,time,price,change,volume,amount,type
0,15:00:00,9.35,--,0,0,卖盘
1,15:00:00,9.35,-0.01,0,0,卖盘
2,14:59:59,9.36,0.01,18,16848,买盘
3,14:59:56,9.35,--,8,7480,买盘
4,14:59:53,9.35,--,1,935,买盘
5,14:59:50,9.35,0.02,44,41140,买盘
6,14:59:47,9.33,-0.02,100,93300,卖盘
7,14:59:44,9.35,0.02,10,9350,买盘
8,14:59:38,9.33,-0.04,648,604584,卖盘
9,14:59:35,9.37,0.02,13,12180,买盘
10,14:59:32,9.35,-0.01,57,53295,卖盘
11,14:59:29,9.36,--,38,35568,买盘
12,14:59:23,9.36,--,1,936,买盘
13,14:59:20,9.36,0.01,24,22464,买盘
14,14:59:17,9.35,-0.01,5,4675,卖盘
15,14:59:14,9.36,0.01,3,2808,买盘
16,14:59:11,9.35,-0.01,3,2805,卖盘
17,14:59:08,9.36,--,34,31823,买盘
18,14:59:05,9.36,--,33,30887,买盘
19,14:59:02,9.36,0.01,21,19656,买盘
20,14:58:59,9.35,--,32,29920,卖盘
21,14:58:56,9.35,--,27,25245,卖盘
22,14:58:53,9.35,--,46,43010,卖盘
23,14:58:50,9.35,-0.01,72,67320,卖盘
24,14:58:47,9.36,0.01,30,28080,买盘
25,14:58:44,9.35,-0.01,198,185130,卖盘
26,14:58:41,9.36,--,22,20592,买盘
27,14:58:38,9.36,--,11,10296,买盘
28,14:58:35,9.36,--,18,16848,卖盘
29,14:58:32,9.36,0.01,7,6552,买盘
30,14:58:29,9.35,--,8,7480,卖盘
31,14:58:26,9.35,-0.01,207,193545,卖盘
32,14:58:23,9.36,0.01,14,13104,买盘
33,14:58:20,9.35,-0.01,96,89760,卖盘
34,14:58:17,9.36,--,3,2808,卖盘
35,14:58:11,9.36,--,54,50544,卖盘
36,14:58:05,9.36,-0.02,152,142272,卖盘
37,14:57:59,9.38,--,20,18760,买盘
38,14:57:56,9.38,--,5,4690,买盘
39,14:57:53,9.38,0.02,3,2814,买盘
40,14:57:50,9.36,-0.03,83,77688,卖盘
41,14:57:47,9.39,0.01,1,939,买盘
42,14:57:44,9.38,--,125,117250,卖盘
43,14:57:41,9.38,-0.01,5,4690,卖盘
44,14:57:38,9.39,0.01,5,4695,买盘
45,14:57:35,9.38,-0.01,27,25326,卖盘
46,14:57:32,9.39,--,10,9390,买盘
47,14:57:29,9.39,0.01,19,17841,买盘
48,14:57:26,9.38,--,110,103180,卖盘
49,14:57:23,9.38,-0.01,2,1876,卖盘
50,14:57:14,9.39,0.01,37,34743,买盘
51,14:57:11,9.38,-0.01,13,12194,卖盘
52,14:56:59,9.39,--,67,62913,买盘
53,14:56:53,9.39,--,18,16902,买盘
54,14:56:50,9.39,--,77,72772,卖盘
55,14:56:44,9.39,--,225,211275,卖盘
56,14:56:40,9.39,-0.01,28,26292,卖盘
57,14:56:37,9.4,--,266,250040,买盘
58,14:56:34,9.4,0.01,15,14100,买盘
59,14:56:28,9.39,-0.01,20,18780,卖盘
60,14:56:25,9.4,0.01,25,23500,买盘
61,14:56:22,9.39,--,18,16902,卖盘
62,14:56:19,9.39,--,2,1878,卖盘
63,14:56:13,9.39,--,20,18780,卖盘
64,14:56:07,9.39,--,67,63382,买盘
65,14:56:04,9.39,--,29,27700,卖盘
66,14:55:58,9.39,--,13,12207,卖盘
67,14:55:55,9.39,0.01,36,34273,买盘
68,14:55:52,9.38,-0.01,116,108808,卖盘
69,14:55:49,9.39,0.01,115,107985,买盘
70,14:55:46,9.38,--,51,47838,卖盘
71,14:55:43,9.38,--,6,5628,卖盘
72,14:55:40,9.38,--,2,1876,卖盘
73,14:55:34,9.38,--,17,15946,卖盘
74,14:55:25,9.38,0.03,45,42210,买盘
75,14:55:22,9.35,-0.03,15,14501,卖盘
76,14:55:19,9.38,0.03,16,15008,买盘
77,14:55:16,9.35,-0.02,183,171105,卖盘
78,14:55:13,9.37,--,5,4685,卖盘
79,14:55:10,9.37,--,1,936,卖盘
80,14:55:07,9.37,--,1,936,卖盘
81,14:55:01,9.37,-0.01,50,46887,卖盘
82,14:54:58,9.38,--,20,18760,买盘
83,14:54:52,9.38,--,40,37520,买盘
84,14:54:49,9.38,-0.01,37,35606,卖盘
85,14:54:46,9.39,0.01,308,289212,买盘
86,14:54:43,9.38,-0.01,80,75509,卖盘
87,14:54:40,9.39,0.01,7,6573,买盘
88,14:54:34,9.38,-0.01,10,9380,卖盘
89,14:54:31,9.39,0.01,79,74688,买盘
90,14:54:22,9.38,-0.01,71,66598,卖盘
91,14:54:10,9.39,0.01,277,260103,买盘
92,14:54:07,9.38,-0.01,14,13132,卖盘
93,14:54:04,9.39,--,14,13146,买盘
94,14:53:58,9.39,0.01,9,8451,买盘
95,14:53:52,9.38,-0.01,29,27202,卖盘
96,14:53:49,9.39,--,30,28170,买盘
97,14:53:46,9.39,0.01,11,10329,买盘
98,14:53:40,9.38,-0.01,2,1876,卖盘
99,14:53:37,9.39,--,10,9390,买盘
100,14:53:34,9.39,--,7,6573,买盘
101,14:53:28,9.39,--,79,74612,卖盘
102,14:53:22,9.39,--,5,4695,卖盘
103,14:53:19,9.39,0.01,271,254976,买盘
104,14:53:16,9.38,-0.01,5,4690,卖盘
105,14:53:13,9.39,--,39,36621,买盘
106,14:53:01,9.39,0.02,148,138972,买盘
107,14:52:58,9.37,--,0,0,卖盘
108,14:52:55,9.37,-0.02,34,31857,卖盘
109,14:52:52,9.39,--,67,62913,买盘
110,14:52:43,9.39,-0.01,26,24414,卖盘
111,14:52:40,9.4,0.01,2,1880,买盘
112,14:52:28,9.39,0.02,180,169020,买盘
113,14:52:22,9.37,-0.01,152,142424,卖盘
114,14:52:19,9.38,--,105,98490,买盘
115,14:52:10,9.38,--,5,4690,买盘
116,14:52:04,9.38,--,1,938,买盘
117,14:52:01,9.38,--,0,0,买盘
118,14:51:58,9.38,--,0,0,中性盘
119,14:51:55,9.38,0.02,5,4690,中性盘
120,14:51:52,9.36,-0.02,22,20592,卖盘
121,14:51:49,9.38,--,19,17822,买盘
122,14:51:46,9.38,0.02,60,56280,买盘
123,14:51:43,9.36,--,52,48672,卖盘
124,14:51:40,9.36,--,0,0,卖盘
125,14:51:31,9.36,-0.02,6,5616,卖盘
126,14:51:28,9.38,--,8,7504,买盘
127,14:51:22,9.38,0.02,24,22512,买盘
128,14:51:19,9.36,--,36,33696,卖盘
129,14:51:13,9.36,--,39,36504,卖盘
130,14:51:10,9.36,-0.02,61,57096,卖盘
131,14:51:04,9.38,0.02,11,10318,买盘
132,14:50:58,9.36,--,10,9360,卖盘
133,14:50:55,9.36,0.01,4,3744,卖盘
134,14:50:52,9.35,0.01,18,17606,买盘
135,14:50:49,9.34,--,102,95268,卖盘
136,14:50:40,9.34,--,10,9340,卖盘
137,14:50:31,9.34,--,5,4670,买盘
138,14:50:28,9.34,0.01,5,4670,卖盘
139,14:50:22,9.33,-0.02,6,5598,卖盘
140,14:50:19,9.35,0.01,258,241230,买盘
141,14:50:16,9.34,--,16,14944,买盘
142,14:50:10,9.34,--,4,3736,买盘
143,14:50:07,9.34,-0.01,12,11208,卖盘
144,14:50:04,9.35,0.01,7,6545,买盘
145,14:50:00,9.34,--,77,71918,卖盘
146,14:49:55,9.34,-0.01,14,13076,卖盘
147,14:49:52,9.35,--,11,10285,买盘
148,14:49:48,9.35,--,18,16830,买盘
149,14:49:42,9.35,--,10,9350,买盘
150,14:49:36,9.35,0.01,1,935,买盘
151,14:49:33,9.34,-0.01,36,33624,卖盘
152,14:49:30,9.35,0.01,19,17765,买盘
153,14:49:27,9.34,-0.01,44,41096,卖盘
154,14:49:24,9.35,--,3,2805,买盘
155,14:49:18,9.35,--,1,935,买盘
156,14:49:15,9.35,-0.03,268,250738,卖盘
157,14:49:03,9.38,--,2,1876,买盘
158,14:49:00,9.38,0.03,8,7504,卖盘
159,14:48:57,9.35,--,0,0,卖盘
160,14:48:54,9.35,-0.04,3,2805,卖盘
161,14:48:51,9.39,0.04,104,97656,买盘
162,14:48:45,9.35,-0.03,38,35997,卖盘
163,14:48:42,9.38,0.03,50,46900,买盘
164,14:48:39,9.35,--,4,3740,卖盘
165,14:48:33,9.35,-0.03,92,86328,卖盘
166,14:48:30,9.38,0.03,5,4690,买盘
167,14:48:24,9.35,--,0,0,卖盘
168,14:48:21,9.35,--,121,113135,买盘
169,14:48:18,9.35,--,49,45815,买盘
170,14:48:15,9.35,--,1,935,买盘
171,14:48:12,9.35,--,20,18700,买盘
172,14:48:09,9.35,0.01,9,8415,卖盘
173,14:48:06,9.34,--,0,0,卖盘
174,14:48:03,9.34,-0.01,94,87796,卖盘
175,14:47:54,9.35,0.01,80,74800,买盘
176,14:47:51,9.34,-0.01,79,73786,卖盘
177,14:47:48,9.35,0.01,25,23375,买盘
178,14:47:42,9.34,--,36,33624,卖盘
179,14:47:30,9.34,--,3,2802,卖盘
180,14:47:27,9.34,0.01,247,230698,买盘
181,14:47:24,9.33,0.01,1,933,买盘
182,14:47:21,9.32,-0.01,209,194788,卖盘
183,14:47:12,9.33,--,50,46650,卖盘
184,14:46:51,9.33,-0.01,2,1866,卖盘
185,14:46:48,9.34,0.01,33,30822,买盘
186,14:46:45,9.33,--,1,933,卖盘
187,14:46:36,9.33,--,5,4665,卖盘
188,14:46:33,9.33,--,24,22392,卖盘
189,14:46:30,9.33,0.02,130,121290,买盘
190,14:46:24,9.31,-0.02,127,118237,卖盘
191,14:46:18,9.33,--,10,9330,买盘
192,14:46:15,9.33,0.02,4,3732,买盘
193,14:46:12,9.31,--,0,0,卖盘
194,14:46:09,9.31,-0.02,36,33516,卖盘
195,14:46:06,9.33,0.02,31,28923,买盘
196,14:46:00,9.31,-0.02,39,36309,卖盘
197,14:45:54,9.33,0.01,54,50382,买盘
198,14:45:51,9.32,-0.01,1,932,卖盘
199,14:45:45,9.33,0.01,21,19593,买盘
200,14:45:42,9.32,--,1,932,卖盘
201,14:45:39,9.32,--,21,19572,卖盘
202,14:45:33,9.32,-0.01,122,113704,卖盘
203,14:45:30,9.33,--,1,933,买盘
204,14:45:27,9.33,--,3,2799,买盘
205,14:45:24,9.33,0.02,125,116625,买盘
206,14:45:17,9.31,--,6,5586,卖盘
207,14:45:14,9.31,-0.01,20,18620,卖盘
208,14:45:11,9.32,--,229,213428,买盘
209,14:45:02,9.32,--,34,31688,买盘
210,14:44:59,9.32,--,11,10252,买盘
211,14:44:53,9.32,--,11,10252,买盘
212,14:44:50,9.32,--,41,38212,买盘
213,14:44:47,9.32,0.01,69,64308,卖盘
214,14:44:44,9.31,-0.01,122,113582,卖盘
215,14:44:41,9.32,--,11,10252,卖盘
216,14:44:35,9.32,--,44,41008,卖盘
217,14:44:29,9.32,--,53,49396,卖盘
218,14:44:26,9.32,0.01,416,387712,买盘
219,14:44:14,9.31,-0.01,10,9310,卖盘
220,14:44:11,9.32,0.01,19,17708,买盘
221,14:44:08,9.31,--,54,50274,卖盘
222,14:44:05,9.31,--,91,84721,卖盘
223,14:44:02,9.31,-0.01,10,9310,卖盘
224,14:43:59,9.32,0.01,23,21436,买盘
225,14:43:56,9.31,--,140,130340,卖盘
226,14:43:53,9.31,-0.01,24,22344,卖盘
227,14:43:50,9.32,--,9,8388,买盘
228,14:43:44,9.32,0.01,7,6524,买盘
229,14:43:38,9.31,0.01,3,2793,卖盘
230,14:43:35,9.3,--,514,478847,卖盘
231,14:43:32,9.3,--,6,5580,卖盘
232,14:43:29,9.3,--,68,63240,卖盘
233,14:43:23,9.3,--,420,390600,卖盘
234,14:43:20,9.3,--,1,930,卖盘
235,14:43:17,9.3,-0.01,1384,1287120,卖盘
236,14:43:11,9.31,--,68,63308,买盘
237,14:43:08,9.31,0.01,3,2793,买盘
238,14:43:05,9.3,-0.01,129,119970,卖盘
239,14:43:02,9.31,0.01,20,18620,买盘
240,14:42:59,9.3,0.01,424,394840,买盘
241,14:42:56,9.29,-0.01,109,101669,卖盘
242,14:42:53,9.3,--,214,199020,买盘
243,14:42:50,9.3,--,225,209250,买盘
244,14:42:47,9.3,0.01,10,9300,买盘
245,14:42:44,9.29,-0.01,36,33444,卖盘
246,14:42:41,9.3,--,20,18600,买盘
247,14:42:35,9.3,0.01,14,13020,买盘
248,14:42:32,9.29,-0.01,355,329794,卖盘
249,14:42:29,9.3,--,36,33480,买盘
250,14:42:26,9.3,--,75,69750,买盘
251,14:42:23,9.3,--,219,203670,卖盘
252,14:42:20,9.3,-0.01,8,7440,卖盘
253,14:42:17,9.31,0.01,2,1862,买盘
254,14:42:14,9.3,-0.01,134,124620,卖盘
255,14:42:11,9.31,--,159,148029,买盘
256,14:42:08,9.31,--,10,9310,买盘
257,14:42:05,9.31,0.01,2,1862,买盘
258,14:42:02,9.3,-0.01,1,930,卖盘
259,14:41:59,9.31,0.01,20,18620,买盘
260,14:41:56,9.3,-0.01,4,3720,卖盘
261,14:41:53,9.31,--,17,15827,买盘
262,14:41:50,9.31,--,12,11172,买盘
263,14:41:47,9.31,--,10,9310,买盘
264,14:41:44,9.31,--,10,9310,买盘
265,14:41:35,9.31,--,21,19551,买盘
266,14:41:32,9.31,0.02,17,15827,买盘
267,14:41:29,9.29,-0.01,469,435700,卖盘
268,14:41:23,9.3,-0.01,127,118110,卖盘
269,14:41:17,9.31,--,11,10241,买盘
270,14:41:14,9.31,--,30,27930,买盘
271,14:41:11,9.31,--,630,586530,买盘
272,14:41:08,9.31,--,6,5586,买盘
273,14:41:05,9.31,--,28,26068,买盘
274,14:41:02,9.31,0.01,1,931,中性盘
275,14:40:59,9.3,-0.01,36,33480,卖盘
276,14:40:56,9.31,--,10,9310,买盘
277,14:40:53,9.31,--,56,52136,卖盘
278,14:40:50,9.31,-0.01,3,2793,卖盘
279,14:40:47,9.32,--,70,65240,买盘
280,14:40:41,9.32,0.02,32,29824,买盘
281,14:40:38,9.3,--,48,44640,卖盘
282,14:40:35,9.3,-0.02,156,145080,卖盘
283,14:40:32,9.32,0.02,62,57784,中性盘
284,14:40:29,9.3,-0.02,465,432450,卖盘
285,14:40:26,9.32,-0.01,24,22368,卖盘
286,14:40:20,9.33,0.01,8,7464,买盘
287,14:40:17,9.32,0.01,1,932,中性盘
288,14:40:14,9.31,-0.01,67,62377,卖盘
289,14:40:05,9.32,0.01,15,13980,买盘
290,14:39:47,9.31,--,153,142443,卖盘
291,14:39:44,9.31,--,17,15827,卖盘
292,14:39:41,9.31,--,80,74480,卖盘
293,14:39:35,9.31,--,18,16758,卖盘
294,14:39:32,9.31,0.01,41,38171,买盘
295,14:39:29,9.3,-0.01,490,455700,卖盘
296,14:39:26,9.31,--,35,32585,买盘
297,14:39:23,9.31,--,25,23275,买盘
298,14:39:20,9.31,-0.01,634,590254,卖盘
299,14:39:17,9.32,--,95,88540,买盘
300,14:39:10,9.32,--,5,4660,买盘
301,14:39:07,9.32,-0.01,41,38212,卖盘
302,14:39:01,9.33,0.01,193,180069,买盘
303,14:38:56,9.32,-0.01,52,48464,卖盘
304,14:38:52,9.33,-0.01,62,57846,卖盘
305,14:38:46,9.34,--,7,6538,卖盘
306,14:38:41,9.34,0.04,214,199876,买盘
307,14:38:34,9.3,--,0,0,卖盘
308,14:38:31,9.3,-0.02,467,434310,卖盘
309,14:38:28,9.32,--,67,62444,卖盘
310,14:38:25,9.32,0.02,7,6524,卖盘
311,14:38:10,9.3,--,142,132060,卖盘
312,14:38:07,9.3,-0.02,10,9300,卖盘
313,14:38:04,9.32,0.02,5,4660,买盘
314,14:37:58,9.3,--,10,9300,卖盘
315,14:37:55,9.3,0.01,154,143220,卖盘
316,14:37:52,9.29,-0.01,221,205829,卖盘
317,14:37:49,9.3,--,55,51150,买盘
318,14:37:46,9.3,--,4,3720,买盘
319,14:37:43,9.3,--,30,27900,买盘
320,14:37:40,9.3,--,20,18600,买盘
321,14:37:37,9.3,--,22,20460,买盘
322,14:37:34,9.3,--,174,161820,买盘
323,14:37:31,9.3,--,264,245929,卖盘
324,14:37:28,9.3,--,0,0,卖盘
325,14:37:25,9.3,--,60,55800,卖盘
326,14:37:22,9.3,-0.02,1000,930000,卖盘
327,14:37:19,9.32,0.01,1,932,卖盘
328,14:37:13,9.31,--,0,0,卖盘
329,14:37:10,9.31,0.01,39,36309,买盘
330,14:37:07,9.3,-0.05,300,279000,卖盘
331,14:37:04,9.35,0.01,12,11220,买盘
332,14:37:01,9.34,--,4,3736,卖盘
333,14:36:58,9.34,-0.01,2,1868,卖盘
334,14:36:55,9.35,0.01,8,7480,买盘
335,14:36:52,9.34,--,101,94334,卖盘
336,14:36:46,9.34,--,121,113014,卖盘
337,14:36:43,9.34,--,276,257784,买盘
338,14:36:40,9.34,0.03,10,9340,买盘
339,14:36:37,9.31,--,12,11172,卖盘
340,14:36:34,9.31,--,0,0,卖盘
341,14:36:31,9.31,-0.01,465,432915,卖盘
342,14:36:28,9.32,--,0,0,卖盘
343,14:36:25,9.32,-0.01,122,113704,卖盘
344,14:36:22,9.33,-0.01,3,2799,卖盘
345,14:36:19,9.34,0.02,3,2802,买盘
346,14:36:16,9.32,--,4,3728,买盘
347,14:36:13,9.32,--,81,75492,买盘
348,14:36:10,9.32,--,4,3728,买盘
349,14:36:07,9.32,--,4,3728,买盘
350,14:36:04,9.32,-0.02,55,51260,卖盘
351,14:36:01,9.34,0.02,16,14944,买盘
352,14:35:58,9.32,-0.02,36,33552,卖盘
353,14:35:55,9.34,--,8,7472,买盘
354,14:35:52,9.34,--,8,7472,卖盘
355,14:35:49,9.34,0.03,1,934,卖盘
356,14:35:40,9.31,--,0,0,卖盘
357,14:35:37,9.31,-0.04,128,119168,卖盘
358,14:35:34,9.35,0.03,651,608685,买盘
359,14:35:31,9.32,--,228,212496,卖盘
360,14:35:28,9.32,-0.02,39,36348,卖盘
361,14:35:25,9.34,-0.01,58,54172,卖盘
362,14:35:22,9.35,0.01,5,4675,买盘
363,14:35:19,9.34,--,6,5604,买盘
364,14:35:10,9.34,--,4,3736,卖盘
365,14:35:04,9.34,-0.01,10,9340,卖盘
366,14:35:01,9.35,--,8,7480,买盘
367,14:34:58,9.35,0.03,320,299200,买盘
368,14:34:52,9.32,--,0,0,卖盘
369,14:34:49,9.32,--,7,6524,卖盘
370,14:34:46,9.32,-0.01,737,686884,卖盘
371,14:34:43,9.33,--,90,83970,卖盘
372,14:34:40,9.33,-0.01,12,11196,卖盘
373,14:34:37,9.34,--,5,4670,买盘
374,14:34:34,9.34,--,0,0,买盘
375,14:34:31,9.34,--,477,445518,买盘
376,14:34:25,9.34,--,51,47634,买盘
377,14:34:22,9.34,0.01,2,1868,买盘
378,14:34:19,9.33,-0.01,1,933,卖盘
379,14:34:16,9.34,--,2,1868,买盘
380,14:34:13,9.34,--,55,51370,买盘
381,14:34:10,9.34,--,10,9340,买盘
382,14:34:07,9.34,--,115,107410,买盘
383,14:34:04,9.34,0.01,10,9340,买盘
384,14:33:58,9.33,-0.01,137,127821,卖盘
385,14:33:55,9.34,--,8,7472,买盘
386,14:33:52,9.34,0.01,6,5604,买盘
387,14:33:49,9.33,-0.01,30,27990,卖盘
388,14:33:43,9.34,0.02,9,8406,买盘
389,14:33:40,9.32,-0.01,83,77356,卖盘
390,14:33:37,9.33,0.01,1,933,买盘
391,14:33:34,9.32,--,15,13980,卖盘
392,14:33:31,9.32,--,456,424992,卖盘
393,14:33:25,9.32,--,0,0,卖盘
394,14:33:22,9.32,--,100,93200,卖盘
395,14:33:16,9.32,--,54,50328,卖盘
396,14:33:13,9.32,--,0,0,卖盘
397,14:33:10,9.32,-0.03,74,68968,卖盘
398,14:33:07,9.35,0.02,146,136510,买盘
399,14:33:04,9.33,--,10,9330,买盘
400,14:32:58,9.33,--,24,22392,买盘
401,14:32:55,9.33,-0.01,406,378798,卖盘
402,14:32:52,9.34,--,2,1868,买盘
403,14:32:49,9.34,0.02,6,5604,买盘
404,14:32:46,9.32,--,0,0,卖盘
405,14:32:43,9.32,-0.02,73,68036,卖盘
406,14:32:40,9.34,0.01,1482,1384188,买盘
407,14:32:37,9.33,--,8,7464,买盘
408,14:32:34,9.33,-0.01,5,4665,中性盘
409,14:32:31,9.34,--,467,436178,买盘
410,14:32:28,9.34,--,56,52304,买盘
411,14:32:25,9.34,--,83,77522,买盘
412,14:32:19,9.34,--,70,65380,买盘
413,14:32:16,9.34,--,132,123288,买盘
414,14:32:13,9.34,--,69,64446,卖盘
415,14:32:10,9.34,--,16,14944,卖盘
416,14:32:06,9.34,--,3,2802,卖盘
417,14:32:04,9.34,-0.01,6,5604,卖盘
418,14:32:00,9.35,--,53,49555,买盘
419,14:31:54,9.35,--,77,71995,卖盘
420,14:31:51,9.35,--,10,9350,卖盘
421,14:31:48,9.35,0.01,30,28050,买盘
422,14:31:45,9.34,-0.01,700,653800,卖盘
423,14:31:42,9.35,-0.01,4,3740,买盘
424,14:31:39,9.36,0.02,200,187200,买盘
425,14:31:36,9.34,-0.01,3,2802,卖盘
426,14:31:33,9.35,-0.01,7,6545,卖盘
427,14:31:30,9.36,--,531,497015,买盘
428,14:31:27,9.36,0.02,10,9360,买盘
429,14:31:24,9.34,-0.03,175,163450,卖盘
430,14:31:18,9.37,--,51,47786,买盘
431,14:31:15,9.37,--,0,0,买盘
432,14:31:12,9.37,0.01,4,3747,买盘
433,14:31:09,9.36,--,134,125423,卖盘
434,14:31:03,9.36,--,1,936,卖盘
435,14:30:57,9.36,--,50,46800,买盘
436,14:30:51,9.36,0.01,1,936,买盘
437,14:30:48,9.35,-0.01,613,573155,卖盘
438,14:30:45,9.36,0.01,36,33696,买盘
439,14:30:42,9.35,-0.02,36,33660,卖盘
440,14:30:36,9.37,0.01,14,13117,买盘
441,14:30:33,9.36,0.01,150,140400,卖盘
442,14:30:30,9.35,-0.02,475,444125,卖盘
443,14:30:27,9.37,--,10,9370,买盘
444,14:30:24,9.37,0.01,3,2810,买盘
445,14:30:18,9.36,-0.01,101,94536,卖盘
446,14:30:15,9.37,--,11,10307,买盘
447,14:30:12,9.37,--,5,4685,买盘
448,14:30:09,9.37,--,43,40291,买盘
449,14:30:06,9.37,--,2,1873,买盘
450,14:30:03,9.37,--,2,1873,买盘
451,14:30:00,9.37,0.01,8,7495,买盘
452,14:29:57,9.36,-0.01,5,4680,卖盘
453,14:29:54,9.37,-0.01,34,31857,卖盘
454,14:29:51,9.38,0.02,1007,944566,买盘
455,14:29:42,9.36,--,7,6552,买盘
456,14:29:39,9.36,--,143,133848,卖盘
457,14:29:36,9.36,--,0,0,卖盘
458,14:29:30,9.36,-0.02,457,427752,卖盘
459,14:29:21,9.38,0.02,10,9380,买盘
460,14:29:18,9.36,-0.01,300,280800,卖盘
461,14:29:15,9.37,--,29,27172,卖盘
462,14:29:12,9.37,--,3,2810,卖盘
463,14:29:09,9.37,--,0,0,卖盘
464,14:29:06,9.37,--,1,936,卖盘
465,14:29:03,9.37,--,18,16866,买盘
466,14:29:00,9.37,0.01,41,38417,买盘
467,14:28:57,9.36,-0.01,300,280800,卖盘
468,14:28:54,9.37,--,25,23424,买盘
469,14:28:51,9.37,--,152,142424,买盘
470,14:28:48,9.37,--,28,26235,买盘
471,14:28:45,9.37,--,413,386980,卖盘
472,14:28:42,9.37,-0.01,100,93699,卖盘
473,14:28:39,9.38,-0.01,1,938,卖盘
474,14:28:36,9.39,0.01,10,9390,买盘
475,14:28:30,9.38,--,465,436170,卖盘
476,14:28:27,9.38,-0.01,39,36582,卖盘
477,14:28:18,9.39,0.01,400,375600,买盘
478,14:28:12,9.38,0.01,20,18760,买盘
479,14:28:09,9.37,--,34,31857,卖盘
480,14:28:06,9.37,-0.01,3,2810,卖盘
481,14:27:57,9.38,0.01,8,7504,买盘
482,14:27:51,9.37,-0.01,145,135865,卖盘
483,14:27:45,9.38,--,57,53466,买盘
484,14:27:42,9.38,0.02,16,15008,卖盘
485,14:27:30,9.36,--,457,427752,卖盘
486,14:27:27,9.36,--,0,0,卖盘
487,14:27:21,9.36,--,0,0,卖盘
488,14:27:17,9.36,-0.03,166,155376,卖盘
489,14:27:12,9.39,0.01,14,13146,买盘
490,14:27:08,9.38,--,14,13132,卖盘
491,14:27:06,9.38,--,10,9380,卖盘
492,14:27:02,9.38,--,7,6566,卖盘
493,14:26:51,9.38,-0.01,513,481194,卖盘
494,14:26:47,9.39,--,5,4695,卖盘
495,14:26:44,9.39,0.01,1,939,卖盘
496,14:26:38,9.38,--,11,10318,卖盘
497,14:26:35,9.38,-0.04,39,36582,卖盘
498,14:26:32,9.42,0.04,10,9420,买盘
499,14:26:29,9.38,-0.02,458,429604,卖盘
500,14:26:26,9.4,--,10,9400,卖盘
501,14:26:17,9.4,--,50,47000,卖盘
502,14:26:14,9.4,--,14,13160,买盘
503,14:26:11,9.4,--,5,4700,买盘
504,14:26:08,9.4,-0.02,81,76140,卖盘
505,14:26:02,9.42,0.01,146,137532,买盘
506,14:25:59,9.41,--,0,0,卖盘
507,14:25:53,9.41,-0.03,2,1882,卖盘
508,14:25:50,9.44,--,17,16048,买盘
509,14:25:44,9.44,--,8,7552,买盘
510,14:25:41,9.44,0.03,2,1888,买盘
511,14:25:38,9.41,--,174,163734,卖盘
512,14:25:32,9.41,0.03,36,33876,卖盘
513,14:25:29,9.38,-0.07,522,489636,卖盘
514,14:25:26,9.45,0.05,2,1889,买盘
515,14:25:23,9.4,--,47,44180,卖盘
516,14:25:08,9.4,--,130,122200,卖盘
517,14:25:05,9.4,--,9,8460,卖盘
518,14:25:02,9.4,--,31,29140,卖盘
519,14:24:59,9.4,-0.01,1000,940000,卖盘
520,14:24:56,9.41,--,0,0,卖盘
521,14:24:50,9.41,-0.04,39,36699,卖盘
522,14:24:44,9.45,0.04,7,6614,买盘
523,14:24:32,9.41,--,0,0,卖盘
524,14:24:29,9.41,-0.01,456,429096,卖盘
525,14:24:26,9.42,--,6,5652,卖盘
526,14:24:20,9.42,0.01,10,9420,买盘
527,14:24:17,9.41,-0.01,130,122330,卖盘
528,14:24:11,9.42,0.01,110,103620,买盘
529,14:24:08,9.41,-0.01,16,15056,卖盘
530,14:24:05,9.42,0.01,2,1884,买盘
531,14:24:02,9.41,-0.01,35,32935,卖盘
532,14:23:53,9.42,--,8,7536,买盘
533,14:23:50,9.42,--,14,13188,买盘
534,14:23:47,9.42,0.01,61,57462,买盘
535,14:23:41,9.41,-0.01,14,13174,卖盘
536,14:23:29,9.42,--,174,163908,卖盘
537,14:23:26,9.42,-0.02,132,124344,卖盘
538,14:23:20,9.44,--,9,8496,卖盘
539,14:23:17,9.44,--,1,944,卖盘
540,14:23:14,9.44,--,47,44368,卖盘
541,14:23:08,9.44,-0.01,39,36816,卖盘
542,14:23:05,9.45,--,565,533925,买盘
543,14:22:59,9.45,--,37,34965,买盘
544,14:22:53,9.45,0.01,4,3779,买盘
545,14:22:50,9.44,--,2,1888,卖盘
546,14:22:44,9.44,0.03,3,2832,中性盘
547,14:22:41,9.41,-0.03,58,54578,卖盘
548,14:22:38,9.44,0.03,3,2832,买盘
549,14:22:35,9.41,--,130,122330,卖盘
550,14:22:29,9.41,-0.01,458,430978,卖盘
551,14:22:08,9.42,-0.02,36,33912,卖盘
552,14:22:02,9.44,--,12,11328,买盘
553,14:21:56,9.44,0.02,8,7552,买盘
554,14:21:53,9.42,-0.02,100,94200,卖盘
555,14:21:50,9.44,--,22,21240,卖盘
556,14:21:47,9.44,0.02,5,4720,买盘
557,14:21:44,9.42,--,145,136590,卖盘
558,14:21:41,9.42,-0.03,1,942,卖盘
559,14:21:38,9.45,0.04,20,18900,买盘
560,14:21:29,9.41,-0.01,414,389574,卖盘
561,14:21:26,9.42,--,59,55578,卖盘
562,14:21:20,9.42,--,39,36738,卖盘
563,14:21:14,9.42,--,30,28260,卖盘
564,14:21:08,9.42,-0.01,11,10362,卖盘
565,14:21:05,9.43,0.01,2,1886,买盘
566,14:21:02,9.42,--,0,0,卖盘
567,14:20:53,9.42,-0.02,1,942,卖盘
568,14:20:50,9.44,0.03,2,1888,买盘
569,14:20:46,9.41,-0.01,185,174085,卖盘
570,14:20:41,9.42,--,0,0,卖盘
571,14:20:32,9.42,--,457,430494,卖盘
572,14:20:26,9.42,0.01,43,40506,卖盘
573,14:20:19,9.41,--,0,0,卖盘
574,14:20:10,9.41,--,9,8469,卖盘
575,14:20:07,9.41,--,14,13174,卖盘
576,14:20:04,9.41,--,6,5646,卖盘
577,14:19:58,9.41,--,1,941,卖盘
578,14:19:55,9.41,--,132,124212,卖盘
579,14:19:52,9.41,-0.04,9,8469,卖盘
580,14:19:49,9.45,--,10,9450,买盘
581,14:19:46,9.45,0.04,7,6614,买盘
582,14:19:37,9.41,--,38,35758,卖盘
583,14:19:31,9.41,-0.04,457,430037,卖盘
584,14:19:28,9.45,0.03,7,6614,买盘
585,14:19:10,9.42,--,14,13188,卖盘
586,14:19:04,9.42,-0.03,130,122460,卖盘
587,14:18:55,9.45,--,3,2835,买盘
588,14:18:52,9.45,0.03,4,3779,买盘
589,14:18:46,9.42,--,0,0,卖盘
590,14:18:40,9.42,-0.02,36,33912,卖盘
591,14:18:37,9.44,--,4,3776,卖盘
592,14:18:34,9.44,--,1,944,卖盘
593,14:18:31,9.44,0.01,470,443680,买盘
594,14:18:19,9.43,--,0,0,卖盘
595,14:18:13,9.43,-0.03,145,136735,卖盘
596,14:18:07,9.46,0.02,1,946,买盘
597,14:18:04,9.44,0.01,6,5664,卖盘
598,14:17:52,9.43,-0.03,38,35834,卖盘
599,14:17:46,9.46,--,114,107844,买盘
600,14:17:43,9.46,0.03,34,32164,买盘
601,14:17:40,9.43,-0.03,15,14145,卖盘
602,14:17:34,9.46,0.03,6,5676,买盘
603,14:17:31,9.43,-0.02,456,430008,卖盘
604,14:17:25,9.45,--,13,12284,买盘
605,14:17:22,9.45,0.01,7,6614,买盘
606,14:17:16,9.44,-0.01,142,134048,卖盘
607,14:17:10,9.45,--,0,0,卖盘
608,14:17:07,9.45,--,20,18900,卖盘
609,14:16:58,9.45,--,36,34020,卖盘
610,14:16:49,9.45,--,13,12284,卖盘
611,14:16:43,9.45,--,1,944,卖盘
612,14:16:40,9.45,--,181,171517,卖盘
613,14:16:37,9.45,0.03,23,21735,买盘
614,14:16:31,9.42,-0.02,457,430494,卖盘
615,14:16:25,9.44,0.02,26,24544,买盘
616,14:16:22,9.42,--,0,0,卖盘
617,14:16:19,9.42,-0.02,174,163908,卖盘
618,14:16:16,9.44,0.01,8,7552,买盘
619,14:16:10,9.43,-0.01,1,943,卖盘
620,14:15:49,9.44,0.01,114,107616,买盘
621,14:15:46,9.43,-0.02,11,10373,卖盘
622,14:15:43,9.45,--,0,0,买盘
623,14:15:31,9.45,0.02,17,16064,买盘
624,14:15:28,9.43,-0.03,472,445096,卖盘
625,14:15:25,9.46,--,7,6622,买盘
626,14:15:22,9.46,0.01,32,30272,买盘
627,14:15:19,9.45,-0.01,2,1889,中性盘
628,14:15:16,9.46,--,43,40678,买盘
629,14:15:10,9.46,--,33,31218,买盘
630,14:15:07,9.46,0.01,1,946,买盘
631,14:14:49,9.45,-0.01,10,9450,卖盘
632,14:14:43,9.46,0.01,45,42570,买盘
633,14:14:40,9.45,0.02,8,7559,买盘
634,14:14:37,9.43,-0.02,135,127305,卖盘
635,14:14:31,9.45,0.02,107,101114,买盘
636,14:14:28,9.43,-0.01,479,451697,卖盘
637,14:14:25,9.44,-0.01,38,35872,卖盘
638,14:14:22,9.45,--,8,7559,买盘
639,14:14:16,9.45,0.01,10,9450,买盘
640,14:14:10,9.44,-0.01,77,72688,卖盘
641,14:14:07,9.45,0.01,34,32129,买盘
642,14:13:58,9.44,--,26,24544,卖盘
643,14:13:55,9.44,--,2,1888,卖盘
644,14:13:51,9.44,--,400,377600,卖盘
645,14:13:48,9.44,--,0,0,卖盘
646,14:13:43,9.44,-0.01,142,134048,卖盘
647,14:13:39,9.45,--,9,8505,卖盘
648,14:13:33,9.45,--,58,54809,卖盘
649,14:13:31,9.45,--,0,0,卖盘
650,14:13:27,9.45,-0.02,457,431864,卖盘
651,14:13:25,9.47,--,8,7576,买盘
652,14:13:19,9.47,-0.01,19,17993,卖盘
653,14:13:12,9.48,-0.01,11,10428,买盘
654,14:13:03,9.49,--,0,0,买盘
655,14:13:00,9.49,0.03,1,949,买盘
656,14:12:57,9.46,--,0,0,卖盘
657,14:12:54,9.46,--,21,19866,卖盘
658,14:12:51,9.46,--,130,122980,卖盘
659,14:12:45,9.46,--,0,0,卖盘
660,14:12:42,9.46,-0.03,38,35948,卖盘
661,14:12:33,9.49,0.04,5,4745,买盘
662,14:12:30,9.45,-0.02,418,395009,卖盘
663,14:12:27,9.47,--,50,47350,卖盘
664,14:12:18,9.47,--,22,20834,卖盘
665,14:12:15,9.47,-0.01,22,20834,卖盘
666,14:12:09,9.48,--,7,6636,买盘
667,14:12:06,9.48,0.02,12,11376,中性盘
668,14:12:03,9.46,--,0,0,卖盘
669,14:12:00,9.46,-0.01,145,137170,卖盘
670,14:11:57,9.47,--,10,9470,卖盘
671,14:11:51,9.47,0.01,36,34092,卖盘
672,14:11:42,9.46,--,21,19866,卖盘
673,14:11:30,9.46,-0.02,457,432322,卖盘
674,14:11:27,9.48,-0.01,100,94800,卖盘
675,14:11:21,9.49,0.01,14,13286,买盘
676,14:11:09,9.48,-0.01,9,8532,卖盘
677,14:11:06,9.49,0.02,8,7592,买盘
678,14:11:03,9.47,--,215,203605,卖盘
679,14:11:00,9.47,--,0,0,卖盘
680,14:10:54,9.47,--,10,9470,卖盘
681,14:10:48,9.47,0.01,153,145033,买盘
682,14:10:45,9.46,--,1,946,卖盘
683,14:10:39,9.46,-0.01,18,17028,卖盘
684,14:10:33,9.47,--,13,12311,买盘
685,14:10:30,9.47,--,280,265964,卖盘
686,14:10:24,9.47,--,0,0,卖盘
687,14:10:21,9.47,-0.03,550,521323,卖盘
688,14:10:12,9.5,0.01,184,174800,买盘
689,14:10:06,9.49,-0.01,21,19929,卖盘
690,14:10:03,9.5,0.02,12,11400,买盘
691,14:09:45,9.48,-0.02,9,8532,卖盘
692,14:09:42,9.5,0.02,24,22800,买盘
693,14:09:30,9.48,--,0,0,卖盘
694,14:09:27,9.48,-0.02,458,434184,卖盘
695,14:09:18,9.5,--,38,36100,卖盘
696,14:09:15,9.5,--,198,188100,买盘
697,14:09:09,9.5,--,4,3800,卖盘
698,14:09:06,9.5,--,2,1900,卖盘
699,14:08:57,9.5,0.01,1,950,买盘
700,14:08:54,9.49,--,43,41423,买盘
701,14:08:50,9.49,0.01,2,1898,买盘
702,14:08:47,9.48,--,17,16116,卖盘
703,14:08:44,9.48,--,1,948,卖盘
704,14:08:42,9.48,--,15,14220,卖盘
705,14:08:39,9.48,--,17,16116,卖盘
706,14:08:36,9.48,--,4,3792,卖盘
707,14:08:33,9.48,--,9,8532,买盘
708,14:08:30,9.48,0.02,4,3792,买盘
709,14:08:26,9.46,-0.02,458,433268,卖盘
710,14:08:23,9.48,--,38,36024,买盘
711,14:08:17,9.48,--,2,1896,买盘
712,14:08:14,9.48,-0.01,113,107124,卖盘
713,14:08:08,9.49,0.01,1,949,买盘
714,14:08:02,9.48,-0.01,10,9480,卖盘
715,14:07:59,9.49,0.01,16,15184,买盘
716,14:07:53,9.48,0.01,5,4740,卖盘
717,14:07:50,9.47,--,0,0,卖盘
718,14:07:47,9.47,-0.02,100,94700,卖盘
719,14:07:41,9.49,0.01,2,1898,买盘
720,14:07:38,9.48,-0.01,11,10428,卖盘
721,14:07:35,9.49,0.01,2,1898,买盘
722,14:07:32,9.48,-0.01,99,94183,卖盘
723,14:07:26,9.49,-0.01,457,433693,卖盘
724,14:07:23,9.5,--,30,28500,卖盘
725,14:07:17,9.5,-0.01,1,950,卖盘
726,14:07:14,9.51,0.01,8,7608,买盘
727,14:07:08,9.5,--,7,6650,卖盘
728,14:06:53,9.5,0.01,9,8550,买盘
729,14:06:50,9.49,--,0,0,卖盘
730,14:06:38,9.49,--,36,34164,卖盘
731,14:06:32,9.49,--,183,173667,卖盘
732,14:06:26,9.49,-0.02,458,434642,卖盘
733,14:06:05,9.51,0.02,28,26628,买盘
734,14:06:02,9.49,-0.01,1,949,卖盘
735,14:05:59,9.5,--,20,19000,买盘
736,14:05:56,9.5,0.01,8,7600,买盘
737,14:05:50,9.49,-0.01,38,36062,卖盘
738,14:05:47,9.5,--,1,950,卖盘
739,14:05:44,9.5,0.01,20,19000,卖盘
740,14:05:32,9.49,--,0,0,卖盘
741,14:05:26,9.49,-0.02,494,468806,卖盘
742,14:05:23,9.51,--,78,74178,卖盘
743,14:05:17,9.51,--,1,951,卖盘
744,14:05:08,9.51,--,14,13314,卖盘
745,14:05:05,9.51,--,1,951,卖盘
746,14:04:59,9.51,--,0,0,卖盘
747,14:04:56,9.51,-0.02,36,34236,卖盘
748,14:04:53,9.53,0.02,7,6671,买盘
749,14:04:47,9.51,--,1,951,卖盘
750,14:04:38,9.51,0.01,5,4755,卖盘
751,14:04:35,9.5,--,0,0,卖盘
752,14:04:32,9.5,--,152,144400,卖盘
753,14:04:26,9.5,-0.02,528,501600,卖盘
754,14:04:11,9.52,--,1,952,卖盘
755,14:04:08,9.52,--,38,36176,卖盘
756,14:04:02,9.52,--,1,952,卖盘
757,14:03:56,9.52,--,1,952,买盘
758,14:03:53,9.52,0.01,8,7616,买盘
759,14:03:32,9.51,0.01,143,135993,卖盘
760,14:03:29,9.5,--,0,0,卖盘
761,14:03:26,9.5,-0.02,456,433200,卖盘
762,14:03:14,9.52,0.01,300,285600,买盘
763,14:03:11,9.51,--,36,34236,卖盘
764,14:03:08,9.51,-0.01,208,197808,卖盘
765,14:03:05,9.52,0.01,12,11424,买盘
766,14:03:02,9.51,-0.01,1,951,卖盘
767,14:02:59,9.52,--,0,0,买盘
768,14:02:53,9.52,0.01,12,11424,买盘
769,14:02:50,9.51,-0.01,1,951,卖盘
770,14:02:47,9.52,0.01,7,6664,买盘
771,14:02:35,9.51,0.01,132,125532,卖盘
772,14:02:29,9.5,--,0,0,卖盘
773,14:02:26,9.5,-0.02,497,472150,卖盘
774,14:02:23,9.52,--,2,1904,买盘
775,14:02:20,9.52,0.01,5,4760,卖盘
776,14:02:14,9.51,--,0,0,卖盘
777,14:02:08,9.51,0.01,8,7608,卖盘
778,14:02:05,9.5,-0.03,2,1900,卖盘
779,14:01:56,9.53,--,0,0,买盘
780,14:01:50,9.53,0.03,7,6671,买盘
781,14:01:44,9.5,-0.02,153,145350,卖盘
782,14:01:38,9.52,--,9,8568,卖盘
783,14:01:32,9.52,0.02,41,39032,中性盘
784,14:01:29,9.5,--,0,0,卖盘
785,14:01:26,9.5,-0.01,456,433200,卖盘
786,14:01:17,9.51,0.01,1,951,中性盘
787,14:01:14,9.5,-0.01,108,103379,卖盘
788,14:01:10,9.51,--,0,0,卖盘
789,14:01:08,9.51,--,1,951,卖盘
790,14:01:04,9.51,--,6,5706,卖盘
791,14:01:01,9.51,--,0,0,中性盘
792,14:00:59,9.51,--,8,7608,买盘
793,14:00:52,9.51,0.01,14,13314,买盘
794,14:00:50,9.5,-0.01,150,142500,卖盘
795,14:00:43,9.51,-0.03,106,100806,卖盘
796,14:00:37,9.54,--,2,1907,卖盘
797,14:00:31,9.54,0.04,4,3815,中性盘
798,14:00:28,9.5,-0.01,459,436050,卖盘
799,14:00:10,9.51,-0.03,3,2853,卖盘
800,14:00:04,9.54,0.05,2,1907,买盘
801,14:00:01,9.49,--,0,0,卖盘
802,13:59:58,9.49,-0.01,137,130013,卖盘
803,13:59:49,9.5,--,36,34200,卖盘
804,13:59:40,9.5,--,1,1738,买盘
805,13:59:37,9.5,--,50,47500,买盘
806,13:59:28,9.5,-0.03,404,383961,卖盘
807,13:59:13,9.53,0.03,24,22872,买盘
808,13:59:04,9.5,--,176,167200,卖盘
809,13:59:01,9.5,--,0,0,卖盘
810,13:58:55,9.5,--,0,0,卖盘
811,13:58:46,9.5,-0.03,88,83913,卖盘
812,13:58:43,9.53,0.03,1,952,买盘
813,13:58:37,9.5,--,5,4750,卖盘
814,13:58:28,9.5,-0.03,456,433200,卖盘
815,13:58:22,9.53,0.02,1007,959670,买盘
816,13:58:16,9.51,--,0,0,卖盘
817,13:58:10,9.51,--,176,167376,卖盘
818,13:58:01,9.51,--,0,0,卖盘
819,13:57:52,9.51,--,4,3804,卖盘
820,13:57:46,9.51,-0.05,5,4755,卖盘
821,13:57:43,9.56,--,0,0,买盘
822,13:57:40,9.56,0.05,7,6692,买盘
823,13:57:31,9.51,--,72,68472,卖盘
824,13:57:28,9.51,-0.01,478,454578,卖盘
825,13:57:19,9.52,-0.01,38,36176,卖盘
826,13:57:16,9.53,--,38,36214,卖盘
827,13:57:10,9.53,-0.03,20,19060,卖盘
828,13:57:07,9.56,0.03,1,956,买盘
829,13:57:01,9.53,--,3,2859,卖盘
830,13:56:52,9.53,--,0,0,中性盘
831,13:56:49,9.53,--,0,0,买盘
832,13:56:46,9.53,-0.03,8,7623,买盘
833,13:56:34,9.56,--,0,0,买盘
834,13:56:31,9.56,0.04,17,16252,买盘
835,13:56:28,9.52,-0.01,457,435064,卖盘
836,13:56:25,9.53,-0.03,166,158198,卖盘
837,13:56:19,9.56,0.03,21,20076,买盘
838,13:56:16,9.53,--,14,13342,卖盘
839,13:56:13,9.53,--,0,0,卖盘
840,13:55:52,9.53,--,0,0,卖盘
841,13:55:40,9.53,0.01,3,2859,买盘
842,13:55:37,9.52,-0.01,188,178976,卖盘
843,13:55:34,9.53,--,153,145809,买盘
844,13:55:28,9.53,-0.01,246,234437,卖盘
845,13:55:25,9.54,-0.03,43,41021,卖盘
846,13:55:16,9.57,--,28,26796,卖盘
847,13:55:13,9.57,0.03,64,61248,买盘
848,13:55:07,9.54,-0.03,3,2861,卖盘
849,13:54:58,9.57,0.03,7,6699,买盘
850,13:54:48,9.54,--,124,118295,买盘
851,13:54:46,9.54,--,7,6677,买盘
852,13:54:40,9.54,0.02,2,1907,买盘
853,13:54:36,9.52,-0.03,36,34272,卖盘
854,13:54:34,9.55,--,358,341890,买盘
855,13:54:31,9.55,--,4,3820,买盘
856,13:54:27,9.55,--,2,1910,买盘
857,13:54:24,9.55,-0.02,141,134655,卖盘
858,13:54:21,9.57,--,5,4785,卖盘
859,13:54:18,9.57,0.01,10,9570,卖盘
860,13:54:15,9.56,--,0,0,卖盘
861,13:54:12,9.56,--,0,0,卖盘
862,13:54:06,9.56,-0.01,38,36328,卖盘
863,13:54:03,9.57,0.02,30,28710,买盘
864,13:53:57,9.55,0.03,57,54435,买盘
865,13:53:54,9.52,--,36,34272,买盘
866,13:53:51,9.52,--,55,52360,买盘
867,13:53:48,9.52,-0.04,38,36176,卖盘
868,13:53:42,9.56,--,0,0,买盘
869,13:53:39,9.56,--,58,55448,买盘
870,13:53:36,9.56,--,0,0,买盘
871,13:53:33,9.56,--,8,7648,买盘
872,13:53:27,9.56,0.05,30,28680,买盘
873,13:53:24,9.51,-0.05,464,441264,卖盘
874,13:53:21,9.56,0.03,3,2868,买盘
875,13:53:18,9.53,-0.03,2,1905,卖盘
876,13:53:15,9.56,0.03,35,33460,买盘
877,13:53:12,9.53,-0.01,19,18583,卖盘
878,13:53:06,9.54,--,0,0,买盘
879,13:53:00,9.54,0.02,10,9540,买盘
880,13:52:57,9.52,-0.02,198,188496,卖盘
881,13:52:51,9.54,0.01,8,7631,买盘
882,13:52:48,9.53,-0.01,2,1905,卖盘
883,13:52:36,9.54,--,0,0,买盘
884,13:52:33,9.54,0.02,7,6677,买盘
885,13:52:30,9.52,--,0,0,卖盘
886,13:52:24,9.52,-0.04,457,435064,卖盘
887,13:52:21,9.56,0.02,3,2868,买盘
888,13:52:12,9.54,--,38,36252,卖盘
889,13:52:09,9.54,--,0,0,卖盘
890,13:52:06,9.54,--,2,1907,卖盘
891,13:52:03,9.54,-0.02,42,40068,卖盘
892,13:51:57,9.56,0.02,20,19120,买盘
893,13:51:54,9.54,--,162,154548,卖盘
894,13:51:45,9.54,-0.01,15,14309,卖盘
895,13:51:36,9.55,--,1,955,卖盘
896,13:51:30,9.55,--,2,1910,卖盘
897,13:51:27,9.55,0.03,1,955,买盘
898,13:51:24,9.52,-0.03,457,435064,卖盘
899,13:51:15,9.55,--,0,0,买盘
900,13:51:12,9.55,--,2,1910,买盘
901,13:51:06,9.55,-0.01,38,36290,买盘
902,13:51:00,9.56,0.03,22,21032,买盘
903,13:50:57,9.53,--,145,138185,卖盘
904,13:50:51,9.53,-0.01,12,11436,卖盘
905,13:50:48,9.54,-0.02,7,6677,卖盘
906,13:50:42,9.56,--,0,0,买盘
907,13:50:39,9.56,0.03,100,95600,买盘
908,13:50:36,9.53,--,0,0,卖盘
909,13:50:33,9.53,--,60,57179,卖盘
910,13:50:30,9.53,--,38,36214,卖盘
911,13:50:24,9.53,0.01,487,464110,买盘
912,13:50:21,9.52,--,4,3808,卖盘
913,13:50:18,9.52,--,1,952,卖盘
914,13:50:15,9.52,--,10,9520,卖盘
915,13:50:03,9.52,--,0,0,卖盘
916,13:50:00,9.52,-0.01,135,128520,卖盘
917,13:49:57,9.53,--,46,43838,卖盘
918,13:49:51,9.53,--,0,0,卖盘
919,13:49:44,9.53,--,11,10483,卖盘
920,13:49:27,9.53,0.01,3,2859,买盘
921,13:49:24,9.52,--,457,435064,卖盘
922,13:49:21,9.52,-0.04,39,37128,卖盘
923,13:49:14,9.56,0.04,1,956,买盘
924,13:49:05,9.52,-0.04,201,191352,卖盘
925,13:48:56,9.56,0.04,7,6692,买盘
926,13:48:26,9.52,--,0,0,卖盘
927,13:48:23,9.52,-0.04,457,435064,卖盘
928,13:48:20,9.56,0.03,19,18164,买盘
929,13:48:16,9.53,-0.01,40,38120,卖盘
930,13:48:13,9.54,--,50,47699,买盘
931,13:48:05,9.54,--,1,953,买盘
932,13:47:58,9.54,--,40,38160,卖盘
933,13:47:53,9.54,-0.02,37,35298,卖盘
934,13:47:44,9.56,0.03,4,3824,买盘
935,13:47:35,9.53,--,0,0,卖盘
936,13:47:23,9.53,-0.03,487,464110,卖盘
937,13:47:16,9.56,0.01,45,43020,买盘
938,13:47:13,9.55,--,28,26740,卖盘
939,13:47:08,9.55,--,216,206280,卖盘
940,13:47:05,9.55,--,21,20055,卖盘
941,13:47:02,9.55,--,10,9550,卖盘
942,13:46:43,9.55,--,766,731530,卖盘
943,13:46:37,9.55,--,3,2865,卖盘
944,13:46:34,9.55,0.02,98,93590,买盘
945,13:46:31,9.53,0.01,5,4765,卖盘
946,13:46:25,9.52,--,0,0,卖盘
947,13:46:22,9.52,-0.03,457,435064,卖盘
948,13:46:20,9.55,0.02,8,7640,买盘
949,13:46:13,9.53,--,0,0,卖盘
950,13:46:07,9.53,--,15,14294,卖盘
951,13:46:05,9.53,-0.02,157,149621,卖盘
952,13:46:01,9.55,--,0,0,买盘
953,13:45:58,9.55,0.02,51,48705,买盘
954,13:45:53,9.53,--,108,102924,卖盘
955,13:45:50,9.53,-0.01,81,77193,卖盘
956,13:45:44,9.54,--,5,4770,买盘
957,13:45:37,9.54,-0.01,899,858122,卖盘
958,13:45:34,9.55,-0.01,7,6685,卖盘
959,13:45:28,9.56,--,20,19120,买盘
960,13:45:22,9.56,-0.01,625,597500,卖盘
961,13:45:16,9.57,--,0,0,卖盘
962,13:45:14,9.57,--,6,5742,卖盘
963,13:45:10,9.57,--,247,236379,卖盘
964,13:45:07,9.57,-0.01,2,1914,卖盘
965,13:45:04,9.58,0.01,4,3832,买盘
966,13:44:40,9.57,-0.01,39,37323,卖盘
967,13:44:37,9.58,0.02,8,7664,卖盘
968,13:44:25,9.56,--,0,0,卖盘
969,13:44:23,9.56,-0.01,517,494252,卖盘
970,13:44:20,9.57,-0.01,43,41151,卖盘
971,13:44:16,9.58,--,7,6706,买盘
972,13:44:13,9.58,0.02,6,5748,买盘
973,13:44:07,9.56,-0.02,37,35372,卖盘
974,13:44:01,9.58,--,15,14370,卖盘
975,13:43:55,9.58,0.01,16,15328,买盘
976,13:43:53,9.57,-0.01,19,18183,卖盘
977,13:43:43,9.58,-0.02,15,14370,买盘
978,13:43:40,9.6,0.03,39,37440,买盘
979,13:43:37,9.57,-0.03,1,957,卖盘
980,13:43:34,9.6,0.03,49,47040,买盘
981,13:43:31,9.57,0.01,2,1914,卖盘
982,13:43:26,9.56,--,0,0,卖盘
983,13:43:19,9.56,--,457,436892,卖盘
984,13:43:10,9.56,--,169,161564,卖盘
985,13:43:07,9.56,--,0,0,卖盘
986,13:43:04,9.56,-0.01,464,443584,卖盘
987,13:42:49,9.57,--,1,957,卖盘
988,13:42:43,9.57,-0.03,10,9570,卖盘
989,13:42:31,9.6,--,0,0,买盘
990,13:42:25,9.6,0.05,8,7680,买盘
991,13:42:22,9.55,-0.01,450,429750,卖盘
992,13:42:19,9.56,-0.04,43,41108,卖盘
993,13:42:16,9.6,--,2,1920,买盘
994,13:42:10,9.6,0.04,12,11520,中性盘
995,13:42:07,9.56,-0.05,147,140532,卖盘
996,13:42:04,9.61,--,2,1922,买盘
997,13:42:01,9.61,0.01,20,19220,买盘
998,13:41:55,9.6,--,0,0,买盘
999,13:41:52,9.6,0.03,56,53760,买盘
1000,13:41:49,9.57,--,0,0,中性盘
1001,13:41:46,9.57,-0.03,51,48807,卖盘
1002,13:41:40,9.6,--,0,0,中性盘
1003,13:41:31,9.6,0.04,1,960,买盘
1004,13:41:19,9.56,-0.05,456,435936,卖盘
1005,13:41:16,9.61,--,0,0,买盘
1006,13:41:13,9.61,0.05,43,41323,买盘
1007,13:41:10,9.56,-0.04,143,136708,卖盘
1008,13:41:07,9.6,0.03,8,7680,买盘
1009,13:41:04,9.57,--,0,0,卖盘
1010,13:40:52,9.57,--,4,3828,卖盘
1011,13:40:49,9.57,--,11,10527,卖盘
1012,13:40:46,9.57,0.02,24,22968,买盘
1013,13:40:40,9.55,--,0,0,卖盘
1014,13:40:37,9.55,-0.01,62,59210,卖盘
1015,13:40:31,9.56,-0.01,10,9560,卖盘
1016,13:40:28,9.57,0.01,25,23925,卖盘
1017,13:40:22,9.56,--,5,4780,卖盘
1018,13:40:19,9.56,-0.01,466,445496,卖盘
1019,13:40:16,9.57,--,188,179916,卖盘
1020,13:40:13,9.57,--,6,5742,卖盘
1021,13:40:07,9.57,--,20,19140,卖盘
1022,13:39:58,9.57,0.01,8,7656,买盘
1023,13:39:49,9.56,-0.01,1,956,卖盘
1024,13:39:46,9.57,0.01,2,1914,买盘
1025,13:39:40,9.56,--,11,10516,买盘
1026,13:39:37,9.56,--,26,24856,卖盘
1027,13:39:34,9.56,-0.01,57,54492,卖盘
1028,13:39:25,9.57,--,20,19140,买盘
1029,13:39:22,9.57,-0.05,420,401940,卖盘
1030,13:39:16,9.62,-0.01,75,72150,卖盘
1031,13:39:13,9.63,--,100,96300,买盘
1032,13:39:10,9.63,--,2,1926,买盘
1033,13:39:07,9.63,--,9,8667,买盘
1034,13:39:04,9.63,0.01,1,963,买盘
1035,13:39:01,9.62,-0.01,41,39442,卖盘
1036,13:38:52,9.63,0.01,2,1926,买盘
1037,13:38:40,9.62,--,55,52909,卖盘
1038,13:38:37,9.62,0.02,84,80808,买盘
1039,13:38:34,9.6,--,2,1920,卖盘
1040,13:38:31,9.6,-0.01,38,36480,卖盘
1041,13:38:25,9.61,0.01,166,159526,买盘
1042,13:38:22,9.6,-0.01,475,456000,卖盘
1043,13:38:19,9.61,0.01,2,1922,买盘
1044,13:38:16,9.6,--,29,27840,卖盘
1045,13:38:04,9.6,0.03,37,35520,买盘
1046,13:38:01,9.57,--,0,0,卖盘
1047,13:37:49,9.57,--,1,957,卖盘
1048,13:37:46,9.57,--,47,44979,买盘
1049,13:37:43,9.57,--,0,0,买盘
1050,13:37:37,9.57,0.02,30,28710,买盘
1051,13:37:31,9.55,-0.02,2,1910,卖盘
1052,13:37:25,9.57,0.02,146,139722,买盘
1053,13:37:22,9.55,-0.02,457,436435,卖盘
1054,13:37:19,9.57,--,2,1914,卖盘
1055,13:37:16,9.57,0.01,10,9570,中性盘
1056,13:37:13,9.56,-0.04,36,34416,卖盘
1057,13:37:04,9.6,0.03,7,6720,买盘
1058,13:36:58,9.57,--,38,36366,卖盘
1059,13:36:55,9.57,--,4,3828,卖盘
1060,13:36:49,9.57,--,3,2871,卖盘
1061,13:36:34,9.57,--,137,131109,卖盘
1062,13:36:31,9.57,--,1,957,买盘
1063,13:36:25,9.57,--,265,253605,买盘
1064,13:36:22,9.57,-0.03,191,182787,卖盘
1065,13:36:16,9.6,--,8,7680,买盘
1066,13:36:13,9.6,--,12,11520,买盘
1067,13:36:10,9.6,--,0,0,买盘
1068,13:36:07,9.6,0.01,1,960,买盘
1069,13:36:01,9.59,0.01,8,7672,买盘
1070,13:35:52,9.58,--,5,4790,卖盘
1071,13:35:49,9.58,-0.01,21,20118,卖盘
1072,13:35:45,9.59,0.01,20,19180,买盘
1073,13:35:39,9.58,-0.01,140,134120,卖盘
1074,13:35:37,9.59,0.02,21,20139,买盘
1075,13:35:31,9.57,0.01,36,34452,卖盘
1076,13:35:21,9.56,--,457,436892,卖盘
1077,13:35:15,9.56,--,28,26768,卖盘
1078,13:35:06,9.56,--,32,30592,卖盘
1079,13:35:03,9.56,-0.02,38,36328,卖盘
1080,13:35:00,9.58,0.02,1,958,买盘
1081,13:34:54,9.56,--,65,62140,买盘
1082,13:34:51,9.56,--,50,47800,买盘
1083,13:34:45,9.56,--,17,16252,卖盘
1084,13:34:42,9.56,0.01,3,2868,卖盘
1085,13:34:39,9.55,-0.01,609,581595,卖盘
1086,13:34:36,9.56,--,170,162520,买盘
1087,13:34:21,9.56,-0.03,302,289190,卖盘
1088,13:34:12,9.59,0.01,43,41237,买盘
1089,13:34:06,9.58,-0.01,35,33530,卖盘
1090,13:33:57,9.59,--,71,68089,买盘
1091,13:33:54,9.59,-0.01,54,51786,卖盘
1092,13:33:48,9.6,-0.01,13,12480,买盘
1093,13:33:45,9.61,0.02,36,34596,卖盘
1094,13:33:24,9.59,--,0,0,卖盘
1095,13:33:21,9.59,-0.02,456,437304,卖盘
1096,13:33:18,9.61,--,20,19220,买盘
1097,13:33:15,9.61,--,9,8649,买盘
1098,13:33:06,9.61,--,2,1922,买盘
1099,13:33:03,9.61,-0.03,110,105710,卖盘
1100,13:32:54,9.64,0.04,7,6748,买盘
1101,13:32:42,9.6,0.02,42,40320,买盘
1102,13:32:39,9.58,-0.02,38,36404,卖盘
1103,13:32:36,9.6,--,30,28800,买盘
1104,13:32:33,9.6,--,35,33600,买盘
1105,13:32:30,9.6,0.01,44,42240,买盘
1106,13:32:27,9.59,--,8,7672,买盘
1107,13:32:21,9.59,--,434,416206,卖盘
1108,13:32:18,9.59,--,0,0,卖盘
1109,13:32:12,9.59,-0.06,166,159194,卖盘
1110,13:32:09,9.65,--,0,0,买盘
1111,13:32:06,9.65,0.05,7,6755,买盘
1112,13:32:03,9.6,0.02,60,57600,卖盘
1113,13:31:51,9.58,--,0,0,卖盘
1114,13:31:48,9.58,-0.01,130,125019,卖盘
1115,13:31:45,9.59,--,1,959,买盘
1116,13:31:42,9.59,-0.01,7,7192,卖盘
1117,13:31:39,9.6,--,5,5280,买盘
1118,13:31:36,9.6,--,188,180480,买盘
1119,13:31:30,9.6,--,13,12480,买盘
1120,13:31:24,9.6,--,5,4800,买盘
1121,13:31:21,9.6,--,20,19200,买盘
1122,13:31:18,9.6,-0.05,226,217440,卖盘
1123,13:31:12,9.65,--,4,3860,买盘
1124,13:31:03,9.65,0.02,20,19300,买盘
1125,13:31:00,9.63,0.02,2,1926,买盘
1126,13:30:57,9.61,-0.04,38,36518,卖盘
1127,13:30:48,9.65,--,0,0,买盘
1128,13:30:45,9.65,0.03,32,31362,买盘
1129,13:30:39,9.62,--,54,51947,买盘
1130,13:30:30,9.62,--,69,66859,卖盘
1131,13:30:24,9.62,--,0,0,卖盘
1132,13:30:21,9.62,-0.02,449,431937,卖盘
1133,13:30:17,9.64,--,43,41452,卖盘
1134,13:30:14,9.64,-0.01,29,27956,卖盘
1135,13:30:12,9.65,0.01,43,41495,买盘
1136,13:30:07,9.64,-0.01,1,964,卖盘
1137,13:30:06,9.65,0.01,3,2895,买盘
1138,13:29:57,9.64,--,20,19280,卖盘
1139,13:29:53,9.64,--,7,7230,买盘
1140,13:29:43,9.64,--,2,1928,买盘
1141,13:29:40,9.64,0.01,10,9640,买盘
1142,13:29:37,9.63,-0.02,132,127597,卖盘
1143,13:29:34,9.65,0.01,72,69962,买盘
1144,13:29:31,9.64,--,3,2892,买盘
1145,13:29:28,9.64,--,198,190872,买盘
1146,13:29:25,9.64,--,56,53984,买盘
1147,13:29:22,9.64,--,4,3856,买盘
1148,13:29:19,9.64,--,9,8676,买盘
1149,13:29:16,9.64,-0.01,123,119054,卖盘
1150,13:29:13,9.65,-0.03,38,36670,卖盘
1151,13:29:10,9.68,--,12,11616,买盘
1152,13:29:07,9.68,--,16,15488,买盘
1153,13:29:04,9.68,--,3,2904,买盘
1154,13:29:01,9.68,0.02,20,19360,买盘
1155,13:28:49,9.66,-0.02,1,966,卖盘
1156,13:28:46,9.68,0.02,6,5808,买盘
1157,13:28:43,9.66,-0.02,138,133308,卖盘
1158,13:28:40,9.68,0.02,36,34848,买盘
1159,13:28:37,9.66,-0.02,36,34776,卖盘
1160,13:28:34,9.68,--,41,39688,卖盘
1161,13:28:31,9.68,--,92,89056,买盘
1162,13:28:28,9.68,--,13,12584,买盘
1163,13:28:25,9.68,0.02,2,1936,买盘
1164,13:28:22,9.66,0.02,45,43953,买盘
1165,13:28:19,9.64,--,2,1928,买盘
1166,13:28:16,9.64,--,1,964,买盘
1167,13:28:10,9.64,-0.04,181,174966,卖盘
1168,13:28:07,9.68,0.01,1,968,买盘
1169,13:28:04,9.67,0.01,5,4835,买盘
1170,13:28:01,9.66,--,7,6762,卖盘
1171,13:27:58,9.66,-0.02,55,53130,卖盘
1172,13:27:55,9.68,0.02,220,212960,买盘
1173,13:27:52,9.66,--,26,25116,卖盘
1174,13:27:46,9.66,--,10,9660,卖盘
1175,13:27:40,9.66,--,0,0,卖盘
1176,13:27:37,9.66,0.01,2,1932,买盘
1177,13:27:34,9.65,--,20,19300,卖盘
1178,13:27:31,9.65,--,0,0,卖盘
1179,13:27:28,9.65,-0.03,61,58865,卖盘
1180,13:27:25,9.68,0.01,38,36784,买盘
1181,13:27:22,9.67,0.03,5,4835,买盘
1182,13:27:16,9.64,--,0,0,卖盘
1183,13:27:10,9.64,-0.05,234,225576,卖盘
1184,13:27:07,9.69,0.02,625,605625,买盘
1185,13:27:04,9.67,-0.01,1,967,买盘
1186,13:27:01,9.68,--,0,0,买盘
1187,13:26:55,9.68,0.01,164,158752,买盘
1188,13:26:52,9.67,--,59,57053,卖盘
1189,13:26:49,9.67,--,49,47383,卖盘
1190,13:26:46,9.67,-0.01,29,28043,卖盘
1191,13:26:43,9.68,--,6,5808,买盘
1192,13:26:40,9.68,0.02,14,14036,买盘
1193,13:26:37,9.66,-0.02,10,9660,买盘
1194,13:26:34,9.68,--,0,0,买盘
1195,13:26:31,9.68,0.01,170,164560,买盘
1196,13:26:28,9.67,0.03,225,217575,买盘
1197,13:26:25,9.64,-0.02,85,81940,卖盘
1198,13:26:22,9.66,0.02,8,7728,买盘
1199,13:26:19,9.64,-0.02,510,491640,卖盘
1200,13:26:16,9.66,--,51,49266,买盘
1201,13:26:13,9.66,0.02,16,15456,买盘
1202,13:26:10,9.64,-0.02,279,268956,卖盘
1203,13:26:07,9.66,-0.01,64,61824,卖盘
1204,13:26:04,9.67,0.01,70,67690,买盘
1205,13:26:01,9.66,--,33,31878,卖盘
1206,13:25:58,9.66,--,78,75348,买盘
1207,13:25:55,9.66,0.01,54,52164,买盘
1208,13:25:52,9.65,-0.01,24,23160,买盘
1209,13:25:49,9.66,0.01,30,28980,买盘
1210,13:25:43,9.65,--,48,46320,卖盘
1211,13:25:40,9.65,--,134,129310,买盘
1212,13:25:37,9.65,--,1,965,买盘
1213,13:25:34,9.65,--,122,117730,买盘
1214,13:25:31,9.65,0.03,30,28950,买盘
1215,13:25:28,9.62,--,20,19240,卖盘
1216,13:25:25,9.62,--,143,137566,买盘
1217,13:25:22,9.62,--,41,39442,买盘
1218,13:25:19,9.62,--,44,42328,买盘
1219,13:25:16,9.62,-0.03,50,48099,卖盘
1220,13:25:13,9.65,0.01,65,62725,买盘
1221,13:25:10,9.64,-0.02,117,112788,卖盘
1222,13:25:07,9.66,-0.02,49,47334,卖盘
1223,13:25:04,9.68,--,51,49368,买盘
1224,13:25:01,9.68,--,9,8712,卖盘
1225,13:24:58,9.68,--,423,409464,买盘
1226,13:24:55,9.68,0.01,56,54208,买盘
1227,13:24:52,9.67,0.01,42,40614,卖盘
1228,13:24:49,9.66,-0.01,20,19320,卖盘
1229,13:24:46,9.67,--,67,64789,卖盘
1230,13:24:43,9.67,0.01,14,13538,中性盘
1231,13:24:40,9.66,-0.01,1292,1248072,中性盘
1232,13:24:37,9.67,0.01,118,114106,买盘
1233,13:24:31,9.66,--,146,141036,买盘
1234,13:24:28,9.66,0.01,13,12558,中性盘
1235,13:24:25,9.65,-0.01,342,330030,卖盘
1236,13:24:22,9.66,0.01,38,36708,买盘
1237,13:24:19,9.65,--,51,49215,卖盘
1238,13:24:10,9.65,--,589,568385,买盘
1239,13:24:07,9.65,--,10,9650,买盘
1240,13:24:04,9.65,0.02,2,1930,买盘
1241,13:24:01,9.63,-0.01,74,71262,卖盘
1242,13:23:58,9.64,--,0,0,买盘
1243,13:23:55,9.64,0.02,482,464648,买盘
1244,13:23:52,9.62,--,10,9620,卖盘
1245,13:23:49,9.62,-0.01,123,118325,卖盘
1246,13:23:46,9.63,0.01,38,36594,买盘
1247,13:23:43,9.62,--,20,19240,卖盘
1248,13:23:40,9.62,--,20,19240,卖盘
1249,13:23:37,9.62,0.01,205,197209,买盘
1250,13:23:34,9.61,-0.01,50,48050,卖盘
1251,13:23:31,9.62,--,0,0,买盘
1252,13:23:28,9.62,--,61,58681,买盘
1253,13:23:25,9.62,0.01,41,39442,买盘
1254,13:23:22,9.61,--,34,32673,买盘
1255,13:23:16,9.61,0.02,2,1922,买盘
1256,13:23:13,9.59,0.02,1,959,买盘
1257,13:23:10,9.57,-0.04,215,205755,卖盘
1258,13:23:07,9.61,--,3,2883,买盘
1259,13:23:04,9.61,0.04,810,778410,买盘
1260,13:23:01,9.57,--,380,363660,买盘
1261,13:22:52,9.57,0.02,142,136372,买盘
1262,13:22:43,9.55,-0.01,37,35812,卖盘
1263,13:22:40,9.56,--,38,36806,买盘
1264,13:22:37,9.56,--,34,32504,买盘
1265,13:22:31,9.56,--,0,0,买盘
1266,13:22:28,9.56,0.01,300,286800,买盘
1267,13:22:22,9.55,0.01,299,285545,买盘
1268,13:22:19,9.54,-0.01,38,36252,卖盘
1269,13:22:16,9.55,0.02,5,4775,买盘
1270,13:22:13,9.53,-0.01,5,4765,卖盘
1271,13:22:10,9.54,--,216,206063,卖盘
1272,13:22:01,9.54,--,47,45314,买盘
1273,13:21:58,9.54,--,38,36252,买盘
1274,13:21:55,9.54,--,5,4770,买盘
1275,13:21:52,9.54,-0.01,39,37683,卖盘
1276,13:21:46,9.55,0.01,58,55390,买盘
1277,13:21:43,9.54,--,36,34344,卖盘
1278,13:21:37,9.54,--,136,130220,买盘
1279,13:21:34,9.54,--,21,20034,买盘
1280,13:21:25,9.54,--,3,2861,买盘
1281,13:21:13,9.54,0.04,13,12401,买盘
1282,13:21:10,9.5,-0.04,215,204250,卖盘
1283,13:21:04,9.54,0.02,1,953,买盘
1284,13:21:01,9.52,--,181,172312,卖盘
1285,13:20:55,9.52,-0.02,2,1904,卖盘
1286,13:20:37,9.54,0.02,41,39114,买盘
1287,13:20:34,9.52,-0.02,1,952,卖盘
1288,13:20:31,9.54,--,7,6677,买盘
1289,13:20:16,9.54,0.04,4,3815,买盘
1290,13:20:10,9.5,-0.04,347,329650,卖盘
1291,13:20:04,9.54,0.02,308,293832,买盘
1292,13:19:58,9.52,--,36,34272,卖盘
1293,13:19:55,9.52,-0.02,1,952,卖盘
1294,13:19:52,9.54,--,5,4770,买盘
1295,13:19:46,9.54,--,2,1907,买盘
1296,13:19:43,9.54,--,18,17172,买盘
1297,13:19:40,9.54,--,8,7631,买盘
1298,13:19:28,9.54,--,0,0,买盘
1299,13:19:25,9.54,0.04,7,6677,买盘
1300,13:19:22,9.5,-0.01,138,131100,卖盘
1301,13:19:13,9.51,--,0,0,卖盘
1302,13:19:07,9.51,-0.03,254,241554,卖盘
1303,13:19:04,9.54,--,39,37206,卖盘
1304,13:18:58,9.54,0.03,364,347255,买盘
1305,13:18:55,9.51,-0.02,5,4755,卖盘
1306,13:18:46,9.53,0.03,14,13342,买盘
1307,13:18:34,9.5,--,0,0,卖盘
1308,13:18:28,9.5,-0.03,157,149150,卖盘
1309,13:18:25,9.53,0.03,8,7623,买盘
1310,13:18:19,9.5,--,36,34200,卖盘
1311,13:18:10,9.5,-0.03,214,203300,卖盘
1312,13:18:07,9.53,0.02,1,952,买盘
1313,13:18:04,9.51,--,0,0,卖盘
1314,13:18:01,9.51,--,43,40893,卖盘
1315,13:17:58,9.51,-0.03,1,951,卖盘
1316,13:17:55,9.54,--,14,13355,买盘
1317,13:17:52,9.54,--,0,0,买盘
1318,13:17:40,9.54,0.04,7,6677,买盘
1319,13:17:34,9.5,-0.04,142,134900,卖盘
1320,13:17:25,9.54,--,18,17172,买盘
1321,13:17:16,9.54,0.04,58,55331,买盘
1322,13:17:13,9.5,--,0,0,卖盘
1323,13:17:10,9.5,-0.04,216,205200,卖盘
1324,13:17:06,9.54,0.03,3,2861,买盘
1325,13:17:00,9.51,--,0,0,中性盘
1326,13:16:54,9.51,0.01,70,66570,买盘
1327,13:16:36,9.5,-0.04,99,94050,卖盘
1328,13:16:30,9.54,--,5,4770,买盘
1329,13:16:27,9.54,--,1,953,买盘
1330,13:16:24,9.54,--,4,3815,卖盘
1331,13:16:18,9.54,--,4,3815,买盘
1332,13:16:15,9.54,0.04,12,11447,买盘
1333,13:16:09,9.5,--,213,202350,卖盘
1334,13:16:00,9.5,--,0,0,卖盘
1335,13:15:54,9.5,--,0,0,卖盘
1336,13:15:46,9.5,-0.04,140,133000,卖盘
1337,13:15:42,9.54,-0.01,7,6677,卖盘
1338,13:15:39,9.55,0.05,8,7640,买盘
1339,13:15:36,9.5,--,56,53200,卖盘
1340,13:15:27,9.5,-0.05,39,37050,卖盘
1341,13:15:24,9.55,0.01,100,95500,买盘
1342,13:15:21,9.54,--,0,0,买盘
1343,13:15:18,9.54,0.04,7,6677,买盘
1344,13:15:15,9.5,--,0,0,卖盘
1345,13:15:09,9.5,-0.01,214,203300,卖盘
1346,13:15:06,9.51,0.01,12,11412,买盘
1347,13:14:57,9.5,--,0,0,卖盘
1348,13:14:51,9.5,-0.01,186,176700,卖盘
1349,13:14:48,9.51,--,13,12363,卖盘
1350,13:14:45,9.51,0.01,16,15216,卖盘
1351,13:14:42,9.5,--,1,950,卖盘
1352,13:14:21,9.5,-0.05,12,11400,卖盘
1353,13:14:18,9.55,--,2,1910,买盘
1354,13:14:15,9.55,0.05,118,112690,买盘
1355,13:14:09,9.5,-0.05,174,165775,卖盘
1356,13:14:06,9.55,--,1,955,买盘
1357,13:13:51,9.55,--,230,219650,买盘
1358,13:13:45,9.55,--,20,19100,买盘
1359,13:13:42,9.55,--,2,1910,买盘
1360,13:13:30,9.55,--,8,7640,买盘
1361,13:13:18,9.55,0.02,5,4775,买盘
1362,13:13:15,9.53,--,7,6671,卖盘
1363,13:13:09,9.53,--,250,238249,卖盘
1364,13:13:06,9.53,--,24,23348,买盘
1365,13:13:03,9.53,--,117,111500,买盘
1366,13:13:00,9.53,--,11,10483,买盘
1367,13:12:54,9.53,--,235,223954,买盘
1368,13:12:51,9.53,--,21,20013,买盘
1369,13:12:45,9.53,--,10,9530,买盘
1370,13:12:42,9.53,--,1001,953952,买盘
1371,13:12:39,9.53,0.01,37,35261,买盘
1372,13:12:30,9.52,--,5,4760,卖盘
1373,13:12:24,9.52,-0.01,16,15232,卖盘
1374,13:12:12,9.53,0.04,7,6671,买盘
1375,13:12:09,9.49,-0.04,214,203086,卖盘
1376,13:12:06,9.53,0.01,1,952,买盘
1377,13:12:03,9.52,--,154,146608,买盘
1378,13:12:00,9.52,0.02,218,207536,买盘
1379,13:11:57,9.5,--,0,0,卖盘
1380,13:11:51,9.5,0.01,10,9500,卖盘
1381,13:11:27,9.49,-0.03,36,34164,卖盘
1382,13:11:24,9.52,0.02,14,13328,买盘
1383,13:11:18,9.5,--,1,950,卖盘
1384,13:11:15,9.5,-0.01,43,40850,卖盘
1385,13:11:12,9.51,--,0,0,买盘
1386,13:11:09,9.51,0.02,222,211122,买盘
1387,13:11:06,9.49,--,0,0,卖盘
1388,13:10:51,9.49,-0.02,138,130962,卖盘
1389,13:10:48,9.51,--,2,1902,卖盘
1390,13:10:42,9.51,-0.01,10,9510,卖盘
1391,13:10:30,9.52,--,29,27608,买盘
1392,13:10:23,9.52,0.03,16,15232,买盘
1393,13:10:20,9.49,--,0,0,卖盘
1394,13:10:17,9.49,-0.04,39,37011,卖盘
1395,13:10:14,9.53,--,15,14294,买盘
1396,13:10:10,9.53,--,0,0,买盘
1397,13:10:08,9.53,0.01,220,209660,买盘
1398,13:09:56,9.52,--,354,337008,买盘
1399,13:09:53,9.52,--,0,0,买盘
1400,13:09:47,9.52,--,1,952,买盘
1401,13:09:19,9.52,0.02,7,6664,买盘
1402,13:09:13,9.5,--,1,950,卖盘
1403,13:09:10,9.5,--,10,9500,卖盘
1404,13:09:07,9.5,--,0,0,卖盘
1405,13:09:04,9.5,-0.03,223,211850,卖盘
1406,13:09:01,9.53,0.01,8,7623,买盘
1407,13:08:58,9.52,--,5,4760,卖盘
1408,13:08:52,9.52,--,13,12376,卖盘
1409,13:08:49,9.52,--,7,6664,买盘
1410,13:08:43,9.52,0.02,1,952,买盘
1411,13:08:40,9.5,-0.02,132,125400,卖盘
1412,13:08:31,9.52,0.02,42,39984,买盘
1413,13:08:25,9.5,-0.02,5,4750,卖盘
1414,13:08:22,9.52,-0.01,3,2856,中性盘
1415,13:08:04,9.53,--,283,269699,买盘
1416,13:08:01,9.53,0.01,32,30495,买盘
1417,13:07:58,9.52,-0.01,48,45696,卖盘
1418,13:07:55,9.53,--,111,105783,卖盘
1419,13:07:49,9.53,-0.02,153,145809,卖盘
1420,13:07:43,9.55,--,7,6685,买盘
1421,13:07:40,9.55,0.03,9,8595,买盘
1422,13:07:22,9.52,-0.03,1,952,卖盘
1423,13:07:19,9.55,0.03,8,7640,买盘
1424,13:07:16,9.52,--,5,4760,卖盘
1425,13:07:13,9.52,0.01,18,17136,卖盘
1426,13:07:10,9.51,--,0,0,卖盘
1427,13:07:07,9.51,0.01,5,4755,中性盘
1428,13:07:04,9.5,-0.05,215,204250,卖盘
1429,13:07:01,9.55,--,72,68760,买盘
1430,13:06:58,9.55,0.04,7,6685,买盘
1431,13:06:46,9.51,-0.05,239,227289,卖盘
1432,13:06:43,9.56,--,57,54492,买盘
1433,13:06:40,9.56,0.02,44,42064,买盘
1434,13:06:22,9.54,--,0,0,卖盘
1435,13:06:16,9.54,-0.02,36,34344,卖盘
1436,13:06:13,9.56,0.02,10,9560,中性盘
1437,13:06:10,9.54,-0.03,100,95399,卖盘
1438,13:06:04,9.57,0.01,252,241164,买盘
1439,13:06:01,9.56,0.01,255,243780,买盘
1440,13:05:55,9.55,--,33,31515,买盘
1441,13:05:46,9.55,-0.01,29,27695,卖盘
1442,13:05:40,9.56,--,75,71700,买盘
1443,13:05:37,9.56,--,105,100380,买盘
1444,13:05:31,9.56,--,0,0,买盘
1445,13:05:28,9.56,0.01,14,13384,买盘
1446,13:05:22,9.55,-0.01,47,44885,卖盘
1447,13:05:16,9.56,--,131,125236,中性盘
1448,13:05:13,9.56,--,23,21988,卖盘
1449,13:05:10,9.56,0.01,105,100380,买盘
1450,13:05:07,9.55,--,0,0,卖盘
1451,13:05:04,9.55,--,214,204370,卖盘
1452,13:05:01,9.55,--,18,17190,卖盘
1453,13:04:58,9.55,--,53,50615,卖盘
1454,13:04:52,9.55,-0.01,252,240660,卖盘
1455,13:04:49,9.56,--,7,6692,买盘
1456,13:04:46,9.56,0.01,70,66920,买盘
1457,13:04:40,9.55,--,96,91680,卖盘
1458,13:04:37,9.55,-0.01,60,57300,卖盘
1459,13:04:31,9.56,--,30,28680,卖盘
1460,13:04:19,9.56,--,4,3824,买盘
1461,13:04:16,9.56,0.02,2,1912,买盘
1462,13:04:13,9.54,--,18,17172,卖盘
1463,13:04:04,9.54,-0.03,215,205109,卖盘
1464,13:04:01,9.57,0.02,150,143550,买盘
1465,13:03:58,9.55,-0.02,1,955,卖盘
1466,13:03:55,9.57,0.02,112,107184,买盘
1467,13:03:52,9.55,-0.01,8,7640,买盘
1468,13:03:46,9.56,--,0,0,买盘
1469,13:03:43,9.56,0.02,319,304964,买盘
1470,13:03:40,9.54,--,60,57239,买盘
1471,13:03:37,9.54,--,11,10493,买盘
1472,13:03:34,9.54,--,9,8586,买盘
1473,13:03:19,9.54,0.01,2,1907,买盘
1474,13:03:16,9.53,--,38,36214,卖盘
1475,13:03:13,9.53,--,1,952,卖盘
1476,13:03:10,9.53,--,163,155339,买盘
1477,13:03:07,9.53,--,0,0,买盘
1478,13:03:04,9.53,0.01,215,204895,买盘
1479,13:03:01,9.52,0.01,68,64736,买盘
1480,13:02:52,9.51,-0.01,727,691377,卖盘
1481,13:02:49,9.52,0.01,41,39032,买盘
1482,13:02:43,9.51,-0.01,61,58011,卖盘
1483,13:02:37,9.52,0.01,7,6664,买盘
1484,13:02:34,9.51,--,10,9510,卖盘
1485,13:02:31,9.51,-0.01,5,4755,卖盘
1486,13:02:25,9.52,0.01,10,9520,买盘
1487,13:02:22,9.51,-0.01,151,143601,卖盘
1488,13:02:16,9.52,0.01,10,9520,买盘
1489,13:02:13,9.51,--,1,951,卖盘
1490,13:02:04,9.51,-0.01,215,204465,卖盘
1491,13:02:01,9.52,-0.01,16,15232,中性盘
1492,13:01:58,9.53,--,0,0,买盘
1493,13:01:55,9.53,-0.01,7,6671,买盘
1494,13:01:49,9.54,--,10,9540,买盘
1495,13:01:46,9.54,0.04,7,6677,买盘
1496,13:01:40,9.5,-0.03,26,24700,卖盘
1497,13:01:37,9.53,0.03,3,2859,买盘
1498,13:01:34,9.5,-0.02,48,45600,卖盘
1499,13:01:25,9.52,0.03,10,9520,买盘
1500,13:01:22,9.49,-0.03,119,112931,卖盘
1501,13:01:16,9.52,--,78,74256,卖盘
1502,13:01:04,9.52,-0.01,201,191352,卖盘
1503,13:01:01,9.53,--,108,102924,买盘
1504,13:00:58,9.53,0.01,29,27636,买盘
1505,13:00:52,9.52,--,345,328916,买盘
1506,13:00:49,9.52,--,203,193256,买盘
1507,13:00:46,9.52,0.01,8,7616,买盘
1508,13:00:43,9.51,--,100,95100,卖盘
1509,13:00:40,9.51,--,1,951,卖盘
1510,13:00:37,9.51,0.02,16,15216,买盘
1511,13:00:34,9.49,-0.02,157,148993,卖盘
1512,13:00:31,9.51,--,41,38991,买盘
1513,13:00:22,9.51,--,0,0,买盘
1514,13:00:16,9.51,--,2,1902,买盘
1515,13:00:13,9.51,0.03,381,362331,买盘
1516,13:00:10,9.48,--,0,0,卖盘
1517,13:00:07,9.48,-0.02,5,4740,卖盘
1518,13:00:04,9.5,0.01,839,797050,买盘
1519,13:00:01,9.49,0.03,1635,1551615,买盘
1520,11:30:00,9.46,--,0,0,卖盘
1521,11:29:59,9.46,--,0,0,卖盘
1522,11:29:59,9.46,--,58,54868,卖盘
1523,11:29:51,9.46,--,3,2838,卖盘
1524,11:29:45,9.46,--,215,203390,买盘
1525,11:29:42,9.46,0.01,30,28380,买盘
1526,11:29:39,9.45,--,148,139860,卖盘
1527,11:29:36,9.45,-0.01,17,16064,卖盘
1528,11:29:33,9.46,--,9,8514,买盘
1529,11:29:30,9.46,0.01,17,16082,买盘
1530,11:29:24,9.45,--,0,0,卖盘
1531,11:29:21,9.45,0.01,30,28349,买盘
1532,11:29:18,9.44,0.02,1,944,卖盘
1533,11:29:06,9.42,-0.01,214,201588,卖盘
1534,11:29:03,9.43,--,13,12259,卖盘
1535,11:28:57,9.43,--,0,0,卖盘
1536,11:28:54,9.43,-0.01,110,103730,卖盘
1537,11:28:51,9.44,--,2,1888,卖盘
1538,11:28:45,9.44,-0.01,5,4720,中性盘
1539,11:28:39,9.45,0.01,56,52919,买盘
1540,11:28:33,9.44,--,7,6608,买盘
1541,11:28:30,9.44,0.02,9,8496,买盘
1542,11:28:24,9.42,--,0,0,中性盘
1543,11:28:21,9.42,0.01,33,31086,卖盘
1544,11:28:18,9.41,--,0,0,卖盘
1545,11:28:15,9.41,--,36,33876,卖盘
1546,11:28:12,9.41,-0.01,135,127035,卖盘
1547,11:28:09,9.42,--,42,39629,买盘
1548,11:28:06,9.42,0.01,2,1884,买盘
1549,11:28:03,9.41,-0.01,215,202315,卖盘
1550,11:27:57,9.42,0.01,7,6594,卖盘
1551,11:27:38,9.41,--,54,50814,卖盘
1552,11:27:36,9.41,--,58,54578,卖盘
1553,11:27:33,9.41,-0.01,18,16938,卖盘
1554,11:27:29,9.42,--,9,8478,买盘
1555,11:27:24,9.42,--,6,5652,买盘
1556,11:27:17,9.42,--,52,48984,卖盘
1557,11:27:15,9.42,-0.03,39,36738,卖盘
1558,11:27:09,9.45,0.03,20,18900,买盘
1559,11:27:06,9.42,--,37,34854,卖盘
1560,11:27:03,9.42,-0.02,214,201588,卖盘
1561,11:26:56,9.44,-0.01,10,9440,卖盘
1562,11:26:38,9.45,--,8,7559,买盘
1563,11:26:29,9.45,0.01,87,82215,买盘
1564,11:26:26,9.44,-0.01,59,55696,卖盘
1565,11:26:23,9.45,--,50,47250,买盘
1566,11:26:20,9.45,--,6,5670,买盘
1567,11:26:17,9.45,0.01,44,41580,买盘
1568,11:26:14,9.44,0.01,26,24544,买盘
1569,11:26:11,9.43,--,39,36777,卖盘
1570,11:26:05,9.43,--,0,0,卖盘
1571,11:26:02,9.43,--,222,209346,卖盘
1572,11:25:35,9.43,-0.02,172,162196,卖盘
1573,11:25:29,9.45,0.01,7,6614,买盘
1574,11:25:26,9.44,0.01,9,8496,买盘
1575,11:25:14,9.43,--,1,943,卖盘
1576,11:25:11,9.43,--,42,39606,买盘
1577,11:25:05,9.43,0.01,1,943,中性盘
1578,11:25:02,9.42,-0.01,222,209124,卖盘
1579,11:24:59,9.43,-0.01,60,56580,卖盘
1580,11:24:56,9.44,--,10,9440,买盘
1581,11:24:53,9.44,--,7,6608,买盘
1582,11:24:47,9.44,--,4,3776,买盘
1583,11:24:44,9.44,--,20,18880,买盘
1584,11:24:41,9.44,-0.01,30,28320,卖盘
1585,11:24:32,9.45,0.03,16,15119,买盘
1586,11:24:29,9.42,-0.03,46,43332,卖盘
1587,11:24:26,9.45,0.01,9,8505,买盘
1588,11:24:23,9.44,0.01,1,944,买盘
1589,11:24:20,9.43,--,38,35834,卖盘
1590,11:24:17,9.43,--,1,943,卖盘
1591,11:24:11,9.43,0.01,37,34891,卖盘
1592,11:24:08,9.42,--,0,0,卖盘
1593,11:24:05,9.42,--,43,40506,卖盘
1594,11:24:02,9.42,-0.02,216,203472,卖盘
1595,11:23:50,9.44,-0.01,92,86848,卖盘
1596,11:23:47,9.45,--,4,3779,买盘
1597,11:23:44,9.45,--,2,1889,买盘
1598,11:23:41,9.45,--,13,12284,买盘
1599,11:23:35,9.45,--,38,35910,买盘
1600,11:23:26,9.45,--,7,6614,买盘
1601,11:23:23,9.45,--,9,8505,买盘
1602,11:23:14,9.45,--,16,15119,买盘
1603,11:23:08,9.45,0.02,44,41580,买盘
1604,11:23:02,9.43,--,258,243294,卖盘
1605,11:22:59,9.43,-0.03,134,126362,卖盘
1606,11:22:56,9.46,--,48,45408,买盘
1607,11:22:50,9.46,0.03,8,7568,买盘
1608,11:22:47,9.43,-0.03,37,34891,卖盘
1609,11:22:41,9.46,0.01,160,151360,买盘
1610,11:22:38,9.45,--,36,34020,买盘
1611,11:22:32,9.45,--,7,6614,买盘
1612,11:22:26,9.45,--,48,45360,买盘
1613,11:22:23,9.45,-0.01,8,7559,卖盘
1614,11:22:20,9.46,--,9,8514,买盘
1615,11:22:05,9.46,0.04,144,136224,买盘
1616,11:22:01,9.42,--,259,243978,卖盘
1617,11:21:56,9.42,0.01,1,942,卖盘
1618,11:21:45,9.41,-0.05,39,36699,卖盘
1619,11:21:42,9.46,0.01,48,45408,买盘
1620,11:21:36,9.45,0.04,8,7559,中性盘
1621,11:21:27,9.41,-0.05,37,34817,卖盘
1622,11:21:21,9.46,--,7,6622,买盘
1623,11:21:18,9.46,--,57,53922,买盘
1624,11:21:12,9.46,--,0,0,买盘
1625,11:21:09,9.46,0.01,163,154198,买盘
1626,11:21:06,9.45,0.05,39,36855,买盘
1627,11:21:00,9.4,--,43,40420,卖盘
1628,11:20:57,9.4,-0.05,215,202100,卖盘
1629,11:20:48,9.45,--,50,47250,买盘
1630,11:20:45,9.45,0.04,8,7559,买盘
1631,11:20:39,9.41,--,21,19761,买盘
1632,11:20:36,9.41,-0.04,180,169380,卖盘
1633,11:20:33,9.45,0.04,7,6614,买盘
1634,11:20:27,9.41,--,11,10351,卖盘
1635,11:20:24,9.41,-0.04,39,36699,卖盘
1636,11:20:21,9.45,--,7,6614,买盘
1637,11:20:18,9.45,0.04,103,97334,买盘
1638,11:20:15,9.41,--,38,35758,卖盘
1639,11:20:12,9.41,--,0,0,卖盘
1640,11:20:06,9.41,-0.01,37,34817,卖盘
1641,11:20:03,9.42,0.02,1,942,买盘
1642,11:20:00,9.4,--,43,40420,卖盘
1643,11:19:57,9.4,-0.05,215,202100,卖盘
1644,11:19:39,9.45,0.04,1,944,买盘
1645,11:19:24,9.41,-0.04,155,145855,卖盘
1646,11:19:21,9.45,--,7,6614,买盘
1647,11:19:18,9.45,0.03,9,8505,买盘
1648,11:19:15,9.42,--,1,942,买盘
1649,11:19:12,9.42,--,0,0,买盘
1650,11:19:03,9.42,0.02,1,942,中性盘
1651,11:19:00,9.4,--,82,77080,卖盘
1652,11:18:57,9.4,-0.01,215,202100,卖盘
1653,11:18:54,9.41,--,11,10351,买盘
1654,11:18:51,9.41,-0.01,46,43286,卖盘
1655,11:18:48,9.42,--,0,0,买盘
1656,11:18:39,9.42,--,44,41448,买盘
1657,11:18:36,9.42,--,9,8478,卖盘
1658,11:18:33,9.42,0.01,1,942,卖盘
1659,11:18:30,9.41,--,0,0,卖盘
1660,11:18:27,9.41,--,0,0,卖盘
1661,11:18:24,9.41,-0.03,130,122330,卖盘
1662,11:18:21,9.44,--,15,14160,买盘
1663,11:18:15,9.44,0.02,9,8496,买盘
1664,11:18:06,9.42,--,1,942,买盘
1665,11:18:00,9.42,--,125,117750,卖盘
1666,11:17:57,9.42,-0.02,216,203472,卖盘
1667,11:17:45,9.44,--,2,1888,买盘
1668,11:17:42,9.44,0.02,1,944,买盘
1669,11:17:39,9.42,-0.02,39,36738,卖盘
1670,11:17:33,9.44,0.02,150,141600,买盘
1671,11:17:24,9.42,--,48,45216,买盘
1672,11:17:21,9.42,0.01,7,6594,买盘
1673,11:17:18,9.41,-0.01,88,82808,卖盘
1674,11:17:15,9.42,--,43,40506,买盘
1675,11:17:12,9.42,0.01,10,9420,买盘
1676,11:17:00,9.41,--,43,40463,卖盘
1677,11:16:57,9.41,-0.01,242,227722,卖盘
1678,11:16:51,9.42,--,10,9420,买盘
1679,11:16:42,9.42,0.01,5,4710,买盘
1680,11:16:39,9.41,-0.01,149,140209,卖盘
1681,11:16:33,9.42,--,7,6594,买盘
1682,11:16:24,9.42,--,10,9420,买盘
1683,11:16:18,9.42,0.01,8,7536,买盘
1684,11:16:15,9.41,-0.01,39,36699,卖盘
1685,11:16:09,9.42,--,11,10362,买盘
1686,11:16:03,9.42,--,87,81954,卖盘
1687,11:15:57,9.42,--,215,202530,卖盘
1688,11:15:42,9.42,-0.02,163,153546,卖盘
1689,11:15:39,9.44,--,11,10384,买盘
1690,11:15:36,9.44,0.01,9,8496,卖盘
1691,11:15:15,9.43,--,14,13202,卖盘
1692,11:15:12,9.43,-0.02,30,28290,卖盘
1693,11:15:09,9.45,0.03,12,11340,买盘
1694,11:15:03,9.42,--,0,0,卖盘
1695,11:14:57,9.42,-0.01,215,202530,卖盘
1696,11:14:54,9.43,-0.02,39,36777,卖盘
1697,11:14:45,9.45,0.02,558,527310,买盘
1698,11:14:39,9.43,-0.01,205,193315,卖盘
1699,11:14:36,9.44,--,0,0,买盘
1700,11:14:33,9.44,--,8,7552,买盘
1701,11:14:30,9.44,--,0,0,买盘
1702,11:14:21,9.44,--,0,0,买盘
1703,11:14:15,9.44,--,8,7552,买盘
1704,11:14:09,9.44,--,3,2832,卖盘
1705,11:14:06,9.44,-0.01,37,34928,卖盘
1706,11:14:03,9.45,--,12,11340,买盘
1707,11:14:00,9.45,--,12,11340,买盘
1708,11:13:57,9.45,--,223,210734,买盘
1709,11:13:48,9.45,--,9,8505,买盘
1710,11:13:45,9.45,--,58,54809,买盘
1711,11:13:42,9.45,--,6,5670,买盘
1712,11:13:36,9.45,0.06,300,283500,买盘
1713,11:13:33,9.39,-0.06,120,112680,卖盘
1714,11:13:30,9.45,--,175,165375,买盘
1715,11:13:27,9.45,--,39,36855,买盘
1716,11:13:18,9.45,0.01,49,46305,买盘
1717,11:13:15,9.44,--,3,2832,卖盘
1718,11:13:12,9.44,0.06,66,62304,买盘
1719,11:13:09,9.38,-0.06,36,33768,卖盘
1720,11:13:03,9.44,0.05,1,944,买盘
1721,11:12:57,9.39,-0.05,216,202824,卖盘
1722,11:12:51,9.44,--,1,944,买盘
1723,11:12:45,9.44,0.05,3,2832,买盘
1724,11:12:36,9.39,-0.05,195,183105,卖盘
1725,11:12:30,9.44,--,8,7552,买盘
1726,11:12:12,9.44,0.04,26,24544,买盘
1727,11:12:09,9.4,0.01,47,44180,卖盘
1728,11:12:03,9.39,0.01,43,40377,卖盘
1729,11:11:57,9.38,-0.01,164,153832,卖盘
1730,11:11:54,9.39,--,51,47889,卖盘
1731,11:11:51,9.39,--,51,47889,卖盘
1732,11:11:48,9.39,--,37,34743,卖盘
1733,11:11:42,9.39,--,3,2817,卖盘
1734,11:11:39,9.39,--,130,122070,卖盘
1735,11:11:33,9.39,--,3,2817,卖盘
1736,11:11:30,9.39,--,15,14085,中性盘
1737,11:11:27,9.39,--,4,3756,买盘
1738,11:11:15,9.39,--,26,24414,买盘
1739,11:11:12,9.39,--,69,64791,买盘
1740,11:11:06,9.39,--,8,7512,买盘
1741,11:11:03,9.39,--,1,939,买盘
1742,11:10:54,9.39,0.01,226,212214,买盘
1743,11:10:51,9.38,--,40,37520,卖盘
1744,11:10:48,9.38,-0.01,148,138824,卖盘
1745,11:10:42,9.39,--,33,30987,买盘
1746,11:10:30,9.39,0.01,109,102351,买盘
1747,11:10:27,9.38,-0.01,38,35644,卖盘
1748,11:10:24,9.39,--,8,7512,买盘
1749,11:10:21,9.39,--,10,9390,买盘
1750,11:10:09,9.39,--,16,15024,中性盘
1751,11:10:06,9.39,--,7,6573,买盘
1752,11:10:03,9.39,0.01,1,939,买盘
1753,11:09:57,9.38,--,35,32830,卖盘
1754,11:09:54,9.38,--,322,302036,卖盘
1755,11:09:51,9.38,-0.01,134,125692,卖盘
1756,11:09:45,9.39,--,20,18780,买盘
1757,11:09:39,9.39,--,8,7512,卖盘
1758,11:09:33,9.39,0.01,38,35682,中性盘
1759,11:09:30,9.38,-0.02,8,7504,卖盘
1760,11:09:21,9.4,--,45,42300,买盘
1761,11:09:18,9.4,0.01,100,94000,买盘
1762,11:09:15,9.39,--,1,939,买盘
1763,11:09:12,9.39,--,11,10329,买盘
1764,11:09:09,9.39,-0.01,33,30987,卖盘
1765,11:09:06,9.4,0.01,44,41360,买盘
1766,11:09:00,9.39,--,194,182166,卖盘
1767,11:08:57,9.39,--,383,359637,卖盘
1768,11:08:54,9.39,-0.01,34,31926,卖盘
1769,11:08:51,9.4,--,1,940,买盘
1770,11:08:24,9.4,0.01,7,6580,买盘
1771,11:08:18,9.39,--,43,40377,卖盘
1772,11:08:15,9.39,-0.01,2,1878,卖盘
1773,11:08:03,9.4,0.01,7,6580,买盘
1774,11:08:00,9.39,--,1,939,卖盘
1775,11:07:57,9.39,-0.01,256,240384,卖盘
1776,11:07:54,9.4,--,2,1880,买盘
1777,11:07:51,9.4,--,32,30080,买盘
1778,11:07:48,9.4,0.01,50,47000,中性盘
1779,11:07:45,9.39,-0.01,191,179349,卖盘
1780,11:07:39,9.4,--,91,85540,买盘
1781,11:07:35,9.4,-0.03,26,24440,卖盘
1782,11:07:24,9.43,--,1,943,买盘
1783,11:07:05,9.43,0.04,2,1886,买盘
1784,11:07:02,9.39,-0.01,109,102351,卖盘
1785,11:06:57,9.4,--,215,202100,卖盘
1786,11:06:45,9.4,-0.03,60,56400,卖盘
1787,11:06:35,9.43,-0.01,1,943,卖盘
1788,11:06:20,9.44,0.01,40,37760,买盘
1789,11:06:17,9.43,0.03,7,6601,买盘
1790,11:06:14,9.4,--,73,68620,卖盘
1791,11:06:11,9.4,--,45,42300,卖盘
1792,11:06:05,9.4,-0.03,671,630740,卖盘
1793,11:06:02,9.43,0.03,23,21689,买盘
1794,11:05:56,9.4,-0.03,216,203040,卖盘
1795,11:05:53,9.43,--,52,49036,卖盘
1796,11:05:44,9.43,0.03,16,15088,买盘
1797,11:05:38,9.4,--,15,14100,卖盘
1798,11:05:17,9.4,--,0,0,卖盘
1799,11:05:11,9.4,--,40,37600,卖盘
1800,11:05:05,9.4,--,43,40420,卖盘
1801,11:05:02,9.4,-0.03,178,167320,卖盘
1802,11:04:59,9.43,0.03,7,6601,买盘
1803,11:04:56,9.4,--,0,0,卖盘
1804,11:04:53,9.4,--,215,202100,卖盘
1805,11:04:35,9.4,0.01,1,940,中性盘
1806,11:04:26,9.39,-0.01,28,26292,卖盘
1807,11:04:23,9.4,--,2,1880,买盘
1808,11:04:20,9.4,--,4,3760,买盘
1809,11:04:17,9.4,0.01,8,7520,买盘
1810,11:04:14,9.39,-0.01,15,14085,卖盘
1811,11:04:11,9.4,--,63,59220,买盘
1812,11:04:08,9.4,-0.04,16,15040,中性盘
1813,11:04:05,9.44,0.05,49,46256,买盘
1814,11:03:59,9.39,-0.05,1,939,买盘
1815,11:03:56,9.44,0.06,8,7552,买盘
1816,11:03:53,9.38,-0.01,214,200732,卖盘
1817,11:03:47,9.39,-0.05,40,37560,卖盘
1818,11:03:38,9.44,0.05,20,18880,买盘
1819,11:03:35,9.39,-0.06,38,35682,卖盘
1820,11:03:29,9.45,0.05,38,35910,买盘
1821,11:03:26,9.4,0.01,21,19740,买盘
1822,11:03:17,9.39,--,11,10329,卖盘
1823,11:03:14,9.39,-0.02,150,140850,卖盘
1824,11:03:05,9.41,0.02,32,30112,中性盘
1825,11:02:56,9.39,--,0,0,卖盘
1826,11:02:53,9.39,-0.06,222,208458,卖盘
1827,11:02:47,9.45,--,0,0,买盘
1828,11:02:41,9.45,0.04,44,41580,买盘
1829,11:02:29,9.41,--,12,11292,买盘
1830,11:02:26,9.41,0.02,30,28230,卖盘
1831,11:02:17,9.39,-0.06,213,200007,卖盘
1832,11:02:08,9.45,--,44,41580,买盘
1833,11:01:59,9.45,--,0,0,买盘
1834,11:01:56,9.45,0.05,9,8505,买盘
1835,11:01:53,9.4,-0.06,215,202100,卖盘
1836,11:01:50,9.46,--,43,40678,买盘
1837,11:01:44,9.46,--,41,38786,买盘
1838,11:01:41,9.46,--,0,0,买盘
1839,11:01:32,9.46,0.06,32,30272,买盘
1840,11:01:26,9.4,--,128,120320,买盘
1841,11:01:22,9.4,-0.06,7,6580,中性盘
1842,11:01:19,9.46,0.07,77,72842,买盘
1843,11:01:17,9.39,-0.06,308,289212,卖盘
1844,11:01:14,9.45,-0.01,1,944,卖盘
1845,11:01:09,9.46,--,3,2838,买盘
1846,11:01:06,9.46,--,0,0,买盘
1847,11:01:03,9.46,0.01,45,42570,买盘
1848,11:01:00,9.45,0.07,1213,1146285,买盘
1849,11:00:57,9.38,--,39,36582,卖盘
1850,11:00:51,9.38,-0.03,253,237314,卖盘
1851,11:00:48,9.41,--,7,6587,买盘
1852,11:00:45,9.41,0.02,19,17879,买盘
1853,11:00:42,9.39,0.01,2,1878,卖盘
1854,11:00:27,9.38,-0.01,130,121940,卖盘
1855,11:00:24,9.39,-0.01,28,26292,买盘
1856,11:00:18,9.4,0.01,44,41360,买盘
1857,11:00:06,9.39,--,4,3756,买盘
1858,11:00:03,9.39,--,9,8451,买盘
1859,11:00:00,9.39,--,14,13146,卖盘
1860,10:59:57,9.39,0.01,41,38499,买盘
1861,10:59:51,9.38,-0.03,215,201670,卖盘
1862,10:59:48,9.41,0.03,7,6587,买盘
1863,10:59:42,9.38,--,0,0,卖盘
1864,10:59:36,9.38,-0.01,180,168840,卖盘
1865,10:59:33,9.39,--,79,74181,买盘
1866,10:59:27,9.39,--,16,15024,买盘
1867,10:59:21,9.39,0.01,45,42255,买盘
1868,10:59:18,9.38,-0.01,71,66598,卖盘
1869,10:59:12,9.39,--,76,71364,卖盘
1870,10:59:03,9.39,0.01,2,1878,卖盘
1871,10:58:57,9.38,--,0,0,卖盘
1872,10:58:51,9.38,-0.03,214,200732,卖盘
1873,10:58:45,9.41,0.03,8,7528,买盘
1874,10:58:42,9.38,-0.03,153,143514,卖盘
1875,10:58:33,9.41,--,6,5646,卖盘
1876,10:58:12,9.41,0.03,14,13174,买盘
1877,10:58:09,9.38,-0.03,39,36582,卖盘
1878,10:58:03,9.41,0.03,2,1882,买盘
1879,10:58:00,9.38,-0.03,44,41272,卖盘
1880,10:57:54,9.41,0.03,50,47050,买盘
1881,10:57:51,9.38,-0.03,216,202608,卖盘
1882,10:57:48,9.41,--,0,0,买盘
1883,10:57:42,9.41,0.03,7,6587,买盘
1884,10:57:39,9.38,-0.01,153,143514,卖盘
1885,10:57:33,9.39,-0.02,8,7512,卖盘
1886,10:57:30,9.41,--,0,0,买盘
1887,10:57:12,9.41,--,1,941,买盘
1888,10:57:09,9.41,-0.01,24,22584,卖盘
1889,10:57:06,9.42,0.03,1,942,买盘
1890,10:57:00,9.39,--,0,0,中性盘
1891,10:56:57,9.39,--,0,0,中性盘
1892,10:56:54,9.39,--,14,13146,买盘
1893,10:56:51,9.39,-0.02,202,189678,卖盘
1894,10:56:48,9.41,-0.01,41,38581,卖盘
1895,10:56:45,9.42,0.01,12,11304,中性盘
1896,10:56:42,9.41,-0.02,185,174085,卖盘
1897,10:56:39,9.43,0.02,8,7544,买盘
1898,10:56:33,9.41,--,11,10351,卖盘
1899,10:56:18,9.41,--,3,2823,卖盘
1900,10:56:15,9.41,--,0,0,卖盘
1901,10:56:09,9.41,-0.01,149,140209,卖盘
1902,10:56:03,9.42,0.01,39,36738,买盘
1903,10:56:00,9.41,--,1,941,卖盘
1904,10:55:51,9.41,0.01,331,311471,买盘
1905,10:55:48,9.4,--,51,47940,卖盘
1906,10:55:42,9.4,-0.01,130,122200,卖盘
1907,10:55:39,9.41,--,18,16938,买盘
1908,10:55:36,9.41,0.01,22,20702,卖盘
1909,10:55:33,9.4,-0.01,30,28200,卖盘
1910,10:55:24,9.41,0.01,53,49873,卖盘
1911,10:55:21,9.4,--,0,0,卖盘
1912,10:55:18,9.4,--,42,39480,卖盘
1913,10:55:15,9.4,-0.01,3000,2820000,卖盘
1914,10:55:12,9.41,-0.02,36,33876,卖盘
1915,10:55:09,9.43,--,0,0,买盘
1916,10:55:06,9.43,--,0,0,买盘
1917,10:55:03,9.43,--,1,943,买盘
1918,10:55:00,9.43,0.03,10,9430,买盘
1919,10:54:51,9.4,-0.01,145,136300,卖盘
1920,10:54:48,9.41,-0.01,218,205138,卖盘
1921,10:54:45,9.42,-0.01,7,6594,卖盘
1922,10:54:36,9.43,-0.01,6,5658,卖盘
1923,10:54:33,9.44,0.03,7,6608,买盘
1924,10:54:12,9.41,--,0,0,卖盘
1925,10:54:09,9.41,--,0,0,卖盘
1926,10:54:03,9.41,--,0,0,卖盘
1927,10:53:57,9.41,--,76,71516,卖盘
1928,10:53:54,9.41,-0.04,191,179731,卖盘
1929,10:53:51,9.45,0.03,10,9450,买盘
1930,10:53:48,9.42,-0.03,215,202530,卖盘
1931,10:53:33,9.45,--,8,7559,买盘
1932,10:53:27,9.45,--,0,0,买盘
1933,10:53:18,9.45,0.03,19,17955,买盘
1934,10:53:00,9.42,--,10,9420,卖盘
1935,10:52:54,9.42,--,153,144126,卖盘
1936,10:52:48,9.42,--,214,201588,卖盘
1937,10:52:36,9.42,--,41,38622,卖盘
1938,10:52:33,9.42,-0.01,238,224196,卖盘
1939,10:52:30,9.43,-0.02,35,33005,卖盘
1940,10:52:27,9.45,--,3,2835,买盘
1941,10:52:06,9.45,--,0,0,买盘
1942,10:52:03,9.45,0.02,354,334530,买盘
1943,10:51:54,9.43,--,129,121647,卖盘
1944,10:51:48,9.43,-0.02,214,201802,卖盘
1945,10:51:45,9.45,--,8,7559,买盘
1946,10:51:36,9.45,--,4,3779,买盘
1947,10:51:33,9.45,--,79,74655,卖盘
1948,10:51:12,9.45,-0.02,40,37800,卖盘
1949,10:51:09,9.47,--,0,0,买盘
1950,10:51:06,9.47,0.04,7,6629,买盘
1951,10:51:03,9.43,-0.04,183,172569,卖盘
1952,10:50:57,9.47,--,5,4735,买盘
1953,10:50:51,9.47,--,0,0,买盘
1954,10:50:48,9.47,--,216,204552,买盘
1955,10:50:39,9.47,--,1,947,买盘
1956,10:50:36,9.47,--,29,27463,买盘
1957,10:50:30,9.47,--,2,1894,买盘
1958,10:50:24,9.47,--,10,9470,买盘
1959,10:50:12,9.47,--,1,947,买盘
1960,10:50:09,9.47,0.03,52,49244,买盘
1961,10:50:06,9.44,-0.04,100,94400,卖盘
1962,10:50:03,9.48,--,0,0,买盘
1963,10:50:00,9.48,0.05,5,4740,买盘
1964,10:49:48,9.43,-0.05,254,239522,卖盘
1965,10:49:45,9.48,--,0,0,买盘
1966,10:49:42,9.48,--,8,7584,买盘
1967,10:49:39,9.48,0.01,73,69204,买盘
1968,10:49:36,9.47,-0.01,1,947,卖盘
1969,10:49:33,9.48,0.01,23,21804,买盘
1970,10:49:27,9.47,0.03,2,1894,买盘
1971,10:49:18,9.44,--,0,0,卖盘
1972,10:49:15,9.44,-0.03,138,130272,卖盘
1973,10:49:09,9.47,--,13,12311,买盘
1974,10:49:06,9.47,0.02,189,178983,买盘
1975,10:48:54,9.45,0.01,13,12284,中性盘
1976,10:48:51,9.44,-0.01,216,203904,卖盘
1977,10:48:48,9.45,--,30,28349,买盘
1978,10:48:45,9.45,--,29,27404,买盘
1979,10:48:42,9.45,-0.01,41,38745,卖盘
1980,10:48:36,9.46,0.01,9,8514,买盘
1981,10:48:33,9.45,-0.01,34,32129,卖盘
1982,10:48:24,9.46,-0.02,59,55814,中性盘
1983,10:48:21,9.48,--,42,39816,买盘
1984,10:48:15,9.48,--,27,25596,买盘
1985,10:48:12,9.48,0.03,31,29388,买盘
1986,10:48:09,9.45,-0.03,1,944,买盘
1987,10:48:06,9.48,--,0,0,买盘
1988,10:48:00,9.48,0.02,32,30336,买盘
1989,10:47:57,9.46,--,22,20812,买盘
1990,10:47:51,9.46,--,248,234608,买盘
1991,10:47:45,9.46,--,14,13244,买盘
1992,10:47:42,9.46,--,8,7568,买盘
1993,10:47:39,9.46,--,8,7568,买盘
1994,10:47:33,9.46,-0.02,74,70004,卖盘
1995,10:47:30,9.48,0.02,492,466416,买盘
1996,10:47:24,9.46,-0.01,17,16082,卖盘
1997,10:47:21,9.47,0.01,5,4735,买盘
1998,10:47:18,9.46,-0.01,8,7568,卖盘
1999,10:47:09,9.47,0.01,6,5682,买盘
2000,10:47:06,9.46,0.01,37,35002,买盘
2001,10:47:03,9.45,0.04,44,41580,买盘
2002,10:47:00,9.41,-0.04,200,188200,卖盘
2003,10:46:57,9.45,--,92,86940,买盘
2004,10:46:51,9.45,0.01,235,222074,买盘
2005,10:46:47,9.44,-0.01,2,1888,中性盘
2006,10:46:45,9.45,--,55,51974,买盘
2007,10:46:42,9.45,-0.01,176,166320,买盘
2008,10:46:36,9.46,--,0,0,买盘
2009,10:46:32,9.46,--,28,26488,买盘
2010,10:46:30,9.46,--,32,30272,买盘
2011,10:46:24,9.46,--,8,7568,买盘
2012,10:46:20,9.46,--,0,0,买盘
2013,10:46:14,9.46,--,21,19866,买盘
2014,10:46:11,9.46,--,37,35002,买盘
2015,10:46:08,9.46,--,33,31218,买盘
2016,10:46:05,9.46,--,1,946,买盘
2017,10:45:50,9.46,0.04,3,2838,买盘
2018,10:45:47,9.42,-0.03,348,327816,卖盘
2019,10:45:44,9.45,--,4,3779,卖盘
2020,10:45:41,9.45,--,446,421469,买盘
2021,10:45:38,9.45,--,1,944,买盘
2022,10:45:35,9.45,--,21,19845,买盘
2023,10:45:32,9.45,--,26,24569,买盘
2024,10:45:20,9.45,--,15,14174,买盘
2025,10:45:17,9.45,0.03,5,4725,买盘
2026,10:45:05,9.42,--,58,54636,卖盘
2027,10:44:59,9.42,--,0,0,卖盘
2028,10:44:56,9.42,-0.04,173,162966,卖盘
2029,10:44:47,9.46,0.03,237,224202,买盘
2030,10:44:32,9.43,--,0,0,中性盘
2031,10:44:29,9.43,0.01,378,356454,买盘
2032,10:44:23,9.42,-0.04,294,276948,卖盘
2033,10:44:17,9.46,0.01,27,25542,买盘
2034,10:44:14,9.45,0.03,10,9450,卖盘
2035,10:43:50,9.42,--,0,0,卖盘
2036,10:43:47,9.42,-0.04,379,357018,卖盘
2037,10:43:44,9.46,0.02,31,29326,买盘
2038,10:43:41,9.44,--,10,9440,卖盘
2039,10:43:38,9.44,-0.01,31,29264,卖盘
2040,10:43:35,9.45,0.01,8,7559,买盘
2041,10:43:20,9.44,-0.01,52,49088,卖盘
2042,10:43:17,9.45,--,23,21735,买盘
2043,10:43:14,9.45,--,27,25514,买盘
2044,10:43:05,9.45,0.02,1,944,买盘
2045,10:43:02,9.43,--,0,0,卖盘
2046,10:42:59,9.43,--,0,0,卖盘
2047,10:42:53,9.43,-0.03,237,223491,卖盘
2048,10:42:50,9.46,0.03,32,30272,买盘
2049,10:42:47,9.43,-0.01,236,222548,卖盘
2050,10:42:44,9.44,-0.02,19,17936,卖盘
2051,10:42:35,9.46,--,5,4730,买盘
2052,10:42:29,9.46,--,22,20812,买盘
2053,10:42:20,9.46,--,33,31218,买盘
2054,10:42:17,9.46,0.02,21,19866,买盘
2055,10:42:14,9.44,0.01,3,2832,买盘
2056,10:42:11,9.43,--,8,7544,买盘
2057,10:42:08,9.43,--,102,96186,买盘
2058,10:41:59,9.43,-0.03,71,66953,卖盘
2059,10:41:56,9.46,--,0,0,买盘
2060,10:41:53,9.46,0.01,32,30272,买盘
2061,10:41:50,9.45,--,28,26459,买盘
2062,10:41:47,9.45,0.01,238,224909,买盘
2063,10:41:44,9.44,-0.01,40,37760,卖盘
2064,10:41:41,9.45,--,2,1889,买盘
2065,10:41:38,9.45,0.02,9,8505,买盘
2066,10:41:35,9.43,--,0,0,卖盘
2067,10:41:32,9.43,-0.01,108,101844,卖盘
2068,10:41:26,9.44,--,40,37760,买盘
2069,10:41:17,9.44,0.01,21,19824,买盘
2070,10:41:11,9.43,0.01,49,46207,买盘
2071,10:41:08,9.42,--,168,158256,买盘
2072,10:41:05,9.42,--,32,30144,买盘
2073,10:40:59,9.42,--,19,17898,买盘
2074,10:40:55,9.42,--,11,10362,买盘
2075,10:40:53,9.42,-0.02,215,202530,卖盘
2076,10:40:45,9.44,--,256,241664,买盘
2077,10:40:42,9.44,--,0,0,买盘
2078,10:40:39,9.44,--,3,2832,买盘
2079,10:40:36,9.44,0.02,38,35872,买盘
2080,10:40:27,9.42,-0.02,25,23550,卖盘
2081,10:40:24,9.44,--,4,3776,买盘
2082,10:40:18,9.44,--,0,0,买盘
2083,10:40:15,9.44,--,161,151984,买盘
2084,10:40:09,9.44,--,5,4720,买盘
2085,10:40:06,9.44,--,7,6608,买盘
2086,10:40:03,9.44,0.02,2,1888,买盘
2087,10:39:51,9.42,--,4,3768,卖盘
2088,10:39:48,9.42,-0.02,549,517158,卖盘
2089,10:39:45,9.44,0.02,312,294528,买盘
2090,10:39:42,9.42,--,52,48984,卖盘
2091,10:39:39,9.42,--,5,4710,卖盘
2092,10:39:36,9.42,--,5,4710,卖盘
2093,10:39:27,9.42,--,10,9420,卖盘
2094,10:39:24,9.42,--,134,126228,买盘
2095,10:39:21,9.42,-0.01,21,19782,卖盘
2096,10:39:15,9.43,0.01,39,36777,买盘
2097,10:39:12,9.42,-0.01,139,130938,卖盘
2098,10:39:09,9.43,0.01,5,4715,买盘
2099,10:39:06,9.42,-0.01,25,23550,卖盘
2100,10:38:54,9.43,--,0,0,买盘
2101,10:38:45,9.43,0.02,21,19803,买盘
2102,10:38:42,9.41,-0.02,215,202315,卖盘
2103,10:38:39,9.43,--,0,0,买盘
2104,10:38:36,9.43,0.01,119,112217,买盘
2105,10:38:33,9.42,--,16,15072,买盘
2106,10:38:30,9.42,-0.01,14,13188,卖盘
2107,10:38:21,9.43,-0.01,25,23575,卖盘
2108,10:38:15,9.44,--,9,8496,买盘
2109,10:38:12,9.44,--,13,12272,买盘
2110,10:38:06,9.44,--,0,0,买盘
2111,10:38:03,9.44,0.03,7,6608,买盘
2112,10:38:00,9.41,-0.04,39,36699,卖盘
2113,10:37:48,9.45,--,0,0,买盘
2114,10:37:42,9.45,0.05,236,223019,买盘
2115,10:37:39,9.4,--,0,0,卖盘
2116,10:37:36,9.4,-0.04,185,173900,卖盘
2117,10:37:30,9.44,--,15,14160,买盘
2118,10:37:18,9.44,--,122,115168,买盘
2119,10:37:15,9.44,-0.01,5,4720,卖盘
2120,10:37:12,9.45,--,23,21735,买盘
2121,10:37:06,9.45,--,0,0,买盘
2122,10:37:03,9.45,--,17,16064,买盘
2123,10:37:00,9.45,-0.01,7,6614,买盘
2124,10:36:48,9.46,--,0,0,买盘
2125,10:36:45,9.46,0.04,120,113520,买盘
2126,10:36:42,9.42,-0.04,107,100794,卖盘
2127,10:36:39,9.46,--,63,59598,买盘
2128,10:36:36,9.46,--,1,946,买盘
2129,10:36:33,9.46,--,19,17974,买盘
2130,10:36:24,9.46,0.01,25,23650,买盘
2131,10:36:21,9.45,--,14,13229,买盘
2132,10:36:18,9.45,-0.01,5,4725,买盘
2133,10:36:15,9.46,--,12,11352,买盘
2134,10:36:12,9.46,--,22,20812,买盘
2135,10:36:06,9.46,--,30,28380,买盘
2136,10:36:03,9.46,--,0,0,买盘
2137,10:36:00,9.46,--,8,7568,买盘
2138,10:35:54,9.46,--,100,94600,买盘
2139,10:35:51,9.46,--,0,0,买盘
2140,10:35:45,9.46,0.05,26,24596,买盘
2141,10:35:42,9.41,-0.04,204,191964,卖盘
2142,10:35:39,9.45,-0.01,5,4725,卖盘
2143,10:35:36,9.46,0.01,21,19866,买盘
2144,10:35:33,9.45,--,17,16064,买盘
2145,10:35:30,9.45,--,11,10395,买盘
2146,10:35:27,9.45,0.01,45,42525,买盘
2147,10:35:24,9.44,0.03,22,20768,中性盘
2148,10:35:21,9.41,-0.04,49,46109,卖盘
2149,10:35:18,9.45,--,0,0,买盘
2150,10:35:15,9.45,--,13,12284,买盘
2151,10:35:12,9.45,-0.01,30,28349,买盘
2152,10:35:09,9.46,--,30,28380,买盘
2153,10:35:06,9.46,--,0,0,买盘
2154,10:35:03,9.46,--,45,42570,买盘
2155,10:34:54,9.46,0.04,73,69058,买盘
2156,10:34:51,9.42,--,19,17898,买盘
2157,10:34:48,9.42,-0.03,16,15072,中性盘
2158,10:34:42,9.45,0.02,237,223964,买盘
2159,10:34:39,9.43,--,3,2829,买盘
2160,10:34:36,9.43,--,4,3772,买盘
2161,10:34:33,9.43,--,0,0,买盘
2162,10:34:27,9.43,--,0,0,买盘
2163,10:34:24,9.43,0.01,13,12259,买盘
2164,10:34:15,9.42,-0.02,25,23550,卖盘
2165,10:34:12,9.44,0.01,19,17936,买盘
2166,10:34:06,9.43,-0.01,27,25461,卖盘
2167,10:34:03,9.44,0.01,6,5664,买盘
2168,10:34:00,9.43,-0.01,10,9430,卖盘
2169,10:33:54,9.44,--,0,0,买盘
2170,10:33:48,9.44,0.05,85,80693,买盘
2171,10:33:45,9.39,--,9,8451,买盘
2172,10:33:42,9.39,-0.08,168,158240,卖盘
2173,10:33:39,9.47,--,0,0,买盘
2174,10:33:36,9.47,0.05,88,83336,买盘
2175,10:33:33,9.42,--,0,0,中性盘
2176,10:33:30,9.42,-0.01,62,58404,卖盘
2177,10:33:27,9.43,0.02,10,9430,中性盘
2178,10:33:18,9.41,--,0,0,卖盘
2179,10:33:15,9.41,-0.02,60,56460,卖盘
2180,10:33:12,9.43,--,9,8487,买盘
2181,10:33:09,9.43,--,54,50922,买盘
2182,10:33:03,9.43,--,5,4715,买盘
2183,10:33:00,9.43,-0.01,7,6601,中性盘
2184,10:32:54,9.44,--,7,6608,买盘
2185,10:32:45,9.44,--,12,11328,买盘
2186,10:32:42,9.44,-0.03,31,29264,卖盘
2187,10:32:39,9.47,-0.01,30,28410,中性盘
2188,10:32:36,9.48,--,52,49296,买盘
2189,10:32:33,9.48,0.01,2,1896,买盘
2190,10:32:30,9.47,--,194,183718,卖盘
2191,10:32:21,9.47,--,93,88071,买盘
2192,10:32:12,9.47,0.01,42,39774,买盘
2193,10:32:06,9.46,--,26,24596,买盘
2194,10:32:00,9.46,0.01,24,22704,卖盘
2195,10:31:57,9.45,--,0,0,卖盘
2196,10:31:54,9.45,-0.01,4,3779,卖盘
2197,10:31:51,9.46,0.07,6,5676,买盘
2198,10:31:42,9.39,-0.06,164,153996,卖盘
2199,10:31:39,9.45,--,73,68985,卖盘
2200,10:31:36,9.45,0.03,353,334038,买盘
2201,10:31:33,9.42,--,38,35796,买盘
2202,10:31:30,9.42,-0.01,77,72534,卖盘
2203,10:31:27,9.43,0.01,18,16974,中性盘
2204,10:31:21,9.42,-0.01,310,292020,买盘
2205,10:31:15,9.43,--,0,0,买盘
2206,10:31:12,9.43,0.01,20,18860,买盘
2207,10:31:06,9.42,-0.01,15,14130,卖盘
2208,10:31:03,9.43,0.03,14,13202,买盘
2209,10:31:00,9.4,-0.03,49,46060,卖盘
2210,10:30:57,9.43,0.03,64,60352,买盘
2211,10:30:54,9.4,-0.02,9,8460,卖盘
2212,10:30:48,9.42,--,35,32970,买盘
2213,10:30:45,9.42,0.01,205,193110,买盘
2214,10:30:42,9.41,0.03,99,93159,买盘
2215,10:30:39,9.38,-0.03,140,131320,卖盘
2216,10:30:27,9.41,--,3,2823,买盘
2217,10:30:21,9.41,--,10,9410,买盘
2218,10:30:12,9.41,--,22,20702,买盘
2219,10:30:09,9.41,0.01,19,17879,买盘
2220,10:29:57,9.4,--,5,4700,买盘
2221,10:29:54,9.4,-0.01,72,67680,中性盘
2222,10:29:48,9.41,--,0,0,买盘
2223,10:29:45,9.41,0.03,7,6587,买盘
2224,10:29:42,9.38,--,62,58156,买盘
2225,10:29:39,9.38,-0.03,150,140700,卖盘
2226,10:29:33,9.41,0.01,12,11292,买盘
2227,10:29:30,9.4,--,41,38540,买盘
2228,10:29:27,9.4,--,15,14100,买盘
2229,10:29:24,9.4,--,46,43240,买盘
2230,10:29:15,9.4,--,31,29140,卖盘
2231,10:29:12,9.4,-0.02,48,45120,卖盘
2232,10:29:09,9.42,-0.01,6,5652,卖盘
2233,10:29:06,9.43,--,2,1886,买盘
2234,10:29:03,9.43,0.01,33,31119,买盘
2235,10:28:57,9.42,0.02,75,70650,买盘
2236,10:28:51,9.4,-0.02,49,46060,卖盘
2237,10:28:48,9.42,--,31,29202,买盘
2238,10:28:45,9.42,0.02,14,13188,买盘
2239,10:28:42,9.4,-0.02,215,202100,卖盘
2240,10:28:39,9.42,--,21,19782,买盘
2241,10:28:36,9.42,--,66,62172,买盘
2242,10:28:24,9.42,--,19,17898,买盘
2243,10:28:18,9.42,0.01,13,12246,买盘
2244,10:28:15,9.41,--,20,18820,买盘
2245,10:28:09,9.41,--,32,30112,买盘
2246,10:28:06,9.41,0.01,1,941,买盘
2247,10:28:03,9.4,-0.01,10,9400,卖盘
2248,10:28:00,9.41,0.01,39,36699,买盘
2249,10:27:54,9.4,0.02,125,117500,买盘
2250,10:27:51,9.38,--,5,4690,买盘
2251,10:27:45,9.38,--,31,29078,买盘
2252,10:27:42,9.38,-0.02,122,114436,卖盘
2253,10:27:39,9.4,-0.01,1,940,卖盘
2254,10:27:36,9.41,--,8,7528,买盘
2255,10:27:27,9.41,--,3,2823,买盘
2256,10:27:24,9.41,--,0,0,买盘
2257,10:27:21,9.41,0.01,252,237132,买盘
2258,10:27:18,9.4,--,4,3760,卖盘
2259,10:27:15,9.4,0.01,10,9400,买盘
2260,10:27:09,9.39,--,0,0,卖盘
2261,10:27:03,9.39,-0.02,12,11268,卖盘
2262,10:27:00,9.41,0.01,128,120448,买盘
2263,10:26:57,9.4,0.01,5,4700,买盘
2264,10:26:50,9.39,--,180,169020,买盘
2265,10:26:48,9.39,--,1,939,买盘
2266,10:26:45,9.39,0.01,79,74181,买盘
2267,10:26:41,9.38,-0.01,215,201670,卖盘
2268,10:26:39,9.39,0.01,29,27231,买盘
2269,10:26:35,9.38,-0.01,2,1876,卖盘
2270,10:26:27,9.39,--,4,3756,买盘
2271,10:26:24,9.39,0.01,3,2817,买盘
2272,10:26:18,9.38,-0.01,27,25326,卖盘
2273,10:26:14,9.39,0.01,14,13146,买盘
2274,10:26:03,9.38,-0.01,1,938,卖盘
2275,10:25:53,9.39,0.01,5,4695,买盘
2276,10:25:50,9.38,--,7,6566,买盘
2277,10:25:47,9.38,-0.01,7,6566,卖盘
2278,10:25:44,9.39,0.02,35,32865,买盘
2279,10:25:41,9.37,-0.01,215,201454,卖盘
2280,10:25:38,9.38,--,21,19698,卖盘
2281,10:25:35,9.38,--,410,384580,买盘
2282,10:25:32,9.38,--,10,9380,买盘
2283,10:25:29,9.38,--,36,33768,买盘
2284,10:25:23,9.38,--,3,2814,买盘
2285,10:25:20,9.38,-0.02,27,25326,中性盘
2286,10:25:14,9.4,0.02,238,223720,买盘
2287,10:25:11,9.38,--,7,6566,买盘
2288,10:25:05,9.38,--,107,100366,买盘
2289,10:24:59,9.38,--,17,15946,买盘
2290,10:24:56,9.38,-0.02,252,236376,卖盘
2291,10:24:53,9.4,0.01,5,4700,买盘
2292,10:24:50,9.39,-0.01,45,42255,卖盘
2293,10:24:44,9.4,--,31,29140,买盘
2294,10:24:41,9.4,--,251,235940,买盘
2295,10:24:38,9.4,--,8,7520,买盘
2296,10:24:35,9.4,--,10,9400,买盘
2297,10:24:32,9.4,--,67,62980,买盘
2298,10:24:26,9.4,--,53,49820,买盘
2299,10:24:23,9.4,--,108,101520,买盘
2300,10:24:17,9.4,--,3,2820,买盘
2301,10:24:14,9.4,--,99,93060,买盘
2302,10:24:11,9.4,--,310,291400,买盘
2303,10:24:08,9.4,--,1,940,买盘
2304,10:24:02,9.4,--,2,1880,买盘
2305,10:23:59,9.4,--,3,2820,买盘
2306,10:23:53,9.4,--,50,47000,买盘
2307,10:23:50,9.4,--,15,14100,买盘
2308,10:23:47,9.4,--,0,0,买盘
2309,10:23:44,9.4,--,20,18800,买盘
2310,10:23:41,9.4,--,528,496320,买盘
2311,10:23:38,9.4,0.02,110,104236,买盘
2312,10:23:35,9.38,-0.01,57,53569,卖盘
2313,10:23:32,9.39,--,27,25353,买盘
2314,10:23:29,9.39,--,50,46950,买盘
2315,10:23:20,9.39,0.01,12,12103,买盘
2316,10:23:14,9.38,0.01,33,30954,买盘
2317,10:23:08,9.37,-0.01,290,271730,卖盘
2318,10:23:05,9.38,--,26,24388,买盘
2319,10:22:59,9.38,--,0,0,买盘
2320,10:22:56,9.38,0.01,56,52528,买盘
2321,10:22:53,9.37,--,7,6558,买盘
2322,10:22:50,9.37,--,32,29983,买盘
2323,10:22:47,9.37,-0.01,455,426438,卖盘
2324,10:22:44,9.38,0.01,22,20636,买盘
2325,10:22:41,9.37,--,164,153668,卖盘
2326,10:22:38,9.37,-0.01,51,47786,卖盘
2327,10:22:32,9.38,--,7,6566,买盘
2328,10:22:26,9.38,0.01,1,938,买盘
2329,10:22:20,9.37,-0.01,49,45912,卖盘
2330,10:22:17,9.38,--,3,2814,买盘
2331,10:22:14,9.38,--,18,16884,买盘
2332,10:22:11,9.38,--,95,89110,买盘
2333,10:22:05,9.38,0.01,2,1876,买盘
2334,10:21:53,9.37,--,135,127328,买盘
2335,10:21:50,9.37,--,5,4685,买盘
2336,10:21:44,9.37,--,14,13117,买盘
2337,10:21:41,9.37,0.02,7,6558,买盘
2338,10:21:38,9.35,-0.02,230,215050,卖盘
2339,10:21:35,9.37,--,2,1873,买盘
2340,10:21:32,9.37,0.01,8,7495,买盘
2341,10:21:29,9.36,--,77,72072,卖盘
2342,10:21:23,9.36,--,22,20592,卖盘
2343,10:21:20,9.36,-0.01,1,936,卖盘
2344,10:21:17,9.37,0.01,8,7495,买盘
2345,10:21:14,9.36,-0.01,28,26208,卖盘
2346,10:21:11,9.37,0.01,33,30920,买盘
2347,10:20:59,9.36,--,18,16848,卖盘
2348,10:20:52,9.36,--,5,4680,卖盘
2349,10:20:50,9.36,--,72,67392,买盘
2350,10:20:47,9.36,-0.01,33,30887,卖盘
2351,10:20:43,9.37,0.01,22,20614,买盘
2352,10:20:36,9.36,--,266,248975,买盘
2353,10:20:33,9.36,--,7,6552,买盘
2354,10:20:30,9.36,--,50,46800,买盘
2355,10:20:27,9.36,--,11,10296,买盘
2356,10:20:24,9.36,--,22,20592,买盘
2357,10:20:21,9.36,--,6,5616,买盘
2358,10:20:18,9.36,--,40,37440,买盘
2359,10:20:15,9.36,-0.01,118,110448,卖盘
2360,10:20:12,9.37,--,13,12180,买盘
2361,10:20:09,9.37,0.01,56,52471,买盘
2362,10:20:03,9.36,--,28,26208,卖盘
2363,10:20:01,9.36,--,162,151632,买盘
2364,10:19:57,9.36,--,23,21528,买盘
2365,10:19:54,9.36,--,3,2808,买盘
2366,10:19:51,9.36,-0.01,12,11232,买盘
2367,10:19:45,9.37,--,5,4685,买盘
2368,10:19:42,9.37,0.02,51,47786,买盘
2369,10:19:36,9.35,-0.01,216,201960,卖盘
2370,10:19:33,9.36,-0.01,5,4680,卖盘
2371,10:19:30,9.37,0.01,48,44975,买盘
2372,10:19:27,9.36,--,49,45864,卖盘
2373,10:19:18,9.36,-0.01,6,5616,卖盘
2374,10:19:15,9.37,--,3,2810,买盘
2375,10:19:12,9.37,--,0,0,买盘
2376,10:19:09,9.37,0.01,27,25298,买盘
2377,10:19:06,9.36,--,111,103896,买盘
2378,10:19:03,9.36,--,10,9360,买盘
2379,10:18:51,9.36,0.01,50,46800,买盘
2380,10:18:45,9.35,--,38,35530,买盘
2381,10:18:42,9.35,--,32,29920,买盘
2382,10:18:39,9.35,--,9,8415,买盘
2383,10:18:36,9.35,0.01,224,209440,买盘
2384,10:18:33,9.34,-0.01,19,17746,卖盘
2385,10:18:30,9.35,--,1,935,买盘
2386,10:18:27,9.35,--,7,6545,买盘
2387,10:18:24,9.35,0.01,200,187000,买盘
2388,10:18:21,9.34,--,125,116750,卖盘
2389,10:18:18,9.34,--,64,59776,卖盘
2390,10:18:15,9.34,-0.01,20,18680,卖盘
2391,10:18:12,9.35,0.01,415,388025,买盘
2392,10:18:09,9.34,--,26,24284,买盘
2393,10:18:06,9.34,--,24,22416,买盘
2394,10:18:03,9.34,-0.01,241,225094,卖盘
2395,10:18:00,9.35,0.01,13,12155,买盘
2396,10:17:57,9.34,--,103,96202,卖盘
2397,10:17:54,9.34,-0.01,5,4670,卖盘
2398,10:17:51,9.35,--,20,18700,买盘
2399,10:17:42,9.35,--,5,4675,买盘
2400,10:17:39,9.35,0.01,22,20570,买盘
2401,10:17:36,9.34,-0.01,248,231632,卖盘
2402,10:17:33,9.35,--,14,13090,买盘
2403,10:17:30,9.35,--,40,37400,买盘
2404,10:17:21,9.35,--,27,25245,买盘
2405,10:17:18,9.35,--,3,2805,买盘
2406,10:17:15,9.35,--,105,98175,买盘
2407,10:17:12,9.35,--,10,9350,买盘
2408,10:17:09,9.35,0.01,21,19635,买盘
2409,10:17:06,9.34,-0.01,10,9340,卖盘
2410,10:17:03,9.35,--,169,158015,买盘
2411,10:17:00,9.35,--,2,1870,买盘
2412,10:16:57,9.35,--,10,9350,买盘
2413,10:16:54,9.35,--,4,3740,买盘
2414,10:16:51,9.35,--,6,5610,买盘
2415,10:16:45,9.35,--,10,9350,买盘
2416,10:16:42,9.35,-0.01,30,28050,卖盘
2417,10:16:39,9.36,0.01,43,40248,买盘
2418,10:16:36,9.35,--,243,227205,买盘
2419,10:16:33,9.35,--,17,15895,买盘
2420,10:16:30,9.35,--,21,19635,买盘
2421,10:16:27,9.35,--,3,2805,买盘
2422,10:16:24,9.35,--,1087,1016345,卖盘
2423,10:16:21,9.35,-0.01,48,44880,卖盘
2424,10:16:18,9.36,--,5,4680,买盘
2425,10:16:15,9.36,--,69,64583,买盘
2426,10:16:12,9.36,0.01,18,16848,买盘
2427,10:16:09,9.35,-0.01,17,15895,卖盘
2428,10:16:06,9.36,--,50,46800,买盘
2429,10:16:03,9.36,0.02,2,1872,买盘
2430,10:15:57,9.34,-0.01,100,93400,卖盘
2431,10:15:54,9.35,--,101,94435,买盘
2432,10:15:51,9.35,0.01,16,15427,买盘
2433,10:15:48,9.34,-0.01,58,54172,卖盘
2434,10:15:42,9.35,--,22,20570,买盘
2435,10:15:39,9.35,--,2,1870,买盘
2436,10:15:36,9.35,--,236,220660,买盘
2437,10:15:33,9.35,0.01,11,10285,买盘
2438,10:15:30,9.34,--,13,12142,卖盘
2439,10:15:27,9.34,--,9,8406,卖盘
2440,10:15:24,9.34,-0.01,8,7472,卖盘
2441,10:15:21,9.35,0.01,56,52360,买盘
2442,10:15:18,9.34,--,7,6538,买盘
2443,10:15:12,9.34,-0.01,36,33624,卖盘
2444,10:15:09,9.35,--,8,7480,买盘
2445,10:15:06,9.35,0.01,130,121550,买盘
2446,10:15:03,9.34,-0.01,44,41096,卖盘
2447,10:15:00,9.35,--,1,935,买盘
2448,10:14:54,9.35,--,5,4675,买盘
2449,10:14:48,9.35,--,0,0,买盘
2450,10:14:42,9.35,-0.01,24,22440,卖盘
2451,10:14:39,9.36,--,2,1872,买盘
2452,10:14:36,9.36,0.01,216,202176,买盘
2453,10:14:30,9.35,--,6,5610,卖盘
2454,10:14:27,9.35,--,1,935,买盘
2455,10:14:24,9.35,-0.01,29,27115,卖盘
2456,10:14:15,9.36,--,0,0,买盘
2457,10:14:12,9.36,0.01,30,28080,买盘
2458,10:14:09,9.35,0.01,9,8415,买盘
2459,10:14:06,9.34,--,15,14010,卖盘
2460,10:14:03,9.34,--,12,11208,卖盘
2461,10:14:00,9.34,--,0,0,卖盘
2462,10:13:57,9.34,--,20,18680,卖盘
2463,10:13:48,9.34,-0.02,2,1868,卖盘
2464,10:13:45,9.36,--,198,185328,买盘
2465,10:13:42,9.36,--,9,8424,买盘
2466,10:13:39,9.36,-0.01,331,310518,卖盘
2467,10:13:33,9.37,--,2,1873,买盘
2468,10:13:21,9.37,0.01,172,161164,买盘
2469,10:13:18,9.36,--,12,11232,卖盘
2470,10:13:15,9.36,-0.01,14,13104,卖盘
2471,10:13:12,9.37,--,6,5621,买盘
2472,10:13:09,9.37,0.04,597,559623,买盘
2473,10:13:06,9.33,-0.03,52,48516,卖盘
2474,10:13:03,9.36,--,2,1872,买盘
2475,10:12:54,9.36,--,1,936,买盘
2476,10:12:51,9.36,0.03,5,4680,买盘
2477,10:12:48,9.33,-0.03,7,6531,卖盘
2478,10:12:39,9.36,--,21,19656,买盘
2479,10:12:36,9.36,0.03,27,25272,买盘
2480,10:12:33,9.33,--,38,35454,买盘
2481,10:12:30,9.33,-0.03,352,328416,卖盘
2482,10:12:27,9.36,0.04,1,936,买盘
2483,10:12:24,9.32,--,0,0,卖盘
2484,10:12:21,9.32,-0.01,142,132344,卖盘
2485,10:12:18,9.33,-0.01,116,108228,卖盘
2486,10:12:15,9.34,--,11,10274,买盘
2487,10:12:12,9.34,-0.01,16,14944,中性盘
2488,10:12:09,9.35,0.01,300,280500,买盘
2489,10:12:06,9.34,--,159,148506,买盘
2490,10:12:03,9.34,0.01,38,35492,买盘
2491,10:12:00,9.33,--,140,130620,买盘
2492,10:11:57,9.33,--,114,106362,买盘
2493,10:11:48,9.33,-0.01,772,720276,卖盘
2494,10:11:45,9.34,--,2,1868,买盘
2495,10:11:42,9.34,--,3,2802,买盘
2496,10:11:39,9.34,--,32,29888,买盘
2497,10:11:36,9.34,--,24,22416,买盘
2498,10:11:33,9.34,--,10,9340,卖盘
2499,10:11:27,9.34,-0.01,50,46700,卖盘
2500,10:11:24,9.35,--,0,0,买盘
2501,10:11:21,9.35,--,143,133705,买盘
2502,10:11:12,9.35,--,21,19635,买盘
2503,10:11:09,9.35,0.01,34,31790,买盘
2504,10:11:00,9.34,--,22,20548,卖盘
2505,10:10:54,9.34,-0.01,2,1868,卖盘
2506,10:10:51,9.35,--,10,9350,买盘
2507,10:10:45,9.35,--,118,110330,买盘
2508,10:10:42,9.35,--,3,2805,买盘
2509,10:10:39,9.35,0.01,19,17765,买盘
2510,10:10:33,9.34,-0.01,600,560400,卖盘
2511,10:10:30,9.35,--,8,7480,买盘
2512,10:10:27,9.35,--,24,22440,买盘
2513,10:10:24,9.35,--,10,9350,买盘
2514,10:10:21,9.35,-0.01,240,224400,卖盘
2515,10:10:12,9.36,--,2,1872,买盘
2516,10:10:09,9.36,0.01,533,498887,买盘
2517,10:10:06,9.35,-0.02,143,133705,卖盘
2518,10:10:03,9.37,--,1,936,买盘
2519,10:10:00,9.37,0.01,20,18740,买盘
2520,10:09:57,9.36,--,0,0,卖盘
2521,10:09:51,9.36,-0.02,50,46800,卖盘
2522,10:09:39,9.38,--,22,20636,买盘
2523,10:09:27,9.38,0.02,75,70350,买盘
2524,10:09:21,9.36,0.01,16,14976,买盘
2525,10:09:18,9.35,-0.01,218,203830,卖盘
2526,10:09:15,9.36,-0.02,49,45864,卖盘
2527,10:09:12,9.38,--,12,11256,中性盘
2528,10:09:09,9.38,0.02,20,18760,买盘
2529,10:09:06,9.36,-0.01,218,204048,卖盘
2530,10:09:03,9.37,-0.02,9,8433,中性盘
2531,10:09:00,9.39,0.02,22,20658,买盘
2532,10:08:57,9.37,--,0,0,卖盘
2533,10:08:54,9.37,--,6,5621,买盘
2534,10:08:51,9.37,-0.02,69,64652,卖盘
2535,10:08:45,9.39,0.02,1000,939000,买盘
2536,10:08:42,9.37,-0.01,28,26235,中性盘
2537,10:08:36,9.38,--,0,0,买盘
2538,10:08:33,9.38,--,299,280462,卖盘
2539,10:08:27,9.38,0.02,679,636902,买盘
2540,10:08:24,9.36,--,196,183456,卖盘
2541,10:08:21,9.36,-0.02,146,136656,卖盘
2542,10:08:12,9.38,--,21,19698,买盘
2543,10:08:09,9.38,--,133,124754,买盘
2544,10:08:06,9.38,--,206,193228,卖盘
2545,10:07:54,9.38,--,91,85358,卖盘
2546,10:07:51,9.38,-0.01,88,82544,卖盘
2547,10:07:48,9.39,--,108,101412,买盘
2548,10:07:42,9.39,--,20,18780,买盘
2549,10:07:36,9.39,--,6,5634,买盘
2550,10:07:30,9.39,0.01,12,11268,买盘
2551,10:07:21,9.38,-0.01,141,132258,卖盘
2552,10:07:12,9.39,--,22,20658,买盘
2553,10:07:09,9.39,--,50,46950,买盘
2554,10:07:05,9.39,0.01,10,9390,买盘
2555,10:06:59,9.38,-0.01,18,16884,卖盘
2556,10:06:56,9.39,--,0,0,买盘
2557,10:06:47,9.39,0.03,107,100473,买盘
2558,10:06:44,9.36,--,16,14976,买盘
2559,10:06:41,9.36,-0.02,49,45864,卖盘
2560,10:06:38,9.38,--,3,2814,买盘
2561,10:06:26,9.38,0.03,5,4690,卖盘
2562,10:06:20,9.35,-0.03,141,131835,卖盘
2563,10:06:17,9.38,--,7,6566,卖盘
2564,10:06:14,9.38,--,13,12194,卖盘
2565,10:06:11,9.38,0.03,180,168840,买盘
2566,10:06:08,9.35,-0.03,11,10285,卖盘
2567,10:06:02,9.38,0.03,18,16884,买盘
2568,10:05:59,9.35,0.01,12,11220,卖盘
2569,10:05:56,9.34,--,0,0,卖盘
2570,10:05:53,9.34,-0.03,31,28954,卖盘
2571,10:05:47,9.37,0.03,3,2810,买盘
2572,10:05:44,9.34,-0.03,4,3736,中性盘
2573,10:05:41,9.37,--,20,18740,买盘
2574,10:05:38,9.37,0.04,11,10307,买盘
2575,10:05:32,9.33,--,23,21459,卖盘
2576,10:05:29,9.33,--,0,0,卖盘
2577,10:05:26,9.33,--,0,0,卖盘
2578,10:05:20,9.33,-0.04,520,485160,卖盘
2579,10:05:11,9.37,--,7,6558,买盘
2580,10:05:08,9.37,0.01,7,6558,买盘
2581,10:05:05,9.36,-0.01,200,187200,卖盘
2582,10:05:02,9.37,0.01,7,6558,买盘
2583,10:04:59,9.36,--,49,45864,卖盘
2584,10:04:53,9.36,--,8,7488,卖盘
2585,10:04:50,9.36,0.01,205,192582,买盘
2586,10:04:47,9.35,--,10,9350,买盘
2587,10:04:41,9.35,-0.01,11,10285,卖盘
2588,10:04:38,9.36,--,20,18720,买盘
2589,10:04:35,9.36,0.01,495,463320,买盘
2590,10:04:26,9.35,-0.01,95,88825,卖盘
2591,10:04:23,9.36,--,46,43056,买盘
2592,10:04:20,9.36,--,149,139464,买盘
2593,10:04:17,9.36,--,8,7488,买盘
2594,10:04:11,9.36,--,26,24336,买盘
2595,10:04:08,9.36,-0.01,30,28080,卖盘
2596,10:04:05,9.37,--,1,936,买盘
2597,10:04:02,9.37,0.01,112,104943,买盘
2598,10:03:59,9.36,--,0,0,买盘
2599,10:03:56,9.36,--,69,64583,买盘
2600,10:03:53,9.36,--,0,0,买盘
2601,10:03:50,9.36,--,58,54288,买盘
2602,10:03:44,9.36,--,17,15911,买盘
2603,10:03:41,9.36,--,166,155376,买盘
2604,10:03:32,9.36,--,4,3744,买盘
2605,10:03:29,9.36,-0.01,4,3744,卖盘
2606,10:03:26,9.37,--,18,16866,买盘
2607,10:03:20,9.37,-0.01,406,380421,卖盘
2608,10:03:17,9.38,-0.01,350,328300,卖盘
2609,10:03:14,9.39,0.01,18,16902,买盘
2610,10:03:11,9.38,-0.01,17,15946,卖盘
2611,10:03:08,9.39,0.01,8,7512,买盘
2612,10:03:02,9.38,-0.01,10,9380,卖盘
2613,10:02:59,9.39,0.01,20,18780,买盘
2614,10:02:53,9.38,--,71,66598,卖盘
2615,10:02:50,9.38,0.01,713,668794,买盘
2616,10:02:44,9.37,-0.01,129,120872,卖盘
2617,10:02:41,9.38,--,39,36582,买盘
2618,10:02:38,9.38,--,0,0,买盘
2619,10:02:35,9.38,--,121,113498,卖盘
2620,10:02:32,9.38,0.02,879,824502,买盘
2621,10:02:29,9.36,--,35,32759,买盘
2622,10:02:26,9.36,0.01,32,29952,买盘
2623,10:02:23,9.35,0.01,1,935,卖盘
2624,10:02:20,9.34,--,0,0,卖盘
2625,10:02:17,9.34,-0.03,229,213886,卖盘
2626,10:02:14,9.37,0.01,118,110565,买盘
2627,10:02:11,9.36,--,18,16848,买盘
2628,10:02:08,9.36,0.03,26,24336,买盘
2629,10:01:56,9.33,-0.01,12,11196,卖盘
2630,10:01:53,9.34,-0.02,118,110212,卖盘
2631,10:01:47,9.36,--,10,9360,买盘
2632,10:01:43,9.36,0.03,500,468000,买盘
2633,10:01:41,9.33,-0.02,52,48516,卖盘
2634,10:01:38,9.35,0.02,116,108460,买盘
2635,10:01:35,9.33,--,0,0,卖盘
2636,10:01:32,9.33,--,28,26124,卖盘
2637,10:01:29,9.33,--,198,184734,卖盘
2638,10:01:26,9.33,--,0,0,卖盘
2639,10:01:23,9.33,-0.03,11,10263,卖盘
2640,10:01:19,9.36,0.03,10,9360,买盘
2641,10:01:17,9.33,--,153,142749,卖盘
2642,10:01:11,9.33,--,0,0,卖盘
2643,10:01:07,9.33,-0.03,700,653100,卖盘
2644,10:00:57,9.36,--,10,9360,买盘
2645,10:00:51,9.36,--,10,9360,买盘
2646,10:00:48,9.36,0.01,72,67392,买盘
2647,10:00:46,9.35,--,6,5610,卖盘
2648,10:00:42,9.35,--,43,40205,卖盘
2649,10:00:39,9.35,-0.01,72,67320,卖盘
2650,10:00:34,9.36,0.01,17,15911,买盘
2651,10:00:30,9.35,--,3,2805,卖盘
2652,10:00:24,9.35,--,48,44880,买盘
2653,10:00:21,9.35,--,1,935,买盘
2654,10:00:18,9.35,--,261,244035,卖盘
2655,10:00:15,9.35,-0.01,483,451605,卖盘
2656,10:00:12,9.36,0.01,68,63647,买盘
2657,10:00:09,9.35,--,146,136510,买盘
2658,10:00:06,9.35,--,7,6545,买盘
2659,09:59:57,9.35,0.01,50,46750,买盘
2660,09:59:54,9.34,-0.01,10,9340,卖盘
2661,09:59:51,9.35,--,15,14025,买盘
2662,09:59:48,9.35,--,4,3740,买盘
2663,09:59:45,9.35,0.01,18,16830,中性盘
2664,09:59:42,9.34,--,59,55106,卖盘
2665,09:59:39,9.34,-0.01,100,93400,卖盘
2666,09:59:33,9.35,--,1,935,买盘
2667,09:59:30,9.35,--,107,100045,卖盘
2668,09:59:27,9.35,-0.01,1010,944350,卖盘
2669,09:59:21,9.36,--,350,327600,卖盘
2670,09:59:15,9.36,-0.02,163,152568,卖盘
2671,09:59:12,9.38,--,1,938,买盘
2672,09:59:09,9.38,--,55,51590,买盘
2673,09:59:06,9.38,-0.01,25,23450,买盘
2674,09:59:00,9.39,--,0,0,买盘
2675,09:58:57,9.39,0.01,11,10329,买盘
2676,09:58:54,9.38,-0.01,23,21574,卖盘
2677,09:58:51,9.39,0.01,201,188739,买盘
2678,09:58:45,9.38,-0.01,296,277648,卖盘
2679,09:58:42,9.39,0.01,2,1878,买盘
2680,09:58:39,9.38,--,15,14070,买盘
2681,09:58:36,9.38,--,46,43148,卖盘
2682,09:58:33,9.38,-0.01,2,1876,卖盘
2683,09:58:30,9.39,0.01,9,8451,买盘
2684,09:58:27,9.38,--,10,9380,卖盘
2685,09:58:24,9.38,--,101,94738,卖盘
2686,09:58:18,9.38,0.03,337,316106,买盘
2687,09:58:15,9.35,-0.01,150,140250,卖盘
2688,09:58:06,9.36,--,0,0,卖盘
2689,09:58:03,9.36,--,10,9360,卖盘
2690,09:57:57,9.36,-0.02,10,9360,卖盘
2691,09:57:45,9.38,--,17,15946,买盘
2692,09:57:39,9.38,--,2,1876,买盘
2693,09:57:36,9.38,--,447,419286,卖盘
2694,09:57:33,9.38,--,10,9380,卖盘
2695,09:57:24,9.38,0.01,83,77854,买盘
2696,09:57:21,9.37,-0.02,485,454444,卖盘
2697,09:57:18,9.39,0.02,4,3756,买盘
2698,09:57:15,9.37,-0.01,150,140550,卖盘
2699,09:57:09,9.38,--,9,8442,卖盘
2700,09:57:06,9.38,--,31,29078,买盘
2701,09:57:03,9.38,--,33,30954,买盘
2702,09:57:00,9.38,-0.02,46,43148,卖盘
2703,09:56:57,9.4,--,97,91180,买盘
2704,09:56:51,9.4,--,58,54520,买盘
2705,09:56:45,9.4,--,270,253800,买盘
2706,09:56:42,9.4,--,5,4700,买盘
2707,09:56:39,9.4,--,408,383520,买盘
2708,09:56:36,9.4,0.01,33,31020,买盘
2709,09:56:33,9.39,--,104,97656,卖盘
2710,09:56:27,9.39,--,163,153057,买盘
2711,09:56:24,9.39,--,126,118314,买盘
2712,09:56:21,9.39,--,30,28170,买盘
2713,09:56:18,9.39,0.01,40,37560,买盘
2714,09:56:15,9.38,-0.01,248,232624,卖盘
2715,09:56:12,9.39,0.01,134,125826,买盘
2716,09:56:09,9.38,--,21,19698,卖盘
2717,09:55:57,9.38,--,99,92862,买盘
2718,09:55:54,9.38,0.01,92,86296,买盘
2719,09:55:51,9.37,-0.01,6,5621,卖盘
2720,09:55:48,9.38,0.01,42,39396,买盘
2721,09:55:45,9.37,-0.02,193,180840,卖盘
2722,09:55:42,9.39,0.02,6,5634,买盘
2723,09:55:39,9.37,--,164,153668,卖盘
2724,09:55:33,9.37,0.01,178,167254,买盘
2725,09:55:27,9.36,0.02,74,69264,买盘
2726,09:55:24,9.34,--,16,14944,卖盘
2727,09:55:18,9.34,--,50,46700,卖盘
2728,09:55:15,9.34,--,141,131694,卖盘
2729,09:55:12,9.34,--,35,33157,卖盘
2730,09:55:09,9.34,0.01,15,14010,卖盘
2731,09:55:03,9.33,--,0,0,卖盘
2732,09:54:57,9.33,-0.01,92,85836,卖盘
2733,09:54:48,9.34,--,5,4670,买盘
2734,09:54:42,9.34,--,12,11208,买盘
2735,09:54:39,9.34,--,1,934,买盘
2736,09:54:36,9.34,0.01,32,29888,买盘
2737,09:54:33,9.33,--,65,60645,卖盘
2738,09:54:30,9.33,-0.01,177,165141,卖盘
2739,09:54:27,9.34,--,4,3736,买盘
2740,09:54:24,9.34,--,1,934,买盘
2741,09:54:21,9.34,--,22,20548,买盘
2742,09:54:18,9.34,0.01,664,620176,买盘
2743,09:54:15,9.33,-0.01,31,28923,卖盘
2744,09:54:12,9.34,--,12,11208,买盘
2745,09:54:09,9.34,--,73,68182,买盘
2746,09:54:06,9.34,--,103,96202,买盘
2747,09:54:03,9.34,--,96,89664,买盘
2748,09:54:00,9.34,-0.01,235,219490,卖盘
2749,09:53:54,9.35,--,14,13090,买盘
2750,09:53:51,9.35,--,44,41607,卖盘
2751,09:53:48,9.35,-0.02,56,52360,卖盘
2752,09:53:42,9.37,--,510,477869,买盘
2753,09:53:39,9.37,--,12,11243,买盘
2754,09:53:36,9.37,--,7,6558,买盘
2755,09:53:33,9.37,--,9,8901,卖盘
2756,09:53:27,9.37,--,1,936,卖盘
2757,09:53:24,9.37,--,16,14991,卖盘
2758,09:53:21,9.37,0.02,479,449291,买盘
2759,09:53:18,9.35,0.01,68,64047,买盘
2760,09:53:15,9.34,-0.01,152,142435,卖盘
2761,09:53:09,9.35,--,17,15895,买盘
2762,09:53:06,9.35,0.01,32,29920,买盘
2763,09:53:03,9.34,--,4,3736,卖盘
2764,09:53:00,9.34,-0.01,19,17746,卖盘
2765,09:52:57,9.35,--,11,10285,买盘
2766,09:52:54,9.35,0.01,15,14025,买盘
2767,09:52:51,9.34,--,150,140100,卖盘
2768,09:52:48,9.34,--,33,30822,卖盘
2769,09:52:45,9.34,-0.01,21,20081,卖盘
2770,09:52:42,9.35,0.01,46,43010,买盘
2771,09:52:39,9.34,-0.01,13,12609,卖盘
2772,09:52:36,9.35,--,11,10285,卖盘
2773,09:52:33,9.35,0.01,188,176247,买盘
2774,09:52:30,9.34,-0.01,16,14944,卖盘
2775,09:52:27,9.35,--,10,9350,买盘
2776,09:52:24,9.35,--,20,18700,买盘
2777,09:52:21,9.35,--,20,18700,买盘
2778,09:52:18,9.35,--,11,10752,卖盘
2779,09:52:12,9.35,--,15,14492,卖盘
2780,09:52:09,9.35,-0.01,28,26180,卖盘
2781,09:51:57,9.36,--,10,9360,买盘
2782,09:51:54,9.36,-0.04,627,587340,卖盘
2783,09:51:51,9.4,--,50,47000,买盘
2784,09:51:48,9.4,--,185,173900,买盘
2785,09:51:45,9.4,-0.02,288,270720,卖盘
2786,09:51:39,9.42,0.02,2,1884,卖盘
2787,09:51:36,9.4,--,0,0,卖盘
2788,09:51:33,9.4,-0.03,437,410780,卖盘
2789,09:51:30,9.43,--,1,943,买盘
2790,09:51:24,9.43,0.02,60,56580,买盘
2791,09:51:21,9.41,--,20,18820,卖盘
2792,09:51:18,9.41,-0.02,1,941,卖盘
2793,09:51:15,9.43,0.01,30,28290,买盘
2794,09:51:12,9.42,0.01,200,188400,买盘
2795,09:51:09,9.41,--,10,9410,卖盘
2796,09:51:06,9.41,--,41,38581,卖盘
2797,09:51:03,9.41,--,10,9410,卖盘
2798,09:51:00,9.41,--,109,102569,买盘
2799,09:50:54,9.41,0.01,10,9410,买盘
2800,09:50:51,9.4,--,10,9400,卖盘
2801,09:50:48,9.4,-0.01,38,35720,卖盘
2802,09:50:45,9.41,--,10,9410,买盘
2803,09:50:42,9.41,0.01,200,188200,买盘
2804,09:50:39,9.4,--,110,103400,卖盘
2805,09:50:36,9.4,-0.02,3,2820,卖盘
2806,09:50:33,9.42,0.02,4,3768,买盘
2807,09:50:30,9.4,--,7,6580,卖盘
2808,09:50:27,9.4,0.01,2602,2445880,买盘
2809,09:50:24,9.39,--,110,103759,买盘
2810,09:50:21,9.39,--,94,88266,买盘
2811,09:50:18,9.39,--,39,36621,买盘
2812,09:50:15,9.39,0.01,3,2817,买盘
2813,09:50:12,9.38,-0.01,44,41272,卖盘
2814,09:50:09,9.39,0.01,50,46950,买盘
2815,09:50:06,9.38,0.01,206,193228,买盘
2816,09:50:03,9.37,--,76,71212,买盘
2817,09:50:00,9.37,0.02,4,3747,买盘
2818,09:49:54,9.35,--,35,32725,卖盘
2819,09:49:51,9.35,0.01,22,20570,买盘
2820,09:49:45,9.34,--,61,56974,卖盘
2821,09:49:39,9.34,-0.01,5,4670,中性盘
2822,09:49:36,9.35,0.02,877,819995,买盘
2823,09:49:30,9.33,--,22,20526,卖盘
2824,09:49:24,9.33,0.01,322,300426,买盘
2825,09:49:21,9.32,-0.02,22,20504,中性盘
2826,09:49:18,9.34,0.03,359,335306,买盘
2827,09:49:15,9.31,0.01,5,4655,买盘
2828,09:49:12,9.3,-0.01,472,439015,卖盘
2829,09:49:09,9.31,-0.02,25,23275,卖盘
2830,09:49:03,9.33,--,3,2799,卖盘
2831,09:49:00,9.33,--,90,83970,买盘
2832,09:48:57,9.33,--,39,36387,买盘
2833,09:48:54,9.33,--,26,24258,买盘
2834,09:48:51,9.33,--,2,1866,买盘
2835,09:48:48,9.33,--,0,0,买盘
2836,09:48:45,9.33,--,132,123622,买盘
2837,09:48:42,9.33,--,30,27990,买盘
2838,09:48:39,9.33,--,1,933,买盘
2839,09:48:36,9.33,--,46,42918,买盘
2840,09:48:30,9.33,--,20,18660,买盘
2841,09:48:27,9.33,0.02,17,15861,买盘
2842,09:48:24,9.31,--,0,0,中性盘
2843,09:48:21,9.31,-0.03,651,606081,卖盘
2844,09:48:15,9.34,--,72,67248,买盘
2845,09:48:08,9.34,--,67,62578,买盘
2846,09:48:06,9.34,0.01,5,4670,买盘
2847,09:48:02,9.33,0.01,718,669894,买盘
2848,09:47:59,9.32,--,37,34484,卖盘
2849,09:47:56,9.32,-0.01,14,13048,卖盘
2850,09:47:53,9.33,--,30,27990,买盘
2851,09:47:51,9.33,0.01,52,48516,中性盘
2852,09:47:47,9.32,--,118,109976,买盘
2853,09:47:44,9.32,--,57,53124,买盘
2854,09:47:41,9.32,0.02,498,464136,买盘
2855,09:47:38,9.3,-0.02,1493,1388490,卖盘
2856,09:47:35,9.32,--,2,1864,卖盘
2857,09:47:32,9.32,0.01,2,1864,买盘
2858,09:47:29,9.31,--,90,83790,卖盘
2859,09:47:26,9.31,--,1129,1051099,买盘
2860,09:47:23,9.31,0.01,20,18620,买盘
2861,09:47:20,9.3,-0.01,203,188790,卖盘
2862,09:47:17,9.31,--,0,0,买盘
2863,09:47:14,9.31,0.01,189,175959,买盘
2864,09:47:11,9.3,0.02,700,651000,买盘
2865,09:47:08,9.28,-0.02,239,221791,卖盘
2866,09:47:05,9.3,--,20,18600,买盘
2867,09:47:02,9.3,--,39,36270,买盘
2868,09:46:59,9.3,--,2,1860,买盘
2869,09:46:56,9.3,-0.01,53,49290,卖盘
2870,09:46:53,9.31,-0.01,22,20482,卖盘
2871,09:46:50,9.32,0.01,93,86676,买盘
2872,09:46:47,9.31,--,1016,945896,卖盘
2873,09:46:44,9.31,-0.01,52,48412,卖盘
2874,09:46:41,9.32,-0.01,298,277736,卖盘
2875,09:46:38,9.33,--,42,39186,买盘
2876,09:46:35,9.33,--,8,7464,买盘
2877,09:46:32,9.33,--,21,19593,买盘
2878,09:46:29,9.33,--,51,47583,卖盘
2879,09:46:26,9.33,-0.01,83,77439,卖盘
2880,09:46:23,9.34,0.01,39,36426,买盘
2881,09:46:20,9.33,-0.02,72,67176,卖盘
2882,09:46:17,9.35,--,8,7480,买盘
2883,09:46:14,9.35,--,12,11220,买盘
2884,09:46:11,9.35,-0.02,1090,1019150,卖盘
2885,09:46:08,9.37,--,100,93699,买盘
2886,09:46:05,9.37,-0.01,668,625916,卖盘
2887,09:45:59,9.38,-0.01,222,208236,卖盘
2888,09:45:56,9.39,--,5,4695,买盘
2889,09:45:53,9.39,--,10,9390,买盘
2890,09:45:50,9.39,-0.01,166,156212,卖盘
2891,09:45:47,9.4,--,2,1880,买盘
2892,09:45:41,9.4,-0.02,307,288580,卖盘
2893,09:45:38,9.42,--,50,47100,买盘
2894,09:45:35,9.42,-0.01,40,37680,卖盘
2895,09:45:32,9.43,--,10,9430,买盘
2896,09:45:29,9.43,--,2,1886,买盘
2897,09:45:26,9.43,0.01,247,232921,买盘
2898,09:45:23,9.42,-0.01,88,82896,卖盘
2899,09:45:20,9.43,--,1,943,买盘
2900,09:45:17,9.43,--,94,88642,卖盘
2901,09:45:14,9.43,--,23,21689,卖盘
2902,09:45:11,9.43,--,58,54694,卖盘
2903,09:45:02,9.43,-0.01,71,66953,卖盘
2904,09:44:56,9.44,--,64,60416,买盘
2905,09:44:53,9.44,--,73,68912,买盘
2906,09:44:50,9.44,--,161,151984,买盘
2907,09:44:44,9.44,--,2,1888,买盘
2908,09:44:41,9.44,--,1,944,买盘
2909,09:44:38,9.44,0.01,37,34928,买盘
2910,09:44:35,9.43,-0.01,122,115046,卖盘
2911,09:44:29,9.44,--,28,26432,买盘
2912,09:44:23,9.44,-0.01,174,164256,卖盘
2913,09:44:20,9.45,-0.02,50,47250,卖盘
2914,09:44:17,9.47,--,0,0,买盘
2915,09:44:11,9.47,0.02,147,139209,买盘
2916,09:44:08,9.45,--,20,18900,卖盘
2917,09:44:05,9.45,--,164,154980,卖盘
2918,09:44:02,9.45,0.02,359,339255,买盘
2919,09:43:59,9.43,-0.01,8,7544,卖盘
2920,09:43:56,9.44,--,44,41536,买盘
2921,09:43:53,9.44,-0.01,10,9440,买盘
