,time,price,change,volume,amount,type
0,15:00:03,20.29,-0.01,658,1335366,卖盘
1,14:57:00,20.3,0.01,55,111650,买盘
2,14:56:57,20.29,--,7,14203,卖盘
3,14:56:54,20.29,-0.01,11,22319,卖盘
4,14:56:51,20.3,0.01,34,69020,买盘
5,14:56:48,20.29,-0.01,114,231306,卖盘
6,14:56:45,20.3,0.01,10,20300,买盘
7,14:56:42,20.29,-0.01,30,60870,卖盘
8,14:56:39,20.3,--,2,4060,买盘
9,14:56:36,20.3,--,269,546070,卖盘
10,14:56:33,20.3,-0.02,15,30450,卖盘
11,14:56:30,20.32,0.01,52,105664,买盘
12,14:56:27,20.31,0.01,310,629610,中性盘
13,14:56:24,20.3,-0.02,54,109620,卖盘
14,14:56:21,20.32,--,81,164592,买盘
15,14:56:18,20.32,0.01,22,44704,买盘
16,14:56:15,20.31,-0.01,16,32495,卖盘
17,14:56:12,20.32,--,25,50800,买盘
18,14:56:09,20.32,-0.03,122,247904,卖盘
19,14:56:06,20.35,0.02,2,4070,买盘
20,14:56:03,20.33,-0.02,6,12197,卖盘
21,14:56:00,20.35,--,8,16280,买盘
22,14:55:57,20.35,0.02,23,46805,买盘
23,14:55:54,20.33,-0.02,43,87418,卖盘
24,14:55:51,20.35,--,10,20350,卖盘
25,14:55:48,20.35,0.02,41,83435,买盘
26,14:55:45,20.33,--,110,223629,买盘
27,14:55:42,20.33,--,16,32527,买盘
28,14:55:39,20.33,--,16,32527,买盘
29,14:55:36,20.33,--,26,52857,买盘
30,14:55:33,20.33,--,75,152475,买盘
31,14:55:30,20.33,--,145,294785,卖盘
32,14:55:27,20.33,--,123,250058,卖盘
33,14:55:24,20.33,-0.02,4,8131,卖盘
34,14:55:21,20.35,0.02,89,181115,买盘
35,14:55:18,20.33,-0.02,174,353741,卖盘
36,14:55:15,20.35,--,14,28490,买盘
37,14:55:12,20.35,--,12,24420,买盘
38,14:55:09,20.35,0.02,38,77330,买盘
39,14:55:06,20.33,-0.02,145,294785,卖盘
40,14:55:03,20.35,--,259,527065,买盘
41,14:55:00,20.35,--,125,254375,卖盘
42,14:54:54,20.35,--,16,32560,卖盘
43,14:54:51,20.35,-0.01,116,236060,卖盘
44,14:54:45,20.36,0.01,28,57008,买盘
45,14:54:42,20.35,-0.01,24,48840,卖盘
46,14:54:39,20.36,--,25,50900,买盘
47,14:54:33,20.36,0.01,1,2036,买盘
48,14:54:30,20.35,-0.01,37,75295,卖盘
49,14:54:27,20.36,0.01,1,2036,卖盘
50,14:54:24,20.35,-0.02,39,79365,卖盘
51,14:54:18,20.37,--,18,36666,买盘
52,14:54:15,20.37,-0.01,38,77406,卖盘
53,14:54:12,20.38,--,206,419828,买盘
54,14:54:06,20.38,-0.01,196,399448,卖盘
55,14:54:03,20.39,--,28,57092,卖盘
56,14:54:00,20.39,--,15,30585,卖盘
57,14:53:57,20.39,--,10,20390,买盘
58,14:53:54,20.39,--,27,55053,买盘
59,14:53:51,20.39,--,17,34663,买盘
60,14:53:48,20.39,--,28,57092,卖盘
61,14:53:45,20.39,--,90,183510,买盘
62,14:53:39,20.39,--,19,38741,买盘
63,14:53:36,20.39,--,3,6117,买盘
64,14:53:33,20.39,--,12,24468,买盘
65,14:53:30,20.39,--,45,91755,卖盘
66,14:53:24,20.39,--,13,26507,卖盘
67,14:53:21,20.39,--,31,63209,卖盘
68,14:53:18,20.39,--,5,10195,卖盘
69,14:53:12,20.39,--,35,71365,买盘
70,14:53:09,20.39,--,56,114184,买盘
71,14:53:06,20.39,--,25,50975,买盘
72,14:53:00,20.39,0.01,5,10195,买盘
73,14:52:54,20.38,0.01,167,340346,买盘
74,14:52:51,20.37,--,3,6111,卖盘
75,14:52:48,20.37,--,202,411474,买盘
76,14:52:45,20.37,0.01,104,211848,买盘
77,14:52:42,20.36,--,20,40720,卖盘
78,14:52:39,20.36,--,30,61080,卖盘
79,14:52:36,20.36,-0.01,5,10180,卖盘
80,14:52:33,20.37,0.01,3,6111,买盘
81,14:52:30,20.36,-0.01,13,26468,卖盘
82,14:52:27,20.37,0.01,97,197589,买盘
83,14:52:24,20.36,-0.01,8,16288,卖盘
84,14:52:21,20.37,--,4,8148,买盘
85,14:52:15,20.37,0.02,21,42777,买盘
86,14:52:12,20.35,-0.01,1,2035,卖盘
87,14:52:09,20.36,-0.01,84,171024,卖盘
88,14:52:03,20.37,0.01,14,28518,买盘
89,14:51:57,20.36,0.02,165,335940,买盘
90,14:51:54,20.34,--,2,4068,买盘
91,14:51:51,20.34,--,10,20340,卖盘
92,14:51:48,20.34,-0.01,27,54918,卖盘
93,14:51:45,20.35,0.01,170,345950,买盘
94,14:51:42,20.34,0.02,269,547146,中性盘
95,14:51:39,20.32,-0.03,10,20320,卖盘
96,14:51:33,20.35,0.03,71,144485,买盘
97,14:51:30,20.32,-0.02,135,274320,卖盘
98,14:51:27,20.34,--,5,10170,买盘
99,14:51:24,20.34,--,7,14238,买盘
100,14:51:21,20.34,--,20,40680,买盘
101,14:51:18,20.34,0.02,32,65088,买盘
102,14:51:15,20.32,-0.03,44,89408,卖盘
103,14:51:12,20.35,--,9,18315,买盘
104,14:51:03,20.35,--,1,2035,买盘
105,14:50:54,20.35,--,7,14245,买盘
106,14:50:51,20.35,0.03,13,26455,买盘
107,14:50:48,20.32,--,3,6096,买盘
108,14:50:45,20.32,--,11,22352,买盘
109,14:50:42,20.32,--,20,40640,买盘
110,14:50:39,20.32,--,8,16256,买盘
111,14:50:36,20.32,--,19,38608,买盘
112,14:50:33,20.32,-0.03,7,14224,卖盘
113,14:50:30,20.35,0.03,9,18315,买盘
114,14:50:27,20.32,-0.03,16,32512,卖盘
115,14:50:24,20.35,-0.01,3,6105,卖盘
116,14:50:21,20.36,0.01,3,6108,买盘
117,14:50:18,20.35,0.03,11,22385,买盘
118,14:50:15,20.32,-0.02,5,10160,卖盘
119,14:50:12,20.34,-0.01,5,10170,买盘
120,14:50:09,20.35,0.04,3,6105,买盘
121,14:50:06,20.31,-0.04,45,91395,卖盘
122,14:50:03,20.35,--,75,152625,买盘
123,14:49:51,20.35,--,1,2035,买盘
124,14:49:48,20.35,--,1,2035,买盘
125,14:49:42,20.35,--,8,16280,买盘
126,14:49:39,20.35,--,15,30525,买盘
127,14:49:36,20.35,--,21,42735,买盘
128,14:49:33,20.35,-0.01,63,128205,卖盘
129,14:49:30,20.36,0.01,24,48864,买盘
130,14:49:27,20.35,--,15,30525,卖盘
131,14:49:24,20.35,--,5,10175,卖盘
132,14:49:15,20.35,--,14,28490,卖盘
133,14:49:12,20.35,--,3,6105,卖盘
134,14:49:09,20.35,--,114,231990,买盘
135,14:49:03,20.35,0.01,34,69190,买盘
136,14:48:57,20.34,--,1,2034,卖盘
137,14:48:54,20.34,0.05,116,235944,买盘
138,14:48:51,20.29,-0.01,308,624932,卖盘
139,14:48:48,20.3,0.01,54,109620,买盘
140,14:48:45,20.29,-0.01,8,16232,卖盘
141,14:48:42,20.3,--,7,14210,买盘
142,14:48:39,20.3,--,4,8120,买盘
143,14:48:36,20.3,--,7,14210,买盘
144,14:48:33,20.3,0.02,5,10150,买盘
145,14:48:30,20.28,-0.02,9,18252,卖盘
146,14:48:27,20.3,--,12,24360,买盘
147,14:48:24,20.3,--,20,40600,买盘
148,14:48:21,20.3,--,1,2030,买盘
149,14:48:18,20.3,--,71,144130,买盘
150,14:48:15,20.3,-0.02,130,263900,卖盘
151,14:48:12,20.32,--,1,2032,买盘
152,14:48:09,20.32,0.01,19,38608,买盘
153,14:48:06,20.31,--,35,71085,卖盘
154,14:48:03,20.31,--,9,18279,卖盘
155,14:48:00,20.31,-0.01,2,4061,卖盘
156,14:47:57,20.32,--,1,2032,买盘
157,14:47:54,20.32,--,6,12192,买盘
158,14:47:51,20.32,0.01,9,18288,买盘
159,14:47:48,20.31,-0.01,7,14217,卖盘
160,14:47:45,20.32,--,2,4064,买盘
161,14:47:42,20.32,-0.02,6,12192,卖盘
162,14:47:39,20.34,--,1,2034,买盘
163,14:47:36,20.34,--,1,2034,买盘
164,14:47:33,20.34,-0.01,2,4068,中性盘
165,14:47:27,20.35,0.01,32,65120,买盘
166,14:47:24,20.34,0.01,59,120006,买盘
167,14:47:18,20.33,--,11,22362,买盘
168,14:47:15,20.33,-0.01,21,42693,中性盘
169,14:47:06,20.34,--,1,2034,买盘
170,14:47:03,20.34,--,2,4068,买盘
171,14:47:00,20.34,0.01,10,20340,买盘
172,14:46:57,20.33,--,12,24395,卖盘
173,14:46:51,20.33,-0.02,1,2032,卖盘
174,14:46:45,20.35,--,3,6105,买盘
175,14:46:42,20.35,--,11,22385,买盘
176,14:46:39,20.35,--,15,30525,买盘
177,14:46:36,20.35,--,4,8140,买盘
178,14:46:33,20.35,0.01,7,14245,买盘
179,14:46:30,20.34,-0.01,10,20340,卖盘
180,14:46:15,20.35,--,31,63085,卖盘
181,14:46:12,20.35,--,35,71225,卖盘
182,14:46:09,20.35,0.03,14,28490,买盘
183,14:46:06,20.32,-0.01,153,310896,卖盘
184,14:46:03,20.33,-0.01,5,10165,卖盘
185,14:46:00,20.34,--,2,4068,买盘
186,14:45:57,20.34,--,5,10170,买盘
187,14:45:54,20.34,--,5,10170,买盘
188,14:45:51,20.34,--,5,10170,买盘
189,14:45:45,20.34,--,7,14238,买盘
190,14:45:42,20.34,--,13,26442,买盘
191,14:45:39,20.34,--,6,12204,买盘
192,14:45:30,20.34,0.01,4,8136,买盘
193,14:45:27,20.33,-0.01,7,14230,卖盘
194,14:45:24,20.34,--,3,6102,买盘
195,14:45:21,20.34,--,21,42714,买盘
196,14:45:18,20.34,-0.03,35,71190,卖盘
197,14:45:15,20.37,0.03,1,2037,买盘
198,14:45:09,20.34,--,13,26442,卖盘
199,14:45:06,20.34,-0.01,8,16272,买盘
200,14:44:54,20.35,0.02,15,30525,买盘
201,14:44:51,20.33,-0.01,34,69122,卖盘
202,14:44:48,20.34,--,12,24408,买盘
203,14:44:45,20.34,--,2,4068,买盘
204,14:44:42,20.34,--,1,2034,买盘
205,14:44:36,20.34,--,11,22374,买盘
206,14:44:33,20.34,-0.01,26,52884,卖盘
207,14:44:30,20.35,--,11,22385,买盘
208,14:44:21,20.35,0.01,4,8140,买盘
209,14:44:18,20.34,--,7,14238,卖盘
210,14:44:12,20.34,-0.01,1,2034,卖盘
211,14:44:09,20.35,0.02,11,22385,买盘
212,14:44:06,20.33,-0.02,22,44725,卖盘
213,14:44:03,20.35,--,6,12210,买盘
214,14:44:00,20.35,--,2,4070,买盘
215,14:43:57,20.35,--,3,6105,买盘
216,14:43:54,20.35,0.02,5,10175,买盘
217,14:43:51,20.33,--,127,258190,卖盘
218,14:43:48,20.33,-0.02,217,441160,卖盘
219,14:43:45,20.35,--,14,28490,买盘
220,14:43:42,20.35,--,20,40700,买盘
221,14:43:36,20.35,--,1,2035,中性盘
222,14:43:27,20.35,-0.02,5,10175,卖盘
223,14:43:15,20.37,0.02,1,2037,买盘
224,14:43:09,20.35,--,5,10175,卖盘
225,14:43:06,20.35,-0.02,1,2035,卖盘
226,14:43:03,20.37,--,4,8148,买盘
227,14:43:00,20.37,-0.01,20,40740,卖盘
228,14:42:57,20.38,0.01,101,205838,买盘
229,14:42:54,20.37,-0.01,20,40740,卖盘
230,14:42:51,20.38,--,28,57064,买盘
231,14:42:48,20.38,--,17,34646,买盘
232,14:42:45,20.38,0.01,10,20380,买盘
233,14:42:39,20.37,--,31,63147,买盘
234,14:42:36,20.37,--,36,73332,卖盘
235,14:42:33,20.37,--,27,54999,卖盘
236,14:42:30,20.37,-0.01,50,101850,卖盘
237,14:42:27,20.38,0.01,1,2038,买盘
238,14:42:21,20.37,0.02,70,142590,买盘
239,14:42:15,20.35,--,1,2035,买盘
240,14:42:09,20.35,0.01,20,40700,买盘
241,14:42:06,20.34,--,38,77292,卖盘
242,14:42:03,20.34,-0.01,4,8136,中性盘
243,14:41:51,20.35,0.02,3,6105,买盘
244,14:41:48,20.33,--,5,10165,卖盘
245,14:41:36,20.33,-0.03,9,18297,卖盘
246,14:41:33,20.36,--,1,2036,买盘
247,14:41:30,20.36,0.01,39,79404,买盘
248,14:41:27,20.35,-0.01,33,67155,卖盘
249,14:41:24,20.36,0.01,62,126232,买盘
250,14:41:21,20.35,--,21,42735,卖盘
251,14:41:18,20.35,--,46,93610,卖盘
252,14:41:09,20.35,--,24,48840,买盘
253,14:41:06,20.35,--,1,2035,买盘
254,14:41:03,20.35,0.02,3,6105,买盘
255,14:41:00,20.33,-0.02,4,8131,卖盘
256,14:40:57,20.35,--,31,63085,买盘
257,14:40:54,20.35,0.01,59,120065,买盘
258,14:40:51,20.34,-0.01,4,8136,中性盘
259,14:40:48,20.35,--,3,6105,买盘
260,14:40:45,20.35,--,5,10175,买盘
261,14:40:33,20.35,0.01,6,12210,买盘
262,14:40:30,20.34,-0.01,12,24408,买盘
263,14:40:27,20.35,--,5,10175,买盘
264,14:40:24,20.35,--,9,18315,买盘
265,14:40:18,20.35,--,1,2035,买盘
266,14:40:15,20.35,--,8,16280,买盘
267,14:40:12,20.35,--,15,30525,买盘
268,14:40:09,20.35,--,7,14245,买盘
269,14:40:06,20.35,--,10,20350,买盘
270,14:40:03,20.35,0.01,11,22385,买盘
271,14:40:00,20.34,-0.01,2,4068,中性盘
272,14:39:51,20.35,0.02,17,34595,买盘
273,14:39:48,20.33,--,32,65055,买盘
274,14:39:42,20.33,--,6,12197,买盘
275,14:39:39,20.33,--,10,20330,买盘
276,14:39:36,20.33,--,2,4065,买盘
277,14:39:33,20.33,-0.02,6,12197,买盘
278,14:39:30,20.35,--,56,113960,买盘
279,14:39:27,20.35,--,2,4070,买盘
280,14:39:24,20.35,0.02,79,160765,买盘
281,14:39:21,20.33,--,4,8131,卖盘
282,14:39:18,20.33,0.04,171,347642,买盘
283,14:39:15,20.29,--,556,1128124,卖盘
284,14:39:12,20.29,-0.01,181,367249,中性盘
285,14:39:09,20.3,0.02,115,233450,买盘
286,14:39:06,20.28,-0.02,30,60840,卖盘
287,14:39:03,20.3,--,1,2030,买盘
288,14:38:51,20.3,0.01,8,16240,买盘
289,14:38:48,20.29,--,19,38551,买盘
290,14:38:45,20.29,-0.02,8,16232,卖盘
291,14:38:39,20.31,--,131,266061,买盘
292,14:38:36,20.31,--,243,493532,买盘
293,14:38:33,20.31,--,7,14217,买盘
294,14:38:30,20.31,--,11,22341,买盘
295,14:38:24,20.31,--,26,52806,买盘
296,14:38:21,20.31,-0.05,76,154356,买盘
297,14:38:18,20.36,0.05,280,570080,买盘
298,14:38:15,20.31,--,67,136077,卖盘
299,14:38:12,20.31,--,41,83271,卖盘
300,14:38:09,20.31,--,56,113736,卖盘
301,14:38:06,20.31,-0.01,69,140139,卖盘
302,14:38:03,20.32,-0.01,5,10160,中性盘
303,14:37:54,20.33,--,4,8131,买盘
304,14:37:51,20.33,--,44,89451,卖盘
305,14:37:48,20.33,--,88,178903,卖盘
306,14:37:45,20.33,-0.02,32,65055,卖盘
307,14:37:42,20.35,0.02,3,6105,买盘
308,14:37:39,20.33,--,55,111814,卖盘
309,14:37:36,20.33,0.02,148,300884,买盘
310,14:37:33,20.31,-0.01,106,215286,卖盘
311,14:37:30,20.32,--,10,20320,买盘
312,14:37:27,20.32,--,7,14224,买盘
313,14:37:24,20.32,-0.01,14,28448,卖盘
314,14:37:18,20.33,0.01,8,16263,买盘
315,14:37:15,20.32,--,18,36576,买盘
316,14:37:12,20.32,--,11,22352,买盘
317,14:37:09,20.32,-0.01,11,22352,卖盘
318,14:37:06,20.33,0.01,2,4065,买盘
319,14:37:03,20.32,-0.01,4,8128,卖盘
320,14:36:57,20.33,-0.02,1,2032,中性盘
321,14:36:48,20.35,0.02,6,12210,买盘
322,14:36:45,20.33,-0.02,13,26428,卖盘
323,14:36:42,20.35,--,5,10175,买盘
324,14:36:33,20.35,--,1,2035,卖盘
325,14:36:30,20.35,--,9,18315,卖盘
326,14:36:27,20.35,0.02,13,26455,中性盘
327,14:36:24,20.33,-0.02,65,132145,卖盘
328,14:36:21,20.35,--,20,40700,卖盘
329,14:36:18,20.35,--,11,22385,卖盘
330,14:36:15,20.35,--,8,16280,买盘
331,14:36:12,20.35,--,114,231990,卖盘
332,14:36:09,20.35,-0.01,20,40700,卖盘
333,14:36:06,20.36,0.01,10,20360,买盘
334,14:36:03,20.35,--,32,65120,卖盘
335,14:35:57,20.35,-0.01,5,10175,买盘
336,14:35:51,20.36,0.01,50,101800,买盘
337,14:35:45,20.35,0.01,4,8140,买盘
338,14:35:42,20.34,-0.01,7,14238,中性盘
339,14:35:36,20.35,--,16,32560,买盘
340,14:35:33,20.35,-0.01,31,63085,买盘
341,14:35:30,20.36,--,26,52936,买盘
342,14:35:27,20.36,0.01,29,59044,买盘
343,14:35:24,20.35,--,32,65120,中性盘
344,14:35:21,20.35,--,62,126170,卖盘
345,14:35:18,20.35,--,6,12210,中性盘
346,14:35:12,20.35,0.03,4,8140,中性盘
347,14:35:09,20.32,-0.03,35,71120,卖盘
348,14:35:06,20.35,--,56,113960,买盘
349,14:35:03,20.35,--,9,18315,买盘
350,14:35:00,20.35,--,10,20350,卖盘
351,14:34:54,20.35,-0.01,7,14245,卖盘
352,14:34:51,20.36,--,5,10180,卖盘
353,14:34:48,20.36,-0.01,56,114016,卖盘
354,14:34:45,20.37,0.01,4,8148,中性盘
355,14:34:42,20.36,-0.02,10,20360,卖盘
356,14:34:39,20.38,--,4,8152,买盘
357,14:34:36,20.38,--,27,55026,买盘
358,14:34:33,20.38,0.02,2,4076,买盘
359,14:34:30,20.36,--,43,87548,卖盘
360,14:34:27,20.36,--,2,4072,卖盘
361,14:34:24,20.36,--,71,144556,卖盘
362,14:34:21,20.36,--,10,20360,卖盘
363,14:34:18,20.36,--,17,34612,买盘
364,14:34:12,20.36,0.01,32,65152,买盘
365,14:34:06,20.35,--,1,2035,卖盘
366,14:34:00,20.35,-0.03,10,20350,卖盘
367,14:33:57,20.38,0.02,102,207876,买盘
368,14:33:54,20.36,--,3,6108,卖盘
369,14:33:48,20.36,--,30,61080,卖盘
370,14:33:45,20.36,-0.01,7,14252,卖盘
371,14:33:42,20.37,0.01,65,132405,中性盘
372,14:33:39,20.36,--,3,6108,卖盘
373,14:33:33,20.36,--,3,6108,卖盘
374,14:33:30,20.36,--,56,114016,卖盘
375,14:33:27,20.36,-0.01,37,75332,卖盘
376,14:33:24,20.37,0.01,7,14259,买盘
377,14:33:21,20.36,-0.01,5,10180,卖盘
378,14:33:18,20.37,0.01,25,50925,买盘
379,14:33:15,20.36,-0.01,5,10180,卖盘
380,14:33:12,20.37,0.01,23,46851,买盘
381,14:33:09,20.36,-0.01,5,10180,卖盘
382,14:33:06,20.37,-0.01,1,2037,卖盘
383,14:33:03,20.38,--,50,101900,买盘
384,14:33:00,20.38,0.01,5,10190,卖盘
385,14:32:54,20.37,0.01,6,12222,买盘
386,14:32:51,20.36,--,30,61080,卖盘
387,14:32:48,20.36,--,39,79404,卖盘
388,14:32:45,20.36,--,2,4072,卖盘
389,14:32:39,20.36,-0.01,1,2036,中性盘
390,14:32:36,20.37,--,11,22407,买盘
391,14:32:33,20.37,-0.03,37,75369,中性盘
392,14:32:24,20.4,0.02,146,297840,买盘
393,14:32:21,20.38,0.02,231,470778,买盘
394,14:32:18,20.36,--,6,12216,买盘
395,14:32:15,20.36,--,6,12216,卖盘
396,14:32:12,20.36,-0.02,27,54972,买盘
397,14:32:09,20.38,--,4,8152,买盘
398,14:32:03,20.38,--,106,216028,买盘
399,14:31:57,20.38,--,20,40760,买盘
400,14:31:54,20.38,--,20,40760,买盘
401,14:31:51,20.38,0.03,15,30570,买盘
402,14:31:48,20.35,-0.01,2,4070,卖盘
403,14:31:45,20.36,0.01,50,101800,买盘
404,14:31:39,20.35,0.02,144,293040,买盘
405,14:31:36,20.33,0.07,514,1044961,买盘
406,14:31:33,20.26,0.01,358,725308,买盘
407,14:31:30,20.25,--,43,87075,买盘
408,14:31:24,20.25,--,13,26325,买盘
409,14:31:21,20.25,--,28,56700,买盘
410,14:31:18,20.25,--,10,20250,买盘
411,14:31:15,20.25,--,15,30375,买盘
412,14:31:12,20.25,0.01,30,60750,买盘
413,14:31:09,20.24,--,15,30359,卖盘
414,14:31:06,20.24,--,22,44528,卖盘
415,14:31:03,20.24,--,11,22264,买盘
416,14:31:00,20.24,--,3,6071,买盘
417,14:30:57,20.24,--,1,2023,买盘
418,14:30:42,20.24,--,2,4047,买盘
419,14:30:39,20.24,-0.01,5,10120,卖盘
420,14:30:36,20.25,0.01,16,32400,买盘
421,14:30:33,20.24,0.05,66,133584,买盘
422,14:30:30,20.19,-0.05,66,133254,卖盘
423,14:30:24,20.24,0.01,7,14167,买盘
424,14:30:21,20.23,--,14,28322,买盘
425,14:30:18,20.23,--,7,14161,买盘
426,14:30:15,20.23,--,7,14161,买盘
427,14:30:12,20.23,--,7,14161,买盘
428,14:30:09,20.23,--,29,58667,买盘
429,14:30:06,20.23,--,32,64736,买盘
430,14:30:03,20.23,--,1,2023,买盘
431,14:29:57,20.23,--,6,12138,买盘
432,14:29:54,20.23,--,20,40460,买盘
433,14:29:51,20.23,--,16,32368,买盘
434,14:29:39,20.23,0.04,3,6069,买盘
435,14:29:36,20.19,-0.04,5,10095,卖盘
436,14:29:33,20.23,0.04,4,8092,买盘
437,14:29:30,20.19,--,10,20190,卖盘
438,14:29:27,20.19,--,17,34323,卖盘
439,14:29:24,20.19,-0.05,16,32304,卖盘
440,14:29:21,20.24,0.05,8,16191,买盘
441,14:29:18,20.19,--,11,22209,卖盘
442,14:29:15,20.19,--,11,22209,卖盘
443,14:29:12,20.19,-0.04,17,34323,卖盘
444,14:29:09,20.23,-0.01,36,72828,买盘
445,14:29:06,20.24,0.05,35,70840,买盘
446,14:29:03,20.19,-0.04,18,36342,卖盘
447,14:29:00,20.23,--,1,2023,卖盘
448,14:28:54,20.23,0.04,67,135541,买盘
449,14:28:51,20.19,-0.02,126,254394,卖盘
450,14:28:48,20.21,0.02,6,12126,买盘
451,14:28:45,20.19,-0.01,12,24228,卖盘
452,14:28:42,20.2,--,1,2020,买盘
453,14:28:39,20.2,--,9,18180,买盘
454,14:28:36,20.2,--,15,30300,买盘
455,14:28:30,20.2,--,20,40400,买盘
456,14:28:27,20.2,--,37,74740,买盘
457,14:28:18,20.2,--,22,44440,买盘
458,14:28:15,20.2,--,71,143420,买盘
459,14:28:12,20.2,--,56,113120,买盘
460,14:28:09,20.2,0.02,1,2020,买盘
461,14:28:06,20.18,-0.02,11,22198,卖盘
462,14:28:03,20.2,0.01,31,62620,买盘
463,14:28:00,20.19,0.01,38,76722,买盘
464,14:27:57,20.18,-0.01,20,40360,卖盘
465,14:27:54,20.19,--,14,28266,买盘
466,14:27:51,20.19,--,25,50475,买盘
467,14:27:48,20.19,0.01,42,84798,买盘
468,14:27:45,20.18,-0.03,79,159422,卖盘
469,14:27:33,20.21,0.03,1,2021,买盘
470,14:27:30,20.18,-0.01,21,42378,卖盘
471,14:27:27,20.19,-0.02,35,70665,卖盘
472,14:27:24,20.21,0.01,3,6063,买盘
473,14:27:21,20.2,0.02,10,20200,卖盘
474,14:27:18,20.18,-0.02,23,46414,卖盘
475,14:27:15,20.2,--,24,48480,卖盘
476,14:27:12,20.2,-0.01,2,4040,卖盘
477,14:27:03,20.21,0.03,36,72756,买盘
478,14:27:00,20.18,-0.02,65,131170,卖盘
479,14:26:57,20.2,0.02,42,84840,买盘
480,14:26:54,20.18,-0.01,78,157404,卖盘
481,14:26:51,20.19,--,5,10095,买盘
482,14:26:48,20.19,--,6,12114,买盘
483,14:26:45,20.19,-0.02,29,58551,卖盘
484,14:26:42,20.21,0.01,44,88924,买盘
485,14:26:39,20.2,--,13,26260,买盘
486,14:26:36,20.2,--,12,24240,买盘
487,14:26:33,20.2,0.01,16,32320,买盘
488,14:26:30,20.19,-0.02,29,58551,卖盘
489,14:26:24,20.21,--,8,16168,买盘
490,14:26:21,20.21,--,15,30315,买盘
491,14:26:18,20.21,0.01,23,46483,买盘
492,14:26:15,20.2,-0.04,42,84840,卖盘
493,14:26:09,20.24,0.01,99,200375,买盘
494,14:26:06,20.23,0.02,184,372232,买盘
495,14:26:03,20.21,--,5,10105,买盘
496,14:26:00,20.21,-0.03,10,20210,卖盘
497,14:25:57,20.24,--,6,12143,买盘
498,14:25:54,20.24,--,19,38456,买盘
499,14:25:51,20.24,0.04,17,34408,买盘
500,14:25:48,20.2,-0.05,1,2020,中性盘
501,14:25:33,20.25,0.01,40,81000,买盘
502,14:25:30,20.24,0.04,110,222639,买盘
503,14:25:27,20.2,-0.04,69,139380,卖盘
504,14:25:24,20.24,0.02,2,4047,买盘
505,14:25:21,20.22,-0.02,3,6066,卖盘
506,14:25:18,20.24,--,8,16191,买盘
507,14:25:15,20.24,0.02,63,127511,买盘
508,14:25:12,20.22,0.01,90,181980,买盘
509,14:25:09,20.21,-0.01,4,8084,卖盘
510,14:25:06,20.22,--,6,12132,买盘
511,14:25:03,20.22,-0.02,2,4044,卖盘
512,14:24:48,20.24,--,13,26311,买盘
513,14:24:45,20.24,-0.01,24,48575,卖盘
514,14:24:42,20.25,0.01,9,18225,买盘
515,14:24:39,20.24,0.04,19,38456,买盘
516,14:24:36,20.2,-0.04,5,10100,卖盘
517,14:24:33,20.24,-0.01,1,2023,中性盘
518,14:24:27,20.25,0.01,111,224775,买盘
519,14:24:24,20.24,0.02,207,418967,买盘
520,14:24:21,20.22,0.01,20,40440,买盘
521,14:24:18,20.21,--,38,76798,卖盘
522,14:24:15,20.21,-0.02,6,12126,卖盘
523,14:24:12,20.23,0.01,6,12138,买盘
524,14:24:09,20.22,--,12,24264,买盘
525,14:24:06,20.22,--,1,2022,买盘
526,14:24:03,20.22,-0.01,1,2022,买盘
527,14:24:00,20.23,0.02,2,4046,买盘
528,14:23:57,20.21,-0.01,53,107113,卖盘
529,14:23:54,20.22,-0.01,95,192090,卖盘
530,14:23:51,20.23,--,10,20230,买盘
531,14:23:45,20.23,-0.01,1,2023,买盘
532,14:23:42,20.24,--,3,6071,买盘
533,14:23:39,20.24,0.01,4,8095,买盘
534,14:23:36,20.23,--,13,26299,卖盘
535,14:23:33,20.23,-0.01,15,30345,卖盘
536,14:23:30,20.24,--,1,2023,买盘
537,14:23:21,20.24,--,6,12143,买盘
538,14:23:18,20.24,--,29,58695,买盘
539,14:23:15,20.24,-0.01,45,91080,卖盘
540,14:23:12,20.25,--,20,40500,买盘
541,14:23:06,20.25,0.01,16,32400,买盘
542,14:23:03,20.24,-0.01,31,62743,卖盘
543,14:22:54,20.25,--,3,6075,买盘
544,14:22:51,20.25,0.01,8,16200,买盘
545,14:22:48,20.24,-0.01,6,12143,卖盘
546,14:22:45,20.25,--,2,4050,买盘
547,14:22:33,20.25,--,3,6075,买盘
548,14:22:30,20.25,--,10,20250,买盘
549,14:22:27,20.25,--,11,22275,买盘
550,14:22:18,20.25,--,6,12150,买盘
551,14:22:15,20.25,--,10,20250,买盘
552,14:22:09,20.25,--,1,2025,买盘
553,14:22:06,20.25,--,2,4050,买盘
554,14:22:03,20.25,--,1,2025,买盘
555,14:22:00,20.25,--,2,4050,买盘
556,14:21:57,20.25,--,1,2025,买盘
557,14:21:54,20.25,--,3,6075,买盘
558,14:21:51,20.25,--,2,4050,买盘
559,14:21:36,20.25,--,5,10125,买盘
560,14:21:33,20.25,--,10,20250,买盘
561,14:21:30,20.25,-0.01,33,66825,卖盘
562,14:21:24,20.26,0.01,6,12156,买盘
563,14:21:12,20.25,-0.01,2,4050,卖盘
564,14:21:09,20.26,0.01,11,22286,买盘
565,14:21:03,20.25,--,11,22275,买盘
566,14:21:00,20.25,--,1,2025,买盘
567,14:20:57,20.25,0.01,7,14175,买盘
568,14:20:42,20.24,-0.01,20,40480,卖盘
569,14:20:39,20.25,--,6,12150,买盘
570,14:20:36,20.25,--,1,2025,买盘
571,14:20:33,20.25,--,11,22275,买盘
572,14:20:30,20.25,--,2,4050,买盘
573,14:20:27,20.25,--,8,16200,买盘
574,14:20:21,20.25,--,2,4050,买盘
575,14:20:18,20.25,--,1,2025,买盘
576,14:20:15,20.25,--,10,20250,买盘
577,14:20:06,20.25,0.01,14,28350,买盘
578,14:19:57,20.24,--,25,50599,卖盘
579,14:19:54,20.24,-0.01,5,10120,卖盘
580,14:19:51,20.25,--,62,125550,买盘
581,14:19:48,20.25,0.01,15,30375,买盘
582,14:19:45,20.24,-0.01,6,12143,卖盘
583,14:19:36,20.25,0.01,5,10125,买盘
584,14:19:30,20.24,--,1,2023,卖盘
585,14:19:24,20.24,--,10,20240,卖盘
586,14:19:15,20.24,--,29,58695,卖盘
587,14:19:09,20.24,--,10,20240,卖盘
588,14:18:54,20.24,-0.01,30,60719,卖盘
589,14:18:51,20.25,0.01,10,20250,买盘
590,14:18:45,20.24,--,43,87032,买盘
591,14:18:39,20.24,-0.01,8,16191,卖盘
592,14:18:30,20.25,0.01,3,6075,买盘
593,14:18:24,20.24,--,10,20240,卖盘
594,14:18:21,20.24,-0.01,8,16191,卖盘
595,14:18:18,20.25,--,2,4050,卖盘
596,14:18:15,20.25,-0.01,10,20250,卖盘
597,14:18:12,20.26,-0.01,37,74962,中性盘
598,14:18:09,20.27,0.01,40,81080,买盘
599,14:18:06,20.26,--,51,103326,卖盘
600,14:18:03,20.26,-0.01,40,81040,卖盘
601,14:18:00,20.27,0.01,1,2027,买盘
602,14:17:57,20.26,-0.01,5,10130,中性盘
603,14:17:51,20.27,0.01,30,60810,买盘
604,14:17:48,20.26,--,16,32416,卖盘
605,14:17:45,20.26,-0.01,13,26338,卖盘
606,14:17:42,20.27,--,132,267564,买盘
607,14:17:39,20.27,0.01,12,24324,买盘
608,14:17:33,20.26,--,15,30390,买盘
609,14:17:30,20.26,--,20,40520,买盘
610,14:17:24,20.26,0.01,1,2026,买盘
611,14:17:15,20.25,0.02,19,38475,买盘
612,14:17:09,20.23,0.01,13,26299,买盘
613,14:17:06,20.22,0.01,176,355872,买盘
614,14:17:00,20.21,0.01,11,22231,买盘
615,14:16:54,20.2,--,23,46460,买盘
616,14:16:51,20.2,0.01,19,38380,买盘
617,14:16:42,20.19,--,19,38361,卖盘
618,14:16:39,20.19,--,9,18171,卖盘
619,14:16:27,20.19,0.01,2,4038,买盘
620,14:16:21,20.18,--,3,6054,卖盘
621,14:16:15,20.18,--,17,34306,买盘
622,14:16:12,20.18,--,1,2018,买盘
623,14:16:09,20.18,--,17,34306,买盘
624,14:16:03,20.18,--,7,14126,买盘
625,14:16:00,20.18,--,3,6054,买盘
626,14:15:57,20.18,--,3,7063,买盘
627,14:15:54,20.18,--,5,10090,买盘
628,14:15:51,20.18,--,79,159422,买盘
629,14:15:48,20.18,--,18,36324,买盘
630,14:15:45,20.18,0.01,25,50450,买盘
631,14:15:42,20.17,-0.01,101,203717,卖盘
632,14:15:39,20.18,--,1,2018,买盘
633,14:15:30,20.18,0.01,3,6054,买盘
634,14:15:27,20.17,--,13,26221,卖盘
635,14:15:21,20.17,--,19,38323,卖盘
636,14:15:18,20.17,--,15,30255,卖盘
637,14:15:12,20.17,-0.01,1,2017,卖盘
638,14:15:09,20.18,--,10,20180,买盘
639,14:15:03,20.18,0.01,12,24216,买盘
640,14:15:00,20.17,-0.01,10,20170,卖盘
641,14:14:57,20.18,0.01,60,121080,买盘
642,14:14:54,20.17,--,5,10085,卖盘
643,14:14:45,20.17,-0.01,3,6051,卖盘
644,14:14:42,20.18,0.01,3,6054,买盘
645,14:14:39,20.17,--,6,12102,卖盘
646,14:14:36,20.17,--,6,12102,卖盘
647,14:14:33,20.17,-0.01,50,100850,卖盘
648,14:14:30,20.18,--,13,26234,买盘
649,14:14:18,20.18,--,64,129152,卖盘
650,14:14:15,20.18,--,28,56504,卖盘
651,14:14:12,20.18,-0.01,29,58522,卖盘
652,14:14:03,20.19,--,9,18171,卖盘
653,14:14:00,20.19,0.01,2,4038,买盘
654,14:13:57,20.18,--,1,2018,卖盘
655,14:13:54,20.18,-0.01,2,4036,卖盘
656,14:13:51,20.19,--,3,6057,买盘
657,14:13:42,20.19,--,27,54513,卖盘
658,14:13:39,20.19,--,408,823752,卖盘
659,14:13:36,20.19,--,18,36342,卖盘
660,14:13:33,20.19,--,15,30285,卖盘
661,14:13:30,20.19,-0.01,7,14133,卖盘
662,14:13:27,20.2,0.01,17,34340,买盘
663,14:13:24,20.19,-0.01,11,22209,卖盘
664,14:13:21,20.2,--,254,513080,买盘
665,14:13:18,20.2,0.01,2,4040,买盘
666,14:13:12,20.19,-0.01,32,64608,卖盘
667,14:13:09,20.2,0.01,21,42420,买盘
668,14:12:57,20.19,--,50,100950,卖盘
669,14:12:51,20.19,-0.01,26,52494,卖盘
670,14:12:42,20.2,--,85,171700,买盘
671,14:12:36,20.2,--,10,20200,买盘
672,14:12:33,20.2,--,153,309060,买盘
673,14:12:30,20.2,--,15,30300,卖盘
674,14:12:24,20.2,0.01,37,74740,买盘
675,14:12:21,20.19,-0.01,33,66627,卖盘
676,14:12:18,20.2,--,47,94940,买盘
677,14:12:15,20.2,--,13,26260,买盘
678,14:12:12,20.2,--,16,32320,卖盘
679,14:12:00,20.2,--,6,12120,卖盘
680,14:11:54,20.2,-0.01,100,202000,卖盘
681,14:11:51,20.21,--,1,2021,买盘
682,14:11:42,20.21,--,2,4042,卖盘
683,14:11:39,20.21,0.01,2,4042,卖盘
684,14:11:36,20.2,--,49,98980,买盘
685,14:11:33,20.2,--,56,113120,买盘
686,14:11:30,20.2,--,20,40400,买盘
687,14:11:27,20.2,--,58,117160,买盘
688,14:11:21,20.2,--,1,2020,买盘
689,14:11:18,20.2,--,34,68680,买盘
690,14:11:15,20.2,--,12,24240,买盘
691,14:11:12,20.2,--,17,34340,买盘
692,14:11:09,20.2,--,38,76760,买盘
693,14:11:06,20.2,--,7,14140,买盘
694,14:11:00,20.2,--,3,6060,买盘
695,14:10:54,20.2,--,77,155540,买盘
696,14:10:45,20.2,--,11,22220,买盘
697,14:10:42,20.2,0.01,4,8080,买盘
698,14:10:33,20.19,-0.01,5,10095,卖盘
699,14:10:30,20.2,0.01,10,20200,买盘
700,14:10:27,20.19,--,22,44418,卖盘
701,14:10:12,20.19,-0.01,10,20190,卖盘
702,14:10:06,20.2,--,4,8080,买盘
703,14:10:03,20.2,--,25,50500,买盘
704,14:10:00,20.2,0.01,1,2020,买盘
705,14:09:54,20.19,--,2,4038,卖盘
706,14:09:51,20.19,--,96,193824,买盘
707,14:09:48,20.19,--,5,10095,买盘
708,14:09:42,20.19,--,10,20190,买盘
709,14:09:39,20.19,0.01,60,121140,买盘
710,14:09:36,20.18,-0.01,20,40360,卖盘
711,14:09:30,20.19,--,31,62589,买盘
712,14:09:18,20.19,--,8,16152,买盘
713,14:09:15,20.19,0.01,95,191805,买盘
714,14:09:06,20.18,-0.01,10,20180,卖盘
715,14:09:00,20.19,--,10,20190,买盘
716,14:08:57,20.19,0.01,3,6057,买盘
717,14:08:36,20.18,--,5,10090,卖盘
718,14:08:33,20.18,--,5,10090,卖盘
719,14:08:30,20.18,-0.01,9,18162,卖盘
720,14:08:24,20.19,--,10,20190,买盘
721,14:08:15,20.19,--,37,74703,买盘
722,14:08:03,20.19,--,1,2019,买盘
723,14:08:00,20.19,--,45,90855,买盘
724,14:07:57,20.19,--,11,22209,卖盘
725,14:07:48,20.19,--,4,8076,买盘
726,14:07:42,20.19,--,3,6057,买盘
727,14:07:39,20.19,--,4,8076,买盘
728,14:07:36,20.19,--,3,6057,买盘
729,14:07:33,20.19,--,2,4038,买盘
730,14:07:18,20.19,--,10,20190,买盘
731,14:07:09,20.19,--,4,8076,买盘
732,14:07:06,20.19,0.01,10,20190,买盘
733,14:07:03,20.18,-0.01,50,100900,卖盘
734,14:07:00,20.19,0.01,1,2019,买盘
735,14:06:54,20.18,--,8,16144,卖盘
736,14:06:48,20.18,--,12,24216,卖盘
737,14:06:45,20.18,-0.02,9,18162,卖盘
738,14:06:39,20.2,--,143,288860,卖盘
739,14:06:36,20.2,--,14,28280,卖盘
740,14:06:33,20.2,-0.01,17,34340,卖盘
741,14:06:30,20.21,0.01,9,18189,买盘
742,14:06:27,20.2,0.02,63,127260,买盘
743,14:06:24,20.18,-0.02,25,50450,卖盘
744,14:06:21,20.2,0.02,2,4040,买盘
745,14:06:18,20.18,-0.01,11,22198,卖盘
746,14:06:12,20.19,--,11,22209,卖盘
747,14:06:09,20.19,--,1,2019,卖盘
748,14:06:06,20.19,0.01,5,10095,中性盘
749,14:05:57,20.18,-0.01,18,36324,卖盘
750,14:05:54,20.19,0.01,21,42399,买盘
751,14:05:48,20.18,--,8,16144,卖盘
752,14:05:45,20.18,--,15,30270,卖盘
753,14:05:42,20.18,--,8,16144,卖盘
754,14:05:36,20.18,-0.01,32,64576,卖盘
755,14:05:30,20.19,0.01,62,125178,买盘
756,14:05:27,20.18,0.01,6,12108,卖盘
757,14:05:24,20.17,-0.02,10,20170,卖盘
758,14:05:21,20.19,0.01,55,111045,买盘
759,14:05:18,20.18,0.01,28,56504,中性盘
760,14:05:12,20.17,--,11,22187,卖盘
761,14:05:09,20.17,-0.01,80,161360,卖盘
762,14:05:00,20.18,-0.01,10,20180,卖盘
763,14:04:57,20.19,--,2,4038,买盘
764,14:04:54,20.19,--,1,2019,买盘
765,14:04:51,20.19,0.01,7,14133,买盘
766,14:04:48,20.18,--,29,58522,买盘
767,14:04:45,20.18,--,1,2018,买盘
768,14:04:36,20.18,--,6,12108,买盘
769,14:04:27,20.18,0.01,5,10090,卖盘
770,14:04:12,20.17,-0.03,2,4034,卖盘
771,14:04:09,20.2,--,28,56560,买盘
772,14:04:00,20.2,--,2,4040,买盘
773,14:03:54,20.2,0.03,26,52520,买盘
774,14:03:51,20.17,-0.03,27,54459,卖盘
775,14:03:39,20.2,0.03,1,2020,买盘
776,14:03:36,20.17,-0.01,20,40340,卖盘
777,14:03:33,20.18,0.01,5,10090,中性盘
778,14:03:27,20.17,0.01,35,70595,中性盘
779,14:03:24,20.16,--,12,24192,卖盘
780,14:03:21,20.16,--,6,12096,卖盘
781,14:03:18,20.16,-0.01,2,4032,卖盘
782,14:03:12,20.17,0.01,4,8068,买盘
783,14:03:03,20.16,--,55,110880,卖盘
784,14:02:57,20.16,--,29,58464,卖盘
785,14:02:54,20.16,-0.01,20,40320,卖盘
786,14:02:51,20.17,--,19,38323,买盘
787,14:02:48,20.17,--,40,80680,买盘
788,14:02:42,20.17,--,6,12102,中性盘
789,14:02:36,20.17,-0.03,25,50425,卖盘
790,14:02:30,20.2,--,31,62620,卖盘
791,14:02:18,20.2,0.03,83,167660,买盘
792,14:02:15,20.17,--,35,70595,卖盘
793,14:02:12,20.17,-0.01,5,10085,卖盘
794,14:02:09,20.18,--,15,30270,买盘
795,14:01:57,20.18,--,18,36324,卖盘
796,14:01:54,20.18,0.01,5,10090,中性盘
797,14:01:48,20.17,--,4,8068,卖盘
798,14:01:45,20.17,--,3,6051,卖盘
799,14:01:42,20.17,--,15,30255,卖盘
800,14:01:36,20.17,-0.01,3,6051,卖盘
801,14:01:33,20.18,--,67,135206,卖盘
802,14:01:24,20.18,-0.01,32,64576,卖盘
803,14:01:21,20.19,--,82,165558,卖盘
804,14:01:18,20.19,0.01,20,40380,买盘
805,14:01:15,20.18,--,1,2018,卖盘
806,14:01:12,20.18,--,95,191710,卖盘
807,14:01:09,20.18,0.01,24,48432,买盘
808,14:01:06,20.17,-0.02,3,6051,卖盘
809,14:01:00,20.19,0.02,2,4038,买盘
810,14:00:57,20.17,-0.02,9,18153,卖盘
811,14:00:54,20.19,--,30,60570,卖盘
812,14:00:51,20.19,--,37,74703,卖盘
813,14:00:48,20.19,--,15,30285,卖盘
814,14:00:42,20.19,--,9,18171,卖盘
815,14:00:39,20.19,--,8,16152,卖盘
816,14:00:36,20.19,-0.01,17,34323,卖盘
817,14:00:33,20.2,--,1,2020,买盘
818,14:00:27,20.2,-0.02,61,123220,中性盘
819,14:00:12,20.22,0.02,2,4044,买盘
820,14:00:06,20.2,-0.03,3,6060,卖盘
821,14:00:00,20.23,-0.01,20,40460,买盘
822,13:59:48,20.24,0.05,10,20240,买盘
823,13:59:45,20.19,--,17,34323,卖盘
824,13:59:36,20.19,--,3,6057,卖盘
825,13:59:33,20.19,-0.01,17,34323,卖盘
826,13:59:30,20.2,--,2,4040,买盘
827,13:59:27,20.2,--,10,20200,买盘
828,13:59:24,20.2,--,25,50500,买盘
829,13:59:21,20.2,--,10,20200,买盘
830,13:59:18,20.2,0.01,2,4040,买盘
831,13:59:09,20.19,0.01,63,127197,买盘
832,13:59:03,20.18,--,12,24216,卖盘
833,13:59:00,20.18,-0.01,11,22198,卖盘
834,13:58:57,20.19,--,30,60570,买盘
835,13:58:54,20.19,--,5,10095,买盘
836,13:58:51,20.19,--,25,50475,买盘
837,13:58:48,20.19,0.01,2,4038,买盘
838,13:58:45,20.18,-0.01,5,10090,卖盘
839,13:58:42,20.19,0.01,1,2019,买盘
840,13:58:39,20.18,--,9,18162,卖盘
841,13:58:36,20.18,0.01,11,22198,买盘
842,13:58:27,20.17,--,164,330788,买盘
843,13:58:24,20.17,0.01,305,615185,买盘
844,13:58:18,20.16,--,4,8064,卖盘
845,13:58:15,20.16,--,32,64512,买盘
846,13:58:12,20.16,--,1,2016,买盘
847,13:58:09,20.16,--,15,30240,买盘
848,13:58:03,20.16,--,9,18144,买盘
849,13:58:00,20.16,--,47,94752,买盘
850,13:57:57,20.16,0.01,23,46368,买盘
851,13:57:36,20.15,--,2,4029,卖盘
852,13:57:33,20.15,0.01,86,173290,买盘
853,13:57:30,20.14,--,9,18126,卖盘
854,13:57:27,20.14,-0.02,33,66462,卖盘
855,13:57:24,20.16,0.02,128,258048,买盘
856,13:57:21,20.14,-0.02,50,100700,卖盘
857,13:57:18,20.16,--,6,12096,买盘
858,13:57:15,20.16,0.01,3,6048,买盘
859,13:57:12,20.15,-0.01,58,116869,卖盘
860,13:57:09,20.16,--,26,52416,买盘
861,13:57:06,20.16,--,2,4032,买盘
862,13:57:03,20.16,--,4,8064,买盘
863,13:57:00,20.16,--,20,40320,买盘
864,13:56:48,20.16,--,36,72576,卖盘
865,13:56:45,20.16,--,5,10080,卖盘
866,13:56:39,20.16,--,71,143136,卖盘
867,13:56:36,20.16,--,22,44352,卖盘
868,13:56:33,20.16,--,7,14112,卖盘
869,13:56:27,20.16,--,6,12096,卖盘
870,13:56:21,20.16,-0.01,1,2016,卖盘
871,13:56:18,20.17,--,2,4034,买盘
872,13:56:15,20.17,0.01,7,14119,买盘
873,13:56:12,20.16,--,1,2016,卖盘
874,13:56:09,20.16,-0.01,5,10080,卖盘
875,13:56:06,20.17,0.01,65,131105,买盘
876,13:56:00,20.16,-0.01,23,46368,卖盘
877,13:55:57,20.17,--,22,44374,买盘
878,13:55:54,20.17,0.01,27,54459,买盘
879,13:55:51,20.16,-0.01,17,34272,卖盘
880,13:55:48,20.17,0.01,10,20170,买盘
881,13:55:45,20.16,-0.01,10,20160,卖盘
882,13:55:42,20.17,--,30,60510,买盘
883,13:55:36,20.17,--,75,151275,卖盘
884,13:55:27,20.17,-0.01,27,54459,卖盘
885,13:55:24,20.18,-0.01,5,10090,卖盘
886,13:55:15,20.19,0.01,10,20190,买盘
887,13:55:09,20.18,--,3,6054,买盘
888,13:55:00,20.18,-0.01,1,2018,卖盘
889,13:54:54,20.19,0.01,16,32304,买盘
890,13:54:51,20.18,--,20,40360,买盘
891,13:54:48,20.18,--,42,84756,买盘
892,13:54:45,20.18,-0.01,1,2018,买盘
893,13:54:36,20.19,0.03,1,2019,买盘
894,13:54:33,20.16,-0.03,191,385056,卖盘
895,13:54:30,20.19,--,11,22209,买盘
896,13:54:27,20.19,--,20,40380,买盘
897,13:54:24,20.19,0.01,21,42399,买盘
898,13:54:21,20.18,-0.01,5,10090,卖盘
899,13:54:12,20.19,-0.01,1,2019,卖盘
900,13:54:09,20.2,0.01,610,1232200,买盘
901,13:54:06,20.19,--,27,54513,卖盘
902,13:54:00,20.19,--,1,2019,买盘
903,13:53:54,20.19,--,10,20190,买盘
904,13:53:51,20.19,--,7,14133,买盘
905,13:53:48,20.19,--,5,10095,买盘
906,13:53:45,20.19,-0.01,6,12114,卖盘
907,13:53:42,20.2,0.01,32,64640,买盘
908,13:53:39,20.19,--,113,228147,卖盘
909,13:53:30,20.19,-0.01,5,10095,卖盘
910,13:53:27,20.2,0.01,64,129280,买盘
911,13:53:21,20.19,0.01,57,115083,买盘
912,13:53:18,20.18,-0.02,275,554950,卖盘
913,13:53:15,20.2,0.01,40,80800,买盘
914,13:53:09,20.19,--,5,10095,卖盘
915,13:53:06,20.19,--,70,141330,买盘
916,13:53:03,20.19,--,2,4038,买盘
917,13:52:57,20.19,--,3,6057,买盘
918,13:52:48,20.19,--,339,684441,卖盘
919,13:52:45,20.19,--,2,4038,卖盘
920,13:52:30,20.19,--,388,783372,买盘
921,13:52:24,20.19,--,48,96912,买盘
922,13:52:18,20.19,0.01,10,20190,买盘
923,13:52:15,20.18,--,3,6054,卖盘
924,13:52:00,20.18,0.01,18,36324,买盘
925,13:51:57,20.17,--,15,30255,卖盘
926,13:51:48,20.17,0.02,16,32272,买盘
927,13:51:45,20.15,-0.01,172,346580,卖盘
928,13:51:42,20.16,-0.01,16,32256,卖盘
929,13:51:39,20.17,--,26,52442,卖盘
930,13:51:30,20.17,--,42,84714,买盘
931,13:51:27,20.17,0.01,233,469961,买盘
932,13:51:24,20.16,-0.01,20,40320,卖盘
933,13:51:15,20.17,--,500,1008500,买盘
934,13:51:12,20.17,--,1,2017,买盘
935,13:51:09,20.17,--,10,20170,买盘
936,13:51:06,20.17,--,12,24204,卖盘
937,13:51:00,20.17,0.01,12,24204,买盘
938,13:50:57,20.16,-0.01,1,2016,卖盘
939,13:50:54,20.17,-0.01,2,4034,中性盘
940,13:50:51,20.18,0.01,22,44396,买盘
941,13:50:48,20.17,-0.01,84,169428,卖盘
942,13:50:45,20.18,--,2,4036,买盘
943,13:50:42,20.18,--,1,2018,买盘
944,13:50:36,20.18,--,18,36324,买盘
945,13:50:33,20.18,-0.02,29,58522,卖盘
946,13:50:30,20.2,0.01,185,373700,买盘
947,13:50:24,20.19,--,1,2019,买盘
948,13:50:18,20.19,--,43,86817,卖盘
949,13:50:12,20.19,-0.01,262,528978,卖盘
950,13:50:09,20.2,--,54,109080,买盘
951,13:50:06,20.2,--,10,20200,买盘
952,13:50:00,20.2,--,24,48480,买盘
953,13:49:57,20.2,-0.01,45,90900,卖盘
954,13:49:54,20.21,0.01,45,90945,买盘
955,13:49:51,20.2,-0.01,27,54540,卖盘
956,13:49:45,20.21,--,12,24252,卖盘
957,13:49:42,20.21,--,22,44462,卖盘
958,13:49:36,20.21,-0.02,5,10105,卖盘
959,13:49:33,20.23,0.03,10,20230,中性盘
960,13:49:18,20.2,--,17,34340,买盘
961,13:49:15,20.2,--,20,40400,买盘
962,13:49:12,20.2,--,16,32320,买盘
963,13:49:09,20.2,--,20,40400,买盘
964,13:49:06,20.2,--,91,183820,买盘
965,13:49:03,20.2,-0.02,56,113120,卖盘
966,13:49:00,20.22,0.02,53,107166,买盘
967,13:48:57,20.2,-0.01,30,60600,卖盘
968,13:48:54,20.21,--,23,46483,买盘
969,13:48:39,20.21,0.01,15,30315,买盘
970,13:48:36,20.2,0.05,39,78780,买盘
971,13:48:33,20.15,--,5,10075,买盘
972,13:48:30,20.15,--,10,20150,买盘
973,13:48:27,20.15,0.02,17,34255,买盘
974,13:48:24,20.13,-0.02,50,100650,卖盘
975,13:48:21,20.15,--,26,52389,买盘
976,13:48:18,20.15,--,22,44330,买盘
977,13:48:15,20.15,-0.01,8,16119,买盘
978,13:48:12,20.16,0.04,20,40320,买盘
979,13:48:09,20.12,-0.01,103,207236,卖盘
980,13:48:03,20.13,-0.02,75,150975,卖盘
981,13:48:00,20.15,--,110,221649,卖盘
982,13:47:54,20.15,--,2,4029,卖盘
983,13:47:51,20.15,--,7,14104,买盘
984,13:47:48,20.15,--,24,48360,买盘
985,13:47:45,20.15,--,7,14104,买盘
986,13:47:42,20.15,-0.01,43,86645,买盘
987,13:47:36,20.16,0.04,27,54432,买盘
988,13:47:33,20.12,-0.04,113,227356,卖盘
989,13:47:30,20.16,0.02,19,38304,买盘
990,13:47:27,20.14,0.01,16,32224,买盘
991,13:47:24,20.13,--,26,52338,卖盘
992,13:47:21,20.13,-0.01,57,114741,卖盘
993,13:47:18,20.14,0.01,87,175218,买盘
994,13:47:15,20.13,0.03,10,20130,卖盘
995,13:47:12,20.1,-0.06,269,540690,卖盘
996,13:47:09,20.16,0.05,53,106848,买盘
997,13:47:06,20.11,--,100,201100,卖盘
998,13:47:03,20.11,-0.02,204,410244,卖盘
999,13:47:00,20.13,--,12,24156,卖盘
1000,13:46:57,20.13,0.03,25,50325,买盘
1001,13:46:54,20.1,--,386,775860,卖盘
1002,13:46:51,20.1,-0.03,432,868320,卖盘
1003,13:46:48,20.13,--,3,6039,买盘
1004,13:46:45,20.13,--,408,821304,买盘
1005,13:46:42,20.13,-0.01,22,44286,中性盘
1006,13:46:39,20.14,--,220,443080,买盘
1007,13:46:36,20.14,0.02,7,14098,买盘
1008,13:46:33,20.12,-0.02,322,647864,卖盘
1009,13:46:30,20.14,--,45,90630,买盘
1010,13:46:27,20.14,-0.01,126,253764,卖盘
1011,13:46:18,20.15,-0.01,91,183365,卖盘
1012,13:46:12,20.16,--,8,16128,卖盘
1013,13:46:09,20.16,-0.02,95,191520,卖盘
1014,13:46:06,20.18,-0.02,41,82738,卖盘
1015,13:46:03,20.2,0.02,28,56560,买盘
1016,13:45:57,20.18,--,17,34306,卖盘
1017,13:45:54,20.18,-0.01,34,68612,卖盘
1018,13:45:51,20.19,0.01,17,34323,买盘
1019,13:45:48,20.18,-0.01,188,379384,卖盘
1020,13:45:45,20.19,--,1,2019,买盘
1021,13:45:42,20.19,0.01,5,10095,中性盘
1022,13:45:39,20.18,-0.03,87,175566,卖盘
1023,13:45:36,20.21,--,62,125302,买盘
1024,13:45:33,20.21,0.01,560,1131760,买盘
1025,13:45:27,20.2,-0.01,57,115140,卖盘
1026,13:45:24,20.21,--,6,12126,卖盘
1027,13:45:21,20.21,--,31,62651,买盘
1028,13:45:18,20.21,-0.01,15,30315,卖盘
1029,13:45:12,20.22,0.01,58,117276,买盘
1030,13:45:09,20.21,--,168,339528,卖盘
1031,13:45:06,20.21,-0.01,5,10105,卖盘
1032,13:45:00,20.22,--,63,127386,卖盘
1033,13:44:57,20.22,-0.01,6,12132,卖盘
1034,13:44:51,20.23,0.01,5,10115,买盘
1035,13:44:48,20.22,-0.02,8,16176,卖盘
1036,13:44:45,20.24,0.02,19,38456,买盘
1037,13:44:42,20.22,--,100,202200,卖盘
1038,13:44:36,20.22,--,4,8088,卖盘
1039,13:44:33,20.22,0.01,14,28308,买盘
1040,13:44:30,20.21,-0.01,9,18189,卖盘
1041,13:44:27,20.22,-0.02,592,1198035,卖盘
1042,13:44:24,20.24,--,3,6071,卖盘
1043,13:44:21,20.24,--,30,60719,卖盘
1044,13:44:18,20.24,--,13,26311,卖盘
1045,13:44:12,20.24,--,86,174064,卖盘
1046,13:44:09,20.24,-0.01,15,30359,卖盘
1047,13:44:06,20.25,0.01,16,32400,买盘
1048,13:44:03,20.24,--,2,5060,买盘
1049,13:44:00,20.24,0.01,5,10120,买盘
1050,13:43:57,20.23,--,11,22253,卖盘
1051,13:43:54,20.23,-0.01,6,12138,卖盘
1052,13:43:51,20.24,--,17,34408,买盘
1053,13:43:48,20.24,--,15,30359,买盘
1054,13:43:42,20.24,--,30,60719,买盘
1055,13:43:39,20.24,--,5,10120,买盘
1056,13:43:33,20.24,0.01,13,26311,买盘
1057,13:43:30,20.23,-0.01,27,54621,卖盘
1058,13:43:27,20.24,--,84,170016,买盘
1059,13:43:18,20.24,-0.01,36,72864,卖盘
1060,13:43:15,20.25,0.01,50,101250,买盘
1061,13:43:12,20.24,-0.01,5,10120,卖盘
1062,13:43:09,20.25,--,9,18225,买盘
1063,13:43:03,20.25,--,2,4050,买盘
1064,13:43:00,20.25,--,4,8100,买盘
1065,13:42:57,20.25,--,502,1016550,卖盘
1066,13:42:51,20.25,--,37,74925,卖盘
1067,13:42:36,20.25,-0.01,253,512325,卖盘
1068,13:42:33,20.26,--,7,14182,卖盘
1069,13:42:30,20.26,--,27,54702,买盘
1070,13:42:24,20.26,--,50,101300,买盘
1071,13:42:15,20.26,0.01,29,58754,买盘
1072,13:42:12,20.25,-0.01,15,30375,卖盘
1073,13:42:09,20.26,--,10,20260,买盘
1074,13:42:06,20.26,-0.02,73,147898,卖盘
1075,13:42:03,20.28,--,16,32448,卖盘
1076,13:41:57,20.28,--,44,89232,买盘
1077,13:41:48,20.28,0.01,21,42588,买盘
1078,13:41:39,20.27,0.01,119,241213,买盘
1079,13:41:36,20.26,-0.01,13,26338,卖盘
1080,13:41:24,20.27,-0.01,196,397292,卖盘
1081,13:41:21,20.28,0.02,14,28392,买盘
1082,13:41:18,20.26,-0.02,5,10130,卖盘
1083,13:41:09,20.28,0.01,210,425880,买盘
1084,13:41:03,20.27,--,22,44594,卖盘
1085,13:41:00,20.27,--,22,44594,买盘
1086,13:40:57,20.27,--,27,54729,买盘
1087,13:40:54,20.27,--,53,107431,买盘
1088,13:40:51,20.27,-0.01,104,210808,卖盘
1089,13:40:39,20.28,--,33,66924,买盘
1090,13:40:36,20.28,--,13,26364,买盘
1091,13:40:33,20.28,0.01,3,6084,买盘
1092,13:40:24,20.27,--,3,6081,卖盘
1093,13:40:18,20.27,0.02,4,8108,买盘
1094,13:40:15,20.25,0.02,100,202500,中性盘
1095,13:40:06,20.23,--,14,28322,卖盘
1096,13:39:57,20.23,--,1,2023,卖盘
1097,13:39:54,20.23,-0.05,136,275128,卖盘
1098,13:39:45,20.28,0.05,5,10140,买盘
1099,13:39:36,20.23,-0.05,15,30345,卖盘
1100,13:39:33,20.28,0.06,44,89232,中性盘
1101,13:39:18,20.22,0.01,2,4044,中性盘
1102,13:39:15,20.21,-0.01,10,20210,卖盘
1103,13:39:09,20.22,--,73,147606,买盘
1104,13:39:06,20.22,--,14,28308,买盘
1105,13:39:03,20.22,--,5,10110,买盘
1106,13:39:00,20.22,--,9,18198,买盘
1107,13:38:57,20.22,-0.02,120,242640,卖盘
1108,13:38:54,20.24,-0.03,20,40480,中性盘
1109,13:38:45,20.27,0.03,6,12162,买盘
1110,13:38:42,20.24,--,2,4047,买盘
1111,13:38:39,20.24,-0.01,111,224663,卖盘
1112,13:38:36,20.25,0.01,1,2025,买盘
1113,13:38:33,20.24,--,17,34408,卖盘
1114,13:38:27,20.24,--,1,2023,买盘
1115,13:38:24,20.24,0.01,13,26311,买盘
1116,13:38:21,20.23,0.01,6,12138,买盘
1117,13:38:18,20.22,-0.02,5,10110,卖盘
1118,13:38:15,20.24,--,124,250975,买盘
1119,13:38:12,20.24,0.02,10,20240,买盘
1120,13:38:06,20.22,-0.02,46,93012,卖盘
1121,13:38:03,20.24,0.01,76,153824,买盘
1122,13:38:00,20.23,--,134,271082,卖盘
1123,13:37:57,20.23,--,35,70805,卖盘
1124,13:37:54,20.23,-0.02,25,50575,卖盘
1125,13:37:48,20.25,0.02,35,70875,买盘
1126,13:37:45,20.23,0.01,34,68782,卖盘
1127,13:37:42,20.22,-0.01,37,74814,卖盘
1128,13:37:39,20.23,-0.01,33,66759,卖盘
1129,13:37:36,20.24,--,1,2023,卖盘
1130,13:37:33,20.24,--,49,99175,买盘
1131,13:37:30,20.24,0.01,19,38456,买盘
1132,13:37:24,20.23,--,75,151725,卖盘
1133,13:37:12,20.23,--,5,10115,卖盘
1134,13:37:09,20.23,-0.01,3,6069,卖盘
1135,13:37:06,20.24,--,29,58695,卖盘
1136,13:37:03,20.24,--,5,10120,卖盘
1137,13:37:00,20.24,--,29,58695,买盘
1138,13:36:57,20.24,0.02,5,10120,买盘
1139,13:36:54,20.22,-0.01,204,412488,卖盘
1140,13:36:51,20.23,-0.01,60,121380,卖盘
1141,13:36:48,20.24,0.01,5,10120,中性盘
1142,13:36:45,20.23,-0.02,72,145656,卖盘
1143,13:36:42,20.25,--,24,48600,卖盘
1144,13:36:39,20.25,--,50,101250,卖盘
1145,13:36:36,20.25,-0.01,50,101250,卖盘
1146,13:36:33,20.26,-0.01,30,60780,卖盘
1147,13:36:27,20.27,0.01,6,12162,买盘
1148,13:36:24,20.26,-0.01,27,54702,卖盘
1149,13:36:21,20.27,--,93,188511,卖盘
1150,13:36:18,20.27,--,69,139863,卖盘
1151,13:36:15,20.27,--,6,12162,卖盘
1152,13:36:12,20.27,--,3,6081,卖盘
1153,13:36:09,20.27,-0.03,15,30405,卖盘
1154,13:36:06,20.3,0.03,25,50750,买盘
1155,13:36:00,20.27,-0.01,17,34459,买盘
1156,13:35:57,20.28,0.01,6,12168,买盘
1157,13:35:54,20.27,--,26,52702,卖盘
1158,13:35:48,20.27,--,44,89188,卖盘
1159,13:35:45,20.27,-0.03,46,93242,卖盘
1160,13:35:42,20.3,0.03,208,422240,买盘
1161,13:35:39,20.27,-0.01,33,66891,卖盘
1162,13:35:33,20.28,--,149,302172,卖盘
1163,13:35:27,20.28,-0.01,45,91260,卖盘
1164,13:35:24,20.29,0.01,36,73044,中性盘
1165,13:35:21,20.28,-0.01,55,111540,卖盘
1166,13:35:18,20.29,-0.02,15,30435,卖盘
1167,13:35:15,20.31,0.01,23,46713,买盘
1168,13:35:12,20.3,-0.01,56,113680,买盘
1169,13:35:06,20.31,--,58,117797,买盘
1170,13:35:03,20.31,0.02,8,16247,买盘
1171,13:34:48,20.29,-0.01,39,79131,卖盘
1172,13:34:45,20.3,-0.01,11,22330,卖盘
1173,13:34:42,20.31,0.01,42,85302,买盘
1174,13:34:39,20.3,0.01,14,28420,买盘
1175,13:34:36,20.29,--,42,85218,卖盘
1176,13:34:33,20.29,--,5,10145,卖盘
1177,13:34:27,20.29,--,24,48696,卖盘
1178,13:34:24,20.29,--,26,52754,买盘
1179,13:34:21,20.29,0.01,12,24348,买盘
1180,13:34:18,20.28,-0.01,219,444132,卖盘
1181,13:34:15,20.29,-0.01,1,2029,卖盘
1182,13:34:09,20.3,--,1,2030,买盘
1183,13:34:06,20.3,--,13,26390,买盘
1184,13:33:54,20.3,--,3,6090,买盘
1185,13:33:48,20.3,--,41,83230,买盘
1186,13:33:45,20.3,--,4,9135,卖盘
1187,13:33:42,20.3,-0.01,12,24360,卖盘
1188,13:33:39,20.31,0.01,14,28434,买盘
1189,13:33:36,20.3,--,50,101500,卖盘
1190,13:33:33,20.3,--,146,296380,卖盘
1191,13:33:30,20.3,--,16,32480,卖盘
1192,13:33:27,20.3,--,5,10150,卖盘
1193,13:33:24,20.3,--,49,99470,卖盘
1194,13:33:18,20.3,--,11,22330,卖盘
1195,13:33:12,20.3,-0.01,34,69020,卖盘
1196,13:33:09,20.31,-0.01,48,97488,卖盘
1197,13:33:06,20.32,0.01,71,144272,买盘
1198,13:33:03,20.31,-0.01,16,32495,卖盘
1199,13:33:00,20.32,0.01,7,14224,买盘
1200,13:32:57,20.31,--,54,109674,卖盘
1201,13:32:51,20.31,--,54,109674,卖盘
1202,13:32:48,20.31,--,2,5077,卖盘
1203,13:32:45,20.31,0.01,27,54837,买盘
1204,13:32:42,20.3,--,6,12180,卖盘
1205,13:32:39,20.3,--,49,99470,卖盘
1206,13:32:33,20.3,-0.01,42,85260,卖盘
1207,13:32:30,20.31,0.01,4,8123,中性盘
1208,13:32:27,20.3,-0.01,4,8120,卖盘
1209,13:32:24,20.31,-0.01,55,111705,卖盘
1210,13:32:21,20.32,0.01,12,24384,买盘
1211,13:32:15,20.31,--,55,111705,卖盘
1212,13:32:12,20.31,-0.01,7,14217,卖盘
1213,13:32:09,20.32,0.01,42,85344,买盘
1214,13:32:06,20.31,--,15,30464,卖盘
1215,13:32:03,20.31,-0.01,35,71085,卖盘
1216,13:31:57,20.32,--,33,67056,卖盘
1217,13:31:54,20.32,-0.02,4,8128,卖盘
1218,13:31:48,20.34,--,43,87462,买盘
1219,13:31:45,20.34,0.02,4,8136,买盘
1220,13:31:42,20.32,-0.01,38,77216,卖盘
1221,13:31:39,20.33,-0.01,47,95550,卖盘
1222,13:31:36,20.34,--,15,30510,卖盘
1223,13:31:30,20.34,--,10,20340,卖盘
1224,13:31:27,20.34,0.02,23,46782,买盘
1225,13:31:24,20.32,-0.01,42,85344,卖盘
1226,13:31:21,20.33,-0.01,17,34561,卖盘
1227,13:31:09,20.34,--,1,2034,买盘
1228,13:31:06,20.34,--,37,75258,买盘
1229,13:31:03,20.34,0.01,65,132210,买盘
1230,13:30:57,20.33,-0.01,12,24395,卖盘
1231,13:30:54,20.34,--,1,2034,买盘
1232,13:30:48,20.34,--,7,14238,买盘
1233,13:30:45,20.34,--,29,58986,买盘
1234,13:30:36,20.34,-0.02,84,170856,卖盘
1235,13:30:30,20.36,--,10,20360,买盘
1236,13:30:27,20.36,0.02,10,20360,买盘
1237,13:30:24,20.34,--,18,36612,卖盘
1238,13:30:18,20.34,--,7,14238,卖盘
1239,13:30:12,20.34,-0.02,3,6102,卖盘
1240,13:30:09,20.36,0.02,11,22396,中性盘
1241,13:30:03,20.34,0.01,30,61020,买盘
1242,13:30:00,20.33,-0.01,20,40660,卖盘
1243,13:29:54,20.34,0.01,1,2034,买盘
1244,13:29:51,20.33,-0.03,21,42693,卖盘
1245,13:29:45,20.36,0.01,25,50900,买盘
1246,13:29:42,20.35,--,10,20350,买盘
1247,13:29:36,20.35,-0.02,50,101750,卖盘
1248,13:29:30,20.37,--,17,34629,买盘
1249,13:29:24,20.37,0.01,28,57036,买盘
1250,13:29:18,20.36,-0.03,11,22396,卖盘
1251,13:29:09,20.39,0.03,1,2039,买盘
1252,13:29:06,20.36,--,5,10180,卖盘
1253,13:29:03,20.36,--,4,8144,卖盘
1254,13:28:54,20.36,--,3,6108,卖盘
1255,13:28:51,20.36,--,25,50900,卖盘
1256,13:28:45,20.36,--,21,42756,卖盘
1257,13:28:42,20.36,0.03,50,101800,买盘
1258,13:28:39,20.33,-0.02,4,8131,卖盘
1259,13:28:36,20.35,--,12,24420,卖盘
1260,13:28:30,20.35,--,3,6105,卖盘
1261,13:28:27,20.35,--,19,38665,买盘
1262,13:28:24,20.35,0.02,3,6105,买盘
1263,13:28:21,20.33,--,12,24395,卖盘
1264,13:28:18,20.33,-0.02,33,67089,卖盘
1265,13:28:15,20.35,--,50,101750,买盘
1266,13:28:12,20.35,--,1,2035,买盘
1267,13:28:00,20.35,0.02,1,2035,买盘
1268,13:27:57,20.33,0.01,2,4065,中性盘
1269,13:27:54,20.32,-0.01,25,50800,卖盘
1270,13:27:51,20.33,0.01,6,12197,买盘
1271,13:27:48,20.32,-0.01,11,22352,卖盘
1272,13:27:45,20.33,0.01,10,20330,买盘
1273,13:27:42,20.32,-0.01,9,18288,卖盘
1274,13:27:39,20.33,0.01,4,8131,买盘
1275,13:27:36,20.32,-0.01,9,18288,卖盘
1276,13:27:33,20.33,0.01,1,2032,中性盘
1277,13:27:24,20.32,-0.03,17,34544,卖盘
1278,13:27:21,20.35,0.02,9,18315,中性盘
1279,13:27:18,20.33,-0.03,200,406599,卖盘
1280,13:27:15,20.36,--,58,118088,卖盘
1281,13:27:12,20.36,-0.01,6,12216,卖盘
1282,13:27:09,20.37,0.01,6,12222,买盘
1283,13:27:06,20.36,--,36,73296,卖盘
1284,13:27:03,20.36,--,12,24432,卖盘
1285,13:27:00,20.36,-0.01,15,30540,卖盘
1286,13:26:57,20.37,-0.02,16,32592,卖盘
1287,13:26:54,20.39,-0.01,544,1109888,卖盘
1288,13:26:51,20.4,--,22,44880,卖盘
1289,13:26:48,20.4,--,9,18360,卖盘
1290,13:26:45,20.4,--,88,179520,卖盘
1291,13:26:42,20.4,-0.02,13,26519,卖盘
1292,13:26:39,20.42,-0.01,6,12252,卖盘
1293,13:26:36,20.43,--,18,36774,卖盘
1294,13:26:33,20.43,--,19,38817,卖盘
1295,13:26:30,20.43,--,19,38817,卖盘
1296,13:26:27,20.43,--,32,65376,卖盘
1297,13:26:24,20.43,-0.01,15,30645,卖盘
1298,13:26:21,20.44,0.01,10,20440,买盘
1299,13:26:18,20.43,-0.01,25,51075,卖盘
1300,13:26:15,20.44,--,2,4088,买盘
1301,13:26:12,20.44,0.01,10,20440,买盘
1302,13:26:09,20.43,--,4,8172,卖盘
1303,13:26:06,20.43,-0.01,27,55161,卖盘
1304,13:26:03,20.44,--,4,8176,卖盘
1305,13:25:45,20.44,-0.01,5,10220,卖盘
1306,13:25:42,20.45,0.01,1,2045,买盘
1307,13:25:39,20.44,--,12,24528,买盘
1308,13:25:33,20.44,--,21,42924,买盘
1309,13:25:27,20.44,--,46,94024,卖盘
1310,13:25:18,20.44,--,9,18396,买盘
1311,13:25:15,20.44,--,10,20440,买盘
1312,13:25:12,20.44,--,4,8176,买盘
1313,13:25:09,20.44,--,11,22484,买盘
1314,13:25:06,20.44,0.01,10,20440,买盘
1315,13:24:51,20.43,-0.04,31,63333,卖盘
1316,13:24:45,20.47,0.03,100,204700,买盘
1317,13:24:27,20.44,--,1,2044,买盘
1318,13:24:21,20.44,--,5,10220,买盘
1319,13:24:12,20.44,0.01,3,6132,买盘
1320,13:24:00,20.43,--,13,26559,卖盘
1321,13:23:54,20.43,--,2,4086,卖盘
1322,13:23:48,20.43,0.03,280,572040,买盘
1323,13:23:42,20.4,-0.02,26,53039,卖盘
1324,13:23:39,20.42,0.02,1,2042,买盘
1325,13:23:33,20.4,-0.02,4,8159,卖盘
1326,13:23:30,20.42,0.02,13,26546,买盘
1327,13:23:27,20.4,-0.03,138,281520,卖盘
1328,13:23:24,20.43,--,5,10215,买盘
1329,13:23:15,20.43,--,1,2043,买盘
1330,13:23:09,20.43,0.01,1,2043,买盘
1331,13:23:06,20.42,--,110,224620,卖盘
1332,13:23:00,20.42,--,1,2042,卖盘
1333,13:22:45,20.42,0.02,60,122520,买盘
1334,13:22:39,20.4,-0.02,5,10200,卖盘
1335,13:22:33,20.42,0.01,197,402274,买盘
1336,13:22:27,20.41,0.01,4,8164,中性盘
1337,13:22:21,20.4,-0.02,9,18360,卖盘
1338,13:22:18,20.42,--,4,8168,买盘
1339,13:22:09,20.42,--,18,36756,卖盘
1340,13:21:54,20.42,--,5,10210,卖盘
1341,13:21:51,20.42,--,9,18378,卖盘
1342,13:21:42,20.42,0.01,151,308342,买盘
1343,13:21:39,20.41,0.01,1,2041,买盘
1344,13:21:30,20.4,--,6,12240,卖盘
1345,13:21:27,20.4,-0.01,5,10200,卖盘
1346,13:21:09,20.41,--,1,2041,买盘
1347,13:21:06,20.41,0.01,2,4082,买盘
1348,13:21:03,20.4,-0.01,1,2039,卖盘
1349,13:20:57,20.41,--,23,47963,卖盘
1350,13:20:54,20.41,-0.01,11,22451,卖盘
1351,13:20:48,20.42,0.01,20,40840,买盘
1352,13:20:39,20.41,-0.01,24,48984,卖盘
1353,13:20:33,20.42,--,10,20420,买盘
1354,13:20:30,20.42,-0.01,16,32672,卖盘
1355,13:20:21,20.43,--,4,8172,买盘
1356,13:20:18,20.43,--,2,4086,中性盘
1357,13:20:06,20.43,--,30,61290,买盘
1358,13:19:51,20.43,--,2,4086,中性盘
1359,13:19:48,20.43,-0.01,10,20430,中性盘
1360,13:19:39,20.44,0.03,1,2044,买盘
1361,13:19:36,20.41,0.01,67,137767,买盘
1362,13:19:24,20.4,-0.01,0,1387,卖盘
1363,13:19:15,20.41,--,6,12246,买盘
1364,13:19:09,20.41,0.01,1,2041,买盘
1365,13:19:06,20.4,--,10,20400,卖盘
1366,13:18:57,20.4,--,2,4079,卖盘
1367,13:18:54,20.4,0.01,4,10179,买盘
1368,13:18:51,20.39,-0.01,10,20390,卖盘
1369,13:18:48,20.4,0.01,3,6120,买盘
1370,13:18:45,20.39,--,7,14273,卖盘
1371,13:18:42,20.39,0.02,259,528101,买盘
1372,13:18:30,20.37,-0.02,57,116109,卖盘
1373,13:18:24,20.39,0.02,2,4078,买盘
1374,13:18:21,20.37,-0.02,38,77406,卖盘
1375,13:18:18,20.39,--,2,4078,买盘
1376,13:18:09,20.39,--,5,10195,买盘
1377,13:18:06,20.39,0.02,2,4078,买盘
1378,13:18:03,20.37,-0.02,5,10185,卖盘
1379,13:18:00,20.39,--,1,2039,买盘
1380,13:17:54,20.39,--,79,161081,买盘
1381,13:17:39,20.39,0.02,1,2039,买盘
1382,13:17:33,20.37,--,36,73332,买盘
1383,13:17:30,20.37,--,3,6111,买盘
1384,13:17:24,20.37,0.01,10,20370,买盘
1385,13:17:18,20.36,-0.01,25,50900,卖盘
1386,13:17:15,20.37,--,19,38703,买盘
1387,13:17:06,20.37,--,15,30555,买盘
1388,13:17:03,20.37,--,20,40740,买盘
1389,13:16:57,20.37,--,28,57036,卖盘
1390,13:16:54,20.37,-0.01,1,2037,卖盘
1391,13:16:51,20.38,0.01,20,40760,买盘
1392,13:16:42,20.37,-0.01,9,18333,卖盘
1393,13:16:39,20.38,--,1,2038,买盘
1394,13:16:36,20.38,--,37,75406,卖盘
1395,13:16:33,20.38,--,1,2038,卖盘
1396,13:16:30,20.38,--,10,20380,卖盘
1397,13:16:12,20.38,-0.01,9,18342,卖盘
1398,13:15:51,20.39,0.02,2,4078,买盘
1399,13:15:45,20.37,-0.02,9,18333,卖盘
1400,13:15:42,20.39,--,2,4078,买盘
1401,13:15:39,20.39,--,1,2039,买盘
1402,13:15:33,20.39,--,2,4078,买盘
1403,13:15:30,20.39,--,2,4078,买盘
1404,13:15:27,20.39,--,15,30585,买盘
1405,13:15:21,20.39,--,4,8156,买盘
1406,13:15:15,20.39,--,12,24468,买盘
1407,13:15:12,20.39,0.01,2,4078,买盘
1408,13:15:09,20.38,--,2,4076,卖盘
1409,13:15:06,20.38,--,1,2038,卖盘
1410,13:15:00,20.38,--,6,12228,买盘
1411,13:14:57,20.38,--,2,4076,买盘
1412,13:14:54,20.38,-0.01,3,6114,卖盘
1413,13:14:51,20.39,--,5,10195,买盘
1414,13:14:48,20.39,-0.01,3,6117,卖盘
1415,13:14:39,20.4,--,2,4100,卖盘
1416,13:14:36,20.4,--,0,2019,买盘
1417,13:14:30,20.4,-0.01,19,38780,卖盘
1418,13:14:27,20.41,0.01,10,20410,买盘
1419,13:14:21,20.4,--,9,18360,卖盘
1420,13:14:18,20.4,-0.01,2,4079,卖盘
1421,13:14:15,20.41,0.01,3,6123,买盘
1422,13:14:12,20.4,-0.01,105,214199,卖盘
1423,13:14:09,20.41,--,2,4082,买盘
1424,13:13:51,20.41,--,2,4082,买盘
1425,13:13:48,20.41,-0.01,5,10205,卖盘
1426,13:13:42,20.42,--,1,2042,买盘
1427,13:13:39,20.42,--,8,16336,买盘
1428,13:13:36,20.42,--,19,38798,买盘
1429,13:13:09,20.42,0.01,4,8168,买盘
1430,13:13:06,20.41,--,6,12246,卖盘
1431,13:12:51,20.41,-0.01,5,10205,卖盘
1432,13:12:42,20.42,--,2,4084,买盘
1433,13:12:39,20.42,0.01,4,8168,买盘
1434,13:12:33,20.41,0.01,24,48984,买盘
1435,13:12:27,20.4,--,7,14279,卖盘
1436,13:12:21,20.4,-0.01,60,122399,卖盘
1437,13:12:15,20.41,--,6,12246,买盘
1438,13:12:12,20.41,--,3,6123,买盘
1439,13:12:09,20.41,--,4,8164,买盘
1440,13:12:06,20.41,--,1,2041,买盘
1441,13:12:03,20.41,0.01,3,6123,买盘
1442,13:11:51,20.4,--,10,20400,卖盘
1443,13:11:48,20.4,-0.01,9,18360,卖盘
1444,13:11:45,20.41,--,14,28574,买盘
1445,13:11:39,20.41,--,11,22451,买盘
1446,13:11:36,20.41,0.01,16,32656,买盘
1447,13:11:33,20.4,-0.02,38,77520,卖盘
1448,13:11:30,20.42,--,16,32672,买盘
1449,13:11:09,20.42,0.01,4,8168,买盘
1450,13:11:06,20.41,--,2,4082,卖盘
1451,13:10:57,20.41,-0.01,9,18369,卖盘
1452,13:10:51,20.42,--,2,4084,买盘
1453,13:10:39,20.42,--,4,8168,买盘
1454,13:10:36,20.42,0.02,1,2042,买盘
1455,13:10:27,20.4,-0.02,21,43860,卖盘
1456,13:10:24,20.42,--,55,113331,买盘
1457,13:10:09,20.42,0.02,3,6126,买盘
1458,13:10:03,20.4,--,1,2039,卖盘
1459,13:10:00,20.4,-0.01,9,18360,卖盘
1460,13:09:48,20.41,--,3,6123,卖盘
1461,13:09:39,20.41,-0.01,2,4082,卖盘
1462,13:09:36,20.42,0.01,5,10210,买盘
1463,13:09:30,20.41,--,9,18369,卖盘
1464,13:09:24,20.41,--,2,4082,中性盘
1465,13:09:12,20.41,--,7,14287,卖盘
1466,13:09:06,20.41,--,6,12246,买盘
1467,13:08:57,20.41,--,3,6123,买盘
1468,13:08:54,20.41,0.01,12,24492,买盘
1469,13:08:48,20.4,-0.01,85,173400,卖盘
1470,13:08:42,20.41,-0.01,13,26533,卖盘
1471,13:08:39,20.42,--,4,8168,买盘
1472,13:08:36,20.42,0.01,5,10210,买盘
1473,13:08:33,20.41,--,6,12246,卖盘
1474,13:08:30,20.41,--,3,6123,买盘
1475,13:08:27,20.41,--,7,14287,买盘
1476,13:08:18,20.41,--,2,4082,买盘
1477,13:08:15,20.41,--,5,10205,买盘
1478,13:08:09,20.41,-0.01,59,120419,卖盘
1479,13:08:06,20.42,0.01,6,12252,买盘
1480,13:08:03,20.41,-0.01,1,2041,卖盘
1481,13:07:54,20.42,--,4,8168,买盘
1482,13:07:48,20.42,--,2,4084,买盘
1483,13:07:39,20.42,--,1,2042,买盘
1484,13:07:36,20.42,--,3,6126,买盘
1485,13:07:33,20.42,--,10,20420,买盘
1486,13:07:30,20.42,-0.01,16,32672,卖盘
1487,13:07:21,20.43,0.01,9,18387,买盘
1488,13:07:12,20.42,--,8,16336,卖盘
1489,13:07:09,20.42,--,4,8168,买盘
1490,13:07:00,20.42,-0.02,8,16336,卖盘
1491,13:06:57,20.44,--,25,51100,买盘
1492,13:06:48,20.44,--,9,18396,买盘
1493,13:06:36,20.44,0.03,4,8176,买盘
1494,13:06:30,20.41,-0.02,10,20410,卖盘
1495,13:06:27,20.43,--,3,6129,买盘
1496,13:06:09,20.43,-0.01,4,8172,中性盘
1497,13:05:36,20.44,0.03,5,10220,买盘
1498,13:05:27,20.41,-0.02,9,18369,卖盘
1499,13:05:12,20.43,-0.01,10,20430,卖盘
1500,13:05:06,20.44,--,3,6132,买盘
1501,13:05:00,20.44,0.01,3,6132,买盘
1502,13:04:57,20.43,-0.01,5,10215,卖盘
1503,13:04:51,20.44,--,10,20440,买盘
1504,13:04:39,20.44,--,4,8176,买盘
1505,13:04:36,20.44,-0.01,56,114464,卖盘
1506,13:04:33,20.45,--,12,24540,卖盘
1507,13:04:30,20.45,-0.01,4,8180,卖盘
1508,13:04:18,20.46,--,5,10230,买盘
1509,13:04:09,20.46,0.01,3,6138,买盘
1510,13:04:03,20.45,0.01,40,81800,买盘
1511,13:03:48,20.44,-0.01,12,24528,卖盘
1512,13:03:45,20.45,--,10,20450,买盘
1513,13:03:39,20.45,--,6,12270,买盘
1514,13:03:36,20.45,0.01,4,8180,买盘
1515,13:03:33,20.44,-0.01,9,18396,卖盘
1516,13:03:24,20.45,--,1,2045,买盘
1517,13:03:15,20.45,--,15,30675,卖盘
1518,13:03:09,20.45,-0.02,4,8180,卖盘
1519,13:03:06,20.47,0.02,1,2047,买盘
1520,13:03:03,20.45,-0.01,9,18405,卖盘
1521,13:03:00,20.46,--,4,8184,买盘
1522,13:02:54,20.46,--,5,10230,买盘
1523,13:02:42,20.46,-0.01,47,96162,卖盘
1524,13:02:36,20.47,0.01,2,4094,买盘
1525,13:02:33,20.46,--,12,24552,卖盘
1526,13:02:12,20.46,-0.01,4,8184,卖盘
1527,13:02:06,20.47,--,1,2047,买盘
1528,13:02:03,20.47,0.01,1,2047,买盘
1529,13:01:51,20.46,--,5,10230,卖盘
1530,13:01:42,20.46,--,2,4092,卖盘
1531,13:01:33,20.46,--,2,4092,卖盘
1532,13:01:21,20.46,--,10,20460,卖盘
1533,13:01:18,20.46,-0.01,6,12276,卖盘
1534,13:01:15,20.47,--,14,28658,买盘
1535,13:01:06,20.47,--,11,22517,买盘
1536,13:01:03,20.47,--,1,2047,买盘
1537,13:01:00,20.47,0.02,1,2047,买盘
1538,13:00:54,20.45,-0.02,4,8180,卖盘
1539,13:00:51,20.47,--,5,10235,卖盘
1540,13:00:48,20.47,--,4,8188,卖盘
1541,13:00:39,20.47,--,3,6141,卖盘
1542,13:00:33,20.47,-0.01,10,20470,卖盘
1543,13:00:30,20.48,--,1,2048,买盘
1544,13:00:24,20.48,--,2,4096,买盘
1545,13:00:21,20.48,--,1,2048,买盘
1546,13:00:15,20.48,--,1,2048,买盘
1547,13:00:06,20.48,0.01,36,73728,买盘
1548,13:00:03,20.47,--,162,331614,买盘
1549,13:00:00,20.47,--,0,0,买盘
1550,11:30:00,20.47,0.04,5,10235,买盘
1551,11:29:51,20.43,-0.02,21,42903,卖盘
1552,11:29:45,20.45,--,1,2045,卖盘
1553,11:29:42,20.45,--,10,20450,卖盘
1554,11:29:39,20.45,--,59,120655,卖盘
1555,11:29:30,20.45,--,3,6135,卖盘
1556,11:29:24,20.45,--,5,10225,卖盘
1557,11:29:21,20.45,0.02,4,8180,买盘
1558,11:29:18,20.43,-0.02,10,20430,卖盘
1559,11:29:09,20.45,--,5,10225,买盘
1560,11:29:06,20.45,0.02,1,2045,中性盘
1561,11:29:03,20.43,--,1,2043,卖盘
1562,11:28:51,20.43,0.02,5,10215,买盘
1563,11:28:48,20.41,--,2,4082,卖盘
1564,11:28:39,20.41,--,5,10205,买盘
1565,11:28:36,20.41,0.01,5,10205,买盘
1566,11:28:33,20.4,--,3,6120,卖盘
1567,11:28:12,20.4,-0.01,1,2039,卖盘
1568,11:28:06,20.41,0.01,1,2041,买盘
1569,11:28:03,20.4,--,2,5793,卖盘
1570,11:28:00,20.4,0.03,724,1477266,买盘
1571,11:27:45,20.37,0.04,10,20370,买盘
1572,11:27:42,20.33,-0.01,96,195167,卖盘
1573,11:27:27,20.34,-0.01,1,2034,卖盘
1574,11:27:24,20.35,--,13,26455,买盘
1575,11:27:21,20.35,--,50,101750,买盘
1576,11:27:18,20.35,--,1,2035,买盘
1577,11:27:12,20.35,--,1,2035,买盘
1578,11:27:09,20.35,-0.02,19,38990,卖盘
1579,11:27:06,20.37,--,1,2037,买盘
1580,11:26:57,20.37,0.02,10,20370,买盘
1581,11:26:39,20.35,--,4,8140,卖盘
1582,11:26:36,20.35,--,9,18315,卖盘
1583,11:26:24,20.35,-0.03,30,61050,卖盘
1584,11:26:06,20.38,--,1,2038,买盘
1585,11:26:03,20.38,0.03,3,6114,买盘
1586,11:25:57,20.35,-0.03,5,10175,卖盘
1587,11:25:36,20.38,0.03,10,20380,中性盘
1588,11:25:24,20.35,--,8,17989,买盘
1589,11:25:18,20.35,--,2,4070,买盘
1590,11:25:06,20.35,--,14,28490,买盘
1591,11:24:51,20.35,0.01,5,10175,买盘
1592,11:24:42,20.34,0.01,4,8136,买盘
1593,11:24:33,20.33,-0.01,5,10165,卖盘
1594,11:24:24,20.34,--,8,16272,买盘
1595,11:24:15,20.34,-0.01,54,109836,卖盘
1596,11:24:09,20.35,--,21,42735,买盘
1597,11:24:06,20.35,0.01,12,24420,买盘
1598,11:24:00,20.34,-0.01,70,142380,卖盘
1599,11:23:57,20.35,--,5,10175,买盘
1600,11:23:48,20.35,--,2,4070,买盘
1601,11:23:42,20.35,--,1,2035,买盘
1602,11:23:39,20.35,--,6,12210,买盘
1603,11:23:36,20.35,--,12,24745,卖盘
1604,11:23:33,20.35,--,45,93284,买盘
1605,11:23:30,20.35,--,2,4070,买盘
1606,11:23:18,20.35,-0.01,204,415140,卖盘
1607,11:23:09,20.36,--,5,10180,买盘
1608,11:23:06,20.36,0.01,1,2036,买盘
1609,11:23:03,20.35,-0.01,4,8140,卖盘
1610,11:22:57,20.36,--,18,36648,买盘
1611,11:22:48,20.36,0.02,12,24432,买盘
1612,11:22:39,20.34,-0.01,88,178992,卖盘
1613,11:22:33,20.35,--,3,6105,买盘
1614,11:22:27,20.35,0.01,1,2035,中性盘
1615,11:22:24,20.34,-0.01,12,24408,卖盘
1616,11:22:21,20.35,-0.01,5,10175,中性盘
1617,11:22:12,20.36,0.02,6,12216,买盘
1618,11:22:09,20.34,-0.02,17,34578,卖盘
1619,11:22:06,20.36,0.01,1,2036,买盘
1620,11:22:03,20.35,0.03,30,61050,买盘
1621,11:22:00,20.32,-0.03,65,132080,卖盘
1622,11:21:57,20.35,--,5,10175,买盘
1623,11:21:54,20.35,0.01,13,26455,买盘
1624,11:21:51,20.34,0.02,31,63054,买盘
1625,11:21:42,20.32,--,2,4064,卖盘
1626,11:21:39,20.32,--,12,24384,卖盘
1627,11:21:33,20.32,-0.01,23,46736,卖盘
1628,11:21:30,20.33,--,4,8131,买盘
1629,11:21:27,20.33,--,10,20330,买盘
1630,11:21:24,20.33,--,18,36594,买盘
1631,11:21:21,20.33,--,22,44725,买盘
1632,11:21:06,20.33,-0.01,1,2032,中性盘
1633,11:20:48,20.34,0.03,8,16272,买盘
1634,11:20:45,20.31,0.01,2,4061,中性盘
1635,11:20:42,20.3,--,10,20300,卖盘
1636,11:20:39,20.3,--,21,42630,卖盘
1637,11:20:33,20.3,--,153,310590,买盘
1638,11:20:30,20.3,--,3,6090,买盘
1639,11:20:27,20.3,--,1,2030,买盘
1640,11:20:24,20.3,-0.05,846,1717380,卖盘
1641,11:20:21,20.35,--,3,6105,买盘
1642,11:20:15,20.35,0.01,3,6105,买盘
1643,11:20:09,20.34,-0.01,1,2034,卖盘
1644,11:20:06,20.35,0.01,31,63085,买盘
1645,11:20:03,20.34,-0.01,4,8136,卖盘
1646,11:20:00,20.35,0.01,1,2035,买盘
1647,11:19:57,20.34,-0.01,5,10170,卖盘
1648,11:19:48,20.35,--,10,20350,买盘
1649,11:19:45,20.35,-0.02,197,400895,卖盘
1650,11:19:27,20.37,0.01,7,14259,买盘
1651,11:19:24,20.36,-0.01,8,16288,卖盘
1652,11:19:21,20.37,--,5,10185,买盘
1653,11:19:18,20.37,--,3,6111,买盘
1654,11:19:15,20.37,-0.01,69,140553,卖盘
1655,11:19:09,20.38,--,5,10190,买盘
1656,11:19:06,20.38,--,1,2038,买盘
1657,11:19:03,20.38,--,10,20380,买盘
1658,11:19:00,20.38,-0.01,32,65216,卖盘
1659,11:18:48,20.39,0.02,10,20390,买盘
1660,11:18:42,20.37,-0.02,52,105924,卖盘
1661,11:18:27,20.39,0.02,10,20390,买盘
1662,11:18:24,20.37,-0.01,23,46851,卖盘
1663,11:18:12,20.38,-0.01,8,16304,买盘
1664,11:18:06,20.39,0.01,1,2039,买盘
1665,11:17:54,20.38,--,35,71330,卖盘
1666,11:17:45,20.38,--,13,26494,买盘
1667,11:17:36,20.38,-0.01,12,24456,卖盘
1668,11:17:33,20.39,0.01,11,22429,买盘
1669,11:17:30,20.38,-0.01,20,40760,买盘
1670,11:17:27,20.39,0.02,12,24468,买盘
1671,11:17:24,20.37,-0.01,205,417585,卖盘
1672,11:17:12,20.38,-0.02,62,126356,卖盘
1673,11:17:09,20.4,--,71,144840,买盘
1674,11:17:06,20.4,--,9,18360,买盘
1675,11:17:03,20.4,-0.02,511,1044173,卖盘
1676,11:16:48,20.42,-0.03,246,502332,卖盘
1677,11:16:39,20.45,--,6,12270,卖盘
1678,11:16:27,20.45,--,1,2045,卖盘
1679,11:16:24,20.45,0.01,2,4090,中性盘
1680,11:16:03,20.44,-0.05,244,498736,卖盘
1681,11:16:00,20.49,--,80,163920,买盘
1682,11:15:54,20.49,--,70,143430,卖盘
1683,11:15:48,20.49,-0.01,3,6146,卖盘
1684,11:15:45,20.5,0.02,125,256250,买盘
1685,11:15:39,20.48,-0.01,70,143360,卖盘
1686,11:15:36,20.49,-0.01,2,4098,卖盘
1687,11:15:33,20.5,0.01,1,2050,买盘
1688,11:15:30,20.49,-0.01,66,135234,买盘
1689,11:15:27,20.5,--,1,2050,买盘
1690,11:15:21,20.5,--,15,30750,买盘
1691,11:15:18,20.5,-0.01,115,235750,卖盘
1692,11:15:15,20.51,0.01,75,153825,买盘
1693,11:15:09,20.5,0.01,117,239850,买盘
1694,11:15:06,20.49,-0.01,46,94254,卖盘
1695,11:15:03,20.5,--,106,217300,买盘
1696,11:15:00,20.5,--,111,227550,买盘
1697,11:14:54,20.5,0.01,2,4100,买盘
1698,11:14:51,20.49,--,10,20490,卖盘
1699,11:14:45,20.49,--,11,22539,卖盘
1700,11:14:39,20.49,--,10,20490,卖盘
1701,11:14:30,20.49,--,30,61469,卖盘
1702,11:14:27,20.49,--,102,208997,买盘
1703,11:14:24,20.49,0.01,10,20490,买盘
1704,11:14:18,20.48,-0.01,30,61440,卖盘
1705,11:14:06,20.49,--,6,12293,买盘
1706,11:14:03,20.49,0.01,2,4098,买盘
1707,11:14:00,20.48,--,10,20480,卖盘
1708,11:13:51,20.48,--,4,8192,卖盘
1709,11:13:45,20.48,--,10,20480,卖盘
1710,11:13:42,20.48,-0.01,5,10240,卖盘
1711,11:13:36,20.49,--,17,34833,买盘
1712,11:13:30,20.49,0.01,2,4098,买盘
1713,11:13:27,20.48,-0.01,10,20480,卖盘
1714,11:13:15,20.49,--,34,69666,买盘
1715,11:13:06,20.49,--,7,14342,买盘
1716,11:13:00,20.49,-0.01,2,4098,卖盘
1717,11:12:51,20.5,--,1,2050,买盘
1718,11:12:48,20.5,0.01,73,149650,买盘
1719,11:12:45,20.49,-0.02,1,2049,卖盘
1720,11:12:24,20.51,--,40,82040,买盘
1721,11:12:21,20.51,--,115,235865,买盘
1722,11:12:18,20.51,0.01,10,20510,买盘
1723,11:12:15,20.5,--,5,10250,卖盘
1724,11:12:09,20.5,--,12,24600,卖盘
1725,11:12:03,20.5,--,1,2050,卖盘
1726,11:11:51,20.5,--,37,75850,买盘
1727,11:11:45,20.5,--,10,20500,买盘
1728,11:11:42,20.5,0.01,13,26650,买盘
1729,11:11:39,20.49,-0.01,17,34833,卖盘
1730,11:11:33,20.5,--,11,22550,买盘
1731,11:11:30,20.5,--,61,125050,买盘
1732,11:11:24,20.5,0.01,13,26650,买盘
1733,11:11:18,20.49,--,4,8196,卖盘
1734,11:11:12,20.49,--,1,2049,卖盘
1735,11:11:06,20.49,--,73,149577,买盘
1736,11:11:03,20.49,0.01,1,2049,买盘
1737,11:11:00,20.48,0.03,3,6144,中性盘
1738,11:10:48,20.45,-0.04,5,10225,卖盘
1739,11:10:45,20.49,0.04,80,163920,买盘
1740,11:10:42,20.45,-0.01,9,18405,卖盘
1741,11:10:39,20.46,0.01,4,8184,买盘
1742,11:10:36,20.45,--,5,10225,卖盘
1743,11:10:30,20.45,--,2,4090,卖盘
1744,11:10:27,20.45,--,10,20450,卖盘
1745,11:10:24,20.45,-0.01,5,10225,卖盘
1746,11:10:21,20.46,0.01,3,6138,买盘
1747,11:10:18,20.45,--,4,8180,卖盘
1748,11:10:09,20.45,--,4,8180,卖盘
1749,11:10:06,20.45,0.01,23,47035,买盘
1750,11:10:00,20.44,0.01,39,79716,买盘
1751,11:09:39,20.43,-0.01,20,40860,卖盘
1752,11:09:33,20.44,-0.01,1,2044,买盘
1753,11:09:27,20.45,0.01,61,124745,买盘
1754,11:09:24,20.44,--,35,71540,买盘
1755,11:09:21,20.44,0.01,29,59276,买盘
1756,11:09:15,20.43,--,11,22473,卖盘
1757,11:09:09,20.43,-0.01,41,83763,卖盘
1758,11:09:03,20.44,0.01,10,20440,买盘
1759,11:09:00,20.43,-0.01,5,10215,卖盘
1760,11:08:45,20.44,0.01,1,2044,买盘
1761,11:08:42,20.43,-0.01,50,102150,卖盘
1762,11:08:39,20.44,0.01,1,2044,买盘
1763,11:08:36,20.43,-0.01,1,2043,卖盘
1764,11:08:33,20.44,0.01,3,6132,买盘
1765,11:08:24,20.43,-0.01,5,10215,卖盘
1766,11:08:21,20.44,0.01,13,26572,买盘
1767,11:08:15,20.43,--,11,22473,卖盘
1768,11:08:06,20.43,-0.01,20,40860,卖盘
1769,11:07:54,20.44,-0.01,56,114464,卖盘
1770,11:07:48,20.45,0.01,5,10225,买盘
1771,11:07:45,20.44,-0.01,37,75628,卖盘
1772,11:07:42,20.45,--,4,8180,买盘
1773,11:07:36,20.45,--,5,10225,买盘
1774,11:07:33,20.45,0.01,7,14315,买盘
1775,11:07:30,20.44,-0.01,1,2044,卖盘
1776,11:07:18,20.45,--,12,24540,买盘
1777,11:07:15,20.45,--,3,6135,买盘
1778,11:07:09,20.45,--,4,8180,买盘
1779,11:07:03,20.45,--,13,26585,卖盘
1780,11:06:57,20.45,--,85,173825,卖盘
1781,11:06:39,20.45,--,17,34765,卖盘
1782,11:06:36,20.45,-0.01,10,20450,卖盘
1783,11:06:33,20.46,--,1,2046,买盘
1784,11:06:24,20.46,--,10,20460,买盘
1785,11:06:18,20.46,0.01,10,20460,买盘
1786,11:06:15,20.45,--,6,12270,卖盘
1787,11:06:12,20.45,-0.01,4,8180,卖盘
1788,11:05:57,20.46,-0.02,3,6138,卖盘
1789,11:05:51,20.48,--,9,18432,卖盘
1790,11:05:48,20.48,--,78,159744,卖盘
1791,11:05:45,20.48,--,1,2048,卖盘
1792,11:05:42,20.48,-0.01,27,55296,卖盘
1793,11:05:39,20.49,0.01,5,10245,买盘
1794,11:05:36,20.48,0.01,61,124928,买盘
1795,11:05:33,20.47,0.01,1,2047,买盘
1796,11:05:21,20.46,-0.01,2,4092,卖盘
1797,11:05:18,20.47,0.01,10,20470,买盘
1798,11:05:09,20.46,--,15,30690,卖盘
1799,11:05:00,20.46,-0.01,20,40920,卖盘
1800,11:04:45,20.47,-0.01,7,14329,卖盘
1801,11:04:42,20.48,0.01,3,6144,买盘
1802,11:04:39,20.47,-0.01,34,69598,卖盘
1803,11:04:33,20.48,--,1,2048,买盘
1804,11:04:30,20.48,--,1,2048,买盘
1805,11:04:27,20.48,--,10,20480,买盘
1806,11:04:24,20.48,--,68,139264,卖盘
1807,11:04:21,20.48,--,1,2048,卖盘
1808,11:04:15,20.48,--,3,6144,卖盘
1809,11:04:12,20.48,-0.01,4,8192,卖盘
1810,11:04:09,20.49,0.02,29,59420,买盘
1811,11:03:57,20.47,-0.01,14,28658,卖盘
1812,11:03:54,20.48,--,32,65536,买盘
1813,11:03:48,20.48,--,5,10240,买盘
1814,11:03:45,20.48,-0.01,15,30720,中性盘
1815,11:03:42,20.49,0.02,14,28685,中性盘
1816,11:03:36,20.47,-0.03,9,18423,卖盘
1817,11:03:33,20.5,0.03,1,2050,买盘
1818,11:03:30,20.47,--,29,59363,卖盘
1819,11:03:27,20.47,--,15,30705,卖盘
1820,11:03:24,20.47,-0.04,8,16376,卖盘
1821,11:03:15,20.51,-0.01,1,2051,买盘
1822,11:03:12,20.52,0.05,4,8208,买盘
1823,11:03:09,20.47,-0.04,892,1825924,卖盘
1824,11:03:06,20.51,--,52,106652,买盘
1825,11:03:03,20.51,0.01,10,20510,买盘
1826,11:02:57,20.5,0.01,104,213200,买盘
1827,11:02:51,20.49,--,16,32784,买盘
1828,11:02:33,20.49,--,1,2049,买盘
1829,11:02:30,20.49,--,6,12293,买盘
1830,11:02:27,20.49,-0.01,15,30734,中性盘
1831,11:02:21,20.5,0.02,20,41000,买盘
1832,11:02:18,20.48,-0.01,4,8192,卖盘
1833,11:02:12,20.49,--,82,168018,卖盘
1834,11:02:09,20.49,--,10,20490,卖盘
1835,11:01:54,20.49,-0.01,10,20490,卖盘
1836,11:01:51,20.5,--,2,4100,买盘
1837,11:01:48,20.5,--,8,16400,买盘
1838,11:01:42,20.5,0.01,25,51250,买盘
1839,11:01:36,20.49,--,42,86058,买盘
1840,11:01:27,20.49,--,33,67617,卖盘
1841,11:01:24,20.49,--,79,161871,卖盘
1842,11:01:15,20.49,0.01,23,47127,买盘
1843,11:01:06,20.48,0.01,231,473088,买盘
1844,11:01:03,20.47,-0.01,11,22517,买盘
1845,11:00:54,20.48,0.02,43,88064,买盘
1846,11:00:48,20.46,--,100,204600,买盘
1847,11:00:39,20.46,0.01,2,4092,买盘
1848,11:00:36,20.45,--,1,2045,买盘
1849,11:00:33,20.45,0.01,5,10225,买盘
1850,11:00:30,20.44,--,5,10220,卖盘
1851,11:00:12,20.44,-0.03,10,20440,卖盘
1852,11:00:09,20.47,0.02,99,202653,买盘
1853,11:00:00,20.45,0.01,12,24540,买盘
1854,10:59:57,20.44,--,5,10220,卖盘
1855,10:59:54,20.44,-0.01,5,10220,卖盘
1856,10:59:33,20.45,0.01,5,10225,买盘
1857,10:59:30,20.44,-0.01,11,22484,卖盘
1858,10:59:24,20.45,-0.03,35,71575,卖盘
1859,10:59:21,20.48,0.02,21,43008,买盘
1860,10:59:18,20.46,0.02,1,2046,中性盘
1861,10:59:12,20.44,-0.04,19,38836,卖盘
1862,10:59:09,20.48,--,30,61440,买盘
1863,10:59:06,20.48,--,20,40960,买盘
1864,10:59:03,20.48,--,1,2048,买盘
1865,10:59:00,20.48,0.01,113,231424,买盘
1866,10:58:54,20.47,-0.01,2,4094,卖盘
1867,10:58:45,20.48,--,17,34816,买盘
1868,10:58:42,20.48,-0.01,9,18432,卖盘
1869,10:58:33,20.49,0.01,1,2049,买盘
1870,10:58:30,20.48,-0.01,40,81920,卖盘
1871,10:58:27,20.49,--,16,32784,买盘
1872,10:58:24,20.49,--,34,69666,买盘
1873,10:58:15,20.49,--,30,61469,买盘
1874,10:58:12,20.49,--,19,38931,买盘
1875,10:58:09,20.49,0.01,4,8196,买盘
1876,10:58:03,20.48,-0.01,7,14336,中性盘
1877,10:57:45,20.49,0.02,3,6146,买盘
1878,10:57:39,20.47,--,11,22517,买盘
1879,10:57:36,20.47,--,20,40940,买盘
1880,10:57:30,20.47,--,11,22517,卖盘
1881,10:57:24,20.47,-0.02,61,124867,卖盘
1882,10:57:21,20.49,0.01,55,112694,买盘
1883,10:57:12,20.48,--,64,131072,买盘
1884,10:57:09,20.48,--,13,26624,买盘
1885,10:57:03,20.48,0.01,1,2048,买盘
1886,10:57:00,20.47,0.01,41,83927,买盘
1887,10:56:51,20.46,0.01,17,34782,买盘
1888,10:56:48,20.45,-0.01,30,61350,卖盘
1889,10:56:45,20.46,0.01,3,6138,买盘
1890,10:56:42,20.45,0.04,22,44990,买盘
1891,10:56:39,20.41,-0.04,29,59189,卖盘
1892,10:56:36,20.45,-0.01,1,2045,买盘
1893,10:56:33,20.46,0.05,1,2046,买盘
1894,10:56:27,20.41,--,32,65312,卖盘
1895,10:56:18,20.41,0.01,1,2041,买盘
1896,10:56:15,20.4,-0.01,48,97920,卖盘
1897,10:56:12,20.41,0.01,11,22451,卖盘
1898,10:56:06,20.4,--,30,61199,卖盘
1899,10:55:54,20.4,--,30,61199,卖盘
1900,10:55:51,20.4,--,57,116585,买盘
1901,10:55:48,20.4,--,98,199920,买盘
1902,10:55:45,20.4,--,209,426359,买盘
1903,10:55:42,20.4,--,56,114239,买盘
1904,10:55:39,20.4,--,62,126479,买盘
1905,10:55:36,20.4,--,11,22440,买盘
1906,10:55:33,20.4,-0.08,476,972773,卖盘
1907,10:55:30,20.48,0.02,6,12288,卖盘
1908,10:55:21,20.46,-0.05,34,69564,卖盘
1909,10:55:18,20.51,0.05,30,61530,买盘
1910,10:55:15,20.46,-0.05,3,6138,中性盘
1911,10:55:12,20.51,0.04,4,8204,买盘
1912,10:55:09,20.47,-0.04,30,61410,卖盘
1913,10:55:06,20.51,0.06,100,205100,买盘
1914,10:55:03,20.45,-0.03,2,4090,买盘
1915,10:55:00,20.48,0.01,36,73728,买盘
1916,10:54:48,20.47,--,30,61410,买盘
1917,10:54:42,20.47,-0.01,3,6141,中性盘
1918,10:54:39,20.48,0.08,1,2048,买盘
1919,10:54:36,20.4,-0.08,32,65279,卖盘
1920,10:54:33,20.48,0.08,1,2048,中性盘
1921,10:54:30,20.4,--,30,61505,买盘
1922,10:54:27,20.4,0.01,28,57119,买盘
1923,10:54:24,20.39,-0.01,324,660636,卖盘
1924,10:54:21,20.4,--,29,59159,买盘
1925,10:54:18,20.4,--,5,10200,买盘
1926,10:54:15,20.4,0.01,147,299880,买盘
1927,10:54:12,20.39,--,1,2039,卖盘
1928,10:54:03,20.39,--,33,67287,卖盘
1929,10:53:51,20.39,-0.01,29,59131,卖盘
1930,10:53:48,20.4,-0.09,421,860573,卖盘
1931,10:53:45,20.49,--,40,81960,卖盘
1932,10:53:42,20.49,--,32,65568,卖盘
1933,10:53:39,20.49,-0.01,10,20490,卖盘
1934,10:53:33,20.5,0.01,7,14350,买盘
1935,10:53:30,20.49,-0.01,34,69666,卖盘
1936,10:53:24,20.5,0.01,21,43050,买盘
1937,10:53:18,20.49,-0.01,33,67617,卖盘
1938,10:53:12,20.5,0.01,3,6150,买盘
1939,10:53:09,20.49,-0.01,59,120890,卖盘
1940,10:53:06,20.5,0.01,78,159900,买盘
1941,10:53:03,20.49,--,14,28685,卖盘
1942,10:52:57,20.49,-0.01,34,69666,卖盘
1943,10:52:54,20.5,--,77,157850,卖盘
1944,10:52:51,20.5,--,2,4100,卖盘
1945,10:52:45,20.5,-0.01,34,69700,卖盘
1946,10:52:42,20.51,0.02,18,36918,买盘
1947,10:52:36,20.49,-0.01,37,75813,卖盘
1948,10:52:33,20.5,0.01,20,41000,买盘
1949,10:52:30,20.49,-0.01,1,2049,卖盘
1950,10:52:27,20.5,0.01,10,20500,买盘
1951,10:52:24,20.49,--,32,65568,卖盘
1952,10:52:12,20.49,-0.01,36,73764,卖盘
1953,10:52:09,20.5,0.01,25,51250,买盘
1954,10:52:03,20.49,--,35,71715,卖盘
1955,10:51:57,20.49,-0.01,57,116792,卖盘
1956,10:51:51,20.5,-0.02,14,28700,卖盘
1957,10:51:48,20.52,--,50,102600,卖盘
1958,10:51:45,20.52,0.01,4,8208,中性盘
1959,10:51:39,20.51,-0.02,33,67683,卖盘
1960,10:51:33,20.53,0.01,42,86226,买盘
1961,10:51:30,20.52,--,31,63612,卖盘
1962,10:51:27,20.52,--,1,2052,卖盘
1963,10:51:24,20.52,0.02,20,41040,买盘
1964,10:51:21,20.5,--,24,49200,卖盘
1965,10:51:18,20.5,-0.02,32,65600,卖盘
1966,10:51:15,20.52,0.02,3,6156,买盘
1967,10:51:06,20.5,-0.01,35,71750,卖盘
1968,10:51:03,20.51,--,14,28714,卖盘
1969,10:51:00,20.51,--,33,67683,卖盘
1970,10:50:57,20.51,--,45,92295,卖盘
1971,10:50:45,20.51,-0.01,38,77938,卖盘
1972,10:50:42,20.52,0.01,4,8208,买盘
1973,10:50:36,20.51,0.02,7,14357,中性盘
1974,10:50:33,20.49,--,120,245879,卖盘
1975,10:50:30,20.49,-0.01,90,184410,卖盘
1976,10:50:27,20.5,--,19,38950,卖盘
1977,10:50:24,20.5,--,37,75850,买盘
1978,10:50:15,20.5,0.01,3,6150,买盘
1979,10:50:12,20.49,--,37,75813,卖盘
1980,10:50:00,20.49,-0.01,30,61469,卖盘
1981,10:49:51,20.5,-0.01,39,79950,中性盘
1982,10:49:42,20.51,0.02,17,34867,买盘
1983,10:49:39,20.49,-0.01,15,30734,卖盘
1984,10:49:30,20.5,0.01,6,12300,中性盘
1985,10:49:27,20.49,-0.01,39,79911,卖盘
1986,10:49:21,20.5,--,20,41000,卖盘
1987,10:49:18,20.5,0.04,109,223450,买盘
1988,10:49:06,20.46,-0.03,42,85932,卖盘
1989,10:49:03,20.49,0.03,6,12293,买盘
1990,10:48:54,20.46,0.01,32,65472,中性盘
1991,10:48:45,20.45,-0.01,31,63395,卖盘
1992,10:48:42,20.46,-0.05,33,67518,卖盘
1993,10:48:33,20.51,0.01,36,73836,买盘
1994,10:48:27,20.5,--,21,43050,卖盘
1995,10:48:24,20.5,--,14,28700,卖盘
1996,10:48:21,20.5,--,48,98400,买盘
1997,10:48:12,20.5,0.05,41,84050,买盘
1998,10:48:09,20.45,-0.05,38,77710,卖盘
1999,10:48:06,20.5,0.04,27,55350,买盘
2000,10:48:00,20.46,--,27,55242,卖盘
2001,10:47:48,20.46,-0.05,32,65472,卖盘
2002,10:47:45,20.51,0.01,29,59479,买盘
2003,10:47:42,20.5,-0.01,11,22550,中性盘
2004,10:47:36,20.51,--,53,108703,买盘
2005,10:47:30,20.51,0.01,78,159978,买盘
2006,10:47:27,20.5,--,32,65600,卖盘
2007,10:47:24,20.5,0.04,1,2050,买盘
2008,10:47:21,20.46,0.01,16,32736,买盘
2009,10:47:18,20.45,--,10,20450,卖盘
2010,10:47:15,20.45,--,32,65440,卖盘
2011,10:47:06,20.45,0.01,23,47035,买盘
2012,10:47:03,20.44,-0.01,57,116508,卖盘
2013,10:47:00,20.45,0.01,12,24540,买盘
2014,10:46:54,20.44,--,65,132860,卖盘
2015,10:46:51,20.44,--,11,22484,卖盘
2016,10:46:48,20.44,0.01,65,133166,买盘
2017,10:46:45,20.43,--,17,34731,卖盘
2018,10:46:42,20.43,-0.01,30,61290,卖盘
2019,10:46:36,20.44,--,50,102200,买盘
2020,10:46:33,20.44,--,109,224533,卖盘
2021,10:46:30,20.44,--,32,65408,卖盘
2022,10:46:27,20.44,-0.01,4,8176,卖盘
2023,10:46:24,20.45,0.01,3,6135,买盘
2024,10:46:21,20.44,-0.01,41,83804,卖盘
2025,10:46:15,20.45,-0.01,253,517385,卖盘
2026,10:46:12,20.46,0.01,21,42966,买盘
2027,10:46:09,20.45,-0.01,30,61350,卖盘
2028,10:45:57,20.46,-0.04,14,28644,卖盘
2029,10:45:48,20.5,--,52,106600,买盘
2030,10:45:45,20.5,-0.01,100,205000,卖盘
2031,10:45:42,20.51,0.01,15,30765,买盘
2032,10:45:39,20.5,-0.01,54,110700,卖盘
2033,10:45:36,20.51,--,48,98448,买盘
2034,10:45:30,20.51,-0.01,89,182539,卖盘
2035,10:45:27,20.52,0.01,6,12312,买盘
2036,10:45:24,20.51,-0.02,55,112805,卖盘
2037,10:45:15,20.53,0.01,78,160134,买盘
2038,10:45:09,20.52,--,48,98496,卖盘
2039,10:45:06,20.52,0.01,25,51300,卖盘
2040,10:45:03,20.51,-0.01,29,59479,卖盘
2041,10:44:57,20.52,--,10,20520,买盘
2042,10:44:54,20.52,0.01,20,41040,买盘
2043,10:44:51,20.51,-0.01,31,63581,卖盘
2044,10:44:45,20.52,-0.02,175,359100,卖盘
2045,10:44:42,20.54,--,37,75998,买盘
2046,10:44:39,20.54,-0.01,2,4108,卖盘
2047,10:44:33,20.55,0.02,32,65760,买盘
2048,10:44:30,20.53,-0.01,39,80067,卖盘
2049,10:44:27,20.54,-0.01,10,20540,卖盘
2050,10:44:21,20.55,0.01,17,34935,买盘
2051,10:44:18,20.54,--,59,121186,卖盘
2052,10:44:15,20.54,--,32,65728,卖盘
2053,10:44:12,20.54,--,59,121186,卖盘
2054,10:44:09,20.54,0.01,35,71890,中性盘
2055,10:44:06,20.53,-0.01,100,205300,卖盘
2056,10:44:03,20.54,--,12,24648,卖盘
2057,10:44:00,20.54,0.01,10,20540,买盘
2058,10:43:57,20.53,--,69,141657,卖盘
2059,10:43:54,20.53,-0.01,33,67749,卖盘
2060,10:43:51,20.54,0.01,3,6162,买盘
2061,10:43:48,20.53,--,10,20530,卖盘
2062,10:43:45,20.53,-0.01,30,61590,卖盘
2063,10:43:42,20.54,0.01,5,10270,买盘
2064,10:43:36,20.53,-0.01,33,67749,中性盘
2065,10:43:33,20.54,--,35,71890,买盘
2066,10:43:30,20.54,0.01,123,252642,买盘
2067,10:43:27,20.53,0.01,10,20530,买盘
2068,10:43:24,20.52,-0.02,31,63612,卖盘
2069,10:43:21,20.54,0.01,39,80106,买盘
2070,10:43:18,20.53,--,2,4106,买盘
2071,10:43:15,20.53,0.01,3,6159,中性盘
2072,10:43:12,20.52,-0.02,34,69768,卖盘
2073,10:43:09,20.54,0.02,4,8216,中性盘
2074,10:43:03,20.52,-0.03,34,69768,卖盘
2075,10:43:00,20.55,0.03,5,10275,买盘
2076,10:42:54,20.52,0.01,83,171813,买盘
2077,10:42:51,20.51,--,32,65632,卖盘
2078,10:42:48,20.51,--,14,28714,卖盘
2079,10:42:39,20.51,--,32,65632,卖盘
2080,10:42:36,20.51,--,43,88193,买盘
2081,10:42:33,20.51,0.01,1,2051,买盘
2082,10:42:30,20.5,--,33,67650,卖盘
2083,10:42:27,20.5,--,7,14350,卖盘
2084,10:42:21,20.5,-0.01,1,2050,卖盘
2085,10:42:18,20.51,0.01,56,114856,买盘
2086,10:42:15,20.5,--,5,10250,卖盘
2087,10:42:12,20.5,--,7,14350,卖盘
2088,10:42:06,20.5,--,84,172200,买盘
2089,10:42:03,20.5,--,1,2050,买盘
2090,10:42:00,20.5,--,10,20500,买盘
2091,10:41:57,20.5,-0.01,43,88150,卖盘
2092,10:41:51,20.51,0.01,40,82040,买盘
2093,10:41:48,20.5,-0.01,27,55350,卖盘
2094,10:41:45,20.51,0.01,34,69734,买盘
2095,10:41:36,20.5,--,11,22550,卖盘
2096,10:41:33,20.5,-0.01,35,71750,卖盘
2097,10:41:30,20.51,0.01,53,108703,买盘
2098,10:41:27,20.5,-0.02,134,274700,卖盘
2099,10:41:24,20.52,0.02,104,213408,买盘
2100,10:41:21,20.5,-0.01,37,76403,卖盘
2101,10:41:18,20.51,--,55,112805,卖盘
2102,10:41:15,20.51,-0.01,62,127162,卖盘
2103,10:41:12,20.52,0.01,62,127224,买盘
2104,10:41:09,20.51,--,25,51275,卖盘
2105,10:41:00,20.51,-0.01,44,90244,卖盘
2106,10:40:54,20.52,--,55,112860,卖盘
2107,10:40:51,20.52,--,3,6156,卖盘
2108,10:40:48,20.52,--,31,63612,卖盘
2109,10:40:45,20.52,-0.02,10,22017,卖盘
2110,10:40:42,20.54,0.02,12,24648,买盘
2111,10:40:39,20.52,-0.04,33,67716,卖盘
2112,10:40:33,20.56,0.04,2,4112,买盘
2113,10:40:27,20.52,-0.04,58,119016,卖盘
2114,10:40:24,20.56,0.04,81,166536,卖盘
2115,10:40:21,20.52,-0.04,36,73872,卖盘
2116,10:40:18,20.56,--,334,686704,卖盘
2117,10:40:15,20.56,0.01,87,178872,买盘
2118,10:40:12,20.55,-0.01,155,318525,卖盘
2119,10:40:09,20.56,--,48,98688,买盘
2120,10:40:06,20.56,-0.01,42,86352,中性盘
2121,10:40:03,20.57,--,33,67881,买盘
2122,10:39:57,20.57,0.02,17,34969,买盘
2123,10:39:54,20.55,-0.01,34,69870,卖盘
2124,10:39:51,20.56,0.01,63,129527,买盘
2125,10:39:48,20.55,--,90,184950,买盘
2126,10:39:45,20.55,--,6,12330,买盘
2127,10:39:42,20.55,--,43,88365,买盘
2128,10:39:36,20.55,0.02,28,57540,买盘
2129,10:39:33,20.53,-0.01,32,65696,卖盘
2130,10:39:30,20.54,0.01,53,108862,买盘
2131,10:39:27,20.53,0.01,25,51325,买盘
2132,10:39:24,20.52,--,69,141588,买盘
2133,10:39:21,20.52,--,31,63612,买盘
2134,10:39:18,20.52,0.01,4,8208,买盘
2135,10:39:15,20.51,-0.01,61,125111,卖盘
2136,10:39:12,20.52,0.01,115,235980,买盘
2137,10:39:09,20.51,-0.01,31,63581,卖盘
2138,10:39:06,20.52,0.01,9,18468,买盘
2139,10:39:03,20.51,--,38,77938,卖盘
2140,10:39:00,20.51,0.02,164,336364,买盘
2141,10:38:57,20.49,-0.01,79,161871,卖盘
2142,10:38:54,20.5,0.01,3,6150,买盘
2143,10:38:51,20.49,--,3,6146,卖盘
2144,10:38:48,20.49,0.01,51,104498,买盘
2145,10:38:42,20.48,-0.01,38,77824,卖盘
2146,10:38:39,20.49,--,123,252026,买盘
2147,10:38:36,20.49,--,36,73764,买盘
2148,10:38:33,20.49,0.01,1,2049,买盘
2149,10:38:30,20.48,-0.02,93,190464,卖盘
2150,10:38:27,20.5,0.01,77,157850,买盘
2151,10:38:24,20.49,--,3,6146,卖盘
2152,10:38:21,20.49,-0.01,33,67617,卖盘
2153,10:38:18,20.5,--,9,18450,买盘
2154,10:38:15,20.5,--,44,90200,卖盘
2155,10:38:12,20.5,--,41,84050,卖盘
2156,10:38:09,20.5,-0.01,4,8200,卖盘
2157,10:38:06,20.51,0.01,4,8204,买盘
2158,10:38:03,20.5,-0.01,38,77900,卖盘
2159,10:38:00,20.51,-0.01,1,2051,买盘
2160,10:37:57,20.52,0.02,22,45144,买盘
2161,10:37:54,20.5,--,31,63550,卖盘
2162,10:37:51,20.5,--,15,30750,买盘
2163,10:37:45,20.5,0.01,2,4100,买盘
2164,10:37:42,20.49,-0.01,30,61469,卖盘
2165,10:37:39,20.5,--,26,53300,卖盘
2166,10:37:36,20.5,--,42,86100,卖盘
2167,10:37:30,20.5,0.03,261,535050,买盘
2168,10:37:21,20.47,-0.03,82,167854,卖盘
2169,10:37:18,20.5,--,20,41000,买盘
2170,10:37:15,20.5,0.02,19,38950,买盘
2171,10:37:09,20.48,--,31,63488,卖盘
2172,10:37:06,20.48,--,303,620544,买盘
2173,10:37:03,20.48,0.01,112,229376,买盘
2174,10:37:00,20.47,0.02,21,42987,买盘
2175,10:36:57,20.45,-0.03,23,47035,卖盘
2176,10:36:54,20.48,--,14,28672,买盘
2177,10:36:51,20.48,0.01,5,10240,买盘
2178,10:36:48,20.47,--,51,104397,买盘
2179,10:36:45,20.47,0.02,1,2047,中性盘
2180,10:36:36,20.45,-0.02,35,71575,卖盘
2181,10:36:33,20.47,--,1,2047,买盘
2182,10:36:30,20.47,--,11,22517,买盘
2183,10:36:27,20.47,0.03,127,259969,买盘
2184,10:36:24,20.44,--,35,71540,卖盘
2185,10:36:21,20.44,-0.02,56,114464,卖盘
2186,10:36:18,20.46,0.01,8,16368,买盘
2187,10:36:15,20.45,-0.01,38,77710,卖盘
2188,10:36:12,20.46,0.01,16,32736,买盘
2189,10:36:03,20.45,0.02,136,278426,买盘
2190,10:35:57,20.43,0.01,7,14301,买盘
2191,10:35:54,20.42,--,48,98016,卖盘
2192,10:35:51,20.42,--,67,136814,卖盘
2193,10:35:42,20.42,-0.01,42,85764,卖盘
2194,10:35:39,20.43,--,14,28602,买盘
2195,10:35:33,20.43,0.01,26,53118,买盘
2196,10:35:30,20.42,0.01,113,230746,买盘
2197,10:35:27,20.41,--,2,4082,买盘
2198,10:35:24,20.41,--,1,2041,卖盘
2199,10:35:21,20.41,-0.01,4,8164,中性盘
2200,10:35:18,20.42,0.01,84,171528,买盘
2201,10:35:15,20.41,--,1,2041,卖盘
2202,10:35:12,20.41,0.01,5,10205,买盘
2203,10:35:06,20.4,-0.01,38,77520,卖盘
2204,10:35:03,20.41,-0.01,2,4082,中性盘
2205,10:35:00,20.42,0.02,7,14294,买盘
2206,10:34:57,20.4,-0.02,33,67320,卖盘
2207,10:34:51,20.42,--,9,18378,买盘
2208,10:34:48,20.42,--,22,44924,买盘
2209,10:34:45,20.42,--,41,83722,买盘
2210,10:34:39,20.42,0.03,47,95974,买盘
2211,10:34:33,20.39,-0.02,32,65248,中性盘
2212,10:34:24,20.41,0.02,94,191854,买盘
2213,10:34:21,20.39,--,9,18351,中性盘
2214,10:34:18,20.39,--,17,34663,买盘
2215,10:34:15,20.39,--,5,10195,买盘
2216,10:34:12,20.39,-0.02,16,32624,卖盘
2217,10:34:03,20.41,0.01,3,6123,买盘
2218,10:34:00,20.4,0.01,32,65279,卖盘
2219,10:33:54,20.39,--,57,116223,卖盘
2220,10:33:51,20.39,--,32,65248,卖盘
2221,10:33:45,20.39,--,42,85638,卖盘
2222,10:33:39,20.39,-0.04,30,61170,卖盘
2223,10:33:36,20.43,0.03,4,8172,买盘
2224,10:33:33,20.4,-0.03,100,204000,卖盘
2225,10:33:30,20.43,0.02,60,122580,买盘
2226,10:33:27,20.41,--,30,61230,卖盘
2227,10:33:18,20.41,-0.02,32,65312,卖盘
2228,10:33:15,20.43,--,20,40860,买盘
2229,10:33:12,20.43,0.01,6,12258,买盘
2230,10:33:06,20.42,-0.01,43,87806,卖盘
2231,10:33:03,20.43,--,21,42903,买盘
2232,10:33:00,20.43,0.01,3,6129,买盘
2233,10:32:54,20.42,--,34,69428,卖盘
2234,10:32:45,20.42,--,30,61260,卖盘
2235,10:32:42,20.42,0.01,158,322636,买盘
2236,10:32:36,20.41,-0.01,3,6123,中性盘
2237,10:32:33,20.42,0.01,67,136814,买盘
2238,10:32:30,20.41,--,2,4082,卖盘
2239,10:32:27,20.41,--,10,20410,卖盘
2240,10:32:21,20.41,--,49,100009,卖盘
2241,10:32:15,20.41,0.01,4,8164,买盘
2242,10:32:12,20.4,-0.01,31,63239,卖盘
2243,10:32:06,20.41,-0.02,4,8164,中性盘
2244,10:32:00,20.43,0.02,35,71505,买盘
2245,10:31:57,20.41,--,14,28574,买盘
2246,10:31:51,20.41,0.01,199,406159,买盘
2247,10:31:48,20.4,-0.01,32,65279,卖盘
2248,10:31:39,20.41,--,34,69394,买盘
2249,10:31:36,20.41,--,21,42861,买盘
2250,10:31:33,20.41,--,10,20410,买盘
2251,10:31:30,20.41,0.01,8,16328,买盘
2252,10:31:27,20.4,--,38,77520,卖盘
2253,10:31:24,20.4,--,100,204000,卖盘
2254,10:31:18,20.4,--,19,38760,卖盘
2255,10:31:15,20.4,--,33,67320,卖盘
2256,10:31:12,20.4,-0.01,19,38760,卖盘
2257,10:31:09,20.41,--,5,10205,买盘
2258,10:31:06,20.41,--,35,71435,买盘
2259,10:31:00,20.41,--,134,273494,卖盘
2260,10:30:54,20.41,--,31,63271,卖盘
2261,10:30:45,20.41,--,8,16328,卖盘
2262,10:30:42,20.41,--,79,161239,卖盘
2263,10:30:39,20.41,--,8,16328,卖盘
2264,10:30:33,20.41,-0.01,40,81640,买盘
2265,10:30:27,20.42,--,2,4084,买盘
2266,10:30:21,20.42,-0.01,45,91890,卖盘
2267,10:30:18,20.43,0.03,51,104193,中性盘
2268,10:30:09,20.4,-0.03,48,97920,卖盘
2269,10:30:06,20.43,0.02,3,6129,买盘
2270,10:30:03,20.41,-0.02,194,395954,卖盘
2271,10:30:00,20.43,-0.01,36,73548,买盘
2272,10:29:57,20.44,0.03,37,75628,买盘
2273,10:29:54,20.41,-0.03,1,2041,卖盘
2274,10:29:48,20.44,--,79,161476,卖盘
2275,10:29:45,20.44,-0.01,1,2044,中性盘
2276,10:29:39,20.45,0.02,12,24540,买盘
2277,10:29:36,20.43,--,36,73548,卖盘
2278,10:29:33,20.43,-0.02,16,32688,卖盘
2279,10:29:30,20.45,--,6,12270,买盘
2280,10:29:27,20.45,-0.01,50,102250,卖盘
2281,10:29:24,20.46,0.02,10,20460,卖盘
2282,10:29:21,20.44,-0.01,86,175784,卖盘
2283,10:29:18,20.45,--,14,28630,买盘
2284,10:29:15,20.45,-0.01,35,71575,卖盘
2285,10:29:12,20.46,0.01,4,8184,买盘
2286,10:29:09,20.45,-0.01,34,69530,卖盘
2287,10:29:06,20.46,0.02,64,130944,买盘
2288,10:29:03,20.44,-0.02,10,20440,卖盘
2289,10:28:57,20.46,0.01,16,32736,买盘
2290,10:28:54,20.45,--,15,30675,买盘
2291,10:28:51,20.45,-0.01,24,49080,卖盘
2292,10:28:48,20.46,--,43,87978,买盘
2293,10:28:45,20.46,-0.03,93,190278,卖盘
2294,10:28:42,20.49,--,68,139332,买盘
2295,10:28:39,20.49,-0.01,65,133185,卖盘
2296,10:28:36,20.5,--,6,12300,买盘
2297,10:28:33,20.5,--,12,24600,卖盘
2298,10:28:27,20.5,0.02,82,168100,买盘
2299,10:28:24,20.48,-0.01,54,110592,卖盘
2300,10:28:21,20.49,-0.01,24,49175,中性盘
2301,10:28:18,20.5,0.01,65,133250,买盘
2302,10:28:15,20.49,-0.01,4,8196,中性盘
2303,10:28:12,20.5,0.02,22,45100,买盘
2304,10:28:09,20.48,-0.02,97,198656,卖盘
2305,10:28:06,20.5,--,60,123000,买盘
2306,10:28:03,20.5,0.01,43,88150,买盘
2307,10:28:00,20.49,0.02,33,67617,买盘
2308,10:27:57,20.47,-0.02,21,42987,中性盘
2309,10:27:51,20.49,0.02,151,309399,买盘
2310,10:27:48,20.47,--,34,69598,买盘
2311,10:27:45,20.47,--,100,204700,买盘
2312,10:27:42,20.47,--,50,102350,买盘
2313,10:27:39,20.47,--,13,26611,卖盘
2314,10:27:36,20.47,-0.01,58,118726,卖盘
2315,10:27:30,20.48,0.02,10,20480,买盘
2316,10:27:27,20.46,-0.02,15,30690,卖盘
2317,10:27:24,20.48,0.01,49,100352,买盘
2318,10:27:21,20.47,--,9,18423,买盘
2319,10:27:18,20.47,0.01,46,94162,买盘
2320,10:27:15,20.46,--,20,40920,卖盘
2321,10:27:12,20.46,0.01,48,98208,买盘
2322,10:27:09,20.45,0.03,241,492845,买盘
2323,10:27:06,20.42,-0.03,42,85764,卖盘
2324,10:27:03,20.45,0.03,537,1098389,买盘
2325,10:27:00,20.42,--,200,408400,买盘
2326,10:26:57,20.42,--,5,10210,买盘
2327,10:26:54,20.42,0.01,25,51050,买盘
2328,10:26:51,20.41,--,45,93661,卖盘
2329,10:26:48,20.41,--,4,8164,卖盘
2330,10:26:45,20.41,--,20,40820,卖盘
2331,10:26:42,20.41,--,13,26533,卖盘
2332,10:26:39,20.41,--,10,20410,卖盘
2333,10:26:36,20.41,--,33,67577,买盘
2334,10:26:33,20.41,--,123,251043,买盘
2335,10:26:24,20.41,0.01,1,2041,买盘
2336,10:26:21,20.4,--,243,495719,买盘
2337,10:26:15,20.4,0.01,5,10200,买盘
2338,10:26:12,20.39,-0.01,1,2039,卖盘
2339,10:26:06,20.4,--,9,18360,买盘
2340,10:26:03,20.4,--,2,4079,买盘
2341,10:26:00,20.4,--,10,20400,买盘
2342,10:25:57,20.4,--,32,65279,买盘
2343,10:25:54,20.4,--,40,81600,买盘
2344,10:25:51,20.4,-0.01,180,367200,卖盘
2345,10:25:48,20.41,0.01,5,10205,买盘
2346,10:25:45,20.4,--,1,2039,卖盘
2347,10:25:42,20.4,--,95,193800,买盘
2348,10:25:39,20.4,--,18,36720,买盘
2349,10:25:36,20.4,--,4,8159,买盘
2350,10:25:33,20.4,--,28,57119,买盘
2351,10:25:30,20.4,--,31,63239,买盘
2352,10:25:27,20.4,0.01,9,18360,买盘
2353,10:25:24,20.39,-0.01,41,83599,卖盘
2354,10:25:21,20.4,--,1,2039,买盘
2355,10:25:06,20.4,0.01,3,6120,买盘
2356,10:24:57,20.39,--,45,91755,卖盘
2357,10:24:51,20.39,-0.01,20,40780,卖盘
2358,10:24:48,20.4,0.01,132,269280,买盘
2359,10:24:45,20.39,-0.01,6,12234,卖盘
2360,10:24:39,20.4,0.01,124,252959,买盘
2361,10:24:36,20.39,--,6,12234,卖盘
2362,10:24:24,20.39,-0.01,7,14273,卖盘
2363,10:24:21,20.4,--,10,20400,买盘
2364,10:24:12,20.4,0.01,1,2039,买盘
2365,10:24:06,20.39,-0.01,5,10195,卖盘
2366,10:24:00,20.4,0.01,8,16319,买盘
2367,10:23:54,20.39,--,1,2039,买盘
2368,10:23:51,20.39,--,2,4078,卖盘
2369,10:23:48,20.39,--,19,38741,卖盘
2370,10:23:45,20.39,--,15,30585,买盘
2371,10:23:36,20.39,--,4,8156,买盘
2372,10:23:33,20.39,--,1,2039,买盘
2373,10:23:30,20.39,-0.01,8,16312,中性盘
2374,10:23:21,20.4,0.01,200,408000,买盘
2375,10:23:18,20.39,--,100,203900,买盘
2376,10:23:12,20.39,--,16,32624,买盘
2377,10:23:09,20.39,--,1,2039,买盘
2378,10:23:03,20.39,--,1,2039,买盘
2379,10:23:00,20.39,-0.01,102,207978,中性盘
2380,10:22:51,20.4,0.02,10,20400,买盘
2381,10:22:45,20.38,-0.02,84,171192,中性盘
2382,10:22:33,20.4,0.02,300,612000,买盘
2383,10:22:30,20.38,--,15,30570,买盘
2384,10:22:27,20.38,0.01,4,8152,买盘
2385,10:22:24,20.37,-0.01,200,407400,卖盘
2386,10:22:21,20.38,--,2,4076,买盘
2387,10:22:15,20.38,--,144,293472,卖盘
2388,10:22:12,20.38,-0.01,1,2038,卖盘
2389,10:22:09,20.39,0.01,3,6117,买盘
2390,10:22:03,20.38,-0.01,2,4076,卖盘
2391,10:22:00,20.39,0.01,19,38741,买盘
2392,10:21:54,20.38,-0.01,11,22418,卖盘
2393,10:21:45,20.39,--,126,256914,买盘
2394,10:21:42,20.39,--,20,40780,买盘
2395,10:21:39,20.39,--,3,6117,买盘
2396,10:21:33,20.39,--,35,71365,买盘
2397,10:21:27,20.39,--,38,77482,卖盘
2398,10:21:24,20.39,--,86,175354,卖盘
2399,10:21:21,20.39,--,164,334396,卖盘
2400,10:21:15,20.39,0.01,6,12234,买盘
2401,10:21:12,20.38,-0.01,63,128394,卖盘
2402,10:21:06,20.39,-0.01,70,142730,卖盘
2403,10:21:03,20.4,0.01,6,12240,买盘
2404,10:20:57,20.39,-0.01,100,203900,卖盘
2405,10:20:54,20.4,0.01,1,2039,买盘
2406,10:20:51,20.39,0.01,226,460814,买盘
2407,10:20:48,20.38,--,100,203800,买盘
2408,10:20:45,20.38,-0.01,250,509500,卖盘
2409,10:20:42,20.39,--,50,101950,卖盘
2410,10:20:39,20.39,-0.01,25,50975,卖盘
2411,10:20:30,20.4,--,10,20400,买盘
2412,10:20:24,20.4,--,10,20400,买盘
2413,10:20:18,20.4,--,5,10200,买盘
2414,10:20:15,20.4,--,13,26519,卖盘
2415,10:20:12,20.4,--,10,20400,卖盘
2416,10:20:06,20.4,--,10,20400,卖盘
2417,10:20:03,20.4,--,20,40800,卖盘
2418,10:20:00,20.4,--,7,14279,卖盘
2419,10:19:57,20.4,0.01,8,16319,中性盘
2420,10:19:54,20.39,-0.02,32,65248,卖盘
2421,10:19:48,20.41,0.01,50,102050,买盘
2422,10:19:45,20.4,--,10,20400,买盘
2423,10:19:42,20.4,--,20,40800,买盘
2424,10:19:39,20.4,-0.01,22,44880,卖盘
2425,10:19:36,20.41,--,43,87763,买盘
2426,10:19:33,20.41,0.01,1,2041,买盘
2427,10:19:24,20.4,-0.01,5,10200,卖盘
2428,10:19:21,20.41,0.01,1,2041,买盘
2429,10:19:15,20.4,-0.01,7,14279,卖盘
2430,10:19:12,20.41,0.01,4,8164,买盘
2431,10:19:09,20.4,--,1,2039,卖盘
2432,10:18:57,20.4,--,19,38760,卖盘
2433,10:18:54,20.4,0.01,153,312120,买盘
2434,10:18:45,20.39,--,20,40780,买盘
2435,10:18:42,20.39,--,8,16312,买盘
2436,10:18:36,20.39,--,27,55053,买盘
2437,10:18:33,20.39,--,3,6117,买盘
2438,10:18:27,20.39,0.01,6,12234,买盘
2439,10:18:24,20.38,--,2,4076,卖盘
2440,10:18:21,20.38,--,58,118204,买盘
2441,10:18:18,20.38,--,4,8152,买盘
2442,10:18:15,20.38,--,80,163040,卖盘
2443,10:18:12,20.38,--,1,2038,卖盘
2444,10:18:09,20.38,--,56,114128,卖盘
2445,10:18:03,20.38,0.02,82,167116,买盘
2446,10:17:51,20.36,--,7,14252,买盘
2447,10:17:45,20.36,0.01,24,48864,买盘
2448,10:17:42,20.35,-0.01,4,8140,卖盘
2449,10:17:39,20.36,-0.01,63,128268,卖盘
2450,10:17:36,20.37,0.02,101,205737,买盘
2451,10:17:30,20.35,--,13,26455,卖盘
2452,10:17:21,20.35,--,175,356125,卖盘
2453,10:17:18,20.35,--,4,8140,卖盘
2454,10:17:15,20.35,--,61,124135,买盘
2455,10:17:12,20.35,--,5,10175,买盘
2456,10:17:09,20.35,--,97,197395,买盘
2457,10:17:06,20.35,--,8,16280,买盘
2458,10:17:00,20.35,0.01,1,2035,买盘
2459,10:16:57,20.34,--,1,2034,卖盘
2460,10:16:51,20.34,--,26,52884,买盘
2461,10:16:48,20.34,--,10,20340,买盘
2462,10:16:42,20.34,0.02,6,12204,买盘
2463,10:16:39,20.32,-0.01,87,176784,卖盘
2464,10:16:36,20.33,0.01,31,63022,买盘
2465,10:16:33,20.32,--,4,8128,卖盘
2466,10:16:30,20.32,--,50,101600,买盘
2467,10:16:27,20.32,--,18,36576,买盘
2468,10:16:24,20.32,0.01,18,36576,买盘
2469,10:16:21,20.31,-0.01,8,16247,卖盘
2470,10:16:18,20.32,--,7,14224,买盘
2471,10:16:15,20.32,0.01,10,20320,买盘
2472,10:16:09,20.31,--,87,176697,卖盘
2473,10:16:03,20.31,--,12,24372,卖盘
2474,10:15:51,20.31,0.01,11,22341,买盘
2475,10:15:48,20.3,-0.01,13,26390,买盘
2476,10:15:42,20.31,0.01,10,20310,买盘
2477,10:15:39,20.3,0.01,81,164430,中性盘
2478,10:15:24,20.29,-0.01,136,275944,卖盘
2479,10:15:21,20.3,--,32,64960,买盘
2480,10:15:18,20.3,--,5,10150,买盘
2481,10:15:15,20.3,-0.01,41,83230,卖盘
2482,10:15:12,20.31,0.01,3,6093,买盘
2483,10:15:09,20.3,-0.01,103,209090,卖盘
2484,10:15:03,20.31,--,9,18279,卖盘
2485,10:15:00,20.31,--,7,14217,卖盘
2486,10:14:54,20.31,--,48,97488,买盘
2487,10:14:51,20.31,--,10,20310,买盘
2488,10:14:48,20.31,--,53,107643,买盘
2489,10:14:39,20.31,--,38,77178,卖盘
2490,10:14:33,20.31,--,11,22341,中性盘
2491,10:14:18,20.31,--,8,16247,买盘
2492,10:14:15,20.31,0.01,1,2030,买盘
2493,10:14:12,20.3,-0.01,1,2030,卖盘
2494,10:14:09,20.31,0.01,10,20310,中性盘
2495,10:14:06,20.3,-0.01,14,28420,卖盘
2496,10:14:03,20.31,0.01,3,6093,卖盘
2497,10:13:57,20.3,-0.02,4,8120,中性盘
2498,10:13:42,20.32,0.02,19,38608,买盘
2499,10:13:39,20.3,-0.01,75,152250,卖盘
2500,10:13:36,20.31,0.01,2,4061,买盘
2501,10:13:30,20.3,-0.02,11,22330,卖盘
2502,10:13:15,20.32,0.01,27,54864,卖盘
2503,10:13:09,20.31,-0.01,96,194976,卖盘
2504,10:13:06,20.32,--,3,6096,中性盘
2505,10:13:03,20.32,--,42,85344,买盘
2506,10:13:00,20.32,--,10,20320,买盘
2507,10:12:57,20.32,--,25,50800,买盘
2508,10:12:54,20.32,--,92,186944,卖盘
2509,10:12:42,20.32,-0.01,17,34544,卖盘
2510,10:12:39,20.33,--,6,12197,买盘
2511,10:12:36,20.33,-0.02,22,45376,卖盘
2512,10:12:30,20.35,0.02,7,14245,买盘
2513,10:12:24,20.33,--,5,10165,卖盘
2514,10:12:12,20.33,--,52,107098,卖盘
2515,10:12:09,20.33,--,1,2032,卖盘
2516,10:12:06,20.33,--,86,174837,卖盘
2517,10:12:03,20.33,--,6,12197,卖盘
2518,10:12:00,20.33,-0.01,20,40660,卖盘
2519,10:11:45,20.34,--,1,2034,买盘
2520,10:11:39,20.34,--,61,124074,买盘
2521,10:11:36,20.34,-0.01,20,40680,卖盘
2522,10:11:33,20.35,--,4,8140,买盘
2523,10:11:24,20.35,--,3,6105,买盘
2524,10:11:21,20.35,--,113,229955,卖盘
2525,10:11:12,20.35,0.01,87,177045,买盘
2526,10:11:09,20.34,--,56,113904,卖盘
2527,10:11:06,20.34,-0.01,4,8136,卖盘
2528,10:11:03,20.35,--,2,4070,买盘
2529,10:11:00,20.35,-0.01,247,502645,卖盘
2530,10:10:57,20.36,--,8,16288,买盘
2531,10:10:54,20.36,0.01,38,77368,买盘
2532,10:10:36,20.35,--,100,203500,卖盘
2533,10:10:12,20.35,-0.01,1,2035,卖盘
2534,10:10:06,20.36,--,11,22396,卖盘
2535,10:10:03,20.36,--,3,6108,卖盘
2536,10:10:00,20.36,0.02,6,12216,中性盘
2537,10:09:48,20.34,-0.01,5,10170,卖盘
2538,10:09:45,20.35,--,3,6105,买盘
2539,10:09:42,20.35,0.01,5,10175,买盘
2540,10:09:39,20.34,--,84,170856,买盘
2541,10:09:36,20.34,-0.01,23,46782,卖盘
2542,10:09:33,20.35,0.02,31,63085,买盘
2543,10:09:30,20.33,-0.02,66,134178,卖盘
2544,10:09:27,20.35,0.01,10,20350,买盘
2545,10:09:21,20.34,--,7,14238,买盘
2546,10:09:18,20.34,--,1,2034,卖盘
2547,10:09:12,20.34,--,46,93564,买盘
2548,10:09:09,20.34,--,29,58986,买盘
2549,10:09:06,20.34,-0.01,32,65088,卖盘
2550,10:09:03,20.35,--,1,2035,买盘
2551,10:09:00,20.35,0.01,14,28490,买盘
2552,10:08:57,20.34,-0.01,2,4068,卖盘
2553,10:08:54,20.35,0.01,14,28490,买盘
2554,10:08:51,20.34,-0.01,3,6102,卖盘
2555,10:08:48,20.35,--,1,2035,买盘
2556,10:08:45,20.35,-0.01,29,59015,卖盘
2557,10:08:42,20.36,0.01,44,89584,买盘
2558,10:08:39,20.35,--,5,10175,卖盘
2559,10:08:36,20.35,--,83,168905,卖盘
2560,10:08:33,20.35,-0.01,30,61050,卖盘
2561,10:08:30,20.36,--,32,65152,买盘
2562,10:08:27,20.36,--,2,4072,买盘
2563,10:08:24,20.36,--,7,14252,买盘
2564,10:08:15,20.36,--,4,8144,卖盘
2565,10:08:12,20.36,-0.01,105,213780,卖盘
2566,10:08:06,20.37,-0.01,40,81480,卖盘
2567,10:08:03,20.38,--,22,44836,买盘
2568,10:08:00,20.38,--,2,4076,卖盘
2569,10:07:57,20.38,--,14,28532,卖盘
2570,10:07:54,20.38,--,30,61140,卖盘
2571,10:07:51,20.38,--,72,146736,卖盘
2572,10:07:48,20.38,-0.01,27,55026,卖盘
2573,10:07:42,20.39,--,2,4078,买盘
2574,10:07:36,20.39,--,61,124379,卖盘
2575,10:07:33,20.39,-0.01,20,40780,卖盘
2576,10:07:30,20.4,--,5,10200,买盘
2577,10:07:27,20.4,--,32,65279,卖盘
2578,10:07:21,20.4,--,14,28559,卖盘
2579,10:07:18,20.4,-0.01,49,99960,卖盘
2580,10:07:12,20.41,0.02,57,116337,买盘
2581,10:07:09,20.39,-0.01,9,18351,卖盘
2582,10:07:06,20.4,--,147,299880,买盘
2583,10:07:03,20.4,--,50,102000,买盘
2584,10:06:57,20.4,0.01,8,16319,买盘
2585,10:06:54,20.39,-0.01,5,10195,卖盘
2586,10:06:51,20.4,--,4,8159,买盘
2587,10:06:48,20.4,0.01,17,34680,买盘
2588,10:06:42,20.39,-0.01,10,20390,卖盘
2589,10:06:39,20.4,--,28,57119,卖盘
2590,10:06:36,20.4,--,113,230519,卖盘
2591,10:06:30,20.4,--,2,4079,卖盘
2592,10:06:27,20.4,--,82,167280,卖盘
2593,10:06:24,20.4,--,35,71400,卖盘
2594,10:06:21,20.4,--,4,8159,卖盘
2595,10:06:18,20.4,-0.01,10,20400,卖盘
2596,10:06:15,20.41,--,2,4082,买盘
2597,10:06:12,20.41,--,3,6123,买盘
2598,10:06:09,20.41,--,63,128583,买盘
2599,10:06:06,20.41,--,57,116337,卖盘
2600,10:06:03,20.41,--,7,14287,卖盘
2601,10:05:57,20.41,--,47,95927,买盘
2602,10:05:54,20.41,0.01,9,18369,买盘
2603,10:05:51,20.4,-0.01,44,89760,卖盘
2604,10:05:48,20.41,0.01,2,4082,买盘
2605,10:05:45,20.4,--,50,102000,卖盘
2606,10:05:42,20.4,--,12,24480,卖盘
2607,10:05:36,20.4,--,88,179520,卖盘
2608,10:05:33,20.4,--,12,24480,买盘
2609,10:05:30,20.4,--,8,16319,卖盘
2610,10:05:27,20.4,0.01,45,91800,买盘
2611,10:05:21,20.39,-0.01,10,20390,卖盘
2612,10:05:18,20.4,0.01,3,6120,买盘
2613,10:05:15,20.39,-0.01,10,20390,卖盘
2614,10:05:12,20.4,0.02,7,14279,买盘
2615,10:05:09,20.38,--,57,116166,卖盘
2616,10:05:06,20.38,-0.03,89,181382,卖盘
2617,10:05:03,20.41,0.02,124,253084,买盘
2618,10:05:00,20.39,--,14,28546,买盘
2619,10:04:57,20.39,--,28,57092,卖盘
2620,10:04:54,20.39,--,40,81560,卖盘
2621,10:04:51,20.39,--,13,26507,卖盘
2622,10:04:48,20.39,-0.01,49,99911,卖盘
2623,10:04:45,20.4,0.01,11,22440,买盘
2624,10:04:42,20.39,-0.01,19,38741,卖盘
2625,10:04:39,20.4,--,6,12240,买盘
2626,10:04:36,20.4,--,57,116279,卖盘
2627,10:04:33,20.4,--,18,36720,卖盘
2628,10:04:30,20.4,-0.01,10,20400,卖盘
2629,10:04:27,20.41,-0.01,5,10205,买盘
2630,10:04:24,20.42,0.01,11,22462,买盘
2631,10:04:21,20.41,--,119,242879,卖盘
2632,10:04:18,20.41,-0.01,26,53066,卖盘
2633,10:04:15,20.42,--,4,8168,买盘
2634,10:04:12,20.42,-0.01,9,18378,卖盘
2635,10:04:09,20.43,--,133,271719,买盘
2636,10:04:06,20.43,--,25,51075,买盘
2637,10:04:03,20.43,-0.01,88,179784,卖盘
2638,10:04:00,20.44,--,34,69496,买盘
2639,10:03:57,20.44,0.01,32,65408,买盘
2640,10:03:54,20.43,--,34,69462,卖盘
2641,10:03:51,20.43,--,44,89892,卖盘
2642,10:03:45,20.43,-0.01,71,145053,卖盘
2643,10:03:42,20.44,0.02,85,173740,买盘
2644,10:03:39,20.42,-0.01,27,55134,卖盘
2645,10:03:36,20.43,--,2,4086,卖盘
2646,10:03:33,20.43,-0.02,106,216558,卖盘
2647,10:03:30,20.45,0.01,94,192230,买盘
2648,10:03:27,20.44,--,24,49056,卖盘
2649,10:03:24,20.44,--,35,71540,买盘
2650,10:03:21,20.44,0.01,61,124684,买盘
2651,10:03:12,20.43,0.01,58,118494,买盘
2652,10:03:09,20.42,-0.01,53,108226,卖盘
2653,10:03:06,20.43,0.01,13,26559,买盘
2654,10:03:03,20.42,--,116,236872,卖盘
2655,10:03:00,20.42,--,66,134772,买盘
2656,10:02:57,20.42,--,72,147024,买盘
2657,10:02:54,20.42,--,25,51050,买盘
2658,10:02:51,20.42,0.01,31,63302,买盘
2659,10:02:48,20.41,--,31,63271,卖盘
2660,10:02:45,20.41,-0.01,7,14287,卖盘
2661,10:02:42,20.42,0.01,84,171528,买盘
2662,10:02:39,20.41,-0.01,304,620464,卖盘
2663,10:02:36,20.42,0.01,15,30630,买盘
2664,10:02:33,20.41,--,111,226551,卖盘
2665,10:02:30,20.41,0.03,131,267371,买盘
2666,10:02:27,20.38,-0.03,18,36684,中性盘
2667,10:02:24,20.41,0.03,77,157157,买盘
2668,10:02:21,20.38,0.01,6,12228,中性盘
2669,10:02:15,20.37,-0.01,9,18333,卖盘
2670,10:02:06,20.38,--,5,10190,买盘
2671,10:02:03,20.38,-0.01,16,32608,卖盘
2672,10:02:00,20.39,-0.01,3,6117,买盘
2673,10:01:57,20.4,--,14,28559,买盘
2674,10:01:54,20.4,--,24,48960,买盘
2675,10:01:51,20.4,0.01,6,12240,买盘
2676,10:01:48,20.39,-0.01,1,2039,卖盘
2677,10:01:45,20.4,0.01,1,2039,买盘
2678,10:01:42,20.39,-0.01,69,140691,卖盘
2679,10:01:39,20.4,-0.01,43,87720,卖盘
2680,10:01:36,20.41,0.01,20,40820,买盘
2681,10:01:33,20.4,-0.01,69,140760,卖盘
2682,10:01:30,20.41,--,63,128583,买盘
2683,10:01:27,20.41,0.01,9,18369,买盘
2684,10:01:21,20.4,-0.01,37,75480,卖盘
2685,10:01:18,20.41,0.04,788,1608308,买盘
2686,10:01:15,20.37,0.01,5,10185,卖盘
2687,10:01:12,20.36,-0.01,28,57008,卖盘
2688,10:01:09,20.37,0.01,106,215922,买盘
2689,10:01:06,20.36,--,12,24432,卖盘
2690,10:01:03,20.36,--,25,50900,卖盘
2691,10:00:57,20.36,-0.03,86,175096,卖盘
2692,10:00:51,20.39,--,10,20390,买盘
2693,10:00:48,20.39,0.02,15,30585,中性盘
2694,10:00:42,20.37,-0.02,151,307587,卖盘
2695,10:00:39,20.39,-0.01,154,314006,卖盘
2696,10:00:36,20.4,--,206,420239,卖盘
2697,10:00:33,20.4,-0.03,61,124439,卖盘
2698,10:00:30,20.43,0.03,57,116451,买盘
2699,10:00:27,20.4,-0.01,84,171360,卖盘
2700,10:00:24,20.41,--,3,6123,买盘
2701,10:00:21,20.41,-0.01,25,51025,卖盘
2702,10:00:18,20.42,--,49,100058,卖盘
2703,10:00:15,20.42,--,106,216452,卖盘
2704,10:00:12,20.42,--,41,83722,买盘
2705,10:00:09,20.42,--,3,6126,买盘
2706,10:00:06,20.42,--,113,230746,买盘
2707,10:00:03,20.42,--,4,8168,买盘
2708,10:00:00,20.42,0.02,43,87806,买盘
2709,09:59:57,20.4,-0.03,49,99960,卖盘
2710,09:59:54,20.43,0.02,193,394299,买盘
2711,09:59:51,20.41,-0.01,36,73476,卖盘
2712,09:59:48,20.42,--,114,232788,卖盘
2713,09:59:45,20.42,--,7,14294,卖盘
2714,09:59:42,20.42,--,18,36756,卖盘
2715,09:59:39,20.42,--,10,20420,买盘
2716,09:59:36,20.42,--,56,114352,买盘
2717,09:59:33,20.42,0.01,215,439030,买盘
2718,09:59:30,20.41,--,20,40820,买盘
2719,09:59:27,20.41,0.01,54,110214,买盘
2720,09:59:21,20.4,0.01,214,436559,买盘
2721,09:59:18,20.39,0.01,78,159042,买盘
2722,09:59:15,20.38,--,96,195648,卖盘
2723,09:59:12,20.38,--,36,73368,买盘
2724,09:59:09,20.38,0.01,9,18342,买盘
2725,09:59:06,20.37,--,13,26481,买盘
2726,09:59:03,20.37,0.01,30,61110,买盘
2727,09:59:00,20.36,0.02,24,48864,买盘
2728,09:58:57,20.34,-0.01,60,122040,卖盘
2729,09:58:54,20.35,-0.01,27,54945,卖盘
2730,09:58:51,20.36,--,14,28504,买盘
2731,09:58:48,20.36,--,33,67188,买盘
2732,09:58:45,20.36,0.03,1,2036,买盘
2733,09:58:42,20.33,-0.02,26,52857,卖盘
2734,09:58:39,20.35,0.03,515,1048025,买盘
2735,09:58:36,20.32,--,9,18288,买盘
2736,09:58:33,20.32,--,24,48768,买盘
2737,09:58:30,20.32,--,11,22352,买盘
2738,09:58:27,20.32,--,221,449072,卖盘
2739,09:58:24,20.32,--,17,34544,卖盘
2740,09:58:21,20.32,--,2,4064,买盘
2741,09:58:18,20.32,--,53,107696,买盘
2742,09:58:12,20.32,0.02,19,38608,买盘
2743,09:58:09,20.3,--,13,26390,卖盘
2744,09:58:06,20.3,--,58,119424,买盘
2745,09:58:03,20.3,--,3,6090,买盘
2746,09:57:57,20.3,--,98,198940,买盘
2747,09:57:54,20.3,0.02,305,619150,买盘
2748,09:57:51,20.28,--,1,2028,买盘
2749,09:57:48,20.28,--,32,64896,买盘
2750,09:57:45,20.28,--,7,14196,买盘
2751,09:57:42,20.28,-0.01,9,18252,中性盘
2752,09:57:36,20.29,0.01,24,48696,买盘
2753,09:57:33,20.28,-0.01,20,40560,卖盘
2754,09:57:30,20.29,--,30,60870,买盘
2755,09:57:27,20.29,0.01,51,103479,买盘
2756,09:57:24,20.28,--,10,20280,卖盘
2757,09:57:21,20.28,--,22,44616,卖盘
2758,09:57:15,20.28,--,135,273780,买盘
2759,09:57:12,20.28,--,20,40560,买盘
2760,09:57:03,20.28,0.01,5,10140,买盘
2761,09:57:00,20.27,--,14,28378,买盘
2762,09:56:57,20.27,--,41,83107,卖盘
2763,09:56:54,20.27,--,7,14189,中性盘
2764,09:56:51,20.27,0.01,1,2027,买盘
2765,09:56:45,20.26,--,95,192470,买盘
2766,09:56:39,20.26,0.01,129,261354,买盘
2767,09:56:33,20.25,--,98,198450,买盘
2768,09:56:30,20.25,0.01,1,2025,买盘
2769,09:56:27,20.24,-0.01,64,129535,卖盘
2770,09:56:24,20.25,--,27,54675,买盘
2771,09:56:21,20.25,0.01,8,16200,买盘
2772,09:56:15,20.24,--,5,10120,卖盘
2773,09:56:12,20.24,--,133,269192,买盘
2774,09:56:09,20.24,--,3,6071,买盘
2775,09:56:06,20.24,--,6,12143,买盘
2776,09:56:03,20.24,0.01,8,16191,买盘
2777,09:56:00,20.23,--,5,10115,卖盘
2778,09:55:57,20.23,--,53,107219,卖盘
2779,09:55:54,20.23,-0.01,12,24276,卖盘
2780,09:55:48,20.24,0.01,2,4047,买盘
2781,09:55:45,20.23,-0.01,61,123403,卖盘
2782,09:55:39,20.24,0.01,20,40480,买盘
2783,09:55:33,20.23,--,14,28322,卖盘
2784,09:55:27,20.23,--,48,97104,卖盘
2785,09:55:24,20.23,--,12,24276,卖盘
2786,09:55:18,20.23,--,12,24276,卖盘
2787,09:55:15,20.23,-0.01,5,10115,卖盘
2788,09:55:09,20.24,--,2,4047,买盘
2789,09:55:06,20.24,0.01,5,10120,买盘
2790,09:55:03,20.23,--,9,18207,卖盘
2791,09:55:00,20.23,-0.01,60,121380,卖盘
2792,09:54:57,20.24,0.01,11,22264,中性盘
2793,09:54:48,20.23,--,1,2023,卖盘
2794,09:54:45,20.23,--,8,16184,卖盘
2795,09:54:42,20.23,-0.01,62,125426,卖盘
2796,09:54:30,20.24,--,20,40480,买盘
2797,09:54:27,20.24,--,102,206447,买盘
2798,09:54:24,20.24,--,1,2023,买盘
2799,09:54:21,20.24,--,4,8095,买盘
2800,09:54:18,20.24,--,10,20240,买盘
2801,09:54:15,20.24,--,93,188232,买盘
2802,09:54:12,20.24,--,11,22264,买盘
2803,09:54:00,20.24,--,17,34408,买盘
2804,09:53:57,20.24,--,38,76912,卖盘
2805,09:53:54,20.24,--,13,26311,卖盘
2806,09:53:51,20.24,--,22,44528,卖盘
2807,09:53:48,20.24,--,25,50599,买盘
2808,09:53:45,20.24,--,166,335984,买盘
2809,09:53:42,20.24,--,30,60719,买盘
2810,09:53:39,20.24,--,86,174064,买盘
2811,09:53:36,20.24,--,1,2023,买盘
2812,09:53:33,20.24,0.01,15,30359,买盘
2813,09:53:30,20.23,--,25,50575,卖盘
2814,09:53:27,20.23,--,73,147679,卖盘
2815,09:53:24,20.23,--,24,48552,卖盘
2816,09:53:21,20.23,--,9,18207,卖盘
