,time,price,change,volume,amount,type
0,15:00:03,20.62,--,2260,4660120,卖盘
1,14:57:00,20.62,--,15,30930,卖盘
2,14:56:57,20.62,--,42,86604,卖盘
3,14:56:54,20.62,--,28,57736,卖盘
4,14:56:51,20.62,0.01,134,276308,买盘
5,14:56:48,20.61,-0.01,1,2061,卖盘
6,14:56:45,20.62,--,70,144340,买盘
7,14:56:42,20.62,--,16,32992,买盘
8,14:56:39,20.62,-0.01,24,49488,卖盘
9,14:56:36,20.63,0.01,85,175355,买盘
10,14:56:33,20.62,--,76,156712,卖盘
11,14:56:30,20.62,-0.01,1,2062,卖盘
12,14:56:27,20.63,0.01,16,33008,买盘
13,14:56:24,20.62,--,23,47426,卖盘
14,14:56:21,20.62,--,21,43302,卖盘
15,14:56:18,20.62,-0.01,34,70108,卖盘
16,14:56:15,20.63,0.01,5,10315,买盘
17,14:56:12,20.62,--,45,92790,卖盘
18,14:56:09,20.62,--,8,16496,卖盘
19,14:56:06,20.62,--,25,51550,卖盘
20,14:56:03,20.62,--,12,24744,卖盘
21,14:56:00,20.62,-0.01,38,78356,卖盘
22,14:55:57,20.63,0.01,10,20630,买盘
23,14:55:54,20.62,--,49,101038,卖盘
24,14:55:51,20.62,-0.01,100,206200,卖盘
25,14:55:48,20.63,0.01,24,49512,买盘
26,14:55:45,20.62,--,29,59798,卖盘
27,14:55:42,20.62,0.01,26,53612,买盘
28,14:55:39,20.61,-0.01,2,4122,卖盘
29,14:55:36,20.62,--,74,152588,买盘
30,14:55:33,20.62,-0.01,12,24744,卖盘
31,14:55:30,20.63,0.01,275,567325,买盘
32,14:55:27,20.62,--,3,6186,卖盘
33,14:55:24,20.62,0.01,41,84542,卖盘
34,14:55:21,20.61,-0.02,11,22671,卖盘
35,14:55:18,20.63,--,1,2063,买盘
36,14:55:12,20.63,-0.01,11,22693,中性盘
37,14:55:09,20.64,--,18,37152,买盘
38,14:55:06,20.64,0.02,156,321984,买盘
39,14:55:03,20.62,-0.02,5,10310,中性盘
40,14:55:00,20.64,--,30,61920,买盘
41,14:54:57,20.64,0.01,89,183696,买盘
42,14:54:54,20.63,-0.01,20,41260,中性盘
43,14:54:51,20.64,0.01,116,239424,中性盘
44,14:54:48,20.63,--,20,41260,卖盘
45,14:54:45,20.63,-0.01,201,414663,卖盘
46,14:54:42,20.64,--,153,315792,买盘
47,14:54:39,20.64,0.01,20,41280,买盘
48,14:54:36,20.63,--,179,369277,卖盘
49,14:54:33,20.63,-0.01,40,82520,卖盘
50,14:54:30,20.64,0.01,32,66048,买盘
51,14:54:27,20.63,--,1,2063,买盘
52,14:54:24,20.63,0.01,303,625089,中性盘
53,14:54:21,20.62,--,51,105162,卖盘
54,14:54:18,20.62,--,10,20620,卖盘
55,14:54:15,20.62,--,9,18558,卖盘
56,14:54:12,20.62,--,521,1074302,买盘
57,14:54:09,20.62,0.01,73,150526,买盘
58,14:54:06,20.61,--,50,103050,卖盘
59,14:54:03,20.61,--,7,14427,卖盘
60,14:54:00,20.61,0.01,145,298845,买盘
61,14:53:57,20.6,-0.01,4,8240,卖盘
62,14:53:54,20.61,0.01,37,76257,买盘
63,14:53:51,20.6,--,11,22660,卖盘
64,14:53:48,20.6,--,48,98880,卖盘
65,14:53:45,20.6,--,17,35020,卖盘
66,14:53:42,20.6,--,35,72100,卖盘
67,14:53:39,20.6,--,2,4120,卖盘
68,14:53:33,20.6,--,68,140080,买盘
69,14:53:30,20.6,--,4,8240,买盘
70,14:53:27,20.6,0.01,20,41200,买盘
71,14:53:24,20.59,-0.01,11,22649,卖盘
72,14:53:21,20.6,0.01,51,105060,买盘
73,14:53:18,20.59,-0.01,72,148248,卖盘
74,14:53:15,20.6,--,1,2060,买盘
75,14:53:12,20.6,--,3,6180,买盘
76,14:53:09,20.6,--,25,51500,买盘
77,14:53:06,20.6,0.01,28,57680,买盘
78,14:53:03,20.59,-0.01,9,18531,卖盘
79,14:53:00,20.6,--,57,117420,买盘
80,14:52:57,20.6,--,47,96820,买盘
81,14:52:54,20.6,--,15,30900,买盘
82,14:52:51,20.6,-0.01,20,41200,卖盘
83,14:52:48,20.61,0.01,45,92745,买盘
84,14:52:45,20.6,--,10,20600,卖盘
85,14:52:42,20.6,--,3,6180,卖盘
86,14:52:39,20.6,--,23,47380,卖盘
87,14:52:36,20.6,--,275,566500,卖盘
88,14:52:33,20.6,--,212,436720,买盘
89,14:52:30,20.6,0.01,198,407880,买盘
90,14:52:27,20.59,-0.01,38,78242,卖盘
91,14:52:24,20.6,--,38,78280,买盘
92,14:52:18,20.6,--,40,82400,买盘
93,14:52:15,20.6,--,466,959960,买盘
94,14:52:12,20.6,--,129,265740,买盘
95,14:52:09,20.6,0.01,18,37080,买盘
96,14:52:06,20.59,-0.01,169,347971,卖盘
97,14:52:03,20.6,--,61,125660,买盘
98,14:52:00,20.6,--,36,74160,买盘
99,14:51:57,20.6,0.01,10,20600,买盘
100,14:51:54,20.59,-0.01,107,220313,卖盘
101,14:51:51,20.6,0.01,9,18540,买盘
102,14:51:45,20.59,--,54,111186,卖盘
103,14:51:42,20.59,0.01,40,82360,买盘
104,14:51:39,20.58,-0.01,13,26753,卖盘
105,14:51:36,20.59,0.01,191,393269,买盘
106,14:51:33,20.58,--,3,6173,卖盘
107,14:51:30,20.58,--,14,28811,卖盘
108,14:51:27,20.58,--,32,65856,卖盘
109,14:51:24,20.58,0.01,26,54619,买盘
110,14:51:21,20.57,--,40,82280,卖盘
111,14:51:15,20.57,-0.01,5,10285,卖盘
112,14:51:12,20.58,--,26,53507,买盘
113,14:51:06,20.58,0.01,201,413657,买盘
114,14:51:03,20.57,--,19,39083,卖盘
115,14:51:00,20.57,--,9,18513,卖盘
116,14:50:57,20.57,--,15,30855,卖盘
117,14:50:54,20.57,--,5,10285,卖盘
118,14:50:51,20.57,0.01,272,559504,买盘
119,14:50:48,20.56,--,65,133640,卖盘
120,14:50:42,20.56,--,14,28784,卖盘
121,14:50:36,20.56,0.01,214,440169,买盘
122,14:50:33,20.55,--,28,57540,卖盘
123,14:50:30,20.55,--,70,143850,卖盘
124,14:50:27,20.55,-0.01,30,61650,卖盘
125,14:50:15,20.56,--,8,18318,卖盘
126,14:50:12,20.56,--,5,10280,卖盘
127,14:50:09,20.56,--,60,123359,卖盘
128,14:50:06,20.56,--,45,92705,卖盘
129,14:50:00,20.56,--,41,84296,卖盘
130,14:49:57,20.56,--,17,34952,卖盘
131,14:49:54,20.56,-0.01,11,22616,卖盘
132,14:49:51,20.57,0.01,16,32912,买盘
133,14:49:48,20.56,-0.01,1,2056,卖盘
134,14:49:45,20.57,0.01,8,16456,买盘
135,14:49:42,20.56,-0.01,10,20560,卖盘
136,14:49:39,20.57,0.01,4,8228,买盘
137,14:49:36,20.56,--,12,24672,卖盘
138,14:49:33,20.56,--,10,20560,卖盘
139,14:49:30,20.56,--,5,10280,卖盘
140,14:49:27,20.56,--,161,331016,买盘
141,14:49:24,20.56,0.01,37,76072,买盘
142,14:49:18,20.55,-0.01,11,22605,卖盘
143,14:49:12,20.56,0.01,14,28784,买盘
144,14:49:09,20.55,--,10,20550,卖盘
145,14:49:06,20.55,-0.01,6,13419,卖盘
146,14:49:03,20.56,0.01,114,234383,买盘
147,14:49:00,20.55,-0.01,3,6165,卖盘
148,14:48:57,20.56,--,15,30839,买盘
149,14:48:45,20.56,0.01,9,18504,买盘
150,14:48:42,20.55,-0.01,8,16440,卖盘
151,14:48:39,20.56,--,1,2056,买盘
152,14:48:36,20.56,--,25,51400,买盘
153,14:48:33,20.56,--,7,14392,买盘
154,14:48:27,20.56,--,10,20560,买盘
155,14:48:24,20.56,0.02,3,6168,买盘
156,14:48:21,20.54,--,31,63674,卖盘
157,14:48:18,20.54,--,10,20540,卖盘
158,14:48:15,20.54,-0.01,32,65728,卖盘
159,14:48:12,20.55,--,26,53430,买盘
160,14:48:06,20.55,--,13,26715,买盘
161,14:48:03,20.55,0.01,9,18495,买盘
162,14:48:00,20.54,--,1,2054,卖盘
163,14:47:57,20.54,-0.01,3,6162,卖盘
164,14:47:54,20.55,-0.01,3,6165,买盘
165,14:47:51,20.56,0.01,59,121303,买盘
166,14:47:48,20.55,-0.01,41,84255,卖盘
167,14:47:45,20.56,0.01,36,74016,买盘
168,14:47:42,20.55,--,9,18495,卖盘
169,14:47:36,20.55,-0.01,13,26715,卖盘
170,14:47:33,20.56,0.01,10,20560,买盘
171,14:47:30,20.55,-0.01,10,20550,中性盘
172,14:47:24,20.56,0.01,10,20560,买盘
173,14:47:21,20.55,-0.01,70,143850,卖盘
174,14:47:18,20.56,0.01,33,67848,买盘
175,14:47:15,20.55,--,7,14385,卖盘
176,14:47:12,20.55,-0.01,18,36990,卖盘
177,14:47:09,20.56,0.01,15,30839,买盘
178,14:47:06,20.55,-0.01,12,24660,卖盘
179,14:47:03,20.56,0.01,41,84296,买盘
180,14:46:54,20.55,--,185,380175,卖盘
181,14:46:51,20.55,-0.01,4,8220,卖盘
182,14:46:48,20.56,--,11,22616,买盘
183,14:46:45,20.56,--,12,24672,买盘
184,14:46:42,20.56,--,2,4112,买盘
185,14:46:36,20.56,--,3,6168,买盘
186,14:46:33,20.56,0.01,2,4112,买盘
187,14:46:27,20.55,-0.01,22,45210,卖盘
188,14:46:24,20.56,0.01,59,121303,买盘
189,14:46:18,20.55,-0.01,2,4110,卖盘
190,14:46:15,20.56,--,15,30839,买盘
191,14:46:12,20.56,--,20,41120,买盘
192,14:46:09,20.56,0.01,14,28784,买盘
193,14:46:06,20.55,-0.01,6,12330,卖盘
194,14:46:03,20.56,--,6,12336,买盘
195,14:45:54,20.56,--,5,10280,买盘
196,14:45:51,20.56,0.01,5,10280,买盘
197,14:45:48,20.55,-0.01,5,10275,卖盘
198,14:45:45,20.56,0.01,7,14392,买盘
199,14:45:42,20.55,-0.01,23,47265,卖盘
200,14:45:39,20.56,--,1,2056,买盘
201,14:45:36,20.56,--,5,10280,买盘
202,14:45:33,20.56,--,1,2056,买盘
203,14:45:30,20.56,--,2,4112,中性盘
204,14:45:24,20.56,--,11,22616,买盘
205,14:45:21,20.56,0.01,84,172704,买盘
206,14:45:18,20.55,-0.01,10,20550,卖盘
207,14:45:15,20.56,0.01,9,18504,买盘
208,14:45:12,20.55,--,21,43155,卖盘
209,14:45:09,20.55,--,1,2055,卖盘
210,14:45:06,20.55,--,14,28770,卖盘
211,14:45:03,20.55,-0.01,6,12330,卖盘
212,14:44:51,20.56,--,272,559232,买盘
213,14:44:48,20.56,--,12,24672,买盘
214,14:44:45,20.56,0.01,8,16448,买盘
215,14:44:42,20.55,--,1,2055,买盘
216,14:44:39,20.55,0.01,5,10275,买盘
217,14:44:36,20.54,--,5,10270,买盘
218,14:44:33,20.54,--,9,18486,买盘
219,14:44:24,20.54,--,78,160212,卖盘
220,14:44:21,20.54,--,3,6162,卖盘
221,14:44:18,20.54,--,38,80003,买盘
222,14:44:15,20.54,--,13,26702,买盘
223,14:44:12,20.54,--,21,43134,买盘
224,14:44:09,20.54,--,1,2054,买盘
225,14:44:06,20.54,--,2,4108,买盘
226,14:44:03,20.54,0.01,2,4108,买盘
227,14:43:57,20.53,-0.01,3,6159,卖盘
228,14:43:54,20.54,--,33,67782,买盘
229,14:43:48,20.54,--,5,10270,买盘
230,14:43:45,20.54,--,16,32864,买盘
231,14:43:39,20.54,-0.02,39,80106,卖盘
232,14:43:33,20.56,0.01,1,2056,买盘
233,14:43:30,20.55,0.01,15,30825,中性盘
234,14:43:27,20.54,-0.02,10,20540,卖盘
235,14:43:24,20.56,0.02,4,8224,买盘
236,14:43:21,20.54,--,167,343018,卖盘
237,14:43:18,20.54,--,25,51350,卖盘
238,14:43:15,20.54,-0.01,15,30810,卖盘
239,14:43:12,20.55,--,14,28770,买盘
240,14:43:09,20.55,--,6,12330,买盘
241,14:43:06,20.55,--,4,8220,买盘
242,14:43:03,20.55,-0.01,39,80145,卖盘
243,14:43:00,20.56,0.01,6,12336,买盘
244,14:42:54,20.55,-0.01,108,221940,卖盘
245,14:42:51,20.56,0.01,18,37008,买盘
246,14:42:48,20.55,-0.01,8,16440,卖盘
247,14:42:45,20.56,--,23,47288,买盘
248,14:42:42,20.56,0.01,15,30839,买盘
249,14:42:36,20.55,-0.01,10,20550,卖盘
250,14:42:33,20.56,0.01,1,2056,买盘
251,14:42:30,20.55,-0.01,3,6165,卖盘
252,14:42:27,20.56,--,10,20560,买盘
253,14:42:24,20.56,--,29,59623,买盘
254,14:42:21,20.56,--,8,16448,中性盘
255,14:42:12,20.56,-0.01,6,12336,卖盘
256,14:42:09,20.57,0.01,15,30855,买盘
257,14:42:06,20.56,--,14,28784,卖盘
258,14:42:03,20.56,-0.01,21,43176,卖盘
259,14:42:00,20.57,0.01,1,2057,买盘
260,14:41:57,20.56,--,70,143920,卖盘
261,14:41:51,20.56,-0.01,14,28784,卖盘
262,14:41:48,20.57,0.01,6,12342,买盘
263,14:41:45,20.56,-0.01,39,80184,卖盘
264,14:41:42,20.57,--,1,2057,买盘
265,14:41:39,20.57,-0.01,29,59653,卖盘
266,14:41:30,20.58,--,1,2058,买盘
267,14:41:24,20.58,0.01,27,55565,买盘
268,14:41:21,20.57,--,22,45254,卖盘
269,14:41:18,20.57,--,8,16456,卖盘
270,14:41:15,20.57,--,11,22627,卖盘
271,14:41:12,20.57,--,44,90508,卖盘
272,14:41:06,20.57,-0.01,6,12342,卖盘
273,14:41:03,20.58,--,3,6173,买盘
274,14:40:57,20.58,0.02,197,405425,买盘
275,14:40:54,20.56,--,1,2056,卖盘
276,14:40:51,20.56,-0.01,2,4112,卖盘
277,14:40:48,20.57,--,27,55539,买盘
278,14:40:45,20.57,--,3,6171,买盘
279,14:40:39,20.57,0.01,5,10285,买盘
280,14:40:33,20.56,-0.01,6,12336,卖盘
281,14:40:27,20.57,--,1,2057,买盘
282,14:40:24,20.57,-0.01,13,26741,卖盘
283,14:40:15,20.58,--,11,22637,买盘
284,14:40:12,20.58,0.02,28,57623,买盘
285,14:40:09,20.56,-0.01,14,28784,卖盘
286,14:40:06,20.57,--,5,10285,买盘
287,14:40:03,20.57,--,6,12342,买盘
288,14:40:00,20.57,-0.01,1,2057,买盘
289,14:39:57,20.58,--,11,22637,卖盘
290,14:39:51,20.58,--,20,41160,卖盘
291,14:39:48,20.58,0.01,76,156408,买盘
292,14:39:45,20.57,--,5,10285,买盘
293,14:39:42,20.57,--,2,4114,买盘
294,14:39:39,20.57,-0.01,13,26741,卖盘
295,14:39:30,20.58,--,5,10290,买盘
296,14:39:27,20.58,--,20,41160,买盘
297,14:39:24,20.58,--,4,8232,买盘
298,14:39:21,20.58,-0.01,21,43218,中性盘
299,14:39:09,20.59,0.02,18,37062,买盘
300,14:39:06,20.57,-0.02,102,209814,卖盘
301,14:39:03,20.59,--,2,4118,买盘
302,14:38:54,20.59,0.01,9,18531,买盘
303,14:38:51,20.58,-0.01,1,2058,卖盘
304,14:38:48,20.59,0.01,6,12354,买盘
305,14:38:45,20.58,-0.01,8,16464,卖盘
306,14:38:39,20.59,0.01,4,8236,买盘
307,14:38:36,20.58,--,3,6173,卖盘
308,14:38:33,20.58,-0.01,45,92609,卖盘
309,14:38:30,20.59,--,15,30885,买盘
310,14:38:24,20.59,--,3,6177,买盘
311,14:38:21,20.59,0.01,219,450921,买盘
312,14:38:15,20.58,--,49,100841,买盘
313,14:38:12,20.58,-0.01,7,14405,中性盘
314,14:38:09,20.59,0.01,29,59711,买盘
315,14:38:06,20.58,-0.01,41,84378,卖盘
316,14:38:03,20.59,0.01,27,55593,买盘
317,14:38:00,20.58,-0.01,70,144060,卖盘
318,14:37:57,20.59,0.01,5,10295,买盘
319,14:37:54,20.58,-0.01,8,16464,卖盘
320,14:37:51,20.59,0.01,7,14413,买盘
321,14:37:48,20.58,--,260,535080,买盘
322,14:37:45,20.58,--,8,16464,买盘
323,14:37:42,20.58,--,1,2058,买盘
324,14:37:39,20.58,--,10,20580,买盘
325,14:37:36,20.58,--,12,24695,买盘
326,14:37:30,20.58,--,6,12347,买盘
327,14:37:27,20.58,--,3,6173,买盘
328,14:37:24,20.58,--,7,14405,买盘
329,14:37:18,20.58,--,1,2058,买盘
330,14:37:12,20.58,0.01,24,49391,买盘
331,14:37:09,20.57,--,215,442255,买盘
332,14:37:06,20.57,--,6,12342,买盘
333,14:37:03,20.57,--,7,14399,买盘
334,14:37:00,20.57,--,2,4114,买盘
335,14:36:57,20.57,--,1,2057,买盘
336,14:36:45,20.57,--,9,18513,买盘
337,14:36:42,20.57,0.01,1,2057,买盘
338,14:36:39,20.56,--,6,12336,卖盘
339,14:36:36,20.56,0.01,125,256999,买盘
340,14:36:33,20.55,--,18,36990,卖盘
341,14:36:30,20.55,-0.01,3,6165,卖盘
342,14:36:24,20.56,0.01,10,20560,买盘
343,14:36:21,20.55,-0.01,51,104805,卖盘
344,14:36:18,20.56,0.01,3,6168,买盘
345,14:36:12,20.55,-0.01,16,32880,卖盘
346,14:36:06,20.56,--,23,47288,买盘
347,14:36:03,20.56,0.01,4,8224,买盘
348,14:36:00,20.55,--,10,20550,卖盘
349,14:35:57,20.55,-0.01,22,45210,卖盘
350,14:35:54,20.56,0.01,50,102800,买盘
351,14:35:48,20.55,-0.01,5,10275,卖盘
352,14:35:45,20.56,0.01,11,22616,买盘
353,14:35:42,20.55,-0.01,23,47265,卖盘
354,14:35:39,20.56,--,1,2056,买盘
355,14:35:36,20.56,--,49,100744,买盘
356,14:35:27,20.56,--,6,12336,买盘
357,14:35:24,20.56,0.01,11,22616,买盘
358,14:35:21,20.55,--,3,6165,卖盘
359,14:35:18,20.55,--,31,63705,卖盘
360,14:35:15,20.55,--,15,30825,卖盘
361,14:35:12,20.55,--,56,115080,卖盘
362,14:35:06,20.55,-0.01,8,16440,卖盘
363,14:35:03,20.56,0.01,3,6168,买盘
364,14:34:54,20.55,--,7,14385,卖盘
365,14:34:51,20.55,-0.01,13,26715,卖盘
366,14:34:48,20.56,--,9,18504,买盘
367,14:34:45,20.56,--,9,18504,买盘
368,14:34:42,20.56,0.01,1,2056,买盘
369,14:34:39,20.55,--,8,16440,卖盘
370,14:34:36,20.55,--,18,36990,卖盘
371,14:34:33,20.55,--,40,82200,卖盘
372,14:34:30,20.55,--,36,73980,买盘
373,14:34:24,20.55,0.01,12,24660,买盘
374,14:34:21,20.54,--,13,26702,卖盘
375,14:34:18,20.54,-0.02,7,14378,卖盘
376,14:34:15,20.56,0.01,6,12336,买盘
377,14:34:12,20.55,--,6,12330,买盘
378,14:34:09,20.55,--,39,80145,卖盘
379,14:34:06,20.55,-0.01,17,34935,卖盘
380,14:34:03,20.56,0.01,19,39064,买盘
381,14:33:57,20.55,--,3,6165,买盘
382,14:33:54,20.55,-0.01,17,34935,卖盘
383,14:33:48,20.56,0.01,38,78128,买盘
384,14:33:45,20.55,--,27,55485,卖盘
385,14:33:39,20.55,-0.01,115,236325,卖盘
386,14:33:33,20.56,0.01,8,16448,买盘
387,14:33:27,20.55,-0.01,16,32880,卖盘
388,14:33:24,20.56,--,142,291952,卖盘
389,14:33:15,20.56,-0.01,69,141864,卖盘
390,14:33:12,20.57,0.01,36,74052,买盘
391,14:33:09,20.56,-0.01,5,10280,卖盘
392,14:33:06,20.57,--,13,26741,买盘
393,14:33:03,20.57,--,17,34969,买盘
394,14:33:00,20.57,--,2,4114,买盘
395,14:32:54,20.57,0.01,5,10285,买盘
396,14:32:51,20.56,-0.01,2,4112,卖盘
397,14:32:48,20.57,--,6,12342,买盘
398,14:32:45,20.57,--,5,10285,买盘
399,14:32:42,20.57,--,2,4114,买盘
400,14:32:39,20.57,--,20,41140,买盘
401,14:32:36,20.57,--,27,55539,买盘
402,14:32:33,20.57,--,8,16456,买盘
403,14:32:30,20.57,0.01,16,32912,买盘
404,14:32:24,20.56,-0.01,7,14392,卖盘
405,14:32:21,20.57,0.01,50,102850,买盘
406,14:32:18,20.56,--,2,4112,中性盘
407,14:32:15,20.56,--,51,104856,卖盘
408,14:32:12,20.56,--,28,57568,买盘
409,14:32:06,20.56,--,11,22616,买盘
410,14:32:03,20.56,--,8,16448,买盘
411,14:32:00,20.56,--,16,32896,买盘
412,14:31:57,20.56,0.01,34,69904,买盘
413,14:31:54,20.55,--,67,137685,买盘
414,14:31:51,20.55,--,6,12330,买盘
415,14:31:48,20.55,--,291,598005,买盘
416,14:31:45,20.55,--,1,2055,买盘
417,14:31:42,20.55,--,1,2055,买盘
418,14:31:36,20.55,--,1,2055,买盘
419,14:31:33,20.55,0.01,14,28770,买盘
420,14:31:30,20.54,-0.01,10,20540,卖盘
421,14:31:27,20.55,--,6,12330,买盘
422,14:31:24,20.55,--,5,10275,买盘
423,14:31:21,20.55,-0.01,34,69870,卖盘
424,14:31:18,20.56,0.01,166,341296,买盘
425,14:31:12,20.55,--,38,78090,卖盘
426,14:31:09,20.55,--,103,211665,买盘
427,14:31:06,20.55,0.01,22,45210,买盘
428,14:31:03,20.54,--,24,49296,买盘
429,14:31:00,20.54,--,11,22594,买盘
430,14:30:57,20.54,--,30,61620,买盘
431,14:30:51,20.54,0.01,27,55458,买盘
432,14:30:48,20.53,-0.01,28,57484,卖盘
433,14:30:45,20.54,--,8,16432,买盘
434,14:30:42,20.54,0.01,30,61620,买盘
435,14:30:39,20.53,-0.01,1,2053,卖盘
436,14:30:36,20.54,--,15,30810,买盘
437,14:30:27,20.54,--,4,8216,买盘
438,14:30:24,20.54,--,14,28756,买盘
439,14:30:12,20.54,0.01,21,43134,买盘
440,14:30:09,20.53,-0.01,8,16424,卖盘
441,14:30:06,20.54,0.01,10,20540,买盘
442,14:30:03,20.53,--,30,61590,买盘
443,14:30:00,20.53,--,5,10265,买盘
444,14:29:57,20.53,0.01,5,10265,中性盘
445,14:29:48,20.52,-0.02,7,14364,卖盘
446,14:29:45,20.54,--,7,14378,买盘
447,14:29:42,20.54,0.02,3,6162,买盘
448,14:29:36,20.52,--,1,2052,卖盘
449,14:29:27,20.52,-0.02,14,28728,卖盘
450,14:29:24,20.54,0.02,3,6162,买盘
451,14:29:21,20.52,-0.02,6,12312,卖盘
452,14:29:15,20.54,--,5,10270,买盘
453,14:29:12,20.54,0.02,79,162266,买盘
454,14:29:09,20.52,-0.02,4,8208,卖盘
455,14:29:06,20.54,--,5,10270,买盘
456,14:29:03,20.54,--,6,12324,买盘
457,14:28:45,20.54,0.01,8,16432,买盘
458,14:28:42,20.53,0.01,9,18477,买盘
459,14:28:33,20.52,-0.02,51,104652,卖盘
460,14:28:30,20.54,0.01,6,12324,买盘
461,14:28:27,20.53,--,38,78014,买盘
462,14:28:24,20.53,0.01,5,10265,买盘
463,14:28:21,20.52,-0.01,4,8208,卖盘
464,14:28:18,20.53,--,10,20530,买盘
465,14:28:12,20.53,0.01,79,162187,买盘
466,14:28:09,20.52,--,1,2052,卖盘
467,14:28:06,20.52,-0.01,3,6156,卖盘
468,14:28:03,20.53,0.01,19,39007,买盘
469,14:28:00,20.52,--,98,201096,买盘
470,14:27:54,20.52,-0.01,2,4104,中性盘
471,14:27:45,20.53,0.01,4,8212,买盘
472,14:27:42,20.52,0.01,1,2052,买盘
473,14:27:36,20.51,-0.01,10,20510,卖盘
474,14:27:33,20.52,--,7,14364,买盘
475,14:27:24,20.52,--,23,47196,买盘
476,14:27:12,20.52,-0.01,27,55404,卖盘
477,14:27:06,20.53,-0.01,7,14371,中性盘
478,14:27:03,20.54,--,155,318370,买盘
479,14:26:57,20.54,0.01,1,2054,买盘
480,14:26:48,20.53,-0.01,13,26689,卖盘
481,14:26:45,20.54,--,2,4108,买盘
482,14:26:42,20.54,0.01,2,4108,买盘
483,14:26:36,20.53,-0.01,26,53378,卖盘
484,14:26:30,20.54,--,12,24648,买盘
485,14:26:24,20.54,--,5,10270,买盘
486,14:26:21,20.54,0.01,1,2054,买盘
487,14:26:12,20.53,-0.01,18,36954,卖盘
488,14:26:06,20.54,--,10,20540,买盘
489,14:26:03,20.54,--,15,30810,买盘
490,14:25:57,20.54,--,1,2054,买盘
491,14:25:51,20.54,0.01,21,43134,买盘
492,14:25:45,20.53,--,12,24636,卖盘
493,14:25:42,20.53,--,1,2053,卖盘
494,14:25:36,20.53,0.01,43,88279,买盘
495,14:25:30,20.52,-0.01,2,4104,卖盘
496,14:25:24,20.53,--,4,8212,买盘
497,14:25:21,20.53,0.01,24,49272,买盘
498,14:25:18,20.52,--,12,24624,卖盘
499,14:25:15,20.52,-0.01,1,2052,卖盘
500,14:25:09,20.53,--,20,41060,买盘
501,14:25:03,20.53,0.01,9,18477,买盘
502,14:24:57,20.52,--,5,10260,卖盘
503,14:24:54,20.52,--,168,345023,买盘
504,14:24:48,20.52,--,9,18468,买盘
505,14:24:45,20.52,--,4,8208,买盘
506,14:24:42,20.52,--,11,22572,买盘
507,14:24:36,20.52,0.01,200,410400,买盘
508,14:24:33,20.51,--,16,32816,卖盘
509,14:24:27,20.51,-0.01,5,10255,卖盘
510,14:24:24,20.52,--,5,10260,买盘
511,14:24:21,20.52,0.01,1,2052,买盘
512,14:24:18,20.51,-0.01,230,471730,卖盘
513,14:24:15,20.52,--,30,61560,买盘
514,14:24:12,20.52,--,14,28728,买盘
515,14:24:09,20.52,--,170,350604,卖盘
516,14:24:03,20.52,-0.01,7,14364,卖盘
517,14:24:00,20.53,--,1,2053,买盘
518,14:23:57,20.53,--,1,2053,买盘
519,14:23:45,20.53,--,9,18477,买盘
520,14:23:39,20.53,-0.01,36,73908,卖盘
521,14:23:33,20.54,--,7,14378,买盘
522,14:23:27,20.54,--,15,30810,买盘
523,14:23:24,20.54,--,18,36972,买盘
524,14:23:21,20.54,0.01,9,18486,买盘
525,14:23:18,20.53,-0.01,44,90332,卖盘
526,14:23:12,20.54,0.01,14,28756,买盘
527,14:23:09,20.53,-0.01,2,4106,卖盘
528,14:23:06,20.54,--,1,2054,买盘
529,14:23:03,20.54,--,4,8216,买盘
530,14:23:00,20.54,--,5,10270,买盘
531,14:22:48,20.54,-0.01,28,57512,卖盘
532,14:22:45,20.55,--,2,4110,买盘
533,14:22:42,20.55,0.01,15,30825,买盘
534,14:22:36,20.54,--,5,10270,卖盘
535,14:22:33,20.54,0.01,13,26702,买盘
536,14:22:30,20.53,--,5,10265,买盘
537,14:22:24,20.53,--,3,6159,买盘
538,14:22:21,20.53,--,20,41060,买盘
539,14:22:12,20.53,-0.02,98,201194,卖盘
540,14:22:03,20.55,--,6,12330,买盘
541,14:22:00,20.55,0.02,55,113025,买盘
542,14:21:57,20.53,-0.02,49,100597,卖盘
543,14:21:54,20.55,0.01,15,30825,买盘
544,14:21:51,20.54,--,20,41080,买盘
545,14:21:48,20.54,-0.01,20,41080,卖盘
546,14:21:45,20.55,0.01,1,2055,买盘
547,14:21:42,20.54,--,1,2054,中性盘
548,14:21:39,20.54,--,7,14378,买盘
549,14:21:36,20.54,-0.01,3,6162,卖盘
550,14:21:30,20.55,--,1,2055,买盘
551,14:21:24,20.55,--,7,14385,买盘
552,14:21:21,20.55,0.02,10,20550,买盘
553,14:21:12,20.53,-0.01,18,36954,卖盘
554,14:21:09,20.54,--,10,20540,卖盘
555,14:21:06,20.54,-0.01,59,121186,卖盘
556,14:21:03,20.55,0.01,3,6165,买盘
557,14:20:54,20.54,-0.01,6,12324,卖盘
558,14:20:51,20.55,--,5,10275,买盘
559,14:20:45,20.55,--,3,6165,买盘
560,14:20:42,20.55,0.01,5,10275,买盘
561,14:20:39,20.54,0.01,6,12324,买盘
562,14:20:36,20.53,--,29,59537,卖盘
563,14:20:33,20.53,-0.01,30,61590,卖盘
564,14:20:30,20.54,--,8,16432,买盘
565,14:20:27,20.54,--,2,4108,买盘
566,14:20:24,20.54,--,8,16432,买盘
567,14:20:18,20.54,-0.01,23,47242,卖盘
568,14:20:12,20.55,--,15,30825,买盘
569,14:20:09,20.55,--,16,32880,买盘
570,14:20:03,20.55,0.01,3,6165,买盘
571,14:19:54,20.54,--,2,4108,卖盘
572,14:19:51,20.54,0.01,26,53404,买盘
573,14:19:48,20.53,--,6,12318,买盘
574,14:19:45,20.53,--,3,6159,买盘
575,14:19:42,20.53,--,2,4106,买盘
576,14:19:36,20.53,-0.01,89,182717,卖盘
577,14:19:33,20.54,-0.01,14,28756,中性盘
578,14:19:24,20.55,--,4,8220,买盘
579,14:19:12,20.55,--,32,65760,买盘
580,14:19:09,20.55,0.02,61,125642,买盘
581,14:19:03,20.53,0.01,4,8212,买盘
582,14:19:00,20.52,--,10,20520,卖盘
583,14:18:48,20.52,-0.01,2,4104,卖盘
584,14:18:45,20.53,--,2,4106,买盘
585,14:18:42,20.53,0.02,2,4106,买盘
586,14:18:27,20.51,--,84,172284,买盘
587,14:18:24,20.51,--,34,69734,买盘
588,14:18:21,20.51,-0.02,12,24612,卖盘
589,14:18:18,20.53,--,2,5871,卖盘
590,14:18:15,20.53,-0.02,2,4106,卖盘
591,14:18:12,20.55,0.02,14,28770,买盘
592,14:18:06,20.53,-0.02,106,217618,卖盘
593,14:18:03,20.55,0.01,4,8220,买盘
594,14:18:00,20.54,--,6,12324,买盘
595,14:17:57,20.54,0.01,2,4108,买盘
596,14:17:48,20.53,0.01,59,121414,买盘
597,14:17:45,20.52,--,9,18468,买盘
598,14:17:42,20.52,--,17,34884,买盘
599,14:17:36,20.52,0.01,5,10260,买盘
600,14:17:33,20.51,-0.01,3,6153,卖盘
601,14:17:27,20.52,--,10,20520,买盘
602,14:17:24,20.52,--,5,10260,买盘
603,14:17:21,20.52,0.01,4,8208,买盘
604,14:17:18,20.51,-0.01,1,2051,卖盘
605,14:17:15,20.52,--,38,77976,买盘
606,14:17:12,20.52,--,15,30780,买盘
607,14:17:06,20.52,--,4,8208,买盘
608,14:17:03,20.52,0.01,4,8208,买盘
609,14:17:00,20.51,--,16,32816,买盘
610,14:16:48,20.51,--,10,20510,买盘
611,14:16:45,20.51,--,1,2051,买盘
612,14:16:42,20.51,0.03,4,8204,买盘
613,14:16:33,20.48,--,1,2048,买盘
614,14:16:30,20.48,--,1,2048,买盘
615,14:16:27,20.48,--,7,14336,买盘
616,14:16:24,20.48,--,22,45056,买盘
617,14:16:21,20.48,-0.03,90,184320,卖盘
618,14:16:09,20.51,0.01,28,57428,买盘
619,14:16:06,20.5,--,3,6150,买盘
620,14:16:03,20.5,0.01,5,10250,买盘
621,14:16:00,20.49,--,2,4098,卖盘
622,14:15:57,20.49,0.01,7,14342,卖盘
623,14:15:48,20.48,-0.02,7,14336,卖盘
624,14:15:45,20.5,--,3,6150,买盘
625,14:15:42,20.5,--,2,4100,买盘
626,14:15:39,20.5,--,2,4100,买盘
627,14:15:24,20.5,--,29,59450,买盘
628,14:15:15,20.5,--,2,4100,买盘
629,14:15:09,20.5,--,14,28700,买盘
630,14:15:06,20.5,0.01,1,2050,买盘
631,14:15:03,20.49,-0.01,14,28685,买盘
632,14:15:00,20.5,--,5,10250,买盘
633,14:14:39,20.5,--,8,16400,卖盘
634,14:14:33,20.5,--,2,4100,卖盘
635,14:14:21,20.5,-0.01,61,125050,卖盘
636,14:14:18,20.51,0.01,4,8204,买盘
637,14:14:15,20.5,-0.01,1,2050,卖盘
638,14:14:09,20.51,0.01,15,30765,买盘
639,14:14:03,20.5,--,1,2050,卖盘
640,14:14:00,20.5,--,12,24600,买盘
641,14:13:45,20.5,--,28,57400,买盘
642,14:13:24,20.5,0.02,5,10250,买盘
643,14:13:21,20.48,-0.02,43,88064,卖盘
644,14:13:09,20.5,0.02,19,38950,买盘
645,14:12:51,20.48,--,43,88064,买盘
646,14:12:39,20.48,0.03,10,20480,买盘
647,14:12:24,20.45,--,32,65440,卖盘
648,14:12:12,20.45,-0.03,2,4090,卖盘
649,14:12:09,20.48,0.02,15,30720,买盘
650,14:11:57,20.46,--,13,26598,卖盘
651,14:11:54,20.46,--,10,20460,卖盘
652,14:11:51,20.46,--,10,20460,卖盘
653,14:11:48,20.46,--,20,40920,卖盘
654,14:11:45,20.46,-0.01,6,12276,卖盘
655,14:11:42,20.47,0.01,5,10235,买盘
656,14:11:39,20.46,--,201,411246,卖盘
657,14:11:36,20.46,--,1,2046,卖盘
658,14:11:30,20.46,--,20,40920,卖盘
659,14:11:21,20.46,-0.01,98,200508,卖盘
660,14:11:15,20.47,--,5,10235,买盘
661,14:11:12,20.47,-0.01,62,126914,卖盘
662,14:11:09,20.48,--,14,28672,买盘
663,14:11:03,20.48,0.01,8,16384,买盘
664,14:10:57,20.47,-0.01,10,20470,卖盘
665,14:10:48,20.48,--,5,10240,买盘
666,14:10:45,20.48,0.01,3,6144,买盘
667,14:10:39,20.47,--,6,12282,卖盘
668,14:10:36,20.47,-0.01,8,16376,卖盘
669,14:10:33,20.48,--,22,45056,买盘
670,14:10:30,20.48,--,1,2048,买盘
671,14:10:09,20.48,0.01,14,28672,买盘
672,14:10:03,20.47,0.01,1,2047,卖盘
673,14:09:45,20.46,--,15,30690,买盘
674,14:09:39,20.46,--,1,2046,买盘
675,14:09:27,20.46,0.01,6,12276,中性盘
676,14:09:15,20.45,-0.04,34,69530,卖盘
677,14:09:09,20.49,0.03,18,36882,买盘
678,14:09:00,20.46,--,13,26598,买盘
679,14:08:54,20.46,0.01,1,2046,买盘
680,14:08:51,20.45,-0.01,3,6135,卖盘
681,14:08:48,20.46,--,1,2046,买盘
682,14:08:45,20.46,--,1,2046,买盘
683,14:08:42,20.46,--,10,20460,买盘
684,14:08:36,20.46,--,1,2046,买盘
685,14:08:24,20.46,0.01,9,18414,买盘
686,14:08:21,20.45,-0.01,2,4090,卖盘
687,14:08:18,20.46,-0.01,45,92070,卖盘
688,14:08:15,20.47,-0.02,44,90068,卖盘
689,14:08:12,20.49,--,2,4098,买盘
690,14:08:09,20.49,0.02,14,28685,买盘
691,14:08:06,20.47,-0.01,34,69598,卖盘
692,14:07:54,20.48,-0.01,90,184320,卖盘
693,14:07:48,20.49,--,6,12293,买盘
694,14:07:39,20.49,--,1,2049,买盘
695,14:07:36,20.49,-0.03,77,157773,卖盘
696,14:07:33,20.52,0.02,64,131328,买盘
697,14:07:30,20.5,--,25,51250,买盘
698,14:07:27,20.5,--,19,38950,买盘
699,14:07:15,20.5,0.01,3,6150,买盘
700,14:07:09,20.49,-0.01,18,36882,卖盘
701,14:07:06,20.5,0.01,1,2050,买盘
702,14:07:03,20.49,-0.01,2,4098,卖盘
703,14:07:00,20.5,--,10,20500,买盘
704,14:06:57,20.5,0.01,40,82000,中性盘
705,14:06:39,20.49,-0.01,66,135234,卖盘
706,14:06:36,20.5,--,2,4100,买盘
707,14:06:33,20.5,-0.02,71,147313,卖盘
708,14:06:21,20.52,0.01,7,14364,买盘
709,14:06:15,20.51,--,54,110754,卖盘
710,14:06:12,20.51,--,199,408149,买盘
711,14:06:09,20.51,0.01,115,235865,买盘
712,14:06:00,20.5,--,63,129150,卖盘
713,14:05:57,20.5,--,3,6437,卖盘
714,14:05:48,20.5,--,20,41000,买盘
715,14:05:45,20.5,0.01,7,14350,买盘
716,14:05:42,20.49,-0.01,2,4098,卖盘
717,14:05:36,20.5,--,5,10250,买盘
718,14:05:33,20.5,0.01,100,205000,买盘
719,14:05:30,20.49,0.02,10,20490,卖盘
720,14:05:27,20.47,--,10,20470,卖盘
721,14:05:24,20.47,-0.03,2,4094,卖盘
722,14:05:15,20.5,--,2,4100,买盘
723,14:05:09,20.5,0.01,14,28700,买盘
724,14:05:03,20.49,0.03,17,34833,买盘
725,14:04:39,20.46,-0.01,105,214830,卖盘
726,14:04:36,20.47,--,5,10235,买盘
727,14:04:33,20.47,--,10,20470,卖盘
728,14:04:18,20.47,0.02,1,2047,买盘
729,14:04:15,20.45,-0.02,77,157465,卖盘
730,14:04:12,20.47,-0.02,2,4094,中性盘
731,14:04:09,20.49,0.06,15,30734,买盘
732,14:03:57,20.43,-0.04,119,243117,卖盘
733,14:03:51,20.47,0.03,4,8188,买盘
734,14:03:39,20.44,--,68,138992,卖盘
735,14:03:30,20.44,-0.03,119,243236,卖盘
736,14:03:27,20.47,0.01,13,26611,买盘
737,14:03:24,20.46,--,1,2046,卖盘
738,14:03:21,20.46,-0.01,4,8184,卖盘
739,14:03:12,20.47,--,3,6141,买盘
740,14:03:09,20.47,--,14,28658,买盘
741,14:03:06,20.47,0.02,10,20470,买盘
742,14:03:00,20.45,--,55,113068,卖盘
743,14:02:57,20.45,-0.01,4,8180,卖盘
744,14:02:51,20.46,-0.01,3,6138,中性盘
745,14:02:39,20.47,-0.01,20,40940,中性盘
746,14:02:24,20.48,-0.02,8,16384,卖盘
747,14:02:21,20.5,--,1,2050,买盘
748,14:02:18,20.5,--,2,4100,买盘
749,14:02:15,20.5,0.03,188,385400,买盘
750,14:02:12,20.47,-0.03,15,30705,卖盘
751,14:02:09,20.5,--,15,30750,买盘
752,14:01:57,20.5,0.02,44,90200,买盘
753,14:01:51,20.48,--,6,12288,买盘
754,14:01:48,20.48,--,5,10240,卖盘
755,14:01:39,20.48,0.01,1,2048,买盘
756,14:01:36,20.47,-0.03,10,20470,卖盘
757,14:01:27,20.5,0.02,4,8200,买盘
758,14:01:24,20.48,-0.02,16,32768,中性盘
759,14:01:18,20.5,--,393,805650,买盘
760,14:01:09,20.5,0.02,14,28700,买盘
761,14:01:06,20.48,--,2,4096,卖盘
762,14:01:00,20.48,-0.02,41,83968,卖盘
763,14:00:57,20.5,0.02,24,49200,买盘
764,14:00:54,20.48,--,5,10240,卖盘
765,14:00:45,20.48,--,4,8192,卖盘
766,14:00:42,20.48,--,4,8192,卖盘
767,14:00:36,20.48,--,4,8192,卖盘
768,14:00:33,20.48,-0.02,9,18432,卖盘
769,14:00:30,20.5,--,123,252150,买盘
770,14:00:24,20.5,0.01,25,51250,买盘
771,14:00:21,20.49,-0.01,36,73764,卖盘
772,14:00:15,20.5,--,3,6150,买盘
773,14:00:12,20.5,--,14,28700,买盘
774,14:00:09,20.5,-0.01,20,41000,买盘
775,14:00:06,20.51,0.01,186,381486,买盘
776,14:00:03,20.5,--,11,22550,卖盘
777,14:00:00,20.5,--,30,61500,卖盘
778,13:59:57,20.5,--,15,30750,卖盘
779,13:59:51,20.5,-0.01,5,10250,卖盘
780,13:59:48,20.51,--,14,28714,卖盘
781,13:59:33,20.51,0.01,7,14357,买盘
782,13:59:27,20.5,--,2,4100,卖盘
783,13:59:21,20.5,-0.02,7,14350,中性盘
784,13:59:12,20.52,--,2,4104,买盘
785,13:59:09,20.52,0.02,15,30780,买盘
786,13:59:03,20.5,--,14,28700,卖盘
787,13:59:00,20.5,--,7,14350,卖盘
788,13:58:57,20.5,-0.01,300,615000,卖盘
789,13:58:48,20.51,-0.01,6,12306,卖盘
790,13:58:45,20.52,--,5,10260,卖盘
791,13:58:42,20.52,0.01,2,4104,买盘
792,13:58:39,20.51,-0.02,10,20510,卖盘
793,13:58:36,20.53,--,4,8212,买盘
794,13:58:33,20.53,0.01,2,4106,买盘
795,13:58:15,20.52,--,4,8208,买盘
796,13:58:12,20.52,--,1,2052,买盘
797,13:58:09,20.52,0.01,14,28728,买盘
798,13:58:03,20.51,-0.01,38,77938,卖盘
799,13:58:00,20.52,--,2,4104,卖盘
800,13:57:57,20.52,--,30,61560,卖盘
801,13:57:51,20.52,0.01,6,12312,买盘
802,13:57:48,20.51,--,6,12306,卖盘
803,13:57:45,20.51,-0.01,56,114856,卖盘
804,13:57:42,20.52,--,12,24624,卖盘
805,13:57:36,20.52,-0.01,80,164160,卖盘
806,13:57:30,20.53,--,9,18477,卖盘
807,13:57:27,20.53,--,2,4106,卖盘
808,13:57:24,20.53,-0.03,58,119074,卖盘
809,13:57:21,20.56,0.01,5,10280,买盘
810,13:57:18,20.55,-0.01,1,2055,卖盘
811,13:57:09,20.56,--,19,39064,买盘
812,13:57:06,20.56,--,32,65792,卖盘
813,13:57:03,20.56,--,19,39064,卖盘
814,13:56:57,20.56,--,1,2056,买盘
815,13:56:54,20.56,--,3,6168,卖盘
816,13:56:51,20.56,-0.01,7,14392,中性盘
817,13:56:48,20.57,0.01,8,16456,买盘
818,13:56:45,20.56,--,42,87811,卖盘
819,13:56:36,20.56,--,5,10280,卖盘
820,13:56:27,20.56,--,3,6168,卖盘
821,13:56:24,20.56,--,29,59623,卖盘
822,13:56:21,20.56,--,13,27324,买盘
823,13:56:18,20.56,--,35,71960,买盘
824,13:56:15,20.56,-0.01,15,32299,卖盘
825,13:56:09,20.57,0.01,14,28798,中性盘
826,13:55:51,20.56,-0.01,201,413256,卖盘
827,13:55:48,20.57,--,25,51425,买盘
828,13:55:45,20.57,0.01,17,34969,买盘
829,13:55:42,20.56,--,21,43176,卖盘
830,13:55:36,20.56,--,7,14392,卖盘
831,13:55:33,20.56,--,203,417964,买盘
832,13:55:27,20.56,0.01,2,4112,买盘
833,13:55:24,20.55,--,99,203445,卖盘
834,13:55:21,20.55,--,10,20550,卖盘
835,13:55:12,20.55,-0.01,7,14385,卖盘
836,13:55:09,20.56,0.01,14,28784,买盘
837,13:55:06,20.55,--,32,65760,买盘
838,13:54:57,20.55,0.01,4,8220,买盘
839,13:54:54,20.54,--,8,16432,买盘
840,13:54:45,20.54,0.01,2,4108,中性盘
841,13:54:30,20.53,-0.02,10,20530,卖盘
842,13:54:27,20.55,--,2,4110,买盘
843,13:54:09,20.55,0.02,15,30825,买盘
844,13:54:06,20.53,--,10,20530,卖盘
845,13:54:00,20.53,-0.02,5,10265,卖盘
846,13:53:57,20.55,0.02,28,57540,买盘
847,13:53:48,20.53,-0.01,55,112915,卖盘
848,13:53:45,20.54,0.01,24,49296,中性盘
849,13:53:27,20.53,-0.02,300,615900,卖盘
850,13:53:21,20.55,0.01,10,20550,中性盘
851,13:53:09,20.54,-0.01,16,32864,卖盘
852,13:53:06,20.55,--,5,10275,买盘
853,13:53:03,20.55,-0.01,28,57971,卖盘
854,13:52:54,20.56,0.01,9,18504,买盘
855,13:52:48,20.55,--,2,4110,卖盘
856,13:52:42,20.55,--,30,61650,卖盘
857,13:52:39,20.55,0.01,62,129033,买盘
858,13:52:36,20.54,-0.01,5,10270,卖盘
859,13:52:33,20.55,--,4,8220,买盘
860,13:52:30,20.55,0.01,1,2055,买盘
861,13:52:27,20.54,-0.01,2,4108,卖盘
862,13:52:21,20.55,--,4,8220,买盘
863,13:52:18,20.55,--,6,12330,买盘
864,13:52:15,20.55,--,63,129465,买盘
865,13:52:12,20.55,--,20,41100,买盘
866,13:52:09,20.55,--,15,30825,买盘
867,13:52:03,20.55,--,100,205500,买盘
868,13:51:39,20.55,0.01,15,30825,买盘
869,13:51:36,20.54,--,75,154050,买盘
870,13:51:27,20.54,--,30,61620,卖盘
871,13:51:24,20.54,-0.01,1,2054,卖盘
872,13:51:21,20.55,0.02,4,8220,买盘
873,13:51:15,20.53,-0.02,4,8212,卖盘
874,13:51:12,20.55,0.01,6,12330,买盘
875,13:51:09,20.54,--,15,30810,买盘
876,13:51:06,20.54,--,1,2054,买盘
877,13:51:03,20.54,0.01,1,2054,中性盘
878,13:50:24,20.53,-0.01,2,4106,买盘
879,13:50:15,20.54,0.01,10,20540,买盘
880,13:50:12,20.53,-0.03,19,39007,卖盘
881,13:50:09,20.56,0.03,14,28784,买盘
882,13:50:03,20.53,-0.02,50,102650,卖盘
883,13:49:57,20.55,--,59,122272,买盘
884,13:49:51,20.55,--,1,2055,卖盘
885,13:49:42,20.55,-0.01,3,6165,中性盘
886,13:49:36,20.56,0.02,82,168592,买盘
887,13:49:30,20.54,-0.01,111,227994,卖盘
888,13:49:18,20.55,--,20,41100,卖盘
889,13:49:12,20.55,-0.01,8,16440,卖盘
890,13:49:09,20.56,0.01,15,30839,买盘
891,13:49:06,20.55,--,10,21577,买盘
892,13:48:57,20.55,--,4,9247,卖盘
893,13:48:42,20.55,--,5,10275,卖盘
894,13:48:24,20.55,--,1,2055,卖盘
895,13:48:21,20.55,--,4,9247,买盘
896,13:48:18,20.55,--,2,4110,买盘
897,13:48:12,20.55,--,3,6165,买盘
898,13:48:09,20.55,--,24,49320,买盘
899,13:48:03,20.55,-0.01,6,12330,卖盘
900,13:48:00,20.56,0.01,5,10280,买盘
901,13:47:51,20.55,--,11,22605,卖盘
902,13:47:42,20.55,--,18,36990,买盘
903,13:47:36,20.55,0.01,13,26715,买盘
904,13:47:30,20.54,-0.01,41,84214,卖盘
905,13:47:21,20.55,0.01,37,76035,买盘
906,13:47:12,20.54,-0.01,10,20540,卖盘
907,13:47:09,20.55,0.01,20,41100,买盘
908,13:47:06,20.54,-0.01,28,57512,卖盘
909,13:47:00,20.55,0.01,1,2055,买盘
910,13:46:51,20.54,-0.01,6,12324,卖盘
911,13:46:48,20.55,0.01,16,32880,买盘
912,13:46:39,20.54,--,1,2054,卖盘
913,13:46:30,20.54,--,25,51350,卖盘
914,13:46:27,20.54,--,13,26702,卖盘
915,13:46:21,20.54,--,1,2054,卖盘
916,13:46:15,20.54,--,2,4108,卖盘
917,13:46:09,20.54,-0.01,25,51350,卖盘
918,13:46:00,20.55,0.01,6,12330,买盘
919,13:45:57,20.54,--,10,20540,卖盘
920,13:45:54,20.54,--,9,18486,卖盘
921,13:45:39,20.54,--,3,6162,卖盘
922,13:45:36,20.54,-0.01,31,63674,卖盘
923,13:45:33,20.55,0.01,5,10275,买盘
924,13:45:27,20.54,-0.01,5,10270,卖盘
925,13:45:18,20.55,--,2,4110,买盘
926,13:45:15,20.55,-0.03,224,460320,卖盘
927,13:45:09,20.58,0.01,27,55565,买盘
928,13:45:06,20.57,--,100,205700,买盘
929,13:45:03,20.57,0.01,3,6171,买盘
930,13:44:54,20.56,--,1,2056,卖盘
931,13:44:51,20.56,-0.01,5,10280,卖盘
932,13:44:45,20.57,--,12,24684,中性盘
933,13:44:42,20.57,-0.01,21,43197,卖盘
934,13:44:33,20.58,--,2,4116,卖盘
935,13:44:27,20.58,--,7,14405,卖盘
936,13:44:24,20.58,--,10,20580,卖盘
937,13:44:18,20.58,--,1,2058,卖盘
938,13:44:15,20.58,--,36,74088,买盘
939,13:44:09,20.58,0.01,15,30869,买盘
940,13:44:03,20.57,-0.01,2,4114,卖盘
941,13:44:00,20.58,-0.01,46,94667,卖盘
942,13:43:57,20.59,--,12,24708,卖盘
943,13:43:54,20.59,--,20,41180,卖盘
944,13:43:51,20.59,--,2,4118,买盘
945,13:43:48,20.59,--,10,20590,买盘
946,13:43:39,20.59,0.02,98,201782,买盘
947,13:43:36,20.57,-0.01,6,12342,卖盘
948,13:43:30,20.58,-0.01,20,41160,买盘
949,13:43:24,20.59,0.01,10,20590,买盘
950,13:43:21,20.58,-0.01,21,43218,卖盘
951,13:43:18,20.59,0.01,5,10295,买盘
952,13:43:15,20.58,-0.01,10,20580,中性盘
953,13:43:09,20.59,0.01,17,35003,买盘
954,13:43:06,20.58,--,8,16464,买盘
955,13:42:57,20.58,--,2,4116,买盘
956,13:42:54,20.58,--,16,32928,买盘
957,13:42:51,20.58,--,8,16464,买盘
958,13:42:48,20.58,--,4,8232,买盘
959,13:42:42,20.58,--,3,6173,买盘
960,13:42:36,20.58,0.01,23,47333,买盘
961,13:42:24,20.57,-0.01,1,2057,中性盘
962,13:42:18,20.58,0.01,40,82320,买盘
963,13:42:12,20.57,-0.01,55,113135,卖盘
964,13:42:09,20.58,0.01,15,30869,买盘
965,13:42:06,20.57,--,11,22627,卖盘
966,13:42:00,20.57,--,41,84337,卖盘
967,13:41:57,20.57,--,6,12342,卖盘
968,13:41:54,20.57,--,73,150161,买盘
969,13:41:51,20.57,--,1,2057,买盘
970,13:41:42,20.57,-0.01,5,10285,中性盘
971,13:41:24,20.58,--,12,24695,买盘
972,13:41:15,20.58,0.01,34,69972,买盘
973,13:41:12,20.57,-0.01,1,2057,卖盘
974,13:41:09,20.58,--,14,28811,买盘
975,13:41:06,20.58,0.01,16,32928,买盘
976,13:41:03,20.57,--,44,90508,买盘
977,13:40:48,20.57,0.01,20,41140,买盘
978,13:40:45,20.56,-0.01,7,14392,中性盘
979,13:40:30,20.57,--,26,53482,买盘
980,13:40:12,20.57,0.02,19,39083,买盘
981,13:40:09,20.55,--,54,110970,买盘
982,13:40:03,20.55,-0.02,49,100695,卖盘
983,13:39:54,20.57,0.02,24,49368,买盘
984,13:39:51,20.55,--,9,18495,卖盘
985,13:39:48,20.55,-0.02,15,30825,卖盘
986,13:39:45,20.57,0.02,1,2057,买盘
987,13:39:39,20.55,--,1,2055,卖盘
988,13:39:36,20.55,--,29,59595,卖盘
989,13:39:30,20.55,-0.01,34,69870,卖盘
990,13:39:27,20.56,0.01,7,14392,买盘
991,13:39:21,20.55,--,8,16440,卖盘
992,13:39:18,20.55,0.02,49,100695,买盘
993,13:39:15,20.53,-0.02,5,10265,卖盘
994,13:39:12,20.55,0.01,15,30825,买盘
995,13:39:09,20.54,0.01,3,6162,买盘
996,13:39:03,20.53,-0.01,10,20530,卖盘
997,13:39:00,20.54,--,5,10270,买盘
998,13:38:57,20.54,-0.01,12,24648,卖盘
999,13:38:48,20.55,--,2,4110,买盘
1000,13:38:42,20.55,--,19,39045,买盘
1001,13:38:39,20.55,--,43,88365,卖盘
1002,13:38:33,20.55,--,5,10275,卖盘
1003,13:38:30,20.55,-0.01,15,30825,卖盘
1004,13:38:27,20.56,--,5,10280,卖盘
1005,13:38:24,20.56,--,27,55512,卖盘
1006,13:38:21,20.56,0.01,22,45232,买盘
1007,13:38:18,20.55,-0.01,10,20550,卖盘
1008,13:38:12,20.56,--,14,28784,买盘
1009,13:38:06,20.56,-0.01,20,41120,卖盘
1010,13:37:57,20.57,-0.01,32,65824,卖盘
1011,13:37:54,20.58,0.01,10,20580,买盘
1012,13:37:51,20.57,-0.01,22,45254,卖盘
1013,13:37:48,20.58,0.01,10,20580,买盘
1014,13:37:39,20.57,--,48,98736,卖盘
1015,13:37:36,20.57,--,15,30855,卖盘
1016,13:37:30,20.57,--,37,76109,卖盘
1017,13:37:24,20.57,-0.01,51,104907,卖盘
1018,13:37:18,20.58,--,16,32928,卖盘
1019,13:37:15,20.58,--,59,121421,卖盘
1020,13:37:12,20.58,--,36,74088,卖盘
1021,13:37:09,20.58,--,75,154350,卖盘
1022,13:37:06,20.58,-0.01,3,6173,卖盘
1023,13:36:57,20.59,-0.01,2,4118,卖盘
1024,13:36:54,20.6,--,25,51500,买盘
1025,13:36:51,20.6,--,13,26780,卖盘
1026,13:36:48,20.6,--,1,2060,卖盘
1027,13:36:45,20.6,--,27,55620,卖盘
1028,13:36:42,20.6,-0.01,150,309000,卖盘
1029,13:36:36,20.61,0.01,32,65952,买盘
1030,13:36:30,20.6,-0.01,72,148320,卖盘
1031,13:36:27,20.61,0.01,6,12366,中性盘
1032,13:36:18,20.6,-0.01,9,18540,卖盘
1033,13:36:12,20.61,-0.01,30,61830,卖盘
1034,13:36:09,20.62,--,15,30930,买盘
1035,13:36:06,20.62,0.01,7,14434,买盘
1036,13:36:03,20.61,--,10,20610,买盘
1037,13:36:00,20.61,-0.01,20,41220,中性盘
1038,13:35:57,20.62,0.02,205,422710,买盘
1039,13:35:54,20.6,-0.01,16,32960,卖盘
1040,13:35:51,20.61,0.01,4,8244,买盘
1041,13:35:45,20.6,--,99,203940,买盘
1042,13:35:42,20.6,0.02,18,37080,买盘
1043,13:35:39,20.58,-0.02,10,20580,卖盘
1044,13:35:30,20.6,0.02,502,1034120,买盘
1045,13:35:27,20.58,-0.01,15,30869,卖盘
1046,13:35:24,20.59,0.01,19,39121,买盘
1047,13:35:21,20.58,--,2,4116,卖盘
1048,13:35:18,20.58,--,220,452759,买盘
1049,13:35:15,20.58,--,1,2058,买盘
1050,13:35:09,20.58,--,76,156408,买盘
1051,13:35:06,20.58,0.01,28,57623,买盘
1052,13:35:03,20.57,-0.01,2,4114,卖盘
1053,13:35:00,20.58,--,1,2058,买盘
1054,13:34:48,20.58,0.01,39,80262,买盘
1055,13:34:42,20.57,-0.01,36,74052,卖盘
1056,13:34:39,20.58,--,20,41160,买盘
1057,13:34:30,20.58,0.01,14,28811,买盘
1058,13:34:24,20.57,--,178,366146,买盘
1059,13:34:21,20.57,--,10,20570,卖盘
1060,13:34:15,20.57,--,15,30855,卖盘
1061,13:34:12,20.57,-0.01,15,30855,买盘
1062,13:34:09,20.58,0.01,15,30869,买盘
1063,13:34:03,20.57,--,21,43197,卖盘
1064,13:34:00,20.57,--,14,28798,卖盘
1065,13:33:57,20.57,--,2,4114,卖盘
1066,13:33:54,20.57,--,12,24684,买盘
1067,13:33:51,20.57,0.01,80,164560,买盘
1068,13:33:48,20.56,--,1,2056,卖盘
1069,13:33:42,20.56,-0.01,11,22616,卖盘
1070,13:33:36,20.57,--,26,53482,买盘
1071,13:33:33,20.57,--,7,14399,买盘
1072,13:33:30,20.57,0.01,5,10285,买盘
1073,13:33:24,20.56,-0.01,10,20560,中性盘
1074,13:33:21,20.57,--,4,8228,卖盘
1075,13:33:18,20.57,--,81,166617,买盘
1076,13:33:09,20.57,0.01,96,197472,买盘
1077,13:33:06,20.56,--,1,2056,卖盘
1078,13:33:00,20.56,-0.01,49,100744,买盘
1079,13:32:54,20.57,0.01,2,4114,买盘
1080,13:32:51,20.56,-0.01,30,61679,卖盘
1081,13:32:48,20.57,--,20,41140,买盘
1082,13:32:45,20.57,--,2,4114,买盘
1083,13:32:42,20.57,--,5,10285,买盘
1084,13:32:39,20.57,--,40,82280,买盘
1085,13:32:33,20.57,--,20,41140,买盘
1086,13:32:24,20.57,--,9,18513,买盘
1087,13:32:21,20.57,--,1,2057,买盘
1088,13:32:18,20.57,--,15,30855,买盘
1089,13:32:15,20.57,--,44,90508,买盘
1090,13:32:09,20.57,--,54,111078,买盘
1091,13:32:03,20.57,0.01,10,20570,买盘
1092,13:32:00,20.56,0.01,175,359800,买盘
1093,13:31:57,20.55,--,145,297975,买盘
1094,13:31:54,20.55,--,14,28770,买盘
1095,13:31:48,20.55,0.01,8,16440,买盘
1096,13:31:42,20.54,--,22,45188,买盘
1097,13:31:39,20.54,0.01,55,112970,买盘
1098,13:31:33,20.53,-0.01,54,110862,卖盘
1099,13:31:30,20.54,--,19,39026,买盘
1100,13:31:27,20.54,--,41,84214,买盘
1101,13:31:21,20.54,0.01,1,2054,买盘
1102,13:31:18,20.53,--,88,180664,买盘
1103,13:31:12,20.53,--,14,28742,买盘
1104,13:31:09,20.53,0.01,55,112915,买盘
1105,13:31:06,20.52,--,28,57456,买盘
1106,13:31:00,20.52,0.01,4,8208,买盘
1107,13:30:57,20.51,-0.01,69,141519,卖盘
1108,13:30:54,20.52,--,19,38988,买盘
1109,13:30:51,20.52,0.01,36,73872,买盘
1110,13:30:45,20.51,--,20,41020,卖盘
1111,13:30:39,20.51,-0.01,3,6153,卖盘
1112,13:30:36,20.52,0.01,119,244188,买盘
1113,13:30:33,20.51,-0.01,21,43071,卖盘
1114,13:30:27,20.52,0.01,10,20520,买盘
1115,13:30:24,20.51,--,5,10255,卖盘
1116,13:30:18,20.51,0.01,56,114856,买盘
1117,13:30:15,20.5,-0.01,32,65600,卖盘
1118,13:30:12,20.51,--,14,28714,买盘
1119,13:30:09,20.51,--,34,69734,买盘
1120,13:30:00,20.51,--,22,45122,买盘
1121,13:29:57,20.51,--,1,2051,买盘
1122,13:29:54,20.51,--,2,4102,买盘
1123,13:29:45,20.51,--,6,12306,买盘
1124,13:29:42,20.51,--,25,51275,中性盘
1125,13:29:24,20.51,0.01,31,63581,中性盘
1126,13:29:21,20.5,-0.02,101,207050,卖盘
1127,13:29:18,20.52,0.01,8,16416,买盘
1128,13:29:15,20.51,-0.01,5,10255,卖盘
1129,13:29:12,20.52,--,18,36936,买盘
1130,13:29:09,20.52,--,33,67716,买盘
1131,13:29:06,20.52,0.01,8,16416,买盘
1132,13:29:00,20.51,--,25,51275,买盘
1133,13:28:54,20.51,--,5,10255,买盘
1134,13:28:48,20.51,--,8,16408,买盘
1135,13:28:42,20.51,-0.01,14,28714,卖盘
1136,13:28:30,20.52,0.01,14,28728,买盘
1137,13:28:24,20.51,--,10,20510,卖盘
1138,13:28:15,20.51,-0.01,10,20510,卖盘
1139,13:28:12,20.52,--,19,38988,买盘
1140,13:28:09,20.52,0.01,14,28728,买盘
1141,13:28:00,20.51,-0.01,4,8204,卖盘
1142,13:27:54,20.52,0.01,9,18468,买盘
1143,13:27:51,20.51,-0.01,31,63581,卖盘
1144,13:27:48,20.52,0.01,1,2052,买盘
1145,13:27:45,20.51,--,20,41020,卖盘
1146,13:27:42,20.51,--,25,51275,买盘
1147,13:27:36,20.51,--,13,26663,买盘
1148,13:27:24,20.51,--,3,6153,买盘
1149,13:27:18,20.51,--,29,59479,卖盘
1150,13:27:12,20.51,-0.01,19,38969,卖盘
1151,13:27:06,20.52,--,8,16416,买盘
1152,13:27:03,20.52,--,60,123120,买盘
1153,13:27:00,20.52,--,36,73872,买盘
1154,13:26:54,20.52,--,12,24624,买盘
1155,13:26:51,20.52,-0.01,28,57456,卖盘
1156,13:26:48,20.53,--,59,121127,卖盘
1157,13:26:45,20.53,0.01,41,84173,买盘
1158,13:26:42,20.52,--,1,2052,买盘
1159,13:26:39,20.52,-0.01,9,18468,中性盘
1160,13:26:30,20.53,--,11,22583,卖盘
1161,13:26:27,20.53,--,69,141657,买盘
1162,13:26:24,20.53,0.02,18,36954,买盘
1163,13:26:21,20.51,-0.02,10,20510,卖盘
1164,13:26:12,20.53,0.03,15,30795,买盘
1165,13:26:09,20.5,-0.01,1,2050,卖盘
1166,13:26:06,20.51,-0.02,9,18459,买盘
1167,13:26:03,20.53,--,1,2053,买盘
1168,13:26:00,20.53,0.01,75,153975,买盘
1169,13:25:57,20.52,-0.01,18,36936,卖盘
1170,13:25:48,20.53,0.01,14,28742,买盘
1171,13:25:45,20.52,--,13,26676,卖盘
1172,13:25:42,20.52,--,24,49248,买盘
1173,13:25:39,20.52,--,1,2052,买盘
1174,13:25:36,20.52,--,6,12312,买盘
1175,13:25:30,20.52,0.02,18,36936,买盘
1176,13:25:27,20.5,-0.02,58,118900,卖盘
1177,13:25:24,20.52,--,20,41040,买盘
1178,13:25:12,20.52,0.02,38,77976,买盘
1179,13:25:09,20.5,-0.02,17,34850,卖盘
1180,13:25:06,20.52,--,30,61560,买盘
1181,13:25:00,20.52,--,35,71820,买盘
1182,13:24:57,20.52,0.01,20,41040,买盘
1183,13:24:54,20.51,--,128,262528,卖盘
1184,13:24:48,20.51,0.01,10,20510,买盘
1185,13:24:36,20.5,0.01,2,4100,买盘
1186,13:24:33,20.49,-0.01,2,4098,卖盘
1187,13:24:30,20.5,--,111,227550,买盘
1188,13:24:27,20.5,--,94,192700,买盘
1189,13:24:18,20.5,--,8,16400,买盘
1190,13:24:09,20.5,--,15,30750,买盘
1191,13:24:06,20.5,0.01,1,2050,买盘
1192,13:24:03,20.49,--,20,40980,卖盘
1193,13:24:00,20.49,-0.01,17,34833,卖盘
1194,13:23:51,20.5,0.01,4,8200,买盘
1195,13:23:45,20.49,-0.01,9,18441,卖盘
1196,13:23:42,20.5,--,19,38950,买盘
1197,13:23:27,20.5,0.01,50,102500,买盘
1198,13:23:24,20.49,-0.01,24,49175,卖盘
1199,13:23:21,20.5,--,5,10250,买盘
1200,13:23:15,20.5,--,8,16400,买盘
1201,13:23:12,20.5,--,4,8200,买盘
1202,13:23:09,20.5,--,28,57400,买盘
1203,13:23:06,20.5,--,28,57400,买盘
1204,13:23:03,20.5,--,10,20500,买盘
1205,13:22:51,20.5,--,30,61500,买盘
1206,13:22:48,20.5,0.01,32,65600,买盘
1207,13:22:30,20.49,--,10,20490,卖盘
1208,13:22:27,20.49,--,10,20490,卖盘
1209,13:22:18,20.49,--,190,389309,买盘
1210,13:22:12,20.49,--,27,55322,买盘
1211,13:22:09,20.49,0.01,14,28685,买盘
1212,13:21:57,20.48,--,5,10240,卖盘
1213,13:21:51,20.48,--,32,65536,买盘
1214,13:21:48,20.48,--,51,104448,买盘
1215,13:21:45,20.48,0.01,12,24576,买盘
1216,13:21:36,20.47,-0.01,18,36846,卖盘
1217,13:21:33,20.48,--,2,4096,买盘
1218,13:21:21,20.48,--,44,90112,买盘
1219,13:21:15,20.48,--,12,24576,买盘
1220,13:21:12,20.48,--,15,30720,买盘
1221,13:21:09,20.48,0.01,156,319488,买盘
1222,13:21:06,20.47,--,5,10235,卖盘
1223,13:21:00,20.47,0.01,9,18423,买盘
1224,13:20:51,20.46,-0.02,1,2046,卖盘
1225,13:20:42,20.48,0.02,8,16384,买盘
1226,13:20:33,20.46,0.01,13,26598,买盘
1227,13:20:27,20.45,-0.01,3,6135,中性盘
1228,13:20:21,20.46,--,13,26598,买盘
1229,13:20:09,20.46,0.03,14,28644,买盘
1230,13:20:06,20.43,-0.03,50,102150,卖盘
1231,13:20:03,20.46,0.01,3,6138,中性盘
1232,13:19:54,20.45,-0.03,10,20450,卖盘
1233,13:19:45,20.48,0.02,8,16384,买盘
1234,13:19:39,20.46,0.01,95,196027,买盘
1235,13:19:36,20.45,-0.01,180,368488,卖盘
1236,13:19:33,20.46,0.01,16,32736,买盘
1237,13:19:30,20.45,--,2,4090,卖盘
1238,13:19:27,20.45,-0.01,39,79755,卖盘
1239,13:19:12,20.46,--,4,8184,买盘
1240,13:19:09,20.46,--,18,36828,买盘
1241,13:19:06,20.46,--,1,2046,买盘
1242,13:19:03,20.46,--,7,14322,买盘
1243,13:19:00,20.46,--,10,20460,买盘
1244,13:18:57,20.46,-0.02,36,73656,卖盘
1245,13:18:54,20.48,--,1,2048,买盘
1246,13:18:51,20.48,--,7,14336,买盘
1247,13:18:36,20.48,--,4,8192,卖盘
1248,13:18:33,20.48,0.02,28,57344,买盘
1249,13:18:30,20.46,--,5,10230,卖盘
1250,13:18:21,20.46,-0.02,22,45012,卖盘
1251,13:18:15,20.48,--,17,34816,买盘
1252,13:18:09,20.48,0.02,14,28672,买盘
1253,13:18:00,20.46,-0.02,8,16368,卖盘
1254,13:17:57,20.48,0.02,6,12288,买盘
1255,13:17:39,20.46,--,91,187618,买盘
1256,13:17:36,20.46,-0.02,374,765817,卖盘
1257,13:17:30,20.48,-0.01,1,2048,卖盘
1258,13:17:24,20.49,--,8,16392,买盘
1259,13:17:21,20.49,--,17,34833,买盘
1260,13:17:09,20.49,0.01,14,28685,买盘
1261,13:17:06,20.48,0.01,25,51200,买盘
1262,13:17:03,20.47,--,29,59363,卖盘
1263,13:16:51,20.47,--,6,12282,卖盘
1264,13:16:45,20.47,--,20,42372,买盘
1265,13:16:27,20.47,--,2,4094,买盘
1266,13:16:21,20.47,--,3,6141,买盘
1267,13:16:15,20.47,--,23,47081,买盘
1268,13:16:09,20.47,--,24,49128,买盘
1269,13:16:06,20.47,0.01,3,6141,买盘
1270,13:15:57,20.46,--,10,20460,卖盘
1271,13:15:54,20.46,-0.01,1,2046,卖盘
1272,13:15:51,20.47,0.01,26,53222,买盘
1273,13:15:48,20.46,-0.01,6,12276,卖盘
1274,13:15:42,20.47,--,27,55269,买盘
1275,13:15:39,20.47,--,8,16376,买盘
1276,13:15:36,20.47,--,1,2047,买盘
1277,13:15:33,20.47,--,2,4094,买盘
1278,13:15:30,20.47,0.01,6,12282,买盘
1279,13:15:27,20.46,-0.01,10,20460,卖盘
1280,13:15:21,20.47,--,12,24564,买盘
1281,13:15:18,20.47,--,1,2047,买盘
1282,13:15:15,20.47,--,7,14329,买盘
1283,13:15:09,20.47,--,14,28658,买盘
1284,13:15:06,20.47,--,2,4094,买盘
1285,13:15:00,20.47,--,1,2047,买盘
1286,13:14:57,20.47,--,27,55269,买盘
1287,13:14:39,20.47,--,2,4094,买盘
1288,13:14:36,20.47,-0.01,7,14329,卖盘
1289,13:14:33,20.48,-0.01,4,8192,卖盘
1290,13:14:27,20.49,0.01,6,12293,买盘
1291,13:14:21,20.48,-0.01,306,626688,卖盘
1292,13:14:18,20.49,--,5,10245,买盘
1293,13:14:15,20.49,--,4,8196,买盘
1294,13:14:12,20.49,--,15,30734,买盘
1295,13:14:09,20.49,--,15,30734,买盘
1296,13:14:03,20.49,0.01,27,55322,买盘
1297,13:14:00,20.48,-0.01,2,4096,卖盘
1298,13:13:57,20.49,--,4,8196,买盘
1299,13:13:54,20.49,--,5,10245,买盘
1300,13:13:51,20.49,--,11,22539,买盘
1301,13:13:48,20.49,--,10,20490,买盘
1302,13:13:45,20.49,--,19,38931,买盘
1303,13:13:39,20.49,0.01,8,16392,买盘
1304,13:13:36,20.48,-0.01,69,141312,卖盘
1305,13:13:33,20.49,0.01,9,18441,买盘
1306,13:13:30,20.48,-0.01,1,2048,卖盘
1307,13:13:27,20.49,0.01,6,12293,买盘
1308,13:13:18,20.48,-0.01,1,2048,卖盘
1309,13:13:09,20.49,0.01,30,61469,买盘
1310,13:13:00,20.48,--,10,20480,买盘
1311,13:12:51,20.48,--,2,4096,买盘
1312,13:12:33,20.48,0.01,78,159744,买盘
1313,13:12:27,20.47,--,50,102350,卖盘
1314,13:12:15,20.47,--,7,14329,买盘
1315,13:12:09,20.47,0.01,16,32752,买盘
1316,13:12:06,20.46,--,2,4092,卖盘
1317,13:12:03,20.46,-0.01,19,38874,卖盘
1318,13:11:54,20.47,--,1,2047,买盘
1319,13:11:51,20.47,0.01,2,4094,买盘
1320,13:11:39,20.46,--,1,2046,中性盘
1321,13:11:30,20.46,--,24,49104,卖盘
1322,13:11:18,20.46,0.01,35,71610,买盘
1323,13:11:15,20.45,-0.01,11,22495,卖盘
1324,13:11:09,20.46,0.01,15,30690,买盘
1325,13:10:57,20.45,--,8,18016,买盘
1326,13:10:42,20.45,-0.01,1,2433,卖盘
1327,13:10:30,20.46,0.01,10,20460,买盘
1328,13:10:27,20.45,-0.01,9,18405,卖盘
1329,13:10:21,20.46,--,28,57288,买盘
1330,13:10:09,20.46,0.01,14,28644,买盘
1331,13:10:06,20.45,-0.01,0,1656,卖盘
1332,13:10:00,20.46,--,15,30690,买盘
1333,13:09:54,20.46,--,44,90024,买盘
1334,13:09:51,20.46,0.01,3,6138,买盘
1335,13:09:48,20.45,-0.01,48,98160,卖盘
1336,13:09:39,20.46,0.01,30,61380,买盘
1337,13:09:36,20.45,--,41,83845,买盘
1338,13:09:33,20.45,--,62,126790,买盘
1339,13:09:21,20.45,0.01,5,10225,买盘
1340,13:09:18,20.44,--,8,16352,买盘
1341,13:09:15,20.44,-0.01,2,4088,中性盘
1342,13:09:09,20.45,0.01,19,38855,买盘
1343,13:09:06,20.44,0.02,8,16352,买盘
1344,13:09:03,20.42,-0.02,20,40840,卖盘
1345,13:08:57,20.44,0.01,92,188048,买盘
1346,13:08:54,20.43,-0.01,49,100107,卖盘
1347,13:08:51,20.44,0.01,1,2044,买盘
1348,13:08:48,20.43,-0.01,20,40860,卖盘
1349,13:08:45,20.44,--,16,32704,买盘
1350,13:08:36,20.44,--,11,22484,买盘
1351,13:08:33,20.44,--,1,2044,买盘
1352,13:08:30,20.44,0.01,4,8176,买盘
1353,13:08:24,20.43,0.01,9,18387,买盘
1354,13:08:15,20.42,--,10,20420,卖盘
1355,13:08:12,20.42,-0.01,5,10210,卖盘
1356,13:08:09,20.43,--,14,28602,买盘
1357,13:08:06,20.43,0.01,1,2043,买盘
1358,13:08:00,20.42,-0.01,4,8168,卖盘
1359,13:07:54,20.43,--,5,10215,买盘
1360,13:07:51,20.43,0.01,18,36774,买盘
1361,13:07:48,20.42,--,5,10210,卖盘
1362,13:07:45,20.42,-0.01,1,2042,卖盘
1363,13:07:33,20.43,--,4,8172,买盘
1364,13:07:30,20.43,--,2,4086,买盘
1365,13:07:15,20.43,-0.01,142,290106,卖盘
1366,13:07:09,20.44,--,17,34748,买盘
1367,13:07:06,20.44,--,1,2044,买盘
1368,13:06:54,20.44,--,10,20440,买盘
1369,13:06:51,20.44,0.01,19,38836,买盘
1370,13:06:45,20.43,--,40,81720,卖盘
1371,13:06:39,20.43,-0.01,50,102150,卖盘
1372,13:06:24,20.44,--,10,20440,买盘
1373,13:06:09,20.44,--,15,30660,买盘
1374,13:06:06,20.44,0.01,10,20440,买盘
1375,13:06:03,20.43,--,12,24516,卖盘
1376,13:05:57,20.43,-0.01,1,2043,卖盘
1377,13:05:51,20.44,0.01,1,2044,买盘
1378,13:05:48,20.43,-0.01,4,8172,卖盘
1379,13:05:33,20.44,-0.01,20,40880,卖盘
1380,13:05:09,20.45,0.01,23,47035,买盘
1381,13:05:00,20.44,-0.01,15,30660,卖盘
1382,13:04:51,20.45,0.01,25,51125,买盘
1383,13:04:48,20.44,0.01,10,20440,卖盘
1384,13:04:33,20.43,-0.01,57,116451,买盘
1385,13:04:30,20.44,-0.01,3,6132,卖盘
1386,13:04:27,20.45,0.01,1,2045,买盘
1387,13:04:21,20.44,0.01,19,38836,卖盘
1388,13:04:18,20.43,--,16,32688,买盘
1389,13:04:15,20.43,-0.01,14,28602,卖盘
1390,13:04:09,20.44,--,15,30660,买盘
1391,13:04:06,20.44,0.01,3,6132,买盘
1392,13:04:03,20.43,-0.01,6,12258,卖盘
1393,13:03:57,20.44,--,2,4088,买盘
1394,13:03:54,20.44,--,1,2044,买盘
1395,13:03:51,20.44,--,17,34748,买盘
1396,13:03:15,20.44,-0.01,1,2044,卖盘
1397,13:03:09,20.45,0.01,14,28630,买盘
1398,13:03:06,20.44,0.01,9,18396,买盘
1399,13:03:00,20.43,--,2,4086,卖盘
1400,13:02:51,20.43,-0.01,10,20430,卖盘
1401,13:02:39,20.44,--,6,12264,卖盘
1402,13:02:36,20.44,--,40,81760,卖盘
1403,13:02:33,20.44,--,20,40880,卖盘
1404,13:02:27,20.44,--,5,10220,买盘
1405,13:02:24,20.44,--,10,20440,买盘
1406,13:02:12,20.44,--,2,4088,买盘
1407,13:02:09,20.44,--,14,28616,买盘
1408,13:01:39,20.44,0.01,1,2044,买盘
1409,13:01:36,20.43,--,6,12258,买盘
1410,13:01:09,20.43,--,15,30645,买盘
1411,13:01:03,20.43,0.01,2,4086,买盘
1412,13:00:57,20.42,-0.01,2,4084,卖盘
1413,13:00:54,20.43,--,2,4086,买盘
1414,13:00:30,20.43,--,23,46989,买盘
1415,13:00:24,20.43,--,4,8172,买盘
1416,13:00:09,20.43,--,10,20430,买盘
1417,13:00:06,20.43,--,6,12258,买盘
1418,13:00:03,20.43,-0.02,102,208386,卖盘
1419,13:00:00,20.45,--,0,0,买盘
1420,11:30:00,20.45,--,0,0,买盘
1421,11:29:42,20.45,0.04,1,2045,买盘
1422,11:29:39,20.41,-0.04,540,1103854,卖盘
1423,11:29:24,20.45,0.02,31,63395,买盘
1424,11:29:21,20.43,-0.02,19,38817,卖盘
1425,11:29:12,20.45,0.02,19,38855,买盘
1426,11:29:03,20.43,-0.02,1,2043,卖盘
1427,11:28:57,20.45,0.01,46,94070,买盘
1428,11:28:54,20.44,0.01,10,20440,买盘
1429,11:28:51,20.43,0.01,17,34731,中性盘
1430,11:28:27,20.42,-0.03,5,10210,卖盘
1431,11:28:21,20.45,0.01,15,30675,买盘
1432,11:28:06,20.44,0.02,41,83804,买盘
1433,11:28:00,20.42,-0.01,20,40840,卖盘
1434,11:27:33,20.43,-0.01,2,4086,卖盘
1435,11:27:27,20.44,0.01,2,4088,买盘
1436,11:27:24,20.43,-0.01,9,18387,卖盘
1437,11:27:21,20.44,--,14,28616,买盘
1438,11:27:12,20.44,-0.01,76,155344,卖盘
1439,11:27:00,20.45,0.01,2,4090,中性盘
1440,11:26:45,20.44,-0.02,1,2044,卖盘
1441,11:26:42,20.46,0.02,171,349866,买盘
1442,11:26:30,20.44,--,16,32704,买盘
1443,11:26:21,20.44,--,16,32704,买盘
1444,11:26:18,20.44,0.01,1,2044,买盘
1445,11:26:15,20.43,--,25,52770,买盘
1446,11:26:06,20.43,--,1,2043,买盘
1447,11:25:54,20.43,--,73,149486,卖盘
1448,11:25:48,20.43,--,5,10215,卖盘
1449,11:25:45,20.43,-0.02,1,2043,卖盘
1450,11:25:33,20.45,0.01,42,85890,买盘
1451,11:25:24,20.44,-0.01,1,2044,卖盘
1452,11:25:21,20.45,--,15,30675,买盘
1453,11:25:03,20.45,0.02,30,61350,买盘
1454,11:24:57,20.43,-0.03,129,263547,卖盘
1455,11:24:45,20.46,0.01,25,51150,买盘
1456,11:24:42,20.45,--,20,40900,买盘
1457,11:24:39,20.45,-0.01,25,51125,卖盘
1458,11:24:30,20.46,-0.01,3,6138,卖盘
1459,11:24:21,20.47,0.02,14,28658,买盘
1460,11:24:12,20.45,-0.01,62,126790,卖盘
1461,11:24:06,20.46,--,3,6138,卖盘
1462,11:24:03,20.46,0.01,7,14322,买盘
1463,11:23:57,20.45,--,12,24540,卖盘
1464,11:23:51,20.45,--,12,24540,买盘
1465,11:23:39,20.45,0.02,3,6135,买盘
1466,11:23:36,20.43,-0.02,28,57204,卖盘
1467,11:23:24,20.45,-0.01,1,2045,卖盘
1468,11:23:21,20.46,0.01,15,30690,买盘
1469,11:23:18,20.45,-0.01,9,18405,卖盘
1470,11:23:09,20.46,0.03,1,2046,卖盘
1471,11:23:03,20.43,-0.03,300,612900,卖盘
1472,11:22:57,20.46,--,3,6138,卖盘
1473,11:22:54,20.46,-0.01,0,1043,卖盘
1474,11:22:45,20.47,--,3,6141,买盘
1475,11:22:42,20.47,--,10,20470,买盘
1476,11:22:33,20.47,0.01,5,10235,买盘
1477,11:22:30,20.46,-0.01,1,2046,卖盘
1478,11:22:21,20.47,0.01,15,30705,买盘
1479,11:22:15,20.46,0.01,14,28787,买盘
1480,11:22:09,20.45,--,18,36810,买盘
1481,11:22:00,20.45,--,24,49080,买盘
1482,11:21:42,20.45,--,10,20450,买盘
1483,11:21:39,20.45,--,4,8180,买盘
1484,11:21:36,20.45,-0.02,47,98016,卖盘
1485,11:21:33,20.47,--,6,12282,买盘
1486,11:21:21,20.47,0.02,14,28658,买盘
1487,11:21:03,20.45,0.02,58,118753,买盘
1488,11:21:00,20.43,-0.01,110,224730,卖盘
1489,11:20:57,20.44,--,10,20440,买盘
1490,11:20:54,20.44,--,8,18252,卖盘
1491,11:20:51,20.44,--,1,2187,买盘
1492,11:20:36,20.44,--,2,4088,买盘
1493,11:20:33,20.44,-0.01,24,50956,卖盘
1494,11:20:24,20.45,--,40,81800,买盘
1495,11:20:21,20.45,0.01,15,30675,买盘
1496,11:20:12,20.44,0.01,81,165707,买盘
1497,11:20:09,20.43,--,2,4086,卖盘
1498,11:20:06,20.43,--,9,18897,买盘
1499,11:19:54,20.43,--,90,185402,卖盘
1500,11:19:51,20.43,-0.01,12,24516,卖盘
1501,11:19:45,20.44,--,9,18396,买盘
1502,11:19:21,20.44,0.01,14,28616,买盘
1503,11:19:18,20.43,--,8,16344,卖盘
1504,11:19:12,20.43,0.02,31,63843,买盘
1505,11:19:09,20.41,--,1,2041,卖盘
1506,11:18:54,20.41,0.01,2,4082,卖盘
1507,11:18:48,20.4,--,150,306000,卖盘
1508,11:18:45,20.4,--,10,20400,卖盘
1509,11:18:39,20.4,-0.03,190,387600,卖盘
1510,11:18:33,20.43,--,13,26559,买盘
1511,11:18:21,20.43,--,15,30645,买盘
1512,11:18:12,20.43,0.02,10,20430,买盘
1513,11:18:03,20.41,--,50,102050,卖盘
1514,11:17:48,20.41,-0.02,130,265330,卖盘
1515,11:17:45,20.43,--,3,6129,买盘
1516,11:17:39,20.43,--,3,7661,卖盘
1517,11:17:30,20.43,-0.01,9,18387,卖盘
1518,11:17:21,20.44,0.01,15,30660,买盘
1519,11:17:18,20.43,0.01,27,55671,买盘
1520,11:17:12,20.42,--,2,5717,买盘
1521,11:17:09,20.42,--,2,4492,卖盘
1522,11:17:06,20.42,--,10,20420,卖盘
1523,11:17:03,20.42,0.01,7,15927,买盘
1524,11:16:48,20.41,-0.01,10,20410,卖盘
1525,11:16:45,20.42,--,3,6126,买盘
1526,11:16:42,20.42,--,9,18378,买盘
1527,11:16:36,20.42,--,7,14294,卖盘
1528,11:16:33,20.42,--,13,26546,买盘
1529,11:16:27,20.42,--,9,18378,卖盘
1530,11:16:24,20.42,-0.01,2,4084,卖盘
1531,11:16:21,20.43,--,14,28602,买盘
1532,11:16:18,20.43,0.01,2,4086,买盘
1533,11:16:15,20.42,0.01,5,10210,中性盘
1534,11:15:33,20.41,-0.03,74,151034,卖盘
1535,11:15:24,20.44,--,5,10220,买盘
1536,11:15:21,20.44,--,15,30660,买盘
1537,11:15:15,20.44,--,11,24384,卖盘
1538,11:15:09,20.44,-0.01,6,12264,卖盘
1539,11:15:03,20.45,0.01,1,2045,买盘
1540,11:14:39,20.44,-0.01,2,4088,卖盘
1541,11:14:21,20.45,0.01,14,28630,买盘
1542,11:14:12,20.44,--,10,20440,卖盘
1543,11:14:03,20.44,-0.01,2,4088,卖盘
1544,11:13:51,20.45,-0.02,15,30675,卖盘
1545,11:13:48,20.47,--,1,2047,买盘
1546,11:13:45,20.47,-0.01,64,131008,卖盘
1547,11:13:42,20.48,--,17,34816,买盘
1548,11:13:36,20.48,0.01,1,2048,买盘
1549,11:13:30,20.47,0.01,33,67551,买盘
1550,11:13:21,20.46,-0.01,77,157542,卖盘
1551,11:13:18,20.47,--,53,108491,卖盘
1552,11:13:15,20.47,-0.01,132,270204,卖盘
1553,11:13:12,20.48,-0.01,2,4096,卖盘
1554,11:13:03,20.49,0.01,10,20490,买盘
1555,11:12:57,20.48,--,6,12288,卖盘
1556,11:12:54,20.48,--,2,4096,买盘
1557,11:12:51,20.48,--,1,2048,买盘
1558,11:12:48,20.48,--,3,6144,买盘
1559,11:12:42,20.48,0.03,1,2048,中性盘
1560,11:12:33,20.45,-0.03,10,20450,卖盘
1561,11:12:30,20.48,0.03,4,8192,买盘
1562,11:12:21,20.45,--,16,32720,卖盘
1563,11:12:18,20.45,0.01,65,132925,买盘
1564,11:12:03,20.44,--,14,28759,买盘
1565,11:11:45,20.44,--,3,8032,卖盘
1566,11:11:39,20.44,--,1,2044,卖盘
1567,11:11:27,20.44,--,22,45111,买盘
1568,11:11:21,20.44,0.01,14,28616,买盘
1569,11:11:18,20.43,--,40,81720,买盘
1570,11:11:12,20.43,0.01,7,14301,买盘
1571,11:11:03,20.42,--,33,67386,买盘
1572,11:10:57,20.42,--,3,6126,买盘
1573,11:10:42,20.42,0.01,3,6126,买盘
1574,11:10:39,20.41,-0.01,19,38779,卖盘
1575,11:10:24,20.42,-0.01,3,6126,卖盘
1576,11:10:21,20.43,0.02,15,30645,买盘
1577,11:10:12,20.41,-0.01,156,318396,卖盘
1578,11:10:06,20.42,0.01,17,34714,买盘
1579,11:10:03,20.41,-0.02,1,2041,卖盘
1580,11:09:36,20.43,0.02,1,2043,买盘
1581,11:09:33,20.41,-0.02,7,14287,卖盘
1582,11:09:21,20.43,0.01,14,28602,买盘
1583,11:09:18,20.42,0.01,20,40840,买盘
1584,11:09:15,20.41,--,10,20410,卖盘
1585,11:09:09,20.41,--,50,102050,卖盘
1586,11:09:06,20.41,-0.01,103,210223,卖盘
1587,11:09:00,20.42,--,7,14294,买盘
1588,11:08:51,20.42,--,8,16336,买盘
1589,11:08:39,20.42,-0.01,6,12252,卖盘
1590,11:08:36,20.43,--,181,369783,买盘
1591,11:08:33,20.43,--,7,14301,买盘
1592,11:08:27,20.43,--,5,10215,买盘
1593,11:08:21,20.43,0.01,14,28602,买盘
1594,11:08:12,20.42,--,2,4084,卖盘
1595,11:08:09,20.42,--,82,167444,卖盘
1596,11:08:06,20.42,--,2,4084,卖盘
1597,11:08:03,20.42,--,8,16336,卖盘
1598,11:08:00,20.42,-0.01,6,12252,卖盘
1599,11:07:51,20.43,--,95,194085,卖盘
1600,11:07:45,20.43,-0.01,20,40860,卖盘
1601,11:07:30,20.44,0.01,12,24528,买盘
1602,11:07:24,20.43,-0.01,2,4086,卖盘
1603,11:07:21,20.44,--,15,30660,买盘
1604,11:07:18,20.44,--,2,4088,买盘
1605,11:07:15,20.44,-0.01,8,16352,卖盘
1606,11:07:12,20.45,0.01,13,26585,买盘
1607,11:07:09,20.44,--,6,12264,卖盘
1608,11:07:06,20.44,--,1,2044,卖盘
1609,11:07:03,20.44,-0.01,5,10220,卖盘
1610,11:07:00,20.45,--,45,92025,买盘
1611,11:06:54,20.45,--,48,98160,买盘
1612,11:06:51,20.45,--,4,8180,买盘
1613,11:06:48,20.45,-0.02,366,748470,卖盘
1614,11:06:36,20.47,-0.01,9,18423,中性盘
1615,11:06:21,20.48,0.01,32,65536,买盘
1616,11:06:12,20.47,--,1,2047,买盘
1617,11:06:09,20.47,-0.01,50,102350,中性盘
1618,11:05:36,20.48,0.02,10,20480,买盘
1619,11:05:30,20.46,-0.02,146,298716,卖盘
1620,11:05:21,20.48,--,35,71680,买盘
1621,11:05:06,20.48,--,20,40960,买盘
1622,11:04:51,20.48,--,12,24576,卖盘
1623,11:04:45,20.48,-0.02,4,8192,卖盘
1624,11:04:39,20.5,--,13,26650,买盘
1625,11:04:21,20.5,0.01,181,371050,买盘
1626,11:04:18,20.49,0.01,20,40980,买盘
1627,11:03:51,20.48,--,3,6144,卖盘
1628,11:03:45,20.48,--,50,102400,卖盘
1629,11:03:42,20.48,-0.01,98,200704,卖盘
1630,11:03:39,20.49,--,18,36882,买盘
1631,11:03:36,20.49,--,2,4098,买盘
1632,11:03:33,20.49,--,20,40980,买盘
1633,11:03:30,20.49,-0.01,1,2049,买盘
1634,11:03:27,20.5,0.01,19,38950,买盘
1635,11:03:24,20.49,--,1,2049,买盘
1636,11:03:21,20.49,--,73,149577,卖盘
1637,11:03:12,20.49,--,74,151626,卖盘
1638,11:03:09,20.49,-0.01,94,192605,卖盘
1639,11:03:06,20.5,0.01,7,14350,买盘
1640,11:03:00,20.49,-0.01,30,61469,卖盘
1641,11:02:51,20.5,0.01,12,24600,买盘
1642,11:02:42,20.49,-0.01,2,4098,卖盘
1643,11:02:39,20.5,0.01,5,10250,买盘
1644,11:02:36,20.49,0.01,75,153675,买盘
1645,11:02:33,20.48,-0.01,182,372736,卖盘
1646,11:02:27,20.49,--,8,16392,卖盘
1647,11:02:24,20.49,--,4,8196,卖盘
1648,11:02:21,20.49,--,25,51224,卖盘
1649,11:02:06,20.49,--,11,22539,卖盘
1650,11:01:57,20.49,--,1,2049,卖盘
1651,11:01:54,20.49,--,10,20490,买盘
1652,11:01:51,20.49,-0.01,110,225389,卖盘
1653,11:01:48,20.5,--,50,102500,买盘
1654,11:01:42,20.5,--,9,18450,买盘
1655,11:01:39,20.5,0.01,11,22550,买盘
1656,11:01:27,20.49,-0.01,25,51224,卖盘
1657,11:01:21,20.5,--,14,28700,买盘
1658,11:01:18,20.5,0.01,13,26650,买盘
1659,11:01:12,20.49,0.01,32,65568,买盘
1660,11:00:48,20.48,--,19,38912,卖盘
1661,11:00:21,20.48,-0.01,206,421888,卖盘
1662,11:00:15,20.49,--,3,6146,买盘
1663,11:00:12,20.49,-0.01,39,79911,卖盘
1664,11:00:09,20.5,--,17,34850,买盘
1665,11:00:00,20.5,--,7,14350,买盘
1666,10:59:54,20.5,--,15,30750,买盘
1667,10:59:51,20.5,0.01,40,82000,买盘
1668,10:59:45,20.49,-0.01,9,18441,卖盘
1669,10:59:39,20.5,--,1,2050,买盘
1670,10:59:30,20.5,0.01,8,16400,买盘
1671,10:59:27,20.49,-0.01,50,102449,卖盘
1672,10:59:24,20.5,--,6,12300,买盘
1673,10:59:21,20.5,0.02,14,28700,买盘
1674,10:59:06,20.48,--,364,745472,买盘
1675,10:59:03,20.48,0.01,83,169984,买盘
1676,10:59:00,20.47,--,5,10235,卖盘
1677,10:58:42,20.47,--,1,2047,卖盘
1678,10:58:39,20.47,--,2,4094,买盘
1679,10:58:36,20.47,-0.01,15,30705,卖盘
1680,10:58:27,20.48,0.01,6,12288,买盘
1681,10:58:24,20.47,--,2,4094,买盘
1682,10:58:21,20.47,-0.01,46,94162,卖盘
1683,10:58:09,20.48,-0.02,38,77824,卖盘
1684,10:58:06,20.5,--,4,8200,买盘
1685,10:58:03,20.5,--,63,129150,买盘
1686,10:58:00,20.5,--,2,4100,买盘
1687,10:57:51,20.5,-0.01,61,125050,卖盘
1688,10:57:48,20.51,0.02,43,88193,买盘
1689,10:57:45,20.49,--,52,106547,卖盘
1690,10:57:39,20.49,-0.01,1,2049,卖盘
1691,10:57:33,20.5,0.01,3,6150,买盘
1692,10:57:30,20.49,-0.03,10,20490,卖盘
1693,10:57:21,20.52,0.03,15,30780,买盘
1694,10:57:18,20.49,-0.02,106,217193,卖盘
1695,10:57:15,20.51,--,1,2051,买盘
1696,10:57:12,20.51,0.01,50,102550,买盘
1697,10:57:09,20.5,--,323,662150,买盘
1698,10:57:06,20.5,0.01,36,73800,买盘
1699,10:56:57,20.49,--,75,153675,卖盘
1700,10:56:54,20.49,--,8,16392,买盘
1701,10:56:48,20.49,--,20,40980,买盘
1702,10:56:45,20.49,0.01,8,16392,买盘
1703,10:56:39,20.48,0.01,35,71680,买盘
1704,10:56:36,20.47,0.01,7,14329,买盘
1705,10:56:33,20.46,-0.01,40,81840,中性盘
1706,10:56:30,20.47,--,10,20470,买盘
1707,10:56:24,20.47,--,4,8188,买盘
1708,10:56:21,20.47,--,18,36846,买盘
1709,10:56:15,20.47,--,16,32752,买盘
1710,10:56:09,20.47,--,4,8188,买盘
1711,10:56:06,20.47,--,11,22517,买盘
1712,10:56:03,20.47,--,20,40940,买盘
1713,10:56:00,20.47,0.02,4,8188,买盘
1714,10:55:54,20.45,-0.01,357,730065,卖盘
1715,10:55:51,20.46,0.01,150,306900,买盘
1716,10:55:48,20.45,-0.01,9,18405,卖盘
1717,10:55:45,20.46,0.01,50,102300,卖盘
1718,10:55:39,20.45,--,30,61350,卖盘
1719,10:55:33,20.45,--,3,6135,卖盘
1720,10:55:21,20.45,--,28,57260,卖盘
1721,10:55:18,20.45,--,2,4090,卖盘
1722,10:55:12,20.45,-0.01,86,175870,卖盘
1723,10:54:57,20.46,-0.01,6,12276,卖盘
1724,10:54:51,20.47,0.01,12,24564,买盘
1725,10:54:42,20.46,-0.01,279,570834,卖盘
1726,10:54:39,20.47,0.01,38,77786,买盘
1727,10:54:33,20.46,-0.01,30,61380,卖盘
1728,10:54:30,20.47,--,11,22517,买盘
1729,10:54:27,20.47,0.01,8,16376,买盘
1730,10:54:24,20.46,--,30,61380,买盘
1731,10:54:21,20.46,--,14,28644,买盘
1732,10:54:18,20.46,--,20,40920,卖盘
1733,10:54:12,20.46,-0.01,6,12276,卖盘
1734,10:54:06,20.47,0.01,40,81880,买盘
1735,10:54:00,20.46,--,16,32736,卖盘
1736,10:53:57,20.46,--,5,10230,卖盘
1737,10:53:54,20.46,0.01,3,6138,中性盘
1738,10:53:48,20.45,-0.01,6,12270,卖盘
1739,10:53:45,20.46,0.01,82,167772,买盘
1740,10:53:39,20.45,--,7,14315,卖盘
1741,10:53:36,20.45,--,10,20450,卖盘
1742,10:53:27,20.45,-0.01,10,20450,卖盘
1743,10:53:21,20.46,0.01,14,28644,买盘
1744,10:53:18,20.45,--,60,122700,卖盘
1745,10:53:09,20.45,-0.01,7,14315,卖盘
1746,10:52:57,20.46,--,52,106392,卖盘
1747,10:52:45,20.46,--,1,2046,卖盘
1748,10:52:39,20.46,-0.01,2,4092,卖盘
1749,10:52:33,20.47,--,4,8188,买盘
1750,10:52:30,20.47,--,2,4094,买盘
1751,10:52:21,20.47,--,19,38893,卖盘
1752,10:52:18,20.47,--,33,67551,卖盘
1753,10:52:15,20.47,--,8,16376,卖盘
1754,10:52:12,20.47,0.02,6,12282,买盘
1755,10:52:09,20.45,-0.03,9,18405,卖盘
1756,10:52:03,20.48,--,5,10240,买盘
1757,10:51:54,20.48,--,10,20480,买盘
1758,10:51:42,20.48,--,14,28672,卖盘
1759,10:51:39,20.48,0.03,138,282624,买盘
1760,10:51:33,20.45,--,167,341515,卖盘
1761,10:51:30,20.45,--,15,30675,卖盘
1762,10:51:27,20.45,-0.02,49,100205,卖盘
1763,10:51:21,20.47,--,17,34799,卖盘
1764,10:51:18,20.47,--,10,20470,卖盘
1765,10:51:15,20.47,--,6,12282,买盘
1766,10:51:09,20.47,--,2,4094,买盘
1767,10:51:03,20.47,--,4,8188,卖盘
1768,10:50:48,20.47,--,2,4094,卖盘
1769,10:50:39,20.47,0.01,2,4094,买盘
1770,10:50:36,20.46,-0.01,19,38874,卖盘
1771,10:50:27,20.47,-0.02,49,100303,卖盘
1772,10:50:24,20.49,--,5,10245,买盘
1773,10:50:21,20.49,--,14,28685,买盘
1774,10:50:18,20.49,--,2,4098,买盘
1775,10:50:06,20.49,--,10,20490,卖盘
1776,10:50:00,20.49,--,51,104498,卖盘
1777,10:49:57,20.49,0.02,39,79911,买盘
1778,10:49:51,20.47,-0.02,6,12282,卖盘
1779,10:49:48,20.49,0.03,10,20490,买盘
1780,10:49:42,20.46,0.01,189,386694,中性盘
1781,10:49:30,20.45,--,7,14315,卖盘
1782,10:49:27,20.45,-0.04,140,286300,卖盘
1783,10:49:24,20.49,--,3,6146,卖盘
1784,10:49:21,20.49,--,24,49175,卖盘
1785,10:49:15,20.49,-0.01,75,153675,卖盘
1786,10:49:12,20.5,--,5,10250,买盘
1787,10:49:09,20.5,--,55,112750,买盘
1788,10:49:03,20.5,0.01,3,6150,买盘
1789,10:48:57,20.49,-0.01,1,2049,卖盘
1790,10:48:45,20.5,--,5,10250,买盘
1791,10:48:42,20.5,--,8,16400,买盘
1792,10:48:39,20.5,--,46,94300,买盘
1793,10:48:33,20.5,0.01,47,96350,买盘
1794,10:48:30,20.49,--,1,2049,卖盘
1795,10:48:27,20.49,-0.01,2,4098,卖盘
1796,10:48:24,20.5,--,10,20500,买盘
1797,10:48:21,20.5,0.01,14,28700,买盘
1798,10:48:18,20.49,--,8,16392,买盘
1799,10:48:12,20.49,--,4,8196,买盘
1800,10:48:09,20.49,0.02,4,8196,买盘
1801,10:48:06,20.47,0.02,25,51175,买盘
1802,10:48:03,20.45,--,6,12270,卖盘
1803,10:48:00,20.45,0.01,17,34765,买盘
1804,10:47:57,20.44,0.01,72,147168,买盘
1805,10:47:51,20.43,--,6,12258,卖盘
1806,10:47:30,20.43,-0.01,5,10215,中性盘
1807,10:47:27,20.44,0.02,3,6132,买盘
1808,10:47:24,20.42,-0.02,20,40840,卖盘
1809,10:47:21,20.44,--,15,30660,买盘
1810,10:47:15,20.44,0.03,68,138992,买盘
1811,10:47:12,20.41,-0.02,176,359216,卖盘
1812,10:47:06,20.43,-0.01,2,4086,卖盘
1813,10:47:00,20.44,--,5,10220,买盘
1814,10:46:57,20.44,--,13,26572,中性盘
1815,10:46:54,20.44,0.01,11,22484,买盘
1816,10:46:48,20.43,0.01,5,10215,中性盘
1817,10:46:45,20.42,0.01,13,26546,卖盘
1818,10:46:39,20.41,-0.02,137,279617,卖盘
1819,10:46:33,20.43,--,9,18387,买盘
1820,10:46:30,20.43,0.01,1,2043,中性盘
1821,10:46:27,20.42,-0.01,17,34714,卖盘
1822,10:46:21,20.43,--,19,38817,卖盘
1823,10:46:18,20.43,--,1,2043,卖盘
1824,10:46:15,20.43,-0.02,2,4086,中性盘
1825,10:46:12,20.45,0.02,48,98160,买盘
1826,10:46:09,20.43,--,1,2043,买盘
1827,10:46:03,20.43,0.03,41,83763,中性盘
1828,10:45:57,20.4,-0.02,100,204000,卖盘
1829,10:45:54,20.42,-0.03,5,10210,卖盘
1830,10:45:51,20.45,0.05,10,20450,买盘
1831,10:45:45,20.4,-0.01,185,377400,卖盘
1832,10:45:39,20.41,-0.04,158,322478,卖盘
1833,10:45:33,20.45,--,4,8180,买盘
1834,10:45:21,20.45,0.01,14,28630,买盘
1835,10:45:12,20.44,--,3,6132,买盘
1836,10:45:03,20.44,--,141,288204,买盘
1837,10:44:54,20.44,-0.01,1,2044,卖盘
1838,10:44:48,20.45,--,41,83845,卖盘
1839,10:44:42,20.45,--,5,10225,卖盘
1840,10:44:39,20.45,--,4,8180,买盘
1841,10:44:36,20.45,0.05,5,10225,买盘
1842,10:44:33,20.4,--,16,32639,卖盘
1843,10:44:30,20.4,-0.03,300,612000,卖盘
1844,10:44:27,20.43,-0.01,10,20430,卖盘
1845,10:44:21,20.44,--,20,40880,卖盘
1846,10:44:18,20.44,--,14,28616,买盘
1847,10:44:15,20.44,--,7,14308,买盘
1848,10:44:12,20.44,-0.02,79,161476,卖盘
1849,10:44:09,20.46,--,15,30690,卖盘
1850,10:44:06,20.46,0.01,17,34782,买盘
1851,10:44:03,20.45,--,11,22495,卖盘
1852,10:43:57,20.45,--,1,2045,卖盘
1853,10:43:51,20.45,-0.01,4,8180,卖盘
1854,10:43:48,20.46,-0.01,20,40920,卖盘
1855,10:43:42,20.47,--,6,12282,买盘
1856,10:43:39,20.47,-0.02,294,601818,卖盘
1857,10:43:36,20.49,--,21,43029,卖盘
1858,10:43:33,20.49,--,195,399554,卖盘
1859,10:43:30,20.49,--,107,219242,卖盘
1860,10:43:27,20.49,--,6,12293,卖盘
1861,10:43:24,20.49,-0.01,11,22539,卖盘
1862,10:43:21,20.5,0.01,14,28700,买盘
1863,10:43:15,20.49,-0.01,20,40980,卖盘
1864,10:43:03,20.5,--,5,10250,买盘
1865,10:43:00,20.5,--,10,20500,买盘
1866,10:42:54,20.5,--,19,38950,卖盘
1867,10:42:42,20.5,--,1,2050,买盘
1868,10:42:39,20.5,0.01,10,20500,买盘
1869,10:42:24,20.49,-0.01,5,10245,卖盘
1870,10:42:21,20.5,--,25,51250,卖盘
1871,10:42:18,20.5,0.01,10,20500,卖盘
1872,10:42:15,20.49,-0.01,10,20490,卖盘
1873,10:42:09,20.5,--,31,63550,买盘
1874,10:42:00,20.5,0.03,87,178350,买盘
1875,10:41:57,20.47,-0.01,7,14329,卖盘
1876,10:41:51,20.48,-0.01,10,20480,卖盘
1877,10:41:45,20.49,-0.01,45,92205,卖盘
1878,10:41:30,20.5,0.01,26,53300,买盘
1879,10:41:27,20.49,-0.01,5,10245,卖盘
1880,10:41:24,20.5,-0.02,9,18450,买盘
1881,10:41:21,20.52,0.03,21,43092,买盘
1882,10:41:12,20.49,0.01,4,8196,买盘
1883,10:41:06,20.48,-0.01,4,8192,中性盘
1884,10:41:00,20.49,--,25,51224,买盘
1885,10:40:57,20.49,--,10,20490,买盘
1886,10:40:54,20.49,--,5,10245,买盘
1887,10:40:51,20.49,0.04,5,10245,买盘
1888,10:40:45,20.45,-0.02,9,18405,卖盘
1889,10:40:42,20.47,0.02,2,4094,买盘
1890,10:40:33,20.45,--,3,6135,中性盘
1891,10:40:30,20.45,0.01,14,28630,买盘
1892,10:40:27,20.44,--,3,6132,卖盘
1893,10:40:24,20.44,--,2,4088,卖盘
1894,10:40:21,20.44,0.01,29,59276,中性盘
1895,10:40:18,20.43,--,12,24516,买盘
1896,10:40:15,20.43,0.01,11,22473,买盘
1897,10:40:12,20.42,-0.02,50,102100,卖盘
1898,10:40:09,20.44,0.01,5,10220,买盘
1899,10:40:06,20.43,--,3,6129,卖盘
1900,10:40:03,20.43,--,9,18448,买盘
1901,10:40:00,20.43,--,40,81720,买盘
1902,10:39:57,20.43,--,62,126666,买盘
1903,10:39:51,20.43,--,5,10215,买盘
1904,10:39:48,20.43,-0.01,53,110260,卖盘
1905,10:39:45,20.44,0.01,12,24589,买盘
1906,10:39:42,20.43,--,22,44946,卖盘
1907,10:39:39,20.43,-0.01,17,34731,卖盘
1908,10:39:36,20.44,--,5,10220,买盘
1909,10:39:33,20.44,-0.01,8,16352,卖盘
1910,10:39:30,20.45,--,21,42945,买盘
1911,10:39:27,20.45,--,2,4090,买盘
1912,10:39:24,20.45,-0.01,111,226995,卖盘
1913,10:39:21,20.46,--,15,30690,买盘
1914,10:39:18,20.46,-0.03,319,653205,卖盘
1915,10:39:15,20.49,--,16,32784,买盘
1916,10:39:12,20.49,-0.01,10,20490,卖盘
1917,10:39:06,20.5,--,1,2050,买盘
1918,10:39:03,20.5,--,21,44956,卖盘
1919,10:38:57,20.5,--,26,53300,卖盘
1920,10:38:42,20.5,-0.02,41,84050,卖盘
1921,10:38:36,20.52,0.02,2,4104,买盘
1922,10:38:24,20.5,-0.02,36,73800,卖盘
1923,10:38:21,20.52,0.01,14,28728,买盘
1924,10:38:18,20.51,--,30,61530,买盘
1925,10:38:15,20.51,--,19,38969,卖盘
1926,10:38:12,20.51,-0.01,12,24612,卖盘
1927,10:38:00,20.52,--,135,277020,卖盘
1928,10:37:54,20.52,-0.02,17,34884,卖盘
1929,10:37:51,20.54,0.01,3,6162,买盘
1930,10:37:45,20.53,0.01,3,6159,买盘
1931,10:37:42,20.52,--,9,18468,卖盘
1932,10:37:39,20.52,-0.01,3,6156,卖盘
1933,10:37:33,20.53,0.01,6,12318,买盘
1934,10:37:30,20.52,--,9,18468,卖盘
1935,10:37:27,20.52,0.01,415,851580,买盘
1936,10:37:21,20.51,0.01,15,30765,买盘
1937,10:37:18,20.5,--,4,8200,卖盘
1938,10:37:12,20.5,-0.02,100,205000,卖盘
1939,10:37:06,20.52,0.01,6,12312,买盘
1940,10:37:03,20.51,-0.01,50,102550,卖盘
1941,10:37:00,20.52,--,187,383724,卖盘
1942,10:36:51,20.52,--,6,12312,卖盘
1943,10:36:48,20.52,--,6,12312,卖盘
1944,10:36:42,20.52,-0.02,4,8208,卖盘
1945,10:36:33,20.54,0.01,8,16432,买盘
1946,10:36:30,20.53,-0.02,12,24636,卖盘
1947,10:36:27,20.55,--,20,41100,买盘
1948,10:36:21,20.55,0.01,14,28770,买盘
1949,10:36:12,20.54,--,20,41080,卖盘
1950,10:36:09,20.54,--,1,2054,卖盘
1951,10:36:06,20.54,--,1,2054,卖盘
1952,10:36:03,20.54,--,90,184860,买盘
1953,10:35:57,20.54,0.01,2,4108,买盘
1954,10:35:54,20.53,-0.01,30,61590,卖盘
1955,10:35:39,20.54,--,10,20540,买盘
1956,10:35:36,20.54,0.01,42,86268,买盘
1957,10:35:33,20.53,-0.01,10,20530,卖盘
1958,10:35:24,20.54,--,5,10270,买盘
1959,10:35:21,20.54,0.01,25,51350,买盘
1960,10:35:18,20.53,-0.01,219,449607,卖盘
1961,10:35:09,20.54,--,1,2054,买盘
1962,10:35:00,20.54,-0.01,172,353288,卖盘
1963,10:34:57,20.55,--,5,10275,买盘
1964,10:34:51,20.55,-0.01,2,4110,中性盘
1965,10:34:33,20.56,--,50,102800,买盘
1966,10:34:27,20.56,0.02,23,47288,卖盘
1967,10:34:21,20.54,-0.01,34,69836,卖盘
1968,10:34:15,20.55,--,17,34935,卖盘
1969,10:34:09,20.55,0.01,1,2055,中性盘
1970,10:34:03,20.54,-0.02,97,199238,卖盘
1971,10:34:00,20.56,--,10,20560,卖盘
1972,10:33:57,20.56,--,2,4112,卖盘
1973,10:33:54,20.56,--,2,4112,卖盘
1974,10:33:48,20.56,0.01,9,18504,买盘
1975,10:33:42,20.55,-0.01,5,10275,卖盘
1976,10:33:39,20.56,--,7,14392,买盘
1977,10:33:36,20.56,0.01,1,2056,买盘
1978,10:33:33,20.55,--,21,43155,卖盘
1979,10:33:27,20.55,--,3,6165,卖盘
1980,10:33:24,20.55,--,23,47265,卖盘
1981,10:33:15,20.55,0.01,29,59595,买盘
1982,10:33:09,20.54,-0.01,54,110916,卖盘
1983,10:33:06,20.55,--,15,30825,买盘
1984,10:33:03,20.55,--,2,4110,中性盘
1985,10:32:57,20.55,--,30,61650,卖盘
1986,10:32:51,20.55,-0.01,81,166455,卖盘
1987,10:32:48,20.56,--,73,150088,买盘
1988,10:32:45,20.56,--,2,4112,买盘
1989,10:32:42,20.56,-0.01,5,10280,中性盘
1990,10:32:36,20.57,--,49,100793,买盘
1991,10:32:33,20.57,0.02,5,10285,买盘
1992,10:32:27,20.55,-0.02,15,30825,卖盘
1993,10:32:24,20.57,0.02,32,65824,买盘
1994,10:32:21,20.55,-0.02,23,47265,卖盘
1995,10:32:18,20.57,--,18,37026,买盘
1996,10:32:15,20.57,--,5,10285,卖盘
1997,10:32:12,20.57,0.02,7,14399,买盘
1998,10:32:09,20.55,-0.04,6,12330,卖盘
1999,10:32:06,20.59,0.01,9,18531,买盘
2000,10:32:03,20.58,--,7,14405,卖盘
2001,10:32:00,20.58,--,15,30869,卖盘
2002,10:31:57,20.58,--,16,32928,卖盘
2003,10:31:54,20.58,0.01,1,2058,买盘
2004,10:31:51,20.57,-0.01,27,55539,卖盘
2005,10:31:45,20.58,--,10,20580,买盘
2006,10:31:42,20.58,0.01,4,8232,买盘
2007,10:31:39,20.57,--,55,113135,买盘
2008,10:31:36,20.57,--,2,4114,买盘
2009,10:31:30,20.57,-0.01,7,14399,中性盘
2010,10:31:27,20.58,--,3,6173,买盘
2011,10:31:24,20.58,0.03,20,41160,买盘
2012,10:31:21,20.55,-0.03,48,98640,卖盘
2013,10:31:18,20.58,--,40,82320,卖盘
2014,10:31:15,20.58,--,7,14405,卖盘
2015,10:31:12,20.58,--,4,8232,卖盘
2016,10:31:09,20.58,--,31,63797,买盘
2017,10:31:06,20.58,0.01,34,69972,买盘
2018,10:31:03,20.57,--,49,100793,卖盘
2019,10:31:00,20.57,-0.01,1,2057,卖盘
2020,10:30:57,20.58,0.01,11,22637,买盘
2021,10:30:54,20.57,--,10,20570,卖盘
2022,10:30:51,20.57,--,5,10285,卖盘
2023,10:30:48,20.57,0.02,74,152218,买盘
2024,10:30:45,20.55,--,56,115080,买盘
2025,10:30:42,20.55,-0.02,78,160290,卖盘
2026,10:30:39,20.57,--,2,4114,买盘
2027,10:30:36,20.57,--,11,22627,买盘
2028,10:30:33,20.57,--,24,49368,买盘
2029,10:30:30,20.57,-0.01,46,94622,卖盘
2030,10:30:27,20.58,0.01,25,51449,买盘
2031,10:30:24,20.57,--,3,6171,卖盘
2032,10:30:21,20.57,0.03,64,131648,买盘
2033,10:30:18,20.54,-0.01,23,47242,卖盘
2034,10:30:15,20.55,-0.02,15,30825,卖盘
2035,10:30:12,20.57,0.01,13,26741,买盘
2036,10:30:09,20.56,--,70,143920,买盘
2037,10:30:06,20.56,--,26,53456,买盘
2038,10:30:03,20.56,--,4,8224,买盘
2039,10:30:00,20.56,--,13,26728,买盘
2040,10:29:57,20.56,--,39,80184,中性盘
2041,10:29:54,20.56,--,18,37008,卖盘
2042,10:29:51,20.56,--,13,26728,买盘
2043,10:29:42,20.56,0.04,1,2056,买盘
2044,10:29:39,20.52,--,2,4104,买盘
2045,10:29:36,20.52,0.01,5,10260,买盘
2046,10:29:33,20.51,--,32,65775,买盘
2047,10:29:30,20.51,0.01,10,20510,买盘
2048,10:29:24,20.5,-0.01,7,14350,卖盘
2049,10:29:21,20.51,0.01,54,110754,买盘
2050,10:29:15,20.5,-0.01,70,143500,卖盘
2051,10:29:09,20.51,--,9,18459,买盘
2052,10:29:06,20.51,--,9,18459,买盘
2053,10:29:03,20.51,--,5,10255,买盘
2054,10:29:00,20.51,--,21,43071,买盘
2055,10:28:54,20.51,-0.04,10,20510,买盘
2056,10:28:51,20.55,--,38,78090,卖盘
2057,10:28:48,20.55,-0.02,61,125355,卖盘
2058,10:28:45,20.57,--,10,20570,买盘
2059,10:28:42,20.57,--,78,160446,卖盘
2060,10:28:39,20.57,--,417,857769,买盘
2061,10:28:36,20.57,0.02,55,113135,买盘
2062,10:28:30,20.55,-0.02,3,6165,卖盘
2063,10:28:27,20.57,0.05,50,102850,买盘
2064,10:28:24,20.52,-0.03,5,10260,卖盘
2065,10:28:18,20.55,--,58,119190,卖盘
2066,10:28:12,20.55,--,15,30825,卖盘
2067,10:28:06,20.55,0.03,17,34935,买盘
2068,10:28:03,20.52,-0.03,10,20520,卖盘
2069,10:27:57,20.55,-0.02,14,28770,中性盘
2070,10:27:51,20.57,0.02,426,876282,中性盘
2071,10:27:45,20.55,-0.02,31,63705,卖盘
2072,10:27:42,20.57,0.05,10,20570,买盘
2073,10:27:39,20.52,--,41,85158,买盘
2074,10:27:36,20.52,-0.05,49,101574,卖盘
2075,10:27:33,20.57,--,94,193358,卖盘
2076,10:27:30,20.57,0.02,99,204671,买盘
2077,10:27:27,20.55,--,1,2055,卖盘
2078,10:27:24,20.55,-0.01,10,20550,卖盘
2079,10:27:21,20.56,-0.01,16,32896,卖盘
2080,10:27:06,20.57,0.02,100,205700,买盘
2081,10:27:03,20.55,-0.01,5,10275,中性盘
2082,10:27:00,20.56,0.01,365,750440,买盘
2083,10:26:54,20.55,--,2,4110,卖盘
2084,10:26:48,20.55,--,2,4110,卖盘
2085,10:26:45,20.55,0.01,62,127410,买盘
2086,10:26:39,20.54,0.02,7,14378,买盘
2087,10:26:36,20.52,-0.03,99,203148,卖盘
2088,10:26:33,20.55,0.01,2,4110,买盘
2089,10:26:30,20.54,--,12,24648,买盘
2090,10:26:27,20.54,0.02,10,20540,买盘
2091,10:26:24,20.52,-0.02,4,8208,卖盘
2092,10:26:15,20.54,0.02,2,4108,买盘
2093,10:26:12,20.52,--,11,22572,买盘
2094,10:26:09,20.52,0.02,6,12312,卖盘
2095,10:26:06,20.5,-0.04,40,82000,卖盘
2096,10:26:03,20.54,0.03,475,975650,买盘
2097,10:26:00,20.51,--,10,20510,买盘
2098,10:25:57,20.51,0.01,10,20510,中性盘
2099,10:25:51,20.5,-0.03,16,32800,卖盘
2100,10:25:48,20.53,0.03,11,22583,买盘
2101,10:25:45,20.5,0.02,20,41000,买盘
2102,10:25:42,20.48,-0.02,5,10240,卖盘
2103,10:25:39,20.5,--,5,10250,买盘
2104,10:25:36,20.5,--,7,14350,买盘
2105,10:25:33,20.5,0.03,3,6150,买盘
2106,10:25:24,20.47,-0.03,4,8188,卖盘
2107,10:25:21,20.5,0.04,10,20500,买盘
2108,10:25:18,20.46,--,2,4092,卖盘
2109,10:25:15,20.46,--,29,59334,卖盘
2110,10:25:12,20.46,-0.01,91,186186,卖盘
2111,10:25:09,20.47,-0.02,1,2047,卖盘
2112,10:25:06,20.49,0.02,5,10245,买盘
2113,10:25:03,20.47,-0.02,7,14329,中性盘
2114,10:25:00,20.49,-0.01,437,895412,卖盘
2115,10:24:54,20.5,--,16,32800,买盘
2116,10:24:51,20.5,--,19,38950,买盘
2117,10:24:48,20.5,--,10,20500,买盘
2118,10:24:42,20.5,-0.04,167,342350,卖盘
2119,10:24:39,20.54,--,1,2054,买盘
2120,10:24:36,20.54,--,1,2054,买盘
2121,10:24:33,20.54,--,208,427232,买盘
2122,10:24:30,20.54,--,9,18486,买盘
2123,10:24:27,20.54,--,17,34918,买盘
2124,10:24:21,20.54,--,5,10270,买盘
2125,10:24:12,20.54,--,2,4108,买盘
2126,10:24:00,20.54,--,69,141726,买盘
2127,10:23:51,20.54,--,10,20540,买盘
2128,10:23:48,20.54,0.02,10,20540,买盘
2129,10:23:45,20.52,--,4,8208,卖盘
2130,10:23:30,20.52,-0.02,5,10260,中性盘
2131,10:23:24,20.54,0.02,405,831870,买盘
2132,10:23:21,20.52,--,2,4104,买盘
2133,10:23:15,20.52,0.02,4,8208,买盘
2134,10:23:12,20.5,0.02,232,476092,买盘
2135,10:23:09,20.48,--,1,2048,买盘
2136,10:23:06,20.48,-0.02,30,61440,买盘
2137,10:23:03,20.5,0.02,45,92250,买盘
2138,10:23:00,20.48,-0.02,32,65536,卖盘
2139,10:22:57,20.5,0.02,41,84050,买盘
2140,10:22:54,20.48,--,66,135168,卖盘
2141,10:22:51,20.48,-0.02,39,79872,卖盘
2142,10:22:45,20.5,--,261,536608,卖盘
2143,10:22:39,20.5,0.02,92,189092,买盘
2144,10:22:36,20.48,-0.01,37,75776,卖盘
2145,10:22:30,20.49,--,5,10245,买盘
2146,10:22:27,20.49,-0.01,228,468729,卖盘
2147,10:22:21,20.5,-0.02,62,127100,卖盘
2148,10:22:15,20.52,-0.01,5,10260,卖盘
2149,10:22:12,20.53,-0.01,1,2053,中性盘
2150,10:22:09,20.54,--,21,43134,买盘
2151,10:22:00,20.54,--,11,22594,卖盘
2152,10:21:57,20.54,--,8,16432,卖盘
2153,10:21:54,20.54,--,47,96538,卖盘
2154,10:21:51,20.54,--,1,2054,买盘
2155,10:21:42,20.54,--,15,30810,买盘
2156,10:21:39,20.54,0.02,15,30810,买盘
2157,10:21:36,20.52,0.02,15,30780,买盘
2158,10:21:33,20.5,-0.02,100,205000,卖盘
2159,10:21:30,20.52,--,20,41040,买盘
2160,10:21:27,20.52,0.01,1,2052,买盘
2161,10:21:24,20.51,--,10,20510,买盘
2162,10:21:21,20.51,--,2,4102,买盘
2163,10:21:15,20.51,--,20,41020,买盘
2164,10:21:12,20.51,-0.01,21,43071,卖盘
2165,10:21:09,20.52,--,24,49248,买盘
2166,10:21:06,20.52,0.01,1,2052,买盘
2167,10:20:54,20.51,0.01,4,8204,中性盘
2168,10:20:48,20.5,--,37,75850,卖盘
2169,10:20:45,20.5,-0.04,81,166050,卖盘
2170,10:20:42,20.54,0.04,10,20540,买盘
2171,10:20:39,20.5,--,170,348500,卖盘
2172,10:20:36,20.5,0.01,20,41000,卖盘
2173,10:20:24,20.49,-0.07,9,18441,卖盘
2174,10:20:18,20.56,0.07,24,49344,买盘
2175,10:20:12,20.49,-0.05,400,819599,卖盘
2176,10:20:03,20.54,--,5,10270,卖盘
2177,10:19:57,20.54,0.01,4,8216,买盘
2178,10:19:51,20.53,0.01,6,12318,中性盘
2179,10:19:45,20.52,-0.03,15,30780,卖盘
2180,10:19:42,20.55,0.01,10,20550,买盘
2181,10:19:39,20.54,0.02,5,10270,买盘
2182,10:19:33,20.52,--,200,410400,卖盘
2183,10:19:30,20.52,0.02,318,653028,买盘
2184,10:19:24,20.5,-0.02,39,79950,卖盘
2185,10:19:21,20.52,0.01,10,20520,买盘
2186,10:19:18,20.51,-0.01,15,32159,卖盘
2187,10:19:09,20.52,--,18,36936,买盘
2188,10:19:06,20.52,--,10,20520,买盘
2189,10:19:03,20.52,--,30,61560,买盘
2190,10:19:00,20.52,--,96,196992,卖盘
2191,10:18:57,20.52,--,40,82080,买盘
2192,10:18:54,20.52,0.01,6,12312,买盘
2193,10:18:51,20.51,-0.01,10,20510,卖盘
2194,10:18:48,20.52,0.01,6,12312,中性盘
2195,10:18:39,20.51,0.01,8,17064,买盘
2196,10:18:36,20.5,--,11,22550,卖盘
2197,10:18:33,20.5,--,2,4100,卖盘
2198,10:18:30,20.5,0.01,5,10250,中性盘
2199,10:18:24,20.49,-0.01,74,151626,卖盘
2200,10:18:21,20.5,-0.01,6,12300,卖盘
2201,10:18:18,20.51,0.01,9,18459,买盘
2202,10:18:15,20.5,--,7,14350,卖盘
2203,10:18:12,20.5,-0.01,93,190650,卖盘
2204,10:18:09,20.51,-0.02,67,137417,卖盘
2205,10:18:06,20.53,--,44,90332,买盘
2206,10:18:00,20.53,-0.02,137,281261,卖盘
2207,10:17:57,20.55,0.01,40,82200,买盘
2208,10:17:54,20.54,-0.01,28,57512,卖盘
2209,10:17:51,20.55,--,6,12330,买盘
2210,10:17:48,20.55,--,32,65760,卖盘
2211,10:17:45,20.55,-0.01,4,8220,卖盘
2212,10:17:42,20.56,0.02,23,47288,买盘
2213,10:17:33,20.54,0.01,26,53404,买盘
2214,10:17:30,20.53,-0.01,2,4106,卖盘
2215,10:17:21,20.54,0.01,20,41080,买盘
2216,10:17:18,20.53,--,13,26689,买盘
2217,10:17:15,20.53,--,1,2053,买盘
2218,10:17:12,20.53,--,1,2053,买盘
2219,10:17:06,20.53,0.02,56,114968,买盘
2220,10:17:03,20.51,--,327,670677,买盘
2221,10:17:00,20.51,--,423,867573,买盘
2222,10:16:57,20.51,--,10,20510,买盘
2223,10:16:54,20.51,--,10,20510,买盘
2224,10:16:51,20.51,--,18,36918,买盘
2225,10:16:45,20.51,--,9,18459,买盘
2226,10:16:42,20.51,0.01,12,24612,中性盘
2227,10:16:30,20.5,0.01,70,143500,买盘
2228,10:16:27,20.49,--,13,26636,卖盘
2229,10:16:21,20.49,--,14,28685,买盘
2230,10:16:15,20.49,--,25,51224,买盘
2231,10:16:12,20.49,--,3,6146,买盘
2232,10:16:06,20.49,0.01,13,26636,买盘
2233,10:16:00,20.48,-0.02,3,6144,卖盘
2234,10:15:57,20.5,--,4,8200,买盘
2235,10:15:54,20.5,-0.03,432,885600,卖盘
2236,10:15:51,20.53,0.02,11,22583,买盘
2237,10:15:48,20.51,-0.01,105,215355,卖盘
2238,10:15:45,20.52,--,3,6156,卖盘
2239,10:15:39,20.52,-0.01,13,26676,卖盘
2240,10:15:36,20.53,0.01,1,2053,买盘
2241,10:15:33,20.52,-0.01,27,55404,卖盘
2242,10:15:30,20.53,-0.01,7,14371,卖盘
2243,10:15:27,20.54,-0.02,3,6162,卖盘
2244,10:15:24,20.56,--,9,18504,买盘
2245,10:15:21,20.56,0.01,128,264196,买盘
2246,10:15:18,20.55,-0.01,11,22605,卖盘
2247,10:15:15,20.56,--,4,8224,买盘
2248,10:15:09,20.56,--,53,108968,卖盘
2249,10:15:06,20.56,--,11,22616,卖盘
2250,10:15:03,20.56,-0.01,2,4112,卖盘
2251,10:15:00,20.57,--,4,8228,买盘
2252,10:14:54,20.57,-0.01,201,413457,卖盘
2253,10:14:51,20.58,--,102,209915,卖盘
2254,10:14:48,20.58,--,13,26753,卖盘
2255,10:14:45,20.58,--,23,47333,卖盘
2256,10:14:42,20.58,--,1,2058,卖盘
2257,10:14:39,20.58,--,15,30869,卖盘
2258,10:14:36,20.58,-0.01,15,30869,卖盘
2259,10:14:33,20.59,0.01,10,20590,买盘
2260,10:14:30,20.58,-0.01,5,10290,卖盘
2261,10:14:27,20.59,--,2,4118,买盘
2262,10:14:24,20.59,-0.01,8,16472,卖盘
2263,10:14:15,20.6,--,6,12360,买盘
2264,10:14:09,20.6,--,51,105060,买盘
2265,10:14:06,20.6,-0.01,39,80340,卖盘
2266,10:14:03,20.61,-0.01,4,8244,中性盘
2267,10:13:57,20.62,0.02,6,12372,买盘
2268,10:13:54,20.6,-0.02,70,144200,卖盘
2269,10:13:48,20.62,--,6,12372,买盘
2270,10:13:45,20.62,--,221,455702,买盘
2271,10:13:42,20.62,--,9,18558,卖盘
2272,10:13:39,20.62,0.01,8,16496,买盘
2273,10:13:36,20.61,-0.01,20,41220,卖盘
2274,10:13:33,20.62,-0.01,5,10310,卖盘
2275,10:13:30,20.63,0.01,271,559073,买盘
2276,10:13:24,20.62,--,10,20620,卖盘
2277,10:13:21,20.62,--,14,28868,卖盘
2278,10:13:18,20.62,--,2,4124,买盘
2279,10:13:15,20.62,--,3,6186,买盘
2280,10:13:12,20.62,0.02,7,14434,买盘
2281,10:13:09,20.6,-0.02,33,67980,卖盘
2282,10:13:06,20.62,-0.02,2,4124,中性盘
2283,10:13:00,20.64,0.04,247,509808,买盘
2284,10:12:57,20.6,-0.01,51,105060,卖盘
2285,10:12:54,20.61,--,4,8244,买盘
2286,10:12:42,20.61,--,12,24732,卖盘
2287,10:12:39,20.61,0.01,93,191673,买盘
2288,10:12:36,20.6,-0.01,74,152440,卖盘
2289,10:12:33,20.61,--,15,30915,买盘
2290,10:12:30,20.61,0.01,14,28854,买盘
2291,10:12:27,20.6,0.02,76,156560,买盘
2292,10:12:21,20.58,-0.01,9,18522,卖盘
2293,10:12:18,20.59,--,6,12354,买盘
2294,10:12:15,20.59,-0.01,37,76183,中性盘
2295,10:12:12,20.6,0.01,24,49440,买盘
2296,10:12:09,20.59,--,106,218254,买盘
2297,10:12:06,20.59,0.01,3,6177,中性盘
2298,10:12:03,20.58,-0.02,33,67914,卖盘
2299,10:12:00,20.6,--,34,70040,买盘
2300,10:11:57,20.6,0.01,27,55620,买盘
2301,10:11:54,20.59,0.01,7,14413,买盘
2302,10:11:51,20.58,-0.02,7,14405,卖盘
2303,10:11:48,20.6,0.02,5,10300,买盘
2304,10:11:45,20.58,--,24,49391,卖盘
2305,10:11:39,20.58,-0.02,79,162582,卖盘
2306,10:11:36,20.6,0.02,247,508820,买盘
2307,10:11:33,20.58,-0.01,14,28811,卖盘
2308,10:11:27,20.59,-0.01,4,8236,卖盘
2309,10:11:24,20.6,--,2,4120,买盘
2310,10:11:21,20.6,--,14,28840,买盘
2311,10:11:15,20.6,--,8,16480,卖盘
2312,10:11:12,20.6,--,49,100940,卖盘
2313,10:11:09,20.6,-0.01,16,32960,卖盘
2314,10:11:06,20.61,0.01,1,2061,买盘
2315,10:11:03,20.6,-0.01,42,86520,卖盘
2316,10:11:00,20.61,--,140,288540,卖盘
2317,10:10:54,20.61,-0.01,5,10305,卖盘
2318,10:10:51,20.62,--,9,18558,买盘
2319,10:10:48,20.62,--,9,18558,买盘
2320,10:10:42,20.62,-0.01,30,61860,买盘
2321,10:10:36,20.63,0.01,42,86646,买盘
2322,10:10:33,20.62,0.02,5,10310,中性盘
2323,10:10:30,20.6,-0.02,13,26780,卖盘
2324,10:10:27,20.62,-0.01,39,80418,卖盘
2325,10:10:24,20.63,0.01,48,99024,买盘
2326,10:10:18,20.62,--,6,12372,卖盘
2327,10:10:12,20.62,--,20,41240,卖盘
2328,10:10:09,20.62,0.03,617,1272315,买盘
2329,10:10:06,20.59,--,4,8236,买盘
2330,10:10:03,20.59,--,9,18531,卖盘
2331,10:10:00,20.59,-0.01,35,72065,卖盘
2332,10:09:57,20.6,--,12,24720,买盘
2333,10:09:51,20.6,--,5,10300,买盘
2334,10:09:48,20.6,-0.01,40,82400,卖盘
2335,10:09:45,20.61,--,25,51525,买盘
2336,10:09:42,20.61,--,344,708984,卖盘
2337,10:09:39,20.61,-0.01,91,187551,卖盘
2338,10:09:36,20.62,0.01,5,10310,买盘
2339,10:09:30,20.61,-0.01,40,82440,卖盘
2340,10:09:27,20.62,--,19,39178,买盘
2341,10:09:24,20.62,--,38,78356,卖盘
2342,10:09:21,20.62,--,32,65984,卖盘
2343,10:09:18,20.62,--,25,51550,卖盘
2344,10:09:15,20.62,-0.02,43,88666,卖盘
2345,10:09:12,20.64,0.02,78,160992,买盘
2346,10:09:09,20.62,-0.02,302,622724,卖盘
2347,10:09:06,20.64,--,53,109392,买盘
2348,10:09:03,20.64,--,50,103200,买盘
2349,10:09:00,20.64,-0.01,18,37152,中性盘
2350,10:08:57,20.65,--,44,90860,买盘
2351,10:08:54,20.65,-0.01,61,125964,买盘
2352,10:08:51,20.66,0.01,36,74376,买盘
2353,10:08:48,20.65,--,65,134225,卖盘
2354,10:08:45,20.65,--,44,90860,卖盘
2355,10:08:42,20.65,--,5,10325,卖盘
2356,10:08:39,20.65,--,61,125964,买盘
2357,10:08:36,20.65,--,112,231279,买盘
2358,10:08:33,20.65,0.01,49,101185,买盘
2359,10:08:30,20.64,-0.01,46,94944,卖盘
2360,10:08:27,20.65,--,69,142485,买盘
2361,10:08:24,20.65,0.01,21,43365,买盘
2362,10:08:21,20.64,--,23,47472,买盘
2363,10:08:18,20.64,--,14,28896,买盘
2364,10:08:15,20.64,0.01,114,235296,买盘
2365,10:08:12,20.63,--,153,315639,卖盘
2366,10:08:06,20.63,0.01,88,181544,买盘
2367,10:08:03,20.62,-0.01,9,18558,卖盘
2368,10:08:00,20.63,0.01,179,369277,买盘
2369,10:07:57,20.62,-0.01,294,606228,卖盘
2370,10:07:54,20.63,0.01,9,18567,买盘
2371,10:07:51,20.62,0.01,167,344354,买盘
2372,10:07:48,20.61,-0.01,48,98928,卖盘
2373,10:07:45,20.62,0.01,54,111348,买盘
2374,10:07:42,20.61,--,88,181368,卖盘
2375,10:07:39,20.61,--,76,156636,买盘
2376,10:07:36,20.61,--,148,305028,买盘
2377,10:07:33,20.61,0.01,126,259686,买盘
2378,10:07:30,20.6,-0.01,70,144200,卖盘
2379,10:07:27,20.61,--,45,92745,买盘
2380,10:07:24,20.61,--,47,96867,卖盘
2381,10:07:21,20.61,--,24,49464,卖盘
2382,10:07:18,20.61,--,84,173124,卖盘
2383,10:07:15,20.61,-0.01,26,53586,卖盘
2384,10:07:12,20.62,--,23,47426,买盘
2385,10:07:09,20.62,--,29,59798,买盘
2386,10:07:06,20.62,0.02,39,80418,买盘
2387,10:07:03,20.6,-0.02,58,119480,卖盘
2388,10:07:00,20.62,--,7,14434,买盘
2389,10:06:57,20.62,0.02,91,187642,买盘
2390,10:06:54,20.6,-0.01,38,78280,中性盘
2391,10:06:51,20.61,--,96,197856,买盘
2392,10:06:48,20.61,-0.02,15,30915,中性盘
2393,10:06:45,20.63,0.01,390,804570,买盘
2394,10:06:42,20.62,-0.01,2,4124,中性盘
2395,10:06:39,20.63,0.02,138,284694,买盘
2396,10:06:36,20.61,-0.03,11,22671,卖盘
2397,10:06:33,20.64,0.01,112,231168,买盘
2398,10:06:30,20.63,-0.01,77,158851,卖盘
2399,10:06:27,20.64,-0.02,59,121776,卖盘
2400,10:06:24,20.66,-0.01,120,247920,卖盘
2401,10:06:21,20.67,--,49,101283,卖盘
2402,10:06:18,20.67,-0.01,11,22737,中性盘
2403,10:06:15,20.68,0.03,77,159236,买盘
2404,10:06:12,20.65,-0.02,110,227149,卖盘
2405,10:06:09,20.67,0.01,3,6201,买盘
2406,10:06:06,20.66,0.03,526,1086716,买盘
2407,10:06:03,20.63,0.01,32,66016,买盘
2408,10:06:00,20.62,0.03,446,919652,买盘
2409,10:05:57,20.59,0.02,489,1006851,买盘
2410,10:05:54,20.57,--,242,497794,买盘
2411,10:05:51,20.57,--,135,277695,买盘
2412,10:05:48,20.57,--,37,76109,买盘
2413,10:05:45,20.57,0.01,5,10285,买盘
2414,10:05:42,20.56,0.01,144,296064,买盘
2415,10:05:39,20.55,-0.01,13,26715,卖盘
2416,10:05:36,20.56,--,26,53456,买盘
2417,10:05:33,20.56,0.02,208,428676,买盘
2418,10:05:30,20.54,0.01,26,53404,买盘
2419,10:05:24,20.53,--,33,67749,买盘
2420,10:05:21,20.53,0.03,18,36954,买盘
2421,10:05:18,20.5,-0.01,23,47150,卖盘
2422,10:05:15,20.51,--,4,8204,买盘
2423,10:05:12,20.51,-0.01,250,513775,卖盘
2424,10:05:09,20.52,--,9,18468,买盘
2425,10:05:06,20.52,0.01,18,36936,买盘
2426,10:05:03,20.51,--,2,4102,卖盘
2427,10:05:00,20.51,0.01,91,187666,买盘
2428,10:04:57,20.5,-0.01,11,22550,卖盘
2429,10:04:54,20.51,--,28,57428,买盘
2430,10:04:51,20.51,-0.01,206,422506,卖盘
2431,10:04:48,20.52,-0.02,122,250344,卖盘
2432,10:04:45,20.54,0.02,171,351234,买盘
2433,10:04:42,20.52,--,17,34884,买盘
2434,10:04:39,20.52,--,1,2052,买盘
2435,10:04:36,20.52,-0.01,51,104652,卖盘
2436,10:04:33,20.53,--,12,24636,卖盘
2437,10:04:30,20.53,-0.01,15,30795,卖盘
2438,10:04:24,20.54,--,23,47242,卖盘
2439,10:04:21,20.54,--,50,102700,卖盘
2440,10:04:18,20.54,--,45,92430,卖盘
2441,10:04:15,20.54,-0.01,20,41080,卖盘
2442,10:04:12,20.55,--,61,125355,买盘
2443,10:04:09,20.55,--,45,92475,卖盘
2444,10:04:06,20.55,--,33,67815,卖盘
2445,10:04:03,20.55,-0.02,105,215775,卖盘
2446,10:04:00,20.57,0.01,30,61710,买盘
2447,10:03:57,20.56,--,120,246719,卖盘
2448,10:03:54,20.56,-0.01,71,145976,卖盘
2449,10:03:51,20.57,0.01,19,39083,买盘
2450,10:03:48,20.56,-0.01,13,26728,卖盘
2451,10:03:45,20.57,0.02,3,6171,买盘
2452,10:03:42,20.55,-0.01,42,86310,卖盘
2453,10:03:39,20.56,-0.01,29,59623,中性盘
2454,10:03:36,20.57,--,91,187187,买盘
2455,10:03:33,20.57,0.01,19,39083,买盘
2456,10:03:30,20.56,-0.01,23,47288,卖盘
2457,10:03:27,20.57,-0.01,31,63767,中性盘
2458,10:03:24,20.58,0.01,243,500093,买盘
2459,10:03:21,20.57,--,58,119306,买盘
2460,10:03:18,20.57,--,161,331177,买盘
2461,10:03:15,20.57,-0.01,15,30855,买盘
2462,10:03:12,20.58,--,21,43218,买盘
2463,10:03:09,20.58,0.03,37,76146,买盘
2464,10:03:06,20.55,-0.03,69,141795,卖盘
2465,10:03:03,20.58,0.03,266,547428,买盘
2466,10:03:00,20.55,0.01,81,166455,买盘
2467,10:02:57,20.54,-0.02,98,201292,卖盘
2468,10:02:54,20.56,--,22,45232,买盘
2469,10:02:51,20.56,--,98,201488,买盘
2470,10:02:48,20.56,0.01,21,43176,买盘
2471,10:02:45,20.55,0.01,70,143850,卖盘
2472,10:02:42,20.54,--,24,49296,卖盘
2473,10:02:39,20.54,-0.01,61,125294,卖盘
2474,10:02:36,20.55,--,63,129465,买盘
2475,10:02:33,20.55,0.01,99,203445,买盘
2476,10:02:30,20.54,0.04,44,90376,买盘
2477,10:02:27,20.5,-0.06,11,22550,卖盘
2478,10:02:24,20.56,0.06,45,92520,买盘
2479,10:02:21,20.5,--,9,18450,卖盘
2480,10:02:18,20.5,--,23,47150,买盘
2481,10:02:15,20.5,--,1020,2091000,买盘
2482,10:02:12,20.5,--,13,26650,买盘
2483,10:02:09,20.5,--,83,170150,买盘
2484,10:02:06,20.5,--,179,366950,买盘
2485,10:02:03,20.5,--,19,38950,买盘
2486,10:02:00,20.5,--,69,141450,买盘
2487,10:01:57,20.5,-0.02,67,137350,卖盘
2488,10:01:54,20.52,0.01,64,133092,买盘
2489,10:01:51,20.51,--,1,2051,卖盘
2490,10:01:48,20.51,0.02,49,100786,买盘
2491,10:01:45,20.49,-0.02,15,30734,卖盘
2492,10:01:42,20.51,--,36,75599,卖盘
2493,10:01:39,20.51,0.04,13,26950,买盘
2494,10:01:36,20.47,-0.03,28,59076,卖盘
2495,10:01:33,20.5,--,192,393887,买盘
2496,10:01:30,20.5,0.01,100,205000,买盘
2497,10:01:27,20.49,0.01,100,204899,买盘
2498,10:01:24,20.48,0.04,360,737280,买盘
2499,10:01:15,20.44,0.02,4,8176,中性盘
2500,10:01:06,20.42,-0.03,13,26546,中性盘
2501,10:01:03,20.45,0.04,306,625770,买盘
2502,10:00:57,20.41,0.01,36,73476,买盘
2503,10:00:54,20.4,-0.01,55,112199,卖盘
2504,10:00:51,20.41,0.01,8,16328,买盘
2505,10:00:48,20.4,-0.01,10,20400,卖盘
2506,10:00:45,20.41,0.01,33,67353,买盘
2507,10:00:39,20.4,--,8,16319,买盘
2508,10:00:36,20.4,0.01,200,408000,买盘
2509,10:00:33,20.39,-0.01,2,4078,卖盘
2510,10:00:30,20.4,0.01,111,226439,买盘
2511,10:00:24,20.39,0.04,22,44858,买盘
2512,10:00:21,20.35,-0.01,165,335775,卖盘
2513,10:00:18,20.36,0.01,1,2036,买盘
2514,10:00:15,20.35,--,36,73260,买盘
2515,10:00:12,20.35,--,4,8140,买盘
2516,10:00:09,20.35,--,196,398860,买盘
2517,10:00:06,20.35,--,7,14245,买盘
2518,10:00:03,20.35,--,7,14245,买盘
2519,10:00:00,20.35,0.01,5,10175,买盘
2520,09:59:57,20.34,--,9,18306,卖盘
2521,09:59:54,20.34,-0.01,69,140346,卖盘
2522,09:59:51,20.35,0.01,1,2035,买盘
2523,09:59:48,20.34,-0.01,18,36612,买盘
2524,09:59:42,20.35,0.01,12,24420,买盘
2525,09:59:39,20.34,0.01,4,8136,买盘
2526,09:59:36,20.33,--,17,34561,中性盘
2527,09:59:33,20.33,-0.01,21,42693,卖盘
2528,09:59:30,20.34,0.01,5,10170,买盘
2529,09:59:27,20.33,--,27,54890,买盘
2530,09:59:24,20.33,--,72,146376,买盘
2531,09:59:21,20.33,--,44,89451,卖盘
2532,09:59:12,20.33,--,40,81320,卖盘
2533,09:59:03,20.33,-0.01,3,6098,卖盘
2534,09:58:57,20.34,--,1,2034,买盘
2535,09:58:54,20.34,--,15,30510,卖盘
2536,09:58:48,20.34,--,4,8136,卖盘
2537,09:58:45,20.34,-0.01,31,63054,卖盘
2538,09:58:42,20.35,0.02,20,40700,买盘
2539,09:58:36,20.33,0.01,143,290719,买盘
2540,09:58:30,20.32,--,5,10160,卖盘
2541,09:58:27,20.32,--,10,20320,卖盘
2542,09:58:24,20.32,-0.01,1,2032,卖盘
2543,09:58:21,20.33,--,23,46758,买盘
2544,09:58:18,20.33,--,10,20330,买盘
2545,09:58:15,20.33,--,5,10165,买盘
2546,09:58:12,20.33,-0.01,158,321214,卖盘
2547,09:58:06,20.34,--,2,4068,卖盘
2548,09:58:03,20.34,-0.01,27,54918,卖盘
2549,09:57:57,20.35,--,71,144485,买盘
2550,09:57:54,20.35,0.01,134,272690,买盘
2551,09:57:51,20.34,--,111,225774,卖盘
2552,09:57:48,20.34,-0.01,8,16272,卖盘
2553,09:57:45,20.35,--,5,10175,买盘
2554,09:57:42,20.35,--,6,12210,买盘
2555,09:57:36,20.35,--,43,87505,买盘
2556,09:57:27,20.35,--,17,34595,买盘
2557,09:57:24,20.35,--,22,44770,买盘
2558,09:57:21,20.35,-0.01,106,215710,卖盘
2559,09:57:18,20.36,--,6,12216,买盘
2560,09:57:15,20.36,--,5,10180,买盘
2561,09:57:12,20.36,0.01,162,329832,买盘
2562,09:57:06,20.35,--,110,223850,买盘
2563,09:57:03,20.35,--,8,16280,买盘
2564,09:57:00,20.35,0.01,98,199430,买盘
2565,09:56:51,20.34,0.01,2,4068,卖盘
2566,09:56:45,20.33,-0.01,12,24395,卖盘
2567,09:56:42,20.34,0.02,26,52884,买盘
2568,09:56:33,20.32,--,5,10160,卖盘
2569,09:56:30,20.32,-0.01,119,241808,卖盘
2570,09:56:27,20.33,--,10,20330,买盘
2571,09:56:24,20.33,0.01,2,4065,买盘
2572,09:56:21,20.32,-0.01,7,14224,卖盘
2573,09:56:18,20.33,0.01,13,26428,买盘
2574,09:56:03,20.32,-0.01,18,36576,卖盘
2575,09:56:00,20.33,--,14,28461,卖盘
2576,09:55:57,20.33,-0.02,1,2032,卖盘
2577,09:55:54,20.35,0.03,4,8140,买盘
2578,09:55:51,20.32,-0.03,96,195072,卖盘
2579,09:55:45,20.35,--,20,40700,买盘
2580,09:55:42,20.35,--,12,24420,买盘
2581,09:55:39,20.35,--,23,46805,买盘
2582,09:55:36,20.35,--,6,12210,买盘
2583,09:55:33,20.35,0.04,9,18315,买盘
2584,09:55:30,20.31,-0.03,14,28434,卖盘
2585,09:55:27,20.34,--,4,8136,买盘
2586,09:55:24,20.34,0.03,11,22374,中性盘
2587,09:55:18,20.31,-0.04,173,351363,卖盘
2588,09:55:15,20.35,--,2,4070,卖盘
2589,09:55:09,20.35,-0.01,13,26455,卖盘
2590,09:55:06,20.36,--,2,4072,买盘
2591,09:55:03,20.36,--,22,44792,卖盘
2592,09:55:00,20.36,--,30,61080,卖盘
2593,09:54:51,20.36,--,33,67188,卖盘
2594,09:54:45,20.36,--,3,6108,买盘
2595,09:54:39,20.36,-0.01,21,42756,卖盘
2596,09:54:36,20.37,-0.01,1,2037,卖盘
2597,09:54:30,20.38,0.01,15,30570,买盘
2598,09:54:24,20.37,0.01,4,8148,中性盘
2599,09:54:21,20.36,-0.01,100,203600,卖盘
2600,09:54:15,20.37,--,1,2037,买盘
2601,09:54:12,20.37,--,3,6111,卖盘
2602,09:54:06,20.37,-0.01,20,40740,卖盘
2603,09:54:03,20.38,--,1,2038,买盘
2604,09:54:00,20.38,-0.01,14,28532,卖盘
2605,09:53:57,20.39,--,36,73404,卖盘
2606,09:53:54,20.39,0.03,24,48936,买盘
2607,09:53:51,20.36,-0.01,46,93656,卖盘
2608,09:53:48,20.37,--,4,8148,卖盘
2609,09:53:42,20.37,-0.03,27,54999,卖盘
2610,09:53:33,20.4,0.01,53,108119,买盘
2611,09:53:30,20.39,--,21,42819,卖盘
2612,09:53:27,20.39,-0.01,18,36702,卖盘
2613,09:53:24,20.4,--,12,24480,卖盘
2614,09:53:21,20.4,--,4,8159,买盘
2615,09:53:18,20.4,0.01,109,222359,买盘
2616,09:53:12,20.39,0.02,3,6117,买盘
2617,09:53:09,20.37,--,11,22407,买盘
2618,09:53:06,20.37,--,14,28518,买盘
2619,09:53:03,20.37,0.01,535,1089795,中性盘
2620,09:53:00,20.36,--,30,61080,卖盘
2621,09:52:57,20.36,-0.04,35,71260,卖盘
2622,09:52:54,20.4,0.01,10,20400,买盘
2623,09:52:51,20.39,-0.01,1,2039,买盘
2624,09:52:48,20.4,0.04,5,10200,买盘
2625,09:52:45,20.36,-0.04,20,40720,卖盘
2626,09:52:42,20.4,0.02,245,499799,买盘
2627,09:52:39,20.38,0.02,17,34646,卖盘
2628,09:52:36,20.36,-0.01,39,79404,卖盘
2629,09:52:33,20.37,-0.01,8,16296,中性盘
2630,09:52:30,20.38,0.02,10,20380,买盘
2631,09:52:27,20.36,--,17,34612,卖盘
2632,09:52:24,20.36,--,35,71260,卖盘
2633,09:52:21,20.36,0.05,364,741104,买盘
2634,09:52:18,20.31,--,66,134046,卖盘
2635,09:52:12,20.31,0.01,10,20310,卖盘
2636,09:52:09,20.3,-0.02,119,241570,卖盘
2637,09:52:06,20.32,--,7,14224,买盘
2638,09:52:03,20.32,--,168,341376,买盘
2639,09:52:00,20.32,0.02,2,4064,买盘
2640,09:51:57,20.3,--,2,5075,卖盘
2641,09:51:48,20.3,--,169,343070,买盘
2642,09:51:45,20.3,--,14,28420,买盘
2643,09:51:42,20.3,0.02,306,621180,买盘
2644,09:51:39,20.28,--,29,58812,卖盘
2645,09:51:36,20.28,-0.02,200,405600,卖盘
2646,09:51:33,20.3,0.02,5,10150,买盘
2647,09:51:30,20.28,--,6,12168,卖盘
2648,09:51:27,20.28,-0.02,7,14196,卖盘
2649,09:51:24,20.3,0.02,98,198940,买盘
2650,09:51:18,20.28,0.01,18,36504,卖盘
2651,09:51:15,20.27,-0.01,6,12162,买盘
2652,09:51:12,20.28,0.01,47,95316,买盘
2653,09:51:09,20.27,-0.01,37,74999,卖盘
2654,09:51:06,20.28,0.03,16,32448,买盘
2655,09:51:03,20.25,-0.02,100,202500,卖盘
2656,09:51:00,20.27,-0.01,32,64864,中性盘
2657,09:50:57,20.28,0.02,11,22308,买盘
2658,09:50:54,20.26,-0.02,44,89144,卖盘
2659,09:50:51,20.28,--,3,6084,买盘
2660,09:50:48,20.28,--,28,56784,卖盘
2661,09:50:45,20.28,-0.01,1,2028,卖盘
2662,09:50:42,20.29,--,141,286089,买盘
2663,09:50:39,20.29,--,26,52754,买盘
2664,09:50:36,20.29,-0.01,2,4058,卖盘
2665,09:50:33,20.3,0.01,27,54810,买盘
2666,09:50:27,20.29,-0.01,39,79131,卖盘
2667,09:50:24,20.3,--,102,207060,卖盘
2668,09:50:21,20.3,--,9,18270,卖盘
2669,09:50:15,20.3,-0.01,81,164430,卖盘
2670,09:50:12,20.31,-0.01,1,2030,卖盘
2671,09:50:09,20.32,-0.01,29,58928,卖盘
2672,09:50:06,20.33,--,22,44725,买盘
2673,09:50:00,20.33,-0.02,12,24395,卖盘
2674,09:49:54,20.35,--,3,6105,中性盘
2675,09:49:48,20.35,0.02,1,2035,买盘
2676,09:49:45,20.33,--,10,20330,卖盘
2677,09:49:39,20.33,-0.03,129,262257,卖盘
2678,09:49:36,20.36,0.01,1,2036,买盘
2679,09:49:33,20.35,-0.02,137,278795,卖盘
2680,09:49:30,20.37,0.01,118,240366,买盘
2681,09:49:27,20.36,--,20,40720,卖盘
2682,09:49:24,20.36,--,42,85512,买盘
2683,09:49:21,20.36,--,2,4072,卖盘
2684,09:49:18,20.36,--,70,142520,卖盘
2685,09:49:15,20.36,-0.01,3,6108,卖盘
2686,09:49:12,20.37,--,5,10185,买盘
2687,09:49:03,20.37,--,12,24444,卖盘
2688,09:48:57,20.37,--,8,16296,卖盘
2689,09:48:54,20.37,--,11,22407,卖盘
2690,09:48:51,20.37,0.01,128,260736,买盘
2691,09:48:45,20.36,-0.01,2,4072,卖盘
2692,09:48:42,20.37,-0.01,10,20370,卖盘
2693,09:48:39,20.38,0.01,17,34646,买盘
2694,09:48:36,20.37,--,9,18333,卖盘
2695,09:48:33,20.37,-0.01,14,28518,卖盘
2696,09:48:30,20.38,--,81,165078,卖盘
2697,09:48:27,20.38,--,136,277168,卖盘
2698,09:48:21,20.38,--,50,101900,买盘
2699,09:48:12,20.38,--,9,18342,卖盘
2700,09:48:06,20.38,--,22,44836,卖盘
2701,09:48:00,20.38,0.02,3,6114,中性盘
2702,09:47:54,20.36,-0.04,500,1018000,卖盘
2703,09:47:51,20.4,0.02,7,14279,买盘
2704,09:47:48,20.38,-0.02,96,195648,卖盘
2705,09:47:45,20.4,0.01,3,6120,买盘
2706,09:47:42,20.39,-0.01,30,61170,卖盘
2707,09:47:39,20.4,--,25,51000,买盘
2708,09:47:36,20.4,0.01,10,20400,买盘
2709,09:47:30,20.39,--,39,79521,卖盘
2710,09:47:27,20.39,-0.01,2,4078,卖盘
2711,09:47:21,20.4,--,9,18360,买盘
2712,09:47:18,20.4,0.01,23,46920,买盘
2713,09:47:15,20.39,--,8,16312,卖盘
2714,09:47:06,20.39,--,1,2039,卖盘
2715,09:47:03,20.39,-0.01,10,20390,卖盘
2716,09:47:00,20.4,--,35,71400,买盘
2717,09:46:57,20.4,--,1,2039,买盘
2718,09:46:54,20.4,-0.01,34,69360,卖盘
2719,09:46:51,20.41,0.01,9,18369,买盘
2720,09:46:48,20.4,--,32,65279,卖盘
2721,09:46:45,20.4,--,3,6120,卖盘
2722,09:46:42,20.4,--,17,34680,卖盘
2723,09:46:39,20.4,-0.01,15,30599,卖盘
2724,09:46:36,20.41,0.01,44,89804,中性盘
2725,09:46:30,20.4,--,42,85680,卖盘
2726,09:46:27,20.4,--,40,81600,买盘
2727,09:46:24,20.4,--,17,34680,卖盘
2728,09:46:21,20.4,--,53,108119,买盘
2729,09:46:18,20.4,--,29,59159,买盘
2730,09:46:15,20.4,--,48,97920,买盘
2731,09:46:12,20.4,--,10,20400,买盘
2732,09:46:09,20.4,-0.01,162,330480,卖盘
2733,09:46:06,20.41,--,14,28574,卖盘
2734,09:46:00,20.41,-0.02,7,14287,中性盘
2735,09:45:57,20.43,--,2,4086,买盘
2736,09:45:54,20.43,--,19,38817,买盘
2737,09:45:51,20.43,--,12,24516,买盘
2738,09:45:48,20.43,--,8,18100,卖盘
2739,09:45:42,20.43,--,71,145053,卖盘
2740,09:45:36,20.43,0.02,87,178027,买盘
2741,09:45:33,20.41,--,3,6123,卖盘
2742,09:45:30,20.41,--,10,20410,卖盘
2743,09:45:27,20.41,-0.02,4,8164,卖盘
2744,09:45:21,20.43,--,43,87849,买盘
2745,09:45:12,20.43,0.01,198,404514,买盘
2746,09:45:09,20.42,0.02,4,8168,买盘
2747,09:45:03,20.4,-0.01,21,42840,卖盘
2748,09:45:00,20.41,0.01,25,51025,买盘
2749,09:44:57,20.4,-0.01,40,81600,卖盘
2750,09:44:54,20.41,0.01,3,6123,买盘
2751,09:44:51,20.4,--,12,24480,卖盘
2752,09:44:48,20.4,-0.01,11,22440,卖盘
2753,09:44:45,20.41,--,14,28574,买盘
2754,09:44:42,20.41,--,27,55107,买盘
2755,09:44:39,20.41,--,2,4082,买盘
2756,09:44:36,20.41,--,2,4082,卖盘
2757,09:44:33,20.41,--,10,20410,卖盘
2758,09:44:30,20.41,--,9,18369,买盘
2759,09:44:27,20.41,--,51,104091,卖盘
2760,09:44:21,20.41,-0.01,1,2041,卖盘
2761,09:44:18,20.42,--,5,10210,买盘
2762,09:44:15,20.42,--,5,10210,买盘
2763,09:44:12,20.42,--,2,4084,买盘
2764,09:44:09,20.42,-0.01,1,2042,中性盘
2765,09:44:06,20.43,--,35,71505,买盘
2766,09:44:00,20.43,--,24,49032,买盘
2767,09:43:57,20.43,--,20,40860,买盘
2768,09:43:54,20.43,--,9,18387,买盘
2769,09:43:51,20.43,--,0,1756,卖盘
2770,09:43:48,20.43,0.01,20,41146,买盘
2771,09:43:45,20.42,-0.01,3,6126,买盘
2772,09:43:42,20.43,0.02,10,20430,买盘
2773,09:43:39,20.41,-0.02,8,16328,卖盘
2774,09:43:36,20.43,--,5,10215,买盘
2775,09:43:33,20.43,--,37,75591,买盘
2776,09:43:27,20.43,0.01,52,106236,买盘
2777,09:43:24,20.42,-0.01,26,53092,卖盘
2778,09:43:21,20.43,--,10,20430,买盘
2779,09:43:18,20.43,--,19,38817,卖盘
2780,09:43:15,20.43,-0.01,135,275805,卖盘
2781,09:43:12,20.44,--,22,44968,卖盘
2782,09:43:09,20.44,--,9,18396,卖盘
2783,09:43:06,20.44,--,165,337260,买盘
2784,09:43:03,20.44,--,25,51100,买盘
2785,09:43:00,20.44,--,45,91980,买盘
2786,09:42:57,20.44,0.01,10,20440,买盘
2787,09:42:54,20.43,--,4,8172,卖盘
2788,09:42:45,20.43,--,30,61290,买盘
2789,09:42:36,20.43,--,9,18387,卖盘
2790,09:42:33,20.43,--,36,73548,卖盘
2791,09:42:30,20.43,-0.01,21,42903,卖盘
2792,09:42:24,20.44,0.01,14,28616,中性盘
2793,09:42:18,20.43,0.01,36,73548,买盘
2794,09:42:15,20.42,-0.03,91,185822,中性盘
2795,09:42:12,20.45,0.02,303,619635,买盘
2796,09:42:09,20.43,0.03,57,116451,买盘
2797,09:42:06,20.4,-0.02,71,144840,卖盘
2798,09:42:03,20.42,--,4,8168,卖盘
2799,09:42:00,20.42,--,7,14294,买盘
2800,09:41:57,20.42,--,13,26546,卖盘
2801,09:41:54,20.42,-0.02,52,106184,卖盘
2802,09:41:51,20.44,--,6,12264,买盘
2803,09:41:45,20.44,0.02,20,40880,买盘
2804,09:41:42,20.42,-0.02,24,49008,卖盘
2805,09:41:39,20.44,0.02,15,30660,买盘
2806,09:41:36,20.42,-0.01,5,10210,卖盘
2807,09:41:33,20.43,--,21,42903,买盘
2808,09:41:30,20.43,--,44,89892,买盘
2809,09:41:24,20.43,-0.01,3,6129,卖盘
2810,09:41:21,20.44,0.02,57,116508,买盘
2811,09:41:15,20.42,-0.01,40,81680,卖盘
2812,09:41:12,20.43,-0.02,13,26559,中性盘
2813,09:41:09,20.45,0.02,277,566465,买盘
2814,09:41:06,20.43,--,14,28602,买盘
2815,09:41:03,20.43,--,41,83763,买盘
