,time,price,change,volume,amount,type
0,15:00:00,14.29,--,0,0,卖盘
1,15:00:00,14.29,--,0,0,卖盘
2,15:00:00,14.29,0.01,16,22864,买盘
3,14:59:59,14.28,-0.01,20,28560,卖盘
4,14:59:56,14.29,--,17,24293,买盘
5,14:59:50,14.29,--,36,51444,买盘
6,14:59:47,14.29,--,31,44299,买盘
7,14:59:44,14.29,0.01,33,47157,买盘
8,14:59:41,14.28,-0.01,60,85680,卖盘
9,14:59:38,14.29,--,3,4287,买盘
10,14:59:35,14.29,-0.01,11,15718,卖盘
11,14:59:32,14.3,--,51,72930,买盘
12,14:59:26,14.3,0.02,18,25740,买盘
13,14:59:23,14.28,--,10,14280,卖盘
14,14:59:20,14.28,-0.02,25,35700,卖盘
15,14:59:17,14.3,--,15,21450,买盘
16,14:59:14,14.3,0.01,52,74360,买盘
17,14:59:08,14.29,--,3,4287,买盘
18,14:59:05,14.29,0.01,42,60018,买盘
19,14:59:02,14.28,-0.01,25,35700,买盘
20,14:58:44,14.29,--,21,30009,买盘
21,14:58:38,14.29,0.04,100,142900,买盘
22,14:58:20,14.25,--,23,33986,买盘
23,14:58:17,14.25,--,14,19950,买盘
24,14:58:14,14.25,--,69,98325,买盘
25,14:58:11,14.25,--,6,8550,买盘
26,14:58:08,14.25,--,1,1425,买盘
27,14:58:05,14.25,--,9,12825,买盘
28,14:58:02,14.25,--,104,148200,买盘
29,14:57:56,14.25,-0.02,231,329388,卖盘
30,14:57:53,14.27,0.01,1,1427,买盘
31,14:57:50,14.26,-0.01,3,4278,卖盘
32,14:57:47,14.27,0.01,18,25686,买盘
33,14:57:44,14.26,--,47,67022,卖盘
34,14:57:35,14.26,--,46,65596,卖盘
35,14:57:32,14.26,-0.01,17,24242,卖盘
36,14:57:29,14.27,--,70,99890,买盘
37,14:57:26,14.27,--,21,29967,买盘
38,14:57:23,14.27,--,24,34248,买盘
39,14:57:20,14.27,--,6,8562,买盘
40,14:57:17,14.27,--,10,14270,买盘
41,14:57:11,14.27,0.01,2,2854,买盘
42,14:57:08,14.26,-0.01,1,1426,卖盘
43,14:57:05,14.27,0.01,6,8562,买盘
44,14:56:59,14.26,--,57,81282,卖盘
45,14:56:47,14.26,--,8,11408,卖盘
46,14:56:44,14.26,--,32,45632,卖盘
47,14:56:37,14.26,--,3,4278,卖盘
48,14:56:31,14.26,--,10,14260,卖盘
49,14:56:28,14.26,--,10,14260,卖盘
50,14:56:25,14.26,--,10,14260,卖盘
51,14:56:22,14.26,--,2,4064,买盘
52,14:56:19,14.26,--,21,29946,买盘
53,14:56:13,14.26,--,9,12834,买盘
54,14:56:10,14.26,--,5,7130,买盘
55,14:56:07,14.26,--,3,4278,买盘
56,14:56:04,14.26,0.01,21,29946,买盘
57,14:56:01,14.25,-0.01,4,6013,卖盘
58,14:55:58,14.26,0.01,10,14260,买盘
59,14:55:55,14.25,-0.01,22,31350,卖盘
60,14:55:49,14.26,--,1,1426,买盘
61,14:55:46,14.26,0.01,2,2852,买盘
62,14:55:43,14.25,--,13,18525,卖盘
63,14:55:40,14.25,-0.01,140,199500,卖盘
64,14:55:37,14.26,--,43,61318,买盘
65,14:55:13,14.26,0.01,11,15686,买盘
66,14:55:07,14.25,-0.01,48,69511,卖盘
67,14:54:58,14.26,0.01,20,28520,买盘
68,14:54:55,14.25,--,15,21375,买盘
69,14:54:52,14.25,--,10,14250,买盘
70,14:54:49,14.25,-0.01,51,72675,卖盘
71,14:54:46,14.26,--,5,7130,买盘
72,14:54:43,14.26,0.01,18,25668,买盘
73,14:54:40,14.25,-0.01,8,11400,卖盘
74,14:54:37,14.26,--,135,192510,买盘
75,14:54:34,14.26,0.01,4,5704,买盘
76,14:54:22,14.25,--,13,18525,买盘
77,14:54:19,14.25,--,24,34200,买盘
78,14:54:13,14.25,0.01,26,37050,买盘
79,14:54:07,14.24,-0.01,2,2848,卖盘
80,14:53:58,14.25,0.01,13,18525,买盘
81,14:53:52,14.24,--,1,1424,卖盘
82,14:53:49,14.24,--,3,5624,买盘
83,14:53:46,14.24,-0.01,32,45639,卖盘
84,14:53:43,14.25,0.01,25,35625,买盘
85,14:53:40,14.24,-0.01,45,64080,卖盘
86,14:53:34,14.25,--,1,1425,买盘
87,14:53:31,14.25,-0.01,19,27075,买盘
88,14:53:28,14.26,--,0,0,买盘
89,14:53:25,14.26,0.01,472,674426,买盘
90,14:53:19,14.25,-0.01,2,2850,卖盘
91,14:53:13,14.26,--,3,4278,买盘
92,14:53:10,14.26,--,80,114080,买盘
93,14:53:07,14.26,--,35,49910,买盘
94,14:53:04,14.26,0.02,21,29946,买盘
95,14:53:01,14.24,-0.02,317,451408,卖盘
96,14:52:58,14.26,--,4,5704,买盘
97,14:52:46,14.26,--,46,65596,买盘
98,14:52:43,14.26,--,8,11408,买盘
99,14:52:40,14.26,--,1,1426,买盘
100,14:52:37,14.26,--,1,1426,买盘
101,14:52:34,14.26,--,8,11408,卖盘
102,14:52:31,14.26,-0.01,156,222456,卖盘
103,14:52:28,14.27,0.01,13,18551,买盘
104,14:52:25,14.26,-0.01,2,2852,卖盘
105,14:52:19,14.27,0.01,1,1427,买盘
106,14:52:16,14.26,-0.01,32,45632,卖盘
107,14:52:07,14.27,--,4,5708,买盘
108,14:52:04,14.27,--,1,1427,买盘
109,14:52:01,14.27,--,274,390998,买盘
110,14:51:58,14.27,-0.01,5,7135,买盘
111,14:51:52,14.28,--,10,14280,买盘
112,14:51:49,14.28,--,1,1428,买盘
113,14:51:40,14.28,--,1,1428,买盘
114,14:51:37,14.28,0.02,30,42840,中性盘
115,14:51:34,14.26,-0.02,154,219604,卖盘
116,14:51:28,14.28,--,18,25704,卖盘
117,14:51:22,14.28,--,30,42840,买盘
118,14:51:19,14.28,--,15,21420,买盘
119,14:51:13,14.28,0.02,7,9996,买盘
120,14:51:04,14.26,-0.02,153,218178,卖盘
121,14:50:52,14.28,--,8,11424,卖盘
122,14:50:49,14.28,-0.01,1,1428,卖盘
123,14:50:46,14.29,--,0,0,买盘
124,14:50:43,14.29,0.02,150,214350,买盘
125,14:50:37,14.27,--,72,102744,买盘
126,14:50:34,14.27,-0.03,77,109879,卖盘
127,14:50:31,14.3,0.01,11,15730,买盘
128,14:50:28,14.29,--,5,7145,卖盘
129,14:50:22,14.29,--,1,1429,卖盘
130,14:50:19,14.29,-0.01,6,8574,卖盘
131,14:50:16,14.3,0.01,1,1430,买盘
132,14:50:13,14.29,--,17,24293,买盘
133,14:50:10,14.29,-0.01,1,1429,卖盘
134,14:50:07,14.3,0.04,11,15730,买盘
135,14:50:04,14.26,-0.03,153,218178,卖盘
136,14:50:00,14.29,0.03,4,5716,买盘
137,14:49:52,14.26,-0.03,131,186806,卖盘
138,14:49:49,14.29,0.01,1,1429,中性盘
139,14:49:42,14.28,--,5,7140,卖盘
140,14:49:39,14.28,-0.02,2,2856,卖盘
141,14:49:36,14.3,--,1,1430,买盘
142,14:49:33,14.3,0.01,176,251680,买盘
143,14:49:24,14.29,-0.01,2,2858,卖盘
144,14:49:21,14.3,--,2,2860,买盘
145,14:49:18,14.3,--,1,1430,买盘
146,14:49:15,14.3,0.03,2,2860,买盘
147,14:49:09,14.27,--,0,0,卖盘
148,14:49:03,14.27,-0.02,154,219758,卖盘
149,14:49:00,14.29,--,1,1429,卖盘
150,14:48:48,14.29,--,0,0,中性盘
151,14:48:45,14.29,--,0,0,买盘
152,14:48:39,14.29,0.02,10,14290,买盘
153,14:48:33,14.27,-0.02,153,218331,卖盘
154,14:48:24,14.29,--,4,5716,买盘
155,14:48:21,14.29,--,1,1429,买盘
156,14:48:09,14.29,0.02,3,4287,买盘
157,14:48:03,14.27,-0.02,152,216904,卖盘
158,14:47:57,14.29,-0.03,55,78595,卖盘
159,14:47:51,14.32,--,10,14320,买盘
160,14:47:48,14.32,--,1,1432,买盘
161,14:47:45,14.32,--,1,1432,买盘
162,14:47:39,14.32,--,4,5728,买盘
163,14:47:33,14.32,-0.01,156,223392,中性盘
164,14:47:24,14.33,0.03,17,24361,买盘
165,14:47:18,14.3,-0.03,2,2860,卖盘
166,14:47:15,14.33,--,0,0,买盘
167,14:47:12,14.33,0.05,10,14330,买盘
168,14:47:06,14.28,--,0,0,卖盘
169,14:47:03,14.28,-0.01,153,218484,卖盘
170,14:47:00,14.29,-0.01,46,65734,卖盘
171,14:46:57,14.3,--,0,0,中性盘
172,14:46:51,14.3,-0.03,41,58630,卖盘
173,14:46:48,14.33,--,1,1433,买盘
174,14:46:45,14.33,0.03,14,20062,买盘
175,14:46:39,14.3,0.01,23,32890,买盘
176,14:46:36,14.29,--,2,2858,卖盘
177,14:46:33,14.29,--,160,228640,卖盘
178,14:46:30,14.29,-0.04,3,4287,卖盘
179,14:46:24,14.33,--,9,12897,买盘
180,14:46:18,14.33,0.04,1,1433,买盘
181,14:46:15,14.29,-0.04,2,2858,卖盘
182,14:46:12,14.33,0.04,3,4299,买盘
183,14:46:06,14.29,0.01,1,1429,卖盘
184,14:46:03,14.28,-0.01,154,219912,卖盘
185,14:46:00,14.29,0.01,3,4287,卖盘
186,14:45:57,14.28,--,0,0,卖盘
187,14:45:54,14.28,-0.01,4,5712,卖盘
188,14:45:51,14.29,--,102,145758,买盘
189,14:45:48,14.29,--,6,8574,买盘
190,14:45:45,14.29,--,13,18577,买盘
191,14:45:36,14.29,--,20,28580,买盘
192,14:45:33,14.29,-0.04,15,21435,卖盘
193,14:45:30,14.33,-0.01,1,1433,卖盘
194,14:45:24,14.34,--,1,1434,买盘
195,14:45:20,14.34,0.01,26,37284,买盘
196,14:45:15,14.33,-0.01,4,5732,卖盘
197,14:45:12,14.34,0.01,10,14340,买盘
198,14:45:09,14.33,-0.01,5,7165,卖盘
199,14:45:05,14.34,0.05,10,14340,买盘
200,14:45:03,14.29,-0.05,149,212921,卖盘
201,14:45:00,14.34,0.01,25,35850,买盘
202,14:44:57,14.33,--,11,15763,卖盘
203,14:44:50,14.33,-0.01,20,28660,卖盘
204,14:44:47,14.34,0.01,1,1434,买盘
205,14:44:44,14.33,--,4,5732,卖盘
206,14:44:41,14.33,--,5,7165,卖盘
207,14:44:38,14.33,0.05,79,113207,买盘
208,14:44:32,14.28,-0.03,153,218484,卖盘
209,14:44:29,14.31,-0.01,3,4293,卖盘
210,14:44:26,14.32,--,1,1432,买盘
211,14:44:17,14.32,0.01,1,1432,买盘
212,14:44:14,14.31,--,3,4293,卖盘
213,14:44:11,14.31,-0.01,18,25758,卖盘
214,14:44:08,14.32,0.04,2,2864,买盘
215,14:44:05,14.28,--,0,0,卖盘
216,14:44:02,14.28,-0.03,154,219912,卖盘
217,14:43:59,14.31,-0.02,2,2862,卖盘
218,14:43:56,14.33,0.02,15,21495,买盘
219,14:43:53,14.31,-0.02,0,601,卖盘
220,14:43:50,14.33,0.02,1,1433,买盘
221,14:43:44,14.31,0.01,16,22896,买盘
222,14:43:38,14.3,0.02,28,40040,买盘
223,14:43:35,14.28,--,32,45696,买盘
224,14:43:32,14.28,-0.02,96,137088,卖盘
225,14:43:29,14.3,-0.01,3,4290,卖盘
226,14:43:23,14.31,0.01,2,2862,买盘
227,14:43:14,14.3,--,2,2860,卖盘
228,14:43:11,14.3,0.02,1,1430,中性盘
229,14:43:08,14.28,--,0,0,卖盘
230,14:43:02,14.28,-0.02,153,218484,卖盘
231,14:42:59,14.3,--,3,4290,买盘
232,14:42:56,14.3,--,7,10010,卖盘
233,14:42:50,14.3,--,0,0,卖盘
234,14:42:44,14.3,0.02,14,20020,买盘
235,14:42:41,14.28,--,0,0,卖盘
236,14:42:38,14.28,--,0,0,卖盘
237,14:42:35,14.28,--,0,0,卖盘
238,14:42:32,14.28,-0.03,154,219912,卖盘
239,14:42:29,14.31,0.01,12,17172,买盘
240,14:42:23,14.3,--,17,24310,卖盘
241,14:42:17,14.3,--,7,10010,买盘
242,14:42:14,14.3,0.01,6,8580,卖盘
243,14:42:05,14.29,--,0,0,卖盘
244,14:42:02,14.29,-0.01,152,217208,卖盘
245,14:41:59,14.3,--,4,5720,卖盘
246,14:41:50,14.3,--,0,0,中性盘
247,14:41:47,14.3,0.01,1,1430,买盘
248,14:41:44,14.29,-0.01,48,68592,卖盘
249,14:41:41,14.3,--,0,0,买盘
250,14:41:38,14.3,--,0,0,买盘
251,14:41:35,14.3,0.02,29,41470,买盘
252,14:41:32,14.28,-0.02,129,184212,卖盘
253,14:41:29,14.3,-0.01,4,5720,卖盘
254,14:41:23,14.31,-0.02,2,2862,卖盘
255,14:41:17,14.33,--,7,10031,买盘
256,14:41:14,14.33,0.05,21,30093,买盘
257,14:41:05,14.28,--,0,0,卖盘
258,14:41:02,14.28,-0.02,154,219912,卖盘
259,14:40:59,14.3,0.01,3,4290,卖盘
260,14:40:50,14.29,--,0,0,卖盘
261,14:40:44,14.29,-0.04,3,4287,卖盘
262,14:40:35,14.33,--,0,0,买盘
263,14:40:32,14.33,0.04,168,240744,买盘
264,14:40:29,14.29,-0.04,5,7145,卖盘
265,14:40:26,14.33,--,1,1433,卖盘
266,14:40:20,14.33,--,10,14330,卖盘
267,14:40:17,14.33,--,4,5732,卖盘
268,14:40:14,14.33,0.04,7,10031,卖盘
269,14:40:05,14.29,--,19,27151,买盘
270,14:40:02,14.29,-0.01,133,190057,卖盘
271,14:39:59,14.3,-0.03,3,4290,卖盘
272,14:39:56,14.33,--,1,1433,卖盘
273,14:39:53,14.33,0.03,5,7165,买盘
274,14:39:44,14.3,-0.03,3,4290,卖盘
275,14:39:35,14.33,--,22,31526,买盘
276,14:39:32,14.33,0.02,175,250775,买盘
277,14:39:29,14.31,-0.02,3,4293,卖盘
278,14:39:26,14.33,--,9,12897,买盘
279,14:39:23,14.33,0.03,1,1433,买盘
280,14:39:17,14.3,--,10,14300,卖盘
281,14:39:13,14.3,-0.03,3,4290,卖盘
282,14:39:08,14.33,0.05,39,55887,买盘
283,14:39:01,14.28,-0.02,153,218484,卖盘
284,14:38:58,14.3,0.01,2,2860,卖盘
285,14:38:53,14.29,-0.01,36,51444,卖盘
286,14:38:44,14.3,0.01,3,4290,中性盘
287,14:38:34,14.29,0.01,31,44299,中性盘
288,14:38:31,14.28,-0.01,152,217056,卖盘
289,14:38:28,14.29,-0.04,3,4287,卖盘
290,14:38:22,14.33,--,10,14330,买盘
291,14:38:19,14.33,0.04,14,20062,买盘
292,14:38:13,14.29,0.01,2,2858,卖盘
293,14:38:01,14.28,-0.01,155,221340,卖盘
294,14:37:58,14.29,--,3,4287,卖盘
295,14:37:55,14.29,--,1,1429,买盘
296,14:37:52,14.29,0.01,18,25722,买盘
297,14:37:46,14.28,-0.01,22,31416,卖盘
298,14:37:43,14.29,--,11,15718,买盘
299,14:37:40,14.29,--,25,35725,买盘
300,14:37:37,14.29,--,71,101459,买盘
301,14:37:31,14.29,-0.01,31,44299,卖盘
302,14:37:28,14.3,-0.03,12,17160,卖盘
303,14:37:25,14.33,--,0,0,买盘
304,14:37:22,14.33,0.03,1,1433,买盘
305,14:37:16,14.3,-0.02,5,7150,卖盘
306,14:37:13,14.32,0.04,6,8592,买盘
307,14:37:10,14.28,--,0,0,卖盘
308,14:37:01,14.28,-0.02,165,235620,卖盘
309,14:36:58,14.3,--,3,4290,卖盘
310,14:36:55,14.3,-0.02,5,7150,卖盘
311,14:36:52,14.32,0.04,22,31504,买盘
312,14:36:43,14.28,0.02,2,2856,卖盘
313,14:36:37,14.26,--,0,0,卖盘
314,14:36:34,14.26,--,0,0,卖盘
315,14:36:31,14.26,-0.02,228,325128,卖盘
316,14:36:28,14.28,--,0,0,卖盘
317,14:36:25,14.28,-0.04,5,7140,卖盘
318,14:36:22,14.32,0.04,4,5728,买盘
319,14:36:19,14.28,-0.01,18,25704,卖盘
320,14:36:16,14.29,--,5,7145,卖盘
321,14:36:13,14.29,0.01,23,32867,买盘
322,14:36:10,14.28,--,2,2856,卖盘
323,14:36:07,14.28,0.01,7,9996,卖盘
324,14:36:04,14.27,--,0,0,卖盘
325,14:36:01,14.27,-0.01,153,218331,卖盘
326,14:35:55,14.28,-0.01,4,5712,卖盘
327,14:35:52,14.29,--,25,35725,买盘
328,14:35:49,14.29,--,13,18577,买盘
329,14:35:46,14.29,0.01,10,14290,买盘
330,14:35:43,14.28,-0.01,13,18564,卖盘
331,14:35:31,14.29,-0.04,27,38654,卖盘
332,14:35:28,14.33,--,45,64485,卖盘
333,14:35:25,14.33,--,57,81681,卖盘
334,14:35:22,14.33,0.02,23,32959,买盘
335,14:35:19,14.31,--,10,15640,卖盘
336,14:35:13,14.31,0.01,3,4293,卖盘
337,14:35:10,14.3,0.02,48,68668,卖盘
338,14:35:04,14.28,--,0,0,卖盘
339,14:35:01,14.28,-0.02,155,221340,卖盘
340,14:34:58,14.3,--,44,62920,卖盘
341,14:34:52,14.3,--,2,2860,卖盘
342,14:34:49,14.3,--,5,7150,卖盘
343,14:34:46,14.3,0.02,21,30030,买盘
344,14:34:43,14.28,0.02,2,2856,中性盘
345,14:34:40,14.26,-0.01,150,213900,卖盘
346,14:34:37,14.27,-0.01,100,142700,卖盘
347,14:34:31,14.28,0.02,10,14280,买盘
348,14:34:28,14.26,--,39,55614,卖盘
349,14:34:13,14.26,--,31,45061,买盘
350,14:34:10,14.26,--,60,85560,买盘
351,14:34:07,14.26,--,49,69874,买盘
352,14:34:04,14.26,--,120,171120,买盘
353,14:33:58,14.26,--,26,37076,买盘
354,14:33:55,14.26,--,25,35650,买盘
355,14:33:52,14.26,-0.03,349,497674,卖盘
356,14:33:46,14.29,--,0,0,买盘
357,14:33:43,14.29,0.01,4,5716,买盘
358,14:33:40,14.28,--,5,7140,买盘
359,14:33:34,14.28,0.01,2,2856,买盘
360,14:33:31,14.27,-0.01,16,22832,卖盘
361,14:33:28,14.28,-0.02,1,1428,卖盘
362,14:33:22,14.3,--,102,145860,买盘
363,14:33:16,14.3,0.02,10,14300,买盘
364,14:33:13,14.28,-0.02,278,396984,卖盘
365,14:33:10,14.3,--,37,52910,买盘
366,14:33:04,14.3,-0.01,99,141570,卖盘
367,14:33:01,14.31,--,18,25758,卖盘
368,14:32:58,14.31,--,2,2862,卖盘
369,14:32:52,14.31,--,2,2862,卖盘
370,14:32:49,14.31,--,8,11448,买盘
371,14:32:46,14.31,0.01,23,32913,买盘
372,14:32:43,14.3,--,2,2860,卖盘
373,14:32:40,14.3,--,32,45760,买盘
374,14:32:37,14.3,--,82,117260,买盘
375,14:32:34,14.3,--,16,22880,买盘
376,14:32:31,14.3,-0.01,301,430430,卖盘
377,14:32:28,14.31,-0.02,1,1431,卖盘
378,14:32:25,14.33,0.01,197,282301,买盘
379,14:32:22,14.32,0.01,1,1432,中性盘
380,14:32:16,14.31,--,3,4293,卖盘
381,14:32:13,14.31,-0.02,1,1431,卖盘
382,14:32:04,14.33,0.03,170,243610,买盘
383,14:32:00,14.3,-0.02,19,27170,卖盘
384,14:31:58,14.32,--,1,1432,卖盘
385,14:31:54,14.32,0.02,2,2864,中性盘
386,14:31:48,14.3,-0.02,100,143000,卖盘
387,14:31:45,14.32,-0.01,13,18616,买盘
388,14:31:42,14.33,--,0,0,买盘
389,14:31:37,14.33,0.01,20,28660,买盘
390,14:31:30,14.32,--,20,28640,卖盘
391,14:31:27,14.32,--,10,14320,卖盘
392,14:31:24,14.32,--,39,55848,卖盘
393,14:31:15,14.32,--,2,2864,卖盘
394,14:31:13,14.32,--,1,1432,卖盘
395,14:31:09,14.32,0.02,15,21480,卖盘
396,14:31:06,14.3,-0.03,268,383240,卖盘
397,14:31:03,14.33,0.03,4,5732,买盘
398,14:31:00,14.3,-0.02,16,22880,卖盘
399,14:30:57,14.32,-0.01,1,1432,卖盘
400,14:30:54,14.33,--,1,1433,买盘
401,14:30:48,14.33,0.03,31,44423,买盘
402,14:30:45,14.3,-0.02,553,790790,卖盘
403,14:30:42,14.32,-0.01,1,1432,卖盘
404,14:30:33,14.33,0.01,10,14330,买盘
405,14:30:30,14.32,-0.01,16,22912,卖盘
406,14:30:27,14.33,--,118,169094,卖盘
407,14:30:24,14.33,--,5,7165,卖盘
408,14:30:15,14.33,--,0,0,卖盘
409,14:30:12,14.33,-0.02,10,14330,卖盘
410,14:30:09,14.35,0.01,27,38745,买盘
411,14:30:06,14.34,0.01,2,2868,中性盘
412,14:30:00,14.33,-0.01,19,27227,卖盘
413,14:29:57,14.34,-0.01,2,2868,卖盘
414,14:29:54,14.35,--,0,0,买盘
415,14:29:48,14.35,--,586,840910,买盘
416,14:29:45,14.35,--,206,295610,买盘
417,14:29:42,14.35,--,0,1377,卖盘
418,14:29:39,14.35,-0.01,10,14350,卖盘
419,14:29:33,14.36,0.01,1,1436,买盘
420,14:29:30,14.35,0.01,4,5797,中性盘
421,14:29:27,14.34,-0.01,39,55926,卖盘
422,14:29:24,14.35,0.01,9,12915,买盘
423,14:29:15,14.34,--,31,44454,卖盘
424,14:29:12,14.34,-0.01,30,43020,卖盘
425,14:29:09,14.35,--,18,25830,买盘
426,14:29:03,14.35,0.01,20,28700,买盘
427,14:29:00,14.34,-0.01,52,74568,卖盘
428,14:28:57,14.35,0.01,9,12915,买盘
429,14:28:54,14.34,--,4,5736,卖盘
430,14:28:51,14.34,-0.01,10,14340,卖盘
431,14:28:48,14.35,0.01,21,30135,买盘
432,14:28:45,14.34,--,4,5736,卖盘
433,14:28:42,14.34,--,53,76002,买盘
434,14:28:39,14.34,0.01,73,104682,买盘
435,14:28:36,14.33,-0.01,10,14330,卖盘
436,14:28:33,14.34,--,26,37284,卖盘
437,14:28:30,14.34,0.01,39,55926,买盘
438,14:28:27,14.33,--,31,44423,卖盘
439,14:28:24,14.33,--,1,1433,卖盘
440,14:28:21,14.33,-0.01,42,60186,卖盘
441,14:28:18,14.34,--,2,2868,买盘
442,14:28:15,14.34,0.01,17,24378,买盘
443,14:28:12,14.33,--,2,2866,卖盘
444,14:28:09,14.33,--,75,107475,买盘
445,14:28:06,14.33,0.01,10,14330,买盘
446,14:28:03,14.32,-0.01,56,80192,卖盘
447,14:28:00,14.33,--,23,32959,卖盘
448,14:27:57,14.33,--,12,17196,卖盘
449,14:27:54,14.33,--,2,2866,卖盘
450,14:27:51,14.33,--,4,5732,卖盘
451,14:27:48,14.33,-0.01,55,78815,卖盘
452,14:27:45,14.34,--,1,1434,买盘
453,14:27:42,14.34,-0.01,192,275328,卖盘
454,14:27:39,14.35,--,1,1435,卖盘
455,14:27:36,14.35,--,42,60270,卖盘
456,14:27:33,14.35,--,12,17220,卖盘
457,14:27:27,14.35,-0.01,1,1435,卖盘
458,14:27:18,14.36,-0.01,352,506017,卖盘
459,14:27:14,14.37,0.01,40,57480,买盘
460,14:27:12,14.36,-0.01,11,15796,卖盘
461,14:27:06,14.37,0.01,31,44547,买盘
462,14:27:03,14.36,-0.01,97,139292,卖盘
463,14:27:00,14.37,-0.01,61,87657,卖盘
464,14:26:57,14.38,0.01,80,115040,买盘
465,14:26:53,14.37,--,15,21555,卖盘
466,14:26:51,14.37,-0.01,114,163818,卖盘
467,14:26:48,14.38,--,28,40264,买盘
468,14:26:45,14.38,--,31,44621,卖盘
469,14:26:41,14.38,--,63,90594,卖盘
470,14:26:38,14.38,-0.01,49,70462,卖盘
471,14:26:23,14.39,-0.01,186,267654,卖盘
472,14:26:17,14.4,--,75,108000,卖盘
473,14:26:14,14.4,--,4,5760,卖盘
474,14:26:11,14.4,--,7,10080,卖盘
475,14:26:08,14.4,--,102,146880,卖盘
476,14:25:59,14.4,--,42,60480,卖盘
477,14:25:56,14.4,--,22,31680,卖盘
478,14:25:50,14.4,-0.01,1,1440,卖盘
479,14:25:44,14.41,--,46,66286,卖盘
480,14:25:41,14.41,--,1,1441,卖盘
481,14:25:38,14.41,--,9,12969,卖盘
482,14:25:35,14.41,--,5,7205,卖盘
483,14:25:26,14.41,--,3,4323,卖盘
484,14:25:23,14.41,-0.01,2,2882,卖盘
485,14:25:14,14.42,--,1,1442,买盘
486,14:25:11,14.42,0.01,5,7210,买盘
487,14:25:08,14.41,-0.01,2,2882,卖盘
488,14:24:59,14.42,0.01,36,51912,买盘
489,14:24:56,14.41,--,2,2882,卖盘
490,14:24:53,14.41,--,2,2882,卖盘
491,14:24:47,14.41,0.01,2,2882,买盘
492,14:24:44,14.4,-0.01,10,14400,卖盘
493,14:24:41,14.41,--,6,8646,卖盘
494,14:24:32,14.41,0.01,13,18733,买盘
495,14:24:29,14.4,--,1,1440,卖盘
496,14:24:26,14.4,-0.01,3,4320,卖盘
497,14:24:23,14.41,--,1,1441,买盘
498,14:24:05,14.41,--,3,4323,卖盘
499,14:23:59,14.41,0.01,1,1441,卖盘
500,14:23:56,14.4,--,3,4320,卖盘
501,14:23:47,14.4,-0.01,4,5760,卖盘
502,14:23:44,14.41,--,2,2882,卖盘
503,14:23:41,14.41,--,9,12969,买盘
504,14:23:38,14.41,--,4,5764,买盘
505,14:23:20,14.41,-0.01,8,11528,卖盘
506,14:23:14,14.42,0.01,81,116802,买盘
507,14:23:11,14.41,--,2,2882,卖盘
508,14:23:08,14.41,--,5,7205,卖盘
509,14:23:02,14.41,-0.01,25,36025,卖盘
510,14:22:59,14.42,0.01,2,2884,买盘
511,14:22:56,14.41,--,1,1441,卖盘
512,14:22:53,14.41,--,21,30261,卖盘
513,14:22:41,14.41,--,1,1441,卖盘
514,14:22:38,14.41,--,6,8646,卖盘
515,14:22:32,14.41,--,13,18733,中性盘
516,14:22:26,14.41,0.01,3,4323,买盘
517,14:22:23,14.4,-0.01,12,17280,卖盘
518,14:22:20,14.41,--,22,31702,买盘
519,14:22:14,14.41,0.01,1,1441,买盘
520,14:22:11,14.4,--,2,2880,卖盘
521,14:22:08,14.4,-0.01,5,7200,卖盘
522,14:22:02,14.41,--,1,1441,买盘
523,14:21:59,14.41,--,17,24497,卖盘
524,14:21:56,14.41,--,6,8646,卖盘
525,14:21:53,14.41,-0.01,2,2882,卖盘
526,14:21:44,14.42,0.01,1,1442,买盘
527,14:21:41,14.41,--,6,8646,卖盘
528,14:21:38,14.41,--,1,1441,卖盘
529,14:21:32,14.41,0.01,4,5764,买盘
530,14:21:29,14.4,--,1,1440,卖盘
531,14:21:26,14.4,--,1,1440,卖盘
532,14:21:23,14.4,-0.01,16,23040,卖盘
533,14:21:14,14.41,--,5,7205,卖盘
534,14:21:11,14.41,--,2,2882,卖盘
535,14:21:08,14.41,--,2,2882,卖盘
536,14:21:05,14.41,0.01,4,5764,卖盘
537,14:20:59,14.4,--,0,0,卖盘
538,14:20:56,14.4,-0.01,186,267840,卖盘
539,14:20:53,14.41,--,2,2882,卖盘
540,14:20:50,14.41,--,4,5764,买盘
541,14:20:37,14.41,-0.01,296,426536,卖盘
542,14:20:35,14.42,--,3,4326,卖盘
543,14:20:28,14.42,--,13,18746,卖盘
544,14:20:26,14.42,--,1,1442,卖盘
545,14:20:22,14.42,--,5,7210,卖盘
546,14:20:19,14.42,--,6,8652,卖盘
547,14:20:10,14.42,--,21,30282,卖盘
548,14:20:07,14.42,-0.01,2,2884,卖盘
549,14:20:05,14.43,0.01,6,8658,买盘
550,14:19:55,14.42,--,2,2884,卖盘
551,14:19:52,14.42,-0.01,2,2884,卖盘
552,14:19:46,14.43,--,10,14430,买盘
553,14:19:43,14.43,0.01,3,4329,买盘
554,14:19:40,14.42,--,2,2884,卖盘
555,14:19:37,14.42,--,2,2884,卖盘
556,14:19:31,14.42,--,29,41818,卖盘
557,14:19:25,14.42,--,2,2884,卖盘
558,14:19:22,14.42,-0.01,3,4326,卖盘
559,14:19:10,14.43,--,11,15873,卖盘
560,14:19:07,14.43,--,11,15873,卖盘
561,14:19:01,14.43,--,89,128427,卖盘
562,14:18:58,14.43,--,15,21645,卖盘
563,14:18:55,14.43,--,2,2886,卖盘
564,14:18:52,14.43,--,2,2886,卖盘
565,14:18:43,14.43,0.01,10,14430,买盘
566,14:18:40,14.42,-0.01,14,20188,卖盘
567,14:18:34,14.43,--,29,41847,买盘
568,14:18:22,14.43,--,6,8658,卖盘
569,14:18:19,14.43,--,9,12987,卖盘
570,14:18:10,14.43,--,13,18759,卖盘
571,14:18:07,14.43,-0.01,5,7215,卖盘
572,14:18:04,14.44,--,10,14440,买盘
573,14:18:01,14.44,0.01,1,1444,买盘
574,14:17:55,14.43,--,1,1443,卖盘
575,14:17:52,14.43,--,6,8658,卖盘
576,14:17:46,14.43,--,10,14430,卖盘
577,14:17:43,14.43,--,11,15873,卖盘
578,14:17:40,14.43,--,2,2886,卖盘
579,14:17:37,14.43,--,1,1443,卖盘
580,14:17:31,14.43,--,5,7215,卖盘
581,14:17:28,14.43,-0.01,3,4329,卖盘
582,14:17:25,14.44,0.01,28,40432,买盘
583,14:17:22,14.43,--,7,10101,卖盘
584,14:17:16,14.43,0.01,105,151515,买盘
585,14:17:10,14.42,--,10,14420,卖盘
586,14:17:07,14.42,--,3,4326,卖盘
587,14:16:55,14.42,--,1,1442,卖盘
588,14:16:52,14.42,-0.01,18,25956,卖盘
589,14:16:46,14.43,0.01,27,38961,买盘
590,14:16:40,14.42,-0.01,11,15862,卖盘
591,14:16:37,14.43,0.01,25,36075,买盘
592,14:16:34,14.42,--,19,27398,卖盘
593,14:16:25,14.42,--,7,10094,卖盘
594,14:16:22,14.42,--,1,1442,卖盘
595,14:16:10,14.42,--,2,2884,卖盘
596,14:16:07,14.42,--,2,2884,卖盘
597,14:16:04,14.42,--,7,10094,中性盘
598,14:16:01,14.42,--,1,1442,买盘
599,14:15:58,14.42,0.01,32,46144,买盘
600,14:15:55,14.41,--,14,20174,卖盘
601,14:15:52,14.41,--,1,1441,卖盘
602,14:15:46,14.41,--,12,17292,卖盘
603,14:15:40,14.41,--,18,25938,卖盘
604,14:15:37,14.41,-0.01,3,4323,卖盘
605,14:15:25,14.42,0.01,43,62006,买盘
606,14:15:16,14.41,-0.01,8,11528,卖盘
607,14:15:13,14.42,0.01,13,18746,买盘
608,14:15:10,14.41,--,2,2882,卖盘
609,14:15:07,14.41,--,1,1441,卖盘
610,14:15:04,14.41,--,13,18733,卖盘
611,14:15:01,14.41,--,0,0,卖盘
612,14:14:58,14.41,--,14,20174,卖盘
613,14:14:55,14.41,--,17,24497,卖盘
614,14:14:46,14.41,--,6,8646,卖盘
615,14:14:43,14.41,--,2,2882,卖盘
616,14:14:40,14.41,-0.01,3,4323,卖盘
617,14:14:37,14.42,0.01,5,7210,买盘
618,14:14:34,14.41,-0.01,30,43230,卖盘
619,14:14:31,14.42,0.01,10,14420,买盘
620,14:14:28,14.41,-0.01,1,1441,卖盘
621,14:14:25,14.42,0.01,3,4326,买盘
622,14:14:19,14.41,--,0,0,卖盘
623,14:14:13,14.41,-0.02,1,1441,卖盘
624,14:14:10,14.43,0.01,34,49062,买盘
625,14:14:04,14.42,--,1,1442,买盘
626,14:13:58,14.42,0.01,2,2884,买盘
627,14:13:55,14.41,-0.01,5,7205,卖盘
628,14:13:43,14.42,--,10,14420,买盘
629,14:13:39,14.42,--,5,7210,买盘
630,14:13:36,14.42,--,8,11536,卖盘
631,14:13:33,14.42,--,15,21630,卖盘
632,14:13:31,14.42,--,5,7210,卖盘
633,14:13:27,14.42,--,29,41818,卖盘
634,14:13:25,14.42,--,3,4326,卖盘
635,14:13:19,14.42,--,12,17304,卖盘
636,14:13:12,14.42,-0.01,1,1442,卖盘
637,14:13:09,14.43,--,9,12987,买盘
638,14:13:06,14.43,--,30,43290,买盘
639,14:13:03,14.43,--,1,1443,买盘
640,14:13:00,14.43,--,1,1443,卖盘
641,14:12:57,14.43,--,18,25974,卖盘
642,14:12:54,14.43,-0.01,3,4329,卖盘
643,14:12:51,14.44,0.01,50,72200,买盘
644,14:12:42,14.43,--,1,1443,卖盘
645,14:12:39,14.43,-0.01,3,4329,卖盘
646,14:12:33,14.44,0.01,5,7220,买盘
647,14:12:27,14.43,--,2,2886,卖盘
648,14:12:24,14.43,-0.01,2,2886,卖盘
649,14:12:21,14.44,0.01,24,34656,买盘
650,14:12:18,14.43,--,3,4329,买盘
651,14:12:15,14.43,--,4,5772,买盘
652,14:12:09,14.43,--,7,10101,卖盘
653,14:12:06,14.43,-0.01,2,2886,卖盘
654,14:12:03,14.44,0.01,1,1444,买盘
655,14:11:57,14.43,0.01,6,8658,买盘
656,14:11:54,14.42,--,0,0,卖盘
657,14:11:51,14.42,-0.01,26,37492,卖盘
658,14:11:48,14.43,--,2,2886,卖盘
659,14:11:42,14.43,0.01,5,7215,买盘
660,14:11:39,14.42,--,1,1442,卖盘
661,14:11:27,14.42,--,13,18746,卖盘
662,14:11:24,14.42,-0.01,8,11536,卖盘
663,14:11:18,14.43,0.01,1,1443,买盘
664,14:11:15,14.42,--,15,21630,卖盘
665,14:11:09,14.42,--,24,34608,卖盘
666,14:11:06,14.42,-0.01,3,4326,卖盘
667,14:11:03,14.43,--,1,1443,买盘
668,14:10:57,14.43,0.01,5,7215,买盘
669,14:10:54,14.42,--,3,4326,卖盘
670,14:10:51,14.42,-0.01,20,28840,卖盘
671,14:10:45,14.43,0.01,92,132756,买盘
672,14:10:39,14.42,--,4,5768,卖盘
673,14:10:33,14.42,--,11,15862,卖盘
674,14:10:30,14.42,--,11,15862,卖盘
675,14:10:27,14.42,--,3,4326,卖盘
676,14:10:24,14.42,--,9,12978,卖盘
677,14:10:21,14.42,--,27,38934,卖盘
678,14:10:09,14.42,--,82,118244,卖盘
679,14:10:03,14.42,--,6,8652,卖盘
680,14:09:57,14.42,--,22,31724,卖盘
681,14:09:54,14.42,--,5,7210,卖盘
682,14:09:51,14.42,--,15,21630,卖盘
683,14:09:42,14.42,--,1,1442,卖盘
684,14:09:39,14.42,-0.01,2,2884,卖盘
685,14:09:30,14.43,0.01,7,10101,买盘
686,14:09:27,14.42,--,13,18746,卖盘
687,14:09:24,14.42,-0.01,3,4326,卖盘
688,14:09:15,14.43,0.01,2,2886,买盘
689,14:09:12,14.42,--,7,10094,卖盘
690,14:09:09,14.42,--,3,4326,卖盘
691,14:09:03,14.42,--,15,21630,卖盘
692,14:09:00,14.42,--,14,20188,卖盘
693,14:08:57,14.42,--,20,28840,卖盘
694,14:08:54,14.42,--,6,8652,卖盘
695,14:08:48,14.42,--,17,24514,卖盘
696,14:08:45,14.42,--,11,15862,卖盘
697,14:08:42,14.42,--,3,4326,卖盘
698,14:08:39,14.42,--,2,2884,卖盘
699,14:08:36,14.42,-0.02,2,2884,卖盘
700,14:08:33,14.44,0.02,2,2888,买盘
701,14:08:30,14.42,--,2,2884,卖盘
702,14:08:26,14.42,-0.01,27,38934,卖盘
703,14:08:24,14.43,--,6,8658,卖盘
704,14:08:21,14.43,0.01,2,2886,买盘
705,14:08:11,14.42,-0.01,1,1442,卖盘
706,14:08:08,14.43,--,26,37518,卖盘
707,14:08:06,14.43,--,9,12987,卖盘
708,14:08:02,14.43,--,6,8658,卖盘
709,14:08:00,14.43,--,1,1443,卖盘
710,14:07:56,14.43,--,1,1443,卖盘
711,14:07:54,14.43,--,6,8658,卖盘
712,14:07:41,14.43,--,5,7215,卖盘
713,14:07:38,14.43,--,3,4329,卖盘
714,14:07:35,14.43,--,10,14430,卖盘
715,14:07:32,14.43,--,40,57720,卖盘
716,14:07:23,14.43,--,8,11544,卖盘
717,14:07:20,14.43,--,8,11544,卖盘
718,14:07:14,14.43,--,7,10101,卖盘
719,14:07:11,14.43,-0.01,1,1443,卖盘
720,14:07:02,14.44,--,27,38988,卖盘
721,14:06:59,14.44,--,9,12996,卖盘
722,14:06:56,14.44,--,11,15884,卖盘
723,14:06:53,14.44,--,1,1444,卖盘
724,14:06:50,14.44,-0.01,7,10108,卖盘
725,14:06:47,14.45,--,1,1445,买盘
726,14:06:44,14.45,--,10,14450,卖盘
727,14:06:41,14.45,--,2,2890,卖盘
728,14:06:38,14.45,--,13,18785,卖盘
729,14:06:32,14.45,-0.01,7,10115,卖盘
730,14:06:29,14.46,--,26,37596,买盘
731,14:06:26,14.46,--,10,14460,买盘
732,14:06:23,14.46,0.01,1,1446,买盘
733,14:06:20,14.45,-0.01,6,8670,卖盘
734,14:06:14,14.46,-0.01,15,21690,卖盘
735,14:06:02,14.47,--,20,30054,卖盘
736,14:05:59,14.47,-0.01,32,46304,卖盘
737,14:05:56,14.48,0.01,3,4344,买盘
738,14:05:53,14.47,--,5,7235,卖盘
739,14:05:50,14.47,--,11,15917,卖盘
740,14:05:44,14.47,-0.01,15,21705,卖盘
741,14:05:32,14.48,--,23,33304,卖盘
742,14:05:26,14.48,--,25,36200,卖盘
743,14:05:23,14.48,--,49,70952,卖盘
744,14:05:20,14.48,--,13,18824,卖盘
745,14:05:11,14.48,--,14,20272,卖盘
746,14:05:08,14.48,--,6,8688,卖盘
747,14:05:05,14.48,--,10,14480,卖盘
748,14:04:59,14.48,--,10,14480,卖盘
749,14:04:56,14.48,--,1,1448,卖盘
750,14:04:53,14.48,-0.01,21,30408,卖盘
751,14:04:50,14.49,0.01,3,4347,买盘
752,14:04:47,14.48,--,6,8688,卖盘
753,14:04:38,14.48,--,2,2896,卖盘
754,14:04:35,14.48,--,2,2896,卖盘
755,14:04:32,14.48,-0.01,4,5792,卖盘
756,14:04:29,14.49,0.01,26,37674,买盘
757,14:04:26,14.48,--,76,110048,卖盘
758,14:04:23,14.48,--,3,4344,卖盘
759,14:04:20,14.48,0.01,356,515893,买盘
760,14:04:17,14.47,--,5,7235,卖盘
761,14:04:14,14.47,--,14,20258,卖盘
762,14:04:11,14.47,0.03,113,163843,买盘
763,14:04:08,14.44,--,2,2888,卖盘
764,14:04:05,14.44,-0.01,3,4332,卖盘
765,14:04:02,14.45,--,1,1445,买盘
766,14:03:56,14.45,--,0,0,中性盘
767,14:03:53,14.45,-0.02,5,7225,卖盘
768,14:03:50,14.47,0.02,1,1447,买盘
769,14:03:32,14.45,-0.02,27,40127,卖盘
770,14:03:29,14.47,--,8,11576,卖盘
771,14:03:26,14.47,--,48,70193,卖盘
772,14:03:23,14.47,0.01,35,51686,买盘
773,14:03:20,14.46,-0.01,14,20244,买盘
774,14:03:08,14.47,--,0,0,买盘
775,14:03:05,14.47,0.01,20,28940,买盘
776,14:03:02,14.46,-0.01,13,18798,卖盘
777,14:02:53,14.47,--,1,1447,买盘
778,14:02:50,14.47,--,1,1852,卖盘
779,14:02:44,14.47,--,4,5788,卖盘
780,14:02:41,14.47,--,10,14470,卖盘
781,14:02:38,14.47,--,11,15917,卖盘
782,14:02:35,14.47,-0.01,0,1041,卖盘
783,14:02:29,14.48,--,17,25658,卖盘
784,14:02:26,14.48,-0.01,53,76744,卖盘
785,14:02:23,14.49,0.01,21,30429,买盘
786,14:02:20,14.48,--,16,23168,卖盘
787,14:02:17,14.48,-0.01,3,4749,卖盘
788,14:02:08,14.49,--,3,4347,卖盘
789,14:02:05,14.49,--,6,8694,卖盘
790,14:02:02,14.49,-0.01,31,44919,卖盘
791,14:01:59,14.5,0.01,5,7250,买盘
792,14:01:56,14.49,0.01,47,68103,买盘
793,14:01:53,14.48,--,1,1448,卖盘
794,14:01:50,14.48,-0.01,91,131768,卖盘
795,14:01:47,14.49,-0.01,1,1449,中性盘
796,14:01:44,14.5,0.02,33,47850,买盘
797,14:01:38,14.48,--,1,1448,卖盘
798,14:01:35,14.48,-0.01,12,17376,卖盘
799,14:01:32,14.49,--,31,44919,卖盘
800,14:01:23,14.49,--,33,47817,卖盘
801,14:01:20,14.49,--,12,17388,卖盘
802,14:01:14,14.49,--,15,21735,卖盘
803,14:01:11,14.49,--,1,1449,卖盘
804,14:01:08,14.49,0.01,247,357903,买盘
805,14:01:05,14.48,--,70,101360,买盘
806,14:01:02,14.48,--,5,7240,买盘
807,14:00:59,14.48,0.01,51,73848,买盘
808,14:00:56,14.47,-0.01,19,27493,卖盘
809,14:00:52,14.48,0.01,7,10136,买盘
810,14:00:41,14.47,--,92,133124,买盘
811,14:00:38,14.47,--,0,0,买盘
812,14:00:35,14.47,0.01,34,49198,买盘
813,14:00:32,14.46,-0.01,64,92544,卖盘
814,14:00:29,14.47,0.01,42,60774,买盘
815,14:00:26,14.46,-0.01,7,10122,卖盘
816,14:00:22,14.47,0.01,4,5788,买盘
817,14:00:16,14.46,--,6,8676,卖盘
818,14:00:13,14.46,--,10,14460,买盘
819,14:00:10,14.46,--,11,15906,卖盘
820,14:00:07,14.46,--,1,1446,卖盘
821,14:00:05,14.46,--,1,1446,卖盘
822,14:00:01,14.46,--,4,5784,卖盘
823,13:59:59,14.46,0.01,14,20244,买盘
824,13:59:55,14.45,--,10,14450,卖盘
825,13:59:52,14.45,--,5,7225,卖盘
826,13:59:49,14.45,--,2,2890,卖盘
827,13:59:43,14.45,--,12,17340,卖盘
828,13:59:40,14.45,--,25,36125,卖盘
829,13:59:37,14.45,--,2,2890,卖盘
830,13:59:34,14.45,--,51,74403,买盘
831,13:59:31,14.45,0.01,64,92480,买盘
832,13:59:22,14.44,-0.01,4,5776,卖盘
833,13:59:19,14.45,-0.01,46,66470,卖盘
834,13:59:16,14.46,--,24,34704,买盘
835,13:59:13,14.46,0.01,21,30366,买盘
836,13:59:10,14.45,--,13,18785,卖盘
837,13:59:07,14.45,--,4,5780,卖盘
838,13:59:04,14.45,--,2,2890,卖盘
839,13:58:55,14.45,--,0,0,卖盘
840,13:58:52,14.45,--,7,10115,卖盘
841,13:58:49,14.45,-0.03,2,2890,卖盘
842,13:58:46,14.48,--,0,0,买盘
843,13:58:43,14.48,0.03,1,1448,买盘
844,13:58:40,14.45,--,1,1445,卖盘
845,13:58:37,14.45,-0.03,2,2890,卖盘
846,13:58:34,14.48,--,6,8688,买盘
847,13:58:25,14.48,0.03,33,47784,买盘
848,13:58:22,14.45,-0.02,6,8670,卖盘
849,13:58:19,14.47,--,50,72350,买盘
850,13:58:16,14.47,--,1,1447,买盘
851,13:58:10,14.47,0.04,2,2894,买盘
852,13:58:07,14.43,--,1,1443,卖盘
853,13:58:04,14.43,-0.04,2,2886,卖盘
854,13:58:01,14.47,--,7,10129,买盘
855,13:57:58,14.47,0.02,200,289400,买盘
856,13:57:55,14.45,0.02,43,62135,买盘
857,13:57:52,14.43,--,2,2886,卖盘
858,13:57:49,14.43,--,5,7215,卖盘
859,13:57:46,14.43,0.01,15,21645,买盘
860,13:57:43,14.42,-0.01,3,4326,卖盘
861,13:57:40,14.43,--,5,7215,买盘
862,13:57:37,14.43,--,6,8658,买盘
863,13:57:34,14.43,0.01,26,37518,买盘
864,13:57:25,14.42,--,4,5768,卖盘
865,13:57:22,14.42,--,102,147084,卖盘
866,13:57:19,14.42,-0.01,2,2884,卖盘
867,13:57:16,14.43,--,5,7215,买盘
868,13:57:13,14.43,0.01,2,2886,买盘
869,13:57:07,14.42,--,3,4326,卖盘
870,13:57:04,14.42,0.01,2,2884,买盘
871,13:56:55,14.41,-0.01,3,4323,卖盘
872,13:56:52,14.42,--,0,0,中性盘
873,13:56:49,14.42,--,73,105266,卖盘
874,13:56:46,14.42,--,5,7210,卖盘
875,13:56:37,14.42,--,3,4326,卖盘
876,13:56:34,14.42,--,3,4326,卖盘
877,13:56:28,14.42,0.01,17,24514,买盘
878,13:56:25,14.41,0.01,8,11528,买盘
879,13:56:22,14.4,-0.01,5,7200,卖盘
880,13:56:19,14.41,--,2,2882,买盘
881,13:56:10,14.41,0.01,4,5764,买盘
882,13:56:07,14.4,--,4,5760,卖盘
883,13:56:04,14.4,-0.01,2,2880,卖盘
884,13:56:01,14.41,0.01,7,10087,买盘
885,13:55:52,14.4,--,2,2880,卖盘
886,13:55:49,14.4,--,6,8640,买盘
887,13:55:46,14.4,0.01,7,10080,买盘
888,13:55:37,14.39,-0.01,6,8634,中性盘
889,13:55:34,14.4,--,1,1440,买盘
890,13:55:25,14.4,0.02,2,2880,买盘
891,13:55:22,14.38,-0.01,18,25884,卖盘
892,13:55:19,14.39,--,4,7151,买盘
893,13:55:16,14.39,0.02,31,44609,买盘
894,13:55:13,14.37,-0.01,3,4311,卖盘
895,13:55:10,14.38,--,77,110726,卖盘
896,13:55:07,14.38,--,15,21570,卖盘
897,13:54:55,14.38,--,2,2876,卖盘
898,13:54:52,14.38,--,2,2876,卖盘
899,13:54:43,14.38,--,13,18694,卖盘
900,13:54:40,14.38,-0.01,5,7190,卖盘
901,13:54:34,14.39,0.01,5,7195,买盘
902,13:54:31,14.38,-0.01,27,38826,卖盘
903,13:54:27,14.39,0.01,12,17268,买盘
904,13:54:24,14.38,--,10,14380,卖盘
905,13:54:21,14.38,--,2,2876,卖盘
906,13:54:18,14.38,-0.01,7,10066,卖盘
907,13:54:15,14.39,0.01,35,50365,买盘
908,13:54:12,14.38,--,3,4314,卖盘
909,13:54:09,14.38,--,7,10066,卖盘
910,13:54:06,14.38,--,2,2876,卖盘
911,13:53:57,14.38,--,2,2876,卖盘
912,13:53:54,14.38,-0.01,1,1438,卖盘
913,13:53:51,14.39,--,22,31658,买盘
914,13:53:48,14.39,0.01,5,7195,买盘
915,13:53:45,14.38,--,3,4314,卖盘
916,13:53:39,14.38,--,12,17256,卖盘
917,13:53:36,14.38,--,2,2876,卖盘
918,13:53:33,14.38,--,6,8628,卖盘
919,13:53:30,14.38,--,3,4314,卖盘
920,13:53:24,14.38,--,2,2876,卖盘
921,13:53:21,14.38,--,1,1438,卖盘
922,13:53:18,14.38,0.01,33,47454,买盘
923,13:53:09,14.37,--,3,4311,卖盘
924,13:53:06,14.37,-0.01,2,2874,卖盘
925,13:53:03,14.38,0.01,1,1438,买盘
926,13:52:57,14.37,--,3,4311,卖盘
927,13:52:54,14.37,--,3,4311,卖盘
928,13:52:51,14.37,--,6,8622,买盘
929,13:52:48,14.37,--,15,21555,买盘
930,13:52:42,14.37,--,10,14370,买盘
931,13:52:33,14.37,-0.01,21,30177,卖盘
932,13:52:30,14.38,0.01,2,2876,买盘
933,13:52:24,14.37,0.01,3,4311,中性盘
934,13:52:21,14.36,-0.01,255,366180,卖盘
935,13:52:12,14.37,--,3,4311,卖盘
936,13:52:09,14.37,--,77,110965,卖盘
937,13:52:03,14.37,--,19,27877,买盘
938,13:52:00,14.37,--,30,43110,买盘
939,13:51:57,14.37,0.01,2,2874,买盘
940,13:51:54,14.36,--,9,12924,卖盘
941,13:51:51,14.36,--,5,7180,卖盘
942,13:51:48,14.36,-0.01,5,7180,卖盘
943,13:51:45,14.37,--,2,2874,买盘
944,13:51:39,14.37,0.01,31,44547,买盘
945,13:51:36,14.36,-0.01,3,4308,卖盘
946,13:51:27,14.37,0.02,6,8622,买盘
947,13:51:24,14.35,--,91,130585,买盘
948,13:51:21,14.35,-0.02,521,747635,卖盘
949,13:51:15,14.37,-0.01,4,5748,卖盘
950,13:51:06,14.38,0.01,100,143800,买盘
951,13:51:03,14.37,0.02,1,1437,买盘
952,13:50:54,14.35,--,1,1435,卖盘
953,13:50:51,14.35,-0.01,47,67445,卖盘
954,13:50:48,14.36,0.01,1,1436,买盘
955,13:50:42,14.35,--,4,5740,卖盘
956,13:50:39,14.35,--,65,93275,买盘
957,13:50:36,14.35,--,22,31570,买盘
958,13:50:33,14.35,--,10,14350,买盘
959,13:50:30,14.35,--,63,90405,买盘
960,13:50:27,14.35,0.01,22,31570,买盘
961,13:50:24,14.34,--,2,2868,卖盘
962,13:50:21,14.34,--,35,50190,卖盘
963,13:50:18,14.34,-0.01,8,11472,卖盘
964,13:50:15,14.35,--,3,4305,买盘
965,13:50:12,14.35,--,24,34440,买盘
966,13:50:09,14.35,--,4,5740,买盘
967,13:50:06,14.35,--,5,7175,买盘
968,13:50:03,14.35,--,7,10045,买盘
969,13:49:57,14.35,-0.01,537,770595,卖盘
970,13:49:54,14.36,-0.01,2,2872,卖盘
971,13:49:42,14.37,--,92,132204,卖盘
972,13:49:39,14.37,--,2,2874,卖盘
973,13:49:36,14.37,-0.01,9,12933,卖盘
974,13:49:18,14.38,--,8,11504,卖盘
975,13:49:12,14.38,--,100,143800,卖盘
976,13:49:09,14.38,--,3,4314,卖盘
977,13:49:05,14.38,--,34,48892,卖盘
978,13:48:59,14.38,--,9,12942,卖盘
979,13:48:57,14.38,--,10,14380,卖盘
980,13:48:54,14.38,--,2,2876,卖盘
981,13:48:50,14.38,--,2,2876,卖盘
982,13:48:43,14.38,-0.01,12,17256,卖盘
983,13:48:39,14.39,--,66,95995,卖盘
984,13:48:34,14.39,-0.01,13,18707,卖盘
985,13:48:32,14.4,--,3,4320,买盘
986,13:48:29,14.4,0.01,20,28800,买盘
987,13:48:23,14.39,--,58,83462,卖盘
988,13:48:20,14.39,--,3,4317,卖盘
989,13:48:08,14.39,-0.02,2,2878,卖盘
990,13:48:05,14.41,0.01,13,18733,买盘
991,13:48:02,14.4,0.01,20,29217,买盘
992,13:47:53,14.39,--,1,1439,卖盘
993,13:47:50,14.39,-0.01,2,2878,卖盘
994,13:47:46,14.4,--,20,28800,买盘
995,13:47:40,14.4,0.01,4,5760,买盘
996,13:47:38,14.39,--,3,4317,卖盘
997,13:47:35,14.39,-0.01,1,1439,卖盘
998,13:47:31,14.4,0.01,22,31680,买盘
999,13:47:17,14.39,-0.01,10,15411,卖盘
1000,13:47:10,14.4,--,3,4320,卖盘
1001,13:47:08,14.4,--,4,5760,卖盘
1002,13:47:05,14.4,0.01,26,37857,买盘
1003,13:47:02,14.39,--,21,30219,买盘
1004,13:46:58,14.39,--,15,21585,买盘
1005,13:46:56,14.39,0.01,30,43170,买盘
1006,13:46:53,14.38,--,11,15818,卖盘
1007,13:46:50,14.38,-0.01,3,4314,卖盘
1008,13:46:47,14.39,--,5,7195,买盘
1009,13:46:43,14.39,0.01,8,11512,买盘
1010,13:46:41,14.38,--,8,11504,卖盘
1011,13:46:37,14.38,-0.01,1,1438,卖盘
1012,13:46:34,14.39,--,65,93535,买盘
1013,13:46:28,14.39,--,6,8634,买盘
1014,13:46:25,14.39,0.01,5,7195,买盘
1015,13:46:22,14.38,--,18,25884,卖盘
1016,13:46:20,14.38,-0.01,2,2876,卖盘
1017,13:46:05,14.39,-0.01,51,73389,卖盘
1018,13:46:01,14.4,0.01,7,10080,买盘
1019,13:45:58,14.39,-0.01,9,12951,卖盘
1020,13:45:55,14.4,--,200,288000,买盘
1021,13:45:53,14.4,0.01,6,8640,买盘
1022,13:45:50,14.39,--,3,4317,卖盘
1023,13:45:44,14.39,--,6,8634,卖盘
1024,13:45:38,14.39,--,29,41731,卖盘
1025,13:45:34,14.39,-0.01,3,4317,卖盘
1026,13:45:28,14.4,--,0,0,中性盘
1027,13:45:25,14.4,--,0,0,卖盘
1028,13:45:22,14.4,--,11,15840,卖盘
1029,13:45:19,14.4,--,10,14400,卖盘
1030,13:45:16,14.4,--,11,15840,卖盘
1031,13:45:10,14.4,--,8,11520,卖盘
1032,13:45:07,14.4,-0.01,3,4320,卖盘
1033,13:45:04,14.41,--,33,47553,卖盘
1034,13:44:55,14.41,--,6,8646,卖盘
1035,13:44:52,14.41,--,1,1441,卖盘
1036,13:44:50,14.41,--,13,18733,卖盘
1037,13:44:46,14.41,0.01,24,34584,买盘
1038,13:44:43,14.4,--,11,15840,卖盘
1039,13:44:40,14.4,--,2,2880,卖盘
1040,13:44:34,14.4,--,5,7200,卖盘
1041,13:44:25,14.4,--,12,17280,卖盘
1042,13:44:23,14.4,--,51,73440,卖盘
1043,13:44:20,14.4,-0.01,6,8640,卖盘
1044,13:44:16,14.41,--,0,0,中性盘
1045,13:44:10,14.41,--,1,1441,买盘
1046,13:44:04,14.41,0.01,10,14410,买盘
1047,13:44:01,14.4,-0.01,341,491040,卖盘
1048,13:43:58,14.41,--,4,5764,卖盘
1049,13:43:55,14.41,--,1,1441,卖盘
1050,13:43:49,14.41,-0.01,3,4323,卖盘
1051,13:43:37,14.42,--,2,2884,卖盘
1052,13:43:34,14.42,--,3,4326,卖盘
1053,13:43:28,14.42,--,22,31724,卖盘
1054,13:43:22,14.42,--,1,1442,卖盘
1055,13:43:19,14.42,-0.01,7,10094,卖盘
1056,13:43:13,14.43,0.01,16,23088,买盘
1057,13:43:10,14.42,--,2,2884,卖盘
1058,13:43:04,14.42,--,4,5768,卖盘
1059,13:42:55,14.42,-0.01,1,1442,卖盘
1060,13:42:52,14.43,0.01,8,11544,买盘
1061,13:42:49,14.42,--,34,49028,卖盘
1062,13:42:46,14.42,-0.01,5,7210,卖盘
1063,13:42:43,14.43,0.01,1,1443,买盘
1064,13:42:37,14.42,--,1,1442,卖盘
1065,13:42:34,14.42,--,3,4326,卖盘
1066,13:42:31,14.42,--,3,4326,卖盘
1067,13:42:28,14.42,--,3,4326,卖盘
1068,13:42:25,14.42,--,1,1442,卖盘
1069,13:42:22,14.42,--,22,31724,卖盘
1070,13:42:19,14.42,0.01,2,2884,卖盘
1071,13:42:16,14.41,-0.01,16,23056,卖盘
1072,13:42:07,14.42,--,19,27398,卖盘
1073,13:42:04,14.42,-0.02,13,18746,卖盘
1074,13:42:01,14.44,0.01,32,46208,买盘
1075,13:41:58,14.43,-0.01,13,18759,卖盘
1076,13:41:55,14.44,0.01,1,1444,买盘
1077,13:41:52,14.43,--,1,1443,卖盘
1078,13:41:49,14.43,-0.01,36,51948,卖盘
1079,13:41:46,14.44,--,4,5776,买盘
1080,13:41:37,14.44,--,6,8664,卖盘
1081,13:41:34,14.44,-0.01,3,4332,卖盘
1082,13:41:31,14.45,0.01,2,2890,买盘
1083,13:41:28,14.44,--,5,7220,卖盘
1084,13:41:22,14.44,--,3,4332,卖盘
1085,13:41:19,14.44,--,38,54872,买盘
1086,13:41:16,14.44,--,3,4332,买盘
1087,13:41:10,14.44,0.01,31,44764,买盘
1088,13:41:07,14.43,--,2,2886,卖盘
1089,13:41:04,14.43,-0.01,42,60606,卖盘
1090,13:41:01,14.44,--,62,89528,买盘
1091,13:40:55,14.44,--,2,2888,买盘
1092,13:40:52,14.44,0.01,44,63536,买盘
1093,13:40:49,14.43,--,3,4329,卖盘
1094,13:40:46,14.43,-0.01,1,1443,卖盘
1095,13:40:43,14.44,0.01,6,8664,买盘
1096,13:40:40,14.43,--,5,7215,卖盘
1097,13:40:37,14.43,--,1,1443,卖盘
1098,13:40:34,14.43,--,3,4329,卖盘
1099,13:40:31,14.43,0.01,2,2886,买盘
1100,13:40:28,14.42,-0.01,1,1442,卖盘
1101,13:40:25,14.43,0.01,22,31746,买盘
1102,13:40:22,14.42,--,7,10094,卖盘
1103,13:40:19,14.42,--,4,5768,卖盘
1104,13:40:16,14.42,--,27,38934,买盘
1105,13:40:13,14.42,0.01,12,17304,买盘
1106,13:40:07,14.41,--,1,1441,卖盘
1107,13:40:04,14.41,--,2,2882,卖盘
1108,13:39:55,14.41,0.04,277,399157,买盘
1109,13:39:52,14.37,--,5,7185,买盘
1110,13:39:49,14.37,-0.03,288,413856,卖盘
1111,13:39:46,14.4,0.01,8,11520,买盘
1112,13:39:43,14.39,-0.01,27,38853,卖盘
1113,13:39:37,14.4,--,23,33120,买盘
1114,13:39:31,14.4,--,10,14400,买盘
1115,13:39:28,14.4,--,29,41760,卖盘
1116,13:39:25,14.4,--,1,1440,卖盘
1117,13:39:19,14.4,--,3,4320,卖盘
1118,13:39:13,14.4,--,10,14400,卖盘
1119,13:39:10,14.4,--,1,1440,卖盘
1120,13:39:07,14.4,0.01,1,1440,中性盘
1121,13:39:04,14.39,-0.01,39,56121,卖盘
1122,13:38:55,14.4,--,15,21600,卖盘
1123,13:38:52,14.4,--,32,46080,卖盘
1124,13:38:49,14.4,--,26,37440,卖盘
1125,13:38:43,14.4,--,31,44640,卖盘
1126,13:38:40,14.4,--,19,27360,卖盘
1127,13:38:37,14.4,--,12,17280,卖盘
1128,13:38:31,14.4,--,2,2880,卖盘
1129,13:38:28,14.4,--,15,21600,卖盘
1130,13:38:22,14.4,--,12,17280,卖盘
1131,13:38:19,14.4,--,1,1440,卖盘
1132,13:38:16,14.4,--,4,5760,卖盘
1133,13:38:10,14.4,--,8,11520,卖盘
1134,13:38:07,14.4,--,1,1440,卖盘
1135,13:38:04,14.4,--,8,11520,卖盘
1136,13:37:58,14.4,--,10,14400,卖盘
1137,13:37:52,14.4,-0.01,74,106560,卖盘
1138,13:37:49,14.41,--,22,31702,买盘
1139,13:37:43,14.41,0.01,1,1441,买盘
1140,13:37:40,14.4,--,112,161280,卖盘
1141,13:37:34,14.4,--,3,4320,卖盘
1142,13:37:22,14.4,-0.01,1,1440,卖盘
1143,13:37:19,14.41,--,3,4323,买盘
1144,13:37:13,14.41,--,7,10087,卖盘
1145,13:37:07,14.41,--,5,7205,卖盘
1146,13:37:04,14.41,--,22,31702,卖盘
1147,13:37:01,14.41,--,1,1441,卖盘
1148,13:36:58,14.41,--,55,79255,卖盘
1149,13:36:52,14.41,-0.01,7,10087,卖盘
1150,13:36:43,14.42,--,1,1442,买盘
1151,13:36:37,14.42,--,25,36050,卖盘
1152,13:36:34,14.42,--,2,2884,卖盘
1153,13:36:28,14.42,--,11,15862,卖盘
1154,13:36:25,14.42,--,4,5768,卖盘
1155,13:36:22,14.42,--,27,38934,卖盘
1156,13:36:19,14.42,--,21,30282,卖盘
1157,13:36:10,14.42,--,1,1442,卖盘
1158,13:36:07,14.42,--,1,1442,卖盘
1159,13:36:04,14.42,-0.01,4,5768,卖盘
1160,13:35:57,14.43,--,10,14430,买盘
1161,13:35:55,14.43,--,5,8600,卖盘
1162,13:35:52,14.43,--,16,23088,卖盘
1163,13:35:49,14.43,--,20,28860,卖盘
1164,13:35:43,14.43,-0.01,10,14430,卖盘
1165,13:35:39,14.44,0.01,5,7220,买盘
1166,13:35:37,14.43,--,8,11544,卖盘
1167,13:35:33,14.43,--,3,4329,卖盘
1168,13:35:27,14.43,-0.01,3,4329,卖盘
1169,13:35:24,14.44,0.01,2,2888,买盘
1170,13:35:21,14.43,--,19,27417,卖盘
1171,13:35:18,14.43,-0.01,5,7215,卖盘
1172,13:35:12,14.44,--,4,5776,买盘
1173,13:35:09,14.44,0.01,38,54872,买盘
1174,13:35:06,14.43,--,3,4329,卖盘
1175,13:35:03,14.43,--,2,2886,卖盘
1176,13:35:00,14.43,--,30,43290,卖盘
1177,13:34:52,14.43,--,2,2886,卖盘
1178,13:34:48,14.43,-0.01,6,8658,卖盘
1179,13:34:45,14.44,0.01,1,1444,买盘
1180,13:34:42,14.43,--,20,28860,卖盘
1181,13:34:39,14.43,--,29,41847,卖盘
1182,13:34:36,14.43,--,25,36075,卖盘
1183,13:34:33,14.43,--,8,11544,卖盘
1184,13:34:21,14.43,-0.01,3,4386,卖盘
1185,13:34:15,14.44,0.01,5,7220,买盘
1186,13:34:12,14.43,-0.01,1,1443,卖盘
1187,13:34:09,14.44,--,35,50540,卖盘
1188,13:34:06,14.44,--,15,21660,卖盘
1189,13:33:54,14.44,-0.01,6,10050,卖盘
1190,13:33:48,14.45,--,10,14450,卖盘
1191,13:33:39,14.45,--,53,76585,买盘
1192,13:33:36,14.45,-0.01,162,234090,卖盘
1193,13:33:33,14.46,--,50,72300,卖盘
1194,13:33:30,14.46,--,1,1446,卖盘
1195,13:33:21,14.46,--,4,5784,卖盘
1196,13:33:18,14.46,--,10,14460,卖盘
1197,13:33:09,14.46,--,49,70854,卖盘
1198,13:33:06,14.46,-0.01,3,4338,卖盘
1199,13:33:03,14.47,0.01,7,10129,买盘
1200,13:33:00,14.46,--,1,1446,卖盘
1201,13:32:57,14.46,--,1,1446,卖盘
1202,13:32:54,14.46,--,4,5784,卖盘
1203,13:32:51,14.46,--,7,10122,卖盘
1204,13:32:48,14.46,--,10,14460,卖盘
1205,13:32:45,14.46,--,31,44826,卖盘
1206,13:32:36,14.46,--,2,2892,卖盘
1207,13:32:33,14.46,--,2,2892,卖盘
1208,13:32:21,14.46,-0.01,18,26028,卖盘
1209,13:32:18,14.47,--,4,5788,买盘
1210,13:32:12,14.47,0.01,5,7235,买盘
1211,13:32:06,14.46,--,4,5784,卖盘
1212,13:32:03,14.46,-0.01,2,2892,卖盘
1213,13:31:54,14.47,--,41,59327,卖盘
1214,13:31:51,14.47,--,4,5788,卖盘
1215,13:31:45,14.47,--,1,1447,卖盘
1216,13:31:42,14.47,--,0,0,卖盘
1217,13:31:36,14.47,--,4,5788,卖盘
1218,13:31:21,14.47,--,41,59327,卖盘
1219,13:31:09,14.47,--,1,1447,卖盘
1220,13:31:06,14.47,-0.02,3,4341,卖盘
1221,13:31:03,14.49,0.01,2,2898,买盘
1222,13:30:57,14.48,--,0,0,中性盘
1223,13:30:54,14.48,0.01,7,10136,买盘
1224,13:30:51,14.47,--,3,4341,卖盘
1225,13:30:48,14.47,-0.01,11,15917,卖盘
1226,13:30:45,14.48,--,5,7240,买盘
1227,13:30:36,14.48,--,3,4344,卖盘
1228,13:30:24,14.48,--,2,2896,卖盘
1229,13:30:21,14.48,--,2,2896,卖盘
1230,13:30:18,14.48,--,2,2896,卖盘
1231,13:30:06,14.48,--,8,11584,卖盘
1232,13:30:03,14.48,--,1,1448,卖盘
1233,13:29:57,14.48,--,5,7240,卖盘
1234,13:29:51,14.48,--,2,2896,卖盘
1235,13:29:47,14.48,--,2,2896,卖盘
1236,13:29:43,14.48,0.01,5,7240,买盘
1237,13:29:37,14.47,--,11,15917,卖盘
1238,13:29:36,14.47,--,1,1447,卖盘
1239,13:29:33,14.47,0.01,8,11576,卖盘
1240,13:29:26,14.46,--,0,0,卖盘
1241,13:29:21,14.46,-0.03,3,4338,卖盘
1242,13:29:04,14.49,--,0,0,买盘
1243,13:29:01,14.49,0.03,1,1449,买盘
1244,13:28:58,14.46,-0.03,66,95436,卖盘
1245,13:28:55,14.49,0.01,5,7245,买盘
1246,13:28:49,14.48,--,5,7240,卖盘
1247,13:28:46,14.48,-0.01,1,1448,卖盘
1248,13:28:43,14.49,0.01,1,1449,买盘
1249,13:28:34,14.48,--,9,13032,卖盘
1250,13:28:31,14.48,--,2,2896,卖盘
1251,13:28:25,14.48,--,37,53576,卖盘
1252,13:28:19,14.48,0.02,228,330144,买盘
1253,13:28:16,14.46,-0.01,3,4338,卖盘
1254,13:28:01,14.47,--,33,47751,卖盘
1255,13:27:55,14.47,--,37,53539,卖盘
1256,13:27:52,14.47,--,10,14470,卖盘
1257,13:27:49,14.47,--,3,4341,卖盘
1258,13:27:46,14.47,--,5,7235,卖盘
1259,13:27:43,14.47,--,9,13023,卖盘
1260,13:27:40,14.47,--,1,1447,卖盘
1261,13:27:34,14.47,--,16,23152,卖盘
1262,13:27:28,14.47,--,30,43410,卖盘
1263,13:27:19,14.47,--,87,125889,卖盘
1264,13:27:16,14.47,--,7,10129,卖盘
1265,13:27:04,14.47,-0.01,3,4341,卖盘
1266,13:27:01,14.48,0.01,1,1448,买盘
1267,13:26:58,14.47,--,10,14470,卖盘
1268,13:26:55,14.47,--,4,5788,卖盘
1269,13:26:49,14.47,--,13,18811,卖盘
1270,13:26:46,14.47,--,2,2894,卖盘
1271,13:26:43,14.47,-0.01,100,144700,卖盘
1272,13:26:40,14.48,0.01,11,15928,买盘
1273,13:26:37,14.47,-0.01,16,23152,卖盘
1274,13:26:28,14.48,-0.01,41,59368,卖盘
1275,13:26:22,14.49,0.01,1,1449,买盘
1276,13:26:19,14.48,--,1,1448,卖盘
1277,13:26:16,14.48,--,2,2896,卖盘
1278,13:26:13,14.48,--,10,14480,卖盘
1279,13:26:04,14.48,--,1,1448,卖盘
1280,13:26:01,14.48,--,9,13032,卖盘
1281,13:25:58,14.48,--,34,49232,卖盘
1282,13:25:52,14.48,--,2,2896,卖盘
1283,13:25:49,14.48,--,51,73848,卖盘
1284,13:25:46,14.48,-0.01,2,2896,卖盘
1285,13:25:43,14.49,0.01,1,1449,买盘
1286,13:25:34,14.48,-0.01,41,59368,卖盘
1287,13:25:31,14.49,--,69,99981,卖盘
1288,13:25:22,14.49,0.01,3,4347,买盘
1289,13:25:19,14.48,--,88,127424,卖盘
1290,13:25:16,14.48,--,2,2896,卖盘
1291,13:25:07,14.48,--,18,26064,卖盘
1292,13:25:04,14.48,-0.01,9,13032,卖盘
1293,13:25:01,14.49,0.01,24,34776,买盘
1294,13:24:58,14.48,--,17,24616,卖盘
1295,13:24:55,14.48,-0.01,105,152040,卖盘
1296,13:24:52,14.49,0.01,69,99981,买盘
1297,13:24:49,14.48,--,1,1448,卖盘
1298,13:24:46,14.48,-0.01,1,1448,卖盘
1299,13:24:40,14.49,0.01,28,40572,买盘
1300,13:24:34,14.48,--,5,7240,卖盘
1301,13:24:31,14.48,-0.01,3,4344,卖盘
1302,13:24:25,14.49,--,2,2898,买盘
1303,13:24:22,14.49,0.01,1,1449,买盘
1304,13:24:19,14.48,--,2,2896,卖盘
1305,13:24:16,14.48,-0.01,6,8688,卖盘
1306,13:24:04,14.49,0.01,7,10143,买盘
1307,13:24:01,14.48,--,2,2896,卖盘
1308,13:23:58,14.48,--,10,14480,卖盘
1309,13:23:55,14.48,-0.01,1,1448,卖盘
1310,13:23:46,14.49,--,37,53613,卖盘
1311,13:23:40,14.49,--,3,4347,卖盘
1312,13:23:37,14.49,--,3,4347,卖盘
1313,13:23:34,14.49,--,1,1449,卖盘
1314,13:23:31,14.49,--,2,2898,卖盘
1315,13:23:25,14.49,--,29,42021,卖盘
1316,13:23:22,14.49,--,60,86940,卖盘
1317,13:23:19,14.49,--,1,1449,卖盘
1318,13:23:16,14.49,--,1,1449,卖盘
1319,13:23:13,14.49,-0.01,6,8694,卖盘
1320,13:23:10,14.5,--,5,7250,买盘
1321,13:23:07,14.5,--,6,8700,买盘
1322,13:23:04,14.5,--,5,7250,买盘
1323,13:23:01,14.5,--,23,33350,卖盘
1324,13:22:58,14.5,--,3,4350,卖盘
1325,13:22:55,14.5,--,20,29000,卖盘
1326,13:22:52,14.5,--,6,8700,卖盘
1327,13:22:49,14.5,--,1,1450,卖盘
1328,13:22:46,14.5,--,42,60900,卖盘
1329,13:22:43,14.5,-0.01,6,8700,卖盘
1330,13:22:40,14.51,0.01,3,4353,买盘
1331,13:22:37,14.5,--,232,336400,卖盘
1332,13:22:34,14.5,--,1,1450,卖盘
1333,13:22:31,14.5,-0.01,27,39150,卖盘
1334,13:22:25,14.51,0.01,3,4353,买盘
1335,13:22:19,14.5,--,1,1450,卖盘
1336,13:22:16,14.5,--,3,4350,卖盘
1337,13:22:13,14.5,--,5,7250,卖盘
1338,13:22:04,14.5,-0.01,3,4350,卖盘
1339,13:22:01,14.51,--,17,24667,买盘
1340,13:21:58,14.51,--,4,5804,买盘
1341,13:21:55,14.51,0.01,3,4353,买盘
1342,13:21:49,14.5,--,1,1450,卖盘
1343,13:21:46,14.5,-0.01,2,2900,卖盘
1344,13:21:34,14.51,--,1,1451,卖盘
1345,13:21:31,14.51,--,5,7255,卖盘
1346,13:21:28,14.51,--,10,14510,卖盘
1347,13:21:25,14.51,--,15,21765,卖盘
1348,13:21:19,14.51,--,28,40628,卖盘
1349,13:21:16,14.51,--,45,65295,买盘
1350,13:21:10,14.51,--,5,7255,买盘
1351,13:21:07,14.51,0.01,3,4353,买盘
1352,13:21:04,14.5,-0.01,1,1450,卖盘
1353,13:21:01,14.51,--,3,4353,买盘
1354,13:20:52,14.51,--,17,24667,卖盘
1355,13:20:49,14.51,--,2,2902,卖盘
1356,13:20:46,14.51,--,12,17412,卖盘
1357,13:20:34,14.51,--,1,1451,卖盘
1358,13:20:31,14.51,--,1,1451,卖盘
1359,13:20:28,14.51,--,22,31922,卖盘
1360,13:20:22,14.51,--,3,4353,卖盘
1361,13:20:19,14.51,--,1,1451,卖盘
1362,13:20:16,14.51,--,2,2902,卖盘
1363,13:20:04,14.51,--,1,1451,卖盘
1364,13:20:01,14.51,--,2,2902,卖盘
1365,13:19:52,14.51,--,4,5804,卖盘
1366,13:19:49,14.51,--,1,1451,卖盘
1367,13:19:46,14.51,-0.01,2,2902,中性盘
1368,13:19:43,14.52,0.01,21,30492,买盘
1369,13:19:34,14.51,0.01,7,10157,买盘
1370,13:19:31,14.5,--,2,2900,卖盘
1371,13:19:25,14.5,-0.01,11,15950,卖盘
1372,13:19:22,14.51,--,2,2902,买盘
1373,13:19:19,14.51,--,12,17412,买盘
1374,13:19:16,14.51,--,9,13059,买盘
1375,13:19:13,14.51,--,24,34824,买盘
1376,13:19:10,14.51,--,100,145100,买盘
1377,13:19:04,14.51,--,3,4353,买盘
1378,13:19:01,14.51,--,14,20314,买盘
1379,13:18:58,14.51,--,4,5804,买盘
1380,13:18:52,14.51,--,12,17412,买盘
1381,13:18:40,14.51,-0.01,8,11608,卖盘
1382,13:18:37,14.52,--,50,72600,买盘
1383,13:18:34,14.52,0.01,11,15972,买盘
1384,13:18:31,14.51,--,4,5804,卖盘
1385,13:18:28,14.51,--,17,24667,卖盘
1386,13:18:25,14.51,--,6,8706,卖盘
1387,13:18:19,14.51,--,2,2902,卖盘
1388,13:18:16,14.51,--,2,2902,卖盘
1389,13:18:13,14.51,0.01,17,24667,买盘
1390,13:18:04,14.5,--,1,1450,卖盘
1391,13:18:01,14.5,--,2,2900,卖盘
1392,13:17:55,14.5,--,150,217500,卖盘
1393,13:17:49,14.5,--,1,1450,卖盘
1394,13:17:46,14.5,-0.01,22,31900,卖盘
1395,13:17:43,14.51,--,1,1451,买盘
1396,13:17:40,14.51,--,122,177022,买盘
1397,13:17:34,14.51,0.01,25,36275,买盘
1398,13:17:31,14.5,--,2,2900,卖盘
1399,13:17:28,14.5,--,71,102950,卖盘
1400,13:17:19,14.5,-0.01,1,1450,卖盘
1401,13:17:16,14.51,--,4,5804,买盘
1402,13:17:13,14.51,--,1,1451,买盘
1403,13:17:10,14.51,--,2,2902,卖盘
1404,13:17:06,14.51,-0.01,19,27569,卖盘
1405,13:17:04,14.52,0.01,12,17424,买盘
1406,13:17:01,14.51,-0.01,121,175571,卖盘
1407,13:16:55,14.52,0.01,4,5808,买盘
1408,13:16:52,14.51,--,20,29020,卖盘
1409,13:16:46,14.51,--,2,2902,卖盘
1410,13:16:40,14.51,-0.01,18,26118,卖盘
1411,13:16:37,14.52,0.01,23,33396,买盘
1412,13:16:31,14.51,--,1,1451,卖盘
1413,13:16:25,14.51,--,5,7255,卖盘
1414,13:16:21,14.51,--,4,5804,卖盘
1415,13:16:18,14.51,--,27,39177,卖盘
1416,13:16:10,14.51,-0.01,10,14510,卖盘
1417,13:16:06,14.52,0.01,9,13068,买盘
1418,13:16:03,14.51,--,2,2902,卖盘
1419,13:16:00,14.51,-0.01,31,44981,卖盘
1420,13:15:54,14.52,0.01,20,29040,买盘
1421,13:15:51,14.51,--,14,20314,卖盘
1422,13:15:48,14.51,-0.01,14,20314,卖盘
1423,13:15:46,14.52,--,12,17424,买盘
1424,13:15:42,14.52,--,20,29040,买盘
1425,13:15:39,14.52,--,7,10164,卖盘
1426,13:15:36,14.52,--,1,1452,卖盘
1427,13:15:33,14.52,--,2,2904,卖盘
1428,13:15:30,14.52,--,15,21780,卖盘
1429,13:15:27,14.52,-0.01,6,8712,卖盘
1430,13:15:24,14.53,0.01,1,1453,买盘
1431,13:15:21,14.52,--,11,15972,卖盘
1432,13:15:18,14.52,--,6,8712,卖盘
1433,13:15:15,14.52,-0.02,22,31944,卖盘
1434,13:15:12,14.54,--,11,15993,买盘
1435,13:15:06,14.54,--,0,0,买盘
1436,13:15:03,14.54,0.01,97,141038,买盘
1437,13:15:00,14.53,-0.01,4,5812,卖盘
1438,13:14:54,14.54,0.01,3,4362,买盘
1439,13:14:51,14.53,-0.01,122,177266,卖盘
1440,13:14:48,14.54,--,125,181750,卖盘
1441,13:14:45,14.54,--,64,93056,卖盘
1442,13:14:42,14.54,--,120,174480,卖盘
1443,13:14:39,14.54,-0.01,95,138130,卖盘
1444,13:14:36,14.55,--,7,10185,买盘
1445,13:14:27,14.55,--,48,69840,卖盘
1446,13:14:24,14.55,--,143,208065,卖盘
1447,13:14:21,14.55,--,16,23280,卖盘
1448,13:14:18,14.55,--,7,10185,卖盘
1449,13:14:15,14.55,--,65,94575,卖盘
1450,13:14:12,14.55,--,10,14550,卖盘
1451,13:14:06,14.55,--,1,1455,卖盘
1452,13:14:03,14.55,--,5,7275,卖盘
1453,13:14:00,14.55,--,2,2910,卖盘
1454,13:13:57,14.55,--,7,10185,买盘
1455,13:13:54,14.55,--,37,53835,买盘
1456,13:13:51,14.55,--,9,13095,买盘
1457,13:13:48,14.55,--,4,5820,买盘
1458,13:13:45,14.55,0.01,17,24735,买盘
1459,13:13:39,14.54,--,10,14540,卖盘
1460,13:13:36,14.54,--,7,10178,卖盘
1461,13:13:33,14.54,--,311,452194,卖盘
1462,13:13:24,14.54,--,20,29080,卖盘
1463,13:13:21,14.54,0.01,249,362046,买盘
1464,13:13:18,14.53,--,6,8718,卖盘
1465,13:13:15,14.53,--,23,33419,卖盘
1466,13:13:12,14.53,-0.01,22,31966,卖盘
1467,13:13:06,14.54,0.01,53,77062,买盘
1468,13:13:03,14.53,--,12,17436,卖盘
1469,13:13:00,14.53,-0.01,9,13077,卖盘
1470,13:12:57,14.54,0.01,7,10178,买盘
1471,13:12:54,14.53,--,40,58120,卖盘
1472,13:12:51,14.53,--,11,15983,卖盘
1473,13:12:48,14.53,-0.01,37,53761,卖盘
1474,13:12:45,14.54,0.01,11,15993,买盘
1475,13:12:42,14.53,-0.01,8,11624,卖盘
1476,13:12:39,14.54,0.01,13,18902,买盘
1477,13:12:36,14.53,--,30,43590,买盘
1478,13:12:33,14.53,--,32,46496,卖盘
1479,13:12:30,14.53,-0.01,114,165642,卖盘
1480,13:12:27,14.54,0.01,37,53798,买盘
1481,13:12:24,14.53,--,2,2906,卖盘
1482,13:12:21,14.53,--,2,2906,卖盘
1483,13:12:18,14.53,--,7,10171,卖盘
1484,13:12:09,14.53,0.01,92,133676,买盘
1485,13:12:06,14.52,--,15,21780,卖盘
1486,13:12:03,14.52,-0.01,3,4356,卖盘
1487,13:12:00,14.53,--,371,539063,买盘
1488,13:11:57,14.53,0.01,80,116240,买盘
1489,13:11:54,14.52,--,20,29040,买盘
1490,13:11:51,14.52,-0.01,169,245388,卖盘
1491,13:11:48,14.53,--,45,65385,买盘
1492,13:11:42,14.53,--,25,36325,买盘
1493,13:11:39,14.53,0.01,19,27607,买盘
1494,13:11:36,14.52,--,1,1452,卖盘
1495,13:11:33,14.52,--,3,4356,卖盘
1496,13:11:27,14.52,-0.01,2,2904,卖盘
1497,13:11:24,14.53,0.01,2,2906,买盘
1498,13:11:21,14.52,--,50,72600,卖盘
1499,13:11:18,14.52,--,4,5808,卖盘
1500,13:11:06,14.52,0.01,15,21780,买盘
1501,13:11:03,14.51,-0.01,2,2902,卖盘
1502,13:11:00,14.52,--,1,1452,买盘
1503,13:10:54,14.52,--,5,7260,卖盘
1504,13:10:51,14.52,-0.01,1,1452,卖盘
1505,13:10:48,14.53,0.01,1,1453,买盘
1506,13:10:45,14.52,--,2,2904,卖盘
1507,13:10:42,14.52,0.01,51,74052,买盘
1508,13:10:36,14.51,--,101,146551,卖盘
1509,13:10:33,14.51,-0.01,2,2902,卖盘
1510,13:10:30,14.52,--,3,4356,买盘
1511,13:10:27,14.52,0.01,268,389136,买盘
1512,13:10:21,14.51,--,25,36275,卖盘
1513,13:10:18,14.51,--,97,140747,买盘
1514,13:10:14,14.51,--,13,18863,买盘
1515,13:10:11,14.51,--,7,10157,买盘
1516,13:10:08,14.51,--,15,21765,买盘
1517,13:10:05,14.51,0.01,31,44981,买盘
1518,13:10:02,14.5,-0.01,6,8700,卖盘
1519,13:09:59,14.51,0.01,2,2902,买盘
1520,13:09:56,14.5,--,8,11600,卖盘
1521,13:09:50,14.5,-0.01,1,1450,卖盘
1522,13:09:48,14.51,0.01,2,2902,买盘
1523,13:09:40,14.5,--,1,1450,卖盘
1524,13:09:38,14.5,0.01,58,84100,买盘
1525,13:09:34,14.49,-0.01,1,1449,卖盘
1526,13:09:31,14.5,--,26,37700,买盘
1527,13:09:28,14.5,--,81,117450,买盘
1528,13:09:25,14.5,--,48,69600,买盘
1529,13:09:23,14.5,0.01,24,34800,买盘
1530,13:09:21,14.49,--,12,17388,卖盘
1531,13:09:16,14.49,-0.01,3,4347,卖盘
1532,13:09:08,14.5,0.01,5,7250,买盘
1533,13:09:01,14.49,--,3,4347,卖盘
1534,13:08:55,14.49,--,92,133308,买盘
1535,13:08:52,14.49,0.01,1,1449,买盘
1536,13:08:49,14.48,--,42,60816,卖盘
1537,13:08:46,14.48,-0.01,4,5792,卖盘
1538,13:08:43,14.49,0.01,1,1449,买盘
1539,13:08:40,14.48,-0.01,72,104256,卖盘
1540,13:08:37,14.49,0.01,2,2898,买盘
1541,13:08:34,14.48,-0.01,1,1448,卖盘
1542,13:08:31,14.49,0.01,3,4347,买盘
1543,13:08:25,14.48,--,113,163624,卖盘
1544,13:08:19,14.48,--,1,1448,卖盘
1545,13:08:16,14.48,--,2,2896,卖盘
1546,13:08:13,14.48,--,4,5792,卖盘
1547,13:08:10,14.48,--,12,17376,卖盘
1548,13:08:04,14.48,--,1,1448,卖盘
1549,13:08:01,14.48,-0.01,2,2896,卖盘
1550,13:07:58,14.49,0.01,16,23184,买盘
1551,13:07:46,14.48,-0.01,3,4344,卖盘
1552,13:07:40,14.49,--,10,14490,买盘
1553,13:07:37,14.49,0.01,10,14490,买盘
1554,13:07:34,14.48,--,108,156384,卖盘
1555,13:07:31,14.48,--,117,169416,卖盘
1556,13:07:28,14.48,-0.01,10,14480,卖盘
1557,13:07:22,14.49,0.01,1,1449,买盘
1558,13:07:19,14.48,--,1,1448,卖盘
1559,13:07:16,14.48,--,3,4344,卖盘
1560,13:07:07,14.48,--,12,17376,卖盘
1561,13:07:04,14.48,0.01,90,130320,买盘
1562,13:06:58,14.47,-0.01,1,1447,卖盘
1563,13:06:52,14.48,--,1,1448,买盘
1564,13:06:49,14.48,0.01,10,14480,买盘
1565,13:06:46,14.47,--,1,1447,卖盘
1566,13:06:43,14.47,--,14,20258,卖盘
1567,13:06:37,14.47,--,20,28940,卖盘
1568,13:06:31,14.47,--,1,1447,卖盘
1569,13:06:28,14.47,--,3,4341,卖盘
1570,13:06:25,14.47,-0.01,10,14470,卖盘
1571,13:06:22,14.48,0.01,1,1448,买盘
1572,13:06:19,14.47,0.01,2,2894,卖盘
1573,13:06:16,14.46,--,0,0,卖盘
1574,13:06:13,14.46,--,2,2892,卖盘
1575,13:06:04,14.46,--,10,14460,卖盘
1576,13:06:01,14.46,-0.02,3,4338,卖盘
1577,13:05:55,14.48,0.01,10,14480,买盘
1578,13:05:52,14.47,-0.01,17,24599,卖盘
1579,13:05:46,14.48,0.01,5,7240,买盘
1580,13:05:43,14.47,--,1,1447,卖盘
1581,13:05:31,14.47,--,12,17364,卖盘
1582,13:05:28,14.47,--,4,5788,卖盘
1583,13:05:25,14.47,-0.01,6,8682,卖盘
1584,13:05:22,14.48,0.01,1,1448,买盘
1585,13:05:16,14.47,--,2,2894,卖盘
1586,13:05:13,14.47,--,12,17364,卖盘
1587,13:05:10,14.47,-0.01,2,2894,卖盘
1588,13:05:07,14.48,--,7,10136,买盘
1589,13:05:04,14.48,0.01,5,7240,买盘
1590,13:04:58,14.47,-0.01,2,2894,卖盘
1591,13:04:52,14.48,0.01,1,1448,买盘
1592,13:04:46,14.47,--,1,1447,卖盘
1593,13:04:43,14.47,--,22,31834,卖盘
1594,13:04:34,14.47,--,2,2894,卖盘
1595,13:04:31,14.47,-0.01,3,4341,卖盘
1596,13:04:25,14.48,--,1,1448,买盘
1597,13:04:22,14.48,--,1,1448,买盘
1598,13:04:19,14.48,--,4,5792,买盘
1599,13:04:13,14.48,-0.01,30,43440,卖盘
1600,13:04:10,14.49,--,30,43470,买盘
1601,13:04:01,14.49,--,1,1449,卖盘
1602,13:03:58,14.49,--,5,7245,卖盘
1603,13:03:52,14.49,--,2,2898,买盘
1604,13:03:49,14.49,--,1,1449,买盘
1605,13:03:43,14.49,--,30,43470,卖盘
1606,13:03:40,14.49,--,10,14490,卖盘
1607,13:03:37,14.49,--,34,49266,卖盘
1608,13:03:31,14.49,--,1,1449,卖盘
1609,13:03:28,14.49,-0.02,3,4347,卖盘
1610,13:03:22,14.51,0.02,12,17412,买盘
1611,13:03:19,14.49,-0.01,220,318780,卖盘
1612,13:03:16,14.5,-0.02,202,292900,卖盘
1613,13:03:10,14.52,--,0,0,买盘
1614,13:03:07,14.52,0.01,1,1452,买盘
1615,13:03:04,14.51,--,48,69648,卖盘
1616,13:03:01,14.51,--,35,50785,卖盘
1617,13:02:58,14.51,--,8,11608,卖盘
1618,13:02:49,14.51,--,13,18863,卖盘
1619,13:02:46,14.51,-0.01,2,2902,卖盘
1620,13:02:40,14.52,--,25,36300,买盘
1621,13:02:37,14.52,--,115,166980,卖盘
1622,13:02:31,14.52,-0.01,13,18876,卖盘
1623,13:02:28,14.53,--,1,1453,买盘
1624,13:02:25,14.53,0.01,1,1453,买盘
1625,13:02:22,14.52,--,52,75504,卖盘
1626,13:02:16,14.52,--,3,4356,卖盘
1627,13:02:13,14.52,--,2,2904,卖盘
1628,13:02:10,14.52,-0.01,7,10164,卖盘
1629,13:02:07,14.53,--,8,11624,买盘
1630,13:02:04,14.53,0.01,13,18889,买盘
1631,13:02:01,14.52,-0.01,3,4356,卖盘
1632,13:01:58,14.53,--,1,1453,买盘
1633,13:01:55,14.53,--,10,14530,买盘
1634,13:01:52,14.53,--,15,21795,买盘
1635,13:01:49,14.53,0.01,4,5812,买盘
1636,13:01:43,14.52,-0.01,12,17424,卖盘
1637,13:01:40,14.53,--,4,5812,买盘
1638,13:01:37,14.53,0.01,1,1453,买盘
1639,13:01:31,14.52,-0.01,3,4356,卖盘
1640,13:01:28,14.53,0.01,9,13077,买盘
1641,13:01:25,14.52,-0.01,49,71148,卖盘
1642,13:01:22,14.53,0.01,1,1453,买盘
1643,13:01:19,14.52,--,1,1452,卖盘
1644,13:01:16,14.52,--,2,2904,卖盘
1645,13:01:10,14.52,--,11,15972,买盘
1646,13:01:01,14.52,0.01,4,5808,买盘
1647,13:00:58,14.51,--,5,7255,卖盘
1648,13:00:46,14.51,--,4,5804,卖盘
1649,13:00:43,14.51,--,2,2902,卖盘
1650,13:00:31,14.51,--,1,1451,卖盘
1651,13:00:28,14.51,--,2,2902,卖盘
1652,13:00:16,14.51,--,33,47883,卖盘
1653,13:00:13,14.51,--,22,31922,卖盘
1654,13:00:10,14.51,0.01,48,69648,买盘
1655,13:00:07,14.5,-0.01,5,7250,卖盘
1656,13:00:04,14.51,-0.01,772,1120172,中性盘
1657,13:00:01,14.52,0.02,307,445764,买盘
1658,11:30:00,14.5,--,0,0,买盘
1659,11:30:00,14.5,--,0,0,买盘
1660,11:29:59,14.5,--,69,100050,卖盘
1661,11:29:57,14.5,--,5,7250,卖盘
1662,11:29:51,14.5,--,5,7250,卖盘
1663,11:29:45,14.5,-0.01,4,5800,卖盘
1664,11:29:42,14.51,0.01,1,1451,买盘
1665,11:29:39,14.5,-0.01,10,14500,卖盘
1666,11:29:33,14.51,0.01,5,7255,买盘
1667,11:29:30,14.5,--,1,1450,卖盘
1668,11:29:27,14.5,-0.01,5,7250,中性盘
1669,11:29:24,14.51,--,38,55138,买盘
1670,11:29:21,14.51,0.02,50,72550,买盘
1671,11:29:18,14.49,-0.01,10,14490,卖盘
1672,11:29:15,14.5,--,2,2900,卖盘
1673,11:29:12,14.5,--,10,14500,买盘
1674,11:29:09,14.5,--,37,53650,买盘
1675,11:29:06,14.5,--,60,87000,买盘
1676,11:29:03,14.5,0.01,59,85550,买盘
1677,11:28:57,14.49,-0.01,9,13041,卖盘
1678,11:28:51,14.5,0.01,19,27550,买盘
1679,11:28:48,14.49,--,2,2898,卖盘
1680,11:28:45,14.49,--,6,8694,卖盘
1681,11:28:36,14.49,--,1,1449,卖盘
1682,11:28:33,14.49,--,5,7245,卖盘
1683,11:28:30,14.49,0.01,238,344862,买盘
1684,11:28:24,14.48,-0.01,7,10136,卖盘
1685,11:28:21,14.49,--,28,40572,买盘
1686,11:28:18,14.49,0.01,6,8694,买盘
1687,11:28:15,14.48,-0.01,2,2896,卖盘
1688,11:28:06,14.49,0.01,5,7245,买盘
1689,11:28:03,14.48,--,2,2896,卖盘
1690,11:28:00,14.48,--,2,2896,卖盘
1691,11:27:51,14.48,-0.01,10,14480,卖盘
1692,11:27:48,14.49,0.01,2,2898,买盘
1693,11:27:45,14.48,--,22,31856,卖盘
1694,11:27:39,14.48,--,7,10136,卖盘
1695,11:27:33,14.48,--,1,1448,卖盘
1696,11:27:30,14.48,--,45,65160,买盘
1697,11:27:15,14.48,0.01,8,11584,买盘
1698,11:27:11,14.47,--,0,0,卖盘
1699,11:27:09,14.47,-0.01,10,14470,卖盘
1700,11:27:06,14.48,--,4,5792,卖盘
1701,11:27:03,14.48,0.01,20,28960,中性盘
1702,11:27:00,14.47,-0.01,2,2894,卖盘
1703,11:26:56,14.48,--,9,13032,买盘
1704,11:26:53,14.48,0.01,49,70952,买盘
1705,11:26:47,14.47,--,49,70903,卖盘
1706,11:26:44,14.47,-0.01,3,4341,卖盘
1707,11:26:41,14.48,--,10,14480,买盘
1708,11:26:38,14.48,0.01,10,14480,买盘
1709,11:26:32,14.47,--,2,2894,卖盘
1710,11:26:29,14.47,--,102,147594,卖盘
1711,11:26:26,14.47,-0.01,5,7235,卖盘
1712,11:26:23,14.48,--,27,39096,买盘
1713,11:26:17,14.48,--,11,15928,买盘
1714,11:26:14,14.48,0.01,15,21720,买盘
1715,11:26:05,14.47,--,15,21705,卖盘
1716,11:25:56,14.47,-0.01,5,7235,卖盘
1717,11:25:53,14.48,--,9,13032,卖盘
1718,11:25:50,14.48,--,80,115840,买盘
1719,11:25:47,14.48,0.01,1,1448,买盘
1720,11:25:44,14.47,-0.01,2,2894,卖盘
1721,11:25:38,14.48,--,1,1448,买盘
1722,11:25:35,14.48,--,101,146248,卖盘
1723,11:25:29,14.48,--,3,4344,卖盘
1724,11:25:20,14.48,-0.01,20,28960,卖盘
1725,11:25:17,14.49,--,18,26082,卖盘
1726,11:25:14,14.49,--,92,133308,卖盘
1727,11:25:02,14.49,-0.01,13,18837,卖盘
1728,11:24:56,14.5,--,21,30450,卖盘
1729,11:24:53,14.5,-0.01,2,2900,卖盘
1730,11:24:50,14.51,0.01,35,50785,买盘
1731,11:24:47,14.5,--,3,4350,卖盘
1732,11:24:44,14.5,--,30,43500,卖盘
1733,11:24:41,14.5,--,1,1450,卖盘
1734,11:24:35,14.5,--,7,10150,卖盘
1735,11:24:32,14.5,--,10,14500,卖盘
1736,11:24:29,14.5,--,25,36250,卖盘
1737,11:24:23,14.5,--,15,21750,卖盘
1738,11:24:17,14.5,--,2,2900,卖盘
1739,11:24:14,14.5,--,2,2900,卖盘
1740,11:24:11,14.5,--,102,147900,卖盘
1741,11:24:08,14.5,-0.01,73,105850,卖盘
1742,11:23:59,14.51,--,195,282945,买盘
1743,11:23:53,14.51,--,30,43530,卖盘
1744,11:23:50,14.51,-0.01,3,4353,卖盘
1745,11:23:47,14.52,--,3,4356,买盘
1746,11:23:41,14.52,--,5,7260,买盘
1747,11:23:38,14.52,--,6,8712,买盘
1748,11:23:35,14.52,--,17,24684,买盘
1749,11:23:32,14.52,--,35,50820,卖盘
1750,11:23:29,14.52,-0.01,19,27588,卖盘
1751,11:23:26,14.53,0.01,58,84274,买盘
1752,11:23:23,14.52,--,2,2904,卖盘
1753,11:23:20,14.52,-0.01,13,18876,卖盘
1754,11:23:14,14.53,--,10,14530,买盘
1755,11:23:11,14.53,--,3,4359,卖盘
1756,11:23:08,14.53,--,39,56667,卖盘
1757,11:23:05,14.53,--,27,39231,买盘
1758,11:23:02,14.53,--,51,74103,买盘
1759,11:22:59,14.53,0.02,11,15983,买盘
1760,11:22:56,14.51,-0.02,91,132041,卖盘
1761,11:22:53,14.53,0.01,5,7265,卖盘
1762,11:22:50,14.52,--,0,0,卖盘
1763,11:22:47,14.52,--,21,30492,卖盘
1764,11:22:41,14.52,-0.01,100,145200,卖盘
1765,11:22:35,14.53,-0.01,10,14530,卖盘
1766,11:22:32,14.54,0.02,28,40712,买盘
1767,11:22:29,14.52,-0.02,45,65340,卖盘
1768,11:22:26,14.54,0.02,227,330058,买盘
1769,11:22:17,14.52,-0.01,5,7260,卖盘
1770,11:22:14,14.53,--,14,20342,买盘
1771,11:22:11,14.53,0.01,7,10171,买盘
1772,11:22:08,14.52,-0.01,2,2904,卖盘
1773,11:22:05,14.53,0.01,8,11624,买盘
1774,11:22:02,14.52,--,11,15972,卖盘
1775,11:21:59,14.52,-0.01,6,8712,卖盘
1776,11:21:56,14.53,--,3,4359,买盘
1777,11:21:53,14.53,--,1,1453,买盘
1778,11:21:50,14.53,--,38,55214,买盘
1779,11:21:46,14.53,--,43,62479,买盘
1780,11:21:42,14.53,--,7,10171,买盘
1781,11:21:41,14.53,--,37,53761,买盘
1782,11:21:36,14.53,--,2,2906,买盘
1783,11:21:34,14.53,0.01,27,39231,买盘
1784,11:21:32,14.52,--,44,63888,卖盘
1785,11:21:27,14.52,--,17,24684,卖盘
1786,11:21:26,14.52,-0.01,61,88572,卖盘
1787,11:21:21,14.53,0.01,14,20342,买盘
1788,11:21:20,14.52,--,49,71148,卖盘
1789,11:21:17,14.52,--,22,31944,卖盘
1790,11:21:12,14.52,--,21,30492,买盘
1791,11:21:11,14.52,0.01,5,7260,买盘
1792,11:21:07,14.51,-0.01,25,36275,卖盘
1793,11:21:03,14.52,--,20,29040,买盘
1794,11:21:00,14.52,--,49,71148,卖盘
1795,11:20:57,14.52,--,4,5808,卖盘
1796,11:20:54,14.52,--,5,7260,卖盘
1797,11:20:51,14.52,--,88,127776,买盘
1798,11:20:45,14.52,0.02,20,29040,买盘
1799,11:20:42,14.5,-0.01,62,89900,卖盘
1800,11:20:39,14.51,--,15,21765,买盘
1801,11:20:36,14.51,--,20,29020,买盘
1802,11:20:33,14.51,-0.01,20,29020,卖盘
1803,11:20:30,14.52,0.01,2,2904,买盘
1804,11:20:27,14.51,--,36,52236,卖盘
1805,11:20:24,14.51,--,7,10157,卖盘
1806,11:20:21,14.51,-0.01,28,40628,卖盘
1807,11:20:18,14.52,0.01,15,21780,买盘
1808,11:20:15,14.51,--,14,20314,卖盘
1809,11:20:12,14.51,-0.01,32,46432,卖盘
1810,11:20:09,14.52,0.01,45,65340,买盘
1811,11:20:06,14.51,-0.01,14,20314,卖盘
1812,11:20:03,14.52,0.01,68,98736,买盘
1813,11:20:00,14.51,0.01,30,43530,买盘
1814,11:19:57,14.5,-0.01,4,5800,卖盘
1815,11:19:54,14.51,--,23,33373,买盘
1816,11:19:51,14.51,--,42,60942,买盘
1817,11:19:48,14.51,--,2,2902,买盘
1818,11:19:45,14.51,--,241,349691,卖盘
1819,11:19:42,14.51,-0.01,9,13059,卖盘
1820,11:19:36,14.52,--,7,10164,买盘
1821,11:19:33,14.52,--,14,20328,买盘
1822,11:19:30,14.52,--,11,15972,买盘
1823,11:19:24,14.52,0.01,2,2904,买盘
1824,11:19:21,14.51,0.01,18,26118,中性盘
1825,11:19:18,14.5,-0.02,51,73950,卖盘
1826,11:19:15,14.52,0.02,100,145200,买盘
1827,11:19:12,14.5,--,15,21750,卖盘
1828,11:19:09,14.5,--,44,63800,买盘
1829,11:19:06,14.5,-0.01,11,15950,卖盘
1830,11:19:03,14.51,0.01,119,172669,买盘
1831,11:19:00,14.5,--,106,153700,买盘
1832,11:18:57,14.5,--,36,52200,卖盘
1833,11:18:54,14.5,-0.01,97,140650,买盘
1834,11:18:51,14.51,0.01,8,11608,买盘
1835,11:18:48,14.5,-0.01,40,58000,卖盘
1836,11:18:45,14.51,--,54,78354,买盘
1837,11:18:42,14.51,--,20,29020,买盘
1838,11:18:39,14.51,--,9,13059,买盘
1839,11:18:36,14.51,--,2,2902,买盘
1840,11:18:30,14.51,--,18,26118,买盘
1841,11:18:27,14.51,--,15,21765,买盘
1842,11:18:24,14.51,--,39,56589,买盘
1843,11:18:21,14.51,0.01,30,43530,买盘
1844,11:18:18,14.5,--,9,13050,卖盘
1845,11:18:15,14.5,-0.01,3,4350,中性盘
1846,11:18:12,14.51,0.01,30,43530,买盘
1847,11:18:09,14.5,--,0,0,中性盘
1848,11:18:06,14.5,0.01,61,88450,买盘
1849,11:18:03,14.49,-0.01,6,8694,买盘
1850,11:18:00,14.5,0.02,344,498800,买盘
1851,11:17:57,14.48,-0.01,1,1448,卖盘
1852,11:17:54,14.49,0.01,10,14490,买盘
1853,11:17:51,14.48,--,0,0,卖盘
1854,11:17:48,14.48,-0.02,33,47784,中性盘
1855,11:17:45,14.5,--,17,24650,买盘
1856,11:17:42,14.5,0.02,24,34800,买盘
1857,11:17:39,14.48,--,75,108600,买盘
1858,11:17:36,14.48,--,19,27512,卖盘
1859,11:17:33,14.48,--,30,43440,卖盘
1860,11:17:30,14.48,--,0,0,卖盘
1861,11:17:27,14.48,--,6,8688,买盘
1862,11:17:24,14.48,0.01,31,44888,买盘
1863,11:17:21,14.47,--,34,49198,买盘
1864,11:17:18,14.47,--,3,4341,买盘
1865,11:17:15,14.47,-0.03,10,14470,中性盘
1866,11:17:12,14.5,0.03,597,865650,买盘
1867,11:17:09,14.47,--,5,7235,卖盘
1868,11:17:06,14.47,-0.01,10,14470,买盘
1869,11:17:03,14.48,--,58,83984,买盘
1870,11:17:00,14.48,--,65,94120,买盘
1871,11:16:57,14.48,0.01,22,31856,买盘
1872,11:16:54,14.47,0.01,1,1447,卖盘
1873,11:16:51,14.46,-0.01,37,53502,卖盘
1874,11:16:48,14.47,--,39,56433,买盘
1875,11:16:45,14.47,--,70,101290,买盘
1876,11:16:42,14.47,--,30,43410,卖盘
1877,11:16:39,14.47,--,73,105631,卖盘
1878,11:16:36,14.47,--,49,70903,卖盘
1879,11:16:33,14.47,--,20,28940,买盘
1880,11:16:30,14.47,0.01,4,5788,买盘
1881,11:16:27,14.46,-0.01,4,5784,卖盘
1882,11:16:24,14.47,--,87,125889,买盘
1883,11:16:21,14.47,--,12,17364,买盘
1884,11:16:18,14.47,--,2,2894,买盘
1885,11:16:15,14.47,0.01,24,34728,买盘
1886,11:16:12,14.46,-0.01,2,2892,卖盘
1887,11:16:09,14.47,--,10,14470,卖盘
1888,11:16:06,14.47,--,20,28940,买盘
1889,11:16:03,14.47,--,27,39069,卖盘
1890,11:16:00,14.47,0.01,17,24599,买盘
1891,11:15:57,14.46,-0.01,2,2892,卖盘
1892,11:15:54,14.47,--,51,73797,买盘
1893,11:15:51,14.47,0.01,42,60774,买盘
1894,11:15:48,14.46,-0.01,139,200994,卖盘
1895,11:15:45,14.47,0.01,1,1447,买盘
1896,11:15:42,14.46,--,52,75192,卖盘
1897,11:15:39,14.46,--,100,144600,买盘
1898,11:15:36,14.46,--,8,11568,买盘
1899,11:15:33,14.46,--,145,209670,买盘
1900,11:15:30,14.46,0.01,47,67962,买盘
1901,11:15:27,14.45,-0.01,2,2890,卖盘
1902,11:15:24,14.46,--,19,27474,买盘
1903,11:15:21,14.46,0.01,5,7230,买盘
1904,11:15:18,14.45,--,2,2890,卖盘
1905,11:15:15,14.45,--,681,984796,买盘
1906,11:15:12,14.45,0.01,8,11560,买盘
1907,11:15:09,14.44,-0.01,15,21660,卖盘
1908,11:15:03,14.45,0.02,352,508640,买盘
1909,11:15:00,14.43,--,1,1443,卖盘
1910,11:14:57,14.43,--,17,24531,卖盘
1911,11:14:54,14.43,--,4,5772,买盘
1912,11:14:51,14.43,--,59,85137,买盘
1913,11:14:48,14.43,0.01,80,115440,买盘
1914,11:14:42,14.42,-0.01,51,73542,卖盘
1915,11:14:39,14.43,0.01,10,14430,买盘
1916,11:14:36,14.42,--,111,160062,买盘
1917,11:14:33,14.42,0.01,119,171598,买盘
1918,11:14:27,14.41,--,3,4323,卖盘
1919,11:14:24,14.41,0.01,124,178684,买盘
1920,11:14:15,14.4,--,65,93600,买盘
1921,11:14:09,14.4,--,102,146880,卖盘
1922,11:14:06,14.4,--,22,31680,卖盘
1923,11:14:03,14.4,-0.01,13,18720,卖盘
1924,11:14:00,14.41,0.01,11,15851,买盘
1925,11:13:57,14.4,--,9,12960,卖盘
1926,11:13:54,14.4,--,36,51840,买盘
1927,11:13:51,14.4,--,4,5760,买盘
1928,11:13:48,14.4,--,25,36000,买盘
1929,11:13:45,14.4,0.01,12,17280,买盘
1930,11:13:42,14.39,--,23,33097,卖盘
1931,11:13:36,14.39,--,0,0,中性盘
1932,11:13:27,14.39,-0.01,2,2878,卖盘
1933,11:13:24,14.4,0.01,5,7200,买盘
1934,11:13:18,14.39,-0.01,13,18707,中性盘
1935,11:13:15,14.4,--,25,36000,买盘
1936,11:13:12,14.4,--,26,37440,买盘
1937,11:13:09,14.4,--,23,33120,买盘
1938,11:13:06,14.4,--,8,11520,买盘
1939,11:13:03,14.4,--,1,1440,买盘
1940,11:13:00,14.4,0.01,17,24480,买盘
1941,11:12:57,14.39,-0.01,53,76267,卖盘
1942,11:12:51,14.4,--,3,4320,买盘
1943,11:12:48,14.4,--,15,21600,买盘
1944,11:12:45,14.4,--,0,0,买盘
1945,11:12:42,14.4,0.02,1,1440,卖盘
1946,11:12:33,14.38,-0.02,84,120792,卖盘
1947,11:12:30,14.4,0.02,71,102240,买盘
1948,11:12:27,14.38,-0.02,1,1438,卖盘
1949,11:12:18,14.4,--,2,2880,买盘
1950,11:12:15,14.4,0.01,12,17280,买盘
1951,11:12:12,14.39,0.01,1,1439,中性盘
1952,11:12:06,14.38,-0.01,46,66148,卖盘
1953,11:12:03,14.39,--,12,17268,卖盘
1954,11:12:00,14.39,0.01,87,125193,买盘
1955,11:11:57,14.38,-0.01,34,48892,卖盘
1956,11:11:48,14.39,--,24,34536,买盘
1957,11:11:45,14.39,--,42,60438,卖盘
1958,11:11:42,14.39,-0.01,3,4317,卖盘
1959,11:11:39,14.4,0.01,19,27360,买盘
1960,11:11:33,14.39,-0.01,45,64913,卖盘
1961,11:11:30,14.4,--,117,168480,卖盘
1962,11:11:27,14.4,-0.01,2,2880,卖盘
1963,11:11:18,14.41,0.01,8,11528,中性盘
1964,11:11:15,14.4,-0.01,156,224640,卖盘
1965,11:11:12,14.41,--,1,1441,卖盘
1966,11:11:06,14.41,-0.01,3,4323,卖盘
1967,11:11:00,14.42,0.01,10,14420,买盘
1968,11:10:57,14.41,--,2,2882,卖盘
1969,11:10:54,14.41,-0.01,32,46112,卖盘
1970,11:10:51,14.42,--,25,36050,买盘
1971,11:10:48,14.42,--,19,27398,卖盘
1972,11:10:45,14.42,0.01,6,8652,中性盘
1973,11:10:42,14.41,-0.02,2,2882,卖盘
1974,11:10:39,14.43,0.01,58,83694,买盘
1975,11:10:36,14.42,-0.01,4,5768,买盘
1976,11:10:30,14.43,0.02,5,7215,买盘
1977,11:10:27,14.41,-0.01,42,60522,卖盘
1978,11:10:21,14.42,--,5,7210,卖盘
1979,11:10:18,14.42,0.01,5,7210,卖盘
1980,11:10:15,14.41,-0.01,63,90783,卖盘
1981,11:10:12,14.42,0.01,33,47586,买盘
1982,11:10:09,14.41,-0.01,60,86460,卖盘
1983,11:10:06,14.42,--,17,24514,买盘
1984,11:10:03,14.42,--,5,7210,买盘
1985,11:10:00,14.42,--,5,7210,卖盘
1986,11:09:57,14.42,--,416,599872,卖盘
1987,11:09:54,14.42,--,5,7210,卖盘
1988,11:09:48,14.42,-0.01,15,21630,卖盘
1989,11:09:45,14.43,-0.01,9,12987,中性盘
1990,11:09:42,14.44,--,1,1444,买盘
1991,11:09:39,14.44,--,13,18772,卖盘
1992,11:09:36,14.44,--,121,174724,卖盘
1993,11:09:33,14.44,--,21,30324,卖盘
1994,11:09:30,14.44,--,77,111188,卖盘
1995,11:09:27,14.44,--,9,12996,卖盘
1996,11:09:24,14.44,--,177,255588,卖盘
1997,11:09:21,14.44,0.01,99,142956,买盘
1998,11:09:18,14.43,--,39,56277,卖盘
1999,11:09:15,14.43,--,6,8658,买盘
2000,11:09:12,14.43,--,16,23088,中性盘
2001,11:09:09,14.43,-0.01,36,51948,卖盘
2002,11:09:06,14.44,--,440,636082,卖盘
2003,11:09:03,14.44,--,20,28880,卖盘
2004,11:09:00,14.44,-0.01,2,2888,卖盘
2005,11:08:57,14.45,0.01,41,59245,买盘
2006,11:08:54,14.44,--,80,115520,卖盘
2007,11:08:51,14.44,--,22,31768,卖盘
2008,11:08:48,14.44,--,539,779038,卖盘
2009,11:08:45,14.44,--,41,59204,卖盘
2010,11:08:42,14.44,--,228,329232,买盘
2011,11:08:39,14.44,--,12,17328,买盘
2012,11:08:36,14.44,--,18,25992,买盘
2013,11:08:30,14.44,--,171,246924,买盘
2014,11:08:24,14.44,-0.01,85,122740,卖盘
2015,11:08:21,14.45,--,127,183515,买盘
2016,11:08:15,14.45,0.01,13,18785,买盘
2017,11:08:12,14.44,--,382,551608,卖盘
2018,11:08:06,14.44,--,69,99636,卖盘
2019,11:08:03,14.44,--,8,11552,卖盘
2020,11:08:00,14.44,-0.01,128,184832,卖盘
2021,11:07:57,14.45,0.01,200,289000,买盘
2022,11:07:54,14.44,-0.01,45,64980,卖盘
2023,11:07:51,14.45,--,23,33235,买盘
2024,11:07:48,14.45,0.01,1,1445,买盘
2025,11:07:45,14.44,-0.01,52,75088,卖盘
2026,11:07:42,14.45,0.01,80,115600,买盘
2027,11:07:39,14.44,--,67,96748,卖盘
2028,11:07:36,14.44,--,33,47652,卖盘
2029,11:07:33,14.44,--,73,105412,卖盘
2030,11:07:30,14.44,0.02,481,694564,买盘
2031,11:07:27,14.42,--,177,255234,卖盘
2032,11:07:24,14.42,-0.01,30,43260,卖盘
2033,11:07:21,14.43,0.01,85,122655,买盘
2034,11:07:18,14.42,-0.01,54,77868,卖盘
2035,11:07:15,14.43,--,10,14430,买盘
2036,11:07:12,14.43,--,4,5772,买盘
2037,11:07:09,14.43,--,5,7215,买盘
2038,11:07:06,14.43,-0.01,110,158730,卖盘
2039,11:07:03,14.44,--,1,1444,卖盘
2040,11:07:00,14.44,0.01,504,727776,买盘
2041,11:06:57,14.43,--,102,147186,买盘
2042,11:06:51,14.43,--,18,25974,买盘
2043,11:06:48,14.43,--,1,1443,买盘
2044,11:06:45,14.43,0.01,50,72150,买盘
2045,11:06:42,14.42,-0.01,101,145642,卖盘
2046,11:06:38,14.43,0.01,43,62049,买盘
2047,11:06:36,14.42,-0.01,20,28840,卖盘
2048,11:06:33,14.43,0.01,64,92352,买盘
2049,11:06:30,14.42,--,14,20188,卖盘
2050,11:06:27,14.42,--,39,56238,卖盘
2051,11:06:23,14.42,--,226,325892,卖盘
2052,11:06:21,14.42,--,10,14420,卖盘
2053,11:06:17,14.42,--,62,89404,卖盘
2054,11:06:15,14.42,0.01,221,318682,买盘
2055,11:06:11,14.41,-0.01,93,134013,卖盘
2056,11:06:08,14.42,0.01,129,186018,买盘
2057,11:06:06,14.41,-0.01,100,144100,卖盘
2058,11:06:02,14.42,--,6,8652,卖盘
2059,11:06:00,14.42,--,33,47586,卖盘
2060,11:05:56,14.42,--,2,2884,买盘
2061,11:05:53,14.42,--,19,27398,买盘
2062,11:05:50,14.42,--,6,8652,买盘
2063,11:05:47,14.42,--,88,126896,买盘
2064,11:05:44,14.42,0.01,107,154294,买盘
2065,11:05:41,14.41,--,15,21615,卖盘
2066,11:05:35,14.41,--,41,59081,买盘
2067,11:05:32,14.41,0.01,26,37466,买盘
2068,11:05:29,14.4,--,31,44640,卖盘
2069,11:05:26,14.4,--,19,27360,卖盘
2070,11:05:23,14.4,--,82,118080,卖盘
2071,11:05:20,14.4,0.01,368,531201,买盘
2072,11:05:17,14.39,--,81,116559,买盘
2073,11:05:14,14.39,--,58,83462,买盘
2074,11:05:11,14.39,-0.01,52,74986,卖盘
2075,11:05:08,14.4,0.01,45,64800,买盘
2076,11:05:05,14.39,--,1,1439,卖盘
2077,11:05:02,14.39,--,13,18707,卖盘
2078,11:04:59,14.39,--,5,7195,卖盘
2079,11:04:56,14.39,--,9,12951,卖盘
2080,11:04:50,14.39,0.03,647,932313,买盘
2081,11:04:47,14.36,-0.01,11,15796,卖盘
2082,11:04:44,14.37,0.01,39,56043,买盘
2083,11:04:41,14.36,--,57,81852,买盘
2084,11:04:32,14.36,0.01,30,43080,买盘
2085,11:04:29,14.35,--,241,345835,买盘
2086,11:04:26,14.35,--,28,40180,买盘
2087,11:04:23,14.35,--,90,129150,买盘
2088,11:04:20,14.35,--,50,71750,买盘
2089,11:04:17,14.35,0.01,4,5740,买盘
2090,11:04:14,14.34,--,2,2868,卖盘
2091,11:04:08,14.34,--,65,93210,买盘
2092,11:04:05,14.34,--,75,107550,买盘
2093,11:04:02,14.34,--,54,77436,买盘
2094,11:03:59,14.34,0.01,10,14340,买盘
2095,11:03:53,14.33,--,16,22928,买盘
2096,11:03:50,14.33,0.01,182,260806,买盘
2097,11:03:47,14.32,--,6,8592,卖盘
2098,11:03:44,14.32,--,5,7160,卖盘
2099,11:03:38,14.32,0.01,0,873,买盘
2100,11:03:29,14.31,-0.01,2,2862,卖盘
2101,11:03:23,14.32,0.01,279,399528,买盘
2102,11:03:20,14.31,--,75,107325,买盘
2103,11:03:17,14.31,--,102,145962,买盘
2104,11:03:14,14.31,0.01,35,50085,买盘
2105,11:03:11,14.3,-0.01,5,7150,卖盘
2106,11:03:08,14.31,--,1,1431,买盘
2107,11:03:02,14.31,0.01,3,4293,买盘
2108,11:02:56,14.3,-0.01,7,10010,卖盘
2109,11:02:47,14.31,--,5,7155,买盘
2110,11:02:44,14.31,--,9,12879,买盘
2111,11:02:38,14.31,--,10,14310,买盘
2112,11:02:32,14.31,--,13,18603,买盘
2113,11:02:29,14.31,--,115,164565,买盘
2114,11:02:26,14.31,--,9,12879,买盘
2115,11:02:23,14.31,--,22,31482,买盘
2116,11:02:20,14.31,0.01,30,42930,买盘
2117,11:02:17,14.3,--,1,1430,卖盘
2118,11:02:14,14.3,-0.01,2,2860,卖盘
2119,11:02:08,14.31,--,4,5724,买盘
2120,11:02:02,14.31,--,1,1431,买盘
2121,11:01:59,14.31,--,29,41499,买盘
2122,11:01:50,14.31,--,0,0,买盘
2123,11:01:44,14.31,0.01,5,7155,买盘
2124,11:01:41,14.3,--,6,8580,卖盘
2125,11:01:29,14.3,0.01,38,54340,买盘
2126,11:01:26,14.29,-0.01,14,20006,卖盘
2127,11:01:20,14.3,0.01,7,10010,买盘
2128,11:01:14,14.29,-0.01,2,2858,卖盘
2129,11:01:06,14.3,0.01,5,7150,买盘
2130,11:00:57,14.29,-0.01,2,2858,卖盘
2131,11:00:56,14.3,--,18,25740,买盘
2132,11:00:42,14.3,--,5,7150,买盘
2133,11:00:40,14.3,--,10,14300,买盘
2134,11:00:36,14.3,--,31,44330,卖盘
2135,11:00:27,14.3,-0.01,1,1430,卖盘
2136,11:00:24,14.31,0.01,14,20034,买盘
2137,11:00:15,14.3,--,50,71500,卖盘
2138,11:00:12,14.3,--,2,2860,卖盘
2139,11:00:06,14.3,--,54,77220,卖盘
2140,10:59:57,14.3,--,22,31460,卖盘
2141,10:59:48,14.3,--,0,0,中性盘
2142,10:59:45,14.3,--,9,12870,卖盘
2143,10:59:42,14.3,-0.01,2,2860,卖盘
2144,10:59:36,14.31,--,10,14310,买盘
2145,10:59:30,14.31,0.01,21,30051,买盘
2146,10:59:27,14.3,--,2,2860,卖盘
2147,10:59:24,14.3,--,8,11440,卖盘
2148,10:59:18,14.3,--,5,7150,卖盘
2149,10:59:15,14.3,--,7,10010,卖盘
2150,10:59:12,14.3,--,16,22880,卖盘
2151,10:59:09,14.3,0.01,34,48620,买盘
2152,10:59:06,14.29,-0.01,3,4287,卖盘
2153,10:59:03,14.3,0.01,3,4290,买盘
2154,10:58:57,14.29,-0.01,1,1429,卖盘
2155,10:58:51,14.3,--,1,1430,买盘
2156,10:58:45,14.3,--,1,1430,买盘
2157,10:58:36,14.3,-0.01,45,64350,卖盘
2158,10:58:33,14.31,0.01,3,4293,买盘
2159,10:58:27,14.3,-0.01,2,2860,卖盘
2160,10:58:24,14.31,--,23,32913,卖盘
2161,10:58:21,14.31,--,9,12879,卖盘
2162,10:58:15,14.31,-0.01,5,7155,卖盘
2163,10:58:12,14.32,0.01,2,2864,买盘
2164,10:58:09,14.31,--,13,18603,卖盘
2165,10:58:06,14.31,--,5,7155,卖盘
2166,10:58:03,14.31,--,4,5724,卖盘
2167,10:57:54,14.31,--,39,55809,卖盘
2168,10:57:51,14.31,--,1,1431,卖盘
2169,10:57:45,14.31,--,7,10017,卖盘
2170,10:57:39,14.31,-0.01,1,1431,卖盘
2171,10:57:30,14.32,0.01,14,20048,买盘
2172,10:57:27,14.31,-0.01,2,2862,卖盘
2173,10:57:21,14.32,0.01,11,15752,买盘
2174,10:57:18,14.31,--,7,10017,卖盘
2175,10:57:15,14.31,--,32,45792,卖盘
2176,10:57:12,14.31,-0.01,2,2862,卖盘
2177,10:57:09,14.32,0.01,20,28640,买盘
2178,10:57:06,14.31,--,3,4293,卖盘
2179,10:57:03,14.31,-0.01,20,28620,卖盘
2180,10:57:00,14.32,--,4,5728,买盘
2181,10:56:57,14.32,0.01,8,11456,买盘
2182,10:56:54,14.31,-0.01,2,2862,卖盘
2183,10:56:48,14.32,--,51,73032,买盘
2184,10:56:42,14.32,--,4,5728,买盘
2185,10:56:33,14.32,--,10,14320,买盘
2186,10:56:27,14.32,0.01,1,1432,买盘
2187,10:56:24,14.31,--,2,2862,卖盘
2188,10:56:21,14.31,--,8,11448,买盘
2189,10:56:12,14.31,--,17,24327,卖盘
2190,10:56:06,14.31,--,4,5724,卖盘
2191,10:55:57,14.31,--,2,2862,卖盘
2192,10:55:54,14.31,0.01,1,1431,买盘
2193,10:55:39,14.3,--,2,2860,卖盘
2194,10:55:36,14.3,--,18,25740,卖盘
2195,10:55:30,14.3,-0.01,8,11440,卖盘
2196,10:55:24,14.31,0.01,13,18603,中性盘
2197,10:55:21,14.3,-0.01,71,101530,卖盘
2198,10:55:18,14.31,0.01,10,14310,买盘
2199,10:55:12,14.3,--,13,18590,卖盘
2200,10:55:09,14.3,-0.01,4,5720,卖盘
2201,10:55:06,14.31,0.01,5,7155,买盘
2202,10:55:03,14.3,-0.01,29,41470,卖盘
2203,10:55:00,14.31,--,5,7155,买盘
2204,10:54:57,14.31,0.01,42,60102,买盘
2205,10:54:54,14.3,-0.01,1,1430,卖盘
2206,10:54:48,14.31,0.01,200,286200,买盘
2207,10:54:45,14.3,-0.01,1,1430,卖盘
2208,10:54:42,14.31,--,22,31482,买盘
2209,10:54:30,14.31,--,2,2862,买盘
2210,10:54:27,14.31,0.01,8,11448,买盘
2211,10:54:09,14.3,-0.01,2,2860,卖盘
2212,10:54:06,14.31,0.01,4,5724,买盘
2213,10:54:03,14.3,-0.01,32,45760,卖盘
2214,10:54:00,14.31,0.01,12,17172,买盘
2215,10:53:57,14.3,--,4,5720,卖盘
2216,10:53:51,14.3,--,3,4290,卖盘
2217,10:53:45,14.3,--,56,80080,卖盘
2218,10:53:39,14.3,--,2,2860,卖盘
2219,10:53:33,14.3,-0.01,23,32890,卖盘
2220,10:53:30,14.31,0.01,8,11448,买盘
2221,10:53:27,14.3,-0.01,16,22880,卖盘
2222,10:53:21,14.31,0.01,10,14310,买盘
2223,10:53:18,14.3,-0.01,5,7150,卖盘
2224,10:53:12,14.31,0.01,6,8586,买盘
2225,10:53:09,14.3,--,2,2860,卖盘
2226,10:53:06,14.3,-0.01,15,21450,卖盘
2227,10:53:03,14.31,0.01,55,78705,买盘
2228,10:52:54,14.3,--,42,60060,卖盘
2229,10:52:51,14.3,-0.01,21,30030,卖盘
2230,10:52:48,14.31,0.01,4,5724,买盘
2231,10:52:42,14.3,--,2,2860,卖盘
2232,10:52:36,14.3,-0.01,15,21450,卖盘
2233,10:52:27,14.31,0.01,1,1431,买盘
2234,10:52:24,14.3,--,2,2860,卖盘
2235,10:52:21,14.3,-0.01,5,7150,卖盘
2236,10:52:12,14.31,0.01,18,25758,买盘
2237,10:52:09,14.3,--,1,1430,卖盘
2238,10:52:06,14.3,--,10,14300,卖盘
2239,10:52:03,14.3,-0.01,29,41470,卖盘
2240,10:51:57,14.31,--,5,7155,买盘
2241,10:51:54,14.31,--,0,0,买盘
2242,10:51:51,14.31,--,43,62091,卖盘
2243,10:51:48,14.31,0.01,128,184040,买盘
2244,10:51:39,14.3,--,2,2860,卖盘
2245,10:51:30,14.3,-0.01,26,37180,卖盘
2246,10:51:27,14.31,--,12,17730,卖盘
2247,10:51:24,14.31,-0.01,15,21465,卖盘
2248,10:51:18,14.32,--,21,30072,买盘
2249,10:51:12,14.32,0.01,1,1432,买盘
2250,10:51:09,14.31,--,2,2862,卖盘
2251,10:51:06,14.31,-0.01,14,20034,卖盘
2252,10:50:54,14.32,--,41,58712,买盘
2253,10:50:51,14.32,0.01,52,74464,买盘
2254,10:50:45,14.31,--,2,3734,卖盘
2255,10:50:39,14.31,-0.01,10,14310,卖盘
2256,10:50:36,14.32,0.01,50,71600,买盘
2257,10:50:33,14.31,--,5,7155,卖盘
2258,10:50:27,14.31,--,31,44361,卖盘
2259,10:50:24,14.31,--,2,2862,卖盘
2260,10:50:18,14.31,-0.01,53,75843,卖盘
2261,10:50:15,14.32,--,5,7160,买盘
2262,10:50:12,14.32,--,105,150360,卖盘
2263,10:50:09,14.32,--,23,32936,卖盘
2264,10:50:06,14.32,--,5,7160,卖盘
2265,10:50:03,14.32,-0.01,11,15752,卖盘
2266,10:49:57,14.33,0.01,6,8598,买盘
2267,10:49:54,14.32,--,2,2864,卖盘
2268,10:49:51,14.32,-0.01,7,10024,卖盘
2269,10:49:48,14.33,--,8,11464,买盘
2270,10:49:45,14.33,--,11,15763,买盘
2271,10:49:42,14.33,0.01,8,11464,买盘
2272,10:49:39,14.32,--,22,31504,卖盘
2273,10:49:30,14.32,--,13,18616,卖盘
2274,10:49:27,14.32,--,44,63008,买盘
2275,10:49:24,14.32,0.01,38,54416,买盘
2276,10:49:21,14.31,--,7,10017,卖盘
2277,10:49:18,14.31,--,10,14310,卖盘
2278,10:49:15,14.31,--,99,141669,买盘
2279,10:49:12,14.31,0.02,15,21465,买盘
2280,10:49:09,14.29,--,2,2858,卖盘
2281,10:49:06,14.29,-0.01,14,20006,卖盘
2282,10:49:00,14.3,--,257,367510,买盘
2283,10:48:57,14.3,0.02,10,14314,买盘
2284,10:48:54,14.28,--,91,129948,卖盘
2285,10:48:51,14.28,-0.01,10,14280,卖盘
2286,10:48:48,14.29,--,169,241501,买盘
2287,10:48:42,14.29,0.01,13,18577,买盘
2288,10:48:39,14.28,-0.01,22,31416,卖盘
2289,10:48:36,14.29,--,77,110033,买盘
2290,10:48:33,14.29,--,10,14290,买盘
2291,10:48:27,14.29,0.02,1,1429,买盘
2292,10:48:24,14.27,-0.01,7,9989,卖盘
2293,10:48:21,14.28,--,6,8568,买盘
2294,10:48:18,14.28,0.01,100,142800,买盘
2295,10:48:09,14.27,--,1,1427,卖盘
2296,10:48:06,14.27,-0.01,33,47091,中性盘
2297,10:48:03,14.28,0.02,100,142800,买盘
2298,10:47:57,14.26,--,31,44206,买盘
2299,10:47:54,14.26,--,24,34224,买盘
2300,10:47:45,14.26,0.01,21,29946,买盘
2301,10:47:39,14.25,-0.01,8,11400,卖盘
2302,10:47:36,14.26,0.01,21,29946,买盘
2303,10:47:30,14.25,0.02,85,121125,买盘
2304,10:47:24,14.23,-0.02,2,2846,卖盘
2305,10:47:18,14.25,--,67,95475,买盘
2306,10:47:15,14.25,0.02,121,172425,买盘
2307,10:47:12,14.23,--,2,2846,卖盘
2308,10:47:09,14.23,-0.01,4,5692,卖盘
2309,10:47:06,14.24,0.01,10,14240,买盘
2310,10:46:57,14.23,-0.01,2,2846,卖盘
2311,10:46:54,14.24,--,20,28480,买盘
2312,10:46:48,14.24,0.01,20,28480,买盘
2313,10:46:42,14.23,--,1,1423,卖盘
2314,10:46:38,14.23,--,9,13703,买盘
2315,10:46:30,14.23,0.01,1,1423,买盘
2316,10:46:27,14.22,--,2,2844,卖盘
2317,10:46:24,14.22,-0.01,10,14220,卖盘
2318,10:46:18,14.23,--,3,4269,买盘
2319,10:46:15,14.23,0.01,20,28460,买盘
2320,10:46:08,14.22,-0.01,3,4266,卖盘
2321,10:46:03,14.23,--,73,104405,卖盘
2322,10:45:56,14.23,--,2,2846,卖盘
2323,10:45:41,14.23,-0.01,2,2846,卖盘
2324,10:45:32,14.24,--,20,28480,买盘
2325,10:45:29,14.24,0.01,23,32752,买盘
2326,10:45:26,14.23,--,1,2319,卖盘
2327,10:45:23,14.23,-0.01,3,4269,卖盘
2328,10:45:14,14.24,0.01,10,14240,买盘
2329,10:45:11,14.23,--,2,2846,卖盘
2330,10:45:08,14.23,-0.01,3,4269,卖盘
2331,10:44:59,14.24,0.01,10,14240,买盘
2332,10:44:56,14.23,--,2,2846,卖盘
2333,10:44:47,14.23,--,9,12807,卖盘
2334,10:44:41,14.23,--,2,2846,卖盘
2335,10:44:38,14.23,-0.01,20,28460,卖盘
2336,10:44:29,14.24,0.01,1,1424,买盘
2337,10:44:26,14.23,-0.01,2,2846,卖盘
2338,10:44:23,14.24,--,0,0,中性盘
2339,10:44:20,14.24,--,1,1424,买盘
2340,10:44:11,14.24,--,1,1424,卖盘
2341,10:44:08,14.24,--,4,5696,卖盘
2342,10:43:59,14.24,--,21,29904,卖盘
2343,10:43:56,14.24,0.01,1,1424,卖盘
2344,10:43:44,14.23,--,0,0,卖盘
2345,10:43:41,14.23,--,2,2846,卖盘
2346,10:43:26,14.23,-0.02,2,2846,卖盘
2347,10:43:11,14.25,--,0,0,买盘
2348,10:43:08,14.25,0.01,14,19950,买盘
2349,10:43:05,14.24,-0.01,9,12816,卖盘
2350,10:42:59,14.25,0.01,3,4275,买盘
2351,10:42:56,14.24,-0.01,2,2848,卖盘
2352,10:42:50,14.25,--,10,14250,买盘
2353,10:42:47,14.25,0.01,2,2850,买盘
2354,10:42:41,14.24,-0.01,1,1424,卖盘
2355,10:42:29,14.25,0.01,1,1425,买盘
2356,10:42:26,14.24,--,2,2848,卖盘
2357,10:42:11,14.24,--,3,4272,卖盘
2358,10:42:08,14.24,--,3,4272,卖盘
2359,10:42:05,14.24,--,5,7120,买盘
2360,10:42:02,14.24,--,15,21360,卖盘
2361,10:41:56,14.24,--,2,2848,卖盘
2362,10:41:44,14.24,--,20,28480,卖盘
2363,10:41:41,14.24,--,2,2848,卖盘
2364,10:41:26,14.24,-0.01,1,1424,卖盘
2365,10:41:17,14.25,0.01,20,28500,买盘
2366,10:41:11,14.24,-0.01,2,2848,卖盘
2367,10:41:08,14.25,--,5,7125,买盘
2368,10:41:05,14.25,--,1,1425,买盘
2369,10:40:56,14.25,--,76,108300,卖盘
2370,10:40:53,14.25,-0.01,7,9975,卖盘
2371,10:40:50,14.26,0.01,7,9982,买盘
2372,10:40:44,14.25,--,10,14250,卖盘
2373,10:40:39,14.25,--,2,2850,卖盘
2374,10:40:36,14.25,-0.01,5,7125,卖盘
2375,10:40:28,14.26,0.01,1,1426,买盘
2376,10:40:24,14.25,--,2,2850,卖盘
2377,10:40:09,14.25,--,2,2850,卖盘
2378,10:40:07,14.25,-0.01,62,88350,卖盘
2379,10:40:00,14.26,0.01,1,1426,买盘
2380,10:39:54,14.25,-0.01,1,1425,卖盘
2381,10:39:36,14.26,--,17,24242,卖盘
2382,10:39:24,14.26,-0.01,8,11408,卖盘
2383,10:39:12,14.27,0.01,17,24259,买盘
2384,10:39:09,14.26,--,4,5704,卖盘
2385,10:39:06,14.26,--,20,28520,卖盘
2386,10:39:00,14.26,--,2,2852,卖盘
2387,10:38:54,14.26,-0.01,2,2852,卖盘
2388,10:38:51,14.27,--,24,34248,买盘
2389,10:38:45,14.27,--,45,64215,买盘
2390,10:38:42,14.27,0.01,1,1427,买盘
2391,10:38:39,14.26,-0.01,1,1426,卖盘
2392,10:38:27,14.27,0.01,1,1427,买盘
2393,10:38:24,14.26,--,2,2852,卖盘
2394,10:38:09,14.26,--,2,2852,卖盘
2395,10:38:06,14.26,--,4,5704,卖盘
2396,10:37:57,14.26,--,1,1426,卖盘
2397,10:37:54,14.26,--,2,2852,卖盘
2398,10:37:48,14.26,--,7,9982,买盘
2399,10:37:39,14.26,-0.01,6,8556,卖盘
2400,10:37:36,14.27,--,20,28540,买盘
2401,10:37:30,14.27,--,0,0,买盘
2402,10:37:24,14.27,--,32,47076,买盘
2403,10:37:21,14.27,--,9,12843,买盘
2404,10:37:15,14.27,--,4,5708,买盘
2405,10:37:09,14.27,0.01,15,21405,买盘
2406,10:37:06,14.26,--,3,4278,卖盘
2407,10:36:57,14.26,--,8,11422,买盘
2408,10:36:54,14.26,--,18,27079,卖盘
2409,10:36:45,14.26,--,5,7130,卖盘
2410,10:36:39,14.26,0.01,38,54202,买盘
2411,10:36:36,14.25,0.02,73,104025,买盘
2412,10:36:27,14.23,--,103,146569,买盘
2413,10:36:24,14.23,--,32,45536,买盘
2414,10:36:15,14.23,--,25,35575,卖盘
2415,10:36:12,14.23,--,20,28460,卖盘
2416,10:36:09,14.23,--,12,17076,卖盘
2417,10:36:06,14.23,--,3,4269,卖盘
2418,10:36:03,14.23,--,1,1423,卖盘
2419,10:35:57,14.23,--,1,1423,卖盘
2420,10:35:54,14.23,--,1,1423,卖盘
2421,10:35:48,14.23,--,6,8538,买盘
2422,10:35:45,14.23,--,5,7115,卖盘
2423,10:35:39,14.23,--,2,2846,卖盘
2424,10:35:30,14.23,--,5,7115,买盘
2425,10:35:24,14.23,-0.01,9,12807,买盘
2426,10:35:15,14.24,--,15,21360,买盘
2427,10:35:06,14.24,--,70,99680,买盘
2428,10:35:03,14.24,--,62,88288,卖盘
2429,10:34:54,14.24,-0.01,2,2848,卖盘
2430,10:34:45,14.25,0.01,8,11400,买盘
2431,10:34:39,14.24,--,3,4272,卖盘
2432,10:34:36,14.24,-0.01,1,1424,卖盘
2433,10:34:27,14.25,0.01,1,1425,买盘
2434,10:34:24,14.24,0.03,27,38448,买盘
2435,10:34:15,14.21,-0.01,59,83839,卖盘
2436,10:34:09,14.22,--,2,2844,卖盘
2437,10:34:06,14.22,--,3,4266,卖盘
2438,10:33:54,14.22,--,2,2844,卖盘
2439,10:33:51,14.22,--,5,7110,卖盘
2440,10:33:39,14.22,-0.02,2,2844,卖盘
2441,10:33:33,14.24,0.03,4,5696,中性盘
2442,10:33:30,14.21,--,0,0,卖盘
2443,10:33:24,14.21,--,2,2842,卖盘
2444,10:33:21,14.21,--,40,56840,卖盘
2445,10:33:15,14.21,--,59,83839,卖盘
2446,10:33:12,14.21,--,0,0,卖盘
2447,10:33:09,14.21,--,4,5684,卖盘
2448,10:32:54,14.21,-0.04,213,302673,卖盘
2449,10:32:45,14.25,0.03,11,15675,买盘
2450,10:32:36,14.22,-0.01,2,2844,卖盘
2451,10:32:30,14.23,--,53,75419,买盘
2452,10:32:18,14.23,-0.01,75,106725,卖盘
2453,10:32:06,14.24,--,7,9968,卖盘
2454,10:32:00,14.24,-0.01,8,11392,卖盘
2455,10:31:54,14.25,0.01,18,25650,买盘
2456,10:31:51,14.24,--,79,112496,卖盘
2457,10:31:39,14.24,-0.01,33,46992,卖盘
2458,10:31:24,14.25,--,49,69825,卖盘
2459,10:31:21,14.25,--,1,1425,买盘
2460,10:31:18,14.25,--,58,82650,卖盘
2461,10:31:12,14.25,--,20,28500,卖盘
2462,10:31:09,14.25,--,2,2850,卖盘
2463,10:31:06,14.25,-0.01,43,61275,卖盘
2464,10:31:00,14.26,--,23,34209,卖盘
2465,10:30:54,14.26,-0.01,2,2852,卖盘
2466,10:30:48,14.27,0.01,44,62788,买盘
2467,10:30:45,14.26,-0.01,114,162564,卖盘
2468,10:30:39,14.27,0.01,10,14270,买盘
2469,10:30:36,14.26,--,3,4278,卖盘
2470,10:30:30,14.26,-0.01,30,42780,卖盘
2471,10:30:27,14.27,0.01,50,71350,买盘
2472,10:30:24,14.26,--,6,8556,卖盘
2473,10:30:15,14.26,--,59,84134,卖盘
2474,10:30:06,14.26,--,6,8556,卖盘
2475,10:30:03,14.26,--,5,7130,卖盘
2476,10:29:54,14.26,-0.01,2,2852,卖盘
2477,10:29:45,14.27,--,1,1427,买盘
2478,10:29:39,14.27,--,0,0,中性盘
2479,10:29:33,14.27,--,10,14270,卖盘
2480,10:29:27,14.27,--,19,27113,买盘
2481,10:29:24,14.27,0.01,7,9989,买盘
2482,10:29:21,14.26,--,24,34224,卖盘
2483,10:29:18,14.26,--,4,5704,卖盘
2484,10:29:15,14.26,--,20,28520,卖盘
2485,10:29:12,14.26,-0.01,22,31372,卖盘
2486,10:29:09,14.27,0.01,12,17124,买盘
2487,10:29:06,14.26,-0.01,64,91264,卖盘
2488,10:29:00,14.27,--,65,92755,买盘
2489,10:28:57,14.27,--,24,34248,买盘
2490,10:28:54,14.27,--,6,8562,买盘
2491,10:28:45,14.27,--,60,85620,买盘
2492,10:28:39,14.27,--,15,21405,买盘
2493,10:28:36,14.27,--,8,11416,卖盘
2494,10:28:33,14.27,0.01,2,2854,卖盘
2495,10:28:27,14.26,--,0,0,卖盘
2496,10:28:24,14.26,-0.02,2,2852,卖盘
2497,10:28:21,14.28,0.02,10,14280,买盘
2498,10:28:18,14.26,-0.01,6,8556,卖盘
2499,10:28:15,14.27,--,7,9989,买盘
2500,10:28:12,14.27,--,21,29967,卖盘
2501,10:28:09,14.27,-0.01,2,2854,卖盘
2502,10:28:06,14.28,0.01,9,12852,买盘
2503,10:27:54,14.27,-0.01,2,2854,卖盘
2504,10:27:48,14.28,--,5,7140,买盘
2505,10:27:45,14.28,--,6,8568,买盘
2506,10:27:39,14.28,0.01,25,35700,买盘
2507,10:27:36,14.27,-0.01,1,1427,卖盘
2508,10:27:33,14.28,--,1,1428,买盘
2509,10:27:30,14.28,--,0,0,买盘
2510,10:27:27,14.28,--,4,5712,买盘
2511,10:27:24,14.28,0.02,10,14280,买盘
2512,10:27:21,14.26,-0.02,2,2852,卖盘
2513,10:27:09,14.28,--,0,0,买盘
2514,10:27:06,14.28,0.01,15,21420,买盘
2515,10:26:54,14.27,--,2,2854,卖盘
2516,10:26:48,14.27,--,6,8562,中性盘
2517,10:26:42,14.27,--,22,31394,买盘
2518,10:26:39,14.27,--,5,7135,买盘
2519,10:26:36,14.27,-0.01,34,48518,卖盘
2520,10:26:30,14.28,0.01,1,1428,买盘
2521,10:26:27,14.27,--,1,1427,卖盘
2522,10:26:24,14.27,--,32,45664,买盘
2523,10:26:18,14.27,0.01,4,5708,买盘
2524,10:26:09,14.26,-0.01,16,22816,卖盘
2525,10:26:05,14.27,--,59,84193,卖盘
2526,10:25:53,14.27,-0.01,76,108452,卖盘
2527,10:25:41,14.28,0.01,20,28560,买盘
2528,10:25:38,14.27,--,2,2854,卖盘
2529,10:25:32,14.27,-0.01,4,5708,卖盘
2530,10:25:29,14.28,0.01,1,1428,买盘
2531,10:25:23,14.27,--,92,131284,卖盘
2532,10:25:11,14.27,--,5,7135,卖盘
2533,10:25:08,14.27,--,13,18551,买盘
2534,10:25:02,14.27,0.01,4,5708,买盘
2535,10:24:53,14.26,-0.01,1,1426,卖盘
2536,10:24:50,14.27,--,31,44237,买盘
2537,10:24:47,14.27,0.01,1,1427,买盘
2538,10:24:44,14.26,--,5,7130,卖盘
2539,10:24:38,14.26,--,2,2852,卖盘
2540,10:24:35,14.26,--,0,0,卖盘
2541,10:24:26,14.26,-0.02,2,2852,卖盘
2542,10:24:23,14.28,0.02,10,14280,买盘
2543,10:24:14,14.26,-0.01,194,276644,卖盘
2544,10:24:08,14.27,--,11,15697,卖盘
2545,10:23:56,14.27,-0.01,2,2854,卖盘
2546,10:23:44,14.28,0.01,7,9996,买盘
2547,10:23:38,14.27,-0.01,1,1427,卖盘
2548,10:23:35,14.28,0.01,10,14280,买盘
2549,10:23:23,14.27,--,42,59934,卖盘
2550,10:23:20,14.27,--,5,7135,卖盘
2551,10:23:14,14.27,0.01,11,15697,买盘
2552,10:23:08,14.26,-0.01,56,79856,卖盘
2553,10:23:02,14.27,0.01,29,41383,买盘
2554,10:22:53,14.26,-0.01,22,31372,卖盘
2555,10:22:50,14.27,--,20,28540,买盘
2556,10:22:47,14.27,--,1,1427,买盘
2557,10:22:41,14.27,0.01,50,71350,买盘
2558,10:22:38,14.26,-0.01,2,2852,卖盘
2559,10:22:32,14.27,0.01,1,1427,买盘
2560,10:22:23,14.26,-0.02,55,78430,卖盘
2561,10:22:20,14.28,--,8,11424,买盘
2562,10:22:17,14.28,--,30,42840,买盘
2563,10:22:14,14.28,0.01,1,1428,买盘
2564,10:22:08,14.27,--,2,2854,卖盘
2565,10:22:02,14.27,--,3,4281,卖盘
2566,10:21:59,14.27,--,2,2854,卖盘
2567,10:21:56,14.27,-0.01,32,45664,卖盘
2568,10:21:44,14.28,0.01,25,35700,买盘
2569,10:21:41,14.27,-0.01,2,2854,卖盘
2570,10:21:38,14.28,--,2,2856,买盘
2571,10:21:35,14.28,--,1,1428,买盘
2572,10:21:29,14.28,0.02,2,2856,买盘
2573,10:21:26,14.26,-0.02,2,2852,卖盘
2574,10:21:23,14.28,0.02,63,89964,买盘
2575,10:21:20,14.26,--,0,0,卖盘
2576,10:21:11,14.26,-0.01,2,2852,卖盘
2577,10:21:08,14.27,--,110,156984,买盘
2578,10:21:05,14.27,--,3,4281,买盘
2579,10:20:56,14.27,0.01,30,42810,买盘
2580,10:20:53,14.26,-0.01,2,2852,卖盘
2581,10:20:47,14.27,--,19,27113,卖盘
2582,10:20:37,14.27,0.01,4,5708,卖盘
2583,10:20:32,14.26,--,0,0,卖盘
2584,10:20:25,14.26,-0.01,41,58466,卖盘
2585,10:20:22,14.27,--,24,34248,买盘
2586,10:20:17,14.27,--,20,28540,买盘
2587,10:20:12,14.27,--,24,34248,卖盘
2588,10:20:08,14.27,-0.01,2,2854,卖盘
2589,10:19:57,14.28,0.01,2,2856,买盘
2590,10:19:51,14.27,-0.01,8,11416,卖盘
2591,10:19:42,14.28,0.01,20,28560,买盘
2592,10:19:36,14.27,-0.01,1,1427,卖盘
2593,10:19:33,14.28,0.01,5,7140,买盘
2594,10:19:21,14.27,--,2,2854,卖盘
2595,10:19:18,14.27,-0.01,85,121295,卖盘
2596,10:19:09,14.28,0.01,1,1428,买盘
2597,10:19:06,14.27,-0.02,3,4281,卖盘
2598,10:19:03,14.29,--,0,0,买盘
2599,10:18:57,14.29,--,9,12861,买盘
2600,10:18:51,14.29,0.02,7,10003,买盘
2601,10:18:48,14.27,-0.02,84,119868,卖盘
2602,10:18:45,14.29,--,1,1429,买盘
2603,10:18:42,14.29,--,7,10003,卖盘
2604,10:18:39,14.29,--,3,4287,卖盘
2605,10:18:36,14.29,--,4,5716,卖盘
2606,10:18:30,14.29,--,8,11432,卖盘
2607,10:18:27,14.29,--,3,4287,卖盘
2608,10:18:24,14.29,--,3,4287,卖盘
2609,10:18:21,14.29,--,15,21435,买盘
2610,10:18:18,14.29,--,3,4287,买盘
2611,10:18:15,14.29,0.01,9,12861,买盘
2612,10:18:06,14.28,-0.02,1,1428,卖盘
2613,10:18:03,14.3,0.01,32,45760,买盘
2614,10:18:00,14.29,--,14,20006,买盘
2615,10:17:54,14.29,--,47,67163,卖盘
2616,10:17:51,14.29,--,34,48586,卖盘
2617,10:17:42,14.29,0.02,35,50015,买盘
2618,10:17:36,14.27,-0.02,2,2854,卖盘
2619,10:17:30,14.29,--,4,5716,买盘
2620,10:17:27,14.29,0.02,2,2858,买盘
2621,10:17:24,14.27,-0.01,20,28540,卖盘
2622,10:17:21,14.28,-0.01,12,17136,卖盘
2623,10:17:18,14.29,0.02,10,14290,买盘
2624,10:17:12,14.27,--,0,0,卖盘
2625,10:17:09,14.27,--,50,71350,卖盘
2626,10:17:06,14.27,-0.03,3,4281,卖盘
2627,10:17:00,14.3,--,0,0,买盘
2628,10:16:57,14.3,0.04,350,500500,买盘
2629,10:16:54,14.26,--,10,14260,卖盘
2630,10:16:51,14.26,-0.02,1,1426,卖盘
2631,10:16:48,14.28,0.02,100,142800,买盘
2632,10:16:45,14.26,-0.02,3,4278,卖盘
2633,10:16:39,14.28,0.02,135,192780,买盘
2634,10:16:36,14.26,-0.02,11,15686,卖盘
2635,10:16:33,14.28,--,10,14280,买盘
2636,10:16:30,14.28,--,30,42840,买盘
2637,10:16:27,14.28,--,111,158508,卖盘
2638,10:16:21,14.28,--,22,31416,卖盘
2639,10:16:18,14.28,-0.01,20,28560,卖盘
2640,10:16:12,14.29,--,22,31437,买盘
2641,10:16:09,14.29,--,6,8574,买盘
2642,10:16:06,14.29,--,106,151474,卖盘
2643,10:15:57,14.29,--,19,27151,买盘
2644,10:15:51,14.29,0.03,6,8574,买盘
2645,10:15:45,14.26,-0.03,210,299460,卖盘
2646,10:15:42,14.29,--,25,35725,买盘
2647,10:15:39,14.29,--,3,4287,买盘
2648,10:15:36,14.29,--,6,8574,买盘
2649,10:15:33,14.29,--,13,18577,买盘
2650,10:15:30,14.29,--,30,42870,买盘
2651,10:15:24,14.29,--,3,4287,买盘
2652,10:15:15,14.29,-0.01,1,1429,卖盘
2653,10:15:09,14.3,--,20,28600,买盘
2654,10:15:06,14.3,--,6,8580,买盘
2655,10:15:03,14.3,--,12,17160,买盘
2656,10:15:00,14.3,-0.01,133,190190,卖盘
2657,10:14:57,14.31,--,1,1431,买盘
2658,10:14:48,14.31,--,18,25758,卖盘
2659,10:14:45,14.31,--,52,74412,卖盘
2660,10:14:42,14.31,--,4,5724,卖盘
2661,10:14:36,14.31,--,2,2862,卖盘
2662,10:14:33,14.31,-0.01,24,34344,卖盘
2663,10:14:27,14.32,--,1,1432,买盘
2664,10:14:24,14.32,0.01,175,250600,买盘
2665,10:14:21,14.31,-0.01,2,2862,卖盘
2666,10:14:18,14.32,--,7,10024,买盘
2667,10:14:12,14.32,--,13,18616,买盘
2668,10:14:09,14.32,--,6,8592,卖盘
2669,10:14:06,14.32,--,264,378048,卖盘
2670,10:14:03,14.32,--,40,57280,卖盘
2671,10:14:00,14.32,--,10,14320,卖盘
2672,10:13:51,14.32,-0.01,36,51552,卖盘
2673,10:13:48,14.33,0.01,7,10031,买盘
2674,10:13:45,14.32,--,3,4296,卖盘
2675,10:13:36,14.32,--,11,15752,卖盘
2676,10:13:33,14.32,--,2,2864,卖盘
2677,10:13:30,14.32,-0.01,30,42960,卖盘
2678,10:13:27,14.33,0.01,285,408405,买盘
2679,10:13:24,14.32,0.01,55,78760,买盘
2680,10:13:21,14.31,-0.01,29,41499,卖盘
2681,10:13:18,14.32,--,7,10024,买盘
2682,10:13:15,14.32,0.01,11,15752,买盘
2683,10:13:12,14.31,--,2,2862,卖盘
2684,10:13:09,14.31,-0.01,7,10017,卖盘
2685,10:13:06,14.32,--,119,170408,买盘
2686,10:13:00,14.32,--,2,2864,买盘
2687,10:12:54,14.32,0.01,9,12888,买盘
2688,10:12:51,14.31,--,40,57240,卖盘
2689,10:12:48,14.31,--,8,11448,卖盘
2690,10:12:45,14.31,-0.01,2,2862,卖盘
2691,10:12:39,14.32,0.01,59,84488,买盘
2692,10:12:36,14.31,--,3,4293,买盘
2693,10:12:33,14.31,--,80,114480,买盘
2694,10:12:30,14.31,--,78,111618,买盘
2695,10:12:27,14.31,-0.01,6,8586,卖盘
2696,10:12:24,14.32,--,2,2864,买盘
2697,10:12:21,14.32,0.01,95,136040,买盘
2698,10:12:15,14.31,--,2,2862,卖盘
2699,10:12:12,14.31,-0.01,21,30051,卖盘
2700,10:12:09,14.32,--,40,57280,买盘
2701,10:12:06,14.32,--,3,4296,买盘
2702,10:12:03,14.32,0.01,26,37232,买盘
2703,10:12:00,14.31,--,34,48654,卖盘
2704,10:11:57,14.31,--,21,30051,卖盘
2705,10:11:54,14.31,--,38,54378,卖盘
2706,10:11:51,14.31,0.01,345,493695,买盘
2707,10:11:48,14.3,--,10,14300,卖盘
2708,10:11:45,14.3,--,3,4290,卖盘
2709,10:11:39,14.3,--,13,18590,卖盘
2710,10:11:36,14.3,0.01,301,430430,买盘
2711,10:11:33,14.29,--,100,142900,买盘
2712,10:11:30,14.29,--,21,30009,买盘
2713,10:11:27,14.29,-0.01,53,75737,卖盘
2714,10:11:24,14.3,0.01,3,4290,买盘
2715,10:11:21,14.29,--,1,1429,卖盘
2716,10:11:18,14.29,--,22,31437,买盘
2717,10:11:15,14.29,0.01,2,2858,买盘
2718,10:11:09,14.28,-0.02,57,81396,卖盘
2719,10:11:06,14.3,0.01,43,61490,买盘
2720,10:11:00,14.29,--,10,14290,买盘
2721,10:10:57,14.29,0.01,202,288658,买盘
2722,10:10:54,14.28,-0.01,21,29988,卖盘
2723,10:10:51,14.29,0.01,108,154332,买盘
2724,10:10:42,14.28,--,0,0,中性盘
2725,10:10:39,14.28,0.01,68,97104,买盘
2726,10:10:36,14.27,0.01,173,246871,买盘
2727,10:10:33,14.26,--,380,541880,买盘
2728,10:10:24,14.26,0.02,42,59892,买盘
2729,10:10:21,14.24,--,104,148096,卖盘
2730,10:10:18,14.24,--,40,56960,买盘
2731,10:10:15,14.24,--,4,5696,买盘
2732,10:10:12,14.24,--,7,9968,买盘
2733,10:10:09,14.24,--,0,0,卖盘
2734,10:10:06,14.24,--,1,1424,卖盘
2735,10:10:03,14.24,--,31,44856,买盘
2736,10:10:00,14.24,0.02,5,7120,买盘
2737,10:09:51,14.22,-0.02,2,2844,卖盘
2738,10:09:45,14.24,0.01,31,44144,买盘
2739,10:09:36,14.23,--,2,2846,卖盘
2740,10:09:30,14.23,--,0,0,中性盘
2741,10:09:27,14.23,--,0,0,中性盘
2742,10:09:24,14.23,0.01,39,55497,买盘
2743,10:09:21,14.22,--,70,99540,买盘
2744,10:09:18,14.22,--,3,4266,买盘
2745,10:09:06,14.22,--,32,45504,买盘
2746,10:09:03,14.22,--,19,27018,买盘
2747,10:08:57,14.22,--,6,8532,卖盘
2748,10:08:51,14.22,--,2,2844,卖盘
2749,10:08:45,14.22,0.01,2,2844,买盘
2750,10:08:42,14.21,-0.01,2,2842,卖盘
2751,10:08:39,14.22,0.01,5,7110,买盘
2752,10:08:36,14.21,--,4,5684,卖盘
2753,10:08:33,14.21,--,4,5684,卖盘
2754,10:08:21,14.21,-0.01,2,2842,卖盘
2755,10:08:12,14.22,0.01,27,38394,买盘
2756,10:08:06,14.21,-0.01,2,2842,卖盘
2757,10:08:00,14.22,--,6,8532,买盘
2758,10:07:48,14.22,-0.01,12,17064,卖盘
2759,10:07:45,14.23,0.01,2,2846,买盘
2760,10:07:42,14.22,--,7,9954,卖盘
2761,10:07:36,14.22,--,2,2844,卖盘
2762,10:07:33,14.22,--,20,28440,卖盘
2763,10:07:21,14.22,-0.01,1,1422,卖盘
2764,10:07:18,14.23,--,3,4269,买盘
2765,10:07:12,14.23,--,30,42690,买盘
2766,10:07:09,14.23,--,3,4269,买盘
2767,10:07:06,14.23,--,3,4269,买盘
2768,10:06:53,14.23,--,38,54074,买盘
2769,10:06:50,14.23,--,10,14230,买盘
2770,10:06:47,14.23,--,18,25614,卖盘
2771,10:06:44,14.23,-0.01,13,18499,卖盘
2772,10:06:38,14.24,--,12,17088,买盘
2773,10:06:36,14.24,0.01,4,5696,买盘
2774,10:06:23,14.23,--,2,2846,卖盘
2775,10:06:20,14.23,--,4,5692,卖盘
2776,10:06:17,14.23,--,20,28460,卖盘
2777,10:06:11,14.23,--,13,18499,卖盘
2778,10:06:08,14.23,-0.01,2,2846,卖盘
2779,10:06:05,14.24,--,100,142400,买盘
2780,10:05:59,14.24,--,0,0,买盘
2781,10:05:56,14.24,0.02,3,4272,买盘
2782,10:05:53,14.22,--,9,12798,卖盘
2783,10:05:50,14.22,-0.02,2,2844,卖盘
2784,10:05:47,14.24,--,5,7120,买盘
2785,10:05:44,14.24,0.01,100,142400,买盘
2786,10:05:41,14.23,--,1,1423,买盘
2787,10:05:35,14.23,--,5,7115,买盘
2788,10:05:32,14.23,-0.01,20,29171,卖盘
2789,10:05:29,14.24,0.01,1,1424,买盘
2790,10:05:26,14.23,--,4,5692,卖盘
2791,10:05:23,14.23,--,7,9961,卖盘
2792,10:05:20,14.23,-0.01,6,8538,卖盘
2793,10:05:08,14.24,0.01,4,5696,买盘
2794,10:05:02,14.23,-0.01,7,9961,卖盘
2795,10:04:59,14.24,0.01,5,7120,买盘
2796,10:04:53,14.23,-0.01,9,12807,卖盘
2797,10:04:47,14.24,0.01,33,46992,买盘
2798,10:04:44,14.23,--,20,28460,卖盘
2799,10:04:38,14.23,-0.01,1,1423,卖盘
2800,10:04:29,14.24,--,9,12816,买盘
2801,10:04:26,14.24,0.01,12,17088,买盘
2802,10:04:23,14.23,--,2,2846,卖盘
2803,10:04:17,14.23,-0.01,7,9961,卖盘
2804,10:04:14,14.24,--,3,4272,卖盘
2805,10:04:08,14.24,--,2,2848,卖盘
2806,10:04:05,14.24,--,19,27056,卖盘
2807,10:04:02,14.24,--,30,42720,卖盘
2808,10:03:53,14.24,--,4,5696,卖盘
2809,10:03:50,14.24,--,43,61232,买盘
2810,10:03:47,14.24,--,43,61232,买盘
2811,10:03:32,14.24,0.01,6,8544,中性盘
2812,10:03:29,14.23,-0.01,10,14230,卖盘
2813,10:03:23,14.24,--,28,39872,买盘
2814,10:03:20,14.24,--,17,24208,买盘
2815,10:03:08,14.24,0.01,4,5696,买盘
2816,10:03:02,14.23,--,5,7115,卖盘
2817,10:02:56,14.23,0.01,0,711,买盘
2818,10:02:53,14.22,-0.01,2,2844,卖盘
2819,10:02:50,14.23,--,1,1423,买盘
2820,10:02:47,14.23,--,3,4269,买盘
2821,10:02:44,14.23,--,2,2846,买盘
2822,10:02:38,14.23,--,43,61189,买盘
2823,10:02:32,14.23,--,3,4269,买盘
2824,10:02:26,14.23,--,110,156530,买盘
2825,10:02:20,14.23,--,2,2846,买盘
2826,10:02:14,14.23,-0.03,146,208469,卖盘
2827,10:02:11,14.26,0.03,30,42780,买盘
2828,10:02:08,14.23,-0.03,2,2846,卖盘
2829,10:02:05,14.26,0.03,5,7130,买盘
2830,10:02:02,14.23,--,31,44113,卖盘
2831,10:01:59,14.23,--,8,11384,卖盘
2832,10:01:53,14.23,--,8,12095,买盘
2833,10:01:47,14.23,--,1,1423,买盘
2834,10:01:41,14.23,0.01,44,62612,买盘
2835,10:01:38,14.22,-0.01,3,4266,卖盘
2836,10:01:35,14.23,--,8,11384,买盘
2837,10:01:32,14.23,--,14,19922,买盘
2838,10:01:29,14.23,0.01,4,5692,买盘
2839,10:01:23,14.22,--,2,2844,卖盘
2840,10:01:17,14.22,--,11,15642,买盘
2841,10:01:08,14.22,0.01,3,4266,买盘
2842,10:01:01,14.21,0.01,8,11368,买盘
2843,10:00:58,14.2,--,31,44020,卖盘
2844,10:00:56,14.2,--,521,739820,卖盘
2845,10:00:52,14.2,--,7,9940,卖盘
2846,10:00:50,14.2,--,2,2840,卖盘
2847,10:00:47,14.2,--,6,8520,卖盘
2848,10:00:43,14.2,0.01,2,2840,买盘
2849,10:00:40,14.19,--,9,12771,卖盘
2850,10:00:37,14.19,--,1,1419,卖盘
2851,10:00:34,14.19,--,8,11352,卖盘
2852,10:00:32,14.19,--,2,2838,卖盘
2853,10:00:27,14.19,-0.04,4,5676,买盘
2854,10:00:24,14.23,--,0,0,买盘
2855,10:00:21,14.23,0.05,523,744229,买盘
2856,10:00:18,14.18,--,2,2836,卖盘
2857,10:00:12,14.18,-0.01,5,7090,卖盘
2858,10:00:09,14.19,0.01,69,97911,买盘
2859,10:00:03,14.18,-0.01,5,7090,卖盘
2860,10:00:00,14.19,0.01,1,1419,买盘
2861,09:59:57,14.18,-0.01,70,99260,卖盘
2862,09:59:51,14.19,0.01,28,39732,买盘
2863,09:59:39,14.18,0.01,46,65228,买盘
2864,09:59:33,14.17,-0.01,22,31174,卖盘
2865,09:59:27,14.18,0.01,8,11344,买盘
2866,09:59:24,14.17,-0.01,4,5668,卖盘
2867,09:59:21,14.18,0.01,12,17016,买盘
2868,09:59:12,14.17,--,2,2834,卖盘
2869,09:59:06,14.17,--,4,5668,卖盘
2870,09:59:03,14.17,0.03,17,24089,买盘
2871,09:58:57,14.14,--,0,0,卖盘
2872,09:58:54,14.14,--,0,0,卖盘
2873,09:58:48,14.14,-0.03,2,2828,卖盘
2874,09:58:45,14.17,0.02,5,7085,买盘
2875,09:58:42,14.15,--,10,14150,买盘
2876,09:58:30,14.15,-0.02,1,1415,卖盘
2877,09:58:18,14.17,--,0,0,中性盘
2878,09:58:09,14.17,--,5,7085,买盘
2879,09:57:57,14.17,--,0,0,中性盘
2880,09:57:54,14.17,--,32,45344,卖盘
2881,09:57:51,14.17,0.03,51,72267,买盘
2882,09:57:45,14.14,0.01,29,41006,买盘
