,time,price,change,volume,amount,type
0,15:00:03,11.09,--,2513,2787804,卖盘
1,14:57:00,11.09,--,1,1109,卖盘
2,14:56:57,11.09,--,78,86723,买盘
3,14:56:54,11.09,--,102,113118,买盘
4,14:56:48,11.09,--,19,21071,买盘
5,14:56:45,11.09,--,16,17744,买盘
6,14:56:42,11.09,--,104,115336,买盘
7,14:56:39,11.09,--,27,29943,买盘
8,14:56:36,11.09,-0.01,18,20849,卖盘
9,14:56:33,11.1,0.01,2,2220,买盘
10,14:56:30,11.09,--,23,25728,买盘
11,14:56:27,11.09,--,76,85171,卖盘
12,14:56:24,11.09,--,102,113118,卖盘
13,14:56:21,11.09,--,132,146388,卖盘
14,14:56:18,11.09,--,8,8872,卖盘
15,14:56:15,11.09,--,121,134410,卖盘
16,14:56:12,11.09,--,181,200729,买盘
17,14:56:09,11.09,0.01,26,28834,买盘
18,14:56:06,11.08,-0.01,69,76452,卖盘
19,14:56:03,11.09,0.01,8,8872,买盘
20,14:55:57,11.08,-0.01,8,8864,卖盘
21,14:55:54,11.09,--,11,12199,买盘
22,14:55:51,11.09,--,130,144170,买盘
23,14:55:48,11.09,-0.01,1014,1124526,卖盘
24,14:55:45,11.1,--,23,25530,买盘
25,14:55:42,11.1,0.01,192,213120,买盘
26,14:55:36,11.09,--,95,105355,卖盘
27,14:55:30,11.09,-0.01,87,96483,卖盘
28,14:55:27,11.1,--,30,33300,卖盘
29,14:55:24,11.1,--,10,11100,卖盘
30,14:55:21,11.1,--,67,74370,买盘
31,14:55:18,11.1,--,69,76590,买盘
32,14:55:15,11.1,0.01,114,126540,买盘
33,14:55:12,11.09,--,136,150824,卖盘
34,14:55:09,11.09,--,1,1109,卖盘
35,14:55:06,11.09,-0.01,208,230672,卖盘
36,14:55:03,11.1,--,30,33300,买盘
37,14:55:00,11.1,--,111,123210,买盘
38,14:54:57,11.1,0.01,1,1110,买盘
39,14:54:54,11.09,-0.01,2,2218,卖盘
40,14:54:51,11.1,--,24,26640,买盘
41,14:54:45,11.1,--,51,56610,买盘
42,14:54:42,11.1,0.01,28,31080,买盘
43,14:54:39,11.09,--,5,5545,卖盘
44,14:54:36,11.09,--,117,129753,卖盘
45,14:54:33,11.09,--,60,66540,卖盘
46,14:54:30,11.09,-0.01,1,1109,卖盘
47,14:54:27,11.1,0.01,28,31080,买盘
48,14:54:24,11.09,-0.01,3,3327,卖盘
49,14:54:18,11.1,0.01,11,12210,买盘
50,14:54:15,11.09,-0.01,94,104246,卖盘
51,14:54:12,11.1,0.01,307,340770,买盘
52,14:54:09,11.09,--,11,12199,卖盘
53,14:54:06,11.09,--,15,16635,卖盘
54,14:54:03,11.09,-0.01,93,103137,卖盘
55,14:54:00,11.1,--,24,26640,买盘
56,14:53:54,11.1,--,10,11100,卖盘
57,14:53:51,11.1,--,11,12210,卖盘
58,14:53:48,11.1,-0.01,40,44400,卖盘
59,14:53:45,11.11,--,1,1111,买盘
60,14:53:42,11.11,--,22,24442,买盘
61,14:53:39,11.11,--,47,52217,买盘
62,14:53:36,11.11,0.01,1155,1283205,买盘
63,14:53:33,11.1,-0.01,136,150960,卖盘
64,14:53:30,11.11,--,27,29997,买盘
65,14:53:27,11.11,0.01,67,74437,买盘
66,14:53:24,11.1,--,90,99900,卖盘
67,14:53:21,11.1,-0.01,67,74370,卖盘
68,14:53:18,11.11,0.01,71,78881,买盘
69,14:53:15,11.1,-0.01,23,25530,卖盘
70,14:53:12,11.11,0.01,28,31108,买盘
71,14:53:06,11.1,--,3,3330,卖盘
72,14:53:03,11.1,-0.01,100,111000,卖盘
73,14:53:00,11.11,0.01,69,76659,买盘
74,14:52:51,11.1,-0.01,122,135420,卖盘
75,14:52:48,11.11,--,20,22220,买盘
76,14:52:45,11.11,--,2,2222,买盘
77,14:52:42,11.11,0.01,25,27775,买盘
78,14:52:39,11.1,--,45,49950,卖盘
79,14:52:36,11.1,--,10,11100,卖盘
80,14:52:33,11.1,--,329,365190,卖盘
81,14:52:21,11.1,-0.01,237,263070,卖盘
82,14:52:18,11.11,0.01,266,295526,买盘
83,14:52:15,11.1,--,8,8880,卖盘
84,14:52:12,11.1,--,5,5550,卖盘
85,14:52:09,11.1,--,113,125430,卖盘
86,14:52:03,11.1,--,10,11100,卖盘
87,14:51:57,11.1,-0.01,39,43290,卖盘
88,14:51:54,11.11,--,9,9999,买盘
89,14:51:48,11.11,--,20,22220,买盘
90,14:51:45,11.11,--,146,162206,买盘
91,14:51:42,11.11,0.01,44,48884,买盘
92,14:51:39,11.1,-0.01,553,613830,卖盘
93,14:51:36,11.11,--,343,381073,买盘
94,14:51:30,11.11,0.01,3,3333,买盘
95,14:51:27,11.1,-0.01,93,103230,卖盘
96,14:51:24,11.11,--,107,118877,卖盘
97,14:51:21,11.11,--,245,272195,卖盘
98,14:51:18,11.11,--,227,252197,卖盘
99,14:51:15,11.11,-0.01,5,5555,卖盘
100,14:51:12,11.12,0.01,3,3335,买盘
101,14:51:09,11.11,--,758,842138,卖盘
102,14:51:06,11.11,-0.01,20,22220,卖盘
103,14:51:03,11.12,0.01,184,204608,买盘
104,14:50:57,11.11,-0.01,130,144430,卖盘
105,14:50:54,11.12,--,6,6671,买盘
106,14:50:51,11.12,0.01,5,5560,买盘
107,14:50:48,11.11,-0.01,76,84436,卖盘
108,14:50:45,11.12,--,33,36696,买盘
109,14:50:42,11.12,--,37,41144,买盘
110,14:50:39,11.12,--,16,17792,买盘
111,14:50:33,11.12,0.01,44,48928,买盘
112,14:50:30,11.11,--,28,31108,卖盘
113,14:50:24,11.11,--,119,132209,卖盘
114,14:50:21,11.11,--,4,4444,买盘
115,14:50:18,11.11,-0.01,127,141097,卖盘
116,14:50:15,11.12,--,63,70056,买盘
117,14:50:12,11.12,0.01,4,4448,买盘
118,14:50:09,11.11,-0.01,34,37774,卖盘
119,14:50:03,11.12,0.01,3,3335,买盘
120,14:50:00,11.11,-0.01,17,18887,卖盘
121,14:49:54,11.12,0.01,16,17792,买盘
122,14:49:51,11.11,--,13,14443,卖盘
123,14:49:48,11.11,-0.01,27,29997,卖盘
124,14:49:45,11.12,0.01,4,4448,买盘
125,14:49:42,11.11,-0.01,25,27775,买盘
126,14:49:39,11.12,0.02,38,42256,买盘
127,14:49:36,11.1,-0.01,3,3330,卖盘
128,14:49:33,11.11,--,9,9999,买盘
129,14:49:30,11.11,-0.01,9,9999,中性盘
130,14:49:27,11.12,0.01,12,13343,买盘
131,14:49:24,11.11,--,10,11110,买盘
132,14:49:21,11.11,-0.01,22,24442,中性盘
133,14:49:18,11.12,0.01,8,8896,买盘
134,14:49:15,11.11,-0.01,24,26664,卖盘
135,14:49:12,11.12,0.01,4,4448,买盘
136,14:49:09,11.11,0.01,5,5555,卖盘
137,14:49:06,11.1,-0.01,182,202020,卖盘
138,14:49:03,11.11,--,1,1111,卖盘
139,14:49:00,11.11,--,19,21109,卖盘
140,14:48:57,11.11,--,26,28886,卖盘
141,14:48:54,11.11,--,30,33330,卖盘
142,14:48:51,11.11,-0.01,54,59994,卖盘
143,14:48:45,11.12,0.01,45,50040,买盘
144,14:48:42,11.11,--,64,71104,买盘
145,14:48:39,11.11,--,6,6666,买盘
146,14:48:36,11.11,--,20,22220,买盘
147,14:48:30,11.11,--,30,33330,买盘
148,14:48:27,11.11,--,4,4444,买盘
149,14:48:21,11.11,--,103,114433,买盘
150,14:48:12,11.11,--,69,76659,买盘
151,14:48:09,11.11,--,87,96657,买盘
152,14:48:06,11.11,--,100,111100,买盘
153,14:48:03,11.11,--,45,49995,买盘
154,14:48:00,11.11,--,23,25553,买盘
155,14:47:57,11.11,0.01,9,9999,买盘
156,14:47:54,11.1,-0.01,9,10434,卖盘
157,14:47:45,11.11,--,19,21109,买盘
158,14:47:42,11.11,0.01,325,361075,买盘
159,14:47:39,11.1,--,36,39960,卖盘
160,14:47:24,11.1,--,4,4440,卖盘
161,14:47:21,11.1,--,5,5550,卖盘
162,14:47:18,11.1,--,10,11100,卖盘
163,14:47:15,11.1,-0.01,7,7770,卖盘
164,14:47:12,11.11,--,3,3333,买盘
165,14:47:06,11.11,0.01,10,11110,买盘
166,14:47:03,11.1,--,30,33300,卖盘
167,14:47:00,11.1,-0.01,106,117660,卖盘
168,14:46:57,11.11,--,25,27775,买盘
169,14:46:54,11.11,--,2,2222,买盘
170,14:46:45,11.11,--,1,1111,买盘
171,14:46:42,11.11,--,43,47773,买盘
172,14:46:33,11.11,--,151,167761,买盘
173,14:46:30,11.11,--,12,13332,买盘
174,14:46:27,11.11,--,1,1111,买盘
175,14:46:18,11.11,0.01,1,1111,买盘
176,14:46:12,11.1,--,8,8880,卖盘
177,14:46:06,11.1,-0.01,5,5550,卖盘
178,14:46:03,11.11,--,1,1111,买盘
179,14:45:54,11.11,--,15,16665,买盘
180,14:45:48,11.11,--,2,2222,买盘
181,14:45:45,11.11,--,53,58883,买盘
182,14:45:42,11.11,--,59,65549,买盘
183,14:45:39,11.11,0.01,87,96657,买盘
184,14:45:36,11.1,--,179,198690,卖盘
185,14:45:27,11.1,-0.01,120,133200,卖盘
186,14:45:21,11.11,--,25,27775,买盘
187,14:45:18,11.11,--,57,63327,买盘
188,14:45:15,11.11,--,15,16665,买盘
189,14:45:12,11.11,0.01,1031,1145441,买盘
190,14:45:09,11.1,--,10,11100,卖盘
191,14:45:06,11.1,--,55,61050,卖盘
192,14:44:48,11.1,-0.01,1,1110,卖盘
193,14:44:45,11.11,0.01,1,1111,买盘
194,14:44:42,11.1,--,107,118770,卖盘
195,14:44:39,11.1,--,4,4440,卖盘
196,14:44:33,11.1,-0.01,175,194250,卖盘
197,14:44:30,11.11,--,10,11110,买盘
198,14:44:27,11.11,--,2,2222,买盘
199,14:44:18,11.11,--,52,57772,买盘
200,14:44:12,11.11,--,31,34441,买盘
201,14:44:09,11.11,--,2,2222,买盘
202,14:44:06,11.11,--,6,6666,买盘
203,14:44:03,11.11,--,5,5555,买盘
204,14:44:00,11.11,--,2,2222,买盘
205,14:43:54,11.11,--,14,15554,买盘
206,14:43:51,11.11,-0.01,75,83325,卖盘
207,14:43:45,11.12,0.01,15,16680,买盘
208,14:43:42,11.11,--,106,117766,卖盘
209,14:43:39,11.11,-0.01,10,11110,卖盘
210,14:43:36,11.12,0.01,2,2224,买盘
211,14:43:33,11.11,-0.01,24,26664,卖盘
212,14:43:30,11.12,0.01,67,74504,买盘
213,14:43:27,11.11,--,27,29997,卖盘
214,14:43:21,11.11,--,63,69993,卖盘
215,14:43:18,11.11,--,20,22220,卖盘
216,14:43:12,11.11,--,307,341077,卖盘
217,14:43:09,11.11,--,30,33330,卖盘
218,14:43:06,11.11,-0.01,10,11110,卖盘
219,14:43:03,11.12,0.01,31,34472,买盘
220,14:43:00,11.11,-0.01,7,7777,卖盘
221,14:42:57,11.12,0.01,156,173472,买盘
222,14:42:54,11.11,-0.01,24,26664,卖盘
223,14:42:51,11.12,--,69,76728,买盘
224,14:42:45,11.12,--,29,32247,买盘
225,14:42:42,11.12,0.01,6,6671,买盘
226,14:42:36,11.11,-0.01,5,5555,卖盘
227,14:42:33,11.12,0.01,6,6671,买盘
228,14:42:27,11.11,-0.01,25,27775,卖盘
229,14:42:21,11.12,0.01,2,2224,买盘
230,14:42:15,11.11,-0.01,30,33330,卖盘
231,14:42:12,11.12,--,3,3335,买盘
232,14:42:09,11.12,--,5,5560,买盘
233,14:42:06,11.12,--,21,23352,买盘
234,14:42:03,11.12,--,31,34472,买盘
235,14:41:45,11.12,0.01,37,41144,买盘
236,14:41:42,11.11,-0.01,11,12221,卖盘
237,14:41:36,11.12,0.01,67,74504,买盘
238,14:41:33,11.11,-0.01,10,11110,卖盘
239,14:41:27,11.12,0.01,6,6671,买盘
240,14:41:24,11.11,--,22,24442,卖盘
241,14:41:21,11.11,-0.01,11,12221,卖盘
242,14:41:18,11.12,0.01,58,64495,买盘
243,14:41:15,11.11,-0.01,12,13332,卖盘
244,14:41:12,11.12,0.01,39,43368,买盘
245,14:41:09,11.11,0.01,620,688820,买盘
246,14:41:06,11.1,--,241,267510,卖盘
247,14:41:03,11.1,-0.01,38,42180,卖盘
248,14:40:57,11.11,--,20,22220,买盘
249,14:40:51,11.11,0.01,50,55550,买盘
250,14:40:48,11.1,-0.01,38,42180,卖盘
251,14:40:45,11.11,--,33,36663,买盘
252,14:40:42,11.11,0.01,5,5555,买盘
253,14:40:39,11.1,-0.01,100,111000,卖盘
254,14:40:36,11.11,--,53,58883,买盘
255,14:40:33,11.11,0.01,2,2222,买盘
256,14:40:30,11.1,--,27,29970,卖盘
257,14:40:27,11.1,-0.01,24,26640,卖盘
258,14:40:18,11.11,0.01,2,2222,买盘
259,14:40:15,11.1,--,10,11100,卖盘
260,14:40:12,11.1,-0.01,24,26640,卖盘
261,14:40:09,11.11,0.01,20,22220,买盘
262,14:40:06,11.1,-0.01,35,38850,卖盘
263,14:40:03,11.11,--,36,39996,买盘
264,14:39:51,11.11,--,307,341077,买盘
265,14:39:45,11.11,--,29,32219,买盘
266,14:39:42,11.11,--,4,4444,买盘
267,14:39:36,11.11,0.01,70,77770,买盘
268,14:39:33,11.1,--,25,27750,卖盘
269,14:39:30,11.1,-0.01,50,55500,卖盘
270,14:39:21,11.11,0.01,5,5555,买盘
271,14:39:18,11.1,-0.01,16,17760,卖盘
272,14:39:12,11.11,0.01,4,4444,买盘
273,14:39:06,11.1,-0.01,27,29970,卖盘
274,14:39:03,11.11,0.01,35,38885,买盘
275,14:39:00,11.1,--,15,16650,卖盘
276,14:38:57,11.1,--,6,6660,卖盘
277,14:38:54,11.1,-0.01,4,4440,卖盘
278,14:38:51,11.11,--,1,1111,买盘
279,14:38:45,11.11,0.01,58,64438,买盘
280,14:38:42,11.1,-0.01,6,6660,卖盘
281,14:38:39,11.11,0.01,25,27775,买盘
282,14:38:36,11.1,--,34,37740,卖盘
283,14:38:33,11.1,-0.01,30,33300,卖盘
284,14:38:30,11.11,--,3,3333,买盘
285,14:38:15,11.11,--,16,17776,买盘
286,14:38:12,11.11,--,23,25553,买盘
287,14:38:09,11.11,--,8,8888,买盘
288,14:38:06,11.11,0.01,13,14443,买盘
289,14:38:00,11.1,-0.01,183,203130,卖盘
290,14:37:57,11.11,--,10,11110,买盘
291,14:37:54,11.11,--,7,7777,买盘
292,14:37:45,11.11,--,28,31108,买盘
293,14:37:42,11.11,--,50,55550,买盘
294,14:37:39,11.11,--,20,22220,买盘
295,14:37:36,11.11,--,12,13332,买盘
296,14:37:33,11.11,--,14,15554,买盘
297,14:37:24,11.11,--,77,85547,买盘
298,14:37:21,11.11,--,8,8888,买盘
299,14:37:12,11.11,0.01,34,37774,买盘
300,14:37:09,11.1,-0.01,5,5550,卖盘
301,14:37:06,11.11,0.01,34,37774,买盘
302,14:37:03,11.1,-0.01,5,5550,卖盘
303,14:37:00,11.11,0.01,270,299970,买盘
304,14:36:57,11.1,--,24,26640,卖盘
305,14:36:51,11.1,-0.01,2,2220,卖盘
306,14:36:45,11.11,--,59,65549,买盘
307,14:36:42,11.11,--,6,6666,买盘
308,14:36:39,11.11,--,20,22220,买盘
309,14:36:36,11.11,--,58,64438,买盘
310,14:36:30,11.11,0.01,26,28886,买盘
311,14:36:27,11.1,-0.01,1,1110,卖盘
312,14:36:24,11.11,0.01,20,22220,买盘
313,14:36:15,11.1,--,2,2220,卖盘
314,14:36:12,11.1,-0.01,5,5550,卖盘
315,14:36:09,11.11,0.01,1,1111,买盘
316,14:36:06,11.1,--,19,21090,卖盘
317,14:36:00,11.1,--,24,26640,卖盘
318,14:35:57,11.1,-0.01,8,8880,卖盘
319,14:35:48,11.11,--,1,1111,买盘
320,14:35:45,11.11,--,1,1688,买盘
321,14:35:42,11.11,--,12,13332,买盘
322,14:35:39,11.11,--,9,9999,买盘
323,14:35:36,11.11,--,19,21109,买盘
324,14:35:30,11.11,--,96,106656,卖盘
325,14:35:27,11.11,--,153,169983,卖盘
326,14:35:24,11.11,--,13,14443,卖盘
327,14:35:15,11.11,-0.01,5,5555,卖盘
328,14:35:12,11.12,--,4,4448,买盘
329,14:35:09,11.12,--,13,14455,买盘
330,14:35:06,11.12,--,4,4448,买盘
331,14:35:03,11.12,0.01,111,123431,买盘
332,14:35:00,11.11,-0.01,31,34441,卖盘
333,14:34:54,11.12,0.01,22,24464,买盘
334,14:34:51,11.11,-0.01,4,4444,卖盘
335,14:34:45,11.12,--,28,31135,买盘
336,14:34:42,11.12,0.01,5,5560,买盘
337,14:34:39,11.11,-0.01,15,16665,卖盘
338,14:34:36,11.12,0.01,13,14455,买盘
339,14:34:27,11.11,-0.01,169,187759,卖盘
340,14:34:24,11.12,0.01,103,114535,买盘
341,14:34:21,11.11,--,96,106656,买盘
342,14:34:18,11.11,0.01,118,131098,买盘
343,14:34:15,11.1,-0.01,9,9990,卖盘
344,14:34:12,11.11,0.01,4,4444,买盘
345,14:34:06,11.1,--,70,77700,卖盘
346,14:34:00,11.1,--,12,13320,卖盘
347,14:33:54,11.1,-0.01,6,6660,卖盘
348,14:33:51,11.11,0.01,144,160172,买盘
349,14:33:48,11.1,-0.01,10,11100,卖盘
350,14:33:45,11.11,--,2,2222,买盘
351,14:33:42,11.11,0.01,16,17776,买盘
352,14:33:39,11.1,-0.01,13,14430,卖盘
353,14:33:36,11.11,--,15,16665,买盘
354,14:33:33,11.11,--,30,33330,买盘
355,14:33:30,11.11,--,10,11110,买盘
356,14:33:27,11.11,--,46,51106,卖盘
357,14:33:24,11.11,-0.01,400,444400,卖盘
358,14:33:21,11.12,0.01,258,286896,买盘
359,14:33:15,11.11,-0.01,210,233310,卖盘
360,14:33:12,11.12,--,270,300240,买盘
361,14:33:09,11.12,--,40,44480,买盘
362,14:33:06,11.12,--,223,247975,买盘
363,14:33:03,11.12,--,2,2224,买盘
364,14:32:57,11.12,--,6,6671,买盘
365,14:32:51,11.12,0.01,315,350280,买盘
366,14:32:48,11.11,-0.01,87,96657,卖盘
367,14:32:45,11.12,0.01,2,2224,买盘
368,14:32:42,11.11,-0.01,8,8888,卖盘
369,14:32:39,11.12,--,5,5560,买盘
370,14:32:33,11.12,0.01,67,74504,买盘
371,14:32:30,11.11,-0.01,80,88880,卖盘
372,14:32:18,11.12,--,5,5560,买盘
373,14:32:15,11.12,0.01,5,5560,买盘
374,14:32:12,11.11,-0.01,5,5555,卖盘
375,14:32:06,11.12,0.01,14,15567,买盘
376,14:31:51,11.11,--,100,111100,卖盘
377,14:31:48,11.11,-0.01,10,11110,卖盘
378,14:31:45,11.12,--,27,30023,买盘
379,14:31:42,11.12,0.01,5,5560,买盘
380,14:31:39,11.11,--,5,5555,卖盘
381,14:31:36,11.11,-0.01,5,5555,卖盘
382,14:31:33,11.12,0.01,29,32247,买盘
383,14:31:30,11.11,--,10,11110,卖盘
384,14:31:27,11.11,--,164,182204,买盘
385,14:31:24,11.11,--,141,156651,买盘
386,14:31:18,11.11,--,21,23331,买盘
387,14:31:12,11.11,--,3,3333,买盘
388,14:31:09,11.11,0.01,97,107767,买盘
389,14:31:06,11.1,-0.01,23,25530,卖盘
390,14:31:03,11.11,--,180,199980,买盘
391,14:31:00,11.11,0.01,20,22220,买盘
392,14:30:54,11.1,-0.01,25,27750,卖盘
393,14:30:51,11.11,0.01,14,15554,买盘
394,14:30:48,11.1,-0.01,10,11100,卖盘
395,14:30:42,11.11,--,4,4444,买盘
396,14:30:39,11.11,--,1,1111,买盘
397,14:30:36,11.11,--,77,85547,买盘
398,14:30:33,11.11,0.01,14,15554,买盘
399,14:30:27,11.1,-0.01,5,5550,卖盘
400,14:30:18,11.11,0.01,2,2222,买盘
401,14:30:15,11.1,-0.01,96,106560,卖盘
402,14:30:12,11.11,--,4,4444,买盘
403,14:30:06,11.11,0.01,14,15554,买盘
404,14:30:03,11.1,-0.01,197,218670,卖盘
405,14:30:00,11.11,0.01,14,15554,买盘
406,14:29:54,11.1,-0.01,5,5550,卖盘
407,14:29:51,11.11,0.01,13,14443,买盘
408,14:29:48,11.1,--,27,29970,卖盘
409,14:29:45,11.1,--,10,11100,卖盘
410,14:29:42,11.1,--,29,32190,卖盘
411,14:29:39,11.1,-0.01,3,3330,卖盘
412,14:29:33,11.11,--,13,14443,买盘
413,14:29:18,11.11,0.01,41,45551,买盘
414,14:29:15,11.1,-0.01,12,13320,卖盘
415,14:29:12,11.11,--,53,58883,买盘
416,14:29:03,11.11,--,11,12221,买盘
417,14:29:00,11.11,--,38,42218,买盘
418,14:28:57,11.11,0.01,14,15554,买盘
419,14:28:54,11.1,-0.01,82,91020,卖盘
420,14:28:48,11.11,--,25,27775,买盘
421,14:28:45,11.11,0.01,2,2222,买盘
422,14:28:42,11.1,-0.01,72,79920,卖盘
423,14:28:39,11.11,--,55,61105,买盘
424,14:28:36,11.11,0.01,14,15554,买盘
425,14:28:33,11.1,-0.01,8,8880,卖盘
426,14:28:30,11.11,0.01,77,85547,买盘
427,14:28:27,11.1,--,12,13320,卖盘
428,14:28:12,11.1,--,5,5550,卖盘
429,14:28:00,11.1,-0.01,4,4440,卖盘
430,14:27:57,11.11,--,27,29997,买盘
431,14:27:54,11.11,0.01,13,14443,买盘
432,14:27:51,11.1,-0.01,1,1110,卖盘
433,14:27:48,11.11,--,28,31108,买盘
434,14:27:42,11.11,0.01,5,5555,买盘
435,14:27:39,11.1,-0.01,4,4440,卖盘
436,14:27:36,11.11,0.01,119,132209,买盘
437,14:27:30,11.1,--,50,55500,卖盘
438,14:27:18,11.1,-0.01,35,38850,卖盘
439,14:27:15,11.11,0.01,10,11110,买盘
440,14:27:12,11.1,-0.01,53,58830,卖盘
441,14:27:03,11.11,--,255,283305,买盘
442,14:26:57,11.11,--,11,12221,买盘
443,14:26:54,11.11,0.01,28,31108,买盘
444,14:26:51,11.1,--,134,148740,卖盘
445,14:26:48,11.1,-0.01,11,12210,卖盘
446,14:26:42,11.11,--,5,5555,买盘
447,14:26:39,11.11,0.01,92,102212,买盘
448,14:26:36,11.1,-0.01,55,61050,卖盘
449,14:26:33,11.11,0.01,2,2222,买盘
450,14:26:30,11.1,--,2,2220,卖盘
451,14:26:24,11.1,--,15,16650,买盘
452,14:26:21,11.1,--,5,5550,卖盘
453,14:26:18,11.1,-0.01,51,56610,卖盘
454,14:26:12,11.11,0.01,3,3333,买盘
455,14:26:09,11.1,0.01,52,57720,买盘
456,14:26:06,11.09,-0.01,1,1109,卖盘
457,14:25:57,11.1,--,11,12210,买盘
458,14:25:54,11.1,-0.01,222,246420,卖盘
459,14:25:51,11.11,0.01,1,1111,买盘
460,14:25:48,11.1,--,34,37740,卖盘
461,14:25:45,11.1,-0.01,5,5550,卖盘
462,14:25:42,11.11,--,7,7777,买盘
463,14:25:39,11.11,0.01,53,58883,买盘
464,14:25:36,11.1,--,1,1110,卖盘
465,14:25:27,11.1,--,100,111000,卖盘
466,14:25:12,11.1,--,9,9990,卖盘
467,14:25:06,11.1,-0.01,78,86580,卖盘
468,14:25:03,11.11,--,10,11110,买盘
469,14:25:00,11.11,--,3,3333,买盘
470,14:24:57,11.11,0.01,11,12221,买盘
471,14:24:54,11.1,--,17,18870,卖盘
472,14:24:51,11.1,-0.01,6,6660,卖盘
473,14:24:48,11.11,--,24,26664,买盘
474,14:24:42,11.11,0.01,5,5555,买盘
475,14:24:39,11.1,--,8,8880,买盘
476,14:24:36,11.1,--,14,15540,买盘
477,14:24:30,11.1,--,21,23310,买盘
478,14:24:21,11.1,--,20,22200,买盘
479,14:24:15,11.1,--,2,2220,买盘
480,14:24:12,11.1,-0.01,5,5550,中性盘
481,14:24:09,11.11,--,1,1111,买盘
482,14:24:06,11.11,0.01,95,105545,买盘
483,14:24:03,11.1,-0.01,1,1110,卖盘
484,14:24:00,11.11,0.01,46,51106,买盘
485,14:23:54,11.1,-0.01,88,97680,中性盘
486,14:23:51,11.11,0.01,28,31108,买盘
487,14:23:48,11.1,-0.01,40,44400,中性盘
488,14:23:42,11.11,0.01,33,36663,买盘
489,14:23:39,11.1,--,39,43290,买盘
490,14:23:36,11.1,--,13,14430,中性盘
491,14:23:33,11.1,0.01,23,25530,卖盘
492,14:23:24,11.09,-0.01,27,29943,卖盘
493,14:23:21,11.1,--,12,13320,买盘
494,14:23:15,11.1,--,5,5550,买盘
495,14:23:12,11.1,-0.01,3,3330,中性盘
496,14:23:03,11.11,--,24,26664,买盘
497,14:23:00,11.11,0.01,80,88880,买盘
498,14:22:57,11.1,--,20,22200,买盘
499,14:22:54,11.1,-0.01,20,22200,卖盘
500,14:22:51,11.11,0.01,536,595496,买盘
501,14:22:48,11.1,--,16,17760,卖盘
502,14:22:45,11.1,-0.01,105,116550,卖盘
503,14:22:42,11.11,--,35,38885,买盘
504,14:22:39,11.11,0.01,35,38885,买盘
505,14:22:36,11.1,-0.01,46,51060,卖盘
506,14:22:27,11.11,0.01,1,1111,买盘
507,14:22:24,11.1,-0.01,66,73260,卖盘
508,14:22:21,11.11,0.01,22,24442,买盘
509,14:22:18,11.1,--,36,39960,卖盘
510,14:22:15,11.1,-0.01,10,11100,卖盘
511,14:22:12,11.11,0.01,3,3333,买盘
512,14:22:09,11.1,-0.01,7,7770,卖盘
513,14:22:06,11.11,--,68,75548,买盘
514,14:22:03,11.11,--,36,39996,买盘
515,14:22:00,11.11,--,98,108878,买盘
516,14:21:54,11.11,--,5,5555,买盘
517,14:21:51,11.11,0.01,21,23331,买盘
518,14:21:48,11.1,-0.01,33,36630,卖盘
519,14:21:42,11.11,--,6,6666,买盘
520,14:21:39,11.11,--,128,142208,买盘
521,14:21:36,11.11,--,14,15554,买盘
522,14:21:27,11.11,0.01,14,15554,买盘
523,14:21:24,11.1,--,33,36630,卖盘
524,14:21:15,11.1,-0.01,19,21090,卖盘
525,14:21:12,11.11,--,3,3333,买盘
526,14:21:09,11.11,0.01,15,16665,买盘
527,14:21:06,11.1,--,50,55500,卖盘
528,14:21:03,11.1,--,92,102120,买盘
529,14:21:00,11.1,0.01,89,98790,买盘
530,14:20:57,11.09,-0.01,41,45469,卖盘
531,14:20:51,11.1,--,31,34410,买盘
532,14:20:48,11.1,0.01,55,61050,买盘
533,14:20:42,11.09,-0.01,6,6654,卖盘
534,14:20:39,11.1,0.01,16,17760,买盘
535,14:20:36,11.09,-0.01,10,11090,卖盘
536,14:20:27,11.1,--,3,3330,买盘
537,14:20:24,11.1,--,20,22200,买盘
538,14:20:12,11.1,--,4,4440,买盘
539,14:20:06,11.1,--,68,75480,买盘
540,14:20:03,11.1,--,43,47730,买盘
541,14:19:57,11.1,--,13,14430,买盘
542,14:19:54,11.1,--,2,2220,买盘
543,14:19:51,11.1,--,72,79920,买盘
544,14:19:48,11.1,-0.01,32,35520,卖盘
545,14:19:45,11.11,0.02,14,15554,买盘
546,14:19:42,11.09,-0.01,176,195184,卖盘
547,14:19:39,11.1,0.01,46,51948,买盘
548,14:19:30,11.09,-0.01,10,11090,卖盘
549,14:19:27,11.1,-0.01,2,2442,卖盘
550,14:19:24,11.11,0.01,77,85547,买盘
551,14:19:21,11.1,--,5,5550,卖盘
552,14:19:18,11.1,--,58,65268,买盘
553,14:19:15,11.1,--,26,29082,卖盘
554,14:19:12,11.1,--,94,104340,卖盘
555,14:19:09,11.1,--,121,134310,卖盘
556,14:19:06,11.1,--,118,131868,买盘
557,14:19:03,11.1,0.01,37,41070,买盘
558,14:19:00,11.09,-0.01,11,12199,卖盘
559,14:18:51,11.1,--,80,88800,买盘
560,14:18:48,11.1,--,233,258630,买盘
561,14:18:45,11.1,--,1,1110,买盘
562,14:18:42,11.1,--,38,42180,买盘
563,14:18:39,11.1,--,51,56610,买盘
564,14:18:36,11.1,0.01,30,33300,买盘
565,14:18:30,11.09,-0.01,7,7763,卖盘
566,14:18:12,11.1,--,3,3330,买盘
567,14:18:09,11.1,--,20,22200,买盘
568,14:18:06,11.1,--,13,14430,买盘
569,14:18:03,11.1,--,38,42180,买盘
570,14:18:00,11.1,0.01,18,19980,买盘
571,14:17:57,11.09,--,30,33270,卖盘
572,14:17:54,11.09,--,8,8872,卖盘
573,14:17:51,11.09,-0.01,94,104246,卖盘
574,14:17:48,11.1,--,72,79920,买盘
575,14:17:42,11.1,--,81,89910,买盘
576,14:17:39,11.1,--,19,21090,买盘
577,14:17:36,11.1,--,82,91020,买盘
578,14:17:30,11.1,0.01,6,6660,买盘
579,14:17:24,11.09,--,5,5545,卖盘
580,14:17:21,11.09,-0.01,46,51014,卖盘
581,14:17:18,11.1,--,21,23310,买盘
582,14:17:15,11.1,--,77,85470,买盘
583,14:17:12,11.1,--,21,23310,买盘
584,14:17:06,11.1,--,20,22200,买盘
585,14:17:03,11.1,--,39,43290,买盘
586,14:16:57,11.1,--,91,101010,卖盘
587,14:16:51,11.1,--,8,8880,卖盘
588,14:16:48,11.1,-0.01,5,5550,卖盘
589,14:16:45,11.11,0.01,108,119988,买盘
590,14:16:42,11.1,-0.01,195,216450,卖盘
591,14:16:39,11.11,0.01,14,15554,买盘
592,14:16:36,11.1,--,35,38850,买盘
593,14:16:33,11.1,0.01,1,1110,买盘
594,14:16:30,11.09,-0.01,23,25507,卖盘
595,14:16:27,11.1,-0.01,32,35520,卖盘
596,14:16:24,11.11,--,5,5555,买盘
597,14:16:21,11.11,0.01,2,2222,买盘
598,14:16:15,11.1,--,100,111000,卖盘
599,14:16:12,11.1,-0.01,9,9990,卖盘
600,14:16:03,11.11,0.01,145,161095,买盘
601,14:15:57,11.1,-0.01,1,1110,卖盘
602,14:15:54,11.11,0.01,11,12221,买盘
603,14:15:48,11.1,--,1,1110,卖盘
604,14:15:45,11.1,--,8,8880,卖盘
605,14:15:42,11.1,-0.01,9,9990,中性盘
606,14:15:39,11.11,0.01,356,395516,买盘
607,14:15:36,11.1,--,20,22200,买盘
608,14:15:33,11.1,--,6,6660,买盘
609,14:15:24,11.1,0.01,11,12210,买盘
610,14:15:21,11.09,-0.01,4,4436,卖盘
611,14:15:18,11.1,0.01,2,2220,买盘
612,14:15:15,11.09,--,5,5545,卖盘
613,14:15:12,11.09,--,19,21071,卖盘
614,14:15:06,11.09,-0.01,10,11090,卖盘
615,14:15:03,11.1,0.01,297,329670,买盘
616,14:14:57,11.09,--,92,102028,卖盘
617,14:14:54,11.09,-0.01,24,26616,卖盘
618,14:14:51,11.1,--,2,2220,买盘
619,14:14:45,11.1,--,99,109890,买盘
620,14:14:42,11.1,--,3,3330,买盘
621,14:14:33,11.1,--,42,46620,买盘
622,14:14:30,11.1,0.01,40,44400,买盘
623,14:14:27,11.09,-0.01,30,33270,卖盘
624,14:14:21,11.1,--,86,95460,买盘
625,14:14:12,11.1,0.01,4,4440,买盘
626,14:14:09,11.09,--,44,48796,卖盘
627,14:14:06,11.09,-0.01,63,69867,卖盘
628,14:14:03,11.1,--,41,45510,买盘
629,14:14:00,11.1,0.01,20,22200,买盘
630,14:13:54,11.09,-0.01,11,12199,卖盘
631,14:13:51,11.1,0.01,1,1110,买盘
632,14:13:48,11.09,-0.01,88,97592,卖盘
633,14:13:45,11.1,--,1,1110,买盘
634,14:13:42,11.1,--,43,47730,买盘
635,14:13:39,11.1,--,86,95460,买盘
636,14:13:33,11.1,--,29,32190,买盘
637,14:13:30,11.1,--,20,22200,买盘
638,14:13:18,11.1,--,5,5550,买盘
639,14:13:15,11.1,--,19,21090,买盘
640,14:13:12,11.1,0.01,6,6660,买盘
641,14:13:09,11.09,-0.01,30,33270,卖盘
642,14:13:06,11.1,--,62,68820,买盘
643,14:13:03,11.1,--,40,44400,买盘
644,14:12:57,11.1,--,20,22200,买盘
645,14:12:54,11.1,--,2,2220,买盘
646,14:12:51,11.1,0.01,15,16650,买盘
647,14:12:48,11.09,-0.01,20,22180,卖盘
648,14:12:42,11.1,--,83,92130,买盘
649,14:12:39,11.1,0.01,31,34410,买盘
650,14:12:36,11.09,-0.01,100,110900,卖盘
651,14:12:33,11.1,--,3,3330,买盘
652,14:12:27,11.1,--,23,25530,买盘
653,14:12:24,11.1,--,6,6660,买盘
654,14:12:15,11.1,--,13,14430,买盘
655,14:12:12,11.1,--,16,17760,买盘
656,14:12:09,11.1,0.01,1,1110,买盘
657,14:12:06,11.09,--,49,54341,买盘
658,14:12:03,11.09,--,48,53232,买盘
659,14:12:00,11.09,0.01,58,64322,买盘
660,14:11:57,11.08,--,346,383368,卖盘
661,14:11:54,11.08,-0.01,2,2216,卖盘
662,14:11:51,11.09,--,79,87611,买盘
663,14:11:48,11.09,0.01,162,179658,买盘
664,14:11:45,11.08,-0.01,258,285864,卖盘
665,14:11:42,11.09,0.01,14,15526,买盘
666,14:11:39,11.08,-0.01,207,229356,卖盘
667,14:11:33,11.09,--,71,78739,买盘
668,14:11:30,11.09,--,3,3327,买盘
669,14:11:27,11.09,-0.01,25,27725,卖盘
670,14:11:24,11.1,0.01,38,42180,买盘
671,14:11:21,11.09,-0.01,5,5545,卖盘
672,14:11:18,11.1,--,64,71040,买盘
673,14:11:15,11.1,0.02,14,15540,买盘
674,14:11:12,11.08,--,59,65372,卖盘
675,14:11:09,11.08,0.01,20,22160,卖盘
676,14:11:06,11.07,-0.03,666,737262,卖盘
677,14:11:03,11.1,0.01,122,135420,买盘
678,14:10:54,11.09,-0.01,20,22180,中性盘
679,14:10:48,11.1,--,32,35520,买盘
680,14:10:45,11.1,0.02,58,64380,买盘
681,14:10:42,11.08,-0.02,670,742360,卖盘
682,14:10:39,11.1,0.01,204,226440,买盘
683,14:10:36,11.09,-0.01,84,93156,卖盘
684,14:10:24,11.1,--,381,422910,卖盘
685,14:10:21,11.1,-0.01,124,137640,卖盘
686,14:10:18,11.11,0.01,214,237754,买盘
687,14:10:12,11.1,--,106,117660,卖盘
688,14:10:09,11.1,0.02,107,118770,买盘
689,14:10:06,11.08,-0.02,689,763412,卖盘
690,14:10:03,11.1,--,33,36630,卖盘
691,14:10:00,11.1,--,202,224220,卖盘
692,14:09:57,11.1,--,539,598290,买盘
693,14:09:54,11.1,--,40,44400,买盘
694,14:09:48,11.1,--,479,531690,卖盘
695,14:09:45,11.1,--,447,496170,卖盘
696,14:09:42,11.1,--,15,16650,卖盘
697,14:09:39,11.1,--,50,55500,卖盘
698,14:09:36,11.1,--,1,1110,卖盘
699,14:09:33,11.1,--,202,224220,卖盘
700,14:09:30,11.1,-0.01,202,224220,卖盘
701,14:09:27,11.11,0.01,25,27775,买盘
702,14:09:24,11.1,-0.01,200,222000,卖盘
703,14:09:21,11.11,0.01,220,244420,买盘
704,14:09:18,11.1,-0.01,67,74370,中性盘
705,14:09:12,11.11,0.03,52,57772,买盘
706,14:09:09,11.08,-0.04,3279,3633885,卖盘
707,14:09:06,11.12,--,57,63383,卖盘
708,14:09:03,11.12,--,239,265768,卖盘
709,14:09:00,11.12,-0.01,20,22240,卖盘
710,14:08:57,11.13,0.01,98,109074,买盘
711,14:08:54,11.12,--,1,1112,买盘
712,14:08:51,11.12,--,116,128991,卖盘
713,14:08:48,11.12,--,69,76728,卖盘
714,14:08:45,11.12,-0.01,291,323592,卖盘
715,14:08:42,11.13,--,215,239295,买盘
716,14:08:36,11.13,--,267,297171,买盘
717,14:08:33,11.13,--,123,136899,买盘
718,14:08:30,11.13,0.01,19,21147,买盘
719,14:08:27,11.12,--,33,36696,卖盘
720,14:08:24,11.12,--,729,810648,卖盘
721,14:08:21,11.12,--,27,30023,卖盘
722,14:08:15,11.12,-0.01,68,75616,卖盘
723,14:08:12,11.13,--,263,292719,买盘
724,14:08:09,11.13,0.01,2,2226,买盘
725,14:08:06,11.12,-0.01,43,47816,卖盘
726,14:08:03,11.13,0.01,58,64554,买盘
727,14:08:00,11.12,--,36,40032,卖盘
728,14:07:57,11.12,0.01,262,291344,买盘
729,14:07:54,11.11,--,9,9999,卖盘
730,14:07:48,11.11,--,42,46662,卖盘
731,14:07:45,11.11,--,63,69993,卖盘
732,14:07:42,11.11,-0.01,48,53328,卖盘
733,14:07:36,11.12,--,3,3335,卖盘
734,14:07:33,11.12,--,5,5560,卖盘
735,14:07:30,11.12,--,202,224623,卖盘
736,14:07:27,11.12,-0.01,225,250199,卖盘
737,14:07:21,11.13,--,5,5565,买盘
738,14:07:18,11.13,0.01,23,25599,买盘
739,14:07:12,11.12,-0.01,58,64495,卖盘
740,14:07:09,11.13,--,284,316092,卖盘
741,14:07:06,11.13,--,15,16695,卖盘
742,14:07:03,11.13,--,45,50085,卖盘
743,14:07:00,11.13,-0.01,62,69006,卖盘
744,14:06:57,11.14,--,50,55700,买盘
745,14:06:54,11.14,0.01,15,16710,买盘
746,14:06:48,11.13,--,4,4452,卖盘
747,14:06:42,11.13,-0.01,49,54537,卖盘
748,14:06:39,11.14,-0.01,19,21166,卖盘
749,14:06:30,11.15,0.01,5,5575,买盘
750,14:06:27,11.14,-0.01,50,55700,卖盘
751,14:06:24,11.15,0.02,24,26760,买盘
752,14:06:21,11.13,-0.02,21,23373,卖盘
753,14:06:18,11.15,0.01,14,15610,买盘
754,14:06:15,11.14,--,2,2228,买盘
755,14:06:12,11.14,0.01,23,25622,买盘
756,14:06:09,11.13,-0.01,44,48972,卖盘
757,14:06:03,11.14,--,25,27850,买盘
758,14:05:57,11.14,--,4,4456,买盘
759,14:05:54,11.14,--,44,49016,买盘
760,14:05:48,11.14,--,2,2228,买盘
761,14:05:42,11.14,--,4,4456,买盘
762,14:05:39,11.14,-0.01,51,56814,卖盘
763,14:05:36,11.15,0.01,232,258680,买盘
764,14:05:33,11.14,--,13,14482,卖盘
765,14:05:30,11.14,-0.01,60,66840,卖盘
766,14:05:24,11.15,--,15,16725,买盘
767,14:05:21,11.15,--,251,280779,卖盘
768,14:05:18,11.15,-0.01,10,11150,卖盘
769,14:05:15,11.16,0.01,1,1116,买盘
770,14:05:12,11.15,--,27,30105,卖盘
771,14:05:09,11.15,-0.01,38,42370,卖盘
772,14:05:03,11.16,0.01,71,79236,买盘
773,14:05:00,11.15,--,10,11150,卖盘
774,14:04:57,11.15,-0.01,6,6690,卖盘
775,14:04:54,11.16,--,73,81468,买盘
776,14:04:42,11.16,0.01,10,11160,买盘
777,14:04:39,11.15,-0.01,176,196240,卖盘
778,14:04:36,11.16,0.01,7,7812,买盘
779,14:04:33,11.15,--,6,6690,卖盘
780,14:04:30,11.15,-0.01,44,49060,卖盘
781,14:04:24,11.16,0.01,45,50220,买盘
782,14:04:21,11.15,-0.01,64,71360,卖盘
783,14:04:15,11.16,--,2,2232,买盘
784,14:04:12,11.16,--,104,116064,买盘
785,14:04:09,11.16,--,200,223200,买盘
786,14:04:06,11.16,--,62,69192,买盘
787,14:04:03,11.16,0.01,33,36828,买盘
788,14:04:00,11.15,--,12,13380,卖盘
789,14:03:57,11.15,-0.01,65,72675,卖盘
790,14:03:54,11.16,--,15,16740,买盘
791,14:03:51,11.16,--,1400,1562400,买盘
792,14:03:45,11.16,--,22,25444,卖盘
793,14:03:42,11.16,--,233,260251,买盘
794,14:03:39,11.16,0.01,82,91512,买盘
795,14:03:36,11.15,-0.01,8,8920,卖盘
796,14:03:33,11.16,--,4,4464,买盘
797,14:03:27,11.16,--,46,51336,买盘
798,14:03:24,11.16,-0.01,311,347968,卖盘
799,14:03:18,11.17,--,123,137391,买盘
800,14:03:15,11.17,--,91,101647,买盘
801,14:03:12,11.17,0.01,27,30159,买盘
802,14:03:09,11.16,-0.01,6,6696,卖盘
803,14:03:03,11.17,--,26,29042,买盘
804,14:03:00,11.17,--,27,30159,买盘
805,14:02:57,11.17,--,37,41329,买盘
806,14:02:54,11.17,0.01,84,93828,买盘
807,14:02:51,11.16,-0.01,10,11160,卖盘
808,14:02:48,11.17,0.01,31,34627,买盘
809,14:02:45,11.16,-0.01,7,7812,卖盘
810,14:02:42,11.17,--,11,12287,买盘
811,14:02:39,11.17,0.01,2,2234,买盘
812,14:02:36,11.16,--,95,106020,卖盘
813,14:02:33,11.16,--,1439,1606147,买盘
814,14:02:30,11.16,0.01,206,229896,买盘
815,14:02:27,11.15,-0.01,64,71360,卖盘
816,14:02:24,11.16,0.01,15,16740,买盘
817,14:02:21,11.15,-0.01,56,62440,卖盘
818,14:02:18,11.16,--,24,26784,买盘
819,14:02:15,11.16,--,44,49104,买盘
820,14:02:12,11.16,0.01,3,3348,买盘
821,14:02:06,11.15,-0.01,5,5575,卖盘
822,14:02:03,11.16,0.02,1416,1580256,买盘
823,14:02:00,11.14,-0.01,10,11140,卖盘
824,14:01:54,11.15,0.01,1520,1694800,买盘
825,14:01:51,11.14,--,45,50130,卖盘
826,14:01:48,11.14,-0.01,168,187152,卖盘
827,14:01:42,11.15,0.01,7,7805,买盘
828,14:01:39,11.14,--,200,222800,卖盘
829,14:01:36,11.14,--,1511,1683254,卖盘
830,14:01:33,11.14,--,6,6684,卖盘
831,14:01:30,11.14,--,49,55499,买盘
832,14:01:24,11.14,0.01,25,27850,买盘
833,14:01:21,11.13,-0.01,44,48972,卖盘
834,14:01:18,11.14,--,185,206290,卖盘
835,14:01:15,11.14,-0.01,200,222800,卖盘
836,14:01:12,11.15,0.01,25,27875,买盘
837,14:01:09,11.14,--,8,8912,卖盘
838,14:01:06,11.14,-0.01,100,111400,卖盘
839,14:01:03,11.15,0.01,25,27875,买盘
840,14:01:00,11.14,--,5,5570,卖盘
841,14:00:57,11.14,0.01,123,137935,买盘
842,14:00:54,11.13,--,91,101283,卖盘
843,14:00:51,11.13,--,44,48972,卖盘
844,14:00:48,11.13,--,74,82362,卖盘
845,14:00:45,11.13,-0.01,50,55650,卖盘
846,14:00:42,11.14,0.01,504,561456,买盘
847,14:00:33,11.13,--,31,34503,卖盘
848,14:00:30,11.13,-0.01,1,1113,卖盘
849,14:00:24,11.14,0.01,26,28964,买盘
850,14:00:21,11.13,-0.01,44,48972,卖盘
851,14:00:15,11.14,--,20,22280,买盘
852,14:00:12,11.14,--,4,4456,买盘
853,14:00:06,11.14,--,2,2228,买盘
854,14:00:03,11.14,0.01,61,67954,买盘
855,14:00:00,11.13,--,128,142464,买盘
856,13:59:57,11.13,--,28,31164,买盘
857,13:59:54,11.13,-0.01,34,37842,中性盘
858,13:59:48,11.14,--,251,279614,买盘
859,13:59:45,11.14,0.01,1,1114,买盘
860,13:59:42,11.13,--,8,8904,卖盘
861,13:59:39,11.13,-0.01,10,11130,卖盘
862,13:59:36,11.14,0.01,62,69068,买盘
863,13:59:30,11.13,-0.01,1,1113,买盘
864,13:59:24,11.14,--,49,54586,买盘
865,13:59:18,11.14,0.01,500,557000,买盘
866,13:59:15,11.13,--,2,2226,买盘
867,13:59:12,11.13,--,157,174741,卖盘
868,13:59:09,11.13,-0.01,200,222600,卖盘
869,13:59:06,11.14,--,27,30078,买盘
870,13:59:03,11.14,--,50,55700,买盘
871,13:59:00,11.14,--,58,64612,买盘
872,13:58:54,11.14,--,2,2228,买盘
873,13:58:51,11.14,--,7,7798,买盘
874,13:58:48,11.14,--,52,57928,买盘
875,13:58:45,11.14,0.01,10,11140,买盘
876,13:58:42,11.13,-0.01,17,18921,卖盘
877,13:58:39,11.14,--,41,45674,买盘
878,13:58:36,11.14,--,89,99146,买盘
879,13:58:33,11.14,--,65,72410,买盘
880,13:58:24,11.14,--,1,1114,买盘
881,13:58:21,11.14,--,13,14482,买盘
882,13:58:18,11.14,0.01,55,61270,买盘
883,13:58:15,11.13,--,29,32277,买盘
884,13:58:12,11.13,--,3,3339,买盘
885,13:58:03,11.13,--,46,51198,买盘
886,13:58:00,11.13,--,44,48972,买盘
887,13:57:57,11.13,--,28,31164,买盘
888,13:57:54,11.13,-0.01,56,62328,卖盘
889,13:57:51,11.14,0.01,11,12254,买盘
890,13:57:48,11.13,--,20,22260,买盘
891,13:57:45,11.13,-0.01,20,22260,卖盘
892,13:57:42,11.14,0.01,6,6684,买盘
893,13:57:39,11.13,--,5,5565,买盘
894,13:57:36,11.13,-0.01,6,6678,买盘
895,13:57:33,11.14,--,40,44560,买盘
896,13:57:27,11.14,--,10,11140,买盘
897,13:57:24,11.14,--,196,218344,买盘
898,13:57:21,11.14,0.01,906,1009284,买盘
899,13:57:18,11.13,--,6,6678,买盘
900,13:57:15,11.13,--,67,74571,买盘
901,13:57:12,11.13,0.01,160,178080,买盘
902,13:57:09,11.12,-0.01,36,40032,卖盘
903,13:57:06,11.13,--,20,22260,买盘
904,13:57:03,11.13,--,33,36729,买盘
905,13:57:00,11.13,0.01,7,7791,买盘
906,13:56:57,11.12,--,5,5560,卖盘
907,13:56:54,11.12,-0.01,31,34472,卖盘
908,13:56:51,11.13,--,6,6678,买盘
909,13:56:48,11.13,--,28,31164,买盘
910,13:56:45,11.13,--,12,13356,买盘
911,13:56:42,11.13,0.01,13,14469,买盘
912,13:56:36,11.12,-0.01,8,8896,卖盘
913,13:56:33,11.13,--,44,48972,买盘
914,13:56:27,11.13,--,16,17808,买盘
915,13:56:24,11.13,0.01,140,155820,买盘
916,13:56:21,11.12,--,1383,1537896,买盘
917,13:56:18,11.12,--,11,12232,买盘
918,13:56:15,11.12,--,81,90072,买盘
919,13:56:12,11.12,0.01,3,3335,买盘
920,13:56:06,11.11,-0.01,22,24442,卖盘
921,13:56:03,11.12,0.01,33,36696,买盘
922,13:56:00,11.11,-0.01,5,5555,卖盘
923,13:55:57,11.12,--,59,65608,买盘
924,13:55:54,11.12,--,255,283560,买盘
925,13:55:51,11.12,--,15,16680,买盘
926,13:55:42,11.12,--,5,5560,买盘
927,13:55:36,11.12,0.01,8,8896,买盘
928,13:55:33,11.11,-0.01,46,51106,卖盘
929,13:55:27,11.12,0.01,35,38920,买盘
930,13:55:24,11.11,-0.01,82,91102,卖盘
931,13:55:21,11.12,0.01,2,2224,买盘
932,13:55:18,11.11,-0.01,10,11110,卖盘
933,13:55:12,11.12,--,26,28911,买盘
934,13:55:09,11.12,--,11,12232,买盘
935,13:55:06,11.12,--,62,68944,买盘
936,13:55:03,11.12,--,22,24464,买盘
937,13:54:57,11.12,0.01,6,6671,买盘
938,13:54:51,11.11,-0.01,1,1111,卖盘
939,13:54:45,11.12,--,2,2224,买盘
940,13:54:42,11.12,--,5,5560,买盘
941,13:54:36,11.12,--,8,8896,买盘
942,13:54:33,11.12,0.01,55,61159,买盘
943,13:54:30,11.11,-0.01,7,7777,卖盘
944,13:54:27,11.12,--,5,5560,买盘
945,13:54:21,11.12,0.01,5,5560,买盘
946,13:54:18,11.11,-0.01,6,6666,卖盘
947,13:54:12,11.12,--,49,54487,买盘
948,13:54:09,11.12,--,126,140112,买盘
949,13:54:06,11.12,--,6,6671,买盘
950,13:54:03,11.12,--,28,31135,买盘
951,13:54:00,11.12,--,12,13343,买盘
952,13:53:57,11.12,--,10,11120,买盘
953,13:53:54,11.12,0.01,102,113423,买盘
954,13:53:51,11.11,--,22,24442,买盘
955,13:53:45,11.11,0.01,33,36663,买盘
956,13:53:42,11.1,--,43,47730,卖盘
957,13:53:36,11.1,-0.01,10,11100,卖盘
958,13:53:33,11.11,0.01,6,6666,买盘
959,13:53:30,11.1,-0.01,50,55500,卖盘
960,13:53:27,11.11,--,7,7777,买盘
961,13:53:24,11.11,--,37,41107,买盘
962,13:53:15,11.11,--,1,1111,买盘
963,13:53:12,11.11,--,14,15554,买盘
964,13:53:09,11.11,--,21,23331,买盘
965,13:53:06,11.11,-0.01,125,138875,卖盘
966,13:53:03,11.12,--,21,23352,买盘
967,13:52:57,11.12,--,6,6671,买盘
968,13:52:54,11.12,0.01,37,41144,买盘
969,13:52:45,11.11,-0.01,10,11110,卖盘
970,13:52:42,11.12,--,4,4448,买盘
971,13:52:36,11.12,0.01,5,5560,买盘
972,13:52:33,11.11,--,8,8888,卖盘
973,13:52:30,11.11,--,60,66660,买盘
974,13:52:27,11.11,-0.01,138,153318,卖盘
975,13:52:24,11.12,--,63,70056,买盘
976,13:52:12,11.12,--,3,3335,买盘
977,13:52:09,11.12,0.01,5,5560,买盘
978,13:52:06,11.11,-0.01,20,22220,卖盘
979,13:52:03,11.12,--,28,31135,买盘
980,13:51:57,11.12,--,8,8896,买盘
981,13:51:54,11.12,0.01,37,41144,买盘
982,13:51:51,11.11,-0.01,27,29997,卖盘
983,13:51:42,11.12,0.01,11,12232,买盘
984,13:51:39,11.11,-0.01,10,11110,卖盘
985,13:51:36,11.12,--,47,52263,买盘
986,13:51:33,11.12,0.01,172,191264,买盘
987,13:51:30,11.11,-0.01,89,98879,卖盘
988,13:51:27,11.12,--,5,5560,买盘
989,13:51:24,11.12,0.01,56,62271,买盘
990,13:51:21,11.11,--,66,73326,卖盘
991,13:51:12,11.11,--,9,9999,卖盘
992,13:51:06,11.11,-0.01,4,4444,卖盘
993,13:51:03,11.12,--,28,31135,买盘
994,13:51:00,11.12,--,5,5560,买盘
995,13:50:57,11.12,--,2,2224,买盘
996,13:50:54,11.12,0.02,37,41144,买盘
997,13:50:51,11.1,--,1,1110,卖盘
998,13:50:48,11.1,-0.01,3,3330,卖盘
999,13:50:42,11.11,--,1,1111,买盘
1000,13:50:39,11.11,--,10,11110,买盘
1001,13:50:36,11.11,--,62,68882,买盘
1002,13:50:33,11.11,--,1,1111,买盘
1003,13:50:27,11.11,--,5,5555,买盘
1004,13:50:24,11.11,--,37,41107,买盘
1005,13:50:18,11.11,--,1,1111,买盘
1006,13:50:12,11.11,--,4,4444,买盘
1007,13:50:09,11.11,--,9,9999,买盘
1008,13:50:06,11.11,--,72,79992,卖盘
1009,13:50:03,11.11,-0.01,185,205535,卖盘
1010,13:50:00,11.12,--,22,24464,买盘
1011,13:49:57,11.12,--,229,254647,买盘
1012,13:49:54,11.12,--,292,324704,买盘
1013,13:49:48,11.12,0.01,11,12232,买盘
1014,13:49:45,11.11,-0.01,11,12221,卖盘
1015,13:49:42,11.12,--,10,11120,买盘
1016,13:49:39,11.12,--,64,71168,买盘
1017,13:49:36,11.12,--,11,12232,买盘
1018,13:49:33,11.12,-0.01,82,91184,卖盘
1019,13:49:30,11.13,0.01,16,17808,买盘
1020,13:49:27,11.12,-0.01,20,22240,卖盘
1021,13:49:24,11.13,0.01,45,50085,买盘
1022,13:49:21,11.12,-0.01,62,68944,卖盘
1023,13:49:18,11.13,--,7,7791,买盘
1024,13:49:15,11.13,--,37,41181,买盘
1025,13:49:12,11.13,0.01,42,46746,买盘
1026,13:49:09,11.12,-0.01,92,102304,卖盘
1027,13:49:06,11.13,--,20,22260,买盘
1028,13:49:03,11.13,0.01,30,33390,买盘
1029,13:49:00,11.12,-0.01,1,1112,卖盘
1030,13:48:57,11.13,--,13,14469,买盘
1031,13:48:54,11.13,0.01,86,95718,买盘
1032,13:48:42,11.12,-0.01,11,12232,卖盘
1033,13:48:39,11.13,--,3,3339,买盘
1034,13:48:36,11.13,0.01,2,2226,买盘
1035,13:48:30,11.12,-0.01,10,11120,买盘
1036,13:48:27,11.13,--,8,8904,买盘
1037,13:48:24,11.13,--,37,41181,买盘
1038,13:48:18,11.13,--,46,51198,买盘
1039,13:48:15,11.13,--,100,111300,买盘
1040,13:48:12,11.13,--,3,3339,买盘
1041,13:48:09,11.13,0.02,5,5565,买盘
1042,13:48:06,11.11,-0.02,6,6666,卖盘
1043,13:48:03,11.13,0.02,25,27825,买盘
1044,13:48:00,11.11,-0.02,5,5555,卖盘
1045,13:47:57,11.13,0.02,5,5565,买盘
1046,13:47:54,11.11,-0.01,56,62216,卖盘
1047,13:47:51,11.12,0.01,6,6671,买盘
1048,13:47:48,11.11,-0.01,16,17776,卖盘
1049,13:47:42,11.12,--,2,2224,买盘
1050,13:47:39,11.12,--,44,48928,买盘
1051,13:47:36,11.12,-0.01,137,152544,卖盘
1052,13:47:33,11.13,0.01,29,32277,买盘
1053,13:47:30,11.12,--,20,23151,买盘
1054,13:47:27,11.12,--,12,13343,买盘
1055,13:47:24,11.12,--,47,52263,买盘
1056,13:47:18,11.12,--,6,6671,买盘
1057,13:47:15,11.12,--,28,31135,买盘
1058,13:47:12,11.12,0.01,30,33360,买盘
1059,13:47:09,11.11,-0.01,24,26664,卖盘
1060,13:47:03,11.12,--,35,38920,买盘
1061,13:47:00,11.12,--,5,5560,买盘
1062,13:46:57,11.12,--,60,66720,买盘
1063,13:46:54,11.12,0.01,157,174584,买盘
1064,13:46:51,11.11,-0.01,381,423291,卖盘
1065,13:46:42,11.12,--,28,31135,买盘
1066,13:46:39,11.12,--,4,4448,买盘
1067,13:46:36,11.12,--,8,8896,买盘
1068,13:46:33,11.12,--,81,90072,买盘
1069,13:46:30,11.12,--,50,55599,买盘
1070,13:46:27,11.12,--,111,123431,买盘
1071,13:46:24,11.12,--,102,113423,买盘
1072,13:46:21,11.12,--,25,27799,买盘
1073,13:46:18,11.12,--,4,4448,买盘
1074,13:46:15,11.12,--,22,24464,买盘
1075,13:46:12,11.12,--,3,3335,买盘
1076,13:46:09,11.12,0.01,2,2224,买盘
1077,13:46:06,11.11,-0.01,21,23331,卖盘
1078,13:46:03,11.12,--,94,104527,买盘
1079,13:45:57,11.12,--,5,5560,买盘
1080,13:45:54,11.12,--,37,41144,买盘
1081,13:45:51,11.12,--,12,13343,买盘
1082,13:45:48,11.12,--,84,93408,买盘
1083,13:45:45,11.12,--,165,183480,买盘
1084,13:45:42,11.12,--,2,2224,买盘
1085,13:45:39,11.12,--,23,25576,买盘
1086,13:45:33,11.12,0.01,5,5560,买盘
1087,13:45:27,11.11,-0.01,4,4444,卖盘
1088,13:45:24,11.12,--,1,1112,买盘
1089,13:45:18,11.12,0.01,5,5560,买盘
1090,13:45:15,11.11,-0.01,5,5555,卖盘
1091,13:45:12,11.12,--,9,10008,买盘
1092,13:45:06,11.12,0.01,2,2224,买盘
1093,13:45:00,11.11,--,15,16665,卖盘
1094,13:44:57,11.11,--,1,1111,卖盘
1095,13:44:54,11.11,-0.01,2,2222,卖盘
1096,13:44:42,11.12,--,1,1112,买盘
1097,13:44:39,11.12,--,4,4448,买盘
1098,13:44:36,11.12,--,5,5560,买盘
1099,13:44:33,11.12,--,30,33360,买盘
1100,13:44:30,11.12,--,28,31135,买盘
1101,13:44:27,11.12,0.01,81,90072,买盘
1102,13:44:24,11.11,-0.01,21,23331,卖盘
1103,13:44:21,11.12,0.01,28,31135,买盘
1104,13:44:18,11.11,-0.01,10,11110,卖盘
1105,13:44:15,11.12,--,6,6671,买盘
1106,13:44:12,11.12,0.01,46,51152,买盘
1107,13:44:09,11.11,-0.01,10,11110,卖盘
1108,13:44:06,11.12,0.01,51,56711,买盘
1109,13:44:03,11.11,0.01,423,469953,买盘
1110,13:44:00,11.1,-0.01,5,5550,卖盘
1111,13:43:57,11.11,--,2,2222,买盘
1112,13:43:54,11.11,0.01,7,7777,买盘
1113,13:43:48,11.1,-0.01,9,9990,卖盘
1114,13:43:39,11.11,--,14,15554,买盘
1115,13:43:36,11.11,0.01,8,8888,买盘
1116,13:43:33,11.1,-0.01,30,33300,卖盘
1117,13:43:30,11.11,0.01,1,1111,买盘
1118,13:43:27,11.1,-0.01,1,1110,卖盘
1119,13:43:24,11.11,0.01,8,8888,买盘
1120,13:43:18,11.1,-0.01,4,4440,卖盘
1121,13:43:15,11.11,--,20,22220,买盘
1122,13:43:12,11.11,--,6,6666,买盘
1123,13:43:09,11.11,0.01,11,12221,买盘
1124,13:43:06,11.1,--,55,61050,卖盘
1125,13:43:03,11.1,-0.01,13,14430,卖盘
1126,13:43:00,11.11,--,16,17776,卖盘
1127,13:42:57,11.11,-0.01,4,4444,买盘
1128,13:42:48,11.12,--,2,2224,买盘
1129,13:42:42,11.12,--,6,6671,买盘
1130,13:42:39,11.12,--,16,17792,买盘
1131,13:42:33,11.12,0.01,38,42256,买盘
1132,13:42:30,11.11,--,112,124432,卖盘
1133,13:42:27,11.11,--,100,111100,卖盘
1134,13:42:24,11.11,-0.01,26,28886,中性盘
1135,13:42:12,11.12,--,3,3335,买盘
1136,13:42:00,11.12,--,1,1112,买盘
1137,13:41:54,11.12,--,12,13343,买盘
1138,13:41:51,11.12,0.04,149,165688,买盘
1139,13:41:48,11.08,-0.04,784,868672,卖盘
1140,13:41:45,11.12,--,2,2224,买盘
1141,13:41:42,11.12,--,1,1112,买盘
1142,13:41:39,11.12,--,4,4448,买盘
1143,13:41:36,11.12,--,14,15567,买盘
1144,13:41:33,11.12,--,94,104527,买盘
1145,13:41:30,11.12,--,23,25576,买盘
1146,13:41:27,11.12,--,206,229071,买盘
1147,13:41:24,11.12,0.01,208,231295,买盘
1148,13:41:21,11.11,0.03,2017,2240887,买盘
1149,13:41:18,11.08,-0.01,5,5540,卖盘
1150,13:41:15,11.09,--,1,1109,买盘
1151,13:41:12,11.09,--,3,3327,买盘
1152,13:41:06,11.09,0.01,3,3327,买盘
1153,13:41:03,11.08,--,2,2216,卖盘
1154,13:41:00,11.08,-0.01,30,33240,卖盘
1155,13:40:57,11.09,--,20,22180,买盘
1156,13:40:54,11.09,--,2,2218,买盘
1157,13:40:45,11.09,--,33,36597,买盘
1158,13:40:42,11.09,--,31,34379,买盘
1159,13:40:39,11.09,--,13,14417,买盘
1160,13:40:30,11.09,--,22,24398,买盘
1161,13:40:27,11.09,--,3,3327,买盘
1162,13:40:18,11.09,--,5,5545,买盘
1163,13:40:15,11.09,--,20,22180,买盘
1164,13:40:12,11.09,--,4,4436,买盘
1165,13:40:06,11.09,-0.01,6,6654,卖盘
1166,13:40:03,11.1,--,10,11100,买盘
1167,13:39:54,11.1,--,5,5550,买盘
1168,13:39:51,11.1,--,76,84360,买盘
1169,13:39:48,11.1,--,292,324120,买盘
1170,13:39:45,11.1,--,94,104340,买盘
1171,13:39:42,11.1,--,2,2220,买盘
1172,13:39:39,11.1,--,3,3330,买盘
1173,13:39:36,11.1,--,21,23310,买盘
1174,13:39:33,11.1,--,183,203130,买盘
1175,13:39:30,11.1,--,1049,1164390,买盘
1176,13:39:27,11.1,--,43,47730,买盘
1177,13:39:18,11.1,--,2,2220,买盘
1178,13:39:15,11.1,--,9,9990,买盘
1179,13:39:12,11.1,0.01,10,11100,买盘
1180,13:39:09,11.09,--,27,29943,卖盘
1181,13:39:03,11.09,-0.01,23,25507,卖盘
1182,13:39:00,11.1,0.01,13,14430,买盘
1183,13:38:57,11.09,--,125,138625,买盘
1184,13:38:54,11.09,--,23,25507,买盘
1185,13:38:48,11.09,0.01,25,27725,买盘
1186,13:38:45,11.08,-0.01,3,3324,卖盘
1187,13:38:42,11.09,--,7,7763,买盘
1188,13:38:39,11.09,--,53,58777,买盘
1189,13:38:33,11.09,--,12,13308,买盘
1190,13:38:30,11.09,--,167,185203,买盘
1191,13:38:27,11.09,--,572,634348,买盘
1192,13:38:24,11.09,0.01,45,49905,买盘
1193,13:38:21,11.08,-0.01,5,5540,卖盘
1194,13:38:12,11.09,--,9,9981,买盘
1195,13:38:09,11.09,--,25,27725,买盘
1196,13:38:06,11.09,--,2,2218,买盘
1197,13:38:00,11.09,--,2,2218,买盘
1198,13:37:57,11.09,--,15,16635,买盘
1199,13:37:48,11.09,--,11,12199,买盘
1200,13:37:45,11.09,--,6,6654,买盘
1201,13:37:42,11.09,--,32,35488,买盘
1202,13:37:39,11.09,--,5,5545,买盘
1203,13:37:36,11.09,--,11,12199,买盘
1204,13:37:33,11.09,--,20,22180,买盘
1205,13:37:30,11.09,--,35,38815,买盘
1206,13:37:27,11.09,--,128,141952,买盘
1207,13:37:24,11.09,--,16,17744,买盘
1208,13:37:12,11.09,--,3,3327,买盘
1209,13:37:06,11.09,--,37,41033,买盘
1210,13:37:03,11.09,--,72,79848,买盘
1211,13:36:57,11.09,0.01,23,25507,买盘
1212,13:36:54,11.08,-0.01,13,14404,卖盘
1213,13:36:51,11.09,--,11,12199,买盘
1214,13:36:42,11.09,--,1,1109,买盘
1215,13:36:39,11.09,--,4,4436,买盘
1216,13:36:30,11.09,0.02,29,32161,买盘
1217,13:36:27,11.07,--,16,17712,卖盘
1218,13:36:21,11.07,-0.02,10,11070,卖盘
1219,13:36:15,11.09,0.01,16,17744,买盘
1220,13:36:12,11.08,--,8,8864,买盘
1221,13:36:06,11.08,--,3,3324,买盘
1222,13:36:00,11.08,-0.01,6,6648,买盘
1223,13:35:57,11.09,--,15,16635,买盘
1224,13:35:51,11.09,--,2,2218,买盘
1225,13:35:48,11.09,--,36,39924,买盘
1226,13:35:45,11.09,0.01,60,66540,买盘
1227,13:35:42,11.08,-0.01,483,535164,卖盘
1228,13:35:39,11.09,--,37,41033,买盘
1229,13:35:36,11.09,0.01,6,6654,买盘
1230,13:35:33,11.08,-0.01,62,68696,卖盘
1231,13:35:30,11.09,--,62,68758,买盘
1232,13:35:27,11.09,0.01,58,64322,买盘
1233,13:35:21,11.08,-0.01,20,22160,卖盘
1234,13:35:15,11.09,--,2,2218,买盘
1235,13:35:12,11.09,--,4,4436,买盘
1236,13:35:06,11.09,--,15,16635,买盘
1237,13:35:03,11.09,--,81,89829,买盘
1238,13:35:00,11.09,--,12,13308,买盘
1239,13:34:57,11.09,--,15,16635,买盘
1240,13:34:54,11.09,--,5,5545,买盘
1241,13:34:42,11.09,--,20,22180,买盘
1242,13:34:39,11.09,--,125,138625,买盘
1243,13:34:36,11.09,--,29,32161,买盘
1244,13:34:33,11.09,--,20,22180,买盘
1245,13:34:30,11.09,--,144,159696,买盘
1246,13:34:27,11.09,--,15,16635,买盘
1247,13:34:24,11.09,--,15,16635,买盘
1248,13:34:21,11.09,--,1,1109,买盘
1249,13:34:09,11.09,--,4,4436,买盘
1250,13:34:00,11.09,0.01,7,7763,买盘
1251,13:33:57,11.08,--,24,26592,卖盘
1252,13:33:54,11.08,--,5,5540,卖盘
1253,13:33:48,11.08,-0.01,2,2216,卖盘
1254,13:33:39,11.09,--,65,72085,买盘
1255,13:33:36,11.09,--,338,374842,卖盘
1256,13:33:33,11.09,--,243,269487,卖盘
1257,13:33:30,11.09,-0.01,88,97592,卖盘
1258,13:33:27,11.1,--,216,239760,买盘
1259,13:33:24,11.1,--,10,11100,买盘
1260,13:33:21,11.1,0.01,118,130980,买盘
1261,13:33:18,11.09,--,370,410330,买盘
1262,13:33:15,11.09,0.01,493,546737,买盘
1263,13:33:12,11.08,-0.01,406,449848,卖盘
1264,13:33:09,11.09,0.01,61,67649,买盘
1265,13:33:06,11.08,-0.01,200,221600,卖盘
1266,13:33:03,11.09,0.01,26,28834,买盘
1267,13:33:00,11.08,-0.01,21,23268,卖盘
1268,13:32:57,11.09,0.01,19,21071,买盘
1269,13:32:54,11.08,-0.01,10,11080,卖盘
1270,13:32:51,11.09,--,10,11090,买盘
1271,13:32:48,11.09,--,66,73194,买盘
1272,13:32:45,11.09,--,41,45469,买盘
1273,13:32:42,11.09,--,83,92047,买盘
1274,13:32:39,11.09,--,5,5545,买盘
1275,13:32:36,11.09,0.01,9,9981,买盘
1276,13:32:33,11.08,-0.01,69,76452,卖盘
1277,13:32:30,11.09,--,26,28834,买盘
1278,13:32:27,11.09,--,31,34379,买盘
1279,13:32:24,11.09,--,10,11090,买盘
1280,13:32:18,11.09,0.01,73,80957,买盘
1281,13:32:15,11.08,-0.01,300,332400,卖盘
1282,13:32:12,11.09,--,1,1109,买盘
1283,13:32:09,11.09,--,12,13308,买盘
1284,13:32:00,11.09,--,5,5545,买盘
1285,13:31:57,11.09,--,50,55450,买盘
1286,13:31:54,11.09,0.01,59,65431,买盘
1287,13:31:51,11.08,-0.01,46,50968,卖盘
1288,13:31:45,11.09,--,2,2218,买盘
1289,13:31:42,11.09,--,1,1109,买盘
1290,13:31:39,11.09,--,18,19962,买盘
1291,13:31:36,11.09,--,194,215146,卖盘
1292,13:31:33,11.09,-0.01,609,675381,卖盘
1293,13:31:30,11.1,0.01,30,33300,买盘
1294,13:31:27,11.09,-0.01,18,19962,卖盘
1295,13:31:24,11.1,--,3,3330,买盘
1296,13:31:21,11.1,0.01,20,22200,买盘
1297,13:31:15,11.09,-0.01,10,11090,卖盘
1298,13:31:12,11.1,--,7,7770,买盘
1299,13:31:06,11.1,--,12,13320,买盘
1300,13:31:03,11.1,--,66,73260,买盘
1301,13:30:57,11.1,--,16,17760,买盘
1302,13:30:54,11.1,--,15,16650,买盘
1303,13:30:51,11.1,--,36,39960,买盘
1304,13:30:48,11.1,--,285,316350,买盘
1305,13:30:42,11.1,--,5,5550,买盘
1306,13:30:39,11.1,--,72,79920,买盘
1307,13:30:36,11.1,--,275,305250,买盘
1308,13:30:33,11.1,--,160,177600,买盘
1309,13:30:30,11.1,--,1557,1728270,买盘
1310,13:30:27,11.1,--,8,8880,买盘
1311,13:30:24,11.1,--,24,26640,买盘
1312,13:30:21,11.1,--,101,112110,买盘
1313,13:30:18,11.1,--,7,7770,买盘
1314,13:30:15,11.1,0.01,25,27750,买盘
1315,13:30:12,11.09,-0.01,34,37706,卖盘
1316,13:30:06,11.1,0.01,10,11100,买盘
1317,13:30:03,11.09,-0.01,60,66540,卖盘
1318,13:30:00,11.1,--,5,5550,买盘
1319,13:29:54,11.1,--,5,5550,买盘
1320,13:29:51,11.1,0.01,6,6660,买盘
1321,13:29:48,11.09,-0.01,26,29765,卖盘
1322,13:29:42,11.1,--,1,1110,买盘
1323,13:29:39,11.1,--,26,28860,买盘
1324,13:29:36,11.1,0.01,59,65490,买盘
1325,13:29:33,11.09,--,488,541192,买盘
1326,13:29:30,11.09,--,27,29943,买盘
1327,13:29:18,11.09,--,10,11090,买盘
1328,13:29:12,11.09,--,56,62104,买盘
1329,13:29:09,11.09,-0.01,469,520121,卖盘
1330,13:29:00,11.1,0.01,2,2220,买盘
1331,13:28:57,11.09,-0.01,6,6654,卖盘
1332,13:28:45,11.1,0.01,18,19980,买盘
1333,13:28:42,11.09,-0.01,157,174113,中性盘
1334,13:28:39,11.1,--,1191,1322010,买盘
1335,13:28:36,11.1,--,1553,1723830,买盘
1336,13:28:33,11.1,--,40,44400,买盘
1337,13:28:30,11.1,--,41,45510,买盘
1338,13:28:27,11.1,--,38,42180,买盘
1339,13:28:21,11.1,--,10,11100,买盘
1340,13:28:18,11.1,--,2,2220,买盘
1341,13:28:15,11.1,--,10,11100,买盘
1342,13:28:12,11.1,--,69,76590,买盘
1343,13:28:09,11.1,--,8,8880,买盘
1344,13:28:06,11.1,--,24,26640,买盘
1345,13:28:03,11.1,0.01,160,177600,买盘
1346,13:28:00,11.09,0.01,936,1038024,买盘
1347,13:27:57,11.08,--,11,12188,卖盘
1348,13:27:54,11.08,--,27,29916,卖盘
1349,13:27:51,11.08,--,26,28808,卖盘
1350,13:27:45,11.08,-0.01,26,28808,卖盘
1351,13:27:42,11.09,--,18,19962,买盘
1352,13:27:39,11.09,0.01,46,51014,买盘
1353,13:27:36,11.08,--,41,45428,卖盘
1354,13:27:33,11.08,-0.01,156,172848,卖盘
1355,13:27:30,11.09,0.01,1,1109,买盘
1356,13:27:27,11.08,-0.01,32,35456,卖盘
1357,13:27:24,11.09,0.01,8,8872,买盘
1358,13:27:21,11.08,-0.01,70,77560,卖盘
1359,13:27:12,11.09,--,3,3327,买盘
1360,13:27:09,11.09,0.01,11,12199,买盘
1361,13:27:06,11.08,-0.01,79,87532,卖盘
1362,13:27:00,11.09,0.01,1,1109,买盘
1363,13:26:57,11.08,--,22,24376,卖盘
1364,13:26:54,11.08,-0.01,105,116340,卖盘
1365,13:26:51,11.09,0.01,31,34379,买盘
1366,13:26:42,11.08,-0.01,22,24376,卖盘
1367,13:26:39,11.09,--,36,39924,买盘
1368,13:26:30,11.09,--,26,28834,买盘
1369,13:26:27,11.09,-0.01,75,83175,卖盘
1370,13:26:24,11.1,--,1,1110,买盘
1371,13:26:21,11.1,--,18,19980,买盘
1372,13:26:18,11.1,--,158,175380,买盘
1373,13:26:15,11.1,--,1540,1709400,买盘
1374,13:26:09,11.1,--,3,3330,买盘
1375,13:26:06,11.1,--,5,5550,买盘
1376,13:26:03,11.1,0.01,34,37740,买盘
1377,13:25:57,11.09,-0.01,10,11090,卖盘
1378,13:25:48,11.1,--,1,1110,买盘
1379,13:25:42,11.1,--,14,15540,买盘
1380,13:25:39,11.1,0.01,91,101010,买盘
1381,13:25:36,11.09,-0.01,5,5545,卖盘
1382,13:25:33,11.1,0.01,2,2220,买盘
1383,13:25:30,11.09,0.01,26,28834,中性盘
1384,13:25:27,11.08,--,1,1108,卖盘
1385,13:25:24,11.08,-0.02,5,5540,卖盘
1386,13:25:18,11.1,0.02,13,14430,买盘
1387,13:25:15,11.08,-0.01,90,99720,卖盘
1388,13:25:12,11.09,--,44,48796,买盘
1389,13:25:09,11.09,-0.01,182,201838,卖盘
1390,13:25:06,11.1,0.01,8,8880,买盘
1391,13:25:03,11.09,-0.01,48,53232,卖盘
1392,13:24:57,11.1,0.01,10,11100,买盘
1393,13:24:54,11.09,-0.01,5,5545,卖盘
1394,13:24:48,11.1,--,2,2220,买盘
1395,13:24:39,11.1,0.01,36,39960,买盘
1396,13:24:36,11.09,-0.01,256,283904,卖盘
1397,13:24:33,11.1,-0.01,37,41070,卖盘
1398,13:24:30,11.11,--,8,8888,买盘
1399,13:24:27,11.11,--,39,43329,卖盘
1400,13:24:24,11.11,-0.01,26,28886,卖盘
1401,13:24:18,11.12,0.01,17,18904,卖盘
1402,13:24:15,11.11,-0.02,101,112211,卖盘
1403,13:24:12,11.13,--,4,4452,买盘
1404,13:24:06,11.13,--,21,23373,买盘
1405,13:24:03,11.13,0.01,1,1113,买盘
1406,13:24:00,11.12,0.02,5,5560,买盘
1407,13:23:57,11.1,-0.04,4,4440,卖盘
1408,13:23:51,11.14,0.04,36,40104,买盘
1409,13:23:48,11.1,-0.03,272,301920,卖盘
1410,13:23:45,11.13,0.03,10,11130,买盘
1411,13:23:42,11.1,-0.02,66,73260,卖盘
1412,13:23:39,11.12,-0.01,46,51152,卖盘
1413,13:23:36,11.13,--,204,227052,卖盘
1414,13:23:33,11.13,-0.01,51,56763,卖盘
1415,13:23:30,11.14,--,12,13368,买盘
1416,13:23:27,11.14,--,88,98032,买盘
1417,13:23:21,11.14,--,13,14482,买盘
1418,13:23:18,11.14,--,82,91348,买盘
1419,13:23:15,11.14,0.01,33,36762,买盘
1420,13:23:12,11.13,--,212,235956,买盘
1421,13:23:09,11.13,-0.01,7,7791,买盘
1422,13:23:06,11.14,--,5,5570,买盘
1423,13:23:03,11.14,0.01,70,77980,买盘
1424,13:23:00,11.13,-0.01,257,286041,卖盘
1425,13:22:51,11.14,0.01,5,5570,买盘
1426,13:22:48,11.13,--,35,38955,卖盘
1427,13:22:42,11.13,-0.01,14,15582,卖盘
1428,13:22:39,11.14,--,65,72410,买盘
1429,13:22:36,11.14,--,29,32306,买盘
1430,13:22:33,11.14,0.04,77,85778,买盘
1431,13:22:30,11.1,--,363,402930,卖盘
1432,13:22:27,11.1,-0.04,1,1110,卖盘
1433,13:22:21,11.14,0.04,24,26736,买盘
1434,13:22:18,11.1,-0.04,200,222000,卖盘
1435,13:22:12,11.14,--,10,11140,买盘
1436,13:22:09,11.14,0.02,65,72410,买盘
1437,13:22:06,11.12,-0.02,7,7783,买盘
1438,13:22:03,11.14,--,42,46788,买盘
1439,13:22:00,11.14,--,1,1114,买盘
1440,13:21:57,11.14,--,2,2228,买盘
1441,13:21:51,11.14,--,5,5570,买盘
1442,13:21:48,11.14,0.04,19,21166,买盘
1443,13:21:45,11.1,-0.01,143,158730,卖盘
1444,13:21:42,11.11,--,12,13332,买盘
1445,13:21:39,11.11,--,60,66660,卖盘
1446,13:21:36,11.11,-0.01,104,115544,卖盘
1447,13:21:33,11.12,--,54,60047,买盘
1448,13:21:30,11.12,-0.01,107,118983,卖盘
1449,13:21:24,11.13,-0.01,32,35616,买盘
1450,13:21:21,11.14,--,300,334200,买盘
1451,13:21:12,11.14,--,5,5570,买盘
1452,13:21:09,11.14,--,8,8912,买盘
1453,13:21:06,11.14,0.03,23,25622,买盘
1454,13:21:03,11.11,-0.02,190,211090,卖盘
1455,13:20:57,11.13,--,4,4452,买盘
1456,13:20:51,11.13,-0.01,2,2226,中性盘
1457,13:20:39,11.14,--,4,4456,买盘
1458,13:20:36,11.14,--,15,16710,买盘
1459,13:20:33,11.14,0.02,136,151504,买盘
1460,13:20:30,11.12,--,340,378080,买盘
1461,13:20:27,11.12,-0.01,8,8896,卖盘
1462,13:20:24,11.13,-0.01,1,1113,中性盘
1463,13:20:18,11.14,0.02,16,17824,买盘
1464,13:20:15,11.12,-0.01,90,100080,卖盘
1465,13:20:12,11.13,--,99,110187,买盘
1466,13:20:09,11.13,--,4,4452,买盘
1467,13:20:06,11.13,0.01,12,13356,买盘
1468,13:20:03,11.12,--,58,64495,卖盘
1469,13:20:00,11.12,-0.01,64,71168,卖盘
1470,13:19:57,11.13,--,11,12243,买盘
1471,13:19:54,11.13,--,9,10017,买盘
1472,13:19:51,11.13,--,14,15582,买盘
1473,13:19:42,11.13,--,1,1113,买盘
1474,13:19:39,11.13,0.01,3,3339,买盘
1475,13:19:36,11.12,--,36,40032,卖盘
1476,13:19:33,11.12,--,128,142336,卖盘
1477,13:19:30,11.12,0.01,69,76728,买盘
1478,13:19:27,11.11,-0.01,3,3333,卖盘
1479,13:19:21,11.12,0.01,5,5560,买盘
1480,13:19:18,11.11,-0.01,11,12221,卖盘
1481,13:19:12,11.12,--,6,6671,买盘
1482,13:19:09,11.12,--,30,33360,买盘
1483,13:19:06,11.12,--,18,20016,买盘
1484,13:19:03,11.12,--,161,179032,买盘
1485,13:18:57,11.12,0.01,17,18904,买盘
1486,13:18:54,11.11,-0.01,151,167761,卖盘
1487,13:18:51,11.12,--,14,15567,买盘
1488,13:18:48,11.12,--,82,91184,买盘
1489,13:18:45,11.12,0.01,34,37808,买盘
1490,13:18:42,11.11,-0.01,4,4444,卖盘
1491,13:18:39,11.12,0.01,19,21128,买盘
1492,13:18:36,11.11,-0.01,133,147763,卖盘
1493,13:18:33,11.12,0.02,981,1090872,买盘
1494,13:18:30,11.1,-0.01,125,138750,卖盘
1495,13:18:27,11.11,0.01,150,166650,买盘
1496,13:18:21,11.1,--,31,34410,卖盘
1497,13:18:18,11.1,--,135,149850,卖盘
1498,13:18:15,11.1,-0.01,20,22200,卖盘
1499,13:18:12,11.11,--,3,3333,买盘
1500,13:18:09,11.11,--,11,12221,买盘
1501,13:18:06,11.11,0.02,105,116655,买盘
1502,13:18:03,11.09,-0.01,66,73194,卖盘
1503,13:18:00,11.1,--,14,15540,买盘
1504,13:17:57,11.1,--,115,127650,买盘
1505,13:17:54,11.1,--,248,275280,买盘
1506,13:17:51,11.1,--,22,24420,买盘
1507,13:17:48,11.1,--,218,241980,卖盘
1508,13:17:45,11.1,-0.01,300,333000,卖盘
1509,13:17:42,11.11,--,6,6666,买盘
1510,13:17:39,11.11,--,34,37774,买盘
1511,13:17:36,11.11,--,17,18887,买盘
1512,13:17:33,11.11,--,38,42218,买盘
1513,13:17:30,11.11,0.01,33,36663,买盘
1514,13:17:27,11.1,-0.01,61,67710,卖盘
1515,13:17:24,11.11,--,9,9999,买盘
1516,13:17:21,11.11,--,27,29997,买盘
1517,13:17:15,11.11,--,2,2222,买盘
1518,13:17:12,11.11,--,7,7777,买盘
1519,13:17:09,11.11,0.01,44,48884,买盘
1520,13:17:06,11.1,-0.01,16,17760,卖盘
1521,13:17:03,11.11,0.01,41,45551,买盘
1522,13:17:00,11.1,-0.01,10,11100,卖盘
1523,13:16:57,11.11,0.01,11,12221,买盘
1524,13:16:54,11.1,-0.01,61,67710,卖盘
1525,13:16:51,11.11,-0.01,1,1111,卖盘
1526,13:16:48,11.12,0.01,6,6671,买盘
1527,13:16:42,11.11,--,11,12221,买盘
1528,13:16:39,11.11,-0.01,4,4444,买盘
1529,13:16:36,11.12,--,11,12232,买盘
1530,13:16:33,11.12,0.02,105,116759,买盘
1531,13:16:30,11.1,-0.01,648,719280,卖盘
1532,13:16:27,11.11,--,5,5555,买盘
1533,13:16:24,11.11,-0.01,12,13332,买盘
1534,13:16:21,11.12,0.02,114,126767,买盘
1535,13:16:18,11.1,-0.02,182,202020,卖盘
1536,13:16:15,11.12,--,7,7783,买盘
1537,13:16:09,11.12,--,3,3335,买盘
1538,13:16:06,11.12,--,8,8896,买盘
1539,13:16:03,11.12,--,38,42256,买盘
1540,13:15:54,11.12,--,6,6671,买盘
1541,13:15:51,11.12,0.02,10,11120,买盘
1542,13:15:48,11.1,-0.02,69,76590,卖盘
1543,13:15:39,11.12,0.02,3,3335,买盘
1544,13:15:36,11.1,-0.02,22,24420,卖盘
1545,13:15:33,11.12,--,4,4448,买盘
1546,13:15:30,11.12,--,26,28911,买盘
1547,13:15:24,11.12,0.02,14,15567,买盘
1548,13:15:21,11.1,-0.02,70,77700,卖盘
1549,13:15:15,11.12,--,5,5560,买盘
1550,13:15:12,11.12,--,4,4448,买盘
1551,13:15:06,11.12,--,14,15567,买盘
1552,13:15:03,11.12,--,5,5560,买盘
1553,13:15:00,11.12,--,20,22240,买盘
1554,13:14:57,11.12,--,7,7783,买盘
1555,13:14:54,11.12,0.02,13,14455,买盘
1556,13:14:51,11.1,-0.02,9,9990,卖盘
1557,13:14:48,11.12,0.02,14,15567,买盘
1558,13:14:45,11.1,-0.01,61,67710,卖盘
1559,13:14:42,11.11,-0.01,16,17776,卖盘
1560,13:14:39,11.12,--,8,8896,买盘
1561,13:14:36,11.12,--,10,11120,买盘
1562,13:14:33,11.12,--,62,68944,买盘
1563,13:14:30,11.12,0.02,22,24464,买盘
1564,13:14:24,11.1,-0.01,10,11100,卖盘
1565,13:14:21,11.11,--,50,55550,卖盘
1566,13:14:15,11.11,--,21,23331,买盘
1567,13:14:09,11.11,--,4,4444,买盘
1568,13:14:06,11.11,0.01,5,5555,中性盘
1569,13:14:03,11.1,0.01,40,44400,中性盘
1570,13:14:00,11.09,-0.03,356,394804,卖盘
1571,13:13:51,11.12,--,10,11120,买盘
1572,13:13:48,11.12,--,10,11120,买盘
1573,13:13:45,11.12,0.02,88,97856,买盘
1574,13:13:42,11.1,-0.01,20,22200,卖盘
1575,13:13:39,11.11,0.01,26,28886,买盘
1576,13:13:36,11.1,--,101,112110,买盘
1577,13:13:33,11.1,-0.01,950,1054500,卖盘
1578,13:13:30,11.11,0.01,111,123321,买盘
1579,13:13:27,11.1,-0.01,86,95460,卖盘
1580,13:13:24,11.11,--,18,19998,买盘
1581,13:13:21,11.11,--,6,6666,买盘
1582,13:13:12,11.11,--,3,3333,买盘
1583,13:13:09,11.11,0.01,24,26664,买盘
1584,13:13:06,11.1,--,60,66600,卖盘
1585,13:13:00,11.1,--,10,11100,卖盘
1586,13:12:57,11.1,-0.01,76,84360,卖盘
1587,13:12:48,11.11,--,1,1111,买盘
1588,13:12:45,11.11,--,10,11110,买盘
1589,13:12:42,11.11,--,1,1111,买盘
1590,13:12:39,11.11,--,4,4444,买盘
1591,13:12:36,11.11,--,10,11110,买盘
1592,13:12:30,11.11,--,170,188870,卖盘
1593,13:12:27,11.11,--,74,82214,卖盘
1594,13:12:24,11.11,--,100,111100,卖盘
1595,13:12:15,11.11,--,299,332189,卖盘
1596,13:12:12,11.11,--,44,48884,买盘
1597,13:12:06,11.11,-0.01,320,355520,卖盘
1598,13:12:03,11.12,--,5,5560,买盘
1599,13:11:57,11.12,0.01,76,84512,买盘
1600,13:11:54,11.11,--,20,22220,卖盘
1601,13:11:48,11.11,-0.01,218,242198,卖盘
1602,13:11:45,11.12,0.01,5,5560,买盘
1603,13:11:42,11.11,-0.01,21,23331,卖盘
1604,13:11:39,11.12,0.01,4,4448,买盘
1605,13:11:36,11.11,-0.01,23,25553,卖盘
1606,13:11:33,11.12,--,20,22240,买盘
1607,13:11:30,11.12,--,25,27799,买盘
1608,13:11:27,11.12,--,40,44480,卖盘
1609,13:11:21,11.12,--,106,117871,卖盘
1610,13:11:18,11.12,--,80,88960,卖盘
1611,13:11:15,11.12,-0.01,4,4448,卖盘
1612,13:11:09,11.13,--,115,127995,买盘
1613,13:10:57,11.13,--,75,83475,卖盘
1614,13:10:54,11.13,-0.01,84,93492,卖盘
1615,13:10:48,11.14,0.01,30,33420,买盘
1616,13:10:45,11.13,--,1063,1183119,卖盘
1617,13:10:42,11.13,--,136,151368,买盘
1618,13:10:39,11.13,--,13,14469,买盘
1619,13:10:33,11.13,-0.01,75,83475,卖盘
1620,13:10:30,11.14,--,676,753064,买盘
1621,13:10:27,11.14,0.01,220,245080,买盘
1622,13:10:24,11.13,-0.01,66,73458,卖盘
1623,13:10:21,11.14,0.01,1,1114,买盘
1624,13:10:15,11.13,-0.01,13,14469,卖盘
1625,13:10:12,11.14,--,9,10026,买盘
1626,13:10:09,11.14,--,4,4456,买盘
1627,13:10:06,11.14,0.02,48,53472,买盘
1628,13:10:03,11.12,-0.01,162,180144,卖盘
1629,13:10:00,11.13,--,15,16695,买盘
1630,13:09:54,11.13,--,41,45633,卖盘
1631,13:09:51,11.13,-0.01,291,323883,卖盘
1632,13:09:48,11.14,--,10,11140,买盘
1633,13:09:45,11.14,--,20,22280,买盘
1634,13:09:42,11.14,-0.01,163,181582,卖盘
1635,13:09:39,11.15,0.01,3,3345,买盘
1636,13:09:36,11.14,0.01,320,356480,买盘
1637,13:09:33,11.13,-0.01,5,5565,卖盘
1638,13:09:30,11.14,0.02,26,28964,买盘
1639,13:09:27,11.12,-0.01,32,35584,卖盘
1640,13:09:24,11.13,--,56,62328,卖盘
1641,13:09:21,11.13,--,32,35616,卖盘
1642,13:09:18,11.13,--,8,8904,买盘
1643,13:09:15,11.13,--,40,44520,买盘
1644,13:09:12,11.13,--,5,5565,买盘
1645,13:09:09,11.13,--,12,13356,卖盘
1646,13:09:06,11.13,--,3,3339,卖盘
1647,13:08:57,11.13,-0.01,6,6678,卖盘
1648,13:08:54,11.14,0.01,84,93576,买盘
1649,13:08:51,11.13,-0.01,112,124656,卖盘
1650,13:08:48,11.14,0.01,159,177126,买盘
1651,13:08:45,11.13,-0.01,6,6678,卖盘
1652,13:08:39,11.14,0.01,3,3342,买盘
1653,13:08:36,11.13,-0.01,9,10017,卖盘
1654,13:08:30,11.14,0.01,23,25622,买盘
1655,13:08:27,11.13,-0.01,5,5565,卖盘
1656,13:08:24,11.14,0.01,8,8912,买盘
1657,13:08:18,11.13,--,9,10017,卖盘
1658,13:08:12,11.13,-0.01,50,55650,卖盘
1659,13:08:09,11.14,--,46,51244,买盘
1660,13:08:06,11.14,--,81,90234,卖盘
1661,13:08:03,11.14,--,125,139250,卖盘
1662,13:08:00,11.14,--,15,16710,卖盘
1663,13:07:54,11.14,--,31,34534,卖盘
1664,13:07:48,11.14,-0.01,75,83550,卖盘
1665,13:07:39,11.15,--,9,10035,买盘
1666,13:07:33,11.15,--,2,2230,买盘
1667,13:07:30,11.15,--,42,46830,卖盘
1668,13:07:27,11.15,-0.01,2,2230,卖盘
1669,13:07:24,11.16,--,5,5580,买盘
1670,13:07:18,11.16,--,20,22320,买盘
1671,13:07:15,11.16,0.01,18,20088,买盘
1672,13:07:12,11.15,-0.01,335,373525,卖盘
1673,13:07:09,11.16,0.01,3,3348,买盘
1674,13:07:06,11.15,-0.01,1,1115,卖盘
1675,13:07:03,11.16,--,80,89280,买盘
1676,13:07:00,11.16,0.01,215,239940,买盘
1677,13:06:57,11.15,-0.01,120,133800,卖盘
1678,13:06:54,11.16,--,1,1116,买盘
1679,13:06:51,11.16,--,4,4464,买盘
1680,13:06:48,11.16,--,9,10044,买盘
1681,13:06:45,11.16,--,10,11160,买盘
1682,13:06:39,11.16,--,47,52452,卖盘
1683,13:06:36,11.16,--,35,39060,卖盘
1684,13:06:33,11.16,--,75,83700,卖盘
1685,13:06:30,11.16,--,70,78120,卖盘
1686,13:06:27,11.16,--,298,332568,卖盘
1687,13:06:24,11.16,--,4,4464,卖盘
1688,13:06:21,11.16,--,11,12276,卖盘
1689,13:06:15,11.16,--,6,6696,卖盘
1690,13:06:12,11.16,--,586,653976,买盘
1691,13:06:09,11.16,0.01,3,3348,买盘
1692,13:06:06,11.15,-0.01,39,43485,卖盘
1693,13:06:03,11.16,--,57,63612,买盘
1694,13:06:00,11.16,0.01,52,58032,买盘
1695,13:05:57,11.15,--,3,3345,卖盘
1696,13:05:54,11.15,--,11,12265,卖盘
1697,13:05:51,11.15,-0.01,20,22300,卖盘
1698,13:05:45,11.16,0.01,10,11160,买盘
1699,13:05:39,11.15,-0.01,37,41255,卖盘
1700,13:05:36,11.16,--,22,24552,卖盘
1701,13:05:33,11.16,-0.01,283,315828,卖盘
1702,13:05:30,11.17,0.01,136,151912,买盘
1703,13:05:27,11.16,-0.01,576,642816,卖盘
1704,13:05:24,11.17,0.01,24,26808,买盘
1705,13:05:21,11.16,--,187,208692,卖盘
1706,13:05:18,11.16,--,12,13392,卖盘
1707,13:05:15,11.16,-0.01,43,47988,卖盘
1708,13:05:12,11.17,0.01,1,1117,买盘
1709,13:05:09,11.16,-0.01,76,84816,卖盘
1710,13:05:06,11.17,0.01,26,29042,买盘
1711,13:05:03,11.16,--,52,58032,卖盘
1712,13:05:00,11.16,-0.01,20,22320,卖盘
1713,13:04:57,11.17,0.01,113,126221,买盘
1714,13:04:54,11.16,-0.01,46,51336,买盘
1715,13:04:51,11.17,0.01,6,6702,买盘
1716,13:04:48,11.16,--,229,255564,卖盘
1717,13:04:45,11.16,--,327,364932,买盘
1718,13:04:42,11.16,-0.01,396,441936,卖盘
1719,13:04:39,11.17,0.01,120,134040,买盘
1720,13:04:36,11.16,--,8,8928,卖盘
1721,13:04:33,11.16,-0.01,150,167400,卖盘
1722,13:04:30,11.17,0.01,21,23457,买盘
1723,13:04:27,11.16,--,1,1116,卖盘
1724,13:04:24,11.16,--,1714,1912824,买盘
1725,13:04:21,11.16,--,70,78120,买盘
1726,13:04:18,11.16,--,48,53568,卖盘
1727,13:04:15,11.16,0.01,155,172980,买盘
1728,13:04:12,11.15,--,6,6690,卖盘
1729,13:04:09,11.15,-0.01,850,947750,卖盘
1730,13:04:06,11.16,--,5,5580,买盘
1731,13:04:03,11.16,--,3,3348,买盘
1732,13:04:00,11.16,-0.01,780,870881,卖盘
1733,13:03:57,11.17,--,96,107232,买盘
1734,13:03:54,11.17,--,24,26808,买盘
1735,13:03:48,11.17,-0.01,194,217669,卖盘
1736,13:03:45,11.18,0.01,25,27950,买盘
1737,13:03:42,11.17,-0.01,203,226751,卖盘
1738,13:03:39,11.18,--,39,43602,买盘
1739,13:03:36,11.18,0.01,409,457262,买盘
1740,13:03:33,11.17,--,207,231219,卖盘
1741,13:03:30,11.17,-0.01,191,213347,卖盘
1742,13:03:27,11.18,0.01,139,155402,买盘
1743,13:03:21,11.17,--,10,11170,卖盘
1744,13:03:18,11.17,--,142,158614,卖盘
1745,13:03:15,11.17,--,23,25691,卖盘
1746,13:03:12,11.17,--,5,5585,卖盘
1747,13:03:09,11.17,--,31,34627,卖盘
1748,13:03:06,11.17,--,73,81541,卖盘
1749,13:03:03,11.17,-0.01,105,117285,卖盘
1750,13:02:57,11.18,0.01,5,5590,买盘
1751,13:02:54,11.17,--,5,5585,卖盘
1752,13:02:51,11.17,--,622,694919,买盘
1753,13:02:48,11.17,0.01,1,1117,买盘
1754,13:02:45,11.16,-0.01,10,11160,卖盘
1755,13:02:42,11.17,--,30,33510,买盘
1756,13:02:39,11.17,0.01,1235,1379495,买盘
1757,13:02:36,11.16,--,13,14508,卖盘
1758,13:02:33,11.16,--,65,72540,卖盘
1759,13:02:30,11.16,--,29,32364,卖盘
1760,13:02:27,11.16,-0.01,24,26784,卖盘
1761,13:02:24,11.17,--,40,44680,买盘
1762,13:02:21,11.17,--,10,11170,买盘
1763,13:02:18,11.17,--,16,17872,买盘
1764,13:02:15,11.17,0.01,6,6702,买盘
1765,13:02:12,11.16,-0.02,25,27900,卖盘
1766,13:02:09,11.18,0.01,41,46553,买盘
1767,13:02:06,11.17,--,80,89360,买盘
1768,13:02:03,11.17,0.01,56,62552,买盘
1769,13:02:00,11.16,-0.01,112,124992,卖盘
1770,13:01:54,11.17,--,10,11170,买盘
1771,13:01:51,11.17,--,14,15638,买盘
1772,13:01:45,11.17,--,43,48031,买盘
1773,13:01:42,11.17,--,56,62552,买盘
1774,13:01:39,11.17,--,9,10053,买盘
1775,13:01:36,11.17,--,1011,1129287,买盘
1776,13:01:33,11.17,--,688,768496,买盘
1777,13:01:30,11.17,--,44,49148,买盘
1778,13:01:27,11.17,0.01,882,985194,买盘
1779,13:01:24,11.16,0.01,2,2232,买盘
1780,13:01:21,11.15,-0.01,143,159445,卖盘
1781,13:01:18,11.16,--,25,27900,买盘
1782,13:01:12,11.16,--,55,61380,买盘
1783,13:01:09,11.16,0.01,3,3348,买盘
1784,13:01:03,11.15,0.01,2611,2911265,买盘
1785,13:01:00,11.14,--,73,81322,买盘
1786,13:00:57,11.14,0.01,135,150390,买盘
1787,13:00:48,11.13,-0.01,12,13356,卖盘
1788,13:00:45,11.14,--,172,191608,买盘
1789,13:00:42,11.14,--,134,149276,买盘
1790,13:00:39,11.14,0.01,37,41218,买盘
1791,13:00:36,11.13,--,219,243747,卖盘
1792,13:00:33,11.13,--,1,1113,卖盘
1793,13:00:24,11.13,--,41,45633,买盘
1794,13:00:18,11.13,--,6,6678,买盘
1795,13:00:12,11.13,--,442,491946,买盘
1796,13:00:09,11.13,--,61,67893,买盘
1797,13:00:06,11.13,0.01,590,656670,买盘
1798,13:00:03,11.12,--,1384,1539008,卖盘
1799,13:00:00,11.12,--,945,1050840,买盘
1800,11:30:00,11.12,0.01,55,61159,买盘
1801,11:29:57,11.11,-0.01,11,12221,卖盘
1802,11:29:54,11.12,--,63,70056,买盘
1803,11:29:51,11.12,0.01,41,45592,买盘
1804,11:29:48,11.11,-0.01,8,8888,卖盘
1805,11:29:45,11.12,0.01,10,11120,买盘
1806,11:29:42,11.11,--,15,16665,卖盘
1807,11:29:39,11.11,0.01,65,72215,买盘
1808,11:29:36,11.1,-0.01,11,12210,卖盘
1809,11:29:33,11.11,0.01,4,4444,中性盘
1810,11:29:30,11.1,-0.01,37,41070,卖盘
1811,11:29:24,11.11,0.01,10,11110,买盘
1812,11:29:21,11.1,-0.02,15,16650,卖盘
1813,11:29:18,11.12,0.02,1861,2069431,买盘
1814,11:29:15,11.1,--,33,36630,买盘
1815,11:29:09,11.1,--,111,123210,买盘
1816,11:29:06,11.1,--,20,22200,买盘
1817,11:29:00,11.1,--,4,4440,买盘
1818,11:28:57,11.1,--,1,1110,买盘
1819,11:28:51,11.1,--,17,18870,买盘
1820,11:28:48,11.1,-0.01,4,4440,买盘
1821,11:28:45,11.11,0.01,50,55550,买盘
1822,11:28:42,11.1,--,4,4440,买盘
1823,11:28:39,11.1,--,190,210900,卖盘
1824,11:28:33,11.1,-0.01,210,233100,卖盘
1825,11:28:30,11.11,--,28,31108,买盘
1826,11:28:27,11.11,0.01,49,54439,买盘
1827,11:28:24,11.1,-0.01,15,16650,卖盘
1828,11:28:18,11.11,--,20,22220,买盘
1829,11:28:12,11.11,--,10,11110,买盘
1830,11:28:09,11.11,0.01,3,3333,中性盘
1831,11:28:03,11.1,-0.02,52,57720,卖盘
1832,11:28:00,11.12,0.02,2152,2393024,买盘
1833,11:27:57,11.1,--,20,22200,买盘
1834,11:27:54,11.1,--,36,39960,买盘
1835,11:27:51,11.1,--,22,24420,买盘
1836,11:27:45,11.1,-0.01,109,120990,卖盘
1837,11:27:42,11.11,--,30,33330,买盘
1838,11:27:39,11.11,--,4,4444,买盘
1839,11:27:33,11.11,--,4,4444,买盘
1840,11:27:30,11.11,0.01,102,113322,买盘
1841,11:27:27,11.1,-0.01,20,22200,卖盘
1842,11:27:24,11.11,0.01,16,17776,买盘
1843,11:27:21,11.1,--,3,3330,卖盘
1844,11:27:18,11.1,-0.01,20,22200,卖盘
1845,11:27:15,11.11,--,286,317746,买盘
1846,11:27:12,11.11,--,57,63327,买盘
1847,11:27:09,11.11,0.01,15,16665,买盘
1848,11:27:03,11.1,--,4,4440,卖盘
1849,11:27:00,11.1,--,3,3330,卖盘
1850,11:26:57,11.1,--,14,15540,买盘
1851,11:26:54,11.1,--,88,97680,卖盘
1852,11:26:51,11.1,-0.01,10,11100,卖盘
1853,11:26:48,11.11,0.01,17,18887,买盘
1854,11:26:45,11.1,--,309,342990,买盘
1855,11:26:42,11.1,--,184,204240,买盘
1856,11:26:39,11.1,--,48,53280,买盘
1857,11:26:30,11.1,--,33,36630,买盘
1858,11:26:27,11.1,--,84,93240,买盘
1859,11:26:24,11.1,--,21,23310,买盘
1860,11:26:21,11.1,--,302,335220,买盘
1861,11:26:18,11.1,--,524,581640,买盘
1862,11:26:15,11.1,0.01,200,222000,买盘
1863,11:26:12,11.09,-0.01,5,5545,卖盘
1864,11:26:09,11.1,--,32,35520,买盘
1865,11:26:06,11.1,--,5,5550,买盘
1866,11:26:03,11.1,--,17,18870,买盘
1867,11:25:57,11.1,--,16,17760,买盘
1868,11:25:54,11.1,0.01,707,784770,买盘
1869,11:25:51,11.09,--,10,11090,买盘
1870,11:25:48,11.09,-0.01,270,299430,卖盘
1871,11:25:45,11.1,--,21,23310,买盘
1872,11:25:42,11.1,--,3,3330,买盘
1873,11:25:39,11.1,--,270,299700,买盘
1874,11:25:36,11.1,--,81,89910,买盘
1875,11:25:33,11.1,--,396,439560,买盘
1876,11:25:30,11.1,--,39,43290,买盘
1877,11:25:27,11.1,0.01,2328,2584080,买盘
1878,11:25:15,11.09,--,3,3327,卖盘
1879,11:25:12,11.09,--,5,5545,卖盘
1880,11:25:09,11.09,0.01,1629,1807215,买盘
1881,11:25:06,11.08,-0.01,1,1108,卖盘
1882,11:25:03,11.09,0.01,110,121990,买盘
1883,11:24:57,11.08,--,84,93072,卖盘
1884,11:24:54,11.08,-0.01,2,2216,卖盘
1885,11:24:39,11.09,0.01,658,729722,买盘
1886,11:24:36,11.08,--,15,16620,买盘
1887,11:24:33,11.08,--,4,4432,买盘
1888,11:24:30,11.08,0.01,26,28808,买盘
1889,11:24:27,11.07,-0.01,18,19926,卖盘
1890,11:24:18,11.08,--,8,8864,买盘
1891,11:24:15,11.08,0.01,84,93072,买盘
1892,11:24:12,11.07,-0.01,5,5535,卖盘
1893,11:24:09,11.08,--,4,4432,买盘
1894,11:24:00,11.08,--,17,18836,买盘
1895,11:23:51,11.08,0.01,8,8864,买盘
1896,11:23:45,11.07,-0.01,32,35424,卖盘
1897,11:23:42,11.08,--,4,4432,买盘
1898,11:23:39,11.08,--,3,3324,买盘
1899,11:23:33,11.08,--,77,85316,买盘
1900,11:23:30,11.08,0.01,24,26592,买盘
1901,11:23:27,11.07,-0.01,10,11070,卖盘
1902,11:23:24,11.08,--,20,22160,买盘
1903,11:23:15,11.08,0.01,5,5540,买盘
1904,11:23:12,11.07,-0.01,22,24354,卖盘
1905,11:23:09,11.08,0.01,3,3324,买盘
1906,11:23:00,11.07,--,24,26568,卖盘
1907,11:22:54,11.07,-0.01,50,55350,卖盘
1908,11:22:39,11.08,--,4,4432,买盘
1909,11:22:33,11.08,0.01,6,6648,买盘
1910,11:22:30,11.07,-0.01,22,24354,卖盘
1911,11:22:27,11.08,--,10,11080,买盘
1912,11:22:24,11.08,--,20,22160,买盘
1913,11:22:21,11.08,--,44,48752,卖盘
1914,11:22:18,11.08,--,2,2216,买盘
1915,11:22:15,11.08,-0.01,1,1108,中性盘
1916,11:22:09,11.09,0.01,32,35488,买盘
1917,11:22:06,11.08,--,10,11080,卖盘
1918,11:22:03,11.08,--,5,5540,卖盘
1919,11:22:00,11.08,--,41,45428,买盘
1920,11:21:54,11.08,--,78,86424,中性盘
1921,11:21:51,11.08,--,5,5540,卖盘
1922,11:21:48,11.08,-0.01,10,11080,中性盘
1923,11:21:39,11.09,--,4,4436,买盘
1924,11:21:36,11.09,0.01,10,11090,买盘
1925,11:21:30,11.08,--,22,24376,买盘
1926,11:21:27,11.08,--,41,45428,卖盘
1927,11:21:24,11.08,--,50,55400,卖盘
1928,11:21:18,11.08,-0.01,40,44320,卖盘
1929,11:21:15,11.09,0.01,6,6654,买盘
1930,11:21:12,11.08,-0.01,30,33240,卖盘
1931,11:21:09,11.09,0.01,5,5545,买盘
1932,11:21:06,11.08,--,60,66480,卖盘
1933,11:21:03,11.08,-0.01,13,14404,卖盘
1934,11:20:57,11.09,--,6,6654,买盘
1935,11:20:54,11.09,0.01,66,73194,买盘
1936,11:20:51,11.08,--,10,11080,卖盘
1937,11:20:48,11.08,--,15,16620,卖盘
1938,11:20:45,11.08,-0.01,100,110800,卖盘
1939,11:20:39,11.09,0.01,5,5545,买盘
1940,11:20:36,11.08,-0.01,5,5540,卖盘
1941,11:20:33,11.09,--,1,1109,买盘
1942,11:20:30,11.09,0.01,29,32161,买盘
1943,11:20:27,11.08,--,10,11080,买盘
1944,11:20:24,11.08,--,12,13296,买盘
1945,11:20:15,11.08,-0.01,112,124096,中性盘
1946,11:20:12,11.09,--,9,9981,买盘
1947,11:20:09,11.09,0.01,7,8217,买盘
1948,11:20:06,11.08,--,30,33893,买盘
1949,11:20:03,11.08,--,67,74236,买盘
1950,11:19:57,11.08,--,127,141170,卖盘
1951,11:19:54,11.08,--,235,261255,卖盘
1952,11:19:51,11.08,--,20,22160,卖盘
1953,11:19:48,11.08,-0.01,10,11080,卖盘
1954,11:19:45,11.09,--,8,8872,买盘
1955,11:19:42,11.09,--,15,16635,买盘
1956,11:19:39,11.09,0.01,3,3327,买盘
1957,11:19:36,11.08,-0.01,4,4432,卖盘
1958,11:19:30,11.09,0.01,37,41033,买盘
1959,11:19:24,11.08,-0.01,10,11080,卖盘
1960,11:19:21,11.09,0.01,87,96483,买盘
1961,11:19:18,11.08,-0.01,22,24376,卖盘
1962,11:19:09,11.09,--,30,33270,买盘
1963,11:19:03,11.09,--,1,1109,买盘
1964,11:18:57,11.09,--,23,25507,买盘
1965,11:18:54,11.09,--,50,55450,买盘
1966,11:18:51,11.09,0.01,1,1109,买盘
1967,11:18:48,11.08,--,3,3324,卖盘
1968,11:18:45,11.08,-0.01,10,11080,卖盘
1969,11:18:42,11.09,--,50,55450,买盘
1970,11:18:39,11.09,--,32,35488,买盘
1971,11:18:36,11.09,0.01,4,4436,买盘
1972,11:18:33,11.08,-0.01,5,5540,卖盘
1973,11:18:27,11.09,--,140,155260,买盘
1974,11:18:21,11.09,0.01,259,288118,买盘
1975,11:18:18,11.08,--,5,5540,买盘
1976,11:18:15,11.08,--,20,22160,买盘
1977,11:18:12,11.08,--,7,7756,买盘
1978,11:18:09,11.08,--,3,3324,买盘
1979,11:18:06,11.08,0.01,1,1108,买盘
1980,11:18:03,11.07,-0.01,9,9963,卖盘
1981,11:18:00,11.08,--,9,9972,买盘
1982,11:17:57,11.08,0.01,3,3324,买盘
1983,11:17:54,11.07,--,13,14391,卖盘
1984,11:17:48,11.07,--,100,110700,卖盘
1985,11:17:45,11.07,-0.01,17,18819,卖盘
1986,11:17:39,11.08,0.01,132,146256,买盘
1987,11:17:36,11.07,--,10,11070,卖盘
1988,11:17:33,11.07,--,10,11070,卖盘
1989,11:17:30,11.07,-0.01,10,11070,卖盘
1990,11:17:27,11.08,0.01,10,11080,买盘
1991,11:17:24,11.07,-0.01,20,22140,卖盘
1992,11:17:18,11.08,0.01,2,2216,买盘
1993,11:17:12,11.07,-0.01,5,5535,买盘
1994,11:17:09,11.08,--,3,3324,买盘
1995,11:17:06,11.08,0.01,2001,2217108,买盘
1996,11:17:03,11.07,--,86,95202,买盘
1997,11:17:00,11.07,--,2,2214,买盘
1998,11:16:57,11.07,0.01,11,12177,买盘
1999,11:16:54,11.06,--,20,22120,买盘
2000,11:16:51,11.06,--,10,11060,买盘
2001,11:16:48,11.06,--,22,24332,卖盘
2002,11:16:45,11.06,--,31,34286,买盘
2003,11:16:39,11.06,--,165,182490,卖盘
2004,11:16:36,11.06,--,12,13272,卖盘
2005,11:16:33,11.06,--,21,23226,卖盘
2006,11:16:27,11.06,--,18,19908,卖盘
2007,11:16:21,11.06,--,12,13272,卖盘
2008,11:16:18,11.06,--,6,6636,卖盘
2009,11:16:15,11.06,-0.01,50,55300,卖盘
2010,11:16:09,11.07,0.01,5,5535,买盘
2011,11:16:03,11.06,-0.01,2,2212,卖盘
2012,11:15:54,11.07,--,10,11070,买盘
2013,11:15:51,11.07,--,35,38745,买盘
2014,11:15:45,11.07,0.01,10,11070,买盘
2015,11:15:42,11.06,-0.01,32,35392,卖盘
2016,11:15:39,11.07,0.01,3,3321,买盘
2017,11:15:36,11.06,-0.01,4,4424,卖盘
2018,11:15:33,11.07,--,507,561249,买盘
2019,11:15:30,11.07,0.01,5,5535,买盘
2020,11:15:27,11.06,-0.01,100,110600,卖盘
2021,11:15:24,11.07,--,1,1107,买盘
2022,11:15:21,11.07,0.01,1,1107,买盘
2023,11:15:15,11.06,-0.01,20,22120,卖盘
2024,11:15:09,11.07,0.01,9,9963,买盘
2025,11:15:06,11.06,-0.01,65,71890,中性盘
2026,11:15:00,11.07,0.01,36,39852,买盘
2027,11:14:57,11.06,-0.01,11,12166,中性盘
2028,11:14:51,11.07,0.02,1085,1201095,买盘
2029,11:14:48,11.05,-0.01,5,5525,卖盘
2030,11:14:45,11.06,--,18,19908,买盘
2031,11:14:39,11.06,--,103,113918,买盘
2032,11:14:36,11.06,0.01,62,68572,买盘
2033,11:14:30,11.05,-0.01,107,118235,卖盘
2034,11:14:27,11.06,--,91,100646,买盘
2035,11:14:24,11.06,--,102,112812,买盘
2036,11:14:21,11.06,--,54,59724,买盘
2037,11:14:18,11.06,--,895,989870,买盘
2038,11:14:15,11.06,0.01,23,25438,买盘
2039,11:14:12,11.05,-0.01,5,5525,卖盘
2040,11:14:09,11.06,--,12,13272,买盘
2041,11:14:03,11.06,--,22,24332,买盘
2042,11:13:57,11.06,--,30,33180,买盘
2043,11:13:51,11.06,--,32,35392,买盘
2044,11:13:48,11.06,--,20,22120,买盘
2045,11:13:45,11.06,--,2,2212,买盘
2046,11:13:42,11.06,--,1,1106,买盘
2047,11:13:39,11.06,--,3,3318,买盘
2048,11:13:33,11.06,0.01,3,3318,买盘
2049,11:13:30,11.05,--,13,14365,卖盘
2050,11:13:27,11.05,--,11,12155,卖盘
2051,11:13:24,11.05,--,5,5525,卖盘
2052,11:13:21,11.05,-0.01,4,4420,卖盘
2053,11:13:18,11.06,0.01,3,3318,买盘
2054,11:13:15,11.05,-0.01,40,44200,卖盘
2055,11:13:12,11.06,--,23,25438,买盘
2056,11:13:09,11.06,0.01,47,51982,买盘
2057,11:13:03,11.05,--,408,450840,买盘
2058,11:12:54,11.05,0.01,119,131495,买盘
2059,11:12:48,11.04,-0.01,10,11040,卖盘
2060,11:12:39,11.05,--,39,43095,买盘
2061,11:12:36,11.05,--,56,61880,卖盘
2062,11:12:30,11.05,--,54,60620,买盘
2063,11:12:27,11.05,--,2,2364,卖盘
2064,11:12:24,11.05,--,1,1105,卖盘
2065,11:12:21,11.05,--,2,2210,卖盘
2066,11:12:18,11.05,0.01,994,1099320,买盘
2067,11:12:12,11.04,--,37,40848,买盘
2068,11:12:09,11.04,--,3,3311,买盘
2069,11:12:06,11.04,0.01,2010,2219040,买盘
2070,11:12:00,11.03,-0.01,3,3309,卖盘
2071,11:11:57,11.04,0.01,2,2208,买盘
2072,11:11:51,11.03,--,17,18751,卖盘
2073,11:11:45,11.03,0.01,5,5515,中性盘
2074,11:11:42,11.02,-0.02,19,20938,卖盘
2075,11:11:39,11.04,0.02,2004,2212416,买盘
2076,11:11:27,11.02,--,41,45182,卖盘
2077,11:11:24,11.02,-0.01,338,372476,卖盘
2078,11:11:21,11.03,0.01,1,1103,买盘
2079,11:11:18,11.02,-0.01,3,3306,卖盘
2080,11:11:09,11.03,--,3,3309,买盘
2081,11:11:00,11.03,0.01,31,34193,买盘
2082,11:10:48,11.02,--,10,11020,卖盘
2083,11:10:42,11.02,-0.01,20,22040,卖盘
2084,11:10:39,11.03,0.01,53,58459,买盘
2085,11:10:33,11.02,-0.01,60,66120,卖盘
2086,11:10:30,11.03,0.01,44,48532,买盘
2087,11:10:27,11.02,-0.01,33,36366,卖盘
2088,11:10:18,11.03,--,2,2206,买盘
2089,11:10:15,11.03,--,1,1103,买盘
2090,11:10:09,11.03,--,4,4412,买盘
2091,11:10:06,11.03,--,83,91549,买盘
2092,11:09:57,11.03,--,23,25369,卖盘
2093,11:09:51,11.03,--,118,130153,卖盘
2094,11:09:48,11.03,--,15,16545,卖盘
2095,11:09:45,11.03,--,220,242660,卖盘
2096,11:09:42,11.03,--,293,323179,买盘
2097,11:09:39,11.03,0.01,3,3309,买盘
2098,11:09:24,11.02,-0.01,34,37468,卖盘
2099,11:09:21,11.03,--,14,15442,买盘
2100,11:09:15,11.03,--,62,68386,卖盘
2101,11:09:12,11.03,-0.01,5,5515,卖盘
2102,11:09:09,11.04,0.01,4,4416,买盘
2103,11:09:06,11.03,--,250,275750,卖盘
2104,11:09:03,11.03,-0.01,10,11030,卖盘
2105,11:09:00,11.04,0.01,265,292560,买盘
2106,11:08:57,11.03,--,232,255895,卖盘
2107,11:08:54,11.03,--,6,6618,卖盘
2108,11:08:45,11.03,--,4,4412,卖盘
2109,11:08:42,11.03,-0.01,9,9927,卖盘
2110,11:08:39,11.04,--,3,3311,买盘
2111,11:08:33,11.04,0.01,1,1104,买盘
2112,11:08:27,11.03,--,320,352960,卖盘
2113,11:08:24,11.03,--,3,3309,卖盘
2114,11:08:12,11.03,-0.01,38,41914,卖盘
2115,11:08:09,11.04,--,180,198719,卖盘
2116,11:08:06,11.04,0.01,293,323472,买盘
2117,11:08:00,11.03,--,230,253689,卖盘
2118,11:07:54,11.03,-0.01,8,8824,卖盘
2119,11:07:51,11.04,0.01,2,2208,中性盘
2120,11:07:42,11.03,-0.02,53,58459,卖盘
2121,11:07:39,11.05,0.01,347,383435,买盘
2122,11:07:36,11.04,--,243,268272,卖盘
2123,11:07:33,11.04,--,471,519983,卖盘
2124,11:07:30,11.04,--,10,11040,卖盘
2125,11:07:27,11.04,--,4,4416,卖盘
2126,11:07:18,11.04,--,19,20976,卖盘
2127,11:07:15,11.04,--,3,3311,卖盘
2128,11:07:12,11.04,-0.01,42,46368,卖盘
2129,11:07:09,11.05,0.02,89,98345,买盘
2130,11:07:06,11.03,--,32,35296,卖盘
2131,11:07:03,11.03,--,5,5515,卖盘
2132,11:06:54,11.03,-0.01,309,340827,卖盘
2133,11:06:51,11.04,-0.01,38,41952,卖盘
2134,11:06:48,11.05,0.01,3,4375,买盘
2135,11:06:45,11.04,--,38,41996,卖盘
2136,11:06:42,11.04,--,395,437139,买盘
2137,11:06:39,11.04,--,23,25391,买盘
2138,11:06:33,11.04,--,301,332348,卖盘
2139,11:06:30,11.04,-0.01,4,4416,卖盘
2140,11:06:27,11.05,0.01,604,667420,买盘
2141,11:06:24,11.04,--,1,1104,卖盘
2142,11:06:21,11.04,--,77,85008,卖盘
2143,11:06:18,11.04,--,329,364275,买盘
2144,11:06:12,11.04,--,8,8832,买盘
2145,11:06:09,11.04,--,3,3311,买盘
2146,11:06:06,11.04,--,404,446060,卖盘
2147,11:06:03,11.04,--,333,367632,卖盘
2148,11:06:00,11.04,--,148,163392,卖盘
2149,11:05:54,11.04,-0.01,5,5520,卖盘
2150,11:05:48,11.05,--,9,9945,买盘
2151,11:05:45,11.05,0.01,53,58565,买盘
2152,11:05:42,11.04,-0.01,20,22080,卖盘
2153,11:05:39,11.05,--,3,3315,买盘
2154,11:05:30,11.05,0.01,2,2210,买盘
2155,11:05:15,11.04,--,48,52991,卖盘
2156,11:05:12,11.04,-0.01,114,125855,卖盘
2157,11:05:09,11.05,--,7,8795,买盘
2158,11:05:06,11.05,0.01,20,22100,买盘
2159,11:05:03,11.04,--,598,660192,卖盘
2160,11:05:00,11.04,-0.01,244,269376,卖盘
2161,11:04:54,11.05,0.02,10,11050,买盘
2162,11:04:51,11.03,-0.01,400,441200,卖盘
2163,11:04:48,11.04,-0.01,240,264960,卖盘
2164,11:04:45,11.05,0.01,66,72930,买盘
2165,11:04:42,11.04,-0.01,20,22080,卖盘
2166,11:04:39,11.05,0.01,3,3315,买盘
2167,11:04:36,11.04,0.01,237,261647,买盘
2168,11:04:33,11.03,-0.01,30,33090,卖盘
2169,11:04:30,11.04,0.01,40,44160,买盘
2170,11:04:27,11.03,--,100,110300,卖盘
2171,11:04:24,11.03,--,73,80519,卖盘
2172,11:04:21,11.03,-0.01,31,34193,卖盘
2173,11:04:18,11.04,--,50,55199,买盘
2174,11:04:15,11.04,--,81,89424,买盘
2175,11:04:09,11.04,--,1004,1108416,买盘
2176,11:04:03,11.04,--,5,5520,买盘
2177,11:03:54,11.04,0.01,44,48575,买盘
2178,11:03:45,11.03,-0.01,44,48532,卖盘
2179,11:03:42,11.04,--,620,684480,买盘
2180,11:03:39,11.04,--,146,161184,买盘
2181,11:03:36,11.04,0.01,32,35328,买盘
2182,11:03:24,11.03,--,7,7721,卖盘
2183,11:03:21,11.03,-0.01,38,41914,卖盘
2184,11:03:18,11.04,0.01,1,1104,买盘
2185,11:03:12,11.03,-0.01,2,2206,卖盘
2186,11:03:09,11.04,0.01,7,7727,买盘
2187,11:03:06,11.03,-0.01,4,4412,卖盘
2188,11:03:03,11.04,0.01,16,17664,买盘
2189,11:03:00,11.03,--,17,18751,卖盘
2190,11:02:57,11.03,--,36,39708,卖盘
2191,11:02:54,11.03,--,5,5515,卖盘
2192,11:02:51,11.03,-0.01,55,60665,卖盘
2193,11:02:48,11.04,0.01,84,92736,买盘
2194,11:02:45,11.03,--,1,1103,卖盘
2195,11:02:42,11.03,-0.01,15,16545,卖盘
2196,11:02:39,11.04,--,4,4416,买盘
2197,11:02:36,11.04,0.01,15,16560,买盘
2198,11:02:33,11.03,--,4,4412,卖盘
2199,11:02:30,11.03,-0.01,2,2206,卖盘
2200,11:02:27,11.04,--,84,92736,买盘
2201,11:02:21,11.04,0.01,10,11040,买盘
2202,11:02:18,11.03,-0.01,75,82725,卖盘
2203,11:02:09,11.04,0.01,4,4416,买盘
2204,11:02:06,11.03,--,45,49635,卖盘
2205,11:02:00,11.03,--,132,145596,卖盘
2206,11:01:57,11.03,--,10,11030,卖盘
2207,11:01:54,11.03,-0.01,15,16545,卖盘
2208,11:01:51,11.04,0.01,2,2208,买盘
2209,11:01:42,11.03,-0.01,34,37502,卖盘
2210,11:01:39,11.04,0.01,5,5520,买盘
2211,11:01:36,11.03,--,13,14339,卖盘
2212,11:01:27,11.03,-0.01,53,58459,卖盘
2213,11:01:24,11.04,0.01,9,9936,买盘
2214,11:01:18,11.03,--,100,110300,卖盘
2215,11:01:12,11.03,-0.01,4,4412,卖盘
2216,11:01:09,11.04,0.01,51,56303,买盘
2217,11:01:06,11.03,--,30,33090,卖盘
2218,11:01:03,11.03,--,3,3309,卖盘
2219,11:01:00,11.03,--,10,11030,卖盘
2220,11:00:57,11.03,--,586,646358,卖盘
2221,11:00:51,11.03,--,28,30884,卖盘
2222,11:00:48,11.03,--,53,58459,卖盘
2223,11:00:45,11.03,-0.01,27,29781,卖盘
2224,11:00:42,11.04,--,2,2208,买盘
2225,11:00:39,11.04,0.01,8,8832,买盘
2226,11:00:33,11.03,-0.01,10,11030,卖盘
2227,11:00:30,11.04,0.01,3,3311,买盘
2228,11:00:27,11.03,--,3,3309,卖盘
2229,11:00:24,11.03,--,53,58834,买盘
2230,11:00:21,11.03,--,84,92652,买盘
2231,11:00:18,11.03,0.01,10,11030,买盘
2232,11:00:15,11.02,--,35,38570,卖盘
2233,11:00:12,11.02,-0.01,38,41876,卖盘
2234,11:00:09,11.03,--,24,26472,买盘
2235,11:00:00,11.03,--,120,132360,买盘
2236,10:59:57,11.03,0.01,23,25369,买盘
2237,10:59:54,11.02,-0.01,590,650180,卖盘
2238,10:59:51,11.03,0.01,20,22060,买盘
2239,10:59:48,11.02,--,20,22040,卖盘
2240,10:59:42,11.02,-0.01,25,27550,卖盘
2241,10:59:39,11.03,0.01,3,3309,买盘
2242,10:59:36,11.02,-0.01,8,8816,卖盘
2243,10:59:33,11.03,0.01,2,2206,买盘
2244,10:59:30,11.02,--,35,38570,卖盘
2245,10:59:27,11.02,-0.01,70,77140,卖盘
2246,10:59:24,11.03,0.01,1,1103,买盘
2247,10:59:21,11.02,--,2,2204,卖盘
2248,10:59:18,11.02,--,44,48488,卖盘
2249,10:59:15,11.02,-0.01,39,42978,卖盘
2250,10:59:12,11.03,--,2,2206,买盘
2251,10:59:09,11.03,0.01,4,4412,买盘
2252,10:59:03,11.02,--,100,110200,卖盘
2253,10:59:00,11.02,--,34,37468,卖盘
2254,10:58:54,11.02,--,43,47386,卖盘
2255,10:58:45,11.02,--,300,330600,卖盘
2256,10:58:42,11.02,-0.01,5,5510,卖盘
2257,10:58:39,11.03,0.01,62,68386,买盘
2258,10:58:36,11.02,-0.01,72,79344,卖盘
2259,10:58:33,11.03,--,3,3309,买盘
2260,10:58:30,11.03,--,2,2206,买盘
2261,10:58:24,11.03,--,4,4412,买盘
2262,10:58:21,11.03,0.01,2,2206,买盘
2263,10:58:18,11.02,--,37,40774,卖盘
2264,10:58:15,11.02,--,24,26448,卖盘
2265,10:58:12,11.02,-0.01,72,79344,卖盘
2266,10:58:09,11.03,--,3,3309,买盘
2267,10:58:06,11.03,0.01,3,3309,买盘
2268,10:58:03,11.02,-0.01,26,28652,卖盘
2269,10:57:57,11.03,0.01,84,92652,买盘
2270,10:57:54,11.02,--,5,5510,卖盘
2271,10:57:48,11.02,--,9,9918,卖盘
2272,10:57:45,11.02,-0.01,20,22040,卖盘
2273,10:57:39,11.03,--,304,335312,买盘
2274,10:57:36,11.03,--,6,6618,买盘
2275,10:57:30,11.03,0.01,2,2206,买盘
2276,10:57:24,11.02,0.01,215,236930,买盘
2277,10:57:21,11.01,--,1,1101,卖盘
2278,10:57:12,11.01,-0.01,38,41838,卖盘
2279,10:57:09,11.02,-0.01,7,7714,中性盘
2280,10:57:06,11.03,0.02,310,341930,买盘
2281,10:57:03,11.01,-0.01,3,3303,卖盘
2282,10:57:00,11.02,0.01,200,220400,买盘
2283,10:56:57,11.01,-0.01,63,69363,卖盘
2284,10:56:48,11.02,--,159,175945,卖盘
2285,10:56:45,11.02,--,603,664506,卖盘
2286,10:56:42,11.02,-0.01,301,331702,卖盘
2287,10:56:39,11.03,--,4,4412,买盘
2288,10:56:30,11.03,--,3,3309,买盘
2289,10:56:27,11.03,--,84,92652,买盘
2290,10:56:21,11.03,--,14,15442,买盘
2291,10:56:18,11.03,0.01,100,110300,买盘
2292,10:56:15,11.02,-0.01,69,76038,卖盘
2293,10:56:09,11.03,0.01,5,5515,买盘
2294,10:56:06,11.02,-0.01,4,4408,卖盘
2295,10:55:57,11.03,0.01,1,1103,买盘
2296,10:55:54,11.02,-0.01,2,2204,卖盘
2297,10:55:51,11.03,0.01,2,2206,买盘
2298,10:55:48,11.02,--,10,11020,卖盘
2299,10:55:45,11.02,-0.01,30,33060,卖盘
2300,10:55:39,11.03,0.01,7,7721,买盘
2301,10:55:30,11.02,-0.01,10,11020,卖盘
2302,10:55:27,11.03,0.01,88,97064,买盘
2303,10:55:24,11.02,--,33,36366,卖盘
2304,10:55:21,11.02,-0.01,70,77140,卖盘
2305,10:55:09,11.03,--,4,4412,买盘
2306,10:55:06,11.03,0.01,2,2206,买盘
2307,10:55:03,11.02,--,96,105792,卖盘
2308,10:54:57,11.02,--,104,114608,卖盘
2309,10:54:54,11.02,-0.01,30,33060,卖盘
2310,10:54:48,11.03,--,1,1103,买盘
2311,10:54:45,11.03,0.01,22,24266,买盘
2312,10:54:42,11.02,-0.01,5,5510,卖盘
2313,10:54:39,11.03,--,3,3309,买盘
2314,10:54:36,11.03,0.01,2,2206,买盘
2315,10:54:30,11.02,--,456,502512,卖盘
2316,10:54:27,11.02,--,20,22040,卖盘
2317,10:54:24,11.02,--,5,5510,卖盘
2318,10:54:15,11.02,-0.01,2,2204,卖盘
2319,10:54:09,11.03,0.01,599,661072,买盘
2320,10:54:06,11.02,0.01,2,2204,买盘
2321,10:54:03,11.01,--,72,79272,卖盘
2322,10:53:57,11.01,--,1,1101,卖盘
2323,10:53:51,11.01,--,8,8808,卖盘
2324,10:53:42,11.01,--,25,27525,卖盘
2325,10:53:39,11.01,--,17,18717,买盘
2326,10:53:36,11.01,--,5,5505,买盘
2327,10:53:33,11.01,--,7,7707,买盘
2328,10:53:30,11.01,--,273,300573,卖盘
2329,10:53:21,11.01,--,3,3303,卖盘
2330,10:53:15,11.01,--,2,2202,卖盘
2331,10:53:12,11.01,--,10,11010,卖盘
2332,10:53:09,11.01,-0.01,58,63858,卖盘
2333,10:53:06,11.02,--,1,1102,买盘
2334,10:53:03,11.02,0.01,7,7714,买盘
2335,10:53:00,11.01,0.01,94,103494,中性盘
2336,10:52:54,11.0,--,9,9900,卖盘
2337,10:52:51,11.0,-0.01,38,41800,卖盘
2338,10:52:45,11.01,--,400,440400,卖盘
2339,10:52:42,11.01,-0.01,100,110100,卖盘
2340,10:52:39,11.02,--,6,6612,买盘
2341,10:52:36,11.02,--,1,1102,买盘
2342,10:52:21,11.02,--,2,2204,买盘
2343,10:52:18,11.02,--,148,163404,卖盘
2344,10:52:15,11.02,--,31,34162,卖盘
2345,10:52:12,11.02,-0.01,5,5510,卖盘
2346,10:52:09,11.03,--,5,5515,买盘
2347,10:52:00,11.03,--,8,8824,买盘
2348,10:51:57,11.03,0.01,4,4412,买盘
2349,10:51:54,11.02,--,5,5510,卖盘
2350,10:51:51,11.02,--,20,22040,卖盘
2351,10:51:48,11.02,--,30,33060,卖盘
2352,10:51:45,11.02,--,308,339416,卖盘
2353,10:51:42,11.02,-0.01,17,18734,卖盘
2354,10:51:39,11.03,--,42,46326,买盘
2355,10:51:36,11.03,0.01,2,2206,买盘
2356,10:51:30,11.02,--,534,589261,买盘
2357,10:51:21,11.02,--,1,1102,买盘
2358,10:51:12,11.02,-0.01,292,322092,卖盘
2359,10:51:09,11.03,--,315,347445,买盘
2360,10:51:03,11.03,0.01,84,92652,买盘
2361,10:51:00,11.02,--,40,44080,卖盘
2362,10:50:51,11.02,--,35,38570,卖盘
2363,10:50:48,11.02,--,67,73834,卖盘
2364,10:50:45,11.02,--,279,308251,买盘
2365,10:50:39,11.02,--,5,5510,买盘
2366,10:50:30,11.02,--,184,202768,买盘
2367,10:50:27,11.02,--,84,92568,买盘
2368,10:50:21,11.02,--,880,969760,卖盘
2369,10:50:15,11.02,--,1,1102,卖盘
2370,10:50:12,11.02,-0.01,5,5510,卖盘
2371,10:50:09,11.03,0.01,25,27575,买盘
2372,10:50:03,11.02,--,3,3306,卖盘
2373,10:49:57,11.02,-0.01,20,22040,卖盘
2374,10:49:54,11.03,0.01,12,13236,买盘
2375,10:49:48,11.02,--,168,185136,买盘
2376,10:49:39,11.02,-0.01,732,806664,卖盘
2377,10:49:30,11.03,--,50,55150,买盘
2378,10:49:27,11.03,0.01,2,2206,买盘
2379,10:49:21,11.02,--,1,1102,卖盘
2380,10:49:18,11.02,--,2,2204,卖盘
2381,10:49:15,11.02,-0.01,2,2204,卖盘
2382,10:49:09,11.03,0.01,18,19854,买盘
2383,10:49:06,11.02,--,12,13224,卖盘
2384,10:49:03,11.02,-0.01,29,31958,卖盘
2385,10:48:54,11.03,0.01,17,18751,买盘
2386,10:48:51,11.02,0.01,251,276602,买盘
2387,10:48:48,11.01,-0.01,7,7707,卖盘
2388,10:48:39,11.02,0.01,3,3306,买盘
2389,10:48:36,11.01,-0.01,34,37434,卖盘
2390,10:48:21,11.02,--,10,11020,买盘
2391,10:48:09,11.02,--,115,126730,买盘
2392,10:48:06,11.02,--,223,245746,卖盘
2393,10:48:00,11.02,-0.01,21,23142,卖盘
2394,10:47:57,11.03,--,1,1103,买盘
2395,10:47:51,11.03,0.01,7,7721,买盘
2396,10:47:48,11.02,-0.01,110,121220,卖盘
2397,10:47:45,11.03,--,15,16545,买盘
2398,10:47:39,11.03,--,36,39708,买盘
2399,10:47:30,11.03,--,9,9927,买盘
2400,10:47:27,11.03,--,5,5515,买盘
2401,10:47:24,11.03,--,10,11030,买盘
2402,10:47:15,11.03,--,23,25369,买盘
2403,10:47:09,11.03,0.01,3,3309,买盘
2404,10:47:06,11.02,--,9,9918,卖盘
2405,10:47:03,11.02,0.01,315,347130,买盘
2406,10:47:00,11.01,--,4,4404,卖盘
2407,10:46:51,11.01,--,5,5505,买盘
2408,10:46:48,11.01,--,14,15414,买盘
2409,10:46:42,11.01,--,14,15414,买盘
2410,10:46:39,11.01,0.01,19,20919,买盘
2411,10:46:33,11.0,--,1,1100,卖盘
2412,10:46:30,11.0,--,100,110000,卖盘
2413,10:46:24,11.0,-0.01,2,2200,卖盘
2414,10:46:18,11.01,0.01,2,2202,买盘
2415,10:46:15,11.0,--,73,80300,卖盘
2416,10:46:12,11.0,-0.01,59,64900,卖盘
2417,10:46:09,11.01,0.01,13,14313,买盘
2418,10:45:57,11.0,-0.01,51,56100,卖盘
2419,10:45:51,11.01,--,257,282957,买盘
2420,10:45:48,11.01,0.01,84,92484,买盘
2421,10:45:45,11.0,--,72,79200,买盘
2422,10:45:39,11.0,-0.01,4,4400,中性盘
2423,10:45:33,11.01,0.02,9,9909,买盘
2424,10:45:27,10.99,--,20,21980,卖盘
2425,10:45:18,10.99,-0.02,11,12089,卖盘
2426,10:45:09,11.01,--,6,6606,买盘
2427,10:44:57,11.01,--,11,12111,买盘
2428,10:44:51,11.01,0.01,72,79272,买盘
2429,10:44:48,11.0,--,10,11000,卖盘
2430,10:44:42,11.0,-0.01,10,11000,卖盘
2431,10:44:39,11.01,0.01,3,3303,买盘
2432,10:44:30,11.0,-0.01,2,2200,卖盘
2433,10:44:27,11.01,--,84,92484,买盘
2434,10:44:24,11.01,0.01,1,1101,买盘
2435,10:44:18,11.0,--,47,52789,买盘
2436,10:44:15,11.0,--,40,44000,买盘
2437,10:44:12,11.0,--,18,19800,买盘
2438,10:44:09,11.0,-0.01,209,229911,卖盘
2439,10:44:06,11.01,0.01,47,52836,买盘
2440,10:44:00,11.0,--,8,8811,卖盘
2441,10:43:54,11.0,--,38,41800,卖盘
2442,10:43:51,11.0,--,1,1100,卖盘
2443,10:43:48,11.0,--,1,1100,卖盘
2444,10:43:45,11.0,-0.01,33,36300,卖盘
2445,10:43:39,11.01,0.01,3,3303,买盘
2446,10:43:33,11.0,--,80,88264,卖盘
2447,10:43:24,11.0,--,209,229900,卖盘
2448,10:43:15,11.0,--,25,27500,卖盘
2449,10:43:12,11.0,-0.01,9,9900,卖盘
2450,10:43:09,11.01,0.01,3,3303,买盘
2451,10:43:06,11.0,--,475,523325,买盘
2452,10:43:03,11.0,0.01,100,110000,买盘
2453,10:43:00,10.99,--,200,219800,卖盘
2454,10:42:54,10.99,-0.01,6,6594,卖盘
2455,10:42:51,11.0,0.01,23,25300,买盘
2456,10:42:48,10.99,-0.01,61,67039,卖盘
2457,10:42:45,11.0,--,12,13200,买盘
2458,10:42:39,11.0,0.01,4,4400,买盘
2459,10:42:36,10.99,-0.01,30,32970,卖盘
2460,10:42:30,11.0,--,10,11000,买盘
2461,10:42:27,11.0,--,8,8800,买盘
2462,10:42:24,11.0,0.01,2,2200,买盘
2463,10:42:15,10.99,-0.01,80,87920,卖盘
2464,10:42:09,11.0,--,3,3300,买盘
2465,10:42:06,11.0,--,18,19800,买盘
2466,10:42:03,11.0,-0.01,32,35475,卖盘
2467,10:42:00,11.01,0.01,34,37434,买盘
2468,10:41:57,11.0,--,7,7700,卖盘
2469,10:41:54,11.0,--,84,92400,卖盘
2470,10:41:51,11.0,-0.01,5,5500,卖盘
2471,10:41:48,11.01,0.01,59,64959,买盘
2472,10:41:39,11.0,--,49,53900,卖盘
2473,10:41:24,11.0,--,1,1100,卖盘
2474,10:41:21,11.0,--,15,16500,卖盘
2475,10:41:18,11.0,--,13,14300,卖盘
2476,10:41:15,11.0,-0.01,139,152900,卖盘
2477,10:41:09,11.01,--,17,18717,买盘
2478,10:41:03,11.01,-0.01,108,119744,卖盘
2479,10:41:00,11.02,0.01,14,15428,买盘
2480,10:40:54,11.01,--,263,289563,卖盘
2481,10:40:48,11.01,-0.01,13,14313,卖盘
2482,10:40:45,11.02,0.01,4,4408,买盘
2483,10:40:42,11.01,-0.01,3,3303,卖盘
2484,10:40:39,11.02,0.01,3,3306,买盘
2485,10:40:36,11.01,--,4,4404,卖盘
2486,10:40:33,11.01,-0.01,22,24486,卖盘
2487,10:40:27,11.02,--,1,1102,买盘
2488,10:40:24,11.02,--,20,22040,买盘
2489,10:40:15,11.02,--,81,89262,买盘
2490,10:40:12,11.02,--,56,61712,买盘
2491,10:40:09,11.02,--,4,4408,买盘
2492,10:40:00,11.02,--,123,135546,卖盘
2493,10:39:54,11.02,-0.01,3,3306,卖盘
2494,10:39:51,11.03,--,16,17648,买盘
2495,10:39:48,11.03,--,50,55150,买盘
2496,10:39:39,11.03,--,6,6618,买盘
2497,10:39:30,11.03,--,216,238248,买盘
2498,10:39:21,11.03,--,1,1103,买盘
2499,10:39:09,11.03,0.01,54,59562,买盘
2500,10:39:06,11.02,--,17,18734,卖盘
2501,10:39:03,11.02,0.01,15,16530,中性盘
2502,10:38:48,11.01,--,50,55050,卖盘
2503,10:38:42,11.01,-0.02,107,117807,卖盘
2504,10:38:39,11.03,--,47,51841,买盘
2505,10:38:36,11.03,0.02,1,1103,买盘
2506,10:38:33,11.01,-0.01,100,110100,卖盘
2507,10:38:30,11.02,--,23,25346,卖盘
2508,10:38:27,11.02,0.01,17,18734,买盘
2509,10:38:24,11.01,--,4,4404,卖盘
2510,10:38:21,11.01,--,1,1101,卖盘
2511,10:38:15,11.01,--,10,11010,卖盘
2512,10:38:12,11.01,0.01,11,12111,中性盘
2513,10:38:09,11.0,--,14,15400,卖盘
2514,10:38:03,11.0,--,109,119900,卖盘
2515,10:37:54,11.0,-0.03,33,36300,卖盘
2516,10:37:51,11.03,0.03,613,676139,买盘
2517,10:37:48,11.0,-0.01,6,6600,卖盘
2518,10:37:39,11.01,0.01,37,40737,买盘
2519,10:37:36,11.0,-0.01,5,5500,卖盘
2520,10:37:33,11.01,--,6,6606,买盘
2521,10:37:30,11.01,0.01,72,79272,买盘
2522,10:37:27,11.0,--,32,35200,卖盘
2523,10:37:24,11.0,--,10,11000,卖盘
2524,10:37:21,11.0,-0.01,6,6600,卖盘
2525,10:37:18,11.01,0.01,60,66060,买盘
2526,10:37:12,11.0,--,137,151525,买盘
2527,10:37:09,11.0,0.01,3,3300,买盘
2528,10:37:03,10.99,--,133,146167,卖盘
2529,10:36:57,10.99,--,63,69237,卖盘
2530,10:36:54,10.99,--,50,54950,卖盘
2531,10:36:45,10.99,-0.01,10,10990,卖盘
2532,10:36:42,11.0,--,41,45100,买盘
2533,10:36:39,11.0,0.01,214,235400,买盘
2534,10:36:27,10.99,--,100,109900,卖盘
2535,10:36:18,10.99,--,48,52752,卖盘
2536,10:36:15,10.99,-0.01,17,18683,卖盘
2537,10:36:12,11.0,--,53,58300,买盘
2538,10:36:09,11.0,0.01,3,3300,买盘
2539,10:36:06,10.99,-0.01,138,151662,卖盘
2540,10:36:00,11.0,0.01,31,34100,买盘
2541,10:35:57,10.99,-0.01,22,24178,卖盘
2542,10:35:54,11.0,0.01,15,16500,买盘
2543,10:35:45,10.99,-0.02,129,141771,卖盘
2544,10:35:39,11.01,--,3,3303,买盘
2545,10:35:33,11.01,--,295,324795,卖盘
2546,10:35:30,11.01,--,129,142029,卖盘
2547,10:35:24,11.01,-0.01,53,58353,卖盘
2548,10:35:15,11.02,--,4,4408,买盘
2549,10:35:09,11.02,0.01,35,38570,买盘
2550,10:35:06,11.01,--,57,62757,卖盘
2551,10:35:03,11.01,--,2,2202,卖盘
2552,10:35:00,11.01,--,10,11010,卖盘
2553,10:34:57,11.01,--,1,1101,卖盘
2554,10:34:54,11.01,--,3,3303,卖盘
2555,10:34:51,11.01,0.01,35,38535,买盘
2556,10:34:48,11.0,-0.01,52,57200,卖盘
2557,10:34:39,11.01,0.01,107,117807,买盘
2558,10:34:36,11.0,0.01,20,22000,买盘
2559,10:34:30,10.99,--,5,5495,卖盘
2560,10:34:27,10.99,-0.01,109,119791,卖盘
2561,10:34:21,11.0,--,63,69300,买盘
2562,10:34:15,11.0,--,1,1100,买盘
2563,10:34:12,11.0,-0.01,69,75900,卖盘
2564,10:34:09,11.01,0.01,49,53949,买盘
2565,10:34:03,11.0,-0.01,35,38500,卖盘
2566,10:34:00,11.01,0.01,23,25323,买盘
2567,10:33:54,11.0,-0.01,10,11000,卖盘
2568,10:33:39,11.01,--,13,14313,买盘
2569,10:33:24,11.01,-0.01,27,29727,卖盘
2570,10:33:18,11.02,--,48,52896,买盘
2571,10:33:09,11.02,--,152,167504,卖盘
2572,10:33:06,11.02,--,10,11020,卖盘
2573,10:33:00,11.02,-0.01,8,8816,卖盘
2574,10:32:57,11.03,0.01,9,9927,买盘
2575,10:32:51,11.02,--,10,11020,卖盘
2576,10:32:48,11.02,-0.01,25,27550,卖盘
2577,10:32:39,11.03,--,4,4412,买盘
2578,10:32:36,11.03,--,3,3309,买盘
2579,10:32:30,11.03,--,1,1103,买盘
2580,10:32:24,11.03,--,104,114712,买盘
2581,10:32:18,11.03,0.01,55,60665,买盘
2582,10:32:15,11.02,-0.01,307,338314,卖盘
2583,10:32:12,11.03,-0.01,3,3309,卖盘
2584,10:32:09,11.04,--,11,12143,买盘
2585,10:32:03,11.04,0.01,2,2208,买盘
2586,10:32:00,11.03,--,1,1103,卖盘
2587,10:31:54,11.03,-0.01,2,2206,卖盘
2588,10:31:45,11.04,--,100,110399,买盘
2589,10:31:42,11.04,--,32,35328,买盘
2590,10:31:39,11.04,0.01,4,4416,买盘
2591,10:31:36,11.03,--,5,5515,卖盘
2592,10:31:33,11.03,--,6,6618,买盘
2593,10:31:30,11.03,--,147,162141,卖盘
2594,10:31:21,11.03,-0.01,52,57356,卖盘
2595,10:31:18,11.04,--,10,11040,买盘
2596,10:31:15,11.04,--,2,2208,卖盘
2597,10:31:12,11.04,-0.01,70,77280,卖盘
2598,10:31:09,11.05,0.01,16,17680,买盘
2599,10:31:00,11.04,0.01,110,121439,中性盘
2600,10:30:54,11.03,--,518,571354,卖盘
2601,10:30:51,11.03,--,17,18751,卖盘
2602,10:30:48,11.03,--,28,30884,买盘
2603,10:30:45,11.03,-0.01,1,1103,中性盘
2604,10:30:42,11.04,0.02,100,110399,买盘
2605,10:30:39,11.02,-0.01,243,267786,卖盘
2606,10:30:36,11.03,--,1,1103,买盘
2607,10:30:24,11.03,--,27,29781,卖盘
2608,10:30:21,11.03,--,79,87137,卖盘
2609,10:30:18,11.03,--,7,7721,卖盘
2610,10:30:15,11.03,-0.01,20,22060,卖盘
2611,10:30:09,11.04,--,4,4416,买盘
2612,10:30:06,11.04,-0.01,100,110399,买盘
2613,10:30:03,11.05,--,8,8840,买盘
2614,10:30:00,11.05,0.01,727,803335,买盘
2615,10:29:57,11.04,--,4,4416,卖盘
2616,10:29:54,11.04,-0.01,50,55199,卖盘
2617,10:29:51,11.05,0.01,93,102765,买盘
2618,10:29:48,11.04,--,21,23184,卖盘
2619,10:29:45,11.04,0.01,28,30911,中性盘
2620,10:29:42,11.03,-0.01,414,456642,卖盘
2621,10:29:39,11.04,0.01,555,612720,买盘
2622,10:29:36,11.03,--,59,65076,卖盘
2623,10:29:33,11.03,--,52,57356,卖盘
2624,10:29:27,11.03,-0.01,50,55150,卖盘
2625,10:29:24,11.04,--,6,6623,买盘
2626,10:29:21,11.04,--,10,11040,买盘
2627,10:29:18,11.04,--,20,22080,买盘
2628,10:29:15,11.04,0.01,47,51887,买盘
2629,10:29:12,11.03,-0.01,28,30884,卖盘
2630,10:29:09,11.04,--,4,4416,买盘
2631,10:29:06,11.04,--,293,323472,买盘
2632,10:29:03,11.04,--,1,1104,买盘
2633,10:29:00,11.04,0.01,3,3311,买盘
2634,10:28:57,11.03,-0.01,447,493460,卖盘
2635,10:28:54,11.04,--,50,55199,买盘
2636,10:28:51,11.04,--,31,34224,买盘
2637,10:28:48,11.04,--,302,333408,买盘
2638,10:28:45,11.04,--,16,17664,买盘
2639,10:28:42,11.04,--,4,4416,买盘
2640,10:28:39,11.04,0.01,13,14351,买盘
2641,10:28:33,11.03,--,359,395977,买盘
2642,10:28:24,11.03,0.01,49,54047,买盘
2643,10:28:21,11.02,--,3,3306,卖盘
2644,10:28:15,11.02,--,285,314521,买盘
2645,10:28:09,11.02,0.01,481,530062,买盘
2646,10:28:03,11.01,0.01,19,20919,买盘
2647,10:28:00,11.0,-0.01,2,2200,卖盘
2648,10:27:51,11.01,--,24,26424,买盘
2649,10:27:45,11.01,--,185,203685,买盘
2650,10:27:39,11.01,--,37,40737,买盘
2651,10:27:36,11.01,0.01,50,55050,买盘
2652,10:27:33,11.0,-0.01,4,4400,卖盘
2653,10:27:30,11.01,--,48,52848,买盘
2654,10:27:27,11.01,0.01,84,92484,买盘
2655,10:27:24,11.0,-0.01,20,22000,卖盘
2656,10:27:21,11.01,--,1,1101,买盘
2657,10:27:15,11.01,--,25,27525,买盘
2658,10:27:09,11.01,0.01,23,25323,买盘
2659,10:27:03,11.0,-0.01,50,55000,卖盘
2660,10:27:00,11.01,0.01,65,71565,买盘
2661,10:26:57,11.0,--,35,38500,卖盘
2662,10:26:54,11.0,--,1,1100,卖盘
2663,10:26:48,11.0,--,533,586344,买盘
2664,10:26:39,11.0,--,4,4400,买盘
2665,10:26:33,11.0,--,254,279400,买盘
2666,10:26:30,11.0,--,1,1100,买盘
2667,10:26:27,11.0,--,84,92400,买盘
2668,10:26:24,11.0,--,8,8800,买盘
2669,10:26:09,11.0,0.01,12,13200,买盘
2670,10:25:54,10.99,-0.01,11,12089,卖盘
2671,10:25:48,11.0,0.01,9,9900,买盘
2672,10:25:42,10.99,-0.01,5,5495,卖盘
2673,10:25:39,11.0,--,3,3300,买盘
2674,10:25:36,11.0,0.01,11,12100,买盘
2675,10:25:33,10.99,-0.01,10,10990,卖盘
2676,10:25:30,11.0,0.01,16,17600,买盘
2677,10:25:27,10.99,--,8,8792,卖盘
2678,10:25:24,10.99,--,5,5495,卖盘
2679,10:25:21,10.99,--,104,114296,卖盘
2680,10:25:15,10.99,--,6,6594,卖盘
2681,10:25:12,10.99,--,92,101108,买盘
2682,10:25:09,10.99,0.01,5,5495,买盘
2683,10:25:06,10.98,-0.01,4,4392,卖盘
2684,10:25:03,10.99,--,158,173642,买盘
2685,10:25:00,10.99,--,53,58247,买盘
2686,10:24:51,10.99,--,12,13188,买盘
2687,10:24:39,10.99,0.01,23,25277,买盘
2688,10:24:27,10.98,-0.01,10,10980,卖盘
2689,10:24:24,10.99,0.01,106,116494,买盘
2690,10:24:15,10.98,--,1,1098,卖盘
2691,10:24:12,10.98,-0.01,15,16470,卖盘
2692,10:24:09,10.99,--,4,4396,买盘
2693,10:24:00,10.99,--,125,137375,买盘
2694,10:23:57,10.99,--,58,63742,买盘
2695,10:23:54,10.99,0.01,1,1099,买盘
2696,10:23:48,10.98,-0.01,13,14274,卖盘
2697,10:23:45,10.99,0.01,217,238483,买盘
2698,10:23:42,10.98,--,10,10980,卖盘
2699,10:23:39,10.98,-0.01,11,12078,卖盘
2700,10:23:30,10.99,--,1,1099,买盘
2701,10:23:24,10.99,--,57,62643,买盘
2702,10:23:21,10.99,--,5,5495,买盘
2703,10:23:12,10.99,-0.01,34,37366,卖盘
2704,10:23:09,11.0,0.01,3,3300,买盘
2705,10:23:03,10.99,--,19,20881,卖盘
2706,10:22:48,10.99,-0.01,16,17584,卖盘
2707,10:22:39,11.0,--,87,95700,买盘
2708,10:22:36,11.0,0.01,55,60500,买盘
2709,10:22:24,10.99,--,47,51653,卖盘
2710,10:22:21,10.99,--,3,3297,卖盘
2711,10:22:18,10.99,--,7,7693,卖盘
2712,10:22:15,10.99,-0.01,1,1099,卖盘
2713,10:22:12,11.0,--,1,1100,买盘
2714,10:22:09,11.0,0.01,105,115500,买盘
2715,10:22:06,10.99,--,163,179137,卖盘
2716,10:22:03,10.99,--,34,37366,卖盘
2717,10:22:00,10.99,--,71,78029,买盘
2718,10:21:51,10.99,0.01,50,54950,买盘
2719,10:21:48,10.98,--,5,5490,卖盘
2720,10:21:45,10.98,-0.01,27,29646,卖盘
2721,10:21:42,10.99,--,5,5495,买盘
2722,10:21:39,10.99,--,4,4396,买盘
2723,10:21:36,10.99,--,35,38465,买盘
2724,10:21:33,10.99,--,73,80227,卖盘
2725,10:21:27,10.99,--,130,142870,卖盘
2726,10:21:24,10.99,--,50,54950,卖盘
2727,10:21:21,10.99,--,184,202216,卖盘
2728,10:21:18,10.99,-0.01,10,10990,卖盘
2729,10:21:15,11.0,0.01,310,341000,买盘
2730,10:21:12,10.99,-0.01,8,8792,卖盘
2731,10:21:09,11.0,--,3,3300,买盘
2732,10:21:00,11.0,--,16,17600,买盘
2733,10:20:57,11.0,--,2,2200,买盘
2734,10:20:51,11.0,--,183,202356,卖盘
2735,10:20:48,11.0,--,146,160600,卖盘
2736,10:20:45,11.0,-0.01,6,6600,卖盘
2737,10:20:39,11.01,0.01,13,14313,买盘
2738,10:20:36,11.0,-0.01,10,11000,卖盘
2739,10:20:33,11.01,0.01,4,4404,买盘
2740,10:20:30,11.0,-0.01,10,11000,卖盘
2741,10:20:27,11.01,0.01,1,1101,买盘
2742,10:20:24,11.0,--,8,8800,卖盘
2743,10:20:21,11.0,--,26,28600,卖盘
2744,10:20:18,11.0,-0.01,12,13200,卖盘
2745,10:20:15,11.01,0.01,112,123312,买盘
2746,10:20:12,11.0,-0.01,103,113300,卖盘
2747,10:20:09,11.01,0.01,5,5505,买盘
2748,10:20:06,11.0,-0.01,3,3300,卖盘
2749,10:20:03,11.01,0.01,17,18717,买盘
2750,10:20:00,11.0,--,22,24200,卖盘
2751,10:19:57,11.0,--,8,8800,卖盘
2752,10:19:51,11.0,--,4,4400,卖盘
2753,10:19:48,11.0,--,179,196900,卖盘
2754,10:19:42,11.0,-0.01,13,14300,卖盘
2755,10:19:39,11.01,0.01,3,3303,买盘
2756,10:19:33,11.0,--,57,62700,卖盘
2757,10:19:30,11.0,-0.01,200,220000,卖盘
2758,10:19:27,11.01,--,20,22020,买盘
2759,10:19:24,11.01,0.01,8,8808,买盘
2760,10:19:12,11.0,-0.01,4,4400,卖盘
2761,10:19:09,11.01,--,4,4404,买盘
2762,10:19:06,11.01,0.01,16,17616,买盘
2763,10:19:03,11.0,--,12,13200,卖盘
2764,10:19:00,11.0,--,19,20900,卖盘
2765,10:18:51,11.0,-0.01,2,2200,卖盘
2766,10:18:48,11.01,--,31,34131,买盘
2767,10:18:45,11.01,0.01,1,1101,买盘
2768,10:18:42,11.0,-0.01,50,55000,卖盘
2769,10:18:39,11.01,--,33,36333,买盘
2770,10:18:36,11.01,--,1,1101,买盘
2771,10:18:33,11.01,--,3,3303,买盘
2772,10:18:30,11.01,0.01,40,44040,买盘
2773,10:18:27,11.0,-0.01,3,3344,卖盘
2774,10:18:18,11.01,0.01,6,6606,买盘
2775,10:18:12,11.0,-0.01,10,11000,卖盘
2776,10:18:09,11.01,0.01,9,9909,买盘
2777,10:18:03,11.0,-0.01,15,16500,卖盘
2778,10:18:00,11.01,--,2,2202,买盘
2779,10:17:51,11.01,0.01,40,44040,买盘
2780,10:17:48,11.0,-0.01,120,132000,卖盘
2781,10:17:45,11.01,--,89,97989,买盘
2782,10:17:42,11.01,--,100,110100,买盘
2783,10:17:39,11.01,0.01,10,11010,买盘
2784,10:17:33,11.0,--,73,80300,卖盘
2785,10:17:30,11.0,-0.01,20,22000,卖盘
2786,10:17:27,11.01,0.01,98,107898,买盘
2787,10:17:24,11.0,-0.01,4,4400,卖盘
2788,10:17:21,11.01,0.01,61,67161,买盘
2789,10:17:15,11.0,-0.01,120,132000,卖盘
2790,10:17:09,11.01,0.01,3,3303,买盘
2791,10:17:06,11.0,-0.01,11,12100,卖盘
2792,10:17:03,11.01,0.01,21,23121,买盘
2793,10:17:00,11.0,-0.01,118,129800,卖盘
2794,10:16:54,11.01,--,4,4404,买盘
2795,10:16:51,11.01,--,5,5505,买盘
2796,10:16:48,11.01,0.01,2,2202,中性盘
2797,10:16:45,11.0,--,62,68200,卖盘
2798,10:16:42,11.0,-0.02,31,34100,卖盘
2799,10:16:39,11.02,0.01,4,4408,买盘
2800,10:16:36,11.01,--,36,39636,买盘
2801,10:16:30,11.01,--,33,36333,买盘
2802,10:16:27,11.01,0.01,42,46242,买盘
2803,10:16:24,11.0,--,283,311300,卖盘
2804,10:16:21,11.0,-0.01,110,121000,卖盘
2805,10:16:18,11.01,--,26,28626,买盘
2806,10:16:15,11.01,0.01,10,11010,买盘
2807,10:16:12,11.0,--,8,8800,卖盘
2808,10:16:09,11.0,--,7,7700,卖盘
2809,10:16:06,11.0,-0.01,25,27500,卖盘
2810,10:16:03,11.01,0.01,26,28626,中性盘
2811,10:16:00,11.0,-0.01,140,154000,卖盘
2812,10:15:54,11.01,0.01,70,77070,买盘
2813,10:15:51,11.0,-0.01,2,2200,卖盘
2814,10:15:48,11.01,--,66,72666,买盘
2815,10:15:45,11.01,--,500,550500,买盘
2816,10:15:39,11.01,0.01,3,3303,买盘
2817,10:15:36,11.0,--,1,1100,卖盘
2818,10:15:33,11.0,--,59,64900,卖盘
2819,10:15:30,11.0,-0.01,10,11000,卖盘
2820,10:15:27,11.01,0.01,2,2202,买盘
2821,10:15:21,11.0,-0.01,10,11000,卖盘
2822,10:15:18,11.01,0.01,85,93585,买盘
2823,10:15:15,11.0,0.02,1242,1366200,买盘
2824,10:15:12,10.98,-0.01,1,1098,卖盘
2825,10:15:09,10.99,--,20,21980,买盘
