,time,price,change,volume,amount,type
0,15:00:03,11.01,0.01,4677,5149971,买盘
1,14:57:00,11.0,--,159,175197,卖盘
2,14:56:57,11.0,--,67,73700,卖盘
3,14:56:54,11.0,-0.01,41,45100,卖盘
4,14:56:51,11.01,0.01,36,39636,买盘
5,14:56:48,11.0,--,351,386100,卖盘
6,14:56:45,11.0,-0.01,30,33000,卖盘
7,14:56:42,11.01,0.01,18,19818,买盘
8,14:56:39,11.0,-0.01,3,3300,卖盘
9,14:56:36,11.01,0.01,22,24222,买盘
10,14:56:33,11.0,-0.01,140,154000,卖盘
11,14:56:30,11.01,0.01,58,63858,买盘
12,14:56:27,11.0,--,117,128700,卖盘
13,14:56:24,11.0,-0.01,5,5500,卖盘
14,14:56:21,11.01,--,17,18717,买盘
15,14:56:18,11.01,0.01,16,17616,买盘
16,14:56:15,11.0,-0.01,16,17600,卖盘
17,14:56:12,11.01,0.01,21,23121,买盘
18,14:56:09,11.0,--,51,56100,卖盘
19,14:56:06,11.0,--,4,4400,卖盘
20,14:56:03,11.0,--,29,31900,卖盘
21,14:56:00,11.0,--,31,34100,卖盘
22,14:55:57,11.0,--,54,59400,卖盘
23,14:55:54,11.0,--,1,1100,卖盘
24,14:55:51,11.0,--,23,25300,卖盘
25,14:55:48,11.0,--,80,88000,卖盘
26,14:55:45,11.0,--,10,11000,卖盘
27,14:55:42,11.0,--,11,12100,卖盘
28,14:55:39,11.0,--,51,56100,卖盘
29,14:55:36,11.0,-0.01,0,440,卖盘
30,14:55:33,11.01,--,24,26424,买盘
31,14:55:30,11.01,0.01,12,13212,买盘
32,14:55:27,11.0,-0.01,80,88000,卖盘
33,14:55:24,11.01,0.01,61,67161,买盘
34,14:55:21,11.0,-0.01,63,69300,卖盘
35,14:55:18,11.01,0.01,20,22020,买盘
36,14:55:15,11.0,--,7,7700,卖盘
37,14:55:12,11.0,-0.01,41,45100,卖盘
38,14:55:09,11.01,0.01,111,122211,买盘
39,14:55:06,11.0,-0.01,291,320100,卖盘
40,14:55:03,11.01,0.01,26,28626,买盘
41,14:55:00,11.0,-0.01,57,62700,卖盘
42,14:54:57,11.01,--,40,44040,买盘
43,14:54:54,11.01,0.01,11,12111,买盘
44,14:54:51,11.0,-0.01,15,16500,卖盘
45,14:54:48,11.01,--,13,14313,买盘
46,14:54:45,11.01,--,86,94686,买盘
47,14:54:42,11.01,0.01,11,12111,买盘
48,14:54:39,11.0,--,75,82500,卖盘
49,14:54:36,11.0,--,23,25300,卖盘
50,14:54:33,11.0,-0.01,51,56100,卖盘
51,14:54:30,11.01,0.01,75,82575,买盘
52,14:54:27,11.0,--,52,57200,卖盘
53,14:54:24,11.0,--,1,1100,卖盘
54,14:54:21,11.0,--,140,154000,卖盘
55,14:54:18,11.0,--,57,62700,卖盘
56,14:54:15,11.0,--,20,22000,卖盘
57,14:54:12,11.0,-0.01,6,6600,卖盘
58,14:54:09,11.01,--,30,33030,买盘
59,14:54:06,11.01,--,38,41838,买盘
60,14:54:03,11.01,0.01,142,156342,买盘
61,14:54:00,11.0,--,511,562100,卖盘
62,14:53:57,11.0,--,19,20900,卖盘
63,14:53:54,11.0,--,32,35200,卖盘
64,14:53:51,11.0,--,35,38500,卖盘
65,14:53:48,11.0,-0.01,10,11000,卖盘
66,14:53:45,11.01,--,5,5505,买盘
67,14:53:42,11.01,0.01,59,64959,买盘
68,14:53:39,11.0,--,19,20900,卖盘
69,14:53:36,11.0,-0.01,8,8800,卖盘
70,14:53:33,11.01,0.01,25,27525,买盘
71,14:53:30,11.0,--,12,13200,卖盘
72,14:53:27,11.0,0.01,74,81400,买盘
73,14:53:24,10.99,-0.01,19,20881,卖盘
74,14:53:21,11.0,--,25,27500,卖盘
75,14:53:18,11.0,--,8,8800,卖盘
76,14:53:12,11.0,--,514,565400,买盘
77,14:53:09,11.0,--,148,162800,买盘
78,14:53:06,11.0,-0.01,14,15400,卖盘
79,14:53:03,11.01,0.01,126,138726,买盘
80,14:53:00,11.0,--,346,380600,买盘
81,14:52:57,11.0,--,570,627000,买盘
82,14:52:54,11.0,0.01,201,221100,买盘
83,14:52:51,10.99,-0.01,50,54950,卖盘
84,14:52:48,11.0,--,510,561000,买盘
85,14:52:45,11.0,0.01,41,45100,买盘
86,14:52:42,10.99,-0.01,11,12089,卖盘
87,14:52:39,11.0,--,139,152900,买盘
88,14:52:36,11.0,--,122,134200,买盘
89,14:52:33,11.0,--,19,20900,买盘
90,14:52:30,11.0,0.01,7,7700,买盘
91,14:52:27,10.99,-0.01,10,10990,卖盘
92,14:52:24,11.0,--,160,176000,买盘
93,14:52:21,11.0,0.01,88,96800,买盘
94,14:52:18,10.99,-0.01,53,58247,卖盘
95,14:52:12,11.0,--,68,74800,买盘
96,14:52:06,11.0,--,31,34100,买盘
97,14:52:03,11.0,0.01,57,62700,买盘
98,14:52:00,10.99,--,22,24178,卖盘
99,14:51:57,10.99,--,74,81326,卖盘
100,14:51:45,10.99,--,212,232988,卖盘
101,14:51:42,10.99,-0.01,91,100009,卖盘
102,14:51:39,11.0,0.01,67,73700,买盘
103,14:51:36,10.99,-0.01,1,1099,卖盘
104,14:51:33,11.0,--,22,24200,买盘
105,14:51:30,11.0,0.01,10,11000,买盘
106,14:51:27,10.99,-0.01,6,6594,卖盘
107,14:51:24,11.0,--,3,3300,买盘
108,14:51:21,11.0,--,10,11000,买盘
109,14:51:18,11.0,--,34,37400,买盘
110,14:51:15,11.0,--,11,12100,买盘
111,14:51:12,11.0,0.01,9,9900,买盘
112,14:51:09,10.99,-0.01,48,52752,卖盘
113,14:51:03,11.0,0.01,99,108900,买盘
114,14:51:00,10.99,-0.01,7,7693,卖盘
115,14:50:57,11.0,0.01,22,24200,买盘
116,14:50:54,10.99,--,1,1099,卖盘
117,14:50:51,10.99,-0.01,51,56049,卖盘
118,14:50:48,11.0,--,40,44000,买盘
119,14:50:42,11.0,--,5,5500,买盘
120,14:50:39,11.0,0.01,30,33000,买盘
121,14:50:36,10.99,--,52,57148,买盘
122,14:50:33,10.99,--,55,60445,买盘
123,14:50:30,10.99,-0.01,385,423115,卖盘
124,14:50:27,11.0,0.01,4,4400,买盘
125,14:50:24,10.99,--,116,127484,卖盘
126,14:50:15,10.99,--,10,10990,卖盘
127,14:50:12,10.99,-0.01,125,137375,卖盘
128,14:50:09,11.0,0.01,104,114400,买盘
129,14:50:06,10.99,--,1,1099,卖盘
130,14:50:03,10.99,0.01,243,267057,买盘
131,14:50:00,10.98,-0.01,64,70272,卖盘
132,14:49:57,10.99,0.01,38,41762,买盘
133,14:49:54,10.98,--,471,517158,卖盘
134,14:49:51,10.98,-0.01,16,17568,卖盘
135,14:49:48,10.99,0.01,10,10990,买盘
136,14:49:42,10.98,--,25,27450,卖盘
137,14:49:39,10.98,--,23,25254,卖盘
138,14:49:36,10.98,--,37,40626,卖盘
139,14:49:33,10.98,--,123,135054,卖盘
140,14:49:30,10.98,-0.01,12,13176,卖盘
141,14:49:27,10.99,--,3,3297,买盘
142,14:49:24,10.99,0.01,390,428610,买盘
143,14:49:18,10.98,-0.01,230,252540,卖盘
144,14:49:15,10.99,0.01,6,6594,买盘
145,14:49:12,10.98,--,1,1098,卖盘
146,14:49:09,10.98,--,87,95526,卖盘
147,14:49:06,10.98,--,1,1098,卖盘
148,14:49:03,10.98,-0.01,127,139446,卖盘
149,14:49:00,10.99,--,14,15386,买盘
150,14:48:57,10.99,--,16,17584,买盘
151,14:48:54,10.99,0.01,62,68138,买盘
152,14:48:51,10.98,--,6,6588,卖盘
153,14:48:48,10.98,--,52,57096,卖盘
154,14:48:45,10.98,--,1,1098,卖盘
155,14:48:42,10.98,-0.01,13,14274,卖盘
156,14:48:39,10.99,--,10,10990,买盘
157,14:48:36,10.99,--,70,76930,买盘
158,14:48:33,10.99,0.01,7,7693,买盘
159,14:48:30,10.98,-0.01,9,9882,卖盘
160,14:48:27,10.99,0.01,59,64841,买盘
161,14:48:24,10.98,--,35,38430,卖盘
162,14:48:21,10.98,-0.01,2,2196,卖盘
163,14:48:18,10.99,--,11,12089,买盘
164,14:48:15,10.99,0.01,3,3297,买盘
165,14:48:12,10.98,--,7,7686,卖盘
166,14:48:09,10.98,--,66,72468,卖盘
167,14:48:06,10.98,--,46,50508,卖盘
168,14:48:03,10.98,-0.01,19,20862,卖盘
169,14:48:00,10.99,0.01,33,36267,买盘
170,14:47:57,10.98,-0.01,3,3294,卖盘
171,14:47:54,10.99,--,1,1099,买盘
172,14:47:51,10.99,--,11,12089,买盘
173,14:47:45,10.99,--,11,12089,买盘
174,14:47:42,10.99,--,21,23079,买盘
175,14:47:39,10.99,0.01,3,3297,买盘
176,14:47:36,10.98,-0.01,5,5490,卖盘
177,14:47:33,10.99,0.01,108,118692,买盘
178,14:47:30,10.98,-0.01,1,1098,卖盘
179,14:47:27,10.99,0.01,87,95613,买盘
180,14:47:24,10.98,--,2,2196,卖盘
181,14:47:21,10.98,-0.01,25,27450,卖盘
182,14:47:15,10.99,--,95,104405,卖盘
183,14:47:12,10.99,--,11,12089,卖盘
184,14:47:09,10.99,--,65,71435,卖盘
185,14:47:06,10.99,--,101,110999,卖盘
186,14:47:03,10.99,--,54,59346,卖盘
187,14:47:00,10.99,--,158,173642,卖盘
188,14:46:57,10.99,-0.01,3,3297,卖盘
189,14:46:54,11.0,0.01,96,105600,买盘
190,14:46:51,10.99,--,152,167048,卖盘
191,14:46:48,10.99,-0.01,22,24178,卖盘
192,14:46:45,11.0,0.01,15,16500,买盘
193,14:46:42,10.99,--,192,211008,卖盘
194,14:46:39,10.99,--,12,13188,卖盘
195,14:46:36,10.99,-0.01,70,76930,卖盘
196,14:46:33,11.0,0.01,47,51700,买盘
197,14:46:30,10.99,--,30,32970,卖盘
198,14:46:27,10.99,--,560,615440,卖盘
199,14:46:24,10.99,--,323,354977,卖盘
200,14:46:21,10.99,-0.01,57,62643,卖盘
201,14:46:18,11.0,0.01,1,1100,买盘
202,14:46:15,10.99,--,141,154959,卖盘
203,14:46:12,10.99,--,14,15386,卖盘
204,14:46:09,10.99,--,3,3297,卖盘
205,14:46:06,10.99,--,34,37366,卖盘
206,14:46:03,10.99,-0.01,12,13188,卖盘
207,14:46:00,11.0,--,15,16500,买盘
208,14:45:57,11.0,--,16,17600,买盘
209,14:45:54,11.0,--,26,28600,买盘
210,14:45:48,11.0,--,360,396000,买盘
211,14:45:45,11.0,--,38,41800,买盘
212,14:45:42,11.0,0.01,17,18700,买盘
213,14:45:39,10.99,-0.01,3,3297,卖盘
214,14:45:36,11.0,--,26,28600,买盘
215,14:45:33,11.0,0.01,22,24200,买盘
216,14:45:30,10.99,-0.01,15,16485,卖盘
217,14:45:24,11.0,0.01,55,60500,买盘
218,14:45:21,10.99,-0.01,26,28574,卖盘
219,14:45:18,11.0,0.01,6,6600,买盘
220,14:45:15,10.99,-0.01,11,12089,卖盘
221,14:45:12,11.0,0.01,11,12100,买盘
222,14:45:09,10.99,-0.01,10,10990,卖盘
223,14:45:06,11.0,0.01,6,6600,买盘
224,14:45:03,10.99,--,73,80227,卖盘
225,14:45:00,10.99,-0.01,30,32970,卖盘
226,14:44:57,11.0,--,23,25300,买盘
227,14:44:54,11.0,--,18,19800,买盘
228,14:44:51,11.0,--,14,15400,买盘
229,14:44:48,11.0,--,59,64900,买盘
230,14:44:45,11.0,--,54,59400,买盘
231,14:44:42,11.0,0.01,25,27500,买盘
232,14:44:33,10.99,-0.01,4,4396,卖盘
233,14:44:30,11.0,--,16,17600,买盘
234,14:44:27,11.0,-0.01,400,440000,卖盘
235,14:44:24,11.01,0.01,177,194877,买盘
236,14:44:21,11.0,--,41,45100,卖盘
237,14:44:18,11.0,--,1,1100,卖盘
238,14:44:15,11.0,-0.01,3,3300,卖盘
239,14:44:12,11.01,0.01,6,6606,买盘
240,14:44:09,11.0,-0.01,78,85800,卖盘
241,14:44:06,11.01,0.01,330,363330,买盘
242,14:44:03,11.0,-0.01,12,13200,卖盘
243,14:44:00,11.01,--,64,70464,买盘
244,14:43:57,11.01,--,123,135423,买盘
245,14:43:54,11.01,--,19,20919,买盘
246,14:43:51,11.01,--,363,399663,买盘
247,14:43:48,11.01,--,24,26424,买盘
248,14:43:45,11.01,--,3,3303,买盘
249,14:43:42,11.01,0.01,400,440400,买盘
250,14:43:39,11.0,--,12,13200,卖盘
251,14:43:36,11.0,--,523,575300,卖盘
252,14:43:33,11.0,--,49,53900,卖盘
253,14:43:30,11.0,--,551,606100,买盘
254,14:43:27,11.0,--,29,31900,买盘
255,14:43:24,11.0,0.01,100,110000,买盘
256,14:43:21,10.99,--,113,124187,卖盘
257,14:43:18,10.99,-0.01,397,436303,卖盘
258,14:43:15,11.0,--,96,105600,买盘
259,14:43:12,11.0,0.01,38,41800,买盘
260,14:43:09,10.99,-0.01,20,21980,卖盘
261,14:43:06,11.0,0.01,347,381700,买盘
262,14:43:03,10.99,--,179,196721,卖盘
263,14:43:00,10.99,--,202,221998,卖盘
264,14:42:57,10.99,-0.01,43,47257,卖盘
265,14:42:54,11.0,--,285,313500,买盘
266,14:42:51,11.0,0.01,450,495000,买盘
267,14:42:48,10.99,-0.01,44,48356,卖盘
268,14:42:45,11.0,--,139,152900,买盘
269,14:42:42,11.0,0.01,683,751300,买盘
270,14:42:39,10.99,--,14,15386,卖盘
271,14:42:36,10.99,-0.01,524,575876,卖盘
272,14:42:33,11.0,--,396,435600,买盘
273,14:42:30,11.0,0.01,1165,1281500,买盘
274,14:42:27,10.99,--,155,170345,买盘
275,14:42:24,10.99,0.01,521,572579,买盘
276,14:42:21,10.98,-0.01,90,98820,卖盘
277,14:42:18,10.99,0.01,323,354977,买盘
278,14:42:15,10.98,-0.01,52,57096,卖盘
279,14:42:12,10.99,0.01,338,371462,买盘
280,14:42:09,10.98,-0.01,30,32940,卖盘
281,14:42:06,10.99,--,1408,1547392,买盘
282,14:42:03,10.99,--,84,93041,买盘
283,14:42:00,10.99,--,52,57148,买盘
284,14:41:57,10.99,--,530,582470,买盘
285,14:41:54,10.99,--,280,307720,买盘
286,14:41:51,10.99,--,592,650608,买盘
287,14:41:48,10.99,--,30,32970,买盘
288,14:41:45,10.99,--,162,178038,买盘
289,14:41:42,10.99,0.01,506,556094,买盘
290,14:41:39,10.98,-0.01,149,163602,卖盘
291,14:41:36,10.99,0.01,505,554995,买盘
292,14:41:33,10.98,0.01,1,1098,买盘
293,14:41:30,10.97,-0.02,80,87760,卖盘
294,14:41:27,10.99,0.01,122,134078,买盘
295,14:41:24,10.98,-0.01,17,18666,中性盘
296,14:41:21,10.99,0.02,500,549500,买盘
297,14:41:18,10.97,-0.02,7,7679,卖盘
298,14:41:15,10.99,0.02,2956,3248644,买盘
299,14:41:12,10.97,--,716,785452,卖盘
300,14:41:09,10.97,-0.01,9,9873,卖盘
301,14:41:06,10.98,--,610,669780,买盘
302,14:41:03,10.98,0.01,8,8784,买盘
303,14:41:00,10.97,--,506,555082,卖盘
304,14:40:57,10.97,-0.01,11,12067,卖盘
305,14:40:54,10.98,0.01,533,585234,买盘
306,14:40:48,10.97,--,537,589089,中性盘
307,14:40:45,10.97,--,44,48268,买盘
308,14:40:42,10.97,--,63,69111,买盘
309,14:40:39,10.97,--,26,29344,买盘
310,14:40:36,10.97,--,15,16455,买盘
311,14:40:33,10.97,--,1,1097,买盘
312,14:40:30,10.97,--,56,61432,卖盘
313,14:40:27,10.97,--,1420,1558244,卖盘
314,14:40:24,10.97,--,57,62529,卖盘
315,14:40:21,10.97,--,12,13164,卖盘
316,14:40:18,10.97,--,5,5485,卖盘
317,14:40:15,10.97,--,159,174423,卖盘
318,14:40:12,10.97,--,809,888065,买盘
319,14:40:09,10.97,--,34,37298,买盘
320,14:40:06,10.97,--,674,739378,买盘
321,14:40:03,10.97,--,31,34007,买盘
322,14:40:00,10.97,--,580,636260,买盘
323,14:39:57,10.97,0.01,30,32910,买盘
324,14:39:54,10.96,-0.01,65,71240,卖盘
325,14:39:51,10.97,0.01,20,21940,买盘
326,14:39:45,10.96,-0.01,1,1096,卖盘
327,14:39:42,10.97,0.01,92,100924,买盘
328,14:39:39,10.96,--,2,2192,卖盘
329,14:39:36,10.96,--,13,14248,卖盘
330,14:39:27,10.96,--,47,51512,卖盘
331,14:39:24,10.96,--,468,512928,买盘
332,14:39:21,10.96,0.01,25,27400,买盘
333,14:39:18,10.95,--,62,67890,卖盘
334,14:39:15,10.95,-0.01,65,71175,卖盘
335,14:39:12,10.96,0.01,42,46032,买盘
336,14:39:09,10.95,--,9,9855,卖盘
337,14:39:03,10.95,--,66,72270,卖盘
338,14:39:00,10.95,-0.01,12,13140,卖盘
339,14:38:57,10.96,--,12,13152,买盘
340,14:38:51,10.96,--,115,126040,卖盘
341,14:38:48,10.96,0.01,4,4384,买盘
342,14:38:42,10.95,-0.02,7,7664,卖盘
343,14:38:39,10.97,0.01,241,264377,买盘
344,14:38:36,10.96,--,48,52608,买盘
345,14:38:33,10.96,--,30,32880,买盘
346,14:38:30,10.96,--,2010,2202960,买盘
347,14:38:27,10.96,--,1,1096,买盘
348,14:38:24,10.96,0.03,1344,1473024,买盘
349,14:38:21,10.93,-0.02,14,15302,卖盘
350,14:38:18,10.95,0.01,29,31754,买盘
351,14:38:15,10.94,--,55,60170,买盘
352,14:38:12,10.94,--,63,68922,买盘
353,14:38:09,10.94,0.01,13,14222,买盘
354,14:38:06,10.93,-0.01,3,3279,卖盘
355,14:38:03,10.94,--,1,1094,买盘
356,14:38:00,10.94,--,59,64546,买盘
357,14:37:54,10.94,--,32,35008,买盘
358,14:37:51,10.94,--,9,9846,买盘
359,14:37:48,10.94,--,37,40478,买盘
360,14:37:45,10.94,0.01,2,2188,买盘
361,14:37:42,10.93,--,15,16395,卖盘
362,14:37:39,10.93,--,16,17488,卖盘
363,14:37:33,10.93,--,12,13116,卖盘
364,14:37:30,10.93,-0.01,16,17488,卖盘
365,14:37:27,10.94,--,33,36102,买盘
366,14:37:24,10.94,--,10,10940,买盘
367,14:37:21,10.94,--,60,65640,买盘
368,14:37:18,10.94,0.01,6,6564,买盘
369,14:37:15,10.93,-0.01,9,9837,卖盘
370,14:37:12,10.94,0.01,29,31726,买盘
371,14:37:09,10.93,-0.01,19,20767,卖盘
372,14:37:03,10.94,--,11,12034,买盘
373,14:37:00,10.94,--,330,361020,卖盘
374,14:36:57,10.94,--,72,78768,卖盘
375,14:36:54,10.94,--,59,64546,卖盘
376,14:36:51,10.94,-0.01,5,5470,卖盘
377,14:36:45,10.95,0.01,10,10950,买盘
378,14:36:42,10.94,--,306,334764,卖盘
379,14:36:39,10.94,-0.01,44,48136,卖盘
380,14:36:36,10.95,0.01,12,13140,买盘
381,14:36:33,10.94,-0.01,23,25162,卖盘
382,14:36:30,10.95,0.01,21,22995,买盘
383,14:36:27,10.94,--,6,6564,卖盘
384,14:36:21,10.94,0.01,287,313978,买盘
385,14:36:18,10.93,-0.01,5,5465,卖盘
386,14:36:15,10.94,0.01,1,1094,买盘
387,14:36:12,10.93,--,7,7651,卖盘
388,14:36:09,10.93,--,27,29511,卖盘
389,14:36:06,10.93,--,5,5465,卖盘
390,14:36:03,10.93,--,148,161764,买盘
391,14:36:00,10.93,--,1,1093,买盘
392,14:35:57,10.93,0.01,25,27325,买盘
393,14:35:54,10.92,--,7,7644,卖盘
394,14:35:51,10.92,--,33,36036,卖盘
395,14:35:48,10.92,--,108,117936,卖盘
396,14:35:45,10.92,-0.01,4,4368,卖盘
397,14:35:42,10.93,--,7,7651,买盘
398,14:35:39,10.93,--,10,10930,买盘
399,14:35:36,10.93,0.01,20,21860,买盘
400,14:35:33,10.92,-0.01,6,6552,卖盘
401,14:35:30,10.93,--,13,14209,买盘
402,14:35:27,10.93,--,9,9837,买盘
403,14:35:24,10.93,0.01,38,41534,买盘
404,14:35:21,10.92,-0.01,16,17472,卖盘
405,14:35:18,10.93,-0.01,6,6558,买盘
406,14:35:15,10.94,0.02,200,218800,买盘
407,14:35:12,10.92,--,4,4368,卖盘
408,14:35:09,10.92,-0.01,110,120120,卖盘
409,14:35:06,10.93,--,105,114765,卖盘
410,14:35:03,10.93,--,4,4372,卖盘
411,14:35:00,10.93,-0.01,50,54650,卖盘
412,14:34:57,10.94,--,22,24068,买盘
413,14:34:54,10.94,0.01,50,54700,买盘
414,14:34:51,10.93,-0.01,52,56836,卖盘
415,14:34:48,10.94,--,8,8752,买盘
416,14:34:45,10.94,0.01,41,44854,买盘
417,14:34:42,10.93,--,31,33883,卖盘
418,14:34:39,10.93,--,18,19674,卖盘
419,14:34:36,10.93,-0.01,87,95145,卖盘
420,14:34:33,10.94,0.01,7,7658,买盘
421,14:34:27,10.93,-0.01,5,5465,卖盘
422,14:34:24,10.94,--,19,20786,买盘
423,14:34:21,10.94,-0.01,316,346141,卖盘
424,14:34:18,10.95,--,12,13140,买盘
425,14:34:15,10.95,0.01,25,27375,买盘
426,14:34:12,10.94,-0.01,152,166288,卖盘
427,14:34:09,10.95,--,17,18615,买盘
428,14:34:06,10.95,0.01,23,25185,买盘
429,14:34:03,10.94,-0.01,16,17504,卖盘
430,14:33:57,10.95,0.01,20,21900,买盘
431,14:33:54,10.94,-0.01,63,68922,卖盘
432,14:33:51,10.95,0.01,72,78840,买盘
433,14:33:48,10.94,-0.01,1,1094,卖盘
434,14:33:45,10.95,--,1,1095,买盘
435,14:33:42,10.95,-0.01,13,14234,中性盘
436,14:33:39,10.96,0.01,258,282768,买盘
437,14:33:36,10.95,0.01,32,35040,中性盘
438,14:33:33,10.94,--,24,26256,卖盘
439,14:33:30,10.94,-0.01,305,333670,卖盘
440,14:33:27,10.95,--,33,36135,卖盘
441,14:33:24,10.95,-0.01,185,202575,卖盘
442,14:33:18,10.96,--,141,154536,买盘
443,14:33:15,10.96,0.03,1611,1766313,买盘
444,14:33:09,10.93,-0.01,13,14209,卖盘
445,14:33:06,10.94,0.01,11,12034,买盘
446,14:33:03,10.93,--,7,7651,卖盘
447,14:33:00,10.93,-0.01,4,4372,卖盘
448,14:32:57,10.94,0.01,58,63452,买盘
449,14:32:54,10.93,0.01,49,53589,买盘
450,14:32:51,10.92,-0.01,601,657351,卖盘
451,14:32:48,10.93,--,5,5465,卖盘
452,14:32:45,10.93,--,19,20767,卖盘
453,14:32:42,10.93,0.01,241,263445,买盘
454,14:32:39,10.92,-0.01,10,10920,卖盘
455,14:32:36,10.93,--,40,43720,买盘
456,14:32:33,10.93,0.01,94,102742,买盘
457,14:32:30,10.92,--,5,5460,卖盘
458,14:32:27,10.92,--,25,27300,卖盘
459,14:32:24,10.92,--,6,6552,卖盘
460,14:32:21,10.92,--,20,21840,卖盘
461,14:32:18,10.92,--,14,15288,卖盘
462,14:32:15,10.92,-0.01,6,6552,中性盘
463,14:32:12,10.93,--,55,60115,买盘
464,14:32:06,10.93,0.01,60,65580,买盘
465,14:32:03,10.92,--,486,530712,卖盘
466,14:31:57,10.92,-0.01,12,13104,卖盘
467,14:31:54,10.93,--,113,123509,买盘
468,14:31:51,10.93,--,74,80882,买盘
469,14:31:48,10.93,0.01,11,12023,买盘
470,14:31:45,10.92,-0.02,17,18564,卖盘
471,14:31:42,10.94,0.02,34,37196,买盘
472,14:31:39,10.92,--,15,16380,卖盘
473,14:31:36,10.92,-0.01,27,29484,卖盘
474,14:31:33,10.93,--,31,33883,买盘
475,14:31:30,10.93,0.01,19,20767,买盘
476,14:31:27,10.92,--,81,88452,卖盘
477,14:31:24,10.92,--,35,38220,卖盘
478,14:31:21,10.92,--,20,21840,卖盘
479,14:31:18,10.92,-0.01,49,53508,卖盘
480,14:31:15,10.93,0.01,11,12023,买盘
481,14:31:12,10.92,-0.01,2,2184,卖盘
482,14:31:09,10.93,-0.01,15,16395,卖盘
483,14:31:06,10.94,0.01,116,126904,买盘
484,14:31:03,10.93,-0.01,16,17488,卖盘
485,14:31:00,10.94,--,8,8752,买盘
486,14:30:57,10.94,--,1,1094,买盘
487,14:30:54,10.94,0.01,19,20786,买盘
488,14:30:51,10.93,-0.01,18,19674,卖盘
489,14:30:48,10.94,--,26,28444,买盘
490,14:30:45,10.94,0.01,4,4376,买盘
491,14:30:42,10.93,-0.01,23,25139,卖盘
492,14:30:39,10.94,-0.01,48,52512,卖盘
493,14:30:36,10.95,0.01,19,20805,买盘
494,14:30:33,10.94,--,21,22974,卖盘
495,14:30:30,10.94,--,20,21880,卖盘
496,14:30:27,10.94,--,60,65640,卖盘
497,14:30:21,10.94,--,12,13128,卖盘
498,14:30:18,10.94,-0.01,5,5470,卖盘
499,14:30:15,10.95,--,1,1095,买盘
500,14:30:12,10.95,0.01,1,1095,买盘
501,14:30:09,10.94,-0.01,21,22974,卖盘
502,14:30:06,10.95,0.03,38,41610,买盘
503,14:30:03,10.92,--,27,29484,卖盘
504,14:29:57,10.92,--,11,12012,卖盘
505,14:29:51,10.92,--,11,12012,卖盘
506,14:29:48,10.92,-0.01,1018,1111656,卖盘
507,14:29:45,10.93,--,248,271064,买盘
508,14:29:42,10.93,0.01,50,54650,买盘
509,14:29:39,10.92,-0.01,61,66612,卖盘
510,14:29:36,10.93,--,16,17488,买盘
511,14:29:33,10.93,0.01,66,72138,买盘
512,14:29:30,10.92,--,5,5460,卖盘
513,14:29:27,10.92,-0.02,277,302484,卖盘
514,14:29:21,10.94,--,12,13128,卖盘
515,14:29:18,10.94,-0.01,323,353362,卖盘
516,14:29:15,10.95,0.01,36,39420,买盘
517,14:29:12,10.94,--,110,120340,卖盘
518,14:29:09,10.94,--,916,1002104,卖盘
519,14:29:03,10.94,-0.01,10,10940,卖盘
520,14:29:00,10.95,--,5,5475,买盘
521,14:28:57,10.95,0.01,3,3285,买盘
522,14:28:54,10.94,-0.01,17,18598,卖盘
523,14:28:51,10.95,--,84,91980,卖盘
524,14:28:48,10.95,--,57,62414,卖盘
525,14:28:45,10.95,--,67,73365,卖盘
526,14:28:42,10.95,--,41,44895,卖盘
527,14:28:39,10.95,--,6,6570,卖盘
528,14:28:36,10.95,--,36,39420,卖盘
529,14:28:33,10.95,--,14,15329,卖盘
530,14:28:30,10.95,--,13,14234,卖盘
531,14:28:24,10.95,--,402,440190,卖盘
532,14:28:21,10.95,--,29,31754,卖盘
533,14:28:18,10.95,-0.01,11,12045,卖盘
534,14:28:15,10.96,0.01,41,44936,买盘
535,14:28:12,10.95,--,13,14234,卖盘
536,14:28:09,10.95,-0.01,27,29564,卖盘
537,14:28:06,10.96,--,1,1096,买盘
538,14:28:03,10.96,0.01,34,37264,买盘
539,14:28:00,10.95,--,16,17520,卖盘
540,14:27:54,10.95,--,6,6570,卖盘
541,14:27:51,10.95,-0.01,32,35040,卖盘
542,14:27:48,10.96,-0.01,95,104646,卖盘
543,14:27:45,10.97,0.01,11,12067,买盘
544,14:27:42,10.96,--,37,40552,卖盘
545,14:27:39,10.96,-0.01,226,247696,卖盘
546,14:27:36,10.97,0.01,35,38395,买盘
547,14:27:33,10.96,--,334,366064,卖盘
548,14:27:30,10.96,-0.01,45,49320,卖盘
549,14:27:27,10.97,--,11,12067,买盘
550,14:27:24,10.97,0.01,39,42783,买盘
551,14:27:21,10.96,-0.01,5,5480,卖盘
552,14:27:18,10.97,0.01,70,76790,买盘
553,14:27:15,10.96,--,787,862552,卖盘
554,14:27:12,10.96,--,22,24112,卖盘
555,14:27:09,10.96,-0.01,10,10960,卖盘
556,14:27:06,10.97,0.01,54,59238,买盘
557,14:27:03,10.96,--,11,12056,卖盘
558,14:27:00,10.96,--,1012,1109152,卖盘
559,14:26:57,10.96,--,20,21920,卖盘
560,14:26:54,10.96,-0.01,15,16440,卖盘
561,14:26:51,10.97,0.01,47,52129,买盘
562,14:26:48,10.96,--,327,358392,买盘
563,14:26:45,10.96,--,221,242216,买盘
564,14:26:42,10.96,--,200,219200,买盘
565,14:26:39,10.96,--,1059,1160664,买盘
566,14:26:36,10.96,0.01,57,62472,买盘
567,14:26:33,10.95,-0.01,25,27375,卖盘
568,14:26:30,10.96,--,6,6576,买盘
569,14:26:27,10.96,--,78,85488,买盘
570,14:26:24,10.96,--,339,371544,买盘
571,14:26:21,10.96,--,15,16440,买盘
572,14:26:18,10.96,--,17,18632,买盘
573,14:26:15,10.96,--,6,6576,买盘
574,14:26:12,10.96,--,39,42744,买盘
575,14:26:09,10.96,0.01,31,33976,买盘
576,14:26:06,10.95,-0.01,100,109500,卖盘
577,14:26:03,10.96,--,45,49320,买盘
578,14:26:00,10.96,0.01,435,476760,买盘
579,14:25:57,10.95,--,40,43800,卖盘
580,14:25:54,10.95,--,238,260609,卖盘
581,14:25:51,10.95,--,74,81030,卖盘
582,14:25:48,10.95,--,975,1067625,买盘
583,14:25:45,10.95,--,1,1095,买盘
584,14:25:42,10.95,--,43,47085,买盘
585,14:25:39,10.95,--,144,157680,卖盘
586,14:25:36,10.95,--,119,130304,卖盘
587,14:25:33,10.95,-0.01,33,36135,卖盘
588,14:25:30,10.96,0.01,50,54800,买盘
589,14:25:27,10.95,-0.01,5,5475,卖盘
590,14:25:24,10.96,0.01,2,2192,买盘
591,14:25:21,10.95,--,37,40515,卖盘
592,14:25:18,10.95,--,386,422670,买盘
593,14:25:15,10.95,--,151,165345,买盘
594,14:25:12,10.95,0.01,1,1095,买盘
595,14:25:09,10.94,-0.01,72,78768,卖盘
596,14:25:06,10.95,0.01,19,20805,买盘
597,14:25:03,10.94,-0.01,29,31726,卖盘
598,14:25:00,10.95,0.01,169,185055,买盘
599,14:24:57,10.94,-0.01,504,551376,卖盘
600,14:24:54,10.95,--,197,215715,买盘
601,14:24:51,10.95,--,5,5475,买盘
602,14:24:48,10.95,0.01,1,1095,买盘
603,14:24:45,10.94,--,48,52512,卖盘
604,14:24:42,10.94,--,35,38290,卖盘
605,14:24:39,10.94,--,39,42666,卖盘
606,14:24:36,10.94,--,14,15316,卖盘
607,14:24:33,10.94,--,214,234116,卖盘
608,14:24:27,10.94,-0.01,5,5470,卖盘
609,14:24:24,10.95,--,388,424860,买盘
610,14:24:18,10.95,0.01,15,16425,买盘
611,14:24:15,10.94,-0.01,30,32820,卖盘
612,14:24:12,10.95,--,38,41610,买盘
613,14:24:09,10.95,0.01,154,168630,买盘
614,14:24:03,10.94,-0.01,14,15316,卖盘
615,14:24:00,10.95,--,92,100740,买盘
616,14:23:57,10.95,0.01,37,40515,买盘
617,14:23:54,10.94,--,2,2188,卖盘
618,14:23:51,10.94,-0.01,10,10940,卖盘
619,14:23:48,10.95,--,17,18615,买盘
620,14:23:45,10.95,--,77,84315,买盘
621,14:23:42,10.95,--,21,22995,买盘
622,14:23:39,10.95,0.01,667,730365,买盘
623,14:23:36,10.94,-0.01,28,30632,卖盘
624,14:23:30,10.95,0.01,9,9855,买盘
625,14:23:27,10.94,--,37,40478,卖盘
626,14:23:24,10.94,--,227,248338,买盘
627,14:23:21,10.94,--,27,29538,买盘
628,14:23:18,10.94,0.01,408,446352,买盘
629,14:23:15,10.93,--,105,114765,卖盘
630,14:23:12,10.93,-0.01,5,5465,卖盘
631,14:23:09,10.94,0.01,8,8752,买盘
632,14:23:06,10.93,-0.01,71,77603,卖盘
633,14:23:03,10.94,0.01,15,16410,买盘
634,14:23:00,10.93,--,223,243739,卖盘
635,14:22:57,10.93,--,1,1093,卖盘
636,14:22:54,10.93,--,47,51371,卖盘
637,14:22:51,10.93,--,32,34976,卖盘
638,14:22:48,10.93,-0.01,13,14209,卖盘
639,14:22:45,10.94,--,39,42666,买盘
640,14:22:42,10.94,0.01,11,12034,买盘
641,14:22:39,10.93,-0.01,216,236088,卖盘
642,14:22:36,10.94,--,17,18598,买盘
643,14:22:33,10.94,0.01,62,67828,买盘
644,14:22:30,10.93,-0.01,78,85254,卖盘
645,14:22:27,10.94,0.01,32,35008,买盘
646,14:22:24,10.93,-0.01,64,69952,卖盘
647,14:22:21,10.94,0.01,56,61264,买盘
648,14:22:18,10.93,--,10,10930,卖盘
649,14:22:12,10.93,--,6,6558,卖盘
650,14:22:09,10.93,-0.01,26,28418,卖盘
651,14:22:06,10.94,0.01,71,77674,买盘
652,14:22:03,10.93,-0.01,26,28418,卖盘
653,14:22:00,10.94,--,215,235210,买盘
654,14:21:54,10.94,0.01,8,8752,买盘
655,14:21:51,10.93,-0.01,5,5465,卖盘
656,14:21:48,10.94,0.01,161,176134,买盘
657,14:21:45,10.93,--,17,18581,卖盘
658,14:21:42,10.93,-0.01,12,13116,卖盘
659,14:21:39,10.94,--,114,124716,买盘
660,14:21:36,10.94,--,24,26256,买盘
661,14:21:33,10.94,0.01,104,113776,买盘
662,14:21:30,10.93,--,64,69952,卖盘
663,14:21:27,10.93,-0.01,576,629568,卖盘
664,14:21:24,10.94,--,97,106118,买盘
665,14:21:21,10.94,0.01,37,40478,买盘
666,14:21:18,10.93,--,20,21860,卖盘
667,14:21:15,10.93,-0.01,37,40441,卖盘
668,14:21:12,10.94,0.01,6,6564,买盘
669,14:21:09,10.93,-0.01,37,40441,卖盘
670,14:21:06,10.94,0.01,43,47042,买盘
671,14:21:03,10.93,-0.01,5,5465,卖盘
672,14:21:00,10.94,0.01,93,101742,买盘
673,14:20:57,10.93,-0.01,17,18581,卖盘
674,14:20:54,10.94,0.01,235,257090,买盘
675,14:20:51,10.93,--,12,13116,卖盘
676,14:20:45,10.93,-0.01,370,404410,卖盘
677,14:20:42,10.94,0.01,27,29538,买盘
678,14:20:39,10.93,-0.01,14,15302,卖盘
679,14:20:36,10.94,--,49,53606,买盘
680,14:20:33,10.94,0.01,1,1094,买盘
681,14:20:30,10.93,--,12,13116,卖盘
682,14:20:27,10.93,--,995,1087535,买盘
683,14:20:24,10.93,--,44,48092,买盘
684,14:20:18,10.93,0.01,28,30604,买盘
685,14:20:15,10.92,-0.01,45,49140,卖盘
686,14:20:12,10.93,0.01,117,127881,买盘
687,14:20:09,10.92,--,19,20748,卖盘
688,14:20:06,10.92,--,13,14196,卖盘
689,14:20:03,10.92,--,56,61152,卖盘
690,14:20:00,10.92,--,36,39312,卖盘
691,14:19:57,10.92,-0.01,32,34944,卖盘
692,14:19:54,10.93,0.01,11,12023,买盘
693,14:19:51,10.92,-0.01,3,3276,卖盘
694,14:19:48,10.93,0.01,8,8744,买盘
695,14:19:45,10.92,--,22,24024,卖盘
696,14:19:42,10.92,--,24,26208,卖盘
697,14:19:39,10.92,--,45,49140,卖盘
698,14:19:36,10.92,--,36,39312,卖盘
699,14:19:30,10.92,--,15,16380,卖盘
700,14:19:27,10.92,--,5,5460,卖盘
701,14:19:21,10.92,0.01,63,68796,买盘
702,14:19:18,10.91,-0.01,41,44731,卖盘
703,14:19:15,10.92,--,47,51324,买盘
704,14:19:12,10.92,0.01,221,241332,买盘
705,14:19:09,10.91,-0.01,48,52368,卖盘
706,14:19:06,10.92,0.01,1517,1656564,买盘
707,14:19:03,10.91,--,55,60005,卖盘
708,14:19:00,10.91,--,5,5455,卖盘
709,14:18:57,10.91,--,26,28366,卖盘
710,14:18:54,10.91,--,14,15274,卖盘
711,14:18:51,10.91,--,61,66551,卖盘
712,14:18:48,10.91,--,1,1091,卖盘
713,14:18:45,10.91,--,17,18547,卖盘
714,14:18:42,10.91,--,132,144012,卖盘
715,14:18:39,10.91,0.01,430,469130,买盘
716,14:18:36,10.9,--,45,49050,卖盘
717,14:18:33,10.9,-0.01,5,5450,卖盘
718,14:18:30,10.91,0.01,13,14183,买盘
719,14:18:27,10.9,--,21,22890,卖盘
720,14:18:21,10.9,-0.01,18,19620,卖盘
721,14:18:18,10.91,0.01,12,13092,买盘
722,14:18:15,10.9,-0.01,4,4360,卖盘
723,14:18:12,10.91,0.02,21,22911,买盘
724,14:18:09,10.89,-0.01,12,13068,卖盘
725,14:18:06,10.9,--,263,286670,卖盘
726,14:18:03,10.9,-0.01,17,18530,卖盘
727,14:17:54,10.91,--,36,39276,买盘
728,14:17:51,10.91,--,27,29457,买盘
729,14:17:48,10.91,0.01,10,10910,买盘
730,14:17:42,10.9,-0.01,325,354250,卖盘
731,14:17:39,10.91,--,18,19638,卖盘
732,14:17:36,10.91,--,144,157104,卖盘
733,14:17:33,10.91,--,28,30548,卖盘
734,14:17:30,10.91,-0.01,2,2182,卖盘
735,14:17:27,10.92,--,12,13104,买盘
736,14:17:24,10.92,--,253,276276,买盘
737,14:17:21,10.92,--,41,44772,买盘
738,14:17:18,10.92,0.01,17,18564,买盘
739,14:17:15,10.91,-0.01,5,5455,卖盘
740,14:17:12,10.92,0.01,41,44772,买盘
741,14:17:09,10.91,--,144,157104,卖盘
742,14:17:06,10.91,--,12,13092,卖盘
743,14:17:03,10.91,--,11,12001,卖盘
744,14:16:57,10.91,--,11,12001,卖盘
745,14:16:54,10.91,-0.01,79,86189,卖盘
746,14:16:51,10.92,--,11,12012,买盘
747,14:16:48,10.92,0.01,138,150696,买盘
748,14:16:45,10.91,--,53,57823,卖盘
749,14:16:42,10.91,-0.01,17,18547,卖盘
750,14:16:39,10.92,-0.01,116,126672,卖盘
751,14:16:36,10.93,0.01,80,87440,买盘
752,14:16:33,10.92,--,22,24024,买盘
753,14:16:30,10.92,0.01,8,8736,买盘
754,14:16:27,10.91,-0.02,8,8728,卖盘
755,14:16:24,10.93,0.01,124,135532,买盘
756,14:16:21,10.92,--,16,17472,卖盘
757,14:16:18,10.92,--,63,68796,卖盘
758,14:16:15,10.92,--,5,5460,卖盘
759,14:16:12,10.92,--,110,120120,卖盘
760,14:16:09,10.92,-0.01,22,24024,卖盘
761,14:16:06,10.93,--,14,15302,买盘
762,14:16:03,10.93,0.01,15,16395,买盘
763,14:16:00,10.92,--,21,22932,卖盘
764,14:15:57,10.92,-0.01,57,62244,卖盘
765,14:15:54,10.93,--,12,13116,买盘
766,14:15:48,10.93,--,3,3279,买盘
767,14:15:45,10.93,--,69,75417,买盘
768,14:15:42,10.93,0.01,68,74324,买盘
769,14:15:39,10.92,-0.01,28,30576,卖盘
770,14:15:36,10.93,--,24,26232,买盘
771,14:15:33,10.93,0.01,37,40441,买盘
772,14:15:30,10.92,-0.01,25,27300,卖盘
773,14:15:27,10.93,--,4,4372,买盘
774,14:15:24,10.93,0.01,29,31697,买盘
775,14:15:21,10.92,--,43,46956,卖盘
776,14:15:18,10.92,-0.01,14,15288,卖盘
777,14:15:15,10.93,0.01,33,36069,买盘
778,14:15:12,10.92,--,13,14196,卖盘
779,14:15:09,10.92,-0.01,210,229320,卖盘
780,14:15:06,10.93,--,14,15302,买盘
781,14:15:03,10.93,0.01,1,1093,买盘
782,14:15:00,10.92,-0.01,24,26208,卖盘
783,14:14:57,10.93,--,17,18581,买盘
784,14:14:54,10.93,0.01,50,54650,买盘
785,14:14:51,10.92,--,6,6552,卖盘
786,14:14:48,10.92,-0.01,12,13104,卖盘
787,14:14:45,10.93,--,3,3279,买盘
788,14:14:42,10.93,--,2,2186,买盘
789,14:14:39,10.93,0.01,31,33883,买盘
790,14:14:36,10.92,-0.01,30,32760,卖盘
791,14:14:33,10.93,0.01,495,541035,买盘
792,14:14:30,10.92,-0.01,16,17472,卖盘
793,14:14:27,10.93,0.01,54,59022,买盘
794,14:14:24,10.92,--,241,263172,卖盘
795,14:14:21,10.92,--,58,63336,卖盘
796,14:14:18,10.92,--,15,16380,卖盘
797,14:14:15,10.92,--,83,91116,卖盘
798,14:14:12,10.92,0.01,549,599508,买盘
799,14:14:09,10.91,--,3,3273,卖盘
800,14:14:06,10.91,-0.01,3,3273,卖盘
801,14:14:03,10.92,--,59,64428,买盘
802,14:14:00,10.92,0.01,19,20748,买盘
803,14:13:57,10.91,-0.01,24,26184,卖盘
804,14:13:54,10.92,--,27,29484,卖盘
805,14:13:51,10.92,--,162,176904,卖盘
806,14:13:48,10.92,-0.01,99,108108,卖盘
807,14:13:45,10.93,0.01,5,5465,买盘
808,14:13:42,10.92,--,74,80808,卖盘
809,14:13:39,10.92,--,44,48048,卖盘
810,14:13:36,10.92,--,268,292656,卖盘
811,14:13:33,10.92,--,95,103740,卖盘
812,14:13:30,10.92,-0.01,242,264264,卖盘
813,14:13:27,10.93,0.01,228,249204,买盘
814,14:13:24,10.92,--,15,16380,卖盘
815,14:13:21,10.92,--,31,33852,卖盘
816,14:13:18,10.92,--,81,88452,卖盘
817,14:13:15,10.92,--,6,6552,卖盘
818,14:13:12,10.92,--,97,105924,卖盘
819,14:13:09,10.92,-0.01,238,259896,卖盘
820,14:13:06,10.93,--,33,36069,买盘
821,14:13:03,10.93,0.01,32,34976,买盘
822,14:13:00,10.92,--,3,3276,卖盘
823,14:12:54,10.92,--,17,18564,卖盘
824,14:12:48,10.92,--,5,5460,卖盘
825,14:12:45,10.92,-0.01,7,7644,卖盘
826,14:12:42,10.93,0.01,4,4372,买盘
827,14:12:39,10.92,--,205,223860,卖盘
828,14:12:36,10.92,--,33,36036,卖盘
829,14:12:33,10.92,-0.01,9,9828,卖盘
830,14:12:30,10.93,0.01,13,14209,买盘
831,14:12:27,10.92,--,210,229320,卖盘
832,14:12:24,10.92,-0.01,165,180180,卖盘
833,14:12:18,10.93,--,53,57929,买盘
834,14:12:15,10.93,0.01,78,85254,买盘
835,14:12:12,10.92,-0.01,117,127764,卖盘
836,14:12:09,10.93,--,12,13116,买盘
837,14:12:06,10.93,--,59,64487,买盘
838,14:12:03,10.93,--,25,27325,买盘
839,14:12:00,10.93,0.01,23,25139,买盘
840,14:11:57,10.92,--,35,38220,卖盘
841,14:11:54,10.92,--,43,46956,卖盘
842,14:11:51,10.92,-0.01,15,16380,卖盘
843,14:11:48,10.93,--,12,13116,买盘
844,14:11:45,10.93,--,111,121323,买盘
845,14:11:42,10.93,--,68,74324,买盘
846,14:11:39,10.93,0.01,38,41534,买盘
847,14:11:36,10.92,--,7,7644,卖盘
848,14:11:33,10.92,-0.02,149,162708,卖盘
849,14:11:30,10.94,--,20,21880,买盘
850,14:11:27,10.94,--,16,17504,买盘
851,14:11:24,10.94,0.01,20,21880,买盘
852,14:11:21,10.93,--,21,22953,卖盘
853,14:11:18,10.93,-0.01,100,109300,卖盘
854,14:11:15,10.94,--,18,19692,买盘
855,14:11:12,10.94,0.01,7,7658,买盘
856,14:11:09,10.93,--,122,133346,卖盘
857,14:11:06,10.93,--,11,12023,卖盘
858,14:11:03,10.93,--,70,76510,买盘
859,14:11:00,10.93,0.01,68,74324,买盘
860,14:10:57,10.92,-0.02,91,99372,卖盘
861,14:10:54,10.94,0.01,116,126904,买盘
862,14:10:51,10.93,-0.01,184,201112,卖盘
863,14:10:48,10.94,--,62,67828,买盘
864,14:10:45,10.94,0.01,6,6564,买盘
865,14:10:42,10.93,--,30,32790,卖盘
866,14:10:39,10.93,0.01,1339,1463527,买盘
867,14:10:36,10.92,-0.01,237,258804,卖盘
868,14:10:33,10.93,--,286,312598,买盘
869,14:10:30,10.93,0.01,27,29511,买盘
870,14:10:27,10.92,--,132,144144,卖盘
871,14:10:24,10.92,--,1,1092,卖盘
872,14:10:21,10.92,--,63,68796,卖盘
873,14:10:18,10.92,-0.01,75,81900,卖盘
874,14:10:15,10.93,0.01,25,27325,买盘
875,14:10:12,10.92,0.01,360,393120,买盘
876,14:10:09,10.91,--,41,44731,卖盘
877,14:10:06,10.91,-0.01,41,44731,卖盘
878,14:10:03,10.92,--,23,25116,买盘
879,14:10:00,10.92,0.01,154,168168,买盘
880,14:09:57,10.91,--,1,1091,卖盘
881,14:09:54,10.91,-0.01,79,86189,卖盘
882,14:09:51,10.92,--,12,13104,卖盘
883,14:09:48,10.92,--,28,30576,买盘
884,14:09:42,10.92,--,97,105924,买盘
885,14:09:39,10.92,0.01,18,19656,买盘
886,14:09:36,10.91,-0.01,84,91644,卖盘
887,14:09:33,10.92,--,125,136500,卖盘
888,14:09:30,10.92,--,21,22932,卖盘
889,14:09:27,10.92,--,688,751296,买盘
890,14:09:24,10.92,--,30,32760,买盘
891,14:09:21,10.92,--,2,2184,买盘
892,14:09:18,10.92,--,80,87360,买盘
893,14:09:15,10.92,--,31,33852,买盘
894,14:09:12,10.92,0.01,85,92820,买盘
895,14:09:09,10.91,-0.01,203,221473,卖盘
896,14:09:06,10.92,0.01,44,48048,买盘
897,14:09:03,10.91,-0.01,92,100372,卖盘
898,14:09:00,10.92,0.01,2,2184,买盘
899,14:08:57,10.91,-0.01,13,14183,卖盘
900,14:08:54,10.92,0.01,43,46956,买盘
901,14:08:51,10.91,-0.01,11,12001,卖盘
902,14:08:45,10.92,0.01,76,82992,买盘
903,14:08:42,10.91,-0.01,20,21820,卖盘
904,14:08:39,10.92,0.01,8,8736,买盘
905,14:08:36,10.91,--,25,27275,卖盘
906,14:08:33,10.91,--,78,85098,卖盘
907,14:08:30,10.91,--,5,5455,卖盘
908,14:08:27,10.91,--,3,3273,卖盘
909,14:08:24,10.91,--,9,9819,卖盘
910,14:08:21,10.91,--,32,34912,卖盘
911,14:08:18,10.91,--,13,14183,卖盘
912,14:08:15,10.91,--,41,44731,卖盘
913,14:08:12,10.91,--,60,65460,卖盘
914,14:08:09,10.91,--,24,26184,卖盘
915,14:08:06,10.91,--,12,13092,卖盘
916,14:08:03,10.91,0.01,550,600050,买盘
917,14:08:00,10.9,--,7,7630,卖盘
918,14:07:57,10.9,-0.01,279,304110,卖盘
919,14:07:54,10.91,0.01,175,190925,买盘
920,14:07:51,10.9,--,341,371690,卖盘
921,14:07:48,10.9,--,14,15260,买盘
922,14:07:45,10.9,--,42,45780,买盘
923,14:07:42,10.9,--,165,179850,卖盘
924,14:07:39,10.9,--,14,15260,卖盘
925,14:07:36,10.9,--,135,147150,卖盘
926,14:07:33,10.9,0.01,20,21800,卖盘
927,14:07:27,10.89,--,442,481338,卖盘
928,14:07:21,10.89,-0.01,145,157905,卖盘
929,14:07:18,10.9,0.01,13,14170,买盘
930,14:07:15,10.89,-0.01,46,50094,卖盘
931,14:07:12,10.9,0.01,655,713950,买盘
932,14:07:09,10.89,--,249,271161,卖盘
933,14:07:06,10.89,-0.01,57,62073,卖盘
934,14:07:03,10.9,0.01,24,26160,买盘
935,14:07:00,10.89,--,24,26136,卖盘
936,14:06:57,10.89,--,29,31581,卖盘
937,14:06:54,10.89,--,6,6534,卖盘
938,14:06:51,10.89,-0.01,12,13068,卖盘
939,14:06:48,10.9,0.01,43,46870,买盘
940,14:06:45,10.89,--,37,40293,卖盘
941,14:06:42,10.89,-0.01,10,10890,卖盘
942,14:06:39,10.9,--,13,14170,买盘
943,14:06:36,10.9,--,121,131890,买盘
944,14:06:30,10.9,--,39,42510,买盘
945,14:06:27,10.9,0.01,24,26160,买盘
946,14:06:24,10.89,-0.01,15,16335,卖盘
947,14:06:21,10.9,--,54,58860,买盘
948,14:06:18,10.9,--,18,19620,买盘
949,14:06:15,10.9,0.01,119,129710,买盘
950,14:06:12,10.89,-0.01,18,19602,卖盘
951,14:06:09,10.9,0.01,29,31610,买盘
952,14:06:06,10.89,--,16,17424,卖盘
953,14:06:03,10.89,0.02,1595,1736987,买盘
954,14:06:00,10.87,-0.01,65,70655,卖盘
955,14:05:57,10.88,--,222,241536,买盘
956,14:05:54,10.88,0.01,212,230656,买盘
957,14:05:51,10.87,-0.01,12,13043,卖盘
958,14:05:48,10.88,0.01,200,217600,买盘
959,14:05:45,10.87,--,12,13043,卖盘
960,14:05:42,10.87,--,14,15217,卖盘
961,14:05:39,10.87,--,22,23914,卖盘
962,14:05:36,10.87,--,529,575023,卖盘
963,14:05:33,10.87,-0.01,33,35871,卖盘
964,14:05:30,10.88,--,53,57664,买盘
965,14:05:27,10.88,--,28,30464,买盘
966,14:05:24,10.88,0.01,385,418880,买盘
967,14:05:21,10.87,-0.01,2,2174,卖盘
968,14:05:18,10.88,--,39,42432,买盘
969,14:05:15,10.88,--,19,20672,买盘
970,14:05:12,10.88,0.01,60,65280,买盘
971,14:05:09,10.87,--,18,19566,买盘
972,14:05:06,10.87,--,7,7608,买盘
973,14:05:03,10.87,-0.01,16,17392,卖盘
974,14:05:00,10.88,0.01,206,224128,买盘
975,14:04:57,10.87,--,10,10870,卖盘
976,14:04:54,10.87,--,53,57610,买盘
977,14:04:51,10.87,0.01,17,18479,买盘
978,14:04:48,10.86,-0.01,14,15204,卖盘
979,14:04:45,10.87,--,101,109786,买盘
980,14:04:42,10.87,--,35,38045,买盘
981,14:04:39,10.87,--,66,71742,买盘
982,14:04:36,10.87,0.01,381,414146,买盘
983,14:04:33,10.86,-0.01,25,27150,卖盘
984,14:04:30,10.87,0.01,29,31522,买盘
985,14:04:27,10.86,-0.01,28,30408,卖盘
986,14:04:24,10.87,0.01,410,445669,买盘
987,14:04:21,10.86,--,12,13032,卖盘
988,14:04:15,10.86,--,23,24978,卖盘
989,14:04:12,10.86,-0.01,70,76020,卖盘
990,14:04:09,10.87,--,23,25001,买盘
991,14:04:06,10.87,0.01,10,10870,买盘
992,14:04:03,10.86,-0.01,16,17376,卖盘
993,14:04:00,10.87,--,57,61958,买盘
994,14:03:57,10.87,--,11,11957,买盘
995,14:03:51,10.87,--,350,380450,买盘
996,14:03:48,10.87,--,49,53262,买盘
997,14:03:45,10.87,0.01,16,17392,买盘
998,14:03:42,10.86,--,19,20634,卖盘
999,14:03:39,10.86,--,94,102084,卖盘
1000,14:03:36,10.86,--,7,7602,卖盘
1001,14:03:33,10.86,-0.01,54,58644,卖盘
1002,14:03:27,10.87,0.01,111,120656,买盘
1003,14:03:24,10.86,--,2,2172,卖盘
1004,14:03:21,10.86,--,30,32580,卖盘
1005,14:03:18,10.86,-0.01,12,13032,卖盘
1006,14:03:15,10.87,--,21,22827,买盘
1007,14:03:12,10.87,0.01,20,21740,买盘
1008,14:03:09,10.86,--,76,82536,卖盘
1009,14:03:06,10.86,--,19,20634,卖盘
1010,14:03:03,10.86,--,923,1002378,卖盘
1011,14:03:00,10.86,-0.01,12,13032,卖盘
1012,14:02:57,10.87,--,512,556544,买盘
1013,14:02:54,10.87,--,15,16304,买盘
1014,14:02:45,10.87,0.01,12,13043,买盘
1015,14:02:42,10.86,--,9,9774,卖盘
1016,14:02:36,10.86,--,28,30408,卖盘
1017,14:02:33,10.86,--,14,15204,卖盘
1018,14:02:30,10.86,-0.01,30,32580,卖盘
1019,14:02:27,10.87,--,13,14130,买盘
1020,14:02:24,10.87,0.01,11,11957,买盘
1021,14:02:21,10.86,--,10,10860,卖盘
1022,14:02:18,10.86,-0.01,29,31494,卖盘
1023,14:02:15,10.87,--,81,88047,买盘
1024,14:02:12,10.87,--,110,119569,买盘
1025,14:02:09,10.87,0.01,4,4348,买盘
1026,14:02:06,10.86,-0.01,75,81450,卖盘
1027,14:02:03,10.87,--,252,273924,买盘
1028,14:01:54,10.87,0.01,22,23914,买盘
1029,14:01:51,10.86,--,53,57558,卖盘
1030,14:01:48,10.86,-0.01,5,5430,卖盘
1031,14:01:45,10.87,--,1,1087,买盘
1032,14:01:42,10.87,--,30,32609,买盘
1033,14:01:39,10.87,0.01,7,7608,买盘
1034,14:01:36,10.86,--,34,36924,卖盘
1035,14:01:33,10.86,--,45,48870,卖盘
1036,14:01:30,10.86,--,20,21720,卖盘
1037,14:01:27,10.86,--,841,913326,买盘
1038,14:01:24,10.86,0.01,31,33666,买盘
1039,14:01:21,10.85,-0.01,102,110670,卖盘
1040,14:01:18,10.86,--,470,510420,买盘
1041,14:01:15,10.86,0.01,1,1086,买盘
1042,14:01:06,10.85,--,14,15190,卖盘
1043,14:01:00,10.85,--,29,31465,买盘
1044,14:00:57,10.85,0.01,91,98735,买盘
1045,14:00:54,10.84,--,2,2168,卖盘
1046,14:00:48,10.84,-0.01,2,2168,卖盘
1047,14:00:45,10.85,0.01,505,547925,买盘
1048,14:00:42,10.84,--,9,9756,卖盘
1049,14:00:39,10.84,--,11,11924,卖盘
1050,14:00:36,10.84,--,17,18428,卖盘
1051,14:00:33,10.84,-0.01,464,502976,卖盘
1052,14:00:30,10.85,--,128,138880,买盘
1053,14:00:27,10.85,--,461,500185,买盘
1054,14:00:24,10.85,0.01,10,10850,买盘
1055,14:00:21,10.84,--,7,7588,卖盘
1056,14:00:18,10.84,--,1,1084,卖盘
1057,14:00:15,10.84,--,13,14092,卖盘
1058,14:00:09,10.84,--,22,23848,卖盘
1059,14:00:06,10.84,-0.01,7,7588,卖盘
1060,14:00:03,10.85,0.01,83,90055,买盘
1061,14:00:00,10.84,0.01,291,315444,买盘
1062,13:59:57,10.83,--,301,325983,卖盘
1063,13:59:45,10.83,-0.01,23,24909,卖盘
1064,13:59:42,10.84,0.01,474,513816,买盘
1065,13:59:39,10.83,--,66,71478,卖盘
1066,13:59:36,10.83,--,58,62814,卖盘
1067,13:59:33,10.83,-0.01,497,538251,卖盘
1068,13:59:27,10.84,0.01,11,11924,买盘
1069,13:59:24,10.83,--,82,88806,卖盘
1070,13:59:21,10.83,--,621,672543,卖盘
1071,13:59:18,10.83,--,20,21660,卖盘
1072,13:59:15,10.83,-0.01,12,12996,卖盘
1073,13:59:12,10.84,0.01,561,608124,买盘
1074,13:59:09,10.83,--,14,15162,卖盘
1075,13:59:06,10.83,-0.01,20,21660,卖盘
1076,13:59:03,10.84,0.01,254,275336,买盘
1077,13:59:00,10.83,--,3,3249,卖盘
1078,13:58:57,10.83,--,13,14079,卖盘
1079,13:58:45,10.83,0.01,13,14079,买盘
1080,13:58:42,10.82,--,67,72494,卖盘
1081,13:58:39,10.82,--,462,499884,卖盘
1082,13:58:36,10.82,--,46,49772,卖盘
1083,13:58:33,10.82,-0.01,25,27050,卖盘
1084,13:58:30,10.83,--,503,544749,买盘
1085,13:58:27,10.83,--,1,1083,买盘
1086,13:58:24,10.83,0.01,10,10830,买盘
1087,13:58:18,10.82,-0.01,61,66002,卖盘
1088,13:58:15,10.83,--,13,14079,买盘
1089,13:58:12,10.83,--,982,1064199,卖盘
1090,13:58:09,10.83,--,1,1083,卖盘
1091,13:58:06,10.83,--,10,10830,卖盘
1092,13:58:03,10.83,--,13,14079,卖盘
1093,13:58:00,10.83,-0.01,8,8664,卖盘
1094,13:57:57,10.84,0.01,1,1084,买盘
1095,13:57:51,10.83,--,110,119130,卖盘
1096,13:57:48,10.83,--,48,51984,卖盘
1097,13:57:45,10.83,--,70,75810,卖盘
1098,13:57:42,10.83,--,9,9747,卖盘
1099,13:57:39,10.83,--,1,1083,卖盘
1100,13:57:36,10.83,--,13,14079,卖盘
1101,13:57:33,10.83,--,14,15162,卖盘
1102,13:57:27,10.83,--,8,8664,卖盘
1103,13:57:21,10.83,-0.01,4,4332,卖盘
1104,13:57:18,10.84,0.01,30,32520,买盘
1105,13:57:15,10.83,-0.01,15,16245,卖盘
1106,13:57:09,10.84,0.01,39,42276,买盘
1107,13:57:06,10.83,--,15,16245,卖盘
1108,13:57:03,10.83,-0.01,59,63897,卖盘
1109,13:56:57,10.84,0.01,20,21680,买盘
1110,13:56:51,10.83,--,21,22743,卖盘
1111,13:56:48,10.83,--,27,29241,卖盘
1112,13:56:45,10.83,--,11,11913,卖盘
1113,13:56:42,10.83,--,9,9747,卖盘
1114,13:56:39,10.83,--,41,44403,卖盘
1115,13:56:36,10.83,--,49,53067,卖盘
1116,13:56:33,10.83,-0.01,230,249090,卖盘
1117,13:56:27,10.84,0.01,8,8672,买盘
1118,13:56:24,10.83,-0.01,20,21660,卖盘
1119,13:56:21,10.84,--,30,32520,买盘
1120,13:56:15,10.84,0.01,101,109484,买盘
1121,13:56:09,10.83,--,1,1083,卖盘
1122,13:56:06,10.83,--,82,88806,卖盘
1123,13:56:03,10.83,--,2,2166,卖盘
1124,13:56:00,10.83,-0.01,70,76199,卖盘
1125,13:55:57,10.84,0.01,2,2168,买盘
1126,13:55:51,10.83,--,1,1083,卖盘
1127,13:55:48,10.83,--,76,82308,卖盘
1128,13:55:45,10.83,--,505,546915,卖盘
1129,13:55:42,10.83,-0.01,20,21660,卖盘
1130,13:55:39,10.84,--,262,284008,买盘
1131,13:55:36,10.84,0.01,20,21680,买盘
1132,13:55:33,10.83,-0.01,16,17328,卖盘
1133,13:55:30,10.84,--,36,39024,买盘
1134,13:55:27,10.84,0.01,1,1084,买盘
1135,13:55:24,10.83,--,10,10830,卖盘
1136,13:55:21,10.83,-0.01,1,1083,卖盘
1137,13:55:18,10.84,0.01,210,227640,买盘
1138,13:55:15,10.83,--,11,11913,卖盘
1139,13:55:12,10.83,--,98,106134,卖盘
1140,13:55:09,10.83,--,56,60648,卖盘
1141,13:55:06,10.83,--,52,56316,卖盘
1142,13:55:03,10.83,-0.01,2,2166,卖盘
1143,13:55:00,10.84,--,55,59620,买盘
1144,13:54:57,10.84,0.01,2,2168,买盘
1145,13:54:54,10.83,-0.01,30,32490,卖盘
1146,13:54:48,10.84,--,100,108400,买盘
1147,13:54:42,10.84,0.01,10,10840,买盘
1148,13:54:39,10.83,--,16,17328,卖盘
1149,13:54:36,10.83,--,3,3249,卖盘
1150,13:54:33,10.83,-0.01,14,15162,卖盘
1151,13:54:27,10.84,0.01,2,2168,买盘
1152,13:54:24,10.83,--,21,22743,卖盘
1153,13:54:15,10.83,--,2,2166,卖盘
1154,13:54:09,10.83,--,92,99636,卖盘
1155,13:54:06,10.83,-0.01,7,7581,卖盘
1156,13:54:03,10.84,--,1,1084,买盘
1157,13:53:57,10.84,0.01,1,1084,买盘
1158,13:53:54,10.83,--,16,17328,卖盘
1159,13:53:45,10.83,-0.01,37,40071,卖盘
1160,13:53:42,10.84,0.01,20,21680,买盘
1161,13:53:39,10.83,--,92,99636,卖盘
1162,13:53:36,10.83,--,13,14079,卖盘
1163,13:53:33,10.83,--,15,16245,卖盘
1164,13:53:30,10.83,--,27,29241,卖盘
1165,13:53:27,10.83,--,24,25992,卖盘
1166,13:53:24,10.83,--,1,1083,卖盘
1167,13:53:21,10.83,--,5,5415,卖盘
1168,13:53:18,10.83,-0.01,24,25992,卖盘
1169,13:53:12,10.84,0.01,1,1084,买盘
1170,13:53:09,10.83,--,9,9747,卖盘
1171,13:53:06,10.83,--,41,44403,卖盘
1172,13:53:03,10.83,--,113,122379,卖盘
1173,13:53:00,10.83,-0.01,30,32490,卖盘
1174,13:52:57,10.84,0.01,1,1084,买盘
1175,13:52:54,10.83,--,1,1083,卖盘
1176,13:52:51,10.83,--,100,108300,卖盘
1177,13:52:48,10.83,-0.01,20,21660,卖盘
1178,13:52:45,10.84,0.01,34,36856,买盘
1179,13:52:42,10.83,--,10,10830,卖盘
1180,13:52:39,10.83,--,1,1083,卖盘
1181,13:52:36,10.83,--,7,7581,卖盘
1182,13:52:33,10.83,-0.01,51,55233,卖盘
1183,13:52:30,10.84,--,32,34688,买盘
1184,13:52:27,10.84,0.01,11,11924,买盘
1185,13:52:24,10.83,-0.01,1,1083,卖盘
1186,13:52:21,10.84,--,1,1084,买盘
1187,13:52:18,10.84,0.01,12,13008,买盘
1188,13:52:15,10.83,-0.01,11,11913,卖盘
1189,13:52:12,10.84,0.01,11,11924,买盘
1190,13:52:09,10.83,--,1,1083,卖盘
1191,13:52:06,10.83,--,38,41154,卖盘
1192,13:52:03,10.83,-0.01,66,71478,卖盘
1193,13:52:00,10.84,0.01,1,1084,买盘
1194,13:51:57,10.83,--,101,109383,卖盘
1195,13:51:51,10.83,--,30,32490,卖盘
1196,13:51:48,10.83,--,1,1083,卖盘
1197,13:51:45,10.83,--,11,11913,卖盘
1198,13:51:42,10.83,--,69,74727,卖盘
1199,13:51:39,10.83,--,21,22743,卖盘
1200,13:51:36,10.83,--,3,3249,卖盘
1201,13:51:33,10.83,-0.01,15,16245,卖盘
1202,13:51:30,10.84,0.01,77,83468,买盘
1203,13:51:27,10.83,--,20,21660,卖盘
1204,13:51:24,10.83,-0.01,1,1083,卖盘
1205,13:51:21,10.84,0.01,2,2168,买盘
1206,13:51:18,10.83,--,10,10830,卖盘
1207,13:51:15,10.83,-0.01,21,22743,卖盘
1208,13:51:12,10.84,0.01,1,1084,买盘
1209,13:51:09,10.83,--,12,12996,卖盘
1210,13:51:06,10.83,--,5,5415,卖盘
1211,13:51:03,10.83,--,13,14079,卖盘
1212,13:51:00,10.83,--,13,14079,卖盘
1213,13:50:57,10.83,--,52,56316,卖盘
1214,13:50:54,10.83,--,103,111549,卖盘
1215,13:50:51,10.83,--,1,1083,卖盘
1216,13:50:48,10.83,-0.01,4,4332,卖盘
1217,13:50:45,10.84,0.01,210,227640,买盘
1218,13:50:42,10.83,--,10,10830,卖盘
1219,13:50:39,10.83,--,12,12996,卖盘
1220,13:50:33,10.83,-0.01,19,20577,卖盘
1221,13:50:30,10.84,0.01,5,5420,买盘
1222,13:50:27,10.83,-0.01,13,14079,卖盘
1223,13:50:12,10.84,0.01,1,1084,买盘
1224,13:50:09,10.83,-0.01,12,12996,卖盘
1225,13:50:06,10.84,0.01,101,109484,买盘
1226,13:50:03,10.83,-0.01,40,43320,卖盘
1227,13:50:00,10.84,--,19,20596,买盘
1228,13:49:57,10.84,--,2,2168,买盘
1229,13:49:54,10.84,0.01,281,304604,买盘
1230,13:49:48,10.83,--,15,16245,卖盘
1231,13:49:45,10.83,-0.01,14,15162,卖盘
1232,13:49:42,10.84,--,19,20596,买盘
1233,13:49:36,10.84,0.01,18,19512,买盘
1234,13:49:33,10.83,-0.01,17,18411,卖盘
1235,13:49:27,10.84,0.01,38,41192,买盘
1236,13:49:24,10.83,-0.01,1,1083,卖盘
1237,13:49:21,10.84,--,306,331704,买盘
1238,13:49:12,10.84,0.01,12,13008,买盘
1239,13:49:09,10.83,--,93,100719,卖盘
1240,13:49:06,10.83,--,1,1083,卖盘
1241,13:49:03,10.83,-0.01,4,4332,卖盘
1242,13:49:00,10.84,0.01,2,2168,买盘
1243,13:48:57,10.83,-0.01,12,12996,卖盘
1244,13:48:54,10.84,0.01,2,2168,买盘
1245,13:48:51,10.83,--,15,16245,卖盘
1246,13:48:42,10.83,--,10,10830,卖盘
1247,13:48:36,10.83,--,14,15162,卖盘
1248,13:48:33,10.83,-0.01,30,32490,卖盘
1249,13:48:30,10.84,0.01,8,8672,买盘
1250,13:48:24,10.83,--,1,1083,卖盘
1251,13:48:21,10.83,--,13,14079,卖盘
1252,13:48:18,10.83,--,38,41154,卖盘
1253,13:48:15,10.83,-0.01,48,51984,卖盘
1254,13:48:12,10.84,0.01,1,1084,买盘
1255,13:48:06,10.83,--,22,23826,卖盘
1256,13:48:03,10.83,--,5,5415,卖盘
1257,13:48:00,10.83,--,8,8664,卖盘
1258,13:47:51,10.83,--,1,1083,卖盘
1259,13:47:48,10.83,--,3,3249,卖盘
1260,13:47:45,10.83,--,32,34656,卖盘
1261,13:47:42,10.83,--,20,21660,卖盘
1262,13:47:33,10.83,-0.01,18,19494,卖盘
1263,13:47:30,10.84,0.01,17,18428,买盘
1264,13:47:21,10.83,--,101,109383,卖盘
1265,13:47:18,10.83,--,11,11913,卖盘
1266,13:47:12,10.83,--,16,17328,卖盘
1267,13:47:09,10.83,--,26,28158,卖盘
1268,13:47:06,10.83,--,11,11913,卖盘
1269,13:47:03,10.83,--,4,4332,卖盘
1270,13:47:00,10.83,--,13,14079,卖盘
1271,13:46:54,10.83,-0.01,10,10830,卖盘
1272,13:46:48,10.84,0.01,20,21680,买盘
1273,13:46:45,10.83,--,49,53067,卖盘
1274,13:46:42,10.83,-0.01,102,110466,卖盘
1275,13:46:39,10.84,0.01,5,5420,买盘
1276,13:46:33,10.83,--,44,47652,卖盘
1277,13:46:30,10.83,-0.01,23,24909,卖盘
1278,13:46:27,10.84,--,47,50948,买盘
1279,13:46:24,10.84,0.01,40,43360,买盘
1280,13:46:21,10.83,--,1,1083,卖盘
1281,13:46:18,10.83,--,91,98553,卖盘
1282,13:46:15,10.83,--,14,15162,卖盘
1283,13:46:12,10.83,--,61,66063,卖盘
1284,13:46:03,10.83,--,3,3249,卖盘
1285,13:46:00,10.83,--,1,1083,卖盘
1286,13:45:57,10.83,--,12,12996,卖盘
1287,13:45:54,10.83,--,1,1083,卖盘
1288,13:45:51,10.83,--,3,3249,卖盘
1289,13:45:45,10.83,--,30,32490,卖盘
1290,13:45:42,10.83,-0.01,20,21660,卖盘
1291,13:45:36,10.84,0.01,81,87804,买盘
1292,13:45:33,10.83,--,70,75810,卖盘
1293,13:45:30,10.83,--,1,1083,卖盘
1294,13:45:27,10.83,--,103,111549,卖盘
1295,13:45:24,10.83,-0.01,4,4332,卖盘
1296,13:45:21,10.84,--,2,2168,买盘
1297,13:45:18,10.84,--,20,21680,买盘
1298,13:45:15,10.84,0.01,15,16260,买盘
1299,13:45:12,10.83,--,44,47652,卖盘
1300,13:45:09,10.83,-0.01,47,50901,卖盘
1301,13:45:06,10.84,0.01,33,35772,买盘
1302,13:45:03,10.83,--,3,3249,卖盘
1303,13:45:00,10.83,--,74,80142,卖盘
1304,13:44:57,10.83,--,3,3249,卖盘
1305,13:44:54,10.83,--,32,34656,卖盘
1306,13:44:51,10.83,--,107,115881,卖盘
1307,13:44:48,10.83,--,52,56316,卖盘
1308,13:44:42,10.83,--,9,9747,卖盘
1309,13:44:39,10.83,--,1,1083,卖盘
1310,13:44:36,10.83,--,25,27075,卖盘
1311,13:44:33,10.83,--,38,41154,卖盘
1312,13:44:30,10.83,--,3,3249,卖盘
1313,13:44:27,10.83,-0.01,12,12996,卖盘
1314,13:44:24,10.84,0.01,46,49864,买盘
1315,13:44:21,10.83,--,1,1083,卖盘
1316,13:44:12,10.83,--,13,14079,卖盘
1317,13:44:09,10.83,--,1,1083,卖盘
1318,13:44:06,10.83,--,8,8664,卖盘
1319,13:44:03,10.83,--,3,3249,卖盘
1320,13:44:00,10.83,--,11,11913,卖盘
1321,13:43:57,10.83,--,65,70395,卖盘
1322,13:43:54,10.83,--,85,92055,卖盘
1323,13:43:48,10.83,--,62,67146,卖盘
1324,13:43:45,10.83,-0.01,347,375801,卖盘
1325,13:43:42,10.84,--,45,48780,卖盘
1326,13:43:39,10.84,--,202,218968,卖盘
1327,13:43:36,10.84,--,517,560428,卖盘
1328,13:43:33,10.84,-0.01,36,39024,卖盘
1329,13:43:30,10.85,0.01,16,17360,买盘
1330,13:43:27,10.84,-0.01,18,19512,卖盘
1331,13:43:24,10.85,0.01,45,48825,买盘
1332,13:43:21,10.84,-0.01,19,20596,卖盘
1333,13:43:18,10.85,0.01,3,3255,买盘
1334,13:43:15,10.84,--,10,10840,卖盘
1335,13:43:12,10.84,-0.01,10,10840,卖盘
1336,13:43:09,10.85,0.01,50,54250,买盘
1337,13:43:06,10.84,--,15,16260,卖盘
1338,13:43:03,10.84,-0.01,104,112736,卖盘
1339,13:43:00,10.85,--,3,3255,买盘
1340,13:42:57,10.85,0.01,32,34720,买盘
1341,13:42:54,10.84,--,85,92140,卖盘
1342,13:42:51,10.84,--,13,14092,卖盘
1343,13:42:48,10.84,--,397,430348,卖盘
1344,13:42:45,10.84,--,20,21680,卖盘
1345,13:42:42,10.84,-0.01,9,9756,卖盘
1346,13:42:39,10.85,0.01,150,162750,买盘
1347,13:42:36,10.84,--,24,26016,卖盘
1348,13:42:33,10.84,-0.01,71,76964,卖盘
1349,13:42:27,10.85,0.01,43,46655,买盘
1350,13:42:24,10.84,--,3,3252,卖盘
1351,13:42:21,10.84,--,3,3252,卖盘
1352,13:42:15,10.84,--,64,69376,卖盘
1353,13:42:09,10.84,-0.01,10,10840,卖盘
1354,13:42:03,10.85,--,13,14105,买盘
1355,13:42:00,10.85,--,34,36890,买盘
1356,13:41:57,10.85,0.01,21,22785,买盘
1357,13:41:54,10.84,--,15,16260,卖盘
1358,13:41:51,10.84,--,23,24932,卖盘
1359,13:41:45,10.84,--,10,10840,卖盘
1360,13:41:42,10.84,--,75,81300,卖盘
1361,13:41:39,10.84,--,30,32520,卖盘
1362,13:41:36,10.84,--,91,98644,卖盘
1363,13:41:33,10.84,--,21,22764,卖盘
1364,13:41:30,10.84,-0.01,13,14092,卖盘
1365,13:41:27,10.85,0.01,40,43400,买盘
1366,13:41:24,10.84,--,12,13008,卖盘
1367,13:41:21,10.84,--,70,75880,卖盘
1368,13:41:15,10.84,-0.01,31,33604,卖盘
1369,13:41:09,10.85,--,16,17360,买盘
1370,13:41:06,10.85,0.01,7,7595,买盘
1371,13:41:03,10.84,--,12,13008,卖盘
1372,13:41:00,10.84,-0.01,3,3252,卖盘
1373,13:40:57,10.85,--,141,152985,买盘
1374,13:40:54,10.85,0.01,43,46655,买盘
1375,13:40:51,10.84,-0.01,31,33604,卖盘
1376,13:40:45,10.85,--,18,19530,买盘
1377,13:40:42,10.85,--,20,21700,买盘
1378,13:40:36,10.85,0.01,36,39060,买盘
1379,13:40:33,10.84,--,32,34688,卖盘
1380,13:40:30,10.84,-0.01,47,50948,卖盘
1381,13:40:27,10.85,--,30,32550,买盘
1382,13:40:24,10.85,--,4,4340,买盘
1383,13:40:21,10.85,--,83,90055,买盘
1384,13:40:18,10.85,0.01,29,31465,买盘
1385,13:40:15,10.84,--,14,15176,卖盘
1386,13:40:09,10.84,--,11,11924,卖盘
1387,13:40:06,10.84,--,15,16260,卖盘
1388,13:40:03,10.84,--,13,14092,卖盘
1389,13:40:00,10.84,--,20,21680,卖盘
1390,13:39:57,10.84,--,69,74796,卖盘
1391,13:39:54,10.84,--,10,10840,卖盘
1392,13:39:51,10.84,--,2,2168,卖盘
1393,13:39:48,10.84,-0.01,1,1084,卖盘
1394,13:39:45,10.85,--,138,149730,买盘
1395,13:39:42,10.85,--,11,11935,买盘
1396,13:39:36,10.85,0.01,169,183365,买盘
1397,13:39:33,10.84,--,38,41192,卖盘
1398,13:39:30,10.84,--,1,1084,卖盘
1399,13:39:27,10.84,--,45,48780,买盘
1400,13:39:24,10.84,-0.01,62,67208,卖盘
1401,13:39:21,10.85,0.01,45,48825,买盘
1402,13:39:18,10.84,--,112,121408,卖盘
1403,13:39:12,10.84,-0.01,1,1084,卖盘
1404,13:39:09,10.85,0.01,93,100905,买盘
1405,13:39:03,10.84,--,5,5420,卖盘
1406,13:39:00,10.84,--,3,3252,卖盘
1407,13:38:57,10.84,--,136,147424,卖盘
1408,13:38:54,10.84,--,234,253656,买盘
1409,13:38:51,10.84,--,334,362056,买盘
1410,13:38:48,10.84,0.01,14,15176,买盘
1411,13:38:45,10.83,-0.01,1,1083,卖盘
1412,13:38:42,10.84,--,277,300268,买盘
1413,13:38:36,10.84,0.01,108,117072,买盘
1414,13:38:33,10.83,-0.01,37,40071,卖盘
1415,13:38:30,10.84,0.01,220,238480,买盘
1416,13:38:24,10.83,--,1,1083,卖盘
1417,13:38:21,10.83,-0.01,13,14079,卖盘
1418,13:38:18,10.84,0.01,5,5420,买盘
1419,13:38:15,10.83,-0.01,2,2166,卖盘
1420,13:38:12,10.84,--,44,47696,买盘
1421,13:38:09,10.84,--,10,10840,买盘
1422,13:38:06,10.84,--,53,57452,买盘
1423,13:38:03,10.84,0.01,5,5420,买盘
1424,13:38:00,10.83,-0.01,33,35739,卖盘
1425,13:37:57,10.84,0.01,4,4336,买盘
1426,13:37:54,10.83,-0.01,70,75810,卖盘
1427,13:37:51,10.84,--,21,22764,买盘
1428,13:37:48,10.84,0.01,352,381568,买盘
1429,13:37:45,10.83,--,20,21660,卖盘
1430,13:37:42,10.83,--,32,34656,卖盘
1431,13:37:39,10.83,--,10,10830,卖盘
1432,13:37:33,10.83,--,14,15162,卖盘
1433,13:37:30,10.83,--,15,16245,卖盘
1434,13:37:27,10.83,0.01,332,359556,买盘
1435,13:37:24,10.82,-0.01,22,23804,卖盘
1436,13:37:21,10.83,--,549,594567,买盘
1437,13:37:18,10.83,0.01,269,291327,买盘
1438,13:37:15,10.82,--,73,78986,卖盘
1439,13:37:12,10.82,-0.01,25,27050,卖盘
1440,13:37:09,10.83,0.01,70,75810,买盘
1441,13:37:06,10.82,-0.01,23,24886,卖盘
1442,13:37:03,10.83,0.01,51,55233,买盘
1443,13:37:00,10.82,-0.01,4,4328,卖盘
1444,13:36:57,10.83,0.01,1,1083,买盘
1445,13:36:51,10.82,-0.01,11,11902,卖盘
1446,13:36:48,10.83,0.01,44,47652,买盘
1447,13:36:42,10.82,--,29,31378,卖盘
1448,13:36:39,10.82,--,11,11902,卖盘
1449,13:36:36,10.82,--,93,100626,卖盘
1450,13:36:33,10.82,--,14,15148,卖盘
1451,13:36:30,10.82,--,3,3246,卖盘
1452,13:36:27,10.82,--,188,203416,卖盘
1453,13:36:24,10.82,--,1221,1321500,买盘
1454,13:36:21,10.82,0.01,65,70330,买盘
1455,13:36:18,10.81,--,10,10810,卖盘
1456,13:36:09,10.81,--,12,12972,卖盘
1457,13:36:06,10.81,-0.01,20,21620,卖盘
1458,13:36:03,10.82,0.01,65,70330,买盘
1459,13:36:00,10.81,--,291,314571,卖盘
1460,13:35:57,10.81,--,27,29187,卖盘
1461,13:35:54,10.81,--,70,75670,卖盘
1462,13:35:51,10.81,--,101,109181,卖盘
1463,13:35:48,10.81,-0.01,13,14053,卖盘
1464,13:35:45,10.82,0.01,18,19476,买盘
1465,13:35:42,10.81,--,21,22701,卖盘
1466,13:35:33,10.81,--,14,15134,卖盘
1467,13:35:30,10.81,-0.01,5,5405,卖盘
1468,13:35:27,10.82,--,14,15148,买盘
1469,13:35:24,10.82,0.01,4,4328,买盘
1470,13:35:21,10.81,--,1,1081,卖盘
1471,13:35:18,10.81,-0.01,12,12972,卖盘
1472,13:35:15,10.82,--,9,9738,买盘
1473,13:35:09,10.82,0.01,47,50854,买盘
1474,13:35:06,10.81,--,10,10810,卖盘
1475,13:35:00,10.81,--,3,3243,卖盘
1476,13:34:57,10.81,--,37,39997,卖盘
1477,13:34:54,10.81,--,138,149178,卖盘
1478,13:34:51,10.81,-0.01,2,2162,卖盘
1479,13:34:48,10.82,0.01,10,10820,买盘
1480,13:34:45,10.81,--,10,10810,卖盘
1481,13:34:42,10.81,--,21,22701,卖盘
1482,13:34:33,10.81,--,14,15134,卖盘
1483,13:34:30,10.81,-0.01,14,15134,卖盘
1484,13:34:27,10.82,0.01,19,20558,买盘
1485,13:34:24,10.81,-0.01,82,88642,卖盘
1486,13:34:21,10.82,0.01,65,70330,买盘
1487,13:34:18,10.81,--,14,15134,卖盘
1488,13:34:15,10.81,--,15,16215,卖盘
1489,13:34:06,10.81,--,61,65941,卖盘
1490,13:34:03,10.81,--,10,10810,卖盘
1491,13:34:00,10.81,--,53,57293,卖盘
1492,13:33:57,10.81,-0.01,1,1081,卖盘
1493,13:33:54,10.82,0.01,5,5410,买盘
1494,13:33:45,10.81,--,32,34592,卖盘
1495,13:33:42,10.81,--,54,58374,卖盘
1496,13:33:39,10.81,--,13,14053,卖盘
1497,13:33:33,10.81,--,14,15134,卖盘
1498,13:33:30,10.81,--,4,4324,卖盘
1499,13:33:27,10.81,--,1,1081,卖盘
1500,13:33:24,10.81,--,15,16215,卖盘
1501,13:33:21,10.81,--,12,12972,卖盘
1502,13:33:18,10.81,-0.01,1,1081,卖盘
1503,13:33:15,10.82,--,29,31378,买盘
1504,13:33:09,10.82,0.01,42,45444,买盘
1505,13:33:06,10.81,--,20,21620,卖盘
1506,13:33:00,10.81,--,3,3243,卖盘
1507,13:32:57,10.81,--,2,2162,卖盘
1508,13:32:54,10.81,--,12,12972,卖盘
1509,13:32:48,10.81,--,1,1081,卖盘
1510,13:32:42,10.81,--,11,11891,卖盘
1511,13:32:33,10.81,--,14,15134,卖盘
1512,13:32:30,10.81,-0.01,15,16215,卖盘
1513,13:32:27,10.82,0.01,13,14066,买盘
1514,13:32:21,10.81,--,34,36754,卖盘
1515,13:32:18,10.81,--,4,4324,卖盘
1516,13:32:15,10.81,--,10,10810,卖盘
1517,13:32:12,10.81,--,10,10810,卖盘
1518,13:32:09,10.81,--,53,57293,卖盘
1519,13:32:06,10.81,0.01,13,14053,买盘
1520,13:32:03,10.8,--,1,1080,卖盘
1521,13:32:00,10.8,--,3,3240,卖盘
1522,13:31:57,10.8,--,1,1080,卖盘
1523,13:31:54,10.8,--,3,3240,卖盘
1524,13:31:48,10.8,-0.01,15,16966,卖盘
1525,13:31:42,10.81,0.01,45,48645,买盘
1526,13:31:33,10.8,--,39,42120,卖盘
1527,13:31:30,10.8,--,15,16200,卖盘
1528,13:31:27,10.8,-0.01,50,54000,卖盘
1529,13:31:24,10.81,--,35,38148,卖盘
1530,13:31:18,10.81,-0.01,76,82156,卖盘
1531,13:31:12,10.82,--,4,4328,买盘
1532,13:31:09,10.82,0.01,3,3246,买盘
1533,13:31:06,10.81,--,12,12972,卖盘
1534,13:31:03,10.81,-0.01,13,14053,卖盘
1535,13:31:00,10.82,0.01,909,983538,买盘
1536,13:30:57,10.81,--,1,1081,卖盘
1537,13:30:54,10.81,--,17,18377,卖盘
1538,13:30:51,10.81,--,58,62698,卖盘
1539,13:30:48,10.81,--,49,53736,买盘
1540,13:30:45,10.81,--,18,19458,买盘
1541,13:30:39,10.81,0.01,2,2162,买盘
1542,13:30:33,10.8,--,28,30240,卖盘
1543,13:30:30,10.8,-0.01,4,4320,卖盘
1544,13:30:27,10.81,--,42,45715,卖盘
1545,13:30:24,10.81,--,11,11891,卖盘
1546,13:30:21,10.81,--,3,3243,卖盘
1547,13:30:18,10.81,0.01,9,10496,买盘
1548,13:30:15,10.8,-0.01,13,14040,卖盘
1549,13:30:09,10.81,0.01,100,108100,买盘
1550,13:30:06,10.8,-0.01,16,17280,卖盘
1551,13:30:03,10.81,0.01,220,237820,买盘
1552,13:30:00,10.8,--,13,14040,卖盘
1553,13:29:57,10.8,--,33,35640,卖盘
1554,13:29:51,10.8,-0.01,1,1080,卖盘
1555,13:29:48,10.81,--,8,8648,卖盘
1556,13:29:45,10.81,0.01,46,49726,买盘
1557,13:29:42,10.8,-0.01,11,11880,卖盘
1558,13:29:39,10.81,0.01,2,2162,买盘
1559,13:29:33,10.8,--,20,21600,卖盘
1560,13:29:30,10.8,--,19,20520,卖盘
1561,13:29:24,10.8,-0.01,97,104760,卖盘
1562,13:29:21,10.81,0.01,91,98371,买盘
1563,13:29:18,10.8,--,54,58320,卖盘
1564,13:29:15,10.8,-0.01,313,338040,卖盘
1565,13:29:09,10.81,0.01,9,9729,买盘
1566,13:29:06,10.8,--,5,5400,卖盘
1567,13:29:03,10.8,-0.01,48,51840,卖盘
1568,13:29:00,10.81,--,38,41078,买盘
1569,13:28:57,10.81,--,41,44321,买盘
1570,13:28:54,10.81,0.01,50,54050,买盘
1571,13:28:51,10.8,-0.01,20,21600,卖盘
1572,13:28:48,10.81,--,25,27025,买盘
1573,13:28:45,10.81,0.01,60,64860,买盘
1574,13:28:42,10.8,--,50,54000,卖盘
1575,13:28:39,10.8,--,4,4320,卖盘
1576,13:28:33,10.8,--,28,30240,卖盘
1577,13:28:30,10.8,--,27,29160,卖盘
1578,13:28:27,10.8,-0.01,1,1080,卖盘
1579,13:28:24,10.81,0.01,18,19458,买盘
1580,13:28:21,10.8,--,31,33480,卖盘
1581,13:28:18,10.8,--,34,36720,卖盘
1582,13:28:15,10.8,--,14,15120,卖盘
1583,13:28:12,10.8,--,1,1080,卖盘
1584,13:28:09,10.8,-0.01,10,10800,卖盘
1585,13:28:06,10.81,--,8,8648,买盘
1586,13:28:03,10.81,0.01,5,5405,买盘
1587,13:28:00,10.8,--,3,3240,卖盘
1588,13:27:57,10.8,-0.01,12,12960,卖盘
1589,13:27:54,10.81,--,5,5405,买盘
1590,13:27:51,10.81,0.01,8,8648,买盘
1591,13:27:48,10.8,-0.01,10,10800,卖盘
1592,13:27:45,10.81,--,1,1081,买盘
1593,13:27:42,10.81,-0.01,13,14053,卖盘
1594,13:27:39,10.82,0.01,393,425226,买盘
1595,13:27:36,10.81,--,646,698326,卖盘
1596,13:27:33,10.81,-0.01,15,16215,卖盘
1597,13:27:30,10.82,--,562,608084,买盘
1598,13:27:27,10.82,0.01,1,1082,买盘
1599,13:27:21,10.81,--,38,41078,卖盘
1600,13:27:18,10.81,-0.01,1,1081,卖盘
1601,13:27:15,10.82,--,13,14066,买盘
1602,13:27:12,10.82,--,74,80068,买盘
1603,13:27:09,10.82,--,48,51936,买盘
1604,13:27:06,10.82,--,200,216400,买盘
1605,13:27:03,10.82,--,63,68166,买盘
1606,13:27:00,10.82,0.01,21,22722,买盘
1607,13:26:57,10.81,-0.01,6,6486,卖盘
1608,13:26:54,10.82,--,10,10820,买盘
1609,13:26:51,10.82,--,10,10820,买盘
1610,13:26:48,10.82,--,20,21640,买盘
1611,13:26:45,10.82,--,40,43280,买盘
1612,13:26:39,10.82,0.01,100,108200,买盘
1613,13:26:33,10.81,--,104,112424,卖盘
1614,13:26:30,10.81,-0.01,3,3243,卖盘
1615,13:26:27,10.82,--,71,76822,买盘
1616,13:26:21,10.82,0.01,104,112528,买盘
1617,13:26:18,10.81,-0.01,1,1081,卖盘
1618,13:26:15,10.82,--,104,112528,买盘
1619,13:26:12,10.82,--,16,17312,买盘
1620,13:26:09,10.82,0.01,50,54100,买盘
1621,13:26:06,10.81,--,1,1081,卖盘
1622,13:26:03,10.81,-0.01,1,1081,卖盘
1623,13:26:00,10.82,--,12,12984,买盘
1624,13:25:57,10.82,0.01,151,163382,买盘
1625,13:25:51,10.81,-0.01,1,1081,中性盘
1626,13:25:48,10.82,--,81,87642,买盘
1627,13:25:42,10.82,--,20,21640,买盘
1628,13:25:39,10.82,0.01,15,16230,买盘
1629,13:25:33,10.81,--,31,33511,卖盘
1630,13:25:30,10.81,--,108,116748,买盘
1631,13:25:27,10.81,-0.01,24,25944,卖盘
1632,13:25:24,10.82,0.01,20,21640,买盘
1633,13:25:21,10.81,--,10,10810,卖盘
1634,13:25:18,10.81,--,147,158907,卖盘
1635,13:25:12,10.81,-0.01,80,86480,卖盘
1636,13:25:09,10.82,--,3,3246,买盘
1637,13:25:06,10.82,0.02,203,219646,买盘
1638,13:25:03,10.8,--,1,1080,卖盘
1639,13:24:57,10.8,-0.01,12,12960,卖盘
1640,13:24:54,10.81,--,10,10810,买盘
1641,13:24:51,10.81,--,1,1081,买盘
1642,13:24:48,10.81,--,143,154583,买盘
1643,13:24:45,10.81,--,41,44321,买盘
1644,13:24:42,10.81,--,77,83237,买盘
1645,13:24:39,10.81,0.01,40,43240,买盘
1646,13:24:36,10.8,--,110,118800,卖盘
1647,13:24:33,10.8,-0.01,131,141480,卖盘
1648,13:24:30,10.81,--,94,101614,买盘
1649,13:24:27,10.81,0.01,6,6486,买盘
1650,13:24:24,10.8,-0.01,39,42120,卖盘
1651,13:24:21,10.81,--,6,6486,买盘
1652,13:24:18,10.81,--,24,25944,买盘
1653,13:24:12,10.81,0.01,76,82156,买盘
1654,13:24:09,10.8,--,8,8640,卖盘
1655,13:24:06,10.8,--,45,48600,卖盘
1656,13:24:03,10.8,--,1,1080,卖盘
1657,13:24:00,10.8,0.01,172,185760,买盘
1658,13:23:57,10.79,--,428,461811,卖盘
1659,13:23:54,10.79,-0.01,41,44239,卖盘
1660,13:23:51,10.8,--,279,301320,买盘
1661,13:23:48,10.8,--,2,2160,买盘
1662,13:23:45,10.8,--,297,320760,买盘
1663,13:23:42,10.8,--,80,86400,买盘
1664,13:23:39,10.8,--,21,22680,买盘
1665,13:23:36,10.8,0.01,17,18360,买盘
1666,13:23:33,10.79,-0.01,15,16184,卖盘
1667,13:23:27,10.8,0.01,4,4320,买盘
1668,13:23:24,10.79,-0.01,35,37765,卖盘
1669,13:23:21,10.8,0.01,435,470761,买盘
1670,13:23:18,10.79,--,11,11868,买盘
1671,13:23:15,10.79,0.01,5,5395,买盘
1672,13:23:06,10.78,--,82,88396,卖盘
1673,13:23:03,10.78,--,279,300762,卖盘
1674,13:22:57,10.78,-0.01,14,15092,卖盘
1675,13:22:54,10.79,0.01,291,313989,买盘
1676,13:22:51,10.78,--,5,5390,卖盘
1677,13:22:48,10.78,--,39,42042,卖盘
1678,13:22:45,10.78,--,13,14014,卖盘
1679,13:22:42,10.78,--,249,268422,买盘
1680,13:22:39,10.78,0.01,278,299684,买盘
1681,13:22:36,10.77,-0.01,12,12924,卖盘
1682,13:22:33,10.78,0.01,306,329868,买盘
1683,13:22:30,10.77,--,33,35541,卖盘
1684,13:22:27,10.77,--,3,3231,卖盘
1685,13:22:24,10.77,-0.01,5,5385,卖盘
1686,13:22:21,10.78,--,17,18326,买盘
1687,13:22:18,10.78,0.01,30,32339,买盘
1688,13:22:15,10.77,--,45,48465,卖盘
1689,13:22:09,10.77,--,6,6462,卖盘
1690,13:22:06,10.77,--,11,11847,卖盘
1691,13:22:03,10.77,--,1,1077,卖盘
1692,13:21:57,10.77,--,120,129240,卖盘
1693,13:21:54,10.77,--,2,2154,卖盘
1694,13:21:48,10.77,-0.01,1,1077,卖盘
1695,13:21:45,10.78,--,9,9702,买盘
1696,13:21:39,10.78,0.01,22,23716,买盘
1697,13:21:36,10.77,--,11,11847,卖盘
1698,13:21:33,10.77,--,26,28002,卖盘
1699,13:21:30,10.77,--,20,21540,卖盘
1700,13:21:27,10.77,--,3,3231,卖盘
1701,13:21:24,10.77,--,1,1077,卖盘
1702,13:21:21,10.77,0.01,24,25848,买盘
1703,13:21:15,10.76,-0.01,1,1076,卖盘
1704,13:21:09,10.77,0.01,24,25848,买盘
1705,13:21:06,10.76,-0.01,11,11836,卖盘
1706,13:21:03,10.77,0.01,14,15078,买盘
1707,13:21:00,10.76,-0.01,21,22596,卖盘
1708,13:20:57,10.77,0.01,14,15078,买盘
1709,13:20:54,10.76,-0.01,101,108676,卖盘
1710,13:20:51,10.77,0.01,8,8616,买盘
1711,13:20:48,10.76,--,4,4304,卖盘
1712,13:20:45,10.76,--,1,1076,卖盘
1713,13:20:42,10.76,-0.01,5,5380,卖盘
1714,13:20:39,10.77,0.01,10,10770,买盘
1715,13:20:36,10.76,--,11,11836,卖盘
1716,13:20:33,10.76,--,21,22596,卖盘
1717,13:20:30,10.76,--,1,1076,卖盘
1718,13:20:27,10.76,--,3,3228,卖盘
1719,13:20:24,10.76,-0.01,1,1076,卖盘
1720,13:20:18,10.77,--,9,9693,买盘
1721,13:20:15,10.77,--,50,53850,买盘
1722,13:20:09,10.77,0.01,186,200322,买盘
1723,13:20:06,10.76,--,14,15064,卖盘
1724,13:20:03,10.76,-0.01,2,2152,卖盘
1725,13:20:00,10.77,--,10,10770,买盘
1726,13:19:57,10.77,0.01,14,15078,买盘
1727,13:19:54,10.76,--,11,11836,卖盘
1728,13:19:48,10.76,--,1,1076,卖盘
1729,13:19:45,10.76,-0.01,1,1076,卖盘
1730,13:19:42,10.77,0.01,16,17232,买盘
1731,13:19:36,10.76,--,22,23672,卖盘
1732,13:19:33,10.76,-0.01,18,19368,卖盘
1733,13:19:30,10.77,0.01,4,4308,买盘
1734,13:19:27,10.76,-0.01,13,13988,卖盘
1735,13:19:24,10.77,-0.01,16,17232,中性盘
1736,13:19:18,10.78,0.02,14,15092,买盘
1737,13:19:15,10.76,-0.01,11,11836,卖盘
1738,13:19:12,10.77,--,37,39849,买盘
1739,13:19:09,10.77,--,10,10770,买盘
1740,13:19:06,10.77,--,25,26925,卖盘
1741,13:19:03,10.77,--,2,2154,卖盘
1742,13:19:00,10.77,--,15,16155,卖盘
1743,13:18:57,10.77,--,11,11847,卖盘
1744,13:18:54,10.77,--,42,45234,卖盘
1745,13:18:51,10.77,--,17,18309,卖盘
1746,13:18:48,10.77,--,32,34464,卖盘
1747,13:18:36,10.77,--,11,11847,卖盘
1748,13:18:33,10.77,-0.01,16,17232,卖盘
1749,13:18:30,10.78,0.01,274,295372,买盘
1750,13:18:24,10.77,--,14,15078,卖盘
1751,13:18:21,10.77,--,10,10770,卖盘
1752,13:18:18,10.77,--,12,12924,卖盘
1753,13:18:15,10.77,--,10,10770,卖盘
1754,13:18:12,10.77,--,11,11847,卖盘
1755,13:18:06,10.77,--,20,21540,卖盘
1756,13:18:03,10.77,--,14,15078,卖盘
1757,13:18:00,10.77,--,70,75390,卖盘
1758,13:17:57,10.77,--,21,22617,卖盘
1759,13:17:54,10.77,-0.01,746,803442,卖盘
1760,13:17:48,10.78,0.01,7,7546,买盘
1761,13:17:45,10.77,--,13,14001,卖盘
1762,13:17:42,10.77,--,13,14001,卖盘
1763,13:17:39,10.77,--,5,5385,卖盘
1764,13:17:36,10.77,--,23,24771,卖盘
1765,13:17:33,10.77,--,16,17232,卖盘
1766,13:17:30,10.77,--,29,31233,卖盘
1767,13:17:27,10.77,--,53,57081,卖盘
1768,13:17:24,10.77,--,114,122778,卖盘
1769,13:17:21,10.77,--,32,34464,卖盘
1770,13:17:18,10.77,--,14,15078,卖盘
1771,13:17:15,10.77,--,13,14001,卖盘
1772,13:17:06,10.77,--,73,78621,卖盘
1773,13:17:03,10.77,-0.01,8,8616,卖盘
1774,13:17:00,10.78,--,208,224224,卖盘
1775,13:16:57,10.78,--,1,1078,卖盘
1776,13:16:54,10.78,--,19,20482,卖盘
1777,13:16:51,10.78,--,18,19404,卖盘
1778,13:16:48,10.78,0.01,17,18326,卖盘
1779,13:16:45,10.77,-0.02,12,12924,卖盘
1780,13:16:42,10.79,0.01,24,25895,买盘
1781,13:16:39,10.78,0.01,14,15092,买盘
1782,13:16:36,10.77,--,11,11847,卖盘
1783,13:16:33,10.77,-0.01,38,40926,卖盘
1784,13:16:30,10.78,--,3,3234,买盘
1785,13:16:27,10.78,--,70,75460,卖盘
1786,13:16:24,10.78,-0.01,35,37730,卖盘
1787,13:16:15,10.79,0.01,32,34528,买盘
1788,13:16:09,10.78,0.01,11,11858,买盘
1789,13:16:06,10.77,--,203,218631,卖盘
1790,13:16:03,10.77,-0.01,94,101238,卖盘
1791,13:16:00,10.78,0.01,500,539000,买盘
1792,13:15:57,10.77,-0.01,20,21540,卖盘
1793,13:15:54,10.78,0.01,19,20482,买盘
1794,13:15:48,10.77,-0.01,37,39849,卖盘
1795,13:15:45,10.78,--,52,56056,买盘
1796,13:15:42,10.78,--,131,141218,买盘
1797,13:15:39,10.78,0.01,25,26950,买盘
1798,13:15:36,10.77,--,11,11847,卖盘
1799,13:15:33,10.77,--,64,68928,卖盘
1800,13:15:30,10.77,--,13,14001,卖盘
1801,13:15:27,10.77,--,11,11847,卖盘
1802,13:15:24,10.77,--,3,3231,卖盘
1803,13:15:21,10.77,-0.01,1,1077,卖盘
1804,13:15:18,10.78,--,3,3234,买盘
1805,13:15:12,10.78,--,54,58212,买盘
1806,13:15:09,10.78,--,1,1078,买盘
1807,13:15:06,10.78,0.01,42,45276,买盘
1808,13:15:03,10.77,--,2,2154,卖盘
1809,13:15:00,10.77,--,10,10770,卖盘
1810,13:14:57,10.77,--,1,1077,卖盘
1811,13:14:54,10.77,--,3,3231,卖盘
1812,13:14:48,10.77,--,27,29079,卖盘
1813,13:14:42,10.77,-0.01,1,1077,卖盘
1814,13:14:39,10.78,0.01,6,6468,买盘
1815,13:14:36,10.77,--,35,37695,卖盘
1816,13:14:33,10.77,--,27,29079,卖盘
1817,13:14:30,10.77,-0.01,25,26925,卖盘
1818,13:14:27,10.78,0.01,2,2156,买盘
1819,13:14:24,10.77,--,3,3231,卖盘
1820,13:14:21,10.77,--,12,12924,卖盘
1821,13:14:15,10.77,--,12,12924,卖盘
1822,13:14:12,10.77,--,23,24771,卖盘
1823,13:14:09,10.77,--,11,11847,卖盘
1824,13:14:06,10.77,--,102,109854,卖盘
1825,13:14:03,10.77,--,2,2154,卖盘
1826,13:14:00,10.77,-0.01,13,14001,卖盘
1827,13:13:57,10.78,0.01,10,10780,买盘
1828,13:13:54,10.77,--,3,3231,卖盘
1829,13:13:51,10.77,--,14,15078,卖盘
1830,13:13:48,10.77,--,17,18309,卖盘
1831,13:13:45,10.77,-0.01,13,14001,卖盘
1832,13:13:39,10.78,0.01,306,329868,买盘
1833,13:13:36,10.77,--,25,26925,卖盘
1834,13:13:33,10.77,--,15,16155,卖盘
1835,13:13:30,10.77,-0.01,11,11847,卖盘
1836,13:13:24,10.78,0.01,532,573496,买盘
1837,13:13:21,10.77,-0.01,69,74313,卖盘
1838,13:13:15,10.78,0.01,70,75460,买盘
1839,13:13:12,10.77,-0.01,1,1077,卖盘
1840,13:13:09,10.78,--,9,9702,买盘
1841,13:13:06,10.78,0.01,166,178948,买盘
1842,13:13:03,10.77,-0.01,21,22617,卖盘
1843,13:13:00,10.78,--,175,188650,卖盘
1844,13:12:57,10.78,-0.01,499,537922,卖盘
1845,13:12:54,10.79,--,123,132717,买盘
1846,13:12:51,10.79,0.01,16,17264,买盘
1847,13:12:48,10.78,-0.01,33,35574,卖盘
1848,13:12:45,10.79,0.01,264,284856,买盘
1849,13:12:42,10.78,--,1,1078,卖盘
1850,13:12:36,10.78,--,16,17248,卖盘
1851,13:12:33,10.78,-0.01,29,31261,卖盘
1852,13:12:30,10.79,--,29,31290,买盘
1853,13:12:27,10.79,0.01,15,16184,买盘
1854,13:12:21,10.78,--,38,40964,卖盘
1855,13:12:18,10.78,--,106,114268,卖盘
1856,13:12:15,10.78,0.01,106,114268,买盘
1857,13:12:12,10.77,-0.01,12,12924,卖盘
1858,13:12:09,10.78,--,9,9702,买盘
1859,13:12:06,10.78,--,79,85162,买盘
1860,13:12:03,10.78,--,302,325556,买盘
1861,13:12:00,10.78,--,1,1078,买盘
1862,13:11:57,10.78,--,326,351428,卖盘
1863,13:11:54,10.78,--,1,1078,卖盘
1864,13:11:51,10.78,--,14,15092,卖盘
1865,13:11:48,10.78,--,1,1078,卖盘
1866,13:11:45,10.78,--,8,8624,卖盘
1867,13:11:42,10.78,--,8,8624,买盘
1868,13:11:39,10.78,0.01,61,65758,买盘
1869,13:11:36,10.77,-0.01,20,21540,卖盘
1870,13:11:33,10.78,0.01,28,30184,买盘
1871,13:11:30,10.77,-0.01,11,11847,卖盘
1872,13:11:27,10.78,0.01,2,2156,买盘
1873,13:11:24,10.77,--,8,8616,卖盘
1874,13:11:21,10.77,-0.02,94,101238,卖盘
1875,13:11:18,10.79,0.01,71,76609,买盘
1876,13:11:15,10.78,0.01,1521,1639638,买盘
1877,13:11:12,10.77,--,1,1077,卖盘
1878,13:11:09,10.77,-0.01,16,17232,卖盘
1879,13:11:06,10.78,0.01,20,21560,买盘
1880,13:11:03,10.77,--,2,2154,卖盘
1881,13:10:57,10.77,-0.01,18,19386,卖盘
1882,13:10:54,10.78,0.01,29,31261,买盘
1883,13:10:51,10.77,--,5,5385,卖盘
1884,13:10:48,10.77,--,4,4308,卖盘
1885,13:10:45,10.77,--,11,11847,卖盘
1886,13:10:42,10.77,--,1,1077,卖盘
1887,13:10:36,10.77,--,14,15078,卖盘
1888,13:10:33,10.77,--,28,30156,卖盘
1889,13:10:30,10.77,--,67,72159,卖盘
1890,13:10:27,10.77,0.01,557,599889,买盘
1891,13:10:24,10.76,--,3,3228,卖盘
1892,13:10:21,10.76,-0.01,16,17216,卖盘
1893,13:10:18,10.77,0.01,9,9693,买盘
1894,13:10:15,10.76,--,4,4304,卖盘
1895,13:10:12,10.76,--,40,43040,卖盘
1896,13:10:09,10.76,--,3,3228,卖盘
1897,13:10:06,10.76,--,30,32280,卖盘
1898,13:10:03,10.76,-0.01,2,2152,卖盘
1899,13:10:00,10.77,0.01,17,18309,买盘
1900,13:09:57,10.76,--,1,1076,卖盘
1901,13:09:54,10.76,--,5,5380,卖盘
1902,13:09:51,10.76,--,54,58104,卖盘
1903,13:09:48,10.76,--,27,29052,卖盘
1904,13:09:45,10.76,--,2,2152,卖盘
1905,13:09:42,10.76,--,6,6456,卖盘
1906,13:09:39,10.76,--,43,46268,卖盘
1907,13:09:36,10.76,--,14,15064,卖盘
1908,13:09:33,10.76,-0.01,18,19368,卖盘
1909,13:09:30,10.77,0.01,16,17232,买盘
1910,13:09:24,10.76,--,2,2152,卖盘
1911,13:09:21,10.76,--,4,4304,卖盘
1912,13:09:18,10.76,--,2,2152,卖盘
1913,13:09:15,10.76,--,14,15064,卖盘
1914,13:09:12,10.76,-0.01,17,18292,卖盘
1915,13:09:09,10.77,0.01,79,85083,买盘
1916,13:09:06,10.76,--,13,13988,卖盘
1917,13:09:03,10.76,--,2,2152,卖盘
1918,13:09:00,10.76,--,8,8608,卖盘
1919,13:08:57,10.76,--,4,4304,卖盘
1920,13:08:54,10.76,--,11,11836,卖盘
1921,13:08:51,10.76,--,4,4304,卖盘
1922,13:08:48,10.76,--,1,1076,卖盘
1923,13:08:45,10.76,--,12,12912,卖盘
1924,13:08:39,10.76,--,3,3228,卖盘
1925,13:08:36,10.76,--,25,26900,卖盘
1926,13:08:33,10.76,-0.01,17,18292,卖盘
1927,13:08:30,10.77,--,5,5385,买盘
1928,13:08:27,10.77,0.01,3,3231,买盘
1929,13:08:24,10.76,--,3,3228,卖盘
1930,13:08:21,10.76,--,15,16140,卖盘
1931,13:08:12,10.76,--,2,2152,卖盘
1932,13:08:09,10.76,--,13,13988,卖盘
1933,13:08:06,10.76,--,26,27976,卖盘
1934,13:08:03,10.76,--,27,29052,卖盘
1935,13:07:57,10.76,--,5,5380,卖盘
1936,13:07:54,10.76,--,11,11836,卖盘
1937,13:07:51,10.76,--,4,4304,卖盘
1938,13:07:48,10.76,--,2,2152,卖盘
1939,13:07:45,10.76,--,11,11836,卖盘
1940,13:07:39,10.76,--,9,9684,卖盘
1941,13:07:36,10.76,--,23,24748,卖盘
1942,13:07:33,10.76,-0.01,16,17216,卖盘
1943,13:07:27,10.77,0.01,5,5385,买盘
1944,13:07:24,10.76,--,12,12912,卖盘
1945,13:07:21,10.76,--,7,7532,卖盘
1946,13:07:18,10.76,-0.01,39,41964,卖盘
1947,13:07:15,10.77,0.01,36,38772,买盘
1948,13:07:12,10.76,--,3,3228,卖盘
1949,13:07:09,10.76,--,45,48420,卖盘
1950,13:07:06,10.76,--,11,11836,卖盘
1951,13:07:03,10.76,--,2,2152,卖盘
1952,13:06:57,10.76,--,1,1076,卖盘
1953,13:06:54,10.76,--,11,11836,卖盘
1954,13:06:51,10.76,--,3,3228,卖盘
1955,13:06:48,10.76,-0.01,7,7532,卖盘
1956,13:06:45,10.77,0.01,10,10770,买盘
1957,13:06:42,10.76,--,11,11836,卖盘
1958,13:06:36,10.76,--,17,18292,卖盘
1959,13:06:33,10.76,-0.01,47,50572,卖盘
1960,13:06:27,10.77,--,12,12924,买盘
1961,13:06:24,10.77,0.01,60,64620,买盘
1962,13:06:21,10.76,--,5,5380,卖盘
1963,13:06:18,10.76,--,7,7532,卖盘
1964,13:06:15,10.76,--,4,4304,卖盘
1965,13:06:12,10.76,--,11,11836,卖盘
1966,13:06:09,10.76,--,1,1076,卖盘
1967,13:06:06,10.76,--,11,11836,卖盘
1968,13:06:03,10.76,--,16,17216,卖盘
1969,13:05:57,10.76,--,1,1076,卖盘
1970,13:05:54,10.76,--,11,11836,卖盘
1971,13:05:51,10.76,-0.01,3,3228,卖盘
1972,13:05:48,10.77,0.01,17,18309,买盘
1973,13:05:45,10.76,--,11,11836,卖盘
1974,13:05:39,10.76,--,3,3228,卖盘
1975,13:05:36,10.76,--,11,11836,卖盘
1976,13:05:33,10.76,--,20,21520,卖盘
1977,13:05:27,10.76,--,16,17216,卖盘
1978,13:05:21,10.76,--,6,6456,卖盘
1979,13:05:18,10.76,--,16,17216,卖盘
1980,13:05:15,10.76,-0.01,22,23672,卖盘
1981,13:05:12,10.77,0.01,100,107700,买盘
1982,13:05:09,10.76,--,20,21520,卖盘
1983,13:05:06,10.76,--,11,11836,卖盘
1984,13:05:03,10.76,-0.01,14,15064,卖盘
1985,13:04:57,10.77,--,11,11847,买盘
1986,13:04:54,10.77,--,17,18309,买盘
1987,13:04:51,10.77,0.01,63,67851,买盘
1988,13:04:48,10.76,-0.01,4,4304,卖盘
1989,13:04:45,10.77,--,13,14001,买盘
1990,13:04:42,10.77,--,14,15078,买盘
1991,13:04:39,10.77,0.01,9,9693,买盘
1992,13:04:36,10.76,--,25,26900,卖盘
1993,13:04:33,10.76,--,21,22596,卖盘
1994,13:04:30,10.76,0.01,27,29052,中性盘
1995,13:04:27,10.75,-0.02,5,5375,卖盘
1996,13:04:24,10.77,0.02,33,35541,买盘
1997,13:04:21,10.75,-0.01,13,13975,卖盘
1998,13:04:18,10.76,--,12,12912,卖盘
1999,13:04:12,10.76,--,51,54876,卖盘
2000,13:04:09,10.76,--,12,12912,卖盘
2001,13:04:06,10.76,--,11,11836,卖盘
2002,13:04:03,10.76,--,2,2152,卖盘
2003,13:04:00,10.76,--,4,4304,卖盘
2004,13:03:57,10.76,0.01,18,19368,中性盘
2005,13:03:51,10.75,--,3,3225,卖盘
2006,13:03:48,10.75,-0.01,17,18275,卖盘
2007,13:03:39,10.76,--,5,5380,卖盘
2008,13:03:36,10.76,--,11,11836,卖盘
2009,13:03:33,10.76,--,85,91460,卖盘
2010,13:03:30,10.76,--,436,469136,卖盘
2011,13:03:27,10.76,-0.01,13,13988,卖盘
2012,13:03:18,10.77,0.01,35,37695,买盘
2013,13:03:09,10.76,--,5,5380,卖盘
2014,13:03:06,10.76,-0.01,17,18292,卖盘
2015,13:03:03,10.77,0.01,34,36618,买盘
2016,13:03:00,10.76,--,11,11836,卖盘
2017,13:02:57,10.76,--,1,1076,卖盘
2018,13:02:54,10.76,--,11,11836,卖盘
2019,13:02:48,10.76,--,14,15064,卖盘
2020,13:02:45,10.76,--,12,12912,卖盘
2021,13:02:39,10.76,--,6,6456,卖盘
2022,13:02:36,10.76,--,11,11836,卖盘
2023,13:02:33,10.76,-0.01,27,29052,卖盘
2024,13:02:30,10.77,--,15,16155,买盘
2025,13:02:27,10.77,0.01,8,8616,买盘
2026,13:02:21,10.76,--,12,12912,卖盘
2027,13:02:18,10.76,-0.01,3,3228,卖盘
2028,13:02:12,10.77,0.01,16,17232,买盘
2029,13:02:06,10.76,--,31,33356,卖盘
2030,13:02:03,10.76,--,42,45192,卖盘
2031,13:01:57,10.76,--,1,1076,卖盘
2032,13:01:54,10.76,--,8,8608,卖盘
2033,13:01:51,10.76,--,13,13988,卖盘
2034,13:01:48,10.76,--,1,1076,卖盘
2035,13:01:45,10.76,--,3,3228,卖盘
2036,13:01:39,10.76,--,5,5380,卖盘
2037,13:01:36,10.76,--,18,19368,卖盘
2038,13:01:33,10.76,--,28,30128,卖盘
2039,13:01:27,10.76,-0.01,12,12912,卖盘
2040,13:01:24,10.77,0.01,3,3231,买盘
2041,13:01:18,10.76,--,12,12912,卖盘
2042,13:01:15,10.76,--,3,3228,卖盘
2043,13:01:12,10.76,--,9,9684,卖盘
2044,13:01:06,10.76,--,23,24748,卖盘
2045,13:01:03,10.76,--,2,2152,卖盘
2046,13:00:57,10.76,-0.01,1,1076,卖盘
2047,13:00:54,10.77,0.01,41,44157,买盘
2048,13:00:51,10.76,-0.01,29,31204,卖盘
2049,13:00:48,10.77,0.01,31,33387,买盘
2050,13:00:45,10.76,--,3,3228,卖盘
2051,13:00:42,10.76,--,10,10760,卖盘
2052,13:00:36,10.76,--,11,11836,卖盘
2053,13:00:33,10.76,--,2,2152,卖盘
2054,13:00:30,10.76,0.01,45,48420,中性盘
2055,13:00:24,10.75,--,12,12900,卖盘
2056,13:00:21,10.75,-0.01,20,21500,卖盘
2057,13:00:18,10.76,--,51,55424,卖盘
2058,13:00:15,10.76,--,629,677331,买盘
2059,13:00:09,10.76,--,64,68864,买盘
2060,13:00:06,10.76,0.01,189,203364,买盘
2061,13:00:03,10.75,--,690,741750,卖盘
2062,13:00:00,10.75,--,0,0,卖盘
2063,11:30:00,10.75,--,0,0,卖盘
2064,11:29:57,10.75,--,1,1075,卖盘
2065,11:29:48,10.75,-0.01,1,1075,卖盘
2066,11:29:45,10.76,--,22,23672,买盘
2067,11:29:42,10.76,--,59,63484,买盘
2068,11:29:36,10.76,0.01,511,549836,买盘
2069,11:29:33,10.75,-0.01,17,18275,卖盘
2070,11:29:30,10.76,--,3,3228,买盘
2071,11:29:24,10.76,--,18,19368,买盘
2072,11:29:15,10.76,--,10,10760,买盘
2073,11:29:09,10.76,--,191,205516,买盘
2074,11:29:06,10.76,0.01,21,22596,买盘
2075,11:29:03,10.75,-0.01,2,2150,卖盘
2076,11:28:57,10.76,--,10,10760,买盘
2077,11:28:54,10.76,--,9,9684,买盘
2078,11:28:51,10.76,0.01,20,21520,买盘
2079,11:28:48,10.75,--,1,1075,卖盘
2080,11:28:45,10.75,-0.01,3,3225,卖盘
2081,11:28:42,10.76,--,66,71016,买盘
2082,11:28:39,10.76,--,4,4304,买盘
2083,11:28:36,10.76,0.01,60,64560,买盘
2084,11:28:33,10.75,-0.01,16,17200,卖盘
2085,11:28:30,10.76,--,9,9684,买盘
2086,11:28:24,10.76,--,1,1076,买盘
2087,11:28:21,10.76,--,50,53800,买盘
2088,11:28:18,10.76,0.01,36,38736,买盘
2089,11:28:15,10.75,--,3,3225,卖盘
2090,11:28:12,10.75,-0.01,64,68800,卖盘
2091,11:28:09,10.76,0.01,17,18292,买盘
2092,11:28:06,10.75,--,11,11825,卖盘
2093,11:28:03,10.75,--,2,2150,卖盘
2094,11:28:00,10.75,-0.01,11,11825,卖盘
2095,11:27:57,10.76,--,10,10760,买盘
2096,11:27:54,10.76,0.01,17,18292,买盘
2097,11:27:51,10.75,--,1,1075,卖盘
2098,11:27:48,10.75,--,1,1075,卖盘
2099,11:27:45,10.75,--,3,3225,卖盘
2100,11:27:42,10.75,-0.01,13,13975,卖盘
2101,11:27:39,10.76,0.01,26,27976,买盘
2102,11:27:36,10.75,--,15,16125,卖盘
2103,11:27:33,10.75,-0.01,25,26875,卖盘
2104,11:27:30,10.76,--,9,9684,买盘
2105,11:27:27,10.76,--,31,33356,买盘
2106,11:27:24,10.76,0.01,3,3228,买盘
2107,11:27:21,10.75,--,3,3225,卖盘
2108,11:27:15,10.75,-0.01,17,18275,卖盘
2109,11:27:12,10.76,--,161,173236,买盘
2110,11:27:09,10.76,--,2,2152,买盘
2111,11:27:06,10.76,0.01,23,24748,买盘
2112,11:27:03,10.75,--,2,2150,卖盘
2113,11:27:00,10.75,-0.01,17,18275,卖盘
2114,11:26:57,10.76,0.01,10,10760,买盘
2115,11:26:48,10.75,--,21,22575,中性盘
2116,11:26:45,10.75,--,4,4300,买盘
2117,11:26:42,10.75,0.01,2,2150,买盘
2118,11:26:39,10.74,--,14,15036,卖盘
2119,11:26:36,10.74,-0.01,20,21480,卖盘
2120,11:26:33,10.75,--,16,17200,卖盘
2121,11:26:30,10.75,-0.01,33,35475,卖盘
2122,11:26:21,10.76,--,64,68864,买盘
2123,11:26:15,10.76,--,84,90384,买盘
2124,11:26:12,10.76,--,9,9684,买盘
2125,11:26:09,10.76,0.01,29,31204,买盘
2126,11:26:06,10.75,--,13,13975,卖盘
2127,11:26:03,10.75,--,2,2150,卖盘
2128,11:25:57,10.75,--,13,13975,卖盘
2129,11:25:54,10.75,--,39,41925,卖盘
2130,11:25:48,10.75,--,601,646075,卖盘
2131,11:25:45,10.75,-0.01,13,13975,卖盘
2132,11:25:42,10.76,0.01,33,35508,买盘
2133,11:25:36,10.75,--,20,21500,卖盘
2134,11:25:33,10.75,--,17,18275,卖盘
2135,11:25:30,10.75,-0.01,11,11825,卖盘
2136,11:25:27,10.76,0.01,50,53800,买盘
2137,11:25:24,10.75,-0.01,12,12900,卖盘
2138,11:25:18,10.76,--,30,32280,买盘
2139,11:25:15,10.76,0.01,14,15064,买盘
2140,11:25:12,10.75,-0.01,41,44075,卖盘
2141,11:25:09,10.76,0.01,30,32280,买盘
2142,11:25:06,10.75,--,90,96750,卖盘
2143,11:25:03,10.75,-0.01,215,231125,卖盘
2144,11:25:00,10.76,--,50,53800,买盘
2145,11:24:57,10.76,--,237,255012,买盘
2146,11:24:54,10.76,--,8,8608,买盘
2147,11:24:51,10.76,--,50,53800,买盘
2148,11:24:48,10.76,0.02,19,20444,买盘
2149,11:24:42,10.74,-0.02,11,11814,卖盘
2150,11:24:39,10.76,--,11,11836,买盘
2151,11:24:36,10.76,0.01,25,26900,买盘
2152,11:24:33,10.75,--,14,15050,卖盘
2153,11:24:30,10.75,-0.01,62,66650,卖盘
2154,11:24:27,10.76,--,11,11836,买盘
2155,11:24:24,10.76,0.01,10,10760,买盘
2156,11:24:21,10.75,-0.01,1,1075,卖盘
2157,11:24:18,10.76,--,53,57028,买盘
2158,11:24:15,10.76,--,11,11836,买盘
2159,11:24:12,10.76,--,35,37660,买盘
2160,11:24:09,10.76,--,21,22596,买盘
2161,11:24:06,10.76,--,33,35508,买盘
2162,11:24:03,10.76,--,48,51648,买盘
2163,11:24:00,10.76,0.01,103,110828,买盘
2164,11:23:57,10.75,0.01,15,16125,买盘
2165,11:23:54,10.74,-0.01,19,20406,卖盘
2166,11:23:51,10.75,0.01,9,9675,买盘
2167,11:23:48,10.74,-0.02,10,10740,卖盘
2168,11:23:45,10.76,0.01,68,73168,买盘
2169,11:23:42,10.75,--,3,3225,卖盘
2170,11:23:39,10.75,--,24,25800,卖盘
2171,11:23:36,10.75,--,11,11825,卖盘
2172,11:23:33,10.75,--,22,23650,卖盘
2173,11:23:27,10.75,--,12,12900,卖盘
2174,11:23:24,10.75,-0.01,28,30100,卖盘
2175,11:23:18,10.76,0.01,7,7532,买盘
2176,11:23:12,10.75,--,14,15050,卖盘
2177,11:23:09,10.75,--,20,21500,卖盘
2178,11:23:06,10.75,-0.01,21,22575,卖盘
2179,11:23:03,10.76,0.01,18,19368,买盘
2180,11:23:00,10.75,--,41,44075,卖盘
2181,11:22:57,10.75,-0.01,22,23650,卖盘
2182,11:22:51,10.76,0.01,40,43040,买盘
2183,11:22:48,10.75,--,8,8600,卖盘
2184,11:22:45,10.75,--,12,12900,卖盘
2185,11:22:42,10.75,-0.01,3,3225,卖盘
2186,11:22:39,10.76,0.01,32,34432,买盘
2187,11:22:36,10.75,--,40,43000,卖盘
2188,11:22:33,10.75,-0.01,29,31175,卖盘
2189,11:22:30,10.76,0.01,7,7532,买盘
2190,11:22:24,10.75,--,211,226825,卖盘
2191,11:22:21,10.75,-0.01,5,5375,卖盘
2192,11:22:18,10.76,0.01,22,23672,买盘
2193,11:22:15,10.75,--,13,13975,卖盘
2194,11:22:12,10.75,-0.01,10,10750,卖盘
2195,11:22:09,10.76,0.01,7,7532,买盘
2196,11:22:06,10.75,--,36,38700,卖盘
2197,11:22:03,10.75,--,13,13975,卖盘
2198,11:21:57,10.75,--,2,2150,卖盘
2199,11:21:54,10.75,--,21,22575,卖盘
2200,11:21:48,10.75,--,1,1075,卖盘
2201,11:21:42,10.75,-0.01,16,17200,卖盘
2202,11:21:39,10.76,--,7,7532,买盘
2203,11:21:36,10.76,0.01,21,22596,买盘
2204,11:21:33,10.75,--,114,122550,卖盘
2205,11:21:24,10.75,-0.01,12,12900,卖盘
2206,11:21:21,10.76,0.01,7,7532,买盘
2207,11:21:15,10.75,--,11,11825,卖盘
2208,11:21:12,10.75,--,3,3225,卖盘
2209,11:21:09,10.75,--,11,11825,卖盘
2210,11:21:06,10.75,--,12,12900,卖盘
2211,11:21:03,10.75,-0.01,19,20425,卖盘
2212,11:21:00,10.76,--,36,38736,买盘
2213,11:20:57,10.76,0.01,10,10760,买盘
2214,11:20:54,10.75,--,42,45150,卖盘
2215,11:20:51,10.75,--,611,656825,卖盘
2216,11:20:48,10.75,--,1,1075,卖盘
2217,11:20:45,10.75,-0.01,11,11825,卖盘
2218,11:20:42,10.76,0.01,14,15064,买盘
2219,11:20:39,10.75,--,29,31175,卖盘
2220,11:20:36,10.75,--,11,11825,卖盘
2221,11:20:33,10.75,-0.01,28,30100,卖盘
2222,11:20:30,10.76,0.01,190,204440,买盘
2223,11:20:24,10.75,--,12,12900,卖盘
2224,11:20:12,10.75,--,14,15050,卖盘
2225,11:20:06,10.75,--,12,12900,卖盘
2226,11:20:03,10.75,--,22,23650,卖盘
2227,11:19:57,10.75,--,1,1075,卖盘
2228,11:19:51,10.75,--,11,11825,卖盘
2229,11:19:48,10.75,-0.01,1,1075,卖盘
2230,11:19:45,10.76,0.01,18,19368,买盘
2231,11:19:42,10.75,--,3,3225,卖盘
2232,11:19:36,10.75,--,132,141900,卖盘
2233,11:19:33,10.75,--,16,17200,卖盘
2234,11:19:30,10.75,-0.01,13,13975,卖盘
2235,11:19:27,10.76,0.01,7,7532,买盘
2236,11:19:24,10.75,0.01,15,16125,中性盘
2237,11:19:18,10.74,-0.01,12,12888,卖盘
2238,11:19:15,10.75,--,1,1075,买盘
2239,11:19:12,10.75,0.01,23,24725,买盘
2240,11:19:06,10.74,-0.02,18,19332,卖盘
2241,11:19:03,10.76,0.01,29,31204,买盘
2242,11:19:00,10.75,--,102,109650,买盘
2243,11:18:57,10.75,--,52,55900,买盘
2244,11:18:54,10.75,0.01,26,27950,买盘
2245,11:18:51,10.74,--,22,23628,卖盘
2246,11:18:48,10.74,-0.01,13,13962,卖盘
2247,11:18:45,10.75,--,9,9675,买盘
2248,11:18:42,10.75,--,35,37625,买盘
2249,11:18:39,10.75,0.01,44,47300,买盘
2250,11:18:36,10.74,--,22,23628,卖盘
2251,11:18:33,10.74,--,36,38664,卖盘
2252,11:18:27,10.74,-0.01,11,11814,卖盘
2253,11:18:18,10.75,0.01,1,1075,买盘
2254,11:18:15,10.74,--,11,12651,卖盘
2255,11:18:12,10.74,--,21,22554,卖盘
2256,11:18:09,10.74,--,3,3222,卖盘
2257,11:18:06,10.74,-0.01,11,11814,卖盘
2258,11:18:03,10.75,0.01,509,547175,买盘
2259,11:18:00,10.74,--,33,35442,卖盘
2260,11:17:57,10.74,--,14,15036,卖盘
2261,11:17:54,10.74,--,400,429600,卖盘
2262,11:17:48,10.74,--,12,12888,卖盘
2263,11:17:39,10.74,--,22,23628,卖盘
2264,11:17:36,10.74,--,70,75180,卖盘
2265,11:17:33,10.74,--,16,17184,卖盘
2266,11:17:30,10.74,-0.01,12,12888,卖盘
2267,11:17:27,10.75,--,20,21500,买盘
2268,11:17:24,10.75,--,7,7525,买盘
2269,11:17:21,10.75,0.01,6,6450,买盘
2270,11:17:18,10.74,--,13,13962,卖盘
2271,11:17:15,10.74,--,11,11814,卖盘
2272,11:17:12,10.74,--,5,5370,卖盘
2273,11:17:09,10.74,--,39,41886,卖盘
2274,11:17:06,10.74,--,11,11814,卖盘
2275,11:17:03,10.74,-0.01,2,2148,卖盘
2276,11:16:57,10.75,--,577,620275,卖盘
2277,11:16:48,10.75,--,23,24725,卖盘
2278,11:16:45,10.75,--,12,12900,卖盘
2279,11:16:39,10.75,--,3,3225,卖盘
2280,11:16:36,10.75,--,71,76325,卖盘
2281,11:16:33,10.75,--,16,17200,卖盘
2282,11:16:27,10.75,--,11,11825,卖盘
2283,11:16:24,10.75,--,5,5375,卖盘
2284,11:16:21,10.75,-0.01,20,21500,卖盘
2285,11:16:18,10.76,--,263,282988,买盘
2286,11:16:15,10.76,0.01,5,5380,买盘
2287,11:16:12,10.75,--,16,17200,卖盘
2288,11:16:09,10.75,--,3,3225,卖盘
2289,11:16:06,10.75,--,11,11825,卖盘
2290,11:16:03,10.75,--,24,25800,卖盘
2291,11:16:00,10.75,-0.01,39,41925,卖盘
2292,11:15:57,10.76,0.01,10,10760,买盘
2293,11:15:51,10.75,-0.01,1,1075,卖盘
2294,11:15:48,10.76,0.01,201,216276,买盘
2295,11:15:45,10.75,--,11,11825,卖盘
2296,11:15:42,10.75,-0.01,13,13975,卖盘
2297,11:15:39,10.76,0.01,203,218428,买盘
2298,11:15:36,10.75,--,11,11825,卖盘
2299,11:15:33,10.75,-0.01,62,66650,卖盘
2300,11:15:30,10.76,0.01,3,3228,买盘
2301,11:15:24,10.75,-0.01,11,11825,卖盘
2302,11:15:15,10.76,--,1,1076,买盘
2303,11:15:12,10.76,--,13,13988,买盘
2304,11:15:09,10.76,-0.01,392,422437,卖盘
2305,11:15:06,10.77,0.01,18,19386,买盘
2306,11:15:03,10.76,--,2,2152,卖盘
2307,11:15:00,10.76,0.01,508,547038,买盘
2308,11:14:57,10.75,--,22,23650,卖盘
2309,11:14:51,10.75,-0.01,13,13975,卖盘
2310,11:14:48,10.76,0.01,2,2152,买盘
2311,11:14:39,10.75,--,14,15050,卖盘
2312,11:14:36,10.75,--,41,44075,卖盘
2313,11:14:33,10.75,-0.01,28,30100,卖盘
2314,11:14:30,10.76,0.01,2,2152,买盘
2315,11:14:24,10.75,--,25,26875,卖盘
2316,11:14:21,10.75,-0.01,8,8600,卖盘
2317,11:14:18,10.76,0.01,19,20444,买盘
2318,11:14:15,10.75,--,2,2150,卖盘
2319,11:14:12,10.75,-0.01,5,5375,卖盘
2320,11:14:09,10.76,0.01,4,4304,买盘
2321,11:14:06,10.75,--,22,23650,卖盘
2322,11:14:03,10.75,--,24,25800,卖盘
2323,11:14:00,10.75,--,11,11825,卖盘
2324,11:13:57,10.75,--,1,1075,卖盘
2325,11:13:54,10.75,--,1,1075,卖盘
2326,11:13:48,10.75,--,14,15050,卖盘
2327,11:13:39,10.75,-0.01,15,16125,卖盘
2328,11:13:36,10.76,0.01,31,33356,买盘
2329,11:13:33,10.75,--,16,17200,卖盘
2330,11:13:27,10.75,--,5,5375,卖盘
2331,11:13:21,10.75,--,13,13975,卖盘
2332,11:13:18,10.75,-0.01,26,27950,卖盘
2333,11:13:15,10.76,0.01,1,1076,买盘
2334,11:13:12,10.75,--,112,120400,卖盘
2335,11:13:09,10.75,--,8,8600,卖盘
2336,11:13:06,10.75,--,22,23650,卖盘
2337,11:13:03,10.75,--,2,2150,卖盘
2338,11:12:57,10.75,--,1,1075,卖盘
2339,11:12:54,10.75,--,13,13975,卖盘
2340,11:12:48,10.75,-0.01,17,18275,卖盘
2341,11:12:42,10.76,0.01,3,3228,买盘
2342,11:12:39,10.75,--,3,3225,卖盘
2343,11:12:36,10.75,--,23,24725,卖盘
2344,11:12:33,10.75,-0.01,16,17200,卖盘
2345,11:12:30,10.76,0.01,2,2152,买盘
2346,11:12:27,10.75,-0.01,63,67725,卖盘
2347,11:12:24,10.76,0.01,12,12912,买盘
2348,11:12:21,10.75,--,11,11825,卖盘
2349,11:12:18,10.75,-0.01,1,1075,卖盘
2350,11:12:09,10.76,0.01,29,31204,买盘
2351,11:12:06,10.75,--,14,15050,卖盘
2352,11:12:03,10.75,--,2,2150,卖盘
2353,11:12:00,10.75,--,12,12900,卖盘
2354,11:11:57,10.75,-0.01,42,45150,卖盘
2355,11:11:54,10.76,0.01,50,53800,买盘
2356,11:11:48,10.75,-0.01,3,3225,卖盘
2357,11:11:45,10.76,0.01,153,164628,买盘
2358,11:11:42,10.75,-0.01,12,12900,卖盘
2359,11:11:39,10.76,0.01,4,4304,买盘
2360,11:11:36,10.75,--,14,15050,卖盘
2361,11:11:33,10.75,--,27,29025,卖盘
2362,11:11:21,10.75,--,26,27950,卖盘
2363,11:11:15,10.75,--,17,18275,卖盘
2364,11:11:12,10.75,--,42,45150,卖盘
2365,11:11:09,10.75,--,307,330025,卖盘
2366,11:11:06,10.75,--,55,59125,卖盘
2367,11:11:03,10.75,-0.01,12,12900,卖盘
2368,11:11:00,10.76,0.01,36,38736,买盘
2369,11:10:57,10.75,--,1,1075,卖盘
2370,11:10:54,10.75,--,12,12900,卖盘
2371,11:10:51,10.75,--,12,12900,卖盘
2372,11:10:48,10.75,-0.01,1,1075,卖盘
2373,11:10:45,10.76,0.01,50,53800,买盘
2374,11:10:39,10.75,-0.01,11,11825,卖盘
2375,11:10:36,10.76,0.01,20,21520,买盘
2376,11:10:33,10.75,--,25,26875,卖盘
2377,11:10:30,10.75,--,12,12900,卖盘
2378,11:10:24,10.75,--,26,27950,卖盘
2379,11:10:21,10.75,--,12,12900,卖盘
2380,11:10:09,10.75,--,25,26875,卖盘
2381,11:10:06,10.75,--,26,27950,卖盘
2382,11:10:03,10.75,--,2,2150,卖盘
2383,11:09:57,10.75,-0.01,12,12900,卖盘
2384,11:09:54,10.76,0.01,1,1076,买盘
2385,11:09:51,10.75,--,2,2150,卖盘
2386,11:09:48,10.75,--,12,12900,卖盘
2387,11:09:42,10.75,0.01,9,9675,买盘
2388,11:09:39,10.74,--,5,5370,卖盘
2389,11:09:36,10.74,-0.01,25,26850,卖盘
2390,11:09:33,10.75,--,29,31175,卖盘
2391,11:09:24,10.75,-0.01,10,10750,卖盘
2392,11:09:21,10.76,0.01,6,6456,买盘
2393,11:09:18,10.75,0.01,14,15050,卖盘
2394,11:09:12,10.74,-0.01,18,19332,卖盘
2395,11:09:06,10.75,--,15,16125,卖盘
2396,11:09:03,10.75,--,2,2150,卖盘
2397,11:08:57,10.75,--,13,13975,卖盘
2398,11:08:51,10.75,--,11,11825,卖盘
2399,11:08:48,10.75,--,35,37625,卖盘
2400,11:08:45,10.75,--,141,151575,卖盘
2401,11:08:42,10.75,--,30,32250,卖盘
2402,11:08:39,10.75,--,211,226825,卖盘
2403,11:08:36,10.75,--,14,15050,卖盘
2404,11:08:33,10.75,--,16,17200,卖盘
2405,11:08:30,10.75,-0.01,13,13975,卖盘
2406,11:08:15,10.76,--,9,9684,买盘
2407,11:08:12,10.76,0.01,7,7532,买盘
2408,11:08:09,10.75,--,14,15050,卖盘
2409,11:08:06,10.75,0.01,120,129000,买盘
2410,11:08:03,10.74,--,7,7518,卖盘
2411,11:08:00,10.74,--,26,27924,卖盘
2412,11:07:57,10.74,--,1,1074,卖盘
2413,11:07:51,10.74,--,10,10740,卖盘
2414,11:07:48,10.74,--,1,1074,卖盘
2415,11:07:42,10.74,-0.01,1,1074,卖盘
2416,11:07:39,10.75,0.01,20,21500,买盘
2417,11:07:36,10.74,--,14,15036,卖盘
2418,11:07:33,10.74,--,16,17184,卖盘
2419,11:07:24,10.74,-0.01,2,2148,卖盘
2420,11:07:15,10.75,0.01,1,1075,买盘
2421,11:07:12,10.74,-0.01,60,64440,卖盘
2422,11:07:06,10.75,0.01,21,22575,中性盘
2423,11:07:03,10.74,--,2,2148,卖盘
2424,11:06:57,10.74,-0.02,16,17184,卖盘
2425,11:06:54,10.76,0.01,11,11836,买盘
2426,11:06:51,10.75,0.01,12,12900,买盘
2427,11:06:48,10.74,-0.01,20,21480,卖盘
2428,11:06:45,10.75,--,10,10750,中性盘
2429,11:06:36,10.75,--,14,15050,卖盘
2430,11:06:33,10.75,--,243,261225,卖盘
2431,11:06:30,10.75,--,23,24725,卖盘
2432,11:06:24,10.75,--,3,3225,卖盘
2433,11:06:21,10.75,-0.01,5,5375,卖盘
2434,11:06:18,10.76,0.01,26,27976,买盘
2435,11:06:12,10.75,--,16,17200,卖盘
2436,11:06:09,10.75,-0.01,32,34400,卖盘
2437,11:06:06,10.76,0.01,22,23672,买盘
2438,11:06:03,10.75,--,17,18275,卖盘
2439,11:05:57,10.75,--,1,1075,卖盘
2440,11:05:54,10.75,--,2,2150,卖盘
2441,11:05:51,10.75,-0.01,10,10750,卖盘
2442,11:05:48,10.76,0.01,60,64560,买盘
2443,11:05:39,10.75,-0.01,11,11825,卖盘
2444,11:05:36,10.76,--,29,31204,买盘
2445,11:05:33,10.76,0.01,24,25824,买盘
2446,11:05:30,10.75,--,15,16125,卖盘
2447,11:05:24,10.75,-0.01,33,35475,卖盘
2448,11:05:21,10.76,0.01,10,10760,买盘
2449,11:05:18,10.75,--,21,22575,卖盘
2450,11:05:15,10.75,--,9,9675,卖盘
2451,11:05:09,10.75,--,31,33325,卖盘
2452,11:05:06,10.75,--,312,335400,卖盘
2453,11:05:03,10.75,-0.01,18,19350,卖盘
2454,11:05:00,10.76,0.01,2,2152,买盘
2455,11:04:54,10.75,--,12,12900,卖盘
2456,11:04:51,10.75,--,10,10750,卖盘
2457,11:04:48,10.75,-0.01,1,1075,卖盘
2458,11:04:45,10.76,0.01,5,5380,买盘
2459,11:04:39,10.75,-0.01,11,11825,卖盘
2460,11:04:36,10.76,0.01,38,40888,买盘
2461,11:04:33,10.75,--,26,27950,卖盘
2462,11:04:30,10.75,--,12,12900,卖盘
2463,11:04:27,10.75,--,12,12900,卖盘
2464,11:04:21,10.75,--,29,31175,卖盘
2465,11:04:18,10.75,-0.01,11,11825,卖盘
2466,11:04:12,10.76,0.01,5,5380,买盘
2467,11:04:09,10.75,-0.01,17,18275,卖盘
2468,11:04:06,10.76,0.01,14,15064,买盘
2469,11:04:03,10.75,-0.01,5,5375,卖盘
2470,11:04:00,10.76,0.01,1,1076,买盘
2471,11:03:57,10.75,--,12,12900,卖盘
2472,11:03:54,10.75,--,2,2150,卖盘
2473,11:03:51,10.75,--,10,10750,卖盘
2474,11:03:48,10.75,--,1,1075,卖盘
2475,11:03:45,10.75,--,15,16125,卖盘
2476,11:03:42,10.75,--,3,3225,卖盘
2477,11:03:36,10.75,--,24,25800,卖盘
2478,11:03:33,10.75,--,19,20425,卖盘
2479,11:03:30,10.75,-0.01,26,27950,卖盘
2480,11:03:27,10.76,0.01,45,48420,买盘
2481,11:03:21,10.75,--,30,32250,卖盘
2482,11:03:15,10.75,--,9,9675,卖盘
2483,11:03:12,10.75,--,43,46225,卖盘
2484,11:03:06,10.75,--,11,11825,卖盘
2485,11:03:03,10.75,--,16,17200,卖盘
2486,11:03:00,10.75,--,7,7525,卖盘
2487,11:02:57,10.75,-0.01,1,1075,卖盘
2488,11:02:54,10.76,0.01,10,10760,买盘
2489,11:02:51,10.75,--,22,23650,卖盘
2490,11:02:48,10.75,--,1,1075,卖盘
2491,11:02:39,10.75,--,12,12900,卖盘
2492,11:02:36,10.75,0.01,43,46225,买盘
2493,11:02:33,10.74,--,16,17184,卖盘
2494,11:02:30,10.74,-0.02,13,13962,卖盘
2495,11:02:27,10.76,0.02,9,9684,买盘
2496,11:02:21,10.74,--,25,26850,卖盘
2497,11:02:18,10.74,--,12,12888,卖盘
2498,11:02:12,10.74,--,57,61218,卖盘
2499,11:02:09,10.74,-0.02,16,17184,卖盘
2500,11:02:06,10.76,--,86,92536,买盘
2501,11:02:03,10.76,--,26,27976,买盘
2502,11:02:00,10.76,0.02,18,19368,买盘
2503,11:01:54,10.74,--,12,12888,卖盘
2504,11:01:51,10.74,-0.02,15,16110,卖盘
2505,11:01:48,10.76,0.02,27,29052,买盘
2506,11:01:45,10.74,-0.02,13,13962,卖盘
2507,11:01:42,10.76,0.02,88,94688,买盘
2508,11:01:36,10.74,-0.01,31,33294,卖盘
2509,11:01:33,10.75,--,16,17200,卖盘
2510,11:01:30,10.75,0.01,44,47300,买盘
2511,11:01:21,10.74,-0.01,18,19332,卖盘
2512,11:01:15,10.75,--,20,21500,买盘
2513,11:01:12,10.75,0.01,10,10750,买盘
2514,11:01:09,10.74,--,25,26850,卖盘
2515,11:01:06,10.74,-0.01,11,11814,卖盘
2516,11:01:03,10.75,0.01,23,24725,买盘
2517,11:01:00,10.74,-0.01,4,4296,卖盘
2518,11:00:57,10.75,0.01,3,3225,买盘
2519,11:00:54,10.74,--,1,1074,卖盘
2520,11:00:51,10.74,--,32,34368,卖盘
2521,11:00:48,10.74,-0.01,23,24702,卖盘
2522,11:00:45,10.75,0.01,35,37625,买盘
2523,11:00:42,10.74,-0.01,45,48330,卖盘
2524,11:00:39,10.75,0.01,4,4300,买盘
2525,11:00:36,10.74,-0.01,14,15036,卖盘
2526,11:00:33,10.75,0.01,137,147275,买盘
2527,11:00:30,10.74,-0.01,28,30072,卖盘
2528,11:00:27,10.75,--,10,10750,买盘
2529,11:00:24,10.75,--,10,10750,买盘
2530,11:00:21,10.75,--,23,24725,买盘
2531,11:00:18,10.75,--,20,21500,买盘
2532,11:00:15,10.75,--,35,37625,买盘
2533,11:00:12,10.75,0.01,9,9675,买盘
2534,11:00:09,10.74,--,16,17184,卖盘
2535,11:00:06,10.74,-0.01,20,21480,卖盘
2536,11:00:03,10.75,--,68,73100,买盘
2537,11:00:00,10.75,0.01,4,4300,买盘
2538,10:59:54,10.74,--,23,24702,卖盘
2539,10:59:51,10.74,--,16,17184,卖盘
2540,10:59:48,10.74,--,15,16110,卖盘
2541,10:59:45,10.74,-0.01,10,10740,卖盘
2542,10:59:42,10.75,0.01,35,37625,买盘
2543,10:59:39,10.74,-0.01,20,21480,卖盘
2544,10:59:36,10.75,--,24,25800,买盘
2545,10:59:33,10.75,0.01,88,94600,买盘
2546,10:59:30,10.74,--,7,7518,卖盘
2547,10:59:21,10.74,-0.01,12,12888,卖盘
2548,10:59:15,10.75,0.01,35,37625,买盘
2549,10:59:12,10.74,--,13,13962,卖盘
2550,10:59:09,10.74,--,5,5370,卖盘
2551,10:59:06,10.74,--,63,67662,卖盘
2552,10:59:03,10.74,--,129,138546,卖盘
2553,10:59:00,10.74,--,3,3222,卖盘
2554,10:58:54,10.74,--,7,7518,卖盘
2555,10:58:51,10.74,--,27,28998,卖盘
2556,10:58:48,10.74,--,5,5370,卖盘
2557,10:58:39,10.74,--,12,12888,卖盘
2558,10:58:36,10.74,--,13,13962,卖盘
2559,10:58:33,10.74,--,17,18258,卖盘
2560,10:58:30,10.74,--,3,3222,卖盘
2561,10:58:27,10.74,--,21,22554,卖盘
2562,10:58:24,10.74,--,1,1074,卖盘
2563,10:58:21,10.74,--,24,25776,卖盘
2564,10:58:18,10.74,--,12,12888,卖盘
2565,10:58:12,10.74,--,21,22554,卖盘
2566,10:58:09,10.74,--,5,5370,卖盘
2567,10:58:06,10.74,--,23,24702,卖盘
2568,10:58:03,10.74,--,2,2148,卖盘
2569,10:58:00,10.74,--,3,3222,卖盘
2570,10:57:57,10.74,--,12,12888,卖盘
2571,10:57:54,10.74,--,1,1074,卖盘
2572,10:57:51,10.74,--,10,10740,卖盘
2573,10:57:48,10.74,-0.01,10,10740,卖盘
2574,10:57:45,10.75,0.01,66,70950,买盘
2575,10:57:36,10.74,--,40,42960,卖盘
2576,10:57:33,10.74,--,59,63366,卖盘
2577,10:57:30,10.74,-0.01,3,3222,卖盘
2578,10:57:24,10.75,0.01,8,8600,买盘
2579,10:57:21,10.74,-0.01,1,1074,卖盘
2580,10:57:18,10.75,--,57,61275,买盘
2581,10:57:15,10.75,0.01,10,10750,买盘
2582,10:57:12,10.74,--,5,5370,卖盘
2583,10:57:09,10.74,-0.01,12,12888,卖盘
2584,10:57:06,10.75,0.01,13,13975,买盘
2585,10:57:03,10.74,--,2,2148,卖盘
2586,10:57:00,10.74,--,13,13962,卖盘
2587,10:56:57,10.74,--,13,13962,卖盘
2588,10:56:54,10.74,-0.01,11,11814,卖盘
2589,10:56:51,10.75,--,51,54825,卖盘
2590,10:56:48,10.75,-0.01,15,16125,卖盘
2591,10:56:45,10.76,0.01,10,10760,买盘
2592,10:56:42,10.75,-0.01,1,1075,中性盘
2593,10:56:36,10.76,0.01,79,85004,买盘
2594,10:56:33,10.75,--,16,17200,卖盘
2595,10:56:30,10.75,--,12,12900,卖盘
2596,10:56:27,10.75,--,21,22575,卖盘
2597,10:56:21,10.75,--,1,1075,卖盘
2598,10:56:15,10.75,-0.01,11,11825,卖盘
2599,10:56:12,10.76,0.01,2,2152,买盘
2600,10:56:09,10.75,-0.01,5,5375,卖盘
2601,10:56:06,10.76,0.01,24,25824,买盘
2602,10:56:03,10.75,--,2,2150,卖盘
2603,10:55:57,10.75,--,3,3225,卖盘
2604,10:55:54,10.75,--,1,1075,卖盘
2605,10:55:51,10.75,--,22,23650,卖盘
2606,10:55:48,10.75,--,5,5375,卖盘
2607,10:55:45,10.75,--,11,11825,卖盘
2608,10:55:42,10.75,--,25,26875,卖盘
2609,10:55:39,10.75,--,32,34400,卖盘
2610,10:55:36,10.75,--,11,11825,卖盘
2611,10:55:33,10.75,--,15,16125,卖盘
2612,10:55:30,10.75,--,61,65575,卖盘
2613,10:55:27,10.75,--,13,13975,卖盘
2614,10:55:21,10.75,--,1,1075,卖盘
2615,10:55:18,10.75,-0.01,12,12900,卖盘
2616,10:55:15,10.76,0.01,3,3228,买盘
2617,10:55:12,10.75,-0.02,13,13975,卖盘
2618,10:55:06,10.77,--,51,54927,买盘
2619,10:55:03,10.77,0.01,3,3231,买盘
2620,10:55:00,10.76,--,12,12912,卖盘
2621,10:54:57,10.76,-0.01,3,3228,卖盘
2622,10:54:54,10.77,0.01,66,71082,买盘
2623,10:54:51,10.76,--,33,35508,买盘
2624,10:54:48,10.76,0.01,63,67788,买盘
2625,10:54:42,10.75,-0.01,4,4300,卖盘
2626,10:54:39,10.76,--,17,18292,卖盘
2627,10:54:36,10.76,--,12,12912,卖盘
2628,10:54:33,10.76,-0.01,19,20444,卖盘
2629,10:54:30,10.77,0.01,1,1077,买盘
2630,10:54:27,10.76,--,3,3228,中性盘
2631,10:54:24,10.76,--,34,36584,卖盘
2632,10:54:21,10.76,--,1,1076,卖盘
2633,10:54:18,10.76,0.01,8,8608,买盘
2634,10:54:15,10.75,--,11,11825,卖盘
2635,10:54:06,10.75,-0.01,13,13975,卖盘
2636,10:54:03,10.76,0.01,10,10760,买盘
2637,10:54:00,10.75,--,36,38700,卖盘
2638,10:53:57,10.75,--,3,3225,卖盘
2639,10:53:54,10.75,--,13,13975,卖盘
2640,10:53:51,10.75,--,12,12900,卖盘
2641,10:53:48,10.75,--,10,10750,卖盘
2642,10:53:42,10.75,-0.01,41,44075,卖盘
2643,10:53:39,10.76,0.01,16,17216,买盘
2644,10:53:36,10.75,--,13,13975,卖盘
2645,10:53:33,10.75,-0.02,30,32250,卖盘
2646,10:53:24,10.77,0.02,68,73236,买盘
2647,10:53:21,10.75,-0.02,213,228975,卖盘
2648,10:53:18,10.77,0.02,3,3231,买盘
2649,10:53:15,10.75,-0.01,131,140825,卖盘
2650,10:53:12,10.76,0.01,3,3228,买盘
2651,10:53:09,10.75,--,104,111800,卖盘
2652,10:53:06,10.75,--,13,13975,卖盘
2653,10:53:03,10.75,--,2,2150,卖盘
2654,10:52:57,10.75,--,40,43000,卖盘
2655,10:52:54,10.75,--,1,1075,卖盘
2656,10:52:51,10.75,--,25,26875,卖盘
2657,10:52:48,10.75,--,5,5375,卖盘
2658,10:52:45,10.75,--,16,17200,卖盘
2659,10:52:39,10.75,-0.01,3,3225,卖盘
2660,10:52:36,10.76,0.01,34,36584,买盘
2661,10:52:33,10.75,-0.01,16,17200,卖盘
2662,10:52:30,10.76,--,1,1076,买盘
2663,10:52:27,10.76,0.01,89,95764,买盘
2664,10:52:24,10.75,--,11,11825,卖盘
2665,10:52:21,10.75,--,1,1075,卖盘
2666,10:52:18,10.75,-0.01,228,245100,卖盘
2667,10:52:15,10.76,0.01,7,7532,买盘
2668,10:52:12,10.75,-0.01,63,67725,卖盘
2669,10:52:09,10.76,0.01,16,17216,买盘
2670,10:52:06,10.75,-0.01,50,53750,卖盘
2671,10:52:03,10.76,0.01,62,66712,买盘
2672,10:52:00,10.75,--,30,32250,卖盘
2673,10:51:54,10.75,--,11,11825,卖盘
2674,10:51:51,10.75,--,35,37625,卖盘
2675,10:51:48,10.75,--,17,18275,卖盘
2676,10:51:42,10.75,-0.01,11,11825,卖盘
2677,10:51:39,10.76,0.01,427,459452,买盘
2678,10:51:36,10.75,--,17,18275,卖盘
2679,10:51:33,10.75,--,16,17200,卖盘
2680,10:51:27,10.75,--,11,11825,卖盘
2681,10:51:24,10.75,--,3,3225,卖盘
2682,10:51:21,10.75,--,1,1075,卖盘
2683,10:51:18,10.75,--,29,31175,卖盘
2684,10:51:12,10.75,--,5,5375,卖盘
2685,10:51:06,10.75,--,26,27950,卖盘
2686,10:51:03,10.75,-0.01,2,2150,卖盘
2687,10:50:57,10.76,0.01,31,33356,买盘
2688,10:50:54,10.75,--,71,76325,卖盘
2689,10:50:51,10.75,-0.01,13,13975,卖盘
2690,10:50:48,10.76,0.01,20,21520,买盘
2691,10:50:45,10.75,--,5,5375,卖盘
2692,10:50:42,10.75,--,13,13975,卖盘
2693,10:50:39,10.75,--,3,3225,卖盘
2694,10:50:36,10.75,--,23,24725,卖盘
2695,10:50:33,10.75,--,31,33325,卖盘
2696,10:50:24,10.75,--,15,16125,卖盘
2697,10:50:21,10.75,-0.01,1,1075,卖盘
2698,10:50:15,10.76,0.01,9,9684,买盘
2699,10:50:12,10.75,--,12,12900,卖盘
2700,10:50:09,10.75,--,26,27950,卖盘
2701,10:50:06,10.75,-0.01,14,15050,卖盘
2702,10:50:03,10.76,0.01,20,21520,买盘
2703,10:50:00,10.75,--,15,16125,卖盘
2704,10:49:57,10.75,--,1,1075,卖盘
2705,10:49:54,10.75,--,3,3225,卖盘
2706,10:49:51,10.75,--,16,17200,卖盘
2707,10:49:48,10.75,--,16,17200,卖盘
2708,10:49:45,10.75,--,3,3225,卖盘
2709,10:49:39,10.75,--,3,3225,卖盘
2710,10:49:36,10.75,--,23,24725,卖盘
2711,10:49:33,10.75,--,30,32250,卖盘
2712,10:49:30,10.75,--,1,1075,卖盘
2713,10:49:27,10.75,--,13,13975,卖盘
2714,10:49:24,10.75,--,3,3225,卖盘
2715,10:49:21,10.75,--,16,17200,卖盘
2716,10:49:18,10.75,--,11,11825,卖盘
2717,10:49:15,10.75,--,31,33325,卖盘
2718,10:49:12,10.75,0.01,4,4300,买盘
2719,10:49:09,10.74,--,5,5370,卖盘
2720,10:49:06,10.74,--,24,25776,卖盘
2721,10:49:03,10.74,--,1,1074,卖盘
2722,10:49:00,10.74,-0.02,1,1074,卖盘
2723,10:48:54,10.76,--,32,34432,买盘
2724,10:48:51,10.76,0.02,21,22596,买盘
2725,10:48:48,10.74,--,4,4296,卖盘
2726,10:48:42,10.74,-0.01,11,11814,卖盘
2727,10:48:39,10.75,--,3,3225,卖盘
2728,10:48:36,10.75,--,23,24725,卖盘
2729,10:48:33,10.75,--,14,15050,卖盘
2730,10:48:30,10.75,--,1,1075,卖盘
2731,10:48:24,10.75,--,7,7525,卖盘
2732,10:48:21,10.75,--,17,18275,卖盘
2733,10:48:15,10.75,--,14,15050,卖盘
2734,10:48:12,10.75,--,59,63425,卖盘
2735,10:48:09,10.75,--,9,9675,卖盘
2736,10:48:06,10.75,--,13,13975,卖盘
2737,10:48:00,10.75,--,19,20425,卖盘
2738,10:47:57,10.75,--,10,10750,卖盘
2739,10:47:54,10.75,--,15,16125,卖盘
2740,10:47:51,10.75,0.01,44,47300,买盘
2741,10:47:48,10.74,--,8,8592,卖盘
2742,10:47:42,10.74,--,11,11814,卖盘
2743,10:47:39,10.74,--,3,3222,卖盘
2744,10:47:36,10.74,-0.01,19,20406,卖盘
2745,10:47:33,10.75,--,18,19350,卖盘
2746,10:47:27,10.75,0.01,13,13975,买盘
2747,10:47:24,10.74,--,40,42960,卖盘
2748,10:47:21,10.74,--,1,1074,卖盘
2749,10:47:15,10.74,--,12,12888,卖盘
2750,10:47:12,10.74,--,1,1074,卖盘
2751,10:47:09,10.74,--,11,11814,卖盘
2752,10:47:06,10.74,-0.02,12,12888,卖盘
2753,10:47:03,10.76,0.02,9,9684,买盘
2754,10:47:00,10.74,-0.01,48,51552,卖盘
2755,10:46:57,10.75,0.01,51,54825,买盘
2756,10:46:54,10.74,0.01,5,5370,买盘
2757,10:46:51,10.73,-0.01,37,39701,卖盘
2758,10:46:48,10.74,--,517,555258,买盘
2759,10:46:42,10.74,0.01,39,41886,买盘
2760,10:46:39,10.73,--,3,3219,卖盘
2761,10:46:36,10.73,-0.01,128,137344,卖盘
2762,10:46:33,10.74,--,6,6444,买盘
2763,10:46:30,10.74,-0.01,457,490818,卖盘
2764,10:46:24,10.75,0.01,28,30100,买盘
2765,10:46:21,10.74,--,4,4296,卖盘
2766,10:46:15,10.74,--,3,3222,卖盘
2767,10:46:09,10.74,--,7,7518,卖盘
2768,10:46:06,10.74,-0.01,11,11814,卖盘
2769,10:46:03,10.75,0.01,15,16125,买盘
2770,10:46:00,10.74,--,34,36516,卖盘
2771,10:45:51,10.74,--,13,13962,卖盘
2772,10:45:48,10.74,--,9,9666,卖盘
2773,10:45:45,10.74,--,25,26850,卖盘
2774,10:45:42,10.74,--,209,224466,卖盘
2775,10:45:39,10.74,--,23,24702,卖盘
2776,10:45:36,10.74,-0.01,11,11814,卖盘
2777,10:45:30,10.75,-0.01,33,35475,卖盘
2778,10:45:27,10.76,0.01,1,1076,买盘
2779,10:45:21,10.75,--,104,111800,卖盘
2780,10:45:12,10.75,--,6,6450,卖盘
2781,10:45:09,10.75,--,5,5375,卖盘
2782,10:45:06,10.75,--,16,17200,卖盘
2783,10:45:00,10.75,--,26,27950,卖盘
2784,10:44:57,10.75,--,15,16125,卖盘
2785,10:44:54,10.75,--,30,32250,卖盘
2786,10:44:51,10.75,--,13,13975,卖盘
2787,10:44:48,10.75,-0.01,4,4300,卖盘
2788,10:44:45,10.76,0.01,9,9684,买盘
2789,10:44:39,10.75,--,3,3225,卖盘
2790,10:44:36,10.75,--,20,21500,卖盘
2791,10:44:33,10.75,-0.01,14,15050,卖盘
2792,10:44:30,10.76,0.01,4,4304,买盘
2793,10:44:24,10.75,--,1,1075,卖盘
2794,10:44:21,10.75,--,3,3225,卖盘
2795,10:44:12,10.75,--,4,4300,卖盘
2796,10:44:09,10.75,--,5,5375,卖盘
2797,10:44:06,10.75,--,23,24725,卖盘
2798,10:44:03,10.75,--,9,9696,卖盘
2799,10:44:00,10.75,--,31,33325,卖盘
2800,10:43:57,10.75,--,28,30100,卖盘
2801,10:43:51,10.75,--,13,13975,卖盘
2802,10:43:48,10.75,-0.01,4,4300,卖盘
2803,10:43:39,10.76,0.01,8,8608,买盘
2804,10:43:36,10.75,--,40,43000,卖盘
2805,10:43:33,10.75,--,14,15050,卖盘
2806,10:43:30,10.75,--,1,1075,卖盘
2807,10:43:21,10.75,-0.01,3,3225,卖盘
2808,10:43:18,10.76,0.01,13,13988,买盘
2809,10:43:15,10.75,-0.01,20,21500,卖盘
2810,10:43:06,10.76,--,6,6456,卖盘
2811,10:43:03,10.76,0.01,10,10760,买盘
2812,10:43:00,10.75,--,1,1075,卖盘
2813,10:42:51,10.75,--,13,13975,卖盘
2814,10:42:48,10.75,-0.01,4,4300,卖盘
2815,10:42:42,10.76,--,5,5380,买盘
2816,10:42:39,10.76,0.01,23,24748,买盘
2817,10:42:36,10.75,--,13,13975,卖盘
2818,10:42:33,10.75,--,14,15050,卖盘
2819,10:42:30,10.75,-0.01,31,33325,卖盘
2820,10:42:27,10.76,--,76,81776,买盘
2821,10:42:24,10.76,0.01,41,44116,买盘
2822,10:42:21,10.75,-0.01,165,177375,卖盘
