,time,price,change,volume,amount,type
0,15:00:03,11.25,--,4682,5267250,买盘
1,14:57:00,11.25,0.01,19,21375,买盘
2,14:56:57,11.24,-0.01,27,30348,卖盘
3,14:56:54,11.25,--,72,81000,买盘
4,14:56:51,11.25,0.01,10,11250,买盘
5,14:56:48,11.24,--,20,22480,卖盘
6,14:56:45,11.24,--,8,8992,卖盘
7,14:56:42,11.24,--,242,272008,卖盘
8,14:56:39,11.24,--,23,25852,卖盘
9,14:56:36,11.24,--,85,95989,买盘
10,14:56:33,11.24,--,15,16860,买盘
11,14:56:27,11.24,--,36,41138,卖盘
12,14:56:21,11.24,--,697,783877,买盘
13,14:56:18,11.24,--,93,104532,买盘
14,14:56:15,11.24,--,90,101160,买盘
15,14:56:12,11.24,0.01,8,8992,买盘
16,14:56:09,11.23,-0.01,45,50535,卖盘
17,14:56:06,11.24,--,2,2248,买盘
18,14:56:03,11.24,--,7,7868,买盘
19,14:56:00,11.24,--,5,5620,买盘
20,14:55:57,11.24,--,49,55076,买盘
21,14:55:54,11.24,--,22,24728,买盘
22,14:55:51,11.24,0.01,62,69688,买盘
23,14:55:48,11.23,--,64,71872,卖盘
24,14:55:45,11.23,-0.01,145,162835,卖盘
25,14:55:42,11.24,--,23,25852,买盘
26,14:55:39,11.24,0.01,15,16860,买盘
27,14:55:36,11.23,-0.01,41,46043,卖盘
28,14:55:33,11.24,--,126,141624,买盘
29,14:55:30,11.24,0.01,240,269760,买盘
30,14:55:27,11.23,-0.01,35,39305,卖盘
31,14:55:24,11.24,--,145,162980,买盘
32,14:55:21,11.24,--,18,20232,买盘
33,14:55:18,11.24,--,92,103408,买盘
34,14:55:15,11.24,--,43,48332,买盘
35,14:55:12,11.24,--,51,57324,买盘
36,14:55:09,11.24,--,154,173096,买盘
37,14:55:06,11.24,--,296,332704,买盘
38,14:55:03,11.24,--,748,840752,买盘
39,14:55:00,11.24,--,23,25852,买盘
40,14:54:57,11.24,--,106,119144,买盘
41,14:54:54,11.24,0.01,12,13488,买盘
42,14:54:51,11.23,-0.01,32,35936,卖盘
43,14:54:48,11.24,--,29,32596,买盘
44,14:54:45,11.24,--,27,30348,买盘
45,14:54:42,11.24,--,28,31472,买盘
46,14:54:39,11.24,--,15,16860,买盘
47,14:54:33,11.24,--,140,157360,买盘
48,14:54:30,11.24,--,537,603588,买盘
49,14:54:27,11.24,0.01,9,10116,买盘
50,14:54:24,11.23,--,50,56150,卖盘
51,14:54:21,11.23,-0.01,23,25829,卖盘
52,14:54:18,11.24,--,14,15736,买盘
53,14:54:15,11.24,--,24,26976,买盘
54,14:54:12,11.24,0.01,100,112400,买盘
55,14:54:09,11.23,-0.01,208,233584,卖盘
56,14:54:06,11.24,--,1,1124,买盘
57,14:54:03,11.24,--,13,14612,买盘
58,14:54:00,11.24,0.01,75,84300,买盘
59,14:53:57,11.23,-0.01,83,93209,卖盘
60,14:53:54,11.24,--,27,30348,买盘
61,14:53:51,11.24,--,115,129260,买盘
62,14:53:48,11.24,0.01,79,88796,买盘
63,14:53:45,11.23,-0.01,37,41551,卖盘
64,14:53:42,11.24,--,12,13488,买盘
65,14:53:39,11.24,0.01,14,15736,买盘
66,14:53:36,11.23,-0.01,113,126899,卖盘
67,14:53:33,11.24,0.01,9,10116,买盘
68,14:53:30,11.23,-0.01,206,231338,卖盘
69,14:53:27,11.24,0.01,15,16860,买盘
70,14:53:24,11.23,--,23,25829,卖盘
71,14:53:21,11.23,-0.01,1,1123,卖盘
72,14:53:18,11.24,--,185,207940,买盘
73,14:53:15,11.24,0.01,169,189956,买盘
74,14:53:12,11.23,-0.01,18,20214,卖盘
75,14:53:06,11.24,0.01,15,16860,买盘
76,14:53:03,11.23,--,103,115669,卖盘
77,14:52:57,11.23,-0.01,1,1123,卖盘
78,14:52:54,11.24,--,10,11240,买盘
79,14:52:51,11.24,0.01,11,12364,买盘
80,14:52:48,11.23,--,31,34813,卖盘
81,14:52:45,11.23,-0.01,33,37059,卖盘
82,14:52:42,11.24,--,1,1124,买盘
83,14:52:39,11.24,0.01,24,26976,买盘
84,14:52:33,11.23,--,5,5615,卖盘
85,14:52:30,11.23,--,48,53904,卖盘
86,14:52:27,11.23,--,30,34026,买盘
87,14:52:24,11.23,-0.01,1907,2141561,卖盘
88,14:52:21,11.24,--,102,114648,买盘
89,14:52:18,11.24,--,13,14612,买盘
90,14:52:15,11.24,--,19,21356,买盘
91,14:52:12,11.24,0.01,11,12364,买盘
92,14:52:06,11.23,--,157,176311,卖盘
93,14:52:03,11.23,--,91,102193,卖盘
94,14:52:00,11.23,-0.01,134,150482,卖盘
95,14:51:57,11.24,--,6,6744,买盘
96,14:51:54,11.24,--,40,44960,买盘
97,14:51:51,11.24,--,17,19108,买盘
98,14:51:48,11.24,0.01,10,11240,买盘
99,14:51:45,11.23,-0.01,17,19091,卖盘
100,14:51:42,11.24,0.01,70,78680,买盘
101,14:51:39,11.23,-0.01,6,6738,卖盘
102,14:51:33,11.24,0.01,6,6744,买盘
103,14:51:30,11.23,--,11,12353,卖盘
104,14:51:27,11.23,--,50,56150,买盘
105,14:51:24,11.23,0.01,10,11230,买盘
106,14:51:21,11.22,--,43,48246,卖盘
107,14:51:18,11.22,-0.01,92,103224,卖盘
108,14:51:15,11.23,--,248,278504,买盘
109,14:51:12,11.23,--,59,66257,买盘
110,14:51:09,11.23,--,13,14599,买盘
111,14:51:06,11.23,--,233,261659,买盘
112,14:51:03,11.23,--,89,99947,买盘
113,14:51:00,11.23,0.01,27,30321,买盘
114,14:50:57,11.22,-0.01,21,23562,卖盘
115,14:50:54,11.23,0.01,142,159466,买盘
116,14:50:51,11.22,--,120,134640,卖盘
117,14:50:48,11.22,-0.01,308,345576,卖盘
118,14:50:45,11.23,--,33,37059,买盘
119,14:50:42,11.23,--,87,97701,买盘
120,14:50:39,11.23,0.01,16,17968,买盘
121,14:50:36,11.22,-0.01,16,17952,卖盘
122,14:50:33,11.23,--,4,4492,买盘
123,14:50:30,11.23,--,102,114546,买盘
124,14:50:27,11.23,--,92,103316,买盘
125,14:50:24,11.23,--,55,61765,买盘
126,14:50:21,11.23,--,81,90963,卖盘
127,14:50:18,11.23,0.01,20,22460,卖盘
128,14:50:15,11.22,-0.01,100,112200,卖盘
129,14:50:12,11.23,--,20,22460,买盘
130,14:50:09,11.23,--,321,360483,买盘
131,14:50:06,11.23,--,33,37059,买盘
132,14:50:03,11.23,0.01,20,22460,买盘
133,14:50:00,11.22,-0.02,264,296208,卖盘
134,14:49:54,11.24,0.01,207,232668,买盘
135,14:49:51,11.23,--,110,123530,买盘
136,14:49:48,11.23,0.01,15,16845,买盘
137,14:49:45,11.22,--,107,120054,卖盘
138,14:49:42,11.22,-0.01,13,14586,卖盘
139,14:49:39,11.23,--,115,129145,买盘
140,14:49:36,11.23,0.01,4,4492,买盘
141,14:49:33,11.22,-0.01,132,148104,卖盘
142,14:49:30,11.23,--,5,5615,买盘
143,14:49:27,11.23,-0.01,75,84225,卖盘
144,14:49:24,11.24,0.02,3,3372,买盘
145,14:49:21,11.22,-0.01,110,123420,卖盘
146,14:49:18,11.23,--,34,38182,买盘
147,14:49:15,11.23,--,61,68503,买盘
148,14:49:12,11.23,--,63,70749,买盘
149,14:49:09,11.23,--,29,32567,买盘
150,14:49:06,11.23,--,135,151605,买盘
151,14:49:03,11.23,--,48,53904,买盘
152,14:49:00,11.23,--,91,102193,买盘
153,14:48:57,11.23,0.01,62,69626,买盘
154,14:48:54,11.22,-0.01,99,111078,卖盘
155,14:48:51,11.23,--,5,5615,买盘
156,14:48:48,11.23,--,126,141498,卖盘
157,14:48:45,11.23,--,31,34813,卖盘
158,14:48:42,11.23,--,146,163958,买盘
159,14:48:39,11.23,--,138,154974,买盘
160,14:48:36,11.23,--,170,190910,买盘
161,14:48:33,11.23,--,54,60642,买盘
162,14:48:30,11.23,-0.01,206,231338,卖盘
163,14:48:27,11.24,0.01,4,4496,买盘
164,14:48:24,11.23,--,171,192033,买盘
165,14:48:21,11.23,--,64,71872,买盘
166,14:48:18,11.23,0.01,34,38182,买盘
167,14:48:15,11.22,-0.01,104,116688,卖盘
168,14:48:12,11.23,--,93,104439,买盘
169,14:48:09,11.23,--,231,259413,卖盘
170,14:48:06,11.23,--,55,61765,卖盘
171,14:48:03,11.23,--,2,2246,卖盘
172,14:48:00,11.23,--,13,14599,买盘
173,14:47:57,11.23,--,221,248183,买盘
174,14:47:54,11.23,--,87,97701,买盘
175,14:47:51,11.23,-0.01,244,274012,卖盘
176,14:47:48,11.24,0.01,1,1124,买盘
177,14:47:45,11.23,--,48,53904,买盘
178,14:47:42,11.23,--,59,66257,买盘
179,14:47:39,11.23,--,236,265028,买盘
180,14:47:36,11.23,--,21,23583,买盘
181,14:47:33,11.23,--,39,43797,买盘
182,14:47:30,11.23,--,47,52781,买盘
183,14:47:27,11.23,--,28,31444,买盘
184,14:47:24,11.23,--,181,203263,卖盘
185,14:47:21,11.23,--,159,178557,卖盘
186,14:47:15,11.23,--,155,174065,买盘
187,14:47:12,11.23,--,24,26952,买盘
188,14:47:09,11.23,--,220,247060,买盘
189,14:47:06,11.23,--,1,1123,买盘
190,14:47:03,11.23,--,12,13476,买盘
191,14:47:00,11.23,--,17,19091,买盘
192,14:46:57,11.23,--,24,26952,买盘
193,14:46:54,11.23,0.01,303,340269,买盘
194,14:46:51,11.22,-0.01,95,106590,卖盘
195,14:46:48,11.23,--,112,125776,买盘
196,14:46:45,11.23,--,83,93209,买盘
197,14:46:42,11.23,--,12,13476,买盘
198,14:46:39,11.23,--,57,64011,买盘
199,14:46:36,11.23,--,151,169573,买盘
200,14:46:33,11.23,--,47,52781,买盘
201,14:46:30,11.23,--,796,893908,卖盘
202,14:46:27,11.23,--,138,154974,卖盘
203,14:46:24,11.23,-0.01,32,35936,卖盘
204,14:46:21,11.24,--,1,1124,买盘
205,14:46:18,11.24,0.01,175,196700,买盘
206,14:46:15,11.23,--,10,11230,买盘
207,14:46:12,11.23,--,84,94332,买盘
208,14:46:09,11.23,--,45,50535,买盘
209,14:46:06,11.23,--,15,16845,买盘
210,14:46:03,11.23,-0.01,993,1115139,卖盘
211,14:46:00,11.24,--,8,8992,买盘
212,14:45:57,11.24,0.01,34,38216,买盘
213,14:45:51,11.23,--,10,11230,卖盘
214,14:45:48,11.23,--,2,2246,卖盘
215,14:45:45,11.23,--,10,11230,卖盘
216,14:45:42,11.23,--,20,22460,卖盘
217,14:45:39,11.23,--,18,20214,卖盘
218,14:45:36,11.23,--,10,11230,卖盘
219,14:45:33,11.23,--,10,11230,卖盘
220,14:45:30,11.23,--,35,39305,买盘
221,14:45:27,11.23,0.01,42,47166,买盘
222,14:45:24,11.22,-0.01,292,327624,卖盘
223,14:45:21,11.23,--,19,21337,买盘
224,14:45:18,11.23,0.01,40,44920,买盘
225,14:45:15,11.22,-0.01,20,22440,卖盘
226,14:45:12,11.23,--,55,61765,买盘
227,14:45:09,11.23,--,109,122407,买盘
228,14:45:06,11.23,--,22,24706,买盘
229,14:45:03,11.23,-0.01,765,859095,卖盘
230,14:45:00,11.24,0.01,99,111276,买盘
231,14:44:54,11.23,-0.01,17,19091,卖盘
232,14:44:51,11.24,--,2,2248,买盘
233,14:44:48,11.24,--,26,29224,买盘
234,14:44:45,11.24,--,5,5620,买盘
235,14:44:39,11.24,--,80,89920,买盘
236,14:44:36,11.24,--,21,23604,买盘
237,14:44:33,11.24,--,25,28100,买盘
238,14:44:30,11.24,--,22,24728,买盘
239,14:44:27,11.24,0.01,24,26976,买盘
240,14:44:24,11.23,--,15,16845,卖盘
241,14:44:21,11.23,-0.01,558,626634,卖盘
242,14:44:18,11.24,--,65,73060,买盘
243,14:44:15,11.24,0.01,20,22480,买盘
244,14:44:12,11.23,-0.01,200,224600,卖盘
245,14:44:09,11.24,0.01,9,10116,买盘
246,14:44:06,11.23,-0.01,16,17968,卖盘
247,14:44:03,11.24,--,2,2248,买盘
248,14:44:00,11.24,--,11,12364,买盘
249,14:43:57,11.24,--,7,7868,买盘
250,14:43:54,11.24,--,23,25852,买盘
251,14:43:51,11.24,--,63,70812,买盘
252,14:43:48,11.24,--,1,1124,买盘
253,14:43:45,11.24,--,6,6744,买盘
254,14:43:42,11.24,--,30,33720,买盘
255,14:43:30,11.24,0.01,37,41588,买盘
256,14:43:27,11.23,-0.01,20,22460,卖盘
257,14:43:18,11.24,--,49,55076,买盘
258,14:43:15,11.24,0.01,11,12364,买盘
259,14:43:12,11.23,-0.01,553,621019,卖盘
260,14:43:09,11.24,0.01,1,1124,买盘
261,14:43:03,11.23,--,5,5615,卖盘
262,14:43:00,11.23,--,18,20214,买盘
263,14:42:57,11.23,--,104,116792,买盘
264,14:42:54,11.23,--,14,15722,买盘
265,14:42:51,11.23,--,254,285242,买盘
266,14:42:48,11.23,--,85,95455,买盘
267,14:42:39,11.23,--,40,44920,买盘
268,14:42:36,11.23,--,207,232461,卖盘
269,14:42:33,11.23,--,17,19091,卖盘
270,14:42:27,11.23,0.01,144,161712,买盘
271,14:42:24,11.22,-0.01,48,53856,卖盘
272,14:42:21,11.23,--,61,68503,买盘
273,14:42:18,11.23,--,55,61765,买盘
274,14:42:15,11.23,--,35,39305,买盘
275,14:42:12,11.23,--,129,144867,买盘
276,14:42:09,11.23,--,4,4492,买盘
277,14:42:06,11.23,--,35,39305,买盘
278,14:42:03,11.23,--,110,123530,买盘
279,14:42:00,11.23,-0.01,616,691768,卖盘
280,14:41:57,11.24,--,317,356308,买盘
281,14:41:54,11.24,--,25,28100,买盘
282,14:41:51,11.24,--,13,14612,买盘
283,14:41:48,11.24,--,6,6744,买盘
284,14:41:36,11.24,0.01,200,224800,买盘
285,14:41:33,11.23,--,67,75241,卖盘
286,14:41:27,11.23,--,8,8984,卖盘
287,14:41:24,11.23,0.01,122,137006,卖盘
288,14:41:18,11.22,-0.01,355,398310,卖盘
289,14:41:15,11.23,--,31,34813,买盘
290,14:41:12,11.23,--,12,13476,买盘
291,14:41:09,11.23,--,6,6738,买盘
292,14:41:06,11.23,-0.01,1743,1957389,卖盘
293,14:41:03,11.24,--,17,19108,买盘
294,14:41:00,11.24,0.01,6,6744,买盘
295,14:40:57,11.23,-0.01,23,25829,卖盘
296,14:40:54,11.24,--,1,1124,买盘
297,14:40:51,11.24,--,206,231544,买盘
298,14:40:45,11.24,--,2,2248,买盘
299,14:40:42,11.24,--,5,5620,买盘
300,14:40:36,11.24,--,43,48332,买盘
301,14:40:33,11.24,0.01,2,2248,买盘
302,14:40:30,11.23,-0.01,47,52781,卖盘
303,14:40:27,11.24,--,5,5620,买盘
304,14:40:24,11.24,0.01,10,11240,买盘
305,14:40:18,11.23,-0.01,65,72995,卖盘
306,14:40:15,11.24,--,1,1124,买盘
307,14:40:12,11.24,--,25,28100,买盘
308,14:40:09,11.24,--,67,75308,买盘
309,14:40:06,11.24,--,31,34844,买盘
310,14:40:03,11.24,--,25,28100,买盘
311,14:40:00,11.24,0.01,6,6744,买盘
312,14:39:57,11.23,-0.01,99,111177,卖盘
313,14:39:51,11.24,--,265,297860,买盘
314,14:39:48,11.24,0.01,10,11240,买盘
315,14:39:45,11.23,-0.01,1008,1131984,卖盘
316,14:39:42,11.24,--,2,2248,买盘
317,14:39:36,11.24,0.01,182,204568,买盘
318,14:39:33,11.23,-0.01,520,583960,卖盘
319,14:39:30,11.24,--,7,7868,买盘
320,14:39:27,11.24,0.01,54,60696,买盘
321,14:39:24,11.23,-0.01,30,33690,卖盘
322,14:39:21,11.24,--,32,35968,买盘
323,14:39:18,11.24,--,6,6744,买盘
324,14:39:15,11.24,--,41,46084,买盘
325,14:39:12,11.24,--,5,5620,买盘
326,14:39:09,11.24,--,23,25852,买盘
327,14:39:06,11.24,--,3,3372,买盘
328,14:39:03,11.24,--,67,75308,买盘
329,14:39:00,11.24,--,151,169724,买盘
330,14:38:57,11.24,--,2003,2251372,买盘
331,14:38:51,11.24,0.01,87,97788,买盘
332,14:38:42,11.23,-0.01,27,30321,卖盘
333,14:38:39,11.24,--,222,249528,买盘
334,14:38:36,11.24,--,22,24728,买盘
335,14:38:33,11.24,0.01,2030,2281720,买盘
336,14:38:30,11.23,-0.01,66,74118,卖盘
337,14:38:27,11.24,--,14,15736,买盘
338,14:38:24,11.24,--,106,119144,买盘
339,14:38:21,11.24,--,85,95540,买盘
340,14:38:18,11.24,--,1,1124,买盘
341,14:38:15,11.24,--,1180,1326994,卖盘
342,14:38:12,11.24,-0.01,58,65192,卖盘
343,14:38:09,11.25,--,6,6750,买盘
344,14:38:06,11.25,--,2,2250,买盘
345,14:38:03,11.25,--,1,1125,买盘
346,14:38:00,11.25,0.01,30,33750,买盘
347,14:37:57,11.24,--,23,26301,卖盘
348,14:37:54,11.24,--,239,268636,卖盘
349,14:37:45,11.24,-0.01,15,16860,卖盘
350,14:37:42,11.25,0.01,22,24750,买盘
351,14:37:39,11.24,-0.01,37,41588,卖盘
352,14:37:36,11.25,--,3,3375,买盘
353,14:37:33,11.25,--,21,23625,买盘
354,14:37:30,11.25,--,34,38250,买盘
355,14:37:27,11.25,--,30,33750,买盘
356,14:37:24,11.25,0.01,25,28125,买盘
357,14:37:21,11.24,-0.01,2,2248,卖盘
358,14:37:15,11.25,--,19,21375,买盘
359,14:37:12,11.25,0.01,50,56250,买盘
360,14:37:09,11.24,--,4,4496,卖盘
361,14:37:06,11.24,--,49,55076,卖盘
362,14:37:03,11.24,--,6,6744,卖盘
363,14:36:54,11.24,-0.01,36,40464,卖盘
364,14:36:51,11.25,--,183,205875,买盘
365,14:36:45,11.25,0.01,13,14625,买盘
366,14:36:36,11.24,-0.01,26,29224,卖盘
367,14:36:30,11.25,--,1,1125,买盘
368,14:36:27,11.25,--,502,564750,买盘
369,14:36:18,11.25,0.01,2,2250,买盘
370,14:36:15,11.24,-0.01,14,15736,卖盘
371,14:36:09,11.25,0.01,90,101250,买盘
372,14:36:06,11.24,--,16,17984,买盘
373,14:36:03,11.24,--,605,680020,卖盘
374,14:35:57,11.24,-0.01,15,16860,卖盘
375,14:35:54,11.25,0.01,40,45000,买盘
376,14:35:51,11.24,--,45,50580,卖盘
377,14:35:48,11.24,-0.01,350,393400,卖盘
378,14:35:45,11.25,0.01,32,36000,买盘
379,14:35:42,11.24,--,644,723856,卖盘
380,14:35:39,11.24,-0.01,17,19108,卖盘
381,14:35:36,11.25,0.01,20,22500,买盘
382,14:35:33,11.24,-0.01,381,428244,卖盘
383,14:35:30,11.25,0.01,4,4500,买盘
384,14:35:27,11.24,--,1,1124,卖盘
385,14:35:24,11.24,-0.01,49,55076,卖盘
386,14:35:21,11.25,--,1,1125,买盘
387,14:35:18,11.25,--,16,18000,买盘
388,14:35:15,11.25,--,29,32625,买盘
389,14:35:09,11.25,0.01,18,20250,买盘
390,14:35:06,11.24,--,48,53952,卖盘
391,14:35:03,11.24,--,6,6744,卖盘
392,14:35:00,11.24,-0.02,18,20232,卖盘
393,14:34:54,11.26,0.01,34,38284,买盘
394,14:34:51,11.25,--,16,18000,卖盘
395,14:34:48,11.25,0.01,984,1107000,买盘
396,14:34:45,11.24,-0.01,3,3372,卖盘
397,14:34:42,11.25,0.01,19,21375,买盘
398,14:34:39,11.24,--,15,16860,卖盘
399,14:34:36,11.24,--,67,75308,卖盘
400,14:34:33,11.24,-0.01,50,56200,卖盘
401,14:34:30,11.25,--,24,27000,买盘
402,14:34:27,11.25,--,75,84375,买盘
403,14:34:24,11.25,--,24,27000,买盘
404,14:34:18,11.25,0.01,9,10125,买盘
405,14:34:15,11.24,-0.01,17,19108,卖盘
406,14:34:12,11.25,--,4,4500,买盘
407,14:34:09,11.25,--,10,11250,买盘
408,14:34:06,11.25,0.01,5,5625,买盘
409,14:34:03,11.24,--,33,37092,卖盘
410,14:34:00,11.24,--,21,23604,卖盘
411,14:33:57,11.24,--,12,13488,卖盘
412,14:33:51,11.24,-0.01,117,131508,卖盘
413,14:33:45,11.25,--,2,2250,买盘
414,14:33:42,11.25,0.01,34,38250,买盘
415,14:33:39,11.24,--,51,57324,卖盘
416,14:33:36,11.24,--,8,8992,卖盘
417,14:33:27,11.24,--,436,490064,卖盘
418,14:33:24,11.24,--,101,113524,卖盘
419,14:33:18,11.24,--,5,5620,买盘
420,14:33:15,11.24,--,112,125888,买盘
421,14:33:12,11.24,--,20,22480,买盘
422,14:33:09,11.24,--,91,102284,买盘
423,14:33:06,11.24,--,310,348440,买盘
424,14:33:03,11.24,--,78,87672,买盘
425,14:33:00,11.24,--,74,83176,买盘
426,14:32:57,11.24,--,39,43836,买盘
427,14:32:54,11.24,--,7,7868,买盘
428,14:32:51,11.24,0.01,54,60696,买盘
429,14:32:48,11.23,--,9,10107,卖盘
430,14:32:45,11.23,-0.01,13,14599,卖盘
431,14:32:42,11.24,--,5,5620,买盘
432,14:32:39,11.24,--,10,11240,买盘
433,14:32:36,11.24,--,3,3372,买盘
434,14:32:33,11.24,--,23,25852,买盘
435,14:32:30,11.24,0.01,202,227048,买盘
436,14:32:27,11.23,--,1,1123,卖盘
437,14:32:24,11.23,--,1,1123,卖盘
438,14:32:21,11.23,--,33,37059,卖盘
439,14:32:18,11.23,-0.01,14,15722,卖盘
440,14:32:15,11.24,--,29,32596,买盘
441,14:32:12,11.24,-0.01,294,330456,卖盘
442,14:32:09,11.25,0.01,2,2250,买盘
443,14:32:06,11.24,--,387,434988,卖盘
444,14:32:03,11.24,--,2,2248,卖盘
445,14:32:00,11.24,--,362,406888,卖盘
446,14:31:54,11.24,--,15,16860,卖盘
447,14:31:51,11.24,--,344,386656,买盘
448,14:31:48,11.24,--,88,98912,买盘
449,14:31:45,11.24,-0.01,349,392276,卖盘
450,14:31:42,11.25,--,44,49500,买盘
451,14:31:39,11.25,0.01,3,3375,买盘
452,14:31:36,11.24,-0.01,460,517040,卖盘
453,14:31:33,11.25,--,7,7875,中性盘
454,14:31:24,11.25,--,25,28125,买盘
455,14:31:21,11.25,--,410,461250,卖盘
456,14:31:18,11.25,--,57,64125,卖盘
457,14:31:15,11.25,0.01,1163,1308375,买盘
458,14:31:09,11.24,-0.01,272,305728,卖盘
459,14:31:06,11.25,--,673,757125,买盘
460,14:31:03,11.25,--,27,30375,买盘
461,14:31:00,11.25,--,131,147375,买盘
462,14:30:57,11.25,--,4,4500,买盘
463,14:30:54,11.25,--,10,11250,买盘
464,14:30:51,11.25,--,1,1125,买盘
465,14:30:42,11.25,0.01,22,24750,买盘
466,14:30:36,11.24,-0.01,16,17984,卖盘
467,14:30:33,11.25,--,20,22500,买盘
468,14:30:30,11.25,--,10,11250,买盘
469,14:30:27,11.25,--,20,22500,买盘
470,14:30:24,11.25,--,14,15750,买盘
471,14:30:21,11.25,--,20,22500,买盘
472,14:30:15,11.25,--,4,4500,买盘
473,14:30:12,11.25,--,26,29250,买盘
474,14:30:09,11.25,-0.01,353,397125,卖盘
475,14:30:06,11.26,--,4,4504,买盘
476,14:30:03,11.26,--,10,11260,买盘
477,14:30:00,11.26,0.02,25,28150,买盘
478,14:29:57,11.24,-0.02,16,17984,卖盘
479,14:29:54,11.26,--,42,47292,买盘
480,14:29:48,11.26,0.01,8,9008,买盘
481,14:29:45,11.25,--,234,263250,买盘
482,14:29:39,11.25,-0.01,520,585787,卖盘
483,14:29:36,11.26,0.01,26,29276,买盘
484,14:29:30,11.25,-0.01,1,1125,卖盘
485,14:29:27,11.26,0.01,35,39410,买盘
486,14:29:24,11.25,--,18,20250,卖盘
487,14:29:21,11.25,--,8,9000,卖盘
488,14:29:18,11.25,-0.01,18,20250,卖盘
489,14:29:09,11.26,--,53,59678,买盘
490,14:29:06,11.26,0.01,6,6756,买盘
491,14:29:03,11.25,-0.01,65,73125,卖盘
492,14:28:57,11.26,0.01,18,20268,买盘
493,14:28:51,11.25,-0.01,16,18000,卖盘
494,14:28:48,11.26,--,24,27024,买盘
495,14:28:33,11.26,--,107,120482,买盘
496,14:28:30,11.26,--,36,40536,买盘
497,14:28:27,11.26,0.01,7,7882,买盘
498,14:28:24,11.25,-0.01,16,18000,卖盘
499,14:28:21,11.26,0.01,24,27024,买盘
500,14:28:18,11.25,-0.01,3,3375,卖盘
501,14:28:15,11.26,0.01,70,78820,买盘
502,14:28:12,11.25,--,62,69750,卖盘
503,14:28:09,11.25,-0.01,8,9000,卖盘
504,14:28:06,11.26,0.01,6,6756,买盘
505,14:28:03,11.25,--,25,28125,卖盘
506,14:27:57,11.25,-0.01,15,16875,卖盘
507,14:27:54,11.26,0.01,5,5630,买盘
508,14:27:45,11.25,-0.01,5,5625,卖盘
509,14:27:42,11.26,0.01,10,11260,买盘
510,14:27:39,11.25,--,22,24750,卖盘
511,14:27:27,11.25,--,353,397462,买盘
512,14:27:18,11.25,--,15,16875,买盘
513,14:27:15,11.25,--,9,10125,买盘
514,14:27:12,11.25,--,33,37125,买盘
515,14:27:09,11.25,--,26,29250,买盘
516,14:27:06,11.25,0.01,5,5625,买盘
517,14:27:03,11.24,--,17,19108,卖盘
518,14:26:57,11.24,-0.01,17,19108,卖盘
519,14:26:54,11.25,--,80,90000,买盘
520,14:26:51,11.25,0.01,20,22500,买盘
521,14:26:48,11.24,--,1,1124,卖盘
522,14:26:45,11.24,-0.01,17,19108,卖盘
523,14:26:42,11.25,--,513,577125,买盘
524,14:26:33,11.25,0.01,58,65250,买盘
525,14:26:27,11.24,--,18,20232,卖盘
526,14:26:18,11.24,-0.01,17,19108,卖盘
527,14:26:15,11.25,--,10,11250,买盘
528,14:26:12,11.25,--,34,38250,买盘
529,14:26:09,11.25,0.01,413,464625,买盘
530,14:26:06,11.24,--,14,15736,买盘
531,14:26:03,11.24,--,9,10116,买盘
532,14:26:00,11.24,--,10,11240,买盘
533,14:25:57,11.24,--,3,3372,买盘
534,14:25:54,11.24,--,51,57324,买盘
535,14:25:51,11.24,--,10,11240,买盘
536,14:25:48,11.24,--,20,22480,买盘
537,14:25:45,11.24,--,63,70812,买盘
538,14:25:42,11.24,--,17,19108,买盘
539,14:25:39,11.24,--,8,8992,买盘
540,14:25:36,11.24,--,26,29224,买盘
541,14:25:30,11.24,0.01,1,1124,买盘
542,14:25:27,11.23,--,10,11230,卖盘
543,14:25:24,11.23,-0.01,17,19091,卖盘
544,14:25:21,11.24,--,36,40464,买盘
545,14:25:18,11.24,-0.01,1002,1126248,卖盘
546,14:25:12,11.25,--,10,11250,买盘
547,14:25:09,11.25,--,62,69750,买盘
548,14:25:06,11.25,0.01,72,81000,买盘
549,14:25:03,11.24,--,3,3372,卖盘
550,14:25:00,11.24,-0.01,68,76432,卖盘
551,14:24:54,11.25,--,2,2250,买盘
552,14:24:48,11.25,--,30,33750,买盘
553,14:24:45,11.25,--,18,20250,买盘
554,14:24:39,11.25,0.01,10,11250,买盘
555,14:24:33,11.24,-0.01,222,249528,卖盘
556,14:24:30,11.25,--,5,5625,买盘
557,14:24:24,11.25,--,147,165375,卖盘
558,14:24:15,11.25,--,3,3375,卖盘
559,14:24:12,11.25,--,77,86625,买盘
560,14:24:09,11.25,--,98,110250,买盘
561,14:24:06,11.25,--,19,21375,买盘
562,14:24:03,11.25,--,2,2250,买盘
563,14:24:00,11.25,--,4,4500,买盘
564,14:23:57,11.25,0.01,10,11250,买盘
565,14:23:54,11.24,-0.01,3,3372,卖盘
566,14:23:51,11.25,--,17,19125,卖盘
567,14:23:48,11.25,0.01,37,41625,中性盘
568,14:23:36,11.24,-0.02,102,114648,卖盘
569,14:23:33,11.26,--,166,186916,买盘
570,14:23:30,11.26,--,17,19142,买盘
571,14:23:27,11.26,0.01,17,19142,买盘
572,14:23:24,11.25,--,74,83250,买盘
573,14:23:21,11.25,--,8,9000,买盘
574,14:23:18,11.25,--,41,46125,买盘
575,14:23:12,11.25,--,97,109125,买盘
576,14:23:09,11.25,0.01,62,69750,买盘
577,14:23:06,11.24,-0.01,17,19108,买盘
578,14:23:03,11.25,0.01,118,132750,买盘
579,14:23:00,11.24,0.01,4,4496,买盘
580,14:22:57,11.23,-0.01,33,37059,卖盘
581,14:22:51,11.24,--,1,1124,买盘
582,14:22:48,11.24,--,18,20232,买盘
583,14:22:45,11.24,-0.01,51,57324,卖盘
584,14:22:42,11.25,0.01,35,39375,买盘
585,14:22:39,11.24,--,43,48332,卖盘
586,14:22:36,11.24,-0.01,10,11240,卖盘
587,14:22:30,11.25,0.01,3,3375,买盘
588,14:22:27,11.24,-0.01,55,61820,中性盘
589,14:22:18,11.25,0.02,17,19125,买盘
590,14:22:15,11.23,-0.01,16,17968,卖盘
591,14:22:12,11.24,-0.01,71,79804,卖盘
592,14:22:09,11.25,--,66,74250,买盘
593,14:22:06,11.25,0.01,39,43875,买盘
594,14:22:03,11.24,--,3,3372,卖盘
595,14:21:54,11.24,--,66,74184,卖盘
596,14:21:51,11.24,-0.01,10,11240,卖盘
597,14:21:42,11.25,0.01,1,1125,买盘
598,14:21:36,11.24,-0.01,43,48332,卖盘
599,14:21:33,11.25,--,1,1125,买盘
600,14:21:30,11.25,0.01,40,45000,买盘
601,14:21:27,11.24,--,117,131508,卖盘
602,14:21:24,11.24,-0.01,1,1124,卖盘
603,14:21:21,11.25,0.01,3,3375,买盘
604,14:21:15,11.24,-0.01,75,84300,卖盘
605,14:21:09,11.25,--,125,140625,买盘
606,14:21:06,11.25,0.01,37,41625,买盘
607,14:21:03,11.24,--,110,123640,卖盘
608,14:21:00,11.24,--,53,59572,卖盘
609,14:20:57,11.24,--,50,56200,卖盘
610,14:20:54,11.24,--,5,5620,卖盘
611,14:20:39,11.24,-0.01,36,40464,卖盘
612,14:20:36,11.25,0.01,7,7875,买盘
613,14:20:33,11.24,--,61,68564,卖盘
614,14:20:27,11.24,--,40,44960,卖盘
615,14:20:24,11.24,-0.01,25,28100,卖盘
616,14:20:21,11.25,0.01,25,28125,买盘
617,14:20:18,11.24,-0.01,18,20232,卖盘
618,14:20:15,11.25,--,47,52875,买盘
619,14:20:12,11.25,--,20,22500,买盘
620,14:20:09,11.25,--,61,68625,买盘
621,14:20:06,11.25,--,2,2250,买盘
622,14:20:00,11.25,0.01,70,78750,买盘
623,14:19:51,11.24,--,15,16860,卖盘
624,14:19:39,11.24,-0.01,10,11240,卖盘
625,14:19:36,11.25,--,10,11250,买盘
626,14:19:33,11.25,--,40,45000,买盘
627,14:19:27,11.25,--,16,18000,买盘
628,14:19:24,11.25,--,14,15750,买盘
629,14:19:21,11.25,-0.01,6,6750,卖盘
630,14:19:18,11.26,--,2004,2256504,买盘
631,14:19:15,11.26,--,30,33780,买盘
632,14:19:12,11.26,0.01,1,1126,买盘
633,14:19:09,11.25,-0.01,69,77625,卖盘
634,14:19:06,11.26,0.01,2,2252,买盘
635,14:19:03,11.25,--,106,119250,卖盘
636,14:18:57,11.25,--,90,101250,卖盘
637,14:18:54,11.25,--,50,56250,卖盘
638,14:18:51,11.25,--,28,31500,卖盘
639,14:18:45,11.25,--,53,59625,卖盘
640,14:18:42,11.25,-0.01,1,1125,卖盘
641,14:18:36,11.26,0.01,77,86702,买盘
642,14:18:27,11.25,--,2,2250,卖盘
643,14:18:24,11.25,--,26,29250,卖盘
644,14:18:21,11.25,-0.01,1,1125,卖盘
645,14:18:18,11.26,0.01,10,11260,买盘
646,14:18:15,11.25,-0.01,41,46125,卖盘
647,14:18:09,11.26,--,64,72064,买盘
648,14:18:06,11.26,--,19,21394,买盘
649,14:18:00,11.26,0.01,1,1126,买盘
650,14:17:57,11.25,--,20,22500,卖盘
651,14:17:54,11.25,-0.01,18,20250,卖盘
652,14:17:51,11.26,--,32,36032,买盘
653,14:17:48,11.26,--,20,22520,买盘
654,14:17:45,11.26,--,2,2252,买盘
655,14:17:39,11.26,--,32,36032,买盘
656,14:17:33,11.26,-0.01,32,36032,卖盘
657,14:17:30,11.27,--,129,145383,买盘
658,14:17:27,11.27,0.01,379,427133,买盘
659,14:17:24,11.26,-0.01,17,19142,卖盘
660,14:17:21,11.27,0.01,8,9016,买盘
661,14:17:15,11.26,-0.01,46,51796,卖盘
662,14:17:12,11.27,--,2,2254,买盘
663,14:17:09,11.27,--,58,65366,买盘
664,14:17:06,11.27,0.01,198,223146,买盘
665,14:17:03,11.26,--,102,114852,卖盘
666,14:17:00,11.26,--,18,20268,卖盘
667,14:16:54,11.26,-0.01,3,3378,卖盘
668,14:16:51,11.27,--,28,31556,买盘
669,14:16:48,11.27,--,10,11270,买盘
670,14:16:45,11.27,--,18,20286,买盘
671,14:16:42,11.27,0.01,12,13524,买盘
672,14:16:39,11.26,-0.01,50,56300,卖盘
673,14:16:33,11.27,0.01,22,24794,买盘
674,14:16:30,11.26,-0.01,44,49544,卖盘
675,14:16:18,11.27,0.01,10,11270,买盘
676,14:16:15,11.26,-0.01,10,11260,卖盘
677,14:16:09,11.27,--,60,67620,买盘
678,14:16:06,11.27,--,10,11270,买盘
679,14:16:00,11.27,--,35,39445,买盘
680,14:15:57,11.27,0.01,2,2254,买盘
681,14:15:54,11.26,-0.01,1,1126,卖盘
682,14:15:51,11.27,0.01,17,19159,买盘
683,14:15:48,11.26,-0.01,17,19142,卖盘
684,14:15:36,11.27,--,2,2254,买盘
685,14:15:30,11.27,0.01,10,11270,买盘
686,14:15:27,11.26,--,1,1126,卖盘
687,14:15:24,11.26,-0.01,15,16890,卖盘
688,14:15:18,11.27,--,10,11270,买盘
689,14:15:09,11.27,--,60,67620,买盘
690,14:15:06,11.27,--,2,2254,买盘
691,14:15:00,11.27,--,5,5635,买盘
692,14:14:57,11.27,--,21,23667,买盘
693,14:14:54,11.27,--,7,7889,买盘
694,14:14:51,11.27,--,26,29302,买盘
695,14:14:45,11.27,--,71,80017,买盘
696,14:14:42,11.27,--,1,1127,买盘
697,14:14:36,11.27,--,2,2254,买盘
698,14:14:33,11.27,0.01,1,1127,买盘
699,14:14:30,11.26,-0.01,10,11260,卖盘
700,14:14:21,11.27,-0.01,36,40572,中性盘
701,14:14:15,11.28,--,31,34968,买盘
702,14:14:09,11.28,--,1,1128,买盘
703,14:14:06,11.28,0.01,60,67680,买盘
704,14:14:03,11.27,0.01,2,2254,中性盘
705,14:13:57,11.26,-0.01,19,21394,卖盘
706,14:13:51,11.27,-0.01,70,78890,卖盘
707,14:13:48,11.28,--,20,22560,买盘
708,14:13:27,11.28,0.02,20,22560,买盘
709,14:13:21,11.26,-0.01,437,492062,卖盘
710,14:13:18,11.27,--,2,2254,买盘
711,14:13:09,11.27,--,26,29302,买盘
712,14:13:06,11.27,--,35,39445,买盘
713,14:13:00,11.27,--,10,11270,买盘
714,14:12:57,11.27,0.02,108,121716,买盘
715,14:12:54,11.25,-0.02,17,19125,卖盘
716,14:12:48,11.27,0.02,8,9016,买盘
717,14:12:45,11.25,-0.02,2,2250,卖盘
718,14:12:42,11.27,--,1,1127,买盘
719,14:12:39,11.27,0.02,17,19159,买盘
720,14:12:33,11.25,--,327,367875,买盘
721,14:12:27,11.25,0.01,51,57375,买盘
722,14:12:24,11.24,-0.01,18,20232,卖盘
723,14:12:21,11.25,--,25,28125,买盘
724,14:12:18,11.25,--,6,6750,买盘
725,14:12:15,11.25,--,84,94500,买盘
726,14:12:09,11.25,0.01,26,29250,买盘
727,14:12:06,11.24,-0.01,148,166352,卖盘
728,14:12:03,11.25,--,53,59625,买盘
729,14:12:00,11.25,0.01,63,70875,买盘
730,14:11:57,11.24,-0.01,28,31472,卖盘
731,14:11:48,11.25,0.01,76,85500,买盘
732,14:11:45,11.24,-0.01,15,16860,卖盘
733,14:11:42,11.25,--,33,37125,买盘
734,14:11:36,11.25,--,18,20250,买盘
735,14:11:33,11.25,--,208,234000,买盘
736,14:11:30,11.25,-0.03,2268,2551500,卖盘
737,14:11:27,11.28,0.01,4,4512,买盘
738,14:11:24,11.27,-0.01,10,11270,卖盘
739,14:11:21,11.28,0.01,606,683568,买盘
740,14:11:18,11.27,--,16,18032,卖盘
741,14:11:09,11.27,-0.01,52,58604,卖盘
742,14:11:06,11.28,--,140,157920,买盘
743,14:11:03,11.28,--,5,5640,买盘
744,14:11:00,11.28,0.01,26,29328,买盘
745,14:10:57,11.27,--,16,18032,卖盘
746,14:10:54,11.27,-0.01,30,33810,卖盘
747,14:10:48,11.28,0.01,29,32711,买盘
748,14:10:42,11.27,-0.01,12,13524,卖盘
749,14:10:39,11.28,--,1,1128,买盘
750,14:10:36,11.28,0.01,1,1128,买盘
751,14:10:30,11.27,--,18,20286,卖盘
752,14:10:27,11.27,--,1,1127,卖盘
753,14:10:21,11.27,-0.01,37,41699,卖盘
754,14:10:15,11.28,--,7,7896,买盘
755,14:10:12,11.28,--,9,10152,买盘
756,14:10:09,11.28,--,57,64295,买盘
757,14:10:06,11.28,--,27,30456,买盘
758,14:10:03,11.28,--,18,20304,买盘
759,14:10:00,11.28,0.01,14,15792,买盘
760,14:09:57,11.27,-0.01,17,19159,卖盘
761,14:09:48,11.28,0.01,195,219960,买盘
762,14:09:45,11.27,--,34,38318,卖盘
763,14:09:42,11.27,-0.01,17,19159,卖盘
764,14:09:33,11.28,--,21,23688,买盘
765,14:09:30,11.28,0.01,8,9024,买盘
766,14:09:24,11.27,-0.01,14,15778,卖盘
767,14:09:21,11.28,0.01,30,33840,买盘
768,14:09:12,11.27,-0.01,17,19159,卖盘
769,14:09:09,11.28,--,22,24816,买盘
770,14:09:06,11.28,--,57,64295,买盘
771,14:08:54,11.28,0.01,2,2256,买盘
772,14:08:51,11.27,--,27,30429,卖盘
773,14:08:48,11.27,--,1,1127,卖盘
774,14:08:45,11.27,-0.01,17,19159,卖盘
775,14:08:39,11.28,--,149,168072,买盘
776,14:08:36,11.28,--,50,56400,买盘
777,14:08:33,11.28,--,77,86856,买盘
778,14:08:30,11.28,--,1,1128,买盘
779,14:08:24,11.28,--,10,11280,买盘
780,14:08:21,11.28,0.01,2,2256,买盘
781,14:08:15,11.27,-0.01,32,36064,卖盘
782,14:08:09,11.28,--,18,20304,买盘
783,14:08:06,11.28,0.01,59,66552,买盘
784,14:08:03,11.27,-0.01,2,2254,卖盘
785,14:08:00,11.28,--,5,5640,买盘
786,14:07:54,11.28,0.01,3,3384,买盘
787,14:07:51,11.27,-0.01,27,30429,卖盘
788,14:07:45,11.28,0.01,6,6768,买盘
789,14:07:42,11.27,-0.01,34,38318,卖盘
790,14:07:36,11.28,--,13,14664,买盘
791,14:07:30,11.28,0.01,3,3384,买盘
792,14:07:27,11.27,-0.01,38,42826,卖盘
793,14:07:24,11.28,--,40,45120,买盘
794,14:07:18,11.28,0.01,12,13536,买盘
795,14:07:12,11.27,-0.01,2,2254,卖盘
796,14:07:09,11.28,--,4,4512,买盘
797,14:07:06,11.28,--,82,92496,买盘
798,14:07:03,11.28,--,17,19176,买盘
799,14:07:00,11.28,--,5,5640,买盘
800,14:06:54,11.28,--,37,41736,买盘
801,14:06:51,11.28,0.01,30,33840,买盘
802,14:06:48,11.27,-0.01,60,67620,卖盘
803,14:06:36,11.28,0.01,118,133104,买盘
804,14:06:33,11.27,-0.01,77,86779,卖盘
805,14:06:30,11.28,--,12,13536,买盘
806,14:06:27,11.28,--,80,90240,买盘
807,14:06:24,11.28,--,3,3384,买盘
808,14:06:21,11.28,0.01,15,16920,买盘
809,14:06:18,11.27,--,37,41699,卖盘
810,14:06:15,11.27,--,26,29302,卖盘
811,14:06:12,11.27,-0.01,3,3381,卖盘
812,14:06:09,11.28,--,102,115056,买盘
813,14:06:06,11.28,--,58,65423,买盘
814,14:06:03,11.28,--,18,20304,买盘
815,14:06:00,11.28,--,74,83472,买盘
816,14:05:57,11.28,0.01,3,3384,买盘
817,14:05:54,11.27,-0.01,16,18032,卖盘
818,14:05:51,11.28,--,41,46248,买盘
819,14:05:45,11.28,0.01,17,19176,买盘
820,14:05:42,11.27,-0.01,100,112700,卖盘
821,14:05:36,11.28,--,6,6768,买盘
822,14:05:33,11.28,0.01,20,22560,买盘
823,14:05:30,11.27,-0.01,48,54096,卖盘
824,14:05:27,11.28,--,20,22560,买盘
825,14:05:24,11.28,0.01,2,2256,买盘
826,14:05:21,11.27,--,17,19159,卖盘
827,14:05:18,11.27,-0.01,10,11270,卖盘
828,14:05:09,11.28,--,5,5640,买盘
829,14:05:06,11.28,0.01,87,98136,买盘
830,14:05:03,11.27,--,23,25921,卖盘
831,14:05:00,11.27,--,16,18032,卖盘
832,14:04:54,11.27,-0.01,102,114954,卖盘
833,14:04:51,11.28,--,3,3384,买盘
834,14:04:48,11.28,0.01,9,10152,买盘
835,14:04:42,11.27,-0.01,16,18032,卖盘
836,14:04:39,11.28,--,5,5640,买盘
837,14:04:36,11.28,0.01,1,1128,买盘
838,14:04:33,11.27,--,18,20286,卖盘
839,14:04:30,11.27,-0.01,10,11270,卖盘
840,14:04:27,11.28,--,20,22560,买盘
841,14:04:24,11.28,--,3,3384,买盘
842,14:04:21,11.28,0.01,7,7896,买盘
843,14:04:18,11.27,-0.01,17,19159,卖盘
844,14:04:12,11.28,--,23,25944,买盘
845,14:04:09,11.28,--,1,1128,买盘
846,14:04:06,11.28,--,57,64295,买盘
847,14:04:03,11.28,0.01,52,58656,买盘
848,14:04:00,11.27,--,2,2254,卖盘
849,14:03:54,11.27,-0.01,17,19159,卖盘
850,14:03:51,11.28,0.01,4,4512,买盘
851,14:03:48,11.27,--,10,11270,卖盘
852,14:03:42,11.27,--,22,24794,卖盘
853,14:03:39,11.27,--,15,16905,卖盘
854,14:03:33,11.27,--,1,1127,卖盘
855,14:03:30,11.27,--,1,1127,卖盘
856,14:03:27,11.27,-0.01,16,18032,卖盘
857,14:03:24,11.28,--,24,27072,买盘
858,14:03:21,11.28,0.01,55,62040,买盘
859,14:03:09,11.27,--,46,51842,卖盘
860,14:03:06,11.27,--,19,21413,卖盘
861,14:03:03,11.27,--,31,34937,卖盘
862,14:03:00,11.27,-0.01,16,18032,卖盘
863,14:02:54,11.28,--,199,224472,买盘
864,14:02:48,11.28,--,19,21432,买盘
865,14:02:45,11.28,--,10,11280,买盘
866,14:02:36,11.28,--,6,6768,买盘
867,14:02:33,11.28,--,10,11280,买盘
868,14:02:30,11.28,0.01,31,34968,买盘
869,14:02:27,11.27,-0.01,10,11270,卖盘
870,14:02:24,11.28,--,25,28200,买盘
871,14:02:21,11.28,--,21,23688,买盘
872,14:02:18,11.28,0.01,19,21432,买盘
873,14:02:15,11.27,-0.01,5,5635,卖盘
874,14:02:12,11.28,--,1,1128,买盘
875,14:02:09,11.28,0.01,91,102648,买盘
876,14:02:06,11.27,--,54,60858,买盘
877,14:02:03,11.27,--,17,19159,买盘
878,14:02:00,11.27,--,34,38318,买盘
879,14:01:57,11.27,--,40,45080,买盘
880,14:01:54,11.27,--,3,3381,买盘
881,14:01:51,11.27,--,2,2254,买盘
882,14:01:39,11.27,--,1,1127,买盘
883,14:01:33,11.27,--,40,45080,买盘
884,14:01:24,11.27,--,49,55223,买盘
885,14:01:21,11.27,0.02,3,3381,买盘
886,14:01:18,11.25,--,303,341437,买盘
887,14:01:15,11.25,--,32,36000,买盘
888,14:01:12,11.25,--,890,1001250,买盘
889,14:01:09,11.25,--,2,2250,买盘
890,14:01:06,11.25,--,201,226125,买盘
891,14:01:03,11.25,0.01,78,87750,买盘
892,14:01:00,11.24,-0.01,8,8992,卖盘
893,14:00:54,11.25,--,14,15750,买盘
894,14:00:51,11.25,0.01,59,66375,买盘
895,14:00:48,11.24,-0.01,1048,1177952,卖盘
896,14:00:45,11.25,--,49,55125,买盘
897,14:00:42,11.25,--,122,137250,买盘
898,14:00:39,11.25,--,18,20250,买盘
899,14:00:36,11.25,--,116,130500,买盘
900,14:00:33,11.25,--,54,60750,买盘
901,14:00:30,11.25,--,4,4500,买盘
902,14:00:27,11.25,0.01,73,82125,买盘
903,14:00:24,11.24,--,4,4496,卖盘
904,14:00:15,11.24,-0.01,164,184336,卖盘
905,14:00:12,11.25,--,115,129375,买盘
906,14:00:09,11.25,--,50,56250,买盘
907,14:00:06,11.25,--,22,24750,买盘
908,14:00:03,11.25,--,146,164250,买盘
909,14:00:00,11.25,0.01,55,61875,买盘
910,13:59:57,11.24,-0.01,19,21356,卖盘
911,13:59:54,11.25,--,1008,1134000,买盘
912,13:59:42,11.25,--,61,68625,买盘
913,13:59:39,11.25,0.01,20,22500,买盘
914,13:59:36,11.24,-0.01,23,25852,卖盘
915,13:59:33,11.25,--,67,75375,买盘
916,13:59:30,11.25,--,18,20250,买盘
917,13:59:27,11.25,--,3,3375,买盘
918,13:59:21,11.25,--,49,55125,买盘
919,13:59:18,11.25,--,57,64125,买盘
920,13:59:15,11.25,--,188,211500,买盘
921,13:59:12,11.25,--,42,47250,买盘
922,13:59:09,11.25,--,1,1125,买盘
923,13:59:06,11.25,--,66,74250,买盘
924,13:59:03,11.25,--,112,126000,买盘
925,13:59:00,11.25,--,185,208125,买盘
926,13:58:57,11.25,--,28,31500,买盘
927,13:58:54,11.25,--,8,9000,买盘
928,13:58:51,11.25,0.01,38,42750,买盘
929,13:58:48,11.24,-0.01,18,20232,卖盘
930,13:58:45,11.25,--,217,244125,买盘
931,13:58:42,11.25,0.01,17,19125,买盘
932,13:58:39,11.24,--,22,24728,卖盘
933,13:58:33,11.24,-0.01,70,78680,卖盘
934,13:58:30,11.25,--,115,129375,买盘
935,13:58:21,11.25,0.01,54,60750,买盘
936,13:58:18,11.24,--,15,16860,卖盘
937,13:58:15,11.24,--,93,104532,卖盘
938,13:58:12,11.24,-0.01,67,75308,卖盘
939,13:58:09,11.25,0.01,10,11250,买盘
940,13:58:06,11.24,-0.01,34,38216,卖盘
941,13:58:03,11.25,--,135,151875,买盘
942,13:58:00,11.25,--,4,4500,买盘
943,13:57:57,11.25,--,31,34875,买盘
944,13:57:51,11.25,0.01,4,4500,买盘
945,13:57:48,11.24,-0.01,37,41588,卖盘
946,13:57:39,11.25,--,198,222750,买盘
947,13:57:36,11.25,--,5,5625,买盘
948,13:57:33,11.25,--,79,88875,买盘
949,13:57:27,11.25,--,14,15750,买盘
950,13:57:24,11.25,--,60,67500,买盘
951,13:57:21,11.25,--,6,6750,买盘
952,13:57:15,11.25,--,40,45000,买盘
953,13:57:12,11.25,0.01,1,1125,买盘
954,13:57:09,11.24,-0.01,61,68564,卖盘
955,13:57:06,11.25,--,4,4500,买盘
956,13:57:03,11.25,--,140,157500,买盘
957,13:57:00,11.25,--,2,2250,买盘
958,13:56:57,11.25,--,17,19125,买盘
959,13:56:54,11.25,0.01,22,24750,买盘
960,13:56:51,11.24,-0.01,31,34844,卖盘
961,13:56:48,11.25,0.01,163,183375,买盘
962,13:56:39,11.24,-0.01,1,1124,卖盘
963,13:56:36,11.25,--,50,56250,买盘
964,13:56:33,11.25,--,94,105750,买盘
965,13:56:30,11.25,--,45,50625,买盘
966,13:56:27,11.25,--,4,4500,买盘
967,13:56:21,11.25,--,19,21375,买盘
968,13:56:12,11.25,--,7,7875,买盘
969,13:56:09,11.25,--,13,14625,买盘
970,13:56:06,11.25,0.01,77,86625,买盘
971,13:56:03,11.24,-0.01,136,152864,卖盘
972,13:56:00,11.25,--,1,1125,买盘
973,13:55:57,11.25,--,25,28125,买盘
974,13:55:51,11.25,--,47,52875,买盘
975,13:55:39,11.25,0.01,50,56250,买盘
976,13:55:33,11.24,--,55,61820,卖盘
977,13:55:30,11.24,-0.01,68,76432,卖盘
978,13:55:27,11.25,0.01,114,128250,买盘
979,13:55:24,11.24,--,1,1124,卖盘
980,13:55:21,11.24,--,8,8992,卖盘
981,13:55:18,11.24,-0.01,16,17984,卖盘
982,13:55:09,11.25,0.01,12,13500,买盘
983,13:55:06,11.24,--,405,456321,买盘
984,13:55:03,11.24,0.01,666,748584,买盘
985,13:55:00,11.23,-0.01,118,132514,卖盘
986,13:54:57,11.24,--,530,595720,买盘
987,13:54:54,11.24,--,152,170848,买盘
988,13:54:51,11.24,--,138,155112,买盘
989,13:54:48,11.24,--,65,73060,买盘
990,13:54:45,11.24,--,166,186584,买盘
991,13:54:42,11.24,--,71,79804,买盘
992,13:54:39,11.24,--,38,42712,买盘
993,13:54:36,11.24,--,13,14612,买盘
994,13:54:33,11.24,--,62,69688,买盘
995,13:54:27,11.24,--,45,50580,买盘
996,13:54:24,11.24,--,11,12364,买盘
997,13:54:21,11.24,--,114,128136,买盘
998,13:54:18,11.24,0.01,23,25852,买盘
999,13:54:15,11.23,-0.01,60,67380,卖盘
1000,13:54:12,11.24,--,20,22480,买盘
1001,13:54:09,11.24,--,6,6744,买盘
1002,13:54:06,11.24,0.01,20,22480,买盘
1003,13:54:03,11.23,--,60,67380,卖盘
1004,13:54:00,11.23,-0.01,30,33690,卖盘
1005,13:53:57,11.24,--,63,70812,买盘
1006,13:53:54,11.24,0.01,10,11240,买盘
1007,13:53:51,11.23,-0.01,49,55027,卖盘
1008,13:53:48,11.24,--,31,34844,买盘
1009,13:53:45,11.24,--,59,66316,买盘
1010,13:53:42,11.24,--,6,6744,买盘
1011,13:53:36,11.24,-0.01,1859,2089516,卖盘
1012,13:53:33,11.25,0.01,64,72000,买盘
1013,13:53:30,11.24,-0.01,12,13488,卖盘
1014,13:53:27,11.25,0.01,9,10125,买盘
1015,13:53:24,11.24,-0.01,8,8992,卖盘
1016,13:53:21,11.25,--,2,2250,买盘
1017,13:53:18,11.25,--,30,33750,买盘
1018,13:53:15,11.25,--,72,81000,买盘
1019,13:53:09,11.25,--,100,112500,买盘
1020,13:53:06,11.25,0.01,39,43875,买盘
1021,13:53:03,11.24,--,57,64068,卖盘
1022,13:53:00,11.24,-0.01,2,2248,卖盘
1023,13:52:54,11.25,-0.03,5452,6134062,卖盘
1024,13:52:51,11.28,--,1,1128,买盘
1025,13:52:48,11.28,--,3,3384,买盘
1026,13:52:42,11.28,--,4,4512,买盘
1027,13:52:39,11.28,0.01,58,65423,买盘
1028,13:52:33,11.27,--,2,2254,卖盘
1029,13:52:30,11.27,--,74,83398,买盘
1030,13:52:27,11.27,--,17,19159,买盘
1031,13:52:24,11.27,--,89,100303,买盘
1032,13:52:21,11.27,--,232,261464,买盘
1033,13:52:18,11.27,--,11,12397,买盘
1034,13:52:15,11.27,--,5,5635,买盘
1035,13:52:06,11.27,--,1,1127,买盘
1036,13:52:03,11.27,--,69,77763,买盘
1037,13:52:00,11.27,0.01,88,99176,买盘
1038,13:51:57,11.26,-0.01,75,84450,卖盘
1039,13:51:54,11.27,--,11,12397,买盘
1040,13:51:51,11.27,0.01,1,1127,买盘
1041,13:51:48,11.26,-0.01,35,39410,卖盘
1042,13:51:45,11.27,--,10,11270,买盘
1043,13:51:42,11.27,--,30,33810,买盘
1044,13:51:39,11.27,--,4,4508,买盘
1045,13:51:36,11.27,--,21,23667,买盘
1046,13:51:33,11.27,0.01,2,2254,买盘
1047,13:51:27,11.26,-0.01,113,127238,卖盘
1048,13:51:24,11.27,--,600,676200,买盘
1049,13:51:18,11.27,0.01,34,38318,买盘
1050,13:51:15,11.26,-0.01,56,63056,卖盘
1051,13:51:12,11.27,--,21,23667,买盘
1052,13:51:00,11.27,--,17,19159,买盘
1053,13:50:51,11.27,--,3,3381,买盘
1054,13:50:48,11.27,--,23,25921,买盘
1055,13:50:42,11.27,--,8,9016,买盘
1056,13:50:39,11.27,-0.01,184,207368,卖盘
1057,13:50:36,11.28,--,31,34968,买盘
1058,13:50:33,11.28,--,7,7896,买盘
1059,13:50:30,11.28,--,2,2256,买盘
1060,13:50:27,11.28,--,40,45120,买盘
1061,13:50:18,11.28,0.01,2,2256,买盘
1062,13:50:12,11.27,--,9,10143,卖盘
1063,13:50:03,11.27,-0.01,7,7889,卖盘
1064,13:50:00,11.28,0.01,40,45120,买盘
1065,13:49:54,11.27,-0.01,18,20286,卖盘
1066,13:49:51,11.28,--,9,10152,买盘
1067,13:49:48,11.28,--,19,21432,买盘
1068,13:49:36,11.28,0.01,21,23688,买盘
1069,13:49:33,11.27,-0.01,21,23667,卖盘
1070,13:49:30,11.28,--,7,7896,买盘
1071,13:49:27,11.28,--,18,20304,买盘
1072,13:49:24,11.28,--,473,533544,买盘
1073,13:49:18,11.28,--,11,12408,买盘
1074,13:49:09,11.28,0.01,23,25944,买盘
1075,13:49:06,11.27,--,31,34937,卖盘
1076,13:49:03,11.27,-0.01,80,90160,卖盘
1077,13:49:00,11.28,--,44,49632,买盘
1078,13:48:54,11.28,--,14,15792,买盘
1079,13:48:51,11.28,--,2,2256,买盘
1080,13:48:48,11.28,--,4,4512,买盘
1081,13:48:45,11.28,--,1,1128,买盘
1082,13:48:42,11.28,--,10,11280,买盘
1083,13:48:36,11.28,0.01,37,41736,买盘
1084,13:48:33,11.27,--,54,60858,卖盘
1085,13:48:30,11.27,-0.01,30,33810,卖盘
1086,13:48:24,11.28,--,14,15792,买盘
1087,13:48:21,11.28,-0.02,1220,1376160,卖盘
1088,13:48:18,11.3,--,3,3390,买盘
1089,13:48:12,11.3,--,14,15820,买盘
1090,13:48:06,11.3,--,20,22600,买盘
1091,13:48:03,11.3,--,11,12430,买盘
1092,13:48:00,11.3,--,127,143510,买盘
1093,13:47:51,11.3,0.01,10,11300,买盘
1094,13:47:48,11.29,-0.01,19,21451,卖盘
1095,13:47:45,11.3,0.01,3,3390,买盘
1096,13:47:42,11.29,-0.01,4,4516,卖盘
1097,13:47:36,11.3,--,21,23730,买盘
1098,13:47:33,11.3,--,82,92660,买盘
1099,13:47:30,11.3,0.01,50,56500,买盘
1100,13:47:27,11.29,--,1,1129,卖盘
1101,13:47:24,11.29,-0.01,2,2258,卖盘
1102,13:47:21,11.3,0.01,25,28250,买盘
1103,13:47:18,11.29,--,62,69998,卖盘
1104,13:47:15,11.29,--,60,67740,卖盘
1105,13:47:12,11.29,-0.01,20,22580,卖盘
1106,13:47:09,11.3,--,65,73450,买盘
1107,13:47:06,11.3,0.01,103,116390,买盘
1108,13:47:03,11.29,-0.01,110,124189,卖盘
1109,13:47:00,11.3,0.01,26,29380,买盘
1110,13:46:57,11.29,-0.01,5,5645,卖盘
1111,13:46:51,11.3,--,50,56500,买盘
1112,13:46:48,11.3,--,55,62150,买盘
1113,13:46:45,11.3,--,25,28250,买盘
1114,13:46:42,11.3,0.01,8,9040,买盘
1115,13:46:39,11.29,-0.01,17,19193,卖盘
1116,13:46:36,11.3,0.01,42,47460,买盘
1117,13:46:33,11.29,-0.01,31,34999,卖盘
1118,13:46:30,11.3,0.01,36,40680,买盘
1119,13:46:24,11.29,--,17,19193,卖盘
1120,13:46:18,11.29,-0.01,37,41773,卖盘
1121,13:46:12,11.3,--,10,11300,买盘
1122,13:46:09,11.3,--,38,42940,买盘
1123,13:46:06,11.3,--,19,21470,买盘
1124,13:46:03,11.3,--,10,11300,买盘
1125,13:46:00,11.3,0.01,50,56500,买盘
1126,13:45:57,11.29,-0.01,15,16935,卖盘
1127,13:45:54,11.3,--,66,74580,买盘
1128,13:45:48,11.3,--,4,4520,买盘
1129,13:45:45,11.3,--,33,37290,买盘
1130,13:45:39,11.3,0.01,28,31640,买盘
1131,13:45:36,11.29,-0.01,81,91449,卖盘
1132,13:45:30,11.3,--,23,25990,买盘
1133,13:45:15,11.3,--,3,3390,买盘
1134,13:45:12,11.3,--,32,36160,买盘
1135,13:45:06,11.3,--,114,128820,买盘
1136,13:45:00,11.3,0.01,17,19210,买盘
1137,13:44:57,11.29,--,52,58707,卖盘
1138,13:44:51,11.29,-0.01,35,39515,卖盘
1139,13:44:48,11.3,--,18,20340,买盘
1140,13:44:45,11.3,--,79,89270,买盘
1141,13:44:42,11.3,--,116,131080,买盘
1142,13:44:39,11.3,--,69,77970,买盘
1143,13:44:36,11.3,0.01,22,24860,买盘
1144,13:44:27,11.29,-0.01,1,1129,卖盘
1145,13:44:24,11.3,0.01,7,7910,买盘
1146,13:44:21,11.29,-0.01,37,41773,卖盘
1147,13:44:18,11.3,0.01,2,2260,买盘
1148,13:44:15,11.29,--,28,31611,卖盘
1149,13:44:12,11.29,-0.01,2,2258,卖盘
1150,13:44:06,11.3,0.01,214,241820,买盘
1151,13:44:03,11.29,-0.01,4,4516,卖盘
1152,13:44:00,11.3,--,43,48590,买盘
1153,13:43:57,11.3,--,12,13560,买盘
1154,13:43:51,11.3,0.01,16,18080,买盘
1155,13:43:48,11.29,--,4,4516,买盘
1156,13:43:45,11.29,--,13,14676,买盘
1157,13:43:42,11.29,0.01,3,3386,中性盘
1158,13:43:39,11.28,--,67,75598,卖盘
1159,13:43:36,11.28,-0.01,52,58656,卖盘
1160,13:43:33,11.29,--,13,14676,买盘
1161,13:43:24,11.29,--,62,69998,买盘
1162,13:43:18,11.29,--,22,24837,买盘
1163,13:43:15,11.29,--,23,25966,买盘
1164,13:43:09,11.29,--,10,11290,买盘
1165,13:43:06,11.29,--,15,16935,买盘
1166,13:43:00,11.29,--,17,19193,买盘
1167,13:42:57,11.29,0.01,47,53062,买盘
1168,13:42:54,11.28,-0.01,4,4512,卖盘
1169,13:42:45,11.29,0.02,500,564500,买盘
1170,13:42:42,11.27,--,11,12397,买盘
1171,13:42:36,11.27,--,21,23667,买盘
1172,13:42:33,11.27,--,1,1127,买盘
1173,13:42:30,11.27,--,102,114954,买盘
1174,13:42:27,11.27,--,12,13524,买盘
1175,13:42:24,11.27,--,11,12397,买盘
1176,13:42:21,11.27,0.01,2,2254,买盘
1177,13:42:18,11.26,-0.01,6,6756,卖盘
1178,13:42:15,11.27,0.01,12,13524,买盘
1179,13:42:12,11.26,0.01,3240,3648803,买盘
1180,13:42:09,11.25,--,13,14625,买盘
1181,13:42:06,11.25,--,101,113625,买盘
1182,13:42:03,11.25,--,28,31500,买盘
1183,13:42:00,11.25,--,65,73125,买盘
1184,13:41:57,11.25,0.01,536,603000,买盘
1185,13:41:51,11.24,-0.01,168,188832,卖盘
1186,13:41:48,11.25,0.01,5,5625,买盘
1187,13:41:45,11.24,-0.01,20,22480,卖盘
1188,13:41:42,11.25,--,10,11250,买盘
1189,13:41:39,11.25,--,10,11250,买盘
1190,13:41:36,11.25,--,35,39375,买盘
1191,13:41:33,11.25,0.01,13,14625,买盘
1192,13:41:30,11.24,-0.01,34,38216,卖盘
1193,13:41:24,11.25,--,68,76500,买盘
1194,13:41:21,11.25,--,5,5625,买盘
1195,13:41:18,11.25,--,317,356625,买盘
1196,13:41:15,11.25,--,20,22500,买盘
1197,13:41:12,11.25,0.01,12,13500,买盘
1198,13:41:06,11.24,--,116,130384,卖盘
1199,13:41:03,11.24,-0.01,73,82052,卖盘
1200,13:41:00,11.25,--,22,24750,买盘
1201,13:40:57,11.25,--,69,77625,买盘
1202,13:40:54,11.25,--,465,523125,买盘
1203,13:40:51,11.25,0.01,2,2250,买盘
1204,13:40:48,11.24,--,1,1124,卖盘
1205,13:40:45,11.24,-0.01,21,23604,卖盘
1206,13:40:42,11.25,--,18,20250,买盘
1207,13:40:39,11.25,0.01,38,42750,买盘
1208,13:40:36,11.24,-0.01,115,129260,卖盘
1209,13:40:33,11.25,--,26,29250,买盘
1210,13:40:30,11.25,--,31,34875,买盘
1211,13:40:27,11.25,--,56,63000,买盘
1212,13:40:24,11.25,--,4,4500,买盘
1213,13:40:21,11.25,--,77,86625,买盘
1214,13:40:18,11.25,--,8,9000,买盘
1215,13:40:15,11.25,--,20,22500,买盘
1216,13:40:06,11.25,0.01,22,24750,买盘
1217,13:40:03,11.24,-0.01,7,7868,卖盘
1218,13:40:00,11.25,0.01,45,50625,买盘
1219,13:39:57,11.24,-0.01,38,42712,卖盘
1220,13:39:48,11.25,--,68,76500,买盘
1221,13:39:45,11.25,-0.02,294,331312,卖盘
1222,13:39:39,11.27,--,17,19159,买盘
1223,13:39:33,11.27,0.02,39,43953,买盘
1224,13:39:27,11.25,--,1203,1353937,买盘
1225,13:39:24,11.25,0.01,5,5625,买盘
1226,13:39:21,11.24,-0.01,22,24728,卖盘
1227,13:39:15,11.25,--,61,68625,买盘
1228,13:39:12,11.25,0.01,40,45000,买盘
1229,13:39:09,11.24,-0.01,17,19108,卖盘
1230,13:39:06,11.25,0.01,156,175500,买盘
1231,13:39:03,11.24,-0.01,3,3372,卖盘
1232,13:39:00,11.25,0.01,5,5625,买盘
1233,13:38:57,11.24,-0.01,69,77556,卖盘
1234,13:38:54,11.25,--,2,2250,买盘
1235,13:38:48,11.25,--,110,123750,买盘
1236,13:38:45,11.25,--,134,150750,买盘
1237,13:38:42,11.25,0.01,27,30375,买盘
1238,13:38:39,11.24,-0.01,37,41588,卖盘
1239,13:38:36,11.25,0.01,42,47250,买盘
1240,13:38:33,11.24,-0.01,61,68564,卖盘
1241,13:38:30,11.25,0.01,42,47250,买盘
1242,13:38:27,11.24,--,1,1124,卖盘
1243,13:38:24,11.24,--,110,123640,卖盘
1244,13:38:15,11.24,-0.01,4,4496,卖盘
1245,13:38:12,11.25,--,42,47250,买盘
1246,13:38:09,11.25,0.01,109,122625,买盘
1247,13:38:06,11.24,--,457,513668,卖盘
1248,13:38:03,11.24,--,36,40464,卖盘
1249,13:38:00,11.24,--,28,31472,卖盘
1250,13:37:57,11.24,-0.01,424,476576,卖盘
1251,13:37:48,11.25,--,10,11250,买盘
1252,13:37:39,11.25,0.01,23,25875,买盘
1253,13:37:36,11.24,-0.03,473,532214,卖盘
1254,13:37:33,11.27,0.01,129,145383,买盘
1255,13:37:30,11.26,--,17,19142,买盘
1256,13:37:27,11.26,--,100,112600,买盘
1257,13:37:21,11.26,--,9,10134,买盘
1258,13:37:18,11.26,--,48,54048,卖盘
1259,13:37:15,11.26,--,2,2252,买盘
1260,13:37:12,11.26,--,24,27024,卖盘
1261,13:37:06,11.26,-0.01,10,11260,卖盘
1262,13:37:03,11.27,0.01,4,4508,买盘
1263,13:36:57,11.26,-0.01,19,21394,卖盘
1264,13:36:51,11.27,0.01,50,56350,买盘
1265,13:36:48,11.26,--,48,54048,卖盘
1266,13:36:42,11.26,--,6,6756,卖盘
1267,13:36:39,11.26,-0.01,21,23646,卖盘
1268,13:36:33,11.27,0.01,24,27048,买盘
1269,13:36:30,11.26,--,9,10134,卖盘
1270,13:36:27,11.26,--,1,1126,卖盘
1271,13:36:24,11.26,0.01,18,20268,买盘
1272,13:36:21,11.25,--,570,641250,卖盘
1273,13:36:06,11.25,-0.01,1000,1125000,卖盘
1274,13:36:03,11.26,0.01,2,2252,卖盘
1275,13:36:00,11.25,--,79,88875,卖盘
1276,13:35:57,11.25,--,37,41625,卖盘
1277,13:35:51,11.25,-0.02,20,22500,卖盘
1278,13:35:45,11.27,0.02,8,9016,买盘
1279,13:35:42,11.25,-0.03,3000,3375000,卖盘
1280,13:35:33,11.28,0.02,25,28200,买盘
1281,13:35:30,11.26,--,19,21394,卖盘
1282,13:35:27,11.26,--,2,2252,卖盘
1283,13:35:24,11.26,-0.02,18,20268,卖盘
1284,13:35:21,11.28,--,17,19176,买盘
1285,13:35:18,11.28,--,10,11280,买盘
1286,13:35:12,11.28,0.01,15,16920,买盘
1287,13:35:09,11.27,-0.01,20,22540,卖盘
1288,13:35:06,11.28,0.01,36,40608,买盘
1289,13:35:03,11.27,--,40,45080,卖盘
1290,13:35:00,11.27,--,37,41699,卖盘
1291,13:34:57,11.27,--,29,32683,卖盘
1292,13:34:54,11.27,--,10,11270,卖盘
1293,13:34:51,11.27,--,2,2254,卖盘
1294,13:34:48,11.27,0.01,24,27048,中性盘
1295,13:34:42,11.26,-0.02,144,162144,卖盘
1296,13:34:39,11.28,--,51,57528,买盘
1297,13:34:33,11.28,0.02,22,24816,买盘
1298,13:34:30,11.26,-0.02,100,112600,卖盘
1299,13:34:27,11.28,0.01,86,97008,买盘
1300,13:34:24,11.27,--,18,20286,卖盘
1301,13:34:21,11.27,--,94,105938,卖盘
1302,13:34:18,11.27,-0.01,18,20286,卖盘
1303,13:34:15,11.28,--,80,90240,买盘
1304,13:34:09,11.28,--,2,2256,买盘
1305,13:34:06,11.28,0.01,11,12408,买盘
1306,13:34:03,11.27,--,5,5635,卖盘
1307,13:34:00,11.27,--,100,112700,卖盘
1308,13:33:57,11.27,--,19,21413,卖盘
1309,13:33:54,11.27,-0.01,16,18032,卖盘
1310,13:33:51,11.28,--,1,1128,买盘
1311,13:33:33,11.28,0.01,39,43992,买盘
1312,13:33:30,11.27,-0.01,100,112700,卖盘
1313,13:33:15,11.28,--,9,10152,买盘
1314,13:33:09,11.28,0.01,30,33840,买盘
1315,13:33:06,11.27,--,52,58604,卖盘
1316,13:33:03,11.27,-0.01,34,38318,卖盘
1317,13:33:00,11.28,0.01,72,81216,买盘
1318,13:32:57,11.27,--,74,83398,卖盘
1319,13:32:51,11.27,--,100,112700,卖盘
1320,13:32:45,11.27,--,10,11270,卖盘
1321,13:32:42,11.27,--,10,11270,卖盘
1322,13:32:39,11.27,-0.01,16,18032,卖盘
1323,13:32:36,11.28,0.01,21,23688,买盘
1324,13:32:18,11.27,--,3,3381,卖盘
1325,13:32:15,11.27,-0.01,17,19159,卖盘
1326,13:32:09,11.28,0.01,60,67680,买盘
1327,13:32:03,11.27,0.01,2,2254,中性盘
1328,13:31:57,11.26,-0.02,3,3378,卖盘
1329,13:31:51,11.28,0.02,60,67680,买盘
1330,13:31:48,11.26,-0.01,16,18016,卖盘
1331,13:31:45,11.27,--,38,42826,买盘
1332,13:31:42,11.27,--,10,11270,买盘
1333,13:31:39,11.27,--,62,69874,卖盘
1334,13:31:36,11.27,-0.01,68,76636,卖盘
1335,13:31:33,11.28,--,23,25944,买盘
1336,13:31:24,11.28,0.01,19,21432,买盘
1337,13:31:21,11.27,-0.01,18,20286,卖盘
1338,13:31:12,11.28,--,1,1128,买盘
1339,13:31:06,11.28,0.01,13,14664,买盘
1340,13:31:03,11.27,0.01,61,68747,中性盘
1341,13:30:57,11.26,-0.01,39,43914,卖盘
1342,13:30:54,11.27,--,93,104811,买盘
1343,13:30:51,11.27,--,59,66493,买盘
1344,13:30:42,11.27,--,7,7889,买盘
1345,13:30:39,11.27,--,1,1127,买盘
1346,13:30:36,11.27,-0.01,52,58604,卖盘
1347,13:30:33,11.28,--,21,23688,买盘
1348,13:30:30,11.28,0.01,7,7896,买盘
1349,13:30:27,11.27,--,2,2254,卖盘
1350,13:30:21,11.27,--,3,3381,卖盘
1351,13:30:15,11.27,-0.01,12,13524,卖盘
1352,13:30:06,11.28,0.01,32,36096,买盘
1353,13:30:03,11.27,-0.01,65,73255,卖盘
1354,13:30:00,11.28,0.01,82,92496,买盘
1355,13:29:57,11.27,-0.01,2,2254,卖盘
1356,13:29:54,11.28,--,17,19176,买盘
1357,13:29:45,11.28,--,48,54144,买盘
1358,13:29:42,11.28,0.01,20,22560,买盘
1359,13:29:39,11.27,--,147,165669,卖盘
1360,13:29:36,11.27,--,7,7889,卖盘
1361,13:29:33,11.27,-0.01,46,51842,卖盘
1362,13:29:21,11.28,0.01,2,2256,买盘
1363,13:29:18,11.27,--,59,66493,卖盘
1364,13:29:12,11.27,--,35,39445,卖盘
1365,13:29:06,11.27,--,15,16905,卖盘
1366,13:29:03,11.27,--,4,4508,卖盘
1367,13:29:00,11.27,-0.01,34,38318,卖盘
1368,13:28:54,11.28,0.01,34,38352,买盘
1369,13:28:48,11.27,--,60,67620,买盘
1370,13:28:45,11.27,--,147,165669,买盘
1371,13:28:42,11.27,--,4,4508,买盘
1372,13:28:36,11.27,--,10,11270,买盘
1373,13:28:33,11.27,--,21,23667,买盘
1374,13:28:21,11.27,--,20,22540,买盘
1375,13:28:18,11.27,--,118,132986,买盘
1376,13:28:15,11.27,-0.01,26,29302,中性盘
1377,13:28:09,11.28,0.02,13,15228,买盘
1378,13:28:06,11.26,--,363,409301,卖盘
1379,13:28:03,11.26,--,96,108096,卖盘
1380,13:28:00,11.26,--,13,14638,卖盘
1381,13:27:57,11.26,-0.02,8,9008,卖盘
1382,13:27:54,11.28,--,17,19176,买盘
1383,13:27:42,11.28,--,401,452328,卖盘
1384,13:27:39,11.28,0.01,4,4512,买盘
1385,13:27:36,11.27,-0.01,25,28175,卖盘
1386,13:27:33,11.28,0.02,22,24816,买盘
1387,13:27:27,11.26,-0.02,3345,3767033,卖盘
1388,13:27:24,11.28,--,1,1128,卖盘
1389,13:27:09,11.28,--,2,2256,卖盘
1390,13:27:03,11.28,--,97,109416,卖盘
1391,13:26:57,11.28,-0.01,12,13536,卖盘
1392,13:26:54,11.29,0.01,51,57578,买盘
1393,13:26:51,11.28,--,18,20304,卖盘
1394,13:26:45,11.28,-0.01,16,18048,卖盘
1395,13:26:33,11.29,--,1,1129,买盘
1396,13:26:30,11.29,0.01,21,23709,买盘
1397,13:26:27,11.28,-0.01,32,36096,卖盘
1398,13:26:24,11.29,--,20,22580,买盘
1399,13:26:06,11.29,--,302,342064,卖盘
1400,13:26:03,11.29,--,5,5645,卖盘
1401,13:25:54,11.29,-0.01,10,11290,卖盘
1402,13:25:51,11.3,--,55,62150,买盘
1403,13:25:48,11.3,--,4,4520,买盘
1404,13:25:45,11.3,0.01,100,113000,买盘
1405,13:25:39,11.29,-0.01,11,12418,卖盘
1406,13:25:33,11.3,--,21,23730,买盘
1407,13:25:30,11.3,--,37,41832,买盘
1408,13:25:27,11.3,0.01,44,49720,买盘
1409,13:25:24,11.29,--,11,12418,卖盘
1410,13:25:21,11.29,--,8,9032,卖盘
1411,13:25:15,11.29,--,27,30482,卖盘
1412,13:25:12,11.29,--,18,20322,卖盘
1413,13:25:09,11.29,-0.01,14,15805,卖盘
1414,13:25:06,11.3,0.01,10,11300,买盘
1415,13:25:03,11.29,--,81,91449,卖盘
1416,13:24:57,11.29,-0.01,2,2258,卖盘
1417,13:24:54,11.3,--,17,19210,买盘
1418,13:24:51,11.3,--,1,1130,买盘
1419,13:24:48,11.3,0.01,2,2260,买盘
1420,13:24:45,11.29,-0.01,19,21451,卖盘
1421,13:24:42,11.3,0.01,51,57630,买盘
1422,13:24:39,11.29,-0.01,35,39515,卖盘
1423,13:24:30,11.3,--,39,44070,买盘
1424,13:24:18,11.3,0.01,24,27120,买盘
1425,13:24:12,11.29,-0.01,163,184027,卖盘
1426,13:24:09,11.3,--,2,2260,卖盘
1427,13:24:06,11.3,0.01,3,3390,买盘
1428,13:24:03,11.29,--,163,184027,卖盘
1429,13:24:00,11.29,--,33,37257,卖盘
1430,13:23:57,11.29,-0.02,8,9032,卖盘
1431,13:23:54,11.31,0.01,18,20358,买盘
1432,13:23:51,11.3,0.01,13,14690,中性盘
1433,13:23:42,11.29,0.01,225,254024,买盘
1434,13:23:39,11.28,-0.01,22,24816,卖盘
1435,13:23:36,11.29,--,13,14676,买盘
1436,13:23:33,11.29,--,4,4516,买盘
1437,13:23:30,11.29,--,27,30482,买盘
1438,13:23:27,11.29,0.01,50,56449,买盘
1439,13:23:24,11.28,-0.01,2,2256,卖盘
1440,13:23:18,11.29,--,1,1129,买盘
1441,13:23:15,11.29,-0.01,285,321765,卖盘
1442,13:23:09,11.3,--,16,18080,卖盘
1443,13:23:06,11.3,0.01,23,25990,买盘
1444,13:23:03,11.29,-0.01,501,565629,卖盘
1445,13:22:57,11.3,-0.01,2,2260,卖盘
1446,13:22:54,11.31,0.01,17,19227,买盘
1447,13:22:51,11.3,-0.01,10,11300,卖盘
1448,13:22:36,11.31,--,34,38454,买盘
1449,13:22:33,11.31,0.01,21,23751,买盘
1450,13:22:30,11.3,--,18,20340,卖盘
1451,13:22:27,11.3,-0.01,5,5650,中性盘
1452,13:22:09,11.31,0.03,95,107445,买盘
1453,13:22:06,11.28,--,375,423000,卖盘
1454,13:22:03,11.28,--,2,2256,卖盘
1455,13:22:00,11.28,-0.01,27,30456,卖盘
1456,13:21:57,11.29,-0.01,3,3386,中性盘
1457,13:21:51,11.3,0.01,23,25990,买盘
1458,13:21:48,11.29,0.01,24,27095,买盘
1459,13:21:42,11.28,--,15,16920,卖盘
1460,13:21:39,11.28,-0.01,178,200784,卖盘
1461,13:21:36,11.29,--,126,142254,买盘
1462,13:21:33,11.29,-0.01,8,9032,卖盘
1463,13:21:30,11.3,0.01,196,221480,买盘
1464,13:21:24,11.29,--,28,31611,买盘
1465,13:21:21,11.29,--,20,22580,买盘
1466,13:21:18,11.29,--,11,12418,买盘
1467,13:21:15,11.29,-0.01,34,38386,卖盘
1468,13:21:06,11.3,0.02,119,134470,买盘
1469,13:21:03,11.28,-0.01,63,71064,卖盘
1470,13:20:57,11.29,-0.02,3,3386,中性盘
1471,13:20:54,11.31,0.02,85,96135,买盘
1472,13:20:51,11.29,--,191,215638,买盘
1473,13:20:45,11.29,0.01,21,23709,买盘
1474,13:20:42,11.28,--,16,18048,卖盘
1475,13:20:39,11.28,-0.01,18,20304,卖盘
1476,13:20:36,11.29,--,136,153544,买盘
1477,13:20:33,11.29,--,7,7902,买盘
1478,13:20:30,11.29,0.01,23,25966,买盘
1479,13:20:27,11.28,-0.01,120,135360,卖盘
1480,13:20:12,11.29,--,43,48546,买盘
1481,13:20:09,11.29,--,105,118544,买盘
1482,13:20:06,11.29,--,2,2258,买盘
1483,13:20:03,11.29,--,27,30482,买盘
1484,13:20:00,11.29,0.01,5,5645,买盘
1485,13:19:57,11.28,-0.01,4,4512,卖盘
1486,13:19:54,11.29,--,5,5645,买盘
1487,13:19:51,11.29,--,17,19193,买盘
1488,13:19:45,11.29,--,11,12418,买盘
1489,13:19:42,11.29,--,9,10161,买盘
1490,13:19:39,11.29,--,5,5645,买盘
1491,13:19:36,11.29,--,2,2258,买盘
1492,13:19:33,11.29,--,18,20322,买盘
1493,13:19:30,11.29,--,44,49675,买盘
1494,13:19:24,11.29,--,8,9032,买盘
1495,13:19:18,11.29,-0.01,382,431819,卖盘
1496,13:19:15,11.3,--,78,88140,买盘
1497,13:19:12,11.3,--,5,5650,买盘
1498,13:19:09,11.3,--,10,11300,买盘
1499,13:19:06,11.3,--,78,88140,买盘
1500,13:19:03,11.3,--,122,137860,买盘
1501,13:18:51,11.3,--,22,24860,买盘
1502,13:18:39,11.3,0.01,28,31640,买盘
1503,13:18:33,11.29,-0.01,38,42902,卖盘
1504,13:18:30,11.3,--,38,42940,买盘
1505,13:18:24,11.3,0.01,30,33900,买盘
1506,13:18:18,11.29,-0.01,150,169350,卖盘
1507,13:18:12,11.3,0.01,13,14690,买盘
1508,13:18:03,11.29,-0.01,122,137738,卖盘
1509,13:18:00,11.3,0.01,418,472340,买盘
1510,13:17:57,11.29,-0.01,43,48546,卖盘
1511,13:17:54,11.3,--,147,166110,买盘
1512,13:17:51,11.3,0.01,17,19210,买盘
1513,13:17:45,11.29,-0.01,16,18064,卖盘
1514,13:17:42,11.3,0.01,20,22600,买盘
1515,13:17:39,11.29,--,17,19193,卖盘
1516,13:17:36,11.29,-0.01,68,76772,卖盘
1517,13:17:33,11.3,--,36,40680,买盘
1518,13:17:30,11.3,--,29,32770,买盘
1519,13:17:18,11.3,-0.01,231,261030,卖盘
1520,13:17:06,11.31,0.01,16,18096,买盘
1521,13:17:03,11.3,-0.01,15,16950,卖盘
1522,13:17:00,11.31,0.01,57,64467,买盘
1523,13:16:57,11.3,-0.01,21,23730,卖盘
1524,13:16:54,11.31,--,50,56550,买盘
1525,13:16:51,11.31,--,17,19227,买盘
1526,13:16:42,11.31,0.02,1,1131,买盘
1527,13:16:39,11.29,-0.02,263,296927,卖盘
1528,13:16:36,11.31,--,100,113100,买盘
1529,13:16:33,11.31,--,51,57681,买盘
1530,13:16:30,11.31,--,21,23751,买盘
1531,13:16:27,11.31,0.01,57,64467,买盘
1532,13:16:24,11.3,--,34,38420,卖盘
1533,13:16:18,11.3,--,16,18080,卖盘
1534,13:16:15,11.3,--,70,79100,卖盘
1535,13:16:12,11.3,--,2,2260,卖盘
1536,13:16:09,11.3,--,63,71190,卖盘
1537,13:16:03,11.3,--,5,5650,卖盘
1538,13:16:00,11.3,--,65,73450,卖盘
1539,13:15:57,11.3,--,2,2260,卖盘
1540,13:15:54,11.3,--,40,45200,卖盘
1541,13:15:51,11.3,--,117,132210,卖盘
1542,13:15:48,11.3,--,17,19210,卖盘
1543,13:15:45,11.3,--,168,189840,卖盘
1544,13:15:42,11.3,--,1,1130,卖盘
1545,13:15:39,11.3,--,50,56500,卖盘
1546,13:15:36,11.3,-0.01,16,18080,卖盘
1547,13:15:30,11.31,0.01,30,33930,买盘
1548,13:15:24,11.3,-0.01,1,1130,卖盘
1549,13:15:21,11.31,0.01,30,33930,买盘
1550,13:15:12,11.3,0.01,265,299450,买盘
1551,13:15:03,11.29,-0.01,46,51933,卖盘
1552,13:15:00,11.3,--,80,90400,买盘
1553,13:14:57,11.3,0.01,5,5650,买盘
1554,13:14:54,11.29,-0.01,500,564500,卖盘
1555,13:14:51,11.3,--,40,45200,买盘
1556,13:14:48,11.3,--,25,28250,买盘
1557,13:14:39,11.3,--,106,119780,买盘
1558,13:14:36,11.3,0.01,7,7910,买盘
1559,13:14:33,11.29,-0.01,2,2258,卖盘
1560,13:14:27,11.3,0.01,82,92660,买盘
1561,13:14:24,11.29,--,22,24837,卖盘
1562,13:14:21,11.29,-0.01,10,11290,卖盘
1563,13:14:18,11.3,--,10,11300,买盘
1564,13:14:12,11.3,--,129,146357,买盘
1565,13:14:06,11.3,0.01,13,14690,买盘
1566,13:14:03,11.29,--,4,4516,卖盘
1567,13:14:00,11.29,--,32,36128,卖盘
1568,13:13:57,11.29,-0.01,20,22580,卖盘
1569,13:13:54,11.3,0.01,20,22600,买盘
1570,13:13:51,11.29,-0.01,35,39515,卖盘
1571,13:13:45,11.3,0.01,61,68930,买盘
1572,13:13:36,11.29,--,16,18064,卖盘
1573,13:13:33,11.29,--,10,11290,卖盘
1574,13:13:30,11.29,-0.01,10,11290,卖盘
1575,13:13:27,11.3,--,39,44070,买盘
1576,13:13:18,11.3,--,119,134470,卖盘
1577,13:13:12,11.3,--,52,58760,卖盘
1578,13:13:09,11.3,-0.01,3,3390,卖盘
1579,13:13:06,11.31,0.01,4,4524,买盘
1580,13:13:03,11.3,0.01,7,7910,买盘
1581,13:13:00,11.29,--,21,23709,卖盘
1582,13:12:57,11.29,-0.02,19,21451,卖盘
1583,13:12:54,11.31,0.01,17,19227,买盘
1584,13:12:42,11.3,--,10,11300,买盘
1585,13:12:39,11.3,0.01,18,20340,买盘
1586,13:12:33,11.29,--,44,49675,买盘
1587,13:12:30,11.29,--,27,30482,买盘
1588,13:12:27,11.29,--,12,13547,买盘
1589,13:12:24,11.29,0.01,1,1129,买盘
1590,13:12:21,11.28,--,15,16920,卖盘
1591,13:12:12,11.28,--,13,14664,卖盘
1592,13:12:09,11.28,--,17,19176,卖盘
1593,13:12:03,11.28,--,243,274555,买盘
1594,13:12:00,11.28,0.01,27,30456,买盘
1595,13:11:57,11.27,-0.01,6,6762,卖盘
1596,13:11:54,11.28,--,254,286512,买盘
1597,13:11:42,11.28,0.01,5,5640,买盘
1598,13:11:39,11.27,-0.01,50,56350,卖盘
1599,13:11:36,11.28,--,14,15792,买盘
1600,13:11:33,11.28,0.01,1,1128,买盘
1601,13:11:27,11.27,--,172,193844,卖盘
1602,13:11:24,11.27,-0.01,50,56350,卖盘
1603,13:11:15,11.28,--,119,134232,买盘
1604,13:11:12,11.28,--,53,59784,买盘
1605,13:11:06,11.28,0.01,45,50760,买盘
1606,13:11:03,11.27,--,14,15778,卖盘
1607,13:11:00,11.27,--,98,110446,卖盘
1608,13:10:57,11.27,-0.01,83,93541,卖盘
1609,13:10:51,11.28,0.01,21,23688,买盘
1610,13:10:48,11.27,-0.01,441,497007,卖盘
1611,13:10:45,11.28,--,1,1128,买盘
1612,13:10:36,11.28,0.01,16,18048,买盘
1613,13:10:33,11.27,-0.01,602,678454,卖盘
1614,13:10:27,11.28,0.01,22,24816,买盘
1615,13:10:24,11.27,--,101,113827,卖盘
1616,13:10:21,11.27,-0.01,5,5635,卖盘
1617,13:10:18,11.28,--,82,92496,买盘
1618,13:10:15,11.28,0.01,96,108288,买盘
1619,13:10:06,11.27,--,237,267099,卖盘
1620,13:10:03,11.27,-0.01,2,2254,卖盘
1621,13:10:00,11.28,--,15,16920,买盘
1622,13:09:57,11.28,--,59,66552,买盘
1623,13:09:54,11.28,0.01,50,56400,买盘
1624,13:09:51,11.27,-0.01,127,143129,卖盘
1625,13:09:48,11.28,--,49,55272,买盘
1626,13:09:45,11.28,--,6,6768,买盘
1627,13:09:42,11.28,--,23,25944,买盘
1628,13:09:39,11.28,--,16,18048,买盘
1629,13:09:36,11.28,--,1,1128,买盘
1630,13:09:33,11.28,-0.02,1225,1381800,卖盘
1631,13:09:27,11.3,-0.01,41,46872,卖盘
1632,13:09:24,11.31,--,108,122148,买盘
1633,13:09:21,11.31,--,21,23751,买盘
1634,13:09:18,11.31,0.01,5,5655,买盘
1635,13:09:15,11.3,-0.01,40,45200,卖盘
1636,13:09:12,11.31,0.01,38,42978,买盘
1637,13:09:09,11.3,-0.01,100,113000,卖盘
1638,13:09:00,11.31,--,4,4524,买盘
1639,13:08:57,11.31,0.01,6,6786,买盘
1640,13:08:54,11.3,-0.01,42,47460,卖盘
1641,13:08:51,11.31,--,22,24882,买盘
1642,13:08:45,11.31,--,2,2262,买盘
1643,13:08:42,11.31,--,15,16965,买盘
1644,13:08:36,11.31,-0.01,5,5655,中性盘
1645,13:08:27,11.32,0.01,22,24904,买盘
1646,13:08:24,11.31,--,28,31668,买盘
1647,13:08:21,11.31,0.01,15,16965,买盘
1648,13:08:18,11.3,-0.01,12,13560,卖盘
1649,13:08:15,11.31,0.01,95,107445,买盘
1650,13:08:06,11.3,0.01,188,213027,买盘
1651,13:08:03,11.29,--,2,2258,卖盘
1652,13:08:00,11.29,--,32,36128,卖盘
1653,13:07:57,11.29,--,3,3386,卖盘
1654,13:07:54,11.29,-0.01,24,27095,卖盘
1655,13:07:48,11.3,0.01,16,18080,买盘
1656,13:07:45,11.29,-0.01,16,18064,卖盘
1657,13:07:42,11.3,--,273,308490,买盘
1658,13:07:36,11.3,0.01,14,15820,买盘
1659,13:07:33,11.29,-0.01,2,2258,卖盘
1660,13:07:27,11.3,0.01,38,42940,买盘
1661,13:07:21,11.29,--,70,79030,卖盘
1662,13:07:15,11.29,--,30,33870,卖盘
1663,13:07:12,11.29,-0.01,50,56449,卖盘
1664,13:07:06,11.3,0.02,14,15820,买盘
1665,13:07:03,11.28,-0.02,29,32711,卖盘
1666,13:07:00,11.3,--,53,59890,买盘
1667,13:06:51,11.3,0.02,9,10170,买盘
1668,13:06:48,11.28,-0.01,22,24816,卖盘
1669,13:06:45,11.29,--,48,54191,卖盘
1670,13:06:42,11.29,--,2,2258,卖盘
1671,13:06:39,11.29,--,50,56449,卖盘
1672,13:06:36,11.29,--,17,19193,卖盘
1673,13:06:33,11.29,--,53,59836,卖盘
1674,13:06:30,11.29,-0.01,209,235960,卖盘
1675,13:06:27,11.3,--,37,41810,买盘
1676,13:06:21,11.3,0.01,50,56500,买盘
1677,13:06:18,11.29,--,286,322894,卖盘
1678,13:06:15,11.29,--,30,33870,卖盘
1679,13:06:12,11.29,--,23,25966,卖盘
1680,13:06:06,11.29,--,52,58707,卖盘
1681,13:06:03,11.29,--,44,49675,卖盘
1682,13:05:57,11.29,--,72,81288,卖盘
1683,13:05:51,11.29,-0.01,5,5645,卖盘
1684,13:05:48,11.3,0.01,34,38420,买盘
1685,13:05:42,11.29,-0.01,41,46289,卖盘
1686,13:05:39,11.3,--,22,24860,买盘
1687,13:05:36,11.3,--,56,63280,买盘
1688,13:05:33,11.3,--,10,11300,买盘
1689,13:05:27,11.3,--,123,138990,买盘
1690,13:05:21,11.3,0.01,55,62150,买盘
1691,13:05:18,11.29,-0.01,50,56449,卖盘
1692,13:05:15,11.3,--,9,10170,买盘
1693,13:05:12,11.3,--,102,115260,买盘
1694,13:05:06,11.3,0.01,80,90400,买盘
1695,13:05:03,11.29,--,9,10161,卖盘
1696,13:05:00,11.29,-0.01,40,45160,卖盘
1697,13:04:57,11.3,-0.01,512,579102,卖盘
1698,13:04:48,11.31,--,49,55419,卖盘
1699,13:04:45,11.31,--,11,12441,卖盘
1700,13:04:42,11.31,--,101,114231,卖盘
1701,13:04:36,11.31,--,5,5655,卖盘
1702,13:04:33,11.31,--,3,3393,卖盘
1703,13:04:30,11.31,-0.01,2,2262,中性盘
1704,13:04:27,11.32,0.01,73,82636,买盘
1705,13:04:24,11.31,0.01,1,1131,买盘
1706,13:04:18,11.3,-0.01,178,201140,卖盘
1707,13:04:15,11.31,--,20,22620,买盘
1708,13:04:12,11.31,--,59,66729,买盘
1709,13:04:06,11.31,0.01,9,10179,买盘
1710,13:04:03,11.3,-0.01,71,80230,卖盘
1711,13:03:57,11.31,--,78,88218,卖盘
1712,13:03:51,11.31,-0.01,16,18096,卖盘
1713,13:03:48,11.32,--,16,18112,买盘
1714,13:03:33,11.32,0.01,101,114332,买盘
1715,13:03:27,11.31,-0.01,42,47502,买盘
1716,13:03:15,11.32,0.02,1,1132,买盘
1717,13:03:06,11.3,-0.02,23,25990,卖盘
1718,13:03:03,11.32,--,27,30564,买盘
1719,13:03:00,11.32,--,17,19244,买盘
1720,13:02:57,11.32,0.01,31,35092,买盘
1721,13:02:51,11.31,--,23,26013,卖盘
1722,13:02:45,11.31,-0.01,16,18096,卖盘
1723,13:02:36,11.32,--,1,1132,买盘
1724,13:02:33,11.32,-0.01,20,22640,中性盘
1725,13:02:27,11.33,0.01,65,73645,买盘
1726,13:02:21,11.32,--,1,1132,买盘
1727,13:02:18,11.32,0.01,40,45280,买盘
1728,13:02:15,11.31,-0.01,300,339300,卖盘
1729,13:02:12,11.32,--,11,12452,买盘
1730,13:02:06,11.32,--,20,22640,买盘
1731,13:02:03,11.32,--,9,10188,卖盘
1732,13:02:00,11.32,-0.01,58,65656,卖盘
1733,13:01:57,11.33,--,7,7931,买盘
1734,13:01:54,11.33,--,17,19261,买盘
1735,13:01:51,11.33,0.01,2,2266,买盘
1736,13:01:48,11.32,--,38,43016,买盘
1737,13:01:42,11.32,--,15,16980,买盘
1738,13:01:36,11.32,--,17,19244,买盘
1739,13:01:33,11.32,--,10,11320,买盘
1740,13:01:30,11.32,--,5,5660,买盘
1741,13:01:27,11.32,0.01,21,23772,买盘
1742,13:01:24,11.31,--,33,37323,卖盘
1743,13:01:18,11.31,-0.01,26,29406,卖盘
1744,13:01:15,11.32,--,1,1132,买盘
1745,13:01:09,11.32,0.01,42,47544,买盘
1746,13:01:06,11.31,--,46,52026,卖盘
1747,13:01:03,11.31,--,102,115362,卖盘
1748,13:01:00,11.31,-0.01,45,50895,卖盘
1749,13:00:57,11.32,--,11,12452,买盘
1750,13:00:54,11.32,--,11,12452,买盘
1751,13:00:51,11.32,0.01,28,31696,买盘
1752,13:00:48,11.31,--,3,3393,卖盘
1753,13:00:42,11.31,--,54,61074,卖盘
1754,13:00:30,11.31,--,1,1131,卖盘
1755,13:00:24,11.31,--,2,2262,卖盘
1756,13:00:15,11.31,--,58,65598,卖盘
1757,13:00:12,11.31,-0.01,9,10857,卖盘
1758,13:00:09,11.32,--,37,41884,买盘
1759,13:00:06,11.32,0.02,15,16980,买盘
1760,13:00:03,11.3,0.01,1491,1685869,买盘
1761,13:00:00,11.29,-0.01,50,56449,卖盘
1762,11:30:00,11.3,0.01,46,51980,中性盘
1763,11:29:51,11.29,--,0,1038,卖盘
1764,11:29:48,11.29,-0.02,16,18064,卖盘
1765,11:29:45,11.31,0.01,22,24882,买盘
1766,11:29:39,11.3,--,14,15820,买盘
1767,11:29:36,11.3,--,12,13560,买盘
1768,11:29:33,11.3,--,89,100570,买盘
1769,11:29:30,11.3,--,1,1130,买盘
1770,11:29:27,11.3,--,82,92660,卖盘
1771,11:29:24,11.3,--,23,25990,卖盘
1772,11:29:21,11.3,--,10,11300,卖盘
1773,11:29:18,11.3,--,8,9040,卖盘
1774,11:29:15,11.3,0.01,55,62150,买盘
1775,11:29:09,11.29,-0.01,10,11290,卖盘
1776,11:29:06,11.3,0.01,130,146900,买盘
1777,11:29:03,11.29,--,35,39515,卖盘
1778,11:28:57,11.29,--,68,76772,买盘
1779,11:28:54,11.29,0.01,21,23709,买盘
1780,11:28:51,11.28,-0.01,66,74448,卖盘
1781,11:28:48,11.29,-0.01,62,69998,卖盘
1782,11:28:45,11.3,0.01,17,19210,买盘
1783,11:28:42,11.29,-0.01,2,2258,卖盘
1784,11:28:39,11.3,--,53,59890,买盘
1785,11:28:36,11.3,0.01,30,33900,买盘
1786,11:28:27,11.29,-0.01,4,4516,卖盘
1787,11:28:24,11.3,--,38,42940,买盘
1788,11:28:18,11.3,--,1,1130,买盘
1789,11:28:12,11.3,0.01,67,75710,买盘
1790,11:28:03,11.29,--,27,30482,卖盘
1791,11:28:00,11.29,-0.01,2,2258,中性盘
1792,11:27:54,11.3,0.02,108,122040,买盘
1793,11:27:48,11.28,-0.02,208,234624,卖盘
1794,11:27:45,11.3,0.01,17,19210,买盘
1795,11:27:39,11.29,-0.01,241,272089,卖盘
1796,11:27:33,11.3,--,20,22600,买盘
1797,11:27:30,11.3,0.01,17,19210,买盘
1798,11:27:27,11.29,-0.01,2,2258,卖盘
1799,11:27:24,11.3,--,23,25990,买盘
1800,11:27:21,11.3,-0.01,1723,1946990,卖盘
1801,11:27:18,11.31,--,16,18096,卖盘
1802,11:27:15,11.31,--,54,61074,卖盘
1803,11:27:12,11.31,--,8,9048,卖盘
1804,11:27:09,11.31,--,127,143637,卖盘
1805,11:27:06,11.31,--,16,18096,卖盘
1806,11:27:03,11.31,--,1,1131,卖盘
1807,11:27:00,11.31,--,2,2262,卖盘
1808,11:26:54,11.31,-0.01,2,2262,卖盘
1809,11:26:51,11.32,0.01,76,86032,买盘
1810,11:26:48,11.31,-0.01,18,20358,卖盘
1811,11:26:45,11.32,0.01,32,36224,买盘
1812,11:26:39,11.31,-0.01,17,19227,卖盘
1813,11:26:33,11.32,--,1,1132,买盘
1814,11:26:30,11.32,--,2,2264,买盘
1815,11:26:24,11.32,--,21,23772,买盘
1816,11:26:21,11.32,0.01,156,176592,买盘
1817,11:26:18,11.31,--,10,11310,卖盘
1818,11:26:15,11.31,--,3,3393,卖盘
1819,11:26:12,11.31,-0.01,8,9048,卖盘
1820,11:26:06,11.32,--,21,23772,买盘
1821,11:26:03,11.32,--,50,56600,买盘
1822,11:25:54,11.32,--,38,43016,买盘
1823,11:25:51,11.32,--,1,1132,买盘
1824,11:25:48,11.32,--,33,37356,卖盘
1825,11:25:45,11.32,--,22,24904,卖盘
1826,11:25:42,11.32,--,124,140368,卖盘
1827,11:25:39,11.32,0.01,315,356580,买盘
1828,11:25:36,11.31,--,137,154947,卖盘
1829,11:25:30,11.31,-0.01,4,4524,卖盘
1830,11:25:27,11.32,--,227,256964,买盘
1831,11:25:24,11.32,0.01,22,24904,买盘
1832,11:25:21,11.31,--,2,2262,卖盘
1833,11:25:15,11.31,--,16,18096,卖盘
1834,11:25:09,11.31,--,176,199056,卖盘
1835,11:25:06,11.31,--,57,64467,卖盘
1836,11:25:03,11.31,--,2,2262,卖盘
1837,11:25:00,11.31,-0.01,6,6786,卖盘
1838,11:24:51,11.32,--,1,1132,买盘
1839,11:24:48,11.32,--,30,33960,买盘
1840,11:24:45,11.32,0.01,17,19244,买盘
1841,11:24:42,11.31,-0.01,49,55419,卖盘
1842,11:24:36,11.32,0.01,1,1132,买盘
1843,11:24:27,11.31,--,1,1131,卖盘
1844,11:24:24,11.31,-0.01,17,19227,卖盘
1845,11:24:21,11.32,0.01,17,19244,买盘
1846,11:24:18,11.31,-0.01,100,113100,卖盘
1847,11:24:15,11.32,--,32,36224,买盘
1848,11:24:12,11.32,0.01,9,10188,买盘
1849,11:24:09,11.31,-0.01,23,26013,卖盘
1850,11:24:00,11.32,--,36,40752,卖盘
1851,11:23:54,11.32,--,3,3396,卖盘
1852,11:23:48,11.32,-0.01,16,18112,卖盘
1853,11:23:45,11.33,0.01,17,19261,买盘
1854,11:23:39,11.32,--,10,11320,卖盘
1855,11:23:36,11.32,--,20,22640,卖盘
1856,11:23:33,11.32,--,80,90560,卖盘
1857,11:23:27,11.32,--,140,158480,卖盘
1858,11:23:24,11.32,--,1,1132,卖盘
1859,11:23:21,11.32,--,50,56600,卖盘
1860,11:23:18,11.32,-0.01,28,31696,卖盘
1861,11:23:12,11.33,0.01,2,2266,买盘
1862,11:23:09,11.32,--,17,19244,卖盘
1863,11:23:06,11.32,-0.01,50,56600,卖盘
1864,11:22:57,11.33,0.01,25,28325,买盘
1865,11:22:54,11.32,--,100,113200,卖盘
1866,11:22:45,11.32,-0.01,58,65656,卖盘
1867,11:22:39,11.33,0.01,20,22660,买盘
1868,11:22:30,11.32,--,126,142632,卖盘
1869,11:22:24,11.32,-0.01,1,1132,卖盘
1870,11:22:18,11.33,0.01,60,67980,买盘
1871,11:22:15,11.32,--,130,147160,卖盘
1872,11:22:12,11.32,--,10,11320,卖盘
1873,11:22:09,11.32,--,1,1132,卖盘
1874,11:22:06,11.32,-0.01,70,79240,卖盘
1875,11:22:03,11.33,0.01,16,18128,买盘
1876,11:21:57,11.32,--,4,4528,卖盘
1877,11:21:54,11.32,0.01,86,97352,买盘
1878,11:21:51,11.31,--,16,18096,卖盘
1879,11:21:48,11.31,--,28,31668,卖盘
1880,11:21:42,11.31,--,38,42978,卖盘
1881,11:21:36,11.31,-0.01,10,11310,卖盘
1882,11:21:33,11.32,--,3,3396,买盘
1883,11:21:30,11.32,--,109,123388,买盘
1884,11:21:27,11.32,0.01,127,143764,买盘
1885,11:21:24,11.31,-0.01,17,19227,卖盘
1886,11:21:18,11.32,--,1,1132,买盘
1887,11:21:15,11.32,--,47,53204,卖盘
1888,11:21:12,11.32,-0.01,33,37356,卖盘
1889,11:21:09,11.33,0.01,6,6798,买盘
1890,11:21:06,11.32,-0.01,34,38488,卖盘
1891,11:21:03,11.33,0.01,12,13596,买盘
1892,11:21:00,11.32,--,11,12452,卖盘
1893,11:20:54,11.32,--,76,86032,卖盘
1894,11:20:51,11.32,--,50,56600,卖盘
1895,11:20:45,11.32,-0.01,234,264888,卖盘
1896,11:20:42,11.33,--,10,11330,买盘
1897,11:20:39,11.33,--,2,2266,买盘
1898,11:20:30,11.33,0.01,120,135960,买盘
1899,11:20:27,11.32,-0.01,18,20376,卖盘
1900,11:20:21,11.33,0.01,22,24926,买盘
1901,11:20:18,11.32,--,2,2264,卖盘
1902,11:20:15,11.32,--,17,19244,卖盘
1903,11:20:12,11.32,--,141,159612,卖盘
1904,11:20:09,11.32,--,134,151688,卖盘
1905,11:20:06,11.32,--,169,191308,卖盘
1906,11:20:03,11.32,-0.01,597,675804,卖盘
1907,11:20:00,11.33,--,215,243595,买盘
1908,11:19:57,11.33,0.01,25,28325,买盘
1909,11:19:54,11.32,--,32,36224,卖盘
1910,11:19:51,11.32,--,100,113200,卖盘
1911,11:19:48,11.32,-0.01,40,45280,卖盘
1912,11:19:45,11.33,--,16,18128,买盘
1913,11:19:39,11.33,0.01,48,54384,买盘
1914,11:19:36,11.32,-0.01,211,238852,卖盘
1915,11:19:33,11.33,--,165,186945,买盘
1916,11:19:24,11.33,0.01,29,32857,买盘
1917,11:19:21,11.32,--,173,195836,卖盘
1918,11:19:18,11.32,-0.01,243,275076,卖盘
1919,11:19:15,11.33,--,87,98571,买盘
1920,11:19:12,11.33,--,9,10197,买盘
1921,11:19:09,11.33,--,15,16995,买盘
1922,11:19:06,11.33,0.01,5,5665,买盘
1923,11:19:03,11.32,-0.01,2,2264,卖盘
1924,11:19:00,11.33,--,46,52118,买盘
1925,11:18:57,11.33,--,477,540441,买盘
1926,11:18:54,11.33,-0.01,1148,1301703,卖盘
1927,11:18:51,11.34,0.01,22,24948,买盘
1928,11:18:48,11.33,-0.01,15,16995,卖盘
1929,11:18:42,11.34,--,51,57834,买盘
1930,11:18:39,11.34,--,64,72576,买盘
1931,11:18:36,11.34,--,36,40824,买盘
1932,11:18:30,11.34,-0.01,95,107730,卖盘
1933,11:18:27,11.35,--,27,30645,买盘
1934,11:18:24,11.35,0.01,17,19295,买盘
1935,11:18:21,11.34,--,57,64638,卖盘
1936,11:18:18,11.34,--,175,198450,卖盘
1937,11:18:15,11.34,--,128,145152,买盘
1938,11:18:12,11.34,--,440,498960,卖盘
1939,11:18:09,11.34,--,70,79380,卖盘
1940,11:18:03,11.34,--,32,36288,卖盘
1941,11:17:57,11.34,--,41,46494,卖盘
1942,11:17:54,11.34,--,16,18144,卖盘
1943,11:17:51,11.34,--,56,63504,卖盘
1944,11:17:45,11.34,-0.01,20,22680,卖盘
1945,11:17:42,11.35,0.01,32,36320,买盘
1946,11:17:39,11.34,-0.01,8,9072,卖盘
1947,11:17:36,11.35,0.01,75,85125,买盘
1948,11:17:33,11.34,--,13,14742,卖盘
1949,11:17:30,11.34,--,5,5670,卖盘
1950,11:17:27,11.34,-0.01,54,61236,卖盘
1951,11:17:24,11.35,0.01,60,68100,买盘
1952,11:17:21,11.34,--,32,36288,卖盘
1953,11:17:15,11.34,--,38,43092,卖盘
1954,11:17:12,11.34,--,80,90720,卖盘
1955,11:17:06,11.34,-0.01,2,2268,买盘
1956,11:17:03,11.35,0.01,2017,2289295,买盘
1957,11:16:57,11.34,--,5,5670,买盘
1958,11:16:54,11.34,--,21,23814,买盘
1959,11:16:51,11.34,--,28,31752,买盘
1960,11:16:48,11.34,--,38,43795,买盘
1961,11:16:42,11.34,--,76,86184,买盘
1962,11:16:39,11.34,--,148,167832,买盘
1963,11:16:36,11.34,--,621,704214,买盘
1964,11:16:33,11.34,--,1,1134,买盘
1965,11:16:30,11.34,0.01,7,7938,买盘
1966,11:16:24,11.33,--,16,18128,卖盘
1967,11:16:18,11.33,-0.01,16,18128,卖盘
1968,11:16:15,11.34,0.01,5,5670,买盘
1969,11:16:03,11.33,--,22,24926,卖盘
1970,11:16:00,11.33,--,17,19261,卖盘
1971,11:15:51,11.33,-0.01,19,21527,卖盘
1972,11:15:48,11.34,0.01,9,10206,买盘
1973,11:15:45,11.33,-0.01,10,11330,卖盘
1974,11:15:42,11.34,0.01,16,18144,买盘
1975,11:15:39,11.33,-0.01,2,2266,卖盘
1976,11:15:36,11.34,0.01,2,2268,买盘
1977,11:15:30,11.33,-0.01,22,24926,卖盘
1978,11:15:24,11.34,0.01,112,127008,买盘
1979,11:15:18,11.33,--,10,11330,卖盘
1980,11:15:06,11.33,--,128,145567,买盘
1981,11:15:03,11.33,--,19,22116,卖盘
1982,11:14:57,11.33,-0.01,10,11330,卖盘
1983,11:14:54,11.34,0.01,68,77656,买盘
1984,11:14:51,11.33,--,45,50985,买盘
1985,11:14:45,11.33,--,31,35123,买盘
1986,11:14:42,11.33,--,21,23793,买盘
1987,11:14:33,11.33,--,12,13596,买盘
1988,11:14:30,11.33,--,129,146157,买盘
1989,11:14:27,11.33,--,40,45320,买盘
1990,11:14:24,11.33,--,230,260590,买盘
1991,11:14:21,11.33,--,200,226600,买盘
1992,11:14:18,11.33,--,5,5665,买盘
1993,11:14:15,11.33,--,35,39655,买盘
1994,11:14:09,11.33,--,642,727386,买盘
1995,11:14:00,11.33,0.01,40,45320,买盘
1996,11:13:57,11.32,--,11,12452,卖盘
1997,11:13:48,11.32,-0.01,17,19244,卖盘
1998,11:13:42,11.33,--,17,19261,买盘
1999,11:13:36,11.33,--,10,11330,买盘
2000,11:13:33,11.33,--,20,22660,买盘
2001,11:13:30,11.33,0.01,3,3399,买盘
2002,11:13:27,11.32,-0.01,20,22640,卖盘
2003,11:13:24,11.33,--,11,12463,买盘
2004,11:13:18,11.33,0.01,20,22660,买盘
2005,11:13:12,11.32,--,17,19244,卖盘
2006,11:13:09,11.32,-0.01,17,19244,卖盘
2007,11:12:57,11.33,--,8,9064,买盘
2008,11:12:51,11.33,0.01,1,1133,买盘
2009,11:12:48,11.32,-0.01,25,28300,卖盘
2010,11:12:45,11.33,--,1,1133,买盘
2011,11:12:42,11.33,--,17,19261,买盘
2012,11:12:39,11.33,0.01,30,33990,买盘
2013,11:12:36,11.32,--,1,1132,买盘
2014,11:12:33,11.32,--,30,33960,卖盘
2015,11:12:27,11.32,-0.01,5,5660,中性盘
2016,11:12:18,11.33,0.01,499,565367,买盘
2017,11:12:15,11.32,--,5,5660,买盘
2018,11:12:12,11.32,--,8,9056,买盘
2019,11:12:09,11.32,--,19,21508,买盘
2020,11:12:00,11.32,-0.01,10,11908,卖盘
2021,11:11:57,11.33,0.01,16,18128,买盘
2022,11:11:54,11.32,--,17,19244,卖盘
2023,11:11:51,11.32,--,36,40752,卖盘
2024,11:11:48,11.32,--,100,113200,卖盘
2025,11:11:45,11.32,--,5,5660,卖盘
2026,11:11:42,11.32,--,100,113200,卖盘
2027,11:11:39,11.32,--,16,18112,卖盘
2028,11:11:36,11.32,-0.01,28,31696,卖盘
2029,11:11:33,11.33,--,18,20394,买盘
2030,11:11:27,11.33,0.01,39,44187,买盘
2031,11:11:24,11.32,-0.01,10,11320,卖盘
2032,11:11:21,11.33,--,10,11330,买盘
2033,11:11:12,11.33,0.01,91,103103,买盘
2034,11:11:09,11.32,-0.01,1000,1132000,卖盘
2035,11:11:06,11.33,--,320,362560,买盘
2036,11:11:00,11.33,0.01,56,63448,买盘
2037,11:10:57,11.32,--,17,19244,卖盘
2038,11:10:51,11.32,--,17,19244,卖盘
2039,11:10:48,11.32,-0.01,111,125652,卖盘
2040,11:10:42,11.33,--,17,19261,买盘
2041,11:10:39,11.33,--,27,30591,买盘
2042,11:10:36,11.33,--,61,69113,买盘
2043,11:10:30,11.33,0.01,35,39655,买盘
2044,11:10:27,11.32,--,119,134708,卖盘
2045,11:10:21,11.32,--,17,19244,卖盘
2046,11:10:18,11.32,-0.01,46,52072,卖盘
2047,11:10:15,11.33,--,9,10197,买盘
2048,11:10:06,11.33,0.01,81,92316,买盘
2049,11:10:03,11.32,--,80,90560,卖盘
2050,11:10:00,11.32,-0.01,62,70184,卖盘
2051,11:09:54,11.33,0.01,1,1133,买盘
2052,11:09:48,11.32,-0.01,50,56600,卖盘
2053,11:09:42,11.33,0.01,33,37389,买盘
2054,11:09:33,11.32,-0.01,163,184516,卖盘
2055,11:09:30,11.33,0.01,2,2266,买盘
2056,11:09:24,11.32,-0.01,1,1132,卖盘
2057,11:09:21,11.33,--,10,11330,买盘
2058,11:09:18,11.33,0.01,1,1133,买盘
2059,11:09:15,11.32,--,100,113200,卖盘
2060,11:09:12,11.32,-0.01,100,113200,卖盘
2061,11:09:09,11.33,0.02,119,134827,买盘
2062,11:09:03,11.31,--,99,111969,卖盘
2063,11:09:00,11.31,--,193,218283,卖盘
2064,11:08:57,11.31,-0.01,183,206973,卖盘
2065,11:08:54,11.32,--,60,67920,买盘
2066,11:08:48,11.32,--,193,218476,卖盘
2067,11:08:45,11.32,-0.01,116,131312,卖盘
2068,11:08:42,11.33,--,124,140492,卖盘
2069,11:08:39,11.33,--,30,33990,卖盘
2070,11:08:36,11.33,--,32,36256,卖盘
2071,11:08:33,11.33,--,69,78177,卖盘
2072,11:08:30,11.33,--,166,188078,卖盘
2073,11:08:27,11.33,--,1,1133,卖盘
2074,11:08:24,11.33,--,108,122364,卖盘
2075,11:08:21,11.33,--,6,6798,卖盘
2076,11:08:18,11.33,0.01,613,694529,买盘
2077,11:08:15,11.32,--,37,41884,卖盘
2078,11:08:12,11.32,--,37,41884,卖盘
2079,11:08:09,11.32,--,20,22640,卖盘
2080,11:08:06,11.32,--,61,69052,卖盘
2081,11:08:03,11.32,--,304,344128,卖盘
2082,11:08:00,11.32,--,8,9056,卖盘
2083,11:07:57,11.32,-0.01,8,9056,卖盘
2084,11:07:54,11.33,0.01,35,39655,买盘
2085,11:07:48,11.32,--,25,28300,卖盘
2086,11:07:45,11.32,-0.01,11,12452,卖盘
2087,11:07:42,11.33,--,25,28325,买盘
2088,11:07:39,11.33,0.01,6,6798,买盘
2089,11:07:36,11.32,--,14,15848,卖盘
2090,11:07:33,11.32,-0.01,290,328280,卖盘
2091,11:07:30,11.33,0.01,10,11330,买盘
2092,11:07:27,11.32,-0.01,15,16980,卖盘
2093,11:07:24,11.33,--,24,27192,买盘
2094,11:07:21,11.33,--,5,5665,买盘
2095,11:07:18,11.33,--,250,283250,买盘
2096,11:07:15,11.33,--,93,105369,买盘
2097,11:07:12,11.33,0.01,7,7931,买盘
2098,11:07:09,11.32,-0.01,20,22640,卖盘
2099,11:07:06,11.33,-0.01,94,106502,卖盘
2100,11:07:03,11.34,--,236,267624,买盘
2101,11:06:54,11.34,--,1,1134,买盘
2102,11:06:51,11.34,--,48,54432,买盘
2103,11:06:45,11.34,--,25,28350,买盘
2104,11:06:42,11.34,--,19,21546,买盘
2105,11:06:39,11.34,--,393,445662,买盘
2106,11:06:36,11.34,0.01,46,52164,买盘
2107,11:06:33,11.33,--,78,88374,卖盘
2108,11:06:30,11.33,--,22,24926,卖盘
2109,11:06:27,11.33,--,1,1133,卖盘
2110,11:06:24,11.33,--,177,200541,卖盘
2111,11:06:21,11.33,-0.01,292,330836,卖盘
2112,11:06:15,11.34,0.01,27,30618,买盘
2113,11:06:12,11.33,--,49,55517,卖盘
2114,11:06:09,11.33,--,10,11330,卖盘
2115,11:06:06,11.33,--,335,379555,卖盘
2116,11:06:03,11.33,--,121,137093,卖盘
2117,11:06:00,11.33,0.01,1198,1357334,买盘
2118,11:05:57,11.32,--,1,1132,卖盘
2119,11:05:45,11.32,-0.01,67,75844,卖盘
2120,11:05:39,11.33,--,17,19261,买盘
2121,11:05:36,11.33,--,100,113300,买盘
2122,11:05:33,11.33,0.01,26,29458,买盘
2123,11:05:30,11.32,--,16,18112,卖盘
2124,11:05:24,11.32,--,1,1132,卖盘
2125,11:05:21,11.32,--,76,86032,买盘
2126,11:05:15,11.32,--,109,123388,买盘
2127,11:05:12,11.32,--,89,100748,买盘
2128,11:05:09,11.32,0.01,1,1132,买盘
2129,11:05:06,11.31,-0.01,15,16965,卖盘
2130,11:05:03,11.32,--,81,91692,买盘
2131,11:05:00,11.32,--,17,19244,买盘
2132,11:04:54,11.32,--,6,6792,买盘
2133,11:04:51,11.32,--,32,36224,买盘
2134,11:04:48,11.32,0.01,68,76976,买盘
2135,11:04:42,11.31,-0.01,87,98397,卖盘
2136,11:04:39,11.32,0.01,26,29432,买盘
2137,11:04:33,11.31,-0.01,60,67860,卖盘
2138,11:04:30,11.32,0.01,10,11320,买盘
2139,11:04:24,11.31,--,24,27144,卖盘
2140,11:04:18,11.31,-0.01,90,101790,卖盘
2141,11:04:12,11.32,--,25,28300,买盘
2142,11:04:06,11.32,--,11,12452,买盘
2143,11:04:03,11.32,--,189,213948,买盘
2144,11:04:00,11.32,--,1,1132,买盘
2145,11:03:54,11.32,--,25,28300,买盘
2146,11:03:45,11.32,--,50,56600,买盘
2147,11:03:39,11.32,--,66,74712,买盘
2148,11:03:36,11.32,--,2,2264,买盘
2149,11:03:33,11.32,0.02,122,138104,买盘
2150,11:03:30,11.3,-0.02,26,29380,卖盘
2151,11:03:27,11.32,--,6,6792,卖盘
2152,11:03:21,11.32,0.02,31,35092,买盘
2153,11:03:12,11.3,--,111,126141,买盘
2154,11:03:06,11.3,--,126,142380,买盘
2155,11:03:03,11.3,-0.03,708,800458,卖盘
2156,11:03:00,11.33,0.01,20,22660,买盘
2157,11:02:57,11.32,-0.01,27,30564,卖盘
2158,11:02:54,11.33,--,10,11330,买盘
2159,11:02:51,11.33,0.01,66,74778,买盘
2160,11:02:48,11.32,--,12,13584,卖盘
2161,11:02:42,11.32,-0.01,17,19244,卖盘
2162,11:02:39,11.33,0.01,17,19261,买盘
2163,11:02:33,11.32,0.02,2010,2275580,买盘
2164,11:02:30,11.3,-0.01,49,55370,卖盘
2165,11:02:27,11.31,0.01,30,33930,买盘
2166,11:02:24,11.3,--,1,1130,卖盘
2167,11:02:21,11.3,--,17,19210,卖盘
2168,11:02:18,11.3,-0.01,111,125430,卖盘
2169,11:02:03,11.31,--,2,2262,买盘
2170,11:02:00,11.31,--,20,22620,买盘
2171,11:01:57,11.31,--,507,573417,买盘
2172,11:01:51,11.31,0.01,1,1131,买盘
2173,11:01:48,11.3,-0.01,42,47460,卖盘
2174,11:01:45,11.31,0.01,16,18096,买盘
2175,11:01:39,11.3,--,174,196620,卖盘
2176,11:01:36,11.3,-0.01,27,30510,卖盘
2177,11:01:33,11.31,0.01,19,21489,买盘
2178,11:01:30,11.3,--,55,62150,卖盘
2179,11:01:27,11.3,-0.01,10,11300,卖盘
2180,11:01:18,11.31,0.01,109,123279,买盘
2181,11:01:03,11.3,--,2,2260,卖盘
2182,11:01:00,11.3,--,2,2260,卖盘
2183,11:00:57,11.3,--,67,75710,卖盘
2184,11:00:54,11.3,--,17,19210,卖盘
2185,11:00:51,11.3,-0.01,13,14690,卖盘
2186,11:00:48,11.31,0.01,122,137982,买盘
2187,11:00:45,11.3,-0.01,67,75710,卖盘
2188,11:00:42,11.31,0.01,1,1131,买盘
2189,11:00:39,11.3,--,10,11300,卖盘
2190,11:00:36,11.3,--,5,5650,卖盘
2191,11:00:33,11.3,--,17,19210,卖盘
2192,11:00:30,11.3,--,16,18080,卖盘
2193,11:00:27,11.3,--,12,13560,卖盘
2194,11:00:24,11.3,--,85,96050,卖盘
2195,11:00:21,11.3,--,59,66670,卖盘
2196,11:00:15,11.3,-0.01,285,322050,卖盘
2197,11:00:12,11.31,--,15,16965,买盘
2198,11:00:09,11.31,0.01,77,87087,买盘
2199,11:00:03,11.3,--,12,13560,卖盘
2200,11:00:00,11.3,-0.01,18,20340,卖盘
2201,10:59:57,11.31,--,62,70122,买盘
2202,10:59:54,11.31,0.01,5,5655,买盘
2203,10:59:51,11.3,--,40,45200,卖盘
2204,10:59:48,11.3,--,85,96050,卖盘
2205,10:59:45,11.3,--,183,206790,卖盘
2206,10:59:42,11.3,-0.01,268,302840,卖盘
2207,10:59:39,11.31,0.01,71,80301,买盘
2208,10:59:36,11.3,-0.01,50,56500,卖盘
2209,10:59:33,11.31,--,16,18096,买盘
2210,10:59:30,11.31,--,17,19227,买盘
2211,10:59:27,11.31,--,1,1131,买盘
2212,10:59:21,11.31,0.01,110,124410,买盘
2213,10:59:18,11.3,-0.01,269,303970,卖盘
2214,10:59:15,11.31,--,8,9048,买盘
2215,10:59:12,11.31,0.01,80,90480,买盘
2216,10:59:03,11.3,-0.01,106,119780,卖盘
2217,10:59:00,11.31,0.01,18,20358,买盘
2218,10:58:57,11.3,-0.01,53,60342,卖盘
2219,10:58:54,11.31,--,10,11310,买盘
2220,10:58:51,11.31,--,200,226200,买盘
2221,10:58:48,11.31,--,112,126672,买盘
2222,10:58:42,11.31,--,1,1131,买盘
2223,10:58:39,11.31,0.01,32,36192,买盘
2224,10:58:36,11.3,--,90,101700,卖盘
2225,10:58:33,11.3,-0.01,95,107350,卖盘
2226,10:58:30,11.31,--,2,2262,买盘
2227,10:58:27,11.31,0.01,61,68991,买盘
2228,10:58:24,11.3,--,1,1130,卖盘
2229,10:58:18,11.3,-0.01,150,169500,卖盘
2230,10:58:15,11.31,--,37,41847,买盘
2231,10:58:12,11.31,0.01,131,148161,买盘
2232,10:58:03,11.3,--,108,122040,卖盘
2233,10:58:00,11.3,-0.01,50,56500,卖盘
2234,10:57:57,11.31,--,50,56550,买盘
2235,10:57:54,11.31,0.01,14,15834,买盘
2236,10:57:48,11.3,-0.01,108,122040,卖盘
2237,10:57:42,11.31,--,40,45240,买盘
2238,10:57:39,11.31,--,51,57681,买盘
2239,10:57:36,11.31,0.01,40,45240,买盘
2240,10:57:33,11.3,-0.01,43,48590,卖盘
2241,10:57:27,11.31,0.01,38,42978,买盘
2242,10:57:24,11.3,--,81,91530,买盘
2243,10:57:21,11.3,--,13,14690,买盘
2244,10:57:18,11.3,--,23,25990,卖盘
2245,10:57:12,11.3,-0.01,10,11300,卖盘
2246,10:57:09,11.31,0.01,13,14703,买盘
2247,10:57:06,11.3,--,29,32770,买盘
2248,10:57:03,11.3,--,1,1130,卖盘
2249,10:57:00,11.3,--,61,68930,买盘
2250,10:56:57,11.3,0.01,60,67800,买盘
2251,10:56:54,11.29,-0.01,30,33870,卖盘
2252,10:56:51,11.3,--,52,58760,买盘
2253,10:56:48,11.3,0.01,110,124300,买盘
2254,10:56:45,11.29,-0.01,17,19193,卖盘
2255,10:56:42,11.3,--,68,76840,买盘
2256,10:56:39,11.3,--,19,21470,买盘
2257,10:56:33,11.3,--,1,1130,买盘
2258,10:56:30,11.3,--,3,3390,买盘
2259,10:56:27,11.3,0.01,112,126560,买盘
2260,10:56:24,11.29,-0.01,11,12418,卖盘
2261,10:56:21,11.3,0.01,6,6780,买盘
2262,10:56:18,11.29,--,56,63223,卖盘
2263,10:56:12,11.29,--,15,16935,卖盘
2264,10:56:09,11.29,-0.01,10,11290,卖盘
2265,10:56:03,11.3,--,21,23730,买盘
2266,10:56:00,11.3,--,35,39550,买盘
2267,10:55:57,11.3,0.01,32,36160,买盘
2268,10:55:51,11.29,-0.01,10,11290,卖盘
2269,10:55:48,11.3,0.01,17,19210,买盘
2270,10:55:45,11.29,--,27,30482,卖盘
2271,10:55:42,11.29,-0.01,62,69998,卖盘
2272,10:55:39,11.3,0.01,47,53110,买盘
2273,10:55:36,11.29,--,29,32740,卖盘
2274,10:55:33,11.29,-0.01,111,125318,卖盘
2275,10:55:30,11.3,0.01,7,7910,买盘
2276,10:55:27,11.29,--,128,144512,卖盘
2277,10:55:24,11.29,--,31,34999,卖盘
2278,10:55:21,11.29,--,10,11290,卖盘
2279,10:55:18,11.29,-0.01,10,11290,卖盘
2280,10:55:15,11.3,--,28,31640,买盘
2281,10:55:12,11.3,--,30,33900,买盘
2282,10:55:09,11.3,--,36,40680,买盘
2283,10:55:06,11.3,0.01,69,77970,买盘
2284,10:55:03,11.29,-0.01,10,11290,卖盘
2285,10:55:00,11.3,--,4,4520,买盘
2286,10:54:57,11.3,--,62,70060,买盘
2287,10:54:54,11.3,--,10,11300,买盘
2288,10:54:51,11.3,0.01,234,264420,买盘
2289,10:54:48,11.29,-0.01,55,62094,卖盘
2290,10:54:45,11.3,-0.01,7,7910,卖盘
2291,10:54:39,11.31,0.02,67,75777,买盘
2292,10:54:36,11.29,-0.01,916,1034660,卖盘
2293,10:54:33,11.3,--,30,33900,买盘
2294,10:54:30,11.3,0.01,1015,1146950,买盘
2295,10:54:27,11.29,--,1,1129,卖盘
2296,10:54:24,11.29,--,18,20322,卖盘
2297,10:54:15,11.29,-0.01,23,25966,卖盘
2298,10:54:09,11.3,--,10,11300,买盘
2299,10:54:03,11.3,--,4,4520,买盘
2300,10:54:00,11.3,0.01,32,36160,买盘
2301,10:53:57,11.29,--,16,18064,卖盘
2302,10:53:54,11.29,--,117,132093,卖盘
2303,10:53:48,11.29,--,593,669519,买盘
2304,10:53:45,11.29,--,119,134351,买盘
2305,10:53:42,11.29,--,101,114028,买盘
2306,10:53:36,11.29,0.01,26,29353,买盘
2307,10:53:33,11.28,-0.01,16,18048,卖盘
2308,10:53:30,11.29,0.01,57,64352,买盘
2309,10:53:24,11.28,--,11,12408,卖盘
2310,10:53:18,11.28,-0.01,3,3384,卖盘
2311,10:53:15,11.29,0.01,435,491114,买盘
2312,10:53:12,11.28,--,30,33840,卖盘
2313,10:53:09,11.28,--,43,48504,卖盘
2314,10:53:06,11.28,-0.01,5,5640,卖盘
2315,10:53:03,11.29,--,21,23709,买盘
2316,10:53:00,11.29,--,11,12418,买盘
2317,10:52:45,11.29,0.01,23,25966,买盘
2318,10:52:39,11.28,-0.01,2,2256,卖盘
2319,10:52:36,11.29,--,17,19193,买盘
2320,10:52:30,11.29,0.01,7,7902,买盘
2321,10:52:27,11.28,-0.01,5,5640,卖盘
2322,10:52:24,11.29,--,34,38386,买盘
2323,10:52:21,11.29,--,60,67740,买盘
2324,10:52:15,11.29,--,44,49675,买盘
2325,10:52:12,11.29,0.01,20,22580,买盘
2326,10:52:06,11.28,-0.01,17,19176,卖盘
2327,10:52:03,11.29,0.01,371,418858,买盘
2328,10:52:00,11.28,--,59,66552,卖盘
2329,10:51:51,11.28,-0.01,136,153408,卖盘
2330,10:51:48,11.29,0.01,20,22580,买盘
2331,10:51:42,11.28,-0.01,86,97008,卖盘
2332,10:51:39,11.29,0.01,9,10161,买盘
2333,10:51:33,11.28,-0.01,51,57528,卖盘
2334,10:51:30,11.29,0.01,3,3386,买盘
2335,10:51:27,11.28,--,4,4512,卖盘
2336,10:51:24,11.28,-0.01,10,11280,卖盘
2337,10:51:21,11.29,0.01,10,11290,买盘
2338,10:51:18,11.28,--,17,19176,卖盘
2339,10:51:15,11.28,--,8,9024,卖盘
2340,10:51:12,11.28,-0.01,19,21432,卖盘
2341,10:51:09,11.29,--,2,2258,买盘
2342,10:51:06,11.29,0.01,23,25966,买盘
2343,10:51:03,11.28,--,102,115056,卖盘
2344,10:51:00,11.28,--,202,227856,卖盘
2345,10:50:57,11.28,--,77,86856,卖盘
2346,10:50:54,11.28,--,53,59784,卖盘
2347,10:50:51,11.28,--,46,51888,卖盘
2348,10:50:48,11.28,--,44,49632,卖盘
2349,10:50:45,11.28,-0.01,44,49632,卖盘
2350,10:50:39,11.29,--,8,9032,买盘
2351,10:50:36,11.29,--,12,13547,买盘
2352,10:50:30,11.29,0.01,3,3386,买盘
2353,10:50:27,11.28,--,66,74448,卖盘
2354,10:50:24,11.28,--,1,1128,卖盘
2355,10:50:18,11.28,--,31,34968,卖盘
2356,10:50:15,11.28,--,9,10152,卖盘
2357,10:50:12,11.28,-0.01,50,56400,卖盘
2358,10:50:03,11.29,--,10,11290,买盘
2359,10:50:00,11.29,0.01,17,19193,买盘
2360,10:49:57,11.28,-0.01,17,19176,卖盘
2361,10:49:54,11.29,0.01,31,34999,买盘
2362,10:49:51,11.28,-0.01,66,74448,卖盘
2363,10:49:45,11.29,--,3,3386,买盘
2364,10:49:36,11.29,0.01,27,30482,买盘
2365,10:49:33,11.28,--,46,51888,卖盘
2366,10:49:30,11.28,--,110,124080,卖盘
2367,10:49:27,11.28,-0.01,66,74448,卖盘
2368,10:49:24,11.29,--,10,11290,买盘
2369,10:49:21,11.29,--,32,36128,买盘
2370,10:49:18,11.29,0.01,50,56449,买盘
2371,10:49:15,11.28,--,975,1099800,卖盘
2372,10:49:12,11.28,--,55,62040,卖盘
2373,10:49:09,11.28,-0.01,34,38352,卖盘
2374,10:49:03,11.29,--,12,13547,买盘
2375,10:49:00,11.29,0.01,16,18064,买盘
2376,10:48:57,11.28,-0.01,18,20304,卖盘
2377,10:48:54,11.29,0.01,28,31611,买盘
2378,10:48:51,11.28,--,11,12408,卖盘
2379,10:48:48,11.28,--,186,209808,卖盘
2380,10:48:45,11.28,-0.01,6,6768,卖盘
2381,10:48:39,11.29,--,22,24837,买盘
2382,10:48:33,11.29,--,8,9032,买盘
2383,10:48:30,11.29,0.01,3,3386,买盘
2384,10:48:27,11.28,-0.01,190,214320,卖盘
2385,10:48:24,11.29,--,2,2258,买盘
2386,10:48:21,11.29,0.01,27,30482,买盘
2387,10:48:18,11.28,-0.01,9,10152,卖盘
2388,10:48:15,11.29,--,10,11290,买盘
2389,10:48:12,11.29,--,3,3386,买盘
2390,10:48:09,11.29,0.01,9,10161,买盘
2391,10:48:06,11.28,-0.01,77,86856,卖盘
2392,10:48:03,11.29,--,7,7902,买盘
2393,10:48:00,11.29,0.01,5,5645,买盘
2394,10:47:57,11.28,--,17,19176,卖盘
2395,10:47:51,11.28,-0.01,33,37224,卖盘
2396,10:47:42,11.29,0.01,117,132093,买盘
2397,10:47:36,11.28,--,47,53016,卖盘
2398,10:47:33,11.28,-0.01,17,19176,卖盘
2399,10:47:30,11.29,0.01,6,6773,买盘
2400,10:47:27,11.28,-0.01,30,33840,卖盘
2401,10:47:24,11.29,--,200,225799,买盘
2402,10:47:21,11.29,--,13,14676,买盘
2403,10:47:18,11.29,--,5,5645,买盘
2404,10:47:15,11.29,0.01,63,71127,买盘
2405,10:47:12,11.28,-0.01,17,19176,卖盘
2406,10:47:09,11.29,--,1,1129,买盘
2407,10:47:06,11.29,--,71,80159,买盘
2408,10:47:03,11.29,--,42,47418,买盘
2409,10:47:00,11.29,--,39,44031,买盘
2410,10:46:48,11.29,0.01,50,56449,买盘
2411,10:46:45,11.28,--,30,33840,卖盘
2412,10:46:39,11.28,-0.01,17,19176,卖盘
2413,10:46:33,11.29,0.01,49,55320,买盘
2414,10:46:30,11.28,--,63,71064,卖盘
2415,10:46:27,11.28,--,34,38352,卖盘
2416,10:46:24,11.28,--,2,2256,卖盘
2417,10:46:21,11.28,--,4,4512,买盘
2418,10:46:18,11.28,--,47,53016,卖盘
2419,10:46:15,11.28,--,28,31584,买盘
2420,10:46:12,11.28,--,40,45120,买盘
2421,10:46:09,11.28,--,7,7896,买盘
2422,10:46:06,11.28,--,11,12408,买盘
2423,10:46:03,11.28,-0.01,71,80088,卖盘
2424,10:46:00,11.29,0.01,21,23709,买盘
2425,10:45:54,11.28,--,12,13536,卖盘
2426,10:45:51,11.28,--,28,31584,卖盘
2427,10:45:48,11.28,--,17,19176,中性盘
2428,10:45:45,11.28,0.01,10,11280,卖盘
2429,10:45:42,11.27,-0.01,17,19159,卖盘
2430,10:45:39,11.28,--,2,2256,买盘
2431,10:45:36,11.28,--,28,31584,卖盘
2432,10:45:33,11.28,--,153,172584,卖盘
2433,10:45:27,11.28,--,1,1128,卖盘
2434,10:45:24,11.28,--,42,47376,卖盘
2435,10:45:15,11.28,0.01,370,417360,买盘
2436,10:45:12,11.27,-0.01,8,9016,卖盘
2437,10:45:06,11.28,--,40,45120,买盘
2438,10:45:00,11.28,--,8,9024,买盘
2439,10:44:57,11.28,--,16,18048,买盘
2440,10:44:48,11.28,--,143,161304,买盘
2441,10:44:42,11.28,0.01,215,242520,买盘
2442,10:44:24,11.27,--,51,57477,卖盘
2443,10:44:18,11.27,-0.01,30,33810,卖盘
2444,10:44:15,11.28,--,21,23688,买盘
2445,10:44:12,11.28,--,17,19176,买盘
2446,10:44:06,11.28,0.01,11,12408,买盘
2447,10:44:03,11.27,-0.01,30,33810,卖盘
2448,10:43:57,11.28,--,33,37224,买盘
2449,10:43:54,11.28,0.01,77,86856,买盘
2450,10:43:42,11.27,--,40,45080,买盘
2451,10:43:39,11.27,--,3,3381,买盘
2452,10:43:36,11.27,--,19,21413,买盘
2453,10:43:33,11.27,--,20,22540,买盘
2454,10:43:30,11.27,--,8,9016,买盘
2455,10:43:27,11.27,--,62,69874,买盘
2456,10:43:21,11.27,0.01,5,5635,买盘
2457,10:43:18,11.26,-0.01,17,19142,卖盘
2458,10:43:15,11.27,--,53,59731,买盘
2459,10:43:12,11.27,--,27,30429,买盘
2460,10:43:09,11.27,--,100,112700,买盘
2461,10:43:06,11.27,--,10,11270,买盘
2462,10:42:57,11.27,--,176,198352,买盘
2463,10:42:54,11.27,0.01,47,52969,买盘
2464,10:42:51,11.26,-0.01,26,29276,卖盘
2465,10:42:48,11.27,--,53,59731,买盘
2466,10:42:42,11.27,--,41,46207,买盘
2467,10:42:36,11.27,--,33,37191,买盘
2468,10:42:33,11.27,--,390,439530,买盘
2469,10:42:24,11.27,0.01,92,103684,买盘
2470,10:42:21,11.26,-0.01,50,56300,卖盘
2471,10:42:18,11.27,0.01,55,61985,买盘
2472,10:42:15,11.26,-0.01,9,10134,卖盘
2473,10:42:12,11.27,0.01,285,321195,买盘
2474,10:42:03,11.26,-0.01,17,19142,卖盘
2475,10:41:57,11.27,0.01,37,41699,买盘
2476,10:41:54,11.26,--,15,16890,卖盘
2477,10:41:48,11.26,--,17,19142,卖盘
2478,10:41:45,11.26,--,42,47292,买盘
2479,10:41:42,11.26,--,30,33780,买盘
2480,10:41:39,11.26,--,55,61930,买盘
2481,10:41:36,11.26,--,14,15764,买盘
2482,10:41:33,11.26,-0.01,28,31528,卖盘
2483,10:41:30,11.27,0.01,43,48461,买盘
2484,10:41:27,11.26,--,2,2252,卖盘
2485,10:41:24,11.26,--,15,16890,卖盘
2486,10:41:21,11.26,--,50,56300,卖盘
2487,10:41:18,11.26,--,15,16890,卖盘
2488,10:41:15,11.26,0.01,16,18016,买盘
2489,10:41:12,11.25,-0.01,43,48375,卖盘
2490,10:41:09,11.26,--,20,22520,卖盘
2491,10:41:06,11.26,--,17,19142,卖盘
2492,10:41:03,11.26,--,68,76568,卖盘
2493,10:41:00,11.26,--,70,78820,卖盘
2494,10:40:57,11.26,0.01,25,28150,买盘
2495,10:40:54,11.25,-0.01,15,16875,卖盘
2496,10:40:51,11.26,0.01,148,166648,买盘
2497,10:40:48,11.25,-0.01,15,16875,卖盘
2498,10:40:45,11.26,--,20,22520,买盘
2499,10:40:42,11.26,--,31,34906,买盘
2500,10:40:39,11.26,--,48,54048,买盘
2501,10:40:36,11.26,0.01,66,74316,买盘
2502,10:40:33,11.25,--,163,183375,卖盘
2503,10:40:30,11.25,--,203,228375,卖盘
2504,10:40:27,11.25,--,38,42750,卖盘
2505,10:40:24,11.25,-0.01,15,16875,卖盘
2506,10:40:18,11.26,--,18,20268,买盘
2507,10:40:15,11.26,--,4,4504,买盘
2508,10:40:12,11.26,-0.01,33,37158,卖盘
2509,10:40:00,11.27,0.01,21,23667,买盘
2510,10:39:57,11.26,--,181,203806,买盘
2511,10:39:51,11.26,--,27,30402,买盘
2512,10:39:48,11.26,--,33,37158,买盘
2513,10:39:36,11.26,--,30,33780,买盘
2514,10:39:30,11.26,--,14,15764,买盘
2515,10:39:27,11.26,--,10,11260,买盘
2516,10:39:24,11.26,--,215,242090,卖盘
2517,10:39:21,11.26,-0.01,16,18016,卖盘
2518,10:39:15,11.27,--,114,128478,买盘
2519,10:39:12,11.27,0.01,6,6762,买盘
2520,10:39:09,11.26,--,19,21394,卖盘
2521,10:39:06,11.26,--,20,22520,卖盘
2522,10:39:03,11.26,-0.01,31,34906,卖盘
2523,10:39:00,11.27,--,219,246813,买盘
2524,10:38:57,11.27,--,5,5635,买盘
2525,10:38:54,11.27,0.01,427,481229,买盘
2526,10:38:48,11.26,--,18,20268,卖盘
2527,10:38:45,11.26,--,8,9008,卖盘
2528,10:38:42,11.26,--,8,9008,卖盘
2529,10:38:39,11.26,--,29,32654,卖盘
2530,10:38:36,11.26,-0.01,102,114852,卖盘
2531,10:38:33,11.27,0.01,1,1127,买盘
2532,10:38:27,11.26,--,352,396352,卖盘
2533,10:38:24,11.26,--,24,27024,卖盘
2534,10:38:21,11.26,-0.01,18,20268,卖盘
2535,10:38:18,11.27,0.01,7,7889,买盘
2536,10:38:15,11.26,--,80,90080,卖盘
2537,10:38:12,11.26,-0.01,30,33780,卖盘
2538,10:38:09,11.27,0.01,198,223146,买盘
2539,10:38:06,11.26,--,30,33780,卖盘
2540,10:38:03,11.26,--,107,120482,卖盘
2541,10:38:00,11.26,-0.01,50,56300,卖盘
2542,10:37:57,11.27,0.01,10,11270,买盘
2543,10:37:51,11.26,--,20,22520,卖盘
2544,10:37:45,11.26,--,2,2252,卖盘
2545,10:37:42,11.26,-0.01,17,19142,卖盘
2546,10:37:39,11.27,0.01,21,23667,买盘
2547,10:37:36,11.26,--,45,50670,卖盘
2548,10:37:27,11.26,-0.01,31,34906,卖盘
2549,10:37:24,11.27,--,41,46207,买盘
2550,10:37:18,11.27,0.01,33,37191,买盘
2551,10:37:12,11.26,--,113,127238,买盘
2552,10:37:03,11.26,--,22,24772,买盘
2553,10:37:00,11.26,--,92,103592,买盘
2554,10:36:57,11.26,--,5,5630,买盘
2555,10:36:54,11.26,--,56,63056,买盘
2556,10:36:51,11.26,--,1,1126,买盘
2557,10:36:48,11.26,--,101,113726,买盘
2558,10:36:42,11.26,--,5,5630,买盘
2559,10:36:39,11.26,--,32,36032,买盘
2560,10:36:36,11.26,--,21,23646,买盘
2561,10:36:33,11.26,--,42,47292,买盘
2562,10:36:30,11.26,--,48,54048,买盘
2563,10:36:27,11.26,--,5,5630,买盘
2564,10:36:24,11.26,--,52,58552,买盘
2565,10:36:21,11.26,--,28,31528,买盘
2566,10:36:18,11.26,--,10,11260,买盘
2567,10:36:15,11.26,0.01,27,30402,买盘
2568,10:36:12,11.25,-0.01,1,1125,卖盘
2569,10:36:03,11.26,--,68,76568,买盘
2570,10:36:00,11.26,--,22,24772,买盘
2571,10:35:57,11.26,--,10,11260,买盘
2572,10:35:54,11.26,0.01,1,1126,买盘
2573,10:35:51,11.25,-0.01,47,52875,卖盘
2574,10:35:48,11.26,--,10,11260,买盘
2575,10:35:45,11.26,0.01,12,13512,买盘
2576,10:35:42,11.25,-0.01,10,11250,卖盘
2577,10:35:39,11.26,--,73,82198,买盘
2578,10:35:36,11.26,0.01,1,1126,买盘
2579,10:35:33,11.25,-0.01,92,103500,卖盘
2580,10:35:30,11.26,--,3,3378,买盘
2581,10:35:27,11.26,0.01,10,11260,买盘
2582,10:35:24,11.25,--,47,52875,卖盘
2583,10:35:09,11.25,0.01,16,18000,中性盘
2584,10:35:03,11.24,-0.02,16,17984,卖盘
2585,10:35:00,11.26,0.02,4,4504,买盘
2586,10:34:57,11.24,--,54,60696,卖盘
2587,10:34:54,11.24,-0.01,42,47208,卖盘
2588,10:34:51,11.25,--,5,5625,买盘
2589,10:34:48,11.25,--,43,48375,买盘
2590,10:34:45,11.25,--,132,148500,买盘
2591,10:34:39,11.25,--,3,3375,买盘
2592,10:34:30,11.25,0.01,30,33750,中性盘
2593,10:34:27,11.24,--,1,1124,卖盘
2594,10:34:24,11.24,-0.01,109,122516,卖盘
2595,10:34:21,11.25,--,17,19125,卖盘
2596,10:34:15,11.25,0.01,20,22500,中性盘
2597,10:34:06,11.24,-0.02,142,159608,卖盘
2598,10:34:03,11.26,--,10,11260,买盘
2599,10:34:00,11.26,0.01,83,93458,买盘
2600,10:33:54,11.25,-0.01,83,93375,卖盘
2601,10:33:48,11.26,0.01,19,21394,买盘
2602,10:33:39,11.25,--,42,47250,卖盘
2603,10:33:33,11.25,-0.01,23,25875,卖盘
2604,10:33:30,11.26,0.01,10,11260,买盘
2605,10:33:27,11.25,--,15,16875,卖盘
2606,10:33:24,11.25,-0.02,184,207000,卖盘
2607,10:33:21,11.27,0.02,62,69874,买盘
2608,10:33:18,11.25,-0.01,15,16875,卖盘
2609,10:33:15,11.26,--,2,2252,买盘
2610,10:33:12,11.26,-0.01,67,75442,卖盘
2611,10:33:09,11.27,0.01,53,59731,买盘
2612,10:33:06,11.26,--,91,102466,卖盘
2613,10:33:03,11.26,--,17,19142,卖盘
2614,10:33:00,11.26,--,189,212814,卖盘
2615,10:32:57,11.26,--,72,81072,卖盘
2616,10:32:54,11.26,-0.01,42,47292,卖盘
2617,10:32:51,11.27,0.01,17,19159,买盘
2618,10:32:48,11.26,--,31,34906,卖盘
2619,10:32:45,11.26,--,17,19142,卖盘
2620,10:32:42,11.26,-0.01,15,16890,卖盘
2621,10:32:39,11.27,--,25,28175,买盘
2622,10:32:33,11.27,--,31,35027,卖盘
2623,10:32:27,11.27,--,71,80017,卖盘
2624,10:32:24,11.27,--,32,36064,卖盘
2625,10:32:21,11.27,--,235,264845,卖盘
2626,10:32:18,11.27,--,48,54096,卖盘
2627,10:32:15,11.27,--,215,242305,卖盘
2628,10:32:09,11.27,--,15,16905,卖盘
2629,10:32:06,11.27,--,50,56350,卖盘
2630,10:32:03,11.27,--,33,37191,卖盘
2631,10:32:00,11.27,--,16,18032,卖盘
2632,10:31:57,11.27,--,4,4508,卖盘
2633,10:31:54,11.27,--,32,36064,卖盘
2634,10:31:51,11.27,-0.01,59,66493,卖盘
2635,10:31:48,11.28,--,42,47376,买盘
2636,10:31:42,11.28,0.01,2,2256,买盘
2637,10:31:39,11.27,--,34,38318,卖盘
2638,10:31:33,11.27,--,10,11270,卖盘
2639,10:31:30,11.27,--,114,128478,卖盘
2640,10:31:27,11.27,-0.01,13,14651,卖盘
2641,10:31:15,11.28,0.01,55,62040,买盘
2642,10:31:06,11.27,--,191,215257,卖盘
2643,10:31:03,11.27,--,19,21413,卖盘
2644,10:30:57,11.27,-0.01,6,6762,卖盘
2645,10:30:54,11.28,0.01,27,30456,买盘
2646,10:30:51,11.27,-0.01,273,307671,卖盘
2647,10:30:48,11.28,0.01,916,1033247,买盘
2648,10:30:45,11.27,--,17,19159,卖盘
2649,10:30:42,11.27,--,67,75509,卖盘
2650,10:30:39,11.27,-0.01,130,146510,卖盘
2651,10:30:36,11.28,0.01,508,574061,买盘
2652,10:30:33,11.27,-0.01,16,18032,卖盘
2653,10:30:30,11.28,0.01,2,2256,买盘
2654,10:30:24,11.27,-0.01,16,18032,卖盘
2655,10:30:21,11.28,--,20,22560,买盘
2656,10:30:18,11.28,--,13,14664,买盘
2657,10:30:15,11.28,--,62,69936,买盘
2658,10:30:06,11.28,0.01,8,9024,买盘
2659,10:30:03,11.27,-0.01,3,3381,卖盘
2660,10:30:00,11.28,--,25,28200,买盘
2661,10:29:57,11.28,0.01,20,22560,买盘
2662,10:29:51,11.27,--,39,43953,卖盘
2663,10:29:45,11.27,-0.01,30,33810,卖盘
2664,10:29:42,11.28,--,1,1128,买盘
2665,10:29:33,11.28,0.01,62,69936,买盘
2666,10:29:30,11.27,0.01,281,316687,买盘
2667,10:29:27,11.26,-0.01,1,1126,卖盘
2668,10:29:24,11.27,--,45,50715,买盘
2669,10:29:21,11.27,--,205,231035,买盘
2670,10:29:18,11.27,0.01,35,39445,买盘
2671,10:29:15,11.26,--,113,127238,卖盘
2672,10:29:06,11.26,--,187,210562,卖盘
2673,10:29:03,11.26,0.01,1039,1169914,买盘
2674,10:29:00,11.25,--,83,93375,卖盘
2675,10:28:57,11.25,--,18,20250,卖盘
2676,10:28:54,11.25,-0.01,95,106875,卖盘
2677,10:28:51,11.26,0.01,24,27024,买盘
2678,10:28:48,11.25,-0.01,106,119250,卖盘
2679,10:28:45,11.26,--,5,5630,买盘
2680,10:28:42,11.26,--,11,12386,买盘
2681,10:28:36,11.26,--,10,11260,买盘
2682,10:28:33,11.26,0.01,62,69812,买盘
2683,10:28:30,11.25,-0.01,544,612000,卖盘
2684,10:28:27,11.26,0.01,5,5630,买盘
2685,10:28:24,11.25,--,55,61875,卖盘
2686,10:28:21,11.25,--,17,19125,卖盘
2687,10:28:18,11.25,--,17,19125,卖盘
2688,10:28:15,11.25,--,17,19125,卖盘
2689,10:28:09,11.25,-0.01,73,82125,买盘
2690,10:28:06,11.26,--,138,155388,买盘
2691,10:28:03,11.26,0.02,192,216192,买盘
2692,10:27:57,11.24,-0.01,6,6744,卖盘
2693,10:27:54,11.25,0.01,9,10125,买盘
2694,10:27:48,11.24,-0.01,12,13488,卖盘
2695,10:27:45,11.25,--,21,23625,买盘
2696,10:27:42,11.25,--,10,11250,买盘
2697,10:27:39,11.25,--,6,6750,卖盘
2698,10:27:36,11.25,--,50,56250,卖盘
2699,10:27:33,11.25,-0.01,2,2250,卖盘
2700,10:27:30,11.26,0.01,21,23646,买盘
2701,10:27:27,11.25,-0.01,17,19125,卖盘
2702,10:27:21,11.26,--,28,31528,买盘
2703,10:27:18,11.26,0.01,53,59678,买盘
2704,10:27:15,11.25,-0.01,6,6750,卖盘
2705,10:27:06,11.26,0.01,63,70938,买盘
2706,10:27:03,11.25,--,2,2250,卖盘
2707,10:26:57,11.25,-0.01,4,4500,卖盘
2708,10:26:51,11.26,--,1,1126,买盘
2709,10:26:42,11.26,0.01,11,12386,买盘
2710,10:26:39,11.25,0.01,10,11250,中性盘
2711,10:26:36,11.24,-0.02,16,17984,卖盘
2712,10:26:33,11.26,--,33,37158,买盘
2713,10:26:30,11.26,0.01,45,50670,买盘
2714,10:26:27,11.25,-0.01,20,22500,卖盘
2715,10:26:15,11.26,--,81,91206,买盘
2716,10:26:09,11.26,--,23,25898,买盘
2717,10:26:06,11.26,--,40,45040,买盘
2718,10:26:00,11.26,0.01,3,3378,买盘
2719,10:25:57,11.25,--,34,38250,卖盘
2720,10:25:54,11.25,--,3,3375,卖盘
2721,10:25:51,11.25,--,11,12375,买盘
2722,10:25:45,11.25,-0.01,245,275625,中性盘
2723,10:25:39,11.26,0.01,57,64182,买盘
2724,10:25:33,11.25,--,18,20250,买盘
2725,10:25:30,11.25,--,25,28125,买盘
2726,10:25:27,11.25,--,60,67500,买盘
2727,10:25:24,11.25,--,71,79875,买盘
2728,10:25:21,11.25,--,23,25875,买盘
2729,10:25:18,11.25,0.01,10,11250,买盘
2730,10:25:15,11.24,-0.01,47,52828,卖盘
2731,10:25:12,11.25,--,36,40500,买盘
2732,10:25:03,11.25,--,10,11250,买盘
2733,10:24:57,11.25,0.01,64,72000,买盘
2734,10:24:54,11.24,0.01,52,58448,买盘
2735,10:24:51,11.23,-0.01,92,103316,卖盘
2736,10:24:48,11.24,0.01,1,1124,买盘
2737,10:24:45,11.23,-0.01,17,19091,卖盘
2738,10:24:42,11.24,--,2,2248,买盘
2739,10:24:39,11.24,--,20,22480,买盘
2740,10:24:36,11.24,--,47,52828,买盘
2741,10:24:33,11.24,0.01,16,17984,买盘
2742,10:24:30,11.23,-0.01,16,17968,卖盘
2743,10:24:27,11.24,--,38,42712,买盘
2744,10:24:24,11.24,--,41,46084,买盘
2745,10:24:21,11.24,0.01,97,109028,买盘
2746,10:24:18,11.23,-0.01,83,93209,卖盘
2747,10:24:15,11.24,--,75,84300,买盘
2748,10:24:12,11.24,0.01,139,156236,买盘
2749,10:24:09,11.23,-0.01,44,49412,卖盘
2750,10:24:06,11.24,0.01,36,40464,买盘
2751,10:24:03,11.23,-0.01,44,49412,卖盘
2752,10:24:00,11.24,0.01,51,57324,买盘
2753,10:23:57,11.23,--,154,172942,买盘
2754,10:23:54,11.23,--,6,6738,买盘
2755,10:23:51,11.23,--,40,44920,买盘
2756,10:23:48,11.23,--,52,58396,买盘
2757,10:23:45,11.23,0.01,148,166204,买盘
2758,10:23:42,11.22,-0.01,286,320892,卖盘
2759,10:23:39,11.23,--,363,407649,买盘
2760,10:23:36,11.23,0.01,137,153851,买盘
2761,10:23:33,11.22,--,256,287232,卖盘
2762,10:23:30,11.22,--,12,13464,卖盘
2763,10:23:27,11.22,-0.01,1,1122,卖盘
2764,10:23:24,11.23,0.01,8,8984,买盘
2765,10:23:21,11.22,--,127,142494,卖盘
2766,10:23:18,11.22,--,130,145860,卖盘
2767,10:23:15,11.22,-0.01,790,886380,卖盘
2768,10:23:12,11.23,--,53,59519,买盘
2769,10:23:09,11.23,0.01,93,104439,买盘
2770,10:23:06,11.22,-0.01,48,53856,卖盘
2771,10:23:00,11.23,0.01,79,88717,买盘
2772,10:22:57,11.22,--,15,16830,卖盘
2773,10:22:54,11.22,--,70,78540,卖盘
2774,10:22:51,11.22,--,56,62832,卖盘
2775,10:22:48,11.22,--,1,1122,卖盘
2776,10:22:45,11.22,--,39,43758,卖盘
2777,10:22:42,11.22,-0.01,61,68442,卖盘
2778,10:22:39,11.23,--,291,326793,买盘
2779,10:22:36,11.23,--,160,179680,买盘
2780,10:22:33,11.23,0.01,262,294226,买盘
2781,10:22:30,11.22,--,114,127908,买盘
2782,10:22:27,11.22,--,357,400554,买盘
2783,10:22:24,11.22,--,105,117810,买盘
2784,10:22:21,11.22,--,106,118932,买盘
2785,10:22:18,11.22,--,392,439824,卖盘
2786,10:22:12,11.22,--,106,118932,卖盘
2787,10:22:09,11.22,--,59,66198,卖盘
2788,10:22:06,11.22,-0.01,66,74052,卖盘
2789,10:22:03,11.23,0.01,321,360483,买盘
2790,10:22:00,11.22,-0.01,210,235620,卖盘
2791,10:21:57,11.23,--,186,208878,买盘
2792,10:21:54,11.23,0.01,14,15722,买盘
2793,10:21:51,11.22,-0.01,100,112200,卖盘
2794,10:21:48,11.23,--,53,59519,买盘
2795,10:21:45,11.23,--,261,293103,卖盘
2796,10:21:42,11.23,-0.01,115,129145,卖盘
2797,10:21:39,11.24,0.01,48,53952,买盘
2798,10:21:36,11.23,--,184,206632,卖盘
2799,10:21:33,11.23,-0.01,501,562623,卖盘
2800,10:21:30,11.24,--,191,214684,买盘
2801,10:21:27,11.24,0.01,135,151740,买盘
2802,10:21:24,11.23,-0.01,110,123530,卖盘
2803,10:21:21,11.24,--,4,4496,买盘
2804,10:21:15,11.24,--,13,14612,买盘
2805,10:21:09,11.24,0.01,535,601340,买盘
2806,10:21:06,11.23,--,49,55027,卖盘
2807,10:21:03,11.23,-0.01,8,8984,卖盘
2808,10:21:00,11.24,0.01,7,7868,买盘
