,time,price,change,volume,amount,type
0,15:00:03,11.22,--,3143,3526446,卖盘
1,14:57:00,11.22,--,100,112200,卖盘
2,14:56:57,11.22,-0.01,25,28050,卖盘
3,14:56:54,11.23,0.01,30,33690,买盘
4,14:56:51,11.22,--,544,611389,卖盘
5,14:56:48,11.22,--,24,26928,卖盘
6,14:56:42,11.22,--,10,11220,卖盘
7,14:56:39,11.22,--,5,5610,卖盘
8,14:56:36,11.22,--,53,59466,卖盘
9,14:56:30,11.22,--,284,318648,买盘
10,14:56:27,11.22,--,16,17952,买盘
11,14:56:24,11.22,--,13,14586,买盘
12,14:56:18,11.22,--,31,34782,买盘
13,14:56:15,11.22,--,23,25806,买盘
14,14:56:12,11.22,--,86,96492,买盘
15,14:56:09,11.22,--,84,94248,买盘
16,14:56:06,11.22,--,43,48246,买盘
17,14:56:03,11.22,--,807,905454,买盘
18,14:56:00,11.22,--,204,228888,买盘
19,14:55:57,11.22,--,4,4488,买盘
20,14:55:54,11.22,--,13,14586,买盘
21,14:55:51,11.22,--,25,28050,买盘
22,14:55:48,11.22,--,4,4488,买盘
23,14:55:45,11.22,--,24,26928,买盘
24,14:55:39,11.22,--,9,10098,买盘
25,14:55:36,11.22,--,295,330990,卖盘
26,14:55:33,11.22,--,81,90882,卖盘
27,14:55:30,11.22,-0.01,39,43758,卖盘
28,14:55:27,11.23,--,2,2246,买盘
29,14:55:24,11.23,0.01,3,3369,买盘
30,14:55:21,11.22,-0.01,45,50490,卖盘
31,14:55:15,11.23,0.01,11,12353,买盘
32,14:55:12,11.22,--,1,1122,卖盘
33,14:55:09,11.22,-0.01,22,24684,卖盘
34,14:55:06,11.23,0.02,1942,2180866,买盘
35,14:55:03,11.21,--,17,19057,卖盘
36,14:55:00,11.21,-0.01,66,73986,卖盘
37,14:54:57,11.22,0.01,24,26928,买盘
38,14:54:51,11.21,--,4,4484,卖盘
39,14:54:48,11.21,0.01,1056,1183776,买盘
40,14:54:45,11.2,-0.01,79,88480,卖盘
41,14:54:42,11.21,0.01,85,95285,买盘
42,14:54:39,11.2,--,125,140604,卖盘
43,14:54:36,11.2,--,10,11200,卖盘
44,14:54:33,11.2,--,18,20160,卖盘
45,14:54:30,11.2,-0.01,1,1120,卖盘
46,14:54:27,11.21,0.01,88,98648,买盘
47,14:54:24,11.2,-0.01,33,36960,卖盘
48,14:54:21,11.21,0.01,50,56050,买盘
49,14:54:18,11.2,--,2,2240,卖盘
50,14:54:15,11.2,--,16,17920,卖盘
51,14:54:09,11.2,-0.01,2,2240,卖盘
52,14:54:00,11.21,--,10,11210,买盘
53,14:53:57,11.21,--,23,25783,买盘
54,14:53:54,11.21,0.01,3,3363,买盘
55,14:53:51,11.2,--,1,1568,卖盘
56,14:53:48,11.2,-0.01,5,5600,卖盘
57,14:53:39,11.21,0.01,82,91922,买盘
58,14:53:33,11.2,-0.01,15,16800,卖盘
59,14:53:30,11.21,--,10,11210,买盘
60,14:53:27,11.21,--,3,3363,买盘
61,14:53:24,11.21,0.01,6,6726,买盘
62,14:53:21,11.2,--,34,38080,卖盘
63,14:53:18,11.2,--,15,16800,卖盘
64,14:53:15,11.2,-0.01,8,8960,卖盘
65,14:53:12,11.21,0.01,10,11210,买盘
66,14:53:09,11.2,--,10,11200,卖盘
67,14:53:06,11.2,-0.01,53,59359,卖盘
68,14:53:03,11.21,--,861,965181,买盘
69,14:52:57,11.21,--,3,3363,买盘
70,14:52:54,11.21,--,14,15694,买盘
71,14:52:45,11.21,--,74,82954,买盘
72,14:52:42,11.21,-0.01,10,11210,中性盘
73,14:52:39,11.22,0.01,39,43758,买盘
74,14:52:30,11.21,--,33,36993,卖盘
75,14:52:27,11.21,-0.01,8,8968,卖盘
76,14:52:24,11.22,0.01,2,2244,买盘
77,14:52:21,11.21,--,19,21299,买盘
78,14:52:15,11.21,--,80,89680,卖盘
79,14:52:09,11.21,--,85,95285,卖盘
80,14:52:06,11.21,--,4,4484,买盘
81,14:52:00,11.21,0.01,1,1121,中性盘
82,14:51:57,11.2,-0.02,702,786240,卖盘
83,14:51:54,11.22,--,17,19074,买盘
84,14:51:48,11.22,0.01,32,35904,买盘
85,14:51:45,11.21,--,1,1121,买盘
86,14:51:42,11.21,-0.01,7,7847,卖盘
87,14:51:39,11.22,0.01,755,847110,买盘
88,14:51:36,11.21,--,12,13452,买盘
89,14:51:33,11.21,0.01,1,1121,买盘
90,14:51:30,11.2,-0.01,33,36960,卖盘
91,14:51:27,11.21,--,284,318364,买盘
92,14:51:24,11.21,0.01,5,5605,买盘
93,14:51:15,11.2,--,3,3360,卖盘
94,14:51:09,11.2,--,38,42560,卖盘
95,14:51:06,11.2,--,250,280000,买盘
96,14:51:03,11.2,--,36,40320,买盘
97,14:51:00,11.2,--,20,22400,买盘
98,14:50:57,11.2,--,257,287840,买盘
99,14:50:54,11.2,--,15,16800,买盘
100,14:50:51,11.2,--,147,164640,买盘
101,14:50:48,11.2,--,43,48160,买盘
102,14:50:45,11.2,--,6,6720,买盘
103,14:50:42,11.2,0.01,143,160160,买盘
104,14:50:39,11.19,-0.01,3,3357,卖盘
105,14:50:36,11.2,--,15,16800,买盘
106,14:50:33,11.2,0.01,2,2240,买盘
107,14:50:30,11.19,-0.01,38,42522,卖盘
108,14:50:24,11.2,0.01,5,5600,买盘
109,14:50:15,11.19,--,1,1119,卖盘
110,14:50:12,11.19,--,26,29094,卖盘
111,14:50:09,11.19,-0.01,79,88401,卖盘
112,14:50:06,11.2,0.01,1,1120,买盘
113,14:50:03,11.19,-0.01,111,124209,卖盘
114,14:50:00,11.2,0.01,75,84000,买盘
115,14:49:57,11.19,-0.01,84,93996,卖盘
116,14:49:54,11.2,0.01,6,6720,买盘
117,14:49:51,11.19,0.01,181,202539,买盘
118,14:49:48,11.18,-0.01,57,63726,卖盘
119,14:49:45,11.19,--,46,51474,卖盘
120,14:49:42,11.19,--,59,66021,买盘
121,14:49:39,11.19,--,34,38046,买盘
122,14:49:36,11.19,--,6,6714,买盘
123,14:49:33,11.19,--,1,1119,买盘
124,14:49:27,11.19,--,33,36927,买盘
125,14:49:24,11.19,--,5,5595,买盘
126,14:49:21,11.19,--,8,8952,卖盘
127,14:49:18,11.19,0.01,5,5595,卖盘
128,14:49:15,11.18,--,1,1118,卖盘
129,14:49:09,11.18,-0.02,419,468442,卖盘
130,14:49:06,11.2,--,1,1120,买盘
131,14:49:03,11.2,--,9,10080,买盘
132,14:49:00,11.2,--,260,291200,买盘
133,14:48:57,11.2,--,500,560000,买盘
134,14:48:54,11.2,--,13,14559,买盘
135,14:48:51,11.2,--,3,3360,买盘
136,14:48:48,11.2,--,45,50400,买盘
137,14:48:45,11.2,0.01,610,683200,买盘
138,14:48:42,11.19,-0.01,114,127566,卖盘
139,14:48:36,11.2,--,3,3360,买盘
140,14:48:30,11.2,0.01,3,3360,买盘
141,14:48:27,11.19,-0.01,19,21261,卖盘
142,14:48:24,11.2,--,185,207200,买盘
143,14:48:21,11.2,--,1244,1393280,买盘
144,14:48:18,11.2,0.01,3,3360,买盘
145,14:48:15,11.19,--,653,730707,买盘
146,14:48:12,11.19,--,17,19023,买盘
147,14:48:09,11.19,--,1,1119,买盘
148,14:48:06,11.19,--,25,27975,买盘
149,14:48:03,11.19,0.01,1,1119,买盘
150,14:47:57,11.18,-0.01,81,90558,卖盘
151,14:47:54,11.19,--,24,26856,买盘
152,14:47:51,11.19,--,10,11190,买盘
153,14:47:48,11.19,--,4,5035,买盘
154,14:47:45,11.19,0.01,1,1119,买盘
155,14:47:42,11.18,-0.01,15,16770,卖盘
156,14:47:39,11.19,0.01,6,6714,买盘
157,14:47:36,11.18,-0.01,2,2236,卖盘
158,14:47:30,11.19,--,3,3357,买盘
159,14:47:27,11.19,--,63,70497,买盘
160,14:47:24,11.19,0.01,11,12309,买盘
161,14:47:21,11.18,-0.01,2,2795,卖盘
162,14:47:15,11.19,--,1,1119,买盘
163,14:47:12,11.19,--,5,5595,买盘
164,14:47:09,11.19,--,67,74973,买盘
165,14:47:06,11.19,--,2,2238,买盘
166,14:47:03,11.19,0.01,1,1119,买盘
167,14:47:00,11.18,-0.01,94,105092,卖盘
168,14:46:57,11.19,--,1,1119,买盘
169,14:46:54,11.19,--,4,4476,买盘
170,14:46:51,11.19,--,22,24618,买盘
171,14:46:45,11.19,--,2,2238,买盘
172,14:46:42,11.19,0.01,13,14547,买盘
173,14:46:36,11.18,--,159,177762,卖盘
174,14:46:33,11.18,--,12,13416,卖盘
175,14:46:30,11.18,-0.01,47,52546,卖盘
176,14:46:27,11.19,--,11,12309,买盘
177,14:46:24,11.19,--,20,22380,买盘
178,14:46:21,11.19,--,19,21261,买盘
179,14:46:18,11.19,0.01,5,5595,买盘
180,14:46:12,11.18,--,206,230308,卖盘
181,14:46:09,11.18,-0.01,16,17888,卖盘
182,14:46:06,11.19,--,345,386055,买盘
183,14:46:03,11.19,--,5,5595,买盘
184,14:45:54,11.19,--,8,8952,买盘
185,14:45:51,11.19,--,13,14547,买盘
186,14:45:45,11.19,0.01,4,4476,买盘
187,14:45:42,11.18,-0.01,2,2236,卖盘
188,14:45:36,11.19,--,13,14547,买盘
189,14:45:30,11.19,0.01,3,3357,买盘
190,14:45:27,11.18,--,63,70434,卖盘
191,14:45:24,11.18,-0.01,69,77142,卖盘
192,14:45:21,11.19,0.01,10,11190,买盘
193,14:45:18,11.18,--,2,2236,卖盘
194,14:45:15,11.18,--,2,2236,卖盘
195,14:45:12,11.18,--,7,7826,买盘
196,14:45:09,11.18,-0.01,8,8944,卖盘
197,14:45:06,11.19,0.02,2,2238,买盘
198,14:45:00,11.17,-0.01,16,17872,卖盘
199,14:44:57,11.18,--,205,229190,卖盘
200,14:44:54,11.18,-0.01,16,17888,卖盘
201,14:44:51,11.19,--,101,113019,买盘
202,14:44:48,11.19,--,1,1119,买盘
203,14:44:45,11.19,--,7,7833,买盘
204,14:44:42,11.19,--,6,6714,买盘
205,14:44:36,11.19,0.01,28,31332,买盘
206,14:44:30,11.18,--,2,2236,卖盘
207,14:44:27,11.18,-0.01,25,27950,卖盘
208,14:44:24,11.19,--,120,134280,买盘
209,14:44:21,11.19,--,12,13428,买盘
210,14:44:18,11.19,0.02,18,20142,买盘
211,14:44:12,11.17,-0.02,718,802006,卖盘
212,14:44:09,11.19,0.01,145,162255,买盘
213,14:44:06,11.18,--,8,8944,卖盘
214,14:43:57,11.18,-0.01,30,33540,卖盘
215,14:43:54,11.19,--,506,566214,买盘
216,14:43:51,11.19,0.01,813,909747,买盘
217,14:43:45,11.18,--,130,145340,卖盘
218,14:43:39,11.18,--,2,2236,卖盘
219,14:43:33,11.18,-0.01,70,78260,卖盘
220,14:43:30,11.19,--,10,11190,买盘
221,14:43:27,11.19,--,6,6714,买盘
222,14:43:24,11.19,0.01,129,144351,买盘
223,14:43:21,11.18,--,40,44720,卖盘
224,14:43:18,11.18,--,3,3354,卖盘
225,14:43:15,11.18,-0.01,2,2236,卖盘
226,14:43:12,11.19,--,40,44760,买盘
227,14:43:09,11.19,--,113,126447,买盘
228,14:43:06,11.19,--,33,36927,买盘
229,14:43:03,11.19,0.01,20,22380,买盘
230,14:43:00,11.18,-0.01,5,5590,卖盘
231,14:42:54,11.19,--,64,71616,买盘
232,14:42:51,11.19,0.01,9,10071,买盘
233,14:42:48,11.18,--,2,2236,卖盘
234,14:42:45,11.18,--,2,2236,卖盘
235,14:42:42,11.18,--,22,24596,卖盘
236,14:42:39,11.18,--,58,64844,卖盘
237,14:42:33,11.18,--,15,16770,卖盘
238,14:42:27,11.18,-0.01,53,59254,卖盘
239,14:42:24,11.19,0.01,10,11190,买盘
240,14:42:21,11.18,-0.01,6,6708,卖盘
241,14:42:18,11.19,0.01,36,40284,买盘
242,14:42:15,11.18,-0.01,21,23478,卖盘
243,14:42:12,11.19,-0.01,126,140994,卖盘
244,14:42:09,11.2,--,71,79520,买盘
245,14:42:06,11.2,0.01,16,17920,买盘
246,14:42:03,11.19,--,12,13428,卖盘
247,14:42:00,11.19,--,2,2238,卖盘
248,14:41:57,11.19,-0.01,3,3357,卖盘
249,14:41:54,11.2,0.01,49,54880,买盘
250,14:41:51,11.19,-0.01,96,107424,卖盘
251,14:41:48,11.2,--,14,15679,买盘
252,14:41:45,11.2,--,40,44800,买盘
253,14:41:39,11.2,0.01,20,22400,买盘
254,14:41:33,11.19,-0.01,2,2238,卖盘
255,14:41:27,11.2,--,1,1120,买盘
256,14:41:24,11.2,0.01,106,118719,买盘
257,14:41:21,11.19,-0.01,2,2238,卖盘
258,14:41:18,11.2,0.01,19,21280,买盘
259,14:41:15,11.19,--,3,3357,卖盘
260,14:41:09,11.19,--,1,1119,卖盘
261,14:41:06,11.19,-0.01,3,3357,卖盘
262,14:41:03,11.2,0.01,13,14559,买盘
263,14:40:57,11.19,-0.01,22,24618,卖盘
264,14:40:54,11.2,--,6,6720,买盘
265,14:40:51,11.2,--,3,3360,买盘
266,14:40:48,11.2,0.01,9,10080,买盘
267,14:40:45,11.19,--,12,13428,卖盘
268,14:40:42,11.19,--,2,2238,卖盘
269,14:40:39,11.19,-0.01,2,2238,卖盘
270,14:40:36,11.2,0.01,2,2240,买盘
271,14:40:33,11.19,--,18,20142,卖盘
272,14:40:30,11.19,-0.01,2,2238,卖盘
273,14:40:27,11.2,--,19,21280,买盘
274,14:40:24,11.2,0.01,7,7839,买盘
275,14:40:21,11.19,-0.01,30,33570,卖盘
276,14:40:18,11.2,0.01,9,10080,买盘
277,14:40:15,11.19,--,3,3357,卖盘
278,14:40:12,11.19,--,2,2238,卖盘
279,14:40:09,11.19,-0.01,31,34689,卖盘
280,14:40:06,11.2,--,2,2240,买盘
281,14:40:03,11.2,0.01,79,88480,买盘
282,14:39:57,11.19,-0.01,5,5595,卖盘
283,14:39:54,11.2,0.01,7,7839,买盘
284,14:39:51,11.19,-0.01,35,39165,卖盘
285,14:39:48,11.2,--,13,14559,买盘
286,14:39:45,11.2,0.01,12,13440,买盘
287,14:39:42,11.19,--,2,2238,卖盘
288,14:39:39,11.19,-0.01,2,2238,卖盘
289,14:39:33,11.2,0.01,5,5600,买盘
290,14:39:30,11.19,-0.01,6,6714,卖盘
291,14:39:27,11.2,--,9,10080,买盘
292,14:39:24,11.2,--,7,7839,买盘
293,14:39:18,11.2,0.01,9,10080,买盘
294,14:39:15,11.19,--,3,3357,卖盘
295,14:39:09,11.19,--,2,2238,卖盘
296,14:39:06,11.19,-0.01,45,50355,卖盘
297,14:39:03,11.2,--,24,26880,买盘
298,14:39:00,11.2,--,15,16800,买盘
299,14:38:54,11.2,--,7,7839,买盘
300,14:38:48,11.2,--,15,16800,买盘
301,14:38:45,11.2,0.02,4,4480,买盘
302,14:38:42,11.18,-0.01,18,20124,卖盘
303,14:38:39,11.19,0.01,2,2238,中性盘
304,14:38:33,11.18,-0.02,135,150930,卖盘
305,14:38:24,11.2,0.01,251,281120,买盘
306,14:38:18,11.19,-0.01,4,4476,卖盘
307,14:38:15,11.2,0.01,12,13440,买盘
308,14:38:12,11.19,--,2,2238,卖盘
309,14:38:06,11.19,--,46,51474,卖盘
310,14:38:03,11.19,-0.01,31,34689,卖盘
311,14:37:54,11.2,--,6,6720,买盘
312,14:37:48,11.2,0.01,7,7839,买盘
313,14:37:45,11.19,--,40,44760,卖盘
314,14:37:33,11.19,-0.01,128,143232,卖盘
315,14:37:24,11.2,0.01,9,10080,买盘
316,14:37:21,11.19,--,4,4476,卖盘
317,14:37:15,11.19,--,100,111900,买盘
318,14:37:12,11.19,--,100,111900,买盘
319,14:37:09,11.19,0.01,2,2238,买盘
320,14:37:06,11.18,-0.01,87,97266,卖盘
321,14:37:03,11.19,0.01,2,2238,买盘
322,14:37:00,11.18,-0.01,5,5590,卖盘
323,14:36:57,11.19,--,13,14547,买盘
324,14:36:54,11.19,--,32,35808,买盘
325,14:36:51,11.19,--,17,19023,买盘
326,14:36:48,11.19,0.01,3,3357,买盘
327,14:36:45,11.18,--,35,39130,卖盘
328,14:36:42,11.18,-0.01,180,201240,卖盘
329,14:36:39,11.19,--,4,4476,买盘
330,14:36:27,11.19,-0.01,13,14547,中性盘
331,14:36:24,11.2,--,343,384160,买盘
332,14:36:18,11.2,--,35,39200,买盘
333,14:36:15,11.2,--,9,10080,买盘
334,14:36:06,11.2,0.01,1,1120,买盘
335,14:36:03,11.19,-0.01,5,5595,卖盘
336,14:35:57,11.2,--,4,4480,买盘
337,14:35:54,11.2,0.01,19,21280,买盘
338,14:35:45,11.19,--,9,10071,买盘
339,14:35:39,11.19,0.01,14,15666,买盘
340,14:35:36,11.18,--,34,38012,卖盘
341,14:35:33,11.18,-0.02,16,17888,卖盘
342,14:35:30,11.2,--,28,31359,买盘
343,14:35:27,11.2,--,3,3360,买盘
344,14:35:24,11.2,--,9,10080,买盘
345,14:35:18,11.2,--,3,3360,买盘
346,14:35:15,11.2,--,9,10080,买盘
347,14:35:09,11.2,--,1,1120,买盘
348,14:35:06,11.2,0.02,1,1120,买盘
349,14:34:57,11.18,-0.02,91,101738,卖盘
350,14:34:54,11.2,--,29,32479,买盘
351,14:34:51,11.2,--,2,2240,买盘
352,14:34:48,11.2,--,5,5600,买盘
353,14:34:45,11.2,0.02,10,11200,买盘
354,14:34:42,11.18,-0.02,29,32422,卖盘
355,14:34:39,11.2,0.02,100,112000,买盘
356,14:34:33,11.18,-0.01,121,135278,卖盘
357,14:34:30,11.19,--,28,31332,买盘
358,14:34:27,11.19,0.01,10,11190,买盘
359,14:34:24,11.18,--,6,6708,卖盘
360,14:34:21,11.18,--,100,111800,卖盘
361,14:34:18,11.18,-0.01,5,5590,卖盘
362,14:34:15,11.19,--,6,6714,买盘
363,14:34:09,11.19,0.01,71,79449,中性盘
364,14:34:06,11.18,-0.01,36,40248,卖盘
365,14:34:03,11.19,0.01,3,3357,中性盘
366,14:33:57,11.18,-0.02,15,16770,卖盘
367,14:33:54,11.2,--,7,7839,买盘
368,14:33:51,11.2,--,11,12320,买盘
369,14:33:48,11.2,--,19,21280,买盘
370,14:33:45,11.2,--,5,5600,买盘
371,14:33:42,11.2,0.02,6,6720,买盘
372,14:33:36,11.18,-0.01,65,72670,卖盘
373,14:33:30,11.19,--,82,91758,买盘
374,14:33:27,11.19,--,3,3357,买盘
375,14:33:24,11.19,-0.01,20,22380,卖盘
376,14:33:18,11.2,0.01,3,3360,买盘
377,14:33:15,11.19,-0.01,2,2238,中性盘
378,14:33:12,11.2,--,79,88480,买盘
379,14:33:09,11.2,--,2,2240,买盘
380,14:33:06,11.2,0.01,2,2240,买盘
381,14:33:03,11.19,-0.01,57,63783,卖盘
382,14:32:54,11.2,--,6,6720,买盘
383,14:32:51,11.2,--,2,2240,买盘
384,14:32:48,11.2,0.01,129,144480,买盘
385,14:32:45,11.19,--,1,1119,买盘
386,14:32:42,11.19,--,19,21261,买盘
387,14:32:39,11.19,--,38,42522,卖盘
388,14:32:33,11.19,-0.01,21,23499,卖盘
389,14:32:27,11.2,0.01,72,80640,买盘
390,14:32:24,11.19,0.01,7,7833,买盘
391,14:32:21,11.18,-0.01,129,144222,卖盘
392,14:32:18,11.19,--,65,72735,买盘
393,14:32:12,11.19,--,77,86163,买盘
394,14:32:06,11.19,--,4,4476,买盘
395,14:32:03,11.19,--,5,5595,买盘
396,14:31:57,11.19,--,148,165612,买盘
397,14:31:54,11.19,--,6,6714,买盘
398,14:31:51,11.19,--,3,3357,买盘
399,14:31:48,11.19,--,5,5595,买盘
400,14:31:45,11.19,0.01,7,7833,买盘
401,14:31:42,11.18,--,62,69316,买盘
402,14:31:33,11.18,--,77,86086,卖盘
403,14:31:30,11.18,-0.01,30,33540,卖盘
404,14:31:27,11.19,--,3,3357,买盘
405,14:31:24,11.19,--,32,35808,买盘
406,14:31:18,11.19,--,3,3357,买盘
407,14:31:12,11.19,0.01,6,6714,买盘
408,14:31:06,11.18,-0.01,44,49192,卖盘
409,14:31:03,11.19,0.01,50,55950,买盘
410,14:31:00,11.18,-0.01,17,19006,卖盘
411,14:30:54,11.19,--,6,6714,买盘
412,14:30:48,11.19,0.02,6,6714,买盘
413,14:30:42,11.17,-0.02,75,83775,卖盘
414,14:30:36,11.19,--,13,14547,买盘
415,14:30:30,11.19,--,2,2238,买盘
416,14:30:27,11.19,--,77,86163,买盘
417,14:30:24,11.19,--,7,7833,买盘
418,14:30:18,11.19,--,116,129804,买盘
419,14:30:15,11.19,--,3,3357,买盘
420,14:30:12,11.19,--,9,10071,买盘
421,14:30:09,11.19,--,1,1119,买盘
422,14:30:06,11.19,0.01,1,1119,买盘
423,14:30:03,11.18,-0.01,7,7826,卖盘
424,14:29:57,11.19,0.01,74,82806,买盘
425,14:29:54,11.18,--,56,62608,卖盘
426,14:29:51,11.18,-0.01,173,193414,卖盘
427,14:29:48,11.19,--,31,34689,买盘
428,14:29:45,11.19,0.01,1,1119,买盘
429,14:29:42,11.18,-0.01,166,185588,卖盘
430,14:29:39,11.19,--,31,34689,买盘
431,14:29:36,11.19,0.01,1,1119,买盘
432,14:29:33,11.18,-0.01,113,126334,卖盘
433,14:29:27,11.19,--,106,118614,买盘
434,14:29:24,11.19,--,7,7833,买盘
435,14:29:21,11.19,--,176,196944,买盘
436,14:29:15,11.19,--,7,7833,买盘
437,14:29:12,11.19,0.02,6,6714,买盘
438,14:29:09,11.17,-0.02,13,14521,卖盘
439,14:29:06,11.19,0.02,3,3357,买盘
440,14:29:03,11.17,-0.01,44,49148,卖盘
441,14:28:57,11.18,-0.01,40,44720,卖盘
442,14:28:54,11.19,--,10,11190,买盘
443,14:28:48,11.19,--,6,6714,买盘
444,14:28:45,11.19,0.01,5,5595,买盘
445,14:28:42,11.18,-0.01,5,5590,卖盘
446,14:28:39,11.19,0.01,23,25737,买盘
447,14:28:33,11.18,-0.01,32,35776,卖盘
448,14:28:27,11.19,--,33,36927,买盘
449,14:28:24,11.19,0.01,7,7833,买盘
450,14:28:18,11.18,-0.01,13,14534,卖盘
451,14:28:09,11.19,--,6,6714,买盘
452,14:28:06,11.19,--,3,3357,买盘
453,14:28:03,11.19,--,56,62664,买盘
454,14:28:00,11.19,--,5,5595,买盘
455,14:27:57,11.19,--,3,3357,买盘
456,14:27:54,11.19,--,12,14077,卖盘
457,14:27:48,11.19,--,13,15016,买盘
458,14:27:45,11.19,0.01,32,35808,买盘
459,14:27:42,11.18,--,33,36894,买盘
460,14:27:39,11.18,0.01,9,10062,中性盘
461,14:27:36,11.17,-0.02,46,51382,卖盘
462,14:27:33,11.19,--,2,2238,买盘
463,14:27:30,11.19,--,2,2238,买盘
464,14:27:27,11.19,--,26,29094,买盘
465,14:27:24,11.19,0.02,7,7833,买盘
466,14:27:21,11.17,-0.02,33,36861,卖盘
467,14:27:15,11.19,0.02,3,3357,买盘
468,14:27:12,11.17,-0.02,107,119519,卖盘
469,14:27:09,11.19,0.01,30,33570,买盘
470,14:27:06,11.18,-0.01,33,36894,卖盘
471,14:27:03,11.19,0.01,1,1119,买盘
472,14:27:00,11.18,-0.01,10,11180,卖盘
473,14:26:57,11.19,--,22,24618,买盘
474,14:26:54,11.19,--,34,38046,买盘
475,14:26:51,11.19,--,2,2238,买盘
476,14:26:48,11.19,0.01,157,175683,买盘
477,14:26:45,11.18,-0.01,46,51428,卖盘
478,14:26:42,11.19,0.01,9,10071,买盘
479,14:26:39,11.18,--,30,33540,卖盘
480,14:26:36,11.18,--,18,20124,卖盘
481,14:26:33,11.18,-0.01,2,2236,卖盘
482,14:26:27,11.19,--,22,24618,买盘
483,14:26:24,11.19,0.01,7,7833,买盘
484,14:26:21,11.18,--,134,149812,卖盘
485,14:26:18,11.18,-0.01,8,8944,卖盘
486,14:26:15,11.19,--,24,26856,买盘
487,14:26:12,11.19,--,2,2238,买盘
488,14:26:09,11.19,--,7,7833,买盘
489,14:26:06,11.19,--,10,11190,买盘
490,14:26:03,11.19,0.01,15,16785,买盘
491,14:25:57,11.18,-0.01,54,60372,卖盘
492,14:25:54,11.19,0.01,13,14547,买盘
493,14:25:51,11.18,-0.01,16,17888,卖盘
494,14:25:48,11.19,--,49,54831,买盘
495,14:25:45,11.19,--,4,4476,买盘
496,14:25:39,11.19,0.01,12,13428,买盘
497,14:25:33,11.18,--,31,34658,卖盘
498,14:25:30,11.18,--,5,5590,卖盘
499,14:25:27,11.18,-0.01,10,11180,卖盘
500,14:25:24,11.19,--,13,14547,买盘
501,14:25:21,11.19,--,13,14547,买盘
502,14:25:15,11.19,--,3,3357,买盘
503,14:25:09,11.19,--,7,7833,买盘
504,14:25:06,11.19,--,11,12309,买盘
505,14:25:03,11.19,0.01,78,87282,买盘
506,14:24:57,11.18,--,74,82732,卖盘
507,14:24:54,11.18,--,6,6708,卖盘
508,14:24:51,11.18,-0.01,27,30186,卖盘
509,14:24:48,11.19,--,6,6714,买盘
510,14:24:45,11.19,0.01,10,11190,买盘
511,14:24:39,11.18,--,22,24596,卖盘
512,14:24:36,11.18,--,78,87204,卖盘
513,14:24:33,11.18,--,80,89440,卖盘
514,14:24:27,11.18,-0.01,2,2236,卖盘
515,14:24:24,11.19,--,8,8952,买盘
516,14:24:15,11.19,0.01,16,17904,买盘
517,14:24:12,11.18,--,2,2236,卖盘
518,14:24:09,11.18,--,28,31304,卖盘
519,14:24:06,11.18,-0.01,56,62608,卖盘
520,14:24:00,11.19,0.01,76,85044,买盘
521,14:23:54,11.18,-0.01,7,7826,卖盘
522,14:23:51,11.19,--,2,2238,买盘
523,14:23:48,11.19,--,11,12309,买盘
524,14:23:45,11.19,0.01,14,15666,买盘
525,14:23:42,11.18,--,32,35776,卖盘
526,14:23:39,11.18,-0.01,16,17888,卖盘
527,14:23:36,11.19,--,13,14547,买盘
528,14:23:27,11.19,--,7,7833,买盘
529,14:23:24,11.19,--,7,7833,买盘
530,14:23:21,11.19,--,1,1119,买盘
531,14:23:18,11.19,--,5,5595,买盘
532,14:23:15,11.19,--,3,3357,买盘
533,14:23:12,11.19,--,45,50355,买盘
534,14:23:09,11.19,0.01,8,8952,买盘
535,14:23:06,11.18,--,4,4472,卖盘
536,14:23:03,11.18,-0.02,18,20124,卖盘
537,14:22:54,11.2,--,13,14559,买盘
538,14:22:48,11.2,--,18,20160,买盘
539,14:22:45,11.2,0.02,4,4480,买盘
540,14:22:42,11.18,--,70,78260,卖盘
541,14:22:39,11.18,0.01,11,12298,卖盘
542,14:22:36,11.17,-0.01,68,75956,卖盘
543,14:22:33,11.18,-0.02,1,1118,中性盘
544,14:22:27,11.2,--,2,2240,买盘
545,14:22:24,11.2,0.03,61,68320,买盘
546,14:22:18,11.17,-0.03,519,579723,卖盘
547,14:22:15,11.2,--,16,17920,买盘
548,14:22:09,11.2,--,2,2240,买盘
549,14:22:06,11.2,--,707,791840,买盘
550,14:22:03,11.2,--,16,17920,买盘
551,14:22:00,11.2,0.02,4,4480,买盘
552,14:21:57,11.18,-0.02,2,2236,卖盘
553,14:21:54,11.2,0.02,6,6720,买盘
554,14:21:51,11.18,-0.02,351,392418,卖盘
555,14:21:48,11.2,--,4,4480,买盘
556,14:21:45,11.2,0.01,4,4480,买盘
557,14:21:36,11.19,--,88,98472,卖盘
558,14:21:33,11.19,--,5,5595,卖盘
559,14:21:27,11.19,-0.01,76,85044,卖盘
560,14:21:24,11.2,--,2,2240,买盘
561,14:21:21,11.2,--,30,33600,买盘
562,14:21:18,11.2,--,56,62719,买盘
563,14:21:15,11.2,--,3,3360,买盘
564,14:21:12,11.2,--,2,2240,买盘
565,14:21:09,11.2,--,7,7839,买盘
566,14:21:06,11.2,--,35,39200,买盘
567,14:21:03,11.2,0.01,66,73920,买盘
568,14:20:54,11.19,--,8,8952,卖盘
569,14:20:51,11.19,-0.01,17,19023,卖盘
570,14:20:48,11.2,--,5,5600,买盘
571,14:20:45,11.2,--,14,15679,买盘
572,14:20:42,11.2,--,2,2240,买盘
573,14:20:39,11.2,0.01,51,57120,买盘
574,14:20:36,11.19,-0.01,159,177921,卖盘
575,14:20:27,11.2,--,2,2240,买盘
576,14:20:24,11.2,--,13,14559,买盘
577,14:20:21,11.2,0.01,261,292320,买盘
578,14:20:18,11.19,-0.01,10,11190,卖盘
579,14:20:15,11.2,0.01,16,17920,买盘
580,14:20:12,11.19,-0.01,95,106305,卖盘
581,14:20:09,11.2,0.01,14,15679,买盘
582,14:20:06,11.19,-0.01,116,129804,卖盘
583,14:20:03,11.2,--,2,2240,买盘
584,14:20:00,11.2,--,1,1120,买盘
585,14:19:54,11.2,--,17,19040,买盘
586,14:19:51,11.2,--,1,1120,买盘
587,14:19:48,11.2,--,263,294560,买盘
588,14:19:45,11.2,0.01,7,7839,买盘
589,14:19:42,11.19,--,2,2238,卖盘
590,14:19:39,11.19,--,9,10071,买盘
591,14:19:36,11.19,--,8,8952,买盘
592,14:19:33,11.19,--,457,511383,买盘
593,14:19:27,11.19,--,3,3357,买盘
594,14:19:21,11.19,--,158,176802,买盘
595,14:19:15,11.19,0.01,3,3357,买盘
596,14:19:12,11.18,-0.01,16,17888,卖盘
597,14:19:09,11.19,--,2,2238,买盘
598,14:19:06,11.19,--,164,183516,买盘
599,14:19:03,11.19,--,76,85044,买盘
600,14:19:00,11.19,0.01,54,60426,买盘
601,14:18:57,11.18,-0.01,57,63726,卖盘
602,14:18:54,11.19,--,68,76092,买盘
603,14:18:51,11.19,--,1,1119,买盘
604,14:18:48,11.19,--,2,2238,买盘
605,14:18:45,11.19,0.01,11,12309,买盘
606,14:18:36,11.18,-0.01,13,14534,卖盘
607,14:18:33,11.19,--,1,1119,买盘
608,14:18:27,11.19,--,3,3357,买盘
609,14:18:24,11.19,--,3,3357,买盘
610,14:18:21,11.19,--,5,5595,买盘
611,14:18:18,11.19,0.01,54,60426,买盘
612,14:18:15,11.18,--,34,38012,卖盘
613,14:18:09,11.18,-0.01,16,17888,卖盘
614,14:18:06,11.19,--,8,8952,买盘
615,14:18:03,11.19,--,31,34689,买盘
616,14:18:00,11.19,--,10,11190,买盘
617,14:17:54,11.19,0.01,4,4476,买盘
618,14:17:51,11.18,--,52,58136,卖盘
619,14:17:45,11.18,-0.01,56,62608,卖盘
620,14:17:39,11.19,0.01,1,1119,买盘
621,14:17:36,11.18,--,7,7826,卖盘
622,14:17:33,11.18,-0.01,31,34658,卖盘
623,14:17:30,11.19,--,3,3357,买盘
624,14:17:27,11.19,--,58,64902,买盘
625,14:17:24,11.19,--,5,5595,买盘
626,14:17:21,11.19,--,1,1119,买盘
627,14:17:18,11.19,--,7,7833,买盘
628,14:17:15,11.19,--,63,70497,买盘
629,14:17:09,11.19,--,4,4476,买盘
630,14:17:06,11.19,--,22,24618,买盘
631,14:17:03,11.19,--,39,43641,买盘
632,14:17:00,11.19,--,11,12309,买盘
633,14:16:54,11.19,--,5,5595,买盘
634,14:16:51,11.19,--,8,8952,买盘
635,14:16:48,11.19,--,13,14547,买盘
636,14:16:45,11.19,0.01,11,12309,买盘
637,14:16:36,11.18,-0.01,8,8944,中性盘
638,14:16:27,11.19,--,1,1119,买盘
639,14:16:24,11.19,--,5,5595,买盘
640,14:16:21,11.19,0.02,5,5595,买盘
641,14:16:18,11.17,-0.01,89,99413,卖盘
642,14:16:15,11.18,-0.01,4,4472,卖盘
643,14:16:12,11.19,--,3,3357,买盘
644,14:16:09,11.19,--,1,1119,买盘
645,14:16:06,11.19,--,8,8952,买盘
646,14:16:03,11.19,0.01,133,148827,买盘
647,14:15:54,11.18,--,28,31304,卖盘
648,14:15:51,11.18,-0.01,33,36894,卖盘
649,14:15:48,11.19,0.01,3,3357,买盘
650,14:15:45,11.18,--,6,6708,买盘
651,14:15:42,11.18,0.01,3,3354,买盘
652,14:15:36,11.17,-0.01,16,17872,卖盘
653,14:15:33,11.18,--,10,11180,买盘
654,14:15:30,11.18,-0.01,7,7826,卖盘
655,14:15:27,11.19,--,2,2238,买盘
656,14:15:24,11.19,--,5,5595,买盘
657,14:15:21,11.19,--,2,2238,买盘
658,14:15:15,11.19,--,4,4476,买盘
659,14:15:12,11.19,0.01,104,116376,买盘
660,14:15:09,11.18,-0.01,13,14534,卖盘
661,14:15:06,11.19,0.01,134,149946,买盘
662,14:15:03,11.18,--,17,19006,买盘
663,14:14:57,11.18,--,3,3354,买盘
664,14:14:54,11.18,--,24,26832,买盘
665,14:14:51,11.18,--,13,14534,买盘
666,14:14:48,11.18,--,38,42484,买盘
667,14:14:45,11.18,--,25,27950,买盘
668,14:14:42,11.18,--,4,4472,买盘
669,14:14:39,11.18,--,5,5590,买盘
670,14:14:36,11.18,--,8,8944,买盘
671,14:14:33,11.18,--,7,7826,买盘
672,14:14:27,11.18,--,2,2236,买盘
673,14:14:24,11.18,--,1,1118,买盘
674,14:14:21,11.18,--,1,1118,买盘
675,14:14:12,11.18,--,3,3354,买盘
676,14:14:03,11.18,0.01,108,120744,买盘
677,14:14:00,11.17,-0.01,2,2234,卖盘
678,14:13:57,11.18,--,4,4472,买盘
679,14:13:54,11.18,--,4,4472,买盘
680,14:13:51,11.18,--,2,2236,买盘
681,14:13:48,11.18,--,2,2236,买盘
682,14:13:45,11.18,--,1,1118,买盘
683,14:13:42,11.18,0.01,3,3354,买盘
684,14:13:36,11.17,-0.01,195,217815,卖盘
685,14:13:33,11.18,--,27,30186,买盘
686,14:13:27,11.18,--,1,1118,买盘
687,14:13:24,11.18,--,2,2236,买盘
688,14:13:21,11.18,--,4,4472,买盘
689,14:13:18,11.18,--,2,2236,买盘
690,14:13:15,11.18,--,2,2236,买盘
691,14:13:12,11.18,--,3,3354,买盘
692,14:13:06,11.18,--,89,99502,买盘
693,14:13:03,11.18,0.01,65,72670,买盘
694,14:13:00,11.17,-0.01,15,16755,卖盘
695,14:12:54,11.18,--,4,4472,买盘
696,14:12:51,11.18,0.01,5,5590,买盘
697,14:12:45,11.17,-0.01,6,6702,卖盘
698,14:12:42,11.18,0.02,3,3354,买盘
699,14:12:36,11.16,-0.01,15,16740,卖盘
700,14:12:33,11.17,-0.01,63,70371,卖盘
701,14:12:30,11.18,--,2,2236,买盘
702,14:12:27,11.18,--,1,1118,买盘
703,14:12:24,11.18,--,69,77142,买盘
704,14:12:21,11.18,0.01,31,34658,买盘
705,14:12:15,11.17,-0.01,8,8936,卖盘
706,14:12:12,11.18,0.01,3,3354,买盘
707,14:12:06,11.17,-0.01,99,110583,卖盘
708,14:12:03,11.18,0.01,36,40248,买盘
709,14:11:57,11.17,-0.01,100,111700,卖盘
710,14:11:54,11.18,--,16,17888,买盘
711,14:11:51,11.18,--,1,1118,买盘
712,14:11:48,11.18,--,3,3354,买盘
713,14:11:45,11.18,--,39,43602,买盘
714,14:11:42,11.18,0.01,65,72670,买盘
715,14:11:39,11.17,--,100,111700,卖盘
716,14:11:36,11.17,-0.01,4,4468,卖盘
717,14:11:33,11.18,--,8,8944,买盘
718,14:11:27,11.18,--,2,2236,买盘
719,14:11:24,11.18,--,1,1118,买盘
720,14:11:21,11.18,0.02,1,1118,买盘
721,14:11:18,11.16,-0.01,138,154008,卖盘
722,14:11:15,11.17,--,3,3351,买盘
723,14:11:12,11.17,--,10,11170,买盘
724,14:11:09,11.17,--,6,6702,买盘
725,14:11:06,11.17,-0.01,204,227868,卖盘
726,14:11:03,11.18,0.01,22,24596,买盘
727,14:10:57,11.17,-0.01,19,21223,卖盘
728,14:10:54,11.18,0.02,4,4472,买盘
729,14:10:51,11.16,-0.01,50,55800,卖盘
730,14:10:48,11.17,--,1,1117,卖盘
731,14:10:45,11.17,--,10,11170,买盘
732,14:10:42,11.17,--,18,20106,买盘
733,14:10:39,11.17,--,8,8936,买盘
734,14:10:36,11.17,0.01,20,22340,买盘
735,14:10:33,11.16,--,11,12276,卖盘
736,14:10:30,11.16,--,12,13392,卖盘
737,14:10:27,11.16,-0.01,142,158472,卖盘
738,14:10:24,11.17,-0.01,190,212230,卖盘
739,14:10:21,11.18,0.01,1,1118,买盘
740,14:10:18,11.17,-0.01,25,27925,卖盘
741,14:10:15,11.18,--,5,5590,买盘
742,14:10:12,11.18,--,3,3354,买盘
743,14:10:06,11.18,--,4,4472,买盘
744,14:10:03,11.18,0.01,20,22360,买盘
745,14:09:57,11.17,-0.01,31,34627,卖盘
746,14:09:54,11.18,--,4,4472,买盘
747,14:09:51,11.18,0.01,2,2236,买盘
748,14:09:45,11.17,-0.01,24,26808,卖盘
749,14:09:42,11.18,0.01,3,3354,买盘
750,14:09:33,11.17,0.01,12,13404,中性盘
751,14:09:27,11.16,-0.01,132,147312,卖盘
752,14:09:24,11.17,--,124,139524,买盘
753,14:09:21,11.17,0.01,6,6702,买盘
754,14:09:18,11.16,-0.01,2,2232,卖盘
755,14:09:15,11.17,--,28,31276,买盘
756,14:09:12,11.17,--,13,14521,买盘
757,14:09:06,11.17,--,34,37978,买盘
758,14:09:03,11.17,--,186,207762,买盘
759,14:09:00,11.17,-0.01,72,80524,卖盘
760,14:08:57,11.18,0.01,4,4472,买盘
761,14:08:54,11.17,-0.01,201,225533,卖盘
762,14:08:51,11.18,--,12,13416,买盘
763,14:08:45,11.18,--,17,19006,买盘
764,14:08:42,11.18,--,4,4472,买盘
765,14:08:39,11.18,0.01,10,11180,买盘
766,14:08:36,11.17,--,107,119519,卖盘
767,14:08:33,11.17,0.01,8,8936,中性盘
768,14:08:30,11.16,-0.02,197,220856,卖盘
769,14:08:27,11.18,--,8,8944,买盘
770,14:08:21,11.18,0.01,1,1118,买盘
771,14:08:15,11.17,0.01,1,1117,中性盘
772,14:08:12,11.16,-0.02,59,65844,卖盘
773,14:08:09,11.18,0.01,14,15652,买盘
774,14:08:06,11.17,--,2,2234,买盘
775,14:08:03,11.17,--,22,24574,买盘
776,14:08:00,11.17,--,23,25691,买盘
777,14:07:57,11.17,--,1,1117,买盘
778,14:07:54,11.17,--,4,4468,买盘
779,14:07:51,11.17,--,24,26808,买盘
780,14:07:48,11.17,--,148,165316,买盘
781,14:07:45,11.17,0.01,25,27925,买盘
782,14:07:42,11.16,--,169,189284,卖盘
783,14:07:33,11.16,--,11,12276,卖盘
784,14:07:30,11.16,--,1,1116,卖盘
785,14:07:27,11.16,-0.01,17,18972,卖盘
786,14:07:24,11.17,--,2,2234,买盘
787,14:07:21,11.17,0.01,1,1117,买盘
788,14:07:15,11.16,--,7,7812,卖盘
789,14:07:12,11.16,-0.01,33,36828,卖盘
790,14:07:09,11.17,--,1,1117,买盘
791,14:07:06,11.17,--,2,2234,买盘
792,14:07:03,11.17,--,33,36861,买盘
793,14:07:00,11.17,--,6,6702,买盘
794,14:06:57,11.17,--,1,1117,买盘
795,14:06:54,11.17,--,4,4468,买盘
796,14:06:51,11.17,--,6,6702,买盘
797,14:06:48,11.17,--,40,44680,买盘
798,14:06:45,11.17,--,39,43563,买盘
799,14:06:42,11.17,0.01,10,11170,买盘
800,14:06:39,11.16,--,1,1116,卖盘
801,14:06:33,11.16,-0.01,1,1116,卖盘
802,14:06:30,11.17,--,44,49148,买盘
803,14:06:27,11.17,0.01,1,1117,买盘
804,14:06:24,11.16,-0.01,3,3348,卖盘
805,14:06:21,11.17,0.01,41,45797,中性盘
806,14:06:15,11.16,-0.02,23,25668,卖盘
807,14:06:12,11.18,--,1,1118,买盘
808,14:06:09,11.18,0.02,1,1118,买盘
809,14:06:06,11.16,-0.02,41,45756,卖盘
810,14:06:03,11.18,--,28,31304,买盘
811,14:06:00,11.18,--,2,2236,买盘
812,14:05:57,11.18,--,1,1118,买盘
813,14:05:54,11.18,--,9,10062,买盘
814,14:05:51,11.18,--,1,1118,买盘
815,14:05:45,11.18,--,5,5590,买盘
816,14:05:42,11.18,--,2,2236,买盘
817,14:05:39,11.18,--,1,1118,买盘
818,14:05:36,11.18,0.02,14,15652,买盘
819,14:05:33,11.16,-0.02,2,2232,卖盘
820,14:05:30,11.18,--,6,6708,买盘
821,14:05:27,11.18,--,4,4472,买盘
822,14:05:24,11.18,--,1,1118,买盘
823,14:05:21,11.18,--,1,1118,买盘
824,14:05:15,11.18,0.01,2,2236,买盘
825,14:05:12,11.17,0.01,86,96062,买盘
826,14:05:09,11.16,-0.01,15,16740,卖盘
827,14:05:06,11.17,-0.01,18,20106,卖盘
828,14:05:03,11.18,--,19,21242,买盘
829,14:05:00,11.18,--,44,49192,买盘
830,14:04:57,11.18,--,60,67080,买盘
831,14:04:54,11.18,0.01,9,10062,买盘
832,14:04:51,11.17,-0.01,8,8936,卖盘
833,14:04:48,11.18,--,133,148694,买盘
834,14:04:45,11.18,0.01,3,3354,买盘
835,14:04:42,11.17,--,10,11170,卖盘
836,14:04:39,11.17,-0.01,10,11170,卖盘
837,14:04:36,11.18,0.01,117,130806,买盘
838,14:04:33,11.17,-0.01,19,21223,卖盘
839,14:04:30,11.18,--,38,42484,买盘
840,14:04:27,11.18,--,52,58136,买盘
841,14:04:24,11.18,0.01,18,20124,买盘
842,14:04:21,11.17,--,90,100530,卖盘
843,14:04:15,11.17,-0.01,10,11170,卖盘
844,14:04:09,11.18,--,10,11180,买盘
845,14:04:06,11.18,--,3,3354,买盘
846,14:04:03,11.18,--,21,23478,买盘
847,14:04:00,11.18,--,40,44720,买盘
848,14:03:57,11.18,--,1,1118,买盘
849,14:03:54,11.18,--,90,100620,买盘
850,14:03:51,11.18,0.01,8,8944,买盘
851,14:03:48,11.17,-0.01,4,4468,卖盘
852,14:03:45,11.18,--,4,4472,买盘
853,14:03:42,11.18,--,10,11180,买盘
854,14:03:36,11.18,0.01,20,22360,买盘
855,14:03:33,11.17,-0.01,1,1117,卖盘
856,14:03:30,11.18,--,6,6708,买盘
857,14:03:27,11.18,--,3,3354,买盘
858,14:03:24,11.18,--,3,3354,买盘
859,14:03:21,11.18,0.01,1,1118,买盘
860,14:03:18,11.17,-0.01,2,2234,卖盘
861,14:03:15,11.18,--,1,1118,买盘
862,14:03:09,11.18,--,1,1118,买盘
863,14:03:06,11.18,--,4,4472,买盘
864,14:03:03,11.18,--,16,17888,买盘
865,14:03:00,11.18,--,6,6708,买盘
866,14:02:57,11.18,0.01,1,1118,买盘
867,14:02:54,11.17,--,37,41329,买盘
868,14:02:51,11.17,--,10,11170,买盘
869,14:02:48,11.17,--,600,670200,买盘
870,14:02:45,11.17,0.01,3,3351,买盘
871,14:02:42,11.16,-0.01,149,166663,卖盘
872,14:02:39,11.17,0.01,5,5585,买盘
873,14:02:33,11.16,-0.01,283,315828,卖盘
874,14:02:30,11.17,--,21,23457,买盘
875,14:02:27,11.17,--,44,49148,买盘
876,14:02:24,11.17,--,2,2234,买盘
877,14:02:21,11.17,--,2,2234,买盘
878,14:02:18,11.17,0.01,32,35744,买盘
879,14:02:15,11.16,--,20,22320,卖盘
880,14:02:09,11.16,-0.01,237,264492,卖盘
881,14:02:06,11.17,0.01,2,2234,买盘
882,14:02:03,11.16,-0.01,111,123876,卖盘
883,14:02:00,11.17,--,6,6702,买盘
884,14:01:57,11.17,--,1,1117,买盘
885,14:01:54,11.17,--,4,4468,买盘
886,14:01:51,11.17,--,1,1117,买盘
887,14:01:48,11.17,--,37,41329,买盘
888,14:01:45,11.17,0.01,1,1117,买盘
889,14:01:33,11.16,-0.01,1,1116,卖盘
890,14:01:30,11.17,--,6,6702,买盘
891,14:01:27,11.17,--,30,33510,买盘
892,14:01:24,11.17,--,26,29042,买盘
893,14:01:21,11.17,0.01,1,1117,买盘
894,14:01:15,11.16,-0.01,41,45756,卖盘
895,14:01:09,11.17,0.01,2,2234,买盘
896,14:01:06,11.16,-0.01,112,124992,卖盘
897,14:01:03,11.17,--,16,17872,买盘
898,14:01:00,11.17,--,10,11170,买盘
899,14:00:57,11.17,0.01,6,6702,买盘
900,14:00:54,11.16,-0.01,8,8928,卖盘
901,14:00:51,11.17,--,2,2234,买盘
902,14:00:48,11.17,--,2,2234,买盘
903,14:00:45,11.17,--,4,4468,买盘
904,14:00:39,11.17,0.01,4,4468,买盘
905,14:00:30,11.16,-0.01,17,18972,卖盘
906,14:00:27,11.17,--,54,60318,买盘
907,14:00:24,11.17,--,5,5585,买盘
908,14:00:21,11.17,--,1,1117,买盘
909,14:00:18,11.17,0.01,10,11170,买盘
910,14:00:15,11.16,-0.01,9,10044,卖盘
911,14:00:06,11.17,--,3,3351,买盘
912,14:00:03,11.17,--,17,18989,买盘
913,14:00:00,11.17,--,1,1117,买盘
914,13:59:57,11.17,--,3,3351,买盘
915,13:59:51,11.17,0.01,1,1117,买盘
916,13:59:45,11.16,--,11,12276,卖盘
917,13:59:33,11.16,--,72,80352,卖盘
918,13:59:30,11.16,-0.01,92,102672,卖盘
919,13:59:27,11.17,--,8,8936,买盘
920,13:59:24,11.17,--,2,2234,买盘
921,13:59:21,11.17,0.01,1,1117,买盘
922,13:59:18,11.16,-0.01,6,6696,卖盘
923,13:59:15,11.17,--,18,20106,买盘
924,13:59:12,11.17,0.01,13,14521,买盘
925,13:59:09,11.16,-0.01,37,41292,卖盘
926,13:59:06,11.17,--,2,2234,买盘
927,13:59:03,11.17,--,39,43563,买盘
928,13:58:57,11.17,0.01,1,1117,买盘
929,13:58:54,11.16,-0.01,13,14508,卖盘
930,13:58:51,11.17,--,37,41329,买盘
931,13:58:45,11.17,--,4,4468,买盘
932,13:58:42,11.17,--,4,4468,买盘
933,13:58:36,11.17,--,1,1117,买盘
934,13:58:33,11.17,0.01,21,23457,买盘
935,13:58:30,11.16,-0.01,1,1116,卖盘
936,13:58:27,11.17,--,5,5585,买盘
937,13:58:24,11.17,0.01,1,1117,买盘
938,13:58:21,11.16,--,16,17856,卖盘
939,13:58:18,11.16,-0.01,33,36828,卖盘
940,13:58:12,11.17,--,28,31276,买盘
941,13:58:09,11.17,--,12,13404,买盘
942,13:58:06,11.17,--,2,2234,买盘
943,13:58:03,11.17,--,16,17872,买盘
944,13:58:00,11.17,--,2,2234,买盘
945,13:57:57,11.17,--,1,1117,买盘
946,13:57:48,11.17,--,53,59201,买盘
947,13:57:45,11.17,--,1,1117,买盘
948,13:57:42,11.17,0.01,54,60318,买盘
949,13:57:36,11.16,--,2,2232,卖盘
950,13:57:30,11.16,-0.01,1,1116,卖盘
951,13:57:27,11.17,--,2,2234,买盘
952,13:57:24,11.17,--,1,1117,买盘
953,13:57:18,11.17,0.01,1,1117,买盘
954,13:57:09,11.16,-0.02,10,11160,卖盘
955,13:57:06,11.18,0.01,3,3354,买盘
956,13:57:03,11.17,--,57,63669,买盘
957,13:57:00,11.17,--,2,2234,买盘
958,13:56:57,11.17,0.01,16,17872,买盘
959,13:56:54,11.16,--,15,16740,卖盘
960,13:56:51,11.16,-0.01,10,11160,卖盘
961,13:56:48,11.17,--,2,2234,买盘
962,13:56:45,11.17,0.01,4,4468,买盘
963,13:56:42,11.16,--,1,1116,卖盘
964,13:56:39,11.16,--,3,3348,卖盘
965,13:56:30,11.16,-0.01,2,2232,卖盘
966,13:56:27,11.17,--,2,2234,买盘
967,13:56:24,11.17,-0.01,4,4468,中性盘
968,13:56:18,11.18,0.01,43,48074,买盘
969,13:56:15,11.17,--,1,1117,卖盘
970,13:56:12,11.17,--,31,34627,买盘
971,13:56:06,11.17,-0.01,33,36861,卖盘
972,13:56:03,11.18,--,2,2236,买盘
973,13:55:54,11.18,0.01,14,15652,买盘
974,13:55:51,11.17,--,1,1117,买盘
975,13:55:48,11.17,--,119,132923,买盘
976,13:55:45,11.17,--,1,1117,买盘
977,13:55:42,11.17,--,1,1117,买盘
978,13:55:36,11.17,0.01,33,36861,买盘
979,13:55:30,11.16,-0.02,21,23436,卖盘
980,13:55:27,11.18,0.02,1,1118,买盘
981,13:55:24,11.16,--,176,197174,卖盘
982,13:55:21,11.16,-0.02,332,370512,卖盘
983,13:55:18,11.18,0.01,504,563472,买盘
984,13:55:15,11.17,--,2,2234,卖盘
985,13:55:09,11.17,--,68,75956,买盘
986,13:55:06,11.17,0.01,82,91594,买盘
987,13:55:00,11.16,--,1,1116,卖盘
988,13:54:57,11.16,--,72,80352,卖盘
989,13:54:54,11.16,-0.01,53,59148,卖盘
990,13:54:51,11.17,--,10,11170,买盘
991,13:54:48,11.17,--,2,2234,买盘
992,13:54:45,11.17,--,13,14521,买盘
993,13:54:42,11.17,--,3,3351,买盘
994,13:54:36,11.17,-0.01,26,29042,卖盘
995,13:54:33,11.18,0.02,4,4472,买盘
996,13:54:30,11.16,-0.02,1,1116,卖盘
997,13:54:27,11.18,--,115,128570,买盘
998,13:54:24,11.18,--,11,12298,买盘
999,13:54:18,11.18,--,7,7826,买盘
1000,13:54:12,11.18,0.01,2,2236,买盘
1001,13:54:09,11.17,-0.01,3,3351,卖盘
1002,13:54:06,11.18,--,2,2236,买盘
1003,13:54:03,11.18,--,235,262730,买盘
1004,13:54:00,11.18,--,34,38012,买盘
1005,13:53:57,11.18,0.01,1,1118,买盘
1006,13:53:54,11.17,-0.01,18,20106,卖盘
1007,13:53:51,11.18,--,3,3354,买盘
1008,13:53:48,11.18,0.01,1,1118,买盘
1009,13:53:45,11.17,-0.01,9,10053,中性盘
1010,13:53:36,11.18,--,35,39130,买盘
1011,13:53:30,11.18,0.01,51,57018,买盘
1012,13:53:27,11.17,--,2,2234,买盘
1013,13:53:24,11.17,--,2,2234,买盘
1014,13:53:18,11.17,-0.01,1,1117,中性盘
1015,13:53:15,11.18,--,3,3354,买盘
1016,13:53:12,11.18,--,88,98384,买盘
1017,13:53:09,11.18,0.01,12,13416,买盘
1018,13:53:06,11.17,0.01,16,17872,买盘
1019,13:52:57,11.16,-0.01,5,5580,卖盘
1020,13:52:54,11.17,-0.01,22,24574,卖盘
1021,13:52:51,11.18,--,103,115154,买盘
1022,13:52:48,11.18,--,32,35776,买盘
1023,13:52:45,11.18,0.01,11,12298,买盘
1024,13:52:42,11.17,--,1,1117,买盘
1025,13:52:36,11.17,--,6,6702,买盘
1026,13:52:33,11.17,--,1,1117,买盘
1027,13:52:30,11.17,--,5,5585,买盘
1028,13:52:27,11.17,--,3,3351,买盘
1029,13:52:24,11.17,--,1,1831,卖盘
1030,13:52:18,11.17,0.01,0,402,中性盘
1031,13:52:12,11.16,--,396,441936,卖盘
1032,13:52:09,11.16,-0.01,692,772272,卖盘
1033,13:52:06,11.17,0.01,3,3351,买盘
1034,13:52:00,11.16,-0.01,15,16740,卖盘
1035,13:51:57,11.17,0.01,1,1117,买盘
1036,13:51:54,11.16,-0.02,3,3348,卖盘
1037,13:51:51,11.18,--,1,1118,买盘
1038,13:51:48,11.18,0.02,145,162110,买盘
1039,13:51:45,11.16,-0.02,230,257639,卖盘
1040,13:51:33,11.18,0.01,10,11180,买盘
1041,13:51:30,11.17,-0.01,1,1117,卖盘
1042,13:51:27,11.18,--,1,1118,买盘
1043,13:51:24,11.18,0.01,1,1118,买盘
1044,13:51:21,11.17,-0.01,33,36861,卖盘
1045,13:51:18,11.18,--,18,20124,买盘
1046,13:51:15,11.18,--,10,11180,买盘
1047,13:51:09,11.18,--,9,10062,买盘
1048,13:51:06,11.18,--,2,2236,买盘
1049,13:51:03,11.18,0.01,11,12298,买盘
1050,13:51:00,11.17,--,10,11170,卖盘
1051,13:50:57,11.17,--,39,43563,卖盘
1052,13:50:54,11.17,-0.01,31,34627,卖盘
1053,13:50:48,11.18,--,3,3354,买盘
1054,13:50:45,11.18,0.01,11,12298,买盘
1055,13:50:39,11.17,--,2,2234,卖盘
1056,13:50:36,11.17,--,30,33510,卖盘
1057,13:50:33,11.17,--,40,44680,卖盘
1058,13:50:27,11.17,-0.01,36,40212,卖盘
1059,13:50:24,11.18,--,3,3354,买盘
1060,13:50:18,11.18,--,1,1118,买盘
1061,13:50:15,11.18,0.01,2,2236,买盘
1062,13:50:09,11.17,-0.01,9,10053,卖盘
1063,13:50:06,11.18,--,1,1118,买盘
1064,13:50:03,11.18,0.01,11,12298,买盘
1065,13:49:57,11.17,-0.01,107,119519,卖盘
1066,13:49:54,11.18,--,10,11180,买盘
1067,13:49:48,11.18,--,4,4472,买盘
1068,13:49:45,11.18,0.01,30,33540,买盘
1069,13:49:39,11.17,-0.01,122,137055,卖盘
1070,13:49:33,11.18,0.01,49,54782,买盘
1071,13:49:30,11.17,-0.01,1,1117,卖盘
1072,13:49:27,11.18,--,3,3354,买盘
1073,13:49:24,11.18,--,2,2236,买盘
1074,13:49:18,11.18,--,1,1118,买盘
1075,13:49:15,11.18,0.01,1,1118,买盘
1076,13:49:09,11.17,-0.01,1,1117,卖盘
1077,13:49:06,11.18,0.01,1,1118,买盘
1078,13:49:00,11.17,-0.01,25,27925,卖盘
1079,13:48:57,11.18,--,1,1118,买盘
1080,13:48:54,11.18,0.01,1,1118,买盘
1081,13:48:51,11.17,-0.01,16,17872,卖盘
1082,13:48:48,11.18,--,3,3354,买盘
1083,13:48:45,11.18,0.01,1,1118,买盘
1084,13:48:42,11.17,-0.01,30,33510,卖盘
1085,13:48:39,11.18,--,9,10062,买盘
1086,13:48:36,11.18,--,10,11180,买盘
1087,13:48:33,11.18,0.01,6,6708,买盘
1088,13:48:27,11.17,-0.01,2,2234,卖盘
1089,13:48:24,11.18,--,2,2236,买盘
1090,13:48:18,11.18,0.01,15,16770,买盘
1091,13:48:12,11.17,--,62,69254,卖盘
1092,13:48:09,11.17,-0.01,48,53616,卖盘
1093,13:48:03,11.18,0.01,34,38012,买盘
1094,13:48:00,11.17,-0.01,6,6702,卖盘
1095,13:47:51,11.18,--,3,3354,买盘
1096,13:47:48,11.18,--,1,1118,买盘
1097,13:47:45,11.18,0.01,1,1118,买盘
1098,13:47:42,11.17,--,40,44680,卖盘
1099,13:47:39,11.17,--,2,2234,卖盘
1100,13:47:36,11.17,--,22,24574,卖盘
1101,13:47:33,11.17,--,51,56967,卖盘
1102,13:47:27,11.17,-0.01,4,4468,卖盘
1103,13:47:24,11.18,--,2,2236,买盘
1104,13:47:18,11.18,--,191,213538,买盘
1105,13:47:15,11.18,--,1,1118,买盘
1106,13:47:12,11.18,--,370,413660,买盘
1107,13:47:09,11.18,--,4,4472,买盘
1108,13:47:06,11.18,--,4,4472,买盘
1109,13:47:03,11.18,--,2,2236,买盘
1110,13:46:48,11.18,--,3,3354,买盘
1111,13:46:45,11.18,0.01,1,1118,买盘
1112,13:46:36,11.17,-0.01,28,31276,卖盘
1113,13:46:33,11.18,0.01,1,1118,买盘
1114,13:46:27,11.17,-0.01,3,3351,卖盘
1115,13:46:24,11.18,--,21,23478,买盘
1116,13:46:18,11.18,0.01,10,11180,买盘
1117,13:46:12,11.17,-0.01,56,62552,卖盘
1118,13:46:09,11.18,0.01,19,21242,买盘
1119,13:46:00,11.17,--,30,33510,卖盘
1120,13:45:54,11.17,-0.01,5,5585,卖盘
1121,13:45:51,11.18,--,1,1118,买盘
1122,13:45:48,11.18,--,38,42484,买盘
1123,13:45:45,11.18,0.01,1,1118,买盘
1124,13:45:42,11.17,--,19,21223,卖盘
1125,13:45:39,11.17,--,3,3351,卖盘
1126,13:45:36,11.17,-0.01,16,17872,卖盘
1127,13:45:27,11.18,--,15,16770,买盘
1128,13:45:24,11.18,0.01,1,1118,买盘
1129,13:45:18,11.17,-0.01,461,514937,卖盘
1130,13:45:12,11.18,--,5,5590,买盘
1131,13:45:09,11.18,--,193,215774,买盘
1132,13:45:06,11.18,0.01,1,1118,买盘
1133,13:45:03,11.17,--,17,18989,卖盘
1134,13:45:00,11.17,--,33,36861,卖盘
1135,13:44:57,11.17,-0.02,2,2234,卖盘
1136,13:44:54,11.19,0.02,669,748611,买盘
1137,13:44:51,11.17,--,86,96062,卖盘
1138,13:44:48,11.17,-0.01,103,115051,卖盘
1139,13:44:45,11.18,--,10,11180,买盘
1140,13:44:42,11.18,--,25,27950,买盘
1141,13:44:39,11.18,0.01,2,2236,买盘
1142,13:44:27,11.17,--,161,179837,卖盘
1143,13:44:24,11.17,-0.01,9,10053,卖盘
1144,13:44:12,11.18,--,5,5590,买盘
1145,13:44:09,11.18,--,273,305214,买盘
1146,13:44:06,11.18,--,3,3354,买盘
1147,13:44:03,11.18,--,62,69316,买盘
1148,13:43:57,11.18,--,3,3354,买盘
1149,13:43:51,11.18,--,2,2236,买盘
1150,13:43:48,11.18,--,1,1118,买盘
1151,13:43:45,11.18,0.01,20,22360,买盘
1152,13:43:42,11.17,--,2,2234,卖盘
1153,13:43:39,11.17,--,3,3351,卖盘
1154,13:43:36,11.17,-0.01,61,68137,卖盘
1155,13:43:33,11.18,0.01,17,19006,买盘
1156,13:43:27,11.17,-0.01,20,22340,卖盘
1157,13:43:24,11.18,0.01,1,1118,买盘
1158,13:43:21,11.17,-0.01,1,1117,卖盘
1159,13:43:09,11.18,--,10,11180,买盘
1160,13:43:06,11.18,--,1,1118,买盘
1161,13:43:03,11.18,0.01,10,11180,买盘
1162,13:42:51,11.17,-0.01,52,58084,卖盘
1163,13:42:48,11.18,--,51,57018,买盘
1164,13:42:45,11.18,0.01,1,1118,买盘
1165,13:42:36,11.17,-0.01,1,1117,卖盘
1166,13:42:33,11.18,0.01,21,23478,买盘
1167,13:42:30,11.17,--,15,16755,卖盘
1168,13:42:27,11.17,--,4,4468,卖盘
1169,13:42:21,11.17,--,1,1117,卖盘
1170,13:42:18,11.17,--,97,108349,卖盘
1171,13:42:15,11.17,-0.01,5,5585,卖盘
1172,13:42:12,11.18,--,1,1118,买盘
1173,13:42:09,11.18,--,29,32422,买盘
1174,13:42:06,11.18,--,1,1118,买盘
1175,13:42:03,11.18,--,112,125216,买盘
1176,13:41:57,11.18,0.01,30,33540,买盘
1177,13:41:51,11.17,-0.01,104,116168,卖盘
1178,13:41:48,11.18,--,3,3354,买盘
1179,13:41:45,11.18,0.01,1,1118,买盘
1180,13:41:39,11.17,-0.01,11,12287,卖盘
1181,13:41:36,11.18,--,37,41366,买盘
1182,13:41:33,11.18,--,1,1118,买盘
1183,13:41:30,11.18,--,50,55900,买盘
1184,13:41:27,11.18,--,132,147576,买盘
1185,13:41:24,11.18,0.01,3,3354,买盘
1186,13:41:21,11.17,--,3,3351,卖盘
1187,13:41:18,11.17,-0.01,35,39095,卖盘
1188,13:41:15,11.18,0.01,11,12298,买盘
1189,13:41:09,11.17,-0.01,1,2178,卖盘
1190,13:41:06,11.18,0.01,2,2236,买盘
1191,13:40:57,11.17,--,151,168667,卖盘
1192,13:40:54,11.17,-0.01,5,5585,卖盘
1193,13:40:51,11.18,--,1,1118,买盘
1194,13:40:48,11.18,0.01,156,174408,买盘
1195,13:40:42,11.17,-0.01,28,31276,卖盘
1196,13:40:36,11.18,--,10,11180,买盘
1197,13:40:33,11.18,0.01,314,351052,买盘
1198,13:40:30,11.17,--,210,234570,卖盘
1199,13:40:27,11.17,-0.01,162,180954,卖盘
1200,13:40:24,11.18,--,3,3354,买盘
1201,13:40:21,11.18,0.01,1,1118,买盘
1202,13:40:18,11.17,--,33,36861,卖盘
1203,13:40:12,11.17,-0.01,2,2234,卖盘
1204,13:40:09,11.18,--,8,8944,买盘
1205,13:40:06,11.18,--,2,2236,买盘
1206,13:40:03,11.18,0.01,1,1118,买盘
1207,13:39:57,11.17,--,77,86009,卖盘
1208,13:39:54,11.17,-0.01,35,39095,卖盘
1209,13:39:51,11.18,--,3,3354,买盘
1210,13:39:45,11.18,0.01,1,1118,买盘
1211,13:39:39,11.17,-0.01,100,112403,卖盘
1212,13:39:36,11.18,0.01,17,19006,买盘
1213,13:39:33,11.17,--,60,67020,卖盘
1214,13:39:27,11.17,-0.01,58,64786,卖盘
1215,13:39:24,11.18,--,51,57018,买盘
1216,13:39:21,11.18,--,5,5590,买盘
1217,13:39:15,11.18,0.01,7,7826,买盘
1218,13:39:09,11.17,--,1,1117,卖盘
1219,13:39:06,11.17,-0.01,156,174252,卖盘
1220,13:39:03,11.18,--,77,86086,买盘
1221,13:39:00,11.18,--,126,140868,买盘
1222,13:38:54,11.18,0.01,10,11180,买盘
1223,13:38:51,11.17,--,101,112817,卖盘
1224,13:38:42,11.17,-0.01,57,63669,卖盘
1225,13:38:39,11.18,--,100,111800,买盘
1226,13:38:33,11.18,--,5,5590,买盘
1227,13:38:30,11.18,--,8,8944,买盘
1228,13:38:27,11.18,--,2,2236,买盘
1229,13:38:24,11.18,0.01,1,1867,买盘
1230,13:38:18,11.17,--,223,249091,卖盘
1231,13:38:15,11.17,--,401,447917,买盘
1232,13:38:12,11.17,--,1,1117,买盘
1233,13:38:09,11.17,--,3,3351,买盘
1234,13:38:06,11.17,--,2,2234,买盘
1235,13:38:03,11.17,--,20,22340,买盘
1236,13:37:54,11.17,0.01,24,26808,买盘
1237,13:37:51,11.16,-0.01,98,109368,卖盘
1238,13:37:48,11.17,--,3,3351,买盘
1239,13:37:45,11.17,--,81,90477,买盘
1240,13:37:42,11.17,--,99,110583,卖盘
1241,13:37:39,11.17,-0.01,3,3351,卖盘
1242,13:37:33,11.18,--,5,5590,买盘
1243,13:37:30,11.18,0.02,6,6708,买盘
1244,13:37:27,11.16,-0.02,225,251100,卖盘
1245,13:37:24,11.18,0.01,309,345462,买盘
1246,13:37:15,11.17,--,2,2234,卖盘
1247,13:37:09,11.17,--,140,156380,买盘
1248,13:37:03,11.17,--,238,265846,卖盘
1249,13:36:57,11.17,-0.01,447,499299,卖盘
1250,13:36:54,11.18,--,3,3354,买盘
1251,13:36:48,11.18,--,1,1118,买盘
1252,13:36:45,11.18,0.01,1,1118,买盘
1253,13:36:42,11.17,--,12,13404,卖盘
1254,13:36:36,11.17,--,4,4468,卖盘
1255,13:36:24,11.17,--,12,13404,卖盘
1256,13:36:21,11.17,--,117,131258,卖盘
1257,13:36:18,11.17,--,15,16755,卖盘
1258,13:36:15,11.17,--,26,29042,买盘
1259,13:36:12,11.17,--,75,83775,买盘
1260,13:36:06,11.17,--,10,11170,买盘
1261,13:36:03,11.17,--,2,2234,买盘
1262,13:36:00,11.17,0.01,102,113934,买盘
1263,13:35:57,11.16,-0.01,34,37944,卖盘
1264,13:35:54,11.17,0.01,7,7819,买盘
1265,13:35:51,11.16,-0.01,15,16740,卖盘
1266,13:35:48,11.17,--,3,3351,买盘
1267,13:35:45,11.17,--,11,12287,买盘
1268,13:35:39,11.17,--,8,8936,卖盘
1269,13:35:33,11.17,-0.02,2,2234,中性盘
1270,13:35:24,11.19,0.03,11,12309,买盘
1271,13:35:12,11.16,-0.03,485,541260,卖盘
1272,13:35:09,11.19,0.01,931,1042460,买盘
1273,13:35:06,11.18,0.01,5,5590,买盘
1274,13:34:57,11.17,--,5,5585,卖盘
1275,13:34:54,11.17,--,14,15894,买盘
1276,13:34:51,11.17,--,4,4468,买盘
1277,13:34:48,11.17,--,1,1117,买盘
1278,13:34:45,11.17,--,4,4468,买盘
1279,13:34:42,11.17,0.01,1,1117,买盘
1280,13:34:39,11.16,--,1,1116,卖盘
1281,13:34:27,11.16,-0.01,130,145080,卖盘
1282,13:34:24,11.17,--,5,5585,买盘
1283,13:34:21,11.17,--,15,16755,买盘
1284,13:34:18,11.17,-0.01,80,89360,卖盘
1285,13:34:15,11.18,--,60,67080,买盘
1286,13:34:09,11.18,0.01,3,3354,买盘
1287,13:34:06,11.17,--,6,6702,卖盘
1288,13:34:03,11.17,0.01,195,217815,中性盘
1289,13:33:57,11.16,-0.01,159,177444,卖盘
1290,13:33:54,11.17,--,11,12957,买盘
1291,13:33:48,11.17,--,3,3351,买盘
1292,13:33:45,11.17,--,44,49148,买盘
1293,13:33:42,11.17,--,55,62015,卖盘
1294,13:33:39,11.17,--,3,3351,卖盘
1295,13:33:36,11.17,-0.01,58,64786,卖盘
1296,13:33:27,11.18,0.01,31,34658,买盘
1297,13:33:24,11.17,--,29,32393,卖盘
1298,13:33:21,11.17,-0.01,15,16755,卖盘
1299,13:33:18,11.18,--,20,22360,买盘
1300,13:33:15,11.18,0.01,3,3354,买盘
1301,13:33:12,11.17,-0.01,45,50265,卖盘
1302,13:33:09,11.18,--,79,88322,买盘
1303,13:33:06,11.18,--,1,1118,买盘
1304,13:33:03,11.18,--,2,2236,买盘
1305,13:32:57,11.18,--,2,2236,买盘
1306,13:32:48,11.18,-0.01,81,90558,卖盘
1307,13:32:45,11.19,0.02,31,34689,买盘
1308,13:32:42,11.17,-0.01,41,45797,卖盘
1309,13:32:39,11.18,0.01,5,5590,卖盘
1310,13:32:36,11.17,--,37,41329,卖盘
1311,13:32:33,11.17,-0.01,8,8936,卖盘
1312,13:32:27,11.18,--,2,2236,买盘
1313,13:32:24,11.18,--,9,10062,卖盘
1314,13:32:21,11.18,--,159,177762,卖盘
1315,13:32:12,11.18,--,89,99502,买盘
1316,13:32:09,11.18,--,4,4472,买盘
1317,13:32:06,11.18,--,91,101738,买盘
1318,13:32:03,11.18,--,32,35776,买盘
1319,13:32:00,11.18,0.01,1,1118,买盘
1320,13:31:57,11.17,-0.01,102,113934,卖盘
1321,13:31:54,11.18,--,10,11180,买盘
1322,13:31:51,11.18,--,45,50310,卖盘
1323,13:31:45,11.18,--,15,16770,买盘
1324,13:31:42,11.18,--,20,22360,买盘
1325,13:31:39,11.18,--,2,2236,买盘
1326,13:31:24,11.18,--,4,5008,买盘
1327,13:31:21,11.18,0.01,8,8944,买盘
1328,13:31:18,11.17,--,25,27925,卖盘
1329,13:31:15,11.17,-0.01,9,10053,卖盘
1330,13:31:06,11.18,--,18,20124,卖盘
1331,13:31:03,11.18,-0.01,5,5590,中性盘
1332,13:31:00,11.19,0.02,2,2238,买盘
1333,13:30:54,11.17,-0.02,7,7819,卖盘
1334,13:30:51,11.19,--,4,4476,买盘
1335,13:30:48,11.19,--,1,1119,买盘
1336,13:30:45,11.19,0.02,4,4476,买盘
1337,13:30:42,11.17,-0.02,41,45797,卖盘
1338,13:30:39,11.19,--,47,52593,买盘
1339,13:30:36,11.19,0.02,11,12309,买盘
1340,13:30:33,11.17,--,3,3351,卖盘
1341,13:30:27,11.17,-0.01,17,18989,卖盘
1342,13:30:24,11.18,-0.01,6,6708,卖盘
1343,13:30:21,11.19,0.02,1,1119,买盘
1344,13:30:12,11.17,-0.02,84,93828,卖盘
1345,13:30:06,11.19,--,13,14547,买盘
1346,13:30:03,11.19,--,107,119733,买盘
1347,13:29:57,11.19,--,1,1119,买盘
1348,13:29:54,11.19,--,15,16785,买盘
1349,13:29:51,11.19,0.01,30,33570,买盘
1350,13:29:48,11.18,-0.01,48,53664,卖盘
1351,13:29:45,11.19,0.01,5,5595,买盘
1352,13:29:42,11.18,--,46,51428,买盘
1353,13:29:33,11.18,--,11,12298,买盘
1354,13:29:27,11.18,--,3,3354,买盘
1355,13:29:24,11.18,--,4,4472,买盘
1356,13:29:21,11.18,--,11,12298,买盘
1357,13:29:15,11.18,0.01,10,11180,买盘
1358,13:29:12,11.17,-0.01,77,86009,卖盘
1359,13:29:09,11.18,--,17,19006,买盘
1360,13:29:06,11.18,0.01,1,1118,买盘
1361,13:29:00,11.17,-0.01,10,11170,卖盘
1362,13:28:57,11.18,--,54,60372,买盘
1363,13:28:51,11.18,--,30,33540,买盘
1364,13:28:48,11.18,--,80,89440,买盘
1365,13:28:45,11.18,0.01,1,1118,买盘
1366,13:28:42,11.17,0.01,20,22340,卖盘
1367,13:28:36,11.16,-0.01,2,2232,卖盘
1368,13:28:33,11.17,--,10,11884,买盘
1369,13:28:30,11.17,--,2,2234,买盘
1370,13:28:27,11.17,--,1,1117,买盘
1371,13:28:24,11.17,0.01,12,13404,买盘
1372,13:28:15,11.16,--,10,11160,卖盘
1373,13:28:12,11.16,-0.01,4,4464,买盘
1374,13:28:06,11.17,--,11,12287,买盘
1375,13:28:03,11.17,--,46,51382,买盘
1376,13:28:00,11.17,--,30,33510,买盘
1377,13:27:54,11.17,--,17,18989,买盘
1378,13:27:51,11.17,--,10,11170,买盘
1379,13:27:48,11.17,--,4,4468,买盘
1380,13:27:45,11.17,--,10,11170,买盘
1381,13:27:42,11.17,--,12,13404,买盘
1382,13:27:39,11.17,0.02,6,6702,买盘
1383,13:27:36,11.15,-0.02,105,117075,卖盘
1384,13:27:30,11.17,0.01,15,16755,买盘
1385,13:27:27,11.16,--,40,44640,卖盘
1386,13:27:24,11.16,-0.01,5,5580,卖盘
1387,13:27:18,11.17,--,69,77073,买盘
1388,13:27:15,11.17,0.01,68,75956,买盘
1389,13:27:12,11.16,-0.01,73,81468,卖盘
1390,13:27:06,11.17,--,1,1117,买盘
1391,13:27:03,11.17,--,2,2234,买盘
1392,13:26:57,11.17,0.01,20,22340,买盘
1393,13:26:48,11.16,--,159,177444,卖盘
1394,13:26:45,11.16,--,116,129456,买盘
1395,13:26:33,11.16,--,7,7812,买盘
1396,13:26:30,11.16,--,5,5580,买盘
1397,13:26:24,11.16,0.02,2,2232,买盘
1398,13:26:21,11.14,-0.02,2,2228,卖盘
1399,13:26:18,11.16,0.02,1,1116,买盘
1400,13:26:15,11.14,--,2,2228,卖盘
1401,13:26:12,11.14,-0.02,245,272930,卖盘
1402,13:26:06,11.16,0.01,26,29016,买盘
1403,13:26:03,11.15,0.01,79,88085,买盘
1404,13:26:00,11.14,-0.01,138,153732,卖盘
1405,13:25:57,11.15,--,133,148295,买盘
1406,13:25:54,11.15,--,6,6690,买盘
1407,13:25:51,11.15,--,11,12265,买盘
1408,13:25:48,11.15,0.02,185,206843,买盘
1409,13:25:42,11.13,-0.01,120,133560,卖盘
1410,13:25:39,11.14,--,2,2228,买盘
1411,13:25:36,11.14,--,2,2228,买盘
1412,13:25:33,11.14,--,17,18938,买盘
1413,13:25:30,11.14,--,2,2228,买盘
1414,13:25:24,11.14,0.01,1,1114,买盘
1415,13:25:21,11.13,-0.01,24,26712,卖盘
1416,13:25:15,11.14,0.01,1,1114,买盘
1417,13:25:12,11.13,--,83,92379,卖盘
1418,13:25:09,11.13,-0.01,2,2226,卖盘
1419,13:25:06,11.14,--,5,5570,买盘
1420,13:25:03,11.14,--,71,79094,买盘
1421,13:25:00,11.14,--,2,2228,买盘
1422,13:24:57,11.14,--,81,90234,买盘
1423,13:24:51,11.14,--,5,5570,买盘
1424,13:24:48,11.14,0.01,60,66840,买盘
1425,13:24:45,11.13,-0.01,13,14469,卖盘
1426,13:24:42,11.14,--,10,11140,买盘
1427,13:24:30,11.14,--,24,26736,买盘
1428,13:24:24,11.14,0.01,2,2228,买盘
1429,13:24:21,11.13,--,247,274911,卖盘
1430,13:24:15,11.13,-0.01,2,2226,卖盘
1431,13:24:12,11.14,--,82,91348,买盘
1432,13:24:09,11.14,-0.01,266,296324,卖盘
1433,13:24:06,11.15,0.01,1,1115,买盘
1434,13:24:00,11.14,--,18,20052,卖盘
1435,13:23:57,11.14,--,97,108058,卖盘
1436,13:23:54,11.14,-0.01,8,8912,卖盘
1437,13:23:51,11.15,0.01,3,3345,买盘
1438,13:23:45,11.14,--,98,109172,卖盘
1439,13:23:42,11.14,-0.01,41,45674,卖盘
1440,13:23:39,11.15,0.01,46,51290,买盘
1441,13:23:33,11.14,--,38,42332,卖盘
1442,13:23:30,11.14,--,8,8912,卖盘
1443,13:23:27,11.14,-0.01,42,46788,卖盘
1444,13:23:24,11.15,0.01,1,1115,买盘
1445,13:23:21,11.14,-0.01,3,3342,卖盘
1446,13:23:06,11.15,--,1,1115,买盘
1447,13:23:03,11.15,0.01,102,113730,买盘
1448,13:23:00,11.14,-0.01,66,73524,卖盘
1449,13:22:57,11.15,0.01,50,55750,买盘
1450,13:22:54,11.14,-0.01,3,3342,卖盘
1451,13:22:51,11.15,--,4,4460,买盘
1452,13:22:45,11.15,0.01,1,1115,买盘
1453,13:22:33,11.14,--,17,18938,卖盘
1454,13:22:30,11.14,--,11,12254,卖盘
1455,13:22:24,11.14,--,2,2228,卖盘
1456,13:22:21,11.14,0.01,1,1114,卖盘
1457,13:22:15,11.13,-0.02,5,5565,卖盘
1458,13:22:03,11.15,--,29,32335,买盘
1459,13:22:00,11.15,--,6,6690,买盘
1460,13:21:57,11.15,0.01,2,2230,买盘
1461,13:21:51,11.14,--,40,44560,卖盘
1462,13:21:45,11.14,-0.01,3,3342,卖盘
1463,13:21:27,11.15,--,1,1115,买盘
1464,13:21:24,11.15,0.02,2,2230,买盘
1465,13:21:21,11.13,-0.01,121,134673,卖盘
1466,13:21:09,11.14,-0.01,15,16710,卖盘
1467,13:21:06,11.15,--,3,3345,买盘
1468,13:21:03,11.15,--,6,6690,买盘
1469,13:21:00,11.15,0.01,212,236380,买盘
1470,13:20:57,11.14,0.01,89,99146,买盘
1471,13:20:54,11.13,-0.01,9,10017,卖盘
1472,13:20:51,11.14,--,65,72410,买盘
1473,13:20:48,11.14,--,51,56814,卖盘
1474,13:20:45,11.14,--,23,25622,卖盘
1475,13:20:42,11.14,--,8,8912,卖盘
1476,13:20:36,11.14,--,3,3342,卖盘
1477,13:20:33,11.14,0.01,45,50130,中性盘
1478,13:20:30,11.13,-0.01,24,26712,卖盘
1479,13:20:27,11.14,--,4,4456,卖盘
1480,13:20:21,11.14,--,1,1114,卖盘
1481,13:20:18,11.14,--,19,21166,买盘
1482,13:20:15,11.14,--,8,8912,买盘
1483,13:20:12,11.14,0.01,2,2228,买盘
1484,13:20:09,11.13,-0.01,3,3339,卖盘
1485,13:20:06,11.14,--,4,4456,买盘
1486,13:20:03,11.14,0.01,7,7798,买盘
1487,13:19:57,11.13,-0.01,148,164724,卖盘
1488,13:19:54,11.14,--,43,47902,买盘
1489,13:19:51,11.14,--,3,3342,买盘
1490,13:19:48,11.14,-0.01,1,1114,中性盘
1491,13:19:45,11.15,0.01,169,188435,买盘
1492,13:19:42,11.14,--,15,16710,卖盘
1493,13:19:36,11.14,--,70,77980,卖盘
1494,13:19:33,11.14,-0.01,47,52358,卖盘
1495,13:19:30,11.15,0.01,50,55750,买盘
1496,13:19:27,11.14,--,10,11140,卖盘
1497,13:19:24,11.14,--,3,3342,卖盘
1498,13:19:21,11.14,-0.01,12,13368,卖盘
1499,13:19:18,11.15,--,10,11150,买盘
1500,13:19:03,11.15,0.01,179,199585,买盘
1501,13:19:00,11.14,-0.01,50,55700,卖盘
1502,13:18:54,11.15,--,30,33450,买盘
1503,13:18:51,11.15,--,41,45715,买盘
1504,13:18:48,11.15,--,11,12265,买盘
1505,13:18:45,11.15,--,1,1115,买盘
1506,13:18:42,11.15,0.01,208,231920,买盘
1507,13:18:36,11.14,--,74,82436,卖盘
1508,13:18:33,11.14,-0.01,24,26736,卖盘
1509,13:18:30,11.15,--,2,2230,买盘
1510,13:18:27,11.15,--,1,1115,买盘
1511,13:18:24,11.15,--,1,1115,买盘
1512,13:18:21,11.15,0.01,112,124880,买盘
1513,13:18:15,11.14,--,10,11140,卖盘
1514,13:18:12,11.14,-0.01,83,92462,卖盘
1515,13:18:09,11.15,--,110,122650,买盘
1516,13:18:06,11.15,--,1,1115,买盘
1517,13:18:03,11.15,0.01,4,4460,买盘
1518,13:18:00,11.14,-0.01,16,17824,卖盘
1519,13:17:54,11.15,--,1,1115,买盘
1520,13:17:48,11.15,0.01,10,11150,买盘
1521,13:17:45,11.14,--,4,4456,卖盘
1522,13:17:42,11.14,-0.01,9,10026,卖盘
1523,13:17:39,11.15,0.02,9,10035,买盘
1524,13:17:33,11.13,-0.02,225,250425,卖盘
1525,13:17:30,11.15,--,283,315545,买盘
1526,13:17:24,11.15,0.01,7,7805,买盘
1527,13:17:21,11.14,-0.01,15,16710,卖盘
1528,13:17:18,11.15,0.01,13,14495,买盘
1529,13:17:15,11.14,--,107,119198,卖盘
1530,13:17:12,11.14,--,10,11140,卖盘
1531,13:17:09,11.14,--,2,2228,卖盘
1532,13:17:06,11.14,-0.01,67,74638,卖盘
1533,13:17:03,11.15,--,17,18955,买盘
1534,13:16:57,11.15,--,28,31220,买盘
1535,13:16:54,11.15,--,22,24530,买盘
1536,13:16:51,11.15,--,2,2230,买盘
1537,13:16:48,11.15,--,1,1115,买盘
1538,13:16:45,11.15,0.01,45,50175,买盘
1539,13:16:42,11.14,-0.01,119,132566,卖盘
1540,13:16:39,11.15,--,4,4460,买盘
1541,13:16:36,11.15,--,14,15610,买盘
1542,13:16:27,11.15,--,8,8920,买盘
1543,13:16:24,11.15,--,201,224115,买盘
1544,13:16:21,11.15,0.01,6,6690,买盘
1545,13:16:18,11.14,-0.01,78,86892,卖盘
1546,13:16:09,11.15,--,3,3345,买盘
1547,13:16:03,11.15,0.01,1,1115,买盘
1548,13:16:00,11.14,--,22,24508,卖盘
1549,13:15:57,11.14,--,20,22280,卖盘
1550,13:15:54,11.14,--,90,100260,卖盘
1551,13:15:51,11.14,-0.01,208,231712,卖盘
1552,13:15:48,11.15,--,2,2230,买盘
1553,13:15:45,11.15,--,1,1115,买盘
1554,13:15:39,11.15,--,43,47945,买盘
1555,13:15:33,11.15,--,3,3345,买盘
1556,13:15:30,11.15,--,39,43485,买盘
1557,13:15:27,11.15,-0.01,357,398055,卖盘
1558,13:15:24,11.16,0.01,15,16740,买盘
1559,13:15:21,11.15,--,2,2230,卖盘
1560,13:15:18,11.15,-0.01,20,22300,卖盘
1561,13:15:15,11.16,0.01,8,8928,买盘
1562,13:15:12,11.15,-0.01,4,4460,卖盘
1563,13:15:09,11.16,--,11,12276,买盘
1564,13:15:06,11.16,--,6,6696,买盘
1565,13:15:03,11.16,--,35,39060,买盘
1566,13:15:00,11.16,--,2,2232,买盘
1567,13:14:57,11.16,--,5,5580,买盘
1568,13:14:51,11.16,--,1,1116,买盘
1569,13:14:45,11.16,--,5,5580,买盘
1570,13:14:39,11.16,0.03,44,49104,买盘
1571,13:14:27,11.13,-0.03,36,40068,卖盘
1572,13:14:24,11.16,0.01,1,1116,买盘
1573,13:14:21,11.15,-0.01,4,4460,卖盘
1574,13:14:18,11.16,--,28,31248,买盘
1575,13:14:15,11.16,--,1,1116,买盘
1576,13:14:09,11.16,-0.01,31,34596,中性盘
1577,13:14:03,11.17,-0.01,1981,2212777,中性盘
1578,13:14:00,11.18,0.01,3675,4108650,买盘
1579,13:13:54,11.17,--,11,12287,卖盘
1580,13:13:51,11.17,0.01,203,227242,买盘
1581,13:13:48,11.16,-0.01,1,1116,买盘
1582,13:13:45,11.17,--,50,55850,买盘
1583,13:13:39,11.17,--,28,31276,买盘
1584,13:13:36,11.17,--,177,197709,买盘
1585,13:13:33,11.17,--,1,1117,买盘
1586,13:13:27,11.17,--,1,1117,买盘
1587,13:13:24,11.17,0.03,20,22340,买盘
1588,13:13:21,11.14,--,1,1114,卖盘
1589,13:13:18,11.14,--,236,262904,买盘
1590,13:13:15,11.14,0.01,12,13368,买盘
1591,13:13:12,11.13,-0.01,182,202566,卖盘
1592,13:13:09,11.14,--,35,38990,买盘
1593,13:13:06,11.14,--,49,54586,买盘
1594,13:13:03,11.14,--,3,3342,买盘
1595,13:12:57,11.14,--,20,22280,买盘
1596,13:12:54,11.14,--,4,4456,买盘
1597,13:12:51,11.14,0.01,206,229484,买盘
1598,13:12:48,11.13,-0.01,125,139125,卖盘
1599,13:12:45,11.14,--,24,26736,卖盘
1600,13:12:39,11.14,0.01,45,50130,卖盘
1601,13:12:36,11.13,-0.02,10,11130,卖盘
1602,13:12:33,11.15,--,64,71360,买盘
1603,13:12:24,11.15,0.02,3,3345,买盘
1604,13:12:21,11.13,-0.01,108,120204,卖盘
1605,13:12:15,11.14,--,73,81322,买盘
1606,13:12:12,11.14,--,5,5570,买盘
1607,13:12:09,11.14,--,22,24508,卖盘
1608,13:12:06,11.14,-0.01,53,59042,卖盘
1609,13:12:03,11.15,--,53,59095,买盘
1610,13:12:00,11.15,0.01,11,12265,买盘
1611,13:11:57,11.14,-0.01,84,93576,卖盘
1612,13:11:48,11.15,--,51,56865,买盘
1613,13:11:45,11.15,--,12,13380,买盘
1614,13:11:42,11.15,0.02,44,49060,买盘
1615,13:11:39,11.13,-0.02,6,6678,卖盘
1616,13:11:36,11.15,0.02,55,61325,买盘
1617,13:11:33,11.13,-0.02,103,114639,卖盘
1618,13:11:27,11.15,--,1,1115,买盘
1619,13:11:24,11.15,0.02,53,59095,买盘
1620,13:11:21,11.13,-0.02,101,112413,卖盘
1621,13:11:15,11.15,0.02,50,55750,买盘
1622,13:11:06,11.13,-0.02,27,30051,卖盘
1623,13:11:03,11.15,0.02,6,6690,买盘
1624,13:10:54,11.13,-0.02,7,7791,卖盘
1625,13:10:51,11.15,--,20,22300,买盘
1626,13:10:48,11.15,--,21,23415,买盘
1627,13:10:45,11.15,0.02,1,1115,买盘
1628,13:10:42,11.13,--,65,72345,卖盘
1629,13:10:39,11.13,0.01,53,58989,中性盘
1630,13:10:36,11.12,-0.01,50,55599,卖盘
1631,13:10:27,11.13,-0.02,15,16695,卖盘
1632,13:10:24,11.15,0.03,9,10035,买盘
1633,13:10:21,11.12,--,2,2224,卖盘
1634,13:10:18,11.12,-0.02,894,994127,卖盘
1635,13:10:15,11.14,-0.01,9,10026,卖盘
1636,13:10:12,11.15,-0.02,1426,1590614,卖盘
1637,13:10:06,11.17,--,104,116168,买盘
1638,13:10:03,11.17,--,13,14521,买盘
1639,13:10:00,11.17,--,18,20106,买盘
1640,13:09:54,11.17,--,109,121753,卖盘
1641,13:09:51,11.17,--,184,205528,卖盘
1642,13:09:48,11.17,--,9,10053,卖盘
1643,13:09:45,11.17,-0.01,9,10053,卖盘
1644,13:09:39,11.18,0.01,46,51428,买盘
1645,13:09:36,11.17,--,15,16755,卖盘
1646,13:09:27,11.17,-0.01,64,71488,卖盘
1647,13:09:24,11.18,--,2,2236,买盘
1648,13:09:21,11.18,--,25,27950,买盘
1649,13:09:18,11.18,0.01,3,3354,买盘
1650,13:09:15,11.17,-0.01,2,2234,卖盘
1651,13:09:12,11.18,-0.01,25,27950,卖盘
1652,13:09:03,11.19,--,6,6714,买盘
1653,13:09:00,11.19,--,20,22380,买盘
1654,13:08:51,11.19,0.01,1,1119,买盘
1655,13:08:48,11.18,-0.01,63,70434,卖盘
1656,13:08:45,11.19,--,1,1119,买盘
1657,13:08:42,11.19,--,30,33570,买盘
1658,13:08:39,11.19,0.01,44,49236,买盘
1659,13:08:33,11.18,-0.01,50,55900,卖盘
1660,13:08:27,11.19,--,2,2238,买盘
1661,13:08:24,11.19,0.01,1,1119,买盘
1662,13:08:21,11.18,--,31,34658,卖盘
1663,13:08:18,11.18,-0.01,1,1118,卖盘
1664,13:08:03,11.19,--,5,5595,买盘
1665,13:08:00,11.19,--,2,2238,买盘
1666,13:07:57,11.19,0.01,1,1119,买盘
1667,13:07:51,11.18,-0.01,50,55900,卖盘
1668,13:07:48,11.19,--,60,67140,买盘
1669,13:07:45,11.19,--,1,1119,买盘
1670,13:07:39,11.19,--,43,48117,买盘
1671,13:07:36,11.19,0.01,3,3357,买盘
1672,13:07:24,11.18,--,67,74906,卖盘
1673,13:07:21,11.18,--,205,229190,卖盘
1674,13:07:18,11.18,-0.01,2,2236,卖盘
1675,13:07:12,11.19,0.01,256,286464,买盘
1676,13:07:09,11.18,--,52,58136,买盘
1677,13:07:06,11.18,-0.01,14,15652,卖盘
1678,13:07:03,11.19,0.01,1,1119,买盘
1679,13:07:00,11.18,0.02,39,43602,买盘
1680,13:06:57,11.16,-0.01,84,93744,卖盘
1681,13:06:54,11.17,-0.01,2,2234,卖盘
1682,13:06:48,11.18,--,3,3354,买盘
1683,13:06:45,11.18,--,55,61490,买盘
1684,13:06:39,11.18,--,5,5590,买盘
1685,13:06:30,11.18,0.02,1,1118,买盘
1686,13:06:27,11.16,-0.02,53,59148,卖盘
1687,13:06:24,11.18,0.01,51,57018,买盘
1688,13:06:18,11.17,-0.01,1,1117,卖盘
1689,13:06:15,11.18,--,50,55900,买盘
1690,13:06:09,11.18,--,3,3354,买盘
1691,13:06:03,11.18,0.02,2,2236,买盘
1692,13:05:57,11.16,-0.02,53,59148,卖盘
1693,13:05:54,11.18,0.02,68,76024,买盘
1694,13:05:51,11.16,-0.02,15,16740,卖盘
1695,13:05:45,11.18,0.02,7,7826,买盘
1696,13:05:42,11.16,-0.02,4,4464,卖盘
1697,13:05:36,11.18,--,2,2236,买盘
1698,13:05:27,11.18,-0.01,4,4472,买盘
1699,13:05:21,11.19,0.03,6,6714,买盘
1700,13:05:18,11.16,0.01,1,1116,中性盘
1701,13:05:12,11.15,-0.04,375,418125,卖盘
1702,13:05:06,11.19,--,2,2238,买盘
1703,13:05:03,11.19,0.04,2,2238,买盘
1704,13:05:00,11.15,--,7,7805,卖盘
1705,13:04:57,11.15,-0.02,750,836250,卖盘
1706,13:04:48,11.17,-0.01,89,99413,卖盘
1707,13:04:45,11.18,--,141,158532,卖盘
1708,13:04:36,11.18,-0.01,2,2236,卖盘
1709,13:04:27,11.19,--,1,1119,买盘
1710,13:04:24,11.19,0.01,1,1119,买盘
1711,13:04:21,11.18,--,3,3354,卖盘
1712,13:04:18,11.18,--,2,2236,卖盘
1713,13:04:03,11.18,-0.01,15,16770,中性盘
1714,13:03:48,11.19,--,7,7833,买盘
1715,13:03:45,11.19,0.02,5,5595,买盘
1716,13:03:42,11.17,-0.01,35,39095,卖盘
1717,13:03:30,11.18,-0.01,38,42484,卖盘
1718,13:03:24,11.19,--,5,5595,买盘
1719,13:03:21,11.19,0.01,2,2238,买盘
1720,13:03:18,11.18,-0.01,103,115154,卖盘
1721,13:03:15,11.19,0.02,1,1119,买盘
1722,13:03:12,11.17,-0.02,110,122870,卖盘
1723,13:03:03,11.19,0.02,2,2238,买盘
1724,13:03:00,11.17,-0.02,26,29042,卖盘
1725,13:02:48,11.19,--,1,1119,买盘
1726,13:02:45,11.19,--,1,1119,买盘
1727,13:02:42,11.19,--,2,2238,买盘
1728,13:02:39,11.19,0.02,5,5595,买盘
1729,13:02:33,11.17,-0.02,5,5585,卖盘
1730,13:02:27,11.19,--,10,11190,买盘
1731,13:02:24,11.19,0.02,3,3357,买盘
1732,13:02:21,11.17,--,55,61435,卖盘
1733,13:02:18,11.17,-0.02,52,58084,卖盘
1734,13:02:09,11.19,--,2,2238,买盘
1735,13:02:03,11.19,0.01,2,2238,买盘
1736,13:02:00,11.18,--,2,2236,买盘
1737,13:01:57,11.18,--,20,22360,买盘
1738,13:01:54,11.18,--,1,1118,买盘
1739,13:01:51,11.18,--,3,3354,买盘
1740,13:01:48,11.18,0.01,28,31304,买盘
1741,13:01:45,11.17,0.01,2,2234,中性盘
1742,13:01:42,11.16,-0.02,35,39060,卖盘
1743,13:01:36,11.18,0.01,1,1118,中性盘
1744,13:01:30,11.17,-0.01,48,53616,卖盘
1745,13:01:27,11.18,--,3,3354,买盘
1746,13:01:24,11.18,--,11,12298,卖盘
1747,13:01:18,11.18,--,2,2236,卖盘
1748,13:01:15,11.18,0.02,2,2236,中性盘
1749,13:01:06,11.16,-0.03,219,244404,卖盘
1750,13:01:03,11.19,-0.01,3,3357,中性盘
1751,13:00:54,11.2,--,11,12320,买盘
1752,13:00:48,11.2,-0.01,22,24640,卖盘
1753,13:00:45,11.21,--,1,1121,买盘
1754,13:00:39,11.21,--,3,3363,买盘
1755,13:00:33,11.21,0.05,3,3363,买盘
1756,13:00:27,11.16,-0.05,652,727632,卖盘
1757,13:00:24,11.21,0.03,27,30267,买盘
1758,13:00:21,11.18,0.01,14,15652,买盘
1759,13:00:18,11.17,--,32,35744,卖盘
1760,13:00:15,11.17,-0.01,68,75956,卖盘
1761,13:00:12,11.18,--,24,26832,买盘
1762,13:00:09,11.18,--,24,26832,买盘
1763,13:00:06,11.18,0.01,80,89440,买盘
1764,13:00:03,11.17,-0.03,1684,1881028,卖盘
1765,13:00:00,11.2,--,0,0,卖盘
1766,11:30:00,11.2,0.02,437,489439,买盘
1767,11:29:57,11.18,-0.01,2,2236,卖盘
1768,11:29:54,11.19,--,50,55950,卖盘
1769,11:29:51,11.19,--,43,48117,卖盘
1770,11:29:48,11.19,-0.01,82,91758,卖盘
1771,11:29:45,11.2,0.02,1,1120,买盘
1772,11:29:27,11.18,-0.01,45,50310,卖盘
1773,11:29:24,11.19,0.01,73,81687,买盘
1774,11:29:15,11.18,-0.01,1,1118,卖盘
1775,11:29:12,11.19,--,2,2238,买盘
1776,11:29:09,11.19,--,13,14547,买盘
1777,11:29:03,11.19,--,47,52593,买盘
1778,11:29:00,11.19,0.01,20,22380,买盘
1779,11:28:54,11.18,-0.01,2,2236,卖盘
1780,11:28:51,11.19,--,1,1119,买盘
1781,11:28:48,11.19,--,1,1119,买盘
1782,11:28:45,11.19,0.01,24,26856,买盘
1783,11:28:42,11.18,--,10,11180,买盘
1784,11:28:39,11.18,0.01,31,34658,买盘
1785,11:28:36,11.17,-0.01,79,88243,卖盘
1786,11:28:33,11.18,0.01,15,16770,买盘
1787,11:28:30,11.17,-0.01,17,18989,卖盘
1788,11:28:27,11.18,--,52,58136,买盘
1789,11:28:24,11.18,0.01,11,12298,买盘
1790,11:28:18,11.17,-0.01,2,2234,卖盘
1791,11:28:15,11.18,--,2,2236,买盘
1792,11:28:12,11.18,--,50,55900,买盘
1793,11:28:03,11.18,--,2,2236,买盘
1794,11:28:00,11.18,--,5,5590,买盘
1795,11:27:57,11.18,--,542,605956,买盘
1796,11:27:54,11.18,--,55,61490,买盘
1797,11:27:48,11.18,--,79,88322,买盘
1798,11:27:45,11.18,--,27,30186,买盘
1799,11:27:42,11.18,--,4,4472,买盘
1800,11:27:36,11.18,--,10,11180,买盘
1801,11:27:33,11.18,-0.02,973,1087814,卖盘
1802,11:27:30,11.2,0.02,2,2240,买盘
1803,11:27:27,11.18,-0.01,10,11180,卖盘
1804,11:27:24,11.19,0.01,26,29094,买盘
1805,11:27:21,11.18,--,10,11180,卖盘
1806,11:27:18,11.18,--,1,1118,卖盘
1807,11:27:15,11.18,--,5,5590,卖盘
1808,11:27:12,11.18,--,16,17888,卖盘
1809,11:27:09,11.18,0.01,14,15652,买盘
1810,11:27:06,11.17,-0.01,83,92711,卖盘
1811,11:27:03,11.18,--,22,24596,买盘
1812,11:27:00,11.18,--,4,4472,买盘
1813,11:26:51,11.18,--,16,17888,买盘
1814,11:26:48,11.18,-0.02,48,53664,卖盘
1815,11:26:45,11.2,0.02,7,7839,买盘
1816,11:26:42,11.18,--,4,4472,卖盘
1817,11:26:39,11.18,0.01,2,2236,卖盘
1818,11:26:33,11.17,-0.01,527,588659,卖盘
1819,11:26:27,11.18,-0.02,1001,1119118,卖盘
1820,11:26:24,11.2,--,6,6720,买盘
1821,11:26:18,11.2,--,3,3360,买盘
1822,11:26:15,11.2,--,1,1120,买盘
1823,11:26:12,11.2,--,37,41440,买盘
1824,11:26:06,11.2,0.02,3,3360,买盘
1825,11:25:57,11.18,-0.01,142,158756,卖盘
1826,11:25:51,11.19,-0.01,1,1119,卖盘
1827,11:25:48,11.2,--,34,38080,买盘
1828,11:25:45,11.2,0.02,41,45920,买盘
1829,11:25:33,11.18,-0.01,252,281736,卖盘
1830,11:25:30,11.19,--,14,15666,卖盘
1831,11:25:27,11.19,--,20,22380,买盘
1832,11:25:24,11.19,--,3,3357,买盘
1833,11:25:21,11.19,0.01,1,1119,买盘
1834,11:25:15,11.18,-0.01,3,3354,卖盘
1835,11:25:12,11.19,--,10,11190,买盘
1836,11:25:09,11.19,--,10,11190,买盘
1837,11:25:06,11.19,--,13,14547,买盘
1838,11:25:03,11.19,0.01,1,1119,买盘
1839,11:25:00,11.18,--,5,5590,卖盘
1840,11:24:54,11.18,-0.01,1,1118,卖盘
1841,11:24:51,11.19,0.01,6,7430,买盘
1842,11:24:48,11.18,--,209,233662,买盘
1843,11:24:45,11.18,--,36,40248,买盘
1844,11:24:42,11.18,--,57,63726,买盘
1845,11:24:39,11.18,0.01,3,3354,买盘
1846,11:24:36,11.17,-0.01,16,17872,卖盘
1847,11:24:33,11.18,--,50,55900,买盘
1848,11:24:30,11.18,0.01,41,45838,买盘
1849,11:24:27,11.17,--,200,223400,卖盘
1850,11:24:21,11.17,-0.01,5,5585,卖盘
1851,11:24:18,11.18,0.01,20,22360,买盘
1852,11:24:15,11.17,-0.01,59,65903,卖盘
1853,11:24:12,11.18,--,13,14534,买盘
1854,11:24:09,11.18,0.01,10,11180,买盘
1855,11:24:06,11.17,-0.01,119,132923,卖盘
1856,11:24:03,11.18,--,3,3354,买盘
1857,11:24:00,11.18,--,14,15652,买盘
1858,11:23:57,11.18,--,7,7826,买盘
1859,11:23:51,11.18,0.01,53,59254,买盘
1860,11:23:48,11.17,-0.01,7,7819,卖盘
1861,11:23:45,11.18,0.01,50,55900,买盘
1862,11:23:42,11.17,--,15,16755,卖盘
1863,11:23:36,11.17,-0.01,33,36861,卖盘
1864,11:23:33,11.18,--,8,8944,买盘
1865,11:23:30,11.18,0.03,20,22360,买盘
1866,11:23:27,11.15,-0.03,1038,1157370,卖盘
1867,11:23:24,11.18,--,61,68198,买盘
1868,11:23:21,11.18,--,4,4472,买盘
1869,11:23:18,11.18,0.01,70,78260,买盘
1870,11:23:15,11.17,-0.01,11,12287,卖盘
1871,11:23:12,11.18,--,39,43602,买盘
1872,11:23:09,11.18,--,27,30186,买盘
1873,11:23:06,11.18,--,29,32422,买盘
1874,11:23:03,11.18,-0.02,2627,2937388,卖盘
1875,11:23:00,11.2,-0.01,21,23520,卖盘
1876,11:22:57,11.21,--,2,2242,买盘
1877,11:22:54,11.21,--,1,1121,买盘
1878,11:22:51,11.21,--,37,41477,买盘
1879,11:22:45,11.21,0.01,1,1121,买盘
1880,11:22:39,11.2,--,14,15679,卖盘
1881,11:22:36,11.2,-0.01,38,42560,卖盘
1882,11:22:33,11.21,--,33,36993,买盘
1883,11:22:27,11.21,--,2,2242,买盘
1884,11:22:24,11.21,--,18,20178,卖盘
1885,11:22:15,11.21,-0.01,2,2242,中性盘
1886,11:22:06,11.22,--,18,20196,买盘
1887,11:22:03,11.22,--,642,720324,买盘
1888,11:22:00,11.22,--,8,8976,买盘
1889,11:21:54,11.22,--,3,3366,买盘
1890,11:21:51,11.22,--,35,39270,买盘
1891,11:21:48,11.22,--,4,4488,买盘
1892,11:21:45,11.22,0.04,187,209814,买盘
1893,11:21:42,11.18,-0.02,1019,1139242,卖盘
1894,11:21:39,11.2,0.01,36,40320,买盘
1895,11:21:36,11.19,-0.01,132,147708,卖盘
1896,11:21:33,11.2,--,51,57120,买盘
1897,11:21:27,11.2,--,46,51520,买盘
1898,11:21:24,11.2,0.01,24,26880,中性盘
1899,11:21:21,11.19,-0.01,121,135399,卖盘
1900,11:21:15,11.2,--,1,1120,卖盘
1901,11:21:12,11.2,-0.01,46,51520,中性盘
1902,11:21:03,11.21,0.02,21,23541,买盘
1903,11:20:57,11.19,-0.02,7,7833,卖盘
1904,11:20:54,11.21,0.02,23,25783,买盘
1905,11:20:48,11.19,0.01,1,1119,中性盘
1906,11:20:36,11.18,--,34,38012,卖盘
1907,11:20:33,11.18,-0.04,26,29068,卖盘
1908,11:20:30,11.22,0.04,1,1122,中性盘
1909,11:20:27,11.18,0.01,223,250029,买盘
1910,11:20:24,11.17,-0.01,24,26808,卖盘
1911,11:20:21,11.18,--,97,108446,买盘
1912,11:20:18,11.18,0.01,281,314158,买盘
1913,11:20:15,11.17,-0.01,101,112817,卖盘
1914,11:20:06,11.18,-0.02,1786,1997150,卖盘
1915,11:20:03,11.2,-0.04,5005,5605600,卖盘
1916,11:20:00,11.24,--,5,5620,买盘
1917,11:19:57,11.24,0.01,2,2248,买盘
1918,11:19:54,11.23,-0.01,7,7861,卖盘
1919,11:19:48,11.24,--,8,8992,买盘
1920,11:19:45,11.24,0.01,1,1124,买盘
1921,11:19:42,11.23,-0.01,109,122407,卖盘
1922,11:19:39,11.24,0.01,202,227048,买盘
1923,11:19:27,11.23,-0.01,2,2246,卖盘
1924,11:19:24,11.24,0.01,1,1124,买盘
1925,11:19:15,11.23,--,2,2246,卖盘
1926,11:19:12,11.23,-0.01,1,1123,卖盘
1927,11:19:09,11.24,0.01,11,12364,买盘
1928,11:19:06,11.23,-0.01,1,1123,卖盘
1929,11:19:03,11.24,0.01,30,33720,买盘
1930,11:18:54,11.23,-0.01,13,14599,卖盘
1931,11:18:51,11.24,0.01,3,3372,买盘
1932,11:18:42,11.23,-0.01,2,2246,卖盘
1933,11:18:39,11.24,--,41,46084,买盘
1934,11:18:36,11.24,0.01,1,1124,买盘
1935,11:18:33,11.23,-0.01,41,46043,卖盘
1936,11:18:30,11.24,--,2,2248,买盘
1937,11:18:24,11.24,0.01,41,46084,买盘
1938,11:18:21,11.23,-0.01,10,11230,卖盘
1939,11:18:15,11.24,--,10,11240,买盘
1940,11:18:12,11.24,--,17,19108,买盘
1941,11:18:09,11.24,0.01,3,3372,买盘
1942,11:18:06,11.23,-0.01,40,44920,卖盘
1943,11:18:03,11.24,0.01,3,3372,买盘
1944,11:18:00,11.23,-0.01,21,23583,卖盘
1945,11:17:57,11.24,--,21,23604,买盘
1946,11:17:51,11.24,0.01,4,4496,买盘
1947,11:17:48,11.23,-0.01,7,7861,卖盘
1948,11:17:45,11.24,0.01,3,3372,买盘
1949,11:17:42,11.23,--,157,176311,卖盘
1950,11:17:39,11.23,--,201,225723,卖盘
1951,11:17:36,11.23,-0.01,14,15722,卖盘
1952,11:17:33,11.24,--,2,2248,买盘
1953,11:17:30,11.24,--,2,2248,买盘
1954,11:17:24,11.24,0.01,1,1124,买盘
1955,11:17:15,11.23,-0.01,1,1123,卖盘
1956,11:17:09,11.24,--,11,12364,买盘
1957,11:17:06,11.24,--,1,1124,买盘
1958,11:17:03,11.24,--,4,4496,买盘
1959,11:17:00,11.24,0.01,29,32596,买盘
1960,11:16:57,11.23,-0.01,1,1123,卖盘
1961,11:16:48,11.24,--,2,2248,买盘
1962,11:16:45,11.24,--,1,1124,买盘
1963,11:16:42,11.24,--,4,4496,买盘
1964,11:16:36,11.24,0.01,1,1124,买盘
1965,11:16:27,11.23,-0.01,29,32567,卖盘
1966,11:16:24,11.24,0.01,1,1124,买盘
1967,11:16:21,11.23,-0.01,12,13476,卖盘
1968,11:16:18,11.24,0.01,10,11240,买盘
1969,11:16:15,11.23,--,2,2246,卖盘
1970,11:16:12,11.23,-0.01,1,1123,卖盘
1971,11:16:03,11.24,--,169,189956,买盘
1972,11:16:00,11.24,--,5,5620,买盘
1973,11:15:54,11.24,--,1,1124,买盘
1974,11:15:51,11.24,--,54,60696,买盘
1975,11:15:48,11.24,--,165,185460,买盘
1976,11:15:45,11.24,0.01,51,57324,买盘
1977,11:15:36,11.23,-0.01,60,67380,卖盘
1978,11:15:33,11.24,0.01,4,4496,买盘
1979,11:15:27,11.23,-0.01,11,12353,卖盘
1980,11:15:24,11.24,0.01,21,23604,买盘
1981,11:15:21,11.23,--,15,16845,卖盘
1982,11:15:18,11.23,--,1,1123,卖盘
1983,11:15:15,11.23,--,64,71872,卖盘
1984,11:15:12,11.23,-0.01,174,195402,卖盘
1985,11:15:06,11.24,--,72,80928,卖盘
1986,11:15:03,11.24,--,234,263016,卖盘
1987,11:15:00,11.24,-0.01,13,14612,卖盘
1988,11:14:54,11.25,--,18,20250,买盘
1989,11:14:51,11.25,--,1,1125,买盘
1990,11:14:48,11.25,--,60,67500,买盘
1991,11:14:45,11.25,--,1,1125,买盘
1992,11:14:39,11.25,0.01,31,34875,买盘
1993,11:14:36,11.24,-0.01,18,20232,卖盘
1994,11:14:33,11.25,--,29,32625,买盘
1995,11:14:27,11.25,--,35,39375,买盘
1996,11:14:24,11.25,0.01,38,42750,买盘
1997,11:14:15,11.24,--,1,1124,卖盘
1998,11:14:12,11.24,0.01,28,31472,买盘
1999,11:14:09,11.23,--,20,22460,卖盘
2000,11:14:06,11.23,-0.01,4,4492,卖盘
2001,11:14:03,11.24,0.01,4,4496,买盘
2002,11:14:00,11.23,--,2,2246,卖盘
2003,11:13:57,11.23,-0.01,51,57273,卖盘
2004,11:13:54,11.24,--,1,1124,买盘
2005,11:13:51,11.24,--,31,34844,买盘
2006,11:13:48,11.24,--,9,10116,买盘
2007,11:13:45,11.24,--,4,4496,买盘
2008,11:13:42,11.24,--,4,4496,买盘
2009,11:13:36,11.24,0.01,20,22480,买盘
2010,11:13:33,11.23,-0.01,66,74118,卖盘
2011,11:13:27,11.24,--,70,78680,买盘
2012,11:13:24,11.24,--,40,44960,买盘
2013,11:13:21,11.24,--,1,1124,买盘
2014,11:13:15,11.24,0.01,1,1124,买盘
2015,11:13:12,11.23,--,5,5615,卖盘
2016,11:13:06,11.23,-0.01,69,77487,卖盘
2017,11:13:03,11.24,0.01,1,1124,买盘
2018,11:13:00,11.23,--,5,5615,卖盘
2019,11:12:57,11.23,-0.01,2,2246,卖盘
2020,11:12:51,11.24,--,38,42712,买盘
2021,11:12:48,11.24,0.01,8,8992,买盘
2022,11:12:45,11.23,--,2,2246,卖盘
2023,11:12:42,11.23,-0.01,273,306579,卖盘
2024,11:12:39,11.24,0.01,3,3372,买盘
2025,11:12:33,11.23,-0.01,6,6738,卖盘
2026,11:12:27,11.24,--,2,2248,买盘
2027,11:12:24,11.24,--,2,2248,买盘
2028,11:12:21,11.24,--,442,496808,卖盘
2029,11:12:18,11.24,--,30,33720,卖盘
2030,11:12:15,11.24,--,1,1124,卖盘
2031,11:12:12,11.24,--,1,1124,卖盘
2032,11:12:09,11.24,--,21,23604,卖盘
2033,11:12:06,11.24,-0.01,4,4496,卖盘
2034,11:12:03,11.25,--,6,6750,买盘
2035,11:12:00,11.25,--,6,6750,买盘
2036,11:11:57,11.25,--,10,11250,买盘
2037,11:11:54,11.25,0.02,12,13500,买盘
2038,11:11:51,11.23,-0.02,114,128022,卖盘
2039,11:11:48,11.25,--,210,236250,买盘
2040,11:11:45,11.25,--,1,1125,买盘
2041,11:11:33,11.25,0.01,2,2250,买盘
2042,11:11:30,11.24,--,15,16860,卖盘
2043,11:11:27,11.24,--,100,112400,卖盘
2044,11:11:24,11.24,--,30,33720,卖盘
2045,11:11:21,11.24,--,144,161856,买盘
2046,11:11:18,11.24,--,7,7868,买盘
2047,11:11:15,11.24,--,4,4496,买盘
2048,11:11:12,11.24,--,4,4496,买盘
2049,11:11:06,11.24,--,10,11240,买盘
2050,11:11:03,11.24,0.01,119,133756,买盘
2051,11:11:00,11.23,--,0,718,买盘
2052,11:10:57,11.23,--,199,223881,卖盘
2053,11:10:54,11.23,--,2,2246,卖盘
2054,11:10:51,11.23,-0.01,4,4492,卖盘
2055,11:10:48,11.24,--,9,10116,买盘
2056,11:10:45,11.24,0.01,1,1124,买盘
2057,11:10:39,11.23,-0.01,2,2246,卖盘
2058,11:10:36,11.24,--,2,2248,买盘
2059,11:10:33,11.24,--,63,70812,买盘
2060,11:10:30,11.24,0.01,52,58448,买盘
2061,11:10:27,11.23,-0.01,30,33690,卖盘
2062,11:10:24,11.24,0.01,1,1124,买盘
2063,11:10:15,11.23,--,30,33690,卖盘
2064,11:10:12,11.23,--,3,3369,卖盘
2065,11:10:06,11.23,-0.01,16,17968,卖盘
2066,11:10:03,11.24,--,3,3372,买盘
2067,11:10:00,11.24,0.01,10,11240,买盘
2068,11:09:57,11.23,-0.01,190,213370,卖盘
2069,11:09:54,11.24,0.01,9,10116,买盘
2070,11:09:48,11.23,--,34,38182,卖盘
2071,11:09:45,11.23,--,12,13476,卖盘
2072,11:09:39,11.23,--,34,38182,卖盘
2073,11:09:33,11.23,--,184,206632,卖盘
2074,11:09:30,11.23,--,2,2246,卖盘
2075,11:09:27,11.23,--,9,10107,卖盘
2076,11:09:12,11.23,-0.02,3,3369,卖盘
2077,11:09:09,11.25,0.02,2,2250,买盘
2078,11:09:06,11.23,-0.02,181,203263,卖盘
2079,11:09:03,11.25,0.02,65,73125,买盘
2080,11:08:57,11.23,-0.01,7,7861,卖盘
2081,11:08:51,11.24,--,2,2248,买盘
2082,11:08:48,11.24,--,13,14612,买盘
2083,11:08:45,11.24,0.01,202,227048,买盘
2084,11:08:42,11.23,-0.01,185,207755,卖盘
2085,11:08:39,11.24,0.01,2,2248,买盘
2086,11:08:36,11.23,--,114,128022,卖盘
2087,11:08:30,11.23,-0.01,16,17968,卖盘
2088,11:08:27,11.24,-0.01,146,164104,卖盘
2089,11:08:24,11.25,0.01,3,3375,买盘
2090,11:08:21,11.24,--,2,2248,卖盘
2091,11:08:18,11.24,-0.01,177,198948,卖盘
2092,11:08:15,11.25,0.01,102,114750,买盘
2093,11:08:12,11.24,--,2,2248,卖盘
2094,11:08:06,11.24,-0.01,40,44960,卖盘
2095,11:08:03,11.25,--,3,3375,买盘
2096,11:07:57,11.25,--,457,514125,卖盘
2097,11:07:51,11.25,-0.01,233,262125,卖盘
2098,11:07:48,11.26,--,8,9008,买盘
2099,11:07:45,11.26,0.01,9,10134,买盘
2100,11:07:36,11.25,--,31,34875,卖盘
2101,11:07:33,11.25,--,28,31500,卖盘
2102,11:07:27,11.25,--,36,40500,卖盘
2103,11:07:24,11.25,-0.01,12,13500,卖盘
2104,11:07:15,11.26,0.01,8,9008,买盘
2105,11:07:12,11.25,-0.01,3,3375,卖盘
2106,11:07:06,11.26,--,3,3378,买盘
2107,11:07:03,11.26,0.01,347,390722,买盘
2108,11:07:00,11.25,0.01,22,24750,买盘
2109,11:06:57,11.24,-0.01,224,251776,卖盘
2110,11:06:51,11.25,--,1,1125,买盘
2111,11:06:48,11.25,--,18,20250,买盘
2112,11:06:45,11.25,--,1,1125,买盘
2113,11:06:39,11.25,0.01,500,562500,买盘
2114,11:06:36,11.24,--,303,340572,卖盘
2115,11:06:33,11.24,-0.01,77,86548,卖盘
2116,11:06:30,11.25,--,105,118125,买盘
2117,11:06:27,11.25,--,12,13500,买盘
2118,11:06:24,11.25,--,14,15750,买盘
2119,11:06:21,11.25,0.01,500,562500,买盘
2120,11:06:12,11.24,--,1,1124,卖盘
2121,11:06:09,11.24,--,1,1124,卖盘
2122,11:06:06,11.24,-0.01,17,19108,卖盘
2123,11:06:03,11.25,--,5,5625,买盘
2124,11:06:00,11.25,0.01,501,563625,买盘
2125,11:05:51,11.24,-0.01,81,91044,卖盘
2126,11:05:48,11.25,--,4,4500,买盘
2127,11:05:39,11.25,0.01,309,347625,买盘
2128,11:05:36,11.24,--,5,5620,卖盘
2129,11:05:33,11.24,--,18,20232,卖盘
2130,11:05:30,11.24,-0.01,16,17984,卖盘
2131,11:05:27,11.25,--,11,12375,买盘
2132,11:05:24,11.25,--,68,76500,买盘
2133,11:05:15,11.25,0.01,23,25875,买盘
2134,11:05:12,11.24,-0.01,2,2248,卖盘
2135,11:05:09,11.25,--,10,11250,买盘
2136,11:05:03,11.25,--,55,61875,买盘
2137,11:05:00,11.25,--,4,4500,买盘
2138,11:04:57,11.25,0.01,3,3375,买盘
2139,11:04:54,11.24,-0.01,51,57324,卖盘
2140,11:04:51,11.25,0.01,1,1125,买盘
2141,11:04:45,11.24,-0.01,2,2248,卖盘
2142,11:04:42,11.25,--,31,34875,买盘
2143,11:04:39,11.25,0.01,22,24750,买盘
2144,11:04:36,11.24,-0.01,40,44960,卖盘
2145,11:04:33,11.25,--,12,13500,买盘
2146,11:04:30,11.25,--,16,18000,买盘
2147,11:04:27,11.25,--,31,34875,买盘
2148,11:04:24,11.25,--,13,14625,买盘
2149,11:04:21,11.25,--,11,12375,买盘
2150,11:04:15,11.25,0.01,19,21375,买盘
2151,11:04:12,11.24,--,15,16860,卖盘
2152,11:04:09,11.24,-0.01,130,146120,卖盘
2153,11:04:06,11.25,--,1,1125,买盘
2154,11:04:03,11.25,0.01,2,2250,买盘
2155,11:03:54,11.24,--,213,239412,卖盘
2156,11:03:51,11.24,-0.01,3,3372,卖盘
2157,11:03:48,11.25,0.01,1,1125,买盘
2158,11:03:45,11.24,-0.01,21,23604,卖盘
2159,11:03:39,11.25,--,3,3375,买盘
2160,11:03:33,11.25,--,1,1125,买盘
2161,11:03:30,11.25,--,46,51750,买盘
2162,11:03:27,11.25,--,1,1125,买盘
2163,11:03:24,11.25,--,4,4500,买盘
2164,11:03:21,11.25,--,28,31500,买盘
2165,11:03:18,11.25,0.01,13,14625,买盘
2166,11:03:12,11.24,-0.01,1,1124,卖盘
2167,11:03:09,11.25,--,105,118125,买盘
2168,11:03:03,11.25,--,438,492750,卖盘
2169,11:02:51,11.25,-0.01,15,16875,卖盘
2170,11:02:48,11.26,0.01,2,2252,买盘
2171,11:02:45,11.25,-0.01,115,129375,卖盘
2172,11:02:42,11.26,--,34,38284,买盘
2173,11:02:39,11.26,--,11,12386,买盘
2174,11:02:33,11.26,--,40,45040,买盘
2175,11:02:30,11.26,--,10,11260,买盘
2176,11:02:27,11.26,--,19,21394,买盘
2177,11:02:24,11.26,--,131,147506,买盘
2178,11:02:21,11.26,--,1,1126,买盘
2179,11:02:15,11.26,--,3,3378,买盘
2180,11:02:12,11.26,0.01,80,90080,买盘
2181,11:02:09,11.25,--,2,2250,卖盘
2182,11:02:06,11.25,-0.01,3,3375,卖盘
2183,11:02:03,11.26,0.01,10,11260,买盘
2184,11:02:00,11.25,--,69,77625,卖盘
2185,11:01:57,11.25,--,17,19125,卖盘
2186,11:01:51,11.25,--,495,556875,买盘
2187,11:01:48,11.25,--,118,132750,买盘
2188,11:01:45,11.25,0.01,16,18000,买盘
2189,11:01:36,11.24,-0.01,2,2248,卖盘
2190,11:01:33,11.25,--,10,11250,买盘
2191,11:01:30,11.25,--,160,180000,买盘
2192,11:01:27,11.25,--,2,2250,买盘
2193,11:01:24,11.25,0.01,12,13500,买盘
2194,11:01:21,11.24,--,29,32596,卖盘
2195,11:01:12,11.24,0.01,269,302356,买盘
2196,11:01:09,11.23,-0.01,25,28075,卖盘
2197,11:01:06,11.24,--,62,69688,买盘
2198,11:01:03,11.24,--,4,4496,买盘
2199,11:01:00,11.24,0.01,10,11240,买盘
2200,11:00:57,11.23,--,29,32567,卖盘
2201,11:00:54,11.23,--,151,169573,卖盘
2202,11:00:51,11.23,-0.01,17,19091,卖盘
2203,11:00:48,11.24,0.01,2,2248,买盘
2204,11:00:45,11.23,--,7,7861,卖盘
2205,11:00:39,11.23,--,2,2246,卖盘
2206,11:00:33,11.23,-0.01,180,202140,卖盘
2207,11:00:27,11.24,--,2,2248,买盘
2208,11:00:24,11.24,--,11,12364,买盘
2209,11:00:21,11.24,-0.01,7,7868,中性盘
2210,11:00:18,11.25,0.02,9,10125,买盘
2211,11:00:12,11.23,--,19,21337,卖盘
2212,11:00:09,11.23,--,1,1123,卖盘
2213,11:00:06,11.23,-0.02,6,6738,卖盘
2214,11:00:03,11.25,0.02,1,1125,买盘
2215,11:00:00,11.23,-0.02,510,572730,卖盘
2216,10:59:51,11.25,--,9,10125,买盘
2217,10:59:48,11.25,--,30,33750,买盘
2218,10:59:45,11.25,--,1,1125,买盘
2219,10:59:42,11.25,--,1002,1127250,卖盘
2220,10:59:39,11.25,--,60,67500,卖盘
2221,10:59:33,11.25,--,86,96750,卖盘
2222,10:59:30,11.25,--,500,562500,卖盘
2223,10:59:27,11.25,-0.01,21,23625,卖盘
2224,10:59:24,11.26,--,6,6756,买盘
2225,10:59:21,11.26,--,5,5630,买盘
2226,10:59:18,11.26,--,2,2252,买盘
2227,10:59:15,11.26,-0.01,11,12633,卖盘
2228,10:59:09,11.27,0.01,11,12397,买盘
2229,10:59:06,11.26,--,2,2252,卖盘
2230,10:59:03,11.26,-0.01,117,131742,卖盘
2231,10:58:48,11.27,0.01,1,1127,买盘
2232,10:58:45,11.26,--,26,29276,卖盘
2233,10:58:42,11.26,-0.01,20,22520,卖盘
2234,10:58:39,11.27,0.01,21,23667,买盘
2235,10:58:33,11.26,--,44,49544,卖盘
2236,10:58:30,11.26,--,11,12386,卖盘
2237,10:58:27,11.26,--,200,225200,卖盘
2238,10:58:24,11.26,--,121,136246,卖盘
2239,10:58:18,11.26,--,3,3378,卖盘
2240,10:58:15,11.26,--,2,2252,卖盘
2241,10:58:12,11.26,--,1,1126,卖盘
2242,10:58:09,11.26,--,10,11260,卖盘
2243,10:58:06,11.26,-0.01,4,4504,卖盘
2244,10:58:03,11.27,--,6,6762,买盘
2245,10:58:00,11.27,0.01,5,5635,买盘
2246,10:57:57,11.26,--,373,419998,卖盘
2247,10:57:54,11.26,--,30,33780,卖盘
2248,10:57:51,11.26,-0.01,1,1126,卖盘
2249,10:57:48,11.27,0.01,3,3381,买盘
2250,10:57:45,11.26,--,4,4504,卖盘
2251,10:57:42,11.26,--,2,2252,卖盘
2252,10:57:39,11.26,--,100,112600,卖盘
2253,10:57:36,11.26,-0.01,231,260781,卖盘
2254,10:57:33,11.27,--,25,28175,买盘
2255,10:57:27,11.27,--,40,45080,买盘
2256,10:57:24,11.27,--,4,4508,买盘
2257,10:57:21,11.27,--,2,2749,卖盘
2258,10:57:18,11.27,--,0,631,买盘
2259,10:57:15,11.27,-0.01,22,25289,卖盘
2260,10:57:12,11.28,--,240,270720,买盘
2261,10:57:09,11.28,0.01,56,63168,买盘
2262,10:57:06,11.27,-0.01,100,112700,卖盘
2263,10:57:03,11.28,--,313,353064,买盘
2264,10:57:00,11.28,--,8,9024,买盘
2265,10:56:57,11.28,0.01,3,3384,买盘
2266,10:56:54,11.27,--,102,114954,卖盘
2267,10:56:51,11.27,-0.01,1,1127,卖盘
2268,10:56:48,11.28,0.01,61,68808,买盘
2269,10:56:45,11.27,-0.01,2,2254,卖盘
2270,10:56:36,11.28,--,2,2256,买盘
2271,10:56:30,11.28,--,10,11280,买盘
2272,10:56:27,11.28,--,12,13536,买盘
2273,10:56:24,11.28,--,2,2256,买盘
2274,10:56:18,11.28,--,8,9024,买盘
2275,10:56:12,11.28,0.01,2,2256,买盘
2276,10:56:09,11.27,-0.01,15,16905,卖盘
2277,10:56:06,11.28,--,392,442176,买盘
2278,10:56:03,11.28,-0.01,19,21432,中性盘
2279,10:55:57,11.29,0.01,39,44505,买盘
2280,10:55:54,11.28,--,20,22560,卖盘
2281,10:55:51,11.28,-0.01,155,174840,卖盘
2282,10:55:48,11.29,0.01,26,29353,买盘
2283,10:55:45,11.28,--,3,3384,卖盘
2284,10:55:42,11.28,--,300,338400,卖盘
2285,10:55:39,11.28,-0.01,124,140345,卖盘
2286,10:55:30,11.29,--,1,1129,买盘
2287,10:55:24,11.29,--,3,3386,买盘
2288,10:55:12,11.29,0.01,1,1129,买盘
2289,10:55:09,11.28,-0.01,1,1128,卖盘
2290,10:55:06,11.29,--,3,3386,买盘
2291,10:55:03,11.29,0.01,2,2258,买盘
2292,10:54:57,11.28,--,15,16920,卖盘
2293,10:54:51,11.28,--,25,28200,卖盘
2294,10:54:48,11.28,--,4,4512,卖盘
2295,10:54:45,11.28,--,2,2256,卖盘
2296,10:54:42,11.28,--,20,22560,卖盘
2297,10:54:39,11.28,--,6,6768,卖盘
2298,10:54:36,11.28,--,36,40608,卖盘
2299,10:54:27,11.28,-0.01,3,3384,卖盘
2300,10:54:24,11.29,0.01,1,1129,买盘
2301,10:54:21,11.28,--,66,74628,买盘
2302,10:54:18,11.28,--,205,231240,买盘
2303,10:54:03,11.28,--,4,4512,买盘
2304,10:54:00,11.28,--,28,31584,买盘
2305,10:53:57,11.28,--,10,11280,买盘
2306,10:53:54,11.28,--,1,1128,买盘
2307,10:53:51,11.28,--,511,576408,买盘
2308,10:53:48,11.28,--,5,5640,买盘
2309,10:53:45,11.28,--,12,13536,买盘
2310,10:53:42,11.28,--,465,525467,卖盘
2311,10:53:39,11.28,--,1,1128,卖盘
2312,10:53:33,11.28,-0.01,40,45120,卖盘
2313,10:53:30,11.29,--,30,33870,买盘
2314,10:53:27,11.29,--,501,565629,买盘
2315,10:53:24,11.29,--,2,2258,买盘
2316,10:53:21,11.29,0.01,2,2258,买盘
2317,10:53:15,11.28,-0.01,10,11280,卖盘
2318,10:53:06,11.29,--,29,32740,买盘
2319,10:53:03,11.29,--,12,13547,买盘
2320,10:52:51,11.29,--,3,3386,买盘
2321,10:52:48,11.29,--,8,9032,买盘
2322,10:52:45,11.29,--,33,37257,买盘
2323,10:52:42,11.29,--,10,11290,买盘
2324,10:52:39,11.29,0.01,3,3386,买盘
2325,10:52:33,11.28,-0.01,16,18048,卖盘
2326,10:52:30,11.29,--,10,11290,买盘
2327,10:52:27,11.29,--,1,1129,买盘
2328,10:52:24,11.29,--,4,4516,买盘
2329,10:52:21,11.29,--,8,9032,买盘
2330,10:52:12,11.29,--,204,230315,买盘
2331,10:52:06,11.29,--,3,3386,买盘
2332,10:52:03,11.29,0.01,1,1129,买盘
2333,10:52:00,11.28,--,1,1128,卖盘
2334,10:51:54,11.28,-0.01,17,19176,卖盘
2335,10:51:51,11.29,--,1,1129,买盘
2336,10:51:48,11.29,--,6,6773,买盘
2337,10:51:45,11.29,--,2,2258,买盘
2338,10:51:42,11.29,--,120,135480,买盘
2339,10:51:39,11.29,0.01,9,10161,买盘
2340,10:51:36,11.28,-0.01,14,15792,卖盘
2341,10:51:33,11.29,--,5,5645,买盘
2342,10:51:24,11.29,--,4,4516,买盘
2343,10:51:18,11.29,0.01,138,155802,买盘
2344,10:51:15,11.28,-0.01,10,11280,卖盘
2345,10:51:03,11.29,--,7,7902,买盘
2346,10:51:00,11.29,0.01,1,1129,买盘
2347,10:50:57,11.28,-0.01,300,338400,卖盘
2348,10:50:48,11.29,-0.01,139,156931,卖盘
2349,10:50:45,11.3,--,16,18080,买盘
2350,10:50:42,11.3,0.01,182,205660,买盘
2351,10:50:39,11.29,--,28,31611,卖盘
2352,10:50:36,11.29,-0.01,190,214509,卖盘
2353,10:50:33,11.3,0.01,9,10170,买盘
2354,10:50:30,11.29,0.01,169,190801,买盘
2355,10:50:27,11.28,-0.01,3,3384,卖盘
2356,10:50:24,11.29,--,3,3386,买盘
2357,10:50:21,11.29,0.01,43,48546,买盘
2358,10:50:18,11.28,-0.01,19,21432,卖盘
2359,10:50:09,11.29,--,36,40644,买盘
2360,10:50:06,11.29,--,115,129834,买盘
2361,10:50:03,11.29,--,58,65481,买盘
2362,10:50:00,11.29,--,43,48546,买盘
2363,10:49:57,11.29,--,130,146770,买盘
2364,10:49:48,11.29,--,4,4516,买盘
2365,10:49:45,11.29,--,4,4516,买盘
2366,10:49:30,11.29,--,9,10161,买盘
2367,10:49:27,11.29,--,56,63223,买盘
2368,10:49:24,11.29,--,3,3386,买盘
2369,10:49:21,11.29,0.01,13,14676,买盘
2370,10:49:15,11.28,-0.01,0,180,卖盘
2371,10:49:12,11.29,--,13,14676,买盘
2372,10:49:09,11.29,0.01,6,6773,买盘
2373,10:49:06,11.28,-0.01,31,34968,卖盘
2374,10:49:03,11.29,--,2,2258,买盘
2375,10:48:51,11.29,--,12,13547,买盘
2376,10:48:48,11.29,--,2,2258,买盘
2377,10:48:45,11.29,--,10,11290,买盘
2378,10:48:27,11.29,0.01,315,355635,买盘
2379,10:48:24,11.28,-0.01,18,20304,卖盘
2380,10:48:12,11.29,0.01,13,14676,买盘
2381,10:48:09,11.28,--,76,85728,买盘
2382,10:48:06,11.28,--,3,3384,买盘
2383,10:48:03,11.28,--,8,9024,买盘
2384,10:48:00,11.28,--,3,3384,买盘
2385,10:47:57,11.28,0.01,4,4512,买盘
2386,10:47:54,11.27,--,3,3381,卖盘
2387,10:47:51,11.27,-0.01,15,16905,卖盘
2388,10:47:48,11.28,-0.01,79,89112,卖盘
2389,10:47:45,11.29,0.01,6,6773,买盘
2390,10:47:36,11.28,--,40,45120,卖盘
2391,10:47:33,11.28,--,44,49632,买盘
2392,10:47:27,11.28,-0.01,2,2256,中性盘
2393,10:47:24,11.29,--,42,47418,买盘
2394,10:47:21,11.29,0.02,32,36128,买盘
2395,10:47:18,11.27,-0.02,302,340354,卖盘
2396,10:47:12,11.29,--,1,1129,买盘
2397,10:47:09,11.29,0.02,65,73385,买盘
2398,10:47:06,11.27,-0.01,26,29302,卖盘
2399,10:47:03,11.28,--,43,48504,卖盘
2400,10:47:00,11.28,--,18,20304,卖盘
2401,10:46:57,11.28,-0.01,5,5640,卖盘
2402,10:46:54,11.29,0.01,3,3386,买盘
2403,10:46:51,11.28,--,58,66055,买盘
2404,10:46:48,11.28,--,4,4512,买盘
2405,10:46:45,11.28,0.01,2,2256,买盘
2406,10:46:42,11.27,-0.01,15,16905,卖盘
2407,10:46:39,11.28,--,110,124080,买盘
2408,10:46:36,11.28,--,6,6768,买盘
2409,10:46:27,11.28,--,3,3384,买盘
2410,10:46:24,11.28,--,4,4512,买盘
2411,10:46:15,11.28,0.01,10,11280,买盘
2412,10:46:12,11.27,--,4,4508,卖盘
2413,10:46:06,11.27,-0.01,55,61985,卖盘
2414,10:46:03,11.28,--,4,4512,买盘
2415,10:46:00,11.28,0.01,46,51888,买盘
2416,10:45:54,11.27,-0.01,2,2254,卖盘
2417,10:45:51,11.28,--,15,16920,买盘
2418,10:45:48,11.28,--,6,6768,买盘
2419,10:45:45,11.28,--,7,7896,买盘
2420,10:45:42,11.28,--,3,3384,买盘
2421,10:45:27,11.28,-0.01,15,17416,卖盘
2422,10:45:24,11.29,--,4,4516,买盘
2423,10:45:21,11.29,--,1,1129,买盘
2424,10:45:12,11.29,0.01,10,11290,买盘
2425,10:45:09,11.28,-0.01,202,227856,卖盘
2426,10:45:03,11.29,0.01,3,3386,买盘
2427,10:44:54,11.28,--,31,34968,卖盘
2428,10:44:51,11.28,-0.01,43,48504,卖盘
2429,10:44:48,11.29,--,20,22580,买盘
2430,10:44:45,11.29,--,1,1129,买盘
2431,10:44:42,11.29,--,7,7902,买盘
2432,10:44:36,11.29,0.01,54,60965,买盘
2433,10:44:30,11.28,--,5,5640,卖盘
2434,10:44:27,11.28,--,102,115687,买盘
2435,10:44:24,11.28,0.01,13,14664,买盘
2436,10:44:21,11.27,-0.01,1,1127,卖盘
2437,10:44:18,11.28,--,3,3384,买盘
2438,10:44:15,11.28,--,124,140368,卖盘
2439,10:44:12,11.28,-0.01,19,21432,卖盘
2440,10:44:06,11.29,--,39,44031,买盘
2441,10:44:03,11.29,--,7,7902,买盘
2442,10:43:54,11.29,--,1,1129,买盘
2443,10:43:51,11.29,--,1,1129,买盘
2444,10:43:48,11.29,--,3,3386,买盘
2445,10:43:45,11.29,0.01,5,5645,买盘
2446,10:43:42,11.28,--,2,2256,卖盘
2447,10:43:39,11.28,-0.01,3,3384,卖盘
2448,10:43:36,11.29,--,2,2258,买盘
2449,10:43:33,11.29,--,1,1129,买盘
2450,10:43:27,11.29,--,91,102738,买盘
2451,10:43:24,11.29,0.01,1,1129,买盘
2452,10:43:18,11.28,--,8,9024,卖盘
2453,10:43:12,11.28,-0.01,62,69936,卖盘
2454,10:43:06,11.29,--,1,1129,买盘
2455,10:43:03,11.29,--,27,30482,买盘
2456,10:42:54,11.29,--,127,143383,买盘
2457,10:42:51,11.29,--,33,37257,买盘
2458,10:42:48,11.29,--,3,3386,买盘
2459,10:42:45,11.29,0.01,3,3386,买盘
2460,10:42:39,11.28,--,24,27072,卖盘
2461,10:42:36,11.28,-0.01,2,2256,卖盘
2462,10:42:33,11.29,--,2,2258,买盘
2463,10:42:27,11.29,--,4,4516,买盘
2464,10:42:24,11.29,--,2,2258,买盘
2465,10:42:15,11.29,0.01,1,1129,买盘
2466,10:42:12,11.28,-0.01,9,10152,卖盘
2467,10:42:06,11.29,--,2,2258,买盘
2468,10:42:03,11.29,0.01,10,11290,买盘
2469,10:42:00,11.28,-0.01,113,127464,卖盘
2470,10:41:54,11.29,--,1,1129,买盘
2471,10:41:51,11.29,--,1,1129,买盘
2472,10:41:48,11.29,--,3,3386,买盘
2473,10:41:45,11.29,--,2,2258,买盘
2474,10:41:39,11.29,0.01,3,3386,买盘
2475,10:41:33,11.28,-0.01,2,2256,卖盘
2476,10:41:27,11.29,--,1,1129,买盘
2477,10:41:24,11.29,--,2,2258,买盘
2478,10:41:21,11.29,--,29,32740,卖盘
2479,10:41:18,11.29,--,112,126447,卖盘
2480,10:41:15,11.29,--,10,11290,卖盘
2481,10:41:12,11.29,--,29,32740,卖盘
2482,10:41:09,11.29,-0.01,12,13547,卖盘
2483,10:41:03,11.3,--,1,1130,买盘
2484,10:41:00,11.3,0.01,4,4520,买盘
2485,10:40:57,11.29,-0.01,1,1129,卖盘
2486,10:40:54,11.3,--,34,38420,买盘
2487,10:40:51,11.3,0.01,37,41810,买盘
2488,10:40:48,11.29,--,10,11290,卖盘
2489,10:40:45,11.29,--,2,2258,卖盘
2490,10:40:42,11.29,--,22,24837,买盘
2491,10:40:39,11.29,0.01,3,3386,买盘
2492,10:40:36,11.28,--,24,27072,卖盘
2493,10:40:30,11.28,-0.01,15,16920,卖盘
2494,10:40:27,11.29,0.01,9,10793,买盘
2495,10:40:24,11.28,-0.01,5,5640,卖盘
2496,10:40:21,11.29,0.01,2,2258,买盘
2497,10:40:18,11.28,-0.01,301,339528,卖盘
2498,10:40:06,11.29,--,10,11290,买盘
2499,10:40:03,11.29,--,6,6773,买盘
2500,10:40:00,11.29,--,40,45160,买盘
2501,10:39:57,11.29,--,52,58707,买盘
2502,10:39:54,11.29,--,1,1129,买盘
2503,10:39:51,11.29,--,227,256282,买盘
2504,10:39:48,11.29,--,12,13547,买盘
2505,10:39:45,11.29,--,72,81784,卖盘
2506,10:39:42,11.29,-0.01,10,11290,卖盘
2507,10:39:36,11.3,0.01,2,2260,买盘
2508,10:39:33,11.29,--,58,66114,买盘
2509,10:39:24,11.29,0.01,38,42902,买盘
2510,10:39:21,11.28,-0.01,4,4512,卖盘
2511,10:39:18,11.29,--,11,12915,卖盘
2512,10:39:15,11.29,-0.01,247,278863,卖盘
2513,10:39:12,11.3,0.01,9,10170,买盘
2514,10:39:09,11.29,-0.01,3,3386,卖盘
2515,10:39:03,11.3,--,3,3390,买盘
2516,10:38:54,11.3,--,2,2260,买盘
2517,10:38:51,11.3,--,6,6780,买盘
2518,10:38:48,11.3,--,13,14690,买盘
2519,10:38:45,11.3,0.01,1,1130,买盘
2520,10:38:42,11.29,--,7,7902,卖盘
2521,10:38:39,11.29,--,53,59836,卖盘
2522,10:38:36,11.29,--,21,23709,卖盘
2523,10:38:27,11.29,-0.01,18,20322,卖盘
2524,10:38:24,11.3,0.01,11,12430,买盘
2525,10:38:21,11.29,--,22,24837,卖盘
2526,10:38:18,11.29,0.01,114,129338,买盘
2527,10:38:15,11.28,--,12,13536,卖盘
2528,10:38:09,11.28,--,4,4512,卖盘
2529,10:38:06,11.28,--,16,18048,卖盘
2530,10:37:51,11.28,--,56,63168,卖盘
2531,10:37:48,11.28,--,13,14664,买盘
2532,10:37:45,11.28,-0.01,1,1128,中性盘
2533,10:37:42,11.29,0.01,111,125318,买盘
2534,10:37:36,11.28,-0.01,297,335016,卖盘
2535,10:37:30,11.29,--,10,11290,买盘
2536,10:37:24,11.29,0.01,3,3386,买盘
2537,10:37:21,11.28,-0.01,27,30456,卖盘
2538,10:37:18,11.29,--,58,65481,买盘
2539,10:37:15,11.29,0.01,3,3386,买盘
2540,10:37:12,11.28,-0.01,32,36592,卖盘
2541,10:37:09,11.29,0.01,52,59340,买盘
2542,10:37:06,11.28,-0.01,3,3384,卖盘
2543,10:37:03,11.29,--,8,9032,买盘
2544,10:36:57,11.29,-0.01,77,87429,卖盘
2545,10:36:54,11.3,0.01,1,1130,买盘
2546,10:36:51,11.29,--,19,21451,卖盘
2547,10:36:48,11.29,--,20,22580,卖盘
2548,10:36:45,11.29,--,3,3386,卖盘
2549,10:36:42,11.29,--,78,88694,卖盘
2550,10:36:30,11.29,--,22,24837,卖盘
2551,10:36:27,11.29,-0.01,82,92578,卖盘
2552,10:36:24,11.3,0.01,1,1130,买盘
2553,10:36:18,11.29,0.01,339,382731,买盘
2554,10:36:15,11.28,-0.01,1,1128,卖盘
2555,10:36:12,11.29,--,15,16935,买盘
2556,10:36:09,11.29,0.01,2,2258,买盘
2557,10:36:06,11.28,--,57,64295,卖盘
2558,10:35:54,11.28,-0.01,42,47376,卖盘
2559,10:35:51,11.29,0.01,20,22580,买盘
2560,10:35:48,11.28,-0.01,85,95880,卖盘
2561,10:35:45,11.29,0.01,4,4516,买盘
2562,10:35:42,11.28,-0.01,15,16920,卖盘
2563,10:35:36,11.29,0.01,59,66611,买盘
2564,10:35:33,11.28,--,50,56400,卖盘
2565,10:35:27,11.28,-0.01,22,24816,卖盘
2566,10:35:24,11.29,0.01,5,5645,买盘
2567,10:35:21,11.28,-0.01,10,11280,卖盘
2568,10:35:15,11.29,--,10,11290,买盘
2569,10:35:12,11.29,0.01,20,22580,买盘
2570,10:35:09,11.28,--,11,12408,卖盘
2571,10:35:06,11.28,-0.01,401,452328,卖盘
2572,10:35:03,11.29,0.01,456,514823,买盘
2573,10:35:00,11.28,-0.01,10,11280,卖盘
2574,10:34:54,11.29,0.01,33,37257,买盘
2575,10:34:48,11.28,-0.01,2,2256,卖盘
2576,10:34:45,11.29,--,1,1129,买盘
2577,10:34:42,11.29,0.01,65,73385,买盘
2578,10:34:39,11.28,-0.01,21,23688,卖盘
2579,10:34:36,11.29,--,4,4516,买盘
2580,10:34:33,11.29,--,3,3386,买盘
2581,10:34:30,11.29,--,21,23709,买盘
2582,10:34:24,11.29,0.01,105,118544,买盘
2583,10:34:18,11.28,-0.01,1,1128,卖盘
2584,10:34:15,11.29,--,20,22580,卖盘
2585,10:34:12,11.29,--,5,5645,卖盘
2586,10:34:09,11.29,--,38,42902,卖盘
2587,10:34:06,11.29,--,10,11290,卖盘
2588,10:34:03,11.29,--,17,19193,卖盘
2589,10:34:00,11.29,--,15,16935,卖盘
2590,10:33:57,11.29,--,257,290153,卖盘
2591,10:33:54,11.29,--,5,5645,卖盘
2592,10:33:48,11.29,--,76,85804,卖盘
2593,10:33:45,11.29,0.01,15,16935,买盘
2594,10:33:42,11.28,-0.01,91,102648,卖盘
2595,10:33:36,11.29,--,6,6773,买盘
2596,10:33:27,11.29,--,9,10161,买盘
2597,10:33:24,11.29,0.01,1,1129,买盘
2598,10:33:21,11.28,-0.01,35,39480,卖盘
2599,10:33:18,11.29,--,100,112899,买盘
2600,10:33:15,11.29,0.01,28,31611,买盘
2601,10:33:12,11.28,-0.01,9,10152,卖盘
2602,10:33:09,11.29,--,388,438051,卖盘
2603,10:33:06,11.29,--,185,208864,买盘
2604,10:33:03,11.29,0.01,11,12418,买盘
2605,10:33:00,11.28,-0.01,16,18048,卖盘
2606,10:32:57,11.29,0.01,10,11290,买盘
2607,10:32:48,11.28,--,7,7896,卖盘
2608,10:32:45,11.28,-0.01,2,2256,卖盘
2609,10:32:42,11.29,0.01,2,2258,买盘
2610,10:32:39,11.28,-0.01,35,39480,卖盘
2611,10:32:36,11.29,--,245,276605,买盘
2612,10:32:33,11.29,--,19,21451,卖盘
2613,10:32:27,11.29,--,16,18064,卖盘
2614,10:32:24,11.29,--,41,46289,卖盘
2615,10:32:21,11.29,-0.01,100,112899,卖盘
2616,10:32:18,11.3,--,11,12430,买盘
2617,10:32:15,11.3,--,40,45200,买盘
2618,10:32:12,11.3,--,35,39550,买盘
2619,10:32:09,11.3,0.01,319,360470,买盘
2620,10:32:06,11.29,-0.01,20,22580,卖盘
2621,10:32:03,11.3,0.01,1,1130,买盘
2622,10:32:00,11.29,--,130,146770,卖盘
2623,10:31:57,11.29,-0.01,11,12418,卖盘
2624,10:31:54,11.3,0.01,11,12430,买盘
2625,10:31:51,11.29,-0.01,8,9032,卖盘
2626,10:31:48,11.3,--,18,20340,买盘
2627,10:31:45,11.3,0.01,56,63280,买盘
2628,10:31:42,11.29,--,25,28224,卖盘
2629,10:31:39,11.29,--,70,79030,卖盘
2630,10:31:36,11.29,--,3,3386,卖盘
2631,10:31:33,11.29,--,11,12418,卖盘
2632,10:31:30,11.29,--,122,137738,卖盘
2633,10:31:27,11.29,-0.01,24,27095,卖盘
2634,10:31:24,11.3,--,9,10170,买盘
2635,10:31:21,11.3,0.01,25,28250,买盘
2636,10:31:18,11.29,--,5,5645,卖盘
2637,10:31:12,11.29,-0.01,15,16935,卖盘
2638,10:31:06,11.3,--,4,4520,买盘
2639,10:31:03,11.3,--,12,13560,买盘
2640,10:30:57,11.3,0.01,30,33900,买盘
2641,10:30:54,11.29,--,37,41773,卖盘
2642,10:30:51,11.29,--,4,4516,卖盘
2643,10:30:48,11.29,-0.01,15,16935,卖盘
2644,10:30:45,11.3,--,473,534490,买盘
2645,10:30:42,11.3,--,3,3390,买盘
2646,10:30:36,11.3,--,8,9040,买盘
2647,10:30:33,11.3,0.01,3,3390,买盘
2648,10:30:30,11.29,--,16,18064,卖盘
2649,10:30:27,11.29,-0.01,39,44031,卖盘
2650,10:30:24,11.3,--,18,20340,买盘
2651,10:30:21,11.3,--,1,1130,买盘
2652,10:30:15,11.3,--,18,20340,买盘
2653,10:30:12,11.3,0.01,18,20340,买盘
2654,10:30:09,11.29,-0.01,8,9032,卖盘
2655,10:30:06,11.3,0.01,2,2260,买盘
2656,10:30:03,11.29,--,2,2258,卖盘
2657,10:30:00,11.29,-0.01,64,72256,卖盘
2658,10:29:57,11.3,--,25,28250,买盘
2659,10:29:54,11.3,0.01,52,58760,买盘
2660,10:29:51,11.29,-0.01,10,11290,卖盘
2661,10:29:48,11.3,0.01,7,7910,买盘
2662,10:29:45,11.29,-0.01,31,34999,卖盘
2663,10:29:42,11.3,--,143,161590,买盘
2664,10:29:39,11.3,--,20,22600,买盘
2665,10:29:36,11.3,--,20,22600,买盘
2666,10:29:33,11.3,0.01,11,12430,买盘
2667,10:29:30,11.29,-0.01,46,51933,卖盘
2668,10:29:27,11.3,--,4,4520,买盘
2669,10:29:24,11.3,--,41,46330,买盘
2670,10:29:21,11.3,0.01,41,46330,买盘
2671,10:29:18,11.29,-0.01,42,48129,卖盘
2672,10:29:15,11.3,-0.01,35,39550,卖盘
2673,10:29:12,11.31,0.01,188,213046,买盘
2674,10:29:09,11.3,-0.01,60,68511,卖盘
2675,10:29:06,11.31,--,202,228462,买盘
2676,10:29:03,11.31,0.01,1,1131,买盘
2677,10:29:00,11.3,-0.01,10,11300,卖盘
2678,10:28:57,11.31,0.01,10,11310,买盘
2679,10:28:54,11.3,--,105,119068,买盘
2680,10:28:51,11.3,--,194,219931,卖盘
2681,10:28:48,11.3,--,23,25990,卖盘
2682,10:28:45,11.3,--,206,232780,卖盘
2683,10:28:39,11.3,--,6,6780,卖盘
2684,10:28:33,11.3,--,2,2260,卖盘
2685,10:28:30,11.3,--,38,42940,卖盘
2686,10:28:27,11.3,-0.01,200,226000,卖盘
2687,10:28:24,11.31,0.01,15,16965,买盘
2688,10:28:21,11.3,-0.01,30,33900,卖盘
2689,10:28:18,11.31,--,29,33217,买盘
2690,10:28:15,11.31,0.01,12,13572,买盘
2691,10:28:06,11.3,-0.01,11,12430,卖盘
2692,10:28:03,11.31,--,21,23751,买盘
2693,10:28:00,11.31,0.01,12,13572,买盘
2694,10:27:57,11.3,-0.01,108,122040,卖盘
2695,10:27:54,11.31,0.01,1138,1287078,买盘
2696,10:27:51,11.3,0.01,10,11300,买盘
2697,10:27:48,11.29,-0.01,133,150157,卖盘
2698,10:27:45,11.3,--,382,431660,买盘
2699,10:27:42,11.3,--,61,68930,买盘
2700,10:27:39,11.3,--,110,124300,买盘
2701,10:27:36,11.3,--,111,125430,买盘
2702,10:27:33,11.3,--,36,40680,买盘
2703,10:27:30,11.3,--,150,169500,买盘
2704,10:27:27,11.3,0.01,10,11300,买盘
2705,10:27:24,11.29,--,260,293540,卖盘
2706,10:27:21,11.29,-0.01,2,2258,卖盘
2707,10:27:18,11.3,--,1033,1167290,买盘
2708,10:27:15,11.3,--,1,1130,买盘
2709,10:27:12,11.3,--,141,159330,买盘
2710,10:27:06,11.3,--,15,16950,买盘
2711,10:27:03,11.3,--,31,35030,买盘
2712,10:27:00,11.3,0.01,511,577430,买盘
2713,10:26:57,11.29,-0.01,29,32740,卖盘
2714,10:26:54,11.3,0.01,97,109610,买盘
2715,10:26:51,11.29,-0.01,73,82417,卖盘
2716,10:26:48,11.3,0.01,5,5650,买盘
2717,10:26:45,11.29,--,29,32740,卖盘
2718,10:26:42,11.29,-0.01,6,6773,卖盘
2719,10:26:39,11.3,--,35,39550,买盘
2720,10:26:36,11.3,0.01,213,240690,买盘
2721,10:26:33,11.29,-0.01,12,13547,卖盘
2722,10:26:30,11.3,0.01,50,56500,买盘
2723,10:26:27,11.29,-0.01,56,63223,卖盘
2724,10:26:24,11.3,--,6,6780,买盘
2725,10:26:21,11.3,0.01,1,1130,买盘
2726,10:26:18,11.29,-0.01,12,13547,卖盘
2727,10:26:15,11.3,0.01,779,880270,买盘
2728,10:26:12,11.29,-0.01,81,91449,卖盘
2729,10:26:06,11.3,--,289,326570,买盘
2730,10:26:03,11.3,--,8,9040,买盘
2731,10:26:00,11.3,--,10,11300,买盘
2732,10:25:57,11.3,0.01,51,57630,买盘
2733,10:25:54,11.29,--,36,40644,买盘
2734,10:25:51,11.29,0.01,185,208864,买盘
2735,10:25:48,11.28,-0.01,46,51888,卖盘
2736,10:25:45,11.29,--,73,82417,买盘
2737,10:25:42,11.29,0.01,1215,1371735,买盘
2738,10:25:39,11.28,--,5,5640,卖盘
2739,10:25:36,11.28,-0.01,1,1128,卖盘
2740,10:25:33,11.29,--,20,22580,买盘
2741,10:25:30,11.29,--,4,4516,买盘
2742,10:25:27,11.29,0.01,6,6773,买盘
2743,10:25:24,11.28,--,201,226728,卖盘
2744,10:25:21,11.28,-0.01,15,16920,卖盘
2745,10:25:18,11.29,0.01,12,13547,买盘
2746,10:25:12,11.28,--,42,47376,中性盘
2747,10:25:03,11.28,-0.01,12,13536,中性盘
2748,10:24:57,11.29,--,20,22580,买盘
2749,10:24:54,11.29,--,250,282250,买盘
2750,10:24:51,11.29,--,19,21451,买盘
2751,10:24:48,11.29,0.01,11,12418,买盘
2752,10:24:45,11.28,-0.01,401,452328,卖盘
2753,10:24:42,11.29,--,2,2258,买盘
2754,10:24:39,11.29,0.01,28,31611,买盘
2755,10:24:36,11.28,--,7,7896,卖盘
2756,10:24:33,11.28,--,2,2256,卖盘
2757,10:24:30,11.28,-0.01,10,11280,卖盘
2758,10:24:27,11.29,--,44,49675,买盘
2759,10:24:24,11.29,--,4,4516,买盘
2760,10:24:21,11.29,0.01,273,308217,买盘
2761,10:24:18,11.28,--,1,1128,卖盘
2762,10:24:15,11.28,-0.01,10,11280,卖盘
2763,10:24:12,11.29,0.01,701,791428,买盘
2764,10:24:09,11.28,-0.01,211,238008,卖盘
2765,10:24:06,11.29,0.01,17,19193,买盘
2766,10:24:03,11.28,--,119,134232,卖盘
2767,10:24:00,11.28,--,14,15792,卖盘
2768,10:23:54,11.28,-0.01,46,51888,卖盘
2769,10:23:51,11.29,0.01,12,13547,买盘
2770,10:23:48,11.28,-0.01,104,117312,卖盘
2771,10:23:45,11.29,0.01,9,10161,买盘
2772,10:23:42,11.28,--,851,959928,买盘
2773,10:23:36,11.28,--,29,32711,买盘
2774,10:23:27,11.28,--,10,11280,买盘
2775,10:23:24,11.28,0.01,4,4512,买盘
2776,10:23:21,11.27,-0.01,135,152145,卖盘
2777,10:23:18,11.28,--,156,175968,买盘
2778,10:23:12,11.28,--,2,2256,买盘
2779,10:23:09,11.28,--,1000,1128000,买盘
2780,10:23:06,11.28,0.01,19,21432,买盘
2781,10:23:03,11.27,-0.01,2,2254,卖盘
2782,10:23:00,11.28,0.01,147,165816,买盘
2783,10:22:57,11.27,-0.01,7,7889,卖盘
2784,10:22:54,11.28,--,20,22560,买盘
2785,10:22:51,11.28,0.01,12,13536,买盘
2786,10:22:48,11.27,-0.01,3,3381,卖盘
2787,10:22:45,11.28,--,4,4512,买盘
2788,10:22:42,11.28,0.01,29,32711,买盘
2789,10:22:36,11.27,--,141,158907,卖盘
2790,10:22:33,11.27,-0.01,11,12397,卖盘
2791,10:22:30,11.28,--,11,12408,买盘
2792,10:22:27,11.28,--,27,30456,买盘
2793,10:22:24,11.28,--,38,42864,买盘
2794,10:22:18,11.28,0.01,12,13536,买盘
2795,10:22:15,11.27,--,10,11270,卖盘
2796,10:22:12,11.27,--,11,12397,卖盘
2797,10:22:09,11.27,--,6,6762,卖盘
2798,10:22:06,11.27,--,42,47334,卖盘
2799,10:22:03,11.27,-0.01,9,10143,卖盘
2800,10:22:00,11.28,0.01,122,137616,买盘
2801,10:21:57,11.27,--,1,1127,卖盘
2802,10:21:54,11.27,--,12,13524,卖盘
2803,10:21:51,11.27,-0.01,65,73255,卖盘
2804,10:21:48,11.28,0.01,41,46248,买盘
2805,10:21:42,11.27,-0.01,33,37191,卖盘
2806,10:21:39,11.28,--,12,13536,买盘
2807,10:21:36,11.28,0.01,5,5640,买盘
2808,10:21:33,11.27,--,55,61985,卖盘
2809,10:21:27,11.27,--,7,7889,卖盘
2810,10:21:21,11.27,-0.01,122,137494,卖盘
2811,10:21:18,11.28,0.01,34,38352,买盘
2812,10:21:15,11.27,-0.01,30,33810,卖盘
2813,10:21:12,11.28,--,1,1128,买盘
2814,10:21:09,11.28,--,100,112800,买盘
2815,10:21:06,11.28,--,2,2256,买盘
2816,10:21:03,11.28,--,106,119568,买盘
2817,10:20:54,11.28,--,6,6768,买盘
2818,10:20:51,11.28,0.01,12,13536,买盘
2819,10:20:48,11.27,--,53,59731,卖盘
2820,10:20:45,11.27,--,13,14651,卖盘
2821,10:20:42,11.27,-0.01,70,78890,卖盘
2822,10:20:36,11.28,0.01,9,10152,买盘
2823,10:20:33,11.27,--,2,2254,卖盘
2824,10:20:27,11.27,--,10,11270,卖盘
2825,10:20:24,11.27,--,10,11270,卖盘
2826,10:20:21,11.27,-0.01,120,135240,卖盘
2827,10:20:18,11.28,0.01,12,13536,买盘
2828,10:20:12,11.27,-0.01,2,2254,卖盘
2829,10:20:09,11.28,0.01,10,11280,买盘
2830,10:20:06,11.27,--,30,33810,卖盘
2831,10:20:03,11.27,-0.01,2,2254,卖盘
2832,10:20:00,11.28,0.01,1,1128,买盘
2833,10:19:54,11.27,--,9,10143,卖盘
2834,10:19:51,11.27,--,12,13524,卖盘
2835,10:19:48,11.27,--,551,620977,买盘
2836,10:19:45,11.27,0.01,24,27048,买盘
2837,10:19:42,11.26,-0.01,12,13512,卖盘
2838,10:19:39,11.27,--,4,4508,买盘
2839,10:19:36,11.27,0.01,38,42826,买盘
2840,10:19:33,11.26,--,58,65510,卖盘
2841,10:19:30,11.26,-0.01,9,10134,卖盘
2842,10:19:27,11.27,--,4,4508,买盘
2843,10:19:24,11.27,--,18,20286,买盘
2844,10:19:21,11.27,--,12,13524,买盘
2845,10:19:18,11.27,--,34,38318,卖盘
2846,10:19:15,11.27,--,23,25921,卖盘
