,time,price,change,volume,amount,type
0,15:00:03,13.68,0.02,7023,9607737,买盘
1,14:57:00,13.66,--,654,893364,卖盘
2,14:56:57,13.66,--,49,66934,卖盘
3,14:56:54,13.66,-0.01,45,61743,卖盘
4,14:56:51,13.67,0.01,3,4101,买盘
5,14:56:48,13.66,--,188,256808,卖盘
6,14:56:45,13.66,--,84,114744,卖盘
7,14:56:42,13.66,--,578,789548,买盘
8,14:56:39,13.66,--,60,81960,卖盘
9,14:56:36,13.66,--,485,662510,卖盘
10,14:56:33,13.66,--,156,213096,卖盘
11,14:56:30,13.66,--,188,257832,买盘
12,14:56:27,13.66,--,154,210364,买盘
13,14:56:24,13.66,--,449,613334,买盘
14,14:56:21,13.66,--,84,114744,买盘
15,14:56:18,13.66,--,145,198070,买盘
16,14:56:15,13.66,--,52,71032,卖盘
17,14:56:12,13.66,-0.01,259,353794,卖盘
18,14:56:09,13.67,--,137,187279,买盘
19,14:56:06,13.67,0.01,89,121663,买盘
20,14:56:03,13.66,--,8,10928,卖盘
21,14:56:00,13.66,--,288,393408,卖盘
22,14:55:57,13.66,0.01,1074,1467630,买盘
23,14:55:54,13.65,--,125,170625,卖盘
24,14:55:51,13.65,--,554,756210,卖盘
25,14:55:48,13.65,--,52,70980,卖盘
26,14:55:45,13.65,--,53,72345,卖盘
27,14:55:42,13.65,--,24,32760,卖盘
28,14:55:39,13.65,--,49,66885,卖盘
29,14:55:36,13.65,0.01,609,831285,买盘
30,14:55:33,13.64,-0.01,90,122760,卖盘
31,14:55:30,13.65,--,144,196560,买盘
32,14:55:27,13.65,0.01,56,76440,买盘
33,14:55:24,13.64,-0.01,43,58652,卖盘
34,14:55:18,13.65,0.01,33,45045,买盘
35,14:55:15,13.64,-0.01,16,21824,卖盘
36,14:55:12,13.65,0.01,10,13650,买盘
37,14:55:09,13.64,-0.01,202,275528,卖盘
38,14:55:06,13.65,0.01,1630,2224950,买盘
39,14:55:03,13.64,--,35,47740,买盘
40,14:55:00,13.64,--,706,962984,买盘
41,14:54:57,13.64,--,79,107756,买盘
42,14:54:54,13.64,--,68,92752,买盘
43,14:54:51,13.64,0.01,25,34100,买盘
44,14:54:48,13.63,--,193,263059,卖盘
45,14:54:45,13.63,-0.01,107,145841,卖盘
46,14:54:42,13.64,0.02,68,92752,买盘
47,14:54:39,13.62,-0.01,286,389532,卖盘
48,14:54:36,13.63,0.01,770,1049510,买盘
49,14:54:33,13.62,-0.01,1,1362,卖盘
50,14:54:30,13.63,--,107,145841,买盘
51,14:54:27,13.63,--,407,554741,买盘
52,14:54:24,13.63,0.01,251,342113,买盘
53,14:54:21,13.62,--,26,35412,卖盘
54,14:54:18,13.62,--,10,13620,卖盘
55,14:54:15,13.62,--,65,88530,卖盘
56,14:54:12,13.62,--,36,49032,卖盘
57,14:54:09,13.62,--,266,362292,买盘
58,14:54:06,13.62,--,781,1063722,买盘
59,14:54:03,13.62,--,490,667380,买盘
60,14:54:00,13.62,0.01,46,62652,买盘
61,14:53:57,13.61,--,666,906426,卖盘
62,14:53:54,13.61,--,35,47635,卖盘
63,14:53:51,13.61,-0.01,31,42191,卖盘
64,14:53:48,13.62,0.01,60,81720,买盘
65,14:53:45,13.61,-0.01,2,2722,卖盘
66,14:53:42,13.62,0.01,338,460356,买盘
67,14:53:39,13.61,-0.01,85,115685,卖盘
68,14:53:36,13.62,0.01,7,9534,买盘
69,14:53:33,13.61,--,63,85743,卖盘
70,14:53:30,13.61,--,12,16332,卖盘
71,14:53:27,13.61,--,106,144266,卖盘
72,14:53:24,13.61,--,118,160598,卖盘
73,14:53:21,13.61,--,260,353860,卖盘
74,14:53:18,13.61,--,1,1361,卖盘
75,14:53:15,13.61,--,51,69411,卖盘
76,14:53:12,13.61,--,134,182374,卖盘
77,14:53:09,13.61,--,92,125212,卖盘
78,14:53:06,13.61,--,228,310308,卖盘
79,14:53:03,13.61,--,98,133378,卖盘
80,14:53:00,13.61,--,202,274922,卖盘
81,14:52:57,13.61,--,256,349504,买盘
82,14:52:54,13.61,--,37,50357,买盘
83,14:52:51,13.61,--,94,127934,买盘
84,14:52:48,13.61,0.01,97,132017,买盘
85,14:52:45,13.6,-0.01,91,123760,卖盘
86,14:52:39,13.61,0.01,913,1242593,买盘
87,14:52:36,13.6,-0.01,1,1360,卖盘
88,14:52:33,13.61,0.01,35,47635,买盘
89,14:52:30,13.6,-0.01,210,285600,卖盘
90,14:52:27,13.61,--,39,53079,买盘
91,14:52:24,13.61,0.01,52,70772,买盘
92,14:52:21,13.6,-0.01,39,53040,卖盘
93,14:52:18,13.61,--,255,347327,卖盘
94,14:52:15,13.61,--,98,133378,卖盘
95,14:52:12,13.61,--,112,152432,卖盘
96,14:52:09,13.61,--,61,83021,卖盘
97,14:52:06,13.61,--,9,12249,卖盘
98,14:52:03,13.61,--,32,43552,卖盘
99,14:52:00,13.61,--,408,555288,卖盘
100,14:51:57,13.61,--,48,65328,卖盘
101,14:51:54,13.61,-0.01,234,318474,卖盘
102,14:51:51,13.62,--,28,38136,买盘
103,14:51:48,13.62,--,153,208386,买盘
104,14:51:45,13.62,0.01,73,99426,买盘
105,14:51:42,13.61,-0.01,34,46274,卖盘
106,14:51:39,13.62,--,39,53118,买盘
107,14:51:36,13.62,0.01,20,27240,买盘
108,14:51:33,13.61,--,2,2722,卖盘
109,14:51:30,13.61,0.01,465,633953,买盘
110,14:51:27,13.6,--,77,104720,卖盘
111,14:51:24,13.6,-0.01,174,236912,卖盘
112,14:51:21,13.61,-0.01,71,96631,卖盘
113,14:51:18,13.62,0.01,62,84444,买盘
114,14:51:15,13.61,--,57,77577,卖盘
115,14:51:12,13.61,-0.01,22,29942,卖盘
116,14:51:09,13.62,0.01,557,758634,买盘
117,14:51:06,13.61,--,61,83021,卖盘
118,14:51:03,13.61,--,327,445047,卖盘
119,14:51:00,13.61,-0.01,151,205511,卖盘
120,14:50:57,13.62,0.01,109,148458,买盘
121,14:50:54,13.61,--,45,61245,卖盘
122,14:50:51,13.61,--,460,626060,卖盘
123,14:50:48,13.61,--,601,817961,卖盘
124,14:50:45,13.61,-0.01,56,76216,卖盘
125,14:50:42,13.62,0.01,36,49032,买盘
126,14:50:36,13.61,-0.01,1,1361,卖盘
127,14:50:33,13.62,--,15,20430,买盘
128,14:50:30,13.62,--,282,384084,卖盘
129,14:50:24,13.62,--,6,8171,卖盘
130,14:50:21,13.62,--,10,13620,卖盘
131,14:50:18,13.62,--,36,49032,卖盘
132,14:50:15,13.62,--,123,167526,买盘
133,14:50:12,13.62,--,73,99426,买盘
134,14:50:09,13.62,0.01,346,471252,买盘
135,14:50:06,13.61,-0.01,86,117046,卖盘
136,14:50:03,13.62,0.01,154,209748,买盘
137,14:50:00,13.61,-0.01,19,26947,卖盘
138,14:49:57,13.62,--,447,608814,买盘
139,14:49:54,13.62,0.01,22,29964,买盘
140,14:49:51,13.61,--,195,265395,卖盘
141,14:49:48,13.61,--,51,69411,卖盘
142,14:49:45,13.61,--,2,2722,卖盘
143,14:49:42,13.61,--,40,54440,卖盘
144,14:49:39,13.61,--,30,40830,卖盘
145,14:49:36,13.61,--,52,70772,卖盘
146,14:49:30,13.61,0.01,60,81660,买盘
147,14:49:27,13.6,-0.01,125,170000,卖盘
148,14:49:24,13.61,--,272,370192,卖盘
149,14:49:21,13.61,--,36,48996,买盘
150,14:49:18,13.61,--,63,85743,卖盘
151,14:49:15,13.61,0.01,172,234092,买盘
152,14:49:12,13.6,-0.01,82,111520,卖盘
153,14:49:09,13.61,0.01,347,472267,买盘
154,14:49:03,13.6,-0.01,52,70720,卖盘
155,14:49:00,13.61,0.01,24,32664,买盘
156,14:48:57,13.6,--,46,62560,卖盘
157,14:48:54,13.6,-0.01,20,27200,卖盘
158,14:48:51,13.61,--,41,55801,买盘
159,14:48:48,13.61,0.01,11,14971,买盘
160,14:48:45,13.6,--,64,87040,卖盘
161,14:48:42,13.6,-0.01,52,70720,卖盘
162,14:48:39,13.61,--,219,298059,卖盘
163,14:48:36,13.61,--,255,347055,卖盘
164,14:48:33,13.61,--,108,146988,卖盘
165,14:48:30,13.61,--,111,151071,卖盘
166,14:48:27,13.61,-0.01,11,14971,卖盘
167,14:48:24,13.62,0.01,34,46308,买盘
168,14:48:21,13.61,-0.01,56,76216,卖盘
169,14:48:18,13.62,--,144,196128,买盘
170,14:48:15,13.62,0.01,69,93978,买盘
171,14:48:12,13.61,-0.01,92,125212,卖盘
172,14:48:09,13.62,0.01,5,6810,买盘
173,14:48:06,13.61,-0.02,2,2722,卖盘
174,14:48:03,13.63,0.01,298,406174,买盘
175,14:48:00,13.62,--,5,6810,卖盘
176,14:47:57,13.62,-0.01,752,1024223,卖盘
177,14:47:54,13.63,0.01,610,831430,买盘
178,14:47:51,13.62,--,45,61290,卖盘
179,14:47:48,13.62,--,13,17706,卖盘
180,14:47:45,13.62,-0.01,420,572040,卖盘
181,14:47:42,13.63,0.01,47,64061,买盘
182,14:47:39,13.62,--,17,23154,卖盘
183,14:47:36,13.62,-0.01,22,29964,卖盘
184,14:47:33,13.63,--,34,46342,买盘
185,14:47:30,13.63,--,56,76328,买盘
186,14:47:27,13.63,--,72,98136,买盘
187,14:47:24,13.63,--,19,25897,买盘
188,14:47:21,13.63,0.01,97,132211,买盘
189,14:47:18,13.62,-0.01,50,68100,卖盘
190,14:47:15,13.63,0.01,34,46342,买盘
191,14:47:12,13.62,-0.01,20,27240,卖盘
192,14:47:09,13.63,0.01,73,99499,买盘
193,14:47:06,13.62,-0.02,735,1001070,卖盘
194,14:47:03,13.64,0.01,60,81840,买盘
195,14:47:00,13.63,--,20,27260,卖盘
196,14:46:54,13.63,-0.01,119,162197,卖盘
197,14:46:51,13.64,--,16,21824,买盘
198,14:46:48,13.64,--,552,752928,买盘
199,14:46:45,13.64,0.01,126,171864,买盘
200,14:46:42,13.63,-0.01,11,14993,卖盘
201,14:46:39,13.64,0.01,43,58652,买盘
202,14:46:36,13.63,--,32,43616,卖盘
203,14:46:33,13.63,--,202,275326,卖盘
204,14:46:30,13.63,-0.01,70,95410,卖盘
205,14:46:27,13.64,0.01,35,47740,买盘
206,14:46:24,13.63,--,27,36801,卖盘
207,14:46:21,13.63,-0.01,11,14993,卖盘
208,14:46:18,13.64,0.01,26,35464,买盘
209,14:46:15,13.63,--,98,133574,卖盘
210,14:46:12,13.63,-0.01,94,128122,卖盘
211,14:46:09,13.64,0.01,69,94116,买盘
212,14:46:06,13.63,-0.01,11,14993,卖盘
213,14:46:03,13.64,--,111,151404,买盘
214,14:46:00,13.64,0.01,100,136400,买盘
215,14:45:57,13.63,-0.01,23,31349,卖盘
216,14:45:51,13.64,--,39,53196,卖盘
217,14:45:48,13.64,--,16,21824,卖盘
218,14:45:45,13.64,--,72,98208,卖盘
219,14:45:42,13.64,--,144,196416,买盘
220,14:45:39,13.64,--,206,280984,买盘
221,14:45:36,13.64,0.01,84,114576,买盘
222,14:45:33,13.63,--,436,594268,卖盘
223,14:45:30,13.63,-0.01,63,85869,卖盘
224,14:45:27,13.64,--,128,174592,买盘
225,14:45:24,13.64,0.01,10,13640,买盘
226,14:45:21,13.63,-0.01,687,936381,卖盘
227,14:45:18,13.64,0.01,50,68200,买盘
228,14:45:15,13.63,--,20,27260,卖盘
229,14:45:12,13.63,-0.01,51,69513,卖盘
230,14:45:09,13.64,--,35,47740,买盘
231,14:45:06,13.64,0.01,29,39556,买盘
232,14:45:03,13.63,--,44,59972,卖盘
233,14:45:00,13.63,--,6,8178,卖盘
234,14:44:57,13.63,--,30,40890,卖盘
235,14:44:54,13.63,--,51,69513,卖盘
236,14:44:51,13.63,--,95,129485,卖盘
237,14:44:48,13.63,--,6,8178,卖盘
238,14:44:39,13.63,0.01,353,481139,买盘
239,14:44:36,13.62,--,8,10896,卖盘
240,14:44:27,13.62,-0.01,10,13620,卖盘
241,14:44:24,13.63,0.01,149,203087,买盘
242,14:44:21,13.62,--,6,8171,卖盘
243,14:44:18,13.62,--,26,35412,卖盘
244,14:44:15,13.62,--,71,96702,卖盘
245,14:44:12,13.62,-0.01,17,23154,卖盘
246,14:44:09,13.63,--,23,31349,买盘
247,14:44:06,13.63,0.01,105,143115,买盘
248,14:44:03,13.62,-0.01,55,74910,卖盘
249,14:44:00,13.63,--,360,490680,卖盘
250,14:43:57,13.63,-0.01,24,32712,卖盘
251,14:43:51,13.64,0.01,111,151404,买盘
252,14:43:48,13.63,--,513,699219,卖盘
253,14:43:45,13.63,--,392,534296,卖盘
254,14:43:42,13.63,-0.01,233,317579,卖盘
255,14:43:39,13.64,0.01,15,20460,买盘
256,14:43:36,13.63,--,51,69513,卖盘
257,14:43:33,13.63,--,2,2726,卖盘
258,14:43:30,13.63,-0.01,2,2726,卖盘
259,14:43:27,13.64,--,226,308264,卖盘
260,14:43:24,13.64,--,142,193688,卖盘
261,14:43:21,13.64,--,61,83204,卖盘
262,14:43:18,13.64,-0.01,21,28644,卖盘
263,14:43:15,13.65,--,51,69615,买盘
264,14:43:12,13.65,0.01,206,281190,买盘
265,14:43:09,13.64,--,222,302808,卖盘
266,14:43:06,13.64,-0.01,117,159588,卖盘
267,14:43:03,13.65,--,263,358995,买盘
268,14:43:00,13.65,0.01,69,94185,买盘
269,14:42:57,13.64,--,22,30008,卖盘
270,14:42:54,13.64,--,20,27280,卖盘
271,14:42:51,13.64,-0.01,129,175956,卖盘
272,14:42:48,13.65,0.01,979,1336335,买盘
273,14:42:45,13.64,--,6,8184,卖盘
274,14:42:42,13.64,--,1,1364,卖盘
275,14:42:39,13.64,--,5,6820,卖盘
276,14:42:36,13.64,--,87,118668,卖盘
277,14:42:33,13.64,-0.01,86,117304,卖盘
278,14:42:30,13.65,0.01,111,151515,买盘
279,14:42:27,13.64,-0.01,17,23188,卖盘
280,14:42:24,13.65,--,215,293475,买盘
281,14:42:21,13.65,0.01,59,80535,买盘
282,14:42:18,13.64,--,9,12276,卖盘
283,14:42:15,13.64,--,6,8184,卖盘
284,14:42:12,13.64,-0.01,131,178684,卖盘
285,14:42:09,13.65,0.01,140,191100,买盘
286,14:42:06,13.64,--,12,16368,卖盘
287,14:42:03,13.64,--,10,13640,卖盘
288,14:42:00,13.64,-0.01,8,10912,卖盘
289,14:41:57,13.65,--,146,199290,买盘
290,14:41:54,13.65,0.01,6,8190,买盘
291,14:41:51,13.64,-0.01,27,36828,卖盘
292,14:41:48,13.65,0.01,69,94185,买盘
293,14:41:45,13.64,--,57,77748,卖盘
294,14:41:42,13.64,-0.01,65,88660,卖盘
295,14:41:39,13.65,--,54,73710,买盘
296,14:41:36,13.65,0.01,104,141960,买盘
297,14:41:33,13.64,--,7,9548,卖盘
298,14:41:30,13.64,-0.01,7,9548,卖盘
299,14:41:27,13.65,--,68,92820,买盘
300,14:41:24,13.65,0.01,515,702975,买盘
301,14:41:21,13.64,-0.01,26,35464,卖盘
302,14:41:18,13.65,--,36,49140,买盘
303,14:41:15,13.65,--,10,13650,买盘
304,14:41:12,13.65,--,110,150150,买盘
305,14:41:09,13.65,--,53,72345,买盘
306,14:41:06,13.65,--,17,23205,买盘
307,14:41:03,13.65,--,2,2730,买盘
308,14:41:00,13.65,0.01,88,120120,买盘
309,14:40:57,13.64,-0.01,10,13640,卖盘
310,14:40:54,13.65,0.01,142,193830,买盘
311,14:40:51,13.64,--,138,188232,卖盘
312,14:40:48,13.64,--,9,12276,卖盘
313,14:40:42,13.64,--,100,136400,卖盘
314,14:40:39,13.64,--,3,4092,卖盘
315,14:40:36,13.64,--,42,57288,卖盘
316,14:40:33,13.64,--,66,90024,卖盘
317,14:40:30,13.64,-0.01,197,268708,卖盘
318,14:40:27,13.65,--,12,16380,买盘
319,14:40:24,13.65,--,23,31395,买盘
320,14:40:21,13.65,--,5,6825,买盘
321,14:40:18,13.65,--,267,364455,卖盘
322,14:40:15,13.65,--,54,73710,卖盘
323,14:40:12,13.65,--,31,42315,卖盘
324,14:40:09,13.65,-0.01,49,66885,卖盘
325,14:40:06,13.66,0.01,17,23222,买盘
326,14:40:03,13.65,-0.01,24,32760,卖盘
327,14:40:00,13.66,--,27,36882,买盘
328,14:39:57,13.66,0.01,1,1366,买盘
329,14:39:54,13.65,-0.01,247,337155,卖盘
330,14:39:51,13.66,0.01,70,95620,买盘
331,14:39:48,13.65,-0.01,108,147420,卖盘
332,14:39:45,13.66,--,50,68300,买盘
333,14:39:42,13.66,--,18,24588,买盘
334,14:39:39,13.66,0.01,33,45078,买盘
335,14:39:36,13.65,--,57,77805,卖盘
336,14:39:33,13.65,-0.01,33,45045,卖盘
337,14:39:30,13.66,0.01,10,13660,买盘
338,14:39:27,13.65,--,11,15015,卖盘
339,14:39:24,13.65,--,54,73710,卖盘
340,14:39:21,13.65,--,69,94185,卖盘
341,14:39:18,13.65,--,163,222495,卖盘
342,14:39:15,13.65,-0.01,116,158340,卖盘
343,14:39:12,13.66,--,10,13660,买盘
344,14:39:06,13.66,--,19,25954,买盘
345,14:39:03,13.66,--,10,13660,买盘
346,14:38:54,13.66,0.01,24,32784,买盘
347,14:38:51,13.65,-0.02,226,309309,卖盘
348,14:38:48,13.67,0.01,89,121663,买盘
349,14:38:45,13.66,--,96,131136,卖盘
350,14:38:42,13.66,-0.01,81,110646,卖盘
351,14:38:39,13.67,0.01,403,550901,买盘
352,14:38:36,13.66,--,22,30052,卖盘
353,14:38:33,13.66,--,33,45078,卖盘
354,14:38:30,13.66,-0.01,31,42346,卖盘
355,14:38:27,13.67,0.01,24,32808,买盘
356,14:38:21,13.66,--,2,2732,卖盘
357,14:38:18,13.66,--,1,1366,卖盘
358,14:38:15,13.66,--,89,121574,卖盘
359,14:38:12,13.66,--,45,61470,卖盘
360,14:38:09,13.66,--,36,49176,卖盘
361,14:38:06,13.66,--,29,39614,卖盘
362,14:38:03,13.66,-0.01,28,38248,卖盘
363,14:38:00,13.67,0.01,58,79286,买盘
364,14:37:57,13.66,-0.01,1,1366,卖盘
365,14:37:54,13.67,--,38,51946,买盘
366,14:37:51,13.67,--,62,84754,买盘
367,14:37:48,13.67,0.01,151,206417,买盘
368,14:37:39,13.66,--,106,145342,买盘
369,14:37:36,13.66,--,67,91522,买盘
370,14:37:33,13.66,--,652,890632,买盘
371,14:37:30,13.66,0.01,10,13660,买盘
372,14:37:27,13.65,-0.01,22,30030,卖盘
373,14:37:24,13.66,--,62,84692,买盘
374,14:37:21,13.66,--,488,666608,买盘
375,14:37:18,13.66,--,3,4098,买盘
376,14:37:15,13.66,--,11,15026,买盘
377,14:37:12,13.66,--,68,92888,买盘
378,14:37:09,13.66,0.01,31,42346,买盘
379,14:37:06,13.65,--,8,10920,卖盘
380,14:37:03,13.65,-0.01,30,40950,卖盘
381,14:37:00,13.66,--,10,13660,买盘
382,14:36:57,13.66,--,66,90156,买盘
383,14:36:54,13.66,0.01,178,243148,买盘
384,14:36:51,13.65,-0.01,21,28665,卖盘
385,14:36:48,13.66,0.01,39,53274,买盘
386,14:36:45,13.65,-0.01,26,35490,卖盘
387,14:36:42,13.66,--,65,88790,买盘
388,14:36:39,13.66,--,83,113378,卖盘
389,14:36:36,13.66,--,39,53274,卖盘
390,14:36:33,13.66,0.01,35,47810,买盘
391,14:36:30,13.65,-0.01,319,435435,卖盘
392,14:36:27,13.66,--,28,38248,买盘
393,14:36:24,13.66,0.01,85,116110,买盘
394,14:36:21,13.65,-0.01,47,64155,卖盘
395,14:36:18,13.66,0.01,138,188508,买盘
396,14:36:15,13.65,--,17,23205,卖盘
397,14:36:12,13.65,-0.01,220,300300,卖盘
398,14:36:09,13.66,0.01,83,113378,买盘
399,14:36:06,13.65,--,1,1365,卖盘
400,14:36:03,13.65,--,219,298935,买盘
401,14:36:00,13.65,--,498,679770,买盘
402,14:35:57,13.65,0.01,110,150150,买盘
403,14:35:54,13.64,--,1,1364,卖盘
404,14:35:51,13.64,--,19,25916,卖盘
405,14:35:48,13.64,--,190,259160,买盘
406,14:35:45,13.64,--,22,30008,买盘
407,14:35:42,13.64,--,24,32736,买盘
408,14:35:39,13.64,--,197,268708,卖盘
409,14:35:36,13.64,--,83,113212,卖盘
410,14:35:33,13.64,--,38,51832,卖盘
411,14:35:27,13.64,--,465,634260,买盘
412,14:35:24,13.64,0.01,19,25916,买盘
413,14:35:21,13.63,-0.01,17,23171,卖盘
414,14:35:18,13.64,--,15,20460,买盘
415,14:35:15,13.64,--,80,109120,买盘
416,14:35:12,13.64,--,296,403744,买盘
417,14:35:09,13.64,0.01,30,40920,买盘
418,14:35:06,13.63,--,49,66787,卖盘
419,14:35:03,13.63,--,234,318942,买盘
420,14:35:00,13.63,--,29,39527,买盘
421,14:34:57,13.63,--,1,1363,买盘
422,14:34:54,13.63,--,7,9541,买盘
423,14:34:51,13.63,--,10,13630,买盘
424,14:34:48,13.63,0.01,182,248066,买盘
425,14:34:45,13.62,--,4,5448,卖盘
426,14:34:42,13.62,--,1,1362,卖盘
427,14:34:39,13.62,0.01,20,27240,买盘
428,14:34:36,13.61,-0.01,332,451852,卖盘
429,14:34:33,13.62,0.01,83,113046,买盘
430,14:34:30,13.61,--,626,851986,卖盘
431,14:34:24,13.61,-0.01,62,84382,卖盘
432,14:34:21,13.62,0.01,24,32687,买盘
433,14:34:15,13.61,--,1,1361,卖盘
434,14:34:12,13.61,--,142,193262,卖盘
435,14:34:06,13.61,--,429,584086,买盘
436,14:34:03,13.61,--,365,496765,买盘
437,14:34:00,13.61,--,45,61245,买盘
438,14:33:57,13.61,--,56,76216,买盘
439,14:33:54,13.61,--,45,61245,买盘
440,14:33:51,13.61,--,42,57162,买盘
441,14:33:48,13.61,--,4,5444,买盘
442,14:33:45,13.61,--,178,243401,卖盘
443,14:33:42,13.61,-0.01,10,13610,卖盘
444,14:33:39,13.62,--,20,27240,买盘
445,14:33:36,13.62,0.01,133,181146,买盘
446,14:33:33,13.61,--,51,69411,卖盘
447,14:33:27,13.61,--,6,8166,卖盘
448,14:33:24,13.61,--,262,356582,卖盘
449,14:33:21,13.61,-0.01,1,1361,卖盘
450,14:33:18,13.62,0.01,12,16343,买盘
451,14:33:15,13.61,--,11,14971,卖盘
452,14:33:12,13.61,-0.01,1,1361,卖盘
453,14:33:09,13.62,--,48,65375,买盘
454,14:33:06,13.62,--,21,28602,买盘
455,14:33:03,13.62,--,34,46308,买盘
456,14:33:00,13.62,--,645,878490,买盘
457,14:32:57,13.62,0.01,3,4085,买盘
458,14:32:54,13.61,-0.01,120,163320,卖盘
459,14:32:51,13.62,--,9,12258,买盘
460,14:32:48,13.62,--,208,283296,卖盘
461,14:32:45,13.62,-0.01,44,59928,卖盘
462,14:32:42,13.63,--,353,481139,买盘
463,14:32:39,13.63,0.01,16,21808,买盘
464,14:32:36,13.62,--,4,5448,中性盘
465,14:32:33,13.62,--,9,12258,卖盘
466,14:32:30,13.62,-0.01,41,55842,中性盘
467,14:32:27,13.63,0.02,5,6815,买盘
468,14:32:24,13.61,--,615,837015,卖盘
469,14:32:21,13.61,-0.03,14,19054,卖盘
470,14:32:18,13.64,--,621,847044,买盘
471,14:32:15,13.64,--,33,45012,买盘
472,14:32:12,13.64,0.01,22,30008,买盘
473,14:32:09,13.63,--,38,51794,卖盘
474,14:32:06,13.63,--,29,39527,卖盘
475,14:32:03,13.63,--,71,96773,卖盘
476,14:31:57,13.63,--,1,1363,卖盘
477,14:31:54,13.63,--,767,1045421,买盘
478,14:31:51,13.63,--,70,95410,买盘
479,14:31:48,13.63,--,42,57246,买盘
480,14:31:42,13.63,--,15,20445,买盘
481,14:31:39,13.63,0.01,175,238525,买盘
482,14:31:36,13.62,-0.01,10,13620,卖盘
483,14:31:33,13.63,--,22,29986,买盘
484,14:31:30,13.63,0.01,1,1363,买盘
485,14:31:27,13.62,-0.01,1,1362,卖盘
486,14:31:24,13.63,--,70,95410,买盘
487,14:31:21,13.63,0.02,25,34075,卖盘
488,14:31:18,13.61,-0.02,300,408300,卖盘
489,14:31:15,13.63,--,12,16356,卖盘
490,14:31:06,13.63,--,327,445701,卖盘
491,14:31:03,13.63,--,29,39527,卖盘
492,14:31:00,13.63,-0.02,115,156745,买盘
493,14:30:54,13.65,0.01,628,857220,买盘
494,14:30:51,13.64,-0.01,7,9548,中性盘
495,14:30:45,13.65,0.02,4,5460,买盘
496,14:30:42,13.63,-0.02,299,407537,卖盘
497,14:30:39,13.65,0.02,2,2730,买盘
498,14:30:36,13.63,-0.02,3,4089,卖盘
499,14:30:33,13.65,--,312,425880,买盘
500,14:30:30,13.65,--,53,72345,买盘
501,14:30:27,13.65,--,20,27832,买盘
502,14:30:24,13.65,0.02,59,80535,买盘
503,14:30:18,13.63,--,5,6815,买盘
504,14:30:15,13.63,0.01,10,13630,中性盘
505,14:30:12,13.62,-0.01,310,422220,卖盘
506,14:30:09,13.63,--,43,58609,卖盘
507,14:30:06,13.63,--,580,790540,卖盘
508,14:30:03,13.63,--,32,43616,卖盘
509,14:29:57,13.63,-0.01,15,20445,卖盘
510,14:29:54,13.64,--,47,64108,买盘
511,14:29:51,13.64,0.01,3,4092,买盘
512,14:29:45,13.63,0.01,47,64061,买盘
513,14:29:42,13.62,0.01,511,695982,买盘
514,14:29:39,13.61,-0.01,205,279005,卖盘
515,14:29:36,13.62,--,30,40860,买盘
516,14:29:33,13.62,0.01,304,414048,买盘
517,14:29:27,13.61,-0.01,1,1361,卖盘
518,14:29:24,13.62,0.01,31,42222,买盘
519,14:29:21,13.61,0.01,53,73180,买盘
520,14:29:18,13.6,-0.01,31,42160,卖盘
521,14:29:15,13.61,0.01,23,31303,买盘
522,14:29:12,13.6,-0.01,25,34000,卖盘
523,14:29:09,13.61,0.01,61,83021,买盘
524,14:29:06,13.6,-0.01,19,25840,卖盘
525,14:29:03,13.61,0.01,28,38108,买盘
526,14:29:00,13.6,-0.01,34,46240,卖盘
527,14:28:57,13.61,0.01,7,9527,买盘
528,14:28:54,13.6,-0.01,28,38080,卖盘
529,14:28:51,13.61,0.01,31,42191,买盘
530,14:28:48,13.6,--,384,522240,卖盘
531,14:28:45,13.6,--,87,118320,买盘
532,14:28:42,13.6,--,392,533120,卖盘
533,14:28:36,13.6,--,6,8160,卖盘
534,14:28:33,13.6,--,18,24480,卖盘
535,14:28:30,13.6,-0.01,33,44880,卖盘
536,14:28:24,13.61,0.01,1,1361,买盘
537,14:28:21,13.6,-0.01,1,1360,卖盘
538,14:28:18,13.61,--,2,2722,买盘
539,14:28:15,13.61,-0.01,633,862030,卖盘
540,14:28:12,13.62,-0.01,132,179784,卖盘
541,14:28:09,13.63,--,168,228984,买盘
542,14:28:06,13.63,0.01,44,59972,买盘
543,14:28:03,13.62,-0.01,92,126420,卖盘
544,14:28:00,13.63,0.01,59,80417,买盘
545,14:27:57,13.62,--,85,115770,卖盘
546,14:27:54,13.62,--,233,317346,卖盘
547,14:27:48,13.62,-0.01,60,81720,卖盘
548,14:27:45,13.63,-0.01,101,137663,卖盘
549,14:27:42,13.64,0.01,191,260524,买盘
550,14:27:39,13.63,--,3,4089,卖盘
551,14:27:36,13.63,--,216,294408,卖盘
552,14:27:33,13.63,--,123,167649,卖盘
553,14:27:30,13.63,--,21,28623,卖盘
554,14:27:27,13.63,--,18,24534,卖盘
555,14:27:24,13.63,-0.01,89,121307,卖盘
556,14:27:21,13.64,--,57,77748,买盘
557,14:27:18,13.64,-0.01,348,474672,卖盘
558,14:27:15,13.65,--,42,57330,卖盘
559,14:27:12,13.65,--,70,95550,卖盘
560,14:27:09,13.65,--,115,156975,卖盘
561,14:27:06,13.65,--,35,47775,卖盘
562,14:27:03,13.65,--,8,10920,卖盘
563,14:27:00,13.65,0.01,123,167895,买盘
564,14:26:57,13.64,-0.01,61,83204,卖盘
565,14:26:54,13.65,0.01,37,50505,买盘
566,14:26:51,13.64,--,38,51832,卖盘
567,14:26:48,13.64,-0.01,60,81840,卖盘
568,14:26:45,13.65,--,57,77805,买盘
569,14:26:42,13.65,--,19,25935,卖盘
570,14:26:39,13.65,-0.01,34,46410,卖盘
571,14:26:36,13.66,--,31,42346,买盘
572,14:26:33,13.66,0.01,43,58738,买盘
573,14:26:30,13.65,-0.01,15,20475,卖盘
574,14:26:27,13.66,--,639,872874,买盘
575,14:26:24,13.66,-0.01,150,204900,买盘
576,14:26:21,13.67,--,32,43744,买盘
577,14:26:18,13.67,--,8,10936,买盘
578,14:26:15,13.67,0.01,54,73818,买盘
579,14:26:12,13.66,-0.01,22,30052,中性盘
580,14:26:09,13.67,0.01,606,828402,买盘
581,14:26:06,13.66,--,9,12294,卖盘
582,14:26:03,13.66,-0.01,15,20490,卖盘
583,14:26:00,13.67,0.01,15,20505,买盘
584,14:25:57,13.66,--,86,117476,卖盘
585,14:25:54,13.66,--,64,87424,卖盘
586,14:25:48,13.66,-0.01,44,60104,卖盘
587,14:25:45,13.67,--,481,657527,卖盘
588,14:25:42,13.67,--,59,80653,卖盘
589,14:25:36,13.67,--,422,576874,卖盘
590,14:25:33,13.67,--,309,422403,卖盘
591,14:25:27,13.67,-0.01,50,68350,卖盘
592,14:25:24,13.68,--,337,461016,买盘
593,14:25:21,13.68,--,346,473328,卖盘
594,14:25:18,13.68,--,5,6840,卖盘
595,14:25:15,13.68,--,282,385776,卖盘
596,14:25:12,13.68,--,42,57456,卖盘
597,14:25:09,13.68,--,45,61560,卖盘
598,14:25:06,13.68,--,71,97128,卖盘
599,14:25:03,13.68,--,28,38304,卖盘
600,14:25:00,13.68,--,72,98496,卖盘
601,14:24:57,13.68,--,17,23256,卖盘
602,14:24:54,13.68,--,32,43776,卖盘
603,14:24:51,13.68,--,3,4104,卖盘
604,14:24:48,13.68,--,36,49248,卖盘
605,14:24:45,13.68,--,174,238032,卖盘
606,14:24:42,13.68,--,15,20520,卖盘
607,14:24:39,13.68,--,40,54720,卖盘
608,14:24:36,13.68,--,27,36936,卖盘
609,14:24:33,13.68,--,95,129960,卖盘
610,14:24:30,13.68,--,29,39672,卖盘
611,14:24:27,13.68,0.01,196,268128,买盘
612,14:24:24,13.67,-0.01,51,69717,卖盘
613,14:24:21,13.68,--,209,285912,买盘
614,14:24:18,13.68,--,248,339264,买盘
615,14:24:15,13.68,0.01,33,45144,买盘
616,14:24:12,13.67,-0.01,561,766887,卖盘
617,14:24:09,13.68,0.01,204,279072,买盘
618,14:24:06,13.67,--,72,98424,卖盘
619,14:24:03,13.67,-0.01,69,94323,卖盘
620,14:24:00,13.68,0.01,290,396720,买盘
621,14:23:57,13.67,--,9,12303,买盘
622,14:23:54,13.67,--,542,740914,买盘
623,14:23:51,13.67,0.01,10,13670,中性盘
624,14:23:48,13.66,-0.01,30,40980,卖盘
625,14:23:45,13.67,-0.01,8,10936,中性盘
626,14:23:42,13.68,0.01,181,247608,买盘
627,14:23:39,13.67,0.01,166,226922,买盘
628,14:23:36,13.66,-0.01,19,25954,卖盘
629,14:23:33,13.67,0.01,134,183178,买盘
630,14:23:30,13.66,--,1,1366,卖盘
631,14:23:27,13.66,-0.01,86,117476,卖盘
632,14:23:24,13.67,-0.01,37,50579,中性盘
633,14:23:21,13.68,--,94,128592,买盘
634,14:23:18,13.68,0.01,38,51984,买盘
635,14:23:15,13.67,--,192,262464,卖盘
636,14:23:12,13.67,-0.01,153,209151,卖盘
637,14:23:09,13.68,0.01,106,145008,买盘
638,14:23:06,13.67,-0.01,13,17771,卖盘
639,14:23:03,13.68,0.01,105,143640,买盘
640,14:23:00,13.67,--,109,149003,卖盘
641,14:22:57,13.67,--,70,95690,卖盘
642,14:22:54,13.67,--,10,13670,卖盘
643,14:22:51,13.67,-0.01,2,2734,卖盘
644,14:22:48,13.68,0.01,68,93024,买盘
645,14:22:45,13.67,--,179,244693,卖盘
646,14:22:42,13.67,--,36,49212,买盘
647,14:22:39,13.67,-0.01,5,6835,买盘
648,14:22:36,13.68,0.01,133,181944,买盘
649,14:22:33,13.67,-0.01,18,24606,卖盘
650,14:22:30,13.68,0.01,140,191520,买盘
651,14:22:27,13.67,--,108,147636,卖盘
652,14:22:24,13.67,--,45,61515,卖盘
653,14:22:21,13.67,--,10,13670,卖盘
654,14:22:18,13.67,--,186,254262,买盘
655,14:22:15,13.67,0.01,71,97057,买盘
656,14:22:12,13.66,-0.01,1,1366,卖盘
657,14:22:09,13.67,0.01,27,36909,买盘
658,14:22:06,13.66,-0.01,30,40980,卖盘
659,14:22:03,13.67,0.01,22,30074,买盘
660,14:22:00,13.66,-0.02,127,173482,卖盘
661,14:21:57,13.68,--,90,123120,买盘
662,14:21:54,13.68,0.01,510,697680,买盘
663,14:21:51,13.67,-0.01,45,61515,卖盘
664,14:21:48,13.68,0.01,11,15048,买盘
665,14:21:45,13.67,--,164,224188,卖盘
666,14:21:42,13.67,--,18,24606,卖盘
667,14:21:39,13.67,--,292,399164,卖盘
668,14:21:36,13.67,0.01,12,16404,买盘
669,14:21:33,13.66,-0.02,111,151626,卖盘
670,14:21:30,13.68,0.01,42,57456,买盘
671,14:21:27,13.67,--,20,27340,买盘
672,14:21:24,13.67,--,213,291171,卖盘
673,14:21:21,13.67,--,31,42377,卖盘
674,14:21:18,13.67,--,15,20505,卖盘
675,14:21:15,13.67,0.01,4,5468,中性盘
676,14:21:12,13.66,--,97,132502,卖盘
677,14:21:09,13.66,--,1537,2099542,卖盘
678,14:21:06,13.66,-0.01,101,137966,卖盘
679,14:21:03,13.67,0.01,32,43744,买盘
680,14:21:00,13.66,--,183,249978,买盘
681,14:20:57,13.66,--,21,28686,买盘
682,14:20:54,13.66,-0.01,627,856482,卖盘
683,14:20:51,13.67,0.01,174,237858,买盘
684,14:20:48,13.66,--,31,42346,卖盘
685,14:20:45,13.66,--,23,31418,买盘
686,14:20:42,13.66,--,123,168018,卖盘
687,14:20:39,13.66,--,152,207632,买盘
688,14:20:36,13.66,--,199,271834,买盘
689,14:20:33,13.66,0.01,133,181678,买盘
690,14:20:30,13.65,--,194,264810,卖盘
691,14:20:24,13.65,--,39,53235,卖盘
692,14:20:21,13.65,-0.01,111,151515,卖盘
693,14:20:18,13.66,0.02,93,127038,买盘
694,14:20:15,13.64,--,30,40920,卖盘
695,14:20:12,13.64,--,1327,1810028,卖盘
696,14:20:09,13.64,-0.01,450,613800,卖盘
697,14:20:06,13.65,0.01,24,32760,买盘
698,14:20:03,13.64,--,90,122760,卖盘
699,14:20:00,13.64,--,599,817036,买盘
700,14:19:57,13.64,--,149,203236,买盘
701,14:19:54,13.64,--,109,148676,买盘
702,14:19:51,13.64,--,488,665632,买盘
703,14:19:48,13.64,--,200,272800,买盘
704,14:19:45,13.64,--,98,133672,买盘
705,14:19:42,13.64,0.01,27,36828,买盘
706,14:19:39,13.63,--,121,164923,卖盘
707,14:19:36,13.63,-0.01,5,6815,卖盘
708,14:19:33,13.64,--,36,49104,买盘
709,14:19:30,13.64,--,37,50468,买盘
710,14:19:27,13.64,--,101,137764,卖盘
711,14:19:24,13.64,-0.01,128,174592,卖盘
712,14:19:21,13.65,0.01,170,232050,买盘
713,14:19:18,13.64,--,125,170500,卖盘
714,14:19:15,13.64,--,117,159588,卖盘
715,14:19:12,13.64,--,285,388740,卖盘
716,14:19:09,13.64,--,18,24552,卖盘
717,14:19:06,13.64,-0.01,1,1364,卖盘
718,14:19:03,13.65,0.01,66,90090,卖盘
719,14:19:00,13.64,--,974,1328536,卖盘
720,14:18:57,13.64,-0.01,90,122760,卖盘
721,14:18:54,13.65,--,14,19110,买盘
722,14:18:51,13.65,0.01,10,13650,买盘
723,14:18:45,13.64,--,341,465124,买盘
724,14:18:42,13.64,--,89,121396,买盘
725,14:18:39,13.64,0.01,47,64108,买盘
726,14:18:36,13.63,--,41,55883,卖盘
727,14:18:33,13.63,--,138,188094,买盘
728,14:18:30,13.63,--,300,408900,买盘
729,14:18:27,13.63,--,81,110403,买盘
730,14:18:24,13.63,--,58,79054,买盘
731,14:18:21,13.63,--,20,27260,买盘
732,14:18:18,13.63,--,167,227621,买盘
733,14:18:15,13.63,--,96,130848,买盘
734,14:18:12,13.63,--,107,145841,买盘
735,14:18:09,13.63,0.01,21,28623,买盘
736,14:18:03,13.62,0.01,452,616713,买盘
737,14:18:00,13.61,--,102,138822,买盘
738,14:17:57,13.61,--,220,299420,买盘
739,14:17:54,13.61,--,210,285810,买盘
740,14:17:51,13.61,0.01,287,390607,买盘
741,14:17:48,13.6,0.01,40,54400,买盘
742,14:17:45,13.59,-0.01,27,36693,卖盘
743,14:17:42,13.6,--,301,409360,买盘
744,14:17:39,13.6,0.01,1404,1910732,买盘
745,14:17:36,13.59,--,113,153567,买盘
746,14:17:33,13.59,0.01,29,39411,买盘
747,14:17:30,13.58,-0.01,9,12222,卖盘
748,14:17:27,13.59,0.01,2,2718,买盘
749,14:17:24,13.58,--,27,36666,卖盘
750,14:17:21,13.58,--,3,4074,买盘
751,14:17:18,13.58,--,37,50246,买盘
752,14:17:15,13.58,--,1175,1595650,买盘
753,14:17:12,13.58,0.01,85,115430,买盘
754,14:17:09,13.57,-0.01,21,28497,卖盘
755,14:17:06,13.58,0.01,50,67900,买盘
756,14:16:54,13.57,--,1,1357,卖盘
757,14:16:51,13.57,--,558,757206,买盘
758,14:16:48,13.57,0.01,33,44781,买盘
759,14:16:45,13.56,-0.01,1,1356,卖盘
760,14:16:42,13.57,--,3,4071,买盘
761,14:16:39,13.57,0.01,10,13570,买盘
762,14:16:30,13.56,--,3,4068,卖盘
763,14:16:27,13.56,--,686,930216,买盘
764,14:16:21,13.56,--,40,54240,买盘
765,14:16:18,13.56,0.01,10,13560,买盘
766,14:16:15,13.55,-0.01,10,13550,卖盘
767,14:16:12,13.56,0.01,102,139518,买盘
768,14:16:09,13.55,-0.03,94,127370,买盘
769,14:16:06,13.58,--,308,418264,卖盘
770,14:16:03,13.58,0.03,2192,2976736,买盘
771,14:16:00,13.55,0.01,12,16260,中性盘
772,14:15:48,13.54,-0.02,447,605238,卖盘
773,14:15:45,13.56,--,15,20340,卖盘
774,14:15:42,13.56,0.02,33,44748,中性盘
775,14:15:39,13.54,--,2020,2735080,卖盘
776,14:15:36,13.54,-0.01,1,1354,卖盘
777,14:15:30,13.55,--,230,311650,买盘
778,14:15:27,13.55,0.01,28,37940,买盘
779,14:15:24,13.54,-0.01,7,9478,卖盘
780,14:15:21,13.55,--,222,300810,买盘
781,14:15:18,13.55,--,552,747960,买盘
782,14:15:15,13.55,-0.02,363,491865,卖盘
783,14:15:12,13.57,0.02,14,18998,买盘
784,14:15:09,13.55,-0.01,195,264225,卖盘
785,14:15:06,13.56,--,218,295608,卖盘
786,14:15:03,13.56,--,103,139668,卖盘
787,14:15:00,13.56,--,20,27120,卖盘
788,14:14:57,13.56,--,49,66444,卖盘
789,14:14:54,13.56,--,135,183060,卖盘
790,14:14:51,13.56,--,55,74580,买盘
791,14:14:48,13.56,0.01,4,5424,买盘
792,14:14:45,13.55,-0.01,250,338750,卖盘
793,14:14:42,13.56,--,14,18984,卖盘
794,14:14:39,13.56,--,156,211536,卖盘
795,14:14:36,13.56,--,45,61020,买盘
796,14:14:33,13.56,--,69,93564,卖盘
797,14:14:30,13.56,--,23,31188,卖盘
798,14:14:24,13.56,--,10,13560,中性盘
799,14:14:21,13.56,-0.01,80,108480,买盘
800,14:14:18,13.57,0.02,199,270043,买盘
801,14:14:15,13.55,-0.01,467,632785,卖盘
802,14:14:12,13.56,--,61,83109,卖盘
803,14:14:09,13.56,--,5,6780,卖盘
804,14:14:06,13.56,--,20,27120,卖盘
805,14:14:00,13.56,0.01,134,182666,买盘
806,14:13:57,13.55,-0.01,64,86720,卖盘
807,14:13:54,13.56,--,176,238656,卖盘
808,14:13:51,13.56,--,63,85428,卖盘
809,14:13:48,13.56,--,3,4068,卖盘
810,14:13:45,13.56,-0.01,12,16272,卖盘
811,14:13:42,13.57,0.01,4,5428,买盘
812,14:13:39,13.56,--,215,291540,卖盘
813,14:13:36,13.56,--,11,14916,卖盘
814,14:13:33,13.56,--,30,40680,卖盘
815,14:13:30,13.56,-0.01,39,52884,卖盘
816,14:13:27,13.57,0.01,34,46138,买盘
817,14:13:24,13.56,--,50,67800,卖盘
818,14:13:18,13.56,--,43,58308,卖盘
819,14:13:15,13.56,0.01,542,734952,买盘
820,14:13:12,13.55,-0.01,7,9485,卖盘
821,14:13:09,13.56,--,109,147804,买盘
822,14:13:06,13.56,0.01,53,71868,买盘
823,14:13:00,13.55,-0.01,43,58265,卖盘
824,14:12:57,13.56,--,174,235944,卖盘
825,14:12:54,13.56,--,6,8136,卖盘
826,14:12:51,13.56,--,30,40680,卖盘
827,14:12:48,13.56,--,452,612912,买盘
828,14:12:42,13.56,0.01,22,29832,买盘
829,14:12:36,13.55,--,9,12195,卖盘
830,14:12:30,13.55,--,1,1355,卖盘
831,14:12:27,13.55,0.01,139,188345,买盘
832,14:12:24,13.54,-0.01,179,242365,卖盘
833,14:12:21,13.55,--,2,2710,买盘
834,14:12:18,13.55,--,540,731700,买盘
835,14:12:15,13.55,--,115,155825,买盘
836,14:12:12,13.55,--,116,157180,卖盘
837,14:12:09,13.55,--,21,28455,卖盘
838,14:12:03,13.55,0.01,1089,1475595,买盘
839,14:12:00,13.54,-0.01,70,94780,卖盘
840,14:11:57,13.55,--,8,10840,买盘
841,14:11:54,13.55,--,480,650400,卖盘
842,14:11:48,13.55,--,1,1355,卖盘
843,14:11:45,13.55,--,23,31165,卖盘
844,14:11:42,13.55,-0.01,24,32520,卖盘
845,14:11:36,13.56,0.01,268,363408,买盘
846,14:11:33,13.55,--,4,5420,买盘
847,14:11:30,13.55,--,27,36585,卖盘
848,14:11:27,13.55,--,29,39295,卖盘
849,14:11:21,13.55,--,1,1355,卖盘
850,14:11:18,13.55,--,1,1355,卖盘
851,14:11:15,13.55,--,332,449860,卖盘
852,14:11:12,13.55,--,111,150405,卖盘
853,14:11:09,13.55,--,101,136855,买盘
854,14:11:06,13.55,--,16,21680,买盘
855,14:11:03,13.55,--,62,84010,买盘
856,14:11:00,13.55,--,40,54200,买盘
857,14:10:57,13.55,-0.01,77,104335,卖盘
858,14:10:54,13.56,0.01,8,10848,买盘
859,14:10:51,13.55,-0.01,5,6775,卖盘
860,14:10:48,13.56,0.01,33,44748,买盘
861,14:10:45,13.55,--,140,189700,卖盘
862,14:10:42,13.55,--,250,338750,卖盘
863,14:10:39,13.55,-0.01,6,8130,卖盘
864,14:10:36,13.56,0.01,25,33900,买盘
865,14:10:33,13.55,-0.01,49,66395,卖盘
866,14:10:30,13.56,--,61,82716,买盘
867,14:10:27,13.56,0.01,20,27120,买盘
868,14:10:24,13.55,-0.01,20,27100,卖盘
869,14:10:21,13.56,0.01,42,56952,买盘
870,14:10:15,13.55,-0.01,273,369915,卖盘
871,14:10:12,13.56,0.01,365,494940,买盘
872,14:10:09,13.55,-0.01,21,28455,卖盘
873,14:10:06,13.56,0.01,201,272556,买盘
874,14:10:03,13.55,--,15,20325,卖盘
875,14:10:00,13.55,-0.01,8,10840,卖盘
876,14:09:57,13.56,0.01,48,65088,买盘
877,14:09:51,13.55,--,1,1355,卖盘
878,14:09:48,13.55,--,13,17615,卖盘
879,14:09:45,13.55,--,2,2710,卖盘
880,14:09:42,13.55,-0.01,81,109755,卖盘
881,14:09:39,13.56,0.01,3,4068,买盘
882,14:09:36,13.55,0.01,42,56910,买盘
883,14:09:33,13.54,--,490,663460,卖盘
884,14:09:30,13.54,-0.01,68,92072,卖盘
885,14:09:27,13.55,--,30,40650,买盘
886,14:09:24,13.55,0.01,150,203250,买盘
887,14:09:21,13.54,--,45,60929,卖盘
888,14:09:18,13.54,-0.01,31,41974,卖盘
889,14:09:15,13.55,0.01,30,40650,买盘
890,14:09:12,13.54,-0.01,121,163834,卖盘
891,14:09:09,13.55,0.01,53,71815,买盘
892,14:09:06,13.54,-0.01,62,83948,卖盘
893,14:09:03,13.55,--,20,27100,买盘
894,14:09:00,13.55,--,50,67750,买盘
895,14:08:57,13.55,--,33,44715,买盘
896,14:08:51,13.55,--,148,200540,买盘
897,14:08:48,13.55,--,43,58265,买盘
898,14:08:45,13.55,0.01,84,113820,买盘
899,14:08:42,13.54,-0.01,31,41974,卖盘
900,14:08:39,13.55,--,64,86720,买盘
901,14:08:36,13.55,--,36,48780,买盘
902,14:08:30,13.55,--,101,136855,买盘
903,14:08:27,13.55,--,31,42005,买盘
904,14:08:24,13.55,0.01,28,37940,买盘
905,14:08:21,13.54,--,106,143524,卖盘
906,14:08:18,13.54,--,65,88010,卖盘
907,14:08:15,13.54,-0.01,40,54160,卖盘
908,14:08:12,13.55,--,29,39295,买盘
909,14:08:09,13.55,--,283,383465,买盘
910,14:08:06,13.55,0.01,10,13550,买盘
911,14:08:03,13.54,--,14,18956,卖盘
912,14:08:00,13.54,--,70,94780,卖盘
913,14:07:57,13.54,--,120,162480,卖盘
914,14:07:54,13.54,0.01,790,1069660,买盘
915,14:07:51,13.53,--,30,40590,卖盘
916,14:07:48,13.53,-0.01,10,13530,卖盘
917,14:07:45,13.54,--,105,142170,买盘
918,14:07:42,13.54,0.01,322,435988,买盘
919,14:07:39,13.53,--,72,97416,卖盘
920,14:07:36,13.53,--,38,51414,卖盘
921,14:07:33,13.53,--,164,221892,买盘
922,14:07:30,13.53,--,118,159654,买盘
923,14:07:27,13.53,--,45,60885,买盘
924,14:07:24,13.53,0.01,37,50061,买盘
925,14:07:21,13.52,-0.01,20,27040,卖盘
926,14:07:18,13.53,--,49,66297,卖盘
927,14:07:15,13.53,0.01,10,13530,买盘
928,14:07:12,13.52,--,2,2704,卖盘
929,14:07:09,13.52,--,31,41912,卖盘
930,14:07:06,13.52,-0.01,7,9464,卖盘
931,14:07:03,13.53,--,87,117711,卖盘
932,14:07:00,13.53,0.01,34,46002,中性盘
933,14:06:57,13.52,-0.01,74,100048,卖盘
934,14:06:54,13.53,--,41,55473,卖盘
935,14:06:51,13.53,--,5,6765,卖盘
936,14:06:48,13.53,--,123,166419,买盘
937,14:06:45,13.53,--,91,123123,买盘
938,14:06:42,13.53,--,41,55473,买盘
939,14:06:39,13.53,0.01,77,104181,买盘
940,14:06:36,13.52,--,11,14872,卖盘
941,14:06:33,13.52,--,111,150072,卖盘
942,14:06:30,13.52,-0.01,47,63544,卖盘
943,14:06:27,13.53,--,138,186714,买盘
944,14:06:24,13.53,--,9,12177,买盘
945,14:06:21,13.53,--,5,6765,买盘
946,14:06:18,13.53,--,6,8118,买盘
947,14:06:15,13.53,--,20,27060,买盘
948,14:06:12,13.53,0.01,64,86592,买盘
949,14:06:09,13.52,-0.01,31,41912,卖盘
950,14:06:06,13.53,--,11,14883,买盘
951,14:06:03,13.53,--,88,119064,卖盘
952,14:06:00,13.53,--,13,17589,卖盘
953,14:05:54,13.53,0.01,267,361251,买盘
954,14:05:51,13.52,--,16,21632,卖盘
955,14:05:48,13.52,-0.01,64,86528,买盘
956,14:05:45,13.53,0.01,21,28413,买盘
957,14:05:42,13.52,--,87,117624,卖盘
958,14:05:39,13.52,--,197,266344,卖盘
959,14:05:36,13.52,0.01,7,9464,中性盘
960,14:05:33,13.51,-0.01,46,62146,卖盘
961,14:05:30,13.52,0.01,54,73008,买盘
962,14:05:27,13.51,-0.01,76,102676,卖盘
963,14:05:24,13.52,--,816,1103232,卖盘
964,14:05:21,13.52,-0.01,12,16224,卖盘
965,14:05:18,13.53,0.02,46,62238,买盘
966,14:05:15,13.51,-0.01,229,309379,卖盘
967,14:05:12,13.52,--,218,294736,卖盘
968,14:05:09,13.52,--,254,343408,卖盘
969,14:05:06,13.52,--,31,41912,卖盘
970,14:05:03,13.52,--,59,79768,卖盘
971,14:05:00,13.52,-0.01,8,10816,卖盘
972,14:04:57,13.53,--,78,105534,买盘
973,14:04:54,13.53,0.01,25,33825,买盘
974,14:04:51,13.52,-0.01,91,123032,卖盘
975,14:04:48,13.53,--,31,41943,买盘
976,14:04:45,13.53,--,98,132594,买盘
977,14:04:42,13.53,0.01,69,93357,中性盘
978,14:04:39,13.52,-0.02,57,77064,卖盘
979,14:04:36,13.54,0.01,1130,1530020,买盘
980,14:04:33,13.53,--,30,40590,卖盘
981,14:04:30,13.53,--,26,35178,卖盘
982,14:04:27,13.53,--,122,165066,买盘
983,14:04:24,13.53,--,21,28413,买盘
984,14:04:21,13.53,--,22,29766,买盘
985,14:04:18,13.53,0.01,184,248952,买盘
986,14:04:15,13.52,--,108,146016,卖盘
987,14:04:12,13.52,-0.01,39,52728,卖盘
988,14:04:09,13.53,--,34,46002,买盘
989,14:04:06,13.53,--,46,62238,买盘
990,14:04:03,13.53,0.01,322,435666,买盘
991,14:04:00,13.52,-0.01,105,141960,卖盘
992,14:03:57,13.53,--,30,40590,买盘
993,14:03:54,13.53,--,19,25707,买盘
994,14:03:51,13.53,0.02,107,144771,买盘
995,14:03:48,13.51,-0.02,701,947051,卖盘
996,14:03:45,13.53,--,329,445137,买盘
997,14:03:42,13.53,--,166,224598,买盘
998,14:03:39,13.53,--,120,162360,卖盘
999,14:03:36,13.53,--,13,17589,卖盘
1000,14:03:33,13.53,--,246,332838,买盘
1001,14:03:30,13.53,--,397,537141,买盘
1002,14:03:27,13.53,0.01,103,139359,买盘
1003,14:03:24,13.52,-0.01,1,1352,卖盘
1004,14:03:21,13.53,--,37,50061,买盘
1005,14:03:18,13.53,--,30,40590,买盘
1006,14:03:15,13.53,0.01,557,753621,买盘
1007,14:03:12,13.52,--,161,217672,卖盘
1008,14:03:09,13.52,--,1,1352,卖盘
1009,14:03:03,13.52,--,10,13520,卖盘
1010,14:03:00,13.52,0.01,241,325832,买盘
1011,14:02:57,13.51,-0.01,85,114835,卖盘
1012,14:02:54,13.52,0.01,50,67600,买盘
1013,14:02:51,13.51,-0.01,5,6755,卖盘
1014,14:02:48,13.52,0.01,41,55432,买盘
1015,14:02:45,13.51,--,30,40530,卖盘
1016,14:02:42,13.51,-0.01,12,16212,卖盘
1017,14:02:39,13.52,--,44,59488,买盘
1018,14:02:36,13.52,0.01,282,381264,买盘
1019,14:02:33,13.51,0.01,100,135100,中性盘
1020,14:02:30,13.5,-0.01,105,141750,卖盘
1021,14:02:27,13.51,--,9,12159,买盘
1022,14:02:24,13.51,-0.01,184,248584,卖盘
1023,14:02:21,13.52,--,36,48672,买盘
1024,14:02:18,13.52,0.01,22,29744,买盘
1025,14:02:15,13.51,-0.01,1002,1353702,卖盘
1026,14:02:12,13.52,0.01,72,97344,买盘
1027,14:02:09,13.51,0.01,15,20265,买盘
1028,14:02:06,13.5,--,31,41850,卖盘
1029,14:02:03,13.5,-0.02,56,75600,卖盘
1030,14:02:00,13.52,0.02,47,63544,买盘
1031,14:01:57,13.5,--,107,144450,买盘
1032,14:01:54,13.5,-0.03,1885,2544750,卖盘
1033,14:01:51,13.53,0.01,58,78474,买盘
1034,14:01:48,13.52,0.01,8,10816,买盘
1035,14:01:45,13.51,--,292,394492,卖盘
1036,14:01:42,13.51,--,1,1351,卖盘
1037,14:01:39,13.51,0.01,417,563367,买盘
1038,14:01:36,13.5,--,11,14850,卖盘
1039,14:01:33,13.5,--,105,141750,买盘
1040,14:01:30,13.5,--,101,136350,买盘
1041,14:01:27,13.5,--,1026,1385100,买盘
1042,14:01:24,13.5,0.01,4,5400,买盘
1043,14:01:21,13.49,0.01,151,204710,买盘
1044,14:01:18,13.48,--,6,8088,卖盘
1045,14:01:15,13.48,-0.01,1,1348,卖盘
1046,14:01:12,13.49,--,28,37772,买盘
1047,14:01:09,13.49,0.01,172,232028,买盘
1048,14:01:06,13.48,-0.01,1409,1899332,卖盘
1049,14:01:03,13.49,--,4,5396,买盘
1050,14:01:00,13.49,0.01,71,95779,买盘
1051,14:00:57,13.48,-0.01,33,44484,卖盘
1052,14:00:54,13.49,0.01,50,67450,买盘
1053,14:00:48,13.48,--,18,24264,卖盘
1054,14:00:45,13.48,--,11,14828,买盘
1055,14:00:42,13.48,-0.01,10,13480,中性盘
1056,14:00:36,13.49,0.01,155,209095,买盘
1057,14:00:33,13.48,--,94,126712,买盘
1058,14:00:30,13.48,--,50,67400,卖盘
1059,14:00:18,13.48,--,37,49876,中性盘
1060,14:00:12,13.48,0.01,21,28308,买盘
1061,14:00:09,13.47,--,67,90249,卖盘
1062,14:00:06,13.47,-0.01,79,106413,卖盘
1063,14:00:03,13.48,--,78,105144,买盘
1064,14:00:00,13.48,--,20,26960,买盘
1065,13:59:57,13.48,--,108,145584,买盘
1066,13:59:54,13.48,0.01,8,10784,买盘
1067,13:59:51,13.47,-0.01,5,6735,卖盘
1068,13:59:48,13.48,--,13,17524,买盘
1069,13:59:45,13.48,0.01,15,20220,买盘
1070,13:59:42,13.47,--,14,18858,卖盘
1071,13:59:39,13.47,-0.01,69,92943,卖盘
1072,13:59:36,13.48,0.01,15,20220,买盘
1073,13:59:27,13.47,--,371,499737,卖盘
1074,13:59:21,13.47,--,1,1347,卖盘
1075,13:59:18,13.47,--,1,1347,卖盘
1076,13:59:15,13.47,--,1,1347,卖盘
1077,13:59:12,13.47,--,10,13470,卖盘
1078,13:59:09,13.47,--,11,14817,卖盘
1079,13:59:06,13.47,-0.01,1,1347,卖盘
1080,13:59:03,13.48,0.01,30,40440,买盘
1081,13:58:57,13.47,--,50,67350,卖盘
1082,13:58:51,13.47,--,15,20205,卖盘
1083,13:58:48,13.47,--,80,107760,卖盘
1084,13:58:45,13.47,--,4,5388,卖盘
1085,13:58:42,13.47,--,31,41757,卖盘
1086,13:58:39,13.47,0.01,98,132006,买盘
1087,13:58:36,13.46,-0.01,16,21536,卖盘
1088,13:58:33,13.47,--,23,30981,买盘
1089,13:58:30,13.47,--,374,503778,卖盘
1090,13:58:27,13.47,--,27,36369,卖盘
1091,13:58:24,13.47,--,48,64656,卖盘
1092,13:58:18,13.47,--,9,12123,卖盘
1093,13:58:15,13.47,-0.01,71,95637,卖盘
1094,13:58:12,13.48,--,5,6740,买盘
1095,13:58:03,13.48,--,44,59312,买盘
1096,13:58:00,13.48,--,6,8088,买盘
1097,13:57:57,13.48,-0.01,65,87620,卖盘
1098,13:57:54,13.49,0.01,9,12141,买盘
1099,13:57:51,13.48,--,5,6740,买盘
1100,13:57:48,13.48,--,46,62008,买盘
1101,13:57:45,13.48,--,138,186024,买盘
1102,13:57:42,13.48,-0.01,39,52572,卖盘
1103,13:57:39,13.49,0.01,20,26980,买盘
1104,13:57:36,13.48,--,8,10784,卖盘
1105,13:57:33,13.48,-0.01,5,6740,卖盘
1106,13:57:30,13.49,0.02,53,71497,买盘
1107,13:57:27,13.47,-0.02,135,181845,卖盘
1108,13:57:24,13.49,--,42,56658,买盘
1109,13:57:21,13.49,0.01,9,12141,买盘
1110,13:57:15,13.48,--,1,1348,卖盘
1111,13:57:12,13.48,0.01,6,8088,中性盘
1112,13:57:09,13.47,-0.01,111,149517,卖盘
1113,13:57:06,13.48,0.01,10,13480,买盘
1114,13:57:03,13.47,-0.01,530,713910,卖盘
1115,13:57:00,13.48,0.01,19,25612,买盘
1116,13:56:57,13.47,-0.01,10,13470,卖盘
1117,13:56:54,13.48,0.01,10,13480,买盘
1118,13:56:48,13.47,--,12,16164,卖盘
1119,13:56:45,13.47,--,5,6735,卖盘
1120,13:56:42,13.47,0.01,190,256522,买盘
1121,13:56:39,13.46,--,54,72684,买盘
1122,13:56:36,13.46,--,32,43072,买盘
1123,13:56:33,13.46,--,5,6730,买盘
1124,13:56:30,13.46,--,4,5384,买盘
1125,13:56:27,13.46,--,86,115756,买盘
1126,13:56:24,13.46,-0.01,143,193231,卖盘
1127,13:56:21,13.47,--,130,175110,买盘
1128,13:56:18,13.47,0.01,10,13470,买盘
1129,13:56:15,13.46,--,13,17498,卖盘
1130,13:56:12,13.46,-0.01,31,41726,卖盘
1131,13:56:09,13.47,0.01,2,2694,买盘
1132,13:56:06,13.46,-0.01,6,8076,卖盘
1133,13:56:03,13.47,--,358,482226,买盘
1134,13:55:57,13.47,--,10,13470,买盘
1135,13:55:54,13.47,0.01,6,8082,买盘
1136,13:55:45,13.46,--,15,20190,卖盘
1137,13:55:42,13.46,-0.01,40,53840,卖盘
1138,13:55:39,13.47,0.01,1,1347,买盘
1139,13:55:36,13.46,--,1,1346,卖盘
1140,13:55:30,13.46,--,21,28266,卖盘
1141,13:55:27,13.46,0.01,117,158074,买盘
1142,13:55:24,13.45,-0.01,12,16140,卖盘
1143,13:55:21,13.46,--,333,448218,买盘
1144,13:55:18,13.46,--,21,28266,买盘
1145,13:55:15,13.46,--,217,292082,买盘
1146,13:55:12,13.46,0.01,117,157482,买盘
1147,13:55:06,13.45,--,10,13450,卖盘
1148,13:55:03,13.45,-0.01,8,10760,卖盘
1149,13:55:00,13.46,0.01,55,74030,买盘
1150,13:54:54,13.45,--,82,110290,卖盘
1151,13:54:51,13.45,--,115,154675,买盘
1152,13:54:48,13.45,--,41,55145,买盘
1153,13:54:45,13.45,--,18,24210,卖盘
1154,13:54:42,13.45,--,5,6725,卖盘
1155,13:54:39,13.45,0.01,58,78010,买盘
1156,13:54:36,13.44,-0.01,3,4032,卖盘
1157,13:54:33,13.45,--,40,53800,卖盘
1158,13:54:30,13.45,--,2,2690,卖盘
1159,13:54:27,13.45,0.01,2,2690,卖盘
1160,13:54:24,13.44,-0.01,9,12096,卖盘
1161,13:54:21,13.45,0.01,199,267749,买盘
1162,13:54:18,13.44,--,3,4032,卖盘
1163,13:54:15,13.44,--,34,45696,卖盘
1164,13:54:12,13.44,-0.01,4,5376,卖盘
1165,13:54:09,13.45,0.01,183,246135,买盘
1166,13:54:06,13.44,-0.01,34,45696,卖盘
1167,13:54:03,13.45,--,60,80700,买盘
1168,13:53:54,13.45,--,7,9415,买盘
1169,13:53:51,13.45,0.01,10,13450,买盘
1170,13:53:48,13.44,--,20,26880,卖盘
1171,13:53:45,13.44,-0.01,2,2688,卖盘
1172,13:53:42,13.45,--,45,61775,卖盘
1173,13:53:39,13.45,--,80,107600,卖盘
1174,13:53:36,13.45,--,3,4035,卖盘
1175,13:53:33,13.45,--,3,4035,卖盘
1176,13:53:30,13.45,0.01,155,208569,买盘
1177,13:53:27,13.44,--,402,541537,卖盘
1178,13:53:24,13.44,--,31,41664,卖盘
1179,13:53:18,13.44,-0.01,3,4032,卖盘
1180,13:53:15,13.45,--,3,4035,买盘
1181,13:53:12,13.45,--,20,26900,买盘
1182,13:53:09,13.45,0.01,45,60525,买盘
1183,13:53:06,13.44,--,74,100316,卖盘
1184,13:52:57,13.44,-0.01,100,134400,卖盘
1185,13:52:54,13.45,--,74,99530,买盘
1186,13:52:51,13.45,--,105,141225,买盘
1187,13:52:45,13.45,--,3,4035,买盘
1188,13:52:42,13.45,--,7,9415,买盘
1189,13:52:39,13.45,0.01,57,76665,买盘
1190,13:52:36,13.44,-0.01,1,1344,卖盘
1191,13:52:33,13.45,0.01,136,182920,买盘
1192,13:52:30,13.44,-0.01,8,10752,卖盘
1193,13:52:27,13.45,--,5,6725,买盘
1194,13:52:21,13.45,0.01,101,136423,买盘
1195,13:52:18,13.44,-0.01,200,268800,卖盘
1196,13:52:15,13.45,0.01,27,36315,买盘
1197,13:52:12,13.44,-0.01,47,63168,卖盘
1198,13:52:09,13.45,--,9,12105,买盘
1199,13:52:06,13.45,--,95,127775,买盘
1200,13:52:03,13.45,--,21,28245,买盘
1201,13:52:00,13.45,--,20,26900,买盘
1202,13:51:57,13.45,-0.01,258,347010,卖盘
1203,13:51:54,13.46,--,29,39034,买盘
1204,13:51:48,13.46,0.01,2,2692,买盘
1205,13:51:45,13.45,-0.01,22,29590,卖盘
1206,13:51:42,13.46,--,19,25574,买盘
1207,13:51:39,13.46,--,45,60570,买盘
1208,13:51:36,13.46,0.01,23,30958,买盘
1209,13:51:33,13.45,--,20,26900,卖盘
1210,13:51:30,13.45,--,37,49765,卖盘
1211,13:51:24,13.45,--,7,9415,卖盘
1212,13:51:21,13.45,--,6,8070,卖盘
1213,13:51:18,13.45,0.01,455,611975,买盘
1214,13:51:15,13.44,--,1,1344,卖盘
1215,13:51:12,13.44,--,1,1344,卖盘
1216,13:51:09,13.44,-0.01,6,8064,卖盘
1217,13:51:06,13.45,0.01,80,107600,买盘
1218,13:50:54,13.44,--,14,18816,买盘
1219,13:50:51,13.44,--,9,12096,买盘
1220,13:50:48,13.44,0.01,61,81984,买盘
1221,13:50:45,13.43,-0.01,1,1343,卖盘
1222,13:50:42,13.44,--,3,4032,买盘
1223,13:50:39,13.44,--,38,51072,买盘
1224,13:50:36,13.44,--,27,36288,买盘
1225,13:50:33,13.44,--,10,13440,买盘
1226,13:50:30,13.44,0.01,125,168000,买盘
1227,13:50:27,13.43,-0.01,1,1343,卖盘
1228,13:50:24,13.44,0.01,95,127680,买盘
1229,13:50:21,13.43,-0.01,8,10744,卖盘
1230,13:50:18,13.44,0.01,37,49728,买盘
1231,13:50:12,13.43,-0.01,7,9401,卖盘
1232,13:50:06,13.44,--,1,1344,买盘
1233,13:49:57,13.44,0.01,100,134400,买盘
1234,13:49:54,13.43,--,8,10744,卖盘
1235,13:49:51,13.43,--,7,9401,卖盘
1236,13:49:48,13.43,--,3,4029,卖盘
1237,13:49:45,13.43,--,14,18802,卖盘
1238,13:49:42,13.43,-0.01,1,1343,卖盘
1239,13:49:39,13.44,0.01,10,13440,买盘
1240,13:49:36,13.43,--,31,41633,卖盘
1241,13:49:33,13.43,-0.01,1,1343,卖盘
1242,13:49:24,13.44,0.01,198,266112,买盘
1243,13:49:21,13.43,-0.01,1,1343,卖盘
1244,13:49:18,13.44,--,21,28224,买盘
1245,13:49:15,13.44,--,2,2688,买盘
1246,13:49:12,13.44,--,18,24192,卖盘
1247,13:49:09,13.44,--,55,73920,卖盘
1248,13:49:06,13.44,--,1,1344,卖盘
1249,13:49:03,13.44,--,30,40320,卖盘
1250,13:49:00,13.44,--,2,2688,卖盘
1251,13:48:57,13.44,--,1,1344,卖盘
1252,13:48:54,13.44,--,53,71232,买盘
1253,13:48:51,13.44,0.01,69,92736,买盘
1254,13:48:48,13.43,-0.01,1,1343,卖盘
1255,13:48:45,13.44,0.01,2,2688,买盘
1256,13:48:42,13.43,-0.01,20,26860,卖盘
1257,13:48:39,13.44,0.01,1,1344,买盘
1258,13:48:36,13.43,-0.01,31,41633,卖盘
1259,13:48:33,13.44,0.01,60,80640,买盘
1260,13:48:30,13.43,-0.01,6,8058,卖盘
1261,13:48:27,13.44,0.01,11,14784,买盘
1262,13:48:21,13.43,-0.01,100,134300,卖盘
1263,13:48:18,13.44,0.01,31,41664,买盘
1264,13:48:15,13.43,--,1,1343,卖盘
1265,13:48:12,13.43,-0.01,2,2686,卖盘
1266,13:48:09,13.44,-0.01,48,64512,买盘
1267,13:48:06,13.45,0.02,132,177540,买盘
1268,13:48:03,13.43,-0.01,36,48348,卖盘
1269,13:48:00,13.44,--,54,72576,买盘
1270,13:47:51,13.44,--,8,10752,买盘
1271,13:47:48,13.44,--,82,110208,卖盘
1272,13:47:42,13.44,-0.01,2,2688,卖盘
1273,13:47:36,13.45,0.01,25,33625,买盘
1274,13:47:33,13.44,--,1,1344,卖盘
1275,13:47:27,13.44,-0.01,1,1344,卖盘
1276,13:47:24,13.45,0.01,30,40350,买盘
1277,13:47:18,13.44,-0.01,54,72576,卖盘
1278,13:47:12,13.45,0.01,206,277070,买盘
1279,13:47:09,13.44,-0.01,67,90048,卖盘
1280,13:47:06,13.45,--,18,24210,买盘
1281,13:47:03,13.45,0.01,13,17485,买盘
1282,13:47:00,13.44,-0.01,60,80640,卖盘
1283,13:46:57,13.45,--,30,40350,买盘
1284,13:46:54,13.45,0.01,21,28245,买盘
1285,13:46:51,13.44,-0.01,129,173376,卖盘
1286,13:46:48,13.45,--,3,4035,买盘
1287,13:46:45,13.45,--,30,40350,买盘
1288,13:46:42,13.45,--,13,17485,买盘
1289,13:46:39,13.45,--,20,26900,买盘
1290,13:46:36,13.45,0.01,11,14795,买盘
1291,13:46:33,13.44,--,12,16128,卖盘
1292,13:46:30,13.44,--,12,16128,卖盘
1293,13:46:24,13.44,--,10,13440,卖盘
1294,13:46:21,13.44,--,6,8064,卖盘
1295,13:46:18,13.44,-0.01,31,41664,卖盘
1296,13:46:15,13.45,0.02,50,67250,买盘
1297,13:46:12,13.43,-0.01,24,32232,卖盘
1298,13:46:09,13.44,--,30,40320,买盘
1299,13:46:06,13.44,--,4,5376,卖盘
1300,13:46:03,13.44,--,2,2688,卖盘
1301,13:46:00,13.44,--,137,184128,卖盘
1302,13:45:57,13.44,-0.01,8,10752,卖盘
1303,13:45:54,13.45,--,2,2690,买盘
1304,13:45:51,13.45,--,13,17485,买盘
1305,13:45:48,13.45,0.01,50,67250,买盘
1306,13:45:42,13.44,-0.01,1,1344,卖盘
1307,13:45:36,13.45,--,59,79355,买盘
1308,13:45:33,13.45,--,5,6725,买盘
1309,13:45:30,13.45,0.01,121,162745,买盘
1310,13:45:27,13.44,--,1,1344,卖盘
1311,13:45:24,13.44,--,122,163968,卖盘
1312,13:45:18,13.44,--,11,14784,买盘
1313,13:45:15,13.44,0.01,20,26880,买盘
1314,13:45:12,13.43,--,8,10744,卖盘
1315,13:45:09,13.43,--,40,53720,卖盘
1316,13:45:06,13.43,-0.01,26,34918,卖盘
1317,13:45:03,13.44,0.01,40,53760,买盘
1318,13:45:00,13.43,-0.01,30,40290,卖盘
1319,13:44:57,13.44,--,46,61824,买盘
1320,13:44:54,13.44,--,10,13440,买盘
1321,13:44:51,13.44,0.01,48,64512,买盘
1322,13:44:48,13.43,-0.01,2,2686,卖盘
1323,13:44:45,13.44,--,23,30912,买盘
1324,13:44:42,13.44,0.01,21,28224,买盘
1325,13:44:39,13.43,--,4,5372,卖盘
1326,13:44:18,13.43,0.01,44,59092,买盘
1327,13:44:15,13.42,-0.01,5,6710,卖盘
1328,13:44:12,13.43,0.01,87,116841,买盘
1329,13:44:09,13.42,--,246,330132,卖盘
1330,13:44:06,13.42,-0.01,74,99308,卖盘
1331,13:44:03,13.43,--,5,6715,买盘
1332,13:44:00,13.43,--,27,36261,买盘
1333,13:43:57,13.43,--,3,4029,买盘
1334,13:43:54,13.43,--,1,1343,买盘
1335,13:43:51,13.43,--,83,111469,买盘
1336,13:43:48,13.43,0.01,26,34918,买盘
1337,13:43:45,13.42,--,92,123464,卖盘
1338,13:43:42,13.42,-0.01,87,116754,卖盘
1339,13:43:39,13.43,0.01,11,14773,买盘
1340,13:43:36,13.42,--,23,30866,卖盘
1341,13:43:33,13.42,-0.01,5,6710,卖盘
1342,13:43:30,13.43,0.01,292,392156,买盘
1343,13:43:21,13.42,--,14,18788,卖盘
1344,13:43:18,13.42,--,8,10736,卖盘
1345,13:43:15,13.42,--,27,36234,卖盘
1346,13:43:12,13.42,-0.01,35,46970,卖盘
1347,13:43:09,13.43,--,36,48348,买盘
1348,13:43:06,13.43,0.01,103,138329,买盘
1349,13:43:03,13.42,--,16,21472,卖盘
1350,13:43:00,13.42,--,10,13420,卖盘
1351,13:42:54,13.42,--,150,201300,卖盘
1352,13:42:51,13.42,--,3,4468,卖盘
1353,13:42:48,13.42,--,19,25498,卖盘
1354,13:42:42,13.42,--,24,32208,卖盘
1355,13:42:39,13.42,--,4,5368,卖盘
1356,13:42:36,13.42,--,1,1342,卖盘
1357,13:42:33,13.42,--,37,49654,买盘
1358,13:42:30,13.42,--,14,18788,卖盘
1359,13:42:27,13.42,-0.01,9,12078,卖盘
1360,13:42:24,13.43,0.02,44,59092,买盘
1361,13:42:21,13.41,--,8,10728,卖盘
1362,13:42:18,13.41,-0.01,135,181035,卖盘
1363,13:42:15,13.42,0.01,45,60390,买盘
1364,13:42:12,13.41,-0.01,173,231993,卖盘
1365,13:42:09,13.42,--,5,6710,买盘
1366,13:42:06,13.42,0.01,10,13420,买盘
1367,13:42:03,13.41,--,41,54981,卖盘
1368,13:42:00,13.41,--,110,147510,卖盘
1369,13:41:54,13.41,-0.02,28,37548,卖盘
1370,13:41:51,13.43,0.02,5,6715,买盘
1371,13:41:48,13.41,0.01,12,16092,买盘
1372,13:41:45,13.4,-0.01,108,144720,卖盘
1373,13:41:42,13.41,0.01,193,258813,买盘
1374,13:41:39,13.4,-0.01,38,50920,卖盘
1375,13:41:36,13.41,--,12,16092,买盘
1376,13:41:33,13.41,-0.02,348,466668,卖盘
1377,13:41:30,13.43,--,2053,2757179,买盘
1378,13:41:27,13.43,--,14,18802,买盘
1379,13:41:24,13.43,--,35,47005,买盘
1380,13:41:21,13.43,--,67,89981,买盘
1381,13:41:18,13.43,-0.02,2037,2735691,卖盘
1382,13:41:15,13.45,--,18,24210,卖盘
1383,13:41:12,13.45,--,35,47075,卖盘
1384,13:41:09,13.45,--,32,43040,卖盘
1385,13:41:06,13.45,-0.01,5,6725,卖盘
1386,13:41:03,13.46,--,38,51148,买盘
1387,13:41:00,13.46,--,13,17498,买盘
1388,13:40:54,13.46,--,28,37688,买盘
1389,13:40:51,13.46,0.01,74,99604,买盘
1390,13:40:48,13.45,-0.01,1,1345,卖盘
1391,13:40:45,13.46,0.01,472,635312,买盘
1392,13:40:42,13.45,--,74,99530,卖盘
1393,13:40:39,13.45,--,7,9415,卖盘
1394,13:40:33,13.45,-0.01,22,29590,卖盘
1395,13:40:30,13.46,--,25,33650,买盘
1396,13:40:27,13.46,--,863,1161598,卖盘
1397,13:40:24,13.46,-0.01,50,67300,卖盘
1398,13:40:21,13.47,--,120,161640,买盘
1399,13:40:18,13.47,--,33,44451,买盘
1400,13:40:15,13.47,0.01,42,56574,买盘
1401,13:40:12,13.46,--,40,53840,卖盘
1402,13:40:09,13.46,--,23,30958,买盘
1403,13:40:06,13.46,--,23,30958,卖盘
1404,13:40:03,13.46,--,40,53840,卖盘
1405,13:40:00,13.46,--,1,1346,卖盘
1406,13:39:57,13.46,--,53,71338,买盘
1407,13:39:54,13.46,--,27,36342,买盘
1408,13:39:51,13.46,--,6,8076,买盘
1409,13:39:48,13.46,-0.01,170,228820,卖盘
1410,13:39:45,13.47,--,22,29634,买盘
1411,13:39:42,13.47,--,80,107760,买盘
1412,13:39:39,13.47,--,72,96984,买盘
1413,13:39:36,13.47,--,102,137394,买盘
1414,13:39:33,13.47,--,87,117189,买盘
1415,13:39:30,13.47,--,50,67350,卖盘
1416,13:39:27,13.47,--,3,4041,买盘
1417,13:39:24,13.47,--,502,676194,卖盘
1418,13:39:21,13.47,-0.01,54,72738,卖盘
1419,13:39:18,13.48,--,120,161760,买盘
1420,13:39:15,13.48,--,153,206244,买盘
1421,13:39:12,13.48,--,28,37744,买盘
1422,13:39:09,13.48,--,25,33700,买盘
1423,13:39:06,13.48,--,262,353176,卖盘
1424,13:39:03,13.48,0.01,63,84924,买盘
1425,13:39:00,13.47,-0.01,160,215520,卖盘
1426,13:38:57,13.48,--,143,192764,买盘
1427,13:38:54,13.48,0.01,17,22916,买盘
1428,13:38:51,13.47,-0.01,78,105066,卖盘
1429,13:38:48,13.48,0.01,60,80880,买盘
1430,13:38:45,13.47,-0.01,188,253236,卖盘
1431,13:38:42,13.48,0.01,10,13480,买盘
1432,13:38:36,13.47,--,110,148170,卖盘
1433,13:38:33,13.47,--,25,33675,卖盘
1434,13:38:30,13.47,0.01,659,887673,买盘
1435,13:38:27,13.46,-0.01,24,32304,卖盘
1436,13:38:24,13.47,0.01,9,12123,买盘
1437,13:38:21,13.46,-0.01,141,189786,卖盘
1438,13:38:18,13.47,0.01,34,45798,买盘
1439,13:38:15,13.46,--,10,13460,卖盘
1440,13:38:09,13.46,0.01,58,78068,买盘
1441,13:38:06,13.45,-0.01,17,22865,卖盘
1442,13:38:03,13.46,--,198,266508,买盘
1443,13:38:00,13.46,0.01,20,26920,买盘
1444,13:37:57,13.45,--,11,14795,卖盘
1445,13:37:54,13.45,--,11,14795,卖盘
1446,13:37:51,13.45,0.02,326,438470,买盘
1447,13:37:45,13.43,--,30,41270,买盘
1448,13:37:42,13.43,--,133,178887,买盘
1449,13:37:39,13.43,0.01,54,72522,买盘
1450,13:37:36,13.42,-0.01,4,5368,卖盘
1451,13:37:33,13.43,0.01,33,44319,买盘
1452,13:37:30,13.42,-0.01,24,32208,卖盘
1453,13:37:27,13.43,0.01,61,81923,买盘
1454,13:37:24,13.42,--,101,135542,卖盘
1455,13:37:21,13.42,--,5,6710,卖盘
1456,13:37:18,13.42,--,110,147620,卖盘
1457,13:37:15,13.42,0.01,402,539484,买盘
1458,13:37:12,13.41,--,1,1341,卖盘
1459,13:37:06,13.41,0.01,36,48276,卖盘
1460,13:37:03,13.4,-0.02,38,50920,卖盘
1461,13:37:00,13.42,--,31,41602,买盘
1462,13:36:57,13.42,--,3,4026,买盘
1463,13:36:51,13.42,0.02,40,53680,买盘
1464,13:36:48,13.4,--,102,136680,买盘
1465,13:36:45,13.4,--,10,13400,买盘
1466,13:36:42,13.4,--,112,150080,买盘
1467,13:36:39,13.4,0.01,73,97820,买盘
1468,13:36:36,13.39,-0.01,60,80340,卖盘
1469,13:36:33,13.4,--,134,179560,买盘
1470,13:36:30,13.4,--,42,56280,买盘
1471,13:36:27,13.4,--,101,135340,买盘
1472,13:36:24,13.4,--,11,14740,买盘
1473,13:36:21,13.4,--,44,58960,买盘
1474,13:36:18,13.4,0.01,108,144720,买盘
1475,13:36:15,13.39,-0.01,9,12051,卖盘
1476,13:36:12,13.4,--,82,109880,买盘
1477,13:36:09,13.4,--,93,124620,买盘
1478,13:36:06,13.4,--,25,33500,买盘
1479,13:36:03,13.4,--,63,84420,买盘
1480,13:36:00,13.4,-0.01,1337,1791580,卖盘
1481,13:35:57,13.41,-0.01,258,345978,卖盘
1482,13:35:54,13.42,--,5,6710,买盘
1483,13:35:51,13.42,--,82,110044,卖盘
1484,13:35:48,13.42,--,208,279136,卖盘
1485,13:35:45,13.42,--,159,213378,卖盘
1486,13:35:42,13.42,-0.01,5,6710,卖盘
1487,13:35:39,13.43,--,202,271286,买盘
1488,13:35:36,13.43,0.01,10,13430,买盘
1489,13:35:33,13.42,-0.01,35,46970,卖盘
1490,13:35:30,13.43,--,6,8058,买盘
1491,13:35:27,13.43,--,5,6715,买盘
1492,13:35:24,13.43,--,21,28203,买盘
1493,13:35:21,13.43,--,30,40290,买盘
1494,13:35:18,13.43,--,55,73865,买盘
1495,13:35:15,13.43,-0.02,2729,3665409,卖盘
1496,13:35:12,13.45,--,8,10760,卖盘
1497,13:35:09,13.45,--,25,33625,卖盘
1498,13:35:06,13.45,--,16,21520,卖盘
1499,13:35:03,13.45,0.01,22,29590,卖盘
1500,13:34:54,13.44,--,183,245952,卖盘
1501,13:34:48,13.44,-0.02,159,213696,卖盘
1502,13:34:45,13.46,0.01,60,80760,买盘
1503,13:34:42,13.45,--,31,41695,买盘
1504,13:34:39,13.45,0.01,30,40350,买盘
1505,13:34:33,13.44,-0.02,17,22848,卖盘
1506,13:34:30,13.46,0.02,42,56532,买盘
1507,13:34:27,13.44,--,1,1344,卖盘
1508,13:34:24,13.44,--,70,94080,卖盘
1509,13:34:21,13.44,-0.02,43,57792,卖盘
1510,13:34:15,13.46,0.02,19,25574,买盘
1511,13:34:12,13.44,-0.02,15,20160,卖盘
1512,13:34:09,13.46,0.02,2,2692,买盘
1513,13:34:06,13.44,-0.02,21,28224,卖盘
1514,13:34:03,13.46,0.02,2,2692,买盘
1515,13:34:00,13.44,-0.01,38,51072,卖盘
1516,13:33:54,13.45,--,21,28245,卖盘
1517,13:33:51,13.45,0.01,29,39731,买盘
1518,13:33:48,13.44,--,59,79296,买盘
1519,13:33:45,13.44,--,259,348096,卖盘
1520,13:33:42,13.44,-0.01,264,354816,卖盘
1521,13:33:39,13.45,--,4,5380,买盘
1522,13:33:36,13.45,--,36,48420,买盘
1523,13:33:33,13.45,--,65,88043,卖盘
1524,13:33:27,13.45,--,1,2071,买盘
1525,13:33:24,13.45,--,1,1963,卖盘
1526,13:33:21,13.45,--,4,6106,买盘
1527,13:33:18,13.45,--,496,667120,买盘
1528,13:33:15,13.45,--,265,356425,买盘
1529,13:33:12,13.45,--,25,33625,买盘
1530,13:33:09,13.45,0.01,60,80700,买盘
1531,13:33:06,13.44,-0.01,36,48384,卖盘
1532,13:33:03,13.45,--,16,21520,买盘
1533,13:33:00,13.45,0.01,17,22865,买盘
1534,13:32:57,13.44,-0.02,114,153834,卖盘
1535,13:32:48,13.46,0.02,492,662958,买盘
1536,13:32:45,13.44,--,83,111552,买盘
1537,13:32:42,13.44,--,159,213696,卖盘
1538,13:32:39,13.44,-0.01,37,49728,卖盘
1539,13:32:36,13.45,0.01,11,14795,买盘
1540,13:32:33,13.44,-0.01,46,61824,卖盘
1541,13:32:30,13.45,--,70,94150,买盘
1542,13:32:27,13.45,0.02,31,41695,买盘
1543,13:32:24,13.43,-0.02,515,691645,卖盘
1544,13:32:21,13.45,--,123,165435,买盘
1545,13:32:18,13.45,--,3,4035,买盘
1546,13:32:15,13.45,--,156,209820,买盘
1547,13:32:12,13.45,0.01,38,51110,买盘
1548,13:32:09,13.44,--,36,48384,卖盘
1549,13:32:06,13.44,--,13,17472,卖盘
1550,13:32:03,13.44,-0.01,16,21504,卖盘
1551,13:32:00,13.45,--,88,118360,买盘
1552,13:31:54,13.45,0.01,493,663085,买盘
1553,13:31:51,13.44,-0.01,189,254016,卖盘
1554,13:31:48,13.45,--,22,29590,买盘
1555,13:31:45,13.45,--,12,16140,买盘
1556,13:31:42,13.45,--,53,71285,买盘
1557,13:31:36,13.45,--,445,598525,买盘
1558,13:31:33,13.45,0.01,48,64560,买盘
1559,13:31:30,13.44,-0.01,1,1344,卖盘
1560,13:31:27,13.45,0.01,28,37660,买盘
1561,13:31:24,13.44,--,5,6720,卖盘
1562,13:31:21,13.44,-0.01,2,2688,卖盘
1563,13:31:18,13.45,0.01,223,299935,买盘
1564,13:31:15,13.44,--,1,1344,卖盘
1565,13:31:12,13.44,--,304,408831,买盘
1566,13:31:09,13.44,--,26,34944,买盘
1567,13:31:06,13.44,--,21,28224,买盘
1568,13:31:03,13.44,0.01,62,83328,买盘
1569,13:31:00,13.43,-0.01,142,190706,卖盘
1570,13:30:57,13.44,--,32,43008,买盘
1571,13:30:54,13.44,--,34,45696,买盘
1572,13:30:51,13.44,--,118,158592,买盘
1573,13:30:48,13.44,0.01,163,219072,买盘
1574,13:30:45,13.43,-0.01,33,44319,卖盘
1575,13:30:42,13.44,--,151,202944,买盘
1576,13:30:39,13.44,--,18,24192,买盘
1577,13:30:36,13.44,--,18,24192,买盘
1578,13:30:33,13.44,--,6,8064,买盘
1579,13:30:30,13.44,--,78,104832,买盘
1580,13:30:27,13.44,0.01,5,6720,买盘
1581,13:30:24,13.43,--,13,17459,卖盘
1582,13:30:21,13.43,--,18,24174,卖盘
1583,13:30:18,13.43,--,93,124899,买盘
1584,13:30:15,13.43,--,64,85952,买盘
1585,13:30:12,13.43,--,231,310233,买盘
1586,13:30:09,13.43,0.01,29,38947,买盘
1587,13:30:06,13.42,-0.01,26,34892,卖盘
1588,13:30:03,13.43,--,12,16116,买盘
1589,13:30:00,13.43,0.01,20,26860,买盘
1590,13:29:57,13.42,--,14,18788,卖盘
1591,13:29:54,13.42,-0.01,16,21472,卖盘
1592,13:29:51,13.43,--,57,76551,买盘
1593,13:29:48,13.43,--,52,69836,买盘
1594,13:29:45,13.43,--,131,175933,买盘
1595,13:29:42,13.43,--,3,4029,买盘
1596,13:29:36,13.43,--,19,25517,买盘
1597,13:29:33,13.43,--,16,21488,买盘
1598,13:29:30,13.43,--,15,20145,买盘
1599,13:29:27,13.43,0.01,104,139672,买盘
1600,13:29:24,13.42,--,135,181170,买盘
1601,13:29:21,13.42,--,278,373076,卖盘
1602,13:29:18,13.42,-0.01,35,46970,卖盘
1603,13:29:15,13.43,0.01,261,350523,买盘
1604,13:29:12,13.42,-0.01,44,59048,卖盘
1605,13:29:03,13.43,--,5,6715,买盘
1606,13:29:00,13.43,0.01,288,386784,买盘
1607,13:28:57,13.42,--,87,116754,卖盘
1608,13:28:54,13.42,--,81,108702,卖盘
1609,13:28:48,13.42,--,222,297924,买盘
1610,13:28:45,13.42,0.01,9,12078,买盘
1611,13:28:42,13.41,-0.01,227,304407,卖盘
1612,13:28:39,13.42,--,18,24156,买盘
1613,13:28:36,13.42,0.01,11,14762,买盘
1614,13:28:33,13.41,-0.01,2,2682,卖盘
1615,13:28:27,13.42,--,12,16104,买盘
1616,13:28:24,13.42,0.01,181,242902,买盘
1617,13:28:21,13.41,-0.01,32,42912,卖盘
1618,13:28:18,13.42,0.01,15,20130,买盘
1619,13:28:15,13.41,--,14,18774,卖盘
1620,13:28:12,13.41,--,164,219924,卖盘
1621,13:28:06,13.41,--,252,337932,卖盘
1622,13:28:03,13.41,--,17,22797,买盘
1623,13:28:00,13.41,--,338,453258,卖盘
1624,13:27:57,13.41,-0.01,4,5364,卖盘
1625,13:27:54,13.42,--,8,10736,买盘
1626,13:27:51,13.42,--,8,10736,买盘
1627,13:27:48,13.42,0.01,84,112728,买盘
1628,13:27:45,13.41,-0.01,63,84483,中性盘
1629,13:27:42,13.42,--,34,45628,买盘
1630,13:27:39,13.42,-0.01,738,990396,卖盘
1631,13:27:33,13.43,0.01,6,8058,买盘
1632,13:27:30,13.42,-0.01,109,146278,卖盘
1633,13:27:27,13.43,--,33,44319,卖盘
1634,13:27:24,13.43,-0.01,461,619123,卖盘
1635,13:27:21,13.44,0.01,116,155904,买盘
1636,13:27:12,13.43,-0.01,2,2686,卖盘
1637,13:27:09,13.44,--,10,13440,买盘
1638,13:27:06,13.44,--,40,53760,卖盘
1639,13:27:00,13.44,--,67,90048,卖盘
1640,13:26:57,13.44,-0.01,195,262080,卖盘
1641,13:26:54,13.45,--,20,26900,买盘
1642,13:26:51,13.45,--,98,131810,买盘
1643,13:26:48,13.45,-0.01,115,155293,卖盘
1644,13:26:45,13.46,0.01,306,412091,买盘
1645,13:26:42,13.45,--,7,9415,卖盘
1646,13:26:36,13.45,--,1,1345,卖盘
1647,13:26:33,13.45,--,15,20175,卖盘
1648,13:26:30,13.45,--,10,13450,卖盘
1649,13:26:27,13.45,--,28,37660,卖盘
1650,13:26:24,13.45,--,36,48958,卖盘
1651,13:26:21,13.45,--,28,38978,买盘
1652,13:26:18,13.45,--,241,324145,买盘
1653,13:26:15,13.45,--,7,9415,买盘
1654,13:26:12,13.45,--,47,63215,买盘
1655,13:26:09,13.45,--,24,32280,买盘
1656,13:26:06,13.45,--,73,98185,买盘
1657,13:26:03,13.45,--,246,330870,买盘
1658,13:26:00,13.45,0.01,60,80700,买盘
1659,13:25:57,13.44,-0.01,117,157248,卖盘
1660,13:25:54,13.45,--,1,1345,买盘
1661,13:25:51,13.45,--,278,373910,买盘
1662,13:25:48,13.45,--,26,34970,买盘
1663,13:25:45,13.45,--,118,158710,买盘
1664,13:25:42,13.45,--,32,43430,卖盘
1665,13:25:39,13.45,--,16,22474,买盘
1666,13:25:36,13.45,--,12,16140,买盘
1667,13:25:33,13.45,--,5,6725,买盘
1668,13:25:30,13.45,--,409,550495,卖盘
1669,13:25:27,13.45,-0.01,288,387360,卖盘
1670,13:25:24,13.46,--,108,145368,买盘
1671,13:25:21,13.46,-0.01,167,224782,卖盘
1672,13:25:18,13.47,0.01,66,88902,买盘
1673,13:25:15,13.46,--,2,2692,卖盘
1674,13:25:12,13.46,-0.01,28,37688,卖盘
1675,13:25:09,13.47,0.01,80,107760,买盘
1676,13:25:06,13.46,-0.01,101,135946,卖盘
1677,13:25:03,13.47,--,3,4041,买盘
1678,13:25:00,13.47,--,21,28287,买盘
1679,13:24:57,13.47,0.01,68,91596,买盘
1680,13:24:54,13.46,--,55,74985,卖盘
1681,13:24:51,13.46,0.01,5,6730,中性盘
1682,13:24:45,13.45,-0.01,54,72630,卖盘
1683,13:24:42,13.46,--,120,161520,买盘
1684,13:24:39,13.46,--,21,28266,买盘
1685,13:24:36,13.46,--,155,208630,买盘
1686,13:24:33,13.46,--,34,45764,买盘
1687,13:24:30,13.46,--,38,51148,买盘
1688,13:24:27,13.46,--,58,78068,买盘
1689,13:24:24,13.46,--,558,751068,买盘
1690,13:24:21,13.46,0.01,27,36342,买盘
1691,13:24:18,13.45,-0.01,32,43040,卖盘
1692,13:24:15,13.46,0.01,33,44418,买盘
1693,13:24:12,13.45,-0.01,189,254205,卖盘
1694,13:24:09,13.46,0.01,49,65954,买盘
1695,13:24:06,13.45,--,35,47075,卖盘
1696,13:24:03,13.45,--,3,4035,卖盘
1697,13:24:00,13.45,--,250,336250,买盘
1698,13:23:57,13.45,--,119,160055,买盘
1699,13:23:54,13.45,0.01,58,78010,买盘
1700,13:23:51,13.44,-0.01,615,826560,卖盘
1701,13:23:48,13.45,0.01,552,742440,买盘
1702,13:23:45,13.44,--,2,2688,卖盘
1703,13:23:42,13.44,-0.01,58,77952,卖盘
1704,13:23:39,13.45,--,48,64560,买盘
1705,13:23:36,13.45,0.01,38,51110,买盘
1706,13:23:33,13.44,--,62,83328,卖盘
1707,13:23:30,13.44,-0.01,35,47040,卖盘
1708,13:23:24,13.45,--,2,2690,买盘
1709,13:23:21,13.45,0.01,65,87425,买盘
1710,13:23:18,13.44,--,15,20160,卖盘
1711,13:23:15,13.44,--,6,8064,卖盘
1712,13:23:12,13.44,--,3,4032,卖盘
1713,13:23:09,13.44,--,55,73920,卖盘
1714,13:23:06,13.44,--,1,1344,卖盘
1715,13:23:03,13.44,--,20,26880,卖盘
1716,13:23:00,13.44,--,537,722265,买盘
1717,13:22:57,13.44,--,43,57792,买盘
1718,13:22:54,13.44,--,21,28224,买盘
1719,13:22:48,13.44,0.01,306,411264,买盘
1720,13:22:42,13.43,-0.01,5,6715,卖盘
1721,13:22:39,13.44,--,210,282240,买盘
1722,13:22:33,13.44,--,102,137088,买盘
1723,13:22:30,13.44,0.01,162,217728,买盘
1724,13:22:27,13.43,-0.01,31,41633,卖盘
1725,13:22:24,13.44,--,20,26880,买盘
1726,13:22:21,13.44,--,36,48384,买盘
1727,13:22:18,13.44,0.01,21,28224,买盘
1728,13:22:15,13.43,-0.01,115,154445,卖盘
1729,13:22:12,13.44,--,9,12096,买盘
1730,13:22:09,13.44,0.01,140,188160,买盘
1731,13:22:06,13.43,-0.01,15,20145,卖盘
1732,13:22:03,13.44,0.01,26,34944,买盘
1733,13:22:00,13.43,--,17,22831,卖盘
1734,13:21:57,13.43,--,1,1343,卖盘
1735,13:21:54,13.43,--,81,108783,卖盘
1736,13:21:51,13.43,--,48,64464,买盘
1737,13:21:48,13.43,0.01,39,52377,买盘
1738,13:21:45,13.42,-0.01,2,2684,卖盘
1739,13:21:42,13.43,0.01,17,22831,买盘
1740,13:21:39,13.42,-0.01,155,208010,卖盘
1741,13:21:36,13.43,0.01,144,193392,买盘
1742,13:21:33,13.42,-0.01,6,8052,卖盘
1743,13:21:30,13.43,0.01,31,41633,买盘
1744,13:21:27,13.42,--,265,355630,卖盘
1745,13:21:24,13.42,-0.01,262,351604,卖盘
1746,13:21:21,13.43,--,244,327692,买盘
1747,13:21:18,13.43,0.01,1,1343,买盘
1748,13:21:15,13.42,0.01,25,33550,中性盘
1749,13:21:12,13.41,-0.01,120,160920,卖盘
1750,13:21:09,13.42,--,2,2684,买盘
1751,13:21:06,13.42,-0.01,174,233508,卖盘
1752,13:21:03,13.43,-0.01,136,182648,卖盘
1753,13:21:00,13.44,--,10,13440,买盘
1754,13:20:57,13.44,--,13,17472,买盘
1755,13:20:54,13.44,--,22,29568,买盘
1756,13:20:51,13.44,0.02,7,9408,买盘
1757,13:20:48,13.42,-0.01,221,296582,卖盘
1758,13:20:45,13.43,--,36,48348,卖盘
1759,13:20:42,13.43,-0.01,11,14773,中性盘
1760,13:20:39,13.44,--,120,161280,买盘
1761,13:20:36,13.44,0.02,361,485184,买盘
1762,13:20:30,13.42,-0.01,80,107360,卖盘
1763,13:20:27,13.43,--,17,22831,买盘
1764,13:20:24,13.43,--,54,72522,买盘
1765,13:20:21,13.43,--,73,98844,卖盘
1766,13:20:18,13.43,--,269,361267,卖盘
1767,13:20:15,13.43,-0.01,40,53720,卖盘
1768,13:20:12,13.44,-0.01,496,666624,卖盘
1769,13:20:09,13.45,0.01,1,1345,买盘
1770,13:20:06,13.44,--,11,14784,卖盘
1771,13:20:03,13.44,0.01,632,849408,买盘
1772,13:20:00,13.43,-0.01,141,189363,卖盘
1773,13:19:57,13.44,--,325,436800,买盘
1774,13:19:54,13.44,-0.01,1295,1740480,卖盘
1775,13:19:48,13.45,--,447,601484,买盘
1776,13:19:45,13.45,--,33,44385,买盘
1777,13:19:42,13.45,--,22,29590,买盘
1778,13:19:39,13.45,0.01,78,104910,买盘
1779,13:19:36,13.44,--,10,13440,买盘
1780,13:19:33,13.44,--,49,65856,买盘
1781,13:19:27,13.44,0.01,354,476313,买盘
1782,13:19:24,13.43,0.01,190,255975,买盘
1783,13:19:18,13.42,0.01,33,44822,买盘
1784,13:19:15,13.41,--,7,9387,买盘
1785,13:19:12,13.41,--,140,187740,买盘
1786,13:19:09,13.41,--,85,113985,买盘
1787,13:19:03,13.41,--,27,36207,买盘
1788,13:19:00,13.41,0.02,467,626247,买盘
1789,13:18:57,13.39,-0.01,82,109798,卖盘
1790,13:18:54,13.4,0.01,174,233160,买盘
1791,13:18:51,13.39,--,4,5356,卖盘
1792,13:18:48,13.39,--,302,404378,买盘
1793,13:18:45,13.39,--,176,235664,买盘
1794,13:18:42,13.39,0.01,120,160680,买盘
1795,13:18:39,13.38,--,21,28098,买盘
1796,13:18:36,13.38,--,165,220770,买盘
1797,13:18:33,13.38,0.01,115,153870,买盘
1798,13:18:27,13.37,-0.01,23,30751,卖盘
1799,13:18:24,13.38,0.02,158,211404,买盘
1800,13:18:21,13.36,-0.01,287,383432,卖盘
1801,13:18:18,13.37,--,27,36099,买盘
1802,13:18:15,13.37,0.01,31,41447,买盘
1803,13:18:12,13.36,--,19,25384,卖盘
1804,13:18:09,13.36,--,268,358515,买盘
1805,13:18:06,13.36,--,497,663992,买盘
1806,13:18:03,13.36,--,326,435536,买盘
1807,13:18:00,13.36,--,22,29392,买盘
1808,13:17:57,13.36,--,134,179024,买盘
1809,13:17:54,13.36,--,106,141616,买盘
1810,13:17:51,13.36,--,15,20040,买盘
1811,13:17:48,13.36,--,300,400800,买盘
1812,13:17:45,13.36,0.01,118,157648,买盘
1813,13:17:42,13.35,0.01,154,205590,买盘
1814,13:17:39,13.34,-0.01,295,393530,卖盘
1815,13:17:36,13.35,--,119,158865,买盘
1816,13:17:33,13.35,0.01,86,114810,买盘
1817,13:17:30,13.34,-0.01,23,30682,卖盘
1818,13:17:27,13.35,--,55,73425,买盘
1819,13:17:24,13.35,0.01,24,32040,买盘
1820,13:17:21,13.34,--,75,100050,卖盘
1821,13:17:18,13.34,--,30,40020,卖盘
1822,13:17:15,13.34,-0.01,80,106720,卖盘
1823,13:17:12,13.35,--,51,68085,买盘
1824,13:17:09,13.35,--,278,371130,卖盘
1825,13:17:06,13.35,--,158,210930,卖盘
1826,13:17:03,13.35,--,97,129495,卖盘
1827,13:17:00,13.35,--,25,33375,卖盘
1828,13:16:57,13.35,-0.01,70,93450,卖盘
1829,13:16:54,13.36,0.01,130,173680,买盘
1830,13:16:51,13.35,--,114,152190,卖盘
1831,13:16:48,13.35,--,15,20025,卖盘
1832,13:16:45,13.35,-0.01,87,116145,卖盘
1833,13:16:42,13.36,--,80,106880,买盘
1834,13:16:39,13.36,0.01,59,78824,买盘
1835,13:16:36,13.35,--,21,28035,卖盘
1836,13:16:33,13.35,-0.01,20,26700,卖盘
1837,13:16:30,13.36,--,31,41416,买盘
1838,13:16:27,13.36,0.01,54,72144,买盘
1839,13:16:24,13.35,-0.01,15,20025,卖盘
1840,13:16:21,13.36,--,22,29392,买盘
1841,13:16:18,13.36,--,40,53440,买盘
1842,13:16:15,13.36,--,337,450232,买盘
1843,13:16:12,13.36,--,20,26720,买盘
1844,13:16:09,13.36,--,4,5344,买盘
1845,13:16:06,13.36,--,1,1336,买盘
1846,13:16:03,13.36,--,78,104208,买盘
1847,13:16:00,13.36,-0.01,122,163860,卖盘
1848,13:15:57,13.37,0.01,57,76676,买盘
1849,13:15:54,13.36,-0.01,637,851032,卖盘
1850,13:15:51,13.37,--,8,10696,买盘
1851,13:15:48,13.37,--,198,264726,卖盘
1852,13:15:45,13.37,--,16,21392,卖盘
1853,13:15:42,13.37,--,48,64175,卖盘
1854,13:15:39,13.37,-0.01,78,104286,卖盘
1855,13:15:36,13.38,--,92,123096,买盘
1856,13:15:33,13.38,0.01,18,24084,买盘
1857,13:15:30,13.37,-0.01,30,40110,卖盘
1858,13:15:27,13.38,--,62,82956,买盘
1859,13:15:24,13.38,--,194,259572,买盘
1860,13:15:21,13.38,--,103,137814,买盘
1861,13:15:18,13.38,0.01,2,2676,买盘
1862,13:15:15,13.37,-0.01,10,13370,卖盘
1863,13:15:12,13.38,0.01,7,9366,买盘
1864,13:15:09,13.37,-0.01,86,114982,卖盘
1865,13:15:06,13.38,0.01,43,57534,买盘
1866,13:15:03,13.37,--,356,475972,买盘
1867,13:15:00,13.37,--,397,530789,买盘
1868,13:14:57,13.37,--,13,17381,买盘
1869,13:14:54,13.37,--,102,136374,买盘
1870,13:14:51,13.37,0.01,66,88242,买盘
1871,13:14:48,13.36,--,3,4008,卖盘
1872,13:14:45,13.36,--,6,8016,中性盘
1873,13:14:42,13.36,--,30,40080,买盘
1874,13:14:39,13.36,--,464,619904,买盘
1875,13:14:36,13.36,--,184,245824,买盘
1876,13:14:33,13.36,0.01,44,58784,买盘
1877,13:14:30,13.35,--,606,809010,卖盘
1878,13:14:27,13.35,--,139,185565,卖盘
1879,13:14:24,13.35,-0.02,379,505965,卖盘
1880,13:14:21,13.37,0.01,171,228627,买盘
1881,13:14:18,13.36,0.01,266,355376,买盘
1882,13:14:15,13.35,-0.02,53,70755,卖盘
1883,13:14:12,13.37,--,44,58828,买盘
1884,13:14:09,13.37,0.01,304,406448,买盘
1885,13:14:06,13.36,-0.01,152,203072,卖盘
1886,13:14:03,13.37,0.01,234,312858,买盘
1887,13:14:00,13.36,--,146,195056,卖盘
1888,13:13:57,13.36,-0.01,52,69472,卖盘
1889,13:13:54,13.37,--,56,74872,买盘
1890,13:13:51,13.37,0.01,27,36099,买盘
1891,13:13:48,13.36,--,10,13360,卖盘
1892,13:13:45,13.36,-0.01,52,69472,中性盘
1893,13:13:42,13.37,0.02,100,133700,买盘
1894,13:13:39,13.35,0.01,13,17355,卖盘
1895,13:13:36,13.34,0.01,74,98716,买盘
1896,13:13:33,13.33,--,15,19995,卖盘
1897,13:13:30,13.33,--,390,519870,买盘
1898,13:13:27,13.33,0.01,548,730484,买盘
1899,13:13:24,13.32,--,193,257076,卖盘
1900,13:13:21,13.32,--,155,206460,卖盘
1901,13:13:18,13.32,--,116,154512,卖盘
1902,13:13:15,13.32,--,146,194472,卖盘
1903,13:13:12,13.32,--,1331,1772892,买盘
1904,13:13:09,13.32,--,520,692640,买盘
1905,13:13:06,13.32,0.01,43,57276,买盘
1906,13:13:03,13.31,--,73,97163,卖盘
1907,13:13:00,13.31,-0.01,488,649528,卖盘
1908,13:12:57,13.32,0.01,25,33300,买盘
1909,13:12:54,13.31,-0.01,77,102487,卖盘
1910,13:12:51,13.32,--,211,281052,买盘
1911,13:12:48,13.32,--,21,27972,买盘
1912,13:12:45,13.32,-0.01,151,201132,卖盘
1913,13:12:42,13.33,-0.01,72,95976,卖盘
1914,13:12:39,13.34,--,7141,9526094,买盘
1915,13:12:36,13.34,--,92,122728,买盘
1916,13:12:33,13.34,-0.01,300,400200,卖盘
1917,13:12:30,13.35,--,25,33375,买盘
1918,13:12:27,13.35,-0.02,2536,3385560,卖盘
1919,13:12:24,13.37,0.01,15,20055,买盘
1920,13:12:21,13.36,-0.01,253,338008,卖盘
1921,13:12:18,13.37,0.01,200,267400,买盘
1922,13:12:15,13.36,-0.01,108,144288,卖盘
1923,13:12:12,13.37,0.01,46,61502,买盘
1924,13:12:09,13.36,-0.01,54,72144,卖盘
1925,13:12:06,13.37,-0.01,234,312858,卖盘
1926,13:12:03,13.38,0.01,536,717168,买盘
1927,13:12:00,13.37,--,333,445221,卖盘
1928,13:11:57,13.37,-0.01,140,187180,卖盘
1929,13:11:54,13.38,--,26,34788,买盘
1930,13:11:51,13.38,--,146,195348,买盘
1931,13:11:45,13.38,-0.01,1198,1602924,卖盘
1932,13:11:42,13.39,0.01,195,261105,买盘
1933,13:11:39,13.38,-0.01,12,16056,卖盘
1934,13:11:36,13.39,--,281,376259,买盘
1935,13:11:33,13.39,--,113,151307,买盘
1936,13:11:30,13.39,--,24,32136,卖盘
1937,13:11:27,13.39,--,75,100425,卖盘
1938,13:11:24,13.39,--,258,345462,卖盘
1939,13:11:21,13.39,-0.01,39,52221,卖盘
1940,13:11:18,13.4,--,39,52260,买盘
1941,13:11:15,13.4,0.01,171,229140,买盘
1942,13:11:12,13.39,--,30,40170,卖盘
1943,13:11:09,13.39,--,40,53560,卖盘
1944,13:11:06,13.39,-0.01,210,281190,卖盘
1945,13:11:03,13.4,--,10,13400,买盘
1946,13:11:00,13.4,-0.01,396,531390,卖盘
1947,13:10:57,13.41,--,9,12069,买盘
1948,13:10:54,13.41,0.01,44,59004,买盘
1949,13:10:51,13.4,--,96,128640,卖盘
1950,13:10:48,13.4,--,95,127300,卖盘
1951,13:10:45,13.4,--,23,30820,卖盘
1952,13:10:42,13.4,--,51,68340,卖盘
1953,13:10:39,13.4,--,147,196980,卖盘
1954,13:10:36,13.4,-0.01,66,88440,卖盘
1955,13:10:33,13.41,0.01,19,25479,买盘
1956,13:10:30,13.4,--,12,16080,卖盘
1957,13:10:24,13.4,-0.01,268,359120,卖盘
1958,13:10:21,13.41,--,25,33525,买盘
1959,13:10:18,13.41,0.01,8,10728,买盘
1960,13:10:15,13.4,-0.02,46,61640,卖盘
1961,13:10:12,13.42,--,3,4026,买盘
1962,13:10:09,13.42,0.02,5,6710,买盘
1963,13:10:06,13.4,--,35,46900,卖盘
1964,13:10:03,13.4,-0.01,557,746380,卖盘
1965,13:09:57,13.41,-0.01,57,76437,卖盘
1966,13:09:54,13.42,--,57,76494,买盘
1967,13:09:51,13.42,0.01,6,8052,买盘
1968,13:09:48,13.41,--,10,13410,卖盘
1969,13:09:45,13.41,--,32,42912,卖盘
1970,13:09:42,13.41,-0.01,196,262836,卖盘
1971,13:09:39,13.42,--,32,42944,买盘
1972,13:09:36,13.42,--,36,48312,买盘
1973,13:09:33,13.42,--,80,107360,买盘
1974,13:09:30,13.42,0.01,7,9394,买盘
1975,13:09:27,13.41,--,1,1341,卖盘
1976,13:09:24,13.41,-0.01,238,319158,卖盘
1977,13:09:21,13.42,0.01,93,126054,买盘
1978,13:09:15,13.41,-0.01,26,34866,卖盘
1979,13:09:12,13.42,0.01,3,4026,买盘
1980,13:09:09,13.41,-0.01,209,280269,卖盘
1981,13:09:06,13.42,--,72,96624,买盘
1982,13:09:03,13.42,--,36,48312,买盘
1983,13:09:00,13.42,--,6,8052,买盘
1984,13:08:57,13.42,-0.01,42,56457,卖盘
1985,13:08:54,13.43,--,213,286059,买盘
1986,13:08:51,13.43,0.01,16,21488,买盘
1987,13:08:48,13.42,--,16,21472,卖盘
1988,13:08:45,13.42,-0.01,208,279136,卖盘
1989,13:08:42,13.43,--,1,1343,买盘
1990,13:08:39,13.43,--,104,139672,买盘
1991,13:08:36,13.43,--,15,20145,买盘
1992,13:08:33,13.43,0.01,20,26860,买盘
1993,13:08:30,13.42,-0.01,148,198616,卖盘
1994,13:08:27,13.43,0.01,4,5372,买盘
1995,13:08:21,13.42,--,15,20130,卖盘
1996,13:08:18,13.42,-0.01,120,161040,卖盘
1997,13:08:15,13.43,0.01,28,37604,买盘
1998,13:08:12,13.42,--,6,8052,卖盘
1999,13:08:03,13.42,0.01,51,69690,买盘
2000,13:08:00,13.41,-0.01,73,97893,卖盘
2001,13:07:57,13.42,--,32,42944,买盘
2002,13:07:54,13.42,--,33,44286,买盘
2003,13:07:51,13.42,0.01,80,107360,买盘
2004,13:07:48,13.41,-0.01,11,14751,卖盘
2005,13:07:45,13.42,--,50,67100,买盘
2006,13:07:42,13.42,--,72,96624,买盘
2007,13:07:39,13.42,--,103,138226,买盘
2008,13:07:36,13.42,--,63,84546,买盘
2009,13:07:33,13.42,0.01,34,45628,买盘
2010,13:07:30,13.41,-0.01,22,29502,卖盘
2011,13:07:27,13.42,--,43,57706,买盘
2012,13:07:24,13.42,0.01,241,323422,买盘
2013,13:07:21,13.41,-0.01,4,5364,卖盘
2014,13:07:18,13.42,--,94,126148,买盘
2015,13:07:15,13.42,0.01,3,4026,买盘
2016,13:07:12,13.41,--,1,1341,卖盘
2017,13:07:09,13.41,-0.01,22,29502,卖盘
2018,13:07:06,13.42,0.01,96,128832,买盘
2019,13:06:57,13.41,--,25,33525,卖盘
2020,13:06:54,13.41,--,30,40230,卖盘
2021,13:06:51,13.41,--,12,16092,卖盘
2022,13:06:48,13.41,--,1,1341,卖盘
2023,13:06:45,13.41,--,5,6705,卖盘
2024,13:06:42,13.41,--,218,293330,买盘
2025,13:06:36,13.41,--,230,308430,买盘
2026,13:06:33,13.41,0.01,309,414369,买盘
2027,13:06:30,13.4,--,225,301500,卖盘
2028,13:06:27,13.4,-0.01,199,267691,卖盘
2029,13:06:24,13.41,--,14,18774,买盘
2030,13:06:21,13.41,0.01,48,64368,买盘
2031,13:06:18,13.4,-0.01,3,4020,卖盘
2032,13:06:12,13.41,0.01,181,242721,买盘
2033,13:06:06,13.4,-0.01,1,1340,卖盘
2034,13:06:00,13.41,0.01,22,29502,买盘
2035,13:05:57,13.4,-0.01,113,151420,卖盘
2036,13:05:54,13.41,0.01,57,76437,买盘
2037,13:05:51,13.4,-0.01,14,18760,卖盘
2038,13:05:48,13.41,0.01,202,270882,买盘
2039,13:05:45,13.4,--,57,76380,卖盘
2040,13:05:42,13.4,--,105,141973,卖盘
2041,13:05:39,13.4,-0.01,89,119260,卖盘
2042,13:05:36,13.41,--,279,374139,买盘
2043,13:05:33,13.41,--,14,18774,买盘
2044,13:05:30,13.41,--,11,14751,买盘
2045,13:05:27,13.41,0.01,21,28161,买盘
2046,13:05:24,13.4,--,35,46900,卖盘
2047,13:05:21,13.4,-0.01,36,48735,卖盘
2048,13:05:18,13.41,0.01,100,134100,买盘
2049,13:05:12,13.4,-0.01,1,1340,卖盘
2050,13:05:09,13.41,-0.01,55,73755,卖盘
2051,13:05:06,13.42,0.01,272,365024,买盘
2052,13:05:03,13.41,0.01,73,98804,买盘
2053,13:05:00,13.4,-0.01,40,53600,中性盘
2054,13:04:57,13.41,0.01,14,18774,买盘
2055,13:04:54,13.4,-0.01,236,316240,卖盘
2056,13:04:51,13.41,0.01,5,6705,买盘
2057,13:04:48,13.4,-0.01,31,41540,卖盘
2058,13:04:45,13.41,0.01,73,97893,买盘
2059,13:04:42,13.4,-0.01,185,247900,卖盘
2060,13:04:39,13.41,0.01,85,113985,买盘
2061,13:04:36,13.4,-0.01,21,28140,卖盘
2062,13:04:33,13.41,--,54,72414,买盘
2063,13:04:30,13.41,--,240,321840,买盘
2064,13:04:27,13.41,--,15,20115,买盘
2065,13:04:24,13.41,--,35,46935,买盘
2066,13:04:21,13.41,--,11,14751,买盘
2067,13:04:18,13.41,0.01,10,13410,买盘
2068,13:04:15,13.4,--,205,274700,买盘
2069,13:04:12,13.4,-0.01,124,166160,卖盘
2070,13:04:09,13.41,--,240,321840,买盘
2071,13:04:06,13.41,--,117,156897,买盘
2072,13:04:03,13.41,--,53,71073,买盘
2073,13:04:00,13.41,--,44,59004,卖盘
2074,13:03:57,13.41,--,82,109962,买盘
2075,13:03:54,13.41,--,8,10728,买盘
2076,13:03:51,13.41,0.01,32,42912,买盘
2077,13:03:48,13.4,-0.01,1,1340,卖盘
2078,13:03:45,13.41,--,2,2682,买盘
2079,13:03:42,13.41,--,15,20115,买盘
2080,13:03:39,13.41,-0.01,16,21456,卖盘
2081,13:03:36,13.42,--,50,67100,买盘
2082,13:03:33,13.42,--,380,509960,买盘
2083,13:03:30,13.42,--,115,154330,买盘
2084,13:03:27,13.42,--,51,68442,买盘
2085,13:03:21,13.42,0.01,20,26840,买盘
2086,13:03:18,13.41,--,20,26820,卖盘
2087,13:03:15,13.41,--,21,28161,卖盘
2088,13:03:12,13.41,--,50,67050,卖盘
2089,13:03:09,13.41,--,40,53640,卖盘
2090,13:03:06,13.41,--,25,33525,卖盘
2091,13:03:03,13.41,0.01,840,1127016,买盘
2092,13:02:57,13.4,-0.01,1,1340,中性盘
2093,13:02:54,13.41,0.01,212,284292,买盘
2094,13:02:51,13.4,--,104,139360,买盘
2095,13:02:48,13.4,--,255,341700,买盘
2096,13:02:45,13.4,--,21,28140,买盘
2097,13:02:42,13.4,--,14,18760,买盘
2098,13:02:39,13.4,--,43,57620,买盘
2099,13:02:36,13.4,--,29,38860,买盘
2100,13:02:30,13.4,0.01,13,17420,买盘
2101,13:02:27,13.39,-0.01,25,33475,卖盘
2102,13:02:24,13.4,-0.01,99,132660,卖盘
2103,13:02:21,13.41,0.01,247,331227,买盘
2104,13:02:18,13.4,--,487,652580,买盘
2105,13:02:15,13.4,-0.01,81,108540,中性盘
2106,13:02:12,13.41,0.01,45,60345,买盘
2107,13:02:09,13.4,--,28,37627,卖盘
2108,13:02:06,13.4,--,65,87100,卖盘
2109,13:02:03,13.4,0.01,138,186152,买盘
2110,13:02:00,13.39,0.01,20,26780,买盘
2111,13:01:57,13.38,-0.01,51,68238,卖盘
2112,13:01:54,13.39,-0.01,760,1018443,卖盘
2113,13:01:51,13.4,0.01,241,323476,买盘
2114,13:01:48,13.39,-0.01,240,321360,卖盘
2115,13:01:42,13.4,0.01,43,57620,买盘
2116,13:01:36,13.39,--,9,12051,卖盘
2117,13:01:33,13.39,-0.01,18,24102,卖盘
2118,13:01:30,13.4,0.01,6,8040,买盘
2119,13:01:27,13.39,-0.01,28,37492,卖盘
2120,13:01:24,13.4,0.01,28,37520,买盘
2121,13:01:21,13.39,-0.02,292,391791,卖盘
2122,13:01:18,13.41,--,39,52299,买盘
2123,13:01:15,13.41,0.01,45,60345,买盘
2124,13:01:12,13.4,-0.01,70,93800,卖盘
2125,13:01:09,13.41,--,2,2682,买盘
2126,13:01:06,13.41,--,303,406323,买盘
2127,13:01:00,13.41,--,162,217242,卖盘
2128,13:00:57,13.41,-0.01,40,53640,卖盘
2129,13:00:51,13.42,0.01,40,53680,买盘
2130,13:00:48,13.41,--,47,63027,卖盘
2131,13:00:45,13.41,-0.01,17,22797,卖盘
2132,13:00:42,13.42,--,7,9394,买盘
2133,13:00:39,13.42,0.01,7,9394,买盘
2134,13:00:36,13.41,--,6,8046,卖盘
2135,13:00:33,13.41,-0.01,1,1341,卖盘
2136,13:00:30,13.42,-0.03,40,53680,卖盘
2137,13:00:27,13.45,--,9,12105,买盘
2138,13:00:24,13.45,0.03,24,32280,买盘
2139,13:00:21,13.42,--,3,4026,卖盘
2140,13:00:18,13.42,0.02,9,12078,买盘
2141,13:00:15,13.4,-0.04,102,136680,卖盘
2142,13:00:12,13.44,0.02,7,9408,中性盘
2143,13:00:09,13.42,0.02,98,131516,买盘
2144,13:00:06,13.4,--,1466,1964976,买盘
2145,13:00:03,13.4,-0.02,8366,11211512,卖盘
2146,13:00:00,13.42,--,0,0,卖盘
2147,11:30:00,13.42,-0.02,278,373076,卖盘
2148,11:29:57,13.44,--,19,25536,买盘
2149,11:29:54,13.44,-0.01,238,319872,卖盘
2150,11:29:51,13.45,0.03,10,13450,买盘
2151,11:29:48,13.42,-0.02,1278,1715143,卖盘
2152,11:29:45,13.44,--,124,166656,买盘
2153,11:29:42,13.44,--,96,129024,卖盘
2154,11:29:39,13.44,-0.01,37,49728,卖盘
2155,11:29:36,13.45,0.01,206,277070,买盘
2156,11:29:33,13.44,--,87,116928,卖盘
2157,11:29:30,13.44,--,8,10752,买盘
2158,11:29:27,13.44,--,217,291648,卖盘
2159,11:29:24,13.44,-0.01,4,5376,中性盘
2160,11:29:21,13.45,--,162,217890,买盘
2161,11:29:18,13.45,0.01,52,69940,买盘
2162,11:29:15,13.44,-0.01,15,20160,卖盘
2163,11:29:12,13.45,--,112,150640,买盘
2164,11:29:09,13.45,--,17,22865,买盘
2165,11:29:06,13.45,--,42,56490,买盘
2166,11:29:03,13.45,--,149,200405,买盘
2167,11:29:00,13.45,--,190,256626,卖盘
2168,11:28:57,13.45,-0.01,250,336250,卖盘
2169,11:28:54,13.46,--,100,134600,买盘
2170,11:28:51,13.46,0.01,39,52494,买盘
2171,11:28:48,13.45,--,78,104910,卖盘
2172,11:28:42,13.45,--,28,37660,卖盘
2173,11:28:39,13.45,--,201,270345,卖盘
2174,11:28:36,13.45,--,1,1345,卖盘
2175,11:28:33,13.45,--,25,33625,卖盘
2176,11:28:30,13.45,-0.01,171,229995,卖盘
2177,11:28:27,13.46,0.01,205,276199,买盘
2178,11:28:24,13.45,--,585,786825,卖盘
2179,11:28:21,13.45,--,268,360460,买盘
2180,11:28:18,13.45,--,8,10760,买盘
2181,11:28:15,13.45,0.02,35,47075,买盘
2182,11:28:12,13.43,--,248,333064,卖盘
2183,11:28:09,13.43,--,73,98039,卖盘
2184,11:28:06,13.43,--,30,40290,卖盘
2185,11:28:03,13.43,--,140,188221,卖盘
2186,11:28:00,13.43,--,734,985762,卖盘
2187,11:27:57,13.43,-0.02,24,32232,卖盘
2188,11:27:54,13.45,0.02,55,73975,买盘
2189,11:27:51,13.43,--,821,1102603,卖盘
2190,11:27:48,13.43,--,202,271286,买盘
2191,11:27:45,13.43,0.01,269,361267,买盘
2192,11:27:42,13.42,-0.01,355,476410,卖盘
2193,11:27:39,13.43,--,532,714476,卖盘
2194,11:27:36,13.43,--,29,38947,卖盘
2195,11:27:30,13.43,--,355,476765,卖盘
2196,11:27:27,13.43,-0.01,353,474079,卖盘
2197,11:27:24,13.44,0.02,59,79296,买盘
2198,11:27:21,13.42,-0.01,315,422730,卖盘
2199,11:27:18,13.43,--,215,288745,买盘
2200,11:27:15,13.43,--,317,425731,卖盘
2201,11:27:12,13.43,-0.01,223,299489,卖盘
2202,11:27:09,13.44,0.01,113,151872,买盘
2203,11:27:06,13.43,--,153,205479,卖盘
2204,11:27:03,13.43,--,534,717162,卖盘
2205,11:27:00,13.43,--,796,1069028,卖盘
2206,11:26:57,13.43,-0.01,1088,1461184,卖盘
2207,11:26:54,13.44,--,76,102144,买盘
2208,11:26:51,13.44,-0.01,1080,1451520,卖盘
2209,11:26:48,13.45,0.01,21,28245,买盘
2210,11:26:45,13.44,-0.01,302,405888,卖盘
2211,11:26:42,13.45,-0.01,643,864835,卖盘
2212,11:26:39,13.46,0.01,65,87490,买盘
2213,11:26:36,13.45,--,105,141225,卖盘
2214,11:26:33,13.45,--,535,719575,卖盘
2215,11:26:30,13.45,--,910,1223950,卖盘
2216,11:26:27,13.45,-0.01,110,147950,卖盘
2217,11:26:24,13.46,0.01,144,193824,买盘
2218,11:26:21,13.45,-0.01,78,104910,卖盘
2219,11:26:18,13.46,--,122,164212,买盘
2220,11:26:15,13.46,-0.01,1085,1461486,卖盘
2221,11:26:12,13.47,--,204,274788,买盘
2222,11:26:09,13.47,--,23,30981,买盘
2223,11:26:06,13.47,--,25,33675,买盘
2224,11:26:03,13.47,-0.01,891,1200177,卖盘
2225,11:26:00,13.48,--,6,8088,卖盘
2226,11:25:57,13.48,0.01,170,229160,买盘
2227,11:25:54,13.47,-0.01,96,129312,卖盘
2228,11:25:51,13.48,0.01,8,10784,买盘
2229,11:25:48,13.47,-0.02,180,242460,卖盘
2230,11:25:45,13.49,0.01,21,28329,买盘
2231,11:25:42,13.48,--,321,432708,卖盘
2232,11:25:39,13.48,-0.01,18,24264,卖盘
2233,11:25:36,13.49,0.01,51,68799,买盘
2234,11:25:33,13.48,--,188,253424,卖盘
2235,11:25:30,13.48,--,80,107840,卖盘
2236,11:25:27,13.48,-0.01,37,49876,卖盘
2237,11:25:24,13.49,-0.01,164,221236,卖盘
2238,11:25:21,13.5,--,15,20250,买盘
2239,11:25:18,13.5,--,20,27000,卖盘
2240,11:25:15,13.5,0.02,65,87750,中性盘
2241,11:25:12,13.48,-0.02,2028,2733744,卖盘
2242,11:25:09,13.5,--,20,27000,卖盘
2243,11:25:06,13.5,--,50,67500,卖盘
2244,11:25:03,13.5,--,33,44550,卖盘
2245,11:25:00,13.5,--,203,275130,买盘
2246,11:24:57,13.5,--,2,2700,买盘
2247,11:24:51,13.5,--,89,120150,买盘
2248,11:24:48,13.5,--,18,24300,买盘
2249,11:24:45,13.5,--,5,6750,买盘
2250,11:24:42,13.5,--,2,2700,买盘
2251,11:24:39,13.5,--,20,27000,买盘
2252,11:24:36,13.5,--,57,76950,买盘
2253,11:24:33,13.5,--,22,29700,买盘
2254,11:24:30,13.5,0.01,7,9450,买盘
2255,11:24:27,13.49,-0.01,18,24282,卖盘
2256,11:24:24,13.5,--,16,21600,买盘
2257,11:24:21,13.5,--,1,1350,买盘
2258,11:24:18,13.5,--,18,24300,买盘
2259,11:24:15,13.5,--,3,4050,买盘
2260,11:24:12,13.5,--,54,72900,买盘
2261,11:24:09,13.5,0.01,113,152550,买盘
2262,11:24:06,13.49,--,30,40470,卖盘
2263,11:24:03,13.49,--,34,45866,卖盘
2264,11:24:00,13.49,--,233,314317,卖盘
2265,11:23:57,13.49,-0.01,19,25631,卖盘
2266,11:23:54,13.5,--,22,29700,买盘
2267,11:23:51,13.5,--,4,5400,买盘
2268,11:23:48,13.5,--,1016,1371870,卖盘
2269,11:23:45,13.5,-0.01,131,176850,卖盘
2270,11:23:42,13.51,--,111,149961,买盘
2271,11:23:39,13.51,--,16,21616,买盘
2272,11:23:36,13.51,-0.01,75,101325,卖盘
2273,11:23:33,13.52,--,255,344760,买盘
2274,11:23:30,13.52,--,1,1352,买盘
2275,11:23:27,13.52,--,8,10816,买盘
2276,11:23:24,13.52,--,808,1092416,买盘
2277,11:23:21,13.52,--,122,164944,买盘
2278,11:23:18,13.52,--,148,200096,买盘
2279,11:23:15,13.52,--,287,388024,卖盘
2280,11:23:12,13.52,-0.01,60,81120,卖盘
2281,11:23:09,13.53,--,320,432960,买盘
2282,11:23:06,13.53,--,18,24354,买盘
2283,11:23:03,13.53,0.01,75,101475,买盘
2284,11:23:00,13.52,-0.01,106,143312,卖盘
2285,11:22:57,13.53,--,286,386958,买盘
2286,11:22:54,13.53,0.01,130,175890,买盘
2287,11:22:51,13.52,-0.01,29,39208,卖盘
2288,11:22:48,13.53,0.01,48,64944,买盘
2289,11:22:45,13.52,--,5,6760,卖盘
2290,11:22:42,13.52,-0.01,60,81120,卖盘
2291,11:22:39,13.53,0.01,2,2706,买盘
2292,11:22:36,13.52,-0.01,1,1352,卖盘
2293,11:22:33,13.53,--,399,539847,买盘
2294,11:22:30,13.53,0.01,13,17589,买盘
2295,11:22:27,13.52,-0.01,63,85176,卖盘
2296,11:22:24,13.53,--,20,27060,买盘
2297,11:22:21,13.53,--,5,6765,买盘
2298,11:22:18,13.53,--,30,40590,买盘
2299,11:22:15,13.53,--,79,106887,卖盘
2300,11:22:12,13.53,--,1,1353,卖盘
2301,11:22:09,13.53,--,11,14883,卖盘
2302,11:22:06,13.53,--,1,1353,卖盘
2303,11:22:03,13.53,--,25,33825,买盘
2304,11:22:00,13.53,0.01,126,170478,买盘
2305,11:21:57,13.52,-0.01,153,206856,卖盘
2306,11:21:54,13.53,0.01,51,69003,买盘
2307,11:21:48,13.52,--,120,162240,卖盘
2308,11:21:45,13.52,-0.01,85,114920,卖盘
2309,11:21:42,13.53,--,1,1353,买盘
2310,11:21:39,13.53,--,200,270600,买盘
2311,11:21:36,13.53,--,13,17589,买盘
2312,11:21:30,13.53,0.01,60,81180,买盘
2313,11:21:27,13.52,-0.01,97,131144,卖盘
2314,11:21:24,13.53,--,5,6765,买盘
2315,11:21:21,13.53,0.01,11,14883,买盘
2316,11:21:18,13.52,-0.01,8,10816,卖盘
2317,11:21:15,13.53,--,142,192126,买盘
2318,11:21:12,13.53,--,23,31119,买盘
2319,11:21:09,13.53,--,401,542553,买盘
2320,11:21:06,13.53,0.01,47,63591,买盘
2321,11:21:03,13.52,-0.01,113,152776,卖盘
2322,11:21:00,13.53,0.01,142,192126,买盘
2323,11:20:57,13.52,-0.01,14,18928,卖盘
2324,11:20:54,13.53,--,10,13530,买盘
2325,11:20:51,13.53,--,96,129888,买盘
2326,11:20:48,13.53,0.01,86,116358,买盘
2327,11:20:45,13.52,--,1,1352,卖盘
2328,11:20:42,13.52,--,1,1352,卖盘
2329,11:20:39,13.52,--,30,40560,卖盘
2330,11:20:36,13.52,--,229,309608,买盘
2331,11:20:33,13.52,--,173,233896,卖盘
2332,11:20:30,13.52,-0.01,73,98696,卖盘
2333,11:20:27,13.53,0.01,44,59532,买盘
2334,11:20:24,13.52,-0.01,294,397488,卖盘
2335,11:20:21,13.53,--,2,2706,买盘
2336,11:20:18,13.53,0.01,5,6765,买盘
2337,11:20:15,13.52,--,18,24336,卖盘
2338,11:20:12,13.52,--,7,9464,卖盘
2339,11:20:06,13.52,--,31,41912,卖盘
2340,11:20:03,13.52,--,61,82472,买盘
2341,11:20:00,13.52,0.01,132,178464,买盘
2342,11:19:57,13.51,-0.01,43,58093,卖盘
2343,11:19:54,13.52,0.01,66,89232,买盘
2344,11:19:51,13.51,--,97,131047,卖盘
2345,11:19:48,13.51,-0.01,6,8106,卖盘
2346,11:19:45,13.52,0.01,231,312312,买盘
2347,11:19:42,13.51,--,32,43232,买盘
2348,11:19:39,13.51,--,69,93219,买盘
2349,11:19:36,13.51,--,8,10808,买盘
2350,11:19:30,13.51,--,43,58093,买盘
2351,11:19:27,13.51,--,39,52689,买盘
2352,11:19:24,13.51,-0.01,101,136451,卖盘
2353,11:19:21,13.52,0.01,24,32448,买盘
2354,11:19:18,13.51,--,11,14861,卖盘
2355,11:19:15,13.51,-0.01,73,98623,卖盘
2356,11:19:12,13.52,0.01,62,83824,买盘
2357,11:19:09,13.51,--,5,6755,卖盘
2358,11:19:06,13.51,--,5,6755,卖盘
2359,11:19:03,13.51,0.01,45,60795,买盘
2360,11:19:00,13.5,--,4,5400,卖盘
2361,11:18:57,13.5,-0.01,84,113400,卖盘
2362,11:18:54,13.51,0.01,165,223995,买盘
2363,11:18:51,13.5,--,10,13500,买盘
2364,11:18:48,13.5,--,101,136620,卖盘
2365,11:18:45,13.5,-0.01,12,16200,卖盘
2366,11:18:42,13.51,0.01,140,189140,买盘
2367,11:18:36,13.5,--,166,224734,卖盘
2368,11:18:33,13.5,0.02,335,452695,买盘
2369,11:18:30,13.48,-0.02,566,762968,卖盘
2370,11:18:27,13.5,--,125,168750,买盘
2371,11:18:24,13.5,--,6,8100,买盘
2372,11:18:21,13.5,0.01,14,18900,买盘
2373,11:18:18,13.49,--,20,26980,卖盘
2374,11:18:15,13.49,-0.01,38,51262,卖盘
2375,11:18:12,13.5,--,63,85050,买盘
2376,11:18:09,13.5,0.01,23,31050,买盘
2377,11:18:06,13.49,-0.02,11,14839,卖盘
2378,11:18:03,13.51,0.01,255,344505,买盘
2379,11:18:00,13.5,0.01,53,71550,买盘
2380,11:17:57,13.49,--,574,774326,卖盘
2381,11:17:54,13.49,0.01,278,375022,卖盘
2382,11:17:51,13.48,-0.01,437,589076,卖盘
2383,11:17:48,13.49,--,18,24282,卖盘
2384,11:17:45,13.49,--,52,70148,买盘
2385,11:17:42,13.49,--,4,5396,买盘
2386,11:17:39,13.49,-0.01,66,89034,卖盘
2387,11:17:36,13.5,-0.02,35,47250,卖盘
2388,11:17:33,13.52,0.02,10,13520,买盘
2389,11:17:30,13.5,0.01,7,9450,卖盘
2390,11:17:27,13.49,-0.02,27,36423,卖盘
2391,11:17:24,13.51,0.03,94,126994,买盘
2392,11:17:21,13.48,-0.02,858,1156584,卖盘
2393,11:17:18,13.5,0.01,70,94500,买盘
2394,11:17:15,13.49,-0.01,159,214491,卖盘
2395,11:17:12,13.5,0.01,75,101250,买盘
2396,11:17:09,13.49,-0.01,323,435727,卖盘
2397,11:17:06,13.5,--,428,577800,买盘
2398,11:17:03,13.5,--,43,58050,买盘
2399,11:17:00,13.5,0.01,783,1057050,买盘
2400,11:16:57,13.49,--,120,161880,卖盘
2401,11:16:54,13.49,-0.01,26,35074,卖盘
2402,11:16:51,13.5,--,95,128250,买盘
2403,11:16:48,13.5,0.01,61,82350,买盘
2404,11:16:45,13.49,-0.01,76,102524,卖盘
2405,11:16:42,13.5,0.01,16,21600,买盘
2406,11:16:39,13.49,-0.01,10,13490,卖盘
2407,11:16:36,13.5,0.01,121,163350,买盘
2408,11:16:33,13.49,--,22,29678,卖盘
2409,11:16:30,13.49,--,471,635379,买盘
2410,11:16:27,13.49,--,365,492385,买盘
2411,11:16:24,13.49,-0.01,247,333203,卖盘
2412,11:16:21,13.5,0.01,147,198450,买盘
2413,11:16:18,13.49,-0.01,83,111967,卖盘
2414,11:16:15,13.5,0.01,22,29700,买盘
2415,11:16:12,13.49,--,30,40470,卖盘
2416,11:16:09,13.49,--,203,273847,卖盘
2417,11:16:06,13.49,--,111,149739,卖盘
2418,11:16:03,13.49,-0.01,61,82289,卖盘
2419,11:16:00,13.5,0.01,45,60750,买盘
2420,11:15:57,13.49,--,155,209095,卖盘
2421,11:15:54,13.49,-0.01,8,10792,卖盘
2422,11:15:51,13.5,0.01,27,36450,买盘
2423,11:15:48,13.49,--,45,60705,卖盘
2424,11:15:45,13.49,--,99,133551,卖盘
2425,11:15:42,13.49,0.01,233,314317,买盘
2426,11:15:39,13.48,-0.01,29,39092,卖盘
2427,11:15:36,13.49,0.01,20,26980,买盘
2428,11:15:33,13.48,-0.01,70,94360,卖盘
2429,11:15:30,13.49,0.01,88,118712,中性盘
2430,11:15:27,13.48,-0.01,249,335652,卖盘
2431,11:15:24,13.49,--,83,111967,卖盘
2432,11:15:21,13.49,0.01,12,16188,中性盘
2433,11:15:18,13.48,-0.02,351,473148,卖盘
2434,11:15:15,13.5,0.01,36,48600,买盘
2435,11:15:12,13.49,0.01,331,446519,卖盘
2436,11:15:09,13.48,--,356,479888,卖盘
2437,11:15:06,13.48,-0.01,60,80880,卖盘
2438,11:15:03,13.49,0.01,66,89034,中性盘
2439,11:15:00,13.48,-0.01,588,793648,卖盘
2440,11:14:57,13.49,--,75,101175,卖盘
2441,11:14:54,13.49,--,16,21853,买盘
2442,11:14:51,13.49,0.01,246,331854,买盘
2443,11:14:48,13.48,--,144,195190,卖盘
2444,11:14:45,13.48,--,288,388224,卖盘
2445,11:14:42,13.48,-0.01,367,494985,卖盘
2446,11:14:39,13.49,--,93,125457,买盘
2447,11:14:36,13.49,0.01,32,43168,买盘
2448,11:14:33,13.48,--,2,2696,卖盘
2449,11:14:30,13.48,0.01,265,357220,买盘
2450,11:14:27,13.47,-0.01,182,245154,卖盘
2451,11:14:24,13.48,--,211,284428,买盘
2452,11:14:21,13.48,--,86,115928,买盘
2453,11:14:18,13.48,0.01,274,369352,中性盘
2454,11:14:15,13.47,-0.01,115,154905,卖盘
2455,11:14:12,13.48,--,395,532460,卖盘
2456,11:14:09,13.48,0.01,85,114580,中性盘
2457,11:14:06,13.47,0.01,323,435081,买盘
2458,11:14:03,13.46,--,117,157482,卖盘
2459,11:14:00,13.46,--,48,64608,卖盘
2460,11:13:57,13.46,--,148,199477,买盘
2461,11:13:54,13.46,--,137,184402,买盘
2462,11:13:51,13.46,--,1024,1378304,买盘
2463,11:13:48,13.46,0.01,183,246318,买盘
2464,11:13:45,13.45,--,315,423675,卖盘
2465,11:13:42,13.45,-0.01,207,278415,卖盘
2466,11:13:39,13.46,--,69,92874,买盘
2467,11:13:36,13.46,-0.01,224,302580,卖盘
2468,11:13:33,13.47,0.01,131,176457,买盘
2469,11:13:30,13.46,-0.01,666,896436,卖盘
2470,11:13:27,13.47,-0.02,63,84861,卖盘
2471,11:13:24,13.49,0.02,66,89034,中性盘
2472,11:13:21,13.47,-0.02,628,845916,卖盘
2473,11:13:18,13.49,-0.01,20,26980,卖盘
2474,11:13:15,13.5,0.01,212,286200,买盘
2475,11:13:12,13.49,-0.02,1021,1377329,卖盘
2476,11:13:09,13.51,0.01,549,741699,买盘
2477,11:13:06,13.5,--,450,607500,卖盘
2478,11:13:03,13.5,--,94,126900,卖盘
2479,11:13:00,13.5,-0.01,100,135000,卖盘
2480,11:12:57,13.51,--,50,67550,卖盘
2481,11:12:54,13.51,--,35,47285,卖盘
2482,11:12:51,13.51,0.01,62,83762,买盘
2483,11:12:48,13.5,-0.01,118,159300,卖盘
2484,11:12:45,13.51,-0.01,543,733593,卖盘
2485,11:12:42,13.52,--,86,116272,买盘
2486,11:12:39,13.52,0.01,41,55432,中性盘
2487,11:12:36,13.51,-0.01,2205,2978955,卖盘
2488,11:12:33,13.52,--,6,8112,卖盘
2489,11:12:30,13.52,--,160,216320,卖盘
2490,11:12:27,13.52,-0.01,146,197392,卖盘
2491,11:12:24,13.53,--,144,194832,买盘
2492,11:12:21,13.53,--,6,8118,买盘
2493,11:12:18,13.53,--,63,85239,买盘
2494,11:12:15,13.53,--,129,174537,买盘
2495,11:12:12,13.53,-0.01,45,60885,卖盘
2496,11:12:09,13.54,0.02,43,58221,买盘
2497,11:12:06,13.52,--,37,50024,卖盘
2498,11:12:03,13.52,-0.01,41,55432,卖盘
2499,11:12:00,13.53,--,71,96063,卖盘
2500,11:11:57,13.53,0.01,58,78474,卖盘
2501,11:11:54,13.52,-0.02,223,301496,卖盘
2502,11:11:51,13.54,0.01,82,111028,买盘
2503,11:11:48,13.53,--,134,181302,卖盘
2504,11:11:45,13.53,-0.01,18,24354,卖盘
2505,11:11:42,13.54,--,50,67700,买盘
2506,11:11:39,13.54,0.01,129,174666,买盘
2507,11:11:36,13.53,0.01,199,269247,买盘
2508,11:11:33,13.52,--,454,613808,卖盘
2509,11:11:30,13.52,-0.02,105,141960,卖盘
2510,11:11:27,13.54,0.01,4,5416,买盘
2511,11:11:24,13.53,-0.01,126,170478,卖盘
2512,11:11:21,13.54,0.01,47,63637,买盘
2513,11:11:18,13.53,0.01,441,596673,买盘
2514,11:11:15,13.52,-0.01,242,327184,卖盘
2515,11:11:12,13.53,--,177,239481,买盘
2516,11:11:09,13.53,--,131,177243,买盘
2517,11:11:06,13.53,--,307,415371,买盘
2518,11:11:03,13.53,-0.01,633,856449,卖盘
2519,11:11:00,13.54,--,184,249135,买盘
2520,11:10:57,13.54,-0.01,20,27080,卖盘
2521,11:10:54,13.55,0.01,28,37940,买盘
2522,11:10:51,13.54,0.01,17,23018,中性盘
2523,11:10:48,13.53,-0.01,976,1320528,卖盘
2524,11:10:45,13.54,-0.01,95,128629,卖盘
2525,11:10:42,13.55,--,67,90785,买盘
2526,11:10:39,13.55,0.01,90,121950,买盘
2527,11:10:36,13.54,-0.01,88,119151,卖盘
2528,11:10:33,13.55,0.01,105,142275,买盘
2529,11:10:30,13.54,--,37,50098,卖盘
2530,11:10:27,13.54,--,63,85302,买盘
2531,11:10:24,13.54,--,174,235595,买盘
2532,11:10:21,13.54,--,58,78532,买盘
2533,11:10:18,13.54,--,208,281632,买盘
2534,11:10:15,13.54,--,41,55514,买盘
2535,11:10:12,13.54,--,31,41974,买盘
2536,11:10:09,13.54,--,175,236949,卖盘
2537,11:10:06,13.54,-0.01,5,6770,卖盘
2538,11:10:03,13.55,0.01,1485,2012175,买盘
2539,11:10:00,13.54,--,50,67700,卖盘
2540,11:09:57,13.54,-0.01,40,54160,卖盘
2541,11:09:54,13.55,--,23,31165,买盘
2542,11:09:51,13.55,--,221,299455,买盘
2543,11:09:48,13.55,0.01,90,121950,买盘
2544,11:09:45,13.54,-0.01,441,597114,卖盘
2545,11:09:42,13.55,--,142,192410,买盘
2546,11:09:39,13.55,0.01,296,401080,买盘
2547,11:09:36,13.54,--,10,13540,卖盘
2548,11:09:33,13.54,--,227,307358,卖盘
2549,11:09:30,13.54,--,761,1030393,卖盘
2550,11:09:27,13.54,--,82,111028,卖盘
2551,11:09:24,13.54,--,32,43328,卖盘
2552,11:09:21,13.54,--,405,548370,买盘
2553,11:09:18,13.54,--,53,71762,买盘
2554,11:09:15,13.54,--,204,276216,买盘
2555,11:09:12,13.54,0.01,332,449528,买盘
2556,11:09:09,13.53,-0.01,121,163713,卖盘
2557,11:09:06,13.54,0.01,550,744700,买盘
2558,11:09:03,13.53,--,56,75768,卖盘
2559,11:09:00,13.53,--,53,71709,卖盘
2560,11:08:57,13.53,--,102,138006,卖盘
2561,11:08:54,13.53,--,73,98769,买盘
2562,11:08:51,13.53,--,227,307131,买盘
2563,11:08:48,13.53,--,52,70356,买盘
2564,11:08:45,13.53,-0.01,190,257070,卖盘
2565,11:08:42,13.54,0.01,267,361518,买盘
2566,11:08:39,13.53,-0.01,713,964689,卖盘
2567,11:08:36,13.54,-0.01,151,204454,卖盘
2568,11:08:33,13.55,--,385,521675,买盘
2569,11:08:30,13.55,--,63,85365,买盘
2570,11:08:27,13.55,0.01,454,615170,买盘
2571,11:08:24,13.54,--,200,270800,卖盘
2572,11:08:21,13.54,-0.01,281,380474,卖盘
2573,11:08:18,13.55,--,101,136855,买盘
2574,11:08:15,13.55,-0.01,706,956630,卖盘
2575,11:08:12,13.56,--,190,257640,买盘
2576,11:08:09,13.56,0.01,33,44748,买盘
2577,11:08:06,13.55,-0.01,169,228995,卖盘
2578,11:08:03,13.56,--,84,113904,买盘
2579,11:08:00,13.56,0.01,212,287472,买盘
2580,11:07:57,13.55,-0.01,5,6775,卖盘
2581,11:07:54,13.56,--,278,376968,卖盘
2582,11:07:51,13.56,--,14,18984,卖盘
2583,11:07:48,13.56,--,51,69156,卖盘
2584,11:07:45,13.56,-0.01,75,101700,卖盘
2585,11:07:42,13.57,0.02,326,442382,买盘
2586,11:07:39,13.55,--,423,573165,买盘
2587,11:07:36,13.55,0.01,169,228995,买盘
2588,11:07:33,13.54,--,202,273508,卖盘
2589,11:07:30,13.54,--,173,234241,卖盘
2590,11:07:27,13.54,--,16,21664,卖盘
2591,11:07:24,13.54,--,240,324960,买盘
2592,11:07:21,13.54,--,226,306004,买盘
2593,11:07:18,13.54,--,649,878746,买盘
2594,11:07:15,13.54,--,55,74470,买盘
2595,11:07:12,13.54,0.02,142,192268,买盘
2596,11:07:09,13.52,--,148,200096,卖盘
2597,11:07:06,13.52,--,404,546208,卖盘
2598,11:07:03,13.52,0.01,523,707096,中性盘
2599,11:07:00,13.51,0.01,952,1286152,买盘
2600,11:06:57,13.5,-0.01,2402,3242700,卖盘
2601,11:06:54,13.51,0.01,127,171577,买盘
2602,11:06:51,13.5,-0.01,824,1112400,卖盘
2603,11:06:48,13.51,0.01,384,519054,买盘
2604,11:06:45,13.5,--,142,191700,卖盘
2605,11:06:42,13.5,-0.01,308,415800,卖盘
2606,11:06:39,13.51,--,762,1029462,卖盘
2607,11:06:36,13.51,0.01,684,924084,买盘
2608,11:06:33,13.5,-0.01,68,91800,卖盘
2609,11:06:30,13.51,--,687,928137,卖盘
2610,11:06:27,13.51,-0.02,157,212107,卖盘
2611,11:06:24,13.53,--,135,182655,买盘
2612,11:06:21,13.53,--,253,342309,买盘
2613,11:06:18,13.53,--,7192,9730776,卖盘
2614,11:06:15,13.53,--,139,188067,卖盘
2615,11:06:12,13.53,-0.01,131,177243,卖盘
2616,11:06:09,13.54,0.01,80,108320,买盘
2617,11:06:06,13.53,-0.01,324,438372,卖盘
2618,11:06:03,13.54,0.01,190,257259,买盘
2619,11:06:00,13.53,-0.01,200,270600,卖盘
2620,11:05:57,13.54,-0.01,157,212578,卖盘
2621,11:05:54,13.55,0.01,520,704600,买盘
2622,11:05:51,13.54,-0.01,64,86656,中性盘
2623,11:05:48,13.55,--,87,117885,卖盘
2624,11:05:45,13.55,-0.01,680,921400,卖盘
2625,11:05:42,13.56,0.01,110,149160,买盘
2626,11:05:39,13.55,--,106,143630,卖盘
2627,11:05:36,13.55,-0.01,231,313005,卖盘
2628,11:05:33,13.56,0.01,57,77292,中性盘
2629,11:05:30,13.55,-0.03,226,306230,卖盘
2630,11:05:27,13.58,0.03,518,703444,买盘
2631,11:05:24,13.55,-0.03,1003,1359065,卖盘
2632,11:05:21,13.58,0.03,76,103208,买盘
2633,11:05:18,13.55,-0.03,29,39295,卖盘
2634,11:05:15,13.58,--,1703,2312674,卖盘
2635,11:05:12,13.58,--,218,296044,卖盘
2636,11:05:09,13.58,--,261,354438,卖盘
2637,11:05:06,13.58,--,1529,2076382,卖盘
2638,11:05:03,13.58,--,72,97776,卖盘
2639,11:05:00,13.58,--,159,215922,卖盘
2640,11:04:57,13.58,-0.02,263,357154,卖盘
2641,11:04:54,13.6,--,25,34000,买盘
2642,11:04:51,13.6,--,1720,2339200,卖盘
2643,11:04:48,13.6,-0.01,636,864960,卖盘
2644,11:04:45,13.61,0.01,168,228648,买盘
2645,11:04:42,13.6,-0.01,200,272000,卖盘
2646,11:04:39,13.61,--,596,811156,买盘
2647,11:04:36,13.61,--,68,92548,买盘
2648,11:04:33,13.61,0.01,205,279005,买盘
2649,11:04:30,13.6,--,111,150960,卖盘
2650,11:04:27,13.6,--,1191,1619760,卖盘
2651,11:04:24,13.6,--,55,74800,卖盘
2652,11:04:21,13.6,--,20,27200,卖盘
2653,11:04:18,13.6,-0.01,441,599760,卖盘
2654,11:04:15,13.61,--,2,2722,买盘
2655,11:04:12,13.61,--,357,485877,买盘
2656,11:04:09,13.61,0.01,90,122490,买盘
2657,11:04:06,13.6,-0.01,75,102000,卖盘
2658,11:04:03,13.61,--,3,4083,买盘
2659,11:04:00,13.61,--,159,217555,卖盘
2660,11:03:57,13.61,-0.01,22,29942,卖盘
2661,11:03:54,13.62,0.01,4,5448,买盘
2662,11:03:51,13.61,--,8,10888,卖盘
2663,11:03:48,13.61,--,15,20415,卖盘
2664,11:03:45,13.61,-0.01,7,9527,卖盘
2665,11:03:42,13.62,--,10,13620,买盘
2666,11:03:39,13.62,0.01,1811,2466582,买盘
2667,11:03:36,13.61,-0.01,75,102075,卖盘
2668,11:03:33,13.62,0.01,207,281934,买盘
2669,11:03:30,13.61,--,7,9527,卖盘
2670,11:03:27,13.61,-0.01,43,58523,卖盘
2671,11:03:21,13.62,--,200,272672,卖盘
2672,11:03:18,13.62,--,11,14982,卖盘
2673,11:03:15,13.62,--,71,96702,卖盘
2674,11:03:12,13.62,--,50,68100,卖盘
2675,11:03:09,13.62,--,395,537990,卖盘
2676,11:03:06,13.62,-0.01,175,238350,卖盘
2677,11:03:03,13.63,0.01,78,106314,买盘
2678,11:03:00,13.62,--,343,467166,卖盘
2679,11:02:57,13.62,--,15,20430,卖盘
2680,11:02:54,13.62,-0.01,43,58566,卖盘
2681,11:02:51,13.63,0.01,4,5452,买盘
2682,11:02:48,13.62,--,24,32687,卖盘
2683,11:02:42,13.62,--,17,23154,卖盘
2684,11:02:39,13.62,--,95,129389,卖盘
2685,11:02:36,13.62,-0.01,407,554334,卖盘
2686,11:02:33,13.63,--,37,50431,买盘
2687,11:02:30,13.63,0.01,113,154019,买盘
2688,11:02:27,13.62,-0.01,93,126666,卖盘
2689,11:02:24,13.63,--,1,1363,买盘
2690,11:02:21,13.63,--,15,20445,买盘
2691,11:02:18,13.63,--,278,378914,卖盘
2692,11:02:15,13.63,--,7,9541,卖盘
2693,11:02:12,13.63,--,23,31349,卖盘
2694,11:02:09,13.63,--,153,208539,卖盘
2695,11:02:06,13.63,-0.01,1,1363,卖盘
2696,11:02:03,13.64,--,31,42284,买盘
2697,11:02:00,13.64,0.01,97,132308,买盘
2698,11:01:57,13.63,--,5,6815,卖盘
2699,11:01:54,13.63,-0.01,79,107677,中性盘
2700,11:01:51,13.64,0.01,42,57288,买盘
2701,11:01:48,13.63,-0.01,14,19082,中性盘
2702,11:01:39,13.64,0.02,10,13640,买盘
2703,11:01:36,13.62,--,212,288744,卖盘
2704,11:01:33,13.62,--,182,247884,卖盘
2705,11:01:30,13.62,-0.01,114,155268,卖盘
2706,11:01:27,13.63,-0.01,22,29986,卖盘
2707,11:01:24,13.64,--,10,13640,买盘
2708,11:01:21,13.64,--,1,1364,买盘
2709,11:01:18,13.64,0.01,10,13640,买盘
2710,11:01:15,13.63,--,14,19082,中性盘
2711,11:01:12,13.63,--,45,61335,卖盘
2712,11:01:09,13.63,-0.01,440,599720,卖盘
2713,11:01:06,13.64,--,78,106392,卖盘
2714,11:01:03,13.64,--,13,17732,卖盘
2715,11:01:00,13.64,0.01,157,214148,买盘
2716,11:00:57,13.63,-0.01,169,230347,卖盘
2717,11:00:54,13.64,0.01,20,27280,买盘
2718,11:00:45,13.63,-0.01,1,1363,卖盘
2719,11:00:42,13.64,--,145,197780,卖盘
2720,11:00:39,13.64,--,344,469216,卖盘
2721,11:00:36,13.64,--,96,130944,卖盘
2722,11:00:30,13.64,-0.01,31,42284,卖盘
2723,11:00:27,13.65,0.01,13,17745,买盘
2724,11:00:24,13.64,--,84,114576,卖盘
2725,11:00:21,13.64,0.01,187,255068,买盘
2726,11:00:18,13.63,-0.01,432,588816,卖盘
2727,11:00:15,13.64,0.01,352,480128,买盘
2728,11:00:12,13.63,-0.01,2,2726,卖盘
2729,11:00:09,13.64,0.01,34,46376,买盘
2730,11:00:06,13.63,--,28,38164,卖盘
2731,11:00:03,13.63,--,2,2726,卖盘
2732,10:59:57,13.63,-0.01,17,23171,卖盘
2733,10:59:54,13.64,0.01,205,279620,买盘
2734,10:59:51,13.63,-0.01,5,6815,卖盘
2735,10:59:48,13.64,0.01,6,8184,买盘
2736,10:59:45,13.63,-0.01,13,17719,卖盘
2737,10:59:42,13.64,--,29,39556,买盘
2738,10:59:39,13.64,--,168,229152,买盘
2739,10:59:36,13.64,--,62,84568,买盘
2740,10:59:33,13.64,--,308,420112,买盘
2741,10:59:30,13.64,0.01,79,107756,买盘
2742,10:59:27,13.63,--,57,77691,卖盘
2743,10:59:24,13.63,-0.02,1013,1380719,卖盘
2744,10:59:21,13.65,0.01,3,4095,买盘
2745,10:59:15,13.64,0.01,21,28644,中性盘
2746,10:59:12,13.63,-0.01,33,44979,卖盘
2747,10:59:09,13.64,0.01,11,15004,买盘
2748,10:59:06,13.63,-0.02,1,1363,卖盘
2749,10:59:03,13.65,0.03,1,1365,买盘
2750,10:59:00,13.62,-0.01,1052,1433913,卖盘
2751,10:58:57,13.63,--,5,6815,卖盘
2752,10:58:54,13.63,--,13,17719,卖盘
2753,10:58:51,13.63,--,13,17719,卖盘
2754,10:58:48,13.63,--,34,46342,卖盘
2755,10:58:45,13.63,--,6,8178,卖盘
2756,10:58:42,13.63,--,93,126759,买盘
2757,10:58:39,13.63,0.01,68,92684,买盘
2758,10:58:36,13.62,-0.01,28,38136,卖盘
2759,10:58:33,13.63,--,44,59972,卖盘
2760,10:58:30,13.63,--,44,59972,卖盘
