,time,price,change,volume,amount,type
0,15:00:03,6.68,-0.01,3246,2168328,卖盘
1,14:57:00,6.69,--,8,5352,买盘
2,14:56:57,6.69,--,30,20070,买盘
3,14:56:54,6.69,--,47,31443,买盘
4,14:56:51,6.69,--,425,284325,买盘
5,14:56:48,6.69,0.01,145,97005,买盘
6,14:56:45,6.68,--,122,81496,卖盘
7,14:56:42,6.68,-0.01,33,22044,卖盘
8,14:56:39,6.69,--,87,58203,买盘
9,14:56:36,6.69,0.01,5,3345,买盘
10,14:56:33,6.68,--,620,414407,卖盘
11,14:56:30,6.68,--,6,4008,卖盘
12,14:56:27,6.68,-0.01,81,54108,卖盘
13,14:56:24,6.69,--,11,7359,买盘
14,14:56:21,6.69,0.01,30,20070,买盘
15,14:56:18,6.68,-0.01,12,8016,卖盘
16,14:56:15,6.69,--,55,36795,买盘
17,14:56:12,6.69,--,58,38802,买盘
18,14:56:09,6.69,--,44,29436,买盘
19,14:56:06,6.69,0.01,219,146511,买盘
20,14:56:03,6.68,--,379,253172,卖盘
21,14:56:00,6.68,-0.01,125,83500,卖盘
22,14:55:57,6.69,--,121,80949,买盘
23,14:55:51,6.69,0.01,137,91653,买盘
24,14:55:48,6.68,--,272,181696,卖盘
25,14:55:45,6.68,--,189,126252,卖盘
26,14:55:42,6.68,-0.01,226,150968,卖盘
27,14:55:39,6.69,--,13,8697,买盘
28,14:55:36,6.69,--,10,6690,买盘
29,14:55:33,6.69,--,4,2676,买盘
30,14:55:30,6.69,0.01,46,30774,买盘
31,14:55:27,6.68,--,24,16032,卖盘
32,14:55:24,6.68,--,5,3340,卖盘
33,14:55:21,6.68,-0.01,325,217100,卖盘
34,14:55:18,6.69,0.01,119,79611,买盘
35,14:55:15,6.68,-0.01,10,6680,卖盘
36,14:55:12,6.69,0.01,32,21408,买盘
37,14:55:09,6.68,-0.01,273,182364,卖盘
38,14:55:03,6.69,0.01,175,117075,买盘
39,14:55:00,6.68,-0.01,33,22044,卖盘
40,14:54:57,6.69,--,1,669,买盘
41,14:54:51,6.69,--,48,32112,买盘
42,14:54:48,6.69,--,105,70245,买盘
43,14:54:45,6.69,0.01,2,1338,买盘
44,14:54:42,6.68,-0.01,10,6680,卖盘
45,14:54:39,6.69,0.01,32,21408,买盘
46,14:54:36,6.68,-0.01,22,14696,卖盘
47,14:54:33,6.69,0.01,69,46161,买盘
48,14:54:30,6.68,-0.01,26,17368,卖盘
49,14:54:27,6.69,--,296,198024,买盘
50,14:54:21,6.69,0.01,32,21408,买盘
51,14:54:18,6.68,-0.01,47,31396,卖盘
52,14:54:15,6.69,0.01,513,343197,买盘
53,14:54:12,6.68,-0.01,58,38744,卖盘
54,14:54:09,6.69,--,20,13380,买盘
55,14:54:06,6.69,0.01,34,22746,买盘
56,14:54:03,6.68,-0.01,154,102872,卖盘
57,14:54:00,6.69,--,30,20070,买盘
58,14:53:57,6.69,--,148,99012,买盘
59,14:53:54,6.69,0.01,30,20070,买盘
60,14:53:48,6.68,--,16,10688,卖盘
61,14:53:45,6.68,--,5,3340,卖盘
62,14:53:42,6.68,-0.01,327,218436,卖盘
63,14:53:36,6.69,--,29,19401,买盘
64,14:53:33,6.69,0.01,43,28767,买盘
65,14:53:27,6.68,-0.01,30,20040,卖盘
66,14:53:24,6.69,--,20,13380,买盘
67,14:53:21,6.69,--,33,22077,买盘
68,14:53:18,6.69,--,5,3345,买盘
69,14:53:12,6.69,--,34,22746,买盘
70,14:53:06,6.69,--,38,25422,买盘
71,14:53:03,6.69,--,65,43485,买盘
72,14:53:00,6.69,--,218,145842,买盘
73,14:52:57,6.69,--,49,32781,买盘
74,14:52:54,6.69,--,10,6690,买盘
75,14:52:51,6.69,--,206,137814,买盘
76,14:52:48,6.69,--,138,92322,买盘
77,14:52:45,6.69,--,64,42816,买盘
78,14:52:42,6.69,--,462,309078,买盘
79,14:52:39,6.69,--,40,26760,买盘
80,14:52:36,6.69,--,15,10035,买盘
81,14:52:33,6.69,--,30,20070,买盘
82,14:52:30,6.69,0.01,23,15387,买盘
83,14:52:27,6.68,-0.01,68,45424,卖盘
84,14:52:24,6.69,--,395,264255,买盘
85,14:52:21,6.69,--,30,20070,买盘
86,14:52:18,6.69,0.01,20,13380,买盘
87,14:52:15,6.68,-0.01,183,122244,卖盘
88,14:52:09,6.69,0.01,62,41478,买盘
89,14:52:03,6.68,-0.01,134,89512,卖盘
90,14:52:00,6.69,--,330,220770,买盘
91,14:51:57,6.69,0.01,108,72252,买盘
92,14:51:54,6.68,-0.01,10,6680,卖盘
93,14:51:51,6.69,--,30,20070,买盘
94,14:51:48,6.69,--,82,54858,买盘
95,14:51:42,6.69,0.01,20,13380,买盘
96,14:51:30,6.68,-0.01,21,14028,卖盘
97,14:51:24,6.69,--,193,129117,买盘
98,14:51:21,6.69,--,15,10035,买盘
99,14:51:18,6.69,0.01,120,80280,买盘
100,14:51:15,6.68,-0.01,179,119705,卖盘
101,14:51:12,6.69,--,41,27429,买盘
102,14:51:09,6.69,--,178,119082,买盘
103,14:51:06,6.69,0.01,509,340521,买盘
104,14:51:03,6.68,-0.01,115,76820,卖盘
105,14:51:00,6.69,0.01,170,113730,买盘
106,14:50:57,6.68,-0.01,32,21376,卖盘
107,14:50:54,6.69,--,470,314430,买盘
108,14:50:51,6.69,--,36,24084,买盘
109,14:50:48,6.69,--,50,33450,买盘
110,14:50:45,6.69,--,11,7359,买盘
111,14:50:39,6.69,--,23,15387,买盘
112,14:50:33,6.69,0.01,326,218094,买盘
113,14:50:30,6.68,-0.01,19,12692,卖盘
114,14:50:27,6.69,0.01,4,2676,买盘
115,14:50:24,6.68,--,5,3340,卖盘
116,14:50:21,6.68,-0.01,120,80160,卖盘
117,14:50:18,6.69,--,3,2007,买盘
118,14:50:15,6.69,--,117,78273,买盘
119,14:50:06,6.69,0.01,5,3345,买盘
120,14:50:00,6.68,--,88,58784,卖盘
121,14:49:57,6.68,--,17,11356,卖盘
122,14:49:54,6.68,--,71,47428,卖盘
123,14:49:48,6.68,--,14,9352,卖盘
124,14:49:45,6.68,-0.01,306,204408,卖盘
125,14:49:42,6.69,0.01,485,324465,买盘
126,14:49:36,6.68,--,5,3340,卖盘
127,14:49:33,6.68,-0.01,17,11356,卖盘
128,14:49:27,6.69,0.01,17,11373,买盘
129,14:49:24,6.68,--,9,6012,卖盘
130,14:49:21,6.68,-0.01,51,34068,卖盘
131,14:49:18,6.69,--,24,16056,买盘
132,14:49:15,6.69,--,22,14718,买盘
133,14:49:12,6.69,--,207,138483,买盘
134,14:49:09,6.69,--,2,1338,买盘
135,14:49:06,6.69,0.01,1,669,买盘
136,14:49:00,6.68,--,41,27388,卖盘
137,14:48:57,6.68,--,117,78156,卖盘
138,14:48:54,6.68,-0.01,7,4676,卖盘
139,14:48:51,6.69,--,115,76935,买盘
140,14:48:48,6.69,--,33,22077,买盘
141,14:48:45,6.69,--,10,6690,买盘
142,14:48:42,6.69,0.01,2,1338,买盘
143,14:48:39,6.68,--,119,79492,卖盘
144,14:48:33,6.68,-0.01,20,13360,卖盘
145,14:48:30,6.69,0.01,103,68907,买盘
146,14:48:24,6.68,--,3,2004,卖盘
147,14:48:21,6.68,-0.01,37,24716,卖盘
148,14:48:18,6.69,--,8,5352,买盘
149,14:48:15,6.69,--,5,3345,买盘
150,14:48:12,6.69,0.01,22,14718,买盘
151,14:48:09,6.68,-0.01,30,20040,卖盘
152,14:48:06,6.69,--,6,4014,买盘
153,14:48:03,6.69,0.01,29,19401,买盘
154,14:47:57,6.68,--,9,6012,卖盘
155,14:47:51,6.68,-0.01,184,122912,卖盘
156,14:47:48,6.69,0.01,84,56196,买盘
157,14:47:45,6.68,--,58,38744,卖盘
158,14:47:36,6.68,--,40,26720,卖盘
159,14:47:33,6.68,-0.01,160,106880,卖盘
160,14:47:21,6.69,0.01,42,28098,买盘
161,14:47:18,6.68,--,2,1336,卖盘
162,14:47:15,6.68,--,55,36740,卖盘
163,14:47:09,6.68,-0.01,20,13360,卖盘
164,14:47:06,6.69,--,10,6690,买盘
165,14:47:00,6.69,0.01,15,10035,买盘
166,14:46:57,6.68,--,301,201068,卖盘
167,14:46:54,6.68,-0.01,1,668,卖盘
168,14:46:48,6.69,--,3,2007,买盘
169,14:46:45,6.69,--,11,7359,买盘
170,14:46:42,6.69,--,41,27429,买盘
171,14:46:39,6.69,--,89,59541,买盘
172,14:46:36,6.69,0.01,70,46830,买盘
173,14:46:33,6.68,-0.01,1,668,卖盘
174,14:46:30,6.69,0.01,26,17394,买盘
175,14:46:27,6.68,--,23,15364,卖盘
176,14:46:21,6.68,-0.01,51,34068,卖盘
177,14:46:15,6.69,--,25,16725,买盘
178,14:46:12,6.69,0.01,12,8028,买盘
179,14:46:09,6.68,--,60,40080,卖盘
180,14:46:00,6.68,--,14,9352,卖盘
181,14:45:57,6.68,-0.01,471,314628,卖盘
182,14:45:54,6.69,0.01,1,669,买盘
183,14:45:48,6.68,--,40,26720,卖盘
184,14:45:45,6.68,-0.01,73,48764,卖盘
185,14:45:42,6.69,0.01,58,38802,买盘
186,14:45:39,6.68,--,15,10020,卖盘
187,14:45:36,6.68,-0.01,1,668,卖盘
188,14:45:30,6.69,0.01,135,90315,买盘
189,14:45:27,6.68,--,72,48096,卖盘
190,14:45:24,6.68,--,10,6680,卖盘
191,14:45:21,6.68,--,4,2672,卖盘
192,14:45:18,6.68,--,18,12024,卖盘
193,14:45:15,6.68,-0.01,406,271208,卖盘
194,14:45:09,6.69,0.01,4,2676,买盘
195,14:45:03,6.68,--,63,42084,卖盘
196,14:45:00,6.68,-0.01,31,20708,卖盘
197,14:44:57,6.69,--,126,84294,买盘
198,14:44:54,6.69,0.01,34,22746,买盘
199,14:44:51,6.68,--,1,668,卖盘
200,14:44:48,6.68,--,1,668,卖盘
201,14:44:45,6.68,--,22,14696,卖盘
202,14:44:42,6.68,--,12,8597,卖盘
203,14:44:30,6.68,--,11,7348,卖盘
204,14:44:24,6.68,--,6,4008,卖盘
205,14:44:18,6.68,-0.01,2,1336,卖盘
206,14:44:15,6.69,--,2,1338,买盘
207,14:44:12,6.69,--,51,34119,买盘
208,14:44:09,6.69,0.01,19,12711,买盘
209,14:44:06,6.68,-0.01,28,18704,卖盘
210,14:44:03,6.69,0.01,1,669,买盘
211,14:44:00,6.68,-0.01,26,17368,卖盘
212,14:43:57,6.69,--,171,114399,买盘
213,14:43:54,6.69,0.01,12,8028,买盘
214,14:43:48,6.68,--,375,250500,卖盘
215,14:43:45,6.68,-0.01,402,268536,卖盘
216,14:43:42,6.69,0.01,141,94329,买盘
217,14:43:39,6.68,-0.01,10,6680,卖盘
218,14:43:36,6.69,0.01,95,63555,买盘
219,14:43:33,6.68,--,29,19372,卖盘
220,14:43:30,6.68,--,150,100200,卖盘
221,14:43:24,6.68,-0.01,1,668,卖盘
222,14:43:21,6.69,--,67,44823,买盘
223,14:43:18,6.69,--,10,6690,买盘
224,14:43:15,6.69,0.01,106,70914,买盘
225,14:43:12,6.68,-0.01,1,668,卖盘
226,14:43:09,6.69,0.01,54,36126,买盘
227,14:43:06,6.68,-0.01,21,14028,卖盘
228,14:43:03,6.69,0.01,138,92322,买盘
229,14:43:00,6.68,--,1,668,卖盘
230,14:42:57,6.68,--,28,18704,卖盘
231,14:42:54,6.68,-0.01,11,7348,卖盘
232,14:42:48,6.69,0.01,1,669,买盘
233,14:42:45,6.68,--,41,27388,卖盘
234,14:42:42,6.68,0.01,27,18036,买盘
235,14:42:39,6.67,-0.01,113,75371,卖盘
236,14:42:30,6.68,--,2,1336,买盘
237,14:42:27,6.68,--,227,151636,卖盘
238,14:42:24,6.68,--,61,40748,卖盘
239,14:42:21,6.68,--,5,3340,卖盘
240,14:42:18,6.68,--,2,1336,卖盘
241,14:42:15,6.68,--,156,104208,买盘
242,14:42:09,6.68,0.01,14,9352,买盘
243,14:42:06,6.67,--,248,165416,卖盘
244,14:42:03,6.67,--,145,96715,卖盘
245,14:42:00,6.67,-0.01,45,30015,卖盘
246,14:41:57,6.68,0.01,51,34068,买盘
247,14:41:54,6.67,-0.01,51,34017,卖盘
248,14:41:51,6.68,--,93,62124,买盘
249,14:41:48,6.68,0.01,125,83500,买盘
250,14:41:45,6.67,-0.01,3,2001,卖盘
251,14:41:39,6.68,0.01,50,33400,买盘
252,14:41:36,6.67,-0.01,17,11339,卖盘
253,14:41:33,6.68,--,132,88176,买盘
254,14:41:30,6.68,--,230,153640,买盘
255,14:41:27,6.68,0.01,207,138276,买盘
256,14:41:24,6.67,-0.01,1,667,卖盘
257,14:41:15,6.68,0.01,68,45424,买盘
258,14:41:12,6.67,-0.01,20,13340,卖盘
259,14:41:09,6.68,--,1647,1100196,买盘
260,14:41:03,6.68,0.01,19,12692,买盘
261,14:41:00,6.67,-0.01,31,20677,卖盘
262,14:40:57,6.68,--,22,14696,买盘
263,14:40:54,6.68,--,31,20708,买盘
264,14:40:51,6.68,0.01,18,12024,买盘
265,14:40:48,6.67,-0.01,1,667,卖盘
266,14:40:45,6.68,--,24,16032,买盘
267,14:40:42,6.68,0.01,10,6680,买盘
268,14:40:39,6.67,--,30,20010,卖盘
269,14:40:36,6.67,-0.01,197,131399,卖盘
270,14:40:30,6.68,--,111,74148,买盘
271,14:40:27,6.68,--,8,5344,买盘
272,14:40:18,6.68,0.01,13,8684,买盘
273,14:40:15,6.67,-0.01,269,179423,卖盘
274,14:40:12,6.68,0.01,255,170340,买盘
275,14:40:09,6.67,-0.01,80,53360,卖盘
276,14:40:06,6.68,--,27,18036,买盘
277,14:40:03,6.68,0.01,28,18704,买盘
278,14:40:00,6.67,-0.01,28,18676,卖盘
279,14:39:57,6.68,0.01,17,11356,买盘
280,14:39:54,6.67,-0.01,41,27347,卖盘
281,14:39:51,6.68,--,12,8016,买盘
282,14:39:45,6.68,0.01,10,6680,买盘
283,14:39:42,6.67,-0.01,60,40020,卖盘
284,14:39:39,6.68,--,14,9352,买盘
285,14:39:36,6.68,--,85,56780,买盘
286,14:39:33,6.68,0.01,11,7348,买盘
287,14:39:30,6.67,--,1,667,卖盘
288,14:39:27,6.67,--,5,3335,卖盘
289,14:39:24,6.67,--,29,19343,卖盘
290,14:39:21,6.67,--,1,667,卖盘
291,14:39:15,6.67,--,5,3335,卖盘
292,14:39:12,6.67,--,96,64032,卖盘
293,14:39:09,6.67,--,68,45356,卖盘
294,14:39:06,6.67,-0.01,1,667,卖盘
295,14:39:03,6.68,--,4,2672,买盘
296,14:39:00,6.68,0.01,52,34736,买盘
297,14:38:57,6.67,--,19,12673,卖盘
298,14:38:51,6.67,--,110,73370,卖盘
299,14:38:48,6.67,-0.01,25,16675,卖盘
300,14:38:45,6.68,--,23,15364,买盘
301,14:38:42,6.68,0.01,2,1336,买盘
302,14:38:39,6.67,--,85,56695,卖盘
303,14:38:36,6.67,-0.01,1,667,卖盘
304,14:38:33,6.68,--,16,10688,买盘
305,14:38:30,6.68,--,5,3340,买盘
306,14:38:27,6.68,0.01,11,7348,买盘
307,14:38:24,6.67,-0.01,23,15341,卖盘
308,14:38:15,6.68,0.01,48,32064,买盘
309,14:38:12,6.67,-0.01,145,96715,卖盘
310,14:38:06,6.68,0.01,17,11356,买盘
311,14:37:57,6.67,--,19,12673,卖盘
312,14:37:54,6.67,-0.01,18,12006,卖盘
313,14:37:51,6.68,--,23,15364,卖盘
314,14:37:48,6.68,--,30,20040,卖盘
315,14:37:45,6.68,-0.01,9,6012,卖盘
316,14:37:42,6.69,--,9,6021,买盘
317,14:37:39,6.69,0.01,1,669,买盘
318,14:37:36,6.68,--,39,26052,卖盘
319,14:37:33,6.68,--,10,6680,卖盘
320,14:37:27,6.68,-0.01,6,4008,中性盘
321,14:37:24,6.69,0.02,20,13380,买盘
322,14:37:21,6.67,-0.01,12,8004,卖盘
323,14:37:15,6.68,--,10,6680,卖盘
324,14:37:12,6.68,-0.01,20,13360,卖盘
325,14:37:09,6.69,0.01,64,42816,买盘
326,14:37:06,6.68,--,4,2672,买盘
327,14:37:03,6.68,--,4,2672,中性盘
328,14:37:00,6.68,--,48,32064,卖盘
329,14:36:57,6.68,--,39,26052,买盘
330,14:36:54,6.68,0.01,3,2004,买盘
331,14:36:48,6.67,--,28,18676,卖盘
332,14:36:45,6.67,-0.01,20,13340,卖盘
333,14:36:42,6.68,-0.01,10,6680,卖盘
334,14:36:36,6.69,0.01,18,12042,买盘
335,14:36:33,6.68,--,31,20708,买盘
336,14:36:27,6.68,0.01,11,7348,买盘
337,14:36:24,6.67,-0.01,75,50025,卖盘
338,14:36:21,6.68,-0.01,19,12692,卖盘
339,14:36:18,6.69,0.01,1,669,买盘
340,14:36:15,6.68,--,45,30060,卖盘
341,14:36:12,6.68,-0.01,10,6680,卖盘
342,14:36:09,6.69,--,5,3345,买盘
343,14:36:06,6.69,0.01,1,669,买盘
344,14:36:03,6.68,--,9,6012,卖盘
345,14:36:00,6.68,0.01,26,17368,卖盘
346,14:35:54,6.67,-0.02,39,26013,卖盘
347,14:35:51,6.69,0.01,3135,2097315,买盘
348,14:35:48,6.68,-0.01,50,33400,卖盘
349,14:35:42,6.69,0.01,195,130455,买盘
350,14:35:39,6.68,--,304,203072,卖盘
351,14:35:33,6.68,-0.01,26,17368,卖盘
352,14:35:30,6.69,0.01,48,32112,买盘
353,14:35:27,6.68,-0.01,203,135604,卖盘
354,14:35:21,6.69,--,10,6690,买盘
355,14:35:18,6.69,--,10,6690,买盘
356,14:35:15,6.69,--,2,1338,买盘
357,14:35:12,6.69,0.01,23,15387,买盘
358,14:35:09,6.68,-0.01,20,13360,卖盘
359,14:35:06,6.69,--,9,6021,买盘
360,14:35:00,6.69,0.01,66,44154,买盘
361,14:34:57,6.68,-0.01,34,22712,卖盘
362,14:34:51,6.69,0.01,2,1338,买盘
363,14:34:45,6.68,-0.01,45,30060,卖盘
364,14:34:39,6.69,--,10,6690,买盘
365,14:34:36,6.69,--,78,52182,买盘
366,14:34:33,6.69,--,13,8697,买盘
367,14:34:30,6.69,--,30,20070,买盘
368,14:34:24,6.69,0.01,29,19401,买盘
369,14:34:21,6.68,-0.01,200,133600,卖盘
370,14:34:18,6.69,--,10,6690,买盘
371,14:34:15,6.69,--,69,46161,买盘
372,14:34:12,6.69,--,27,18063,买盘
373,14:34:09,6.69,0.01,6,4014,买盘
374,14:34:06,6.68,-0.01,6,4008,卖盘
375,14:34:03,6.69,--,1,669,买盘
376,14:34:00,6.69,0.01,28,18732,买盘
377,14:33:57,6.68,-0.01,19,12692,卖盘
378,14:33:51,6.69,0.01,9,6021,买盘
379,14:33:45,6.68,-0.01,4,2672,卖盘
380,14:33:42,6.69,--,29,19401,买盘
381,14:33:39,6.69,0.01,13,8697,买盘
382,14:33:36,6.68,--,200,133600,卖盘
383,14:33:33,6.68,-0.01,230,153640,卖盘
384,14:33:30,6.69,--,34,22746,买盘
385,14:33:27,6.69,0.01,9,6021,买盘
386,14:33:24,6.68,--,19,12692,卖盘
387,14:33:21,6.68,-0.01,1,668,卖盘
388,14:33:18,6.69,--,10,6690,买盘
389,14:33:15,6.69,0.01,4,2676,买盘
390,14:33:12,6.68,-0.01,5,3340,卖盘
391,14:33:09,6.69,0.01,72,48168,买盘
392,14:33:06,6.68,-0.01,51,34068,卖盘
393,14:33:03,6.69,0.01,135,90315,买盘
394,14:33:00,6.68,--,50,33400,卖盘
395,14:32:57,6.68,-0.01,72,48096,卖盘
396,14:32:54,6.69,--,30,20070,买盘
397,14:32:51,6.69,--,4,2676,买盘
398,14:32:48,6.69,--,41,27429,买盘
399,14:32:45,6.69,--,9,6021,买盘
400,14:32:33,6.69,--,9,6021,买盘
401,14:32:30,6.69,0.01,32,21408,买盘
402,14:32:27,6.68,--,5,3340,卖盘
403,14:32:24,6.68,-0.01,20,13360,卖盘
404,14:32:21,6.69,--,10,6690,买盘
405,14:32:18,6.69,--,4,2676,买盘
406,14:32:15,6.69,--,100,66900,买盘
407,14:32:12,6.69,--,2,1338,买盘
408,14:32:09,6.69,--,29,19401,买盘
409,14:32:06,6.69,--,20,13380,买盘
410,14:32:00,6.69,0.01,17,11373,买盘
411,14:31:54,6.68,-0.01,41,27388,卖盘
412,14:31:51,6.69,--,153,102357,买盘
413,14:31:48,6.69,--,9,6021,买盘
414,14:31:45,6.69,--,37,24753,买盘
415,14:31:42,6.69,0.01,416,278304,买盘
416,14:31:39,6.68,-0.01,3,2004,卖盘
417,14:31:36,6.69,0.01,9,6021,买盘
418,14:31:33,6.68,-0.01,19,12692,卖盘
419,14:31:30,6.69,0.01,35,23415,买盘
420,14:31:27,6.68,--,10,6680,卖盘
421,14:31:21,6.68,-0.01,12,8016,卖盘
422,14:31:15,6.69,--,9,6021,买盘
423,14:31:06,6.69,--,17,11373,买盘
424,14:31:03,6.69,--,13,8697,买盘
425,14:30:57,6.69,--,35,23415,买盘
426,14:30:54,6.69,0.01,10,6690,买盘
427,14:30:51,6.68,-0.01,50,33400,卖盘
428,14:30:42,6.69,--,37,24753,买盘
429,14:30:36,6.69,--,10,6690,买盘
430,14:30:30,6.69,--,10,6690,买盘
431,14:30:27,6.69,0.01,26,17394,买盘
432,14:30:24,6.68,--,5,3340,卖盘
433,14:30:21,6.68,--,31,20708,卖盘
434,14:30:18,6.68,-0.01,25,16700,卖盘
435,14:30:15,6.69,0.01,1,669,买盘
436,14:30:12,6.68,--,17,11356,卖盘
437,14:30:09,6.68,-0.01,33,22044,卖盘
438,14:30:06,6.69,0.01,1,669,买盘
439,14:30:03,6.68,-0.01,17,11356,卖盘
440,14:30:00,6.69,--,63,42147,买盘
441,14:29:57,6.69,--,58,38802,买盘
442,14:29:54,6.69,0.01,40,26760,买盘
443,14:29:51,6.68,-0.01,13,8684,卖盘
444,14:29:48,6.69,0.01,10,6690,买盘
445,14:29:45,6.68,-0.01,18,12024,卖盘
446,14:29:42,6.69,0.01,41,27429,买盘
447,14:29:39,6.68,-0.01,30,20040,卖盘
448,14:29:36,6.69,--,19,12711,买盘
449,14:29:33,6.69,0.01,41,27429,买盘
450,14:29:27,6.68,-0.01,756,505008,卖盘
451,14:29:24,6.69,0.01,23,15387,买盘
452,14:29:21,6.68,--,158,105544,卖盘
453,14:29:18,6.68,-0.01,1,668,卖盘
454,14:29:15,6.69,0.01,9,6021,买盘
455,14:29:12,6.68,-0.01,38,25384,卖盘
456,14:29:09,6.69,--,126,84294,买盘
457,14:29:06,6.69,--,6,4014,买盘
458,14:29:03,6.69,--,126,84294,买盘
459,14:29:00,6.69,0.01,103,68907,买盘
460,14:28:54,6.68,--,43,28724,卖盘
461,14:28:51,6.68,-0.01,87,58116,卖盘
462,14:28:48,6.69,--,1,669,买盘
463,14:28:39,6.69,0.01,9,6021,买盘
464,14:28:36,6.68,--,18,12024,卖盘
465,14:28:33,6.68,-0.01,1,668,卖盘
466,14:28:30,6.69,--,8,5352,买盘
467,14:28:27,6.69,0.01,31,20739,买盘
468,14:28:21,6.68,-0.01,39,26052,卖盘
469,14:28:18,6.69,--,10,6690,买盘
470,14:28:15,6.69,0.01,10,6690,买盘
471,14:28:09,6.68,-0.01,14,9352,卖盘
472,14:28:06,6.69,--,34,22746,买盘
473,14:28:03,6.69,0.01,98,65562,买盘
474,14:28:00,6.68,-0.01,316,211088,卖盘
475,14:27:54,6.69,0.01,10,6690,买盘
476,14:27:51,6.68,--,11,7348,卖盘
477,14:27:48,6.68,-0.01,1,668,卖盘
478,14:27:45,6.69,0.01,9,6021,买盘
479,14:27:39,6.68,-0.01,84,56112,卖盘
480,14:27:33,6.69,--,40,26760,买盘
481,14:27:27,6.69,--,21,14049,买盘
482,14:27:24,6.69,0.01,1,669,买盘
483,14:27:21,6.68,-0.01,93,62124,卖盘
484,14:27:18,6.69,--,1,669,买盘
485,14:27:12,6.69,--,20,13380,买盘
486,14:27:06,6.69,--,40,26760,买盘
487,14:27:03,6.69,--,2,1338,买盘
488,14:27:00,6.69,--,9,6021,买盘
489,14:26:57,6.69,--,10,6690,买盘
490,14:26:54,6.69,0.01,15,10035,买盘
491,14:26:51,6.68,-0.01,26,17368,卖盘
492,14:26:48,6.69,0.01,312,208728,买盘
493,14:26:42,6.68,-0.01,54,36072,卖盘
494,14:26:39,6.69,0.01,9,6021,买盘
495,14:26:33,6.68,--,1,668,卖盘
496,14:26:30,6.68,-0.01,20,13360,卖盘
497,14:26:27,6.69,--,17,11373,买盘
498,14:26:21,6.69,0.01,1,669,买盘
499,14:26:15,6.68,--,17,11356,卖盘
500,14:26:12,6.68,--,19,12692,卖盘
501,14:26:09,6.68,-0.01,123,82164,卖盘
502,14:26:06,6.69,0.01,14,9366,买盘
503,14:26:03,6.68,--,13,8684,卖盘
504,14:26:00,6.68,-0.01,694,463592,卖盘
505,14:25:57,6.69,--,34,22746,买盘
506,14:25:54,6.69,0.01,9,6021,买盘
507,14:25:48,6.68,-0.01,46,30728,卖盘
508,14:25:42,6.69,0.01,53,35457,买盘
509,14:25:36,6.68,-0.01,20,13360,卖盘
510,14:25:33,6.69,--,10,6690,买盘
511,14:25:27,6.69,--,3,2007,买盘
512,14:25:21,6.69,--,19,12711,买盘
513,14:25:15,6.69,0.01,116,77604,买盘
514,14:25:12,6.68,-0.01,5,3340,卖盘
515,14:25:09,6.69,0.01,9,6021,买盘
516,14:25:06,6.68,--,73,48764,卖盘
517,14:25:03,6.68,-0.01,47,31396,卖盘
518,14:25:00,6.69,0.01,43,28767,买盘
519,14:24:57,6.68,--,30,20040,卖盘
520,14:24:51,6.68,-0.01,6,4008,卖盘
521,14:24:48,6.69,0.01,9,6021,买盘
522,14:24:42,6.68,-0.01,1,668,卖盘
523,14:24:36,6.69,0.01,19,12711,买盘
524,14:24:27,6.68,--,12,8016,卖盘
525,14:24:24,6.68,--,52,34736,卖盘
526,14:24:21,6.68,-0.01,1,668,卖盘
527,14:24:15,6.69,--,8,5352,买盘
528,14:24:12,6.69,0.01,1,669,买盘
529,14:24:09,6.68,-0.01,109,72812,卖盘
530,14:24:03,6.69,0.01,24,16056,买盘
531,14:24:00,6.68,--,200,133600,卖盘
532,14:23:57,6.68,--,22,14696,卖盘
533,14:23:54,6.68,--,46,30728,卖盘
534,14:23:51,6.68,--,20,13360,卖盘
535,14:23:48,6.68,--,34,22712,卖盘
536,14:23:45,6.68,-0.01,2,1336,卖盘
537,14:23:42,6.69,0.01,109,72921,买盘
538,14:23:39,6.68,--,20,13360,卖盘
539,14:23:36,6.68,--,8,5344,卖盘
540,14:23:33,6.68,-0.01,15,10020,卖盘
541,14:23:30,6.69,0.01,8,5352,买盘
542,14:23:27,6.68,--,31,20708,卖盘
543,14:23:24,6.68,--,2,1336,卖盘
544,14:23:21,6.68,--,146,97528,买盘
545,14:23:18,6.68,--,2,1336,买盘
546,14:23:15,6.68,0.01,300,200400,买盘
547,14:23:12,6.67,-0.01,19,12673,卖盘
548,14:23:09,6.68,--,11,7348,买盘
549,14:23:06,6.68,0.01,5,3340,买盘
550,14:23:03,6.67,--,31,20677,卖盘
551,14:23:00,6.67,-0.01,54,36018,卖盘
552,14:22:57,6.68,--,12,8016,买盘
553,14:22:54,6.68,0.01,102,68136,买盘
554,14:22:51,6.67,-0.01,1,667,卖盘
555,14:22:48,6.68,0.01,42,28056,买盘
556,14:22:45,6.67,-0.01,16,10672,卖盘
557,14:22:42,6.68,0.01,62,41416,中性盘
558,14:22:36,6.67,-0.02,254,169418,卖盘
559,14:22:33,6.69,0.01,42,28098,买盘
560,14:22:30,6.68,0.01,11,7348,买盘
561,14:22:27,6.67,-0.02,20,13340,卖盘
562,14:22:24,6.69,0.01,9,6021,买盘
563,14:22:21,6.68,--,36,24048,买盘
564,14:22:18,6.68,--,20,13360,买盘
565,14:22:15,6.68,--,37,24716,买盘
566,14:22:12,6.68,--,46,30728,买盘
567,14:22:06,6.68,--,7,4676,买盘
568,14:22:03,6.68,--,16,10688,买盘
569,14:22:00,6.68,--,36,24048,买盘
570,14:21:57,6.68,-0.01,179,119572,卖盘
571,14:21:51,6.69,0.01,9,6021,买盘
572,14:21:45,6.68,-0.01,2,1336,卖盘
573,14:21:39,6.69,0.01,8,5352,买盘
574,14:21:33,6.68,-0.01,1,668,卖盘
575,14:21:27,6.69,0.01,9,6021,买盘
576,14:21:24,6.68,--,18,12024,卖盘
577,14:21:21,6.68,-0.01,2,1336,卖盘
578,14:21:18,6.69,0.01,18,12042,买盘
579,14:21:12,6.68,-0.01,2,1336,卖盘
580,14:21:09,6.69,--,14,9366,买盘
581,14:21:06,6.69,--,11,7359,买盘
582,14:21:03,6.69,0.01,18,12042,买盘
583,14:21:00,6.68,--,112,74816,卖盘
584,14:20:57,6.68,-0.01,70,46760,卖盘
585,14:20:54,6.69,0.01,10,6690,买盘
586,14:20:51,6.68,--,5,3340,卖盘
587,14:20:48,6.68,-0.01,18,12024,卖盘
588,14:20:45,6.69,0.01,14,9366,买盘
589,14:20:42,6.68,--,29,19372,卖盘
590,14:20:39,6.68,-0.01,1,668,卖盘
591,14:20:33,6.69,0.01,8,5352,买盘
592,14:20:30,6.68,--,56,37408,卖盘
593,14:20:27,6.68,-0.01,1,668,卖盘
594,14:20:24,6.69,--,1,669,买盘
595,14:20:21,6.69,0.01,13,8697,买盘
596,14:20:18,6.68,0.01,4,2672,卖盘
597,14:20:15,6.67,-0.02,18,12006,卖盘
598,14:20:12,6.69,--,9,6021,买盘
599,14:20:06,6.69,--,102,68238,买盘
600,14:20:03,6.69,0.01,5,3345,买盘
601,14:20:00,6.68,--,150,100200,买盘
602,14:19:57,6.68,0.01,20,13360,买盘
603,14:19:54,6.67,-0.01,1,667,卖盘
604,14:19:48,6.68,--,11,7348,买盘
605,14:19:45,6.68,--,21,14028,买盘
606,14:19:42,6.68,0.01,44,29392,买盘
607,14:19:39,6.67,-0.01,38,25346,卖盘
608,14:19:36,6.68,--,602,402136,卖盘
609,14:19:33,6.68,--,9,6012,卖盘
610,14:19:30,6.68,-0.01,521,348028,卖盘
611,14:19:27,6.69,0.01,35,23415,买盘
612,14:19:24,6.68,-0.01,1,668,卖盘
613,14:19:18,6.69,--,103,68907,买盘
614,14:19:15,6.69,0.01,10,6690,买盘
615,14:19:12,6.68,-0.01,1,668,卖盘
616,14:19:06,6.69,--,31,20739,买盘
617,14:19:03,6.69,--,11,7359,买盘
618,14:18:54,6.69,0.01,8,5352,买盘
619,14:18:51,6.68,--,5,3340,卖盘
620,14:18:48,6.68,-0.01,33,22044,卖盘
621,14:18:45,6.69,0.01,1,669,买盘
622,14:18:42,6.68,-0.01,29,19372,卖盘
623,14:18:39,6.69,0.01,15,10035,买盘
624,14:18:36,6.68,-0.01,5,3340,卖盘
625,14:18:33,6.69,0.01,43,28767,买盘
626,14:18:30,6.68,--,166,110888,卖盘
627,14:18:27,6.68,--,267,178356,卖盘
628,14:18:24,6.68,-0.01,25,16700,卖盘
629,14:18:21,6.69,--,27,18063,买盘
630,14:18:18,6.69,--,69,46161,买盘
631,14:18:12,6.69,--,177,118413,买盘
632,14:18:09,6.69,--,8,5352,买盘
633,14:18:06,6.69,--,2,1338,买盘
634,14:18:03,6.69,0.01,4,2676,买盘
635,14:18:00,6.68,--,209,139612,卖盘
636,14:17:57,6.68,--,5,3340,卖盘
637,14:17:54,6.68,-0.01,2,1336,卖盘
638,14:17:51,6.69,--,28,18732,买盘
639,14:17:48,6.69,--,38,25422,买盘
640,14:17:45,6.69,0.01,51,34119,买盘
641,14:17:39,6.68,-0.01,30,20040,卖盘
642,14:17:36,6.69,0.01,9,6021,买盘
643,14:17:33,6.68,--,112,74816,卖盘
644,14:17:27,6.68,--,30,20040,卖盘
645,14:17:24,6.68,--,120,80160,卖盘
646,14:17:21,6.68,--,6,4008,卖盘
647,14:17:18,6.68,--,320,213760,卖盘
648,14:17:15,6.68,--,29,19372,卖盘
649,14:17:12,6.68,--,73,48764,卖盘
650,14:17:09,6.68,-0.01,71,47428,卖盘
651,14:17:06,6.69,--,7,4683,买盘
652,14:17:03,6.69,0.01,54,36126,买盘
653,14:17:00,6.68,--,10,6680,卖盘
654,14:16:57,6.68,-0.01,5,3340,卖盘
655,14:16:51,6.69,--,8,5352,买盘
656,14:16:48,6.69,--,123,82287,买盘
657,14:16:45,6.69,--,92,61548,买盘
658,14:16:42,6.69,--,27,18063,买盘
659,14:16:39,6.69,--,54,36126,买盘
660,14:16:36,6.69,--,6,4014,买盘
661,14:16:30,6.69,0.01,9,6021,买盘
662,14:16:27,6.68,-0.01,23,15364,卖盘
663,14:16:24,6.69,--,65,43485,买盘
664,14:16:18,6.69,0.01,10,6690,买盘
665,14:16:15,6.68,-0.01,7,4676,卖盘
666,14:16:12,6.69,0.01,240,160560,买盘
667,14:16:09,6.68,-0.01,10,6680,卖盘
668,14:16:06,6.69,--,11,7359,买盘
669,14:16:00,6.69,--,23,15387,买盘
670,14:15:57,6.69,0.01,55,36795,买盘
671,14:15:54,6.68,--,1,668,卖盘
672,14:15:48,6.68,-0.01,26,17368,卖盘
673,14:15:45,6.69,--,10,6690,买盘
674,14:15:42,6.69,--,11,7359,买盘
675,14:15:33,6.69,0.01,9,6021,买盘
676,14:15:30,6.68,-0.01,1,668,卖盘
677,14:15:27,6.69,--,155,103695,买盘
678,14:15:24,6.69,--,10,6690,买盘
679,14:15:18,6.69,0.01,73,48837,买盘
680,14:15:15,6.68,-0.01,132,88176,卖盘
681,14:15:12,6.69,0.01,9,6021,买盘
682,14:15:09,6.68,-0.01,4,2672,卖盘
683,14:15:06,6.69,--,1,669,买盘
684,14:15:00,6.69,0.01,53,35457,买盘
685,14:14:57,6.68,-0.01,62,41416,卖盘
686,14:14:51,6.69,--,25,16725,买盘
687,14:14:48,6.69,--,71,47499,买盘
688,14:14:45,6.69,--,42,28098,买盘
689,14:14:39,6.69,--,9,6021,买盘
690,14:14:36,6.69,0.01,2,1338,买盘
691,14:14:33,6.68,-0.01,44,29392,卖盘
692,14:14:30,6.69,--,16,10704,买盘
693,14:14:27,6.69,0.01,44,29436,买盘
694,14:14:24,6.68,-0.01,22,14696,卖盘
695,14:14:18,6.69,0.01,29,19401,买盘
696,14:14:15,6.68,--,21,14028,卖盘
697,14:14:12,6.68,-0.01,93,62124,卖盘
698,14:14:09,6.69,--,20,13380,买盘
699,14:14:06,6.69,--,80,53520,买盘
700,14:14:03,6.69,--,54,36126,买盘
701,14:14:00,6.69,--,25,16725,买盘
702,14:13:54,6.69,--,12,8028,买盘
703,14:13:51,6.69,--,9,6021,买盘
704,14:13:48,6.69,--,16,10704,买盘
705,14:13:45,6.69,0.01,65,43485,买盘
706,14:13:39,6.68,--,113,75484,卖盘
707,14:13:36,6.68,-0.01,111,74148,卖盘
708,14:13:33,6.69,--,30,20070,买盘
709,14:13:30,6.69,0.01,34,22746,买盘
710,14:13:24,6.68,-0.01,21,14028,卖盘
711,14:13:21,6.69,--,67,44823,买盘
712,14:13:18,6.69,--,66,44154,买盘
713,14:13:12,6.69,0.01,12,8028,买盘
714,14:13:09,6.68,-0.01,3,2004,卖盘
715,14:13:06,6.69,--,2,1338,买盘
716,14:13:00,6.69,0.01,35,23415,买盘
717,14:12:57,6.68,-0.01,28,18704,卖盘
718,14:12:54,6.69,0.01,871,582699,买盘
719,14:12:51,6.68,-0.01,10,6680,卖盘
720,14:12:48,6.69,0.01,9,6021,买盘
721,14:12:45,6.68,-0.01,58,38744,卖盘
722,14:12:42,6.69,0.01,10,6690,买盘
723,14:12:39,6.68,--,14,9352,卖盘
724,14:12:36,6.68,--,29,19372,卖盘
725,14:12:30,6.68,-0.01,69,46092,卖盘
726,14:12:27,6.69,--,10,6690,买盘
727,14:12:24,6.69,0.01,38,25422,买盘
728,14:12:21,6.68,--,96,64128,买盘
729,14:12:15,6.68,--,126,84168,买盘
730,14:12:12,6.68,--,59,39412,买盘
731,14:12:09,6.68,--,520,347360,买盘
732,14:12:06,6.68,0.01,112,74816,买盘
733,14:12:03,6.67,--,28,18676,卖盘
734,14:12:00,6.67,-0.01,31,20677,卖盘
735,14:11:57,6.68,-0.01,29,19372,中性盘
736,14:11:54,6.69,0.02,30,20070,买盘
737,14:11:51,6.67,-0.01,5,3335,卖盘
738,14:11:48,6.68,--,106,70808,买盘
739,14:11:45,6.68,-0.01,219,146378,卖盘
740,14:11:42,6.69,--,30,20070,买盘
741,14:11:39,6.69,0.01,1,669,买盘
742,14:11:36,6.68,-0.01,70,46760,卖盘
743,14:11:33,6.69,0.01,10,6690,买盘
744,14:11:30,6.68,--,54,36072,卖盘
745,14:11:27,6.68,--,75,50100,卖盘
746,14:11:24,6.68,-0.01,42,28056,卖盘
747,14:11:21,6.69,0.01,1512,1011528,买盘
748,14:11:18,6.68,-0.01,120,80160,卖盘
749,14:11:15,6.69,0.01,10,6690,买盘
750,14:11:12,6.68,-0.01,160,106880,卖盘
751,14:11:09,6.69,--,11,7359,买盘
752,14:11:06,6.69,--,202,135138,买盘
753,14:11:03,6.69,--,113,75597,买盘
754,14:11:00,6.69,0.01,8,5352,买盘
755,14:10:57,6.68,-0.01,1,668,卖盘
756,14:10:54,6.69,--,37,24753,买盘
757,14:10:48,6.69,0.01,3011,2014359,买盘
758,14:10:45,6.68,-0.01,1,668,卖盘
759,14:10:42,6.69,0.01,34,22746,买盘
760,14:10:39,6.68,-0.01,54,36072,卖盘
761,14:10:36,6.69,0.01,28,18732,买盘
762,14:10:33,6.68,--,5,3340,卖盘
763,14:10:30,6.68,-0.01,48,32064,卖盘
764,14:10:27,6.69,--,8,5352,买盘
765,14:10:24,6.69,0.01,20,13380,买盘
766,14:10:21,6.68,-0.01,7,4676,卖盘
767,14:10:15,6.69,--,10,6690,买盘
768,14:10:12,6.69,--,18,12042,买盘
769,14:10:09,6.69,0.01,29,19401,买盘
770,14:10:06,6.68,-0.01,117,78156,卖盘
771,14:10:03,6.69,--,62,41478,买盘
772,14:10:00,6.69,--,22,14718,买盘
773,14:09:54,6.69,0.01,60,40140,买盘
774,14:09:51,6.68,--,1,668,卖盘
775,14:09:48,6.68,--,20,13360,卖盘
776,14:09:45,6.68,-0.01,1,668,卖盘
777,14:09:42,6.69,0.01,29,19401,买盘
778,14:09:39,6.68,--,2,1336,卖盘
779,14:09:36,6.68,-0.01,5,3340,卖盘
780,14:09:33,6.69,--,21,14049,买盘
781,14:09:30,6.69,0.01,9,6021,买盘
782,14:09:27,6.68,-0.01,19,12692,卖盘
783,14:09:24,6.69,--,75,50175,买盘
784,14:09:21,6.69,--,20,13380,买盘
785,14:09:18,6.69,--,24,16056,买盘
786,14:09:12,6.69,--,36,24084,买盘
787,14:09:09,6.69,--,62,41478,买盘
788,14:09:06,6.69,--,31,20739,买盘
789,14:09:03,6.69,--,25,16725,买盘
790,14:09:00,6.69,--,91,60879,买盘
791,14:08:57,6.69,0.01,8,5352,买盘
792,14:08:54,6.68,--,29,19372,卖盘
793,14:08:51,6.68,--,6,4008,卖盘
794,14:08:45,6.68,--,44,29392,卖盘
795,14:08:42,6.68,--,46,30728,卖盘
796,14:08:39,6.68,-0.01,18,12024,卖盘
797,14:08:36,6.69,--,80,53520,买盘
798,14:08:33,6.69,--,18,12042,买盘
799,14:08:27,6.69,--,127,84963,买盘
800,14:08:24,6.69,0.01,29,19401,买盘
801,14:08:21,6.68,--,34,22712,卖盘
802,14:08:18,6.68,-0.01,49,32732,卖盘
803,14:08:15,6.69,--,17,11373,买盘
804,14:08:12,6.69,0.01,35,23415,买盘
805,14:08:09,6.68,-0.01,5,3340,卖盘
806,14:08:06,6.69,--,1,669,买盘
807,14:08:03,6.69,--,124,82956,买盘
808,14:08:00,6.69,--,70,46830,买盘
809,14:07:57,6.69,0.01,10,6690,买盘
810,14:07:54,6.68,-0.01,17,11356,卖盘
811,14:07:51,6.69,--,180,120420,卖盘
812,14:07:48,6.69,--,1,669,卖盘
813,14:07:45,6.69,-0.01,35,23415,卖盘
814,14:07:42,6.7,--,22,14740,买盘
815,14:07:39,6.7,0.01,25,16750,买盘
816,14:07:36,6.69,--,2,1338,买盘
817,14:07:33,6.69,-0.01,6,4014,卖盘
818,14:07:30,6.7,0.02,41,27470,买盘
819,14:07:27,6.68,-0.01,17,11356,卖盘
820,14:07:24,6.69,-0.01,6,4014,卖盘
821,14:07:21,6.7,--,325,217750,买盘
822,14:07:18,6.7,--,809,542030,买盘
823,14:07:15,6.7,--,50,33500,买盘
824,14:07:12,6.7,0.01,1,670,买盘
825,14:07:09,6.69,-0.01,28,18732,卖盘
826,14:07:06,6.7,--,11,7370,买盘
827,14:07:03,6.7,--,3,2010,买盘
828,14:07:00,6.7,--,7,4690,买盘
829,14:06:57,6.7,0.01,43,28810,买盘
830,14:06:54,6.69,-0.01,1,669,卖盘
831,14:06:51,6.7,0.01,1,670,买盘
832,14:06:48,6.69,-0.01,1,669,卖盘
833,14:06:45,6.7,--,10,6700,买盘
834,14:06:39,6.7,--,6,4020,买盘
835,14:06:36,6.7,--,19,12730,买盘
836,14:06:33,6.7,0.01,51,34170,买盘
837,14:06:30,6.69,-0.01,1,669,卖盘
838,14:06:24,6.7,0.01,9,6030,买盘
839,14:06:18,6.69,-0.01,7,4683,卖盘
840,14:06:15,6.7,--,41,27470,买盘
841,14:06:12,6.7,--,72,48240,买盘
842,14:06:09,6.7,--,35,23450,买盘
843,14:06:06,6.7,0.01,3,2010,买盘
844,14:06:03,6.69,-0.01,43,28767,卖盘
845,14:06:00,6.7,--,48,32160,买盘
846,14:05:57,6.7,--,1,670,买盘
847,14:05:54,6.7,--,22,14740,买盘
848,14:05:51,6.7,--,1,670,买盘
849,14:05:48,6.7,0.01,10,6700,买盘
850,14:05:45,6.69,-0.01,37,24753,卖盘
851,14:05:39,6.7,--,60,40200,买盘
852,14:05:36,6.7,--,1,670,买盘
853,14:05:30,6.7,--,3,2010,买盘
854,14:05:27,6.7,--,15,10050,买盘
855,14:05:24,6.7,0.01,40,26800,买盘
856,14:05:21,6.69,-0.01,400,267600,卖盘
857,14:05:15,6.7,0.01,60,40200,买盘
858,14:05:12,6.69,--,1,669,卖盘
859,14:05:09,6.69,-0.01,6,4014,卖盘
860,14:05:06,6.7,--,12,8040,买盘
861,14:05:00,6.7,--,140,93800,买盘
862,14:04:54,6.7,--,27,18090,买盘
863,14:04:51,6.7,0.01,2,1340,买盘
864,14:04:45,6.69,-0.01,18,12042,卖盘
865,14:04:42,6.7,--,20,13400,买盘
866,14:04:36,6.7,--,2,1340,买盘
867,14:04:33,6.7,--,12,8040,买盘
868,14:04:30,6.7,--,3,2010,买盘
869,14:04:21,6.7,0.01,44,29480,买盘
870,14:04:12,6.69,-0.01,18,12042,卖盘
871,14:04:09,6.7,0.01,255,170850,买盘
872,14:04:06,6.69,-0.01,2,1338,卖盘
873,14:04:03,6.7,0.01,1,670,买盘
874,14:04:00,6.69,--,18,12042,卖盘
875,14:03:57,6.69,--,455,304395,卖盘
876,14:03:54,6.69,--,40,26760,卖盘
877,14:03:51,6.69,-0.01,372,248868,卖盘
878,14:03:48,6.7,--,15,10050,买盘
879,14:03:45,6.7,0.01,105,70350,买盘
880,14:03:42,6.69,-0.01,10,6690,卖盘
881,14:03:36,6.7,0.01,31,20770,买盘
882,14:03:33,6.69,--,7,4683,卖盘
883,14:03:27,6.69,-0.01,222,148518,卖盘
884,14:03:24,6.7,0.01,11,7370,买盘
885,14:03:18,6.69,-0.01,51,34119,卖盘
886,14:03:15,6.7,0.01,9,6030,买盘
887,14:03:12,6.69,--,1,669,卖盘
888,14:03:09,6.69,-0.01,11,7359,卖盘
889,14:03:06,6.7,0.01,6,4020,买盘
890,14:03:03,6.69,--,111,74259,卖盘
891,14:02:57,6.69,--,37,24753,卖盘
892,14:02:54,6.69,--,11,7359,卖盘
893,14:02:51,6.69,--,12,8028,卖盘
894,14:02:48,6.69,-0.01,1,669,卖盘
895,14:02:45,6.7,0.01,95,63650,买盘
896,14:02:42,6.69,-0.01,50,33450,卖盘
897,14:02:36,6.7,--,96,64320,买盘
898,14:02:30,6.7,0.01,11,7370,买盘
899,14:02:24,6.69,--,15,10035,卖盘
900,14:02:21,6.69,-0.01,21,14049,卖盘
901,14:02:18,6.7,--,9,6030,买盘
902,14:02:15,6.7,0.01,4,2680,买盘
903,14:02:12,6.69,-0.01,5,3345,卖盘
904,14:02:09,6.7,--,9,6030,买盘
905,14:02:06,6.7,--,1,670,买盘
906,14:02:03,6.7,--,119,79730,买盘
907,14:02:00,6.7,--,15,10050,买盘
908,14:01:57,6.7,0.01,10,6700,买盘
909,14:01:54,6.69,--,1,669,卖盘
910,14:01:51,6.69,--,54,36126,卖盘
911,14:01:48,6.69,-0.01,18,12042,卖盘
912,14:01:45,6.7,0.01,24,16080,买盘
913,14:01:39,6.69,-0.01,20,13380,卖盘
914,14:01:36,6.7,0.01,50,33500,买盘
915,14:01:33,6.69,-0.01,112,74928,卖盘
916,14:01:24,6.7,0.01,15,10050,买盘
917,14:01:21,6.69,-0.01,21,14049,卖盘
918,14:01:18,6.7,--,469,314230,买盘
919,14:01:12,6.7,0.01,28,18760,买盘
920,14:01:09,6.69,-0.01,1,669,卖盘
921,14:01:06,6.7,--,2,1340,买盘
922,14:01:03,6.7,--,18,12060,买盘
923,14:01:00,6.7,0.01,10,6700,买盘
924,14:00:57,6.69,-0.01,1,669,卖盘
925,14:00:51,6.7,--,9,6030,买盘
926,14:00:48,6.7,--,3,2010,买盘
927,14:00:45,6.7,--,28,18760,买盘
928,14:00:39,6.7,0.01,27,18090,买盘
929,14:00:36,6.69,--,2,1920,卖盘
930,14:00:33,6.69,-0.01,1,669,卖盘
931,14:00:30,6.7,--,9,6030,买盘
932,14:00:24,6.7,--,7,4690,买盘
933,14:00:18,6.7,--,11,7370,买盘
934,14:00:15,6.7,0.02,4,2680,买盘
935,14:00:12,6.68,-0.02,1,668,卖盘
936,14:00:06,6.7,0.02,40,26800,买盘
937,14:00:03,6.68,--,18,12024,卖盘
938,14:00:00,6.68,--,111,74148,卖盘
939,13:59:57,6.68,--,15,10020,卖盘
940,13:59:54,6.68,-0.01,14,9352,卖盘
941,13:59:48,6.69,--,1,669,买盘
942,13:59:45,6.69,--,119,79611,卖盘
943,13:59:39,6.69,--,1,669,卖盘
944,13:59:36,6.69,--,114,76266,买盘
945,13:59:33,6.69,0.01,10,6690,买盘
946,13:59:30,6.68,-0.01,18,12024,卖盘
947,13:59:27,6.69,--,46,30774,买盘
948,13:59:24,6.69,0.01,9,6021,买盘
949,13:59:21,6.68,-0.01,1,668,卖盘
950,13:59:18,6.69,--,2,1338,买盘
951,13:59:15,6.69,--,119,79611,买盘
952,13:59:12,6.69,0.01,9,6021,买盘
953,13:59:09,6.68,-0.01,6,4008,卖盘
954,13:59:06,6.69,-0.01,186,124434,卖盘
955,13:59:00,6.7,--,49,32830,买盘
956,13:58:57,6.7,0.01,21,14070,买盘
957,13:58:54,6.69,--,35,23415,买盘
958,13:58:51,6.69,0.01,42,28098,买盘
959,13:58:48,6.68,--,1,668,卖盘
960,13:58:45,6.68,-0.01,1,668,卖盘
961,13:58:42,6.69,--,100,66900,买盘
962,13:58:39,6.69,-0.01,75,50175,卖盘
963,13:58:36,6.7,0.01,7,4690,买盘
964,13:58:33,6.69,--,1082,723858,买盘
965,13:58:27,6.69,--,46,30774,买盘
966,13:58:24,6.69,0.01,5,3345,买盘
967,13:58:21,6.68,-0.01,318,212424,卖盘
968,13:58:18,6.69,--,30,20070,买盘
969,13:58:15,6.69,0.01,10,6690,买盘
970,13:58:12,6.68,--,34,22712,卖盘
971,13:58:09,6.68,-0.01,17,11356,卖盘
972,13:58:06,6.69,0.01,110,73590,买盘
973,13:58:03,6.68,-0.01,1,668,卖盘
974,13:58:00,6.69,--,11,7359,买盘
975,13:57:57,6.69,--,1,669,买盘
976,13:57:54,6.69,0.01,10,6690,买盘
977,13:57:48,6.68,-0.01,1,668,卖盘
978,13:57:45,6.69,0.01,9,6021,买盘
979,13:57:42,6.68,--,20,13360,卖盘
980,13:57:39,6.68,-0.01,8,5344,卖盘
981,13:57:36,6.69,--,1,669,买盘
982,13:57:33,6.69,0.01,15,10035,买盘
983,13:57:27,6.68,-0.01,3,2004,卖盘
984,13:57:21,6.69,--,118,78942,买盘
985,13:57:18,6.69,--,1,669,买盘
986,13:57:15,6.69,--,15,10035,买盘
987,13:57:12,6.69,0.01,9,6021,买盘
988,13:57:09,6.68,-0.01,157,104876,卖盘
989,13:57:06,6.69,0.01,20,13380,买盘
990,13:57:03,6.68,-0.01,5,3340,卖盘
991,13:57:00,6.69,0.01,8,5352,买盘
992,13:56:54,6.68,-0.01,6,4008,卖盘
993,13:56:48,6.69,0.01,10,6690,买盘
994,13:56:45,6.68,-0.01,5,3340,卖盘
995,13:56:42,6.69,--,1,669,买盘
996,13:56:39,6.69,--,9,6021,买盘
997,13:56:36,6.69,0.01,4,2676,买盘
998,13:56:30,6.68,-0.01,19,12692,卖盘
999,13:56:27,6.69,0.01,9,6021,买盘
1000,13:56:24,6.68,-0.01,11,7348,卖盘
1001,13:56:18,6.69,--,101,67569,买盘
1002,13:56:15,6.69,--,26,17394,买盘
1003,13:56:12,6.69,--,2,1338,买盘
1004,13:56:09,6.69,-0.01,311,208059,卖盘
1005,13:56:06,6.7,--,8,5360,买盘
1006,13:56:03,6.7,0.01,264,176880,买盘
1007,13:56:00,6.69,--,31,20739,卖盘
1008,13:55:57,6.69,-0.01,48,32112,卖盘
1009,13:55:54,6.7,0.01,9,6030,买盘
1010,13:55:51,6.69,--,101,67569,卖盘
1011,13:55:48,6.69,--,32,21408,卖盘
1012,13:55:45,6.69,-0.01,32,21408,卖盘
1013,13:55:42,6.7,0.01,9,6030,买盘
1014,13:55:39,6.69,-0.01,24,16056,卖盘
1015,13:55:36,6.7,0.01,7,4690,买盘
1016,13:55:33,6.69,--,102,68238,卖盘
1017,13:55:30,6.69,--,30,20070,卖盘
1018,13:55:27,6.69,-0.01,145,97005,卖盘
1019,13:55:24,6.7,0.01,1,670,买盘
1020,13:55:21,6.69,-0.01,28,18732,卖盘
1021,13:55:18,6.7,--,1,670,买盘
1022,13:55:15,6.7,--,17,11390,买盘
1023,13:55:12,6.7,--,1,670,买盘
1024,13:55:09,6.7,0.01,10,6700,买盘
1025,13:55:06,6.69,-0.01,72,48168,卖盘
1026,13:55:03,6.7,--,2,1340,买盘
1027,13:54:57,6.7,0.01,8,5360,买盘
1028,13:54:48,6.69,--,27,18063,卖盘
1029,13:54:45,6.69,--,12,8028,卖盘
1030,13:54:42,6.69,-0.01,818,547242,卖盘
1031,13:54:39,6.7,--,10,6700,买盘
1032,13:54:36,6.7,0.01,11,7370,买盘
1033,13:54:33,6.69,-0.01,2,1338,卖盘
1034,13:54:30,6.7,--,30,20100,买盘
1035,13:54:24,6.7,--,28,18760,买盘
1036,13:54:18,6.7,--,1,670,买盘
1037,13:54:15,6.7,--,62,41540,买盘
1038,13:54:12,6.7,--,53,35510,买盘
1039,13:54:09,6.7,--,15,10050,买盘
1040,13:54:06,6.7,--,1,670,买盘
1041,13:54:03,6.7,0.01,29,19430,买盘
1042,13:54:00,6.69,-0.01,14,9366,卖盘
1043,13:53:57,6.7,--,1,670,买盘
1044,13:53:51,6.7,--,15,10050,买盘
1045,13:53:48,6.7,0.01,108,72360,买盘
1046,13:53:45,6.69,-0.01,129,86301,卖盘
1047,13:53:42,6.7,--,29,19430,买盘
1048,13:53:39,6.7,--,20,13400,买盘
1049,13:53:36,6.7,0.01,24,16080,买盘
1050,13:53:33,6.69,-0.01,2,1338,卖盘
1051,13:53:30,6.7,0.01,11,7370,买盘
1052,13:53:27,6.69,--,7,4683,卖盘
1053,13:53:24,6.69,-0.01,119,79611,卖盘
1054,13:53:18,6.7,--,10,6700,买盘
1055,13:53:15,6.7,--,34,22780,买盘
1056,13:53:12,6.7,--,8,5360,买盘
1057,13:53:09,6.7,0.01,8,5360,买盘
1058,13:53:06,6.69,--,7,4683,卖盘
1059,13:53:03,6.69,--,126,84294,卖盘
1060,13:53:00,6.69,-0.01,20,13380,卖盘
1061,13:52:57,6.7,--,11,7370,买盘
1062,13:52:45,6.7,--,17,11390,买盘
1063,13:52:42,6.7,0.01,26,17420,买盘
1064,13:52:39,6.69,-0.01,30,20070,卖盘
1065,13:52:36,6.7,--,11,7370,买盘
1066,13:52:33,6.7,--,45,30150,买盘
1067,13:52:30,6.7,--,96,64320,买盘
1068,13:52:27,6.7,--,10,6700,买盘
1069,13:52:24,6.7,--,9,6030,买盘
1070,13:52:21,6.7,--,39,26130,买盘
1071,13:52:18,6.7,--,1,670,买盘
1072,13:52:15,6.7,--,31,20770,买盘
1073,13:52:12,6.7,--,65,43550,买盘
1074,13:52:09,6.7,--,10,6700,买盘
1075,13:52:06,6.7,--,102,68340,买盘
1076,13:52:03,6.7,0.01,28,18760,买盘
1077,13:52:00,6.69,-0.01,20,13380,卖盘
1078,13:51:51,6.7,--,11,7370,买盘
1079,13:51:48,6.7,0.01,60,40200,买盘
1080,13:51:45,6.69,--,135,90315,卖盘
1081,13:51:42,6.69,-0.01,36,24084,卖盘
1082,13:51:39,6.7,0.01,8,5360,买盘
1083,13:51:36,6.69,-0.01,221,147849,卖盘
1084,13:51:33,6.7,--,1,670,买盘
1085,13:51:30,6.7,0.01,9,6030,买盘
1086,13:51:27,6.69,-0.01,111,74259,卖盘
1087,13:51:24,6.7,0.01,30,20100,卖盘
1088,13:51:21,6.69,-0.02,33,22077,卖盘
1089,13:51:18,6.71,0.01,9,6039,买盘
1090,13:51:15,6.7,--,78,52260,买盘
1091,13:51:12,6.7,--,15,10050,买盘
1092,13:51:09,6.7,--,17,11390,买盘
1093,13:51:06,6.7,0.01,24,16080,买盘
1094,13:51:03,6.69,-0.01,960,642240,卖盘
1095,13:51:00,6.7,0.01,20,13400,买盘
1096,13:50:57,6.69,--,18,12042,卖盘
1097,13:50:54,6.69,-0.01,1,669,卖盘
1098,13:50:51,6.7,0.01,28,18760,买盘
1099,13:50:48,6.69,-0.01,9,6021,卖盘
1100,13:50:45,6.7,--,185,123950,买盘
1101,13:50:42,6.7,--,21,14070,买盘
1102,13:50:39,6.7,--,5,3350,买盘
1103,13:50:36,6.7,--,36,24120,买盘
1104,13:50:33,6.7,--,21,14070,买盘
1105,13:50:24,6.7,--,12,8040,买盘
1106,13:50:21,6.7,--,29,19430,买盘
1107,13:50:15,6.7,--,151,101170,买盘
1108,13:50:12,6.7,--,26,17420,买盘
1109,13:50:09,6.7,--,10,6700,买盘
1110,13:50:06,6.7,--,3,2010,买盘
1111,13:50:03,6.7,--,24,16080,买盘
1112,13:50:00,6.7,--,149,99830,买盘
1113,13:49:57,6.7,--,30,20100,买盘
1114,13:49:54,6.7,--,10,6700,买盘
1115,13:49:51,6.7,-0.01,91,60970,卖盘
1116,13:49:48,6.71,--,10,6710,买盘
1117,13:49:45,6.71,0.01,500,335500,买盘
1118,13:49:42,6.7,--,50,33500,买盘
1119,13:49:36,6.7,--,60,40200,买盘
1120,13:49:33,6.7,--,20,13400,买盘
1121,13:49:30,6.7,--,16,10720,买盘
1122,13:49:27,6.7,--,66,44220,买盘
1123,13:49:24,6.7,--,25,16750,买盘
1124,13:49:21,6.7,--,24,16080,买盘
1125,13:49:15,6.7,--,45,30150,买盘
1126,13:49:12,6.7,0.01,50,33500,买盘
1127,13:49:09,6.69,-0.01,47,31443,卖盘
1128,13:49:06,6.7,--,61,40870,买盘
1129,13:49:03,6.7,--,19,12730,买盘
1130,13:49:00,6.7,--,3,2010,买盘
1131,13:48:54,6.7,0.01,229,153430,买盘
1132,13:48:48,6.69,-0.01,21,14049,卖盘
1133,13:48:45,6.7,--,1,670,买盘
1134,13:48:42,6.7,--,9,6030,买盘
1135,13:48:36,6.7,0.01,57,38190,买盘
1136,13:48:33,6.69,-0.01,26,17394,卖盘
1137,13:48:30,6.7,--,51,34170,买盘
1138,13:48:27,6.7,--,200,134000,买盘
1139,13:48:24,6.7,0.01,13,8710,买盘
1140,13:48:21,6.69,-0.01,19,12711,卖盘
1141,13:48:12,6.7,--,16,10720,买盘
1142,13:48:09,6.7,--,10,6700,买盘
1143,13:48:06,6.7,0.01,267,178890,买盘
1144,13:48:03,6.69,--,2,1338,买盘
1145,13:48:00,6.69,--,32,21408,买盘
1146,13:47:57,6.69,--,1011,676359,买盘
1147,13:47:48,6.69,--,9,6021,买盘
1148,13:47:45,6.69,--,3,2007,买盘
1149,13:47:42,6.69,--,34,22746,买盘
1150,13:47:36,6.69,--,24,16056,买盘
1151,13:47:33,6.69,0.01,1000,669000,买盘
1152,13:47:27,6.68,-0.01,100,66800,卖盘
1153,13:47:24,6.69,--,38,25422,买盘
1154,13:47:15,6.69,--,23,15387,买盘
1155,13:47:12,6.69,--,5,3345,买盘
1156,13:47:09,6.69,--,4,2676,买盘
1157,13:47:06,6.69,--,1,669,买盘
1158,13:47:03,6.69,--,13,8697,买盘
1159,13:47:00,6.69,0.01,21,14049,买盘
1160,13:46:57,6.68,-0.01,2,1336,卖盘
1161,13:46:51,6.69,0.01,21,14049,买盘
1162,13:46:48,6.68,-0.01,1050,701400,卖盘
1163,13:46:45,6.69,0.01,1,669,买盘
1164,13:46:42,6.68,-0.01,28,18704,卖盘
1165,13:46:39,6.69,--,1495,1000155,买盘
1166,13:46:36,6.69,0.01,1,669,买盘
1167,13:46:33,6.68,-0.01,20,13360,卖盘
1168,13:46:30,6.69,0.01,11,7359,买盘
1169,13:46:21,6.68,-0.01,1,668,卖盘
1170,13:46:18,6.69,--,9,6021,买盘
1171,13:46:15,6.69,--,58,38802,买盘
1172,13:46:09,6.69,0.01,11,7359,买盘
1173,13:46:06,6.68,-0.01,2,1336,卖盘
1174,13:46:03,6.69,--,1,669,买盘
1175,13:46:00,6.69,0.01,35,23415,买盘
1176,13:45:57,6.68,--,59,39412,卖盘
1177,13:45:54,6.68,-0.01,2,1336,卖盘
1178,13:45:45,6.69,0.01,11,7359,买盘
1179,13:45:42,6.68,-0.01,158,105544,卖盘
1180,13:45:36,6.69,0.01,10,6690,买盘
1181,13:45:33,6.68,-0.01,1,668,卖盘
1182,13:45:24,6.69,0.01,15,10035,买盘
1183,13:45:21,6.68,--,203,135604,卖盘
1184,13:45:18,6.68,--,3,2004,卖盘
1185,13:45:15,6.68,-0.01,28,18704,卖盘
1186,13:45:12,6.69,0.01,12,8028,买盘
1187,13:45:06,6.68,--,15,10020,卖盘
1188,13:45:03,6.68,--,11,7348,卖盘
1189,13:45:00,6.68,--,272,181696,卖盘
1190,13:44:54,6.68,-0.01,11,7348,卖盘
1191,13:44:51,6.69,--,446,298374,买盘
1192,13:44:45,6.69,--,1,669,买盘
1193,13:44:42,6.69,--,1,669,买盘
1194,13:44:39,6.69,0.01,25,16725,买盘
1195,13:44:36,6.68,-0.01,2,1336,卖盘
1196,13:44:30,6.69,--,9,6021,买盘
1197,13:44:27,6.69,0.01,9,6021,买盘
1198,13:44:21,6.68,-0.01,30,20040,卖盘
1199,13:44:18,6.69,0.01,11,7359,买盘
1200,13:44:12,6.68,--,30,20040,卖盘
1201,13:44:06,6.68,-0.01,23,15364,卖盘
1202,13:44:00,6.69,--,6,4014,买盘
1203,13:43:54,6.69,0.01,88,58872,买盘
1204,13:43:51,6.68,-0.01,7,4676,卖盘
1205,13:43:48,6.69,--,20,13380,买盘
1206,13:43:45,6.69,--,10,6690,买盘
1207,13:43:42,6.69,0.01,14,9366,买盘
1208,13:43:39,6.68,-0.01,100,66800,卖盘
1209,13:43:36,6.69,--,18,12042,买盘
1210,13:43:33,6.69,0.01,11,7359,买盘
1211,13:43:30,6.68,--,23,15364,卖盘
1212,13:43:27,6.68,--,5,3340,卖盘
1213,13:43:24,6.68,-0.01,291,194388,卖盘
1214,13:43:21,6.69,0.01,9,6021,买盘
1215,13:43:18,6.68,-0.01,1,668,卖盘
1216,13:43:15,6.69,0.01,20,13380,买盘
1217,13:43:12,6.68,--,240,160320,卖盘
1218,13:43:09,6.68,-0.01,1,668,卖盘
1219,13:43:03,6.69,0.01,31,20739,买盘
1220,13:43:00,6.68,--,17,11356,卖盘
1221,13:42:57,6.68,--,27,18036,卖盘
1222,13:42:54,6.68,-0.01,1,668,卖盘
1223,13:42:48,6.69,--,9,6021,买盘
1224,13:42:45,6.69,--,1,669,买盘
1225,13:42:39,6.69,--,17,11373,买盘
1226,13:42:36,6.69,0.01,1,669,买盘
1227,13:42:33,6.68,--,21,14028,卖盘
1228,13:42:30,6.68,--,7,4676,卖盘
1229,13:42:27,6.68,-0.01,271,181028,卖盘
1230,13:42:21,6.69,--,36,24084,买盘
1231,13:42:15,6.69,0.01,15,10035,买盘
1232,13:42:12,6.68,--,30,20040,卖盘
1233,13:42:09,6.68,-0.01,79,52772,卖盘
1234,13:42:06,6.69,--,8,5352,买盘
1235,13:42:03,6.69,--,1,669,买盘
1236,13:42:00,6.69,--,8,5352,买盘
1237,13:41:54,6.69,--,34,22746,买盘
1238,13:41:51,6.69,--,11,7359,买盘
1239,13:41:48,6.69,--,5,3345,买盘
1240,13:41:42,6.69,0.01,1,669,买盘
1241,13:41:36,6.68,--,135,90180,卖盘
1242,13:41:33,6.68,--,1,668,卖盘
1243,13:41:30,6.68,-0.01,22,14696,卖盘
1244,13:41:27,6.69,--,46,30774,买盘
1245,13:41:24,6.69,0.01,3,2007,买盘
1246,13:41:18,6.68,-0.01,6,4008,卖盘
1247,13:41:15,6.69,--,152,101688,买盘
1248,13:41:09,6.69,--,53,35457,买盘
1249,13:41:06,6.69,--,39,26091,买盘
1250,13:41:03,6.69,--,11,7359,买盘
1251,13:41:00,6.69,0.01,6,4014,买盘
1252,13:40:57,6.68,-0.01,16,10688,卖盘
1253,13:40:51,6.69,0.01,25,16725,买盘
1254,13:40:48,6.68,-0.01,1,668,卖盘
1255,13:40:42,6.69,0.01,1,669,买盘
1256,13:40:39,6.68,-0.01,91,60788,卖盘
1257,13:40:36,6.69,0.01,61,40809,买盘
1258,13:40:33,6.68,--,100,66800,卖盘
1259,13:40:30,6.68,--,25,16700,卖盘
1260,13:40:27,6.68,--,1005,671340,卖盘
1261,13:40:21,6.68,--,145,96860,卖盘
1262,13:40:12,6.68,--,68,45424,卖盘
1263,13:40:06,6.68,-0.01,1,668,卖盘
1264,13:40:03,6.69,--,2,1338,买盘
1265,13:40:00,6.69,0.01,6,4014,买盘
1266,13:39:57,6.68,--,12,8016,卖盘
1267,13:39:54,6.68,-0.01,57,38076,卖盘
1268,13:39:48,6.69,0.01,21,14049,买盘
1269,13:39:45,6.68,-0.01,20,13360,卖盘
1270,13:39:42,6.69,0.01,1,669,买盘
1271,13:39:39,6.68,-0.01,100,66800,卖盘
1272,13:39:36,6.69,0.01,1,669,买盘
1273,13:39:24,6.68,-0.01,20,13360,卖盘
1274,13:39:21,6.69,--,15,10035,买盘
1275,13:39:18,6.69,--,95,63555,买盘
1276,13:39:15,6.69,0.01,7,4683,买盘
1277,13:39:09,6.68,-0.01,20,13360,卖盘
1278,13:39:03,6.69,--,1,669,买盘
1279,13:39:00,6.69,0.01,6,4014,买盘
1280,13:38:57,6.68,--,249,166332,卖盘
1281,13:38:54,6.68,--,200,133600,卖盘
1282,13:38:51,6.68,-0.01,6,4008,卖盘
1283,13:38:48,6.69,0.01,251,167919,买盘
1284,13:38:45,6.68,--,24,16032,买盘
1285,13:38:42,6.68,--,1,668,买盘
1286,13:38:39,6.68,--,3,2004,买盘
1287,13:38:36,6.68,--,1,668,买盘
1288,13:38:33,6.68,--,11,7348,买盘
1289,13:38:24,6.68,--,103,68804,买盘
1290,13:38:21,6.68,--,76,50768,买盘
1291,13:38:15,6.68,--,47,31396,买盘
1292,13:38:12,6.68,0.01,494,329992,买盘
1293,13:38:09,6.67,-0.01,522,348174,卖盘
1294,13:38:03,6.68,0.01,30,20040,买盘
1295,13:38:00,6.67,--,66,44022,卖盘
1296,13:37:54,6.67,-0.01,8,5336,卖盘
1297,13:37:51,6.68,--,50,33400,买盘
1298,13:37:48,6.68,--,16,10688,买盘
1299,13:37:45,6.68,--,63,42084,买盘
1300,13:37:42,6.68,--,183,122244,买盘
1301,13:37:39,6.68,--,5,3340,买盘
1302,13:37:36,6.68,--,22,14696,买盘
1303,13:37:30,6.68,0.01,27,18036,买盘
1304,13:37:27,6.67,-0.01,200,133400,卖盘
1305,13:37:24,6.68,--,19,12692,买盘
1306,13:37:21,6.68,--,58,38744,买盘
1307,13:37:18,6.68,--,16,10688,买盘
1308,13:37:15,6.68,-0.01,120,80160,卖盘
1309,13:37:12,6.69,0.01,17,11373,买盘
1310,13:37:09,6.68,--,10,6680,卖盘
1311,13:37:06,6.68,-0.01,5,3340,卖盘
1312,13:37:03,6.69,--,67,44823,买盘
1313,13:37:00,6.69,0.01,32,21408,买盘
1314,13:36:57,6.68,-0.01,390,260520,卖盘
1315,13:36:48,6.69,0.01,15,10035,买盘
1316,13:36:45,6.68,--,6,4008,卖盘
1317,13:36:39,6.68,--,163,108884,买盘
1318,13:36:36,6.68,--,109,72812,买盘
1319,13:36:33,6.68,0.01,50,33400,买盘
1320,13:36:30,6.67,-0.01,120,80040,卖盘
1321,13:36:27,6.68,0.01,10,6680,买盘
1322,13:36:24,6.67,-0.01,39,26013,卖盘
1323,13:36:21,6.68,0.01,206,137608,买盘
1324,13:36:18,6.67,--,344,229448,卖盘
1325,13:36:15,6.67,--,69,46023,卖盘
1326,13:36:12,6.67,-0.01,105,70035,卖盘
1327,13:36:09,6.68,--,33,22044,买盘
1328,13:36:06,6.68,--,1,668,买盘
1329,13:36:03,6.68,--,6,4008,买盘
1330,13:36:00,6.68,0.01,16,10688,买盘
1331,13:35:57,6.67,-0.01,68,45356,卖盘
1332,13:35:51,6.68,--,14,9352,买盘
1333,13:35:48,6.68,--,17,11356,买盘
1334,13:35:45,6.68,--,12,8016,买盘
1335,13:35:42,6.68,--,12,8016,买盘
1336,13:35:39,6.68,--,242,161656,买盘
1337,13:35:36,6.68,0.01,12,8016,买盘
1338,13:35:33,6.67,--,487,324829,卖盘
1339,13:35:30,6.67,--,8,5336,卖盘
1340,13:35:24,6.67,-0.01,50,33350,卖盘
1341,13:35:21,6.68,--,29,19372,买盘
1342,13:35:18,6.68,--,4,2672,买盘
1343,13:35:12,6.68,--,25,16700,买盘
1344,13:35:09,6.68,--,2,1336,买盘
1345,13:35:06,6.68,--,2,1336,买盘
1346,13:35:03,6.68,--,4,2672,买盘
1347,13:35:00,6.68,0.01,39,26052,买盘
1348,13:34:57,6.67,--,56,37352,卖盘
1349,13:34:54,6.67,-0.01,25,16675,卖盘
1350,13:34:51,6.68,--,8,5344,买盘
1351,13:34:48,6.68,0.01,68,45424,买盘
1352,13:34:45,6.67,-0.01,1,667,卖盘
1353,13:34:42,6.68,--,31,20708,买盘
1354,13:34:39,6.68,--,17,11356,买盘
1355,13:34:36,6.68,0.01,5,3340,买盘
1356,13:34:33,6.67,-0.01,21,14007,卖盘
1357,13:34:30,6.68,--,8,5344,买盘
1358,13:34:27,6.68,0.01,2,1336,买盘
1359,13:34:24,6.67,--,7,4669,卖盘
1360,13:34:21,6.67,-0.01,28,18676,卖盘
1361,13:34:18,6.68,--,2,1336,买盘
1362,13:34:12,6.68,--,6,4008,买盘
1363,13:34:09,6.68,--,16,10688,买盘
1364,13:34:06,6.68,--,4,2672,买盘
1365,13:34:03,6.68,--,45,30060,买盘
1366,13:34:00,6.68,0.01,9,6012,买盘
1367,13:33:57,6.67,-0.01,102,68034,卖盘
1368,13:33:54,6.68,--,17,11356,买盘
1369,13:33:51,6.68,0.01,52,34736,买盘
1370,13:33:48,6.67,--,25,16675,卖盘
1371,13:33:45,6.67,-0.01,15,10005,卖盘
1372,13:33:42,6.68,--,1041,695388,买盘
1373,13:33:39,6.68,--,16,10688,买盘
1374,13:33:36,6.68,--,4,2672,买盘
1375,13:33:30,6.68,--,2,1336,买盘
1376,13:33:27,6.68,--,32,21376,买盘
1377,13:33:24,6.68,0.01,4,2672,买盘
1378,13:33:21,6.67,-0.01,3,2001,卖盘
1379,13:33:18,6.68,0.01,2,1336,买盘
1380,13:33:15,6.67,-0.01,4,2668,卖盘
1381,13:33:12,6.68,--,2,1336,买盘
1382,13:33:09,6.68,--,2,1336,买盘
1383,13:33:06,6.68,--,57,38076,买盘
1384,13:33:03,6.68,--,1,668,买盘
1385,13:33:00,6.68,--,9,6012,买盘
1386,13:32:54,6.68,--,9,6012,买盘
1387,13:32:48,6.68,--,4,2672,买盘
1388,13:32:45,6.68,0.01,12,8016,买盘
1389,13:32:42,6.67,-0.01,11,7337,卖盘
1390,13:32:39,6.68,--,27,18036,买盘
1391,13:32:36,6.68,--,5,3340,买盘
1392,13:32:33,6.68,0.01,1,668,买盘
1393,13:32:30,6.67,-0.01,7,4669,卖盘
1394,13:32:27,6.68,--,328,219104,买盘
1395,13:32:24,6.68,0.01,15,10020,买盘
1396,13:32:21,6.67,-0.01,23,15341,卖盘
1397,13:32:18,6.68,0.01,3,2004,买盘
1398,13:32:15,6.67,-0.01,115,76705,卖盘
1399,13:32:12,6.68,0.01,155,103540,买盘
1400,13:32:09,6.67,-0.01,13,8671,卖盘
1401,13:32:06,6.68,--,1,668,买盘
1402,13:32:03,6.68,--,539,360052,买盘
1403,13:32:00,6.68,--,35,23380,买盘
1404,13:31:57,6.68,0.01,17,11356,买盘
1405,13:31:54,6.67,-0.01,246,164082,卖盘
1406,13:31:51,6.68,--,500,334000,买盘
1407,13:31:48,6.68,--,12,8016,买盘
1408,13:31:45,6.68,--,632,422176,买盘
1409,13:31:42,6.68,--,30,20040,买盘
1410,13:31:39,6.68,0.01,2,1336,买盘
1411,13:31:36,6.67,--,11,7337,卖盘
1412,13:31:33,6.67,-0.01,20,13340,卖盘
1413,13:31:30,6.68,--,2,1336,买盘
1414,13:31:27,6.68,--,29,19372,买盘
1415,13:31:24,6.68,--,1,668,买盘
1416,13:31:21,6.68,--,2,1336,买盘
1417,13:31:18,6.68,0.01,33,22044,买盘
1418,13:31:15,6.67,-0.01,8,5336,卖盘
1419,13:31:12,6.68,0.01,3,2004,买盘
1420,13:31:09,6.67,-0.01,8,5336,卖盘
1421,13:31:06,6.68,--,27,18036,买盘
1422,13:31:03,6.68,--,138,92184,买盘
1423,13:31:00,6.68,--,8,5344,买盘
1424,13:30:57,6.68,--,2,1336,买盘
1425,13:30:54,6.68,0.01,21,14028,买盘
1426,13:30:51,6.67,-0.01,102,68034,卖盘
1427,13:30:48,6.68,--,58,38744,买盘
1428,13:30:42,6.68,--,45,30060,买盘
1429,13:30:39,6.68,--,27,18036,买盘
1430,13:30:36,6.68,--,3,2004,买盘
1431,13:30:33,6.68,--,20,13360,买盘
1432,13:30:30,6.68,--,44,29392,买盘
1433,13:30:27,6.68,0.01,22,14696,买盘
1434,13:30:24,6.67,-0.01,25,16675,卖盘
1435,13:30:21,6.68,0.01,1,668,买盘
1436,13:30:18,6.67,-0.01,4,2668,卖盘
1437,13:30:15,6.68,--,7,4676,买盘
1438,13:30:12,6.68,--,2,1336,买盘
1439,13:30:09,6.68,--,8,5344,买盘
1440,13:30:06,6.68,--,12,8016,买盘
1441,13:30:03,6.68,--,2,1336,买盘
1442,13:30:00,6.68,0.01,10,6680,买盘
1443,13:29:57,6.67,-0.01,7,4669,卖盘
1444,13:29:54,6.68,--,174,116232,买盘
1445,13:29:51,6.68,--,1,668,买盘
1446,13:29:48,6.68,0.01,13,8684,买盘
1447,13:29:45,6.67,-0.01,4,2668,卖盘
1448,13:29:42,6.68,--,2,1336,买盘
1449,13:29:39,6.68,--,7,4676,买盘
1450,13:29:36,6.68,--,2,1336,买盘
1451,13:29:33,6.68,--,7,4676,买盘
1452,13:29:30,6.68,0.01,10,6680,买盘
1453,13:29:27,6.67,--,100,66700,卖盘
1454,13:29:24,6.67,-0.01,1,667,卖盘
1455,13:29:18,6.68,--,1,668,买盘
1456,13:29:15,6.68,0.01,1,668,买盘
1457,13:29:12,6.67,-0.01,7,4669,卖盘
1458,13:29:09,6.68,--,9,6012,买盘
1459,13:29:03,6.68,--,102,68136,买盘
1460,13:29:00,6.68,--,6,4008,买盘
1461,13:28:57,6.68,--,20,13360,买盘
1462,13:28:54,6.68,0.01,25,16700,买盘
1463,13:28:51,6.67,-0.01,3,2001,卖盘
1464,13:28:48,6.68,--,4,2672,买盘
1465,13:28:45,6.68,--,17,11356,买盘
1466,13:28:42,6.68,0.01,1,668,买盘
1467,13:28:39,6.67,-0.01,1,667,卖盘
1468,13:28:36,6.68,--,11,7348,买盘
1469,13:28:33,6.68,--,46,30728,买盘
1470,13:28:30,6.68,0.01,7,4676,买盘
1471,13:28:24,6.67,--,1,667,卖盘
1472,13:28:21,6.67,--,44,29348,卖盘
1473,13:28:18,6.67,-0.01,371,247457,卖盘
1474,13:28:12,6.68,--,6,4008,买盘
1475,13:28:09,6.68,--,55,36740,买盘
1476,13:28:06,6.68,--,8,5344,买盘
1477,13:28:03,6.68,--,176,117568,买盘
1478,13:28:00,6.68,0.01,6,4008,买盘
1479,13:27:57,6.67,--,2,1334,卖盘
1480,13:27:54,6.67,--,27,18009,卖盘
1481,13:27:51,6.67,-0.01,30,20010,卖盘
1482,13:27:48,6.68,0.01,1,668,买盘
1483,13:27:45,6.67,--,2,1334,卖盘
1484,13:27:42,6.67,-0.01,26,17342,卖盘
1485,13:27:39,6.68,--,1,668,买盘
1486,13:27:36,6.68,0.01,5,3340,买盘
1487,13:27:33,6.67,-0.01,102,68034,卖盘
1488,13:27:30,6.68,0.01,2,1336,买盘
1489,13:27:24,6.67,-0.01,1,667,卖盘
1490,13:27:21,6.68,--,5,3340,买盘
1491,13:27:18,6.68,--,1,668,买盘
1492,13:27:15,6.68,--,1,668,买盘
1493,13:27:12,6.68,--,11,7348,买盘
1494,13:27:09,6.68,--,3,2004,买盘
1495,13:27:06,6.68,--,81,54108,买盘
1496,13:27:03,6.68,0.01,1,668,买盘
1497,13:27:00,6.67,--,28,18676,卖盘
1498,13:26:54,6.67,--,8,5336,卖盘
1499,13:26:51,6.67,-0.01,205,136735,卖盘
1500,13:26:48,6.68,--,437,291916,买盘
1501,13:26:39,6.68,--,2,1336,买盘
1502,13:26:36,6.68,0.01,6,4008,买盘
1503,13:26:30,6.67,--,100,66700,卖盘
1504,13:26:21,6.67,--,1,667,卖盘
1505,13:26:18,6.67,-0.01,1,667,卖盘
1506,13:26:15,6.68,--,1,668,买盘
1507,13:26:09,6.68,0.01,50,33400,买盘
1508,13:26:06,6.67,-0.01,1,667,卖盘
1509,13:26:03,6.68,0.01,1,668,买盘
1510,13:26:00,6.67,--,33,22011,卖盘
1511,13:25:54,6.67,--,11,7337,卖盘
1512,13:25:51,6.67,--,581,387527,卖盘
1513,13:25:48,6.67,-0.01,111,74037,卖盘
1514,13:25:45,6.68,0.01,2,1336,买盘
1515,13:25:42,6.67,--,4,2668,卖盘
1516,13:25:39,6.67,-0.01,11,7337,卖盘
1517,13:25:36,6.68,0.01,1,668,买盘
1518,13:25:33,6.67,--,58,38686,卖盘
1519,13:25:30,6.67,--,25,16675,卖盘
1520,13:25:27,6.67,--,1,667,卖盘
1521,13:25:21,6.67,-0.01,9,6003,卖盘
1522,13:25:15,6.68,0.01,1,668,买盘
1523,13:25:12,6.67,-0.01,102,68034,卖盘
1524,13:25:09,6.68,--,2,1336,买盘
1525,13:25:03,6.68,--,5,3340,买盘
1526,13:25:00,6.68,0.01,7,4676,买盘
1527,13:24:57,6.67,-0.01,42,28014,卖盘
1528,13:24:54,6.68,0.01,40,26720,买盘
1529,13:24:51,6.67,-0.01,92,61364,卖盘
1530,13:24:48,6.68,0.01,2,1336,买盘
1531,13:24:36,6.67,-0.01,2,1334,卖盘
1532,13:24:33,6.68,--,50,33400,买盘
1533,13:24:30,6.68,0.01,1,668,买盘
1534,13:24:27,6.67,--,16,10672,卖盘
1535,13:24:24,6.67,-0.01,10,6670,卖盘
1536,13:24:21,6.68,0.01,10,6680,买盘
1537,13:24:15,6.67,--,5,3335,卖盘
1538,13:24:12,6.67,-0.01,11,7337,卖盘
1539,13:24:09,6.68,0.01,138,92184,买盘
1540,13:24:06,6.67,--,16,10672,卖盘
1541,13:24:03,6.67,-0.01,22,14674,卖盘
1542,13:24:00,6.68,0.01,6,4008,买盘
1543,13:23:57,6.67,--,416,277472,卖盘
1544,13:23:54,6.67,--,1,667,卖盘
1545,13:23:51,6.67,-0.01,173,115391,卖盘
1546,13:23:48,6.68,0.01,25,16700,买盘
1547,13:23:45,6.67,-0.01,149,99383,卖盘
1548,13:23:42,6.68,--,1,668,买盘
1549,13:23:39,6.68,0.01,9,6012,买盘
1550,13:23:36,6.67,--,501,334167,卖盘
1551,13:23:33,6.67,--,53,35351,卖盘
1552,13:23:30,6.67,--,1,667,卖盘
1553,13:23:27,6.67,-0.01,14,9338,卖盘
1554,13:23:24,6.68,--,32,21376,买盘
1555,13:23:21,6.68,--,112,74816,买盘
1556,13:23:12,6.68,--,28,18704,买盘
1557,13:23:09,6.68,0.01,577,385436,买盘
1558,13:23:06,6.67,-0.01,24,16008,卖盘
1559,13:23:03,6.68,--,29,19372,买盘
1560,13:23:00,6.68,0.01,16,10688,买盘
1561,13:22:57,6.67,-0.01,30,20010,卖盘
1562,13:22:51,6.68,--,35,23380,买盘
1563,13:22:48,6.68,--,7,4676,买盘
1564,13:22:45,6.68,--,69,46092,买盘
1565,13:22:42,6.68,--,1,668,买盘
1566,13:22:36,6.68,--,2,1336,买盘
1567,13:22:33,6.68,--,22,14696,买盘
1568,13:22:30,6.68,--,39,26052,买盘
1569,13:22:27,6.68,0.01,16,10688,买盘
1570,13:22:24,6.67,-0.01,40,26680,卖盘
1571,13:22:21,6.68,--,11,7348,买盘
1572,13:22:18,6.68,--,50,33400,买盘
1573,13:22:15,6.68,--,50,33400,买盘
1574,13:22:12,6.68,--,15,10020,买盘
1575,13:22:09,6.68,--,6,4008,买盘
1576,13:22:06,6.68,--,28,18704,买盘
1577,13:22:03,6.68,--,57,38076,买盘
1578,13:22:00,6.68,--,12,8016,买盘
1579,13:21:57,6.68,--,8,5344,买盘
1580,13:21:54,6.68,0.01,7,4676,买盘
1581,13:21:51,6.67,-0.01,1,667,卖盘
1582,13:21:48,6.68,0.01,34,22712,买盘
1583,13:21:45,6.67,-0.01,44,29348,卖盘
1584,13:21:42,6.68,--,2,1336,买盘
1585,13:21:39,6.68,--,2,1336,买盘
1586,13:21:36,6.68,--,488,325984,买盘
1587,13:21:33,6.68,--,24,16032,买盘
1588,13:21:30,6.68,--,21,14028,买盘
1589,13:21:27,6.68,--,606,404808,买盘
1590,13:21:24,6.68,--,39,26052,买盘
1591,13:21:21,6.68,0.01,58,38744,买盘
1592,13:21:18,6.67,-0.01,27,18009,卖盘
1593,13:21:15,6.68,--,6,4008,买盘
1594,13:21:12,6.68,--,7,4676,买盘
1595,13:21:09,6.68,--,12,8016,买盘
1596,13:21:06,6.68,--,78,52104,买盘
1597,13:21:03,6.68,--,27,18036,买盘
1598,13:21:00,6.68,0.01,16,10688,买盘
1599,13:20:57,6.67,-0.01,24,16008,卖盘
1600,13:20:54,6.68,0.01,312,208416,买盘
1601,13:20:51,6.67,-0.01,51,34017,卖盘
1602,13:20:48,6.68,--,38,25384,买盘
1603,13:20:45,6.68,--,1,668,买盘
1604,13:20:42,6.68,--,8,5344,买盘
1605,13:20:39,6.68,--,10,6680,买盘
1606,13:20:36,6.68,--,238,158984,买盘
1607,13:20:33,6.68,0.01,6,4008,买盘
1608,13:20:27,6.67,--,13,8671,卖盘
1609,13:20:24,6.67,-0.01,29,19343,卖盘
1610,13:20:21,6.68,--,12,8016,买盘
1611,13:20:18,6.68,--,106,70808,买盘
1612,13:20:15,6.68,0.01,60,40080,买盘
1613,13:20:12,6.67,-0.01,52,34684,卖盘
1614,13:20:09,6.68,--,36,24048,买盘
1615,13:20:03,6.68,--,10,6680,买盘
1616,13:20:00,6.68,--,6,4008,买盘
1617,13:19:57,6.68,--,10,6680,买盘
1618,13:19:54,6.68,--,8,5344,买盘
1619,13:19:51,6.68,--,23,15364,买盘
1620,13:19:48,6.68,--,31,20708,买盘
1621,13:19:45,6.68,--,39,26052,买盘
1622,13:19:42,6.68,0.01,3,2004,买盘
1623,13:19:39,6.67,-0.01,8,5336,卖盘
1624,13:19:36,6.68,--,107,71476,买盘
1625,13:19:33,6.68,0.01,17,11356,买盘
1626,13:19:30,6.67,-0.01,1,667,卖盘
1627,13:19:27,6.68,--,34,22712,买盘
1628,13:19:21,6.68,--,7,4676,买盘
1629,13:19:18,6.68,--,11,7348,买盘
1630,13:19:15,6.68,0.01,7,4676,买盘
1631,13:19:12,6.67,-0.01,294,196098,卖盘
1632,13:19:09,6.68,--,15,10020,买盘
1633,13:19:06,6.68,--,11,7348,买盘
1634,13:19:03,6.68,--,33,22044,买盘
1635,13:19:00,6.68,0.01,42,28056,买盘
1636,13:18:57,6.67,--,11,7337,卖盘
1637,13:18:54,6.67,--,2,1334,卖盘
1638,13:18:51,6.67,-0.01,20,13340,卖盘
1639,13:18:48,6.68,--,6,4008,买盘
1640,13:18:45,6.68,--,17,11356,买盘
1641,13:18:42,6.68,0.01,1,668,买盘
1642,13:18:39,6.67,-0.01,32,21344,卖盘
1643,13:18:36,6.68,0.01,1,668,买盘
1644,13:18:33,6.67,-0.01,10,6670,卖盘
1645,13:18:30,6.68,0.01,6,4008,买盘
1646,13:18:24,6.67,-0.01,1,667,卖盘
1647,13:18:21,6.68,--,61,40748,买盘
1648,13:18:18,6.68,--,6,4008,买盘
1649,13:18:12,6.68,--,5,3340,买盘
1650,13:18:09,6.68,--,63,42084,买盘
1651,13:18:06,6.68,0.01,9,6012,买盘
1652,13:18:00,6.67,-0.01,13,8671,卖盘
1653,13:17:57,6.68,0.01,118,78824,买盘
1654,13:17:54,6.67,-0.01,48,32016,卖盘
1655,13:17:51,6.68,0.01,9,6012,买盘
1656,13:17:48,6.67,--,2,1334,卖盘
1657,13:17:45,6.67,-0.01,51,34017,卖盘
1658,13:17:42,6.68,--,50,33400,买盘
1659,13:17:39,6.68,--,7,4676,买盘
1660,13:17:36,6.68,--,4,2672,买盘
1661,13:17:33,6.68,--,7,4676,买盘
1662,13:17:30,6.68,--,191,127588,买盘
1663,13:17:21,6.68,--,56,37408,买盘
1664,13:17:18,6.68,0.01,6,4008,买盘
1665,13:17:15,6.67,--,8,5336,卖盘
1666,13:17:12,6.67,-0.01,3,2001,卖盘
1667,13:17:09,6.68,--,7,4676,买盘
1668,13:17:06,6.68,0.01,30,20040,买盘
1669,13:17:03,6.67,-0.01,21,14007,卖盘
1670,13:17:00,6.68,0.01,19,12692,买盘
1671,13:16:54,6.67,-0.01,11,7337,卖盘
1672,13:16:51,6.68,--,6,4008,买盘
1673,13:16:48,6.68,--,1,668,买盘
1674,13:16:45,6.68,--,1,668,买盘
1675,13:16:42,6.68,--,34,22712,买盘
1676,13:16:39,6.68,--,9,6012,买盘
1677,13:16:36,6.68,0.01,1,668,买盘
1678,13:16:33,6.67,-0.01,9,6003,卖盘
1679,13:16:30,6.68,0.01,13,8684,买盘
1680,13:16:27,6.67,-0.01,7,4669,卖盘
1681,13:16:24,6.68,0.01,226,150968,买盘
1682,13:16:21,6.67,--,1,667,卖盘
1683,13:16:18,6.67,-0.01,63,42021,卖盘
1684,13:16:15,6.68,0.01,11,7348,买盘
1685,13:16:09,6.67,-0.01,8,5336,卖盘
1686,13:16:06,6.68,--,19,12692,买盘
1687,13:16:03,6.68,0.01,6,4008,买盘
1688,13:16:00,6.67,--,13,8671,卖盘
1689,13:15:57,6.67,--,6,4002,卖盘
1690,13:15:54,6.67,-0.01,3,2001,卖盘
1691,13:15:51,6.68,--,16,10688,买盘
1692,13:15:48,6.68,--,7,4676,买盘
1693,13:15:45,6.68,--,6,4008,买盘
1694,13:15:42,6.68,--,32,21376,买盘
1695,13:15:39,6.68,0.01,1,668,买盘
1696,13:15:36,6.67,--,100,66893,买盘
1697,13:15:33,6.67,--,20,13813,卖盘
1698,13:15:30,6.67,--,20,13340,卖盘
1699,13:15:27,6.67,--,1,667,卖盘
1700,13:15:24,6.67,-0.01,51,34017,卖盘
1701,13:15:21,6.68,0.01,37,24716,买盘
1702,13:15:15,6.67,--,2,1334,卖盘
1703,13:15:12,6.67,-0.01,19,12673,卖盘
1704,13:15:09,6.68,0.01,95,63460,买盘
1705,13:15:06,6.67,--,20,13533,买盘
1706,13:15:03,6.67,--,91,60697,买盘
1707,13:15:00,6.67,--,34,22678,买盘
1708,13:14:57,6.67,--,21,14007,买盘
1709,13:14:54,6.67,--,105,70035,买盘
1710,13:14:51,6.67,--,26,17342,买盘
1711,13:14:48,6.67,--,39,26013,买盘
1712,13:14:45,6.67,0.01,11,7337,买盘
1713,13:14:42,6.66,-0.01,208,138528,卖盘
1714,13:14:39,6.67,0.01,107,71369,买盘
1715,13:14:36,6.66,--,90,59940,卖盘
1716,13:14:33,6.66,--,16,10656,卖盘
1717,13:14:30,6.66,--,31,20646,卖盘
1718,13:14:27,6.66,--,12,7992,卖盘
1719,13:14:24,6.66,--,77,51282,卖盘
1720,13:14:21,6.66,-0.01,31,20646,卖盘
1721,13:14:18,6.67,--,37,24679,买盘
1722,13:14:15,6.67,0.01,25,16675,买盘
1723,13:14:12,6.66,--,38,25308,卖盘
1724,13:14:09,6.66,-0.01,114,75924,卖盘
1725,13:14:06,6.67,0.01,110,73370,买盘
1726,13:14:03,6.66,-0.01,52,34632,卖盘
1727,13:14:00,6.67,0.01,30,20010,买盘
1728,13:13:57,6.66,-0.01,14,9324,卖盘
1729,13:13:54,6.67,0.01,12,8004,买盘
1730,13:13:51,6.66,-0.01,17,11322,卖盘
1731,13:13:48,6.67,0.01,22,14674,买盘
1732,13:13:45,6.66,--,20,13320,卖盘
1733,13:13:42,6.66,-0.01,20,13320,卖盘
1734,13:13:39,6.67,-0.01,1672,1115810,卖盘
1735,13:13:36,6.68,0.01,18,12024,买盘
1736,13:13:33,6.67,-0.01,10,6670,卖盘
1737,13:13:27,6.68,0.01,13,8684,买盘
1738,13:13:24,6.67,-0.01,1,667,卖盘
1739,13:13:21,6.68,--,6,4008,买盘
1740,13:13:18,6.68,0.01,13,8684,买盘
1741,13:13:15,6.67,--,1,667,卖盘
1742,13:13:12,6.67,-0.01,23,15341,卖盘
1743,13:13:09,6.68,--,5,3340,买盘
1744,13:13:06,6.68,0.01,170,113560,买盘
1745,13:13:03,6.67,-0.01,1,667,卖盘
1746,13:13:00,6.68,--,174,116232,买盘
1747,13:12:54,6.68,--,10,6680,买盘
1748,13:12:48,6.68,0.01,1,668,买盘
1749,13:12:45,6.67,--,25,16675,卖盘
1750,13:12:42,6.67,--,1,667,卖盘
1751,13:12:36,6.67,--,9,6003,卖盘
1752,13:12:33,6.67,--,69,46023,卖盘
1753,13:12:30,6.67,-0.01,2,1334,卖盘
1754,13:12:21,6.68,0.01,31,20708,买盘
1755,13:12:18,6.67,-0.01,2126,1418042,卖盘
1756,13:12:15,6.68,--,27,18036,买盘
1757,13:12:12,6.68,--,149,99532,买盘
1758,13:12:09,6.68,--,1007,672676,买盘
1759,13:12:06,6.68,--,40,26720,买盘
1760,13:12:00,6.68,0.01,48,32064,买盘
1761,13:11:57,6.67,--,1,667,卖盘
1762,13:11:54,6.67,-0.01,86,57362,卖盘
1763,13:11:51,6.68,--,30,20040,买盘
1764,13:11:48,6.68,0.01,110,73480,买盘
1765,13:11:45,6.67,-0.01,37,24679,卖盘
1766,13:11:39,6.68,--,1,668,买盘
1767,13:11:36,6.68,--,10,6680,买盘
1768,13:11:33,6.68,--,5,3340,买盘
1769,13:11:27,6.68,0.01,9,6012,买盘
1770,13:11:24,6.67,--,1,667,卖盘
1771,13:11:21,6.67,-0.01,3,2001,卖盘
1772,13:11:18,6.68,--,93,62124,买盘
1773,13:11:15,6.68,0.01,9,6012,买盘
1774,13:11:12,6.67,-0.01,2,1334,卖盘
1775,13:11:09,6.68,0.01,1,668,买盘
1776,13:11:06,6.67,--,7,4669,卖盘
1777,13:11:03,6.67,-0.01,35,23345,卖盘
1778,13:11:00,6.68,--,6,4008,买盘
1779,13:10:57,6.68,0.01,4,2672,买盘
1780,13:10:54,6.67,-0.01,9,6003,卖盘
1781,13:10:48,6.68,0.01,38,25384,买盘
1782,13:10:45,6.67,-0.01,5,3335,卖盘
1783,13:10:42,6.68,--,7,4676,买盘
1784,13:10:36,6.68,--,2,1336,买盘
1785,13:10:33,6.68,--,1,668,买盘
1786,13:10:30,6.68,--,81,54108,买盘
1787,13:10:27,6.68,-0.01,20,13360,买盘
1788,13:10:21,6.69,0.01,7,4683,买盘
1789,13:10:15,6.68,--,10,6680,卖盘
1790,13:10:12,6.68,--,50,33400,卖盘
1791,13:10:09,6.68,-0.01,16,10688,卖盘
1792,13:10:06,6.69,--,339,226791,买盘
1793,13:10:03,6.69,--,12,8028,买盘
1794,13:10:00,6.69,--,6,4014,买盘
1795,13:09:57,6.69,--,8,5352,买盘
1796,13:09:51,6.69,--,3,2007,买盘
1797,13:09:48,6.69,0.01,8,5352,买盘
1798,13:09:45,6.68,--,11,7348,卖盘
1799,13:09:42,6.68,--,140,93520,买盘
1800,13:09:36,6.68,--,313,209084,买盘
1801,13:09:33,6.68,0.01,211,140948,买盘
1802,13:09:30,6.67,-0.01,33,22011,卖盘
1803,13:09:27,6.68,--,80,53440,买盘
1804,13:09:24,6.68,--,165,110220,买盘
1805,13:09:21,6.68,--,11,7348,买盘
1806,13:09:18,6.68,0.01,100,66800,买盘
1807,13:09:15,6.67,-0.01,29,19343,卖盘
1808,13:09:12,6.68,--,10,6680,买盘
1809,13:09:09,6.68,--,2,1336,买盘
1810,13:09:06,6.68,--,16,10688,买盘
1811,13:09:03,6.68,--,8,5344,买盘
1812,13:09:00,6.68,--,13,8684,买盘
1813,13:08:57,6.68,0.01,1,668,买盘
1814,13:08:54,6.67,-0.01,115,76705,卖盘
1815,13:08:51,6.68,--,94,62792,买盘
1816,13:08:48,6.68,--,1,668,买盘
1817,13:08:42,6.68,--,6,4008,买盘
1818,13:08:36,6.68,--,6,4008,买盘
1819,13:08:33,6.68,0.01,42,28056,买盘
1820,13:08:30,6.67,-0.01,17,11339,卖盘
1821,13:08:27,6.68,--,1,668,买盘
1822,13:08:24,6.68,--,20,13360,买盘
1823,13:08:21,6.68,--,9,6012,买盘
1824,13:08:18,6.68,--,14,9352,买盘
1825,13:08:15,6.68,--,4,2672,买盘
1826,13:08:12,6.68,0.01,6,4008,买盘
1827,13:08:09,6.67,-0.01,10,6670,卖盘
1828,13:08:06,6.68,-0.01,34,22712,卖盘
1829,13:08:03,6.69,--,12,8028,买盘
1830,13:07:57,6.69,0.01,15,10035,买盘
1831,13:07:54,6.68,-0.01,11,7348,卖盘
1832,13:07:51,6.69,--,56,37464,买盘
1833,13:07:48,6.69,--,1,669,买盘
1834,13:07:45,6.69,--,32,21408,买盘
1835,13:07:42,6.69,--,1529,1022901,买盘
1836,13:07:36,6.69,--,16,10704,买盘
1837,13:07:33,6.69,0.01,109,72921,买盘
1838,13:07:30,6.68,-0.01,10,6680,卖盘
1839,13:07:27,6.69,--,9,6021,买盘
1840,13:07:24,6.69,--,13,8697,买盘
1841,13:07:21,6.69,--,10,6690,买盘
1842,13:07:18,6.69,--,6,4014,买盘
1843,13:07:15,6.69,0.01,11,7359,买盘
1844,13:07:12,6.68,--,15,10020,卖盘
1845,13:07:09,6.68,-0.01,1,668,卖盘
1846,13:07:06,6.69,--,16,10704,买盘
1847,13:07:03,6.69,--,225,150525,买盘
1848,13:07:00,6.69,--,24,16056,买盘
1849,13:06:54,6.69,--,7,4683,买盘
1850,13:06:51,6.69,--,19,12711,买盘
1851,13:06:48,6.69,--,1,669,买盘
1852,13:06:45,6.69,--,24,16056,买盘
1853,13:06:42,6.69,0.01,27,18063,买盘
1854,13:06:39,6.68,-0.01,27,18036,卖盘
1855,13:06:36,6.69,0.01,21,14049,买盘
1856,13:06:33,6.68,--,14,9352,卖盘
1857,13:06:30,6.68,-0.01,159,106212,卖盘
1858,13:06:27,6.69,--,13,8697,买盘
1859,13:06:24,6.69,--,6,4014,买盘
1860,13:06:21,6.69,--,6,4014,买盘
1861,13:06:18,6.69,-0.01,48,32112,卖盘
1862,13:06:12,6.7,--,9,6030,买盘
1863,13:06:09,6.7,--,6,4020,买盘
1864,13:06:06,6.7,--,12,8040,买盘
1865,13:06:03,6.7,--,1,670,买盘
1866,13:06:00,6.7,--,12,8040,买盘
1867,13:05:57,6.7,--,16,10720,买盘
1868,13:05:54,6.7,0.01,35,23450,买盘
1869,13:05:48,6.69,--,14,9366,中性盘
1870,13:05:45,6.69,-0.01,6,4014,中性盘
1871,13:05:42,6.7,--,17,11390,买盘
1872,13:05:39,6.7,--,6,4020,买盘
1873,13:05:36,6.7,0.01,40,26800,买盘
1874,13:05:33,6.69,--,10,6690,买盘
1875,13:05:30,6.69,--,112,74928,买盘
1876,13:05:24,6.69,--,43,28767,买盘
1877,13:05:21,6.69,--,14,9366,买盘
1878,13:05:15,6.69,--,7,4683,买盘
1879,13:05:12,6.69,--,11,7359,买盘
1880,13:05:09,6.69,--,16,10704,买盘
1881,13:05:06,6.69,--,10,6690,买盘
1882,13:05:03,6.69,--,7,4683,买盘
1883,13:05:00,6.69,0.01,19,12711,买盘
1884,13:04:57,6.68,-0.01,5,3340,卖盘
1885,13:04:54,6.69,--,9,6021,买盘
1886,13:04:51,6.69,--,7,4683,买盘
1887,13:04:48,6.69,--,7,4683,买盘
1888,13:04:45,6.69,--,12,8028,买盘
1889,13:04:42,6.69,0.01,64,42816,买盘
1890,13:04:36,6.68,--,17,11356,买盘
1891,13:04:33,6.68,0.01,7,4676,买盘
1892,13:04:30,6.67,-0.01,17,11339,卖盘
1893,13:04:27,6.68,--,8,5344,买盘
1894,13:04:24,6.68,--,8,5344,买盘
1895,13:04:18,6.68,--,16,10688,买盘
1896,13:04:15,6.68,--,8,5344,买盘
1897,13:04:12,6.68,0.01,19,12692,买盘
1898,13:04:09,6.67,-0.01,20,13340,卖盘
1899,13:04:06,6.68,--,8,5344,买盘
1900,13:04:03,6.68,--,133,88844,买盘
1901,13:04:00,6.68,--,337,225116,买盘
1902,13:03:57,6.68,0.01,16,10688,买盘
1903,13:03:54,6.67,-0.01,15,10005,卖盘
1904,13:03:48,6.68,--,24,16032,买盘
1905,13:03:42,6.68,-0.01,25,16700,卖盘
1906,13:03:36,6.69,--,7,4683,买盘
1907,13:03:33,6.69,0.02,9,6021,买盘
1908,13:03:30,6.67,-0.02,220,146740,卖盘
1909,13:03:27,6.69,0.01,6,4014,买盘
1910,13:03:21,6.68,--,220,146960,买盘
1911,13:03:18,6.68,--,6,4008,买盘
1912,13:03:15,6.68,--,8,5344,买盘
1913,13:03:12,6.68,-0.01,20,13360,卖盘
1914,13:03:09,6.69,--,96,64224,买盘
1915,13:03:06,6.69,-0.01,52,34788,中性盘
1916,13:03:03,6.7,--,9,6030,买盘
1917,13:03:00,6.7,--,13,8710,买盘
1918,13:02:57,6.7,--,8,5360,买盘
1919,13:02:54,6.7,0.02,6,4020,买盘
1920,13:02:51,6.68,-0.02,42,28056,卖盘
1921,13:02:48,6.7,--,21,14070,买盘
1922,13:02:45,6.7,--,3181,2131270,买盘
1923,13:02:39,6.7,--,6,4020,买盘
1924,13:02:36,6.7,--,14,9380,买盘
1925,13:02:33,6.7,--,16,10720,买盘
1926,13:02:30,6.7,--,13,8710,买盘
1927,13:02:27,6.7,--,6,4020,买盘
1928,13:02:24,6.7,--,13,8710,买盘
1929,13:02:21,6.7,0.02,18,12060,买盘
1930,13:02:18,6.68,--,11,7348,卖盘
1931,13:02:15,6.68,-0.02,507,338676,卖盘
1932,13:02:12,6.7,--,26,17420,买盘
1933,13:02:09,6.7,--,9,6030,买盘
1934,13:02:06,6.7,--,8,5360,买盘
1935,13:02:03,6.7,--,515,345050,买盘
1936,13:02:00,6.7,--,36,24120,买盘
1937,13:01:57,6.7,0.01,41,27470,买盘
1938,13:01:54,6.69,-0.01,6,4014,卖盘
1939,13:01:51,6.7,--,24,16080,买盘
1940,13:01:48,6.7,--,51,34170,买盘
1941,13:01:45,6.7,--,7,4690,买盘
1942,13:01:42,6.7,--,8,5360,买盘
1943,13:01:39,6.7,0.01,13,8710,买盘
1944,13:01:36,6.69,-0.01,39,26091,卖盘
1945,13:01:33,6.7,0.01,9,6030,买盘
1946,13:01:30,6.69,--,15,10035,卖盘
1947,13:01:27,6.69,-0.01,71,47499,卖盘
1948,13:01:24,6.7,--,2,1340,买盘
1949,13:01:21,6.7,--,27,18090,买盘
1950,13:01:18,6.7,--,8,5360,买盘
1951,13:01:15,6.7,0.01,28,18760,买盘
1952,13:01:12,6.69,-0.01,16,10704,卖盘
1953,13:01:09,6.7,--,18,12060,买盘
1954,13:01:06,6.7,--,3,2010,买盘
1955,13:01:03,6.7,--,63,42210,买盘
1956,13:01:00,6.7,--,7,4690,买盘
1957,13:00:57,6.7,0.01,7,4690,买盘
1958,13:00:51,6.69,-0.01,2,1338,卖盘
1959,13:00:48,6.7,--,1,670,买盘
1960,13:00:45,6.7,--,14,9380,买盘
1961,13:00:42,6.7,0.01,439,294130,买盘
1962,13:00:39,6.69,--,59,39471,买盘
1963,13:00:36,6.69,--,8,5352,买盘
1964,13:00:33,6.69,--,6,4014,买盘
1965,13:00:30,6.69,--,1,669,买盘
1966,13:00:27,6.69,--,102,68238,买盘
1967,13:00:24,6.69,--,8,5352,买盘
1968,13:00:18,6.69,--,39,26091,买盘
1969,13:00:15,6.69,--,1,669,买盘
1970,13:00:12,6.69,0.01,9,6021,买盘
1971,13:00:09,6.68,-0.01,44,29392,卖盘
1972,13:00:06,6.69,0.01,69,46161,买盘
1973,13:00:03,6.68,--,1671,1116308,买盘
1974,13:00:00,6.68,--,0,0,买盘
1975,11:30:00,6.68,--,25,16700,买盘
1976,11:29:57,6.68,--,12,8016,买盘
1977,11:29:51,6.68,--,7,4676,买盘
1978,11:29:48,6.68,--,9,6012,卖盘
1979,11:29:45,6.68,-0.01,6,4008,卖盘
1980,11:29:42,6.69,--,126,84294,买盘
1981,11:29:39,6.69,--,8,5352,买盘
1982,11:29:36,6.69,--,1,669,买盘
1983,11:29:33,6.69,--,10,6690,买盘
1984,11:29:30,6.69,--,18,12042,买盘
1985,11:29:27,6.69,0.01,7,4683,买盘
1986,11:29:24,6.68,-0.01,20,13360,卖盘
1987,11:29:21,6.69,--,27,18063,买盘
1988,11:29:18,6.69,0.01,7,4683,买盘
1989,11:29:15,6.68,0.01,29,19372,中性盘
1990,11:29:09,6.67,-0.02,3,2001,卖盘
1991,11:29:06,6.69,0.02,10,6690,买盘
1992,11:29:03,6.67,--,165,110055,买盘
1993,11:29:00,6.67,--,104,69368,买盘
1994,11:28:57,6.67,-0.02,1884,1256628,卖盘
1995,11:28:54,6.69,0.02,110,73590,买盘
1996,11:28:48,6.67,-0.01,3,2001,卖盘
1997,11:28:42,6.68,--,85,56780,买盘
1998,11:28:36,6.68,--,30,20040,买盘
1999,11:28:33,6.68,0.01,21,14028,买盘
2000,11:28:30,6.67,--,16,10672,卖盘
2001,11:28:24,6.67,--,93,62031,卖盘
2002,11:28:21,6.67,-0.01,187,124729,卖盘
2003,11:28:18,6.68,--,118,78824,卖盘
2004,11:28:12,6.68,-0.01,113,75484,卖盘
2005,11:28:09,6.69,--,17,11373,买盘
2006,11:28:06,6.69,--,48,32112,买盘
2007,11:28:03,6.69,--,2,1338,买盘
2008,11:28:00,6.69,--,16,10704,买盘
2009,11:27:57,6.69,0.01,6,4014,买盘
2010,11:27:51,6.68,-0.01,8,5344,卖盘
2011,11:27:48,6.69,0.01,9,6021,买盘
2012,11:27:45,6.68,-0.01,6,4008,中性盘
2013,11:27:42,6.69,0.01,527,352563,买盘
2014,11:27:36,6.68,0.01,20,13360,买盘
2015,11:27:33,6.67,-0.01,63,42021,卖盘
2016,11:27:30,6.68,--,12,8016,买盘
2017,11:27:27,6.68,--,67,44756,买盘
2018,11:27:24,6.68,--,5,3340,买盘
2019,11:27:21,6.68,--,27,18036,买盘
2020,11:27:18,6.68,--,77,51436,买盘
2021,11:27:15,6.68,0.01,8,5344,买盘
2022,11:27:12,6.67,-0.01,2,1334,卖盘
2023,11:27:09,6.68,--,70,46760,买盘
2024,11:27:06,6.68,--,2,1336,买盘
2025,11:27:03,6.68,--,36,24048,买盘
2026,11:27:00,6.68,--,21,14028,买盘
2027,11:26:57,6.68,--,6,4008,买盘
2028,11:26:54,6.68,0.01,50,33400,买盘
2029,11:26:51,6.67,-0.01,2,1334,卖盘
2030,11:26:48,6.68,--,1,668,买盘
2031,11:26:42,6.68,--,49,32732,买盘
2032,11:26:39,6.68,--,42,28056,买盘
2033,11:26:36,6.68,0.01,1,668,买盘
2034,11:26:33,6.67,-0.01,14,9338,卖盘
2035,11:26:30,6.68,--,22,14696,买盘
2036,11:26:27,6.68,--,22,14696,买盘
2037,11:26:24,6.68,--,26,17368,买盘
2038,11:26:21,6.68,0.01,8,5344,买盘
2039,11:26:09,6.67,-0.01,13,8671,卖盘
2040,11:26:06,6.68,--,22,14696,买盘
2041,11:26:03,6.68,--,50,33400,买盘
2042,11:25:57,6.68,0.01,13,8684,买盘
2043,11:25:54,6.67,--,5,3335,卖盘
2044,11:25:51,6.67,-0.01,2,1334,卖盘
2045,11:25:48,6.68,--,7,4676,买盘
2046,11:25:45,6.68,--,26,17368,买盘
2047,11:25:42,6.68,--,42,28056,买盘
2048,11:25:39,6.68,--,9,6012,买盘
2049,11:25:36,6.68,--,9,6012,买盘
2050,11:25:33,6.68,--,2,1336,买盘
2051,11:25:30,6.68,-0.01,5,3340,中性盘
2052,11:25:24,6.69,--,8,5352,买盘
2053,11:25:21,6.69,0.01,42,28098,买盘
2054,11:25:18,6.68,--,5,3340,买盘
2055,11:25:15,6.68,0.01,8,5344,买盘
2056,11:25:09,6.67,-0.02,72,48024,卖盘
2057,11:25:06,6.69,--,1212,810828,买盘
2058,11:25:03,6.69,--,9,6021,买盘
2059,11:25:00,6.69,--,7,4683,买盘
2060,11:24:57,6.69,--,6,4014,买盘
2061,11:24:51,6.69,--,7,4683,买盘
2062,11:24:48,6.69,0.01,1,669,买盘
2063,11:24:45,6.68,--,6,4008,卖盘
2064,11:24:42,6.68,--,173,115564,买盘
2065,11:24:39,6.68,--,51,34068,买盘
2066,11:24:36,6.68,--,1,668,买盘
2067,11:24:33,6.68,--,3,2004,买盘
2068,11:24:30,6.68,--,13,8684,买盘
2069,11:24:27,6.68,--,45,30060,买盘
2070,11:24:24,6.68,--,226,150968,买盘
2071,11:24:21,6.68,--,77,51436,买盘
2072,11:24:18,6.68,0.01,27,18036,买盘
2073,11:24:12,6.67,-0.01,33,22011,卖盘
2074,11:24:09,6.68,0.01,58,38744,买盘
2075,11:24:06,6.67,-0.01,26,17342,卖盘
2076,11:24:03,6.68,--,2,1336,买盘
2077,11:24:00,6.68,--,46,30728,买盘
2078,11:23:57,6.68,--,13,8684,买盘
2079,11:23:54,6.68,-0.01,186,124248,卖盘
2080,11:23:48,6.69,--,1,669,买盘
2081,11:23:45,6.69,0.01,8,5352,买盘
2082,11:23:42,6.68,-0.01,6,4008,卖盘
2083,11:23:39,6.69,--,50,33450,买盘
2084,11:23:36,6.69,--,8,5352,买盘
2085,11:23:33,6.69,--,2,1338,买盘
2086,11:23:30,6.69,--,4,2676,买盘
2087,11:23:24,6.69,0.01,7,4683,买盘
2088,11:23:21,6.68,--,7,4676,卖盘
2089,11:23:18,6.68,--,344,230059,买盘
2090,11:23:15,6.68,--,2,1336,买盘
2091,11:23:12,6.68,--,7,4676,买盘
2092,11:23:06,6.68,--,2,1336,买盘
2093,11:23:03,6.68,0.01,23,15364,买盘
2094,11:23:00,6.67,-0.01,249,166083,卖盘
2095,11:22:57,6.68,--,78,52104,买盘
2096,11:22:54,6.68,-0.01,1476,986368,卖盘
2097,11:22:51,6.69,--,7,4683,买盘
2098,11:22:48,6.69,--,1,669,买盘
2099,11:22:45,6.69,--,3,2007,买盘
2100,11:22:39,6.69,--,15,10035,买盘
2101,11:22:36,6.69,--,1,669,买盘
2102,11:22:33,6.69,0.01,4,2676,买盘
2103,11:22:30,6.68,-0.01,30,20040,卖盘
2104,11:22:27,6.69,--,1,669,买盘
2105,11:22:21,6.69,--,21,14049,买盘
2106,11:22:18,6.69,-0.01,84,56771,卖盘
2107,11:22:15,6.7,--,307,205690,买盘
2108,11:22:12,6.7,--,2,1340,买盘
2109,11:22:09,6.7,--,6,4020,买盘
2110,11:22:06,6.7,0.01,15,10050,买盘
2111,11:22:03,6.69,-0.01,5,3345,卖盘
2112,11:22:00,6.7,--,294,196980,买盘
2113,11:21:57,6.7,--,12,8040,买盘
2114,11:21:54,6.7,--,15,10050,买盘
2115,11:21:51,6.7,0.01,6,4020,买盘
2116,11:21:48,6.69,-0.01,128,85632,卖盘
2117,11:21:45,6.7,--,7,4690,买盘
2118,11:21:42,6.7,--,127,85090,买盘
2119,11:21:39,6.7,--,17,11390,买盘
2120,11:21:36,6.7,--,7,4690,买盘
2121,11:21:33,6.7,--,43,28810,买盘
2122,11:21:30,6.7,--,27,18090,买盘
2123,11:21:27,6.7,--,7,4690,买盘
2124,11:21:24,6.7,--,6,4020,买盘
2125,11:21:21,6.7,--,29,19430,买盘
2126,11:21:18,6.7,--,6,4020,买盘
2127,11:21:15,6.7,--,6,4020,买盘
2128,11:21:12,6.7,--,8,5360,买盘
2129,11:21:09,6.7,0.01,6,4020,买盘
2130,11:21:06,6.69,-0.01,9,6021,卖盘
2131,11:21:03,6.7,--,11,7370,买盘
2132,11:21:00,6.7,--,15,10050,买盘
2133,11:20:57,6.7,0.01,7,4690,买盘
2134,11:20:51,6.69,-0.01,238,159222,卖盘
2135,11:20:48,6.7,--,14,9380,买盘
2136,11:20:45,6.7,--,6,4020,买盘
2137,11:20:42,6.7,0.01,6,4020,买盘
2138,11:20:39,6.69,-0.01,5,3345,卖盘
2139,11:20:36,6.7,0.01,232,155533,买盘
2140,11:20:33,6.69,--,7,4683,买盘
2141,11:20:30,6.69,--,42,28098,买盘
2142,11:20:27,6.69,--,12,8028,买盘
2143,11:20:21,6.69,--,6,4014,买盘
2144,11:20:18,6.69,0.01,1,669,买盘
2145,11:20:15,6.68,-0.01,19,12692,卖盘
2146,11:20:12,6.69,--,34,22746,买盘
2147,11:20:09,6.69,--,41,27429,买盘
2148,11:20:06,6.69,--,3,2007,买盘
2149,11:20:03,6.69,--,82,54858,买盘
2150,11:20:00,6.69,--,13,8697,买盘
2151,11:19:57,6.69,-0.01,751,502994,卖盘
2152,11:19:54,6.7,--,6,4020,买盘
2153,11:19:51,6.7,--,8,5360,买盘
2154,11:19:48,6.7,--,7,4690,买盘
2155,11:19:45,6.7,--,41,27470,买盘
2156,11:19:42,6.7,--,50,33500,买盘
2157,11:19:39,6.7,--,7,4690,买盘
2158,11:19:36,6.7,--,37,24790,买盘
2159,11:19:33,6.7,--,25,16750,买盘
2160,11:19:30,6.7,--,10,6700,买盘
2161,11:19:27,6.7,--,8,5360,买盘
2162,11:19:24,6.7,--,15,10050,买盘
2163,11:19:21,6.7,--,31,20770,买盘
2164,11:19:18,6.7,--,6,4020,买盘
2165,11:19:15,6.7,--,53,35510,买盘
2166,11:19:12,6.7,--,2,1340,买盘
2167,11:19:09,6.7,--,9,6030,买盘
2168,11:19:06,6.7,--,109,73030,买盘
2169,11:19:00,6.7,--,8,5360,买盘
2170,11:18:57,6.7,--,67,44890,买盘
2171,11:18:51,6.7,--,70,46900,买盘
2172,11:18:48,6.7,--,121,81070,买盘
2173,11:18:45,6.7,--,6,4020,买盘
2174,11:18:42,6.7,--,13,8710,买盘
2175,11:18:39,6.7,--,30,20100,买盘
2176,11:18:36,6.7,--,9,6030,买盘
2177,11:18:33,6.7,--,33,22110,买盘
2178,11:18:30,6.7,--,11,7370,买盘
2179,11:18:27,6.7,--,1,670,买盘
2180,11:18:24,6.7,--,16,10720,买盘
2181,11:18:21,6.7,--,11,7370,买盘
2182,11:18:18,6.7,--,11,7370,买盘
2183,11:18:15,6.7,--,7,4690,买盘
2184,11:18:12,6.7,--,174,116580,买盘
2185,11:18:09,6.7,--,39,26130,买盘
2186,11:18:06,6.7,--,8,5360,买盘
2187,11:18:03,6.7,--,57,38190,买盘
2188,11:18:00,6.7,--,15,10143,买盘
2189,11:17:57,6.7,--,52,34840,买盘
2190,11:17:54,6.7,--,58,38860,买盘
2191,11:17:51,6.7,--,10,6700,买盘
2192,11:17:48,6.7,--,9,6030,买盘
2193,11:17:45,6.7,0.01,12,8040,买盘
2194,11:17:42,6.69,-0.01,12,8028,卖盘
2195,11:17:39,6.7,--,22,14740,买盘
2196,11:17:36,6.7,0.01,34,22780,买盘
2197,11:17:33,6.69,-0.01,206,137814,卖盘
2198,11:17:30,6.7,--,38,25460,买盘
2199,11:17:27,6.7,--,168,112560,买盘
2200,11:17:24,6.7,--,56,37520,买盘
2201,11:17:21,6.7,--,18,12060,买盘
2202,11:17:18,6.7,--,108,72360,买盘
2203,11:17:15,6.7,--,7,4690,买盘
2204,11:17:12,6.7,0.01,40,26800,买盘
2205,11:17:09,6.69,-0.01,16,10704,卖盘
2206,11:17:06,6.7,--,8,5360,买盘
2207,11:17:03,6.7,--,1535,1028450,买盘
2208,11:17:00,6.7,--,8,5360,买盘
2209,11:16:57,6.7,0.01,21,14070,买盘
2210,11:16:54,6.69,--,43,28767,卖盘
2211,11:16:51,6.69,--,474,317106,买盘
2212,11:16:48,6.69,--,28,18732,买盘
2213,11:16:45,6.69,--,6,4014,买盘
2214,11:16:42,6.69,0.01,14,9366,买盘
2215,11:16:39,6.68,-0.01,42,28056,卖盘
2216,11:16:36,6.69,--,9,6021,买盘
2217,11:16:33,6.69,--,103,68907,买盘
2218,11:16:30,6.69,--,18,12042,买盘
2219,11:16:27,6.69,--,11,7359,买盘
2220,11:16:24,6.69,--,6,4014,买盘
2221,11:16:21,6.69,--,6,4014,买盘
2222,11:16:18,6.69,--,8,5352,买盘
2223,11:16:15,6.69,--,13,8697,买盘
2224,11:16:12,6.69,--,128,85632,买盘
2225,11:16:09,6.69,--,13,8697,买盘
2226,11:16:06,6.69,--,99,66231,买盘
2227,11:16:03,6.69,--,6,4014,买盘
2228,11:16:00,6.69,--,7,4683,买盘
2229,11:15:57,6.69,--,14,9366,买盘
2230,11:15:54,6.69,--,16,10704,买盘
2231,11:15:51,6.69,--,47,31443,买盘
2232,11:15:48,6.69,0.01,1,669,买盘
2233,11:15:45,6.68,--,179,119839,买盘
2234,11:15:42,6.68,-0.01,158,105944,卖盘
2235,11:15:39,6.69,--,122,81618,买盘
2236,11:15:36,6.69,0.01,10,6690,买盘
2237,11:15:33,6.68,-0.01,9,6012,卖盘
2238,11:15:30,6.69,--,31,20739,买盘
2239,11:15:27,6.69,--,90,60210,买盘
2240,11:15:24,6.69,0.01,6,4014,买盘
2241,11:15:21,6.68,--,27,18036,卖盘
2242,11:15:15,6.68,-0.01,105,70140,卖盘
2243,11:15:12,6.69,--,35,23415,买盘
2244,11:15:09,6.69,--,87,58203,买盘
2245,11:15:06,6.69,--,2,1338,买盘
2246,11:15:03,6.69,--,7,4683,买盘
2247,11:15:00,6.69,--,41,27429,买盘
2248,11:14:57,6.69,--,8,5352,买盘
2249,11:14:51,6.69,--,61,40809,买盘
2250,11:14:48,6.69,--,90,60210,买盘
2251,11:14:39,6.69,--,6,4014,买盘
2252,11:14:36,6.69,--,89,59541,买盘
2253,11:14:33,6.69,--,500,334500,买盘
2254,11:14:30,6.69,--,12,8028,买盘
2255,11:14:27,6.69,0.01,185,123765,买盘
2256,11:14:24,6.68,--,10,6680,卖盘
2257,11:14:21,6.68,-0.01,0,267,卖盘
2258,11:14:18,6.69,0.01,7,4683,买盘
2259,11:14:15,6.68,--,4,2672,买盘
2260,11:14:12,6.68,-0.01,6,4008,卖盘
2261,11:14:09,6.69,--,5,3345,买盘
2262,11:14:06,6.69,0.02,60,40140,买盘
2263,11:14:03,6.67,-0.01,5,3335,卖盘
2264,11:14:00,6.68,-0.01,49,32732,卖盘
2265,11:13:57,6.69,--,23,15387,买盘
2266,11:13:54,6.69,--,10,6690,买盘
2267,11:13:51,6.69,0.01,9,6021,买盘
2268,11:13:48,6.68,--,2,1336,卖盘
2269,11:13:45,6.68,--,18,12024,买盘
2270,11:13:42,6.68,--,1,668,买盘
2271,11:13:39,6.68,--,6,4008,买盘
2272,11:13:36,6.68,--,1,668,买盘
2273,11:13:33,6.68,--,8,5344,买盘
2274,11:13:30,6.68,--,14,9352,买盘
2275,11:13:27,6.68,--,1,668,买盘
2276,11:13:24,6.68,--,8,5344,买盘
2277,11:13:21,6.68,--,3,2004,买盘
2278,11:13:15,6.68,--,154,102872,买盘
2279,11:13:12,6.68,--,10,6680,买盘
2280,11:13:06,6.68,--,27,18036,买盘
2281,11:13:00,6.68,--,33,22044,买盘
2282,11:12:57,6.68,--,13,8684,买盘
2283,11:12:54,6.68,0.01,32,21376,买盘
2284,11:12:51,6.67,--,19,12673,买盘
2285,11:12:48,6.67,-0.01,107,71369,卖盘
2286,11:12:42,6.68,0.01,126,84168,买盘
2287,11:12:39,6.67,--,56,37352,卖盘
2288,11:12:36,6.67,-0.01,61,40687,卖盘
2289,11:12:33,6.68,--,26,17368,买盘
2290,11:12:30,6.68,--,43,28724,买盘
2291,11:12:27,6.68,--,9,6012,买盘
2292,11:12:24,6.68,--,1,668,买盘
2293,11:12:18,6.68,0.02,34,22712,买盘
2294,11:12:15,6.66,-0.01,96,63936,卖盘
2295,11:12:12,6.67,-0.01,3,2001,卖盘
2296,11:12:09,6.68,--,1,668,买盘
2297,11:12:06,6.68,0.01,8,5344,买盘
2298,11:12:03,6.67,-0.01,11,7337,卖盘
2299,11:12:00,6.68,--,1,668,买盘
2300,11:11:57,6.68,--,34,22712,买盘
2301,11:11:54,6.68,--,9,6012,买盘
2302,11:11:51,6.68,--,42,28056,买盘
2303,11:11:48,6.68,--,39,26052,买盘
2304,11:11:45,6.68,0.02,6,4008,买盘
2305,11:11:42,6.66,-0.02,3317,2209122,卖盘
2306,11:11:39,6.68,--,1,668,买盘
2307,11:11:36,6.68,--,26,17368,买盘
2308,11:11:33,6.68,--,8,5344,买盘
2309,11:11:30,6.68,--,20,13360,买盘
2310,11:11:27,6.68,--,137,91516,买盘
2311,11:11:24,6.68,--,130,86840,买盘
2312,11:11:21,6.68,--,30,20040,买盘
2313,11:11:18,6.68,0.01,27,18036,买盘
2314,11:11:15,6.67,-0.01,7,4669,卖盘
2315,11:11:12,6.68,--,10,6680,买盘
2316,11:11:09,6.68,--,10,6680,买盘
2317,11:11:06,6.68,--,26,17368,买盘
2318,11:11:03,6.68,--,9,6012,买盘
2319,11:11:00,6.68,--,12,8016,买盘
2320,11:10:57,6.68,--,206,137608,买盘
2321,11:10:54,6.68,0.01,9,6012,买盘
2322,11:10:51,6.67,-0.01,79,52693,卖盘
2323,11:10:48,6.68,--,35,23380,买盘
2324,11:10:45,6.68,0.02,3,2004,买盘
2325,11:10:42,6.66,-0.01,39,25974,卖盘
2326,11:10:39,6.67,-0.01,41,27347,卖盘
2327,11:10:36,6.68,0.01,260,173680,买盘
2328,11:10:33,6.67,--,17,11339,卖盘
2329,11:10:30,6.67,--,39,26013,买盘
2330,11:10:27,6.67,--,30,20010,买盘
2331,11:10:24,6.67,0.01,98,65366,买盘
2332,11:10:21,6.66,-0.01,61,40626,卖盘
2333,11:10:18,6.67,--,49,32683,买盘
2334,11:10:15,6.67,--,116,77372,买盘
2335,11:10:12,6.67,--,30,20010,买盘
2336,11:10:09,6.67,--,9,6003,买盘
2337,11:10:06,6.67,--,2,1334,买盘
2338,11:10:03,6.67,--,39,26013,买盘
2339,11:10:00,6.67,-0.01,264,176088,卖盘
2340,11:09:57,6.68,--,138,92184,买盘
2341,11:09:54,6.68,--,23,15364,买盘
2342,11:09:51,6.68,0.01,433,289244,买盘
2343,11:09:48,6.67,-0.01,82,54694,卖盘
2344,11:09:45,6.68,--,14,9352,买盘
2345,11:09:42,6.68,--,16,10688,买盘
2346,11:09:36,6.68,0.01,68,45424,买盘
2347,11:09:33,6.67,-0.01,25,16675,卖盘
2348,11:09:30,6.68,--,11,7348,买盘
2349,11:09:27,6.68,--,85,56780,买盘
2350,11:09:24,6.68,--,46,30728,买盘
2351,11:09:21,6.68,--,145,96860,买盘
2352,11:09:18,6.68,0.01,27,18036,买盘
2353,11:09:15,6.67,-0.01,96,64032,卖盘
2354,11:09:12,6.68,--,152,101536,买盘
2355,11:09:09,6.68,--,80,53440,买盘
2356,11:09:06,6.68,--,1,668,买盘
2357,11:09:03,6.68,--,1,668,买盘
2358,11:09:00,6.68,--,105,70140,买盘
2359,11:08:57,6.68,--,46,30728,买盘
2360,11:08:54,6.68,--,41,27388,买盘
2361,11:08:51,6.68,--,3,2004,买盘
2362,11:08:48,6.68,--,7,4676,买盘
2363,11:08:45,6.68,--,111,74148,买盘
2364,11:08:39,6.68,--,27,18036,买盘
2365,11:08:36,6.68,--,8,5344,买盘
2366,11:08:33,6.68,--,65,43420,买盘
2367,11:08:30,6.68,--,3,2004,买盘
2368,11:08:27,6.68,--,111,74148,买盘
2369,11:08:24,6.68,--,49,32732,买盘
2370,11:08:18,6.68,0.01,28,18704,买盘
2371,11:08:15,6.67,--,103,68701,卖盘
2372,11:08:12,6.67,--,275,183425,买盘
2373,11:08:09,6.67,--,32,21344,买盘
2374,11:08:06,6.67,--,9,6003,买盘
2375,11:08:03,6.67,-0.01,135,90045,卖盘
2376,11:08:00,6.68,--,11,7348,买盘
2377,11:07:57,6.68,--,7,4676,买盘
2378,11:07:54,6.68,--,43,28724,买盘
2379,11:07:51,6.68,--,80,53440,买盘
2380,11:07:48,6.68,--,148,98864,买盘
2381,11:07:45,6.68,--,14,9352,买盘
2382,11:07:42,6.68,--,8,5344,买盘
2383,11:07:39,6.68,0.02,1,668,买盘
2384,11:07:36,6.66,--,47,31302,卖盘
2385,11:07:33,6.66,-0.01,3317,2209122,卖盘
2386,11:07:30,6.67,-0.01,254,169418,卖盘
2387,11:07:27,6.68,--,11,7348,买盘
2388,11:07:24,6.68,--,60,40080,买盘
2389,11:07:21,6.68,--,50,33400,买盘
2390,11:07:18,6.68,--,47,31396,买盘
2391,11:07:12,6.68,--,42,28056,买盘
2392,11:07:09,6.68,--,318,212424,买盘
2393,11:07:06,6.68,0.01,11,7348,买盘
2394,11:07:03,6.67,--,17,11339,买盘
2395,11:07:00,6.67,--,16,10672,买盘
2396,11:06:57,6.67,--,165,110055,买盘
2397,11:06:54,6.67,--,46,30682,买盘
2398,11:06:51,6.67,--,33,22011,买盘
2399,11:06:48,6.67,--,326,217442,买盘
2400,11:06:45,6.67,--,174,116058,买盘
2401,11:06:42,6.67,--,49,32683,买盘
2402,11:06:39,6.67,--,151,100717,买盘
2403,11:06:36,6.67,--,48,32016,买盘
2404,11:06:33,6.67,--,119,79373,买盘
2405,11:06:30,6.67,--,122,81374,买盘
2406,11:06:27,6.67,--,1,667,买盘
2407,11:06:24,6.67,--,1053,702351,买盘
2408,11:06:21,6.67,--,50,33350,买盘
2409,11:06:18,6.67,0.01,9,6003,买盘
2410,11:06:15,6.66,-0.01,114,75924,卖盘
2411,11:06:12,6.67,--,109,72703,买盘
2412,11:06:09,6.67,--,1659,1106553,买盘
2413,11:06:06,6.67,--,29,19343,买盘
2414,11:06:03,6.67,--,60,40020,买盘
2415,11:05:57,6.67,--,134,89378,买盘
2416,11:05:54,6.67,--,42,28014,买盘
2417,11:05:51,6.67,--,26,17342,买盘
2418,11:05:48,6.67,--,5,3335,买盘
2419,11:05:42,6.67,--,5,3335,买盘
2420,11:05:39,6.67,0.01,1,667,买盘
2421,11:05:33,6.66,--,130,86580,卖盘
2422,11:05:30,6.66,-0.01,20,13320,卖盘
2423,11:05:27,6.67,--,38,25346,买盘
2424,11:05:24,6.67,--,36,24012,买盘
2425,11:05:21,6.67,0.01,143,95381,买盘
2426,11:05:15,6.66,-0.01,5,3330,卖盘
2427,11:05:12,6.67,--,2,1334,买盘
2428,11:05:09,6.67,--,93,62031,买盘
2429,11:05:06,6.67,--,95,63365,买盘
2430,11:05:03,6.67,--,91,60697,买盘
2431,11:05:00,6.67,--,37,24679,买盘
2432,11:04:57,6.67,--,519,346173,买盘
2433,11:04:54,6.67,--,98,65366,买盘
2434,11:04:51,6.67,0.01,53,35351,买盘
2435,11:04:48,6.66,--,5,3330,卖盘
2436,11:04:45,6.66,-0.01,15,9990,卖盘
2437,11:04:42,6.67,0.01,201,134067,买盘
2438,11:04:39,6.66,--,26,17316,买盘
2439,11:04:36,6.66,--,13,8658,买盘
2440,11:04:33,6.66,--,120,79920,买盘
2441,11:04:30,6.66,--,34,22644,买盘
2442,11:04:27,6.66,--,76,50616,买盘
2443,11:04:24,6.66,--,15,9990,买盘
2444,11:04:21,6.66,--,292,194472,买盘
2445,11:04:18,6.66,0.01,64,42624,买盘
2446,11:04:15,6.65,-0.01,200,133000,卖盘
2447,11:04:12,6.66,--,3,1998,买盘
2448,11:04:09,6.66,--,107,71262,买盘
2449,11:04:06,6.66,--,22,14652,买盘
2450,11:04:03,6.66,--,21,13986,买盘
2451,11:04:00,6.66,--,322,214452,买盘
2452,11:03:57,6.66,--,155,103230,买盘
2453,11:03:54,6.66,--,34,22644,买盘
2454,11:03:51,6.66,--,1128,751248,买盘
2455,11:03:48,6.66,--,11,7326,买盘
2456,11:03:45,6.66,--,2240,1491840,买盘
2457,11:03:42,6.66,--,80,53280,买盘
2458,11:03:39,6.66,--,16,10656,买盘
2459,11:03:36,6.66,--,57,37962,买盘
2460,11:03:30,6.66,--,241,160506,买盘
2461,11:03:27,6.66,--,251,167166,买盘
2462,11:03:24,6.66,--,2,1332,买盘
2463,11:03:21,6.66,--,3,1998,买盘
2464,11:03:18,6.66,0.01,8,5328,买盘
2465,11:03:15,6.65,-0.01,98,65170,卖盘
2466,11:03:12,6.66,--,4,2664,买盘
2467,11:03:09,6.66,--,51,33966,买盘
2468,11:03:06,6.66,--,19,12654,买盘
2469,11:03:03,6.66,--,993,661338,买盘
2470,11:03:00,6.66,--,1,666,买盘
2471,11:02:57,6.66,0.01,45,29970,买盘
2472,11:02:54,6.65,-0.01,18,11970,卖盘
2473,11:02:51,6.66,--,8,5328,买盘
2474,11:02:48,6.66,--,10,6660,买盘
2475,11:02:45,6.66,--,23,15318,买盘
2476,11:02:42,6.66,0.01,7,4662,买盘
2477,11:02:39,6.65,-0.01,89,59185,卖盘
2478,11:02:33,6.66,--,1,666,买盘
2479,11:02:30,6.66,--,171,113886,买盘
2480,11:02:27,6.66,--,1,666,买盘
2481,11:02:24,6.66,--,12,7992,买盘
2482,11:02:21,6.66,--,121,80586,卖盘
2483,11:02:18,6.66,0.01,10,6660,卖盘
2484,11:02:15,6.65,-0.02,3000,1995000,卖盘
2485,11:02:12,6.67,0.01,2,1334,买盘
2486,11:02:09,6.66,-0.01,126,83916,卖盘
2487,11:02:06,6.67,0.01,40,26680,买盘
2488,11:02:03,6.66,-0.01,40,26640,卖盘
2489,11:01:57,6.67,--,57,38019,买盘
2490,11:01:54,6.67,--,17,11339,买盘
2491,11:01:51,6.67,0.01,24,16008,买盘
2492,11:01:48,6.66,--,200,133473,买盘
2493,11:01:45,6.66,--,51,33966,买盘
2494,11:01:42,6.66,0.01,31,20646,买盘
2495,11:01:39,6.65,-0.01,105,69825,卖盘
2496,11:01:36,6.66,0.01,133,88578,买盘
2497,11:01:33,6.65,-0.01,129,85785,卖盘
2498,11:01:30,6.66,--,1143,761238,买盘
2499,11:01:27,6.66,--,12,7992,买盘
2500,11:01:24,6.66,--,57,37962,买盘
2501,11:01:21,6.66,--,87,57942,买盘
2502,11:01:18,6.66,0.01,125,83250,买盘
2503,11:01:15,6.65,-0.01,103,68495,卖盘
2504,11:01:12,6.66,--,111,73926,买盘
2505,11:01:09,6.66,0.01,132,87912,买盘
2506,11:01:06,6.65,-0.01,128,85120,卖盘
2507,11:01:03,6.66,--,109,72594,买盘
2508,11:01:00,6.66,0.01,26,17316,买盘
2509,11:00:57,6.65,-0.01,186,123690,卖盘
2510,11:00:54,6.66,--,288,191808,买盘
2511,11:00:51,6.66,--,25,16650,买盘
2512,11:00:48,6.66,--,50,33300,买盘
2513,11:00:45,6.66,--,104,69264,买盘
2514,11:00:42,6.66,--,1,666,买盘
2515,11:00:39,6.66,--,60,39960,买盘
2516,11:00:36,6.66,--,26,17316,买盘
2517,11:00:33,6.66,0.01,11,7326,买盘
2518,11:00:30,6.65,-0.01,23,15295,卖盘
2519,11:00:27,6.66,--,1,666,买盘
2520,11:00:24,6.66,--,58,38628,买盘
2521,11:00:21,6.66,--,14,9324,买盘
2522,11:00:18,6.66,--,1200,799200,买盘
2523,11:00:12,6.66,--,52,34632,买盘
2524,11:00:09,6.66,--,50,33300,买盘
2525,11:00:06,6.66,--,162,107892,买盘
2526,11:00:03,6.66,0.01,1,666,买盘
2527,11:00:00,6.65,-0.01,17,11305,卖盘
2528,10:59:57,6.66,--,145,96570,买盘
2529,10:59:54,6.66,--,2,1332,买盘
2530,10:59:51,6.66,--,108,71928,买盘
2531,10:59:48,6.66,--,5,3330,买盘
2532,10:59:45,6.66,--,12,7992,买盘
2533,10:59:42,6.66,0.01,327,217782,买盘
2534,10:59:39,6.65,-0.01,159,105735,卖盘
2535,10:59:36,6.66,--,103,68598,买盘
2536,10:59:33,6.66,--,49,32634,买盘
2537,10:59:30,6.66,0.01,10,6660,买盘
2538,10:59:27,6.65,-0.01,10,6650,卖盘
2539,10:59:24,6.66,--,378,252140,卖盘
2540,10:59:21,6.66,--,117,77922,卖盘
2541,10:59:18,6.66,--,66,43956,卖盘
2542,10:59:15,6.66,-0.01,321,213786,卖盘
2543,10:59:12,6.67,0.01,106,70702,买盘
2544,10:59:09,6.66,-0.01,405,269730,卖盘
2545,10:59:06,6.67,--,41,27347,买盘
2546,10:59:03,6.67,0.01,22,14674,买盘
2547,10:59:00,6.66,-0.01,12,7992,卖盘
2548,10:58:57,6.67,0.01,141,94047,买盘
2549,10:58:54,6.66,-0.01,47,31302,卖盘
2550,10:58:51,6.67,0.01,4,2668,买盘
2551,10:58:48,6.66,--,249,165834,卖盘
2552,10:58:45,6.66,--,700,466200,卖盘
2553,10:58:42,6.66,-0.01,54,35964,卖盘
2554,10:58:39,6.67,--,59,39353,买盘
2555,10:58:36,6.67,0.01,40,26680,买盘
2556,10:58:30,6.66,-0.01,17,11322,卖盘
2557,10:58:27,6.67,--,164,109388,买盘
2558,10:58:24,6.67,--,11,7337,买盘
2559,10:58:21,6.67,--,51,34017,买盘
2560,10:58:12,6.67,0.01,367,244789,买盘
2561,10:58:09,6.66,-0.01,5050,3363300,卖盘
2562,10:58:06,6.67,--,41,27347,买盘
2563,10:58:03,6.67,--,1,667,买盘
2564,10:58:00,6.67,--,113,75371,买盘
2565,10:57:57,6.67,--,56,37352,买盘
2566,10:57:54,6.67,--,22,14674,买盘
2567,10:57:51,6.67,--,14,9338,买盘
2568,10:57:48,6.67,0.01,343,228781,买盘
2569,10:57:42,6.66,--,6,3996,卖盘
2570,10:57:39,6.66,-0.01,41,27306,卖盘
2571,10:57:36,6.67,--,1,667,买盘
2572,10:57:33,6.67,0.01,87,58029,买盘
2573,10:57:30,6.66,-0.01,4,2664,卖盘
2574,10:57:27,6.67,--,53,35351,买盘
2575,10:57:24,6.67,0.01,102,68034,买盘
2576,10:57:21,6.66,--,110,73260,卖盘
2577,10:57:18,6.66,-0.01,58,38628,卖盘
2578,10:57:15,6.67,--,130,86710,买盘
2579,10:57:12,6.67,--,101,67367,买盘
2580,10:57:09,6.67,--,164,109388,买盘
2581,10:57:06,6.67,0.01,53,35351,买盘
2582,10:57:03,6.66,-0.01,140,93240,卖盘
2583,10:57:00,6.67,--,56,37352,买盘
2584,10:56:54,6.67,--,16,10672,买盘
2585,10:56:51,6.67,--,19,12673,买盘
2586,10:56:45,6.67,0.01,1,667,买盘
2587,10:56:42,6.66,-0.01,144,95904,卖盘
2588,10:56:39,6.67,--,40,26680,买盘
2589,10:56:36,6.67,--,529,352843,买盘
2590,10:56:33,6.67,0.01,78,52026,买盘
2591,10:56:30,6.66,-0.01,5,3330,卖盘
2592,10:56:27,6.67,--,15,10005,买盘
2593,10:56:24,6.67,--,25,16675,买盘
2594,10:56:21,6.67,--,8,5336,买盘
2595,10:56:15,6.67,--,111,74037,买盘
2596,10:56:12,6.67,0.01,40,26680,买盘
2597,10:56:09,6.66,--,126,83916,卖盘
2598,10:56:06,6.66,--,77,51282,卖盘
2599,10:56:03,6.66,-0.01,80,53280,卖盘
2600,10:56:00,6.67,--,9,6003,买盘
2601,10:55:57,6.67,--,14,9338,买盘
2602,10:55:54,6.67,--,1,667,买盘
2603,10:55:51,6.67,0.01,164,109388,买盘
2604,10:55:48,6.66,--,21,13986,卖盘
2605,10:55:45,6.66,--,20,13320,卖盘
2606,10:55:39,6.66,--,65,43290,卖盘
2607,10:55:36,6.66,--,150,99900,卖盘
2608,10:55:33,6.66,-0.01,91,60606,卖盘
2609,10:55:27,6.67,--,2,1334,买盘
2610,10:55:24,6.67,--,8,5336,买盘
2611,10:55:21,6.67,0.01,110,73370,买盘
2612,10:55:15,6.66,-0.01,96,63936,卖盘
2613,10:55:12,6.67,0.01,102,68034,买盘
2614,10:55:09,6.66,-0.01,142,94572,卖盘
2615,10:55:06,6.67,0.01,41,27347,买盘
2616,10:55:03,6.66,-0.01,47,31302,卖盘
2617,10:54:57,6.67,--,6,4002,买盘
2618,10:54:54,6.67,--,2,1334,买盘
2619,10:54:51,6.67,0.01,1,667,买盘
2620,10:54:48,6.66,-0.01,12,7992,卖盘
2621,10:54:39,6.67,0.01,51,34017,买盘
2622,10:54:33,6.66,--,288,191808,卖盘
2623,10:54:30,6.66,-0.01,50,33300,卖盘
2624,10:54:27,6.67,--,310,206770,买盘
2625,10:54:24,6.67,--,30,20010,买盘
2626,10:54:21,6.67,--,2,1334,买盘
2627,10:54:18,6.67,--,2,1334,买盘
2628,10:54:15,6.67,--,1,667,买盘
2629,10:54:12,6.67,--,101,67367,买盘
2630,10:54:09,6.67,--,152,101384,买盘
2631,10:54:06,6.67,0.01,19,12673,买盘
2632,10:54:03,6.66,-0.01,63,41958,卖盘
2633,10:54:00,6.67,--,5,3335,买盘
2634,10:53:57,6.67,--,159,106053,买盘
2635,10:53:54,6.67,-0.01,169,112723,卖盘
2636,10:53:51,6.68,--,1,668,买盘
2637,10:53:48,6.68,0.01,1,668,买盘
2638,10:53:45,6.67,--,5,3335,卖盘
2639,10:53:36,6.67,0.01,11,7337,卖盘
2640,10:53:33,6.66,-0.01,79,52614,卖盘
2641,10:53:30,6.67,--,46,30682,卖盘
2642,10:53:27,6.67,-0.01,13,8671,卖盘
2643,10:53:24,6.68,0.01,98,65464,买盘
2644,10:53:21,6.67,-0.01,11,7337,卖盘
2645,10:53:18,6.68,0.02,162,108216,买盘
2646,10:53:15,6.66,-0.02,12,7992,卖盘
2647,10:53:12,6.68,--,7,4676,买盘
2648,10:53:06,6.68,-0.01,24,16032,买盘
2649,10:53:03,6.69,0.01,375,250875,买盘
2650,10:53:00,6.68,--,14,9352,卖盘
2651,10:52:57,6.68,--,46,30728,卖盘
2652,10:52:54,6.68,0.01,1987,1327316,买盘
2653,10:52:51,6.67,0.01,1,667,买盘
2654,10:52:45,6.66,-0.01,58,38628,卖盘
2655,10:52:42,6.67,0.01,10,6670,买盘
2656,10:52:36,6.66,-0.01,5,3330,卖盘
2657,10:52:33,6.67,--,311,207437,买盘
2658,10:52:30,6.67,0.01,137,91379,买盘
2659,10:52:27,6.66,-0.01,54,35964,卖盘
2660,10:52:24,6.67,--,335,223445,买盘
2661,10:52:21,6.67,0.01,181,120727,买盘
2662,10:52:18,6.66,-0.01,37,24642,卖盘
2663,10:52:15,6.67,--,74,49358,买盘
2664,10:52:12,6.67,0.01,270,180090,买盘
2665,10:52:09,6.66,--,406,270396,卖盘
2666,10:52:06,6.66,-0.01,52,34632,卖盘
2667,10:52:03,6.67,--,272,181424,买盘
2668,10:52:00,6.67,--,58,38686,买盘
2669,10:51:57,6.67,--,87,58029,买盘
2670,10:51:54,6.67,--,34,22678,买盘
2671,10:51:51,6.67,--,1,667,买盘
2672,10:51:48,6.67,0.01,44,29348,买盘
2673,10:51:45,6.66,-0.01,1,666,卖盘
2674,10:51:42,6.67,--,55,36685,买盘
2675,10:51:39,6.67,0.01,165,110055,买盘
2676,10:51:36,6.66,--,325,216450,卖盘
2677,10:51:33,6.66,-0.01,252,167832,卖盘
2678,10:51:30,6.67,--,63,42021,买盘
2679,10:51:27,6.67,0.01,113,75371,买盘
2680,10:51:24,6.66,-0.01,134,89244,卖盘
2681,10:51:21,6.67,--,1,667,买盘
2682,10:51:18,6.67,0.01,316,210772,买盘
2683,10:51:15,6.66,-0.01,109,72594,卖盘
2684,10:51:12,6.67,--,191,127397,买盘
2685,10:51:09,6.67,--,221,147407,买盘
2686,10:51:06,6.67,0.01,35,23345,买盘
2687,10:51:03,6.66,-0.01,169,112554,卖盘
2688,10:51:00,6.67,--,53,35351,买盘
2689,10:50:57,6.67,--,133,88711,买盘
2690,10:50:54,6.67,0.01,38,25346,买盘
2691,10:50:51,6.66,-0.01,22,14652,卖盘
2692,10:50:48,6.67,0.01,210,140070,买盘
2693,10:50:45,6.66,-0.01,68,45288,卖盘
2694,10:50:42,6.67,--,317,211439,买盘
2695,10:50:39,6.67,--,34,22678,买盘
2696,10:50:36,6.67,--,40,26680,买盘
2697,10:50:33,6.67,--,149,99383,买盘
2698,10:50:30,6.67,0.01,35,23345,买盘
2699,10:50:27,6.66,--,452,301032,卖盘
2700,10:50:24,6.66,-0.01,81,53946,卖盘
2701,10:50:21,6.67,--,24,16008,买盘
2702,10:50:18,6.67,0.01,201,134067,买盘
2703,10:50:15,6.66,-0.01,11,7326,卖盘
2704,10:50:12,6.67,--,32,21344,买盘
2705,10:50:06,6.67,--,2,1334,买盘
2706,10:50:03,6.67,--,78,52026,买盘
2707,10:50:00,6.67,--,62,41354,买盘
2708,10:49:54,6.67,0.01,2,1334,买盘
2709,10:49:51,6.66,-0.01,5,3330,卖盘
2710,10:49:48,6.67,--,35,23345,买盘
2711,10:49:45,6.67,--,130,86710,卖盘
2712,10:49:42,6.67,--,5,3335,卖盘
2713,10:49:39,6.67,--,7,4669,卖盘
2714,10:49:36,6.67,--,3,2001,买盘
2715,10:49:33,6.67,--,183,122061,卖盘
2716,10:49:30,6.67,--,70,47250,买盘
2717,10:49:27,6.67,--,89,59363,买盘
2718,10:49:24,6.67,--,224,149408,买盘
2719,10:49:21,6.67,--,95,63365,买盘
2720,10:49:18,6.67,--,155,103385,买盘
2721,10:49:12,6.67,0.01,107,71369,买盘
2722,10:49:09,6.66,--,157,104562,卖盘
2723,10:49:06,6.66,--,119,79254,卖盘
2724,10:49:03,6.66,-0.01,71,47286,卖盘
2725,10:49:00,6.67,--,41,27347,买盘
2726,10:48:57,6.67,--,30,20010,买盘
2727,10:48:54,6.67,--,45,30015,买盘
2728,10:48:51,6.67,0.01,5,3335,买盘
2729,10:48:48,6.66,-0.01,6,3996,卖盘
2730,10:48:45,6.67,0.01,202,134734,买盘
2731,10:48:39,6.66,-0.01,11,7326,卖盘
2732,10:48:36,6.67,0.01,16,10672,买盘
2733,10:48:33,6.66,-0.01,255,169830,卖盘
2734,10:48:30,6.67,--,8,5336,买盘
2735,10:48:27,6.67,--,25,16675,买盘
2736,10:48:24,6.67,0.01,110,73370,买盘
2737,10:48:21,6.66,--,114,75924,卖盘
2738,10:48:18,6.66,-0.01,1050,699300,卖盘
2739,10:48:15,6.67,--,20,13340,买盘
2740,10:48:12,6.67,--,26,17342,买盘
2741,10:48:09,6.67,--,137,91379,买盘
2742,10:48:06,6.67,0.01,1,667,买盘
2743,10:48:03,6.66,-0.01,58,38628,卖盘
2744,10:48:00,6.67,--,13,8671,买盘
2745,10:47:57,6.67,--,120,80040,买盘
2746,10:47:54,6.67,--,12,8004,买盘
2747,10:47:51,6.67,--,11,7337,买盘
2748,10:47:48,6.67,0.01,8,5336,买盘
2749,10:47:45,6.66,-0.01,11,7326,卖盘
2750,10:47:42,6.67,0.01,20,13340,买盘
2751,10:47:36,6.66,--,47,31302,卖盘
2752,10:47:33,6.66,--,392,261072,卖盘
2753,10:47:30,6.66,-0.01,200,133200,卖盘
2754,10:47:27,6.67,0.01,52,34684,买盘
2755,10:47:24,6.66,--,1564,1042003,卖盘
2756,10:47:21,6.66,--,99,65934,卖盘
2757,10:47:18,6.66,--,50,33300,卖盘
2758,10:47:15,6.66,-0.01,140,93240,卖盘
2759,10:47:12,6.67,0.01,23,15341,买盘
2760,10:47:09,6.66,-0.01,128,85248,卖盘
2761,10:47:06,6.67,0.01,1,667,买盘
2762,10:47:03,6.66,-0.01,259,172494,卖盘
2763,10:47:00,6.67,0.01,1,667,买盘
2764,10:46:57,6.66,--,208,138528,卖盘
2765,10:46:54,6.66,--,660,439560,买盘
2766,10:46:51,6.66,--,21,13986,买盘
2767,10:46:48,6.66,--,342,227772,卖盘
2768,10:46:45,6.66,-0.01,121,80586,卖盘
2769,10:46:42,6.67,0.01,6,4002,买盘
2770,10:46:39,6.66,--,51,33966,卖盘
2771,10:46:36,6.66,0.01,7,4662,卖盘
2772,10:46:33,6.65,-0.01,330,219450,卖盘
2773,10:46:30,6.66,--,45,29970,卖盘
2774,10:46:27,6.66,--,66,43956,卖盘
2775,10:46:24,6.66,-0.01,516,343656,卖盘
2776,10:46:21,6.67,0.01,306,204102,买盘
2777,10:46:18,6.66,-0.01,110,73260,卖盘
2778,10:46:15,6.67,--,321,214107,买盘
2779,10:46:12,6.67,0.01,86,57362,买盘
2780,10:46:06,6.66,-0.01,69,45954,卖盘
2781,10:46:03,6.67,--,863,575621,买盘
2782,10:46:00,6.67,--,2519,1680173,买盘
2783,10:45:57,6.67,--,240,160080,买盘
2784,10:45:54,6.67,--,50,33350,买盘
2785,10:45:51,6.67,--,136,90712,买盘
2786,10:45:48,6.67,0.01,10,6670,买盘
2787,10:45:45,6.66,--,34,22644,卖盘
2788,10:45:42,6.66,-0.01,1500,999000,卖盘
2789,10:45:36,6.67,0.01,163,108721,买盘
2790,10:45:33,6.66,-0.01,246,163836,卖盘
2791,10:45:30,6.67,0.01,40,26680,买盘
2792,10:45:27,6.66,-0.01,223,148518,卖盘
2793,10:45:21,6.67,0.01,103,68701,买盘
2794,10:45:15,6.66,--,37,24642,卖盘
2795,10:45:12,6.66,-0.01,46,30636,卖盘
2796,10:45:09,6.67,0.01,182,121394,买盘
2797,10:45:06,6.66,--,517,344322,卖盘
2798,10:45:03,6.66,-0.01,228,151848,卖盘
2799,10:45:00,6.67,--,16,10672,买盘
2800,10:44:57,6.67,--,10,6670,买盘
2801,10:44:54,6.67,--,29,19343,买盘
2802,10:44:51,6.67,0.01,5,3335,买盘
2803,10:44:45,6.66,--,1,666,卖盘
2804,10:44:42,6.66,-0.01,20,13320,卖盘
2805,10:44:39,6.67,0.01,5,3335,买盘
2806,10:44:36,6.66,-0.01,304,202464,卖盘
2807,10:44:33,6.67,0.01,720,480240,买盘
2808,10:44:30,6.66,-0.01,8,5328,卖盘
2809,10:44:24,6.67,--,205,136735,买盘
2810,10:44:21,6.67,--,33,22011,买盘
2811,10:44:18,6.67,0.01,46,30682,买盘
2812,10:44:15,6.66,-0.01,95,63270,卖盘
2813,10:44:12,6.67,0.01,10,6670,买盘
2814,10:44:09,6.66,-0.01,800,532800,卖盘
2815,10:44:06,6.67,--,21,14007,买盘
2816,10:44:03,6.67,--,140,93380,买盘
2817,10:44:00,6.67,0.01,10,6670,买盘
2818,10:43:57,6.66,--,233,155178,卖盘
2819,10:43:54,6.66,-0.01,5,3330,卖盘
2820,10:43:48,6.67,0.01,2,1334,买盘
2821,10:43:45,6.66,--,10,6660,卖盘
2822,10:43:36,6.66,--,151,100566,买盘
2823,10:43:33,6.66,--,397,264402,买盘
2824,10:43:30,6.66,--,44,29304,买盘
2825,10:43:27,6.66,--,115,76590,买盘
2826,10:43:24,6.66,--,146,97236,买盘
2827,10:43:21,6.66,--,13,8658,买盘
2828,10:43:18,6.66,--,141,93906,买盘
2829,10:43:15,6.66,-0.01,717,477522,卖盘
2830,10:43:12,6.67,--,104,69368,买盘
2831,10:43:09,6.67,--,79,52693,买盘
2832,10:43:06,6.67,--,6,4002,买盘
2833,10:43:03,6.67,--,347,231449,买盘
2834,10:43:00,6.67,0.02,2,1334,买盘
2835,10:42:54,6.65,-0.01,217,144305,卖盘
2836,10:42:51,6.66,--,29,19314,买盘
2837,10:42:48,6.66,--,59,39294,买盘
2838,10:42:45,6.66,--,82,54612,买盘
2839,10:42:42,6.66,--,155,103230,买盘
2840,10:42:39,6.66,--,58,38628,买盘
2841,10:42:36,6.66,--,151,100566,买盘
2842,10:42:33,6.66,-0.01,1680,1118880,卖盘
2843,10:42:30,6.67,0.01,5,3335,买盘
2844,10:42:27,6.66,-0.01,6,3996,卖盘
2845,10:42:24,6.67,0.01,371,247457,买盘
2846,10:42:21,6.66,-0.01,17,11322,中性盘
2847,10:42:18,6.67,0.01,132,88044,买盘
2848,10:42:15,6.66,-0.01,4539,3023080,卖盘
2849,10:42:12,6.67,--,273,182091,买盘
2850,10:42:09,6.67,--,184,122728,买盘
2851,10:42:06,6.67,0.01,111,74037,卖盘
2852,10:42:03,6.66,-0.02,392,261072,卖盘
2853,10:42:00,6.68,0.01,27,18036,买盘
2854,10:41:51,6.67,--,113,75371,卖盘
2855,10:41:45,6.67,--,1636,1091772,买盘
2856,10:41:42,6.67,--,33,22011,买盘
2857,10:41:39,6.67,--,147,98049,买盘
2858,10:41:36,6.67,--,27,18009,买盘
2859,10:41:33,6.67,--,619,412873,买盘
2860,10:41:30,6.67,--,26,17342,买盘
2861,10:41:27,6.67,--,71,47357,买盘
2862,10:41:24,6.67,-0.01,490,326936,卖盘
2863,10:41:21,6.68,--,1,668,买盘
2864,10:41:18,6.68,0.01,2,1336,买盘
2865,10:41:15,6.67,--,3,2001,卖盘
2866,10:41:09,6.67,--,181,120727,卖盘
2867,10:41:06,6.67,--,213,142631,买盘
2868,10:41:03,6.67,-0.01,2230,1487516,卖盘
2869,10:41:00,6.68,--,33,22044,买盘
2870,10:40:57,6.68,--,58,38744,卖盘
2871,10:40:54,6.68,--,17,11356,卖盘
2872,10:40:51,6.68,--,5,3340,卖盘
2873,10:40:48,6.68,--,66,44088,卖盘
2874,10:40:45,6.68,--,10,6680,卖盘
2875,10:40:42,6.68,0.01,3,2004,卖盘
2876,10:40:39,6.67,-0.01,23,15341,卖盘
2877,10:40:36,6.68,--,8,5344,卖盘
2878,10:40:33,6.68,--,370,247160,卖盘
2879,10:40:30,6.68,--,1429,954572,买盘
2880,10:40:27,6.68,--,20,13360,买盘
2881,10:40:24,6.68,0.01,108,72144,买盘
2882,10:40:21,6.67,-0.01,55,36685,卖盘
2883,10:40:18,6.68,--,254,169672,卖盘
2884,10:40:12,6.68,-0.01,10,6680,卖盘
2885,10:40:09,6.69,0.01,55,36795,买盘
2886,10:40:06,6.68,-0.01,34,22712,买盘
2887,10:40:03,6.69,0.02,238,159222,买盘
2888,10:40:00,6.67,-0.01,63,42021,卖盘
2889,10:39:57,6.68,--,5,3340,卖盘
2890,10:39:54,6.68,--,5,3340,卖盘
2891,10:39:51,6.68,0.01,74,49432,买盘
2892,10:39:48,6.67,-0.01,54,36018,卖盘
2893,10:39:45,6.68,--,173,115564,买盘
2894,10:39:42,6.68,--,43,28724,买盘
2895,10:39:39,6.68,--,38,25384,买盘
2896,10:39:36,6.68,--,67,44756,买盘
2897,10:39:33,6.68,--,882,589176,买盘
2898,10:39:30,6.68,0.01,24,16032,买盘
2899,10:39:27,6.67,--,236,157412,卖盘
2900,10:39:24,6.67,--,97,64699,卖盘
2901,10:39:21,6.67,-0.01,240,160080,卖盘
2902,10:39:18,6.68,--,7,4676,卖盘
2903,10:39:15,6.68,0.01,6,4008,买盘
2904,10:39:12,6.67,-0.01,348,232116,卖盘
2905,10:39:09,6.68,--,187,124916,买盘
2906,10:39:06,6.68,0.01,205,136940,卖盘
2907,10:39:03,6.67,-0.01,617,411539,卖盘
2908,10:39:00,6.68,--,109,72812,卖盘
2909,10:38:57,6.68,--,161,107548,卖盘
2910,10:38:54,6.68,--,1,668,卖盘
2911,10:38:51,6.68,--,50,33400,卖盘
2912,10:38:45,6.68,--,7,4676,卖盘
2913,10:38:42,6.68,--,77,51436,卖盘
2914,10:38:39,6.68,--,2615,1746820,买盘
2915,10:38:36,6.68,--,23,15364,买盘
2916,10:38:33,6.68,0.01,423,282564,买盘
2917,10:38:30,6.67,-0.01,80,53360,卖盘
2918,10:38:27,6.68,--,8,5344,买盘
2919,10:38:24,6.68,--,27,18036,卖盘
2920,10:38:21,6.68,--,151,100868,买盘
2921,10:38:18,6.68,--,10,6680,买盘
2922,10:38:15,6.68,--,136,90848,买盘
2923,10:38:12,6.68,--,2,1336,买盘
2924,10:38:09,6.68,0.01,79,52772,买盘
2925,10:38:06,6.67,-0.02,22,14674,卖盘
