,time,price,change,volume,amount,type
0,15:00:03,7.4,0.01,3416,2527840,买盘
1,14:57:00,7.39,0.01,20,14780,买盘
2,14:56:57,7.38,-0.01,11,8118,卖盘
3,14:56:54,7.39,--,271,200269,买盘
4,14:56:51,7.39,--,2,1478,买盘
5,14:56:48,7.39,--,115,84985,买盘
6,14:56:45,7.39,-0.01,1238,914882,卖盘
7,14:56:42,7.4,0.01,505,373700,买盘
8,14:56:39,7.39,--,53,39167,卖盘
9,14:56:36,7.39,--,500,369500,卖盘
10,14:56:33,7.39,-0.01,19,14041,卖盘
11,14:56:30,7.4,--,205,151700,买盘
12,14:56:27,7.4,--,270,199800,买盘
13,14:56:24,7.4,--,2,1480,买盘
14,14:56:21,7.4,--,3,2220,买盘
15,14:56:18,7.4,--,39,28860,买盘
16,14:56:15,7.4,0.01,142,105080,买盘
17,14:56:09,7.39,--,5,3695,卖盘
18,14:56:06,7.39,-0.01,29,21431,卖盘
19,14:56:03,7.4,0.01,22,16280,买盘
20,14:56:00,7.39,-0.01,380,280820,卖盘
21,14:55:57,7.4,0.01,63,46620,买盘
22,14:55:54,7.39,-0.01,6,4434,卖盘
23,14:55:51,7.4,--,119,88060,买盘
24,14:55:48,7.4,0.01,26,19240,买盘
25,14:55:45,7.39,-0.01,148,109372,卖盘
26,14:55:42,7.4,--,407,301180,买盘
27,14:55:39,7.4,0.01,264,195360,买盘
28,14:55:36,7.39,--,11,8129,卖盘
29,14:55:33,7.39,--,145,107155,卖盘
30,14:55:30,7.39,--,114,84246,卖盘
31,14:55:27,7.39,-0.01,333,246087,卖盘
32,14:55:24,7.4,0.01,160,118400,买盘
33,14:55:18,7.39,-0.01,17,12563,卖盘
34,14:55:15,7.4,--,83,61420,买盘
35,14:55:12,7.4,--,32,23680,买盘
36,14:55:09,7.4,--,40,29600,买盘
37,14:55:06,7.4,--,11,8140,买盘
38,14:55:03,7.4,--,166,122840,买盘
39,14:54:54,7.4,0.01,48,35520,买盘
40,14:54:48,7.39,--,11,8129,卖盘
41,14:54:45,7.39,--,6,4434,卖盘
42,14:54:42,7.39,-0.01,6,4434,卖盘
43,14:54:39,7.4,0.01,67,49580,买盘
44,14:54:33,7.39,--,96,70944,卖盘
45,14:54:30,7.39,-0.01,195,144105,卖盘
46,14:54:27,7.4,0.01,1,740,买盘
47,14:54:24,7.39,--,15,11085,卖盘
48,14:54:21,7.39,--,80,59120,卖盘
49,14:54:18,7.39,-0.01,1,739,卖盘
50,14:54:12,7.4,0.01,37,27380,买盘
51,14:54:09,7.39,-0.01,9,6651,卖盘
52,14:54:06,7.4,--,64,47360,买盘
53,14:54:00,7.4,--,29,21460,买盘
54,14:53:57,7.4,0.01,1,740,买盘
55,14:53:51,7.39,-0.01,27,19953,卖盘
56,14:53:48,7.4,0.01,656,485440,买盘
57,14:53:45,7.39,-0.01,53,39167,卖盘
58,14:53:39,7.4,--,63,46620,买盘
59,14:53:36,7.4,0.01,69,51060,买盘
60,14:53:33,7.39,-0.01,111,82029,卖盘
61,14:53:30,7.4,--,58,42920,买盘
62,14:53:24,7.4,0.01,30,22200,买盘
63,14:53:21,7.39,--,49,36211,卖盘
64,14:53:18,7.39,-0.01,6,4434,卖盘
65,14:53:15,7.4,--,144,106560,买盘
66,14:53:12,7.4,--,661,489140,买盘
67,14:53:03,7.4,0.01,1,740,买盘
68,14:53:00,7.39,-0.01,4,2956,卖盘
69,14:52:54,7.4,0.01,16,11840,买盘
70,14:52:51,7.39,-0.01,14,10346,卖盘
71,14:52:42,7.4,0.01,16,11840,买盘
72,14:52:39,7.39,-0.01,5,3695,卖盘
73,14:52:36,7.4,--,33,24420,买盘
74,14:52:33,7.4,--,3,2220,买盘
75,14:52:30,7.4,0.01,16,11840,买盘
76,14:52:27,7.39,--,27,19953,卖盘
77,14:52:24,7.39,--,37,27343,卖盘
78,14:52:21,7.39,--,34,25126,卖盘
79,14:52:18,7.39,--,90,66510,卖盘
80,14:52:12,7.39,-0.01,12,8868,卖盘
81,14:52:09,7.4,0.01,102,75480,买盘
82,14:52:06,7.39,--,6,4434,卖盘
83,14:52:03,7.39,--,68,50252,卖盘
84,14:52:00,7.39,-0.01,20,14780,卖盘
85,14:51:54,7.4,0.01,60,44400,买盘
86,14:51:51,7.39,--,29,21431,卖盘
87,14:51:39,7.39,-0.01,12,8868,卖盘
88,14:51:36,7.4,0.01,1,740,买盘
89,14:51:33,7.39,--,12,8868,卖盘
90,14:51:30,7.39,0.01,8,5912,中性盘
91,14:51:27,7.38,-0.02,101,74538,卖盘
92,14:51:24,7.4,0.02,32,23680,买盘
93,14:51:21,7.38,-0.02,58,42804,卖盘
94,14:51:18,7.4,0.01,270,199800,买盘
95,14:51:15,7.39,--,13,9607,买盘
96,14:51:12,7.39,--,16,11824,买盘
97,14:51:06,7.39,0.01,8,5912,买盘
98,14:51:03,7.38,--,23,16974,卖盘
99,14:51:00,7.38,-0.01,37,27306,卖盘
100,14:50:57,7.39,--,95,70205,买盘
101,14:50:54,7.39,0.01,31,22909,买盘
102,14:50:51,7.38,--,29,21402,卖盘
103,14:50:45,7.38,-0.01,43,31734,卖盘
104,14:50:42,7.39,0.01,338,249782,买盘
105,14:50:39,7.38,-0.01,24,17712,卖盘
106,14:50:36,7.39,--,327,241653,买盘
107,14:50:33,7.39,--,27,19953,买盘
108,14:50:30,7.39,0.01,13,9607,买盘
109,14:50:24,7.38,--,13,9594,卖盘
110,14:50:21,7.38,--,55,40590,卖盘
111,14:50:18,7.38,-0.01,16,11808,卖盘
112,14:50:12,7.39,0.01,10,7390,买盘
113,14:50:09,7.38,--,16,11808,卖盘
114,14:50:06,7.38,--,370,273060,卖盘
115,14:50:03,7.38,--,3074,2268612,卖盘
116,14:49:57,7.38,-0.01,3,2214,卖盘
117,14:49:54,7.39,0.01,24,17736,买盘
118,14:49:51,7.38,-0.01,59,43542,卖盘
119,14:49:48,7.39,--,35,25865,买盘
120,14:49:45,7.39,0.01,1,739,买盘
121,14:49:39,7.38,--,2,1476,卖盘
122,14:49:36,7.38,-0.01,1,738,卖盘
123,14:49:30,7.39,0.01,63,46557,买盘
124,14:49:27,7.38,--,5,3690,卖盘
125,14:49:24,7.38,--,5,3690,卖盘
126,14:49:21,7.38,-0.01,63,46494,卖盘
127,14:49:18,7.39,--,10,7390,买盘
128,14:49:15,7.39,0.01,29,21431,买盘
129,14:49:12,7.38,-0.01,439,323982,卖盘
130,14:49:09,7.39,0.01,176,130064,买盘
131,14:49:03,7.38,--,15,11070,卖盘
132,14:49:00,7.38,-0.01,38,28044,卖盘
133,14:48:54,7.39,0.01,24,17736,买盘
134,14:48:51,7.38,--,113,83394,卖盘
135,14:48:45,7.38,--,2,1476,卖盘
136,14:48:39,7.38,-0.01,26,19188,卖盘
137,14:48:36,7.39,--,46,33994,买盘
138,14:48:33,7.39,0.01,102,75378,买盘
139,14:48:30,7.38,--,9,6642,卖盘
140,14:48:27,7.38,-0.01,14,10332,卖盘
141,14:48:24,7.39,--,1,739,买盘
142,14:48:21,7.39,0.01,16,11824,买盘
143,14:48:15,7.38,-0.01,3,2214,卖盘
144,14:48:06,7.39,0.01,76,56164,买盘
145,14:48:03,7.38,-0.01,16,11808,卖盘
146,14:48:00,7.39,--,54,39906,买盘
147,14:47:57,7.39,0.01,30,22170,买盘
148,14:47:54,7.38,-0.02,36,26568,卖盘
149,14:47:51,7.4,--,26,19240,买盘
150,14:47:48,7.4,0.02,10,7400,买盘
151,14:47:45,7.38,-0.01,77,56826,卖盘
152,14:47:42,7.39,--,1728,1276992,卖盘
153,14:47:39,7.39,--,54,39906,卖盘
154,14:47:36,7.39,--,166,122674,卖盘
155,14:47:33,7.39,--,30,22170,卖盘
156,14:47:30,7.39,--,180,133020,卖盘
157,14:47:27,7.39,--,62,45818,卖盘
158,14:47:24,7.39,--,229,169231,卖盘
159,14:47:21,7.39,--,54,39906,卖盘
160,14:47:18,7.39,--,39,28821,卖盘
161,14:47:15,7.39,--,41,30299,卖盘
162,14:47:12,7.39,-0.01,20,14780,卖盘
163,14:47:06,7.4,0.01,14,10360,买盘
164,14:47:03,7.39,-0.01,69,50991,卖盘
165,14:47:00,7.4,--,1,740,买盘
166,14:46:51,7.4,0.01,54,39960,买盘
167,14:46:48,7.39,--,14,10346,卖盘
168,14:46:45,7.39,-0.01,38,28082,卖盘
169,14:46:36,7.4,0.01,79,58460,买盘
170,14:46:30,7.39,-0.01,7,5173,卖盘
171,14:46:27,7.4,0.01,100,74000,买盘
172,14:46:24,7.39,--,6,4434,卖盘
173,14:46:18,7.39,--,27,19953,卖盘
174,14:46:15,7.39,0.01,643,475177,买盘
175,14:46:12,7.38,-0.01,589,434682,卖盘
176,14:46:09,7.39,0.01,1755,1296945,买盘
177,14:46:06,7.38,--,33,24354,卖盘
178,14:45:57,7.38,--,1,738,卖盘
179,14:45:51,7.38,-0.01,37,27306,卖盘
180,14:45:48,7.39,--,1,739,买盘
181,14:45:45,7.39,--,15,11085,买盘
182,14:45:42,7.39,--,52,38428,买盘
183,14:45:33,7.39,0.01,4,2956,买盘
184,14:45:24,7.38,--,3,2214,卖盘
185,14:45:21,7.38,--,1,738,卖盘
186,14:45:18,7.38,--,7,5166,卖盘
187,14:45:15,7.38,-0.01,164,121032,卖盘
188,14:45:12,7.39,--,6,4434,买盘
189,14:45:09,7.39,--,73,53947,买盘
190,14:45:06,7.39,0.01,3,2217,买盘
191,14:45:03,7.38,--,27,19926,卖盘
192,14:45:00,7.38,-0.01,355,261990,卖盘
193,14:44:57,7.39,0.01,41,30299,买盘
194,14:44:54,7.38,--,26,19188,卖盘
195,14:44:48,7.38,-0.01,31,22878,卖盘
196,14:44:45,7.39,0.01,772,570508,买盘
197,14:44:36,7.38,--,3,2214,卖盘
198,14:44:33,7.38,--,73,53874,卖盘
199,14:44:30,7.38,--,219,161622,卖盘
200,14:44:27,7.38,--,74,54612,卖盘
201,14:44:21,7.38,--,1,738,卖盘
202,14:44:18,7.38,--,9,6642,卖盘
203,14:44:15,7.38,--,238,175644,卖盘
204,14:44:12,7.38,--,43,31734,卖盘
205,14:44:09,7.38,-0.01,1,738,卖盘
206,14:44:06,7.39,0.01,14,10346,买盘
207,14:44:03,7.38,--,14,10332,卖盘
208,14:44:00,7.38,-0.01,322,237636,卖盘
209,14:43:54,7.39,--,48,35472,买盘
210,14:43:51,7.39,--,110,81290,买盘
211,14:43:48,7.39,0.01,58,42862,买盘
212,14:43:45,7.38,--,441,325458,卖盘
213,14:43:42,7.38,--,34,25092,卖盘
214,14:43:39,7.38,--,815,601765,卖盘
215,14:43:33,7.38,--,63,46494,卖盘
216,14:43:30,7.38,-0.01,239,176382,卖盘
217,14:43:27,7.39,0.01,212,156668,买盘
218,14:43:24,7.38,-0.01,5,3690,卖盘
219,14:43:21,7.39,0.01,13,9607,中性盘
220,14:43:18,7.38,-0.02,134,98892,卖盘
221,14:43:15,7.4,0.01,290,214600,买盘
222,14:43:12,7.39,--,6,4434,卖盘
223,14:43:09,7.39,-0.01,55,40645,卖盘
224,14:43:06,7.4,0.01,123,91020,买盘
225,14:43:03,7.39,-0.01,7,5173,卖盘
226,14:43:00,7.4,0.02,233,172420,买盘
227,14:42:57,7.38,-0.02,5,3690,卖盘
228,14:42:54,7.4,--,132,97680,买盘
229,14:42:51,7.4,0.02,1,740,买盘
230,14:42:48,7.38,--,15,11070,卖盘
231,14:42:45,7.38,-0.02,382,281916,卖盘
232,14:42:33,7.4,0.02,121,89540,买盘
233,14:42:30,7.38,-0.01,233,171954,卖盘
234,14:42:27,7.39,--,1,739,卖盘
235,14:42:24,7.39,--,6,4434,卖盘
236,14:42:21,7.39,--,118,87202,卖盘
237,14:42:18,7.39,--,15,11085,卖盘
238,14:42:15,7.39,-0.01,264,195096,卖盘
239,14:42:12,7.4,--,120,88800,买盘
240,14:42:09,7.4,--,7,5180,买盘
241,14:42:06,7.4,0.01,81,59940,买盘
242,14:42:03,7.39,--,12,8868,卖盘
243,14:42:00,7.39,--,344,254216,卖盘
244,14:41:54,7.39,--,15,11085,卖盘
245,14:41:51,7.39,--,4,2956,卖盘
246,14:41:48,7.39,--,153,113067,卖盘
247,14:41:45,7.39,--,258,190662,卖盘
248,14:41:42,7.39,0.01,1243,918577,买盘
249,14:41:39,7.38,-0.01,123,90774,卖盘
250,14:41:36,7.39,0.01,26,19214,买盘
251,14:41:33,7.38,--,10,7380,卖盘
252,14:41:30,7.38,-0.01,248,183024,卖盘
253,14:41:27,7.39,--,174,128586,买盘
254,14:41:24,7.39,--,3,2217,买盘
255,14:41:21,7.39,0.01,48,35472,买盘
256,14:41:18,7.38,-0.01,226,166788,卖盘
257,14:41:15,7.39,0.01,106,78334,买盘
258,14:41:12,7.38,--,9,6642,卖盘
259,14:41:09,7.38,-0.01,4,2952,卖盘
260,14:41:06,7.39,--,131,96809,买盘
261,14:41:03,7.39,0.01,14,10346,买盘
262,14:41:00,7.38,--,246,181548,卖盘
263,14:40:57,7.38,-0.01,7,5166,卖盘
264,14:40:54,7.39,--,124,91636,买盘
265,14:40:51,7.39,0.01,209,154451,买盘
266,14:40:48,7.38,--,20,14760,卖盘
267,14:40:45,7.38,-0.01,261,192618,卖盘
268,14:40:42,7.39,0.01,107,79073,买盘
269,14:40:39,7.38,-0.01,25,18450,卖盘
270,14:40:33,7.39,0.01,189,139671,买盘
271,14:40:30,7.38,-0.01,223,164574,卖盘
272,14:40:27,7.39,--,7,5173,买盘
273,14:40:21,7.39,0.01,103,76117,买盘
274,14:40:18,7.38,--,8,5904,卖盘
275,14:40:15,7.38,-0.01,269,198522,卖盘
276,14:40:09,7.39,0.01,124,91636,买盘
277,14:40:06,7.38,--,5,3690,卖盘
278,14:40:03,7.38,-0.01,228,168264,卖盘
279,14:40:00,7.39,0.01,121,89419,买盘
280,14:39:57,7.38,--,9,6642,卖盘
281,14:39:48,7.38,--,121,89298,卖盘
282,14:39:45,7.38,-0.01,459,338742,卖盘
283,14:39:42,7.39,--,3,2217,买盘
284,14:39:36,7.39,0.01,106,78334,买盘
285,14:39:33,7.38,--,5,3690,卖盘
286,14:39:30,7.38,--,222,163836,卖盘
287,14:39:27,7.38,-0.02,5,3690,卖盘
288,14:39:24,7.4,0.02,177,130980,买盘
289,14:39:18,7.38,--,92,67896,卖盘
290,14:39:15,7.38,--,395,291510,卖盘
291,14:39:03,7.38,--,129,95202,卖盘
292,14:39:00,7.38,-0.02,224,165312,卖盘
293,14:38:57,7.4,0.02,10,7400,买盘
294,14:38:54,7.38,-0.02,3,2214,卖盘
295,14:38:51,7.4,0.02,127,93980,买盘
296,14:38:48,7.38,--,200,147600,卖盘
297,14:38:45,7.38,-0.02,102,75276,卖盘
298,14:38:42,7.4,0.02,144,106560,买盘
299,14:38:39,7.38,--,10,7380,卖盘
300,14:38:36,7.38,--,39,28782,买盘
301,14:38:33,7.38,--,26,19188,买盘
302,14:38:30,7.38,-0.01,320,236160,卖盘
303,14:38:27,7.39,-0.01,10,7390,买盘
304,14:38:24,7.4,--,8,5920,买盘
305,14:38:18,7.4,0.02,158,116920,买盘
306,14:38:15,7.38,-0.02,247,182286,卖盘
307,14:38:09,7.4,0.02,119,88060,买盘
308,14:38:06,7.38,--,80,59040,卖盘
309,14:38:03,7.38,--,8,5904,卖盘
310,14:38:00,7.38,-0.02,221,163098,卖盘
311,14:37:57,7.4,--,161,119140,买盘
312,14:37:54,7.4,--,434,321160,买盘
313,14:37:48,7.4,--,87,64380,买盘
314,14:37:45,7.4,--,356,263440,买盘
315,14:37:42,7.4,--,12,8880,买盘
316,14:37:39,7.4,--,26,19240,买盘
317,14:37:36,7.4,0.02,109,80660,买盘
318,14:37:33,7.38,--,8,5904,卖盘
319,14:37:30,7.38,-0.02,229,169002,卖盘
320,14:37:27,7.4,--,32,23680,买盘
321,14:37:24,7.4,0.01,107,79180,买盘
322,14:37:21,7.39,0.01,6,4434,买盘
323,14:37:18,7.38,-0.01,6,4428,卖盘
324,14:37:15,7.39,-0.01,282,208398,卖盘
325,14:37:12,7.4,0.01,104,76960,买盘
326,14:37:09,7.39,--,1,739,卖盘
327,14:37:06,7.39,--,3,2217,卖盘
328,14:37:03,7.39,0.01,130,96070,卖盘
329,14:37:00,7.38,-0.01,240,177120,卖盘
330,14:36:54,7.39,-0.01,7,5173,卖盘
331,14:36:51,7.4,0.03,149,110260,买盘
332,14:36:45,7.37,-0.02,215,158455,卖盘
333,14:36:42,7.39,--,10,7390,卖盘
334,14:36:39,7.39,0.01,67,49513,买盘
335,14:36:36,7.38,--,102,75276,买盘
336,14:36:33,7.38,0.01,96,70848,买盘
337,14:36:30,7.37,-0.03,216,159192,卖盘
338,14:36:24,7.4,--,40,29600,买盘
339,14:36:21,7.4,0.01,9,6660,买盘
340,14:36:18,7.39,0.02,45,33255,买盘
341,14:36:15,7.37,-0.02,45,33165,卖盘
342,14:36:12,7.39,--,56,41384,卖盘
343,14:36:06,7.39,0.02,55,40645,买盘
344,14:36:03,7.37,--,141,103917,卖盘
345,14:36:00,7.37,-0.01,250,184250,卖盘
346,14:35:57,7.38,-0.01,364,268632,卖盘
347,14:35:54,7.39,0.01,107,79073,买盘
348,14:35:51,7.38,-0.01,44,32472,卖盘
349,14:35:48,7.39,0.02,7,5173,中性盘
350,14:35:45,7.37,-0.01,341,251317,卖盘
351,14:35:42,7.38,--,89,65682,卖盘
352,14:35:36,7.38,-0.02,60,44280,卖盘
353,14:35:33,7.4,0.02,122,90280,买盘
354,14:35:30,7.38,--,286,211068,卖盘
355,14:35:27,7.38,-0.01,6,4428,卖盘
356,14:35:24,7.39,0.01,110,81290,买盘
357,14:35:21,7.38,--,41,30258,卖盘
358,14:35:18,7.38,0.01,127,93726,卖盘
359,14:35:15,7.37,-0.02,287,211519,卖盘
360,14:35:12,7.39,0.01,132,97548,买盘
361,14:35:09,7.38,-0.01,31,22878,卖盘
362,14:35:06,7.39,--,21,15519,买盘
363,14:35:03,7.39,--,140,103460,买盘
364,14:35:00,7.39,0.02,129,95331,买盘
365,14:34:57,7.37,-0.02,30,22110,卖盘
366,14:34:54,7.39,0.01,111,82029,买盘
367,14:34:51,7.38,0.01,112,82656,卖盘
368,14:34:48,7.37,--,7,5159,卖盘
369,14:34:45,7.37,-0.01,313,230681,卖盘
370,14:34:42,7.38,-0.01,18,13284,卖盘
371,14:34:39,7.39,0.02,171,126369,买盘
372,14:34:36,7.37,-0.01,40,29480,卖盘
373,14:34:33,7.38,0.01,57,42066,买盘
374,14:34:30,7.37,-0.02,246,181302,卖盘
375,14:34:27,7.39,0.01,131,96809,买盘
376,14:34:24,7.38,--,17,12546,买盘
377,14:34:21,7.38,-0.01,56,41328,中性盘
378,14:34:18,7.39,0.02,104,76856,买盘
379,14:34:15,7.37,-0.01,162,119394,卖盘
380,14:34:12,7.38,0.01,25,18450,买盘
381,14:34:09,7.37,-0.01,17,12529,卖盘
382,14:34:06,7.38,0.01,175,129150,买盘
383,14:34:00,7.37,--,21,15477,卖盘
384,14:33:57,7.37,-0.02,13,9581,卖盘
385,14:33:54,7.39,--,131,96809,买盘
386,14:33:51,7.39,--,16,11824,买盘
387,14:33:48,7.39,--,10,7390,买盘
388,14:33:45,7.39,--,21,15519,买盘
389,14:33:42,7.39,--,112,82768,买盘
390,14:33:36,7.39,0.02,8,5912,买盘
391,14:33:33,7.37,--,128,94336,卖盘
392,14:33:30,7.37,-0.02,261,192357,卖盘
393,14:33:27,7.39,--,4,2956,卖盘
394,14:33:24,7.39,0.01,5,3695,中性盘
395,14:33:21,7.38,--,127,93726,买盘
396,14:33:18,7.38,--,31,22878,买盘
397,14:33:15,7.38,-0.01,172,126936,卖盘
398,14:33:12,7.39,--,1,739,卖盘
399,14:33:09,7.39,--,132,97548,卖盘
400,14:33:03,7.39,--,6,4434,卖盘
401,14:33:00,7.39,--,244,180316,卖盘
402,14:32:57,7.39,0.01,164,121196,买盘
403,14:32:54,7.38,-0.01,71,52398,中性盘
404,14:32:48,7.39,0.02,122,90158,买盘
405,14:32:45,7.37,-0.03,252,185724,卖盘
406,14:32:39,7.4,--,5,3700,买盘
407,14:32:36,7.4,--,115,85100,买盘
408,14:32:33,7.4,--,125,92500,买盘
409,14:32:30,7.4,--,1190,880600,买盘
410,14:32:27,7.4,0.01,114,84360,买盘
411,14:32:24,7.39,0.01,24,17736,买盘
412,14:32:21,7.38,--,34,25092,卖盘
413,14:32:18,7.38,-0.01,52,38376,卖盘
414,14:32:15,7.39,--,369,272691,买盘
415,14:32:12,7.39,--,36,26604,买盘
416,14:32:09,7.39,--,44,32516,买盘
417,14:32:06,7.39,--,66,48774,买盘
418,14:32:03,7.39,0.01,215,158885,买盘
419,14:32:00,7.38,--,301,222138,卖盘
420,14:31:57,7.38,-0.01,3,2214,卖盘
421,14:31:54,7.39,0.01,118,87202,买盘
422,14:31:51,7.38,-0.01,8,5904,卖盘
423,14:31:48,7.39,0.02,360,266040,买盘
424,14:31:45,7.37,-0.01,247,182039,卖盘
425,14:31:42,7.38,--,127,93726,卖盘
426,14:31:39,7.38,--,2,1476,卖盘
427,14:31:33,7.38,-0.01,9,6642,卖盘
428,14:31:30,7.39,0.01,341,251999,买盘
429,14:31:27,7.38,-0.01,1,738,卖盘
430,14:31:21,7.39,0.01,120,88680,买盘
431,14:31:18,7.38,0.01,8,5904,中性盘
432,14:31:15,7.37,-0.02,239,176143,卖盘
433,14:31:09,7.39,0.01,109,80551,买盘
434,14:31:06,7.38,-0.01,3,2214,卖盘
435,14:31:03,7.39,0.01,7,5173,买盘
436,14:31:00,7.38,-0.01,5,3690,中性盘
437,14:30:57,7.39,0.02,104,76856,买盘
438,14:30:48,7.37,-0.01,145,106865,卖盘
439,14:30:45,7.38,--,88,64944,买盘
440,14:30:42,7.38,--,50,36900,买盘
441,14:30:39,7.38,--,4,2952,买盘
442,14:30:36,7.38,0.01,128,94464,买盘
443,14:30:33,7.37,-0.01,6,4422,卖盘
444,14:30:30,7.38,-0.01,182,134316,卖盘
445,14:30:27,7.39,-0.01,60,44340,中性盘
446,14:30:18,7.4,0.03,33,24420,买盘
447,14:30:15,7.37,--,338,249106,卖盘
448,14:30:06,7.37,--,150,110550,卖盘
449,14:30:03,7.37,--,720,530640,卖盘
450,14:30:00,7.37,-0.01,243,179091,卖盘
451,14:29:57,7.38,--,15,11070,卖盘
452,14:29:54,7.38,-0.02,1,738,卖盘
453,14:29:51,7.4,0.02,110,81400,买盘
454,14:29:48,7.38,-0.01,9,6642,卖盘
455,14:29:45,7.39,--,235,173665,买盘
456,14:29:42,7.39,0.01,115,84985,买盘
457,14:29:39,7.38,--,34,25092,卖盘
458,14:29:36,7.38,--,10,7380,卖盘
459,14:29:33,7.38,--,51,37638,卖盘
460,14:29:30,7.38,-0.01,421,310698,卖盘
461,14:29:27,7.39,-0.01,15,11085,买盘
462,14:29:18,7.4,0.02,129,95460,买盘
463,14:29:15,7.38,--,233,171954,卖盘
464,14:29:12,7.38,-0.01,6,4428,卖盘
465,14:29:09,7.39,--,182,134498,卖盘
466,14:29:06,7.39,--,99,73161,卖盘
467,14:29:03,7.39,--,35,25865,卖盘
468,14:29:00,7.39,--,291,215049,卖盘
469,14:28:57,7.39,--,170,125630,卖盘
470,14:28:54,7.39,--,59,43601,卖盘
471,14:28:51,7.39,--,81,59859,卖盘
472,14:28:48,7.39,-0.01,47,34733,中性盘
473,14:28:45,7.4,0.02,371,274540,买盘
474,14:28:42,7.38,--,55,40590,卖盘
475,14:28:39,7.38,--,125,92250,卖盘
476,14:28:36,7.38,--,165,121770,卖盘
477,14:28:33,7.38,-0.01,10,7380,卖盘
478,14:28:30,7.39,--,249,184011,买盘
479,14:28:27,7.39,--,12,8868,买盘
480,14:28:24,7.39,0.01,117,86463,买盘
481,14:28:21,7.38,-0.01,10,7380,卖盘
482,14:28:18,7.39,0.01,14,10346,中性盘
483,14:28:15,7.38,-0.02,241,177858,卖盘
484,14:28:12,7.4,0.02,106,78440,买盘
485,14:28:03,7.38,--,114,84132,卖盘
486,14:28:00,7.38,-0.02,220,162360,卖盘
487,14:27:54,7.4,--,11,8140,买盘
488,14:27:51,7.4,0.02,211,156140,买盘
489,14:27:48,7.38,--,5,3690,卖盘
490,14:27:45,7.38,--,245,180810,卖盘
491,14:27:42,7.38,-0.02,6,4428,卖盘
492,14:27:39,7.4,--,120,88800,买盘
493,14:27:33,7.4,--,158,116920,买盘
494,14:27:30,7.4,--,354,261960,买盘
495,14:27:24,7.4,0.02,66,48840,买盘
496,14:27:18,7.38,--,126,92988,卖盘
497,14:27:15,7.38,--,253,186714,卖盘
498,14:27:12,7.38,-0.02,5,3690,卖盘
499,14:27:06,7.4,0.02,205,151700,买盘
500,14:27:03,7.38,--,7,5166,卖盘
501,14:27:00,7.38,-0.02,230,169740,卖盘
502,14:26:54,7.4,0.01,111,82140,买盘
503,14:26:51,7.39,0.01,1,739,卖盘
504,14:26:48,7.38,--,7,5166,卖盘
505,14:26:45,7.38,--,321,236898,卖盘
506,14:26:36,7.38,--,29,21402,卖盘
507,14:26:33,7.38,-0.01,228,168264,卖盘
508,14:26:30,7.39,-0.01,328,242392,中性盘
509,14:26:21,7.4,0.02,158,116920,买盘
510,14:26:18,7.38,--,8,5904,卖盘
511,14:26:15,7.38,-0.02,221,163098,卖盘
512,14:26:12,7.4,0.01,114,84360,买盘
513,14:26:09,7.39,--,32,23648,买盘
514,14:26:06,7.39,0.01,1,739,买盘
515,14:26:03,7.38,--,7,5166,卖盘
516,14:26:00,7.38,--,342,252396,卖盘
517,14:25:57,7.38,-0.01,111,81918,卖盘
518,14:25:51,7.39,-0.01,22,16258,卖盘
519,14:25:48,7.4,0.01,115,85100,买盘
520,14:25:45,7.39,0.01,306,226134,中性盘
521,14:25:42,7.38,-0.02,23,16974,卖盘
522,14:25:39,7.4,0.01,1135,839900,买盘
523,14:25:36,7.39,--,1455,1075245,卖盘
524,14:25:33,7.39,--,8,5912,卖盘
525,14:25:30,7.39,--,234,172926,卖盘
526,14:25:27,7.39,-0.01,127,93853,卖盘
527,14:25:24,7.4,0.01,47,34780,买盘
528,14:25:21,7.39,-0.01,8,5912,卖盘
529,14:25:18,7.4,--,389,287860,买盘
530,14:25:15,7.4,--,350,259000,买盘
531,14:25:09,7.4,--,5,3700,买盘
532,14:25:06,7.4,0.01,120,88800,买盘
533,14:25:03,7.39,--,5,3695,卖盘
534,14:25:00,7.39,--,229,169231,卖盘
535,14:24:57,7.39,-0.01,5,3695,卖盘
536,14:24:54,7.4,0.01,117,86580,买盘
537,14:24:51,7.39,-0.01,68,50252,卖盘
538,14:24:48,7.4,0.01,73,54020,买盘
539,14:24:45,7.39,-0.01,235,173665,卖盘
540,14:24:42,7.4,0.01,115,85100,买盘
541,14:24:33,7.39,-0.01,135,99765,卖盘
542,14:24:30,7.4,--,262,193880,买盘
543,14:24:27,7.4,0.01,5,3700,买盘
544,14:24:21,7.39,-0.01,135,99765,卖盘
545,14:24:18,7.4,--,795,588300,卖盘
546,14:24:15,7.4,--,446,330040,卖盘
547,14:24:12,7.4,--,85,62900,卖盘
548,14:24:09,7.4,--,171,126540,卖盘
549,14:24:06,7.4,--,34,25160,卖盘
550,14:24:03,7.4,--,44,32560,卖盘
551,14:24:00,7.4,-0.01,239,176860,卖盘
552,14:23:57,7.41,--,155,114855,买盘
553,14:23:48,7.41,0.01,112,82992,买盘
554,14:23:42,7.4,-0.01,131,96940,卖盘
555,14:23:39,7.41,--,95,70395,买盘
556,14:23:36,7.41,--,107,79287,买盘
557,14:23:33,7.41,0.01,53,39273,买盘
558,14:23:30,7.4,-0.01,235,173900,卖盘
559,14:23:27,7.41,0.01,167,123747,买盘
560,14:23:24,7.4,--,57,42180,卖盘
561,14:23:21,7.4,--,324,239760,卖盘
562,14:23:15,7.4,--,128,94720,卖盘
563,14:23:12,7.4,-0.01,5,3700,卖盘
564,14:23:09,7.41,--,36,26676,买盘
565,14:23:03,7.41,0.01,156,115596,买盘
566,14:22:51,7.4,--,1,740,卖盘
567,14:22:48,7.4,--,23,17020,卖盘
568,14:22:45,7.4,--,32,23680,卖盘
569,14:22:42,7.4,--,40,29600,卖盘
570,14:22:36,7.4,-0.01,41,30340,卖盘
571,14:22:33,7.41,--,31,22971,买盘
572,14:22:30,7.41,--,35,25935,买盘
573,14:22:27,7.41,0.01,1,741,买盘
574,14:22:24,7.4,--,83,61420,卖盘
575,14:22:21,7.4,--,116,85840,卖盘
576,14:22:18,7.4,--,10,7400,卖盘
577,14:22:15,7.4,--,1,740,卖盘
578,14:22:12,7.4,-0.01,9,6660,卖盘
579,14:22:03,7.41,0.01,19,14079,买盘
580,14:22:00,7.4,-0.01,5,3700,卖盘
581,14:21:57,7.41,--,6,4446,买盘
582,14:21:54,7.41,0.01,8,5928,买盘
583,14:21:51,7.4,-0.01,39,28860,卖盘
584,14:21:48,7.41,--,2,1482,买盘
585,14:21:42,7.41,0.01,9,6669,买盘
586,14:21:36,7.4,--,4,2960,卖盘
587,14:21:30,7.4,--,4,2960,卖盘
588,14:21:27,7.4,-0.01,38,28120,卖盘
589,14:21:24,7.41,0.01,70,51870,买盘
590,14:21:15,7.4,-0.01,6,4440,卖盘
591,14:21:12,7.41,--,73,54093,买盘
592,14:21:09,7.41,0.01,62,45942,买盘
593,14:21:03,7.4,-0.01,3,2220,卖盘
594,14:21:00,7.41,--,15,11115,买盘
595,14:20:57,7.41,0.01,74,54834,买盘
596,14:20:54,7.4,-0.01,218,161320,卖盘
597,14:20:48,7.41,--,21,15561,买盘
598,14:20:45,7.41,0.01,28,20748,买盘
599,14:20:42,7.4,--,31,22940,卖盘
600,14:20:39,7.4,--,39,28860,卖盘
601,14:20:33,7.4,--,5,3700,卖盘
602,14:20:30,7.4,-0.01,1,740,卖盘
603,14:20:27,7.41,--,54,40014,买盘
604,14:20:24,7.41,0.01,68,50388,买盘
605,14:20:21,7.4,--,17,12580,卖盘
606,14:20:15,7.4,-0.01,1,740,卖盘
607,14:20:06,7.41,--,1,741,买盘
608,14:20:03,7.41,--,4,2964,买盘
609,14:20:00,7.41,--,20,14820,买盘
610,14:19:57,7.41,0.01,22,16302,买盘
611,14:19:54,7.4,--,178,131720,卖盘
612,14:19:51,7.4,--,23,17020,卖盘
613,14:19:48,7.4,-0.01,17,12580,卖盘
614,14:19:45,7.41,--,4,2964,买盘
615,14:19:39,7.41,0.01,6,4446,买盘
616,14:19:27,7.4,-0.01,4,2960,卖盘
617,14:19:24,7.41,0.01,46,34086,买盘
618,14:19:18,7.4,--,7,5180,卖盘
619,14:19:15,7.4,-0.01,115,85100,卖盘
620,14:19:09,7.41,--,1,741,买盘
621,14:19:06,7.41,--,16,11856,买盘
622,14:19:03,7.41,0.01,6,4446,买盘
623,14:19:00,7.4,--,25,18500,卖盘
624,14:18:54,7.4,-0.01,27,19980,卖盘
625,14:18:51,7.41,0.01,27,20007,买盘
626,14:18:42,7.4,--,3,2220,卖盘
627,14:18:39,7.4,--,12,8880,卖盘
628,14:18:33,7.4,--,3,2220,卖盘
629,14:18:30,7.4,-0.01,10,7400,卖盘
630,14:18:24,7.41,--,59,43719,买盘
631,14:18:21,7.41,0.01,6,4446,买盘
632,14:18:18,7.4,--,20,14800,卖盘
633,14:18:15,7.4,--,67,49580,卖盘
634,14:18:06,7.4,--,3,2220,卖盘
635,14:18:03,7.4,--,4,2960,卖盘
636,14:17:57,7.4,--,2,1480,卖盘
637,14:17:51,7.4,-0.01,9,6660,卖盘
638,14:17:45,7.41,--,2,1482,买盘
639,14:17:42,7.41,--,32,23712,买盘
640,14:17:39,7.41,--,63,46683,买盘
641,14:17:30,7.41,0.01,20,14820,买盘
642,14:17:27,7.4,-0.01,5,3700,卖盘
643,14:17:24,7.41,--,37,27417,买盘
644,14:17:21,7.41,--,201,148941,卖盘
645,14:17:18,7.41,-0.01,15,11115,卖盘
646,14:17:15,7.42,--,28,20776,买盘
647,14:17:12,7.42,0.01,77,57134,买盘
648,14:17:03,7.41,--,1,741,卖盘
649,14:17:00,7.41,-0.01,73,54093,卖盘
650,14:16:54,7.42,0.01,13,9646,买盘
651,14:16:48,7.41,--,1,741,卖盘
652,14:16:39,7.41,--,2,1482,卖盘
653,14:16:27,7.41,-0.01,10,7410,卖盘
654,14:16:21,7.42,--,9,6678,买盘
655,14:16:18,7.42,0.01,1,742,买盘
656,14:16:15,7.41,--,15,11115,卖盘
657,14:16:06,7.41,--,1,741,卖盘
658,14:16:03,7.41,-0.01,5,3705,卖盘
659,14:16:00,7.42,0.01,123,91266,买盘
660,14:15:57,7.41,--,117,86697,卖盘
661,14:15:54,7.41,-0.01,5,3705,卖盘
662,14:15:51,7.42,--,41,30422,买盘
663,14:15:48,7.42,--,23,17066,买盘
664,14:15:45,7.42,0.01,43,31906,买盘
665,14:15:42,7.41,-0.01,161,119301,卖盘
666,14:15:39,7.42,--,80,59360,买盘
667,14:15:30,7.42,--,4,2968,买盘
668,14:15:27,7.42,0.01,30,22260,买盘
669,14:15:21,7.41,-0.01,23,17043,卖盘
670,14:15:18,7.42,0.01,141,104622,买盘
671,14:15:15,7.41,--,601,445341,卖盘
672,14:15:03,7.41,--,7,5187,卖盘
673,14:15:00,7.41,--,80,59280,卖盘
674,14:14:54,7.41,--,1,741,卖盘
675,14:14:51,7.41,--,4,2964,卖盘
676,14:14:48,7.41,--,5,3705,卖盘
677,14:14:45,7.41,--,11,8151,卖盘
678,14:14:42,7.41,--,16,11856,卖盘
679,14:14:24,7.41,-0.01,5,3705,卖盘
680,14:14:15,7.42,0.01,32,23744,买盘
681,14:14:12,7.41,-0.01,111,82251,卖盘
682,14:14:09,7.42,0.01,40,29680,买盘
683,14:14:06,7.41,-0.01,24,17784,卖盘
684,14:14:03,7.42,--,114,84588,买盘
685,14:14:00,7.42,--,225,166950,买盘
686,14:13:57,7.42,--,16,11872,买盘
687,14:13:54,7.42,--,1,742,买盘
688,14:13:51,7.42,0.01,54,40068,买盘
689,14:13:45,7.41,--,28,20748,买盘
690,14:13:42,7.41,-0.01,2,1482,中性盘
691,14:13:39,7.42,0.01,72,53424,买盘
692,14:13:36,7.41,--,1,741,买盘
693,14:13:33,7.41,-0.01,1,741,中性盘
694,14:13:30,7.42,0.01,51,37842,买盘
695,14:13:21,7.41,--,6,4446,买盘
696,14:13:18,7.41,0.01,114,84474,买盘
697,14:13:15,7.4,--,13,9620,卖盘
698,14:13:12,7.4,--,50,37000,卖盘
699,14:13:09,7.4,-0.01,59,43660,卖盘
700,14:13:06,7.41,--,111,82251,买盘
701,14:13:03,7.41,0.01,98,72618,买盘
702,14:12:57,7.4,-0.01,58,42920,卖盘
703,14:12:54,7.41,-0.01,43,31863,中性盘
704,14:12:48,7.42,--,166,123172,买盘
705,14:12:45,7.42,0.01,131,97202,买盘
706,14:12:42,7.41,--,69,51129,买盘
707,14:12:39,7.41,--,136,100776,买盘
708,14:12:36,7.41,-0.01,1062,786942,卖盘
709,14:12:33,7.42,--,69,51198,买盘
710,14:12:30,7.42,0.01,21,15582,买盘
711,14:12:27,7.41,-0.01,14,10374,卖盘
712,14:12:24,7.42,--,48,35616,买盘
713,14:12:21,7.42,0.01,36,26712,买盘
714,14:12:18,7.41,--,155,114855,卖盘
715,14:12:15,7.41,--,48,35568,卖盘
716,14:12:12,7.41,--,98,72618,卖盘
717,14:12:09,7.41,-0.01,64,47424,卖盘
718,14:12:06,7.42,0.01,36,26712,买盘
719,14:12:03,7.41,-0.01,96,71136,卖盘
720,14:12:00,7.42,--,41,30422,买盘
721,14:11:57,7.42,0.01,144,106848,买盘
722,14:11:54,7.41,-0.01,67,49647,卖盘
723,14:11:51,7.42,0.01,60,44520,买盘
724,14:11:42,7.41,-0.01,8,5928,卖盘
725,14:11:39,7.42,--,45,33390,买盘
726,14:11:36,7.42,0.01,101,74942,买盘
727,14:11:33,7.41,-0.01,317,234897,卖盘
728,14:11:30,7.42,--,46,34132,买盘
729,14:11:27,7.42,--,54,40068,买盘
730,14:11:24,7.42,--,8,5936,买盘
731,14:11:21,7.42,0.01,20,14840,买盘
732,14:11:18,7.41,--,124,91884,卖盘
733,14:11:12,7.41,--,28,20748,卖盘
734,14:11:09,7.41,-0.01,155,114855,卖盘
735,14:11:06,7.42,0.01,67,49714,买盘
736,14:11:03,7.41,0.01,235,174135,买盘
737,14:11:00,7.4,-0.01,8,5920,卖盘
738,14:10:57,7.41,0.01,44,32604,买盘
739,14:10:51,7.4,--,10,7400,卖盘
740,14:10:48,7.4,-0.01,29,21460,卖盘
741,14:10:45,7.41,--,53,39273,买盘
742,14:10:42,7.41,0.01,23,17043,买盘
743,14:10:36,7.4,-0.01,10,7400,卖盘
744,14:10:33,7.41,--,53,39273,买盘
745,14:10:30,7.41,0.01,14,10374,买盘
746,14:10:27,7.4,--,8,5920,卖盘
747,14:10:24,7.4,--,60,44400,卖盘
748,14:10:15,7.4,-0.01,28,20720,卖盘
749,14:10:12,7.41,--,73,54093,买盘
750,14:10:06,7.41,0.01,43,31863,买盘
751,14:10:03,7.4,-0.01,14,10360,卖盘
752,14:10:00,7.41,0.01,84,62244,买盘
753,14:09:54,7.4,--,10,7400,卖盘
754,14:09:51,7.4,-0.01,63,46620,卖盘
755,14:09:45,7.41,0.01,9,6669,买盘
756,14:09:42,7.4,-0.01,9,6660,卖盘
757,14:09:39,7.41,0.01,46,34086,买盘
758,14:09:36,7.4,-0.01,5,3700,卖盘
759,14:09:33,7.41,0.01,44,32604,买盘
760,14:09:30,7.4,-0.01,10,7400,卖盘
761,14:09:27,7.41,0.01,188,139308,买盘
762,14:09:21,7.4,-0.01,22,16280,卖盘
763,14:09:18,7.41,--,408,302328,买盘
764,14:09:15,7.41,--,80,59280,买盘
765,14:09:12,7.41,--,37,27417,买盘
766,14:09:09,7.41,--,29,21489,买盘
767,14:09:06,7.41,0.01,63,46683,买盘
768,14:09:03,7.4,-0.01,10,7400,卖盘
769,14:09:00,7.41,0.01,64,47424,买盘
770,14:08:57,7.4,-0.01,52,38480,卖盘
771,14:08:54,7.41,--,55,40755,买盘
772,14:08:51,7.41,--,11,8151,买盘
773,14:08:48,7.41,--,76,56316,买盘
774,14:08:45,7.41,--,106,78546,买盘
775,14:08:42,7.41,--,119,88179,买盘
776,14:08:39,7.41,0.01,11,8151,买盘
777,14:08:36,7.4,-0.01,16,11840,卖盘
778,14:08:33,7.41,--,54,40014,买盘
779,14:08:30,7.41,--,27,20007,买盘
780,14:08:27,7.41,--,218,161538,买盘
781,14:08:24,7.41,--,14,10374,买盘
782,14:08:21,7.41,--,73,54093,买盘
783,14:08:18,7.41,0.01,5,3705,买盘
784,14:08:15,7.4,-0.01,9,6660,卖盘
785,14:08:12,7.41,--,61,45201,买盘
786,14:08:09,7.41,0.01,6,4446,买盘
787,14:08:06,7.4,--,10,7400,卖盘
788,14:08:03,7.4,-0.01,14,10360,卖盘
789,14:08:00,7.41,--,161,119301,买盘
790,14:07:57,7.41,--,6,4446,买盘
791,14:07:54,7.41,0.01,5,3705,买盘
792,14:07:51,7.4,--,50,37000,卖盘
793,14:07:48,7.4,-0.01,157,116180,卖盘
794,14:07:45,7.41,--,6,4446,买盘
795,14:07:42,7.41,--,21,15561,买盘
796,14:07:39,7.41,--,52,38532,买盘
797,14:07:36,7.41,0.01,24,17784,买盘
798,14:07:33,7.4,-0.01,29,21460,卖盘
799,14:07:30,7.41,--,722,535002,买盘
800,14:07:27,7.41,--,142,105222,买盘
801,14:07:24,7.41,--,6,4446,买盘
802,14:07:21,7.41,0.01,10,7410,买盘
803,14:07:18,7.4,-0.01,10,7400,卖盘
804,14:07:15,7.41,--,50,37050,买盘
805,14:07:12,7.41,0.01,14,10374,买盘
806,14:07:09,7.4,--,5,3700,卖盘
807,14:07:06,7.4,-0.01,9,6660,卖盘
808,14:07:03,7.41,--,50,37050,买盘
809,14:07:00,7.41,0.01,33,24453,买盘
810,14:06:57,7.4,--,130,96200,卖盘
811,14:06:54,7.4,-0.01,66,48840,卖盘
812,14:06:51,7.41,0.01,3,2223,买盘
813,14:06:45,7.4,-0.01,8,5920,卖盘
814,14:06:42,7.41,0.01,51,37791,买盘
815,14:06:39,7.4,--,9,6660,卖盘
816,14:06:36,7.4,--,300,222000,卖盘
817,14:06:33,7.4,-0.01,11,8140,卖盘
818,14:06:30,7.41,--,61,45201,买盘
819,14:06:27,7.41,0.01,65,48165,买盘
820,14:06:24,7.4,-0.01,21,15540,卖盘
821,14:06:21,7.41,--,459,340119,买盘
822,14:06:18,7.41,0.01,28,20748,买盘
823,14:06:12,7.4,-0.01,9,6660,卖盘
824,14:06:09,7.41,0.01,90,66690,买盘
825,14:06:03,7.4,--,25,18500,卖盘
826,14:06:00,7.4,-0.01,13,9620,卖盘
827,14:05:57,7.41,0.01,218,161538,买盘
828,14:05:54,7.4,-0.01,7,5180,卖盘
829,14:05:51,7.41,--,191,141531,买盘
830,14:05:48,7.41,--,46,34086,买盘
831,14:05:45,7.41,--,19,14079,买盘
832,14:05:42,7.41,--,60,44460,买盘
833,14:05:39,7.41,0.01,52,38532,买盘
834,14:05:36,7.4,--,100,74000,卖盘
835,14:05:30,7.4,--,10,7400,卖盘
836,14:05:27,7.4,--,75,55500,卖盘
837,14:05:24,7.4,--,47,34780,卖盘
838,14:05:21,7.4,--,1,740,卖盘
839,14:05:18,7.4,-0.01,9,6660,卖盘
840,14:05:15,7.41,0.01,52,38532,买盘
841,14:05:12,7.4,-0.01,23,17020,卖盘
842,14:05:09,7.41,0.01,22,16302,买盘
843,14:05:06,7.4,-0.01,8,5920,卖盘
844,14:05:03,7.41,--,52,38532,买盘
845,14:05:00,7.41,0.01,65,48165,买盘
846,14:04:57,7.4,-0.01,2,1480,卖盘
847,14:04:54,7.41,--,88,65208,买盘
848,14:04:51,7.41,0.01,183,135603,买盘
849,14:04:45,7.4,--,11,8140,卖盘
850,14:04:42,7.4,-0.01,54,39960,卖盘
851,14:04:39,7.41,0.01,103,76323,买盘
852,14:04:36,7.4,-0.01,2,1480,卖盘
853,14:04:33,7.41,0.01,63,46683,买盘
854,14:04:30,7.4,-0.01,74,54760,卖盘
855,14:04:27,7.41,--,65,48165,买盘
856,14:04:24,7.41,0.01,105,77805,买盘
857,14:04:21,7.4,-0.01,9,6660,卖盘
858,14:04:18,7.41,--,46,34086,买盘
859,14:04:15,7.41,0.01,30,22230,买盘
860,14:04:12,7.4,-0.01,15,11100,卖盘
861,14:04:09,7.41,--,45,33345,买盘
862,14:04:06,7.41,--,3,2223,买盘
863,14:04:03,7.41,0.01,1,741,买盘
864,14:04:00,7.4,-0.01,8,5920,卖盘
865,14:03:57,7.41,0.01,119,88179,买盘
866,14:03:54,7.4,-0.01,1,740,卖盘
867,14:03:51,7.41,--,19,14079,买盘
868,14:03:48,7.41,--,28,20748,买盘
869,14:03:45,7.41,--,300,222300,买盘
870,14:03:42,7.41,--,19,14079,买盘
871,14:03:39,7.41,--,37,27417,买盘
872,14:03:36,7.41,0.01,105,77805,买盘
873,14:03:33,7.4,-0.01,37,27380,卖盘
874,14:03:30,7.41,0.01,97,71877,买盘
875,14:03:27,7.4,--,75,55500,卖盘
876,14:03:24,7.4,-0.01,113,83620,卖盘
877,14:03:21,7.41,--,7,5187,买盘
878,14:03:18,7.41,0.01,30,22230,买盘
879,14:03:15,7.4,-0.01,1047,774780,卖盘
880,14:03:12,7.41,--,52,38532,买盘
881,14:03:09,7.41,--,20,14820,买盘
882,14:03:06,7.41,--,13,9633,买盘
883,14:03:03,7.41,--,51,37791,买盘
884,14:03:00,7.41,--,17,12597,买盘
885,14:02:57,7.41,--,68,50388,买盘
886,14:02:54,7.41,--,12,8892,买盘
887,14:02:51,7.41,--,53,39273,买盘
888,14:02:48,7.41,--,7,5187,买盘
889,14:02:45,7.41,--,55,40755,买盘
890,14:02:42,7.41,--,30,22230,买盘
891,14:02:39,7.41,--,47,34827,买盘
892,14:02:33,7.41,--,72,53352,买盘
893,14:02:30,7.41,--,95,70395,买盘
894,14:02:27,7.41,--,3,2223,买盘
895,14:02:24,7.41,0.01,3,2223,买盘
896,14:02:21,7.4,-0.01,13,9620,卖盘
897,14:02:18,7.41,--,58,42978,买盘
898,14:02:15,7.41,--,57,42237,买盘
899,14:02:12,7.41,0.01,3,2223,买盘
900,14:02:09,7.4,-0.01,16,11840,卖盘
901,14:02:06,7.41,--,56,41496,买盘
902,14:02:03,7.41,--,4,2964,买盘
903,14:02:00,7.41,--,14,10374,买盘
904,14:01:57,7.41,--,48,35568,买盘
905,14:01:54,7.41,--,31,22971,买盘
906,14:01:51,7.41,0.02,828,613614,买盘
907,14:01:48,7.39,-0.01,19,14041,卖盘
908,14:01:45,7.4,--,52,38480,买盘
909,14:01:42,7.4,--,6,4440,买盘
910,14:01:39,7.4,--,2,1480,买盘
911,14:01:36,7.4,--,41,30340,买盘
912,14:01:33,7.4,--,53,39220,买盘
913,14:01:30,7.4,--,33,24420,买盘
914,14:01:27,7.4,--,25,18500,买盘
915,14:01:24,7.4,--,2,1480,买盘
916,14:01:21,7.4,0.01,50,37000,买盘
917,14:01:15,7.39,--,10,7390,卖盘
918,14:01:12,7.39,--,175,129325,卖盘
919,14:01:06,7.39,-0.01,5,3695,卖盘
920,14:01:03,7.4,--,257,190180,买盘
921,14:01:00,7.4,--,1750,1295000,买盘
922,14:00:57,7.4,0.01,1,740,买盘
923,14:00:54,7.39,-0.01,10,7390,卖盘
924,14:00:48,7.4,0.01,50,37000,买盘
925,14:00:42,7.39,-0.01,9,6651,卖盘
926,14:00:39,7.4,0.01,48,35520,买盘
927,14:00:33,7.39,-0.01,6,4434,卖盘
928,14:00:30,7.4,--,75,56173,卖盘
929,14:00:27,7.4,--,209,154726,买盘
930,14:00:24,7.4,--,186,137640,买盘
931,14:00:21,7.4,--,19,14060,买盘
932,14:00:18,7.4,--,4,2960,买盘
933,14:00:15,7.4,--,45,33300,买盘
934,14:00:12,7.4,0.01,1,740,买盘
935,14:00:09,7.39,-0.01,10,7390,卖盘
936,14:00:06,7.4,--,46,34040,买盘
937,14:00:03,7.4,--,2,1480,买盘
938,13:59:57,7.4,--,14,10360,买盘
939,13:59:54,7.4,--,118,87320,买盘
940,13:59:51,7.4,0.01,128,94720,买盘
941,13:59:45,7.39,-0.01,5,3695,卖盘
942,13:59:42,7.4,0.01,79,58460,买盘
943,13:59:39,7.39,-0.01,30,22170,卖盘
944,13:59:30,7.4,--,51,37740,买盘
945,13:59:21,7.4,0.01,56,41440,买盘
946,13:59:18,7.39,-0.01,53,39167,卖盘
947,13:59:15,7.4,--,2435,1801900,买盘
948,13:59:12,7.4,--,26,19240,买盘
949,13:59:09,7.4,--,53,39220,买盘
950,13:59:03,7.4,--,1,740,买盘
951,13:59:00,7.4,--,54,39960,买盘
952,13:58:57,7.4,0.01,5,3700,买盘
953,13:58:54,7.39,-0.01,17,12563,卖盘
954,13:58:51,7.4,0.01,184,136160,买盘
955,13:58:48,7.39,--,102,75378,卖盘
956,13:58:45,7.39,-0.01,74,54686,卖盘
957,13:58:42,7.4,--,1,740,买盘
958,13:58:39,7.4,--,8,5920,买盘
959,13:58:36,7.4,--,45,33300,买盘
960,13:58:30,7.4,--,14,10360,买盘
961,13:58:27,7.4,0.01,127,93980,买盘
962,13:58:24,7.39,-0.01,9,6651,卖盘
963,13:58:21,7.4,--,34,25160,买盘
964,13:58:15,7.4,--,75,55500,买盘
965,13:58:06,7.4,--,157,116180,买盘
966,13:58:03,7.4,--,72,53280,买盘
967,13:58:00,7.4,--,100,74000,买盘
968,13:57:54,7.4,--,50,37000,买盘
969,13:57:51,7.4,0.01,14,10360,买盘
970,13:57:48,7.39,--,1,739,卖盘
971,13:57:45,7.39,-0.01,49,36211,卖盘
972,13:57:42,7.4,0.01,1119,828060,买盘
973,13:57:39,7.39,--,11,8129,卖盘
974,13:57:36,7.39,--,169,124891,卖盘
975,13:57:33,7.39,-0.01,105,77595,卖盘
976,13:57:30,7.4,--,47,34780,买盘
977,13:57:27,7.4,--,12,8880,买盘
978,13:57:21,7.4,--,11,8140,买盘
979,13:57:18,7.4,--,69,51060,买盘
980,13:57:09,7.4,0.01,59,43660,买盘
981,13:57:06,7.39,--,9,6651,卖盘
982,13:57:03,7.39,0.01,383,283037,买盘
983,13:57:00,7.38,-0.01,35,25830,卖盘
984,13:56:57,7.39,--,53,39167,买盘
985,13:56:45,7.39,--,95,70205,买盘
986,13:56:42,7.39,0.01,1,739,买盘
987,13:56:39,7.38,-0.01,1,738,卖盘
988,13:56:36,7.39,-0.01,87,64293,卖盘
989,13:56:30,7.4,0.01,15,11100,买盘
990,13:56:27,7.39,-0.01,6,4434,卖盘
991,13:56:24,7.4,0.01,101,74740,买盘
992,13:56:21,7.39,0.01,30,22170,买盘
993,13:56:18,7.38,-0.02,59,43542,卖盘
994,13:56:15,7.4,--,48,35520,买盘
995,13:56:09,7.4,--,40,29600,买盘
996,13:56:06,7.4,0.01,25,18500,买盘
997,13:56:03,7.39,-0.01,48,35472,买盘
998,13:56:00,7.4,0.02,3,2220,买盘
999,13:55:57,7.38,-0.02,193,142434,卖盘
1000,13:55:54,7.4,--,6,4440,买盘
1001,13:55:51,7.4,--,60,44400,买盘
1002,13:55:48,7.4,--,2,1480,买盘
1003,13:55:45,7.4,--,44,32560,买盘
1004,13:55:39,7.4,--,46,34040,买盘
1005,13:55:30,7.4,--,54,39960,买盘
1006,13:55:27,7.4,--,9,6660,买盘
1007,13:55:24,7.4,--,208,153920,买盘
1008,13:55:18,7.4,--,108,79920,买盘
1009,13:55:15,7.4,--,48,35520,买盘
1010,13:55:12,7.4,--,14,10360,买盘
1011,13:55:06,7.4,--,87,64380,买盘
1012,13:55:03,7.4,--,54,39960,买盘
1013,13:54:54,7.4,0.02,51,37740,买盘
1014,13:54:51,7.38,-0.01,30,22140,卖盘
1015,13:54:48,7.39,--,273,201747,买盘
1016,13:54:45,7.39,0.01,148,109372,买盘
1017,13:54:36,7.38,-0.01,38,28044,卖盘
1018,13:54:33,7.39,--,44,32516,买盘
1019,13:54:30,7.39,--,14,10346,买盘
1020,13:54:27,7.39,--,32,23648,买盘
1021,13:54:24,7.39,--,109,80551,买盘
1022,13:54:15,7.39,--,45,33255,买盘
1023,13:54:12,7.39,0.01,51,37689,买盘
1024,13:54:06,7.38,-0.01,5,3690,卖盘
1025,13:54:03,7.39,--,54,39906,买盘
1026,13:54:00,7.39,--,55,40645,买盘
1027,13:53:57,7.39,0.01,1,739,买盘
1028,13:53:51,7.38,-0.02,69,50922,卖盘
1029,13:53:48,7.4,--,64,47360,买盘
1030,13:53:45,7.4,--,46,34040,买盘
1031,13:53:39,7.4,--,49,36260,买盘
1032,13:53:36,7.4,--,48,35520,买盘
1033,13:53:27,7.4,--,47,34780,买盘
1034,13:53:21,7.4,--,1,740,买盘
1035,13:53:15,7.4,--,96,71040,买盘
1036,13:53:12,7.4,--,65,48100,买盘
1037,13:53:09,7.4,--,45,33300,买盘
1038,13:53:06,7.4,--,54,39960,买盘
1039,13:53:00,7.4,0.02,74,54760,买盘
1040,13:52:57,7.38,-0.02,5,3690,卖盘
1041,13:52:54,7.4,--,48,35520,买盘
1042,13:52:45,7.4,0.01,95,70300,买盘
1043,13:52:39,7.39,-0.01,1,739,卖盘
1044,13:52:33,7.4,--,51,37740,买盘
1045,13:52:30,7.4,0.02,14,10360,买盘
1046,13:52:24,7.38,-0.02,5,3690,卖盘
1047,13:52:21,7.4,0.02,49,36260,买盘
1048,13:52:18,7.38,-0.02,73,53874,卖盘
1049,13:52:15,7.4,--,43,31820,买盘
1050,13:52:12,7.4,--,48,35520,买盘
1051,13:52:09,7.4,0.02,42,31080,买盘
1052,13:52:06,7.38,-0.02,7,5166,卖盘
1053,13:52:03,7.4,--,170,125800,买盘
1054,13:52:00,7.4,0.01,121,89540,买盘
1055,13:51:57,7.39,--,51,37689,卖盘
1056,13:51:54,7.39,-0.01,241,178099,卖盘
1057,13:51:51,7.4,--,14,10360,买盘
1058,13:51:48,7.4,--,52,38480,买盘
1059,13:51:45,7.4,0.01,195,144300,买盘
1060,13:51:42,7.39,-0.01,1,739,卖盘
1061,13:51:39,7.4,--,4,2960,买盘
1062,13:51:36,7.4,--,52,38480,买盘
1063,13:51:33,7.4,--,133,98420,买盘
1064,13:51:27,7.4,0.01,57,42180,买盘
1065,13:51:24,7.39,--,6,4434,卖盘
1066,13:51:18,7.39,-0.01,1,739,卖盘
1067,13:51:15,7.4,--,101,74740,买盘
1068,13:51:12,7.4,--,61,45140,买盘
1069,13:51:09,7.4,--,34,25160,买盘
1070,13:51:06,7.4,--,51,37740,买盘
1071,13:51:00,7.4,--,27,19980,买盘
1072,13:50:54,7.4,0.01,49,36260,买盘
1073,13:50:48,7.39,--,8,5912,卖盘
1074,13:50:45,7.39,-0.01,7,5173,卖盘
1075,13:50:42,7.4,0.01,150,111000,买盘
1076,13:50:39,7.39,--,10,7390,卖盘
1077,13:50:36,7.39,-0.01,9,6651,卖盘
1078,13:50:30,7.4,0.01,62,45880,买盘
1079,13:50:27,7.39,--,8,5912,卖盘
1080,13:50:24,7.39,-0.01,79,58381,卖盘
1081,13:50:21,7.4,0.01,46,34040,买盘
1082,13:50:18,7.39,--,15,11085,卖盘
1083,13:50:15,7.39,-0.01,8,5912,卖盘
1084,13:50:09,7.4,--,54,39960,买盘
1085,13:50:06,7.4,--,1,740,买盘
1086,13:50:03,7.4,0.02,144,106560,买盘
1087,13:50:00,7.38,-0.01,552,407376,卖盘
1088,13:49:57,7.39,0.01,1,739,中性盘
1089,13:49:54,7.38,-0.02,13,9594,卖盘
1090,13:49:51,7.4,0.02,38,28120,买盘
1091,13:49:48,7.38,-0.01,57,42066,卖盘
1092,13:49:45,7.39,--,15,11085,卖盘
1093,13:49:42,7.39,--,38,28082,买盘
1094,13:49:39,7.39,--,1,739,买盘
1095,13:49:36,7.39,--,96,70944,卖盘
1096,13:49:33,7.39,--,8,5912,卖盘
1097,13:49:30,7.39,-0.01,149,110111,卖盘
1098,13:49:24,7.4,--,50,37000,买盘
1099,13:49:21,7.4,--,27,19980,买盘
1100,13:49:18,7.4,--,113,83620,买盘
1101,13:49:15,7.4,--,48,35520,买盘
1102,13:49:12,7.4,0.01,30,22200,买盘
1103,13:49:09,7.39,--,22,16258,买盘
1104,13:49:06,7.39,-0.01,32,23648,卖盘
1105,13:49:03,7.4,0.01,50,37000,买盘
1106,13:49:00,7.39,--,5,3695,卖盘
1107,13:48:57,7.39,--,44,32516,买盘
1108,13:48:54,7.39,--,51,37689,买盘
1109,13:48:48,7.39,--,21,15519,买盘
1110,13:48:45,7.39,--,1,739,买盘
1111,13:48:42,7.39,--,123,91066,卖盘
1112,13:48:36,7.39,--,9,6651,卖盘
1113,13:48:33,7.39,--,5,3695,卖盘
1114,13:48:30,7.39,--,232,171448,卖盘
1115,13:48:24,7.39,-0.01,16,11824,卖盘
1116,13:48:21,7.4,0.01,328,242720,买盘
1117,13:48:18,7.39,--,2,1478,卖盘
1118,13:48:15,7.39,--,15,11085,卖盘
1119,13:48:12,7.39,0.01,26,19783,买盘
1120,13:48:09,7.38,-0.01,53,39114,卖盘
1121,13:48:06,7.39,--,34,25295,卖盘
1122,13:48:03,7.39,--,9,6651,卖盘
1123,13:48:00,7.39,--,34,25695,买盘
1124,13:47:57,7.39,--,46,33994,买盘
1125,13:47:54,7.39,0.01,29,21431,买盘
1126,13:47:51,7.38,-0.02,37,27475,卖盘
1127,13:47:48,7.4,--,604,446960,买盘
1128,13:47:45,7.4,0.01,252,186480,买盘
1129,13:47:42,7.39,--,6,4434,卖盘
1130,13:47:39,7.39,-0.01,101,74639,卖盘
1131,13:47:33,7.4,0.01,53,39220,买盘
1132,13:47:30,7.39,--,9,6651,卖盘
1133,13:47:27,7.39,-0.01,8,5912,卖盘
1134,13:47:24,7.4,--,53,39220,买盘
1135,13:47:18,7.4,--,12,8880,买盘
1136,13:47:12,7.4,0.01,67,49580,买盘
1137,13:47:09,7.39,--,2,1478,卖盘
1138,13:47:06,7.39,-0.01,17,12563,卖盘
1139,13:47:03,7.4,0.01,201,148740,买盘
1140,13:46:57,7.39,-0.01,10,7390,卖盘
1141,13:46:54,7.4,--,3,2220,买盘
1142,13:46:51,7.4,0.01,48,35520,买盘
1143,13:46:48,7.39,--,2,1795,卖盘
1144,13:46:45,7.39,-0.01,9,6651,卖盘
1145,13:46:39,7.4,0.01,47,34780,买盘
1146,13:46:36,7.39,-0.01,16,11824,卖盘
1147,13:46:33,7.4,--,76,56240,买盘
1148,13:46:30,7.4,--,25,18500,买盘
1149,13:46:27,7.4,0.01,46,34040,买盘
1150,13:46:24,7.39,-0.01,9,6651,卖盘
1151,13:46:18,7.4,0.01,45,33300,买盘
1152,13:46:12,7.39,--,59,43601,卖盘
1153,13:46:09,7.39,-0.02,23,16997,卖盘
1154,13:46:06,7.41,0.02,52,38532,买盘
1155,13:46:00,7.39,-0.01,187,138193,卖盘
1156,13:45:57,7.4,--,2699,1997511,买盘
1157,13:45:54,7.4,--,63,46620,买盘
1158,13:45:51,7.4,--,14,10360,买盘
1159,13:45:45,7.4,0.01,45,33300,买盘
1160,13:45:42,7.39,-0.01,5,3695,卖盘
1161,13:45:39,7.4,0.01,269,199060,买盘
1162,13:45:36,7.39,--,7,5173,卖盘
1163,13:45:33,7.39,--,226,167014,卖盘
1164,13:45:30,7.39,-0.01,20,14780,卖盘
1165,13:45:27,7.4,0.01,56,41440,买盘
1166,13:45:24,7.39,-0.01,26,19214,卖盘
1167,13:45:21,7.4,0.01,53,39220,买盘
1168,13:45:18,7.39,--,1,739,卖盘
1169,13:45:15,7.39,-0.01,11,8129,卖盘
1170,13:45:12,7.4,--,52,38480,买盘
1171,13:45:09,7.4,0.01,18,13320,买盘
1172,13:45:03,7.39,-0.01,35,25865,卖盘
1173,13:45:00,7.4,0.01,74,54760,买盘
1174,13:44:57,7.39,--,13,9607,卖盘
1175,13:44:54,7.39,-0.01,5,3695,卖盘
1176,13:44:51,7.4,--,49,36260,买盘
1177,13:44:45,7.4,0.01,57,42180,买盘
1178,13:44:42,7.39,-0.01,20,14780,卖盘
1179,13:44:39,7.4,--,48,35520,买盘
1180,13:44:36,7.4,--,1,740,买盘
1181,13:44:33,7.4,0.01,7,5180,买盘
1182,13:44:30,7.39,--,20,14780,卖盘
1183,13:44:27,7.39,--,50,36950,卖盘
1184,13:44:24,7.39,--,30,22170,卖盘
1185,13:44:21,7.39,--,174,128586,卖盘
1186,13:44:18,7.39,-0.01,8,5912,卖盘
1187,13:44:15,7.4,--,87,64380,买盘
1188,13:44:12,7.4,0.01,57,42180,买盘
1189,13:44:09,7.39,--,1,739,卖盘
1190,13:44:06,7.39,--,57,42123,卖盘
1191,13:44:00,7.39,--,25,18475,卖盘
1192,13:43:57,7.39,-0.01,4,2956,卖盘
1193,13:43:54,7.4,0.01,54,39960,买盘
1194,13:43:51,7.39,0.01,19,14041,卖盘
1195,13:43:48,7.38,-0.02,5,3690,卖盘
1196,13:43:45,7.4,--,29,21460,买盘
1197,13:43:42,7.4,--,52,38480,买盘
1198,13:43:36,7.4,--,14,10360,买盘
1199,13:43:33,7.4,--,52,38480,买盘
1200,13:43:30,7.4,0.02,66,48840,买盘
1201,13:43:24,7.38,-0.01,5,3690,卖盘
1202,13:43:21,7.39,--,50,36950,买盘
1203,13:43:15,7.39,0.01,6,4434,买盘
1204,13:43:12,7.38,-0.01,25,18450,卖盘
1205,13:43:09,7.39,--,109,80551,买盘
1206,13:43:03,7.39,0.01,30,22170,买盘
1207,13:43:00,7.38,-0.01,54,39852,卖盘
1208,13:42:57,7.39,--,10,7390,买盘
1209,13:42:54,7.39,--,196,144844,买盘
1210,13:42:51,7.39,0.01,28,20692,买盘
1211,13:42:48,7.38,--,246,181548,卖盘
1212,13:42:45,7.38,--,1,738,卖盘
1213,13:42:39,7.38,-0.01,9,6642,卖盘
1214,13:42:36,7.39,-0.01,228,168492,卖盘
1215,13:42:30,7.4,--,14,10360,买盘
1216,13:42:27,7.4,--,53,39220,买盘
1217,13:42:21,7.4,--,22,16280,买盘
1218,13:42:15,7.4,0.02,52,38480,买盘
1219,13:42:12,7.38,--,57,42066,卖盘
1220,13:42:09,7.38,--,1000,738000,卖盘
1221,13:42:06,7.38,-0.01,59,43542,卖盘
1222,13:42:03,7.39,--,46,33994,买盘
1223,13:41:57,7.39,--,19,14041,卖盘
1224,13:41:54,7.39,-0.01,51,37689,卖盘
1225,13:41:51,7.4,0.01,61,45140,买盘
1226,13:41:48,7.39,-0.01,87,64293,卖盘
1227,13:41:45,7.4,--,54,39960,买盘
1228,13:41:42,7.4,--,59,43660,买盘
1229,13:41:30,7.4,0.01,120,88800,买盘
1230,13:41:27,7.39,-0.01,9,6651,卖盘
1231,13:41:24,7.4,--,55,40700,买盘
1232,13:41:18,7.4,0.01,51,37740,买盘
1233,13:41:12,7.39,--,14,10346,买盘
1234,13:41:09,7.39,--,51,37689,买盘
1235,13:41:06,7.39,0.01,54,39906,买盘
1236,13:41:00,7.38,--,5,3690,卖盘
1237,13:40:57,7.38,-0.01,155,114390,卖盘
1238,13:40:54,7.39,-0.01,10,7390,卖盘
1239,13:40:48,7.4,--,4,2960,买盘
1240,13:40:45,7.4,0.02,100,74000,买盘
1241,13:40:39,7.38,-0.01,6,4428,卖盘
1242,13:40:36,7.39,-0.01,92,67988,卖盘
1243,13:40:30,7.4,0.01,34,25160,买盘
1244,13:40:27,7.39,--,49,36211,卖盘
1245,13:40:24,7.39,--,113,83507,卖盘
1246,13:40:21,7.39,--,167,123413,卖盘
1247,13:40:18,7.39,-0.01,5,3695,买盘
1248,13:40:15,7.4,0.01,60,44400,买盘
1249,13:40:12,7.39,0.01,316,233524,买盘
1250,13:40:09,7.38,-0.01,62,45756,卖盘
1251,13:40:06,7.39,0.01,526,388714,买盘
1252,13:40:03,7.38,--,59,43542,卖盘
1253,13:40:00,7.38,-0.01,149,109962,卖盘
1254,13:39:51,7.39,--,64,47296,买盘
1255,13:39:48,7.39,0.01,124,91636,买盘
1256,13:39:45,7.38,--,49,36162,卖盘
1257,13:39:42,7.38,-0.01,39,28782,卖盘
1258,13:39:39,7.39,0.01,91,67249,买盘
1259,13:39:36,7.38,--,39,28782,卖盘
1260,13:39:33,7.38,--,55,40590,卖盘
1261,13:39:30,7.38,--,86,63468,卖盘
1262,13:39:27,7.38,--,40,29520,卖盘
1263,13:39:24,7.38,--,39,28782,卖盘
1264,13:39:21,7.38,--,49,36162,卖盘
1265,13:39:18,7.38,-0.01,58,42804,卖盘
1266,13:39:15,7.39,0.01,6,4434,买盘
1267,13:39:12,7.38,-0.01,71,52398,卖盘
1268,13:39:09,7.39,--,116,85724,买盘
1269,13:39:06,7.39,--,50,36950,买盘
1270,13:39:03,7.39,--,92,67988,卖盘
1271,13:38:57,7.39,--,171,126369,卖盘
1272,13:38:54,7.39,-0.01,11,8129,卖盘
1273,13:38:51,7.4,--,12,8880,买盘
1274,13:38:45,7.4,0.01,88,65120,买盘
1275,13:38:39,7.39,--,109,80551,买盘
1276,13:38:36,7.39,--,114,84246,买盘
1277,13:38:33,7.39,--,50,36950,买盘
1278,13:38:30,7.39,--,14,10346,买盘
1279,13:38:27,7.39,0.01,7,5173,买盘
1280,13:38:24,7.38,-0.01,73,53874,卖盘
1281,13:38:21,7.39,-0.01,681,503259,卖盘
1282,13:38:12,7.4,0.01,47,34780,买盘
1283,13:38:06,7.39,--,5,3695,卖盘
1284,13:38:03,7.39,-0.01,206,152234,卖盘
1285,13:38:00,7.4,--,52,38480,买盘
1286,13:37:57,7.4,0.01,57,42180,买盘
1287,13:37:51,7.39,--,184,135976,卖盘
1288,13:37:48,7.39,--,137,101243,卖盘
1289,13:37:45,7.39,-0.01,43,31777,卖盘
1290,13:37:42,7.4,--,80,59200,买盘
1291,13:37:39,7.4,0.01,60,44400,买盘
1292,13:37:36,7.39,-0.01,221,163319,卖盘
1293,13:37:27,7.4,0.01,55,40700,买盘
1294,13:37:18,7.39,-0.01,57,42123,卖盘
1295,13:37:12,7.4,0.01,14,10360,买盘
1296,13:37:09,7.39,-0.01,8,5912,卖盘
1297,13:37:06,7.4,0.01,244,180560,买盘
1298,13:37:03,7.39,--,3,2217,卖盘
1299,13:37:00,7.39,--,100,73900,卖盘
1300,13:36:57,7.39,-0.01,1,739,卖盘
1301,13:36:54,7.4,--,57,42180,买盘
1302,13:36:51,7.4,--,227,167980,买盘
1303,13:36:48,7.4,--,14,10360,买盘
1304,13:36:45,7.4,0.01,70,51800,买盘
1305,13:36:36,7.39,-0.01,120,88680,卖盘
1306,13:36:33,7.4,--,54,39960,买盘
1307,13:36:30,7.4,--,14,10360,买盘
1308,13:36:21,7.4,--,52,38480,买盘
1309,13:36:18,7.4,0.01,2,1480,买盘
1310,13:36:15,7.39,--,8,5912,卖盘
1311,13:36:12,7.39,--,58,42862,卖盘
1312,13:36:09,7.39,--,58,42862,卖盘
1313,13:36:06,7.39,-0.01,149,110111,卖盘
1314,13:36:03,7.4,--,74,54760,买盘
1315,13:36:00,7.4,0.01,485,358900,买盘
1316,13:35:54,7.39,--,20,14780,卖盘
1317,13:35:51,7.39,--,787,581593,买盘
1318,13:35:48,7.39,--,52,38428,买盘
1319,13:35:39,7.39,--,70,51730,买盘
1320,13:35:36,7.39,--,56,41384,买盘
1321,13:35:33,7.39,--,83,61337,买盘
1322,13:35:30,7.39,--,4,2956,买盘
1323,13:35:27,7.39,0.01,99,73161,买盘
1324,13:35:24,7.38,-0.01,2,1476,卖盘
1325,13:35:15,7.39,--,57,42123,买盘
1326,13:35:12,7.39,--,17,12563,买盘
1327,13:35:09,7.39,--,12,8868,卖盘
1328,13:35:06,7.39,-0.01,10,7390,卖盘
1329,13:35:03,7.4,0.01,86,63640,买盘
1330,13:34:54,7.39,--,60,44340,买盘
1331,13:34:51,7.39,--,11,8129,买盘
1332,13:34:48,7.39,-0.01,59,43601,卖盘
1333,13:34:45,7.4,--,11,8140,买盘
1334,13:34:42,7.4,0.02,51,37740,买盘
1335,13:34:39,7.38,-0.01,5,3690,卖盘
1336,13:34:36,7.39,-0.01,62,45818,卖盘
1337,13:34:30,7.4,0.01,115,85100,买盘
1338,13:34:27,7.39,--,33,24387,卖盘
1339,13:34:24,7.39,--,1147,848327,买盘
1340,13:34:21,7.39,--,80,59120,买盘
1341,13:34:18,7.39,0.01,43,31777,买盘
1342,13:34:12,7.38,-0.01,155,114390,卖盘
1343,13:34:09,7.39,0.01,46,33994,买盘
1344,13:34:03,7.38,-0.01,20,14760,卖盘
1345,13:33:57,7.39,--,94,69466,买盘
1346,13:33:51,7.39,--,46,33994,买盘
1347,13:33:48,7.39,0.01,60,44340,买盘
1348,13:33:42,7.38,--,8,5904,卖盘
1349,13:33:39,7.38,-0.01,150,110700,卖盘
1350,13:33:36,7.39,--,59,43601,买盘
1351,13:33:27,7.39,--,64,47296,买盘
1352,13:33:24,7.39,--,77,56903,买盘
1353,13:33:21,7.39,--,102,75378,买盘
1354,13:33:18,7.39,--,1,739,买盘
1355,13:33:15,7.39,0.01,56,41384,买盘
1356,13:33:12,7.38,-0.01,154,113652,卖盘
1357,13:33:09,7.39,--,39,28821,买盘
1358,13:33:06,7.39,--,92,67988,买盘
1359,13:33:03,7.39,--,55,40645,买盘
1360,13:33:00,7.39,0.01,12,8868,买盘
1361,13:32:57,7.38,--,31,22878,卖盘
1362,13:32:54,7.38,-0.01,5,3690,卖盘
1363,13:32:51,7.39,0.01,61,45079,买盘
1364,13:32:48,7.38,--,11,8118,卖盘
1365,13:32:42,7.38,--,73,53874,卖盘
1366,13:32:36,7.38,-0.01,10,7380,卖盘
1367,13:32:33,7.39,--,2,1478,买盘
1368,13:32:30,7.39,0.01,70,51730,买盘
1369,13:32:24,7.38,--,38,28044,卖盘
1370,13:32:21,7.38,-0.01,6,4428,卖盘
1371,13:32:18,7.39,--,57,42123,买盘
1372,13:32:15,7.39,0.01,225,166275,买盘
1373,13:32:12,7.38,-0.01,80,59040,卖盘
1374,13:32:09,7.39,--,66,48774,买盘
1375,13:32:06,7.39,--,81,59859,买盘
1376,13:32:00,7.39,--,44,32516,买盘
1377,13:31:57,7.39,--,161,118979,买盘
1378,13:31:54,7.39,0.01,93,68727,买盘
1379,13:31:51,7.38,-0.01,51,37638,卖盘
1380,13:31:48,7.39,--,61,45079,买盘
1381,13:31:45,7.39,--,54,39906,买盘
1382,13:31:36,7.39,--,57,42123,买盘
1383,13:31:33,7.39,0.01,9,6651,买盘
1384,13:31:30,7.38,-0.01,55,40590,卖盘
1385,13:31:27,7.39,--,21,15519,买盘
1386,13:31:24,7.39,--,174,128586,买盘
1387,13:31:18,7.39,0.01,1,739,买盘
1388,13:31:15,7.38,-0.01,154,113652,卖盘
1389,13:31:12,7.39,0.01,76,56164,买盘
1390,13:31:03,7.38,--,66,48708,卖盘
1391,13:30:57,7.38,-0.01,114,84132,卖盘
1392,13:30:54,7.39,--,303,223917,买盘
1393,13:30:51,7.39,--,81,59859,买盘
1394,13:30:48,7.39,0.01,13,9607,买盘
1395,13:30:42,7.38,--,6,4428,卖盘
1396,13:30:39,7.38,-0.01,70,51660,卖盘
1397,13:30:36,7.39,--,93,68727,买盘
1398,13:30:30,7.39,0.01,73,53947,买盘
1399,13:30:27,7.38,--,10,7380,卖盘
1400,13:30:24,7.38,--,20,14760,卖盘
1401,13:30:21,7.38,--,6,4428,卖盘
1402,13:30:18,7.38,--,210,154980,卖盘
1403,13:30:15,7.38,--,13,9594,卖盘
1404,13:30:12,7.38,--,70,51660,卖盘
1405,13:30:09,7.38,-0.01,16,11808,卖盘
1406,13:30:06,7.39,0.01,171,126369,买盘
1407,13:30:00,7.38,-0.01,49,36162,卖盘
1408,13:29:57,7.39,0.01,60,44340,买盘
1409,13:29:54,7.38,-0.01,5,3690,卖盘
1410,13:29:51,7.39,--,39,28821,买盘
1411,13:29:48,7.39,--,78,57642,买盘
1412,13:29:45,7.39,--,62,45818,买盘
1413,13:29:42,7.39,0.01,50,36950,买盘
1414,13:29:36,7.38,--,6,4428,卖盘
1415,13:29:33,7.38,-0.01,130,95940,卖盘
1416,13:29:30,7.39,0.01,1,739,买盘
1417,13:29:27,7.38,--,100,73800,卖盘
1418,13:29:24,7.38,--,80,59040,卖盘
1419,13:29:21,7.38,-0.01,149,109962,卖盘
1420,13:29:12,7.39,0.01,76,56164,买盘
1421,13:29:06,7.38,-0.01,7,5166,卖盘
1422,13:29:03,7.39,--,284,209876,买盘
1423,13:29:00,7.39,--,72,53208,买盘
1424,13:28:57,7.39,0.01,27,19953,买盘
1425,13:28:54,7.38,-0.01,20,14760,卖盘
1426,13:28:51,7.39,--,34,25126,买盘
1427,13:28:48,7.39,--,61,45079,买盘
1428,13:28:39,7.39,--,55,40645,买盘
1429,13:28:36,7.39,--,10,7390,买盘
1430,13:28:33,7.39,--,17,12563,买盘
1431,13:28:30,7.39,-0.01,536,396547,卖盘
1432,13:28:27,7.4,0.01,55,40700,买盘
1433,13:28:24,7.39,--,15,11085,卖盘
1434,13:28:21,7.39,-0.01,154,113806,卖盘
1435,13:28:15,7.4,0.01,58,42920,买盘
1436,13:28:09,7.39,--,12,8868,卖盘
1437,13:28:06,7.39,-0.01,260,192140,卖盘
1438,13:28:00,7.4,0.01,3,2220,买盘
1439,13:27:57,7.39,-0.01,6,4434,卖盘
1440,13:27:54,7.4,0.01,78,57720,买盘
1441,13:27:51,7.39,--,28,20692,卖盘
1442,13:27:48,7.39,-0.01,405,299295,卖盘
1443,13:27:42,7.4,0.01,76,56240,买盘
1444,13:27:39,7.39,-0.01,402,297078,卖盘
1445,13:27:33,7.4,0.01,55,40700,买盘
1446,13:27:30,7.39,--,90,66510,卖盘
1447,13:27:27,7.39,--,7,5173,卖盘
1448,13:27:24,7.39,-0.01,158,116762,卖盘
1449,13:27:21,7.4,0.01,78,57720,买盘
1450,13:27:18,7.39,-0.01,80,59120,卖盘
1451,13:27:09,7.4,0.01,74,54760,买盘
1452,13:27:03,7.39,--,2,1773,卖盘
1453,13:27:00,7.39,--,79,58381,卖盘
1454,13:26:51,7.39,--,44,32516,卖盘
1455,13:26:48,7.39,-0.01,179,132281,卖盘
1456,13:26:45,7.4,--,21,15540,买盘
1457,13:26:36,7.4,0.01,57,42180,买盘
1458,13:26:33,7.39,-0.01,14,10346,卖盘
1459,13:26:30,7.4,0.01,68,50320,买盘
1460,13:26:27,7.39,-0.01,155,114737,卖盘
1461,13:26:24,7.4,0.01,39,28860,买盘
1462,13:26:21,7.39,-0.01,516,381324,卖盘
1463,13:26:15,7.4,0.01,60,44400,买盘
1464,13:26:12,7.39,-0.01,79,58381,卖盘
1465,13:26:09,7.4,0.01,770,569800,买盘
1466,13:26:06,7.39,-0.01,2,1478,卖盘
1467,13:26:03,7.4,0.01,57,42180,买盘
1468,13:26:00,7.39,--,20,14780,卖盘
1469,13:25:57,7.39,-0.01,1,739,卖盘
1470,13:25:54,7.4,--,98,72520,买盘
1471,13:25:51,7.4,0.01,14,10360,买盘
1472,13:25:48,7.39,--,21,15519,卖盘
1473,13:25:45,7.39,--,1000,739147,卖盘
1474,13:25:42,7.39,-0.01,25,18475,卖盘
1475,13:25:39,7.4,0.01,4,2960,买盘
1476,13:25:36,7.39,--,5,3695,卖盘
1477,13:25:33,7.39,--,1,739,卖盘
1478,13:25:30,7.39,--,15,11085,卖盘
1479,13:25:27,7.39,--,155,114545,卖盘
1480,13:25:21,7.39,-0.01,9,6651,卖盘
1481,13:25:18,7.4,--,13,9620,买盘
1482,13:25:12,7.4,0.01,88,65120,买盘
1483,13:25:09,7.39,--,8,5912,卖盘
1484,13:25:06,7.39,-0.01,12,8868,卖盘
1485,13:25:03,7.4,--,500,370000,买盘
1486,13:24:57,7.4,0.01,74,54760,买盘
1487,13:24:54,7.39,--,14,10346,卖盘
1488,13:24:51,7.39,--,5,3695,卖盘
1489,13:24:48,7.39,-0.01,29,21431,卖盘
1490,13:24:42,7.4,0.01,1,740,买盘
1491,13:24:36,7.39,-0.01,9,6651,卖盘
1492,13:24:30,7.4,0.01,14,10360,买盘
1493,13:24:24,7.39,-0.01,23,16997,卖盘
1494,13:24:21,7.4,0.01,2,1480,买盘
1495,13:24:18,7.39,--,70,51730,卖盘
1496,13:24:15,7.39,--,8,5912,卖盘
1497,13:24:12,7.39,-0.01,28,20692,卖盘
1498,13:24:09,7.4,--,2,1480,买盘
1499,13:24:06,7.4,0.01,1,740,买盘
1500,13:24:03,7.39,-0.01,20,14780,卖盘
1501,13:24:00,7.4,0.01,10,7400,中性盘
1502,13:23:54,7.39,--,28,20692,卖盘
1503,13:23:51,7.39,-0.01,587,433793,卖盘
1504,13:23:48,7.4,0.01,4,2960,买盘
1505,13:23:45,7.39,--,2,1478,卖盘
1506,13:23:42,7.39,-0.01,8,5912,卖盘
1507,13:23:33,7.4,--,21,15540,卖盘
1508,13:23:30,7.4,-0.01,49,36260,卖盘
1509,13:23:24,7.41,0.01,6,4446,买盘
1510,13:23:21,7.4,--,14,10360,卖盘
1511,13:23:18,7.4,-0.01,17,12580,卖盘
1512,13:23:15,7.41,--,14,10374,买盘
1513,13:23:12,7.41,0.01,14,10374,买盘
1514,13:23:09,7.4,-0.01,90,66600,卖盘
1515,13:23:06,7.41,0.01,76,56316,买盘
1516,13:23:00,7.4,--,22,16280,卖盘
1517,13:22:57,7.4,--,20,14800,卖盘
1518,13:22:54,7.4,--,39,28860,卖盘
1519,13:22:45,7.4,--,32,23680,卖盘
1520,13:22:42,7.4,--,17,12580,卖盘
1521,13:22:36,7.4,--,24,17760,卖盘
1522,13:22:33,7.4,-0.01,98,72520,卖盘
1523,13:22:30,7.41,--,104,77064,买盘
1524,13:22:27,7.41,0.01,137,101517,买盘
1525,13:22:24,7.4,--,50,37000,卖盘
1526,13:22:21,7.4,--,12,8880,卖盘
1527,13:22:18,7.4,--,133,98420,卖盘
1528,13:22:12,7.4,--,12,8880,卖盘
1529,13:22:09,7.4,--,6,4440,卖盘
1530,13:22:00,7.4,-0.01,20,14800,卖盘
1531,13:21:57,7.41,--,10,7410,买盘
1532,13:21:51,7.41,0.01,24,17784,买盘
1533,13:21:48,7.4,--,11,8140,卖盘
1534,13:21:45,7.4,--,1,740,卖盘
1535,13:21:42,7.4,--,4,2960,卖盘
1536,13:21:39,7.4,-0.01,10,7400,卖盘
1537,13:21:36,7.41,0.01,82,60762,买盘
1538,13:21:33,7.4,--,2,1480,卖盘
1539,13:21:30,7.4,--,26,19240,卖盘
1540,13:21:27,7.4,-0.01,86,63640,卖盘
1541,13:21:18,7.41,0.01,13,9633,买盘
1542,13:21:12,7.4,-0.01,1,740,卖盘
1543,13:21:09,7.41,0.02,20,14820,买盘
1544,13:21:06,7.39,-0.01,45,33255,卖盘
1545,13:21:03,7.4,--,46,34040,买盘
1546,13:21:00,7.4,-0.01,22,16280,卖盘
1547,13:20:57,7.41,0.01,119,88179,买盘
1548,13:20:54,7.4,--,9,6660,卖盘
1549,13:20:48,7.4,0.01,34,25160,买盘
1550,13:20:45,7.39,-0.01,16,11824,卖盘
1551,13:20:42,7.4,--,6,4440,买盘
1552,13:20:39,7.4,--,60,44400,买盘
1553,13:20:36,7.4,0.01,8,5920,买盘
1554,13:20:33,7.39,-0.01,16,11824,卖盘
1555,13:20:30,7.4,--,21,15540,买盘
1556,13:20:27,7.4,0.01,6,4440,买盘
1557,13:20:24,7.39,--,11,8129,卖盘
1558,13:20:21,7.39,-0.01,92,67988,卖盘
1559,13:20:18,7.4,--,16,11840,买盘
1560,13:20:15,7.4,--,65,48100,卖盘
1561,13:20:12,7.4,--,35,25900,卖盘
1562,13:20:09,7.4,--,33,24420,卖盘
1563,13:20:06,7.4,-0.01,822,608280,卖盘
1564,13:20:03,7.41,0.01,423,313443,买盘
1565,13:20:00,7.4,--,10,7400,卖盘
1566,13:19:57,7.4,--,5,3700,卖盘
1567,13:19:54,7.4,-0.01,30,22200,卖盘
1568,13:19:51,7.41,0.01,14,10374,买盘
1569,13:19:48,7.4,-0.01,69,51060,卖盘
1570,13:19:39,7.41,0.02,117,86697,买盘
1571,13:19:33,7.39,-0.01,6,4434,卖盘
1572,13:19:30,7.4,0.01,92,68080,买盘
1573,13:19:27,7.39,--,22,16258,卖盘
1574,13:19:24,7.39,-0.02,3,2217,卖盘
1575,13:19:18,7.41,0.01,60,44460,买盘
1576,13:19:15,7.4,--,50,37000,买盘
1577,13:19:12,7.4,0.01,18,13320,买盘
1578,13:19:09,7.39,-0.01,1,739,卖盘
1579,13:19:06,7.4,--,42,31080,卖盘
1580,13:19:03,7.4,--,3,2220,卖盘
1581,13:19:00,7.4,--,17,12580,卖盘
1582,13:18:57,7.4,--,507,375180,卖盘
1583,13:18:54,7.4,-0.01,28,20720,卖盘
1584,13:18:51,7.41,--,8,5928,买盘
1585,13:18:48,7.41,--,15,11115,买盘
1586,13:18:45,7.41,0.01,1,741,买盘
1587,13:18:42,7.4,-0.01,10,7400,卖盘
1588,13:18:36,7.41,0.01,1,741,买盘
1589,13:18:33,7.4,-0.01,11,8140,卖盘
1590,13:18:30,7.41,0.01,14,10374,买盘
1591,13:18:27,7.4,--,2,1480,卖盘
1592,13:18:24,7.4,-0.01,2,1480,卖盘
1593,13:18:21,7.41,0.01,87,64467,买盘
1594,13:18:12,7.4,--,6,4440,卖盘
1595,13:18:09,7.4,--,59,43660,卖盘
1596,13:18:03,7.4,-0.01,147,108780,卖盘
1597,13:18:00,7.41,0.01,59,43719,买盘
1598,13:17:54,7.4,--,10,7400,卖盘
1599,13:17:51,7.4,--,44,32560,卖盘
1600,13:17:48,7.4,--,19,14060,卖盘
1601,13:17:45,7.4,-0.01,25,18500,卖盘
1602,13:17:39,7.41,0.01,4,2964,买盘
1603,13:17:36,7.4,--,11,8140,卖盘
1604,13:17:33,7.4,--,1,740,卖盘
1605,13:17:30,7.4,--,20,14800,卖盘
1606,13:17:27,7.4,--,8,5920,卖盘
1607,13:17:18,7.4,--,10,7400,卖盘
1608,13:17:15,7.4,-0.01,9,6660,卖盘
1609,13:17:12,7.41,--,14,10374,买盘
1610,13:17:06,7.41,0.01,4,2964,买盘
1611,13:17:03,7.4,-0.01,22,16280,卖盘
1612,13:16:57,7.41,--,12,8892,买盘
1613,13:16:54,7.41,0.01,275,203775,买盘
1614,13:16:48,7.4,--,102,75480,卖盘
1615,13:16:45,7.4,-0.01,11,8140,卖盘
1616,13:16:42,7.41,0.01,209,154869,买盘
1617,13:16:39,7.4,--,14,10360,卖盘
1618,13:16:33,7.4,-0.01,5,3700,卖盘
1619,13:16:30,7.41,0.01,52,38532,买盘
1620,13:16:27,7.4,-0.01,193,142820,卖盘
1621,13:16:24,7.41,0.01,3,2223,买盘
1622,13:16:21,7.4,--,8,5920,卖盘
1623,13:16:18,7.4,--,389,287860,卖盘
1624,13:16:09,7.4,--,9,6660,卖盘
1625,13:16:03,7.4,--,1,740,卖盘
1626,13:16:00,7.4,--,5,3700,卖盘
1627,13:15:57,7.4,-0.01,10,7400,卖盘
1628,13:15:54,7.41,--,2,1482,买盘
1629,13:15:51,7.41,--,51,37791,买盘
1630,13:15:48,7.41,0.01,12,8892,买盘
1631,13:15:45,7.4,--,8,5920,卖盘
1632,13:15:42,7.4,--,12,8880,卖盘
1633,13:15:36,7.4,-0.01,20,14800,卖盘
1634,13:15:33,7.41,--,71,52611,买盘
1635,13:15:27,7.41,0.01,20,14820,买盘
1636,13:15:24,7.4,--,8,5920,卖盘
1637,13:15:15,7.4,--,20,14800,卖盘
1638,13:15:12,7.4,-0.01,14,10360,卖盘
1639,13:15:09,7.41,--,14,10374,买盘
1640,13:15:06,7.41,0.01,3,2223,买盘
1641,13:15:03,7.4,--,109,80660,卖盘
1642,13:15:00,7.4,--,19,14060,卖盘
1643,13:14:57,7.4,--,13,9620,卖盘
1644,13:14:54,7.4,--,2,1480,卖盘
1645,13:14:51,7.4,-0.01,18,13320,卖盘
1646,13:14:48,7.41,0.01,13,9633,买盘
1647,13:14:42,7.4,--,9,6660,卖盘
1648,13:14:39,7.4,--,185,136900,卖盘
1649,13:14:33,7.4,-0.01,12,8880,卖盘
1650,13:14:30,7.41,0.01,43,31863,买盘
1651,13:14:27,7.4,0.01,1000,740000,买盘
1652,13:14:24,7.39,-0.01,5,3695,卖盘
1653,13:14:21,7.4,0.01,77,56980,买盘
1654,13:14:18,7.39,-0.01,9,6651,卖盘
1655,13:14:09,7.4,0.01,53,39220,买盘
1656,13:14:06,7.39,-0.01,17,12563,卖盘
1657,13:14:03,7.4,--,50,37000,买盘
1658,13:14:00,7.4,--,1,740,买盘
1659,13:13:57,7.4,--,15,11100,买盘
1660,13:13:54,7.4,--,179,132460,买盘
1661,13:13:51,7.4,--,20,14800,买盘
1662,13:13:45,7.4,--,32,23680,买盘
1663,13:13:36,7.4,0.01,1,740,买盘
1664,13:13:33,7.39,--,10,7390,卖盘
1665,13:13:30,7.39,-0.01,38,28082,卖盘
1666,13:13:27,7.4,-0.01,279,206460,卖盘
1667,13:13:24,7.41,--,50,37050,买盘
1668,13:13:21,7.41,0.01,1,741,买盘
1669,13:13:12,7.4,--,23,17020,卖盘
1670,13:13:06,7.4,--,12,8880,卖盘
1671,13:13:03,7.4,--,5,3700,卖盘
1672,13:13:00,7.4,-0.01,13,9620,卖盘
1673,13:12:57,7.41,0.01,19,14079,买盘
1674,13:12:54,7.4,--,2,1480,卖盘
1675,13:12:51,7.4,-0.01,9,6660,卖盘
1676,13:12:45,7.41,0.01,8,5928,买盘
1677,13:12:39,7.4,-0.01,11,8140,卖盘
1678,13:12:33,7.41,--,3,2223,买盘
1679,13:12:30,7.41,0.01,99,73359,买盘
1680,13:12:27,7.4,--,10,7400,卖盘
1681,13:12:24,7.4,--,2,1480,卖盘
1682,13:12:21,7.4,-0.01,34,25160,卖盘
1683,13:12:18,7.41,--,83,61503,买盘
1684,13:12:12,7.41,0.01,65,48165,买盘
1685,13:12:06,7.4,-0.01,9,6660,卖盘
1686,13:12:03,7.41,0.01,3,2223,买盘
1687,13:12:00,7.4,--,11,8140,卖盘
1688,13:11:57,7.4,--,534,395160,卖盘
1689,13:11:54,7.4,-0.01,13,9620,卖盘
1690,13:11:51,7.41,0.01,14,10374,买盘
1691,13:11:45,7.4,-0.01,9,6660,卖盘
1692,13:11:39,7.41,--,5,3705,买盘
1693,13:11:36,7.41,0.01,13,9633,买盘
1694,13:11:33,7.4,--,8,5920,卖盘
1695,13:11:30,7.4,--,4,2960,卖盘
1696,13:11:24,7.4,0.01,7,5180,买盘
1697,13:11:21,7.39,-0.02,21,15519,卖盘
1698,13:11:18,7.41,--,1,741,买盘
1699,13:11:12,7.41,--,23,17043,买盘
1700,13:11:06,7.41,--,7,5187,买盘
1701,13:11:03,7.41,--,12,8892,买盘
1702,13:11:00,7.41,0.01,529,391989,买盘
1703,13:10:54,7.4,--,3,2220,卖盘
1704,13:10:48,7.4,0.01,8,5920,中性盘
1705,13:10:42,7.39,-0.02,2,1478,卖盘
1706,13:10:39,7.41,--,21,15561,买盘
1707,13:10:36,7.41,0.02,63,46683,买盘
1708,13:10:33,7.39,-0.01,3,2217,卖盘
1709,13:10:30,7.4,-0.01,24,17760,中性盘
1710,13:10:27,7.41,0.02,69,51129,买盘
1711,13:10:24,7.39,-0.02,56,41384,卖盘
1712,13:10:21,7.41,0.01,768,569088,买盘
1713,13:10:18,7.4,0.01,20,14800,买盘
1714,13:10:15,7.39,-0.01,10,7390,卖盘
1715,13:10:12,7.4,0.01,1,740,买盘
1716,13:10:06,7.39,--,10,7390,卖盘
1717,13:10:00,7.39,--,2,1478,卖盘
1718,13:09:54,7.39,-0.01,8,5912,卖盘
1719,13:09:51,7.4,0.01,16,11840,买盘
1720,13:09:48,7.39,--,75,55425,卖盘
1721,13:09:45,7.39,--,13,9607,卖盘
1722,13:09:42,7.39,--,109,80551,卖盘
1723,13:09:30,7.39,-0.01,9,6651,卖盘
1724,13:09:27,7.4,0.01,6,4440,买盘
1725,13:09:24,7.39,--,21,15519,卖盘
1726,13:09:21,7.39,--,201,148539,卖盘
1727,13:09:18,7.39,-0.01,1,739,卖盘
1728,13:09:15,7.4,0.01,57,42180,买盘
1729,13:09:12,7.39,-0.01,1,739,卖盘
1730,13:09:09,7.4,0.01,44,32560,买盘
1731,13:08:57,7.39,-0.01,11,8129,卖盘
1732,13:08:54,7.4,--,17,12580,买盘
1733,13:08:51,7.4,0.01,11,8140,买盘
1734,13:08:48,7.39,--,9,6651,卖盘
1735,13:08:36,7.39,-0.01,12,8868,卖盘
1736,13:08:33,7.4,--,67,49580,买盘
1737,13:08:30,7.4,--,14,10360,买盘
1738,13:08:27,7.4,0.01,10,7400,买盘
1739,13:08:24,7.39,-0.01,9,6651,卖盘
1740,13:08:21,7.4,--,2,1480,买盘
1741,13:08:18,7.4,0.01,15,11100,买盘
1742,13:08:15,7.39,-0.01,10,7390,卖盘
1743,13:08:12,7.4,--,1,740,买盘
1744,13:08:09,7.4,0.01,2,1480,买盘
1745,13:08:06,7.39,--,23,16997,卖盘
1746,13:08:03,7.39,-0.01,70,51730,卖盘
1747,13:07:57,7.4,0.01,1,740,买盘
1748,13:07:51,7.39,-0.01,23,16997,卖盘
1749,13:07:48,7.4,0.01,30,22200,买盘
1750,13:07:45,7.39,--,1,739,卖盘
1751,13:07:42,7.39,-0.01,45,33255,卖盘
1752,13:07:33,7.4,0.01,1,740,买盘
1753,13:07:30,7.39,-0.01,34,25126,卖盘
1754,13:07:27,7.4,0.01,480,355200,买盘
1755,13:07:18,7.39,--,8,5912,卖盘
1756,13:07:15,7.39,-0.01,1,739,卖盘
1757,13:07:12,7.4,0.01,47,34780,买盘
1758,13:07:09,7.39,-0.01,8,5912,卖盘
1759,13:07:06,7.4,0.01,1,740,买盘
1760,13:07:00,7.39,--,1,739,卖盘
1761,13:06:57,7.39,-0.01,9,6651,卖盘
1762,13:06:51,7.4,0.01,10,7400,买盘
1763,13:06:45,7.39,--,14,10346,卖盘
1764,13:06:42,7.39,--,219,161841,卖盘
1765,13:06:36,7.39,-0.01,9,6651,卖盘
1766,13:06:33,7.4,0.01,1,740,买盘
1767,13:06:24,7.39,-0.01,24,17736,卖盘
1768,13:06:21,7.4,--,9,6660,买盘
1769,13:06:12,7.4,--,13,9620,买盘
1770,13:06:09,7.4,--,5,3700,买盘
1771,13:06:06,7.4,0.01,1,740,买盘
1772,13:06:03,7.39,--,13,9607,卖盘
1773,13:06:00,7.39,-0.02,193,142627,卖盘
1774,13:05:57,7.41,0.01,53,39273,买盘
1775,13:05:51,7.4,--,9,6660,卖盘
1776,13:05:42,7.4,--,1,740,卖盘
1777,13:05:39,7.4,-0.01,10,7400,卖盘
1778,13:05:36,7.41,0.01,77,57057,买盘
1779,13:05:33,7.4,-0.01,2,1480,卖盘
1780,13:05:30,7.41,--,78,57798,买盘
1781,13:05:27,7.41,--,35,25935,买盘
1782,13:05:24,7.41,0.01,14,10374,买盘
1783,13:05:21,7.4,--,4,2960,卖盘
1784,13:05:18,7.4,-0.01,9,6660,卖盘
1785,13:05:12,7.41,0.01,3,2223,买盘
1786,13:05:09,7.4,-0.01,8,5920,卖盘
1787,13:05:03,7.41,0.01,1,741,买盘
1788,13:05:00,7.4,--,1,740,卖盘
1789,13:04:57,7.4,-0.01,8,5920,卖盘
1790,13:04:51,7.41,0.01,10,7410,买盘
1791,13:04:45,7.4,-0.01,10,7400,卖盘
1792,13:04:42,7.41,0.01,12,8892,买盘
1793,13:04:36,7.4,--,1,740,卖盘
1794,13:04:33,7.4,--,19,14060,卖盘
1795,13:04:27,7.4,-0.01,10,7400,卖盘
1796,13:04:24,7.41,--,10,7410,买盘
1797,13:04:18,7.41,0.02,3,2223,买盘
1798,13:04:15,7.39,-0.01,1,739,卖盘
1799,13:04:12,7.4,--,35,25900,卖盘
1800,13:04:00,7.4,-0.01,10,7400,卖盘
1801,13:03:57,7.41,--,29,21489,买盘
1802,13:03:54,7.41,0.02,98,72618,买盘
1803,13:03:51,7.39,--,9,6651,卖盘
1804,13:03:48,7.39,--,47,34733,卖盘
1805,13:03:45,7.39,-0.01,36,26604,卖盘
1806,13:03:42,7.4,0.01,1,740,买盘
1807,13:03:39,7.39,-0.01,9,6651,卖盘
1808,13:03:36,7.4,--,10,7400,买盘
1809,13:03:33,7.4,0.01,66,48840,买盘
1810,13:03:30,7.39,--,11,8129,卖盘
1811,13:03:27,7.39,--,10,7390,卖盘
1812,13:03:24,7.39,--,20,14780,卖盘
1813,13:03:15,7.39,-0.01,9,6651,卖盘
1814,13:03:12,7.4,--,38,28120,买盘
1815,13:03:06,7.4,--,10,7400,买盘
1816,13:03:03,7.4,0.01,2,1480,买盘
1817,13:02:57,7.39,-0.01,1,739,卖盘
1818,13:02:54,7.4,--,53,39220,卖盘
1819,13:02:45,7.4,--,2,1480,卖盘
1820,13:02:42,7.4,--,28,20720,卖盘
1821,13:02:33,7.4,--,10,7400,卖盘
1822,13:02:30,7.4,-0.01,42,31080,卖盘
1823,13:02:27,7.41,0.01,269,199329,买盘
1824,13:02:24,7.4,--,1,740,卖盘
1825,13:02:21,7.4,-0.01,9,6660,卖盘
1826,13:02:18,7.41,0.01,52,38532,买盘
1827,13:02:09,7.4,--,10,7400,卖盘
1828,13:02:00,7.4,-0.01,9,6660,卖盘
1829,13:01:57,7.41,0.01,21,15561,买盘
1830,13:01:54,7.4,-0.01,5,3700,卖盘
1831,13:01:51,7.41,0.01,134,99294,买盘
1832,13:01:48,7.4,--,9,6660,卖盘
1833,13:01:36,7.4,--,39,28860,卖盘
1834,13:01:30,7.4,--,1,740,卖盘
1835,13:01:27,7.4,--,24,17760,卖盘
1836,13:01:24,7.4,-0.01,2,1480,卖盘
1837,13:01:15,7.41,--,50,37050,买盘
1838,13:01:12,7.41,0.01,25,18525,买盘
1839,13:01:06,7.4,--,1,740,卖盘
1840,13:01:03,7.4,--,49,36260,卖盘
1841,13:01:00,7.4,-0.01,1,740,卖盘
1842,13:00:54,7.41,--,41,30381,买盘
1843,13:00:51,7.41,--,13,9633,买盘
1844,13:00:48,7.41,--,267,197847,买盘
1845,13:00:45,7.41,0.01,1,741,买盘
1846,13:00:42,7.4,--,10,7400,卖盘
1847,13:00:39,7.4,-0.01,1,740,卖盘
1848,13:00:36,7.41,0.02,30,22230,买盘
1849,13:00:30,7.39,-0.02,9,6651,卖盘
1850,13:00:27,7.41,0.02,61,45201,买盘
1851,13:00:24,7.39,--,5,3695,卖盘
1852,13:00:21,7.39,-0.02,36,26604,卖盘
1853,13:00:15,7.41,--,31,22971,买盘
1854,13:00:12,7.41,0.01,77,57057,买盘
1855,13:00:09,7.4,--,491,363340,卖盘
1856,13:00:06,7.4,-0.01,44,32560,卖盘
1857,13:00:03,7.41,0.01,786,582426,买盘
1858,13:00:00,7.4,--,0,0,卖盘
1859,11:30:00,7.4,--,0,0,卖盘
1860,11:29:57,7.4,-0.01,9,6660,卖盘
1861,11:29:54,7.41,0.01,31,22971,买盘
1862,11:29:48,7.4,--,9,6660,卖盘
1863,11:29:45,7.4,-0.01,5,3700,卖盘
1864,11:29:42,7.41,--,32,23712,买盘
1865,11:29:39,7.41,0.01,5,3705,买盘
1866,11:29:36,7.4,-0.01,9,6660,卖盘
1867,11:29:33,7.41,--,38,28158,买盘
1868,11:29:27,7.41,0.01,18,13338,买盘
1869,11:29:24,7.4,-0.01,58,42920,卖盘
1870,11:29:15,7.41,0.01,38,28158,买盘
1871,11:29:09,7.4,--,6,4440,卖盘
1872,11:29:03,7.4,--,9,6660,卖盘
1873,11:28:57,7.4,-0.01,25,18500,卖盘
1874,11:28:54,7.41,0.01,30,22230,买盘
1875,11:28:51,7.4,-0.01,55,40700,卖盘
1876,11:28:48,7.41,0.01,66,48906,买盘
1877,11:28:42,7.4,-0.01,9,6660,卖盘
1878,11:28:30,7.41,0.01,85,62985,买盘
1879,11:28:27,7.4,-0.01,18,13320,卖盘
1880,11:28:24,7.41,0.01,633,469053,买盘
1881,11:28:18,7.4,--,28,20720,卖盘
1882,11:28:09,7.4,-0.01,11,8140,卖盘
1883,11:28:03,7.41,0.01,6,4446,买盘
1884,11:27:57,7.4,-0.01,10,7400,卖盘
1885,11:27:54,7.41,0.01,50,37050,买盘
1886,11:27:51,7.4,--,3,2220,卖盘
1887,11:27:48,7.4,--,6,4440,卖盘
1888,11:27:45,7.4,-0.01,9,6660,卖盘
1889,11:27:42,7.41,--,63,46683,买盘
1890,11:27:39,7.41,0.01,18,13338,买盘
1891,11:27:36,7.4,--,16,11840,卖盘
1892,11:27:33,7.4,-0.01,101,74740,卖盘
1893,11:27:30,7.41,--,6,4446,买盘
1894,11:27:27,7.41,0.01,1,741,买盘
1895,11:27:24,7.4,--,8,5920,卖盘
1896,11:27:18,7.4,--,6,4440,卖盘
1897,11:27:12,7.4,-0.01,21,15540,卖盘
1898,11:27:09,7.41,0.01,71,52611,买盘
1899,11:27:06,7.4,-0.01,3,2220,卖盘
1900,11:27:03,7.41,0.01,11,8151,买盘
1901,11:27:00,7.4,--,9,6660,卖盘
1902,11:26:57,7.4,-0.01,1,740,卖盘
1903,11:26:54,7.41,0.01,1,741,买盘
1904,11:26:51,7.4,--,9,6660,卖盘
1905,11:26:48,7.4,--,1,740,卖盘
1906,11:26:42,7.4,--,5,3700,卖盘
1907,11:26:39,7.4,--,9,6660,卖盘
1908,11:26:27,7.4,-0.01,12,8880,卖盘
1909,11:26:21,7.41,0.01,83,61503,买盘
1910,11:26:18,7.4,--,9,6660,卖盘
1911,11:26:06,7.4,-0.01,9,6660,卖盘
1912,11:26:03,7.41,--,19,14079,买盘
1913,11:26:00,7.41,0.01,80,59280,买盘
1914,11:25:54,7.4,-0.01,9,6660,卖盘
1915,11:25:51,7.41,--,1,741,买盘
1916,11:25:48,7.41,0.01,2,1482,买盘
1917,11:25:45,7.4,--,9,6660,卖盘
1918,11:25:36,7.4,--,23,17020,卖盘
1919,11:25:33,7.4,--,1015,751100,卖盘
1920,11:25:30,7.4,--,47,34780,卖盘
1921,11:25:27,7.4,-0.01,1,740,卖盘
1922,11:25:24,7.41,0.01,40,29640,买盘
1923,11:25:21,7.4,-0.01,11,8140,卖盘
1924,11:25:18,7.41,--,4,2964,买盘
1925,11:25:15,7.41,--,9,6669,买盘
1926,11:25:12,7.41,--,30,22230,买盘
1927,11:25:09,7.41,0.01,74,54834,买盘
1928,11:25:06,7.4,--,1,740,卖盘
1929,11:25:00,7.4,-0.01,9,6660,卖盘
1930,11:24:57,7.41,--,2,1482,买盘
1931,11:24:51,7.41,0.01,46,34086,买盘
1932,11:24:48,7.4,-0.01,12,8880,卖盘
1933,11:24:42,7.41,--,2,1482,买盘
1934,11:24:39,7.41,--,18,13338,买盘
1935,11:24:33,7.41,0.01,1,741,买盘
1936,11:24:30,7.4,--,5,3700,卖盘
1937,11:24:27,7.4,-0.01,31,22940,卖盘
1938,11:24:24,7.41,0.01,10,7410,买盘
1939,11:24:21,7.4,-0.01,5,3700,卖盘
1940,11:24:18,7.41,0.01,53,39273,买盘
1941,11:24:15,7.4,-0.01,45,33300,卖盘
1942,11:24:09,7.41,0.01,63,46683,买盘
1943,11:24:06,7.4,-0.01,17,12580,卖盘
1944,11:24:03,7.41,0.01,17,12597,买盘
1945,11:24:00,7.4,--,142,105080,卖盘
1946,11:23:54,7.4,-0.01,9,6660,卖盘
1947,11:23:51,7.41,0.01,11,8151,买盘
1948,11:23:48,7.4,-0.01,2,1480,卖盘
1949,11:23:45,7.41,0.01,72,53352,买盘
1950,11:23:42,7.4,-0.01,10,7400,卖盘
1951,11:23:39,7.41,--,20,14820,买盘
1952,11:23:36,7.41,0.01,1,741,买盘
1953,11:23:33,7.4,-0.01,19,14060,卖盘
1954,11:23:30,7.41,0.01,1,741,买盘
1955,11:23:27,7.4,-0.01,2,1480,卖盘
1956,11:23:21,7.41,0.01,15,11115,买盘
1957,11:23:18,7.4,-0.01,20,14800,卖盘
1958,11:23:15,7.41,--,29,21489,买盘
1959,11:23:12,7.41,--,100,74100,买盘
1960,11:23:09,7.41,--,35,25935,买盘
1961,11:23:06,7.41,0.01,64,47424,买盘
1962,11:23:03,7.4,--,5,3700,卖盘
1963,11:23:00,7.4,--,8,5920,卖盘
1964,11:22:57,7.4,-0.01,36,26640,卖盘
1965,11:22:54,7.41,0.01,1,741,买盘
1966,11:22:48,7.4,-0.01,24,17760,卖盘
1967,11:22:42,7.41,0.01,68,50388,买盘
1968,11:22:36,7.4,--,9,6660,卖盘
1969,11:22:27,7.4,-0.01,50,37000,卖盘
1970,11:22:21,7.41,0.01,2,1482,买盘
1971,11:22:18,7.4,--,15,11100,卖盘
1972,11:22:15,7.4,-0.01,87,64380,卖盘
1973,11:22:09,7.41,--,23,17043,买盘
1974,11:22:06,7.41,0.01,61,45201,买盘
1975,11:22:03,7.4,-0.01,10,7400,卖盘
1976,11:21:54,7.41,--,25,18525,买盘
1977,11:21:51,7.41,--,26,19266,买盘
1978,11:21:48,7.41,--,20,14820,买盘
1979,11:21:45,7.41,0.01,30,22230,买盘
1980,11:21:42,7.4,--,10,7400,卖盘
1981,11:21:30,7.4,--,9,6660,卖盘
1982,11:21:27,7.4,-0.01,19,14060,卖盘
1983,11:21:21,7.41,--,40,29640,买盘
1984,11:21:12,7.41,0.01,3,2223,买盘
1985,11:21:09,7.4,-0.01,9,6660,卖盘
1986,11:21:06,7.41,--,14,10374,买盘
1987,11:21:03,7.41,--,65,48165,买盘
1988,11:21:00,7.41,0.01,28,20748,买盘
1989,11:20:57,7.4,-0.01,12,8880,卖盘
1990,11:20:51,7.41,--,1,741,买盘
1991,11:20:48,7.41,0.01,23,17043,买盘
1992,11:20:39,7.4,--,23,17020,卖盘
1993,11:20:36,7.4,--,1009,746660,卖盘
1994,11:20:30,7.4,-0.01,4,2960,卖盘
1995,11:20:27,7.41,0.01,16,11856,买盘
1996,11:20:24,7.4,-0.02,24,17760,卖盘
1997,11:20:21,7.42,0.02,67,49714,买盘
1998,11:20:18,7.4,-0.01,1005,743700,卖盘
1999,11:20:15,7.41,-0.01,8,5928,卖盘
2000,11:20:12,7.42,0.01,56,41552,买盘
2001,11:20:06,7.41,--,1,741,卖盘
2002,11:20:03,7.41,--,10,7410,卖盘
2003,11:20:00,7.41,0.01,52,38532,卖盘
2004,11:19:54,7.4,-0.02,2,1480,卖盘
2005,11:19:51,7.42,0.01,11,8162,买盘
2006,11:19:48,7.41,--,62,45942,卖盘
2007,11:19:45,7.41,--,32,23712,卖盘
2008,11:19:42,7.41,0.01,22,16302,买盘
2009,11:19:39,7.4,-0.02,46,34040,卖盘
2010,11:19:36,7.42,--,60,44520,买盘
2011,11:19:30,7.42,--,39,28938,买盘
2012,11:19:27,7.42,0.02,85,63070,买盘
2013,11:19:24,7.4,-0.02,1231,910940,卖盘
2014,11:19:21,7.42,0.01,60,44520,买盘
2015,11:19:18,7.41,-0.01,8,5928,卖盘
2016,11:19:15,7.42,--,56,41552,买盘
2017,11:19:12,7.42,0.01,2,1484,买盘
2018,11:19:06,7.41,-0.01,14,10374,卖盘
2019,11:19:03,7.42,0.01,110,81620,买盘
2020,11:19:00,7.41,-0.01,13,9633,卖盘
2021,11:18:57,7.42,--,39,28938,买盘
2022,11:18:54,7.42,0.01,59,43778,买盘
2023,11:18:51,7.41,--,5,3705,卖盘
2024,11:18:48,7.41,--,6,4446,卖盘
2025,11:18:45,7.41,-0.01,9,6669,卖盘
2026,11:18:42,7.42,--,84,62328,买盘
2027,11:18:36,7.42,0.01,1,742,买盘
2028,11:18:33,7.41,-0.01,39,28899,卖盘
2029,11:18:30,7.42,0.01,56,41552,买盘
2030,11:18:27,7.41,--,1,741,卖盘
2031,11:18:24,7.41,-0.01,9,6669,卖盘
2032,11:18:21,7.42,0.01,54,40068,买盘
2033,11:18:12,7.41,-0.01,10,7410,卖盘
2034,11:18:09,7.42,0.01,54,40068,买盘
2035,11:18:06,7.41,--,1,741,卖盘
2036,11:18:00,7.41,-0.01,96,71136,卖盘
2037,11:17:57,7.42,--,1471,1091482,买盘
2038,11:17:51,7.42,--,152,112784,买盘
2039,11:17:48,7.42,--,52,38584,买盘
2040,11:17:45,7.42,--,12,8904,买盘
2041,11:17:42,7.42,0.01,32,23744,买盘
2042,11:17:39,7.41,-0.01,9,6669,卖盘
2043,11:17:36,7.42,--,57,42294,买盘
2044,11:17:33,7.42,0.01,5,3710,买盘
2045,11:17:27,7.41,-0.01,41,30381,卖盘
2046,11:17:24,7.42,--,49,36358,买盘
2047,11:17:21,7.42,0.01,4,2968,买盘
2048,11:17:18,7.41,-0.01,14,10374,卖盘
2049,11:17:15,7.42,--,57,42294,买盘
2050,11:17:09,7.42,--,41,30422,买盘
2051,11:17:06,7.42,--,28,20776,买盘
2052,11:17:03,7.42,0.01,56,41552,买盘
2053,11:16:57,7.41,--,55,40755,卖盘
2054,11:16:54,7.41,-0.01,83,61503,卖盘
2055,11:16:51,7.42,0.01,53,39326,买盘
2056,11:16:48,7.41,--,7,5187,卖盘
2057,11:16:45,7.41,-0.01,30,22230,卖盘
2058,11:16:42,7.42,--,53,39326,买盘
2059,11:16:39,7.42,--,4,2968,买盘
2060,11:16:36,7.42,0.01,1,742,买盘
2061,11:16:33,7.41,-0.01,15,11115,卖盘
2062,11:16:30,7.42,0.01,88,65296,买盘
2063,11:16:27,7.41,-0.01,31,22971,卖盘
2064,11:16:24,7.42,0.01,30,22260,买盘
2065,11:16:21,7.41,-0.01,10,7410,卖盘
2066,11:16:18,7.42,0.01,61,45262,买盘
2067,11:16:12,7.41,-0.01,9,6669,卖盘
2068,11:16:09,7.42,0.01,49,36358,买盘
2069,11:16:06,7.41,--,5,3705,卖盘
2070,11:16:00,7.41,--,15,11115,卖盘
2071,11:15:57,7.41,-0.01,159,117819,卖盘
2072,11:15:51,7.42,0.01,1,742,买盘
2073,11:15:48,7.41,-0.01,11,8151,卖盘
2074,11:15:45,7.42,0.01,52,38584,买盘
2075,11:15:39,7.41,--,37,27417,卖盘
2076,11:15:36,7.41,--,53,39273,卖盘
2077,11:15:30,7.41,--,5,3705,卖盘
2078,11:15:27,7.41,--,10,7410,卖盘
2079,11:15:24,7.41,--,59,43719,卖盘
2080,11:15:21,7.41,--,20,14820,卖盘
2081,11:15:15,7.41,-0.01,8,5928,卖盘
2082,11:15:12,7.42,--,54,40068,买盘
2083,11:15:09,7.42,0.01,11,8162,买盘
2084,11:15:06,7.41,-0.01,21,15561,卖盘
2085,11:15:03,7.42,0.01,57,42294,买盘
2086,11:14:57,7.41,--,5,3705,卖盘
2087,11:14:54,7.41,-0.01,8,5928,卖盘
2088,11:14:51,7.42,0.01,78,57876,买盘
2089,11:14:48,7.41,--,1,741,卖盘
2090,11:14:45,7.41,--,1,741,卖盘
2091,11:14:42,7.41,-0.01,9,6669,卖盘
2092,11:14:39,7.42,--,50,37100,买盘
2093,11:14:36,7.42,0.01,14,10388,买盘
2094,11:14:33,7.41,--,9,6669,卖盘
2095,11:14:30,7.41,-0.01,59,43719,卖盘
2096,11:14:27,7.42,--,71,52682,买盘
2097,11:14:24,7.42,0.01,9,6678,买盘
2098,11:14:21,7.41,-0.01,10,7410,卖盘
2099,11:14:18,7.42,--,49,36358,买盘
2100,11:14:12,7.42,0.01,6,4452,买盘
2101,11:14:09,7.41,--,36,26676,卖盘
2102,11:14:06,7.41,-0.01,69,51129,卖盘
2103,11:14:03,7.42,0.01,28,20776,买盘
2104,11:13:57,7.41,-0.01,19,14079,卖盘
2105,11:13:54,7.42,--,57,42294,买盘
2106,11:13:51,7.42,0.01,15,11130,买盘
2107,11:13:48,7.41,-0.01,10,7410,卖盘
2108,11:13:45,7.42,--,51,37842,买盘
2109,11:13:42,7.42,--,1,742,买盘
2110,11:13:36,7.42,--,38,28196,买盘
2111,11:13:33,7.42,0.01,49,36358,买盘
2112,11:13:27,7.41,--,1,741,卖盘
2113,11:13:24,7.41,-0.01,13,9633,卖盘
2114,11:13:21,7.42,--,49,36358,买盘
2115,11:13:18,7.42,0.01,15,11130,买盘
2116,11:13:15,7.41,-0.01,10,7410,卖盘
2117,11:13:12,7.42,0.01,57,42294,买盘
2118,11:13:06,7.41,--,3,2223,卖盘
2119,11:13:03,7.41,-0.01,14,10374,卖盘
2120,11:13:00,7.42,0.02,74,54908,买盘
2121,11:12:57,7.4,-0.01,40,29600,卖盘
2122,11:12:54,7.41,0.01,338,250458,买盘
2123,11:12:51,7.4,-0.01,15,11100,卖盘
2124,11:12:48,7.41,--,104,77064,卖盘
2125,11:12:42,7.41,-0.01,28,20748,卖盘
2126,11:12:39,7.42,--,58,43036,买盘
2127,11:12:36,7.42,0.01,1,742,买盘
2128,11:12:33,7.41,--,4,2964,卖盘
2129,11:12:30,7.41,--,9,6669,卖盘
2130,11:12:27,7.41,-0.01,59,43719,卖盘
2131,11:12:24,7.42,--,1,742,买盘
2132,11:12:21,7.42,0.01,1,742,买盘
2133,11:12:18,7.41,-0.01,9,6669,卖盘
2134,11:12:15,7.42,0.01,118,87556,买盘
2135,11:12:09,7.41,--,35,25935,卖盘
2136,11:12:06,7.41,--,436,323076,买盘
2137,11:12:03,7.41,--,2,1482,买盘
2138,11:12:00,7.41,0.01,70,51870,买盘
2139,11:11:57,7.4,-0.01,10,7400,卖盘
2140,11:11:54,7.41,--,60,44460,买盘
2141,11:11:51,7.41,--,1,741,买盘
2142,11:11:48,7.41,0.01,2,1482,买盘
2143,11:11:45,7.4,-0.01,15,11100,卖盘
2144,11:11:42,7.41,--,143,105963,买盘
2145,11:11:39,7.41,--,91,67431,买盘
2146,11:11:36,7.41,--,68,50388,买盘
2147,11:11:33,7.41,-0.01,335,248235,卖盘
2148,11:11:30,7.42,--,50,37100,买盘
2149,11:11:27,7.42,0.01,2,1484,买盘
2150,11:11:24,7.41,-0.01,24,17784,卖盘
2151,11:11:21,7.42,0.01,55,40810,买盘
2152,11:11:12,7.41,-0.01,9,6669,卖盘
2153,11:11:09,7.42,0.01,54,40068,买盘
2154,11:11:06,7.41,-0.01,2,1482,卖盘
2155,11:11:03,7.42,--,19,14098,买盘
2156,11:11:00,7.42,--,242,179564,买盘
2157,11:10:54,7.42,0.01,1,742,买盘
2158,11:10:51,7.41,-0.01,40,29640,卖盘
2159,11:10:48,7.42,0.01,57,42294,买盘
2160,11:10:39,7.41,-0.01,20,14820,卖盘
2161,11:10:36,7.42,0.01,61,45262,买盘
2162,11:10:33,7.41,--,95,70395,卖盘
2163,11:10:30,7.41,-0.01,12,8892,卖盘
2164,11:10:27,7.42,--,55,40810,买盘
2165,11:10:24,7.42,0.01,1,742,买盘
2166,11:10:21,7.41,--,107,79287,卖盘
2167,11:10:18,7.41,--,253,187473,卖盘
2168,11:10:15,7.41,-0.01,54,40014,卖盘
2169,11:10:12,7.42,--,5,3710,买盘
2170,11:10:06,7.42,--,19,14098,买盘
2171,11:10:03,7.42,0.01,51,37842,买盘
2172,11:09:57,7.41,-0.01,8,5928,卖盘
2173,11:09:54,7.42,0.01,49,36358,买盘
2174,11:09:48,7.41,--,2,1482,卖盘
2175,11:09:45,7.41,-0.01,10,7410,卖盘
2176,11:09:42,7.42,0.01,127,94234,买盘
2177,11:09:39,7.41,-0.01,8,5928,卖盘
2178,11:09:36,7.42,0.01,293,217406,买盘
2179,11:09:33,7.41,-0.01,10,7410,卖盘
2180,11:09:30,7.42,0.01,58,43036,买盘
2181,11:09:27,7.41,--,18,13338,卖盘
2182,11:09:24,7.41,-0.01,15,11115,卖盘
2183,11:09:21,7.42,0.01,82,60844,买盘
2184,11:09:15,7.41,--,1,741,卖盘
2185,11:09:12,7.41,-0.01,10,7410,卖盘
2186,11:09:09,7.42,0.01,56,41552,买盘
2187,11:09:06,7.41,-0.01,1,741,卖盘
2188,11:09:03,7.42,0.01,125,92750,买盘
2189,11:09:00,7.41,-0.01,74,54834,卖盘
2190,11:08:57,7.42,0.01,54,40068,买盘
2191,11:08:51,7.41,--,14,10374,卖盘
2192,11:08:48,7.41,--,64,47424,卖盘
2193,11:08:39,7.41,--,17,12597,卖盘
2194,11:08:36,7.41,0.01,304,225264,买盘
2195,11:08:33,7.4,-0.02,89,65860,卖盘
2196,11:08:30,7.42,0.01,324,240408,买盘
2197,11:08:27,7.41,-0.01,31,22971,卖盘
2198,11:08:24,7.42,--,50,37100,买盘
2199,11:08:21,7.42,0.01,9,6678,买盘
2200,11:08:18,7.41,-0.01,24,17784,卖盘
2201,11:08:15,7.42,0.01,49,36358,买盘
2202,11:08:12,7.41,--,4,2964,卖盘
2203,11:08:09,7.41,--,64,47424,卖盘
2204,11:08:06,7.41,--,36,26676,卖盘
2205,11:08:03,7.41,-0.01,88,65208,卖盘
2206,11:08:00,7.42,0.01,3,2226,买盘
2207,11:07:54,7.41,-0.01,15,11115,卖盘
2208,11:07:51,7.42,0.01,53,39326,买盘
2209,11:07:48,7.41,--,26,19266,卖盘
2210,11:07:45,7.41,--,37,27417,卖盘
2211,11:07:42,7.41,-0.01,20,14820,卖盘
2212,11:07:39,7.42,0.01,81,60102,买盘
2213,11:07:36,7.41,--,39,28899,卖盘
2214,11:07:33,7.41,--,9,6669,卖盘
2215,11:07:30,7.41,-0.01,149,110409,卖盘
2216,11:07:27,7.42,0.01,12,8904,买盘
2217,11:07:24,7.41,--,8,5928,卖盘
2218,11:07:21,7.41,--,41,30381,卖盘
2219,11:07:18,7.41,--,392,290472,卖盘
2220,11:07:15,7.41,--,10,7410,卖盘
2221,11:07:09,7.41,--,17,12597,卖盘
2222,11:07:06,7.41,-0.01,249,184509,卖盘
2223,11:07:03,7.42,0.01,31,23002,买盘
2224,11:07:00,7.41,-0.01,9,6669,卖盘
2225,11:06:57,7.42,0.01,58,43036,买盘
2226,11:06:51,7.41,--,5,3705,卖盘
2227,11:06:48,7.41,-0.01,265,196365,卖盘
2228,11:06:45,7.42,0.01,57,42294,买盘
2229,11:06:42,7.41,-0.01,49,36309,卖盘
2230,11:06:39,7.42,0.01,59,43778,买盘
2231,11:06:36,7.41,-0.01,10,7410,卖盘
2232,11:06:33,7.42,--,54,40068,买盘
2233,11:06:27,7.42,0.01,23,17066,买盘
2234,11:06:24,7.41,--,606,449046,卖盘
2235,11:06:21,7.41,--,5,3705,卖盘
2236,11:06:18,7.41,--,66,48906,卖盘
2237,11:06:15,7.41,--,10,7410,卖盘
2238,11:06:12,7.41,--,101,74841,卖盘
2239,11:06:06,7.41,--,43,31863,卖盘
2240,11:06:03,7.41,--,15,11115,卖盘
2241,11:06:00,7.41,--,71,52611,卖盘
2242,11:05:57,7.41,-0.01,112,82992,卖盘
2243,11:05:54,7.42,0.01,13,9646,买盘
2244,11:05:51,7.41,-0.01,59,43719,卖盘
2245,11:05:48,7.42,0.01,62,46004,买盘
2246,11:05:42,7.41,-0.01,20,14820,卖盘
2247,11:05:39,7.42,0.01,54,40068,买盘
2248,11:05:36,7.41,--,49,36309,卖盘
2249,11:05:33,7.41,-0.01,50,37050,卖盘
2250,11:05:30,7.42,--,16,11872,买盘
2251,11:05:27,7.42,0.01,52,38584,买盘
2252,11:05:21,7.41,-0.01,9,6669,卖盘
2253,11:05:18,7.42,--,61,45262,买盘
2254,11:05:15,7.42,0.01,66,48972,买盘
2255,11:05:12,7.41,--,30,22230,卖盘
2256,11:05:09,7.41,--,90,66690,卖盘
2257,11:05:06,7.41,-0.01,53,39273,卖盘
2258,11:05:03,7.42,--,30,22260,买盘
2259,11:04:57,7.42,--,138,102396,买盘
2260,11:04:54,7.42,0.01,76,56392,买盘
2261,11:04:51,7.41,--,92,68172,卖盘
2262,11:04:48,7.41,--,9,6669,卖盘
2263,11:04:45,7.41,--,60,44460,卖盘
2264,11:04:39,7.41,--,5,3705,卖盘
2265,11:04:36,7.41,-0.01,21,15561,卖盘
2266,11:04:33,7.42,0.01,89,66038,买盘
2267,11:04:30,7.41,--,8,5928,卖盘
2268,11:04:27,7.41,--,1,741,卖盘
2269,11:04:24,7.41,-0.01,11,8151,卖盘
2270,11:04:21,7.42,0.01,55,40810,买盘
2271,11:04:18,7.41,--,47,34827,卖盘
2272,11:04:15,7.41,-0.01,14,10374,卖盘
2273,11:04:12,7.42,0.01,53,39326,买盘
2274,11:04:09,7.41,--,59,43719,卖盘
2275,11:04:06,7.41,-0.01,1,741,卖盘
2276,11:04:00,7.42,0.01,52,38584,买盘
2277,11:03:57,7.41,--,66,48906,卖盘
2278,11:03:51,7.41,-0.01,5,3705,卖盘
2279,11:03:48,7.42,--,58,43036,买盘
2280,11:03:45,7.42,0.01,9,6678,买盘
2281,11:03:42,7.41,--,172,127452,卖盘
2282,11:03:39,7.41,-0.01,7876,5836116,卖盘
2283,11:03:36,7.42,--,206,152852,买盘
2284,11:03:33,7.42,0.01,1,742,买盘
2285,11:03:27,7.41,--,55,40755,卖盘
2286,11:03:24,7.41,-0.01,7,5187,卖盘
2287,11:03:21,7.42,--,139,103138,买盘
2288,11:03:18,7.42,--,110,81620,买盘
2289,11:03:15,7.42,0.01,61,45262,买盘
2290,11:03:09,7.41,--,15,11115,卖盘
2291,11:03:06,7.41,-0.01,51,37791,卖盘
2292,11:03:00,7.42,--,2,1484,买盘
2293,11:02:54,7.42,0.01,77,57134,买盘
2294,11:02:51,7.41,-0.01,30,22230,卖盘
2295,11:02:48,7.42,--,7,5194,买盘
2296,11:02:42,7.42,0.01,64,47488,买盘
2297,11:02:39,7.41,--,300,222300,卖盘
2298,11:02:36,7.41,-0.01,6,4446,卖盘
2299,11:02:33,7.42,0.01,58,43036,买盘
2300,11:02:27,7.41,--,1,741,卖盘
2301,11:02:24,7.41,-0.01,10,7410,卖盘
2302,11:02:21,7.42,--,57,42294,买盘
2303,11:02:18,7.42,--,41,30422,买盘
2304,11:02:09,7.42,0.01,56,41552,买盘
2305,11:02:06,7.41,--,2,1482,卖盘
2306,11:02:03,7.41,-0.01,10,7410,卖盘
2307,11:02:00,7.42,--,134,99428,买盘
2308,11:01:51,7.42,0.01,7,5194,买盘
2309,11:01:48,7.41,--,49,36309,卖盘
2310,11:01:39,7.41,-0.02,1,741,卖盘
2311,11:01:36,7.43,0.01,130,96590,买盘
2312,11:01:30,7.42,0.02,19,14098,买盘
2313,11:01:27,7.4,-0.01,502,371480,卖盘
2314,11:01:24,7.41,--,57,42237,买盘
2315,11:01:18,7.41,-0.01,6,4446,卖盘
2316,11:01:15,7.42,0.03,51,37842,买盘
2317,11:01:12,7.39,-0.03,228,168492,卖盘
2318,11:01:09,7.42,0.02,6000,4452000,买盘
2319,11:01:06,7.4,-0.01,1,740,卖盘
2320,11:01:03,7.41,--,117,86697,买盘
2321,11:01:00,7.41,--,7,5187,买盘
2322,11:00:51,7.41,0.02,68,50388,买盘
2323,11:00:48,7.39,-0.01,17,12563,卖盘
2324,11:00:45,7.4,--,350,259000,买盘
2325,11:00:42,7.4,--,51,37740,买盘
2326,11:00:39,7.4,0.01,68,50320,买盘
2327,11:00:36,7.39,-0.01,11,8129,卖盘
2328,11:00:33,7.4,--,340,251600,买盘
2329,11:00:30,7.4,--,51,37740,买盘
2330,11:00:27,7.4,--,9,6660,买盘
2331,11:00:24,7.4,0.01,80,59200,买盘
2332,11:00:21,7.39,-0.01,10,7390,卖盘
2333,11:00:18,7.4,--,57,42180,买盘
2334,11:00:15,7.4,--,1,740,买盘
2335,11:00:12,7.4,--,38,28120,买盘
2336,11:00:09,7.4,0.01,58,42920,买盘
2337,11:00:06,7.39,-0.01,1,739,卖盘
2338,11:00:03,7.4,--,40,29600,买盘
2339,11:00:00,7.4,0.01,1,740,买盘
2340,10:59:57,7.39,-0.01,62,45818,卖盘
2341,10:59:54,7.4,0.01,80,59200,买盘
2342,10:59:48,7.39,-0.01,1,739,卖盘
2343,10:59:45,7.4,--,50,37000,买盘
2344,10:59:39,7.4,--,35,25900,买盘
2345,10:59:36,7.4,0.01,50,37000,买盘
2346,10:59:30,7.39,-0.01,19,14041,卖盘
2347,10:59:27,7.4,-0.01,951,703740,卖盘
2348,10:59:24,7.41,--,58,42978,买盘
2349,10:59:18,7.41,0.01,3,2223,买盘
2350,10:59:15,7.4,-0.01,3,2220,卖盘
2351,10:59:12,7.41,--,80,59280,买盘
2352,10:59:09,7.41,0.01,64,47424,买盘
2353,10:59:06,7.4,--,15,11100,卖盘
2354,10:59:03,7.4,--,442,327080,卖盘
2355,10:59:00,7.4,0.01,71,52540,买盘
2356,10:58:57,7.39,--,15,11085,卖盘
2357,10:58:51,7.39,-0.01,64,47296,卖盘
2358,10:58:48,7.4,--,13,9620,买盘
2359,10:58:45,7.4,0.01,44,32560,买盘
2360,10:58:42,7.39,-0.01,6,4434,卖盘
2361,10:58:39,7.4,0.01,52,38480,买盘
2362,10:58:36,7.39,--,113,83507,卖盘
2363,10:58:33,7.39,--,122,90158,卖盘
2364,10:58:30,7.39,-0.01,288,212832,卖盘
2365,10:58:27,7.4,0.01,322,238280,买盘
2366,10:58:24,7.39,-0.01,9,6651,卖盘
2367,10:58:18,7.4,--,50,37000,买盘
2368,10:58:15,7.4,0.01,15,11100,买盘
2369,10:58:06,7.39,-0.01,68,50252,卖盘
2370,10:58:03,7.4,--,37,27380,买盘
2371,10:58:00,7.4,0.01,62,45880,买盘
2372,10:57:57,7.39,-0.01,175,129325,卖盘
2373,10:57:54,7.4,0.01,6,4440,买盘
2374,10:57:51,7.39,--,8,5912,卖盘
2375,10:57:48,7.39,--,12,8868,卖盘
2376,10:57:45,7.39,--,148,109372,卖盘
2377,10:57:42,7.39,--,13,9607,卖盘
2378,10:57:39,7.39,-0.01,10,7390,卖盘
2379,10:57:36,7.4,--,10,7400,买盘
2380,10:57:33,7.4,--,125,92500,买盘
2381,10:57:30,7.4,0.01,27,19980,买盘
2382,10:57:27,7.39,-0.01,10,7390,卖盘
2383,10:57:24,7.4,--,235,173900,买盘
2384,10:57:21,7.4,0.01,9,6660,买盘
2385,10:57:18,7.39,-0.01,10,7390,卖盘
2386,10:57:15,7.4,0.01,16,11840,买盘
2387,10:57:12,7.39,-0.01,154,113806,卖盘
2388,10:57:09,7.4,0.01,122,90280,买盘
2389,10:57:06,7.39,-0.01,60,44340,卖盘
2390,10:57:00,7.4,0.01,132,97680,买盘
2391,10:56:57,7.39,--,1110,820290,卖盘
2392,10:56:54,7.39,-0.01,6,4434,卖盘
2393,10:56:51,7.4,0.01,78,57720,买盘
2394,10:56:48,7.39,--,1,739,卖盘
2395,10:56:45,7.39,-0.01,28,20692,卖盘
2396,10:56:42,7.4,--,110,81400,买盘
2397,10:56:39,7.4,--,66,48840,买盘
2398,10:56:36,7.4,--,109,80660,买盘
2399,10:56:30,7.4,--,138,102120,买盘
2400,10:56:27,7.4,--,63,46620,买盘
2401,10:56:24,7.4,--,35,25900,买盘
2402,10:56:21,7.4,0.01,70,51800,买盘
2403,10:56:18,7.39,-0.01,60,44340,卖盘
2404,10:56:15,7.4,0.01,1,740,买盘
2405,10:56:12,7.39,--,19,14041,卖盘
2406,10:56:09,7.39,--,56,41384,卖盘
2407,10:56:06,7.39,-0.01,62,45818,卖盘
2408,10:56:03,7.4,0.01,28,20720,买盘
2409,10:55:57,7.39,-0.01,106,78334,卖盘
2410,10:55:54,7.4,0.01,59,43660,买盘
2411,10:55:51,7.39,--,35,25865,卖盘
2412,10:55:48,7.39,--,9,6651,卖盘
2413,10:55:45,7.39,--,61,45079,卖盘
2414,10:55:39,7.39,--,10,7390,卖盘
2415,10:55:36,7.39,-0.01,122,90158,卖盘
2416,10:55:33,7.4,0.01,75,55500,买盘
2417,10:55:30,7.39,-0.01,10,7390,卖盘
2418,10:55:27,7.4,--,21,15540,买盘
2419,10:55:21,7.4,0.01,55,40700,买盘
2420,10:55:18,7.39,-0.01,9,6651,卖盘
2421,10:55:15,7.4,0.01,1,740,买盘
2422,10:55:12,7.39,-0.01,59,43601,卖盘
2423,10:55:09,7.4,--,161,119140,卖盘
2424,10:55:06,7.4,--,19,14060,卖盘
2425,10:55:03,7.4,0.01,3,2220,买盘
2426,10:55:00,7.39,-0.01,56,41384,卖盘
2427,10:54:57,7.4,--,20,14800,买盘
2428,10:54:54,7.4,--,141,104340,买盘
2429,10:54:51,7.4,--,67,49580,买盘
2430,10:54:48,7.4,0.01,52,38480,买盘
2431,10:54:45,7.39,-0.01,26,19214,卖盘
2432,10:54:42,7.4,--,785,580900,卖盘
2433,10:54:39,7.4,-0.01,1,740,卖盘
2434,10:54:36,7.41,0.01,51,37791,买盘
2435,10:54:33,7.4,--,76,56240,卖盘
2436,10:54:30,7.4,--,3059,2263660,买盘
2437,10:54:27,7.4,0.01,58,42920,买盘
2438,10:54:24,7.39,--,30,22170,卖盘
2439,10:54:21,7.39,-0.01,1203,889017,卖盘
2440,10:54:15,7.4,0.01,55,40700,买盘
2441,10:54:12,7.39,--,22,16258,卖盘
2442,10:54:09,7.39,--,507,374673,卖盘
2443,10:54:06,7.39,-0.01,12,8868,卖盘
2444,10:54:03,7.4,0.01,53,39220,买盘
2445,10:54:00,7.39,-0.01,13,9607,卖盘
2446,10:53:57,7.4,--,10,7400,买盘
2447,10:53:54,7.4,--,57,42180,买盘
2448,10:53:51,7.4,0.01,1,740,买盘
2449,10:53:48,7.39,-0.01,14,10346,卖盘
2450,10:53:42,7.4,--,50,37000,买盘
2451,10:53:39,7.4,--,93,68820,买盘
2452,10:53:36,7.4,--,43,31820,买盘
2453,10:53:33,7.4,--,111,82140,买盘
2454,10:53:30,7.4,0.01,83,61420,买盘
2455,10:53:27,7.39,-0.01,16,11824,卖盘
2456,10:53:24,7.4,--,76,56240,买盘
2457,10:53:21,7.4,--,56,41440,买盘
2458,10:53:18,7.4,0.01,1,740,买盘
2459,10:53:15,7.39,--,113,83507,卖盘
2460,10:53:12,7.39,-0.01,7,5173,卖盘
2461,10:53:09,7.4,0.01,108,79920,买盘
2462,10:53:06,7.39,-0.01,52,38428,卖盘
2463,10:53:00,7.4,--,18,13320,买盘
2464,10:52:57,7.4,0.01,56,41440,买盘
2465,10:52:54,7.39,-0.01,13,9607,卖盘
2466,10:52:51,7.4,0.01,22,16280,买盘
2467,10:52:48,7.39,-0.01,63,46557,卖盘
2468,10:52:45,7.4,--,110,81400,买盘
2469,10:52:42,7.4,0.01,10,7400,买盘
2470,10:52:39,7.39,-0.01,3,2217,卖盘
2471,10:52:36,7.4,0.01,74,54760,买盘
2472,10:52:33,7.39,-0.01,8,5912,卖盘
2473,10:52:27,7.4,--,11,8140,买盘
2474,10:52:24,7.4,0.01,64,47360,买盘
2475,10:52:21,7.39,-0.01,220,162580,卖盘
2476,10:52:18,7.4,--,29,21460,买盘
2477,10:52:15,7.4,0.01,238,176120,买盘
2478,10:52:09,7.39,--,29,21431,卖盘
2479,10:52:06,7.39,--,71,52469,卖盘
2480,10:52:03,7.39,-0.01,55,40645,卖盘
2481,10:52:00,7.4,--,107,79180,买盘
2482,10:51:51,7.4,0.01,119,88060,买盘
2483,10:51:48,7.39,--,30,22170,卖盘
2484,10:51:45,7.39,-0.01,482,356198,卖盘
2485,10:51:42,7.4,--,68,50320,买盘
2486,10:51:36,7.4,--,64,47360,买盘
2487,10:51:30,7.4,0.01,69,51060,买盘
2488,10:51:27,7.39,--,11,8129,卖盘
2489,10:51:24,7.39,-0.01,4,2956,卖盘
2490,10:51:21,7.4,--,10,7400,买盘
2491,10:51:18,7.4,0.01,61,45140,买盘
2492,10:51:15,7.39,-0.01,15,11085,卖盘
2493,10:51:12,7.4,--,15,11100,买盘
2494,10:51:09,7.4,0.01,57,42180,买盘
2495,10:51:06,7.39,--,30,22170,卖盘
2496,10:51:03,7.39,-0.01,9,6651,卖盘
2497,10:51:00,7.4,0.01,1,740,买盘
2498,10:50:57,7.39,-0.01,110,81290,卖盘
2499,10:50:54,7.4,--,121,89540,买盘
2500,10:50:51,7.4,--,1,740,买盘
2501,10:50:48,7.4,--,21,15540,买盘
2502,10:50:45,7.4,--,56,41440,买盘
2503,10:50:42,7.4,--,43,31820,买盘
2504,10:50:39,7.4,--,19,14060,买盘
2505,10:50:36,7.4,--,541,400340,卖盘
2506,10:50:33,7.4,-0.01,62,45880,卖盘
2507,10:50:30,7.41,0.01,27,20007,买盘
2508,10:50:27,7.4,-0.01,110,81400,卖盘
2509,10:50:24,7.41,0.01,721,534261,买盘
2510,10:50:21,7.4,--,3,2220,卖盘
2511,10:50:18,7.4,--,88,65120,卖盘
2512,10:50:15,7.4,--,488,361120,卖盘
2513,10:50:12,7.4,--,63,46620,卖盘
2514,10:50:09,7.4,--,10,7400,卖盘
2515,10:50:06,7.4,--,5,3700,卖盘
2516,10:50:03,7.4,--,59,43660,卖盘
2517,10:50:00,7.4,--,12,8880,卖盘
2518,10:49:57,7.4,-0.01,433,320420,卖盘
2519,10:49:51,7.41,0.01,58,42978,买盘
2520,10:49:48,7.4,--,1,740,卖盘
2521,10:49:45,7.4,--,13,9620,卖盘
2522,10:49:42,7.4,-0.02,53,39220,卖盘
2523,10:49:39,7.42,0.02,678,503076,买盘
2524,10:49:36,7.4,-0.01,20,14800,卖盘
2525,10:49:33,7.41,--,44,32604,卖盘
2526,10:49:30,7.41,-0.01,85,62985,卖盘
2527,10:49:27,7.42,--,129,95718,买盘
2528,10:49:24,7.42,0.01,70,51940,买盘
2529,10:49:18,7.41,--,164,121524,卖盘
2530,10:49:15,7.41,--,9,6669,卖盘
2531,10:49:12,7.41,--,75,55575,卖盘
2532,10:49:09,7.41,--,20,14820,卖盘
2533,10:49:06,7.41,--,131,97071,卖盘
2534,10:49:03,7.41,-0.01,16,11856,卖盘
2535,10:49:00,7.42,0.01,100,74200,买盘
2536,10:48:57,7.41,--,198,146718,卖盘
2537,10:48:54,7.41,-0.01,4,2964,卖盘
2538,10:48:51,7.42,0.01,20,14840,买盘
2539,10:48:48,7.41,-0.01,148,109668,卖盘
2540,10:48:45,7.42,--,132,97944,买盘
2541,10:48:42,7.42,0.01,11,8162,买盘
2542,10:48:39,7.41,--,165,122265,卖盘
2543,10:48:36,7.41,-0.01,3,2223,卖盘
2544,10:48:33,7.42,--,57,42294,买盘
2545,10:48:30,7.42,0.01,14,10388,买盘
2546,10:48:27,7.41,--,49,36309,卖盘
2547,10:48:24,7.41,-0.01,8,5928,卖盘
2548,10:48:21,7.42,0.01,52,38584,买盘
2549,10:48:18,7.41,-0.01,111,82251,卖盘
2550,10:48:15,7.42,--,19,14098,卖盘
2551,10:48:12,7.42,-0.01,73,54166,卖盘
2552,10:48:09,7.43,0.01,54,40122,买盘
2553,10:48:06,7.42,-0.01,4,2968,卖盘
2554,10:48:00,7.43,--,7,5201,买盘
2555,10:47:57,7.43,0.03,152,112936,买盘
2556,10:47:54,7.4,--,6018,4453320,卖盘
2557,10:47:51,7.4,-0.01,11,8140,卖盘
2558,10:47:48,7.41,0.01,280,207480,买盘
2559,10:47:45,7.4,-0.01,79,58460,卖盘
2560,10:47:42,7.41,--,110,81510,买盘
2561,10:47:39,7.41,--,73,54093,买盘
2562,10:47:36,7.41,0.01,8,5928,买盘
2563,10:47:33,7.4,--,13,9620,卖盘
2564,10:47:30,7.4,--,26,19240,卖盘
2565,10:47:27,7.4,--,69,51060,卖盘
2566,10:47:24,7.4,--,483,357420,买盘
2567,10:47:21,7.4,0.01,2,1480,买盘
2568,10:47:18,7.39,-0.01,20,14780,卖盘
2569,10:47:15,7.4,--,151,111740,卖盘
2570,10:47:12,7.4,--,416,307840,买盘
2571,10:47:09,7.4,0.01,13,9620,买盘
2572,10:47:06,7.39,--,141,104199,卖盘
2573,10:47:03,7.39,--,5,3695,卖盘
2574,10:47:00,7.39,-0.01,24,17736,卖盘
2575,10:46:54,7.4,0.01,52,38480,买盘
2576,10:46:48,7.39,--,10,7390,卖盘
2577,10:46:45,7.39,-0.01,66,48774,卖盘
2578,10:46:42,7.4,0.01,55,40700,买盘
2579,10:46:39,7.39,-0.01,17,12563,卖盘
2580,10:46:36,7.4,--,163,120620,买盘
2581,10:46:33,7.4,0.01,48,35520,买盘
2582,10:46:27,7.39,--,11,8129,卖盘
2583,10:46:24,7.39,-0.01,33,24387,卖盘
2584,10:46:21,7.4,--,58,42920,买盘
2585,10:46:18,7.4,0.01,3,2220,买盘
2586,10:46:15,7.39,--,9,6651,卖盘
2587,10:46:12,7.39,-0.01,14,10346,卖盘
2588,10:46:09,7.4,0.01,60,44400,买盘
2589,10:46:06,7.39,-0.01,10,7390,卖盘
2590,10:46:03,7.4,--,110,81400,买盘
2591,10:46:00,7.4,--,65,48100,买盘
2592,10:45:57,7.4,0.01,195,144300,卖盘
2593,10:45:54,7.39,-0.01,10,7390,卖盘
2594,10:45:51,7.4,--,5,3700,卖盘
2595,10:45:48,7.4,--,87,64380,卖盘
2596,10:45:45,7.4,--,10,7400,卖盘
2597,10:45:42,7.4,--,48,35520,卖盘
2598,10:45:39,7.4,-0.01,15,11100,卖盘
2599,10:45:36,7.41,0.01,60,44460,买盘
2600,10:45:33,7.4,--,19,14060,卖盘
2601,10:45:30,7.4,--,60,44400,卖盘
2602,10:45:27,7.4,-0.01,108,79920,卖盘
2603,10:45:24,7.41,0.01,6,4446,买盘
2604,10:45:21,7.4,--,121,89540,卖盘
2605,10:45:18,7.4,--,25,18500,卖盘
2606,10:45:15,7.4,--,53,39220,卖盘
2607,10:45:12,7.4,--,10,7400,卖盘
2608,10:45:09,7.4,--,20,14800,卖盘
2609,10:45:06,7.4,--,16,11840,卖盘
2610,10:45:03,7.4,-0.01,98,72520,卖盘
2611,10:45:00,7.41,0.01,43,31863,买盘
2612,10:44:57,7.4,--,24,17760,卖盘
2613,10:44:54,7.4,--,50,37000,卖盘
2614,10:44:51,7.4,--,25,18500,卖盘
2615,10:44:48,7.4,--,146,108040,卖盘
2616,10:44:42,7.4,--,210,155400,卖盘
2617,10:44:39,7.4,--,16,11840,卖盘
2618,10:44:36,7.4,--,104,76960,卖盘
2619,10:44:33,7.4,-0.01,76,56240,卖盘
2620,10:44:30,7.41,0.01,128,94848,买盘
2621,10:44:27,7.4,--,1029,761460,卖盘
2622,10:44:24,7.4,--,82,60680,卖盘
2623,10:44:21,7.4,--,64,47360,卖盘
2624,10:44:18,7.4,--,75,55500,卖盘
2625,10:44:15,7.4,--,9,6660,卖盘
2626,10:44:12,7.4,-0.01,11,8140,卖盘
2627,10:44:09,7.41,--,57,42237,买盘
2628,10:44:06,7.41,0.01,27,20007,买盘
2629,10:44:03,7.4,--,30,22200,卖盘
2630,10:44:00,7.4,-0.01,5,3700,卖盘
2631,10:43:57,7.41,0.01,51,37791,买盘
2632,10:43:54,7.4,-0.01,123,91020,卖盘
2633,10:43:51,7.41,0.01,20,14820,买盘
2634,10:43:48,7.4,--,56,41440,卖盘
2635,10:43:45,7.4,--,9,6660,卖盘
2636,10:43:42,7.4,--,408,301920,卖盘
2637,10:43:39,7.4,--,5,3700,卖盘
2638,10:43:36,7.4,--,239,176860,卖盘
2639,10:43:33,7.4,--,6,4440,卖盘
2640,10:43:30,7.4,--,11,8140,卖盘
2641,10:43:27,7.4,-0.01,8,5920,卖盘
2642,10:43:24,7.41,--,246,182286,买盘
2643,10:43:21,7.41,0.01,20,14820,买盘
2644,10:43:15,7.4,-0.01,3,2220,卖盘
2645,10:43:12,7.41,0.01,58,42978,买盘
2646,10:43:09,7.4,--,9,6660,卖盘
2647,10:43:06,7.4,-0.01,6,4440,卖盘
2648,10:43:03,7.41,0.01,57,42237,买盘
2649,10:42:57,7.4,-0.01,13,9620,卖盘
2650,10:42:51,7.41,0.01,56,41496,买盘
2651,10:42:48,7.4,--,10,7400,卖盘
2652,10:42:45,7.4,--,77,56980,卖盘
2653,10:42:42,7.4,-0.01,21,15540,卖盘
2654,10:42:39,7.41,--,120,88920,买盘
2655,10:42:36,7.41,--,134,99294,买盘
2656,10:42:33,7.41,--,23,17043,买盘
2657,10:42:30,7.41,--,71,52611,买盘
2658,10:42:27,7.41,--,357,264537,卖盘
2659,10:42:24,7.41,--,15,11115,卖盘
2660,10:42:21,7.41,--,7,5187,卖盘
2661,10:42:18,7.41,0.01,256,189696,买盘
2662,10:42:15,7.4,--,3,2220,卖盘
2663,10:42:12,7.4,-0.01,90,66600,卖盘
2664,10:42:09,7.41,--,16,11856,卖盘
2665,10:42:06,7.41,--,201,148941,买盘
2666,10:42:03,7.41,--,332,246012,卖盘
2667,10:42:00,7.41,--,313,231933,买盘
2668,10:41:57,7.41,--,7,5187,买盘
2669,10:41:54,7.41,--,128,94848,卖盘
2670,10:41:51,7.41,--,72,53352,买盘
2671,10:41:48,7.41,-0.01,373,276393,卖盘
2672,10:41:45,7.42,--,56,41552,买盘
2673,10:41:42,7.42,0.01,41,30422,买盘
2674,10:41:39,7.41,--,18,13338,卖盘
2675,10:41:36,7.41,-0.01,143,105963,卖盘
2676,10:41:33,7.42,0.01,66,48972,买盘
2677,10:41:30,7.41,--,14,10374,卖盘
2678,10:41:27,7.41,--,11,8151,卖盘
2679,10:41:24,7.41,-0.01,70,51870,卖盘
2680,10:41:21,7.42,0.01,154,114268,买盘
2681,10:41:18,7.41,--,12,8892,卖盘
2682,10:41:15,7.41,--,13,9633,卖盘
2683,10:41:12,7.41,--,65,48165,卖盘
2684,10:41:06,7.41,--,19,14079,卖盘
2685,10:41:03,7.41,-0.01,156,115596,卖盘
2686,10:41:00,7.42,0.01,78,57876,买盘
2687,10:40:57,7.41,-0.01,509,377169,卖盘
2688,10:40:54,7.42,0.01,5,3710,卖盘
2689,10:40:51,7.41,--,8,5928,卖盘
2690,10:40:48,7.41,-0.01,126,93366,卖盘
2691,10:40:45,7.42,--,45,33390,卖盘
2692,10:40:39,7.42,0.01,40,29680,买盘
2693,10:40:36,7.41,0.01,63,46683,买盘
2694,10:40:33,7.4,-0.01,92,68080,卖盘
2695,10:40:30,7.41,0.01,257,190437,卖盘
2696,10:40:27,7.4,-0.01,6001,4440740,卖盘
2697,10:40:24,7.41,--,32,24156,卖盘
2698,10:40:21,7.41,--,32,23712,卖盘
2699,10:40:18,7.41,0.01,269,199625,买盘
2700,10:40:15,7.4,-0.01,133,98420,卖盘
2701,10:40:12,7.41,0.01,463,343083,买盘
2702,10:40:09,7.4,-0.01,19,14060,卖盘
2703,10:40:06,7.41,--,357,264981,卖盘
2704,10:40:03,7.41,--,73,54093,卖盘
2705,10:40:00,7.41,--,101,74841,卖盘
2706,10:39:57,7.41,--,24,18080,买盘
2707,10:39:54,7.41,0.01,71,52611,买盘
2708,10:39:51,7.4,-0.01,52,38480,卖盘
2709,10:39:48,7.41,--,283,209703,买盘
2710,10:39:45,7.41,--,6,4446,买盘
2711,10:39:42,7.41,0.01,57,42237,买盘
2712,10:39:39,7.4,--,19,14060,卖盘
2713,10:39:36,7.4,-0.01,16,11840,卖盘
2714,10:39:33,7.41,0.01,486,360126,买盘
2715,10:39:30,7.4,--,7,5180,卖盘
2716,10:39:27,7.4,-0.01,110,81400,卖盘
2717,10:39:21,7.41,0.01,71,52611,买盘
2718,10:39:18,7.4,--,9,6660,卖盘
2719,10:39:15,7.4,-0.01,34,25160,卖盘
2720,10:39:09,7.41,--,75,55575,买盘
2721,10:39:06,7.41,--,802,594282,买盘
2722,10:39:03,7.41,--,303,224523,买盘
2723,10:39:00,7.41,0.01,122,90402,买盘
2724,10:38:54,7.4,-0.01,23,17020,卖盘
2725,10:38:51,7.41,--,63,46683,买盘
2726,10:38:48,7.41,--,102,75582,买盘
2727,10:38:45,7.41,0.01,20,14820,买盘
2728,10:38:42,7.4,-0.01,79,58460,卖盘
2729,10:38:39,7.41,--,172,127452,买盘
2730,10:38:36,7.41,0.01,55,40755,买盘
2731,10:38:33,7.4,--,10,7400,卖盘
2732,10:38:30,7.4,--,5,3700,卖盘
2733,10:38:27,7.4,--,60,44400,卖盘
2734,10:38:24,7.4,--,50,37000,卖盘
2735,10:38:21,7.4,-0.01,34,25160,卖盘
2736,10:38:15,7.41,0.01,105,77805,买盘
2737,10:38:12,7.4,--,18,13719,买盘
2738,10:38:09,7.4,--,9,6660,卖盘
2739,10:38:06,7.4,-0.01,33,24420,卖盘
2740,10:38:03,7.41,0.01,288,213408,买盘
2741,10:38:00,7.4,-0.01,22,16280,中性盘
2742,10:37:57,7.41,0.01,255,188955,买盘
2743,10:37:54,7.4,0.01,6064,4487360,买盘
2744,10:37:51,7.39,-0.01,28,20692,卖盘
2745,10:37:48,7.4,--,156,115440,卖盘
2746,10:37:45,7.4,--,3,2220,卖盘
2747,10:37:42,7.4,--,83,61420,卖盘
2748,10:37:39,7.4,--,164,121360,卖盘
2749,10:37:36,7.4,-0.01,804,594960,卖盘
2750,10:37:33,7.41,--,22,16302,买盘
2751,10:37:30,7.41,--,58,42978,买盘
2752,10:37:27,7.41,--,78,57798,买盘
2753,10:37:24,7.41,0.01,131,97071,买盘
2754,10:37:21,7.4,--,128,94720,卖盘
2755,10:37:18,7.4,-0.01,27,19980,卖盘
2756,10:37:15,7.41,0.01,84,62244,买盘
2757,10:37:12,7.4,-0.01,6,4440,卖盘
2758,10:37:09,7.41,0.01,100,74100,买盘
2759,10:37:06,7.4,0.01,75,55500,买盘
2760,10:37:03,7.39,-0.02,12,8868,卖盘
2761,10:37:00,7.41,0.01,292,216372,买盘
2762,10:36:57,7.4,0.01,48,35520,买盘
2763,10:36:54,7.39,-0.01,19,14041,卖盘
2764,10:36:51,7.4,--,24,17760,卖盘
2765,10:36:48,7.4,-0.01,290,214600,卖盘
2766,10:36:45,7.41,0.01,7,5187,买盘
2767,10:36:42,7.4,--,128,94720,卖盘
2768,10:36:39,7.4,-0.01,814,602360,卖盘
2769,10:36:36,7.41,--,73,54093,买盘
2770,10:36:33,7.41,--,76,56316,买盘
2771,10:36:30,7.41,0.01,12,8892,买盘
2772,10:36:27,7.4,-0.01,35,25900,卖盘
2773,10:36:24,7.41,0.01,65,48165,买盘
2774,10:36:21,7.4,--,48,35520,卖盘
2775,10:36:18,7.4,--,547,405076,买盘
2776,10:36:15,7.4,--,59,43660,买盘
2777,10:36:12,7.4,0.01,28,20720,买盘
2778,10:36:09,7.39,0.01,13,9607,卖盘
2779,10:36:06,7.38,-0.02,116,85608,卖盘
2780,10:36:03,7.4,--,52,38480,买盘
2781,10:36:00,7.4,0.02,15,11100,买盘
2782,10:35:57,7.38,-0.02,107,78966,卖盘
2783,10:35:54,7.4,0.01,3,2220,买盘
2784,10:35:51,7.39,--,124,91636,卖盘
2785,10:35:48,7.39,--,17,12563,卖盘
2786,10:35:45,7.39,-0.01,367,271656,卖盘
2787,10:35:42,7.4,-0.01,187,138380,卖盘
2788,10:35:39,7.41,0.01,97,71877,买盘
2789,10:35:36,7.4,-0.01,1782,1318680,卖盘
2790,10:35:33,7.41,--,933,691353,买盘
2791,10:35:30,7.41,--,320,237120,买盘
2792,10:35:27,7.41,0.01,8,5928,买盘
2793,10:35:24,7.4,-0.01,119,88060,卖盘
2794,10:35:21,7.41,0.01,27,20007,买盘
2795,10:35:18,7.4,-0.01,4,2960,卖盘
2796,10:35:15,7.41,--,50,37050,买盘
2797,10:35:12,7.41,--,92,68172,买盘
2798,10:35:09,7.41,--,42,31122,买盘
2799,10:35:06,7.41,--,355,263055,买盘
2800,10:35:03,7.41,--,305,226005,买盘
2801,10:35:00,7.41,--,255,188955,买盘
2802,10:34:57,7.41,--,414,306774,买盘
2803,10:34:54,7.41,--,101,74841,买盘
2804,10:34:51,7.41,0.01,661,489801,买盘
2805,10:34:48,7.4,-0.01,85,62900,卖盘
2806,10:34:45,7.41,0.01,15,11115,买盘
2807,10:34:42,7.4,--,124,91760,卖盘
2808,10:34:36,7.4,--,80,59200,卖盘
2809,10:34:33,7.4,0.01,3214,2378656,买盘
2810,10:34:30,7.39,-0.01,33,24387,卖盘
2811,10:34:27,7.4,--,8,5920,买盘
2812,10:34:24,7.4,0.01,10,7400,买盘
2813,10:34:21,7.39,--,11,8129,卖盘
2814,10:34:18,7.39,-0.01,60,44340,中性盘
2815,10:34:12,7.4,0.02,23,17020,买盘
2816,10:34:09,7.38,--,27,19926,卖盘
2817,10:34:06,7.38,--,42,30996,卖盘
2818,10:34:03,7.38,0.01,10,7380,卖盘
2819,10:34:00,7.37,--,3,2211,卖盘
2820,10:33:57,7.37,-0.03,216,159192,卖盘
2821,10:33:54,7.4,0.02,10000,7400000,买盘
2822,10:33:51,7.38,--,25,18450,买盘
2823,10:33:48,7.38,0.01,61,45018,买盘
2824,10:33:45,7.37,--,9,6633,卖盘
2825,10:33:39,7.37,--,29,21373,卖盘
2826,10:33:36,7.37,0.01,1367,1008068,买盘
2827,10:33:27,7.36,--,81,59616,卖盘
2828,10:33:24,7.36,-0.01,11,8096,卖盘
2829,10:33:18,7.37,0.01,49,36113,买盘
2830,10:33:12,7.36,--,10,7360,卖盘
2831,10:33:09,7.36,--,4,2944,卖盘
2832,10:33:06,7.36,--,1,736,卖盘
2833,10:33:03,7.36,--,10,7360,卖盘
2834,10:33:00,7.36,--,72,52992,卖盘
2835,10:32:57,7.36,--,2,1472,卖盘
2836,10:32:51,7.36,--,9,6624,卖盘
2837,10:32:48,7.36,--,1,736,卖盘
2838,10:32:45,7.36,--,21,15456,卖盘
2839,10:32:42,7.36,--,31,22816,卖盘
2840,10:32:39,7.36,--,1466,1078976,买盘
2841,10:32:36,7.36,--,54,39744,买盘
2842,10:32:33,7.36,--,45,33120,买盘
2843,10:32:30,7.36,0.01,79,58144,买盘
2844,10:32:27,7.35,-0.01,1,735,卖盘
2845,10:32:24,7.36,--,14,10304,买盘
2846,10:32:18,7.36,--,112,82432,买盘
2847,10:32:15,7.36,0.01,13,9568,买盘
2848,10:32:12,7.35,--,61,44835,卖盘
2849,10:32:09,7.35,--,1,735,卖盘
2850,10:32:06,7.35,--,11,8085,卖盘
2851,10:32:03,7.35,--,29,21315,卖盘
2852,10:31:57,7.35,--,13,9555,卖盘
2853,10:31:48,7.35,--,2,1470,卖盘
2854,10:31:45,7.35,-0.01,9,6615,卖盘
2855,10:31:42,7.36,0.01,28,20608,买盘
2856,10:31:39,7.35,-0.01,3,2205,卖盘
2857,10:31:36,7.36,0.01,2,1472,买盘
2858,10:31:33,7.35,-0.01,8,5880,卖盘
2859,10:31:30,7.36,--,11,8096,买盘
2860,10:31:27,7.36,0.01,2,1472,买盘
2861,10:31:24,7.35,--,9,6615,卖盘
2862,10:31:21,7.35,-0.01,11,8085,卖盘
2863,10:31:18,7.36,0.01,4,2944,买盘
2864,10:31:12,7.35,--,8,5880,卖盘
2865,10:31:09,7.35,--,33,24255,卖盘
2866,10:31:06,7.35,-0.01,1479,1087065,卖盘
2867,10:31:03,7.36,--,114,83904,卖盘
2868,10:31:00,7.36,--,10,7360,卖盘
2869,10:30:57,7.36,-0.01,9,6624,卖盘
2870,10:30:54,7.37,0.01,200,147400,买盘
2871,10:30:51,7.36,--,9,6624,卖盘
2872,10:30:48,7.36,--,45,33120,卖盘
2873,10:30:45,7.36,--,80,58880,卖盘
2874,10:30:39,7.36,-0.01,14,10304,卖盘
2875,10:30:36,7.37,--,2,1474,买盘
2876,10:30:33,7.37,0.01,95,70015,买盘
2877,10:30:30,7.36,--,25,18400,卖盘
2878,10:30:27,7.36,-0.01,901,663283,卖盘
2879,10:30:18,7.37,--,23,16951,卖盘
2880,10:30:15,7.37,--,31,22847,卖盘
2881,10:30:12,7.37,--,2,1474,卖盘
2882,10:30:09,7.37,--,25,18425,卖盘
2883,10:30:06,7.37,-0.01,89,65593,卖盘
2884,10:30:03,7.38,--,2203,1625814,买盘
2885,10:30:00,7.38,0.01,103,76014,买盘
2886,10:29:57,7.37,--,27,19899,卖盘
2887,10:29:54,7.37,--,31,22847,卖盘
2888,10:29:51,7.37,--,5,3685,卖盘
2889,10:29:48,7.37,--,29,21373,卖盘
2890,10:29:45,7.37,--,11,8107,卖盘
2891,10:29:36,7.37,--,12,8844,卖盘
2892,10:29:33,7.37,--,188,138556,卖盘
2893,10:29:27,7.37,--,1,737,卖盘
2894,10:29:24,7.37,--,3,2211,卖盘
2895,10:29:21,7.37,-0.01,10,7370,卖盘
2896,10:29:18,7.38,0.01,76,56088,买盘
2897,10:29:12,7.37,--,37,27269,卖盘
2898,10:29:09,7.37,--,18,13266,卖盘
2899,10:29:06,7.37,--,21,15477,卖盘
2900,10:29:00,7.37,-0.01,16,11792,卖盘
2901,10:28:57,7.38,--,18,13284,买盘
2902,10:28:51,7.38,0.01,112,82656,买盘
2903,10:28:48,7.37,--,14,10318,卖盘
2904,10:28:45,7.37,--,4,2948,卖盘
2905,10:28:42,7.37,-0.01,18,13266,卖盘
2906,10:28:39,7.38,0.01,340,250920,买盘
2907,10:28:36,7.37,--,165,121605,卖盘
2908,10:28:33,7.37,--,6,4422,卖盘
2909,10:28:30,7.37,--,10,7370,卖盘
