,time,price,change,volume,amount,type
0,15:00:03,11.17,--,1971,2201607,买盘
1,14:57:00,11.17,--,0,0,买盘
2,14:56:51,11.17,0.01,99,110583,买盘
3,14:56:48,11.16,--,38,42408,卖盘
4,14:56:45,11.16,-0.01,40,44640,卖盘
5,14:56:33,11.17,--,33,36861,买盘
6,14:56:27,11.17,--,120,134040,买盘
7,14:56:24,11.17,--,115,128455,买盘
8,14:56:21,11.17,0.01,2,2234,买盘
9,14:56:18,11.16,--,32,35712,卖盘
10,14:56:15,11.16,-0.01,200,223200,卖盘
11,14:56:12,11.17,0.01,31,34627,买盘
12,14:56:09,11.16,--,3,3348,卖盘
13,14:56:00,11.16,-0.01,35,39060,卖盘
14,14:55:54,11.17,0.01,5,5585,买盘
15,14:55:51,11.16,-0.01,19,21204,卖盘
16,14:55:45,11.17,--,11,12287,买盘
17,14:55:42,11.17,0.01,30,33510,买盘
18,14:55:39,11.16,-0.01,19,21204,卖盘
19,14:55:36,11.17,-0.01,41,45797,卖盘
20,14:55:33,11.18,0.01,57,63726,买盘
21,14:55:30,11.17,--,18,20106,买盘
22,14:55:18,11.17,0.02,26,29042,买盘
23,14:55:15,11.15,--,5,5575,卖盘
24,14:55:12,11.15,-0.02,33,36795,卖盘
25,14:55:09,11.17,0.02,69,77073,买盘
26,14:55:06,11.15,-0.01,210,234150,卖盘
27,14:55:03,11.16,-0.01,99,110484,卖盘
28,14:55:00,11.17,0.01,64,71488,买盘
29,14:54:48,11.16,--,28,31248,买盘
30,14:54:45,11.16,--,24,26784,买盘
31,14:54:42,11.16,--,5,5580,买盘
32,14:54:36,11.16,-0.01,60,66960,中性盘
33,14:54:33,11.17,--,138,154146,买盘
34,14:54:30,11.17,--,20,22340,买盘
35,14:54:27,11.17,0.01,17,18989,买盘
36,14:54:24,11.16,-0.01,66,73656,卖盘
37,14:54:21,11.17,0.01,10,11170,买盘
38,14:54:12,11.16,--,8,8928,卖盘
39,14:54:03,11.16,--,2,2232,卖盘
40,14:54:00,11.16,--,49,54684,卖盘
41,14:53:57,11.16,-0.01,10,11160,卖盘
42,14:53:54,11.17,--,64,71488,买盘
43,14:53:51,11.17,0.01,10,11170,买盘
44,14:53:45,11.16,-0.01,170,189720,卖盘
45,14:53:33,11.17,--,219,244623,买盘
46,14:53:30,11.17,0.01,36,40212,买盘
47,14:53:27,11.16,--,26,29016,卖盘
48,14:53:24,11.16,--,7,7812,卖盘
49,14:53:21,11.16,--,20,22320,卖盘
50,14:53:15,11.16,--,11,12276,卖盘
51,14:52:57,11.16,-0.02,4,4464,卖盘
52,14:52:51,11.18,0.02,69,77142,买盘
53,14:52:48,11.16,-0.01,26,29016,卖盘
54,14:52:45,11.17,-0.01,4,4468,中性盘
55,14:52:39,11.18,0.01,39,43602,买盘
56,14:52:30,11.17,--,210,234570,卖盘
57,14:52:24,11.17,-0.01,10,11170,卖盘
58,14:52:21,11.18,--,10,11180,买盘
59,14:52:15,11.18,0.01,16,17888,买盘
60,14:52:12,11.17,--,5,5585,卖盘
61,14:52:09,11.17,--,4,4468,卖盘
62,14:52:06,11.17,--,7,7819,卖盘
63,14:52:00,11.17,--,22,24574,卖盘
64,14:51:57,11.17,-0.01,27,30159,卖盘
65,14:51:51,11.18,0.01,140,156520,买盘
66,14:51:48,11.17,--,25,27925,卖盘
67,14:51:36,11.17,--,4,4468,卖盘
68,14:51:33,11.17,-0.01,31,34627,卖盘
69,14:51:24,11.18,--,24,26832,买盘
70,14:51:21,11.18,--,50,55900,买盘
71,14:51:18,11.18,0.01,18,20124,买盘
72,14:51:15,11.17,--,208,232336,卖盘
73,14:51:06,11.17,-0.01,91,101647,卖盘
74,14:51:03,11.18,--,10,11180,买盘
75,14:51:00,11.18,--,13,14534,买盘
76,14:50:51,11.18,--,22,24596,买盘
77,14:50:45,11.18,--,4,4472,买盘
78,14:50:39,11.18,--,11,12298,买盘
79,14:50:36,11.18,--,378,422604,卖盘
80,14:50:30,11.18,--,10,11180,卖盘
81,14:50:27,11.18,--,44,49192,卖盘
82,14:50:24,11.18,--,1,1118,卖盘
83,14:50:21,11.18,--,49,54782,卖盘
84,14:50:18,11.18,-0.01,128,143104,卖盘
85,14:50:12,11.19,0.01,20,22380,买盘
86,14:50:09,11.18,-0.01,16,17888,卖盘
87,14:50:06,11.19,0.01,49,54831,买盘
88,14:50:03,11.18,--,7,7826,卖盘
89,14:49:54,11.18,-0.01,5,5590,卖盘
90,14:49:51,11.19,0.01,10,11190,买盘
91,14:49:48,11.18,-0.01,6,6708,卖盘
92,14:49:45,11.19,0.01,14,15666,买盘
93,14:49:42,11.18,--,18,20124,卖盘
94,14:49:39,11.18,-0.01,20,22360,卖盘
95,14:49:36,11.19,--,24,26856,买盘
96,14:49:33,11.19,0.01,4,4476,买盘
97,14:49:30,11.18,--,10,11180,卖盘
98,14:49:27,11.18,--,35,39130,卖盘
99,14:49:24,11.18,-0.01,2,2236,卖盘
100,14:49:21,11.19,0.01,11,12309,买盘
101,14:49:18,11.18,--,35,39130,卖盘
102,14:49:12,11.18,--,305,340990,卖盘
103,14:49:09,11.18,-0.01,43,48074,卖盘
104,14:49:06,11.19,--,23,25737,买盘
105,14:49:03,11.19,--,10,11190,买盘
106,14:49:00,11.19,--,1,1119,买盘
107,14:48:54,11.19,0.01,34,38046,买盘
108,14:48:51,11.18,--,132,147576,卖盘
109,14:48:48,11.18,--,8,8944,卖盘
110,14:48:45,11.18,--,2,2236,卖盘
111,14:48:42,11.18,--,1,1118,卖盘
112,14:48:39,11.18,-0.01,7,7826,卖盘
113,14:48:36,11.19,--,24,26856,买盘
114,14:48:33,11.19,--,3,3357,买盘
115,14:48:30,11.19,--,24,26856,买盘
116,14:48:24,11.19,--,16,17904,买盘
117,14:48:21,11.19,0.01,11,12309,买盘
118,14:48:18,11.18,--,79,88322,卖盘
119,14:48:12,11.18,-0.01,30,33540,卖盘
120,14:48:06,11.19,0.01,28,31332,买盘
121,14:48:03,11.18,--,5,5590,卖盘
122,14:47:57,11.18,-0.01,9,10062,卖盘
123,14:47:51,11.19,--,10,11190,买盘
124,14:47:48,11.19,--,10,11190,买盘
125,14:47:36,11.19,--,64,71616,买盘
126,14:47:33,11.19,0.01,5,5595,买盘
127,14:47:30,11.18,--,2,2236,卖盘
128,14:47:24,11.18,--,53,59254,卖盘
129,14:47:21,11.18,--,11,12298,卖盘
130,14:47:18,11.18,-0.01,105,117390,卖盘
131,14:47:15,11.19,--,36,40284,买盘
132,14:47:09,11.19,--,5,5595,买盘
133,14:47:06,11.19,0.01,27,30213,买盘
134,14:47:03,11.18,-0.01,36,40248,卖盘
135,14:46:54,11.19,--,14,15666,买盘
136,14:46:51,11.19,--,10,11190,买盘
137,14:46:45,11.19,--,32,35808,买盘
138,14:46:42,11.19,--,56,62664,买盘
139,14:46:39,11.19,--,10,11190,买盘
140,14:46:36,11.19,--,24,27012,买盘
141,14:46:33,11.19,0.01,20,22380,买盘
142,14:46:30,11.18,-0.01,100,111800,卖盘
143,14:46:24,11.19,--,25,27975,买盘
144,14:46:21,11.19,0.01,20,22380,买盘
145,14:46:18,11.18,-0.01,10,11180,卖盘
146,14:46:15,11.19,0.01,3,3357,买盘
147,14:46:09,11.18,-0.01,58,64844,卖盘
148,14:46:06,11.19,0.01,23,25737,买盘
149,14:46:03,11.18,--,2,2236,卖盘
150,14:46:00,11.18,--,5,5590,卖盘
151,14:45:57,11.18,--,6,6708,卖盘
152,14:45:54,11.18,--,14,15652,卖盘
153,14:45:51,11.18,-0.01,83,92794,卖盘
154,14:45:48,11.19,--,12,13428,买盘
155,14:45:45,11.19,--,3,3357,买盘
156,14:45:42,11.19,0.01,46,51474,买盘
157,14:45:39,11.18,-0.01,45,50310,卖盘
158,14:45:36,11.19,0.01,24,26856,买盘
159,14:45:33,11.18,--,62,69316,卖盘
160,14:45:30,11.18,--,5,5590,卖盘
161,14:45:27,11.18,--,11,12298,卖盘
162,14:45:24,11.18,-0.01,82,91676,卖盘
163,14:45:21,11.19,0.01,13,14547,买盘
164,14:45:18,11.18,--,63,70434,卖盘
165,14:45:15,11.18,0.01,653,730277,买盘
166,14:45:12,11.17,--,40,44680,卖盘
167,14:45:09,11.17,--,8,8936,卖盘
168,14:45:06,11.17,--,27,30159,卖盘
169,14:45:03,11.17,--,5,5585,卖盘
170,14:44:54,11.17,-0.01,6,6702,卖盘
171,14:44:51,11.18,0.01,43,48074,买盘
172,14:44:48,11.17,--,16,17872,卖盘
173,14:44:45,11.17,-0.01,2,2234,卖盘
174,14:44:36,11.18,--,24,26832,买盘
175,14:44:33,11.18,--,1,1118,买盘
176,14:44:30,11.18,0.01,31,34658,买盘
177,14:44:24,11.17,-0.01,4,4468,卖盘
178,14:44:21,11.18,0.01,10,11180,买盘
179,14:44:18,11.17,-0.01,98,109466,卖盘
180,14:44:12,11.18,--,197,220246,买盘
181,14:44:06,11.18,--,38,42484,买盘
182,14:44:03,11.18,--,23,25714,买盘
183,14:44:00,11.18,--,10,11180,买盘
184,14:43:54,11.18,--,3,3354,买盘
185,14:43:51,11.18,0.01,46,51428,买盘
186,14:43:48,11.17,-0.01,6,6702,卖盘
187,14:43:45,11.18,--,10,11180,买盘
188,14:43:42,11.18,0.01,159,177762,买盘
189,14:43:39,11.17,-0.01,26,29042,卖盘
190,14:43:36,11.18,--,372,415896,买盘
191,14:43:33,11.18,--,11,12298,买盘
192,14:43:27,11.18,0.01,3,3354,买盘
193,14:43:24,11.17,-0.01,2,2234,卖盘
194,14:43:21,11.18,0.01,22,24596,买盘
195,14:43:15,11.17,-0.01,5,5585,卖盘
196,14:43:12,11.18,--,4,4472,买盘
197,14:43:06,11.18,--,57,63726,买盘
198,14:43:03,11.18,--,42,46956,买盘
199,14:43:00,11.18,--,2,2236,买盘
200,14:42:57,11.18,0.01,3,3354,买盘
201,14:42:54,11.17,--,49,54733,卖盘
202,14:42:51,11.17,--,32,35744,卖盘
203,14:42:48,11.17,-0.01,6,6702,卖盘
204,14:42:45,11.18,--,124,138632,买盘
205,14:42:39,11.18,--,50,55900,买盘
206,14:42:36,11.18,--,27,30186,买盘
207,14:42:33,11.18,--,18,20124,买盘
208,14:42:27,11.18,--,44,49192,买盘
209,14:42:24,11.18,--,13,14534,买盘
210,14:42:21,11.18,0.01,12,13416,买盘
211,14:42:15,11.17,-0.01,2,2234,卖盘
212,14:42:09,11.18,--,17,19006,买盘
213,14:42:06,11.18,0.01,72,80496,买盘
214,14:42:03,11.17,--,103,115051,卖盘
215,14:42:00,11.17,-0.01,5,5585,卖盘
216,14:41:57,11.18,--,10,11180,买盘
217,14:41:54,11.18,--,7,7826,买盘
218,14:41:51,11.18,--,61,68198,买盘
219,14:41:48,11.18,0.01,14,15652,买盘
220,14:41:45,11.17,-0.01,6,6702,卖盘
221,14:41:36,11.18,--,25,27950,买盘
222,14:41:33,11.18,--,1,1118,买盘
223,14:41:30,11.18,--,66,73788,买盘
224,14:41:24,11.18,--,7,7826,买盘
225,14:41:21,11.18,--,10,11180,买盘
226,14:41:15,11.18,--,3,3354,买盘
227,14:41:09,11.18,--,1,1118,买盘
228,14:41:06,11.18,--,60,67080,买盘
229,14:41:03,11.18,--,40,44720,买盘
230,14:40:51,11.18,--,223,249314,买盘
231,14:40:45,11.18,0.01,114,127452,买盘
232,14:40:42,11.17,-0.01,1,1117,卖盘
233,14:40:39,11.18,--,20,22360,买盘
234,14:40:36,11.18,0.01,24,26832,买盘
235,14:40:27,11.17,-0.01,17,18989,卖盘
236,14:40:24,11.18,--,23,25714,买盘
237,14:40:21,11.18,--,10,11180,买盘
238,14:40:15,11.18,--,170,190060,买盘
239,14:40:12,11.18,--,50,55900,买盘
240,14:40:09,11.18,--,2,2236,买盘
241,14:40:06,11.18,0.01,55,61490,买盘
242,14:40:03,11.17,--,18,20106,卖盘
243,14:39:54,11.17,-0.01,14,15638,卖盘
244,14:39:51,11.18,--,9,10062,买盘
245,14:39:48,11.18,0.01,16,17888,买盘
246,14:39:39,11.17,-0.01,6,6702,卖盘
247,14:39:36,11.18,0.01,24,26832,买盘
248,14:39:30,11.17,-0.01,29,32393,卖盘
249,14:39:24,11.18,--,7,7826,买盘
250,14:39:21,11.18,--,42,46956,买盘
251,14:39:18,11.18,0.01,3,3354,买盘
252,14:39:15,11.17,-0.01,111,123987,卖盘
253,14:39:12,11.18,--,3,3354,买盘
254,14:39:09,11.18,--,15,16770,买盘
255,14:39:06,11.18,--,38,42484,买盘
256,14:39:00,11.18,0.01,53,59254,买盘
257,14:38:57,11.17,--,8,8936,卖盘
258,14:38:51,11.17,--,18,20106,卖盘
259,14:38:48,11.17,--,24,26808,卖盘
260,14:38:45,11.17,-0.01,2,2234,卖盘
261,14:38:42,11.18,--,2,2236,买盘
262,14:38:36,11.18,0.01,48,53664,买盘
263,14:38:33,11.17,-0.01,25,27925,卖盘
264,14:38:27,11.18,--,3,3354,买盘
265,14:38:21,11.18,0.01,20,22360,买盘
266,14:38:18,11.17,-0.01,10,11170,卖盘
267,14:38:15,11.18,--,2,2236,买盘
268,14:38:09,11.18,0.01,1,1118,买盘
269,14:38:06,11.17,-0.01,4,4468,中性盘
270,14:38:00,11.18,--,4,4472,买盘
271,14:37:57,11.18,0.02,1,1118,买盘
272,14:37:54,11.16,-0.02,3,3348,卖盘
273,14:37:51,11.18,--,10,11180,买盘
274,14:37:42,11.18,0.01,14,15652,买盘
275,14:37:39,11.17,--,509,568553,买盘
276,14:37:36,11.17,--,24,26808,买盘
277,14:37:30,11.17,0.01,49,54733,买盘
278,14:37:27,11.16,--,5,5580,卖盘
279,14:37:24,11.16,-0.01,5,5580,卖盘
280,14:37:21,11.17,--,16,17872,买盘
281,14:37:18,11.17,--,3,3351,买盘
282,14:37:15,11.17,--,33,36861,买盘
283,14:37:12,11.17,--,19,21223,买盘
284,14:37:09,11.17,--,1,1117,买盘
285,14:37:06,11.17,0.01,27,30159,买盘
286,14:37:00,11.16,-0.01,11,12276,卖盘
287,14:36:57,11.17,0.01,107,119519,买盘
288,14:36:51,11.16,0.01,9,10044,买盘
289,14:36:45,11.15,-0.01,12,13380,卖盘
290,14:36:39,11.16,--,4,4464,买盘
291,14:36:36,11.16,--,24,26784,买盘
292,14:36:33,11.16,--,3,3348,买盘
293,14:36:30,11.16,0.01,3,3348,买盘
294,14:36:27,11.15,-0.01,6,6690,卖盘
295,14:36:21,11.16,--,10,11160,买盘
296,14:36:15,11.16,-0.01,47,52452,卖盘
297,14:36:12,11.17,0.01,4,4468,买盘
298,14:36:09,11.16,-0.01,4,4464,卖盘
299,14:36:06,11.17,0.02,120,134040,买盘
300,14:36:03,11.15,-0.02,10,11150,卖盘
301,14:35:57,11.17,0.02,302,337334,买盘
302,14:35:54,11.15,-0.02,1,1115,卖盘
303,14:35:51,11.17,0.02,10,11170,买盘
304,14:35:48,11.15,-0.02,1,1115,卖盘
305,14:35:45,11.17,0.01,62,69254,买盘
306,14:35:42,11.16,0.01,3,3348,买盘
307,14:35:36,11.15,--,9,10035,买盘
308,14:35:33,11.15,-0.02,221,246415,卖盘
309,14:35:30,11.17,--,18,20106,买盘
310,14:35:27,11.17,--,20,22340,买盘
311,14:35:24,11.17,--,5,5585,买盘
312,14:35:21,11.17,--,18,20106,买盘
313,14:35:18,11.17,--,12,13404,买盘
314,14:35:12,11.17,--,88,98296,买盘
315,14:35:09,11.17,--,6,6702,买盘
316,14:35:06,11.17,0.02,46,51382,买盘
317,14:35:03,11.15,-0.02,1,1115,卖盘
318,14:35:00,11.17,0.02,1,1117,买盘
319,14:34:57,11.15,-0.02,8,8920,卖盘
320,14:34:51,11.17,0.02,50,55850,买盘
321,14:34:45,11.15,-0.01,5,5575,卖盘
322,14:34:39,11.16,--,45,50220,买盘
323,14:34:36,11.16,0.01,24,26784,买盘
324,14:34:33,11.15,--,10,11150,卖盘
325,14:34:30,11.15,-0.01,2,2230,卖盘
326,14:34:27,11.16,--,30,33480,买盘
327,14:34:24,11.16,--,12,13392,买盘
328,14:34:21,11.16,0.01,9,10044,买盘
329,14:34:18,11.15,-0.01,6,6690,卖盘
330,14:34:15,11.16,--,1,1116,买盘
331,14:34:09,11.16,--,1,1116,买盘
332,14:34:06,11.16,0.01,63,70308,买盘
333,14:34:03,11.15,-0.01,28,31220,卖盘
334,14:34:00,11.16,0.01,411,458676,买盘
335,14:33:54,11.15,-0.01,1,1115,卖盘
336,14:33:51,11.16,--,21,23436,买盘
337,14:33:45,11.16,0.01,28,31248,买盘
338,14:33:42,11.15,--,1,1115,卖盘
339,14:33:39,11.15,0.01,30,33450,买盘
340,14:33:36,11.14,-0.02,23,25622,中性盘
341,14:33:30,11.16,--,593,661788,买盘
342,14:33:21,11.16,0.03,379,422964,买盘
343,14:33:18,11.13,-0.01,40,44520,卖盘
344,14:33:15,11.14,-0.01,5,5570,卖盘
345,14:33:09,11.15,--,2,2230,买盘
346,14:33:06,11.15,--,34,37910,买盘
347,14:33:00,11.15,0.01,20,22300,买盘
348,14:32:57,11.14,--,2,2228,买盘
349,14:32:51,11.14,0.01,10,11140,买盘
350,14:32:48,11.13,--,1,1113,卖盘
351,14:32:45,11.13,--,3,3339,卖盘
352,14:32:42,11.13,0.01,244,271572,买盘
353,14:32:39,11.12,-0.01,12,13343,卖盘
354,14:32:36,11.13,--,24,26712,买盘
355,14:32:33,11.13,0.01,155,172515,买盘
356,14:32:24,11.12,-0.01,6,6671,卖盘
357,14:32:21,11.13,0.01,50,55650,买盘
358,14:32:18,11.12,--,1,1112,卖盘
359,14:32:12,11.12,-0.01,6,6671,卖盘
360,14:32:09,11.13,0.01,287,319431,买盘
361,14:32:03,11.12,-0.01,12,13343,卖盘
362,14:32:00,11.13,--,65,72345,买盘
363,14:31:57,11.13,0.01,29,32277,买盘
364,14:31:54,11.12,-0.01,56,62271,卖盘
365,14:31:51,11.13,0.01,10,11130,买盘
366,14:31:48,11.12,--,302,335824,卖盘
367,14:31:45,11.12,-0.01,94,104527,卖盘
368,14:31:36,11.13,0.01,24,26712,买盘
369,14:31:30,11.12,--,32,35584,卖盘
370,14:31:27,11.12,-0.01,58,64495,卖盘
371,14:31:24,11.13,0.01,15,16695,买盘
372,14:31:21,11.12,--,37,41144,卖盘
373,14:31:09,11.12,-0.01,6,6671,卖盘
374,14:31:06,11.13,0.01,24,26712,买盘
375,14:31:03,11.12,-0.01,5,5560,卖盘
376,14:31:00,11.13,--,11,12243,买盘
377,14:30:57,11.13,--,1,1113,买盘
378,14:30:51,11.13,--,10,11130,买盘
379,14:30:33,11.13,0.01,3,3339,买盘
380,14:30:30,11.12,--,6,6671,卖盘
381,14:30:27,11.12,-0.01,3,3335,卖盘
382,14:30:21,11.13,0.01,10,11130,买盘
383,14:30:18,11.12,-0.01,10,11120,卖盘
384,14:30:09,11.13,--,7,7791,买盘
385,14:30:06,11.13,--,95,105735,卖盘
386,14:30:03,11.13,-0.01,38,42294,卖盘
387,14:30:00,11.14,0.01,2,2228,买盘
388,14:29:54,11.13,-0.01,340,378420,卖盘
389,14:29:51,11.14,--,10,11140,买盘
390,14:29:48,11.14,0.01,52,57928,买盘
391,14:29:45,11.13,-0.01,102,113526,卖盘
392,14:29:33,11.14,0.01,4,4456,买盘
393,14:29:27,11.13,--,1,1113,卖盘
394,14:29:24,11.13,-0.01,12,13356,卖盘
395,14:29:21,11.14,--,12,13368,买盘
396,14:29:09,11.14,--,97,108058,卖盘
397,14:29:00,11.14,0.01,7,7798,卖盘
398,14:28:57,11.13,--,2,2226,卖盘
399,14:28:48,11.13,--,72,80136,卖盘
400,14:28:45,11.13,--,2,2226,卖盘
401,14:28:42,11.13,-0.01,32,35616,卖盘
402,14:28:33,11.14,--,18,20052,买盘
403,14:28:24,11.14,--,1,1114,买盘
404,14:28:09,11.14,--,1,1114,买盘
405,14:28:06,11.14,0.01,15,16710,买盘
406,14:28:03,11.13,-0.01,5,5565,卖盘
407,14:27:54,11.14,0.01,11,12254,买盘
408,14:27:51,11.13,-0.02,8,8904,卖盘
409,14:27:48,11.15,0.01,31,34565,买盘
410,14:27:42,11.14,--,1,1114,买盘
411,14:27:36,11.14,--,28,31192,买盘
412,14:27:33,11.14,0.01,2,2228,买盘
413,14:27:24,11.13,--,2,2226,卖盘
414,14:27:21,11.13,-0.02,15,16695,卖盘
415,14:27:18,11.15,0.01,14,15610,买盘
416,14:27:12,11.14,-0.01,1,1114,中性盘
417,14:27:06,11.15,0.01,68,75820,买盘
418,14:27:03,11.14,0.01,3,3342,买盘
419,14:27:00,11.13,--,1,1113,卖盘
420,14:26:54,11.13,-0.01,5,5565,卖盘
421,14:26:42,11.14,--,24,26736,卖盘
422,14:26:39,11.14,--,39,43446,卖盘
423,14:26:36,11.14,-0.01,57,63498,卖盘
424,14:26:33,11.15,0.01,34,37910,买盘
425,14:26:30,11.14,-0.01,5,5570,卖盘
426,14:26:27,11.15,--,24,26760,买盘
427,14:26:24,11.15,0.01,1,1115,买盘
428,14:26:15,11.14,--,7,7798,卖盘
429,14:26:12,11.14,--,1,1114,卖盘
430,14:26:09,11.14,--,15,16710,卖盘
431,14:26:03,11.14,-0.01,2,2228,卖盘
432,14:25:54,11.15,0.01,1,1115,买盘
433,14:25:51,11.14,--,4,4456,买盘
434,14:25:48,11.14,--,5,5570,买盘
435,14:25:39,11.14,--,7,7798,买盘
436,14:25:36,11.14,--,53,59042,卖盘
437,14:25:33,11.14,--,51,56814,卖盘
438,14:25:24,11.14,--,2,2228,卖盘
439,14:25:18,11.14,--,17,18938,卖盘
440,14:25:15,11.14,--,5,5570,卖盘
441,14:25:06,11.14,--,10,11140,卖盘
442,14:25:00,11.14,-0.01,61,67954,卖盘
443,14:24:57,11.15,0.01,49,54635,买盘
444,14:24:54,11.14,-0.01,88,98032,卖盘
445,14:24:51,11.15,--,2,2230,买盘
446,14:24:48,11.15,0.01,22,24530,买盘
447,14:24:45,11.14,--,2,2228,卖盘
448,14:24:39,11.14,--,20,22280,卖盘
449,14:24:33,11.14,-0.01,25,27850,卖盘
450,14:24:21,11.15,0.01,2,2230,买盘
451,14:24:18,11.14,--,24,26736,卖盘
452,14:24:12,11.14,--,45,50130,卖盘
453,14:24:09,11.14,-0.01,139,154846,卖盘
454,14:24:06,11.15,0.01,11,12265,买盘
455,14:24:03,11.14,--,32,35648,卖盘
456,14:23:57,11.14,-0.01,1,1114,卖盘
457,14:23:51,11.15,--,1,1115,买盘
458,14:23:48,11.15,0.01,1,1115,买盘
459,14:23:33,11.14,--,20,22280,卖盘
460,14:23:30,11.14,--,24,26736,卖盘
461,14:23:27,11.14,--,1,1114,卖盘
462,14:23:24,11.14,0.01,188,209432,买盘
463,14:23:12,11.13,-0.01,21,23373,卖盘
464,14:23:09,11.14,--,201,223914,买盘
465,14:23:03,11.14,0.01,69,76866,买盘
466,14:23:00,11.13,--,15,16695,买盘
467,14:22:54,11.13,--,1,1113,买盘
468,14:22:42,11.13,--,12,13356,买盘
469,14:22:39,11.13,--,12,13356,买盘
470,14:22:33,11.13,0.01,215,239295,买盘
471,14:22:30,11.12,-0.01,7,7783,卖盘
472,14:22:24,11.13,--,1,1113,买盘
473,14:22:21,11.13,0.01,1,1113,买盘
474,14:22:18,11.12,-0.01,7,7783,卖盘
475,14:22:15,11.13,--,2,2226,买盘
476,14:22:03,11.13,-0.01,45,50085,卖盘
477,14:22:00,11.14,--,32,35648,买盘
478,14:21:54,11.14,--,22,24508,买盘
479,14:21:51,11.14,--,1,1114,买盘
480,14:21:42,11.14,--,20,22280,买盘
481,14:21:39,11.14,--,10,11140,买盘
482,14:21:33,11.14,0.02,16,17824,买盘
483,14:21:30,11.12,-0.02,7,7783,卖盘
484,14:21:21,11.14,0.02,18,20052,买盘
485,14:21:15,11.12,-0.01,4,4448,卖盘
486,14:21:09,11.13,--,5,5565,买盘
487,14:21:00,11.13,--,20,22260,买盘
488,14:20:57,11.13,-0.01,40,44520,卖盘
489,14:20:51,11.14,0.01,1,1114,买盘
490,14:20:42,11.13,-0.02,20,22260,卖盘
491,14:20:36,11.15,0.02,34,37910,买盘
492,14:20:30,11.13,-0.01,124,138012,卖盘
493,14:20:27,11.14,--,3,3342,卖盘
494,14:20:24,11.14,-0.01,5,5570,卖盘
495,14:20:21,11.15,0.01,13,14495,买盘
496,14:20:15,11.14,--,5,5570,卖盘
497,14:20:12,11.14,--,13,14482,卖盘
498,14:20:09,11.14,-0.01,5,5570,卖盘
499,14:20:06,11.15,0.01,11,12265,买盘
500,14:20:03,11.14,--,4,4456,卖盘
501,14:20:00,11.14,-0.01,14,15596,卖盘
502,14:19:57,11.15,0.01,30,33450,买盘
503,14:19:54,11.14,--,6,6684,中性盘
504,14:19:48,11.14,--,60,66840,卖盘
505,14:19:45,11.14,--,99,110286,卖盘
506,14:19:42,11.14,-0.01,61,67954,卖盘
507,14:19:36,11.15,0.01,35,39025,买盘
508,14:19:33,11.14,--,1,1114,卖盘
509,14:19:30,11.14,--,1,1114,卖盘
510,14:19:24,11.14,-0.01,2,2228,卖盘
511,14:19:21,11.15,--,1,1115,买盘
512,14:19:18,11.15,--,32,35680,买盘
513,14:19:15,11.15,0.01,48,53520,买盘
514,14:19:12,11.14,-0.01,51,56814,卖盘
515,14:19:09,11.15,0.01,1,1115,买盘
516,14:18:57,11.14,-0.01,1,1114,卖盘
517,14:18:54,11.15,0.01,16,17840,买盘
518,14:18:51,11.14,--,83,92462,卖盘
519,14:18:48,11.14,-0.01,6,6684,卖盘
520,14:18:45,11.15,0.01,56,62440,买盘
521,14:18:42,11.14,-0.01,57,63498,卖盘
522,14:18:39,11.15,0.01,43,47945,买盘
523,14:18:36,11.14,-0.01,17,18938,卖盘
524,14:18:33,11.15,0.01,37,41255,买盘
525,14:18:30,11.14,--,4,4456,卖盘
526,14:18:27,11.14,-0.01,11,12254,卖盘
527,14:18:24,11.15,0.01,36,40140,买盘
528,14:18:21,11.14,-0.01,35,38990,卖盘
529,14:18:18,11.15,--,37,41255,买盘
530,14:18:15,11.15,0.01,14,15610,买盘
531,14:18:12,11.14,--,8,8912,卖盘
532,14:18:06,11.14,--,140,155960,卖盘
533,14:18:03,11.14,--,536,597104,买盘
534,14:17:54,11.14,0.01,15,16710,买盘
535,14:17:51,11.13,0.01,1,1113,中性盘
536,14:17:36,11.12,-0.02,26,28911,卖盘
537,14:17:21,11.14,--,18,20052,买盘
538,14:17:18,11.14,0.01,66,73524,买盘
539,14:17:06,11.13,0.01,28,31164,买盘
540,14:17:03,11.12,--,1,1112,卖盘
541,14:17:00,11.12,--,35,38920,卖盘
542,14:16:57,11.12,--,2,2224,买盘
543,14:16:54,11.12,--,28,31135,买盘
544,14:16:51,11.12,--,64,71168,买盘
545,14:16:48,11.12,0.01,33,36696,买盘
546,14:16:45,11.11,-0.01,118,131098,卖盘
547,14:16:42,11.12,--,20,22240,买盘
548,14:16:39,11.12,--,1,1112,买盘
549,14:16:36,11.12,--,500,556000,买盘
550,14:16:33,11.12,0.01,309,343608,买盘
551,14:16:30,11.11,-0.01,6,6666,卖盘
552,14:16:27,11.12,--,27,30023,买盘
553,14:16:24,11.12,0.01,31,34472,买盘
554,14:16:21,11.11,-0.01,26,28886,卖盘
555,14:16:12,11.12,--,13,14455,买盘
556,14:16:06,11.12,--,20,22240,买盘
557,14:16:03,11.12,--,34,37808,买盘
558,14:16:00,11.12,--,36,40032,买盘
559,14:15:57,11.12,--,12,13343,买盘
560,14:15:54,11.12,0.01,22,24464,买盘
561,14:15:51,11.11,-0.01,10,11110,卖盘
562,14:15:48,11.12,0.01,32,35584,买盘
563,14:15:45,11.11,-0.01,2,2222,卖盘
564,14:15:42,11.12,--,100,111199,买盘
565,14:15:39,11.12,--,90,100080,买盘
566,14:15:36,11.12,--,564,627168,买盘
567,14:15:33,11.12,--,145,161240,买盘
568,14:15:30,11.12,0.01,56,62271,买盘
569,14:15:27,11.11,-0.01,51,56661,卖盘
570,14:15:24,11.12,--,13,14455,买盘
571,14:15:21,11.12,0.01,66,73392,买盘
572,14:15:18,11.11,--,14,15554,卖盘
573,14:15:15,11.11,-0.01,54,59994,卖盘
574,14:15:12,11.12,0.01,1,1112,中性盘
575,14:15:06,11.11,-0.03,1,1111,卖盘
576,14:15:03,11.14,0.03,24,26736,买盘
577,14:15:00,11.11,-0.03,15,16665,卖盘
578,14:14:54,11.14,--,28,31192,买盘
579,14:14:51,11.14,0.01,22,24508,买盘
580,14:14:48,11.13,0.01,34,37842,买盘
581,14:14:36,11.12,0.01,8,8896,中性盘
582,14:14:30,11.11,-0.01,113,125543,卖盘
583,14:14:24,11.12,-0.01,6,6671,卖盘
584,14:14:21,11.13,0.01,8,8904,买盘
585,14:14:18,11.12,--,15,16680,卖盘
586,14:14:15,11.12,--,5,5560,卖盘
587,14:14:12,11.12,--,58,64495,卖盘
588,14:14:09,11.12,--,16,17792,卖盘
589,14:14:03,11.12,--,18,20016,卖盘
590,14:13:54,11.12,--,24,26687,卖盘
591,14:13:51,11.12,--,48,53375,卖盘
592,14:13:48,11.12,-0.01,2,2224,卖盘
593,14:13:45,11.13,0.01,10,11130,买盘
594,14:13:42,11.12,0.01,54,60047,卖盘
595,14:13:39,11.11,--,157,174427,卖盘
596,14:13:33,11.11,-0.02,3,3333,卖盘
597,14:13:27,11.13,0.02,15,16695,买盘
598,14:13:24,11.11,--,21,23331,卖盘
599,14:13:21,11.11,--,113,125543,卖盘
600,14:13:18,11.11,-0.01,59,65549,卖盘
601,14:13:15,11.12,-0.02,36,40032,卖盘
602,14:13:12,11.14,--,32,35648,买盘
603,14:13:09,11.14,0.03,38,42332,买盘
604,14:13:06,11.11,-0.03,13,14443,卖盘
605,14:13:00,11.14,--,30,33420,买盘
606,14:12:57,11.14,0.03,40,44560,买盘
607,14:12:54,11.11,--,36,39996,卖盘
608,14:12:45,11.11,-0.01,13,14443,卖盘
609,14:12:42,11.12,0.01,57,63383,买盘
610,14:12:39,11.11,-0.02,140,155540,卖盘
611,14:12:36,11.13,0.01,40,44520,买盘
612,14:12:33,11.12,--,14,15567,卖盘
613,14:12:24,11.12,--,14,15567,卖盘
614,14:12:21,11.12,--,16,17792,卖盘
615,14:12:18,11.12,-0.01,18,20016,卖盘
616,14:12:15,11.13,0.01,33,36729,卖盘
617,14:12:12,11.12,--,65,72280,卖盘
618,14:12:09,11.12,--,74,82288,卖盘
619,14:12:06,11.12,-0.02,10,11120,卖盘
620,14:12:03,11.14,0.02,16,17824,买盘
621,14:12:00,11.12,-0.02,62,68944,卖盘
622,14:11:57,11.14,0.02,21,23394,买盘
623,14:11:54,11.12,-0.02,57,63383,卖盘
624,14:11:51,11.14,0.02,78,86892,买盘
625,14:11:48,11.12,--,14,15567,卖盘
626,14:11:45,11.12,-0.01,11,12232,卖盘
627,14:11:42,11.13,--,17,18921,买盘
628,14:11:39,11.13,0.01,14,15582,买盘
629,14:11:36,11.12,--,28,31135,卖盘
630,14:11:27,11.12,-0.01,14,15567,卖盘
631,14:11:24,11.13,0.01,1,1113,买盘
632,14:11:21,11.12,-0.01,54,60047,卖盘
633,14:11:18,11.13,0.01,12,13356,买盘
634,14:11:15,11.12,-0.02,13,14455,卖盘
635,14:11:12,11.14,0.02,86,95804,买盘
636,14:11:09,11.12,-0.01,400,444799,卖盘
637,14:11:06,11.13,-0.01,14,15582,卖盘
638,14:11:03,11.14,--,12,13368,买盘
639,14:11:00,11.14,--,45,50130,买盘
640,14:10:57,11.14,0.01,10,11140,买盘
641,14:10:54,11.13,--,13,14469,卖盘
642,14:10:51,11.13,-0.01,27,30051,卖盘
643,14:10:45,11.14,0.01,12,13368,买盘
644,14:10:42,11.13,-0.01,34,37842,卖盘
645,14:10:39,11.14,--,1,1114,买盘
646,14:10:33,11.14,--,42,46788,买盘
647,14:10:30,11.14,--,124,138136,卖盘
648,14:10:27,11.14,--,5,5570,卖盘
649,14:10:21,11.14,-0.02,30,33420,卖盘
650,14:10:18,11.16,0.02,11,12276,买盘
651,14:10:15,11.14,-0.02,66,73524,卖盘
652,14:10:12,11.16,0.02,70,78120,买盘
653,14:10:09,11.14,--,23,25622,卖盘
654,14:10:03,11.14,-0.01,36,40104,卖盘
655,14:10:00,11.15,--,33,36795,买盘
656,14:09:51,11.15,0.01,34,37910,买盘
657,14:09:48,11.14,-0.01,15,16710,卖盘
658,14:09:45,11.15,--,23,25645,卖盘
659,14:09:42,11.15,-0.01,29,32335,卖盘
660,14:09:39,11.16,0.02,31,34596,买盘
661,14:09:36,11.14,-0.01,14,15596,卖盘
662,14:09:27,11.15,0.01,22,24530,买盘
663,14:09:24,11.14,--,11,12254,卖盘
664,14:09:15,11.14,-0.01,31,34534,卖盘
665,14:09:12,11.15,--,13,14495,买盘
666,14:09:09,11.15,0.01,52,57980,买盘
667,14:09:06,11.14,--,18,20052,卖盘
668,14:09:03,11.14,--,59,65726,卖盘
669,14:09:00,11.14,-0.01,62,69068,卖盘
670,14:08:54,11.15,--,15,16725,买盘
671,14:08:51,11.15,--,1,1115,买盘
672,14:08:48,11.15,0.01,32,35680,卖盘
673,14:08:45,11.14,--,15,16710,卖盘
674,14:08:42,11.14,-0.02,25,27850,卖盘
675,14:08:39,11.16,0.01,31,34596,买盘
676,14:08:36,11.15,0.01,15,16725,买盘
677,14:08:33,11.14,-0.01,118,131452,卖盘
678,14:08:30,11.15,--,14,15610,卖盘
679,14:08:27,11.15,--,10,11150,卖盘
680,14:08:24,11.15,--,132,147180,卖盘
681,14:08:21,11.15,-0.01,26,28990,卖盘
682,14:08:15,11.16,0.01,13,14508,买盘
683,14:08:12,11.15,--,20,22300,卖盘
684,14:08:09,11.15,--,32,35680,卖盘
685,14:08:06,11.15,--,30,33450,卖盘
686,14:08:03,11.15,--,3,3345,卖盘
687,14:08:00,11.15,--,7,7805,卖盘
688,14:07:57,11.15,-0.01,15,16725,卖盘
689,14:07:48,11.16,--,32,35712,买盘
690,14:07:42,11.16,--,18,20088,买盘
691,14:07:39,11.16,0.01,15,16740,买盘
692,14:07:36,11.15,-0.01,14,15610,卖盘
693,14:07:33,11.16,0.01,16,17856,买盘
694,14:07:24,11.15,--,19,21185,卖盘
695,14:07:21,11.15,--,1,1115,卖盘
696,14:07:15,11.15,--,18,20070,卖盘
697,14:07:12,11.15,-0.01,14,15610,卖盘
698,14:07:09,11.16,--,16,17856,买盘
699,14:07:03,11.16,--,40,44640,买盘
700,14:07:00,11.16,--,44,49104,买盘
701,14:06:54,11.16,0.01,1,1116,买盘
702,14:06:51,11.15,--,20,22300,卖盘
703,14:06:48,11.15,--,14,15610,卖盘
704,14:06:42,11.15,--,31,34565,卖盘
705,14:06:39,11.15,-0.01,28,31220,卖盘
706,14:06:33,11.16,--,2,2232,买盘
707,14:06:30,11.16,--,31,34596,买盘
708,14:06:24,11.16,0.01,1,1116,买盘
709,14:06:18,11.15,-0.01,14,15610,卖盘
710,14:06:12,11.16,--,3,3348,买盘
711,14:06:09,11.16,0.01,16,17856,买盘
712,14:06:06,11.15,-0.01,14,15610,卖盘
713,14:06:03,11.16,0.01,5,5580,买盘
714,14:05:57,11.15,-0.01,15,16725,卖盘
715,14:05:54,11.16,0.01,20,22320,买盘
716,14:05:45,11.15,-0.01,15,16725,卖盘
717,14:05:42,11.16,--,17,18972,买盘
718,14:05:39,11.16,--,16,17856,买盘
719,14:05:36,11.16,0.01,14,15624,买盘
720,14:05:33,11.15,-0.02,14,15610,卖盘
721,14:05:27,11.17,--,53,59201,买盘
722,14:05:24,11.17,--,57,63669,买盘
723,14:05:15,11.17,0.01,10,11170,买盘
724,14:05:12,11.16,--,46,51336,卖盘
725,14:05:09,11.16,--,39,43524,卖盘
726,14:05:00,11.16,--,14,15624,卖盘
727,14:04:51,11.16,--,14,15624,卖盘
728,14:04:42,11.16,-0.01,2,2232,卖盘
729,14:04:39,11.17,--,16,17872,买盘
730,14:04:36,11.17,0.01,17,18989,买盘
731,14:04:33,11.16,--,6,6696,卖盘
732,14:04:30,11.16,-0.01,10,11160,卖盘
733,14:04:21,11.17,0.01,1,1117,买盘
734,14:04:18,11.16,-0.01,9,10044,卖盘
735,14:04:15,11.17,0.01,34,37978,买盘
736,14:04:09,11.16,-0.01,10,11160,卖盘
737,14:04:06,11.17,0.01,32,35744,买盘
738,14:04:03,11.16,-0.01,2,2232,卖盘
739,14:04:00,11.17,--,12,13404,买盘
740,14:03:51,11.17,--,1,1117,买盘
741,14:03:48,11.17,--,30,33510,买盘
742,14:03:45,11.17,0.01,63,70371,买盘
743,14:03:36,11.16,--,36,40176,买盘
744,14:03:33,11.16,--,11,12276,买盘
745,14:03:24,11.16,-0.01,3,3348,买盘
746,14:03:21,11.17,--,2,2234,买盘
747,14:03:06,11.17,0.02,15,16755,买盘
748,14:03:00,11.15,-0.02,76,84740,卖盘
749,14:02:57,11.17,0.02,10,11170,买盘
750,14:02:51,11.15,-0.02,3,3345,卖盘
751,14:02:48,11.17,0.01,34,37978,买盘
752,14:02:42,11.16,-0.01,1,1116,中性盘
753,14:02:39,11.17,--,15,16755,买盘
754,14:02:36,11.17,--,11,12287,买盘
755,14:02:30,11.17,--,31,34627,买盘
756,14:02:27,11.17,0.01,29,32393,买盘
757,14:02:24,11.16,--,6,6696,买盘
758,14:02:21,11.16,-0.01,1,1116,中性盘
759,14:02:12,11.17,--,15,16755,买盘
760,14:02:09,11.17,0.02,15,16755,买盘
761,14:02:03,11.15,-0.01,12,13380,卖盘
762,14:01:57,11.16,--,19,21204,买盘
763,14:01:54,11.16,-0.01,1,1116,中性盘
764,14:01:45,11.17,0.01,32,35744,买盘
765,14:01:39,11.16,--,15,16740,买盘
766,14:01:30,11.16,-0.01,2,2232,买盘
767,14:01:24,11.17,0.01,23,25691,买盘
768,14:01:21,11.16,0.01,1,1116,中性盘
769,14:01:09,11.15,-0.02,11,12265,卖盘
770,14:01:06,11.17,--,3,3351,买盘
771,14:00:51,11.17,0.02,1,1117,买盘
772,14:00:48,11.15,--,35,39025,卖盘
773,14:00:45,11.15,--,10,11150,卖盘
774,14:00:42,11.15,--,2,2230,卖盘
775,14:00:39,11.15,--,5,5575,卖盘
776,14:00:36,11.15,--,10,11150,买盘
777,14:00:33,11.15,--,15,16725,买盘
778,14:00:30,11.15,--,33,36795,买盘
779,14:00:27,11.15,0.01,59,65785,买盘
780,14:00:24,11.14,--,3,3342,卖盘
781,14:00:15,11.14,--,40,44560,卖盘
782,14:00:09,11.14,--,6,6684,卖盘
783,14:00:06,11.14,--,193,215002,卖盘
784,14:00:03,11.14,-0.01,2,2228,卖盘
785,13:59:57,11.15,--,41,45715,卖盘
786,13:59:54,11.15,-0.02,20,22300,卖盘
787,13:59:51,11.17,0.01,1,1117,买盘
788,13:59:48,11.16,0.01,19,21204,买盘
789,13:59:45,11.15,0.01,41,45715,买盘
790,13:59:39,11.14,--,5,5570,卖盘
791,13:59:36,11.14,--,40,44560,卖盘
792,13:59:27,11.14,-0.03,33,36762,卖盘
793,13:59:21,11.17,--,1,1117,买盘
794,13:59:18,11.17,0.01,32,35744,买盘
795,13:59:15,11.16,--,17,18972,买盘
796,13:59:12,11.16,--,5,5580,买盘
797,13:59:09,11.16,0.01,24,26784,买盘
798,13:59:06,11.15,-0.01,6,6690,中性盘
799,13:59:03,11.16,0.01,24,26784,买盘
800,13:58:57,11.15,--,17,18955,买盘
801,13:58:54,11.15,--,2,2230,中性盘
802,13:58:48,11.15,-0.01,44,49060,卖盘
803,13:58:45,11.16,0.01,19,21204,买盘
804,13:58:42,11.15,-0.01,4,4460,卖盘
805,13:58:30,11.16,--,14,15624,买盘
806,13:58:24,11.16,--,47,52452,买盘
807,13:58:12,11.16,--,33,36828,买盘
808,13:58:09,11.16,0.01,1,1116,买盘
809,13:58:06,11.15,--,3,3345,卖盘
810,13:58:03,11.15,--,8,8920,卖盘
811,13:57:57,11.15,--,15,16725,卖盘
812,13:57:42,11.15,--,30,33450,卖盘
813,13:57:39,11.15,--,28,31220,卖盘
814,13:57:30,11.15,--,16,17840,卖盘
815,13:57:27,11.15,-0.01,19,21185,卖盘
816,13:57:24,11.16,--,18,20088,买盘
817,13:57:21,11.16,0.01,16,17856,买盘
818,13:57:18,11.15,-0.01,24,26760,卖盘
819,13:57:12,11.16,0.01,17,18972,买盘
820,13:57:09,11.15,--,60,66900,卖盘
821,13:57:03,11.15,--,5,5575,卖盘
822,13:56:57,11.15,--,6,6690,卖盘
823,13:56:54,11.15,0.01,10,11150,卖盘
824,13:56:51,11.14,-0.01,114,126996,卖盘
825,13:56:42,11.15,0.01,7,7805,中性盘
826,13:56:39,11.14,-0.01,120,133680,卖盘
827,13:56:33,11.15,--,18,20070,卖盘
828,13:56:30,11.15,-0.01,15,16725,卖盘
829,13:56:24,11.16,--,16,17856,买盘
830,13:56:21,11.16,0.01,7,7812,买盘
831,13:56:15,11.15,--,4,4460,卖盘
832,13:56:09,11.15,--,8,8920,卖盘
833,13:56:03,11.15,--,2,2230,卖盘
834,13:55:54,11.15,-0.01,7,7805,卖盘
835,13:55:51,11.16,--,2,2232,买盘
836,13:55:48,11.16,--,7,7812,买盘
837,13:55:45,11.16,--,15,16740,买盘
838,13:55:42,11.16,--,56,62496,买盘
839,13:55:39,11.16,--,10,11160,买盘
840,13:55:30,11.16,0.01,89,99324,买盘
841,13:55:24,11.15,-0.01,2,2230,卖盘
842,13:55:21,11.16,--,1,1116,买盘
843,13:55:12,11.16,--,33,36828,买盘
844,13:55:09,11.16,0.01,15,16740,买盘
845,13:55:03,11.15,--,1,1115,卖盘
846,13:54:54,11.15,-0.01,6,6690,卖盘
847,13:54:51,11.16,0.01,2,2232,买盘
848,13:54:45,11.15,-0.02,2,2230,买盘
849,13:54:42,11.17,0.03,37,41329,买盘
850,13:54:39,11.14,-0.02,3,3342,卖盘
851,13:54:36,11.16,--,18,20088,买盘
852,13:54:33,11.16,0.01,63,70308,买盘
853,13:54:30,11.15,0.01,16,17840,中性盘
854,13:54:27,11.14,-0.01,358,398812,卖盘
855,13:54:24,11.15,--,39,43485,买盘
856,13:54:21,11.15,--,2,2230,买盘
857,13:54:18,11.15,--,4,4460,买盘
858,13:54:15,11.15,--,188,209620,买盘
859,13:54:12,11.15,--,63,70245,买盘
860,13:54:06,11.15,--,15,16725,买盘
861,13:54:03,11.15,--,9,10035,买盘
862,13:53:57,11.15,--,20,22300,买盘
863,13:53:54,11.15,0.01,11,12265,买盘
864,13:53:51,11.14,--,1904,2121056,卖盘
865,13:53:48,11.14,--,6,6684,卖盘
866,13:53:45,11.14,-0.01,230,256220,卖盘
867,13:53:42,11.15,--,52,57980,买盘
868,13:53:36,11.15,--,18,20070,买盘
869,13:53:33,11.15,--,114,127110,卖盘
870,13:53:24,11.15,-0.01,34,37910,卖盘
871,13:53:21,11.16,--,24,26784,买盘
872,13:53:12,11.16,0.02,36,40176,买盘
873,13:53:09,11.14,-0.01,1582,1762348,卖盘
874,13:53:00,11.15,0.01,284,316660,买盘
875,13:52:57,11.14,--,263,292982,卖盘
876,13:52:54,11.14,--,101,112514,卖盘
877,13:52:48,11.14,--,10,11140,卖盘
878,13:52:45,11.14,--,16,17824,卖盘
879,13:52:42,11.14,--,652,726328,买盘
880,13:52:33,11.14,-0.01,311,346454,卖盘
881,13:52:30,11.15,--,10,11150,买盘
882,13:52:15,11.15,-0.01,484,539660,卖盘
883,13:52:12,11.16,--,36,40176,买盘
884,13:52:09,11.16,--,1,1116,买盘
885,13:52:03,11.16,--,5,5580,买盘
886,13:52:00,11.16,--,69,77004,买盘
887,13:51:54,11.16,-0.01,109,121644,卖盘
888,13:51:51,11.17,0.01,1,1117,买盘
889,13:51:42,11.16,--,59,65844,卖盘
890,13:51:39,11.16,--,46,51336,卖盘
891,13:51:36,11.16,--,2,2232,卖盘
892,13:51:33,11.16,-0.01,11,12276,卖盘
893,13:51:30,11.17,0.01,12,13404,买盘
894,13:51:27,11.16,--,1,1116,卖盘
895,13:51:24,11.16,-0.01,26,29016,卖盘
896,13:51:21,11.17,0.01,27,30159,买盘
897,13:51:15,11.16,-0.01,31,34596,卖盘
898,13:51:12,11.17,0.01,112,125104,买盘
899,13:51:09,11.16,--,14,15624,卖盘
900,13:51:00,11.16,--,7,7812,卖盘
901,13:50:57,11.16,-0.01,1,1116,卖盘
902,13:50:54,11.17,--,72,80424,买盘
903,13:50:51,11.17,0.01,1,1117,买盘
904,13:50:42,11.16,--,100,111600,卖盘
905,13:50:36,11.16,--,6,6696,卖盘
906,13:50:33,11.16,--,115,128340,卖盘
907,13:50:30,11.16,-0.01,185,206460,卖盘
908,13:50:24,11.17,--,4,4468,买盘
909,13:50:18,11.17,0.01,81,90477,买盘
910,13:50:15,11.16,-0.01,5,5580,卖盘
911,13:50:06,11.17,--,17,18989,买盘
912,13:50:03,11.17,0.01,33,36861,买盘
913,13:49:54,11.16,-0.01,11,12276,卖盘
914,13:49:51,11.17,--,2,2234,买盘
915,13:49:45,11.17,--,19,21223,买盘
916,13:49:42,11.17,0.01,16,17872,买盘
917,13:49:36,11.16,--,6,6696,卖盘
918,13:49:33,11.16,--,1,1116,卖盘
919,13:49:27,11.16,--,20,22320,卖盘
920,13:49:24,11.16,-0.01,2,2232,卖盘
921,13:49:21,11.17,--,1,1117,买盘
922,13:49:15,11.17,--,7,7819,买盘
923,13:49:12,11.17,--,97,108349,买盘
924,13:49:09,11.17,0.01,5,5585,买盘
925,13:49:03,11.16,--,1,1116,卖盘
926,13:48:42,11.16,-0.01,148,165168,卖盘
927,13:48:39,11.17,--,1,1117,买盘
928,13:48:33,11.17,0.01,81,90477,买盘
929,13:48:30,11.16,-0.01,6,6696,卖盘
930,13:48:27,11.17,--,13,14521,买盘
931,13:48:24,11.17,--,20,22340,买盘
932,13:48:18,11.17,0.01,8,8936,买盘
933,13:48:12,11.16,-0.01,5,5580,卖盘
934,13:48:06,11.17,--,1,1117,买盘
935,13:48:03,11.17,--,5,5585,买盘
936,13:47:54,11.17,--,1,1117,买盘
937,13:47:51,11.17,--,29,32393,买盘
938,13:47:45,11.17,--,100,111700,买盘
939,13:47:42,11.17,--,1,1117,买盘
940,13:47:39,11.17,--,19,21223,买盘
941,13:47:36,11.17,--,36,40212,买盘
942,13:47:33,11.17,--,115,128455,卖盘
943,13:47:30,11.17,--,221,246857,卖盘
944,13:47:27,11.17,--,1,1117,卖盘
945,13:47:24,11.17,--,2,2234,卖盘
946,13:47:21,11.17,--,7,7819,卖盘
947,13:47:18,11.17,--,16,17872,卖盘
948,13:47:12,11.17,-0.01,208,232336,卖盘
949,13:47:09,11.18,--,35,39130,买盘
950,13:47:06,11.18,-0.01,102,114036,卖盘
951,13:47:03,11.19,--,416,465504,买盘
952,13:46:54,11.19,0.01,1,1119,买盘
953,13:46:48,11.18,--,4,4472,卖盘
954,13:46:42,11.18,-0.01,18,20124,中性盘
955,13:46:30,11.19,0.01,18,20142,买盘
956,13:46:27,11.18,-0.01,1,1118,中性盘
957,13:46:18,11.19,0.01,34,38046,买盘
958,13:46:09,11.18,--,4,4472,中性盘
959,13:46:03,11.18,-0.01,2,2236,中性盘
960,13:45:57,11.19,0.01,34,38046,买盘
961,13:45:54,11.18,--,183,204594,买盘
962,13:45:45,11.18,0.01,16,17888,买盘
963,13:45:36,11.17,--,49,54733,卖盘
964,13:45:33,11.17,-0.01,1,1117,卖盘
965,13:45:30,11.18,--,1,1118,买盘
966,13:45:27,11.18,--,21,23478,买盘
967,13:45:24,11.18,--,3,3354,买盘
968,13:45:21,11.18,--,62,69316,买盘
969,13:45:09,11.18,--,1,1118,买盘
970,13:45:03,11.18,--,1,1118,买盘
971,13:44:54,11.18,--,30,33540,买盘
972,13:44:51,11.18,--,120,134160,卖盘
973,13:44:42,11.18,-0.01,2,2236,卖盘
974,13:44:30,11.19,0.01,22,24618,买盘
975,13:44:24,11.18,--,1,1118,卖盘
976,13:44:21,11.18,-0.01,20,22360,卖盘
977,13:44:18,11.19,--,7,7833,买盘
978,13:44:15,11.19,0.01,94,105186,买盘
979,13:44:12,11.18,--,3,3354,卖盘
980,13:44:03,11.18,-0.01,2,2236,卖盘
981,13:43:51,11.19,--,2,2238,买盘
982,13:43:48,11.19,--,11,12309,买盘
983,13:43:39,11.19,0.01,21,23499,买盘
984,13:43:36,11.18,--,7,7826,卖盘
985,13:43:21,11.18,--,2,2236,卖盘
986,13:43:18,11.18,--,3,3354,卖盘
987,13:43:12,11.18,-0.01,2,2236,卖盘
988,13:43:03,11.19,--,20,22380,买盘
989,13:43:00,11.19,0.02,13,14547,买盘
990,13:42:51,11.17,-0.02,1,1117,卖盘
991,13:42:48,11.19,0.02,41,45879,买盘
992,13:42:45,11.17,--,2,2234,卖盘
993,13:42:42,11.17,--,17,18989,卖盘
994,13:42:39,11.17,-0.01,6,6702,卖盘
995,13:42:33,11.18,--,33,36894,买盘
996,13:42:30,11.18,--,8,8944,买盘
997,13:42:27,11.18,--,17,19006,买盘
998,13:42:24,11.18,--,1,1118,买盘
999,13:42:15,11.18,0.01,16,17888,买盘
1000,13:42:12,11.17,-0.01,13,14521,卖盘
1001,13:42:09,11.18,--,1,1118,买盘
1002,13:42:03,11.18,--,5,5590,买盘
1003,13:41:57,11.18,--,10,11180,买盘
1004,13:41:54,11.18,--,1,1118,买盘
1005,13:41:45,11.18,0.01,17,19006,买盘
1006,13:41:39,11.17,-0.01,3,3351,卖盘
1007,13:41:36,11.18,--,15,16770,买盘
1008,13:41:33,11.18,0.01,3,3354,买盘
1009,13:41:27,11.17,-0.01,8,8936,卖盘
1010,13:41:24,11.18,0.01,1,1118,买盘
1011,13:41:21,11.17,-0.01,34,37978,卖盘
1012,13:41:18,11.18,--,30,33540,买盘
1013,13:41:15,11.18,0.01,19,21242,买盘
1014,13:41:12,11.17,-0.01,9,10053,卖盘
1015,13:41:09,11.18,--,2,2236,买盘
1016,13:41:06,11.18,--,15,16770,买盘
1017,13:41:03,11.18,--,5,5590,买盘
1018,13:40:57,11.18,--,19,21242,买盘
1019,13:40:54,11.18,0.01,1,1118,买盘
1020,13:40:48,11.17,-0.01,2,2234,卖盘
1021,13:40:39,11.18,-0.01,46,51428,卖盘
1022,13:40:33,11.19,--,7,7833,买盘
1023,13:40:24,11.19,--,17,19023,买盘
1024,13:40:21,11.19,0.01,4,4476,买盘
1025,13:40:18,11.18,-0.01,7,7826,卖盘
1026,13:40:15,11.19,--,16,17904,买盘
1027,13:40:09,11.19,0.01,49,54831,买盘
1028,13:40:06,11.18,-0.01,2,2236,卖盘
1029,13:40:03,11.19,--,34,38046,买盘
1030,13:39:51,11.19,--,1,1119,买盘
1031,13:39:45,11.19,0.01,17,19023,买盘
1032,13:39:30,11.18,--,51,57018,买盘
1033,13:39:27,11.18,--,25,27950,买盘
1034,13:39:24,11.18,--,1,1118,买盘
1035,13:39:21,11.18,--,26,29068,卖盘
1036,13:39:15,11.18,--,1,1118,卖盘
1037,13:39:03,11.18,-0.01,7,7826,卖盘
1038,13:38:54,11.19,--,73,81687,买盘
1039,13:38:51,11.19,--,23,25737,买盘
1040,13:38:48,11.19,--,18,20142,买盘
1041,13:38:39,11.19,0.01,7,7833,买盘
1042,13:38:36,11.18,-0.01,56,62608,卖盘
1043,13:38:33,11.19,--,52,58188,买盘
1044,13:38:30,11.19,--,24,26856,买盘
1045,13:38:24,11.19,--,47,52593,买盘
1046,13:38:21,11.19,0.01,1,1119,买盘
1047,13:38:18,11.18,-0.01,113,126334,卖盘
1048,13:38:09,11.19,0.01,8,8952,买盘
1049,13:38:06,11.18,-0.01,2,2236,卖盘
1050,13:38:03,11.19,0.01,90,100710,买盘
1051,13:37:57,11.18,-0.01,6,6708,卖盘
1052,13:37:54,11.19,0.01,33,36927,买盘
1053,13:37:51,11.18,-0.01,59,66856,卖盘
1054,13:37:39,11.19,--,8,8952,买盘
1055,13:37:36,11.19,0.01,34,38046,买盘
1056,13:37:33,11.18,--,1,1118,卖盘
1057,13:37:27,11.18,-0.01,153,171054,卖盘
1058,13:37:24,11.19,--,18,20142,买盘
1059,13:37:21,11.19,0.01,2,2238,买盘
1060,13:37:15,11.18,-0.01,19,21242,卖盘
1061,13:37:09,11.19,0.01,30,33570,买盘
1062,13:37:06,11.18,-0.01,1,1118,卖盘
1063,13:37:03,11.19,0.01,48,53712,买盘
1064,13:36:57,11.18,--,3,3354,卖盘
1065,13:36:54,11.18,-0.01,6,6708,卖盘
1066,13:36:51,11.19,0.01,22,24618,买盘
1067,13:36:48,11.18,-0.01,2,2236,卖盘
1068,13:36:39,11.19,--,42,46998,买盘
1069,13:36:36,11.19,--,370,414030,买盘
1070,13:36:21,11.19,0.01,2,2238,买盘
1071,13:36:18,11.18,-0.01,10,11180,卖盘
1072,13:36:15,11.19,--,19,21261,买盘
1073,13:36:12,11.19,--,15,16785,买盘
1074,13:36:09,11.19,0.01,24,26856,买盘
1075,13:36:06,11.18,-0.01,2,2236,卖盘
1076,13:35:57,11.19,--,17,19023,买盘
1077,13:35:54,11.19,--,30,33570,买盘
1078,13:35:51,11.19,--,22,24618,买盘
1079,13:35:48,11.19,--,35,39165,买盘
1080,13:35:45,11.19,0.01,16,17904,买盘
1081,13:35:42,11.18,-0.01,10,11180,卖盘
1082,13:35:39,11.19,0.01,20,22380,买盘
1083,13:35:33,11.18,-0.01,5,5590,卖盘
1084,13:35:27,11.19,0.01,10,11190,买盘
1085,13:35:24,11.18,-0.01,17,19006,卖盘
1086,13:35:21,11.19,--,2,2238,买盘
1087,13:35:09,11.19,--,54,60426,买盘
1088,13:35:06,11.19,--,3,3357,买盘
1089,13:35:00,11.19,0.01,3,3357,买盘
1090,13:34:57,11.18,--,50,55900,卖盘
1091,13:34:48,11.18,--,2,2236,卖盘
1092,13:34:45,11.18,--,6,6708,卖盘
1093,13:34:42,11.18,-0.01,10,11180,卖盘
1094,13:34:39,11.19,0.01,38,42522,买盘
1095,13:34:33,11.18,--,69,77142,买盘
1096,13:34:30,11.18,--,30,33540,买盘
1097,13:34:27,11.18,--,20,22360,买盘
1098,13:34:24,11.18,--,1,1118,买盘
1099,13:34:21,11.18,--,1,1118,买盘
1100,13:34:15,11.18,--,68,76024,买盘
1101,13:34:09,11.18,0.01,8,8944,买盘
1102,13:34:06,11.17,-0.01,2,2234,卖盘
1103,13:34:03,11.18,--,115,128570,卖盘
1104,13:33:54,11.18,-0.01,59,65962,卖盘
1105,13:33:51,11.19,--,2,2238,买盘
1106,13:33:48,11.19,--,37,41403,买盘
1107,13:33:45,11.19,--,63,70497,买盘
1108,13:33:39,11.19,0.01,19,21261,买盘
1109,13:33:36,11.18,--,7,7826,卖盘
1110,13:33:27,11.18,-0.01,2,2236,卖盘
1111,13:33:21,11.19,--,1,1119,买盘
1112,13:33:12,11.19,--,9,10071,买盘
1113,13:33:09,11.19,0.01,8,8952,买盘
1114,13:33:06,11.18,--,3,3354,卖盘
1115,13:32:57,11.18,--,135,150930,卖盘
1116,13:32:54,11.18,-0.01,1,1118,卖盘
1117,13:32:51,11.19,0.01,17,19023,买盘
1118,13:32:48,11.18,-0.01,2,2236,卖盘
1119,13:32:42,11.19,--,11,12309,买盘
1120,13:32:39,11.19,--,21,23499,买盘
1121,13:32:33,11.19,0.01,32,35808,买盘
1122,13:32:30,11.18,--,6,6708,卖盘
1123,13:32:27,11.18,--,30,33540,卖盘
1124,13:32:21,11.18,-0.01,21,23478,卖盘
1125,13:32:18,11.19,0.01,32,35808,买盘
1126,13:32:12,11.18,-0.01,18,20124,卖盘
1127,13:32:09,11.19,0.01,19,21261,买盘
1128,13:32:06,11.18,--,3,3354,卖盘
1129,13:32:03,11.18,--,232,259376,买盘
1130,13:31:54,11.18,0.01,1,1118,买盘
1131,13:31:48,11.17,-0.01,20,22340,卖盘
1132,13:31:45,11.18,--,3,3354,买盘
1133,13:31:42,11.18,--,5,5590,买盘
1134,13:31:39,11.18,--,8,8944,买盘
1135,13:31:36,11.18,0.01,3,3354,买盘
1136,13:31:33,11.17,--,3,3351,卖盘
1137,13:31:27,11.17,-0.01,8,8936,卖盘
1138,13:31:24,11.18,--,1,1118,买盘
1139,13:31:18,11.18,0.01,3,3354,买盘
1140,13:31:12,11.17,-0.01,16,17872,卖盘
1141,13:31:09,11.18,0.01,23,25714,买盘
1142,13:31:03,11.17,--,5,5585,卖盘
1143,13:31:00,11.17,-0.01,5,5585,卖盘
1144,13:30:54,11.18,--,20,22360,买盘
1145,13:30:51,11.18,0.01,10,11180,买盘
1146,13:30:48,11.17,-0.01,2,2234,卖盘
1147,13:30:45,11.18,--,18,20124,买盘
1148,13:30:42,11.18,--,47,52546,买盘
1149,13:30:39,11.18,--,34,38012,买盘
1150,13:30:36,11.18,--,19,21242,买盘
1151,13:30:33,11.18,--,7,7826,买盘
1152,13:30:27,11.18,0.01,27,30186,买盘
1153,13:30:24,11.17,--,21,23457,卖盘
1154,13:30:21,11.17,--,6,6702,卖盘
1155,13:30:18,11.17,-0.01,3,3351,卖盘
1156,13:30:09,11.18,0.01,1,1118,买盘
1157,13:30:06,11.17,-0.01,2,2234,卖盘
1158,13:30:03,11.18,--,3,3354,买盘
1159,13:30:00,11.18,0.01,10,11180,买盘
1160,13:29:57,11.17,-0.01,60,67020,卖盘
1161,13:29:54,11.18,--,5,5590,买盘
1162,13:29:45,11.18,--,59,65962,买盘
1163,13:29:39,11.18,--,20,22360,买盘
1164,13:29:36,11.18,--,41,45838,买盘
1165,13:29:33,11.18,--,2,2236,买盘
1166,13:29:27,11.18,--,16,17888,买盘
1167,13:29:24,11.18,--,1,1118,买盘
1168,13:29:21,11.18,--,8,8944,买盘
1169,13:29:18,11.18,--,19,21242,买盘
1170,13:29:15,11.18,--,12,13416,买盘
1171,13:29:12,11.18,--,45,50310,买盘
1172,13:29:03,11.18,--,7,7826,买盘
1173,13:28:54,11.18,0.01,27,30186,买盘
1174,13:28:48,11.17,-0.01,2,2234,卖盘
1175,13:28:39,11.18,0.01,1,1118,买盘
1176,13:28:36,11.17,-0.01,25,27925,卖盘
1177,13:28:33,11.18,0.01,2,2236,买盘
1178,13:28:27,11.17,-0.01,11,12287,卖盘
1179,13:28:24,11.18,--,1,1118,买盘
1180,13:28:21,11.18,--,1,1118,买盘
1181,13:28:18,11.18,--,27,30186,买盘
1182,13:28:12,11.18,0.01,19,21242,买盘
1183,13:28:06,11.17,-0.01,8,8936,卖盘
1184,13:28:03,11.18,--,2,2236,买盘
1185,13:28:00,11.18,--,59,65962,买盘
1186,13:27:57,11.18,--,42,46956,买盘
1187,13:27:54,11.18,--,12,13416,买盘
1188,13:27:48,11.18,--,15,16770,买盘
1189,13:27:39,11.18,0.01,47,52546,买盘
1190,13:27:36,11.17,-0.01,1,1117,卖盘
1191,13:27:33,11.18,0.01,40,44720,买盘
1192,13:27:27,11.17,-0.01,2,2234,卖盘
1193,13:27:24,11.18,--,1,1118,买盘
1194,13:27:18,11.18,--,33,36894,买盘
1195,13:27:12,11.18,--,27,30186,买盘
1196,13:27:03,11.18,--,4,4472,买盘
1197,13:27:00,11.18,--,83,92794,买盘
1198,13:26:57,11.18,--,60,67080,买盘
1199,13:26:54,11.18,--,1,1118,买盘
1200,13:26:51,11.18,--,10,11180,买盘
1201,13:26:48,11.18,--,3,3354,买盘
1202,13:26:45,11.18,--,13,14534,买盘
1203,13:26:39,11.18,--,1,1118,买盘
1204,13:26:33,11.18,--,3,3354,买盘
1205,13:26:27,11.18,--,244,272792,买盘
1206,13:26:24,11.18,0.01,67,74906,买盘
1207,13:26:09,11.17,--,3,3351,卖盘
1208,13:26:06,11.17,-0.01,2,2234,卖盘
1209,13:26:03,11.18,0.01,3,3354,买盘
1210,13:25:57,11.17,-0.01,6,6702,卖盘
1211,13:25:54,11.18,0.01,37,41366,买盘
1212,13:25:51,11.17,-0.01,3,3351,卖盘
1213,13:25:48,11.18,--,55,61490,买盘
1214,13:25:45,11.18,--,31,34658,买盘
1215,13:25:39,11.18,0.01,3,3354,买盘
1216,13:25:33,11.17,--,18,20106,卖盘
1217,13:25:30,11.17,--,4,4468,卖盘
1218,13:25:27,11.17,-0.01,2,2234,卖盘
1219,13:25:24,11.18,--,1,1118,买盘
1220,13:25:21,11.18,0.01,20,22360,买盘
1221,13:25:18,11.17,-0.01,5,5585,卖盘
1222,13:25:09,11.18,--,11,12298,买盘
1223,13:25:06,11.18,--,27,30186,买盘
1224,13:25:03,11.18,--,1,1118,买盘
1225,13:24:54,11.18,0.01,1,1118,买盘
1226,13:24:48,11.17,-0.01,9,10053,卖盘
1227,13:24:39,11.18,0.01,43,48074,买盘
1228,13:24:36,11.17,-0.01,5,5585,卖盘
1229,13:24:30,11.18,--,27,30186,买盘
1230,13:24:24,11.18,--,18,20124,买盘
1231,13:24:09,11.18,0.01,1,1118,买盘
1232,13:24:06,11.17,-0.01,6,6702,卖盘
1233,13:23:54,11.18,--,1,1118,买盘
1234,13:23:51,11.18,0.01,55,61490,买盘
1235,13:23:48,11.17,--,20,22340,卖盘
1236,13:23:42,11.17,-0.01,67,74839,卖盘
1237,13:23:39,11.18,0.01,1,1118,买盘
1238,13:23:33,11.17,--,1,1117,卖盘
1239,13:23:27,11.17,-0.01,2,2234,卖盘
1240,13:23:24,11.18,0.01,1,1118,买盘
1241,13:23:21,11.17,--,65,72605,卖盘
1242,13:23:18,11.17,-0.02,14,15638,卖盘
1243,13:23:12,11.19,--,84,93996,买盘
1244,13:23:03,11.19,0.01,45,50355,买盘
1245,13:23:00,11.18,--,38,42484,买盘
1246,13:22:54,11.18,0.01,20,22360,买盘
1247,13:22:51,11.17,--,60,67020,卖盘
1248,13:22:45,11.17,-0.01,7,7819,卖盘
1249,13:22:42,11.18,--,57,63726,买盘
1250,13:22:39,11.18,--,1,1118,买盘
1251,13:22:36,11.18,--,36,40248,买盘
1252,13:22:33,11.18,-0.01,61,68198,卖盘
1253,13:22:30,11.19,0.01,57,63783,买盘
1254,13:22:27,11.18,--,18,20124,卖盘
1255,13:22:21,11.18,--,13,14534,卖盘
1256,13:22:18,11.18,-0.01,11,12298,卖盘
1257,13:22:12,11.19,--,57,63783,买盘
1258,13:22:09,11.19,0.01,1,1119,买盘
1259,13:22:06,11.18,--,12,13416,卖盘
1260,13:22:03,11.18,-0.01,100,111800,卖盘
1261,13:21:57,11.19,--,1,1119,买盘
1262,13:21:51,11.19,--,17,19023,买盘
1263,13:21:45,11.19,--,3,3357,买盘
1264,13:21:42,11.19,--,57,63783,买盘
1265,13:21:36,11.19,--,20,22380,买盘
1266,13:21:33,11.19,-0.01,300,335811,卖盘
1267,13:21:30,11.2,0.01,69,77280,买盘
1268,13:21:27,11.19,-0.01,84,93996,卖盘
1269,13:21:24,11.2,--,22,24640,买盘
1270,13:21:21,11.2,--,46,51520,买盘
1271,13:21:18,11.2,0.01,78,87360,买盘
1272,13:21:12,11.19,-0.01,62,69378,卖盘
1273,13:21:09,11.2,--,2,2240,买盘
1274,13:21:03,11.2,0.01,36,40320,买盘
1275,13:21:00,11.19,--,1,1119,卖盘
1276,13:20:54,11.19,--,497,557150,买盘
1277,13:20:51,11.19,0.01,6,6714,买盘
1278,13:20:45,11.18,-0.01,5,5590,卖盘
1279,13:20:42,11.19,0.01,99,110781,买盘
1280,13:20:36,11.18,--,3,3354,卖盘
1281,13:20:33,11.18,-0.01,11,12298,卖盘
1282,13:20:30,11.19,--,42,46998,买盘
1283,13:20:27,11.19,--,13,14547,买盘
1284,13:20:24,11.19,0.01,13,14547,买盘
1285,13:20:21,11.18,--,8,8944,卖盘
1286,13:20:18,11.18,-0.01,3,3354,卖盘
1287,13:20:15,11.19,--,4,4476,买盘
1288,13:20:12,11.19,0.01,63,70497,买盘
1289,13:20:06,11.18,-0.01,2,2236,卖盘
1290,13:20:03,11.19,--,26,29094,买盘
1291,13:19:54,11.19,0.01,15,16785,买盘
1292,13:19:51,11.18,-0.01,27,30186,卖盘
1293,13:19:42,11.19,--,68,76092,买盘
1294,13:19:39,11.19,0.01,36,40284,买盘
1295,13:19:33,11.18,-0.01,3,3354,卖盘
1296,13:19:27,11.19,--,13,14547,买盘
1297,13:19:24,11.19,--,27,30213,买盘
1298,13:19:21,11.19,0.01,2,2238,买盘
1299,13:19:15,11.18,-0.01,17,19006,卖盘
1300,13:19:12,11.19,--,57,63783,买盘
1301,13:18:51,11.19,--,2,2238,买盘
1302,13:18:48,11.19,0.01,36,40284,买盘
1303,13:18:45,11.18,-0.01,2,2236,卖盘
1304,13:18:24,11.19,--,53,59307,买盘
1305,13:18:15,11.19,0.01,15,16785,买盘
1306,13:18:12,11.18,--,10,11180,卖盘
1307,13:18:09,11.18,0.01,14,15652,买盘
1308,13:18:06,11.17,--,2,2234,卖盘
1309,13:18:03,11.17,-0.01,43,48031,卖盘
1310,13:17:54,11.18,--,6,6708,买盘
1311,13:17:51,11.18,--,10,11180,买盘
1312,13:17:39,11.18,--,1,1118,买盘
1313,13:17:36,11.18,--,60,67080,买盘
1314,13:17:33,11.18,--,28,31304,买盘
1315,13:17:30,11.18,0.01,29,32422,买盘
1316,13:17:27,11.17,-0.01,2,2234,卖盘
1317,13:17:24,11.18,0.01,16,17888,买盘
1318,13:17:12,11.17,-0.01,18,20106,卖盘
1319,13:17:09,11.18,0.01,10,11180,买盘
1320,13:17:03,11.17,-0.01,10,11170,卖盘
1321,13:16:54,11.18,--,38,42484,买盘
1322,13:16:51,11.18,0.01,29,32422,买盘
1323,13:16:48,11.17,--,10,11170,卖盘
1324,13:16:45,11.17,-0.01,9,10053,卖盘
1325,13:16:42,11.18,--,5,5590,买盘
1326,13:16:39,11.18,--,1,1118,买盘
1327,13:16:36,11.18,0.01,25,27950,买盘
1328,13:16:33,11.17,-0.01,8,8936,卖盘
1329,13:16:24,11.18,--,1,1118,买盘
1330,13:16:18,11.18,--,26,29068,买盘
1331,13:16:15,11.18,--,26,29068,买盘
1332,13:16:12,11.18,--,10,11180,买盘
1333,13:16:09,11.18,0.01,11,12298,买盘
1334,13:16:06,11.17,-0.01,2,2234,卖盘
1335,13:16:03,11.18,0.01,3,3354,买盘
1336,13:15:57,11.17,-0.01,6,6702,卖盘
1337,13:15:54,11.18,--,1,1118,买盘
1338,13:15:48,11.18,0.01,50,55900,买盘
1339,13:15:45,11.17,--,10,11170,卖盘
1340,13:15:42,11.17,--,70,78190,卖盘
1341,13:15:36,11.17,-0.01,5,5585,卖盘
1342,13:15:33,11.18,0.01,2,2236,买盘
1343,13:15:30,11.17,--,1,1117,卖盘
1344,13:15:27,11.17,-0.01,2,2234,卖盘
1345,13:15:24,11.18,--,1,1118,买盘
1346,13:15:18,11.18,-0.01,2,2236,中性盘
1347,13:15:06,11.19,0.01,58,64902,买盘
1348,13:15:03,11.18,--,2,2236,买盘
1349,13:15:00,11.18,0.01,15,16770,买盘
1350,13:14:57,11.17,-0.01,31,34627,卖盘
1351,13:14:54,11.18,0.01,11,12298,买盘
1352,13:14:48,11.17,--,3,3351,卖盘
1353,13:14:45,11.17,--,12,13404,卖盘
1354,13:14:36,11.17,--,3,3351,卖盘
1355,13:14:24,11.17,-0.01,5,5585,卖盘
1356,13:14:15,11.18,--,12,13416,买盘
1357,13:14:12,11.18,0.01,24,26832,买盘
1358,13:14:09,11.17,--,11,12287,卖盘
1359,13:14:06,11.17,--,3,3351,卖盘
1360,13:14:03,11.17,--,4,4468,卖盘
1361,13:14:00,11.17,-0.01,30,33510,卖盘
1362,13:13:54,11.18,0.01,1,1118,买盘
1363,13:13:51,11.17,--,5,5585,卖盘
1364,13:13:45,11.17,--,14,15638,卖盘
1365,13:13:39,11.17,--,15,16755,卖盘
1366,13:13:36,11.17,--,1,1117,卖盘
1367,13:13:33,11.17,--,286,319462,卖盘
1368,13:13:27,11.17,-0.02,32,35744,卖盘
1369,13:13:21,11.19,0.02,72,80568,买盘
1370,13:13:18,11.17,-0.01,16,17872,卖盘
1371,13:13:09,11.18,--,64,71552,卖盘
1372,13:13:03,11.18,-0.01,111,124098,卖盘
1373,13:12:57,11.19,0.01,33,36927,买盘
1374,13:12:51,11.18,-0.01,4,4472,卖盘
1375,13:12:45,11.19,0.01,35,39165,买盘
1376,13:12:36,11.18,--,11,12298,卖盘
1377,13:12:33,11.18,--,5,5590,卖盘
1378,13:12:24,11.18,--,12,13416,卖盘
1379,13:12:21,11.18,-0.01,4,4472,卖盘
1380,13:12:15,11.19,0.01,117,130923,买盘
1381,13:12:12,11.18,-0.01,5,5590,卖盘
1382,13:12:09,11.19,0.01,182,203658,买盘
1383,13:12:06,11.18,-0.01,2,2236,卖盘
1384,13:12:03,11.19,0.01,1,1119,买盘
1385,13:12:00,11.18,--,3,3354,卖盘
1386,13:11:57,11.18,--,36,40248,卖盘
1387,13:11:51,11.18,--,4,4472,卖盘
1388,13:11:48,11.18,-0.01,22,24596,卖盘
1389,13:11:45,11.19,0.01,34,38046,买盘
1390,13:11:39,11.18,--,5,5590,卖盘
1391,13:11:33,11.18,--,6,6708,卖盘
1392,13:11:30,11.18,-0.01,3,3354,卖盘
1393,13:11:27,11.19,--,23,25737,买盘
1394,13:11:21,11.19,0.01,12,13428,买盘
1395,13:11:18,11.18,--,3,3354,卖盘
1396,13:11:12,11.18,--,1,1118,卖盘
1397,13:11:06,11.18,--,3,3354,卖盘
1398,13:11:03,11.18,--,72,80496,卖盘
1399,13:11:00,11.18,--,22,24596,卖盘
1400,13:10:57,11.18,--,1,1118,卖盘
1401,13:10:54,11.18,-0.01,3,3354,卖盘
1402,13:10:51,11.19,--,21,23499,买盘
1403,13:10:48,11.19,0.01,50,55950,买盘
1404,13:10:45,11.18,--,12,13416,卖盘
1405,13:10:42,11.18,--,9,10062,卖盘
1406,13:10:36,11.18,-0.01,3,3354,卖盘
1407,13:10:33,11.19,--,18,20142,买盘
1408,13:10:30,11.19,0.01,26,29094,买盘
1409,13:10:27,11.18,--,5,5590,卖盘
1410,13:10:21,11.18,--,208,232544,卖盘
1411,13:10:18,11.18,--,3,3354,卖盘
1412,13:10:15,11.18,-0.01,221,247078,卖盘
1413,13:10:12,11.19,--,204,228276,买盘
1414,13:10:09,11.19,--,16,17904,买盘
1415,13:10:06,11.19,--,22,24618,买盘
1416,13:10:03,11.19,--,2,2238,买盘
1417,13:10:00,11.19,0.01,19,21261,买盘
1418,13:09:57,11.18,-0.01,4,4472,卖盘
1419,13:09:54,11.19,0.01,1,1119,买盘
1420,13:09:51,11.18,--,3,3354,卖盘
1421,13:09:48,11.18,-0.01,3,3354,卖盘
1422,13:09:42,11.19,0.01,36,40284,买盘
1423,13:09:39,11.18,--,7,7826,卖盘
1424,13:09:33,11.18,--,2,2236,卖盘
1425,13:09:30,11.18,0.01,81,90558,买盘
1426,13:09:27,11.17,-0.01,5,5585,卖盘
1427,13:09:24,11.18,--,1,1118,买盘
1428,13:09:21,11.18,0.01,39,43602,买盘
1429,13:09:18,11.17,--,7,7819,卖盘
1430,13:09:15,11.17,-0.01,3,3351,卖盘
1431,13:09:09,11.18,0.01,1,1118,买盘
1432,13:09:03,11.17,--,3,3351,卖盘
1433,13:09:00,11.17,--,1,1117,卖盘
1434,13:08:57,11.17,0.01,197,220049,买盘
1435,13:08:54,11.16,--,3,3348,卖盘
1436,13:08:51,11.16,--,1,1116,卖盘
1437,13:08:48,11.16,--,12,13392,卖盘
1438,13:08:45,11.16,--,2,2232,卖盘
1439,13:08:42,11.16,-0.01,3,3348,卖盘
1440,13:08:36,11.17,0.01,15,16755,买盘
1441,13:08:33,11.16,-0.01,58,64728,卖盘
1442,13:08:27,11.17,--,20,22340,买盘
1443,13:08:24,11.17,0.01,21,23457,买盘
1444,13:08:21,11.16,-0.01,4,4464,卖盘
1445,13:08:12,11.17,0.01,27,30159,买盘
1446,13:08:09,11.16,--,31,34596,卖盘
1447,13:08:06,11.16,--,2,2232,卖盘
1448,13:07:57,11.16,-0.01,7,7812,卖盘
1449,13:07:54,11.17,--,1,1117,买盘
1450,13:07:51,11.17,--,2,2234,买盘
1451,13:07:45,11.17,--,17,18989,买盘
1452,13:07:39,11.17,0.01,1,1117,买盘
1453,13:07:36,11.16,-0.01,23,25668,卖盘
1454,13:07:30,11.17,0.01,60,67020,买盘
1455,13:07:27,11.16,-0.01,2,2232,卖盘
1456,13:07:24,11.17,0.01,11,12287,买盘
1457,13:07:18,11.16,--,12,13392,卖盘
1458,13:07:15,11.16,--,3,3348,卖盘
1459,13:07:06,11.16,--,6,6696,卖盘
1460,13:07:03,11.16,-0.01,3,3348,卖盘
1461,13:06:57,11.17,--,20,22340,卖盘
1462,13:06:54,11.17,--,3,3351,卖盘
1463,13:06:51,11.17,--,54,60318,卖盘
1464,13:06:45,11.17,--,9,10053,卖盘
1465,13:06:42,11.17,--,3,3351,卖盘
1466,13:06:39,11.17,--,3,3351,卖盘
1467,13:06:33,11.17,--,12,13404,卖盘
1468,13:06:30,11.17,-0.01,3,3351,卖盘
1469,13:06:24,11.18,0.01,24,26832,买盘
1470,13:06:21,11.17,-0.01,4,4468,卖盘
1471,13:06:12,11.18,0.01,12,13416,买盘
1472,13:06:09,11.17,--,4,4468,卖盘
1473,13:06:06,11.17,--,52,58084,卖盘
1474,13:05:57,11.17,--,3,3351,卖盘
1475,13:05:54,11.17,-0.01,2,2234,卖盘
1476,13:05:51,11.18,0.01,2,2236,买盘
1477,13:05:45,11.17,--,3,3351,卖盘
1478,13:05:42,11.17,--,3,3351,卖盘
1479,13:05:39,11.17,0.01,4,4468,买盘
1480,13:05:33,11.16,--,7,7812,卖盘
1481,13:05:27,11.16,--,11,12276,卖盘
1482,13:05:24,11.16,--,16,17856,卖盘
1483,13:05:21,11.16,-0.01,18,20088,卖盘
1484,13:05:18,11.17,0.01,63,70371,买盘
1485,13:05:12,11.16,--,15,16740,卖盘
1486,13:05:09,11.16,--,4,4464,卖盘
1487,13:05:06,11.16,--,11,12276,卖盘
1488,13:05:03,11.16,--,3,3348,卖盘
1489,13:05:00,11.16,--,3,3348,卖盘
1490,13:04:51,11.16,--,6,6696,卖盘
1491,13:04:48,11.16,-0.01,3,3348,卖盘
1492,13:04:45,11.17,0.01,36,40212,买盘
1493,13:04:42,11.16,--,3,3348,卖盘
1494,13:04:39,11.16,--,3,3348,卖盘
1495,13:04:36,11.16,-0.01,5,5580,卖盘
1496,13:04:30,11.17,--,8,8936,买盘
1497,13:04:27,11.17,--,37,41329,买盘
1498,13:04:21,11.17,0.01,2,2234,买盘
1499,13:04:18,11.16,--,6,6696,卖盘
1500,13:04:15,11.16,--,3,3348,卖盘
1501,13:04:09,11.16,--,3,3348,卖盘
1502,13:04:06,11.16,--,5,5580,卖盘
1503,13:03:54,11.16,-0.01,6,6696,卖盘
1504,13:03:48,11.17,0.01,1,1117,买盘
1505,13:03:45,11.16,-0.01,3,3348,卖盘
1506,13:03:42,11.17,--,18,20106,买盘
1507,13:03:39,11.17,0.01,30,33510,买盘
1508,13:03:33,11.16,--,3,3348,卖盘
1509,13:03:30,11.16,--,3,3348,卖盘
1510,13:03:27,11.16,--,8,8928,卖盘
1511,13:03:24,11.16,-0.01,3,3348,卖盘
1512,13:03:21,11.17,0.01,2,2234,买盘
1513,13:03:18,11.16,--,3,3348,卖盘
1514,13:03:15,11.16,--,4,4464,卖盘
1515,13:03:09,11.16,--,3,3348,卖盘
1516,13:03:00,11.16,-0.01,7,7812,卖盘
1517,13:02:57,11.17,0.01,12,13404,买盘
1518,13:02:51,11.16,--,3,3348,卖盘
1519,13:02:48,11.16,--,3,3348,卖盘
1520,13:02:39,11.16,-0.01,85,94860,卖盘
1521,13:02:36,11.17,--,3,3351,卖盘
1522,13:02:33,11.17,0.02,13,14521,买盘
1523,13:02:30,11.15,--,3,3345,卖盘
1524,13:02:24,11.15,--,3,3345,卖盘
1525,13:02:21,11.15,--,3,3345,卖盘
1526,13:02:15,11.15,--,4,4460,卖盘
1527,13:02:09,11.15,-0.03,4,4460,卖盘
1528,13:02:06,11.18,0.03,47,52546,买盘
1529,13:02:03,11.15,-0.03,14,15610,卖盘
1530,13:02:00,11.18,0.02,29,32422,买盘
1531,13:01:57,11.16,--,47,52452,卖盘
1532,13:01:54,11.16,--,3,3348,卖盘
1533,13:01:51,11.16,--,5,5580,卖盘
1534,13:01:45,11.16,--,4,4464,卖盘
1535,13:01:39,11.16,--,71,79236,卖盘
1536,13:01:36,11.16,--,2,2232,卖盘
1537,13:01:33,11.16,--,3,3348,卖盘
1538,13:01:30,11.16,--,3,3348,卖盘
1539,13:01:24,11.16,0.01,13,14508,买盘
1540,13:01:18,11.15,--,3,3345,卖盘
1541,13:01:12,11.15,--,5,5575,卖盘
1542,13:01:09,11.15,-0.03,5,5575,卖盘
1543,13:01:06,11.18,0.02,39,43602,买盘
1544,13:01:00,11.16,--,3,3348,卖盘
1545,13:00:57,11.16,0.01,3,3348,中性盘
1546,13:00:51,11.15,-0.03,3,3345,卖盘
1547,13:00:48,11.18,0.03,37,41366,买盘
1548,13:00:45,11.15,-0.03,4,4460,卖盘
1549,13:00:42,11.18,--,16,17888,买盘
1550,13:00:36,11.18,0.02,12,13416,买盘
1551,13:00:33,11.16,0.01,6,6696,买盘
1552,13:00:27,11.15,-0.01,3,3345,卖盘
1553,13:00:24,11.16,--,4,4464,买盘
1554,13:00:21,11.16,--,1,1116,买盘
1555,13:00:18,11.16,0.01,27,30132,买盘
1556,13:00:15,11.15,-0.01,6,6690,卖盘
1557,13:00:12,11.16,--,28,31248,卖盘
1558,13:00:06,11.16,-0.02,89,99324,卖盘
1559,13:00:03,11.18,0.01,357,399126,买盘
1560,13:00:00,11.17,--,3,3351,卖盘
1561,11:30:00,11.17,--,0,0,卖盘
1562,11:29:51,11.17,-0.01,33,36861,卖盘
1563,11:29:48,11.18,--,13,14534,买盘
1564,11:29:42,11.18,0.01,19,21242,买盘
1565,11:29:39,11.17,-0.01,27,30159,卖盘
1566,11:29:36,11.18,0.01,79,88322,买盘
1567,11:29:33,11.17,--,2,2234,卖盘
1568,11:29:30,11.17,--,3,3351,卖盘
1569,11:29:24,11.17,--,3,3351,卖盘
1570,11:29:18,11.17,-0.01,4,4468,卖盘
1571,11:29:09,11.18,0.01,24,26832,买盘
1572,11:29:06,11.17,-0.01,3,3351,卖盘
1573,11:29:03,11.18,0.01,5,5590,买盘
1574,11:28:57,11.17,--,3,3351,卖盘
1575,11:28:54,11.17,--,33,36861,卖盘
1576,11:28:45,11.17,--,20,22340,卖盘
1577,11:28:42,11.17,-0.01,2,2234,卖盘
1578,11:28:36,11.18,0.01,6,6708,买盘
1579,11:28:33,11.17,-0.01,16,17872,卖盘
1580,11:28:24,11.18,--,138,154284,买盘
1581,11:28:21,11.18,--,795,888810,买盘
1582,11:28:18,11.18,--,1,1118,买盘
1583,11:28:12,11.18,--,37,41366,买盘
1584,11:28:09,11.18,0.01,1,1118,买盘
1585,11:28:06,11.17,--,61,68137,卖盘
1586,11:28:03,11.17,--,5,5585,卖盘
1587,11:28:00,11.17,-0.01,3,3351,卖盘
1588,11:27:54,11.18,0.01,28,31304,买盘
1589,11:27:51,11.17,-0.01,4,4468,卖盘
1590,11:27:48,11.18,0.01,1,1118,买盘
1591,11:27:42,11.17,-0.01,1,1117,卖盘
1592,11:27:39,11.18,0.01,105,117390,买盘
1593,11:27:27,11.17,--,26,29042,卖盘
1594,11:27:24,11.17,--,2,2234,卖盘
1595,11:27:18,11.17,-0.01,3,3351,卖盘
1596,11:27:09,11.18,0.01,16,17888,买盘
1597,11:27:06,11.17,--,30,33510,卖盘
1598,11:26:54,11.17,--,23,25691,卖盘
1599,11:26:51,11.17,-0.01,47,52499,卖盘
1600,11:26:48,11.18,0.01,33,36894,买盘
1601,11:26:45,11.17,--,3,3351,卖盘
1602,11:26:42,11.17,--,2,2234,卖盘
1603,11:26:39,11.17,--,20,22340,卖盘
1604,11:26:33,11.17,--,3,3351,卖盘
1605,11:26:30,11.17,-0.01,7,7819,卖盘
1606,11:26:27,11.18,0.01,21,23478,买盘
1607,11:26:24,11.17,-0.01,3,3351,中性盘
1608,11:26:12,11.18,0.01,29,32422,买盘
1609,11:26:09,11.17,--,12,13404,卖盘
1610,11:26:06,11.17,--,12,13404,卖盘
1611,11:26:03,11.17,--,2,2234,卖盘
1612,11:26:00,11.17,-0.01,3,3351,卖盘
1613,11:25:57,11.18,0.01,20,22360,买盘
1614,11:25:54,11.17,--,3,3351,卖盘
1615,11:25:51,11.17,--,61,68137,卖盘
1616,11:25:48,11.17,--,4,4468,卖盘
1617,11:25:39,11.17,0.01,18,20106,买盘
1618,11:25:36,11.16,--,3,3348,卖盘
1619,11:25:33,11.16,-0.01,7,7812,卖盘
1620,11:25:27,11.17,--,24,26808,买盘
1621,11:25:24,11.17,0.01,17,18989,买盘
1622,11:25:21,11.16,0.01,525,585900,买盘
1623,11:25:18,11.15,-0.01,47,52405,卖盘
1624,11:25:15,11.16,--,29,32364,买盘
1625,11:25:09,11.16,--,16,17856,买盘
1626,11:25:06,11.16,0.01,1,1116,买盘
1627,11:25:03,11.15,-0.01,5,5575,卖盘
1628,11:24:57,11.16,--,23,25668,买盘
1629,11:24:54,11.16,--,11,12276,买盘
1630,11:24:45,11.16,0.01,39,43524,买盘
1631,11:24:42,11.15,-0.01,2,2230,卖盘
1632,11:24:36,11.16,--,5,5580,买盘
1633,11:24:33,11.16,--,2,2232,买盘
1634,11:24:30,11.16,0.01,12,13392,买盘
1635,11:24:27,11.15,-0.01,10,11150,卖盘
1636,11:24:24,11.16,0.01,11,12276,买盘
1637,11:24:21,11.15,-0.01,3,3345,卖盘
1638,11:24:09,11.16,--,41,45756,买盘
1639,11:24:03,11.16,--,5,5580,买盘
1640,11:24:00,11.16,--,15,16740,买盘
1641,11:23:57,11.16,0.01,20,22320,买盘
1642,11:23:54,11.15,-0.01,4,4460,卖盘
1643,11:23:51,11.16,--,15,16740,买盘
1644,11:23:48,11.16,0.01,46,51336,买盘
1645,11:23:42,11.15,--,13,14495,卖盘
1646,11:23:33,11.15,--,5,5575,卖盘
1647,11:23:30,11.15,-0.01,13,14495,卖盘
1648,11:23:27,11.16,--,24,26784,买盘
1649,11:23:24,11.16,0.01,3,3348,买盘
1650,11:23:21,11.15,--,3,3345,卖盘
1651,11:23:12,11.15,--,51,56865,卖盘
1652,11:23:09,11.15,--,4,4460,卖盘
1653,11:23:06,11.15,-0.01,181,201815,卖盘
1654,11:23:03,11.16,0.01,6,6696,买盘
1655,11:23:00,11.15,--,188,209620,卖盘
1656,11:22:57,11.15,-0.01,244,272060,卖盘
1657,11:22:54,11.16,0.01,40,44640,买盘
1658,11:22:48,11.15,-0.01,25,27875,卖盘
1659,11:22:42,11.16,0.01,12,13392,买盘
1660,11:22:39,11.15,-0.01,7,7805,卖盘
1661,11:22:36,11.16,--,12,13392,买盘
1662,11:22:33,11.16,0.01,4,4464,买盘
1663,11:22:30,11.15,--,4,4460,卖盘
1664,11:22:27,11.15,-0.01,10,11150,卖盘
1665,11:22:24,11.16,0.01,6,6696,买盘
1666,11:22:21,11.15,--,1,1115,卖盘
1667,11:22:15,11.15,-0.01,14,15610,卖盘
1668,11:22:12,11.16,--,66,73656,卖盘
1669,11:22:09,11.16,--,10,11160,卖盘
1670,11:22:06,11.16,-0.02,57,63612,卖盘
1671,11:22:03,11.18,--,10,11180,买盘
1672,11:22:00,11.18,0.01,30,33540,买盘
1673,11:21:57,11.17,0.01,8,8936,卖盘
1674,11:21:54,11.16,--,3,3348,卖盘
1675,11:21:51,11.16,-0.02,11,12276,卖盘
1676,11:21:48,11.18,0.01,23,25714,买盘
1677,11:21:45,11.17,--,3,3351,卖盘
1678,11:21:42,11.17,--,48,53616,卖盘
1679,11:21:33,11.17,-0.01,6,6702,卖盘
1680,11:21:30,11.18,0.01,21,23478,买盘
1681,11:21:27,11.17,0.01,16,17872,买盘
1682,11:21:21,11.16,-0.02,6,6696,卖盘
1683,11:21:15,11.18,0.02,4,4472,买盘
1684,11:21:12,11.16,--,3,3348,卖盘
1685,11:21:09,11.16,-0.02,3,3348,卖盘
1686,11:21:06,11.18,0.02,34,38012,买盘
1687,11:21:03,11.16,-0.02,10,11160,卖盘
1688,11:21:00,11.18,0.02,22,24596,买盘
1689,11:20:57,11.16,-0.02,8,8928,卖盘
1690,11:20:54,11.18,0.02,21,23478,买盘
1691,11:20:51,11.16,-0.01,6,6696,卖盘
1692,11:20:48,11.17,--,2,2234,买盘
1693,11:20:45,11.17,0.01,90,100530,买盘
1694,11:20:42,11.16,-0.01,21,23436,卖盘
1695,11:20:39,11.17,--,5,5585,买盘
1696,11:20:36,11.17,0.01,18,20106,买盘
1697,11:20:33,11.16,-0.01,9,10044,卖盘
1698,11:20:30,11.17,0.01,21,23457,买盘
1699,11:20:27,11.16,--,3,3348,卖盘
1700,11:20:24,11.16,--,5,5580,卖盘
1701,11:20:15,11.16,--,7,7812,卖盘
1702,11:20:09,11.16,--,5,5580,卖盘
1703,11:20:06,11.16,-0.01,8,8928,卖盘
1704,11:20:03,11.17,--,5,5585,卖盘
1705,11:20:00,11.17,--,35,39095,卖盘
1706,11:19:57,11.17,0.02,10,11170,中性盘
1707,11:19:51,11.15,-0.03,3,3345,卖盘
1708,11:19:48,11.18,0.03,34,38012,买盘
1709,11:19:45,11.15,--,57,63555,卖盘
1710,11:19:42,11.15,--,3,3345,卖盘
1711,11:19:39,11.15,--,30,33450,卖盘
1712,11:19:33,11.15,--,60,66900,卖盘
1713,11:19:30,11.15,-0.02,24,26760,卖盘
1714,11:19:27,11.17,0.01,21,23457,买盘
1715,11:19:24,11.16,0.01,1,1116,中性盘
1716,11:19:18,11.15,--,4,4460,卖盘
1717,11:19:06,11.15,-0.01,23,25645,卖盘
1718,11:19:03,11.16,--,2,2232,买盘
1719,11:18:57,11.16,--,39,43524,买盘
1720,11:18:54,11.16,--,34,37944,买盘
1721,11:18:51,11.16,-0.01,426,475416,卖盘
1722,11:18:48,11.17,0.01,27,30159,买盘
1723,11:18:45,11.16,--,3,3348,卖盘
1724,11:18:36,11.16,-0.02,4,4464,卖盘
1725,11:18:27,11.18,0.02,21,23478,买盘
1726,11:18:24,11.16,-0.02,3,3348,卖盘
1727,11:18:18,11.18,0.02,2,2236,买盘
1728,11:18:12,11.16,-0.01,103,114948,卖盘
1729,11:18:06,11.17,--,1,1117,买盘
1730,11:18:03,11.17,0.01,1,1117,中性盘
1731,11:18:00,11.16,-0.02,3,3348,卖盘
1732,11:17:57,11.18,--,20,22360,买盘
1733,11:17:54,11.18,0.01,36,40248,买盘
1734,11:17:51,11.17,--,22,24574,买盘
1735,11:17:48,11.17,--,11,12287,买盘
1736,11:17:45,11.17,--,498,557315,卖盘
1737,11:17:42,11.17,-0.01,13,14521,卖盘
1738,11:17:36,11.18,--,10,11180,买盘
1739,11:17:33,11.18,0.01,2,2236,买盘
1740,11:17:30,11.17,-0.01,29,32393,卖盘
1741,11:17:27,11.18,--,21,23478,买盘
1742,11:17:24,11.18,0.01,14,15652,买盘
1743,11:17:21,11.17,--,17,18989,卖盘
1744,11:17:18,11.17,--,4,4468,卖盘
1745,11:17:15,11.17,--,5,5585,卖盘
1746,11:17:09,11.17,-0.01,25,27925,卖盘
1747,11:17:06,11.18,--,21,23478,买盘
1748,11:17:03,11.18,--,2,2236,买盘
1749,11:16:57,11.18,--,24,26832,买盘
1750,11:16:54,11.18,-0.01,58,64844,卖盘
1751,11:16:51,11.19,0.01,1,1119,买盘
1752,11:16:48,11.18,--,34,38012,卖盘
1753,11:16:45,11.18,--,3,3354,卖盘
1754,11:16:42,11.18,-0.01,2,2236,卖盘
1755,11:16:39,11.19,0.01,32,35808,买盘
1756,11:16:33,11.18,-0.01,3,3354,卖盘
1757,11:16:27,11.19,0.01,25,27975,买盘
1758,11:16:24,11.18,0.01,3,3354,中性盘
1759,11:16:09,11.17,-0.01,31,34627,卖盘
1760,11:16:06,11.18,--,31,34658,买盘
1761,11:16:03,11.18,--,59,65962,买盘
1762,11:16:00,11.18,--,113,126334,卖盘
1763,11:15:54,11.18,--,3,3354,卖盘
1764,11:15:51,11.18,--,80,89440,卖盘
1765,11:15:48,11.18,-0.01,5,5590,卖盘
1766,11:15:45,11.19,0.01,71,79449,买盘
1767,11:15:42,11.18,--,22,24596,卖盘
1768,11:15:39,11.18,-0.01,3,3354,卖盘
1769,11:15:36,11.19,--,19,21261,买盘
1770,11:15:30,11.19,0.01,29,32451,买盘
1771,11:15:27,11.18,--,4,4472,卖盘
1772,11:15:24,11.18,--,2,2236,卖盘
1773,11:15:21,11.18,0.01,26,29369,买盘
1774,11:15:18,11.17,--,3,3351,卖盘
1775,11:15:15,11.17,-0.01,33,36861,卖盘
1776,11:15:09,11.18,-0.01,321,358878,卖盘
1777,11:15:06,11.19,--,4,4476,买盘
1778,11:14:57,11.19,0.01,5,5595,买盘
1779,11:14:54,11.18,-0.01,94,105092,卖盘
1780,11:14:51,11.19,--,21,23499,买盘
1781,11:14:48,11.19,--,2,2238,买盘
1782,11:14:45,11.19,0.01,26,29094,买盘
1783,11:14:42,11.18,-0.01,2,2236,卖盘
1784,11:14:36,11.19,0.01,19,21261,买盘
1785,11:14:33,11.18,--,3,3354,卖盘
1786,11:14:21,11.18,-0.01,163,182234,卖盘
1787,11:14:18,11.19,--,2,2238,买盘
1788,11:14:15,11.19,0.01,12,13428,买盘
1789,11:14:12,11.18,-0.01,3,3354,卖盘
1790,11:14:06,11.19,0.01,45,50355,买盘
1791,11:14:03,11.18,--,2,2236,卖盘
1792,11:14:00,11.18,-0.01,3,3354,卖盘
1793,11:13:51,11.19,--,24,26856,买盘
1794,11:13:48,11.19,0.01,9,10071,买盘
1795,11:13:45,11.18,--,21,23478,卖盘
1796,11:13:36,11.18,-0.01,13,14534,卖盘
1797,11:13:30,11.19,0.01,59,66021,买盘
1798,11:13:27,11.18,--,4,4472,卖盘
1799,11:13:21,11.18,-0.01,2,2236,卖盘
1800,11:13:18,11.19,--,2,2238,买盘
1801,11:13:15,11.19,0.01,41,45879,买盘
1802,11:13:09,11.18,-0.01,30,33540,卖盘
1803,11:13:06,11.19,--,5,5595,买盘
1804,11:13:03,11.19,--,5,5595,买盘
1805,11:12:57,11.19,0.01,1,1119,买盘
1806,11:12:54,11.18,--,4,4472,卖盘
1807,11:12:51,11.18,--,25,27950,卖盘
1808,11:12:48,11.18,-0.01,2,2236,卖盘
1809,11:12:45,11.19,0.01,29,32451,买盘
1810,11:12:42,11.18,-0.01,29,32422,卖盘
1811,11:12:33,11.19,--,141,158595,卖盘
1812,11:12:30,11.19,-0.01,4,4476,卖盘
1813,11:12:24,11.2,--,25,28000,买盘
1814,11:12:21,11.2,--,24,26880,买盘
1815,11:12:18,11.2,0.01,2,2240,买盘
1816,11:12:15,11.19,--,15,16785,卖盘
1817,11:12:12,11.19,--,4,4476,卖盘
1818,11:12:09,11.19,-0.01,11,12309,卖盘
1819,11:12:06,11.2,0.01,32,35840,买盘
1820,11:12:03,11.19,-0.01,10,11190,卖盘
1821,11:12:00,11.2,0.01,5,5600,买盘
1822,11:11:57,11.19,--,3,3357,卖盘
1823,11:11:51,11.19,-0.01,37,41403,卖盘
1824,11:11:48,11.2,--,2,2240,买盘
1825,11:11:45,11.2,0.01,47,52640,买盘
1826,11:11:42,11.19,--,3,3357,卖盘
1827,11:11:36,11.19,--,3,3357,卖盘
1828,11:11:33,11.19,--,10,11190,卖盘
1829,11:11:30,11.19,--,3,3357,卖盘
1830,11:11:27,11.19,--,77,86465,买盘
1831,11:11:24,11.19,0.01,23,25737,买盘
1832,11:11:21,11.18,0.01,2,2236,中性盘
1833,11:11:18,11.17,--,53,59201,卖盘
1834,11:11:15,11.17,-0.01,3,3351,卖盘
1835,11:11:12,11.18,--,11,13114,卖盘
1836,11:11:09,11.18,--,12,13416,卖盘
1837,11:11:06,11.18,--,115,128871,买盘
1838,11:11:03,11.18,--,35,39946,卖盘
1839,11:11:00,11.18,--,3,3354,卖盘
1840,11:10:54,11.18,-0.01,28,31304,卖盘
1841,11:10:51,11.19,--,23,25737,买盘
1842,11:10:48,11.19,0.01,5,5595,买盘
1843,11:10:42,11.18,-0.01,5,5590,卖盘
1844,11:10:39,11.19,--,31,34689,买盘
1845,11:10:36,11.19,0.01,62,69378,买盘
1846,11:10:33,11.18,--,3,3354,卖盘
1847,11:10:30,11.18,--,1,1118,卖盘
1848,11:10:27,11.18,--,6,6708,卖盘
1849,11:10:24,11.18,-0.01,62,69316,卖盘
1850,11:10:21,11.19,--,23,26184,买盘
1851,11:10:18,11.19,0.01,6,6714,买盘
1852,11:10:12,11.18,--,4,4472,卖盘
1853,11:10:06,11.18,--,5,5590,卖盘
1854,11:10:03,11.18,--,2,2236,卖盘
1855,11:10:00,11.18,0.01,16,18860,买盘
1856,11:09:57,11.17,-0.01,23,25691,卖盘
1857,11:09:51,11.18,--,27,30186,买盘
1858,11:09:48,11.18,0.01,22,24596,买盘
1859,11:09:45,11.17,-0.01,4,4468,卖盘
1860,11:09:42,11.18,--,19,21242,买盘
1861,11:09:39,11.18,0.01,1,1118,买盘
1862,11:09:36,11.17,--,173,193241,卖盘
1863,11:09:33,11.17,-0.01,4,4468,卖盘
1864,11:09:30,11.18,0.01,50,55900,买盘
1865,11:09:27,11.17,-0.01,5,5585,卖盘
1866,11:09:24,11.18,--,29,32422,买盘
1867,11:09:21,11.18,--,18,20124,买盘
1868,11:09:18,11.18,0.01,17,19006,买盘
1869,11:09:15,11.17,-0.01,53,59201,卖盘
1870,11:09:12,11.18,--,44,49192,买盘
1871,11:09:09,11.18,0.01,3,3354,买盘
1872,11:09:06,11.17,--,8,8936,卖盘
1873,11:09:00,11.17,--,3,3351,卖盘
1874,11:08:57,11.17,-0.01,3,3351,卖盘
1875,11:08:54,11.18,--,10,11180,买盘
1876,11:08:51,11.18,--,22,24596,买盘
1877,11:08:48,11.18,--,4,4472,买盘
1878,11:08:45,11.18,--,23,25714,买盘
1879,11:08:42,11.18,0.01,10,11180,买盘
1880,11:08:39,11.17,--,4,4468,卖盘
1881,11:08:36,11.17,--,30,33510,卖盘
1882,11:08:33,11.17,-0.01,3,3351,卖盘
1883,11:08:30,11.18,--,20,22360,买盘
1884,11:08:27,11.18,--,60,67080,买盘
1885,11:08:21,11.18,--,27,30186,买盘
1886,11:08:18,11.18,0.01,62,69316,买盘
1887,11:08:12,11.17,-0.01,3,3351,卖盘
1888,11:08:06,11.18,0.01,1,1185,买盘
1889,11:08:03,11.17,--,2,2234,卖盘
1890,11:08:00,11.17,-0.01,3,3351,卖盘
1891,11:07:54,11.18,--,32,35776,买盘
1892,11:07:51,11.18,0.01,24,26832,买盘
1893,11:07:48,11.17,--,19,21223,买盘
1894,11:07:45,11.17,--,21,23457,买盘
1895,11:07:42,11.17,0.01,22,24574,买盘
1896,11:07:39,11.16,-0.01,20,22320,卖盘
1897,11:07:33,11.17,0.01,20,22340,买盘
1898,11:07:27,11.16,-0.01,5,5580,卖盘
1899,11:07:24,11.17,0.01,32,35744,买盘
1900,11:07:21,11.16,-0.01,2,2232,卖盘
1901,11:07:18,11.17,--,4,4468,买盘
1902,11:07:15,11.17,--,27,30159,买盘
1903,11:07:12,11.17,--,32,35744,买盘
1904,11:07:09,11.17,--,25,27925,买盘
1905,11:07:06,11.17,0.01,18,20106,买盘
1906,11:07:03,11.16,--,1,1116,卖盘
1907,11:06:57,11.16,-0.01,3,3348,卖盘
1908,11:06:54,11.17,-0.01,276,308437,卖盘
1909,11:06:51,11.18,--,21,23478,买盘
1910,11:06:48,11.18,0.01,5,5590,买盘
1911,11:06:45,11.17,-0.01,23,25691,卖盘
1912,11:06:42,11.18,0.01,6,6708,买盘
1913,11:06:39,11.17,-0.01,8,8936,卖盘
1914,11:06:36,11.18,0.01,1,1118,买盘
1915,11:06:33,11.17,-0.01,3,3351,卖盘
1916,11:06:27,11.18,-0.01,72,80496,卖盘
1917,11:06:21,11.19,--,26,29094,买盘
1918,11:06:18,11.19,0.01,1,1119,买盘
1919,11:06:12,11.18,-0.01,13,14534,卖盘
1920,11:06:09,11.19,--,10,11190,买盘
1921,11:06:06,11.19,--,16,17904,买盘
1922,11:06:03,11.19,0.02,5,5595,买盘
1923,11:06:00,11.17,--,3,3351,卖盘
1924,11:05:54,11.17,-0.02,3,3351,卖盘
1925,11:05:51,11.19,0.01,46,51474,买盘
1926,11:05:48,11.18,-0.01,158,176644,卖盘
1927,11:05:45,11.19,0.02,23,25737,买盘
1928,11:05:36,11.17,--,217,243338,卖盘
1929,11:05:33,11.17,-0.03,376,420014,卖盘
1930,11:05:27,11.2,--,12,13440,买盘
1931,11:05:24,11.2,0.03,29,32479,买盘
1932,11:05:21,11.17,-0.01,34,37978,卖盘
1933,11:05:18,11.18,--,401,448318,卖盘
1934,11:05:15,11.18,--,32,35776,卖盘
1935,11:05:12,11.18,--,12,13416,卖盘
1936,11:05:09,11.18,-0.01,1,1118,卖盘
1937,11:05:06,11.19,0.01,4,4476,买盘
1938,11:04:54,11.18,-0.01,3,3354,卖盘
1939,11:04:48,11.19,0.01,1,1119,买盘
1940,11:04:42,11.18,-0.01,28,31304,卖盘
1941,11:04:39,11.19,0.01,19,21261,买盘
1942,11:04:33,11.18,-0.02,3,3354,卖盘
1943,11:04:30,11.2,0.01,60,67200,买盘
1944,11:04:27,11.19,--,79,88401,卖盘
1945,11:04:21,11.19,-0.01,15,16785,卖盘
1946,11:04:18,11.2,0.01,52,58239,买盘
1947,11:04:15,11.19,-0.01,10,11190,卖盘
1948,11:04:12,11.2,0.01,54,60479,买盘
1949,11:04:09,11.19,-0.01,4,4476,卖盘
1950,11:04:06,11.2,0.01,1,1120,买盘
1951,11:04:03,11.19,--,2,2238,卖盘
1952,11:04:00,11.19,-0.01,3,3357,卖盘
1953,11:03:57,11.2,--,27,30239,买盘
1954,11:03:51,11.2,--,97,108640,买盘
1955,11:03:48,11.2,0.01,4,4480,买盘
1956,11:03:45,11.19,-0.01,8,8952,卖盘
1957,11:03:42,11.2,--,36,40320,买盘
1958,11:03:39,11.2,0.01,23,25760,买盘
1959,11:03:36,11.19,--,18,20142,卖盘
1960,11:03:27,11.19,--,6,6714,卖盘
1961,11:03:21,11.19,-0.01,11,12309,卖盘
1962,11:03:18,11.2,0.01,93,104160,买盘
1963,11:03:15,11.19,-0.01,3,3357,卖盘
1964,11:03:06,11.2,0.01,24,26880,买盘
1965,11:03:03,11.19,-0.01,3,3357,卖盘
1966,11:02:54,11.2,0.01,1,1120,买盘
1967,11:02:51,11.19,-0.01,38,42522,卖盘
1968,11:02:48,11.2,--,3,3360,买盘
1969,11:02:45,11.2,--,23,25760,买盘
1970,11:02:42,11.2,--,51,57120,买盘
1971,11:02:36,11.2,--,10,11200,买盘
1972,11:02:33,11.2,0.01,25,28000,买盘
1973,11:02:30,11.19,--,4,4476,卖盘
1974,11:02:21,11.19,-0.01,3,3357,卖盘
1975,11:02:15,11.2,0.01,52,58239,买盘
1976,11:02:12,11.19,--,2,2238,卖盘
1977,11:02:09,11.19,--,4,4476,卖盘
1978,11:02:06,11.19,-0.01,303,339057,卖盘
1979,11:02:03,11.2,--,21,23520,买盘
1980,11:02:00,11.2,--,6,6720,买盘
1981,11:01:57,11.2,--,36,40320,买盘
1982,11:01:54,11.2,--,1,1120,买盘
1983,11:01:51,11.2,0.01,31,34720,买盘
1984,11:01:48,11.19,--,29,32451,卖盘
1985,11:01:45,11.19,-0.01,79,88401,卖盘
1986,11:01:39,11.2,--,18,20160,买盘
1987,11:01:36,11.2,--,31,34720,买盘
1988,11:01:33,11.2,--,5,5600,买盘
1989,11:01:27,11.2,0.01,30,33600,买盘
1990,11:01:24,11.19,-0.01,4,4476,卖盘
1991,11:01:18,11.2,--,1,1120,买盘
1992,11:01:15,11.2,--,18,20160,买盘
1993,11:01:12,11.2,0.01,52,58239,买盘
1994,11:01:03,11.19,0.01,135,151065,买盘
1995,11:01:00,11.18,-0.01,18,20124,卖盘
1996,11:00:57,11.19,--,32,35808,买盘
1997,11:00:54,11.19,0.01,21,23499,买盘
1998,11:00:51,11.18,-0.01,4,4472,卖盘
1999,11:00:48,11.19,--,4,4476,买盘
2000,11:00:45,11.19,--,18,20142,买盘
2001,11:00:42,11.19,--,38,42522,买盘
2002,11:00:33,11.19,0.01,11,12309,买盘
2003,11:00:27,11.18,-0.01,3,3354,卖盘
2004,11:00:24,11.19,0.01,21,23499,买盘
2005,11:00:21,11.18,--,9,10062,卖盘
2006,11:00:18,11.18,--,44,49192,卖盘
2007,11:00:09,11.18,--,110,122980,卖盘
2008,11:00:06,11.18,--,7,7826,卖盘
2009,11:00:00,11.18,--,2,2236,卖盘
2010,10:59:57,11.18,--,3,3354,卖盘
2011,10:59:51,11.18,-0.01,38,42484,卖盘
2012,10:59:48,11.19,--,67,74973,买盘
2013,10:59:45,11.19,0.01,39,43641,买盘
2014,10:59:42,11.18,-0.01,4,4472,卖盘
2015,10:59:39,11.19,0.01,15,16785,买盘
2016,10:59:36,11.18,--,3,3354,卖盘
2017,10:59:30,11.18,--,12,13416,卖盘
2018,10:59:27,11.18,--,6,6708,卖盘
2019,10:59:24,11.18,-0.01,3,3354,卖盘
2020,10:59:21,11.19,--,8,8952,买盘
2021,10:59:18,11.19,--,5,5595,买盘
2022,10:59:12,11.19,--,41,45879,买盘
2023,10:59:09,11.19,0.01,29,32451,买盘
2024,10:59:06,11.18,--,4,4472,卖盘
2025,10:59:03,11.18,--,3,3354,卖盘
2026,10:59:00,11.18,-0.01,5,5590,卖盘
2027,10:58:54,11.19,0.01,24,26856,买盘
2028,10:58:51,11.18,-0.01,3,3354,卖盘
2029,10:58:48,11.19,0.01,21,23499,买盘
2030,10:58:45,11.18,--,25,27950,卖盘
2031,10:58:33,11.18,--,18,20124,卖盘
2032,10:58:30,11.18,-0.01,10,11180,卖盘
2033,10:58:24,11.19,--,40,44760,买盘
2034,10:58:21,11.19,--,35,39165,买盘
2035,10:58:18,11.19,0.01,1,1119,买盘
2036,10:58:15,11.18,--,3,3354,卖盘
2037,10:58:09,11.18,--,3,3354,卖盘
2038,10:58:06,11.18,-0.01,6,6708,卖盘
2039,10:58:00,11.19,--,40,44760,买盘
2040,10:57:57,11.19,0.01,50,55950,卖盘
2041,10:57:54,11.18,-0.02,3,3354,卖盘
2042,10:57:51,11.2,0.03,38,42560,买盘
2043,10:57:48,11.17,--,25,27925,卖盘
2044,10:57:45,11.17,-0.03,4,4468,卖盘
2045,10:57:39,11.2,0.03,600,672000,买盘
2046,10:57:36,11.17,-0.01,23,25691,卖盘
2047,10:57:33,11.18,0.01,29,32422,买盘
2048,10:57:30,11.17,--,3,3351,卖盘
2049,10:57:27,11.17,-0.01,22,24574,卖盘
2050,10:57:24,11.18,0.01,1,1118,买盘
2051,10:57:21,11.17,--,3,3351,卖盘
2052,10:57:15,11.17,--,27,30159,卖盘
2053,10:57:09,11.17,-0.01,5,5585,卖盘
2054,10:57:06,11.18,0.01,17,19006,买盘
2055,10:57:03,11.17,--,6,6702,卖盘
2056,10:57:00,11.17,--,1,1117,卖盘
2057,10:56:57,11.17,-0.01,3,3351,卖盘
2058,10:56:54,11.18,--,26,29068,买盘
2059,10:56:51,11.18,0.01,10,11180,买盘
2060,10:56:48,11.17,-0.01,34,37978,卖盘
2061,10:56:45,11.18,--,23,25714,买盘
2062,10:56:42,11.18,0.01,18,20124,买盘
2063,10:56:33,11.17,-0.01,26,29042,卖盘
2064,10:56:24,11.18,0.01,41,45838,买盘
2065,10:56:21,11.17,-0.01,3,3351,卖盘
2066,10:56:12,11.18,--,27,30186,买盘
2067,10:56:09,11.18,0.01,83,92794,买盘
2068,10:56:06,11.17,-0.01,26,29042,卖盘
2069,10:56:03,11.18,--,53,59254,买盘
2070,10:55:57,11.18,--,22,24596,买盘
2071,10:55:54,11.18,--,1,1118,买盘
2072,10:55:51,11.18,--,5,5590,买盘
2073,10:55:48,11.18,--,25,27950,买盘
2074,10:55:45,11.18,--,20,22360,买盘
2075,10:55:39,11.18,0.01,66,73788,买盘
2076,10:55:36,11.17,-0.01,4,4468,卖盘
2077,10:55:33,11.18,0.01,2,2236,买盘
2078,10:55:27,11.17,-0.01,105,117285,卖盘
2079,10:55:24,11.18,--,1,1118,买盘
2080,10:55:18,11.18,0.01,19,21242,买盘
2081,10:55:15,11.17,--,4,4468,卖盘
2082,10:55:09,11.17,--,20,22340,卖盘
2083,10:55:06,11.17,--,82,91594,卖盘
2084,10:55:03,11.17,--,13,14521,卖盘
2085,10:54:54,11.17,--,400,446800,卖盘
2086,10:54:51,11.17,-0.01,34,37978,卖盘
2087,10:54:48,11.18,0.01,38,42484,买盘
2088,10:54:45,11.17,--,8,8936,卖盘
2089,10:54:42,11.17,-0.01,5,5585,卖盘
2090,10:54:39,11.18,--,113,126334,卖盘
2091,10:54:33,11.18,--,31,34658,卖盘
2092,10:54:30,11.18,--,3,3354,卖盘
2093,10:54:27,11.18,-0.01,201,224718,卖盘
2094,10:54:21,11.19,--,1,1119,买盘
2095,10:54:18,11.19,0.01,55,61545,买盘
2096,10:54:15,11.18,-0.01,3,3354,卖盘
2097,10:54:09,11.19,--,699,782181,卖盘
2098,10:54:06,11.19,-0.01,6,6714,卖盘
2099,10:54:03,11.2,0.01,3,3360,买盘
2100,10:54:00,11.19,--,5,5595,卖盘
2101,10:53:54,11.19,-0.01,5,5595,卖盘
2102,10:53:51,11.2,--,12,13440,买盘
2103,10:53:48,11.2,--,10,12073,卖盘
2104,10:53:45,11.2,--,93,104160,卖盘
2105,10:53:42,11.2,--,3,3360,卖盘
2106,10:53:36,11.2,0.01,107,120086,买盘
2107,10:53:33,11.19,--,26,29094,卖盘
2108,10:53:30,11.19,--,34,38046,卖盘
2109,10:53:27,11.19,-0.01,2,2238,卖盘
2110,10:53:24,11.2,0.01,1,1120,买盘
2111,10:53:21,11.19,--,3,3357,卖盘
2112,10:53:18,11.19,-0.01,35,39165,卖盘
2113,10:53:15,11.2,--,10,11200,买盘
2114,10:53:12,11.2,0.01,15,16800,买盘
2115,10:53:09,11.19,-0.01,4,4476,卖盘
2116,10:53:06,11.2,--,4,4480,买盘
2117,10:53:03,11.2,0.01,7,7839,买盘
2118,10:53:00,11.19,-0.02,630,705641,卖盘
2119,10:52:57,11.21,--,38,42598,买盘
2120,10:52:54,11.21,0.01,1,1121,买盘
2121,10:52:51,11.2,--,5,5600,卖盘
2122,10:52:48,11.2,-0.01,3,3360,卖盘
2123,10:52:45,11.21,--,23,25783,买盘
2124,10:52:42,11.21,0.01,34,38114,买盘
2125,10:52:36,11.2,--,170,190848,买盘
2126,10:52:33,11.2,--,20,22400,买盘
2127,10:52:30,11.2,--,165,185472,卖盘
2128,10:52:27,11.2,--,6,6720,卖盘
2129,10:52:21,11.2,-0.01,6,6720,卖盘
2130,10:52:18,11.21,0.01,1,1121,买盘
2131,10:52:15,11.2,--,17,19040,卖盘
2132,10:52:12,11.2,-0.01,1,1120,卖盘
2133,10:52:09,11.21,--,54,60534,卖盘
2134,10:52:06,11.21,0.01,63,71071,买盘
2135,10:52:03,11.2,--,3,3360,买盘
2136,10:52:00,11.2,-0.01,463,519231,卖盘
2137,10:51:57,11.21,0.01,665,745465,买盘
2138,10:51:48,11.2,-0.01,8,8960,卖盘
2139,10:51:45,11.21,--,8,8968,买盘
2140,10:51:42,11.21,0.01,26,29146,买盘
2141,10:51:39,11.2,-0.01,30,33600,卖盘
2142,10:51:36,11.21,0.01,34,38114,买盘
2143,10:51:33,11.2,-0.01,214,239679,卖盘
2144,10:51:30,11.21,0.01,39,43719,买盘
2145,10:51:27,11.2,--,30,33600,卖盘
2146,10:51:24,11.2,-0.01,5,5600,卖盘
2147,10:51:18,11.21,0.01,39,43719,买盘
2148,10:51:15,11.2,--,653,731808,买盘
2149,10:51:09,11.2,--,62,69440,买盘
2150,10:51:06,11.2,0.01,3,3360,买盘
2151,10:51:03,11.19,-0.01,6,6714,卖盘
2152,10:51:00,11.2,0.01,25,28000,买盘
2153,10:50:57,11.19,--,3,3357,卖盘
2154,10:50:54,11.19,--,13,14547,卖盘
2155,10:50:51,11.19,--,67,74973,卖盘
2156,10:50:48,11.19,-0.01,2,2238,卖盘
2157,10:50:45,11.2,0.01,38,42560,买盘
2158,10:50:42,11.19,-0.01,4,4476,卖盘
2159,10:50:39,11.2,--,25,28000,买盘
2160,10:50:33,11.2,--,3,3360,买盘
2161,10:50:30,11.2,--,21,23520,买盘
2162,10:50:27,11.2,--,21,23520,买盘
2163,10:50:24,11.2,--,1,1120,买盘
2164,10:50:18,11.2,-0.01,1099,1231552,卖盘
2165,10:50:15,11.21,0.01,45,50445,买盘
2166,10:50:12,11.2,--,5,5600,卖盘
2167,10:50:09,11.2,--,29,32479,卖盘
2168,10:50:06,11.2,-0.01,147,164640,卖盘
2169,10:50:03,11.21,--,4,4484,买盘
2170,10:50:00,11.21,--,1,1121,买盘
2171,10:49:57,11.21,0.01,15,17263,买盘
2172,10:49:54,11.2,--,61,68320,卖盘
2173,10:49:45,11.2,-0.01,3,3360,卖盘
2174,10:49:42,11.21,--,21,23541,买盘
2175,10:49:39,11.21,0.01,1,1121,买盘
2176,10:49:33,11.2,-0.01,4,4480,卖盘
2177,10:49:30,11.21,0.01,30,33630,买盘
2178,10:49:27,11.2,--,7,7839,卖盘
2179,10:49:24,11.2,--,8,8960,卖盘
2180,10:49:21,11.2,-0.01,18,20160,卖盘
2181,10:49:18,11.21,-0.01,37,41477,卖盘
2182,10:49:15,11.22,0.01,3,3366,买盘
2183,10:49:12,11.21,--,35,39235,卖盘
2184,10:49:09,11.21,-0.01,3,3363,中性盘
2185,10:49:03,11.22,0.01,40,44880,买盘
2186,10:49:00,11.21,-0.01,49,54929,卖盘
2187,10:48:54,11.22,--,14,15708,买盘
2188,10:48:51,11.22,0.01,74,83028,买盘
2189,10:48:48,11.21,-0.01,4,4484,卖盘
2190,10:48:45,11.22,0.01,151,169422,买盘
2191,10:48:42,11.21,--,5,5605,卖盘
2192,10:48:39,11.21,--,17,19057,买盘
2193,10:48:36,11.21,--,6,6726,买盘
2194,10:48:33,11.21,0.01,4,4484,买盘
2195,10:48:27,11.2,-0.01,2,2240,卖盘
2196,10:48:24,11.21,-0.01,7,7847,卖盘
2197,10:48:21,11.22,0.01,78,87516,买盘
2198,10:48:18,11.21,0.01,28,31388,中性盘
2199,10:48:15,11.2,-0.01,44,49280,卖盘
2200,10:48:12,11.21,--,30,33630,卖盘
2201,10:48:06,11.21,--,115,128915,卖盘
2202,10:48:03,11.21,--,23,25783,买盘
2203,10:48:00,11.21,0.01,33,36993,买盘
2204,10:47:57,11.2,--,3,3360,卖盘
2205,10:47:54,11.2,-0.01,27,30239,卖盘
2206,10:47:48,11.21,--,10,11210,买盘
2207,10:47:45,11.21,--,23,25783,买盘
2208,10:47:42,11.21,--,14,15694,买盘
2209,10:47:39,11.21,--,40,44840,买盘
2210,10:47:36,11.21,--,51,57171,买盘
2211,10:47:33,11.21,0.01,3,3363,买盘
2212,10:47:30,11.2,-0.01,35,39200,卖盘
2213,10:47:27,11.21,-0.01,17,19057,卖盘
2214,10:47:24,11.22,0.01,208,233376,买盘
2215,10:47:21,11.21,--,38,42598,买盘
2216,10:47:18,11.21,--,11,12331,买盘
2217,10:47:15,11.21,--,285,319485,卖盘
2218,10:47:12,11.21,--,10,11210,卖盘
2219,10:47:09,11.21,-0.01,39,43719,卖盘
2220,10:47:06,11.22,0.01,87,97614,买盘
2221,10:47:00,11.21,--,58,65018,卖盘
2222,10:46:57,11.21,-0.01,22,24662,卖盘
2223,10:46:54,11.22,0.01,116,130152,买盘
2224,10:46:51,11.21,--,106,118826,卖盘
2225,10:46:48,11.21,--,2,2242,卖盘
2226,10:46:45,11.21,-0.01,7,7847,卖盘
2227,10:46:42,11.22,--,165,185130,卖盘
2228,10:46:39,11.22,--,577,647394,卖盘
2229,10:46:36,11.22,-0.01,145,162690,卖盘
2230,10:46:33,11.23,--,73,81979,买盘
2231,10:46:30,11.23,--,31,34813,买盘
2232,10:46:27,11.23,0.01,11,12353,中性盘
2233,10:46:24,11.22,-0.02,11,12342,卖盘
2234,10:46:21,11.24,--,25,28100,买盘
2235,10:46:18,11.24,--,35,39340,买盘
2236,10:46:15,11.24,0.02,18,20232,买盘
2237,10:46:12,11.22,--,23,25806,卖盘
2238,10:46:09,11.22,-0.02,1092,1225224,卖盘
2239,10:46:06,11.24,0.01,92,103408,买盘
2240,10:46:03,11.23,--,240,269520,买盘
2241,10:46:00,11.23,--,101,113423,买盘
2242,10:45:57,11.23,--,66,74118,买盘
2243,10:45:54,11.23,0.01,11,12353,买盘
2244,10:45:51,11.22,--,17,19074,卖盘
2245,10:45:48,11.22,--,72,80784,买盘
2246,10:45:45,11.22,--,97,108834,买盘
2247,10:45:42,11.22,--,17,19074,买盘
2248,10:45:39,11.22,0.02,134,150348,买盘
2249,10:45:36,11.2,-0.01,32,35840,卖盘
2250,10:45:33,11.21,-0.01,118,132278,卖盘
2251,10:45:30,11.22,0.02,1030,1155660,买盘
2252,10:45:27,11.2,--,843,944159,买盘
2253,10:45:24,11.2,0.01,552,618240,买盘
2254,10:45:21,11.19,0.01,1449,1621431,买盘
2255,10:45:18,11.18,--,111,124098,买盘
2256,10:45:15,11.18,0.01,553,618254,买盘
2257,10:45:12,11.17,-0.01,45,50265,卖盘
2258,10:45:09,11.18,--,12,13416,买盘
2259,10:45:06,11.18,--,16,17888,买盘
2260,10:45:03,11.18,--,48,53664,买盘
2261,10:45:00,11.18,0.01,37,41366,买盘
2262,10:44:57,11.17,--,106,118402,卖盘
2263,10:44:54,11.17,-0.01,7,7819,卖盘
2264,10:44:51,11.18,--,104,116272,买盘
2265,10:44:48,11.18,0.01,3,3354,买盘
2266,10:44:45,11.17,--,26,29042,卖盘
2267,10:44:39,11.17,--,44,49148,卖盘
2268,10:44:33,11.17,-0.01,5,5585,卖盘
2269,10:44:30,11.18,0.01,69,77142,买盘
2270,10:44:24,11.17,--,30,33510,卖盘
2271,10:44:21,11.17,-0.01,70,78190,卖盘
2272,10:44:18,11.18,--,21,23478,买盘
2273,10:44:15,11.18,0.01,20,22360,买盘
2274,10:44:12,11.17,--,256,285952,卖盘
2275,10:44:06,11.17,--,3,3351,卖盘
2276,10:44:03,11.17,--,6,6702,卖盘
2277,10:44:00,11.17,--,10,11170,卖盘
2278,10:43:57,11.17,-0.01,30,33510,卖盘
2279,10:43:54,11.18,0.01,1,1118,买盘
2280,10:43:51,11.17,-0.01,106,118402,卖盘
2281,10:43:48,11.18,0.01,1,1118,买盘
2282,10:43:45,11.17,-0.01,22,24574,卖盘
2283,10:43:42,11.18,--,65,72670,买盘
2284,10:43:36,11.18,--,25,27950,买盘
2285,10:43:33,11.18,--,41,45838,买盘
2286,10:43:30,11.18,0.02,1073,1199614,买盘
2287,10:43:27,11.16,--,3,3348,卖盘
2288,10:43:24,11.16,--,37,41292,卖盘
2289,10:43:21,11.16,-0.01,2,2232,卖盘
2290,10:43:18,11.17,--,6,6702,买盘
2291,10:43:15,11.17,--,1,1117,买盘
2292,10:43:12,11.17,0.01,38,42446,买盘
2293,10:43:09,11.16,-0.01,2,2232,卖盘
2294,10:43:06,11.17,--,44,49148,买盘
2295,10:43:03,11.17,0.01,1,1117,买盘
2296,10:43:00,11.16,-0.01,173,193068,卖盘
2297,10:42:57,11.17,--,49,54733,买盘
2298,10:42:54,11.17,0.01,42,46914,买盘
2299,10:42:51,11.16,--,104,116064,买盘
2300,10:42:48,11.16,--,37,41292,买盘
2301,10:42:45,11.16,--,4,4464,买盘
2302,10:42:33,11.16,--,2,2232,买盘
2303,10:42:30,11.16,--,5,5580,买盘
2304,10:42:27,11.16,0.01,30,33480,买盘
2305,10:42:24,11.15,-0.01,1,1115,卖盘
2306,10:42:18,11.16,--,1,1116,买盘
2307,10:42:12,11.16,--,1,1116,买盘
2308,10:42:09,11.16,--,14,15624,买盘
2309,10:42:06,11.16,--,61,68076,买盘
2310,10:41:57,11.16,--,1000,1116000,卖盘
2311,10:41:54,11.16,--,4,4464,卖盘
2312,10:41:45,11.16,-0.01,55,61380,卖盘
2313,10:41:42,11.17,--,83,92711,卖盘
2314,10:41:39,11.17,--,31,34627,卖盘
2315,10:41:33,11.17,-0.01,2,2234,卖盘
2316,10:41:30,11.18,0.01,9,10062,买盘
2317,10:41:27,11.17,0.01,2,2234,中性盘
2318,10:41:24,11.16,-0.02,51,56916,卖盘
2319,10:41:18,11.18,--,1,1118,买盘
2320,10:41:15,11.18,--,33,36894,买盘
2321,10:41:09,11.18,0.02,25,27950,买盘
2322,10:41:06,11.16,-0.02,101,112716,卖盘
2323,10:41:03,11.18,--,4,4472,买盘
2324,10:41:00,11.18,--,47,52546,买盘
2325,10:40:57,11.18,--,8,8944,卖盘
2326,10:40:54,11.18,--,40,44720,卖盘
2327,10:40:48,11.18,--,35,39130,卖盘
2328,10:40:45,11.18,--,27,30186,卖盘
2329,10:40:42,11.18,0.01,1751,1957618,买盘
2330,10:40:39,11.17,0.01,123,137391,买盘
2331,10:40:36,11.16,--,2,2232,卖盘
2332,10:40:33,11.16,--,5,5580,卖盘
2333,10:40:30,11.16,--,13,14508,卖盘
2334,10:40:27,11.16,--,156,174096,买盘
2335,10:40:18,11.16,0.01,76,84816,买盘
2336,10:40:15,11.15,-0.01,1,1115,卖盘
2337,10:40:12,11.16,0.01,4,4464,买盘
2338,10:40:06,11.15,-0.01,2,2230,卖盘
2339,10:40:03,11.16,0.01,3,3348,买盘
2340,10:40:00,11.15,--,4,4460,卖盘
2341,10:39:57,11.15,-0.01,18,20070,卖盘
2342,10:39:54,11.16,--,1,1116,买盘
2343,10:39:51,11.16,--,46,51336,买盘
2344,10:39:48,11.16,--,2,2232,买盘
2345,10:39:42,11.16,0.01,88,98208,买盘
2346,10:39:39,11.15,--,59,65785,买盘
2347,10:39:36,11.15,--,19,21185,买盘
2348,10:39:33,11.15,--,3,3345,买盘
2349,10:39:30,11.15,--,6,6690,买盘
2350,10:39:27,11.15,0.01,56,62440,买盘
2351,10:39:21,11.14,-0.01,3,3342,卖盘
2352,10:39:18,11.15,--,207,230805,买盘
2353,10:39:12,11.15,0.01,2,2230,买盘
2354,10:39:09,11.14,-0.01,37,41218,卖盘
2355,10:39:06,11.15,--,988,1101620,买盘
2356,10:39:03,11.15,0.01,8,8920,买盘
2357,10:39:00,11.14,--,20,22280,卖盘
2358,10:38:54,11.14,--,746,831044,买盘
2359,10:38:51,11.14,--,37,41218,买盘
2360,10:38:48,11.14,0.01,3,3342,买盘
2361,10:38:45,11.13,-0.01,27,30051,卖盘
2362,10:38:42,11.14,--,23,25622,买盘
2363,10:38:39,11.14,0.01,52,57928,买盘
2364,10:38:36,11.13,--,7,7791,卖盘
2365,10:38:33,11.13,0.01,301,335035,买盘
2366,10:38:30,11.12,-0.01,11,12232,卖盘
2367,10:38:24,11.13,--,2,2226,买盘
2368,10:38:18,11.13,0.01,2,2226,买盘
2369,10:38:15,11.12,-0.01,1,1112,卖盘
2370,10:38:12,11.13,--,13,14469,买盘
2371,10:38:06,11.13,--,1,1113,买盘
2372,10:38:03,11.13,--,5,5565,买盘
2373,10:38:00,11.13,0.01,61,67893,买盘
2374,10:37:57,11.12,-0.01,20,22240,卖盘
2375,10:37:54,11.13,0.01,64,71232,买盘
2376,10:37:48,11.12,--,4,4448,卖盘
2377,10:37:42,11.12,-0.01,3,3335,卖盘
2378,10:37:39,11.13,0.01,21,23373,买盘
2379,10:37:36,11.12,-0.01,1,1112,卖盘
2380,10:37:27,11.13,0.01,13,14469,买盘
2381,10:37:24,11.12,-0.01,14,15567,卖盘
2382,10:37:18,11.13,--,2,2226,买盘
2383,10:37:12,11.13,--,47,52311,买盘
2384,10:37:06,11.13,--,16,17808,买盘
2385,10:37:03,11.13,0.02,210,233863,买盘
2386,10:36:45,11.11,-0.01,50,55550,卖盘
2387,10:36:42,11.12,--,100,111199,买盘
2388,10:36:36,11.12,--,10,11120,买盘
2389,10:36:33,11.12,--,5,5560,买盘
2390,10:36:30,11.12,--,62,68944,买盘
2391,10:36:27,11.12,--,50,55599,买盘
2392,10:36:24,11.12,--,1,1112,买盘
2393,10:36:12,11.12,--,2,2224,买盘
2394,10:36:09,11.12,--,3,3335,买盘
2395,10:36:06,11.12,--,35,38920,买盘
2396,10:36:03,11.12,--,5,5560,买盘
2397,10:36:00,11.12,--,25,27799,买盘
2398,10:35:57,11.12,--,3,3335,买盘
2399,10:35:54,11.12,--,1,1112,买盘
2400,10:35:51,11.12,0.01,10,11120,买盘
2401,10:35:48,11.11,-0.01,133,147763,卖盘
2402,10:35:42,11.12,--,23,25576,买盘
2403,10:35:33,11.12,--,8,8896,买盘
2404,10:35:30,11.12,--,7,7783,买盘
2405,10:35:27,11.12,--,8,8896,买盘
2406,10:35:24,11.12,--,3,3335,买盘
2407,10:35:21,11.12,--,16,17792,买盘
2408,10:35:18,11.12,--,28,31135,买盘
2409,10:35:06,11.12,--,2,2224,买盘
2410,10:34:48,11.12,--,7,7783,买盘
2411,10:34:42,11.12,0.01,10,11120,买盘
2412,10:34:39,11.11,--,301,334411,卖盘
2413,10:34:33,11.11,-0.01,4,4444,卖盘
2414,10:34:27,11.12,0.01,100,111199,买盘
2415,10:34:24,11.11,-0.01,5,5555,卖盘
2416,10:34:21,11.12,0.01,564,627490,买盘
2417,10:34:12,11.11,-0.01,3,3333,卖盘
2418,10:34:09,11.12,--,39,43368,买盘
2419,10:34:06,11.12,--,1,1112,买盘
2420,10:34:03,11.12,--,4,4448,买盘
2421,10:34:00,11.12,--,15,16680,买盘
2422,10:33:54,11.12,--,1,1112,买盘
2423,10:33:51,11.12,--,25,27799,买盘
2424,10:33:48,11.12,--,2,2224,买盘
2425,10:33:39,11.12,--,51,56711,买盘
2426,10:33:36,11.12,--,16,17792,买盘
2427,10:33:33,11.12,--,3,3335,买盘
2428,10:33:24,11.12,0.01,1,1112,买盘
2429,10:33:15,11.11,--,10,11110,卖盘
2430,10:33:12,11.11,-0.01,2,2222,卖盘
2431,10:33:09,11.12,0.02,36,40032,买盘
2432,10:33:06,11.1,-0.01,1,1110,卖盘
2433,10:33:03,11.11,--,5,5555,买盘
2434,10:33:00,11.11,--,10,11110,买盘
2435,10:32:57,11.11,--,164,182204,卖盘
2436,10:32:51,11.11,-0.01,18,19998,卖盘
2437,10:32:48,11.12,--,9,10008,买盘
2438,10:32:42,11.12,0.01,24,26687,买盘
2439,10:32:33,11.11,--,30,33330,卖盘
2440,10:32:30,11.11,--,11,12221,卖盘
2441,10:32:27,11.11,--,95,105545,卖盘
2442,10:32:24,11.11,--,12,13332,卖盘
2443,10:32:21,11.11,-0.01,123,136653,卖盘
2444,10:32:18,11.12,0.01,6,6671,买盘
2445,10:32:15,11.11,--,12,13332,卖盘
2446,10:32:06,11.11,--,12,13332,卖盘
2447,10:32:00,11.11,-0.01,10,11110,卖盘
2448,10:31:54,11.12,0.01,15,16680,买盘
2449,10:31:51,11.11,0.01,16,17776,买盘
2450,10:31:39,11.1,-0.01,47,52170,卖盘
2451,10:31:36,11.11,--,69,76659,买盘
2452,10:31:33,11.11,--,15,16665,买盘
2453,10:31:30,11.11,--,48,53328,卖盘
2454,10:31:24,11.11,--,14,15554,卖盘
2455,10:31:21,11.11,-0.01,213,236643,卖盘
2456,10:31:18,11.12,0.01,1,1112,买盘
2457,10:31:12,11.11,-0.01,190,211090,卖盘
2458,10:31:06,11.12,--,53,58935,买盘
2459,10:31:03,11.12,0.01,2,2224,买盘
2460,10:31:00,11.11,-0.01,186,206646,卖盘
2461,10:30:54,11.12,0.01,61,67832,买盘
2462,10:30:51,11.11,-0.01,215,238865,卖盘
2463,10:30:48,11.12,--,39,43368,买盘
2464,10:30:45,11.12,0.01,580,644960,买盘
2465,10:30:39,11.11,--,210,233310,卖盘
2466,10:30:33,11.11,-0.01,192,213312,买盘
2467,10:30:30,11.12,-0.01,350,389200,买盘
2468,10:30:27,11.13,0.01,54,60102,买盘
2469,10:30:24,11.12,--,38,42256,买盘
2470,10:30:21,11.12,--,156,174561,卖盘
2471,10:30:18,11.12,0.02,743,826238,买盘
2472,10:30:12,11.1,--,1087,1206570,卖盘
2473,10:30:09,11.1,-0.01,2,2220,卖盘
2474,10:30:06,11.11,--,20,22220,买盘
2475,10:30:03,11.11,0.01,24,26664,买盘
2476,10:30:00,11.1,-0.01,215,238650,卖盘
2477,10:29:57,11.11,--,2,2222,买盘
2478,10:29:54,11.11,--,1,1111,买盘
2479,10:29:51,11.11,--,220,244420,买盘
2480,10:29:45,11.11,--,176,195536,买盘
2481,10:29:42,11.11,--,216,239976,买盘
2482,10:29:39,11.11,0.01,1,1111,买盘
2483,10:29:36,11.1,-0.01,103,114330,中性盘
2484,10:29:30,11.11,0.01,287,318857,买盘
2485,10:29:27,11.1,--,30,33300,买盘
2486,10:29:24,11.1,--,31,34410,买盘
2487,10:29:21,11.1,-0.01,5,5550,中性盘
2488,10:29:12,11.11,0.01,30,33330,买盘
2489,10:29:03,11.1,-0.01,4,4440,中性盘
2490,10:29:00,11.11,0.01,20,22220,买盘
2491,10:28:54,11.1,0.01,11,12210,买盘
2492,10:28:45,11.09,-0.01,1,1109,卖盘
2493,10:28:42,11.1,-0.01,179,198690,卖盘
2494,10:28:39,11.11,0.01,2,2222,买盘
2495,10:28:36,11.1,0.01,9,9990,买盘
2496,10:28:33,11.09,-0.01,20,22180,卖盘
2497,10:28:30,11.1,--,15,16650,买盘
2498,10:28:27,11.1,--,220,244200,买盘
2499,10:28:24,11.1,--,1,1110,买盘
2500,10:28:21,11.1,--,15,16650,买盘
2501,10:28:18,11.1,0.01,62,68820,买盘
2502,10:28:12,11.09,-0.01,103,114227,卖盘
2503,10:28:06,11.1,--,1,1110,买盘
2504,10:28:03,11.1,--,4,4440,买盘
2505,10:28:00,11.1,--,72,79920,卖盘
2506,10:27:54,11.1,--,17,18870,买盘
2507,10:27:51,11.1,--,50,55500,买盘
2508,10:27:48,11.1,0.01,196,217560,买盘
2509,10:27:42,11.09,-0.01,3,3327,卖盘
2510,10:27:39,11.1,0.01,77,85470,买盘
2511,10:27:36,11.09,-0.01,2,2218,卖盘
2512,10:27:33,11.1,--,1,1110,买盘
2513,10:27:30,11.1,--,5,5550,买盘
2514,10:27:24,11.1,--,12,13320,买盘
2515,10:27:21,11.1,--,58,64380,卖盘
2516,10:27:18,11.1,--,2,2220,卖盘
2517,10:27:15,11.1,--,20,22200,卖盘
2518,10:27:12,11.1,--,35,38850,买盘
2519,10:27:09,11.1,--,37,41070,买盘
2520,10:27:06,11.1,0.01,13,14430,买盘
2521,10:27:03,11.09,-0.01,3,3327,卖盘
2522,10:27:00,11.1,--,47,52170,买盘
2523,10:26:54,11.1,--,69,76590,买盘
2524,10:26:51,11.1,-0.01,31,34410,卖盘
2525,10:26:48,11.11,--,55,61105,买盘
2526,10:26:42,11.11,0.01,23,25553,买盘
2527,10:26:39,11.1,-0.01,194,215340,卖盘
2528,10:26:36,11.11,0.01,11,12221,买盘
2529,10:26:33,11.1,-0.01,1,1110,卖盘
2530,10:26:30,11.11,0.01,257,285527,买盘
2531,10:26:24,11.1,-0.01,11,12210,卖盘
2532,10:26:21,11.11,0.01,49,54439,买盘
2533,10:26:18,11.1,--,92,102120,买盘
2534,10:26:12,11.1,--,61,67710,买盘
2535,10:26:09,11.1,--,13,14430,买盘
2536,10:26:06,11.1,0.01,1,1110,买盘
2537,10:26:03,11.09,--,104,115336,卖盘
2538,10:25:57,11.09,-0.01,1,1109,卖盘
2539,10:25:54,11.1,0.01,81,89910,买盘
2540,10:25:45,11.09,-0.01,3,3327,卖盘
2541,10:25:42,11.1,--,11,12210,买盘
2542,10:25:39,11.1,--,92,102120,卖盘
2543,10:25:36,11.1,0.01,33,36630,买盘
2544,10:25:33,11.09,-0.01,6,6654,卖盘
2545,10:25:30,11.1,0.01,57,63270,买盘
2546,10:25:27,11.09,-0.01,47,52123,卖盘
2547,10:25:24,11.1,--,3,3330,买盘
2548,10:25:15,11.1,--,5,5550,买盘
2549,10:25:12,11.1,--,70,77700,买盘
2550,10:25:09,11.1,--,1,1110,买盘
2551,10:25:06,11.1,--,1,1110,买盘
2552,10:25:03,11.1,--,5,5550,买盘
2553,10:25:00,11.1,-0.01,13,14430,卖盘
2554,10:24:57,11.11,--,63,69993,买盘
2555,10:24:54,11.11,--,10,11110,买盘
2556,10:24:51,11.11,0.01,28,31108,买盘
2557,10:24:48,11.1,--,1,1110,买盘
2558,10:24:45,11.1,--,15,16650,买盘
2559,10:24:39,11.1,0.01,11,12210,买盘
2560,10:24:33,11.09,-0.01,15,16635,卖盘
2561,10:24:30,11.1,--,39,43290,买盘
2562,10:24:27,11.1,0.01,2,2220,买盘
2563,10:24:24,11.09,-0.01,17,18853,卖盘
2564,10:24:21,11.1,--,10,11100,买盘
2565,10:24:18,11.1,--,1,1110,买盘
2566,10:24:12,11.1,--,5,5550,买盘
2567,10:24:09,11.1,--,11,12210,买盘
2568,10:24:06,11.1,--,51,56610,买盘
2569,10:24:03,11.1,--,10,11100,买盘
2570,10:24:00,11.1,--,37,41070,卖盘
2571,10:23:54,11.1,--,19,21090,买盘
2572,10:23:48,11.1,--,10,11100,买盘
2573,10:23:42,11.1,--,33,36630,买盘
2574,10:23:39,11.1,--,174,193140,卖盘
2575,10:23:36,11.1,--,100,111000,卖盘
2576,10:23:33,11.1,--,1,1110,卖盘
2577,10:23:30,11.1,--,216,239760,卖盘
2578,10:23:27,11.1,-0.01,6,6660,卖盘
2579,10:23:24,11.11,0.01,36,39996,买盘
2580,10:23:21,11.1,-0.01,195,216450,卖盘
2581,10:23:15,11.11,--,6,6666,买盘
2582,10:23:12,11.11,0.01,11,12221,买盘
2583,10:23:09,11.1,-0.01,204,226440,卖盘
2584,10:23:03,11.11,0.01,215,238865,买盘
2585,10:23:00,11.1,--,193,214230,卖盘
2586,10:22:57,11.1,--,38,42180,买盘
2587,10:22:54,11.1,--,13,14430,卖盘
2588,10:22:51,11.1,-0.01,1,1110,卖盘
2589,10:22:48,11.11,0.01,66,73326,买盘
2590,10:22:45,11.1,0.01,28,31080,买盘
2591,10:22:42,11.09,-0.01,42,46578,卖盘
2592,10:22:39,11.1,--,326,361860,买盘
2593,10:22:36,11.1,0.01,9,9990,买盘
2594,10:22:33,11.09,-0.01,3,3327,卖盘
2595,10:22:30,11.1,0.01,3,3330,买盘
2596,10:22:27,11.09,-0.01,16,17744,卖盘
2597,10:22:21,11.1,--,44,48840,买盘
2598,10:22:18,11.1,0.01,1,1110,买盘
2599,10:22:15,11.09,-0.01,12,13308,卖盘
2600,10:22:12,11.1,--,11,12210,买盘
2601,10:22:09,11.1,--,1,1110,买盘
2602,10:22:06,11.1,0.01,130,144300,买盘
2603,10:22:03,11.09,--,101,112009,卖盘
2604,10:21:57,11.09,-0.01,25,27725,卖盘
2605,10:21:54,11.1,--,2,2220,买盘
2606,10:21:45,11.1,--,11,12210,买盘
2607,10:21:42,11.1,--,10,11100,买盘
2608,10:21:36,11.1,0.01,28,31080,买盘
2609,10:21:33,11.09,-0.01,3,3327,卖盘
2610,10:21:30,11.1,0.02,10,11100,买盘
2611,10:21:27,11.08,-0.01,1,1108,卖盘
2612,10:21:24,11.09,-0.01,1,1109,中性盘
2613,10:21:18,11.1,0.01,38,42180,买盘
2614,10:21:15,11.09,--,12,13308,买盘
2615,10:21:12,11.09,--,1,1109,买盘
2616,10:21:09,11.09,--,1,1109,买盘
2617,10:21:06,11.09,-0.01,102,113118,卖盘
2618,10:21:03,11.1,0.02,3,3330,买盘
2619,10:21:00,11.08,-0.01,30,33240,卖盘
2620,10:20:54,11.09,--,1,1109,买盘
2621,10:20:51,11.09,0.01,12,13308,买盘
2622,10:20:48,11.08,-0.01,32,35456,卖盘
2623,10:20:45,11.09,0.01,11,12199,买盘
2624,10:20:42,11.08,-0.01,24,26592,卖盘
2625,10:20:39,11.09,--,2,2218,买盘
2626,10:20:36,11.09,0.01,20,22180,买盘
2627,10:20:33,11.08,--,22,24376,卖盘
2628,10:20:24,11.08,--,21,23268,卖盘
2629,10:20:21,11.08,-0.01,7,7756,卖盘
2630,10:20:18,11.09,--,10,11090,买盘
2631,10:20:15,11.09,--,11,12199,买盘
2632,10:20:12,11.09,0.01,11,12199,买盘
2633,10:20:09,11.08,--,3,3324,卖盘
2634,10:20:06,11.08,-0.02,59,65372,卖盘
2635,10:20:03,11.1,0.01,72,79920,买盘
2636,10:19:57,11.09,--,21,23289,买盘
2637,10:19:54,11.09,0.01,12,13308,买盘
2638,10:19:51,11.08,-0.01,38,42104,卖盘
2639,10:19:42,11.09,0.01,10,11090,买盘
2640,10:19:39,11.08,--,30,33240,卖盘
2641,10:19:33,11.08,-0.01,3,3324,卖盘
2642,10:19:27,11.09,--,11,12199,买盘
2643,10:19:24,11.09,--,1,1109,买盘
2644,10:19:12,11.09,--,83,92047,卖盘
2645,10:19:06,11.09,--,72,79848,卖盘
2646,10:19:03,11.09,-0.01,3,3327,卖盘
2647,10:18:57,11.1,--,10,11100,买盘
2648,10:18:54,11.1,--,60,66600,买盘
2649,10:18:51,11.1,--,34,37740,买盘
2650,10:18:48,11.1,--,1,1110,买盘
2651,10:18:42,11.1,-0.01,34,37740,买盘
2652,10:18:39,11.11,--,9,9999,买盘
2653,10:18:36,11.11,--,12,13332,买盘
2654,10:18:33,11.11,0.01,37,41107,买盘
2655,10:18:27,11.1,--,43,47730,买盘
2656,10:18:24,11.1,--,1,1110,买盘
2657,10:18:21,11.1,0.01,10,11100,买盘
2658,10:18:15,11.09,-0.01,11,12199,卖盘
2659,10:18:06,11.1,0.01,11,12210,买盘
2660,10:18:03,11.09,-0.01,12,13308,卖盘
2661,10:17:54,11.1,--,1,1110,买盘
2662,10:17:51,11.1,0.02,27,29970,买盘
2663,10:17:45,11.08,--,4,4432,卖盘
2664,10:17:42,11.08,-0.02,47,52076,卖盘
2665,10:17:39,11.1,0.01,177,196470,买盘
2666,10:17:36,11.09,0.01,16,17744,买盘
2667,10:17:33,11.08,--,23,25484,卖盘
2668,10:17:30,11.08,--,6,6648,卖盘
2669,10:17:27,11.08,-0.01,18,19944,卖盘
2670,10:17:24,11.09,0.01,12,13308,买盘
2671,10:17:21,11.08,-0.01,20,22160,卖盘
2672,10:17:15,11.09,0.01,15,16635,买盘
2673,10:17:06,11.08,-0.01,1,1108,卖盘
2674,10:17:03,11.09,--,10,11090,买盘
2675,10:17:00,11.09,--,10,11090,买盘
2676,10:16:57,11.09,--,49,54341,买盘
2677,10:16:54,11.09,--,430,476870,卖盘
2678,10:16:51,11.09,-0.01,10,11090,卖盘
2679,10:16:45,11.1,0.01,11,12210,买盘
2680,10:16:42,11.09,-0.01,110,121990,卖盘
2681,10:16:39,11.1,0.01,15,16650,买盘
2682,10:16:36,11.09,-0.01,5,5545,卖盘
2683,10:16:33,11.1,--,343,380730,买盘
2684,10:16:24,11.1,--,10,11100,买盘
2685,10:16:09,11.1,--,23,25530,买盘
2686,10:16:06,11.1,--,5,5550,买盘
2687,10:16:03,11.1,--,12,13320,买盘
2688,10:15:57,11.1,--,10,11100,买盘
2689,10:15:51,11.1,--,17,18870,买盘
2690,10:15:48,11.1,0.01,24,26640,买盘
2691,10:15:39,11.09,-0.02,11,12199,卖盘
2692,10:15:36,11.11,--,71,78881,买盘
2693,10:15:33,11.11,--,12,13332,买盘
2694,10:15:30,11.11,0.01,612,679932,买盘
2695,10:15:18,11.1,--,10,11100,买盘
2696,10:15:15,11.1,--,6,6660,买盘
2697,10:15:12,11.1,--,17,18870,买盘
2698,10:15:09,11.1,--,43,47730,买盘
2699,10:15:06,11.1,--,1,1110,买盘
2700,10:15:03,11.1,--,14,15540,买盘
2701,10:15:00,11.1,0.01,10,11100,买盘
2702,10:14:48,11.09,-0.01,23,25507,卖盘
2703,10:14:45,11.1,--,260,288600,买盘
2704,10:14:42,11.1,0.01,23,25530,买盘
2705,10:14:36,11.09,-0.01,1,1109,卖盘
2706,10:14:33,11.1,--,4,4440,买盘
2707,10:14:30,11.1,0.01,11,12210,买盘
2708,10:14:18,11.09,--,1,1109,卖盘
2709,10:14:15,11.09,-0.01,23,25507,卖盘
2710,10:14:03,11.1,0.01,5,5550,买盘
2711,10:14:00,11.09,-0.01,3,3327,卖盘
2712,10:13:54,11.1,--,11,12210,买盘
2713,10:13:51,11.1,0.01,58,64380,买盘
2714,10:13:48,11.09,-0.01,4,4436,卖盘
2715,10:13:36,11.1,--,5,5550,买盘
2716,10:13:33,11.1,0.01,3,3330,买盘
2717,10:13:30,11.09,-0.01,1,1109,卖盘
2718,10:13:27,11.1,--,10,11100,买盘
2719,10:13:24,11.1,--,6,6660,买盘
2720,10:13:21,11.1,--,17,18870,买盘
2721,10:13:15,11.1,--,10,11100,买盘
2722,10:13:06,11.1,--,1,1110,买盘
2723,10:13:03,11.1,0.01,3,3330,买盘
2724,10:13:00,11.09,--,1,1109,卖盘
2725,10:12:54,11.09,--,4,4436,卖盘
2726,10:12:51,11.09,-0.01,27,29943,卖盘
2727,10:12:48,11.1,--,7,7914,卖盘
2728,10:12:45,11.1,-0.01,2,2220,卖盘
2729,10:12:42,11.11,0.01,32,35552,买盘
2730,10:12:39,11.1,--,297,330635,买盘
2731,10:12:36,11.1,--,12,13320,买盘
2732,10:12:33,11.1,0.01,50,55500,买盘
2733,10:12:30,11.09,--,1,1109,卖盘
2734,10:12:27,11.09,-0.01,34,37706,卖盘
2735,10:12:24,11.1,--,9,9990,买盘
2736,10:12:12,11.1,--,10,11100,买盘
2737,10:12:06,11.1,--,1,1110,买盘
2738,10:12:03,11.1,0.01,11,12210,买盘
2739,10:12:00,11.09,--,1,1109,卖盘
2740,10:11:57,11.09,-0.01,7,7763,卖盘
2741,10:11:51,11.1,0.01,18,19980,买盘
2742,10:11:45,11.09,-0.01,9,9981,卖盘
2743,10:11:42,11.1,--,55,61050,买盘
2744,10:11:36,11.1,0.01,3,3330,买盘
2745,10:11:33,11.09,--,2,2218,卖盘
2746,10:11:30,11.09,-0.01,12,13308,卖盘
2747,10:11:21,11.1,--,4,4440,买盘
2748,10:11:18,11.1,--,3,3330,买盘
2749,10:11:03,11.1,0.01,2,2220,买盘
2750,10:11:00,11.09,--,23,25507,卖盘
2751,10:10:48,11.09,--,2,2218,卖盘
2752,10:10:45,11.09,-0.01,13,14417,卖盘
2753,10:10:42,11.1,0.01,29,32190,买盘
2754,10:10:36,11.09,--,7,7763,卖盘
2755,10:10:33,11.09,--,5,5545,卖盘
2756,10:10:30,11.09,--,1,1109,卖盘
2757,10:10:21,11.09,-0.01,30,33270,卖盘
2758,10:10:18,11.1,--,18,19980,买盘
2759,10:10:15,11.1,0.01,103,114330,买盘
2760,10:10:12,11.09,-0.01,3,3327,卖盘
2761,10:10:06,11.1,--,53,58830,买盘
2762,10:10:03,11.1,0.01,4,4440,买盘
2763,10:10:00,11.09,--,58,64322,卖盘
2764,10:09:51,11.09,--,1,1109,卖盘
2765,10:09:48,11.09,-0.01,6,6654,卖盘
2766,10:09:33,11.1,0.01,1,1110,买盘
2767,10:09:30,11.09,--,1,1109,卖盘
2768,10:09:27,11.09,--,6,6654,卖盘
2769,10:09:24,11.09,-0.01,100,110900,卖盘
2770,10:09:09,11.1,0.01,10,11100,买盘
2771,10:09:06,11.09,--,4,4436,卖盘
2772,10:09:00,11.09,-0.01,2,2218,卖盘
2773,10:08:57,11.1,--,26,28860,买盘
2774,10:08:42,11.1,0.01,23,25530,买盘
2775,10:08:39,11.09,--,38,42142,卖盘
2776,10:08:30,11.09,--,14,15526,卖盘
2777,10:08:24,11.09,-0.01,4,4436,卖盘
2778,10:08:21,11.1,--,2,2220,买盘
2779,10:08:18,11.1,--,22,24420,买盘
2780,10:08:12,11.1,--,105,116550,买盘
2781,10:08:03,11.1,0.01,2,2220,买盘
2782,10:08:00,11.09,-0.01,1,1109,卖盘
2783,10:07:54,11.1,0.01,30,33300,买盘
2784,10:07:48,11.09,-0.01,67,74303,卖盘
2785,10:07:45,11.1,--,2,2220,买盘
2786,10:07:42,11.1,--,11,12210,买盘
2787,10:07:39,11.1,0.01,11,12210,买盘
2788,10:07:30,11.09,-0.01,1,1109,卖盘
2789,10:07:27,11.1,0.01,6,6660,买盘
2790,10:07:24,11.09,-0.01,18,19962,卖盘
2791,10:07:12,11.1,--,7,7770,买盘
2792,10:07:09,11.1,0.01,20,22200,买盘
2793,10:07:06,11.09,-0.01,1,1109,卖盘
2794,10:07:03,11.1,--,4,4440,买盘
2795,10:07:00,11.1,0.01,88,97680,买盘
2796,10:06:45,11.09,--,10,11090,卖盘
2797,10:06:42,11.09,--,17,18853,卖盘
2798,10:06:39,11.09,-0.01,10,11090,卖盘
2799,10:06:33,11.1,0.01,4,4440,买盘
2800,10:06:30,11.09,--,1,1109,卖盘
2801,10:06:21,11.09,--,136,150824,卖盘
2802,10:06:15,11.09,-0.01,106,117554,卖盘
2803,10:06:09,11.1,--,10,11100,买盘
2804,10:06:06,11.1,--,11,12210,买盘
2805,10:06:03,11.1,--,16,17904,卖盘
2806,10:06:00,11.1,--,33,37595,买盘
2807,10:05:57,11.1,--,105,116550,买盘
2808,10:05:51,11.1,--,140,155400,买盘
2809,10:05:48,11.1,--,49,54534,卖盘
2810,10:05:42,11.1,--,10,11100,卖盘
2811,10:05:36,11.1,0.01,31,35375,买盘
2812,10:05:30,11.09,-0.01,36,39924,卖盘
2813,10:05:27,11.1,--,2,2220,买盘
2814,10:05:24,11.1,--,51,56610,买盘
2815,10:05:15,11.1,0.01,1,1110,买盘
2816,10:05:12,11.09,-0.01,1,1109,卖盘
2817,10:05:09,11.1,0.01,57,63270,买盘
2818,10:05:06,11.09,-0.01,20,22180,卖盘
2819,10:05:03,11.1,0.01,1,1110,买盘
2820,10:05:00,11.09,--,60,66540,买盘
2821,10:04:57,11.09,--,14,15526,买盘
2822,10:04:54,11.09,-0.01,30,33270,卖盘
2823,10:04:51,11.1,--,106,117660,买盘
2824,10:04:48,11.1,--,34,37740,买盘
2825,10:04:45,11.1,--,10,11100,买盘
2826,10:04:39,11.1,--,18,19980,买盘
2827,10:04:36,11.1,--,34,37740,买盘
2828,10:04:33,11.1,0.01,41,45510,买盘
2829,10:04:30,11.09,-0.01,11,12199,卖盘
2830,10:04:24,11.1,0.01,2,2220,买盘
2831,10:04:21,11.09,0.01,47,52123,买盘
2832,10:04:18,11.08,--,13,14404,卖盘
2833,10:04:15,11.08,--,60,66480,买盘
2834,10:04:12,11.08,--,7,7756,中性盘
2835,10:04:03,11.08,--,51,56508,卖盘
2836,10:04:00,11.08,--,51,56508,卖盘
2837,10:03:54,11.08,-0.01,10,11080,卖盘
2838,10:03:51,11.09,0.01,6,6654,买盘
2839,10:03:48,11.08,--,6,6648,卖盘
2840,10:03:30,11.08,--,1,1108,卖盘
2841,10:03:24,11.08,--,100,110800,卖盘
