,time,price,change,volume,amount,type
0,15:00:03,11.3,-0.01,1229,1388770,卖盘
1,14:57:00,11.31,--,9,10179,买盘
2,14:56:57,11.31,0.01,75,84825,买盘
3,14:56:54,11.3,--,19,21470,卖盘
4,14:56:51,11.3,-0.01,62,70060,卖盘
5,14:56:48,11.31,--,175,197925,买盘
6,14:56:45,11.31,0.01,32,36192,买盘
7,14:56:42,11.3,--,744,840720,卖盘
8,14:56:39,11.3,-0.01,18,20340,卖盘
9,14:56:36,11.31,0.01,52,58812,买盘
10,14:56:33,11.3,--,59,66670,卖盘
11,14:56:30,11.3,-0.01,151,170630,卖盘
12,14:56:27,11.31,0.01,122,137982,买盘
13,14:56:24,11.3,-0.01,39,44070,卖盘
14,14:56:21,11.31,--,151,170781,买盘
15,14:56:18,11.31,--,16,18096,买盘
16,14:56:15,11.31,0.01,359,406029,买盘
17,14:56:12,11.3,--,3,3390,卖盘
18,14:56:09,11.3,--,60,67800,卖盘
19,14:56:06,11.3,--,7,7910,卖盘
20,14:56:03,11.3,--,126,143148,卖盘
21,14:56:00,11.3,-0.01,57,64410,卖盘
22,14:55:57,11.31,0.01,50,56550,买盘
23,14:55:54,11.3,-0.01,71,80230,卖盘
24,14:55:51,11.31,0.01,18,20358,买盘
25,14:55:48,11.3,-0.01,46,51980,卖盘
26,14:55:45,11.31,--,23,26013,买盘
27,14:55:42,11.31,--,7,7917,买盘
28,14:55:39,11.31,0.01,5,5655,买盘
29,14:55:36,11.3,-0.01,50,56500,卖盘
30,14:55:33,11.31,--,7,7917,买盘
31,14:55:30,11.31,0.01,715,808665,买盘
32,14:55:27,11.3,-0.01,119,134470,卖盘
33,14:55:24,11.31,--,46,52026,买盘
34,14:55:21,11.31,0.01,33,37323,买盘
35,14:55:18,11.3,--,20,22600,卖盘
36,14:55:15,11.3,-0.01,11,12430,卖盘
37,14:55:12,11.31,--,100,113100,买盘
38,14:55:09,11.31,--,60,67860,买盘
39,14:55:06,11.31,--,13,15607,卖盘
40,14:55:03,11.31,--,53,60169,卖盘
41,14:55:00,11.31,0.01,65,73515,卖盘
42,14:54:57,11.3,-0.01,49,55370,卖盘
43,14:54:54,11.31,--,57,64467,卖盘
44,14:54:51,11.31,--,198,223938,买盘
45,14:54:48,11.31,--,69,78039,买盘
46,14:54:45,11.31,--,62,70122,买盘
47,14:54:42,11.31,0.01,5,5655,买盘
48,14:54:39,11.3,--,9,10170,卖盘
49,14:54:36,11.3,-0.01,24,27120,卖盘
50,14:54:33,11.31,--,60,67860,买盘
51,14:54:30,11.31,--,16,18096,买盘
52,14:54:27,11.31,--,28,31668,买盘
53,14:54:24,11.31,--,5,5655,买盘
54,14:54:21,11.31,0.01,12,13572,买盘
55,14:54:18,11.3,-0.01,20,22600,卖盘
56,14:54:15,11.31,--,61,68991,买盘
57,14:54:12,11.31,0.01,80,90480,买盘
58,14:54:09,11.3,--,4,4520,卖盘
59,14:54:06,11.3,-0.01,92,103960,卖盘
60,14:54:03,11.31,--,128,144768,买盘
61,14:54:00,11.31,--,28,31668,买盘
62,14:53:57,11.31,0.01,90,101790,卖盘
63,14:53:54,11.3,--,591,667830,卖盘
64,14:53:51,11.3,--,10,11300,卖盘
65,14:53:48,11.3,-0.01,51,57630,卖盘
66,14:53:45,11.31,0.01,23,26013,买盘
67,14:53:42,11.3,-0.01,129,145770,卖盘
68,14:53:39,11.31,0.01,72,81432,买盘
69,14:53:33,11.3,--,87,98310,卖盘
70,14:53:30,11.3,-0.01,74,83620,卖盘
71,14:53:27,11.31,0.01,53,59943,买盘
72,14:53:24,11.3,--,39,44070,卖盘
73,14:53:21,11.3,-0.01,22,24860,卖盘
74,14:53:18,11.31,--,59,66729,买盘
75,14:53:15,11.31,--,21,23751,买盘
76,14:53:12,11.31,--,52,58812,买盘
77,14:53:09,11.31,0.01,9,10179,买盘
78,14:53:06,11.3,-0.01,5,5650,卖盘
79,14:53:03,11.31,--,42,47502,卖盘
80,14:53:00,11.31,--,4,4524,卖盘
81,14:52:57,11.31,--,45,50895,卖盘
82,14:52:54,11.31,-0.01,20,22620,卖盘
83,14:52:48,11.32,--,1,1132,买盘
84,14:52:45,11.32,0.02,34,38488,买盘
85,14:52:42,11.3,-0.01,17,19210,卖盘
86,14:52:39,11.31,-0.01,77,87087,卖盘
87,14:52:36,11.32,0.01,71,80372,买盘
88,14:52:33,11.31,-0.01,123,139113,卖盘
89,14:52:30,11.32,--,23,26036,买盘
90,14:52:27,11.32,0.01,2,2264,买盘
91,14:52:24,11.31,0.01,112,126672,买盘
92,14:52:21,11.3,-0.01,2,2260,卖盘
93,14:52:18,11.31,0.01,22,24882,中性盘
94,14:52:15,11.3,-0.02,209,236170,卖盘
95,14:52:12,11.32,0.01,100,113200,买盘
96,14:52:09,11.31,--,13,14703,卖盘
97,14:52:06,11.31,--,344,389064,卖盘
98,14:52:03,11.31,--,78,88218,卖盘
99,14:52:00,11.31,0.01,33,37323,买盘
100,14:51:57,11.3,-0.02,78,88140,卖盘
101,14:51:54,11.32,0.01,656,742592,买盘
102,14:51:51,11.31,--,13,14703,买盘
103,14:51:48,11.31,--,125,141375,买盘
104,14:51:42,11.31,--,20,22620,买盘
105,14:51:39,11.31,--,67,75777,买盘
106,14:51:36,11.31,--,416,470496,买盘
107,14:51:33,11.31,--,71,80301,买盘
108,14:51:30,11.31,--,127,143637,买盘
109,14:51:27,11.31,--,31,35061,买盘
110,14:51:24,11.31,0.01,12,13572,买盘
111,14:51:21,11.3,--,136,153680,卖盘
112,14:51:18,11.3,--,61,68930,卖盘
113,14:51:15,11.3,-0.02,16,18080,卖盘
114,14:51:12,11.32,0.01,553,625996,买盘
115,14:51:09,11.31,--,22,24882,卖盘
116,14:51:06,11.31,--,73,82563,卖盘
117,14:51:03,11.31,-0.01,103,116493,卖盘
118,14:51:00,11.32,--,71,80372,买盘
119,14:50:57,11.32,--,14,15848,买盘
120,14:50:54,11.32,--,7,7924,买盘
121,14:50:51,11.32,--,208,235456,买盘
122,14:50:48,11.32,--,30,33960,买盘
123,14:50:45,11.32,--,29,32828,买盘
124,14:50:42,11.32,0.01,9,10188,买盘
125,14:50:39,11.31,-0.01,9,10179,卖盘
126,14:50:36,11.32,--,24,27168,买盘
127,14:50:33,11.32,--,68,76976,买盘
128,14:50:30,11.32,--,55,62260,卖盘
129,14:50:27,11.32,--,55,62260,卖盘
130,14:50:24,11.32,--,34,38488,卖盘
131,14:50:21,11.32,--,362,409784,买盘
132,14:50:18,11.32,0.01,2,2264,买盘
133,14:50:15,11.31,--,64,72384,卖盘
134,14:50:12,11.31,--,6,6786,卖盘
135,14:50:09,11.31,-0.01,38,43882,卖盘
136,14:50:06,11.32,0.01,21,23772,买盘
137,14:50:03,11.31,-0.01,50,56550,卖盘
138,14:50:00,11.32,0.01,3,3396,买盘
139,14:49:57,11.31,-0.01,8,9048,卖盘
140,14:49:54,11.32,0.01,12,13584,买盘
141,14:49:51,11.31,--,31,35061,卖盘
142,14:49:48,11.31,--,22,24882,卖盘
143,14:49:45,11.31,-0.01,38,42978,卖盘
144,14:49:42,11.32,--,18,20376,买盘
145,14:49:39,11.32,-0.01,59,66788,卖盘
146,14:49:36,11.33,0.01,19,21527,买盘
147,14:49:33,11.32,--,70,79240,卖盘
148,14:49:30,11.32,--,12,13584,卖盘
149,14:49:27,11.32,--,87,98484,卖盘
150,14:49:21,11.32,--,173,195836,卖盘
151,14:49:18,11.32,-0.01,38,43016,卖盘
152,14:49:15,11.33,0.01,4,4532,买盘
153,14:49:09,11.32,--,8,9056,卖盘
154,14:49:06,11.32,--,16,18112,卖盘
155,14:49:03,11.32,--,87,98484,卖盘
156,14:48:51,11.32,--,54,61128,卖盘
157,14:48:48,11.32,--,370,418840,买盘
158,14:48:42,11.32,0.01,15,16980,买盘
159,14:48:39,11.31,-0.01,24,27144,卖盘
160,14:48:36,11.32,--,50,56600,买盘
161,14:48:33,11.32,--,56,63392,买盘
162,14:48:30,11.32,--,15,16980,买盘
163,14:48:27,11.32,--,56,63392,买盘
164,14:48:24,11.32,0.01,12,13584,买盘
165,14:48:21,11.31,-0.01,36,40716,卖盘
166,14:48:18,11.32,0.01,102,115464,买盘
167,14:48:15,11.31,--,10,11310,卖盘
168,14:48:12,11.31,--,44,49764,卖盘
169,14:48:09,11.31,--,7,7917,卖盘
170,14:48:06,11.31,-0.01,24,27144,卖盘
171,14:48:03,11.32,--,50,56600,卖盘
172,14:47:57,11.32,--,9,10188,卖盘
173,14:47:54,11.32,-0.01,9,10188,卖盘
174,14:47:51,11.33,--,44,49852,买盘
175,14:47:48,11.33,--,5,5665,买盘
176,14:47:42,11.33,0.02,11,12463,买盘
177,14:47:39,11.31,-0.01,20,22620,卖盘
178,14:47:36,11.32,0.01,116,131312,买盘
179,14:47:33,11.31,-0.01,265,299715,卖盘
180,14:47:30,11.32,-0.01,2,2264,中性盘
181,14:47:27,11.33,0.02,5,5665,买盘
182,14:47:24,11.31,--,1,1131,卖盘
183,14:47:21,11.31,--,41,46371,卖盘
184,14:47:18,11.31,--,28,31668,卖盘
185,14:47:15,11.31,--,29,32799,卖盘
186,14:47:09,11.31,-0.02,13,14703,卖盘
187,14:47:06,11.33,--,494,559702,买盘
188,14:47:03,11.33,--,61,69113,买盘
189,14:47:00,11.33,0.01,20,22660,买盘
190,14:46:57,11.32,--,422,477704,卖盘
191,14:46:54,11.32,-0.01,53,59996,卖盘
192,14:46:51,11.33,--,13,14729,买盘
193,14:46:48,11.33,--,6,6798,买盘
194,14:46:45,11.33,--,56,63448,买盘
195,14:46:42,11.33,--,9,10197,买盘
196,14:46:39,11.33,--,10,11330,买盘
197,14:46:36,11.33,--,39,44187,卖盘
198,14:46:33,11.33,-0.01,50,56650,卖盘
199,14:46:30,11.34,--,10,11340,买盘
200,14:46:21,11.34,0.01,122,138348,买盘
201,14:46:18,11.33,--,7,7931,卖盘
202,14:46:15,11.33,-0.01,145,164285,卖盘
203,14:46:12,11.34,0.01,1,1134,买盘
204,14:46:09,11.33,--,45,50985,卖盘
205,14:46:06,11.33,--,82,92906,买盘
206,14:46:03,11.33,--,11,12463,卖盘
207,14:46:00,11.33,--,9,10197,买盘
208,14:45:57,11.33,-0.01,34,38522,卖盘
209,14:45:54,11.34,0.01,1,1134,买盘
210,14:45:51,11.33,--,37,41921,卖盘
211,14:45:48,11.33,--,6,6798,卖盘
212,14:45:45,11.33,-0.01,49,55517,卖盘
213,14:45:42,11.34,0.01,19,21546,买盘
214,14:45:39,11.33,0.01,53,60049,买盘
215,14:45:36,11.32,-0.01,1,1132,卖盘
216,14:45:33,11.33,--,30,33990,卖盘
217,14:45:30,11.33,--,132,149556,买盘
218,14:45:24,11.33,--,14,15862,买盘
219,14:45:18,11.33,--,10,11330,买盘
220,14:45:15,11.33,--,34,38522,买盘
221,14:45:12,11.33,--,48,54384,卖盘
222,14:45:09,11.33,--,35,39655,买盘
223,14:45:03,11.33,-0.01,236,267388,卖盘
224,14:45:00,11.34,0.01,26,29484,买盘
225,14:44:57,11.33,--,97,109901,卖盘
226,14:44:54,11.33,--,24,27192,卖盘
227,14:44:51,11.33,--,6,6798,卖盘
228,14:44:48,11.33,--,4,4532,卖盘
229,14:44:45,11.33,-0.01,48,54384,卖盘
230,14:44:42,11.34,0.01,371,420714,买盘
231,14:44:39,11.33,0.01,6,6798,买盘
232,14:44:36,11.32,-0.01,2,2264,卖盘
233,14:44:33,11.33,0.01,74,83842,买盘
234,14:44:30,11.32,--,27,30564,卖盘
235,14:44:27,11.32,-0.01,6,6792,卖盘
236,14:44:24,11.33,--,4,4532,买盘
237,14:44:21,11.33,--,6,6798,买盘
238,14:44:18,11.33,--,85,96305,买盘
239,14:44:15,11.33,--,1,1133,买盘
240,14:44:12,11.33,0.01,11,12463,买盘
241,14:44:09,11.32,-0.01,76,86032,卖盘
242,14:44:06,11.33,--,10,11330,买盘
243,14:44:03,11.33,-0.01,104,117832,卖盘
244,14:44:00,11.34,0.01,7,7938,买盘
245,14:43:57,11.33,--,4,4532,卖盘
246,14:43:54,11.33,--,2,2266,卖盘
247,14:43:51,11.33,0.01,11,12463,买盘
248,14:43:48,11.32,--,50,56600,卖盘
249,14:43:45,11.32,-0.02,102,115464,卖盘
250,14:43:42,11.34,--,11,12474,买盘
251,14:43:36,11.34,0.01,55,62370,买盘
252,14:43:33,11.33,--,50,56650,卖盘
253,14:43:27,11.33,--,115,130295,卖盘
254,14:43:24,11.33,-0.01,36,40788,卖盘
255,14:43:21,11.34,0.01,117,132678,买盘
256,14:43:18,11.33,-0.01,47,53251,卖盘
257,14:43:15,11.34,0.01,12,13608,买盘
258,14:43:12,11.33,--,90,101970,卖盘
259,14:43:06,11.33,--,25,28325,卖盘
260,14:43:03,11.33,--,133,150689,卖盘
261,14:43:00,11.33,--,52,58916,买盘
262,14:42:57,11.33,-0.01,63,71379,卖盘
263,14:42:45,11.34,--,1,1134,买盘
264,14:42:39,11.34,0.02,28,31752,买盘
265,14:42:33,11.32,-0.01,81,91692,卖盘
266,14:42:30,11.33,--,7,7931,买盘
267,14:42:27,11.33,--,40,45320,买盘
268,14:42:24,11.33,-0.01,2,2266,买盘
269,14:42:18,11.34,0.01,166,188244,买盘
270,14:42:15,11.33,--,8,9064,卖盘
271,14:42:12,11.33,0.01,152,172216,买盘
272,14:42:09,11.32,-0.01,68,76976,卖盘
273,14:42:06,11.33,--,2,2266,买盘
274,14:42:03,11.33,-0.01,43,48719,卖盘
275,14:42:00,11.34,0.02,1,1134,买盘
276,14:41:51,11.32,-0.01,46,52072,卖盘
277,14:41:48,11.33,-0.01,2,2266,卖盘
278,14:41:45,11.34,--,36,40824,卖盘
279,14:41:42,11.34,--,8,9072,卖盘
280,14:41:39,11.34,-0.01,1,1134,中性盘
281,14:41:36,11.35,0.01,100,113500,买盘
282,14:41:33,11.34,--,36,40824,卖盘
283,14:41:30,11.34,-0.01,30,34020,中性盘
284,14:41:27,11.35,0.01,183,207705,买盘
285,14:41:24,11.34,--,102,115668,买盘
286,14:41:18,11.34,--,30,34020,买盘
287,14:41:15,11.34,--,10,11340,买盘
288,14:41:12,11.34,--,71,80514,买盘
289,14:41:09,11.34,--,43,48762,买盘
290,14:41:06,11.34,0.01,13,14742,买盘
291,14:41:03,11.33,--,50,56650,卖盘
292,14:41:00,11.33,--,101,114433,卖盘
293,14:40:57,11.33,--,93,105369,卖盘
294,14:40:54,11.33,-0.01,4,4532,卖盘
295,14:40:51,11.34,--,2,2268,买盘
296,14:40:48,11.34,0.01,15,17010,买盘
297,14:40:42,11.33,-0.01,76,86108,卖盘
298,14:40:39,11.34,0.01,4,4536,买盘
299,14:40:36,11.33,--,50,56650,卖盘
300,14:40:33,11.33,--,56,63448,卖盘
301,14:40:30,11.33,-0.02,94,106502,卖盘
302,14:40:24,11.35,0.01,200,227000,买盘
303,14:40:21,11.34,--,81,91854,卖盘
304,14:40:18,11.34,-0.01,222,251748,中性盘
305,14:40:12,11.35,--,13,14755,买盘
306,14:40:09,11.35,0.02,59,66965,买盘
307,14:40:06,11.33,--,6,6798,卖盘
308,14:40:03,11.33,--,50,56650,卖盘
309,14:40:00,11.33,-0.02,58,65714,卖盘
310,14:39:57,11.35,0.01,2,2270,买盘
311,14:39:54,11.34,--,18,20412,卖盘
312,14:39:51,11.34,--,34,38556,卖盘
313,14:39:48,11.34,--,10,11340,卖盘
314,14:39:45,11.34,--,28,31752,卖盘
315,14:39:42,11.34,--,20,22680,卖盘
316,14:39:39,11.34,--,606,687204,买盘
317,14:39:36,11.34,0.01,11,12474,买盘
318,14:39:33,11.33,-0.01,50,56650,卖盘
319,14:39:30,11.34,0.01,8,9072,买盘
320,14:39:27,11.33,--,18,20394,卖盘
321,14:39:24,11.33,--,45,50985,卖盘
322,14:39:18,11.33,-0.01,16,18128,卖盘
323,14:39:15,11.34,--,2,2268,买盘
324,14:39:12,11.34,0.01,19,21546,买盘
325,14:39:09,11.33,0.01,6,6798,买盘
326,14:39:03,11.32,-0.01,51,57732,卖盘
327,14:39:00,11.33,--,80,90640,买盘
328,14:38:57,11.33,--,15,16995,买盘
329,14:38:54,11.33,--,19,21527,买盘
330,14:38:51,11.33,--,2,2266,买盘
331,14:38:48,11.33,--,35,39655,买盘
332,14:38:45,11.33,--,49,55517,买盘
333,14:38:42,11.33,--,36,40788,买盘
334,14:38:39,11.33,0.01,2,2266,买盘
335,14:38:36,11.32,-0.01,46,52072,卖盘
336,14:38:33,11.33,--,48,54384,卖盘
337,14:38:30,11.33,--,16,18128,卖盘
338,14:38:27,11.33,--,6,6798,卖盘
339,14:38:21,11.33,-0.01,2,2266,卖盘
340,14:38:18,11.34,--,132,149688,买盘
341,14:38:15,11.34,0.02,112,127008,买盘
342,14:38:12,11.32,-0.01,12,13584,卖盘
343,14:38:09,11.33,0.01,7,7931,买盘
344,14:38:06,11.32,--,10,11320,卖盘
345,14:38:03,11.32,-0.02,78,88296,卖盘
346,14:38:00,11.34,0.02,51,57834,买盘
347,14:37:57,11.32,-0.01,261,296233,卖盘
348,14:37:54,11.33,-0.01,13,14729,卖盘
349,14:37:48,11.34,--,10,11340,买盘
350,14:37:45,11.34,--,18,20412,买盘
351,14:37:42,11.34,0.01,25,28350,买盘
352,14:37:39,11.33,--,80,90640,卖盘
353,14:37:36,11.33,--,144,163152,卖盘
354,14:37:33,11.33,--,50,56650,卖盘
355,14:37:30,11.33,0.01,17,19261,买盘
356,14:37:27,11.32,-0.01,83,93956,卖盘
357,14:37:24,11.33,0.01,70,80318,买盘
358,14:37:21,11.32,-0.01,8,9056,卖盘
359,14:37:18,11.33,--,24,27316,卖盘
360,14:37:15,11.33,--,50,57658,买盘
361,14:37:12,11.33,--,13,14729,买盘
362,14:37:09,11.33,--,100,113300,买盘
363,14:37:06,11.33,--,30,33990,买盘
364,14:37:03,11.33,--,123,139359,买盘
365,14:37:00,11.33,--,120,135960,买盘
366,14:36:54,11.33,0.01,41,46453,买盘
367,14:36:51,11.32,--,82,92824,卖盘
368,14:36:48,11.32,--,32,36224,买盘
369,14:36:45,11.32,--,6,6792,卖盘
370,14:36:42,11.32,0.01,2,2264,买盘
371,14:36:39,11.31,-0.01,20,22620,卖盘
372,14:36:36,11.32,--,2,2264,卖盘
373,14:36:33,11.32,0.01,120,135840,买盘
374,14:36:30,11.31,-0.01,47,53157,卖盘
375,14:36:27,11.32,--,73,82636,买盘
376,14:36:24,11.32,0.01,178,201496,买盘
377,14:36:21,11.31,--,28,31668,卖盘
378,14:36:15,11.31,--,153,173043,卖盘
379,14:36:12,11.31,--,18,20358,卖盘
380,14:36:09,11.31,--,38,42978,买盘
381,14:36:06,11.31,--,31,35061,卖盘
382,14:36:03,11.31,--,65,73515,买盘
383,14:36:00,11.31,--,79,89349,买盘
384,14:35:57,11.31,--,2,2262,买盘
385,14:35:54,11.31,--,78,88218,买盘
386,14:35:51,11.31,--,30,33930,买盘
387,14:35:48,11.31,--,8,9048,买盘
388,14:35:45,11.31,--,98,110838,买盘
389,14:35:42,11.31,--,30,33930,买盘
390,14:35:36,11.31,--,259,292929,买盘
391,14:35:33,11.31,--,71,80301,买盘
392,14:35:30,11.31,0.01,61,68991,买盘
393,14:35:27,11.3,--,113,127690,卖盘
394,14:35:24,11.3,--,14,15820,卖盘
395,14:35:21,11.3,-0.01,210,237300,卖盘
396,14:35:18,11.31,0.01,5,5655,买盘
397,14:35:12,11.3,--,36,40680,卖盘
398,14:35:09,11.3,--,4,4520,卖盘
399,14:35:06,11.3,--,2,2260,卖盘
400,14:35:03,11.3,--,53,59890,卖盘
401,14:35:00,11.3,-0.01,32,36160,卖盘
402,14:34:57,11.31,0.01,14,15834,买盘
403,14:34:54,11.3,--,61,68930,买盘
404,14:34:51,11.3,--,23,25990,买盘
405,14:34:48,11.3,-0.01,32,36160,买盘
406,14:34:45,11.31,0.01,110,124410,买盘
407,14:34:42,11.3,--,10,11300,买盘
408,14:34:39,11.3,0.01,16,18080,买盘
409,14:34:36,11.29,-0.01,33,37257,卖盘
410,14:34:33,11.3,--,51,57630,卖盘
411,14:34:30,11.3,-0.01,56,63280,卖盘
412,14:34:27,11.31,0.02,4,4524,买盘
413,14:34:18,11.29,-0.01,155,174995,卖盘
414,14:34:15,11.3,-0.01,20,22600,卖盘
415,14:34:12,11.31,0.01,15,16965,买盘
416,14:34:09,11.3,-0.01,13,14690,卖盘
417,14:34:06,11.31,0.01,15,16965,买盘
418,14:34:03,11.3,-0.01,60,67800,卖盘
419,14:34:00,11.31,--,55,62205,买盘
420,14:33:57,11.31,0.01,7,7917,买盘
421,14:33:54,11.3,--,72,81360,卖盘
422,14:33:51,11.3,-0.01,14,15820,卖盘
423,14:33:48,11.31,0.01,58,65598,买盘
424,14:33:45,11.3,-0.01,3,3390,卖盘
425,14:33:42,11.31,0.01,67,75777,买盘
426,14:33:39,11.3,-0.01,39,44070,卖盘
427,14:33:36,11.31,--,58,65598,买盘
428,14:33:33,11.31,--,64,72384,买盘
429,14:33:30,11.31,--,1,1131,买盘
430,14:33:24,11.31,--,6,6786,买盘
431,14:33:21,11.31,--,2,2262,买盘
432,14:33:18,11.31,--,1,1131,买盘
433,14:33:12,11.31,--,58,65598,买盘
434,14:33:09,11.31,--,85,96135,买盘
435,14:33:03,11.31,--,62,70122,买盘
436,14:32:57,11.31,0.01,1,1131,买盘
437,14:32:54,11.3,--,31,35030,卖盘
438,14:32:51,11.3,--,24,27120,卖盘
439,14:32:48,11.3,--,129,145770,买盘
440,14:32:42,11.3,--,4,4520,买盘
441,14:32:39,11.3,0.01,2,2260,买盘
442,14:32:33,11.29,--,56,63223,卖盘
443,14:32:30,11.29,-0.01,12,13547,卖盘
444,14:32:27,11.3,--,41,46330,买盘
445,14:32:24,11.3,--,50,56500,买盘
446,14:32:21,11.3,--,32,36160,买盘
447,14:32:15,11.3,--,11,12430,买盘
448,14:32:12,11.3,--,5,5650,买盘
449,14:32:06,11.3,--,11,12430,买盘
450,14:32:03,11.3,--,61,68930,买盘
451,14:32:00,11.3,--,1,1130,买盘
452,14:31:54,11.3,--,91,102830,买盘
453,14:31:51,11.3,--,27,30510,买盘
454,14:31:42,11.3,0.01,2,2260,买盘
455,14:31:36,11.29,-0.01,1,1129,卖盘
456,14:31:33,11.3,0.01,100,113000,买盘
457,14:31:27,11.29,-0.01,12,13547,卖盘
458,14:31:24,11.3,0.01,176,198880,买盘
459,14:31:21,11.29,0.01,81,91449,中性盘
460,14:31:18,11.28,--,48,54144,卖盘
461,14:31:15,11.28,-0.02,76,85728,卖盘
462,14:31:09,11.3,--,5,5650,买盘
463,14:31:06,11.3,0.01,9,10170,买盘
464,14:31:03,11.29,--,90,101609,卖盘
465,14:30:54,11.29,--,30,33870,卖盘
466,14:30:51,11.29,--,47,53062,买盘
467,14:30:45,11.29,--,3,3386,买盘
468,14:30:42,11.29,-0.01,7,7902,卖盘
469,14:30:39,11.3,0.01,1,1130,买盘
470,14:30:36,11.29,0.01,23,25966,买盘
471,14:30:33,11.28,-0.01,50,56400,卖盘
472,14:30:30,11.29,-0.01,42,47418,卖盘
473,14:30:27,11.3,0.01,87,98310,买盘
474,14:30:21,11.29,--,74,83546,卖盘
475,14:30:18,11.29,--,20,22580,卖盘
476,14:30:15,11.29,-0.01,30,33870,卖盘
477,14:30:12,11.3,0.01,12,13560,买盘
478,14:30:09,11.29,--,39,44031,卖盘
479,14:30:06,11.29,--,2,2258,卖盘
480,14:30:03,11.29,--,61,68869,卖盘
481,14:30:00,11.29,--,12,13547,卖盘
482,14:29:57,11.29,--,13,14676,卖盘
483,14:29:54,11.29,-0.01,49,55320,卖盘
484,14:29:51,11.3,--,11,12430,买盘
485,14:29:48,11.3,--,1,1130,买盘
486,14:29:33,11.3,0.01,57,64410,买盘
487,14:29:30,11.29,-0.01,82,92578,卖盘
488,14:29:24,11.3,--,1,1130,买盘
489,14:29:21,11.3,--,158,178540,买盘
490,14:29:12,11.3,0.02,2,2260,买盘
491,14:29:09,11.28,-0.01,48,54144,卖盘
492,14:29:06,11.29,--,3,3386,卖盘
493,14:29:03,11.29,--,51,57578,卖盘
494,14:29:00,11.29,--,12,14270,买盘
495,14:28:57,11.29,--,49,55320,买盘
496,14:28:54,11.29,--,26,29353,买盘
497,14:28:51,11.29,0.01,101,114028,买盘
498,14:28:48,11.28,-0.01,11,12408,卖盘
499,14:28:45,11.29,0.01,245,276605,买盘
500,14:28:39,11.28,-0.01,64,72192,卖盘
501,14:28:33,11.29,--,61,68869,买盘
502,14:28:30,11.29,--,5,5645,买盘
503,14:28:27,11.29,--,202,228057,买盘
504,14:28:24,11.29,--,21,23709,买盘
505,14:28:21,11.29,--,148,167498,卖盘
506,14:28:18,11.29,-0.01,40,45160,卖盘
507,14:28:15,11.3,--,2,2260,买盘
508,14:28:12,11.3,--,10,11300,买盘
509,14:28:09,11.3,--,240,271200,买盘
510,14:28:06,11.3,0.01,12,13560,买盘
511,14:28:03,11.29,--,80,90320,卖盘
512,14:27:57,11.29,--,3,3386,卖盘
513,14:27:54,11.29,0.01,2,2980,买盘
514,14:27:51,11.28,-0.01,69,78238,卖盘
515,14:27:48,11.29,--,20,23302,买盘
516,14:27:45,11.29,--,20,22580,买盘
517,14:27:42,11.29,--,48,54191,买盘
518,14:27:36,11.29,0.01,31,34999,买盘
519,14:27:33,11.28,-0.01,57,64295,卖盘
520,14:27:30,11.29,--,53,59836,买盘
521,14:27:27,11.29,--,23,25966,买盘
522,14:27:24,11.29,0.01,17,19193,买盘
523,14:27:18,11.28,-0.01,226,254928,卖盘
524,14:27:15,11.29,0.01,20,22580,买盘
525,14:27:12,11.28,--,21,23688,卖盘
526,14:27:09,11.28,-0.01,76,85728,卖盘
527,14:27:06,11.29,0.01,66,74514,买盘
528,14:27:03,11.28,-0.01,91,102648,卖盘
529,14:27:00,11.29,0.01,7,7902,买盘
530,14:26:51,11.28,--,2,2256,卖盘
531,14:26:48,11.28,--,12,13536,卖盘
532,14:26:45,11.28,-0.01,25,28200,卖盘
533,14:26:42,11.29,--,70,79030,买盘
534,14:26:39,11.29,0.01,7,7902,买盘
535,14:26:33,11.28,--,51,57528,卖盘
536,14:26:30,11.28,--,105,118440,卖盘
537,14:26:27,11.28,-0.01,21,23688,卖盘
538,14:26:21,11.29,0.01,6,6773,买盘
539,14:26:18,11.28,--,290,327120,买盘
540,14:26:15,11.28,--,18,20304,买盘
541,14:26:12,11.28,--,22,24816,买盘
542,14:26:06,11.28,--,19,21432,买盘
543,14:26:03,11.28,--,64,72192,买盘
544,14:26:00,11.28,0.01,125,141000,买盘
545,14:25:57,11.27,-0.01,62,69874,卖盘
546,14:25:54,11.28,0.01,16,18048,买盘
547,14:25:48,11.27,-0.01,5,5635,卖盘
548,14:25:45,11.28,--,27,30456,买盘
549,14:25:42,11.28,--,17,19176,买盘
550,14:25:36,11.28,--,45,50760,买盘
551,14:25:33,11.28,--,158,178224,买盘
552,14:25:27,11.28,0.01,562,633936,中性盘
553,14:25:24,11.27,-0.02,42,47334,卖盘
554,14:25:21,11.29,--,5,5645,买盘
555,14:25:18,11.29,0.02,7,7902,买盘
556,14:25:09,11.27,-0.01,10,11270,卖盘
557,14:25:06,11.28,0.01,46,51888,买盘
558,14:25:03,11.27,--,24,27048,卖盘
559,14:25:00,11.27,--,4,4508,买盘
560,14:24:57,11.27,-0.01,495,557865,卖盘
561,14:24:51,11.28,--,31,34968,买盘
562,14:24:48,11.28,--,2,2256,买盘
563,14:24:45,11.28,--,27,30456,买盘
564,14:24:42,11.28,--,11,12408,买盘
565,14:24:39,11.28,-0.01,100,112800,卖盘
566,14:24:36,11.29,--,30,33870,买盘
567,14:24:33,11.29,0.01,172,194187,买盘
568,14:24:30,11.28,--,5,5640,卖盘
569,14:24:27,11.28,--,275,310200,买盘
570,14:24:24,11.28,--,9,10152,买盘
571,14:24:21,11.28,--,83,93624,卖盘
572,14:24:18,11.28,--,100,112800,卖盘
573,14:24:15,11.28,-0.01,27,30456,卖盘
574,14:24:12,11.29,--,21,23709,买盘
575,14:24:09,11.29,--,22,24837,买盘
576,14:24:06,11.29,0.01,2,2258,买盘
577,14:24:03,11.28,--,118,133104,卖盘
578,14:24:00,11.28,-0.01,421,474888,卖盘
579,14:23:54,11.29,0.01,79,89191,买盘
580,14:23:51,11.28,--,2,2256,卖盘
581,14:23:48,11.28,-0.01,82,92496,卖盘
582,14:23:45,11.29,--,31,34999,买盘
583,14:23:42,11.29,-0.01,557,628853,卖盘
584,14:23:39,11.3,--,62,70060,买盘
585,14:23:36,11.3,--,99,111870,买盘
586,14:23:33,11.3,--,99,111870,买盘
587,14:23:30,11.3,--,367,414710,买盘
588,14:23:27,11.3,--,22,24860,买盘
589,14:23:24,11.3,--,1,1130,买盘
590,14:23:21,11.3,--,25,28250,买盘
591,14:23:18,11.3,0.01,7,7910,买盘
592,14:23:12,11.29,-0.01,11,12418,卖盘
593,14:23:09,11.3,--,45,50850,买盘
594,14:23:06,11.3,--,14,15820,买盘
595,14:23:03,11.3,--,65,73856,买盘
596,14:23:00,11.3,--,122,137860,买盘
597,14:22:57,11.3,--,11,12430,买盘
598,14:22:54,11.3,--,29,32770,买盘
599,14:22:51,11.3,--,8,9040,买盘
600,14:22:48,11.3,--,24,27120,买盘
601,14:22:45,11.3,--,67,76433,买盘
602,14:22:42,11.3,--,21,23730,买盘
603,14:22:39,11.3,0.01,30,33900,买盘
604,14:22:36,11.29,--,108,121931,卖盘
605,14:22:33,11.29,-0.01,50,56449,卖盘
606,14:22:30,11.3,0.01,27,30510,买盘
607,14:22:27,11.29,-0.01,27,30482,卖盘
608,14:22:21,11.3,0.01,43,48590,买盘
609,14:22:18,11.29,--,28,31611,买盘
610,14:22:15,11.29,--,68,76772,买盘
611,14:22:12,11.29,--,36,40644,买盘
612,14:22:09,11.29,-0.01,5,5645,中性盘
613,14:22:06,11.3,0.01,18,20340,买盘
614,14:22:03,11.29,--,78,88062,买盘
615,14:22:00,11.29,-0.01,37,41773,中性盘
616,14:21:57,11.3,--,19,21470,买盘
617,14:21:51,11.3,0.01,61,68930,买盘
618,14:21:48,11.29,--,38,42902,买盘
619,14:21:45,11.29,--,20,22580,买盘
620,14:21:42,11.29,--,114,128705,买盘
621,14:21:39,11.29,-0.01,2,2258,买盘
622,14:21:36,11.3,0.02,30,33900,买盘
623,14:21:33,11.28,--,78,87984,卖盘
624,14:21:30,11.28,-0.02,20,22560,卖盘
625,14:21:27,11.3,--,80,90400,买盘
626,14:21:24,11.3,--,6,6780,买盘
627,14:21:21,11.3,--,17,19210,买盘
628,14:21:18,11.3,0.02,106,119780,买盘
629,14:21:15,11.28,-0.02,9,10152,买盘
630,14:21:12,11.3,0.03,169,190970,买盘
631,14:21:09,11.27,-0.02,124,139748,卖盘
632,14:21:06,11.29,0.01,86,97093,买盘
633,14:21:03,11.28,-0.01,92,103776,卖盘
634,14:21:00,11.29,0.01,7,7902,买盘
635,14:20:57,11.28,-0.01,265,298920,卖盘
636,14:20:54,11.29,0.01,50,56449,买盘
637,14:20:51,11.28,--,76,85728,卖盘
638,14:20:48,11.28,--,49,55272,卖盘
639,14:20:45,11.28,--,2,2256,卖盘
640,14:20:42,11.28,--,64,72192,卖盘
641,14:20:39,11.28,--,9,10152,卖盘
642,14:20:36,11.28,0.01,12,13536,买盘
643,14:20:33,11.27,-0.01,60,67620,卖盘
644,14:20:30,11.28,--,41,46248,买盘
645,14:20:27,11.28,--,16,18048,买盘
646,14:20:24,11.28,--,50,56400,买盘
647,14:20:21,11.28,--,2,2256,买盘
648,14:20:15,11.28,-0.01,73,82344,卖盘
649,14:20:12,11.29,0.01,12,13547,买盘
650,14:20:09,11.28,-0.01,347,391416,卖盘
651,14:20:06,11.29,--,261,294669,买盘
652,14:20:03,11.29,--,185,208864,买盘
653,14:20:00,11.29,--,77,86933,买盘
654,14:19:57,11.29,--,5,5645,买盘
655,14:19:54,11.29,--,53,59836,买盘
656,14:19:51,11.29,--,156,176124,买盘
657,14:19:45,11.29,0.01,20,22580,买盘
658,14:19:42,11.28,-0.01,24,27072,卖盘
659,14:19:39,11.29,--,27,30482,卖盘
660,14:19:36,11.29,--,219,247250,卖盘
661,14:19:33,11.29,-0.01,51,57578,卖盘
662,14:19:30,11.3,0.01,7,7910,买盘
663,14:19:27,11.29,-0.01,18,20322,卖盘
664,14:19:24,11.3,0.01,85,96050,买盘
665,14:19:21,11.29,--,297,335313,买盘
666,14:19:18,11.29,--,49,55320,买盘
667,14:19:15,11.29,0.01,43,48546,买盘
668,14:19:12,11.28,--,95,107160,卖盘
669,14:19:09,11.28,-0.01,78,87984,卖盘
670,14:19:06,11.29,0.01,1,1129,买盘
671,14:19:03,11.28,-0.01,87,98136,卖盘
672,14:19:00,11.29,--,83,93707,买盘
673,14:18:57,11.29,0.01,22,24837,买盘
674,14:18:54,11.28,-0.01,1,1128,卖盘
675,14:18:51,11.29,--,27,30482,买盘
676,14:18:48,11.29,--,182,205477,卖盘
677,14:18:45,11.29,--,28,31611,卖盘
678,14:18:42,11.29,-0.01,16,18064,卖盘
679,14:18:39,11.3,0.01,6,6780,买盘
680,14:18:36,11.29,-0.01,157,177253,卖盘
681,14:18:33,11.3,0.01,72,81360,买盘
682,14:18:30,11.29,--,19,21451,卖盘
683,14:18:27,11.29,--,2,2258,卖盘
684,14:18:24,11.29,-0.01,8,9032,卖盘
685,14:18:21,11.3,--,1,1130,买盘
686,14:18:18,11.3,--,13,14690,买盘
687,14:18:15,11.3,--,67,75710,买盘
688,14:18:12,11.3,--,1,1130,买盘
689,14:18:09,11.3,0.01,1,1130,买盘
690,14:18:06,11.29,0.01,2,2258,中性盘
691,14:18:03,11.28,-0.01,50,56400,卖盘
692,14:18:00,11.29,0.01,10,11290,买盘
693,14:17:54,11.28,-0.02,223,251544,卖盘
694,14:17:51,11.3,0.01,4,4520,买盘
695,14:17:48,11.29,--,9,10161,买盘
696,14:17:45,11.29,0.01,22,24837,买盘
697,14:17:39,11.28,--,1,1128,卖盘
698,14:17:36,11.28,-0.01,4,4512,卖盘
699,14:17:33,11.29,--,42,47418,卖盘
700,14:17:30,11.29,--,82,92578,买盘
701,14:17:27,11.29,--,10,11290,买盘
702,14:17:24,11.29,--,34,38386,买盘
703,14:17:21,11.29,--,43,48546,买盘
704,14:17:18,11.29,--,113,127576,卖盘
705,14:17:15,11.29,-0.01,3,3386,卖盘
706,14:17:12,11.3,0.01,31,35030,买盘
707,14:17:09,11.29,--,50,56449,卖盘
708,14:17:06,11.29,--,28,31611,卖盘
709,14:17:03,11.29,--,48,54191,买盘
710,14:17:00,11.29,--,76,85804,卖盘
711,14:16:57,11.29,0.01,69,77901,买盘
712,14:16:54,11.28,-0.01,92,103776,卖盘
713,14:16:51,11.29,0.01,10,11290,买盘
714,14:16:48,11.28,-0.01,34,38352,卖盘
715,14:16:42,11.29,0.01,34,38386,买盘
716,14:16:39,11.28,--,50,56400,卖盘
717,14:16:36,11.28,--,3,3384,卖盘
718,14:16:33,11.28,--,24,27072,卖盘
719,14:16:27,11.28,-0.01,2,2256,卖盘
720,14:16:24,11.29,--,2,2258,买盘
721,14:16:15,11.29,--,64,72256,买盘
722,14:16:12,11.29,0.02,224,252895,买盘
723,14:16:06,11.27,-0.01,31,34937,卖盘
724,14:16:03,11.28,--,4,4512,卖盘
725,14:16:00,11.28,--,26,29328,买盘
726,14:15:57,11.28,--,1,1128,买盘
727,14:15:51,11.28,0.01,20,22560,买盘
728,14:15:48,11.27,--,49,55223,卖盘
729,14:15:45,11.27,0.01,113,127351,买盘
730,14:15:42,11.26,-0.01,371,417746,卖盘
731,14:15:39,11.27,0.01,61,68747,买盘
732,14:15:36,11.26,-0.01,34,38284,卖盘
733,14:15:33,11.27,--,159,179193,买盘
734,14:15:30,11.27,--,4,4508,买盘
735,14:15:24,11.27,0.01,10,11270,买盘
736,14:15:21,11.26,-0.01,69,77694,卖盘
737,14:15:18,11.27,0.01,17,19159,买盘
738,14:15:09,11.26,--,50,56300,卖盘
739,14:15:06,11.26,--,27,30402,卖盘
740,14:15:03,11.26,-0.01,41,46166,卖盘
741,14:15:00,11.27,0.01,24,27048,买盘
742,14:14:57,11.26,--,108,121653,买盘
743,14:14:54,11.26,--,273,307398,买盘
744,14:14:51,11.26,--,56,63056,买盘
745,14:14:48,11.26,--,106,119356,买盘
746,14:14:42,11.26,--,47,52922,买盘
747,14:14:39,11.26,0.01,33,37158,买盘
748,14:14:36,11.25,-0.01,103,115875,卖盘
749,14:14:33,11.26,--,49,55174,买盘
750,14:14:30,11.26,--,79,88954,买盘
751,14:14:27,11.26,--,98,110348,买盘
752,14:14:24,11.26,-0.01,170,191420,卖盘
753,14:14:18,11.27,0.01,109,122843,买盘
754,14:14:15,11.26,-0.01,25,28150,卖盘
755,14:14:12,11.27,--,10,11270,买盘
756,14:14:09,11.27,0.01,60,67620,买盘
757,14:14:06,11.26,-0.01,12,13512,卖盘
758,14:14:03,11.27,--,10,11270,买盘
759,14:14:00,11.27,--,1,1127,买盘
760,14:13:57,11.27,0.01,153,172431,买盘
761,14:13:54,11.26,--,18,20268,买盘
762,14:13:48,11.26,--,126,141876,买盘
763,14:13:45,11.26,--,412,463912,卖盘
764,14:13:42,11.26,-0.01,95,106970,卖盘
765,14:13:39,11.27,--,10,11270,买盘
766,14:13:36,11.27,--,42,47334,卖盘
767,14:13:33,11.27,--,4,4508,卖盘
768,14:13:27,11.27,--,21,23667,卖盘
769,14:13:24,11.27,0.01,4,4508,卖盘
770,14:13:21,11.26,-0.01,92,103592,卖盘
771,14:13:18,11.27,-0.01,3,3381,卖盘
772,14:13:15,11.28,0.03,64,72192,买盘
773,14:13:12,11.25,-0.03,1001,1126125,卖盘
774,14:13:09,11.28,--,61,68808,买盘
775,14:13:06,11.28,0.02,10,11280,买盘
776,14:13:03,11.26,-0.02,16,18016,卖盘
777,14:13:00,11.28,0.01,7,7896,买盘
778,14:12:57,11.27,0.01,21,23667,买盘
779,14:12:54,11.26,--,111,124986,卖盘
780,14:12:51,11.26,--,2,2252,卖盘
781,14:12:48,11.26,-0.02,1234,1389484,卖盘
782,14:12:42,11.28,--,40,45120,卖盘
783,14:12:39,11.28,--,15,16920,买盘
784,14:12:36,11.28,--,59,66552,卖盘
785,14:12:33,11.28,-0.01,1,1128,卖盘
786,14:12:30,11.29,--,801,904328,买盘
787,14:12:27,11.29,--,23,25966,卖盘
788,14:12:24,11.29,--,7,7902,买盘
789,14:12:21,11.29,0.01,52,58707,买盘
790,14:12:18,11.28,-0.01,52,58656,卖盘
791,14:12:15,11.29,--,1,1129,买盘
792,14:12:12,11.29,0.01,1,1129,买盘
793,14:12:09,11.28,0.02,111,125208,中性盘
794,14:12:06,11.26,-0.02,2510,2826260,卖盘
795,14:12:03,11.28,-0.01,35,39480,卖盘
796,14:12:00,11.29,--,17,19193,买盘
797,14:11:57,11.29,--,1139,1285931,卖盘
798,14:11:54,11.29,-0.01,1,1129,卖盘
799,14:11:51,11.3,0.01,13,14690,买盘
800,14:11:48,11.29,--,5,5645,卖盘
801,14:11:45,11.29,--,35,39515,卖盘
802,14:11:42,11.29,0.01,28,31611,买盘
803,14:11:39,11.28,-0.01,37,41736,卖盘
804,14:11:36,11.29,-0.01,2,2258,卖盘
805,14:11:33,11.3,--,22,24860,买盘
806,14:11:30,11.3,0.01,70,79100,买盘
807,14:11:27,11.29,-0.01,242,274121,卖盘
808,14:11:24,11.3,--,41,46330,买盘
809,14:11:21,11.3,0.01,23,25990,买盘
810,14:11:15,11.29,--,24,27095,卖盘
811,14:11:12,11.29,--,98,110867,买盘
812,14:11:09,11.29,--,118,133222,买盘
813,14:11:06,11.29,--,35,39515,买盘
814,14:11:03,11.29,--,37,41773,买盘
815,14:11:00,11.29,--,15,16935,买盘
816,14:10:57,11.29,--,9,10161,买盘
817,14:10:54,11.29,0.01,23,25966,买盘
818,14:10:51,11.28,-0.01,531,598968,卖盘
819,14:10:48,11.29,--,89,100480,买盘
820,14:10:45,11.29,0.01,118,133222,买盘
821,14:10:42,11.28,--,16,18048,卖盘
822,14:10:39,11.28,--,138,155664,卖盘
823,14:10:36,11.28,-0.01,72,81216,卖盘
824,14:10:33,11.29,0.01,38,42902,买盘
825,14:10:30,11.28,-0.01,24,27072,卖盘
826,14:10:27,11.29,--,3,3386,买盘
827,14:10:24,11.29,--,12,13547,买盘
828,14:10:18,11.29,0.01,5,5645,买盘
829,14:10:15,11.28,-0.01,116,130847,卖盘
830,14:10:12,11.29,0.01,35,39515,买盘
831,14:10:09,11.28,--,7,7896,卖盘
832,14:10:06,11.28,-0.01,50,56400,卖盘
833,14:10:00,11.29,--,17,19193,买盘
834,14:09:57,11.29,--,1,1129,买盘
835,14:09:54,11.29,--,56,63223,买盘
836,14:09:51,11.29,--,93,104996,买盘
837,14:09:48,11.29,--,1,1129,买盘
838,14:09:45,11.29,--,11,12418,买盘
839,14:09:42,11.29,--,23,25966,买盘
840,14:09:39,11.29,0.01,17,19193,买盘
841,14:09:36,11.28,--,189,213192,卖盘
842,14:09:33,11.28,-0.01,321,362088,卖盘
843,14:09:30,11.29,--,33,37257,买盘
844,14:09:27,11.29,0.01,9,10161,买盘
845,14:09:24,11.28,-0.01,58,65423,卖盘
846,14:09:21,11.29,--,14,15805,买盘
847,14:09:15,11.29,--,10,11290,买盘
848,14:09:12,11.29,0.01,8,9032,中性盘
849,14:09:09,11.28,-0.01,710,800880,卖盘
850,14:09:06,11.29,--,50,56449,卖盘
851,14:09:03,11.29,-0.01,50,56449,卖盘
852,14:09:00,11.3,--,5,5650,买盘
853,14:08:57,11.3,0.01,11,12430,买盘
854,14:08:54,11.29,--,236,266444,卖盘
855,14:08:51,11.29,--,73,82417,卖盘
856,14:08:48,11.29,--,5,5645,卖盘
857,14:08:45,11.29,--,262,295798,卖盘
858,14:08:42,11.29,-0.01,11,12418,卖盘
859,14:08:39,11.3,0.01,510,576300,买盘
860,14:08:36,11.29,--,90,101609,卖盘
861,14:08:33,11.29,-0.01,212,239347,卖盘
862,14:08:30,11.3,0.01,29,32770,买盘
863,14:08:27,11.29,-0.01,4,4516,卖盘
864,14:08:24,11.3,--,103,116390,买盘
865,14:08:21,11.3,--,3556,4018280,卖盘
866,14:08:18,11.3,--,39,44070,卖盘
867,14:08:15,11.3,-0.01,1217,1375210,卖盘
868,14:08:12,11.31,--,1,1131,买盘
869,14:08:09,11.31,--,173,195663,卖盘
870,14:08:06,11.31,--,139,157209,卖盘
871,14:08:03,11.31,--,11,12441,卖盘
872,14:07:57,11.31,-0.01,103,116493,卖盘
873,14:07:51,11.32,--,10,11320,买盘
874,14:07:45,11.32,0.01,41,46412,买盘
875,14:07:42,11.31,--,20,22620,卖盘
876,14:07:39,11.31,--,7,7917,卖盘
877,14:07:36,11.31,--,50,56550,卖盘
878,14:07:33,11.31,-0.02,107,121017,卖盘
879,14:07:30,11.33,0.02,711,805563,买盘
880,14:07:27,11.31,-0.01,137,154947,卖盘
881,14:07:24,11.32,--,513,580716,买盘
882,14:07:18,11.32,0.01,4,4528,买盘
883,14:07:15,11.31,-0.01,15,16965,卖盘
884,14:07:12,11.32,-0.01,5,5660,卖盘
885,14:07:09,11.33,0.01,140,158620,买盘
886,14:07:06,11.32,--,11,12452,卖盘
887,14:07:03,11.32,-0.01,500,566000,卖盘
888,14:07:00,11.33,--,9,10197,买盘
889,14:06:54,11.33,--,21,23793,买盘
890,14:06:51,11.33,-0.01,9,10197,买盘
891,14:06:45,11.34,0.01,320,362880,买盘
892,14:06:42,11.33,-0.01,25,28325,卖盘
893,14:06:39,11.34,0.01,30,34020,买盘
894,14:06:36,11.33,--,57,64581,卖盘
895,14:06:33,11.33,-0.01,3,3399,卖盘
896,14:06:30,11.34,0.01,1,1134,买盘
897,14:06:27,11.33,-0.01,1,1133,卖盘
898,14:06:24,11.34,0.01,64,72576,卖盘
899,14:06:21,11.33,--,32,36256,卖盘
900,14:06:18,11.33,--,120,135960,卖盘
901,14:06:15,11.33,-0.01,4,4532,卖盘
902,14:06:12,11.34,0.01,5,5670,买盘
903,14:06:06,11.33,--,55,62315,卖盘
904,14:06:03,11.33,--,47,53251,卖盘
905,14:05:57,11.33,-0.01,53,60049,卖盘
906,14:05:54,11.34,0.01,1,1134,买盘
907,14:05:51,11.33,--,25,28325,卖盘
908,14:05:48,11.33,-0.01,16,18128,卖盘
909,14:05:39,11.34,0.01,11,12474,买盘
910,14:05:36,11.33,-0.01,50,56650,卖盘
911,14:05:33,11.34,0.01,2,2268,买盘
912,14:05:30,11.33,--,5,5665,卖盘
913,14:05:27,11.33,-0.01,4,4532,卖盘
914,14:05:24,11.34,--,76,86184,卖盘
915,14:05:21,11.34,-0.01,7,7938,卖盘
916,14:05:18,11.35,0.01,47,53345,买盘
917,14:05:15,11.34,--,54,61236,买盘
918,14:05:12,11.34,0.01,10,11340,买盘
919,14:05:09,11.33,-0.01,27,30591,卖盘
920,14:05:06,11.34,--,9,10206,卖盘
921,14:05:03,11.34,0.01,16,18144,卖盘
922,14:05:00,11.33,-0.01,2,2266,卖盘
923,14:04:57,11.34,0.01,1,1134,中性盘
924,14:04:51,11.33,-0.01,20,22660,买盘
925,14:04:48,11.34,0.01,505,572670,中性盘
926,14:04:45,11.33,--,3,3399,卖盘
927,14:04:42,11.33,-0.01,15,16995,卖盘
928,14:04:39,11.34,--,16,18144,卖盘
929,14:04:36,11.34,-0.01,51,57834,卖盘
930,14:04:33,11.35,--,1,1135,买盘
931,14:04:30,11.35,0.01,16,18160,买盘
932,14:04:27,11.34,-0.01,31,35154,卖盘
933,14:04:24,11.35,--,8,9080,买盘
934,14:04:21,11.35,0.01,10,11350,买盘
935,14:04:18,11.34,--,22,24948,卖盘
936,14:04:15,11.34,--,2,2268,卖盘
937,14:04:09,11.34,0.01,99,112266,买盘
938,14:04:06,11.33,-0.01,50,56650,卖盘
939,14:04:03,11.34,--,3,3402,买盘
940,14:04:00,11.34,--,12,13608,买盘
941,14:03:57,11.34,--,18,20412,卖盘
942,14:03:51,11.34,-0.01,39,44226,中性盘
943,14:03:48,11.35,--,156,177060,买盘
944,14:03:45,11.35,0.01,14,15890,买盘
945,14:03:42,11.34,--,61,69174,买盘
946,14:03:39,11.34,--,49,55566,卖盘
947,14:03:36,11.34,-0.01,50,56700,卖盘
948,14:03:33,11.35,--,50,56750,买盘
949,14:03:27,11.35,--,86,97610,买盘
950,14:03:24,11.35,--,1,1135,买盘
951,14:03:21,11.35,--,9,10215,买盘
952,14:03:18,11.35,--,24,27240,买盘
953,14:03:15,11.35,0.01,8,9080,买盘
954,14:03:12,11.34,-0.01,5,5670,卖盘
955,14:03:09,11.35,0.01,30,34050,买盘
956,14:03:06,11.34,--,551,624834,卖盘
957,14:03:03,11.34,--,5,5670,卖盘
958,14:03:00,11.34,--,1,1134,卖盘
959,14:02:57,11.34,-0.01,3,3402,卖盘
960,14:02:54,11.35,0.01,10,11350,买盘
961,14:02:51,11.34,--,110,124740,卖盘
962,14:02:48,11.34,--,24,27216,卖盘
963,14:02:45,11.34,-0.01,3,3402,卖盘
964,14:02:42,11.35,--,59,66965,买盘
965,14:02:36,11.35,--,86,97610,买盘
966,14:02:33,11.35,--,3,3405,买盘
967,14:02:30,11.35,0.01,42,47670,买盘
968,14:02:27,11.34,--,1,1134,卖盘
969,14:02:24,11.34,--,40,45360,卖盘
970,14:02:18,11.34,--,7,7938,卖盘
971,14:02:15,11.34,--,111,125874,卖盘
972,14:02:12,11.34,--,7,7938,卖盘
973,14:02:06,11.34,--,60,68040,卖盘
974,14:02:03,11.34,-0.01,24,27216,卖盘
975,14:02:00,11.35,--,1,1135,买盘
976,14:01:54,11.35,0.01,15,17025,买盘
977,14:01:51,11.34,0.01,57,64638,买盘
978,14:01:48,11.33,-0.01,8,9064,卖盘
979,14:01:45,11.34,0.01,26,29484,买盘
980,14:01:36,11.33,--,91,103103,买盘
981,14:01:30,11.33,--,4,4532,买盘
982,14:01:27,11.33,--,22,24926,卖盘
983,14:01:24,11.33,--,48,54384,卖盘
984,14:01:21,11.33,--,31,35123,卖盘
985,14:01:15,11.33,--,8,9064,卖盘
986,14:01:12,11.33,--,18,20394,卖盘
987,14:01:09,11.33,0.01,2,2266,买盘
988,14:01:06,11.32,--,51,57732,卖盘
989,14:01:03,11.32,-0.01,12,13584,卖盘
990,14:01:00,11.33,--,5,5665,买盘
991,14:00:57,11.33,0.01,1,1133,买盘
992,14:00:54,11.32,-0.01,1,1132,卖盘
993,14:00:51,11.33,--,4,4532,买盘
994,14:00:48,11.33,0.01,41,46453,买盘
995,14:00:42,11.32,-0.01,5,5660,卖盘
996,14:00:39,11.33,0.01,10,11330,买盘
997,14:00:36,11.32,-0.01,50,56600,卖盘
998,14:00:33,11.33,--,20,22660,买盘
999,14:00:30,11.33,--,12,13596,买盘
1000,14:00:27,11.33,--,63,71379,卖盘
1001,14:00:15,11.33,--,1,1133,卖盘
1002,14:00:12,11.33,--,45,50985,买盘
1003,14:00:06,11.33,--,36,40788,卖盘
1004,14:00:03,11.33,-0.01,22,24926,卖盘
1005,14:00:00,11.34,--,1,1134,买盘
1006,13:59:57,11.34,0.01,237,268758,买盘
1007,13:59:54,11.33,--,2,2266,买盘
1008,13:59:51,11.33,0.01,5,5665,买盘
1009,13:59:48,11.32,--,41,46412,卖盘
1010,13:59:45,11.32,-0.01,60,67920,卖盘
1011,13:59:39,11.33,--,25,28325,买盘
1012,13:59:36,11.33,0.01,57,64581,买盘
1013,13:59:33,11.32,-0.01,3,3396,卖盘
1014,13:59:30,11.33,--,35,39655,买盘
1015,13:59:24,11.33,--,95,107635,卖盘
1016,13:59:21,11.33,--,2,2266,卖盘
1017,13:59:18,11.33,-0.01,65,73645,卖盘
1018,13:59:15,11.34,0.01,8,9072,买盘
1019,13:59:09,11.33,--,22,24926,卖盘
1020,13:59:06,11.33,-0.01,50,56650,卖盘
1021,13:59:00,11.34,--,11,12474,买盘
1022,13:58:57,11.34,0.01,9,10206,中性盘
1023,13:58:51,11.33,--,7,7931,卖盘
1024,13:58:45,11.33,--,9,10197,卖盘
1025,13:58:42,11.33,-0.01,507,574431,卖盘
1026,13:58:39,11.34,0.01,12,13608,买盘
1027,13:58:36,11.33,--,50,56650,卖盘
1028,13:58:33,11.33,-0.01,4,4532,卖盘
1029,13:58:30,11.34,0.01,10,11340,买盘
1030,13:58:27,11.33,--,41,46453,卖盘
1031,13:58:24,11.33,--,14,15862,卖盘
1032,13:58:21,11.33,-0.01,40,45320,卖盘
1033,13:58:18,11.34,0.01,18,20412,买盘
1034,13:58:15,11.33,--,14,15862,卖盘
1035,13:58:09,11.33,--,21,23793,卖盘
1036,13:58:06,11.33,-0.02,570,645810,卖盘
1037,13:58:00,11.35,0.01,2,2270,买盘
1038,13:57:57,11.34,-0.01,25,28350,卖盘
1039,13:57:51,11.35,0.01,3,3405,买盘
1040,13:57:48,11.34,-0.01,10,11340,卖盘
1041,13:57:45,11.35,--,20,22700,买盘
1042,13:57:42,11.35,0.01,25,28375,买盘
1043,13:57:36,11.34,--,73,82782,卖盘
1044,13:57:33,11.34,-0.01,5,5670,卖盘
1045,13:57:30,11.35,0.01,13,14755,买盘
1046,13:57:27,11.34,-0.01,8,9072,卖盘
1047,13:57:21,11.35,0.01,3,3405,买盘
1048,13:57:18,11.34,--,1000,1134000,卖盘
1049,13:57:12,11.34,--,15,17010,卖盘
1050,13:57:06,11.34,--,61,69174,卖盘
1051,13:57:03,11.34,--,9,10206,卖盘
1052,13:57:00,11.34,-0.01,18,20412,卖盘
1053,13:56:57,11.35,--,1,1135,买盘
1054,13:56:54,11.35,--,67,76045,买盘
1055,13:56:51,11.35,0.01,393,446055,买盘
1056,13:56:48,11.34,-0.01,6,6804,卖盘
1057,13:56:45,11.35,--,2,2270,买盘
1058,13:56:42,11.35,0.01,32,36320,买盘
1059,13:56:36,11.34,-0.01,108,122472,卖盘
1060,13:56:33,11.35,--,21,23835,买盘
1061,13:56:30,11.35,--,3,3405,买盘
1062,13:56:24,11.35,--,31,35185,买盘
1063,13:56:21,11.35,--,21,23835,买盘
1064,13:56:15,11.35,0.01,20,22700,买盘
1065,13:56:12,11.34,-0.01,14,15876,卖盘
1066,13:56:09,11.35,0.01,23,26105,买盘
1067,13:56:06,11.34,--,51,57834,卖盘
1068,13:56:03,11.34,-0.01,8,9072,卖盘
1069,13:56:00,11.35,0.01,57,64695,买盘
1070,13:55:57,11.34,--,49,55566,卖盘
1071,13:55:54,11.34,--,25,28350,卖盘
1072,13:55:51,11.34,--,19,21546,卖盘
1073,13:55:48,11.34,--,5,5670,卖盘
1074,13:55:45,11.34,-0.01,1,1134,卖盘
1075,13:55:42,11.35,0.01,9,10215,买盘
1076,13:55:36,11.34,--,73,82782,卖盘
1077,13:55:33,11.34,-0.01,30,34020,卖盘
1078,13:55:30,11.35,--,11,12485,买盘
1079,13:55:27,11.35,--,10,11350,买盘
1080,13:55:24,11.35,--,4,4540,买盘
1081,13:55:21,11.35,--,5,5675,买盘
1082,13:55:15,11.35,0.01,2,2270,买盘
1083,13:55:12,11.34,-0.01,10,11340,卖盘
1084,13:55:09,11.35,0.01,14,15890,买盘
1085,13:55:06,11.34,-0.01,50,56700,卖盘
1086,13:55:03,11.35,--,23,26105,买盘
1087,13:55:00,11.35,--,5,5675,买盘
1088,13:54:57,11.35,--,104,118267,卖盘
1089,13:54:54,11.35,-0.01,500,567500,卖盘
1090,13:54:51,11.36,0.01,4,4544,买盘
1091,13:54:48,11.35,--,45,51075,卖盘
1092,13:54:45,11.35,--,11,12485,卖盘
1093,13:54:42,11.35,-0.01,164,186140,卖盘
1094,13:54:39,11.36,0.01,8,9088,买盘
1095,13:54:36,11.35,--,131,148685,卖盘
1096,13:54:33,11.35,-0.01,63,71505,卖盘
1097,13:54:30,11.36,0.01,22,24992,买盘
1098,13:54:27,11.35,--,2,2270,卖盘
1099,13:54:24,11.35,-0.01,5,5675,卖盘
1100,13:54:21,11.36,--,1,1136,买盘
1101,13:54:18,11.36,--,100,113600,买盘
1102,13:54:12,11.36,--,22,24992,买盘
1103,13:54:09,11.36,0.01,5,5680,买盘
1104,13:54:06,11.35,--,72,81720,卖盘
1105,13:54:03,11.35,--,10,11350,卖盘
1106,13:53:57,11.35,-0.01,26,29510,卖盘
1107,13:53:54,11.36,--,93,105648,买盘
1108,13:53:51,11.36,--,5,5680,买盘
1109,13:53:48,11.36,0.01,40,45440,买盘
1110,13:53:45,11.35,--,44,49940,卖盘
1111,13:53:39,11.35,--,34,38590,卖盘
1112,13:53:36,11.35,-0.01,61,69235,卖盘
1113,13:53:33,11.36,--,17,19312,买盘
1114,13:53:30,11.36,--,6,6816,买盘
1115,13:53:27,11.36,0.01,20,22720,买盘
1116,13:53:24,11.35,--,1,1135,卖盘
1117,13:53:21,11.35,--,26,29510,卖盘
1118,13:53:18,11.35,-0.01,20,22700,卖盘
1119,13:53:15,11.36,--,2,2272,买盘
1120,13:53:12,11.36,--,1,1136,买盘
1121,13:53:09,11.36,--,8,9088,买盘
1122,13:53:06,11.36,--,190,215840,卖盘
1123,13:53:03,11.36,--,14,15904,卖盘
1124,13:53:00,11.36,-0.01,24,27264,卖盘
1125,13:52:57,11.37,0.01,21,23877,买盘
1126,13:52:54,11.36,-0.01,10,11360,卖盘
1127,13:52:51,11.37,0.01,5,5685,买盘
1128,13:52:48,11.36,--,4,4544,卖盘
1129,13:52:42,11.36,-0.01,38,43168,卖盘
1130,13:52:39,11.37,0.01,22,25014,买盘
1131,13:52:36,11.36,--,60,68160,卖盘
1132,13:52:33,11.36,--,4,4544,卖盘
1133,13:52:30,11.36,0.01,91,103376,买盘
1134,13:52:27,11.35,-0.01,7,7945,卖盘
1135,13:52:24,11.36,--,1,1136,买盘
1136,13:52:21,11.36,0.01,9,10224,买盘
1137,13:52:18,11.35,-0.01,19,21565,卖盘
1138,13:52:12,11.36,-0.01,55,62480,卖盘
1139,13:52:09,11.37,0.01,12,13643,买盘
1140,13:52:06,11.36,--,50,56800,卖盘
1141,13:52:03,11.36,-0.01,16,18176,卖盘
1142,13:52:00,11.37,--,3,3410,买盘
1143,13:51:54,11.37,0.01,97,110288,买盘
1144,13:51:51,11.36,--,321,364656,卖盘
1145,13:51:48,11.36,--,38,43168,卖盘
1146,13:51:42,11.36,0.01,170,193120,买盘
1147,13:51:39,11.35,--,3,3405,卖盘
1148,13:51:36,11.35,--,71,80585,卖盘
1149,13:51:33,11.35,-0.01,222,251970,卖盘
1150,13:51:30,11.36,--,161,182896,买盘
1151,13:51:27,11.36,--,33,37488,买盘
1152,13:51:24,11.36,--,3,3408,买盘
1153,13:51:18,11.36,0.01,13,14768,中性盘
1154,13:51:12,11.35,-0.01,300,340500,卖盘
1155,13:51:09,11.36,--,11,12496,卖盘
1156,13:51:06,11.36,-0.01,59,67024,卖盘
1157,13:51:03,11.37,--,2,2274,买盘
1158,13:51:00,11.37,--,51,57986,买盘
1159,13:50:57,11.37,--,3,3410,买盘
1160,13:50:51,11.37,0.01,3,3410,买盘
1161,13:50:48,11.36,-0.01,10,11360,卖盘
1162,13:50:45,11.37,0.01,2,2274,买盘
1163,13:50:42,11.36,--,18,20448,卖盘
1164,13:50:36,11.36,-0.01,170,193120,卖盘
1165,13:50:33,11.37,--,79,89823,买盘
1166,13:50:30,11.37,--,18,20466,买盘
1167,13:50:27,11.37,0.01,62,70494,买盘
1168,13:50:24,11.36,-0.01,30,34080,卖盘
1169,13:50:12,11.37,0.01,3,3410,买盘
1170,13:50:09,11.36,-0.01,20,22720,卖盘
1171,13:50:06,11.37,--,57,64808,买盘
1172,13:50:03,11.37,--,13,14780,买盘
1173,13:50:00,11.37,--,23,26151,买盘
1174,13:49:57,11.37,--,8,9096,买盘
1175,13:49:54,11.37,--,43,48891,买盘
1176,13:49:51,11.37,--,3,3410,买盘
1177,13:49:48,11.37,--,5,5685,买盘
1178,13:49:45,11.37,--,10,11370,买盘
1179,13:49:42,11.37,--,5,5685,买盘
1180,13:49:36,11.37,--,53,60260,卖盘
1181,13:49:33,11.37,--,22,25014,卖盘
1182,13:49:30,11.37,--,18,20466,卖盘
1183,13:49:27,11.37,--,1,1137,卖盘
1184,13:49:24,11.37,--,1,1137,卖盘
1185,13:49:15,11.37,-0.01,2,2274,中性盘
1186,13:49:12,11.38,0.01,85,96730,买盘
1187,13:49:09,11.37,0.01,27,30698,买盘
1188,13:49:06,11.36,-0.01,50,56800,卖盘
1189,13:49:03,11.37,--,30,34110,买盘
1190,13:49:00,11.37,--,110,125069,买盘
1191,13:48:57,11.37,--,10,11370,买盘
1192,13:48:51,11.37,0.01,22,25014,买盘
1193,13:48:48,11.36,-0.01,40,45440,卖盘
1194,13:48:45,11.37,0.01,12,13643,买盘
1195,13:48:42,11.36,--,155,176080,卖盘
1196,13:48:36,11.36,--,59,67024,卖盘
1197,13:48:33,11.36,--,8,9088,卖盘
1198,13:48:30,11.36,-0.01,30,34080,卖盘
1199,13:48:27,11.37,--,14,15917,买盘
1200,13:48:24,11.37,--,11,12507,买盘
1201,13:48:21,11.37,--,30,34110,买盘
1202,13:48:18,11.37,--,5,5685,买盘
1203,13:48:15,11.37,0.01,246,279702,买盘
1204,13:48:12,11.36,0.01,42,47712,买盘
1205,13:48:09,11.35,-0.01,21,23835,卖盘
1206,13:48:06,11.36,-0.01,70,79520,卖盘
1207,13:48:03,11.37,-0.01,72,81864,卖盘
1208,13:48:00,11.38,0.01,39,44382,买盘
1209,13:47:57,11.37,--,17,19329,卖盘
1210,13:47:54,11.37,--,12,13643,卖盘
1211,13:47:51,11.37,-0.01,5,5685,中性盘
1212,13:47:48,11.38,0.03,481,547378,买盘
1213,13:47:45,11.35,-0.02,33,37455,卖盘
1214,13:47:42,11.37,--,29,32973,买盘
1215,13:47:39,11.37,--,49,55712,买盘
1216,13:47:36,11.37,--,81,92097,买盘
1217,13:47:33,11.37,--,10,11370,买盘
1218,13:47:30,11.37,--,82,93234,买盘
1219,13:47:27,11.37,--,37,42069,买盘
1220,13:47:24,11.37,--,3,3410,买盘
1221,13:47:21,11.37,--,23,26151,买盘
1222,13:47:18,11.37,--,13,14780,买盘
1223,13:47:15,11.37,--,10,11370,买盘
1224,13:47:12,11.37,--,8,9096,买盘
1225,13:47:09,11.37,0.01,11,12507,买盘
1226,13:47:06,11.36,-0.01,61,69296,卖盘
1227,13:47:03,11.37,--,61,70198,卖盘
1228,13:47:00,11.37,--,302,343374,卖盘
1229,13:46:57,11.37,--,2,2274,卖盘
1230,13:46:54,11.37,--,67,76474,买盘
1231,13:46:51,11.37,--,221,251276,买盘
1232,13:46:45,11.37,--,210,238769,买盘
1233,13:46:42,11.37,--,15,17055,买盘
1234,13:46:39,11.37,0.01,68,77316,买盘
1235,13:46:36,11.36,--,140,159040,卖盘
1236,13:46:33,11.36,-0.01,10,11360,卖盘
1237,13:46:30,11.37,--,125,142125,买盘
1238,13:46:21,11.37,0.01,2,2274,买盘
1239,13:46:18,11.36,-0.01,88,99968,卖盘
1240,13:46:15,11.37,0.01,10,11370,买盘
1241,13:46:12,11.36,--,51,57936,卖盘
1242,13:46:09,11.36,0.01,3,3408,卖盘
1243,13:46:06,11.35,--,81,91935,卖盘
1244,13:46:03,11.35,-0.01,38,43130,卖盘
1245,13:46:00,11.36,--,104,119052,买盘
1246,13:45:57,11.36,--,10,11360,买盘
1247,13:45:51,11.36,0.01,4,4544,买盘
1248,13:45:48,11.35,-0.01,15,17025,卖盘
1249,13:45:45,11.36,--,100,113600,买盘
1250,13:45:42,11.36,0.01,2,2272,买盘
1251,13:45:39,11.35,0.01,2,2270,买盘
1252,13:45:36,11.34,--,150,170100,卖盘
1253,13:45:33,11.34,-0.01,32,36288,卖盘
1254,13:45:30,11.35,--,59,66965,买盘
1255,13:45:27,11.35,--,92,104420,买盘
1256,13:45:24,11.35,--,17,19295,买盘
1257,13:45:21,11.35,--,142,161170,买盘
1258,13:45:18,11.35,0.01,3,3405,买盘
1259,13:45:15,11.34,-0.01,43,48762,卖盘
1260,13:45:12,11.35,0.01,5,5675,买盘
1261,13:45:09,11.34,--,15,17010,卖盘
1262,13:45:06,11.34,-0.01,59,66906,卖盘
1263,13:45:03,11.35,--,71,80585,买盘
1264,13:45:00,11.35,--,14,15890,买盘
1265,13:44:57,11.35,--,84,95340,买盘
1266,13:44:54,11.35,0.01,10,11350,买盘
1267,13:44:51,11.34,-0.01,53,60102,卖盘
1268,13:44:48,11.35,--,21,23835,买盘
1269,13:44:45,11.35,--,4,4540,买盘
1270,13:44:42,11.35,0.01,25,28375,买盘
1271,13:44:36,11.34,--,50,56700,卖盘
1272,13:44:33,11.34,--,5,5670,卖盘
1273,13:44:30,11.34,--,3,3402,卖盘
1274,13:44:27,11.34,--,10,11340,卖盘
1275,13:44:21,11.34,--,30,34020,买盘
1276,13:44:18,11.34,--,2,2268,买盘
1277,13:44:15,11.34,0.01,24,27216,买盘
1278,13:44:12,11.33,--,85,96305,卖盘
1279,13:44:09,11.33,-0.01,8,9064,卖盘
1280,13:44:06,11.34,--,67,75978,卖盘
1281,13:44:03,11.34,--,15,17010,卖盘
1282,13:43:51,11.34,--,3,3402,买盘
1283,13:43:48,11.34,--,22,24948,买盘
1284,13:43:45,11.34,0.01,13,14742,买盘
1285,13:43:42,11.33,-0.01,15,16995,卖盘
1286,13:43:39,11.34,0.01,126,142884,买盘
1287,13:43:36,11.33,-0.01,80,90640,卖盘
1288,13:43:33,11.34,--,6,6804,买盘
1289,13:43:30,11.34,-0.01,1,1134,买盘
1290,13:43:27,11.35,0.01,99,112365,买盘
1291,13:43:24,11.34,-0.01,104,117936,卖盘
1292,13:43:21,11.35,0.02,19,21565,买盘
1293,13:43:18,11.33,-0.02,21,23793,卖盘
1294,13:43:15,11.35,0.01,49,55615,买盘
1295,13:43:12,11.34,0.01,31,35154,买盘
1296,13:43:09,11.33,--,116,131428,卖盘
1297,13:43:06,11.33,-0.01,68,77044,卖盘
1298,13:43:03,11.34,--,20,22680,买盘
1299,13:43:00,11.34,--,27,30618,买盘
1300,13:42:57,11.34,--,98,111132,买盘
1301,13:42:54,11.34,--,21,23814,买盘
1302,13:42:51,11.34,0.01,19,21546,买盘
1303,13:42:48,11.33,-0.01,3,3399,卖盘
1304,13:42:45,11.34,--,1,1134,买盘
1305,13:42:42,11.34,0.01,31,35154,买盘
1306,13:42:39,11.33,0.01,5,5665,中性盘
1307,13:42:36,11.32,-0.01,124,141171,卖盘
1308,13:42:33,11.33,--,267,302511,买盘
1309,13:42:30,11.33,0.01,5,5665,买盘
1310,13:42:27,11.32,-0.01,98,110936,卖盘
1311,13:42:24,11.33,0.01,20,22660,买盘
1312,13:42:21,11.32,-0.01,1,1132,卖盘
1313,13:42:18,11.33,--,8,9064,买盘
1314,13:42:15,11.33,--,1,1133,买盘
1315,13:42:12,11.33,--,17,19261,买盘
1316,13:42:09,11.33,0.01,50,56650,买盘
1317,13:42:06,11.32,-0.01,58,65656,卖盘
1318,13:42:03,11.33,0.01,2,2266,买盘
1319,13:42:00,11.32,-0.01,34,38488,卖盘
1320,13:41:57,11.33,0.01,53,60049,买盘
1321,13:41:54,11.32,--,45,50940,卖盘
1322,13:41:51,11.32,--,2,2264,卖盘
1323,13:41:48,11.32,--,7,7924,卖盘
1324,13:41:42,11.32,-0.01,24,27168,卖盘
1325,13:41:39,11.33,--,10,11330,买盘
1326,13:41:36,11.33,0.01,56,63448,买盘
1327,13:41:33,11.32,--,56,63392,卖盘
1328,13:41:27,11.32,-0.01,8,9056,卖盘
1329,13:41:24,11.33,0.01,7,7931,买盘
1330,13:41:21,11.32,-0.01,18,20376,卖盘
1331,13:41:18,11.33,0.01,1,1133,买盘
1332,13:41:12,11.32,--,5,5660,卖盘
1333,13:41:09,11.32,--,3,3396,卖盘
1334,13:41:06,11.32,--,434,491288,买盘
1335,13:41:00,11.32,0.01,6,6792,买盘
1336,13:40:57,11.31,--,23,26013,卖盘
1337,13:40:54,11.31,--,2,2262,卖盘
1338,13:40:48,11.31,--,46,52026,卖盘
1339,13:40:45,11.31,-0.01,6,6786,卖盘
1340,13:40:39,11.32,0.01,8,9056,买盘
1341,13:40:36,11.31,--,50,56550,卖盘
1342,13:40:30,11.31,-0.01,7,7917,卖盘
1343,13:40:21,11.32,--,39,44148,买盘
1344,13:40:18,11.32,0.01,12,13584,买盘
1345,13:40:15,11.31,-0.01,2,2262,卖盘
1346,13:40:12,11.32,0.01,10,11320,买盘
1347,13:40:09,11.31,--,36,40716,卖盘
1348,13:40:06,11.31,-0.01,52,58812,卖盘
1349,13:40:03,11.32,--,23,26036,买盘
1350,13:40:00,11.32,--,3,3396,买盘
1351,13:39:57,11.32,--,2,2264,买盘
1352,13:39:54,11.32,--,43,48676,买盘
1353,13:39:51,11.32,--,5,5660,买盘
1354,13:39:48,11.32,--,22,24904,买盘
1355,13:39:45,11.32,--,2,2264,买盘
1356,13:39:42,11.32,0.01,273,309036,买盘
1357,13:39:36,11.31,--,50,56550,卖盘
1358,13:39:30,11.31,--,14,15834,卖盘
1359,13:39:27,11.31,--,21,23751,卖盘
1360,13:39:24,11.31,--,3,3393,卖盘
1361,13:39:21,11.31,--,35,39585,买盘
1362,13:39:18,11.31,-0.01,33,37323,卖盘
1363,13:39:15,11.32,0.01,8,9056,买盘
1364,13:39:12,11.31,--,87,98397,买盘
1365,13:39:09,11.31,--,12,13572,买盘
1366,13:39:06,11.31,--,65,73515,卖盘
1367,13:39:03,11.31,--,2,2262,卖盘
1368,13:39:00,11.31,0.01,6,6786,买盘
1369,13:38:57,11.3,-0.02,18,20340,卖盘
1370,13:38:54,11.32,0.01,254,287528,买盘
1371,13:38:51,11.31,-0.01,14,15834,卖盘
1372,13:38:48,11.32,--,1,1132,买盘
1373,13:38:45,11.32,0.02,42,47544,买盘
1374,13:38:36,11.3,--,50,56500,卖盘
1375,13:38:33,11.3,--,12,13560,卖盘
1376,13:38:27,11.3,-0.01,5,5650,卖盘
1377,13:38:24,11.31,--,45,50895,买盘
1378,13:38:21,11.31,--,9,10179,买盘
1379,13:38:18,11.31,--,2,2262,买盘
1380,13:38:15,11.31,0.01,50,56550,买盘
1381,13:38:12,11.3,-0.01,1,1130,卖盘
1382,13:38:09,11.31,0.01,12,13572,买盘
1383,13:38:06,11.3,-0.01,23,25990,卖盘
1384,13:38:03,11.31,-0.01,11,12441,卖盘
1385,13:38:00,11.32,--,1,1132,买盘
1386,13:37:57,11.32,0.02,36,40752,买盘
1387,13:37:54,11.3,-0.02,212,239560,卖盘
1388,13:37:51,11.32,0.02,1,1132,买盘
1389,13:37:48,11.3,--,29,32770,卖盘
1390,13:37:45,11.3,-0.02,41,46330,卖盘
1391,13:37:42,11.32,0.01,42,47544,买盘
1392,13:37:39,11.31,0.01,5,5655,买盘
1393,13:37:36,11.3,-0.01,76,85880,卖盘
1394,13:37:33,11.31,--,15,16965,买盘
1395,13:37:30,11.31,0.01,1,1131,买盘
1396,13:37:27,11.3,--,530,598900,卖盘
1397,13:37:24,11.3,--,1,1130,卖盘
1398,13:37:21,11.3,--,4,4520,卖盘
1399,13:37:18,11.3,--,14,15820,卖盘
1400,13:37:15,11.3,-0.01,41,46330,卖盘
1401,13:37:12,11.31,--,90,101790,买盘
1402,13:37:09,11.31,0.01,4,4524,买盘
1403,13:37:06,11.3,-0.01,63,71190,卖盘
1404,13:36:57,11.31,--,25,28275,买盘
1405,13:36:54,11.31,0.01,14,15834,买盘
1406,13:36:51,11.3,-0.01,16,18080,卖盘
1407,13:36:48,11.31,--,50,56550,买盘
1408,13:36:45,11.31,--,111,125541,买盘
1409,13:36:42,11.31,--,36,40716,买盘
1410,13:36:39,11.31,0.01,43,48633,买盘
1411,13:36:36,11.3,--,67,75710,卖盘
1412,13:36:30,11.3,-0.01,5,5650,卖盘
1413,13:36:27,11.31,0.01,15,16965,买盘
1414,13:36:24,11.3,--,10,11300,卖盘
1415,13:36:15,11.3,-0.01,47,53110,卖盘
1416,13:36:12,11.31,--,10,11310,买盘
1417,13:36:09,11.31,0.01,100,113100,买盘
1418,13:36:06,11.3,-0.01,79,89270,卖盘
1419,13:36:03,11.31,--,42,47502,买盘
1420,13:36:00,11.31,--,29,32799,卖盘
1421,13:35:57,11.31,-0.02,18,20358,卖盘
1422,13:35:54,11.33,0.02,253,286649,买盘
1423,13:35:51,11.31,-0.01,662,748722,卖盘
1424,13:35:45,11.32,--,102,115464,买盘
1425,13:35:42,11.32,0.01,23,26036,买盘
1426,13:35:39,11.31,--,8,9048,卖盘
1427,13:35:36,11.31,--,102,115362,卖盘
1428,13:35:33,11.31,-0.01,50,56550,卖盘
1429,13:35:30,11.32,--,24,27168,买盘
1430,13:35:27,11.32,--,5,5660,买盘
1431,13:35:18,11.32,--,3,3396,买盘
1432,13:35:15,11.32,--,1,1132,买盘
1433,13:35:12,11.32,0.01,59,66788,买盘
1434,13:35:06,11.31,--,72,81432,卖盘
1435,13:35:03,11.31,-0.01,9,10179,卖盘
1436,13:35:00,11.32,--,1,1132,买盘
1437,13:34:57,11.32,0.02,11,12452,买盘
1438,13:34:54,11.3,-0.02,8,9040,卖盘
1439,13:34:51,11.32,--,8,9056,买盘
1440,13:34:45,11.32,0.01,277,313564,买盘
1441,13:34:42,11.31,--,93,105183,买盘
1442,13:34:39,11.31,--,1013,1145703,卖盘
1443,13:34:36,11.31,-0.01,90,101790,卖盘
1444,13:34:33,11.32,--,100,113200,买盘
1445,13:34:30,11.32,--,34,38488,买盘
1446,13:34:27,11.32,0.01,4,4528,买盘
1447,13:34:24,11.31,-0.01,500,565500,卖盘
1448,13:34:21,11.32,--,27,30564,买盘
1449,13:34:18,11.32,--,100,113200,买盘
1450,13:34:15,11.32,0.01,10,11320,买盘
1451,13:34:06,11.31,-0.01,59,66729,卖盘
1452,13:34:03,11.32,--,11,12452,买盘
1453,13:34:00,11.32,--,23,26036,买盘
1454,13:33:57,11.32,0.01,63,71316,买盘
1455,13:33:54,11.31,-0.01,4,4524,卖盘
1456,13:33:51,11.32,--,22,24904,买盘
1457,13:33:48,11.32,--,50,56600,买盘
1458,13:33:45,11.32,0.01,11,12452,买盘
1459,13:33:42,11.31,-0.01,38,42978,卖盘
1460,13:33:39,11.32,0.01,105,118860,买盘
1461,13:33:36,11.31,--,98,110838,卖盘
1462,13:33:33,11.31,-0.01,139,157209,卖盘
1463,13:33:30,11.32,--,6,6792,买盘
1464,13:33:27,11.32,--,2,2264,买盘
1465,13:33:24,11.32,--,23,26036,买盘
1466,13:33:21,11.32,--,40,45280,买盘
1467,13:33:12,11.32,--,2,2264,买盘
1468,13:33:09,11.32,0.01,32,36224,买盘
1469,13:33:06,11.31,-0.01,165,186615,卖盘
1470,13:33:03,11.32,--,5,5660,买盘
1471,13:33:00,11.32,--,104,117728,买盘
1472,13:32:54,11.32,0.01,59,66788,买盘
1473,13:32:51,11.31,--,2,2262,卖盘
1474,13:32:48,11.31,--,2,2262,卖盘
1475,13:32:42,11.31,--,27,30537,卖盘
1476,13:32:39,11.31,--,7,7917,卖盘
1477,13:32:36,11.31,-0.01,97,109707,卖盘
1478,13:32:33,11.32,--,85,96220,买盘
1479,13:32:30,11.32,0.01,14,15848,买盘
1480,13:32:27,11.31,-0.01,36,40716,卖盘
1481,13:32:21,11.32,--,71,80372,买盘
1482,13:32:18,11.32,--,200,226400,买盘
1483,13:32:15,11.32,0.01,51,57732,买盘
1484,13:32:12,11.31,-0.01,4,4524,卖盘
1485,13:32:09,11.32,0.01,205,232060,买盘
1486,13:32:06,11.31,-0.01,50,56550,卖盘
1487,13:32:00,11.32,--,27,30564,买盘
1488,13:31:57,11.32,0.01,9,10188,买盘
1489,13:31:54,11.31,-0.01,109,123279,卖盘
1490,13:31:51,11.32,0.01,23,26036,买盘
1491,13:31:48,11.31,--,5,5655,卖盘
1492,13:31:42,11.31,-0.01,10,11310,卖盘
1493,13:31:36,11.32,--,155,175460,买盘
1494,13:31:33,11.32,--,71,80372,买盘
1495,13:31:30,11.32,--,24,27168,买盘
1496,13:31:27,11.32,--,8,9056,买盘
1497,13:31:24,11.32,--,14,15848,买盘
1498,13:31:21,11.32,--,30,33960,买盘
1499,13:31:18,11.32,0.01,10,11320,买盘
1500,13:31:15,11.31,-0.01,48,54288,卖盘
1501,13:31:12,11.32,0.01,102,115464,买盘
1502,13:31:09,11.31,--,22,24882,卖盘
1503,13:31:06,11.31,-0.01,50,56550,卖盘
1504,13:31:03,11.32,--,109,123388,买盘
1505,13:31:00,11.32,--,22,24904,买盘
1506,13:30:54,11.32,--,24,27168,买盘
1507,13:30:51,11.32,--,55,62260,买盘
1508,13:30:48,11.32,0.01,64,72448,买盘
1509,13:30:45,11.31,--,40,45240,卖盘
1510,13:30:42,11.31,--,10,11310,卖盘
1511,13:30:39,11.31,--,23,26013,卖盘
1512,13:30:36,11.31,-0.01,73,82563,卖盘
1513,13:30:33,11.32,0.01,132,149424,买盘
1514,13:30:30,11.31,-0.01,20,22620,卖盘
1515,13:30:27,11.32,0.01,2,2264,买盘
1516,13:30:24,11.31,-0.01,7,7917,卖盘
1517,13:30:18,11.32,0.01,1,1132,买盘
1518,13:30:15,11.31,--,11,12441,卖盘
1519,13:30:12,11.31,-0.01,1,1131,卖盘
1520,13:30:09,11.32,0.01,86,97352,买盘
1521,13:30:06,11.31,--,360,407386,买盘
1522,13:30:03,11.31,--,524,592644,买盘
1523,13:30:00,11.31,--,703,795093,买盘
1524,13:29:57,11.31,0.01,2,2262,买盘
1525,13:29:54,11.3,-0.01,4,4520,卖盘
1526,13:29:51,11.31,--,32,36192,买盘
1527,13:29:48,11.31,--,115,130065,买盘
1528,13:29:45,11.31,--,28,31668,买盘
1529,13:29:42,11.31,--,47,53157,买盘
1530,13:29:39,11.31,--,25,28275,买盘
1531,13:29:36,11.31,--,123,139113,买盘
1532,13:29:33,11.31,--,23,26013,买盘
1533,13:29:30,11.31,0.01,67,75777,买盘
1534,13:29:27,11.3,--,8,9040,卖盘
1535,13:29:21,11.3,-0.01,28,31640,卖盘
1536,13:29:15,11.31,--,15,16965,买盘
1537,13:29:12,11.31,--,76,85956,买盘
1538,13:29:09,11.31,--,110,124410,买盘
1539,13:29:06,11.31,--,239,270309,买盘
1540,13:29:03,11.31,--,245,277095,买盘
1541,13:29:00,11.31,--,9,10179,买盘
1542,13:28:57,11.31,--,12,13572,买盘
1543,13:28:54,11.31,0.01,63,71253,买盘
1544,13:28:51,11.3,--,144,162720,卖盘
1545,13:28:48,11.3,--,84,94920,卖盘
1546,13:28:45,11.3,-0.01,42,47460,卖盘
1547,13:28:42,11.31,--,4,4524,买盘
1548,13:28:39,11.31,0.01,34,38454,买盘
1549,13:28:36,11.3,-0.01,69,77970,卖盘
1550,13:28:33,11.31,--,99,111969,买盘
1551,13:28:30,11.31,--,155,175305,买盘
1552,13:28:27,11.31,--,23,26013,买盘
1553,13:28:24,11.31,--,42,47502,买盘
1554,13:28:21,11.31,--,198,223938,买盘
1555,13:28:18,11.31,--,467,528177,买盘
1556,13:28:15,11.31,0.01,145,163995,买盘
1557,13:28:12,11.3,-0.01,511,577430,卖盘
1558,13:28:09,11.31,0.01,82,92742,买盘
1559,13:28:06,11.3,-0.01,176,198880,卖盘
1560,13:28:03,11.31,--,109,123279,买盘
1561,13:28:00,11.31,--,6,6786,买盘
1562,13:27:57,11.31,0.01,1,1131,买盘
1563,13:27:54,11.3,-0.01,14,15820,卖盘
1564,13:27:51,11.31,0.01,18,20358,买盘
1565,13:27:48,11.3,-0.01,1,1130,卖盘
1566,13:27:45,11.31,--,10,11310,买盘
1567,13:27:42,11.31,--,28,31668,买盘
1568,13:27:39,11.31,0.01,22,24882,买盘
1569,13:27:36,11.3,-0.01,54,61020,卖盘
1570,13:27:33,11.31,--,42,47502,买盘
1571,13:27:27,11.31,--,19,21489,买盘
1572,13:27:24,11.31,0.01,70,79170,买盘
1573,13:27:21,11.3,-0.01,4,4520,卖盘
1574,13:27:18,11.31,--,12,13572,买盘
1575,13:27:15,11.31,0.01,20,22620,买盘
1576,13:27:12,11.3,-0.01,13,14690,卖盘
1577,13:27:09,11.31,--,43,48633,买盘
1578,13:27:06,11.31,0.01,58,65598,买盘
1579,13:27:03,11.3,--,39,44070,卖盘
1580,13:27:00,11.3,--,8,9040,卖盘
1581,13:26:54,11.3,--,28,31640,卖盘
1582,13:26:51,11.3,--,424,479120,卖盘
1583,13:26:48,11.3,--,24,27120,卖盘
1584,13:26:45,11.3,-0.01,80,90400,卖盘
1585,13:26:42,11.31,0.01,1,1131,买盘
1586,13:26:39,11.3,--,42,47460,卖盘
1587,13:26:36,11.3,-0.01,72,81360,卖盘
1588,13:26:33,11.31,--,24,27144,买盘
1589,13:26:30,11.31,0.01,26,29406,买盘
1590,13:26:27,11.3,--,12,13560,卖盘
1591,13:26:24,11.3,--,111,125430,卖盘
1592,13:26:21,11.3,--,59,66670,卖盘
1593,13:26:18,11.3,-0.01,28,31640,卖盘
1594,13:26:12,11.31,0.01,15,16965,买盘
1595,13:26:06,11.3,--,92,103960,卖盘
1596,13:26:03,11.3,-0.01,10,11300,卖盘
1597,13:26:00,11.31,--,17,19227,买盘
1598,13:25:57,11.31,--,10,11310,买盘
1599,13:25:51,11.31,--,101,114231,买盘
1600,13:25:48,11.31,--,13,14703,买盘
1601,13:25:45,11.31,--,25,28275,买盘
1602,13:25:42,11.31,--,1,1131,买盘
1603,13:25:39,11.31,0.01,18,20358,买盘
1604,13:25:36,11.3,-0.01,60,67800,卖盘
1605,13:25:33,11.31,--,11,12441,买盘
1606,13:25:30,11.31,--,1,1131,买盘
1607,13:25:27,11.31,--,90,101790,买盘
1608,13:25:24,11.31,--,77,87087,买盘
1609,13:25:21,11.31,0.01,18,20358,买盘
1610,13:25:18,11.3,--,1352,1527760,卖盘
1611,13:25:15,11.3,-0.01,23,25990,卖盘
1612,13:25:12,11.31,--,1,1131,买盘
1613,13:25:09,11.31,0.01,9,10179,买盘
1614,13:25:06,11.3,-0.01,50,56500,卖盘
1615,13:25:03,11.31,--,22,24882,买盘
1616,13:25:00,11.31,--,242,273702,买盘
1617,13:24:57,11.31,--,6,6786,买盘
1618,13:24:54,11.31,--,61,68991,买盘
1619,13:24:51,11.31,0.01,65,73515,买盘
1620,13:24:48,11.3,-0.01,150,169500,卖盘
1621,13:24:45,11.31,--,29,32799,买盘
1622,13:24:42,11.31,0.01,4,4524,买盘
1623,13:24:39,11.3,--,9,10170,卖盘
1624,13:24:36,11.3,--,157,177410,卖盘
1625,13:24:33,11.3,-0.01,12,13560,卖盘
1626,13:24:30,11.31,0.01,32,36192,买盘
1627,13:24:27,11.3,--,49,55370,卖盘
1628,13:24:24,11.3,--,3,3390,卖盘
1629,13:24:21,11.3,-0.01,124,140120,卖盘
1630,13:24:18,11.31,0.01,2,2262,买盘
1631,13:24:15,11.3,--,135,152550,卖盘
1632,13:24:12,11.3,--,2,2260,卖盘
1633,13:24:09,11.3,-0.01,25,28250,卖盘
1634,13:24:06,11.31,0.01,79,89349,买盘
1635,13:24:03,11.3,--,201,227130,卖盘
1636,13:24:00,11.3,--,8,9040,买盘
1637,13:23:57,11.3,--,6,6780,买盘
1638,13:23:54,11.3,--,175,197750,买盘
1639,13:23:51,11.3,0.01,42,47460,买盘
1640,13:23:48,11.29,--,8,9032,卖盘
1641,13:23:45,11.29,-0.01,10,11290,卖盘
1642,13:23:42,11.3,--,453,511890,卖盘
1643,13:23:39,11.3,--,111,125430,卖盘
1644,13:23:36,11.3,--,1,1130,卖盘
1645,13:23:30,11.3,--,26,29380,卖盘
1646,13:23:27,11.3,--,26,29380,卖盘
1647,13:23:24,11.3,0.01,2,2260,买盘
1648,13:23:21,11.29,-0.01,247,278863,卖盘
1649,13:23:18,11.3,--,37,41810,买盘
1650,13:23:15,11.3,--,10,11300,买盘
1651,13:23:12,11.3,--,37,41810,买盘
1652,13:23:09,11.3,--,124,140120,买盘
1653,13:23:06,11.3,0.01,213,240690,买盘
1654,13:23:03,11.29,-0.01,53,59836,卖盘
1655,13:23:00,11.3,--,8,9040,买盘
1656,13:22:57,11.3,--,15,16950,买盘
1657,13:22:54,11.3,--,20,22600,买盘
1658,13:22:51,11.3,--,76,85880,买盘
1659,13:22:48,11.3,-0.01,381,430530,卖盘
1660,13:22:42,11.31,--,27,30537,买盘
1661,13:22:39,11.31,--,10,11310,买盘
1662,13:22:36,11.31,0.01,20,22620,买盘
1663,13:22:33,11.3,-0.01,104,117520,卖盘
1664,13:22:30,11.31,0.01,40,45240,买盘
1665,13:22:27,11.3,-0.01,71,80230,卖盘
1666,13:22:24,11.31,--,19,21489,买盘
1667,13:22:21,11.31,--,69,78039,买盘
1668,13:22:18,11.31,0.01,300,339300,买盘
1669,13:22:15,11.3,--,247,279110,买盘
1670,13:22:12,11.3,--,52,58760,买盘
1671,13:22:09,11.3,-0.01,230,260849,卖盘
1672,13:22:06,11.31,0.01,86,97266,买盘
1673,13:22:03,11.3,-0.01,3,3390,卖盘
1674,13:22:00,11.31,0.01,31,35061,买盘
1675,13:21:57,11.3,--,984,1112100,卖盘
1676,13:21:54,11.3,-0.01,8,9040,卖盘
1677,13:21:51,11.31,0.01,85,96135,买盘
1678,13:21:48,11.3,-0.01,3,3390,卖盘
1679,13:21:45,11.31,--,2,2262,买盘
1680,13:21:42,11.31,--,11,12441,买盘
1681,13:21:39,11.31,--,8,9048,买盘
1682,13:21:36,11.31,--,54,61074,买盘
1683,13:21:33,11.31,0.01,11,12441,买盘
1684,13:21:30,11.3,-0.02,95,107350,卖盘
1685,13:21:27,11.32,0.01,2,2264,买盘
1686,13:21:24,11.31,--,28,31668,卖盘
1687,13:21:18,11.31,--,147,166257,卖盘
1688,13:21:15,11.31,-0.01,100,113100,卖盘
1689,13:21:09,11.32,--,3,3396,买盘
1690,13:21:06,11.32,0.01,90,101880,买盘
1691,13:21:03,11.31,--,1,1131,卖盘
1692,13:21:00,11.31,--,38,42978,卖盘
1693,13:20:57,11.31,-0.01,15,16965,卖盘
1694,13:20:48,11.32,0.01,3,3396,买盘
1695,13:20:45,11.31,--,98,110838,买盘
1696,13:20:42,11.31,0.01,21,23751,买盘
1697,13:20:39,11.3,-0.01,50,56500,卖盘
1698,13:20:33,11.31,0.01,16,18096,买盘
1699,13:20:30,11.3,--,58,65540,卖盘
1700,13:20:27,11.3,--,5,5650,卖盘
1701,13:20:24,11.3,-0.01,66,74580,卖盘
1702,13:20:21,11.31,--,265,299715,买盘
1703,13:20:18,11.31,0.01,64,72384,买盘
1704,13:20:15,11.3,-0.01,42,47460,卖盘
1705,13:20:12,11.31,--,3,3393,买盘
1706,13:20:09,11.31,0.01,23,26013,买盘
1707,13:20:06,11.3,--,13,14690,卖盘
1708,13:20:03,11.3,--,102,115260,卖盘
1709,13:20:00,11.3,--,3,3390,卖盘
1710,13:19:54,11.3,--,116,131080,卖盘
1711,13:19:51,11.3,-0.01,60,67800,卖盘
1712,13:19:48,11.31,--,5,5655,买盘
1713,13:19:45,11.31,--,21,23751,买盘
1714,13:19:42,11.31,0.01,518,585858,买盘
1715,13:19:39,11.3,--,28,31640,买盘
1716,13:19:33,11.3,--,102,115260,买盘
1717,13:19:30,11.3,--,50,56500,买盘
1718,13:19:27,11.3,--,34,38420,买盘
1719,13:19:24,11.3,--,63,71190,买盘
1720,13:19:21,11.3,--,50,56500,买盘
1721,13:19:18,11.3,--,310,350300,卖盘
1722,13:19:15,11.3,0.01,138,155940,买盘
1723,13:19:12,11.29,-0.01,24,27095,卖盘
1724,13:19:09,11.3,0.01,2,2260,买盘
1725,13:19:06,11.29,-0.01,22,24837,卖盘
1726,13:19:03,11.3,-0.01,240,271200,卖盘
1727,13:19:00,11.31,--,3,3393,买盘
1728,13:18:57,11.31,0.01,2,2262,买盘
1729,13:18:54,11.3,--,5,5650,卖盘
1730,13:18:51,11.3,--,10,11300,卖盘
1731,13:18:48,11.3,--,1,1130,卖盘
1732,13:18:45,11.3,--,9,10170,买盘
1733,13:18:42,11.3,-0.01,391,441830,卖盘
1734,13:18:39,11.31,-0.01,11,12441,卖盘
1735,13:18:36,11.32,0.02,1,1132,买盘
1736,13:18:33,11.3,--,13,14690,卖盘
1737,13:18:30,11.3,-0.01,10,11300,卖盘
1738,13:18:27,11.31,--,71,80301,买盘
1739,13:18:18,11.31,-0.01,25,28275,中性盘
1740,13:18:15,11.32,0.02,45,50940,买盘
1741,13:18:09,11.3,--,8,9040,卖盘
1742,13:18:06,11.3,--,51,57630,买盘
1743,13:18:03,11.3,-0.02,191,215830,卖盘
1744,13:18:00,11.32,0.02,1,1132,买盘
1745,13:17:57,11.3,--,3,3390,卖盘
1746,13:17:54,11.3,--,109,123170,买盘
1747,13:17:51,11.3,--,15,16950,买盘
1748,13:17:48,11.3,--,40,45200,买盘
1749,13:17:45,11.3,--,139,157070,买盘
1750,13:17:42,11.3,-0.02,249,281370,卖盘
1751,13:17:39,11.32,0.01,6,6792,买盘
1752,13:17:36,11.31,--,5,5655,卖盘
1753,13:17:33,11.31,0.01,996,1126476,买盘
1754,13:17:30,11.3,0.01,10,11300,买盘
1755,13:17:27,11.29,-0.01,28,31611,卖盘
1756,13:17:24,11.3,0.01,20,22600,买盘
1757,13:17:21,11.29,-0.01,54,60965,卖盘
1758,13:17:18,11.3,--,56,63280,买盘
1759,13:17:15,11.3,--,45,50850,买盘
1760,13:17:12,11.3,--,710,802300,卖盘
1761,13:17:09,11.3,-0.02,100,113000,卖盘
1762,13:17:06,11.32,--,230,260360,买盘
1763,13:17:03,11.32,--,14,15848,买盘
1764,13:17:00,11.32,--,8,9056,买盘
1765,13:16:57,11.32,--,2,2264,买盘
1766,13:16:54,11.32,0.02,25,28300,买盘
1767,13:16:51,11.3,-0.01,191,215830,卖盘
1768,13:16:48,11.31,-0.01,9,10179,卖盘
1769,13:16:42,11.32,0.01,84,95088,买盘
1770,13:16:39,11.31,-0.01,39,44109,卖盘
1771,13:16:36,11.32,--,23,26036,买盘
1772,13:16:33,11.32,--,2,2264,买盘
1773,13:16:27,11.32,--,517,585244,买盘
1774,13:16:24,11.32,--,42,47544,买盘
1775,13:16:21,11.32,--,726,821832,买盘
1776,13:16:18,11.32,0.01,91,103012,买盘
1777,13:16:15,11.31,-0.01,17,19227,卖盘
1778,13:16:12,11.32,--,30,33960,买盘
1779,13:16:09,11.32,0.01,98,110936,买盘
1780,13:16:06,11.31,--,4,4524,买盘
1781,13:16:03,11.31,--,12,13572,买盘
1782,13:16:00,11.31,--,311,351741,卖盘
1783,13:15:57,11.31,--,11,12441,卖盘
1784,13:15:54,11.31,--,37,41847,卖盘
1785,13:15:51,11.31,--,37,41847,卖盘
1786,13:15:48,11.31,--,3,3393,卖盘
1787,13:15:45,11.31,--,12,13572,卖盘
1788,13:15:42,11.31,--,27,30537,买盘
1789,13:15:39,11.31,--,139,157209,买盘
1790,13:15:36,11.31,--,8,9048,买盘
1791,13:15:33,11.31,--,30,33930,买盘
1792,13:15:30,11.31,--,28,31668,买盘
1793,13:15:27,11.31,0.01,76,85956,买盘
1794,13:15:24,11.3,--,69,77970,买盘
1795,13:15:21,11.3,-0.01,493,557090,卖盘
1796,13:15:18,11.31,0.01,10,11310,买盘
1797,13:15:15,11.3,-0.01,3,3390,卖盘
1798,13:15:12,11.31,-0.01,205,231855,卖盘
1799,13:15:09,11.32,0.01,91,103012,买盘
1800,13:15:06,11.31,--,102,115362,卖盘
1801,13:15:03,11.31,--,118,133458,买盘
1802,13:15:00,11.31,--,11,12441,买盘
1803,13:14:57,11.31,--,166,187746,买盘
1804,13:14:54,11.31,--,68,76908,买盘
1805,13:14:51,11.31,--,32,36192,买盘
1806,13:14:48,11.31,--,50,56550,买盘
1807,13:14:45,11.31,-0.01,70,79170,卖盘
1808,13:14:42,11.32,--,129,146028,买盘
1809,13:14:39,11.32,0.02,106,119992,买盘
1810,13:14:36,11.3,-0.02,3,3390,卖盘
1811,13:14:33,11.32,0.02,19,21508,买盘
1812,13:14:30,11.3,-0.02,101,114130,卖盘
1813,13:14:27,11.32,--,59,66788,买盘
1814,13:14:24,11.32,--,56,63392,买盘
1815,13:14:21,11.32,--,52,58864,买盘
1816,13:14:18,11.32,--,24,27168,买盘
1817,13:14:15,11.32,--,68,76976,买盘
1818,13:14:12,11.32,0.01,17,19244,买盘
1819,13:14:09,11.31,--,621,702351,买盘
1820,13:14:06,11.31,-0.01,164,185484,卖盘
1821,13:14:03,11.32,--,11,12452,买盘
1822,13:14:00,11.32,--,104,117728,买盘
1823,13:13:57,11.32,--,12,13584,买盘
1824,13:13:54,11.32,--,2,2264,买盘
1825,13:13:51,11.32,--,16,18112,买盘
1826,13:13:48,11.32,0.01,76,86032,买盘
1827,13:13:45,11.31,-0.01,19,21489,卖盘
1828,13:13:42,11.32,--,292,330544,买盘
1829,13:13:39,11.32,0.01,12,13584,买盘
1830,13:13:36,11.31,-0.01,30,33930,卖盘
1831,13:13:33,11.32,--,8,9056,买盘
1832,13:13:30,11.32,--,50,56600,卖盘
1833,13:13:27,11.32,--,122,138104,卖盘
1834,13:13:24,11.32,--,15,16980,卖盘
1835,13:13:21,11.32,0.01,83,93956,买盘
1836,13:13:18,11.31,--,70,79170,买盘
1837,13:13:15,11.31,--,138,156078,买盘
1838,13:13:12,11.31,0.01,33,37323,买盘
1839,13:13:09,11.3,0.01,82,92660,买盘
1840,13:13:06,11.29,-0.01,52,58707,卖盘
1841,13:13:03,11.3,0.01,247,279110,买盘
1842,13:13:00,11.29,--,15,16935,卖盘
1843,13:12:57,11.29,-0.02,3982,4495678,卖盘
1844,13:12:54,11.31,0.01,40,45240,买盘
1845,13:12:51,11.3,-0.01,2,2260,卖盘
1846,13:12:48,11.31,--,248,280488,买盘
1847,13:12:45,11.31,--,100,113100,买盘
1848,13:12:42,11.31,--,10,11310,买盘
1849,13:12:39,11.31,--,2,2262,买盘
1850,13:12:36,11.31,--,610,689910,买盘
1851,13:12:33,11.31,-0.01,2329,2634099,卖盘
1852,13:12:30,11.32,-0.01,205,232060,卖盘
1853,13:12:27,11.33,--,13,14729,买盘
1854,13:12:24,11.33,--,10,11330,买盘
1855,13:12:21,11.33,-0.02,82,92906,卖盘
1856,13:12:18,11.35,0.01,105,119175,买盘
1857,13:12:15,11.34,0.02,249,282366,买盘
1858,13:12:12,11.32,-0.02,17,19244,卖盘
1859,13:12:09,11.34,0.02,64,72576,买盘
1860,13:12:06,11.32,-0.02,86,97352,卖盘
1861,13:12:03,11.34,0.01,147,166698,买盘
1862,13:12:00,11.33,0.01,13,14729,买盘
1863,13:11:57,11.32,-0.01,71,80372,卖盘
1864,13:11:54,11.33,--,126,142758,买盘
1865,13:11:51,11.33,--,61,69113,买盘
1866,13:11:48,11.33,--,76,86108,买盘
1867,13:11:45,11.33,--,12,13596,买盘
1868,13:11:42,11.33,--,45,50985,买盘
1869,13:11:39,11.33,--,51,57783,买盘
1870,13:11:36,11.33,--,8,9064,买盘
1871,13:11:33,11.33,--,54,61182,买盘
1872,13:11:30,11.33,-0.01,445,504910,卖盘
1873,13:11:27,11.34,0.01,118,133812,买盘
1874,13:11:24,11.33,-0.01,96,108768,卖盘
1875,13:11:21,11.34,0.01,47,53298,买盘
1876,13:11:18,11.33,-0.02,2,2266,卖盘
1877,13:11:15,11.35,0.02,31,35185,买盘
1878,13:11:12,11.33,-0.02,1882,2132306,卖盘
1879,13:11:09,11.35,--,38,43130,买盘
1880,13:11:06,11.35,--,106,120310,买盘
1881,13:11:03,11.35,--,54,61290,买盘
1882,13:11:00,11.35,--,70,79450,卖盘
1883,13:10:57,11.35,-0.01,13,14755,卖盘
1884,13:10:54,11.36,0.01,336,381696,买盘
1885,13:10:51,11.35,--,76,86260,卖盘
1886,13:10:48,11.35,--,10,11350,卖盘
1887,13:10:45,11.35,--,21,23835,卖盘
1888,13:10:42,11.35,--,359,407465,买盘
1889,13:10:39,11.35,--,78,88530,买盘
1890,13:10:36,11.35,--,29,32915,买盘
1891,13:10:33,11.35,--,14,15890,买盘
1892,13:10:30,11.35,--,25,28375,买盘
1893,13:10:27,11.35,--,3,3405,买盘
1894,13:10:24,11.35,--,13,14755,买盘
1895,13:10:21,11.35,0.01,8,9080,买盘
1896,13:10:18,11.34,--,2,2268,卖盘
1897,13:10:15,11.34,-0.01,18,20412,卖盘
1898,13:10:12,11.35,0.01,2,2270,买盘
1899,13:10:09,11.34,-0.01,23,26082,卖盘
1900,13:10:06,11.35,--,40,45400,卖盘
1901,13:10:03,11.35,-0.01,10,11350,卖盘
1902,13:10:00,11.36,0.02,44,49984,买盘
1903,13:09:54,11.34,--,57,64638,卖盘
1904,13:09:51,11.34,--,95,107730,卖盘
1905,13:09:48,11.34,-0.01,29,32886,卖盘
1906,13:09:45,11.35,0.01,174,197490,买盘
1907,13:09:42,11.34,-0.01,14,15876,卖盘
1908,13:09:39,11.35,0.01,16,18160,买盘
1909,13:09:30,11.34,-0.01,39,44226,卖盘
1910,13:09:27,11.35,0.01,29,32915,买盘
1911,13:09:24,11.34,-0.01,6,6804,卖盘
1912,13:09:21,11.35,0.01,5,5675,买盘
1913,13:09:18,11.34,-0.01,170,192780,卖盘
1914,13:09:15,11.35,0.01,5,5675,买盘
1915,13:09:12,11.34,-0.01,57,64638,卖盘
1916,13:09:09,11.35,--,2,2270,买盘
1917,13:09:06,11.35,--,115,130525,买盘
1918,13:09:03,11.35,--,21,23835,买盘
1919,13:09:00,11.35,-0.01,1293,1467555,卖盘
1920,13:08:57,11.36,--,6,6816,卖盘
1921,13:08:51,11.36,-0.01,310,352160,卖盘
1922,13:08:48,11.37,--,61,69357,卖盘
1923,13:08:45,11.37,--,1,1137,卖盘
1924,13:08:42,11.37,--,207,235358,卖盘
1925,13:08:39,11.37,--,3,3410,卖盘
1926,13:08:36,11.37,-0.01,7,7958,卖盘
1927,13:08:33,11.38,--,25,28450,买盘
1928,13:08:30,11.38,--,5,5690,买盘
1929,13:08:27,11.38,0.01,8,9104,买盘
1930,13:08:24,11.37,--,21,23877,卖盘
1931,13:08:21,11.37,--,10,11370,卖盘
1932,13:08:18,11.37,-0.01,317,360429,卖盘
1933,13:08:15,11.38,--,2,2276,买盘
1934,13:08:12,11.38,0.01,18,20484,买盘
1935,13:08:09,11.37,-0.01,10,11370,卖盘
1936,13:08:06,11.38,0.01,68,77384,买盘
1937,13:08:03,11.37,--,26,29561,卖盘
1938,13:08:00,11.37,--,65,73905,卖盘
1939,13:07:57,11.37,-0.01,2,2274,卖盘
1940,13:07:54,11.38,--,122,138836,买盘
1941,13:07:51,11.38,--,11,12518,买盘
1942,13:07:48,11.38,--,42,47796,买盘
1943,13:07:42,11.38,--,70,79660,买盘
1944,13:07:39,11.38,--,21,23898,买盘
1945,13:07:36,11.38,0.01,12,13656,买盘
1946,13:07:30,11.37,-0.01,107,121658,卖盘
1947,13:07:27,11.38,--,48,54624,买盘
1948,13:07:24,11.38,--,2,2276,买盘
1949,13:07:21,11.38,--,1,1138,买盘
1950,13:07:18,11.38,0.01,21,23898,买盘
1951,13:07:15,11.37,--,9,10233,卖盘
1952,13:07:12,11.37,--,101,114836,卖盘
1953,13:07:06,11.37,-0.01,21,23877,卖盘
1954,13:07:03,11.38,0.01,753,856914,买盘
1955,13:07:00,11.37,-0.01,90,102330,卖盘
1956,13:06:57,11.38,0.01,50,56900,买盘
1957,13:06:54,11.37,--,192,218303,卖盘
1958,13:06:51,11.37,--,14,15917,卖盘
1959,13:06:45,11.37,--,27,30698,卖盘
1960,13:06:42,11.37,--,17,19329,卖盘
1961,13:06:39,11.37,--,58,65946,卖盘
1962,13:06:36,11.37,--,15,17055,卖盘
1963,13:06:33,11.37,--,209,237632,卖盘
1964,13:06:27,11.37,--,14,15917,卖盘
1965,13:06:24,11.37,--,5,5685,卖盘
1966,13:06:21,11.37,-0.01,14,15917,中性盘
1967,13:06:12,11.38,--,1,1138,买盘
1968,13:06:09,11.38,0.02,61,69418,买盘
1969,13:06:06,11.36,--,5,5680,卖盘
1970,13:06:03,11.36,-0.02,53,60208,卖盘
1971,13:06:00,11.38,0.01,25,28450,买盘
1972,13:05:57,11.37,0.01,52,59123,买盘
1973,13:05:54,11.36,-0.01,40,45440,卖盘
1974,13:05:48,11.37,--,11,12507,买盘
1975,13:05:45,11.37,-0.01,3,3410,中性盘
1976,13:05:42,11.38,--,11,12518,买盘
1977,13:05:36,11.38,0.01,499,567862,买盘
1978,13:05:30,11.37,-0.01,5,5685,卖盘
1979,13:05:27,11.38,0.02,63,71694,买盘
1980,13:05:24,11.36,-0.01,91,103376,卖盘
1981,13:05:21,11.37,--,43,48891,卖盘
1982,13:05:18,11.37,--,14,15917,卖盘
1983,13:05:15,11.37,-0.01,3,3410,中性盘
1984,13:05:06,11.38,0.02,1,1138,买盘
1985,13:05:03,11.36,-0.02,21,23856,卖盘
1986,13:05:00,11.38,--,22,25036,买盘
1987,13:04:57,11.38,0.02,46,52348,买盘
1988,13:04:54,11.36,--,9,10224,卖盘
1989,13:04:51,11.36,--,78,88608,卖盘
1990,13:04:48,11.36,-0.01,40,45440,卖盘
1991,13:04:45,11.37,--,82,93234,买盘
1992,13:04:39,11.37,0.01,7,7958,买盘
1993,13:04:36,11.36,--,10,11360,卖盘
1994,13:04:33,11.36,--,2,2272,卖盘
1995,13:04:30,11.36,-0.01,3,3408,卖盘
1996,13:04:27,11.37,0.01,24,27287,买盘
1997,13:04:24,11.36,--,39,44304,卖盘
1998,13:04:21,11.36,-0.01,73,82928,卖盘
1999,13:04:18,11.37,0.01,10,11370,买盘
2000,13:04:12,11.36,--,15,17040,卖盘
2001,13:04:09,11.36,-0.01,128,145408,卖盘
2002,13:04:06,11.37,0.01,41,46617,买盘
2003,13:04:03,11.36,0.01,19,21584,买盘
2004,13:04:00,11.35,-0.01,17,19295,卖盘
2005,13:03:57,11.36,--,26,29536,买盘
2006,13:03:51,11.36,--,47,53392,买盘
2007,13:03:48,11.36,-0.01,53,60208,卖盘
2008,13:03:45,11.37,0.01,44,50028,买盘
2009,13:03:42,11.36,-0.01,4,4544,卖盘
2010,13:03:36,11.37,0.03,10,11370,买盘
2011,13:03:33,11.34,-0.03,76,86184,卖盘
2012,13:03:30,11.37,--,11,12507,买盘
2013,13:03:27,11.37,0.02,3,3410,买盘
2014,13:03:24,11.35,0.01,28,32188,买盘
2015,13:03:21,11.34,--,156,176904,卖盘
2016,13:03:18,11.34,-0.01,33,37422,卖盘
2017,13:03:15,11.35,--,7,7945,买盘
2018,13:03:12,11.35,--,8,9080,买盘
2019,13:03:09,11.35,--,187,212971,卖盘
2020,13:03:06,11.35,-0.01,206,234218,卖盘
2021,13:03:03,11.36,--,8,9088,买盘
2022,13:03:00,11.36,0.02,13,14768,买盘
2023,13:02:57,11.34,-0.01,394,446796,卖盘
2024,13:02:54,11.35,-0.01,53,60155,卖盘
2025,13:02:51,11.36,0.01,149,169264,买盘
2026,13:02:48,11.35,--,144,163440,买盘
2027,13:02:45,11.35,--,353,400655,卖盘
2028,13:02:42,11.35,-0.01,106,120310,卖盘
2029,13:02:39,11.36,--,66,74976,买盘
2030,13:02:36,11.36,--,175,198800,买盘
2031,13:02:33,11.36,--,34,38624,买盘
2032,13:02:30,11.36,--,7,7952,买盘
2033,13:02:27,11.36,--,22,24992,买盘
2034,13:02:21,11.36,--,29,32944,买盘
2035,13:02:18,11.36,--,30,34080,买盘
2036,13:02:15,11.36,0.01,14,15904,买盘
2037,13:02:09,11.35,-0.01,67,76045,卖盘
2038,13:02:06,11.36,--,8,9088,买盘
2039,13:02:03,11.36,--,8,9088,买盘
2040,13:02:00,11.36,--,8,9088,买盘
2041,13:01:54,11.36,0.01,38,43168,买盘
2042,13:01:51,11.35,-0.01,65,73775,卖盘
2043,13:01:48,11.36,0.01,643,730448,买盘
2044,13:01:45,11.35,--,15,17025,买盘
2045,13:01:42,11.35,0.01,74,83990,买盘
2046,13:01:39,11.34,-0.01,110,124740,卖盘
2047,13:01:36,11.35,--,1,1135,买盘
2048,13:01:33,11.35,--,97,110095,买盘
2049,13:01:30,11.35,-0.01,1491,1692285,卖盘
2050,13:01:27,11.36,--,1,1136,买盘
2051,13:01:24,11.36,0.01,5,5680,买盘
2052,13:01:21,11.35,-0.01,7,7945,卖盘
2053,13:01:18,11.36,--,1,1136,买盘
2054,13:01:15,11.36,--,22,24992,买盘
2055,13:01:12,11.36,--,3,3408,买盘
2056,13:01:09,11.36,-0.02,937,1065159,卖盘
2057,13:01:06,11.38,--,2,2276,买盘
2058,13:01:00,11.38,--,2,2276,买盘
2059,13:00:57,11.38,0.01,78,88764,买盘
2060,13:00:54,11.37,--,11,12507,卖盘
2061,13:00:51,11.37,--,7,7958,卖盘
2062,13:00:48,11.37,--,86,97782,卖盘
2063,13:00:45,11.37,-0.01,31,35247,卖盘
2064,13:00:42,11.38,-0.01,235,267430,卖盘
2065,13:00:39,11.39,0.01,1,1139,买盘
2066,13:00:33,11.38,--,6,6828,卖盘
2067,13:00:30,11.38,--,45,51210,卖盘
2068,13:00:27,11.38,--,3,3414,卖盘
2069,13:00:24,11.38,--,48,54624,买盘
2070,13:00:21,11.38,0.01,207,235566,买盘
2071,13:00:18,11.37,0.01,24,27287,中性盘
2072,13:00:15,11.36,-0.01,213,241968,卖盘
2073,13:00:12,11.37,-0.01,73,83001,卖盘
2074,13:00:09,11.38,0.01,780,887640,买盘
2075,13:00:06,11.37,--,732,832284,买盘
2076,13:00:03,11.37,--,1645,1871354,卖盘
2077,13:00:00,11.37,--,256,291072,卖盘
2078,11:30:00,11.37,--,2,2274,卖盘
2079,11:29:57,11.37,--,20,22740,卖盘
2080,11:29:54,11.37,-0.01,2,2274,卖盘
2081,11:29:51,11.38,--,6,6975,买盘
2082,11:29:48,11.38,--,269,306122,买盘
2083,11:29:45,11.38,0.01,85,96730,买盘
2084,11:29:42,11.37,-0.01,36,40932,卖盘
2085,11:29:39,11.38,0.01,5,5690,买盘
2086,11:29:36,11.37,--,445,505964,卖盘
2087,11:29:33,11.37,-0.01,61,69357,卖盘
2088,11:29:30,11.38,0.01,44,50072,买盘
2089,11:29:27,11.37,--,2,2274,卖盘
2090,11:29:24,11.37,0.01,57,64808,买盘
2091,11:29:21,11.36,--,1,1136,卖盘
2092,11:29:18,11.36,--,4,4544,卖盘
2093,11:29:15,11.36,--,23,26128,卖盘
2094,11:29:09,11.36,--,20,22720,卖盘
2095,11:29:06,11.36,-0.01,679,771344,卖盘
2096,11:29:03,11.37,0.01,114,129617,买盘
2097,11:29:00,11.36,--,12,13632,卖盘
2098,11:28:57,11.36,--,4,4544,卖盘
2099,11:28:54,11.36,--,35,39760,卖盘
2100,11:28:48,11.36,--,2,2272,卖盘
2101,11:28:45,11.36,-0.01,182,206752,卖盘
2102,11:28:42,11.37,--,25,28424,卖盘
2103,11:28:36,11.37,--,825,938024,卖盘
2104,11:28:33,11.37,0.01,85,96645,买盘
2105,11:28:30,11.36,-0.01,32,36352,卖盘
2106,11:28:27,11.37,--,1,1137,买盘
2107,11:28:21,11.37,--,92,104604,卖盘
2108,11:28:18,11.37,-0.01,10,11370,卖盘
2109,11:28:15,11.38,--,40,45520,买盘
2110,11:28:06,11.38,0.01,16,18208,买盘
2111,11:28:03,11.37,--,2,2274,卖盘
2112,11:27:57,11.37,-0.01,592,673104,卖盘
2113,11:27:48,11.38,0.01,52,59176,中性盘
2114,11:27:45,11.37,-0.01,78,88686,卖盘
2115,11:27:42,11.38,0.01,20,22760,买盘
2116,11:27:39,11.37,--,280,318360,卖盘
2117,11:27:36,11.37,-0.01,6,6821,卖盘
2118,11:27:33,11.38,-0.01,13,14794,卖盘
2119,11:27:30,11.39,--,11,12529,买盘
2120,11:27:27,11.39,--,232,264248,买盘
2121,11:27:21,11.39,0.01,3,3417,买盘
2122,11:27:18,11.38,--,16,18208,卖盘
2123,11:27:15,11.38,--,10,11380,卖盘
2124,11:27:12,11.38,-0.01,7,7966,卖盘
2125,11:27:09,11.39,0.01,1,1139,买盘
2126,11:27:06,11.38,-0.01,3,3414,卖盘
2127,11:27:03,11.39,0.01,81,92259,买盘
2128,11:27:00,11.38,-0.01,10,11380,中性盘
2129,11:26:57,11.39,0.01,22,25058,买盘
2130,11:26:54,11.38,-0.01,77,87626,卖盘
2131,11:26:51,11.39,0.01,10,11390,买盘
2132,11:26:48,11.38,-0.01,23,26174,卖盘
2133,11:26:45,11.39,--,23,26197,买盘
2134,11:26:39,11.39,--,879,1001181,买盘
2135,11:26:36,11.39,--,60,68340,买盘
2136,11:26:33,11.39,--,8,9112,买盘
2137,11:26:30,11.39,0.01,3,3417,买盘
2138,11:26:27,11.38,--,12,13656,卖盘
2139,11:26:24,11.38,--,1,1138,卖盘
2140,11:26:21,11.38,--,48,54624,卖盘
2141,11:26:18,11.38,-0.01,15,17070,卖盘
2142,11:26:15,11.39,0.01,11,12529,买盘
2143,11:26:12,11.38,--,56,63728,卖盘
2144,11:26:03,11.38,--,10,11380,卖盘
2145,11:26:00,11.38,--,41,46658,卖盘
2146,11:25:57,11.38,-0.01,8,9104,卖盘
2147,11:25:54,11.39,0.01,21,23919,买盘
2148,11:25:51,11.38,-0.01,47,53486,卖盘
2149,11:25:48,11.39,0.01,9,10251,买盘
2150,11:25:45,11.38,--,22,25036,卖盘
2151,11:25:42,11.38,-0.01,90,102420,卖盘
2152,11:25:39,11.39,--,74,84286,买盘
2153,11:25:33,11.39,--,32,36448,买盘
2154,11:25:30,11.39,0.01,200,227800,买盘
2155,11:25:27,11.38,--,3,3414,卖盘
2156,11:25:24,11.38,--,18,20484,卖盘
2157,11:25:21,11.38,-0.01,24,27312,卖盘
2158,11:25:18,11.39,0.01,9,10251,买盘
2159,11:25:15,11.38,--,46,52348,卖盘
2160,11:25:09,11.38,-0.01,8,9104,卖盘
2161,11:24:54,11.39,--,385,438981,卖盘
2162,11:24:51,11.39,--,50,56950,卖盘
2163,11:24:48,11.39,--,51,58089,卖盘
2164,11:24:45,11.39,--,14,15946,卖盘
2165,11:24:42,11.39,-0.01,471,536469,卖盘
2166,11:24:39,11.4,0.01,56,63840,买盘
2167,11:24:36,11.39,--,133,151487,卖盘
2168,11:24:27,11.39,--,22,25058,卖盘
2169,11:24:24,11.39,--,8,9112,卖盘
2170,11:24:21,11.39,-0.01,16,18224,卖盘
2171,11:24:18,11.4,--,7,7980,买盘
2172,11:24:15,11.4,--,215,245100,买盘
2173,11:24:12,11.4,0.01,85,96900,买盘
2174,11:24:06,11.39,--,13,14807,卖盘
2175,11:24:03,11.39,-0.01,100,113900,卖盘
2176,11:23:57,11.4,0.01,9,10260,买盘
2177,11:23:54,11.39,--,12,13668,卖盘
2178,11:23:51,11.39,--,80,91120,卖盘
2179,11:23:48,11.39,--,243,277449,买盘
2180,11:23:45,11.39,0.01,94,107066,买盘
2181,11:23:42,11.38,-0.01,12,13656,卖盘
2182,11:23:39,11.39,--,25,28475,买盘
2183,11:23:36,11.39,--,48,54672,买盘
2184,11:23:33,11.39,--,46,52394,卖盘
2185,11:23:30,11.39,--,9,10251,卖盘
2186,11:23:27,11.39,--,2,2278,卖盘
2187,11:23:24,11.39,--,21,23919,卖盘
2188,11:23:21,11.39,-0.01,27,30753,卖盘
2189,11:23:18,11.4,0.01,3,3420,买盘
2190,11:23:15,11.39,--,2,2278,卖盘
2191,11:23:06,11.39,0.01,81,92259,买盘
2192,11:23:03,11.38,--,5,5690,卖盘
2193,11:23:00,11.38,-0.01,24,27312,卖盘
2194,11:22:57,11.39,--,1,1139,买盘
2195,11:22:54,11.39,-0.01,13,14807,卖盘
2196,11:22:51,11.4,--,3,3420,买盘
2197,11:22:48,11.4,--,24,27360,买盘
2198,11:22:42,11.4,--,1,1140,买盘
2199,11:22:39,11.4,0.02,23,26220,买盘
2200,11:22:36,11.38,-0.02,162,184356,卖盘
2201,11:22:33,11.4,0.02,45,51300,买盘
2202,11:22:30,11.38,-0.01,50,56900,卖盘
2203,11:22:24,11.39,--,36,41004,买盘
2204,11:22:21,11.39,-0.01,13,14807,卖盘
2205,11:22:18,11.4,--,17,19380,买盘
2206,11:22:15,11.4,0.01,40,45600,买盘
2207,11:22:12,11.39,-0.01,75,85425,卖盘
2208,11:22:09,11.4,0.01,13,14820,买盘
2209,11:22:06,11.39,--,12,13668,卖盘
2210,11:22:03,11.39,-0.01,21,23919,卖盘
2211,11:21:57,11.4,0.01,212,241680,买盘
2212,11:21:54,11.39,--,5,5695,卖盘
2213,11:21:51,11.39,--,7,7973,卖盘
2214,11:21:48,11.39,0.01,178,202742,买盘
2215,11:21:45,11.38,-0.01,216,245808,卖盘
2216,11:21:42,11.39,-0.01,1,1139,买盘
2217,11:21:36,11.4,0.02,27,30780,买盘
2218,11:21:33,11.38,-0.02,102,116076,卖盘
2219,11:21:30,11.4,0.02,53,60420,买盘
2220,11:21:27,11.38,-0.01,34,38692,卖盘
2221,11:21:24,11.39,-0.01,184,210293,卖盘
2222,11:21:18,11.4,0.01,33,37620,买盘
2223,11:21:12,11.39,-0.01,187,212993,卖盘
2224,11:21:09,11.4,--,3,3420,买盘
2225,11:21:06,11.4,--,30,34200,卖盘
2226,11:21:03,11.4,--,32,36480,卖盘
2227,11:21:00,11.4,--,18,20520,卖盘
2228,11:20:57,11.4,--,6,6840,卖盘
2229,11:20:54,11.4,--,30,34200,卖盘
2230,11:20:51,11.4,-0.01,55,62700,卖盘
2231,11:20:45,11.41,0.01,1,1141,买盘
2232,11:20:42,11.4,--,111,126540,卖盘
2233,11:20:39,11.4,--,9,10260,卖盘
2234,11:20:36,11.4,--,178,202920,卖盘
2235,11:20:33,11.4,--,129,147060,卖盘
2236,11:20:27,11.4,0.01,102,116280,买盘
2237,11:20:24,11.39,--,278,316642,卖盘
2238,11:20:21,11.39,--,15,17085,卖盘
2239,11:20:18,11.39,--,18,20502,卖盘
2240,11:20:15,11.39,-0.01,1,1139,卖盘
2241,11:20:12,11.4,--,1,1140,买盘
2242,11:20:09,11.4,--,48,54720,买盘
2243,11:20:06,11.4,--,68,77520,买盘
2244,11:20:00,11.4,--,100,114000,买盘
2245,11:19:57,11.4,0.01,850,969000,买盘
2246,11:19:54,11.39,--,3,3417,卖盘
2247,11:19:51,11.39,--,98,111622,卖盘
2248,11:19:48,11.39,--,4,4556,卖盘
2249,11:19:45,11.39,--,40,45560,卖盘
2250,11:19:42,11.39,-0.01,5,5695,卖盘
2251,11:19:39,11.4,0.01,10,11400,买盘
2252,11:19:33,11.39,-0.01,73,83147,卖盘
2253,11:19:30,11.4,--,79,90060,买盘
2254,11:19:27,11.4,0.01,2,2280,买盘
2255,11:19:24,11.39,--,4,4556,卖盘
2256,11:19:21,11.39,-0.01,20,22780,卖盘
2257,11:19:18,11.4,--,19,21660,买盘
2258,11:19:12,11.4,--,11,12540,买盘
2259,11:19:09,11.4,--,21,23940,买盘
2260,11:19:06,11.4,--,62,70680,买盘
2261,11:18:57,11.4,--,10,11400,买盘
2262,11:18:51,11.4,--,2,2280,买盘
2263,11:18:45,11.4,0.01,36,41040,买盘
2264,11:18:42,11.39,--,10,11390,卖盘
2265,11:18:39,11.39,-0.01,28,31892,卖盘
2266,11:18:36,11.4,--,30,34200,买盘
2267,11:18:33,11.4,--,24,27360,买盘
2268,11:18:27,11.4,--,44,50160,买盘
2269,11:18:24,11.4,--,21,23940,买盘
2270,11:18:21,11.4,--,13,14820,买盘
2271,11:18:18,11.4,--,15,17100,买盘
2272,11:18:15,11.4,--,62,70680,买盘
2273,11:18:06,11.4,0.01,18,20520,买盘
2274,11:18:03,11.39,-0.01,3,3417,卖盘
2275,11:18:00,11.4,--,8,9120,买盘
2276,11:17:57,11.4,-0.03,48,54720,卖盘
2277,11:17:54,11.43,0.01,481,549783,买盘
2278,11:17:51,11.42,-0.01,34,38828,卖盘
2279,11:17:48,11.43,0.01,8,9144,买盘
2280,11:17:45,11.42,--,10,11420,卖盘
2281,11:17:42,11.42,--,5,5710,卖盘
2282,11:17:39,11.42,0.02,901,1029364,买盘
2283,11:17:36,11.4,--,12,13680,买盘
2284,11:17:33,11.4,--,9,10260,买盘
2285,11:17:30,11.4,--,48,54720,买盘
2286,11:17:27,11.4,--,62,70680,买盘
2287,11:17:24,11.4,--,73,83220,买盘
2288,11:17:21,11.4,-0.02,402,458280,卖盘
2289,11:17:18,11.42,--,80,92079,卖盘
2290,11:17:15,11.42,--,192,219686,买盘
2291,11:17:12,11.42,--,2320,2649440,买盘
2292,11:17:09,11.42,--,56,63952,买盘
2293,11:16:57,11.42,--,73,83366,买盘
2294,11:16:54,11.42,-0.01,177,202853,卖盘
2295,11:16:51,11.43,--,16,18288,买盘
2296,11:16:48,11.43,--,48,54864,买盘
2297,11:16:45,11.43,--,82,93726,买盘
2298,11:16:42,11.43,--,164,187452,买盘
2299,11:16:39,11.43,--,305,348615,买盘
2300,11:16:36,11.43,--,15,17145,买盘
2301,11:16:33,11.43,--,53,60579,买盘
2302,11:16:30,11.43,--,152,173736,买盘
2303,11:16:27,11.43,0.01,55,62865,买盘
2304,11:16:24,11.42,-0.01,315,359730,卖盘
2305,11:16:21,11.43,0.01,3,3429,买盘
2306,11:16:18,11.42,-0.01,218,248956,卖盘
2307,11:16:15,11.43,0.01,39,44577,买盘
2308,11:16:12,11.42,--,11,12562,卖盘
2309,11:16:09,11.42,--,30,34260,卖盘
2310,11:16:03,11.42,0.01,1600,1827622,买盘
2311,11:16:00,11.41,--,14,15974,买盘
2312,11:15:57,11.41,--,21,23961,买盘
2313,11:15:54,11.41,--,9,10269,买盘
2314,11:15:48,11.41,--,1,1141,买盘
2315,11:15:45,11.41,--,20,22820,买盘
2316,11:15:42,11.41,-0.01,101,115959,卖盘
2317,11:15:39,11.42,0.01,90,102780,买盘
2318,11:15:36,11.41,-0.01,4,4564,卖盘
2319,11:15:33,11.42,--,169,192998,买盘
2320,11:15:30,11.42,0.01,44,50248,买盘
2321,11:15:27,11.41,--,1,1141,卖盘
2322,11:15:24,11.41,--,64,73024,卖盘
2323,11:15:21,11.41,--,20,22820,卖盘
2324,11:15:18,11.41,--,60,68460,卖盘
2325,11:15:15,11.41,--,21,23961,卖盘
2326,11:15:12,11.41,0.01,117,133919,买盘
2327,11:15:09,11.4,--,15,17100,卖盘
2328,11:15:06,11.4,-0.01,15,17100,卖盘
2329,11:15:03,11.41,--,21,23961,买盘
2330,11:15:00,11.41,--,178,203098,买盘
2331,11:14:57,11.41,--,6,6846,买盘
2332,11:14:54,11.41,--,17,19397,买盘
2333,11:14:51,11.41,0.01,23,26243,买盘
2334,11:14:48,11.4,--,16,18240,卖盘
2335,11:14:45,11.4,-0.01,20,22800,卖盘
2336,11:14:42,11.41,--,97,110677,买盘
2337,11:14:39,11.41,--,28,31948,买盘
2338,11:14:36,11.41,--,25,28525,买盘
2339,11:14:33,11.41,--,30,34230,买盘
2340,11:14:30,11.41,0.01,30,34230,买盘
2341,11:14:27,11.4,-0.01,51,58140,卖盘
2342,11:14:24,11.41,0.01,57,65037,买盘
2343,11:14:21,11.4,-0.01,6,6840,卖盘
2344,11:14:18,11.41,0.01,113,128933,买盘
2345,11:14:15,11.4,--,216,246240,卖盘
2346,11:14:09,11.4,-0.01,37,42180,卖盘
2347,11:13:57,11.41,--,10,11410,买盘
2348,11:13:54,11.41,0.01,324,369684,买盘
2349,11:13:51,11.4,-0.01,7,7980,卖盘
2350,11:13:45,11.41,--,21,23961,买盘
2351,11:13:42,11.41,0.01,92,104972,买盘
2352,11:13:36,11.4,--,71,80940,卖盘
2353,11:13:33,11.4,-0.01,14,15960,卖盘
2354,11:13:30,11.41,--,8,9128,买盘
2355,11:13:27,11.41,0.01,58,66178,买盘
2356,11:13:24,11.4,--,94,107160,卖盘
2357,11:13:21,11.4,--,1,1140,卖盘
2358,11:13:18,11.4,-0.01,2,2280,卖盘
2359,11:13:15,11.41,0.01,23,26243,买盘
2360,11:13:03,11.4,0.01,84,95760,买盘
2361,11:13:00,11.39,-0.01,10,11390,卖盘
2362,11:12:54,11.4,--,1,1140,买盘
2363,11:12:48,11.4,--,17,19380,买盘
2364,11:12:45,11.4,--,62,70680,买盘
2365,11:12:42,11.4,0.01,74,84360,买盘
2366,11:12:36,11.39,--,152,173128,卖盘
2367,11:12:27,11.39,-0.01,10,11390,卖盘
2368,11:12:21,11.4,--,59,67260,买盘
2369,11:12:18,11.4,--,34,38760,买盘
2370,11:12:15,11.4,--,49,55860,买盘
2371,11:12:12,11.4,--,8,9120,买盘
2372,11:12:09,11.4,--,9,10260,买盘
2373,11:12:06,11.4,--,160,182400,买盘
2374,11:12:03,11.4,--,56,63840,买盘
2375,11:12:00,11.4,0.01,24,27360,买盘
2376,11:11:57,11.39,-0.01,10,11390,卖盘
2377,11:11:48,11.4,--,7,7980,买盘
2378,11:11:45,11.4,--,1,1140,买盘
2379,11:11:42,11.4,--,25,28500,买盘
2380,11:11:39,11.4,0.01,35,39900,买盘
2381,11:11:36,11.39,--,45,51255,卖盘
2382,11:11:33,11.39,-0.01,66,75174,卖盘
2383,11:11:30,11.4,0.01,10,11400,买盘
2384,11:11:27,11.39,--,10,11390,卖盘
2385,11:11:24,11.39,--,23,26197,卖盘
2386,11:11:21,11.39,-0.01,20,22780,卖盘
2387,11:11:18,11.4,--,51,58140,买盘
2388,11:11:15,11.4,--,11,12540,买盘
2389,11:11:12,11.4,--,5,5700,买盘
2390,11:11:06,11.4,0.01,5,5700,买盘
2391,11:11:03,11.39,--,37,42143,卖盘
2392,11:10:57,11.39,-0.01,5,5695,卖盘
2393,11:10:51,11.4,0.01,9,10260,买盘
2394,11:10:48,11.39,--,1,1139,卖盘
2395,11:10:45,11.39,--,3,3417,卖盘
2396,11:10:39,11.39,--,20,22780,卖盘
2397,11:10:36,11.39,--,13,14807,卖盘
2398,11:10:27,11.39,-0.01,14,15946,中性盘
2399,11:10:21,11.4,--,43,49020,买盘
2400,11:10:18,11.4,--,2,2280,买盘
2401,11:10:15,11.4,0.01,45,51300,买盘
2402,11:10:12,11.39,-0.01,81,92259,卖盘
2403,11:10:09,11.4,0.01,7,7980,买盘
2404,11:10:06,11.39,--,3,3417,卖盘
2405,11:10:03,11.39,-0.01,13,14807,卖盘
2406,11:10:00,11.4,--,5,5700,买盘
2407,11:09:42,11.4,0.01,10,11400,买盘
2408,11:09:36,11.39,-0.01,23,26197,卖盘
2409,11:09:30,11.4,--,5,5700,买盘
2410,11:09:27,11.4,--,56,63840,买盘
2411,11:09:24,11.4,--,61,69540,买盘
2412,11:09:21,11.4,0.01,500,570000,买盘
2413,11:09:18,11.39,-0.01,275,313225,卖盘
2414,11:09:15,11.4,0.01,49,55860,买盘
2415,11:09:12,11.39,--,10,11390,卖盘
2416,11:09:06,11.39,--,50,56950,卖盘
2417,11:09:03,11.39,--,20,22780,卖盘
2418,11:09:00,11.39,-0.01,6,6834,卖盘
2419,11:08:57,11.4,0.01,7,7980,买盘
2420,11:08:51,11.39,--,31,35309,卖盘
2421,11:08:48,11.39,--,59,67201,买盘
2422,11:08:45,11.39,0.01,173,197047,买盘
2423,11:08:42,11.38,-0.01,5,5690,卖盘
2424,11:08:33,11.39,--,52,59228,买盘
2425,11:08:24,11.39,--,5,5695,买盘
2426,11:08:21,11.39,--,52,59228,买盘
2427,11:08:18,11.39,0.01,6,6834,买盘
2428,11:08:15,11.38,--,50,56900,卖盘
2429,11:08:06,11.38,-0.01,46,52348,卖盘
2430,11:08:03,11.39,--,48,54672,买盘
2431,11:07:54,11.39,--,6,6834,买盘
2432,11:07:51,11.39,0.01,68,77452,买盘
2433,11:07:48,11.38,--,4,4552,卖盘
2434,11:07:45,11.38,-0.01,15,17070,卖盘
2435,11:07:36,11.39,--,1,1139,买盘
2436,11:07:33,11.39,--,150,170850,买盘
2437,11:07:30,11.39,--,12,13668,买盘
2438,11:07:27,11.39,0.01,106,120734,买盘
2439,11:07:24,11.38,--,3,3414,卖盘
2440,11:07:21,11.38,-0.01,5,5690,卖盘
2441,11:07:18,11.39,0.01,54,61506,买盘
2442,11:07:15,11.38,-0.01,100,113800,卖盘
2443,11:07:12,11.39,0.01,43,48977,买盘
2444,11:07:06,11.38,--,7,7966,卖盘
2445,11:07:03,11.38,-0.01,49,55762,卖盘
2446,11:07:00,11.39,0.01,1,1139,买盘
2447,11:06:57,11.38,--,7,7966,卖盘
2448,11:06:54,11.38,--,12,13656,买盘
2449,11:06:51,11.38,0.02,11,12518,买盘
2450,11:06:45,11.36,--,11,12496,卖盘
2451,11:06:39,11.36,-0.02,441,500976,卖盘
2452,11:06:36,11.38,0.02,22,25036,买盘
2453,11:06:33,11.36,--,8,9088,卖盘
2454,11:06:30,11.36,-0.02,337,383240,卖盘
2455,11:06:27,11.38,--,12,13656,买盘
2456,11:06:24,11.38,--,207,235566,买盘
2457,11:06:21,11.38,--,15,17070,买盘
2458,11:06:18,11.38,--,473,539002,卖盘
2459,11:06:15,11.38,-0.01,9,10242,卖盘
2460,11:06:12,11.39,--,144,164016,买盘
2461,11:06:09,11.39,0.01,37,42143,买盘
2462,11:06:06,11.38,-0.01,2,2276,卖盘
2463,11:06:03,11.39,0.01,11,12529,买盘
2464,11:06:00,11.38,-0.01,119,135422,卖盘
2465,11:05:54,11.39,--,205,233495,买盘
2466,11:05:51,11.39,0.01,5,5695,买盘
2467,11:05:48,11.38,-0.01,41,46658,卖盘
2468,11:05:45,11.39,0.01,28,31892,买盘
2469,11:05:36,11.38,-0.01,3,3414,卖盘
2470,11:05:33,11.39,--,10,11390,买盘
2471,11:05:27,11.39,0.01,5,5695,买盘
2472,11:05:24,11.38,--,1,1138,卖盘
2473,11:05:21,11.38,-0.01,38,43244,卖盘
2474,11:05:18,11.39,0.01,312,355368,买盘
2475,11:05:15,11.38,--,37,42106,买盘
2476,11:05:12,11.38,--,58,66004,买盘
2477,11:05:09,11.38,0.01,50,56900,买盘
2478,11:05:06,11.37,--,1,1137,卖盘
2479,11:05:03,11.37,-0.01,3,3410,卖盘
2480,11:05:00,11.38,0.01,35,39830,买盘
2481,11:04:57,11.37,--,50,56849,卖盘
2482,11:04:51,11.37,-0.01,41,47026,卖盘
2483,11:04:48,11.38,0.01,108,122904,买盘
2484,11:04:45,11.37,--,6,6821,卖盘
2485,11:04:42,11.37,-0.01,17,19329,卖盘
2486,11:04:39,11.38,0.01,72,81936,买盘
2487,11:04:36,11.37,--,10,11370,卖盘
2488,11:04:33,11.37,--,2,2274,卖盘
2489,11:04:27,11.37,--,1,1137,卖盘
2490,11:04:24,11.37,-0.01,20,22740,卖盘
2491,11:04:21,11.38,--,8,9104,买盘
2492,11:04:18,11.38,--,88,100144,买盘
2493,11:04:15,11.38,0.02,8,9104,买盘
2494,11:04:12,11.36,-0.02,81,92016,卖盘
2495,11:04:09,11.38,0.02,106,120628,买盘
2496,11:04:06,11.36,-0.02,875,994000,卖盘
2497,11:04:00,11.38,--,18,20484,买盘
2498,11:03:57,11.38,--,16,18208,买盘
2499,11:03:54,11.38,--,175,199150,买盘
2500,11:03:51,11.38,0.01,11,12518,买盘
2501,11:03:48,11.37,--,17,19329,卖盘
2502,11:03:45,11.37,--,12,13643,买盘
2503,11:03:42,11.37,--,36,40932,卖盘
2504,11:03:36,11.37,-0.01,200,227399,卖盘
2505,11:03:33,11.38,0.01,22,25036,买盘
2506,11:03:30,11.37,-0.01,6,6821,卖盘
2507,11:03:27,11.38,0.01,25,28450,中性盘
2508,11:03:21,11.37,-0.02,95,108014,卖盘
2509,11:03:18,11.39,0.02,6,6834,买盘
2510,11:03:12,11.37,-0.01,23,26151,卖盘
2511,11:03:09,11.38,-0.01,5,5690,中性盘
2512,11:03:06,11.39,0.02,363,413457,买盘
2513,11:03:03,11.37,--,5,5685,卖盘
2514,11:02:57,11.37,-0.01,25,28424,卖盘
2515,11:02:54,11.38,0.01,23,26174,买盘
2516,11:02:51,11.37,--,8,9096,卖盘
2517,11:02:48,11.37,--,48,54575,卖盘
2518,11:02:39,11.37,0.01,45,51165,买盘
2519,11:02:36,11.36,-0.01,3,3408,卖盘
2520,11:02:33,11.37,--,11,12507,买盘
2521,11:02:30,11.37,--,163,185331,买盘
2522,11:02:27,11.37,--,12,13643,买盘
2523,11:02:24,11.37,--,15,17055,买盘
2524,11:02:21,11.37,--,45,51165,买盘
2525,11:02:18,11.37,0.01,30,34110,买盘
2526,11:02:15,11.36,-0.01,3,3408,卖盘
2527,11:02:12,11.37,-0.01,123,139851,买盘
2528,11:02:09,11.38,0.02,4,4552,买盘
2529,11:02:06,11.36,-0.02,58,65888,卖盘
2530,11:02:03,11.38,0.02,7,7966,买盘
2531,11:02:00,11.36,--,15,17040,卖盘
2532,11:01:57,11.36,-0.01,144,163584,卖盘
2533,11:01:54,11.37,0.01,36,40932,买盘
2534,11:01:51,11.36,--,16,18176,卖盘
2535,11:01:48,11.36,--,9,10224,卖盘
2536,11:01:42,11.36,-0.01,5,5680,卖盘
2537,11:01:39,11.37,--,135,153495,买盘
2538,11:01:36,11.37,0.01,6,6821,买盘
2539,11:01:33,11.36,--,40,45440,卖盘
2540,11:01:30,11.36,--,89,101104,卖盘
2541,11:01:27,11.36,-0.01,10,11360,卖盘
2542,11:01:24,11.37,--,27,30698,买盘
2543,11:01:21,11.37,--,307,349059,卖盘
2544,11:01:18,11.37,--,273,310401,卖盘
2545,11:01:15,11.37,--,8,9096,卖盘
2546,11:01:12,11.37,-0.02,25,28424,卖盘
2547,11:01:09,11.39,0.01,77,87703,买盘
2548,11:01:06,11.38,0.01,46,52348,买盘
2549,11:01:03,11.37,--,302,343374,卖盘
2550,11:01:00,11.37,-0.01,50,56849,卖盘
2551,11:00:57,11.38,--,14,15932,中性盘
2552,11:00:51,11.38,--,51,58038,买盘
2553,11:00:48,11.38,-0.01,46,52348,卖盘
2554,11:00:45,11.39,0.01,164,186796,买盘
2555,11:00:42,11.38,-0.01,4,4552,卖盘
2556,11:00:39,11.39,0.01,3,3417,买盘
2557,11:00:36,11.38,--,234,266292,卖盘
2558,11:00:33,11.38,-0.01,2,2276,卖盘
2559,11:00:30,11.39,0.01,249,283611,买盘
2560,11:00:27,11.38,--,17,19346,卖盘
2561,11:00:24,11.38,--,22,25036,卖盘
2562,11:00:18,11.38,--,48,54624,卖盘
2563,11:00:15,11.38,--,665,756770,卖盘
2564,11:00:12,11.38,-0.01,5,5690,卖盘
2565,11:00:09,11.39,--,21,23919,买盘
2566,11:00:06,11.39,--,57,64923,买盘
2567,11:00:03,11.39,--,47,53533,买盘
2568,10:59:54,11.39,--,71,80869,卖盘
2569,10:59:51,11.39,-0.01,24,27336,卖盘
2570,10:59:48,11.4,--,19,21660,买盘
2571,10:59:42,11.4,0.01,41,46740,买盘
2572,10:59:36,11.39,--,84,95676,卖盘
2573,10:59:33,11.39,--,18,20502,卖盘
2574,10:59:30,11.39,--,65,74035,卖盘
2575,10:59:27,11.39,--,48,54672,卖盘
2576,10:59:24,11.39,--,210,239190,卖盘
2577,10:59:21,11.39,--,69,78591,卖盘
2578,10:59:18,11.39,--,10,11390,卖盘
2579,10:59:15,11.39,-0.01,4,4556,卖盘
2580,10:59:09,11.4,-0.01,12,13680,卖盘
2581,10:59:06,11.41,0.02,53,60473,买盘
2582,10:59:03,11.39,--,48,54672,卖盘
2583,10:58:57,11.39,-0.01,178,203459,卖盘
2584,10:58:54,11.4,-0.01,167,190380,卖盘
2585,10:58:51,11.41,0.01,1,1141,买盘
2586,10:58:48,11.4,--,75,85500,卖盘
2587,10:58:45,11.4,--,13,14820,卖盘
2588,10:58:42,11.4,--,55,62700,卖盘
2589,10:58:39,11.4,--,863,984241,买盘
2590,10:58:36,11.4,0.01,96,109440,买盘
2591,10:58:30,11.39,--,47,53533,卖盘
2592,10:58:27,11.39,--,21,23919,卖盘
2593,10:58:24,11.39,--,20,22780,卖盘
2594,10:58:21,11.39,--,57,64923,卖盘
2595,10:58:18,11.39,--,2,2278,卖盘
2596,10:58:12,11.39,--,16,18224,卖盘
2597,10:58:09,11.39,-0.01,21,23919,卖盘
2598,10:58:06,11.4,0.01,22,25080,买盘
2599,10:58:03,11.39,--,65,74035,卖盘
2600,10:57:57,11.39,--,40,45560,卖盘
2601,10:57:54,11.39,-0.01,12,13668,卖盘
2602,10:57:51,11.4,--,11,12540,买盘
2603,10:57:45,11.4,--,14,15960,买盘
2604,10:57:39,11.4,0.01,87,99180,买盘
2605,10:57:36,11.39,--,44,50116,卖盘
2606,10:57:33,11.39,-0.01,15,17085,卖盘
2607,10:57:30,11.4,--,6,6840,买盘
2608,10:57:27,11.4,0.01,30,34200,买盘
2609,10:57:24,11.39,--,69,78591,卖盘
2610,10:57:21,11.39,-0.01,3,3417,卖盘
2611,10:57:18,11.4,0.01,20,22800,买盘
2612,10:57:15,11.39,-0.01,81,92259,卖盘
2613,10:57:12,11.4,0.01,23,26220,买盘
2614,10:57:09,11.39,-0.01,10,11390,卖盘
2615,10:57:06,11.4,0.01,69,78660,买盘
2616,10:57:03,11.39,--,2,2278,卖盘
2617,10:57:00,11.39,--,49,55811,卖盘
2618,10:56:57,11.39,-0.01,8,9112,卖盘
2619,10:56:54,11.4,--,100,114000,买盘
2620,10:56:51,11.4,0.01,158,180120,买盘
2621,10:56:48,11.39,--,10,11390,卖盘
2622,10:56:45,11.39,--,10,11390,卖盘
2623,10:56:42,11.39,-0.01,72,82008,卖盘
2624,10:56:36,11.4,0.01,8,9120,买盘
2625,10:56:33,11.39,-0.01,120,136680,卖盘
2626,10:56:27,11.4,0.01,17,19380,买盘
2627,10:56:24,11.39,--,112,127568,卖盘
2628,10:56:21,11.39,-0.01,6,6834,卖盘
2629,10:56:18,11.4,0.01,28,31920,买盘
2630,10:56:15,11.39,-0.01,510,580890,卖盘
2631,10:56:12,11.4,--,32,36480,买盘
2632,10:56:09,11.4,0.01,15,17100,买盘
2633,10:56:06,11.39,-0.01,40,45560,卖盘
2634,10:56:03,11.4,--,96,109440,买盘
2635,10:56:00,11.4,0.01,44,50160,买盘
2636,10:55:57,11.39,--,61,69479,卖盘
2637,10:55:54,11.39,-0.01,10,11390,买盘
2638,10:55:51,11.4,0.01,10,11400,买盘
2639,10:55:48,11.39,--,6,6834,中性盘
2640,10:55:45,11.39,0.01,50,56950,卖盘
2641,10:55:42,11.38,-0.02,76,86488,卖盘
2642,10:55:39,11.4,--,26,29640,买盘
2643,10:55:36,11.4,--,178,202920,买盘
2644,10:55:33,11.4,0.01,24,27360,买盘
2645,10:55:27,11.39,--,46,52394,卖盘
2646,10:55:24,11.39,--,30,34170,卖盘
2647,10:55:21,11.39,-0.01,103,117317,卖盘
2648,10:55:15,11.4,--,4,4560,买盘
2649,10:55:06,11.4,0.01,1,1140,买盘
2650,10:55:03,11.39,-0.01,8,9112,卖盘
2651,10:55:00,11.4,0.01,83,94620,买盘
2652,10:54:57,11.39,-0.01,2,2278,卖盘
2653,10:54:54,11.4,0.01,17,19380,买盘
2654,10:54:51,11.39,--,10,11390,卖盘
2655,10:54:48,11.39,--,45,51255,卖盘
2656,10:54:45,11.39,--,12,13668,卖盘
2657,10:54:42,11.39,--,90,102510,卖盘
2658,10:54:30,11.39,--,103,117317,卖盘
2659,10:54:24,11.39,-0.01,18,20502,卖盘
2660,10:54:21,11.4,0.01,100,114000,买盘
2661,10:54:18,11.39,--,158,179962,买盘
2662,10:54:15,11.39,0.01,6,6834,买盘
2663,10:54:12,11.38,--,8,9104,卖盘
2664,10:54:06,11.38,-0.01,28,31864,卖盘
2665,10:54:03,11.39,--,2,2278,买盘
2666,10:54:00,11.39,0.01,23,26197,买盘
2667,10:53:57,11.38,-0.01,37,42106,卖盘
2668,10:53:54,11.39,--,58,66062,买盘
2669,10:53:51,11.39,--,30,34170,买盘
2670,10:53:48,11.39,0.01,34,38726,买盘
2671,10:53:45,11.38,-0.01,94,106972,卖盘
2672,10:53:42,11.39,--,9,10251,买盘
2673,10:53:36,11.39,--,21,23919,买盘
2674,10:53:33,11.39,0.01,1,1139,买盘
2675,10:53:30,11.38,--,6,6828,卖盘
2676,10:53:27,11.38,-0.01,26,29588,卖盘
2677,10:53:24,11.39,--,4,4556,卖盘
2678,10:53:21,11.39,--,8,9112,卖盘
2679,10:53:18,11.39,-0.01,16,18224,卖盘
2680,10:53:15,11.4,--,46,52440,买盘
2681,10:53:09,11.4,0.02,66,75240,买盘
2682,10:53:06,11.38,-0.01,93,105834,卖盘
2683,10:53:03,11.39,--,332,378148,卖盘
2684,10:52:57,11.39,-0.01,76,86564,卖盘
2685,10:52:54,11.4,0.01,55,62700,买盘
2686,10:52:51,11.39,--,142,161738,卖盘
2687,10:52:48,11.39,--,7,7973,卖盘
2688,10:52:45,11.39,-0.01,4,4556,卖盘
2689,10:52:42,11.4,--,17,19380,买盘
2690,10:52:39,11.4,0.01,6,6840,买盘
2691,10:52:36,11.39,--,2,2278,卖盘
2692,10:52:30,11.39,-0.01,48,54672,卖盘
2693,10:52:27,11.4,0.01,13,14820,买盘
2694,10:52:24,11.39,--,92,104788,卖盘
2695,10:52:21,11.39,--,51,58089,卖盘
2696,10:52:15,11.39,-0.01,20,22780,卖盘
2697,10:52:12,11.4,0.01,50,57000,买盘
2698,10:52:09,11.39,-0.01,9,10251,卖盘
2699,10:52:06,11.4,--,12,13680,买盘
2700,10:52:03,11.4,0.01,28,31920,买盘
2701,10:52:00,11.39,--,4,4556,卖盘
2702,10:51:57,11.39,--,31,35309,卖盘
2703,10:51:54,11.39,-0.01,7,7973,卖盘
2704,10:51:51,11.4,--,67,76380,买盘
2705,10:51:48,11.4,0.01,61,69540,买盘
2706,10:51:45,11.39,--,4,4556,卖盘
2707,10:51:42,11.39,--,46,52394,卖盘
2708,10:51:33,11.39,--,6,6834,卖盘
2709,10:51:30,11.39,--,7,7973,卖盘
2710,10:51:27,11.39,--,24,27336,卖盘
2711,10:51:24,11.39,--,29,33031,卖盘
2712,10:51:21,11.39,--,100,113900,卖盘
2713,10:51:18,11.39,-0.01,3,3417,卖盘
2714,10:51:15,11.4,--,47,53580,买盘
2715,10:51:09,11.4,0.01,6,6840,买盘
2716,10:51:06,11.39,--,20,22780,卖盘
2717,10:51:03,11.39,--,9,10251,卖盘
2718,10:51:00,11.39,0.01,160,182240,买盘
2719,10:50:57,11.38,-0.01,56,63728,卖盘
2720,10:50:54,11.39,--,41,46699,卖盘
2721,10:50:51,11.39,--,66,75174,卖盘
2722,10:50:48,11.39,--,2,2278,卖盘
2723,10:50:45,11.39,--,16,18224,卖盘
2724,10:50:42,11.39,--,38,43282,卖盘
2725,10:50:39,11.39,--,39,44421,卖盘
2726,10:50:36,11.39,-0.01,134,152626,卖盘
2727,10:50:33,11.4,--,18,20520,买盘
2728,10:50:30,11.4,0.01,81,92340,买盘
2729,10:50:27,11.39,--,27,30753,卖盘
2730,10:50:24,11.39,-0.01,15,17085,卖盘
2731,10:50:18,11.4,0.01,4,4560,买盘
2732,10:50:15,11.39,--,7,7973,卖盘
2733,10:50:12,11.39,-0.01,8,9112,卖盘
2734,10:50:09,11.4,0.01,19,21660,买盘
2735,10:50:03,11.39,--,34,38726,卖盘
2736,10:50:00,11.39,--,10,11390,卖盘
2737,10:49:57,11.39,--,6,6834,卖盘
2738,10:49:54,11.39,--,142,161738,卖盘
2739,10:49:51,11.39,--,56,63784,卖盘
2740,10:49:48,11.39,--,7,7973,卖盘
2741,10:49:45,11.39,--,39,44421,卖盘
2742,10:49:39,11.39,--,3,3417,卖盘
2743,10:49:30,11.39,--,46,52394,卖盘
2744,10:49:27,11.39,--,17,19363,卖盘
2745,10:49:24,11.39,--,1,1139,卖盘
2746,10:49:21,11.39,-0.01,47,53533,卖盘
2747,10:49:15,11.4,--,305,347700,买盘
2748,10:49:12,11.4,--,25,28500,买盘
2749,10:49:09,11.4,0.01,33,37620,买盘
2750,10:49:06,11.39,-0.01,146,166294,卖盘
2751,10:49:03,11.4,0.01,46,52440,买盘
2752,10:49:00,11.39,--,7,7973,卖盘
2753,10:48:57,11.39,--,202,230078,卖盘
2754,10:48:54,11.39,--,641,730099,卖盘
2755,10:48:51,11.39,-0.01,265,301835,卖盘
2756,10:48:48,11.4,--,87,99180,买盘
2757,10:48:45,11.4,--,59,67260,买盘
2758,10:48:42,11.4,--,100,114000,买盘
2759,10:48:39,11.4,0.01,21,23940,买盘
2760,10:48:36,11.39,--,8,9112,卖盘
2761,10:48:33,11.39,--,42,47838,卖盘
2762,10:48:30,11.39,--,13,14807,卖盘
2763,10:48:27,11.39,--,4,4556,卖盘
2764,10:48:24,11.39,--,37,42143,卖盘
2765,10:48:21,11.39,--,80,91120,卖盘
2766,10:48:18,11.39,-0.01,10,11390,卖盘
2767,10:48:15,11.4,--,13,14820,买盘
2768,10:48:12,11.4,0.01,57,64980,买盘
2769,10:48:09,11.39,-0.01,20,22780,卖盘
2770,10:48:06,11.4,--,13,14820,买盘
2771,10:48:03,11.4,0.01,3,3420,买盘
2772,10:48:00,11.39,-0.01,11,12529,卖盘
2773,10:47:57,11.4,--,97,110580,买盘
2774,10:47:54,11.4,0.01,42,47880,买盘
2775,10:47:51,11.39,-0.01,109,124151,卖盘
2776,10:47:48,11.4,--,3,3420,买盘
2777,10:47:45,11.4,--,64,72960,买盘
2778,10:47:42,11.4,0.01,10,11400,买盘
2779,10:47:36,11.39,-0.01,5,5695,卖盘
2780,10:47:33,11.4,0.01,14,15960,买盘
2781,10:47:30,11.39,--,10,11390,卖盘
2782,10:47:27,11.39,-0.01,18,20502,卖盘
2783,10:47:21,11.4,--,33,37620,买盘
2784,10:47:18,11.4,--,171,194940,买盘
2785,10:47:15,11.4,--,36,41040,买盘
2786,10:47:12,11.4,-0.02,90,102600,卖盘
2787,10:47:09,11.42,0.02,9,10278,买盘
2788,10:47:06,11.4,--,30,34200,卖盘
2789,10:47:03,11.4,-0.02,20,22800,卖盘
2790,10:47:00,11.42,--,38,43396,买盘
2791,10:46:57,11.42,0.03,61,69662,买盘
2792,10:46:51,11.39,-0.03,126,143514,卖盘
2793,10:46:48,11.42,--,11,12562,买盘
2794,10:46:45,11.42,0.03,48,54816,买盘
2795,10:46:39,11.39,--,129,146931,卖盘
2796,10:46:33,11.39,-0.03,70,79730,卖盘
2797,10:46:30,11.42,0.02,27,30834,买盘
2798,10:46:27,11.4,-0.02,1,1140,卖盘
2799,10:46:24,11.42,0.02,20,22840,买盘
2800,10:46:21,11.4,-0.02,3,3420,卖盘
2801,10:46:18,11.42,0.03,3,3426,买盘
2802,10:46:09,11.39,--,987,1124193,卖盘
2803,10:46:06,11.39,-0.02,16,18224,卖盘
2804,10:46:03,11.41,0.01,26,29666,买盘
2805,10:46:00,11.4,0.01,15,17100,卖盘
2806,10:45:57,11.39,-0.01,38,43282,卖盘
2807,10:45:54,11.4,0.01,22,25080,中性盘
2808,10:45:48,11.39,--,61,69479,卖盘
2809,10:45:45,11.39,--,65,74035,卖盘
2810,10:45:42,11.39,-0.01,95,108205,卖盘
2811,10:45:39,11.4,0.01,6,6840,买盘
2812,10:45:36,11.39,-0.01,123,140097,卖盘
2813,10:45:33,11.4,0.01,40,45600,买盘
2814,10:45:27,11.39,--,3,3417,卖盘
