,time,price,change,volume,amount,type
0,15:00:03,11.42,--,3518,4017556,买盘
1,14:57:00,11.42,0.01,8,9136,买盘
2,14:56:57,11.41,--,9,10269,卖盘
3,14:56:54,11.41,--,102,116382,卖盘
4,14:56:51,11.41,--,7,7987,卖盘
5,14:56:48,11.41,--,680,775880,卖盘
6,14:56:45,11.41,-0.01,40,45640,卖盘
7,14:56:42,11.42,--,50,57100,买盘
8,14:56:39,11.42,0.01,189,215838,买盘
9,14:56:36,11.41,--,14,15974,卖盘
10,14:56:33,11.41,--,51,58191,卖盘
11,14:56:30,11.41,-0.01,258,294378,卖盘
12,14:56:27,11.42,0.01,22,25124,买盘
13,14:56:24,11.41,--,1,1141,卖盘
14,14:56:21,11.41,--,12,13692,卖盘
15,14:56:18,11.41,-0.01,17,19397,卖盘
16,14:56:15,11.42,0.01,165,188430,买盘
17,14:56:12,11.41,-0.01,26,29666,卖盘
18,14:56:09,11.42,0.01,13,14846,买盘
19,14:56:03,11.41,--,27,30807,卖盘
20,14:56:00,11.41,--,4,5476,卖盘
21,14:55:57,11.41,-0.01,213,243033,卖盘
22,14:55:54,11.42,0.01,27,30834,买盘
23,14:55:51,11.41,-0.01,69,78729,卖盘
24,14:55:48,11.42,0.01,52,59384,买盘
25,14:55:45,11.41,--,401,457541,卖盘
26,14:55:42,11.41,-0.01,81,92421,卖盘
27,14:55:39,11.42,--,10,11420,买盘
28,14:55:36,11.42,0.01,129,147318,买盘
29,14:55:33,11.41,--,26,29666,卖盘
30,14:55:30,11.41,-0.01,40,45640,卖盘
31,14:55:27,11.42,--,80,91360,买盘
32,14:55:24,11.42,0.01,27,30834,买盘
33,14:55:21,11.41,--,228,260148,卖盘
34,14:55:18,11.41,-0.01,61,69601,卖盘
35,14:55:15,11.42,--,116,132472,买盘
36,14:55:12,11.42,0.01,176,200992,买盘
37,14:55:09,11.41,--,16,18256,卖盘
38,14:55:06,11.41,--,7,7987,卖盘
39,14:55:03,11.41,-0.01,6,6846,卖盘
40,14:55:00,11.42,--,9,10278,买盘
41,14:54:57,11.42,--,9,10278,买盘
42,14:54:54,11.42,--,116,132472,买盘
43,14:54:51,11.42,0.01,67,76514,买盘
44,14:54:48,11.41,-0.01,30,34230,卖盘
45,14:54:42,11.42,0.01,26,29692,买盘
46,14:54:36,11.41,--,43,49063,卖盘
47,14:54:33,11.41,--,142,162022,卖盘
48,14:54:30,11.41,--,3,3423,卖盘
49,14:54:24,11.41,--,65,74165,卖盘
50,14:54:21,11.41,-0.01,37,42217,卖盘
51,14:54:18,11.42,--,12,13704,买盘
52,14:54:15,11.42,0.01,255,291210,买盘
53,14:54:12,11.41,--,195,222495,卖盘
54,14:54:09,11.41,--,10,11410,卖盘
55,14:54:06,11.41,-0.01,6,6846,卖盘
56,14:54:03,11.42,0.01,262,299204,买盘
57,14:54:00,11.41,--,1,1141,卖盘
58,14:53:57,11.41,--,1,1141,卖盘
59,14:53:54,11.41,--,409,466669,卖盘
60,14:53:51,11.41,--,29,33089,卖盘
61,14:53:48,11.41,--,60,68460,卖盘
62,14:53:45,11.41,--,157,179137,卖盘
63,14:53:42,11.41,--,205,233905,卖盘
64,14:53:39,11.41,-0.01,9,10269,卖盘
65,14:53:36,11.42,0.01,122,139324,买盘
66,14:53:33,11.41,--,49,55909,卖盘
67,14:53:27,11.41,--,52,59332,卖盘
68,14:53:21,11.41,-0.01,16,18256,卖盘
69,14:53:18,11.42,--,13,14846,买盘
70,14:53:15,11.42,0.01,4,4568,买盘
71,14:53:12,11.41,--,3,3423,卖盘
72,14:53:09,11.41,--,12,13692,卖盘
73,14:53:06,11.41,--,200,228200,卖盘
74,14:53:03,11.41,--,7,7987,卖盘
75,14:53:00,11.41,-0.01,41,46781,卖盘
76,14:52:57,11.42,--,21,23982,买盘
77,14:52:54,11.42,0.01,10,11420,买盘
78,14:52:51,11.41,--,25,28525,卖盘
79,14:52:42,11.41,--,30,34230,卖盘
80,14:52:39,11.41,-0.01,39,44499,卖盘
81,14:52:36,11.42,--,15,17130,买盘
82,14:52:33,11.42,--,98,111916,买盘
83,14:52:30,11.42,0.01,29,33118,买盘
84,14:52:27,11.41,--,502,572782,卖盘
85,14:52:24,11.41,--,22,25102,卖盘
86,14:52:21,11.41,-0.01,99,112959,卖盘
87,14:52:18,11.42,-0.01,17,19414,卖盘
88,14:52:15,11.43,--,54,61722,买盘
89,14:52:12,11.43,--,39,44577,买盘
90,14:52:09,11.43,--,143,163449,买盘
91,14:52:06,11.43,0.01,43,49149,买盘
92,14:52:03,11.42,-0.01,12,13704,卖盘
93,14:52:00,11.43,0.01,30,34290,买盘
94,14:51:57,11.42,--,877,1001534,卖盘
95,14:51:54,11.42,--,100,114200,卖盘
96,14:51:51,11.42,--,30,34260,卖盘
97,14:51:48,11.42,--,68,77656,卖盘
98,14:51:45,11.42,-0.01,200,228400,卖盘
99,14:51:42,11.43,--,17,19431,买盘
100,14:51:39,11.43,--,29,33147,买盘
101,14:51:36,11.43,0.01,98,112014,买盘
102,14:51:33,11.42,--,75,85650,卖盘
103,14:51:30,11.42,--,8,9136,卖盘
104,14:51:27,11.42,--,10,11420,卖盘
105,14:51:24,11.42,--,11,12562,卖盘
106,14:51:21,11.42,--,12,13704,卖盘
107,14:51:18,11.42,-0.01,20,22840,卖盘
108,14:51:15,11.43,0.01,20,22860,买盘
109,14:51:12,11.42,-0.01,34,38828,卖盘
110,14:51:06,11.43,0.01,190,217170,买盘
111,14:51:00,11.42,--,55,62810,卖盘
112,14:50:57,11.42,--,9,10278,卖盘
113,14:50:54,11.42,--,38,43396,卖盘
114,14:50:51,11.42,-0.01,14,15988,卖盘
115,14:50:45,11.43,0.01,2,2286,买盘
116,14:50:42,11.42,--,15,17130,卖盘
117,14:50:39,11.42,-0.01,23,26266,卖盘
118,14:50:36,11.43,0.01,20,22860,买盘
119,14:50:33,11.42,--,1,1142,卖盘
120,14:50:30,11.42,-0.01,5,5710,中性盘
121,14:50:27,11.43,0.02,167,190881,买盘
122,14:50:21,11.41,-0.01,61,69601,卖盘
123,14:50:18,11.42,--,85,97070,卖盘
124,14:50:15,11.42,--,233,266086,卖盘
125,14:50:12,11.42,--,103,117626,卖盘
126,14:50:09,11.42,--,37,42254,卖盘
127,14:50:06,11.42,--,6,6852,卖盘
128,14:50:03,11.42,--,50,57100,卖盘
129,14:50:00,11.42,-0.01,36,41397,卖盘
130,14:49:57,11.43,0.01,184,210312,买盘
131,14:49:54,11.42,--,48,54816,卖盘
132,14:49:51,11.42,-0.01,23,26266,卖盘
133,14:49:48,11.43,0.01,43,49149,买盘
134,14:49:45,11.42,--,119,135898,卖盘
135,14:49:42,11.42,-0.01,46,52532,卖盘
136,14:49:39,11.43,0.01,51,58293,买盘
137,14:49:36,11.42,-0.01,14,15988,卖盘
138,14:49:33,11.43,--,18,20859,买盘
139,14:49:30,11.43,--,18,20574,买盘
140,14:49:27,11.43,0.01,114,130302,买盘
141,14:49:24,11.42,--,100,114200,卖盘
142,14:49:21,11.42,--,19,21698,卖盘
143,14:49:15,11.42,--,3,3426,卖盘
144,14:49:12,11.42,-0.01,116,132472,卖盘
145,14:49:09,11.43,0.01,356,406908,买盘
146,14:49:06,11.42,--,23,26266,买盘
147,14:49:03,11.42,0.01,27,30834,买盘
148,14:49:00,11.41,--,28,32233,卖盘
149,14:48:57,11.41,--,45,51345,卖盘
150,14:48:54,11.41,--,101,115241,卖盘
151,14:48:51,11.41,-0.01,93,106113,卖盘
152,14:48:48,11.42,0.01,22,25124,买盘
153,14:48:45,11.41,--,4,4564,卖盘
154,14:48:42,11.41,--,5,5990,卖盘
155,14:48:39,11.41,--,34,38794,卖盘
156,14:48:33,11.41,--,1,1141,卖盘
157,14:48:30,11.41,-0.01,2,2282,卖盘
158,14:48:27,11.42,--,17,19414,买盘
159,14:48:24,11.42,--,44,50248,买盘
160,14:48:21,11.42,0.01,46,52532,买盘
161,14:48:18,11.41,-0.01,148,168868,卖盘
162,14:48:15,11.42,--,179,204418,买盘
163,14:48:12,11.42,0.01,5,5710,买盘
164,14:48:09,11.41,-0.01,1,1141,卖盘
165,14:48:06,11.42,0.01,83,94786,买盘
166,14:48:03,11.41,-0.01,285,325470,卖盘
167,14:48:00,11.42,--,53,60526,卖盘
168,14:47:57,11.42,-0.01,35,39970,卖盘
169,14:47:54,11.43,0.01,100,114300,买盘
170,14:47:51,11.42,-0.01,22,25124,卖盘
171,14:47:48,11.43,0.01,17,19431,买盘
172,14:47:45,11.42,-0.01,115,131330,卖盘
173,14:47:42,11.43,--,32,36576,买盘
174,14:47:39,11.43,0.01,68,77724,买盘
175,14:47:36,11.42,--,251,286642,卖盘
176,14:47:33,11.42,-0.01,12,13989,卖盘
177,14:47:27,11.43,0.01,45,51435,买盘
178,14:47:24,11.42,--,136,155312,卖盘
179,14:47:21,11.42,-0.01,81,92502,卖盘
180,14:47:18,11.43,0.01,46,52578,买盘
181,14:47:15,11.42,--,56,63952,卖盘
182,14:47:12,11.42,--,23,26266,卖盘
183,14:47:09,11.42,--,63,71946,卖盘
184,14:47:06,11.42,--,28,31976,卖盘
185,14:47:03,11.42,-0.01,34,39113,卖盘
186,14:47:00,11.43,--,64,73152,买盘
187,14:46:57,11.43,0.01,51,58293,买盘
188,14:46:54,11.42,--,2,2284,卖盘
189,14:46:51,11.42,-0.01,32,36544,卖盘
190,14:46:48,11.43,0.01,45,51435,买盘
191,14:46:45,11.42,-0.01,11,12847,卖盘
192,14:46:42,11.43,--,79,90297,买盘
193,14:46:39,11.43,--,351,401193,买盘
194,14:46:36,11.43,--,145,165735,买盘
195,14:46:33,11.43,0.01,724,827532,买盘
196,14:46:30,11.42,-0.01,336,383712,卖盘
197,14:46:27,11.43,0.01,87,99441,买盘
198,14:46:24,11.42,--,131,149602,卖盘
199,14:46:21,11.42,--,11,12562,卖盘
200,14:46:18,11.42,-0.01,42,47964,卖盘
201,14:46:15,11.43,0.01,19,21717,买盘
202,14:46:12,11.42,-0.01,4,4568,卖盘
203,14:46:09,11.43,0.01,2,2286,买盘
204,14:46:06,11.42,--,18,20556,卖盘
205,14:46:03,11.42,0.01,33,37686,买盘
206,14:45:57,11.41,-0.01,1,1141,卖盘
207,14:45:54,11.42,0.01,11,12562,中性盘
208,14:45:51,11.41,-0.02,83,94703,卖盘
209,14:45:48,11.43,0.02,10,11430,买盘
210,14:45:45,11.41,-0.02,204,232764,卖盘
211,14:45:39,11.43,0.01,12,13716,买盘
212,14:45:33,11.42,--,39,44823,买盘
213,14:45:30,11.42,--,326,372292,买盘
214,14:45:27,11.42,-0.01,295,337746,卖盘
215,14:45:24,11.43,--,26,29718,卖盘
216,14:45:21,11.43,0.01,714,816387,买盘
217,14:45:15,11.42,0.01,2,2284,买盘
218,14:45:12,11.41,--,67,76447,卖盘
219,14:45:09,11.41,-0.01,50,57050,卖盘
220,14:45:06,11.42,--,18,20556,买盘
221,14:45:03,11.42,--,4,4568,卖盘
222,14:45:00,11.42,--,62,70804,卖盘
223,14:44:57,11.42,0.01,161,183862,买盘
224,14:44:54,11.41,--,14,15974,卖盘
225,14:44:51,11.41,-0.01,14,16259,卖盘
226,14:44:48,11.42,-0.01,1,1142,中性盘
227,14:44:45,11.43,0.02,68,77724,买盘
228,14:44:42,11.41,-0.01,86,98126,卖盘
229,14:44:39,11.42,-0.01,15,18043,卖盘
230,14:44:36,11.43,0.02,828,946632,买盘
231,14:44:33,11.41,--,1,1141,卖盘
232,14:44:30,11.41,-0.01,615,701715,卖盘
233,14:44:27,11.42,--,13,15131,卖盘
234,14:44:24,11.42,--,4,4568,卖盘
235,14:44:21,11.42,--,1,1142,卖盘
236,14:44:18,11.42,--,5,5995,卖盘
237,14:44:12,11.42,-0.01,86,98212,卖盘
238,14:44:09,11.43,--,219,250317,买盘
239,14:44:06,11.43,0.01,27,30861,买盘
240,14:44:03,11.42,-0.01,2,2284,卖盘
241,14:44:00,11.43,0.01,10,11430,买盘
242,14:43:57,11.42,--,2,2284,卖盘
243,14:43:54,11.42,--,1,1142,卖盘
244,14:43:51,11.42,--,7,7994,卖盘
245,14:43:39,11.42,--,5,5995,卖盘
246,14:43:36,11.42,--,24,27408,买盘
247,14:43:30,11.42,-0.01,182,208700,卖盘
248,14:43:27,11.43,--,64,73152,卖盘
249,14:43:24,11.43,0.01,29,33147,中性盘
250,14:43:21,11.42,-0.01,720,822240,卖盘
251,14:43:15,11.43,--,35,40005,卖盘
252,14:43:12,11.43,--,9,10287,卖盘
253,14:43:09,11.43,--,7,8286,卖盘
254,14:43:06,11.43,0.02,55,62865,买盘
255,14:43:03,11.41,-0.02,1419,1619079,卖盘
256,14:43:00,11.43,0.01,6,6858,买盘
257,14:42:57,11.42,-0.01,21,23982,卖盘
258,14:42:54,11.43,0.01,70,80010,买盘
259,14:42:51,11.42,-0.01,459,524178,卖盘
260,14:42:48,11.43,--,108,123444,卖盘
261,14:42:45,11.43,-0.01,36,41148,卖盘
262,14:42:42,11.44,0.01,110,125840,买盘
263,14:42:39,11.43,--,207,236886,买盘
264,14:42:36,11.43,--,20,22860,买盘
265,14:42:33,11.43,0.01,18,20574,买盘
266,14:42:30,11.42,-0.01,15,17130,卖盘
267,14:42:27,11.43,0.01,120,137160,买盘
268,14:42:24,11.42,--,50,57100,卖盘
269,14:42:21,11.42,--,128,146176,卖盘
270,14:42:18,11.42,-0.01,165,188430,卖盘
271,14:42:15,11.43,--,9,10572,卖盘
272,14:42:12,11.43,--,109,124587,卖盘
273,14:42:09,11.43,--,15,17145,卖盘
274,14:42:06,11.43,--,124,141732,卖盘
275,14:42:03,11.43,--,54,61722,卖盘
276,14:42:00,11.43,--,102,116586,卖盘
277,14:41:57,11.43,--,28,32004,卖盘
278,14:41:54,11.43,0.01,100,114300,买盘
279,14:41:51,11.42,--,53,60526,卖盘
280,14:41:45,11.42,--,20,22840,卖盘
281,14:41:42,11.42,--,15,17415,卖盘
282,14:41:39,11.42,--,106,121052,卖盘
283,14:41:36,11.42,0.01,6,6852,卖盘
284,14:41:33,11.41,-0.02,51,58191,卖盘
285,14:41:30,11.43,0.01,75,85725,买盘
286,14:41:24,11.42,-0.01,476,543592,卖盘
287,14:41:21,11.43,--,146,166878,卖盘
288,14:41:18,11.43,--,42,48006,卖盘
289,14:41:15,11.43,0.02,147,168021,买盘
290,14:41:12,11.41,-0.02,27,31092,卖盘
291,14:41:09,11.43,0.01,106,121158,买盘
292,14:41:06,11.42,--,441,504672,卖盘
293,14:41:03,11.42,--,429,489918,卖盘
294,14:41:00,11.42,-0.01,231,263802,卖盘
295,14:40:57,11.43,0.01,285,325755,买盘
296,14:40:54,11.42,--,46,52532,卖盘
297,14:40:51,11.42,--,291,332322,卖盘
298,14:40:48,11.42,-0.01,12,13704,卖盘
299,14:40:45,11.43,--,102,116586,买盘
300,14:40:42,11.43,0.01,814,930687,买盘
301,14:40:39,11.42,--,50,57100,卖盘
302,14:40:36,11.42,--,68,77656,卖盘
303,14:40:33,11.42,--,5,5710,卖盘
304,14:40:30,11.42,--,66,75372,卖盘
305,14:40:27,11.42,--,29,33118,卖盘
306,14:40:24,11.42,0.01,282,322786,买盘
307,14:40:21,11.41,--,41,46781,卖盘
308,14:40:18,11.41,0.01,47,53627,中性盘
309,14:40:12,11.4,-0.01,123,140220,卖盘
310,14:40:09,11.41,--,40,45925,卖盘
311,14:40:06,11.41,--,8,9128,卖盘
312,14:40:03,11.41,-0.01,41,46781,卖盘
313,14:40:00,11.42,0.01,25,28550,买盘
314,14:39:57,11.41,--,1,1141,卖盘
315,14:39:54,11.41,--,44,50204,卖盘
316,14:39:51,11.41,--,18,20538,卖盘
317,14:39:48,11.41,-0.01,169,193114,卖盘
318,14:39:45,11.42,0.01,468,534456,买盘
319,14:39:42,11.41,--,15,17115,卖盘
320,14:39:39,11.41,-0.01,207,236187,卖盘
321,14:39:36,11.42,0.01,71,81082,买盘
322,14:39:33,11.41,--,4,4564,卖盘
323,14:39:30,11.41,--,53,60473,卖盘
324,14:39:24,11.41,--,10,11410,卖盘
325,14:39:21,11.41,--,109,124369,卖盘
326,14:39:15,11.41,0.01,2,2282,中性盘
327,14:39:12,11.4,--,23,26220,卖盘
328,14:39:09,11.4,--,65,74100,卖盘
329,14:39:06,11.4,-0.01,81,92340,卖盘
330,14:39:03,11.41,--,16,18256,买盘
331,14:38:57,11.41,0.01,84,95844,买盘
332,14:38:54,11.4,--,2,2280,卖盘
333,14:38:51,11.4,-0.01,12,13680,中性盘
334,14:38:48,11.41,--,35,39935,卖盘
335,14:38:45,11.41,0.01,77,87857,买盘
336,14:38:42,11.4,--,78,88920,买盘
337,14:38:39,11.4,0.01,20,22800,中性盘
338,14:38:36,11.39,-0.01,111,126429,卖盘
339,14:38:33,11.4,--,7,8926,买盘
340,14:38:30,11.4,--,69,78660,买盘
341,14:38:27,11.4,-0.02,658,750313,卖盘
342,14:38:24,11.42,0.01,200,228400,买盘
343,14:38:21,11.41,--,121,138061,卖盘
344,14:38:18,11.41,-0.01,10,11410,卖盘
345,14:38:15,11.42,0.01,65,74230,买盘
346,14:38:12,11.41,-0.01,4,4564,卖盘
347,14:38:09,11.42,--,88,100496,买盘
348,14:38:06,11.42,0.01,777,887334,买盘
349,14:38:03,11.41,0.01,11,12551,买盘
350,14:38:00,11.4,-0.01,591,673740,卖盘
351,14:37:57,11.41,-0.01,98,111818,卖盘
352,14:37:54,11.42,0.01,47,53674,买盘
353,14:37:51,11.41,-0.01,3,3423,卖盘
354,14:37:48,11.42,--,132,150744,买盘
355,14:37:45,11.42,--,38,43396,买盘
356,14:37:42,11.42,0.01,30,34260,买盘
357,14:37:39,11.41,--,79,90139,卖盘
358,14:37:36,11.41,-0.01,85,96985,卖盘
359,14:37:33,11.42,0.01,70,79940,买盘
360,14:37:30,11.41,--,80,91280,卖盘
361,14:37:27,11.41,-0.01,15,17115,卖盘
362,14:37:24,11.42,0.01,100,114200,买盘
363,14:37:21,11.41,--,27,30807,卖盘
364,14:37:18,11.41,--,52,59332,买盘
365,14:37:15,11.41,--,42,47922,卖盘
366,14:37:12,11.41,--,19,21679,卖盘
367,14:37:09,11.41,-0.01,4,4564,中性盘
368,14:37:06,11.42,0.01,109,124478,买盘
369,14:37:03,11.41,0.01,3,4370,中性盘
370,14:37:00,11.4,-0.02,853,972420,卖盘
371,14:36:57,11.42,0.01,59,67378,买盘
372,14:36:54,11.41,--,14,15974,卖盘
373,14:36:51,11.41,--,34,38794,卖盘
374,14:36:45,11.41,0.01,70,79870,卖盘
375,14:36:42,11.4,-0.02,15,17100,卖盘
376,14:36:39,11.42,0.02,135,154170,买盘
377,14:36:36,11.4,-0.01,140,159600,卖盘
378,14:36:33,11.41,-0.01,64,73024,买盘
379,14:36:30,11.42,0.01,5,5710,买盘
380,14:36:27,11.41,-0.01,12,13692,中性盘
381,14:36:21,11.42,0.02,73,83651,买盘
382,14:36:18,11.4,--,545,621300,卖盘
383,14:36:15,11.4,--,18,20520,卖盘
384,14:36:12,11.4,--,17,19380,卖盘
385,14:36:09,11.4,--,18,20520,卖盘
386,14:36:06,11.4,-0.01,29,33060,卖盘
387,14:36:03,11.41,-0.01,57,65037,卖盘
388,14:36:00,11.42,0.02,81,92502,买盘
389,14:35:57,11.4,--,39,44460,卖盘
390,14:35:54,11.4,--,502,572280,卖盘
391,14:35:51,11.4,-0.02,172,196080,卖盘
392,14:35:48,11.42,0.02,271,309482,买盘
393,14:35:45,11.4,--,425,484500,卖盘
394,14:35:42,11.4,-0.02,1001,1141140,卖盘
395,14:35:39,11.42,0.01,66,75372,买盘
396,14:35:36,11.41,--,88,100408,卖盘
397,14:35:33,11.41,--,27,30807,买盘
398,14:35:30,11.41,0.01,78,88998,买盘
399,14:35:27,11.4,-0.01,80,91200,卖盘
400,14:35:24,11.41,0.01,5,5705,买盘
401,14:35:21,11.4,-0.01,24,27360,卖盘
402,14:35:18,11.41,-0.01,10,11410,卖盘
403,14:35:15,11.42,--,5,5710,买盘
404,14:35:12,11.42,--,54,61668,买盘
405,14:35:09,11.42,0.02,60,68520,买盘
406,14:35:06,11.4,--,71,80940,卖盘
407,14:35:03,11.4,--,6,6840,卖盘
408,14:34:57,11.4,-0.01,36,41040,卖盘
409,14:34:54,11.41,0.01,162,184842,中性盘
410,14:34:51,11.4,--,154,175560,卖盘
411,14:34:48,11.4,-0.01,180,205200,卖盘
412,14:34:45,11.41,--,223,254443,卖盘
413,14:34:42,11.41,--,27,30807,卖盘
414,14:34:39,11.41,--,9,10269,卖盘
415,14:34:36,11.41,-0.01,134,152894,卖盘
416,14:34:33,11.42,0.01,11,12562,买盘
417,14:34:30,11.41,--,1,1141,卖盘
418,14:34:27,11.41,--,4,4564,卖盘
419,14:34:24,11.41,--,6,6846,卖盘
420,14:34:21,11.41,-0.01,1,1141,卖盘
421,14:34:18,11.42,0.01,42,47964,买盘
422,14:34:15,11.41,--,5,5705,卖盘
423,14:34:12,11.41,--,27,30807,卖盘
424,14:34:09,11.41,--,206,235046,卖盘
425,14:34:06,11.41,-0.01,50,57050,卖盘
426,14:34:03,11.42,--,20,22840,买盘
427,14:34:00,11.42,0.01,11,12562,买盘
428,14:33:57,11.41,-0.01,19,21679,卖盘
429,14:33:54,11.42,0.01,104,118768,买盘
430,14:33:51,11.41,--,23,26243,卖盘
431,14:33:48,11.41,-0.01,51,58191,卖盘
432,14:33:45,11.42,--,71,81082,买盘
433,14:33:42,11.42,0.01,24,27408,买盘
434,14:33:39,11.41,-0.01,7,7987,卖盘
435,14:33:36,11.42,0.01,87,99354,买盘
436,14:33:33,11.41,--,175,199675,卖盘
437,14:33:30,11.41,-0.01,146,166586,卖盘
438,14:33:27,11.42,0.01,50,57100,买盘
439,14:33:24,11.41,-0.01,138,157458,卖盘
440,14:33:21,11.42,0.01,129,147318,买盘
441,14:33:18,11.41,-0.01,110,125510,卖盘
442,14:33:15,11.42,--,3,3426,买盘
443,14:33:12,11.42,--,68,77656,买盘
444,14:33:09,11.42,0.01,5,5710,买盘
445,14:33:06,11.41,--,34,38794,卖盘
446,14:33:03,11.41,-0.01,1,1141,卖盘
447,14:33:00,11.42,0.01,79,90218,买盘
448,14:32:57,11.41,--,17,19397,卖盘
449,14:32:54,11.41,-0.01,38,43358,买盘
450,14:32:51,11.42,--,128,146290,买盘
451,14:32:48,11.42,0.01,73,83366,买盘
452,14:32:45,11.41,-0.01,44,50204,卖盘
453,14:32:42,11.42,--,55,62810,买盘
454,14:32:39,11.42,--,70,79940,买盘
455,14:32:36,11.42,--,122,139324,买盘
456,14:32:33,11.42,0.01,26,29692,买盘
457,14:32:30,11.41,--,22,25102,卖盘
458,14:32:27,11.41,--,52,59332,卖盘
459,14:32:24,11.41,--,80,91280,卖盘
460,14:32:21,11.41,--,27,30807,卖盘
461,14:32:18,11.41,-0.01,68,78614,卖盘
462,14:32:15,11.42,0.01,13,14846,买盘
463,14:32:12,11.41,--,18,20538,卖盘
464,14:32:09,11.41,--,1,1141,卖盘
465,14:32:06,11.41,--,30,34230,卖盘
466,14:32:03,11.41,--,34,38794,卖盘
467,14:31:57,11.41,--,1,1141,卖盘
468,14:31:54,11.41,--,10,11410,卖盘
469,14:31:51,11.41,--,33,37653,卖盘
470,14:31:45,11.41,--,13,14833,卖盘
471,14:31:42,11.41,--,34,38794,买盘
472,14:31:39,11.41,0.01,8,9128,中性盘
473,14:31:36,11.4,--,219,249660,卖盘
474,14:31:33,11.4,-0.01,1,1140,卖盘
475,14:31:30,11.41,--,1,1141,买盘
476,14:31:27,11.41,--,16,18256,卖盘
477,14:31:24,11.41,0.01,69,78729,买盘
478,14:31:21,11.4,--,6,6840,卖盘
479,14:31:18,11.4,-0.02,48,54720,卖盘
480,14:31:15,11.42,0.01,221,252382,买盘
481,14:31:12,11.41,--,172,196252,卖盘
482,14:31:09,11.41,--,65,74165,卖盘
483,14:31:06,11.41,--,21,23961,卖盘
484,14:31:03,11.41,--,1,1141,卖盘
485,14:30:57,11.41,-0.01,18,20538,卖盘
486,14:30:54,11.42,--,118,134756,卖盘
487,14:30:51,11.42,--,14,15988,卖盘
488,14:30:48,11.42,--,287,327754,卖盘
489,14:30:45,11.42,--,8,9136,卖盘
490,14:30:42,11.42,--,8,9136,卖盘
491,14:30:39,11.42,--,25,28550,卖盘
492,14:30:36,11.42,--,98,111916,卖盘
493,14:30:33,11.42,--,76,86792,卖盘
494,14:30:27,11.42,0.01,24,27408,买盘
495,14:30:24,11.41,-0.02,16,18256,卖盘
496,14:30:21,11.43,0.01,80,91440,买盘
497,14:30:18,11.42,0.01,2,2284,买盘
498,14:30:15,11.41,--,20,22820,卖盘
499,14:30:12,11.41,--,3,3423,卖盘
500,14:30:09,11.41,--,26,29666,卖盘
501,14:30:06,11.41,-0.01,265,302365,卖盘
502,14:30:03,11.42,0.01,41,46822,买盘
503,14:30:00,11.41,-0.01,66,75306,卖盘
504,14:29:57,11.42,0.01,25,28550,买盘
505,14:29:51,11.41,-0.01,82,93562,卖盘
506,14:29:45,11.42,--,3,3426,卖盘
507,14:29:42,11.42,--,11,12562,卖盘
508,14:29:36,11.42,-0.01,99,113058,卖盘
509,14:29:33,11.43,--,143,163449,卖盘
510,14:29:30,11.43,--,260,297180,卖盘
511,14:29:27,11.43,--,40,45720,卖盘
512,14:29:24,11.43,-0.01,1,1143,卖盘
513,14:29:21,11.44,--,283,323752,买盘
514,14:29:18,11.44,--,4,4576,买盘
515,14:29:15,11.44,0.01,66,75504,买盘
516,14:29:12,11.43,--,21,24003,卖盘
517,14:29:09,11.43,--,158,180594,卖盘
518,14:29:06,11.43,-0.01,221,252603,卖盘
519,14:29:03,11.44,--,83,94952,买盘
520,14:29:00,11.44,--,524,599456,买盘
521,14:28:57,11.44,--,208,237952,买盘
522,14:28:54,11.44,0.01,28,32032,买盘
523,14:28:51,11.43,-0.01,165,188595,卖盘
524,14:28:48,11.44,--,37,42328,买盘
525,14:28:45,11.44,--,123,140712,卖盘
526,14:28:42,11.44,--,113,129272,卖盘
527,14:28:39,11.44,--,10,11440,卖盘
528,14:28:36,11.44,--,82,93808,卖盘
529,14:28:33,11.44,--,21,24024,中性盘
530,14:28:30,11.44,-0.01,51,58344,卖盘
531,14:28:27,11.45,0.02,33,37785,买盘
532,14:28:24,11.43,--,18,20574,卖盘
533,14:28:21,11.43,-0.02,28,32004,卖盘
534,14:28:18,11.45,0.02,36,41220,买盘
535,14:28:15,11.43,-0.01,61,69723,卖盘
536,14:28:12,11.44,--,13,14872,卖盘
537,14:28:09,11.44,0.01,122,139568,买盘
538,14:28:06,11.43,-0.01,1083,1238211,卖盘
539,14:28:03,11.44,--,21,24024,买盘
540,14:28:00,11.44,0.01,60,68640,买盘
541,14:27:57,11.43,--,18,20574,卖盘
542,14:27:54,11.43,--,168,192024,卖盘
543,14:27:51,11.43,--,13,14859,卖盘
544,14:27:48,11.43,--,190,217170,买盘
545,14:27:45,11.43,--,103,117729,买盘
546,14:27:42,11.43,0.01,200,228600,买盘
547,14:27:39,11.42,--,295,336890,卖盘
548,14:27:36,11.42,-0.01,92,105064,卖盘
549,14:27:33,11.43,--,27,30861,买盘
550,14:27:30,11.43,--,20,22860,买盘
551,14:27:27,11.43,0.01,50,57150,买盘
552,14:27:24,11.42,--,52,59384,卖盘
553,14:27:21,11.42,-0.01,208,237536,卖盘
554,14:27:18,11.43,0.01,11,12573,买盘
555,14:27:15,11.42,--,5,5881,卖盘
556,14:27:12,11.42,-0.01,24,27408,卖盘
557,14:27:09,11.43,0.01,162,185166,买盘
558,14:27:06,11.42,0.01,120,137040,买盘
559,14:27:03,11.41,-0.01,2,2282,卖盘
560,14:27:00,11.42,0.01,324,370008,买盘
561,14:26:57,11.41,-0.01,51,58191,卖盘
562,14:26:54,11.42,0.01,66,75372,买盘
563,14:26:51,11.41,--,17,19397,卖盘
564,14:26:48,11.41,--,114,130074,卖盘
565,14:26:45,11.41,-0.01,410,467810,卖盘
566,14:26:42,11.42,0.01,25,28550,中性盘
567,14:26:39,11.41,-0.01,35,40106,卖盘
568,14:26:36,11.42,0.01,141,161022,中性盘
569,14:26:33,11.41,-0.02,59,67319,卖盘
570,14:26:30,11.43,0.02,135,154305,买盘
571,14:26:27,11.41,-0.01,33,37653,卖盘
572,14:26:24,11.42,--,33,37686,卖盘
573,14:26:21,11.42,--,82,93644,卖盘
574,14:26:15,11.42,--,136,155312,卖盘
575,14:26:12,11.42,0.02,7,7994,中性盘
576,14:26:09,11.4,-0.02,434,494931,卖盘
577,14:26:06,11.42,--,327,373434,卖盘
578,14:26:03,11.42,--,56,63952,卖盘
579,14:26:00,11.42,--,302,344884,卖盘
580,14:25:57,11.42,-0.01,82,93644,卖盘
581,14:25:54,11.43,--,241,276434,卖盘
582,14:25:51,11.43,-0.01,205,234315,卖盘
583,14:25:48,11.44,--,30,34491,买盘
584,14:25:45,11.44,--,228,260832,买盘
585,14:25:42,11.44,--,120,137280,买盘
586,14:25:39,11.44,--,110,126812,卖盘
587,14:25:36,11.44,-0.01,251,287144,卖盘
588,14:25:33,11.45,--,458,524410,买盘
589,14:25:30,11.45,0.01,115,131675,买盘
590,14:25:27,11.44,-0.01,340,388960,卖盘
591,14:25:24,11.45,--,91,104195,买盘
592,14:25:21,11.45,--,184,210680,买盘
593,14:25:18,11.45,--,73,83585,买盘
594,14:25:15,11.45,0.01,288,329931,买盘
595,14:25:12,11.44,--,230,263120,卖盘
596,14:25:09,11.44,-0.01,648,741312,卖盘
597,14:25:06,11.45,--,49,56105,买盘
598,14:25:03,11.45,--,233,266785,买盘
599,14:25:00,11.45,-0.01,169,193505,买盘
600,14:24:57,11.46,0.01,348,398808,买盘
601,14:24:54,11.45,--,311,356095,卖盘
602,14:24:51,11.45,0.01,511,585095,中性盘
603,14:24:48,11.44,0.01,140,160160,买盘
604,14:24:45,11.43,-0.02,892,1019556,卖盘
605,14:24:42,11.45,0.02,2518,2883110,买盘
606,14:24:39,11.43,-0.01,278,317754,卖盘
607,14:24:36,11.44,0.01,300,343200,买盘
608,14:24:33,11.43,--,593,677799,买盘
609,14:24:30,11.43,0.01,313,357759,买盘
610,14:24:27,11.42,--,716,817672,买盘
611,14:24:24,11.42,0.01,303,346026,买盘
612,14:24:21,11.41,0.01,910,1038538,买盘
613,14:24:18,11.4,--,68,77520,卖盘
614,14:24:15,11.4,-0.01,116,132411,买盘
615,14:24:12,11.41,0.01,1405,1603105,买盘
616,14:24:09,11.4,--,1298,1479720,买盘
617,14:24:06,11.4,0.01,50,57000,买盘
618,14:24:03,11.39,-0.01,210,239190,卖盘
619,14:24:00,11.4,0.01,401,457140,买盘
620,14:23:57,11.39,-0.01,22,25058,卖盘
621,14:23:54,11.4,0.01,521,593940,买盘
622,14:23:51,11.39,--,153,174267,卖盘
623,14:23:48,11.39,-0.01,200,227800,卖盘
624,14:23:45,11.4,0.01,540,615600,买盘
625,14:23:42,11.39,--,22,25058,卖盘
626,14:23:39,11.39,--,7,8143,卖盘
627,14:23:36,11.39,--,91,103649,卖盘
628,14:23:33,11.39,--,440,502253,买盘
629,14:23:30,11.39,--,1127,1283653,买盘
630,14:23:27,11.39,0.01,59,67201,买盘
631,14:23:24,11.38,-0.01,20,22760,中性盘
632,14:23:21,11.39,0.01,453,515967,买盘
633,14:23:18,11.38,--,419,476867,卖盘
634,14:23:15,11.38,--,84,95762,卖盘
635,14:23:12,11.38,--,100,113800,卖盘
636,14:23:09,11.38,0.01,145,165931,买盘
637,14:23:06,11.37,--,141,160317,卖盘
638,14:23:03,11.37,-0.01,5,5685,卖盘
639,14:23:00,11.38,--,49,55762,买盘
640,14:22:57,11.38,0.01,81,92906,买盘
641,14:22:54,11.37,--,139,158452,卖盘
642,14:22:51,11.37,-0.01,56,63671,卖盘
643,14:22:48,11.38,0.01,70,79660,买盘
644,14:22:45,11.37,--,12,13643,卖盘
645,14:22:42,11.37,-0.01,41,46787,卖盘
646,14:22:39,11.38,--,54,61452,买盘
647,14:22:36,11.38,--,318,361884,买盘
648,14:22:33,11.38,--,39,44382,买盘
649,14:22:30,11.38,0.01,7,7966,买盘
650,14:22:27,11.37,-0.01,87,98919,卖盘
651,14:22:24,11.38,--,124,141112,买盘
652,14:22:21,11.38,0.01,99,112662,买盘
653,14:22:18,11.37,-0.01,24,27287,卖盘
654,14:22:15,11.38,--,27,30896,买盘
655,14:22:12,11.38,0.01,1021,1161898,买盘
656,14:22:09,11.37,--,193,219440,卖盘
657,14:22:06,11.37,0.01,56,64058,买盘
658,14:22:03,11.36,-0.01,36,40896,卖盘
659,14:22:00,11.37,0.01,49,55712,买盘
660,14:21:57,11.36,-0.01,1,1136,卖盘
661,14:21:54,11.37,--,477,543099,卖盘
662,14:21:51,11.37,--,174,197838,卖盘
663,14:21:48,11.37,--,2,2274,卖盘
664,14:21:45,11.37,--,3,3410,卖盘
665,14:21:42,11.37,-0.01,39,44513,卖盘
666,14:21:39,11.38,--,67,76246,买盘
667,14:21:36,11.38,--,433,492754,买盘
668,14:21:33,11.38,0.01,21,23898,买盘
669,14:21:27,11.37,--,2,2274,卖盘
670,14:21:21,11.37,-0.01,1,1137,卖盘
671,14:21:18,11.38,--,148,168424,买盘
672,14:21:15,11.38,--,40,45690,买盘
673,14:21:12,11.38,0.01,10,11380,买盘
674,14:21:09,11.37,-0.01,48,54575,卖盘
675,14:21:06,11.38,--,20,22760,买盘
676,14:21:03,11.38,--,491,558758,买盘
677,14:21:00,11.38,0.01,1,1138,买盘
678,14:20:57,11.37,-0.01,32,36384,卖盘
679,14:20:54,11.38,0.01,32,36416,买盘
680,14:20:51,11.37,-0.01,2,2274,卖盘
681,14:20:48,11.38,0.01,50,56900,买盘
682,14:20:45,11.37,-0.01,9,10403,卖盘
683,14:20:42,11.38,0.01,135,153630,买盘
684,14:20:39,11.37,--,24,27287,卖盘
685,14:20:36,11.37,--,65,73905,卖盘
686,14:20:33,11.37,--,9,10233,卖盘
687,14:20:30,11.37,--,20,22740,卖盘
688,14:20:27,11.37,0.01,292,333015,买盘
689,14:20:24,11.36,--,2,2272,卖盘
690,14:20:21,11.36,--,2,2272,卖盘
691,14:20:18,11.36,--,49,55834,买盘
692,14:20:15,11.36,0.01,50,56800,买盘
693,14:20:12,11.35,--,2,2270,卖盘
694,14:20:09,11.35,-0.01,7,8115,卖盘
695,14:20:06,11.36,0.01,13,14768,买盘
696,14:20:03,11.35,-0.01,2,2270,卖盘
697,14:20:00,11.36,--,9,10224,买盘
698,14:19:57,11.36,--,29,33909,卖盘
699,14:19:54,11.36,0.01,90,102410,买盘
700,14:19:51,11.35,-0.01,14,15890,卖盘
701,14:19:48,11.36,--,139,158869,卖盘
702,14:19:45,11.36,-0.01,114,129504,卖盘
703,14:19:42,11.37,0.01,20,22740,买盘
704,14:19:39,11.36,--,5,5850,卖盘
705,14:19:36,11.36,-0.01,200,227200,中性盘
706,14:19:33,11.37,--,8,9096,买盘
707,14:19:30,11.37,0.01,194,220703,买盘
708,14:19:27,11.36,--,50,56800,卖盘
709,14:19:21,11.36,--,33,37488,卖盘
710,14:19:18,11.36,--,248,282739,买盘
711,14:19:15,11.36,0.01,283,321658,买盘
712,14:19:12,11.35,--,50,56750,卖盘
713,14:19:09,11.35,--,28,31780,卖盘
714,14:19:06,11.35,-0.01,47,53345,卖盘
715,14:19:03,11.36,--,10,11360,买盘
716,14:19:00,11.36,0.01,1,1136,买盘
717,14:18:57,11.35,--,182,206570,卖盘
718,14:18:54,11.35,--,6,6810,卖盘
719,14:18:51,11.35,--,128,145280,卖盘
720,14:18:48,11.35,--,11,12485,卖盘
721,14:18:45,11.35,--,106,120310,卖盘
722,14:18:39,11.35,--,8,9250,卖盘
723,14:18:36,11.35,-0.01,112,127120,卖盘
724,14:18:33,11.36,--,984,1117948,卖盘
725,14:18:27,11.36,-0.01,2,2272,卖盘
726,14:18:21,11.37,--,54,61397,买盘
727,14:18:18,11.37,--,9,11199,卖盘
728,14:18:15,11.37,0.01,97,110459,中性盘
729,14:18:12,11.36,-0.01,131,148816,卖盘
730,14:18:09,11.37,--,109,123932,卖盘
731,14:18:06,11.37,-0.01,247,280839,卖盘
732,14:18:03,11.38,0.01,14,15932,买盘
733,14:17:57,11.37,--,22,25014,卖盘
734,14:17:51,11.37,--,48,54746,卖盘
735,14:17:48,11.37,--,408,463895,卖盘
736,14:17:45,11.37,-0.01,6,6821,卖盘
737,14:17:42,11.38,--,10,11380,买盘
738,14:17:39,11.38,--,56,63728,买盘
739,14:17:36,11.38,0.01,200,227600,买盘
740,14:17:33,11.37,--,11,12507,买盘
741,14:17:30,11.37,--,331,376347,卖盘
742,14:17:27,11.37,-0.01,2,2274,卖盘
743,14:17:24,11.38,0.01,444,505272,买盘
744,14:17:21,11.37,--,32,36384,卖盘
745,14:17:18,11.37,--,45,51165,卖盘
746,14:17:15,11.37,--,73,83001,卖盘
747,14:17:12,11.37,--,7,7958,卖盘
748,14:17:09,11.37,--,61,69357,卖盘
749,14:17:06,11.37,0.01,56,63671,买盘
750,14:17:03,11.36,-0.01,26,29536,卖盘
751,14:17:00,11.37,0.01,90,102330,买盘
752,14:16:57,11.36,--,20,22720,卖盘
753,14:16:51,11.36,-0.01,39,44304,卖盘
754,14:16:48,11.37,0.01,54,61397,中性盘
755,14:16:45,11.36,-0.01,187,212432,卖盘
756,14:16:42,11.37,--,131,149333,卖盘
757,14:16:39,11.37,--,85,96645,卖盘
758,14:16:36,11.37,--,94,106877,卖盘
759,14:16:33,11.37,--,11,12507,卖盘
760,14:16:30,11.37,--,209,237632,卖盘
761,14:16:27,11.37,0.01,686,780732,买盘
762,14:16:24,11.36,--,24,27264,卖盘
763,14:16:21,11.36,-0.01,188,213568,卖盘
764,14:16:18,11.37,0.01,9,10233,买盘
765,14:16:15,11.36,--,118,134888,买盘
766,14:16:12,11.36,0.01,35,39760,买盘
767,14:16:09,11.35,-0.01,25,28375,卖盘
768,14:16:06,11.36,--,14,15904,买盘
769,14:16:03,11.36,--,19,21584,卖盘
770,14:16:00,11.36,0.02,27,30672,买盘
771,14:15:57,11.34,--,3,3402,卖盘
772,14:15:54,11.34,-0.03,27,30618,卖盘
773,14:15:51,11.37,--,17,19329,买盘
774,14:15:48,11.37,--,10,11370,买盘
775,14:15:45,11.37,--,86,97782,买盘
776,14:15:42,11.37,--,361,410457,买盘
777,14:15:39,11.37,0.02,167,189879,买盘
778,14:15:36,11.35,-0.02,81,91935,卖盘
779,14:15:33,11.37,--,10,11370,买盘
780,14:15:27,11.37,0.02,91,103467,买盘
781,14:15:24,11.35,--,133,150955,卖盘
782,14:15:21,11.35,-0.02,18,20430,卖盘
783,14:15:18,11.37,0.01,920,1046039,买盘
784,14:15:15,11.36,0.01,148,168128,买盘
785,14:15:12,11.35,-0.01,7,7945,卖盘
786,14:15:09,11.36,--,26,29536,买盘
787,14:15:03,11.36,--,94,106784,买盘
788,14:15:00,11.36,--,10,11360,买盘
789,14:14:57,11.36,0.01,259,294224,买盘
790,14:14:54,11.35,--,3,3405,卖盘
791,14:14:51,11.35,--,41,46535,卖盘
792,14:14:48,11.35,--,125,141875,卖盘
793,14:14:45,11.35,--,3,3405,卖盘
794,14:14:42,11.35,--,50,56750,卖盘
795,14:14:39,11.35,--,42,47670,卖盘
796,14:14:36,11.35,--,99,112365,买盘
797,14:14:33,11.35,--,81,91935,买盘
798,14:14:27,11.35,--,124,140740,卖盘
799,14:14:24,11.35,-0.01,64,72640,卖盘
800,14:14:21,11.36,0.01,17,19312,买盘
801,14:14:18,11.35,--,146,165710,卖盘
802,14:14:15,11.35,--,20,22700,卖盘
803,14:14:12,11.35,0.01,412,467620,买盘
804,14:14:09,11.34,-0.01,26,29484,卖盘
805,14:14:06,11.35,-0.01,234,266044,卖盘
806,14:14:03,11.36,0.01,11,12496,买盘
807,14:13:57,11.35,0.01,67,76726,买盘
808,14:13:54,11.34,--,870,986580,卖盘
809,14:13:51,11.34,--,7,7938,卖盘
810,14:13:48,11.34,--,4,4536,卖盘
811,14:13:45,11.34,--,174,197316,卖盘
812,14:13:39,11.34,-0.01,50,56700,卖盘
813,14:13:36,11.35,0.01,285,323475,买盘
814,14:13:33,11.34,-0.01,1,1134,卖盘
815,14:13:30,11.35,0.01,52,59020,买盘
816,14:13:27,11.34,--,5,5670,卖盘
817,14:13:24,11.34,--,12,13608,卖盘
818,14:13:21,11.34,--,64,72576,卖盘
819,14:13:18,11.34,-0.01,73,82782,中性盘
820,14:13:15,11.35,0.02,15,17025,买盘
821,14:13:12,11.33,-0.02,512,580096,卖盘
822,14:13:09,11.35,0.02,23,26105,买盘
823,14:13:06,11.33,-0.02,396,448668,卖盘
824,14:13:03,11.35,0.01,184,208840,买盘
825,14:12:57,11.34,0.01,75,85050,买盘
826,14:12:54,11.33,--,223,252659,卖盘
827,14:12:51,11.33,--,59,66847,卖盘
828,14:12:45,11.33,--,54,61182,卖盘
829,14:12:42,11.33,--,273,310419,卖盘
830,14:12:36,11.33,--,106,120098,卖盘
831,14:12:33,11.33,-0.01,179,202807,卖盘
832,14:12:30,11.34,--,95,107730,卖盘
833,14:12:27,11.34,0.01,33,37422,买盘
834,14:12:24,11.33,-0.01,48,54384,卖盘
835,14:12:21,11.34,-0.01,85,96390,卖盘
836,14:12:18,11.35,--,1073,1217855,买盘
837,14:12:15,11.35,0.01,43,49701,买盘
838,14:12:12,11.34,-0.01,135,153090,卖盘
839,14:12:09,11.35,--,62,70370,买盘
840,14:12:06,11.35,--,137,155495,买盘
841,14:12:03,11.35,0.01,105,120287,买盘
842,14:12:00,11.34,-0.01,29,32886,中性盘
843,14:11:57,11.35,0.02,21,24164,买盘
844,14:11:54,11.33,--,70,79310,买盘
845,14:11:51,11.33,-0.02,69,78777,卖盘
846,14:11:48,11.35,0.02,66,74910,买盘
847,14:11:45,11.33,--,5,5665,卖盘
848,14:11:42,11.33,--,363,411403,卖盘
849,14:11:39,11.33,-0.01,33,37389,卖盘
850,14:11:36,11.34,--,87,98658,买盘
851,14:11:33,11.34,--,83,94122,卖盘
852,14:11:27,11.34,--,91,103194,卖盘
853,14:11:24,11.34,0.01,440,498960,买盘
854,14:11:21,11.33,-0.01,115,130929,卖盘
855,14:11:18,11.34,0.01,34,38556,买盘
856,14:11:12,11.33,--,147,167457,卖盘
857,14:11:06,11.33,0.02,136,154088,买盘
858,14:11:03,11.31,--,137,154947,卖盘
859,14:10:57,11.31,--,1,1131,卖盘
860,14:10:54,11.31,--,22,24882,卖盘
861,14:10:51,11.31,-0.02,563,637442,中性盘
862,14:10:48,11.33,-0.02,5,5665,卖盘
863,14:10:45,11.35,0.05,21,23835,买盘
864,14:10:42,11.3,--,5,6192,买盘
865,14:10:39,11.3,-0.05,495,559350,买盘
866,14:10:36,11.35,--,487,553335,卖盘
867,14:10:33,11.35,0.06,3532,4009364,买盘
868,14:10:30,11.29,--,23,26373,卖盘
869,14:10:27,11.29,--,23,25966,卖盘
870,14:10:24,11.29,--,8,9032,卖盘
871,14:10:21,11.29,-0.01,11,12418,卖盘
872,14:10:18,11.3,-0.01,5,5650,卖盘
873,14:10:12,11.31,0.01,228,258637,买盘
874,14:10:09,11.3,--,32,36160,买盘
875,14:10:06,11.3,0.01,64,72320,买盘
876,14:10:03,11.29,--,1,1129,卖盘
877,14:10:00,11.29,--,26,29353,卖盘
878,14:09:57,11.29,--,1,1129,卖盘
879,14:09:54,11.29,--,14,15805,卖盘
880,14:09:51,11.29,--,13,14676,卖盘
881,14:09:45,11.29,--,3,3386,卖盘
882,14:09:42,11.29,-0.01,11,12418,卖盘
883,14:09:39,11.3,0.01,20,22600,买盘
884,14:09:36,11.29,--,94,106125,卖盘
885,14:09:33,11.29,-0.01,13,14676,卖盘
886,14:09:24,11.3,0.01,605,683650,买盘
887,14:09:21,11.29,--,1,1129,卖盘
888,14:09:15,11.29,--,10,11290,卖盘
889,14:09:12,11.29,-0.01,1,1129,卖盘
890,14:09:09,11.3,0.01,24,27120,买盘
891,14:09:06,11.29,-0.01,11,12418,卖盘
892,14:09:03,11.3,--,13,14690,买盘
893,14:09:00,11.3,--,80,90761,卖盘
894,14:08:57,11.3,--,5,5650,卖盘
895,14:08:54,11.3,--,10,11300,卖盘
896,14:08:51,11.3,--,3,3390,卖盘
897,14:08:48,11.3,--,10,11300,卖盘
898,14:08:45,11.3,--,21,23730,卖盘
899,14:08:42,11.3,--,309,349441,卖盘
900,14:08:36,11.3,--,71,80230,卖盘
901,14:08:33,11.3,--,179,202541,卖盘
902,14:08:30,11.3,-0.01,2,2260,卖盘
903,14:08:24,11.31,--,7,7917,买盘
904,14:08:21,11.31,0.01,63,71479,买盘
905,14:08:18,11.3,--,16,18080,买盘
906,14:08:15,11.3,0.01,20,22600,买盘
907,14:08:12,11.29,--,563,635627,卖盘
908,14:08:06,11.29,-0.01,11,12418,卖盘
909,14:08:03,11.3,--,22,24860,买盘
910,14:08:00,11.3,0.01,4,4520,买盘
911,14:07:57,11.29,--,16,18064,卖盘
912,14:07:51,11.29,--,5,5645,卖盘
913,14:07:48,11.29,-0.01,11,12418,卖盘
914,14:07:45,11.3,--,80,91010,买盘
915,14:07:42,11.3,--,4,4520,买盘
916,14:07:39,11.3,0.01,17,19210,买盘
917,14:07:36,11.29,-0.01,72,81288,卖盘
918,14:07:33,11.3,--,74,83642,卖盘
919,14:07:30,11.3,--,38,44047,卖盘
920,14:07:27,11.3,--,8,9040,买盘
921,14:07:24,11.3,0.01,2,2260,买盘
922,14:07:21,11.29,--,2,2258,卖盘
923,14:07:18,11.29,--,42,47418,卖盘
924,14:07:15,11.29,-0.01,198,223541,卖盘
925,14:07:12,11.3,-0.01,203,230294,卖盘
926,14:07:09,11.31,0.01,54,61074,买盘
927,14:07:06,11.3,--,554,626020,买盘
928,14:07:03,11.3,0.01,20,22769,买盘
929,14:06:57,11.29,--,1,1129,卖盘
930,14:06:51,11.29,-0.01,1,1129,卖盘
931,14:06:48,11.3,0.01,15,16950,买盘
932,14:06:45,11.29,--,4,4516,卖盘
933,14:06:39,11.29,--,11,12418,卖盘
934,14:06:36,11.29,--,67,75643,卖盘
935,14:06:27,11.29,--,5,5814,卖盘
936,14:06:21,11.29,--,61,68869,卖盘
937,14:06:18,11.29,-0.01,1,1129,卖盘
938,14:06:15,11.3,0.01,40,45200,买盘
939,14:06:12,11.29,-0.01,21,23709,卖盘
940,14:06:03,11.3,0.01,29,32770,买盘
941,14:06:00,11.29,--,6,6943,卖盘
942,14:05:57,11.29,--,1,1129,卖盘
943,14:05:51,11.29,-0.01,4,4516,卖盘
944,14:05:48,11.3,--,20,22600,买盘
945,14:05:45,11.3,0.01,105,118650,买盘
946,14:05:39,11.29,--,33,37257,卖盘
947,14:05:36,11.29,--,82,92578,卖盘
948,14:05:33,11.29,-0.01,1,1129,卖盘
949,14:05:30,11.3,0.01,38,42940,买盘
950,14:05:27,11.29,--,5,5814,卖盘
951,14:05:21,11.29,--,3,3386,卖盘
952,14:05:18,11.29,-0.01,3,3386,卖盘
953,14:05:15,11.3,0.01,50,56500,买盘
954,14:05:12,11.29,--,1,1129,卖盘
955,14:05:09,11.29,--,1,1129,卖盘
956,14:05:06,11.29,-0.01,2,2258,卖盘
957,14:05:03,11.3,0.01,14,15820,买盘
958,14:05:00,11.29,--,105,118714,卖盘
959,14:04:54,11.29,--,1,1129,卖盘
960,14:04:51,11.29,--,5,5645,卖盘
961,14:04:48,11.29,0.01,242,273218,买盘
962,14:04:45,11.28,-0.01,19,21432,卖盘
963,14:04:39,11.29,0.01,5,5645,买盘
964,14:04:36,11.28,-0.01,100,112800,卖盘
965,14:04:33,11.29,--,1,1129,卖盘
966,14:04:30,11.29,--,96,108383,买盘
967,14:04:27,11.29,0.01,5,5645,买盘
968,14:04:24,11.28,--,5,5809,卖盘
969,14:04:21,11.28,-0.01,160,180480,卖盘
970,14:04:18,11.29,--,1,1129,买盘
971,14:04:15,11.29,0.01,38,42902,买盘
972,14:04:12,11.28,--,28,31584,卖盘
973,14:04:09,11.28,-0.01,111,125208,卖盘
974,14:04:06,11.29,--,222,250637,买盘
975,14:04:03,11.29,--,89,100650,买盘
976,14:03:57,11.29,--,17,19193,买盘
977,14:03:54,11.29,0.01,22,24837,买盘
978,14:03:51,11.28,-0.01,3,3384,卖盘
979,14:03:45,11.29,--,10,11290,买盘
980,14:03:42,11.29,--,50,56449,买盘
981,14:03:36,11.29,0.01,103,116286,中性盘
982,14:03:33,11.28,-0.01,265,299258,卖盘
983,14:03:30,11.29,--,10,11459,买盘
984,14:03:27,11.29,--,9,10161,买盘
985,14:03:24,11.29,--,9,10161,买盘
986,14:03:21,11.29,--,721,814799,卖盘
987,14:03:18,11.29,--,1,1129,卖盘
988,14:03:15,11.29,--,11,12418,卖盘
989,14:03:12,11.29,-0.01,1,1129,卖盘
990,14:03:09,11.3,--,10,11300,买盘
991,14:03:06,11.3,0.01,14,15820,买盘
992,14:03:00,11.29,--,41,46289,卖盘
993,14:02:57,11.29,--,6,6943,卖盘
994,14:02:54,11.29,--,5,5645,卖盘
995,14:02:51,11.29,--,54,60965,卖盘
996,14:02:48,11.29,--,5,5814,卖盘
997,14:02:45,11.29,--,19,21451,卖盘
998,14:02:39,11.29,0.01,18,20322,中性盘
999,14:02:36,11.28,-0.01,76,85728,卖盘
1000,14:02:33,11.29,0.01,3,3386,中性盘
1001,14:02:30,11.28,-0.01,157,177220,卖盘
1002,14:02:27,11.29,--,13,14676,买盘
1003,14:02:24,11.29,0.01,25,28394,买盘
1004,14:02:21,11.28,--,16,18048,卖盘
1005,14:02:18,11.28,-0.01,1,1128,卖盘
1006,14:02:15,11.29,0.01,2,2258,买盘
1007,14:02:12,11.28,-0.01,27,30456,卖盘
1008,14:02:09,11.29,--,81,92453,卖盘
1009,14:02:03,11.29,--,156,176248,买盘
1010,14:02:00,11.29,0.01,55,62094,买盘
1011,14:01:57,11.28,-0.01,11,12408,卖盘
1012,14:01:54,11.29,0.01,1,1129,买盘
1013,14:01:51,11.28,--,2,2256,卖盘
1014,14:01:48,11.28,--,5,5809,卖盘
1015,14:01:45,11.28,-0.01,3,3384,卖盘
1016,14:01:42,11.29,0.01,18,20322,买盘
1017,14:01:39,11.28,-0.01,57,64295,卖盘
1018,14:01:36,11.29,--,78,88062,买盘
1019,14:01:33,11.29,0.01,25,28224,买盘
1020,14:01:30,11.28,-0.01,10,11280,卖盘
1021,14:01:27,11.29,0.01,42,47418,买盘
1022,14:01:24,11.28,--,2,2256,卖盘
1023,14:01:21,11.28,-0.01,1833,2068627,卖盘
1024,14:01:15,11.29,--,5,5814,卖盘
1025,14:01:12,11.29,-0.01,10,11290,卖盘
1026,14:01:06,11.3,--,115,129950,买盘
1027,14:01:03,11.3,0.01,12,13560,买盘
1028,14:01:00,11.29,--,2,2258,卖盘
1029,14:00:51,11.29,--,25,28224,卖盘
1030,14:00:45,11.29,-0.01,8,9201,卖盘
1031,14:00:42,11.3,0.01,2,2260,买盘
1032,14:00:39,11.29,--,24,27095,卖盘
1033,14:00:36,11.29,-0.01,73,82417,卖盘
1034,14:00:33,11.3,--,61,68930,买盘
1035,14:00:30,11.3,0.01,16,18080,买盘
1036,14:00:27,11.29,--,198,223541,卖盘
1037,14:00:24,11.29,--,2,2258,卖盘
1038,14:00:18,11.29,--,19,21620,卖盘
1039,14:00:09,11.29,-0.02,8,9032,卖盘
1040,14:00:06,11.31,--,24,27313,买盘
1041,14:00:03,11.31,0.01,14,15834,买盘
1042,13:59:57,11.3,--,13,15356,卖盘
1043,13:59:51,11.3,--,3,3390,卖盘
1044,13:59:48,11.3,--,5,5819,卖盘
1045,13:59:45,11.3,-0.01,26,30001,卖盘
1046,13:59:42,11.31,0.01,13,14703,买盘
1047,13:59:39,11.3,0.01,10,11932,买盘
1048,13:59:36,11.29,-0.02,69,77901,卖盘
1049,13:59:30,11.31,0.01,1,1131,买盘
1050,13:59:27,11.3,--,13,15594,卖盘
1051,13:59:24,11.3,--,2,2260,卖盘
1052,13:59:21,11.3,--,1,1130,中性盘
1053,13:59:18,11.3,0.01,14,15820,买盘
1054,13:59:15,11.29,-0.01,5,5814,卖盘
1055,13:59:12,11.3,0.01,5,5796,买盘
1056,13:59:09,11.29,-0.01,48,54191,卖盘
1057,13:59:06,11.3,-0.01,123,139442,卖盘
1058,13:59:03,11.31,0.01,66,74646,买盘
1059,13:59:00,11.3,0.01,46,52658,买盘
1060,13:58:57,11.29,--,1,1129,卖盘
1061,13:58:54,11.29,-0.01,2,2258,卖盘
1062,13:58:51,11.3,-0.01,2,2260,中性盘
1063,13:58:48,11.31,0.01,46,52195,买盘
1064,13:58:45,11.3,0.01,5,5650,买盘
1065,13:58:42,11.29,-0.01,2,2258,卖盘
1066,13:58:36,11.3,--,184,207920,买盘
1067,13:58:33,11.3,0.01,5,5650,买盘
1068,13:58:27,11.29,-0.01,6,6999,卖盘
1069,13:58:24,11.3,--,6,7684,买盘
1070,13:58:21,11.3,--,24,27346,卖盘
1071,13:58:18,11.3,--,50,56500,卖盘
1072,13:58:15,11.3,--,17,20091,卖盘
1073,13:58:12,11.3,-0.01,7,8079,卖盘
1074,13:58:09,11.31,0.01,5,5655,买盘
1075,13:58:06,11.3,-0.01,75,85326,卖盘
1076,13:58:03,11.31,--,26,29406,买盘
1077,13:58:00,11.31,0.01,9,10179,买盘
1078,13:57:57,11.3,--,283,320422,卖盘
1079,13:57:54,11.3,--,7,7910,卖盘
1080,13:57:51,11.3,-0.01,7,7910,卖盘
1081,13:57:48,11.31,0.01,27,30537,买盘
1082,13:57:45,11.3,--,96,109384,卖盘
1083,13:57:42,11.3,0.01,1,1130,卖盘
1084,13:57:36,11.29,--,93,104996,卖盘
1085,13:57:33,11.29,-0.01,1,1129,卖盘
1086,13:57:30,11.3,-0.01,14,15842,卖盘
1087,13:57:27,11.31,0.01,1,1131,买盘
1088,13:57:24,11.3,-0.01,208,235141,卖盘
1089,13:57:21,11.31,--,100,113100,买盘
1090,13:57:15,11.31,--,35,39585,买盘
1091,13:57:12,11.31,0.01,6,6786,买盘
1092,13:57:06,11.3,-0.01,1,1130,卖盘
1093,13:57:03,11.31,0.01,51,57681,买盘
1094,13:56:57,11.3,--,38,42940,卖盘
1095,13:56:54,11.3,--,24,27120,卖盘
1096,13:56:51,11.3,-0.01,35,39798,卖盘
1097,13:56:48,11.31,--,15,16965,买盘
1098,13:56:45,11.31,0.01,12,13572,买盘
1099,13:56:42,11.3,--,61,68930,卖盘
1100,13:56:39,11.3,--,504,570277,买盘
1101,13:56:36,11.3,0.01,85,96050,买盘
1102,13:56:33,11.29,--,7,7902,卖盘
1103,13:56:30,11.29,--,2,2258,卖盘
1104,13:56:27,11.29,--,4,4516,卖盘
1105,13:56:24,11.29,--,11,12418,卖盘
1106,13:56:21,11.29,-0.01,459,518210,卖盘
1107,13:56:18,11.3,0.01,19,21470,买盘
1108,13:56:12,11.29,--,2,2258,卖盘
1109,13:56:06,11.29,-0.01,9,10161,卖盘
1110,13:56:03,11.3,0.01,15,16950,买盘
1111,13:56:00,11.29,--,248,279992,卖盘
1112,13:55:57,11.29,--,1,1129,卖盘
1113,13:55:54,11.29,--,10,11290,卖盘
1114,13:55:51,11.29,--,5,5645,卖盘
1115,13:55:48,11.29,--,1,1129,卖盘
1116,13:55:45,11.29,-0.01,21,23709,卖盘
1117,13:55:42,11.3,--,34,38420,买盘
1118,13:55:39,11.3,--,3,3390,买盘
1119,13:55:36,11.3,--,98,110740,买盘
1120,13:55:33,11.3,--,502,567260,买盘
1121,13:55:30,11.3,0.01,93,105090,买盘
1122,13:55:24,11.29,--,6,6773,卖盘
1123,13:55:21,11.29,--,1,1129,卖盘
1124,13:55:12,11.29,-0.01,8,9032,卖盘
1125,13:55:09,11.3,--,9,10170,买盘
1126,13:55:06,11.3,--,8,9040,买盘
1127,13:55:03,11.3,--,27,30510,买盘
1128,13:55:00,11.3,--,14,15820,买盘
1129,13:54:57,11.3,0.01,51,57630,买盘
1130,13:54:51,11.29,--,1,1129,卖盘
1131,13:54:48,11.29,--,1,1129,卖盘
1132,13:54:42,11.29,-0.01,13,14676,卖盘
1133,13:54:39,11.3,--,20,22600,买盘
1134,13:54:36,11.3,--,86,97180,买盘
1135,13:54:33,11.3,0.01,6,6780,买盘
1136,13:54:30,11.29,-0.01,10,11290,卖盘
1137,13:54:27,11.3,0.01,4,4520,买盘
1138,13:54:24,11.29,--,1,1129,卖盘
1139,13:54:21,11.29,--,3,3386,卖盘
1140,13:54:15,11.29,--,10,11290,卖盘
1141,13:54:12,11.29,--,2,2258,卖盘
1142,13:54:09,11.29,--,91,102738,卖盘
1143,13:54:06,11.29,--,20,22580,卖盘
1144,13:54:03,11.29,--,1,1129,卖盘
1145,13:54:00,11.29,--,90,101609,卖盘
1146,13:53:57,11.29,--,173,195316,卖盘
1147,13:53:54,11.29,--,1,1129,卖盘
1148,13:53:51,11.29,--,4,4516,卖盘
1149,13:53:48,11.29,--,82,92578,卖盘
1150,13:53:42,11.29,-0.01,1,1129,卖盘
1151,13:53:39,11.3,--,33,37290,买盘
1152,13:53:36,11.3,0.01,89,100570,买盘
1153,13:53:33,11.29,--,1,1129,卖盘
1154,13:53:30,11.29,--,9,10161,卖盘
1155,13:53:27,11.29,--,14,15805,卖盘
1156,13:53:24,11.29,--,1,1129,卖盘
1157,13:53:18,11.29,-0.01,21,23709,卖盘
1158,13:53:15,11.3,--,31,35030,买盘
1159,13:53:12,11.3,--,59,66670,买盘
1160,13:53:06,11.3,0.01,58,65540,买盘
1161,13:53:03,11.29,-0.01,42,47418,卖盘
1162,13:53:00,11.3,0.01,501,566130,买盘
1163,13:52:57,11.29,--,20,22580,卖盘
1164,13:52:51,11.29,--,38,42902,卖盘
1165,13:52:48,11.29,-0.01,1,1129,卖盘
1166,13:52:45,11.3,0.01,30,33900,买盘
1167,13:52:42,11.29,--,21,23709,卖盘
1168,13:52:39,11.29,-0.01,30,33870,卖盘
1169,13:52:36,11.3,0.01,78,88140,买盘
1170,13:52:33,11.29,-0.01,1,1129,卖盘
1171,13:52:30,11.3,--,6,6780,买盘
1172,13:52:27,11.3,0.01,20,22600,买盘
1173,13:52:24,11.29,--,4,4516,卖盘
1174,13:52:21,11.29,--,17,19193,卖盘
1175,13:52:18,11.29,-0.01,12,13547,卖盘
1176,13:52:15,11.3,0.01,3,3390,买盘
1177,13:52:12,11.29,--,2,2258,卖盘
1178,13:52:09,11.29,--,8,9032,卖盘
1179,13:52:06,11.29,-0.01,16,18064,卖盘
1180,13:52:03,11.3,--,35,39550,买盘
1181,13:52:00,11.3,0.01,20,22600,买盘
1182,13:51:57,11.29,--,1,1129,卖盘
1183,13:51:54,11.29,--,12,13547,卖盘
1184,13:51:51,11.29,-0.01,11,12418,卖盘
1185,13:51:48,11.3,--,31,35030,买盘
1186,13:51:45,11.3,0.01,55,62150,买盘
1187,13:51:42,11.29,-0.01,4,4516,卖盘
1188,13:51:39,11.3,0.01,5,5650,买盘
1189,13:51:36,11.29,-0.01,87,98222,卖盘
1190,13:51:33,11.3,--,8,9311,买盘
1191,13:51:30,11.3,--,19,21470,买盘
1192,13:51:27,11.3,0.01,35,39550,买盘
1193,13:51:24,11.29,--,114,128705,卖盘
1194,13:51:21,11.29,--,1,1129,卖盘
1195,13:51:18,11.29,-0.01,2,2258,卖盘
1196,13:51:15,11.3,--,1,1130,买盘
1197,13:51:12,11.3,--,32,36160,买盘
1198,13:51:09,11.3,--,36,40680,买盘
1199,13:51:06,11.3,--,30,33900,买盘
1200,13:51:03,11.3,0.01,103,116390,买盘
1201,13:50:57,11.29,--,172,194187,卖盘
1202,13:50:54,11.29,--,6,6773,卖盘
1203,13:50:51,11.29,-0.01,4,4516,卖盘
1204,13:50:48,11.3,0.01,143,161590,买盘
1205,13:50:45,11.29,--,4,4516,卖盘
1206,13:50:42,11.29,-0.01,7,7902,卖盘
1207,13:50:39,11.3,--,5,5650,买盘
1208,13:50:36,11.3,--,104,117520,买盘
1209,13:50:33,11.3,0.01,4,4520,买盘
1210,13:50:27,11.29,--,1,1129,卖盘
1211,13:50:24,11.29,--,21,23709,卖盘
1212,13:50:21,11.29,-0.01,2,2258,卖盘
1213,13:50:18,11.3,0.01,5,5650,买盘
1214,13:50:12,11.29,-0.01,35,39515,卖盘
1215,13:50:06,11.3,--,64,72320,买盘
1216,13:50:03,11.3,--,10,11300,买盘
1217,13:50:00,11.3,0.01,9,10170,买盘
1218,13:49:57,11.29,--,3,3386,卖盘
1219,13:49:51,11.29,--,2,2258,卖盘
1220,13:49:48,11.29,--,1,1129,卖盘
1221,13:49:45,11.29,-0.01,17,19193,卖盘
1222,13:49:42,11.3,--,9,10170,买盘
1223,13:49:39,11.3,--,85,96050,买盘
1224,13:49:36,11.3,0.01,77,87010,买盘
1225,13:49:33,11.29,-0.01,1,1129,卖盘
1226,13:49:27,11.3,0.01,18,20340,买盘
1227,13:49:24,11.29,--,1,1129,卖盘
1228,13:49:21,11.29,-0.01,27,30482,卖盘
1229,13:49:18,11.3,--,10,11514,卖盘
1230,13:49:15,11.3,0.01,39,44985,卖盘
1231,13:49:12,11.29,-0.02,35,39515,卖盘
1232,13:49:06,11.31,0.01,39,45228,买盘
1233,13:49:03,11.3,-0.01,15,16950,卖盘
1234,13:49:00,11.31,0.01,29,32799,买盘
1235,13:48:57,11.3,0.01,5,5650,买盘
1236,13:48:54,11.29,--,16,18064,卖盘
1237,13:48:51,11.29,--,4,4516,卖盘
1238,13:48:48,11.29,--,11,12418,卖盘
1239,13:48:45,11.29,--,4,4516,卖盘
1240,13:48:42,11.29,--,44,49675,卖盘
1241,13:48:39,11.29,--,28,31611,卖盘
1242,13:48:36,11.29,-0.02,96,108767,卖盘
1243,13:48:33,11.31,0.01,5,5655,买盘
1244,13:48:30,11.3,-0.01,13,14690,卖盘
1245,13:48:27,11.31,0.01,8,9048,买盘
1246,13:48:24,11.3,--,14,16192,卖盘
1247,13:48:18,11.3,--,1,1130,卖盘
1248,13:48:15,11.3,-0.01,30,34724,卖盘
1249,13:48:12,11.31,0.01,9,10179,买盘
1250,13:48:06,11.3,-0.01,5,6316,卖盘
1251,13:48:03,11.31,0.01,24,27144,买盘
1252,13:48:00,11.3,0.01,26,29391,买盘
1253,13:47:57,11.29,--,1,1129,卖盘
1254,13:47:54,11.29,--,335,378215,卖盘
1255,13:47:51,11.29,-0.01,2,2258,卖盘
1256,13:47:48,11.3,--,33,38408,卖盘
1257,13:47:45,11.3,0.01,83,93801,卖盘
1258,13:47:36,11.29,-0.01,208,234831,卖盘
1259,13:47:33,11.3,0.01,9,10170,买盘
1260,13:47:30,11.29,--,13,14676,卖盘
1261,13:47:24,11.29,--,11,12418,卖盘
1262,13:47:21,11.29,-0.01,65,73385,卖盘
1263,13:47:18,11.3,--,16,18080,买盘
1264,13:47:15,11.3,--,5,5650,买盘
1265,13:47:12,11.3,-0.01,9,10170,卖盘
1266,13:47:09,11.31,0.01,68,76975,买盘
1267,13:47:06,11.3,--,33,37290,买盘
1268,13:47:03,11.3,--,15,16950,买盘
1269,13:47:00,11.3,--,16,18080,买盘
1270,13:46:57,11.3,--,5,5650,买盘
1271,13:46:54,11.3,--,104,117520,买盘
1272,13:46:51,11.3,-0.01,27,31572,卖盘
1273,13:46:48,11.31,0.02,16,18163,买盘
1274,13:46:45,11.29,-0.01,105,118544,卖盘
1275,13:46:42,11.3,--,457,516410,买盘
1276,13:46:39,11.3,--,1,1130,买盘
1277,13:46:36,11.3,--,97,109610,买盘
1278,13:46:33,11.3,--,18,20340,买盘
1279,13:46:30,11.3,--,10,11300,买盘
1280,13:46:27,11.3,--,179,202270,卖盘
1281,13:46:24,11.3,--,4,4520,卖盘
1282,13:46:21,11.3,--,1,1130,卖盘
1283,13:46:18,11.3,--,4,4520,卖盘
1284,13:46:15,11.3,0.01,939,1061070,买盘
1285,13:46:12,11.29,-0.01,1,1129,卖盘
1286,13:46:06,11.3,--,313,353690,买盘
1287,13:46:03,11.3,-0.01,261,294930,卖盘
1288,13:46:00,11.31,--,21,23751,买盘
1289,13:45:57,11.31,0.01,33,37323,买盘
1290,13:45:54,11.3,--,16,18080,卖盘
1291,13:45:51,11.3,-0.01,4,4520,卖盘
1292,13:45:48,11.31,0.01,4,4524,买盘
1293,13:45:45,11.3,0.01,1,1130,中性盘
1294,13:45:39,11.29,-0.01,115,129834,卖盘
1295,13:45:36,11.3,--,222,251526,卖盘
1296,13:45:33,11.3,--,1,1130,卖盘
1297,13:45:30,11.3,--,16,18080,卖盘
1298,13:45:27,11.3,0.01,134,151883,买盘
1299,13:45:24,11.29,--,14,15805,卖盘
1300,13:45:21,11.29,--,11,12418,卖盘
1301,13:45:18,11.29,-0.01,32,36128,卖盘
1302,13:45:15,11.3,--,83,93790,卖盘
1303,13:45:12,11.3,-0.01,3,3390,卖盘
1304,13:45:09,11.31,0.01,200,226200,买盘
1305,13:45:06,11.3,--,26,29380,买盘
1306,13:45:03,11.3,--,41,46330,买盘
1307,13:45:00,11.3,0.01,60,67800,买盘
1308,13:44:57,11.29,-0.01,3,3386,卖盘
1309,13:44:54,11.3,0.01,30,33900,买盘
1310,13:44:51,11.29,-0.01,2,2258,卖盘
1311,13:44:48,11.3,--,16,18080,买盘
1312,13:44:39,11.3,0.01,25,28250,买盘
1313,13:44:36,11.29,--,83,93707,卖盘
1314,13:44:33,11.29,-0.01,105,118544,卖盘
1315,13:44:27,11.3,0.01,20,22600,买盘
1316,13:44:24,11.29,-0.01,1,1129,卖盘
1317,13:44:21,11.3,0.01,31,35030,买盘
1318,13:44:18,11.29,--,2,2258,卖盘
1319,13:44:15,11.29,--,60,67740,卖盘
1320,13:44:12,11.29,-0.01,3,3386,卖盘
1321,13:44:09,11.3,0.01,44,49720,卖盘
1322,13:44:06,11.29,-0.01,246,277734,卖盘
1323,13:44:03,11.3,--,162,183252,卖盘
1324,13:44:00,11.3,--,32,36476,买盘
1325,13:43:57,11.3,--,89,100570,买盘
1326,13:43:54,11.3,0.01,151,170630,买盘
1327,13:43:51,11.29,-0.01,34,38386,卖盘
1328,13:43:48,11.3,--,89,100570,买盘
1329,13:43:42,11.3,--,10,11300,买盘
1330,13:43:39,11.3,--,42,47460,买盘
1331,13:43:36,11.3,0.01,103,116390,买盘
1332,13:43:33,11.29,-0.01,4,4516,卖盘
1333,13:43:27,11.3,--,46,51980,买盘
1334,13:43:24,11.3,0.01,101,114130,买盘
1335,13:43:21,11.29,--,40,45160,卖盘
1336,13:43:15,11.29,-0.01,325,367591,卖盘
1337,13:43:12,11.3,--,7,7910,卖盘
1338,13:43:09,11.3,--,2,2260,卖盘
1339,13:43:06,11.3,-0.01,9,10170,卖盘
1340,13:43:03,11.31,--,61,69454,买盘
1341,13:43:00,11.31,0.01,22,24882,买盘
1342,13:42:57,11.3,0.01,5,5650,买盘
1343,13:42:54,11.29,--,10,11290,卖盘
1344,13:42:51,11.29,-0.01,12,13547,卖盘
1345,13:42:45,11.3,-0.01,124,140120,卖盘
1346,13:42:39,11.31,0.02,2,2262,买盘
1347,13:42:36,11.29,-0.01,75,84675,卖盘
1348,13:42:33,11.3,-0.01,276,312829,卖盘
1349,13:42:24,11.31,0.01,385,435615,买盘
1350,13:42:21,11.3,--,92,103960,卖盘
1351,13:42:18,11.3,-0.01,3,3390,卖盘
1352,13:42:15,11.31,0.01,33,37323,买盘
1353,13:42:12,11.3,-0.01,2,2260,卖盘
1354,13:42:06,11.31,--,47,53157,买盘
1355,13:42:03,11.31,0.01,19,21489,买盘
1356,13:42:00,11.3,--,306,346401,买盘
1357,13:41:57,11.3,0.01,4,4520,买盘
1358,13:41:51,11.29,-0.01,4,4516,卖盘
1359,13:41:45,11.3,--,107,120910,买盘
1360,13:41:42,11.3,0.01,16,18080,买盘
1361,13:41:39,11.29,--,2,2258,卖盘
1362,13:41:36,11.29,--,51,57578,卖盘
1363,13:41:33,11.29,-0.01,21,23709,卖盘
1364,13:41:30,11.3,--,2,2768,卖盘
1365,13:41:27,11.3,-0.01,3,3390,卖盘
1366,13:41:24,11.31,0.01,16,18096,买盘
1367,13:41:21,11.3,--,1,1130,卖盘
1368,13:41:18,11.3,--,3,4011,买盘
1369,13:41:15,11.3,--,106,119780,买盘
1370,13:41:12,11.3,-0.01,17,19718,卖盘
1371,13:41:06,11.31,--,47,53157,买盘
1372,13:41:03,11.31,0.01,14,15834,买盘
1373,13:40:57,11.3,-0.01,17,19210,卖盘
1374,13:40:54,11.31,0.01,29,32799,买盘
1375,13:40:51,11.3,--,5,5650,卖盘
1376,13:40:48,11.3,--,35,39550,卖盘
1377,13:40:39,11.3,--,70,79100,卖盘
1378,13:40:36,11.3,--,54,61020,卖盘
1379,13:40:33,11.3,--,75,84750,卖盘
1380,13:40:30,11.3,0.01,82,93281,买盘
1381,13:40:21,11.29,-0.01,80,90320,卖盘
1382,13:40:18,11.3,--,16,18080,买盘
1383,13:40:15,11.3,--,7,8147,卖盘
1384,13:40:12,11.3,--,4,5412,买盘
1385,13:40:09,11.3,--,26,29380,买盘
1386,13:40:06,11.3,0.01,49,55370,买盘
1387,13:40:03,11.29,-0.01,20,22580,卖盘
1388,13:40:00,11.3,--,7,7910,买盘
1389,13:39:57,11.3,--,25,28487,卖盘
1390,13:39:54,11.3,--,34,39312,卖盘
1391,13:39:51,11.3,--,5,5650,卖盘
1392,13:39:42,11.3,--,48,54240,买盘
1393,13:39:39,11.3,0.01,2,2260,卖盘
1394,13:39:36,11.29,-0.01,122,138370,卖盘
1395,13:39:33,11.3,--,35,40454,卖盘
1396,13:39:24,11.3,--,399,451864,卖盘
1397,13:39:21,11.3,-0.01,1,1130,卖盘
1398,13:39:18,11.31,0.01,10,11310,买盘
1399,13:39:12,11.3,--,16,18260,买盘
1400,13:39:09,11.3,--,19,22419,卖盘
1401,13:39:06,11.3,-0.01,147,166505,卖盘
1402,13:39:03,11.31,--,35,39585,买盘
1403,13:39:00,11.31,0.01,60,67860,买盘
1404,13:38:57,11.3,--,1,1130,卖盘
1405,13:38:54,11.3,--,639,722951,卖盘
1406,13:38:51,11.3,--,22,24860,卖盘
1407,13:38:48,11.3,--,156,176313,买盘
1408,13:38:45,11.3,--,6,6780,买盘
1409,13:38:42,11.3,0.01,8,9040,买盘
1410,13:38:36,11.29,--,65,73385,卖盘
1411,13:38:33,11.29,-0.01,97,110506,卖盘
1412,13:38:30,11.3,--,3,3390,卖盘
1413,13:38:24,11.3,--,307,347508,卖盘
1414,13:38:21,11.3,--,1,1130,卖盘
1415,13:38:18,11.3,--,57,64410,卖盘
1416,13:38:12,11.3,--,64,72986,买盘
1417,13:38:09,11.3,--,2,2260,买盘
1418,13:38:06,11.3,--,33,37290,买盘
1419,13:38:03,11.3,--,24,27120,买盘
1420,13:37:57,11.3,--,9,10170,买盘
1421,13:37:54,11.3,--,41,46330,卖盘
1422,13:37:51,11.3,--,91,102830,卖盘
1423,13:37:45,11.3,0.01,5,5650,中性盘
1424,13:37:36,11.29,-0.01,57,64352,卖盘
1425,13:37:33,11.3,-0.01,188,213389,卖盘
1426,13:37:30,11.31,0.01,4,4524,买盘
1427,13:37:24,11.3,-0.01,644,727946,卖盘
1428,13:37:21,11.31,--,40,45240,买盘
1429,13:37:18,11.31,--,60,68210,卖盘
1430,13:37:12,11.31,-0.01,1,1131,卖盘
1431,13:37:09,11.32,--,12,13584,买盘
1432,13:37:06,11.32,--,50,56600,买盘
1433,13:37:03,11.32,--,19,21508,买盘
1434,13:36:57,11.32,0.01,18,20376,买盘
1435,13:36:54,11.31,--,39,44889,卖盘
1436,13:36:51,11.31,0.01,4,4524,中性盘
1437,13:36:45,11.3,-0.02,32,36160,卖盘
1438,13:36:42,11.32,0.02,1,1132,买盘
1439,13:36:36,11.3,--,54,61020,卖盘
1440,13:36:33,11.3,--,20,22600,卖盘
1441,13:36:30,11.3,--,20,22600,卖盘
1442,13:36:27,11.3,--,1,1130,卖盘
1443,13:36:24,11.3,--,1,1130,卖盘
1444,13:36:21,11.3,-0.02,3,3390,卖盘
1445,13:36:18,11.32,--,8,9056,买盘
1446,13:36:15,11.32,0.02,4,4528,买盘
1447,13:36:12,11.3,--,4,4520,卖盘
1448,13:36:09,11.3,--,2,2260,卖盘
1449,13:36:06,11.3,-0.02,3,3390,卖盘
1450,13:36:03,11.32,0.02,15,16980,买盘
1451,13:36:00,11.3,--,1,1130,卖盘
1452,13:35:57,11.3,-0.02,4,4520,卖盘
1453,13:35:54,11.32,0.02,29,32828,买盘
1454,13:35:51,11.3,--,5,5650,卖盘
1455,13:35:48,11.3,-0.01,2,2260,卖盘
1456,13:35:45,11.31,0.01,41,46371,中性盘
1457,13:35:42,11.3,-0.02,1,1130,卖盘
1458,13:35:39,11.32,0.02,6,6792,买盘
1459,13:35:36,11.3,--,49,55370,卖盘
1460,13:35:33,11.3,-0.02,19,21470,卖盘
1461,13:35:30,11.32,0.02,12,13584,买盘
1462,13:35:27,11.3,--,1,1130,卖盘
1463,13:35:24,11.3,--,2,2260,卖盘
1464,13:35:21,11.3,--,2,2260,卖盘
1465,13:35:18,11.3,0.01,74,83620,买盘
1466,13:35:15,11.29,--,7,7902,卖盘
1467,13:35:12,11.29,--,3,3386,卖盘
1468,13:35:09,11.29,--,2,2258,卖盘
1469,13:35:06,11.29,-0.01,11,12418,卖盘
1470,13:35:03,11.3,0.01,18,20340,买盘
1471,13:35:00,11.29,--,6,6773,卖盘
1472,13:34:57,11.29,-0.01,21,23709,卖盘
1473,13:34:54,11.3,--,17,19210,买盘
1474,13:34:51,11.3,-0.01,3,3390,卖盘
1475,13:34:48,11.31,0.01,22,24882,买盘
1476,13:34:45,11.3,--,4,4520,中性盘
1477,13:34:42,11.3,--,62,70060,买盘
1478,13:34:39,11.3,-0.01,23,25990,卖盘
1479,13:34:36,11.31,0.01,66,74646,买盘
1480,13:34:33,11.3,--,106,120006,卖盘
1481,13:34:30,11.3,--,2,2260,卖盘
1482,13:34:27,11.3,0.01,1,1130,卖盘
1483,13:34:24,11.29,--,12,14214,卖盘
1484,13:34:21,11.29,--,3,3386,卖盘
1485,13:34:18,11.29,--,4,4516,卖盘
1486,13:34:15,11.29,-0.01,3,3386,卖盘
1487,13:34:12,11.3,--,6,6780,买盘
1488,13:34:09,11.3,--,6,7243,卖盘
1489,13:34:06,11.3,-0.01,138,156618,卖盘
1490,13:34:03,11.31,0.01,43,48666,买盘
1491,13:34:00,11.3,-0.02,2,2260,卖盘
1492,13:33:57,11.32,0.02,8,9056,买盘
1493,13:33:54,11.3,-0.01,112,126740,卖盘
1494,13:33:51,11.31,--,2,2262,卖盘
1495,13:33:48,11.31,0.01,4,4524,买盘
1496,13:33:45,11.3,--,3,4294,卖盘
1497,13:33:42,11.3,--,1,1130,卖盘
1498,13:33:39,11.3,-0.01,1,1130,卖盘
1499,13:33:36,11.31,0.02,52,58812,买盘
1500,13:33:33,11.29,--,371,418858,卖盘
1501,13:33:30,11.29,--,1,1129,卖盘
1502,13:33:27,11.29,--,84,94836,卖盘
1503,13:33:24,11.29,--,2,2258,卖盘
1504,13:33:21,11.29,-0.01,3,3386,卖盘
1505,13:33:18,11.3,--,79,89270,卖盘
1506,13:33:15,11.3,--,1,1130,卖盘
1507,13:33:12,11.3,0.01,23,25990,买盘
1508,13:33:09,11.29,-0.01,1,1129,卖盘
1509,13:33:06,11.3,--,14,15820,卖盘
1510,13:33:03,11.3,0.01,28,31640,买盘
1511,13:33:00,11.29,--,4,4516,卖盘
1512,13:32:57,11.29,--,13,14676,卖盘
1513,13:32:54,11.29,--,2,2258,卖盘
1514,13:32:51,11.29,-0.01,8,9032,卖盘
1515,13:32:48,11.3,--,63,71190,买盘
1516,13:32:45,11.3,0.01,2,2260,买盘
1517,13:32:42,11.29,--,33,37257,卖盘
1518,13:32:39,11.29,--,23,25966,卖盘
1519,13:32:36,11.29,-0.01,64,72256,卖盘
1520,13:32:33,11.3,--,236,266725,卖盘
1521,13:32:30,11.3,--,6,7006,买盘
1522,13:32:27,11.3,0.01,43,48590,买盘
1523,13:32:24,11.29,-0.01,114,128705,卖盘
1524,13:32:21,11.3,--,58,65540,卖盘
1525,13:32:18,11.3,-0.01,60,67800,卖盘
1526,13:32:15,11.31,0.01,12,13572,买盘
1527,13:32:12,11.3,--,4,4520,卖盘
1528,13:32:06,11.3,--,184,207920,买盘
1529,13:32:03,11.3,0.01,14,15820,买盘
1530,13:32:00,11.29,--,4,4516,卖盘
1531,13:31:57,11.29,--,1,1129,卖盘
1532,13:31:54,11.29,--,2,2258,卖盘
1533,13:31:51,11.29,--,41,46289,卖盘
1534,13:31:48,11.29,-0.01,100,112899,卖盘
1535,13:31:45,11.3,--,102,115260,卖盘
1536,13:31:42,11.3,--,3,3390,卖盘
1537,13:31:36,11.3,--,56,63280,卖盘
1538,13:31:33,11.3,--,24,27120,卖盘
1539,13:31:30,11.3,--,2,2260,卖盘
1540,13:31:27,11.3,--,20,22600,卖盘
1541,13:31:24,11.3,--,2,2260,卖盘
1542,13:31:21,11.3,--,28,31640,卖盘
1543,13:31:18,11.3,--,1,1130,卖盘
1544,13:31:15,11.3,--,14,15820,卖盘
1545,13:31:12,11.3,--,13,14690,卖盘
1546,13:31:09,11.3,--,1,1130,卖盘
1547,13:31:06,11.3,--,50,56500,卖盘
1548,13:31:03,11.3,--,48,54240,卖盘
1549,13:31:00,11.3,--,2,2260,卖盘
1550,13:30:57,11.3,-0.02,29,32770,卖盘
1551,13:30:54,11.32,0.02,17,19244,买盘
1552,13:30:51,11.3,--,8,9040,卖盘
1553,13:30:48,11.3,--,2,2260,卖盘
1554,13:30:45,11.3,--,9,10170,卖盘
1555,13:30:42,11.3,--,5,5650,卖盘
1556,13:30:36,11.3,-0.01,31,35030,卖盘
1557,13:30:33,11.31,--,38,42978,卖盘
1558,13:30:27,11.31,-0.01,84,95004,中性盘
1559,13:30:24,11.32,0.03,51,57732,买盘
1560,13:30:21,11.29,-0.02,47,53062,卖盘
1561,13:30:18,11.31,0.02,52,58812,买盘
1562,13:30:15,11.29,-0.02,5,5645,卖盘
1563,13:30:12,11.31,0.02,49,55419,买盘
1564,13:30:06,11.29,-0.02,2,2258,卖盘
1565,13:30:03,11.31,0.02,15,16965,买盘
1566,13:30:00,11.29,-0.01,31,34999,卖盘
1567,13:29:57,11.3,-0.01,1,1130,卖盘
1568,13:29:54,11.31,0.01,3,3393,买盘
1569,13:29:51,11.3,0.01,4,4520,中性盘
1570,13:29:48,11.29,-0.02,41,46289,卖盘
1571,13:29:45,11.31,0.02,4,4524,买盘
1572,13:29:36,11.29,--,47,53062,卖盘
1573,13:29:33,11.29,-0.02,48,54451,卖盘
1574,13:29:27,11.31,0.01,6,6786,买盘
1575,13:29:24,11.3,--,90,102502,买盘
1576,13:29:21,11.3,-0.01,36,41007,卖盘
1577,13:29:15,11.31,0.01,37,42005,买盘
1578,13:29:12,11.3,-0.01,7,7910,卖盘
1579,13:29:09,11.31,--,30,33930,买盘
1580,13:29:03,11.31,0.01,80,91350,买盘
1581,13:29:00,11.3,--,1,1130,卖盘
1582,13:28:57,11.3,-0.01,1,1130,卖盘
1583,13:28:54,11.31,0.01,267,302881,买盘
1584,13:28:51,11.3,--,3,3390,卖盘
1585,13:28:48,11.3,-0.01,4,4520,中性盘
1586,13:28:42,11.31,0.01,1,1131,买盘
1587,13:28:36,11.3,0.01,44,49720,中性盘
1588,13:28:33,11.29,-0.01,35,39989,卖盘
1589,13:28:30,11.3,--,7,7910,买盘
1590,13:28:27,11.3,--,3,3390,买盘
1591,13:28:24,11.3,--,9,11175,卖盘
1592,13:28:21,11.3,-0.02,3,3390,卖盘
1593,13:28:18,11.32,--,110,124520,买盘
1594,13:28:15,11.32,0.01,58,65656,买盘
1595,13:28:12,11.31,-0.01,1,1131,卖盘
1596,13:28:09,11.32,0.02,1,1132,买盘
1597,13:28:06,11.3,-0.02,1,1130,卖盘
1598,13:28:03,11.32,0.02,46,52705,买盘
1599,13:27:57,11.3,--,1,1130,卖盘
1600,13:27:54,11.3,--,184,208824,卖盘
1601,13:27:51,11.3,--,15,16950,卖盘
1602,13:27:48,11.3,-0.01,77,87010,卖盘
1603,13:27:45,11.31,--,113,128221,卖盘
1604,13:27:42,11.31,--,112,126999,卖盘
1605,13:27:39,11.31,--,61,68991,卖盘
1606,13:27:36,11.31,--,20,22620,卖盘
1607,13:27:33,11.31,-0.01,76,86668,卖盘
1608,13:27:27,11.32,0.01,8,9056,买盘
1609,13:27:24,11.31,-0.01,109,123482,卖盘
1610,13:27:21,11.32,0.01,1,1132,买盘
1611,13:27:18,11.31,-0.01,1,1131,卖盘
1612,13:27:15,11.32,0.01,2,2264,买盘
1613,13:27:12,11.31,-0.01,22,24882,卖盘
1614,13:27:09,11.32,--,4,4528,买盘
1615,13:27:06,11.32,--,18,20376,买盘
1616,13:27:03,11.32,0.01,15,16980,买盘
1617,13:26:57,11.31,--,30,33930,卖盘
1618,13:26:51,11.31,--,1,1131,卖盘
1619,13:26:39,11.31,0.01,131,148760,买盘
1620,13:26:36,11.3,--,21,23730,卖盘
1621,13:26:33,11.3,--,58,65540,卖盘
1622,13:26:30,11.3,--,15,16950,卖盘
1623,13:26:24,11.3,--,1,1130,卖盘
1624,13:26:21,11.3,--,1,1130,卖盘
1625,13:26:15,11.3,--,5,5650,卖盘
1626,13:26:09,11.3,--,174,196620,卖盘
1627,13:26:06,11.3,--,13,14690,卖盘
1628,13:26:03,11.3,-0.01,90,101700,卖盘
1629,13:26:00,11.31,0.01,5,5655,买盘
1630,13:25:57,11.3,-0.01,1,1130,卖盘
1631,13:25:54,11.31,0.01,6,6786,买盘
1632,13:25:51,11.3,-0.01,5,5650,卖盘
1633,13:25:48,11.31,0.01,13,14703,买盘
1634,13:25:36,11.3,--,19,21470,卖盘
1635,13:25:33,11.3,-0.01,56,63280,卖盘
1636,13:25:30,11.31,--,2,2262,买盘
1637,13:25:24,11.31,0.02,4,5372,买盘
1638,13:25:21,11.29,-0.01,151,170479,卖盘
1639,13:25:18,11.3,--,4,4520,买盘
1640,13:25:15,11.3,--,5,5650,买盘
1641,13:25:12,11.3,0.01,7,7910,买盘
1642,13:25:06,11.29,-0.01,1,1129,卖盘
1643,13:25:03,11.3,0.01,13,14690,买盘
1644,13:24:54,11.29,-0.01,25,29071,卖盘
1645,13:24:51,11.3,--,19,21470,买盘
1646,13:24:48,11.3,--,302,341260,买盘
1647,13:24:39,11.3,0.01,14,15820,买盘
1648,13:24:36,11.29,--,18,20322,卖盘
1649,13:24:33,11.29,--,47,53062,卖盘
1650,13:24:30,11.29,-0.01,25,29071,卖盘
1651,13:24:27,11.3,--,10,11300,买盘
1652,13:24:24,11.3,0.01,2,2260,买盘
1653,13:24:12,11.29,-0.01,1,1129,卖盘
1654,13:24:06,11.3,--,18,20340,买盘
1655,13:24:03,11.3,0.01,25,28250,买盘
1656,13:24:00,11.29,--,2,2258,卖盘
1657,13:23:57,11.29,-0.01,1,1129,卖盘
1658,13:23:54,11.3,0.01,11,12430,买盘
1659,13:23:51,11.29,--,4,4516,卖盘
1660,13:23:48,11.29,-0.01,5,5645,卖盘
1661,13:23:45,11.3,--,23,25990,买盘
1662,13:23:39,11.3,--,13,14690,买盘
1663,13:23:36,11.3,0.01,50,56500,买盘
1664,13:23:33,11.29,--,65,73385,卖盘
1665,13:23:27,11.29,-0.01,5,5645,卖盘
1666,13:23:24,11.3,0.01,187,211310,买盘
1667,13:23:21,11.29,-0.01,51,57578,卖盘
1668,13:23:12,11.3,--,62,70060,买盘
1669,13:23:06,11.3,--,2,2260,买盘
1670,13:23:03,11.3,0.01,120,135600,买盘
1671,13:23:00,11.29,--,61,68869,卖盘
1672,13:22:57,11.29,-0.01,1,1129,卖盘
1673,13:22:54,11.3,0.01,13,14690,买盘
1674,13:22:51,11.29,--,2,2258,卖盘
1675,13:22:45,11.29,--,3,3386,卖盘
1676,13:22:42,11.29,--,1,1129,卖盘
1677,13:22:39,11.29,--,39,44031,卖盘
1678,13:22:36,11.29,--,23,25966,卖盘
1679,13:22:33,11.29,--,56,63223,卖盘
1680,13:22:30,11.29,--,0,869,卖盘
1681,13:22:27,11.29,--,10,11290,卖盘
1682,13:22:24,11.29,--,2,2258,卖盘
1683,13:22:18,11.29,--,5,5645,卖盘
1684,13:22:12,11.29,--,2,2258,卖盘
1685,13:22:09,11.29,-0.01,13,14676,卖盘
1686,13:22:03,11.3,0.01,40,45200,买盘
1687,13:22:00,11.29,-0.01,43,49393,卖盘
1688,13:21:57,11.3,--,3,3390,买盘
1689,13:21:54,11.3,0.01,1,1130,买盘
1690,13:21:51,11.29,--,9,10161,卖盘
1691,13:21:48,11.29,--,14,16257,卖盘
1692,13:21:45,11.29,--,3,4436,卖盘
1693,13:21:39,11.29,--,3,3386,卖盘
1694,13:21:36,11.29,--,21,23709,卖盘
1695,13:21:33,11.29,-0.01,76,86650,卖盘
1696,13:21:30,11.3,0.01,12,13560,买盘
1697,13:21:27,11.29,--,2,2258,卖盘
1698,13:21:24,11.29,-0.01,4,4516,卖盘
1699,13:21:21,11.3,--,46,51980,买盘
1700,13:21:18,11.3,--,2,2260,买盘
1701,13:21:15,11.3,0.01,60,67800,买盘
1702,13:21:12,11.29,--,3,3386,卖盘
1703,13:21:09,11.29,-0.01,56,63223,卖盘
1704,13:21:03,11.3,--,15,16950,买盘
1705,13:21:00,11.3,--,22,24860,买盘
1706,13:20:54,11.3,0.01,50,56500,买盘
1707,13:20:51,11.29,--,4,4516,卖盘
1708,13:20:48,11.29,--,8,9032,卖盘
1709,13:20:45,11.29,-0.01,3,3895,卖盘
1710,13:20:42,11.3,--,2,2260,买盘
1711,13:20:39,11.3,0.01,6,6780,中性盘
1712,13:20:36,11.29,--,23,25966,卖盘
1713,13:20:33,11.29,-0.02,62,69998,卖盘
1714,13:20:30,11.31,0.01,1,1131,买盘
1715,13:20:24,11.3,-0.01,1,1130,买盘
1716,13:20:21,11.31,0.01,17,19227,买盘
1717,13:20:15,11.3,--,28,31640,卖盘
1718,13:20:12,11.3,--,16,18080,买盘
1719,13:20:06,11.3,-0.01,8,9040,卖盘
1720,13:20:03,11.31,0.02,16,18096,买盘
1721,13:20:00,11.29,-0.01,7,8806,卖盘
1722,13:19:57,11.3,0.01,2,2260,中性盘
1723,13:19:51,11.29,--,4,4516,卖盘
1724,13:19:45,11.29,-0.02,2,2258,卖盘
1725,13:19:42,11.31,0.02,9,10179,买盘
1726,13:19:39,11.29,--,2,2258,卖盘
1727,13:19:36,11.29,--,18,20322,卖盘
1728,13:19:33,11.29,-0.02,71,81276,卖盘
1729,13:19:30,11.31,0.01,2,2262,买盘
1730,13:19:24,11.3,--,7,9006,卖盘
1731,13:19:21,11.3,-0.01,1,1130,卖盘
1732,13:19:18,11.31,--,18,21296,卖盘
1733,13:19:12,11.31,-0.01,9,10371,中性盘
1734,13:19:09,11.32,0.01,104,117728,买盘
1735,13:19:06,11.31,--,2,2262,买盘
1736,13:19:03,11.31,0.01,73,83501,买盘
1737,13:19:00,11.3,--,14,15820,卖盘
1738,13:18:57,11.3,--,1,1130,卖盘
1739,13:18:54,11.3,--,10,11537,卖盘
1740,13:18:51,11.3,--,21,23730,买盘
1741,13:18:48,11.3,0.01,13,14690,中性盘
1742,13:18:42,11.29,--,17,19193,卖盘
1743,13:18:36,11.29,-0.01,20,22580,卖盘
1744,13:18:33,11.3,--,154,174709,卖盘
1745,13:18:27,11.3,--,4,4520,卖盘
1746,13:18:24,11.3,-0.01,7,7910,中性盘
1747,13:18:18,11.31,0.01,11,12441,买盘
1748,13:18:15,11.3,-0.01,2,2610,卖盘
1749,13:18:12,11.31,-0.01,15,17213,中性盘
1750,13:18:03,11.32,0.01,28,31854,买盘
1751,13:18:00,11.31,0.01,25,28275,买盘
1752,13:17:57,11.3,--,2,2632,卖盘
1753,13:17:51,11.3,--,4,4520,中性盘
1754,13:17:48,11.3,-0.01,3,3390,卖盘
1755,13:17:45,11.31,0.02,2,2262,买盘
1756,13:17:42,11.29,-0.02,553,624337,卖盘
1757,13:17:36,11.31,0.02,20,22620,买盘
1758,13:17:33,11.29,-0.01,71,81152,卖盘
1759,13:17:30,11.3,-0.01,2,2260,卖盘
1760,13:17:27,11.31,0.01,105,118755,买盘
1761,13:17:24,11.3,--,1,1130,卖盘
1762,13:17:21,11.3,-0.01,413,467142,卖盘
1763,13:17:15,11.31,--,2,2262,买盘
1764,13:17:12,11.31,-0.01,28,31668,中性盘
1765,13:17:03,11.32,0.01,14,15848,买盘
1766,13:16:57,11.31,--,1,1131,中性盘
1767,13:16:54,11.31,--,4,4524,中性盘
1768,13:16:51,11.31,0.01,27,30537,中性盘
1769,13:16:36,11.3,--,23,25990,卖盘
1770,13:16:33,11.3,-0.01,63,71190,卖盘
1771,13:16:24,11.31,--,2,2262,卖盘
1772,13:16:21,11.31,-0.01,1,1131,卖盘
1773,13:16:15,11.32,--,27,30564,买盘
1774,13:16:03,11.32,0.01,19,21508,买盘
1775,13:16:00,11.31,--,8,9048,卖盘
1776,13:15:51,11.31,-0.01,8,9048,卖盘
1777,13:15:48,11.32,--,8,9056,买盘
1778,13:15:45,11.32,0.01,12,13584,买盘
1779,13:15:39,11.31,--,14,15834,卖盘
1780,13:15:36,11.31,0.01,55,62205,买盘
1781,13:15:33,11.3,-0.01,77,87010,卖盘
1782,13:15:30,11.31,0.01,49,55419,买盘
1783,13:15:27,11.3,0.01,318,360187,买盘
1784,13:15:24,11.29,-0.01,61,68869,卖盘
1785,13:15:21,11.3,0.01,54,61020,买盘
1786,13:15:18,11.29,-0.01,2,2258,卖盘
1787,13:15:15,11.3,--,2,2260,买盘
1788,13:15:12,11.3,0.01,8,9040,买盘
1789,13:15:09,11.29,--,6,6773,卖盘
1790,13:15:06,11.29,-0.01,7,7902,卖盘
1791,13:15:03,11.3,--,14,15820,买盘
1792,13:15:00,11.3,--,8,9040,买盘
1793,13:14:57,11.3,--,3,3390,买盘
1794,13:14:54,11.3,0.01,64,72320,买盘
1795,13:14:51,11.29,-0.01,5,5645,卖盘
1796,13:14:42,11.3,--,1,1130,买盘
1797,13:14:39,11.3,0.01,39,44070,买盘
1798,13:14:36,11.29,--,20,22580,卖盘
1799,13:14:33,11.29,-0.01,51,57578,卖盘
1800,13:14:30,11.3,--,19,21470,买盘
1801,13:14:27,11.3,0.01,40,45200,买盘
1802,13:14:21,11.29,--,1,1129,卖盘
1803,13:14:18,11.29,--,1,1129,卖盘
1804,13:14:12,11.29,-0.01,8,9032,卖盘
1805,13:14:09,11.3,--,86,97180,买盘
1806,13:14:06,11.3,--,43,48590,买盘
1807,13:14:03,11.3,--,34,38420,买盘
1808,13:13:57,11.3,--,25,28250,买盘
1809,13:13:54,11.3,0.01,2,2260,买盘
1810,13:13:51,11.29,-0.01,1,1129,卖盘
1811,13:13:48,11.3,0.01,170,192100,买盘
1812,13:13:42,11.29,--,7,7902,卖盘
1813,13:13:36,11.29,--,29,32740,卖盘
1814,13:13:33,11.29,-0.01,55,62094,卖盘
1815,13:13:30,11.3,0.01,9,10170,买盘
1816,13:13:21,11.29,-0.01,1,1129,卖盘
1817,13:13:18,11.3,--,3,3390,买盘
1818,13:13:15,11.3,0.01,5,5650,买盘
1819,13:13:12,11.29,-0.01,1,1129,卖盘
1820,13:13:09,11.3,0.01,5,5650,买盘
1821,13:13:06,11.29,-0.01,2,2258,卖盘
1822,13:13:03,11.3,--,16,18080,买盘
1823,13:13:00,11.3,--,1,1130,买盘
1824,13:12:57,11.3,--,7,7910,买盘
1825,13:12:54,11.3,0.01,2,2260,买盘
1826,13:12:51,11.29,-0.01,4,4516,卖盘
1827,13:12:48,11.3,--,1,1130,买盘
1828,13:12:45,11.3,--,63,71190,买盘
1829,13:12:42,11.3,0.01,11,12430,买盘
1830,13:12:39,11.29,--,103,116716,卖盘
1831,13:12:36,11.29,-0.01,18,20322,卖盘
1832,13:12:33,11.3,--,178,201140,买盘
1833,13:12:27,11.3,0.01,1,1130,买盘
1834,13:12:24,11.29,--,7,7902,卖盘
1835,13:12:21,11.29,-0.01,16,18064,卖盘
1836,13:12:18,11.3,--,8,9040,买盘
1837,13:12:12,11.3,--,27,30510,买盘
1838,13:12:09,11.3,0.01,22,24860,买盘
1839,13:12:06,11.29,-0.01,220,248379,卖盘
1840,13:12:03,11.3,--,15,16950,买盘
1841,13:12:00,11.3,--,14,15820,买盘
1842,13:11:57,11.3,0.01,638,720940,买盘
1843,13:11:54,11.29,--,1,1129,卖盘
1844,13:11:51,11.29,-0.01,44,49675,卖盘
1845,13:11:45,11.3,0.01,10,11300,买盘
1846,13:11:42,11.29,--,94,106125,卖盘
1847,13:11:36,11.29,--,100,112899,卖盘
1848,13:11:33,11.29,-0.01,2,2258,卖盘
1849,13:11:27,11.3,0.01,8,9040,买盘
1850,13:11:21,11.29,-0.01,1,1129,卖盘
1851,13:11:18,11.3,--,21,23730,买盘
1852,13:11:15,11.3,--,2337,2641092,卖盘
1853,13:11:12,11.3,-0.02,10,11300,卖盘
1854,13:11:09,11.32,0.02,11,12452,买盘
1855,13:11:06,11.3,-0.01,300,339000,卖盘
1856,13:11:03,11.31,--,16,18096,买盘
1857,13:10:57,11.31,--,4,4524,买盘
1858,13:10:54,11.31,0.01,62,70122,买盘
1859,13:10:51,11.3,-0.01,5,5650,卖盘
1860,13:10:48,11.31,0.01,29,32799,买盘
1861,13:10:36,11.3,--,29,32770,卖盘
1862,13:10:33,11.3,--,74,83620,卖盘
1863,13:10:21,11.3,--,75,84750,卖盘
1864,13:10:18,11.3,-0.01,1,1130,卖盘
1865,13:10:12,11.31,--,100,113100,卖盘
1866,13:10:03,11.31,0.01,19,21489,买盘
1867,13:10:00,11.3,--,57,64410,卖盘
1868,13:09:51,11.3,-0.01,6,6780,卖盘
1869,13:09:48,11.31,-0.02,37,41847,卖盘
1870,13:09:45,11.33,0.02,48,54384,买盘
1871,13:09:39,11.31,--,90,101790,卖盘
1872,13:09:36,11.31,--,20,22620,卖盘
1873,13:09:33,11.31,-0.01,53,59943,卖盘
1874,13:09:27,11.32,--,7,7924,卖盘
1875,13:09:24,11.32,0.01,3,3396,卖盘
1876,13:09:21,11.31,-0.01,1,1131,卖盘
1877,13:09:18,11.32,--,1,1132,卖盘
1878,13:09:15,11.32,0.01,10,11320,买盘
1879,13:09:12,11.31,--,1,1131,卖盘
1880,13:09:06,11.31,-0.02,256,289536,卖盘
1881,13:09:03,11.33,0.02,13,14729,买盘
1882,13:08:57,11.31,--,7,7917,卖盘
1883,13:08:51,11.31,--,33,37323,卖盘
1884,13:08:48,11.31,--,1,1131,卖盘
1885,13:08:45,11.31,-0.02,1,1131,卖盘
1886,13:08:39,11.33,0.02,5,5665,买盘
1887,13:08:36,11.31,--,21,23751,卖盘
1888,13:08:33,11.31,-0.01,59,66729,卖盘
1889,13:08:30,11.32,0.01,1,1132,卖盘
1890,13:08:24,11.31,-0.02,1,1131,卖盘
1891,13:08:21,11.33,--,6,6798,买盘
1892,13:08:18,11.33,0.02,61,69113,买盘
1893,13:08:12,11.31,-0.01,1,1131,卖盘
1894,13:08:09,11.32,--,27,30564,买盘
1895,13:08:06,11.32,--,429,485628,买盘
1896,13:08:03,11.32,--,15,16980,买盘
1897,13:08:00,11.32,0.01,25,28300,买盘
1898,13:07:57,11.31,--,2,2262,卖盘
1899,13:07:51,11.31,--,3,3393,卖盘
1900,13:07:48,11.31,--,1,1131,卖盘
1901,13:07:45,11.31,-0.01,1,1131,卖盘
1902,13:07:39,11.32,0.01,100,113200,买盘
1903,13:07:36,11.31,--,19,21489,卖盘
1904,13:07:33,11.31,-0.01,52,58812,卖盘
1905,13:07:30,11.32,--,1,1132,买盘
1906,13:07:27,11.32,--,6,6792,买盘
1907,13:07:21,11.32,--,14,15848,卖盘
1908,13:07:12,11.32,--,2,2264,卖盘
1909,13:07:09,11.32,-0.01,1,1132,卖盘
1910,13:07:03,11.33,0.01,15,16995,买盘
1911,13:07:00,11.32,--,1,1132,卖盘
1912,13:06:51,11.32,--,3,3396,卖盘
1913,13:06:45,11.32,-0.01,8,9056,卖盘
1914,13:06:42,11.33,0.01,12,13596,买盘
1915,13:06:39,11.32,-0.01,2,2264,卖盘
1916,13:06:36,11.33,0.02,39,44187,买盘
1917,13:06:33,11.31,--,64,72384,卖盘
1918,13:06:27,11.31,-0.01,14,15834,卖盘
1919,13:06:24,11.32,--,17,19244,卖盘
1920,13:06:21,11.32,--,1,1132,卖盘
1921,13:06:18,11.32,--,3,3396,卖盘
1922,13:06:12,11.32,-0.01,17,19244,卖盘
1923,13:06:09,11.33,--,3,3399,买盘
1924,13:06:03,11.33,0.02,15,16995,买盘
1925,13:05:57,11.31,--,6,6786,卖盘
1926,13:05:51,11.31,--,24,27144,卖盘
1927,13:05:48,11.31,--,7,7917,卖盘
1928,13:05:45,11.31,0.01,1,1131,中性盘
1929,13:05:39,11.3,--,1,1130,卖盘
1930,13:05:36,11.3,--,22,24860,卖盘
1931,13:05:33,11.3,-0.03,62,70060,卖盘
1932,13:05:30,11.33,0.02,21,23793,买盘
1933,13:05:27,11.31,-0.01,1999,2261027,卖盘
1934,13:05:21,11.32,--,1,1132,卖盘
1935,13:05:12,11.32,--,2,2264,卖盘
1936,13:05:09,11.32,--,14,15848,卖盘
1937,13:05:06,11.32,-0.02,21,24632,卖盘
1938,13:05:03,11.34,0.02,27,30618,买盘
1939,13:04:57,11.32,--,21,23772,卖盘
1940,13:04:54,11.32,--,15,17149,卖盘
1941,13:04:51,11.32,--,1,1132,卖盘
1942,13:04:45,11.32,--,10,11320,卖盘
1943,13:04:36,11.32,--,1,1132,卖盘
1944,13:04:33,11.32,--,77,87164,卖盘
1945,13:04:30,11.32,--,14,15848,卖盘
1946,13:04:27,11.32,--,2,2264,卖盘
1947,13:04:24,11.32,--,42,48596,卖盘
1948,13:04:18,11.32,--,89,100748,卖盘
1949,13:04:12,11.32,--,86,97352,卖盘
1950,13:04:09,11.32,--,7,8229,卖盘
1951,13:04:06,11.32,--,15,16980,卖盘
1952,13:04:03,11.32,-0.01,56,63708,卖盘
1953,13:04:00,11.33,--,2,2266,卖盘
1954,13:03:54,11.33,--,5,5834,卖盘
1955,13:03:51,11.33,0.01,475,538888,买盘
1956,13:03:48,11.32,-0.01,51,57732,卖盘
1957,13:03:42,11.33,--,6,6798,买盘
1958,13:03:39,11.33,--,294,333521,卖盘
1959,13:03:33,11.33,--,69,78177,卖盘
1960,13:03:30,11.33,--,3,3399,卖盘
1961,13:03:27,11.33,--,22,25095,卖盘
1962,13:03:24,11.33,--,6,6798,卖盘
1963,13:03:21,11.33,-0.01,6,6798,卖盘
1964,13:03:18,11.34,0.01,2,2268,买盘
1965,13:03:15,11.33,--,2,2266,卖盘
1966,13:03:12,11.33,--,4,4532,卖盘
1967,13:03:09,11.33,--,6,6798,卖盘
1968,13:03:06,11.33,-0.01,7,8146,卖盘
1969,13:03:03,11.34,--,23,26240,买盘
1970,13:03:00,11.34,0.01,2,2268,买盘
1971,13:02:57,11.33,--,6,6967,卖盘
1972,13:02:54,11.33,--,14,15862,卖盘
1973,13:02:51,11.33,-0.01,1,1133,卖盘
1974,13:02:48,11.34,0.02,4,4536,买盘
1975,13:02:45,11.32,--,3,3396,卖盘
1976,13:02:33,11.32,--,87,98484,卖盘
1977,13:02:27,11.32,--,11,12452,卖盘
1978,13:02:24,11.32,--,23,26205,卖盘
1979,13:02:21,11.32,-0.01,87,98484,卖盘
1980,13:02:18,11.33,0.01,16,18128,买盘
1981,13:02:12,11.32,--,8,9056,卖盘
1982,13:02:06,11.32,--,12,13584,卖盘
1983,13:02:03,11.32,--,46,52411,卖盘
1984,13:02:00,11.32,--,10,11353,卖盘
1985,13:01:57,11.32,--,1,1132,卖盘
1986,13:01:54,11.32,--,5,5829,卖盘
1987,13:01:51,11.32,-0.01,75,84900,卖盘
1988,13:01:48,11.33,--,12,13596,买盘
1989,13:01:45,11.33,0.01,28,31724,买盘
1990,13:01:33,11.32,-0.01,130,147748,卖盘
1991,13:01:30,11.33,--,3,3399,卖盘
1992,13:01:27,11.33,-0.01,11,12463,卖盘
1993,13:01:24,11.34,--,15,17180,卖盘
1994,13:01:21,11.34,--,61,69174,卖盘
1995,13:01:18,11.34,--,1,1134,卖盘
1996,13:01:15,11.34,-0.01,8,9072,卖盘
1997,13:01:12,11.35,--,102,115770,买盘
1998,13:01:09,11.35,--,114,129390,买盘
1999,13:01:03,11.35,0.01,21,24175,买盘
2000,13:01:00,11.34,--,14,15910,卖盘
2001,13:00:57,11.34,--,2,2268,卖盘
2002,13:00:51,11.34,0.02,66,75014,买盘
2003,13:00:45,11.32,-0.02,53,59996,卖盘
2004,13:00:42,11.34,-0.02,48,54432,卖盘
2005,13:00:39,11.36,--,74,84064,买盘
2006,13:00:36,11.36,0.04,28,31808,买盘
2007,13:00:33,11.32,--,3,3396,卖盘
2008,13:00:30,11.32,--,4,4528,卖盘
2009,13:00:27,11.32,--,52,59033,卖盘
2010,13:00:24,11.32,-0.03,1880,2128443,卖盘
2011,13:00:21,11.35,-0.01,6,6810,中性盘
2012,13:00:12,11.36,0.02,40,45440,买盘
2013,13:00:09,11.34,--,94,106596,卖盘
2014,13:00:06,11.34,-0.01,58,65772,卖盘
2015,13:00:03,11.35,0.01,670,760450,买盘
2016,13:00:00,11.34,--,0,0,卖盘
2017,11:30:00,11.34,--,10,11770,卖盘
2018,11:29:57,11.34,--,9,11283,卖盘
2019,11:29:51,11.34,-0.01,6,6974,卖盘
2020,11:29:48,11.35,--,31,35185,买盘
2021,11:29:39,11.35,0.01,3,3405,买盘
2022,11:29:36,11.34,--,71,80514,卖盘
2023,11:29:33,11.34,--,65,73710,卖盘
2024,11:29:27,11.34,--,6,6804,卖盘
2025,11:29:24,11.34,--,5,5840,卖盘
2026,11:29:21,11.34,--,2,2268,卖盘
2027,11:29:18,11.34,--,10,11340,卖盘
2028,11:29:12,11.34,--,1,1134,卖盘
2029,11:29:06,11.34,-0.01,2,2268,卖盘
2030,11:29:03,11.35,--,11,12485,买盘
2031,11:29:00,11.35,--,9,10623,买盘
2032,11:28:57,11.35,0.01,19,21701,买盘
2033,11:28:51,11.34,-0.01,3,3402,卖盘
2034,11:28:48,11.35,0.01,14,15890,买盘
2035,11:28:45,11.34,-0.01,7,7938,卖盘
2036,11:28:42,11.35,0.01,10,11350,买盘
2037,11:28:33,11.34,--,84,95256,卖盘
2038,11:28:27,11.34,--,7,8108,卖盘
2039,11:28:24,11.34,--,6,6804,卖盘
2040,11:28:15,11.34,--,10,11340,卖盘
2041,11:28:12,11.34,--,1,1134,卖盘
2042,11:28:06,11.34,--,8,9072,卖盘
2043,11:28:03,11.34,--,3,3402,卖盘
2044,11:28:00,11.34,0.01,3,3402,中性盘
2045,11:27:57,11.33,--,8,9483,卖盘
2046,11:27:54,11.33,--,18,20518,卖盘
2047,11:27:51,11.33,-0.02,2,2266,卖盘
2048,11:27:48,11.35,0.02,13,14755,买盘
2049,11:27:45,11.33,-0.02,32,36256,卖盘
2050,11:27:39,11.35,0.02,18,20430,买盘
2051,11:27:33,11.33,-0.02,87,98571,卖盘
2052,11:27:30,11.35,0.01,3,3405,买盘
2053,11:27:27,11.34,--,7,8108,卖盘
2054,11:27:24,11.34,0.01,14,15876,买盘
2055,11:27:21,11.33,-0.01,1,1133,卖盘
2056,11:27:15,11.34,--,2,2268,卖盘
2057,11:27:12,11.34,--,33,37422,卖盘
2058,11:27:06,11.34,--,8,9072,卖盘
2059,11:27:03,11.34,0.01,70,79380,买盘
2060,11:26:54,11.33,-0.02,22,25469,卖盘
2061,11:26:51,11.35,--,62,70370,买盘
2062,11:26:48,11.35,0.02,15,17025,买盘
2063,11:26:45,11.33,--,6,6798,卖盘
2064,11:26:33,11.33,-0.01,85,96305,卖盘
2065,11:26:27,11.34,0.01,1,1134,中性盘
2066,11:26:24,11.33,--,34,38522,卖盘
2067,11:26:21,11.33,--,5,5834,卖盘
2068,11:26:18,11.33,--,2,2266,卖盘
2069,11:26:12,11.33,--,89,100837,卖盘
2070,11:26:06,11.33,--,7,7931,卖盘
2071,11:26:03,11.33,--,1,1133,卖盘
2072,11:25:57,11.33,--,1,1133,卖盘
2073,11:25:54,11.33,--,14,16315,卖盘
2074,11:25:51,11.33,-0.01,10,11420,卖盘
2075,11:25:48,11.34,--,15,17010,卖盘
2076,11:25:45,11.34,--,9,10206,卖盘
2077,11:25:42,11.34,--,3,3402,卖盘
2078,11:25:36,11.34,--,2,2268,卖盘
2079,11:25:33,11.34,--,74,83916,卖盘
2080,11:25:30,11.34,--,5,5840,卖盘
2081,11:25:27,11.34,--,1,1134,卖盘
2082,11:25:24,11.34,-0.01,8,9072,卖盘
2083,11:25:18,11.35,0.01,10,11350,买盘
2084,11:25:12,11.34,--,3,3402,卖盘
2085,11:25:09,11.34,--,2,2268,卖盘
2086,11:25:03,11.34,-0.01,9,10206,卖盘
2087,11:25:00,11.35,0.01,14,15890,买盘
2088,11:24:57,11.34,--,14,15876,卖盘
2089,11:24:51,11.34,--,12,13857,卖盘
2090,11:24:48,11.34,--,44,50020,卖盘
2091,11:24:45,11.34,-0.01,8,9072,卖盘
2092,11:24:39,11.35,--,7,7945,买盘
2093,11:24:36,11.35,0.01,21,23835,买盘
2094,11:24:33,11.34,-0.01,71,80514,卖盘
2095,11:24:24,11.35,0.01,113,128255,买盘
2096,11:24:21,11.34,--,1,1134,卖盘
2097,11:24:18,11.34,-0.01,1,1134,卖盘
2098,11:24:15,11.35,--,1,1135,买盘
2099,11:24:12,11.35,--,30,34050,买盘
2100,11:24:06,11.35,0.01,10,11350,买盘
2101,11:24:03,11.34,--,9,10206,卖盘
2102,11:23:57,11.34,--,8,9072,卖盘
2103,11:23:51,11.34,--,8,9298,卖盘
2104,11:23:48,11.34,--,27,30765,卖盘
2105,11:23:45,11.34,--,1,1134,卖盘
2106,11:23:42,11.34,--,17,19278,卖盘
2107,11:23:39,11.34,0.01,18,20412,买盘
2108,11:23:36,11.33,--,31,35123,卖盘
2109,11:23:33,11.33,-0.01,105,118965,卖盘
2110,11:23:27,11.34,0.01,1,1134,买盘
2111,11:23:24,11.33,-0.01,11,12463,卖盘
2112,11:23:21,11.34,-0.01,20,22680,中性盘
2113,11:23:15,11.35,0.01,42,47670,买盘
2114,11:23:12,11.34,--,14,15876,卖盘
2115,11:23:03,11.34,--,8,9072,卖盘
2116,11:22:57,11.34,--,1,1134,卖盘
2117,11:22:54,11.34,--,1,1134,卖盘
2118,11:22:51,11.34,--,41,46845,卖盘
2119,11:22:48,11.34,--,31,35176,卖盘
2120,11:22:45,11.34,--,8,9072,卖盘
2121,11:22:36,11.34,--,7,7938,卖盘
2122,11:22:33,11.34,--,77,87318,卖盘
2123,11:22:24,11.34,--,6,6804,卖盘
2124,11:22:21,11.34,--,40,45360,卖盘
2125,11:22:12,11.34,--,39,44226,卖盘
2126,11:22:09,11.34,--,6,6804,卖盘
2127,11:22:03,11.34,0.01,26,30515,买盘
2128,11:22:00,11.33,--,5,5665,卖盘
2129,11:21:57,11.33,--,1,1133,卖盘
2130,11:21:51,11.33,-0.01,4,4532,卖盘
2131,11:21:48,11.34,0.01,35,40086,买盘
2132,11:21:45,11.33,-0.01,80,90719,卖盘
2133,11:21:39,11.34,--,16,18144,卖盘
2134,11:21:36,11.34,--,12,14163,卖盘
2135,11:21:33,11.34,--,79,89586,卖盘
2136,11:21:30,11.34,--,28,32194,卖盘
2137,11:21:24,11.34,--,5,5670,卖盘
2138,11:21:21,11.34,--,1,1168,卖盘
2139,11:21:12,11.34,--,2,2268,卖盘
2140,11:21:03,11.34,--,3,3402,卖盘
2141,11:20:57,11.34,--,3,3402,卖盘
2142,11:20:51,11.34,-0.01,6,6804,卖盘
2143,11:20:48,11.35,--,26,29510,买盘
2144,11:20:45,11.35,0.01,12,13937,买盘
2145,11:20:42,11.34,--,10,11396,卖盘
2146,11:20:33,11.34,-0.01,65,73710,卖盘
2147,11:20:24,11.35,--,1,1135,卖盘
2148,11:20:21,11.35,--,2,2270,卖盘
2149,11:20:18,11.35,--,57,64695,卖盘
2150,11:20:15,11.35,--,10,11350,卖盘
2151,11:20:12,11.35,-0.01,4,4540,卖盘
2152,11:20:09,11.36,0.01,2,2272,买盘
2153,11:20:03,11.35,--,62,70744,买盘
2154,11:19:57,11.35,--,1,1135,买盘
2155,11:19:51,11.35,-0.01,0,760,卖盘
2156,11:19:48,11.36,0.01,175,198800,买盘
2157,11:19:45,11.35,--,7,8160,卖盘
2158,11:19:42,11.35,-0.01,30,34208,卖盘
2159,11:19:36,11.36,0.01,9,10224,买盘
2160,11:19:33,11.35,--,84,95340,卖盘
2161,11:19:27,11.35,--,7,7945,卖盘
2162,11:19:24,11.35,--,1,1135,卖盘
2163,11:19:21,11.35,-0.01,58,65830,卖盘
2164,11:19:18,11.36,--,5,5680,买盘
2165,11:19:03,11.36,0.01,32,36352,买盘
2166,11:19:00,11.35,--,6,6810,卖盘
2167,11:18:57,11.35,0.01,14,15890,中性盘
2168,11:18:51,11.34,-0.01,78,88452,卖盘
2169,11:18:48,11.35,0.01,25,28375,买盘
2170,11:18:45,11.34,-0.01,7,8244,卖盘
2171,11:18:42,11.35,--,42,47670,卖盘
2172,11:18:39,11.35,-0.01,30,34050,中性盘
2173,11:18:36,11.36,0.02,12,13632,买盘
2174,11:18:33,11.34,-0.02,97,109998,卖盘
2175,11:18:27,11.36,0.01,22,24992,买盘
2176,11:18:24,11.35,-0.01,4,4540,卖盘
2177,11:18:21,11.36,0.01,20,22720,买盘
2178,11:18:15,11.35,0.01,34,38590,买盘
2179,11:18:12,11.34,--,160,181440,卖盘
2180,11:18:03,11.34,-0.01,13,14742,卖盘
2181,11:18:00,11.35,0.01,5,5675,买盘
2182,11:17:57,11.34,--,108,122472,卖盘
2183,11:17:51,11.34,--,14,15876,卖盘
2184,11:17:48,11.34,--,53,60102,卖盘
2185,11:17:45,11.34,-0.01,31,35154,卖盘
2186,11:17:42,11.35,0.01,538,611027,买盘
2187,11:17:39,11.34,-0.01,10,12451,卖盘
2188,11:17:36,11.35,0.01,33,37455,买盘
2189,11:17:33,11.34,--,81,91854,卖盘
2190,11:17:24,11.34,--,1,1134,卖盘
2191,11:17:21,11.34,0.01,59,66906,买盘
2192,11:17:12,11.33,--,2,2266,卖盘
2193,11:17:09,11.33,--,1,1133,卖盘
2194,11:17:06,11.33,--,4,4532,卖盘
2195,11:17:03,11.33,-0.01,101,114433,卖盘
2196,11:17:00,11.34,0.01,11,12474,买盘
2197,11:16:57,11.33,--,1,1133,卖盘
2198,11:16:54,11.33,--,1,1133,卖盘
2199,11:16:51,11.33,-0.01,3,3399,卖盘
2200,11:16:48,11.34,0.01,13,14742,买盘
2201,11:16:42,11.33,-0.01,57,64841,卖盘
2202,11:16:39,11.34,--,162,183821,买盘
2203,11:16:36,11.34,0.01,9,10206,买盘
2204,11:16:33,11.33,--,86,97438,卖盘
2205,11:16:30,11.33,-0.01,29,32857,卖盘
2206,11:16:27,11.34,0.01,155,175770,买盘
2207,11:16:24,11.33,--,2,2266,卖盘
2208,11:16:21,11.33,-0.01,1,1133,卖盘
2209,11:16:18,11.34,--,7,7938,买盘
2210,11:16:12,11.34,0.01,65,73710,买盘
2211,11:16:03,11.33,-0.01,2,2266,卖盘
2212,11:15:57,11.34,--,242,274428,买盘
2213,11:15:54,11.34,0.01,3,3402,买盘
2214,11:15:51,11.33,-0.01,3,3399,卖盘
2215,11:15:48,11.34,0.01,35,39690,买盘
2216,11:15:45,11.33,0.01,38,43359,买盘
2217,11:15:39,11.32,--,31,35465,卖盘
2218,11:15:36,11.32,--,35,39620,卖盘
2219,11:15:33,11.32,-0.01,93,105276,卖盘
2220,11:15:30,11.33,--,1,1133,买盘
2221,11:15:27,11.33,--,1,1133,买盘
2222,11:15:15,11.33,--,67,76738,卖盘
2223,11:15:12,11.33,--,1,1133,卖盘
2224,11:15:06,11.33,--,1,1133,卖盘
2225,11:15:03,11.33,--,3,3399,卖盘
2226,11:15:00,11.33,--,1,1133,卖盘
2227,11:14:57,11.33,--,54,61182,卖盘
2228,11:14:54,11.33,0.01,424,480697,买盘
2229,11:14:51,11.32,--,3,3396,卖盘
2230,11:14:48,11.32,--,14,15848,卖盘
2231,11:14:42,11.32,--,21,23772,卖盘
2232,11:14:39,11.32,--,9,10584,卖盘
2233,11:14:33,11.32,-0.01,94,107517,卖盘
2234,11:14:24,11.33,0.01,54,61182,买盘
2235,11:14:21,11.32,--,21,23772,卖盘
2236,11:14:12,11.32,--,23,26036,卖盘
2237,11:14:09,11.32,0.01,312,353184,买盘
2238,11:14:06,11.31,--,1,1131,卖盘
2239,11:14:03,11.31,--,1,1131,卖盘
2240,11:14:00,11.31,-0.01,1,1131,卖盘
2241,11:13:54,11.32,0.01,10,11320,买盘
2242,11:13:51,11.31,--,7,7917,卖盘
2243,11:13:48,11.31,--,19,21489,卖盘
2244,11:13:42,11.31,--,112,126672,卖盘
2245,11:13:33,11.31,-0.01,82,93115,卖盘
2246,11:13:30,11.32,--,2,2264,卖盘
2247,11:13:27,11.32,--,4,4528,卖盘
2248,11:13:21,11.32,--,1,1132,中性盘
2249,11:13:18,11.32,--,11,12452,买盘
2250,11:13:12,11.32,--,6,6792,卖盘
2251,11:13:09,11.32,0.01,1,1132,中性盘
2252,11:13:06,11.31,--,1,1131,卖盘
2253,11:13:03,11.31,--,23,26013,卖盘
2254,11:13:00,11.31,--,10,11310,卖盘
2255,11:12:57,11.31,-0.01,1,1131,卖盘
2256,11:12:54,11.32,--,1,1132,买盘
2257,11:12:51,11.32,--,0,826,卖盘
2258,11:12:48,11.32,--,15,16980,卖盘
2259,11:12:42,11.32,--,14,15848,卖盘
2260,11:12:39,11.32,-0.01,7,8229,卖盘
2261,11:12:36,11.33,0.02,7,7931,买盘
2262,11:12:33,11.31,-0.01,93,105183,卖盘
2263,11:12:30,11.32,--,10,11387,卖盘
2264,11:12:21,11.32,--,5,5660,卖盘
2265,11:12:18,11.32,--,1,1132,卖盘
2266,11:12:15,11.32,--,34,38488,卖盘
2267,11:12:12,11.32,0.01,336,380352,买盘
2268,11:12:06,11.31,--,1,1131,卖盘
2269,11:12:03,11.31,-0.01,2,2262,卖盘
2270,11:12:00,11.32,0.01,11,12452,买盘
2271,11:11:57,11.31,-0.01,201,227331,卖盘
2272,11:11:54,11.32,0.01,1,1132,买盘
2273,11:11:51,11.31,--,53,59943,卖盘
2274,11:11:48,11.31,-0.01,17,19227,卖盘
2275,11:11:45,11.32,0.01,14,15848,买盘
2276,11:11:42,11.31,-0.01,45,50895,卖盘
2277,11:11:39,11.32,--,21,23772,买盘
2278,11:11:36,11.32,0.01,86,97352,买盘
2279,11:11:33,11.31,--,188,212628,卖盘
2280,11:11:30,11.31,--,109,123652,卖盘
2281,11:11:24,11.31,-0.01,1,1131,卖盘
2282,11:11:21,11.32,--,8,9056,买盘
2283,11:11:12,11.32,--,50,56600,买盘
2284,11:11:06,11.32,-0.01,33,37356,中性盘
2285,11:11:03,11.33,0.01,22,24926,买盘
2286,11:11:00,11.32,-0.01,164,185648,卖盘
2287,11:10:54,11.33,0.01,1,1133,买盘
2288,11:10:51,11.32,--,10,11320,卖盘
2289,11:10:48,11.32,--,14,15848,卖盘
2290,11:10:45,11.32,--,1,1132,卖盘
2291,11:10:39,11.32,0.01,534,604861,买盘
2292,11:10:36,11.31,--,5,5655,卖盘
2293,11:10:33,11.31,--,89,100998,卖盘
2294,11:10:27,11.31,-0.01,10,11343,卖盘
2295,11:10:24,11.32,0.01,20,22640,买盘
2296,11:10:12,11.31,--,393,444483,卖盘
2297,11:10:09,11.31,-0.01,1,1131,卖盘
2298,11:10:06,11.32,0.01,87,98484,买盘
2299,11:10:03,11.31,--,2,2262,卖盘
2300,11:10:00,11.31,--,21,23751,卖盘
2301,11:09:57,11.31,-0.01,4,4524,卖盘
2302,11:09:54,11.32,0.01,32,36224,买盘
2303,11:09:51,11.31,--,3,3393,卖盘
2304,11:09:48,11.31,--,15,16965,卖盘
2305,11:09:45,11.31,--,1,1131,卖盘
2306,11:09:36,11.31,--,108,122148,卖盘
2307,11:09:33,11.31,-0.01,83,94280,卖盘
2308,11:09:30,11.32,0.01,35,39620,买盘
2309,11:09:27,11.31,-0.01,9,11276,卖盘
2310,11:09:24,11.32,0.01,3,3396,买盘
2311,11:09:21,11.31,--,1,1131,卖盘
2312,11:09:18,11.31,--,14,15834,卖盘
2313,11:09:12,11.31,0.01,2,2262,中性盘
2314,11:09:03,11.3,--,1,1130,卖盘
2315,11:09:00,11.3,--,1,1130,卖盘
2316,11:08:57,11.3,-0.02,1,1130,卖盘
2317,11:08:54,11.32,0.02,1,1132,买盘
2318,11:08:51,11.3,--,15,16950,卖盘
2319,11:08:48,11.3,-0.01,32,36160,卖盘
2320,11:08:45,11.31,--,18,20358,买盘
2321,11:08:42,11.31,--,5,5655,买盘
2322,11:08:39,11.31,--,79,89349,买盘
2323,11:08:36,11.31,0.01,6,6786,买盘
2324,11:08:33,11.3,-0.01,89,100570,卖盘
2325,11:08:30,11.31,--,10,11310,买盘
2326,11:08:27,11.31,0.01,14,16161,买盘
2327,11:08:24,11.3,--,23,26035,卖盘
2328,11:08:21,11.3,-0.01,28,31640,卖盘
2329,11:08:18,11.31,--,3,3393,买盘
2330,11:08:15,11.31,--,28,31668,买盘
2331,11:08:12,11.31,-0.01,104,117624,中性盘
2332,11:08:09,11.32,0.01,79,90186,买盘
2333,11:08:03,11.31,--,32,36192,卖盘
2334,11:08:00,11.31,0.01,284,321577,买盘
2335,11:07:57,11.3,-0.01,61,68930,卖盘
2336,11:07:54,11.31,0.01,3,3393,买盘
2337,11:07:51,11.3,--,7,7910,卖盘
2338,11:07:48,11.3,-0.01,21,23730,卖盘
2339,11:07:45,11.31,--,11,12441,买盘
2340,11:07:39,11.31,-0.01,157,178324,卖盘
2341,11:07:36,11.32,0.01,10,11320,买盘
2342,11:07:33,11.31,--,92,104052,卖盘
2343,11:07:27,11.31,--,7,8177,卖盘
2344,11:07:24,11.31,--,10,11423,卖盘
2345,11:07:21,11.31,--,1,1131,卖盘
2346,11:07:18,11.31,-0.01,1,1131,卖盘
2347,11:07:15,11.32,0.01,2,2264,买盘
2348,11:07:12,11.31,-0.01,2,2262,卖盘
2349,11:07:09,11.32,--,3,3396,买盘
2350,11:07:03,11.32,--,37,41884,买盘
2351,11:07:00,11.32,0.01,578,654296,买盘
2352,11:06:57,11.31,-0.01,1,1131,卖盘
2353,11:06:54,11.32,0.01,2,2264,买盘
2354,11:06:51,11.31,--,12,13572,卖盘
2355,11:06:48,11.31,--,15,16965,卖盘
2356,11:06:45,11.31,--,8,9048,卖盘
2357,11:06:36,11.31,--,29,32799,卖盘
2358,11:06:33,11.31,-0.01,81,91611,卖盘
2359,11:06:30,11.32,--,27,30564,买盘
2360,11:06:27,11.32,0.01,13,14716,买盘
2361,11:06:24,11.31,--,8,9296,卖盘
2362,11:06:21,11.31,--,13,14827,卖盘
2363,11:06:18,11.31,--,1,1131,卖盘
2364,11:06:15,11.31,--,4,4524,卖盘
2365,11:06:12,11.31,-0.01,1,1131,卖盘
2366,11:06:06,11.32,0.01,2,2264,买盘
2367,11:06:03,11.31,--,3,3393,卖盘
2368,11:06:00,11.31,-0.01,200,226200,卖盘
2369,11:05:54,11.32,0.01,13,14716,买盘
2370,11:05:51,11.31,--,3,3393,卖盘
2371,11:05:48,11.31,--,20,22620,卖盘
2372,11:05:45,11.31,-0.01,1,1131,卖盘
2373,11:05:42,11.32,0.01,2,2264,买盘
2374,11:05:39,11.31,--,5,5655,卖盘
2375,11:05:33,11.31,--,74,83694,卖盘
2376,11:05:30,11.31,--,3,3393,卖盘
2377,11:05:24,11.31,--,1,1131,卖盘
2378,11:05:18,11.31,-0.01,1,1131,卖盘
2379,11:05:15,11.32,0.01,2,2264,买盘
2380,11:05:12,11.31,--,5,5655,卖盘
2381,11:05:03,11.31,--,1,1131,卖盘
2382,11:05:00,11.31,--,20,22620,卖盘
2383,11:04:57,11.31,--,3,3393,卖盘
2384,11:04:51,11.31,-0.01,2,2262,卖盘
2385,11:04:48,11.32,0.01,46,52072,买盘
2386,11:04:45,11.31,-0.01,2,2262,卖盘
2387,11:04:42,11.32,0.01,42,47544,买盘
2388,11:04:39,11.31,0.01,5,5655,买盘
2389,11:04:33,11.3,-0.01,69,77970,卖盘
2390,11:04:27,11.31,--,8,9048,卖盘
2391,11:04:24,11.31,--,2,2262,卖盘
2392,11:04:21,11.31,--,1,1131,卖盘
2393,11:04:18,11.31,--,1,1131,卖盘
2394,11:04:15,11.31,0.01,7,7917,买盘
2395,11:04:12,11.3,-0.01,16,18080,卖盘
2396,11:04:09,11.31,0.01,1,1131,买盘
2397,11:04:06,11.3,--,9,10170,卖盘
2398,11:04:03,11.3,-0.01,13,14690,卖盘
2399,11:03:57,11.31,--,2,2262,买盘
2400,11:03:54,11.31,--,3,3393,卖盘
2401,11:03:51,11.31,0.01,5,5655,中性盘
2402,11:03:48,11.3,-0.01,264,298320,卖盘
2403,11:03:45,11.31,--,39,44109,卖盘
2404,11:03:42,11.31,--,14,15834,卖盘
2405,11:03:39,11.31,--,1,1131,卖盘
2406,11:03:33,11.31,--,87,98397,卖盘
2407,11:03:30,11.31,-0.01,9,10179,卖盘
2408,11:03:27,11.32,0.01,13,14716,买盘
2409,11:03:24,11.31,--,1,1131,卖盘
2410,11:03:21,11.31,-0.01,5,5655,卖盘
2411,11:03:15,11.32,--,3,3396,买盘
2412,11:03:12,11.32,--,41,46412,买盘
2413,11:03:09,11.32,0.01,1,1132,买盘
2414,11:03:03,11.31,--,21,23751,卖盘
2415,11:03:00,11.31,--,89,100659,卖盘
2416,11:02:57,11.31,--,31,35061,卖盘
2417,11:02:54,11.31,--,1,1131,卖盘
2418,11:02:51,11.31,--,36,40716,卖盘
2419,11:02:48,11.31,--,15,16965,卖盘
2420,11:02:42,11.31,-0.01,14,15834,卖盘
2421,11:02:39,11.32,0.01,1,1132,买盘
2422,11:02:33,11.31,--,84,95004,卖盘
2423,11:02:30,11.31,--,14,15834,卖盘
2424,11:02:27,11.31,--,14,15834,卖盘
2425,11:02:24,11.31,--,1,1131,卖盘
2426,11:02:21,11.31,--,1,1131,卖盘
2427,11:02:12,11.31,-0.01,24,27144,卖盘
2428,11:02:09,11.32,0.01,1,1132,买盘
2429,11:02:03,11.31,--,1,1131,卖盘
2430,11:02:00,11.31,--,17,19227,卖盘
2431,11:01:57,11.31,--,1,1131,卖盘
2432,11:01:51,11.31,-0.01,44,49764,卖盘
2433,11:01:48,11.32,0.01,26,29432,买盘
2434,11:01:45,11.31,--,10,11310,卖盘
2435,11:01:42,11.31,--,30,33930,卖盘
2436,11:01:39,11.31,--,14,15834,卖盘
2437,11:01:33,11.31,--,74,83694,卖盘
2438,11:01:30,11.31,--,1,1131,卖盘
2439,11:01:24,11.31,--,10,11310,卖盘
2440,11:01:21,11.31,--,16,18096,卖盘
2441,11:01:18,11.31,-0.01,16,18096,卖盘
2442,11:01:12,11.32,--,19,21508,买盘
2443,11:01:09,11.32,0.01,1,1132,买盘
2444,11:01:06,11.31,--,1,1131,卖盘
2445,11:01:03,11.31,-0.01,13,14703,卖盘
2446,11:01:00,11.32,0.01,1,1132,买盘
2447,11:00:57,11.31,--,56,63336,卖盘
2448,11:00:54,11.31,--,32,36192,卖盘
2449,11:00:51,11.31,--,16,18096,卖盘
2450,11:00:48,11.31,-0.01,18,20358,卖盘
2451,11:00:45,11.32,0.01,35,39620,买盘
2452,11:00:42,11.31,-0.01,15,16965,卖盘
2453,11:00:39,11.32,--,2,2264,买盘
2454,11:00:36,11.32,0.01,96,108672,买盘
2455,11:00:33,11.31,-0.01,87,98397,卖盘
2456,11:00:30,11.32,--,7,7924,买盘
2457,11:00:24,11.32,0.01,119,134708,买盘
2458,11:00:21,11.31,--,11,12441,卖盘
2459,11:00:18,11.31,--,76,85956,卖盘
2460,11:00:12,11.31,--,6,6786,卖盘
2461,11:00:09,11.31,-0.01,14,15834,卖盘
2462,11:00:06,11.32,0.01,17,19244,买盘
2463,11:00:03,11.31,--,1,1131,卖盘
2464,11:00:00,11.31,--,30,33930,卖盘
2465,10:59:57,11.31,--,2,2262,卖盘
2466,10:59:54,11.31,--,7,7917,卖盘
2467,10:59:51,11.31,--,47,53157,卖盘
2468,10:59:48,11.31,--,16,18096,卖盘
2469,10:59:45,11.31,--,6,6786,卖盘
2470,10:59:39,11.31,--,14,15834,卖盘
2471,10:59:33,11.31,--,91,102921,卖盘
2472,10:59:24,11.31,--,41,46371,卖盘
2473,10:59:21,11.31,--,1,1131,卖盘
2474,10:59:18,11.31,-0.01,14,15834,卖盘
2475,10:59:15,11.32,0.01,5,5660,买盘
2476,10:59:12,11.31,--,3,3393,卖盘
2477,10:59:09,11.31,-0.01,1,1131,卖盘
2478,10:59:06,11.32,0.01,45,50940,买盘
2479,10:59:03,11.31,--,52,58812,卖盘
2480,10:59:00,11.31,-0.01,52,58812,卖盘
2481,10:58:57,11.32,0.01,1,1132,买盘
2482,10:58:54,11.31,--,9,10179,卖盘
2483,10:58:51,11.31,--,42,47502,卖盘
2484,10:58:48,11.31,-0.01,15,16965,卖盘
2485,10:58:45,11.32,0.01,3,3396,买盘
2486,10:58:33,11.31,--,101,114231,卖盘
2487,10:58:21,11.31,--,35,39585,卖盘
2488,10:58:18,11.31,-0.01,14,15834,卖盘
2489,10:58:12,11.32,0.01,4,4528,买盘
2490,10:58:06,11.31,--,1,1131,卖盘
2491,10:58:03,11.31,--,1,1131,卖盘
2492,10:58:00,11.31,--,6,6786,卖盘
2493,10:57:57,11.31,--,10,11310,卖盘
2494,10:57:54,11.31,--,32,36192,卖盘
2495,10:57:51,11.31,--,20,22620,卖盘
2496,10:57:48,11.31,--,45,50895,卖盘
2497,10:57:36,11.31,--,2,2262,卖盘
2498,10:57:33,11.31,--,88,99528,卖盘
2499,10:57:30,11.31,-0.01,24,27144,卖盘
2500,10:57:27,11.32,0.01,56,63493,买盘
2501,10:57:24,11.31,-0.01,1,1131,卖盘
2502,10:57:21,11.32,0.01,17,19244,买盘
2503,10:57:18,11.31,--,14,15834,卖盘
2504,10:57:12,11.31,--,4,4524,卖盘
2505,10:57:03,11.31,--,6,6786,卖盘
2506,10:56:54,11.31,--,1,1131,卖盘
2507,10:56:51,11.31,--,21,23751,卖盘
2508,10:56:48,11.31,--,14,15834,卖盘
2509,10:56:45,11.31,--,3,3393,卖盘
2510,10:56:36,11.31,--,58,65598,卖盘
2511,10:56:33,11.31,--,114,128934,卖盘
2512,10:56:27,11.31,-0.01,32,36192,卖盘
2513,10:56:24,11.32,0.01,193,218476,买盘
2514,10:56:21,11.31,-0.01,76,85956,卖盘
2515,10:56:15,11.32,0.01,11,12452,买盘
2516,10:56:12,11.31,--,11,12441,卖盘
2517,10:56:06,11.31,--,6,6786,卖盘
2518,10:56:03,11.31,-0.01,3,3393,卖盘
2519,10:56:00,11.32,0.01,178,201496,买盘
2520,10:55:57,11.31,--,2,2262,卖盘
2521,10:55:54,11.31,--,2,2262,卖盘
2522,10:55:51,11.31,--,16,18096,卖盘
2523,10:55:45,11.31,-0.01,1,1131,卖盘
2524,10:55:42,11.32,0.02,3,3396,买盘
2525,10:55:33,11.3,--,71,80230,卖盘
2526,10:55:30,11.3,--,2,2260,卖盘
2527,10:55:21,11.3,-0.02,13,14690,卖盘
2528,10:55:15,11.32,0.02,15,16980,买盘
2529,10:55:12,11.3,-0.01,34,38420,卖盘
2530,10:55:06,11.31,--,1,1131,卖盘
2531,10:55:03,11.31,--,348,393588,卖盘
2532,10:55:00,11.31,0.01,1,1131,中性盘
2533,10:54:57,11.3,--,14,15820,卖盘
2534,10:54:54,11.3,--,65,73450,卖盘
2535,10:54:51,11.3,--,16,18080,卖盘
2536,10:54:45,11.3,-0.02,3,3390,卖盘
2537,10:54:42,11.32,0.02,2,2264,买盘
2538,10:54:39,11.3,--,31,35030,卖盘
2539,10:54:36,11.3,--,15,16950,卖盘
2540,10:54:33,11.3,--,258,291540,卖盘
2541,10:54:30,11.3,--,20,22600,卖盘
2542,10:54:24,11.3,-0.02,1,1130,卖盘
2543,10:54:21,11.32,0.02,21,23772,买盘
2544,10:54:18,11.3,--,14,15820,卖盘
2545,10:54:12,11.3,--,12,13560,卖盘
2546,10:54:09,11.3,-0.01,37,41810,卖盘
2547,10:54:06,11.31,0.01,74,83694,买盘
2548,10:54:03,11.3,--,3,3390,卖盘
2549,10:54:00,11.3,-0.01,130,146900,卖盘
2550,10:53:57,11.31,--,5,5655,买盘
2551,10:53:54,11.31,0.01,12,13572,买盘
2552,10:53:51,11.3,-0.01,22,24860,卖盘
2553,10:53:45,11.31,--,3,3393,买盘
2554,10:53:42,11.31,0.01,2,2262,买盘
2555,10:53:33,11.3,--,79,89270,卖盘
2556,10:53:27,11.3,--,16,18080,卖盘
2557,10:53:24,11.3,--,4,4520,卖盘
2558,10:53:21,11.3,-0.01,2,2260,卖盘
2559,10:53:18,11.31,0.01,36,40716,买盘
2560,10:53:15,11.3,--,2,2260,卖盘
2561,10:53:12,11.3,--,2,2260,卖盘
2562,10:53:09,11.3,--,31,35030,卖盘
2563,10:53:03,11.3,--,17,19210,卖盘
2564,10:53:00,11.3,--,25,28250,卖盘
2565,10:52:57,11.3,--,11,12430,卖盘
2566,10:52:54,11.3,--,2,2260,卖盘
2567,10:52:51,11.3,-0.01,22,24860,卖盘
2568,10:52:45,11.31,--,46,52026,买盘
2569,10:52:42,11.31,0.01,3,3393,买盘
2570,10:52:39,11.3,--,9,10170,卖盘
2571,10:52:36,11.3,-0.01,1,1130,卖盘
2572,10:52:33,11.31,0.01,118,133458,买盘
2573,10:52:27,11.3,-0.01,3,3390,卖盘
2574,10:52:15,11.31,0.01,1,1131,买盘
2575,10:52:12,11.3,--,38,42940,买盘
2576,10:52:06,11.3,0.01,5,5650,买盘
2577,10:52:03,11.29,--,20,22580,卖盘
2578,10:52:00,11.29,-0.01,89,100480,卖盘
2579,10:51:57,11.3,0.01,22,24860,买盘
2580,10:51:54,11.29,--,2,2258,卖盘
2581,10:51:51,11.29,-0.01,15,16935,卖盘
2582,10:51:45,11.3,--,5,5650,买盘
2583,10:51:42,11.3,--,3,3390,买盘
2584,10:51:39,11.3,0.01,60,67800,买盘
2585,10:51:33,11.29,--,84,94836,卖盘
2586,10:51:30,11.29,-0.01,32,36128,卖盘
2587,10:51:27,11.3,0.01,10,11300,买盘
2588,10:51:24,11.29,-0.01,1,1129,卖盘
2589,10:51:21,11.3,--,104,117520,买盘
2590,10:51:12,11.3,0.01,8,9040,买盘
2591,10:51:09,11.29,-0.01,1,1129,卖盘
2592,10:51:06,11.3,--,44,49720,买盘
2593,10:51:03,11.3,0.01,5,5650,买盘
2594,10:50:57,11.29,--,16,18064,卖盘
2595,10:50:54,11.29,--,15,16935,卖盘
2596,10:50:51,11.29,-0.01,24,27095,卖盘
2597,10:50:45,11.3,--,4,4520,买盘
2598,10:50:42,11.3,--,5,5650,买盘
2599,10:50:39,11.3,--,10,11300,买盘
2600,10:50:36,11.3,0.01,19,21470,买盘
2601,10:50:33,11.29,-0.01,74,83546,卖盘
2602,10:50:30,11.3,0.01,6,6780,买盘
2603,10:50:24,11.29,--,6,6773,卖盘
2604,10:50:21,11.29,--,16,18064,卖盘
2605,10:50:12,11.29,--,17,19193,卖盘
2606,10:50:09,11.29,-0.01,3,3386,卖盘
2607,10:50:06,11.3,--,42,47460,买盘
2608,10:50:03,11.3,--,2,2260,买盘
2609,10:50:00,11.3,0.01,10,11300,买盘
2610,10:49:57,11.29,--,52,58707,卖盘
2611,10:49:51,11.29,-0.01,16,18064,卖盘
2612,10:49:45,11.3,0.01,5,5650,买盘
2613,10:49:42,11.29,--,3,3386,卖盘
2614,10:49:39,11.29,-0.01,31,34999,卖盘
2615,10:49:36,11.3,0.01,1,1130,买盘
2616,10:49:33,11.29,-0.01,89,100480,卖盘
2617,10:49:30,11.3,--,32,36160,买盘
2618,10:49:24,11.3,0.01,11,12430,买盘
2619,10:49:21,11.29,--,1,1129,卖盘
2620,10:49:15,11.29,--,1,1129,卖盘
2621,10:49:12,11.29,--,4,4516,卖盘
2622,10:48:57,11.29,--,3,3386,卖盘
2623,10:48:54,11.29,--,4,4516,卖盘
2624,10:48:51,11.29,--,18,20322,卖盘
2625,10:48:48,11.29,--,60,67740,卖盘
2626,10:48:42,11.29,--,6,6773,卖盘
2627,10:48:33,11.29,--,95,107254,卖盘
2628,10:48:27,11.29,--,32,37166,卖盘
2629,10:48:24,11.29,--,3,3386,卖盘
2630,10:48:21,11.29,-0.01,9,10161,卖盘
2631,10:48:18,11.3,--,2,2260,买盘
2632,10:48:15,11.3,0.01,3,3390,买盘
2633,10:48:12,11.29,-0.01,3,3386,卖盘
2634,10:48:09,11.3,--,203,229390,买盘
2635,10:48:06,11.3,0.01,71,80230,买盘
2636,10:48:03,11.29,--,27,30482,卖盘
2637,10:47:54,11.29,--,4,4516,卖盘
2638,10:47:51,11.29,--,16,18064,卖盘
2639,10:47:48,11.29,-0.01,2,2258,卖盘
2640,10:47:45,11.3,0.01,8,9040,买盘
2641,10:47:39,11.29,--,8,9032,卖盘
2642,10:47:33,11.29,--,95,107254,卖盘
2643,10:47:24,11.29,--,1,1129,卖盘
2644,10:47:21,11.29,--,7,7902,卖盘
2645,10:47:18,11.29,--,1,1129,卖盘
2646,10:47:12,11.29,--,1,1129,卖盘
2647,10:47:09,11.29,--,101,114028,卖盘
2648,10:47:06,11.29,--,1,1129,卖盘
2649,10:47:03,11.29,--,2,2258,卖盘
2650,10:47:00,11.29,--,8,9032,卖盘
2651,10:46:57,11.29,-0.01,42,47418,卖盘
2652,10:46:54,11.3,0.01,22,24860,买盘
2653,10:46:51,11.29,--,47,53062,卖盘
2654,10:46:48,11.29,--,3,3386,卖盘
2655,10:46:45,11.29,--,33,37257,卖盘
2656,10:46:39,11.29,--,38,42902,卖盘
2657,10:46:36,11.29,--,37,41773,卖盘
2658,10:46:33,11.29,-0.01,511,576919,卖盘
2659,10:46:30,11.3,0.01,5,5650,买盘
2660,10:46:24,11.29,-0.01,1,1129,卖盘
2661,10:46:21,11.3,0.01,10,11300,买盘
2662,10:46:15,11.29,--,14,15805,卖盘
2663,10:46:12,11.29,--,3,3386,卖盘
2664,10:46:09,11.29,--,29,32740,卖盘
2665,10:46:06,11.29,--,1,1129,卖盘
2666,10:46:03,11.29,--,4,4516,卖盘
2667,10:46:00,11.29,-0.01,10,11290,卖盘
2668,10:45:57,11.3,0.01,55,62150,买盘
2669,10:45:54,11.29,--,11,12418,卖盘
2670,10:45:51,11.29,--,55,62094,卖盘
2671,10:45:48,11.29,-0.01,63,71127,卖盘
2672,10:45:45,11.3,0.01,22,24860,买盘
2673,10:45:42,11.29,--,35,39515,卖盘
2674,10:45:39,11.29,-0.01,8,9032,卖盘
2675,10:45:36,11.3,--,1,1130,买盘
2676,10:45:33,11.3,0.01,88,99440,买盘
2677,10:45:21,11.29,--,14,15805,卖盘
2678,10:45:15,11.29,--,51,57578,卖盘
2679,10:45:12,11.29,--,3,3386,卖盘
2680,10:45:09,11.29,--,31,34999,卖盘
2681,10:45:06,11.29,--,3,3386,卖盘
2682,10:45:03,11.29,--,2,2258,卖盘
2683,10:45:00,11.29,--,8,9032,卖盘
2684,10:44:57,11.29,-0.01,16,18064,卖盘
2685,10:44:54,11.3,0.01,10,11300,买盘
2686,10:44:51,11.29,--,17,19193,卖盘
2687,10:44:48,11.29,--,32,36128,卖盘
2688,10:44:45,11.29,--,1,1129,卖盘
2689,10:44:39,11.29,-0.01,31,34999,卖盘
2690,10:44:36,11.3,0.01,47,53110,买盘
2691,10:44:33,11.29,--,374,422245,卖盘
2692,10:44:30,11.29,--,12,13547,卖盘
2693,10:44:24,11.29,--,6,6773,卖盘
2694,10:44:18,11.29,-0.01,36,40644,卖盘
2695,10:44:15,11.3,0.01,2,2260,买盘
2696,10:44:12,11.29,--,73,82417,卖盘
2697,10:44:09,11.29,-0.01,1,1129,卖盘
2698,10:44:06,11.3,0.01,44,49720,买盘
2699,10:44:03,11.29,-0.01,2,2258,卖盘
2700,10:44:00,11.3,0.01,20,22600,买盘
2701,10:43:57,11.29,--,1,1129,卖盘
2702,10:43:54,11.29,--,29,32740,卖盘
2703,10:43:51,11.29,-0.01,71,80159,卖盘
2704,10:43:48,11.3,--,2,2260,买盘
2705,10:43:45,11.3,0.01,8,9040,买盘
2706,10:43:39,11.29,--,58,65481,卖盘
2707,10:43:33,11.29,--,76,85804,卖盘
2708,10:43:27,11.29,--,104,117415,卖盘
2709,10:43:24,11.29,-0.01,12,13547,卖盘
2710,10:43:15,11.3,0.01,26,29380,买盘
2711,10:43:12,11.29,--,1,1129,卖盘
2712,10:43:09,11.29,-0.02,1,1129,卖盘
2713,10:43:06,11.31,0.01,68,76908,买盘
2714,10:43:03,11.3,--,4,4520,买盘
2715,10:43:00,11.3,0.01,147,166110,买盘
2716,10:42:57,11.29,--,9,10161,卖盘
2717,10:42:54,11.29,--,51,57578,卖盘
2718,10:42:51,11.29,--,27,30482,卖盘
2719,10:42:48,11.29,-0.01,3,3386,卖盘
2720,10:42:45,11.3,--,2,2260,买盘
2721,10:42:36,11.3,0.01,2,2260,买盘
2722,10:42:33,11.29,-0.01,74,83546,卖盘
2723,10:42:30,11.3,--,40,45200,买盘
2724,10:42:27,11.3,0.01,99,111870,买盘
2725,10:42:24,11.29,--,2,2258,卖盘
2726,10:42:21,11.29,-0.01,7,7902,卖盘
2727,10:42:18,11.3,0.01,120,135600,买盘
2728,10:42:15,11.29,-0.01,30,33870,卖盘
2729,10:42:12,11.3,0.01,10,11300,买盘
2730,10:42:09,11.29,--,20,22580,卖盘
2731,10:42:06,11.29,--,75,84675,卖盘
2732,10:42:03,11.29,-0.01,22,24837,卖盘
2733,10:41:57,11.3,--,66,74580,买盘
2734,10:41:54,11.3,0.01,5,5650,买盘
2735,10:41:51,11.29,--,27,30482,卖盘
2736,10:41:45,11.29,-0.01,20,22580,卖盘
2737,10:41:42,11.3,--,6,6780,买盘
2738,10:41:39,11.3,0.01,40,45200,中性盘
2739,10:41:33,11.29,-0.01,85,95965,卖盘
2740,10:41:30,11.3,--,22,24860,卖盘
2741,10:41:27,11.3,--,5,5650,中性盘
2742,10:41:24,11.3,0.01,73,82490,中性盘
2743,10:41:21,11.29,--,18,20322,卖盘
2744,10:41:18,11.29,-0.01,42,47418,卖盘
2745,10:41:15,11.3,--,16,18080,卖盘
2746,10:41:12,11.3,0.01,80,90400,买盘
2747,10:41:09,11.29,--,17,19193,卖盘
2748,10:41:03,11.29,-0.01,15,16935,卖盘
2749,10:41:00,11.3,0.01,59,66670,买盘
2750,10:40:57,11.29,--,31,34999,卖盘
2751,10:40:54,11.29,--,2,2258,卖盘
2752,10:40:51,11.29,--,19,21451,卖盘
2753,10:40:45,11.29,-0.01,1,1129,卖盘
2754,10:40:42,11.3,0.01,34,38420,买盘
2755,10:40:39,11.29,-0.01,24,27095,卖盘
2756,10:40:36,11.3,0.01,7,7910,买盘
2757,10:40:33,11.29,-0.01,94,106125,卖盘
2758,10:40:27,11.3,--,45,50850,中性盘
2759,10:40:24,11.3,--,99,111870,卖盘
2760,10:40:21,11.3,--,2,2260,卖盘
2761,10:40:18,11.3,--,2,2260,卖盘
2762,10:40:15,11.3,--,20,22600,卖盘
2763,10:40:12,11.3,--,2,2260,卖盘
2764,10:40:03,11.3,--,13,14690,卖盘
2765,10:40:00,11.3,--,9,10170,卖盘
2766,10:39:57,11.3,-0.01,59,66670,卖盘
2767,10:39:54,11.31,0.01,18,20358,买盘
2768,10:39:51,11.3,--,16,18080,卖盘
2769,10:39:48,11.3,--,13,14690,卖盘
2770,10:39:45,11.3,--,1,1130,卖盘
2771,10:39:42,11.3,--,31,35030,卖盘
2772,10:39:39,11.3,0.01,282,319349,买盘
2773,10:39:36,11.29,--,2,2258,卖盘
2774,10:39:33,11.29,-0.01,110,124189,卖盘
2775,10:39:30,11.3,--,45,50850,买盘
2776,10:39:27,11.3,0.01,24,27120,买盘
2777,10:39:24,11.29,--,4,4516,卖盘
2778,10:39:21,11.29,--,2,2258,卖盘
2779,10:39:18,11.29,-0.01,5,5645,卖盘
2780,10:39:12,11.3,0.01,3,3390,买盘
2781,10:39:09,11.29,-0.01,4,4516,卖盘
2782,10:39:06,11.3,0.01,20,22600,买盘
2783,10:39:03,11.29,--,1,1129,卖盘
2784,10:38:57,11.29,--,3,3386,卖盘
2785,10:38:54,11.29,--,82,92578,卖盘
2786,10:38:51,11.29,--,47,53062,卖盘
2787,10:38:48,11.29,-0.01,19,21451,卖盘
2788,10:38:45,11.3,--,8,9040,买盘
2789,10:38:42,11.3,0.01,32,36160,买盘
2790,10:38:39,11.29,--,31,34999,卖盘
2791,10:38:33,11.29,-0.01,101,114028,卖盘
2792,10:38:30,11.3,--,34,38420,买盘
2793,10:38:27,11.3,0.01,9,10170,买盘
2794,10:38:24,11.29,--,20,22580,卖盘
2795,10:38:21,11.29,-0.01,17,19193,卖盘
2796,10:38:18,11.3,--,10,11300,买盘
2797,10:38:12,11.3,0.01,18,20340,买盘
2798,10:38:09,11.29,--,6,6773,卖盘
2799,10:38:03,11.29,-0.01,1,1129,卖盘
2800,10:38:00,11.3,--,109,123170,买盘
2801,10:37:57,11.3,0.01,64,72320,买盘
2802,10:37:54,11.29,--,2,2258,卖盘
2803,10:37:51,11.29,-0.01,47,53062,卖盘
2804,10:37:45,11.3,0.01,17,19210,买盘
2805,10:37:42,11.29,--,25,28224,卖盘
2806,10:37:39,11.29,-0.01,32,36128,卖盘
2807,10:37:36,11.3,0.01,34,38420,买盘
2808,10:37:33,11.29,-0.01,81,91449,卖盘
2809,10:37:30,11.3,0.01,28,31640,买盘
2810,10:37:24,11.29,-0.01,15,16935,卖盘
2811,10:37:21,11.3,0.01,42,47460,买盘
2812,10:37:18,11.29,--,202,228057,卖盘
2813,10:37:12,11.29,-0.01,2,2258,卖盘
2814,10:37:09,11.3,0.01,61,68930,买盘
2815,10:37:06,11.29,--,13,14676,卖盘
2816,10:37:03,11.29,--,2,2258,卖盘
2817,10:37:00,11.29,--,5,5645,卖盘
2818,10:36:57,11.29,-0.01,38,42902,卖盘
2819,10:36:54,11.3,0.01,4,4520,买盘
2820,10:36:51,11.29,--,19,21451,卖盘
2821,10:36:48,11.29,--,23,25966,卖盘
2822,10:36:39,11.29,-0.01,1,1129,卖盘
2823,10:36:36,11.3,0.01,2,2260,买盘
2824,10:36:33,11.29,--,106,119673,卖盘
2825,10:36:27,11.29,--,73,82417,卖盘
2826,10:36:24,11.29,--,2,2258,卖盘
2827,10:36:21,11.29,--,1,1129,卖盘
2828,10:36:18,11.29,-0.01,24,27095,卖盘
2829,10:36:15,11.3,0.01,6,6780,买盘
2830,10:36:12,11.29,--,2,2258,卖盘
2831,10:36:06,11.29,--,1,1129,卖盘
2832,10:36:03,11.29,-0.01,2,2258,卖盘
2833,10:36:00,11.3,0.01,1,1130,买盘
2834,10:35:57,11.29,--,4,4516,卖盘
2835,10:35:51,11.29,-0.01,18,20322,卖盘
2836,10:35:48,11.3,0.01,3,3390,买盘
