,time,price,change,volume,amount,type
0,15:00:03,11.44,0.01,4122,4716368,买盘
1,14:57:00,11.43,-0.01,11,12573,卖盘
2,14:56:57,11.44,0.01,1018,1164592,买盘
3,14:56:54,11.43,--,31,35433,卖盘
4,14:56:51,11.43,--,5,6755,卖盘
5,14:56:48,11.43,--,83,94869,卖盘
6,14:56:45,11.43,--,7,8001,卖盘
7,14:56:42,11.43,--,46,52578,卖盘
8,14:56:39,11.43,--,10,11430,卖盘
9,14:56:30,11.43,-0.01,26,29718,卖盘
10,14:56:27,11.44,0.01,24,27456,买盘
11,14:56:24,11.43,--,65,74295,卖盘
12,14:56:21,11.43,--,151,172593,卖盘
13,14:56:15,11.43,--,92,105156,卖盘
14,14:56:12,11.43,-0.01,9,10287,卖盘
15,14:56:09,11.44,0.01,18,20592,买盘
16,14:56:06,11.43,--,25,28575,买盘
17,14:56:03,11.43,--,95,108585,买盘
18,14:55:57,11.43,0.01,13,14859,买盘
19,14:55:54,11.42,-0.01,77,87934,卖盘
20,14:55:51,11.43,--,156,178308,买盘
21,14:55:48,11.43,--,1,1143,买盘
22,14:55:45,11.43,0.01,38,43434,买盘
23,14:55:42,11.42,--,4,4568,卖盘
24,14:55:39,11.42,--,60,68520,卖盘
25,14:55:36,11.42,-0.01,74,84508,卖盘
26,14:55:33,11.43,0.01,33,37719,买盘
27,14:55:30,11.42,-0.01,10,11420,卖盘
28,14:55:27,11.43,0.01,72,82296,买盘
29,14:55:24,11.42,-0.01,268,306056,卖盘
30,14:55:21,11.43,--,31,35433,买盘
31,14:55:18,11.43,--,109,124587,买盘
32,14:55:15,11.43,0.01,226,258318,买盘
33,14:55:12,11.42,-0.01,52,59384,卖盘
34,14:55:09,11.43,0.01,38,43434,买盘
35,14:55:06,11.42,-0.01,68,77656,卖盘
36,14:55:03,11.43,-0.01,71,81153,卖盘
37,14:55:00,11.44,0.02,16,18304,买盘
38,14:54:57,11.42,-0.01,16,18877,卖盘
39,14:54:54,11.43,--,108,123444,买盘
40,14:54:51,11.43,--,53,60579,买盘
41,14:54:48,11.43,--,47,53721,买盘
42,14:54:45,11.43,--,28,32004,买盘
43,14:54:42,11.43,0.01,58,66294,买盘
44,14:54:39,11.42,--,4,4568,卖盘
45,14:54:36,11.42,-0.01,12,13704,卖盘
46,14:54:33,11.43,--,7,8001,买盘
47,14:54:30,11.43,0.01,41,46863,买盘
48,14:54:27,11.42,-0.01,74,84508,卖盘
49,14:54:24,11.43,--,72,82296,买盘
50,14:54:21,11.43,0.01,28,32004,买盘
51,14:54:18,11.42,-0.01,4,4568,卖盘
52,14:54:15,11.43,0.01,124,141732,买盘
53,14:54:12,11.42,-0.01,256,293242,卖盘
54,14:54:09,11.43,--,11,12573,买盘
55,14:54:06,11.43,0.01,48,54864,买盘
56,14:54:03,11.42,-0.01,2,2284,卖盘
57,14:54:00,11.43,0.01,73,83439,买盘
58,14:53:57,11.42,--,50,57100,卖盘
59,14:53:54,11.42,-0.01,42,47964,卖盘
60,14:53:51,11.43,0.01,25,28575,买盘
61,14:53:48,11.42,--,20,22840,卖盘
62,14:53:45,11.42,-0.01,84,95928,卖盘
63,14:53:42,11.43,--,52,59436,买盘
64,14:53:39,11.43,--,64,73152,买盘
65,14:53:36,11.43,--,168,192024,买盘
66,14:53:33,11.43,--,3,3429,买盘
67,14:53:30,11.43,--,241,275463,买盘
68,14:53:27,11.43,--,5,5715,买盘
69,14:53:24,11.43,-0.01,380,434397,卖盘
70,14:53:21,11.44,--,504,576576,买盘
71,14:53:18,11.44,0.01,8,9152,买盘
72,14:53:15,11.43,--,512,585216,卖盘
73,14:53:12,11.43,-0.02,244,279783,卖盘
74,14:53:09,11.45,0.01,312,357469,买盘
75,14:53:06,11.44,-0.01,15,17160,卖盘
76,14:53:03,11.45,--,79,90455,买盘
77,14:53:00,11.45,0.01,58,66410,买盘
78,14:52:57,11.44,--,30,34320,卖盘
79,14:52:54,11.44,--,83,94952,卖盘
80,14:52:51,11.44,-0.01,73,83512,卖盘
81,14:52:48,11.45,0.01,10,11450,买盘
82,14:52:45,11.44,--,180,206835,买盘
83,14:52:42,11.44,0.01,241,275704,买盘
84,14:52:39,11.43,-0.01,24,27432,卖盘
85,14:52:36,11.44,--,19,21736,买盘
86,14:52:33,11.44,--,24,27456,买盘
87,14:52:30,11.44,--,73,83512,买盘
88,14:52:27,11.44,--,43,49192,买盘
89,14:52:21,11.44,--,371,424652,卖盘
90,14:52:18,11.44,--,871,997339,买盘
91,14:52:15,11.44,--,245,281172,买盘
92,14:52:12,11.44,0.01,14,16016,买盘
93,14:52:09,11.43,--,31,35433,卖盘
94,14:52:06,11.43,-0.01,51,58293,卖盘
95,14:52:03,11.44,--,148,169312,买盘
96,14:52:00,11.44,0.01,114,130416,买盘
97,14:51:57,11.43,-0.01,9,10287,卖盘
98,14:51:54,11.44,--,26,29744,买盘
99,14:51:51,11.44,--,26,29744,买盘
100,14:51:48,11.44,--,53,60632,买盘
101,14:51:45,11.44,--,58,66352,买盘
102,14:51:42,11.44,--,40,45760,买盘
103,14:51:39,11.44,--,21,24024,买盘
104,14:51:36,11.44,0.01,26,29744,买盘
105,14:51:33,11.43,-0.01,1,1143,卖盘
106,14:51:30,11.44,0.01,81,92664,买盘
107,14:51:27,11.43,-0.01,847,968121,卖盘
108,14:51:24,11.44,--,44,51022,买盘
109,14:51:21,11.44,--,139,159016,买盘
110,14:51:18,11.44,--,121,138424,买盘
111,14:51:15,11.44,0.01,417,477940,买盘
112,14:51:12,11.43,--,39,44577,卖盘
113,14:51:09,11.43,--,292,333756,卖盘
114,14:51:06,11.43,--,9,10287,卖盘
115,14:51:03,11.43,-0.01,30,34290,卖盘
116,14:51:00,11.44,0.01,78,89232,买盘
117,14:50:57,11.43,--,80,91440,卖盘
118,14:50:54,11.43,-0.01,1,1143,卖盘
119,14:50:51,11.44,--,111,126984,买盘
120,14:50:48,11.44,--,108,123552,买盘
121,14:50:45,11.44,0.01,35,40040,买盘
122,14:50:42,11.43,-0.01,194,221742,卖盘
123,14:50:39,11.44,--,46,52624,买盘
124,14:50:36,11.44,--,97,110968,买盘
125,14:50:30,11.44,--,36,41184,买盘
126,14:50:27,11.44,--,8,9152,买盘
127,14:50:24,11.44,--,81,92664,买盘
128,14:50:21,11.44,0.01,105,120120,买盘
129,14:50:18,11.43,-0.01,330,378081,卖盘
130,14:50:15,11.44,0.01,113,129272,买盘
131,14:50:12,11.43,-0.01,40,46325,卖盘
132,14:50:09,11.44,--,274,313456,买盘
133,14:50:06,11.44,--,29,33176,买盘
134,14:50:03,11.44,--,138,157872,买盘
135,14:50:00,11.44,0.01,25,28600,买盘
136,14:49:57,11.43,-0.01,65,74295,卖盘
137,14:49:54,11.44,--,33,37752,买盘
138,14:49:51,11.44,--,16,18304,买盘
139,14:49:48,11.44,0.01,24,27456,买盘
140,14:49:45,11.43,--,229,261747,卖盘
141,14:49:42,11.43,-0.01,296,338328,卖盘
142,14:49:39,11.44,--,220,251680,买盘
143,14:49:36,11.44,0.01,30,34320,买盘
144,14:49:33,11.43,-0.01,47,53721,卖盘
145,14:49:30,11.44,--,43,49192,买盘
146,14:49:27,11.44,0.01,32,36608,买盘
147,14:49:21,11.43,-0.01,255,292356,卖盘
148,14:49:18,11.44,0.01,40,45760,买盘
149,14:49:15,11.43,--,73,83439,卖盘
150,14:49:12,11.43,--,79,90297,卖盘
151,14:49:09,11.43,-0.01,1,1280,卖盘
152,14:49:06,11.44,--,79,90376,买盘
153,14:49:00,11.44,--,148,169312,买盘
154,14:48:57,11.44,--,73,83512,买盘
155,14:48:54,11.44,--,10,11440,买盘
156,14:48:51,11.44,--,115,131560,买盘
157,14:48:48,11.44,--,22,25168,买盘
158,14:48:45,11.44,0.01,18,20592,买盘
159,14:48:42,11.43,-0.01,44,50292,卖盘
160,14:48:39,11.44,0.01,24,27456,买盘
161,14:48:36,11.43,--,41,46863,卖盘
162,14:48:33,11.43,-0.01,15,17145,卖盘
163,14:48:30,11.44,0.01,55,62920,买盘
164,14:48:27,11.43,--,378,432054,卖盘
165,14:48:21,11.43,-0.01,285,326646,卖盘
166,14:48:18,11.44,--,147,168168,买盘
167,14:48:15,11.44,--,31,35589,买盘
168,14:48:12,11.44,--,41,46904,买盘
169,14:48:09,11.44,--,164,187616,买盘
170,14:48:06,11.44,--,42,48048,买盘
171,14:48:03,11.44,--,10,11440,买盘
172,14:48:00,11.44,--,16,18304,买盘
173,14:47:57,11.44,--,47,53768,买盘
174,14:47:54,11.44,--,27,30888,买盘
175,14:47:51,11.44,--,34,38896,买盘
176,14:47:48,11.44,0.01,88,100672,买盘
177,14:47:45,11.43,-0.01,5,5715,卖盘
178,14:47:42,11.44,0.01,92,105248,买盘
179,14:47:39,11.43,-0.01,330,377190,卖盘
180,14:47:36,11.44,0.01,914,1045616,买盘
181,14:47:33,11.43,-0.01,18,21351,卖盘
182,14:47:30,11.44,0.01,157,179608,买盘
183,14:47:24,11.43,-0.01,233,267210,卖盘
184,14:47:21,11.44,0.01,144,164736,买盘
185,14:47:18,11.43,-0.01,43,49149,卖盘
186,14:47:15,11.44,0.01,37,42328,买盘
187,14:47:12,11.43,-0.01,78,89154,卖盘
188,14:47:09,11.44,0.01,74,85353,买盘
189,14:47:06,11.43,-0.01,29,33147,卖盘
190,14:47:03,11.44,--,10,11440,买盘
191,14:47:00,11.44,--,41,46904,买盘
192,14:46:57,11.44,--,86,98384,买盘
193,14:46:51,11.44,--,16,18304,买盘
194,14:46:48,11.44,--,12,13728,买盘
195,14:46:45,11.44,--,22,25168,买盘
196,14:46:42,11.44,0.01,44,50336,买盘
197,14:46:39,11.43,-0.01,201,229743,卖盘
198,14:46:36,11.44,0.01,33,37752,买盘
199,14:46:33,11.43,-0.01,20,22860,卖盘
200,14:46:30,11.44,0.01,24,27456,买盘
201,14:46:27,11.43,--,93,106299,卖盘
202,14:46:24,11.43,-0.01,259,296928,卖盘
203,14:46:21,11.44,--,47,53768,买盘
204,14:46:18,11.44,0.01,53,60632,买盘
205,14:46:15,11.43,-0.01,36,41148,卖盘
206,14:46:12,11.44,--,55,62920,买盘
207,14:46:09,11.44,0.01,6,6864,买盘
208,14:46:06,11.43,--,20,22985,卖盘
209,14:46:03,11.43,--,143,163449,卖盘
210,14:46:00,11.43,--,31,35433,卖盘
211,14:45:57,11.43,-0.01,5,5715,卖盘
212,14:45:54,11.44,0.01,71,81224,买盘
213,14:45:51,11.43,-0.01,126,144018,卖盘
214,14:45:48,11.44,0.01,12,13728,买盘
215,14:45:45,11.43,-0.01,146,166878,卖盘
216,14:45:42,11.44,--,19,21736,买盘
217,14:45:39,11.44,0.01,106,121264,买盘
218,14:45:36,11.43,-0.01,54,61722,卖盘
219,14:45:33,11.44,--,1,1144,买盘
220,14:45:30,11.44,0.01,15,17160,买盘
221,14:45:27,11.43,--,250,286641,卖盘
222,14:45:24,11.43,-0.01,36,41148,卖盘
223,14:45:21,11.44,--,31,35464,买盘
224,14:45:18,11.44,0.01,126,144144,买盘
225,14:45:15,11.43,--,37,42291,卖盘
226,14:45:12,11.43,-0.01,332,379476,卖盘
227,14:45:09,11.44,0.01,43,49317,买盘
228,14:45:06,11.43,--,5,5715,卖盘
229,14:45:03,11.43,-0.01,12,13716,卖盘
230,14:45:00,11.44,0.01,58,66352,买盘
231,14:44:57,11.43,-0.01,108,123444,卖盘
232,14:44:51,11.44,--,79,90376,买盘
233,14:44:48,11.44,--,29,33176,买盘
234,14:44:45,11.44,0.01,27,30888,买盘
235,14:44:42,11.43,-0.01,88,100584,卖盘
236,14:44:39,11.44,0.01,171,195624,买盘
237,14:44:36,11.43,-0.01,28,32004,卖盘
238,14:44:33,11.44,--,22,25168,买盘
239,14:44:30,11.44,--,235,269720,买盘
240,14:44:27,11.44,--,25,28600,买盘
241,14:44:24,11.44,--,24,27456,买盘
242,14:44:21,11.44,--,80,91520,买盘
243,14:44:18,11.44,--,32,36608,买盘
244,14:44:15,11.44,--,129,147576,买盘
245,14:44:12,11.44,--,40,45760,买盘
246,14:44:09,11.44,--,31,35601,买盘
247,14:44:06,11.44,0.01,28,32032,买盘
248,14:44:03,11.43,-0.01,50,57150,卖盘
249,14:44:00,11.44,--,28,32032,买盘
250,14:43:57,11.44,--,3,3432,买盘
251,14:43:54,11.44,0.01,77,88088,买盘
252,14:43:51,11.43,-0.01,38,43434,卖盘
253,14:43:48,11.44,0.01,79,90376,买盘
254,14:43:45,11.43,-0.01,53,60579,卖盘
255,14:43:42,11.44,0.01,31,35464,买盘
256,14:43:39,11.43,-0.01,213,243459,卖盘
257,14:43:36,11.44,--,1,1144,买盘
258,14:43:33,11.44,--,26,29744,买盘
259,14:43:30,11.44,0.01,233,267444,买盘
260,14:43:27,11.43,--,26,29718,卖盘
261,14:43:24,11.43,-0.01,6,6858,卖盘
262,14:43:21,11.44,0.01,34,38896,买盘
263,14:43:18,11.43,-0.01,95,108585,卖盘
264,14:43:15,11.44,--,267,305448,买盘
265,14:43:12,11.44,0.01,43,49192,买盘
266,14:43:09,11.43,-0.01,217,248156,卖盘
267,14:43:06,11.44,--,23,26312,买盘
268,14:43:03,11.44,--,78,89232,买盘
269,14:43:00,11.44,--,23,26312,买盘
270,14:42:57,11.44,0.01,24,27456,买盘
271,14:42:54,11.43,-0.01,46,52578,卖盘
272,14:42:51,11.44,0.01,29,33176,买盘
273,14:42:48,11.43,--,5,5715,卖盘
274,14:42:45,11.43,--,22,25146,卖盘
275,14:42:42,11.43,--,37,42291,卖盘
276,14:42:39,11.43,--,4,4572,卖盘
277,14:42:36,11.43,--,10,11430,卖盘
278,14:42:33,11.43,--,272,311787,卖盘
279,14:42:30,11.43,-0.01,23,26289,卖盘
280,14:42:27,11.44,0.01,29,33176,买盘
281,14:42:24,11.43,--,49,56007,卖盘
282,14:42:21,11.43,-0.01,75,85725,卖盘
283,14:42:18,11.44,--,20,22880,买盘
284,14:42:12,11.44,--,44,50336,买盘
285,14:42:09,11.44,--,132,151705,买盘
286,14:42:06,11.44,--,66,75504,买盘
287,14:42:00,11.44,0.01,33,37752,买盘
288,14:41:57,11.43,--,6,6858,卖盘
289,14:41:54,11.43,--,1,1143,卖盘
290,14:41:51,11.43,-0.01,92,105156,卖盘
291,14:41:48,11.44,0.01,81,92664,买盘
292,14:41:45,11.43,--,1,1143,卖盘
293,14:41:42,11.43,--,19,21717,卖盘
294,14:41:39,11.43,-0.01,104,118872,卖盘
295,14:41:36,11.44,0.01,333,381844,买盘
296,14:41:33,11.43,-0.01,102,116586,卖盘
297,14:41:30,11.44,--,46,52624,买盘
298,14:41:27,11.44,--,52,59488,买盘
299,14:41:24,11.44,--,331,378664,买盘
300,14:41:21,11.44,--,123,140712,买盘
301,14:41:18,11.44,--,71,81224,买盘
302,14:41:15,11.44,--,218,249392,买盘
303,14:41:12,11.44,0.01,36,41184,买盘
304,14:41:09,11.43,-0.01,39,44577,卖盘
305,14:41:06,11.44,--,28,32157,买盘
306,14:41:03,11.44,--,10,11440,买盘
307,14:41:00,11.44,0.01,21,24024,买盘
308,14:40:57,11.43,-0.01,2,2286,卖盘
309,14:40:54,11.44,0.01,4,4576,买盘
310,14:40:51,11.43,-0.01,75,85725,卖盘
311,14:40:48,11.44,0.01,37,42328,买盘
312,14:40:45,11.43,--,6,6858,卖盘
313,14:40:42,11.43,--,47,53721,卖盘
314,14:40:39,11.43,--,13,14859,卖盘
315,14:40:36,11.43,--,698,798705,卖盘
316,14:40:33,11.43,-0.01,72,82296,卖盘
317,14:40:30,11.44,0.01,42,48048,买盘
318,14:40:27,11.43,-0.01,5,5715,卖盘
319,14:40:24,11.44,0.01,990,1132560,买盘
320,14:40:21,11.43,-0.01,296,338328,卖盘
321,14:40:18,11.44,0.01,342,391248,买盘
322,14:40:15,11.43,--,10,11430,卖盘
323,14:40:12,11.43,--,81,92708,卖盘
324,14:40:09,11.43,--,72,82296,卖盘
325,14:40:06,11.43,-0.01,10,11430,卖盘
326,14:40:03,11.44,--,11,12584,买盘
327,14:40:00,11.44,--,39,44616,买盘
328,14:39:51,11.44,--,16,18304,买盘
329,14:39:48,11.44,0.01,36,41184,买盘
330,14:39:45,11.43,--,20,22860,卖盘
331,14:39:42,11.43,--,42,48006,卖盘
332,14:39:39,11.43,--,239,274057,卖盘
333,14:39:36,11.43,-0.01,5,5715,卖盘
334,14:39:33,11.44,--,43,49192,买盘
335,14:39:30,11.44,0.01,44,50336,买盘
336,14:39:24,11.43,-0.01,11,12573,卖盘
337,14:39:21,11.44,--,26,29744,买盘
338,14:39:18,11.44,0.01,517,591448,买盘
339,14:39:15,11.43,--,31,35433,卖盘
340,14:39:12,11.43,-0.01,47,53858,卖盘
341,14:39:09,11.44,0.01,6,6864,买盘
342,14:39:06,11.43,-0.01,27,30861,卖盘
343,14:39:00,11.44,--,91,104104,买盘
344,14:38:57,11.44,--,15,17160,买盘
345,14:38:51,11.44,--,36,41184,买盘
346,14:38:48,11.44,--,7,8008,买盘
347,14:38:45,11.44,-0.01,31,35464,中性盘
348,14:38:42,11.45,0.02,123,140835,买盘
349,14:38:39,11.43,--,231,264924,卖盘
350,14:38:36,11.43,-0.01,3,3429,卖盘
351,14:38:33,11.44,-0.01,132,151396,卖盘
352,14:38:30,11.45,0.01,62,70990,买盘
353,14:38:24,11.44,--,50,57200,卖盘
354,14:38:21,11.44,-0.01,172,196768,卖盘
355,14:38:18,11.45,0.01,19,21755,买盘
356,14:38:15,11.44,-0.01,81,92664,卖盘
357,14:38:12,11.45,0.01,57,65264,买盘
358,14:38:09,11.44,-0.01,83,94952,卖盘
359,14:38:06,11.45,0.01,105,120224,买盘
360,14:38:03,11.44,-0.01,173,198037,卖盘
361,14:38:00,11.45,--,43,49235,买盘
362,14:37:57,11.45,0.01,15,17175,买盘
363,14:37:51,11.44,-0.01,76,86944,卖盘
364,14:37:48,11.45,--,25,28625,买盘
365,14:37:45,11.45,0.01,534,611430,买盘
366,14:37:42,11.44,--,707,809700,买盘
367,14:37:39,11.44,0.01,188,215072,买盘
368,14:37:36,11.43,-0.01,7,8001,卖盘
369,14:37:33,11.44,--,12,13728,买盘
370,14:37:30,11.44,0.01,144,164736,买盘
371,14:37:27,11.43,--,10,11430,卖盘
372,14:37:24,11.43,-0.01,57,65151,卖盘
373,14:37:21,11.44,--,86,98384,买盘
374,14:37:18,11.44,0.01,94,107536,买盘
375,14:37:15,11.43,-0.01,23,26289,卖盘
376,14:37:12,11.44,0.01,42,48048,买盘
377,14:37:09,11.43,--,185,211455,卖盘
378,14:37:06,11.43,-0.01,28,32004,卖盘
379,14:37:03,11.44,--,139,159713,买盘
380,14:37:00,11.44,0.01,315,360360,买盘
381,14:36:57,11.43,-0.01,1375,1571625,卖盘
382,14:36:54,11.44,--,24,27456,买盘
383,14:36:51,11.44,0.01,54,61776,买盘
384,14:36:48,11.43,-0.01,81,92583,卖盘
385,14:36:45,11.44,0.01,237,272020,买盘
386,14:36:42,11.43,--,135,154305,卖盘
387,14:36:39,11.43,--,197,225171,卖盘
388,14:36:36,11.43,-0.01,98,112014,卖盘
389,14:36:33,11.44,--,53,60632,买盘
390,14:36:30,11.44,--,52,59488,买盘
391,14:36:24,11.44,--,264,302016,买盘
392,14:36:21,11.44,0.01,23,26312,买盘
393,14:36:18,11.43,-0.01,514,587993,卖盘
394,14:36:15,11.44,--,19,21736,买盘
395,14:36:12,11.44,0.01,1056,1208189,买盘
396,14:36:09,11.43,--,268,306324,卖盘
397,14:36:06,11.43,--,7,8001,卖盘
398,14:36:03,11.43,--,150,171450,卖盘
399,14:36:00,11.43,--,3,3966,买盘
400,14:35:57,11.43,0.01,2,2286,买盘
401,14:35:54,11.42,--,1077,1229934,卖盘
402,14:35:51,11.42,-0.01,51,58242,卖盘
403,14:35:48,11.43,0.01,80,91440,买盘
404,14:35:45,11.42,-0.01,237,271544,卖盘
405,14:35:42,11.43,--,21,24003,买盘
406,14:35:39,11.43,0.01,14,16002,买盘
407,14:35:36,11.42,--,3,3426,卖盘
408,14:35:33,11.42,-0.01,42,47964,卖盘
409,14:35:30,11.43,--,117,133731,买盘
410,14:35:27,11.43,--,17,19431,买盘
411,14:35:24,11.43,0.01,7,8001,买盘
412,14:35:21,11.42,-0.01,105,119910,卖盘
413,14:35:18,11.43,--,44,50292,买盘
414,14:35:15,11.43,0.01,28,32004,买盘
415,14:35:12,11.42,--,48,54816,卖盘
416,14:35:09,11.42,-0.01,9,10278,卖盘
417,14:35:06,11.43,--,109,124712,买盘
418,14:35:03,11.43,--,12,13716,买盘
419,14:35:00,11.43,--,14,16002,买盘
420,14:34:57,11.43,0.01,38,43434,买盘
421,14:34:54,11.42,-0.01,3,3426,卖盘
422,14:34:51,11.43,--,15,17145,买盘
423,14:34:48,11.43,0.01,249,285509,买盘
424,14:34:45,11.42,-0.01,6,6852,卖盘
425,14:34:42,11.43,0.01,16,18288,买盘
426,14:34:39,11.42,--,56,63952,卖盘
427,14:34:36,11.42,--,6,6852,卖盘
428,14:34:33,11.42,-0.01,10,11420,卖盘
429,14:34:30,11.43,--,18,20574,买盘
430,14:34:24,11.43,--,27,30861,买盘
431,14:34:21,11.43,--,42,48006,买盘
432,14:34:18,11.43,0.01,22,25146,买盘
433,14:34:15,11.42,-0.01,15,17130,卖盘
434,14:34:12,11.43,0.01,14,16002,买盘
435,14:34:09,11.42,--,6,6989,卖盘
436,14:34:06,11.42,--,69,78912,买盘
437,14:34:03,11.42,0.01,21,23982,买盘
438,14:34:00,11.41,-0.01,18,20538,卖盘
439,14:33:57,11.42,0.01,48,54816,买盘
440,14:33:54,11.41,-0.01,3,3423,卖盘
441,14:33:51,11.42,--,14,15988,买盘
442,14:33:48,11.42,--,374,427987,买盘
443,14:33:45,11.42,--,72,82224,买盘
444,14:33:42,11.42,--,14,15988,买盘
445,14:33:39,11.42,0.01,15,17130,买盘
446,14:33:36,11.41,--,88,100408,卖盘
447,14:33:33,11.41,-0.01,3,3423,卖盘
448,14:33:30,11.42,--,36,41112,买盘
449,14:33:27,11.42,0.01,2,2284,买盘
450,14:33:24,11.41,-0.01,13,14833,卖盘
451,14:33:21,11.42,--,34,38828,买盘
452,14:33:18,11.42,--,7,7994,买盘
453,14:33:15,11.42,--,87,99354,买盘
454,14:33:12,11.42,--,28,31976,买盘
455,14:33:09,11.42,--,19,21698,买盘
456,14:33:06,11.42,--,1,1142,买盘
457,14:33:03,11.42,0.01,92,105189,买盘
458,14:33:00,11.41,--,40,45640,卖盘
459,14:32:57,11.41,-0.01,3,3423,卖盘
460,14:32:54,11.42,0.01,37,42950,买盘
461,14:32:51,11.41,-0.01,257,294126,卖盘
462,14:32:48,11.42,0.01,43,49106,买盘
463,14:32:45,11.41,--,5,5705,卖盘
464,14:32:42,11.41,--,30,34230,卖盘
465,14:32:33,11.41,-0.01,21,23961,卖盘
466,14:32:30,11.42,0.01,16,18272,买盘
467,14:32:27,11.41,--,9,10269,卖盘
468,14:32:24,11.41,-0.01,30,34230,卖盘
469,14:32:21,11.42,--,15,17130,买盘
470,14:32:18,11.42,0.01,7,7994,买盘
471,14:32:15,11.41,-0.01,153,174573,卖盘
472,14:32:12,11.42,--,14,15988,买盘
473,14:32:09,11.42,0.01,22,25124,买盘
474,14:32:03,11.41,-0.01,2,2282,卖盘
475,14:32:00,11.42,--,15,17130,买盘
476,14:31:57,11.42,0.01,15,17130,买盘
477,14:31:54,11.41,-0.01,88,101309,卖盘
478,14:31:51,11.42,--,29,33118,卖盘
479,14:31:45,11.42,--,82,94009,买盘
480,14:31:42,11.42,--,14,15988,买盘
481,14:31:39,11.42,-0.01,619,707354,卖盘
482,14:31:36,11.43,--,54,61722,买盘
483,14:31:33,11.43,--,102,116586,买盘
484,14:31:30,11.43,0.01,905,1034415,买盘
485,14:31:27,11.42,-0.01,10,11420,卖盘
486,14:31:24,11.43,--,25,28575,买盘
487,14:31:21,11.43,--,16,18288,买盘
488,14:31:18,11.43,0.01,97,110871,买盘
489,14:31:15,11.42,-0.01,13,14846,卖盘
490,14:31:12,11.43,--,14,16002,买盘
491,14:31:09,11.43,--,28,32004,买盘
492,14:31:06,11.43,--,26,29718,买盘
493,14:31:00,11.43,0.01,30,34290,买盘
494,14:30:57,11.42,-0.01,64,73213,卖盘
495,14:30:54,11.43,--,20,22860,买盘
496,14:30:51,11.43,--,135,154305,买盘
497,14:30:48,11.43,0.01,135,154305,买盘
498,14:30:45,11.42,-0.02,625,714069,卖盘
499,14:30:42,11.44,0.01,1023,1170312,买盘
500,14:30:39,11.43,-0.01,233,266319,卖盘
501,14:30:36,11.44,0.01,160,183040,买盘
502,14:30:33,11.43,-0.01,308,352044,卖盘
503,14:30:30,11.44,0.01,15,17160,买盘
504,14:30:27,11.43,--,46,52578,卖盘
505,14:30:21,11.43,-0.01,134,153162,卖盘
506,14:30:18,11.44,--,24,27456,买盘
507,14:30:12,11.44,--,14,16016,买盘
508,14:30:09,11.44,--,17,19448,买盘
509,14:30:06,11.44,0.01,61,69784,买盘
510,14:30:03,11.43,-0.01,12,13716,卖盘
511,14:30:00,11.44,--,27,30888,买盘
512,14:29:57,11.44,--,30,34320,买盘
513,14:29:54,11.44,0.01,25,28600,买盘
514,14:29:51,11.43,-0.01,31,35570,卖盘
515,14:29:48,11.44,0.01,38,43472,买盘
516,14:29:45,11.43,--,33,37719,卖盘
517,14:29:42,11.43,--,2,2971,买盘
518,14:29:39,11.43,--,145,165735,买盘
519,14:29:36,11.43,--,173,197739,买盘
520,14:29:33,11.43,--,71,81153,买盘
521,14:29:30,11.43,--,14,16002,买盘
522,14:29:21,11.43,--,21,24003,买盘
523,14:29:18,11.43,--,164,187577,买盘
524,14:29:15,11.43,--,151,172593,买盘
525,14:29:12,11.43,--,316,361188,买盘
526,14:29:09,11.43,--,148,169164,买盘
527,14:29:06,11.43,--,106,121158,买盘
528,14:29:00,11.43,--,24,27557,买盘
529,14:28:57,11.43,--,31,35433,买盘
530,14:28:54,11.43,--,12,13716,买盘
531,14:28:51,11.43,--,41,46863,买盘
532,14:28:48,11.43,0.01,119,136017,买盘
533,14:28:45,11.42,--,65,74230,卖盘
534,14:28:42,11.42,-0.01,16,18272,卖盘
535,14:28:39,11.43,--,531,606933,买盘
536,14:28:36,11.43,--,602,688086,买盘
537,14:28:30,11.43,--,18,20574,买盘
538,14:28:24,11.43,0.01,1,1143,买盘
539,14:28:21,11.42,--,34,39364,卖盘
540,14:28:18,11.42,-0.01,333,380286,卖盘
541,14:28:12,11.43,--,14,16002,买盘
542,14:28:09,11.43,--,3,3429,买盘
543,14:28:06,11.43,--,5,5715,买盘
544,14:28:03,11.43,--,23,26289,买盘
545,14:28:00,11.43,0.01,520,594360,买盘
546,14:27:57,11.42,-0.01,166,189572,卖盘
547,14:27:54,11.43,--,10,11430,买盘
548,14:27:51,11.43,0.01,35,40005,买盘
549,14:27:48,11.42,-0.01,72,82224,卖盘
550,14:27:45,11.43,--,15,17145,买盘
551,14:27:42,11.43,--,123,140589,买盘
552,14:27:39,11.43,--,161,184023,买盘
553,14:27:36,11.43,--,18,20574,买盘
554,14:27:33,11.43,--,1,1143,买盘
555,14:27:30,11.43,--,26,29718,买盘
556,14:27:27,11.43,--,25,28575,买盘
557,14:27:24,11.43,0.01,19,21717,买盘
558,14:27:21,11.42,--,35,39970,卖盘
559,14:27:18,11.42,--,143,163306,卖盘
560,14:27:15,11.42,-0.01,47,53674,卖盘
561,14:27:12,11.43,--,16,18288,买盘
562,14:27:09,11.43,--,16,18288,买盘
563,14:27:06,11.43,0.01,7,8001,买盘
564,14:27:03,11.42,-0.01,6,6852,卖盘
565,14:27:00,11.43,0.01,68,77724,买盘
566,14:26:57,11.42,-0.01,78,89076,卖盘
567,14:26:54,11.43,0.01,48,54864,买盘
568,14:26:51,11.42,-0.01,66,75372,卖盘
569,14:26:48,11.43,--,47,53721,买盘
570,14:26:45,11.43,--,34,38862,买盘
571,14:26:42,11.43,0.01,56,64008,买盘
572,14:26:39,11.42,-0.01,161,183862,卖盘
573,14:26:36,11.43,--,15,17145,买盘
574,14:26:30,11.43,0.01,155,177165,买盘
575,14:26:27,11.42,--,50,57100,卖盘
576,14:26:24,11.42,-0.01,10,11420,卖盘
577,14:26:21,11.43,0.01,40,45720,买盘
578,14:26:18,11.42,-0.01,246,280932,卖盘
579,14:26:15,11.43,0.01,111,126873,买盘
580,14:26:12,11.42,--,260,296920,卖盘
581,14:26:09,11.42,-0.01,291,332322,卖盘
582,14:26:06,11.43,--,110,125730,买盘
583,14:26:00,11.43,0.01,35,40005,买盘
584,14:25:57,11.42,0.01,180,206473,买盘
585,14:25:54,11.41,-0.01,11,12551,卖盘
586,14:25:51,11.42,--,75,85650,买盘
587,14:25:48,11.42,--,81,92502,买盘
588,14:25:45,11.42,--,276,315192,买盘
589,14:25:42,11.42,--,154,175868,买盘
590,14:25:39,11.42,--,161,183862,买盘
591,14:25:36,11.42,--,20,22840,买盘
592,14:25:33,11.42,--,30,34260,买盘
593,14:25:30,11.42,--,43,49106,买盘
594,14:25:27,11.42,0.01,150,171300,买盘
595,14:25:24,11.41,-0.01,1,1141,卖盘
596,14:25:21,11.42,--,24,27408,买盘
597,14:25:18,11.42,--,84,95928,买盘
598,14:25:15,11.42,--,11,12562,买盘
599,14:25:12,11.42,--,249,284358,买盘
600,14:25:09,11.42,--,144,164448,买盘
601,14:25:06,11.42,--,138,157596,买盘
602,14:25:03,11.42,--,13,14846,买盘
603,14:25:00,11.42,0.01,256,292352,买盘
604,14:24:57,11.41,-0.01,10,11410,卖盘
605,14:24:54,11.42,--,91,103922,买盘
606,14:24:51,11.42,--,118,134756,买盘
607,14:24:48,11.42,--,127,145034,买盘
608,14:24:45,11.42,--,26,29692,买盘
609,14:24:42,11.42,--,16,18272,买盘
610,14:24:39,11.42,--,158,180436,买盘
611,14:24:36,11.42,--,68,77656,买盘
612,14:24:33,11.42,--,86,98212,买盘
613,14:24:30,11.42,--,73,83366,买盘
614,14:24:27,11.42,--,67,76514,买盘
615,14:24:24,11.42,--,159,181578,买盘
616,14:24:21,11.42,--,40,45680,买盘
617,14:24:18,11.42,--,76,86792,买盘
618,14:24:15,11.42,--,60,68520,买盘
619,14:24:12,11.42,--,24,27408,买盘
620,14:24:09,11.42,--,178,203276,买盘
621,14:24:06,11.42,--,173,197566,买盘
622,14:24:03,11.42,--,47,53674,买盘
623,14:24:00,11.42,--,14,15988,买盘
624,14:23:57,11.42,--,5,5710,买盘
625,14:23:54,11.42,--,59,67378,买盘
626,14:23:51,11.42,--,54,61668,买盘
627,14:23:48,11.42,--,76,86792,买盘
628,14:23:45,11.42,--,5,5710,买盘
629,14:23:42,11.42,--,28,31976,买盘
630,14:23:39,11.42,--,155,177010,买盘
631,14:23:36,11.42,0.01,305,348310,买盘
632,14:23:33,11.41,-0.01,1,1141,卖盘
633,14:23:30,11.42,--,14,15988,买盘
634,14:23:27,11.42,0.01,5,5710,买盘
635,14:23:24,11.41,-0.01,13,14833,卖盘
636,14:23:21,11.42,0.01,56,63952,买盘
637,14:23:18,11.41,-0.01,69,78729,卖盘
638,14:23:15,11.42,--,6,6852,买盘
639,14:23:12,11.42,--,17,19414,买盘
640,14:23:09,11.42,--,5,5710,买盘
641,14:23:06,11.42,--,10,11420,买盘
642,14:23:03,11.42,-0.01,207,236394,卖盘
643,14:23:00,11.43,0.01,50,57150,买盘
644,14:22:57,11.42,-0.01,14,15988,卖盘
645,14:22:54,11.43,0.01,36,41148,买盘
646,14:22:51,11.42,-0.01,35,39970,卖盘
647,14:22:48,11.43,0.01,59,67437,买盘
648,14:22:45,11.42,--,23,26266,卖盘
649,14:22:42,11.42,--,20,22840,卖盘
650,14:22:39,11.42,--,164,187288,买盘
651,14:22:36,11.42,--,800,913600,买盘
652,14:22:30,11.42,--,44,50248,买盘
653,14:22:24,11.42,--,2,2284,买盘
654,14:22:21,11.42,0.01,33,37686,买盘
655,14:22:18,11.41,-0.01,149,170009,卖盘
656,14:22:15,11.42,--,19,21698,买盘
657,14:22:12,11.42,--,18,20556,买盘
658,14:22:09,11.42,--,582,664644,买盘
659,14:22:06,11.42,--,5,5710,买盘
660,14:22:00,11.42,--,15,17130,买盘
661,14:21:57,11.42,--,20,22840,买盘
662,14:21:54,11.42,--,3,3426,买盘
663,14:21:51,11.42,--,47,53674,买盘
664,14:21:48,11.42,--,27,30834,买盘
665,14:21:45,11.42,--,22,25124,买盘
666,14:21:42,11.42,0.01,24,27408,买盘
667,14:21:39,11.41,-0.02,397,452977,卖盘
668,14:21:36,11.43,0.01,33,37719,买盘
669,14:21:33,11.42,--,778,889012,买盘
670,14:21:30,11.42,-0.01,247,282679,卖盘
671,14:21:24,11.43,0.01,309,353187,买盘
672,14:21:21,11.42,-0.01,35,39970,卖盘
673,14:21:18,11.43,0.01,63,72009,买盘
674,14:21:12,11.42,--,35,39970,卖盘
675,14:21:09,11.42,-0.01,121,138182,卖盘
676,14:21:06,11.43,--,118,134874,买盘
677,14:21:03,11.43,--,37,42291,买盘
678,14:21:00,11.43,0.01,19,21717,买盘
679,14:20:57,11.42,-0.01,58,66236,卖盘
680,14:20:54,11.43,--,6,6858,买盘
681,14:20:51,11.43,--,46,52578,买盘
682,14:20:48,11.43,--,31,35433,买盘
683,14:20:45,11.43,0.01,13,14859,买盘
684,14:20:42,11.42,--,55,62810,卖盘
685,14:20:39,11.42,--,71,81082,卖盘
686,14:20:36,11.42,-0.01,17,19414,卖盘
687,14:20:33,11.43,--,87,99441,买盘
688,14:20:30,11.43,--,85,97155,买盘
689,14:20:27,11.43,--,515,588645,买盘
690,14:20:24,11.43,--,1,1143,买盘
691,14:20:21,11.43,0.01,17,19431,买盘
692,14:20:18,11.42,-0.01,13,14846,卖盘
693,14:20:15,11.43,0.01,18,20574,买盘
694,14:20:12,11.42,-0.01,27,30834,卖盘
695,14:20:09,11.43,0.01,105,120015,买盘
696,14:20:06,11.42,-0.01,280,319760,卖盘
697,14:20:03,11.43,--,10,11430,买盘
698,14:20:00,11.43,--,15,17145,买盘
699,14:19:57,11.43,0.01,101,115443,买盘
700,14:19:54,11.42,-0.01,164,187288,卖盘
701,14:19:51,11.43,--,64,73152,买盘
702,14:19:48,11.43,0.01,131,149733,买盘
703,14:19:45,11.42,--,45,51390,卖盘
704,14:19:42,11.42,--,81,92502,卖盘
705,14:19:36,11.42,--,60,68520,卖盘
706,14:19:33,11.42,-0.01,13,14846,卖盘
707,14:19:30,11.43,0.01,40,45720,买盘
708,14:19:27,11.42,--,2,2284,卖盘
709,14:19:24,11.42,-0.01,152,173584,卖盘
710,14:19:21,11.43,--,52,59436,买盘
711,14:19:18,11.43,0.01,22,25146,买盘
712,14:19:15,11.42,-0.01,15,17130,卖盘
713,14:19:12,11.43,--,31,35433,买盘
714,14:19:09,11.43,0.01,5,5715,买盘
715,14:19:06,11.42,-0.01,39,44538,卖盘
716,14:19:03,11.43,--,52,59436,买盘
717,14:19:00,11.43,0.01,15,17145,买盘
718,14:18:57,11.42,--,32,36544,卖盘
719,14:18:54,11.42,-0.01,35,39970,卖盘
720,14:18:51,11.43,--,114,130302,买盘
721,14:18:48,11.43,--,43,49149,买盘
722,14:18:45,11.43,--,151,172593,买盘
723,14:18:42,11.43,0.01,24,27432,买盘
724,14:18:39,11.42,--,30,34260,卖盘
725,14:18:36,11.42,-0.01,4,4568,卖盘
726,14:18:33,11.43,--,1,1143,买盘
727,14:18:30,11.43,0.01,30,34290,买盘
728,14:18:24,11.42,--,321,366582,卖盘
729,14:18:21,11.42,--,131,149602,卖盘
730,14:18:18,11.42,--,104,118768,卖盘
731,14:18:15,11.42,--,9,10278,卖盘
732,14:18:12,11.42,-0.01,20,22840,卖盘
733,14:18:09,11.43,--,3,3429,买盘
734,14:18:06,11.43,0.01,14,16002,买盘
735,14:18:03,11.42,-0.01,38,43396,卖盘
736,14:18:00,11.43,0.01,26,29718,买盘
737,14:17:57,11.42,--,55,62810,卖盘
738,14:17:54,11.42,-0.01,11,12562,卖盘
739,14:17:51,11.43,--,24,27432,买盘
740,14:17:48,11.43,0.01,514,587502,买盘
741,14:17:45,11.42,--,50,57100,卖盘
742,14:17:42,11.42,--,144,164448,卖盘
743,14:17:39,11.42,--,32,36544,卖盘
744,14:17:36,11.42,-0.01,25,28550,卖盘
745,14:17:33,11.43,--,49,56007,买盘
746,14:17:30,11.43,0.01,27,31398,买盘
747,14:17:27,11.42,-0.01,246,280932,卖盘
748,14:17:24,11.43,--,17,19431,买盘
749,14:17:21,11.43,--,107,122301,买盘
750,14:17:18,11.43,--,12,13716,买盘
751,14:17:15,11.43,0.01,82,93726,买盘
752,14:17:12,11.42,-0.01,127,145034,卖盘
753,14:17:09,11.43,--,2,2286,买盘
754,14:17:06,11.43,--,65,74295,买盘
755,14:17:03,11.43,--,405,462915,买盘
756,14:17:00,11.43,--,24,27432,中性盘
757,14:16:57,11.43,--,16,18288,买盘
758,14:16:54,11.43,--,110,125730,中性盘
759,14:16:51,11.43,-0.01,114,130302,卖盘
760,14:16:48,11.44,0.01,29,33176,买盘
761,14:16:45,11.43,-0.01,21,24003,中性盘
762,14:16:42,11.44,0.01,65,74360,买盘
763,14:16:39,11.43,0.01,8,9144,买盘
764,14:16:36,11.42,-0.01,80,91360,卖盘
765,14:16:33,11.43,--,159,182285,买盘
766,14:16:30,11.43,--,1049,1199007,买盘
767,14:16:27,11.43,--,122,139446,买盘
768,14:16:24,11.43,--,143,163449,买盘
769,14:16:21,11.43,--,257,293751,买盘
770,14:16:18,11.43,0.01,57,65151,买盘
771,14:16:15,11.42,-0.01,128,146176,卖盘
772,14:16:12,11.43,--,38,43434,买盘
773,14:16:09,11.43,0.01,325,371475,买盘
774,14:16:06,11.42,-0.01,203,231826,卖盘
775,14:16:03,11.43,-0.01,13,14859,卖盘
776,14:16:00,11.44,0.01,14,16016,买盘
777,14:15:57,11.43,0.01,272,310896,买盘
778,14:15:54,11.42,-0.01,21,23982,卖盘
779,14:15:51,11.43,--,20,22860,买盘
780,14:15:48,11.43,--,194,221742,卖盘
781,14:15:45,11.43,--,22,25146,卖盘
782,14:15:42,11.43,--,174,198882,卖盘
783,14:15:39,11.43,--,5,5715,卖盘
784,14:15:36,11.43,0.01,24,27432,中性盘
785,14:15:33,11.42,-0.01,700,799400,卖盘
786,14:15:30,11.43,--,72,82296,买盘
787,14:15:24,11.43,0.01,2,2286,买盘
788,14:15:21,11.42,-0.01,83,94786,卖盘
789,14:15:18,11.43,--,101,115443,买盘
790,14:15:15,11.43,--,42,48006,买盘
791,14:15:12,11.43,--,15,17145,买盘
792,14:15:09,11.43,--,67,76581,买盘
793,14:15:06,11.43,--,208,237744,买盘
794,14:15:03,11.43,--,28,32004,买盘
795,14:15:00,11.43,--,29,33147,买盘
796,14:14:57,11.43,0.01,56,64008,买盘
797,14:14:54,11.42,-0.01,352,401984,卖盘
798,14:14:51,11.43,--,27,30861,买盘
799,14:14:48,11.43,--,115,131445,买盘
800,14:14:45,11.43,0.01,50,57150,买盘
801,14:14:42,11.42,--,153,174726,买盘
802,14:14:39,11.42,--,279,318618,买盘
803,14:14:36,11.42,--,475,542450,买盘
804,14:14:33,11.42,--,72,82224,买盘
805,14:14:30,11.42,0.01,14,15988,买盘
806,14:14:27,11.41,-0.01,5,5705,卖盘
807,14:14:24,11.42,--,13,14846,买盘
808,14:14:21,11.42,--,24,27408,买盘
809,14:14:18,11.42,--,164,187288,买盘
810,14:14:15,11.42,--,62,70804,买盘
811,14:14:12,11.42,--,16,18272,买盘
812,14:14:09,11.42,--,174,198708,买盘
813,14:14:06,11.42,--,3,3426,买盘
814,14:14:03,11.42,--,28,31976,买盘
815,14:14:00,11.42,--,34,38828,买盘
816,14:13:57,11.42,--,17,19414,买盘
817,14:13:54,11.42,--,102,116484,买盘
818,14:13:51,11.42,--,39,44538,买盘
819,14:13:48,11.42,--,28,31976,买盘
820,14:13:42,11.42,0.01,36,41112,买盘
821,14:13:39,11.41,-0.01,492,561372,卖盘
822,14:13:36,11.42,--,3,3426,买盘
823,14:13:33,11.42,--,8,9136,买盘
824,14:13:30,11.42,--,19,21698,买盘
825,14:13:27,11.42,--,258,294636,买盘
826,14:13:24,11.42,0.01,23,26266,买盘
827,14:13:21,11.41,-0.01,24,27384,卖盘
828,14:13:18,11.42,0.01,350,399700,买盘
829,14:13:12,11.41,-0.01,439,500899,卖盘
830,14:13:09,11.42,--,28,31976,买盘
831,14:13:06,11.42,0.01,170,194140,买盘
832,14:13:03,11.41,--,6,6846,卖盘
833,14:13:00,11.41,-0.01,29,33089,卖盘
834,14:12:57,11.42,0.01,66,75372,买盘
835,14:12:54,11.41,--,481,548821,买盘
836,14:12:51,11.41,--,26,29666,买盘
837,14:12:48,11.41,--,347,395927,买盘
838,14:12:45,11.41,--,1,1141,买盘
839,14:12:42,11.41,0.01,16,18256,买盘
840,14:12:39,11.4,-0.01,6,6840,中性盘
841,14:12:36,11.41,0.01,658,750778,买盘
842,14:12:33,11.4,--,273,311220,买盘
843,14:12:30,11.4,--,251,286140,买盘
844,14:12:27,11.4,--,7,7980,买盘
845,14:12:24,11.4,--,967,1102380,买盘
846,14:12:21,11.4,--,16,18240,买盘
847,14:12:18,11.4,0.01,1922,2191080,买盘
848,14:12:15,11.39,--,82,93398,卖盘
849,14:12:12,11.39,-0.01,277,315503,卖盘
850,14:12:09,11.4,--,18,20520,买盘
851,14:12:06,11.4,0.01,108,123120,买盘
852,14:12:03,11.39,-0.01,22,25058,卖盘
853,14:12:00,11.4,--,20,22800,买盘
854,14:11:57,11.4,0.01,13,14820,买盘
855,14:11:54,11.39,--,2703,3079799,买盘
856,14:11:51,11.39,--,34,38726,买盘
857,14:11:48,11.39,--,20,22780,买盘
858,14:11:45,11.39,--,33,37587,买盘
859,14:11:42,11.39,0.01,50,56950,买盘
860,14:11:39,11.38,--,150,170700,买盘
861,14:11:36,11.38,--,119,135422,买盘
862,14:11:33,11.38,--,21,23898,买盘
863,14:11:30,11.38,--,240,273120,买盘
864,14:11:27,11.38,--,64,72832,买盘
865,14:11:24,11.38,--,380,432440,买盘
866,14:11:21,11.38,--,82,93316,买盘
867,14:11:18,11.38,0.01,494,562172,买盘
868,14:11:15,11.37,-0.01,401,455936,卖盘
869,14:11:12,11.38,--,124,141112,买盘
870,14:11:09,11.38,--,1265,1439570,买盘
871,14:11:06,11.38,--,203,231014,买盘
872,14:11:03,11.38,--,93,105834,买盘
873,14:11:00,11.38,--,377,429026,买盘
874,14:10:57,11.38,--,689,784082,买盘
875,14:10:54,11.38,--,219,249222,买盘
876,14:10:51,11.38,--,228,259464,买盘
877,14:10:48,11.38,--,122,138836,买盘
878,14:10:45,11.38,--,16,18208,买盘
879,14:10:42,11.38,--,37,42106,买盘
880,14:10:39,11.38,--,199,226462,买盘
881,14:10:36,11.38,--,43,48934,买盘
882,14:10:33,11.38,--,33,37554,买盘
883,14:10:30,11.38,--,129,146802,买盘
884,14:10:27,11.38,--,50,56900,买盘
885,14:10:24,11.38,--,43,48934,买盘
886,14:10:21,11.38,--,60,68280,买盘
887,14:10:18,11.38,--,89,101282,买盘
888,14:10:15,11.38,--,129,146802,买盘
889,14:10:12,11.38,--,16,18208,买盘
890,14:10:09,11.38,--,312,355056,买盘
891,14:10:06,11.38,--,238,270844,买盘
892,14:10:03,11.38,--,6,6828,买盘
893,14:10:00,11.38,--,62,70556,买盘
894,14:09:57,11.38,--,5,5690,买盘
895,14:09:54,11.38,--,11,12518,买盘
896,14:09:51,11.38,--,37,42106,买盘
897,14:09:48,11.38,--,45,51210,买盘
898,14:09:42,11.38,0.01,28,31864,买盘
899,14:09:39,11.37,--,19,21603,卖盘
900,14:09:36,11.37,-0.01,4,4548,卖盘
901,14:09:33,11.38,--,27,30726,买盘
902,14:09:30,11.38,--,48,54624,买盘
903,14:09:24,11.38,--,32,36416,买盘
904,14:09:21,11.38,--,68,77384,买盘
905,14:09:18,11.38,0.01,49,55762,买盘
906,14:09:15,11.37,--,19,21603,卖盘
907,14:09:12,11.37,--,111,126206,卖盘
908,14:09:09,11.37,-0.01,2,2274,卖盘
909,14:09:06,11.38,0.01,98,111524,买盘
910,14:09:00,11.37,-0.01,41,46617,卖盘
911,14:08:54,11.38,0.01,1,1138,买盘
912,14:08:51,11.37,-0.01,37,42069,卖盘
913,14:08:48,11.38,0.01,107,121766,买盘
914,14:08:45,11.37,--,16,18192,卖盘
915,14:08:42,11.37,-0.01,81,92097,卖盘
916,14:08:39,11.38,0.01,61,69418,买盘
917,14:08:36,11.37,-0.01,51,57986,卖盘
918,14:08:30,11.38,0.01,14,15932,买盘
919,14:08:24,11.37,-0.01,5,5685,卖盘
920,14:08:21,11.38,--,22,25036,买盘
921,14:08:18,11.38,--,13,14794,买盘
922,14:08:15,11.38,0.01,22,25036,买盘
923,14:08:12,11.37,--,23,26151,卖盘
924,14:08:09,11.37,-0.01,10,11370,卖盘
925,14:08:06,11.38,--,105,119490,买盘
926,14:08:03,11.38,--,2,2276,买盘
927,14:08:00,11.38,--,14,15932,买盘
928,14:07:57,11.38,0.01,8,9104,买盘
929,14:07:54,11.37,-0.01,20,22740,卖盘
930,14:07:51,11.38,--,16,18208,买盘
931,14:07:48,11.38,--,13,14794,买盘
932,14:07:45,11.38,--,14,15932,买盘
933,14:07:42,11.38,0.01,42,47796,买盘
934,14:07:39,11.37,--,86,97782,卖盘
935,14:07:36,11.37,--,15,17055,卖盘
936,14:07:33,11.37,-0.01,8,9096,卖盘
937,14:07:30,11.38,--,37,42106,买盘
938,14:07:27,11.38,--,14,15932,买盘
939,14:07:24,11.38,--,1,1138,买盘
940,14:07:21,11.38,--,19,21622,买盘
941,14:07:18,11.38,--,13,14794,买盘
942,14:07:15,11.38,--,1,1138,买盘
943,14:07:12,11.38,--,15,17070,买盘
944,14:07:09,11.38,--,4,4552,买盘
945,14:07:06,11.38,0.01,70,79660,买盘
946,14:07:03,11.37,-0.01,5,5685,卖盘
947,14:07:00,11.38,--,14,15932,买盘
948,14:06:57,11.38,--,113,128594,买盘
949,14:06:54,11.38,--,10,11380,买盘
950,14:06:51,11.38,0.01,167,190046,买盘
951,14:06:48,11.37,-0.01,16,18192,卖盘
952,14:06:45,11.38,--,62,70556,买盘
953,14:06:42,11.38,0.01,15,17070,买盘
954,14:06:39,11.37,-0.01,5,5685,卖盘
955,14:06:36,11.38,0.01,10,11380,买盘
956,14:06:33,11.37,-0.01,11,12507,卖盘
957,14:06:30,11.38,0.01,71,80798,买盘
958,14:06:27,11.37,--,99,112562,卖盘
959,14:06:24,11.37,-0.01,21,23877,卖盘
960,14:06:21,11.38,--,74,84212,买盘
961,14:06:18,11.38,0.01,12,13656,买盘
962,14:06:12,11.37,-0.01,53,60260,卖盘
963,14:06:06,11.38,0.01,33,37554,买盘
964,14:06:03,11.37,--,16,18192,卖盘
965,14:06:00,11.37,--,47,53438,卖盘
966,14:05:54,11.37,--,10,11370,卖盘
967,14:05:51,11.37,--,70,79590,卖盘
968,14:05:48,11.37,--,181,206365,买盘
969,14:05:45,11.37,--,15,17055,买盘
970,14:05:42,11.37,0.01,14,15917,买盘
971,14:05:39,11.36,-0.01,9,10224,卖盘
972,14:05:36,11.37,--,1,1137,买盘
973,14:05:33,11.37,--,11,12507,买盘
974,14:05:30,11.37,0.01,15,17055,买盘
975,14:05:24,11.36,-0.01,82,93152,卖盘
976,14:05:21,11.37,--,19,21603,买盘
977,14:05:18,11.37,--,75,85275,买盘
978,14:05:15,11.37,0.01,1,1137,买盘
979,14:05:12,11.36,-0.01,181,205616,卖盘
980,14:05:09,11.37,--,2,2274,买盘
981,14:05:06,11.37,0.01,4,4548,买盘
982,14:05:03,11.36,-0.01,10,11360,卖盘
983,14:05:00,11.37,--,14,15917,买盘
984,14:04:54,11.37,-0.01,362,412162,卖盘
985,14:04:51,11.38,--,15,17070,买盘
986,14:04:48,11.38,0.01,14,15932,买盘
987,14:04:45,11.37,--,16,18192,卖盘
988,14:04:42,11.37,--,124,140988,卖盘
989,14:04:33,11.37,--,5,5685,卖盘
990,14:04:30,11.37,--,95,108583,买盘
991,14:04:27,11.37,--,69,78453,买盘
992,14:04:24,11.37,--,17,19329,买盘
993,14:04:21,11.37,--,39,44343,买盘
994,14:04:18,11.37,--,84,95508,买盘
995,14:04:15,11.37,0.01,51,57986,买盘
996,14:04:12,11.36,-0.01,67,76112,卖盘
997,14:04:09,11.37,0.01,2,2274,买盘
998,14:04:06,11.36,-0.01,51,57936,卖盘
999,14:04:00,11.37,--,24,27287,买盘
1000,14:03:51,11.37,--,36,40932,买盘
1001,14:03:48,11.37,0.01,117,133029,买盘
1002,14:03:45,11.36,--,1,1136,卖盘
1003,14:03:42,11.36,--,275,312400,卖盘
1004,14:03:39,11.36,-0.01,3,3408,卖盘
1005,14:03:36,11.37,--,1,1137,买盘
1006,14:03:33,11.37,--,1,1137,买盘
1007,14:03:30,11.37,--,15,17055,买盘
1008,14:03:27,11.37,0.01,510,579870,买盘
1009,14:03:24,11.36,-0.01,11,12496,卖盘
1010,14:03:21,11.37,--,21,23877,买盘
1011,14:03:18,11.37,--,81,92097,买盘
1012,14:03:15,11.37,--,20,22740,买盘
1013,14:03:12,11.37,--,18,20466,买盘
1014,14:03:09,11.37,--,190,216029,买盘
1015,14:03:06,11.37,--,9,10233,买盘
1016,14:03:03,11.37,--,10,11370,买盘
1017,14:03:00,11.37,--,27,30698,买盘
1018,14:02:57,11.37,0.01,10,11370,买盘
1019,14:02:54,11.36,-0.01,100,113600,卖盘
1020,14:02:51,11.37,--,32,36384,买盘
1021,14:02:48,11.37,0.01,21,23877,买盘
1022,14:02:45,11.36,--,25,28400,卖盘
1023,14:02:42,11.36,-0.01,39,44304,卖盘
1024,14:02:39,11.37,--,16,18192,买盘
1025,14:02:36,11.37,--,56,63671,买盘
1026,14:02:30,11.37,--,55,62534,买盘
1027,14:02:27,11.37,--,50,56849,买盘
1028,14:02:21,11.37,0.01,173,196701,买盘
1029,14:02:18,11.36,-0.01,5,5680,卖盘
1030,14:02:12,11.37,--,132,150084,买盘
1031,14:02:09,11.37,--,3,3410,买盘
1032,14:02:06,11.37,--,6,6821,买盘
1033,14:02:03,11.37,--,33,37521,买盘
1034,14:02:00,11.37,0.01,14,15917,买盘
1035,14:01:57,11.36,-0.01,15,17040,卖盘
1036,14:01:54,11.37,--,95,108014,买盘
1037,14:01:51,11.37,--,54,61397,买盘
1038,14:01:48,11.37,0.01,31,35247,买盘
1039,14:01:45,11.36,-0.01,63,71568,卖盘
1040,14:01:42,11.37,0.01,31,35247,买盘
1041,14:01:39,11.36,-0.01,1,1136,卖盘
1042,14:01:36,11.37,0.01,13,14780,买盘
1043,14:01:33,11.36,-0.01,20,22720,卖盘
1044,14:01:30,11.37,--,15,17055,买盘
1045,14:01:27,11.37,0.01,66,75042,买盘
1046,14:01:24,11.36,-0.01,61,69296,卖盘
1047,14:01:21,11.37,0.01,22,25014,买盘
1048,14:01:18,11.36,--,20,22720,卖盘
1049,14:01:15,11.36,-0.01,2,2272,卖盘
1050,14:01:12,11.37,--,18,20466,买盘
1051,14:01:09,11.37,0.01,20,22740,买盘
1052,14:01:06,11.36,-0.01,167,189712,卖盘
1053,14:01:03,11.37,--,13,14780,买盘
1054,14:01:00,11.37,--,17,19329,买盘
1055,14:00:57,11.37,--,2,2274,买盘
1056,14:00:51,11.37,--,67,76179,买盘
1057,14:00:48,11.37,0.01,13,14780,买盘
1058,14:00:42,11.36,-0.01,53,60208,卖盘
1059,14:00:33,11.37,--,17,19329,买盘
1060,14:00:30,11.37,--,14,15917,买盘
1061,14:00:24,11.37,--,36,40932,买盘
1062,14:00:21,11.37,--,16,18192,买盘
1063,14:00:18,11.37,0.01,7,7958,买盘
1064,14:00:15,11.36,-0.01,3,3408,卖盘
1065,14:00:12,11.37,--,14,15917,买盘
1066,14:00:09,11.37,0.01,137,155769,买盘
1067,14:00:06,11.36,--,31,35216,卖盘
1068,14:00:03,11.36,--,15,17040,卖盘
1069,14:00:00,11.36,-0.01,25,28400,卖盘
1070,13:59:57,11.37,0.01,1,1137,买盘
1071,13:59:54,11.36,--,5,5680,卖盘
1072,13:59:51,11.36,-0.01,28,31808,卖盘
1073,13:59:48,11.37,0.01,16,18192,买盘
1074,13:59:45,11.36,-0.01,9,10224,卖盘
1075,13:59:42,11.37,--,14,15917,买盘
1076,13:59:39,11.37,0.01,57,64808,买盘
1077,13:59:36,11.36,-0.01,1,1136,卖盘
1078,13:59:33,11.37,--,2,2274,买盘
1079,13:59:30,11.37,--,25,28959,买盘
1080,13:59:24,11.37,--,4,4548,买盘
1081,13:59:21,11.37,--,15,17055,买盘
1082,13:59:18,11.37,--,27,30698,买盘
1083,13:59:15,11.37,--,4,4548,买盘
1084,13:59:12,11.37,--,15,17055,买盘
1085,13:59:09,11.37,0.01,4,4548,买盘
1086,13:59:03,11.36,-0.01,6,6816,卖盘
1087,13:59:00,11.37,--,360,409320,买盘
1088,13:58:57,11.37,--,80,90960,买盘
1089,13:58:54,11.37,--,11,12507,买盘
1090,13:58:51,11.37,--,37,42069,买盘
1091,13:58:48,11.37,--,7,7958,买盘
1092,13:58:45,11.37,-0.01,226,257416,卖盘
1093,13:58:42,11.38,--,59,67142,买盘
1094,13:58:39,11.38,0.01,119,135422,买盘
1095,13:58:36,11.37,-0.01,5,5685,卖盘
1096,13:58:30,11.38,0.01,25,28450,买盘
1097,13:58:27,11.37,--,200,228002,卖盘
1098,13:58:24,11.37,-0.01,14,15917,卖盘
1099,13:58:21,11.38,--,63,71694,买盘
1100,13:58:18,11.38,--,113,128594,买盘
1101,13:58:12,11.38,--,37,42106,买盘
1102,13:58:09,11.38,--,56,63728,买盘
1103,13:58:06,11.38,--,13,14794,买盘
1104,13:58:03,11.38,--,20,22760,买盘
1105,13:58:00,11.38,--,35,39830,买盘
1106,13:57:57,11.38,0.01,147,167286,买盘
1107,13:57:54,11.37,--,51,57986,卖盘
1108,13:57:51,11.37,-0.01,181,205865,卖盘
1109,13:57:48,11.38,--,193,219634,买盘
1110,13:57:45,11.38,--,29,33002,买盘
1111,13:57:42,11.38,--,17,19346,买盘
1112,13:57:39,11.38,--,1,1138,买盘
1113,13:57:36,11.38,0.01,42,47796,买盘
1114,13:57:33,11.37,-0.01,11,12507,卖盘
1115,13:57:30,11.38,0.01,516,587219,买盘
1116,13:57:27,11.37,--,1171,1331427,买盘
1117,13:57:24,11.37,--,24,27287,买盘
1118,13:57:21,11.37,0.01,79,89823,买盘
1119,13:57:18,11.36,--,77,87472,卖盘
1120,13:57:15,11.36,-0.01,30,34080,卖盘
1121,13:57:12,11.37,--,17,19329,买盘
1122,13:57:09,11.37,--,74,84138,买盘
1123,13:57:06,11.37,0.01,49,55712,买盘
1124,13:57:03,11.36,-0.01,52,59072,卖盘
1125,13:57:00,11.37,--,14,15917,买盘
1126,13:56:54,11.37,--,120,136440,买盘
1127,13:56:51,11.37,--,30,34110,买盘
1128,13:56:48,11.37,--,13,14780,买盘
1129,13:56:45,11.37,0.01,16,18192,买盘
1130,13:56:42,11.36,-0.01,104,118144,卖盘
1131,13:56:39,11.37,--,284,322908,买盘
1132,13:56:36,11.37,--,40,45480,买盘
1133,13:56:30,11.37,--,218,247865,买盘
1134,13:56:27,11.37,--,260,295620,买盘
1135,13:56:21,11.37,--,17,19329,买盘
1136,13:56:18,11.37,--,80,90960,买盘
1137,13:56:15,11.37,--,9,10233,买盘
1138,13:56:12,11.37,--,107,121658,买盘
1139,13:56:09,11.37,--,3,3410,买盘
1140,13:56:06,11.37,--,12,13643,买盘
1141,13:56:03,11.37,--,308,350196,买盘
1142,13:56:00,11.37,--,152,172824,买盘
1143,13:55:57,11.37,--,145,164865,买盘
1144,13:55:54,11.37,--,104,118247,买盘
1145,13:55:51,11.37,0.01,47,53438,买盘
1146,13:55:48,11.36,-0.01,9,10224,卖盘
1147,13:55:45,11.37,--,48,54575,买盘
1148,13:55:42,11.37,--,39,44343,买盘
1149,13:55:39,11.37,--,164,186468,买盘
1150,13:55:36,11.37,--,16,18192,买盘
1151,13:55:33,11.37,--,48,54575,买盘
1152,13:55:30,11.37,--,314,357018,买盘
1153,13:55:27,11.37,--,30,34110,买盘
1154,13:55:24,11.37,--,133,151221,买盘
1155,13:55:21,11.37,--,17,19329,买盘
1156,13:55:18,11.37,--,13,14780,买盘
1157,13:55:12,11.37,--,15,17055,买盘
1158,13:55:09,11.37,--,29,32973,买盘
1159,13:55:06,11.37,0.01,97,110288,买盘
1160,13:55:03,11.36,-0.01,43,48848,卖盘
1161,13:55:00,11.37,--,14,15917,买盘
1162,13:54:57,11.37,0.01,160,181920,买盘
1163,13:54:54,11.36,-0.01,49,55664,卖盘
1164,13:54:51,11.37,--,19,21603,买盘
1165,13:54:48,11.37,0.01,184,209208,买盘
1166,13:54:45,11.36,--,7,7952,卖盘
1167,13:54:42,11.36,-0.01,24,27264,卖盘
1168,13:54:39,11.37,--,47,53438,买盘
1169,13:54:36,11.37,--,39,44343,买盘
1170,13:54:33,11.37,0.01,12,13643,买盘
1171,13:54:30,11.36,--,34,38624,卖盘
1172,13:54:27,11.36,-0.01,10,11360,卖盘
1173,13:54:24,11.37,--,93,105741,买盘
1174,13:54:21,11.37,--,76,86412,买盘
1175,13:54:18,11.37,--,41,46617,买盘
1176,13:54:15,11.37,--,206,234221,买盘
1177,13:54:12,11.37,--,39,44343,买盘
1178,13:54:09,11.37,--,83,94371,买盘
1179,13:54:06,11.37,--,17,19329,买盘
1180,13:54:03,11.37,--,13,14780,买盘
1181,13:54:00,11.37,--,66,75042,买盘
1182,13:53:57,11.37,--,39,44343,买盘
1183,13:53:54,11.37,--,116,131892,买盘
1184,13:53:51,11.37,--,165,187605,买盘
1185,13:53:48,11.37,--,119,135303,买盘
1186,13:53:45,11.37,--,36,40932,买盘
1187,13:53:42,11.37,--,30,34110,买盘
1188,13:53:39,11.37,0.01,40,45480,买盘
1189,13:53:36,11.36,-0.01,108,122688,卖盘
1190,13:53:33,11.37,0.01,88,100056,买盘
1191,13:53:30,11.36,--,205,232880,卖盘
1192,13:53:27,11.36,-0.01,64,72704,卖盘
1193,13:53:24,11.37,0.01,17,19329,买盘
1194,13:53:21,11.36,-0.01,236,268096,卖盘
1195,13:53:18,11.37,0.01,82,93234,买盘
1196,13:53:15,11.36,-0.01,219,248784,卖盘
1197,13:53:12,11.37,--,30,34110,买盘
1198,13:53:09,11.37,--,283,321771,买盘
1199,13:53:06,11.37,--,111,126206,买盘
1200,13:53:03,11.37,--,2,2274,买盘
1201,13:53:00,11.37,0.01,14,15917,买盘
1202,13:52:57,11.36,-0.01,41,46576,卖盘
1203,13:52:54,11.37,0.01,95,108014,买盘
1204,13:52:51,11.36,-0.01,38,43168,卖盘
1205,13:52:48,11.37,0.01,14,15917,买盘
1206,13:52:45,11.36,-0.01,104,118144,卖盘
1207,13:52:42,11.37,--,316,359292,买盘
1208,13:52:39,11.37,0.01,23,26151,买盘
1209,13:52:36,11.36,-0.01,23,26128,卖盘
1210,13:52:33,11.37,0.01,14,15917,买盘
1211,13:52:30,11.36,-0.01,74,84064,卖盘
1212,13:52:27,11.37,0.01,19,21603,买盘
1213,13:52:24,11.36,-0.01,3,3408,卖盘
1214,13:52:21,11.37,--,18,20466,买盘
1215,13:52:18,11.37,--,76,86412,买盘
1216,13:52:15,11.37,0.01,52,59123,买盘
1217,13:52:12,11.36,-0.01,44,49984,卖盘
1218,13:52:09,11.37,0.01,3,3410,买盘
1219,13:52:06,11.36,-0.01,6,6816,卖盘
1220,13:52:03,11.37,--,15,17055,买盘
1221,13:52:00,11.37,0.01,48,54575,买盘
1222,13:51:51,11.36,-0.01,67,76112,卖盘
1223,13:51:48,11.37,--,27,30698,买盘
1224,13:51:45,11.37,0.01,3,3410,买盘
1225,13:51:42,11.36,--,599,680464,买盘
1226,13:51:39,11.36,--,30,34080,买盘
1227,13:51:33,11.36,--,1,1136,买盘
1228,13:51:30,11.36,0.01,16,18176,买盘
1229,13:51:27,11.35,-0.01,90,102150,卖盘
1230,13:51:24,11.36,--,47,53948,买盘
1231,13:51:21,11.36,0.01,133,151088,买盘
1232,13:51:18,11.35,--,18,20430,卖盘
1233,13:51:15,11.35,-0.01,14,15890,卖盘
1234,13:51:12,11.36,--,14,15904,买盘
1235,13:51:06,11.36,--,2,2272,买盘
1236,13:51:03,11.36,--,5,5680,买盘
1237,13:51:00,11.36,-0.01,41,46576,卖盘
1238,13:50:54,11.37,--,56,63671,买盘
1239,13:50:51,11.37,--,37,42069,买盘
1240,13:50:48,11.37,--,88,100056,买盘
1241,13:50:45,11.37,--,5,5685,买盘
1242,13:50:42,11.37,--,15,17055,买盘
1243,13:50:39,11.37,0.01,2,2274,买盘
1244,13:50:36,11.36,-0.01,35,39760,中性盘
1245,13:50:30,11.37,0.01,18,20466,买盘
1246,13:50:27,11.36,--,5,5680,卖盘
1247,13:50:24,11.36,-0.01,19,21584,卖盘
1248,13:50:21,11.37,0.01,14,15917,买盘
1249,13:50:18,11.36,--,57,65331,买盘
1250,13:50:15,11.36,--,121,138012,卖盘
1251,13:50:12,11.36,--,29,32944,卖盘
1252,13:50:09,11.36,--,176,199936,卖盘
1253,13:50:06,11.36,--,531,603216,卖盘
1254,13:50:03,11.36,-0.01,41,46576,卖盘
1255,13:50:00,11.37,0.01,41,46617,买盘
1256,13:49:57,11.36,-0.01,102,115872,卖盘
1257,13:49:54,11.37,0.01,6,6821,买盘
1258,13:49:51,11.36,-0.01,32,36352,卖盘
1259,13:49:48,11.37,0.01,19,21603,买盘
1260,13:49:45,11.36,-0.01,24,27264,卖盘
1261,13:49:42,11.37,0.01,54,61397,买盘
1262,13:49:36,11.36,-0.01,73,82928,卖盘
1263,13:49:30,11.37,--,129,146673,买盘
1264,13:49:27,11.37,0.01,13,14780,买盘
1265,13:49:24,11.36,--,5,5680,卖盘
1266,13:49:21,11.36,-0.01,38,43168,卖盘
1267,13:49:18,11.37,0.01,29,32973,买盘
1268,13:49:15,11.36,--,46,52256,卖盘
1269,13:49:12,11.36,-0.01,43,48848,卖盘
1270,13:49:09,11.37,--,14,15917,买盘
1271,13:49:06,11.37,0.01,21,23877,买盘
1272,13:49:03,11.36,--,50,56800,卖盘
1273,13:49:00,11.36,-0.01,19,21584,卖盘
1274,13:48:57,11.37,--,13,14780,买盘
1275,13:48:51,11.37,--,102,115973,买盘
1276,13:48:48,11.37,--,84,95508,买盘
1277,13:48:45,11.37,--,2,2274,买盘
1278,13:48:42,11.37,0.01,27,30698,买盘
1279,13:48:39,11.36,-0.01,6,6816,卖盘
1280,13:48:36,11.37,--,21,23877,买盘
1281,13:48:33,11.37,--,17,19329,买盘
1282,13:48:30,11.37,0.01,64,72768,买盘
1283,13:48:27,11.36,-0.01,5,5680,卖盘
1284,13:48:24,11.37,--,14,15917,买盘
1285,13:48:21,11.37,--,20,22740,买盘
1286,13:48:18,11.37,0.01,58,65946,买盘
1287,13:48:15,11.36,-0.01,49,55664,卖盘
1288,13:48:12,11.37,0.01,15,17055,买盘
1289,13:48:09,11.36,--,40,45440,卖盘
1290,13:48:06,11.36,-0.01,22,24992,卖盘
1291,13:48:03,11.37,--,2,2274,买盘
1292,13:48:00,11.37,--,133,151221,买盘
1293,13:47:57,11.37,--,18,20466,买盘
1294,13:47:51,11.37,--,51,57986,买盘
1295,13:47:48,11.37,0.01,71,80727,买盘
1296,13:47:45,11.36,-0.01,5,5680,卖盘
1297,13:47:42,11.37,--,31,35247,买盘
1298,13:47:39,11.37,--,89,101193,买盘
1299,13:47:33,11.37,--,25,28424,买盘
1300,13:47:30,11.37,--,16,18192,买盘
1301,13:47:24,11.37,0.01,13,14780,买盘
1302,13:47:21,11.36,-0.01,24,27264,卖盘
1303,13:47:18,11.37,0.01,81,92097,买盘
1304,13:47:15,11.36,-0.01,2,2272,卖盘
1305,13:47:12,11.37,--,93,105741,买盘
1306,13:47:09,11.37,--,81,92097,买盘
1307,13:47:06,11.37,--,2,2274,买盘
1308,13:47:03,11.37,--,4,4548,买盘
1309,13:47:00,11.37,--,34,38658,买盘
1310,13:46:57,11.37,--,37,42069,买盘
1311,13:46:54,11.37,--,51,57986,买盘
1312,13:46:51,11.37,--,41,46617,买盘
1313,13:46:48,11.37,0.01,12,13643,买盘
1314,13:46:45,11.36,-0.01,53,60208,卖盘
1315,13:46:42,11.37,0.01,28,31835,买盘
1316,13:46:39,11.36,-0.01,27,30672,卖盘
1317,13:46:36,11.37,--,11,12507,买盘
1318,13:46:33,11.37,--,58,65946,买盘
1319,13:46:30,11.37,0.01,17,19329,买盘
1320,13:46:27,11.36,--,6,6816,卖盘
1321,13:46:24,11.36,--,273,310707,买盘
1322,13:46:21,11.36,0.01,42,47712,买盘
1323,13:46:18,11.35,--,18,20430,卖盘
1324,13:46:15,11.35,-0.01,48,54480,卖盘
1325,13:46:12,11.36,--,28,31808,买盘
1326,13:46:09,11.36,--,53,60208,买盘
1327,13:46:06,11.36,--,8,9088,买盘
1328,13:46:03,11.36,--,135,153360,买盘
1329,13:46:00,11.36,--,52,59072,买盘
1330,13:45:57,11.36,0.01,12,13632,买盘
1331,13:45:54,11.35,-0.01,51,57885,卖盘
1332,13:45:51,11.36,--,67,76112,买盘
1333,13:45:48,11.36,0.01,7,7952,买盘
1334,13:45:45,11.35,-0.01,5,5675,卖盘
1335,13:45:42,11.36,--,143,162448,买盘
1336,13:45:39,11.36,0.01,25,28400,买盘
1337,13:45:33,11.35,-0.01,47,53345,卖盘
1338,13:45:30,11.36,0.01,25,28400,买盘
1339,13:45:27,11.35,--,11,12485,卖盘
1340,13:45:24,11.35,--,21,23835,卖盘
1341,13:45:21,11.35,-0.01,20,22700,卖盘
1342,13:45:18,11.36,--,35,39760,买盘
1343,13:45:15,11.36,0.01,26,29536,买盘
1344,13:45:12,11.35,-0.01,159,180465,卖盘
1345,13:45:09,11.36,0.01,68,77248,买盘
1346,13:45:06,11.35,--,22,24970,卖盘
1347,13:45:03,11.35,-0.01,3,3405,卖盘
1348,13:45:00,11.36,0.01,22,24992,买盘
1349,13:44:54,11.35,-0.01,59,66965,卖盘
1350,13:44:51,11.36,0.01,21,23856,买盘
1351,13:44:48,11.35,-0.01,11,12485,卖盘
1352,13:44:45,11.36,--,14,15904,买盘
1353,13:44:42,11.36,--,65,73840,买盘
1354,13:44:39,11.36,0.01,8,9088,买盘
1355,13:44:36,11.35,--,3,3405,卖盘
1356,13:44:33,11.35,-0.01,600,681000,卖盘
1357,13:44:30,11.36,0.01,17,19312,买盘
1358,13:44:27,11.35,--,35,39725,卖盘
1359,13:44:24,11.35,-0.01,100,113500,卖盘
1360,13:44:21,11.36,--,14,15904,买盘
1361,13:44:18,11.36,0.01,97,110192,买盘
1362,13:44:15,11.35,-0.01,20,22700,卖盘
1363,13:44:12,11.36,--,17,19312,买盘
1364,13:44:09,11.36,0.01,7,7952,买盘
1365,13:44:06,11.35,--,30,34050,卖盘
1366,13:44:03,11.35,-0.01,6,6810,卖盘
1367,13:44:00,11.36,--,36,40896,买盘
1368,13:43:57,11.36,--,14,15904,买盘
1369,13:43:54,11.36,--,37,42032,买盘
1370,13:43:51,11.36,--,151,171536,买盘
1371,13:43:48,11.36,--,68,77248,买盘
1372,13:43:42,11.36,--,28,31808,买盘
1373,13:43:30,11.36,0.01,118,134048,买盘
1374,13:43:27,11.35,-0.02,67,76045,卖盘
1375,13:43:24,11.37,--,39,44343,买盘
1376,13:43:21,11.37,--,21,23877,买盘
1377,13:43:18,11.37,0.01,32,36384,买盘
1378,13:43:15,11.36,0.01,206,234016,买盘
1379,13:43:12,11.35,-0.01,21,23835,卖盘
1380,13:43:09,11.36,--,65,73840,买盘
1381,13:43:06,11.36,--,1,1136,买盘
1382,13:43:00,11.36,0.01,14,15904,买盘
1383,13:42:57,11.35,-0.02,225,255375,卖盘
1384,13:42:51,11.37,--,31,35247,买盘
1385,13:42:48,11.37,--,24,27287,买盘
1386,13:42:45,11.37,--,4,4548,买盘
1387,13:42:42,11.37,0.01,16,18192,买盘
1388,13:42:36,11.36,-0.01,5,5680,卖盘
1389,13:42:33,11.37,--,2,2274,买盘
1390,13:42:30,11.37,0.01,17,19329,买盘
1391,13:42:27,11.36,-0.01,10,11360,卖盘
1392,13:42:24,11.37,--,373,424100,买盘
1393,13:42:21,11.37,--,24,27287,买盘
1394,13:42:18,11.37,--,67,76179,买盘
1395,13:42:12,11.37,0.01,43,48891,买盘
1396,13:42:09,11.36,-0.01,3,3408,卖盘
1397,13:42:06,11.37,--,10,11370,买盘
1398,13:42:03,11.37,--,67,76179,买盘
1399,13:42:00,11.37,--,144,163728,买盘
1400,13:41:51,11.37,--,30,34110,买盘
1401,13:41:48,11.37,--,126,143262,买盘
1402,13:41:45,11.37,0.01,150,170550,买盘
1403,13:41:42,11.36,-0.01,41,46576,卖盘
1404,13:41:39,11.37,0.01,187,212618,买盘
1405,13:41:36,11.36,--,203,230608,卖盘
1406,13:41:33,11.36,-0.01,21,23856,卖盘
1407,13:41:30,11.37,--,22,25014,买盘
1408,13:41:27,11.37,--,9,10233,买盘
1409,13:41:24,11.37,--,62,70494,买盘
1410,13:41:21,11.37,--,44,50028,买盘
1411,13:41:18,11.37,--,75,85275,买盘
1412,13:41:15,11.37,-0.01,173,196701,卖盘
1413,13:41:12,11.38,--,82,93316,买盘
1414,13:41:09,11.38,0.01,10,11380,买盘
1415,13:41:06,11.37,--,22,25014,卖盘
1416,13:41:03,11.37,-0.01,134,152358,卖盘
1417,13:41:00,11.38,--,21,23898,买盘
1418,13:40:57,11.38,0.01,11,12518,买盘
1419,13:40:54,11.37,-0.01,17,19329,卖盘
1420,13:40:51,11.38,0.01,67,76246,买盘
1421,13:40:48,11.37,-0.01,58,65946,卖盘
1422,13:40:45,11.38,0.01,45,51210,买盘
1423,13:40:42,11.37,-0.01,60,68220,买盘
1424,13:40:39,11.38,0.01,600,682800,买盘
1425,13:40:36,11.37,--,80,90960,买盘
1426,13:40:33,11.37,-0.01,385,437847,卖盘
1427,13:40:30,11.38,0.01,227,258326,买盘
1428,13:40:27,11.37,--,1,1137,卖盘
1429,13:40:24,11.37,-0.01,103,117110,卖盘
1430,13:40:21,11.38,--,55,62590,买盘
1431,13:40:18,11.38,--,331,376678,买盘
1432,13:40:15,11.38,0.01,63,71694,买盘
1433,13:40:12,11.37,-0.01,57,64808,卖盘
1434,13:40:09,11.38,--,3,3414,买盘
1435,13:40:06,11.38,--,218,248084,买盘
1436,13:40:03,11.38,--,183,208254,买盘
1437,13:40:00,11.38,--,283,323078,买盘
1438,13:39:57,11.38,--,333,378954,买盘
1439,13:39:54,11.38,--,106,120628,买盘
1440,13:39:51,11.38,--,30,34140,买盘
1441,13:39:48,11.38,0.01,258,293604,买盘
1442,13:39:45,11.37,-0.01,8,9096,卖盘
1443,13:39:42,11.38,0.01,64,72832,买盘
1444,13:39:39,11.37,--,58,65946,卖盘
1445,13:39:36,11.37,--,34,38669,买盘
1446,13:39:33,11.37,--,16,18192,买盘
1447,13:39:30,11.37,--,223,254676,卖盘
1448,13:39:27,11.37,--,33,37532,买盘
1449,13:39:24,11.37,--,46,52302,买盘
1450,13:39:21,11.37,--,186,211482,买盘
1451,13:39:18,11.37,0.01,677,769749,买盘
1452,13:39:15,11.36,-0.01,200,227200,卖盘
1453,13:39:12,11.37,--,22,25014,买盘
1454,13:39:09,11.37,0.01,968,1100616,买盘
1455,13:39:06,11.36,--,40,46553,买盘
1456,13:39:03,11.36,--,163,185168,买盘
1457,13:39:00,11.36,--,376,427136,买盘
1458,13:38:57,11.36,--,25,28400,买盘
1459,13:38:54,11.36,--,62,70432,买盘
1460,13:38:51,11.36,--,39,44304,买盘
1461,13:38:48,11.36,--,496,563456,买盘
1462,13:38:45,11.36,--,1741,1977776,买盘
1463,13:38:42,11.36,--,56,63616,买盘
1464,13:38:39,11.36,0.01,4,4544,买盘
1465,13:38:36,11.35,-0.01,278,315530,卖盘
1466,13:38:33,11.36,0.01,1599,1817372,买盘
1467,13:38:30,11.35,--,305,346175,买盘
1468,13:38:27,11.35,--,16,18160,买盘
1469,13:38:24,11.35,0.01,3031,3440185,买盘
1470,13:38:21,11.34,-0.01,1266,1435644,卖盘
1471,13:38:18,11.35,--,1831,2078185,买盘
1472,13:38:15,11.35,--,53,60155,买盘
1473,13:38:12,11.35,0.01,62,70370,买盘
1474,13:38:09,11.34,--,871,987714,卖盘
1475,13:38:06,11.34,-0.01,20,22680,卖盘
1476,13:38:03,11.35,--,29,32915,买盘
1477,13:38:00,11.35,0.01,321,364335,买盘
1478,13:37:57,11.34,-0.01,604,684936,卖盘
1479,13:37:54,11.35,--,121,137335,买盘
1480,13:37:51,11.35,--,36,40860,买盘
1481,13:37:48,11.35,--,32,36320,买盘
1482,13:37:45,11.35,0.01,6,6810,买盘
1483,13:37:42,11.34,--,1098,1245585,买盘
1484,13:37:39,11.34,--,6,6804,买盘
1485,13:37:36,11.34,--,213,241542,买盘
1486,13:37:33,11.34,--,42,47628,买盘
1487,13:37:30,11.34,--,1270,1440180,买盘
1488,13:37:27,11.34,--,49,55566,买盘
1489,13:37:24,11.34,--,21,23814,买盘
1490,13:37:21,11.34,--,21,23814,买盘
1491,13:37:18,11.34,--,6,6804,买盘
1492,13:37:15,11.34,--,6,6804,买盘
1493,13:37:12,11.34,--,55,62370,买盘
1494,13:37:09,11.34,--,41,46494,买盘
1495,13:37:06,11.34,--,56,63504,买盘
1496,13:37:03,11.34,--,71,80514,买盘
1497,13:37:00,11.34,--,57,64638,买盘
1498,13:36:54,11.34,--,157,178038,买盘
1499,13:36:51,11.34,--,29,32886,买盘
1500,13:36:48,11.34,0.01,15,17010,买盘
1501,13:36:45,11.33,--,1,1133,卖盘
1502,13:36:42,11.33,-0.01,49,55517,卖盘
1503,13:36:39,11.34,--,3,3402,买盘
1504,13:36:36,11.34,0.01,92,104328,买盘
1505,13:36:33,11.33,-0.01,106,120098,卖盘
1506,13:36:30,11.34,0.01,55,62370,买盘
1507,13:36:27,11.33,-0.01,103,116699,卖盘
1508,13:36:24,11.34,--,5,5670,买盘
1509,13:36:21,11.34,--,107,121338,买盘
1510,13:36:18,11.34,0.01,17,19278,买盘
1511,13:36:15,11.33,--,29,32857,卖盘
1512,13:36:12,11.33,--,25,28325,卖盘
1513,13:36:09,11.33,--,11,12463,卖盘
1514,13:36:06,11.33,-0.01,208,235664,卖盘
1515,13:36:03,11.34,--,22,24948,买盘
1516,13:36:00,11.34,0.01,33,37422,买盘
1517,13:35:54,11.33,-0.01,125,141625,卖盘
1518,13:35:51,11.34,--,43,48762,买盘
1519,13:35:48,11.34,--,91,103194,买盘
1520,13:35:45,11.34,--,11,12474,买盘
1521,13:35:42,11.34,--,14,15876,买盘
1522,13:35:39,11.34,0.01,13,14742,买盘
1523,13:35:36,11.33,-0.01,123,139359,卖盘
1524,13:35:33,11.34,--,272,308448,买盘
1525,13:35:30,11.34,0.01,18,20412,买盘
1526,13:35:27,11.33,-0.01,5,5665,卖盘
1527,13:35:24,11.34,--,3,3402,买盘
1528,13:35:21,11.34,--,17,19278,买盘
1529,13:35:18,11.34,0.01,152,172368,买盘
1530,13:35:15,11.33,-0.01,44,49852,卖盘
1531,13:35:12,11.34,--,15,17010,买盘
1532,13:35:06,11.34,--,97,109998,买盘
1533,13:35:03,11.34,--,3,3402,买盘
1534,13:35:00,11.34,--,53,60102,买盘
1535,13:34:54,11.34,0.01,5,5670,买盘
1536,13:34:51,11.33,-0.01,48,54384,卖盘
1537,13:34:48,11.34,--,20,22680,买盘
1538,13:34:42,11.34,0.01,21,23814,买盘
1539,13:34:39,11.33,--,14,15862,卖盘
1540,13:34:33,11.33,--,244,276452,卖盘
1541,13:34:30,11.33,-0.01,53,60049,卖盘
1542,13:34:27,11.34,--,67,75978,买盘
1543,13:34:24,11.34,--,23,26082,买盘
1544,13:34:21,11.34,0.01,21,23814,买盘
1545,13:34:18,11.33,-0.01,62,70246,卖盘
1546,13:34:15,11.34,0.01,11,12474,买盘
1547,13:34:12,11.33,0.01,29,32857,买盘
1548,13:34:09,11.32,-0.01,7,7924,卖盘
1549,13:34:06,11.33,--,8,9064,买盘
1550,13:34:03,11.33,-0.01,2,2266,中性盘
1551,13:34:00,11.34,0.01,80,90720,买盘
1552,13:33:57,11.33,--,8,9064,买盘
1553,13:33:54,11.33,-0.01,5,5665,卖盘
1554,13:33:51,11.34,0.01,15,17010,买盘
1555,13:33:48,11.33,--,53,60049,买盘
1556,13:33:42,11.33,0.01,30,33990,买盘
1557,13:33:39,11.32,--,10,11320,卖盘
1558,13:33:36,11.32,-0.01,5,5660,卖盘
1559,13:33:33,11.33,--,73,82709,买盘
1560,13:33:30,11.33,--,119,134827,买盘
1561,13:33:27,11.33,--,55,62315,买盘
1562,13:33:24,11.33,--,4,4532,买盘
1563,13:33:21,11.33,--,26,29458,买盘
1564,13:33:18,11.33,--,109,123497,买盘
1565,13:33:15,11.33,-0.01,210,237930,卖盘
1566,13:33:12,11.34,0.01,27,30618,买盘
1567,13:33:09,11.33,--,50,56650,卖盘
1568,13:33:06,11.33,0.01,483,547239,买盘
1569,13:33:03,11.32,-0.01,26,29432,卖盘
1570,13:33:00,11.33,--,19,21527,买盘
1571,13:32:54,11.33,0.01,15,16995,买盘
1572,13:32:51,11.32,-0.01,23,26036,卖盘
1573,13:32:48,11.33,--,22,24926,买盘
1574,13:32:45,11.33,--,1,1133,买盘
1575,13:32:42,11.33,--,33,37389,买盘
1576,13:32:39,11.33,--,7,8531,买盘
1577,13:32:36,11.33,--,19,21527,买盘
1578,13:32:33,11.33,--,16,18128,买盘
1579,13:32:30,11.33,--,20,22660,买盘
1580,13:32:27,11.33,--,4,4532,买盘
1581,13:32:24,11.33,0.01,53,60049,买盘
1582,13:32:21,11.32,-0.01,21,23772,卖盘
1583,13:32:18,11.33,0.01,13,14729,买盘
1584,13:32:12,11.32,--,16,18112,卖盘
1585,13:32:09,11.32,-0.01,20,22640,卖盘
1586,13:32:06,11.33,--,1,1133,买盘
1587,13:32:03,11.33,--,2,2266,买盘
1588,13:32:00,11.33,--,16,18128,买盘
1589,13:31:57,11.33,--,20,22660,买盘
1590,13:31:54,11.33,--,1,1133,买盘
1591,13:31:51,11.33,--,18,20394,买盘
1592,13:31:48,11.33,--,22,24926,买盘
1593,13:31:45,11.33,--,7,7931,买盘
1594,13:31:42,11.33,--,15,16995,买盘
1595,13:31:36,11.33,0.01,5,5665,买盘
1596,13:31:33,11.32,-0.01,7,7924,卖盘
1597,13:31:30,11.33,--,21,23793,买盘
1598,13:31:27,11.33,--,3,3399,买盘
1599,13:31:24,11.33,--,7,7931,买盘
1600,13:31:21,11.33,--,29,32857,买盘
1601,13:31:18,11.33,--,9,10197,买盘
1602,13:31:15,11.33,0.01,8,9064,买盘
1603,13:31:12,11.32,-0.01,38,43016,卖盘
1604,13:31:09,11.33,--,27,30591,买盘
1605,13:31:06,11.33,--,88,99704,买盘
1606,13:31:03,11.33,--,26,29458,买盘
1607,13:31:00,11.33,--,15,16995,买盘
1608,13:30:54,11.33,--,46,52118,买盘
1609,13:30:51,11.33,--,54,61182,买盘
1610,13:30:48,11.33,0.01,7,7931,买盘
1611,13:30:42,11.32,--,33,37356,卖盘
1612,13:30:39,11.32,-0.01,31,35092,卖盘
1613,13:30:36,11.33,--,113,128029,买盘
1614,13:30:33,11.33,--,1,1133,买盘
1615,13:30:30,11.33,--,20,22660,买盘
1616,13:30:27,11.33,--,12,13596,买盘
1617,13:30:24,11.33,0.01,54,61182,买盘
1618,13:30:21,11.32,-0.01,222,251304,卖盘
1619,13:30:18,11.33,0.01,13,14729,买盘
1620,13:30:15,11.32,--,1,1132,卖盘
1621,13:30:12,11.32,-0.01,62,70184,卖盘
1622,13:30:03,11.33,--,5,5665,买盘
1623,13:30:00,11.33,--,15,16995,买盘
1624,13:29:54,11.33,--,23,26059,买盘
1625,13:29:51,11.33,--,22,24926,买盘
1626,13:29:48,11.33,--,39,44187,买盘
1627,13:29:45,11.33,--,39,44187,买盘
1628,13:29:42,11.33,--,306,346698,买盘
1629,13:29:39,11.33,0.01,3,3399,买盘
1630,13:29:36,11.32,--,5,5660,卖盘
1631,13:29:30,11.32,--,10,12395,买盘
1632,13:29:27,11.32,-0.01,19,21564,卖盘
1633,13:29:24,11.33,0.01,4,4532,买盘
1634,13:29:21,11.32,--,10,12395,买盘
1635,13:29:18,11.32,-0.01,14,15904,卖盘
1636,13:29:12,11.33,--,4,5608,买盘
1637,13:29:09,11.33,--,1,1133,买盘
1638,13:29:06,11.33,0.02,7,7931,买盘
1639,13:29:03,11.31,-0.02,9,10179,卖盘
1640,13:29:00,11.33,0.02,15,16995,买盘
1641,13:28:57,11.31,--,1,1131,卖盘
1642,13:28:54,11.31,-0.02,1166,1318746,卖盘
1643,13:28:51,11.33,0.01,113,128029,买盘
1644,13:28:48,11.32,-0.01,19,21508,卖盘
1645,13:28:42,11.33,--,16,18128,买盘
1646,13:28:39,11.33,--,75,84975,买盘
1647,13:28:36,11.33,0.01,44,49852,买盘
1648,13:28:30,11.32,-0.01,34,38488,卖盘
1649,13:28:27,11.33,--,46,52118,买盘
1650,13:28:24,11.33,--,7,7931,买盘
1651,13:28:21,11.33,--,16,18128,买盘
1652,13:28:18,11.33,--,22,24926,买盘
1653,13:28:15,11.33,0.01,1,1133,买盘
1654,13:28:12,11.32,--,105,118860,卖盘
1655,13:28:09,11.32,-0.01,2,2264,卖盘
1656,13:28:06,11.33,--,14,15862,买盘
1657,13:28:03,11.33,--,2,2266,买盘
1658,13:28:00,11.33,--,15,16995,买盘
1659,13:27:57,11.33,--,2,2266,买盘
1660,13:27:54,11.33,--,27,30591,买盘
1661,13:27:51,11.33,--,47,53251,买盘
1662,13:27:48,11.33,0.01,8,9064,买盘
1663,13:27:45,11.32,--,2,2264,卖盘
1664,13:27:42,11.32,-0.01,19,21508,卖盘
1665,13:27:39,11.33,0.01,200,226600,买盘
1666,13:27:36,11.32,-0.01,15,16980,卖盘
1667,13:27:33,11.33,--,1,1133,买盘
1668,13:27:30,11.33,--,41,46453,买盘
1669,13:27:27,11.33,--,5,5665,买盘
1670,13:27:24,11.33,0.01,106,120098,买盘
1671,13:27:21,11.32,-0.01,25,28300,卖盘
1672,13:27:18,11.33,--,38,43054,买盘
1673,13:27:12,11.33,0.01,65,73645,买盘
1674,13:27:09,11.32,--,221,250172,卖盘
1675,13:27:06,11.32,--,55,62260,卖盘
1676,13:27:03,11.32,-0.01,24,27168,卖盘
1677,13:27:00,11.33,0.01,14,15862,买盘
1678,13:26:57,11.32,--,1,1132,卖盘
1679,13:26:54,11.32,-0.01,49,55468,卖盘
1680,13:26:51,11.33,--,62,70246,买盘
1681,13:26:48,11.33,--,6,6798,买盘
1682,13:26:45,11.33,--,71,80443,买盘
1683,13:26:42,11.33,--,70,79310,买盘
1684,13:26:39,11.33,--,4,4532,买盘
1685,13:26:36,11.33,--,2,2266,买盘
1686,13:26:33,11.33,--,10,11330,买盘
1687,13:26:30,11.33,--,14,15862,买盘
1688,13:26:27,11.33,0.01,19,21527,买盘
1689,13:26:24,11.32,--,24,27168,卖盘
1690,13:26:21,11.32,-0.01,20,22640,卖盘
1691,13:26:18,11.33,--,32,36256,买盘
1692,13:26:12,11.33,--,15,16995,买盘
1693,13:26:06,11.33,--,20,22660,买盘
1694,13:26:03,11.33,--,1,1133,买盘
1695,13:26:00,11.33,--,56,63448,买盘
1696,13:25:54,11.33,0.01,3,3399,买盘
1697,13:25:51,11.32,-0.01,29,32828,卖盘
1698,13:25:48,11.33,--,27,30591,买盘
1699,13:25:45,11.33,--,1,1133,买盘
1700,13:25:42,11.33,--,17,19261,买盘
1701,13:25:39,11.33,--,87,98571,买盘
1702,13:25:36,11.33,0.01,9,10197,买盘
1703,13:25:33,11.32,--,14,15848,卖盘
1704,13:25:30,11.32,-0.01,66,74712,卖盘
1705,13:25:27,11.33,0.01,125,141625,买盘
1706,13:25:24,11.32,-0.01,59,66788,卖盘
1707,13:25:21,11.33,--,28,31724,买盘
1708,13:25:18,11.33,--,15,16995,买盘
1709,13:25:15,11.33,--,6,6798,买盘
1710,13:25:12,11.33,0.01,27,30591,买盘
1711,13:25:09,11.32,--,19,21508,卖盘
1712,13:25:03,11.32,-0.01,19,21508,卖盘
1713,13:25:00,11.33,--,34,38522,买盘
1714,13:24:57,11.33,0.01,1,1133,买盘
1715,13:24:54,11.32,--,122,138104,卖盘
1716,13:24:51,11.32,-0.01,23,26036,卖盘
1717,13:24:48,11.33,--,12,13596,买盘
1718,13:24:45,11.33,0.01,29,32857,买盘
1719,13:24:42,11.32,--,39,44148,卖盘
1720,13:24:39,11.32,-0.01,74,83768,卖盘
1721,13:24:36,11.33,0.01,23,26059,买盘
1722,13:24:33,11.32,-0.01,32,36224,卖盘
1723,13:24:30,11.33,--,47,53251,买盘
1724,13:24:27,11.33,--,22,24926,买盘
1725,13:24:24,11.33,--,14,15862,买盘
1726,13:24:21,11.33,0.01,101,114433,买盘
1727,13:24:18,11.32,--,26,29432,卖盘
1728,13:24:15,11.32,-0.01,6,6792,卖盘
1729,13:24:12,11.33,--,15,16995,买盘
1730,13:24:09,11.33,0.01,15,16995,买盘
1731,13:24:06,11.32,-0.01,6,6792,卖盘
1732,13:24:03,11.33,--,17,19261,买盘
1733,13:24:00,11.33,0.01,33,37389,买盘
1734,13:23:57,11.32,--,5,5660,卖盘
1735,13:23:54,11.32,-0.01,4,4528,卖盘
1736,13:23:51,11.33,--,37,41921,买盘
1737,13:23:48,11.33,--,15,16995,买盘
1738,13:23:45,11.33,--,16,18128,买盘
1739,13:23:42,11.33,--,41,46453,买盘
1740,13:23:39,11.33,--,13,14729,买盘
1741,13:23:36,11.33,0.01,28,31724,买盘
1742,13:23:33,11.32,-0.01,66,74712,卖盘
1743,13:23:30,11.33,--,17,19261,买盘
1744,13:23:27,11.33,0.01,7,7931,买盘
1745,13:23:24,11.32,-0.01,8,9056,卖盘
1746,13:23:21,11.33,--,17,19261,买盘
1747,13:23:18,11.33,0.01,8,9064,买盘
1748,13:23:12,11.32,--,26,29432,卖盘
1749,13:23:09,11.32,--,15,16980,卖盘
1750,13:23:03,11.32,-0.01,5,5660,卖盘
1751,13:23:00,11.33,0.01,32,36256,买盘
1752,13:22:57,11.32,-0.01,57,64524,卖盘
1753,13:22:54,11.33,--,3,3399,买盘
1754,13:22:51,11.33,--,18,20394,买盘
1755,13:22:42,11.33,0.01,16,18128,买盘
1756,13:22:39,11.32,-0.01,17,19244,卖盘
1757,13:22:36,11.33,--,8,9064,买盘
1758,13:22:33,11.33,--,1,1133,买盘
1759,13:22:30,11.33,0.01,121,137093,买盘
1760,13:22:27,11.32,--,8,9056,卖盘
1761,13:22:24,11.32,-0.01,141,159612,卖盘
1762,13:22:21,11.33,0.01,33,37389,买盘
1763,13:22:18,11.32,-0.01,74,83768,卖盘
1764,13:22:15,11.33,--,1,1133,买盘
1765,13:22:12,11.33,--,29,32857,买盘
1766,13:22:09,11.33,0.01,21,23793,买盘
1767,13:22:06,11.32,--,5,5660,卖盘
1768,13:22:03,11.32,-0.01,29,32828,卖盘
1769,13:22:00,11.33,--,21,23793,买盘
1770,13:21:57,11.33,0.01,46,52118,买盘
1771,13:21:54,11.32,--,35,39620,卖盘
1772,13:21:51,11.32,-0.01,44,49808,卖盘
1773,13:21:48,11.33,0.01,137,155221,买盘
1774,13:21:45,11.32,-0.01,35,39620,卖盘
1775,13:21:42,11.33,--,16,18128,买盘
1776,13:21:39,11.33,0.01,89,100837,买盘
1777,13:21:33,11.32,-0.01,14,15848,卖盘
1778,13:21:30,11.33,--,25,28325,买盘
1779,13:21:27,11.33,--,8,9064,买盘
1780,13:21:24,11.33,0.01,3,3399,买盘
1781,13:21:21,11.32,-0.01,21,23772,卖盘
1782,13:21:18,11.33,0.01,69,78177,买盘
1783,13:21:12,11.32,-0.01,54,61128,卖盘
1784,13:21:09,11.33,--,30,33990,买盘
1785,13:21:06,11.33,--,21,23793,买盘
1786,13:21:03,11.33,--,3,3399,买盘
1787,13:21:00,11.33,--,22,24926,买盘
1788,13:20:57,11.33,--,1,1133,买盘
1789,13:20:54,11.33,--,12,13596,卖盘
1790,13:20:51,11.33,--,22,24926,买盘
1791,13:20:48,11.33,--,112,126896,买盘
1792,13:20:45,11.33,--,22,24926,买盘
1793,13:20:42,11.33,0.01,16,18128,买盘
1794,13:20:39,11.32,-0.02,10,11320,卖盘
1795,13:20:36,11.34,--,1,1134,买盘
1796,13:20:33,11.34,--,9,10206,买盘
1797,13:20:30,11.34,0.01,30,34020,买盘
1798,13:20:27,11.33,-0.01,10,11330,卖盘
1799,13:20:24,11.34,0.01,65,73710,买盘
1800,13:20:21,11.33,--,182,206206,卖盘
1801,13:20:18,11.33,--,19,21527,卖盘
1802,13:20:12,11.33,--,15,16995,卖盘
1803,13:20:09,11.33,--,75,84975,卖盘
1804,13:20:06,11.33,--,103,116699,卖盘
1805,13:20:03,11.33,-0.01,87,98571,卖盘
1806,13:20:00,11.34,--,25,28350,买盘
1807,13:19:57,11.34,0.01,20,22680,买盘
1808,13:19:54,11.33,-0.01,410,464530,卖盘
1809,13:19:51,11.34,--,14,15876,买盘
1810,13:19:48,11.34,--,42,47628,买盘
1811,13:19:45,11.34,--,8,9072,买盘
1812,13:19:42,11.34,--,19,21546,买盘
1813,13:19:39,11.34,0.01,2,2268,买盘
1814,13:19:36,11.33,--,310,351230,卖盘
1815,13:19:33,11.33,--,25,28325,卖盘
1816,13:19:30,11.33,-0.01,25,28325,卖盘
1817,13:19:27,11.34,--,38,43092,买盘
1818,13:19:24,11.34,0.01,50,56700,买盘
1819,13:19:21,11.33,--,20,22660,卖盘
1820,13:19:18,11.33,-0.01,7,7931,卖盘
1821,13:19:15,11.34,0.01,31,35154,买盘
1822,13:19:12,11.33,--,77,87241,卖盘
1823,13:19:09,11.33,-0.01,53,60049,卖盘
1824,13:19:06,11.34,--,66,74844,买盘
1825,13:19:03,11.34,--,26,29484,买盘
1826,13:19:00,11.34,--,20,22680,买盘
1827,13:18:54,11.34,--,7,7938,买盘
1828,13:18:51,11.34,0.01,111,125874,买盘
1829,13:18:48,11.33,-0.01,52,58916,卖盘
1830,13:18:45,11.34,--,182,206388,买盘
1831,13:18:42,11.34,0.01,95,107730,买盘
1832,13:18:39,11.33,-0.01,32,36256,卖盘
1833,13:18:36,11.34,0.01,56,63504,买盘
1834,13:18:33,11.33,-0.01,21,23793,卖盘
1835,13:18:30,11.34,--,185,209790,买盘
1836,13:18:27,11.34,--,22,24948,买盘
1837,13:18:24,11.34,--,3,3402,买盘
1838,13:18:21,11.34,0.01,34,38556,买盘
1839,13:18:18,11.33,--,89,100837,卖盘
1840,13:18:15,11.33,--,11,12463,卖盘
1841,13:18:12,11.33,--,167,189211,卖盘
1842,13:18:09,11.33,--,151,171083,卖盘
1843,13:18:06,11.33,-0.01,5,5665,卖盘
1844,13:18:03,11.34,--,126,142884,买盘
1845,13:18:00,11.34,0.01,15,17010,买盘
1846,13:17:57,11.33,-0.01,5,5665,卖盘
1847,13:17:54,11.34,0.01,57,64638,买盘
1848,13:17:51,11.33,--,15,16995,卖盘
1849,13:17:48,11.33,-0.01,72,81576,卖盘
1850,13:17:45,11.34,0.01,20,22680,买盘
1851,13:17:42,11.33,-0.01,117,132561,卖盘
1852,13:17:39,11.34,--,100,113400,买盘
1853,13:17:36,11.34,--,47,53298,买盘
1854,13:17:33,11.34,--,8,9072,买盘
1855,13:17:30,11.34,--,14,15876,买盘
1856,13:17:27,11.34,--,47,53298,买盘
1857,13:17:24,11.34,--,31,35154,买盘
1858,13:17:21,11.34,--,109,123606,买盘
1859,13:17:18,11.34,--,94,106596,买盘
1860,13:17:15,11.34,--,169,191646,买盘
1861,13:17:12,11.34,--,19,21546,买盘
1862,13:17:06,11.34,--,13,14742,买盘
1863,13:17:03,11.34,--,2,2268,买盘
1864,13:17:00,11.34,--,15,17010,买盘
1865,13:16:57,11.34,--,59,66906,买盘
1866,13:16:51,11.34,--,16,18144,买盘
1867,13:16:45,11.34,--,2,2268,买盘
1868,13:16:42,11.34,--,36,40824,买盘
1869,13:16:39,11.34,0.01,75,85050,买盘
1870,13:16:36,11.33,-0.01,58,65714,卖盘
1871,13:16:30,11.34,--,14,15876,买盘
1872,13:16:27,11.34,--,42,47628,买盘
1873,13:16:24,11.34,--,26,29484,买盘
1874,13:16:21,11.34,--,82,92988,买盘
1875,13:16:18,11.34,--,74,83916,买盘
1876,13:16:15,11.34,--,17,19278,买盘
1877,13:16:12,11.34,0.01,31,35154,买盘
1878,13:16:09,11.33,-0.01,84,95172,卖盘
1879,13:16:06,11.34,--,1,1134,买盘
1880,13:16:03,11.34,--,119,134946,买盘
1881,13:16:00,11.34,--,15,17010,买盘
1882,13:15:54,11.34,--,3,3402,买盘
1883,13:15:51,11.34,--,22,24948,买盘
1884,13:15:48,11.34,--,14,15876,买盘
1885,13:15:45,11.34,--,47,53298,买盘
1886,13:15:42,11.34,--,36,40824,买盘
1887,13:15:39,11.34,--,100,114080,卖盘
1888,13:15:33,11.34,-0.01,24,27216,卖盘
1889,13:15:30,11.35,0.01,59,66965,买盘
1890,13:15:27,11.34,--,8,9525,买盘
1891,13:15:24,11.34,--,52,58968,买盘
1892,13:15:21,11.34,--,138,156492,买盘
1893,13:15:18,11.34,--,67,75978,买盘
1894,13:15:15,11.34,--,49,55566,买盘
1895,13:15:12,11.34,--,66,74844,买盘
1896,13:15:09,11.34,--,111,125874,买盘
1897,13:15:06,11.34,--,180,204120,买盘
1898,13:15:03,11.34,--,21,23814,买盘
1899,13:15:00,11.34,--,474,537516,买盘
1900,13:14:51,11.34,0.01,616,698544,买盘
1901,13:14:48,11.33,-0.01,5,5665,卖盘
1902,13:14:45,11.34,--,122,138348,买盘
1903,13:14:42,11.34,--,22,24948,买盘
1904,13:14:36,11.34,--,122,138348,买盘
1905,13:14:33,11.34,--,70,79380,买盘
1906,13:14:30,11.34,--,15,17010,买盘
1907,13:14:27,11.34,0.01,3,3402,买盘
1908,13:14:24,11.33,-0.01,15,16995,卖盘
1909,13:14:21,11.34,0.01,15,17010,买盘
1910,13:14:18,11.33,-0.01,5,5665,卖盘
1911,13:14:15,11.34,0.01,44,49896,买盘
1912,13:14:12,11.33,-0.01,15,16995,卖盘
1913,13:14:09,11.34,--,17,19278,买盘
1914,13:14:03,11.34,--,2,2268,买盘
1915,13:14:00,11.34,--,43,48762,买盘
1916,13:13:57,11.34,--,48,54432,买盘
1917,13:13:54,11.34,--,54,61236,买盘
1918,13:13:51,11.34,--,20,22680,买盘
1919,13:13:48,11.34,--,22,24948,买盘
1920,13:13:45,11.34,--,525,595350,买盘
1921,13:13:42,11.34,--,148,167832,买盘
1922,13:13:39,11.34,--,88,99792,买盘
1923,13:13:33,11.34,--,1,1134,买盘
1924,13:13:30,11.34,--,14,15876,买盘
1925,13:13:27,11.34,--,8,9072,买盘
1926,13:13:21,11.34,0.01,235,266490,买盘
1927,13:13:18,11.33,-0.01,5,5665,卖盘
1928,13:13:12,11.34,--,14,15876,买盘
1929,13:13:09,11.34,0.01,9,10206,买盘
1930,13:13:06,11.33,--,10,11330,卖盘
1931,13:13:03,11.33,-0.01,232,262856,卖盘
1932,13:13:00,11.34,--,33,37422,买盘
1933,13:12:54,11.34,--,1,1134,买盘
1934,13:12:51,11.34,--,15,17010,买盘
1935,13:12:48,11.34,0.01,133,150822,买盘
1936,13:12:45,11.33,--,68,77044,买盘
1937,13:12:42,11.33,--,16,18128,买盘
1938,13:12:36,11.33,--,200,226600,买盘
1939,13:12:33,11.33,--,2,2266,买盘
1940,13:12:30,11.33,--,18,20394,买盘
1941,13:12:27,11.33,0.01,60,67980,买盘
1942,13:12:21,11.32,-0.01,24,27168,卖盘
1943,13:12:18,11.33,--,73,82709,买盘
1944,13:12:12,11.33,--,29,32857,买盘
1945,13:12:09,11.33,--,298,337634,买盘
1946,13:12:06,11.33,--,15,16995,买盘
1947,13:12:03,11.33,0.01,3,3399,买盘
1948,13:12:00,11.32,-0.01,36,40752,卖盘
1949,13:11:57,11.33,-0.01,143,162019,卖盘
1950,13:11:51,11.34,0.01,83,94122,买盘
1951,13:11:48,11.33,--,15,16995,买盘
1952,13:11:42,11.33,--,17,19261,买盘
1953,13:11:39,11.33,--,138,156354,卖盘
1954,13:11:36,11.33,0.01,6,6798,卖盘
1955,13:11:33,11.32,-0.02,560,633920,卖盘
1956,13:11:30,11.34,--,15,17010,买盘
1957,13:11:27,11.34,0.01,30,34020,买盘
1958,13:11:24,11.33,--,270,305910,买盘
1959,13:11:21,11.33,0.01,22,24926,买盘
1960,13:11:18,11.32,-0.01,99,113177,卖盘
1961,13:11:15,11.33,--,148,167684,买盘
1962,13:11:12,11.33,--,17,19261,买盘
1963,13:11:09,11.33,--,147,167162,买盘
1964,13:11:03,11.33,--,99,112167,买盘
1965,13:11:00,11.33,--,165,186945,买盘
1966,13:10:57,11.33,--,103,117764,买盘
1967,13:10:54,11.33,0.01,10,11330,买盘
1968,13:10:51,11.32,-0.01,35,39620,卖盘
1969,13:10:48,11.33,0.01,159,180690,买盘
1970,13:10:45,11.32,-0.01,15,16980,卖盘
1971,13:10:42,11.33,--,45,50985,买盘
1972,13:10:39,11.33,--,89,100837,买盘
1973,13:10:36,11.33,0.01,112,127972,买盘
1974,13:10:33,11.32,-0.01,6,6792,卖盘
1975,13:10:30,11.33,--,18,20394,买盘
1976,13:10:27,11.33,0.01,8,9064,买盘
1977,13:10:24,11.32,-0.01,4,5309,卖盘
1978,13:10:21,11.33,0.01,79,89507,买盘
1979,13:10:18,11.32,--,7,7924,卖盘
1980,13:10:15,11.32,--,1,1132,卖盘
1981,13:10:12,11.32,-0.01,19,22130,卖盘
1982,13:10:09,11.33,--,33,37389,买盘
1983,13:10:06,11.33,--,5,5665,买盘
1984,13:10:03,11.33,--,80,90685,买盘
1985,13:10:00,11.33,--,14,15862,买盘
1986,13:09:57,11.33,--,88,99704,买盘
1987,13:09:51,11.33,0.01,124,141500,买盘
1988,13:09:48,11.32,-0.01,438,495816,卖盘
1989,13:09:45,11.33,--,58,65714,买盘
1990,13:09:42,11.33,--,43,48968,买盘
1991,13:09:39,11.33,--,28,31724,买盘
1992,13:09:36,11.33,0.01,91,103103,买盘
1993,13:09:30,11.32,-0.01,43,48936,卖盘
1994,13:09:27,11.33,--,94,106502,买盘
1995,13:09:21,11.33,0.01,103,116699,买盘
1996,13:09:18,11.32,--,4,5501,卖盘
1997,13:09:12,11.32,-0.01,43,48676,卖盘
1998,13:09:09,11.33,0.01,53,60049,买盘
1999,13:09:06,11.32,--,13,15010,卖盘
2000,13:09:03,11.32,-0.01,8,9056,卖盘
2001,13:09:00,11.33,0.01,15,16995,买盘
2002,13:08:57,11.32,--,4,5343,卖盘
2003,13:08:51,11.32,--,46,52072,买盘
2004,13:08:48,11.32,0.01,22,24904,买盘
2005,13:08:45,11.31,-0.01,4,5372,卖盘
2006,13:08:42,11.32,--,20,22640,买盘
2007,13:08:39,11.32,0.01,81,91692,买盘
2008,13:08:36,11.31,-0.01,4,4524,卖盘
2009,13:08:33,11.32,--,111,125957,买盘
2010,13:08:30,11.32,--,15,16980,买盘
2011,13:08:27,11.32,0.01,3,3396,买盘
2012,13:08:24,11.31,--,70,79170,卖盘
2013,13:08:21,11.31,-0.01,52,58981,卖盘
2014,13:08:18,11.32,--,5,5660,买盘
2015,13:08:15,11.32,--,68,76976,买盘
2016,13:08:12,11.32,--,25,28367,买盘
2017,13:08:09,11.32,0.01,19,21508,买盘
2018,13:08:03,11.31,--,8,9048,卖盘
2019,13:08:00,11.31,-0.01,29,33217,卖盘
2020,13:07:57,11.32,--,57,64524,买盘
2021,13:07:54,11.32,--,50,56600,买盘
2022,13:07:51,11.32,--,19,22119,买盘
2023,13:07:48,11.32,--,32,36224,买盘
2024,13:07:45,11.32,--,6,6792,买盘
2025,13:07:42,11.32,--,14,15848,买盘
2026,13:07:39,11.32,--,53,61037,买盘
2027,13:07:36,11.32,--,96,108672,买盘
2028,13:07:33,11.32,--,2,2264,买盘
2029,13:07:30,11.32,--,24,27168,买盘
2030,13:07:27,11.32,--,33,37582,买盘
2031,13:07:24,11.32,--,9,10188,买盘
2032,13:07:21,11.32,0.01,86,97352,买盘
2033,13:07:18,11.31,--,44,49967,卖盘
2034,13:07:12,11.31,--,34,38454,卖盘
2035,13:07:09,11.31,--,1,1131,卖盘
2036,13:07:06,11.31,-0.01,35,39596,卖盘
2037,13:07:03,11.32,0.01,44,49808,买盘
2038,13:07:00,11.31,--,56,63336,卖盘
2039,13:06:54,11.31,-0.01,7,8629,卖盘
2040,13:06:51,11.32,--,15,16980,买盘
2041,13:06:48,11.32,--,25,28300,买盘
2042,13:06:45,11.32,--,118,133609,买盘
2043,13:06:42,11.32,--,14,15848,买盘
2044,13:06:39,11.32,--,106,119992,买盘
2045,13:06:33,11.32,--,5,6554,买盘
2046,13:06:30,11.32,--,15,16980,买盘
2047,13:06:27,11.32,0.01,51,57732,买盘
2048,13:06:24,11.31,--,12,13572,卖盘
2049,13:06:21,11.31,--,20,22789,卖盘
2050,13:06:12,11.31,-0.01,20,22868,卖盘
2051,13:06:09,11.32,0.01,44,49808,买盘
2052,13:06:06,11.31,-0.01,12,13572,卖盘
2053,13:06:03,11.32,--,1,1132,买盘
2054,13:06:00,11.32,--,19,22447,买盘
2055,13:05:57,11.32,--,21,23772,买盘
2056,13:05:54,11.32,--,25,28300,买盘
2057,13:05:51,11.32,0.01,79,89428,买盘
2058,13:05:48,11.31,-0.01,43,49594,卖盘
2059,13:05:45,11.32,0.01,48,54336,买盘
2060,13:05:42,11.31,-0.01,64,72384,卖盘
2061,13:05:39,11.32,--,86,97589,买盘
2062,13:05:33,11.32,--,40,45280,买盘
2063,13:05:30,11.32,--,14,15848,买盘
2064,13:05:27,11.32,--,124,140718,卖盘
2065,13:05:24,11.32,-0.01,14,15848,卖盘
2066,13:05:21,11.33,0.01,39,44187,买盘
2067,13:05:15,11.32,--,31,35827,买盘
2068,13:05:12,11.32,--,14,15848,买盘
2069,13:05:09,11.32,0.01,7,7924,买盘
2070,13:05:03,11.31,-0.01,20,23366,卖盘
2071,13:04:57,11.32,--,65,73580,买盘
2072,13:04:54,11.32,0.01,12,14331,买盘
2073,13:04:51,11.31,-0.02,76,85956,卖盘
2074,13:04:42,11.33,--,22,25503,买盘
2075,13:04:39,11.33,0.01,359,407086,买盘
2076,13:04:36,11.32,--,1,1132,卖盘
2077,13:04:33,11.32,-0.01,44,49808,卖盘
2078,13:04:30,11.33,--,31,35553,买盘
2079,13:04:27,11.33,0.01,10,11330,买盘
2080,13:04:21,11.32,-0.01,90,102185,卖盘
2081,13:04:18,11.33,--,34,38522,买盘
2082,13:04:15,11.33,--,19,21527,买盘
2083,13:04:12,11.33,--,15,16995,买盘
2084,13:04:09,11.33,--,100,113617,买盘
2085,13:04:03,11.33,--,50,56650,买盘
2086,13:04:00,11.33,0.01,14,15862,买盘
2087,13:03:57,11.32,--,5,5863,卖盘
2088,13:03:54,11.32,-0.01,2,2264,卖盘
2089,13:03:51,11.33,0.01,34,38522,买盘
2090,13:03:48,11.32,-0.01,4,5173,卖盘
2091,13:03:45,11.33,--,55,62315,买盘
2092,13:03:42,11.33,--,73,82709,买盘
2093,13:03:39,11.33,0.01,81,91773,买盘
2094,13:03:36,11.32,-0.01,18,20998,卖盘
2095,13:03:33,11.33,--,1,1133,买盘
2096,13:03:30,11.33,--,16,18128,买盘
2097,13:03:27,11.33,0.01,64,72512,买盘
2098,13:03:24,11.32,--,4,5060,卖盘
2099,13:03:21,11.32,-0.01,58,65656,卖盘
2100,13:03:15,11.33,--,18,20394,买盘
2101,13:03:12,11.33,--,14,15862,买盘
2102,13:03:09,11.33,--,67,75911,买盘
2103,13:03:06,11.33,0.01,1,1133,买盘
2104,13:03:03,11.32,--,5,5660,卖盘
2105,13:03:00,11.32,-0.01,21,23772,卖盘
2106,13:02:54,11.33,0.01,16,18128,买盘
2107,13:02:51,11.32,--,60,67920,卖盘
2108,13:02:48,11.32,--,3,3396,卖盘
2109,13:02:42,11.32,--,396,448272,买盘
2110,13:02:39,11.32,--,12,13584,买盘
2111,13:02:36,11.32,--,83,93956,买盘
2112,13:02:33,11.32,--,56,63392,买盘
2113,13:02:30,11.32,--,34,38488,买盘
2114,13:02:27,11.32,--,6,6792,卖盘
2115,13:02:24,11.32,-0.01,469,530908,卖盘
2116,13:02:21,11.33,0.01,14,15862,买盘
2117,13:02:15,11.32,-0.01,10,11320,卖盘
2118,13:02:12,11.33,0.01,156,176748,买盘
2119,13:02:09,11.32,--,6,6792,买盘
2120,13:02:06,11.32,--,23,26036,买盘
2121,13:02:03,11.32,--,1,1132,买盘
2122,13:02:00,11.32,--,35,39620,买盘
2123,13:01:57,11.32,--,100,113200,买盘
2124,13:01:54,11.32,--,65,73580,买盘
2125,13:01:51,11.32,--,17,19244,买盘
2126,13:01:48,11.32,--,13,14716,买盘
2127,13:01:45,11.32,--,2,2264,买盘
2128,13:01:42,11.32,0.01,105,118860,买盘
2129,13:01:39,11.31,-0.01,94,106314,卖盘
2130,13:01:36,11.32,--,14,15848,买盘
2131,13:01:33,11.32,--,12,13584,买盘
2132,13:01:30,11.32,--,65,73580,买盘
2133,13:01:27,11.32,--,51,57732,买盘
2134,13:01:24,11.32,--,14,15848,买盘
2135,13:01:21,11.32,0.01,80,90560,买盘
2136,13:01:18,11.31,-0.01,2,2262,卖盘
2137,13:01:15,11.32,--,57,64524,买盘
2138,13:01:12,11.32,--,14,15848,买盘
2139,13:01:03,11.32,0.01,65,73580,买盘
2140,13:01:00,11.31,-0.01,118,133458,卖盘
2141,13:00:57,11.32,--,7,7924,买盘
2142,13:00:54,11.32,--,39,44148,买盘
2143,13:00:51,11.32,0.01,54,61128,买盘
2144,13:00:48,11.31,-0.01,3,3393,卖盘
2145,13:00:45,11.32,--,83,93956,买盘
2146,13:00:42,11.32,--,14,15848,买盘
2147,13:00:39,11.32,--,82,92824,买盘
2148,13:00:36,11.32,--,200,226400,买盘
2149,13:00:33,11.32,--,1,1132,买盘
2150,13:00:30,11.32,--,14,15848,买盘
2151,13:00:27,11.32,--,72,81504,买盘
2152,13:00:24,11.32,--,15,16980,买盘
2153,13:00:21,11.32,--,15,16980,买盘
2154,13:00:18,11.32,0.01,42,47544,买盘
2155,13:00:15,11.31,-0.01,1,1131,卖盘
2156,13:00:12,11.32,--,16,18112,买盘
2157,13:00:09,11.32,0.01,1,1132,买盘
2158,13:00:06,11.31,-0.01,71,80301,卖盘
2159,13:00:03,11.32,0.01,2070,2343240,买盘
2160,13:00:00,11.31,--,0,0,买盘
2161,11:30:00,11.31,0.01,105,118755,买盘
2162,11:29:54,11.3,-0.01,10,11300,卖盘
2163,11:29:51,11.31,--,79,89349,买盘
2164,11:29:42,11.31,--,162,183222,卖盘
2165,11:29:39,11.31,-0.01,18,20358,卖盘
2166,11:29:33,11.32,--,51,57732,买盘
2167,11:29:30,11.32,--,15,16980,买盘
2168,11:29:27,11.32,0.01,3,3396,买盘
2169,11:29:24,11.31,-0.01,78,88218,卖盘
2170,11:29:21,11.32,0.01,23,26036,买盘
2171,11:29:18,11.31,-0.01,36,40716,卖盘
2172,11:29:15,11.32,--,57,64524,买盘
2173,11:29:12,11.32,0.01,14,15848,买盘
2174,11:29:09,11.31,-0.01,27,30537,卖盘
2175,11:29:06,11.32,--,57,64524,买盘
2176,11:29:03,11.32,--,5,5660,买盘
2177,11:29:00,11.32,--,65,73580,买盘
2178,11:28:57,11.32,0.01,61,69052,买盘
2179,11:28:51,11.31,-0.01,10,11310,中性盘
2180,11:28:45,11.32,0.02,122,138104,买盘
2181,11:28:42,11.3,-0.02,1016,1148080,卖盘
2182,11:28:39,11.32,--,87,98484,买盘
2183,11:28:36,11.32,0.01,11,12452,买盘
2184,11:28:33,11.31,-0.01,20,22846,卖盘
2185,11:28:30,11.32,--,523,592036,卖盘
2186,11:28:27,11.32,--,88,99616,卖盘
2187,11:28:24,11.32,--,110,124520,卖盘
2188,11:28:21,11.32,--,49,55468,买盘
2189,11:28:18,11.32,--,135,152820,中性盘
2190,11:28:15,11.32,--,201,227532,卖盘
2191,11:28:12,11.32,-0.01,41,46412,中性盘
2192,11:28:09,11.33,0.01,633,717189,买盘
2193,11:28:06,11.32,--,11,12452,买盘
2194,11:28:03,11.32,--,53,59996,买盘
2195,11:28:00,11.32,--,120,135840,买盘
2196,11:27:57,11.32,--,343,388276,卖盘
2197,11:27:54,11.32,--,3,3396,卖盘
2198,11:27:51,11.32,--,841,952012,卖盘
2199,11:27:48,11.32,-0.01,90,101880,卖盘
2200,11:27:45,11.33,0.01,102,115566,买盘
2201,11:27:42,11.32,-0.01,20,22640,卖盘
2202,11:27:39,11.33,0.01,14,15862,买盘
2203,11:27:36,11.32,-0.01,10,11320,卖盘
2204,11:27:33,11.33,--,449,508717,买盘
2205,11:27:30,11.33,--,327,370491,买盘
2206,11:27:27,11.33,--,230,260590,买盘
2207,11:27:24,11.33,--,114,129162,买盘
2208,11:27:21,11.33,--,29,32857,买盘
2209,11:27:18,11.33,--,37,41921,买盘
2210,11:27:15,11.33,--,130,147290,买盘
2211,11:27:12,11.33,--,40,45320,买盘
2212,11:27:09,11.33,0.01,85,96305,买盘
2213,11:27:06,11.32,--,798,903336,卖盘
2214,11:27:03,11.32,--,10,11320,卖盘
2215,11:27:00,11.32,--,49,55468,买盘
2216,11:26:57,11.32,--,587,664484,买盘
2217,11:26:54,11.32,--,30,33960,买盘
2218,11:26:51,11.32,--,136,153952,买盘
2219,11:26:48,11.32,--,64,72448,买盘
2220,11:26:45,11.32,0.01,23,26036,买盘
2221,11:26:42,11.31,--,66,74646,卖盘
2222,11:26:39,11.31,--,237,269087,买盘
2223,11:26:36,11.31,0.01,164,185484,买盘
2224,11:26:33,11.3,-0.01,76,85880,卖盘
2225,11:26:30,11.31,--,17,19227,买盘
2226,11:26:27,11.31,--,88,99528,买盘
2227,11:26:24,11.31,0.01,100,113100,买盘
2228,11:26:21,11.3,-0.01,59,66670,卖盘
2229,11:26:18,11.31,--,8,9048,买盘
2230,11:26:15,11.31,0.01,75,84825,买盘
2231,11:26:12,11.3,--,36,40680,卖盘
2232,11:26:09,11.3,--,1,1130,卖盘
2233,11:26:06,11.3,--,165,187568,买盘
2234,11:26:03,11.3,--,487,550310,买盘
2235,11:26:00,11.3,--,82,92660,买盘
2236,11:25:57,11.3,--,3383,3822790,买盘
2237,11:25:54,11.3,--,105,118650,买盘
2238,11:25:51,11.3,0.01,14,15820,买盘
2239,11:25:48,11.29,-0.01,42,47418,卖盘
2240,11:25:45,11.3,--,1,1130,买盘
2241,11:25:42,11.3,--,34,38420,买盘
2242,11:25:39,11.3,--,182,205660,买盘
2243,11:25:36,11.3,0.01,70,79100,买盘
2244,11:25:33,11.29,-0.01,27,30482,卖盘
2245,11:25:30,11.3,--,26,29380,买盘
2246,11:25:27,11.3,0.01,4,4520,买盘
2247,11:25:24,11.29,--,9,10161,卖盘
2248,11:25:21,11.29,-0.01,87,98222,卖盘
2249,11:25:18,11.3,--,35,39550,买盘
2250,11:25:15,11.3,0.01,263,297190,买盘
2251,11:25:12,11.29,--,315,355635,卖盘
2252,11:25:09,11.29,--,23,25966,卖盘
2253,11:25:06,11.29,-0.01,50,56449,卖盘
2254,11:25:03,11.3,--,72,81360,买盘
2255,11:25:00,11.3,--,23,25990,买盘
2256,11:24:57,11.3,--,36,40680,买盘
2257,11:24:51,11.3,0.01,114,128820,买盘
2258,11:24:48,11.29,-0.01,15,16935,卖盘
2259,11:24:45,11.3,0.01,62,70060,买盘
2260,11:24:42,11.29,--,70,79030,卖盘
2261,11:24:39,11.29,--,6,6773,卖盘
2262,11:24:33,11.29,--,214,241605,卖盘
2263,11:24:30,11.29,--,43,48546,卖盘
2264,11:24:27,11.29,--,147,165963,卖盘
2265,11:24:24,11.29,-0.01,50,56449,卖盘
2266,11:24:21,11.3,--,22,24860,买盘
2267,11:24:18,11.3,0.01,26,29380,买盘
2268,11:24:15,11.29,-0.01,50,56449,卖盘
2269,11:24:12,11.3,--,116,131080,买盘
2270,11:24:09,11.3,0.01,72,81360,买盘
2271,11:24:06,11.29,--,11,12418,卖盘
2272,11:24:03,11.29,-0.01,20,22580,卖盘
2273,11:24:00,11.3,0.01,43,48590,买盘
2274,11:23:57,11.29,--,107,120802,卖盘
2275,11:23:54,11.29,-0.01,63,71127,卖盘
2276,11:23:51,11.3,0.01,93,105090,买盘
2277,11:23:48,11.29,-0.01,39,44031,卖盘
2278,11:23:45,11.3,--,17,19210,买盘
2279,11:23:42,11.3,--,25,28250,买盘
2280,11:23:39,11.3,0.01,1,1130,买盘
2281,11:23:36,11.29,--,56,63675,卖盘
2282,11:23:33,11.29,-0.01,59,66611,卖盘
2283,11:23:30,11.3,--,16,18080,买盘
2284,11:23:27,11.3,0.01,32,36160,买盘
2285,11:23:24,11.29,-0.01,25,28224,卖盘
2286,11:23:21,11.3,--,31,35030,买盘
2287,11:23:18,11.3,--,1236,1396680,买盘
2288,11:23:15,11.3,0.01,223,251990,买盘
2289,11:23:12,11.29,-0.01,20,22580,卖盘
2290,11:23:09,11.3,--,4,4520,买盘
2291,11:23:06,11.3,--,10,11300,买盘
2292,11:23:03,11.3,--,156,176280,买盘
2293,11:23:00,11.3,--,16,18080,买盘
2294,11:22:57,11.3,--,111,125430,买盘
2295,11:22:54,11.3,--,700,791000,买盘
2296,11:22:51,11.3,0.01,16,18080,买盘
2297,11:22:48,11.29,-0.01,9,10161,卖盘
2298,11:22:45,11.3,0.01,296,334480,买盘
2299,11:22:42,11.29,-0.01,55,62094,卖盘
2300,11:22:39,11.3,--,56,63280,买盘
2301,11:22:36,11.3,0.01,24,27120,买盘
2302,11:22:33,11.29,--,146,164834,卖盘
2303,11:22:30,11.29,--,68,76772,卖盘
2304,11:22:27,11.29,-0.01,20,22580,卖盘
2305,11:22:24,11.3,--,2,2260,买盘
2306,11:22:21,11.3,--,54,61020,买盘
2307,11:22:18,11.3,0.01,15,16950,买盘
2308,11:22:15,11.29,--,229,258540,卖盘
2309,11:22:12,11.29,--,65,73385,买盘
2310,11:22:09,11.29,--,102,115157,买盘
2311,11:22:06,11.29,--,87,98222,买盘
2312,11:22:03,11.29,--,383,432406,买盘
2313,11:22:00,11.29,0.01,505,570145,买盘
2314,11:21:57,11.28,--,128,144384,卖盘
2315,11:21:54,11.28,-0.01,19,21432,卖盘
2316,11:21:51,11.29,0.01,1024,1156096,买盘
2317,11:21:48,11.28,--,501,565128,卖盘
2318,11:21:45,11.28,--,71,80088,卖盘
2319,11:21:42,11.28,--,49,55272,卖盘
2320,11:21:39,11.28,--,42,47376,卖盘
2321,11:21:36,11.28,-0.01,17,19176,卖盘
2322,11:21:33,11.29,--,134,151286,买盘
2323,11:21:30,11.29,--,68,76772,买盘
2324,11:21:27,11.29,--,99,111770,买盘
2325,11:21:21,11.29,--,27,30482,买盘
2326,11:21:18,11.29,--,6,6773,买盘
2327,11:21:15,11.29,0.01,100,112899,买盘
2328,11:21:12,11.28,--,41,46248,卖盘
2329,11:21:09,11.28,--,527,594456,买盘
2330,11:21:03,11.28,--,25,28200,买盘
2331,11:21:00,11.28,--,180,203040,买盘
2332,11:20:57,11.28,--,156,175968,买盘
2333,11:20:54,11.28,--,70,78960,买盘
2334,11:20:51,11.28,--,45,50760,买盘
2335,11:20:48,11.28,--,15,16920,买盘
2336,11:20:45,11.28,--,253,285384,买盘
2337,11:20:42,11.28,--,17,19176,买盘
2338,11:20:39,11.28,--,38,42864,买盘
2339,11:20:36,11.28,--,20,22560,买盘
2340,11:20:33,11.28,--,239,269592,买盘
2341,11:20:30,11.28,--,217,244776,买盘
2342,11:20:27,11.28,--,56,63168,买盘
2343,11:20:24,11.28,--,2,2256,买盘
2344,11:20:21,11.28,--,14,15792,买盘
2345,11:20:18,11.28,--,25,28200,买盘
2346,11:20:15,11.28,--,50,56400,买盘
2347,11:20:12,11.28,0.01,29,32711,买盘
2348,11:20:09,11.27,-0.01,64,72128,卖盘
2349,11:20:06,11.28,--,32,36096,买盘
2350,11:20:03,11.28,0.01,158,178224,买盘
2351,11:20:00,11.27,-0.01,23,25921,卖盘
2352,11:19:57,11.28,--,180,203491,买盘
2353,11:19:54,11.28,--,11,12408,买盘
2354,11:19:51,11.28,0.01,156,175968,买盘
2355,11:19:48,11.27,--,320,360640,买盘
2356,11:19:45,11.27,--,131,147637,买盘
2357,11:19:42,11.27,--,17,19159,买盘
2358,11:19:39,11.27,0.01,130,146510,买盘
2359,11:19:36,11.26,--,700,788200,卖盘
2360,11:19:33,11.26,--,607,683527,买盘
2361,11:19:30,11.26,--,146,164396,买盘
2362,11:19:27,11.26,--,3,3378,买盘
2363,11:19:21,11.26,0.01,59,66434,买盘
2364,11:19:18,11.25,-0.01,22,24750,卖盘
2365,11:19:15,11.26,--,1278,1439028,买盘
2366,11:19:12,11.26,0.01,36,40536,买盘
2367,11:19:06,11.25,-0.01,12,13500,卖盘
2368,11:19:00,11.26,0.01,16,18016,买盘
2369,11:18:54,11.25,-0.01,13,14625,卖盘
2370,11:18:51,11.26,0.01,19,21394,买盘
2371,11:18:48,11.25,--,47,52875,卖盘
2372,11:18:42,11.25,-0.01,16,18000,卖盘
2373,11:18:39,11.26,--,41,46166,买盘
2374,11:18:30,11.26,--,40,45040,买盘
2375,11:18:27,11.26,0.01,8,9008,买盘
2376,11:18:24,11.25,-0.01,1,1125,卖盘
2377,11:18:21,11.26,0.02,14,15764,买盘
2378,11:18:18,11.24,--,2,2248,卖盘
2379,11:18:15,11.24,-0.02,3,3372,卖盘
2380,11:18:12,11.26,0.01,644,725144,买盘
2381,11:18:09,11.25,--,13,14625,买盘
2382,11:18:00,11.25,--,16,18000,买盘
2383,11:17:51,11.25,0.01,39,43875,买盘
2384,11:17:48,11.24,--,16,17984,买盘
2385,11:17:45,11.24,--,15,16860,买盘
2386,11:17:42,11.24,--,142,159608,买盘
2387,11:17:30,11.24,--,16,17984,买盘
2388,11:17:27,11.24,0.01,304,341696,买盘
2389,11:17:24,11.23,-0.01,12,13476,卖盘
2390,11:17:21,11.24,--,15,16860,买盘
2391,11:17:12,11.24,--,14,15736,买盘
2392,11:17:00,11.24,--,130,146120,买盘
2393,11:16:57,11.24,-0.01,1588,1784912,卖盘
2394,11:16:54,11.25,--,30,33750,买盘
2395,11:16:51,11.25,0.01,100,112500,买盘
2396,11:16:48,11.24,--,79,88796,卖盘
2397,11:16:45,11.24,-0.01,8,8992,卖盘
2398,11:16:42,11.25,0.01,14,15750,买盘
2399,11:16:33,11.24,-0.01,25,28100,卖盘
2400,11:16:30,11.25,--,243,273375,买盘
2401,11:16:27,11.25,--,3,3375,买盘
2402,11:16:24,11.25,--,3,3375,买盘
2403,11:16:21,11.25,0.01,25,28125,买盘
2404,11:16:18,11.24,--,12,13488,卖盘
2405,11:16:12,11.24,--,54,60696,卖盘
2406,11:16:09,11.24,-0.01,2,2248,卖盘
2407,11:16:03,11.25,--,1,1125,买盘
2408,11:16:00,11.25,0.01,14,15750,买盘
2409,11:15:57,11.24,-0.01,40,44960,卖盘
2410,11:15:51,11.25,0.01,14,15750,买盘
2411,11:15:48,11.24,--,10,11240,卖盘
2412,11:15:45,11.24,--,40,44960,卖盘
2413,11:15:42,11.24,--,52,58448,卖盘
2414,11:15:39,11.24,--,5,5620,卖盘
2415,11:15:33,11.24,--,52,58448,卖盘
2416,11:15:30,11.24,--,15,16860,卖盘
2417,11:15:27,11.24,--,469,527156,卖盘
2418,11:15:24,11.24,-0.01,41,46084,卖盘
2419,11:15:21,11.25,0.01,14,15750,买盘
2420,11:15:15,11.24,-0.01,40,44960,卖盘
2421,11:15:12,11.25,--,29,32625,买盘
2422,11:15:09,11.25,0.01,2,2250,买盘
2423,11:15:06,11.24,--,8,8992,卖盘
2424,11:15:03,11.24,-0.01,7,7868,卖盘
2425,11:15:00,11.25,--,20,22500,买盘
2426,11:14:51,11.25,0.01,15,16875,买盘
2427,11:14:48,11.24,--,1,1124,卖盘
2428,11:14:45,11.24,-0.01,40,44960,卖盘
2429,11:14:42,11.25,--,53,59625,买盘
2430,11:14:39,11.25,--,18,21352,卖盘
2431,11:14:36,11.25,--,27,30375,卖盘
2432,11:14:30,11.25,-0.01,31,34875,卖盘
2433,11:14:27,11.26,0.01,3,3378,买盘
2434,11:14:21,11.25,--,124,139500,卖盘
2435,11:14:18,11.25,--,506,569250,卖盘
2436,11:14:15,11.25,--,5,5625,卖盘
2437,11:14:12,11.25,--,114,128250,卖盘
2438,11:14:09,11.25,--,49,55125,卖盘
2439,11:14:06,11.25,--,19,21375,卖盘
2440,11:14:00,11.25,--,104,117000,卖盘
2441,11:13:57,11.25,-0.01,41,46125,卖盘
2442,11:13:51,11.26,0.01,19,21394,买盘
2443,11:13:48,11.25,-0.01,15,16875,卖盘
2444,11:13:45,11.26,0.01,21,23646,买盘
2445,11:13:42,11.25,-0.01,62,69750,卖盘
2446,11:13:36,11.26,--,1,1126,买盘
2447,11:13:33,11.26,--,14,15764,买盘
2448,11:13:30,11.26,--,17,19142,买盘
2449,11:13:27,11.26,--,4,4504,买盘
2450,11:13:21,11.26,0.01,58,65308,买盘
2451,11:13:18,11.25,-0.01,12,13500,卖盘
2452,11:13:12,11.26,0.01,47,52922,买盘
2453,11:13:09,11.25,-0.01,167,187875,卖盘
2454,11:13:06,11.26,--,296,333296,买盘
2455,11:13:00,11.26,--,14,15764,买盘
2456,11:12:57,11.26,--,15,16890,买盘
2457,11:12:51,11.26,--,154,173404,买盘
2458,11:12:48,11.26,--,19,21394,买盘
2459,11:12:42,11.26,--,31,34906,买盘
2460,11:12:39,11.26,0.01,403,453800,买盘
2461,11:12:36,11.25,--,402,452250,买盘
2462,11:12:33,11.25,--,32,36000,买盘
2463,11:12:30,11.25,--,14,15750,买盘
2464,11:12:27,11.25,0.01,3,3375,买盘
2465,11:12:24,11.24,-0.01,183,205692,卖盘
2466,11:12:21,11.25,0.01,15,16875,买盘
2467,11:12:12,11.24,-0.01,106,119144,卖盘
2468,11:12:09,11.25,--,13,14625,买盘
2469,11:12:06,11.25,--,271,304875,买盘
2470,11:12:03,11.25,--,15,16875,买盘
2471,11:12:00,11.25,--,14,15750,买盘
2472,11:11:57,11.25,--,15,16875,买盘
2473,11:11:51,11.25,--,14,15750,买盘
2474,11:11:48,11.25,--,18,20250,买盘
2475,11:11:42,11.25,--,15,16875,买盘
2476,11:11:39,11.25,0.01,14,15750,买盘
2477,11:11:36,11.24,-0.01,1,1124,卖盘
2478,11:11:30,11.25,--,19,21375,买盘
2479,11:11:27,11.25,--,3,3375,买盘
2480,11:11:21,11.25,0.01,14,15750,买盘
2481,11:11:18,11.24,--,5,5620,卖盘
2482,11:11:15,11.24,-0.01,216,242784,卖盘
2483,11:11:12,11.25,--,16,18000,买盘
2484,11:11:09,11.25,--,270,303750,买盘
2485,11:11:06,11.25,--,14,15750,买盘
2486,11:11:00,11.25,--,21,23625,买盘
2487,11:10:57,11.25,--,17,19125,买盘
2488,11:10:54,11.25,--,1,1125,买盘
2489,11:10:51,11.25,--,14,15750,买盘
2490,11:10:48,11.25,--,6,6750,买盘
2491,11:10:45,11.25,--,24,27000,买盘
2492,11:10:42,11.25,--,15,16875,买盘
2493,11:10:36,11.25,0.01,73,82125,买盘
2494,11:10:33,11.24,-0.01,1,1124,卖盘
2495,11:10:30,11.25,--,14,15750,买盘
2496,11:10:27,11.25,--,19,21375,买盘
2497,11:10:21,11.25,--,30,33750,买盘
2498,11:10:18,11.25,0.01,85,95625,买盘
2499,11:10:15,11.24,-0.01,1,1124,卖盘
2500,11:10:12,11.25,--,14,15750,买盘
2501,11:10:09,11.25,0.01,13,14625,买盘
2502,11:10:06,11.24,-0.01,20,22480,卖盘
2503,11:10:03,11.25,--,271,304875,买盘
2504,11:10:00,11.25,--,29,32625,买盘
2505,11:09:57,11.25,--,2,2250,买盘
2506,11:09:51,11.25,--,28,31500,买盘
2507,11:09:48,11.25,--,315,354375,买盘
2508,11:09:45,11.25,--,14,15750,买盘
2509,11:09:42,11.25,--,20,22500,买盘
2510,11:09:39,11.25,--,11,12375,买盘
2511,11:09:36,11.25,--,14,15750,买盘
2512,11:09:30,11.25,--,26,29250,买盘
2513,11:09:27,11.25,0.01,6,6750,买盘
2514,11:09:21,11.24,--,72,80928,卖盘
2515,11:09:18,11.24,-0.01,70,78680,卖盘
2516,11:09:15,11.25,--,5,5625,买盘
2517,11:09:12,11.25,--,34,38250,买盘
2518,11:09:06,11.25,--,272,306000,买盘
2519,11:09:03,11.25,--,15,16875,买盘
2520,11:09:00,11.25,--,14,15750,买盘
2521,11:08:57,11.25,--,3,3375,买盘
2522,11:08:54,11.25,--,15,16875,买盘
2523,11:08:51,11.25,0.01,14,15750,买盘
2524,11:08:48,11.24,-0.01,5,5620,卖盘
2525,11:08:42,11.25,0.01,14,15750,买盘
2526,11:08:36,11.24,-0.01,4,4496,卖盘
2527,11:08:30,11.25,--,14,15750,买盘
2528,11:08:27,11.25,--,4,4500,买盘
2529,11:08:24,11.25,--,21,23625,买盘
2530,11:08:21,11.25,0.01,14,15750,买盘
2531,11:08:18,11.24,-0.01,7,7868,卖盘
2532,11:08:12,11.25,0.01,72,81000,买盘
2533,11:08:09,11.24,-0.01,415,466460,卖盘
2534,11:08:06,11.25,--,15,16875,买盘
2535,11:08:03,11.25,--,2,2250,买盘
2536,11:08:00,11.25,--,34,38250,买盘
2537,11:07:51,11.25,0.01,27,30375,买盘
2538,11:07:48,11.24,-0.01,5,5620,卖盘
2539,11:07:45,11.25,--,4,4500,买盘
2540,11:07:42,11.25,--,20,22500,买盘
2541,11:07:39,11.25,--,15,16875,买盘
2542,11:07:36,11.25,--,1,1125,买盘
2543,11:07:33,11.25,--,10,11250,买盘
2544,11:07:30,11.25,--,61,68625,买盘
2545,11:07:27,11.25,0.01,3,3375,买盘
2546,11:07:24,11.24,-0.01,1,1124,卖盘
2547,11:07:21,11.25,--,14,15750,买盘
2548,11:07:18,11.25,0.01,7,7875,买盘
2549,11:07:15,11.24,-0.01,1,1124,卖盘
2550,11:07:12,11.25,--,14,15750,买盘
2551,11:07:09,11.25,--,271,304875,买盘
2552,11:07:06,11.25,0.01,2,2250,买盘
2553,11:07:03,11.24,-0.01,43,48332,卖盘
2554,11:07:00,11.25,--,47,52875,买盘
2555,11:06:57,11.25,--,50,56250,买盘
2556,11:06:54,11.25,--,14,15750,买盘
2557,11:06:51,11.25,0.01,33,37125,买盘
2558,11:06:48,11.24,--,5,5620,卖盘
2559,11:06:45,11.24,-0.01,20,22480,卖盘
2560,11:06:42,11.25,--,15,16875,买盘
2561,11:06:36,11.25,--,23,25875,买盘
2562,11:06:30,11.25,--,14,15750,买盘
2563,11:06:27,11.25,0.01,4,4500,买盘
2564,11:06:24,11.24,-0.01,1,1124,卖盘
2565,11:06:21,11.25,0.01,14,15750,买盘
2566,11:06:18,11.24,--,7,7868,卖盘
2567,11:06:15,11.24,-0.01,11,12364,卖盘
2568,11:06:12,11.25,--,297,334125,买盘
2569,11:06:03,11.25,--,2,2250,买盘
2570,11:06:00,11.25,--,14,15750,买盘
2571,11:05:57,11.25,--,15,16875,买盘
2572,11:05:54,11.25,--,23,25875,买盘
2573,11:05:51,11.25,0.01,14,15750,买盘
2574,11:05:48,11.24,--,76,85424,卖盘
2575,11:05:45,11.24,--,1,1124,卖盘
2576,11:05:42,11.24,-0.01,94,105656,卖盘
2577,11:05:39,11.25,--,28,31500,买盘
2578,11:05:36,11.25,--,16,18000,买盘
2579,11:05:33,11.25,--,10,11250,买盘
2580,11:05:30,11.25,--,14,15750,买盘
2581,11:05:27,11.25,0.01,4,4500,买盘
2582,11:05:24,11.24,--,100,112400,卖盘
2583,11:05:21,11.24,-0.01,29,32596,卖盘
2584,11:05:12,11.25,0.01,14,15750,买盘
2585,11:05:09,11.24,--,180,202320,买盘
2586,11:05:06,11.24,--,6,6744,买盘
2587,11:05:00,11.24,0.01,14,15736,买盘
2588,11:04:57,11.23,-0.01,68,76364,卖盘
2589,11:04:54,11.24,--,10,11240,买盘
2590,11:04:51,11.24,--,14,15736,买盘
2591,11:04:45,11.24,-0.01,2,2248,卖盘
2592,11:04:42,11.25,0.01,17,19125,买盘
2593,11:04:39,11.24,--,30,33720,买盘
2594,11:04:36,11.24,0.01,3,3372,卖盘
2595,11:04:33,11.23,-0.02,36,40428,卖盘
2596,11:04:30,11.25,--,15,16875,买盘
2597,11:04:27,11.25,0.01,3,3375,买盘
2598,11:04:24,11.24,--,1,1124,卖盘
2599,11:04:21,11.24,-0.01,8,8992,中性盘
2600,11:04:12,11.25,0.02,285,320625,买盘
2601,11:04:06,11.23,-0.01,58,65134,卖盘
2602,11:04:03,11.24,-0.01,49,55615,卖盘
2603,11:04:00,11.25,--,33,37125,买盘
2604,11:03:57,11.25,0.01,1,1125,买盘
2605,11:03:54,11.24,-0.01,42,47208,卖盘
2606,11:03:51,11.25,--,29,32625,买盘
2607,11:03:48,11.25,0.01,6,6750,买盘
2608,11:03:45,11.24,--,141,158484,卖盘
2609,11:03:42,11.24,-0.01,83,93292,卖盘
2610,11:03:30,11.25,--,14,15750,买盘
2611,11:03:27,11.25,0.01,3,3375,买盘
2612,11:03:24,11.24,--,1,1124,卖盘
2613,11:03:21,11.24,-0.01,17,19108,卖盘
2614,11:03:18,11.25,0.01,16,18000,买盘
2615,11:03:15,11.24,--,22,24728,卖盘
2616,11:03:12,11.24,-0.01,18,20232,卖盘
2617,11:03:06,11.25,0.01,11,12375,买盘
2618,11:03:03,11.24,-0.01,43,48332,卖盘
2619,11:03:00,11.25,--,14,15750,买盘
2620,11:02:57,11.25,0.01,1,1125,买盘
2621,11:02:54,11.24,--,255,286620,卖盘
2622,11:02:51,11.24,--,68,76432,卖盘
2623,11:02:48,11.24,-0.01,5,5620,卖盘
2624,11:02:42,11.25,--,14,15750,买盘
2625,11:02:39,11.25,0.01,11,12375,买盘
2626,11:02:36,11.24,--,20,22480,卖盘
2627,11:02:33,11.24,--,68,76432,卖盘
2628,11:02:30,11.24,-0.01,16,17984,卖盘
2629,11:02:27,11.25,--,3,3375,买盘
2630,11:02:24,11.25,--,10,11250,买盘
2631,11:02:21,11.25,0.01,14,15750,买盘
2632,11:02:18,11.24,--,5,5620,卖盘
2633,11:02:15,11.24,--,100,112400,卖盘
2634,11:02:12,11.24,-0.01,24,26976,卖盘
2635,11:02:09,11.25,--,81,91125,买盘
2636,11:02:03,11.25,--,12,13500,买盘
2637,11:02:00,11.25,0.01,15,16875,买盘
2638,11:01:57,11.24,-0.01,45,50580,卖盘
2639,11:01:51,11.25,--,14,15750,买盘
2640,11:01:48,11.25,--,139,156375,买盘
2641,11:01:45,11.25,0.01,18,20250,买盘
2642,11:01:42,11.24,-0.01,27,30348,卖盘
2643,11:01:30,11.25,0.01,14,15750,买盘
2644,11:01:27,11.24,--,4,4496,卖盘
2645,11:01:24,11.24,-0.01,69,77556,卖盘
2646,11:01:21,11.25,0.01,14,15750,买盘
2647,11:01:18,11.24,-0.01,5,5620,卖盘
2648,11:01:12,11.25,0.01,15,16875,买盘
2649,11:01:09,11.24,--,50,56200,卖盘
2650,11:01:03,11.24,-0.01,170,191080,卖盘
2651,11:01:00,11.25,--,14,15750,买盘
2652,11:00:54,11.25,0.01,104,117000,买盘
2653,11:00:51,11.24,--,15,16860,卖盘
2654,11:00:48,11.24,--,12,13488,卖盘
2655,11:00:42,11.24,--,50,56200,卖盘
2656,11:00:33,11.24,--,28,31472,卖盘
2657,11:00:30,11.24,0.01,52,59392,买盘
2658,11:00:27,11.23,--,18,20214,卖盘
2659,11:00:24,11.23,-0.01,2,2246,卖盘
2660,11:00:21,11.24,--,15,16860,买盘
2661,11:00:18,11.24,0.01,82,92168,买盘
2662,11:00:12,11.23,-0.01,70,78610,卖盘
2663,11:00:09,11.24,--,22,24728,买盘
2664,11:00:06,11.24,--,13,14612,买盘
2665,11:00:00,11.24,--,14,15736,买盘
2666,10:59:54,11.24,--,166,186584,买盘
2667,10:59:51,11.24,--,47,52828,买盘
2668,10:59:48,11.24,0.01,30,33720,买盘
2669,10:59:45,11.23,-0.01,56,62888,卖盘
2670,10:59:42,11.24,--,22,24728,买盘
2671,10:59:39,11.24,--,15,16860,买盘
2672,10:59:36,11.24,--,4,4496,买盘
2673,10:59:33,11.24,--,24,26976,买盘
2674,10:59:30,11.24,0.01,49,55076,买盘
2675,10:59:27,11.23,-0.01,6,6738,卖盘
2676,10:59:24,11.24,--,91,102284,买盘
2677,10:59:21,11.24,--,69,77556,买盘
2678,10:59:18,11.24,--,71,79804,买盘
2679,10:59:15,11.24,--,7,7868,买盘
2680,10:59:12,11.24,--,15,16860,买盘
2681,10:59:06,11.24,0.01,111,124764,买盘
2682,10:59:03,11.23,-0.01,200,224600,卖盘
2683,10:59:00,11.24,--,24,26976,买盘
2684,10:58:54,11.24,--,76,85424,买盘
2685,10:58:51,11.24,0.01,14,15736,买盘
2686,10:58:48,11.23,--,424,476152,买盘
2687,10:58:45,11.23,--,110,123530,买盘
2688,10:58:42,11.23,--,31,34813,买盘
2689,10:58:39,11.23,--,6,6738,买盘
2690,10:58:36,11.23,--,1,1123,买盘
2691,10:58:33,11.23,--,88,98824,买盘
2692,10:58:30,11.23,--,36,40428,买盘
2693,10:58:27,11.23,--,3,3369,买盘
2694,10:58:21,11.23,0.01,14,15722,买盘
2695,10:58:18,11.22,--,30,33660,卖盘
2696,10:58:15,11.22,-0.01,28,31416,卖盘
2697,10:58:12,11.23,--,14,15722,买盘
2698,10:58:09,11.23,--,8,8984,买盘
2699,10:58:06,11.23,--,12,13476,买盘
2700,10:58:00,11.23,0.01,16,17968,买盘
2701,10:57:57,11.22,-0.01,56,62832,卖盘
2702,10:57:51,11.23,0.01,14,15722,买盘
2703,10:57:45,11.22,--,140,157080,买盘
2704,10:57:42,11.22,--,26,29172,买盘
2705,10:57:39,11.22,--,21,23562,买盘
2706,10:57:36,11.22,0.01,3,3366,买盘
2707,10:57:33,11.21,-0.01,79,88559,卖盘
2708,10:57:30,11.22,0.01,14,15708,买盘
2709,10:57:27,11.21,--,8,8968,卖盘
2710,10:57:24,11.21,-0.01,5,5605,卖盘
2711,10:57:21,11.22,--,21,23562,买盘
2712,10:57:18,11.22,--,64,71808,买盘
2713,10:57:15,11.22,--,337,378114,卖盘
2714,10:57:12,11.22,--,102,114444,卖盘
2715,10:57:09,11.22,--,30,33660,卖盘
2716,10:57:06,11.22,--,100,112200,卖盘
2717,10:57:03,11.22,-0.01,72,80784,卖盘
2718,10:57:00,11.23,0.01,18,20214,买盘
2719,10:56:57,11.22,--,42,47124,卖盘
2720,10:56:54,11.22,-0.01,56,62832,卖盘
2721,10:56:51,11.23,0.01,33,37059,买盘
2722,10:56:48,11.22,-0.01,21,23562,卖盘
2723,10:56:42,11.23,--,17,19091,买盘
2724,10:56:39,11.23,-0.01,253,284119,卖盘
2725,10:56:33,11.24,--,78,87672,买盘
2726,10:56:30,11.24,--,14,15736,买盘
2727,10:56:27,11.24,--,4,4496,买盘
2728,10:56:21,11.24,0.01,23,25852,买盘
2729,10:56:18,11.23,--,510,572730,卖盘
2730,10:56:15,11.23,-0.01,10,11230,卖盘
2731,10:56:12,11.24,0.01,30,33720,买盘
2732,10:56:06,11.23,-0.01,9,10107,卖盘
2733,10:56:03,11.24,0.01,39,43836,买盘
2734,10:56:00,11.23,-0.01,21,23583,卖盘
2735,10:55:57,11.24,0.01,1,1124,买盘
2736,10:55:54,11.23,--,26,29198,卖盘
2737,10:55:51,11.23,--,26,29198,卖盘
2738,10:55:48,11.23,-0.01,5,5615,卖盘
2739,10:55:45,11.24,--,10,11240,买盘
2740,10:55:42,11.24,0.01,16,17984,买盘
2741,10:55:36,11.23,-0.01,41,46043,卖盘
2742,10:55:33,11.24,--,24,26976,买盘
2743,10:55:30,11.24,--,27,30348,买盘
2744,10:55:27,11.24,--,18,20232,买盘
2745,10:55:24,11.24,--,47,52828,买盘
2746,10:55:21,11.24,--,28,31472,买盘
2747,10:55:18,11.24,--,1,1124,买盘
2748,10:55:15,11.24,--,14,15736,买盘
2749,10:55:12,11.24,0.01,14,15736,买盘
2750,10:55:09,11.23,-0.01,30,33690,卖盘
2751,10:55:06,11.24,--,2,2248,买盘
2752,10:55:03,11.24,--,53,59572,买盘
2753,10:55:00,11.24,--,14,15736,买盘
2754,10:54:57,11.24,--,60,67440,买盘
2755,10:54:54,11.24,--,60,67440,买盘
2756,10:54:51,11.24,--,444,499056,买盘
2757,10:54:48,11.24,--,66,74184,买盘
2758,10:54:45,11.24,--,200,224800,买盘
2759,10:54:42,11.24,--,104,116896,买盘
2760,10:54:36,11.24,--,200,224800,买盘
2761,10:54:33,11.24,--,24,26976,买盘
2762,10:54:30,11.24,--,15,16860,买盘
2763,10:54:27,11.24,--,13,14612,买盘
2764,10:54:24,11.24,--,40,44960,买盘
2765,10:54:21,11.24,--,13,14612,买盘
2766,10:54:18,11.24,0.01,146,164104,买盘
2767,10:54:15,11.23,-0.01,9,10107,卖盘
2768,10:54:12,11.24,0.01,22,24728,买盘
2769,10:54:09,11.23,-0.01,3,3369,卖盘
2770,10:54:03,11.24,--,23,25852,买盘
2771,10:54:00,11.24,--,15,16860,买盘
2772,10:53:51,11.24,--,139,156236,买盘
2773,10:53:48,11.24,--,29,32596,买盘
2774,10:53:42,11.24,0.01,19,21356,买盘
2775,10:53:36,11.23,-0.01,2,2246,卖盘
2776,10:53:30,11.24,0.01,14,15736,买盘
2777,10:53:27,11.23,--,1,1123,卖盘
2778,10:53:24,11.23,--,11,12353,买盘
2779,10:53:21,11.23,--,91,102193,买盘
2780,10:53:18,11.23,--,88,98824,买盘
2781,10:53:15,11.23,--,45,50535,买盘
2782,10:53:12,11.23,--,15,16845,买盘
2783,10:53:03,11.23,--,58,65134,买盘
2784,10:53:00,11.23,--,14,15722,买盘
2785,10:52:57,11.23,--,28,31444,买盘
2786,10:52:54,11.23,--,34,38182,买盘
2787,10:52:51,11.23,--,14,15722,买盘
2788,10:52:48,11.23,0.01,70,78610,买盘
2789,10:52:45,11.22,-0.01,38,42636,卖盘
2790,10:52:42,11.23,--,35,39305,买盘
2791,10:52:36,11.23,--,5,5615,买盘
2792,10:52:33,11.23,--,395,443585,买盘
2793,10:52:30,11.23,--,14,15722,买盘
2794,10:52:27,11.23,--,6,6738,买盘
