,time,price,change,volume,amount,type
0,15:00:03,7.59,--,8032,6096288,卖盘
1,14:57:00,7.59,--,1424,1080816,卖盘
2,14:56:57,7.59,--,81,61479,买盘
3,14:56:54,7.59,--,145,110662,买盘
4,14:56:51,7.59,--,537,407734,买盘
5,14:56:48,7.59,--,605,459195,买盘
6,14:56:45,7.59,--,8,6072,买盘
7,14:56:42,7.59,0.01,904,686136,买盘
8,14:56:39,7.58,-0.01,229,173582,卖盘
9,14:56:36,7.59,--,215,163185,买盘
10,14:56:33,7.59,--,1328,1008452,买盘
11,14:56:30,7.59,--,68,51612,买盘
12,14:56:27,7.59,0.01,217,164703,买盘
13,14:56:24,7.58,--,71,53818,卖盘
14,14:56:21,7.58,-0.01,234,177372,卖盘
15,14:56:18,7.59,--,265,201135,卖盘
16,14:56:15,7.59,--,10,7590,卖盘
17,14:56:12,7.59,0.01,14,10626,卖盘
18,14:56:09,7.58,-0.01,307,232706,卖盘
19,14:56:06,7.59,--,84,63756,买盘
20,14:56:03,7.59,0.01,318,241362,买盘
21,14:56:00,7.58,-0.01,359,272122,卖盘
22,14:55:57,7.59,--,725,550275,买盘
23,14:55:54,7.59,0.01,30,22770,买盘
24,14:55:51,7.58,-0.01,24,18192,卖盘
25,14:55:48,7.59,0.01,187,141933,买盘
26,14:55:45,7.58,--,201,152358,卖盘
27,14:55:42,7.58,-0.01,385,291830,卖盘
28,14:55:39,7.59,--,156,118404,买盘
29,14:55:36,7.59,--,278,211002,买盘
30,14:55:33,7.59,-0.01,692,525835,卖盘
31,14:55:30,7.6,--,25,19000,买盘
32,14:55:27,7.6,0.01,246,186960,买盘
33,14:55:24,7.59,-0.01,121,91839,卖盘
34,14:55:21,7.6,0.01,262,199120,买盘
35,14:55:18,7.59,-0.01,215,163185,卖盘
36,14:55:15,7.6,0.01,11,8360,买盘
37,14:55:12,7.59,--,69,52522,买盘
38,14:55:09,7.59,0.01,1140,865260,买盘
39,14:55:06,7.58,--,140,106120,卖盘
40,14:55:03,7.58,-0.01,601,456164,卖盘
41,14:55:00,7.59,--,1010,766741,买盘
42,14:54:57,7.59,--,684,519156,买盘
43,14:54:54,7.59,--,292,221628,买盘
44,14:54:51,7.59,0.01,335,254265,买盘
45,14:54:48,7.58,-0.01,172,130376,卖盘
46,14:54:45,7.59,--,210,159390,买盘
47,14:54:42,7.59,--,139,105501,买盘
48,14:54:39,7.59,--,42,31878,买盘
49,14:54:36,7.59,--,189,143451,买盘
50,14:54:33,7.59,--,1122,851598,买盘
51,14:54:30,7.59,--,291,220869,买盘
52,14:54:27,7.59,--,12,9108,买盘
53,14:54:24,7.59,0.01,73,55407,买盘
54,14:54:21,7.58,-0.01,189,143262,卖盘
55,14:54:18,7.59,--,166,125994,买盘
56,14:54:15,7.59,0.01,38,28842,买盘
57,14:54:12,7.58,-0.01,22,16676,卖盘
58,14:54:09,7.59,--,142,107778,买盘
59,14:54:06,7.59,--,122,92598,买盘
60,14:54:03,7.59,0.01,70,53130,买盘
61,14:54:00,7.58,-0.01,184,139472,卖盘
62,14:53:57,7.59,--,206,156354,买盘
63,14:53:54,7.59,0.01,151,114609,买盘
64,14:53:51,7.58,--,134,101572,卖盘
65,14:53:48,7.58,--,307,232706,卖盘
66,14:53:45,7.58,-0.01,32,24256,卖盘
67,14:53:42,7.59,--,155,117645,买盘
68,14:53:39,7.59,--,485,368115,买盘
69,14:53:36,7.59,--,501,380259,买盘
70,14:53:33,7.59,0.01,191,144969,买盘
71,14:53:30,7.58,-0.01,265,200870,卖盘
72,14:53:27,7.59,--,96,72864,买盘
73,14:53:24,7.59,--,133,100947,买盘
74,14:53:21,7.59,--,71,53889,买盘
75,14:53:18,7.59,--,83,62997,买盘
76,14:53:15,7.59,--,133,100947,买盘
77,14:53:12,7.59,0.01,211,160149,买盘
78,14:53:09,7.58,-0.01,53,40174,卖盘
79,14:53:06,7.59,--,322,244398,买盘
80,14:53:03,7.59,0.01,182,138138,买盘
81,14:53:00,7.58,-0.01,73,55334,卖盘
82,14:52:57,7.59,--,14,10626,买盘
83,14:52:54,7.59,--,21,15939,买盘
84,14:52:51,7.59,-0.01,1811,1375156,卖盘
85,14:52:48,7.6,--,74,56240,买盘
86,14:52:45,7.6,0.01,296,224960,买盘
87,14:52:42,7.59,--,76,57684,卖盘
88,14:52:39,7.59,-0.01,654,496386,卖盘
89,14:52:36,7.6,--,10,7600,买盘
90,14:52:33,7.6,--,353,268280,买盘
91,14:52:27,7.6,--,4,3040,买盘
92,14:52:24,7.6,0.01,63,47880,买盘
93,14:52:18,7.59,--,183,138897,卖盘
94,14:52:15,7.59,--,29,22011,卖盘
95,14:52:12,7.59,--,59,44781,卖盘
96,14:52:09,7.59,--,56,42504,卖盘
97,14:52:06,7.59,-0.01,419,318021,卖盘
98,14:52:03,7.6,0.01,50,38000,买盘
99,14:52:00,7.59,--,304,230736,卖盘
100,14:51:57,7.59,--,4,3036,卖盘
101,14:51:54,7.59,--,105,79846,卖盘
102,14:51:51,7.59,--,30,22770,卖盘
103,14:51:48,7.59,-0.01,122,92598,卖盘
104,14:51:45,7.6,--,56,42560,买盘
105,14:51:42,7.6,0.01,72,54720,买盘
106,14:51:36,7.59,-0.01,299,226941,卖盘
107,14:51:33,7.6,--,46,34960,买盘
108,14:51:30,7.6,0.01,214,162640,买盘
109,14:51:27,7.59,--,4,3036,卖盘
110,14:51:24,7.59,-0.01,251,190509,卖盘
111,14:51:21,7.6,0.01,84,63840,买盘
112,14:51:18,7.59,-0.01,10,7590,卖盘
113,14:51:15,7.6,--,97,73720,买盘
114,14:51:12,7.6,--,73,55480,买盘
115,14:51:09,7.6,0.01,85,64600,买盘
116,14:51:06,7.59,-0.01,383,290697,卖盘
117,14:51:03,7.6,0.01,203,154280,买盘
118,14:51:00,7.59,-0.01,318,241362,卖盘
119,14:50:57,7.6,0.01,134,101840,买盘
120,14:50:54,7.59,-0.01,478,362802,卖盘
121,14:50:51,7.6,0.01,2,1520,买盘
122,14:50:48,7.59,-0.01,1977,1500543,卖盘
123,14:50:45,7.6,0.01,780,592800,买盘
124,14:50:42,7.59,-0.01,1351,1025409,卖盘
125,14:50:39,7.6,--,174,132240,买盘
126,14:50:36,7.6,--,177,134520,买盘
127,14:50:33,7.6,--,187,142120,买盘
128,14:50:30,7.6,--,78,59280,买盘
129,14:50:27,7.6,--,553,420280,买盘
130,14:50:24,7.6,0.01,5,3800,买盘
131,14:50:21,7.59,-0.01,29,22011,卖盘
132,14:50:18,7.6,0.01,94,71440,买盘
133,14:50:15,7.59,-0.01,176,133584,卖盘
134,14:50:12,7.6,--,78,59280,买盘
135,14:50:09,7.6,--,144,109440,买盘
136,14:50:06,7.6,--,76,57760,买盘
137,14:50:03,7.6,--,6,4560,买盘
138,14:50:00,7.6,0.01,10,7600,买盘
139,14:49:57,7.59,--,32,24288,卖盘
140,14:49:54,7.59,--,6,4554,卖盘
141,14:49:51,7.59,-0.01,3,2277,卖盘
142,14:49:48,7.6,--,4,3040,买盘
143,14:49:45,7.6,0.01,152,115520,买盘
144,14:49:42,7.59,--,6,4554,卖盘
145,14:49:39,7.59,-0.01,11,8349,卖盘
146,14:49:36,7.6,--,52,39520,买盘
147,14:49:33,7.6,0.01,20,15200,买盘
148,14:49:30,7.59,--,184,139656,卖盘
149,14:49:27,7.59,-0.01,75,56925,卖盘
150,14:49:24,7.6,--,846,642960,买盘
151,14:49:21,7.6,--,9,6840,买盘
152,14:49:18,7.6,--,441,335160,买盘
153,14:49:15,7.6,--,50,38000,买盘
154,14:49:12,7.6,--,211,160360,买盘
155,14:49:09,7.6,--,1049,797240,买盘
156,14:49:06,7.6,--,48,36480,买盘
157,14:49:03,7.6,--,390,296400,买盘
158,14:48:57,7.6,--,5,3800,买盘
159,14:48:54,7.6,--,3,2280,买盘
160,14:48:51,7.6,--,152,115520,买盘
161,14:48:48,7.6,--,86,65360,买盘
162,14:48:45,7.6,--,217,164920,买盘
163,14:48:42,7.6,0.01,36,27360,买盘
164,14:48:39,7.59,--,142,107778,卖盘
165,14:48:36,7.59,-0.01,32,24288,卖盘
166,14:48:33,7.6,--,48,36480,买盘
167,14:48:30,7.6,--,30,22800,买盘
168,14:48:27,7.6,--,56,42560,买盘
169,14:48:24,7.6,--,14,10640,买盘
170,14:48:18,7.6,--,141,107160,买盘
171,14:48:15,7.6,0.01,400,304000,买盘
172,14:48:12,7.59,--,36,27324,卖盘
173,14:48:09,7.59,--,58,44022,卖盘
174,14:48:06,7.59,--,3,2277,卖盘
175,14:48:03,7.59,--,559,424281,卖盘
176,14:48:00,7.59,-0.01,34,25806,卖盘
177,14:47:57,7.6,--,5,3800,买盘
178,14:47:54,7.6,0.01,53,40280,买盘
179,14:47:51,7.59,-0.01,28,21252,卖盘
180,14:47:45,7.6,0.01,84,63840,买盘
181,14:47:42,7.59,--,96,72864,卖盘
182,14:47:39,7.59,--,50,37950,卖盘
183,14:47:36,7.59,--,15,11385,卖盘
184,14:47:33,7.59,--,124,94116,卖盘
185,14:47:30,7.59,-0.01,7,5313,卖盘
186,14:47:27,7.6,0.01,62,47120,买盘
187,14:47:24,7.59,--,78,59202,卖盘
188,14:47:21,7.59,--,17,12903,卖盘
189,14:47:15,7.59,--,40,30360,卖盘
190,14:47:12,7.59,--,11,8349,卖盘
191,14:47:09,7.59,--,55,41745,买盘
192,14:47:06,7.59,--,571,433389,卖盘
193,14:47:03,7.59,--,2,1518,卖盘
194,14:47:00,7.59,--,100,75900,卖盘
195,14:46:57,7.59,--,1031,782529,买盘
196,14:46:54,7.59,--,31,23529,买盘
197,14:46:51,7.59,--,324,245916,买盘
198,14:46:48,7.59,--,88,66792,买盘
199,14:46:45,7.59,--,141,107019,买盘
200,14:46:42,7.59,0.01,285,216315,买盘
201,14:46:39,7.58,-0.01,78,59124,卖盘
202,14:46:36,7.59,--,33,25047,买盘
203,14:46:33,7.59,--,133,100947,买盘
204,14:46:30,7.59,--,312,236808,买盘
205,14:46:27,7.59,-0.01,532,403788,卖盘
206,14:46:24,7.6,--,3,2280,买盘
207,14:46:21,7.6,0.01,377,286520,买盘
208,14:46:18,7.59,--,91,69069,卖盘
209,14:46:15,7.59,-0.01,156,118404,卖盘
210,14:46:12,7.6,0.01,18,13680,买盘
211,14:46:09,7.59,--,112,85008,卖盘
212,14:46:06,7.59,-0.01,224,170016,卖盘
213,14:46:03,7.6,0.01,8,6080,买盘
214,14:45:57,7.59,-0.01,141,107019,卖盘
215,14:45:54,7.6,0.01,15,11400,买盘
216,14:45:51,7.59,--,163,123717,买盘
217,14:45:48,7.59,--,252,191268,买盘
218,14:45:45,7.59,--,1074,815166,卖盘
219,14:45:42,7.59,--,1109,841731,卖盘
220,14:45:39,7.59,--,3,2277,卖盘
221,14:45:36,7.59,-0.01,914,693726,卖盘
222,14:45:33,7.6,0.01,94,71440,买盘
223,14:45:30,7.59,--,1027,779493,卖盘
224,14:45:27,7.59,--,5,3795,卖盘
225,14:45:24,7.59,-0.01,2,1518,卖盘
226,14:45:21,7.6,0.01,13,9880,买盘
227,14:45:18,7.59,--,125,94875,卖盘
228,14:45:15,7.59,--,245,185955,卖盘
229,14:45:12,7.59,--,1321,1003200,卖盘
230,14:45:09,7.59,--,259,196581,卖盘
231,14:45:06,7.59,--,26,19734,卖盘
232,14:45:03,7.59,-0.01,44,33396,卖盘
233,14:45:00,7.6,0.01,41,31160,买盘
234,14:44:57,7.59,--,153,116127,卖盘
235,14:44:54,7.59,-0.01,65,49335,卖盘
236,14:44:51,7.6,0.01,11,8360,买盘
237,14:44:48,7.59,--,21,15939,卖盘
238,14:44:45,7.59,-0.01,77,58443,卖盘
239,14:44:42,7.6,0.01,60,45600,买盘
240,14:44:39,7.59,--,147,111573,卖盘
241,14:44:36,7.59,-0.01,7,5313,卖盘
242,14:44:33,7.6,0.01,80,60800,买盘
243,14:44:30,7.59,--,302,229218,卖盘
244,14:44:27,7.59,--,17,12903,卖盘
245,14:44:24,7.59,-0.01,28,21252,卖盘
246,14:44:21,7.6,0.01,169,128440,买盘
247,14:44:18,7.59,--,378,286902,卖盘
248,14:44:15,7.59,-0.01,762,578358,卖盘
249,14:44:12,7.6,--,12,9120,买盘
250,14:44:09,7.6,--,24,18240,买盘
251,14:44:06,7.6,0.01,81,61560,买盘
252,14:44:03,7.59,--,429,325611,卖盘
253,14:44:00,7.59,--,216,163944,卖盘
254,14:43:57,7.59,-0.01,236,179124,卖盘
255,14:43:54,7.6,--,547,415720,买盘
256,14:43:51,7.6,0.01,110,83600,买盘
257,14:43:48,7.59,-0.01,5,3795,卖盘
258,14:43:45,7.6,0.01,49,37240,买盘
259,14:43:42,7.59,--,103,78177,买盘
260,14:43:39,7.59,--,231,175329,卖盘
261,14:43:36,7.59,--,35,27172,买盘
262,14:43:33,7.59,--,58,44022,买盘
263,14:43:30,7.59,--,136,103224,买盘
264,14:43:27,7.59,--,210,159541,卖盘
265,14:43:24,7.59,--,984,747463,买盘
266,14:43:21,7.59,0.01,170,129030,买盘
267,14:43:18,7.58,-0.01,97,73526,卖盘
268,14:43:15,7.59,--,390,296010,买盘
269,14:43:12,7.59,0.01,259,196581,买盘
270,14:43:09,7.58,--,2,1516,卖盘
271,14:43:06,7.58,-0.01,511,387338,卖盘
272,14:43:03,7.59,0.01,40,30360,买盘
273,14:43:00,7.58,-0.01,29,21982,卖盘
274,14:42:57,7.59,0.01,180,136620,买盘
275,14:42:54,7.58,-0.01,1960,1485680,卖盘
276,14:42:51,7.59,0.01,158,119922,买盘
277,14:42:48,7.58,-0.01,133,100814,卖盘
278,14:42:45,7.59,--,131,99429,买盘
279,14:42:42,7.59,--,255,193545,买盘
280,14:42:39,7.59,--,551,418209,买盘
281,14:42:36,7.59,--,74,56166,买盘
282,14:42:33,7.59,--,132,100188,买盘
283,14:42:30,7.59,--,182,138138,买盘
284,14:42:27,7.59,--,1152,874368,买盘
285,14:42:24,7.59,--,101,76659,买盘
286,14:42:21,7.59,--,878,666402,卖盘
287,14:42:18,7.59,--,21,15939,卖盘
288,14:42:15,7.59,--,892,677028,卖盘
289,14:42:12,7.59,--,75,56925,卖盘
290,14:42:09,7.59,-0.01,313,237567,卖盘
291,14:42:06,7.6,--,56,42560,买盘
292,14:42:03,7.6,0.01,166,126160,买盘
293,14:42:00,7.59,-0.01,128,97152,卖盘
294,14:41:54,7.6,--,2280,1732800,买盘
295,14:41:51,7.6,--,40,30400,买盘
296,14:41:48,7.6,0.01,98,74480,买盘
297,14:41:45,7.59,-0.01,202,153318,卖盘
298,14:41:42,7.6,0.01,45,34200,买盘
299,14:41:39,7.59,--,66,50094,卖盘
300,14:41:36,7.59,--,328,248952,卖盘
301,14:41:33,7.59,-0.01,1136,862224,卖盘
302,14:41:30,7.6,--,16,12160,买盘
303,14:41:27,7.6,--,41,31160,买盘
304,14:41:24,7.6,--,359,272840,买盘
305,14:41:21,7.6,0.01,220,167200,买盘
306,14:41:18,7.59,-0.01,138,104742,卖盘
307,14:41:15,7.6,0.01,50,38000,买盘
308,14:41:12,7.59,-0.01,118,89562,卖盘
309,14:41:09,7.6,0.01,158,120080,买盘
310,14:41:06,7.59,-0.01,86,65274,卖盘
311,14:41:03,7.6,--,15,11400,买盘
312,14:41:00,7.6,--,74,56240,买盘
313,14:40:57,7.6,--,475,361152,卖盘
314,14:40:54,7.6,--,2747,2087720,卖盘
315,14:40:51,7.6,-0.01,491,373160,卖盘
316,14:40:48,7.61,0.01,136,103496,买盘
317,14:40:45,7.6,--,1992,1513920,卖盘
318,14:40:42,7.6,-0.01,536,407360,卖盘
319,14:40:39,7.61,0.01,14,10654,买盘
320,14:40:36,7.6,-0.01,1830,1390800,卖盘
321,14:40:33,7.61,0.01,2091,1591251,买盘
322,14:40:30,7.6,--,74,56240,卖盘
323,14:40:27,7.6,--,2,1520,卖盘
324,14:40:24,7.6,--,12,9120,卖盘
325,14:40:21,7.6,--,341,259160,卖盘
326,14:40:18,7.6,--,126,95760,卖盘
327,14:40:15,7.6,--,150,114000,卖盘
328,14:40:12,7.6,-0.01,164,124640,卖盘
329,14:40:09,7.61,--,127,96647,买盘
330,14:40:06,7.61,0.01,171,130131,买盘
331,14:40:03,7.6,-0.01,91,69160,卖盘
332,14:40:00,7.61,--,57,43377,买盘
333,14:39:57,7.61,--,22,16742,买盘
334,14:39:54,7.61,0.01,8,6088,买盘
335,14:39:51,7.6,-0.01,124,94240,卖盘
336,14:39:48,7.61,0.01,50,38050,买盘
337,14:39:45,7.6,--,12,9120,卖盘
338,14:39:42,7.6,--,63,47880,卖盘
339,14:39:39,7.6,--,151,114760,卖盘
340,14:39:36,7.6,--,6,4560,卖盘
341,14:39:33,7.6,--,124,94240,卖盘
342,14:39:30,7.6,-0.01,140,106400,卖盘
343,14:39:27,7.61,0.01,142,108062,买盘
344,14:39:24,7.6,-0.01,115,87400,卖盘
345,14:39:21,7.61,0.01,236,179596,买盘
346,14:39:18,7.6,-0.01,106,80560,卖盘
347,14:39:15,7.61,0.01,47,35767,买盘
348,14:39:12,7.6,--,107,81320,卖盘
349,14:39:09,7.6,-0.01,88,66880,卖盘
350,14:39:06,7.61,0.01,276,210036,买盘
351,14:39:03,7.6,-0.01,16,12160,卖盘
352,14:39:00,7.61,0.01,177,134697,买盘
353,14:38:57,7.6,--,40,30400,卖盘
354,14:38:54,7.6,-0.01,130,98800,卖盘
355,14:38:51,7.61,--,273,207753,买盘
356,14:38:48,7.61,--,30,22830,买盘
357,14:38:45,7.61,--,58,44594,买盘
358,14:38:42,7.61,0.01,110,83710,买盘
359,14:38:39,7.6,-0.01,40,30400,卖盘
360,14:38:36,7.61,0.01,93,70773,买盘
361,14:38:33,7.6,--,105,79800,卖盘
362,14:38:30,7.6,--,951,722760,卖盘
363,14:38:27,7.6,-0.01,52,39520,卖盘
364,14:38:24,7.61,--,117,89037,买盘
365,14:38:21,7.61,0.01,677,515197,买盘
366,14:38:18,7.6,--,236,179360,卖盘
367,14:38:15,7.6,--,26,19760,卖盘
368,14:38:12,7.6,--,4,3040,卖盘
369,14:38:09,7.6,-0.01,263,199880,卖盘
370,14:38:06,7.61,--,13,9893,买盘
371,14:38:03,7.61,--,30,22830,买盘
372,14:38:00,7.61,0.01,58,44138,买盘
373,14:37:57,7.6,--,35,26600,卖盘
374,14:37:54,7.6,-0.01,203,154280,卖盘
375,14:37:51,7.61,0.01,372,283244,买盘
376,14:37:48,7.6,-0.01,161,122360,卖盘
377,14:37:45,7.61,--,91,69251,买盘
378,14:37:42,7.61,--,7,5327,买盘
379,14:37:39,7.61,--,18,13698,买盘
380,14:37:36,7.61,--,280,213080,买盘
381,14:37:33,7.61,--,222,168942,买盘
382,14:37:30,7.61,--,336,255696,买盘
383,14:37:27,7.61,0.01,498,378978,买盘
384,14:37:24,7.6,-0.01,9,6840,卖盘
385,14:37:21,7.61,0.01,250,190250,买盘
386,14:37:18,7.6,-0.01,151,114760,卖盘
387,14:37:15,7.61,0.01,93,70773,买盘
388,14:37:12,7.6,--,25,19000,卖盘
389,14:37:09,7.6,--,56,42560,卖盘
390,14:37:06,7.6,-0.01,211,160360,卖盘
391,14:37:03,7.61,0.01,122,92842,买盘
392,14:37:00,7.6,-0.01,87,66120,卖盘
393,14:36:57,7.61,0.01,18,13698,买盘
394,14:36:54,7.6,--,217,164920,卖盘
395,14:36:51,7.6,-0.01,20,15200,卖盘
396,14:36:48,7.61,0.01,26,19786,买盘
397,14:36:45,7.6,--,589,447640,卖盘
398,14:36:42,7.6,-0.01,6,4560,卖盘
399,14:36:39,7.61,--,227,172747,买盘
400,14:36:36,7.61,0.01,13,9893,买盘
401,14:36:33,7.6,-0.01,106,80560,卖盘
402,14:36:30,7.61,--,198,150678,卖盘
403,14:36:27,7.61,--,5,3805,卖盘
404,14:36:24,7.61,--,763,580643,买盘
405,14:36:21,7.61,0.01,247,187967,买盘
406,14:36:18,7.6,-0.01,149,113240,卖盘
407,14:36:15,7.61,--,296,225256,买盘
408,14:36:12,7.61,--,58,44138,买盘
409,14:36:09,7.61,--,110,83710,买盘
410,14:36:06,7.61,0.01,128,97408,买盘
411,14:36:03,7.6,-0.01,52,39520,卖盘
412,14:36:00,7.61,--,108,82188,买盘
413,14:35:57,7.61,--,125,95125,买盘
414,14:35:54,7.61,0.01,454,345494,买盘
415,14:35:51,7.6,-0.01,200,152000,卖盘
416,14:35:48,7.61,0.01,101,76861,买盘
417,14:35:42,7.6,--,109,82840,卖盘
418,14:35:39,7.6,-0.01,529,402040,卖盘
419,14:35:36,7.61,0.01,1,761,买盘
420,14:35:33,7.6,--,373,283480,卖盘
421,14:35:30,7.6,--,427,324915,买盘
422,14:35:27,7.6,--,319,242440,买盘
423,14:35:24,7.6,--,1005,763800,买盘
424,14:35:21,7.6,0.01,409,310840,买盘
425,14:35:18,7.59,-0.01,84,63756,卖盘
426,14:35:15,7.6,--,43,32680,买盘
427,14:35:12,7.6,--,606,460560,买盘
428,14:35:09,7.6,0.01,153,116280,买盘
429,14:35:06,7.59,--,443,336237,卖盘
430,14:35:03,7.59,-0.01,40,30360,卖盘
431,14:35:00,7.6,--,894,679440,买盘
432,14:34:57,7.6,--,59,44840,买盘
433,14:34:54,7.6,--,168,127680,买盘
434,14:34:51,7.6,0.01,37,28120,买盘
435,14:34:48,7.59,-0.01,82,62238,卖盘
436,14:34:45,7.6,--,49,37240,买盘
437,14:34:42,7.6,0.01,2070,1573200,买盘
438,14:34:39,7.59,-0.01,44,33396,卖盘
439,14:34:36,7.6,--,23,17480,买盘
440,14:34:33,7.6,0.01,26,19760,买盘
441,14:34:30,7.59,--,123,93357,卖盘
442,14:34:27,7.59,--,140,106260,卖盘
443,14:34:24,7.59,-0.01,9,6831,卖盘
444,14:34:21,7.6,0.01,2,1520,买盘
445,14:34:18,7.59,--,219,166221,卖盘
446,14:34:15,7.59,--,51,38709,卖盘
447,14:34:12,7.59,--,9,6831,卖盘
448,14:34:09,7.59,-0.01,30,22770,卖盘
449,14:34:06,7.6,--,117,88920,买盘
450,14:34:03,7.6,0.01,570,433200,买盘
451,14:34:00,7.59,--,119,90321,卖盘
452,14:33:57,7.59,--,48,36432,卖盘
453,14:33:54,7.59,--,104,78936,卖盘
454,14:33:51,7.59,-0.01,44,33396,卖盘
455,14:33:48,7.6,0.01,422,320720,买盘
456,14:33:45,7.59,-0.01,2,1518,卖盘
457,14:33:42,7.6,0.01,39,29640,买盘
458,14:33:39,7.59,--,50,37950,卖盘
459,14:33:36,7.59,--,48,36432,卖盘
460,14:33:33,7.59,--,1180,895620,买盘
461,14:33:30,7.59,--,96,72864,买盘
462,14:33:27,7.59,--,246,186714,买盘
463,14:33:24,7.59,--,47,35673,买盘
464,14:33:21,7.59,0.01,167,126753,买盘
465,14:33:18,7.58,--,123,93234,卖盘
466,14:33:15,7.58,--,271,205418,卖盘
467,14:33:12,7.58,--,101,76558,卖盘
468,14:33:09,7.58,--,347,263026,卖盘
469,14:33:06,7.58,--,41,31078,卖盘
470,14:33:03,7.58,--,122,92476,卖盘
471,14:33:00,7.58,-0.01,21,15918,卖盘
472,14:32:57,7.59,0.01,60,45540,买盘
473,14:32:54,7.58,--,332,251656,卖盘
474,14:32:51,7.58,--,37,28046,卖盘
475,14:32:48,7.58,-0.01,205,155390,卖盘
476,14:32:45,7.59,0.01,22,16698,买盘
477,14:32:42,7.58,--,119,90202,卖盘
478,14:32:39,7.58,--,144,109152,卖盘
479,14:32:36,7.58,--,44,33352,卖盘
480,14:32:33,7.58,-0.01,256,194048,卖盘
481,14:32:30,7.59,0.01,48,36432,买盘
482,14:32:27,7.58,--,148,112184,卖盘
483,14:32:24,7.58,--,618,468444,卖盘
484,14:32:21,7.58,-0.01,13,9854,卖盘
485,14:32:18,7.59,--,385,292215,买盘
486,14:32:15,7.59,0.01,351,266409,买盘
487,14:32:12,7.58,-0.01,26,19708,卖盘
488,14:32:09,7.59,0.01,127,96393,买盘
489,14:32:06,7.58,--,153,115974,卖盘
490,14:32:03,7.58,-0.01,152,115216,卖盘
491,14:32:00,7.59,0.01,347,263373,买盘
492,14:31:57,7.58,-0.01,190,144020,卖盘
493,14:31:54,7.59,0.01,173,131307,买盘
494,14:31:51,7.58,--,1013,767854,卖盘
495,14:31:48,7.58,-0.01,71,53818,卖盘
496,14:31:45,7.59,--,38,28842,买盘
497,14:31:42,7.59,--,380,288420,卖盘
498,14:31:39,7.59,--,4,3036,卖盘
499,14:31:36,7.59,--,293,222387,卖盘
500,14:31:33,7.59,--,180,136620,卖盘
501,14:31:30,7.59,--,90,68310,卖盘
502,14:31:27,7.59,--,93,70587,买盘
503,14:31:24,7.59,--,595,451802,买盘
504,14:31:21,7.59,0.01,82,62238,买盘
505,14:31:18,7.58,--,240,181920,卖盘
506,14:31:15,7.58,--,621,470718,卖盘
507,14:31:12,7.58,-0.01,77,58366,卖盘
508,14:31:09,7.59,0.01,224,170016,买盘
509,14:31:06,7.58,--,63,47754,卖盘
510,14:31:03,7.58,-0.01,2194,1663052,卖盘
511,14:31:00,7.59,-0.01,152,115368,卖盘
512,14:30:57,7.6,--,11,8360,买盘
513,14:30:54,7.6,--,44,33500,卖盘
514,14:30:51,7.6,0.01,207,158019,买盘
515,14:30:48,7.59,-0.01,139,105804,卖盘
516,14:30:45,7.6,0.01,26,19760,买盘
517,14:30:42,7.59,--,188,142692,卖盘
518,14:30:39,7.59,-0.01,76,57684,卖盘
519,14:30:36,7.6,--,66,50160,买盘
520,14:30:33,7.6,--,88,66880,买盘
521,14:30:30,7.6,--,208,158080,买盘
522,14:30:27,7.6,--,105,79860,卖盘
523,14:30:24,7.6,--,409,310840,卖盘
524,14:30:21,7.6,--,213,161880,卖盘
525,14:30:18,7.6,-0.01,1051,798760,卖盘
526,14:30:15,7.61,0.01,22,16742,买盘
527,14:30:12,7.6,-0.01,3644,2769500,卖盘
528,14:30:09,7.61,--,32,24352,买盘
529,14:30:06,7.61,0.01,11,8371,买盘
530,14:30:03,7.6,--,158,120080,卖盘
531,14:30:00,7.6,-0.01,2,1520,卖盘
532,14:29:57,7.61,--,20,15828,买盘
533,14:29:54,7.61,--,1042,792962,卖盘
534,14:29:51,7.61,--,188,143068,卖盘
535,14:29:48,7.61,--,187,142307,卖盘
536,14:29:45,7.61,--,98,74578,卖盘
537,14:29:42,7.61,--,1547,1177267,买盘
538,14:29:39,7.61,0.01,81,61641,买盘
539,14:29:36,7.6,-0.01,670,509200,卖盘
540,14:29:33,7.61,0.01,68,51748,买盘
541,14:29:30,7.6,--,38,28880,卖盘
542,14:29:27,7.6,-0.01,101,76760,卖盘
543,14:29:24,7.61,0.01,27,20547,买盘
544,14:29:21,7.6,--,78,59280,卖盘
545,14:29:18,7.6,-0.01,227,172520,卖盘
546,14:29:15,7.61,--,223,169703,卖盘
547,14:29:12,7.61,--,1,761,卖盘
548,14:29:09,7.61,-0.01,10,7610,卖盘
549,14:29:06,7.62,0.01,5,3810,买盘
550,14:29:03,7.61,--,37,28157,卖盘
551,14:29:00,7.61,0.01,888,675768,买盘
552,14:28:57,7.6,--,68,51680,卖盘
553,14:28:54,7.6,--,117,88920,卖盘
554,14:28:51,7.6,--,152,115520,卖盘
555,14:28:48,7.6,-0.01,630,478800,卖盘
556,14:28:45,7.61,0.01,55,41855,买盘
557,14:28:42,7.6,-0.01,265,201400,卖盘
558,14:28:39,7.61,0.01,130,98930,买盘
559,14:28:36,7.6,--,552,419520,卖盘
560,14:28:33,7.6,--,111,84360,卖盘
561,14:28:30,7.6,--,124,94240,卖盘
562,14:28:27,7.6,--,11,8360,卖盘
563,14:28:24,7.6,--,113,85880,卖盘
564,14:28:21,7.6,--,93,70680,卖盘
565,14:28:18,7.6,--,157,119320,卖盘
566,14:28:15,7.6,--,41,31160,卖盘
567,14:28:12,7.6,-0.01,204,155040,卖盘
568,14:28:09,7.61,0.01,856,651416,买盘
569,14:28:06,7.6,--,227,172520,卖盘
570,14:28:03,7.6,-0.01,170,129230,卖盘
571,14:28:00,7.61,--,141,107301,买盘
572,14:27:57,7.61,--,49,37289,买盘
573,14:27:54,7.61,--,670,509870,买盘
574,14:27:51,7.61,--,156,118716,买盘
575,14:27:48,7.61,0.01,126,95886,买盘
576,14:27:45,7.6,-0.01,220,167200,卖盘
577,14:27:42,7.61,--,1193,907873,买盘
578,14:27:39,7.61,--,1068,812748,买盘
579,14:27:36,7.61,0.01,196,149156,买盘
580,14:27:33,7.6,-0.01,93,70680,卖盘
581,14:27:30,7.61,--,141,107301,买盘
582,14:27:27,7.61,--,108,82188,买盘
583,14:27:24,7.61,-0.01,3682,2802002,卖盘
584,14:27:21,7.62,0.01,35,26670,买盘
585,14:27:18,7.61,-0.01,117,89037,卖盘
586,14:27:15,7.62,0.01,18,13716,买盘
587,14:27:12,7.61,--,251,191011,卖盘
588,14:27:09,7.61,-0.01,19,14459,卖盘
589,14:27:06,7.62,--,17,12954,买盘
590,14:27:03,7.62,--,81,61722,买盘
591,14:27:00,7.62,--,26,19812,买盘
592,14:26:54,7.62,--,30,22860,买盘
593,14:26:51,7.62,0.01,17,12954,买盘
594,14:26:48,7.61,-0.01,118,89798,卖盘
595,14:26:42,7.62,0.01,59,44958,买盘
596,14:26:39,7.61,-0.01,95,72295,卖盘
597,14:26:36,7.62,--,20,15240,买盘
598,14:26:33,7.62,--,607,462534,卖盘
599,14:26:30,7.62,-0.01,413,314706,卖盘
600,14:26:27,7.63,0.01,28,21364,买盘
601,14:26:24,7.62,--,465,354330,卖盘
602,14:26:18,7.62,-0.01,112,85344,卖盘
603,14:26:15,7.63,--,19,14497,买盘
604,14:26:12,7.63,--,5,3815,买盘
605,14:26:09,7.63,--,32,24416,买盘
606,14:26:06,7.63,--,47,35861,买盘
607,14:26:03,7.63,--,98,74774,买盘
608,14:26:00,7.63,0.01,38,28994,买盘
609,14:25:57,7.62,-0.01,40,30480,卖盘
610,14:25:54,7.63,--,346,263998,买盘
611,14:25:51,7.63,0.01,100,76300,买盘
612,14:25:48,7.62,-0.01,110,83820,卖盘
613,14:25:45,7.63,--,26,19838,买盘
614,14:25:42,7.63,--,100,76300,买盘
615,14:25:39,7.63,--,122,93086,买盘
616,14:25:36,7.63,--,44,33572,买盘
617,14:25:33,7.63,0.01,197,150311,买盘
618,14:25:30,7.62,-0.01,16,12192,卖盘
619,14:25:27,7.63,--,20,15260,买盘
620,14:25:24,7.63,--,297,226611,卖盘
621,14:25:21,7.63,--,15,11445,卖盘
622,14:25:18,7.63,-0.01,329,251027,卖盘
623,14:25:15,7.64,0.01,1122,857208,买盘
624,14:25:12,7.63,--,156,119028,买盘
625,14:25:09,7.63,0.01,1101,840063,买盘
626,14:25:06,7.62,-0.01,46,35052,卖盘
627,14:25:03,7.63,--,8,6104,买盘
628,14:25:00,7.63,0.01,68,51884,买盘
629,14:24:57,7.62,-0.01,540,411480,卖盘
630,14:24:54,7.63,--,14,10682,买盘
631,14:24:51,7.63,0.01,47,35861,买盘
632,14:24:48,7.62,-0.01,135,102870,卖盘
633,14:24:45,7.63,--,276,210588,买盘
634,14:24:42,7.63,0.01,44,33572,买盘
635,14:24:39,7.62,-0.01,223,169926,卖盘
636,14:24:36,7.63,--,42,32046,买盘
637,14:24:33,7.63,0.01,25,19075,买盘
638,14:24:30,7.62,--,15,11430,卖盘
639,14:24:27,7.62,--,1000,762000,卖盘
640,14:24:24,7.62,--,21,16002,卖盘
641,14:24:21,7.62,-0.01,190,144780,卖盘
642,14:24:18,7.63,0.01,168,128184,买盘
643,14:24:15,7.62,-0.01,149,113538,卖盘
644,14:24:12,7.63,0.01,10,7630,买盘
645,14:24:09,7.62,--,14,10668,卖盘
646,14:24:06,7.62,--,65,49530,卖盘
647,14:24:03,7.62,0.01,1235,941070,买盘
648,14:24:00,7.61,-0.01,227,172747,卖盘
649,14:23:57,7.62,--,21,16002,买盘
650,14:23:54,7.62,--,122,92964,买盘
651,14:23:51,7.62,--,13,9906,买盘
652,14:23:48,7.62,--,214,163068,买盘
653,14:23:45,7.62,0.01,39,29718,买盘
654,14:23:42,7.61,--,111,84471,卖盘
655,14:23:39,7.61,--,32,24352,卖盘
656,14:23:36,7.61,--,131,99691,卖盘
657,14:23:33,7.61,--,13,9893,卖盘
658,14:23:30,7.61,--,359,273199,卖盘
659,14:23:27,7.61,--,527,401047,卖盘
660,14:23:24,7.61,--,4504,3427544,买盘
661,14:23:21,7.61,0.01,32,24352,买盘
662,14:23:18,7.6,--,688,522880,卖盘
663,14:23:15,7.6,--,1638,1244880,卖盘
664,14:23:12,7.6,--,114,86640,卖盘
665,14:23:09,7.6,--,158,120080,卖盘
666,14:23:06,7.6,--,147,111720,卖盘
667,14:23:03,7.6,-0.01,50,38000,卖盘
668,14:23:00,7.61,0.01,188,143068,买盘
669,14:22:57,7.6,-0.01,1213,921880,卖盘
670,14:22:54,7.61,0.01,216,164376,买盘
671,14:22:51,7.6,--,285,216600,卖盘
672,14:22:48,7.6,--,189,143640,卖盘
673,14:22:45,7.6,--,790,600400,卖盘
674,14:22:42,7.6,-0.01,174,132240,卖盘
675,14:22:39,7.61,--,175,133175,买盘
676,14:22:36,7.61,--,221,168181,买盘
677,14:22:33,7.61,--,1163,885043,卖盘
678,14:22:30,7.61,--,515,391915,卖盘
679,14:22:27,7.61,--,174,132414,卖盘
680,14:22:24,7.61,--,437,332557,卖盘
681,14:22:21,7.61,--,340,258740,卖盘
682,14:22:18,7.61,--,230,175030,卖盘
683,14:22:15,7.61,--,1616,1229776,卖盘
684,14:22:12,7.61,-0.01,105,79905,卖盘
685,14:22:09,7.62,0.01,52,39624,买盘
686,14:22:06,7.61,--,14,10654,卖盘
687,14:22:03,7.61,-0.01,248,188728,卖盘
688,14:22:00,7.62,0.01,696,530352,买盘
689,14:21:57,7.61,-0.01,750,570750,卖盘
690,14:21:54,7.62,0.01,131,99822,买盘
691,14:21:51,7.61,--,610,464210,卖盘
692,14:21:48,7.61,-0.01,23,17503,卖盘
693,14:21:45,7.62,0.01,93,70866,买盘
694,14:21:42,7.61,-0.01,123,93603,卖盘
695,14:21:39,7.62,--,326,248412,买盘
696,14:21:36,7.62,0.01,9,6858,买盘
697,14:21:33,7.61,-0.01,4,3044,卖盘
698,14:21:30,7.62,--,129,98298,买盘
699,14:21:27,7.62,--,234,178308,买盘
700,14:21:24,7.62,0.01,285,217170,买盘
701,14:21:21,7.61,-0.01,83,63163,卖盘
702,14:21:18,7.62,0.01,188,143256,买盘
703,14:21:15,7.61,--,20,15220,卖盘
704,14:21:12,7.61,--,112,85232,卖盘
705,14:21:09,7.61,-0.01,15,11415,卖盘
706,14:21:06,7.62,--,172,131064,买盘
707,14:21:03,7.62,0.01,305,232410,买盘
708,14:21:00,7.61,-0.01,32,24352,卖盘
709,14:20:57,7.62,0.01,45,34290,买盘
710,14:20:54,7.61,--,186,141546,卖盘
711,14:20:51,7.61,-0.01,20,15220,卖盘
712,14:20:48,7.62,0.01,4,3048,买盘
713,14:20:45,7.61,--,68,51748,卖盘
714,14:20:42,7.61,--,11,8371,卖盘
715,14:20:39,7.61,-0.01,36,27396,卖盘
716,14:20:36,7.62,0.01,861,656082,买盘
717,14:20:33,7.61,-0.01,8,6088,卖盘
718,14:20:30,7.62,--,100,76200,买盘
719,14:20:27,7.62,0.01,73,55626,买盘
720,14:20:24,7.61,--,60,45660,卖盘
721,14:20:21,7.61,-0.01,43,32723,卖盘
722,14:20:18,7.62,--,158,120396,买盘
723,14:20:15,7.62,0.01,92,70104,买盘
724,14:20:12,7.61,--,100,76100,卖盘
725,14:20:09,7.61,--,40,30440,卖盘
726,14:20:06,7.61,-0.01,31,23591,卖盘
727,14:20:03,7.62,0.01,29,22098,买盘
728,14:20:00,7.61,-0.01,6,4566,卖盘
729,14:19:57,7.62,--,30,22860,买盘
730,14:19:54,7.62,--,120,91440,买盘
731,14:19:51,7.62,--,51,38862,买盘
732,14:19:48,7.62,--,85,64770,买盘
733,14:19:45,7.62,0.01,141,107442,买盘
734,14:19:42,7.61,--,25,19025,卖盘
735,14:19:39,7.61,-0.01,11,8371,卖盘
736,14:19:36,7.62,--,485,369570,买盘
737,14:19:33,7.62,--,207,157734,买盘
738,14:19:30,7.62,--,901,686562,卖盘
739,14:19:27,7.62,--,315,240030,卖盘
740,14:19:24,7.62,--,15,11430,卖盘
741,14:19:21,7.62,-0.01,9,6858,卖盘
742,14:19:18,7.63,0.01,28,21364,买盘
743,14:19:15,7.62,-0.01,33,25146,卖盘
744,14:19:12,7.63,0.01,83,63329,买盘
745,14:19:09,7.62,-0.01,602,458724,卖盘
746,14:19:06,7.63,0.01,191,145733,买盘
747,14:19:03,7.62,-0.01,1,762,卖盘
748,14:19:00,7.63,--,26,19838,买盘
749,14:18:57,7.63,--,14,10682,买盘
750,14:18:54,7.63,0.01,12,9156,买盘
751,14:18:48,7.62,--,12,9144,卖盘
752,14:18:45,7.62,--,261,198882,卖盘
753,14:18:42,7.62,-0.01,287,218694,卖盘
754,14:18:36,7.63,--,19,14497,买盘
755,14:18:33,7.63,0.01,225,171675,买盘
756,14:18:30,7.62,--,41,31242,卖盘
757,14:18:27,7.62,--,37,28194,卖盘
758,14:18:24,7.62,--,88,67056,卖盘
759,14:18:21,7.62,--,90,68580,卖盘
760,14:18:18,7.62,--,123,93726,卖盘
761,14:18:15,7.62,--,307,233934,卖盘
762,14:18:12,7.62,--,221,168402,卖盘
763,14:18:09,7.62,--,1415,1078230,买盘
764,14:18:06,7.62,--,497,378714,卖盘
765,14:18:03,7.62,--,218,166116,卖盘
766,14:18:00,7.62,0.01,110,83820,中性盘
767,14:17:57,7.61,-0.01,520,395720,卖盘
768,14:17:54,7.62,--,88,67056,卖盘
769,14:17:51,7.62,-0.01,57,43434,卖盘
770,14:17:48,7.63,0.01,42,32046,买盘
771,14:17:45,7.62,--,408,310896,卖盘
772,14:17:42,7.62,--,5,3810,卖盘
773,14:17:39,7.62,--,1,762,卖盘
774,14:17:36,7.62,--,599,456438,买盘
775,14:17:33,7.62,--,382,291084,买盘
776,14:17:30,7.62,--,71,54102,买盘
777,14:17:27,7.62,--,115,87630,买盘
778,14:17:24,7.62,--,100,76200,买盘
779,14:17:21,7.62,--,235,179070,买盘
780,14:17:18,7.62,--,120,91440,买盘
781,14:17:15,7.62,--,62,47244,卖盘
782,14:17:12,7.62,--,34,25908,买盘
783,14:17:09,7.62,--,145,110490,买盘
784,14:17:06,7.62,0.01,86,65532,买盘
785,14:17:03,7.61,-0.02,102,77774,卖盘
786,14:17:00,7.63,0.01,183,139629,买盘
787,14:16:57,7.62,--,1059,806958,卖盘
788,14:16:54,7.62,--,293,223266,卖盘
789,14:16:51,7.62,-0.01,222,169164,卖盘
790,14:16:48,7.63,--,19,14497,买盘
791,14:16:45,7.63,0.01,101,77063,买盘
792,14:16:42,7.62,--,158,120396,卖盘
793,14:16:39,7.62,--,61,46482,卖盘
794,14:16:33,7.62,--,528,402336,卖盘
795,14:16:30,7.62,--,1668,1271016,卖盘
796,14:16:27,7.62,-0.01,42,32004,卖盘
797,14:16:24,7.63,0.01,208,158704,买盘
798,14:16:21,7.62,-0.01,167,127254,卖盘
799,14:16:18,7.63,0.01,284,216692,买盘
800,14:16:15,7.62,-0.01,56,42672,卖盘
801,14:16:12,7.63,--,99,75537,买盘
802,14:16:09,7.63,0.01,256,195328,买盘
803,14:16:06,7.62,--,36,27432,卖盘
804,14:16:03,7.62,--,360,274929,卖盘
805,14:16:00,7.62,-0.01,43,32766,卖盘
806,14:15:57,7.63,--,104,79352,买盘
807,14:15:54,7.63,0.01,361,275443,买盘
808,14:15:51,7.62,-0.01,325,247650,卖盘
809,14:15:48,7.63,--,251,191513,买盘
810,14:15:45,7.63,-0.01,223,170149,卖盘
811,14:15:42,7.64,0.01,190,145160,买盘
812,14:15:39,7.63,--,70,53410,卖盘
813,14:15:36,7.63,--,268,204484,卖盘
814,14:15:33,7.63,0.01,95,72485,买盘
815,14:15:30,7.62,-0.01,124,94488,卖盘
816,14:15:27,7.63,--,82,62566,买盘
817,14:15:24,7.63,0.01,385,293755,卖盘
818,14:15:21,7.62,--,241,183642,卖盘
819,14:15:18,7.62,--,240,182880,卖盘
820,14:15:15,7.62,--,221,168402,卖盘
821,14:15:12,7.62,-0.01,206,156972,卖盘
822,14:15:09,7.63,-0.01,189,144207,卖盘
823,14:15:06,7.64,0.01,485,370540,买盘
824,14:15:03,7.63,--,141,107583,卖盘
825,14:15:00,7.63,--,793,605059,卖盘
826,14:14:57,7.63,--,81,61803,卖盘
827,14:14:54,7.63,--,381,290703,卖盘
828,14:14:51,7.63,-0.01,158,120554,卖盘
829,14:14:48,7.64,0.01,107,81748,买盘
830,14:14:45,7.63,--,70,53410,卖盘
831,14:14:42,7.63,-0.01,61,46543,卖盘
832,14:14:39,7.64,0.01,116,88624,买盘
833,14:14:36,7.63,--,166,126658,卖盘
834,14:14:33,7.63,--,87,66381,卖盘
835,14:14:30,7.63,-0.01,85,64855,卖盘
836,14:14:27,7.64,-0.01,606,463228,卖盘
837,14:14:24,7.65,0.01,526,402910,买盘
838,14:14:21,7.64,--,176,134464,卖盘
839,14:14:18,7.64,--,262,200168,卖盘
840,14:14:15,7.64,--,89,67996,卖盘
841,14:14:12,7.64,--,509,388876,卖盘
842,14:14:09,7.64,--,622,475208,卖盘
843,14:14:06,7.64,--,100,76400,卖盘
844,14:14:03,7.64,--,115,87860,卖盘
845,14:14:00,7.64,--,2,1528,卖盘
846,14:13:57,7.64,--,12,9168,卖盘
847,14:13:54,7.64,-0.01,19,14516,卖盘
848,14:13:51,7.65,--,2963,2266939,卖盘
849,14:13:48,7.65,--,226,172890,卖盘
850,14:13:45,7.65,--,204,156060,卖盘
851,14:13:42,7.65,-0.01,52,39780,卖盘
852,14:13:39,7.66,0.01,20,15320,买盘
853,14:13:36,7.65,--,107,81855,卖盘
854,14:13:33,7.65,-0.01,65,49725,卖盘
855,14:13:30,7.66,--,359,274994,买盘
856,14:13:27,7.66,--,11,8426,买盘
857,14:13:24,7.66,--,19,14554,买盘
858,14:13:21,7.66,0.01,65,49790,买盘
859,14:13:18,7.65,--,100,76500,卖盘
860,14:13:15,7.65,--,49,37485,卖盘
861,14:13:12,7.65,--,54,41310,卖盘
862,14:13:09,7.65,--,400,306000,卖盘
863,14:13:06,7.65,-0.01,204,156060,卖盘
864,14:13:03,7.66,--,27,20682,买盘
865,14:13:00,7.66,--,20,15320,买盘
866,14:12:57,7.66,--,17,13022,买盘
867,14:12:54,7.66,--,172,131752,买盘
868,14:12:51,7.66,--,136,104176,买盘
869,14:12:48,7.66,0.01,25,19150,买盘
870,14:12:45,7.65,--,18,13770,卖盘
871,14:12:42,7.65,-0.01,9,6885,卖盘
872,14:12:39,7.66,--,139,106474,买盘
873,14:12:36,7.66,0.01,2,1532,买盘
874,14:12:33,7.65,--,393,300645,卖盘
875,14:12:30,7.65,--,159,121635,卖盘
876,14:12:27,7.65,--,8,6120,卖盘
877,14:12:24,7.65,--,1,765,卖盘
878,14:12:21,7.65,--,123,94095,卖盘
879,14:12:18,7.65,--,69,52785,卖盘
880,14:12:15,7.65,--,33,25245,卖盘
881,14:12:12,7.65,-0.01,4,3060,卖盘
882,14:12:09,7.66,--,6,4596,买盘
883,14:12:06,7.66,0.01,117,89622,买盘
884,14:12:03,7.65,-0.01,15,11475,卖盘
885,14:12:00,7.66,0.01,6,4596,买盘
886,14:11:57,7.65,--,4,3060,卖盘
887,14:11:54,7.65,--,2,1530,卖盘
888,14:11:51,7.65,-0.01,143,109395,卖盘
889,14:11:48,7.66,0.01,321,245886,买盘
890,14:11:42,7.65,-0.01,74,56610,卖盘
891,14:11:36,7.66,0.01,69,52854,买盘
892,14:11:33,7.65,-0.01,68,52020,卖盘
893,14:11:30,7.66,--,263,201458,买盘
894,14:11:27,7.66,--,16,12256,买盘
895,14:11:24,7.66,0.01,17,13022,买盘
896,14:11:21,7.65,--,565,432225,卖盘
897,14:11:18,7.65,-0.01,32,24480,卖盘
898,14:11:15,7.66,0.01,97,74302,买盘
899,14:11:12,7.65,--,5,3825,卖盘
900,14:11:09,7.65,-0.01,66,50490,卖盘
901,14:11:06,7.66,--,33,25278,买盘
902,14:11:03,7.66,0.01,142,108772,买盘
903,14:11:00,7.65,-0.01,291,222615,卖盘
904,14:10:57,7.66,--,2,1532,买盘
905,14:10:54,7.66,--,32,24512,买盘
906,14:10:51,7.66,--,272,208352,卖盘
907,14:10:48,7.66,--,48,36768,卖盘
908,14:10:45,7.66,--,103,78898,卖盘
909,14:10:42,7.66,--,70,53620,卖盘
910,14:10:39,7.66,--,7,5362,卖盘
911,14:10:36,7.66,--,502,384532,卖盘
912,14:10:33,7.66,--,10,7660,卖盘
913,14:10:30,7.66,-0.01,9,6894,卖盘
914,14:10:27,7.67,0.01,508,389636,买盘
915,14:10:24,7.66,--,9,6894,卖盘
916,14:10:21,7.66,--,1619,1240154,卖盘
917,14:10:18,7.66,--,450,344700,卖盘
918,14:10:15,7.66,--,45,34470,卖盘
919,14:10:12,7.66,--,3,2298,卖盘
920,14:10:06,7.66,-0.01,354,271164,卖盘
921,14:10:03,7.67,--,452,346684,卖盘
922,14:10:00,7.67,-0.01,22,16874,卖盘
923,14:09:57,7.68,0.01,353,271104,买盘
924,14:09:54,7.67,-0.01,110,84370,卖盘
925,14:09:51,7.68,--,156,119808,买盘
926,14:09:48,7.68,0.01,14,10752,买盘
927,14:09:45,7.67,--,5,3835,卖盘
928,14:09:42,7.67,-0.01,54,41418,卖盘
929,14:09:39,7.68,0.01,323,248064,买盘
930,14:09:36,7.67,-0.01,290,222430,卖盘
931,14:09:33,7.68,0.01,27,20736,买盘
932,14:09:30,7.67,--,9,6903,卖盘
933,14:09:27,7.67,-0.01,1,767,卖盘
934,14:09:24,7.68,0.01,48,36864,买盘
935,14:09:21,7.67,--,1,767,卖盘
936,14:09:18,7.67,--,6,4602,卖盘
937,14:09:15,7.67,-0.01,30,23010,卖盘
938,14:09:12,7.68,0.01,8,6144,买盘
939,14:09:09,7.67,--,54,41418,卖盘
940,14:09:06,7.67,--,1,767,卖盘
941,14:09:03,7.67,-0.01,19,14573,卖盘
942,14:09:00,7.68,0.01,25,19200,买盘
943,14:08:57,7.67,--,79,60593,卖盘
944,14:08:54,7.67,--,20,15340,卖盘
945,14:08:51,7.67,-0.01,12,9204,卖盘
946,14:08:48,7.68,0.01,5,3840,买盘
947,14:08:45,7.67,--,18,13806,卖盘
948,14:08:42,7.67,-0.01,5,3835,卖盘
949,14:08:39,7.68,--,15,11520,买盘
950,14:08:33,7.68,--,24,18432,买盘
951,14:08:30,7.68,--,108,82944,买盘
952,14:08:27,7.68,--,1,768,买盘
953,14:08:24,7.68,0.01,75,57600,买盘
954,14:08:21,7.67,--,9,6903,卖盘
955,14:08:18,7.67,--,96,73632,卖盘
956,14:08:15,7.67,--,121,92807,卖盘
957,14:08:12,7.67,--,143,109681,卖盘
958,14:08:09,7.67,--,167,128089,卖盘
959,14:08:06,7.67,--,70,53690,卖盘
960,14:08:03,7.67,--,110,84370,卖盘
961,14:08:00,7.67,--,3,2301,卖盘
962,14:07:57,7.67,-0.01,3,2301,卖盘
963,14:07:54,7.68,0.01,13,9984,买盘
964,14:07:51,7.67,--,2,1534,卖盘
965,14:07:48,7.67,--,88,67496,卖盘
966,14:07:45,7.67,-0.01,218,167206,卖盘
967,14:07:42,7.68,0.01,30,23040,买盘
968,14:07:39,7.67,--,8,6136,卖盘
969,14:07:36,7.67,-0.01,50,38350,卖盘
970,14:07:33,7.68,0.01,14,10752,买盘
971,14:07:30,7.67,-0.01,84,64428,卖盘
972,14:07:27,7.68,0.01,50,38400,买盘
973,14:07:24,7.67,--,22,16874,卖盘
974,14:07:21,7.67,--,3,2301,卖盘
975,14:07:18,7.67,-0.01,22,16874,卖盘
976,14:07:15,7.68,--,37,28416,买盘
977,14:07:12,7.68,0.01,14,10752,买盘
978,14:07:09,7.67,--,3,2301,卖盘
979,14:07:06,7.67,-0.01,13,9971,卖盘
980,14:07:03,7.68,--,7,5376,买盘
981,14:07:00,7.68,--,90,69120,买盘
982,14:06:57,7.68,0.01,2,1536,买盘
983,14:06:54,7.67,--,56,42952,卖盘
984,14:06:51,7.67,--,34,26078,卖盘
985,14:06:48,7.67,--,1,767,卖盘
986,14:06:45,7.67,-0.01,246,188682,卖盘
987,14:06:42,7.68,0.01,143,109824,买盘
988,14:06:39,7.67,--,318,243906,买盘
989,14:06:36,7.67,--,7,5369,买盘
990,14:06:33,7.67,--,85,65195,买盘
991,14:06:30,7.67,0.01,130,99710,买盘
992,14:06:27,7.66,-0.01,19,14554,卖盘
993,14:06:24,7.67,0.01,3,2301,买盘
994,14:06:21,7.66,--,25,19150,卖盘
995,14:06:18,7.66,-0.02,45,34470,卖盘
996,14:06:15,7.68,0.01,90,69120,买盘
997,14:06:12,7.67,--,303,232401,卖盘
998,14:06:09,7.67,--,231,177177,买盘
999,14:06:06,7.67,--,20,15340,买盘
1000,14:06:03,7.67,--,13,9971,买盘
1001,14:06:00,7.67,-0.01,252,193284,卖盘
1002,14:05:57,7.68,0.01,5,3840,买盘
1003,14:05:54,7.67,--,8,6136,卖盘
1004,14:05:48,7.67,-0.01,6,4602,卖盘
1005,14:05:45,7.68,--,51,39168,买盘
1006,14:05:42,7.68,0.01,35,26880,买盘
1007,14:05:39,7.67,--,101,77467,卖盘
1008,14:05:36,7.67,--,1,767,卖盘
1009,14:05:33,7.67,--,133,102011,卖盘
1010,14:05:30,7.67,0.01,56,42952,买盘
1011,14:05:27,7.66,--,50,38300,卖盘
1012,14:05:21,7.66,-0.01,19,14554,卖盘
1013,14:05:18,7.67,0.01,189,144963,买盘
1014,14:05:15,7.66,-0.01,60,45960,卖盘
1015,14:05:12,7.67,--,98,75166,买盘
1016,14:05:09,7.67,0.01,7,5369,买盘
1017,14:05:06,7.66,--,21,16086,卖盘
1018,14:05:03,7.66,-0.01,43,32938,卖盘
1019,14:05:00,7.67,--,42,32214,买盘
1020,14:04:57,7.67,--,17,13039,买盘
1021,14:04:54,7.67,--,131,100477,买盘
1022,14:04:51,7.67,--,43,32981,买盘
1023,14:04:48,7.67,0.01,754,578318,买盘
1024,14:04:45,7.66,--,27,20682,卖盘
1025,14:04:42,7.66,--,106,81196,卖盘
1026,14:04:39,7.66,-0.01,2,1532,卖盘
1027,14:04:36,7.67,0.01,32,24544,买盘
1028,14:04:33,7.66,--,150,114900,卖盘
1029,14:04:30,7.66,--,13,9958,卖盘
1030,14:04:24,7.66,--,3,2298,卖盘
1031,14:04:21,7.66,--,37,28342,卖盘
1032,14:04:18,7.66,--,1,766,卖盘
1033,14:04:15,7.66,--,50,38300,卖盘
1034,14:04:12,7.66,-0.01,7,5362,卖盘
1035,14:04:09,7.67,0.01,116,88972,买盘
1036,14:04:06,7.66,--,4,3064,卖盘
1037,14:04:03,7.66,--,4,3064,卖盘
1038,14:04:00,7.66,--,204,156264,卖盘
1039,14:03:57,7.66,-0.01,182,139412,卖盘
1040,14:03:54,7.67,--,100,76700,买盘
1041,14:03:51,7.67,0.01,2,1534,买盘
1042,14:03:48,7.66,-0.01,30,22980,卖盘
1043,14:03:45,7.67,0.01,15,11505,买盘
1044,14:03:42,7.66,--,8,6128,卖盘
1045,14:03:39,7.66,--,173,132518,卖盘
1046,14:03:36,7.66,--,123,94218,买盘
1047,14:03:33,7.66,--,373,285718,买盘
1048,14:03:30,7.66,--,180,137880,买盘
1049,14:03:27,7.66,-0.01,745,570670,卖盘
1050,14:03:24,7.67,0.01,2,1534,买盘
1051,14:03:21,7.66,-0.01,104,79664,卖盘
1052,14:03:18,7.67,--,132,101244,卖盘
1053,14:03:15,7.67,--,46,35282,卖盘
1054,14:03:12,7.67,0.01,354,271518,买盘
1055,14:03:09,7.66,--,5,3830,卖盘
1056,14:03:06,7.66,--,123,94218,卖盘
1057,14:03:03,7.66,-0.01,264,202224,卖盘
1058,14:03:00,7.67,0.01,41,31447,买盘
1059,14:02:57,7.66,--,12,9192,卖盘
1060,14:02:54,7.66,--,19,14554,卖盘
1061,14:02:51,7.66,--,40,30640,卖盘
1062,14:02:45,7.66,--,70,53620,卖盘
1063,14:02:42,7.66,--,82,62812,卖盘
1064,14:02:39,7.66,--,20,15320,卖盘
1065,14:02:36,7.66,--,32,24512,卖盘
1066,14:02:33,7.66,--,39,29874,卖盘
1067,14:02:30,7.66,0.01,1,766,中性盘
1068,14:02:27,7.65,--,44,33660,卖盘
1069,14:02:24,7.65,--,3,2295,卖盘
1070,14:02:21,7.65,-0.03,303,231795,卖盘
1071,14:02:18,7.68,0.03,10,7680,买盘
1072,14:02:15,7.65,-0.03,89,68085,卖盘
1073,14:02:12,7.68,-0.01,8,6144,卖盘
1074,14:02:09,7.69,0.04,9,6921,买盘
1075,14:02:06,7.65,-0.04,125,95625,卖盘
1076,14:02:03,7.69,0.04,20,15380,买盘
1077,14:02:00,7.65,-0.03,22299,17058735,卖盘
1078,14:01:57,7.68,-0.01,4,3072,卖盘
1079,14:01:54,7.69,--,53,40757,买盘
1080,14:01:51,7.69,--,10,7690,卖盘
1081,14:01:48,7.69,--,5,3845,卖盘
1082,14:01:45,7.69,--,87,66903,卖盘
1083,14:01:42,7.69,--,174,133806,卖盘
1084,14:01:39,7.69,--,4,3076,卖盘
1085,14:01:36,7.69,--,1,769,卖盘
1086,14:01:33,7.69,--,2,1538,卖盘
1087,14:01:27,7.69,--,9,6921,卖盘
1088,14:01:24,7.69,--,47,36143,卖盘
1089,14:01:21,7.69,--,397,305293,卖盘
1090,14:01:15,7.69,--,169,129961,卖盘
1091,14:01:12,7.69,--,3,2307,卖盘
1092,14:01:09,7.69,--,88,67672,卖盘
1093,14:01:06,7.69,--,14,10766,卖盘
1094,14:01:00,7.69,--,107,82283,卖盘
1095,14:00:57,7.69,--,2,1538,卖盘
1096,14:00:54,7.69,--,203,156107,卖盘
1097,14:00:48,7.69,--,1,769,卖盘
1098,14:00:45,7.69,--,82,63058,卖盘
1099,14:00:42,7.69,--,23,17687,卖盘
1100,14:00:39,7.69,--,3,2307,卖盘
1101,14:00:36,7.69,--,19,14611,卖盘
1102,14:00:33,7.69,--,106,81514,卖盘
1103,14:00:30,7.69,--,21,16149,卖盘
1104,14:00:27,7.69,--,226,173794,卖盘
1105,14:00:24,7.69,--,43,33067,卖盘
1106,14:00:21,7.69,--,53,40757,卖盘
1107,14:00:15,7.69,--,92,70748,卖盘
1108,14:00:12,7.69,--,18,13842,卖盘
1109,14:00:09,7.69,0.01,185,142265,买盘
1110,14:00:06,7.68,--,4,3072,卖盘
1111,14:00:03,7.68,--,7,5376,卖盘
1112,14:00:00,7.68,-0.01,32,24576,卖盘
1113,13:59:57,7.69,0.01,176,135344,买盘
1114,13:59:54,7.68,--,1,768,卖盘
1115,13:59:48,7.68,--,7,5376,卖盘
1116,13:59:45,7.68,--,89,68352,卖盘
1117,13:59:42,7.68,--,100,76800,卖盘
1118,13:59:39,7.68,--,3,2304,卖盘
1119,13:59:36,7.68,--,1,768,卖盘
1120,13:59:30,7.68,-0.01,214,164352,卖盘
1121,13:59:27,7.69,--,83,63827,买盘
1122,13:59:24,7.69,0.01,61,46909,买盘
1123,13:59:21,7.68,-0.01,3,2304,卖盘
1124,13:59:18,7.69,0.01,1,769,买盘
1125,13:59:15,7.68,-0.01,81,62208,卖盘
1126,13:59:12,7.69,--,145,111505,卖盘
1127,13:59:09,7.69,--,4,3076,卖盘
1128,13:59:06,7.69,--,36,27684,卖盘
1129,13:59:03,7.69,0.01,6,4614,买盘
1130,13:59:00,7.68,--,192,147456,卖盘
1131,13:58:57,7.68,--,63,48384,卖盘
1132,13:58:51,7.68,-0.01,2,1536,卖盘
1133,13:58:48,7.69,--,294,226086,卖盘
1134,13:58:45,7.69,--,83,63827,卖盘
1135,13:58:42,7.69,-0.01,6,4614,卖盘
1136,13:58:39,7.7,--,2,1540,买盘
1137,13:58:36,7.7,0.01,82,63140,买盘
1138,13:58:33,7.69,--,44,33836,卖盘
1139,13:58:30,7.69,--,11,8459,卖盘
1140,13:58:27,7.69,--,807,620583,卖盘
1141,13:58:21,7.69,--,55,42295,卖盘
1142,13:58:12,7.69,--,52,39988,卖盘
1143,13:58:09,7.69,--,76,58444,卖盘
1144,13:58:06,7.69,--,131,100739,卖盘
1145,13:58:00,7.69,--,7,5383,卖盘
1146,13:57:54,7.69,-0.01,183,140727,卖盘
1147,13:57:51,7.7,0.01,205,157850,买盘
1148,13:57:48,7.69,--,102,78438,卖盘
1149,13:57:42,7.69,--,1,769,卖盘
1150,13:57:39,7.69,-0.01,2,1538,卖盘
1151,13:57:36,7.7,--,361,277970,买盘
1152,13:57:33,7.7,0.01,131,100870,买盘
1153,13:57:27,7.69,-0.01,185,142265,卖盘
1154,13:57:24,7.7,0.01,2,1540,买盘
1155,13:57:21,7.69,--,6,4614,卖盘
1156,13:57:18,7.69,--,51,39219,卖盘
1157,13:57:15,7.69,--,12,9228,卖盘
1158,13:57:12,7.69,--,41,31529,卖盘
1159,13:57:09,7.69,--,23,17687,卖盘
1160,13:57:06,7.69,--,46,35374,卖盘
1161,13:57:03,7.69,--,2,1538,卖盘
1162,13:57:00,7.69,-0.01,59,45371,卖盘
1163,13:56:57,7.7,0.01,69,53130,买盘
1164,13:56:51,7.69,-0.01,65,49985,卖盘
1165,13:56:48,7.7,--,25,19250,买盘
1166,13:56:42,7.7,0.01,16,12320,买盘
1167,13:56:36,7.69,--,18,13842,卖盘
1168,13:56:33,7.69,0.01,15,11535,买盘
1169,13:56:30,7.68,-0.01,21,16128,卖盘
1170,13:56:27,7.69,0.01,2,1538,中性盘
1171,13:56:21,7.68,-0.01,10,7987,卖盘
1172,13:56:18,7.69,0.01,21,16149,买盘
1173,13:56:15,7.68,--,18,13824,卖盘
1174,13:56:12,7.68,-0.01,22,16896,卖盘
1175,13:56:09,7.69,0.01,90,69210,买盘
1176,13:56:06,7.68,-0.01,2,1536,卖盘
1177,13:56:03,7.69,0.01,18,13842,买盘
1178,13:56:00,7.68,-0.01,4,3072,卖盘
1179,13:55:57,7.69,0.01,100,76900,买盘
1180,13:55:54,7.68,--,102,78336,卖盘
1181,13:55:51,7.68,--,614,471552,卖盘
1182,13:55:45,7.68,--,40,30720,卖盘
1183,13:55:42,7.68,-0.01,10,7680,卖盘
1184,13:55:36,7.69,0.01,65,49985,买盘
1185,13:55:33,7.68,-0.01,20,15360,卖盘
1186,13:55:30,7.69,0.01,90,69210,买盘
1187,13:55:27,7.68,--,9,6912,卖盘
1188,13:55:21,7.68,--,45,34560,卖盘
1189,13:55:15,7.68,--,19,14592,卖盘
1190,13:55:12,7.68,-0.01,13,9984,卖盘
1191,13:55:09,7.69,0.01,1,769,买盘
1192,13:55:06,7.68,--,126,96768,卖盘
1193,13:55:03,7.68,--,4,3072,卖盘
1194,13:55:00,7.68,-0.01,36,27648,卖盘
1195,13:54:57,7.69,0.01,146,112274,买盘
1196,13:54:54,7.68,--,807,619776,卖盘
1197,13:54:51,7.68,-0.01,2,1536,卖盘
1198,13:54:48,7.69,0.01,2,1538,买盘
1199,13:54:42,7.68,--,3,2304,卖盘
1200,13:54:39,7.68,-0.01,7,5376,卖盘
1201,13:54:36,7.69,0.01,38,29222,买盘
1202,13:54:33,7.68,--,2,1536,卖盘
1203,13:54:30,7.68,--,11,8448,卖盘
1204,13:54:27,7.68,--,51,39168,卖盘
1205,13:54:24,7.68,-0.01,262,201216,卖盘
1206,13:54:21,7.69,0.01,73,56137,买盘
1207,13:54:18,7.68,--,25,19200,卖盘
1208,13:54:15,7.68,--,20,15360,卖盘
1209,13:54:12,7.68,--,12,9216,卖盘
1210,13:54:09,7.68,--,21,16128,卖盘
1211,13:54:06,7.68,--,82,62976,卖盘
1212,13:54:03,7.68,--,20,15360,卖盘
1213,13:54:00,7.68,-0.01,115,88320,卖盘
1214,13:53:57,7.69,0.01,54,41526,买盘
1215,13:53:54,7.68,-0.01,17,13056,卖盘
1216,13:53:51,7.69,0.01,10,7690,买盘
1217,13:53:48,7.68,0.01,78,59904,买盘
1218,13:53:45,7.67,--,14,10738,卖盘
1219,13:53:42,7.67,-0.01,86,65962,卖盘
1220,13:53:39,7.68,--,134,102912,卖盘
1221,13:53:36,7.68,--,500,384000,卖盘
1222,13:53:33,7.68,-0.01,3,2304,卖盘
1223,13:53:27,7.69,0.01,12,9228,买盘
1224,13:53:24,7.68,-0.01,69,52992,卖盘
1225,13:53:21,7.69,0.01,323,248387,买盘
1226,13:53:12,7.68,--,28,21504,卖盘
1227,13:53:06,7.68,-0.01,16,12288,卖盘
1228,13:53:03,7.69,--,7,5383,买盘
1229,13:53:00,7.69,0.01,8,6152,买盘
1230,13:52:57,7.68,--,158,121344,卖盘
1231,13:52:54,7.68,-0.01,862,662016,卖盘
1232,13:52:51,7.69,0.01,32,24608,买盘
1233,13:52:48,7.68,--,101,77568,卖盘
1234,13:52:42,7.68,--,48,36864,卖盘
1235,13:52:39,7.68,--,4,3072,卖盘
1236,13:52:36,7.68,--,31,23808,卖盘
1237,13:52:33,7.68,--,125,96000,卖盘
1238,13:52:30,7.68,-0.01,9,6912,卖盘
1239,13:52:27,7.69,0.01,42,32298,买盘
1240,13:52:24,7.68,--,26,19968,卖盘
1241,13:52:21,7.68,--,106,81408,卖盘
1242,13:52:18,7.68,--,204,156672,卖盘
1243,13:52:15,7.68,--,801,615168,卖盘
1244,13:52:12,7.68,-0.01,29,22272,卖盘
1245,13:52:09,7.69,0.01,11,8459,买盘
1246,13:52:06,7.68,--,4,3072,卖盘
1247,13:52:03,7.68,-0.01,5,3840,卖盘
1248,13:52:00,7.69,0.01,16,12304,买盘
1249,13:51:57,7.68,--,70,53760,卖盘
1250,13:51:54,7.68,-0.01,118,90624,卖盘
1251,13:51:48,7.69,--,49,37681,买盘
1252,13:51:45,7.69,--,52,39988,买盘
1253,13:51:42,7.69,--,107,82283,买盘
1254,13:51:39,7.69,0.01,2,1538,买盘
1255,13:51:36,7.68,-0.01,27,20736,卖盘
1256,13:51:33,7.69,0.01,114,87666,买盘
1257,13:51:27,7.68,--,28,21504,卖盘
1258,13:51:24,7.68,--,60,46080,卖盘
1259,13:51:21,7.68,-0.01,283,217344,卖盘
1260,13:51:18,7.69,0.01,29,22301,买盘
1261,13:51:15,7.68,--,57,43776,卖盘
1262,13:51:12,7.68,--,209,160512,卖盘
1263,13:51:09,7.68,--,9,6912,卖盘
1264,13:51:06,7.68,--,6,4608,卖盘
1265,13:51:03,7.68,--,6,4608,卖盘
1266,13:51:00,7.68,-0.01,13,9984,卖盘
1267,13:50:57,7.69,0.01,21,16149,买盘
1268,13:50:54,7.68,-0.01,1,768,卖盘
1269,13:50:51,7.69,0.01,97,74593,买盘
1270,13:50:48,7.68,--,461,354048,卖盘
1271,13:50:42,7.68,--,46,35328,卖盘
1272,13:50:39,7.68,-0.01,1,768,卖盘
1273,13:50:36,7.69,0.01,40,30760,买盘
1274,13:50:33,7.68,--,43,33024,卖盘
1275,13:50:27,7.68,--,8,6144,卖盘
1276,13:50:24,7.68,--,61,46848,卖盘
1277,13:50:21,7.68,--,51,39168,卖盘
1278,13:50:18,7.68,--,109,83712,卖盘
1279,13:50:15,7.68,--,36,27648,卖盘
1280,13:50:12,7.68,--,78,59904,买盘
1281,13:50:09,7.68,--,274,210432,卖盘
1282,13:50:06,7.68,--,32,24576,卖盘
1283,13:50:03,7.68,--,1,768,卖盘
1284,13:50:00,7.68,--,4,3072,卖盘
1285,13:49:57,7.68,--,113,86784,卖盘
1286,13:49:54,7.68,--,7,5376,卖盘
1287,13:49:51,7.68,--,34,26112,卖盘
1288,13:49:48,7.68,--,105,80640,卖盘
1289,13:49:45,7.68,--,10,7680,卖盘
1290,13:49:42,7.68,--,1,768,卖盘
1291,13:49:36,7.68,--,1,768,卖盘
1292,13:49:33,7.68,--,13,9984,卖盘
1293,13:49:30,7.68,--,3,2304,卖盘
1294,13:49:27,7.68,--,7,5376,卖盘
1295,13:49:24,7.68,--,1,768,卖盘
1296,13:49:18,7.68,--,53,40704,卖盘
1297,13:49:15,7.68,0.01,199,152832,买盘
1298,13:49:12,7.67,--,29,22243,卖盘
1299,13:49:09,7.67,-0.01,1,767,卖盘
1300,13:49:06,7.68,--,146,112128,卖盘
1301,13:49:03,7.68,--,65,49920,卖盘
1302,13:49:00,7.68,--,158,121344,买盘
1303,13:48:57,7.68,--,43,33024,卖盘
1304,13:48:54,7.68,--,10,7680,卖盘
1305,13:48:51,7.68,-0.01,170,130560,卖盘
1306,13:48:48,7.69,0.01,5,3845,买盘
1307,13:48:45,7.68,--,50,38400,卖盘
1308,13:48:33,7.68,--,1,768,卖盘
1309,13:48:27,7.68,--,9,6912,卖盘
1310,13:48:24,7.68,--,663,509184,卖盘
1311,13:48:12,7.68,-0.01,29,22272,卖盘
1312,13:48:09,7.69,0.01,74,56906,买盘
1313,13:48:06,7.68,--,55,42240,卖盘
1314,13:48:03,7.68,--,30,23040,卖盘
1315,13:47:57,7.68,-0.01,54,41472,卖盘
1316,13:47:54,7.69,--,20,15380,买盘
1317,13:47:48,7.69,--,12,9228,买盘
1318,13:47:45,7.69,--,41,31529,买盘
1319,13:47:42,7.69,0.01,124,95356,买盘
1320,13:47:39,7.68,-0.01,121,92928,卖盘
1321,13:47:36,7.69,0.01,20,15380,买盘
1322,13:47:33,7.68,--,34,26112,卖盘
1323,13:47:27,7.68,--,8,6144,卖盘
1324,13:47:24,7.68,-0.01,3,2304,卖盘
1325,13:47:21,7.69,0.01,3,2307,买盘
1326,13:47:18,7.68,--,3,2304,卖盘
1327,13:47:12,7.68,0.01,268,205824,买盘
1328,13:47:09,7.67,-0.01,32,24544,卖盘
1329,13:47:06,7.68,0.01,37,28416,买盘
1330,13:47:03,7.67,-0.01,14,10738,卖盘
1331,13:47:00,7.68,--,89,68352,买盘
1332,13:46:57,7.68,0.01,71,54528,买盘
1333,13:46:54,7.67,-0.01,40,30680,卖盘
1334,13:46:51,7.68,0.01,2,1536,买盘
1335,13:46:48,7.67,-0.01,34,26078,卖盘
1336,13:46:45,7.68,--,26,19968,买盘
1337,13:46:42,7.68,--,122,93696,买盘
1338,13:46:39,7.68,--,49,37632,买盘
1339,13:46:36,7.68,0.01,30,23040,买盘
1340,13:46:33,7.67,-0.01,2,1534,卖盘
1341,13:46:27,7.68,--,49,37632,买盘
1342,13:46:24,7.68,--,10,7680,买盘
1343,13:46:21,7.68,--,252,193797,卖盘
1344,13:46:18,7.68,--,4,3072,卖盘
1345,13:46:12,7.68,--,34,26112,卖盘
1346,13:46:09,7.68,--,22,16896,卖盘
1347,13:46:06,7.68,--,279,214778,买盘
1348,13:46:03,7.68,0.01,107,82176,买盘
1349,13:46:00,7.67,-0.01,121,92807,卖盘
1350,13:45:57,7.68,--,3,2304,买盘
1351,13:45:54,7.68,--,115,88320,买盘
1352,13:45:51,7.68,--,50,38400,买盘
1353,13:45:48,7.68,--,160,122880,买盘
1354,13:45:45,7.68,0.01,39,29952,买盘
1355,13:45:42,7.67,--,101,77467,卖盘
1356,13:45:39,7.67,-0.01,36,27612,卖盘
1357,13:45:36,7.68,0.01,24,18432,买盘
1358,13:45:33,7.67,-0.01,120,92040,卖盘
1359,13:45:27,7.68,--,57,43776,买盘
1360,13:45:24,7.68,0.01,10,7680,买盘
1361,13:45:18,7.67,--,2,1534,卖盘
1362,13:45:15,7.67,-0.01,52,39884,卖盘
1363,13:45:12,7.68,--,69,52992,买盘
1364,13:45:09,7.68,0.01,21,16128,买盘
1365,13:45:06,7.67,-0.01,59,45253,卖盘
1366,13:45:03,7.68,--,40,30720,买盘
1367,13:45:00,7.68,0.01,142,109056,中性盘
1368,13:44:57,7.67,-0.02,2024,1552408,卖盘
1369,13:44:51,7.69,0.01,47,36143,买盘
1370,13:44:48,7.68,--,6,4608,卖盘
1371,13:44:45,7.68,--,8,6144,卖盘
1372,13:44:42,7.68,--,58,44544,卖盘
1373,13:44:39,7.68,--,566,434903,买盘
1374,13:44:36,7.68,0.01,10,7680,买盘
1375,13:44:33,7.67,-0.01,1,767,卖盘
1376,13:44:30,7.68,--,215,165120,买盘
1377,13:44:27,7.68,0.01,207,158976,买盘
1378,13:44:24,7.67,--,60,46020,卖盘
1379,13:44:21,7.67,-0.01,595,456365,卖盘
1380,13:44:18,7.68,--,14,10752,买盘
1381,13:44:15,7.68,0.01,44,33792,买盘
1382,13:44:12,7.67,--,22,16874,卖盘
1383,13:44:09,7.67,--,206,158002,卖盘
1384,13:44:06,7.67,--,22,16874,卖盘
1385,13:44:03,7.67,--,5,3835,卖盘
1386,13:44:00,7.67,-0.01,9,6903,卖盘
1387,13:43:57,7.68,--,7,5376,买盘
1388,13:43:54,7.68,--,13,9984,买盘
1389,13:43:51,7.68,--,25,19200,买盘
1390,13:43:48,7.68,0.01,7,5376,买盘
1391,13:43:45,7.67,--,6,4602,卖盘
1392,13:43:42,7.67,--,104,79768,卖盘
1393,13:43:39,7.67,--,7,5369,卖盘
1394,13:43:36,7.67,--,30,23010,卖盘
1395,13:43:33,7.67,-0.01,342,262314,卖盘
1396,13:43:30,7.68,0.01,13,9984,买盘
1397,13:43:27,7.67,-0.01,56,42952,卖盘
1398,13:43:24,7.68,--,4,3072,买盘
1399,13:43:21,7.68,0.01,50,38400,买盘
1400,13:43:18,7.67,--,17,13039,卖盘
1401,13:43:12,7.67,--,47,36049,卖盘
1402,13:43:09,7.67,-0.01,10,7670,卖盘
1403,13:43:06,7.68,0.01,50,38400,买盘
1404,13:43:03,7.67,--,4,3068,卖盘
1405,13:43:00,7.67,--,89,68263,卖盘
1406,13:42:57,7.67,--,481,368927,卖盘
1407,13:42:54,7.67,-0.01,8,6136,卖盘
1408,13:42:51,7.68,--,11,8448,买盘
1409,13:42:48,7.68,0.01,61,46848,买盘
1410,13:42:45,7.67,--,306,234702,卖盘
1411,13:42:42,7.67,--,3,2301,卖盘
1412,13:42:39,7.67,-0.01,18,13806,卖盘
1413,13:42:36,7.68,0.01,55,42240,买盘
1414,13:42:33,7.67,-0.01,80,61912,卖盘
1415,13:42:30,7.68,--,112,86016,卖盘
1416,13:42:27,7.68,--,127,97536,卖盘
1417,13:42:24,7.68,--,620,476160,卖盘
1418,13:42:21,7.68,--,116,89088,卖盘
1419,13:42:18,7.68,--,27,20736,卖盘
1420,13:42:15,7.68,--,19,14592,卖盘
1421,13:42:12,7.68,--,103,79104,卖盘
1422,13:42:09,7.68,--,15,11520,卖盘
1423,13:42:06,7.68,--,90,69120,卖盘
1424,13:42:03,7.68,--,298,228864,卖盘
1425,13:42:00,7.68,--,1659,1274112,卖盘
1426,13:41:57,7.68,--,28,21504,卖盘
1427,13:41:54,7.68,--,8,6144,卖盘
1428,13:41:51,7.68,--,16,12288,卖盘
1429,13:41:48,7.68,--,60,46080,卖盘
1430,13:41:45,7.68,--,4,3072,卖盘
1431,13:41:42,7.68,--,15,11520,卖盘
1432,13:41:39,7.68,--,20,15360,卖盘
1433,13:41:36,7.68,--,35,26880,卖盘
1434,13:41:33,7.68,-0.01,227,174336,卖盘
1435,13:41:30,7.69,--,20,15380,买盘
1436,13:41:27,7.69,--,17,13073,买盘
1437,13:41:24,7.69,0.01,96,73824,买盘
1438,13:41:18,7.68,--,123,94464,卖盘
1439,13:41:15,7.68,--,645,495360,卖盘
1440,13:41:12,7.68,--,12,9216,卖盘
1441,13:41:09,7.68,--,28,21504,卖盘
1442,13:41:06,7.68,-0.01,98,75264,卖盘
1443,13:41:03,7.69,0.01,454,349126,买盘
1444,13:41:00,7.68,--,6,4608,卖盘
1445,13:40:57,7.68,--,1,768,卖盘
1446,13:40:54,7.68,-0.01,26,19968,卖盘
1447,13:40:48,7.69,0.01,2,1538,买盘
1448,13:40:45,7.68,-0.01,2,1536,卖盘
1449,13:40:42,7.69,0.01,40,30760,买盘
1450,13:40:39,7.68,-0.01,40,30720,卖盘
1451,13:40:30,7.69,--,50,38450,买盘
1452,13:40:27,7.69,--,35,26915,买盘
1453,13:40:24,7.69,-0.01,11,8459,买盘
1454,13:40:15,7.7,0.02,40,30800,买盘
1455,13:40:12,7.68,--,258,198144,卖盘
1456,13:40:09,7.68,-0.01,1324,1016832,卖盘
1457,13:40:06,7.69,--,1,769,卖盘
1458,13:40:03,7.69,--,101,77669,卖盘
1459,13:40:00,7.69,-0.01,4,3076,卖盘
1460,13:39:57,7.7,0.01,10,7700,买盘
1461,13:39:54,7.69,--,28,21532,卖盘
1462,13:39:51,7.69,--,32,24608,卖盘
1463,13:39:48,7.69,--,35,26915,卖盘
1464,13:39:45,7.69,--,1,769,卖盘
1465,13:39:42,7.69,--,65,49985,卖盘
1466,13:39:36,7.69,--,10,7690,卖盘
1467,13:39:30,7.69,--,126,96894,卖盘
1468,13:39:27,7.69,--,671,515999,卖盘
1469,13:39:24,7.69,--,7,5383,卖盘
1470,13:39:18,7.69,--,50,38450,卖盘
1471,13:39:15,7.69,--,20,15380,卖盘
1472,13:39:12,7.69,--,69,53061,卖盘
1473,13:39:09,7.69,--,96,73824,卖盘
1474,13:39:06,7.69,--,8,6152,卖盘
1475,13:39:03,7.69,--,4,3076,卖盘
1476,13:39:00,7.69,--,40,30760,卖盘
1477,13:38:54,7.69,-0.01,5,3845,卖盘
1478,13:38:51,7.7,--,97,74690,买盘
1479,13:38:48,7.7,--,224,172741,卖盘
1480,13:38:45,7.7,--,3,2310,卖盘
1481,13:38:42,7.7,0.01,52,40548,买盘
1482,13:38:39,7.69,-0.01,47,36143,卖盘
1483,13:38:30,7.7,--,2,1540,买盘
1484,13:38:27,7.7,0.01,20,15400,买盘
1485,13:38:24,7.69,-0.01,8,6152,卖盘
1486,13:38:21,7.7,0.01,70,53900,买盘
1487,13:38:15,7.69,-0.01,73,56137,卖盘
1488,13:38:12,7.7,--,182,140401,卖盘
1489,13:38:09,7.7,--,13,10010,卖盘
1490,13:38:06,7.7,--,1,770,卖盘
1491,13:38:03,7.7,--,1,770,卖盘
1492,13:38:00,7.7,--,4,3080,卖盘
1493,13:37:57,7.7,-0.01,30,23100,卖盘
1494,13:37:54,7.71,0.01,3,2313,买盘
1495,13:37:48,7.7,--,50,38500,卖盘
1496,13:37:45,7.7,--,3,2310,卖盘
1497,13:37:42,7.7,-0.01,2,1540,卖盘
1498,13:37:36,7.71,0.01,9,6939,买盘
1499,13:37:33,7.7,-0.01,20,15400,卖盘
1500,13:37:30,7.71,--,50,38550,买盘
1501,13:37:27,7.71,0.01,10,7710,买盘
1502,13:37:24,7.7,--,7,5390,卖盘
1503,13:37:21,7.7,-0.01,2,1540,卖盘
1504,13:37:18,7.71,0.01,154,118734,买盘
1505,13:37:15,7.7,--,652,502040,卖盘
1506,13:37:12,7.7,--,12,9240,卖盘
1507,13:37:09,7.7,-0.01,143,110110,卖盘
1508,13:37:06,7.71,--,4,3084,买盘
1509,13:37:03,7.71,0.01,3,2313,买盘
1510,13:37:00,7.7,-0.01,4,3080,卖盘
1511,13:36:57,7.71,0.01,32,24672,买盘
1512,13:36:54,7.7,-0.01,10,7700,卖盘
1513,13:36:51,7.71,--,2,1542,买盘
1514,13:36:48,7.71,0.01,7,5397,买盘
1515,13:36:45,7.7,--,1,770,卖盘
1516,13:36:39,7.7,-0.01,66,50820,卖盘
1517,13:36:36,7.71,--,177,136467,买盘
1518,13:36:30,7.71,--,40,30840,买盘
1519,13:36:27,7.71,0.01,1,771,买盘
1520,13:36:24,7.7,--,6,4620,卖盘
1521,13:36:21,7.7,--,1,770,卖盘
1522,13:36:18,7.7,--,60,46200,卖盘
1523,13:36:12,7.7,--,1,770,卖盘
1524,13:36:09,7.7,--,32,24640,卖盘
1525,13:36:06,7.7,--,11,8470,卖盘
1526,13:36:03,7.7,--,2,1540,卖盘
1527,13:36:00,7.7,-0.01,2,1540,卖盘
1528,13:35:57,7.71,0.01,3,2313,买盘
1529,13:35:54,7.7,--,69,53130,卖盘
1530,13:35:45,7.7,--,12,9240,卖盘
1531,13:35:42,7.7,--,136,104720,卖盘
1532,13:35:36,7.7,--,56,43120,卖盘
1533,13:35:33,7.7,-0.01,250,192500,卖盘
1534,13:35:30,7.71,--,53,40863,买盘
1535,13:35:27,7.71,0.01,18,13878,买盘
1536,13:35:24,7.7,--,32,24640,卖盘
1537,13:35:21,7.7,--,1,770,卖盘
1538,13:35:15,7.7,-0.01,1,770,卖盘
1539,13:35:12,7.71,0.01,241,185811,买盘
1540,13:35:09,7.7,--,13,10010,卖盘
1541,13:35:06,7.7,-0.01,21,16170,卖盘
1542,13:35:03,7.71,--,12,9252,买盘
1543,13:35:00,7.71,--,105,80955,买盘
1544,13:34:54,7.71,--,2,1542,买盘
1545,13:34:48,7.71,--,58,44718,买盘
1546,13:34:45,7.71,--,22,16962,买盘
1547,13:34:42,7.71,--,5,3855,买盘
1548,13:34:39,7.71,--,129,99459,买盘
1549,13:34:36,7.71,0.01,545,420195,买盘
1550,13:34:33,7.7,-0.01,5,3850,卖盘
1551,13:34:30,7.71,--,25,19275,买盘
1552,13:34:27,7.71,0.01,96,74016,买盘
1553,13:34:24,7.7,--,22,16940,卖盘
1554,13:34:21,7.7,--,2,1540,卖盘
1555,13:34:18,7.7,-0.01,50,38500,卖盘
1556,13:34:15,7.71,-0.01,328,252888,卖盘
1557,13:34:12,7.72,0.01,301,232372,买盘
1558,13:34:09,7.71,--,43,33153,卖盘
1559,13:34:06,7.71,--,47,36237,卖盘
1560,13:34:03,7.71,--,11,8481,卖盘
1561,13:34:00,7.71,--,3,2313,卖盘
1562,13:33:57,7.71,-0.01,21,16191,卖盘
1563,13:33:54,7.72,0.01,2,1544,买盘
1564,13:33:51,7.71,--,4,3084,卖盘
1565,13:33:42,7.71,--,1,771,卖盘
1566,13:33:36,7.71,--,2,1542,卖盘
1567,13:33:33,7.71,-0.01,5,3855,卖盘
1568,13:33:27,7.72,0.01,320,247040,买盘
1569,13:33:18,7.71,-0.01,9,6939,卖盘
1570,13:33:12,7.72,0.01,5,3860,买盘
1571,13:33:09,7.71,--,30,23130,卖盘
1572,13:33:06,7.71,--,1,771,卖盘
1573,13:33:03,7.71,-0.01,3,2313,卖盘
1574,13:33:00,7.72,0.02,7,5404,买盘
1575,13:32:57,7.7,--,22,16940,卖盘
1576,13:32:54,7.7,--,65,50050,卖盘
1577,13:32:45,7.7,--,37,28490,卖盘
1578,13:32:42,7.7,--,38,29260,卖盘
1579,13:32:39,7.7,--,1,770,卖盘
1580,13:32:30,7.7,--,50,38500,卖盘
1581,13:32:27,7.7,-0.01,7,5390,卖盘
1582,13:32:24,7.71,0.01,11,8481,中性盘
1583,13:32:12,7.7,-0.02,244,187880,卖盘
1584,13:32:09,7.72,0.01,34,26248,买盘
1585,13:32:06,7.71,0.01,1,771,卖盘
1586,13:32:00,7.7,-0.02,4,3080,卖盘
1587,13:31:57,7.72,0.01,162,125064,买盘
1588,13:31:51,7.71,--,137,105627,买盘
1589,13:31:45,7.71,0.01,160,123360,买盘
1590,13:31:42,7.7,--,45,34650,卖盘
1591,13:31:36,7.7,-0.01,76,58520,卖盘
1592,13:31:33,7.71,0.01,6,4626,买盘
1593,13:31:27,7.7,--,5,3850,卖盘
1594,13:31:24,7.7,--,39,30030,卖盘
1595,13:31:12,7.7,--,11,8470,卖盘
1596,13:31:09,7.7,--,43,33110,卖盘
1597,13:31:06,7.7,--,21,16170,卖盘
1598,13:31:00,7.7,--,5,3850,卖盘
1599,13:30:54,7.7,-0.01,4,3080,卖盘
1600,13:30:48,7.71,--,20,15420,买盘
1601,13:30:45,7.71,0.01,2,1542,买盘
1602,13:30:42,7.7,-0.01,47,36498,卖盘
1603,13:30:39,7.71,0.01,24,18504,买盘
1604,13:30:33,7.7,-0.01,12,9240,卖盘
1605,13:30:30,7.71,--,7,5397,买盘
1606,13:30:27,7.71,--,4,3084,买盘
1607,13:30:18,7.71,--,41,31611,买盘
1608,13:30:09,7.71,--,94,72474,买盘
1609,13:30:03,7.71,--,30,23130,买盘
1610,13:30:00,7.71,--,20,15420,买盘
1611,13:29:57,7.71,--,483,372393,卖盘
1612,13:29:54,7.71,--,6,4626,卖盘
1613,13:29:45,7.71,--,63,48573,卖盘
1614,13:29:42,7.71,--,1,771,卖盘
1615,13:29:33,7.71,-0.01,124,95604,卖盘
1616,13:29:30,7.72,--,10,7720,买盘
1617,13:29:27,7.72,0.01,8,6176,买盘
1618,13:29:15,7.71,--,50,38550,卖盘
1619,13:29:12,7.71,--,21,16191,卖盘
1620,13:29:09,7.71,--,29,22359,卖盘
1621,13:29:06,7.71,--,1,771,卖盘
1622,13:29:03,7.71,--,1,771,卖盘
1623,13:28:57,7.71,-0.01,4,3084,卖盘
1624,13:28:54,7.72,0.01,3,2316,买盘
1625,13:28:51,7.71,--,1,771,卖盘
1626,13:28:48,7.71,--,193,148803,卖盘
1627,13:28:45,7.71,--,2,1542,卖盘
1628,13:28:42,7.71,--,17,13107,卖盘
1629,13:28:39,7.71,--,4,3084,卖盘
1630,13:28:24,7.71,--,200,154200,卖盘
1631,13:28:21,7.71,--,1,771,卖盘
1632,13:28:12,7.71,--,17,13107,卖盘
1633,13:28:09,7.71,-0.01,30,23130,卖盘
1634,13:28:06,7.72,0.01,28,21616,买盘
1635,13:28:03,7.71,--,3,2313,卖盘
1636,13:27:57,7.71,--,6,4626,卖盘
1637,13:27:51,7.71,--,12,9252,卖盘
1638,13:27:45,7.71,--,8,6168,卖盘
1639,13:27:42,7.71,--,20,15420,卖盘
1640,13:27:36,7.71,--,12,9252,卖盘
1641,13:27:33,7.71,--,81,62451,卖盘
1642,13:27:30,7.71,--,100,77100,卖盘
1643,13:27:15,7.71,--,1,771,卖盘
1644,13:27:12,7.71,--,10,7710,卖盘
1645,13:27:09,7.71,0.01,237,182727,买盘
1646,13:27:06,7.7,--,19,14630,卖盘
1647,13:27:03,7.7,--,21,16170,卖盘
1648,13:27:00,7.7,--,2,1540,卖盘
1649,13:26:57,7.7,--,2,1540,卖盘
1650,13:26:54,7.7,-0.01,15,11550,卖盘
1651,13:26:48,7.71,--,14,10794,买盘
1652,13:26:45,7.71,0.01,15,11565,买盘
1653,13:26:42,7.7,-0.01,44,33880,卖盘
1654,13:26:39,7.71,--,382,294522,买盘
1655,13:26:36,7.71,0.01,75,57825,买盘
1656,13:26:33,7.7,--,170,130900,卖盘
1657,13:26:30,7.7,--,2,1540,卖盘
1658,13:26:12,7.7,-0.01,32,24640,卖盘
1659,13:26:09,7.71,0.01,64,49344,买盘
1660,13:26:06,7.7,--,64,49280,卖盘
1661,13:26:03,7.7,--,1,770,卖盘
1662,13:26:00,7.7,--,3,2310,卖盘
1663,13:25:57,7.7,-0.01,5,3850,卖盘
1664,13:25:54,7.71,--,3,2313,买盘
1665,13:25:51,7.71,0.01,512,394752,买盘
1666,13:25:48,7.7,--,5,3850,卖盘
1667,13:25:45,7.7,-0.01,40,30800,卖盘
1668,13:25:27,7.71,--,23,17733,买盘
1669,13:25:24,7.71,0.01,1,771,买盘
1670,13:25:21,7.7,--,70,53900,卖盘
1671,13:25:18,7.7,--,15,11550,卖盘
1672,13:25:15,7.7,--,30,23100,卖盘
1673,13:25:09,7.7,--,11,8470,卖盘
1674,13:25:06,7.7,--,19,14630,卖盘
1675,13:25:03,7.7,--,1,770,卖盘
1676,13:25:00,7.7,-0.01,45,34650,卖盘
1677,13:24:57,7.71,0.01,61,47031,买盘
1678,13:24:54,7.7,-0.01,4,3080,卖盘
1679,13:24:51,7.71,--,2,1542,买盘
1680,13:24:33,7.71,--,1,771,买盘
1681,13:24:27,7.71,--,55,42405,买盘
1682,13:24:24,7.71,0.01,8,6168,买盘
1683,13:24:21,7.7,-0.01,18,13860,卖盘
1684,13:24:18,7.71,--,14,10794,买盘
1685,13:24:12,7.71,0.01,29,22359,买盘
1686,13:24:09,7.7,--,10,7700,卖盘
1687,13:24:06,7.7,-0.01,22,16940,卖盘
1688,13:24:03,7.71,0.01,20,15420,买盘
1689,13:24:00,7.7,--,1,770,卖盘
1690,13:23:57,7.7,-0.01,4,3080,卖盘
1691,13:23:54,7.71,--,7,5397,买盘
1692,13:23:51,7.71,0.01,4,3084,买盘
1693,13:23:45,7.7,-0.01,228,175560,卖盘
1694,13:23:42,7.71,0.01,10,7710,买盘
1695,13:23:36,7.7,-0.01,6,4620,卖盘
1696,13:23:33,7.71,--,1,771,买盘
1697,13:23:27,7.71,0.01,12,9252,买盘
1698,13:23:24,7.7,--,1,770,卖盘
1699,13:23:21,7.7,--,1,770,卖盘
1700,13:23:09,7.7,--,11,8470,卖盘
1701,13:23:06,7.7,--,86,66220,卖盘
1702,13:23:03,7.7,--,204,157080,卖盘
1703,13:23:00,7.7,--,145,111650,卖盘
1704,13:22:57,7.7,-0.01,152,117040,卖盘
1705,13:22:54,7.71,--,4,3084,买盘
1706,13:22:51,7.71,--,2,1542,买盘
1707,13:22:33,7.71,0.01,11,8481,买盘
1708,13:22:30,7.7,--,2,1540,卖盘
1709,13:22:21,7.7,-0.01,11,8470,卖盘
1710,13:22:06,7.71,--,78,60138,买盘
1711,13:22:00,7.71,0.01,53,40863,买盘
1712,13:21:54,7.7,--,27,20790,卖盘
1713,13:21:51,7.7,--,7,5390,卖盘
1714,13:21:48,7.7,-0.01,1,770,卖盘
1715,13:21:45,7.71,--,1,771,买盘
1716,13:21:36,7.71,0.01,25,19275,买盘
1717,13:21:33,7.7,--,6,4620,卖盘
1718,13:21:24,7.7,--,50,38500,卖盘
1719,13:21:21,7.7,--,1,770,卖盘
1720,13:21:18,7.7,-0.01,1,770,卖盘
1721,13:21:15,7.71,0.01,65,50115,买盘
1722,13:21:12,7.7,--,1,770,卖盘
1723,13:21:09,7.7,--,1,770,卖盘
1724,13:21:06,7.7,--,30,23100,卖盘
1725,13:21:03,7.7,--,1,770,卖盘
1726,13:21:00,7.7,-0.01,136,104720,卖盘
1727,13:20:57,7.71,0.01,3,2313,买盘
1728,13:20:54,7.7,-0.01,164,126280,卖盘
1729,13:20:51,7.71,0.01,1,771,买盘
1730,13:20:45,7.7,--,57,43890,卖盘
1731,13:20:42,7.7,--,1,770,卖盘
1732,13:20:39,7.7,--,171,131670,卖盘
1733,13:20:30,7.7,--,3,2310,卖盘
1734,13:20:24,7.7,--,34,26180,卖盘
1735,13:20:21,7.7,-0.01,50,38500,卖盘
1736,13:20:18,7.71,0.01,30,23130,买盘
1737,13:20:15,7.7,-0.01,2,1540,卖盘
1738,13:20:12,7.71,0.01,28,21588,买盘
1739,13:20:09,7.7,--,2,1540,卖盘
1740,13:20:06,7.7,-0.01,45,34650,卖盘
1741,13:20:03,7.71,0.01,49,37779,买盘
1742,13:20:00,7.7,-0.01,12,9240,卖盘
1743,13:19:54,7.71,0.01,10,7710,买盘
1744,13:19:51,7.7,-0.01,5,3850,卖盘
1745,13:19:48,7.71,0.01,2,1542,买盘
1746,13:19:45,7.7,--,100,77000,卖盘
1747,13:19:42,7.7,-0.01,26,20020,卖盘
1748,13:19:36,7.71,0.01,13,10023,买盘
1749,13:19:33,7.7,--,3,2310,卖盘
1750,13:19:30,7.7,--,1,770,卖盘
1751,13:19:27,7.7,--,20,15400,卖盘
1752,13:19:15,7.7,-0.01,50,38500,卖盘
1753,13:19:12,7.71,0.01,16,12336,买盘
1754,13:19:09,7.7,--,1,770,卖盘
1755,13:19:06,7.7,--,29,22330,卖盘
1756,13:19:03,7.7,--,51,39270,卖盘
1757,13:19:00,7.7,--,3,2310,卖盘
1758,13:18:57,7.7,--,49,37730,卖盘
1759,13:18:54,7.7,-0.01,10,7700,卖盘
1760,13:18:51,7.71,0.01,3,2313,买盘
1761,13:18:48,7.7,--,2,1540,卖盘
1762,13:18:45,7.7,--,143,110110,卖盘
1763,13:18:42,7.7,--,1,770,卖盘
1764,13:18:39,7.7,-0.01,115,88550,卖盘
1765,13:18:30,7.71,--,8,6168,买盘
1766,13:18:21,7.71,0.01,5,3855,买盘
1767,13:18:15,7.7,0.01,59,45630,买盘
1768,13:18:09,7.69,-0.01,421,324318,卖盘
1769,13:18:06,7.7,--,63,48510,卖盘
1770,13:18:03,7.7,--,50,38500,卖盘
1771,13:18:00,7.7,--,46,35420,卖盘
1772,13:17:57,7.7,--,2,1540,卖盘
1773,13:17:54,7.7,--,132,101640,卖盘
1774,13:17:51,7.7,--,24,18480,卖盘
1775,13:17:45,7.7,--,143,110110,卖盘
1776,13:17:42,7.7,--,34,26180,卖盘
1777,13:17:39,7.7,--,20,15400,卖盘
1778,13:17:36,7.7,--,15,11550,卖盘
1779,13:17:30,7.7,0.01,212,163440,买盘
1780,13:17:27,7.69,--,2,1538,卖盘
1781,13:17:21,7.69,--,11,8459,卖盘
1782,13:17:09,7.69,--,19,14611,卖盘
1783,13:17:06,7.69,-0.01,53,40757,卖盘
1784,13:17:03,7.7,0.01,295,227150,买盘
1785,13:17:00,7.69,--,1,769,卖盘
1786,13:16:57,7.69,--,20,15380,卖盘
1787,13:16:54,7.69,--,22,16918,卖盘
1788,13:16:45,7.69,-0.01,100,76900,卖盘
1789,13:16:39,7.7,--,4,3080,买盘
1790,13:16:36,7.7,0.01,80,61600,买盘
1791,13:16:33,7.69,-0.01,10,7690,卖盘
1792,13:16:30,7.7,0.01,20,15400,买盘
1793,13:16:27,7.69,--,1,769,卖盘
1794,13:16:24,7.69,--,83,63827,卖盘
1795,13:16:21,7.69,--,2,1538,卖盘
1796,13:16:09,7.69,--,88,67672,卖盘
1797,13:16:06,7.69,--,11,8459,卖盘
1798,13:16:03,7.69,--,2,1538,卖盘
1799,13:16:00,7.69,--,9,6921,卖盘
1800,13:15:51,7.69,--,4,3076,卖盘
1801,13:15:48,7.69,0.01,1,769,卖盘
1802,13:15:36,7.68,-0.02,195,150067,卖盘
1803,13:15:33,7.7,0.02,1200,924000,买盘
1804,13:15:30,7.68,-0.01,10,7680,卖盘
1805,13:15:27,7.69,--,6,4614,买盘
1806,13:15:24,7.69,0.01,2,1538,买盘
1807,13:15:21,7.68,--,180,138240,卖盘
1808,13:15:15,7.68,-0.01,500,384000,卖盘
1809,13:15:12,7.69,0.01,7,5383,买盘
1810,13:15:09,7.68,--,18,13824,卖盘
1811,13:15:06,7.68,--,68,52224,卖盘
1812,13:15:03,7.68,-0.01,2,1536,卖盘
1813,13:15:00,7.69,--,3,2307,买盘
1814,13:14:57,7.69,0.01,7,5383,买盘
1815,13:14:54,7.68,--,5,3840,卖盘
1816,13:14:51,7.68,-0.01,5,3840,卖盘
1817,13:14:42,7.69,0.01,15,11535,卖盘
1818,13:14:36,7.68,-0.02,176,135168,卖盘
1819,13:14:30,7.7,0.01,120,92400,买盘
1820,13:14:27,7.69,--,100,76900,卖盘
1821,13:14:21,7.69,--,16,12304,卖盘
1822,13:14:12,7.69,-0.01,21,16149,卖盘
1823,13:14:09,7.7,0.01,73,56210,买盘
1824,13:14:06,7.69,-0.01,15,11535,中性盘
1825,13:14:03,7.7,--,150,115500,买盘
1826,13:14:00,7.7,0.02,3,2310,买盘
1827,13:13:57,7.68,-0.02,38,29184,卖盘
1828,13:13:54,7.7,0.01,65,50050,买盘
1829,13:13:51,7.69,--,2,1538,卖盘
1830,13:13:42,7.69,--,271,208399,卖盘
1831,13:13:39,7.69,--,5,3845,卖盘
1832,13:13:33,7.69,--,5,3845,卖盘
1833,13:13:27,7.69,--,100,76900,卖盘
1834,13:13:21,7.69,--,20,15380,卖盘
1835,13:13:18,7.69,--,2,1538,卖盘
1836,13:13:15,7.69,--,190,146110,卖盘
1837,13:13:12,7.69,--,31,23839,卖盘
1838,13:13:09,7.69,--,1,769,卖盘
1839,13:13:06,7.69,--,40,30760,卖盘
1840,13:13:03,7.69,-0.01,1,769,卖盘
1841,13:13:00,7.7,--,50,38500,买盘
1842,13:12:57,7.7,0.01,208,160160,买盘
1843,13:12:54,7.69,--,21,16149,买盘
1844,13:12:51,7.69,--,302,232238,买盘
1845,13:12:48,7.69,-0.01,106,81514,卖盘
1846,13:12:45,7.7,0.01,50,38500,买盘
1847,13:12:42,7.69,--,4,3076,卖盘
1848,13:12:39,7.69,--,1,769,卖盘
1849,13:12:36,7.69,--,1,769,卖盘
1850,13:12:33,7.69,--,4,3076,卖盘
1851,13:12:30,7.69,--,230,176870,卖盘
1852,13:12:21,7.69,--,2,1538,卖盘
1853,13:12:18,7.69,--,3,2307,卖盘
1854,13:12:15,7.69,-0.01,21,16149,卖盘
1855,13:12:12,7.7,0.01,13,10010,买盘
1856,13:12:09,7.69,--,65,49985,卖盘
1857,13:12:06,7.69,-0.01,53,40757,卖盘
1858,13:11:57,7.7,0.01,3,2310,买盘
1859,13:11:54,7.69,--,2,1538,卖盘
1860,13:11:51,7.69,--,3,2307,卖盘
1861,13:11:48,7.69,--,160,123040,卖盘
1862,13:11:45,7.69,--,1,769,卖盘
1863,13:11:42,7.69,-0.01,1,769,卖盘
1864,13:11:39,7.7,--,146,112420,买盘
1865,13:11:33,7.7,0.01,200,154000,买盘
1866,13:11:27,7.69,--,17,13073,卖盘
1867,13:11:24,7.69,--,2,1538,卖盘
1868,13:11:21,7.69,--,3,2307,卖盘
1869,13:11:18,7.69,--,17,13073,卖盘
1870,13:11:12,7.69,0.01,2,1538,买盘
1871,13:11:09,7.68,-0.02,201,154368,卖盘
1872,13:11:06,7.7,--,640,492800,买盘
1873,13:11:03,7.7,0.01,26,20020,买盘
1874,13:11:00,7.69,--,1,769,买盘
1875,13:10:57,7.69,-0.01,44,33836,中性盘
1876,13:10:54,7.7,0.02,34,26180,买盘
1877,13:10:51,7.68,--,21,16128,卖盘
1878,13:10:45,7.68,-0.02,31,23808,卖盘
1879,13:10:42,7.7,0.02,281,216370,买盘
1880,13:10:39,7.68,--,1,768,卖盘
1881,13:10:36,7.68,--,39,29952,卖盘
1882,13:10:30,7.68,--,202,155136,卖盘
1883,13:10:21,7.68,-0.02,2,1536,卖盘
1884,13:10:18,7.7,0.02,8,6160,买盘
1885,13:10:15,7.68,--,110,85155,卖盘
1886,13:10:12,7.68,-0.01,1,768,卖盘
1887,13:10:09,7.69,0.01,10,7690,买盘
1888,13:10:06,7.68,--,11,8448,卖盘
1889,13:10:03,7.68,--,223,171264,卖盘
1890,13:10:00,7.68,--,41,31488,卖盘
1891,13:09:54,7.68,--,8,6144,卖盘
1892,13:09:51,7.68,-0.01,133,102144,卖盘
1893,13:09:48,7.69,--,20,15380,买盘
1894,13:09:45,7.69,--,79,60843,卖盘
1895,13:09:42,7.69,--,1,769,卖盘
1896,13:09:33,7.69,--,2,1538,卖盘
1897,13:09:30,7.69,0.01,133,102953,买盘
1898,13:09:24,7.68,--,1,768,卖盘
1899,13:09:21,7.68,--,2,1536,卖盘
1900,13:09:18,7.68,--,2,1536,卖盘
1901,13:09:12,7.68,--,1,768,卖盘
1902,13:09:09,7.68,--,5,3840,卖盘
1903,13:09:06,7.68,-0.01,32,24576,卖盘
1904,13:09:00,7.69,--,1,769,买盘
1905,13:08:57,7.69,0.01,40,30760,买盘
1906,13:08:51,7.68,--,3,2304,卖盘
1907,13:08:48,7.68,-0.01,2,1536,卖盘
1908,13:08:45,7.69,--,30,23070,买盘
1909,13:08:42,7.69,-0.01,529,406893,卖盘
1910,13:08:33,7.7,--,43,33110,买盘
1911,13:08:30,7.7,0.01,15,11550,买盘
1912,13:08:27,7.69,--,13,9997,卖盘
1913,13:08:18,7.69,-0.01,29,22301,卖盘
1914,13:08:15,7.7,0.01,4,3080,买盘
1915,13:08:12,7.69,--,1,769,卖盘
1916,13:08:09,7.69,--,40,30760,卖盘
1917,13:08:06,7.69,--,12,9228,卖盘
1918,13:08:03,7.69,-0.01,19,14611,卖盘
1919,13:08:00,7.7,0.01,10,7700,买盘
1920,13:07:57,7.69,-0.01,76,58444,卖盘
1921,13:07:54,7.7,0.01,19,14630,买盘
1922,13:07:48,7.69,--,9,6921,卖盘
1923,13:07:45,7.69,--,23,17687,卖盘
1924,13:07:42,7.69,--,3,2307,卖盘
1925,13:07:39,7.69,--,30,23070,卖盘
1926,13:07:30,7.69,--,16,12304,卖盘
1927,13:07:27,7.69,-0.01,20,15380,卖盘
1928,13:07:15,7.7,0.01,65,50050,买盘
1929,13:07:12,7.69,-0.01,2,1538,卖盘
1930,13:07:09,7.7,0.01,47,36190,买盘
1931,13:07:06,7.69,--,18,13842,卖盘
1932,13:07:03,7.69,--,11,8459,卖盘
1933,13:07:00,7.69,-0.01,27,20763,卖盘
1934,13:06:57,7.7,0.01,152,117040,买盘
1935,13:06:54,7.69,--,65,49985,卖盘
1936,13:06:51,7.69,-0.01,200,153800,卖盘
1937,13:06:48,7.7,0.01,14,10780,买盘
1938,13:06:42,7.69,-0.01,2,1538,卖盘
1939,13:06:39,7.7,--,55,42350,买盘
1940,13:06:36,7.7,--,575,442750,买盘
1941,13:06:33,7.7,--,41,31570,买盘
1942,13:06:30,7.7,--,3,2310,买盘
1943,13:06:18,7.7,0.01,15,11550,买盘
1944,13:06:09,7.69,--,502,386038,卖盘
1945,13:06:06,7.69,--,15,11535,卖盘
1946,13:06:03,7.69,-0.01,42,32298,卖盘
1947,13:06:00,7.7,--,11,8470,买盘
1948,13:05:57,7.7,--,1,770,买盘
1949,13:05:51,7.7,--,5,3850,买盘
1950,13:05:48,7.7,-0.01,555,427919,卖盘
1951,13:05:45,7.71,0.01,60,46260,买盘
1952,13:05:42,7.7,--,4,3080,卖盘
1953,13:05:39,7.7,-0.01,24,18480,卖盘
1954,13:05:33,7.71,0.01,25,19275,买盘
1955,13:05:12,7.7,--,9,6930,卖盘
1956,13:05:06,7.7,--,1529,1177330,卖盘
1957,13:04:57,7.7,-0.01,2,1540,卖盘
1958,13:04:54,7.71,0.01,12,9252,买盘
1959,13:04:48,7.7,-0.01,6,4620,卖盘
1960,13:04:45,7.71,0.01,33,25443,买盘
1961,13:04:42,7.7,--,1,770,卖盘
1962,13:04:27,7.7,-0.01,303,233310,卖盘
1963,13:04:24,7.71,--,1,771,买盘
1964,13:04:18,7.71,--,41,31611,买盘
1965,13:04:06,7.71,0.01,3,2313,买盘
1966,13:04:03,7.7,--,32,24640,卖盘
1967,13:04:00,7.7,--,97,74690,卖盘
1968,13:03:54,7.7,--,2,1540,卖盘
1969,13:03:48,7.7,-0.01,4,3080,卖盘
1970,13:03:39,7.71,--,56,43176,买盘
1971,13:03:36,7.71,--,23,17733,买盘
1972,13:03:33,7.71,--,6,4626,买盘
1973,13:03:30,7.71,--,35,26985,卖盘
1974,13:03:27,7.71,--,100,77100,卖盘
1975,13:03:24,7.71,-0.01,80,61680,卖盘
1976,13:03:18,7.72,0.01,31,23932,买盘
1977,13:03:15,7.71,0.01,69,53199,买盘
1978,13:03:12,7.7,-0.01,24,18480,卖盘
1979,13:03:09,7.71,--,189,145719,买盘
1980,13:03:06,7.71,--,2,1542,买盘
1981,13:03:03,7.71,--,280,215880,买盘
1982,13:03:00,7.71,--,155,119505,买盘
1983,13:02:57,7.71,--,10,7710,买盘
1984,13:02:54,7.71,--,710,547410,卖盘
1985,13:02:51,7.71,--,10,7710,卖盘
1986,13:02:48,7.71,--,13,10023,卖盘
1987,13:02:45,7.71,0.01,372,286812,买盘
1988,13:02:36,7.7,--,46,35420,卖盘
1989,13:02:33,7.7,--,62,47740,卖盘
1990,13:02:30,7.7,--,1,770,卖盘
1991,13:02:27,7.7,--,1545,1189650,卖盘
1992,13:02:21,7.7,--,2,1540,卖盘
1993,13:02:18,7.7,-0.01,9,6930,卖盘
1994,13:02:15,7.71,0.01,3,2313,买盘
1995,13:02:09,7.7,--,2,1540,卖盘
1996,13:02:03,7.7,-0.01,30,23100,卖盘
1997,13:02:00,7.71,--,51,39321,买盘
1998,13:01:57,7.71,0.01,41,31611,买盘
1999,13:01:51,7.7,--,8,6160,卖盘
2000,13:01:48,7.7,--,10,7700,卖盘
2001,13:01:45,7.7,-0.01,2,1540,卖盘
2002,13:01:33,7.71,--,32,24672,买盘
2003,13:01:27,7.71,--,5,3855,买盘
2004,13:01:24,7.71,-0.01,118,90978,卖盘
2005,13:01:21,7.72,0.01,201,155172,买盘
2006,13:01:15,7.71,--,3,2313,卖盘
2007,13:01:12,7.71,--,62,47802,卖盘
2008,13:01:09,7.71,--,29,22359,卖盘
2009,13:01:06,7.71,--,6,4626,卖盘
2010,13:01:03,7.71,--,29,22359,卖盘
2011,13:01:00,7.71,--,1,771,卖盘
2012,13:00:57,7.71,--,9,6939,卖盘
2013,13:00:54,7.71,--,120,92520,卖盘
2014,13:00:48,7.71,--,4,3084,卖盘
2015,13:00:42,7.71,-0.01,6,4626,卖盘
2016,13:00:30,7.72,0.01,703,542716,买盘
2017,13:00:27,7.71,--,9,6939,卖盘
2018,13:00:24,7.71,--,78,60138,卖盘
2019,13:00:21,7.71,--,1,771,卖盘
2020,13:00:18,7.71,-0.01,2,1542,卖盘
2021,13:00:12,7.72,0.01,152,117344,买盘
2022,13:00:09,7.71,--,48,37008,卖盘
2023,13:00:06,7.71,--,33,25443,卖盘
2024,13:00:03,7.71,--,1625,1252875,买盘
2025,13:00:00,7.71,0.01,70,53970,买盘
2026,11:30:00,7.7,-0.01,101,77770,卖盘
2027,11:29:57,7.71,0.01,4,3084,买盘
2028,11:29:54,7.7,-0.01,11,8470,卖盘
2029,11:29:51,7.71,0.01,40,30840,卖盘
2030,11:29:48,7.7,-0.01,3,2310,卖盘
2031,11:29:45,7.71,--,4,3392,买盘
2032,11:29:42,7.71,0.01,11,8481,买盘
2033,11:29:39,7.7,--,4,3080,卖盘
2034,11:29:36,7.7,--,1,1432,卖盘
2035,11:29:33,7.7,-0.01,3,2310,卖盘
2036,11:29:30,7.71,0.01,11,8481,买盘
2037,11:29:27,7.7,-0.01,5,3850,卖盘
2038,11:29:24,7.71,0.01,12,9252,买盘
2039,11:29:21,7.7,-0.01,1461,1124970,卖盘
2040,11:29:18,7.71,0.01,41,31611,买盘
2041,11:29:12,7.7,-0.01,20,15400,卖盘
2042,11:29:09,7.71,--,11,8481,买盘
2043,11:29:06,7.71,--,3,2313,买盘
2044,11:29:03,7.71,0.01,40,30840,买盘
2045,11:29:00,7.7,-0.01,40,30800,卖盘
2046,11:28:57,7.71,0.01,10,7710,买盘
2047,11:28:54,7.7,--,143,110110,卖盘
2048,11:28:51,7.7,--,10,7700,卖盘
2049,11:28:48,7.7,--,29,22330,卖盘
2050,11:28:45,7.7,--,262,201740,卖盘
2051,11:28:39,7.7,--,7,5390,卖盘
2052,11:28:36,7.7,--,41,31570,卖盘
2053,11:28:33,7.7,--,107,82390,卖盘
2054,11:28:27,7.7,-0.01,1,770,卖盘
2055,11:28:24,7.71,0.01,52,40092,买盘
2056,11:28:21,7.7,--,41,31570,卖盘
2057,11:28:18,7.7,-0.01,7,5390,卖盘
2058,11:28:15,7.71,0.01,273,210483,买盘
2059,11:28:12,7.7,-0.01,135,103950,卖盘
2060,11:28:09,7.71,--,16,12336,买盘
2061,11:28:06,7.71,0.01,12,9252,买盘
2062,11:28:03,7.7,-0.01,41,31570,卖盘
2063,11:28:00,7.71,--,69,53199,买盘
2064,11:27:51,7.71,--,10,7710,买盘
2065,11:27:48,7.71,0.01,35,26985,买盘
2066,11:27:45,7.7,--,15,11550,卖盘
2067,11:27:42,7.7,--,13,10010,卖盘
2068,11:27:33,7.7,-0.01,5,3850,卖盘
2069,11:27:30,7.71,0.01,18,13878,买盘
2070,11:27:27,7.7,0.01,398,306460,买盘
2071,11:27:21,7.69,-0.01,49,37681,卖盘
2072,11:27:18,7.7,--,9,6930,买盘
2073,11:27:15,7.7,0.01,21,16170,买盘
2074,11:27:12,7.69,--,30,23070,卖盘
2075,11:27:09,7.69,--,19,14611,卖盘
2076,11:27:03,7.69,-0.01,30,23070,卖盘
2077,11:27:00,7.7,--,29,22330,买盘
2078,11:26:57,7.7,--,11,8470,买盘
2079,11:26:51,7.7,-0.01,289,222530,卖盘
2080,11:26:48,7.71,0.01,112,86352,买盘
2081,11:26:45,7.7,-0.01,39,30030,卖盘
2082,11:26:42,7.71,--,16,12336,买盘
2083,11:26:39,7.71,0.01,40,30840,买盘
2084,11:26:36,7.7,-0.01,519,399630,卖盘
2085,11:26:33,7.71,0.01,30,23130,买盘
2086,11:26:27,7.7,-0.01,26,20020,卖盘
2087,11:26:24,7.71,0.01,10,7710,买盘
2088,11:26:21,7.7,-0.01,1,770,卖盘
2089,11:26:18,7.71,0.01,307,236697,买盘
2090,11:26:15,7.7,-0.01,260,200200,卖盘
2091,11:26:12,7.71,0.01,24,18504,买盘
2092,11:26:03,7.7,--,148,113960,卖盘
2093,11:26:00,7.7,-0.01,197,151690,卖盘
2094,11:25:57,7.71,--,4,3084,买盘
2095,11:25:51,7.71,0.01,12,9252,买盘
2096,11:25:45,7.7,--,45,34650,卖盘
2097,11:25:42,7.7,-0.01,442,340340,卖盘
2098,11:25:39,7.71,--,11,8481,买盘
2099,11:25:36,7.71,0.01,310,239010,买盘
2100,11:25:33,7.7,--,203,156310,卖盘
2101,11:25:30,7.7,--,19,14630,卖盘
2102,11:25:24,7.7,--,592,455840,买盘
2103,11:25:21,7.7,--,145,111650,买盘
2104,11:25:18,7.7,--,9,6930,买盘
2105,11:25:12,7.7,--,16,12320,买盘
2106,11:25:06,7.7,--,5,3850,买盘
2107,11:25:03,7.7,0.01,147,113190,买盘
2108,11:25:00,7.69,-0.01,249,191481,卖盘
2109,11:24:57,7.7,--,9,6930,买盘
2110,11:24:54,7.7,0.01,44,33880,买盘
2111,11:24:48,7.69,--,79,60751,卖盘
2112,11:24:45,7.69,--,16,12304,卖盘
2113,11:24:42,7.69,-0.01,1,769,卖盘
2114,11:24:39,7.7,--,41,31570,买盘
2115,11:24:36,7.7,--,20,15400,买盘
2116,11:24:33,7.7,0.01,38,29260,买盘
2117,11:24:27,7.69,-0.01,50,38450,卖盘
2118,11:24:21,7.7,--,10,7700,买盘
2119,11:24:12,7.7,0.01,95,73150,买盘
2120,11:24:03,7.69,-0.01,29,22301,卖盘
2121,11:24:00,7.7,--,37,28490,买盘
2122,11:23:57,7.7,--,46,35420,买盘
2123,11:23:48,7.7,0.01,10,7700,买盘
2124,11:23:45,7.69,--,24,18456,卖盘
2125,11:23:42,7.69,--,63,48447,卖盘
2126,11:23:39,7.69,--,12,9228,卖盘
2127,11:23:36,7.69,-0.01,3,2307,卖盘
2128,11:23:33,7.7,--,8,6160,买盘
2129,11:23:30,7.7,--,12,9240,买盘
2130,11:23:27,7.7,--,21,16170,买盘
2131,11:23:18,7.7,-0.01,13,10010,中性盘
2132,11:23:15,7.71,0.01,106,81726,买盘
2133,11:23:06,7.7,--,20,15400,买盘
2134,11:23:03,7.7,--,88,67760,卖盘
2135,11:23:00,7.7,--,40,30800,卖盘
2136,11:22:57,7.7,-0.01,42,32340,卖盘
2137,11:22:54,7.71,0.01,13,10023,买盘
2138,11:22:51,7.7,--,41,31570,卖盘
2139,11:22:48,7.7,0.01,45,34650,卖盘
2140,11:22:45,7.69,-0.02,736,565984,卖盘
2141,11:22:42,7.71,0.02,685,528135,买盘
2142,11:22:39,7.69,--,50,38450,卖盘
2143,11:22:36,7.69,-0.01,2,1538,卖盘
2144,11:22:33,7.7,0.01,9,6930,买盘
2145,11:22:27,7.69,-0.01,15,11535,卖盘
2146,11:22:24,7.7,--,80,61600,买盘
2147,11:22:21,7.7,0.01,11,8470,买盘
2148,11:22:15,7.69,--,10,7690,卖盘
2149,11:22:12,7.69,-0.01,2,1538,卖盘
2150,11:22:09,7.7,0.01,65,50050,买盘
2151,11:22:03,7.69,--,30,23070,卖盘
2152,11:22:00,7.69,--,80,61520,卖盘
2153,11:21:57,7.69,--,1,769,卖盘
2154,11:21:54,7.69,--,63,48447,卖盘
2155,11:21:51,7.69,-0.01,2,1538,卖盘
2156,11:21:48,7.7,0.01,11,8470,买盘
2157,11:21:45,7.69,-0.01,17,13073,卖盘
2158,11:21:42,7.7,--,10,7700,买盘
2159,11:21:39,7.7,--,10,7700,买盘
2160,11:21:36,7.7,0.01,10,7700,买盘
2161,11:21:30,7.69,-0.01,50,38450,卖盘
2162,11:21:27,7.7,--,18,13860,买盘
2163,11:21:21,7.7,--,44,33880,买盘
2164,11:21:18,7.7,--,6,4620,买盘
2165,11:21:15,7.7,--,10,7700,买盘
2166,11:21:12,7.7,--,35,26950,买盘
2167,11:21:06,7.7,--,33,25410,买盘
2168,11:21:03,7.7,0.01,40,30800,买盘
2169,11:21:00,7.69,-0.01,90,69210,卖盘
2170,11:20:57,7.7,0.01,93,71610,买盘
2171,11:20:54,7.69,-0.02,13,9997,卖盘
2172,11:20:48,7.71,0.02,341,262911,买盘
2173,11:20:45,7.69,-0.01,38,29222,卖盘
2174,11:20:42,7.7,-0.01,36,28182,卖盘
2175,11:20:39,7.71,0.01,44,33924,买盘
2176,11:20:36,7.7,-0.01,40,30800,卖盘
2177,11:20:33,7.71,--,120,92520,买盘
2178,11:20:30,7.71,0.01,11,8481,买盘
2179,11:20:21,7.7,--,276,212828,买盘
2180,11:20:18,7.7,--,9,6930,买盘
2181,11:20:15,7.7,--,44,33880,买盘
2182,11:20:12,7.7,--,21,16170,买盘
2183,11:20:09,7.7,--,110,84700,买盘
2184,11:20:06,7.7,0.01,673,518210,买盘
2185,11:20:03,7.69,--,28,21532,卖盘
2186,11:20:00,7.69,-0.01,57,43833,卖盘
2187,11:19:57,7.7,--,10,7700,买盘
2188,11:19:54,7.7,0.01,30,23100,买盘
2189,11:19:51,7.69,-0.01,10,7690,卖盘
2190,11:19:45,7.7,0.01,12,9240,买盘
2191,11:19:42,7.69,-0.01,16,12304,卖盘
2192,11:19:36,7.7,--,1195,920612,卖盘
2193,11:19:30,7.7,--,240,184800,卖盘
2194,11:19:27,7.7,--,829,638638,买盘
2195,11:19:24,7.7,--,57,43890,买盘
2196,11:19:18,7.7,--,34,26180,买盘
2197,11:19:12,7.7,0.01,71,54670,买盘
2198,11:19:09,7.69,--,50,38450,卖盘
2199,11:19:03,7.69,--,102,78438,卖盘
2200,11:19:00,7.69,--,82,63058,卖盘
2201,11:18:57,7.69,-0.01,28,21532,卖盘
2202,11:18:51,7.7,0.01,133,103087,买盘
2203,11:18:48,7.69,--,166,127654,买盘
2204,11:18:45,7.69,--,63,48447,买盘
2205,11:18:42,7.69,--,102,78438,买盘
2206,11:18:39,7.69,0.01,124,95356,买盘
2207,11:18:36,7.68,-0.01,23,17664,卖盘
2208,11:18:33,7.69,--,25,19225,买盘
2209,11:18:30,7.69,--,51,39219,买盘
2210,11:18:24,7.69,--,2,1538,买盘
2211,11:18:18,7.69,--,59,45371,买盘
2212,11:18:15,7.69,0.01,44,33836,买盘
2213,11:18:09,7.68,-0.01,2,1536,卖盘
2214,11:18:06,7.69,0.01,9,6921,买盘
2215,11:18:03,7.68,--,26,19968,卖盘
2216,11:18:00,7.68,-0.01,58,44544,卖盘
2217,11:17:57,7.69,--,10,7690,买盘
2218,11:17:54,7.69,--,5,3845,买盘
2219,11:17:51,7.69,0.01,139,106891,买盘
2220,11:17:45,7.68,--,13,9984,卖盘
2221,11:17:42,7.68,-0.01,4,3072,卖盘
2222,11:17:39,7.69,0.01,11,8459,买盘
2223,11:17:33,7.68,-0.01,31,23808,卖盘
2224,11:17:24,7.69,0.01,9,6921,买盘
2225,11:17:21,7.68,--,1,768,卖盘
2226,11:17:18,7.68,-0.01,4,3072,卖盘
2227,11:17:15,7.69,--,2,1538,买盘
2228,11:17:12,7.69,--,26,19994,买盘
2229,11:17:09,7.69,0.01,6,4614,买盘
2230,11:17:06,7.68,--,1,768,卖盘
2231,11:17:03,7.68,--,522,400896,卖盘
2232,11:17:00,7.68,--,88,67584,卖盘
2233,11:16:57,7.68,--,6,4608,卖盘
2234,11:16:54,7.68,-0.01,222,170496,卖盘
2235,11:16:51,7.69,0.01,10,7690,买盘
2236,11:16:48,7.68,--,4,3072,卖盘
2237,11:16:45,7.68,--,83,63744,卖盘
2238,11:16:42,7.68,--,4,3072,卖盘
2239,11:16:39,7.68,-0.01,13,9984,卖盘
2240,11:16:36,7.69,0.01,52,39988,买盘
2241,11:16:33,7.68,-0.01,165,126720,卖盘
2242,11:16:30,7.69,--,1,769,买盘
2243,11:16:27,7.69,0.01,14,10766,买盘
2244,11:16:21,7.68,-0.01,153,117504,卖盘
2245,11:16:18,7.69,--,13,9997,买盘
2246,11:16:15,7.69,--,5,3845,买盘
2247,11:16:12,7.69,--,126,96894,买盘
2248,11:16:09,7.69,0.01,50,38450,买盘
2249,11:16:06,7.68,--,103,79104,卖盘
2250,11:16:03,7.68,--,9,6912,卖盘
2251,11:16:00,7.68,-0.01,117,89856,卖盘
2252,11:15:57,7.69,--,5,3845,买盘
2253,11:15:54,7.69,0.01,9,6921,买盘
2254,11:15:48,7.68,-0.01,9,6912,卖盘
2255,11:15:45,7.69,0.01,155,119195,买盘
2256,11:15:42,7.68,--,4,3072,卖盘
2257,11:15:39,7.68,-0.01,109,83712,卖盘
2258,11:15:33,7.69,--,56,43064,买盘
2259,11:15:30,7.69,--,20,15380,买盘
2260,11:15:27,7.69,--,185,142265,买盘
2261,11:15:24,7.69,0.01,73,56137,买盘
2262,11:15:21,7.68,-0.01,44,33792,卖盘
2263,11:15:18,7.69,--,42,32298,买盘
2264,11:15:12,7.69,--,10,7690,买盘
2265,11:15:03,7.69,--,41,31529,买盘
2266,11:15:00,7.69,0.01,59,45371,买盘
2267,11:14:57,7.68,--,20,15360,卖盘
2268,11:14:54,7.68,0.01,50,38400,中性盘
2269,11:14:48,7.67,-0.01,477,365859,卖盘
2270,11:14:45,7.68,--,96,73728,买盘
2271,11:14:42,7.68,--,105,80640,买盘
2272,11:14:39,7.68,0.01,40,30720,买盘
2273,11:14:36,7.67,-0.01,85,65195,卖盘
2274,11:14:33,7.68,0.01,84,64512,买盘
2275,11:14:27,7.67,-0.01,184,141128,卖盘
2276,11:14:24,7.68,0.01,105,80640,买盘
2277,11:14:21,7.67,-0.01,12,9204,卖盘
2278,11:14:18,7.68,--,57,43776,买盘
2279,11:14:15,7.68,--,90,69120,买盘
2280,11:14:12,7.68,--,10,7680,买盘
2281,11:14:09,7.68,--,1185,910080,买盘
2282,11:14:06,7.68,--,207,158976,买盘
2283,11:14:03,7.68,0.01,53,40704,买盘
2284,11:14:00,7.67,--,88,67496,卖盘
2285,11:13:57,7.67,-0.01,92,70564,卖盘
2286,11:13:54,7.68,0.01,33,25344,买盘
2287,11:13:51,7.67,--,42,32214,卖盘
2288,11:13:48,7.67,-0.01,38,29146,卖盘
2289,11:13:45,7.68,--,104,79872,买盘
2290,11:13:42,7.68,--,1293,993024,卖盘
2291,11:13:39,7.68,-0.01,213,163584,卖盘
2292,11:13:36,7.69,0.01,132,101508,买盘
2293,11:13:33,7.68,-0.01,1063,816384,卖盘
2294,11:13:30,7.69,--,230,176870,买盘
2295,11:13:27,7.69,--,13,9997,买盘
2296,11:13:24,7.69,0.01,419,322211,买盘
2297,11:13:21,7.68,-0.01,510,391680,卖盘
2298,11:13:18,7.69,--,88,67672,买盘
2299,11:13:12,7.69,--,1493,1148209,卖盘
2300,11:13:09,7.69,--,308,236852,卖盘
2301,11:13:06,7.69,--,522,401418,卖盘
2302,11:13:03,7.69,--,1,769,卖盘
2303,11:13:00,7.69,-0.01,59,45371,卖盘
2304,11:12:57,7.7,--,15,11550,买盘
2305,11:12:54,7.7,0.01,81,62370,买盘
2306,11:12:51,7.69,--,8,6152,卖盘
2307,11:12:48,7.69,--,38,29222,卖盘
2308,11:12:45,7.69,--,19,14611,卖盘
2309,11:12:42,7.69,--,309,237621,卖盘
2310,11:12:39,7.69,--,5,3845,卖盘
2311,11:12:36,7.69,-0.01,31,23839,卖盘
2312,11:12:33,7.7,0.01,109,83930,买盘
2313,11:12:27,7.69,-0.01,8,6152,卖盘
2314,11:12:24,7.7,--,74,56980,买盘
2315,11:12:21,7.7,--,173,133672,卖盘
2316,11:12:18,7.7,-0.01,5,3850,卖盘
2317,11:12:15,7.71,--,33,25443,买盘
2318,11:12:12,7.71,0.01,24,18504,买盘
2319,11:12:09,7.7,-0.01,310,238700,卖盘
2320,11:12:03,7.71,0.01,11,8481,买盘
2321,11:12:00,7.7,--,57,43890,卖盘
2322,11:11:54,7.7,-0.01,5,3850,卖盘
2323,11:11:51,7.71,--,22,16962,卖盘
2324,11:11:48,7.71,--,49,37779,卖盘
2325,11:11:45,7.71,--,13,10023,卖盘
2326,11:11:42,7.71,--,311,239781,买盘
2327,11:11:39,7.71,--,5445,4198095,卖盘
2328,11:11:36,7.71,-0.01,6,4626,卖盘
2329,11:11:33,7.72,0.01,5,3860,买盘
2330,11:11:30,7.71,--,112,86352,卖盘
2331,11:11:24,7.71,-0.01,33,25443,卖盘
2332,11:11:21,7.72,0.01,43,33196,买盘
2333,11:11:18,7.71,--,39,30069,卖盘
2334,11:11:12,7.71,-0.01,2,1542,卖盘
2335,11:11:09,7.72,0.01,21,16212,买盘
2336,11:11:06,7.71,--,11,8481,卖盘
2337,11:11:03,7.71,--,48,37008,卖盘
2338,11:11:00,7.71,--,119,91749,卖盘
2339,11:10:57,7.71,-0.01,803,619113,卖盘
2340,11:10:54,7.72,0.01,753,581316,买盘
2341,11:10:51,7.71,--,5,3855,卖盘
2342,11:10:48,7.71,-0.01,5,3855,卖盘
2343,11:10:45,7.72,--,13,10036,买盘
2344,11:10:42,7.72,0.01,61,47092,买盘
2345,11:10:39,7.71,-0.01,3,2313,卖盘
2346,11:10:36,7.72,0.01,69,53268,买盘
2347,11:10:33,7.71,--,6,4626,卖盘
2348,11:10:30,7.71,--,100,77100,卖盘
2349,11:10:27,7.71,--,3,2313,卖盘
2350,11:10:24,7.71,--,64,49344,卖盘
2351,11:10:21,7.71,-0.01,1,771,卖盘
2352,11:10:18,7.72,0.01,8,6176,买盘
2353,11:10:15,7.71,-0.01,17,13107,卖盘
2354,11:10:12,7.72,--,31,23932,买盘
2355,11:10:09,7.72,0.01,26,20072,买盘
2356,11:10:06,7.71,--,9,6939,卖盘
2357,11:10:03,7.71,-0.01,13,10023,卖盘
2358,11:10:00,7.72,0.01,40,30880,买盘
2359,11:09:57,7.71,--,20,15420,卖盘
2360,11:09:54,7.71,--,89,68619,卖盘
2361,11:09:51,7.71,--,237,182727,卖盘
2362,11:09:42,7.71,-0.01,6,4626,卖盘
2363,11:09:39,7.72,--,46,35512,买盘
2364,11:09:33,7.72,0.01,20,15440,买盘
2365,11:09:30,7.71,--,116,89436,卖盘
2366,11:09:24,7.71,-0.01,16,12336,卖盘
2367,11:09:21,7.72,--,111,85692,买盘
2368,11:09:18,7.72,--,11,8492,买盘
2369,11:09:15,7.72,--,5,3860,买盘
2370,11:09:12,7.72,0.01,40,30880,买盘
2371,11:09:09,7.71,-0.01,30,23130,卖盘
2372,11:09:06,7.72,--,11,8492,买盘
2373,11:09:03,7.72,--,22,16984,买盘
2374,11:09:00,7.72,0.01,70,54040,买盘
2375,11:08:57,7.71,--,29,22359,卖盘
2376,11:08:54,7.71,--,5,3855,卖盘
2377,11:08:48,7.71,-0.01,53,40863,卖盘
2378,11:08:45,7.72,--,70,54040,买盘
2379,11:08:42,7.72,0.01,10,7720,买盘
2380,11:08:39,7.71,-0.01,1,771,卖盘
2381,11:08:36,7.72,--,30,23160,买盘
2382,11:08:33,7.72,--,10,7720,买盘
2383,11:08:30,7.72,0.01,105,81060,买盘
2384,11:08:27,7.71,-0.01,1,771,卖盘
2385,11:08:24,7.72,0.01,9,6948,买盘
2386,11:08:21,7.71,-0.01,35,26985,卖盘
2387,11:08:18,7.72,0.01,10,7720,买盘
2388,11:08:15,7.71,-0.01,7,5397,卖盘
2389,11:08:12,7.72,0.01,114,88008,买盘
2390,11:08:06,7.71,--,207,159597,卖盘
2391,11:08:03,7.71,-0.01,2,1542,卖盘
2392,11:08:00,7.72,0.01,50,38600,买盘
2393,11:07:57,7.71,-0.01,19,14649,卖盘
2394,11:07:51,7.72,--,11,8492,买盘
2395,11:07:48,7.72,--,4,3088,买盘
2396,11:07:45,7.72,0.01,150,115800,买盘
2397,11:07:42,7.71,--,9,6939,卖盘
2398,11:07:39,7.71,-0.01,11,8481,卖盘
2399,11:07:36,7.72,0.01,41,31652,买盘
2400,11:07:33,7.71,--,27,20817,卖盘
2401,11:07:30,7.71,-0.01,110,84810,卖盘
2402,11:07:27,7.72,--,20,15440,买盘
2403,11:07:24,7.72,--,53,40916,买盘
2404,11:07:18,7.72,--,5,3860,买盘
2405,11:07:15,7.72,--,22,16984,买盘
2406,11:07:12,7.72,--,61,47092,买盘
2407,11:07:06,7.72,0.01,11,8492,买盘
2408,11:07:03,7.71,-0.01,52,40092,卖盘
2409,11:07:00,7.72,0.01,49,37828,买盘
2410,11:06:57,7.71,--,732,564372,卖盘
2411,11:06:54,7.71,-0.01,21,16191,卖盘
2412,11:06:51,7.72,--,21,16212,买盘
2413,11:06:42,7.72,0.01,11,8492,买盘
2414,11:06:39,7.71,-0.01,5,3855,卖盘
2415,11:06:36,7.72,0.01,129,99588,买盘
2416,11:06:33,7.71,--,12,9252,卖盘
2417,11:06:30,7.71,--,102,78642,卖盘
2418,11:06:21,7.71,--,1068,823428,买盘
2419,11:06:18,7.71,0.01,4,3084,买盘
2420,11:06:15,7.7,-0.01,136,104720,卖盘
2421,11:06:12,7.71,0.01,25,19275,买盘
2422,11:06:09,7.7,--,11,8470,卖盘
2423,11:06:03,7.7,-0.01,1,770,卖盘
2424,11:06:00,7.71,0.01,38,29298,买盘
2425,11:05:57,7.7,-0.01,29,22330,卖盘
2426,11:05:54,7.71,--,11,8481,买盘
2427,11:05:48,7.71,0.01,9,6939,买盘
2428,11:05:45,7.7,-0.01,68,52360,卖盘
2429,11:05:42,7.71,0.01,39,30069,买盘
2430,11:05:39,7.7,-0.01,16,12320,卖盘
2431,11:05:36,7.71,--,52,40092,买盘
2432,11:05:33,7.71,0.01,50,38550,买盘
2433,11:05:30,7.7,--,100,77000,卖盘
2434,11:05:27,7.7,--,29,22330,卖盘
2435,11:05:24,7.7,--,1,770,卖盘
2436,11:05:21,7.7,-0.01,2,1540,卖盘
2437,11:05:15,7.71,--,28,21588,买盘
2438,11:05:12,7.71,--,199,153429,买盘
2439,11:05:09,7.71,--,149,114879,买盘
2440,11:05:03,7.71,--,10,7710,买盘
2441,11:05:00,7.71,0.01,81,62451,买盘
2442,11:04:57,7.7,-0.01,18,13860,卖盘
2443,11:04:54,7.71,--,163,125673,买盘
2444,11:04:48,7.71,--,1,771,买盘
2445,11:04:42,7.71,0.01,11,8481,买盘
2446,11:04:39,7.7,--,24,18480,卖盘
2447,11:04:36,7.7,--,10,8008,卖盘
2448,11:04:33,7.7,--,2,1540,卖盘
2449,11:04:30,7.7,--,153,117810,卖盘
2450,11:04:27,7.7,--,1,770,卖盘
2451,11:04:24,7.7,-0.01,2,1540,卖盘
2452,11:04:21,7.71,0.01,9,6939,买盘
2453,11:04:12,7.7,--,31,23870,卖盘
2454,11:04:09,7.7,--,19,14630,卖盘
2455,11:04:00,7.7,--,113,87010,卖盘
2456,11:03:57,7.7,-0.01,28,21560,卖盘
2457,11:03:54,7.71,--,1,771,买盘
2458,11:03:48,7.71,--,9,6939,买盘
2459,11:03:42,7.71,0.01,4,3084,买盘
2460,11:03:39,7.7,-0.01,104,80080,卖盘
2461,11:03:36,7.71,--,11,8481,买盘
2462,11:03:30,7.71,0.01,141,108711,买盘
2463,11:03:27,7.7,-0.01,11,8470,卖盘
2464,11:03:24,7.71,0.01,9,6939,买盘
2465,11:03:21,7.7,--,12,9240,卖盘
2466,11:03:18,7.7,-0.01,170,130900,卖盘
2467,11:03:15,7.71,--,11,8481,买盘
2468,11:03:06,7.71,0.01,2,1542,买盘
2469,11:03:03,7.7,-0.01,105,80850,卖盘
2470,11:03:00,7.71,0.01,90,69390,买盘
2471,11:02:57,7.7,--,59,45430,卖盘
2472,11:02:51,7.7,--,1265,974050,卖盘
2473,11:02:45,7.7,-0.01,2,1540,卖盘
2474,11:02:42,7.71,0.01,12,9252,买盘
2475,11:02:39,7.7,--,11,8470,卖盘
2476,11:02:33,7.7,--,2,1540,卖盘
2477,11:02:30,7.7,--,151,116270,卖盘
2478,11:02:27,7.7,-0.01,1,770,卖盘
2479,11:02:21,7.71,--,20,15420,买盘
2480,11:02:18,7.71,--,10,7710,买盘
2481,11:02:12,7.71,--,60,46260,买盘
2482,11:02:09,7.71,0.01,9,6939,买盘
2483,11:02:03,7.7,-0.01,33,25410,卖盘
2484,11:02:00,7.71,--,56,43176,买盘
2485,11:01:57,7.71,--,14,10794,买盘
2486,11:01:54,7.71,--,5,3855,买盘
2487,11:01:48,7.71,--,68,52428,买盘
2488,11:01:45,7.71,0.01,11,8481,买盘
2489,11:01:39,7.7,--,734,565180,卖盘
2490,11:01:36,7.7,--,57,43890,卖盘
2491,11:01:30,7.7,--,107,82390,卖盘
2492,11:01:27,7.7,-0.01,1,770,卖盘
2493,11:01:24,7.71,0.01,52,40092,买盘
2494,11:01:21,7.7,--,4,3080,卖盘
2495,11:01:12,7.7,--,349,268730,买盘
2496,11:01:09,7.7,--,30,23100,买盘
2497,11:01:03,7.7,--,41,31570,买盘
2498,11:01:00,7.7,0.01,38,29260,买盘
2499,11:00:57,7.69,-0.01,30,23070,卖盘
2500,11:00:54,7.7,--,4,3080,买盘
2501,11:00:51,7.7,--,11,8470,买盘
2502,11:00:48,7.7,0.01,392,301840,买盘
2503,11:00:42,7.69,-0.01,306,235314,卖盘
2504,11:00:39,7.7,--,44,33880,买盘
2505,11:00:36,7.7,-0.01,202,155540,卖盘
2506,11:00:27,7.71,--,10,7710,买盘
2507,11:00:24,7.71,0.01,46,35466,买盘
2508,11:00:21,7.7,0.01,4,3080,买盘
2509,11:00:18,7.69,--,3124,2402356,卖盘
2510,11:00:15,7.69,--,519,399111,卖盘
2511,11:00:12,7.69,--,112,86128,卖盘
2512,11:00:09,7.69,-0.01,6,4614,卖盘
2513,11:00:06,7.7,0.01,57,43890,买盘
2514,11:00:03,7.69,-0.01,89,68441,卖盘
2515,11:00:00,7.7,0.01,28,21560,买盘
2516,10:59:57,7.69,-0.01,36,27684,卖盘
2517,10:59:54,7.7,--,15,11550,买盘
2518,10:59:48,7.7,--,18,13860,买盘
2519,10:59:45,7.7,0.01,22,16940,买盘
2520,10:59:42,7.69,--,30,23070,卖盘
2521,10:59:39,7.69,-0.01,82,63058,卖盘
2522,10:59:36,7.7,--,24,18480,买盘
2523,10:59:33,7.7,--,67,51590,买盘
2524,10:59:30,7.7,--,4,3080,买盘
2525,10:59:24,7.7,--,10,7700,买盘
2526,10:59:21,7.7,--,21,16170,买盘
2527,10:59:18,7.7,--,25,19250,买盘
2528,10:59:12,7.7,0.01,10,7700,买盘
2529,10:59:06,7.69,-0.01,633,486777,卖盘
2530,10:59:03,7.7,--,3,2310,买盘
2531,10:59:00,7.7,0.01,417,321090,买盘
2532,10:58:57,7.69,-0.01,32,24608,卖盘
2533,10:58:54,7.7,0.01,1,770,买盘
2534,10:58:51,7.69,-0.01,2,1538,卖盘
2535,10:58:48,7.7,--,37,28490,买盘
2536,10:58:45,7.7,--,117,90090,买盘
2537,10:58:42,7.7,0.01,12,9240,买盘
2538,10:58:39,7.69,-0.01,292,224548,卖盘
2539,10:58:36,7.7,--,14,10780,买盘
2540,10:58:27,7.7,--,10,7700,买盘
2541,10:58:24,7.7,0.01,25,19250,买盘
2542,10:58:18,7.69,-0.01,121,93049,卖盘
2543,10:58:15,7.7,--,9,6930,买盘
2544,10:58:12,7.7,--,16,12320,买盘
2545,10:58:09,7.7,-0.01,506,389620,卖盘
2546,10:58:06,7.71,--,1300,1002300,买盘
2547,10:58:03,7.71,0.01,81,62451,买盘
2548,10:58:00,7.7,--,121,93170,卖盘
2549,10:57:57,7.7,-0.01,34,26180,卖盘
2550,10:57:54,7.71,0.01,16,12336,买盘
2551,10:57:51,7.7,--,2,1540,卖盘
2552,10:57:48,7.7,-0.01,3791,2919070,卖盘
2553,10:57:45,7.71,--,7,5397,买盘
2554,10:57:42,7.71,--,1037,799527,买盘
2555,10:57:39,7.71,--,28,21588,买盘
2556,10:57:33,7.71,--,10,7710,买盘
2557,10:57:30,7.71,--,70,53970,买盘
2558,10:57:27,7.71,0.01,7,5397,买盘
2559,10:57:24,7.7,--,16,12320,卖盘
2560,10:57:21,7.7,-0.01,126,97020,卖盘
2561,10:57:18,7.71,--,33,25443,买盘
2562,10:57:09,7.71,--,58,44718,买盘
2563,10:57:06,7.71,0.01,221,170391,买盘
2564,10:57:03,7.7,-0.01,80,61600,卖盘
2565,10:57:00,7.71,0.01,59,45489,买盘
2566,10:56:57,7.7,-0.01,70,53900,卖盘
2567,10:56:51,7.71,--,51,39321,买盘
2568,10:56:48,7.71,--,42,32382,买盘
2569,10:56:45,7.71,--,8,6168,买盘
2570,10:56:42,7.71,0.01,600,462600,买盘
2571,10:56:39,7.7,--,87,66990,卖盘
2572,10:56:36,7.7,--,20,15400,卖盘
2573,10:56:30,7.7,-0.01,2,1540,卖盘
2574,10:56:27,7.71,0.01,9,6939,买盘
2575,10:56:24,7.7,-0.01,27,20790,卖盘
2576,10:56:18,7.71,--,8,6168,买盘
2577,10:56:15,7.71,--,10,7710,买盘
2578,10:56:09,7.71,0.01,1,771,买盘
2579,10:56:06,7.7,-0.01,20,15400,卖盘
2580,10:56:03,7.71,--,12,9252,买盘
2581,10:56:00,7.71,0.01,28,21588,买盘
2582,10:55:57,7.7,-0.01,29,22330,卖盘
2583,10:55:54,7.71,0.01,29,22359,买盘
2584,10:55:51,7.7,-0.01,7,5390,卖盘
2585,10:55:48,7.71,--,24,18504,买盘
2586,10:55:45,7.71,0.01,5,3855,买盘
2587,10:55:39,7.7,-0.01,4,3080,卖盘
2588,10:55:36,7.71,0.01,104,80184,买盘
2589,10:55:33,7.7,-0.01,25,19250,卖盘
2590,10:55:27,7.71,0.01,161,124131,买盘
2591,10:55:21,7.7,-0.01,14,10780,卖盘
2592,10:55:18,7.71,0.01,788,607548,买盘
2593,10:55:15,7.7,--,250,192500,卖盘
2594,10:55:12,7.7,-0.01,91,70070,卖盘
2595,10:55:09,7.71,0.01,14,10794,买盘
2596,10:55:06,7.7,--,3,2310,卖盘
2597,10:55:03,7.7,-0.01,2,1540,卖盘
2598,10:55:00,7.71,--,29,22359,买盘
2599,10:54:57,7.71,--,96,74016,买盘
2600,10:54:54,7.71,0.01,8,6168,买盘
2601,10:54:51,7.7,-0.01,69,53130,卖盘
2602,10:54:48,7.71,0.01,34,26214,买盘
2603,10:54:39,7.7,-0.01,4,3080,卖盘
2604,10:54:36,7.71,--,13,10023,买盘
2605,10:54:33,7.71,--,107,82497,买盘
2606,10:54:27,7.71,--,9,6939,买盘
2607,10:54:24,7.71,--,22,16962,买盘
2608,10:54:21,7.71,0.01,102,78642,买盘
2609,10:54:18,7.7,-0.01,4,3080,卖盘
2610,10:54:15,7.71,--,77,59367,买盘
2611,10:54:09,7.71,--,40,30840,买盘
2612,10:54:06,7.71,--,14,10794,买盘
2613,10:54:03,7.71,--,117,90207,买盘
2614,10:54:00,7.71,--,38,29298,买盘
2615,10:53:57,7.71,0.01,34,26214,买盘
2616,10:53:51,7.7,-0.01,86,66220,卖盘
2617,10:53:48,7.71,0.01,100,77100,买盘
2618,10:53:45,7.7,--,262,201740,卖盘
2619,10:53:42,7.7,-0.01,20,15400,卖盘
2620,10:53:39,7.71,0.01,17,13107,买盘
2621,10:53:36,7.7,--,12,9240,卖盘
2622,10:53:33,7.7,-0.01,65,50050,卖盘
2623,10:53:30,7.71,--,16,12336,买盘
2624,10:53:27,7.71,0.01,33,25443,买盘
2625,10:53:24,7.7,-0.01,20,15400,卖盘
2626,10:53:18,7.71,--,17,13107,买盘
2627,10:53:15,7.71,--,58,44718,买盘
2628,10:53:12,7.71,--,2,1542,买盘
2629,10:53:09,7.71,0.01,43,33153,买盘
2630,10:53:06,7.7,-0.01,29,22330,卖盘
2631,10:53:03,7.71,--,31,23901,买盘
2632,10:53:00,7.71,--,32,24672,买盘
2633,10:52:57,7.71,0.01,40,30840,买盘
2634,10:52:54,7.7,-0.01,685,527450,卖盘
2635,10:52:51,7.71,--,93,71703,买盘
2636,10:52:48,7.71,--,2,1542,买盘
2637,10:52:45,7.71,--,40,30840,买盘
2638,10:52:42,7.71,0.01,207,159597,买盘
2639,10:52:39,7.7,--,384,295680,卖盘
2640,10:52:36,7.7,--,145,111650,卖盘
2641,10:52:33,7.7,--,12,9240,卖盘
2642,10:52:27,7.7,-0.01,1,770,卖盘
2643,10:52:24,7.71,0.01,12,9252,买盘
2644,10:52:18,7.7,-0.01,13,10010,卖盘
2645,10:52:15,7.71,--,31,23901,买盘
2646,10:52:12,7.71,0.01,13,10023,买盘
2647,10:52:06,7.7,-0.01,16,12320,卖盘
2648,10:52:03,7.71,--,13,10023,买盘
2649,10:52:00,7.71,--,30,23130,买盘
2650,10:51:57,7.71,--,39,30069,买盘
2651,10:51:54,7.71,--,100,77100,买盘
2652,10:51:51,7.71,--,57,43947,买盘
2653,10:51:48,7.71,--,30,23130,买盘
2654,10:51:45,7.71,0.01,40,30840,买盘
2655,10:51:39,7.7,--,54,41580,卖盘
2656,10:51:36,7.7,-0.01,66,50820,卖盘
2657,10:51:33,7.71,--,305,235155,买盘
2658,10:51:30,7.71,0.01,15,11565,买盘
2659,10:51:27,7.7,-0.01,4,3080,卖盘
2660,10:51:24,7.71,0.01,17,13107,买盘
2661,10:51:21,7.7,-0.01,158,121660,卖盘
2662,10:51:18,7.71,--,22,16962,买盘
2663,10:51:06,7.71,0.01,34,26214,买盘
2664,10:51:03,7.7,-0.01,71,54670,卖盘
2665,10:51:00,7.71,--,49,37779,买盘
2666,10:50:57,7.71,0.01,55,42405,买盘
2667,10:50:48,7.7,--,2,1540,卖盘
2668,10:50:45,7.7,--,50,38500,卖盘
2669,10:50:36,7.7,-0.01,143,110110,卖盘
2670,10:50:33,7.71,--,13,10023,买盘
2671,10:50:30,7.71,--,13,10023,买盘
2672,10:50:27,7.71,--,11,8481,买盘
2673,10:50:24,7.71,--,13,10023,买盘
2674,10:50:18,7.71,--,8,6168,买盘
2675,10:50:15,7.71,--,7,5397,买盘
2676,10:50:12,7.71,--,313,241323,买盘
2677,10:50:09,7.71,0.01,41,31611,买盘
2678,10:50:06,7.7,--,114,87780,卖盘
2679,10:50:03,7.7,-0.01,80,61600,卖盘
2680,10:50:00,7.71,0.01,129,99459,买盘
2681,10:49:57,7.7,--,22,16940,卖盘
2682,10:49:54,7.7,-0.01,16,12320,卖盘
2683,10:49:51,7.71,--,236,181956,买盘
2684,10:49:42,7.71,--,10,7710,买盘
2685,10:49:39,7.71,0.01,86,66306,买盘
2686,10:49:36,7.7,-0.01,397,305690,卖盘
2687,10:49:33,7.71,--,10,7710,买盘
2688,10:49:30,7.71,--,52,40092,买盘
2689,10:49:27,7.71,0.01,23,17733,买盘
2690,10:49:24,7.7,-0.01,506,389620,卖盘
2691,10:49:21,7.71,--,6,4626,买盘
2692,10:49:18,7.71,0.01,11,8481,买盘
2693,10:49:15,7.7,-0.01,76,58520,卖盘
2694,10:49:12,7.71,--,73,56283,买盘
2695,10:49:09,7.71,--,7,5397,买盘
2696,10:49:06,7.71,--,19,14649,买盘
2697,10:49:00,7.71,--,29,22359,买盘
2698,10:48:57,7.71,--,50,38550,买盘
2699,10:48:54,7.71,--,40,30840,买盘
2700,10:48:51,7.71,--,99,76329,买盘
2701,10:48:48,7.71,--,53,40863,买盘
2702,10:48:45,7.71,0.01,12,9252,买盘
2703,10:48:42,7.7,--,200,154000,卖盘
2704,10:48:39,7.7,--,125,96250,卖盘
2705,10:48:36,7.7,--,35,26950,卖盘
2706,10:48:33,7.7,-0.01,86,66220,卖盘
2707,10:48:30,7.71,0.01,63,48573,买盘
2708,10:48:27,7.7,-0.01,50,38500,卖盘
2709,10:48:24,7.71,--,20,15420,买盘
2710,10:48:21,7.71,--,15,11565,买盘
2711,10:48:18,7.71,0.01,10,7710,买盘
2712,10:48:15,7.7,-0.01,6,4620,卖盘
2713,10:48:12,7.71,--,164,126444,买盘
2714,10:48:09,7.71,0.01,31,23901,买盘
2715,10:48:06,7.7,-0.01,6,4620,卖盘
2716,10:48:00,7.71,0.01,39,30069,买盘
2717,10:47:57,7.7,--,18,13860,卖盘
2718,10:47:54,7.7,-0.01,10,7700,卖盘
2719,10:47:51,7.71,--,5,3855,买盘
2720,10:47:48,7.71,0.01,19,14649,买盘
2721,10:47:45,7.7,--,49,37730,卖盘
2722,10:47:42,7.7,--,138,106260,卖盘
2723,10:47:39,7.7,--,2,1540,卖盘
2724,10:47:36,7.7,-0.01,41,31570,卖盘
2725,10:47:33,7.71,--,8,6168,买盘
2726,10:47:30,7.71,0.01,25,19275,买盘
2727,10:47:27,7.7,--,24,18480,卖盘
2728,10:47:24,7.7,-0.01,95,73150,卖盘
2729,10:47:21,7.71,0.01,455,350805,买盘
2730,10:47:18,7.7,--,74,56980,卖盘
2731,10:47:15,7.7,--,16,12320,卖盘
2732,10:47:12,7.7,0.01,2,1540,卖盘
2733,10:47:09,7.69,--,42,32298,卖盘
2734,10:47:06,7.69,-0.01,1692,1301148,卖盘
2735,10:47:03,7.7,--,18,13860,买盘
2736,10:47:00,7.7,--,109,83930,买盘
2737,10:46:57,7.7,0.01,20,15400,买盘
2738,10:46:54,7.69,-0.01,441,339129,卖盘
2739,10:46:51,7.7,--,45,34650,买盘
2740,10:46:48,7.7,--,9,6930,买盘
2741,10:46:45,7.7,0.01,17,13090,买盘
2742,10:46:42,7.69,--,50,38450,卖盘
2743,10:46:36,7.69,-0.01,9,6921,卖盘
2744,10:46:33,7.7,--,17,13090,买盘
2745,10:46:30,7.7,0.01,21,16170,买盘
2746,10:46:27,7.69,-0.01,40,30760,卖盘
2747,10:46:24,7.7,0.01,1690,1301300,买盘
2748,10:46:21,7.69,--,20,15380,卖盘
2749,10:46:18,7.69,--,8,6152,卖盘
2750,10:46:15,7.69,--,40,30760,卖盘
2751,10:46:12,7.69,--,563,432947,卖盘
2752,10:46:09,7.69,--,49,37681,卖盘
2753,10:46:06,7.69,-0.01,365,280685,卖盘
2754,10:46:00,7.7,--,36,27720,买盘
2755,10:45:57,7.7,0.01,12,9240,买盘
2756,10:45:54,7.69,-0.01,31,23839,卖盘
2757,10:45:48,7.7,0.01,52,40040,买盘
2758,10:45:45,7.69,--,45,34605,卖盘
2759,10:45:39,7.69,--,16,12304,卖盘
2760,10:45:36,7.69,--,29,22301,卖盘
2761,10:45:33,7.69,--,22,16918,卖盘
2762,10:45:30,7.69,--,4,3076,卖盘
2763,10:45:27,7.69,-0.01,0,30,卖盘
2764,10:45:24,7.7,--,51,39270,买盘
2765,10:45:21,7.7,--,7,5390,买盘
2766,10:45:18,7.7,--,68,52360,买盘
2767,10:45:15,7.7,--,14,10780,买盘
2768,10:45:12,7.7,0.01,63,48510,买盘
2769,10:45:09,7.69,-0.01,3,2307,卖盘
2770,10:45:03,7.7,--,22,16940,买盘
2771,10:45:00,7.7,0.01,61,46970,买盘
2772,10:44:57,7.69,--,288,221472,卖盘
2773,10:44:54,7.69,-0.01,20,15380,卖盘
2774,10:44:51,7.7,0.01,11,8470,买盘
2775,10:44:48,7.69,--,201,154569,卖盘
2776,10:44:42,7.69,--,218,167642,卖盘
2777,10:44:39,7.69,--,40,30760,卖盘
2778,10:44:36,7.69,-0.01,55,42295,卖盘
2779,10:44:33,7.7,0.01,40,30800,买盘
2780,10:44:30,7.69,--,114,87666,卖盘
2781,10:44:27,7.69,--,26,19994,卖盘
2782,10:44:21,7.69,-0.01,20,15380,卖盘
2783,10:44:18,7.7,0.01,13,10010,买盘
2784,10:44:15,7.69,--,15,11535,卖盘
2785,10:44:09,7.69,--,423,325287,卖盘
2786,10:44:06,7.69,-0.01,35,26915,卖盘
2787,10:44:03,7.7,0.01,11,8470,买盘
2788,10:44:00,7.69,--,70,53830,卖盘
2789,10:43:57,7.69,--,290,223010,卖盘
2790,10:43:54,7.69,--,160,123040,卖盘
2791,10:43:51,7.69,-0.01,223,171487,卖盘
2792,10:43:45,7.7,--,12,9240,买盘
2793,10:43:42,7.7,0.01,94,72380,买盘
2794,10:43:39,7.69,--,49,37681,卖盘
2795,10:43:36,7.69,--,58,44602,卖盘
2796,10:43:33,7.69,-0.01,6,4614,卖盘
2797,10:43:30,7.7,--,5,3850,买盘
2798,10:43:24,7.7,0.01,37,28490,买盘
2799,10:43:21,7.69,--,51,39219,卖盘
2800,10:43:18,7.69,-0.01,198,152262,卖盘
2801,10:43:12,7.7,--,29,22330,买盘
2802,10:43:09,7.7,0.01,21,16170,买盘
2803,10:43:06,7.69,--,9,6921,卖盘
2804,10:43:03,7.69,-0.01,151,116119,卖盘
2805,10:43:00,7.7,--,612,471240,买盘
2806,10:42:54,7.7,--,4,3080,买盘
2807,10:42:51,7.7,0.01,13,10010,买盘
2808,10:42:45,7.69,-0.01,2,1538,卖盘
2809,10:42:42,7.7,--,150,115500,买盘
2810,10:42:39,7.7,--,14,10780,买盘
2811,10:42:36,7.7,--,887,682990,卖盘
2812,10:42:33,7.7,--,28,21560,卖盘
2813,10:42:30,7.7,--,33,25410,卖盘
2814,10:42:27,7.7,0.01,10,7700,卖盘
2815,10:42:24,7.69,--,11,8459,卖盘
2816,10:42:18,7.69,--,328,252232,卖盘
2817,10:42:15,7.69,--,27,20763,卖盘
2818,10:42:12,7.69,-0.02,11,8459,卖盘
2819,10:42:09,7.71,0.02,235,181185,买盘
2820,10:42:06,7.69,-0.01,185,142265,卖盘
2821,10:42:03,7.7,--,61,46970,买盘
2822,10:42:00,7.7,--,29,22330,买盘
2823,10:41:57,7.7,--,4,3080,买盘
2824,10:41:54,7.7,--,1380,1062600,买盘
2825,10:41:51,7.7,0.01,25,19250,买盘
2826,10:41:45,7.69,-0.01,58,44602,卖盘
2827,10:41:42,7.7,0.01,524,403480,买盘
2828,10:41:39,7.69,-0.01,53,40757,卖盘
2829,10:41:36,7.7,0.01,61,46970,买盘
2830,10:41:33,7.69,-0.01,18,13842,卖盘
2831,10:41:30,7.7,--,103,79310,买盘
2832,10:41:27,7.7,--,8,6160,买盘
2833,10:41:24,7.7,0.01,6,4620,买盘
2834,10:41:21,7.69,-0.01,68,52292,卖盘
2835,10:41:18,7.7,--,9,6930,买盘
2836,10:41:15,7.7,--,210,161700,买盘
2837,10:41:12,7.7,--,59,45430,买盘
2838,10:41:09,7.7,--,9,6930,买盘
2839,10:41:06,7.7,0.01,18,13860,买盘
2840,10:41:03,7.69,-0.01,10,7690,卖盘
2841,10:41:00,7.7,0.01,45,34650,买盘
2842,10:40:57,7.69,--,8,6152,卖盘
2843,10:40:54,7.69,-0.01,47,36143,卖盘
2844,10:40:51,7.7,--,2,1540,买盘
2845,10:40:48,7.7,0.01,137,105490,买盘
2846,10:40:45,7.69,--,3,2307,卖盘
2847,10:40:42,7.69,--,100,76900,卖盘
2848,10:40:39,7.69,--,15,11535,卖盘
2849,10:40:36,7.69,--,201,154569,卖盘
2850,10:40:33,7.69,-0.01,48,36912,卖盘
2851,10:40:30,7.7,0.01,5,3850,买盘
2852,10:40:27,7.69,-0.01,15,11535,卖盘
2853,10:40:24,7.7,0.01,11,8470,买盘
2854,10:40:21,7.69,--,2,1538,卖盘
2855,10:40:18,7.69,-0.01,40,30760,卖盘
2856,10:40:15,7.7,--,13,10010,买盘
2857,10:40:12,7.7,0.01,56,43120,买盘
2858,10:40:09,7.69,-0.01,21,16149,卖盘
2859,10:40:06,7.7,--,24,18480,买盘
2860,10:40:03,7.7,--,62,47740,买盘
2861,10:40:00,7.7,--,28,21560,买盘
2862,10:39:57,7.7,0.01,100,77000,买盘
2863,10:39:54,7.69,-0.01,592,455248,卖盘
2864,10:39:51,7.7,--,17,13090,买盘
2865,10:39:48,7.7,0.01,26,20020,买盘
2866,10:39:45,7.69,-0.01,28,21532,卖盘
2867,10:39:42,7.7,--,13,10010,买盘
2868,10:39:39,7.7,0.01,5,3850,买盘
2869,10:39:36,7.69,--,21,16149,卖盘
2870,10:39:33,7.69,-0.01,17,13073,卖盘
2871,10:39:30,7.7,--,36,27720,买盘
2872,10:39:27,7.7,--,3,2310,买盘
2873,10:39:24,7.7,--,29,22330,买盘
2874,10:39:21,7.7,--,105,80850,买盘
2875,10:39:18,7.7,--,10,7700,买盘
2876,10:39:12,7.7,--,189,145530,买盘
2877,10:39:09,7.7,0.01,14,10780,买盘
2878,10:39:06,7.69,--,20,15380,卖盘
2879,10:39:03,7.69,-0.01,192,147648,卖盘
2880,10:39:00,7.7,--,188,144760,买盘
2881,10:38:57,7.7,--,6,4620,买盘
2882,10:38:51,7.7,--,160,123200,买盘
2883,10:38:48,7.7,-0.01,1177,906290,卖盘
2884,10:38:45,7.71,0.01,10,7710,买盘
2885,10:38:39,7.7,-0.01,77,59290,卖盘
2886,10:38:36,7.71,0.01,13,10023,买盘
2887,10:38:33,7.7,--,4,3080,卖盘
2888,10:38:30,7.7,--,2,1540,卖盘
2889,10:38:27,7.7,--,70,53900,卖盘
2890,10:38:21,7.7,--,10,7700,卖盘
2891,10:38:18,7.7,-0.01,1,770,卖盘
2892,10:38:15,7.71,0.01,84,64764,买盘
2893,10:38:12,7.7,--,46,35420,卖盘
2894,10:38:09,7.7,-0.01,10,7700,卖盘
