,time,price,change,volume,amount,type
0,15:00:03,11.38,-0.01,4327,4924126,卖盘
1,14:57:00,11.39,--,6,6834,买盘
2,14:56:57,11.39,--,205,233495,买盘
3,14:56:54,11.39,0.01,903,1028517,买盘
4,14:56:51,11.38,-0.01,54,62316,卖盘
5,14:56:48,11.39,0.01,10,11390,买盘
6,14:56:45,11.38,-0.01,18,20484,卖盘
7,14:56:42,11.39,0.01,38,43282,买盘
8,14:56:39,11.38,--,106,120628,卖盘
9,14:56:33,11.38,-0.01,10,11380,卖盘
10,14:56:27,11.39,--,1,1139,买盘
11,14:56:24,11.39,0.01,20,22780,买盘
12,14:56:21,11.38,--,5,5690,卖盘
13,14:56:18,11.38,--,1,1138,卖盘
14,14:56:15,11.38,-0.01,52,59176,卖盘
15,14:56:12,11.39,--,33,37587,买盘
16,14:56:09,11.39,--,7,7973,买盘
17,14:56:06,11.39,0.01,1,1139,买盘
18,14:56:03,11.38,--,1,1138,卖盘
19,14:55:57,11.38,-0.01,505,574690,卖盘
20,14:55:54,11.39,0.01,102,116178,买盘
21,14:55:51,11.38,--,37,42106,卖盘
22,14:55:45,11.38,--,3,3414,卖盘
23,14:55:36,11.38,-0.01,66,75108,卖盘
24,14:55:33,11.39,--,10,11390,买盘
25,14:55:30,11.39,--,35,39865,买盘
26,14:55:21,11.39,--,3,3417,买盘
27,14:55:18,11.39,0.01,3,3417,买盘
28,14:55:15,11.38,--,24,27312,卖盘
29,14:55:12,11.38,--,11,12518,卖盘
30,14:55:09,11.38,--,18,20484,卖盘
31,14:55:06,11.38,--,16,18208,卖盘
32,14:55:03,11.38,--,6,6828,卖盘
33,14:55:00,11.38,--,219,249222,卖盘
34,14:54:57,11.38,--,13,14794,买盘
35,14:54:54,11.38,0.01,51,58038,买盘
36,14:54:51,11.37,-0.01,24,27287,卖盘
37,14:54:48,11.38,--,11,12518,买盘
38,14:54:45,11.38,--,74,84212,买盘
39,14:54:42,11.38,-0.01,43,48934,卖盘
40,14:54:39,11.39,0.01,72,82008,买盘
41,14:54:36,11.38,--,258,293604,买盘
42,14:54:33,11.38,--,51,58038,买盘
43,14:54:27,11.38,--,193,219656,卖盘
44,14:54:24,11.38,--,19,21622,卖盘
45,14:54:21,11.38,--,111,126318,卖盘
46,14:54:15,11.38,--,8,9104,卖盘
47,14:54:12,11.38,--,13,14794,卖盘
48,14:54:09,11.38,--,46,52348,卖盘
49,14:54:06,11.38,--,50,56900,卖盘
50,14:54:00,11.38,--,19,22737,买盘
51,14:53:57,11.38,--,398,452924,买盘
52,14:53:54,11.38,--,331,376700,卖盘
53,14:53:51,11.38,--,218,248084,卖盘
54,14:53:48,11.38,--,26,29588,卖盘
55,14:53:42,11.38,--,7,8193,卖盘
56,14:53:39,11.38,--,5,5690,卖盘
57,14:53:36,11.38,0.01,1583,1802341,买盘
58,14:53:33,11.37,-0.01,28,31835,卖盘
59,14:53:30,11.38,0.01,26,29588,买盘
60,14:53:27,11.37,-0.01,34,38658,卖盘
61,14:53:24,11.38,0.01,74,84212,买盘
62,14:53:21,11.37,--,263,299031,卖盘
63,14:53:15,11.37,--,6,6821,卖盘
64,14:53:12,11.37,-0.01,20,22740,卖盘
65,14:53:06,11.38,--,107,121766,买盘
66,14:53:00,11.38,0.01,70,79660,买盘
67,14:52:57,11.37,--,23,26151,卖盘
68,14:52:51,11.37,--,5,5685,卖盘
69,14:52:48,11.37,-0.01,13,14780,卖盘
70,14:52:45,11.38,0.01,28,31864,买盘
71,14:52:42,11.37,--,27,30698,卖盘
72,14:52:39,11.37,--,10,11370,卖盘
73,14:52:36,11.37,-0.01,25,28424,卖盘
74,14:52:33,11.38,0.01,4,4552,买盘
75,14:52:30,11.37,--,9,10233,卖盘
76,14:52:24,11.37,--,37,42069,卖盘
77,14:52:21,11.37,--,2,2274,买盘
78,14:52:18,11.37,0.01,41,46617,买盘
79,14:52:15,11.36,-0.01,25,28400,卖盘
80,14:52:12,11.37,--,5,5685,买盘
81,14:52:06,11.37,0.01,15,17055,买盘
82,14:52:03,11.36,--,7,7974,卖盘
83,14:52:00,11.36,-0.01,42,47712,卖盘
84,14:51:57,11.37,--,110,125069,买盘
85,14:51:54,11.37,--,124,140988,买盘
86,14:51:51,11.37,--,7,7958,买盘
87,14:51:48,11.37,--,12,13643,买盘
88,14:51:45,11.37,0.01,6,6821,买盘
89,14:51:42,11.36,-0.01,18,20448,卖盘
90,14:51:39,11.37,--,300,341100,买盘
91,14:51:36,11.37,0.01,4,4548,买盘
92,14:51:33,11.36,--,1,1136,卖盘
93,14:51:27,11.36,-0.01,10,11360,卖盘
94,14:51:24,11.37,--,1,1137,买盘
95,14:51:21,11.37,-0.01,111,126457,卖盘
96,14:51:18,11.38,--,10,11380,买盘
97,14:51:15,11.38,--,4,4552,买盘
98,14:51:12,11.38,0.01,15,17070,买盘
99,14:51:09,11.37,--,292,332004,卖盘
100,14:51:06,11.37,--,95,108014,卖盘
101,14:51:03,11.37,--,203,230810,卖盘
102,14:51:00,11.37,--,19,21603,卖盘
103,14:50:57,11.37,--,68,77316,卖盘
104,14:50:54,11.37,--,11,12507,卖盘
105,14:50:51,11.37,-0.01,15,17055,卖盘
106,14:50:48,11.38,--,4,4552,买盘
107,14:50:42,11.38,--,16,18208,买盘
108,14:50:39,11.38,--,51,58038,买盘
109,14:50:36,11.38,0.01,20,22760,买盘
110,14:50:33,11.37,-0.01,36,40932,卖盘
111,14:50:27,11.38,--,80,91040,买盘
112,14:50:24,11.38,0.01,39,44382,买盘
113,14:50:21,11.37,-0.01,50,56849,卖盘
114,14:50:12,11.38,0.01,10,11380,买盘
115,14:50:09,11.37,--,5,5685,卖盘
116,14:50:06,11.37,-0.01,21,23877,卖盘
117,14:50:03,11.38,0.01,5,5690,买盘
118,14:50:00,11.37,-0.01,10,11370,卖盘
119,14:49:54,11.38,0.01,13,14794,买盘
120,14:49:51,11.37,-0.01,113,128480,卖盘
121,14:49:45,11.38,0.01,89,101282,买盘
122,14:49:42,11.37,--,16,18192,卖盘
123,14:49:39,11.37,--,110,125069,卖盘
124,14:49:36,11.37,-0.01,6,6821,卖盘
125,14:49:33,11.38,--,21,23898,买盘
126,14:49:30,11.38,--,11,12518,买盘
127,14:49:24,11.38,--,168,191184,卖盘
128,14:49:21,11.38,0.01,209,237842,买盘
129,14:49:15,11.37,-0.01,3,3410,卖盘
130,14:49:12,11.38,--,2,2276,买盘
131,14:49:09,11.38,--,25,28450,买盘
132,14:49:06,11.38,0.01,31,35278,买盘
133,14:49:00,11.37,-0.01,18,20466,卖盘
134,14:48:57,11.38,--,18,20484,买盘
135,14:48:51,11.38,--,21,23898,买盘
136,14:48:45,11.38,0.01,103,117214,买盘
137,14:48:42,11.37,--,39,44343,卖盘
138,14:48:39,11.37,-0.01,19,21603,卖盘
139,14:48:33,11.38,--,11,12518,中性盘
140,14:48:30,11.38,0.01,10,11380,中性盘
141,14:48:27,11.37,-0.02,201,228536,卖盘
142,14:48:24,11.39,0.01,16,18224,买盘
143,14:48:18,11.38,-0.01,37,42106,卖盘
144,14:48:15,11.39,0.01,85,96815,买盘
145,14:48:12,11.38,--,236,268568,买盘
146,14:48:09,11.38,0.01,24,27312,买盘
147,14:48:06,11.37,-0.01,31,35247,卖盘
148,14:48:03,11.38,--,1023,1164174,买盘
149,14:47:51,11.38,--,21,23898,买盘
150,14:47:45,11.38,0.01,21,23898,买盘
151,14:47:42,11.37,-0.01,26,29561,卖盘
152,14:47:39,11.38,--,9,10242,买盘
153,14:47:36,11.38,0.01,5,5690,买盘
154,14:47:33,11.37,-0.01,18,20466,卖盘
155,14:47:30,11.38,--,191,217358,买盘
156,14:47:27,11.38,--,30,34140,买盘
157,14:47:24,11.38,0.01,31,35278,买盘
158,14:47:21,11.37,--,16,18192,卖盘
159,14:47:18,11.37,-0.01,24,27287,卖盘
160,14:47:12,11.38,0.01,20,22760,买盘
161,14:47:09,11.37,--,10,11370,卖盘
162,14:47:06,11.37,--,7,7958,卖盘
163,14:47:03,11.37,-0.01,3,3410,卖盘
164,14:47:00,11.38,--,5,5690,买盘
165,14:46:54,11.38,0.01,1,1138,买盘
166,14:46:45,11.37,--,66,75928,卖盘
167,14:46:39,11.37,--,70,79590,卖盘
168,14:46:36,11.37,--,89,101193,买盘
169,14:46:33,11.37,0.01,3,3410,买盘
170,14:46:30,11.36,--,2,2272,卖盘
171,14:46:27,11.36,-0.01,16,18176,卖盘
172,14:46:24,11.37,0.01,1,1137,买盘
173,14:46:21,11.36,--,60,68160,卖盘
174,14:46:18,11.36,-0.01,57,64752,卖盘
175,14:46:12,11.37,--,1,1137,卖盘
176,14:46:09,11.37,--,33,37521,卖盘
177,14:46:06,11.37,--,30,34110,卖盘
178,14:46:03,11.37,--,12,13643,卖盘
179,14:46:00,11.37,--,21,23877,卖盘
180,14:45:51,11.37,-0.01,2,2274,卖盘
181,14:45:48,11.38,0.01,12,13656,买盘
182,14:45:45,11.37,--,9,10233,卖盘
183,14:45:42,11.37,0.01,368,418416,买盘
184,14:45:39,11.36,-0.01,50,56800,卖盘
185,14:45:36,11.37,0.01,85,96645,买盘
186,14:45:33,11.36,--,7,7952,卖盘
187,14:45:30,11.36,-0.01,2,2272,卖盘
188,14:45:24,11.37,0.01,11,12507,买盘
189,14:45:18,11.36,--,2,2272,卖盘
190,14:45:12,11.36,--,50,56800,卖盘
191,14:45:09,11.36,-0.01,19,21584,卖盘
192,14:45:06,11.37,0.01,64,72768,买盘
193,14:45:03,11.36,--,99,112464,卖盘
194,14:45:00,11.36,-0.01,57,64752,卖盘
195,14:44:54,11.37,0.01,1,1137,买盘
196,14:44:51,11.36,--,188,213568,卖盘
197,14:44:48,11.36,-0.01,13,14768,卖盘
198,14:44:45,11.37,0.01,56,63671,买盘
199,14:44:42,11.36,--,1,1136,卖盘
200,14:44:39,11.36,--,20,22720,卖盘
201,14:44:33,11.36,--,36,40896,卖盘
202,14:44:30,11.36,--,59,67024,卖盘
203,14:44:27,11.36,-0.01,19,21584,卖盘
204,14:44:24,11.37,0.01,4,4548,买盘
205,14:44:21,11.36,--,21,23856,卖盘
206,14:44:18,11.36,-0.01,60,68160,卖盘
207,14:44:15,11.37,0.01,3,3410,买盘
208,14:44:09,11.36,--,39,44304,卖盘
209,14:44:06,11.36,--,10,11360,卖盘
210,14:44:03,11.36,--,19,21584,卖盘
211,14:44:00,11.36,-0.01,36,40896,卖盘
212,14:43:54,11.37,0.01,33,37521,买盘
213,14:43:51,11.36,-0.01,27,30672,卖盘
214,14:43:45,11.37,0.01,1,1137,买盘
215,14:43:42,11.36,--,18,20448,卖盘
216,14:43:39,11.36,-0.01,86,97696,卖盘
217,14:43:30,11.37,--,52,59123,买盘
218,14:43:24,11.37,--,11,12507,买盘
219,14:43:21,11.37,0.01,38,43206,买盘
220,14:43:18,11.36,--,16,18176,卖盘
221,14:43:09,11.36,--,30,34080,卖盘
222,14:43:06,11.36,--,18,20448,卖盘
223,14:43:03,11.36,--,31,35216,卖盘
224,14:43:00,11.36,--,45,51120,卖盘
225,14:42:57,11.36,-0.01,17,19312,卖盘
226,14:42:51,11.37,--,87,98919,买盘
227,14:42:48,11.37,--,21,23877,买盘
228,14:42:45,11.37,--,1,1137,买盘
229,14:42:42,11.37,0.01,13,14780,中性盘
230,14:42:39,11.36,-0.01,66,75271,卖盘
231,14:42:36,11.37,-0.01,122,139555,卖盘
232,14:42:33,11.38,0.01,1,1138,买盘
233,14:42:30,11.37,--,17,19329,卖盘
234,14:42:24,11.37,0.01,83,94666,买盘
235,14:42:21,11.36,-0.01,27,30672,卖盘
236,14:42:18,11.37,--,75,86116,卖盘
237,14:42:15,11.37,--,16,18192,卖盘
238,14:42:09,11.37,--,19,21603,卖盘
239,14:42:06,11.37,--,8,9096,卖盘
240,14:42:00,11.37,--,20,22740,卖盘
241,14:41:54,11.37,--,27,30698,卖盘
242,14:41:51,11.37,--,42,47754,卖盘
243,14:41:48,11.37,-0.01,12,13643,卖盘
244,14:41:45,11.38,0.01,1,1138,买盘
245,14:41:42,11.37,--,209,237632,卖盘
246,14:41:39,11.37,--,9,10233,卖盘
247,14:41:36,11.37,--,3,3410,卖盘
248,14:41:33,11.37,--,5,5685,卖盘
249,14:41:30,11.37,-0.01,10,11370,卖盘
250,14:41:24,11.38,0.01,45,51210,买盘
251,14:41:21,11.37,--,19,21603,卖盘
252,14:41:15,11.37,--,40,45480,卖盘
253,14:41:09,11.37,-0.01,54,61397,卖盘
254,14:41:06,11.38,0.01,8,9104,买盘
255,14:41:03,11.37,--,4,4548,卖盘
256,14:41:00,11.37,-0.01,87,98919,卖盘
257,14:40:54,11.38,0.01,46,52348,买盘
258,14:40:51,11.37,-0.01,117,133029,卖盘
259,14:40:48,11.38,0.01,1,1138,买盘
260,14:40:45,11.37,--,25,28720,卖盘
261,14:40:39,11.37,--,30,34110,卖盘
262,14:40:33,11.37,--,4,4548,卖盘
263,14:40:30,11.37,-0.01,57,64808,卖盘
264,14:40:27,11.38,--,41,46658,买盘
265,14:40:24,11.38,0.01,11,12518,买盘
266,14:40:21,11.37,--,95,108014,卖盘
267,14:40:18,11.37,--,134,152358,卖盘
268,14:40:15,11.37,-0.01,33,37521,卖盘
269,14:40:12,11.38,0.01,376,427888,买盘
270,14:40:09,11.37,--,21,23877,卖盘
271,14:40:06,11.37,--,7,7958,卖盘
272,14:40:00,11.37,--,26,29561,卖盘
273,14:39:57,11.37,-0.01,8,9096,卖盘
274,14:39:54,11.38,0.01,2,2276,买盘
275,14:39:51,11.37,--,38,43206,卖盘
276,14:39:48,11.37,-0.01,17,19329,卖盘
277,14:39:45,11.38,0.01,1,1138,买盘
278,14:39:39,11.37,--,60,68220,卖盘
279,14:39:36,11.37,-0.01,56,63671,卖盘
280,14:39:33,11.38,0.01,14,15932,买盘
281,14:39:30,11.37,--,8,9096,卖盘
282,14:39:27,11.37,-0.01,5,5685,卖盘
283,14:39:24,11.38,0.01,33,37554,买盘
284,14:39:21,11.37,--,5,5685,卖盘
285,14:39:18,11.37,--,27,30698,卖盘
286,14:39:12,11.37,--,1,1137,卖盘
287,14:39:09,11.37,-0.01,6,6821,卖盘
288,14:39:06,11.38,--,3,3414,买盘
289,14:39:00,11.38,--,20,22760,买盘
290,14:38:54,11.38,0.01,10,11380,买盘
291,14:38:51,11.37,--,2,2274,卖盘
292,14:38:48,11.37,-0.01,6,6821,卖盘
293,14:38:45,11.38,0.01,1,1138,买盘
294,14:38:42,11.37,--,17,19329,卖盘
295,14:38:39,11.37,--,12,13643,卖盘
296,14:38:36,11.37,--,3,3410,卖盘
297,14:38:33,11.37,--,6,6821,卖盘
298,14:38:30,11.37,--,30,34110,卖盘
299,14:38:24,11.37,--,26,29561,卖盘
300,14:38:21,11.37,0.01,2,2274,买盘
301,14:38:18,11.36,-0.02,20,22720,卖盘
302,14:38:12,11.38,0.02,32,36416,买盘
303,14:38:09,11.36,--,89,101104,卖盘
304,14:38:06,11.36,-0.01,12,13632,卖盘
305,14:38:03,11.37,0.01,20,22740,买盘
306,14:38:00,11.36,-0.01,20,22720,卖盘
307,14:37:54,11.37,0.01,10,11370,买盘
308,14:37:48,11.36,-0.01,44,49984,卖盘
309,14:37:45,11.37,0.01,26,29561,卖盘
310,14:37:39,11.36,-0.01,163,185168,卖盘
311,14:37:36,11.37,--,3,3410,卖盘
312,14:37:33,11.37,0.01,568,646725,买盘
313,14:37:30,11.36,--,30,34080,卖盘
314,14:37:24,11.36,--,15,17040,卖盘
315,14:37:21,11.36,--,22,24992,卖盘
316,14:37:18,11.36,--,23,26128,卖盘
317,14:37:12,11.36,--,109,123824,卖盘
318,14:37:09,11.36,--,55,62480,卖盘
319,14:37:06,11.36,-0.01,7,7952,卖盘
320,14:37:03,11.37,0.01,1,1137,买盘
321,14:37:00,11.36,--,91,103376,卖盘
322,14:36:57,11.36,--,154,174944,买盘
323,14:36:54,11.36,0.01,343,389648,买盘
324,14:36:48,11.35,--,72,81720,卖盘
325,14:36:42,11.35,--,21,23835,卖盘
326,14:36:39,11.35,-0.01,256,290560,卖盘
327,14:36:36,11.36,0.01,88,99968,买盘
328,14:36:33,11.35,-0.01,178,202030,卖盘
329,14:36:30,11.36,--,86,97696,买盘
330,14:36:27,11.36,--,11,12496,买盘
331,14:36:24,11.36,0.01,1,1136,买盘
332,14:36:21,11.35,--,13,14755,卖盘
333,14:36:18,11.35,-0.01,10,11350,卖盘
334,14:36:15,11.36,0.01,68,77248,买盘
335,14:36:12,11.35,--,9,10215,卖盘
336,14:36:09,11.35,--,42,47670,卖盘
337,14:36:06,11.35,--,33,37455,卖盘
338,14:36:03,11.35,-0.01,1,1135,卖盘
339,14:36:00,11.36,--,55,62480,买盘
340,14:35:57,11.36,--,47,53392,买盘
341,14:35:51,11.36,0.01,60,68160,买盘
342,14:35:48,11.35,--,53,60155,卖盘
343,14:35:45,11.35,--,30,34050,卖盘
344,14:35:42,11.35,--,11,12485,卖盘
345,14:35:39,11.35,-0.01,44,49940,卖盘
346,14:35:36,11.36,--,12,13632,买盘
347,14:35:33,11.36,--,2,2272,买盘
348,14:35:30,11.36,--,77,87687,买盘
349,14:35:24,11.36,--,51,57936,买盘
350,14:35:21,11.36,0.01,19,21584,买盘
351,14:35:18,11.35,-0.01,11,12485,卖盘
352,14:35:12,11.36,0.01,18,20448,买盘
353,14:35:09,11.35,--,11,12485,卖盘
354,14:35:06,11.35,-0.01,24,27240,卖盘
355,14:35:03,11.36,--,37,42032,买盘
356,14:35:00,11.36,0.01,11,12496,买盘
357,14:34:57,11.35,-0.01,5,5675,卖盘
358,14:34:51,11.36,0.01,1,1136,买盘
359,14:34:48,11.35,-0.01,8,9080,卖盘
360,14:34:45,11.36,0.01,3,3408,买盘
361,14:34:42,11.35,--,3,3405,卖盘
362,14:34:39,11.35,--,8,9080,卖盘
363,14:34:33,11.35,--,21,23835,卖盘
364,14:34:30,11.35,-0.01,26,29510,卖盘
365,14:34:24,11.36,0.01,1,1136,买盘
366,14:34:21,11.35,--,5,5675,卖盘
367,14:34:18,11.35,--,17,19295,卖盘
368,14:34:15,11.35,--,55,62425,卖盘
369,14:34:12,11.35,--,34,38590,卖盘
370,14:34:09,11.35,--,79,89665,卖盘
371,14:34:06,11.35,-0.01,3,3405,卖盘
372,14:34:03,11.36,--,301,341936,买盘
373,14:34:00,11.36,0.01,61,69296,买盘
374,14:33:57,11.35,-0.01,4,4540,卖盘
375,14:33:54,11.36,--,159,180624,卖盘
376,14:33:51,11.36,0.01,5,5680,中性盘
377,14:33:48,11.35,-0.01,51,57885,卖盘
378,14:33:45,11.36,0.01,1,1136,中性盘
379,14:33:39,11.35,-0.01,122,138470,卖盘
380,14:33:36,11.36,-0.01,73,82928,卖盘
381,14:33:33,11.37,0.01,42,47754,买盘
382,14:33:30,11.36,0.01,457,519152,买盘
383,14:33:27,11.35,--,110,124850,卖盘
384,14:33:24,11.35,-0.01,3,3405,卖盘
385,14:33:18,11.36,--,142,161312,买盘
386,14:33:15,11.36,--,9,10224,买盘
387,14:33:12,11.36,--,465,528240,卖盘
388,14:33:09,11.36,--,57,64752,卖盘
389,14:33:06,11.36,--,65,73840,卖盘
390,14:33:03,11.36,-0.01,18,20448,卖盘
391,14:33:00,11.37,0.01,71,80727,买盘
392,14:32:57,11.36,-0.01,207,235152,卖盘
393,14:32:54,11.37,0.01,11,12507,买盘
394,14:32:48,11.36,-0.01,14,15904,卖盘
395,14:32:45,11.37,--,20,22740,买盘
396,14:32:39,11.37,0.02,39,44343,买盘
397,14:32:36,11.35,--,3,3405,卖盘
398,14:32:33,11.35,--,1,1135,卖盘
399,14:32:30,11.35,-0.01,84,95340,卖盘
400,14:32:27,11.36,0.01,59,67024,买盘
401,14:32:24,11.35,--,11,12485,卖盘
402,14:32:21,11.35,-0.01,598,678730,卖盘
403,14:32:18,11.36,-0.01,9,10224,卖盘
404,14:32:12,11.37,0.01,4,4548,买盘
405,14:32:09,11.36,--,17,19312,卖盘
406,14:32:06,11.36,-0.01,5,5680,卖盘
407,14:32:03,11.37,0.01,3,3410,买盘
408,14:32:00,11.36,--,33,37488,卖盘
409,14:31:57,11.36,--,15,17040,卖盘
410,14:31:54,11.36,--,37,42032,卖盘
411,14:31:51,11.36,-0.01,3,3408,卖盘
412,14:31:48,11.37,--,102,115973,买盘
413,14:31:39,11.37,--,77,87549,买盘
414,14:31:36,11.37,0.01,341,387717,买盘
415,14:31:33,11.36,--,1,1136,卖盘
416,14:31:30,11.36,--,20,22720,卖盘
417,14:31:27,11.36,--,20,22720,买盘
418,14:31:24,11.36,0.01,1,1136,中性盘
419,14:31:21,11.35,-0.01,35,39725,卖盘
420,14:31:18,11.36,-0.01,10,11360,卖盘
421,14:31:15,11.37,0.01,121,137577,买盘
422,14:31:09,11.36,--,15,17040,卖盘
423,14:31:06,11.36,0.01,8,9088,卖盘
424,14:31:03,11.35,--,1,1135,卖盘
425,14:31:00,11.35,--,15,17025,卖盘
426,14:30:57,11.35,-0.01,33,37455,卖盘
427,14:30:54,11.36,--,18,20448,买盘
428,14:30:51,11.36,0.01,10,11360,买盘
429,14:30:48,11.35,-0.01,30,34050,卖盘
430,14:30:45,11.36,0.01,80,90880,买盘
431,14:30:42,11.35,--,26,29510,卖盘
432,14:30:39,11.35,--,18,21111,卖盘
433,14:30:36,11.35,--,32,36320,卖盘
434,14:30:33,11.35,0.01,12,13620,卖盘
435,14:30:30,11.34,-0.01,72,81648,卖盘
436,14:30:27,11.35,-0.01,9,10215,卖盘
437,14:30:24,11.36,0.01,37,42032,买盘
438,14:30:21,11.35,--,32,36320,卖盘
439,14:30:18,11.35,--,59,66965,卖盘
440,14:30:15,11.35,0.01,53,60155,买盘
441,14:30:09,11.34,--,19,21546,卖盘
442,14:30:06,11.34,-0.01,132,149688,卖盘
443,14:30:03,11.35,0.01,1,1135,卖盘
444,14:30:00,11.34,--,14,15876,卖盘
445,14:29:57,11.34,-0.01,21,23814,卖盘
446,14:29:54,11.35,0.01,27,31553,买盘
447,14:29:51,11.34,--,50,56700,卖盘
448,14:29:48,11.34,-0.01,58,65772,卖盘
449,14:29:45,11.35,0.01,44,49940,买盘
450,14:29:39,11.34,-0.01,169,191646,卖盘
451,14:29:36,11.35,0.01,31,35185,买盘
452,14:29:33,11.34,--,1,1134,卖盘
453,14:29:30,11.34,--,25,28350,卖盘
454,14:29:27,11.34,-0.01,24,27216,卖盘
455,14:29:24,11.35,--,295,335052,卖盘
456,14:29:21,11.35,--,8,9080,卖盘
457,14:29:18,11.35,--,127,144145,卖盘
458,14:29:15,11.35,--,4,4540,卖盘
459,14:29:12,11.35,--,297,337095,卖盘
460,14:29:09,11.35,--,35,39725,卖盘
461,14:29:06,11.35,-0.01,10,11350,卖盘
462,14:29:03,11.36,--,110,124960,卖盘
463,14:29:00,11.36,--,6,6816,卖盘
464,14:28:57,11.36,--,12,13632,卖盘
465,14:28:54,11.36,--,2,2272,卖盘
466,14:28:51,11.36,--,10,11360,卖盘
467,14:28:48,11.36,--,8,9088,卖盘
468,14:28:45,11.36,-0.01,11,12496,卖盘
469,14:28:42,11.37,0.01,28,31835,买盘
470,14:28:39,11.36,--,15,17040,卖盘
471,14:28:36,11.36,--,3,3408,卖盘
472,14:28:33,11.36,--,30,34080,卖盘
473,14:28:30,11.36,--,2,2272,卖盘
474,14:28:27,11.36,--,43,48848,卖盘
475,14:28:24,11.36,-0.01,1,1136,卖盘
476,14:28:21,11.37,0.01,29,32973,买盘
477,14:28:18,11.36,--,20,22720,卖盘
478,14:28:15,11.36,--,27,30672,卖盘
479,14:28:12,11.36,--,10,11360,卖盘
480,14:28:09,11.36,--,63,71568,卖盘
481,14:28:06,11.36,--,10,11360,卖盘
482,14:28:03,11.36,--,1,1136,卖盘
483,14:28:00,11.36,--,6,6816,卖盘
484,14:27:57,11.36,--,55,62480,卖盘
485,14:27:54,11.36,--,1,1136,卖盘
486,14:27:51,11.36,-0.01,3,3408,卖盘
487,14:27:48,11.37,--,18,20466,买盘
488,14:27:45,11.37,0.01,101,114836,买盘
489,14:27:39,11.36,--,10,11360,卖盘
490,14:27:36,11.36,--,10,11360,卖盘
491,14:27:33,11.36,--,26,29536,卖盘
492,14:27:30,11.36,--,3,3408,卖盘
493,14:27:27,11.36,--,18,20448,卖盘
494,14:27:24,11.36,-0.01,1,1136,卖盘
495,14:27:21,11.37,0.01,9,10233,买盘
496,14:27:18,11.36,--,90,102240,卖盘
497,14:27:12,11.36,-0.01,1,1136,卖盘
498,14:27:09,11.37,--,359,408183,卖盘
499,14:27:06,11.37,--,28,31835,卖盘
500,14:27:03,11.37,--,51,57986,卖盘
501,14:27:00,11.37,--,4,4548,卖盘
502,14:26:57,11.37,--,83,94371,卖盘
503,14:26:54,11.37,-0.01,15,17055,卖盘
504,14:26:51,11.38,0.01,32,36416,买盘
505,14:26:48,11.37,--,40,45480,卖盘
506,14:26:42,11.37,--,3,3410,卖盘
507,14:26:39,11.37,--,19,21603,卖盘
508,14:26:33,11.37,--,16,18192,卖盘
509,14:26:30,11.37,--,6,6821,卖盘
510,14:26:27,11.37,-0.01,37,42069,卖盘
511,14:26:24,11.38,0.01,2,2276,买盘
512,14:26:21,11.37,--,50,56849,卖盘
513,14:26:18,11.37,--,78,88686,卖盘
514,14:26:15,11.37,--,38,43206,卖盘
515,14:26:12,11.37,--,2,2274,卖盘
516,14:26:09,11.37,--,81,92097,卖盘
517,14:26:06,11.37,--,82,93234,卖盘
518,14:26:03,11.37,--,10,11370,卖盘
519,14:25:57,11.37,--,87,98919,卖盘
520,14:25:54,11.37,-0.01,301,342237,卖盘
521,14:25:51,11.38,0.01,18,20484,买盘
522,14:25:48,11.37,-0.01,28,31835,卖盘
523,14:25:45,11.38,--,219,249222,买盘
524,14:25:42,11.38,0.01,2,2276,买盘
525,14:25:39,11.37,--,47,53438,卖盘
526,14:25:33,11.37,--,65,73905,卖盘
527,14:25:30,11.37,--,50,56849,卖盘
528,14:25:27,11.37,-0.01,58,65946,卖盘
529,14:25:24,11.38,0.01,1,1138,买盘
530,14:25:18,11.37,-0.01,201,228536,卖盘
531,14:25:12,11.38,0.01,1,1138,买盘
532,14:25:09,11.37,--,93,105741,卖盘
533,14:25:06,11.37,--,8,9096,卖盘
534,14:25:03,11.37,--,8,9096,卖盘
535,14:25:00,11.37,--,47,53438,卖盘
536,14:24:57,11.37,-0.01,36,40932,卖盘
537,14:24:54,11.38,--,388,441544,卖盘
538,14:24:48,11.38,-0.01,8,9104,卖盘
539,14:24:45,11.39,0.01,30,34170,买盘
540,14:24:42,11.38,--,20,22760,卖盘
541,14:24:39,11.38,--,10,11380,卖盘
542,14:24:33,11.38,--,2,2276,卖盘
543,14:24:30,11.38,--,7,7966,卖盘
544,14:24:27,11.38,-0.01,44,50072,卖盘
545,14:24:24,11.39,0.01,45,51255,买盘
546,14:24:21,11.38,--,30,34140,卖盘
547,14:24:18,11.38,--,45,51210,卖盘
548,14:24:15,11.38,-0.01,21,23898,卖盘
549,14:24:12,11.39,0.01,14,15946,买盘
550,14:24:09,11.38,--,8,9104,卖盘
551,14:24:06,11.38,--,4,4552,卖盘
552,14:24:03,11.38,--,12,13656,卖盘
553,14:23:57,11.38,--,22,25036,卖盘
554,14:23:48,11.38,-0.01,33,37554,卖盘
555,14:23:45,11.39,--,1,1139,买盘
556,14:23:39,11.39,0.01,117,133263,买盘
557,14:23:36,11.38,-0.01,7,7966,卖盘
558,14:23:33,11.39,--,41,46699,买盘
559,14:23:30,11.39,0.01,96,109344,买盘
560,14:23:27,11.38,--,43,48934,卖盘
561,14:23:24,11.38,-0.01,79,89902,卖盘
562,14:23:21,11.39,--,4,4556,卖盘
563,14:23:18,11.39,--,15,17085,卖盘
564,14:23:12,11.39,--,203,231217,卖盘
565,14:23:09,11.39,-0.01,26,29614,卖盘
566,14:23:06,11.4,0.01,29,33060,买盘
567,14:23:03,11.39,--,51,58089,卖盘
568,14:23:00,11.39,--,20,22780,卖盘
569,14:22:57,11.39,-0.01,28,31892,卖盘
570,14:22:54,11.4,0.01,25,28500,买盘
571,14:22:51,11.39,--,15,17085,卖盘
572,14:22:48,11.39,-0.01,28,31892,卖盘
573,14:22:45,11.4,0.01,1,1140,买盘
574,14:22:42,11.39,--,28,31892,卖盘
575,14:22:39,11.39,--,31,35309,卖盘
576,14:22:33,11.39,--,22,25058,卖盘
577,14:22:30,11.39,--,8,9112,卖盘
578,14:22:27,11.39,--,41,46699,卖盘
579,14:22:24,11.39,--,102,116178,卖盘
580,14:22:21,11.39,--,19,21641,卖盘
581,14:22:18,11.39,-0.01,18,20502,卖盘
582,14:22:12,11.4,0.01,1,1140,买盘
583,14:22:09,11.39,--,93,105927,卖盘
584,14:22:06,11.39,--,5,5695,卖盘
585,14:22:03,11.39,--,2,2278,卖盘
586,14:21:57,11.39,--,13,14807,卖盘
587,14:21:54,11.39,-0.01,3,3417,卖盘
588,14:21:51,11.4,0.01,10,11400,买盘
589,14:21:48,11.39,-0.01,54,61506,卖盘
590,14:21:45,11.4,--,8,9120,买盘
591,14:21:39,11.4,0.01,178,202920,买盘
592,14:21:36,11.39,-0.01,1,1139,卖盘
593,14:21:33,11.4,0.01,21,23940,买盘
594,14:21:27,11.39,-0.01,8,9112,卖盘
595,14:21:24,11.4,--,1,1140,买盘
596,14:21:21,11.4,0.01,5,5700,买盘
597,14:21:18,11.39,-0.01,13,14807,卖盘
598,14:21:15,11.4,0.01,3,3420,买盘
599,14:21:09,11.39,--,41,46699,卖盘
600,14:21:06,11.39,--,25,28475,卖盘
601,14:21:03,11.39,-0.01,3,3417,卖盘
602,14:21:00,11.4,--,3,3420,卖盘
603,14:20:57,11.4,--,32,36480,卖盘
604,14:20:54,11.4,--,50,57000,卖盘
605,14:20:48,11.4,--,112,127680,卖盘
606,14:20:45,11.4,--,21,23940,卖盘
607,14:20:42,11.4,--,36,41040,卖盘
608,14:20:39,11.4,-0.01,182,207480,卖盘
609,14:20:33,11.41,0.01,56,63896,买盘
610,14:20:30,11.4,--,81,92340,卖盘
611,14:20:27,11.4,-0.01,223,254220,卖盘
612,14:20:24,11.41,0.01,16,18256,买盘
613,14:20:21,11.4,--,120,136800,卖盘
614,14:20:18,11.4,--,75,85500,卖盘
615,14:20:12,11.4,--,9,10260,卖盘
616,14:20:09,11.4,--,50,57000,卖盘
617,14:20:06,11.4,--,19,21660,卖盘
618,14:20:03,11.4,--,18,20520,卖盘
619,14:20:00,11.4,--,30,34200,卖盘
620,14:19:57,11.4,--,100,114000,卖盘
621,14:19:54,11.4,-0.01,9,10260,卖盘
622,14:19:51,11.41,0.01,198,225918,买盘
623,14:19:48,11.4,--,103,117420,卖盘
624,14:19:45,11.4,--,207,235980,卖盘
625,14:19:42,11.4,--,31,35340,卖盘
626,14:19:39,11.4,-0.01,16,18240,卖盘
627,14:19:36,11.41,--,58,66178,买盘
628,14:19:33,11.41,0.01,363,414183,买盘
629,14:19:30,11.4,-0.01,30,34200,卖盘
630,14:19:24,11.41,--,60,68460,买盘
631,14:19:21,11.41,0.01,40,45640,买盘
632,14:19:18,11.4,-0.01,4,4560,卖盘
633,14:19:15,11.41,--,24,27384,买盘
634,14:19:12,11.41,0.01,14,15974,买盘
635,14:19:09,11.4,--,50,57000,卖盘
636,14:19:06,11.4,--,2,2280,卖盘
637,14:19:03,11.4,--,9,10260,卖盘
638,14:19:00,11.4,-0.01,319,363660,卖盘
639,14:18:57,11.41,--,22,25102,买盘
640,14:18:54,11.41,0.01,20,22820,买盘
641,14:18:51,11.4,--,74,84360,卖盘
642,14:18:48,11.4,-0.01,38,43320,卖盘
643,14:18:45,11.41,--,11,12551,买盘
644,14:18:42,11.41,0.01,103,117523,买盘
645,14:18:39,11.4,-0.01,46,52440,卖盘
646,14:18:36,11.41,--,31,35371,买盘
647,14:18:33,11.41,0.01,1,1141,买盘
648,14:18:30,11.4,--,55,62700,卖盘
649,14:18:27,11.4,--,70,79800,卖盘
650,14:18:18,11.4,--,44,50160,卖盘
651,14:18:15,11.4,--,5,5700,卖盘
652,14:18:12,11.4,--,2,2280,卖盘
653,14:18:09,11.4,--,69,78660,卖盘
654,14:18:06,11.4,--,67,76380,卖盘
655,14:18:03,11.4,--,13,14820,卖盘
656,14:18:00,11.4,0.01,289,329460,买盘
657,14:17:57,11.39,-0.01,1,1139,卖盘
658,14:17:54,11.4,--,32,36480,买盘
659,14:17:51,11.4,--,1087,1239180,买盘
660,14:17:45,11.4,0.01,40,45600,买盘
661,14:17:39,11.39,--,29,33031,卖盘
662,14:17:36,11.39,--,21,23919,卖盘
663,14:17:30,11.39,--,96,109344,卖盘
664,14:17:27,11.39,--,51,58089,卖盘
665,14:17:24,11.39,--,6,6834,卖盘
666,14:17:21,11.39,--,11,12529,卖盘
667,14:17:18,11.39,-0.01,1,1139,卖盘
668,14:17:09,11.4,0.01,32,36480,买盘
669,14:17:06,11.39,--,12,13668,卖盘
670,14:17:03,11.39,--,18,20502,卖盘
671,14:16:57,11.39,-0.01,43,48977,卖盘
672,14:16:54,11.4,--,9,10260,卖盘
673,14:16:51,11.4,--,106,120840,卖盘
674,14:16:48,11.4,--,116,132240,卖盘
675,14:16:45,11.4,--,24,27360,卖盘
676,14:16:42,11.4,--,252,287280,卖盘
677,14:16:39,11.4,--,90,102600,卖盘
678,14:16:36,11.4,--,27,30780,卖盘
679,14:16:33,11.4,--,40,45600,卖盘
680,14:16:30,11.4,-0.01,99,112860,卖盘
681,14:16:24,11.41,0.01,22,25102,买盘
682,14:16:21,11.4,--,82,93480,卖盘
683,14:16:18,11.4,--,39,44460,卖盘
684,14:16:15,11.4,--,135,153900,卖盘
685,14:16:09,11.4,--,25,28500,卖盘
686,14:16:06,11.4,--,3,3420,卖盘
687,14:16:03,11.4,--,18,20520,卖盘
688,14:16:00,11.4,--,134,152760,卖盘
689,14:15:57,11.4,--,102,116280,卖盘
690,14:15:54,11.4,--,15,17100,卖盘
691,14:15:51,11.4,-0.01,92,104880,卖盘
692,14:15:45,11.41,0.01,54,61614,买盘
693,14:15:42,11.4,--,20,22800,卖盘
694,14:15:39,11.4,--,140,159600,卖盘
695,14:15:36,11.4,--,266,303240,卖盘
696,14:15:33,11.4,--,107,121980,卖盘
697,14:15:30,11.4,--,100,114000,卖盘
698,14:15:27,11.4,-0.01,280,319200,卖盘
699,14:15:24,11.41,--,51,58191,买盘
700,14:15:21,11.41,0.01,130,148330,买盘
701,14:15:18,11.4,-0.01,10,11400,卖盘
702,14:15:15,11.41,0.01,18,20538,买盘
703,14:15:12,11.4,--,19,21660,卖盘
704,14:15:09,11.4,-0.01,21,23940,卖盘
705,14:15:06,11.41,--,63,71883,买盘
706,14:15:03,11.41,0.01,50,57050,买盘
707,14:15:00,11.4,-0.01,20,22800,卖盘
708,14:14:57,11.41,0.01,37,42217,买盘
709,14:14:51,11.4,--,87,99180,卖盘
710,14:14:48,11.4,-0.01,4,4560,卖盘
711,14:14:45,11.41,0.01,1,1141,买盘
712,14:14:42,11.4,--,10,11400,卖盘
713,14:14:39,11.4,--,20,22800,卖盘
714,14:14:36,11.4,--,2,2280,卖盘
715,14:14:33,11.4,--,10,11400,卖盘
716,14:14:30,11.4,--,22,25080,卖盘
717,14:14:27,11.4,--,728,829920,买盘
718,14:14:24,11.4,--,1,1140,买盘
719,14:14:21,11.4,0.01,167,190380,买盘
720,14:14:18,11.39,--,121,137819,卖盘
721,14:14:15,11.39,--,6,6834,卖盘
722,14:14:09,11.39,-0.01,71,80869,卖盘
723,14:14:06,11.4,0.01,82,93480,买盘
724,14:14:03,11.39,-0.01,4,4556,卖盘
725,14:14:00,11.4,0.01,201,229140,买盘
726,14:13:57,11.39,-0.01,101,115039,卖盘
727,14:13:54,11.4,0.01,39,44460,买盘
728,14:13:51,11.39,-0.01,82,93398,卖盘
729,14:13:48,11.4,--,10,11400,买盘
730,14:13:45,11.4,0.01,32,36480,买盘
731,14:13:42,11.39,--,4,4556,卖盘
732,14:13:39,11.39,--,17,19363,卖盘
733,14:13:36,11.39,-0.01,2,2278,卖盘
734,14:13:33,11.4,0.01,36,41040,买盘
735,14:13:30,11.39,-0.01,211,240329,卖盘
736,14:13:27,11.4,0.01,174,198360,买盘
737,14:13:21,11.39,-0.01,60,68340,卖盘
738,14:13:18,11.4,--,41,46740,买盘
739,14:13:15,11.4,--,526,599640,买盘
740,14:13:12,11.4,--,52,59280,买盘
741,14:13:09,11.4,--,160,182400,买盘
742,14:13:06,11.4,--,21,23940,买盘
743,14:13:03,11.4,0.01,400,456000,买盘
744,14:13:00,11.39,-0.01,111,126429,卖盘
745,14:12:57,11.4,--,67,76380,买盘
746,14:12:54,11.4,--,36,41040,买盘
747,14:12:51,11.4,--,127,144780,买盘
748,14:12:48,11.4,0.01,508,579120,买盘
749,14:12:45,11.39,-0.01,56,63784,卖盘
750,14:12:39,11.4,--,124,141360,买盘
751,14:12:36,11.4,0.01,23,26220,买盘
752,14:12:33,11.39,--,836,952204,卖盘
753,14:12:30,11.39,-0.01,21,23919,卖盘
754,14:12:27,11.4,--,120,136800,买盘
755,14:12:24,11.4,0.01,26,29640,买盘
756,14:12:21,11.39,--,9,10251,卖盘
757,14:12:18,11.39,-0.01,11,12529,卖盘
758,14:12:15,11.4,0.01,15,17100,买盘
759,14:12:12,11.39,0.01,156,177684,买盘
760,14:12:09,11.38,-0.01,289,328882,卖盘
761,14:12:06,11.39,--,24,27336,买盘
762,14:12:03,11.39,--,50,56950,买盘
763,14:12:00,11.39,--,349,397511,买盘
764,14:11:57,11.39,--,1152,1312128,买盘
765,14:11:51,11.39,--,138,157182,买盘
766,14:11:48,11.39,--,380,432820,买盘
767,14:11:39,11.39,0.01,158,179962,买盘
768,14:11:36,11.38,--,15,17070,卖盘
769,14:11:33,11.38,-0.01,13,14794,卖盘
770,14:11:30,11.39,0.01,186,211854,买盘
771,14:11:27,11.38,-0.01,10,11380,卖盘
772,14:11:24,11.39,0.01,932,1061548,买盘
773,14:11:21,11.38,--,12,13656,买盘
774,14:11:18,11.38,0.01,21,23898,买盘
775,14:11:15,11.37,--,14,15917,卖盘
776,14:11:12,11.37,--,305,346785,卖盘
777,14:11:09,11.37,--,28,31835,卖盘
778,14:11:06,11.37,--,3,3410,卖盘
779,14:11:03,11.37,--,1,1137,卖盘
780,14:11:00,11.37,-0.01,24,27287,卖盘
781,14:10:57,11.38,0.01,37,42106,买盘
782,14:10:51,11.37,--,80,90960,卖盘
783,14:10:48,11.37,--,21,23877,卖盘
784,14:10:45,11.37,--,18,20466,卖盘
785,14:10:42,11.37,-0.01,14,15917,卖盘
786,14:10:33,11.38,--,10,11380,买盘
787,14:10:27,11.38,--,1047,1191486,买盘
788,14:10:24,11.38,0.01,51,58038,买盘
789,14:10:18,11.37,--,19,21603,卖盘
790,14:10:15,11.37,-0.01,28,31835,卖盘
791,14:10:12,11.38,0.01,129,146802,买盘
792,14:10:09,11.37,--,11,12507,卖盘
793,14:10:06,11.37,-0.01,6,6821,卖盘
794,14:10:03,11.38,0.01,20,22760,买盘
795,14:10:00,11.37,--,14,15917,卖盘
796,14:09:57,11.37,-0.01,4,4548,卖盘
797,14:09:54,11.38,--,16,18208,买盘
798,14:09:51,11.38,0.01,109,124042,买盘
799,14:09:48,11.37,-0.01,14,15917,卖盘
800,14:09:45,11.38,--,1,1138,买盘
801,14:09:39,11.38,--,18,20484,买盘
802,14:09:36,11.38,--,4,4552,买盘
803,14:09:33,11.38,0.01,1,1138,买盘
804,14:09:30,11.37,-0.01,30,34110,卖盘
805,14:09:27,11.38,--,47,53486,买盘
806,14:09:24,11.38,0.01,28,31864,买盘
807,14:09:21,11.37,--,1,1137,卖盘
808,14:09:18,11.37,--,19,21603,卖盘
809,14:09:15,11.37,-0.01,30,34110,卖盘
810,14:09:12,11.38,--,64,72832,买盘
811,14:09:09,11.38,0.01,5,5690,买盘
812,14:09:06,11.37,-0.01,25,28424,卖盘
813,14:09:03,11.38,0.01,2,2276,买盘
814,14:09:00,11.37,-0.01,11,12507,卖盘
815,14:08:57,11.38,--,90,102420,买盘
816,14:08:51,11.38,0.01,112,127456,买盘
817,14:08:48,11.37,-0.01,31,35247,卖盘
818,14:08:45,11.38,--,53,60314,买盘
819,14:08:42,11.38,0.01,92,104696,买盘
820,14:08:36,11.37,--,38,43206,买盘
821,14:08:33,11.37,--,15,17055,买盘
822,14:08:30,11.37,--,1000,1137000,买盘
823,14:08:27,11.37,0.01,162,184194,买盘
824,14:08:24,11.36,-0.01,1,1136,卖盘
825,14:08:21,11.37,0.01,51,57986,买盘
826,14:08:18,11.36,--,66,74976,卖盘
827,14:08:15,11.36,--,1,1136,卖盘
828,14:08:09,11.36,-0.01,1,1136,卖盘
829,14:08:06,11.37,0.01,11,12507,买盘
830,14:08:03,11.36,--,409,464624,卖盘
831,14:08:00,11.36,-0.01,16,18176,卖盘
832,14:07:54,11.37,0.01,20,22740,买盘
833,14:07:51,11.36,-0.01,91,103376,卖盘
834,14:07:45,11.37,0.01,1,1137,买盘
835,14:07:39,11.36,--,10,11360,卖盘
836,14:07:36,11.36,--,5,5680,卖盘
837,14:07:33,11.36,--,5,5680,卖盘
838,14:07:30,11.36,--,22,24992,卖盘
839,14:07:27,11.36,--,1,1136,卖盘
840,14:07:21,11.36,-0.01,56,63616,卖盘
841,14:07:18,11.37,0.01,63,71631,买盘
842,14:07:15,11.36,--,311,353296,卖盘
843,14:07:09,11.36,-0.01,1,1136,卖盘
844,14:07:06,11.37,--,25,28424,买盘
845,14:07:03,11.37,0.01,16,18192,买盘
846,14:07:00,11.36,-0.01,46,52256,卖盘
847,14:06:57,11.37,0.01,35,39795,买盘
848,14:06:54,11.36,--,11,12496,买盘
849,14:06:51,11.36,--,95,107920,卖盘
850,14:06:48,11.36,--,1,1136,卖盘
851,14:06:45,11.36,--,9,10224,卖盘
852,14:06:42,11.36,--,20,22720,卖盘
853,14:06:39,11.36,--,62,70432,卖盘
854,14:06:33,11.36,--,9,10224,卖盘
855,14:06:30,11.36,--,21,23856,卖盘
856,14:06:27,11.36,-0.01,15,17040,卖盘
857,14:06:24,11.37,0.01,12,13643,买盘
858,14:06:18,11.36,--,51,57936,卖盘
859,14:06:15,11.36,--,42,47712,卖盘
860,14:06:12,11.36,--,1825,2074108,买盘
861,14:06:09,11.36,0.01,359,407824,买盘
862,14:06:06,11.35,--,9,10215,卖盘
863,14:06:03,11.35,--,110,124850,卖盘
864,14:06:00,11.35,--,31,35185,卖盘
865,14:05:51,11.35,-0.01,75,85125,卖盘
866,14:05:42,11.36,0.01,52,59072,买盘
867,14:05:39,11.35,--,26,29510,卖盘
868,14:05:33,11.35,--,2,2270,卖盘
869,14:05:30,11.35,-0.01,11,12485,卖盘
870,14:05:24,11.36,0.01,93,105648,买盘
871,14:05:21,11.35,--,50,56750,卖盘
872,14:05:15,11.35,-0.01,3,3405,卖盘
873,14:05:09,11.36,0.01,47,53392,买盘
874,14:05:06,11.35,--,1,1135,卖盘
875,14:05:03,11.35,--,1,1135,卖盘
876,14:05:00,11.35,--,35,39725,卖盘
877,14:04:57,11.35,--,10,11350,卖盘
878,14:04:54,11.35,--,15,17025,卖盘
879,14:04:51,11.35,--,113,128255,卖盘
880,14:04:48,11.35,-0.01,11,12485,卖盘
881,14:04:45,11.36,0.01,121,137456,买盘
882,14:04:30,11.35,--,15,17025,卖盘
883,14:04:27,11.35,-0.01,19,21565,卖盘
884,14:04:24,11.36,--,1,1136,买盘
885,14:04:21,11.36,0.01,13,14768,买盘
886,14:04:18,11.35,--,17,19295,卖盘
887,14:04:15,11.35,--,4,4540,卖盘
888,14:04:12,11.35,--,29,32915,卖盘
889,14:04:06,11.35,--,1,1135,卖盘
890,14:04:00,11.35,--,37,41995,卖盘
891,14:03:54,11.35,--,67,76045,卖盘
892,14:03:51,11.35,-0.01,89,101015,卖盘
893,14:03:45,11.36,0.01,8,9088,买盘
894,14:03:42,11.35,-0.01,3,3405,卖盘
895,14:03:39,11.36,0.01,9,10224,买盘
896,14:03:33,11.35,--,13,14755,卖盘
897,14:03:30,11.35,--,329,373415,卖盘
898,14:03:27,11.35,--,18,20430,卖盘
899,14:03:24,11.35,-0.01,1,1135,卖盘
900,14:03:21,11.36,0.01,13,14768,买盘
901,14:03:15,11.35,--,24,27240,卖盘
902,14:03:12,11.35,-0.01,1,1135,卖盘
903,14:03:09,11.36,--,2,2272,买盘
904,14:03:06,11.36,--,11,12496,买盘
905,14:03:03,11.36,0.01,13,14768,买盘
906,14:03:00,11.35,--,12,13620,卖盘
907,14:02:51,11.35,-0.01,78,88530,卖盘
908,14:02:45,11.36,--,1,1136,买盘
909,14:02:39,11.36,--,50,56800,买盘
910,14:02:36,11.36,0.01,1,1136,买盘
911,14:02:30,11.35,--,22,24970,卖盘
912,14:02:27,11.35,0.01,292,331420,买盘
913,14:02:24,11.34,--,18,20412,卖盘
914,14:02:18,11.34,--,36,40824,卖盘
915,14:02:15,11.34,-0.01,1,1134,卖盘
916,14:02:09,11.35,--,11,12485,买盘
917,14:02:06,11.35,--,22,24970,买盘
918,14:02:03,11.35,--,13,14755,买盘
919,14:02:00,11.35,--,10,11350,买盘
920,14:01:57,11.35,0.01,42,47670,买盘
921,14:01:54,11.34,--,2,2268,卖盘
922,14:01:51,11.34,-0.02,70,79380,卖盘
923,14:01:48,11.36,0.02,289,328304,买盘
924,14:01:45,11.34,-0.01,1,1134,卖盘
925,14:01:42,11.35,0.01,30,34050,买盘
926,14:01:33,11.34,--,1,1134,卖盘
927,14:01:27,11.34,-0.01,2,2268,卖盘
928,14:01:24,11.35,0.01,36,40860,买盘
929,14:01:21,11.34,--,13,14742,卖盘
930,14:01:18,11.34,--,11,12474,卖盘
931,14:01:15,11.34,--,1,1134,卖盘
932,14:01:06,11.34,--,2011,2280474,卖盘
933,14:01:03,11.34,--,1,1134,卖盘
934,14:01:00,11.34,--,11,12474,卖盘
935,14:00:57,11.34,0.01,69,78246,买盘
936,14:00:54,11.33,--,20,22660,卖盘
937,14:00:51,11.33,-0.01,1062,1203246,卖盘
938,14:00:45,11.34,--,1,1134,买盘
939,14:00:33,11.34,--,1,1134,买盘
940,14:00:30,11.34,0.01,5,5670,买盘
941,14:00:27,11.33,-0.01,55,62315,卖盘
942,14:00:24,11.34,0.01,1,1134,买盘
943,14:00:18,11.33,--,10,11330,卖盘
944,14:00:15,11.33,-0.01,1,1133,卖盘
945,14:00:12,11.34,0.01,5,5670,买盘
946,14:00:03,11.33,-0.01,2,2266,卖盘
947,14:00:00,11.34,--,3,3402,买盘
948,13:59:54,11.34,0.01,52,58968,买盘
949,13:59:51,11.33,-0.01,280,317240,卖盘
950,13:59:48,11.34,--,7,7938,买盘
951,13:59:45,11.34,0.01,19,21546,买盘
952,13:59:42,11.33,--,19,21527,卖盘
953,13:59:39,11.33,--,500,566500,卖盘
954,13:59:36,11.33,-0.01,31,35123,卖盘
955,13:59:33,11.34,--,6,6804,买盘
956,13:59:30,11.34,--,13,14742,买盘
957,13:59:24,11.34,0.01,14,15876,买盘
958,13:59:21,11.33,--,1,1133,卖盘
959,13:59:18,11.33,--,4,4532,卖盘
960,13:59:15,11.33,-0.01,1,1133,卖盘
961,13:59:12,11.34,--,110,124740,卖盘
962,13:59:09,11.34,-0.01,3,3402,卖盘
963,13:59:06,11.35,0.01,1,1135,买盘
964,13:59:03,11.34,--,76,86184,卖盘
965,13:59:00,11.34,--,21,23814,卖盘
966,13:58:54,11.34,--,34,38556,卖盘
967,13:58:51,11.34,--,98,111132,卖盘
968,13:58:48,11.34,-0.01,1,1134,卖盘
969,13:58:45,11.35,0.01,11,12485,买盘
970,13:58:39,11.34,-0.01,8,9072,卖盘
971,13:58:36,11.35,0.01,11,12485,买盘
972,13:58:33,11.34,--,128,145152,买盘
973,13:58:30,11.34,--,40,45360,买盘
974,13:58:27,11.34,0.01,34,38556,买盘
975,13:58:24,11.33,--,20,22660,卖盘
976,13:58:21,11.33,-0.01,6,6798,卖盘
977,13:58:18,11.34,--,2,2268,买盘
978,13:58:15,11.34,--,3,3402,买盘
979,13:58:06,11.34,--,5,5670,卖盘
980,13:58:03,11.34,0.01,48,54432,买盘
981,13:58:00,11.33,-0.01,1,1133,卖盘
982,13:57:57,11.34,0.01,13,14742,买盘
983,13:57:54,11.33,-0.01,9,10197,卖盘
984,13:57:51,11.34,--,75,85050,买盘
985,13:57:48,11.34,--,15,17010,买盘
986,13:57:45,11.34,0.01,2,2268,买盘
987,13:57:39,11.33,-0.01,2,2266,卖盘
988,13:57:30,11.34,--,13,14742,买盘
989,13:57:18,11.34,--,43,48762,卖盘
990,13:57:15,11.34,--,5,5670,卖盘
991,13:57:09,11.34,--,54,61236,卖盘
992,13:57:06,11.34,--,16,18144,卖盘
993,13:57:03,11.34,--,251,284634,卖盘
994,13:57:00,11.34,--,21,23814,卖盘
995,13:56:54,11.34,--,43,48762,卖盘
996,13:56:51,11.34,--,90,102060,卖盘
997,13:56:48,11.34,--,2,2268,卖盘
998,13:56:45,11.34,--,63,71442,卖盘
999,13:56:42,11.34,--,11,12474,卖盘
1000,13:56:39,11.34,--,1,1134,卖盘
1001,13:56:33,11.34,--,41,46494,卖盘
1002,13:56:30,11.34,--,11,12474,卖盘
1003,13:56:27,11.34,-0.01,19,21546,卖盘
1004,13:56:24,11.35,0.01,1,1135,买盘
1005,13:56:18,11.34,-0.01,2,2268,卖盘
1006,13:56:15,11.35,--,59,66965,买盘
1007,13:56:12,11.35,--,13,14755,买盘
1008,13:56:09,11.35,0.01,56,63560,买盘
1009,13:56:06,11.34,--,21,23814,卖盘
1010,13:56:03,11.34,--,11,12474,卖盘
1011,13:56:00,11.34,-0.01,11,12474,卖盘
1012,13:55:57,11.35,0.01,83,94205,买盘
1013,13:55:54,11.34,--,89,100926,卖盘
1014,13:55:51,11.34,-0.01,82,92988,卖盘
1015,13:55:48,11.35,0.01,6,6810,买盘
1016,13:55:45,11.34,-0.01,20,22680,卖盘
1017,13:55:42,11.35,0.01,12,13620,买盘
1018,13:55:39,11.34,-0.01,95,107730,卖盘
1019,13:55:36,11.35,0.01,22,24970,买盘
1020,13:55:33,11.34,-0.01,7,7938,卖盘
1021,13:55:30,11.35,--,16,18160,买盘
1022,13:55:27,11.35,--,1,1135,买盘
1023,13:55:24,11.35,--,8,9080,买盘
1024,13:55:21,11.35,--,8,9080,买盘
1025,13:55:18,11.35,--,51,57885,买盘
1026,13:55:09,11.35,0.01,29,32915,买盘
1027,13:55:06,11.34,0.01,3,3402,买盘
1028,13:55:03,11.33,--,1,1133,卖盘
1029,13:55:00,11.33,--,10,11330,卖盘
1030,13:54:57,11.33,-0.01,20,22660,卖盘
1031,13:54:54,11.34,--,29,32886,卖盘
1032,13:54:51,11.34,--,76,86184,卖盘
1033,13:54:48,11.34,-0.01,19,21546,卖盘
1034,13:54:45,11.35,0.01,1,1135,买盘
1035,13:54:39,11.34,--,38,43092,卖盘
1036,13:54:30,11.34,--,5,5670,卖盘
1037,13:54:27,11.34,--,24,27216,买盘
1038,13:54:24,11.34,0.01,23,26082,买盘
1039,13:54:21,11.33,-0.01,47,53251,卖盘
1040,13:54:18,11.34,--,20,22680,买盘
1041,13:54:15,11.34,--,7,7938,买盘
1042,13:54:12,11.34,--,22,24948,买盘
1043,13:54:09,11.34,-0.01,41,46494,卖盘
1044,13:54:06,11.35,0.01,18,20430,买盘
1045,13:54:03,11.34,-0.01,6,6804,卖盘
1046,13:54:00,11.35,0.02,18,20430,买盘
1047,13:53:57,11.33,-0.02,23,26059,卖盘
1048,13:53:54,11.35,0.02,4,4540,买盘
1049,13:53:51,11.33,-0.01,99,112167,卖盘
1050,13:53:48,11.34,-0.01,6,6804,卖盘
1051,13:53:45,11.35,0.01,24,27240,买盘
1052,13:53:42,11.34,--,50,56700,卖盘
1053,13:53:39,11.34,-0.01,1,1134,卖盘
1054,13:53:36,11.35,--,4,4540,买盘
1055,13:53:33,11.35,0.01,1,1135,买盘
1056,13:53:30,11.34,-0.01,1,1134,卖盘
1057,13:53:24,11.35,0.01,10,11350,买盘
1058,13:53:18,11.34,--,30,34020,卖盘
1059,13:53:15,11.34,--,1,1134,卖盘
1060,13:53:12,11.34,-0.01,6,6804,卖盘
1061,13:53:06,11.35,0.01,2,2270,买盘
1062,13:53:03,11.34,--,9,10206,卖盘
1063,13:53:00,11.34,--,14,15876,卖盘
1064,13:52:57,11.34,--,50,56700,卖盘
1065,13:52:54,11.34,--,2,2268,卖盘
1066,13:52:51,11.34,--,76,86184,卖盘
1067,13:52:48,11.34,-0.01,1,1134,卖盘
1068,13:52:45,11.35,0.01,2,2270,买盘
1069,13:52:42,11.34,--,20,22680,卖盘
1070,13:52:39,11.34,-0.01,1,1134,卖盘
1071,13:52:36,11.35,0.01,10,11350,买盘
1072,13:52:33,11.34,--,131,148554,买盘
1073,13:52:24,11.34,0.01,3,3402,买盘
1074,13:52:21,11.33,--,3,4033,卖盘
1075,13:52:18,11.33,-0.02,1,1133,卖盘
1076,13:52:06,11.35,0.02,11,12485,买盘
1077,13:52:03,11.33,-0.02,1,1133,卖盘
1078,13:51:54,11.35,0.02,27,30645,买盘
1079,13:51:51,11.33,-0.01,62,70246,卖盘
1080,13:51:48,11.34,-0.01,1,1134,卖盘
1081,13:51:45,11.35,0.01,16,18160,买盘
1082,13:51:42,11.34,--,24,27216,卖盘
1083,13:51:39,11.34,--,1,1134,卖盘
1084,13:51:36,11.34,-0.01,6,6804,卖盘
1085,13:51:33,11.35,--,5,5675,买盘
1086,13:51:30,11.35,0.01,6,6810,买盘
1087,13:51:27,11.34,-0.01,9,10206,卖盘
1088,13:51:24,11.35,0.01,4,4540,买盘
1089,13:51:21,11.34,-0.01,24,27216,卖盘
1090,13:51:18,11.35,--,10,11350,买盘
1091,13:51:06,11.35,--,2,2270,买盘
1092,13:50:57,11.35,0.01,46,52210,买盘
1093,13:50:54,11.34,-0.01,5,5670,买盘
1094,13:50:51,11.35,0.01,86,97610,买盘
1095,13:50:48,11.34,--,38,43092,卖盘
1096,13:50:45,11.34,-0.01,1,1134,卖盘
1097,13:50:42,11.35,0.01,31,35185,买盘
1098,13:50:39,11.34,--,10,11340,卖盘
1099,13:50:33,11.34,--,20,22680,卖盘
1100,13:50:30,11.34,-0.01,4,4536,卖盘
1101,13:50:24,11.35,0.01,2,2270,买盘
1102,13:50:21,11.34,--,108,122472,买盘
1103,13:50:18,11.34,--,11,12474,买盘
1104,13:50:12,11.34,0.01,138,156492,买盘
1105,13:50:09,11.33,--,19,21527,卖盘
1106,13:50:00,11.33,--,6,6798,卖盘
1107,13:49:57,11.33,--,23,26059,卖盘
1108,13:49:54,11.33,--,1,1133,卖盘
1109,13:49:51,11.33,--,77,87241,卖盘
1110,13:49:48,11.33,-0.01,4,4532,卖盘
1111,13:49:45,11.34,--,12,13608,买盘
1112,13:49:42,11.34,--,30,34020,买盘
1113,13:49:39,11.34,--,101,114534,买盘
1114,13:49:30,11.34,--,119,134946,买盘
1115,13:49:27,11.34,--,6,6804,买盘
1116,13:49:24,11.34,0.01,17,19278,买盘
1117,13:49:21,11.33,-0.01,20,22660,卖盘
1118,13:49:15,11.34,0.01,54,61236,买盘
1119,13:49:12,11.33,--,162,183546,卖盘
1120,13:49:09,11.33,--,6,6798,卖盘
1121,13:49:06,11.33,--,7,7931,卖盘
1122,13:49:03,11.33,--,1,1133,卖盘
1123,13:49:00,11.33,--,112,127598,买盘
1124,13:48:57,11.33,--,50,56650,卖盘
1125,13:48:54,11.33,-0.01,3,3399,买盘
1126,13:48:51,11.34,--,98,111132,买盘
1127,13:48:48,11.34,--,228,258552,买盘
1128,13:48:45,11.34,--,12,13608,买盘
1129,13:48:42,11.34,--,23,26082,买盘
1130,13:48:39,11.34,0.01,22,24948,买盘
1131,13:48:36,11.33,-0.01,29,32857,卖盘
1132,13:48:33,11.34,0.01,109,123606,买盘
1133,13:48:30,11.33,--,5,5665,卖盘
1134,13:48:21,11.33,--,31,35123,卖盘
1135,13:48:18,11.33,-0.01,60,67980,卖盘
1136,13:48:12,11.34,0.01,11,12474,买盘
1137,13:48:09,11.33,--,117,132561,买盘
1138,13:48:06,11.33,--,47,53251,买盘
1139,13:48:03,11.33,0.01,17,19261,买盘
1140,13:48:00,11.32,-0.01,36,40752,卖盘
1141,13:47:57,11.33,--,71,80443,买盘
1142,13:47:54,11.33,0.01,65,73645,买盘
1143,13:47:51,11.32,-0.01,96,108672,卖盘
1144,13:47:48,11.33,0.01,62,70246,买盘
1145,13:47:45,11.32,-0.01,21,23772,卖盘
1146,13:47:39,11.33,0.01,11,12463,买盘
1147,13:47:36,11.32,--,30,33960,卖盘
1148,13:47:33,11.32,-0.01,21,23772,卖盘
1149,13:47:30,11.33,0.01,4,4532,买盘
1150,13:47:27,11.32,-0.01,20,22640,卖盘
1151,13:47:15,11.33,--,5,5665,买盘
1152,13:47:09,11.33,--,4,4532,买盘
1153,13:47:06,11.33,--,3,3399,买盘
1154,13:47:03,11.33,--,20,22660,买盘
1155,13:47:00,11.33,--,1,1133,卖盘
1156,13:46:57,11.33,-0.01,52,58916,卖盘
1157,13:46:54,11.34,0.01,43,48762,买盘
1158,13:46:51,11.33,--,133,150689,卖盘
1159,13:46:48,11.33,-0.01,14,15862,卖盘
1160,13:46:45,11.34,0.01,41,46494,买盘
1161,13:46:42,11.33,--,30,33990,卖盘
1162,13:46:39,11.33,--,42,47586,卖盘
1163,13:46:36,11.33,--,2,2266,卖盘
1164,13:46:33,11.33,--,61,69113,卖盘
1165,13:46:30,11.33,-0.01,157,177881,卖盘
1166,13:46:27,11.34,0.01,115,130410,买盘
1167,13:46:24,11.33,--,21,23793,卖盘
1168,13:46:18,11.33,--,23,26059,卖盘
1169,13:46:15,11.33,-0.01,4,4532,卖盘
1170,13:46:06,11.34,--,11,12474,买盘
1171,13:46:03,11.34,0.01,1,1134,买盘
1172,13:46:00,11.33,-0.01,5,5665,卖盘
1173,13:45:57,11.34,0.01,11,12474,买盘
1174,13:45:51,11.33,--,77,87241,卖盘
1175,13:45:48,11.33,--,36,40788,卖盘
1176,13:45:45,11.33,-0.01,1,1133,卖盘
1177,13:45:39,11.34,--,79,89586,卖盘
1178,13:45:36,11.34,--,35,39690,卖盘
1179,13:45:33,11.34,--,80,90720,卖盘
1180,13:45:30,11.34,-0.01,40,45360,卖盘
1181,13:45:24,11.35,0.01,18,20430,买盘
1182,13:45:21,11.34,--,68,77112,卖盘
1183,13:45:18,11.34,--,11,12474,卖盘
1184,13:45:09,11.34,--,90,102060,卖盘
1185,13:45:06,11.34,-0.01,40,45360,卖盘
1186,13:45:03,11.35,0.01,15,17025,买盘
1187,13:44:57,11.34,-0.01,50,56700,卖盘
1188,13:44:54,11.35,0.01,1,1135,买盘
1189,13:44:51,11.34,-0.01,77,87318,卖盘
1190,13:44:45,11.35,0.01,2,2270,买盘
1191,13:44:42,11.34,-0.01,3,3402,卖盘
1192,13:44:39,11.35,--,5,5675,买盘
1193,13:44:33,11.35,0.01,66,74910,买盘
1194,13:44:30,11.34,--,20,22680,卖盘
1195,13:44:27,11.34,-0.01,10,11340,卖盘
1196,13:44:24,11.35,0.01,1,1135,买盘
1197,13:44:21,11.34,--,3,3402,卖盘
1198,13:44:18,11.34,-0.01,29,32886,卖盘
1199,13:44:15,11.35,0.01,1,1135,买盘
1200,13:44:09,11.34,-0.01,20,22680,卖盘
1201,13:44:06,11.35,--,1,1135,买盘
1202,13:44:03,11.35,0.01,21,23835,买盘
1203,13:43:57,11.34,--,43,48762,卖盘
1204,13:43:54,11.34,--,7,7938,卖盘
1205,13:43:51,11.34,--,163,184842,卖盘
1206,13:43:48,11.34,-0.01,20,22680,卖盘
1207,13:43:45,11.35,--,2,2270,买盘
1208,13:43:42,11.35,0.01,14,15890,买盘
1209,13:43:39,11.34,--,1,1134,卖盘
1210,13:43:36,11.34,-0.01,108,122472,卖盘
1211,13:43:33,11.35,0.01,80,90800,买盘
1212,13:43:27,11.34,-0.01,16,18144,卖盘
1213,13:43:18,11.35,--,149,169387,卖盘
1214,13:43:15,11.35,--,28,31780,卖盘
1215,13:43:09,11.35,--,27,30645,卖盘
1216,13:43:06,11.35,--,85,96475,卖盘
1217,13:43:03,11.35,--,133,150955,卖盘
1218,13:43:00,11.35,--,46,52210,卖盘
1219,13:42:57,11.35,--,19,21565,卖盘
1220,13:42:54,11.35,--,7,7945,卖盘
1221,13:42:51,11.35,--,83,94205,卖盘
1222,13:42:48,11.35,-0.01,32,36320,卖盘
1223,13:42:45,11.36,0.01,36,40896,买盘
1224,13:42:42,11.35,--,33,37455,卖盘
1225,13:42:39,11.35,--,145,164575,卖盘
1226,13:42:33,11.35,--,56,63560,卖盘
1227,13:42:30,11.35,-0.01,11,12485,卖盘
1228,13:42:27,11.36,--,4,4544,买盘
1229,13:42:24,11.36,--,3,3408,买盘
1230,13:42:18,11.36,--,50,56800,买盘
1231,13:42:15,11.36,--,144,163584,买盘
1232,13:42:12,11.36,--,70,79520,买盘
1233,13:42:06,11.36,0.01,157,178352,买盘
1234,13:42:03,11.35,--,16,18160,卖盘
1235,13:42:00,11.35,-0.01,111,125985,卖盘
1236,13:41:57,11.36,0.01,21,23856,买盘
1237,13:41:54,11.35,--,63,71505,卖盘
1238,13:41:51,11.35,--,111,125985,卖盘
1239,13:41:48,11.35,--,21,23835,卖盘
1240,13:41:45,11.35,-0.01,1,1135,卖盘
1241,13:41:42,11.36,0.01,15,17040,买盘
1242,13:41:39,11.35,-0.01,19,21565,卖盘
1243,13:41:36,11.36,--,15,17040,买盘
1244,13:41:33,11.36,0.01,5,5680,买盘
1245,13:41:30,11.35,-0.01,11,12485,卖盘
1246,13:41:24,11.36,--,24,27264,买盘
1247,13:41:21,11.36,0.01,1,1136,买盘
1248,13:41:18,11.35,--,14,15890,卖盘
1249,13:41:12,11.35,--,2,2270,卖盘
1250,13:41:09,11.35,-0.01,31,35185,卖盘
1251,13:41:06,11.36,0.01,11,12496,买盘
1252,13:41:03,11.35,--,158,179330,卖盘
1253,13:41:00,11.35,-0.01,12,13620,卖盘
1254,13:40:57,11.36,0.01,1,1136,买盘
1255,13:40:54,11.35,--,31,35185,卖盘
1256,13:40:51,11.35,--,76,86260,卖盘
1257,13:40:48,11.35,--,1,1135,卖盘
1258,13:40:45,11.35,--,4,4540,卖盘
1259,13:40:42,11.35,--,106,120310,卖盘
1260,13:40:39,11.35,--,10,11350,卖盘
1261,13:40:36,11.35,-0.01,19,21565,卖盘
1262,13:40:33,11.36,0.01,46,52256,买盘
1263,13:40:30,11.35,--,31,35185,卖盘
1264,13:40:27,11.35,-0.01,11,12485,卖盘
1265,13:40:24,11.36,--,40,45440,买盘
1266,13:40:15,11.36,--,1,1136,买盘
1267,13:40:12,11.36,0.01,138,156768,买盘
1268,13:40:09,11.35,-0.01,5,5675,卖盘
1269,13:40:06,11.36,0.01,35,39760,买盘
1270,13:40:00,11.35,-0.01,11,12485,卖盘
1271,13:39:57,11.36,--,29,32944,买盘
1272,13:39:54,11.36,0.01,65,73840,买盘
1273,13:39:51,11.35,--,76,86260,卖盘
1274,13:39:48,11.35,-0.01,1,1135,卖盘
1275,13:39:45,11.36,--,11,12496,买盘
1276,13:39:42,11.36,--,20,22720,买盘
1277,13:39:39,11.36,0.01,11,12496,买盘
1278,13:39:36,11.35,-0.01,11,12485,卖盘
1279,13:39:33,11.36,--,21,23856,买盘
1280,13:39:30,11.36,--,32,36352,买盘
1281,13:39:27,11.36,--,5,5680,买盘
1282,13:39:24,11.36,--,30,34080,买盘
1283,13:39:21,11.36,0.01,1,1136,买盘
1284,13:39:18,11.35,--,40,45400,卖盘
1285,13:39:15,11.35,-0.01,510,578850,卖盘
1286,13:39:12,11.36,--,10,11360,买盘
1287,13:39:09,11.36,--,6,6816,买盘
1288,13:39:06,11.36,--,1,1136,买盘
1289,13:39:03,11.36,0.01,2,2272,买盘
1290,13:39:00,11.35,--,82,93932,买盘
1291,13:38:57,11.35,0.01,30,34050,买盘
1292,13:38:54,11.34,--,170,192780,卖盘
1293,13:38:51,11.34,--,889,1008126,卖盘
1294,13:38:48,11.34,-0.01,1,1134,卖盘
1295,13:38:45,11.35,--,86,97610,买盘
1296,13:38:42,11.35,--,50,56750,买盘
1297,13:38:39,11.35,0.01,19,21565,买盘
1298,13:38:36,11.34,-0.01,82,92988,卖盘
1299,13:38:33,11.35,0.01,1731,1964685,买盘
1300,13:38:30,11.34,--,20,22680,卖盘
1301,13:38:24,11.34,--,86,97524,卖盘
1302,13:38:18,11.34,-0.01,8,9072,卖盘
1303,13:38:15,11.35,0.01,13,14755,买盘
1304,13:38:12,11.34,-0.01,22,24948,卖盘
1305,13:38:06,11.35,0.01,3,3405,买盘
1306,13:38:03,11.34,--,180,204120,买盘
1307,13:37:57,11.34,0.01,130,147420,买盘
1308,13:37:51,11.33,--,80,90640,卖盘
1309,13:37:48,11.33,-0.01,17,19261,卖盘
1310,13:37:45,11.34,--,13,14742,买盘
1311,13:37:39,11.34,0.01,77,87318,买盘
1312,13:37:36,11.33,-0.01,6,6798,卖盘
1313,13:37:33,11.34,0.01,3,3402,买盘
1314,13:37:30,11.33,-0.01,32,36256,卖盘
1315,13:37:27,11.34,0.01,15,17010,买盘
1316,13:37:24,11.33,--,34,38522,卖盘
1317,13:37:21,11.33,-0.01,1,1133,卖盘
1318,13:37:18,11.34,0.01,321,364014,买盘
1319,13:37:15,11.33,-0.01,6,6798,卖盘
1320,13:37:12,11.34,0.01,14,15876,买盘
1321,13:37:06,11.33,-0.01,16,18128,卖盘
1322,13:37:00,11.34,0.01,22,24948,买盘
1323,13:36:57,11.33,-0.01,3,3399,卖盘
1324,13:36:54,11.34,0.01,16,18144,买盘
1325,13:36:51,11.33,--,74,83842,卖盘
1326,13:36:48,11.33,--,1,1133,卖盘
1327,13:36:45,11.33,--,8,9064,卖盘
1328,13:36:42,11.33,--,109,123497,买盘
1329,13:36:39,11.33,--,65,73645,买盘
1330,13:36:36,11.33,--,10,11330,买盘
1331,13:36:33,11.33,0.01,100,113300,买盘
1332,13:36:30,11.32,-0.01,19,21508,卖盘
1333,13:36:27,11.33,-0.01,47,53251,卖盘
1334,13:36:24,11.34,--,9,10206,买盘
1335,13:36:15,11.34,0.02,2,2268,买盘
1336,13:36:12,11.32,--,19,21508,卖盘
1337,13:36:06,11.32,-0.02,25,28300,卖盘
1338,13:36:03,11.34,0.01,500,567000,买盘
1339,13:35:57,11.33,-0.01,38,43054,中性盘
1340,13:35:51,11.34,0.01,417,472878,买盘
1341,13:35:48,11.33,--,11,12463,卖盘
1342,13:35:45,11.33,--,1,1133,卖盘
1343,13:35:42,11.33,--,171,193743,买盘
1344,13:35:36,11.33,--,64,72512,买盘
1345,13:35:33,11.33,--,2,2266,买盘
1346,13:35:30,11.33,--,29,32857,买盘
1347,13:35:24,11.33,0.01,3,3399,买盘
1348,13:35:15,11.32,-0.01,11,12452,卖盘
1349,13:35:12,11.33,0.01,27,30591,买盘
1350,13:35:06,11.32,-0.01,11,12452,卖盘
1351,13:35:03,11.33,--,50,56650,买盘
1352,13:35:00,11.33,0.01,130,147290,买盘
1353,13:34:57,11.32,-0.01,11,12452,卖盘
1354,13:34:54,11.33,--,100,113300,买盘
1355,13:34:51,11.33,--,94,106502,买盘
1356,13:34:48,11.33,--,23,26059,买盘
1357,13:34:45,11.33,--,30,33990,买盘
1358,13:34:42,11.33,0.01,2,2266,买盘
1359,13:34:39,11.32,-0.01,19,21508,卖盘
1360,13:34:36,11.33,--,27,30591,买盘
1361,13:34:33,11.33,--,200,226600,买盘
1362,13:34:27,11.33,--,11,12463,买盘
1363,13:34:24,11.33,--,1,1133,买盘
1364,13:34:18,11.33,--,11,12463,买盘
1365,13:34:15,11.33,--,80,90640,买盘
1366,13:34:12,11.33,--,19,21527,买盘
1367,13:34:09,11.33,0.01,9,10197,买盘
1368,13:34:03,11.32,-0.01,30,33960,卖盘
1369,13:34:00,11.33,0.01,1,1133,买盘
1370,13:33:51,11.32,--,63,71316,卖盘
1371,13:33:48,11.32,-0.01,1,1132,卖盘
1372,13:33:45,11.33,0.01,65,73645,买盘
1373,13:33:42,11.32,--,4,4528,卖盘
1374,13:33:39,11.32,--,13,14716,卖盘
1375,13:33:33,11.32,--,2,2264,卖盘
1376,13:33:27,11.32,-0.01,32,36224,卖盘
1377,13:33:24,11.33,--,22,24926,买盘
1378,13:33:15,11.33,0.01,4,4532,买盘
1379,13:33:09,11.32,--,6,6792,卖盘
1380,13:33:06,11.32,--,8,9056,卖盘
1381,13:33:03,11.32,--,10,11320,买盘
1382,13:33:00,11.32,--,95,107540,买盘
1383,13:32:54,11.32,--,56,63392,买盘
1384,13:32:51,11.32,--,954,1079928,卖盘
1385,13:32:48,11.32,--,23,26036,卖盘
1386,13:32:45,11.32,--,36,40752,卖盘
1387,13:32:42,11.32,-0.01,11,12452,卖盘
1388,13:32:39,11.33,--,272,308176,卖盘
1389,13:32:36,11.33,--,11,12463,卖盘
1390,13:32:33,11.33,-0.01,21,23793,卖盘
1391,13:32:27,11.34,0.01,20,22680,买盘
1392,13:32:24,11.33,--,20,22660,卖盘
1393,13:32:21,11.33,--,4,4532,卖盘
1394,13:32:15,11.33,--,19,21527,卖盘
1395,13:32:12,11.33,--,3,3399,卖盘
1396,13:32:09,11.33,-0.01,100,113300,卖盘
1397,13:32:06,11.34,0.02,29,32886,买盘
1398,13:32:03,11.32,-0.01,85,96220,卖盘
1399,13:32:00,11.33,--,16,18128,卖盘
1400,13:31:57,11.33,--,30,33990,买盘
1401,13:31:54,11.33,0.01,51,57783,买盘
1402,13:31:51,11.32,--,78,88296,卖盘
1403,13:31:48,11.32,--,701,793532,卖盘
1404,13:31:45,11.32,--,36,40752,卖盘
1405,13:31:42,11.32,-0.01,10,11320,卖盘
1406,13:31:39,11.33,--,9,10197,买盘
1407,13:31:36,11.33,--,4,4532,买盘
1408,13:31:33,11.33,0.01,105,118965,买盘
1409,13:31:30,11.32,--,9,10188,卖盘
1410,13:31:27,11.32,-0.01,309,349788,卖盘
1411,13:31:24,11.33,0.01,1,1133,买盘
1412,13:31:18,11.32,-0.01,2,2264,卖盘
1413,13:31:15,11.33,0.01,6,6798,买盘
1414,13:31:06,11.32,--,19,21508,卖盘
1415,13:31:03,11.32,-0.01,19,21508,卖盘
1416,13:31:00,11.33,0.01,1,1133,买盘
1417,13:30:57,11.32,--,33,37356,卖盘
1418,13:30:54,11.32,--,10,11320,卖盘
1419,13:30:51,11.32,--,82,92824,卖盘
1420,13:30:48,11.32,--,32,36224,卖盘
1421,13:30:45,11.32,-0.01,53,59996,卖盘
1422,13:30:42,11.33,0.01,3,3399,买盘
1423,13:30:39,11.32,-0.01,2,2264,卖盘
1424,13:30:36,11.33,--,238,269654,买盘
1425,13:30:30,11.33,--,21,23793,买盘
1426,13:30:24,11.33,--,6,6798,买盘
1427,13:30:21,11.33,0.01,11,12463,买盘
1428,13:30:18,11.32,-0.01,30,33960,卖盘
1429,13:30:15,11.33,--,87,98571,买盘
1430,13:30:12,11.33,--,1,1133,买盘
1431,13:30:06,11.33,--,22,24926,买盘
1432,13:30:00,11.33,0.01,1,1133,买盘
1433,13:29:57,11.32,-0.01,31,35092,卖盘
1434,13:29:51,11.33,--,111,125763,买盘
1435,13:29:48,11.33,--,86,97438,买盘
1436,13:29:45,11.33,--,2,2266,买盘
1437,13:29:39,11.33,0.01,1,1133,买盘
1438,13:29:27,11.32,-0.01,100,113200,卖盘
1439,13:29:24,11.33,0.01,1,1133,买盘
1440,13:29:21,11.32,--,47,53204,卖盘
1441,13:29:18,11.32,--,1,1132,卖盘
1442,13:29:12,11.32,--,18,20376,卖盘
1443,13:29:03,11.32,--,38,43016,卖盘
1444,13:29:00,11.32,--,21,23772,卖盘
1445,13:28:57,11.32,--,29,32828,卖盘
1446,13:28:54,11.32,-0.01,14,15848,卖盘
1447,13:28:51,11.33,0.01,201,227733,买盘
1448,13:28:48,11.32,-0.01,6,6792,卖盘
1449,13:28:45,11.33,0.01,8,9064,买盘
1450,13:28:42,11.32,-0.01,19,21508,卖盘
1451,13:28:33,11.33,0.01,1,1133,买盘
1452,13:28:30,11.32,--,34,38488,卖盘
1453,13:28:24,11.32,-0.01,24,27168,卖盘
1454,13:28:15,11.33,0.01,51,57783,买盘
1455,13:28:12,11.32,--,17,19244,卖盘
1456,13:28:06,11.32,--,55,62260,卖盘
1457,13:28:03,11.32,--,1,1132,卖盘
1458,13:28:00,11.32,-0.01,60,67920,卖盘
1459,13:27:57,11.33,0.01,10,11330,买盘
1460,13:27:54,11.32,--,70,79240,卖盘
1461,13:27:51,11.32,--,71,80372,卖盘
1462,13:27:48,11.32,-0.01,84,95088,卖盘
1463,13:27:45,11.33,--,2,2266,买盘
1464,13:27:33,11.33,0.01,5,5665,买盘
1465,13:27:30,11.32,-0.01,49,55468,卖盘
1466,13:27:24,11.33,--,430,487190,卖盘
1467,13:27:15,11.33,--,20,22660,卖盘
1468,13:27:09,11.33,--,10,11330,卖盘
1469,13:27:06,11.33,--,29,32857,卖盘
1470,13:27:03,11.33,--,2,2266,卖盘
1471,13:26:57,11.33,--,6,6798,卖盘
1472,13:26:51,11.33,--,84,95172,卖盘
1473,13:26:48,11.33,-0.01,1,1133,卖盘
1474,13:26:45,11.34,--,35,39690,买盘
1475,13:26:39,11.34,0.01,15,17010,买盘
1476,13:26:36,11.33,-0.01,10,11330,卖盘
1477,13:26:33,11.34,--,3,3402,买盘
1478,13:26:30,11.34,0.01,27,30618,买盘
1479,13:26:27,11.33,--,13,14729,卖盘
1480,13:26:24,11.33,-0.01,18,20394,卖盘
1481,13:26:21,11.34,0.01,66,74844,买盘
1482,13:26:18,11.33,-0.01,23,26059,卖盘
1483,13:26:15,11.34,--,2,2268,买盘
1484,13:26:09,11.34,--,149,168966,买盘
1485,13:26:06,11.34,0.01,1,1134,买盘
1486,13:25:54,11.33,-0.01,44,49852,卖盘
1487,13:25:51,11.34,--,790,895860,卖盘
1488,13:25:48,11.34,-0.01,33,37422,卖盘
1489,13:25:45,11.35,--,23,26105,买盘
1490,13:25:42,11.35,0.01,100,113500,买盘
1491,13:25:39,11.34,--,20,22680,卖盘
1492,13:25:36,11.34,--,5,5670,卖盘
1493,13:25:30,11.34,-0.01,34,38556,卖盘
1494,13:25:24,11.35,0.01,28,31780,买盘
1495,13:25:21,11.34,--,58,65772,卖盘
1496,13:25:18,11.34,-0.01,1,1134,卖盘
1497,13:25:15,11.35,--,22,24970,买盘
1498,13:25:12,11.35,--,1,1135,买盘
1499,13:25:09,11.35,0.01,73,82855,买盘
1500,13:25:06,11.34,--,29,32886,卖盘
1501,13:25:03,11.34,--,10,11340,卖盘
1502,13:25:00,11.34,-0.01,37,41958,卖盘
1503,13:24:57,11.35,--,11,12485,买盘
1504,13:24:54,11.35,0.01,102,115770,买盘
1505,13:24:51,11.34,--,71,80514,卖盘
1506,13:24:48,11.34,-0.01,23,26082,卖盘
1507,13:24:45,11.35,--,4,4540,买盘
1508,13:24:42,11.35,0.01,53,60155,买盘
1509,13:24:36,11.34,-0.01,38,43092,卖盘
1510,13:24:33,11.35,0.01,2,2270,买盘
1511,13:24:30,11.34,-0.01,11,12474,卖盘
1512,13:24:24,11.35,--,45,51075,买盘
1513,13:24:21,11.35,--,26,29510,买盘
1514,13:24:12,11.35,0.01,9,10215,买盘
1515,13:24:09,11.34,-0.01,22,24948,卖盘
1516,13:24:06,11.35,--,17,19295,买盘
1517,13:24:03,11.35,0.01,9,10215,买盘
1518,13:24:00,11.34,--,11,12474,卖盘
1519,13:23:57,11.34,-0.01,32,36288,卖盘
1520,13:23:54,11.35,0.01,228,258780,买盘
1521,13:23:51,11.34,--,70,79380,卖盘
1522,13:23:48,11.34,-0.01,1,1134,卖盘
1523,13:23:45,11.35,--,26,29510,买盘
1524,13:23:42,11.35,0.01,2,2270,买盘
1525,13:23:33,11.34,--,120,136080,卖盘
1526,13:23:30,11.34,0.01,441,500094,买盘
1527,13:23:27,11.33,--,17,19261,卖盘
1528,13:23:24,11.33,-0.01,18,20394,卖盘
1529,13:23:21,11.34,--,21,23814,买盘
1530,13:23:12,11.34,--,34,38556,买盘
1531,13:23:06,11.34,--,1,1134,买盘
1532,13:23:03,11.34,--,22,24948,买盘
1533,13:23:00,11.34,0.01,17,19278,买盘
1534,13:22:57,11.33,-0.01,58,65714,卖盘
1535,13:22:54,11.34,--,180,204120,卖盘
1536,13:22:51,11.34,--,55,62370,卖盘
1537,13:22:48,11.34,-0.01,45,51030,卖盘
1538,13:22:45,11.35,0.01,31,35185,买盘
1539,13:22:42,11.34,--,139,157626,卖盘
1540,13:22:39,11.34,--,17,19278,卖盘
1541,13:22:33,11.34,--,9,10206,卖盘
1542,13:22:30,11.34,--,174,197316,卖盘
1543,13:22:27,11.34,--,16,18144,卖盘
1544,13:22:24,11.34,-0.01,1,1134,卖盘
1545,13:22:21,11.35,0.01,59,66965,买盘
1546,13:22:18,11.34,--,9,10206,卖盘
1547,13:22:15,11.34,-0.01,18,20412,卖盘
1548,13:22:12,11.35,0.01,5,5675,买盘
1549,13:22:09,11.34,-0.01,48,54432,卖盘
1550,13:22:06,11.35,0.01,1,1135,买盘
1551,13:22:00,11.34,-0.01,11,12474,卖盘
1552,13:21:57,11.35,0.01,20,22700,买盘
1553,13:21:51,11.34,--,46,52164,卖盘
1554,13:21:48,11.34,--,22,24948,卖盘
1555,13:21:39,11.34,--,20,22680,卖盘
1556,13:21:36,11.34,--,19,21546,卖盘
1557,13:21:30,11.34,--,11,12474,卖盘
1558,13:21:27,11.34,-0.01,45,51030,卖盘
1559,13:21:24,11.35,--,91,103285,买盘
1560,13:21:18,11.35,0.01,20,22700,买盘
1561,13:21:15,11.34,-0.01,18,20412,卖盘
1562,13:21:12,11.35,0.01,10,11350,买盘
1563,13:21:09,11.34,-0.01,150,170100,卖盘
1564,13:21:06,11.35,0.01,2,2270,买盘
1565,13:21:00,11.34,--,32,36288,卖盘
1566,13:20:57,11.34,--,45,51030,卖盘
1567,13:20:54,11.34,--,68,77112,卖盘
1568,13:20:51,11.34,--,119,134946,卖盘
1569,13:20:48,11.34,--,1,1134,卖盘
1570,13:20:45,11.34,-0.01,262,297108,卖盘
1571,13:20:42,11.35,0.01,12,13620,买盘
1572,13:20:36,11.34,-0.01,4,4536,卖盘
1573,13:20:33,11.35,0.01,58,65830,买盘
1574,13:20:30,11.34,-0.01,49,55566,卖盘
1575,13:20:24,11.35,0.01,139,157765,买盘
1576,13:20:12,11.34,-0.01,20,22680,卖盘
1577,13:20:09,11.35,--,30,34050,买盘
1578,13:20:06,11.35,--,8,9080,买盘
1579,13:20:03,11.35,0.01,23,26105,买盘
1580,13:20:00,11.34,--,11,12474,卖盘
1581,13:19:57,11.34,--,15,17010,卖盘
1582,13:19:51,11.34,--,78,88452,卖盘
1583,13:19:48,11.34,-0.01,26,29484,卖盘
1584,13:19:45,11.35,--,1,1135,买盘
1585,13:19:42,11.35,--,2,2270,买盘
1586,13:19:39,11.35,0.01,2,2270,买盘
1587,13:19:36,11.34,-0.01,4,4536,卖盘
1588,13:19:33,11.35,0.01,100,113500,买盘
1589,13:19:30,11.34,-0.01,11,12474,卖盘
1590,13:19:24,11.35,0.01,6,6810,买盘
1591,13:19:21,11.34,--,131,148554,卖盘
1592,13:19:18,11.34,--,39,44226,卖盘
1593,13:19:15,11.34,-0.01,6,6804,卖盘
1594,13:19:12,11.35,0.01,443,502805,买盘
1595,13:19:06,11.34,-0.01,81,91854,卖盘
1596,13:19:03,11.35,0.01,60,68100,买盘
1597,13:19:00,11.34,-0.01,50,56700,卖盘
1598,13:18:57,11.35,0.01,21,23835,买盘
1599,13:18:54,11.34,-0.01,26,29484,卖盘
1600,13:18:51,11.35,0.01,79,89665,买盘
1601,13:18:48,11.34,-0.01,45,51030,卖盘
1602,13:18:45,11.35,0.02,35,39725,买盘
1603,13:18:39,11.33,-0.02,68,77044,卖盘
1604,13:18:30,11.35,0.01,45,51075,买盘
1605,13:18:27,11.34,--,31,35154,买盘
1606,13:18:24,11.34,--,210,238140,买盘
1607,13:18:21,11.34,0.01,2,2268,买盘
1608,13:18:18,11.33,-0.01,50,56650,卖盘
1609,13:18:15,11.34,--,30,34020,买盘
1610,13:18:12,11.34,--,13,14742,买盘
1611,13:18:09,11.34,--,67,75978,买盘
1612,13:18:06,11.34,--,2,2268,买盘
1613,13:18:03,11.34,--,161,182574,买盘
1614,13:17:57,11.34,--,19,21546,买盘
1615,13:17:54,11.34,--,77,87318,买盘
1616,13:17:51,11.34,0.01,357,404838,买盘
1617,13:17:48,11.33,-0.01,722,818026,卖盘
1618,13:17:45,11.34,0.01,1,1134,买盘
1619,13:17:42,11.33,-0.01,34,38522,卖盘
1620,13:17:39,11.34,--,15,17010,买盘
1621,13:17:33,11.34,--,39,44226,买盘
1622,13:17:27,11.34,--,5,5670,买盘
1623,13:17:18,11.34,--,112,127008,买盘
1624,13:17:06,11.34,0.01,147,166698,买盘
1625,13:17:00,11.33,--,511,578963,卖盘
1626,13:16:57,11.33,--,19,21527,卖盘
1627,13:16:54,11.33,-0.01,30,33990,卖盘
1628,13:16:51,11.34,0.01,57,64638,买盘
1629,13:16:48,11.33,-0.01,58,65714,卖盘
1630,13:16:42,11.34,0.01,15,17010,买盘
1631,13:16:39,11.33,-0.01,3,3399,卖盘
1632,13:16:36,11.34,--,251,284634,买盘
1633,13:16:33,11.34,0.01,17,19278,买盘
1634,13:16:30,11.33,-0.01,21,23793,卖盘
1635,13:16:27,11.34,--,50,56700,买盘
1636,13:16:24,11.34,--,21,23814,买盘
1637,13:16:21,11.34,0.01,3,3402,买盘
1638,13:16:18,11.33,-0.01,29,32857,卖盘
1639,13:16:15,11.34,0.01,31,35154,买盘
1640,13:16:09,11.33,-0.01,20,22660,卖盘
1641,13:16:06,11.34,0.01,30,34020,买盘
1642,13:16:03,11.33,--,2,2266,卖盘
1643,13:16:00,11.33,--,96,108768,买盘
1644,13:15:57,11.33,--,205,232265,买盘
1645,13:15:54,11.33,0.01,5,5665,买盘
1646,13:15:51,11.32,--,38,43016,卖盘
1647,13:15:48,11.32,-0.01,98,110936,卖盘
1648,13:15:45,11.33,0.01,10,11330,买盘
1649,13:15:42,11.32,-0.01,31,35092,卖盘
1650,13:15:39,11.33,--,253,286649,买盘
1651,13:15:33,11.33,--,43,48719,买盘
1652,13:15:30,11.33,--,35,39655,买盘
1653,13:15:24,11.33,--,4,4532,买盘
1654,13:15:09,11.33,--,34,38522,买盘
1655,13:15:06,11.33,--,1,1133,买盘
1656,13:15:03,11.33,0.01,2,2266,买盘
1657,13:15:00,11.32,--,252,285264,卖盘
1658,13:14:57,11.32,-0.01,30,33960,卖盘
1659,13:14:54,11.33,0.01,312,353496,买盘
1660,13:14:51,11.32,--,32,36224,卖盘
1661,13:14:48,11.32,-0.01,70,79240,卖盘
1662,13:14:45,11.33,0.01,18,20394,买盘
1663,13:14:39,11.32,-0.01,20,22640,卖盘
1664,13:14:33,11.33,--,2,2266,买盘
1665,13:14:30,11.33,--,20,22660,买盘
1666,13:14:24,11.33,--,1,1133,买盘
1667,13:14:18,11.33,0.01,10,11330,买盘
1668,13:14:15,11.32,--,18,20376,卖盘
1669,13:14:12,11.32,-0.01,5,5660,卖盘
1670,13:14:09,11.33,--,15,16995,买盘
1671,13:14:06,11.33,0.01,21,23793,买盘
1672,13:13:54,11.32,--,51,57732,卖盘
1673,13:13:51,11.32,--,52,58864,卖盘
1674,13:13:48,11.32,-0.01,40,45280,卖盘
1675,13:13:45,11.33,--,12,13596,买盘
1676,13:13:39,11.33,0.01,19,21527,买盘
1677,13:13:36,11.32,-0.01,17,19244,卖盘
1678,13:13:30,11.33,--,24,27192,买盘
1679,13:13:15,11.33,0.01,37,41921,买盘
1680,13:13:12,11.32,-0.01,31,35092,卖盘
1681,13:13:09,11.33,--,1,1133,买盘
1682,13:13:06,11.33,--,20,22660,买盘
1683,13:13:03,11.33,--,12,13596,买盘
1684,13:12:57,11.33,--,5,5665,买盘
1685,13:12:54,11.33,0.01,20,22660,买盘
1686,13:12:51,11.32,--,29,32828,卖盘
1687,13:12:48,11.32,-0.01,176,199232,卖盘
1688,13:12:45,11.33,--,4,4532,买盘
1689,13:12:42,11.33,0.01,50,56650,买盘
1690,13:12:39,11.32,-0.01,20,22640,卖盘
1691,13:12:36,11.33,--,37,41921,买盘
1692,13:12:30,11.33,0.01,51,57783,买盘
1693,13:12:27,11.32,-0.01,189,213948,卖盘
1694,13:12:21,11.33,0.01,339,384087,买盘
1695,13:12:18,11.32,-0.01,28,31696,卖盘
1696,13:12:15,11.33,--,56,63448,买盘
1697,13:12:12,11.33,0.02,1,1133,买盘
1698,13:12:09,11.31,-0.02,260,294060,卖盘
1699,13:12:06,11.33,--,15,16995,买盘
1700,13:11:54,11.33,0.01,3,3399,买盘
1701,13:11:51,11.32,--,9,10188,卖盘
1702,13:11:48,11.32,-0.01,80,90560,卖盘
1703,13:11:45,11.33,0.01,30,33990,买盘
1704,13:11:42,11.32,-0.01,48,54336,卖盘
1705,13:11:36,11.33,--,15,16995,买盘
1706,13:11:33,11.33,0.01,31,35123,买盘
1707,13:11:27,11.32,-0.01,12,13584,卖盘
1708,13:11:24,11.33,--,31,35123,买盘
1709,13:11:21,11.33,0.02,13,14729,买盘
1710,13:11:18,11.31,-0.02,47,53157,卖盘
1711,13:11:15,11.33,--,21,23793,买盘
1712,13:11:12,11.33,0.01,101,114433,买盘
1713,13:11:09,11.32,-0.01,50,56600,卖盘
1714,13:11:06,11.33,0.01,1,1133,买盘
1715,13:11:03,11.32,--,2,2264,卖盘
1716,13:10:54,11.32,--,10,11320,卖盘
1717,13:10:51,11.32,--,9,10188,卖盘
1718,13:10:48,11.32,--,59,66788,卖盘
1719,13:10:45,11.32,--,15,16980,卖盘
1720,13:10:42,11.32,--,1,1132,卖盘
1721,13:10:33,11.32,-0.01,17,19244,卖盘
1722,13:10:24,11.33,--,24,27192,买盘
1723,13:10:21,11.33,0.01,16,18128,买盘
1724,13:10:18,11.32,-0.01,112,126784,卖盘
1725,13:10:15,11.33,0.01,150,169950,买盘
1726,13:10:12,11.32,-0.01,30,33960,卖盘
1727,13:10:09,11.33,0.01,21,23793,买盘
1728,13:10:06,11.32,--,21,23772,卖盘
1729,13:10:00,11.32,-0.01,20,22640,卖盘
1730,13:09:57,11.33,--,1,1133,买盘
1731,13:09:54,11.33,--,1,1133,买盘
1732,13:09:51,11.33,0.02,141,159753,买盘
1733,13:09:48,11.31,-0.01,68,76908,卖盘
1734,13:09:45,11.32,0.01,14,15848,卖盘
1735,13:09:39,11.31,-0.02,19,21489,卖盘
1736,13:09:36,11.33,0.01,125,141625,买盘
1737,13:09:33,11.32,-0.01,31,35092,卖盘
1738,13:09:30,11.33,0.01,315,356895,买盘
1739,13:09:24,11.32,-0.01,11,12452,卖盘
1740,13:09:21,11.33,--,32,36256,买盘
1741,13:09:18,11.33,0.01,30,33990,买盘
1742,13:09:12,11.32,-0.01,3,3396,卖盘
1743,13:09:00,11.33,0.02,89,100837,买盘
1744,13:08:57,11.31,-0.01,5,5655,卖盘
1745,13:08:54,11.32,--,27,30564,卖盘
1746,13:08:51,11.32,--,33,37356,卖盘
1747,13:08:48,11.32,--,72,81504,卖盘
1748,13:08:45,11.32,-0.01,20,22640,卖盘
1749,13:08:42,11.33,--,29,32857,买盘
1750,13:08:36,11.33,--,23,26059,买盘
1751,13:08:33,11.33,0.01,269,304777,买盘
1752,13:08:30,11.32,--,11,12452,卖盘
1753,13:08:27,11.32,--,4,4528,卖盘
1754,13:08:21,11.32,-0.01,23,26036,卖盘
1755,13:08:18,11.33,--,46,52118,买盘
1756,13:08:15,11.33,0.01,62,70246,买盘
1757,13:08:12,11.32,--,11,12452,买盘
1758,13:08:09,11.32,0.01,5,5660,买盘
1759,13:08:06,11.31,-0.01,28,31668,卖盘
1760,13:08:03,11.32,0.01,3,3396,买盘
1761,13:08:00,11.31,-0.01,18,20358,卖盘
1762,13:07:57,11.32,--,5,5660,买盘
1763,13:07:54,11.32,0.01,36,40752,买盘
1764,13:07:51,11.31,--,32,36192,卖盘
1765,13:07:48,11.31,-0.01,56,63336,卖盘
1766,13:07:45,11.32,--,40,45280,买盘
1767,13:07:39,11.32,0.01,1,1132,买盘
1768,13:07:36,11.31,-0.01,47,53157,卖盘
1769,13:07:33,11.32,--,2,2264,买盘
1770,13:07:30,11.32,0.01,14,15848,买盘
1771,13:07:21,11.31,-0.02,14,15834,卖盘
1772,13:07:15,11.33,--,22,24926,买盘
1773,13:07:12,11.33,0.01,10,11330,买盘
1774,13:07:09,11.32,0.01,30,33960,买盘
1775,13:07:06,11.31,--,42,47502,卖盘
1776,13:07:00,11.31,--,10,11310,卖盘
1777,13:06:57,11.31,0.01,85,96135,卖盘
1778,13:06:51,11.3,--,7,7910,卖盘
1779,13:06:48,11.3,-0.03,73,82490,卖盘
1780,13:06:42,11.33,0.01,520,589160,买盘
1781,13:06:39,11.32,0.01,72,81504,买盘
1782,13:06:36,11.31,-0.01,121,136851,中性盘
1783,13:06:27,11.32,0.02,28,31696,买盘
1784,13:06:24,11.3,--,42,47460,卖盘
1785,13:06:21,11.3,-0.02,45,50850,卖盘
1786,13:06:18,11.32,0.01,100,113200,买盘
1787,13:06:12,11.31,--,35,39585,买盘
1788,13:06:09,11.31,--,25,28275,买盘
1789,13:06:06,11.31,--,7,7917,卖盘
1790,13:06:03,11.31,--,11,12441,卖盘
1791,13:06:00,11.31,0.01,74,83694,买盘
1792,13:05:51,11.3,--,35,39550,卖盘
1793,13:05:48,11.3,--,94,106220,卖盘
1794,13:05:45,11.3,-0.01,16,18080,卖盘
1795,13:05:42,11.31,-0.01,62,70122,卖盘
1796,13:05:33,11.32,0.01,12,13584,买盘
1797,13:05:27,11.31,--,25,28275,中性盘
1798,13:05:24,11.31,-0.01,1,1131,中性盘
1799,13:05:21,11.32,--,14,15848,买盘
1800,13:05:18,11.32,--,64,72448,买盘
1801,13:05:15,11.32,0.01,97,109804,买盘
1802,13:05:09,11.31,-0.01,17,19227,卖盘
1803,13:05:06,11.32,0.01,16,18112,买盘
1804,13:05:00,11.31,-0.01,23,26013,卖盘
1805,13:04:57,11.32,--,10,11320,买盘
1806,13:04:54,11.32,--,10,11320,买盘
1807,13:04:51,11.32,0.02,64,72448,买盘
1808,13:04:48,11.3,-0.01,98,110740,卖盘
1809,13:04:45,11.31,--,10,11310,卖盘
1810,13:04:42,11.31,-0.01,19,21489,卖盘
1811,13:04:39,11.32,--,10,11320,买盘
1812,13:04:36,11.32,--,90,101880,买盘
1813,13:04:33,11.32,--,1,1132,买盘
1814,13:04:24,11.32,0.01,18,20376,买盘
1815,13:04:21,11.31,--,32,36192,卖盘
1816,13:04:18,11.31,-0.01,26,29406,卖盘
1817,13:04:15,11.32,--,20,22640,买盘
1818,13:04:12,11.32,0.01,225,254700,买盘
1819,13:04:03,11.31,-0.01,68,76908,卖盘
1820,13:04:00,11.32,-0.01,51,57732,卖盘
1821,13:03:57,11.33,--,1,1133,买盘
1822,13:03:54,11.33,0.01,29,32857,买盘
1823,13:03:51,11.32,0.01,58,65656,中性盘
1824,13:03:48,11.31,-0.01,81,91611,卖盘
1825,13:03:45,11.32,--,6,6792,买盘
1826,13:03:42,11.32,-0.01,20,22640,卖盘
1827,13:03:39,11.33,--,16,18128,买盘
1828,13:03:36,11.33,--,15,16995,买盘
1829,13:03:27,11.33,--,28,31724,买盘
1830,13:03:24,11.33,0.02,10,11330,买盘
1831,13:03:18,11.31,-0.02,19,21489,卖盘
1832,13:03:15,11.33,--,23,26059,买盘
1833,13:03:12,11.33,--,20,22660,买盘
1834,13:03:09,11.33,--,2,2266,买盘
1835,13:03:06,11.33,--,1,1133,买盘
1836,13:03:00,11.33,0.01,6,6798,买盘
1837,13:02:57,11.32,--,97,109804,卖盘
1838,13:02:54,11.32,--,31,35092,卖盘
1839,13:02:51,11.32,0.01,205,232060,买盘
1840,13:02:48,11.31,-0.01,79,89349,卖盘
1841,13:02:45,11.32,--,39,44148,买盘
1842,13:02:42,11.32,--,59,66788,买盘
1843,13:02:39,11.32,0.01,36,40752,买盘
1844,13:02:36,11.31,-0.01,20,22620,卖盘
1845,13:02:33,11.32,--,25,28300,买盘
1846,13:02:30,11.32,0.01,10,11320,买盘
1847,13:02:27,11.31,--,80,90480,卖盘
1848,13:02:24,11.31,-0.01,30,33930,卖盘
1849,13:02:18,11.32,0.01,4,4528,买盘
1850,13:02:15,11.31,-0.01,13,14703,卖盘
1851,13:02:12,11.32,0.01,62,70184,买盘
1852,13:02:09,11.31,--,35,40037,买盘
1853,13:02:06,11.31,--,2,2262,买盘
1854,13:02:03,11.31,--,51,57681,买盘
1855,13:02:00,11.31,0.01,32,36192,买盘
1856,13:01:54,11.3,--,2,2260,卖盘
1857,13:01:51,11.3,0.01,17,19210,买盘
1858,13:01:48,11.29,-0.01,70,79030,卖盘
1859,13:01:45,11.3,--,63,71190,卖盘
1860,13:01:42,11.3,--,35,39550,卖盘
1861,13:01:39,11.3,--,4,4520,买盘
1862,13:01:33,11.3,--,343,387590,买盘
1863,13:01:24,11.3,--,28,31640,买盘
1864,13:01:21,11.3,--,165,186450,卖盘
1865,13:01:18,11.3,--,8,9040,卖盘
1866,13:01:15,11.3,-0.01,16,18080,卖盘
1867,13:01:06,11.31,--,34,38454,买盘
1868,13:00:54,11.31,--,42,47502,买盘
1869,13:00:48,11.31,--,18,20358,买盘
1870,13:00:42,11.31,--,54,61074,买盘
1871,13:00:39,11.31,--,62,70122,买盘
1872,13:00:30,11.31,0.02,178,201318,买盘
1873,13:00:27,11.29,-0.01,39,44031,卖盘
1874,13:00:24,11.3,-0.01,1,1130,中性盘
1875,13:00:18,11.31,--,19,21489,买盘
1876,13:00:15,11.31,0.02,13,14703,买盘
1877,13:00:12,11.29,--,2,2258,卖盘
1878,13:00:09,11.29,--,149,168221,卖盘
1879,13:00:06,11.29,-0.02,238,268702,卖盘
1880,13:00:03,11.31,0.02,2815,3183765,买盘
1881,13:00:00,11.29,--,0,0,买盘
1882,11:30:00,11.29,--,88,99351,买盘
1883,11:29:57,11.29,--,17,19193,买盘
1884,11:29:51,11.29,0.01,144,162576,买盘
1885,11:29:48,11.28,--,80,90240,卖盘
1886,11:29:45,11.28,-0.01,44,49632,卖盘
1887,11:29:42,11.29,0.01,21,23709,买盘
1888,11:29:36,11.28,-0.01,20,22560,卖盘
1889,11:29:33,11.29,--,14,15805,买盘
1890,11:29:30,11.29,0.01,39,44031,买盘
1891,11:29:27,11.28,-0.01,20,22560,卖盘
1892,11:29:24,11.29,--,100,112899,买盘
1893,11:29:21,11.29,--,20,22580,买盘
1894,11:29:18,11.29,--,30,33870,买盘
1895,11:29:15,11.29,--,54,60965,买盘
1896,11:29:12,11.29,--,27,30482,买盘
1897,11:29:09,11.29,--,82,92578,买盘
1898,11:29:03,11.29,--,55,62094,买盘
1899,11:29:00,11.29,--,59,66611,买盘
1900,11:28:57,11.29,--,13,14676,买盘
1901,11:28:54,11.29,--,4,4516,买盘
1902,11:28:51,11.29,0.01,27,30482,买盘
1903,11:28:48,11.28,-0.01,105,118440,卖盘
1904,11:28:45,11.29,0.01,1,1129,买盘
1905,11:28:42,11.28,-0.01,32,36096,卖盘
1906,11:28:39,11.29,0.01,63,71127,买盘
1907,11:28:36,11.28,--,150,169200,买盘
1908,11:28:33,11.28,--,14,15792,买盘
1909,11:28:30,11.28,--,15,16920,买盘
1910,11:28:27,11.28,--,26,29328,买盘
1911,11:28:24,11.28,--,16,18048,买盘
1912,11:28:21,11.28,0.01,37,41736,买盘
1913,11:28:18,11.27,-0.01,70,78890,卖盘
1914,11:28:15,11.28,--,2,2256,买盘
1915,11:28:09,11.28,--,390,439920,买盘
1916,11:28:06,11.28,--,3,3384,买盘
1917,11:28:03,11.28,0.01,5,5640,买盘
1918,11:27:57,11.27,--,17,19159,卖盘
1919,11:27:51,11.27,--,23,25921,卖盘
1920,11:27:48,11.27,--,78,87906,卖盘
1921,11:27:45,11.27,--,46,51842,卖盘
1922,11:27:42,11.27,--,9,10143,卖盘
1923,11:27:39,11.27,-0.01,20,22540,卖盘
1924,11:27:36,11.28,--,6,6768,买盘
1925,11:27:30,11.28,0.01,15,16920,买盘
1926,11:27:27,11.27,--,9,10143,卖盘
1927,11:27:24,11.27,--,211,237797,卖盘
1928,11:27:21,11.27,-0.01,1,1127,卖盘
1929,11:27:18,11.28,--,4,4512,买盘
1930,11:27:12,11.28,--,1,1128,买盘
1931,11:27:09,11.28,--,30,33840,买盘
1932,11:27:06,11.28,--,3,3384,买盘
1933,11:27:00,11.28,--,2,2256,买盘
1934,11:26:57,11.28,0.01,21,23688,买盘
1935,11:26:54,11.27,-0.01,30,33810,卖盘
1936,11:26:51,11.28,0.01,311,350808,买盘
1937,11:26:48,11.27,--,71,80017,卖盘
1938,11:26:45,11.27,--,26,29302,卖盘
1939,11:26:39,11.27,-0.01,32,36064,卖盘
1940,11:26:36,11.28,0.01,27,30456,买盘
1941,11:26:33,11.27,-0.01,3,3381,卖盘
1942,11:26:30,11.28,--,1,1128,买盘
1943,11:26:27,11.28,0.01,50,56400,买盘
1944,11:26:24,11.27,-0.01,33,37191,卖盘
1945,11:26:21,11.28,--,40,45120,买盘
1946,11:26:18,11.28,0.01,156,175968,买盘
1947,11:26:15,11.27,-0.01,5,5635,卖盘
1948,11:26:12,11.28,--,3,3384,买盘
1949,11:26:06,11.28,0.01,2,2256,买盘
1950,11:26:03,11.27,--,34,38318,卖盘
1951,11:26:00,11.27,0.01,253,285131,买盘
1952,11:25:57,11.26,-0.01,131,147506,卖盘
1953,11:25:54,11.27,0.01,20,22540,买盘
1954,11:25:51,11.26,--,10,11260,卖盘
1955,11:25:48,11.26,--,137,154262,卖盘
1956,11:25:45,11.26,--,1,1126,卖盘
1957,11:25:42,11.26,-0.01,11,12386,卖盘
1958,11:25:39,11.27,--,210,236670,买盘
1959,11:25:36,11.27,0.01,1,1127,买盘
1960,11:25:33,11.26,--,15,16890,卖盘
1961,11:25:27,11.26,-0.01,6,6756,卖盘
1962,11:25:24,11.27,--,1,1127,买盘
1963,11:25:21,11.27,0.01,10,11270,买盘
1964,11:25:18,11.26,--,35,39410,卖盘
1965,11:25:15,11.26,-0.01,21,23646,卖盘
1966,11:25:12,11.27,0.01,1,1127,买盘
1967,11:25:06,11.26,-0.01,32,36032,卖盘
1968,11:25:03,11.27,--,30,33810,买盘
1969,11:24:57,11.27,--,18,20286,买盘
1970,11:24:51,11.27,0.02,9,10143,买盘
1971,11:24:48,11.25,-0.01,67,75375,卖盘
1972,11:24:45,11.26,-0.01,33,37158,卖盘
1973,11:24:42,11.27,--,46,51842,买盘
1974,11:24:39,11.27,0.01,52,58604,买盘
1975,11:24:33,11.26,-0.01,17,19142,卖盘
1976,11:24:30,11.27,--,11,12397,买盘
1977,11:24:27,11.27,0.01,10,11270,买盘
1978,11:24:24,11.26,--,22,24772,卖盘
1979,11:24:21,11.26,--,4,4504,买盘
1980,11:24:18,11.26,--,5,5630,买盘
1981,11:24:12,11.26,0.01,45,50670,买盘
1982,11:24:06,11.25,-0.01,100,112500,卖盘
1983,11:24:03,11.26,-0.01,106,119356,卖盘
1984,11:23:54,11.27,--,1,1127,买盘
1985,11:23:51,11.27,0.02,14,15778,买盘
1986,11:23:48,11.25,-0.01,126,141750,卖盘
1987,11:23:45,11.26,--,70,78820,卖盘
1988,11:23:39,11.26,--,14,15764,卖盘
1989,11:23:36,11.26,-0.01,1,1126,卖盘
1990,11:23:30,11.27,0.01,53,59731,买盘
1991,11:23:27,11.26,--,11,12386,卖盘
1992,11:23:24,11.26,--,35,39410,卖盘
1993,11:23:12,11.26,-0.01,5,5630,卖盘
1994,11:23:06,11.27,--,19,21413,买盘
1995,11:23:03,11.27,0.01,1,1127,买盘
1996,11:23:00,11.26,--,3,3378,卖盘
1997,11:22:54,11.26,--,3,3378,卖盘
1998,11:22:51,11.26,--,12,13512,卖盘
1999,11:22:48,11.26,--,68,76568,卖盘
2000,11:22:45,11.26,-0.02,2,2252,中性盘
2001,11:22:42,11.28,0.03,6,6768,买盘
2002,11:22:39,11.25,-0.03,14,15750,卖盘
2003,11:22:36,11.28,0.03,6,6768,买盘
2004,11:22:33,11.25,--,119,133875,卖盘
2005,11:22:30,11.25,--,25,28755,买盘
2006,11:22:27,11.25,--,200,225000,买盘
2007,11:22:24,11.25,0.01,49,55125,买盘
2008,11:22:21,11.24,--,10,11240,卖盘
2009,11:22:18,11.24,-0.01,31,34844,卖盘
2010,11:22:15,11.25,0.01,130,146250,买盘
2011,11:22:12,11.24,-0.01,515,578860,卖盘
2012,11:22:09,11.25,0.01,235,264375,买盘
2013,11:22:06,11.24,--,4,4496,卖盘
2014,11:22:03,11.24,-0.01,14,15736,卖盘
2015,11:22:00,11.25,--,119,133875,买盘
2016,11:21:57,11.25,--,21,23625,买盘
2017,11:21:54,11.25,0.01,219,246375,买盘
2018,11:21:51,11.24,--,8,8992,卖盘
2019,11:21:48,11.24,--,92,103408,卖盘
2020,11:21:45,11.24,-0.01,40,44960,卖盘
2021,11:21:42,11.25,--,24,27000,买盘
2022,11:21:33,11.25,--,430,483750,买盘
2023,11:21:30,11.25,--,334,375750,买盘
2024,11:21:27,11.25,--,5,5625,买盘
2025,11:21:24,11.25,0.01,10,11250,买盘
2026,11:21:21,11.24,-0.01,183,205692,卖盘
2027,11:21:18,11.25,-0.04,2937,3304620,卖盘
2028,11:21:06,11.29,0.01,106,119673,买盘
2029,11:21:03,11.28,--,20,22560,卖盘
2030,11:21:00,11.28,-0.01,60,67680,卖盘
2031,11:20:57,11.29,--,318,359022,买盘
2032,11:20:54,11.29,0.01,1,1129,买盘
2033,11:20:51,11.28,--,6,6768,卖盘
2034,11:20:48,11.28,--,56,63168,卖盘
2035,11:20:45,11.28,0.01,88,99940,买盘
2036,11:20:42,11.27,-0.01,6,6762,卖盘
2037,11:20:39,11.28,0.01,35,39480,买盘
2038,11:20:36,11.27,-0.01,1,1127,卖盘
2039,11:20:33,11.28,-0.01,38,43315,卖盘
2040,11:20:30,11.29,0.01,1,1129,买盘
2041,11:20:27,11.28,-0.01,38,42864,卖盘
2042,11:20:24,11.29,0.01,19,21451,买盘
2043,11:20:18,11.28,--,126,142128,卖盘
2044,11:20:09,11.28,-0.01,32,36096,卖盘
2045,11:20:06,11.29,0.01,159,179511,买盘
2046,11:20:03,11.28,--,20,22560,卖盘
2047,11:20:00,11.28,--,3,3384,卖盘
2048,11:19:54,11.28,-0.01,31,34968,卖盘
2049,11:19:51,11.29,0.01,74,83546,买盘
2050,11:19:48,11.28,--,72,81216,卖盘
2051,11:19:45,11.28,-0.01,3,3384,卖盘
2052,11:19:39,11.29,0.01,10,11290,买盘
2053,11:19:30,11.28,-0.01,47,53016,卖盘
2054,11:19:24,11.29,0.01,61,68869,买盘
2055,11:19:18,11.28,--,72,81892,买盘
2056,11:19:15,11.28,0.01,20,22560,买盘
2057,11:19:09,11.27,--,1,1127,卖盘
2058,11:19:06,11.27,--,6,6762,卖盘
2059,11:19:03,11.27,--,14,15778,卖盘
2060,11:19:00,11.27,--,29,32683,卖盘
2061,11:18:57,11.27,-0.01,2,2254,卖盘
2062,11:18:54,11.28,0.01,78,87984,买盘
2063,11:18:51,11.27,--,78,87906,卖盘
2064,11:18:48,11.27,--,78,87906,卖盘
2065,11:18:45,11.27,--,27,30429,卖盘
2066,11:18:39,11.27,-0.01,18,20286,卖盘
2067,11:18:36,11.28,0.01,60,67680,买盘
2068,11:18:24,11.27,--,1,1127,卖盘
2069,11:18:21,11.27,--,65,73255,卖盘
2070,11:18:15,11.27,-0.01,3,3381,卖盘
2071,11:18:12,11.28,--,6,6768,买盘
2072,11:18:09,11.28,--,21,23688,买盘
2073,11:18:06,11.28,0.01,1,1128,买盘
2074,11:18:03,11.27,-0.01,13,14651,卖盘
2075,11:18:00,11.28,-0.01,75,84600,卖盘
2076,11:17:54,11.29,0.01,2,2258,买盘
2077,11:17:48,11.28,--,84,94752,卖盘
2078,11:17:45,11.28,--,13,14664,卖盘
2079,11:17:42,11.28,--,4,4512,卖盘
2080,11:17:39,11.28,0.01,16,18048,买盘
2081,11:17:36,11.27,--,1,1127,卖盘
2082,11:17:33,11.27,-0.01,41,46207,卖盘
2083,11:17:30,11.28,--,1,1128,买盘
2084,11:17:27,11.28,0.01,18,20304,买盘
2085,11:17:18,11.27,-0.01,11,12397,卖盘
2086,11:17:15,11.28,--,5,5640,买盘
2087,11:17:12,11.28,-0.01,42,47376,卖盘
2088,11:17:06,11.29,--,2,2258,买盘
2089,11:17:03,11.29,--,124,139996,买盘
2090,11:17:00,11.29,--,6,6773,买盘
2091,11:16:57,11.29,0.01,1,1129,买盘
2092,11:16:54,11.28,--,18,20304,卖盘
2093,11:16:51,11.28,--,1,1128,卖盘
2094,11:16:48,11.28,0.01,74,83472,中性盘
2095,11:16:42,11.27,--,74,83398,卖盘
2096,11:16:36,11.27,-0.02,1499,1689373,卖盘
2097,11:16:30,11.29,--,45,50804,买盘
2098,11:16:27,11.29,--,26,29353,买盘
2099,11:16:24,11.29,0.01,101,114028,买盘
2100,11:16:21,11.28,--,47,53016,卖盘
2101,11:16:18,11.28,--,1,1128,卖盘
2102,11:16:09,11.28,--,16,18048,卖盘
2103,11:16:06,11.28,--,2,2256,卖盘
2104,11:16:03,11.28,--,17,19176,卖盘
2105,11:15:57,11.28,-0.01,4,4512,卖盘
2106,11:15:54,11.29,--,62,69998,买盘
2107,11:15:51,11.29,0.01,8,9032,买盘
2108,11:15:48,11.28,--,58,65423,卖盘
2109,11:15:45,11.28,--,1,1128,卖盘
2110,11:15:36,11.28,--,18,20304,卖盘
2111,11:15:30,11.28,-0.01,1,1128,卖盘
2112,11:15:24,11.29,0.01,52,58707,买盘
2113,11:15:21,11.28,-0.01,1,1128,卖盘
2114,11:15:18,11.29,0.01,2,2258,中性盘
2115,11:15:09,11.28,-0.01,12,13536,卖盘
2116,11:15:06,11.29,0.01,10,11290,买盘
2117,11:15:03,11.28,-0.02,20,22560,卖盘
2118,11:15:00,11.3,--,33,37290,买盘
2119,11:14:54,11.3,0.01,1,1130,买盘
2120,11:14:51,11.29,0.01,2,2258,买盘
2121,11:14:48,11.28,-0.01,73,82344,卖盘
2122,11:14:45,11.29,0.01,15,16935,卖盘
2123,11:14:42,11.28,11.28,60,67680,买盘
