,time,price,change,volume,amount,type
0,15:00:03,11.49,--,2806,3224094,买盘
1,14:57:00,11.49,0.01,16,18384,买盘
2,14:56:57,11.48,-0.01,4,4592,中性盘
3,14:56:51,11.49,0.01,104,119496,买盘
4,14:56:48,11.48,-0.02,299,343745,卖盘
5,14:56:45,11.5,0.01,89,102350,买盘
6,14:56:42,11.49,--,157,180393,卖盘
7,14:56:39,11.49,--,14,16740,卖盘
8,14:56:36,11.49,-0.01,297,341253,卖盘
9,14:56:33,11.5,--,128,147200,买盘
10,14:56:30,11.5,0.01,146,167900,买盘
11,14:56:27,11.49,--,95,109155,卖盘
12,14:56:24,11.49,-0.01,122,140178,卖盘
13,14:56:21,11.5,0.01,16,18400,买盘
14,14:56:18,11.49,--,555,637695,卖盘
15,14:56:15,11.49,--,9,10341,卖盘
16,14:56:12,11.49,-0.01,91,104559,卖盘
17,14:56:09,11.5,--,383,440450,买盘
18,14:56:06,11.5,0.02,24,27600,买盘
19,14:56:03,11.48,-0.01,485,557445,卖盘
20,14:56:00,11.49,--,55,63195,买盘
21,14:55:57,11.49,0.01,505,580245,买盘
22,14:55:51,11.48,0.01,1236,1418928,买盘
23,14:55:48,11.47,--,379,435378,买盘
24,14:55:45,11.47,--,501,574647,买盘
25,14:55:42,11.47,--,99,114229,买盘
26,14:55:39,11.47,--,148,169756,买盘
27,14:55:36,11.47,--,15,17205,买盘
28,14:55:33,11.47,0.01,13,14911,买盘
29,14:55:30,11.46,--,113,129498,卖盘
30,14:55:27,11.46,--,128,146688,买盘
31,14:55:24,11.46,--,172,197112,买盘
32,14:55:21,11.46,0.01,400,458400,买盘
33,14:55:18,11.45,-0.01,398,455710,卖盘
34,14:55:15,11.46,--,210,240660,买盘
35,14:55:12,11.46,0.01,352,403392,买盘
36,14:55:09,11.45,-0.01,962,1101490,卖盘
37,14:55:06,11.46,--,18,20628,买盘
38,14:55:03,11.46,--,147,168462,买盘
39,14:55:00,11.46,--,27,30942,买盘
40,14:54:57,11.46,--,263,301398,买盘
41,14:54:54,11.46,--,147,168462,买盘
42,14:54:51,11.46,--,63,72198,卖盘
43,14:54:48,11.46,0.01,36,41702,买盘
44,14:54:45,11.45,-0.01,100,115198,卖盘
45,14:54:42,11.46,--,47,54308,买盘
46,14:54:39,11.46,0.01,12,14428,买盘
47,14:54:36,11.45,-0.01,29,33205,卖盘
48,14:54:33,11.46,--,145,166170,买盘
49,14:54:30,11.46,--,50,57300,买盘
50,14:54:27,11.46,--,675,773550,买盘
51,14:54:24,11.46,0.01,55,63030,买盘
52,14:54:21,11.45,-0.01,163,186635,卖盘
53,14:54:18,11.46,--,91,104286,买盘
54,14:54:15,11.46,--,70,80220,买盘
55,14:54:12,11.46,--,86,98556,买盘
56,14:54:09,11.46,--,177,202842,买盘
57,14:54:06,11.46,--,18,20628,买盘
58,14:54:03,11.46,--,16,18336,买盘
59,14:54:00,11.46,--,644,738024,卖盘
60,14:53:57,11.46,--,179,205134,卖盘
61,14:53:54,11.46,-0.01,85,97410,卖盘
62,14:53:51,11.47,0.01,320,367040,买盘
63,14:53:48,11.46,--,27,30942,卖盘
64,14:53:45,11.46,-0.01,12,13752,卖盘
65,14:53:42,11.47,--,53,61272,卖盘
66,14:53:39,11.47,--,1129,1295628,卖盘
67,14:53:36,11.47,--,22,25234,卖盘
68,14:53:33,11.47,--,36,41292,卖盘
69,14:53:30,11.47,-0.01,53,60791,卖盘
70,14:53:27,11.48,0.01,51,58548,买盘
71,14:53:24,11.47,-0.01,58,66526,卖盘
72,14:53:21,11.48,--,78,89544,买盘
73,14:53:18,11.48,--,8,9184,买盘
74,14:53:15,11.48,--,2030,2330440,卖盘
75,14:53:12,11.48,--,155,177940,卖盘
76,14:53:06,11.48,-0.01,195,223860,卖盘
77,14:53:03,11.49,--,3,3447,买盘
78,14:53:00,11.49,--,255,292995,买盘
79,14:52:57,11.49,--,73,84359,卖盘
80,14:52:54,11.49,-0.01,50,57450,卖盘
81,14:52:51,11.5,0.01,440,506667,买盘
82,14:52:48,11.49,--,193,222239,卖盘
83,14:52:45,11.49,--,114,130986,卖盘
84,14:52:42,11.49,--,70,80430,卖盘
85,14:52:39,11.49,--,36,42030,买盘
86,14:52:36,11.49,--,21,24129,买盘
87,14:52:33,11.49,--,91,104559,卖盘
88,14:52:30,11.49,--,11,12639,卖盘
89,14:52:27,11.49,--,379,435471,卖盘
90,14:52:24,11.49,--,10,11490,卖盘
91,14:52:21,11.49,--,36,41364,卖盘
92,14:52:18,11.49,-0.01,58,66642,卖盘
93,14:52:15,11.5,0.01,637,732550,买盘
94,14:52:09,11.49,--,540,620460,卖盘
95,14:52:06,11.49,--,112,128688,卖盘
96,14:52:03,11.49,-0.01,23,26427,卖盘
97,14:52:00,11.5,0.01,44,50600,买盘
98,14:51:57,11.49,--,81,93069,卖盘
99,14:51:54,11.49,--,33,37917,卖盘
100,14:51:51,11.49,--,13,14937,卖盘
101,14:51:48,11.49,-0.01,70,80430,卖盘
102,14:51:45,11.5,0.01,27,31050,买盘
103,14:51:42,11.49,--,124,142476,卖盘
104,14:51:39,11.49,-0.01,5,5745,卖盘
105,14:51:36,11.5,0.01,33,37950,买盘
106,14:51:33,11.49,-0.01,1008,1158192,卖盘
107,14:51:30,11.5,--,38,43700,卖盘
108,14:51:24,11.5,-0.01,115,132250,卖盘
109,14:51:21,11.51,0.01,72,82872,买盘
110,14:51:18,11.5,--,119,136850,卖盘
111,14:51:15,11.5,--,225,258750,卖盘
112,14:51:12,11.5,-0.01,48,55200,卖盘
113,14:51:09,11.51,--,21,24171,买盘
114,14:51:06,11.51,--,34,39134,买盘
115,14:51:03,11.51,0.01,32,36832,买盘
116,14:51:00,11.5,-0.01,51,58650,卖盘
117,14:50:57,11.51,0.01,3,3453,买盘
118,14:50:54,11.5,-0.01,3,3450,卖盘
119,14:50:51,11.51,0.01,4,4604,买盘
120,14:50:48,11.5,--,30,34500,卖盘
121,14:50:45,11.5,--,192,220800,卖盘
122,14:50:42,11.5,--,182,209300,卖盘
123,14:50:39,11.5,--,56,64400,卖盘
124,14:50:33,11.5,-0.01,119,136850,卖盘
125,14:50:30,11.51,--,71,81721,买盘
126,14:50:27,11.51,--,63,72513,买盘
127,14:50:21,11.51,0.01,25,28775,买盘
128,14:50:18,11.5,-0.01,15,17250,卖盘
129,14:50:15,11.51,0.01,19,21869,买盘
130,14:50:12,11.5,-0.01,14,16100,卖盘
131,14:50:09,11.51,--,130,149630,买盘
132,14:50:06,11.51,0.01,134,154234,买盘
133,14:50:03,11.5,-0.01,10,11500,卖盘
134,14:50:00,11.51,--,45,51795,买盘
135,14:49:57,11.51,--,86,98986,买盘
136,14:49:51,11.51,0.01,14,16114,买盘
137,14:49:42,11.5,--,12,13800,卖盘
138,14:49:33,11.5,--,13,14950,卖盘
139,14:49:30,11.5,--,7,8050,卖盘
140,14:49:27,11.5,--,1471,1691650,买盘
141,14:49:24,11.5,0.01,703,808450,买盘
142,14:49:21,11.49,--,315,361935,卖盘
143,14:49:18,11.49,-0.01,8,9192,卖盘
144,14:49:15,11.5,--,9,10350,买盘
145,14:49:12,11.5,--,74,85100,买盘
146,14:49:09,11.5,0.01,317,364550,买盘
147,14:49:06,11.49,--,32,36768,卖盘
148,14:49:03,11.49,-0.01,14,16086,卖盘
149,14:49:00,11.5,0.01,15,17250,买盘
150,14:48:57,11.49,--,90,103410,卖盘
151,14:48:54,11.49,--,8,9192,卖盘
152,14:48:51,11.49,-0.01,23,26427,卖盘
153,14:48:48,11.5,0.01,150,172500,买盘
154,14:48:45,11.49,-0.01,186,213714,卖盘
155,14:48:42,11.5,0.01,188,216200,买盘
156,14:48:39,11.49,--,6,6894,买盘
157,14:48:36,11.49,-0.01,301,345849,卖盘
158,14:48:33,11.5,0.01,10,11500,买盘
159,14:48:30,11.49,-0.01,127,145923,卖盘
160,14:48:27,11.5,0.01,29,33350,买盘
161,14:48:24,11.49,-0.01,24,27576,卖盘
162,14:48:21,11.5,0.01,513,589950,买盘
163,14:48:18,11.49,--,303,348147,卖盘
164,14:48:15,11.49,-0.01,50,57450,卖盘
165,14:48:12,11.5,--,18,20700,买盘
166,14:48:09,11.5,0.01,1,1150,买盘
167,14:48:06,11.49,--,65,74685,卖盘
168,14:48:03,11.49,--,8,9192,卖盘
169,14:48:00,11.49,--,282,324018,卖盘
170,14:47:57,11.49,--,28,32172,卖盘
171,14:47:54,11.49,--,22,25278,卖盘
172,14:47:51,11.49,-0.01,134,153966,卖盘
173,14:47:45,11.5,0.01,116,133400,买盘
174,14:47:42,11.49,--,26,29874,卖盘
175,14:47:39,11.49,--,147,168903,卖盘
176,14:47:36,11.49,-0.01,50,57450,卖盘
177,14:47:33,11.5,0.01,20,23000,买盘
178,14:47:30,11.49,--,30,34470,卖盘
179,14:47:27,11.49,-0.01,29,33321,卖盘
180,14:47:24,11.5,0.01,190,218500,买盘
181,14:47:21,11.49,-0.01,95,109155,卖盘
182,14:47:18,11.5,--,11,12650,买盘
183,14:47:15,11.5,--,72,82800,买盘
184,14:47:12,11.5,0.01,1,1150,买盘
185,14:47:09,11.49,--,116,133284,卖盘
186,14:47:06,11.49,-0.01,23,26427,卖盘
187,14:47:03,11.5,0.01,31,35650,买盘
188,14:47:00,11.49,-0.01,97,111453,卖盘
189,14:46:57,11.5,0.01,27,31050,买盘
190,14:46:54,11.49,--,132,151668,卖盘
191,14:46:51,11.49,--,205,235545,卖盘
192,14:46:48,11.49,--,125,143625,卖盘
193,14:46:45,11.49,--,5,5745,卖盘
194,14:46:42,11.49,--,138,158562,卖盘
195,14:46:39,11.49,--,23,26427,卖盘
196,14:46:36,11.49,--,59,67791,卖盘
197,14:46:30,11.49,--,27,31023,卖盘
198,14:46:27,11.49,-0.01,6,6894,卖盘
199,14:46:24,11.5,0.01,23,26450,卖盘
200,14:46:21,11.49,-0.01,871,1000779,卖盘
201,14:46:18,11.5,-0.01,43,49450,卖盘
202,14:46:15,11.51,0.01,601,691751,买盘
203,14:46:12,11.5,--,12,13800,买盘
204,14:46:09,11.5,--,62,71300,买盘
205,14:46:06,11.5,--,45,51750,买盘
206,14:46:03,11.5,--,266,305900,买盘
207,14:46:00,11.5,0.01,45,51750,买盘
208,14:45:57,11.49,-0.01,25,28725,卖盘
209,14:45:54,11.5,--,94,108100,买盘
210,14:45:51,11.5,--,4,4600,买盘
211,14:45:48,11.5,-0.01,2156,2479400,卖盘
212,14:45:45,11.51,0.01,155,178405,买盘
213,14:45:42,11.5,-0.01,30,34500,卖盘
214,14:45:39,11.51,0.01,16,18416,买盘
215,14:45:36,11.5,--,42,48300,卖盘
216,14:45:33,11.5,--,41,47150,卖盘
217,14:45:30,11.5,-0.01,68,78200,卖盘
218,14:45:27,11.51,--,155,178405,买盘
219,14:45:24,11.51,--,418,481118,买盘
220,14:45:21,11.51,--,611,703261,买盘
221,14:45:18,11.51,--,28,32228,买盘
222,14:45:15,11.51,0.01,130,149630,买盘
223,14:45:12,11.5,--,292,335800,卖盘
224,14:45:09,11.5,--,138,158700,卖盘
225,14:45:06,11.5,--,303,348450,卖盘
226,14:45:03,11.5,-0.01,110,126500,卖盘
227,14:45:00,11.51,--,35,40285,买盘
228,14:44:57,11.51,0.01,62,71362,买盘
229,14:44:54,11.5,--,101,116150,卖盘
230,14:44:51,11.5,-0.01,46,52900,卖盘
231,14:44:48,11.51,--,201,231351,买盘
232,14:44:45,11.51,0.01,24,27624,买盘
233,14:44:42,11.5,--,48,55200,卖盘
234,14:44:39,11.5,-0.01,38,43700,卖盘
235,14:44:36,11.51,--,474,545574,卖盘
236,14:44:33,11.51,--,297,341847,卖盘
237,14:44:30,11.51,--,77,88627,卖盘
238,14:44:27,11.51,--,580,667580,卖盘
239,14:44:24,11.51,-0.01,670,771170,卖盘
240,14:44:21,11.52,0.01,12,13824,买盘
241,14:44:18,11.51,-0.01,7,8057,卖盘
242,14:44:15,11.52,--,615,708480,卖盘
243,14:44:12,11.52,--,82,94464,卖盘
244,14:44:09,11.52,--,5,5760,卖盘
245,14:44:06,11.52,-0.01,701,807552,卖盘
246,14:44:03,11.53,0.01,60,69180,买盘
247,14:44:00,11.52,-0.01,90,103680,卖盘
248,14:43:57,11.53,0.01,54,62262,买盘
249,14:43:54,11.52,--,14,16128,卖盘
250,14:43:45,11.52,--,311,358272,卖盘
251,14:43:42,11.52,--,7,8064,卖盘
252,14:43:39,11.52,-0.01,4,4608,卖盘
253,14:43:33,11.53,0.01,18,20754,买盘
254,14:43:30,11.52,--,34,39168,卖盘
255,14:43:27,11.52,--,650,748800,卖盘
256,14:43:24,11.52,-0.01,70,80640,卖盘
257,14:43:21,11.53,0.01,20,23060,买盘
258,14:43:18,11.52,-0.01,37,42624,卖盘
259,14:43:15,11.53,0.01,5,5765,买盘
260,14:43:09,11.52,-0.01,52,59904,卖盘
261,14:43:06,11.53,--,292,337379,卖盘
262,14:43:03,11.53,--,4,4612,卖盘
263,14:43:00,11.53,--,193,222529,卖盘
264,14:42:57,11.53,--,22,25366,卖盘
265,14:42:54,11.53,-0.01,36,41508,卖盘
266,14:42:51,11.54,0.01,38,43852,买盘
267,14:42:48,11.53,--,59,68027,卖盘
268,14:42:45,11.53,--,53,61109,卖盘
269,14:42:42,11.53,--,350,403550,卖盘
270,14:42:39,11.53,--,25,28825,卖盘
271,14:42:36,11.53,--,4,4612,卖盘
272,14:42:33,11.53,--,155,178715,卖盘
273,14:42:30,11.53,--,2,2306,卖盘
274,14:42:27,11.53,--,153,176409,卖盘
275,14:42:24,11.53,-0.01,5,5765,卖盘
276,14:42:21,11.54,0.01,35,40390,买盘
277,14:42:18,11.53,--,7,8071,卖盘
278,14:42:12,11.53,--,50,57650,卖盘
279,14:42:09,11.53,-0.01,4,4612,卖盘
280,14:42:06,11.54,0.01,12,13847,买盘
281,14:42:03,11.53,-0.01,577,665281,卖盘
282,14:41:57,11.54,--,36,41544,买盘
283,14:41:54,11.54,--,19,21926,买盘
284,14:41:51,11.54,0.01,1,1154,买盘
285,14:41:48,11.53,-0.01,4,4612,卖盘
286,14:41:45,11.54,0.01,5,5770,买盘
287,14:41:42,11.53,--,32,36896,卖盘
288,14:41:39,11.53,--,24,27672,卖盘
289,14:41:36,11.53,--,110,126830,卖盘
290,14:41:33,11.53,--,25,28825,卖盘
291,14:41:30,11.53,-0.01,6,6918,卖盘
292,14:41:27,11.54,0.01,1,1154,买盘
293,14:41:24,11.53,-0.01,8,9224,卖盘
294,14:41:21,11.54,0.01,4,4616,买盘
295,14:41:18,11.53,-0.01,4,4612,卖盘
296,14:41:12,11.54,0.01,20,23080,买盘
297,14:41:06,11.53,--,205,236365,卖盘
298,14:41:03,11.53,-0.01,24,28133,卖盘
299,14:41:00,11.54,0.01,18,20772,买盘
300,14:40:57,11.53,--,11,12683,卖盘
301,14:40:54,11.53,--,167,192551,卖盘
302,14:40:51,11.53,-0.01,43,49579,卖盘
303,14:40:45,11.54,0.01,110,126939,买盘
304,14:40:42,11.53,-0.01,19,21907,卖盘
305,14:40:39,11.54,--,87,100397,买盘
306,14:40:36,11.54,0.01,1,1154,买盘
307,14:40:30,11.53,--,16,18448,卖盘
308,14:40:27,11.53,-0.01,358,412774,卖盘
309,14:40:24,11.54,0.01,44,50775,买盘
310,14:40:21,11.53,--,241,277873,卖盘
311,14:40:18,11.53,-0.01,2,2306,卖盘
312,14:40:12,11.54,0.01,4,4616,买盘
313,14:40:06,11.53,-0.01,9,10377,卖盘
314,14:40:03,11.54,--,60,69240,买盘
315,14:40:00,11.54,--,9,10386,买盘
316,14:39:57,11.54,0.01,58,66932,买盘
317,14:39:54,11.53,--,12,13836,卖盘
318,14:39:51,11.53,-0.01,45,51885,卖盘
319,14:39:48,11.54,--,204,235415,买盘
320,14:39:45,11.54,--,224,258495,买盘
321,14:39:42,11.54,--,195,225029,买盘
322,14:39:36,11.54,--,624,720096,买盘
323,14:39:30,11.54,--,20,23080,买盘
324,14:39:27,11.54,0.01,28,32311,买盘
325,14:39:24,11.53,--,15,17295,卖盘
326,14:39:21,11.53,--,17,19601,卖盘
327,14:39:18,11.53,-0.01,45,51885,卖盘
328,14:39:12,11.54,--,69,79626,买盘
329,14:39:06,11.54,--,4,4616,买盘
330,14:39:03,11.54,0.01,14,16155,买盘
331,14:39:00,11.53,--,52,59956,卖盘
332,14:38:57,11.53,--,1,1153,卖盘
333,14:38:54,11.53,-0.01,98,112994,卖盘
334,14:38:51,11.54,--,1,1154,买盘
335,14:38:48,11.54,0.01,6,6923,买盘
336,14:38:45,11.53,--,10,11530,卖盘
337,14:38:42,11.53,-0.01,2,2306,卖盘
338,14:38:36,11.54,0.01,16,18464,买盘
339,14:38:33,11.53,--,33,38049,卖盘
340,14:38:30,11.53,--,53,61109,卖盘
341,14:38:27,11.53,--,46,53038,卖盘
342,14:38:24,11.53,--,3,3459,卖盘
343,14:38:21,11.53,-0.01,11,12683,卖盘
344,14:38:18,11.54,0.01,109,125785,买盘
345,14:38:12,11.53,--,32,36896,卖盘
346,14:38:09,11.53,--,36,41508,卖盘
347,14:38:06,11.53,--,10,11530,卖盘
348,14:38:03,11.53,-0.01,45,51885,卖盘
349,14:38:00,11.54,0.01,17,19618,买盘
350,14:37:57,11.53,--,125,144125,卖盘
351,14:37:54,11.53,-0.01,21,24213,卖盘
352,14:37:51,11.54,0.01,1,1154,买盘
353,14:37:48,11.53,--,25,28825,卖盘
354,14:37:45,11.53,-0.01,75,86475,卖盘
355,14:37:42,11.54,0.01,82,94628,买盘
356,14:37:36,11.53,--,70,80710,卖盘
357,14:37:30,11.53,--,23,26519,卖盘
358,14:37:27,11.53,-0.01,30,34590,卖盘
359,14:37:24,11.54,--,23,26541,买盘
360,14:37:21,11.54,0.01,32,36928,买盘
361,14:37:18,11.53,--,12,13836,卖盘
362,14:37:15,11.53,-0.01,6,6918,卖盘
363,14:37:09,11.54,--,547,632380,买盘
364,14:37:06,11.54,--,11,12693,买盘
365,14:36:57,11.54,0.01,7,8077,买盘
366,14:36:54,11.53,--,22,25366,卖盘
367,14:36:48,11.53,-0.01,20,23060,卖盘
368,14:36:42,11.54,0.01,56,64623,买盘
369,14:36:36,11.53,-0.01,5,5765,卖盘
370,14:36:30,11.54,--,136,156944,买盘
371,14:36:27,11.54,--,217,250417,买盘
372,14:36:24,11.54,--,1,1154,买盘
373,14:36:21,11.54,-0.01,1150,1327100,卖盘
374,14:36:18,11.55,0.01,44,50820,买盘
375,14:36:15,11.54,-0.01,113,130401,卖盘
376,14:36:12,11.55,0.01,43,49665,买盘
377,14:36:09,11.54,-0.01,100,115399,卖盘
378,14:36:06,11.55,0.01,9,10395,买盘
379,14:36:00,11.54,-0.01,58,66932,卖盘
380,14:35:57,11.55,0.01,3,3465,买盘
381,14:35:54,11.54,-0.01,11,12693,卖盘
382,14:35:51,11.55,0.01,4,4620,买盘
383,14:35:48,11.54,--,6,6923,卖盘
384,14:35:45,11.54,-0.01,5,5770,卖盘
385,14:35:42,11.55,0.01,12,13860,买盘
386,14:35:33,11.54,--,15,17310,卖盘
387,14:35:30,11.54,--,20,23080,卖盘
388,14:35:27,11.54,--,400,461599,卖盘
389,14:35:24,11.54,-0.01,50,57699,卖盘
390,14:35:21,11.55,0.01,7,8085,买盘
391,14:35:18,11.54,-0.01,10,11540,卖盘
392,14:35:12,11.55,--,25,28875,买盘
393,14:35:09,11.55,--,1,1155,买盘
394,14:35:06,11.55,--,8,9240,买盘
395,14:35:00,11.55,0.01,2,2310,买盘
396,14:34:54,11.54,-0.01,10,11540,卖盘
397,14:34:51,11.55,0.01,4,4620,买盘
398,14:34:48,11.54,--,20,23080,卖盘
399,14:34:45,11.54,--,5,5770,卖盘
400,14:34:42,11.54,-0.01,1381,1593673,卖盘
401,14:34:39,11.55,--,43,49665,卖盘
402,14:34:33,11.55,--,1,1155,卖盘
403,14:34:30,11.55,-0.01,2,2310,卖盘
404,14:34:27,11.56,0.01,10,11560,买盘
405,14:34:24,11.55,--,5,5775,卖盘
406,14:34:21,11.55,--,2,2310,卖盘
407,14:34:18,11.55,-0.01,4,4620,卖盘
408,14:34:15,11.56,0.01,64,73984,买盘
409,14:34:12,11.55,--,34,39270,卖盘
410,14:34:06,11.55,--,6,6930,卖盘
411,14:33:54,11.55,-0.01,14,16170,卖盘
412,14:33:51,11.56,0.01,5,5780,买盘
413,14:33:48,11.55,-0.01,23,26565,卖盘
414,14:33:45,11.56,0.01,589,680884,买盘
415,14:33:42,11.55,-0.01,1,1155,卖盘
416,14:33:39,11.56,0.01,1,1156,买盘
417,14:33:36,11.55,--,8,9240,卖盘
418,14:33:33,11.55,-0.01,4,4620,卖盘
419,14:33:27,11.56,-0.01,779,900743,卖盘
420,14:33:24,11.57,0.01,31,35867,买盘
421,14:33:21,11.56,--,8,9248,卖盘
422,14:33:18,11.56,-0.01,10,11560,卖盘
423,14:33:12,11.57,--,36,41652,买盘
424,14:33:09,11.57,--,3,3471,买盘
425,14:33:06,11.57,0.01,3,3471,买盘
426,14:33:03,11.56,-0.01,3,3468,卖盘
427,14:32:57,11.57,0.01,3,3471,买盘
428,14:32:54,11.56,--,6,6936,卖盘
429,14:32:51,11.56,--,8,9248,卖盘
430,14:32:48,11.56,--,20,23120,卖盘
431,14:32:45,11.56,--,3,3468,卖盘
432,14:32:42,11.56,--,8,9248,卖盘
433,14:32:39,11.56,-0.01,42,48552,卖盘
434,14:32:33,11.57,0.01,2,2314,买盘
435,14:32:30,11.56,-0.01,7,8092,卖盘
436,14:32:27,11.57,--,5,5785,买盘
437,14:32:24,11.57,--,2,2314,买盘
438,14:32:21,11.57,0.01,7,8099,买盘
439,14:32:18,11.56,-0.01,6,6936,卖盘
440,14:32:12,11.57,0.01,2,2314,买盘
441,14:32:09,11.56,-0.01,30,34680,卖盘
442,14:32:06,11.57,0.01,1,1157,买盘
443,14:32:03,11.56,--,5,5780,卖盘
444,14:31:54,11.56,-0.01,15,17340,卖盘
445,14:31:51,11.57,0.01,16,18512,买盘
446,14:31:48,11.56,--,21,24276,卖盘
447,14:31:42,11.56,--,10,11560,卖盘
448,14:31:39,11.56,--,3,3468,卖盘
449,14:31:30,11.56,-0.01,8,9248,卖盘
450,14:31:27,11.57,--,1,1157,买盘
451,14:31:21,11.57,0.01,7,8099,买盘
452,14:31:18,11.56,--,200,231200,卖盘
453,14:31:15,11.56,-0.01,3,3468,卖盘
454,14:31:12,11.57,--,109,126113,买盘
455,14:31:09,11.57,0.01,43,49751,买盘
456,14:31:03,11.56,--,32,36992,卖盘
457,14:30:54,11.56,-0.01,10,11560,卖盘
458,14:30:51,11.57,0.01,6,6942,买盘
459,14:30:48,11.56,-0.01,20,23120,卖盘
460,14:30:42,11.57,0.01,72,83304,买盘
461,14:30:39,11.56,-0.01,10,11560,卖盘
462,14:30:36,11.57,--,68,78676,买盘
463,14:30:33,11.57,0.01,28,32396,买盘
464,14:30:27,11.56,-0.01,28,32368,卖盘
465,14:30:21,11.57,0.01,8,9256,买盘
466,14:30:15,11.56,--,14,16184,卖盘
467,14:30:12,11.56,-0.01,56,64736,卖盘
468,14:30:09,11.57,--,2,2314,买盘
469,14:30:06,11.57,--,17,19669,买盘
470,14:30:03,11.57,0.01,1,1157,买盘
471,14:29:57,11.56,-0.01,50,57800,卖盘
472,14:29:54,11.57,--,14,16198,买盘
473,14:29:51,11.57,0.01,4,4628,买盘
474,14:29:48,11.56,--,21,24276,卖盘
475,14:29:45,11.56,--,13,15028,卖盘
476,14:29:42,11.56,-0.01,13,15028,卖盘
477,14:29:39,11.57,--,4,4628,买盘
478,14:29:33,11.57,0.01,100,115700,买盘
479,14:29:30,11.56,--,1,1156,卖盘
480,14:29:27,11.56,-0.01,3,3468,卖盘
481,14:29:21,11.57,0.01,30,34710,买盘
482,14:29:18,11.56,--,3,3468,卖盘
483,14:29:09,11.56,-0.01,181,209236,卖盘
484,14:29:06,11.57,0.01,9,10413,买盘
485,14:29:03,11.56,--,8,9248,卖盘
486,14:29:00,11.56,-0.01,8,9248,卖盘
487,14:28:57,11.57,--,4,4628,买盘
488,14:28:54,11.57,--,8,9256,买盘
489,14:28:51,11.57,--,7,8099,买盘
490,14:28:48,11.57,--,37,42809,买盘
491,14:28:45,11.57,0.01,1,1157,买盘
492,14:28:39,11.56,-0.01,8,9248,卖盘
493,14:28:36,11.57,--,5,5785,买盘
494,14:28:33,11.57,--,60,69420,卖盘
495,14:28:30,11.57,-0.01,27,31239,卖盘
496,14:28:27,11.58,--,1,1158,买盘
497,14:28:21,11.58,0.01,7,8106,买盘
498,14:28:18,11.57,0.01,6,6942,买盘
499,14:28:15,11.56,-0.01,1,1156,卖盘
500,14:28:12,11.57,--,50,57850,买盘
501,14:28:09,11.57,--,2,2314,买盘
502,14:28:06,11.57,--,18,20826,卖盘
503,14:28:03,11.57,--,10,11570,卖盘
504,14:28:00,11.57,--,5,5785,卖盘
505,14:27:57,11.57,-0.01,10,11570,卖盘
506,14:27:54,11.58,0.01,2,2316,买盘
507,14:27:51,11.57,--,2,2314,卖盘
508,14:27:48,11.57,--,17,19669,卖盘
509,14:27:39,11.57,--,13,15041,卖盘
510,14:27:36,11.57,0.01,213,246441,买盘
511,14:27:33,11.56,--,231,267036,卖盘
512,14:27:24,11.56,--,8,9248,卖盘
513,14:27:21,11.56,-0.01,30,34680,卖盘
514,14:27:15,11.57,--,12,13884,买盘
515,14:27:12,11.57,--,72,83304,买盘
516,14:27:09,11.57,--,2,2314,买盘
517,14:27:06,11.57,--,1,1157,买盘
518,14:27:03,11.57,0.01,100,115700,买盘
519,14:27:00,11.56,--,130,150280,卖盘
520,14:26:57,11.56,--,5,5780,卖盘
521,14:26:54,11.56,-0.01,5,5780,卖盘
522,14:26:51,11.57,0.01,4,4628,买盘
523,14:26:48,11.56,-0.01,168,194208,卖盘
524,14:26:39,11.57,--,12,13884,买盘
525,14:26:36,11.57,0.01,2,2314,买盘
526,14:26:33,11.56,--,29,33524,卖盘
527,14:26:30,11.56,-0.01,3,3468,卖盘
528,14:26:27,11.57,0.01,15,17355,买盘
529,14:26:24,11.56,-0.01,13,15028,卖盘
530,14:26:09,11.57,--,2,2314,买盘
531,14:26:06,11.57,--,45,52065,买盘
532,14:25:57,11.57,--,4,4628,买盘
533,14:25:51,11.57,--,10,11570,买盘
534,14:25:48,11.57,--,61,70577,买盘
535,14:25:45,11.57,--,41,47437,买盘
536,14:25:39,11.57,--,6,6942,买盘
537,14:25:36,11.57,0.01,24,27768,买盘
538,14:25:33,11.56,--,4,4624,卖盘
539,14:25:27,11.56,-0.01,13,15028,卖盘
540,14:25:21,11.57,0.01,125,144625,买盘
541,14:25:18,11.56,--,79,91324,卖盘
542,14:25:15,11.56,-0.01,14,16184,卖盘
543,14:25:12,11.57,--,2,2314,买盘
544,14:25:09,11.57,--,1,1157,买盘
545,14:25:06,11.57,--,6,6942,买盘
546,14:24:57,11.57,0.01,27,31239,买盘
547,14:24:54,11.56,--,319,369700,买盘
548,14:24:51,11.56,0.01,8,9248,买盘
549,14:24:48,11.55,--,17,19635,卖盘
550,14:24:45,11.55,-0.01,3,3465,卖盘
551,14:24:42,11.56,--,2,2312,买盘
552,14:24:39,11.56,--,38,43928,买盘
553,14:24:36,11.56,--,510,589560,买盘
554,14:24:30,11.56,--,1,1156,买盘
555,14:24:27,11.56,--,21,24276,买盘
556,14:24:24,11.56,0.01,32,36992,买盘
557,14:24:18,11.55,-0.01,1,1155,卖盘
558,14:24:15,11.56,-0.01,167,193271,卖盘
559,14:24:12,11.57,--,11,12727,买盘
560,14:24:09,11.57,0.01,22,25454,买盘
561,14:24:06,11.56,-0.01,6,6936,卖盘
562,14:24:03,11.57,--,1,1157,买盘
563,14:24:00,11.57,--,65,75205,买盘
564,14:23:57,11.57,--,1,1157,买盘
565,14:23:51,11.57,0.01,3,3471,买盘
566,14:23:48,11.56,--,506,585872,买盘
567,14:23:45,11.56,--,12,13872,买盘
568,14:23:39,11.56,--,6,6936,买盘
569,14:23:36,11.56,--,6,6936,买盘
570,14:23:30,11.56,0.01,1,1156,买盘
571,14:23:27,11.55,-0.01,5,5775,卖盘
572,14:23:24,11.56,--,2,2312,买盘
573,14:23:21,11.56,--,171,197676,买盘
574,14:23:12,11.56,--,2,2312,买盘
575,14:23:09,11.56,--,36,41616,买盘
576,14:23:06,11.56,0.01,3,3468,买盘
577,14:23:03,11.55,-0.01,4,4620,卖盘
578,14:22:57,11.56,0.01,1,1156,买盘
579,14:22:54,11.55,-0.01,1,1155,卖盘
580,14:22:51,11.56,0.01,2,2312,买盘
581,14:22:48,11.55,-0.01,21,24255,卖盘
582,14:22:36,11.56,--,3,3468,买盘
583,14:22:33,11.56,--,20,23120,买盘
584,14:22:30,11.56,--,1,1156,买盘
585,14:22:27,11.56,--,5,5780,买盘
586,14:22:21,11.56,0.01,2,2312,买盘
587,14:22:18,11.55,--,3,3465,卖盘
588,14:22:09,11.55,-0.01,5,5775,卖盘
589,14:22:06,11.56,--,1,1156,买盘
590,14:22:03,11.56,--,1,1156,买盘
591,14:21:51,11.56,0.01,3,3468,买盘
592,14:21:48,11.55,--,37,42735,卖盘
593,14:21:45,11.55,--,9,10395,卖盘
594,14:21:39,11.55,--,81,93555,卖盘
595,14:21:36,11.55,--,9,10395,卖盘
596,14:21:33,11.55,--,17,19635,买盘
597,14:21:30,11.55,--,1,1155,买盘
598,14:21:27,11.55,--,13,15015,买盘
599,14:21:24,11.55,--,14,16170,买盘
600,14:21:21,11.55,--,13,15015,买盘
601,14:21:15,11.55,-0.01,148,170940,卖盘
602,14:21:12,11.56,0.01,2,2312,买盘
603,14:21:06,11.55,--,5,5775,卖盘
604,14:21:03,11.55,--,1000,1155000,卖盘
605,14:21:00,11.55,--,2,2310,卖盘
606,14:20:57,11.55,--,8,9240,卖盘
607,14:20:54,11.55,-0.01,1,1155,卖盘
608,14:20:51,11.56,--,337,389791,卖盘
609,14:20:48,11.56,--,26,30056,卖盘
610,14:20:42,11.56,--,50,57800,卖盘
611,14:20:39,11.56,-0.01,299,346580,卖盘
612,14:20:33,11.57,--,1,1157,买盘
613,14:20:27,11.57,0.01,55,63635,买盘
614,14:20:24,11.56,--,310,358360,卖盘
615,14:20:21,11.56,-0.01,11,12716,卖盘
616,14:20:18,11.57,--,16,18512,买盘
617,14:20:15,11.57,--,9,10413,买盘
618,14:20:06,11.57,--,1,1157,买盘
619,14:20:03,11.57,--,41,47437,买盘
620,14:19:57,11.57,--,1,1157,买盘
621,14:19:54,11.57,--,7,8099,买盘
622,14:19:51,11.57,0.01,4,4628,买盘
623,14:19:48,11.56,-0.01,52,60112,卖盘
624,14:19:45,11.57,0.01,33,38181,买盘
625,14:19:42,11.56,--,4,4624,卖盘
626,14:19:39,11.56,--,4,4624,卖盘
627,14:19:33,11.56,--,16,18496,卖盘
628,14:19:18,11.56,-0.01,4,4624,卖盘
629,14:19:15,11.57,--,10,11570,买盘
630,14:19:12,11.57,--,202,233714,卖盘
631,14:19:09,11.57,--,21,24297,卖盘
632,14:19:06,11.57,--,56,64792,卖盘
633,14:18:57,11.57,--,5,5785,卖盘
634,14:18:54,11.57,--,1,1157,卖盘
635,14:18:51,11.57,--,12,13884,卖盘
636,14:18:48,11.57,--,47,54379,卖盘
637,14:18:36,11.57,--,11,12727,卖盘
638,14:18:33,11.57,-0.01,1,1157,卖盘
639,14:18:30,11.58,--,1,1158,买盘
640,14:18:27,11.58,--,1,1158,买盘
641,14:18:21,11.58,--,10,11580,买盘
642,14:18:18,11.58,--,24,27792,买盘
643,14:18:15,11.58,--,1,1158,买盘
644,14:18:12,11.58,0.01,1,1158,买盘
645,14:18:09,11.57,-0.01,2,2314,卖盘
646,14:18:06,11.58,0.01,1,1158,买盘
647,14:18:03,11.57,-0.01,5,5785,卖盘
648,14:17:57,11.58,0.01,21,24318,买盘
649,14:17:54,11.57,--,70,80990,买盘
650,14:17:51,11.57,0.01,63,72891,买盘
651,14:17:48,11.56,-0.01,74,85544,卖盘
652,14:17:45,11.57,0.01,53,61321,买盘
653,14:17:42,11.56,-0.01,4,4624,卖盘
654,14:17:39,11.57,0.01,12,13884,买盘
655,14:17:33,11.56,-0.01,1,1156,卖盘
656,14:17:27,11.57,-0.01,40,46280,卖盘
657,14:17:24,11.58,0.01,1,1158,买盘
658,14:17:21,11.57,--,4,4628,卖盘
659,14:17:18,11.57,--,180,208260,买盘
660,14:17:15,11.57,0.01,1,1157,买盘
661,14:17:09,11.56,-0.01,1,1156,卖盘
662,14:17:06,11.57,--,37,42809,买盘
663,14:17:03,11.57,0.01,5,5785,买盘
664,14:17:00,11.56,-0.01,127,146812,卖盘
665,14:16:57,11.57,--,13,15041,卖盘
666,14:16:54,11.57,--,2,2314,卖盘
667,14:16:51,11.57,--,13,15041,卖盘
668,14:16:48,11.57,--,30,34710,卖盘
669,14:16:42,11.57,--,384,444288,买盘
670,14:16:39,11.57,0.01,22,25454,买盘
671,14:16:33,11.56,--,15,17340,卖盘
672,14:16:30,11.56,-0.01,5,5780,卖盘
673,14:16:27,11.57,--,7,8099,买盘
674,14:16:24,11.57,0.01,7,8099,买盘
675,14:16:21,11.56,--,185,213860,买盘
676,14:16:18,11.56,--,12,13872,买盘
677,14:16:15,11.56,--,6,6936,买盘
678,14:16:12,11.56,-0.01,478,552568,卖盘
679,14:16:06,11.57,0.01,12,13884,买盘
680,14:16:03,11.56,--,355,410380,卖盘
681,14:16:00,11.56,--,74,85544,买盘
682,14:15:57,11.56,--,71,82076,买盘
683,14:15:54,11.56,--,63,72828,买盘
684,14:15:51,11.56,0.01,57,65892,买盘
685,14:15:48,11.55,--,154,177870,卖盘
686,14:15:42,11.55,-0.01,4,4620,卖盘
687,14:15:39,11.56,0.01,12,13872,买盘
688,14:15:33,11.55,-0.01,7,8085,卖盘
689,14:15:24,11.56,--,19,21964,买盘
690,14:15:21,11.56,--,32,36992,买盘
691,14:15:18,11.56,0.01,16,18496,买盘
692,14:15:15,11.55,-0.01,22,25410,卖盘
693,14:15:12,11.56,--,1,1156,买盘
694,14:15:09,11.56,--,157,181492,买盘
695,14:15:06,11.56,--,56,64736,买盘
696,14:15:03,11.56,0.01,62,71672,买盘
697,14:15:00,11.55,-0.01,23,26565,卖盘
698,14:14:57,11.56,--,34,39304,卖盘
699,14:14:54,11.56,-0.01,8,9248,卖盘
700,14:14:51,11.57,0.01,21,24297,买盘
701,14:14:48,11.56,--,42,48552,卖盘
702,14:14:42,11.56,-0.01,5,5780,卖盘
703,14:14:39,11.57,0.01,300,347100,买盘
704,14:14:36,11.56,--,3,3468,买盘
705,14:14:33,11.56,--,6,6936,买盘
706,14:14:30,11.56,0.01,10,11560,买盘
707,14:14:24,11.55,-0.01,44,50820,卖盘
708,14:14:21,11.56,--,6,6936,买盘
709,14:14:18,11.56,--,34,39304,买盘
710,14:14:15,11.56,-0.01,95,109820,卖盘
711,14:14:12,11.57,--,16,18512,买盘
712,14:14:06,11.57,0.01,13,15041,买盘
713,14:14:00,11.56,0.01,23,26588,卖盘
714,14:13:57,11.55,-0.01,78,90090,卖盘
715,14:13:54,11.56,-0.01,10,11560,卖盘
716,14:13:51,11.57,0.01,2,2314,买盘
717,14:13:48,11.56,--,48,55488,卖盘
718,14:13:45,11.56,--,4,4624,卖盘
719,14:13:42,11.56,--,6,6936,卖盘
720,14:13:39,11.56,--,179,207409,买盘
721,14:13:33,11.56,--,1,1156,买盘
722,14:13:30,11.56,0.01,10,11560,买盘
723,14:13:27,11.55,-0.01,5,5775,卖盘
724,14:13:21,11.56,--,201,232356,买盘
725,14:13:18,11.56,--,12,13872,买盘
726,14:13:12,11.56,--,10,11560,买盘
727,14:13:09,11.56,0.01,42,48552,买盘
728,14:13:06,11.55,-0.01,212,244860,卖盘
729,14:13:03,11.56,--,3,3468,买盘
730,14:13:00,11.56,--,20,23120,买盘
731,14:12:57,11.56,0.01,1,1156,买盘
732,14:12:54,11.55,-0.01,1,1155,卖盘
733,14:12:48,11.56,--,38,43928,买盘
734,14:12:39,11.56,--,13,15028,买盘
735,14:12:33,11.56,0.01,1,1156,买盘
736,14:12:27,11.55,--,3,3465,卖盘
737,14:12:24,11.55,--,60,69300,卖盘
738,14:12:21,11.55,--,35,40425,卖盘
739,14:12:18,11.55,--,20,23100,卖盘
740,14:12:15,11.55,--,8,9240,卖盘
741,14:12:12,11.55,--,223,257565,买盘
742,14:12:06,11.55,0.01,12,13860,买盘
743,14:12:03,11.54,-0.01,9,10386,卖盘
744,14:12:00,11.55,--,19,21945,买盘
745,14:11:57,11.55,0.01,1,1155,买盘
746,14:11:51,11.54,--,35,40390,卖盘
747,14:11:48,11.54,-0.01,112,129247,卖盘
748,14:11:45,11.55,--,20,23100,买盘
749,14:11:42,11.55,--,33,38115,买盘
750,14:11:39,11.55,--,12,13860,买盘
751,14:11:33,11.55,0.01,26,30030,买盘
752,14:11:30,11.54,--,3,3461,卖盘
753,14:11:24,11.54,-0.01,20,23080,卖盘
754,14:11:21,11.55,--,1,1155,买盘
755,14:11:18,11.55,--,12,13860,买盘
756,14:11:12,11.55,0.01,6,6930,买盘
757,14:11:03,11.54,0.01,12,14228,买盘
758,14:10:57,11.53,-0.01,32,36896,卖盘
759,14:10:54,11.54,--,136,156944,买盘
760,14:10:51,11.54,--,210,243113,卖盘
761,14:10:48,11.54,-0.01,50,57699,卖盘
762,14:10:45,11.55,--,15,17325,买盘
763,14:10:42,11.55,0.01,4,4620,买盘
764,14:10:39,11.54,-0.01,100,115399,卖盘
765,14:10:36,11.55,0.01,42,48510,买盘
766,14:10:27,11.54,-0.01,20,23080,卖盘
767,14:10:24,11.55,0.01,6,6930,买盘
768,14:10:21,11.54,--,18,21152,买盘
769,14:10:18,11.54,--,9,10386,买盘
770,14:10:15,11.54,--,12,13847,买盘
771,14:10:09,11.54,-0.01,144,166949,卖盘
772,14:10:06,11.55,--,9,10395,买盘
773,14:10:03,11.55,0.01,12,13860,买盘
774,14:10:00,11.54,-0.01,3,3461,卖盘
775,14:09:57,11.55,0.02,5,6156,买盘
776,14:09:54,11.53,-0.01,23,26519,卖盘
777,14:09:51,11.54,0.01,40,46160,买盘
778,14:09:48,11.53,-0.01,45,51885,卖盘
779,14:09:45,11.54,--,62,71548,买盘
780,14:09:42,11.54,--,8,9232,买盘
781,14:09:39,11.54,--,8,9232,买盘
782,14:09:36,11.54,--,11,12693,买盘
783,14:09:33,11.54,-0.01,99,115019,卖盘
784,14:09:30,11.55,--,10,11550,买盘
785,14:09:21,11.55,0.01,141,162855,买盘
786,14:09:18,11.54,-0.01,31,35774,卖盘
787,14:09:12,11.55,0.01,1,1155,买盘
788,14:09:06,11.54,--,21,24614,买盘
789,14:09:03,11.54,--,34,39236,买盘
790,14:09:00,11.54,0.01,781,901273,买盘
791,14:08:57,11.53,-0.01,19,21907,卖盘
792,14:08:54,11.54,--,11,12693,买盘
793,14:08:51,11.54,0.01,11,12693,买盘
794,14:08:48,11.53,-0.01,250,288250,卖盘
795,14:08:45,11.54,--,36,41544,买盘
796,14:08:42,11.54,--,20,23080,买盘
797,14:08:39,11.54,--,3,3461,买盘
798,14:08:33,11.54,--,12,13847,买盘
799,14:08:30,11.54,--,1,1154,买盘
800,14:08:27,11.54,0.01,9,10386,买盘
801,14:08:24,11.53,-0.01,2,2306,卖盘
802,14:08:21,11.54,0.01,1,1154,买盘
803,14:08:18,11.53,-0.01,8,9224,卖盘
804,14:08:15,11.54,0.01,13,15001,买盘
805,14:08:12,11.53,--,601,692953,卖盘
806,14:08:09,11.53,--,121,139513,卖盘
807,14:08:03,11.53,-0.01,24,27672,卖盘
808,14:07:57,11.54,--,7,8077,买盘
809,14:07:54,11.54,0.01,25,28849,买盘
810,14:07:48,11.53,-0.01,33,38049,卖盘
811,14:07:45,11.54,0.01,30,34620,买盘
812,14:07:39,11.53,--,22,25366,卖盘
813,14:07:36,11.53,--,40,46120,卖盘
814,14:07:33,11.53,-0.01,1,1153,卖盘
815,14:07:30,11.54,--,56,64623,买盘
816,14:07:27,11.54,0.01,125,144250,买盘
817,14:07:18,11.53,-0.01,1,1153,卖盘
818,14:07:15,11.54,0.01,12,13847,买盘
819,14:07:12,11.53,-0.01,4,4612,卖盘
820,14:07:00,11.54,--,2,2308,买盘
821,14:06:57,11.54,0.01,23,26541,买盘
822,14:06:54,11.53,-0.01,11,12683,卖盘
823,14:06:51,11.54,0.01,8,9232,买盘
824,14:06:48,11.53,-0.01,42,48426,卖盘
825,14:06:45,11.54,0.01,16,18464,买盘
826,14:06:42,11.53,-0.01,11,12683,卖盘
827,14:06:39,11.54,--,1,1154,买盘
828,14:06:33,11.54,0.01,1,1154,买盘
829,14:06:30,11.53,-0.01,27,31131,卖盘
830,14:06:24,11.54,--,16,18464,买盘
831,14:06:21,11.54,0.01,12,13847,买盘
832,14:06:18,11.53,-0.01,16,18448,卖盘
833,14:06:12,11.54,--,1,1154,买盘
834,14:06:09,11.54,0.01,10,11540,买盘
835,14:06:06,11.53,-0.01,3,3459,卖盘
836,14:06:03,11.54,0.01,8,9232,买盘
837,14:06:00,11.53,-0.01,123,141819,卖盘
838,14:05:51,11.54,0.01,1,1154,买盘
839,14:05:48,11.53,-0.01,45,51885,卖盘
840,14:05:45,11.54,--,9,10386,买盘
841,14:05:42,11.54,--,48,55391,买盘
842,14:05:39,11.54,0.01,1,1154,买盘
843,14:05:36,11.53,--,3,3459,卖盘
844,14:05:30,11.53,-0.01,52,59956,卖盘
845,14:05:15,11.54,--,16,18464,买盘
846,14:05:12,11.54,0.01,1,1154,买盘
847,14:05:09,11.53,--,14,16142,卖盘
848,14:05:06,11.53,-0.01,25,28825,卖盘
849,14:05:03,11.54,0.01,3,3461,买盘
850,14:05:00,11.53,--,20,23060,卖盘
851,14:04:57,11.53,-0.01,1,1153,卖盘
852,14:04:54,11.54,0.01,5,5770,买盘
853,14:04:51,11.53,--,4,4612,卖盘
854,14:04:48,11.53,-0.01,69,79557,卖盘
855,14:04:45,11.54,0.01,1,1154,买盘
856,14:04:42,11.53,-0.01,11,12683,卖盘
857,14:04:39,11.54,--,6,6923,买盘
858,14:04:36,11.54,0.01,3,3461,买盘
859,14:04:21,11.53,--,5,5765,卖盘
860,14:04:18,11.53,-0.01,10,11530,卖盘
861,14:04:15,11.54,--,48,55391,买盘
862,14:04:12,11.54,--,32,36928,买盘
863,14:04:00,11.54,0.01,1,1154,买盘
864,14:03:54,11.53,-0.01,15,17295,卖盘
865,14:03:51,11.54,0.01,2,2308,买盘
866,14:03:48,11.53,--,52,59956,卖盘
867,14:03:45,11.53,--,58,66874,卖盘
868,14:03:42,11.53,-0.01,59,68027,卖盘
869,14:03:39,11.54,0.01,5,5770,买盘
870,14:03:36,11.53,--,40,46120,卖盘
871,14:03:33,11.53,--,129,148737,卖盘
872,14:03:24,11.53,--,5,5765,卖盘
873,14:03:21,11.53,--,1,1153,卖盘
874,14:03:18,11.53,--,18,20754,卖盘
875,14:03:12,11.53,--,5,5765,卖盘
876,14:02:57,11.53,--,1,1153,卖盘
877,14:02:54,11.53,-0.01,55,63415,卖盘
878,14:02:51,11.54,0.01,6,6923,买盘
879,14:02:48,11.53,-0.01,40,46120,卖盘
880,14:02:45,11.54,0.01,3,3461,买盘
881,14:02:42,11.53,-0.01,11,12683,卖盘
882,14:02:39,11.54,--,1,1154,买盘
883,14:02:36,11.54,0.01,1,1154,买盘
884,14:02:30,11.53,-0.01,5,5765,卖盘
885,14:02:27,11.54,--,5,5770,买盘
886,14:02:24,11.54,0.01,1,1154,买盘
887,14:02:15,11.53,--,50,57650,卖盘
888,14:02:09,11.53,-0.01,20,23060,卖盘
889,14:02:06,11.54,--,1,1154,买盘
890,14:01:57,11.54,0.01,7,8077,买盘
891,14:01:54,11.53,--,4,4612,卖盘
892,14:01:48,11.53,-0.01,61,70333,卖盘
893,14:01:45,11.54,--,24,27695,买盘
894,14:01:39,11.54,0.01,1,1154,买盘
895,14:01:36,11.53,-0.01,4,4612,卖盘
896,14:01:24,11.54,--,174,200795,买盘
897,14:01:18,11.54,0.01,17,19618,买盘
898,14:01:12,11.53,-0.01,4,4612,卖盘
899,14:01:09,11.54,--,5,5770,买盘
900,14:01:00,11.54,--,4,4616,买盘
901,14:00:57,11.54,--,2,2308,买盘
902,14:00:54,11.54,0.01,12,13847,买盘
903,14:00:48,11.53,-0.01,108,124524,卖盘
904,14:00:45,11.54,--,3,3461,买盘
905,14:00:39,11.54,--,12,13847,买盘
906,14:00:33,11.54,--,7,8077,买盘
907,14:00:27,11.54,--,5,5770,买盘
908,14:00:21,11.54,0.01,1,1154,买盘
909,14:00:18,11.53,-0.01,3,3459,卖盘
910,14:00:12,11.54,--,1,1154,买盘
911,14:00:06,11.54,0.01,12,13847,买盘
912,14:00:03,11.53,--,27,31131,买盘
913,14:00:00,11.53,--,57,65721,买盘
914,13:59:57,11.53,--,84,96852,卖盘
915,13:59:48,11.53,-0.01,36,41508,卖盘
916,13:59:45,11.54,--,3,3461,买盘
917,13:59:39,11.54,--,1,1154,买盘
918,13:59:36,11.54,0.01,5,5770,买盘
919,13:59:33,11.53,--,24,27672,卖盘
920,13:59:30,11.53,-0.01,100,115300,卖盘
921,13:59:27,11.54,0.01,6,6923,买盘
922,13:59:24,11.53,-0.01,3,3459,卖盘
923,13:59:21,11.54,--,29,33466,买盘
924,13:59:12,11.54,0.01,1,1154,买盘
925,13:59:09,11.53,-0.01,27,31131,卖盘
926,13:59:06,11.54,--,11,12693,买盘
927,13:58:57,11.54,0.02,13,15001,买盘
928,13:58:48,11.52,-0.02,34,39168,卖盘
929,13:58:45,11.54,0.01,10,11540,买盘
930,13:58:42,11.53,0.01,20,23060,买盘
931,13:58:39,11.52,-0.01,25,28800,卖盘
932,13:58:36,11.53,--,36,41508,买盘
933,13:58:30,11.53,0.01,10,11530,买盘
934,13:58:27,11.52,-0.01,11,12672,卖盘
935,13:58:24,11.53,0.01,6,6918,买盘
936,13:58:21,11.52,--,50,57600,卖盘
937,13:58:18,11.52,-0.01,2,2304,卖盘
938,13:58:15,11.53,0.01,119,137207,买盘
939,13:58:12,11.52,-0.01,200,230400,卖盘
940,13:58:09,11.53,--,1,1153,买盘
941,13:58:03,11.53,0.01,35,40355,买盘
942,13:58:00,11.52,-0.01,30,34560,卖盘
943,13:57:57,11.53,--,2,2306,买盘
944,13:57:54,11.53,--,8,9224,买盘
945,13:57:51,11.53,0.01,12,13836,买盘
946,13:57:48,11.52,-0.01,37,42624,卖盘
947,13:57:45,11.53,--,3,3459,买盘
948,13:57:42,11.53,--,10,11530,买盘
949,13:57:39,11.53,--,9,10377,买盘
950,13:57:36,11.53,--,18,20754,买盘
951,13:57:33,11.53,--,26,29978,买盘
952,13:57:30,11.53,--,8,9224,买盘
953,13:57:15,11.53,--,256,295168,买盘
954,13:57:12,11.53,--,37,42661,买盘
955,13:57:06,11.53,--,1,1153,买盘
956,13:57:03,11.53,0.01,100,115300,买盘
957,13:57:00,11.52,-0.01,2,2304,卖盘
958,13:56:57,11.53,0.01,2,2306,买盘
959,13:56:54,11.52,--,3,3456,卖盘
960,13:56:51,11.52,--,27,31104,卖盘
961,13:56:48,11.52,-0.01,50,57600,卖盘
962,13:56:45,11.53,0.01,3,3459,买盘
963,13:56:39,11.52,-0.01,21,24192,卖盘
964,13:56:36,11.53,--,5,5765,买盘
965,13:56:33,11.53,--,8,9224,买盘
966,13:56:30,11.53,0.01,100,115300,买盘
967,13:56:21,11.52,-0.01,496,571392,卖盘
968,13:56:18,11.53,0.01,112,129136,买盘
969,13:56:09,11.52,--,16,18432,卖盘
970,13:56:06,11.52,-0.01,12,13824,卖盘
971,13:56:03,11.53,0.01,132,152196,买盘
972,13:56:00,11.52,-0.01,10,11520,卖盘
973,13:55:57,11.53,--,4,4612,买盘
974,13:55:51,11.53,0.01,7,8071,买盘
975,13:55:48,11.52,--,57,65664,卖盘
976,13:55:45,11.52,-0.01,10,11520,卖盘
977,13:55:42,11.53,0.01,3,3459,买盘
978,13:55:36,11.52,-0.01,196,225792,卖盘
979,13:55:33,11.53,0.01,232,267496,买盘
980,13:55:30,11.52,-0.01,343,395136,卖盘
981,13:55:21,11.53,--,1,1153,买盘
982,13:55:12,11.53,0.01,5,5765,买盘
983,13:55:00,11.52,-0.01,18,20736,卖盘
984,13:54:57,11.53,0.01,101,116453,买盘
985,13:54:54,11.52,--,77,88704,卖盘
986,13:54:48,11.52,-0.01,30,34560,卖盘
987,13:54:45,11.53,--,8,9224,买盘
988,13:54:42,11.53,--,6,6918,买盘
989,13:54:39,11.53,--,5,5765,买盘
990,13:54:36,11.53,--,4,4612,买盘
991,13:54:33,11.53,--,26,29978,买盘
992,13:54:30,11.53,--,40,46120,买盘
993,13:54:24,11.53,--,71,81863,买盘
994,13:54:21,11.53,0.01,1,1153,买盘
995,13:54:18,11.52,-0.01,7,8064,卖盘
996,13:54:12,11.53,0.01,1,1153,买盘
997,13:54:09,11.52,-0.01,1,1152,卖盘
998,13:54:03,11.53,--,10,11530,卖盘
999,13:53:57,11.53,--,13,14989,卖盘
1000,13:53:51,11.53,-0.01,375,432375,卖盘
1001,13:53:48,11.54,--,41,47314,买盘
1002,13:53:45,11.54,0.01,7,8077,买盘
1003,13:53:39,11.53,--,43,49579,卖盘
1004,13:53:36,11.53,--,44,50732,卖盘
1005,13:53:27,11.53,--,6,6918,卖盘
1006,13:53:24,11.53,--,3,3459,卖盘
1007,13:53:21,11.53,--,11,12683,卖盘
1008,13:53:15,11.53,-0.01,5,5765,卖盘
1009,13:53:12,11.54,0.01,1,1154,买盘
1010,13:53:06,11.53,-0.02,42,48426,卖盘
1011,13:52:54,11.55,0.01,16,18480,买盘
1012,13:52:51,11.54,0.01,3,3461,中性盘
1013,13:52:48,11.53,-0.02,48,55344,卖盘
1014,13:52:42,11.55,--,3,3465,买盘
1015,13:52:39,11.55,0.02,31,35805,买盘
1016,13:52:36,11.53,-0.02,20,23060,卖盘
1017,13:52:33,11.55,--,121,139755,买盘
1018,13:52:27,11.55,0.02,17,19635,买盘
1019,13:52:24,11.53,-0.02,5,5765,卖盘
1020,13:52:21,11.55,--,3,3465,买盘
1021,13:52:15,11.55,--,21,24255,买盘
1022,13:52:12,11.55,0.02,1,1155,买盘
1023,13:52:00,11.53,-0.02,16,18448,卖盘
1024,13:51:54,11.55,0.02,305,352275,买盘
1025,13:51:48,11.53,-0.02,53,61109,卖盘
1026,13:51:45,11.55,0.02,3,3465,买盘
1027,13:51:39,11.53,--,100,115300,卖盘
1028,13:51:36,11.53,-0.02,105,121065,卖盘
1029,13:51:21,11.55,--,7,8085,买盘
1030,13:51:18,11.55,--,1,1155,买盘
1031,13:51:15,11.55,0.02,1,1155,买盘
1032,13:51:12,11.53,--,5,5765,卖盘
1033,13:51:06,11.53,-0.02,10,11530,卖盘
1034,13:50:54,11.55,0.02,1,1155,买盘
1035,13:50:51,11.53,0.01,39,44967,买盘
1036,13:50:48,11.52,--,92,105984,卖盘
1037,13:50:45,11.52,-0.01,5,5760,卖盘
1038,13:50:42,11.53,--,2,2306,买盘
1039,13:50:39,11.53,--,3,3459,卖盘
1040,13:50:36,11.53,--,2161,2491633,买盘
1041,13:50:33,11.53,0.01,376,433528,买盘
1042,13:50:30,11.52,--,50,57600,卖盘
1043,13:50:27,11.52,-0.01,201,231552,卖盘
1044,13:50:21,11.53,0.01,100,115300,买盘
1045,13:50:18,11.52,-0.01,2,2304,卖盘
1046,13:50:15,11.53,0.01,58,66874,买盘
1047,13:50:12,11.52,-0.01,22,25344,卖盘
1048,13:50:03,11.53,0.01,25,28825,买盘
1049,13:49:57,11.52,-0.01,47,54144,卖盘
1050,13:49:54,11.53,--,21,24213,买盘
1051,13:49:48,11.53,--,67,77251,买盘
1052,13:49:45,11.53,--,8,9224,买盘
1053,13:49:42,11.53,0.01,3,3459,买盘
1054,13:49:39,11.52,-0.01,20,23040,卖盘
1055,13:49:33,11.53,0.01,1,1153,买盘
1056,13:49:30,11.52,--,10,11520,卖盘
1057,13:49:24,11.52,-0.01,13,14976,卖盘
1058,13:49:21,11.53,--,1,1153,买盘
1059,13:49:18,11.53,0.01,32,36896,买盘
1060,13:49:12,11.52,-0.01,18,20736,卖盘
1061,13:49:09,11.53,--,124,142972,买盘
1062,13:49:06,11.53,--,46,53038,买盘
1063,13:49:00,11.53,--,111,127983,卖盘
1064,13:48:54,11.53,--,18,20754,卖盘
1065,13:48:51,11.53,--,25,28825,卖盘
1066,13:48:48,11.53,--,62,71486,卖盘
1067,13:48:45,11.53,-0.01,14,16142,卖盘
1068,13:48:42,11.54,0.01,8,9232,买盘
1069,13:48:39,11.53,--,5,5765,卖盘
1070,13:48:33,11.53,-0.01,20,23060,卖盘
1071,13:48:18,11.54,0.01,2,2308,买盘
1072,13:48:15,11.53,-0.01,5,5765,卖盘
1073,13:48:12,11.54,0.01,1,1154,买盘
1074,13:48:09,11.53,-0.01,1,1153,卖盘
1075,13:48:06,11.54,0.01,115,132710,买盘
1076,13:48:03,11.53,--,73,85241,卖盘
1077,13:48:00,11.53,--,83,95779,卖盘
1078,13:47:57,11.53,--,72,83016,卖盘
1079,13:47:51,11.53,--,652,751756,卖盘
1080,13:47:48,11.53,-0.01,34,39202,卖盘
1081,13:47:42,11.54,--,201,231953,买盘
1082,13:47:39,11.54,0.01,2,2308,买盘
1083,13:47:36,11.53,-0.01,11,12683,卖盘
1084,13:47:33,11.54,--,21,24234,买盘
1085,13:47:30,11.54,0.01,10,11540,买盘
1086,13:47:24,11.53,-0.01,5,5765,卖盘
1087,13:47:21,11.54,--,21,24234,买盘
1088,13:47:18,11.54,--,10,11540,买盘
1089,13:47:12,11.54,--,676,780104,卖盘
1090,13:47:09,11.54,--,35,40390,卖盘
1091,13:47:06,11.54,-0.01,1,1154,卖盘
1092,13:47:03,11.55,0.01,1,1155,买盘
1093,13:47:00,11.54,-0.01,5,5770,卖盘
1094,13:46:57,11.55,--,66,76230,买盘
1095,13:46:51,11.55,0.01,2,2310,买盘
1096,13:46:48,11.54,--,34,39236,卖盘
1097,13:46:45,11.54,--,12,13847,卖盘
1098,13:46:42,11.54,-0.01,320,369280,卖盘
1099,13:46:39,11.55,0.01,80,92400,买盘
1100,13:46:36,11.54,-0.01,25,28849,卖盘
1101,13:46:27,11.55,--,1,1155,买盘
1102,13:46:12,11.55,0.01,5,5775,买盘
1103,13:46:09,11.54,--,5,5770,卖盘
1104,13:46:03,11.54,-0.01,3,3461,卖盘
1105,13:45:54,11.55,0.01,142,164010,买盘
1106,13:45:48,11.54,--,30,34620,卖盘
1107,13:45:45,11.54,-0.01,16,18464,卖盘
1108,13:45:42,11.55,--,3,3465,买盘
1109,13:45:39,11.55,--,10,11550,买盘
1110,13:45:36,11.55,0.01,79,91245,买盘
1111,13:45:30,11.54,-0.01,1,1154,卖盘
1112,13:45:27,11.55,0.01,2,2310,买盘
1113,13:45:24,11.54,--,13,15001,卖盘
1114,13:45:21,11.54,--,5,5770,卖盘
1115,13:45:12,11.54,-0.01,1,1154,卖盘
1116,13:45:09,11.55,--,33,38115,买盘
1117,13:45:06,11.55,--,178,206340,卖盘
1118,13:45:03,11.55,--,10,11550,卖盘
1119,13:45:00,11.55,--,14,16170,卖盘
1120,13:44:57,11.55,--,504,582120,卖盘
1121,13:44:54,11.55,-0.01,5,5775,卖盘
1122,13:44:51,11.56,0.01,10,11560,买盘
1123,13:44:48,11.55,--,52,60060,卖盘
1124,13:44:42,11.55,-0.01,11,12705,卖盘
1125,13:44:39,11.56,--,9,10404,买盘
1126,13:44:36,11.56,--,338,391826,买盘
1127,13:44:30,11.56,--,110,127160,卖盘
1128,13:44:24,11.56,0.01,400,462400,买盘
1129,13:44:18,11.55,-0.01,26,30030,卖盘
1130,13:44:15,11.56,--,50,57800,买盘
1131,13:44:12,11.56,0.01,26,30056,买盘
1132,13:44:06,11.55,-0.01,5,5775,卖盘
1133,13:43:57,11.56,--,33,38148,买盘
1134,13:43:54,11.56,--,1,1156,买盘
1135,13:43:48,11.56,0.01,128,147968,买盘
1136,13:43:45,11.55,-0.01,11,12705,卖盘
1137,13:43:42,11.56,0.01,3,3468,买盘
1138,13:43:39,11.55,-0.01,5,5775,卖盘
1139,13:43:33,11.56,--,12,13872,买盘
1140,13:43:30,11.56,--,128,147968,买盘
1141,13:43:24,11.56,--,6,6936,买盘
1142,13:43:21,11.56,0.01,1,1156,买盘
1143,13:43:15,11.55,-0.01,6,6930,卖盘
1144,13:43:12,11.56,0.01,1,1156,买盘
1145,13:43:06,11.55,-0.01,19,21945,卖盘
1146,13:43:03,11.56,--,15,17340,买盘
1147,13:43:00,11.56,0.01,20,23120,买盘
1148,13:42:57,11.55,--,45,51975,卖盘
1149,13:42:51,11.55,--,5,5775,卖盘
1150,13:42:48,11.55,--,34,39270,卖盘
1151,13:42:42,11.55,-0.01,11,12705,卖盘
1152,13:42:39,11.56,0.01,2,2312,买盘
1153,13:42:36,11.55,-0.01,13,15015,卖盘
1154,13:42:33,11.56,0.01,8,9248,买盘
1155,13:42:30,11.55,-0.01,110,127050,卖盘
1156,13:42:27,11.56,0.01,10,11560,买盘
1157,13:42:24,11.55,--,5,5775,卖盘
1158,13:42:21,11.55,-0.01,4,4620,卖盘
1159,13:42:18,11.56,--,7,8092,买盘
1160,13:42:09,11.56,0.01,15,17340,买盘
1161,13:42:00,11.55,-0.01,79,91245,卖盘
1162,13:41:54,11.56,--,85,98260,买盘
1163,13:41:51,11.56,--,2,2312,买盘
1164,13:41:48,11.56,0.01,58,67048,买盘
1165,13:41:42,11.55,--,1,1617,买盘
1166,13:41:39,11.55,--,64,74613,卖盘
1167,13:41:36,11.55,-0.01,112,129360,卖盘
1168,13:41:33,11.56,--,15,17340,买盘
1169,13:41:30,11.56,0.01,8,9248,买盘
1170,13:41:27,11.55,--,3,3465,卖盘
1171,13:41:24,11.55,--,60,69300,卖盘
1172,13:41:18,11.55,-0.01,4,4620,卖盘
1173,13:41:15,11.56,0.01,8,9248,买盘
1174,13:41:12,11.55,0.01,30,35112,买盘
1175,13:41:09,11.54,--,5,5770,卖盘
1176,13:41:06,11.54,--,4,4616,卖盘
1177,13:41:03,11.54,-0.01,6,6923,卖盘
1178,13:41:00,11.55,--,45,51975,买盘
1179,13:40:57,11.55,--,31,35805,买盘
1180,13:40:54,11.55,--,4,4620,买盘
1181,13:40:48,11.55,0.01,59,68145,买盘
1182,13:40:45,11.54,-0.01,103,118861,卖盘
1183,13:40:42,11.55,--,3,3465,买盘
1184,13:40:33,11.55,--,24,27720,买盘
1185,13:40:30,11.55,--,8,9240,买盘
1186,13:40:27,11.55,--,12,13860,买盘
1187,13:40:24,11.55,0.01,125,144375,买盘
1188,13:40:21,11.54,-0.01,36,41544,卖盘
1189,13:40:18,11.55,--,1,1155,买盘
1190,13:40:12,11.55,--,23,26565,买盘
1191,13:40:09,11.55,0.01,8,9240,买盘
1192,13:40:06,11.54,-0.01,1,1154,卖盘
1193,13:40:03,11.55,0.01,1,1155,买盘
1194,13:39:54,11.54,-0.01,5,5770,卖盘
1195,13:39:51,11.55,0.01,43,49665,买盘
1196,13:39:48,11.54,-0.01,39,45006,卖盘
1197,13:39:39,11.55,0.01,8,9240,买盘
1198,13:39:36,11.54,-0.01,34,39236,卖盘
1199,13:39:30,11.55,--,9,10395,买盘
1200,13:39:27,11.55,--,8,9240,买盘
1201,13:39:24,11.55,--,13,15015,买盘
1202,13:39:15,11.55,--,10,11550,买盘
1203,13:39:06,11.55,--,363,419265,买盘
1204,13:39:03,11.55,0.01,8,9240,买盘
1205,13:39:00,11.54,--,6,6923,卖盘
1206,13:38:57,11.54,--,20,23080,卖盘
1207,13:38:54,11.54,-0.01,98,113091,卖盘
1208,13:38:51,11.55,0.01,1,1155,买盘
1209,13:38:48,11.54,--,34,39236,卖盘
1210,13:38:45,11.54,-0.01,78,90012,卖盘
1211,13:38:42,11.55,0.01,2,2310,买盘
1212,13:38:39,11.54,--,14,16155,卖盘
1213,13:38:30,11.54,-0.01,17,19618,卖盘
1214,13:38:24,11.55,0.01,8,9240,买盘
1215,13:38:15,11.54,--,5,5770,卖盘
1216,13:38:09,11.54,--,4,4616,卖盘
1217,13:38:03,11.54,-0.01,115,132710,卖盘
1218,13:37:57,11.55,0.01,37,42735,买盘
1219,13:37:51,11.54,--,5,5770,卖盘
1220,13:37:48,11.54,-0.01,71,81934,卖盘
1221,13:37:45,11.55,--,1,1155,买盘
1222,13:37:42,11.55,--,83,95865,买盘
1223,13:37:39,11.55,--,29,33495,买盘
1224,13:37:36,11.55,--,56,64680,买盘
1225,13:37:33,11.55,--,1,1155,买盘
1226,13:37:30,11.55,--,10,11550,买盘
1227,13:37:24,11.55,--,84,97020,买盘
1228,13:37:21,11.55,--,55,63525,卖盘
1229,13:37:18,11.55,-0.01,41,47355,卖盘
1230,13:37:12,11.56,--,4,4624,买盘
1231,13:37:06,11.56,0.01,1,1156,买盘
1232,13:37:03,11.55,--,1,1155,卖盘
1233,13:37:00,11.55,0.01,1,1155,买盘
1234,13:36:57,11.54,-0.01,8,9232,卖盘
1235,13:36:54,11.55,0.01,114,131670,买盘
1236,13:36:51,11.54,--,115,132710,卖盘
1237,13:36:48,11.54,-0.01,52,60007,卖盘
1238,13:36:45,11.55,--,15,17325,买盘
1239,13:36:42,11.55,--,55,63525,买盘
1240,13:36:39,11.55,0.01,231,266805,买盘
1241,13:36:36,11.54,--,3,3461,卖盘
1242,13:36:33,11.54,-0.01,5,5770,卖盘
1243,13:36:30,11.55,--,318,367290,买盘
1244,13:36:21,11.55,--,31,35805,买盘
1245,13:36:18,11.55,--,100,115500,买盘
1246,13:36:15,11.55,--,197,227535,买盘
1247,13:36:09,11.55,--,1,1155,买盘
1248,13:36:06,11.55,--,12,13860,卖盘
1249,13:36:03,11.55,--,138,159390,卖盘
1250,13:36:00,11.55,--,11,12705,卖盘
1251,13:35:51,11.55,--,181,209309,买盘
1252,13:35:48,11.55,0.01,57,65835,买盘
1253,13:35:45,11.54,-0.01,24,27695,卖盘
1254,13:35:42,11.55,0.01,106,122430,买盘
1255,13:35:39,11.54,--,12,13847,卖盘
1256,13:35:36,11.54,-0.01,5,5770,卖盘
1257,13:35:33,11.55,--,20,23100,买盘
1258,13:35:30,11.55,--,106,122430,买盘
1259,13:35:27,11.55,--,10,11550,买盘
1260,13:35:24,11.55,--,17,19635,买盘
1261,13:35:21,11.55,--,81,93555,买盘
1262,13:35:18,11.55,--,17,19635,买盘
1263,13:35:15,11.55,--,17,19635,买盘
1264,13:35:12,11.55,--,14,16170,买盘
1265,13:35:09,11.55,--,39,45045,买盘
1266,13:35:06,11.55,0.01,40,46200,买盘
1267,13:35:03,11.54,-0.01,83,95782,卖盘
1268,13:35:00,11.55,--,6,6930,买盘
1269,13:34:57,11.55,--,8,9240,买盘
1270,13:34:54,11.55,0.01,109,125895,买盘
1271,13:34:51,11.54,--,5,5770,卖盘
1272,13:34:48,11.54,-0.01,40,46160,卖盘
1273,13:34:42,11.55,--,2,2310,买盘
1274,13:34:39,11.55,--,72,83160,买盘
1275,13:34:30,11.55,0.01,48,55440,买盘
1276,13:34:27,11.54,-0.01,5,5770,卖盘
1277,13:34:21,11.55,0.01,30,34650,买盘
1278,13:34:18,11.54,-0.01,25,28849,卖盘
1279,13:34:15,11.55,0.01,15,17325,买盘
1280,13:34:12,11.54,--,1,1154,卖盘
1281,13:34:09,11.54,-0.01,11,12693,卖盘
1282,13:34:06,11.55,0.01,130,150150,买盘
1283,13:34:03,11.54,-0.01,5,5770,卖盘
1284,13:34:00,11.55,--,13,15015,买盘
1285,13:33:57,11.55,0.01,14,16170,买盘
1286,13:33:48,11.54,-0.01,34,39236,卖盘
1287,13:33:42,11.55,--,12,13860,买盘
1288,13:33:39,11.55,0.01,3,3465,买盘
1289,13:33:36,11.54,--,15,17310,卖盘
1290,13:33:33,11.54,--,67,77318,卖盘
1291,13:33:30,11.54,--,43,49621,卖盘
1292,13:33:27,11.54,--,27,31157,卖盘
1293,13:33:18,11.54,-0.01,11,12693,卖盘
1294,13:33:15,11.55,--,31,35805,买盘
1295,13:33:12,11.55,0.01,38,43890,买盘
1296,13:33:09,11.54,-0.01,13,15001,卖盘
1297,13:33:06,11.55,0.01,1,1155,买盘
1298,13:33:00,11.54,-0.01,121,139634,卖盘
1299,13:32:57,11.55,--,7,8085,买盘
1300,13:32:54,11.55,0.01,5,5775,买盘
1301,13:32:51,11.54,--,16,18464,卖盘
1302,13:32:48,11.54,--,36,41544,卖盘
1303,13:32:42,11.54,--,11,12693,卖盘
1304,13:32:39,11.54,--,9,10386,卖盘
1305,13:32:36,11.54,-0.01,26,30003,卖盘
1306,13:32:33,11.55,0.01,12,13860,买盘
1307,13:32:21,11.54,--,71,81934,卖盘
1308,13:32:15,11.54,--,66,76164,卖盘
1309,13:32:12,11.54,--,1,1154,卖盘
1310,13:32:06,11.54,-0.01,1530,1765619,卖盘
1311,13:32:03,11.55,--,7,8085,买盘
1312,13:31:57,11.55,--,27,31185,买盘
1313,13:31:48,11.55,0.01,54,62370,买盘
1314,13:31:42,11.54,--,32,36928,卖盘
1315,13:31:39,11.54,--,3,3461,卖盘
1316,13:31:36,11.54,--,19,21926,卖盘
1317,13:31:27,11.54,-0.01,14,16155,卖盘
1318,13:31:18,11.55,--,1,1155,买盘
1319,13:31:12,11.55,0.01,10,11550,买盘
1320,13:31:09,11.54,-0.01,37,42698,卖盘
1321,13:31:06,11.55,--,9,10395,买盘
1322,13:31:03,11.55,--,9,10395,买盘
1323,13:30:57,11.55,--,17,19635,买盘
1324,13:30:51,11.55,0.01,51,58905,买盘
1325,13:30:48,11.54,-0.01,57,65778,卖盘
1326,13:30:45,11.55,0.01,10,11550,买盘
1327,13:30:42,11.54,-0.01,3,3461,卖盘
1328,13:30:39,11.55,0.01,890,1027950,买盘
1329,13:30:36,11.54,--,4,4616,卖盘
1330,13:30:33,11.54,--,1,1154,卖盘
1331,13:30:21,11.54,-0.01,100,115399,卖盘
1332,13:30:15,11.55,--,6,6930,买盘
1333,13:30:12,11.55,0.01,22,25410,买盘
1334,13:30:09,11.54,-0.01,69,79626,卖盘
1335,13:30:06,11.55,--,16,18480,买盘
1336,13:30:00,11.55,0.01,23,26565,买盘
1337,13:29:57,11.54,-0.01,42,48468,卖盘
1338,13:29:54,11.55,--,13,15015,买盘
1339,13:29:51,11.55,0.01,11,12705,买盘
1340,13:29:48,11.54,-0.01,37,42698,卖盘
1341,13:29:45,11.55,0.01,14,16170,买盘
1342,13:29:42,11.54,-0.01,5,5770,卖盘
1343,13:29:39,11.55,--,16,18480,买盘
1344,13:29:33,11.55,0.01,6,6930,买盘
1345,13:29:27,11.54,-0.01,103,118861,卖盘
1346,13:29:24,11.55,--,10,11550,买盘
1347,13:29:21,11.55,--,28,32340,买盘
1348,13:29:18,11.55,--,26,30030,买盘
1349,13:29:12,11.55,--,10,11550,买盘
1350,13:29:09,11.55,--,8,9240,买盘
1351,13:29:06,11.55,--,34,39270,买盘
1352,13:29:03,11.55,--,20,23100,买盘
1353,13:29:00,11.55,--,1,1155,买盘
1354,13:28:57,11.55,--,23,26565,买盘
1355,13:28:54,11.55,--,10,11550,买盘
1356,13:28:51,11.55,0.01,10,11550,买盘
1357,13:28:48,11.54,-0.01,48,55391,卖盘
1358,13:28:45,11.55,--,15,17325,买盘
1359,13:28:42,11.55,--,102,117810,买盘
1360,13:28:39,11.55,--,111,128205,买盘
1361,13:28:36,11.55,0.01,10,11550,买盘
1362,13:28:30,11.54,--,8,9232,卖盘
1363,13:28:24,11.54,0.01,598,690092,买盘
1364,13:28:21,11.53,-0.01,22,25366,卖盘
1365,13:28:12,11.54,--,30,34620,买盘
1366,13:28:09,11.54,0.01,15,17310,买盘
1367,13:28:06,11.53,-0.01,11,12683,卖盘
1368,13:28:03,11.54,--,20,23080,买盘
1369,13:28:00,11.54,--,7,8077,买盘
1370,13:27:57,11.54,0.01,1,1154,买盘
1371,13:27:54,11.53,-0.01,3,3459,卖盘
1372,13:27:48,11.54,--,41,47314,买盘
1373,13:27:45,11.54,--,10,11540,买盘
1374,13:27:39,11.54,--,10,11540,买盘
1375,13:27:30,11.54,--,17,19618,买盘
1376,13:27:27,11.54,--,22,25387,买盘
1377,13:27:21,11.54,--,3,3461,买盘
1378,13:27:15,11.54,--,25,28849,买盘
1379,13:27:12,11.54,--,11,12693,买盘
1380,13:27:09,11.54,--,6,6923,买盘
1381,13:27:06,11.54,--,18,20772,买盘
1382,13:27:03,11.54,0.01,19,21926,买盘
1383,13:26:57,11.53,-0.01,60,69180,卖盘
1384,13:26:54,11.54,--,15,17310,买盘
1385,13:26:51,11.54,--,66,76164,买盘
1386,13:26:48,11.54,--,47,54237,买盘
1387,13:26:42,11.54,--,50,57699,买盘
1388,13:26:39,11.54,--,7,8077,买盘
1389,13:26:30,11.54,0.01,7,8077,买盘
1390,13:26:27,11.53,-0.01,31,35743,卖盘
1391,13:26:21,11.54,-0.01,153,176562,卖盘
1392,13:26:12,11.55,0.01,134,154770,买盘
1393,13:26:09,11.54,--,30,34620,卖盘
1394,13:26:06,11.54,--,177,204257,买盘
1395,13:26:03,11.54,--,16,18464,买盘
1396,13:25:57,11.54,--,81,93474,买盘
1397,13:25:51,11.54,--,10,11540,买盘
1398,13:25:48,11.54,--,45,51929,买盘
1399,13:25:45,11.54,--,1,1154,买盘
1400,13:25:39,11.54,0.01,3,3461,买盘
1401,13:25:36,11.53,-0.01,5,5765,卖盘
1402,13:25:33,11.54,0.01,1,1154,买盘
1403,13:25:27,11.53,-0.01,11,12683,卖盘
1404,13:25:24,11.54,--,200,230799,买盘
1405,13:25:21,11.54,--,1,1154,买盘
1406,13:25:18,11.54,0.01,15,17310,买盘
1407,13:25:15,11.53,--,8,9224,卖盘
1408,13:25:12,11.53,--,64,73792,买盘
1409,13:25:09,11.53,--,95,109535,买盘
1410,13:25:06,11.53,0.01,71,81863,买盘
1411,13:25:03,11.52,-0.01,134,154368,卖盘
1412,13:25:00,11.53,--,10,11530,买盘
1413,13:24:57,11.53,--,25,28825,买盘
1414,13:24:54,11.53,--,204,235212,卖盘
1415,13:24:51,11.53,--,115,132595,卖盘
1416,13:24:48,11.53,--,65,74945,卖盘
1417,13:24:45,11.53,--,88,101464,买盘
1418,13:24:42,11.53,--,103,118759,买盘
1419,13:24:39,11.53,--,3,3459,买盘
1420,13:24:33,11.53,--,6,6918,卖盘
1421,13:24:30,11.53,--,2,2306,卖盘
1422,13:24:27,11.53,--,30,34590,卖盘
1423,13:24:24,11.53,-0.01,146,168338,卖盘
1424,13:24:21,11.54,0.01,205,236569,买盘
1425,13:24:18,11.53,--,11,12683,卖盘
1426,13:24:15,11.53,-0.01,50,57650,卖盘
1427,13:24:12,11.54,--,1,1154,买盘
1428,13:24:09,11.54,0.02,25,28849,买盘
1429,13:24:00,11.52,-0.02,438,504576,卖盘
1430,13:23:57,11.54,0.01,500,577000,买盘
1431,13:23:54,11.53,--,148,170644,买盘
1432,13:23:51,11.53,0.01,13,14989,买盘
1433,13:23:42,11.52,-0.01,54,62208,卖盘
1434,13:23:36,11.53,--,3,3459,买盘
1435,13:23:33,11.53,--,65,74945,买盘
1436,13:23:30,11.53,0.01,31,35743,买盘
1437,13:23:27,11.52,--,8,9216,卖盘
1438,13:23:24,11.52,-0.01,15,17280,卖盘
1439,13:23:12,11.53,--,190,219070,买盘
1440,13:23:09,11.53,--,10,11530,买盘
1441,13:23:06,11.53,0.01,2,2306,买盘
1442,13:23:03,11.52,-0.01,1,1152,卖盘
1443,13:23:00,11.53,0.01,91,104923,买盘
1444,13:22:54,11.52,--,103,118656,卖盘
1445,13:22:51,11.52,--,32,36864,卖盘
1446,13:22:48,11.52,-0.01,6,6912,卖盘
1447,13:22:45,11.53,0.01,69,79557,买盘
1448,13:22:42,11.52,--,122,140544,卖盘
1449,13:22:39,11.52,-0.01,11,12672,卖盘
1450,13:22:36,11.53,--,62,71486,买盘
1451,13:22:33,11.53,0.01,11,12683,买盘
1452,13:22:30,11.52,--,39,44928,卖盘
1453,13:22:27,11.52,-0.01,18,20736,卖盘
1454,13:22:24,11.53,0.01,51,58803,买盘
1455,13:22:18,11.52,--,80,92160,卖盘
1456,13:22:12,11.52,--,53,61056,卖盘
1457,13:22:09,11.52,-0.01,10,11520,卖盘
1458,13:22:06,11.53,0.01,6,6918,买盘
1459,13:22:03,11.52,--,30,34560,卖盘
1460,13:22:00,11.52,-0.01,200,230400,卖盘
1461,13:21:57,11.53,--,8,9224,买盘
1462,13:21:54,11.53,0.01,20,23060,买盘
1463,13:21:51,11.52,-0.01,21,24192,卖盘
1464,13:21:48,11.53,0.01,12,13836,买盘
1465,13:21:42,11.52,--,80,92160,卖盘
1466,13:21:39,11.52,-0.01,10,11520,卖盘
1467,13:21:36,11.53,--,6,6918,买盘
1468,13:21:33,11.53,--,1,1153,买盘
1469,13:21:30,11.53,0.01,20,23060,买盘
1470,13:21:27,11.52,--,5,5760,卖盘
1471,13:21:24,11.52,--,25,28800,卖盘
1472,13:21:21,11.52,--,16,18466,卖盘
1473,13:21:18,11.52,--,135,155520,卖盘
1474,13:21:15,11.52,-0.01,44,50688,卖盘
1475,13:21:12,11.53,0.01,1,1153,买盘
1476,13:21:09,11.52,--,8,9216,卖盘
1477,13:21:06,11.52,-0.01,444,511488,卖盘
1478,13:21:00,11.53,--,10,11530,买盘
1479,13:20:57,11.53,--,49,56497,卖盘
1480,13:20:51,11.53,-0.01,30,34590,卖盘
1481,13:20:48,11.54,0.01,62,71548,买盘
1482,13:20:45,11.53,--,21,24213,买盘
1483,13:20:42,11.53,0.01,2,2306,买盘
1484,13:20:39,11.52,-0.02,10,11520,卖盘
1485,13:20:36,11.54,0.02,90,103859,买盘
1486,13:20:30,11.52,-0.02,261,300672,卖盘
1487,13:20:27,11.54,0.01,18,20772,买盘
1488,13:20:24,11.53,--,20,23060,卖盘
1489,13:20:21,11.53,--,11,12683,卖盘
1490,13:20:18,11.53,--,151,174103,卖盘
1491,13:20:12,11.53,--,3,3459,卖盘
1492,13:20:09,11.53,-0.01,36,41508,买盘
1493,13:20:06,11.54,0.01,3653,4216427,买盘
1494,13:20:03,11.53,--,133,153349,卖盘
1495,13:20:00,11.53,-0.01,1,1153,卖盘
1496,13:19:57,11.54,0.01,1,1154,买盘
1497,13:19:54,11.53,--,18,20754,卖盘
1498,13:19:51,11.53,-0.01,128,147584,卖盘
1499,13:19:48,11.54,0.01,12,13847,买盘
1500,13:19:39,11.53,-0.01,26,29978,卖盘
1501,13:19:36,11.54,0.01,12,13847,买盘
1502,13:19:33,11.53,--,14,16142,卖盘
1503,13:19:30,11.53,-0.01,5,5765,卖盘
1504,13:19:27,11.54,--,13,15001,买盘
1505,13:19:24,11.54,--,22,25387,买盘
1506,13:19:21,11.54,0.01,1,1154,买盘
1507,13:19:18,11.53,-0.02,14,16142,卖盘
1508,13:19:12,11.55,--,1,1155,买盘
1509,13:19:06,11.55,0.02,1,1155,买盘
1510,13:18:57,11.53,-0.02,24,27672,卖盘
1511,13:18:51,11.55,0.02,8,9240,买盘
1512,13:18:48,11.53,-0.01,70,80710,卖盘
1513,13:18:45,11.54,--,10,11540,卖盘
1514,13:18:39,11.54,--,20,23080,卖盘
1515,13:18:36,11.54,--,146,168484,卖盘
1516,13:18:30,11.54,-0.01,4,4616,卖盘
1517,13:18:27,11.55,0.01,13,15015,买盘
1518,13:18:24,11.54,--,224,258495,卖盘
1519,13:18:21,11.54,--,52,60007,卖盘
1520,13:18:18,11.54,--,59,68086,卖盘
1521,13:18:15,11.54,-0.01,97,111937,卖盘
1522,13:18:12,11.55,0.01,51,58905,买盘
1523,13:18:09,11.54,--,61,70394,卖盘
1524,13:18:06,11.54,0.01,538,621555,买盘
1525,13:18:03,11.53,-0.01,20,23060,卖盘
1526,13:18:00,11.54,0.01,1,1154,买盘
1527,13:17:57,11.53,--,54,62262,卖盘
1528,13:17:54,11.53,-0.01,2,2306,卖盘
1529,13:17:51,11.54,--,15,17310,买盘
1530,13:17:48,11.54,0.01,1,1154,买盘
1531,13:17:45,11.53,-0.01,20,23060,卖盘
1532,13:17:42,11.54,--,101,116553,买盘
1533,13:17:39,11.54,0.01,5,5770,买盘
1534,13:17:36,11.53,-0.01,203,234059,卖盘
1535,13:17:33,11.54,0.01,5,5770,买盘
1536,13:17:30,11.53,--,37,42661,卖盘
1537,13:17:27,11.53,--,4,4612,卖盘
1538,13:17:24,11.53,--,24,27672,卖盘
1539,13:17:18,11.53,-0.01,13,14989,卖盘
1540,13:17:15,11.54,--,23,26541,买盘
1541,13:17:09,11.54,0.01,12,13847,买盘
1542,13:17:06,11.53,-0.01,5,5765,卖盘
1543,13:17:03,11.54,0.01,1,1154,买盘
1544,13:16:57,11.53,-0.01,18,20754,卖盘
1545,13:16:54,11.54,--,50,57699,买盘
1546,13:16:51,11.54,--,10,11540,买盘
1547,13:16:48,11.54,0.01,111,128093,买盘
1548,13:16:45,11.53,-0.01,2,2306,卖盘
1549,13:16:42,11.54,--,48,55391,买盘
1550,13:16:39,11.54,0.01,3,3461,买盘
1551,13:16:36,11.53,-0.01,7,8071,卖盘
1552,13:16:33,11.54,--,197,227337,买盘
1553,13:16:30,11.54,--,12,13847,买盘
1554,13:16:27,11.54,--,539,622456,卖盘
1555,13:16:24,11.54,-0.01,20,23080,卖盘
1556,13:16:21,11.55,0.01,347,400785,买盘
1557,13:16:18,11.54,--,60,69240,卖盘
1558,13:16:12,11.54,-0.01,96,110783,卖盘
1559,13:16:09,11.55,0.01,100,115500,买盘
1560,13:16:06,11.54,-0.01,76,87704,卖盘
1561,13:16:00,11.55,0.01,3,3465,买盘
1562,13:15:57,11.54,--,19,21926,卖盘
1563,13:15:51,11.54,--,167,192718,卖盘
1564,13:15:48,11.54,--,17,19618,卖盘
1565,13:15:45,11.54,--,45,51929,卖盘
1566,13:15:42,11.54,--,50,57699,卖盘
1567,13:15:39,11.54,--,10,11540,卖盘
1568,13:15:36,11.54,--,48,55391,卖盘
1569,13:15:33,11.54,--,11,12693,卖盘
1570,13:15:30,11.54,--,6,6923,卖盘
1571,13:15:27,11.54,-0.01,30,34620,卖盘
1572,13:15:24,11.55,--,68,78540,买盘
1573,13:15:21,11.55,--,55,63525,买盘
1574,13:15:18,11.55,--,1,1155,买盘
1575,13:15:15,11.55,-0.01,110,127050,卖盘
1576,13:15:12,11.56,--,3,3468,买盘
1577,13:15:09,11.56,0.01,46,53418,买盘
1578,13:15:06,11.55,--,1,1155,卖盘
1579,13:15:03,11.55,--,167,192885,卖盘
1580,13:15:00,11.55,--,5,5775,卖盘
1581,13:14:51,11.55,-0.01,2,2310,卖盘
1582,13:14:48,11.56,--,18,20808,买盘
1583,13:14:45,11.56,0.01,9,10404,买盘
1584,13:14:39,11.55,-0.01,5,5775,卖盘
1585,13:14:36,11.56,0.01,6,6936,买盘
1586,13:14:33,11.55,0.01,137,158235,买盘
1587,13:14:30,11.54,-0.01,5,5770,卖盘
1588,13:14:27,11.55,--,378,436590,卖盘
1589,13:14:24,11.55,-0.01,21,24255,卖盘
1590,13:14:21,11.56,--,25,28900,买盘
1591,13:14:15,11.56,0.01,1,1156,买盘
1592,13:14:12,11.55,--,145,167475,卖盘
1593,13:14:09,11.55,--,3,3465,卖盘
1594,13:14:06,11.55,-0.01,9,10395,卖盘
1595,13:14:00,11.56,0.01,6,6936,买盘
1596,13:13:57,11.55,--,58,66990,卖盘
1597,13:13:51,11.55,-0.01,10,11550,卖盘
1598,13:13:48,11.56,--,10,11560,买盘
1599,13:13:42,11.56,--,8,9248,买盘
1600,13:13:39,11.56,--,31,35836,买盘
1601,13:13:36,11.56,--,3,3468,买盘
1602,13:13:33,11.56,0.01,1,1156,买盘
1603,13:13:30,11.55,--,25,28875,卖盘
1604,13:13:27,11.55,--,94,108570,卖盘
1605,13:13:24,11.55,-0.01,39,45045,卖盘
1606,13:13:21,11.56,0.01,1,1156,买盘
1607,13:13:18,11.55,-0.01,5,5775,卖盘
1608,13:13:12,11.56,0.01,14,16184,买盘
1609,13:13:09,11.55,--,4,4620,卖盘
1610,13:13:00,11.55,--,66,76230,卖盘
1611,13:12:57,11.55,-0.01,30,34650,卖盘
1612,13:12:54,11.56,--,1,1156,买盘
1613,13:12:51,11.56,0.01,17,19652,买盘
1614,13:12:48,11.55,-0.01,5,5775,卖盘
1615,13:12:45,11.56,--,54,62424,买盘
1616,13:12:42,11.56,--,33,38148,买盘
1617,13:12:36,11.56,--,22,25432,买盘
1618,13:12:30,11.56,0.01,1,1156,买盘
1619,13:12:27,11.55,--,18,20790,卖盘
1620,13:12:24,11.55,--,120,138600,卖盘
1621,13:12:21,11.55,--,2,2310,卖盘
1622,13:12:18,11.55,--,10,11550,卖盘
1623,13:12:15,11.55,-0.01,60,69300,卖盘
1624,13:12:12,11.56,--,1,1156,买盘
1625,13:12:06,11.56,0.01,47,54332,买盘
1626,13:12:03,11.55,-0.01,58,66990,卖盘
1627,13:12:00,11.56,--,11,12716,买盘
1628,13:11:57,11.56,0.01,15,17340,买盘
1629,13:11:54,11.55,-0.01,118,136290,卖盘
1630,13:11:51,11.56,--,1,1156,买盘
1631,13:11:48,11.56,0.01,4,4624,买盘
1632,13:11:42,11.55,-0.01,13,15015,卖盘
1633,13:11:36,11.56,0.01,3,3468,买盘
1634,13:11:33,11.55,-0.01,3,3465,卖盘
1635,13:11:30,11.56,--,8,9248,买盘
1636,13:11:24,11.56,0.01,69,79764,买盘
1637,13:11:21,11.55,--,7,8085,卖盘
1638,13:11:18,11.55,--,129,148995,卖盘
1639,13:11:15,11.55,--,576,665280,买盘
1640,13:11:12,11.55,--,73,84315,买盘
1641,13:11:09,11.55,--,7,8085,买盘
1642,13:11:06,11.55,0.01,1,1155,买盘
1643,13:11:03,11.54,-0.01,466,537764,卖盘
1644,13:10:57,11.55,0.01,11,12705,买盘
1645,13:10:54,11.54,-0.01,14,16155,卖盘
1646,13:10:48,11.55,0.01,3,3465,买盘
1647,13:10:45,11.54,-0.01,5,5770,卖盘
1648,13:10:42,11.55,0.01,55,63525,买盘
1649,13:10:39,11.54,-0.01,13,15001,卖盘
1650,13:10:36,11.55,--,3,3465,买盘
1651,13:10:33,11.55,--,1,1155,买盘
1652,13:10:30,11.55,0.01,27,31185,买盘
1653,13:10:27,11.54,-0.01,8,9232,卖盘
1654,13:10:24,11.55,--,79,91245,买盘
1655,13:10:21,11.55,0.01,14,16170,买盘
1656,13:10:18,11.54,-0.01,28,32311,卖盘
1657,13:10:12,11.55,--,57,65835,买盘
1658,13:10:09,11.55,0.01,10,11550,买盘
1659,13:10:06,11.54,--,10,11540,卖盘
1660,13:10:03,11.54,-0.01,28,32311,卖盘
1661,13:10:00,11.55,--,56,64680,买盘
1662,13:09:54,11.55,0.01,16,18480,买盘
1663,13:09:51,11.54,-0.01,2,2308,卖盘
1664,13:09:48,11.55,--,99,114345,买盘
1665,13:09:45,11.55,0.01,50,57750,买盘
1666,13:09:42,11.54,-0.01,10,11540,卖盘
1667,13:09:36,11.55,0.01,8,9240,买盘
1668,13:09:33,11.54,-0.01,15,17310,卖盘
1669,13:09:30,11.55,--,12,13860,买盘
1670,13:09:27,11.55,0.01,114,131670,买盘
1671,13:09:24,11.54,-0.01,22,25387,卖盘
1672,13:09:21,11.55,--,5,5775,买盘
1673,13:09:12,11.55,--,16,18480,买盘
1674,13:09:09,11.55,--,53,61215,买盘
1675,13:09:06,11.55,0.01,84,97020,买盘
1676,13:09:03,11.54,-0.01,30,34620,卖盘
1677,13:09:00,11.55,0.01,1,1155,买盘
1678,13:08:57,11.54,-0.01,5,5770,卖盘
1679,13:08:51,11.55,--,52,60060,买盘
1680,13:08:48,11.55,0.01,12,13860,买盘
1681,13:08:45,11.54,--,10,11540,卖盘
1682,13:08:42,11.54,0.01,492,568229,买盘
1683,13:08:39,11.53,-0.01,32,36896,卖盘
1684,13:08:36,11.54,--,17,19618,买盘
1685,13:08:33,11.54,--,18,20772,买盘
1686,13:08:30,11.54,0.01,51,58853,买盘
1687,13:08:27,11.53,--,58,66874,卖盘
1688,13:08:24,11.53,-0.01,23,26519,卖盘
1689,13:08:21,11.54,--,17,19618,买盘
1690,13:08:18,11.54,0.01,91,105013,买盘
1691,13:08:15,11.53,--,33,38049,卖盘
1692,13:08:12,11.53,--,20,23060,卖盘
1693,13:08:09,11.53,-0.01,69,79557,中性盘
1694,13:08:06,11.54,0.01,114,131556,买盘
1695,13:08:03,11.53,--,242,279026,卖盘
1696,13:08:00,11.53,--,37,42661,卖盘
1697,13:07:57,11.53,--,29,33437,卖盘
1698,13:07:54,11.53,--,1000,1153000,卖盘
1699,13:07:51,11.53,-0.01,10,11530,卖盘
1700,13:07:45,11.54,--,531,613466,卖盘
1701,13:07:42,11.54,-0.01,684,789797,卖盘
1702,13:07:39,11.55,--,14,16170,买盘
1703,13:07:33,11.55,-0.01,1970,2275350,卖盘
1704,13:07:30,11.56,0.01,47,54332,买盘
1705,13:07:24,11.55,-0.01,22,25410,卖盘
1706,13:07:21,11.56,--,13,15028,买盘
1707,13:07:15,11.56,-0.01,239,276284,卖盘
1708,13:07:12,11.57,0.01,6,6942,买盘
1709,13:07:09,11.56,-0.01,1425,1647300,卖盘
1710,13:07:00,11.57,0.01,10,11570,买盘
1711,13:06:57,11.56,--,123,142188,卖盘
1712,13:06:54,11.56,-0.01,58,67048,卖盘
1713,13:06:51,11.57,--,15,17355,买盘
1714,13:06:48,11.57,0.01,52,60164,买盘
1715,13:06:42,11.56,-0.01,3,3468,卖盘
1716,13:06:39,11.57,0.01,7,8099,买盘
1717,13:06:36,11.56,-0.01,8,9248,卖盘
1718,13:06:33,11.57,--,11,12727,买盘
1719,13:06:30,11.57,0.01,11,12727,买盘
1720,13:06:27,11.56,-0.01,4,4624,卖盘
1721,13:06:24,11.57,0.01,20,23140,买盘
1722,13:06:15,11.56,--,20,23120,卖盘
1723,13:06:12,11.56,-0.01,7,8092,卖盘
1724,13:06:09,11.57,--,22,25454,买盘
1725,13:06:06,11.57,0.01,1,1157,买盘
1726,13:06:03,11.56,--,24,27744,卖盘
1727,13:06:00,11.56,--,18,20808,卖盘
1728,13:05:57,11.56,-0.01,1,1156,卖盘
1729,13:05:54,11.57,0.01,1,1157,买盘
1730,13:05:51,11.56,-0.01,35,40460,卖盘
1731,13:05:48,11.57,--,22,25454,买盘
1732,13:05:42,11.57,0.01,171,197847,买盘
1733,13:05:39,11.56,--,3,3468,卖盘
1734,13:05:36,11.56,-0.01,5,5780,卖盘
1735,13:05:33,11.57,--,6,6942,买盘
1736,13:05:30,11.57,--,9,10413,买盘
1737,13:05:24,11.57,0.01,31,35867,买盘
1738,13:05:18,11.56,--,100,115600,卖盘
1739,13:05:15,11.56,--,1,1156,卖盘
1740,13:05:12,11.56,-0.01,23,26588,卖盘
1741,13:05:00,11.57,--,51,59007,买盘
1742,13:04:57,11.57,0.01,10,11570,买盘
1743,13:04:48,11.56,--,22,25432,卖盘
1744,13:04:45,11.56,-0.01,5,5780,卖盘
1745,13:04:42,11.57,--,1,1157,买盘
1746,13:04:33,11.57,--,8,9256,买盘
1747,13:04:30,11.57,--,9,10413,买盘
1748,13:04:27,11.57,0.01,1,1157,买盘
1749,13:04:24,11.56,-0.01,17,19652,卖盘
1750,13:04:21,11.57,--,4,4628,买盘
1751,13:04:18,11.57,--,5,5785,买盘
1752,13:04:15,11.57,0.01,20,23140,买盘
1753,13:04:12,11.56,-0.01,22,25432,卖盘
1754,13:04:09,11.57,--,111,128427,买盘
1755,13:04:03,11.57,0.01,3,3471,买盘
1756,13:04:00,11.56,-0.01,33,38148,卖盘
1757,13:03:57,11.57,0.01,1,1157,买盘
1758,13:03:54,11.56,--,13,15028,卖盘
1759,13:03:51,11.56,-0.01,24,27744,卖盘
1760,13:03:42,11.57,0.01,67,77519,买盘
1761,13:03:39,11.56,--,4,4624,卖盘
1762,13:03:33,11.56,--,12,13872,卖盘
1763,13:03:30,11.56,-0.01,2,2312,卖盘
1764,13:03:27,11.57,--,146,168922,买盘
1765,13:03:24,11.57,--,20,23140,买盘
1766,13:03:21,11.57,--,31,35867,买盘
1767,13:03:18,11.57,--,29,33553,买盘
1768,13:03:15,11.57,--,2,2314,买盘
1769,13:03:09,11.57,0.01,6,6942,买盘
1770,13:03:03,11.56,--,200,231200,卖盘
1771,13:02:57,11.56,--,43,49708,卖盘
1772,13:02:54,11.56,-0.01,4,4624,卖盘
1773,13:02:48,11.57,--,65,75205,买盘
1774,13:02:45,11.57,--,1,1157,买盘
1775,13:02:33,11.57,--,9,10413,买盘
1776,13:02:30,11.57,--,1,1157,买盘
1777,13:02:27,11.57,--,23,26611,买盘
1778,13:02:24,11.57,0.01,30,34710,买盘
1779,13:02:18,11.56,--,762,880872,卖盘
1780,13:02:12,11.56,-0.01,178,205768,卖盘
1781,13:02:09,11.57,--,2,2314,买盘
1782,13:02:06,11.57,--,21,24297,买盘
1783,13:02:03,11.57,--,2,2314,买盘
1784,13:01:57,11.57,0.01,1,1157,买盘
1785,13:01:51,11.56,-0.01,16,18496,卖盘
1786,13:01:48,11.57,0.01,10,11570,买盘
1787,13:01:45,11.56,--,17,19652,卖盘
1788,13:01:42,11.56,-0.01,1,1156,卖盘
1789,13:01:39,11.57,--,32,37024,买盘
1790,13:01:33,11.57,--,2,2314,买盘
1791,13:01:30,11.57,0.01,3,3471,买盘
1792,13:01:27,11.56,--,11,12716,卖盘
1793,13:01:24,11.56,-0.01,33,38148,卖盘
1794,13:01:21,11.57,--,60,69420,买盘
1795,13:01:18,11.57,0.01,2,2314,买盘
1796,13:01:06,11.56,-0.01,5,5780,卖盘
1797,13:00:57,11.57,--,6,6942,买盘
1798,13:00:54,11.57,--,10,11570,买盘
1799,13:00:51,11.57,--,12,13884,买盘
1800,13:00:48,11.57,--,10,11570,买盘
1801,13:00:45,11.57,0.01,5,5785,买盘
1802,13:00:42,11.56,-0.01,2,2312,卖盘
1803,13:00:36,11.57,--,10,11570,买盘
1804,13:00:33,11.57,--,10,11570,买盘
1805,13:00:30,11.57,--,2,2314,买盘
1806,13:00:24,11.57,--,20,23140,买盘
1807,13:00:21,11.57,--,9,10413,买盘
1808,13:00:12,11.57,0.01,13,15041,买盘
1809,13:00:09,11.56,--,70,80920,卖盘
1810,13:00:06,11.56,-0.01,198,228888,卖盘
1811,13:00:03,11.57,0.01,1929,2231853,买盘
1812,13:00:00,11.56,--,0,0,卖盘
1813,11:30:00,11.56,--,5,5780,卖盘
1814,11:29:57,11.56,-0.01,5,5780,卖盘
1815,11:29:54,11.57,0.01,10,11570,买盘
1816,11:29:51,11.56,--,50,57800,卖盘
1817,11:29:45,11.56,-0.01,229,264724,卖盘
1818,11:29:42,11.57,0.01,590,682630,买盘
1819,11:29:39,11.56,-0.01,146,168776,卖盘
1820,11:29:36,11.57,--,142,164294,买盘
1821,11:29:33,11.57,--,6,6942,买盘
1822,11:29:30,11.57,0.01,74,85618,买盘
1823,11:29:27,11.56,--,20,23120,卖盘
1824,11:29:24,11.56,-0.01,18,20808,卖盘
1825,11:29:21,11.57,0.01,8,9256,买盘
1826,11:29:15,11.56,0.01,19,21964,买盘
1827,11:29:09,11.55,--,5,5775,卖盘
1828,11:29:06,11.55,-0.01,90,103950,卖盘
1829,11:29:03,11.56,0.01,31,35836,卖盘
1830,11:29:00,11.55,-0.01,200,231000,卖盘
1831,11:28:57,11.56,0.01,31,35836,买盘
1832,11:28:54,11.55,-0.01,51,58905,卖盘
1833,11:28:51,11.56,--,200,231200,买盘
1834,11:28:48,11.56,0.01,9,10404,买盘
1835,11:28:45,11.55,-0.01,23,26565,卖盘
1836,11:28:42,11.56,--,72,83232,买盘
1837,11:28:39,11.56,--,167,193052,买盘
1838,11:28:36,11.56,--,5,5780,买盘
1839,11:28:33,11.56,--,36,41616,买盘
1840,11:28:30,11.56,--,128,147968,卖盘
1841,11:28:27,11.56,--,9,10404,卖盘
1842,11:28:24,11.56,-0.01,14,16184,卖盘
1843,11:28:21,11.57,--,35,40495,买盘
1844,11:28:18,11.57,0.01,22,25454,买盘
1845,11:28:15,11.56,--,48,55488,卖盘
1846,11:28:12,11.56,0.01,32,36992,买盘
1847,11:28:09,11.55,-0.01,1059,1223145,卖盘
1848,11:28:06,11.56,--,91,105196,买盘
1849,11:28:03,11.56,0.01,229,264724,买盘
1850,11:28:00,11.55,-0.01,41,47355,卖盘
1851,11:27:57,11.56,--,37,42772,买盘
1852,11:27:51,11.56,--,1,1156,买盘
1853,11:27:48,11.56,0.01,115,132940,中性盘
1854,11:27:45,11.55,--,10,11550,卖盘
1855,11:27:42,11.55,-0.01,21,24255,卖盘
1856,11:27:39,11.56,0.01,173,199988,买盘
1857,11:27:36,11.55,--,133,153615,卖盘
1858,11:27:33,11.55,--,65,75075,卖盘
1859,11:27:30,11.55,-0.01,885,1022175,卖盘
1860,11:27:27,11.56,--,162,187272,买盘
1861,11:27:24,11.56,0.01,595,687820,买盘
1862,11:27:21,11.55,-0.01,44,50820,卖盘
1863,11:27:18,11.56,--,94,108664,买盘
1864,11:27:15,11.56,--,205,236980,买盘
1865,11:27:12,11.56,-0.01,500,578000,卖盘
1866,11:27:09,11.57,0.01,1,1157,买盘
1867,11:27:06,11.56,--,92,106352,卖盘
1868,11:27:03,11.56,--,45,52020,买盘
1869,11:27:00,11.56,--,17,19652,买盘
1870,11:26:57,11.56,--,24,27744,卖盘
1871,11:26:54,11.56,--,46,53176,卖盘
1872,11:26:51,11.56,--,1203,1390668,卖盘
1873,11:26:48,11.56,--,50,57800,卖盘
1874,11:26:45,11.56,-0.01,58,67048,卖盘
1875,11:26:42,11.57,--,1,1157,买盘
1876,11:26:39,11.57,0.01,2,2314,买盘
1877,11:26:36,11.56,--,2,2312,卖盘
1878,11:26:33,11.56,-0.01,46,53176,卖盘
1879,11:26:30,11.57,0.01,259,299663,买盘
1880,11:26:27,11.56,-0.01,123,142188,卖盘
1881,11:26:24,11.57,--,41,47437,买盘
1882,11:26:21,11.57,0.01,16,18512,买盘
1883,11:26:18,11.56,--,207,239292,卖盘
1884,11:26:15,11.56,-0.01,354,409224,卖盘
1885,11:26:12,11.57,--,1,1157,买盘
1886,11:26:09,11.57,--,907,1049399,卖盘
1887,11:26:06,11.57,-0.01,34,39338,卖盘
1888,11:26:03,11.58,0.01,1005,1163790,买盘
1889,11:25:51,11.57,-0.01,80,92560,卖盘
1890,11:25:48,11.58,--,2692,3117336,卖盘
1891,11:25:45,11.58,--,114,132012,卖盘
1892,11:25:42,11.58,-0.01,20,23160,卖盘
1893,11:25:39,11.59,--,10,11590,买盘
1894,11:25:36,11.59,0.01,19,22021,买盘
1895,11:25:33,11.58,-0.01,31,35898,卖盘
1896,11:25:30,11.59,--,349,405186,卖盘
1897,11:25:27,11.59,--,25,28975,卖盘
1898,11:25:24,11.59,-0.01,22,25498,卖盘
1899,11:25:21,11.6,0.01,1,1160,买盘
1900,11:25:18,11.59,-0.01,5,5795,卖盘
1901,11:25:15,11.6,--,8,9280,买盘
1902,11:25:09,11.6,0.01,178,206480,买盘
1903,11:25:06,11.59,--,9,10431,卖盘
1904,11:25:03,11.59,--,3,3477,卖盘
1905,11:25:00,11.59,-0.01,485,562115,卖盘
1906,11:24:57,11.6,--,1,1160,买盘
1907,11:24:51,11.6,0.01,43,49880,买盘
1908,11:24:48,11.59,-0.01,31,35929,卖盘
1909,11:24:45,11.6,0.01,4,4640,买盘
1910,11:24:42,11.59,--,100,115900,卖盘
1911,11:24:39,11.59,-0.01,30,34770,卖盘
1912,11:24:33,11.6,--,74,85840,买盘
1913,11:24:30,11.6,0.01,4,4640,买盘
1914,11:24:24,11.59,-0.01,19,22021,卖盘
1915,11:24:21,11.6,--,45,52200,买盘
1916,11:24:12,11.6,0.01,8,9280,买盘
1917,11:24:09,11.59,--,5,5795,卖盘
1918,11:24:03,11.59,--,100,115900,卖盘
1919,11:23:57,11.59,-0.01,1,1159,卖盘
1920,11:23:54,11.6,0.01,155,179800,买盘
1921,11:23:51,11.59,-0.01,73,84607,卖盘
1922,11:23:48,11.6,0.01,5,5800,买盘
1923,11:23:45,11.59,-0.01,1905,2207895,卖盘
1924,11:23:42,11.6,--,88,102080,买盘
1925,11:23:39,11.6,0.01,6,6960,买盘
1926,11:23:33,11.59,-0.01,100,115900,卖盘
1927,11:23:30,11.6,--,38,44544,买盘
1928,11:23:27,11.6,--,3,3480,买盘
1929,11:23:24,11.6,0.01,10,11600,买盘
1930,11:23:21,11.59,-0.01,21,24339,卖盘
1931,11:23:18,11.6,--,152,176320,买盘
1932,11:23:15,11.6,0.01,50,58000,买盘
1933,11:23:12,11.59,-0.01,30,34770,卖盘
1934,11:23:09,11.6,--,10,11600,买盘
1935,11:23:06,11.6,--,72,83520,买盘
1936,11:23:03,11.6,--,18,20880,买盘
1937,11:23:00,11.6,--,56,64960,买盘
1938,11:22:57,11.6,0.01,10,11600,买盘
1939,11:22:54,11.59,-0.01,110,127490,卖盘
1940,11:22:51,11.6,0.01,300,348000,买盘
1941,11:22:48,11.59,--,115,133285,卖盘
1942,11:22:45,11.59,--,10,11590,卖盘
1943,11:22:39,11.59,--,7,8113,卖盘
1944,11:22:36,11.59,--,100,115900,卖盘
1945,11:22:30,11.59,-0.01,27,31293,卖盘
1946,11:22:27,11.6,0.01,6,6960,买盘
1947,11:22:24,11.59,--,78,90402,卖盘
1948,11:22:21,11.59,--,30,34770,卖盘
1949,11:22:18,11.59,--,3,3477,卖盘
1950,11:22:15,11.59,--,4,4636,卖盘
1951,11:22:12,11.59,--,10,11590,卖盘
1952,11:22:09,11.59,-0.01,103,119377,卖盘
1953,11:22:06,11.6,--,2680,3108800,卖盘
1954,11:22:03,11.6,--,7,8120,卖盘
1955,11:22:00,11.6,-0.01,60,69600,卖盘
1956,11:21:57,11.61,0.01,2,2322,买盘
1957,11:21:39,11.6,-0.01,27,31320,卖盘
1958,11:21:33,11.61,--,1,1161,买盘
1959,11:21:30,11.61,--,4,4644,买盘
1960,11:21:24,11.61,--,23,26703,买盘
1961,11:21:21,11.61,0.01,11,12771,买盘
1962,11:21:15,11.6,-0.01,37,42920,卖盘
1963,11:21:09,11.61,--,8,9288,买盘
1964,11:21:06,11.61,--,9,10449,买盘
1965,11:21:03,11.61,--,13,15093,买盘
1966,11:20:57,11.61,0.01,1,1161,买盘
1967,11:20:54,11.6,-0.01,56,64960,卖盘
1968,11:20:51,11.61,0.01,2,2322,买盘
1969,11:20:48,11.6,-0.01,200,232000,卖盘
1970,11:20:45,11.61,0.01,30,34830,买盘
1971,11:20:36,11.6,-0.01,10,11600,卖盘
1972,11:20:33,11.61,--,15,17415,买盘
1973,11:20:30,11.61,--,4,4644,买盘
1974,11:20:27,11.61,--,6,6966,买盘
1975,11:20:24,11.61,--,19,22059,买盘
1976,11:20:21,11.61,0.01,3,3483,买盘
1977,11:20:18,11.6,-0.01,6,6960,卖盘
1978,11:20:15,11.61,--,1,1161,买盘
1979,11:20:12,11.61,--,4,4644,买盘
1980,11:20:06,11.61,0.01,27,31347,中性盘
1981,11:20:03,11.6,--,30,34800,卖盘
1982,11:20:00,11.6,-0.01,149,172840,卖盘
1983,11:19:57,11.61,0.01,341,395901,买盘
1984,11:19:45,11.6,-0.01,37,42920,卖盘
1985,11:19:30,11.61,0.01,10,11610,买盘
1986,11:19:27,11.6,-0.02,10,11600,卖盘
1987,11:19:24,11.62,0.01,55,63909,买盘
1988,11:19:21,11.61,--,6,6966,卖盘
1989,11:19:15,11.61,--,2,2322,卖盘
1990,11:19:12,11.61,0.01,23,26703,买盘
1991,11:19:06,11.6,-0.01,3,3480,卖盘
1992,11:19:03,11.61,0.01,28,32508,买盘
1993,11:18:57,11.6,--,48,55680,卖盘
1994,11:18:51,11.6,-0.01,127,147320,卖盘
1995,11:18:48,11.61,--,2022,2347542,卖盘
1996,11:18:45,11.61,--,8,9288,卖盘
1997,11:18:39,11.61,-0.01,1,1161,卖盘
1998,11:18:30,11.62,--,4,4648,买盘
1999,11:18:27,11.62,0.01,1,1162,买盘
2000,11:18:24,11.61,--,23,26703,卖盘
2001,11:18:06,11.61,--,4,4644,卖盘
2002,11:18:03,11.61,--,19,22059,卖盘
2003,11:18:00,11.61,-0.01,3,3483,卖盘
2004,11:17:51,11.62,--,8,9296,买盘
2005,11:17:45,11.62,0.01,38,44156,买盘
2006,11:17:42,11.61,-0.01,50,58050,卖盘
2007,11:17:39,11.62,--,1,1162,买盘
2008,11:17:33,11.62,--,6,6971,买盘
2009,11:17:30,11.62,--,8,9296,买盘
2010,11:17:24,11.62,0.01,21,24402,买盘
2011,11:17:21,11.61,--,5,5805,卖盘
2012,11:17:18,11.61,--,2,2322,卖盘
2013,11:17:15,11.61,--,20,23220,卖盘
2014,11:17:12,11.61,--,6,6966,卖盘
2015,11:17:06,11.61,--,4,4644,卖盘
2016,11:17:03,11.61,--,1,1161,卖盘
2017,11:16:54,11.61,--,5,5805,卖盘
2018,11:16:48,11.61,-0.02,3,3483,卖盘
2019,11:16:45,11.63,0.02,1,1163,买盘
2020,11:16:42,11.61,-0.02,5,5805,卖盘
2021,11:16:36,11.63,0.02,9,10467,买盘
2022,11:16:33,11.61,-0.02,3,3483,卖盘
2023,11:16:30,11.63,--,1,1163,买盘
2024,11:16:27,11.63,--,4,4652,买盘
2025,11:16:24,11.63,0.03,17,19771,买盘
2026,11:16:21,11.6,--,3,3480,卖盘
2027,11:16:18,11.6,-0.03,32,37120,卖盘
2028,11:16:15,11.63,0.03,59,68617,买盘
2029,11:16:12,11.6,-0.01,965,1119400,卖盘
2030,11:16:03,11.61,--,48,55728,买盘
2031,11:16:00,11.61,0.01,109,126549,中性盘
2032,11:15:57,11.6,-0.01,3,3480,卖盘
2033,11:15:54,11.61,-0.01,30,34830,卖盘
2034,11:15:51,11.62,0.01,280,325360,买盘
2035,11:15:45,11.61,--,4,4644,卖盘
2036,11:15:42,11.61,--,3,3483,卖盘
2037,11:15:39,11.61,--,19,22059,买盘
2038,11:15:36,11.61,-0.01,2,2322,买盘
2039,11:15:33,11.62,--,1,1162,买盘
2040,11:15:30,11.62,--,1,1162,买盘
2041,11:15:27,11.62,0.02,4,4648,买盘
2042,11:15:24,11.6,-0.02,25,29000,卖盘
2043,11:15:21,11.62,0.02,1,1162,买盘
2044,11:15:18,11.6,-0.02,1,1160,卖盘
2045,11:15:15,11.62,0.02,6,6971,买盘
2046,11:15:12,11.6,-0.01,4,4640,卖盘
2047,11:15:09,11.61,--,19,22059,卖盘
2048,11:15:06,11.61,--,22,25542,卖盘
2049,11:15:03,11.61,--,5,5805,卖盘
2050,11:15:00,11.61,-0.01,3,3483,卖盘
2051,11:14:54,11.62,--,6,6971,买盘
2052,11:14:51,11.62,0.01,1,1162,买盘
2053,11:14:48,11.61,--,10,11610,卖盘
2054,11:14:45,11.61,--,203,235683,卖盘
2055,11:14:39,11.61,--,5,5805,卖盘
2056,11:14:30,11.61,--,44,51084,卖盘
2057,11:14:27,11.61,--,69,80109,买盘
2058,11:14:24,11.61,--,782,907902,卖盘
2059,11:14:15,11.61,-0.01,19,22059,卖盘
2060,11:14:12,11.62,0.01,1,1162,买盘
2061,11:14:09,11.61,-0.01,15,17415,卖盘
2062,11:14:06,11.62,0.01,11,12782,买盘
2063,11:14:00,11.61,-0.01,1,1161,卖盘
2064,11:13:57,11.62,0.01,1,1162,买盘
2065,11:13:51,11.61,-0.01,5,5805,卖盘
2066,11:13:48,11.62,--,1,1162,买盘
2067,11:13:45,11.62,--,7,8133,买盘
2068,11:13:42,11.62,0.01,1,1162,买盘
2069,11:13:39,11.61,--,4,4644,卖盘
2070,11:13:36,11.61,-0.01,46,53406,卖盘
2071,11:13:30,11.62,0.01,5,5810,买盘
2072,11:13:27,11.61,-0.01,50,58050,卖盘
2073,11:13:24,11.62,--,51,59261,买盘
2074,11:13:12,11.62,0.01,4,4648,买盘
2075,11:13:06,11.61,--,20,23220,卖盘
2076,11:12:54,11.61,--,69,80109,卖盘
2077,11:12:45,11.61,-0.01,10,11610,卖盘
2078,11:12:42,11.62,0.01,27,31373,买盘
2079,11:12:39,11.61,-0.01,5,5805,卖盘
2080,11:12:33,11.62,0.01,1,1162,买盘
2081,11:12:30,11.61,-0.01,11,12771,卖盘
2082,11:12:27,11.62,--,4,4648,买盘
2083,11:12:24,11.62,--,1,1162,买盘
2084,11:12:15,11.62,0.01,25,29049,买盘
2085,11:12:12,11.61,-0.01,23,26703,卖盘
2086,11:12:06,11.62,--,40,46480,卖盘
2087,11:12:03,11.62,--,108,125495,卖盘
2088,11:12:00,11.62,--,7,8133,卖盘
2089,11:11:57,11.62,-0.01,3,3485,中性盘
2090,11:11:54,11.63,0.02,2,2326,买盘
2091,11:11:51,11.61,-0.01,27,31347,卖盘
2092,11:11:48,11.62,-0.01,6,6971,中性盘
2093,11:11:45,11.63,0.02,5,5815,买盘
2094,11:11:42,11.61,--,5,5805,卖盘
2095,11:11:39,11.61,-0.01,17,19737,卖盘
2096,11:11:30,11.62,--,9,10458,买盘
2097,11:11:27,11.62,--,2,2324,买盘
2098,11:11:24,11.62,--,6,6971,买盘
2099,11:11:21,11.62,-0.01,3,3485,中性盘
2100,11:11:15,11.63,0.01,6,6978,买盘
2101,11:11:12,11.62,0.01,22,25564,中性盘
2102,11:11:09,11.61,-0.01,34,39474,卖盘
2103,11:10:51,11.62,0.01,11,12782,买盘
2104,11:10:45,11.61,-0.01,87,101007,卖盘
2105,11:10:42,11.62,--,4,4648,买盘
2106,11:10:39,11.62,--,44,51128,卖盘
2107,11:10:36,11.62,--,84,97608,卖盘
2108,11:10:33,11.62,--,29,33698,卖盘
2109,11:10:30,11.62,--,176,204512,买盘
2110,11:10:27,11.62,--,100,116199,买盘
2111,11:10:24,11.62,0.01,1,1162,买盘
2112,11:10:21,11.61,-0.01,4,4644,卖盘
2113,11:10:18,11.62,0.01,21,24402,买盘
2114,11:10:15,11.61,-0.01,19,22059,卖盘
2115,11:10:12,11.62,--,16,18592,买盘
2116,11:10:06,11.62,--,84,97608,卖盘
2117,11:10:03,11.62,--,10,11620,卖盘
2118,11:10:00,11.62,--,3,3485,卖盘
2119,11:09:57,11.62,0.01,11,12782,买盘
2120,11:09:54,11.61,-0.01,15,17415,卖盘
2121,11:09:48,11.62,0.01,33,38346,买盘
2122,11:09:45,11.61,--,40,46440,卖盘
2123,11:09:39,11.61,-0.01,8,9288,卖盘
2124,11:09:36,11.62,--,6,6971,买盘
2125,11:09:30,11.62,--,21,24402,买盘
2126,11:09:27,11.62,--,3,3485,买盘
2127,11:09:24,11.62,--,11,12782,买盘
2128,11:09:21,11.62,-0.01,63,73206,卖盘
2129,11:09:12,11.63,0.02,68,79084,买盘
2130,11:09:09,11.61,--,23,26703,卖盘
2131,11:09:06,11.61,-0.01,11,12771,卖盘
2132,11:09:03,11.62,0.01,4,4648,买盘
2133,11:09:00,11.61,-0.01,10,11610,卖盘
2134,11:08:57,11.62,--,1,1162,买盘
2135,11:08:54,11.62,--,1,1162,买盘
2136,11:08:51,11.62,0.01,6,6971,买盘
2137,11:08:45,11.61,--,7,8127,卖盘
2138,11:08:39,11.61,--,31,35991,卖盘
2139,11:08:36,11.61,-0.01,100,116100,卖盘
2140,11:08:33,11.62,--,26,30211,买盘
2141,11:08:30,11.62,--,64,74368,买盘
2142,11:08:27,11.62,--,10,11620,买盘
2143,11:08:24,11.62,--,5,5810,买盘
2144,11:08:21,11.62,--,1,1162,买盘
2145,11:08:15,11.62,--,4,4648,买盘
2146,11:08:12,11.62,--,9,10458,买盘
2147,11:08:09,11.62,0.01,1,1162,买盘
2148,11:08:06,11.61,--,7,8127,卖盘
2149,11:08:03,11.61,--,49,56889,卖盘
2150,11:07:57,11.61,--,2,2322,卖盘
2151,11:07:54,11.61,--,4,4644,卖盘
2152,11:07:48,11.61,--,5,5805,卖盘
2153,11:07:45,11.61,--,5,5805,卖盘
2154,11:07:36,11.61,--,198,229878,买盘
2155,11:07:27,11.61,--,5,5805,买盘
2156,11:07:24,11.61,--,11,12771,买盘
2157,11:07:18,11.61,0.01,1,1161,买盘
2158,11:07:15,11.6,-0.01,220,255200,卖盘
2159,11:07:12,11.61,0.01,47,54567,买盘
2160,11:07:03,11.6,--,30,34800,卖盘
2161,11:07:00,11.6,-0.01,8,9280,卖盘
2162,11:06:57,11.61,--,12,13932,买盘
2163,11:06:51,11.61,--,18,20898,买盘
2164,11:06:48,11.61,0.01,30,34830,买盘
2165,11:06:45,11.6,-0.01,6,6960,卖盘
2166,11:06:42,11.61,--,6,6966,买盘
2167,11:06:39,11.61,--,1,1161,买盘
2168,11:06:33,11.61,--,20,23220,买盘
2169,11:06:30,11.61,--,27,31347,买盘
2170,11:06:24,11.61,--,3,3483,买盘
2171,11:06:18,11.61,--,1,1161,买盘
2172,11:06:15,11.61,--,14,16254,买盘
2173,11:06:12,11.61,0.01,3,3483,买盘
2174,11:06:09,11.6,-0.01,51,59160,卖盘
2175,11:06:00,11.61,--,4,4644,卖盘
2176,11:05:57,11.61,-0.01,15,17415,卖盘
2177,11:05:54,11.62,0.01,1,1162,买盘
2178,11:05:51,11.61,0.01,35,40635,买盘
2179,11:05:45,11.6,-0.01,33,38280,卖盘
2180,11:05:42,11.61,--,6,6966,买盘
2181,11:05:39,11.61,--,46,53406,买盘
2182,11:05:33,11.61,--,8,9288,买盘
2183,11:05:30,11.61,--,6,6966,买盘
2184,11:05:27,11.61,0.01,21,24381,买盘
2185,11:05:24,11.6,-0.01,62,71920,卖盘
2186,11:05:21,11.61,0.01,33,38313,买盘
2187,11:05:18,11.6,--,3,3480,卖盘
2188,11:05:12,11.6,--,37,42920,卖盘
2189,11:05:09,11.6,--,22,25520,卖盘
2190,11:05:06,11.6,-0.01,19,22040,卖盘
2191,11:05:03,11.61,--,10,11610,买盘
2192,11:05:00,11.61,--,20,23220,买盘
2193,11:04:54,11.61,-0.01,50,58050,中性盘
2194,11:04:48,11.62,0.01,14,16267,买盘
2195,11:04:45,11.61,--,29,33669,卖盘
2196,11:04:42,11.61,-0.01,12,13932,卖盘
2197,11:04:30,11.62,0.01,15,17430,买盘
2198,11:04:27,11.61,--,1,1161,买盘
2199,11:04:24,11.61,-0.01,293,340173,卖盘
2200,11:04:21,11.62,--,40,46480,买盘
2201,11:04:18,11.62,0.01,12,13943,买盘
2202,11:04:15,11.61,-0.01,24,27864,卖盘
2203,11:04:12,11.62,--,2,2324,买盘
2204,11:04:09,11.62,--,12,13943,买盘
2205,11:04:06,11.62,0.01,4,4648,买盘
2206,11:04:03,11.61,-0.01,19,22059,卖盘
2207,11:04:00,11.62,--,26,30211,买盘
2208,11:03:57,11.62,--,3,3485,买盘
2209,11:03:51,11.62,0.01,2,2324,买盘
2210,11:03:39,11.61,--,2,2322,卖盘
2211,11:03:36,11.61,-0.01,33,38313,卖盘
2212,11:03:33,11.62,--,6,6971,买盘
2213,11:03:30,11.62,--,1,1162,买盘
2214,11:03:27,11.62,--,26,30211,买盘
2215,11:03:24,11.62,--,15,17430,买盘
2216,11:03:21,11.62,0.01,1,1162,买盘
2217,11:03:18,11.61,-0.01,32,37152,中性盘
2218,11:03:15,11.62,--,82,95284,买盘
2219,11:03:12,11.62,0.02,1,1162,买盘
2220,11:03:09,11.6,-0.02,288,334080,卖盘
2221,11:03:06,11.62,0.01,27,31373,买盘
2222,11:02:57,11.61,0.01,32,37152,买盘
2223,11:02:54,11.6,-0.01,16,18560,卖盘
2224,11:02:48,11.61,0.01,181,210141,买盘
2225,11:02:45,11.6,-0.01,80,92800,卖盘
2226,11:02:42,11.61,--,146,169506,买盘
2227,11:02:33,11.61,--,10,11610,买盘
2228,11:02:30,11.61,--,34,39474,买盘
2229,11:02:27,11.61,--,10,11610,买盘
2230,11:02:24,11.61,0.01,3,3483,买盘
2231,11:02:21,11.6,-0.01,15,17400,卖盘
2232,11:02:18,11.61,--,2,2322,买盘
2233,11:02:12,11.61,--,2,2322,买盘
2234,11:02:09,11.61,0.01,11,12771,买盘
2235,11:02:06,11.6,-0.01,53,61480,卖盘
2236,11:02:00,11.61,0.01,5,5805,买盘
2237,11:01:57,11.6,-0.01,150,174000,卖盘
2238,11:01:54,11.61,0.01,203,235683,买盘
2239,11:01:51,11.6,-0.01,5,5800,卖盘
2240,11:01:48,11.61,--,1,1161,买盘
2241,11:01:45,11.61,--,60,69660,买盘
2242,11:01:42,11.61,--,86,99846,买盘
2243,11:01:39,11.61,--,15,17415,买盘
2244,11:01:33,11.61,--,30,34830,买盘
2245,11:01:30,11.61,0.01,17,19737,买盘
2246,11:01:24,11.6,--,41,47560,卖盘
2247,11:01:21,11.6,-0.01,5,5800,卖盘
2248,11:01:18,11.61,0.01,12,13932,买盘
2249,11:01:15,11.6,--,95,110200,卖盘
2250,11:01:12,11.6,--,50,58000,卖盘
2251,11:01:09,11.6,-0.01,40,46400,卖盘
2252,11:01:06,11.61,-0.01,1220,1416420,卖盘
2253,11:01:03,11.62,--,31,36022,买盘
2254,11:01:00,11.62,--,505,586810,卖盘
2255,11:00:57,11.62,--,52,60423,卖盘
2256,11:00:51,11.62,--,1,1162,卖盘
2257,11:00:48,11.62,--,3,3485,卖盘
2258,11:00:45,11.62,--,429,498497,卖盘
2259,11:00:42,11.62,--,4,4648,卖盘
2260,11:00:39,11.62,--,96,111551,卖盘
2261,11:00:36,11.62,--,20,23240,卖盘
2262,11:00:33,11.62,-0.01,1,1162,卖盘
2263,11:00:30,11.63,0.01,21,24423,买盘
2264,11:00:27,11.62,-0.01,2,2324,卖盘
2265,11:00:24,11.63,--,14,16282,买盘
2266,11:00:18,11.63,--,81,94203,买盘
2267,11:00:15,11.63,0.01,29,33727,买盘
2268,11:00:12,11.62,--,55,63909,卖盘
2269,11:00:09,11.62,--,27,31373,卖盘
2270,11:00:06,11.62,-0.01,4,4648,卖盘
2271,11:00:00,11.63,--,5,5815,买盘
2272,10:59:57,11.63,0.01,1,1163,买盘
2273,10:59:54,11.62,--,36,41832,卖盘
2274,10:59:51,11.62,--,32,37184,卖盘
2275,10:59:45,11.62,--,15,17430,卖盘
2276,10:59:39,11.62,--,123,142926,卖盘
2277,10:59:36,11.62,--,6,6971,卖盘
2278,10:59:33,11.62,-0.01,31,36022,卖盘
2279,10:59:30,11.63,0.01,21,24423,买盘
2280,10:59:27,11.62,-0.01,506,587972,卖盘
2281,10:59:24,11.63,0.01,2,2326,买盘
2282,10:59:21,11.62,--,4,4648,卖盘
2283,10:59:18,11.62,--,59,68558,卖盘
2284,10:59:15,11.62,-0.01,39,45318,卖盘
2285,10:59:12,11.63,--,208,241904,买盘
2286,10:59:09,11.63,0.01,200,232600,买盘
2287,10:59:03,11.62,--,20,23240,卖盘
2288,10:59:00,11.62,-0.01,80,92960,卖盘
2289,10:58:57,11.63,--,2,2326,买盘
2290,10:58:54,11.63,--,2,2326,买盘
2291,10:58:51,11.63,0.01,1,1163,买盘
2292,10:58:48,11.62,--,3,3485,卖盘
2293,10:58:45,11.62,-0.01,12,13943,卖盘
2294,10:58:42,11.63,--,9,10467,买盘
2295,10:58:39,11.63,--,124,144212,卖盘
2296,10:58:36,11.63,--,1,1163,卖盘
2297,10:58:33,11.63,--,2,2326,卖盘
2298,10:58:30,11.63,-0.01,101,117463,卖盘
2299,10:58:27,11.64,--,10,11640,买盘
2300,10:58:24,11.64,--,33,38412,买盘
2301,10:58:21,11.64,0.01,1,1164,买盘
2302,10:58:18,11.63,--,7,8141,卖盘
2303,10:58:15,11.63,-0.01,10,11630,卖盘
2304,10:58:12,11.64,0.01,17,19788,买盘
2305,10:58:06,11.63,--,10,11630,卖盘
2306,10:58:03,11.63,--,28,32564,卖盘
2307,10:58:00,11.63,--,3,3489,卖盘
2308,10:57:57,11.63,--,22,25586,买盘
2309,10:57:54,11.63,0.01,30,34890,买盘
2310,10:57:51,11.62,-0.01,1,1162,卖盘
2311,10:57:48,11.63,0.01,20,23260,买盘
2312,10:57:45,11.62,-0.01,2,2324,卖盘
2313,10:57:42,11.63,--,50,58150,买盘
2314,10:57:39,11.63,--,20,23260,买盘
2315,10:57:36,11.63,--,388,451244,卖盘
2316,10:57:33,11.63,-0.01,12,13956,卖盘
2317,10:57:30,11.64,--,1,1164,买盘
2318,10:57:27,11.64,--,1,1164,买盘
2319,10:57:24,11.64,--,3,3492,买盘
2320,10:57:21,11.64,--,28,32592,买盘
2321,10:57:18,11.64,0.01,11,12804,买盘
2322,10:57:15,11.63,--,19,22097,卖盘
2323,10:57:12,11.63,-0.01,7,8141,卖盘
2324,10:57:09,11.64,--,5,5820,买盘
2325,10:57:06,11.64,0.01,6,6984,买盘
2326,10:57:03,11.63,-0.01,6,6978,卖盘
2327,10:57:00,11.64,0.01,12,13968,买盘
2328,10:56:57,11.63,-0.01,20,23260,卖盘
2329,10:56:54,11.64,0.01,44,51216,买盘
2330,10:56:51,11.63,-0.01,36,41868,卖盘
2331,10:56:48,11.64,0.01,1,1164,买盘
2332,10:56:45,11.63,--,47,54661,卖盘
2333,10:56:30,11.63,-0.01,31,36053,卖盘
2334,10:56:24,11.64,--,18,20952,买盘
2335,10:56:21,11.64,--,32,37248,买盘
2336,10:56:18,11.64,--,180,209520,买盘
2337,10:56:06,11.64,0.01,8,9312,买盘
2338,10:56:00,11.63,-0.01,200,232600,卖盘
2339,10:55:57,11.64,0.01,41,47724,买盘
2340,10:55:51,11.63,--,81,94203,买盘
2341,10:55:48,11.63,--,108,125604,买盘
2342,10:55:45,11.63,--,3,3489,买盘
2343,10:55:42,11.63,0.01,5,5815,买盘
2344,10:55:39,11.62,-0.01,29,33698,卖盘
2345,10:55:36,11.63,-0.01,851,989713,卖盘
2346,10:55:33,11.64,--,22,25608,买盘
2347,10:55:30,11.64,--,4,4656,买盘
2348,10:55:27,11.64,--,21,24444,买盘
2349,10:55:21,11.64,--,4,4656,买盘
2350,10:55:18,11.64,--,12,13968,买盘
2351,10:55:15,11.64,--,39,45396,买盘
2352,10:55:12,11.64,0.01,22,25608,买盘
2353,10:55:06,11.63,-0.01,21,24423,卖盘
2354,10:54:57,11.64,--,10,11640,买盘
2355,10:54:51,11.64,0.01,1,1164,买盘
2356,10:54:48,11.63,-0.01,10,11630,卖盘
2357,10:54:42,11.64,--,34,39576,买盘
2358,10:54:39,11.64,0.01,1,1164,买盘
2359,10:54:36,11.63,-0.01,3,3489,卖盘
2360,10:54:33,11.64,0.01,21,24444,买盘
2361,10:54:30,11.63,-0.01,6,6978,卖盘
2362,10:54:27,11.64,--,11,12804,买盘
2363,10:54:24,11.64,--,3,3492,买盘
2364,10:54:21,11.64,--,16,18624,买盘
2365,10:54:18,11.64,--,3,3492,买盘
2366,10:54:12,11.64,--,2,2328,买盘
2367,10:54:09,11.64,0.01,3,3492,买盘
2368,10:54:06,11.63,-0.01,20,23260,卖盘
2369,10:54:03,11.64,0.01,35,40740,买盘
2370,10:54:00,11.63,-0.01,2,2326,卖盘
2371,10:53:57,11.64,--,11,12804,买盘
2372,10:53:54,11.64,--,110,128040,买盘
2373,10:53:48,11.64,0.01,10,11640,买盘
2374,10:53:45,11.63,-0.01,87,101181,卖盘
2375,10:53:42,11.64,--,16,18624,买盘
2376,10:53:33,11.64,-0.01,261,303804,卖盘
2377,10:53:30,11.65,--,1,1165,买盘
2378,10:53:27,11.65,--,66,76890,买盘
2379,10:53:24,11.65,--,223,259795,买盘
2380,10:53:21,11.65,--,21,24465,买盘
2381,10:53:18,11.65,0.01,96,111840,买盘
2382,10:53:15,11.64,-0.01,19,22116,卖盘
2383,10:53:12,11.65,--,3,3495,买盘
2384,10:53:09,11.65,--,11,12815,买盘
2385,10:53:06,11.65,0.01,38,44270,买盘
2386,10:53:03,11.64,-0.01,31,36084,卖盘
2387,10:53:00,11.65,--,151,175915,买盘
2388,10:52:54,11.65,--,57,66405,买盘
2389,10:52:48,11.65,--,15,17475,买盘
2390,10:52:45,11.65,0.01,15,17475,买盘
2391,10:52:39,11.64,--,42,48888,卖盘
2392,10:52:33,11.64,-0.01,2,2328,卖盘
2393,10:52:30,11.65,--,1,1165,买盘
2394,10:52:24,11.65,0.01,43,50095,买盘
2395,10:52:21,11.64,-0.01,23,26772,卖盘
2396,10:52:18,11.65,--,4,4660,买盘
2397,10:52:15,11.65,--,6,6990,买盘
2398,10:52:12,11.65,--,8,9320,买盘
2399,10:52:09,11.65,0.01,10,11650,买盘
2400,10:52:03,11.64,-0.01,19,22116,卖盘
2401,10:52:00,11.65,0.01,12,13980,买盘
2402,10:51:57,11.64,--,7,8148,卖盘
2403,10:51:54,11.64,--,1,1164,卖盘
2404,10:51:51,11.64,-0.01,2,2328,卖盘
2405,10:51:48,11.65,--,175,203875,卖盘
2406,10:51:42,11.65,--,54,62910,卖盘
2407,10:51:39,11.65,--,100,116500,卖盘
2408,10:51:36,11.65,--,60,69900,卖盘
2409,10:51:33,11.65,-0.01,3,3495,卖盘
2410,10:51:30,11.66,0.01,24,27984,买盘
2411,10:51:27,11.65,--,30,34950,卖盘
2412,10:51:24,11.65,-0.01,1010,1176650,卖盘
2413,10:51:21,11.66,--,1,1166,买盘
2414,10:51:15,11.66,--,24,27984,买盘
2415,10:51:12,11.66,--,56,65296,买盘
2416,10:51:09,11.66,0.01,10,11660,买盘
2417,10:51:06,11.65,--,31,36115,卖盘
2418,10:51:03,11.65,-0.01,122,142130,卖盘
2419,10:51:00,11.66,0.01,3,3498,买盘
2420,10:50:57,11.65,--,4,4660,卖盘
2421,10:50:51,11.65,-0.01,3,3495,卖盘
2422,10:50:48,11.66,--,32,37312,买盘
2423,10:50:45,11.66,--,48,55968,买盘
2424,10:50:42,11.66,--,6,6996,买盘
2425,10:50:39,11.66,--,18,20988,买盘
2426,10:50:30,11.66,0.01,9,10494,买盘
2427,10:50:27,11.65,--,11,12815,卖盘
2428,10:50:24,11.65,-0.01,4,4660,卖盘
2429,10:50:21,11.66,0.01,30,34980,买盘
2430,10:50:15,11.65,-0.01,114,132810,卖盘
2431,10:50:12,11.66,0.01,1,1166,买盘
2432,10:50:09,11.65,--,54,62910,卖盘
2433,10:50:06,11.65,--,21,24465,卖盘
2434,10:50:03,11.65,-0.01,3,3495,卖盘
2435,10:50:00,11.66,--,1,1166,买盘
2436,10:49:57,11.66,--,1,1166,买盘
2437,10:49:48,11.66,0.01,9,10494,买盘
2438,10:49:45,11.65,-0.01,20,23300,卖盘
2439,10:49:36,11.66,--,4,4664,买盘
2440,10:49:33,11.66,--,1,1166,买盘
2441,10:49:30,11.66,--,62,72292,买盘
2442,10:49:27,11.66,--,579,675813,卖盘
2443,10:49:24,11.66,-0.01,43,50138,卖盘
2444,10:49:21,11.67,0.01,4,4668,买盘
2445,10:49:15,11.66,--,10,11660,卖盘
2446,10:49:12,11.66,--,41,47806,卖盘
2447,10:49:09,11.66,--,19,22154,卖盘
2448,10:49:03,11.66,-0.01,14,16324,卖盘
2449,10:49:00,11.67,0.01,18,21006,买盘
2450,10:48:57,11.66,-0.01,5,5830,卖盘
2451,10:48:51,11.67,0.01,1,1167,买盘
2452,10:48:48,11.66,--,54,62964,卖盘
2453,10:48:45,11.66,--,19,22154,卖盘
2454,10:48:39,11.66,-0.01,15,17490,卖盘
2455,10:48:33,11.67,--,27,31509,买盘
2456,10:48:30,11.67,0.01,1,1167,买盘
2457,10:48:24,11.66,-0.01,1,1166,卖盘
2458,10:48:21,11.67,0.01,3,3501,买盘
2459,10:48:18,11.66,-0.01,18,20988,卖盘
2460,10:48:12,11.67,--,3,3501,买盘
2461,10:48:09,11.67,0.01,5,5835,买盘
2462,10:48:06,11.66,-0.01,20,23320,卖盘
2463,10:47:57,11.67,0.01,2,2334,买盘
2464,10:47:48,11.66,-0.01,1,1166,卖盘
2465,10:47:45,11.67,--,5,5835,买盘
2466,10:47:30,11.67,--,4,4668,买盘
2467,10:47:27,11.67,--,6,7002,买盘
2468,10:47:24,11.67,--,10,11670,买盘
2469,10:47:21,11.67,--,3,3501,买盘
2470,10:47:18,11.67,--,3,3501,买盘
2471,10:47:12,11.67,0.01,257,299919,买盘
2472,10:47:06,11.66,-0.01,81,94446,卖盘
2473,10:47:03,11.67,--,46,53682,买盘
2474,10:47:00,11.67,--,45,52515,买盘
2475,10:46:54,11.67,--,12,14004,买盘
2476,10:46:51,11.67,0.01,37,43179,买盘
2477,10:46:48,11.66,-0.01,1,1166,卖盘
2478,10:46:45,11.67,--,8,9336,买盘
2479,10:46:42,11.67,0.01,97,113199,买盘
2480,10:46:39,11.66,-0.01,100,116600,卖盘
2481,10:46:36,11.67,--,4,4668,买盘
2482,10:46:33,11.67,--,15,17505,买盘
2483,10:46:30,11.67,--,1,1167,买盘
2484,10:46:27,11.67,--,230,268410,买盘
2485,10:46:21,11.67,0.01,203,236901,买盘
2486,10:46:15,11.66,--,30,34980,卖盘
2487,10:46:12,11.66,-0.01,122,142252,卖盘
2488,10:46:09,11.67,0.01,5,5835,买盘
2489,10:46:06,11.66,--,30,34980,卖盘
2490,10:46:03,11.66,-0.01,66,76956,卖盘
2491,10:46:00,11.67,--,15,17505,买盘
2492,10:45:57,11.67,0.01,81,94527,买盘
2493,10:45:54,11.66,-0.01,1,1166,卖盘
2494,10:45:51,11.67,--,121,141207,买盘
2495,10:45:42,11.67,--,3,3501,买盘
2496,10:45:36,11.67,0.01,3,3501,买盘
2497,10:45:33,11.66,-0.01,9,10494,卖盘
2498,10:45:27,11.67,0.01,38,44346,买盘
2499,10:45:24,11.66,-0.01,20,23320,卖盘
2500,10:45:21,11.67,0.01,10,11670,买盘
2501,10:45:18,11.66,-0.01,15,17490,卖盘
2502,10:45:15,11.67,--,24,28008,买盘
2503,10:45:06,11.67,--,1,1167,买盘
2504,10:45:03,11.67,--,19,22173,买盘
2505,10:45:00,11.67,0.01,88,102696,买盘
2506,10:44:57,11.66,-0.01,59,68794,卖盘
2507,10:44:45,11.67,--,3,3501,买盘
2508,10:44:42,11.67,--,144,168748,卖盘
2509,10:44:39,11.67,--,198,231066,卖盘
2510,10:44:36,11.67,--,185,215895,卖盘
2511,10:44:33,11.67,-0.01,208,242736,卖盘
2512,10:44:27,11.68,--,52,60736,买盘
2513,10:44:24,11.68,--,62,72416,买盘
2514,10:44:21,11.68,--,5,5840,买盘
2515,10:44:18,11.68,--,58,67744,买盘
2516,10:44:12,11.68,0.01,74,86432,买盘
2517,10:44:09,11.67,-0.01,7,8169,卖盘
2518,10:44:06,11.68,0.01,13,15184,买盘
2519,10:44:03,11.67,-0.01,110,128370,卖盘
2520,10:44:00,11.68,0.01,1,1168,买盘
2521,10:43:57,11.67,-0.01,215,250905,卖盘
2522,10:43:51,11.68,0.01,17,19856,买盘
2523,10:43:48,11.67,--,14,16338,卖盘
2524,10:43:42,11.67,-0.01,64,74688,卖盘
2525,10:43:36,11.68,--,103,120304,买盘
2526,10:43:33,11.68,--,81,94608,买盘
2527,10:43:30,11.68,--,14,16352,买盘
2528,10:43:27,11.68,0.01,1,1168,买盘
2529,10:43:21,11.67,-0.01,20,23340,卖盘
2530,10:43:18,11.68,0.01,27,31536,买盘
2531,10:43:15,11.67,-0.01,70,81690,卖盘
2532,10:43:12,11.68,0.01,5,5840,买盘
2533,10:43:09,11.67,-0.01,50,58350,卖盘
2534,10:43:06,11.68,0.01,68,79424,买盘
2535,10:43:03,11.67,-0.01,71,82857,卖盘
2536,10:43:00,11.68,--,66,77088,买盘
2537,10:42:57,11.68,--,1,1168,买盘
2538,10:42:54,11.68,--,269,314192,买盘
2539,10:42:51,11.68,0.01,1,1168,买盘
2540,10:42:48,11.67,--,10,11670,卖盘
2541,10:42:45,11.67,--,21,24507,卖盘
2542,10:42:42,11.67,--,311,363403,买盘
2543,10:42:39,11.67,--,3,3501,买盘
2544,10:42:36,11.67,--,4,4668,买盘
2545,10:42:33,11.67,--,10,11670,买盘
2546,10:42:30,11.67,--,31,36177,买盘
2547,10:42:27,11.67,--,24,28008,买盘
2548,10:42:24,11.67,--,24,28008,买盘
2549,10:42:21,11.67,--,7,8169,买盘
2550,10:42:18,11.67,--,10,11670,买盘
2551,10:42:15,11.67,--,11,12837,买盘
2552,10:42:12,11.67,0.01,1,1167,买盘
2553,10:42:09,11.66,-0.01,35,40810,卖盘
2554,10:42:06,11.67,--,170,198390,买盘
2555,10:42:03,11.67,--,106,123702,买盘
2556,10:42:00,11.67,--,76,88692,买盘
2557,10:41:57,11.67,--,600,700200,买盘
2558,10:41:51,11.67,--,62,72354,买盘
2559,10:41:48,11.67,--,2,2334,买盘
2560,10:41:45,11.67,0.01,11,12837,买盘
2561,10:41:39,11.66,-0.01,3,3498,卖盘
2562,10:41:36,11.67,0.01,5,5835,买盘
2563,10:41:33,11.66,-0.01,8,9328,卖盘
2564,10:41:27,11.67,0.01,101,117867,买盘
2565,10:41:24,11.66,--,178,208014,买盘
2566,10:41:21,11.66,--,33,38478,买盘
2567,10:41:18,11.66,--,67,78122,买盘
2568,10:41:15,11.66,--,152,177232,买盘
2569,10:41:12,11.66,--,88,102608,买盘
2570,10:41:09,11.66,--,50,58300,买盘
2571,10:41:06,11.66,0.01,75,87450,买盘
2572,10:41:03,11.65,-0.01,54,62910,卖盘
2573,10:41:00,11.66,--,302,352132,买盘
2574,10:40:57,11.66,--,14,16324,买盘
2575,10:40:45,11.66,0.01,7,8162,买盘
2576,10:40:42,11.65,--,100,116500,卖盘
2577,10:40:39,11.65,-0.01,12,13980,卖盘
2578,10:40:36,11.66,0.01,7,8162,买盘
2579,10:40:33,11.65,-0.01,64,74560,卖盘
2580,10:40:30,11.66,0.01,1,1166,买盘
2581,10:40:27,11.65,-0.01,107,124655,卖盘
2582,10:40:24,11.66,--,13,15158,买盘
2583,10:40:21,11.66,0.01,1,1166,买盘
2584,10:40:18,11.65,-0.01,6,6990,卖盘
2585,10:40:15,11.66,--,2,2332,买盘
2586,10:40:12,11.66,0.01,11,12826,买盘
2587,10:40:09,11.65,--,228,265620,卖盘
2588,10:40:06,11.65,--,24,27960,卖盘
2589,10:40:03,11.65,--,39,45435,卖盘
2590,10:40:00,11.65,-0.01,118,137470,卖盘
2591,10:39:57,11.66,--,112,131291,卖盘
2592,10:39:54,11.66,--,52,60632,卖盘
2593,10:39:51,11.66,--,52,60632,卖盘
2594,10:39:48,11.66,--,111,129426,卖盘
2595,10:39:42,11.66,--,6,6996,卖盘
2596,10:39:39,11.66,--,572,667418,买盘
2597,10:39:36,11.66,0.01,8,9328,买盘
2598,10:39:33,11.65,--,7,8155,卖盘
2599,10:39:30,11.65,-0.01,1,1165,卖盘
2600,10:39:27,11.66,0.01,1,1166,买盘
2601,10:39:21,11.65,-0.01,71,82715,卖盘
2602,10:39:18,11.66,--,55,64130,买盘
2603,10:39:15,11.66,--,50,58300,买盘
2604,10:39:12,11.66,--,3,3498,买盘
2605,10:39:09,11.66,0.01,10,11660,买盘
2606,10:39:06,11.65,-0.01,164,191060,卖盘
2607,10:39:03,11.66,--,56,65296,买盘
2608,10:39:00,11.66,--,78,90948,买盘
2609,10:38:57,11.66,--,23,26818,买盘
2610,10:38:54,11.66,0.01,100,116600,买盘
2611,10:38:51,11.65,-0.01,1,1165,卖盘
2612,10:38:48,11.66,--,252,293832,买盘
2613,10:38:45,11.66,0.01,32,37312,买盘
2614,10:38:42,11.65,-0.01,30,34950,卖盘
2615,10:38:39,11.66,--,178,207548,买盘
2616,10:38:36,11.66,--,17,19822,买盘
2617,10:38:27,11.66,--,14,16324,买盘
2618,10:38:21,11.66,0.01,7,8162,买盘
2619,10:38:18,11.65,-0.01,10,11650,卖盘
2620,10:38:12,11.66,0.01,19,22154,买盘
2621,10:38:09,11.65,--,37,43105,卖盘
2622,10:38:06,11.65,--,21,24465,卖盘
2623,10:38:03,11.65,-0.01,20,23300,卖盘
2624,10:38:00,11.66,--,93,108438,买盘
2625,10:37:57,11.66,0.01,81,94446,买盘
2626,10:37:54,11.65,-0.01,10,11650,卖盘
2627,10:37:51,11.66,0.01,21,24486,买盘
2628,10:37:45,11.65,--,8,9320,卖盘
2629,10:37:42,11.65,--,2,2330,卖盘
2630,10:37:39,11.65,-0.01,73,85045,卖盘
2631,10:37:36,11.66,0.01,7,8162,买盘
2632,10:37:33,11.65,--,1929,2247751,买盘
2633,10:37:30,11.65,--,12,13980,买盘
2634,10:37:27,11.65,--,4,4660,买盘
2635,10:37:24,11.65,0.01,74,86210,买盘
2636,10:37:18,11.64,--,25,29100,卖盘
2637,10:37:15,11.64,-0.01,122,142008,卖盘
2638,10:37:12,11.65,--,9,10485,买盘
2639,10:37:09,11.65,0.01,6,6990,买盘
2640,10:37:03,11.64,-0.01,29,33756,卖盘
2641,10:37:00,11.65,--,35,40775,买盘
2642,10:36:57,11.65,0.01,16,18640,买盘
2643,10:36:54,11.64,--,91,105924,卖盘
2644,10:36:48,11.64,--,10,11640,卖盘
2645,10:36:45,11.64,--,10,11640,卖盘
2646,10:36:39,11.64,--,40,46560,卖盘
2647,10:36:36,11.64,--,61,71004,卖盘
2648,10:36:33,11.64,-0.01,38,44232,卖盘
2649,10:36:27,11.65,0.01,52,60580,买盘
2650,10:36:21,11.64,--,793,923052,买盘
2651,10:36:18,11.64,--,295,343380,买盘
2652,10:36:12,11.64,0.01,3,3492,买盘
2653,10:36:09,11.63,-0.01,12,13956,卖盘
2654,10:36:06,11.64,0.01,3,3492,买盘
2655,10:36:03,11.63,-0.01,20,23260,卖盘
2656,10:36:00,11.64,--,1,1164,买盘
2657,10:35:57,11.64,0.01,1,1164,买盘
2658,10:35:54,11.63,-0.01,3,3489,卖盘
2659,10:35:48,11.64,--,21,24444,买盘
2660,10:35:36,11.64,--,2,2328,买盘
2661,10:35:30,11.64,--,1,1164,买盘
2662,10:35:27,11.64,--,10,11640,买盘
2663,10:35:24,11.64,--,1,1164,买盘
2664,10:35:21,11.64,--,10,11640,买盘
2665,10:35:12,11.64,--,4,4656,买盘
2666,10:35:06,11.64,0.02,60,69840,买盘
2667,10:35:03,11.62,-0.01,63,73206,卖盘
2668,10:35:00,11.63,--,1,1163,买盘
2669,10:34:57,11.63,0.01,2,2326,买盘
2670,10:34:51,11.62,-0.01,20,23240,卖盘
2671,10:34:48,11.63,--,46,53498,买盘
2672,10:34:36,11.63,--,8,9304,买盘
2673,10:34:33,11.63,0.01,9,10467,买盘
2674,10:34:30,11.62,-0.01,20,23240,卖盘
2675,10:34:27,11.63,--,5,5815,买盘
2676,10:34:18,11.63,0.01,5,5815,买盘
2677,10:34:15,11.62,--,21,24402,卖盘
2678,10:34:12,11.62,-0.01,5,5810,卖盘
2679,10:34:09,11.63,--,3,3489,买盘
2680,10:34:00,11.63,--,10,11630,买盘
2681,10:33:57,11.63,0.01,17,19771,买盘
2682,10:33:54,11.62,-0.01,23,26726,卖盘
2683,10:33:51,11.63,--,22,25586,买盘
2684,10:33:48,11.63,0.01,14,16282,买盘
2685,10:33:42,11.62,-0.01,7,8133,卖盘
2686,10:33:36,11.63,--,5,5815,买盘
2687,10:33:33,11.63,--,30,34890,买盘
2688,10:33:30,11.63,0.01,3,3489,买盘
2689,10:33:24,11.62,-0.01,100,116199,卖盘
2690,10:33:21,11.63,0.01,29,33727,买盘
2691,10:33:18,11.62,--,65,75530,卖盘
2692,10:33:15,11.62,--,19,22078,卖盘
2693,10:33:12,11.62,-0.01,10,11620,卖盘
2694,10:33:06,11.63,--,10,11630,买盘
2695,10:33:03,11.63,0.01,13,15119,买盘
2696,10:33:00,11.62,-0.01,4,4648,卖盘
2697,10:32:57,11.63,--,1,1163,买盘
2698,10:32:51,11.63,0.01,38,44194,买盘
2699,10:32:45,11.62,--,1,1162,卖盘
2700,10:32:42,11.62,-0.01,7,8133,卖盘
2701,10:32:36,11.63,--,52,60476,买盘
2702,10:32:33,11.63,0.01,1,1163,买盘
2703,10:32:30,11.62,-0.01,78,90636,卖盘
2704,10:32:24,11.63,--,7,8141,买盘
2705,10:32:21,11.63,--,1,1163,买盘
2706,10:32:15,11.63,0.01,3,3489,买盘
2707,10:32:12,11.62,-0.01,10,11620,卖盘
2708,10:32:09,11.63,--,23,26749,买盘
2709,10:32:06,11.63,--,50,58150,买盘
2710,10:31:57,11.63,--,1,1163,买盘
2711,10:31:48,11.63,0.01,15,17445,买盘
2712,10:31:45,11.62,--,31,36022,卖盘
2713,10:31:42,11.62,--,8,9296,卖盘
2714,10:31:39,11.62,--,1,1162,卖盘
2715,10:31:36,11.62,--,16,18592,卖盘
2716,10:31:33,11.62,--,1,1162,卖盘
2717,10:31:30,11.62,--,1,1162,卖盘
2718,10:31:21,11.62,--,3,3485,卖盘
2719,10:31:15,11.62,--,20,23240,卖盘
2720,10:31:12,11.62,-0.01,10,11620,卖盘
2721,10:31:09,11.63,0.01,59,68617,买盘
2722,10:30:54,11.62,-0.01,3,3485,卖盘
2723,10:30:51,11.63,--,2,2326,买盘
2724,10:30:45,11.63,0.01,17,19771,买盘
2725,10:30:42,11.62,--,7,8133,卖盘
2726,10:30:39,11.62,-0.01,5,5810,卖盘
2727,10:30:36,11.63,0.01,2,2326,买盘
2728,10:30:33,11.62,--,6,6971,卖盘
2729,10:30:27,11.62,-0.01,44,51128,卖盘
2730,10:30:24,11.63,0.01,4,4652,买盘
2731,10:30:18,11.62,-0.01,3,3485,卖盘
2732,10:30:15,11.63,0.01,16,18608,买盘
2733,10:30:12,11.62,-0.01,11,12782,卖盘
2734,10:30:09,11.63,0.01,10,11630,买盘
2735,10:30:06,11.62,-0.01,25,29049,卖盘
2736,10:30:03,11.63,0.01,2,2326,买盘
2737,10:30:00,11.62,-0.01,50,58099,卖盘
2738,10:29:57,11.63,--,2,2326,买盘
2739,10:29:54,11.63,0.01,20,23260,买盘
2740,10:29:42,11.62,-0.01,7,8133,卖盘
2741,10:29:36,11.63,--,2,2326,买盘
2742,10:29:33,11.63,0.01,1,1163,买盘
2743,10:29:30,11.62,--,39,45318,卖盘
2744,10:29:27,11.62,-0.01,3,3485,卖盘
2745,10:29:24,11.63,--,7,8141,买盘
2746,10:29:21,11.63,0.01,1,1163,买盘
2747,10:29:18,11.62,-0.01,2,2324,卖盘
2748,10:29:12,11.63,0.01,19,22097,买盘
2749,10:29:06,11.62,--,48,55775,卖盘
2750,10:29:00,11.62,--,2,2324,卖盘
2751,10:28:51,11.62,--,11,12782,卖盘
2752,10:28:45,11.62,-0.01,10,11620,卖盘
2753,10:28:42,11.63,-0.01,9,10467,卖盘
2754,10:28:36,11.64,0.01,3,3492,买盘
2755,10:28:33,11.63,--,10,11630,卖盘
2756,10:28:27,11.63,--,3,3489,卖盘
2757,10:28:18,11.63,-0.01,1,1163,卖盘
2758,10:28:15,11.64,--,11,12804,买盘
2759,10:28:12,11.64,0.01,1,1164,买盘
2760,10:28:09,11.63,--,2,2326,卖盘
2761,10:28:06,11.63,--,23,26749,卖盘
2762,10:28:03,11.63,--,101,117463,卖盘
2763,10:27:57,11.63,-0.01,14,16282,卖盘
2764,10:27:54,11.64,--,1,1164,买盘
2765,10:27:51,11.64,0.01,3,3492,买盘
2766,10:27:45,11.63,-0.01,9,10467,买盘
2767,10:27:42,11.64,0.01,88,102432,买盘
2768,10:27:39,11.63,-0.01,35,40705,卖盘
2769,10:27:36,11.64,0.01,2,2328,买盘
2770,10:27:33,11.63,--,2,2326,卖盘
2771,10:27:30,11.63,--,6,6978,卖盘
2772,10:27:24,11.63,-0.01,56,65128,卖盘
2773,10:27:12,11.64,0.01,1,1164,买盘
2774,10:27:09,11.63,--,63,73269,卖盘
2775,10:27:06,11.63,-0.01,24,27912,卖盘
2776,10:27:03,11.64,--,59,68676,买盘
2777,10:27:00,11.64,0.01,35,40740,买盘
2778,10:26:57,11.63,-0.01,6,6978,卖盘
2779,10:26:51,11.64,0.01,1,1164,买盘
2780,10:26:48,11.63,--,14,16282,卖盘
2781,10:26:42,11.63,0.01,796,925748,买盘
2782,10:26:39,11.62,-0.01,20,23240,卖盘
2783,10:26:36,11.63,0.01,5,5815,买盘
2784,10:26:33,11.62,--,32,37184,卖盘
2785,10:26:30,11.62,-0.01,3,3485,卖盘
2786,10:26:24,11.63,0.01,17,19771,买盘
2787,10:26:18,11.62,-0.01,7,8133,卖盘
2788,10:26:12,11.63,0.01,3,3489,买盘
2789,10:26:09,11.62,-0.01,20,23240,卖盘
2790,10:26:06,11.63,0.01,136,158168,买盘
2791,10:26:03,11.62,-0.01,6,6971,卖盘
2792,10:25:57,11.63,0.01,2,2326,买盘
2793,10:25:54,11.62,--,21,24402,卖盘
2794,10:25:48,11.62,--,12,13943,卖盘
2795,10:25:45,11.62,--,57,66234,卖盘
2796,10:25:42,11.62,-0.01,9,10458,卖盘
2797,10:25:36,11.63,0.01,16,18608,买盘
2798,10:25:33,11.62,-0.01,9,10458,卖盘
2799,10:25:30,11.63,0.01,60,69780,买盘
2800,10:25:27,11.62,-0.01,60,69720,卖盘
2801,10:25:24,11.63,0.01,1,1163,买盘
2802,10:25:18,11.62,--,1,1162,卖盘
2803,10:25:15,11.62,--,1,1162,卖盘
2804,10:25:12,11.62,--,43,49966,卖盘
2805,10:25:09,11.62,-0.01,50,58099,卖盘
2806,10:25:06,11.63,0.01,20,23260,买盘
2807,10:25:03,11.62,-0.01,19,22078,卖盘
2808,10:24:57,11.63,0.01,35,40705,买盘
2809,10:24:42,11.62,-0.01,36,41832,卖盘
2810,10:24:36,11.63,0.01,38,44194,买盘
2811,10:24:33,11.62,--,10,11620,卖盘
2812,10:24:21,11.62,--,7,8133,卖盘
2813,10:24:18,11.62,--,3,3485,卖盘
2814,10:24:15,11.62,--,20,23240,卖盘
2815,10:24:12,11.62,--,99,115037,卖盘
2816,10:24:03,11.62,-0.01,16,18592,卖盘
2817,10:23:54,11.63,--,1,1163,买盘
2818,10:23:51,11.63,0.01,2,2326,买盘
