,time,price,change,volume,amount,type
0,15:00:03,7.3,--,2182,1592860,买盘
1,14:57:00,7.3,--,76,55480,买盘
2,14:56:57,7.3,--,108,78840,买盘
3,14:56:54,7.3,--,386,281780,买盘
4,14:56:51,7.3,0.01,38,27740,买盘
5,14:56:48,7.29,-0.01,126,91854,卖盘
6,14:56:45,7.3,--,119,86870,买盘
7,14:56:42,7.3,--,15,10950,买盘
8,14:56:39,7.3,--,80,58400,买盘
9,14:56:36,7.3,--,125,91250,买盘
10,14:56:33,7.3,--,73,53290,买盘
11,14:56:30,7.3,--,43,31390,买盘
12,14:56:27,7.3,--,232,169360,买盘
13,14:56:24,7.3,--,27,19710,买盘
14,14:56:21,7.3,--,4,2920,买盘
15,14:56:18,7.3,--,11,8030,买盘
16,14:56:15,7.3,--,30,21900,买盘
17,14:56:12,7.3,0.01,132,96360,买盘
18,14:56:09,7.29,--,65,47385,卖盘
19,14:56:06,7.29,-0.01,120,87480,卖盘
20,14:56:03,7.3,--,6,4380,买盘
21,14:56:00,7.3,--,15,10950,买盘
22,14:55:57,7.3,--,112,81760,买盘
23,14:55:54,7.3,--,23,16790,买盘
24,14:55:48,7.3,--,30,21900,买盘
25,14:55:45,7.3,--,147,107310,买盘
26,14:55:42,7.3,--,36,26280,买盘
27,14:55:39,7.3,--,2,1460,买盘
28,14:55:36,7.3,0.01,105,76650,买盘
29,14:55:33,7.29,-0.01,272,198288,卖盘
30,14:55:30,7.3,--,24,17520,买盘
31,14:55:27,7.3,--,3,2190,买盘
32,14:55:24,7.3,--,10,7300,买盘
33,14:55:21,7.3,--,36,26280,买盘
34,14:55:18,7.3,-0.01,92,67160,卖盘
35,14:55:15,7.31,0.01,87,64094,买盘
36,14:55:12,7.3,-0.01,307,224110,卖盘
37,14:55:09,7.31,0.01,84,61404,买盘
38,14:55:06,7.3,--,86,62780,卖盘
39,14:55:03,7.3,--,84,61320,卖盘
40,14:54:57,7.3,--,76,55480,卖盘
41,14:54:54,7.3,--,30,21900,卖盘
42,14:54:51,7.3,-0.01,293,213890,卖盘
43,14:54:48,7.31,0.01,3,2193,买盘
44,14:54:45,7.3,--,22,16060,卖盘
45,14:54:42,7.3,-0.01,3,2190,卖盘
46,14:54:39,7.31,--,14,10234,买盘
47,14:54:36,7.31,--,193,141083,买盘
48,14:54:33,7.31,0.01,77,56287,买盘
49,14:54:30,7.3,--,41,29930,卖盘
50,14:54:27,7.3,--,55,40383,买盘
51,14:54:24,7.3,--,102,74460,买盘
52,14:54:21,7.3,--,342,249660,买盘
53,14:54:18,7.3,0.01,122,89060,买盘
54,14:54:15,7.29,-0.01,234,170586,卖盘
55,14:54:12,7.3,--,761,555530,买盘
56,14:54:09,7.3,--,168,122640,买盘
57,14:54:06,7.3,--,138,100740,买盘
58,14:54:03,7.3,--,105,76650,买盘
59,14:54:00,7.3,--,4,2920,买盘
60,14:53:57,7.3,--,86,62780,买盘
61,14:53:54,7.3,--,15,10950,买盘
62,14:53:51,7.3,0.01,37,27010,买盘
63,14:53:48,7.29,--,7,5103,卖盘
64,14:53:45,7.29,-0.01,154,112266,卖盘
65,14:53:42,7.3,--,28,20440,买盘
66,14:53:39,7.3,0.01,4,2920,买盘
67,14:53:36,7.29,--,143,104247,卖盘
68,14:53:33,7.29,--,390,284310,卖盘
69,14:53:30,7.29,-0.01,375,273375,卖盘
70,14:53:27,7.3,--,40,29200,买盘
71,14:53:24,7.3,0.01,61,44530,买盘
72,14:53:21,7.29,-0.01,33,24057,卖盘
73,14:53:15,7.3,--,17,12410,买盘
74,14:53:12,7.3,0.01,88,64240,买盘
75,14:53:09,7.29,--,144,104976,卖盘
76,14:53:06,7.29,-0.01,511,372519,卖盘
77,14:53:03,7.3,0.01,214,156220,买盘
78,14:53:00,7.29,-0.01,172,125388,卖盘
79,14:52:57,7.3,0.01,62,45260,买盘
80,14:52:54,7.29,-0.01,22,16038,卖盘
81,14:52:51,7.3,--,68,49640,买盘
82,14:52:48,7.3,0.01,74,54020,买盘
83,14:52:45,7.29,-0.01,90,65610,卖盘
84,14:52:42,7.3,0.01,106,77380,买盘
85,14:52:39,7.29,-0.01,46,33534,卖盘
86,14:52:36,7.3,0.01,72,52560,买盘
87,14:52:33,7.29,--,89,64881,卖盘
88,14:52:30,7.29,-0.01,73,53217,卖盘
89,14:52:24,7.3,0.01,20,14600,买盘
90,14:52:21,7.29,-0.01,15,10935,卖盘
91,14:52:18,7.3,--,10,7300,买盘
92,14:52:15,7.3,0.01,78,56940,买盘
93,14:52:12,7.29,-0.01,82,59778,卖盘
94,14:52:09,7.3,--,308,224840,买盘
95,14:52:06,7.3,--,86,62780,买盘
96,14:52:03,7.3,--,41,29930,买盘
97,14:52:00,7.3,--,5,3650,买盘
98,14:51:57,7.3,--,15,10950,买盘
99,14:51:54,7.3,--,26,18980,买盘
100,14:51:51,7.3,0.01,201,146730,买盘
101,14:51:48,7.29,-0.01,14,10206,卖盘
102,14:51:45,7.3,0.01,30,21900,买盘
103,14:51:42,7.29,--,17,12393,卖盘
104,14:51:39,7.29,--,564,411156,卖盘
105,14:51:36,7.29,-0.01,91,66339,卖盘
106,14:51:33,7.3,0.01,104,75920,买盘
107,14:51:30,7.29,--,45,32805,卖盘
108,14:51:27,7.29,--,161,117369,卖盘
109,14:51:24,7.29,-0.01,278,202662,卖盘
110,14:51:21,7.3,--,597,436306,卖盘
111,14:51:18,7.3,--,20,14600,卖盘
112,14:51:15,7.3,-0.01,120,87600,卖盘
113,14:51:12,7.31,0.01,46,33626,买盘
114,14:51:09,7.3,--,575,419750,卖盘
115,14:51:06,7.3,--,525,383250,卖盘
116,14:51:03,7.3,-0.01,2805,2047650,卖盘
117,14:51:00,7.31,0.01,17,12427,买盘
118,14:50:57,7.3,--,437,319010,卖盘
119,14:50:54,7.3,--,136,99280,卖盘
120,14:50:51,7.3,--,4130,3014900,卖盘
121,14:50:48,7.3,-0.01,49,35770,卖盘
122,14:50:45,7.31,0.01,162,118422,买盘
123,14:50:39,7.3,--,17,12410,卖盘
124,14:50:36,7.3,-0.01,142,103660,卖盘
125,14:50:33,7.31,--,75,54825,买盘
126,14:50:30,7.31,--,41,29971,买盘
127,14:50:27,7.31,0.01,4,2924,买盘
128,14:50:24,7.3,--,8,5840,卖盘
129,14:50:21,7.3,-0.01,229,167170,卖盘
130,14:50:18,7.31,--,144,105264,买盘
131,14:50:15,7.31,0.01,21,15351,买盘
132,14:50:12,7.3,-0.01,641,467930,卖盘
133,14:50:09,7.31,0.01,300,219300,买盘
134,14:50:06,7.3,-0.01,420,306600,卖盘
135,14:50:03,7.31,--,597,436407,买盘
136,14:50:00,7.31,0.01,25,18275,买盘
137,14:49:57,7.3,--,66,48180,卖盘
138,14:49:54,7.3,--,120,87600,卖盘
139,14:49:51,7.3,-0.01,185,135050,卖盘
140,14:49:48,7.31,--,34,24854,卖盘
141,14:49:45,7.31,--,85,62727,买盘
142,14:49:42,7.31,--,2060,1505998,卖盘
143,14:49:39,7.31,--,43,31433,卖盘
144,14:49:36,7.31,--,145,105995,卖盘
145,14:49:33,7.31,-0.01,74,54094,卖盘
146,14:49:30,7.32,0.01,308,226048,买盘
147,14:49:27,7.31,--,150,109650,卖盘
148,14:49:24,7.31,--,118,86258,卖盘
149,14:49:21,7.31,-0.01,25,18275,卖盘
150,14:49:18,7.32,--,1,732,买盘
151,14:49:15,7.32,0.01,32,23424,买盘
152,14:49:12,7.31,--,55,40205,卖盘
153,14:49:09,7.31,--,3,2193,卖盘
154,14:49:06,7.31,-0.01,10,7310,卖盘
155,14:49:03,7.32,0.01,71,51972,买盘
156,14:49:00,7.31,--,74,54094,卖盘
157,14:48:57,7.31,--,197,144007,卖盘
158,14:48:54,7.31,--,70,51170,卖盘
159,14:48:51,7.31,--,77,56287,卖盘
160,14:48:48,7.31,--,36,26316,卖盘
161,14:48:45,7.31,-0.01,145,105995,卖盘
162,14:48:42,7.32,0.01,270,197640,买盘
163,14:48:39,7.31,--,812,593572,卖盘
164,14:48:36,7.31,--,199,145469,卖盘
165,14:48:33,7.31,--,209,152779,卖盘
166,14:48:30,7.31,--,114,83334,卖盘
167,14:48:27,7.31,--,60,43860,卖盘
168,14:48:24,7.31,--,29,21199,卖盘
169,14:48:21,7.31,--,125,91375,卖盘
170,14:48:18,7.31,--,548,400588,卖盘
171,14:48:15,7.31,--,9,6579,卖盘
172,14:48:12,7.31,--,16,11696,卖盘
173,14:48:09,7.31,--,104,76024,卖盘
174,14:48:06,7.31,-0.01,86,62866,卖盘
175,14:48:03,7.32,0.01,13,9516,买盘
176,14:48:00,7.31,--,58,42398,卖盘
177,14:47:57,7.31,-0.01,195,142545,卖盘
178,14:47:54,7.32,0.01,39,28548,买盘
179,14:47:51,7.31,--,16,11696,卖盘
180,14:47:48,7.31,--,24,17544,卖盘
181,14:47:45,7.31,--,114,83334,卖盘
182,14:47:42,7.31,-0.01,80,58480,卖盘
183,14:47:39,7.32,0.01,41,30012,买盘
184,14:47:36,7.31,--,106,77486,卖盘
185,14:47:33,7.31,-0.01,179,130849,卖盘
186,14:47:30,7.32,0.01,37,27084,买盘
187,14:47:27,7.31,-0.01,6,4386,卖盘
188,14:47:24,7.32,--,16,11712,买盘
189,14:47:21,7.32,0.01,22,16104,买盘
190,14:47:18,7.31,-0.01,9,6579,卖盘
191,14:47:15,7.32,0.01,57,41724,中性盘
192,14:47:12,7.31,-0.02,46,33626,卖盘
193,14:47:09,7.33,0.02,26,19058,买盘
194,14:47:06,7.31,-0.01,32,23392,卖盘
195,14:47:03,7.32,0.01,80,58560,买盘
196,14:47:00,7.31,-0.01,91,66521,卖盘
197,14:46:57,7.32,0.01,89,65148,买盘
198,14:46:54,7.31,--,207,151317,卖盘
199,14:46:51,7.31,-0.01,36,26316,卖盘
200,14:46:48,7.32,--,308,225595,卖盘
201,14:46:45,7.32,--,392,286944,卖盘
202,14:46:42,7.32,--,104,76128,卖盘
203,14:46:39,7.32,--,353,258542,卖盘
204,14:46:36,7.32,-0.01,60,43920,卖盘
205,14:46:33,7.33,0.01,11,8063,买盘
206,14:46:30,7.32,-0.01,20,14640,卖盘
207,14:46:24,7.33,--,11,8063,买盘
208,14:46:21,7.33,--,17,12461,买盘
209,14:46:18,7.33,0.01,136,99688,买盘
210,14:46:15,7.32,-0.01,57,41724,卖盘
211,14:46:12,7.33,--,300,219900,买盘
212,14:46:09,7.33,--,125,91625,买盘
213,14:46:06,7.33,--,54,39582,买盘
214,14:46:03,7.33,0.01,22,16126,买盘
215,14:46:00,7.32,--,20,14640,卖盘
216,14:45:57,7.32,-0.01,7,5124,卖盘
217,14:45:54,7.33,0.01,26,19058,买盘
218,14:45:51,7.32,-0.01,5,3660,卖盘
219,14:45:48,7.33,0.01,2,1466,买盘
220,14:45:45,7.32,-0.01,25,18300,卖盘
221,14:45:42,7.33,0.01,197,144401,买盘
222,14:45:39,7.32,-0.01,59,43188,卖盘
223,14:45:36,7.33,0.01,82,60106,买盘
224,14:45:30,7.32,-0.01,44,32208,卖盘
225,14:45:27,7.33,0.01,16,11728,买盘
226,14:45:24,7.32,-0.01,14,10248,卖盘
227,14:45:21,7.33,0.01,233,170789,买盘
228,14:45:18,7.32,--,5,3660,卖盘
229,14:45:15,7.32,-0.01,80,58560,卖盘
230,14:45:12,7.33,--,13,9529,买盘
231,14:45:09,7.33,0.01,94,68902,买盘
232,14:45:06,7.32,--,50,36600,卖盘
233,14:45:03,7.32,--,13,9516,卖盘
234,14:45:00,7.32,0.01,193,141722,买盘
235,14:44:57,7.31,-0.01,72,52632,卖盘
236,14:44:54,7.32,--,115,84180,买盘
237,14:44:51,7.32,0.01,28,20496,买盘
238,14:44:48,7.31,-0.02,73,53648,卖盘
239,14:44:45,7.33,--,230,168590,买盘
240,14:44:42,7.33,--,33,24189,买盘
241,14:44:39,7.33,--,18,13194,买盘
242,14:44:36,7.33,0.01,27,19791,买盘
243,14:44:33,7.32,--,504,368928,卖盘
244,14:44:30,7.32,-0.01,46,33672,卖盘
245,14:44:27,7.33,0.01,12,8796,买盘
246,14:44:24,7.32,--,10,7320,卖盘
247,14:44:21,7.32,-0.01,104,76128,卖盘
248,14:44:18,7.33,0.01,2,1466,买盘
249,14:44:15,7.32,-0.01,22,16104,卖盘
250,14:44:12,7.33,--,34,24922,买盘
251,14:44:09,7.33,0.01,56,41048,买盘
252,14:44:06,7.32,--,128,93696,卖盘
253,14:44:03,7.32,--,62,45384,卖盘
254,14:44:00,7.32,--,38,27816,卖盘
255,14:43:57,7.32,0.01,120,88286,买盘
256,14:43:54,7.31,--,117,85527,卖盘
257,14:43:51,7.31,-0.01,46,33626,卖盘
258,14:43:48,7.32,--,1,732,买盘
259,14:43:45,7.32,0.01,39,28548,买盘
260,14:43:42,7.31,-0.01,113,82603,卖盘
261,14:43:39,7.32,0.01,210,153720,买盘
262,14:43:36,7.31,-0.01,282,206427,卖盘
263,14:43:33,7.32,--,733,536556,卖盘
264,14:43:30,7.32,--,23,16836,卖盘
265,14:43:27,7.32,--,363,265716,卖盘
266,14:43:24,7.32,--,1641,1201212,卖盘
267,14:43:21,7.32,--,40,29280,卖盘
268,14:43:18,7.32,-0.01,31,22692,卖盘
269,14:43:15,7.33,0.01,37,27121,买盘
270,14:43:12,7.32,-0.01,51,37332,卖盘
271,14:43:09,7.33,0.01,4,2932,买盘
272,14:43:06,7.32,--,10,7320,卖盘
273,14:43:03,7.32,--,31,22692,卖盘
274,14:43:00,7.32,-0.01,4,2928,卖盘
275,14:42:57,7.33,0.01,34,24922,买盘
276,14:42:54,7.32,--,7,5124,卖盘
277,14:42:51,7.32,--,24,17568,卖盘
278,14:42:48,7.32,-0.01,166,121512,卖盘
279,14:42:45,7.33,0.01,3,2199,买盘
280,14:42:42,7.32,-0.01,39,28548,卖盘
281,14:42:39,7.33,--,22,16126,买盘
282,14:42:36,7.33,0.01,9,6597,买盘
283,14:42:33,7.32,-0.01,29,21228,卖盘
284,14:42:30,7.33,--,214,156862,买盘
285,14:42:27,7.33,--,1,733,买盘
286,14:42:21,7.33,0.01,240,175920,买盘
287,14:42:18,7.32,--,742,543144,卖盘
288,14:42:15,7.32,-0.01,26,19032,卖盘
289,14:42:12,7.33,--,1,733,买盘
290,14:42:09,7.33,0.01,12,8796,买盘
291,14:42:06,7.32,--,9,6588,卖盘
292,14:42:03,7.32,-0.01,38,27816,卖盘
293,14:42:00,7.33,0.01,44,32252,买盘
294,14:41:57,7.32,-0.01,96,70272,卖盘
295,14:41:54,7.33,0.01,11,8063,买盘
296,14:41:51,7.32,--,7,5124,卖盘
297,14:41:45,7.32,-0.01,116,84912,卖盘
298,14:41:42,7.33,0.01,8,5864,买盘
299,14:41:39,7.32,-0.01,51,37332,卖盘
300,14:41:36,7.33,0.01,349,256198,买盘
301,14:41:33,7.32,-0.01,123,90036,卖盘
302,14:41:30,7.33,--,2,1466,买盘
303,14:41:27,7.33,0.01,81,59373,买盘
304,14:41:24,7.32,-0.01,59,43188,卖盘
305,14:41:18,7.33,0.01,148,108484,买盘
306,14:41:15,7.32,-0.01,23,16836,卖盘
307,14:41:12,7.33,0.01,259,189847,买盘
308,14:41:09,7.32,-0.01,16,11712,卖盘
309,14:41:06,7.33,0.01,126,92358,买盘
310,14:41:00,7.32,--,10,7320,卖盘
311,14:40:54,7.32,--,3,2196,卖盘
312,14:40:51,7.32,--,3,2196,卖盘
313,14:40:48,7.32,-0.01,7,5124,卖盘
314,14:40:45,7.33,0.01,135,98955,买盘
315,14:40:42,7.32,--,10,7320,卖盘
316,14:40:39,7.32,--,105,76860,卖盘
317,14:40:36,7.32,-0.01,186,136298,卖盘
318,14:40:33,7.33,--,22,16126,买盘
319,14:40:30,7.33,0.01,2,1466,买盘
320,14:40:27,7.32,--,7,5124,卖盘
321,14:40:21,7.32,-0.01,15,10980,卖盘
322,14:40:18,7.33,0.01,20,14660,买盘
323,14:40:15,7.32,-0.01,157,114924,卖盘
324,14:40:09,7.33,0.01,4,2932,买盘
325,14:40:06,7.32,-0.01,17,12444,卖盘
326,14:40:03,7.33,--,9,6597,买盘
327,14:39:54,7.33,0.01,31,22723,买盘
328,14:39:51,7.32,-0.01,18,13176,卖盘
329,14:39:48,7.33,0.01,2,1466,买盘
330,14:39:45,7.32,-0.01,99,72468,卖盘
331,14:39:42,7.33,0.01,5,3665,买盘
332,14:39:39,7.32,--,30,21960,卖盘
333,14:39:36,7.32,--,207,151524,卖盘
334,14:39:30,7.32,--,7,5124,卖盘
335,14:39:27,7.32,-0.01,61,44652,卖盘
336,14:39:24,7.33,--,7,5131,卖盘
337,14:39:21,7.33,--,3,2199,卖盘
338,14:39:18,7.33,--,15,10995,买盘
339,14:39:09,7.33,0.01,134,98222,买盘
340,14:39:06,7.32,-0.01,23,16836,卖盘
341,14:39:03,7.33,-0.01,156,114348,卖盘
342,14:39:00,7.34,--,33,24222,买盘
343,14:38:57,7.34,0.01,4,2936,买盘
344,14:38:54,7.33,-0.01,7,5131,卖盘
345,14:38:51,7.34,0.01,98,71932,买盘
346,14:38:48,7.33,--,42,30786,卖盘
347,14:38:45,7.33,-0.01,82,60106,卖盘
348,14:38:42,7.34,--,30,22020,买盘
349,14:38:39,7.34,0.01,23,16882,买盘
350,14:38:36,7.33,--,66,48378,卖盘
351,14:38:33,7.33,--,7,5131,卖盘
352,14:38:30,7.33,-0.01,12,8796,卖盘
353,14:38:27,7.34,--,14,10276,买盘
354,14:38:24,7.34,0.01,1,734,买盘
355,14:38:21,7.33,--,33,24189,卖盘
356,14:38:18,7.33,-0.01,161,118013,卖盘
357,14:38:15,7.34,0.01,6,4404,买盘
358,14:38:12,7.33,-0.01,105,76965,卖盘
359,14:38:09,7.34,0.01,59,43306,买盘
360,14:38:06,7.33,-0.01,4,2932,卖盘
361,14:38:00,7.34,0.01,4,2936,买盘
362,14:37:57,7.33,--,12,8796,卖盘
363,14:37:51,7.33,--,48,35184,卖盘
364,14:37:48,7.33,-0.01,8,5864,卖盘
365,14:37:45,7.34,--,70,51380,买盘
366,14:37:42,7.34,--,32,23488,买盘
367,14:37:39,7.34,0.01,51,37434,买盘
368,14:37:36,7.33,--,5,3665,卖盘
369,14:37:33,7.33,--,31,22723,卖盘
370,14:37:30,7.33,--,2,1466,卖盘
371,14:37:27,7.33,--,4,2932,卖盘
372,14:37:24,7.33,-0.01,8,5864,卖盘
373,14:37:18,7.34,0.01,9,6606,买盘
374,14:37:12,7.33,-0.01,8,5864,卖盘
375,14:37:09,7.34,0.01,48,35232,买盘
376,14:37:06,7.33,--,5,3665,卖盘
377,14:37:03,7.33,--,99,72567,卖盘
378,14:37:00,7.33,--,7,5131,卖盘
379,14:36:57,7.33,-0.01,26,19058,卖盘
380,14:36:51,7.34,0.01,23,16882,买盘
381,14:36:48,7.33,--,11,8063,卖盘
382,14:36:45,7.33,--,50,36650,卖盘
383,14:36:42,7.33,--,5,3665,卖盘
384,14:36:39,7.33,--,102,74766,卖盘
385,14:36:36,7.33,--,30,21990,卖盘
386,14:36:30,7.33,--,35,25655,卖盘
387,14:36:27,7.33,--,30,21990,卖盘
388,14:36:24,7.33,-0.01,15,10995,卖盘
389,14:36:21,7.34,--,25,18350,买盘
390,14:36:18,7.34,0.01,14,10276,买盘
391,14:36:15,7.33,-0.01,7,5131,卖盘
392,14:36:12,7.34,0.01,191,140194,买盘
393,14:36:09,7.33,-0.01,83,60839,卖盘
394,14:36:06,7.34,0.01,10,7340,买盘
395,14:36:03,7.33,-0.01,12,8796,卖盘
396,14:35:57,7.34,--,7,5138,买盘
397,14:35:54,7.34,0.01,26,19084,买盘
398,14:35:51,7.33,--,37,27121,卖盘
399,14:35:48,7.33,--,236,172988,卖盘
400,14:35:45,7.33,-0.01,2,1466,卖盘
401,14:35:42,7.34,--,16,11744,买盘
402,14:35:39,7.34,0.01,16,11744,买盘
403,14:35:36,7.33,-0.01,57,41781,卖盘
404,14:35:30,7.34,0.01,4,2936,买盘
405,14:35:27,7.33,--,24,17592,卖盘
406,14:35:24,7.33,--,2,1466,卖盘
407,14:35:21,7.33,--,3,2199,卖盘
408,14:35:18,7.33,-0.01,9,6597,卖盘
409,14:35:15,7.34,--,17,12478,买盘
410,14:35:12,7.34,--,8,5872,买盘
411,14:35:09,7.34,0.01,11,8074,买盘
412,14:35:06,7.33,-0.01,88,64504,卖盘
413,14:35:03,7.34,--,18,13212,买盘
414,14:35:00,7.34,--,7,5138,买盘
415,14:34:57,7.34,--,25,18350,买盘
416,14:34:54,7.34,--,8,5872,买盘
417,14:34:51,7.34,--,4,2936,买盘
418,14:34:48,7.34,--,4,2936,买盘
419,14:34:45,7.34,--,31,22754,买盘
420,14:34:42,7.34,--,32,23488,买盘
421,14:34:39,7.34,--,24,17616,买盘
422,14:34:36,7.34,0.01,55,40370,买盘
423,14:34:33,7.33,--,14,10262,卖盘
424,14:34:30,7.33,--,22,16126,卖盘
425,14:34:27,7.33,--,1,733,卖盘
426,14:34:24,7.33,-0.01,8,5864,卖盘
427,14:34:21,7.34,0.01,91,66794,买盘
428,14:34:18,7.33,--,19,13927,卖盘
429,14:34:09,7.33,-0.01,36,26388,卖盘
430,14:34:06,7.34,0.01,9,6606,买盘
431,14:34:00,7.33,--,105,76965,卖盘
432,14:33:57,7.33,--,10,7330,卖盘
433,14:33:54,7.33,-0.01,84,61572,卖盘
434,14:33:51,7.34,--,24,17616,卖盘
435,14:33:48,7.34,0.01,18,13212,买盘
436,14:33:45,7.33,--,6,4398,卖盘
437,14:33:42,7.33,-0.01,95,69635,卖盘
438,14:33:39,7.34,--,13,9542,卖盘
439,14:33:36,7.34,--,61,44935,买盘
440,14:33:33,7.34,--,562,413080,卖盘
441,14:33:30,7.34,--,1567,1150339,买盘
442,14:33:24,7.34,0.01,15,11010,买盘
443,14:33:21,7.33,-0.01,6,4398,卖盘
444,14:33:18,7.34,0.01,1,734,买盘
445,14:33:15,7.33,--,123,90159,卖盘
446,14:33:12,7.33,-0.01,24,17592,卖盘
447,14:33:09,7.34,--,42,30828,买盘
448,14:33:06,7.34,0.01,3,2202,买盘
449,14:33:03,7.33,--,101,74033,卖盘
450,14:33:00,7.33,--,28,20524,卖盘
451,14:32:57,7.33,0.01,1614,1183062,买盘
452,14:32:51,7.32,-0.01,3,2196,卖盘
453,14:32:48,7.33,0.01,18,13194,买盘
454,14:32:45,7.32,-0.01,4,2928,卖盘
455,14:32:42,7.33,0.01,6,4398,买盘
456,14:32:36,7.32,-0.01,9,6588,卖盘
457,14:32:33,7.33,--,237,173721,买盘
458,14:32:30,7.33,--,9,6597,买盘
459,14:32:27,7.33,0.01,46,33718,买盘
460,14:32:24,7.32,-0.01,8,5856,卖盘
461,14:32:21,7.33,0.01,1,733,买盘
462,14:32:18,7.32,--,4,2928,卖盘
463,14:32:15,7.32,-0.01,16,11712,卖盘
464,14:32:12,7.33,--,26,19058,买盘
465,14:32:09,7.33,0.01,169,123877,买盘
466,14:32:03,7.32,-0.01,19,13908,卖盘
467,14:32:00,7.33,0.01,1,733,买盘
468,14:31:57,7.32,-0.01,20,14640,卖盘
469,14:31:54,7.33,0.01,16,11728,买盘
470,14:31:51,7.32,-0.01,40,29280,卖盘
471,14:31:48,7.33,--,4,2932,买盘
472,14:31:45,7.33,0.01,31,22723,买盘
473,14:31:42,7.32,--,3,2196,卖盘
474,14:31:39,7.32,--,10,7320,卖盘
475,14:31:36,7.32,-0.01,10,7320,卖盘
476,14:31:33,7.33,--,7,5131,买盘
477,14:31:30,7.33,0.01,7,5131,买盘
478,14:31:27,7.32,-0.01,15,10980,卖盘
479,14:31:24,7.33,--,58,42514,买盘
480,14:31:21,7.33,--,6,4398,买盘
481,14:31:18,7.33,0.01,2,1466,买盘
482,14:31:15,7.32,--,7,5124,卖盘
483,14:31:12,7.32,--,56,40992,卖盘
484,14:31:09,7.32,--,66,48312,卖盘
485,14:31:06,7.32,--,29,21228,卖盘
486,14:31:03,7.32,-0.01,15,10980,卖盘
487,14:31:00,7.33,0.01,150,109950,买盘
488,14:30:57,7.32,--,3,2196,卖盘
489,14:30:54,7.32,--,11,8052,卖盘
490,14:30:42,7.32,-0.01,30,22055,卖盘
491,14:30:39,7.33,--,7,5131,买盘
492,14:30:36,7.33,0.01,13,9529,买盘
493,14:30:33,7.32,--,31,22692,卖盘
494,14:30:30,7.32,-0.01,7,5124,卖盘
495,14:30:24,7.33,0.01,4,2932,买盘
496,14:30:21,7.32,--,97,71004,卖盘
497,14:30:18,7.32,--,95,69540,卖盘
498,14:30:15,7.32,--,175,128100,卖盘
499,14:30:12,7.32,--,162,118584,卖盘
500,14:30:09,7.32,--,290,212836,买盘
501,14:30:06,7.32,--,379,277428,买盘
502,14:30:03,7.32,0.01,211,154452,买盘
503,14:29:57,7.31,-0.01,21,15351,卖盘
504,14:29:54,7.32,--,9,6588,买盘
505,14:29:51,7.32,--,20,14640,买盘
506,14:29:48,7.32,--,346,253272,买盘
507,14:29:45,7.32,--,109,79788,买盘
508,14:29:42,7.32,0.01,1101,805932,买盘
509,14:29:39,7.31,--,1,731,卖盘
510,14:29:36,7.31,-0.01,2,1462,卖盘
511,14:29:33,7.32,--,60,43920,买盘
512,14:29:30,7.32,--,235,172020,买盘
513,14:29:24,7.32,0.01,15,10980,买盘
514,14:29:21,7.31,-0.01,23,16813,卖盘
515,14:29:18,7.32,--,86,62952,买盘
516,14:29:15,7.32,--,61,44652,买盘
517,14:29:12,7.32,0.01,27,19764,买盘
518,14:29:09,7.31,-0.01,6,4386,卖盘
519,14:29:06,7.32,--,41,30012,买盘
520,14:29:03,7.32,--,4,2928,买盘
521,14:29:00,7.32,--,38,27816,买盘
522,14:28:57,7.32,0.01,47,34404,买盘
523,14:28:54,7.31,--,14,10234,卖盘
524,14:28:51,7.31,--,122,89182,卖盘
525,14:28:48,7.31,-0.01,113,82603,卖盘
526,14:28:45,7.32,--,4,2928,买盘
527,14:28:42,7.32,--,15,10980,买盘
528,14:28:39,7.32,0.01,9,6588,买盘
529,14:28:36,7.31,--,10,7310,卖盘
530,14:28:33,7.31,--,1,731,卖盘
531,14:28:30,7.31,--,180,131580,卖盘
532,14:28:27,7.31,-0.01,39,28509,卖盘
533,14:28:24,7.32,0.01,26,19032,买盘
534,14:28:21,7.31,-0.01,310,226610,卖盘
535,14:28:18,7.32,0.01,18,13176,买盘
536,14:28:12,7.31,--,7,5117,卖盘
537,14:28:09,7.31,-0.01,20,14620,卖盘
538,14:28:06,7.32,0.01,5,3660,买盘
539,14:28:03,7.31,--,6,4386,卖盘
540,14:28:00,7.31,-0.01,10,7310,卖盘
541,14:27:54,7.32,0.01,4,2928,买盘
542,14:27:51,7.31,--,23,16813,卖盘
543,14:27:45,7.31,-0.01,282,206142,卖盘
544,14:27:42,7.32,--,38,27816,买盘
545,14:27:39,7.32,0.01,12,8784,买盘
546,14:27:30,7.31,--,40,29240,卖盘
547,14:27:27,7.31,--,21,15351,卖盘
548,14:27:24,7.31,--,17,12427,卖盘
549,14:27:18,7.31,--,1,731,卖盘
550,14:27:15,7.31,-0.01,12,8772,卖盘
551,14:27:12,7.32,--,75,54900,买盘
552,14:27:09,7.32,0.01,9,6588,买盘
553,14:27:06,7.31,--,4,2924,卖盘
554,14:27:03,7.31,-0.01,63,46053,卖盘
555,14:26:57,7.32,0.01,41,30012,买盘
556,14:26:54,7.31,--,24,17544,卖盘
557,14:26:51,7.31,-0.01,5,3655,卖盘
558,14:26:48,7.32,--,8,5856,买盘
559,14:26:45,7.32,0.01,4,2928,买盘
560,14:26:42,7.31,-0.02,125,91550,卖盘
561,14:26:39,7.33,0.01,10,7330,买盘
562,14:26:36,7.32,-0.01,11,8052,卖盘
563,14:26:33,7.33,--,1002,734466,买盘
564,14:26:30,7.33,0.01,41,30053,买盘
565,14:26:27,7.32,-0.01,4,2928,卖盘
566,14:26:21,7.33,0.01,44,32252,买盘
567,14:26:18,7.32,--,25,18300,卖盘
568,14:26:15,7.32,-0.01,619,453108,卖盘
569,14:26:12,7.33,0.01,79,57907,买盘
570,14:26:09,7.32,--,1,732,卖盘
571,14:26:06,7.32,-0.01,25,18300,卖盘
572,14:26:03,7.33,0.01,7,5131,买盘
573,14:26:00,7.32,--,2,1464,卖盘
574,14:25:54,7.32,--,54,39528,卖盘
575,14:25:51,7.32,-0.01,98,71736,卖盘
576,14:25:48,7.33,0.01,41,30053,买盘
577,14:25:45,7.32,--,6,4392,卖盘
578,14:25:39,7.32,--,3,2196,卖盘
579,14:25:36,7.32,--,220,161040,卖盘
580,14:25:33,7.32,--,176,128832,卖盘
581,14:25:30,7.32,--,21,15372,卖盘
582,14:25:27,7.32,--,3,2196,卖盘
583,14:25:24,7.32,-0.01,3,2196,卖盘
584,14:25:21,7.33,0.01,12,8796,买盘
585,14:25:18,7.32,--,66,48312,卖盘
586,14:25:15,7.32,-0.01,13,9516,卖盘
587,14:25:12,7.33,--,1,733,买盘
588,14:25:09,7.33,--,152,111416,买盘
589,14:25:06,7.33,0.01,1,733,买盘
590,14:25:03,7.32,--,4,2928,卖盘
591,14:25:00,7.32,--,50,36600,卖盘
592,14:24:57,7.32,--,47,34404,卖盘
593,14:24:54,7.32,-0.01,14,10248,卖盘
594,14:24:51,7.33,--,373,273409,买盘
595,14:24:48,7.33,0.01,2,1466,买盘
596,14:24:45,7.32,-0.01,7,5124,卖盘
597,14:24:39,7.33,--,6,4398,买盘
598,14:24:36,7.33,--,43,31519,买盘
599,14:24:33,7.33,--,95,69635,买盘
600,14:24:30,7.33,0.01,100,73300,买盘
601,14:24:27,7.32,--,69,50508,卖盘
602,14:24:24,7.32,-0.01,21,15372,卖盘
603,14:24:21,7.33,0.01,17,12461,买盘
604,14:24:18,7.32,-0.01,27,19764,卖盘
605,14:24:12,7.33,--,12,8796,买盘
606,14:24:09,7.33,0.01,2,1466,买盘
607,14:24:06,7.32,-0.01,56,40992,卖盘
608,14:24:03,7.33,0.01,7,5131,买盘
609,14:24:00,7.32,--,10,7320,卖盘
610,14:23:57,7.32,-0.01,73,53436,卖盘
611,14:23:54,7.33,0.01,23,16859,买盘
612,14:23:48,7.32,-0.01,8,5856,卖盘
613,14:23:45,7.33,0.01,13,9529,买盘
614,14:23:42,7.32,-0.01,16,11712,卖盘
615,14:23:39,7.33,0.01,47,34451,买盘
616,14:23:36,7.32,--,29,21228,卖盘
617,14:23:33,7.32,-0.01,206,150792,卖盘
618,14:23:30,7.33,0.01,405,296865,买盘
619,14:23:27,7.32,--,35,25620,卖盘
620,14:23:24,7.32,-0.01,32,23424,卖盘
621,14:23:21,7.33,0.01,92,67436,买盘
622,14:23:18,7.32,--,86,62952,卖盘
623,14:23:15,7.32,--,7,5124,卖盘
624,14:23:12,7.32,-0.01,7,5124,卖盘
625,14:23:09,7.33,0.01,20,14660,买盘
626,14:23:06,7.32,-0.01,104,76128,卖盘
627,14:23:03,7.33,0.01,11,8063,买盘
628,14:23:00,7.32,--,19,13908,卖盘
629,14:22:57,7.32,-0.01,50,36600,卖盘
630,14:22:54,7.33,0.01,15,10995,买盘
631,14:22:51,7.32,--,30,21960,卖盘
632,14:22:48,7.32,--,17,12444,卖盘
633,14:22:45,7.32,--,25,18300,卖盘
634,14:22:39,7.32,--,24,17568,卖盘
635,14:22:36,7.32,--,59,43188,卖盘
636,14:22:33,7.32,--,79,57828,卖盘
637,14:22:30,7.32,--,526,385032,卖盘
638,14:22:27,7.32,--,34,24888,卖盘
639,14:22:24,7.32,-0.01,100,73200,卖盘
640,14:22:21,7.33,0.01,7,5131,买盘
641,14:22:18,7.32,-0.01,16,11712,卖盘
642,14:22:15,7.33,--,680,498440,买盘
643,14:22:12,7.33,--,100,73300,买盘
644,14:22:09,7.33,0.01,23,16859,买盘
645,14:22:06,7.32,--,8,5856,卖盘
646,14:22:03,7.32,-0.01,109,79788,卖盘
647,14:22:00,7.33,--,57,41781,买盘
648,14:21:57,7.33,--,1,733,买盘
649,14:21:54,7.33,0.01,23,16859,买盘
650,14:21:48,7.32,-0.01,1,732,卖盘
651,14:21:45,7.33,0.01,12,8796,买盘
652,14:21:42,7.32,--,15,10980,卖盘
653,14:21:39,7.32,--,79,57828,卖盘
654,14:21:36,7.32,--,5,3660,卖盘
655,14:21:33,7.32,-0.01,7,5124,卖盘
656,14:21:30,7.33,0.01,49,35917,买盘
657,14:21:27,7.32,-0.01,18,13176,卖盘
658,14:21:24,7.33,0.01,2,1466,买盘
659,14:21:21,7.32,-0.01,9,6588,卖盘
660,14:21:18,7.33,--,13,9529,买盘
661,14:21:12,7.33,0.01,3,2199,买盘
662,14:21:09,7.32,--,7,5124,卖盘
663,14:21:06,7.32,-0.01,67,49044,卖盘
664,14:21:03,7.33,--,3,2199,买盘
665,14:21:00,7.33,--,4,2932,买盘
666,14:20:57,7.33,0.01,52,38116,买盘
667,14:20:51,7.32,--,64,46848,卖盘
668,14:20:48,7.32,--,31,22692,卖盘
669,14:20:45,7.32,--,27,19764,卖盘
670,14:20:39,7.32,--,81,59292,卖盘
671,14:20:36,7.32,--,7,5124,卖盘
672,14:20:33,7.32,--,71,51972,卖盘
673,14:20:27,7.32,--,4,2928,卖盘
674,14:20:24,7.32,-0.01,13,9516,卖盘
675,14:20:21,7.33,--,28,20524,买盘
676,14:20:18,7.33,0.01,3,2199,买盘
677,14:20:15,7.32,--,29,21228,卖盘
678,14:20:12,7.32,--,47,34404,卖盘
679,14:20:09,7.32,-0.01,39,28548,卖盘
680,14:20:06,7.33,--,27,19791,买盘
681,14:20:03,7.33,0.01,4,2932,买盘
682,14:20:00,7.32,--,12,8784,卖盘
683,14:19:54,7.32,-0.01,20,14640,卖盘
684,14:19:51,7.33,0.01,4,2932,买盘
685,14:19:48,7.32,-0.01,9,6588,卖盘
686,14:19:45,7.33,--,1,733,买盘
687,14:19:39,7.33,0.01,66,48378,买盘
688,14:19:36,7.32,--,11,8052,卖盘
689,14:19:33,7.32,--,10,7320,卖盘
690,14:19:24,7.32,-0.01,16,11712,卖盘
691,14:19:21,7.33,0.01,1,733,买盘
692,14:19:18,7.32,-0.01,6,4392,卖盘
693,14:19:15,7.33,0.01,18,13194,买盘
694,14:19:12,7.32,-0.01,2,1464,卖盘
695,14:19:09,7.33,0.01,4,2932,买盘
696,14:19:06,7.32,-0.01,12,8784,卖盘
697,14:19:03,7.33,0.01,38,27854,买盘
698,14:19:00,7.32,-0.01,20,14640,卖盘
699,14:18:54,7.33,0.01,251,184686,买盘
700,14:18:51,7.32,--,7,5124,卖盘
701,14:18:48,7.32,-0.01,6,4392,卖盘
702,14:18:45,7.33,--,28,20524,买盘
703,14:18:42,7.33,0.01,13,9529,买盘
704,14:18:39,7.32,-0.01,18,13176,卖盘
705,14:18:36,7.33,0.01,358,262414,买盘
706,14:18:33,7.32,-0.01,189,138348,卖盘
707,14:18:30,7.33,0.01,106,77698,买盘
708,14:18:27,7.32,--,20,14640,卖盘
709,14:18:24,7.32,--,4,2928,卖盘
710,14:18:21,7.32,-0.01,5,3660,卖盘
711,14:18:18,7.33,--,117,85761,买盘
712,14:18:15,7.33,--,4,2932,买盘
713,14:18:09,7.33,--,62,45446,买盘
714,14:18:06,7.33,--,18,13194,买盘
715,14:18:03,7.33,--,113,82829,买盘
716,14:18:00,7.33,--,8,5864,买盘
717,14:17:57,7.33,--,61,44713,买盘
718,14:17:54,7.33,0.01,88,64504,买盘
719,14:17:51,7.32,--,13,9516,卖盘
720,14:17:48,7.32,-0.01,4,2928,卖盘
721,14:17:45,7.33,0.01,13,9529,买盘
722,14:17:42,7.32,-0.01,12,8784,卖盘
723,14:17:39,7.33,0.01,32,23456,买盘
724,14:17:36,7.32,--,20,14640,卖盘
725,14:17:33,7.32,--,109,79788,卖盘
726,14:17:30,7.32,-0.01,8,5856,卖盘
727,14:17:27,7.33,--,21,15393,买盘
728,14:17:24,7.33,--,54,39582,买盘
729,14:17:21,7.33,--,39,28587,买盘
730,14:17:18,7.33,--,154,112882,买盘
731,14:17:15,7.33,0.01,10,7330,买盘
732,14:17:12,7.32,-0.01,5,3660,卖盘
733,14:17:09,7.33,--,67,49111,买盘
734,14:17:06,7.33,0.01,3,2199,买盘
735,14:17:03,7.32,-0.01,10,7320,卖盘
736,14:17:00,7.33,0.01,15,10995,买盘
737,14:16:57,7.32,-0.01,6,4392,卖盘
738,14:16:54,7.33,--,58,42514,买盘
739,14:16:51,7.33,--,15,10995,买盘
740,14:16:45,7.33,0.01,8,5864,买盘
741,14:16:39,7.32,-0.01,17,12444,卖盘
742,14:16:36,7.33,0.01,4,2932,买盘
743,14:16:33,7.32,-0.01,8,5856,卖盘
744,14:16:27,7.33,0.01,21,15393,买盘
745,14:16:24,7.32,-0.01,14,10248,卖盘
746,14:16:21,7.33,0.01,72,52776,买盘
747,14:16:18,7.32,--,2,1464,卖盘
748,14:16:15,7.32,--,36,26352,卖盘
749,14:16:12,7.32,-0.01,8,5856,卖盘
750,14:16:09,7.33,0.01,45,32985,买盘
751,14:16:06,7.32,-0.01,8,5856,卖盘
752,14:16:03,7.33,0.01,116,85028,买盘
753,14:16:00,7.32,-0.01,1298,950136,卖盘
754,14:15:57,7.33,0.01,4,2932,买盘
755,14:15:54,7.32,--,14,10248,卖盘
756,14:15:51,7.32,--,3,2196,卖盘
757,14:15:45,7.32,-0.01,18,13176,卖盘
758,14:15:42,7.33,0.01,4,2932,买盘
759,14:15:39,7.32,-0.01,169,123708,卖盘
760,14:15:36,7.33,--,98,71834,买盘
761,14:15:33,7.33,0.01,42,30786,买盘
762,14:15:30,7.32,-0.01,6,4977,卖盘
763,14:15:27,7.33,0.01,3,2199,买盘
764,14:15:24,7.32,-0.01,86,62952,卖盘
765,14:15:21,7.33,-0.01,12,8796,卖盘
766,14:15:15,7.34,0.01,4,2936,买盘
767,14:15:12,7.33,--,112,82096,买盘
768,14:15:09,7.33,--,61,44713,买盘
769,14:15:06,7.33,--,1,733,买盘
770,14:15:03,7.33,0.01,28,20524,买盘
771,14:15:00,7.32,--,48,35136,卖盘
772,14:14:54,7.32,-0.01,2,1464,卖盘
773,14:14:51,7.33,0.01,23,16859,买盘
774,14:14:48,7.32,-0.01,80,58560,卖盘
775,14:14:45,7.33,0.01,36,26388,卖盘
776,14:14:42,7.32,-0.02,31,22692,卖盘
777,14:14:39,7.34,0.01,119,87346,买盘
778,14:14:36,7.33,-0.01,8,5864,卖盘
779,14:14:33,7.34,0.01,7,5138,买盘
780,14:14:30,7.33,--,42,30786,卖盘
781,14:14:27,7.33,--,11,8063,卖盘
782,14:14:24,7.33,-0.01,9,6597,卖盘
783,14:14:21,7.34,--,37,27158,买盘
784,14:14:18,7.34,0.01,4,2936,买盘
785,14:14:15,7.33,--,6,4398,卖盘
786,14:14:12,7.33,-0.01,12,8796,卖盘
787,14:14:09,7.34,--,20,14680,买盘
788,14:14:06,7.34,0.01,44,32296,买盘
789,14:14:03,7.33,--,7,5131,卖盘
790,14:14:00,7.33,-0.01,2,1466,卖盘
791,14:13:54,7.34,0.01,11,8074,买盘
792,14:13:51,7.33,-0.01,12,8796,卖盘
793,14:13:45,7.34,0.01,10,7340,买盘
794,14:13:42,7.33,-0.01,47,34451,卖盘
795,14:13:39,7.34,--,4,2936,买盘
796,14:13:36,7.34,0.02,63,46242,买盘
797,14:13:33,7.32,-0.02,5,3660,卖盘
798,14:13:30,7.34,0.01,76,55784,买盘
799,14:13:27,7.33,-0.01,57,41781,卖盘
800,14:13:24,7.34,0.02,15,11010,买盘
801,14:13:18,7.32,-0.02,7,5124,卖盘
802,14:13:15,7.34,--,2,1468,买盘
803,14:13:09,7.34,0.02,21,15414,买盘
804,14:13:06,7.32,-0.02,49,35868,卖盘
805,14:13:03,7.34,0.01,14,10276,买盘
806,14:13:00,7.33,--,2,1466,卖盘
807,14:12:57,7.33,--,18,13194,卖盘
808,14:12:54,7.33,--,69,50577,卖盘
809,14:12:51,7.33,--,21,15393,卖盘
810,14:12:48,7.33,-0.01,3,2199,卖盘
811,14:12:45,7.34,--,9,6606,买盘
812,14:12:42,7.34,0.02,50,36700,买盘
813,14:12:39,7.32,--,29,21228,卖盘
814,14:12:36,7.32,--,160,117120,卖盘
815,14:12:33,7.32,-0.01,7,5124,卖盘
816,14:12:30,7.33,--,4,2932,买盘
817,14:12:27,7.33,0.01,61,44713,买盘
818,14:12:21,7.32,-0.01,34,24888,卖盘
819,14:12:18,7.33,--,34,24922,买盘
820,14:12:15,7.33,0.01,64,46912,买盘
821,14:12:12,7.32,-0.01,5,3660,卖盘
822,14:12:09,7.33,0.01,14,10262,买盘
823,14:12:06,7.32,-0.01,47,34404,卖盘
824,14:12:03,7.33,--,15,10995,买盘
825,14:12:00,7.33,--,22,16126,卖盘
826,14:11:57,7.33,-0.01,24,17592,中性盘
827,14:11:48,7.34,0.02,4,2936,买盘
828,14:11:45,7.32,-0.02,17,12444,卖盘
829,14:11:42,7.34,--,12,8808,买盘
830,14:11:39,7.34,0.02,1,734,买盘
831,14:11:33,7.32,-0.02,30,21960,卖盘
832,14:11:30,7.34,0.01,25,18350,买盘
833,14:11:27,7.33,--,78,57174,买盘
834,14:11:24,7.33,--,17,12461,买盘
835,14:11:21,7.33,0.01,3,2199,买盘
836,14:11:18,7.32,--,21,15372,卖盘
837,14:11:12,7.32,-0.01,7,5124,卖盘
838,14:11:09,7.33,--,12,8796,买盘
839,14:11:06,7.33,--,7,5131,买盘
840,14:11:03,7.33,--,1,733,买盘
841,14:11:00,7.33,--,11,8063,买盘
842,14:10:54,7.33,--,11,8063,买盘
843,14:10:51,7.33,0.01,4,2932,买盘
844,14:10:48,7.32,-0.01,11,8052,卖盘
845,14:10:45,7.33,--,19,13927,买盘
846,14:10:39,7.33,0.01,35,25655,买盘
847,14:10:36,7.32,-0.01,11,8052,卖盘
848,14:10:27,7.33,--,18,13194,买盘
849,14:10:24,7.33,--,9,6597,买盘
850,14:10:21,7.33,--,36,26388,买盘
851,14:10:18,7.33,--,25,18325,买盘
852,14:10:15,7.33,--,87,63771,买盘
853,14:10:12,7.33,--,4,2932,买盘
854,14:10:06,7.33,--,2,1466,买盘
855,14:10:03,7.33,0.01,60,43980,买盘
856,14:09:57,7.32,--,127,92964,卖盘
857,14:09:54,7.32,--,28,20496,卖盘
858,14:09:51,7.32,-0.01,29,21228,卖盘
859,14:09:45,7.33,--,14,10262,买盘
860,14:09:42,7.33,--,65,47645,买盘
861,14:09:39,7.33,--,697,510901,买盘
862,14:09:33,7.33,--,20,14660,买盘
863,14:09:30,7.33,0.01,22,16126,买盘
864,14:09:27,7.32,--,4,2928,卖盘
865,14:09:24,7.32,-0.01,2,1464,卖盘
866,14:09:21,7.33,0.01,10,7330,买盘
867,14:09:18,7.32,-0.01,9,6588,卖盘
868,14:09:15,7.33,--,4,2932,买盘
869,14:09:12,7.33,--,21,15393,买盘
870,14:09:09,7.33,0.01,10,7330,买盘
871,14:09:06,7.32,-0.01,6,4392,卖盘
872,14:09:03,7.33,--,14,10262,买盘
873,14:09:00,7.33,--,34,24922,买盘
874,14:08:57,7.33,--,17,12461,买盘
875,14:08:54,7.33,--,4,2932,买盘
876,14:08:51,7.33,--,13,9529,买盘
877,14:08:48,7.33,0.01,76,55708,买盘
878,14:08:45,7.32,--,18,13176,卖盘
879,14:08:42,7.32,-0.01,1,732,卖盘
880,14:08:36,7.33,--,10,7330,买盘
881,14:08:33,7.33,0.01,11,8063,买盘
882,14:08:30,7.32,-0.01,15,10980,卖盘
883,14:08:27,7.33,0.01,23,16859,买盘
884,14:08:21,7.32,--,11,8052,卖盘
885,14:08:18,7.32,-0.01,3,2196,卖盘
886,14:08:15,7.33,--,1,733,买盘
887,14:08:12,7.33,0.01,13,9529,买盘
888,14:08:09,7.32,-0.01,208,152256,卖盘
889,14:08:06,7.33,--,59,43247,买盘
890,14:08:03,7.33,--,10,7330,买盘
891,14:08:00,7.33,--,71,52043,买盘
892,14:07:54,7.33,--,24,17592,买盘
893,14:07:51,7.33,--,43,31519,买盘
894,14:07:48,7.33,0.01,43,31519,买盘
895,14:07:42,7.32,--,13,9516,卖盘
896,14:07:39,7.32,--,53,38796,卖盘
897,14:07:36,7.32,-0.01,7,5124,卖盘
898,14:07:33,7.33,--,43,31519,买盘
899,14:07:30,7.33,0.01,25,18325,买盘
900,14:07:27,7.32,-0.01,16,11712,卖盘
901,14:07:24,7.33,--,41,30053,买盘
902,14:07:21,7.33,--,11,8063,买盘
903,14:07:18,7.33,0.01,20,14660,买盘
904,14:07:15,7.32,--,27,19764,卖盘
905,14:07:12,7.32,-0.01,23,16836,卖盘
906,14:07:03,7.33,--,8,5864,买盘
907,14:07:00,7.33,--,90,65970,买盘
908,14:06:57,7.33,0.01,4,2932,买盘
909,14:06:54,7.32,-0.01,3,2196,卖盘
910,14:06:51,7.33,0.01,70,51310,买盘
911,14:06:48,7.32,-0.01,30,21960,卖盘
912,14:06:45,7.33,0.01,25,18325,买盘
913,14:06:39,7.32,-0.01,28,20496,卖盘
914,14:06:36,7.33,--,11,8063,买盘
915,14:06:33,7.33,--,13,9529,买盘
916,14:06:30,7.33,0.01,34,24922,买盘
917,14:06:27,7.32,-0.01,8,5856,卖盘
918,14:06:24,7.33,0.01,13,9529,买盘
919,14:06:18,7.32,-0.01,15,10980,卖盘
920,14:06:15,7.33,0.01,40,29320,买盘
921,14:06:12,7.32,--,36,26352,卖盘
922,14:06:06,7.32,--,37,27084,卖盘
923,14:06:03,7.32,--,12,8784,卖盘
924,14:06:00,7.32,--,10,7320,卖盘
925,14:05:57,7.32,--,42,30744,卖盘
926,14:05:54,7.32,--,22,16104,卖盘
927,14:05:51,7.32,-0.01,121,88572,卖盘
928,14:05:48,7.33,--,86,63038,买盘
929,14:05:45,7.33,0.01,214,156862,买盘
930,14:05:42,7.32,-0.01,19,13908,卖盘
931,14:05:39,7.33,--,13,9529,买盘
932,14:05:36,7.33,--,3,2199,买盘
933,14:05:33,7.33,--,157,115081,买盘
934,14:05:30,7.33,--,58,42514,买盘
935,14:05:27,7.33,--,10,7330,买盘
936,14:05:21,7.33,--,19,13927,买盘
937,14:05:18,7.33,--,17,12461,买盘
938,14:05:12,7.33,0.01,3,2199,买盘
939,14:05:09,7.32,--,16,11712,卖盘
940,14:05:06,7.32,-0.01,12,8784,卖盘
941,14:05:03,7.33,0.01,1,733,买盘
942,14:05:00,7.32,--,340,248880,卖盘
943,14:04:57,7.32,--,5,3660,卖盘
944,14:04:54,7.32,-0.01,73,53436,卖盘
945,14:04:48,7.33,0.01,11,8063,买盘
946,14:04:45,7.32,--,18,13176,卖盘
947,14:04:42,7.32,-0.01,229,167628,卖盘
948,14:04:39,7.33,--,17,12461,买盘
949,14:04:36,7.33,0.01,13,9529,买盘
950,14:04:33,7.32,-0.01,7,5124,卖盘
951,14:04:27,7.33,--,40,29320,买盘
952,14:04:24,7.33,0.01,10,7330,买盘
953,14:04:21,7.32,--,18,13176,卖盘
954,14:04:18,7.32,-0.01,4,2928,卖盘
955,14:04:15,7.33,--,12,8796,买盘
956,14:04:12,7.33,0.01,4,2932,买盘
957,14:04:09,7.32,-0.01,9,6588,卖盘
958,14:04:06,7.33,--,50,36650,买盘
959,14:04:03,7.33,--,1,733,买盘
960,14:04:00,7.33,--,20,14660,买盘
961,14:03:57,7.33,--,9,6597,买盘
962,14:03:54,7.33,--,2,1466,买盘
963,14:03:51,7.33,0.01,61,44713,买盘
964,14:03:48,7.32,--,3,2196,卖盘
965,14:03:45,7.32,-0.01,16,11712,卖盘
966,14:03:36,7.33,--,20,14660,买盘
967,14:03:30,7.33,--,22,16126,买盘
968,14:03:27,7.33,--,24,17592,买盘
969,14:03:24,7.33,--,20,14660,买盘
970,14:03:21,7.33,0.01,26,19058,买盘
971,14:03:18,7.32,-0.01,28,20496,卖盘
972,14:03:15,7.33,0.01,3,2199,买盘
973,14:03:12,7.32,-0.01,7,5124,卖盘
974,14:03:06,7.33,--,15,10995,买盘
975,14:03:03,7.33,0.01,15,10995,买盘
976,14:03:00,7.32,-0.01,14,10248,卖盘
977,14:02:54,7.33,--,25,18325,买盘
978,14:02:51,7.33,0.01,11,8063,买盘
979,14:02:48,7.32,-0.01,20,14640,卖盘
980,14:02:45,7.33,--,50,36650,买盘
981,14:02:42,7.33,0.01,21,15393,买盘
982,14:02:39,7.32,-0.01,7,5124,卖盘
983,14:02:36,7.33,--,4,2932,买盘
984,14:02:33,7.33,--,22,16126,买盘
985,14:02:30,7.33,0.01,10,7330,买盘
986,14:02:27,7.32,-0.01,12,8784,卖盘
987,14:02:24,7.33,-0.01,3,2199,卖盘
988,14:02:21,7.34,--,9,6606,买盘
989,14:02:18,7.34,0.01,334,245156,买盘
990,14:02:15,7.33,--,7,5131,卖盘
991,14:02:12,7.33,--,15,10995,卖盘
992,14:02:09,7.33,--,27,19791,卖盘
993,14:02:03,7.33,-0.01,102,74766,卖盘
994,14:02:00,7.34,0.01,11,8074,买盘
995,14:01:54,7.33,--,9,6597,卖盘
996,14:01:51,7.33,-0.01,11,8063,卖盘
997,14:01:48,7.34,0.01,15,11010,买盘
998,14:01:45,7.33,--,3,2199,卖盘
999,14:01:42,7.33,-0.01,20,14660,卖盘
1000,14:01:39,7.34,0.01,4,2936,买盘
1001,14:01:36,7.33,--,329,241157,买盘
1002,14:01:33,7.33,--,9,6597,买盘
1003,14:01:30,7.33,--,20,14660,买盘
1004,14:01:27,7.33,0.01,3,2199,买盘
1005,14:01:24,7.32,--,19,13908,卖盘
1006,14:01:21,7.32,--,390,285480,卖盘
1007,14:01:18,7.32,--,7,5124,卖盘
1008,14:01:15,7.32,-0.01,21,15372,卖盘
1009,14:01:12,7.33,0.01,38,27854,买盘
1010,14:01:06,7.32,-0.01,10,7320,卖盘
1011,14:01:03,7.33,--,13,9529,买盘
1012,14:01:00,7.33,0.01,4,2932,买盘
1013,14:00:54,7.32,-0.01,17,12444,卖盘
1014,14:00:48,7.33,--,14,10262,买盘
1015,14:00:45,7.33,0.01,7,5131,买盘
1016,14:00:42,7.32,--,18,13176,卖盘
1017,14:00:39,7.32,-0.01,43,31476,卖盘
1018,14:00:33,7.33,--,37,27121,买盘
1019,14:00:30,7.33,--,18,13194,买盘
1020,14:00:24,7.33,--,30,21990,买盘
1021,14:00:21,7.33,--,10,7330,买盘
1022,14:00:18,7.33,--,16,11728,买盘
1023,14:00:15,7.33,0.01,31,22723,买盘
1024,14:00:12,7.32,--,3,2196,卖盘
1025,14:00:09,7.32,-0.01,31,22692,卖盘
1026,14:00:06,7.33,--,39,28587,买盘
1027,14:00:03,7.33,--,49,35917,买盘
1028,13:59:57,7.33,--,24,17592,买盘
1029,13:59:54,7.33,--,42,30786,买盘
1030,13:59:51,7.33,--,3,2199,买盘
1031,13:59:45,7.33,--,18,13194,买盘
1032,13:59:42,7.33,0.01,4,2932,买盘
1033,13:59:39,7.32,-0.01,16,11712,卖盘
1034,13:59:36,7.33,0.01,11,8063,买盘
1035,13:59:33,7.32,-0.01,21,15372,卖盘
1036,13:59:27,7.33,0.01,4,2932,买盘
1037,13:59:24,7.32,-0.01,7,5124,卖盘
1038,13:59:21,7.33,--,14,10262,买盘
1039,13:59:18,7.33,--,4,2932,买盘
1040,13:59:15,7.33,0.01,10,7330,买盘
1041,13:59:12,7.32,--,7,5124,卖盘
1042,13:59:09,7.32,-0.01,22,16104,卖盘
1043,13:59:03,7.33,0.01,4,2932,买盘
1044,13:59:00,7.32,-0.01,6,4392,卖盘
1045,13:58:57,7.33,--,20,14660,买盘
1046,13:58:54,7.33,--,4,2932,买盘
1047,13:58:51,7.33,0.01,55,40315,买盘
1048,13:58:48,7.32,-0.01,18,13176,卖盘
1049,13:58:42,7.33,0.01,9,6597,买盘
1050,13:58:39,7.32,--,7,5124,卖盘
1051,13:58:36,7.32,--,5,3660,卖盘
1052,13:58:33,7.32,-0.01,100,73200,卖盘
1053,13:58:27,7.33,0.01,11,8063,买盘
1054,13:58:24,7.32,--,4,2928,卖盘
1055,13:58:15,7.32,-0.01,7,5124,卖盘
1056,13:58:12,7.33,0.01,9,6597,中性盘
1057,13:58:06,7.32,-0.01,30,21960,卖盘
1058,13:58:03,7.33,-0.01,8,5864,中性盘
1059,13:58:00,7.34,0.02,21,15414,买盘
1060,13:57:54,7.32,-0.01,8,5856,卖盘
1061,13:57:51,7.33,-0.01,6,4398,中性盘
1062,13:57:45,7.34,0.02,4,2936,买盘
1063,13:57:42,7.32,--,7,5124,卖盘
1064,13:57:36,7.32,-0.02,206,150792,卖盘
1065,13:57:33,7.34,0.01,4,2936,买盘
1066,13:57:30,7.33,-0.01,6,4398,卖盘
1067,13:57:27,7.34,0.02,22,16148,买盘
1068,13:57:21,7.32,-0.02,8,5856,卖盘
1069,13:57:18,7.34,--,4,2936,买盘
1070,13:57:15,7.34,0.02,13,9542,买盘
1071,13:57:09,7.32,-0.02,7,5124,卖盘
1072,13:57:03,7.34,--,26,19084,买盘
1073,13:57:00,7.34,0.02,7,5138,买盘
1074,13:56:57,7.32,-0.02,7,5124,卖盘
1075,13:56:51,7.34,0.02,15,11010,买盘
1076,13:56:48,7.32,--,16,11712,卖盘
1077,13:56:45,7.32,--,12,8784,卖盘
1078,13:56:42,7.32,-0.02,16,11712,卖盘
1079,13:56:36,7.34,0.02,272,199648,买盘
1080,13:56:33,7.32,-0.01,27,19764,卖盘
1081,13:56:30,7.33,0.01,11,8063,买盘
1082,13:56:24,7.32,-0.01,10,7320,卖盘
1083,13:56:21,7.33,-0.01,77,56441,卖盘
1084,13:56:18,7.34,0.01,27,19818,买盘
1085,13:56:15,7.33,--,66,48378,卖盘
1086,13:56:12,7.33,-0.01,7,5131,卖盘
1087,13:56:09,7.34,0.01,22,16148,买盘
1088,13:56:06,7.33,--,3,2199,卖盘
1089,13:56:03,7.33,--,1,733,卖盘
1090,13:56:00,7.33,-0.01,27,19791,卖盘
1091,13:55:57,7.34,--,10,7340,买盘
1092,13:55:54,7.34,0.01,8,5872,买盘
1093,13:55:51,7.33,--,3,2199,卖盘
1094,13:55:48,7.33,--,7,5131,卖盘
1095,13:55:45,7.33,-0.01,12,8796,卖盘
1096,13:55:42,7.34,0.01,16,11744,买盘
1097,13:55:39,7.33,-0.01,7,5131,卖盘
1098,13:55:36,7.34,0.01,10,7340,买盘
1099,13:55:33,7.33,-0.01,307,225031,卖盘
1100,13:55:27,7.34,0.01,32,23488,买盘
1101,13:55:24,7.33,--,6,4398,卖盘
1102,13:55:21,7.33,-0.01,200,146600,卖盘
1103,13:55:18,7.34,0.01,2,1468,买盘
1104,13:55:15,7.33,-0.01,11,8063,卖盘
1105,13:55:12,7.34,--,22,16148,买盘
1106,13:55:06,7.34,0.01,12,8808,买盘
1107,13:55:03,7.33,--,7,5131,卖盘
1108,13:55:00,7.33,-0.01,12,8796,卖盘
1109,13:54:57,7.34,0.01,15,11010,买盘
1110,13:54:51,7.33,-0.01,33,24189,卖盘
1111,13:54:45,7.34,0.01,4,2936,买盘
1112,13:54:42,7.33,-0.01,7,5131,卖盘
1113,13:54:39,7.34,--,47,34498,买盘
1114,13:54:33,7.34,--,4,2936,买盘
1115,13:54:30,7.34,--,131,96154,买盘
1116,13:54:24,7.34,--,10,7340,买盘
1117,13:54:18,7.34,--,10,7340,买盘
1118,13:54:12,7.34,--,5,3670,买盘
1119,13:54:09,7.34,--,1,734,买盘
1120,13:54:06,7.34,--,23,16882,买盘
1121,13:54:03,7.34,0.01,13,9542,买盘
1122,13:53:54,7.33,-0.01,12,8796,卖盘
1123,13:53:51,7.34,--,21,15414,买盘
1124,13:53:45,7.34,0.01,208,152672,买盘
1125,13:53:42,7.33,-0.01,89,65237,卖盘
1126,13:53:39,7.34,--,24,17616,买盘
1127,13:53:36,7.34,--,4,2936,买盘
1128,13:53:33,7.34,--,18,13212,买盘
1129,13:53:27,7.34,--,9,6606,买盘
1130,13:53:24,7.34,0.01,3,2202,买盘
1131,13:53:21,7.33,-0.01,7,5131,卖盘
1132,13:53:18,7.34,--,9,6606,买盘
1133,13:53:15,7.34,--,60,44040,买盘
1134,13:53:12,7.34,0.01,15,11010,买盘
1135,13:53:09,7.33,-0.01,116,85028,卖盘
1136,13:53:06,7.34,--,206,151204,卖盘
1137,13:53:03,7.34,-0.01,2,1468,卖盘
1138,13:53:00,7.35,0.01,12,8820,买盘
1139,13:52:57,7.34,--,14,10276,卖盘
1140,13:52:54,7.34,-0.01,13,9542,卖盘
1141,13:52:48,7.35,0.01,17,12495,买盘
1142,13:52:45,7.34,-0.01,48,35232,卖盘
1143,13:52:42,7.35,0.01,5,3675,买盘
1144,13:52:39,7.34,--,4,2936,卖盘
1145,13:52:36,7.34,--,7,5138,卖盘
1146,13:52:30,7.34,-0.01,13,9542,卖盘
1147,13:52:27,7.35,0.01,15,11025,买盘
1148,13:52:24,7.34,--,14,10276,卖盘
1149,13:52:21,7.34,-0.01,506,371404,卖盘
1150,13:52:18,7.35,--,11,8085,买盘
1151,13:52:15,7.35,0.01,8,5880,买盘
1152,13:52:12,7.34,--,191,140194,卖盘
1153,13:52:09,7.34,-0.01,352,258368,卖盘
1154,13:52:06,7.35,--,22,16170,买盘
1155,13:52:03,7.35,0.01,15,11025,买盘
1156,13:52:00,7.34,--,115,84410,卖盘
1157,13:51:57,7.34,-0.01,150,110100,卖盘
1158,13:51:54,7.35,0.01,12,8820,买盘
1159,13:51:51,7.34,-0.01,28,20552,卖盘
1160,13:51:48,7.35,--,3,2205,买盘
1161,13:51:45,7.35,--,3,2205,买盘
1162,13:51:42,7.35,0.01,30,22050,买盘
1163,13:51:39,7.34,-0.01,10,7340,卖盘
1164,13:51:36,7.35,0.01,27,19845,买盘
1165,13:51:33,7.34,--,54,39636,卖盘
1166,13:51:27,7.34,-0.01,9,6606,卖盘
1167,13:51:24,7.35,0.01,14,10290,买盘
1168,13:51:21,7.34,-0.01,11,8074,卖盘
1169,13:51:18,7.35,--,13,9555,买盘
1170,13:51:15,7.35,--,10,7350,买盘
1171,13:51:09,7.35,0.01,3,2205,买盘
1172,13:51:06,7.34,-0.01,28,20552,卖盘
1173,13:51:03,7.35,0.01,16,11760,买盘
1174,13:51:00,7.34,--,94,68996,买盘
1175,13:50:57,7.34,0.01,28,20552,买盘
1176,13:50:54,7.33,-0.01,19,13927,卖盘
1177,13:50:51,7.34,--,95,69730,买盘
1178,13:50:48,7.34,--,13,9542,买盘
1179,13:50:45,7.34,--,10,7340,买盘
1180,13:50:42,7.34,--,41,30094,买盘
1181,13:50:39,7.34,--,4,2936,买盘
1182,13:50:33,7.34,0.01,3,2202,买盘
1183,13:50:30,7.33,--,22,16126,卖盘
1184,13:50:27,7.33,-0.01,32,23456,卖盘
1185,13:50:24,7.34,--,106,77804,买盘
1186,13:50:21,7.34,--,8,5872,买盘
1187,13:50:18,7.34,--,10,7340,买盘
1188,13:50:15,7.34,--,1,734,买盘
1189,13:50:12,7.34,--,1,734,买盘
1190,13:50:09,7.34,--,12,8808,买盘
1191,13:50:06,7.34,--,12,8808,买盘
1192,13:50:03,7.34,--,10,7340,买盘
1193,13:50:00,7.34,--,3,2202,买盘
1194,13:49:57,7.34,--,45,33030,买盘
1195,13:49:54,7.34,--,10,7340,买盘
1196,13:49:51,7.34,--,20,14680,卖盘
1197,13:49:48,7.34,--,1,734,卖盘
1198,13:49:45,7.34,-0.01,25,18350,卖盘
1199,13:49:42,7.35,0.01,4,2940,买盘
1200,13:49:36,7.34,-0.01,28,20552,卖盘
1201,13:49:33,7.35,--,22,16170,买盘
1202,13:49:30,7.35,--,49,36015,买盘
1203,13:49:27,7.35,--,5,3675,买盘
1204,13:49:24,7.35,--,8,5880,买盘
1205,13:49:21,7.35,--,21,15435,买盘
1206,13:49:15,7.35,0.01,44,32340,买盘
1207,13:49:12,7.34,--,9,6606,卖盘
1208,13:49:06,7.34,-0.01,15,11010,卖盘
1209,13:49:03,7.35,--,1,735,买盘
1210,13:49:00,7.35,0.01,12,8820,买盘
1211,13:48:57,7.34,--,5,3670,卖盘
1212,13:48:54,7.34,--,106,77804,买盘
1213,13:48:51,7.34,--,47,34498,卖盘
1214,13:48:48,7.34,0.01,59,43306,买盘
1215,13:48:39,7.33,-0.01,7,5131,卖盘
1216,13:48:36,7.34,--,1,734,买盘
1217,13:48:33,7.34,--,24,17616,买盘
1218,13:48:27,7.34,--,18,13212,买盘
1219,13:48:24,7.34,--,21,15414,买盘
1220,13:48:21,7.34,--,18,13212,买盘
1221,13:48:18,7.34,0.01,9,6606,买盘
1222,13:48:15,7.33,-0.01,7,5131,卖盘
1223,13:48:06,7.34,--,15,11010,买盘
1224,13:48:03,7.34,--,9,6606,买盘
1225,13:47:57,7.34,--,29,21286,买盘
1226,13:47:51,7.34,--,16,11744,买盘
1227,13:47:45,7.34,--,1,734,买盘
1228,13:47:42,7.34,--,19,13946,买盘
1229,13:47:39,7.34,--,24,17616,买盘
1230,13:47:36,7.34,--,11,8074,买盘
1231,13:47:33,7.34,0.01,10,7340,买盘
1232,13:47:30,7.33,-0.01,7,5131,卖盘
1233,13:47:24,7.34,0.01,28,20552,买盘
1234,13:47:18,7.33,-0.01,14,10262,卖盘
1235,13:47:15,7.34,--,302,221668,买盘
1236,13:47:12,7.34,--,15,11010,买盘
1237,13:47:09,7.34,0.01,54,39636,买盘
1238,13:47:06,7.33,--,8,5864,卖盘
1239,13:47:00,7.33,-0.01,10,7330,卖盘
1240,13:46:57,7.34,0.01,14,10276,买盘
1241,13:46:54,7.33,--,6,4398,卖盘
1242,13:46:51,7.33,-0.01,136,99688,卖盘
1243,13:46:48,7.34,0.01,11,8074,买盘
1244,13:46:45,7.33,-0.01,7,5131,卖盘
1245,13:46:42,7.34,--,3,2202,买盘
1246,13:46:36,7.34,0.01,11,8074,买盘
1247,13:46:33,7.33,--,6,4398,卖盘
1248,13:46:30,7.33,-0.01,9,6597,卖盘
1249,13:46:27,7.34,--,54,39636,买盘
1250,13:46:24,7.34,0.01,11,8074,买盘
1251,13:46:21,7.33,-0.01,7,5131,卖盘
1252,13:46:15,7.34,0.01,30,22020,买盘
1253,13:46:12,7.33,--,7,5131,卖盘
1254,13:46:06,7.33,-0.01,101,74033,卖盘
1255,13:46:03,7.34,--,20,14680,买盘
1256,13:46:00,7.34,--,20,14680,买盘
1257,13:45:51,7.34,0.01,15,11010,买盘
1258,13:45:48,7.33,-0.01,12,8796,卖盘
1259,13:45:45,7.34,0.01,11,8074,买盘
1260,13:45:42,7.33,--,8,5864,卖盘
1261,13:45:36,7.33,-0.01,7,5131,卖盘
1262,13:45:33,7.34,--,4,2936,买盘
1263,13:45:30,7.34,0.01,12,8808,买盘
1264,13:45:27,7.33,-0.01,7,5131,卖盘
1265,13:45:21,7.34,--,4,2936,买盘
1266,13:45:18,7.34,0.01,10,7340,买盘
1267,13:45:15,7.33,-0.01,6,4398,卖盘
1268,13:45:06,7.34,--,14,10276,买盘
1269,13:45:03,7.34,0.01,14,10276,买盘
1270,13:45:00,7.33,--,15,10995,卖盘
1271,13:44:57,7.33,-0.01,7,5131,卖盘
1272,13:44:54,7.34,0.01,4,2936,买盘
1273,13:44:51,7.33,-0.01,7,5131,中性盘
1274,13:44:45,7.34,--,10,7340,买盘
1275,13:44:42,7.34,0.01,37,27158,买盘
1276,13:44:39,7.33,--,18,13194,卖盘
1277,13:44:36,7.33,--,23,16859,买盘
1278,13:44:33,7.33,0.01,2,1466,买盘
1279,13:44:30,7.32,--,7,5124,卖盘
1280,13:44:27,7.32,-0.01,10,7320,卖盘
1281,13:44:24,7.33,--,83,60839,买盘
1282,13:44:21,7.33,0.01,10,7330,买盘
1283,13:44:18,7.32,-0.01,17,12444,卖盘
1284,13:44:15,7.33,--,12,8796,买盘
1285,13:44:12,7.33,--,4,2932,买盘
1286,13:44:09,7.33,0.01,82,60106,买盘
1287,13:44:06,7.32,--,6,4392,卖盘
1288,13:44:03,7.32,-0.01,56,40992,卖盘
1289,13:43:57,7.33,--,11,8063,买盘
1290,13:43:54,7.33,--,20,14660,买盘
1291,13:43:51,7.33,0.01,10,7330,买盘
1292,13:43:45,7.32,-0.01,10,7320,卖盘
1293,13:43:42,7.33,--,11,8063,买盘
1294,13:43:39,7.33,0.01,31,22723,买盘
1295,13:43:33,7.32,-0.01,7,5124,卖盘
1296,13:43:30,7.33,--,3,2199,买盘
1297,13:43:27,7.33,--,10,7330,买盘
1298,13:43:24,7.33,--,11,8063,买盘
1299,13:43:18,7.33,--,11,8063,买盘
1300,13:43:15,7.33,0.01,7,5131,买盘
1301,13:43:12,7.32,-0.01,6,4392,卖盘
1302,13:43:09,7.33,--,3,2199,买盘
1303,13:43:06,7.33,--,11,8063,买盘
1304,13:43:03,7.33,--,15,10995,买盘
1305,13:43:00,7.33,--,38,27854,买盘
1306,13:42:57,7.33,--,5,3665,买盘
1307,13:42:54,7.33,0.01,6,4398,买盘
1308,13:42:51,7.32,--,22,16104,卖盘
1309,13:42:48,7.32,--,11,8052,卖盘
1310,13:42:45,7.32,-0.01,1,732,卖盘
1311,13:42:42,7.33,0.01,11,8063,买盘
1312,13:42:36,7.32,-0.01,10,7320,卖盘
1313,13:42:33,7.33,0.01,20,14660,买盘
1314,13:42:27,7.32,-0.01,7,5124,卖盘
1315,13:42:24,7.33,--,64,46912,买盘
1316,13:42:21,7.33,--,55,40315,买盘
1317,13:42:18,7.33,0.01,9,6597,买盘
1318,13:42:15,7.32,--,7,5124,卖盘
1319,13:42:12,7.32,-0.01,2,1464,卖盘
1320,13:42:09,7.33,--,50,36650,买盘
1321,13:42:06,7.33,0.01,19,13927,买盘
1322,13:42:03,7.32,-0.01,8,5856,卖盘
1323,13:42:00,7.33,--,40,29320,买盘
1324,13:41:54,7.33,--,13,9529,买盘
1325,13:41:51,7.33,--,13,9529,买盘
1326,13:41:48,7.33,0.01,15,10995,买盘
1327,13:41:42,7.32,-0.01,7,5124,卖盘
1328,13:41:39,7.33,--,4,2932,买盘
1329,13:41:36,7.33,0.01,16,11728,买盘
1330,13:41:33,7.32,-0.01,27,19764,卖盘
1331,13:41:30,7.33,-0.01,2675,1960775,卖盘
1332,13:41:27,7.34,0.01,16,11744,买盘
1333,13:41:21,7.33,--,4,2932,卖盘
1334,13:41:18,7.33,-0.01,6,4398,卖盘
1335,13:41:15,7.34,--,11,8074,买盘
1336,13:41:12,7.34,0.01,4,2936,买盘
1337,13:41:09,7.33,--,5,3665,卖盘
1338,13:41:06,7.33,-0.01,317,232361,卖盘
1339,13:40:57,7.34,0.01,23,16882,买盘
1340,13:40:54,7.33,-0.01,19,13927,卖盘
1341,13:40:45,7.34,0.01,17,12478,买盘
1342,13:40:42,7.33,-0.01,7,5131,卖盘
1343,13:40:36,7.34,0.01,11,8074,买盘
1344,13:40:33,7.33,--,110,80630,卖盘
1345,13:40:30,7.33,-0.01,261,191313,卖盘
1346,13:40:24,7.34,0.01,12,8808,买盘
1347,13:40:18,7.33,--,10,7330,卖盘
1348,13:40:15,7.33,-0.01,60,43980,卖盘
1349,13:40:12,7.34,--,10,7340,买盘
1350,13:40:09,7.34,0.01,42,30828,买盘
1351,13:40:06,7.33,-0.01,16,11728,卖盘
1352,13:40:03,7.34,--,5,3670,买盘
1353,13:40:00,7.34,0.01,11,8074,买盘
1354,13:39:57,7.33,-0.01,7,5131,卖盘
1355,13:39:54,7.34,--,5,3670,买盘
1356,13:39:51,7.34,--,19,13946,买盘
1357,13:39:48,7.34,--,14,10276,买盘
1358,13:39:45,7.34,--,26,19084,买盘
1359,13:39:42,7.34,--,370,271580,买盘
1360,13:39:36,7.34,0.02,15,11010,买盘
1361,13:39:33,7.32,-0.02,7,5124,卖盘
1362,13:39:27,7.34,--,20,14680,买盘
1363,13:39:21,7.34,0.02,21,15414,买盘
1364,13:39:12,7.32,-0.02,7,5124,卖盘
1365,13:39:09,7.34,0.02,4,2936,买盘
1366,13:39:06,7.32,-0.02,4,2928,卖盘
1367,13:39:03,7.34,0.02,10,7340,买盘
1368,13:39:00,7.32,--,128,93696,卖盘
1369,13:38:57,7.32,-0.02,18,13176,卖盘
1370,13:38:54,7.34,0.01,371,272314,买盘
1371,13:38:51,7.33,0.01,22,16126,买盘
1372,13:38:48,7.32,--,7,5124,卖盘
1373,13:38:45,7.32,-0.01,1,732,卖盘
1374,13:38:42,7.33,--,10,7330,买盘
1375,13:38:39,7.33,0.01,4,2932,买盘
1376,13:38:36,7.32,-0.01,8,5856,卖盘
1377,13:38:33,7.33,-0.01,11,8063,中性盘
1378,13:38:27,7.34,0.02,9,6606,买盘
1379,13:38:21,7.32,-0.01,11,8052,卖盘
1380,13:38:18,7.33,--,16,11728,卖盘
1381,13:38:15,7.33,-0.01,43,31519,卖盘
1382,13:38:12,7.34,0.02,7,5138,买盘
1383,13:38:09,7.32,--,17,12444,卖盘
1384,13:38:06,7.32,--,374,273768,卖盘
1385,13:38:03,7.32,-0.01,7,5124,卖盘
1386,13:38:00,7.33,--,4,2932,买盘
1387,13:37:57,7.33,0.01,51,37383,买盘
1388,13:37:51,7.32,-0.01,12,8784,卖盘
1389,13:37:48,7.33,--,51,37383,买盘
1390,13:37:45,7.33,0.01,95,69635,买盘
1391,13:37:39,7.32,-0.01,17,12444,卖盘
1392,13:37:36,7.33,--,1,733,买盘
1393,13:37:33,7.33,--,10,7330,买盘
1394,13:37:30,7.33,0.01,14,10262,买盘
1395,13:37:27,7.32,-0.01,8,5856,卖盘
1396,13:37:24,7.33,--,6,4398,买盘
1397,13:37:18,7.33,-0.01,45,32985,卖盘
1398,13:37:15,7.34,0.01,381,279654,买盘
1399,13:37:12,7.33,--,56,41048,卖盘
1400,13:37:06,7.33,-0.01,7,5131,卖盘
1401,13:37:03,7.34,0.01,5,3670,买盘
1402,13:37:00,7.33,--,24,17592,卖盘
1403,13:36:54,7.33,--,7,5131,卖盘
1404,13:36:51,7.33,--,18,13194,卖盘
1405,13:36:42,7.33,-0.01,6,4398,中性盘
1406,13:36:36,7.34,0.02,4,2936,买盘
1407,13:36:33,7.32,-0.01,9,6588,卖盘
1408,13:36:30,7.33,-0.01,31,22723,卖盘
1409,13:36:27,7.34,--,372,273048,买盘
1410,13:36:24,7.34,--,1,734,买盘
1411,13:36:21,7.34,0.01,11,8074,买盘
1412,13:36:18,7.33,--,21,15393,卖盘
1413,13:36:15,7.33,-0.01,2,1466,卖盘
1414,13:36:12,7.34,--,6,4404,买盘
1415,13:36:09,7.34,0.01,11,8074,买盘
1416,13:36:06,7.33,-0.01,1,733,卖盘
1417,13:36:03,7.34,0.01,7,5138,买盘
1418,13:35:57,7.33,-0.01,6,4398,卖盘
1419,13:35:54,7.34,0.01,5,3670,买盘
1420,13:35:51,7.33,0.01,1,733,中性盘
1421,13:35:45,7.32,-0.01,7,5124,卖盘
1422,13:35:42,7.33,-0.02,21,15393,中性盘
1423,13:35:39,7.35,0.02,371,272685,买盘
1424,13:35:36,7.33,0.01,15,10995,买盘
1425,13:35:33,7.32,-0.01,10,7320,卖盘
1426,13:35:27,7.33,--,5,3665,买盘
1427,13:35:24,7.33,0.01,12,8796,买盘
1428,13:35:21,7.32,--,3,2196,卖盘
1429,13:35:18,7.32,-0.01,6,4392,卖盘
1430,13:35:15,7.33,--,1,733,买盘
1431,13:35:12,7.33,--,11,8063,买盘
1432,13:35:06,7.33,0.01,20,14660,买盘
1433,13:35:00,7.32,--,15,10980,卖盘
1434,13:34:51,7.32,--,8,5856,卖盘
1435,13:34:48,7.32,-0.01,7,5124,卖盘
1436,13:34:45,7.33,--,9,6597,买盘
1437,13:34:42,7.33,0.01,195,142935,买盘
1438,13:34:36,7.32,-0.01,8,5856,卖盘
1439,13:34:33,7.33,--,8,5864,买盘
1440,13:34:30,7.33,0.01,3,2199,买盘
1441,13:34:27,7.32,--,11,8052,卖盘
1442,13:34:24,7.32,-0.01,6,4392,卖盘
1443,13:34:18,7.33,--,5,3665,买盘
1444,13:34:15,7.33,--,9,6597,买盘
1445,13:34:12,7.33,--,8,5864,买盘
1446,13:34:03,7.33,--,16,11728,买盘
1447,13:33:57,7.33,--,20,14660,买盘
1448,13:33:54,7.33,0.01,6,4398,买盘
1449,13:33:51,7.32,-0.01,23,16836,卖盘
1450,13:33:42,7.33,0.01,10,7330,买盘
1451,13:33:39,7.32,-0.01,6,4392,卖盘
1452,13:33:36,7.33,-0.02,103,75499,卖盘
1453,13:33:33,7.35,0.03,648,476280,买盘
1454,13:33:30,7.32,-0.01,5,3660,卖盘
1455,13:33:27,7.33,-0.01,32,23456,中性盘
1456,13:33:24,7.34,0.02,4,2936,买盘
1457,13:33:21,7.32,--,18,13176,卖盘
1458,13:33:18,7.32,--,32,23424,卖盘
1459,13:33:15,7.32,--,7,5124,卖盘
1460,13:33:12,7.32,-0.02,17,12444,卖盘
1461,13:33:09,7.34,0.02,4,2936,买盘
1462,13:33:06,7.32,-0.02,9,6588,卖盘
1463,13:33:03,7.34,0.02,16,11744,买盘
1464,13:33:00,7.32,--,43,31476,卖盘
1465,13:32:57,7.32,-0.02,124,90768,卖盘
1466,13:32:54,7.34,0.02,12,8808,买盘
1467,13:32:51,7.32,--,1,732,卖盘
1468,13:32:45,7.32,--,22,16104,卖盘
1469,13:32:42,7.32,-0.02,14,10248,卖盘
1470,13:32:36,7.34,0.02,1,734,买盘
1471,13:32:30,7.32,-0.01,17,12444,卖盘
1472,13:32:27,7.33,-0.01,3,2199,中性盘
1473,13:32:18,7.34,--,28,20552,买盘
1474,13:32:15,7.34,--,4,2936,买盘
1475,13:32:12,7.34,0.01,15,11010,买盘
1476,13:32:09,7.33,-0.01,6,4398,卖盘
1477,13:32:03,7.34,0.01,1,734,买盘
1478,13:32:00,7.33,-0.01,6,4398,卖盘
1479,13:31:57,7.34,0.01,9,6606,买盘
1480,13:31:51,7.33,--,1,733,卖盘
1481,13:31:48,7.33,--,7,5131,卖盘
1482,13:31:45,7.33,-0.01,231,169323,卖盘
1483,13:31:39,7.34,0.01,66,48444,买盘
1484,13:31:36,7.33,--,112,82096,卖盘
1485,13:31:33,7.33,--,10,7330,卖盘
1486,13:31:30,7.33,--,4,2932,卖盘
1487,13:31:27,7.33,-0.01,1,733,卖盘
1488,13:31:24,7.34,0.01,39,28626,买盘
1489,13:31:21,7.33,-0.01,7,5131,卖盘
1490,13:31:18,7.34,-0.01,8,5872,中性盘
1491,13:31:12,7.35,0.02,19,13965,买盘
1492,13:31:09,7.33,--,6,4398,卖盘
1493,13:31:06,7.33,--,602,441266,卖盘
1494,13:31:03,7.33,--,21,15393,卖盘
1495,13:31:00,7.33,--,36,26388,卖盘
1496,13:30:51,7.33,--,16,11728,卖盘
1497,13:30:48,7.33,-0.01,8,5864,卖盘
1498,13:30:42,7.34,--,12,8808,买盘
1499,13:30:36,7.34,--,11,8074,买盘
1500,13:30:33,7.34,0.01,11,8074,买盘
1501,13:30:30,7.33,--,70,51310,卖盘
1502,13:30:27,7.33,--,4,2932,卖盘
1503,13:30:24,7.33,-0.01,9,6597,卖盘
1504,13:30:21,7.34,--,16,11744,买盘
1505,13:30:18,7.34,--,132,96888,卖盘
1506,13:30:15,7.34,--,8,5872,卖盘
1507,13:30:12,7.34,--,45,33030,买盘
1508,13:30:09,7.34,--,15,11010,买盘
1509,13:30:03,7.34,--,32,23488,卖盘
1510,13:30:00,7.34,-0.01,4,2936,卖盘
1511,13:29:57,7.35,--,14,10290,买盘
1512,13:29:54,7.35,0.01,1,735,买盘
1513,13:29:51,7.34,-0.01,13,9542,卖盘
1514,13:29:48,7.35,0.01,37,27195,买盘
1515,13:29:45,7.34,-0.01,10,7340,卖盘
1516,13:29:42,7.35,0.01,4,2940,买盘
1517,13:29:39,7.34,-0.01,13,9542,中性盘
1518,13:29:33,7.35,--,21,15435,买盘
1519,13:29:30,7.35,--,10,7350,买盘
1520,13:29:27,7.35,0.02,84,61740,买盘
1521,13:29:18,7.33,-0.02,6,4398,卖盘
1522,13:29:15,7.35,--,15,11025,买盘
1523,13:29:06,7.35,0.02,18,13230,买盘
1524,13:29:03,7.33,-0.02,3,2199,卖盘
1525,13:29:00,7.35,--,4,2940,买盘
1526,13:28:57,7.35,0.02,63,46305,买盘
1527,13:28:54,7.33,0.01,18,13194,卖盘
1528,13:28:51,7.32,--,1,732,卖盘
1529,13:28:48,7.32,-0.03,19,13908,卖盘
1530,13:28:45,7.35,0.03,1,735,买盘
1531,13:28:42,7.32,-0.01,150,109800,卖盘
1532,13:28:39,7.33,-0.02,9,6597,中性盘
1533,13:28:36,7.35,0.01,689,506415,买盘
1534,13:28:33,7.34,0.01,22,16148,买盘
1535,13:28:30,7.33,--,39,28587,买盘
1536,13:28:24,7.33,--,54,39582,卖盘
1537,13:28:21,7.33,-0.01,6,4398,卖盘
1538,13:28:18,7.34,0.02,12,8808,买盘
1539,13:28:12,7.32,-0.01,20,14640,卖盘
1540,13:28:09,7.33,-0.02,17,12461,卖盘
1541,13:28:06,7.35,0.01,1011,743085,买盘
1542,13:28:03,7.34,--,301,220934,买盘
1543,13:28:00,7.34,0.02,11,8074,买盘
1544,13:27:57,7.32,-0.01,49,35868,卖盘
1545,13:27:54,7.33,0.01,37,27121,买盘
1546,13:27:51,7.32,--,35,25620,卖盘
1547,13:27:48,7.32,--,7,5124,卖盘
1548,13:27:45,7.32,-0.01,3,2196,卖盘
1549,13:27:42,7.33,--,76,55708,买盘
1550,13:27:39,7.33,0.01,33,24189,买盘
1551,13:27:33,7.32,-0.01,16,11712,卖盘
1552,13:27:30,7.33,--,10,7330,买盘
1553,13:27:27,7.33,--,11,8063,买盘
1554,13:27:24,7.33,--,11,8063,买盘
1555,13:27:15,7.33,0.01,11,8063,买盘
1556,13:27:12,7.32,-0.01,7,5124,卖盘
1557,13:27:09,7.33,--,4,2932,买盘
1558,13:27:06,7.33,--,1,733,买盘
1559,13:27:03,7.33,0.01,12,8796,买盘
1560,13:27:00,7.32,-0.01,51,37332,卖盘
1561,13:26:57,7.33,--,3,2199,买盘
1562,13:26:51,7.33,--,21,15393,买盘
1563,13:26:48,7.33,--,132,96756,买盘
1564,13:26:42,7.33,0.01,25,18325,买盘
1565,13:26:39,7.32,--,6,4392,卖盘
1566,13:26:36,7.32,--,5,3660,卖盘
1567,13:26:33,7.32,-0.01,94,68808,卖盘
1568,13:26:30,7.33,0.01,14,10262,买盘
1569,13:26:27,7.32,-0.01,8,5856,卖盘
1570,13:26:21,7.33,--,11,8063,买盘
1571,13:26:18,7.33,0.01,29,21257,买盘
1572,13:26:15,7.32,-0.01,10,7320,卖盘
1573,13:26:09,7.33,0.01,23,16859,买盘
1574,13:26:06,7.32,-0.01,25,18300,卖盘
1575,13:26:03,7.33,--,19,13927,买盘
1576,13:26:00,7.33,0.01,15,10995,买盘
1577,13:25:51,7.32,-0.01,8,5856,卖盘
1578,13:25:48,7.33,0.01,17,12461,买盘
1579,13:25:45,7.32,--,40,29280,卖盘
1580,13:25:42,7.32,--,6,4392,卖盘
1581,13:25:39,7.32,--,34,24888,卖盘
1582,13:25:36,7.32,-0.01,101,73932,卖盘
1583,13:25:33,7.33,--,5,3665,买盘
1584,13:25:30,7.33,0.01,17,12461,买盘
1585,13:25:27,7.32,-0.01,1,732,卖盘
1586,13:25:21,7.33,0.01,17,12461,买盘
1587,13:25:18,7.32,-0.01,208,152256,卖盘
1588,13:25:09,7.33,--,23,16859,买盘
1589,13:25:06,7.33,--,12,8796,买盘
1590,13:25:00,7.33,--,40,29320,买盘
1591,13:24:57,7.33,0.01,4,2932,买盘
1592,13:24:54,7.32,-0.01,7,5124,卖盘
1593,13:24:51,7.33,--,10,7330,买盘
1594,13:24:48,7.33,0.01,321,235293,买盘
1595,13:24:45,7.32,--,1,732,卖盘
1596,13:24:42,7.32,--,7,5124,卖盘
1597,13:24:39,7.32,-0.01,35,25620,卖盘
1598,13:24:36,7.33,0.01,25,18325,买盘
1599,13:24:33,7.32,--,14,10248,卖盘
1600,13:24:27,7.32,-0.02,11,8052,卖盘
1601,13:24:24,7.34,0.01,15,11010,买盘
1602,13:24:21,7.33,-0.01,8,5864,卖盘
1603,13:24:18,7.34,0.01,44,32296,买盘
1604,13:24:12,7.33,--,8,5864,卖盘
1605,13:24:09,7.33,-0.01,7,5131,卖盘
1606,13:24:06,7.34,--,11,8074,买盘
1607,13:24:03,7.34,--,1,734,买盘
1608,13:23:57,7.34,0.02,19,13946,买盘
1609,13:23:54,7.32,--,82,60024,卖盘
1610,13:23:51,7.32,--,1,732,卖盘
1611,13:23:48,7.32,-0.02,6,4392,卖盘
1612,13:23:45,7.34,--,11,8074,买盘
1613,13:23:42,7.34,--,48,35232,买盘
1614,13:23:39,7.34,0.02,29,21286,买盘
1615,13:23:36,7.32,-0.02,17,12444,卖盘
1616,13:23:33,7.34,--,1,734,买盘
1617,13:23:30,7.34,0.02,4,2936,买盘
1618,13:23:27,7.32,--,1,732,卖盘
1619,13:23:24,7.32,--,10,7320,卖盘
1620,13:23:21,7.32,-0.02,110,80520,卖盘
1621,13:23:18,7.34,0.02,14,10276,卖盘
1622,13:23:15,7.32,-0.01,98,71736,卖盘
1623,13:23:12,7.33,-0.01,14,10262,卖盘
1624,13:23:09,7.34,0.02,3,2202,中性盘
1625,13:23:06,7.32,-0.01,14,10248,卖盘
1626,13:23:03,7.33,-0.01,805,590065,卖盘
1627,13:23:00,7.34,--,30,22020,买盘
1628,13:22:57,7.34,0.02,10,7340,买盘
1629,13:22:51,7.32,-0.02,8,5856,卖盘
1630,13:22:48,7.34,--,14,10276,买盘
1631,13:22:39,7.34,0.01,110,80740,买盘
1632,13:22:36,7.33,--,6,4398,卖盘
1633,13:22:33,7.33,0.01,30,21990,中性盘
1634,13:22:27,7.32,--,17,12444,卖盘
1635,13:22:24,7.32,--,39,28548,卖盘
1636,13:22:21,7.32,-0.01,86,62952,卖盘
1637,13:22:18,7.33,-0.01,259,189847,卖盘
1638,13:22:15,7.34,--,179,131386,买盘
1639,13:22:12,7.34,--,1,734,买盘
1640,13:22:06,7.34,0.01,25,18350,买盘
1641,13:22:03,7.33,-0.01,425,311525,卖盘
1642,13:22:00,7.34,--,14,10276,买盘
1643,13:21:57,7.34,0.01,10,7340,买盘
1644,13:21:54,7.33,--,13,9529,卖盘
1645,13:21:51,7.33,-0.01,5,3665,卖盘
1646,13:21:45,7.34,--,31,22754,买盘
1647,13:21:42,7.34,--,13,9542,买盘
1648,13:21:39,7.34,0.01,33,24222,买盘
1649,13:21:30,7.33,--,8,5864,卖盘
1650,13:21:24,7.33,--,17,12461,卖盘
1651,13:21:18,7.33,-0.01,7,5131,卖盘
1652,13:21:15,7.34,--,3,2202,买盘
1653,13:21:12,7.34,--,3,2202,买盘
1654,13:21:09,7.34,0.01,5,3670,买盘
1655,13:21:06,7.33,-0.01,18,13194,卖盘
1656,13:21:03,7.34,--,131,96154,买盘
1657,13:20:57,7.34,0.01,55,40370,买盘
1658,13:20:54,7.33,--,30,21990,卖盘
1659,13:20:51,7.33,--,1,733,卖盘
1660,13:20:48,7.33,--,4,2932,卖盘
1661,13:20:45,7.33,--,21,15393,卖盘
1662,13:20:39,7.33,-0.01,16,11728,卖盘
1663,13:20:36,7.34,0.01,11,8074,买盘
1664,13:20:33,7.33,-0.01,8,5864,卖盘
1665,13:20:30,7.34,0.01,3,2202,买盘
1666,13:20:24,7.33,--,12,8796,卖盘
1667,13:20:21,7.33,-0.01,11,8063,卖盘
1668,13:20:18,7.34,--,39,28626,买盘
1669,13:20:15,7.34,0.01,4,2936,买盘
1670,13:20:09,7.33,-0.01,9,6597,卖盘
1671,13:20:03,7.34,0.01,15,11010,买盘
1672,13:20:00,7.33,-0.01,7,5131,卖盘
1673,13:19:57,7.34,0.01,24,17616,买盘
1674,13:19:51,7.33,-0.01,1,733,卖盘
1675,13:19:48,7.34,0.01,21,15414,买盘
1676,13:19:45,7.33,--,100,73300,卖盘
1677,13:19:39,7.33,--,53,38849,卖盘
1678,13:19:36,7.33,-0.01,210,153930,卖盘
1679,13:19:30,7.34,0.01,16,11744,买盘
1680,13:19:27,7.33,--,5,3665,卖盘
1681,13:19:24,7.33,-0.01,8,5864,卖盘
1682,13:19:21,7.34,--,24,17616,买盘
1683,13:19:18,7.34,--,33,24222,买盘
1684,13:19:15,7.34,0.01,15,11010,买盘
1685,13:19:12,7.33,--,7,5131,卖盘
1686,13:19:09,7.33,-0.01,2,1466,卖盘
1687,13:19:06,7.34,0.01,14,10276,买盘
1688,13:19:03,7.33,--,46,33718,卖盘
1689,13:19:00,7.33,-0.01,8,5864,卖盘
1690,13:18:57,7.34,--,29,21286,买盘
1691,13:18:54,7.34,0.01,15,11010,买盘
1692,13:18:51,7.33,-0.01,7,5131,卖盘
1693,13:18:45,7.34,--,11,8074,买盘
1694,13:18:42,7.34,--,20,14680,买盘
1695,13:18:39,7.34,--,12,8808,买盘
1696,13:18:36,7.34,--,11,8074,买盘
1697,13:18:30,7.34,0.01,50,36700,买盘
1698,13:18:27,7.33,--,15,10995,卖盘
1699,13:18:24,7.33,-0.01,52,38116,卖盘
1700,13:18:21,7.34,--,17,12478,买盘
1701,13:18:18,7.34,0.01,49,35966,买盘
1702,13:18:15,7.33,-0.01,18,13194,卖盘
1703,13:18:12,7.34,0.01,8,5872,买盘
1704,13:18:06,7.33,-0.01,12,8796,卖盘
1705,13:18:03,7.34,--,244,179096,买盘
1706,13:18:00,7.34,--,10,7340,买盘
1707,13:17:57,7.34,0.01,3,2202,买盘
1708,13:17:54,7.33,-0.01,6,4398,卖盘
1709,13:17:51,7.34,0.01,9,6606,买盘
1710,13:17:48,7.33,--,1,733,卖盘
1711,13:17:45,7.33,-0.01,5,3665,卖盘
1712,13:17:42,7.34,--,19,13946,买盘
1713,13:17:39,7.34,--,40,29360,买盘
1714,13:17:33,7.34,0.01,4,2936,买盘
1715,13:17:30,7.33,--,21,15393,卖盘
1716,13:17:27,7.33,--,35,25655,卖盘
1717,13:17:24,7.33,--,1,733,卖盘
1718,13:17:21,7.33,--,7,5131,卖盘
1719,13:17:18,7.33,-0.01,8,5864,卖盘
1720,13:17:15,7.34,0.01,10,7340,买盘
1721,13:17:12,7.33,--,8,5864,卖盘
1722,13:17:09,7.33,-0.01,6,4398,卖盘
1723,13:17:06,7.34,--,10,7340,买盘
1724,13:17:03,7.34,--,8,5872,买盘
1725,13:17:00,7.34,--,6,4404,买盘
1726,13:16:57,7.34,--,48,35232,买盘
1727,13:16:54,7.34,0.01,2,1468,买盘
1728,13:16:51,7.33,--,32,23456,卖盘
1729,13:16:48,7.33,--,5,3665,卖盘
1730,13:16:45,7.33,-0.01,152,111416,卖盘
1731,13:16:36,7.34,--,11,8074,买盘
1732,13:16:30,7.34,0.01,10,7340,买盘
1733,13:16:27,7.33,--,1,733,卖盘
1734,13:16:24,7.33,--,8,5864,卖盘
1735,13:16:21,7.33,--,20,14660,卖盘
1736,13:16:18,7.33,--,49,35917,卖盘
1737,13:16:12,7.33,--,18,13194,卖盘
1738,13:16:09,7.33,--,5,3665,卖盘
1739,13:16:03,7.33,--,9,6597,卖盘
1740,13:16:00,7.33,--,109,79897,卖盘
1741,13:15:57,7.33,-0.01,5,3665,卖盘
1742,13:15:54,7.34,0.01,109,80006,买盘
1743,13:15:51,7.33,--,7,5131,卖盘
1744,13:15:48,7.33,-0.01,15,10995,卖盘
1745,13:15:42,7.34,--,1,734,买盘
1746,13:15:39,7.34,--,40,29360,买盘
1747,13:15:36,7.34,0.01,11,8074,买盘
1748,13:15:33,7.33,--,4,2932,卖盘
1749,13:15:30,7.33,--,105,76965,卖盘
1750,13:15:27,7.33,--,262,192046,卖盘
1751,13:15:24,7.33,--,765,561346,买盘
1752,13:15:21,7.33,0.01,1,733,买盘
1753,13:15:18,7.32,--,15,10980,卖盘
1754,13:15:15,7.32,-0.01,5,3660,卖盘
1755,13:15:12,7.33,--,19,13927,买盘
1756,13:15:09,7.33,0.01,5,3665,买盘
1757,13:15:06,7.32,-0.01,8,5856,卖盘
1758,13:15:03,7.33,0.01,21,15393,买盘
1759,13:15:00,7.32,--,121,88572,卖盘
1760,13:14:57,7.32,--,183,133956,卖盘
1761,13:14:54,7.32,--,17,12444,卖盘
1762,13:14:51,7.32,-0.01,11,8052,卖盘
1763,13:14:48,7.33,--,4,2932,买盘
1764,13:14:45,7.33,0.01,12,8796,买盘
1765,13:14:42,7.32,--,18,13176,卖盘
1766,13:14:39,7.32,-0.01,4,2928,卖盘
1767,13:14:36,7.33,--,1,733,买盘
1768,13:14:33,7.33,--,1,733,买盘
1769,13:14:30,7.33,0.01,24,17592,买盘
1770,13:14:27,7.32,-0.01,113,82716,卖盘
1771,13:14:24,7.33,--,2,1466,买盘
1772,13:14:21,7.33,--,17,12461,买盘
1773,13:14:18,7.33,--,43,31519,买盘
1774,13:14:15,7.33,0.01,20,14660,买盘
1775,13:14:09,7.32,--,6,4392,卖盘
1776,13:14:06,7.32,-0.01,15,10980,卖盘
1777,13:14:03,7.33,0.01,5,3665,买盘
1778,13:13:57,7.32,--,18,13176,卖盘
1779,13:13:51,7.32,--,119,87108,卖盘
1780,13:13:48,7.32,--,5,3660,卖盘
1781,13:13:45,7.32,--,19,13908,卖盘
1782,13:13:36,7.32,--,84,61488,卖盘
1783,13:13:33,7.32,0.01,159,116388,买盘
1784,13:13:30,7.31,-0.01,5,3655,卖盘
1785,13:13:27,7.32,--,10,7320,买盘
1786,13:13:24,7.32,--,18,13176,买盘
1787,13:13:21,7.32,--,4,2928,买盘
1788,13:13:18,7.32,-0.01,1,732,买盘
1789,13:13:15,7.33,0.02,10,7330,买盘
1790,13:13:12,7.31,-0.02,330,241230,卖盘
1791,13:13:09,7.33,--,3,2199,买盘
1792,13:13:06,7.33,--,1,733,买盘
1793,13:13:03,7.33,0.01,13,9529,买盘
1794,13:13:00,7.32,--,10,7320,卖盘
1795,13:12:57,7.32,--,33,24156,卖盘
1796,13:12:54,7.32,--,5,3660,卖盘
1797,13:12:48,7.32,--,7,5124,卖盘
1798,13:12:45,7.32,--,51,37332,买盘
1799,13:12:42,7.32,0.01,23,16836,买盘
1800,13:12:39,7.31,--,40,29240,卖盘
1801,13:12:36,7.31,-0.01,127,92837,卖盘
1802,13:12:33,7.32,--,27,19764,买盘
1803,13:12:30,7.32,--,24,17568,买盘
1804,13:12:27,7.32,0.01,48,35136,买盘
1805,13:12:24,7.31,-0.01,23,16813,卖盘
1806,13:12:21,7.32,0.01,14,10248,买盘
1807,13:12:18,7.31,-0.01,123,89913,卖盘
1808,13:12:15,7.32,--,79,57828,买盘
1809,13:12:12,7.32,--,21,15372,买盘
1810,13:12:09,7.32,0.01,24,17568,买盘
1811,13:12:06,7.31,-0.01,25,18275,卖盘
1812,13:12:03,7.32,0.01,29,21228,买盘
1813,13:12:00,7.31,-0.01,131,95761,卖盘
1814,13:11:57,7.32,-0.01,152,111264,卖盘
1815,13:11:54,7.33,0.02,9,6597,买盘
1816,13:11:51,7.31,-0.02,15,10965,卖盘
1817,13:11:45,7.33,0.02,4,2932,买盘
1818,13:11:42,7.31,-0.02,13,9503,卖盘
1819,13:11:39,7.33,0.01,52,38116,买盘
1820,13:11:36,7.32,-0.01,153,112127,卖盘
1821,13:11:33,7.33,0.01,19,13927,买盘
1822,13:11:30,7.32,--,19,13908,卖盘
1823,13:11:24,7.32,-0.01,113,83316,卖盘
1824,13:11:21,7.33,--,65,47645,买盘
1825,13:11:18,7.33,0.01,10,7330,买盘
1826,13:11:15,7.32,--,36,26352,卖盘
1827,13:11:12,7.32,-0.01,1,732,卖盘
1828,13:11:09,7.33,0.01,54,39582,买盘
1829,13:11:06,7.32,-0.01,6,4392,卖盘
1830,13:11:03,7.33,0.01,41,30053,买盘
1831,13:11:00,7.32,--,4,2928,卖盘
1832,13:10:57,7.32,-0.01,81,59292,卖盘
1833,13:10:54,7.33,--,24,17592,买盘
1834,13:10:51,7.33,0.01,40,29320,买盘
1835,13:10:48,7.32,-0.01,126,92232,卖盘
1836,13:10:45,7.33,0.01,44,32252,买盘
1837,13:10:42,7.32,--,4,2928,卖盘
1838,13:10:39,7.32,-0.01,78,57096,卖盘
1839,13:10:36,7.33,0.01,13,9529,买盘
1840,13:10:33,7.32,-0.01,17,12444,卖盘
1841,13:10:30,7.33,--,5,3665,买盘
1842,13:10:27,7.33,0.01,10,7330,买盘
1843,13:10:24,7.32,--,17,12444,卖盘
1844,13:10:21,7.32,--,5,3660,卖盘
1845,13:10:18,7.32,-0.01,14,10248,卖盘
1846,13:10:15,7.33,0.01,29,21257,买盘
1847,13:10:12,7.32,-0.01,228,166896,卖盘
1848,13:10:09,7.33,0.01,7,5131,买盘
1849,13:10:06,7.32,--,9,6588,卖盘
1850,13:10:00,7.32,-0.01,19,13908,卖盘
1851,13:09:57,7.33,--,10,7330,买盘
1852,13:09:54,7.33,--,4,2932,买盘
1853,13:09:51,7.33,--,65,47645,买盘
1854,13:09:48,7.33,0.01,4,2932,买盘
1855,13:09:45,7.32,-0.01,20,14640,卖盘
1856,13:09:42,7.33,0.01,14,10262,买盘
1857,13:09:39,7.32,-0.01,12,8784,卖盘
1858,13:09:36,7.33,0.01,157,115081,买盘
1859,13:09:33,7.32,-0.01,4,2928,卖盘
1860,13:09:30,7.33,--,12,8796,买盘
1861,13:09:27,7.33,--,93,68169,买盘
1862,13:09:24,7.33,--,11,8063,买盘
1863,13:09:21,7.33,--,10,7330,买盘
1864,13:09:18,7.33,0.01,5,3665,买盘
1865,13:09:15,7.32,-0.01,12,8784,卖盘
1866,13:09:06,7.33,0.01,21,15393,买盘
1867,13:09:03,7.32,-0.01,12,8784,卖盘
1868,13:09:00,7.33,--,130,95290,买盘
1869,13:08:57,7.33,0.01,29,21257,买盘
1870,13:08:54,7.32,--,30,21960,卖盘
1871,13:08:51,7.32,-0.01,33,24156,中性盘
1872,13:08:45,7.33,--,7,5131,买盘
1873,13:08:42,7.33,0.01,41,30053,买盘
1874,13:08:39,7.32,-0.01,16,11712,卖盘
1875,13:08:36,7.33,--,10,7330,买盘
1876,13:08:33,7.33,--,17,12461,买盘
1877,13:08:30,7.33,--,11,8063,买盘
1878,13:08:27,7.33,0.02,15,10995,买盘
1879,13:08:24,7.31,-0.02,113,82603,卖盘
1880,13:08:18,7.33,0.01,11,8063,买盘
1881,13:08:15,7.32,--,38,27816,买盘
1882,13:08:12,7.32,0.01,21,15372,买盘
1883,13:08:09,7.31,--,6,4386,卖盘
1884,13:08:06,7.31,-0.01,64,46784,卖盘
1885,13:08:03,7.32,--,13,9516,买盘
1886,13:08:00,7.32,0.01,38,27816,买盘
1887,13:07:54,7.31,-0.01,12,8772,卖盘
1888,13:07:51,7.32,-0.01,82,60024,卖盘
1889,13:07:48,7.33,0.01,152,111416,买盘
1890,13:07:45,7.32,--,7,5124,卖盘
1891,13:07:42,7.32,-0.01,5,3660,卖盘
1892,13:07:39,7.33,--,1,733,买盘
1893,13:07:36,7.33,0.01,45,32985,买盘
1894,13:07:33,7.32,--,11,8052,卖盘
1895,13:07:30,7.32,-0.01,4,2928,卖盘
1896,13:07:24,7.33,0.02,216,158328,买盘
1897,13:07:21,7.31,--,6,4386,卖盘
1898,13:07:18,7.31,--,14,10234,卖盘
1899,13:07:15,7.31,-0.01,5,3655,卖盘
1900,13:07:12,7.32,0.01,148,108336,买盘
1901,13:07:09,7.31,-0.01,12,8772,卖盘
1902,13:07:03,7.32,0.01,15,10980,买盘
1903,13:07:00,7.31,-0.01,27,19737,卖盘
1904,13:06:57,7.32,--,33,24156,买盘
1905,13:06:54,7.32,0.01,11,8052,买盘
1906,13:06:51,7.31,--,3,2193,卖盘
1907,13:06:48,7.31,--,12,8772,卖盘
1908,13:06:45,7.31,-0.01,1,731,卖盘
1909,13:06:42,7.32,0.01,25,18300,买盘
1910,13:06:36,7.31,-0.01,121,88451,卖盘
1911,13:06:33,7.32,0.01,11,8052,买盘
1912,13:06:30,7.31,--,15,10965,卖盘
1913,13:06:27,7.31,0.01,1370,1001470,买盘
1914,13:06:24,7.3,-0.01,3,2190,卖盘
1915,13:06:21,7.31,--,31,22661,买盘
1916,13:06:18,7.31,--,1,731,买盘
1917,13:06:15,7.31,--,43,31433,买盘
1918,13:06:12,7.31,--,28,20468,买盘
1919,13:06:09,7.31,--,17,12427,买盘
1920,13:06:06,7.31,--,69,50439,买盘
1921,13:06:03,7.31,-0.01,780,570180,卖盘
1922,13:06:00,7.32,--,118,86376,买盘
1923,13:05:57,7.32,0.01,16,11712,买盘
1924,13:05:54,7.31,--,4,2924,卖盘
1925,13:05:51,7.31,-0.01,8,5848,卖盘
1926,13:05:48,7.32,--,3,2196,买盘
1927,13:05:45,7.32,0.01,10,7320,买盘
1928,13:05:39,7.31,--,16,11696,卖盘
1929,13:05:36,7.31,--,353,258043,卖盘
1930,13:05:33,7.31,--,9,6579,卖盘
1931,13:05:30,7.31,--,7,5117,卖盘
1932,13:05:27,7.31,-0.01,1,731,卖盘
1933,13:05:24,7.32,0.01,19,13908,买盘
1934,13:05:21,7.31,--,639,467109,卖盘
1935,13:05:18,7.31,0.01,1438,1051178,买盘
1936,13:05:15,7.3,-0.01,4,2920,卖盘
1937,13:05:12,7.31,--,36,26316,买盘
1938,13:05:09,7.31,0.01,1,731,买盘
1939,13:05:06,7.3,-0.01,84,61320,卖盘
1940,13:05:03,7.31,--,11,8041,买盘
1941,13:04:57,7.31,--,38,27778,买盘
1942,13:04:54,7.31,--,71,51901,买盘
1943,13:04:51,7.31,0.01,3,2193,买盘
1944,13:04:48,7.3,-0.01,121,88330,卖盘
1945,13:04:45,7.31,--,18,13158,买盘
1946,13:04:42,7.31,0.01,12,8772,买盘
1947,13:04:39,7.3,-0.01,157,114610,卖盘
1948,13:04:36,7.31,0.01,9,6579,买盘
1949,13:04:33,7.3,-0.01,7,5110,卖盘
1950,13:04:30,7.31,0.01,12,8772,买盘
1951,13:04:27,7.3,-0.01,5,3650,卖盘
1952,13:04:24,7.31,0.01,4,2924,买盘
1953,13:04:21,7.3,-0.01,8,5840,卖盘
1954,13:04:18,7.31,--,11,8041,买盘
1955,13:04:15,7.31,--,29,21199,买盘
1956,13:04:12,7.31,0.01,121,88451,买盘
1957,13:04:09,7.3,--,18,13140,卖盘
1958,13:04:06,7.3,-0.01,1,730,卖盘
1959,13:04:03,7.31,0.01,9,6579,买盘
1960,13:04:00,7.3,-0.01,29,21170,卖盘
1961,13:03:57,7.31,0.01,3,2193,买盘
1962,13:03:54,7.3,-0.01,5,3650,卖盘
1963,13:03:51,7.31,--,33,24123,买盘
1964,13:03:48,7.31,--,50,36550,买盘
1965,13:03:45,7.31,--,18,13158,买盘
1966,13:03:42,7.31,0.01,4,2924,买盘
1967,13:03:39,7.3,--,34,24820,卖盘
1968,13:03:36,7.3,-0.01,45,32850,卖盘
1969,13:03:33,7.31,--,116,84796,买盘
1970,13:03:30,7.31,--,9,6579,买盘
1971,13:03:27,7.31,--,27,19737,买盘
1972,13:03:24,7.31,--,35,25585,买盘
1973,13:03:21,7.31,--,25,18275,买盘
1974,13:03:18,7.31,--,10,7310,买盘
1975,13:03:15,7.31,--,10,7310,买盘
1976,13:03:12,7.31,--,1,731,买盘
1977,13:03:09,7.31,--,229,167399,买盘
1978,13:03:06,7.31,--,1,731,买盘
1979,13:03:03,7.31,--,33,24123,买盘
1980,13:03:00,7.31,0.01,13,9503,买盘
1981,13:02:57,7.3,-0.01,145,105850,卖盘
1982,13:02:54,7.31,0.01,13,9503,买盘
1983,13:02:51,7.3,--,13,9490,卖盘
1984,13:02:48,7.3,--,9,6570,卖盘
1985,13:02:45,7.3,-0.01,211,154030,卖盘
1986,13:02:42,7.31,0.01,17,12427,买盘
1987,13:02:36,7.3,-0.01,17,12410,卖盘
1988,13:02:33,7.31,0.01,41,29971,买盘
1989,13:02:30,7.3,--,31,22630,卖盘
1990,13:02:24,7.3,--,10,7300,卖盘
1991,13:02:21,7.3,-0.01,117,85410,卖盘
1992,13:02:18,7.31,--,50,36550,买盘
1993,13:02:15,7.31,--,44,32164,买盘
1994,13:02:12,7.31,--,3,2193,买盘
1995,13:02:09,7.31,--,16,11696,买盘
1996,13:02:06,7.31,--,13,9503,买盘
1997,13:02:00,7.31,--,2,1462,买盘
1998,13:01:57,7.31,0.01,10,7310,买盘
1999,13:01:54,7.3,-0.01,11,8030,卖盘
2000,13:01:51,7.31,-0.01,63,46053,卖盘
2001,13:01:48,7.32,0.02,10,7320,买盘
2002,13:01:45,7.3,-0.02,120,87600,卖盘
2003,13:01:39,7.32,--,3,2196,买盘
2004,13:01:36,7.32,0.01,44,32208,买盘
2005,13:01:33,7.31,-0.01,7,5117,卖盘
2006,13:01:30,7.32,--,5,3660,买盘
2007,13:01:27,7.32,--,13,9516,买盘
2008,13:01:24,7.32,0.01,10,7320,买盘
2009,13:01:21,7.31,--,218,159358,卖盘
2010,13:01:18,7.31,-0.01,32,23392,卖盘
2011,13:01:15,7.32,--,1,732,买盘
2012,13:01:12,7.32,0.01,14,10248,买盘
2013,13:01:09,7.31,--,144,105264,卖盘
2014,13:01:06,7.31,-0.01,1,731,卖盘
2015,13:01:03,7.32,0.01,15,10980,买盘
2016,13:01:00,7.31,-0.01,7,5117,卖盘
2017,13:00:57,7.32,0.01,33,24156,买盘
2018,13:00:54,7.31,--,79,57749,卖盘
2019,13:00:51,7.31,--,11,8041,卖盘
2020,13:00:48,7.31,--,8,5848,卖盘
2021,13:00:45,7.31,-0.01,4,2924,卖盘
2022,13:00:42,7.32,0.01,14,10248,买盘
2023,13:00:36,7.31,--,25,18275,卖盘
2024,13:00:33,7.31,--,1412,1032610,买盘
2025,13:00:30,7.31,--,177,129387,买盘
2026,13:00:27,7.31,0.01,87,63597,买盘
2027,13:00:24,7.3,--,36,26280,卖盘
2028,13:00:21,7.3,-0.01,12,8760,卖盘
2029,13:00:15,7.31,0.01,11,8041,买盘
2030,13:00:12,7.3,--,9,6570,卖盘
2031,13:00:09,7.3,-0.01,392,286160,卖盘
2032,13:00:06,7.31,--,821,600151,买盘
2033,13:00:03,7.31,--,877,641087,买盘
2034,13:00:00,7.31,--,0,0,买盘
2035,11:30:00,7.31,--,10,7310,买盘
2036,11:29:57,7.31,0.01,231,168861,买盘
2037,11:29:51,7.3,-0.01,7,5110,卖盘
2038,11:29:48,7.31,0.01,60,43860,买盘
2039,11:29:45,7.3,-0.01,1,730,卖盘
2040,11:29:42,7.31,--,10,7310,买盘
2041,11:29:39,7.31,--,94,68714,买盘
2042,11:29:36,7.31,--,22,16082,买盘
2043,11:29:33,7.31,0.01,801,585531,买盘
2044,11:29:30,7.3,-0.01,66,48180,卖盘
2045,11:29:27,7.31,--,144,105264,买盘
2046,11:29:21,7.31,0.01,162,118422,买盘
2047,11:29:18,7.3,-0.01,6,4380,卖盘
2048,11:29:15,7.31,--,50,36550,买盘
2049,11:29:12,7.31,--,9,6579,买盘
2050,11:29:09,7.31,0.01,10,7310,买盘
2051,11:29:06,7.3,--,55,40150,卖盘
2052,11:29:03,7.3,-0.01,97,70810,卖盘
2053,11:29:00,7.31,--,50,36550,买盘
2054,11:28:57,7.31,0.01,50,36550,买盘
2055,11:28:54,7.3,-0.01,17,12410,卖盘
2056,11:28:51,7.31,--,180,131580,买盘
2057,11:28:48,7.31,0.01,61,44591,买盘
2058,11:28:45,7.3,-0.01,140,102200,卖盘
2059,11:28:42,7.31,--,471,344301,买盘
2060,11:28:39,7.31,--,2,1462,买盘
2061,11:28:36,7.31,0.01,49,35819,买盘
2062,11:28:33,7.3,-0.01,17,12410,卖盘
2063,11:28:30,7.31,0.01,41,29971,买盘
2064,11:28:27,7.3,-0.01,1,730,卖盘
2065,11:28:24,7.31,0.01,10,7310,买盘
2066,11:28:21,7.3,--,12,8760,卖盘
2067,11:28:15,7.3,--,312,228278,卖盘
2068,11:28:12,7.3,--,155,113150,卖盘
2069,11:28:09,7.3,-0.01,121,88330,卖盘
2070,11:28:06,7.31,--,218,159358,买盘
2071,11:28:03,7.31,--,25,18275,买盘
2072,11:28:00,7.31,0.01,100,73100,买盘
2073,11:27:57,7.3,-0.01,80,58400,卖盘
2074,11:27:54,7.31,--,47,34357,买盘
2075,11:27:51,7.31,0.01,40,29240,买盘
2076,11:27:48,7.3,-0.01,7,5110,卖盘
2077,11:27:45,7.31,--,17,12427,买盘
2078,11:27:42,7.31,--,107,78217,买盘
2079,11:27:39,7.31,--,10,7310,买盘
2080,11:27:36,7.31,--,54,39474,买盘
2081,11:27:33,7.31,--,129,94299,买盘
2082,11:27:30,7.31,0.01,26,19006,买盘
2083,11:27:27,7.3,--,297,216810,卖盘
2084,11:27:24,7.3,-0.01,12,8760,卖盘
2085,11:27:21,7.31,--,74,54094,买盘
2086,11:27:18,7.31,--,34,24854,买盘
2087,11:27:15,7.31,-0.01,2016,1474397,卖盘
2088,11:27:12,7.32,--,10,7320,买盘
2089,11:27:09,7.32,0.01,1,732,买盘
2090,11:27:06,7.31,-0.01,20,14620,卖盘
2091,11:27:03,7.32,--,74,54168,买盘
2092,11:27:00,7.32,--,92,67344,买盘
2093,11:26:57,7.32,--,20,14640,买盘
2094,11:26:54,7.32,--,176,128832,买盘
2095,11:26:51,7.32,--,215,157380,买盘
2096,11:26:48,7.32,--,11,8052,买盘
2097,11:26:45,7.32,--,27,19764,买盘
2098,11:26:42,7.32,0.01,55,40260,买盘
2099,11:26:39,7.31,-0.01,8,5848,卖盘
2100,11:26:36,7.32,--,10,7320,买盘
2101,11:26:33,7.32,0.01,150,109800,买盘
2102,11:26:30,7.31,-0.01,26,19006,卖盘
2103,11:26:27,7.32,-0.01,4,2928,中性盘
2104,11:26:24,7.33,0.02,125,91654,买盘
2105,11:26:21,7.31,-0.01,21,16052,卖盘
2106,11:26:18,7.32,0.01,1497,1095833,买盘
2107,11:26:15,7.31,-0.01,36,26316,卖盘
2108,11:26:12,7.32,0.01,24,17568,买盘
2109,11:26:06,7.31,--,107,78217,卖盘
2110,11:26:03,7.31,-0.01,134,97954,卖盘
2111,11:26:00,7.32,0.01,31,22692,买盘
2112,11:25:57,7.31,--,30,21930,卖盘
2113,11:25:54,7.31,--,20,14620,卖盘
2114,11:25:48,7.31,--,6,4386,卖盘
2115,11:25:45,7.31,-0.01,8,5848,卖盘
2116,11:25:42,7.32,0.01,228,166896,买盘
2117,11:25:39,7.31,--,10,7310,卖盘
2118,11:25:36,7.31,0.01,27,19737,卖盘
2119,11:25:33,7.3,-0.01,165,120450,卖盘
2120,11:25:30,7.31,--,2532,1850892,买盘
2121,11:25:27,7.31,--,52,38012,买盘
2122,11:25:24,7.31,0.01,49,35819,买盘
2123,11:25:21,7.3,--,36,26280,卖盘
2124,11:25:18,7.3,--,117,85410,卖盘
2125,11:25:15,7.3,--,307,224110,卖盘
2126,11:25:12,7.3,--,254,185420,卖盘
2127,11:25:09,7.3,-0.01,173,126290,卖盘
2128,11:25:06,7.31,--,128,93568,买盘
2129,11:25:03,7.31,--,23,16813,买盘
2130,11:25:00,7.31,--,19,13889,买盘
2131,11:24:57,7.31,--,26,19006,买盘
2132,11:24:51,7.31,--,47,34357,买盘
2133,11:24:48,7.31,0.01,82,59942,买盘
2134,11:24:45,7.3,-0.01,339,247470,卖盘
2135,11:24:42,7.31,0.01,34,24854,买盘
2136,11:24:39,7.3,--,12,8760,卖盘
2137,11:24:36,7.3,--,427,311710,卖盘
2138,11:24:33,7.3,--,120,87600,卖盘
2139,11:24:30,7.3,-0.01,117,85410,卖盘
2140,11:24:27,7.31,0.01,43,31433,买盘
2141,11:24:24,7.3,-0.01,30,21900,卖盘
2142,11:24:21,7.31,--,1039,759509,买盘
2143,11:24:18,7.31,--,14,10234,买盘
2144,11:24:15,7.31,0.01,326,238306,买盘
2145,11:24:12,7.3,-0.01,30,21900,卖盘
2146,11:24:09,7.31,0.01,36,26316,买盘
2147,11:24:06,7.3,--,11,8030,卖盘
2148,11:24:03,7.3,-0.01,508,370840,卖盘
2149,11:24:00,7.31,--,61,44591,买盘
2150,11:23:57,7.31,0.01,28,20468,买盘
2151,11:23:54,7.3,-0.01,155,113150,卖盘
2152,11:23:51,7.31,-0.01,666,486846,卖盘
2153,11:23:48,7.32,0.01,12,8784,买盘
2154,11:23:45,7.31,-0.01,32,23392,卖盘
2155,11:23:42,7.32,--,3040,2225280,买盘
2156,11:23:39,7.32,0.01,10,7320,买盘
2157,11:23:36,7.31,-0.01,65,47515,卖盘
2158,11:23:33,7.32,--,6,4392,买盘
2159,11:23:30,7.32,0.01,119,87108,买盘
2160,11:23:27,7.31,-0.01,60,43860,卖盘
2161,11:23:24,7.32,0.01,10,7320,买盘
2162,11:23:21,7.31,--,171,125001,卖盘
2163,11:23:18,7.31,--,132,96492,卖盘
2164,11:23:15,7.31,--,77,56287,卖盘
2165,11:23:09,7.31,--,6,4386,卖盘
2166,11:23:06,7.31,--,37,27047,卖盘
2167,11:23:03,7.31,--,317,231727,卖盘
2168,11:23:00,7.31,--,6,4386,卖盘
2169,11:22:57,7.31,--,39,28509,卖盘
2170,11:22:54,7.31,-0.01,38,27778,卖盘
2171,11:22:51,7.32,-0.01,1605,1175562,卖盘
2172,11:22:48,7.33,0.01,20,14660,买盘
2173,11:22:45,7.32,--,79,57828,卖盘
2174,11:22:42,7.32,-0.01,184,134688,卖盘
2175,11:22:39,7.33,0.01,11,8063,买盘
2176,11:22:33,7.32,--,22,16104,卖盘
2177,11:22:30,7.32,--,140,102480,卖盘
2178,11:22:27,7.32,--,619,453108,卖盘
2179,11:22:24,7.32,--,219,160308,卖盘
2180,11:22:21,7.32,--,360,263520,卖盘
2181,11:22:18,7.32,--,318,232776,卖盘
2182,11:22:15,7.32,-0.01,333,243756,卖盘
2183,11:22:12,7.33,0.01,220,161260,买盘
2184,11:22:09,7.32,--,250,183000,卖盘
2185,11:22:06,7.32,--,645,472140,卖盘
2186,11:22:03,7.32,-0.01,15,10980,卖盘
2187,11:22:00,7.33,0.01,198,145134,买盘
2188,11:21:57,7.32,-0.01,18,13176,卖盘
2189,11:21:54,7.33,--,60,43980,买盘
2190,11:21:51,7.33,0.01,1,733,买盘
2191,11:21:48,7.32,--,13,9516,卖盘
2192,11:21:45,7.32,--,13,9516,卖盘
2193,11:21:39,7.32,--,120,87840,卖盘
2194,11:21:36,7.32,-0.01,12,8784,卖盘
2195,11:21:33,7.33,0.01,12,8796,买盘
2196,11:21:30,7.32,--,113,82716,卖盘
2197,11:21:27,7.32,--,13,9516,卖盘
2198,11:21:24,7.32,-0.01,10,7320,卖盘
2199,11:21:21,7.33,0.01,39,28587,买盘
2200,11:21:18,7.32,--,7,5124,卖盘
2201,11:21:15,7.32,--,302,221064,卖盘
2202,11:21:12,7.32,-0.01,355,259860,卖盘
2203,11:21:09,7.33,0.01,37,27121,买盘
2204,11:21:03,7.32,-0.01,24,17568,卖盘
2205,11:21:00,7.33,--,486,356238,买盘
2206,11:20:57,7.33,0.01,71,52043,买盘
2207,11:20:54,7.32,--,14,10248,卖盘
2208,11:20:51,7.32,--,125,91500,卖盘
2209,11:20:48,7.32,-0.01,37,27084,卖盘
2210,11:20:42,7.33,--,58,42514,买盘
2211,11:20:39,7.33,0.01,94,68902,买盘
2212,11:20:33,7.32,--,4,2928,卖盘
2213,11:20:30,7.32,-0.01,18,13176,卖盘
2214,11:20:18,7.33,0.01,138,101154,中性盘
2215,11:20:15,7.32,--,295,215940,卖盘
2216,11:20:09,7.32,--,113,82716,卖盘
2217,11:20:06,7.32,-0.01,334,244488,卖盘
2218,11:20:03,7.33,-0.01,7,5131,卖盘
2219,11:20:00,7.34,--,105,77070,买盘
2220,11:19:57,7.34,--,27,19818,买盘
2221,11:19:54,7.34,0.02,12,8808,买盘
2222,11:19:51,7.32,--,50,36600,卖盘
2223,11:19:45,7.32,-0.02,52,38064,卖盘
2224,11:19:42,7.34,0.02,11,8074,买盘
2225,11:19:39,7.32,--,125,91500,卖盘
2226,11:19:36,7.32,-0.01,58,42456,卖盘
2227,11:19:33,7.33,--,38,27854,卖盘
2228,11:19:24,7.33,-0.01,25,18325,卖盘
2229,11:19:21,7.34,0.01,41,30094,买盘
2230,11:19:15,7.33,--,8,5864,卖盘
2231,11:19:12,7.33,--,25,18325,卖盘
2232,11:19:09,7.33,--,461,337913,卖盘
2233,11:19:06,7.33,--,71,52043,卖盘
2234,11:19:03,7.33,-0.01,125,91625,卖盘
2235,11:19:00,7.34,0.01,62,45508,买盘
2236,11:18:51,7.33,--,8,5864,卖盘
2237,11:18:48,7.33,--,314,230162,卖盘
2238,11:18:45,7.33,-0.01,28,20524,卖盘
2239,11:18:42,7.34,--,30,22020,买盘
2240,11:18:39,7.34,0.01,46,33764,买盘
2241,11:18:36,7.33,--,5,3665,卖盘
2242,11:18:30,7.33,--,5,3665,卖盘
2243,11:18:27,7.33,-0.01,127,93091,卖盘
2244,11:18:24,7.34,0.01,11,8074,买盘
2245,11:18:21,7.33,-0.01,35,25655,卖盘
2246,11:18:18,7.34,0.01,23,16882,买盘
2247,11:18:15,7.33,--,13,9529,卖盘
2248,11:18:09,7.33,--,309,226497,卖盘
2249,11:18:06,7.33,-0.01,591,433203,卖盘
2250,11:18:03,7.34,--,71,52114,买盘
2251,11:18:00,7.34,0.01,35,25690,买盘
2252,11:17:57,7.33,--,17,12461,卖盘
2253,11:17:54,7.33,--,120,87960,卖盘
2254,11:17:48,7.33,-0.01,10,7330,卖盘
2255,11:17:45,7.34,0.01,14,10276,买盘
2256,11:17:42,7.33,-0.01,36,26388,卖盘
2257,11:17:39,7.34,--,3,2202,买盘
2258,11:17:36,7.34,0.01,3,2202,买盘
2259,11:17:33,7.33,-0.01,7,5131,卖盘
2260,11:17:30,7.34,0.01,12,8808,买盘
2261,11:17:27,7.33,--,1,733,卖盘
2262,11:17:24,7.33,-0.01,16,11728,卖盘
2263,11:17:21,7.34,0.01,39,28626,买盘
2264,11:17:18,7.33,--,120,87960,卖盘
2265,11:17:15,7.33,-0.01,100,73300,卖盘
2266,11:17:12,7.34,0.01,25,18350,买盘
2267,11:17:09,7.33,--,6,4398,卖盘
2268,11:17:06,7.33,-0.01,5,3665,卖盘
2269,11:17:00,7.34,0.01,10,7340,买盘
2270,11:16:57,7.33,--,7,5131,卖盘
2271,11:16:54,7.33,-0.01,6,4398,卖盘
2272,11:16:51,7.34,--,306,224604,买盘
2273,11:16:48,7.34,0.01,41,30094,买盘
2274,11:16:45,7.33,--,7,5131,卖盘
2275,11:16:42,7.33,-0.01,6,4398,卖盘
2276,11:16:39,7.34,0.01,142,104228,买盘
2277,11:16:36,7.33,--,14,10262,卖盘
2278,11:16:33,7.33,-0.01,14,10262,卖盘
2279,11:16:30,7.34,0.01,28,20552,买盘
2280,11:16:27,7.33,-0.01,3,2199,卖盘
2281,11:16:24,7.34,0.01,19,13946,买盘
2282,11:16:18,7.33,--,50,36650,卖盘
2283,11:16:15,7.33,-0.01,27,19791,卖盘
2284,11:16:12,7.34,--,8,5872,买盘
2285,11:16:09,7.34,0.01,4,2936,买盘
2286,11:16:06,7.33,--,55,40315,卖盘
2287,11:16:03,7.33,-0.01,113,82829,卖盘
2288,11:16:00,7.34,0.01,66,48444,买盘
2289,11:15:57,7.33,-0.01,31,22723,卖盘
2290,11:15:54,7.34,--,1,734,买盘
2291,11:15:51,7.34,0.01,53,38902,买盘
2292,11:15:45,7.33,-0.01,4,2932,卖盘
2293,11:15:42,7.34,--,31,22754,买盘
2294,11:15:39,7.34,--,150,110100,买盘
2295,11:15:33,7.34,--,12,8808,买盘
2296,11:15:30,7.34,0.01,129,94686,买盘
2297,11:15:27,7.33,--,17,12461,卖盘
2298,11:15:24,7.33,-0.01,4,2932,卖盘
2299,11:15:21,7.34,--,67,49178,买盘
2300,11:15:18,7.34,0.01,27,19818,买盘
2301,11:15:15,7.33,--,7,5131,卖盘
2302,11:15:09,7.33,--,14,10262,卖盘
2303,11:15:06,7.33,-0.01,7,5131,卖盘
2304,11:15:03,7.34,--,2,1468,买盘
2305,11:15:00,7.34,--,1,734,买盘
2306,11:14:57,7.34,0.01,10,7340,买盘
2307,11:14:54,7.33,--,7,5131,卖盘
2308,11:14:51,7.33,-0.01,137,100421,卖盘
2309,11:14:48,7.34,-0.01,5,3670,卖盘
2310,11:14:45,7.35,0.01,26,19110,买盘
2311,11:14:42,7.34,--,38,27892,买盘
2312,11:14:39,7.34,0.01,4,2936,中性盘
2313,11:14:36,7.33,-0.01,100,73300,卖盘
2314,11:14:33,7.34,0.01,11,8074,买盘
2315,11:14:30,7.33,--,14,10262,卖盘
2316,11:14:27,7.33,-0.02,11,8063,卖盘
2317,11:14:24,7.35,0.02,23,16905,买盘
2318,11:14:21,7.33,-0.02,7,5131,卖盘
2319,11:14:18,7.35,0.02,10,7350,买盘
2320,11:14:15,7.33,-0.02,142,104086,卖盘
2321,11:14:12,7.35,0.01,104,76440,买盘
2322,11:14:09,7.34,--,14,10276,卖盘
2323,11:14:06,7.34,0.01,372,273048,买盘
2324,11:14:03,7.33,-0.01,130,95290,卖盘
2325,11:14:00,7.34,0.01,39,28626,买盘
2326,11:13:57,7.33,-0.01,37,27121,卖盘
2327,11:13:54,7.34,--,67,49178,买盘
2328,11:13:51,7.34,--,76,55784,买盘
2329,11:13:48,7.34,--,119,87346,买盘
2330,11:13:45,7.34,--,142,104228,买盘
2331,11:13:42,7.34,0.01,128,93952,买盘
2332,11:13:39,7.33,-0.01,179,131207,卖盘
2333,11:13:36,7.34,--,86,63124,买盘
2334,11:13:33,7.34,--,42,30828,买盘
2335,11:13:30,7.34,0.01,11,8074,买盘
2336,11:13:27,7.33,--,17,12461,卖盘
2337,11:13:24,7.33,--,11,8063,卖盘
2338,11:13:21,7.33,-0.01,10,7330,卖盘
2339,11:13:18,7.34,0.01,40,29360,买盘
2340,11:13:12,7.33,--,50,36650,卖盘
2341,11:13:09,7.33,--,87,63771,卖盘
2342,11:13:06,7.33,-0.01,117,85761,卖盘
2343,11:13:03,7.34,--,161,118174,买盘
2344,11:13:00,7.34,--,3,2202,买盘
2345,11:12:57,7.34,--,13,9542,买盘
2346,11:12:54,7.34,--,15,11010,买盘
2347,11:12:51,7.34,--,144,105696,买盘
2348,11:12:48,7.34,--,11,8074,买盘
2349,11:12:39,7.34,0.01,39,28626,买盘
2350,11:12:36,7.33,--,16,11728,卖盘
2351,11:12:30,7.33,--,50,36650,卖盘
2352,11:12:27,7.33,--,124,90892,卖盘
2353,11:12:21,7.33,-0.01,16,11728,卖盘
2354,11:12:18,7.34,--,22,16148,买盘
2355,11:12:15,7.34,0.01,2,1468,买盘
2356,11:12:12,7.33,-0.01,9,6597,卖盘
2357,11:12:09,7.34,0.01,69,50646,买盘
2358,11:12:06,7.33,--,7,5131,卖盘
2359,11:12:03,7.33,-0.01,6,4398,卖盘
2360,11:12:00,7.34,--,59,43306,卖盘
2361,11:11:57,7.34,0.01,2,1468,卖盘
2362,11:11:54,7.33,--,7,5131,卖盘
2363,11:11:51,7.33,-0.02,129,94557,卖盘
2364,11:11:48,7.35,0.02,20,14700,买盘
2365,11:11:45,7.33,--,36,26388,卖盘
2366,11:11:42,7.33,-0.01,7,5131,卖盘
2367,11:11:39,7.34,0.01,10,7340,买盘
2368,11:11:36,7.33,-0.01,3,2199,卖盘
2369,11:11:33,7.34,0.01,9,6606,买盘
2370,11:11:30,7.33,--,15,10995,卖盘
2371,11:11:21,7.33,-0.01,7,5131,卖盘
2372,11:11:18,7.34,0.01,34,24956,买盘
2373,11:11:15,7.33,-0.01,129,94557,卖盘
2374,11:11:12,7.34,0.01,1,734,买盘
2375,11:11:09,7.33,--,8,5864,卖盘
2376,11:11:06,7.33,-0.01,4,2932,卖盘
2377,11:11:03,7.34,0.01,16,11744,买盘
2378,11:11:00,7.33,-0.01,7,5131,卖盘
2379,11:10:57,7.34,--,184,135056,买盘
2380,11:10:54,7.34,0.01,154,113036,买盘
2381,11:10:48,7.33,-0.01,6,4398,卖盘
2382,11:10:42,7.34,-0.01,19,13946,买盘
2383,11:10:39,7.35,0.01,253,185955,买盘
2384,11:10:36,7.34,-0.01,11,8074,卖盘
2385,11:10:30,7.35,0.01,11,8085,买盘
2386,11:10:27,7.34,--,8,5872,卖盘
2387,11:10:24,7.34,--,40,29360,卖盘
2388,11:10:18,7.34,--,4,2936,卖盘
2389,11:10:15,7.34,-0.01,7,5138,卖盘
2390,11:10:09,7.35,--,10,7350,买盘
2391,11:10:06,7.35,0.02,1,735,买盘
2392,11:10:03,7.33,-0.02,125,91625,卖盘
2393,11:10:00,7.35,0.02,27,19845,买盘
2394,11:09:57,7.33,-0.01,92,67436,卖盘
2395,11:09:54,7.34,--,95,69730,买盘
2396,11:09:51,7.34,--,80,58720,卖盘
2397,11:09:48,7.34,--,15,11010,买盘
2398,11:09:45,7.34,0.01,20,14680,买盘
2399,11:09:42,7.33,--,7,5131,卖盘
2400,11:09:39,7.33,--,120,87960,卖盘
2401,11:09:36,7.33,-0.01,16,11728,卖盘
2402,11:09:33,7.34,0.01,1,734,买盘
2403,11:09:30,7.33,--,6,4398,卖盘
2404,11:09:27,7.33,-0.01,130,95290,卖盘
2405,11:09:18,7.34,-0.01,36,26424,买盘
2406,11:09:15,7.35,0.01,12,8820,买盘
2407,11:09:12,7.34,0.01,5,3670,买盘
2408,11:09:09,7.33,--,7,5131,卖盘
2409,11:09:06,7.33,-0.01,24,17592,卖盘
2410,11:09:03,7.34,--,32,23488,买盘
2411,11:09:00,7.34,0.01,1,734,买盘
2412,11:08:57,7.33,--,12,8796,卖盘
2413,11:08:54,7.33,--,17,12461,卖盘
2414,11:08:51,7.33,-0.01,113,82829,卖盘
2415,11:08:48,7.34,0.01,180,132120,买盘
2416,11:08:45,7.33,-0.01,17,12461,卖盘
2417,11:08:39,7.34,0.01,37,27158,买盘
2418,11:08:33,7.33,-0.01,8,5864,卖盘
2419,11:08:30,7.34,0.01,11,8074,买盘
2420,11:08:24,7.33,-0.01,6,4398,卖盘
2421,11:08:21,7.34,0.01,15,11010,买盘
2422,11:08:18,7.33,--,5,3665,卖盘
2423,11:08:15,7.33,--,113,82829,卖盘
2424,11:08:12,7.33,--,7,5131,卖盘
2425,11:08:09,7.33,-0.01,2,1466,卖盘
2426,11:08:06,7.34,0.01,10,7340,买盘
2427,11:08:03,7.33,--,66,48378,卖盘
2428,11:08:00,7.33,--,44,32252,卖盘
2429,11:07:57,7.33,-0.01,18,13194,卖盘
2430,11:07:54,7.34,0.01,73,53582,买盘
2431,11:07:51,7.33,--,8,5864,卖盘
2432,11:07:48,7.33,--,5,3665,卖盘
2433,11:07:45,7.33,-0.01,11,8063,卖盘
2434,11:07:42,7.34,--,48,35232,卖盘
2435,11:07:39,7.34,--,32,23488,卖盘
2436,11:07:36,7.34,--,125,91750,卖盘
2437,11:07:33,7.34,--,11,8074,卖盘
2438,11:07:27,7.34,-0.01,11,8074,卖盘
2439,11:07:24,7.35,--,11,8085,买盘
2440,11:07:21,7.35,--,7,5145,买盘
2441,11:07:18,7.35,0.01,40,29400,买盘
2442,11:07:15,7.34,--,4,2936,卖盘
2443,11:07:12,7.34,0.01,4,2936,卖盘
2444,11:07:06,7.33,--,7,5131,卖盘
2445,11:07:03,7.33,-0.02,16,11728,卖盘
2446,11:07:00,7.35,0.02,118,86730,买盘
2447,11:06:57,7.33,--,12,8796,卖盘
2448,11:06:54,7.33,-0.02,45,32985,卖盘
2449,11:06:51,7.35,0.01,52,38220,买盘
2450,11:06:48,7.34,0.01,5,3670,买盘
2451,11:06:42,7.33,-0.02,12,8796,卖盘
2452,11:06:39,7.35,--,40,29400,买盘
2453,11:06:36,7.35,0.02,1,735,买盘
2454,11:06:30,7.33,-0.02,7,5131,卖盘
2455,11:06:27,7.35,0.02,133,97755,买盘
2456,11:06:24,7.33,--,54,39582,卖盘
2457,11:06:21,7.33,--,14,10262,卖盘
2458,11:06:18,7.33,-0.02,283,207439,卖盘
2459,11:06:15,7.35,0.02,10,7350,买盘
2460,11:06:12,7.33,-0.01,30,21990,卖盘
2461,11:06:09,7.34,-0.01,18,13212,卖盘
2462,11:06:06,7.35,--,34,24990,买盘
2463,11:06:03,7.35,--,2,1470,买盘
2464,11:06:00,7.35,0.01,51,37485,买盘
2465,11:05:57,7.34,--,117,85878,买盘
2466,11:05:54,7.34,0.01,54,39636,买盘
2467,11:05:51,7.33,-0.01,122,89426,卖盘
2468,11:05:48,7.34,0.01,25,18350,买盘
2469,11:05:45,7.33,-0.01,32,23456,卖盘
2470,11:05:42,7.34,0.01,2,1468,买盘
2471,11:05:36,7.33,-0.01,7,5131,卖盘
2472,11:05:33,7.34,0.01,17,12478,买盘
2473,11:05:30,7.33,-0.02,4,2932,卖盘
2474,11:05:27,7.35,0.01,33,24255,买盘
2475,11:05:24,7.34,-0.01,20,14680,卖盘
2476,11:05:21,7.35,--,11,8085,买盘
2477,11:05:18,7.35,--,29,21315,买盘
2478,11:05:15,7.35,0.01,124,91140,买盘
2479,11:05:12,7.34,--,13,9542,卖盘
2480,11:05:09,7.34,--,1,734,卖盘
2481,11:05:06,7.34,--,16,11744,卖盘
2482,11:05:03,7.34,--,100,73400,卖盘
2483,11:05:00,7.34,--,5,3670,卖盘
2484,11:04:57,7.34,--,105,77070,卖盘
2485,11:04:51,7.34,-0.01,7,5138,卖盘
2486,11:04:48,7.35,--,21,15435,买盘
2487,11:04:45,7.35,0.01,31,22785,买盘
2488,11:04:39,7.34,--,46,33764,卖盘
2489,11:04:36,7.34,--,117,85878,卖盘
2490,11:04:30,7.34,-0.01,7,5138,卖盘
2491,11:04:27,7.35,0.01,10,7350,买盘
2492,11:04:24,7.34,--,4,2936,卖盘
2493,11:04:21,7.34,-0.01,6,4404,卖盘
2494,11:04:18,7.35,0.01,19,13965,买盘
2495,11:04:12,7.34,--,100,73400,卖盘
2496,11:04:06,7.34,-0.01,11,8074,卖盘
2497,11:04:03,7.35,--,17,12495,买盘
2498,11:04:00,7.35,--,145,106575,买盘
2499,11:03:57,7.35,--,15,11025,买盘
2500,11:03:54,7.35,0.01,137,100695,买盘
2501,11:03:51,7.34,--,4,2936,卖盘
2502,11:03:45,7.34,--,6,4404,卖盘
2503,11:03:33,7.34,--,8,5872,卖盘
2504,11:03:30,7.34,--,4,2936,卖盘
2505,11:03:27,7.34,--,12,8808,卖盘
2506,11:03:24,7.34,--,165,121110,卖盘
2507,11:03:21,7.34,-0.01,102,74868,卖盘
2508,11:03:18,7.35,0.01,29,21315,买盘
2509,11:03:15,7.34,-0.01,5,3670,卖盘
2510,11:03:12,7.35,--,16,11760,买盘
2511,11:03:06,7.35,--,1,735,买盘
2512,11:03:00,7.35,0.01,12,8820,买盘
2513,11:02:57,7.34,--,1,734,卖盘
2514,11:02:54,7.34,--,2,1468,卖盘
2515,11:02:48,7.34,--,120,88080,卖盘
2516,11:02:45,7.34,--,25,18350,卖盘
2517,11:02:42,7.34,-0.02,4,2936,卖盘
2518,11:02:39,7.36,0.02,36,26496,买盘
2519,11:02:27,7.34,--,6,4404,卖盘
2520,11:02:21,7.34,--,4,2936,卖盘
2521,11:02:15,7.34,--,7,5138,卖盘
2522,11:02:12,7.34,-0.01,124,91016,卖盘
2523,11:02:09,7.35,--,7,5145,卖盘
2524,11:02:06,7.35,--,295,216825,卖盘
2525,11:02:00,7.35,--,33,24255,卖盘
2526,11:01:57,7.35,--,1,735,卖盘
2527,11:01:54,7.35,--,16,11760,卖盘
2528,11:01:48,7.35,--,24,17640,卖盘
2529,11:01:42,7.35,--,7,5145,卖盘
2530,11:01:36,7.35,--,112,82320,卖盘
2531,11:01:33,7.35,--,7,5145,卖盘
2532,11:01:30,7.35,--,5,3675,卖盘
2533,11:01:24,7.35,--,25,18375,卖盘
2534,11:01:21,7.35,--,7,5145,卖盘
2535,11:01:18,7.35,--,40,29400,卖盘
2536,11:01:15,7.35,--,18,13230,卖盘
2537,11:01:12,7.35,0.01,363,266805,买盘
2538,11:01:09,7.34,-0.01,7,5138,卖盘
2539,11:01:00,7.35,0.01,114,83790,买盘
2540,11:00:57,7.34,-0.01,352,258368,卖盘
2541,11:00:54,7.35,0.01,607,446145,买盘
2542,11:00:51,7.34,--,104,76336,卖盘
2543,11:00:48,7.34,--,14,10276,卖盘
2544,11:00:45,7.34,--,1,734,卖盘
2545,11:00:42,7.34,-0.01,4,2936,卖盘
2546,11:00:39,7.35,0.01,8,5880,买盘
2547,11:00:36,7.34,-0.01,12,8808,卖盘
2548,11:00:27,7.35,0.01,11,8085,买盘
2549,11:00:24,7.34,--,120,88080,卖盘
2550,11:00:21,7.34,-0.01,15,11010,卖盘
2551,11:00:18,7.35,0.01,11,8085,买盘
2552,11:00:15,7.34,-0.01,8,5872,卖盘
2553,11:00:06,7.35,0.01,36,26460,买盘
2554,11:00:03,7.34,-0.01,13,9542,卖盘
2555,11:00:00,7.35,--,35,25725,买盘
2556,10:59:57,7.35,--,140,102900,买盘
2557,10:59:54,7.35,0.01,10,7350,买盘
2558,10:59:51,7.34,-0.01,12,8808,卖盘
2559,10:59:48,7.35,0.01,7,5145,买盘
2560,10:59:45,7.34,-0.01,112,82208,卖盘
2561,10:59:42,7.35,0.01,12,8820,买盘
2562,10:59:39,7.34,-0.01,7,5138,卖盘
2563,10:59:33,7.35,0.01,25,18375,买盘
2564,10:59:30,7.34,-0.01,38,27892,卖盘
2565,10:59:27,7.35,--,58,42630,买盘
2566,10:59:21,7.35,0.01,42,30870,买盘
2567,10:59:18,7.34,-0.01,12,8808,卖盘
2568,10:59:12,7.35,0.01,8,5880,买盘
2569,10:59:09,7.34,--,124,91016,卖盘
2570,10:59:06,7.34,-0.01,21,15414,卖盘
2571,10:59:00,7.35,0.01,66,48510,买盘
2572,10:58:57,7.34,-0.01,13,9542,卖盘
2573,10:58:48,7.35,0.01,37,27195,买盘
2574,10:58:45,7.34,-0.01,8,5872,卖盘
2575,10:58:42,7.35,--,11,8085,买盘
2576,10:58:39,7.35,0.01,32,23520,买盘
2577,10:58:36,7.34,--,4,2936,卖盘
2578,10:58:33,7.34,--,120,88080,卖盘
2579,10:58:27,7.34,--,16,11744,卖盘
2580,10:58:21,7.34,--,7,5138,卖盘
2581,10:58:18,7.34,-0.01,13,9542,卖盘
2582,10:58:12,7.35,--,10,7350,买盘
2583,10:58:09,7.35,0.01,6,4410,买盘
2584,10:58:06,7.34,-0.01,45,33030,卖盘
2585,10:58:03,7.35,--,20,14700,买盘
2586,10:58:00,7.35,--,121,88935,买盘
2587,10:57:57,7.35,--,5,3675,买盘
2588,10:57:54,7.35,0.01,40,29400,买盘
2589,10:57:51,7.34,--,5,3670,卖盘
2590,10:57:48,7.34,--,9,6606,卖盘
2591,10:57:45,7.34,-0.01,1,734,卖盘
2592,10:57:42,7.35,--,11,8085,买盘
2593,10:57:39,7.35,--,27,19845,买盘
2594,10:57:36,7.35,0.01,139,102165,买盘
2595,10:57:33,7.34,-0.01,4,2936,卖盘
2596,10:57:30,7.35,0.01,30,22050,买盘
2597,10:57:27,7.34,--,20,14680,卖盘
2598,10:57:24,7.34,-0.01,117,85878,卖盘
2599,10:57:21,7.35,--,11,8085,买盘
2600,10:57:15,7.35,--,14,10290,买盘
2601,10:57:09,7.35,0.01,12,8820,买盘
2602,10:57:06,7.34,-0.01,7,5138,卖盘
2603,10:57:03,7.35,0.01,1,735,买盘
2604,10:57:00,7.34,--,5,3670,卖盘
2605,10:56:57,7.34,--,17,12478,卖盘
2606,10:56:54,7.34,-0.01,32,23488,卖盘
2607,10:56:45,7.35,0.01,167,122745,买盘
2608,10:56:42,7.34,--,7,5138,卖盘
2609,10:56:39,7.34,-0.01,100,73400,卖盘
2610,10:56:36,7.35,0.01,11,8085,买盘
2611,10:56:33,7.34,--,7,5138,卖盘
2612,10:56:30,7.34,-0.01,32,23488,卖盘
2613,10:56:27,7.35,--,12,8820,买盘
2614,10:56:21,7.35,--,36,26460,买盘
2615,10:56:18,7.35,--,55,40425,买盘
2616,10:56:15,7.35,0.01,39,28665,买盘
2617,10:56:09,7.34,-0.01,124,91016,卖盘
2618,10:56:06,7.35,--,20,14700,买盘
2619,10:56:03,7.35,0.01,20,14700,买盘
2620,10:56:00,7.34,-0.01,7,5138,卖盘
2621,10:55:54,7.35,0.01,71,52185,买盘
2622,10:55:51,7.34,--,140,102760,卖盘
2623,10:55:48,7.34,-0.01,12,8808,卖盘
2624,10:55:45,7.35,--,56,41160,买盘
2625,10:55:42,7.35,--,11,8085,买盘
2626,10:55:39,7.35,0.01,3,2205,买盘
2627,10:55:36,7.34,-0.01,11,8074,卖盘
2628,10:55:33,7.35,0.01,424,311640,买盘
2629,10:55:30,7.34,-0.01,7,5138,卖盘
2630,10:55:27,7.35,0.01,18,13230,买盘
2631,10:55:24,7.34,--,290,212860,卖盘
2632,10:55:21,7.34,-0.01,4,2936,卖盘
2633,10:55:18,7.35,0.01,65,47775,买盘
2634,10:55:15,7.34,-0.01,7,5138,卖盘
2635,10:55:12,7.35,--,10,7350,买盘
2636,10:55:09,7.35,0.01,45,33075,买盘
2637,10:55:06,7.34,--,1,734,卖盘
2638,10:55:03,7.34,-0.01,7,5138,卖盘
2639,10:55:00,7.35,0.01,47,34545,买盘
2640,10:54:57,7.34,-0.01,123,90282,卖盘
2641,10:54:54,7.35,0.01,2,1470,买盘
2642,10:54:51,7.34,-0.01,17,12478,卖盘
2643,10:54:48,7.35,0.01,12,8820,买盘
2644,10:54:45,7.34,-0.01,5,3670,卖盘
2645,10:54:42,7.35,0.01,8,5880,买盘
2646,10:54:39,7.34,-0.01,7,5138,卖盘
2647,10:54:36,7.35,0.01,43,31605,买盘
2648,10:54:30,7.34,-0.01,7,5138,卖盘
2649,10:54:27,7.35,--,56,41160,买盘
2650,10:54:24,7.35,--,11,8085,买盘
2651,10:54:21,7.35,0.01,129,94815,买盘
2652,10:54:18,7.34,-0.01,7,5138,卖盘
2653,10:54:15,7.35,--,53,38955,买盘
2654,10:54:09,7.35,0.01,15,11025,买盘
2655,10:54:06,7.34,-0.01,10,7340,卖盘
2656,10:54:03,7.35,--,42,30870,买盘
2657,10:54:00,7.35,--,1,735,买盘
2658,10:53:57,7.35,--,38,27930,买盘
2659,10:53:54,7.35,0.01,11,8085,买盘
2660,10:53:51,7.34,--,4,2936,卖盘
2661,10:53:48,7.34,--,6,4404,卖盘
2662,10:53:45,7.34,--,121,88814,卖盘
2663,10:53:39,7.34,-0.01,59,43306,卖盘
2664,10:53:36,7.35,0.01,22,16170,买盘
2665,10:53:33,7.34,-0.01,22,16148,卖盘
2666,10:53:30,7.35,0.01,11,8085,买盘
2667,10:53:24,7.34,-0.01,7,5138,卖盘
2668,10:53:21,7.35,0.01,2,1470,买盘
2669,10:53:18,7.34,-0.01,5,3670,卖盘
2670,10:53:15,7.35,--,48,35280,买盘
2671,10:53:12,7.35,0.01,15,11025,买盘
2672,10:53:09,7.34,--,155,113770,卖盘
2673,10:53:06,7.34,--,130,95420,卖盘
2674,10:53:03,7.34,--,4,2936,卖盘
2675,10:53:00,7.34,--,7,5138,卖盘
2676,10:52:57,7.34,--,62,45508,卖盘
2677,10:52:54,7.34,--,26,19084,卖盘
2678,10:52:51,7.34,--,1,734,卖盘
2679,10:52:48,7.34,-0.01,7,5138,卖盘
2680,10:52:45,7.35,0.01,11,8085,买盘
2681,10:52:42,7.34,--,4,2936,卖盘
2682,10:52:39,7.34,-0.01,6,4404,卖盘
2683,10:52:33,7.35,0.01,158,116130,买盘
2684,10:52:30,7.34,--,4,2936,卖盘
2685,10:52:27,7.34,-0.01,13,9542,卖盘
2686,10:52:24,7.35,--,1,735,买盘
2687,10:52:21,7.35,0.01,10,7350,买盘
2688,10:52:18,7.34,--,8,5872,卖盘
2689,10:52:15,7.34,-0.01,15,11010,卖盘
2690,10:52:12,7.35,0.01,30,22050,买盘
2691,10:52:06,7.34,-0.01,6,4404,卖盘
2692,10:52:00,7.35,0.01,21,15435,买盘
2693,10:51:57,7.34,--,113,82942,卖盘
2694,10:51:54,7.34,-0.01,43,31562,卖盘
2695,10:51:48,7.35,--,11,8114,买盘
2696,10:51:45,7.35,0.01,29,21315,买盘
2697,10:51:42,7.34,-0.01,20,14680,卖盘
2698,10:51:39,7.35,--,12,8820,买盘
2699,10:51:36,7.35,0.01,8,5880,买盘
2700,10:51:33,7.34,-0.01,7,5138,卖盘
2701,10:51:27,7.35,--,11,8085,买盘
2702,10:51:24,7.35,0.01,5,3675,买盘
2703,10:51:21,7.34,--,103,75602,卖盘
2704,10:51:18,7.34,-0.01,129,94686,卖盘
2705,10:51:15,7.35,0.01,11,8085,买盘
2706,10:51:12,7.34,--,30,22020,卖盘
2707,10:51:09,7.34,--,10,7340,卖盘
2708,10:51:06,7.34,-0.01,38,27892,卖盘
2709,10:51:03,7.35,--,2,1470,买盘
2710,10:51:00,7.35,--,289,212415,买盘
2711,10:50:57,7.35,--,40,29400,买盘
2712,10:50:54,7.35,--,22,16170,买盘
2713,10:50:51,7.35,--,27,19845,买盘
2714,10:50:48,7.35,--,24,17640,买盘
2715,10:50:45,7.35,0.01,157,115395,买盘
2716,10:50:42,7.34,--,134,98356,卖盘
2717,10:50:36,7.34,-0.01,21,15414,卖盘
2718,10:50:33,7.35,0.01,1,735,买盘
2719,10:50:30,7.34,--,38,27892,卖盘
2720,10:50:27,7.34,-0.01,11,8074,卖盘
2721,10:50:24,7.35,--,55,40425,买盘
2722,10:50:21,7.35,0.01,12,8820,买盘
2723,10:50:15,7.34,--,27,19818,卖盘
2724,10:50:12,7.34,-0.01,9,6606,卖盘
2725,10:50:09,7.35,--,126,92610,买盘
2726,10:50:06,7.35,0.01,50,36750,买盘
2727,10:50:03,7.34,-0.01,41,30094,卖盘
2728,10:50:00,7.35,--,2,1470,买盘
2729,10:49:57,7.35,--,21,15435,买盘
2730,10:49:54,7.35,0.01,27,19845,买盘
2731,10:49:51,7.34,-0.01,11,8074,卖盘
2732,10:49:48,7.35,--,14,10290,买盘
2733,10:49:42,7.35,--,9,6615,买盘
2734,10:49:36,7.35,0.01,15,11025,买盘
2735,10:49:33,7.34,--,113,82942,卖盘
2736,10:49:30,7.34,--,46,33764,卖盘
2737,10:49:27,7.34,-0.01,81,59454,卖盘
2738,10:49:24,7.35,0.01,5,3675,买盘
2739,10:49:21,7.34,--,4,2936,卖盘
2740,10:49:18,7.34,-0.01,135,99090,卖盘
2741,10:49:15,7.35,--,11,8085,买盘
2742,10:49:12,7.35,0.01,42,30870,买盘
2743,10:49:09,7.34,--,8,5872,卖盘
2744,10:49:06,7.34,-0.01,4,2936,卖盘
2745,10:49:03,7.35,--,24,17640,买盘
2746,10:49:00,7.35,--,1,735,买盘
2747,10:48:57,7.35,--,126,92610,买盘
2748,10:48:51,7.35,0.01,15,11025,买盘
2749,10:48:48,7.34,--,5,3670,卖盘
2750,10:48:45,7.34,-0.01,29,21286,卖盘
2751,10:48:42,7.35,0.01,68,49980,买盘
2752,10:48:36,7.34,-0.01,12,8808,卖盘
2753,10:48:33,7.35,--,91,66885,买盘
2754,10:48:30,7.35,--,16,11760,买盘
2755,10:48:27,7.35,0.01,2,1470,买盘
2756,10:48:24,7.34,--,18,13212,卖盘
2757,10:48:21,7.34,--,5,3670,卖盘
2758,10:48:18,7.34,--,112,82208,卖盘
2759,10:48:15,7.34,--,61,44774,卖盘
2760,10:48:12,7.34,--,37,27158,卖盘
2761,10:48:06,7.34,-0.01,1,734,卖盘
2762,10:48:03,7.35,--,46,33810,买盘
2763,10:48:00,7.35,--,22,16170,买盘
2764,10:47:57,7.35,0.01,5,3675,买盘
2765,10:47:54,7.34,--,6,4404,卖盘
2766,10:47:51,7.34,-0.01,294,215796,卖盘
2767,10:47:48,7.35,--,10,7350,买盘
2768,10:47:45,7.35,0.01,1,735,买盘
2769,10:47:42,7.34,--,113,82942,卖盘
2770,10:47:39,7.34,--,23,16882,卖盘
2771,10:47:36,7.34,-0.01,4,2936,卖盘
2772,10:47:30,7.35,0.01,101,74235,买盘
2773,10:47:27,7.34,-0.01,7,5138,卖盘
2774,10:47:24,7.35,--,10,7350,买盘
2775,10:47:21,7.35,0.01,6,4410,买盘
2776,10:47:18,7.34,--,18,13212,卖盘
2777,10:47:15,7.34,--,1000,734000,卖盘
2778,10:47:12,7.34,-0.01,175,128450,卖盘
2779,10:47:09,7.35,--,100,73500,买盘
2780,10:47:06,7.35,--,127,93345,买盘
2781,10:47:03,7.35,0.01,12,8820,买盘
2782,10:47:00,7.34,-0.01,4,2936,卖盘
2783,10:46:57,7.35,0.01,32,23520,买盘
2784,10:46:54,7.34,-0.01,18,13212,卖盘
2785,10:46:51,7.35,0.01,3,2205,买盘
2786,10:46:45,7.34,-0.01,13,9542,卖盘
2787,10:46:39,7.35,--,14,10290,买盘
2788,10:46:36,7.35,0.01,2,1470,买盘
2789,10:46:33,7.34,-0.01,17,12478,卖盘
2790,10:46:30,7.35,0.01,137,100695,买盘
2791,10:46:27,7.34,--,1077,790518,卖盘
2792,10:46:24,7.34,--,154,113036,卖盘
2793,10:46:21,7.34,--,46,33764,卖盘
2794,10:46:18,7.34,-0.01,131,96154,卖盘
2795,10:46:15,7.35,0.01,1,735,买盘
2796,10:46:12,7.34,--,12,8808,卖盘
2797,10:46:06,7.34,-0.01,13,9542,卖盘
2798,10:46:00,7.35,--,7,5145,买盘
2799,10:45:57,7.35,0.01,15,11025,买盘
2800,10:45:54,7.34,-0.01,112,82208,卖盘
2801,10:45:51,7.35,0.01,3,2205,买盘
2802,10:45:48,7.34,--,53,38902,卖盘
2803,10:45:45,7.34,-0.01,15,11010,卖盘
2804,10:45:39,7.35,0.01,31,22785,买盘
2805,10:45:36,7.34,-0.01,13,9542,卖盘
2806,10:45:33,7.35,0.01,11,8085,买盘
2807,10:45:30,7.34,-0.01,3,2202,卖盘
2808,10:45:27,7.35,0.01,118,86730,买盘
2809,10:45:24,7.34,--,43,31562,卖盘
2810,10:45:21,7.34,--,5,3670,卖盘
2811,10:45:18,7.34,-0.01,114,83676,卖盘
2812,10:45:15,7.35,0.01,35,25725,买盘
2813,10:45:12,7.34,-0.01,4,2936,卖盘
2814,10:45:09,7.35,0.01,6,4410,买盘
2815,10:45:06,7.34,--,5,3670,卖盘
2816,10:45:03,7.34,-0.01,49,35966,卖盘
2817,10:45:00,7.35,--,6,4410,买盘
2818,10:44:57,7.35,0.01,17,12495,买盘
2819,10:44:54,7.34,-0.01,8,5872,卖盘
2820,10:44:51,7.35,--,15,11025,买盘
2821,10:44:48,7.35,--,31,22785,买盘
2822,10:44:45,7.35,0.01,72,52920,买盘
2823,10:44:42,7.34,-0.01,7,5138,卖盘
2824,10:44:39,7.35,0.01,11,8085,买盘
2825,10:44:36,7.34,-0.01,3,2202,卖盘
2826,10:44:33,7.35,0.01,15,11025,买盘
2827,10:44:30,7.34,--,17,12478,卖盘
2828,10:44:21,7.34,-0.01,62,45508,卖盘
2829,10:44:18,7.35,0.01,93,68355,买盘
2830,10:44:12,7.34,-0.01,19,13946,卖盘
2831,10:44:09,7.35,--,53,38955,买盘
2832,10:44:06,7.35,--,52,38220,买盘
2833,10:44:03,7.35,--,40,29400,买盘
2834,10:44:00,7.35,0.01,60,44100,买盘
2835,10:43:57,7.34,-0.01,32,23488,卖盘
2836,10:43:54,7.35,--,32,23520,买盘
2837,10:43:51,7.35,0.01,52,38220,买盘
2838,10:43:48,7.34,-0.01,7,5138,卖盘
2839,10:43:42,7.35,--,15,11025,买盘
2840,10:43:39,7.35,0.01,1,735,买盘
2841,10:43:36,7.34,-0.01,47,34498,卖盘
2842,10:43:33,7.35,--,15,11025,买盘
2843,10:43:30,7.35,0.01,113,83055,买盘
2844,10:43:24,7.34,--,21,15414,卖盘
2845,10:43:21,7.34,0.01,268,196712,买盘
2846,10:43:18,7.33,-0.01,5,3665,卖盘
2847,10:43:15,7.34,--,133,97622,买盘
2848,10:43:12,7.34,--,11,8074,买盘
2849,10:43:09,7.34,--,10,7340,买盘
2850,10:43:06,7.34,--,45,33030,卖盘
2851,10:43:03,7.34,-0.01,9,6606,卖盘
2852,10:43:00,7.35,0.01,12,8820,买盘
2853,10:42:54,7.34,-0.01,2,1468,卖盘
2854,10:42:51,7.35,--,20,14700,买盘
2855,10:42:48,7.35,0.01,19,13965,买盘
2856,10:42:45,7.34,--,1,734,卖盘
2857,10:42:42,7.34,-0.01,111,81474,卖盘
2858,10:42:39,7.35,--,38,27930,买盘
2859,10:42:36,7.35,0.01,4,2940,买盘
2860,10:42:30,7.34,--,59,43306,买盘
2861,10:42:27,7.34,--,93,68262,买盘
2862,10:42:21,7.34,--,16,11744,买盘
2863,10:42:18,7.34,-0.01,143,104962,卖盘
2864,10:42:15,7.35,0.01,16,11760,买盘
2865,10:42:12,7.34,-0.01,4,2936,卖盘
2866,10:42:09,7.35,--,9,6615,买盘
2867,10:42:06,7.35,0.01,15,11025,买盘
2868,10:42:03,7.34,-0.01,24,17616,卖盘
2869,10:42:00,7.35,0.02,6,4410,买盘
2870,10:41:57,7.33,-0.02,7,5131,卖盘
2871,10:41:54,7.35,0.01,40,29400,买盘
2872,10:41:51,7.34,--,3,2202,买盘
2873,10:41:45,7.34,0.01,12,8808,买盘
2874,10:41:42,7.33,-0.01,4,2932,卖盘
2875,10:41:36,7.34,--,13,9542,卖盘
2876,10:41:33,7.34,--,10,7340,卖盘
2877,10:41:30,7.34,--,36,26424,卖盘
2878,10:41:24,7.34,-0.01,8,5872,卖盘
2879,10:41:21,7.35,0.01,8,5880,买盘
2880,10:41:18,7.34,--,127,93218,买盘
2881,10:41:12,7.34,--,66,48444,买盘
2882,10:41:09,7.34,--,823,604082,卖盘
2883,10:41:06,7.34,-0.01,5,3670,卖盘
2884,10:41:03,7.35,0.01,8,5880,买盘
2885,10:41:00,7.34,--,6,4404,卖盘
2886,10:40:57,7.34,-0.01,160,117440,卖盘
2887,10:40:51,7.35,0.01,10,7350,买盘
2888,10:40:48,7.34,--,13,9542,卖盘
2889,10:40:45,7.34,--,4,2936,卖盘
2890,10:40:39,7.34,--,62,45508,卖盘
2891,10:40:36,7.34,--,3,2202,卖盘
2892,10:40:33,7.34,--,8,5872,卖盘
2893,10:40:27,7.34,-0.01,18,13212,卖盘
2894,10:40:21,7.35,--,26,19110,买盘
2895,10:40:18,7.35,--,108,79380,买盘
2896,10:40:15,7.35,--,1,735,买盘
2897,10:40:12,7.35,0.01,6,4410,买盘
2898,10:40:09,7.34,--,30,22020,卖盘
2899,10:40:06,7.34,-0.01,8,5872,卖盘
2900,10:40:03,7.35,0.01,44,32340,买盘
2901,10:40:00,7.34,--,1401,1028334,卖盘
2902,10:39:57,7.34,-0.01,20,14680,卖盘
