,time,price,change,volume,amount,type
0,15:00:03,11.55,-0.01,1037,1197735,卖盘
1,14:57:00,11.56,--,20,23120,买盘
2,14:56:57,11.56,0.01,31,35836,买盘
3,14:56:54,11.55,-0.01,10,11550,卖盘
4,14:56:51,11.56,0.01,100,115600,买盘
5,14:56:48,11.55,--,2,2310,卖盘
6,14:56:39,11.55,--,7,8085,卖盘
7,14:56:36,11.55,-0.01,39,45045,卖盘
8,14:56:33,11.56,0.01,27,31212,买盘
9,14:56:30,11.55,--,74,85470,卖盘
10,14:56:24,11.55,--,112,129360,卖盘
11,14:56:21,11.55,-0.01,10,11550,卖盘
12,14:56:18,11.56,0.01,60,69360,买盘
13,14:56:15,11.55,--,2,2310,卖盘
14,14:56:06,11.55,-0.01,2,2310,卖盘
15,14:56:03,11.56,0.01,44,50864,买盘
16,14:55:48,11.55,--,13,15015,卖盘
17,14:55:45,11.55,--,1,1155,卖盘
18,14:55:42,11.55,-0.01,123,142065,卖盘
19,14:55:39,11.56,0.01,31,35836,买盘
20,14:55:36,11.55,--,2,2310,卖盘
21,14:55:33,11.55,--,34,39270,卖盘
22,14:55:30,11.55,0.01,5,5775,中性盘
23,14:55:24,11.54,-0.01,37,42698,卖盘
24,14:55:18,11.55,--,10,11550,卖盘
25,14:55:15,11.55,--,150,173769,买盘
26,14:55:06,11.55,0.01,8,9240,买盘
27,14:55:03,11.54,-0.01,3,3461,卖盘
28,14:55:00,11.55,0.01,2,2310,买盘
29,14:54:54,11.54,--,10,11540,卖盘
30,14:54:51,11.54,-0.01,157,181178,卖盘
31,14:54:48,11.55,0.01,30,34650,买盘
32,14:54:45,11.54,-0.01,59,68086,卖盘
33,14:54:42,11.55,0.01,58,66990,买盘
34,14:54:36,11.54,--,66,76164,卖盘
35,14:54:27,11.54,-0.01,28,32311,卖盘
36,14:54:21,11.55,--,30,34650,买盘
37,14:54:18,11.55,--,521,601755,卖盘
38,14:54:15,11.55,--,116,133980,卖盘
39,14:54:09,11.55,--,37,42735,卖盘
40,14:53:57,11.55,--,13,15015,卖盘
41,14:53:54,11.55,-0.01,10,11550,卖盘
42,14:53:51,11.56,0.01,20,23120,买盘
43,14:53:45,11.55,-0.01,4,4620,卖盘
44,14:53:42,11.56,0.01,30,34680,买盘
45,14:53:36,11.55,--,10,11550,卖盘
46,14:53:33,11.55,--,5,5775,卖盘
47,14:53:27,11.55,--,14,16170,卖盘
48,14:53:24,11.55,-0.01,3,3465,卖盘
49,14:53:21,11.56,--,12,13872,买盘
50,14:53:09,11.56,0.01,22,25432,买盘
51,14:53:03,11.55,--,10,11550,卖盘
52,14:53:00,11.55,--,1,1155,卖盘
53,14:52:57,11.55,--,139,160545,卖盘
54,14:52:48,11.55,--,5,5775,卖盘
55,14:52:45,11.55,-0.01,98,113190,卖盘
56,14:52:42,11.56,0.01,115,132940,买盘
57,14:52:39,11.55,--,23,26565,卖盘
58,14:52:36,11.55,--,3,3465,卖盘
59,14:52:33,11.55,--,5,5775,卖盘
60,14:52:30,11.55,--,43,49665,卖盘
61,14:52:27,11.55,--,16,18480,卖盘
62,14:52:18,11.55,--,4,4620,卖盘
63,14:52:15,11.55,--,10,11550,卖盘
64,14:52:12,11.55,--,398,459690,买盘
65,14:52:09,11.55,--,100,115500,买盘
66,14:52:06,11.55,--,64,73920,买盘
67,14:52:03,11.55,--,48,55440,买盘
68,14:52:00,11.55,0.01,250,288750,买盘
69,14:51:57,11.54,-0.01,13,15001,卖盘
70,14:51:54,11.55,--,418,482790,买盘
71,14:51:48,11.55,0.01,9,10395,买盘
72,14:51:45,11.54,--,1,1154,卖盘
73,14:51:42,11.54,-0.01,10,11540,卖盘
74,14:51:39,11.55,0.01,3,3465,买盘
75,14:51:36,11.54,--,10,11540,卖盘
76,14:51:27,11.54,--,14,16155,卖盘
77,14:51:18,11.54,--,1,1154,卖盘
78,14:51:12,11.54,-0.01,24,27695,卖盘
79,14:51:09,11.55,0.01,32,36960,买盘
80,14:51:06,11.54,--,4,4616,卖盘
81,14:51:00,11.54,--,1,1154,卖盘
82,14:50:57,11.54,-0.01,14,16155,卖盘
83,14:50:51,11.55,0.01,6,6930,买盘
84,14:50:48,11.54,-0.01,100,115399,卖盘
85,14:50:45,11.55,0.01,35,40425,买盘
86,14:50:39,11.54,--,2,2308,卖盘
87,14:50:36,11.54,--,26,30003,卖盘
88,14:50:33,11.54,--,51,58853,卖盘
89,14:50:27,11.54,--,14,16155,买盘
90,14:50:24,11.54,0.01,20,23080,中性盘
91,14:50:18,11.53,-0.01,21,24213,卖盘
92,14:50:12,11.54,--,37,42698,买盘
93,14:50:09,11.54,--,33,38082,买盘
94,14:50:06,11.54,--,76,87704,买盘
95,14:50:03,11.54,--,38,43852,买盘
96,14:50:00,11.54,0.01,26,30003,买盘
97,14:49:57,11.53,--,14,16142,卖盘
98,14:49:48,11.53,-0.01,48,55344,卖盘
99,14:49:45,11.54,0.01,10,11540,中性盘
100,14:49:39,11.53,--,2,2306,卖盘
101,14:49:36,11.53,-0.02,136,156808,卖盘
102,14:49:33,11.55,-0.01,30,34650,卖盘
103,14:49:30,11.56,0.01,390,450840,买盘
104,14:49:27,11.55,--,85,98175,卖盘
105,14:49:24,11.55,--,939,1084545,买盘
106,14:49:21,11.55,0.01,21,24255,买盘
107,14:49:18,11.54,0.01,19,21926,中性盘
108,14:49:12,11.53,-0.02,24,27672,卖盘
109,14:49:09,11.55,0.01,6,6930,买盘
110,14:49:03,11.54,-0.01,3,3461,卖盘
111,14:49:00,11.55,0.01,21,24255,买盘
112,14:48:54,11.54,-0.01,9,10386,卖盘
113,14:48:45,11.55,--,14,16701,卖盘
114,14:48:42,11.55,-0.01,129,148995,卖盘
115,14:48:39,11.56,0.01,35,40460,买盘
116,14:48:36,11.55,--,151,174924,买盘
117,14:48:33,11.55,--,59,68145,买盘
118,14:48:30,11.55,--,254,293370,买盘
119,14:48:27,11.55,-0.01,5,5775,买盘
120,14:48:21,11.56,--,6,6936,买盘
121,14:48:18,11.56,0.01,26,30056,买盘
122,14:48:15,11.55,-0.01,105,121275,卖盘
123,14:48:12,11.56,0.01,44,50864,买盘
124,14:48:09,11.55,--,201,232155,买盘
125,14:48:06,11.55,0.03,105,121275,买盘
126,14:48:03,11.52,-0.02,480,553536,卖盘
127,14:47:57,11.54,--,14,16155,卖盘
128,14:47:54,11.54,--,31,35774,买盘
129,14:47:51,11.54,--,19,21926,买盘
130,14:47:48,11.54,--,47,54237,买盘
131,14:47:45,11.54,--,41,47314,买盘
132,14:47:42,11.54,0.01,28,32311,买盘
133,14:47:33,11.53,--,2,2306,卖盘
134,14:47:30,11.53,--,19,21907,买盘
135,14:47:27,11.53,-0.01,20,23060,卖盘
136,14:47:24,11.54,0.01,21,24234,买盘
137,14:47:21,11.53,--,98,112994,买盘
138,14:47:18,11.53,--,4,4612,卖盘
139,14:47:09,11.53,0.01,72,84007,买盘
140,14:47:06,11.52,0.02,264,304128,买盘
141,14:47:03,11.5,--,227,261050,买盘
142,14:47:00,11.5,--,10,11500,买盘
143,14:46:57,11.5,-0.03,215,247411,卖盘
144,14:46:54,11.53,0.01,28,32284,买盘
145,14:46:51,11.52,--,333,384606,买盘
146,14:46:48,11.52,--,322,370944,买盘
147,14:46:45,11.52,0.01,295,339840,买盘
148,14:46:42,11.51,0.01,17,19567,买盘
149,14:46:27,11.5,--,15,17250,卖盘
150,14:46:24,11.5,-0.01,121,139150,卖盘
151,14:46:18,11.51,0.01,103,118553,买盘
152,14:46:15,11.5,-0.01,1,1150,卖盘
153,14:46:06,11.51,0.01,42,48342,买盘
154,14:45:57,11.5,--,13,14950,卖盘
155,14:45:54,11.5,-0.01,2,2300,卖盘
156,14:45:51,11.51,--,14,16114,买盘
157,14:45:48,11.51,0.01,9,10359,买盘
158,14:45:45,11.5,--,3,3450,卖盘
159,14:45:42,11.5,--,58,66700,卖盘
160,14:45:39,11.5,-0.01,12,13800,卖盘
161,14:45:36,11.51,0.01,5,5755,买盘
162,14:45:33,11.5,-0.01,8,9200,卖盘
163,14:45:30,11.51,0.01,19,21869,买盘
164,14:45:27,11.5,--,16,18400,卖盘
165,14:45:21,11.5,--,62,71300,卖盘
166,14:45:18,11.5,--,63,72450,卖盘
167,14:45:15,11.5,--,12,13800,卖盘
168,14:45:12,11.5,-0.01,132,151800,卖盘
169,14:45:09,11.51,--,44,50644,买盘
170,14:45:00,11.51,0.01,67,77117,买盘
171,14:44:57,11.5,-0.01,23,26450,卖盘
172,14:44:54,11.51,0.01,10,11510,买盘
173,14:44:51,11.5,0.01,16,18400,买盘
174,14:44:48,11.49,-0.01,2,2298,卖盘
175,14:44:45,11.5,-0.01,6,6900,中性盘
176,14:44:33,11.51,0.01,205,235955,买盘
177,14:44:30,11.5,--,41,47150,卖盘
178,14:44:27,11.5,-0.01,83,95450,卖盘
179,14:44:24,11.51,0.01,139,159989,买盘
180,14:44:21,11.5,--,137,157872,买盘
181,14:44:18,11.5,--,5,5750,买盘
182,14:44:15,11.5,--,6,6900,买盘
183,14:44:09,11.5,--,10,11500,买盘
184,14:44:06,11.5,--,20,23000,买盘
185,14:44:03,11.5,0.01,4,4600,买盘
186,14:43:57,11.49,-0.01,33,37917,卖盘
187,14:43:54,11.5,--,244,280600,买盘
188,14:43:51,11.5,--,4,4600,买盘
189,14:43:45,11.5,--,50,57500,买盘
190,14:43:39,11.5,--,5,5750,买盘
191,14:43:30,11.5,--,12,13800,卖盘
192,14:43:27,11.5,--,14,16100,卖盘
193,14:43:24,11.5,--,20,23000,卖盘
194,14:43:21,11.5,-0.01,28,32200,卖盘
195,14:43:18,11.51,0.01,11,12661,买盘
196,14:43:15,11.5,--,5,5750,卖盘
197,14:43:12,11.5,-0.01,36,41400,卖盘
198,14:43:09,11.51,-0.01,8,9208,中性盘
199,14:42:57,11.52,0.02,326,375552,买盘
200,14:42:51,11.5,-0.02,48,55200,卖盘
201,14:42:48,11.52,0.02,7,8064,买盘
202,14:42:45,11.5,-0.01,842,968300,卖盘
203,14:42:42,11.51,0.01,4,4604,买盘
204,14:42:39,11.5,-0.02,11,12650,卖盘
205,14:42:36,11.52,0.01,19,21888,买盘
206,14:42:30,11.51,--,48,55409,卖盘
207,14:42:27,11.51,--,19,21869,卖盘
208,14:42:24,11.51,--,28,32228,卖盘
209,14:42:21,11.51,--,7,8057,卖盘
210,14:42:12,11.51,--,39,45878,买盘
211,14:42:09,11.51,0.01,5,5755,买盘
212,14:42:03,11.5,--,4,4600,卖盘
213,14:42:00,11.5,-0.01,1,1150,卖盘
214,14:41:57,11.51,-0.01,332,382293,卖盘
215,14:41:54,11.52,0.01,13,14976,买盘
216,14:41:51,11.51,--,1,1151,卖盘
217,14:41:48,11.51,-0.01,625,719375,卖盘
218,14:41:45,11.52,--,6,6912,买盘
219,14:41:42,11.52,--,3,3456,买盘
220,14:41:39,11.52,0.01,6,6912,买盘
221,14:41:36,11.51,-0.01,2,2302,卖盘
222,14:41:33,11.52,0.01,10,11520,买盘
223,14:41:27,11.51,--,40,46040,卖盘
224,14:41:21,11.51,-0.01,2,2302,卖盘
225,14:41:18,11.52,0.01,3,3456,买盘
226,14:41:09,11.51,-0.01,105,120855,卖盘
227,14:41:06,11.52,--,17,19584,买盘
228,14:41:00,11.52,0.01,9,10368,买盘
229,14:40:57,11.51,--,18,20718,卖盘
230,14:40:54,11.51,-0.01,21,24171,卖盘
231,14:40:51,11.52,--,6,6912,买盘
232,14:40:48,11.52,0.01,44,50688,买盘
233,14:40:45,11.51,--,1,1151,卖盘
234,14:40:42,11.51,--,199,229049,卖盘
235,14:40:36,11.51,-0.01,5,5755,卖盘
236,14:40:33,11.52,--,19,21888,买盘
237,14:40:27,11.52,--,24,27648,买盘
238,14:40:24,11.52,0.01,9,10368,买盘
239,14:40:21,11.51,-0.01,10,11510,卖盘
240,14:40:18,11.52,--,3,3456,买盘
241,14:40:12,11.52,--,10,11520,买盘
242,14:40:09,11.52,--,2,2304,买盘
243,14:40:00,11.52,0.01,16,18432,买盘
244,14:39:57,11.51,--,25,28775,卖盘
245,14:39:54,11.51,--,2,2302,卖盘
246,14:39:39,11.51,--,4,4604,卖盘
247,14:39:27,11.51,--,14,16114,卖盘
248,14:39:24,11.51,-0.01,15,17265,卖盘
249,14:39:21,11.52,--,212,244224,买盘
250,14:39:09,11.52,--,6,6912,买盘
251,14:39:06,11.52,--,102,117504,买盘
252,14:39:03,11.52,0.01,74,85248,买盘
253,14:38:57,11.51,-0.01,20,23020,卖盘
254,14:38:54,11.52,--,12,13824,买盘
255,14:38:39,11.52,--,1,1152,买盘
256,14:38:36,11.52,--,9,10368,买盘
257,14:38:30,11.52,0.01,13,14976,买盘
258,14:38:27,11.51,-0.01,17,19567,卖盘
259,14:38:24,11.52,--,6,6912,买盘
260,14:38:21,11.52,-0.01,143,164736,卖盘
261,14:38:18,11.53,0.01,459,529227,买盘
262,14:38:15,11.52,--,3,3456,卖盘
263,14:38:12,11.52,-0.01,50,57600,卖盘
264,14:38:06,11.53,--,1,1153,买盘
265,14:38:03,11.53,0.01,31,35743,买盘
266,14:38:00,11.52,--,2,2304,卖盘
267,14:37:57,11.52,--,117,134784,买盘
268,14:37:51,11.52,--,9,10368,买盘
269,14:37:48,11.52,--,48,55296,卖盘
270,14:37:45,11.52,--,20,23040,卖盘
271,14:37:33,11.52,--,53,61056,买盘
272,14:37:30,11.52,0.01,509,586368,买盘
273,14:37:27,11.51,-0.01,24,27624,卖盘
274,14:37:24,11.52,--,100,115200,买盘
275,14:37:21,11.52,--,5,5760,买盘
276,14:37:18,11.52,--,54,62208,买盘
277,14:37:09,11.52,--,108,124416,买盘
278,14:37:06,11.52,--,101,116352,买盘
279,14:37:03,11.52,--,9,10368,买盘
280,14:37:00,11.52,0.01,50,57600,买盘
281,14:36:57,11.51,-0.01,530,610030,卖盘
282,14:36:54,11.52,--,17,19584,买盘
283,14:36:45,11.52,--,8,9216,买盘
284,14:36:39,11.52,--,5,5760,买盘
285,14:36:36,11.52,--,20,23040,买盘
286,14:36:33,11.52,--,100,115200,买盘
287,14:36:30,11.52,0.01,11,12672,买盘
288,14:36:27,11.51,-0.01,14,16114,卖盘
289,14:36:24,11.52,--,8,9216,买盘
290,14:36:18,11.52,--,2,2304,买盘
291,14:36:15,11.52,0.01,4,4608,买盘
292,14:36:09,11.51,-0.01,4,4604,卖盘
293,14:36:03,11.52,0.01,5,5760,买盘
294,14:36:00,11.51,-0.01,15,17265,卖盘
295,14:35:57,11.52,--,33,38016,买盘
296,14:35:54,11.52,--,4,4608,买盘
297,14:35:51,11.52,--,8,9216,买盘
298,14:35:48,11.52,--,6,6912,买盘
299,14:35:42,11.52,0.01,5,5760,买盘
300,14:35:39,11.51,-0.01,12,13812,卖盘
301,14:35:30,11.52,0.01,14,16128,买盘
302,14:35:27,11.51,--,14,16114,卖盘
303,14:35:12,11.51,--,8,10197,卖盘
304,14:35:06,11.51,--,27,31077,卖盘
305,14:35:03,11.51,-0.01,61,70211,卖盘
306,14:35:00,11.52,0.01,7,8064,买盘
307,14:34:57,11.51,-0.01,15,17265,卖盘
308,14:34:51,11.52,--,54,62208,买盘
309,14:34:48,11.52,--,8,9216,买盘
310,14:34:33,11.52,0.01,8,9216,买盘
311,14:34:27,11.51,-0.01,15,17265,卖盘
312,14:34:24,11.52,0.01,130,149760,买盘
313,14:34:18,11.51,-0.01,2,2302,卖盘
314,14:34:12,11.52,--,8,9216,买盘
315,14:34:09,11.52,0.01,6,6912,买盘
316,14:34:03,11.51,--,2,2302,卖盘
317,14:33:57,11.51,--,14,16114,卖盘
318,14:33:45,11.51,--,1,1151,卖盘
319,14:33:42,11.51,-0.01,37,42587,卖盘
320,14:33:39,11.52,0.01,8,9216,中性盘
321,14:33:33,11.51,-0.01,20,23020,卖盘
322,14:33:30,11.52,0.01,1,1152,买盘
323,14:33:27,11.51,-0.01,13,14963,卖盘
324,14:33:24,11.52,--,30,34560,买盘
325,14:33:21,11.52,--,6,6912,买盘
326,14:33:18,11.52,0.01,83,95616,买盘
327,14:33:09,11.51,--,1,1151,卖盘
328,14:33:06,11.51,0.01,9,10359,买盘
329,14:32:57,11.5,-0.02,231,265650,卖盘
330,14:32:45,11.52,--,5,5760,买盘
331,14:32:42,11.52,0.01,22,25344,买盘
332,14:32:39,11.51,-0.01,5,5755,卖盘
333,14:32:36,11.52,--,9,10368,买盘
334,14:32:30,11.52,0.01,17,19584,买盘
335,14:32:27,11.51,-0.01,14,16114,卖盘
336,14:32:24,11.52,0.01,10,11520,买盘
337,14:32:21,11.51,-0.01,4,4604,卖盘
338,14:32:18,11.52,0.01,13,14976,买盘
339,14:32:15,11.51,--,20,23020,卖盘
340,14:32:09,11.51,--,8,9208,卖盘
341,14:32:06,11.51,0.01,84,96684,买盘
342,14:32:00,11.5,--,27,31050,买盘
343,14:31:57,11.5,--,58,66700,买盘
344,14:31:54,11.5,0.01,52,59800,买盘
345,14:31:51,11.49,-0.01,19,21831,卖盘
346,14:31:48,11.5,--,87,100050,买盘
347,14:31:45,11.5,--,21,24150,买盘
348,14:31:42,11.5,--,47,54050,买盘
349,14:31:39,11.5,--,1,1150,买盘
350,14:31:30,11.5,0.01,201,231150,买盘
351,14:31:27,11.49,-0.01,13,14937,卖盘
352,14:31:24,11.5,--,73,83950,买盘
353,14:31:21,11.5,--,209,240350,买盘
354,14:31:18,11.5,--,20,23000,买盘
355,14:31:15,11.5,--,2,2300,买盘
356,14:31:12,11.5,-0.02,757,870550,卖盘
357,14:31:09,11.52,--,1,1152,买盘
358,14:31:06,11.52,0.01,18,20736,买盘
359,14:31:03,11.51,--,10,11510,卖盘
360,14:31:00,11.51,--,18,20718,卖盘
361,14:30:57,11.51,-0.01,14,16114,卖盘
362,14:30:54,11.52,--,17,19584,买盘
363,14:30:51,11.52,0.01,6,6912,买盘
364,14:30:48,11.51,--,1,1151,卖盘
365,14:30:39,11.51,0.01,26,29926,买盘
366,14:30:36,11.5,-0.01,11,12650,卖盘
367,14:30:33,11.51,0.01,3,3453,买盘
368,14:30:27,11.5,-0.01,19,21850,卖盘
369,14:30:24,11.51,-0.01,88,101288,卖盘
370,14:30:18,11.52,0.01,2,2304,买盘
371,14:30:15,11.51,--,14,16114,卖盘
372,14:30:12,11.51,--,4,4604,卖盘
373,14:30:09,11.51,--,81,93231,买盘
374,14:30:06,11.51,0.01,7,8057,买盘
375,14:30:00,11.5,--,11,12650,卖盘
376,14:29:57,11.5,--,14,16100,卖盘
377,14:29:54,11.5,-0.01,8,9200,卖盘
378,14:29:45,11.51,0.01,10,11510,买盘
379,14:29:39,11.5,-0.01,13,14950,卖盘
380,14:29:33,11.51,0.01,11,12661,买盘
381,14:29:30,11.5,0.01,500,575000,买盘
382,14:29:27,11.49,-0.01,25,28725,卖盘
383,14:29:24,11.5,--,4,4600,买盘
384,14:29:12,11.5,--,6,6900,买盘
385,14:29:06,11.5,--,3,3450,买盘
386,14:29:03,11.5,--,46,52900,买盘
387,14:29:00,11.5,0.01,209,240350,买盘
388,14:28:57,11.49,--,13,14937,卖盘
389,14:28:51,11.49,-0.01,4,4596,卖盘
390,14:28:48,11.5,--,190,218500,卖盘
391,14:28:45,11.5,-0.01,5,5750,卖盘
392,14:28:33,11.51,--,9,10359,买盘
393,14:28:30,11.51,0.01,5,5755,买盘
394,14:28:27,11.5,--,43,49450,卖盘
395,14:28:24,11.5,-0.01,6,6900,卖盘
396,14:28:21,11.51,0.01,5,5755,买盘
397,14:28:18,11.5,--,16,18400,卖盘
398,14:28:09,11.5,-0.01,1,1150,卖盘
399,14:28:06,11.51,0.01,7,8057,买盘
400,14:28:00,11.5,--,50,57500,卖盘
401,14:27:57,11.5,-0.01,13,14950,卖盘
402,14:27:54,11.51,0.01,11,12661,买盘
403,14:27:51,11.5,-0.01,20,23000,卖盘
404,14:27:45,11.51,--,10,11510,买盘
405,14:27:42,11.51,--,4,4604,买盘
406,14:27:39,11.51,0.01,20,23020,买盘
407,14:27:36,11.5,--,26,29900,卖盘
408,14:27:33,11.5,-0.01,20,23000,卖盘
409,14:27:30,11.51,0.01,16,18416,买盘
410,14:27:27,11.5,--,24,27600,卖盘
411,14:27:18,11.5,--,10,11500,卖盘
412,14:27:15,11.5,--,14,16100,卖盘
413,14:27:12,11.5,-0.01,46,52900,卖盘
414,14:27:09,11.51,0.01,22,25322,买盘
415,14:27:06,11.5,--,8,9200,卖盘
416,14:26:57,11.5,--,13,14950,卖盘
417,14:26:54,11.5,--,3,3450,卖盘
418,14:26:51,11.5,-0.01,16,18400,卖盘
419,14:26:42,11.51,0.01,83,95533,买盘
420,14:26:39,11.5,--,10,11500,卖盘
421,14:26:36,11.5,--,477,548550,卖盘
422,14:26:30,11.5,--,64,73600,卖盘
423,14:26:27,11.5,--,14,16100,卖盘
424,14:26:21,11.5,--,2,2300,卖盘
425,14:26:18,11.5,--,4,4600,卖盘
426,14:26:12,11.5,-0.01,10,11500,卖盘
427,14:26:09,11.51,0.01,6,6906,买盘
428,14:26:06,11.5,--,43,49450,卖盘
429,14:25:57,11.5,-0.01,44,50600,卖盘
430,14:25:51,11.51,--,6,6906,买盘
431,14:25:48,11.51,--,20,23020,买盘
432,14:25:42,11.51,--,51,58701,卖盘
433,14:25:39,11.51,0.01,108,124308,买盘
434,14:25:36,11.5,-0.01,18,20700,卖盘
435,14:25:33,11.51,--,13,14963,买盘
436,14:25:27,11.51,0.01,19,21869,买盘
437,14:25:24,11.5,--,1,1150,卖盘
438,14:25:06,11.5,-0.01,47,54050,卖盘
439,14:25:00,11.51,0.01,6,6906,买盘
440,14:24:57,11.5,-0.01,15,17250,卖盘
441,14:24:54,11.51,0.01,1,1151,买盘
442,14:24:51,11.5,--,10,11500,卖盘
443,14:24:48,11.5,-0.01,10,11500,卖盘
444,14:24:42,11.51,0.01,12,13812,买盘
445,14:24:36,11.5,--,406,466900,买盘
446,14:24:30,11.5,0.01,70,80500,买盘
447,14:24:27,11.49,-0.01,14,16086,卖盘
448,14:24:24,11.5,0.01,11,12650,买盘
449,14:24:21,11.49,--,26,29874,卖盘
450,14:24:18,11.49,-0.01,1,1149,卖盘
451,14:24:15,11.5,--,5,5750,买盘
452,14:24:12,11.5,--,472,542800,卖盘
453,14:24:03,11.5,-0.01,12,13800,卖盘
454,14:24:00,11.51,0.01,234,269334,买盘
455,14:23:57,11.5,--,14,16100,卖盘
456,14:23:51,11.5,--,19,21850,卖盘
457,14:23:48,11.5,-0.01,112,128800,卖盘
458,14:23:45,11.51,--,25,28775,买盘
459,14:23:42,11.51,0.01,2,2302,买盘
460,14:23:36,11.5,-0.01,36,41400,卖盘
461,14:23:30,11.51,0.01,1,1151,买盘
462,14:23:27,11.5,--,43,49450,卖盘
463,14:23:24,11.5,--,1,1150,卖盘
464,14:23:21,11.5,-0.01,2,2300,卖盘
465,14:23:18,11.51,0.01,102,117402,买盘
466,14:22:57,11.5,-0.01,14,16100,卖盘
467,14:22:54,11.51,0.01,20,23020,买盘
468,14:22:51,11.5,-0.01,15,17250,卖盘
469,14:22:42,11.51,0.01,1,1151,买盘
470,14:22:39,11.5,0.01,158,181700,买盘
471,14:22:36,11.49,-0.01,35,40215,卖盘
472,14:22:33,11.5,--,4,4600,买盘
473,14:22:30,11.5,--,505,580750,买盘
474,14:22:27,11.5,0.01,133,152950,买盘
475,14:22:24,11.49,-0.01,1,1149,卖盘
476,14:22:21,11.5,--,102,117300,买盘
477,14:22:18,11.5,--,1,1150,买盘
478,14:22:09,11.5,0.01,68,78200,买盘
479,14:22:06,11.49,-0.01,3,3447,卖盘
480,14:22:03,11.5,--,4,4600,买盘
481,14:22:00,11.5,0.01,15,17250,买盘
482,14:21:57,11.49,-0.01,14,16086,卖盘
483,14:21:48,11.5,--,410,471500,卖盘
484,14:21:45,11.5,--,1,1150,卖盘
485,14:21:42,11.5,--,12,13800,卖盘
486,14:21:39,11.5,--,19,21850,卖盘
487,14:21:36,11.5,--,10,11500,卖盘
488,14:21:33,11.5,--,40,46000,卖盘
489,14:21:30,11.5,--,11,12650,卖盘
490,14:21:27,11.5,-0.01,13,14950,卖盘
491,14:21:21,11.51,0.01,10,11510,买盘
492,14:21:18,11.5,-0.01,18,20700,卖盘
493,14:21:12,11.51,--,4,4604,买盘
494,14:21:09,11.51,--,97,111647,买盘
495,14:21:06,11.51,--,9,10359,买盘
496,14:21:00,11.51,0.01,6,6906,买盘
497,14:20:57,11.5,-0.01,14,16100,卖盘
498,14:20:54,11.51,-0.01,5,5755,中性盘
499,14:20:51,11.52,--,57,65664,买盘
500,14:20:42,11.52,0.02,30,34560,买盘
501,14:20:39,11.5,-0.01,27,31050,卖盘
502,14:20:30,11.51,--,1,1151,卖盘
503,14:20:27,11.51,--,14,16114,卖盘
504,14:20:24,11.51,--,24,27624,买盘
505,14:20:18,11.51,--,62,71362,买盘
506,14:20:15,11.51,--,30,34530,买盘
507,14:20:06,11.51,--,82,94382,卖盘
508,14:20:03,11.51,0.01,23,26473,买盘
509,14:20:00,11.5,--,33,37950,卖盘
510,14:19:57,11.5,--,13,14950,卖盘
511,14:19:54,11.5,--,14,16100,卖盘
512,14:19:51,11.5,--,6,6900,卖盘
513,14:19:48,11.5,--,30,34500,卖盘
514,14:19:42,11.5,-0.01,9,10350,卖盘
515,14:19:39,11.51,0.01,30,34530,买盘
516,14:19:36,11.5,-0.01,12,13800,卖盘
517,14:19:33,11.51,0.01,1,1151,买盘
518,14:19:27,11.5,--,14,16100,卖盘
519,14:19:24,11.5,--,61,70150,卖盘
520,14:19:21,11.5,--,37,42550,卖盘
521,14:19:18,11.5,--,1,1150,卖盘
522,14:19:15,11.5,--,42,48300,卖盘
523,14:19:09,11.5,0.01,40,46000,中性盘
524,14:19:06,11.49,-0.01,61,70089,卖盘
525,14:19:03,11.5,--,56,64400,卖盘
526,14:19:00,11.5,0.01,249,286706,买盘
527,14:18:57,11.49,-0.01,21,24129,卖盘
528,14:18:51,11.5,0.01,8,9200,买盘
529,14:18:48,11.49,--,74,85026,卖盘
530,14:18:42,11.49,--,5,5745,卖盘
531,14:18:39,11.49,-0.01,111,127539,卖盘
532,14:18:36,11.5,0.01,4,4600,买盘
533,14:18:27,11.49,-0.01,133,152817,卖盘
534,14:18:24,11.5,0.01,15,17250,买盘
535,14:18:21,11.49,--,3,3447,卖盘
536,14:18:03,11.49,-0.01,108,124092,卖盘
537,14:18:00,11.5,0.01,110,126500,买盘
538,14:17:57,11.49,--,39,44811,卖盘
539,14:17:54,11.49,--,20,22980,卖盘
540,14:17:48,11.49,-0.01,69,79281,卖盘
541,14:17:45,11.5,--,8,9200,买盘
542,14:17:42,11.5,--,10,11500,买盘
543,14:17:33,11.5,--,125,143750,卖盘
544,14:17:30,11.5,0.01,105,120750,买盘
545,14:17:27,11.49,-0.01,21,24129,卖盘
546,14:17:21,11.5,0.01,103,118450,买盘
547,14:17:18,11.49,--,130,149370,卖盘
548,14:17:15,11.49,-0.01,8,9192,卖盘
549,14:17:00,11.5,--,346,397900,卖盘
550,14:16:57,11.5,--,86,98900,卖盘
551,14:16:54,11.5,--,198,227700,卖盘
552,14:16:51,11.5,--,315,362250,卖盘
553,14:16:48,11.5,--,658,756700,卖盘
554,14:16:45,11.5,--,261,300150,卖盘
555,14:16:42,11.5,--,1,1150,卖盘
556,14:16:39,11.5,--,4,4600,卖盘
557,14:16:36,11.5,-0.01,102,117300,卖盘
558,14:16:33,11.51,0.01,1,1151,买盘
559,14:16:30,11.5,--,2,2300,卖盘
560,14:16:27,11.5,--,163,187450,卖盘
561,14:16:24,11.5,-0.01,294,338100,卖盘
562,14:16:21,11.51,0.01,43,49493,买盘
563,14:16:18,11.5,-0.01,42,48300,卖盘
564,14:16:15,11.51,--,465,535215,卖盘
565,14:16:09,11.51,--,11,12661,卖盘
566,14:16:06,11.51,--,3,3453,卖盘
567,14:16:03,11.51,--,1,1151,卖盘
568,14:16:00,11.51,--,60,69060,卖盘
569,14:15:57,11.51,--,34,39134,卖盘
570,14:15:54,11.51,-0.01,96,110496,卖盘
571,14:15:48,11.52,--,10,11520,买盘
572,14:15:45,11.52,--,2,2304,买盘
573,14:15:42,11.52,0.01,28,32256,买盘
574,14:15:36,11.51,--,5,5755,卖盘
575,14:15:30,11.51,--,90,103590,卖盘
576,14:15:27,11.51,--,50,57550,卖盘
577,14:15:24,11.51,--,10,11510,卖盘
578,14:15:21,11.51,--,84,96684,卖盘
579,14:15:12,11.51,--,528,607728,卖盘
580,14:15:09,11.51,-0.01,100,115100,卖盘
581,14:15:06,11.52,--,132,152064,买盘
582,14:15:03,11.52,--,204,235008,买盘
583,14:15:00,11.52,0.01,30,34560,买盘
584,14:14:57,11.51,--,55,63305,卖盘
585,14:14:54,11.51,-0.01,354,407454,卖盘
586,14:14:42,11.52,-0.01,998,1150387,卖盘
587,14:14:39,11.53,0.01,39,44967,买盘
588,14:14:36,11.52,-0.01,289,332928,卖盘
589,14:14:33,11.53,--,19,21907,买盘
590,14:14:30,11.53,--,369,425457,卖盘
591,14:14:27,11.53,--,15,17295,卖盘
592,14:14:24,11.53,--,2,2306,卖盘
593,14:14:15,11.53,--,8,9224,卖盘
594,14:14:12,11.53,--,4,4612,卖盘
595,14:14:03,11.53,-0.02,2,2306,卖盘
596,14:13:57,11.55,0.02,71,82005,买盘
597,14:13:48,11.53,--,5,5765,卖盘
598,14:13:45,11.53,-0.01,40,46120,卖盘
599,14:13:42,11.54,0.01,1,1154,买盘
600,14:13:33,11.53,-0.01,1,1153,卖盘
601,14:13:30,11.54,0.01,3,3461,买盘
602,14:13:27,11.53,-0.01,13,14989,卖盘
603,14:13:21,11.54,0.01,1,1154,买盘
604,14:13:18,11.53,-0.02,34,39202,卖盘
605,14:13:12,11.55,0.01,100,115500,买盘
606,14:13:09,11.54,--,2,2308,买盘
607,14:13:00,11.54,0.01,1,1154,买盘
608,14:12:57,11.53,--,14,16142,卖盘
609,14:12:54,11.53,--,1,1153,卖盘
610,14:12:51,11.53,--,4,4612,卖盘
611,14:12:48,11.53,-0.01,30,34590,卖盘
612,14:12:36,11.54,0.01,1,1154,买盘
613,14:12:33,11.53,--,12,13836,卖盘
614,14:12:27,11.53,-0.01,14,16142,卖盘
615,14:12:24,11.54,--,4,4616,卖盘
616,14:12:21,11.54,-0.01,107,123477,卖盘
617,14:12:18,11.55,--,17,19635,买盘
618,14:12:15,11.55,--,1,1155,买盘
619,14:12:09,11.55,0.01,30,34650,买盘
620,14:12:00,11.54,--,10,11540,卖盘
621,14:11:57,11.54,--,13,15001,卖盘
622,14:11:45,11.54,-0.01,4,4616,卖盘
623,14:11:39,11.55,--,39,45045,买盘
624,14:11:36,11.55,0.01,3,3465,买盘
625,14:11:33,11.54,--,4,4616,卖盘
626,14:11:30,11.54,--,12,13847,卖盘
627,14:11:27,11.54,--,14,16155,卖盘
628,14:11:24,11.54,-0.01,30,34620,卖盘
629,14:11:21,11.55,0.01,4,4620,买盘
630,14:11:15,11.54,-0.01,50,57699,卖盘
631,14:11:12,11.55,0.01,20,23100,买盘
632,14:11:09,11.54,0.01,42,48468,买盘
633,14:11:06,11.53,-0.02,31,35743,卖盘
634,14:11:00,11.55,0.02,80,92400,买盘
635,14:10:54,11.53,-0.02,1,1153,卖盘
636,14:10:51,11.55,0.02,3,3465,买盘
637,14:10:48,11.53,-0.02,12,13836,卖盘
638,14:10:45,11.55,--,5,5775,买盘
639,14:10:36,11.55,--,22,25410,买盘
640,14:10:33,11.55,--,10,11550,买盘
641,14:10:30,11.55,0.02,20,23100,买盘
642,14:10:27,11.53,-0.02,16,18448,卖盘
643,14:10:24,11.55,0.02,41,47355,买盘
644,14:10:21,11.53,-0.01,1,1153,卖盘
645,14:10:12,11.54,-0.01,13,15001,卖盘
646,14:10:06,11.55,0.02,23,26565,买盘
647,14:10:03,11.53,--,93,107229,卖盘
648,14:10:00,11.53,--,82,94546,卖盘
649,14:09:57,11.53,--,145,167185,卖盘
650,14:09:54,11.53,--,20,23060,卖盘
651,14:09:51,11.53,-0.02,324,373572,卖盘
652,14:09:45,11.55,0.01,5,5775,买盘
653,14:09:42,11.54,0.01,135,155790,买盘
654,14:09:39,11.53,-0.01,106,122218,卖盘
655,14:09:36,11.54,--,51,58853,买盘
656,14:09:33,11.54,0.01,186,214643,买盘
657,14:09:27,11.53,-0.01,26,29978,卖盘
658,14:09:24,11.54,0.01,4,4616,买盘
659,14:09:18,11.53,-0.01,14,16142,卖盘
660,14:09:15,11.54,0.01,10,11540,买盘
661,14:09:12,11.53,--,1,1153,卖盘
662,14:09:09,11.53,--,4,4612,卖盘
663,14:09:00,11.53,--,203,234059,卖盘
664,14:08:57,11.53,-0.01,13,14989,卖盘
665,14:08:54,11.54,--,415,478909,卖盘
666,14:08:45,11.54,--,1,1154,卖盘
667,14:08:42,11.54,0.01,54,62315,买盘
668,14:08:36,11.53,--,29,33437,卖盘
669,14:08:33,11.53,--,27,31131,卖盘
670,14:08:30,11.53,--,21,24213,卖盘
671,14:08:27,11.53,-0.01,15,17295,卖盘
672,14:08:24,11.54,--,39,45006,买盘
673,14:08:21,11.54,--,4,4616,买盘
674,14:08:03,11.54,0.01,4,4616,买盘
675,14:08:00,11.53,--,78,89934,卖盘
676,14:07:57,11.53,-0.01,18,20754,卖盘
677,14:07:51,11.54,--,60,69240,买盘
678,14:07:48,11.54,-0.01,84,96936,卖盘
679,14:07:45,11.55,0.01,13,15015,买盘
680,14:07:42,11.54,--,113,130401,卖盘
681,14:07:39,11.54,--,15,17310,卖盘
682,14:07:33,11.54,--,2,2308,卖盘
683,14:07:27,11.54,--,59,68086,卖盘
684,14:07:24,11.54,-0.01,211,243493,卖盘
685,14:07:21,11.55,--,19,21945,买盘
686,14:07:18,11.55,0.01,20,23100,买盘
687,14:07:15,11.54,-0.01,1,1154,卖盘
688,14:07:12,11.55,--,3,3465,买盘
689,14:06:57,11.55,0.01,30,34650,买盘
690,14:06:51,11.54,--,61,70394,卖盘
691,14:06:48,11.54,--,138,159252,卖盘
692,14:06:45,11.54,--,21,24234,卖盘
693,14:06:42,11.54,--,60,69240,卖盘
694,14:06:27,11.54,--,13,15001,卖盘
695,14:06:15,11.54,-0.01,16,18464,卖盘
696,14:06:12,11.55,0.01,4,4620,买盘
697,14:06:09,11.54,--,1,1154,卖盘
698,14:05:57,11.54,-0.01,35,40390,卖盘
699,14:05:54,11.55,0.01,10,11550,买盘
700,14:05:48,11.54,-0.01,23,26541,卖盘
701,14:05:33,11.55,0.01,10,11550,买盘
702,14:05:27,11.54,--,40,46160,卖盘
703,14:05:24,11.54,--,109,125785,卖盘
704,14:05:21,11.54,-0.01,11,12693,卖盘
705,14:05:18,11.55,--,3,3465,买盘
706,14:05:15,11.55,--,4,4620,买盘
707,14:05:06,11.55,0.01,62,71610,买盘
708,14:05:00,11.54,--,24,27695,卖盘
709,14:04:57,11.54,--,14,16155,卖盘
710,14:04:54,11.54,--,3,3461,卖盘
711,14:04:51,11.54,-0.01,37,42698,卖盘
712,14:04:48,11.55,0.01,22,25410,买盘
713,14:04:45,11.54,--,1,1154,卖盘
714,14:04:42,11.54,--,52,60007,卖盘
715,14:04:36,11.54,--,54,62315,买盘
716,14:04:33,11.54,0.01,5,5770,买盘
717,14:04:30,11.53,-0.01,101,116453,卖盘
718,14:04:27,11.54,--,16,18464,买盘
719,14:04:24,11.54,--,6,6923,买盘
720,14:04:21,11.54,0.01,3,3461,买盘
721,14:04:18,11.53,--,34,39202,卖盘
722,14:04:12,11.53,--,20,23060,卖盘
723,14:04:09,11.53,-0.01,20,23060,卖盘
724,14:03:57,11.54,--,23,26541,卖盘
725,14:03:48,11.54,-0.01,27,31157,卖盘
726,14:03:45,11.55,--,18,20790,买盘
727,14:03:42,11.55,--,46,53130,买盘
728,14:03:39,11.55,--,41,47355,买盘
729,14:03:27,11.55,0.01,23,26565,买盘
730,14:03:24,11.54,-0.01,92,106167,卖盘
731,14:03:21,11.55,0.01,34,39270,买盘
732,14:03:18,11.54,--,29,33466,卖盘
733,14:03:15,11.54,--,2,2308,卖盘
734,14:03:09,11.54,--,4,4616,卖盘
735,14:03:03,11.54,--,5,5770,卖盘
736,14:03:00,11.54,--,10,11540,卖盘
737,14:02:57,11.54,-0.01,13,15001,卖盘
738,14:02:51,11.55,--,39,45045,买盘
739,14:02:48,11.55,--,19,21945,买盘
740,14:02:36,11.55,0.01,4,4620,买盘
741,14:02:33,11.54,--,27,31157,卖盘
742,14:02:30,11.54,--,56,64623,卖盘
743,14:02:27,11.54,0.01,132,152328,买盘
744,14:02:24,11.53,-0.01,1,1153,卖盘
745,14:02:21,11.54,0.01,4,4616,买盘
746,14:02:12,11.53,--,16,18448,卖盘
747,14:02:09,11.53,--,1,1153,卖盘
748,14:02:06,11.53,--,36,41508,卖盘
749,14:02:03,11.53,--,72,83016,卖盘
750,14:02:00,11.53,--,17,19601,卖盘
751,14:01:57,11.53,-0.01,61,70333,卖盘
752,14:01:51,11.54,--,6,6923,买盘
753,14:01:48,11.54,--,28,32311,买盘
754,14:01:45,11.54,0.01,200,230799,买盘
755,14:01:42,11.53,-0.01,2,2306,卖盘
756,14:01:39,11.54,0.01,20,23080,买盘
757,14:01:33,11.53,--,1,1153,卖盘
758,14:01:30,11.53,--,1,1153,卖盘
759,14:01:27,11.53,--,14,16142,卖盘
760,14:01:24,11.53,--,12,13836,卖盘
761,14:01:18,11.53,--,9,10377,卖盘
762,14:01:03,11.53,--,20,23060,卖盘
763,14:01:00,11.53,--,14,16142,卖盘
764,14:00:57,11.53,--,14,16142,卖盘
765,14:00:54,11.53,-0.01,3,3459,卖盘
766,14:00:45,11.54,--,3,3461,买盘
767,14:00:42,11.54,0.01,5,5770,买盘
768,14:00:33,11.53,--,20,23060,卖盘
769,14:00:27,11.53,--,26,29978,卖盘
770,14:00:18,11.53,--,1,1153,卖盘
771,14:00:15,11.53,0.01,1,1153,买盘
772,14:00:12,11.52,-0.02,27,31104,卖盘
773,14:00:06,11.54,--,30,34620,买盘
774,14:00:03,11.54,0.02,1,1154,买盘
775,14:00:00,11.52,-0.01,12,13824,卖盘
776,13:59:57,11.53,--,13,14989,卖盘
777,13:59:51,11.53,0.01,28,32284,中性盘
778,13:59:42,11.52,--,45,51840,卖盘
779,13:59:39,11.52,-0.01,12,13824,卖盘
780,13:59:33,11.53,--,23,26519,买盘
781,13:59:30,11.53,0.01,29,33437,买盘
782,13:59:27,11.52,--,56,64512,卖盘
783,13:59:24,11.52,-0.01,76,87552,卖盘
784,13:59:21,11.53,--,157,181021,卖盘
785,13:59:15,11.53,--,26,29978,卖盘
786,13:59:12,11.53,-0.01,3,3459,卖盘
787,13:59:06,11.54,0.01,2,2308,买盘
788,13:59:00,11.53,-0.01,1,1153,卖盘
789,13:58:57,11.54,0.01,14,16155,中性盘
790,13:58:51,11.53,-0.01,21,24213,中性盘
791,13:58:45,11.54,0.02,30,34620,买盘
792,13:58:39,11.52,-0.01,20,23040,卖盘
793,13:58:36,11.53,--,1,1153,买盘
794,13:58:33,11.53,--,7,8071,中性盘
795,13:58:24,11.53,0.01,11,12683,卖盘
796,13:58:15,11.52,-0.03,4,4608,卖盘
797,13:58:09,11.55,0.01,2,2310,买盘
798,13:58:03,11.54,0.02,1,1154,买盘
799,13:58:00,11.52,-0.01,12,13824,卖盘
800,13:57:57,11.53,0.01,14,16142,中性盘
801,13:57:48,11.52,-0.01,89,102528,卖盘
802,13:57:45,11.53,--,28,32284,卖盘
803,13:57:39,11.53,--,64,73792,卖盘
804,13:57:36,11.53,--,162,186786,卖盘
805,13:57:33,11.53,-0.02,7,8071,卖盘
806,13:57:30,11.55,0.02,147,169785,买盘
807,13:57:27,11.53,--,13,14989,卖盘
808,13:57:18,11.53,-0.01,11,12683,卖盘
809,13:57:15,11.54,0.01,40,46160,买盘
810,13:57:12,11.53,--,12,13836,卖盘
811,13:57:09,11.53,--,4,4612,卖盘
812,13:57:06,11.53,--,4,4612,卖盘
813,13:57:03,11.53,--,10,11530,卖盘
814,13:56:57,11.53,-0.01,47,54191,卖盘
815,13:56:51,11.54,--,32,36928,买盘
816,13:56:48,11.54,--,19,21926,买盘
817,13:56:39,11.54,--,48,55391,买盘
818,13:56:30,11.54,0.01,57,65778,买盘
819,13:56:27,11.53,-0.01,13,14989,卖盘
820,13:56:21,11.54,0.01,3,3461,买盘
821,13:56:18,11.53,-0.01,27,31131,卖盘
822,13:56:15,11.54,0.01,1,1154,买盘
823,13:56:12,11.53,--,149,171797,卖盘
824,13:56:09,11.53,-0.01,46,53038,卖盘
825,13:56:06,11.54,--,126,145404,买盘
826,13:56:03,11.54,0.01,330,380820,买盘
827,13:55:57,11.53,--,27,31131,卖盘
828,13:55:54,11.53,--,4,4612,卖盘
829,13:55:51,11.53,--,1,1153,卖盘
830,13:55:48,11.53,--,23,26519,卖盘
831,13:55:45,11.53,--,29,33437,卖盘
832,13:55:42,11.53,--,22,25366,卖盘
833,13:55:30,11.53,--,40,46120,卖盘
834,13:55:27,11.53,--,16,18448,卖盘
835,13:55:24,11.53,--,30,34590,卖盘
836,13:55:18,11.53,--,26,29978,卖盘
837,13:55:12,11.53,-0.01,3,3459,卖盘
838,13:55:09,11.54,0.01,25,28849,买盘
839,13:54:57,11.53,--,25,28825,卖盘
840,13:54:39,11.53,--,22,25366,卖盘
841,13:54:36,11.53,--,45,51885,卖盘
842,13:54:33,11.53,--,12,13836,卖盘
843,13:54:27,11.53,-0.01,14,16142,卖盘
844,13:54:21,11.54,0.01,4,4616,买盘
845,13:54:18,11.53,-0.01,154,177562,卖盘
846,13:54:15,11.54,0.01,35,40390,买盘
847,13:54:12,11.53,-0.01,12,13836,卖盘
848,13:54:06,11.54,0.01,68,78472,买盘
849,13:54:03,11.53,--,30,34590,卖盘
850,13:54:00,11.53,--,54,62262,卖盘
851,13:53:57,11.53,--,39,44967,卖盘
852,13:53:54,11.53,--,5,5765,卖盘
853,13:53:51,11.53,--,7,8071,卖盘
854,13:53:45,11.53,--,22,25366,卖盘
855,13:53:42,11.53,-0.01,40,46120,卖盘
856,13:53:36,11.54,--,2,2308,买盘
857,13:53:33,11.54,0.01,18,20772,买盘
858,13:53:30,11.53,--,4,4612,卖盘
859,13:53:27,11.53,--,47,54191,卖盘
860,13:53:24,11.53,--,1,1153,卖盘
861,13:53:21,11.53,--,23,26519,卖盘
862,13:53:12,11.53,-0.01,12,13836,卖盘
863,13:53:06,11.54,0.01,18,20772,买盘
864,13:53:03,11.53,--,136,156808,卖盘
865,13:53:00,11.53,0.01,5,6226,买盘
866,13:52:57,11.52,-0.01,262,301824,卖盘
867,13:52:54,11.53,--,10,11530,买盘
868,13:52:51,11.53,0.01,19,21907,买盘
869,13:52:48,11.52,--,12,13824,卖盘
870,13:52:45,11.52,--,29,33408,卖盘
871,13:52:42,11.52,--,3,3456,卖盘
872,13:52:39,11.52,-0.01,28,32256,卖盘
873,13:52:27,11.53,0.01,37,42661,买盘
874,13:52:24,11.52,--,5,5760,卖盘
875,13:52:21,11.52,--,4,4608,卖盘
876,13:52:18,11.52,-0.01,62,71424,卖盘
877,13:52:15,11.53,0.01,37,42661,买盘
878,13:52:12,11.52,--,14,16128,卖盘
879,13:52:09,11.52,--,100,115200,卖盘
880,13:52:06,11.52,--,62,71424,卖盘
881,13:52:03,11.52,--,25,28800,卖盘
882,13:52:00,11.52,--,80,92160,卖盘
883,13:51:57,11.52,-0.01,35,40320,卖盘
884,13:51:54,11.53,--,29,33437,买盘
885,13:51:45,11.53,--,1,1153,买盘
886,13:51:42,11.53,--,83,95699,卖盘
887,13:51:39,11.53,0.01,1,1153,买盘
888,13:51:33,11.52,--,66,76032,卖盘
889,13:51:30,11.52,--,1,1152,卖盘
890,13:51:27,11.52,--,14,16128,卖盘
891,13:51:21,11.52,-0.01,45,51840,卖盘
892,13:51:15,11.53,0.01,234,269802,买盘
893,13:51:09,11.52,-0.01,2,2304,卖盘
894,13:51:03,11.53,0.01,28,32284,买盘
895,13:51:00,11.52,--,9,10368,卖盘
896,13:50:57,11.52,-0.01,14,16128,卖盘
897,13:50:54,11.53,0.01,2,2306,买盘
898,13:50:48,11.52,--,1,1152,卖盘
899,13:50:45,11.52,-0.01,3,3456,卖盘
900,13:50:39,11.53,0.01,3,3459,买盘
901,13:50:33,11.52,--,11,12672,卖盘
902,13:50:27,11.52,--,13,14976,卖盘
903,13:50:24,11.52,--,15,17280,卖盘
904,13:50:21,11.52,-0.01,11,12672,卖盘
905,13:50:18,11.53,0.01,5,5765,买盘
906,13:50:03,11.52,--,40,46080,卖盘
907,13:50:00,11.52,-0.01,6,6912,卖盘
908,13:49:57,11.53,0.01,20,23060,买盘
909,13:49:51,11.52,-0.01,1,1152,卖盘
910,13:49:45,11.53,0.01,4,4612,买盘
911,13:49:42,11.52,-0.01,21,24192,卖盘
912,13:49:33,11.53,--,30,34590,买盘
913,13:49:30,11.53,--,19,21907,买盘
914,13:49:27,11.53,--,3,3459,卖盘
915,13:49:21,11.53,--,7,8071,买盘
916,13:49:18,11.53,--,19,21907,买盘
917,13:49:15,11.53,--,103,118759,买盘
918,13:49:12,11.53,--,105,121065,买盘
919,13:49:09,11.53,--,19,21907,买盘
920,13:49:06,11.53,--,53,61109,买盘
921,13:49:03,11.53,--,64,73792,买盘
922,13:49:00,11.53,0.01,25,28825,买盘
923,13:48:57,11.52,-0.01,51,58752,卖盘
924,13:48:54,11.53,-0.01,2,2306,卖盘
925,13:48:51,11.54,0.01,3,3461,买盘
926,13:48:48,11.53,--,32,36896,卖盘
927,13:48:42,11.53,0.01,5,5765,中性盘
928,13:48:36,11.52,--,15,17280,卖盘
929,13:48:33,11.52,-0.01,15,17280,卖盘
930,13:48:30,11.53,0.01,10,11530,中性盘
931,13:48:27,11.52,-0.01,41,48038,卖盘
932,13:48:24,11.53,0.01,24,27672,中性盘
933,13:48:21,11.52,-0.01,53,61056,卖盘
934,13:48:15,11.53,--,1,1153,卖盘
935,13:48:12,11.53,-0.01,8,9224,中性盘
936,13:48:06,11.54,--,2,2308,买盘
937,13:48:03,11.54,--,240,276960,买盘
938,13:47:57,11.54,--,107,123477,买盘
939,13:47:54,11.54,--,3,3461,买盘
940,13:47:48,11.54,0.01,20,23080,买盘
941,13:47:42,11.53,--,7,8071,买盘
942,13:47:39,11.53,--,80,92240,买盘
943,13:47:36,11.53,--,19,21907,买盘
944,13:47:33,11.53,--,117,134901,买盘
945,13:47:30,11.53,--,20,23060,买盘
946,13:47:27,11.53,--,53,61109,买盘
947,13:47:24,11.53,--,142,163726,买盘
948,13:47:21,11.53,--,82,94546,买盘
949,13:47:18,11.53,--,19,21907,买盘
950,13:47:15,11.53,0.01,141,162573,买盘
951,13:47:12,11.52,-0.01,122,140544,卖盘
952,13:47:09,11.53,0.01,35,40355,买盘
953,13:47:06,11.52,-0.01,86,99072,卖盘
954,13:47:03,11.53,--,32,36896,买盘
955,13:47:00,11.53,0.01,20,23060,买盘
956,13:46:57,11.52,--,88,101376,卖盘
957,13:46:54,11.52,-0.01,64,73728,卖盘
958,13:46:51,11.53,--,29,33437,买盘
959,13:46:48,11.53,--,145,167185,买盘
960,13:46:45,11.53,--,21,24213,买盘
961,13:46:42,11.53,--,20,23060,买盘
962,13:46:39,11.53,--,59,68027,买盘
963,13:46:36,11.53,--,20,23060,买盘
964,13:46:33,11.53,--,219,252507,买盘
965,13:46:30,11.53,0.01,29,33437,买盘
966,13:46:27,11.52,-0.01,69,79488,卖盘
967,13:46:24,11.53,--,19,21907,买盘
968,13:46:21,11.53,--,30,34590,买盘
969,13:46:18,11.53,--,19,21907,买盘
970,13:46:15,11.53,--,24,27672,买盘
971,13:46:12,11.53,--,19,21907,买盘
972,13:46:09,11.53,--,70,80710,买盘
973,13:46:06,11.53,--,28,32284,买盘
974,13:46:03,11.53,--,41,47273,买盘
975,13:46:00,11.53,0.01,19,21907,买盘
976,13:45:57,11.52,-0.01,35,40320,卖盘
977,13:45:48,11.53,--,7,8071,买盘
978,13:45:45,11.53,--,75,86475,买盘
979,13:45:42,11.53,--,31,35743,买盘
980,13:45:39,11.53,--,20,23060,买盘
981,13:45:36,11.53,--,19,21907,买盘
982,13:45:33,11.53,--,19,21907,买盘
983,13:45:30,11.53,--,5,5765,卖盘
984,13:45:27,11.53,--,14,16142,卖盘
985,13:45:21,11.53,--,17,19601,卖盘
986,13:45:12,11.53,-0.01,1,1153,卖盘
987,13:45:09,11.54,0.01,15,17310,买盘
988,13:45:06,11.53,--,9,10377,买盘
989,13:45:03,11.53,--,16,18448,卖盘
990,13:45:00,11.53,-0.01,55,63415,中性盘
991,13:44:57,11.54,0.01,102,117707,买盘
992,13:44:54,11.53,--,20,23060,买盘
993,13:44:51,11.53,--,1,1153,卖盘
994,13:44:39,11.53,--,8,9224,买盘
995,13:44:36,11.53,--,11,12683,卖盘
996,13:44:33,11.53,--,1,1153,卖盘
997,13:44:30,11.53,0.01,14,16142,中性盘
998,13:44:18,11.52,-0.02,56,64512,卖盘
999,13:44:15,11.54,0.01,4,4616,买盘
1000,13:44:09,11.53,-0.01,100,115300,卖盘
1001,13:44:06,11.54,0.01,10,11540,买盘
1002,13:43:57,11.53,--,208,239824,卖盘
1003,13:43:54,11.53,--,34,39202,卖盘
1004,13:43:51,11.53,-0.01,1,1153,卖盘
1005,13:43:48,11.54,0.01,251,289654,买盘
1006,13:43:45,11.53,--,210,242130,卖盘
1007,13:43:36,11.53,-0.01,45,51896,卖盘
1008,13:43:33,11.54,--,1,1154,买盘
1009,13:43:30,11.54,0.01,32,36928,买盘
1010,13:43:27,11.53,-0.01,47,54191,卖盘
1011,13:43:21,11.54,0.01,4,4616,买盘
1012,13:43:15,11.53,--,16,18448,卖盘
1013,13:43:12,11.53,--,1,1153,卖盘
1014,13:43:09,11.53,--,40,46120,卖盘
1015,13:43:06,11.53,--,36,41508,卖盘
1016,13:43:03,11.53,--,9,10377,卖盘
1017,13:43:00,11.53,--,33,38049,卖盘
1018,13:42:57,11.53,--,13,14989,卖盘
1019,13:42:42,11.53,-0.01,1,1153,卖盘
1020,13:42:39,11.54,0.01,28,32311,买盘
1021,13:42:27,11.53,-0.01,17,19601,卖盘
1022,13:42:24,11.54,-0.01,8,9820,卖盘
1023,13:42:06,11.55,0.01,62,71610,买盘
1024,13:42:03,11.54,--,26,30003,卖盘
1025,13:42:00,11.54,--,1,1154,卖盘
1026,13:41:57,11.54,--,14,16155,卖盘
1027,13:41:48,11.54,--,212,245213,买盘
1028,13:41:45,11.54,0.01,2,2308,买盘
1029,13:41:39,11.53,--,3,3459,卖盘
1030,13:41:36,11.53,-0.01,2,2306,卖盘
1031,13:41:30,11.54,0.01,3,3461,买盘
1032,13:41:27,11.53,--,52,59956,卖盘
1033,13:41:24,11.53,--,12,13836,卖盘
1034,13:41:21,11.53,--,1,1153,卖盘
1035,13:41:18,11.53,--,5,5765,卖盘
1036,13:41:06,11.53,--,21,24213,卖盘
1037,13:41:03,11.53,-0.01,42,48426,卖盘
1038,13:40:57,11.54,--,24,27695,买盘
1039,13:40:51,11.54,0.01,2,2308,买盘
1040,13:40:48,11.53,--,60,69180,卖盘
1041,13:40:45,11.53,--,33,38049,卖盘
1042,13:40:42,11.53,-0.01,136,156808,卖盘
1043,13:40:36,11.54,0.01,256,295424,买盘
1044,13:40:27,11.53,--,13,14989,卖盘
1045,13:40:18,11.53,--,4,4612,卖盘
1046,13:40:15,11.53,--,11,12683,卖盘
1047,13:40:12,11.53,--,6,6918,卖盘
1048,13:39:57,11.53,-0.01,27,31557,卖盘
1049,13:39:54,11.54,0.01,2,2308,买盘
1050,13:39:51,11.53,--,6,6918,卖盘
1051,13:39:48,11.53,--,11,12683,卖盘
1052,13:39:45,11.53,--,29,33437,卖盘
1053,13:39:42,11.53,-0.01,7,8071,卖盘
1054,13:39:39,11.54,0.01,19,21926,买盘
1055,13:39:27,11.53,--,13,14989,卖盘
1056,13:39:24,11.53,--,1,1314,买盘
1057,13:39:21,11.53,--,10,11530,买盘
1058,13:39:12,11.53,--,5,5765,买盘
1059,13:39:09,11.53,--,32,37887,卖盘
1060,13:39:06,11.53,--,89,102778,卖盘
1061,13:39:03,11.53,--,4,4612,卖盘
1062,13:38:57,11.53,--,234,269802,买盘
1063,13:38:54,11.53,--,12,13836,买盘
1064,13:38:51,11.53,0.01,2,2306,买盘
1065,13:38:48,11.52,-0.01,108,124416,卖盘
1066,13:38:42,11.53,0.01,369,425457,买盘
1067,13:38:39,11.52,-0.01,20,23040,卖盘
1068,13:38:33,11.53,0.01,7,8071,买盘
1069,13:38:27,11.52,--,13,14976,卖盘
1070,13:38:15,11.52,--,1,1152,卖盘
1071,13:38:12,11.52,--,15,17280,卖盘
1072,13:38:03,11.52,-0.01,27,31104,卖盘
1073,13:38:00,11.53,0.01,1,1153,买盘
1074,13:37:57,11.52,--,14,16128,卖盘
1075,13:37:54,11.52,--,16,18432,卖盘
1076,13:37:51,11.52,--,17,19584,卖盘
1077,13:37:48,11.52,--,4,4608,卖盘
1078,13:37:36,11.52,--,23,26496,卖盘
1079,13:37:33,11.52,-0.01,51,58752,卖盘
1080,13:37:30,11.53,0.01,20,23060,买盘
1081,13:37:27,11.52,-0.01,14,16128,卖盘
1082,13:37:24,11.53,0.01,102,117606,买盘
1083,13:37:21,11.52,-0.01,40,46080,卖盘
1084,13:37:18,11.53,--,2,2306,买盘
1085,13:37:06,11.53,0.01,2,2306,买盘
1086,13:37:00,11.52,--,26,29952,卖盘
1087,13:36:57,11.52,-0.01,17,19584,卖盘
1088,13:36:54,11.53,--,47,54191,卖盘
1089,13:36:42,11.53,-0.01,4,4612,卖盘
1090,13:36:39,11.54,0.02,5,5770,买盘
1091,13:36:33,11.52,-0.01,35,40320,卖盘
1092,13:36:30,11.53,-0.02,30,34590,卖盘
1093,13:36:27,11.55,0.01,28,32340,买盘
1094,13:36:24,11.54,0.01,95,109629,买盘
1095,13:36:21,11.53,0.01,10,11530,买盘
1096,13:36:15,11.52,--,5,5760,卖盘
1097,13:36:12,11.52,--,29,33408,卖盘
1098,13:36:06,11.52,--,22,25344,卖盘
1099,13:36:03,11.52,--,38,43776,卖盘
1100,13:35:57,11.52,--,39,44928,卖盘
1101,13:35:54,11.52,-0.01,40,46080,卖盘
1102,13:35:48,11.53,0.01,10,11530,买盘
1103,13:35:42,11.52,-0.01,1,1152,卖盘
1104,13:35:39,11.53,0.01,1,1153,买盘
1105,13:35:33,11.52,--,67,77598,卖盘
1106,13:35:27,11.52,--,94,108288,卖盘
1107,13:35:24,11.52,-0.01,4,4608,卖盘
1108,13:35:18,11.53,--,300,345900,买盘
1109,13:35:15,11.53,0.01,1,1153,买盘
1110,13:35:09,11.52,--,38,43776,卖盘
1111,13:35:06,11.52,--,29,33408,卖盘
1112,13:35:03,11.52,--,21,24192,卖盘
1113,13:35:00,11.52,--,1,1152,卖盘
1114,13:34:57,11.52,-0.01,13,14976,卖盘
1115,13:34:54,11.53,0.01,32,36896,买盘
1116,13:34:45,11.52,--,10,11520,卖盘
1117,13:34:42,11.52,--,23,26496,卖盘
1118,13:34:39,11.52,--,3,3456,卖盘
1119,13:34:36,11.52,--,52,59904,卖盘
1120,13:34:30,11.52,--,100,115200,卖盘
1121,13:34:27,11.52,-0.01,14,16128,卖盘
1122,13:34:24,11.53,0.01,63,72639,买盘
1123,13:34:21,11.52,--,6,6912,卖盘
1124,13:34:18,11.52,--,14,16128,卖盘
1125,13:34:15,11.52,-0.01,4,4608,卖盘
1126,13:34:12,11.53,--,3,3459,买盘
1127,13:34:09,11.53,0.01,37,42661,买盘
1128,13:34:06,11.52,--,86,99936,卖盘
1129,13:34:00,11.52,--,12,13824,卖盘
1130,13:33:57,11.52,--,14,16128,卖盘
1131,13:33:54,11.52,--,82,94464,卖盘
1132,13:33:51,11.52,-0.01,48,55296,卖盘
1133,13:33:48,11.53,0.01,100,115300,中性盘
1134,13:33:36,11.52,-0.01,41,47232,卖盘
1135,13:33:33,11.53,--,12,13836,卖盘
1136,13:33:30,11.53,-0.01,68,78404,卖盘
1137,13:33:27,11.54,0.01,113,130401,买盘
1138,13:33:24,11.53,--,14,16142,卖盘
1139,13:33:18,11.53,--,50,57650,卖盘
1140,13:33:15,11.53,-0.01,18,20754,卖盘
1141,13:33:12,11.54,0.01,45,51929,买盘
1142,13:33:09,11.53,--,58,66874,卖盘
1143,13:33:06,11.53,--,1,1153,卖盘
1144,13:33:03,11.53,--,42,49475,卖盘
1145,13:33:00,11.53,--,4,4612,卖盘
1146,13:32:57,11.53,--,65,74945,卖盘
1147,13:32:51,11.53,--,5,5765,卖盘
1148,13:32:39,11.53,--,10,11530,卖盘
1149,13:32:33,11.53,-0.01,37,42661,卖盘
1150,13:32:30,11.54,0.01,1,1154,买盘
1151,13:32:27,11.53,--,64,74160,卖盘
1152,13:32:24,11.53,-0.01,8,9224,卖盘
1153,13:32:18,11.54,0.01,3,3461,买盘
1154,13:32:15,11.53,--,2,2306,卖盘
1155,13:32:09,11.53,--,13,14989,卖盘
1156,13:32:03,11.53,--,13,14989,卖盘
1157,13:32:00,11.53,--,22,25366,卖盘
1158,13:31:57,11.53,--,14,16142,卖盘
1159,13:31:51,11.53,--,5,5765,卖盘
1160,13:31:48,11.53,-0.01,33,38049,卖盘
1161,13:31:39,11.54,--,2,2308,买盘
1162,13:31:30,11.54,--,87,100397,卖盘
1163,13:31:27,11.54,-0.01,89,102705,卖盘
1164,13:31:21,11.55,0.01,118,136290,买盘
1165,13:31:18,11.54,--,1,1154,卖盘
1166,13:31:15,11.54,--,6,6923,卖盘
1167,13:31:00,11.54,--,99,114245,卖盘
1168,13:30:57,11.54,-0.01,26,30003,卖盘
1169,13:30:54,11.55,0.01,100,115500,买盘
1170,13:30:48,11.54,--,13,15001,卖盘
1171,13:30:42,11.54,--,16,18464,卖盘
1172,13:30:39,11.54,--,1,1154,卖盘
1173,13:30:36,11.54,-0.01,4,4616,卖盘
1174,13:30:30,11.55,0.01,3,3465,买盘
1175,13:30:27,11.54,--,13,15001,卖盘
1176,13:30:21,11.54,--,47,54237,卖盘
1177,13:30:15,11.54,--,1,1154,卖盘
1178,13:30:09,11.54,-0.01,26,30003,卖盘
1179,13:30:06,11.55,0.01,40,46200,买盘
1180,13:30:00,11.54,0.01,3,3461,买盘
1181,13:29:57,11.53,-0.01,14,16142,卖盘
1182,13:29:48,11.54,0.01,14,16155,买盘
1183,13:29:39,11.53,--,2,2306,卖盘
1184,13:29:36,11.53,-0.01,42,49544,卖盘
1185,13:29:27,11.54,--,47,54272,卖盘
1186,13:29:21,11.54,--,18,20772,卖盘
1187,13:29:18,11.54,-0.01,104,120015,卖盘
1188,13:29:15,11.55,0.01,56,64680,买盘
1189,13:29:12,11.54,--,2,2308,卖盘
1190,13:29:09,11.54,--,182,210027,卖盘
1191,13:28:57,11.54,--,13,15001,卖盘
1192,13:28:54,11.54,-0.01,27,31157,卖盘
1193,13:28:45,11.55,--,17,19635,买盘
1194,13:28:42,11.55,0.01,3,3465,买盘
1195,13:28:36,11.54,--,12,13847,卖盘
1196,13:28:30,11.54,--,2,2308,卖盘
1197,13:28:27,11.54,--,14,16155,卖盘
1198,13:28:18,11.54,--,42,48468,卖盘
1199,13:28:12,11.54,-0.01,4,4616,卖盘
1200,13:28:09,11.55,0.01,44,50820,买盘
1201,13:28:06,11.54,--,2,2308,卖盘
1202,13:28:03,11.54,--,1,1154,卖盘
1203,13:28:00,11.54,-0.01,1,1154,卖盘
1204,13:27:57,11.55,--,24,27720,买盘
1205,13:27:45,11.55,0.01,3,3465,买盘
1206,13:27:33,11.54,--,10,11540,卖盘
1207,13:27:27,11.54,--,31,35774,卖盘
1208,13:27:24,11.54,--,133,153482,卖盘
1209,13:27:12,11.54,--,119,137326,卖盘
1210,13:27:09,11.54,-0.01,66,76164,卖盘
1211,13:27:06,11.55,--,20,23100,买盘
1212,13:27:00,11.55,0.01,1,1155,买盘
1213,13:26:57,11.54,--,17,19618,卖盘
1214,13:26:54,11.54,-0.01,44,51145,卖盘
1215,13:26:48,11.55,--,5,5775,买盘
1216,13:26:45,11.55,0.01,43,49665,买盘
1217,13:26:39,11.54,-0.01,129,148866,卖盘
1218,13:26:33,11.55,0.01,24,27720,买盘
1219,13:26:27,11.54,--,44,50775,卖盘
1220,13:26:18,11.54,--,11,12693,卖盘
1221,13:26:12,11.54,--,1,1154,卖盘
1222,13:26:09,11.54,-0.01,24,28261,卖盘
1223,13:26:03,11.55,0.01,30,34650,买盘
1224,13:25:57,11.54,--,16,18464,卖盘
1225,13:25:51,11.54,--,5,5770,卖盘
1226,13:25:48,11.54,--,9,10386,卖盘
1227,13:25:45,11.54,--,40,46160,卖盘
1228,13:25:33,11.54,--,1,1154,卖盘
1229,13:25:30,11.54,--,8,9232,卖盘
1230,13:25:15,11.54,-0.02,1,1154,卖盘
1231,13:25:12,11.56,0.02,2,2312,买盘
1232,13:25:03,11.54,-0.01,47,54237,卖盘
1233,13:25:00,11.55,0.01,3,3465,买盘
1234,13:24:57,11.54,--,14,16155,卖盘
1235,13:24:51,11.54,-0.01,136,156944,卖盘
1236,13:24:42,11.55,--,14,16170,卖盘
1237,13:24:39,11.55,--,12,13860,卖盘
1238,13:24:33,11.55,--,4,4620,中性盘
1239,13:24:30,11.55,0.01,7,8085,买盘
1240,13:24:27,11.54,--,19,21926,卖盘
1241,13:24:18,11.54,--,2,2308,卖盘
1242,13:24:15,11.54,--,12,13847,卖盘
1243,13:24:12,11.54,-0.01,2,2308,卖盘
1244,13:24:09,11.55,--,2,2310,卖盘
1245,13:24:06,11.55,0.01,17,19635,买盘
1246,13:24:03,11.54,-0.01,4,4616,卖盘
1247,13:24:00,11.55,0.01,71,82005,买盘
1248,13:23:57,11.54,--,14,16155,卖盘
1249,13:23:54,11.54,--,91,106121,卖盘
1250,13:23:51,11.54,-0.01,2,2308,卖盘
1251,13:23:48,11.55,0.01,80,92400,买盘
1252,13:23:33,11.54,-0.01,1,1154,卖盘
1253,13:23:30,11.55,0.01,10,11550,买盘
1254,13:23:27,11.54,-0.02,63,72702,卖盘
1255,13:23:21,11.56,0.02,79,91324,买盘
1256,13:23:18,11.54,--,20,23080,卖盘
1257,13:23:15,11.54,0.01,58,67162,买盘
1258,13:23:12,11.53,--,2,2306,卖盘
1259,13:23:09,11.53,--,14,16142,卖盘
1260,13:23:00,11.53,-0.01,3,3459,卖盘
1261,13:22:57,11.54,--,34,39236,买盘
1262,13:22:54,11.54,--,13,15925,卖盘
1263,13:22:51,11.54,0.01,6,7154,买盘
1264,13:22:48,11.53,-0.01,34,39202,卖盘
1265,13:22:42,11.54,--,10,11540,买盘
1266,13:22:39,11.54,--,42,48468,买盘
1267,13:22:36,11.54,0.01,30,34620,买盘
1268,13:22:30,11.53,--,1,1153,卖盘
1269,13:22:27,11.53,-0.01,16,18448,卖盘
1270,13:22:24,11.54,-0.02,62,72471,卖盘
1271,13:22:15,11.56,0.02,15,17340,买盘
1272,13:22:12,11.54,--,4,4616,卖盘
1273,13:22:03,11.54,--,100,115399,卖盘
1274,13:22:00,11.54,--,112,129247,卖盘
1275,13:21:57,11.54,-0.02,2,2308,卖盘
1276,13:21:54,11.56,0.02,2,2312,买盘
1277,13:21:51,11.54,-0.01,47,54237,卖盘
1278,13:21:45,11.55,--,362,418110,卖盘
1279,13:21:42,11.55,-0.01,45,51975,卖盘
1280,13:21:39,11.56,--,20,23120,卖盘
1281,13:21:36,11.56,-0.01,9,10404,卖盘
1282,13:21:33,11.57,0.01,14,16198,买盘
1283,13:21:30,11.56,--,12,13872,卖盘
1284,13:21:27,11.56,--,13,15028,卖盘
1285,13:21:24,11.56,--,81,93636,卖盘
1286,13:21:21,11.56,0.01,75,86700,买盘
1287,13:21:15,11.55,--,11,12705,卖盘
1288,13:21:12,11.55,--,1,1155,卖盘
1289,13:21:06,11.55,--,7,8085,卖盘
1290,13:21:03,11.55,0.01,257,296835,买盘
1291,13:21:00,11.54,--,88,101551,卖盘
1292,13:20:57,11.54,0.01,287,331428,买盘
1293,13:20:51,11.53,0.01,15,17295,买盘
1294,13:20:48,11.52,-0.01,22,26323,卖盘
1295,13:20:39,11.53,0.01,2,2306,买盘
1296,13:20:30,11.52,--,1,1152,卖盘
1297,13:20:27,11.52,--,18,20736,卖盘
1298,13:20:21,11.52,--,5,5760,卖盘
1299,13:20:09,11.52,--,58,66816,卖盘
1300,13:20:03,11.52,-0.01,11,12672,卖盘
1301,13:20:00,11.53,--,76,87628,卖盘
1302,13:19:57,11.53,--,13,14989,卖盘
1303,13:19:51,11.53,--,1,1153,卖盘
1304,13:19:48,11.53,-0.01,1,1153,卖盘
1305,13:19:45,11.54,0.01,2,2308,买盘
1306,13:19:42,11.53,-0.01,4,4612,卖盘
1307,13:19:39,11.54,--,2,2308,买盘
1308,13:19:27,11.54,0.01,38,43852,买盘
1309,13:19:21,11.53,--,13,14989,卖盘
1310,13:19:18,11.53,--,76,87628,卖盘
1311,13:19:03,11.53,--,83,95699,卖盘
1312,13:19:00,11.53,--,2,2306,卖盘
1313,13:18:57,11.53,--,13,14989,卖盘
1314,13:18:51,11.53,-0.01,12,13836,卖盘
1315,13:18:48,11.54,0.01,1,1154,买盘
1316,13:18:36,11.53,--,3,3459,卖盘
1317,13:18:33,11.53,0.01,18,20754,买盘
1318,13:18:27,11.52,-0.01,11,12672,卖盘
1319,13:18:21,11.53,-0.02,1,1153,卖盘
1320,13:18:12,11.55,0.01,5,5775,买盘
1321,13:18:06,11.54,--,16,18464,卖盘
1322,13:18:03,11.54,--,12,13847,卖盘
1323,13:18:00,11.54,--,1,1154,卖盘
1324,13:17:57,11.54,-0.01,65,75010,卖盘
1325,13:17:51,11.55,0.03,2,2310,买盘
1326,13:17:42,11.52,-0.03,237,273024,卖盘
1327,13:17:39,11.55,0.01,57,65835,买盘
1328,13:17:36,11.54,--,12,13847,卖盘
1329,13:17:27,11.54,--,14,16155,卖盘
1330,13:17:24,11.54,--,1,1154,卖盘
1331,13:17:18,11.54,--,5,5770,卖盘
1332,13:17:15,11.54,--,295,340430,卖盘
1333,13:17:12,11.54,0.01,84,97212,买盘
1334,13:17:09,11.53,-0.01,2,2306,卖盘
1335,13:17:06,11.54,0.01,2,2308,买盘
1336,13:17:03,11.53,--,4,4612,卖盘
1337,13:17:00,11.53,--,8,9224,卖盘
1338,13:16:57,11.53,--,16,18448,卖盘
1339,13:16:48,11.53,-0.01,2,2306,中性盘
1340,13:16:42,11.54,0.02,263,303502,买盘
1341,13:16:36,11.52,--,39,44928,卖盘
1342,13:16:33,11.52,-0.01,12,13824,卖盘
1343,13:16:30,11.53,0.01,10,11530,买盘
1344,13:16:27,11.52,--,13,14976,卖盘
1345,13:16:21,11.52,--,22,25344,卖盘
1346,13:16:15,11.52,--,35,40320,卖盘
1347,13:16:09,11.52,--,12,13824,卖盘
1348,13:16:06,11.52,--,37,42624,卖盘
1349,13:16:03,11.52,--,6,6912,卖盘
1350,13:16:00,11.52,-0.01,1,1152,卖盘
1351,13:15:57,11.53,--,0,564,卖盘
1352,13:15:54,11.53,--,302,348794,买盘
1353,13:15:51,11.53,0.01,30,34590,买盘
1354,13:15:45,11.52,--,20,23040,卖盘
1355,13:15:42,11.52,-0.01,15,17280,卖盘
1356,13:15:36,11.53,0.01,8,9224,买盘
1357,13:15:30,11.52,--,1,1152,卖盘
1358,13:15:27,11.52,-0.01,34,39168,卖盘
1359,13:15:24,11.53,--,400,461200,买盘
1360,13:15:18,11.53,--,17,19601,买盘
1361,13:15:09,11.53,0.01,2,2306,买盘
1362,13:14:57,11.52,-0.01,61,70272,卖盘
1363,13:14:54,11.53,--,3,3459,买盘
1364,13:14:51,11.53,0.01,10,11530,买盘
1365,13:14:48,11.52,--,1,1152,卖盘
1366,13:14:45,11.52,--,4,4608,卖盘
1367,13:14:42,11.52,--,10,11520,卖盘
1368,13:14:27,11.52,-0.01,17,19584,卖盘
1369,13:14:18,11.53,0.01,200,230600,买盘
1370,13:14:15,11.52,-0.01,211,243072,卖盘
1371,13:14:12,11.53,--,2,2306,买盘
1372,13:14:09,11.53,0.01,61,70333,买盘
1373,13:14:06,11.52,-0.01,2,2304,卖盘
1374,13:14:00,11.53,0.01,3,3459,买盘
1375,13:13:57,11.52,--,14,16128,卖盘
1376,13:13:48,11.52,--,20,23040,卖盘
1377,13:13:33,11.52,--,4,4608,卖盘
1378,13:13:30,11.52,--,1,1152,卖盘
1379,13:13:27,11.52,-0.01,13,14976,卖盘
1380,13:13:15,11.53,--,3,3459,买盘
1381,13:13:03,11.53,0.01,4,4612,买盘
1382,13:12:57,11.52,--,455,524160,卖盘
1383,13:12:54,11.52,--,1,1152,卖盘
1384,13:12:51,11.52,-0.01,9,10368,卖盘
1385,13:12:48,11.53,--,43,49579,买盘
1386,13:12:39,11.53,--,120,138924,卖盘
1387,13:12:33,11.53,-0.01,69,79557,卖盘
1388,13:12:30,11.54,0.01,16,18464,买盘
1389,13:12:27,11.53,-0.01,18,20754,卖盘
1390,13:12:21,11.54,0.01,5,5770,买盘
1391,13:12:18,11.53,-0.01,584,673352,卖盘
1392,13:12:09,11.54,0.01,3,3461,买盘
1393,13:11:57,11.53,--,13,14989,卖盘
1394,13:11:48,11.53,--,4,4612,卖盘
1395,13:11:45,11.53,-0.02,5,5765,卖盘
1396,13:11:30,11.55,0.01,69,79695,买盘
1397,13:11:27,11.54,--,202,233107,卖盘
1398,13:11:24,11.54,-0.01,8,9232,卖盘
1399,13:11:21,11.55,0.01,2,2310,买盘
1400,13:11:15,11.54,-0.01,2,2308,卖盘
1401,13:11:12,11.55,0.01,3,3465,买盘
1402,13:11:09,11.54,-0.01,4,4616,卖盘
1403,13:11:06,11.55,--,21,24255,买盘
1404,13:11:03,11.55,0.01,30,34650,买盘
1405,13:11:00,11.54,--,1,1154,卖盘
1406,13:10:57,11.54,-0.01,15,17310,卖盘
1407,13:10:54,11.55,0.01,27,31185,买盘
1408,13:10:51,11.54,0.01,66,76752,买盘
1409,13:10:45,11.53,-0.01,1,1153,卖盘
1410,13:10:39,11.54,--,4,4616,买盘
1411,13:10:33,11.54,--,24,27695,买盘
1412,13:10:30,11.54,0.01,121,139634,买盘
1413,13:10:27,11.53,--,24,27672,卖盘
1414,13:10:21,11.53,-0.01,1,1153,卖盘
1415,13:10:18,11.54,0.01,4,4616,买盘
1416,13:10:12,11.53,-0.01,4,4612,卖盘
1417,13:10:00,11.54,0.01,24,27695,买盘
1418,13:09:57,11.53,-0.01,18,20754,卖盘
1419,13:09:54,11.54,--,1,1154,卖盘
1420,13:09:51,11.54,-0.01,7,8077,卖盘
1421,13:09:39,11.55,-0.02,84,97020,买盘
1422,13:09:36,11.57,0.04,84,97188,买盘
1423,13:09:33,11.53,-0.01,523,603019,卖盘
1424,13:09:30,11.54,0.01,1,1154,买盘
1425,13:09:27,11.53,-0.02,10,11530,卖盘
1426,13:09:24,11.55,-0.02,3,3465,中性盘
1427,13:09:12,11.57,0.04,34,39338,买盘
1428,13:09:09,11.53,--,26,29978,卖盘
1429,13:09:06,11.53,-0.01,91,104923,卖盘
1430,13:08:57,11.54,--,6,7558,卖盘
1431,13:08:54,11.54,--,36,41544,卖盘
1432,13:08:51,11.54,--,4,4616,卖盘
1433,13:08:42,11.54,-0.01,1,1673,卖盘
1434,13:08:39,11.55,0.01,2,2310,买盘
1435,13:08:33,11.54,--,12,13847,卖盘
1436,13:08:30,11.54,--,1,1154,卖盘
1437,13:08:27,11.54,-0.01,17,19618,卖盘
1438,13:08:03,11.55,0.01,24,27720,买盘
1439,13:08:00,11.54,--,51,58853,卖盘
1440,13:07:57,11.54,--,14,16155,卖盘
1441,13:07:54,11.54,--,20,23080,卖盘
1442,13:07:51,11.54,--,7,8077,卖盘
1443,13:07:48,11.54,-0.01,25,28849,卖盘
1444,13:07:45,11.55,0.01,2,2310,买盘
1445,13:07:36,11.54,-0.01,4,4616,卖盘
1446,13:07:33,11.55,--,3,3465,买盘
1447,13:07:27,11.55,--,11,12705,中性盘
1448,13:07:15,11.55,--,11,12705,买盘
1449,13:07:12,11.55,-0.02,4,4620,中性盘
1450,13:06:48,11.57,--,1,1157,买盘
1451,13:06:45,11.57,0.02,27,31239,买盘
1452,13:06:36,11.55,0.01,42,48510,中性盘
1453,13:06:33,11.54,-0.01,144,166176,卖盘
1454,13:06:27,11.55,--,32,36960,卖盘
1455,13:06:24,11.55,--,4,4620,卖盘
1456,13:06:18,11.55,--,48,55440,卖盘
1457,13:06:06,11.55,--,2,2310,卖盘
1458,13:06:00,11.55,-0.01,1,1155,卖盘
1459,13:05:57,11.56,-0.01,5,5780,卖盘
1460,13:05:45,11.57,--,3,3471,买盘
1461,13:05:36,11.57,0.02,3,3471,买盘
1462,13:05:30,11.55,--,1,1155,卖盘
1463,13:05:27,11.55,--,13,15015,卖盘
1464,13:05:12,11.55,--,26,30030,卖盘
1465,13:05:09,11.55,-0.01,46,53130,卖盘
1466,13:05:06,11.56,-0.01,10,11560,卖盘
1467,13:05:03,11.57,0.01,2,2314,买盘
1468,13:04:57,11.56,--,14,16184,卖盘
1469,13:04:51,11.56,-0.01,1,1156,卖盘
1470,13:04:48,11.57,0.01,3,3471,买盘
1471,13:04:33,11.56,0.01,43,49708,买盘
1472,13:04:27,11.55,--,13,15015,卖盘
1473,13:04:18,11.55,--,2,2310,卖盘
1474,13:04:12,11.55,-0.01,1,1155,中性盘
1475,13:04:03,11.56,0.02,1,1156,买盘
1476,13:03:57,11.54,-0.03,4,4616,卖盘
1477,13:03:51,11.57,--,36,41652,买盘
1478,13:03:48,11.57,0.02,32,37024,买盘
1479,13:03:45,11.55,0.01,101,116655,买盘
1480,13:03:33,11.54,-0.03,1,1154,中性盘
1481,13:03:21,11.57,-0.01,2,2314,卖盘
1482,13:03:09,11.58,0.05,151,174858,买盘
1483,13:03:06,11.53,-0.04,526,606478,卖盘
1484,13:02:57,11.57,--,26,30082,买盘
1485,13:02:48,11.57,-0.01,37,42809,卖盘
1486,13:02:45,11.58,0.01,38,44004,买盘
1487,13:02:42,11.57,--,168,194376,卖盘
1488,13:02:33,11.57,--,27,31239,卖盘
1489,13:02:27,11.57,--,14,16198,卖盘
1490,13:02:15,11.57,--,16,18512,卖盘
1491,13:02:12,11.57,--,1,1157,卖盘
1492,13:02:09,11.57,-0.01,38,43966,卖盘
1493,13:02:00,11.58,0.01,3,3474,买盘
1494,13:01:57,11.57,-0.01,37,42809,卖盘
1495,13:01:54,11.58,0.01,39,45162,买盘
1496,13:01:51,11.57,--,129,149253,卖盘
1497,13:01:48,11.57,-0.01,8,9256,卖盘
1498,13:01:36,11.58,--,22,25476,买盘
1499,13:01:33,11.58,--,24,27792,买盘
1500,13:01:30,11.58,0.01,36,41688,买盘
1501,13:01:27,11.57,--,14,16198,卖盘
1502,13:01:24,11.57,-0.01,6,6942,卖盘
1503,13:01:21,11.58,0.01,1,1158,买盘
1504,13:01:09,11.57,--,4,4628,卖盘
1505,13:01:00,11.57,--,2,2314,卖盘
1506,13:00:57,11.57,--,13,15041,卖盘
1507,13:00:54,11.57,--,1,1157,卖盘
1508,13:00:51,11.57,--,36,41652,卖盘
1509,13:00:27,11.57,-0.01,14,16198,卖盘
1510,13:00:24,11.58,--,22,25476,买盘
1511,13:00:21,11.58,--,42,48636,买盘
1512,13:00:15,11.58,--,29,33582,买盘
1513,13:00:12,11.58,--,9,10422,买盘
1514,13:00:09,11.58,0.01,98,113484,买盘
1515,13:00:06,11.57,-0.01,200,231400,卖盘
1516,13:00:03,11.58,0.01,524,606792,买盘
1517,13:00:00,11.57,--,0,0,卖盘
1518,11:30:00,11.57,--,0,0,卖盘
1519,11:29:57,11.57,--,10,11570,卖盘
1520,11:29:51,11.57,-0.01,57,65949,卖盘
1521,11:29:48,11.58,--,51,59058,买盘
1522,11:29:45,11.58,0.01,184,213072,买盘
1523,11:29:42,11.57,0.03,40,46280,买盘
1524,11:29:30,11.54,-0.04,6,6923,卖盘
1525,11:29:18,11.58,0.04,3,3474,买盘
1526,11:29:15,11.54,--,2,2308,卖盘
1527,11:29:12,11.54,--,57,65778,卖盘
1528,11:29:09,11.54,-0.03,77,88858,卖盘
1529,11:29:06,11.57,0.04,2,2314,买盘
1530,11:28:57,11.53,-0.05,8,9224,卖盘
1531,11:28:48,11.58,0.01,100,115800,买盘
1532,11:28:45,11.57,0.01,325,376025,买盘
1533,11:28:39,11.56,--,1,1156,买盘
1534,11:28:24,11.56,-0.01,3,3468,中性盘
1535,11:28:18,11.57,0.04,29,33553,买盘
1536,11:28:15,11.53,--,83,95699,卖盘
1537,11:28:06,11.53,--,4,4612,卖盘
1538,11:28:03,11.53,-0.02,144,166032,卖盘
1539,11:28:00,11.55,0.02,117,135135,买盘
1540,11:27:51,11.53,--,13,14989,卖盘
1541,11:27:48,11.53,--,782,901646,买盘
1542,11:27:42,11.53,0.01,146,168338,中性盘
1543,11:27:39,11.52,-0.02,456,525312,卖盘
1544,11:27:33,11.54,--,8,9232,买盘
1545,11:27:27,11.54,0.01,3,3461,买盘
1546,11:27:21,11.53,--,14,16142,卖盘
1547,11:27:15,11.53,-0.01,2,2306,卖盘
1548,11:27:09,11.54,--,21,24234,买盘
1549,11:27:06,11.54,-0.01,6,6923,中性盘
1550,11:27:03,11.55,0.02,27,31185,买盘
1551,11:27:00,11.53,--,112,129136,卖盘
1552,11:26:54,11.53,-0.01,24,27672,卖盘
1553,11:26:51,11.54,-0.01,8,9232,卖盘
1554,11:26:48,11.55,0.01,2,2310,买盘
1555,11:26:45,11.54,-0.01,41,47314,中性盘
1556,11:26:39,11.55,0.01,28,32340,买盘
1557,11:26:36,11.54,--,86,99243,买盘
1558,11:26:33,11.54,--,96,110783,卖盘
1559,11:26:30,11.54,--,4,4616,卖盘
1560,11:26:27,11.54,-0.01,10,11540,卖盘
1561,11:26:24,11.55,0.01,33,38115,买盘
1562,11:26:21,11.54,-0.01,112,129247,卖盘
1563,11:26:18,11.55,--,10,11550,买盘
1564,11:26:12,11.55,--,2,2310,买盘
1565,11:26:00,11.55,--,10,11550,买盘
1566,11:25:57,11.55,--,8,9240,买盘
1567,11:25:51,11.55,0.01,15,17325,中性盘
1568,11:25:42,11.54,-0.02,12,13847,卖盘
1569,11:25:39,11.56,--,41,47396,买盘
1570,11:25:30,11.56,0.02,55,63580,买盘
1571,11:25:27,11.54,-0.01,135,155790,卖盘
1572,11:25:21,11.55,--,7,8085,卖盘
1573,11:25:18,11.55,0.01,10,11550,买盘
1574,11:25:12,11.54,-0.01,3,3461,卖盘
1575,11:25:09,11.55,--,19,21945,买盘
1576,11:24:57,11.55,0.01,3,3465,买盘
1577,11:24:51,11.54,-0.01,13,15001,卖盘
1578,11:24:45,11.55,--,72,83160,买盘
1579,11:24:42,11.55,--,66,76230,买盘
1580,11:24:39,11.55,0.01,5,5775,买盘
1581,11:24:36,11.54,-0.01,4,4616,卖盘
1582,11:24:33,11.55,--,150,173250,买盘
1583,11:24:30,11.55,0.01,70,80850,买盘
1584,11:24:27,11.54,-0.01,60,69240,卖盘
1585,11:24:24,11.55,0.01,130,150150,买盘
1586,11:24:21,11.54,-0.01,14,16155,卖盘
1587,11:24:15,11.55,0.01,13,15015,买盘
1588,11:24:12,11.54,-0.01,28,32311,卖盘
1589,11:24:03,11.55,0.01,2,2310,买盘
1590,11:24:00,11.54,--,30,34620,卖盘
1591,11:23:51,11.54,-0.01,20,23080,卖盘
1592,11:23:48,11.55,0.01,3,3465,买盘
1593,11:23:45,11.54,--,30,34620,卖盘
1594,11:23:36,11.54,--,19,21926,卖盘
1595,11:23:30,11.54,0.01,14,16155,买盘
1596,11:23:27,11.53,--,10,11530,卖盘
1597,11:23:24,11.53,-0.02,4,4612,卖盘
1598,11:23:18,11.55,0.01,42,48510,买盘
1599,11:23:15,11.54,--,398,459291,买盘
1600,11:23:06,11.54,0.01,8,9232,买盘
1601,11:23:00,11.53,-0.01,69,79557,卖盘
1602,11:22:54,11.54,0.01,39,45006,买盘
1603,11:22:51,11.53,--,14,16142,卖盘
1604,11:22:42,11.53,--,6,6918,卖盘
1605,11:22:39,11.53,-0.01,7,8071,卖盘
1606,11:22:33,11.54,0.01,2,2308,买盘
1607,11:22:30,11.53,--,10,11530,卖盘
1608,11:22:21,11.53,--,169,194857,卖盘
1609,11:22:18,11.53,--,407,469962,卖盘
1610,11:22:12,11.53,--,11,12683,卖盘
1611,11:22:06,11.53,-0.01,8,9224,卖盘
1612,11:21:57,11.54,0.01,3,3461,买盘
1613,11:21:51,11.53,-0.01,14,16142,卖盘
1614,11:21:33,11.54,--,20,23080,买盘
1615,11:21:27,11.54,0.01,24,27695,买盘
1616,11:21:24,11.53,--,2,2306,卖盘
1617,11:21:21,11.53,-0.01,14,16142,卖盘
1618,11:21:18,11.54,0.01,2,2308,买盘
1619,11:21:06,11.53,-0.01,4,4612,卖盘
1620,11:21:03,11.54,--,3,3461,买盘
1621,11:20:54,11.54,0.01,9,10386,买盘
1622,11:20:51,11.53,--,13,14989,卖盘
1623,11:20:48,11.53,--,12,13836,卖盘
1624,11:20:42,11.53,--,10,11530,卖盘
1625,11:20:30,11.53,--,27,31131,卖盘
1626,11:20:27,11.53,--,87,100311,卖盘
1627,11:20:21,11.53,--,15,17295,卖盘
1628,11:20:15,11.53,-0.01,11,12683,卖盘
1629,11:20:09,11.54,0.01,4,4616,买盘
1630,11:19:54,11.53,--,4,4612,卖盘
1631,11:19:51,11.53,-0.01,13,14989,卖盘
1632,11:19:27,11.54,0.01,2,2308,买盘
1633,11:19:21,11.53,--,14,16142,卖盘
1634,11:19:18,11.53,-0.01,2,2306,卖盘
1635,11:19:12,11.54,--,9,10386,买盘
1636,11:18:57,11.54,--,55,63469,卖盘
1637,11:18:54,11.54,--,104,120015,买盘
1638,11:18:51,11.54,0.01,74,85396,买盘
1639,11:18:45,11.53,-0.01,4,4612,卖盘
1640,11:18:33,11.54,--,11,12693,买盘
1641,11:18:30,11.54,0.01,18,20772,买盘
1642,11:18:27,11.53,--,27,31131,卖盘
1643,11:18:21,11.53,-0.01,33,38049,卖盘
1644,11:18:18,11.54,--,3,3461,买盘
1645,11:18:09,11.54,0.01,10,11540,买盘
1646,11:18:06,11.53,--,39,44967,卖盘
1647,11:18:00,11.53,--,15,17295,卖盘
1648,11:17:54,11.53,--,18,20754,卖盘
1649,11:17:51,11.53,-0.01,22,25366,卖盘
1650,11:17:48,11.54,--,35,40390,卖盘
1651,11:17:45,11.54,0.01,106,122323,买盘
1652,11:17:42,11.53,--,13,14989,卖盘
1653,11:17:39,11.53,-0.01,4,4612,卖盘
1654,11:17:36,11.54,0.01,1,1154,买盘
1655,11:17:33,11.53,-0.01,21,24213,卖盘
1656,11:17:24,11.54,0.01,103,118861,买盘
1657,11:17:21,11.53,--,13,14989,卖盘
1658,11:17:09,11.53,--,276,318228,卖盘
1659,11:17:06,11.53,-0.01,3,3459,卖盘
1660,11:17:03,11.54,0.01,10,11540,买盘
1661,11:16:57,11.53,-0.01,38,43814,卖盘
1662,11:16:51,11.54,0.01,17,19618,买盘
1663,11:16:48,11.53,--,3,3528,卖盘
1664,11:16:45,11.53,-0.01,2,2801,卖盘
1665,11:16:42,11.54,0.01,4,5112,买盘
1666,11:16:36,11.53,--,2,2790,卖盘
1667,11:16:33,11.53,--,1,1153,卖盘
1668,11:16:30,11.53,--,10,12014,卖盘
1669,11:16:27,11.53,--,62,71981,卖盘
1670,11:16:24,11.53,--,35,40355,卖盘
1671,11:16:21,11.53,--,55,63899,卖盘
1672,11:16:18,11.53,--,2,2790,卖盘
1673,11:16:15,11.53,-0.01,140,161904,卖盘
1674,11:16:12,11.54,--,2,2804,卖盘
1675,11:16:09,11.54,-0.01,35,40874,卖盘
1676,11:15:54,11.55,0.01,20,23100,买盘
1677,11:15:51,11.54,--,13,15001,卖盘
1678,11:15:48,11.54,-0.01,4,4616,卖盘
1679,11:15:45,11.55,--,2,2310,买盘
1680,11:15:39,11.55,0.01,5,5775,买盘
1681,11:15:36,11.54,--,116,133921,卖盘
1682,11:15:33,11.54,--,2,2804,卖盘
1683,11:15:27,11.54,--,4,5596,卖盘
1684,11:15:24,11.54,--,68,78472,卖盘
1685,11:15:21,11.54,--,23,27026,卖盘
1686,11:15:18,11.54,--,2,2792,卖盘
1687,11:15:12,11.54,-0.01,34,39732,卖盘
1688,11:15:09,11.55,0.01,52,60556,买盘
1689,11:15:06,11.54,--,4,4616,卖盘
1690,11:15:03,11.54,--,9,11355,卖盘
1691,11:14:57,11.54,-0.01,29,33962,卖盘
1692,11:14:54,11.55,0.01,21,24255,买盘
1693,11:14:51,11.54,--,14,16155,卖盘
1694,11:14:48,11.54,-0.01,1,1154,卖盘
1695,11:14:36,11.55,0.01,5,5775,买盘
1696,11:14:24,11.54,--,28,32311,卖盘
1697,11:14:21,11.54,--,13,15048,卖盘
1698,11:14:18,11.54,--,2,2804,卖盘
1699,11:14:12,11.54,--,6,7408,卖盘
1700,11:14:09,11.54,--,2,2792,卖盘
1701,11:14:03,11.54,--,4,5608,卖盘
1702,11:14:00,11.54,--,2,2804,卖盘
1703,11:13:57,11.54,-0.01,11,12693,卖盘
1704,11:13:54,11.55,0.01,4,5116,买盘
1705,11:13:51,11.54,--,17,20102,卖盘
1706,11:13:48,11.54,-0.01,4,5596,卖盘
1707,11:13:45,11.55,0.02,4,4620,买盘
1708,11:13:30,11.53,-0.01,201,231753,卖盘
1709,11:13:24,11.54,0.01,403,465061,买盘
1710,11:13:21,11.53,-0.01,18,20754,卖盘
1711,11:13:18,11.54,--,10,11540,买盘
1712,11:13:15,11.54,--,5,5770,买盘
1713,11:13:12,11.54,0.01,7,8147,买盘
1714,11:13:09,11.53,-0.01,34,39686,卖盘
1715,11:13:06,11.54,0.01,7,8574,买盘
1716,11:13:03,11.53,--,10,12025,卖盘
1717,11:13:00,11.53,--,8,9719,卖盘
1718,11:12:57,11.53,--,3,3943,卖盘
1719,11:12:54,11.53,--,30,34590,卖盘
1720,11:12:51,11.53,--,18,21734,卖盘
1721,11:12:48,11.53,--,5,6249,卖盘
1722,11:12:45,11.53,--,2,2790,卖盘
1723,11:12:42,11.53,-0.01,2,2790,卖盘
1724,11:12:39,11.54,0.01,73,84242,买盘
1725,11:12:36,11.53,--,8,9224,卖盘
1726,11:12:30,11.53,-0.01,2,2790,卖盘
1727,11:12:27,11.54,0.01,100,115399,买盘
1728,11:12:21,11.53,--,14,16142,卖盘
1729,11:12:09,11.53,-0.01,0,23,卖盘
1730,11:12:06,11.54,0.01,1,1154,买盘
1731,11:12:03,11.53,-0.01,2,2801,卖盘
1732,11:12:00,11.54,--,120,138976,买盘
1733,11:11:57,11.54,-0.01,472,544688,卖盘
1734,11:11:54,11.55,--,34,39270,买盘
1735,11:11:51,11.55,0.01,19,22430,买盘
1736,11:11:48,11.54,--,4,5608,卖盘
1737,11:11:45,11.54,--,36,41544,卖盘
1738,11:11:39,11.54,--,2,2804,卖盘
1739,11:11:36,11.54,-0.01,16,19456,卖盘
1740,11:11:33,11.55,0.01,1,1155,买盘
1741,11:11:30,11.54,--,2,2804,卖盘
1742,11:11:21,11.54,-0.01,18,20772,卖盘
1743,11:11:15,11.55,--,2,2310,买盘
1744,11:11:00,11.55,0.01,3,3465,买盘
1745,11:10:57,11.54,-0.01,1,1154,卖盘
1746,11:10:54,11.55,--,214,247666,卖盘
1747,11:10:51,11.55,--,13,15015,卖盘
1748,11:10:48,11.55,--,2,2806,卖盘
1749,11:10:45,11.55,--,6,7426,卖盘
1750,11:10:39,11.55,--,2,2806,卖盘
1751,11:10:36,11.55,--,2,2806,卖盘
1752,11:10:33,11.55,--,2,2795,卖盘
1753,11:10:30,11.55,--,2,2795,卖盘
1754,11:10:27,11.55,--,2,2806,卖盘
1755,11:10:21,11.55,-0.01,16,18965,卖盘
1756,11:10:18,11.56,0.01,4,5121,买盘
1757,11:10:15,11.55,--,321,371251,卖盘
1758,11:10:12,11.55,--,31,35805,卖盘
1759,11:10:09,11.55,-0.01,200,231000,卖盘
1760,11:10:06,11.56,0.01,41,47396,买盘
1761,11:10:03,11.55,--,49,56595,卖盘
1762,11:09:57,11.55,--,15,17325,卖盘
1763,11:09:51,11.55,--,15,17325,卖盘
1764,11:09:45,11.55,--,30,34650,卖盘
1765,11:09:42,11.55,--,4,4620,卖盘
1766,11:09:36,11.55,-0.01,3,3465,卖盘
1767,11:09:33,11.56,0.01,19,21964,买盘
1768,11:09:27,11.55,--,30,34650,卖盘
1769,11:09:24,11.55,--,6,6953,卖盘
1770,11:09:21,11.55,--,15,17821,卖盘
1771,11:09:18,11.55,--,2,2806,卖盘
1772,11:09:15,11.55,-0.01,2,2795,卖盘
1773,11:09:12,11.56,0.01,40,46240,买盘
1774,11:09:09,11.55,--,15,17810,卖盘
1775,11:09:06,11.55,--,2,2806,卖盘
1776,11:09:03,11.55,--,2,2806,卖盘
1777,11:09:00,11.55,--,2,2806,卖盘
1778,11:08:57,11.55,--,3,3961,卖盘
1779,11:08:54,11.55,--,4,5116,卖盘
1780,11:08:51,11.55,--,16,18976,卖盘
1781,11:08:42,11.55,--,50,57750,卖盘
1782,11:08:39,11.55,--,4,4620,卖盘
1783,11:08:27,11.55,--,6,6930,卖盘
1784,11:08:21,11.55,--,14,16170,卖盘
1785,11:08:18,11.55,-0.02,125,144375,卖盘
1786,11:08:15,11.57,0.01,3,3471,买盘
1787,11:08:09,11.56,-0.01,475,549100,卖盘
1788,11:07:57,11.57,0.01,55,63635,买盘
1789,11:07:54,11.56,--,15,17340,卖盘
1790,11:07:51,11.56,--,79,91404,卖盘
1791,11:07:48,11.56,--,1,1156,卖盘
1792,11:07:45,11.56,--,2,2797,卖盘
1793,11:07:42,11.56,--,36,41616,卖盘
1794,11:07:39,11.56,--,4,5606,卖盘
1795,11:07:33,11.56,--,12,14357,卖盘
1796,11:07:30,11.56,--,4,5121,卖盘
1797,11:07:27,11.56,--,2,2797,卖盘
1798,11:07:21,11.56,--,46,53661,卖盘
1799,11:07:18,11.56,-0.01,6,7421,卖盘
1800,11:07:15,11.57,0.01,5,6270,买盘
1801,11:07:12,11.56,--,2,2809,卖盘
1802,11:07:06,11.56,--,6,6936,卖盘
1803,11:07:00,11.56,--,20,23120,卖盘
1804,11:06:54,11.56,--,1,1156,卖盘
1805,11:06:51,11.56,--,13,15028,卖盘
1806,11:06:42,11.56,-0.01,10,11560,卖盘
1807,11:06:36,11.57,0.01,1,1191,买盘
1808,11:06:33,11.56,--,2,2809,卖盘
1809,11:06:30,11.56,--,2,2797,卖盘
1810,11:06:27,11.56,--,7,8589,卖盘
1811,11:06:24,11.56,--,6,7433,卖盘
1812,11:06:21,11.56,--,18,21802,卖盘
1813,11:06:18,11.56,--,23,26588,卖盘
1814,11:06:15,11.56,--,4,5606,卖盘
1815,11:06:09,11.56,--,8,10230,卖盘
1816,11:06:06,11.56,--,260,300560,卖盘
1817,11:06:03,11.56,--,3,3468,卖盘
1818,11:06:00,11.56,--,1,1156,卖盘
1819,11:05:54,11.56,-0.01,20,23120,卖盘
1820,11:05:51,11.57,0.01,81,93717,买盘
1821,11:05:48,11.56,-0.01,200,231200,卖盘
1822,11:05:42,11.57,0.01,32,37024,买盘
1823,11:05:33,11.56,-0.01,7,8161,卖盘
1824,11:05:30,11.57,0.01,3,3471,买盘
1825,11:05:27,11.56,-0.01,4,5618,卖盘
1826,11:05:24,11.57,0.01,24,28265,买盘
1827,11:05:21,11.56,--,13,15028,卖盘
1828,11:05:18,11.56,--,5,6265,卖盘
1829,11:05:15,11.56,--,44,51349,卖盘
1830,11:05:12,11.56,--,14,17155,卖盘
1831,11:05:09,11.56,--,2,2797,卖盘
1832,11:05:06,11.56,--,2,2809,卖盘
1833,11:05:03,11.56,-0.01,19,22449,卖盘
1834,11:05:00,11.57,0.01,5,5785,买盘
1835,11:04:54,11.56,-0.01,1,1156,卖盘
1836,11:04:51,11.57,--,19,21983,卖盘
1837,11:04:48,11.57,-0.01,24,27768,卖盘
1838,11:04:33,11.58,0.01,3,3474,买盘
1839,11:04:27,11.57,-0.01,4,4628,卖盘
1840,11:04:21,11.58,0.01,200,231600,买盘
1841,11:04:18,11.57,0.01,515,595855,买盘
1842,11:04:15,11.56,-0.01,10,11560,卖盘
1843,11:04:12,11.57,0.01,22,25454,买盘
1844,11:04:09,11.56,--,150,173400,卖盘
1845,11:03:54,11.56,--,4,4624,卖盘
1846,11:03:51,11.56,--,15,17340,卖盘
1847,11:03:48,11.56,--,1,1156,卖盘
1848,11:03:45,11.56,-0.01,37,42772,卖盘
1849,11:03:39,11.57,--,4,4628,买盘
1850,11:03:30,11.57,0.01,8,9256,买盘
1851,11:03:27,11.56,--,5,5780,卖盘
1852,11:03:21,11.56,-0.01,14,16184,卖盘
1853,11:03:12,11.57,0.01,45,52065,买盘
1854,11:03:09,11.56,--,100,115600,卖盘
1855,11:03:03,11.56,--,50,57800,卖盘
1856,11:02:57,11.56,--,5,5780,卖盘
1857,11:02:51,11.56,--,14,16184,卖盘
1858,11:02:48,11.56,--,10,11560,卖盘
1859,11:02:45,11.56,-0.01,4,4624,卖盘
1860,11:02:42,11.57,0.01,4,4628,买盘
1861,11:02:36,11.56,--,4,4624,卖盘
1862,11:02:21,11.56,-0.01,14,16184,卖盘
1863,11:02:18,11.57,0.01,164,189748,买盘
1864,11:02:15,11.56,0.01,32,36992,买盘
1865,11:02:09,11.55,--,326,376530,卖盘
1866,11:02:06,11.55,-0.01,68,78540,卖盘
1867,11:02:00,11.56,0.01,2,2312,买盘
1868,11:01:57,11.55,-0.02,1,1155,卖盘
1869,11:01:51,11.57,0.02,71,82147,买盘
1870,11:01:48,11.55,-0.02,1000,1155000,卖盘
1871,11:01:45,11.57,--,11,12727,买盘
1872,11:01:39,11.57,0.01,33,38181,买盘
1873,11:01:33,11.56,--,6,6936,卖盘
1874,11:01:21,11.56,--,13,15028,卖盘
1875,11:01:15,11.56,--,23,26588,卖盘
1876,11:01:09,11.56,-0.01,28,32368,卖盘
1877,11:01:06,11.57,0.01,1,1157,买盘
1878,11:01:03,11.56,--,49,56644,卖盘
1879,11:01:00,11.56,--,46,53176,卖盘
1880,11:00:54,11.56,--,87,100572,卖盘
1881,11:00:51,11.56,--,15,17340,卖盘
1882,11:00:45,11.56,--,27,31212,卖盘
1883,11:00:42,11.56,--,35,40460,卖盘
1884,11:00:36,11.56,--,32,36992,卖盘
1885,11:00:33,11.56,-0.01,4,4624,卖盘
1886,11:00:27,11.57,--,9,10413,买盘
1887,11:00:24,11.57,0.01,53,61321,买盘
1888,11:00:21,11.56,--,17,19652,卖盘
1889,11:00:18,11.56,-0.01,7,8092,卖盘
1890,11:00:09,11.57,0.01,32,37024,买盘
1891,11:00:03,11.56,-0.01,4,4624,卖盘
1892,11:00:00,11.57,0.01,14,16198,买盘
1893,10:59:57,11.56,--,38,43928,卖盘
1894,10:59:51,11.56,-0.01,14,16184,卖盘
1895,10:59:48,11.57,--,20,23140,买盘
1896,10:59:45,11.57,--,5,5785,买盘
1897,10:59:33,11.57,--,15,17355,买盘
1898,10:59:27,11.57,0.01,50,57850,买盘
1899,10:59:24,11.56,--,40,46240,卖盘
1900,10:59:21,11.56,--,14,16184,卖盘
1901,10:59:18,11.56,--,9,10404,卖盘
1902,10:59:15,11.56,-0.01,39,45084,卖盘
1903,10:59:12,11.57,0.01,13,15041,买盘
1904,10:59:09,11.56,-0.01,19,21964,卖盘
1905,10:59:03,11.57,0.01,3,3471,买盘
1906,10:58:57,11.56,--,18,20808,卖盘
1907,10:58:54,11.56,--,19,21964,卖盘
1908,10:58:51,11.56,-0.02,14,16184,中性盘
1909,10:58:39,11.58,0.01,155,179490,买盘
1910,10:58:36,11.57,-0.01,44,50908,买盘
1911,10:58:30,11.58,0.03,681,788598,买盘
1912,10:58:27,11.55,-0.01,17,19635,卖盘
1913,10:58:18,11.56,--,11,12716,买盘
1914,10:58:09,11.56,0.01,3,3468,买盘
1915,10:58:06,11.55,-0.01,8,9240,卖盘
1916,10:58:03,11.56,-0.01,29,33524,卖盘
1917,10:58:00,11.57,--,40,46974,买盘
1918,10:57:57,11.57,0.01,264,305448,买盘
1919,10:57:54,11.56,0.02,67,77452,买盘
1920,10:57:51,11.54,-0.02,38,43852,卖盘
1921,10:57:45,11.56,0.02,6,6936,中性盘
1922,10:57:42,11.54,-0.03,27,31157,卖盘
1923,10:57:36,11.57,--,11,12727,买盘
1924,10:57:33,11.57,--,60,69420,买盘
1925,10:57:30,11.57,--,50,57850,买盘
1926,10:57:27,11.57,0.01,15,17355,买盘
1927,10:57:24,11.56,-0.01,13,15028,买盘
1928,10:57:21,11.57,--,140,161980,买盘
1929,10:57:15,11.57,--,7,8099,买盘
1930,10:57:12,11.57,--,32,37024,买盘
1931,10:57:06,11.57,--,26,30082,买盘
1932,10:57:03,11.57,0.03,121,139997,买盘
1933,10:57:00,11.54,-0.03,11,12693,卖盘
1934,10:56:57,11.57,--,7,8099,买盘
1935,10:56:54,11.57,--,39,45123,买盘
1936,10:56:51,11.57,--,15,17817,卖盘
1937,10:56:48,11.57,--,4,4628,卖盘
1938,10:56:45,11.57,--,60,69420,卖盘
1939,10:56:42,11.57,0.03,13,15735,买盘
1940,10:56:36,11.54,--,15,17310,卖盘
1941,10:56:33,11.54,-0.03,19,21926,卖盘
1942,10:56:30,11.57,--,2,2314,买盘
1943,10:56:27,11.57,--,6,6942,买盘
1944,10:56:24,11.57,--,2,2314,买盘
1945,10:56:21,11.57,--,66,76362,买盘
1946,10:56:18,11.57,0.02,459,531063,买盘
1947,10:56:15,11.55,--,27,31185,买盘
1948,10:56:12,11.55,--,38,43890,卖盘
1949,10:56:06,11.55,--,5,5775,卖盘
1950,10:56:00,11.55,-0.02,37,42735,卖盘
1951,10:55:57,11.57,0.01,17,19669,买盘
1952,10:55:54,11.56,0.01,103,119068,买盘
1953,10:55:51,11.55,--,14,16170,卖盘
1954,10:55:48,11.55,-0.01,12,13860,卖盘
1955,10:55:36,11.56,--,1,1156,买盘
1956,10:55:24,11.56,0.01,46,53176,买盘
1957,10:55:21,11.55,--,94,108570,卖盘
1958,10:55:18,11.55,--,21,24255,买盘
1959,10:55:15,11.55,--,3,3465,买盘
1960,10:55:09,11.55,0.01,13,15015,买盘
1961,10:55:06,11.54,--,36,41544,卖盘
1962,10:54:57,11.54,--,30,34620,卖盘
1963,10:54:48,11.54,-0.02,1,1154,卖盘
1964,10:54:45,11.56,0.02,100,115600,买盘
1965,10:54:39,11.54,-0.01,21,24234,卖盘
1966,10:54:30,11.55,0.01,101,116655,买盘
1967,10:54:27,11.54,0.01,510,588540,买盘
1968,10:54:24,11.53,--,20,23060,卖盘
1969,10:54:21,11.53,0.01,18,20754,中性盘
1970,10:54:12,11.52,--,32,36864,卖盘
1971,10:54:09,11.52,-0.01,38,43776,卖盘
1972,10:54:00,11.53,--,10,11530,卖盘
1973,10:53:57,11.53,--,1,1153,卖盘
1974,10:53:51,11.53,--,13,14989,卖盘
1975,10:53:48,11.53,0.01,4,4612,中性盘
1976,10:53:33,11.52,-0.01,4,4608,卖盘
1977,10:53:30,11.53,0.01,20,23060,买盘
1978,10:53:27,11.52,--,10,11520,卖盘
1979,10:53:21,11.52,--,14,16128,卖盘
1980,10:53:18,11.52,-0.01,37,42624,卖盘
1981,10:53:15,11.53,--,34,39202,买盘
1982,10:53:00,11.53,-0.01,58,66874,卖盘
1983,10:52:54,11.54,0.01,8,9232,买盘
1984,10:52:51,11.53,-0.01,14,16142,卖盘
1985,10:52:45,11.54,--,2,2308,买盘
1986,10:52:39,11.54,--,59,68086,买盘
1987,10:52:33,11.54,0.01,4,4616,买盘
1988,10:52:30,11.53,--,36,41508,卖盘
1989,10:52:24,11.53,--,4,4612,卖盘
1990,10:52:21,11.53,-0.01,24,27672,卖盘
1991,10:52:12,11.54,--,42,48468,买盘
1992,10:52:09,11.54,0.01,90,103859,买盘
1993,10:52:06,11.53,--,32,36896,买盘
1994,10:52:03,11.53,--,15,17295,买盘
1995,10:52:00,11.53,0.01,234,269802,买盘
1996,10:51:57,11.52,-0.01,36,41472,卖盘
1997,10:51:54,11.53,0.01,7,8071,买盘
1998,10:51:51,11.52,-0.01,46,52992,卖盘
1999,10:51:45,11.53,0.01,56,64568,买盘
2000,10:51:42,11.52,-0.01,41,47232,卖盘
2001,10:51:39,11.53,0.01,10,11530,买盘
2002,10:51:33,11.52,-0.01,51,58752,卖盘
2003,10:51:30,11.53,0.01,20,23060,买盘
2004,10:51:21,11.52,--,34,39168,卖盘
2005,10:51:15,11.52,-0.01,4,4608,卖盘
2006,10:51:06,11.53,--,50,57650,买盘
2007,10:51:03,11.53,--,15,17295,买盘
2008,10:50:54,11.53,--,52,59956,买盘
2009,10:50:51,11.53,0.01,213,245589,买盘
2010,10:50:48,11.52,--,110,126720,卖盘
2011,10:50:45,11.52,--,62,71424,卖盘
2012,10:50:42,11.52,-0.01,317,365184,卖盘
2013,10:50:36,11.53,--,71,81863,买盘
2014,10:50:33,11.53,0.01,205,236365,买盘
2015,10:50:30,11.52,-0.01,20,23040,卖盘
2016,10:50:27,11.53,0.01,54,62262,买盘
2017,10:50:24,11.52,--,62,71424,卖盘
2018,10:50:21,11.52,--,78,89856,卖盘
2019,10:50:15,11.52,--,10,11520,卖盘
2020,10:50:09,11.52,-0.01,141,162432,卖盘
2021,10:50:06,11.53,0.01,222,255966,买盘
2022,10:50:03,11.52,--,4,4608,卖盘
2023,10:49:57,11.52,--,50,57600,卖盘
2024,10:49:51,11.52,--,13,14976,卖盘
2025,10:49:42,11.52,--,5,5760,卖盘
2026,10:49:39,11.52,-0.01,49,56448,卖盘
2027,10:49:33,11.53,0.01,44,50732,买盘
2028,10:49:30,11.52,--,106,122112,卖盘
2029,10:49:27,11.52,--,2,2304,卖盘
2030,10:49:21,11.52,--,24,27648,卖盘
2031,10:49:18,11.52,--,7,8064,卖盘
2032,10:48:54,11.52,--,34,39168,卖盘
2033,10:48:51,11.52,--,14,16128,卖盘
2034,10:48:45,11.52,-0.01,15,17280,卖盘
2035,10:48:27,11.53,0.01,44,50732,买盘
2036,10:48:21,11.52,--,13,14976,卖盘
2037,10:48:06,11.52,--,15,17280,卖盘
2038,10:48:00,11.52,--,35,40320,卖盘
2039,10:47:57,11.52,--,20,23040,卖盘
2040,10:47:51,11.52,--,53,61056,卖盘
2041,10:47:45,11.52,--,147,169344,卖盘
2042,10:47:42,11.52,-0.01,153,176256,卖盘
2043,10:47:36,11.53,--,59,68027,买盘
2044,10:47:24,11.53,0.01,30,34590,买盘
2045,10:47:21,11.52,-0.01,63,72576,卖盘
2046,10:47:15,11.53,--,59,68027,买盘
2047,10:47:12,11.53,0.01,6,6918,买盘
2048,10:47:06,11.52,--,43,49536,卖盘
2049,10:47:00,11.52,--,68,78336,卖盘
2050,10:46:57,11.52,-0.01,21,24192,卖盘
2051,10:46:54,11.53,0.01,58,66874,买盘
2052,10:46:51,11.52,-0.01,22,25344,卖盘
2053,10:46:48,11.53,0.01,145,167185,买盘
2054,10:46:45,11.52,--,83,95616,卖盘
2055,10:46:39,11.52,--,4,4608,卖盘
2056,10:46:30,11.52,--,75,86400,卖盘
2057,10:46:21,11.52,-0.01,14,16128,卖盘
2058,10:46:12,11.53,--,144,166032,买盘
2059,10:46:09,11.53,--,20,23060,买盘
2060,10:46:00,11.53,0.01,24,27672,买盘
2061,10:45:54,11.52,--,125,144000,卖盘
2062,10:45:51,11.52,-0.01,287,330624,卖盘
2063,10:45:48,11.53,-0.01,26,29978,中性盘
2064,10:45:36,11.54,0.01,298,343892,买盘
2065,10:45:33,11.53,--,512,590336,卖盘
2066,10:45:30,11.53,-0.01,4,4612,卖盘
2067,10:45:24,11.54,0.01,4,4616,买盘
2068,10:45:21,11.53,-0.01,14,16142,卖盘
2069,10:45:18,11.54,0.01,67,77318,买盘
2070,10:45:15,11.53,--,110,126830,卖盘
2071,10:45:12,11.53,--,8,9224,卖盘
2072,10:45:09,11.53,--,42,48426,卖盘
2073,10:45:06,11.53,--,12,13836,卖盘
2074,10:45:03,11.53,-0.01,12,13836,卖盘
2075,10:44:57,11.54,--,42,48468,卖盘
2076,10:44:54,11.54,--,7,8077,卖盘
2077,10:44:51,11.54,0.01,21,24234,买盘
2078,10:44:48,11.53,-0.01,31,35743,卖盘
2079,10:44:45,11.54,--,20,23080,买盘
2080,10:44:42,11.54,--,44,50775,卖盘
2081,10:44:39,11.54,--,12,13847,卖盘
2082,10:44:36,11.54,0.01,17,19618,买盘
2083,10:44:33,11.53,--,2,2306,卖盘
2084,10:44:24,11.53,--,10,11530,卖盘
2085,10:44:21,11.53,-0.02,4,4612,卖盘
2086,10:44:18,11.55,0.01,22,25410,买盘
2087,10:44:15,11.54,0.01,87,101367,买盘
2088,10:44:12,11.53,--,12,13836,卖盘
2089,10:44:09,11.53,--,20,23060,卖盘
2090,10:43:54,11.53,--,36,41508,卖盘
2091,10:43:51,11.53,--,14,16142,卖盘
2092,10:43:45,11.53,--,103,118759,卖盘
2093,10:43:39,11.53,-0.01,60,69180,卖盘
2094,10:43:33,11.54,0.01,13,15001,买盘
2095,10:43:21,11.53,--,25,28825,卖盘
2096,10:43:18,11.53,--,32,36896,卖盘
2097,10:43:15,11.53,-0.01,14,16142,卖盘
2098,10:43:03,11.54,0.01,5,5770,买盘
2099,10:43:00,11.53,-0.01,20,23060,卖盘
2100,10:42:51,11.54,--,16,18464,买盘
2101,10:42:42,11.54,--,35,40574,卖盘
2102,10:42:21,11.54,--,14,16155,卖盘
2103,10:42:09,11.54,--,38,43852,卖盘
2104,10:42:03,11.54,--,4,4616,卖盘
2105,10:41:51,11.54,--,13,15001,卖盘
2106,10:41:36,11.54,-0.01,6,6923,卖盘
2107,10:41:24,11.55,0.01,5,5775,买盘
2108,10:41:21,11.54,-0.01,14,16155,卖盘
2109,10:41:09,11.55,0.01,10,11550,买盘
2110,10:41:06,11.54,--,4,4616,卖盘
2111,10:40:57,11.54,-0.01,4,4616,卖盘
2112,10:40:54,11.55,0.01,110,127050,买盘
2113,10:40:51,11.54,--,93,107321,卖盘
2114,10:40:24,11.54,--,6,6923,卖盘
2115,10:40:21,11.54,--,14,16155,卖盘
2116,10:40:12,11.54,-0.01,5,5770,卖盘
2117,10:40:09,11.55,--,24,27720,买盘
2118,10:39:51,11.55,--,124,143220,买盘
2119,10:39:48,11.55,0.01,2,2310,买盘
2120,10:39:42,11.54,--,10,11540,卖盘
2121,10:39:39,11.54,--,75,86550,卖盘
2122,10:39:33,11.54,--,240,276960,卖盘
2123,10:39:21,11.54,--,13,15001,卖盘
2124,10:39:12,11.54,-0.01,28,32311,卖盘
2125,10:39:03,11.55,0.01,13,15015,买盘
2126,10:38:57,11.54,--,35,40390,卖盘
2127,10:38:51,11.54,-0.01,14,16155,卖盘
2128,10:38:48,11.55,--,1,1155,买盘
2129,10:38:39,11.55,--,49,56595,卖盘
2130,10:38:21,11.55,--,14,16170,卖盘
2131,10:38:06,11.55,--,93,107415,买盘
2132,10:37:57,11.55,0.01,23,26565,买盘
2133,10:37:51,11.54,--,13,15001,卖盘
2134,10:37:42,11.54,-0.01,95,109629,卖盘
2135,10:37:39,11.55,0.01,10,11550,中性盘
2136,10:37:36,11.54,-0.01,232,268651,卖盘
2137,10:37:33,11.55,--,5,5775,卖盘
2138,10:37:27,11.55,--,148,170940,卖盘
2139,10:37:21,11.55,0.01,187,215985,买盘
2140,10:37:18,11.54,-0.01,2,2308,卖盘
2141,10:37:12,11.55,0.01,24,27720,买盘
2142,10:36:57,11.54,--,72,83088,卖盘
2143,10:36:51,11.54,--,15,17310,卖盘
2144,10:36:48,11.54,--,60,69240,卖盘
2145,10:36:45,11.54,-0.01,56,64623,卖盘
2146,10:36:39,11.55,--,16,18480,买盘
2147,10:36:36,11.55,--,71,82005,买盘
2148,10:36:30,11.55,0.01,54,62370,买盘
2149,10:36:21,11.54,--,162,186948,卖盘
2150,10:36:12,11.54,--,12,13847,卖盘
2151,10:36:09,11.54,-0.01,11,12693,卖盘
2152,10:36:06,11.55,-0.01,22,25410,卖盘
2153,10:36:03,11.56,0.01,4,4624,买盘
2154,10:35:57,11.55,--,35,40425,卖盘
2155,10:35:54,11.55,--,32,36960,卖盘
2156,10:35:51,11.55,--,119,137445,卖盘
2157,10:35:33,11.55,-0.01,6,6930,卖盘
2158,10:35:30,11.56,0.01,5,5780,买盘
2159,10:35:27,11.55,--,31,35805,卖盘
2160,10:35:21,11.55,-0.01,61,70455,卖盘
2161,10:35:18,11.56,--,3,3468,买盘
2162,10:35:09,11.56,0.01,1,1156,买盘
2163,10:35:00,11.55,--,41,47355,卖盘
2164,10:34:54,11.55,--,14,16170,卖盘
2165,10:34:51,11.55,-0.01,14,16170,卖盘
2166,10:34:48,11.56,0.01,6,6936,买盘
2167,10:34:45,11.55,--,10,11550,卖盘
2168,10:34:42,11.55,--,13,15015,卖盘
2169,10:34:36,11.55,--,30,34650,卖盘
2170,10:34:27,11.55,--,83,95865,卖盘
2171,10:34:24,11.55,--,0,46,卖盘
2172,10:34:21,11.55,-0.01,14,16170,卖盘
2173,10:34:18,11.56,-0.01,8,9248,中性盘
2174,10:34:03,11.57,0.02,100,115700,买盘
2175,10:33:54,11.55,--,20,23100,卖盘
2176,10:33:51,11.55,--,13,15015,卖盘
2177,10:33:45,11.55,-0.01,1,1155,卖盘
2178,10:33:36,11.56,--,17,19652,卖盘
2179,10:33:27,11.56,--,6,6936,卖盘
2180,10:33:21,11.56,-0.01,14,16184,卖盘
2181,10:33:18,11.57,0.01,7,8099,买盘
2182,10:33:12,11.56,--,7,8092,买盘
2183,10:33:09,11.56,0.01,4,4624,买盘
2184,10:32:54,11.55,-0.01,26,30030,卖盘
2185,10:32:51,11.56,--,14,16184,卖盘
2186,10:32:42,11.56,--,13,15028,卖盘
2187,10:32:33,11.56,--,5,5780,卖盘
2188,10:32:27,11.56,--,6,6936,买盘
2189,10:32:21,11.56,--,21,24276,卖盘
2190,10:32:09,11.56,0.01,16,18496,买盘
2191,10:32:00,11.55,-0.01,31,35805,卖盘
2192,10:31:51,11.56,--,25,28900,卖盘
2193,10:31:45,11.56,--,5,5780,卖盘
2194,10:31:36,11.56,--,1,1156,卖盘
2195,10:31:27,11.56,--,32,36992,买盘
2196,10:31:21,11.56,--,7,8092,卖盘
2197,10:31:18,11.56,--,2,2312,卖盘
2198,10:31:09,11.56,-0.01,42,48552,卖盘
2199,10:31:06,11.57,--,12,13884,买盘
2200,10:31:00,11.57,--,10,11570,买盘
2201,10:30:57,11.57,--,130,150410,买盘
2202,10:30:54,11.57,0.01,13,15041,买盘
2203,10:30:51,11.56,-0.01,44,50864,卖盘
2204,10:30:39,11.57,--,6,6942,买盘
2205,10:30:33,11.57,0.01,74,85618,买盘
2206,10:30:27,11.56,-0.01,2,2312,卖盘
2207,10:30:21,11.57,--,16,18512,买盘
2208,10:30:09,11.57,--,51,59007,买盘
2209,10:29:51,11.57,0.01,15,17355,买盘
2210,10:29:48,11.56,--,5,5780,卖盘
2211,10:29:42,11.56,0.01,54,62424,买盘
2212,10:29:39,11.55,--,33,38115,卖盘
2213,10:29:36,11.55,--,35,40425,卖盘
2214,10:29:30,11.55,--,16,18480,卖盘
2215,10:29:21,11.55,-0.01,14,16170,卖盘
2216,10:29:18,11.56,0.01,34,39304,买盘
2217,10:29:12,11.55,--,4,4620,卖盘
2218,10:29:03,11.55,-0.01,6,6930,卖盘
2219,10:28:57,11.56,0.01,2,2312,买盘
2220,10:28:51,11.55,-0.01,14,16170,卖盘
2221,10:28:42,11.56,--,13,15028,买盘
2222,10:28:33,11.56,0.01,4,4624,买盘
2223,10:28:27,11.55,--,1,1155,卖盘
2224,10:28:21,11.55,--,31,35805,卖盘
2225,10:28:12,11.55,--,6,6930,卖盘
2226,10:28:09,11.55,--,6,6930,买盘
2227,10:28:03,11.55,--,10,11550,买盘
2228,10:28:00,11.55,0.01,30,34650,买盘
2229,10:27:51,11.54,-0.01,19,21926,卖盘
2230,10:27:42,11.55,-0.01,9,10395,中性盘
2231,10:27:39,11.56,0.01,37,42772,买盘
2232,10:27:36,11.55,--,11,12705,买盘
2233,10:27:33,11.55,--,14,16170,买盘
2234,10:27:30,11.55,--,20,23100,买盘
2235,10:27:24,11.55,--,2,2310,买盘
2236,10:27:21,11.55,-0.01,20,23100,中性盘
2237,10:27:18,11.56,0.01,37,42772,买盘
2238,10:27:15,11.55,--,36,41580,卖盘
2239,10:27:12,11.55,--,21,24255,卖盘
2240,10:27:00,11.55,-0.01,13,15015,卖盘
2241,10:26:57,11.56,0.01,45,52020,买盘
2242,10:26:54,11.55,--,26,30030,买盘
2243,10:26:51,11.55,-0.01,20,23100,卖盘
2244,10:26:48,11.56,0.01,72,83232,买盘
2245,10:26:45,11.55,--,258,297990,买盘
2246,10:26:39,11.55,0.01,21,24255,买盘
2247,10:26:33,11.54,--,3,3461,卖盘
2248,10:26:27,11.54,--,1,1154,卖盘
2249,10:26:21,11.54,--,13,15001,卖盘
2250,10:26:15,11.54,--,34,39236,卖盘
2251,10:26:06,11.54,-0.01,8,9232,卖盘
2252,10:26:00,11.55,--,3,3465,买盘
2253,10:25:57,11.55,0.01,1,1155,买盘
2254,10:25:54,11.54,--,20,23080,卖盘
2255,10:25:51,11.54,-0.01,14,16155,卖盘
2256,10:25:39,11.55,--,4,4620,买盘
2257,10:25:36,11.55,--,6,6930,买盘
2258,10:25:27,11.55,0.01,113,130515,买盘
2259,10:25:21,11.54,-0.01,14,16155,卖盘
2260,10:25:15,11.55,0.01,18,20790,买盘
2261,10:25:12,11.54,-0.01,251,289654,卖盘
2262,10:25:06,11.55,-0.01,63,72765,卖盘
2263,10:25:03,11.56,0.01,13,15028,买盘
2264,10:25:00,11.55,--,52,60060,卖盘
2265,10:24:51,11.55,-0.01,13,15015,卖盘
2266,10:24:48,11.56,--,24,27744,买盘
2267,10:24:42,11.56,0.01,200,231200,买盘
2268,10:24:39,11.55,--,96,110880,卖盘
2269,10:24:30,11.55,-0.01,2,2310,卖盘
2270,10:24:24,11.56,0.01,20,23120,买盘
2271,10:24:21,11.55,--,14,16170,卖盘
2272,10:24:18,11.55,--,31,35805,卖盘
2273,10:24:09,11.55,--,7,8085,卖盘
2274,10:24:06,11.55,--,12,13860,卖盘
2275,10:23:57,11.55,--,50,57750,卖盘
2276,10:23:54,11.55,--,18,20790,卖盘
2277,10:23:51,11.55,--,13,15015,卖盘
2278,10:23:36,11.55,--,17,19635,买盘
2279,10:23:33,11.55,--,40,46200,买盘
2280,10:23:30,11.55,--,117,135135,买盘
2281,10:23:27,11.55,0.01,50,57750,买盘
2282,10:23:21,11.54,-0.01,64,73856,卖盘
2283,10:23:12,11.55,--,5,5775,买盘
2284,10:23:09,11.55,--,112,129360,买盘
2285,10:23:03,11.55,0.01,67,77385,买盘
2286,10:22:57,11.54,-0.01,179,206565,卖盘
2287,10:22:54,11.55,--,10,11550,卖盘
2288,10:22:51,11.55,-0.01,14,16170,卖盘
2289,10:22:42,11.56,0.01,110,127160,买盘
2290,10:22:27,11.55,--,11,12705,卖盘
2291,10:22:24,11.55,-0.01,42,48510,卖盘
2292,10:22:21,11.56,0.01,170,196520,买盘
2293,10:22:15,11.55,-0.01,100,115500,卖盘
2294,10:22:12,11.56,0.01,5,5780,买盘
2295,10:21:51,11.55,--,14,16170,卖盘
2296,10:21:48,11.55,--,99,114345,卖盘
2297,10:21:39,11.55,--,83,95865,买盘
2298,10:21:30,11.55,--,29,33495,买盘
2299,10:21:24,11.55,0.01,10,11550,买盘
2300,10:21:21,11.54,-0.01,19,21926,卖盘
2301,10:21:18,11.55,--,9,10395,买盘
2302,10:21:15,11.55,--,21,24255,买盘
2303,10:21:09,11.55,0.01,20,23100,买盘
2304,10:21:06,11.54,-0.01,42,48468,卖盘
2305,10:21:03,11.55,0.01,83,95865,买盘
2306,10:21:00,11.54,--,62,71548,卖盘
2307,10:20:54,11.54,--,9,10386,卖盘
2308,10:20:51,11.54,-0.01,33,38082,卖盘
2309,10:20:48,11.55,--,20,23100,买盘
2310,10:20:27,11.55,0.01,1,1155,买盘
2311,10:20:21,11.54,-0.01,14,16155,卖盘
2312,10:20:12,11.55,--,91,105105,买盘
2313,10:20:09,11.55,--,112,129360,买盘
2314,10:19:54,11.55,0.01,20,23100,买盘
2315,10:19:51,11.54,-0.01,13,15001,卖盘
2316,10:19:48,11.55,--,20,23100,买盘
2317,10:19:42,11.55,--,44,50820,买盘
2318,10:19:33,11.55,0.01,20,23100,买盘
2319,10:19:21,11.54,--,24,27695,卖盘
2320,10:19:00,11.54,--,21,24234,买盘
2321,10:18:57,11.54,--,105,121169,卖盘
2322,10:18:51,11.54,--,51,58853,买盘
2323,10:18:39,11.54,0.01,10,11540,买盘
2324,10:18:33,11.53,--,60,69180,卖盘
2325,10:18:30,11.53,-0.01,40,46120,卖盘
2326,10:18:24,11.54,0.01,7,8077,买盘
2327,10:18:21,11.53,--,69,79557,卖盘
2328,10:18:18,11.53,-0.01,62,71486,卖盘
2329,10:18:15,11.54,0.01,69,79626,买盘
2330,10:18:12,11.53,--,293,337829,卖盘
2331,10:18:09,11.53,--,456,526136,卖盘
2332,10:18:00,11.53,--,27,31131,卖盘
2333,10:17:57,11.53,--,2,2306,卖盘
2334,10:17:51,11.53,--,30,34590,卖盘
2335,10:17:24,11.53,--,37,42661,卖盘
2336,10:17:21,11.53,-0.01,50,57650,卖盘
2337,10:17:18,11.54,--,481,555074,卖盘
2338,10:17:12,11.54,--,428,493911,卖盘
2339,10:16:57,11.54,--,4,4616,卖盘
2340,10:16:51,11.54,-0.01,24,27695,卖盘
2341,10:16:42,11.55,--,8,9240,买盘
2342,10:16:36,11.55,0.01,20,23100,买盘
2343,10:16:33,11.54,-0.01,12,13847,卖盘
2344,10:16:24,11.55,0.01,95,109725,买盘
2345,10:16:21,11.54,-0.01,25,28849,卖盘
2346,10:16:15,11.55,--,40,46200,买盘
2347,10:16:12,11.55,--,40,46200,买盘
2348,10:16:09,11.55,0.01,52,60060,买盘
2349,10:16:06,11.54,-0.01,20,23080,卖盘
2350,10:16:03,11.55,--,57,65835,买盘
2351,10:16:00,11.55,0.01,40,46200,买盘
2352,10:15:57,11.54,-0.01,108,125324,卖盘
2353,10:15:54,11.55,--,18,20790,买盘
2354,10:15:51,11.55,0.01,33,38115,买盘
2355,10:15:48,11.54,--,2,2308,卖盘
2356,10:15:45,11.54,-0.01,49,56545,卖盘
2357,10:15:42,11.55,--,15,17325,买盘
2358,10:15:39,11.55,--,5,5775,买盘
2359,10:15:33,11.55,0.01,10,11550,买盘
2360,10:15:30,11.54,--,17,19618,卖盘
2361,10:15:21,11.54,-0.01,14,16155,卖盘
2362,10:15:18,11.55,0.01,22,25410,买盘
2363,10:15:12,11.54,-0.01,10,11540,卖盘
2364,10:15:00,11.55,0.01,63,72765,买盘
2365,10:14:57,11.54,-0.01,192,221567,卖盘
2366,10:14:54,11.55,0.01,16,18480,买盘
2367,10:14:51,11.54,-0.01,30,34620,卖盘
2368,10:14:48,11.55,--,33,38115,买盘
2369,10:14:45,11.55,--,97,112035,买盘
2370,10:14:42,11.55,--,143,165165,买盘
2371,10:14:39,11.55,0.01,127,146685,买盘
2372,10:14:36,11.54,-0.01,30,34620,卖盘
2373,10:14:30,11.55,--,16,18480,买盘
2374,10:14:27,11.55,--,48,55440,买盘
2375,10:14:24,11.55,--,34,39270,买盘
2376,10:14:21,11.55,0.01,101,116655,买盘
2377,10:14:18,11.54,-0.01,52,60007,卖盘
2378,10:14:15,11.55,--,50,57750,买盘
2379,10:14:12,11.55,0.01,45,51975,买盘
2380,10:14:09,11.54,-0.01,100,115399,卖盘
2381,10:13:54,11.55,0.01,9,10395,买盘
2382,10:13:51,11.54,-0.01,12,13847,卖盘
2383,10:13:45,11.55,0.01,1,1155,中性盘
2384,10:13:42,11.54,-0.01,9,10386,卖盘
2385,10:13:39,11.55,--,26,30261,卖盘
2386,10:13:33,11.55,0.01,84,97412,买盘
2387,10:13:27,11.54,-0.01,5,6370,卖盘
2388,10:13:24,11.55,0.01,10,11550,买盘
2389,10:13:21,11.54,--,14,16155,卖盘
2390,10:13:18,11.54,--,29,33466,卖盘
2391,10:13:15,11.54,-0.01,273,315042,卖盘
2392,10:13:09,11.55,--,65,75075,买盘
2393,10:12:57,11.55,--,20,23100,买盘
2394,10:12:54,11.55,--,55,64287,卖盘
2395,10:12:51,11.55,--,14,16170,卖盘
2396,10:12:48,11.55,--,10,11550,卖盘
2397,10:12:36,11.55,-0.01,8,9240,卖盘
2398,10:12:27,11.56,0.01,10,11560,买盘
2399,10:12:24,11.55,--,21,24255,卖盘
2400,10:12:21,11.55,--,25,29337,卖盘
2401,10:12:09,11.55,0.01,0,1085,卖盘
2402,10:12:06,11.54,-0.01,275,317476,卖盘
2403,10:12:03,11.55,--,10,11884,卖盘
2404,10:12:00,11.55,-0.02,44,50820,卖盘
2405,10:11:48,11.57,0.02,16,18512,买盘
2406,10:11:45,11.55,-0.01,747,862785,卖盘
2407,10:11:42,11.56,--,50,57800,卖盘
2408,10:11:39,11.56,--,30,34680,卖盘
2409,10:11:33,11.56,--,130,150280,卖盘
2410,10:11:30,11.56,--,8,9248,卖盘
2411,10:11:27,11.56,--,12,14912,卖盘
2412,10:11:24,11.56,--,14,16762,卖盘
2413,10:11:21,11.56,--,14,16184,卖盘
2414,10:11:18,11.56,--,75,86700,卖盘
2415,10:11:15,11.56,--,3,3468,卖盘
2416,10:11:12,11.56,-0.01,31,35836,卖盘
2417,10:11:09,11.57,0.01,20,23140,买盘
2418,10:11:06,11.56,--,14,16184,卖盘
2419,10:10:57,11.56,--,263,304028,卖盘
2420,10:10:54,11.56,--,5,5780,卖盘
2421,10:10:51,11.56,-0.01,514,594184,卖盘
2422,10:10:45,11.57,0.01,7,8099,买盘
2423,10:10:39,11.56,--,1,1156,卖盘
2424,10:10:36,11.56,--,32,38067,卖盘
2425,10:10:33,11.56,--,50,57800,卖盘
2426,10:10:30,11.56,--,11,13178,卖盘
2427,10:10:27,11.56,--,18,21351,卖盘
2428,10:10:24,11.56,--,10,11560,卖盘
2429,10:10:21,11.56,--,13,15028,卖盘
2430,10:10:18,11.56,-0.01,61,70516,卖盘
2431,10:10:15,11.57,--,40,46280,买盘
2432,10:10:12,11.57,0.01,110,127270,买盘
2433,10:10:06,11.56,--,1,1156,卖盘
2434,10:10:03,11.56,--,34,39304,卖盘
2435,10:09:51,11.56,--,24,28483,卖盘
2436,10:09:48,11.56,--,8,9248,卖盘
2437,10:09:42,11.56,--,10,12438,卖盘
2438,10:09:39,11.56,--,16,18958,卖盘
2439,10:09:24,11.56,--,10,11560,卖盘
2440,10:09:21,11.56,--,13,15028,卖盘
2441,10:09:15,11.56,--,20,23120,卖盘
2442,10:09:09,11.56,--,0,369,卖盘
2443,10:09:06,11.56,--,11,13178,卖盘
2444,10:09:03,11.56,--,11,12808,卖盘
2445,10:09:00,11.56,--,10,11560,卖盘
2446,10:08:51,11.56,--,14,16184,卖盘
2447,10:08:45,11.56,--,10,11560,卖盘
2448,10:08:36,11.56,--,1,2288,卖盘
2449,10:08:33,11.56,--,10,11906,卖盘
2450,10:08:30,11.56,--,10,12161,卖盘
2451,10:08:27,11.56,-0.01,13,15028,卖盘
2452,10:08:24,11.57,--,91,105287,买盘
2453,10:08:21,11.57,--,71,82147,买盘
2454,10:08:15,11.57,0.01,42,48594,买盘
2455,10:08:12,11.56,-0.01,92,106352,卖盘
2456,10:08:09,11.57,0.01,5,5785,买盘
2457,10:08:06,11.56,--,150,173400,卖盘
2458,10:07:57,11.56,--,12,13872,卖盘
2459,10:07:51,11.56,-0.01,13,15028,卖盘
2460,10:07:39,11.57,0.01,22,25454,买盘
2461,10:07:36,11.56,--,79,91324,卖盘
2462,10:07:27,11.56,--,0,682,卖盘
2463,10:07:24,11.56,--,1,1225,卖盘
2464,10:07:21,11.56,--,14,16184,卖盘
2465,10:07:18,11.56,--,59,68377,卖盘
2466,10:07:09,11.56,--,30,34680,卖盘
2467,10:07:00,11.56,--,1,1225,卖盘
2468,10:06:57,11.56,--,10,12357,卖盘
2469,10:06:54,11.56,--,11,12773,卖盘
2470,10:06:51,11.56,-0.01,13,15028,卖盘
2471,10:06:48,11.57,--,179,207103,卖盘
2472,10:06:45,11.57,--,53,61321,卖盘
2473,10:06:42,11.57,--,10,11570,卖盘
2474,10:06:36,11.57,--,60,69420,卖盘
2475,10:06:30,11.57,--,15,17355,卖盘
2476,10:06:21,11.57,--,14,16198,卖盘
2477,10:06:12,11.57,--,12,13884,卖盘
2478,10:06:09,11.57,--,11,13189,卖盘
2479,10:06:06,11.57,--,11,13189,卖盘
2480,10:06:03,11.57,-0.01,8,9256,卖盘
2481,10:05:57,11.58,0.01,7,8106,买盘
2482,10:05:54,11.57,--,7,8099,卖盘
2483,10:05:51,11.57,--,14,16198,卖盘
2484,10:05:48,11.57,--,49,56693,卖盘
2485,10:05:45,11.57,--,1,1157,卖盘
2486,10:05:42,11.57,-0.01,122,141154,卖盘
2487,10:05:30,11.58,--,177,205660,卖盘
2488,10:05:27,11.58,--,5,5790,卖盘
2489,10:05:21,11.58,--,13,15054,卖盘
2490,10:05:15,11.58,--,10,11580,卖盘
2491,10:05:06,11.58,--,80,92640,卖盘
2492,10:05:03,11.58,--,23,26634,卖盘
2493,10:05:00,11.58,--,77,89629,买盘
2494,10:04:57,11.58,0.01,110,127380,买盘
2495,10:04:51,11.57,--,14,16198,卖盘
2496,10:04:48,11.57,--,500,578500,卖盘
2497,10:04:45,11.57,--,2,2314,卖盘
2498,10:04:36,11.57,-0.01,1,1157,卖盘
2499,10:04:27,11.58,0.01,2,2316,买盘
2500,10:04:24,11.57,--,12,13884,卖盘
2501,10:04:21,11.57,-0.01,35,40495,卖盘
2502,10:04:18,11.58,-0.01,83,96808,卖盘
2503,10:04:03,11.59,0.01,1,1159,买盘
2504,10:04:00,11.58,--,10,11580,卖盘
2505,10:03:57,11.58,--,8,9264,卖盘
2506,10:03:51,11.58,--,23,26634,卖盘
2507,10:03:48,11.58,--,99,114642,卖盘
2508,10:03:42,11.58,--,50,57900,卖盘
2509,10:03:30,11.58,--,1,1158,卖盘
2510,10:03:27,11.58,--,11,13201,卖盘
2511,10:03:21,11.58,--,28,32424,卖盘
2512,10:03:18,11.58,--,2,2316,卖盘
2513,10:03:12,11.58,--,20,23160,卖盘
2514,10:03:09,11.58,--,2,2316,买盘
2515,10:03:00,11.58,--,13,15054,买盘
2516,10:02:51,11.58,--,10,11580,卖盘
2517,10:02:48,11.58,--,9,10422,卖盘
2518,10:02:42,11.58,--,16,18528,买盘
2519,10:02:39,11.58,0.01,10,11580,买盘
2520,10:02:36,11.57,--,14,16533,卖盘
2521,10:02:33,11.57,--,23,26738,卖盘
2522,10:02:09,11.57,--,21,24297,卖盘
2523,10:02:06,11.57,-0.01,172,199004,卖盘
2524,10:02:03,11.58,0.01,116,134791,买盘
2525,10:01:57,11.57,--,75,86775,卖盘
2526,10:01:54,11.57,-0.01,20,23140,卖盘
2527,10:01:51,11.58,0.01,235,272130,买盘
2528,10:01:42,11.57,--,62,71734,卖盘
2529,10:01:39,11.57,-0.01,10,11570,卖盘
2530,10:01:33,11.58,--,50,57900,买盘
2531,10:01:30,11.58,--,195,226504,卖盘
2532,10:01:27,11.58,--,32,37056,卖盘
2533,10:01:24,11.58,--,37,42846,卖盘
2534,10:01:21,11.58,--,37,43309,卖盘
2535,10:01:18,11.58,-0.01,2,2316,卖盘
2536,10:01:12,11.59,-0.01,2,2318,中性盘
2537,10:01:09,11.6,--,34,39440,买盘
2538,10:01:06,11.6,--,149,172840,买盘
2539,10:01:03,11.6,0.01,255,295800,买盘
2540,10:01:00,11.59,-0.01,371,429989,卖盘
2541,10:00:57,11.6,--,14,16240,买盘
2542,10:00:54,11.6,0.01,41,47560,买盘
2543,10:00:51,11.59,--,34,39406,买盘
2544,10:00:48,11.59,--,43,49837,买盘
2545,10:00:45,11.59,--,113,130967,卖盘
2546,10:00:42,11.59,--,10,11590,卖盘
2547,10:00:36,11.59,--,10,11590,卖盘
2548,10:00:33,11.59,--,1,1159,卖盘
2549,10:00:30,11.59,--,35,40565,卖盘
2550,10:00:21,11.59,--,23,26657,卖盘
2551,10:00:18,11.59,--,45,52155,卖盘
2552,10:00:15,11.59,--,98,113582,卖盘
2553,10:00:12,11.59,--,26,30134,卖盘
2554,10:00:09,11.59,--,30,34770,卖盘
2555,09:59:57,11.59,--,26,30134,卖盘
2556,09:59:54,11.59,--,2,2318,卖盘
2557,09:59:51,11.59,--,14,16226,卖盘
2558,09:59:48,11.59,--,13,15067,卖盘
2559,09:59:45,11.59,--,50,57950,卖盘
2560,09:59:36,11.59,--,14,16226,卖盘
2561,09:59:30,11.59,--,57,66063,卖盘
2562,09:59:27,11.59,--,4,4636,卖盘
2563,09:59:24,11.59,--,12,13908,卖盘
2564,09:59:21,11.59,-0.01,14,16226,卖盘
2565,09:59:12,11.6,--,50,58000,买盘
2566,09:59:09,11.6,0.01,20,23200,买盘
2567,09:59:03,11.59,--,1,1159,卖盘
2568,09:59:00,11.59,-0.01,1,1159,卖盘
2569,09:58:57,11.6,0.01,10,11600,买盘
2570,09:58:54,11.59,--,14,16341,卖盘
2571,09:58:51,11.59,-0.01,22,25498,卖盘
2572,09:58:48,11.6,--,110,127600,买盘
2573,09:58:33,11.6,0.01,14,16240,买盘
2574,09:58:30,11.59,--,5,5795,卖盘
2575,09:58:27,11.59,--,3,3477,卖盘
2576,09:58:24,11.59,--,5,5841,卖盘
2577,09:58:21,11.59,--,15,17385,卖盘
2578,09:58:18,11.59,--,110,127779,卖盘
2579,09:58:15,11.59,-0.01,11,13166,卖盘
2580,09:58:12,11.6,-0.01,113,131370,卖盘
2581,09:58:09,11.61,0.01,29,33669,买盘
2582,09:58:06,11.6,-0.01,488,566080,卖盘
2583,09:58:00,11.61,--,14,16254,买盘
2584,09:57:54,11.61,0.01,3,3483,买盘
2585,09:57:51,11.6,-0.01,35,40600,卖盘
2586,09:57:48,11.61,--,520,603952,卖盘
2587,09:57:42,11.61,--,55,63855,卖盘
2588,09:57:39,11.61,-0.01,11,13699,卖盘
2589,09:57:36,11.62,0.01,44,51128,买盘
2590,09:57:33,11.61,--,57,66177,卖盘
2591,09:57:30,11.61,--,5,5805,卖盘
2592,09:57:27,11.61,--,18,20898,卖盘
2593,09:57:24,11.61,--,10,11610,卖盘
2594,09:57:21,11.61,0.01,96,111456,买盘
2595,09:57:18,11.6,--,20,23200,卖盘
2596,09:57:12,11.6,--,42,48720,卖盘
2597,09:57:09,11.6,--,11,13224,卖盘
2598,09:57:06,11.6,-0.02,20,23200,卖盘
2599,09:57:03,11.62,0.02,5,6623,买盘
2600,09:57:00,11.6,-0.01,27,31320,卖盘
2601,09:56:57,11.61,0.01,64,74304,卖盘
2602,09:56:54,11.6,-0.01,56,64960,卖盘
2603,09:56:51,11.61,--,19,22059,卖盘
2604,09:56:48,11.61,--,31,35991,卖盘
2605,09:56:39,11.61,--,7,8127,卖盘
2606,09:56:30,11.61,0.01,36,41796,买盘
2607,09:56:27,11.6,-0.01,24,27840,卖盘
2608,09:56:21,11.61,-0.01,13,15093,卖盘
2609,09:56:18,11.62,0.01,46,53452,买盘
2610,09:56:15,11.61,--,30,34830,卖盘
2611,09:56:12,11.61,--,1,1288,卖盘
2612,09:56:09,11.61,--,4,4644,卖盘
2613,09:56:06,11.61,--,138,160218,卖盘
2614,09:56:03,11.61,--,51,60360,卖盘
2615,09:55:54,11.61,--,3,3483,卖盘
2616,09:55:51,11.61,--,14,16254,卖盘
2617,09:55:48,11.61,--,3,3483,卖盘
2618,09:55:42,11.61,--,15,17415,卖盘
2619,09:55:39,11.61,--,3,3483,卖盘
2620,09:55:33,11.61,--,33,38313,卖盘
2621,09:55:30,11.61,-0.01,86,99846,卖盘
2622,09:55:27,11.62,0.01,9,10458,买盘
2623,09:55:24,11.61,--,40,46440,卖盘
2624,09:55:21,11.61,--,15,17415,卖盘
2625,09:55:15,11.61,--,3,3483,卖盘
2626,09:55:12,11.61,--,79,91719,卖盘
2627,09:55:09,11.61,--,12,13932,中性盘
2628,09:55:06,11.61,-0.01,17,19737,卖盘
2629,09:55:03,11.62,0.01,124,144088,买盘
2630,09:55:00,11.61,--,36,41796,卖盘
2631,09:54:57,11.61,--,6,7233,卖盘
2632,09:54:54,11.61,--,42,49772,卖盘
2633,09:54:51,11.61,--,13,15093,卖盘
2634,09:54:48,11.61,--,5,5805,卖盘
2635,09:54:45,11.61,--,46,53406,卖盘
2636,09:54:42,11.61,--,40,46440,卖盘
2637,09:54:39,11.61,--,4,5108,卖盘
2638,09:54:36,11.61,--,40,46440,卖盘
2639,09:54:33,11.61,--,20,23220,卖盘
2640,09:54:30,11.61,--,753,874233,卖盘
2641,09:54:24,11.61,--,85,98963,卖盘
2642,09:54:21,11.61,--,58,67338,卖盘
2643,09:54:18,11.61,--,2,2856,卖盘
2644,09:54:15,11.61,--,0,243,卖盘
2645,09:54:12,11.61,--,11,12991,卖盘
2646,09:54:03,11.61,--,6,6966,卖盘
2647,09:54:00,11.61,-0.01,30,34830,卖盘
2648,09:53:57,11.62,0.01,10,11620,买盘
2649,09:53:54,11.61,--,14,16254,卖盘
2650,09:53:51,11.61,-0.01,90,104490,卖盘
2651,09:53:48,11.62,0.01,24,27887,买盘
2652,09:53:45,11.61,--,16,18576,卖盘
2653,09:53:39,11.61,-0.01,10,11610,卖盘
2654,09:53:36,11.62,0.01,16,18592,买盘
2655,09:53:30,11.61,--,15,17415,卖盘
2656,09:53:27,11.61,-0.01,1,2066,卖盘
2657,09:53:24,11.62,0.01,4,5461,买盘
2658,09:53:21,11.61,-0.01,24,28583,卖盘
2659,09:53:12,11.62,0.01,15,17430,买盘
2660,09:53:06,11.61,--,11,12771,卖盘
2661,09:53:03,11.61,-0.01,20,23220,卖盘
2662,09:53:00,11.62,0.01,7,8133,买盘
2663,09:52:57,11.61,--,3,3483,卖盘
2664,09:52:51,11.61,-0.01,52,60372,卖盘
2665,09:52:42,11.62,--,80,92960,买盘
2666,09:52:39,11.62,--,25,29049,买盘
2667,09:52:33,11.62,0.01,67,77854,买盘
2668,09:52:30,11.61,-0.01,29,33669,卖盘
2669,09:52:27,11.62,--,60,69720,卖盘
2670,09:52:24,11.62,0.01,27,31373,中性盘
2671,09:52:18,11.61,-0.01,23,26703,卖盘
2672,09:52:09,11.62,--,42,48804,卖盘
2673,09:52:06,11.62,0.01,5,5810,买盘
2674,09:52:03,11.61,-0.01,38,44849,卖盘
2675,09:52:00,11.62,--,102,118523,买盘
2676,09:51:57,11.62,--,27,32268,买盘
2677,09:51:54,11.62,0.01,56,65780,买盘
2678,09:51:51,11.61,-0.01,14,16254,卖盘
2679,09:51:48,11.62,--,5,5810,买盘
2680,09:51:42,11.62,--,43,49966,买盘
2681,09:51:39,11.62,0.01,46,53452,买盘
2682,09:51:36,11.61,0.01,26,30186,买盘
2683,09:51:33,11.6,-0.01,358,415280,卖盘
2684,09:51:30,11.61,-0.01,4,4644,中性盘
2685,09:51:24,11.62,0.01,48,55775,买盘
2686,09:51:21,11.61,--,20,23220,卖盘
2687,09:51:18,11.61,-0.01,47,54567,卖盘
2688,09:51:15,11.62,0.01,76,88312,买盘
2689,09:51:06,11.61,-0.01,50,58050,卖盘
2690,09:50:57,11.62,0.01,88,102256,买盘
2691,09:50:54,11.61,--,55,63971,卖盘
2692,09:50:51,11.61,-0.01,36,41796,卖盘
2693,09:50:48,11.62,--,30,34860,买盘
2694,09:50:45,11.62,0.01,5,5810,买盘
2695,09:50:42,11.61,-0.01,7,8127,卖盘
2696,09:50:39,11.62,0.01,13,15105,买盘
2697,09:50:33,11.61,-0.01,25,29025,买盘
2698,09:50:30,11.62,--,90,104580,买盘
2699,09:50:27,11.62,0.02,259,300958,买盘
2700,09:50:24,11.6,--,0,266,卖盘
2701,09:50:21,11.6,--,25,29266,卖盘
2702,09:50:18,11.6,-0.01,2,3062,卖盘
2703,09:50:12,11.61,0.01,19,22059,买盘
2704,09:50:09,11.6,-0.01,9,10440,卖盘
2705,09:50:06,11.61,0.01,54,62694,买盘
2706,09:50:03,11.6,0.01,135,156600,买盘
2707,09:50:00,11.59,--,176,203984,买盘
2708,09:49:54,11.59,--,20,23180,买盘
2709,09:49:51,11.59,--,24,27816,买盘
2710,09:49:45,11.59,--,7,8113,买盘
2711,09:49:42,11.59,-0.01,67,77653,卖盘
2712,09:49:39,11.6,--,188,218544,买盘
2713,09:49:36,11.6,0.01,362,419920,买盘
2714,09:49:33,11.59,--,66,76494,买盘
2715,09:49:30,11.59,--,188,217892,卖盘
2716,09:49:27,11.59,-0.01,5,5795,卖盘
2717,09:49:24,11.6,0.01,27,31320,买盘
2718,09:49:21,11.59,--,49,56791,卖盘
2719,09:49:18,11.59,--,47,54473,卖盘
2720,09:49:15,11.59,-0.01,40,46360,卖盘
2721,09:49:03,11.6,--,19,22040,买盘
2722,09:49:00,11.6,--,55,63800,买盘
2723,09:48:57,11.6,--,43,49880,买盘
2724,09:48:54,11.6,0.01,28,32480,买盘
2725,09:48:51,11.59,--,84,97356,卖盘
2726,09:48:48,11.59,0.01,76,88084,买盘
2727,09:48:45,11.58,--,70,81060,卖盘
2728,09:48:42,11.58,-0.01,75,86850,卖盘
2729,09:48:36,11.59,--,111,128649,买盘
2730,09:48:33,11.59,0.01,121,140239,买盘
2731,09:48:30,11.58,--,21,24318,卖盘
2732,09:48:27,11.58,--,50,57900,卖盘
2733,09:48:24,11.58,--,76,88008,卖盘
2734,09:48:21,11.58,--,397,459726,买盘
2735,09:48:18,11.58,--,25,28950,买盘
2736,09:48:15,11.58,0.01,53,61374,买盘
2737,09:48:12,11.57,-0.01,90,104130,卖盘
2738,09:48:00,11.58,0.01,4,4632,买盘
2739,09:47:51,11.57,--,14,16198,卖盘
2740,09:47:48,11.57,--,10,11570,卖盘
2741,09:47:45,11.57,--,3,3471,卖盘
2742,09:47:42,11.57,--,31,35867,卖盘
2743,09:47:39,11.57,-0.01,5,5785,卖盘
2744,09:47:24,11.58,0.01,10,11580,买盘
2745,09:47:21,11.57,--,74,85618,卖盘
2746,09:47:12,11.57,0.01,56,64792,买盘
2747,09:47:09,11.56,-0.01,101,116756,卖盘
2748,09:47:06,11.57,--,6,6942,卖盘
2749,09:47:03,11.57,--,134,155038,卖盘
2750,09:47:00,11.57,--,536,620718,买盘
2751,09:46:36,11.57,0.01,8,9256,买盘
2752,09:46:33,11.56,--,14,16184,卖盘
2753,09:46:27,11.56,-0.01,5,5780,卖盘
2754,09:46:21,11.57,0.01,1,1157,买盘
2755,09:46:18,11.56,-0.01,11,13178,卖盘
2756,09:46:15,11.57,-0.01,114,132418,卖盘
2757,09:46:12,11.58,0.01,106,122748,买盘
2758,09:46:09,11.57,--,100,115700,卖盘
2759,09:46:03,11.57,--,13,15850,卖盘
2760,09:46:00,11.57,--,122,141154,卖盘
2761,09:45:57,11.57,-0.01,22,25454,卖盘
2762,09:45:48,11.58,0.01,55,63690,买盘
2763,09:45:45,11.57,0.02,167,193219,买盘
2764,09:45:39,11.55,--,11,12936,卖盘
2765,09:45:30,11.55,--,6,6930,卖盘
2766,09:45:27,11.55,0.01,22,25410,卖盘
2767,09:45:24,11.54,--,0,542,卖盘
2768,09:45:21,11.54,--,3,3461,卖盘
2769,09:45:18,11.54,0.01,143,165056,中性盘
2770,09:45:15,11.53,-0.01,543,626713,卖盘
2771,09:45:09,11.54,--,90,103859,卖盘
2772,09:45:03,11.54,--,11,12693,卖盘
2773,09:45:00,11.54,--,34,39236,卖盘
2774,09:44:51,11.54,-0.01,120,138480,卖盘
2775,09:44:48,11.55,0.02,10,11550,买盘
2776,09:44:42,11.53,--,1,1153,卖盘
2777,09:44:39,11.53,-0.01,27,31131,卖盘
2778,09:44:33,11.54,-0.01,152,175408,卖盘
2779,09:44:30,11.55,--,51,58905,买盘
2780,09:44:27,11.55,0.01,33,38115,买盘
2781,09:44:24,11.54,--,9,10905,卖盘
2782,09:44:21,11.54,--,121,140407,卖盘
2783,09:44:18,11.54,--,23,26945,卖盘
2784,09:44:15,11.54,--,54,62315,卖盘
2785,09:44:12,11.54,-0.01,117,135018,卖盘
2786,09:44:09,11.55,0.01,56,65176,买盘
2787,09:44:03,11.54,--,4,4616,卖盘
2788,09:43:57,11.54,--,61,70394,卖盘
2789,09:43:54,11.54,--,44,50775,卖盘
2790,09:43:51,11.54,-0.01,6,6923,卖盘
2791,09:43:48,11.55,0.01,50,57750,买盘
2792,09:43:45,11.54,0.01,209,241185,买盘
2793,09:43:42,11.53,--,10,11530,卖盘
2794,09:43:36,11.53,--,2,2306,卖盘
2795,09:43:33,11.53,-0.01,60,69180,卖盘
2796,09:43:27,11.54,0.01,2,2308,买盘
2797,09:43:24,11.53,--,1,1153,卖盘
2798,09:43:21,11.53,--,2,2306,卖盘
2799,09:43:15,11.53,--,31,35743,卖盘
2800,09:43:09,11.53,--,1,1153,卖盘
2801,09:43:06,11.53,--,15,17295,卖盘
2802,09:43:03,11.53,--,11,13616,卖盘
2803,09:43:00,11.53,--,12,14297,卖盘
2804,09:42:54,11.53,--,98,114135,卖盘
2805,09:42:51,11.53,--,17,20408,卖盘
2806,09:42:45,11.53,--,53,61109,卖盘
2807,09:42:36,11.53,-0.01,5,5765,卖盘
2808,09:42:33,11.54,--,50,57699,买盘
2809,09:42:24,11.54,--,43,49621,买盘
2810,09:42:18,11.54,--,11,12693,卖盘
2811,09:42:15,11.54,--,100,115399,卖盘
2812,09:42:12,11.54,-0.01,10,11540,卖盘
2813,09:42:06,11.55,--,7,8085,买盘
2814,09:42:03,11.55,--,4,4620,买盘
2815,09:42:00,11.55,--,10,11550,买盘
2816,09:41:57,11.55,--,13,15015,买盘
2817,09:41:48,11.55,-0.01,113,130515,卖盘
2818,09:41:45,11.56,--,10,11560,买盘
2819,09:41:39,11.56,--,5,5780,买盘
2820,09:41:36,11.56,0.01,26,30056,买盘
2821,09:41:33,11.55,--,17,19635,卖盘
2822,09:41:30,11.55,0.02,54,62370,买盘
2823,09:41:27,11.53,--,65,74945,卖盘
2824,09:41:24,11.53,--,0,80,卖盘
2825,09:41:21,11.53,--,23,26599,卖盘
2826,09:41:18,11.53,--,36,41969,卖盘
