,time,price,change,volume,amount,type
0,15:00:03,11.58,--,2798,3241195,买盘
1,14:57:00,11.58,--,270,312660,买盘
2,14:56:57,11.58,--,255,295290,买盘
3,14:56:54,11.58,0.01,102,118116,买盘
4,14:56:51,11.57,-0.01,48,55536,卖盘
5,14:56:48,11.58,--,135,156330,买盘
6,14:56:45,11.58,0.01,135,156330,买盘
7,14:56:42,11.57,-0.01,13,15041,卖盘
8,14:56:39,11.58,--,27,31266,买盘
9,14:56:36,11.58,--,2,2316,买盘
10,14:56:30,11.58,--,312,361296,买盘
11,14:56:27,11.58,--,42,48636,买盘
12,14:56:24,11.58,0.01,40,46320,买盘
13,14:56:21,11.57,--,408,472056,卖盘
14,14:56:18,11.57,-0.01,20,23140,卖盘
15,14:56:15,11.58,--,364,421512,买盘
16,14:56:12,11.58,--,109,126222,买盘
17,14:56:09,11.58,0.01,10,11580,买盘
18,14:56:06,11.57,-0.01,83,96031,卖盘
19,14:56:03,11.58,--,35,40530,买盘
20,14:56:00,11.58,0.01,38,44004,买盘
21,14:55:57,11.57,--,1,1157,卖盘
22,14:55:54,11.57,-0.01,135,156195,卖盘
23,14:55:51,11.58,0.01,80,92640,买盘
24,14:55:48,11.57,--,16,18512,买盘
25,14:55:45,11.57,--,50,57850,买盘
26,14:55:42,11.57,--,125,144625,买盘
27,14:55:39,11.57,--,45,52065,买盘
28,14:55:36,11.57,--,35,40495,买盘
29,14:55:33,11.57,--,71,82147,买盘
30,14:55:30,11.57,--,35,40495,卖盘
31,14:55:27,11.57,--,60,69420,卖盘
32,14:55:24,11.57,--,184,212888,卖盘
33,14:55:21,11.57,--,190,219830,卖盘
34,14:55:18,11.57,--,4,4628,卖盘
35,14:55:15,11.57,-0.01,10,11570,卖盘
36,14:55:12,11.58,0.01,1,1158,买盘
37,14:55:09,11.57,--,50,57850,卖盘
38,14:55:06,11.57,0.01,5,5785,买盘
39,14:55:03,11.56,--,45,52020,卖盘
40,14:55:00,11.56,-0.01,210,242760,卖盘
41,14:54:57,11.57,-0.01,17,19669,中性盘
42,14:54:51,11.58,0.01,82,94956,买盘
43,14:54:48,11.57,--,147,170079,买盘
44,14:54:45,11.57,0.01,23,26611,买盘
45,14:54:42,11.56,-0.01,32,36992,卖盘
46,14:54:39,11.57,--,13,15041,买盘
47,14:54:36,11.57,--,29,33553,买盘
48,14:54:33,11.57,--,98,113386,买盘
49,14:54:30,11.57,--,61,70577,买盘
50,14:54:27,11.57,--,22,25454,买盘
51,14:54:24,11.57,0.01,49,56693,买盘
52,14:54:21,11.56,-0.01,71,82076,卖盘
53,14:54:18,11.57,--,403,466271,买盘
54,14:54:15,11.57,0.01,4,4628,买盘
55,14:54:12,11.56,--,29,33524,卖盘
56,14:54:09,11.56,--,158,182648,卖盘
57,14:54:06,11.56,-0.01,1,1156,卖盘
58,14:54:03,11.57,--,21,24297,买盘
59,14:54:00,11.57,0.01,56,64792,买盘
60,14:53:57,11.56,--,121,139876,卖盘
61,14:53:54,11.56,--,10,11560,卖盘
62,14:53:51,11.56,--,43,49708,卖盘
63,14:53:48,11.56,--,160,184960,卖盘
64,14:53:45,11.56,-0.01,454,524824,卖盘
65,14:53:42,11.57,0.01,15,17355,买盘
66,14:53:39,11.56,--,3,3468,卖盘
67,14:53:36,11.56,-0.01,9,10404,卖盘
68,14:53:33,11.57,-0.01,61,70577,卖盘
69,14:53:30,11.58,0.01,33,38214,买盘
70,14:53:27,11.57,--,38,43966,买盘
71,14:53:24,11.57,--,8,9256,买盘
72,14:53:21,11.57,--,144,166608,卖盘
73,14:53:15,11.57,-0.01,250,289250,卖盘
74,14:53:12,11.58,--,186,215388,买盘
75,14:53:03,11.58,0.02,1,1158,买盘
76,14:53:00,11.56,-0.01,353,408068,卖盘
77,14:52:54,11.57,0.01,37,42809,买盘
78,14:52:51,11.56,--,123,142188,卖盘
79,14:52:48,11.56,-0.01,104,120224,卖盘
80,14:52:45,11.57,--,25,28925,买盘
81,14:52:42,11.57,--,6,6942,买盘
82,14:52:39,11.57,--,47,54379,买盘
83,14:52:36,11.57,--,29,33553,买盘
84,14:52:33,11.57,0.01,373,431561,买盘
85,14:52:30,11.56,-0.01,483,558348,卖盘
86,14:52:27,11.57,--,37,42809,买盘
87,14:52:24,11.57,0.01,21,24297,买盘
88,14:52:21,11.56,-0.01,50,57800,卖盘
89,14:52:18,11.57,0.01,10,11570,买盘
90,14:52:15,11.56,-0.01,514,594184,卖盘
91,14:52:12,11.57,0.01,18,20826,买盘
92,14:52:09,11.56,-0.01,192,221952,卖盘
93,14:52:06,11.57,--,34,39338,买盘
94,14:52:03,11.57,--,44,50908,买盘
95,14:52:00,11.57,--,962,1113034,买盘
96,14:51:57,11.57,--,32,37024,买盘
97,14:51:54,11.57,-0.01,375,433875,卖盘
98,14:51:51,11.58,0.01,59,68322,买盘
99,14:51:48,11.57,-0.01,4,4628,卖盘
100,14:51:45,11.58,0.01,286,331188,买盘
101,14:51:42,11.57,--,220,254540,卖盘
102,14:51:39,11.57,-0.01,46,53222,卖盘
103,14:51:33,11.58,0.01,35,40530,买盘
104,14:51:30,11.57,--,10,11570,卖盘
105,14:51:27,11.57,--,119,137683,卖盘
106,14:51:24,11.57,--,4,4628,卖盘
107,14:51:21,11.57,--,58,67106,买盘
108,14:51:18,11.57,--,37,42809,买盘
109,14:51:12,11.57,--,336,388752,买盘
110,14:51:09,11.57,--,332,384124,卖盘
111,14:51:06,11.57,--,104,120328,卖盘
112,14:51:03,11.57,-0.01,20,23140,卖盘
113,14:51:00,11.58,0.01,36,41688,买盘
114,14:50:57,11.57,-0.01,325,376025,卖盘
115,14:50:54,11.58,--,5,5790,买盘
116,14:50:51,11.58,--,141,163278,买盘
117,14:50:48,11.58,--,576,667008,买盘
118,14:50:45,11.58,--,16,18528,买盘
119,14:50:42,11.58,0.01,14,16212,买盘
120,14:50:36,11.57,-0.01,240,277680,卖盘
121,14:50:33,11.58,--,97,112326,买盘
122,14:50:30,11.58,--,13,15054,买盘
123,14:50:27,11.58,0.01,78,90324,买盘
124,14:50:24,11.57,-0.01,241,278837,卖盘
125,14:50:21,11.58,--,145,167910,买盘
126,14:50:18,11.58,0.01,346,400668,买盘
127,14:50:15,11.57,-0.01,665,769405,卖盘
128,14:50:12,11.58,--,364,421512,买盘
129,14:50:09,11.58,--,223,258234,买盘
130,14:50:06,11.58,--,17,19686,买盘
131,14:50:03,11.58,--,166,192228,买盘
132,14:50:00,11.58,0.01,18,20844,买盘
133,14:49:54,11.57,-0.01,5,5785,卖盘
134,14:49:51,11.58,--,112,129696,买盘
135,14:49:48,11.58,--,42,48636,买盘
136,14:49:45,11.58,--,17,19686,买盘
137,14:49:42,11.58,--,80,92640,买盘
138,14:49:39,11.58,--,1,1158,买盘
139,14:49:36,11.58,0.01,2,2316,买盘
140,14:49:33,11.57,-0.01,5,5785,卖盘
141,14:49:30,11.58,--,49,56742,卖盘
142,14:49:27,11.58,0.01,310,358980,买盘
143,14:49:21,11.57,-0.01,77,89089,卖盘
144,14:49:15,11.58,--,144,166752,买盘
145,14:49:12,11.58,0.01,67,77586,买盘
146,14:49:09,11.57,-0.01,64,74048,卖盘
147,14:49:06,11.58,--,1,1158,买盘
148,14:49:03,11.58,--,1,1158,买盘
149,14:49:00,11.58,--,56,64848,买盘
150,14:48:57,11.58,--,375,434250,买盘
151,14:48:54,11.58,0.01,54,62532,买盘
152,14:48:51,11.57,-0.01,50,57850,卖盘
153,14:48:48,11.58,--,523,605634,买盘
154,14:48:42,11.58,--,16,18528,买盘
155,14:48:39,11.58,-0.01,1046,1211268,卖盘
156,14:48:36,11.59,--,73,84607,买盘
157,14:48:33,11.59,--,301,348859,买盘
158,14:48:30,11.59,--,99,114741,买盘
159,14:48:27,11.59,--,9,10431,买盘
160,14:48:24,11.59,0.01,14,16226,买盘
161,14:48:21,11.58,--,48,55584,卖盘
162,14:48:18,11.58,--,309,357822,卖盘
163,14:48:15,11.58,-0.01,17,19686,卖盘
164,14:48:12,11.59,--,116,134444,买盘
165,14:48:09,11.59,0.01,91,105469,买盘
166,14:48:06,11.58,-0.01,3,3474,卖盘
167,14:48:03,11.59,--,29,33611,买盘
168,14:48:00,11.59,--,2,2318,买盘
169,14:47:57,11.59,0.01,10,11590,买盘
170,14:47:54,11.58,-0.01,51,59058,卖盘
171,14:47:51,11.59,--,55,63745,买盘
172,14:47:48,11.59,--,23,26657,买盘
173,14:47:45,11.59,--,68,78812,买盘
174,14:47:42,11.59,0.01,1,1159,买盘
175,14:47:39,11.58,-0.01,18,20844,卖盘
176,14:47:36,11.59,--,52,60268,买盘
177,14:47:33,11.59,--,60,69540,买盘
178,14:47:30,11.59,0.01,159,184281,买盘
179,14:47:24,11.58,--,116,134328,卖盘
180,14:47:21,11.58,-0.01,61,70638,卖盘
181,14:47:18,11.59,0.01,193,223687,买盘
182,14:47:12,11.58,--,2,2316,卖盘
183,14:47:09,11.58,--,221,255918,卖盘
184,14:47:06,11.58,--,59,68322,卖盘
185,14:47:03,11.58,--,200,231600,卖盘
186,14:46:57,11.58,--,21,24318,卖盘
187,14:46:54,11.58,--,7,8106,卖盘
188,14:46:51,11.58,--,30,34740,卖盘
189,14:46:48,11.58,--,34,39372,卖盘
190,14:46:45,11.58,--,80,92640,买盘
191,14:46:42,11.58,--,42,48636,买盘
192,14:46:39,11.58,--,76,88008,卖盘
193,14:46:36,11.58,--,160,185280,卖盘
194,14:46:33,11.58,--,345,399510,买盘
195,14:46:30,11.58,--,42,48636,买盘
196,14:46:27,11.58,--,171,198018,买盘
197,14:46:24,11.58,--,10,11580,买盘
198,14:46:21,11.58,--,35,40530,买盘
199,14:46:18,11.58,--,601,695958,卖盘
200,14:46:15,11.58,--,90,104220,买盘
201,14:46:12,11.58,0.01,75,86850,买盘
202,14:46:09,11.57,-0.01,359,415363,卖盘
203,14:46:06,11.58,--,57,66006,买盘
204,14:46:03,11.58,--,285,330030,买盘
205,14:46:00,11.58,--,36,41688,买盘
206,14:45:57,11.58,--,316,365928,买盘
207,14:45:54,11.58,--,87,100746,买盘
208,14:45:51,11.58,--,90,104220,买盘
209,14:45:48,11.58,--,41,47478,买盘
210,14:45:45,11.58,0.01,13,15054,买盘
211,14:45:42,11.57,-0.01,5,5785,卖盘
212,14:45:39,11.58,--,48,55584,买盘
213,14:45:36,11.58,--,82,94956,买盘
214,14:45:33,11.58,--,42,48636,买盘
215,14:45:30,11.58,--,49,56742,买盘
216,14:45:27,11.58,--,1,1158,买盘
217,14:45:24,11.58,0.01,69,79902,买盘
218,14:45:21,11.57,--,47,54379,卖盘
219,14:45:18,11.57,--,4,4628,卖盘
220,14:45:15,11.57,--,25,28925,卖盘
221,14:45:12,11.57,-0.01,12,13884,卖盘
222,14:45:09,11.58,--,1,1158,买盘
223,14:45:06,11.58,--,10,11580,买盘
224,14:45:03,11.58,--,44,50952,买盘
225,14:45:00,11.58,--,50,57900,买盘
226,14:44:57,11.58,0.01,31,35898,买盘
227,14:44:54,11.57,--,1,1157,卖盘
228,14:44:51,11.57,--,28,32396,卖盘
229,14:44:48,11.57,--,14,16198,卖盘
230,14:44:45,11.57,--,6,6942,卖盘
231,14:44:42,11.57,--,112,129584,卖盘
232,14:44:39,11.57,-0.01,41,47437,卖盘
233,14:44:36,11.58,0.01,10,11580,买盘
234,14:44:33,11.57,-0.01,80,92560,卖盘
235,14:44:30,11.58,0.01,43,49794,买盘
236,14:44:27,11.57,-0.01,13,15041,卖盘
237,14:44:24,11.58,--,123,142434,买盘
238,14:44:21,11.58,--,151,174858,买盘
239,14:44:18,11.58,0.01,510,590580,买盘
240,14:44:15,11.57,-0.01,17,19669,买盘
241,14:44:12,11.58,0.01,530,613740,买盘
242,14:44:09,11.57,--,301,348257,卖盘
243,14:44:06,11.57,-0.01,3,3471,卖盘
244,14:44:03,11.58,--,6,6948,买盘
245,14:44:00,11.58,0.01,28,32424,买盘
246,14:43:57,11.57,0.01,157,181649,卖盘
247,14:43:54,11.56,-0.02,144,166464,卖盘
248,14:43:51,11.58,0.01,442,511836,买盘
249,14:43:48,11.57,--,144,166608,卖盘
250,14:43:45,11.57,--,569,658333,卖盘
251,14:43:42,11.57,-0.01,288,333216,卖盘
252,14:43:39,11.58,0.02,51,59058,买盘
253,14:43:36,11.56,--,83,95948,卖盘
254,14:43:33,11.56,-0.01,258,298248,卖盘
255,14:43:30,11.57,--,35,40495,买盘
256,14:43:27,11.57,--,31,35867,买盘
257,14:43:24,11.57,--,16,18512,买盘
258,14:43:21,11.57,--,139,160823,买盘
259,14:43:18,11.57,--,58,67106,买盘
260,14:43:15,11.57,0.01,3,3471,买盘
261,14:43:12,11.56,-0.01,113,130628,卖盘
262,14:43:09,11.57,--,33,38181,卖盘
263,14:43:06,11.57,0.01,573,662961,买盘
264,14:43:03,11.56,--,58,67048,卖盘
265,14:43:00,11.56,--,10,11560,卖盘
266,14:42:57,11.56,-0.01,58,67048,卖盘
267,14:42:54,11.57,0.01,45,52065,买盘
268,14:42:51,11.56,-0.01,57,65892,卖盘
269,14:42:48,11.57,0.01,9,10413,买盘
270,14:42:42,11.56,-0.01,11,12716,卖盘
271,14:42:39,11.57,0.01,32,37024,买盘
272,14:42:36,11.56,--,103,119068,卖盘
273,14:42:33,11.56,--,107,123692,卖盘
274,14:42:30,11.56,--,339,391884,买盘
275,14:42:27,11.56,--,11,12716,买盘
276,14:42:24,11.56,--,45,52020,买盘
277,14:42:21,11.56,0.01,68,78608,买盘
278,14:42:18,11.55,-0.01,51,58905,卖盘
279,14:42:15,11.56,-0.01,1655,1913180,卖盘
280,14:42:12,11.57,--,52,60164,买盘
281,14:42:09,11.57,--,175,202475,买盘
282,14:42:06,11.57,--,66,76362,买盘
283,14:42:03,11.57,--,24,27768,买盘
284,14:42:00,11.57,--,12,13884,买盘
285,14:41:57,11.57,--,113,130741,买盘
286,14:41:54,11.57,--,215,248755,买盘
287,14:41:51,11.57,--,11,12727,卖盘
288,14:41:48,11.57,--,49,56693,买盘
289,14:41:45,11.57,--,40,46280,买盘
290,14:41:42,11.57,--,56,64792,买盘
291,14:41:39,11.57,-0.01,304,351728,卖盘
292,14:41:36,11.58,0.02,368,426144,买盘
293,14:41:33,11.56,-0.02,164,189584,卖盘
294,14:41:30,11.58,0.01,245,283710,买盘
295,14:41:27,11.57,--,252,291564,卖盘
296,14:41:24,11.57,--,335,387595,卖盘
297,14:41:21,11.57,-0.01,248,286936,卖盘
298,14:41:18,11.58,0.01,71,82218,买盘
299,14:41:15,11.57,-0.01,20,23140,卖盘
300,14:41:12,11.58,0.01,34,39372,买盘
301,14:41:06,11.57,--,144,166608,卖盘
302,14:41:03,11.57,--,286,330902,卖盘
303,14:41:00,11.57,-0.01,32,37024,卖盘
304,14:40:54,11.58,--,20,23160,买盘
305,14:40:51,11.58,--,220,254760,买盘
306,14:40:48,11.58,--,10,11580,买盘
307,14:40:45,11.58,0.01,21,24318,买盘
308,14:40:42,11.57,-0.01,15,17355,卖盘
309,14:40:39,11.58,-0.01,593,686694,卖盘
310,14:40:36,11.59,0.01,178,206302,买盘
311,14:40:33,11.58,-0.01,18,20844,卖盘
312,14:40:30,11.59,--,68,78812,买盘
313,14:40:27,11.59,--,41,47519,买盘
314,14:40:24,11.59,--,43,49837,买盘
315,14:40:21,11.59,--,20,23180,买盘
316,14:40:18,11.59,--,5,5795,买盘
317,14:40:15,11.59,0.01,126,146034,买盘
318,14:40:12,11.58,--,1,1158,卖盘
319,14:40:09,11.58,--,14,16212,卖盘
320,14:40:06,11.58,-0.01,252,291816,卖盘
321,14:40:03,11.59,0.01,234,271206,买盘
322,14:40:00,11.58,-0.01,35,40530,卖盘
323,14:39:57,11.59,--,19,22021,买盘
324,14:39:54,11.59,--,29,33611,买盘
325,14:39:51,11.59,0.01,35,40565,买盘
326,14:39:48,11.58,-0.01,275,318450,卖盘
327,14:39:45,11.59,--,35,40565,买盘
328,14:39:42,11.59,0.01,133,154147,买盘
329,14:39:39,11.58,-0.01,217,251286,卖盘
330,14:39:36,11.59,0.01,34,39406,买盘
331,14:39:33,11.58,-0.01,19,22002,卖盘
332,14:39:30,11.59,--,16,18544,买盘
333,14:39:27,11.59,0.01,63,73017,买盘
334,14:39:24,11.58,--,13,15054,卖盘
335,14:39:21,11.58,-0.01,54,62532,卖盘
336,14:39:15,11.59,--,76,88084,买盘
337,14:39:12,11.59,--,316,366244,买盘
338,14:39:09,11.59,--,4,4636,买盘
339,14:39:06,11.59,0.01,21,24339,买盘
340,14:39:03,11.58,--,134,155172,买盘
341,14:39:00,11.58,--,8,9264,买盘
342,14:38:57,11.58,--,70,81060,买盘
343,14:38:54,11.58,--,25,28950,买盘
344,14:38:51,11.58,0.01,1,1158,买盘
345,14:38:48,11.57,--,1,1157,卖盘
346,14:38:45,11.57,-0.02,54,62478,卖盘
347,14:38:42,11.59,--,17,19703,买盘
348,14:38:39,11.59,0.01,16,18544,买盘
349,14:38:36,11.58,--,16,18528,买盘
350,14:38:33,11.58,--,21,24318,买盘
351,14:38:30,11.58,-0.01,567,657026,卖盘
352,14:38:27,11.59,0.01,123,142557,买盘
353,14:38:24,11.58,-0.01,15,17370,卖盘
354,14:38:21,11.59,0.01,60,69540,买盘
355,14:38:18,11.58,--,267,309533,卖盘
356,14:38:15,11.58,--,121,140118,卖盘
357,14:38:12,11.58,-0.01,334,386772,卖盘
358,14:38:09,11.59,--,20,23180,买盘
359,14:38:06,11.59,--,12,13908,买盘
360,14:38:03,11.59,--,599,694241,买盘
361,14:38:00,11.59,0.01,52,60268,买盘
362,14:37:57,11.58,-0.01,50,57900,卖盘
363,14:37:54,11.59,--,33,38247,买盘
364,14:37:51,11.59,--,13,15067,买盘
365,14:37:48,11.59,-0.01,160,185440,中性盘
366,14:37:45,11.6,0.01,3023,3506680,买盘
367,14:37:42,11.59,-0.01,35,40565,卖盘
368,14:37:39,11.6,0.01,26,30160,买盘
369,14:37:36,11.59,-0.01,61,70699,卖盘
370,14:37:33,11.6,0.01,20,23200,买盘
371,14:37:30,11.59,--,217,251503,卖盘
372,14:37:27,11.59,-0.01,52,60268,卖盘
373,14:37:24,11.6,0.01,77,89320,买盘
374,14:37:21,11.59,-0.01,1,1159,卖盘
375,14:37:18,11.6,--,64,74240,买盘
376,14:37:15,11.6,--,20,23200,买盘
377,14:37:12,11.6,0.01,89,103240,买盘
378,14:37:09,11.59,-0.01,87,100833,卖盘
379,14:37:06,11.6,--,36,41760,买盘
380,14:37:03,11.6,--,385,446600,买盘
381,14:37:00,11.6,--,13,15080,买盘
382,14:36:57,11.6,--,71,82360,买盘
383,14:36:54,11.6,--,122,141520,买盘
384,14:36:48,11.6,--,20,23200,买盘
385,14:36:45,11.6,0.01,2758,3199280,买盘
386,14:36:42,11.59,-0.02,137,158783,卖盘
387,14:36:39,11.61,0.01,191,221751,买盘
388,14:36:36,11.6,0.01,202,234320,买盘
389,14:36:33,11.59,-0.01,69,79971,卖盘
390,14:36:30,11.6,--,126,146160,买盘
391,14:36:27,11.6,--,339,393240,买盘
392,14:36:24,11.6,--,70,81200,卖盘
393,14:36:21,11.6,-0.01,3,3480,中性盘
394,14:36:18,11.61,0.01,57,66177,买盘
395,14:36:15,11.6,--,126,146160,卖盘
396,14:36:12,11.6,-0.01,89,103240,卖盘
397,14:36:09,11.61,0.01,167,193887,买盘
398,14:36:06,11.6,-0.01,12,13920,卖盘
399,14:36:03,11.61,--,1222,1418742,买盘
400,14:36:00,11.61,--,791,918351,买盘
401,14:35:57,11.61,0.01,48,55728,买盘
402,14:35:54,11.6,--,68,78880,卖盘
403,14:35:51,11.6,--,2,2320,卖盘
404,14:35:48,11.6,--,116,134560,卖盘
405,14:35:45,11.6,-0.01,27,31320,卖盘
406,14:35:42,11.61,--,36,41796,买盘
407,14:35:39,11.61,--,1,1161,买盘
408,14:35:36,11.61,--,131,152091,买盘
409,14:35:33,11.61,--,35,40635,买盘
410,14:35:30,11.61,--,41,47601,买盘
411,14:35:27,11.61,--,17,19737,买盘
412,14:35:24,11.61,0.01,8,9288,买盘
413,14:35:21,11.6,--,30,34800,卖盘
414,14:35:18,11.6,-0.01,1505,1745800,卖盘
415,14:35:15,11.61,0.01,12,13932,买盘
416,14:35:12,11.6,-0.01,53,61480,卖盘
417,14:35:09,11.61,--,186,215946,买盘
418,14:35:06,11.61,--,107,124227,买盘
419,14:35:03,11.61,0.01,108,125388,买盘
420,14:35:00,11.6,--,201,233160,买盘
421,14:34:57,11.6,--,38,44080,买盘
422,14:34:54,11.6,--,130,150800,买盘
423,14:34:48,11.6,--,213,247080,买盘
424,14:34:45,11.6,--,182,211120,买盘
425,14:34:42,11.6,--,22,25520,买盘
426,14:34:39,11.6,--,157,182120,买盘
427,14:34:36,11.6,--,62,71920,买盘
428,14:34:33,11.6,-0.01,451,523160,卖盘
429,14:34:30,11.61,--,370,429570,买盘
430,14:34:27,11.61,--,486,564246,买盘
431,14:34:24,11.61,--,16,18576,买盘
432,14:34:21,11.61,--,4,4644,买盘
433,14:34:18,11.61,--,32,37152,买盘
434,14:34:15,11.61,0.01,147,170667,买盘
435,14:34:12,11.6,-0.01,22,25520,卖盘
436,14:34:09,11.61,0.01,172,199692,卖盘
437,14:34:06,11.6,-0.01,700,812000,卖盘
438,14:34:03,11.61,--,1238,1437318,买盘
439,14:34:00,11.61,--,38,44118,买盘
440,14:33:57,11.61,-0.01,76,88236,卖盘
441,14:33:54,11.62,0.01,550,639100,买盘
442,14:33:51,11.61,--,332,385452,买盘
443,14:33:48,11.61,--,273,316953,买盘
444,14:33:45,11.61,--,184,213624,买盘
445,14:33:42,11.61,--,48,55728,买盘
446,14:33:39,11.61,-0.01,520,603952,卖盘
447,14:33:36,11.62,--,352,409024,买盘
448,14:33:33,11.62,0.01,113,131306,买盘
449,14:33:30,11.61,--,667,775315,买盘
450,14:33:27,11.61,--,668,775548,买盘
451,14:33:24,11.61,--,79,91719,买盘
452,14:33:21,11.61,0.01,212,246132,买盘
453,14:33:18,11.6,-0.01,182,211120,卖盘
454,14:33:15,11.61,--,611,709371,买盘
455,14:33:09,11.61,0.01,1410,1637010,买盘
456,14:33:06,11.6,-0.01,570,661200,卖盘
457,14:33:03,11.61,0.01,208,241488,买盘
458,14:32:57,11.6,0.01,755,876774,买盘
459,14:32:54,11.59,-0.01,325,376675,卖盘
460,14:32:51,11.6,--,735,852600,买盘
461,14:32:48,11.6,--,1266,1468560,买盘
462,14:32:45,11.6,--,787,912920,买盘
463,14:32:42,11.6,--,4129,4789640,买盘
464,14:32:39,11.6,--,60,69600,买盘
465,14:32:36,11.6,0.01,358,415280,买盘
466,14:32:33,11.59,-0.01,919,1065121,卖盘
467,14:32:30,11.6,--,111,128760,买盘
468,14:32:27,11.6,--,101,117160,买盘
469,14:32:24,11.6,--,580,672800,买盘
470,14:32:21,11.6,--,385,446600,买盘
471,14:32:18,11.6,--,218,252880,买盘
472,14:32:15,11.6,--,10,11600,买盘
473,14:32:12,11.6,0.01,518,600880,买盘
474,14:32:09,11.59,--,1060,1228540,卖盘
475,14:32:06,11.59,-0.01,67,77653,卖盘
476,14:32:03,11.6,--,47,54520,买盘
477,14:32:00,11.6,--,191,221560,买盘
478,14:31:57,11.6,--,44,51040,买盘
479,14:31:54,11.6,--,1,1160,买盘
480,14:31:51,11.6,0.01,76,88160,买盘
481,14:31:48,11.59,--,73,84607,卖盘
482,14:31:45,11.59,-0.01,87,100833,卖盘
483,14:31:42,11.6,0.01,12,13920,买盘
484,14:31:39,11.59,-0.01,8,9272,卖盘
485,14:31:36,11.6,0.01,31,35960,买盘
486,14:31:33,11.59,--,137,158783,卖盘
487,14:31:30,11.59,--,8,9272,卖盘
488,14:31:27,11.59,--,488,565592,卖盘
489,14:31:24,11.59,--,125,144875,卖盘
490,14:31:21,11.59,-0.01,51,59109,卖盘
491,14:31:18,11.6,--,59,68440,买盘
492,14:31:15,11.6,0.01,841,975560,买盘
493,14:31:12,11.59,--,440,509960,卖盘
494,14:31:09,11.59,--,107,124013,卖盘
495,14:31:06,11.59,--,49,56791,卖盘
496,14:31:03,11.59,--,268,310612,卖盘
497,14:31:00,11.59,-0.01,15,17385,卖盘
498,14:30:57,11.6,0.01,128,148480,买盘
499,14:30:54,11.59,--,74,85766,卖盘
500,14:30:51,11.59,--,63,73017,卖盘
501,14:30:48,11.59,--,435,504165,买盘
502,14:30:45,11.59,0.01,10,11590,买盘
503,14:30:42,11.58,--,6,6948,卖盘
504,14:30:39,11.58,-0.01,532,616056,卖盘
505,14:30:36,11.59,--,89,103151,买盘
506,14:30:33,11.59,0.01,49,56791,买盘
507,14:30:30,11.58,-0.01,590,683220,卖盘
508,14:30:27,11.59,--,284,329156,买盘
509,14:30:24,11.59,--,103,119377,买盘
510,14:30:21,11.59,--,100,115900,买盘
511,14:30:18,11.59,--,7,8113,买盘
512,14:30:15,11.59,--,51,59109,买盘
513,14:30:12,11.59,--,41,47519,买盘
514,14:30:09,11.59,0.01,292,338428,买盘
515,14:30:06,11.58,-0.01,864,1000512,卖盘
516,14:30:03,11.59,--,415,481355,买盘
517,14:30:00,11.59,--,133,154147,买盘
518,14:29:57,11.59,0.01,120,139080,买盘
519,14:29:54,11.58,-0.01,11,12738,卖盘
520,14:29:51,11.59,--,6,6954,买盘
521,14:29:48,11.59,--,26,30134,买盘
522,14:29:45,11.59,--,13,15067,买盘
523,14:29:42,11.59,--,16,18544,买盘
524,14:29:39,11.59,--,368,426512,买盘
525,14:29:36,11.59,--,584,677644,卖盘
526,14:29:33,11.59,--,83,96567,买盘
527,14:29:30,11.59,--,32,37088,买盘
528,14:29:27,11.59,--,301,348859,买盘
529,14:29:24,11.59,--,60,69540,买盘
530,14:29:21,11.59,0.01,5,5795,买盘
531,14:29:18,11.58,-0.01,13,15054,卖盘
532,14:29:15,11.59,--,154,178486,买盘
533,14:29:12,11.59,--,403,467077,买盘
534,14:29:09,11.59,--,184,213256,买盘
535,14:29:06,11.59,--,126,146034,买盘
536,14:29:03,11.59,--,305,353495,买盘
537,14:28:57,11.59,--,11,12749,买盘
538,14:28:54,11.59,0.01,125,144875,买盘
539,14:28:51,11.58,-0.01,104,120432,卖盘
540,14:28:48,11.59,--,6,6954,买盘
541,14:28:45,11.59,0.01,145,168055,买盘
542,14:28:42,11.58,-0.01,343,397194,卖盘
543,14:28:39,11.59,--,83,96197,买盘
544,14:28:36,11.59,0.01,207,239913,买盘
545,14:28:33,11.58,-0.01,475,550837,卖盘
546,14:28:30,11.59,--,1914,2218696,买盘
547,14:28:27,11.59,0.01,2113,2448967,买盘
548,14:28:24,11.58,-0.01,16,18528,卖盘
549,14:28:21,11.59,--,6,6954,买盘
550,14:28:18,11.59,0.01,25,28975,买盘
551,14:28:15,11.58,-0.01,87,100746,卖盘
552,14:28:12,11.59,--,801,928359,买盘
553,14:28:09,11.59,0.01,96,111264,买盘
554,14:28:06,11.58,-0.01,179,207282,卖盘
555,14:28:03,11.59,--,225,260775,买盘
556,14:28:00,11.59,--,62,71858,买盘
557,14:27:57,11.59,--,62,71858,买盘
558,14:27:54,11.59,--,121,140239,买盘
559,14:27:51,11.59,--,421,487939,买盘
560,14:27:48,11.59,0.01,150,173850,买盘
561,14:27:45,11.58,--,32,37056,卖盘
562,14:27:42,11.58,-0.01,123,142434,卖盘
563,14:27:39,11.59,--,2,2318,买盘
564,14:27:36,11.59,--,22,25498,买盘
565,14:27:33,11.59,0.01,163,188917,买盘
566,14:27:30,11.58,-0.01,9,10422,卖盘
567,14:27:27,11.59,--,54,62586,买盘
568,14:27:24,11.59,0.01,21,24339,买盘
569,14:27:21,11.58,--,16,18528,卖盘
570,14:27:15,11.58,-0.01,226,261708,卖盘
571,14:27:12,11.59,--,54,62586,买盘
572,14:27:09,11.59,--,74,85766,买盘
573,14:27:06,11.59,--,33,38247,买盘
574,14:27:03,11.59,--,254,294386,买盘
575,14:27:00,11.59,--,99,114741,买盘
576,14:26:57,11.59,0.01,232,268888,买盘
577,14:26:54,11.58,-0.01,42,48636,卖盘
578,14:26:51,11.59,0.01,609,705831,买盘
579,14:26:48,11.58,--,155,179490,买盘
580,14:26:45,11.58,0.01,128,148224,买盘
581,14:26:42,11.57,-0.01,5,5785,卖盘
582,14:26:39,11.58,0.01,860,995880,买盘
583,14:26:36,11.57,--,1748,2022436,卖盘
584,14:26:33,11.57,-0.01,19,21983,卖盘
585,14:26:30,11.58,--,69,79902,买盘
586,14:26:27,11.58,--,141,163278,买盘
587,14:26:24,11.58,--,64,74112,买盘
588,14:26:21,11.58,--,82,94956,买盘
589,14:26:15,11.58,--,5,5790,买盘
590,14:26:12,11.58,--,41,47478,买盘
591,14:26:09,11.58,--,3,3474,买盘
592,14:26:06,11.58,--,1,1158,买盘
593,14:26:03,11.58,--,255,295290,买盘
594,14:26:00,11.58,--,104,120432,买盘
595,14:25:57,11.58,0.01,41,47478,买盘
596,14:25:51,11.57,-0.01,206,238342,卖盘
597,14:25:48,11.58,0.01,43,49794,买盘
598,14:25:42,11.57,-0.01,103,119171,卖盘
599,14:25:39,11.58,0.01,269,311502,买盘
600,14:25:36,11.57,-0.01,10,11570,卖盘
601,14:25:33,11.58,0.01,190,220020,买盘
602,14:25:30,11.57,--,169,195533,买盘
603,14:25:27,11.57,--,21,24297,买盘
604,14:25:24,11.57,--,10,11570,买盘
605,14:25:21,11.57,--,38,43966,买盘
606,14:25:18,11.57,--,34,39338,买盘
607,14:25:15,11.57,--,39,45123,买盘
608,14:25:12,11.57,-0.01,100,115700,中性盘
609,14:25:09,11.58,--,24,27792,买盘
610,14:25:06,11.58,--,676,782808,买盘
611,14:25:03,11.58,0.01,140,162120,买盘
612,14:25:00,11.57,--,135,156195,买盘
613,14:24:57,11.57,--,96,111072,买盘
614,14:24:54,11.57,--,20,23140,买盘
615,14:24:51,11.57,0.01,1,1157,买盘
616,14:24:48,11.56,-0.01,164,189584,卖盘
617,14:24:42,11.57,--,300,347100,买盘
618,14:24:36,11.57,--,101,116857,买盘
619,14:24:33,11.57,-0.01,98,113386,卖盘
620,14:24:30,11.58,0.01,37,42846,买盘
621,14:24:27,11.57,--,116,134212,卖盘
622,14:24:24,11.57,-0.01,12,13884,卖盘
623,14:24:21,11.58,0.01,180,208440,买盘
624,14:24:18,11.57,--,56,64792,买盘
625,14:24:15,11.57,0.01,85,98345,买盘
626,14:24:12,11.56,-0.02,60,69360,卖盘
627,14:24:09,11.58,0.01,182,210756,买盘
628,14:24:06,11.57,--,8,9256,买盘
629,14:24:03,11.57,--,196,226772,买盘
630,14:24:00,11.57,--,299,345943,买盘
631,14:23:54,11.57,--,29,33553,买盘
632,14:23:51,11.57,--,5,5785,买盘
633,14:23:48,11.57,--,12,13884,买盘
634,14:23:42,11.57,0.01,8,9256,买盘
635,14:23:39,11.56,-0.01,43,49708,卖盘
636,14:23:36,11.57,0.01,43,49751,买盘
637,14:23:33,11.56,-0.01,18,20808,卖盘
638,14:23:27,11.57,--,94,108758,买盘
639,14:23:24,11.57,--,34,39338,买盘
640,14:23:18,11.57,0.01,8,9256,买盘
641,14:23:15,11.56,--,10,11560,卖盘
642,14:23:12,11.56,-0.01,18,20808,卖盘
643,14:23:09,11.57,--,52,60164,买盘
644,14:23:06,11.57,--,13,15041,买盘
645,14:23:03,11.57,--,22,25454,买盘
646,14:23:00,11.57,--,304,351728,买盘
647,14:22:54,11.57,-0.01,63,72891,卖盘
648,14:22:51,11.58,0.01,56,64848,买盘
649,14:22:45,11.57,--,6,6942,卖盘
650,14:22:42,11.57,--,22,25454,卖盘
651,14:22:39,11.57,--,222,256854,卖盘
652,14:22:36,11.57,0.01,319,369083,买盘
653,14:22:33,11.56,-0.01,21,24276,卖盘
654,14:22:30,11.57,0.01,200,231400,买盘
655,14:22:27,11.56,--,4,4624,卖盘
656,14:22:24,11.56,-0.01,35,40460,卖盘
657,14:22:21,11.57,--,18,20826,买盘
658,14:22:18,11.57,--,8,9256,买盘
659,14:22:15,11.57,-0.01,21,24297,卖盘
660,14:22:12,11.58,0.01,200,231600,买盘
661,14:22:09,11.57,-0.01,10,11570,卖盘
662,14:22:06,11.58,--,72,83376,买盘
663,14:22:03,11.58,--,32,37056,买盘
664,14:22:00,11.58,0.01,254,294132,买盘
665,14:21:57,11.57,--,22,25454,卖盘
666,14:21:54,11.57,--,107,123799,卖盘
667,14:21:51,11.57,--,15,17355,卖盘
668,14:21:48,11.57,--,155,179335,买盘
669,14:21:45,11.57,--,12,13884,买盘
670,14:21:42,11.57,--,96,111072,买盘
671,14:21:39,11.57,--,10,11570,买盘
672,14:21:36,11.57,--,172,199004,买盘
673,14:21:33,11.57,--,28,32396,买盘
674,14:21:30,11.57,--,39,45123,买盘
675,14:21:27,11.57,--,126,145782,卖盘
676,14:21:24,11.57,0.01,110,127270,买盘
677,14:21:21,11.56,-0.01,198,228888,卖盘
678,14:21:18,11.57,--,976,1129232,卖盘
679,14:21:15,11.57,--,23,26611,买盘
680,14:21:12,11.57,-0.01,469,542633,卖盘
681,14:21:09,11.58,0.01,139,160962,买盘
682,14:21:06,11.57,--,249,288093,卖盘
683,14:21:03,11.57,--,813,940641,买盘
684,14:21:00,11.57,--,222,256854,买盘
685,14:20:57,11.57,--,223,258011,买盘
686,14:20:54,11.57,0.01,40,46280,买盘
687,14:20:51,11.56,-0.01,96,110976,卖盘
688,14:20:48,11.57,--,274,317018,买盘
689,14:20:45,11.57,--,340,393380,买盘
690,14:20:42,11.57,--,156,180492,买盘
691,14:20:39,11.57,--,19,21983,买盘
692,14:20:36,11.57,--,26,30082,买盘
693,14:20:33,11.57,--,119,137683,买盘
694,14:20:30,11.57,--,55,63635,买盘
695,14:20:27,11.57,--,151,174707,买盘
696,14:20:24,11.57,--,61,70577,买盘
697,14:20:21,11.57,--,382,441974,买盘
698,14:20:18,11.57,--,34,39338,买盘
699,14:20:15,11.57,--,201,232557,买盘
700,14:20:12,11.57,--,10,11570,买盘
701,14:20:09,11.57,--,184,212888,买盘
702,14:20:06,11.57,0.01,159,183963,买盘
703,14:20:03,11.56,-0.01,657,759492,卖盘
704,14:20:00,11.57,--,725,838825,买盘
705,14:19:57,11.57,0.01,7,8099,买盘
706,14:19:54,11.56,-0.01,23,26588,卖盘
707,14:19:51,11.57,0.01,187,216359,买盘
708,14:19:45,11.56,--,100,115600,卖盘
709,14:19:42,11.56,--,139,160684,卖盘
710,14:19:39,11.56,--,53,62377,买盘
711,14:19:36,11.56,0.01,1187,1372172,买盘
712,14:19:33,11.55,--,357,412335,卖盘
713,14:19:30,11.55,--,296,341880,卖盘
714,14:19:27,11.55,-0.01,1035,1195425,卖盘
715,14:19:24,11.56,0.01,127,146812,买盘
716,14:19:21,11.55,--,85,98175,卖盘
717,14:19:18,11.55,--,15,17325,卖盘
718,14:19:15,11.55,-0.01,61,70455,卖盘
719,14:19:12,11.56,--,177,204612,买盘
720,14:19:09,11.56,--,24,27744,买盘
721,14:19:06,11.56,0.01,1,1156,买盘
722,14:19:03,11.55,-0.01,216,249480,卖盘
723,14:19:00,11.56,0.01,38,43928,买盘
724,14:18:57,11.55,--,35,40425,卖盘
725,14:18:54,11.55,-0.01,10,11550,卖盘
726,14:18:51,11.56,--,152,175712,买盘
727,14:18:48,11.56,0.01,10,11560,买盘
728,14:18:42,11.55,-0.01,50,57750,卖盘
729,14:18:39,11.56,0.01,73,84388,买盘
730,14:18:36,11.55,--,21,24255,卖盘
731,14:18:33,11.55,-0.01,45,51975,卖盘
732,14:18:30,11.56,0.01,64,73984,买盘
733,14:18:24,11.55,--,966,1115730,买盘
734,14:18:21,11.55,0.01,10,11550,买盘
735,14:18:18,11.54,--,1,1154,卖盘
736,14:18:12,11.54,-0.01,4,4616,卖盘
737,14:18:09,11.55,0.01,29,33495,买盘
738,14:18:06,11.54,-0.01,6,6923,卖盘
739,14:18:03,11.55,--,19,21945,买盘
740,14:18:00,11.55,--,177,204435,买盘
741,14:17:57,11.55,0.01,1,1155,买盘
742,14:17:54,11.54,--,41,47314,卖盘
743,14:17:51,11.54,-0.01,60,69240,卖盘
744,14:17:48,11.55,--,10,11550,买盘
745,14:17:45,11.55,--,115,132825,买盘
746,14:17:42,11.55,0.01,14,16170,买盘
747,14:17:39,11.54,-0.01,34,39236,卖盘
748,14:17:36,11.55,0.01,22,25410,买盘
749,14:17:33,11.54,-0.01,149,171946,卖盘
750,14:17:30,11.55,0.01,1,1155,买盘
751,14:17:27,11.54,--,180,207719,卖盘
752,14:17:12,11.54,-0.01,70,80780,卖盘
753,14:17:06,11.55,--,212,244860,卖盘
754,14:17:03,11.55,--,19,21945,卖盘
755,14:17:00,11.55,--,155,179025,买盘
756,14:16:57,11.55,0.01,429,495495,卖盘
757,14:16:54,11.54,-0.01,261,301194,卖盘
758,14:16:51,11.55,-0.01,225,259875,中性盘
759,14:16:48,11.56,0.02,456,527136,买盘
760,14:16:45,11.54,-0.01,224,258495,卖盘
761,14:16:42,11.55,--,69,79695,卖盘
762,14:16:39,11.55,0.01,53,61215,买盘
763,14:16:36,11.54,-0.01,5,5770,卖盘
764,14:16:33,11.55,--,41,47355,买盘
765,14:16:30,11.55,--,30,34650,买盘
766,14:16:27,11.55,--,19,21945,买盘
767,14:16:24,11.55,--,215,248325,买盘
768,14:16:21,11.55,--,18,20790,买盘
769,14:16:12,11.55,0.01,11,12705,中性盘
770,14:16:09,11.54,-0.01,144,166176,卖盘
771,14:16:06,11.55,-0.01,128,147840,卖盘
772,14:16:03,11.56,--,51,58956,买盘
773,14:16:00,11.56,--,187,216172,买盘
774,14:15:57,11.56,0.02,200,231200,买盘
775,14:15:54,11.54,-0.01,23,26541,卖盘
776,14:15:51,11.55,--,34,39270,买盘
777,14:15:48,11.55,0.01,88,101640,买盘
778,14:15:45,11.54,-0.02,44,50775,卖盘
779,14:15:36,11.56,0.01,155,179180,买盘
780,14:15:33,11.55,--,12,14980,卖盘
781,14:15:30,11.55,-0.01,43,49665,卖盘
782,14:15:27,11.56,--,130,150280,买盘
783,14:15:24,11.56,0.01,6,6936,买盘
784,14:15:21,11.55,--,50,57750,卖盘
785,14:15:18,11.55,--,92,106260,卖盘
786,14:15:12,11.55,--,300,346500,卖盘
787,14:15:09,11.55,-0.01,29,33495,卖盘
788,14:15:06,11.56,--,42,48552,买盘
789,14:15:03,11.56,--,35,40460,买盘
790,14:15:00,11.56,--,172,198832,买盘
791,14:14:57,11.56,--,103,120027,买盘
792,14:14:54,11.56,--,30,34680,买盘
793,14:14:51,11.56,--,51,58956,买盘
794,14:14:48,11.56,0.01,41,47396,买盘
795,14:14:45,11.55,--,86,99330,卖盘
796,14:14:39,11.55,--,29,33495,卖盘
797,14:14:36,11.55,--,78,90090,卖盘
798,14:14:33,11.55,--,29,33495,卖盘
799,14:14:30,11.55,-0.01,7,8085,卖盘
800,14:14:27,11.56,--,17,19652,买盘
801,14:14:24,11.56,0.01,219,253164,买盘
802,14:14:21,11.55,-0.01,23,26565,卖盘
803,14:14:15,11.56,0.01,45,52020,买盘
804,14:14:12,11.55,-0.01,9,10395,卖盘
805,14:14:09,11.56,--,20,23120,买盘
806,14:14:06,11.56,0.01,61,70516,买盘
807,14:14:03,11.55,--,148,170940,卖盘
808,14:14:00,11.55,-0.01,372,429660,卖盘
809,14:13:54,11.56,--,31,35836,买盘
810,14:13:51,11.56,0.01,1,1156,买盘
811,14:13:48,11.55,--,50,57750,卖盘
812,14:13:45,11.55,0.01,1814,2095401,买盘
813,14:13:42,11.54,--,216,249263,买盘
814,14:13:39,11.54,--,8,9232,买盘
815,14:13:33,11.54,--,20,23080,买盘
816,14:13:30,11.54,--,21,24234,买盘
817,14:13:27,11.54,-0.01,1,1154,中性盘
818,14:13:24,11.55,0.02,37,42735,买盘
819,14:13:15,11.53,--,0,23,卖盘
820,14:13:12,11.53,-0.02,199,229447,卖盘
821,14:13:09,11.55,0.01,10,11550,买盘
822,14:13:06,11.54,--,0,438,卖盘
823,14:13:03,11.54,--,28,32311,卖盘
824,14:13:00,11.54,--,316,364664,买盘
825,14:12:57,11.54,-0.01,13,15001,卖盘
826,14:12:54,11.55,0.01,1,1155,买盘
827,14:12:51,11.54,--,40,46160,买盘
828,14:12:48,11.54,--,1,1154,买盘
829,14:12:45,11.54,0.01,1,1154,买盘
830,14:12:42,11.53,-0.01,78,90648,卖盘
831,14:12:39,11.54,--,111,128093,卖盘
832,14:12:36,11.54,--,21,24234,卖盘
833,14:12:33,11.54,-0.01,31,35774,卖盘
834,14:12:30,11.55,--,2,2310,买盘
835,14:12:27,11.55,--,143,165165,买盘
836,14:12:24,11.55,--,1,1155,买盘
837,14:12:21,11.55,0.01,17,19635,买盘
838,14:12:18,11.54,-0.01,6,6923,卖盘
839,14:12:15,11.55,--,5,5775,买盘
840,14:12:09,11.55,--,109,125895,买盘
841,14:12:06,11.55,--,1,1155,买盘
842,14:12:03,11.55,--,19,21945,买盘
843,14:12:00,11.55,--,289,333795,买盘
844,14:11:57,11.55,--,3,3465,买盘
845,14:11:54,11.55,--,12,13860,买盘
846,14:11:51,11.55,--,780,900900,买盘
847,14:11:48,11.55,--,21,24255,买盘
848,14:11:45,11.55,0.01,37,42735,买盘
849,14:11:42,11.54,-0.01,29,33466,卖盘
850,14:11:39,11.55,--,11,12705,买盘
851,14:11:36,11.55,0.01,223,257565,买盘
852,14:11:33,11.54,--,21,24234,卖盘
853,14:11:30,11.54,-0.01,80,92320,卖盘
854,14:11:27,11.55,--,250,288750,买盘
855,14:11:24,11.55,--,1,1155,买盘
856,14:11:21,11.55,--,134,154770,买盘
857,14:11:18,11.55,--,67,77385,买盘
858,14:11:15,11.55,--,588,679140,买盘
859,14:11:12,11.55,--,8,9240,买盘
860,14:11:09,11.55,--,10,11550,买盘
861,14:11:06,11.55,--,10,11550,买盘
862,14:11:03,11.55,--,32,36960,买盘
863,14:11:00,11.55,--,174,200970,买盘
864,14:10:57,11.55,--,5,5775,买盘
865,14:10:54,11.55,-0.01,109,125895,卖盘
866,14:10:51,11.56,--,1,1156,买盘
867,14:10:45,11.56,--,19,21964,买盘
868,14:10:42,11.56,--,194,224264,买盘
869,14:10:36,11.56,--,78,90168,买盘
870,14:10:33,11.56,--,93,107508,买盘
871,14:10:30,11.56,0.01,408,471648,买盘
872,14:10:27,11.55,-0.01,8,9240,卖盘
873,14:10:24,11.56,0.01,38,43928,买盘
874,14:10:21,11.55,--,87,100485,卖盘
875,14:10:18,11.55,-0.01,198,228690,卖盘
876,14:10:15,11.56,--,42,48552,买盘
877,14:10:12,11.56,--,308,356048,买盘
878,14:10:09,11.56,--,31,35836,买盘
879,14:10:06,11.56,0.01,4,4624,买盘
880,14:10:03,11.55,-0.01,724,836220,卖盘
881,14:10:00,11.56,0.01,11,12716,买盘
882,14:09:57,11.55,--,486,561330,卖盘
883,14:09:54,11.55,-0.01,2,2310,卖盘
884,14:09:51,11.56,--,169,195364,买盘
885,14:09:48,11.56,--,3,3468,买盘
886,14:09:45,11.56,--,1,1156,买盘
887,14:09:42,11.56,--,67,77452,买盘
888,14:09:39,11.56,--,114,131784,买盘
889,14:09:36,11.56,0.01,248,286688,买盘
890,14:09:33,11.55,-0.01,169,195195,卖盘
891,14:09:30,11.56,--,300,346800,买盘
892,14:09:24,11.56,--,28,32368,买盘
893,14:09:18,11.56,--,5,5780,买盘
894,14:09:15,11.56,--,9,10404,买盘
895,14:09:12,11.56,--,1017,1175652,买盘
896,14:09:09,11.56,--,10,11560,买盘
897,14:09:06,11.56,--,9,10404,买盘
898,14:09:03,11.56,--,20,23120,买盘
899,14:09:00,11.56,--,1,1156,买盘
900,14:08:57,11.56,0.01,23,26588,买盘
901,14:08:54,11.55,-0.01,50,57750,卖盘
902,14:08:51,11.56,0.01,1,1156,买盘
903,14:08:48,11.55,--,39,45045,卖盘
904,14:08:45,11.55,--,10,11550,卖盘
905,14:08:42,11.55,-0.01,4,4620,卖盘
906,14:08:39,11.56,--,59,68204,买盘
907,14:08:36,11.56,0.01,150,173400,买盘
908,14:08:33,11.55,--,24,27720,卖盘
909,14:08:30,11.55,-0.01,108,124740,卖盘
910,14:08:27,11.56,--,10,11560,买盘
911,14:08:24,11.56,0.01,24,27744,买盘
912,14:08:21,11.55,--,258,297990,卖盘
913,14:08:18,11.55,0.01,974,1124970,买盘
914,14:08:15,11.54,-0.01,205,236569,卖盘
915,14:08:12,11.55,--,14,16170,买盘
916,14:08:09,11.55,--,28,32340,买盘
917,14:08:06,11.55,--,1,1155,买盘
918,14:08:03,11.55,--,19,21945,买盘
919,14:08:00,11.55,--,1,1155,买盘
920,14:07:57,11.55,0.01,4,4620,买盘
921,14:07:54,11.54,-0.01,36,41544,卖盘
922,14:07:51,11.55,--,17,19635,买盘
923,14:07:42,11.55,--,35,40425,买盘
924,14:07:39,11.55,--,34,39270,买盘
925,14:07:36,11.55,--,23,26565,买盘
926,14:07:33,11.55,--,208,240240,买盘
927,14:07:27,11.55,-0.01,14,16170,卖盘
928,14:07:24,11.56,0.01,11,12716,买盘
929,14:07:21,11.55,--,45,51975,买盘
930,14:07:18,11.55,--,190,219450,买盘
931,14:07:15,11.55,--,301,347655,买盘
932,14:07:09,11.55,--,71,82005,买盘
933,14:07:06,11.55,0.01,18,20790,买盘
934,14:07:03,11.54,-0.01,130,150020,卖盘
935,14:07:00,11.55,-0.01,30,34650,中性盘
936,14:06:57,11.56,0.01,313,361828,买盘
937,14:06:54,11.55,--,59,68145,卖盘
938,14:06:51,11.55,--,1005,1160775,卖盘
939,14:06:45,11.55,--,50,57750,卖盘
940,14:06:42,11.55,--,22,25410,买盘
941,14:06:39,11.55,-0.01,54,62370,卖盘
942,14:06:36,11.56,0.01,38,43928,买盘
943,14:06:33,11.55,0.01,113,130515,买盘
944,14:06:27,11.54,-0.01,3,3461,卖盘
945,14:06:24,11.55,--,8,9240,买盘
946,14:06:21,11.55,--,22,25410,买盘
947,14:06:18,11.55,--,102,117810,买盘
948,14:06:15,11.55,0.01,26,30030,买盘
949,14:06:12,11.54,-0.01,342,394667,卖盘
950,14:06:09,11.55,--,10,11550,买盘
951,14:06:06,11.55,--,30,34650,买盘
952,14:06:03,11.55,--,24,27720,买盘
953,14:06:00,11.55,--,27,31185,买盘
954,14:05:57,11.55,--,54,62370,买盘
955,14:05:54,11.55,--,2,2310,买盘
956,14:05:51,11.55,--,1,1155,买盘
957,14:05:48,11.55,--,34,40274,卖盘
958,14:05:45,11.55,--,39,45045,卖盘
959,14:05:42,11.55,--,10,11550,卖盘
960,14:05:39,11.55,-0.01,147,169785,卖盘
961,14:05:36,11.56,--,99,114444,买盘
962,14:05:33,11.56,--,1021,1180276,买盘
963,14:05:30,11.56,--,96,110976,买盘
964,14:05:27,11.56,0.01,2,2312,买盘
965,14:05:24,11.55,--,1,1155,卖盘
966,14:05:21,11.55,--,20,23100,卖盘
967,14:05:18,11.55,--,47,54285,卖盘
968,14:05:15,11.55,-0.01,9,10395,卖盘
969,14:05:12,11.56,--,103,119068,买盘
970,14:05:09,11.56,0.01,198,228888,买盘
971,14:05:06,11.55,--,85,98175,卖盘
972,14:05:03,11.55,-0.01,175,202125,卖盘
973,14:05:00,11.56,--,1,1156,买盘
974,14:04:57,11.56,--,217,250852,买盘
975,14:04:54,11.56,--,116,134096,买盘
976,14:04:51,11.56,--,39,45084,买盘
977,14:04:48,11.56,--,61,70516,买盘
978,14:04:45,11.56,--,50,57800,买盘
979,14:04:42,11.56,--,55,63580,买盘
980,14:04:39,11.56,0.01,178,205768,买盘
981,14:04:36,11.55,-0.01,110,127050,卖盘
982,14:04:33,11.56,-0.01,142,164152,卖盘
983,14:04:30,11.57,0.01,272,314704,买盘
984,14:04:27,11.56,-0.01,257,297092,卖盘
985,14:04:24,11.57,0.01,1,1157,买盘
986,14:04:21,11.56,--,155,179180,买盘
987,14:04:18,11.56,--,43,49708,买盘
988,14:04:15,11.56,--,197,227732,买盘
989,14:04:12,11.56,--,113,130628,卖盘
990,14:04:09,11.56,-0.01,75,86700,卖盘
991,14:04:06,11.57,--,44,50908,买盘
992,14:04:03,11.57,0.01,71,82147,买盘
993,14:04:00,11.56,-0.01,22,25432,卖盘
994,14:03:57,11.57,--,27,31239,买盘
995,14:03:54,11.57,--,68,78676,买盘
996,14:03:51,11.57,0.01,372,430404,买盘
997,14:03:48,11.56,--,14,16184,买盘
998,14:03:45,11.56,--,35,40460,买盘
999,14:03:42,11.56,--,75,86700,买盘
1000,14:03:39,11.56,--,22,25432,买盘
1001,14:03:36,11.56,--,208,240448,买盘
1002,14:03:33,11.56,--,30,34680,买盘
1003,14:03:30,11.56,--,40,46240,买盘
1004,14:03:27,11.56,-0.01,117,135252,买盘
1005,14:03:24,11.57,--,40,46280,买盘
1006,14:03:21,11.57,--,51,59007,买盘
1007,14:03:18,11.57,0.01,38,43966,买盘
1008,14:03:15,11.56,-0.01,52,60112,卖盘
1009,14:03:12,11.57,0.01,66,76362,买盘
1010,14:03:09,11.56,--,20,23120,买盘
1011,14:03:06,11.56,-0.01,34,39304,卖盘
1012,14:03:03,11.57,0.01,502,580814,买盘
1013,14:03:00,11.56,--,202,233512,卖盘
1014,14:02:57,11.56,--,385,445060,买盘
1015,14:02:54,11.56,-0.01,35,40460,卖盘
1016,14:02:51,11.57,--,320,370240,买盘
1017,14:02:48,11.57,0.01,251,290407,买盘
1018,14:02:45,11.56,-0.01,27,31212,卖盘
1019,14:02:42,11.57,--,690,798330,买盘
1020,14:02:39,11.57,--,35,40495,买盘
1021,14:02:36,11.57,0.01,513,593541,买盘
1022,14:02:33,11.56,--,47,54332,买盘
1023,14:02:30,11.56,--,57,65892,买盘
1024,14:02:27,11.56,--,515,595340,卖盘
1025,14:02:24,11.56,--,113,130628,卖盘
1026,14:02:21,11.56,--,3014,3484184,买盘
1027,14:02:18,11.56,0.01,70,81070,买盘
1028,14:02:15,11.55,--,307,354585,买盘
1029,14:02:12,11.55,--,4000,4620000,买盘
1030,14:02:09,11.55,0.01,295,340725,买盘
1031,14:02:06,11.54,--,234,270036,卖盘
1032,14:02:03,11.54,--,243,280422,卖盘
1033,14:02:00,11.54,0.02,308,355870,买盘
1034,14:01:57,11.52,--,2546,2932992,买盘
1035,14:01:54,11.52,-0.01,496,571392,卖盘
1036,14:01:51,11.53,0.02,2657,3063521,买盘
1037,14:01:48,11.51,-0.01,228,262428,卖盘
1038,14:01:45,11.52,0.01,208,239616,买盘
1039,14:01:42,11.51,--,1242,1429542,买盘
1040,14:01:39,11.51,--,1,1151,中性盘
1041,14:01:36,11.51,--,35,40285,买盘
1042,14:01:33,11.51,-0.01,1,1151,中性盘
1043,14:01:30,11.52,--,4,4608,买盘
1044,14:01:27,11.52,0.01,375,432000,买盘
1045,14:01:24,11.51,-0.01,35,40285,卖盘
1046,14:01:21,11.52,0.01,198,228096,买盘
1047,14:01:18,11.51,--,13,14963,买盘
1048,14:01:15,11.51,--,20,23020,买盘
1049,14:01:09,11.51,--,10,11510,买盘
1050,14:01:06,11.51,--,1,1151,买盘
1051,14:01:03,11.51,-0.01,33,37983,卖盘
1052,14:01:00,11.52,--,281,323712,买盘
1053,14:00:54,11.52,0.01,70,80640,买盘
1054,14:00:51,11.51,--,74,85174,卖盘
1055,14:00:48,11.51,-0.01,4,4604,卖盘
1056,14:00:45,11.52,--,14,16128,买盘
1057,14:00:42,11.52,0.01,3,3456,买盘
1058,14:00:39,11.51,--,50,57550,卖盘
1059,14:00:36,11.51,-0.01,36,41436,卖盘
1060,14:00:33,11.52,--,189,217728,卖盘
1061,14:00:30,11.52,0.01,437,503424,买盘
1062,14:00:27,11.51,--,41,47191,买盘
1063,14:00:24,11.51,--,255,293505,买盘
1064,14:00:21,11.51,-0.01,1528,1758728,卖盘
1065,14:00:18,11.52,--,9,10368,买盘
1066,14:00:15,11.52,0.02,45,51840,买盘
1067,14:00:09,11.5,--,235,270250,卖盘
1068,14:00:06,11.5,-0.01,2,2300,卖盘
1069,14:00:03,11.51,--,32,36832,买盘
1070,14:00:00,11.51,--,4,4604,买盘
1071,13:59:54,11.51,-0.01,32,36832,卖盘
1072,13:59:51,11.52,0.01,37,42624,买盘
1073,13:59:48,11.51,-0.01,27,31077,卖盘
1074,13:59:45,11.52,0.01,79,91008,买盘
1075,13:59:42,11.51,--,26,29926,买盘
1076,13:59:39,11.51,--,30,34530,买盘
1077,13:59:36,11.51,--,176,202576,买盘
1078,13:59:33,11.51,-0.01,472,543272,卖盘
1079,13:59:30,11.52,--,42,48384,买盘
1080,13:59:27,11.52,--,2,2304,买盘
1081,13:59:24,11.52,--,17,19584,买盘
1082,13:59:21,11.52,--,30,34560,买盘
1083,13:59:18,11.52,--,17,19584,买盘
1084,13:59:15,11.52,0.01,252,290304,买盘
1085,13:59:12,11.51,-0.01,30,34530,卖盘
1086,13:59:09,11.52,0.01,55,63360,买盘
1087,13:59:06,11.51,--,209,240559,卖盘
1088,13:59:03,11.51,--,19,21869,卖盘
1089,13:59:00,11.51,-0.01,26,29926,卖盘
1090,13:58:57,11.52,--,1,1152,买盘
1091,13:58:54,11.52,0.01,11,12672,买盘
1092,13:58:51,11.51,--,50,57550,卖盘
1093,13:58:48,11.51,-0.01,19,21869,卖盘
1094,13:58:45,11.52,--,39,44928,买盘
1095,13:58:42,11.52,--,19,21888,买盘
1096,13:58:39,11.52,0.01,17,19584,买盘
1097,13:58:36,11.51,-0.01,5,5755,卖盘
1098,13:58:33,11.52,--,37,42624,买盘
1099,13:58:27,11.52,0.01,5,5760,买盘
1100,13:58:24,11.51,-0.01,59,67909,卖盘
1101,13:58:21,11.52,--,10,11520,买盘
1102,13:58:18,11.52,--,72,82944,买盘
1103,13:58:15,11.52,--,4,4608,买盘
1104,13:58:12,11.52,0.01,1,1152,买盘
1105,13:58:09,11.51,--,2,2302,卖盘
1106,13:58:06,11.51,--,14,16114,买盘
1107,13:58:03,11.51,--,31,35681,买盘
1108,13:58:00,11.51,0.01,139,159989,买盘
1109,13:57:57,11.5,-0.01,1,1150,卖盘
1110,13:57:54,11.51,--,100,115100,买盘
1111,13:57:48,11.51,--,8,9208,买盘
1112,13:57:45,11.51,--,5,5755,买盘
1113,13:57:42,11.51,--,13,14963,买盘
1114,13:57:36,11.51,--,17,19567,买盘
1115,13:57:33,11.51,--,49,56399,买盘
1116,13:57:27,11.51,--,84,96684,买盘
1117,13:57:21,11.51,--,6,6906,买盘
1118,13:57:18,11.51,--,4,4604,买盘
1119,13:57:15,11.51,0.01,2,2302,买盘
1120,13:57:12,11.5,--,801,921150,买盘
1121,13:57:09,11.5,--,1,1150,买盘
1122,13:57:06,11.5,--,19,21850,买盘
1123,13:57:03,11.5,--,56,64400,买盘
1124,13:57:00,11.5,--,75,86250,买盘
1125,13:56:57,11.5,0.01,220,253000,买盘
1126,13:56:54,11.49,-0.01,110,126390,卖盘
1127,13:56:51,11.5,0.01,1205,1385750,买盘
1128,13:56:48,11.49,--,51,58599,卖盘
1129,13:56:45,11.49,--,13,14937,卖盘
1130,13:56:42,11.49,-0.01,4,4596,卖盘
1131,13:56:39,11.5,0.01,67,77050,买盘
1132,13:56:33,11.49,-0.01,50,57450,卖盘
1133,13:56:30,11.5,--,2,2300,买盘
1134,13:56:27,11.5,--,5,5750,买盘
1135,13:56:24,11.5,0.01,33,37950,买盘
1136,13:56:18,11.49,--,143,164307,卖盘
1137,13:56:15,11.49,--,70,80430,卖盘
1138,13:56:09,11.49,-0.01,17,19533,卖盘
1139,13:56:03,11.5,--,21,24150,买盘
1140,13:56:00,11.5,--,17,19550,买盘
1141,13:55:57,11.5,--,14,16100,买盘
1142,13:55:54,11.5,--,11,12650,买盘
1143,13:55:51,11.5,0.01,13,14950,买盘
1144,13:55:48,11.49,-0.01,1,1149,卖盘
1145,13:55:45,11.5,--,1,1150,买盘
1146,13:55:42,11.5,--,2,2300,买盘
1147,13:55:36,11.5,--,157,180550,卖盘
1148,13:55:33,11.5,--,19,21850,卖盘
1149,13:55:30,11.5,--,118,135700,卖盘
1150,13:55:27,11.5,-0.01,494,568100,卖盘
1151,13:55:24,11.51,0.01,2,2302,买盘
1152,13:55:21,11.5,--,54,62100,卖盘
1153,13:55:18,11.5,-0.01,883,1015450,卖盘
1154,13:55:15,11.51,--,41,47191,买盘
1155,13:55:12,11.51,--,96,110496,买盘
1156,13:55:09,11.51,--,10,11510,买盘
1157,13:55:06,11.51,--,30,34530,买盘
1158,13:55:03,11.51,--,19,21869,买盘
1159,13:55:00,11.51,--,5,5755,买盘
1160,13:54:57,11.51,--,207,238257,买盘
1161,13:54:54,11.51,--,1,1151,买盘
1162,13:54:51,11.51,0.01,2,2302,买盘
1163,13:54:48,11.5,-0.01,504,579600,卖盘
1164,13:54:45,11.51,--,42,48342,买盘
1165,13:54:42,11.51,--,110,126610,买盘
1166,13:54:36,11.51,0.01,1,1151,买盘
1167,13:54:33,11.5,-0.01,619,711850,卖盘
1168,13:54:30,11.51,--,185,212935,买盘
1169,13:54:27,11.51,--,18,20718,买盘
1170,13:54:24,11.51,--,54,62154,买盘
1171,13:54:21,11.51,0.01,7,8057,买盘
1172,13:54:18,11.5,-0.01,3,3450,卖盘
1173,13:54:15,11.51,--,89,102439,买盘
1174,13:54:12,11.51,--,14,16114,买盘
1175,13:54:09,11.51,--,10,11510,买盘
1176,13:54:06,11.51,--,74,85174,买盘
1177,13:54:03,11.51,--,31,35681,买盘
1178,13:54:00,11.51,--,12,13812,买盘
1179,13:53:57,11.51,--,1,1151,买盘
1180,13:53:54,11.51,--,17,19567,买盘
1181,13:53:51,11.51,0.01,5,5755,买盘
1182,13:53:48,11.5,--,1,1150,卖盘
1183,13:53:45,11.5,-0.01,478,549700,卖盘
1184,13:53:42,11.51,--,9,10359,买盘
1185,13:53:39,11.51,--,34,39134,买盘
1186,13:53:36,11.51,0.01,474,545574,买盘
1187,13:53:33,11.5,-0.01,24,27600,卖盘
1188,13:53:30,11.51,--,2,2302,买盘
1189,13:53:27,11.51,--,1,1151,买盘
1190,13:53:24,11.51,-0.01,218,250918,卖盘
1191,13:53:21,11.52,0.01,19,21888,买盘
1192,13:53:18,11.51,-0.01,2,2302,卖盘
1193,13:53:15,11.52,0.01,10,11520,买盘
1194,13:53:12,11.51,--,58,66758,卖盘
1195,13:53:09,11.51,--,266,306166,卖盘
1196,13:53:06,11.51,--,55,63305,卖盘
1197,13:53:03,11.51,--,30,34530,卖盘
1198,13:53:00,11.51,--,61,70211,卖盘
1199,13:52:57,11.51,--,592,681392,卖盘
1200,13:52:51,11.51,-0.01,125,143875,卖盘
1201,13:52:48,11.52,--,64,73728,买盘
1202,13:52:45,11.52,--,62,71424,买盘
1203,13:52:42,11.52,0.01,7,8064,买盘
1204,13:52:39,11.51,-0.01,20,23020,卖盘
1205,13:52:33,11.52,--,25,28800,买盘
1206,13:52:30,11.52,--,82,94464,买盘
1207,13:52:24,11.52,-0.01,144,165888,卖盘
1208,13:52:21,11.53,--,2,2306,买盘
1209,13:52:18,11.53,--,18,20754,买盘
1210,13:52:15,11.53,--,4,4612,买盘
1211,13:52:12,11.53,--,34,39202,买盘
1212,13:52:09,11.53,--,2,2306,买盘
1213,13:52:06,11.53,--,7,8071,买盘
1214,13:52:03,11.53,--,103,118759,买盘
1215,13:52:00,11.53,--,2,2306,买盘
1216,13:51:57,11.53,0.01,9,10377,买盘
1217,13:51:54,11.52,--,25,28800,卖盘
1218,13:51:51,11.52,--,23,26496,卖盘
1219,13:51:48,11.52,-0.01,17,19584,卖盘
1220,13:51:45,11.53,0.01,23,26519,买盘
1221,13:51:42,11.52,--,893,1028736,买盘
1222,13:51:36,11.52,0.01,20,23040,买盘
1223,13:51:33,11.51,--,18,20718,卖盘
1224,13:51:30,11.51,-0.01,15,17265,卖盘
1225,13:51:27,11.52,0.01,16,18432,买盘
1226,13:51:24,11.51,-0.01,10,11510,卖盘
1227,13:51:21,11.52,--,22,25344,买盘
1228,13:51:18,11.52,--,8,9216,买盘
1229,13:51:15,11.52,0.01,22,25344,买盘
1230,13:51:12,11.51,-0.01,54,62154,卖盘
1231,13:51:09,11.52,--,10,11520,买盘
1232,13:51:06,11.52,--,72,82944,买盘
1233,13:51:03,11.52,--,25,28800,买盘
1234,13:51:00,11.52,0.01,6,6912,买盘
1235,13:50:57,11.51,--,192,220992,卖盘
1236,13:50:54,11.51,-0.01,1,1151,卖盘
1237,13:50:48,11.52,--,12,13824,买盘
1238,13:50:45,11.52,--,16,18432,买盘
1239,13:50:42,11.52,--,23,26496,买盘
1240,13:50:36,11.52,0.01,315,362880,买盘
1241,13:50:33,11.51,-0.01,18,20718,卖盘
1242,13:50:30,11.52,--,16,18432,买盘
1243,13:50:27,11.52,--,46,52992,买盘
1244,13:50:24,11.52,--,2,2304,买盘
1245,13:50:21,11.52,0.01,41,47232,买盘
1246,13:50:18,11.51,-0.01,1,1151,卖盘
1247,13:50:15,11.52,--,1,1152,买盘
1248,13:50:12,11.52,--,17,19584,买盘
1249,13:50:09,11.52,0.01,40,46080,买盘
1250,13:50:06,11.51,-0.01,107,123157,卖盘
1251,13:50:03,11.52,-0.01,21,24192,中性盘
1252,13:50:00,11.53,0.01,117,134901,买盘
1253,13:49:57,11.52,--,314,361728,买盘
1254,13:49:54,11.52,--,208,239616,买盘
1255,13:49:51,11.52,0.01,10,11520,买盘
1256,13:49:48,11.51,-0.01,11,12661,卖盘
1257,13:49:45,11.52,--,22,25344,买盘
1258,13:49:42,11.52,--,31,35712,买盘
1259,13:49:36,11.52,--,11,12672,买盘
1260,13:49:33,11.52,--,20,23040,买盘
1261,13:49:30,11.52,0.01,11,12672,买盘
1262,13:49:27,11.51,-0.02,126,145267,卖盘
1263,13:49:24,11.53,--,506,583418,买盘
1264,13:49:21,11.53,0.01,8,9224,买盘
1265,13:49:18,11.52,-0.01,1,1152,卖盘
1266,13:49:15,11.53,--,47,54191,买盘
1267,13:49:12,11.53,0.01,1,1153,买盘
1268,13:49:09,11.52,-0.01,137,158734,卖盘
1269,13:49:06,11.53,--,60,69180,买盘
1270,13:49:03,11.53,--,110,126830,买盘
1271,13:49:00,11.53,--,113,130289,买盘
1272,13:48:54,11.53,0.01,2,2306,买盘
1273,13:48:51,11.52,--,5,5760,卖盘
1274,13:48:48,11.52,-0.01,1,1152,卖盘
1275,13:48:45,11.53,0.01,1,1153,买盘
1276,13:48:42,11.52,0.01,721,830592,买盘
1277,13:48:39,11.51,-0.01,66,75966,卖盘
1278,13:48:36,11.52,--,10,11520,买盘
1279,13:48:33,11.52,--,52,59904,买盘
1280,13:48:30,11.52,--,20,23040,买盘
1281,13:48:27,11.52,--,1,1152,买盘
1282,13:48:24,11.52,--,3,3456,买盘
1283,13:48:21,11.52,0.01,2,2304,买盘
1284,13:48:18,11.51,-0.01,1,1151,卖盘
1285,13:48:15,11.52,--,18,20736,买盘
1286,13:48:12,11.52,--,24,27648,买盘
1287,13:48:09,11.52,0.01,26,29952,买盘
1288,13:48:06,11.51,-0.01,61,70211,卖盘
1289,13:48:03,11.52,--,101,116352,买盘
1290,13:48:00,11.52,--,119,137088,买盘
1291,13:47:57,11.52,--,74,85248,买盘
1292,13:47:54,11.52,--,1,1152,买盘
1293,13:47:51,11.52,--,1,1152,买盘
1294,13:47:48,11.52,--,44,50688,买盘
1295,13:47:42,11.52,--,1,1152,买盘
1296,13:47:39,11.52,--,1,1152,买盘
1297,13:47:36,11.52,--,16,18432,买盘
1298,13:47:33,11.52,--,219,252288,买盘
1299,13:47:30,11.52,--,3,3456,买盘
1300,13:47:27,11.52,--,72,82944,买盘
1301,13:47:24,11.52,--,3,3456,买盘
1302,13:47:21,11.52,0.01,2,2304,买盘
1303,13:47:15,11.51,-0.01,22,25322,卖盘
1304,13:47:09,11.52,--,16,18432,买盘
1305,13:47:06,11.52,--,1,1152,买盘
1306,13:47:03,11.52,--,478,550656,买盘
1307,13:47:00,11.52,--,4,4608,买盘
1308,13:46:57,11.52,0.01,129,148608,买盘
1309,13:46:54,11.51,-0.01,1,1151,卖盘
1310,13:46:51,11.52,--,75,86400,买盘
1311,13:46:48,11.52,--,95,109440,买盘
1312,13:46:45,11.52,--,12,13824,买盘
1313,13:46:39,11.52,0.01,20,23040,买盘
1314,13:46:33,11.51,-0.01,19,21869,卖盘
1315,13:46:30,11.52,--,142,163584,买盘
1316,13:46:27,11.52,--,218,251136,买盘
1317,13:46:24,11.52,--,3,3456,买盘
1318,13:46:21,11.52,0.01,18,20736,买盘
1319,13:46:15,11.51,-0.01,1,1151,卖盘
1320,13:46:12,11.52,--,5,5760,买盘
1321,13:46:09,11.52,--,9,10368,买盘
1322,13:46:06,11.52,--,10,11520,买盘
1323,13:46:03,11.52,--,68,78336,买盘
1324,13:46:00,11.52,--,19,21888,买盘
1325,13:45:57,11.52,0.01,78,89856,买盘
1326,13:45:54,11.51,-0.01,27,31077,卖盘
1327,13:45:51,11.52,--,8,9216,买盘
1328,13:45:48,11.52,0.01,49,56448,买盘
1329,13:45:45,11.51,--,2,2302,卖盘
1330,13:45:39,11.51,-0.01,70,80570,卖盘
1331,13:45:36,11.52,--,34,39168,卖盘
1332,13:45:33,11.52,--,28,32256,卖盘
1333,13:45:30,11.52,--,518,596736,买盘
1334,13:45:27,11.52,--,39,44928,买盘
1335,13:45:24,11.52,0.01,24,27648,买盘
1336,13:45:15,11.51,-0.01,12,13812,卖盘
1337,13:45:12,11.52,--,24,27648,买盘
1338,13:45:09,11.52,0.01,87,100224,买盘
1339,13:45:06,11.51,-0.01,119,136969,卖盘
1340,13:45:03,11.52,--,326,375552,买盘
1341,13:45:00,11.52,--,26,29952,买盘
1342,13:44:57,11.52,0.01,132,152064,买盘
1343,13:44:54,11.51,-0.01,184,211784,卖盘
1344,13:44:51,11.52,0.01,59,67968,买盘
1345,13:44:48,11.51,--,107,123157,卖盘
1346,13:44:45,11.51,-0.01,3,3453,卖盘
1347,13:44:42,11.52,--,134,154368,买盘
1348,13:44:39,11.52,--,3,3456,买盘
1349,13:44:36,11.52,--,20,23040,买盘
1350,13:44:33,11.52,--,46,52992,买盘
1351,13:44:30,11.52,--,2,2304,买盘
1352,13:44:27,11.52,--,4,4608,买盘
1353,13:44:24,11.52,0.01,16,18432,买盘
1354,13:44:21,11.51,--,37,42587,买盘
1355,13:44:18,11.51,0.01,6,6906,买盘
1356,13:44:15,11.5,-0.01,10,11500,卖盘
1357,13:44:12,11.51,--,4,4604,买盘
1358,13:44:09,11.51,--,4,4604,买盘
1359,13:44:06,11.51,--,5,5755,买盘
1360,13:44:03,11.51,--,64,73664,买盘
1361,13:44:00,11.51,--,49,56399,买盘
1362,13:43:57,11.51,--,49,56399,卖盘
1363,13:43:54,11.51,-0.01,34,39134,卖盘
1364,13:43:51,11.52,--,77,88704,买盘
1365,13:43:48,11.52,0.01,51,58752,买盘
1366,13:43:45,11.51,0.01,11,12661,买盘
1367,13:43:33,11.5,-0.01,1244,1430600,卖盘
1368,13:43:30,11.51,0.01,3,3453,买盘
1369,13:43:24,11.5,--,184,211600,买盘
1370,13:43:21,11.5,--,16,18400,买盘
1371,13:43:18,11.5,0.01,113,129950,买盘
1372,13:43:15,11.49,-0.01,1,1149,卖盘
1373,13:43:12,11.5,0.01,21,24150,买盘
1374,13:43:09,11.49,-0.01,5,5745,卖盘
1375,13:43:03,11.5,--,26,29900,买盘
1376,13:43:00,11.5,--,2,2300,买盘
1377,13:42:57,11.5,--,41,47150,买盘
1378,13:42:54,11.5,--,10,11500,买盘
1379,13:42:51,11.5,--,105,120750,买盘
1380,13:42:48,11.5,--,1,1150,买盘
1381,13:42:45,11.5,0.01,5,5750,买盘
1382,13:42:42,11.49,-0.02,17,19533,卖盘
1383,13:42:33,11.51,0.01,30,34530,买盘
1384,13:42:30,11.5,-0.01,186,213900,卖盘
1385,13:42:27,11.51,0.01,1,1151,买盘
1386,13:42:24,11.5,-0.01,108,124200,卖盘
1387,13:42:21,11.51,--,225,258975,买盘
1388,13:42:18,11.51,--,25,28775,买盘
1389,13:42:15,11.51,0.01,43,49493,买盘
1390,13:42:12,11.5,-0.01,98,112700,卖盘
1391,13:42:09,11.51,--,4,4604,买盘
1392,13:42:03,11.51,--,25,28775,买盘
1393,13:42:00,11.51,--,2,2302,买盘
1394,13:41:57,11.51,0.01,73,84023,买盘
1395,13:41:54,11.5,--,42,48300,卖盘
1396,13:41:51,11.5,-0.01,111,127650,卖盘
1397,13:41:48,11.51,0.02,57,65607,买盘
1398,13:41:45,11.49,--,1,1149,卖盘
1399,13:41:42,11.49,-0.01,107,123092,卖盘
1400,13:41:39,11.5,--,1610,1851500,买盘
1401,13:41:36,11.5,--,2,2300,买盘
1402,13:41:33,11.5,--,285,327750,买盘
1403,13:41:30,11.5,--,222,255300,买盘
1404,13:41:27,11.5,--,1,1150,买盘
1405,13:41:21,11.5,--,9,10350,买盘
1406,13:41:18,11.5,--,11,12650,买盘
1407,13:41:15,11.5,0.01,21,24150,买盘
1408,13:41:12,11.49,-0.01,141,162009,卖盘
1409,13:41:09,11.5,--,4,4600,买盘
1410,13:41:06,11.5,--,6,6900,买盘
1411,13:41:03,11.5,--,102,117300,买盘
1412,13:41:00,11.5,0.01,2,2300,买盘
1413,13:40:57,11.49,-0.01,3,3447,卖盘
1414,13:40:54,11.5,--,46,52900,买盘
1415,13:40:51,11.5,--,5,5750,买盘
1416,13:40:48,11.5,--,75,86250,买盘
1417,13:40:45,11.5,--,8,9200,买盘
1418,13:40:42,11.5,--,96,110400,买盘
1419,13:40:39,11.5,--,9,10350,买盘
1420,13:40:33,11.5,--,302,347300,买盘
1421,13:40:30,11.5,--,1,1150,买盘
1422,13:40:27,11.5,--,66,75900,买盘
1423,13:40:24,11.5,--,51,58650,买盘
1424,13:40:21,11.5,--,2,2300,买盘
1425,13:40:18,11.5,--,4,4600,买盘
1426,13:40:15,11.5,--,20,23000,买盘
1427,13:40:12,11.5,--,225,258750,买盘
1428,13:40:09,11.5,--,4,4600,买盘
1429,13:40:06,11.5,0.01,292,335800,买盘
1430,13:40:03,11.49,--,140,160860,买盘
1431,13:40:00,11.49,--,2,2298,买盘
1432,13:39:57,11.49,--,95,109155,买盘
1433,13:39:54,11.49,--,45,51705,买盘
1434,13:39:51,11.49,--,438,503262,卖盘
1435,13:39:48,11.49,-0.01,68,78132,卖盘
1436,13:39:45,11.5,0.01,85,97750,买盘
1437,13:39:42,11.49,-0.01,1,1149,卖盘
1438,13:39:39,11.5,0.01,41,47150,买盘
1439,13:39:33,11.49,-0.01,18,20682,卖盘
1440,13:39:27,11.5,0.01,616,708400,买盘
1441,13:39:24,11.49,-0.01,602,691698,卖盘
1442,13:39:21,11.5,--,2,2300,买盘
1443,13:39:18,11.5,--,2,2300,买盘
1444,13:39:15,11.5,--,56,64400,买盘
1445,13:39:12,11.5,--,5,5750,买盘
1446,13:39:09,11.5,0.01,20,23000,买盘
1447,13:39:06,11.49,--,7,8043,卖盘
1448,13:39:03,11.49,--,44,50556,卖盘
1449,13:39:00,11.49,--,23,26427,卖盘
1450,13:38:57,11.49,-0.01,1,1149,卖盘
1451,13:38:54,11.5,--,10,11500,买盘
1452,13:38:51,11.5,--,3,3450,买盘
1453,13:38:48,11.5,0.01,207,238050,买盘
1454,13:38:45,11.49,--,52,59748,买盘
1455,13:38:42,11.49,--,27,31023,买盘
1456,13:38:39,11.49,--,535,614715,买盘
1457,13:38:36,11.49,--,20,22980,买盘
1458,13:38:33,11.49,--,75,86175,买盘
1459,13:38:30,11.49,--,12,13788,买盘
1460,13:38:27,11.49,--,46,52854,买盘
1461,13:38:24,11.49,--,62,71238,买盘
1462,13:38:21,11.49,--,113,129837,买盘
1463,13:38:15,11.49,--,38,43662,买盘
1464,13:38:12,11.49,--,25,28725,买盘
1465,13:38:09,11.49,--,13,14937,买盘
1466,13:38:06,11.49,--,26,29874,买盘
1467,13:38:03,11.49,--,54,62046,买盘
1468,13:38:00,11.49,--,8,9192,买盘
1469,13:37:57,11.49,--,71,81579,买盘
1470,13:37:51,11.49,--,44,50556,买盘
1471,13:37:48,11.49,--,1060,1217940,卖盘
1472,13:37:45,11.49,--,72,82728,卖盘
1473,13:37:42,11.49,-0.01,1,1149,卖盘
1474,13:37:39,11.5,0.01,19,21850,买盘
1475,13:37:36,11.49,--,659,757191,卖盘
1476,13:37:33,11.49,-0.01,137,157413,卖盘
1477,13:37:30,11.5,--,1,1150,买盘
1478,13:37:27,11.5,--,71,81650,买盘
1479,13:37:24,11.5,--,1,1150,买盘
1480,13:37:21,11.5,--,2,2300,买盘
1481,13:37:18,11.5,--,20,23000,买盘
1482,13:37:15,11.5,--,125,143750,买盘
1483,13:37:12,11.5,--,9,10350,买盘
1484,13:37:09,11.5,--,4,4600,买盘
1485,13:37:06,11.5,--,32,36800,买盘
1486,13:37:03,11.5,--,240,276000,买盘
1487,13:37:00,11.5,--,7,8050,买盘
1488,13:36:57,11.5,0.01,3,3450,买盘
1489,13:36:54,11.49,-0.01,55,63195,卖盘
1490,13:36:51,11.5,--,9,10350,买盘
1491,13:36:48,11.5,--,62,71300,买盘
1492,13:36:45,11.5,0.01,439,504850,买盘
1493,13:36:39,11.49,--,1,1149,卖盘
1494,13:36:36,11.49,--,11,12639,卖盘
1495,13:36:33,11.49,-0.01,20,22980,卖盘
1496,13:36:30,11.5,--,24,27600,买盘
1497,13:36:27,11.5,--,10,11500,买盘
1498,13:36:24,11.5,--,44,50600,买盘
1499,13:36:21,11.5,--,296,340400,买盘
1500,13:36:18,11.5,--,97,111550,买盘
1501,13:36:15,11.5,0.01,11,12650,买盘
1502,13:36:12,11.49,--,1,1149,卖盘
1503,13:36:09,11.49,-0.01,8,9192,卖盘
1504,13:36:06,11.5,--,13,14950,买盘
1505,13:36:03,11.5,--,40,46000,买盘
1506,13:36:00,11.5,--,46,52900,买盘
1507,13:35:57,11.5,--,84,96600,买盘
1508,13:35:54,11.5,--,91,104650,买盘
1509,13:35:51,11.5,--,39,44850,买盘
1510,13:35:48,11.5,--,68,78200,买盘
1511,13:35:45,11.5,--,10,11500,买盘
1512,13:35:42,11.5,--,4,4600,买盘
1513,13:35:39,11.5,--,73,83950,买盘
1514,13:35:36,11.5,--,14,16100,买盘
1515,13:35:33,11.5,--,26,29900,买盘
1516,13:35:30,11.5,--,8,9200,买盘
1517,13:35:27,11.5,--,38,43700,买盘
1518,13:35:24,11.5,--,211,242650,买盘
1519,13:35:18,11.5,--,104,119600,买盘
1520,13:35:15,11.5,0.01,36,41400,买盘
1521,13:35:09,11.49,-0.01,12,13788,卖盘
1522,13:35:06,11.5,--,16,18400,买盘
1523,13:35:03,11.5,--,89,102350,买盘
1524,13:35:00,11.5,0.01,1,1150,买盘
1525,13:34:57,11.49,-0.01,22,25278,卖盘
1526,13:34:51,11.5,--,32,36800,买盘
1527,13:34:48,11.5,--,84,96600,买盘
1528,13:34:45,11.5,--,6,6900,买盘
1529,13:34:42,11.5,--,15,17250,买盘
1530,13:34:39,11.5,--,71,81650,买盘
1531,13:34:36,11.5,--,11,12650,买盘
1532,13:34:33,11.5,--,28,32200,买盘
1533,13:34:30,11.5,0.01,11,12650,买盘
1534,13:34:27,11.49,-0.01,20,22980,卖盘
1535,13:34:24,11.5,--,22,25300,买盘
1536,13:34:21,11.5,--,49,56350,买盘
1537,13:34:18,11.5,--,4,4600,买盘
1538,13:34:12,11.5,--,5,5750,买盘
1539,13:34:09,11.5,--,5,5750,买盘
1540,13:34:03,11.5,--,26,29900,买盘
1541,13:34:00,11.5,0.01,129,148350,买盘
1542,13:33:54,11.49,-0.01,162,186138,卖盘
1543,13:33:51,11.5,0.01,16,18400,买盘
1544,13:33:48,11.49,-0.01,156,179244,卖盘
1545,13:33:45,11.5,--,53,60950,买盘
1546,13:33:42,11.5,0.01,9,10350,买盘
1547,13:33:39,11.49,-0.01,75,86175,卖盘
1548,13:33:36,11.5,0.01,47,54050,买盘
1549,13:33:33,11.49,--,18,20682,卖盘
1550,13:33:27,11.49,-0.01,8,9192,卖盘
1551,13:33:24,11.5,0.01,16,18400,买盘
1552,13:33:21,11.49,-0.01,39,44811,卖盘
1553,13:33:15,11.5,0.01,14,16100,买盘
1554,13:33:09,11.49,-0.01,46,52854,卖盘
1555,13:33:06,11.5,--,4,4600,买盘
1556,13:33:03,11.5,--,34,39100,买盘
1557,13:33:00,11.5,0.01,44,50600,买盘
1558,13:32:57,11.49,-0.01,70,80430,卖盘
1559,13:32:54,11.5,0.01,9,10350,买盘
1560,13:32:51,11.49,-0.01,5,5745,卖盘
1561,13:32:48,11.5,0.01,35,40250,买盘
1562,13:32:45,11.49,-0.01,51,58599,卖盘
1563,13:32:42,11.5,--,43,49450,买盘
1564,13:32:39,11.5,--,11,12650,买盘
1565,13:32:36,11.5,0.01,68,78200,买盘
1566,13:32:33,11.49,-0.01,23,26427,卖盘
1567,13:32:30,11.5,--,2,2300,买盘
1568,13:32:27,11.5,--,43,49450,买盘
1569,13:32:24,11.5,--,4,4600,买盘
1570,13:32:21,11.5,--,46,52900,买盘
1571,13:32:18,11.5,-0.01,1346,1548900,卖盘
1572,13:32:15,11.51,--,7,8057,买盘
1573,13:32:12,11.51,--,7,8057,买盘
1574,13:32:09,11.51,0.01,24,27624,买盘
1575,13:32:06,11.5,-0.01,7,8050,卖盘
1576,13:32:03,11.51,--,77,88627,买盘
1577,13:31:57,11.51,--,25,28775,买盘
1578,13:31:51,11.51,0.01,4,4604,买盘
1579,13:31:48,11.5,-0.01,90,103500,卖盘
1580,13:31:45,11.51,--,29,33379,买盘
1581,13:31:42,11.51,--,84,96684,买盘
1582,13:31:39,11.51,0.01,10,11510,买盘
1583,13:31:36,11.5,-0.01,2,2300,卖盘
1584,13:31:33,11.51,--,106,122006,买盘
1585,13:31:30,11.51,--,2,2302,买盘
1586,13:31:27,11.51,0.01,6,6906,买盘
1587,13:31:24,11.5,-0.01,219,251850,卖盘
1588,13:31:21,11.51,0.01,69,79419,买盘
1589,13:31:18,11.5,--,1,1150,卖盘
1590,13:31:15,11.5,--,27,31050,卖盘
1591,13:31:12,11.5,-0.01,406,466900,卖盘
1592,13:31:09,11.51,0.01,4,4604,买盘
1593,13:31:06,11.5,-0.01,23,26450,卖盘
1594,13:31:03,11.51,--,35,40285,买盘
1595,13:31:00,11.51,0.01,19,21869,买盘
1596,13:30:54,11.5,--,26,29900,卖盘
1597,13:30:48,11.5,-0.01,50,57500,卖盘
1598,13:30:45,11.51,--,15,17265,买盘
1599,13:30:42,11.51,0.01,101,116251,买盘
1600,13:30:39,11.5,-0.01,17,19550,卖盘
1601,13:30:36,11.51,--,18,20718,买盘
1602,13:30:33,11.51,--,95,109345,买盘
1603,13:30:30,11.51,--,6,6906,买盘
1604,13:30:27,11.51,--,8,9208,买盘
1605,13:30:24,11.51,--,3,3453,买盘
1606,13:30:21,11.51,--,17,19567,买盘
1607,13:30:18,11.51,--,15,17265,买盘
1608,13:30:15,11.51,--,2,2302,买盘
1609,13:30:12,11.51,0.01,17,19567,买盘
1610,13:30:09,11.5,--,14,16100,卖盘
1611,13:30:06,11.5,-0.01,1,1150,卖盘
1612,13:30:03,11.51,--,29,33379,买盘
1613,13:30:00,11.51,--,3,3453,买盘
1614,13:29:57,11.51,0.01,1,1151,买盘
1615,13:29:54,11.5,-0.01,1,1150,卖盘
1616,13:29:48,11.51,--,47,54097,买盘
1617,13:29:42,11.51,--,11,12661,买盘
1618,13:29:39,11.51,--,116,133516,买盘
1619,13:29:36,11.51,0.01,37,42587,买盘
1620,13:29:33,11.5,-0.01,19,21850,卖盘
1621,13:29:30,11.51,0.01,77,88627,买盘
1622,13:29:27,11.5,-0.01,9,10350,卖盘
1623,13:29:24,11.51,--,65,74815,买盘
1624,13:29:21,11.51,--,29,33379,卖盘
1625,13:29:18,11.51,--,120,138120,买盘
1626,13:29:15,11.51,0.01,5,5755,买盘
1627,13:29:12,11.5,-0.01,5,5750,卖盘
1628,13:29:09,11.51,-0.01,169,194519,卖盘
1629,13:29:06,11.52,--,17,19584,买盘
1630,13:29:03,11.52,--,86,99072,买盘
1631,13:29:00,11.52,--,46,52992,买盘
1632,13:28:57,11.52,--,1,1152,买盘
1633,13:28:54,11.52,0.01,10,11520,买盘
1634,13:28:51,11.51,--,45,51795,卖盘
1635,13:28:48,11.51,-0.01,6,6906,卖盘
1636,13:28:45,11.52,--,28,32256,买盘
1637,13:28:42,11.52,0.02,1,1152,买盘
1638,13:28:39,11.5,-0.02,20,23000,卖盘
1639,13:28:36,11.52,0.01,41,47232,买盘
1640,13:28:33,11.51,--,20,23020,买盘
1641,13:28:30,11.51,--,76,87476,买盘
1642,13:28:27,11.51,--,20,23020,买盘
1643,13:28:24,11.51,--,426,490326,买盘
1644,13:28:21,11.51,0.01,2,2302,买盘
1645,13:28:18,11.5,-0.01,0,23,卖盘
1646,13:28:15,11.51,--,4,4604,买盘
1647,13:28:12,11.51,--,54,62154,买盘
1648,13:28:09,11.51,--,57,65607,买盘
1649,13:28:06,11.51,--,20,23020,买盘
1650,13:28:03,11.51,--,27,31077,买盘
1651,13:28:00,11.51,--,4,4604,买盘
1652,13:27:54,11.51,0.01,14,16114,买盘
1653,13:27:48,11.5,-0.01,1,1150,卖盘
1654,13:27:45,11.51,--,26,29926,买盘
1655,13:27:42,11.51,--,7,8057,买盘
1656,13:27:36,11.51,0.01,2,2302,买盘
1657,13:27:33,11.5,-0.01,98,112700,卖盘
1658,13:27:30,11.51,0.01,67,77117,买盘
1659,13:27:27,11.5,--,26,29900,卖盘
1660,13:27:24,11.5,-0.01,120,138000,卖盘
1661,13:27:21,11.51,--,53,61003,买盘
1662,13:27:15,11.51,--,12,13812,买盘
1663,13:27:12,11.51,0.01,4,4604,买盘
1664,13:27:09,11.5,-0.01,58,66700,卖盘
1665,13:27:03,11.51,--,44,50644,买盘
1666,13:27:00,11.51,0.01,7,8057,买盘
1667,13:26:54,11.5,-0.01,6,6900,卖盘
1668,13:26:51,11.51,--,16,18416,买盘
1669,13:26:48,11.51,--,1,1151,买盘
1670,13:26:45,11.51,--,5,5755,买盘
1671,13:26:42,11.51,--,1,1151,买盘
1672,13:26:39,11.51,-0.01,11,12661,买盘
1673,13:26:36,11.52,0.01,33,38016,买盘
1674,13:26:33,11.51,-0.01,402,462702,卖盘
1675,13:26:30,11.52,--,38,43776,买盘
1676,13:26:27,11.52,0.01,88,101376,买盘
1677,13:26:24,11.51,-0.01,20,23020,卖盘
1678,13:26:21,11.52,--,3,3456,买盘
1679,13:26:15,11.52,--,27,31104,买盘
1680,13:26:12,11.52,--,69,79488,买盘
1681,13:26:09,11.52,--,10,11520,买盘
1682,13:26:03,11.52,--,27,31104,买盘
1683,13:26:00,11.52,--,59,67968,买盘
1684,13:25:57,11.52,--,23,26496,买盘
1685,13:25:54,11.52,--,1,1152,买盘
1686,13:25:51,11.52,0.01,10,11520,买盘
1687,13:25:48,11.51,-0.01,22,25322,卖盘
1688,13:25:45,11.52,--,4,4608,买盘
1689,13:25:42,11.52,--,44,50688,买盘
1690,13:25:39,11.52,--,117,134784,买盘
1691,13:25:36,11.52,0.01,67,77184,买盘
1692,13:25:33,11.51,-0.01,51,58701,卖盘
1693,13:25:30,11.52,--,22,25344,买盘
1694,13:25:27,11.52,0.01,68,78336,买盘
1695,13:25:24,11.51,-0.01,101,116251,卖盘
1696,13:25:21,11.52,0.01,5,5760,买盘
1697,13:25:18,11.51,-0.01,14,16114,卖盘
1698,13:25:12,11.52,--,118,135936,买盘
1699,13:25:09,11.52,--,4,4608,买盘
1700,13:25:06,11.52,0.01,9,10368,买盘
1701,13:25:03,11.51,-0.01,35,40285,卖盘
1702,13:25:00,11.52,0.01,114,131328,买盘
1703,13:24:57,11.51,-0.01,12,13812,卖盘
1704,13:24:54,11.52,0.01,21,24192,买盘
1705,13:24:45,11.51,--,15,17265,卖盘
1706,13:24:42,11.51,-0.01,6,6906,卖盘
1707,13:24:39,11.52,0.01,15,17280,买盘
1708,13:24:36,11.51,--,102,117402,卖盘
1709,13:24:33,11.51,-0.01,20,23020,卖盘
1710,13:24:30,11.52,--,59,67968,买盘
1711,13:24:27,11.52,--,127,146304,买盘
1712,13:24:24,11.52,--,16,18432,买盘
1713,13:24:21,11.52,--,3,3456,买盘
1714,13:24:18,11.52,0.01,1,1152,买盘
1715,13:24:15,11.51,-0.01,60,69060,卖盘
1716,13:24:12,11.52,--,18,20736,买盘
1717,13:24:09,11.52,--,47,54144,买盘
1718,13:24:06,11.52,--,93,107136,买盘
1719,13:24:03,11.52,--,243,279936,买盘
1720,13:24:00,11.52,--,66,76032,买盘
1721,13:23:57,11.52,--,31,35712,买盘
1722,13:23:54,11.52,--,9,10368,买盘
1723,13:23:51,11.52,--,85,97920,买盘
1724,13:23:45,11.52,--,2,2304,买盘
1725,13:23:42,11.52,--,2,2304,买盘
1726,13:23:39,11.52,0.01,7,8064,买盘
1727,13:23:36,11.51,-0.01,18,20718,卖盘
1728,13:23:33,11.52,--,51,58752,买盘
1729,13:23:30,11.52,--,2,2304,买盘
1730,13:23:27,11.52,0.01,943,1086336,买盘
1731,13:23:24,11.51,--,38,43738,卖盘
1732,13:23:21,11.51,--,129,148479,卖盘
1733,13:23:18,11.51,--,252,290052,买盘
1734,13:23:15,11.51,--,2,2302,买盘
1735,13:23:12,11.51,--,9,10359,买盘
1736,13:23:09,11.51,--,4,4604,买盘
1737,13:23:03,11.51,-0.01,12,13812,中性盘
1738,13:23:00,11.52,0.01,14,16128,买盘
1739,13:22:57,11.51,0.01,14,16114,买盘
1740,13:22:54,11.5,-0.01,1053,1210950,卖盘
1741,13:22:51,11.51,-0.01,55,63305,卖盘
1742,13:22:48,11.52,0.01,22,25344,买盘
1743,13:22:45,11.51,--,208,239408,卖盘
1744,13:22:42,11.51,--,498,573198,买盘
1745,13:22:39,11.51,--,1,1151,买盘
1746,13:22:36,11.51,-0.01,7,8057,中性盘
1747,13:22:33,11.52,0.02,70,80640,买盘
1748,13:22:30,11.5,-0.01,10,11500,卖盘
1749,13:22:27,11.51,--,34,39134,买盘
1750,13:22:24,11.51,-0.01,229,263579,卖盘
1751,13:22:21,11.52,--,52,59904,买盘
1752,13:22:18,11.52,0.01,84,96768,买盘
1753,13:22:15,11.51,--,13,14963,卖盘
1754,13:22:12,11.51,--,2,2302,卖盘
1755,13:22:09,11.51,-0.01,31,35681,卖盘
1756,13:22:03,11.52,--,25,28800,买盘
1757,13:22:00,11.52,0.01,9,10368,买盘
1758,13:21:57,11.51,-0.01,10,11510,卖盘
1759,13:21:54,11.52,--,32,36864,买盘
1760,13:21:48,11.52,--,8,9216,买盘
1761,13:21:45,11.52,--,21,24192,买盘
1762,13:21:42,11.52,--,31,35712,买盘
1763,13:21:39,11.52,0.01,2,2304,买盘
1764,13:21:36,11.51,-0.01,1043,1200493,卖盘
1765,13:21:33,11.52,--,307,353664,买盘
1766,13:21:30,11.52,--,85,97920,买盘
1767,13:21:27,11.52,--,51,58752,买盘
1768,13:21:24,11.52,--,91,104832,买盘
1769,13:21:21,11.52,0.01,977,1125803,买盘
1770,13:21:18,11.51,--,1,1151,买盘
1771,13:21:15,11.51,--,68,78268,买盘
1772,13:21:12,11.51,--,4,4604,买盘
1773,13:21:09,11.51,--,2,2302,买盘
1774,13:21:06,11.51,--,101,116251,买盘
1775,13:21:03,11.51,--,40,46040,买盘
1776,13:21:00,11.51,--,11,12661,买盘
1777,13:20:57,11.51,0.01,46,52946,买盘
1778,13:20:54,11.5,--,264,304577,买盘
1779,13:20:51,11.5,--,33,37950,买盘
1780,13:20:48,11.5,--,20,23000,买盘
1781,13:20:45,11.5,--,4,4600,买盘
1782,13:20:42,11.5,--,62,71300,买盘
1783,13:20:36,11.5,-0.01,285,328279,卖盘
1784,13:20:33,11.51,--,39,44889,买盘
1785,13:20:30,11.51,0.01,212,244012,买盘
1786,13:20:27,11.5,-0.01,12,13800,卖盘
1787,13:20:24,11.51,--,25,28775,买盘
1788,13:20:21,11.51,--,114,131214,买盘
1789,13:20:15,11.51,--,6,6906,买盘
1790,13:20:12,11.51,--,6,6906,买盘
1791,13:20:09,11.51,--,18,20718,买盘
1792,13:20:06,11.51,--,8,9208,买盘
1793,13:20:03,11.51,--,21,24171,买盘
1794,13:20:00,11.51,--,7,8057,买盘
1795,13:19:57,11.51,0.01,1,1151,买盘
1796,13:19:54,11.5,-0.01,90,103500,卖盘
1797,13:19:51,11.51,--,1,1151,买盘
1798,13:19:48,11.51,--,1,1151,买盘
1799,13:19:45,11.51,0.01,120,138120,买盘
1800,13:19:42,11.5,-0.01,1,1150,卖盘
1801,13:19:39,11.51,--,58,66758,买盘
1802,13:19:36,11.51,--,1,1151,买盘
1803,13:19:33,11.51,--,26,29926,买盘
1804,13:19:30,11.51,--,66,75966,买盘
1805,13:19:27,11.51,--,9,10359,买盘
1806,13:19:21,11.51,--,29,33379,买盘
1807,13:19:18,11.51,--,100,115100,买盘
1808,13:19:15,11.51,--,1,1151,买盘
1809,13:19:12,11.51,--,6,6906,买盘
1810,13:19:09,11.51,--,20,23020,买盘
1811,13:19:06,11.51,-0.01,582,670733,卖盘
1812,13:19:03,11.52,--,22,25344,买盘
1813,13:19:00,11.52,0.01,64,73728,买盘
1814,13:18:57,11.51,--,3,3453,卖盘
1815,13:18:54,11.51,--,28,32228,卖盘
1816,13:18:51,11.51,--,125,144174,买盘
1817,13:18:48,11.51,--,22,25322,买盘
1818,13:18:45,11.51,--,12,13812,买盘
1819,13:18:42,11.51,--,17,20418,卖盘
1820,13:18:39,11.51,--,25,28775,卖盘
1821,13:18:36,11.51,--,25,28775,卖盘
1822,13:18:33,11.51,--,21,24171,卖盘
1823,13:18:30,11.51,-0.01,7,8057,卖盘
1824,13:18:27,11.52,0.01,19,21888,买盘
1825,13:18:24,11.51,--,13,14963,卖盘
1826,13:18:21,11.51,-0.01,75,86325,卖盘
1827,13:18:18,11.52,--,106,122112,买盘
1828,13:18:15,11.52,0.01,3,3456,买盘
1829,13:18:09,11.51,-0.01,20,23020,卖盘
1830,13:18:06,11.52,--,1,1152,买盘
1831,13:18:03,11.52,--,36,41472,买盘
1832,13:18:00,11.52,--,8,9216,买盘
1833,13:17:57,11.52,0.01,23,26496,买盘
1834,13:17:54,11.51,-0.01,2,2302,卖盘
1835,13:17:48,11.52,--,17,19584,买盘
1836,13:17:45,11.52,--,111,127872,买盘
1837,13:17:42,11.52,--,1,1152,买盘
1838,13:17:39,11.52,0.01,52,59904,买盘
1839,13:17:36,11.51,-0.01,12,13812,卖盘
1840,13:17:33,11.52,--,36,41472,买盘
1841,13:17:30,11.52,--,1,1152,买盘
1842,13:17:27,11.52,--,24,27648,买盘
1843,13:17:24,11.52,--,1,1152,买盘
1844,13:17:21,11.52,--,77,88704,买盘
1845,13:17:18,11.52,--,26,29952,买盘
1846,13:17:15,11.52,0.01,149,171947,买盘
1847,13:17:12,11.51,-0.01,20,23020,卖盘
1848,13:17:09,11.52,--,518,596736,买盘
1849,13:17:03,11.52,--,22,25344,买盘
1850,13:17:00,11.52,--,18,20736,买盘
1851,13:16:57,11.52,0.01,7,8064,买盘
1852,13:16:54,11.51,--,9,10359,卖盘
1853,13:16:51,11.51,-0.01,10,11510,卖盘
1854,13:16:45,11.52,--,3,3456,买盘
1855,13:16:42,11.52,--,1,1152,买盘
1856,13:16:39,11.52,--,10,11520,买盘
1857,13:16:36,11.52,0.01,67,77184,买盘
1858,13:16:33,11.51,-0.01,19,21869,卖盘
1859,13:16:30,11.52,--,76,87552,买盘
1860,13:16:27,11.52,0.01,9,10368,买盘
1861,13:16:24,11.51,-0.01,16,18416,卖盘
1862,13:16:21,11.52,--,2,2304,买盘
1863,13:16:18,11.52,--,75,86400,买盘
1864,13:16:15,11.52,--,52,59904,买盘
1865,13:16:12,11.52,--,120,138240,买盘
1866,13:16:03,11.52,--,22,25344,买盘
1867,13:16:00,11.52,0.01,24,27648,买盘
1868,13:15:57,11.51,--,126,145026,卖盘
1869,13:15:54,11.51,-0.01,90,103590,卖盘
1870,13:15:48,11.52,0.01,501,577152,买盘
1871,13:15:45,11.51,--,5,5755,卖盘
1872,13:15:42,11.51,-0.01,2,2302,卖盘
1873,13:15:39,11.52,--,27,31104,买盘
1874,13:15:36,11.52,--,16,18432,买盘
1875,13:15:33,11.52,--,89,102528,买盘
1876,13:15:30,11.52,0.01,52,59904,买盘
1877,13:15:27,11.51,-0.01,32,36832,卖盘
1878,13:15:24,11.52,--,10,11520,买盘
1879,13:15:21,11.52,--,158,182016,买盘
1880,13:15:18,11.52,--,56,64512,买盘
1881,13:15:15,11.52,--,91,104832,买盘
1882,13:15:12,11.52,0.01,37,42624,买盘
1883,13:15:09,11.51,--,66,75966,卖盘
1884,13:15:06,11.51,--,511,588782,买盘
1885,13:15:03,11.51,--,30,34530,买盘
1886,13:15:00,11.51,--,23,26473,买盘
1887,13:14:54,11.51,--,16,18416,买盘
1888,13:14:48,11.51,--,25,28775,买盘
1889,13:14:45,11.51,--,33,37983,买盘
1890,13:14:42,11.51,--,15,17265,买盘
1891,13:14:36,11.51,0.01,1,1151,买盘
1892,13:14:33,11.5,-0.01,18,20700,卖盘
1893,13:14:30,11.51,--,2,2302,买盘
1894,13:14:27,11.51,--,3,3453,买盘
1895,13:14:24,11.51,0.01,40,46040,买盘
1896,13:14:21,11.5,-0.01,68,78200,卖盘
1897,13:14:15,11.51,--,37,42587,买盘
1898,13:14:12,11.51,--,2,2302,买盘
1899,13:14:09,11.51,0.02,136,156536,买盘
1900,13:14:06,11.49,-0.01,1395,1603314,卖盘
1901,13:14:03,11.5,--,55,63250,买盘
1902,13:14:00,11.5,-0.01,82,94300,中性盘
1903,13:13:57,11.51,0.01,29,33379,买盘
1904,13:13:54,11.5,--,42,48300,买盘
1905,13:13:51,11.5,--,125,143750,买盘
1906,13:13:48,11.5,--,324,372669,卖盘
1907,13:13:45,11.5,-0.01,12,13800,卖盘
1908,13:13:39,11.51,--,15,17265,买盘
1909,13:13:36,11.51,--,14,16114,买盘
1910,13:13:33,11.51,--,37,42587,买盘
1911,13:13:30,11.51,0.01,58,66758,买盘
1912,13:13:27,11.5,-0.01,69,79350,卖盘
1913,13:13:24,11.51,--,132,151932,买盘
1914,13:13:21,11.51,--,17,19567,买盘
1915,13:13:18,11.51,--,106,122006,买盘
1916,13:13:15,11.51,--,55,63305,买盘
1917,13:13:09,11.51,0.01,133,153083,买盘
1918,13:13:06,11.5,-0.01,99,113850,卖盘
1919,13:13:03,11.51,--,25,28775,买盘
1920,13:13:00,11.51,--,8,9208,买盘
1921,13:12:57,11.51,0.01,15,17265,买盘
1922,13:12:54,11.5,--,13,14950,卖盘
1923,13:12:51,11.5,-0.01,19,21850,卖盘
1924,13:12:48,11.51,--,16,18416,买盘
1925,13:12:45,11.51,--,2,2302,买盘
1926,13:12:42,11.51,--,4,4604,买盘
1927,13:12:39,11.51,0.01,8,9208,买盘
1928,13:12:36,11.5,--,6,6900,卖盘
1929,13:12:33,11.5,--,19,21850,卖盘
1930,13:12:30,11.5,-0.02,1,1150,卖盘
1931,13:12:27,11.52,0.02,4,4608,买盘
1932,13:12:24,11.5,-0.02,7,8050,卖盘
1933,13:12:21,11.52,0.02,15,17280,买盘
1934,13:12:18,11.5,-0.01,55,63250,卖盘
1935,13:12:15,11.51,--,10,12591,买盘
1936,13:12:12,11.51,0.01,113,130063,买盘
1937,13:12:09,11.5,-0.01,5,5750,中性盘
1938,13:12:06,11.51,0.01,47,54097,买盘
1939,13:12:03,11.5,--,20,23000,买盘
1940,13:12:00,11.5,--,28,32200,买盘
1941,13:11:57,11.5,--,2,2300,买盘
1942,13:11:54,11.5,--,140,161862,卖盘
1943,13:11:51,11.5,-0.01,27,31050,卖盘
1944,13:11:48,11.51,--,206,237106,买盘
1945,13:11:45,11.51,0.01,28,32228,买盘
1946,13:11:42,11.5,--,32,36800,卖盘
1947,13:11:39,11.5,-0.01,1,1150,卖盘
1948,13:11:36,11.51,0.01,61,70211,买盘
1949,13:11:33,11.5,-0.01,19,21850,卖盘
1950,13:11:30,11.51,--,27,31077,买盘
1951,13:11:27,11.51,--,3,3453,买盘
1952,13:11:21,11.51,--,19,21869,买盘
1953,13:11:18,11.51,--,42,48342,买盘
1954,13:11:15,11.51,--,120,138120,买盘
1955,13:11:12,11.51,--,60,69060,买盘
1956,13:11:09,11.51,--,38,43738,买盘
1957,13:11:06,11.51,--,114,131214,买盘
1958,13:11:03,11.51,--,113,130063,买盘
1959,13:11:00,11.51,--,232,267032,买盘
1960,13:10:57,11.51,0.01,70,80570,买盘
1961,13:10:54,11.5,--,80,92000,卖盘
1962,13:10:51,11.5,--,2,2300,卖盘
1963,13:10:48,11.5,-0.01,1,1150,卖盘
1964,13:10:45,11.51,--,22,25322,买盘
1965,13:10:42,11.51,--,36,41436,买盘
1966,13:10:39,11.51,--,16,18416,买盘
1967,13:10:36,11.51,--,47,54097,买盘
1968,13:10:33,11.51,--,33,37983,买盘
1969,13:10:30,11.51,0.01,43,49493,买盘
1970,13:10:27,11.5,--,97,111550,卖盘
1971,13:10:24,11.5,-0.01,29,33350,卖盘
1972,13:10:21,11.51,0.02,1025,1180062,买盘
1973,13:10:15,11.49,--,576,662513,买盘
1974,13:10:09,11.49,--,167,191883,买盘
1975,13:10:06,11.49,0.01,45,51705,买盘
1976,13:10:03,11.48,--,101,115948,买盘
1977,13:10:00,11.48,--,2,2296,买盘
1978,13:09:57,11.48,0.01,30,34440,买盘
1979,13:09:54,11.47,-0.01,550,631308,卖盘
1980,13:09:51,11.48,--,31,35588,卖盘
1981,13:09:48,11.48,-0.01,10,11480,卖盘
1982,13:09:45,11.49,0.01,2,2298,买盘
1983,13:09:42,11.48,-0.01,600,688800,卖盘
1984,13:09:39,11.49,0.01,17,19533,买盘
1985,13:09:33,11.48,--,19,21812,卖盘
1986,13:09:30,11.48,--,23,26404,卖盘
1987,13:09:27,11.48,--,12,13776,卖盘
1988,13:09:24,11.48,-0.01,1,1148,卖盘
1989,13:09:21,11.49,0.01,18,20682,买盘
1990,13:09:15,11.48,--,19,21812,卖盘
1991,13:09:12,11.48,-0.01,5,5740,卖盘
1992,13:09:09,11.49,--,37,42513,买盘
1993,13:09:06,11.49,--,72,82728,买盘
1994,13:09:03,11.49,--,94,108006,买盘
1995,13:09:00,11.49,--,3,3447,买盘
1996,13:08:51,11.49,--,30,34470,买盘
1997,13:08:48,11.49,--,10,11490,买盘
1998,13:08:36,11.49,--,16,18384,买盘
1999,13:08:33,11.49,0.01,19,21831,买盘
2000,13:08:30,11.48,-0.01,1,1148,卖盘
2001,13:08:21,11.49,0.01,194,222906,买盘
2002,13:08:18,11.48,-0.01,112,128576,卖盘
2003,13:08:15,11.49,--,9,10341,买盘
2004,13:08:12,11.49,--,3,3447,买盘
2005,13:08:06,11.49,0.01,72,83417,买盘
2006,13:08:03,11.48,-0.01,781,897047,卖盘
2007,13:08:00,11.49,0.01,17,19533,买盘
2008,13:07:57,11.48,-0.01,67,76916,卖盘
2009,13:07:54,11.49,--,100,114900,买盘
2010,13:07:51,11.49,0.01,4,4596,买盘
2011,13:07:48,11.48,--,1001,1149148,卖盘
2012,13:07:42,11.48,--,2,2296,卖盘
2013,13:07:39,11.48,-0.01,6,6888,卖盘
2014,13:07:36,11.49,0.01,5,5745,买盘
2015,13:07:33,11.48,-0.01,34,39032,卖盘
2016,13:07:30,11.49,--,1,1149,买盘
2017,13:07:27,11.49,--,31,35619,卖盘
2018,13:07:24,11.49,--,1,1149,卖盘
2019,13:07:21,11.49,-0.01,19,21831,卖盘
2020,13:07:15,11.5,--,5,5750,买盘
2021,13:07:12,11.5,--,1,1150,买盘
2022,13:07:09,11.5,0.01,63,72450,买盘
2023,13:07:06,11.49,--,30,34470,买盘
2024,13:07:03,11.49,--,98,112602,买盘
2025,13:07:00,11.49,--,19,21831,买盘
2026,13:06:54,11.49,--,15,17235,买盘
2027,13:06:45,11.49,--,18,20682,买盘
2028,13:06:42,11.49,--,97,112314,卖盘
2029,13:06:39,11.49,--,4,4596,卖盘
2030,13:06:36,11.49,--,50,57450,卖盘
2031,13:06:33,11.49,--,21,24129,卖盘
2032,13:06:30,11.49,-0.01,500,574500,卖盘
2033,13:06:27,11.5,0.01,109,125350,买盘
2034,13:06:24,11.49,--,1,1149,卖盘
2035,13:06:21,11.49,--,13,14937,卖盘
2036,13:06:18,11.49,-0.01,1,1149,卖盘
2037,13:06:09,11.5,--,44,50600,买盘
2038,13:06:06,11.5,--,7,8050,买盘
2039,13:06:03,11.5,--,106,121900,买盘
2040,13:06:00,11.5,--,7,8050,买盘
2041,13:05:57,11.5,0.01,18,20700,买盘
2042,13:05:54,11.49,--,646,742254,卖盘
2043,13:05:48,11.49,-0.01,22,25278,卖盘
2044,13:05:42,11.5,--,50,57500,买盘
2045,13:05:36,11.5,--,48,55200,买盘
2046,13:05:33,11.5,--,21,24150,买盘
2047,13:05:30,11.5,--,8,9200,买盘
2048,13:05:27,11.5,--,16,18400,买盘
2049,13:05:24,11.5,0.01,16,18400,买盘
2050,13:05:21,11.49,-0.01,1,1149,卖盘
2051,13:05:18,11.5,--,21,24150,买盘
2052,13:05:15,11.5,--,113,129950,买盘
2053,13:05:12,11.5,--,9,10350,买盘
2054,13:05:09,11.5,--,41,47150,买盘
2055,13:05:06,11.5,--,44,50600,买盘
2056,13:05:03,11.5,--,40,46000,买盘
2057,13:05:00,11.5,-0.01,326,374900,卖盘
2058,13:04:57,11.51,--,73,84023,买盘
2059,13:04:54,11.51,0.01,18,20718,买盘
2060,13:04:48,11.5,--,10,11500,卖盘
2061,13:04:42,11.5,--,17,19550,买盘
2062,13:04:39,11.5,--,34,39100,买盘
2063,13:04:36,11.5,--,3,3450,买盘
2064,13:04:33,11.5,--,20,23000,买盘
2065,13:04:30,11.5,--,33,37950,买盘
2066,13:04:27,11.5,--,100,115000,买盘
2067,13:04:21,11.5,--,16,18400,买盘
2068,13:04:18,11.5,--,10,11500,买盘
2069,13:04:15,11.5,--,8,9200,买盘
2070,13:04:12,11.5,--,19,21850,买盘
2071,13:04:06,11.5,--,45,51750,买盘
2072,13:04:03,11.5,0.01,59,67850,买盘
2073,13:04:00,11.49,-0.01,201,230949,卖盘
2074,13:03:57,11.5,--,74,85100,买盘
2075,13:03:54,11.5,--,1,1150,买盘
2076,13:03:51,11.5,--,18,20700,买盘
2077,13:03:48,11.5,--,360,414000,卖盘
2078,13:03:45,11.5,--,2,2300,卖盘
2079,13:03:36,11.5,--,5,5750,卖盘
2080,13:03:33,11.5,-0.01,23,26450,卖盘
2081,13:03:27,11.51,0.01,1,1151,买盘
2082,13:03:24,11.5,-0.01,9,10350,卖盘
2083,13:03:18,11.51,--,16,18416,买盘
2084,13:03:15,11.51,--,122,140422,买盘
2085,13:03:06,11.51,--,25,28775,买盘
2086,13:03:03,11.51,--,118,136174,买盘
2087,13:02:57,11.51,0.01,66,75966,买盘
2088,13:02:51,11.5,--,13,14950,卖盘
2089,13:02:48,11.5,-0.01,217,249550,卖盘
2090,13:02:33,11.51,--,67,77117,卖盘
2091,13:02:24,11.51,-0.01,28,32228,卖盘
2092,13:02:21,11.52,0.02,2,2304,买盘
2093,13:02:18,11.5,-0.02,800,920000,卖盘
2094,13:02:15,11.52,--,26,29952,买盘
2095,13:02:09,11.52,--,1,1152,买盘
2096,13:02:06,11.52,--,7,8064,买盘
2097,13:02:03,11.52,--,21,24192,买盘
2098,13:02:00,11.52,--,10,11520,买盘
2099,13:01:57,11.52,--,63,72576,买盘
2100,13:01:54,11.52,--,70,80640,买盘
2101,13:01:51,11.52,--,12,13824,买盘
2102,13:01:48,11.52,--,22,25344,买盘
2103,13:01:45,11.52,--,51,58752,买盘
2104,13:01:42,11.52,--,15,17280,买盘
2105,13:01:39,11.52,--,29,33408,买盘
2106,13:01:36,11.52,--,59,67968,买盘
2107,13:01:33,11.52,--,51,58752,买盘
2108,13:01:30,11.52,--,30,34560,买盘
2109,13:01:27,11.52,0.01,51,58752,买盘
2110,13:01:24,11.51,--,129,149273,买盘
2111,13:01:21,11.51,--,7,8057,买盘
2112,13:01:18,11.51,--,14,16114,买盘
2113,13:01:15,11.51,--,41,47191,买盘
2114,13:01:12,11.51,--,43,49493,买盘
2115,13:01:09,11.51,--,24,27624,买盘
2116,13:01:06,11.51,--,68,78268,买盘
2117,13:01:03,11.51,0.01,172,197972,买盘
2118,13:01:00,11.5,-0.01,158,181700,卖盘
2119,13:00:57,11.51,--,34,39134,买盘
2120,13:00:54,11.51,--,98,112798,买盘
2121,13:00:48,11.51,--,2,2302,买盘
2122,13:00:45,11.51,--,30,34530,买盘
2123,13:00:42,11.51,--,78,89778,买盘
2124,13:00:39,11.51,--,47,54097,买盘
2125,13:00:36,11.51,--,176,202932,卖盘
2126,13:00:33,11.51,-0.01,40,46040,卖盘
2127,13:00:30,11.52,--,11,12672,买盘
2128,13:00:27,11.52,--,2,2304,买盘
2129,13:00:24,11.52,--,9,10368,买盘
2130,13:00:18,11.52,0.01,22,25344,买盘
2131,13:00:15,11.51,--,31,35681,卖盘
2132,13:00:12,11.51,--,27,31077,卖盘
2133,13:00:09,11.51,--,50,57550,卖盘
2134,13:00:06,11.51,--,76,87476,卖盘
2135,13:00:03,11.51,0.02,4860,5594654,买盘
2136,13:00:00,11.49,--,0,0,卖盘
2137,11:30:00,11.49,--,70,80430,卖盘
2138,11:29:57,11.49,-0.01,35,40215,卖盘
2139,11:29:54,11.5,0.01,74,85100,买盘
2140,11:29:48,11.49,-0.01,202,232098,卖盘
2141,11:29:45,11.5,--,25,28750,买盘
2142,11:29:42,11.5,--,598,687700,买盘
2143,11:29:36,11.5,--,638,733700,买盘
2144,11:29:33,11.5,0.01,5,5750,买盘
2145,11:29:30,11.49,--,26,29874,卖盘
2146,11:29:27,11.49,--,18,20682,卖盘
2147,11:29:24,11.49,--,11,12926,买盘
2148,11:29:21,11.49,--,13,14937,买盘
2149,11:29:15,11.49,-0.01,17,20394,卖盘
2150,11:29:12,11.5,0.01,47,54337,买盘
2151,11:29:09,11.49,--,12,13788,买盘
2152,11:29:06,11.49,--,1,1149,买盘
2153,11:29:03,11.49,--,31,35619,买盘
2154,11:28:57,11.49,-0.01,499,574212,卖盘
2155,11:28:54,11.5,0.01,126,144900,买盘
2156,11:28:51,11.49,-0.01,2,2298,卖盘
2157,11:28:45,11.5,--,5,5750,买盘
2158,11:28:42,11.5,-0.01,652,749800,卖盘
2159,11:28:39,11.51,--,152,174952,买盘
2160,11:28:36,11.51,0.01,10,11510,买盘
2161,11:28:27,11.5,-0.01,109,125350,卖盘
2162,11:28:24,11.51,--,3,3453,买盘
2163,11:28:21,11.51,--,17,19567,买盘
2164,11:28:15,11.51,--,40,46040,买盘
2165,11:28:09,11.51,--,95,109345,卖盘
2166,11:28:06,11.51,-0.01,5,5755,卖盘
2167,11:28:03,11.52,0.01,56,64512,买盘
2168,11:28:00,11.51,-0.01,15,17265,中性盘
2169,11:27:54,11.52,0.01,81,93312,买盘
2170,11:27:51,11.51,--,119,136969,买盘
2171,11:27:48,11.51,--,51,58701,买盘
2172,11:27:45,11.51,--,4,4604,买盘
2173,11:27:42,11.51,-0.01,28,32228,中性盘
2174,11:27:36,11.52,0.01,35,40320,买盘
2175,11:27:33,11.51,--,38,43738,买盘
2176,11:27:27,11.51,-0.01,31,36728,卖盘
2177,11:27:21,11.52,0.01,3,3456,买盘
2178,11:27:18,11.51,-0.01,18,20718,卖盘
2179,11:27:15,11.52,-0.01,63,72576,卖盘
2180,11:27:12,11.53,0.01,5,5765,买盘
2181,11:27:06,11.52,-0.01,40,46080,卖盘
2182,11:27:03,11.53,0.01,1,1153,买盘
2183,11:27:00,11.52,0.01,131,150912,买盘
2184,11:26:57,11.51,--,57,65607,卖盘
2185,11:26:54,11.51,-0.01,1,1151,卖盘
2186,11:26:51,11.52,--,17,19584,买盘
2187,11:26:48,11.52,0.01,3,3456,买盘
2188,11:26:45,11.51,--,40,46040,卖盘
2189,11:26:42,11.51,--,64,73664,卖盘
2190,11:26:39,11.51,-0.01,10,11510,卖盘
2191,11:26:36,11.52,0.01,35,40320,买盘
2192,11:26:30,11.51,0.02,185,213038,买盘
2193,11:26:27,11.49,-0.01,29,33321,卖盘
2194,11:26:24,11.5,--,60,69000,买盘
2195,11:26:21,11.5,0.01,63,72450,买盘
2196,11:26:18,11.49,-0.01,199,229018,卖盘
2197,11:26:15,11.5,--,10,11500,买盘
2198,11:26:12,11.5,0.01,19,21850,买盘
2199,11:26:09,11.49,--,900,1034100,卖盘
2200,11:26:03,11.49,-0.01,56,64344,卖盘
2201,11:26:00,11.5,0.01,3,3450,买盘
2202,11:25:57,11.49,-0.01,165,189585,卖盘
2203,11:25:54,11.5,--,2,2300,买盘
2204,11:25:48,11.5,--,126,144900,买盘
2205,11:25:45,11.5,--,12,13800,买盘
2206,11:25:42,11.5,--,3,3450,买盘
2207,11:25:39,11.5,--,51,58650,买盘
2208,11:25:36,11.5,0.01,36,41400,买盘
2209,11:25:33,11.49,-0.01,2,2298,卖盘
2210,11:25:30,11.5,0.01,1,1150,买盘
2211,11:25:27,11.49,-0.01,60,68940,卖盘
2212,11:25:24,11.5,-0.01,428,493246,卖盘
2213,11:25:21,11.51,--,63,72513,买盘
2214,11:25:18,11.51,--,8,9208,买盘
2215,11:25:12,11.51,--,27,31077,买盘
2216,11:25:09,11.51,0.01,87,100137,中性盘
2217,11:25:06,11.5,-0.01,1002,1152300,卖盘
2218,11:25:03,11.51,--,31,35681,卖盘
2219,11:25:00,11.51,0.01,82,94382,买盘
2220,11:24:57,11.5,-0.02,22,25300,卖盘
2221,11:24:54,11.52,0.01,84,96768,买盘
2222,11:24:51,11.51,--,246,283146,买盘
2223,11:24:48,11.51,0.01,74,85174,买盘
2224,11:24:45,11.5,-0.01,9,10350,卖盘
2225,11:24:42,11.51,--,97,111647,买盘
2226,11:24:39,11.51,--,40,46040,买盘
2227,11:24:36,11.51,--,64,73664,买盘
2228,11:24:30,11.51,0.01,5,5755,买盘
2229,11:24:27,11.5,--,31,35650,卖盘
2230,11:24:24,11.5,-0.01,37,42550,卖盘
2231,11:24:21,11.51,--,55,63305,买盘
2232,11:24:18,11.51,--,54,62154,买盘
2233,11:24:15,11.51,--,38,43738,买盘
2234,11:24:12,11.51,--,79,90929,买盘
2235,11:24:09,11.51,--,130,149630,买盘
2236,11:24:03,11.51,--,24,27624,买盘
2237,11:24:00,11.51,0.01,25,28775,买盘
2238,11:23:57,11.5,-0.01,41,47150,卖盘
2239,11:23:54,11.51,--,27,31077,买盘
2240,11:23:51,11.51,--,32,36832,买盘
2241,11:23:48,11.51,0.01,63,72513,买盘
2242,11:23:45,11.5,-0.01,19,21850,卖盘
2243,11:23:42,11.51,0.01,302,347602,买盘
2244,11:23:39,11.5,-0.01,114,131100,卖盘
2245,11:23:36,11.51,0.01,70,80570,买盘
2246,11:23:33,11.5,-0.01,89,102350,卖盘
2247,11:23:30,11.51,0.01,133,153083,买盘
2248,11:23:27,11.5,-0.01,24,27600,卖盘
2249,11:23:24,11.51,--,4,4604,买盘
2250,11:23:21,11.51,0.01,5,5755,买盘
2251,11:23:18,11.5,--,1,1150,卖盘
2252,11:23:12,11.5,-0.01,56,64400,卖盘
2253,11:23:06,11.51,0.01,10,11510,买盘
2254,11:23:03,11.5,-0.01,135,155250,卖盘
2255,11:23:00,11.51,0.01,200,230200,买盘
2256,11:22:57,11.5,--,79,90850,卖盘
2257,11:22:51,11.5,--,46,52900,卖盘
2258,11:22:45,11.5,0.01,327,376153,买盘
2259,11:22:42,11.49,0.01,400,460668,买盘
2260,11:22:39,11.48,--,1239,1422372,卖盘
2261,11:22:36,11.48,0.01,676,776736,买盘
2262,11:22:33,11.47,--,656,752546,买盘
2263,11:22:30,11.47,--,53,61226,买盘
2264,11:22:27,11.47,--,177,204051,卖盘
2265,11:22:24,11.47,--,0,309,卖盘
2266,11:22:21,11.47,-0.01,9,10690,卖盘
2267,11:22:18,11.48,0.01,95,109232,买盘
2268,11:22:15,11.47,-0.01,178,204624,卖盘
2269,11:22:12,11.48,--,36,42028,买盘
2270,11:22:09,11.48,--,47,54346,买盘
2271,11:22:06,11.48,--,37,43509,买盘
2272,11:22:03,11.48,--,70,80405,买盘
2273,11:22:00,11.48,0.01,43,49375,买盘
2274,11:21:57,11.47,-0.01,51,58691,卖盘
2275,11:21:54,11.48,0.01,87,100897,买盘
2276,11:21:51,11.47,-0.02,692,794240,卖盘
2277,11:21:48,11.49,--,81,93632,买盘
2278,11:21:45,11.49,0.01,49,57036,买盘
2279,11:21:42,11.48,--,99,113778,卖盘
2280,11:21:39,11.48,--,301,345605,卖盘
2281,11:21:36,11.48,-0.01,2,3065,卖盘
2282,11:21:33,11.49,--,28,33045,买盘
2283,11:21:30,11.49,0.01,38,43673,买盘
2284,11:21:27,11.48,--,21,25060,卖盘
2285,11:21:24,11.48,-0.01,32,37585,卖盘
2286,11:21:21,11.49,--,66,76419,买盘
2287,11:21:18,11.49,0.01,17,19728,买盘
2288,11:21:15,11.48,-0.01,33,38182,卖盘
2289,11:21:12,11.49,--,34,39077,买盘
2290,11:21:09,11.49,0.01,33,38824,买盘
2291,11:21:06,11.48,--,56,64288,卖盘
2292,11:21:03,11.48,--,0,332,卖盘
2293,11:21:00,11.48,--,10,11594,卖盘
2294,11:20:57,11.48,--,88,101724,卖盘
2295,11:20:54,11.48,-0.01,22,25313,卖盘
2296,11:20:51,11.49,0.01,194,223239,买盘
2297,11:20:48,11.48,-0.01,5,6474,卖盘
2298,11:20:45,11.49,--,36,41708,买盘
2299,11:20:42,11.49,--,19,22382,买盘
2300,11:20:39,11.49,0.01,82,94436,买盘
2301,11:20:36,11.48,-0.01,9,10791,卖盘
2302,11:20:33,11.49,0.01,94,108994,买盘
2303,11:20:30,11.48,-0.01,51,59363,卖盘
2304,11:20:27,11.49,--,60,69342,买盘
2305,11:20:24,11.49,--,63,72605,买盘
2306,11:20:21,11.49,0.01,34,39789,买盘
2307,11:20:18,11.48,--,164,189374,卖盘
2308,11:20:15,11.48,--,48,55115,卖盘
2309,11:20:12,11.48,--,0,596,卖盘
2310,11:20:09,11.48,--,5,5900,卖盘
2311,11:20:06,11.48,-0.01,2,3202,卖盘
2312,11:20:03,11.49,0.01,56,64344,买盘
2313,11:20:00,11.48,-0.01,205,235340,卖盘
2314,11:19:57,11.49,-0.01,2141,2460089,卖盘
2315,11:19:54,11.5,0.01,60,69000,买盘
2316,11:19:51,11.49,-0.01,60,68940,卖盘
2317,11:19:48,11.5,--,34,39100,买盘
2318,11:19:45,11.5,--,25,28750,买盘
2319,11:19:42,11.5,--,212,243800,买盘
2320,11:19:39,11.5,--,34,39100,买盘
2321,11:19:36,11.5,0.01,77,88550,买盘
2322,11:19:33,11.49,-0.01,15,17235,卖盘
2323,11:19:27,11.5,0.01,401,461150,买盘
2324,11:19:21,11.49,-0.01,45,51705,卖盘
2325,11:19:18,11.5,--,19,21850,买盘
2326,11:19:15,11.5,--,16,18400,买盘
2327,11:19:12,11.5,--,188,216200,卖盘
2328,11:19:09,11.5,--,44,50600,卖盘
2329,11:19:06,11.5,-0.01,5,5750,卖盘
2330,11:19:03,11.51,--,5,5755,买盘
2331,11:19:00,11.51,0.01,9,10359,买盘
2332,11:18:57,11.5,-0.01,18,20700,卖盘
2333,11:18:54,11.51,0.01,352,405152,买盘
2334,11:18:48,11.5,--,12,13800,买盘
2335,11:18:45,11.5,-0.01,42,48300,卖盘
2336,11:18:42,11.51,--,63,72513,买盘
2337,11:18:39,11.51,0.01,98,112798,买盘
2338,11:18:36,11.5,--,103,118450,买盘
2339,11:18:33,11.5,0.01,55,63250,买盘
2340,11:18:30,11.49,--,15,17235,卖盘
2341,11:18:27,11.49,-0.01,77,88473,卖盘
2342,11:18:24,11.5,--,51,58650,买盘
2343,11:18:21,11.5,--,16,18400,买盘
2344,11:18:15,11.5,0.01,26,29900,买盘
2345,11:18:12,11.49,-0.01,43,49407,卖盘
2346,11:18:06,11.5,--,20,23000,买盘
2347,11:18:03,11.5,--,354,407100,买盘
2348,11:18:00,11.5,0.01,12,13800,买盘
2349,11:17:57,11.49,-0.01,35,40215,卖盘
2350,11:17:54,11.5,--,4,4600,买盘
2351,11:17:51,11.5,--,12,13800,买盘
2352,11:17:48,11.5,--,315,362250,买盘
2353,11:17:45,11.5,--,57,65550,买盘
2354,11:17:42,11.5,--,12,13800,买盘
2355,11:17:39,11.5,--,99,113850,买盘
2356,11:17:36,11.5,--,79,90850,买盘
2357,11:17:33,11.5,--,8,9200,买盘
2358,11:17:30,11.5,0.01,11,12650,买盘
2359,11:17:27,11.49,-0.01,20,22980,卖盘
2360,11:17:18,11.5,--,96,110400,买盘
2361,11:17:15,11.5,0.01,5,5750,买盘
2362,11:17:12,11.49,-0.01,115,132135,卖盘
2363,11:17:09,11.5,--,8,9200,买盘
2364,11:17:06,11.5,0.01,41,47150,买盘
2365,11:16:57,11.49,-0.01,21,24129,卖盘
2366,11:16:54,11.5,--,37,42550,买盘
2367,11:16:51,11.5,--,16,18400,买盘
2368,11:16:48,11.5,--,10,11500,买盘
2369,11:16:42,11.5,--,37,42550,买盘
2370,11:16:39,11.5,0.01,840,966000,买盘
2371,11:16:36,11.49,-0.01,175,201075,卖盘
2372,11:16:33,11.5,0.01,198,227700,买盘
2373,11:16:27,11.49,-0.01,31,35619,卖盘
2374,11:16:21,11.5,0.01,63,72450,买盘
2375,11:16:18,11.49,--,34,39066,卖盘
2376,11:16:15,11.49,-0.01,15,17637,卖盘
2377,11:16:12,11.5,0.01,63,72818,买盘
2378,11:16:09,11.49,-0.01,11,13673,卖盘
2379,11:16:06,11.5,0.01,107,123406,买盘
2380,11:16:03,11.49,--,23,27254,卖盘
2381,11:16:00,11.49,--,35,41237,卖盘
2382,11:15:57,11.49,-0.01,232,267222,卖盘
2383,11:15:54,11.5,--,15,18273,买盘
2384,11:15:51,11.5,--,11,12811,买盘
2385,11:15:48,11.5,0.01,31,36547,买盘
2386,11:15:45,11.49,--,18,21164,卖盘
2387,11:15:42,11.49,-0.01,16,19130,卖盘
2388,11:15:39,11.5,0.01,40,46874,买盘
2389,11:15:36,11.49,-0.01,75,86692,卖盘
2390,11:15:33,11.5,--,122,140898,买盘
2391,11:15:30,11.5,0.01,34,40238,买盘
2392,11:15:27,11.49,--,128,147428,卖盘
2393,11:15:24,11.49,--,32,36813,卖盘
2394,11:15:21,11.49,--,2,2677,卖盘
2395,11:15:18,11.49,-0.02,116,133732,卖盘
2396,11:15:15,11.51,--,161,185311,买盘
2397,11:15:12,11.51,0.01,1333,1534340,买盘
2398,11:15:09,11.5,--,11,12730,卖盘
2399,11:15:06,11.5,-0.01,11,13144,卖盘
2400,11:15:03,11.51,--,651,749301,买盘
2401,11:14:57,11.51,-0.01,36,41436,中性盘
2402,11:14:54,11.52,--,6,6912,买盘
2403,11:14:51,11.52,0.02,9,10368,买盘
2404,11:14:48,11.5,-0.01,125,143750,卖盘
2405,11:14:45,11.51,--,44,50644,卖盘
2406,11:14:42,11.51,--,114,131214,卖盘
2407,11:14:39,11.51,--,29,33379,买盘
2408,11:14:36,11.51,--,203,233653,买盘
2409,11:14:33,11.51,--,148,170348,买盘
2410,11:14:30,11.51,0.01,1,1151,买盘
2411,11:14:27,11.5,--,36,41400,卖盘
2412,11:14:24,11.5,-0.01,1,1150,卖盘
2413,11:14:21,11.51,0.01,29,33379,买盘
2414,11:14:18,11.5,-0.01,215,247250,卖盘
2415,11:14:15,11.51,--,23,26473,买盘
2416,11:14:12,11.51,--,7,8057,买盘
2417,11:14:09,11.51,--,39,44889,卖盘
2418,11:14:06,11.51,-0.01,1,1151,卖盘
2419,11:14:03,11.52,--,518,596736,买盘
2420,11:14:00,11.52,0.01,17,19584,买盘
2421,11:13:57,11.51,-0.01,18,20718,卖盘
2422,11:13:54,11.52,--,21,24192,买盘
2423,11:13:51,11.52,--,17,19584,买盘
2424,11:13:48,11.52,0.01,463,533376,买盘
2425,11:13:45,11.51,--,20,23020,买盘
2426,11:13:42,11.51,0.01,2,2302,买盘
2427,11:13:39,11.5,--,148,170200,卖盘
2428,11:13:36,11.5,-0.01,69,79350,卖盘
2429,11:13:33,11.51,0.01,25,28775,买盘
2430,11:13:30,11.5,--,223,256450,卖盘
2431,11:13:27,11.5,-0.01,188,216809,卖盘
2432,11:13:24,11.51,--,172,198512,卖盘
2433,11:13:21,11.51,--,208,240018,买盘
2434,11:13:18,11.51,--,10,11510,买盘
2435,11:13:15,11.51,0.01,34,39134,买盘
2436,11:13:12,11.5,-0.01,68,78200,卖盘
2437,11:13:09,11.51,--,245,281995,买盘
2438,11:13:03,11.51,--,79,90929,买盘
2439,11:13:00,11.51,0.01,85,97835,买盘
2440,11:12:57,11.5,--,30,34500,卖盘
2441,11:12:51,11.5,-0.01,41,47150,卖盘
2442,11:12:48,11.51,--,9,10359,买盘
2443,11:12:45,11.51,0.01,142,163442,买盘
2444,11:12:42,11.5,--,235,270250,卖盘
2445,11:12:39,11.5,--,131,150650,卖盘
2446,11:12:36,11.5,-0.01,3,3450,卖盘
2447,11:12:33,11.51,--,30,34530,买盘
2448,11:12:30,11.51,0.01,33,37983,买盘
2449,11:12:27,11.5,-0.01,34,39100,卖盘
2450,11:12:24,11.51,0.01,91,104741,买盘
2451,11:12:21,11.5,--,5,5750,卖盘
2452,11:12:18,11.5,-0.01,26,29900,卖盘
2453,11:12:12,11.51,--,8,9208,买盘
2454,11:12:09,11.51,--,66,75966,买盘
2455,11:12:06,11.51,0.01,20,23020,买盘
2456,11:12:03,11.5,--,40,46000,卖盘
2457,11:11:57,11.5,-0.01,76,87400,卖盘
2458,11:11:54,11.51,--,365,420115,买盘
2459,11:11:51,11.51,--,59,67909,买盘
2460,11:11:48,11.51,--,40,46040,买盘
2461,11:11:45,11.51,0.01,16,18427,买盘
2462,11:11:42,11.5,--,0,701,卖盘
2463,11:11:39,11.5,--,9,10706,卖盘
2464,11:11:36,11.5,-0.01,48,56246,卖盘
2465,11:11:33,11.51,0.01,133,153336,买盘
2466,11:11:30,11.5,--,2,3358,卖盘
2467,11:11:27,11.5,--,62,71300,卖盘
2468,11:11:24,11.5,-0.01,79,90850,卖盘
2469,11:11:21,11.51,--,109,126345,买盘
2470,11:11:18,11.51,0.01,9,10589,买盘
2471,11:11:15,11.5,--,22,25564,卖盘
2472,11:11:12,11.5,-0.01,52,60881,卖盘
2473,11:11:09,11.51,--,510,587010,买盘
2474,11:11:06,11.51,--,203,234366,卖盘
2475,11:11:03,11.51,--,5,6468,卖盘
2476,11:11:00,11.51,--,56,64490,卖盘
2477,11:10:57,11.51,--,22,25563,卖盘
2478,11:10:54,11.51,--,31,36440,卖盘
2479,11:10:51,11.51,-0.01,7,9161,卖盘
2480,11:10:48,11.52,--,22,26426,买盘
2481,11:10:45,11.52,--,101,116524,买盘
2482,11:10:42,11.52,--,643,740989,卖盘
2483,11:10:39,11.52,--,40,46736,卖盘
2484,11:10:36,11.52,-0.01,176,202752,卖盘
2485,11:10:33,11.53,0.01,58,66874,买盘
2486,11:10:27,11.52,--,167,192384,卖盘
2487,11:10:24,11.52,--,1,1152,卖盘
2488,11:10:21,11.52,--,22,25344,卖盘
2489,11:10:18,11.52,--,224,258048,卖盘
2490,11:10:15,11.52,--,331,381312,卖盘
2491,11:10:12,11.52,-0.01,3,3456,卖盘
2492,11:10:09,11.53,0.01,35,40355,买盘
2493,11:10:06,11.52,--,515,593280,卖盘
2494,11:10:03,11.52,--,48,55296,卖盘
2495,11:09:57,11.52,--,28,32256,卖盘
2496,11:09:51,11.52,-0.01,7,8064,卖盘
2497,11:09:48,11.53,--,16,18448,买盘
2498,11:09:45,11.53,--,37,42661,买盘
2499,11:09:42,11.53,--,76,87628,买盘
2500,11:09:39,11.53,--,27,31131,买盘
2501,11:09:36,11.53,--,63,72639,卖盘
2502,11:09:33,11.53,--,125,144701,卖盘
2503,11:09:30,11.53,--,363,418539,卖盘
2504,11:09:27,11.53,-0.01,33,38049,卖盘
2505,11:09:24,11.54,--,69,79626,买盘
2506,11:09:21,11.54,0.01,19,21926,买盘
2507,11:09:18,11.53,--,10,11530,卖盘
2508,11:09:15,11.53,-0.01,11,12683,卖盘
2509,11:09:12,11.54,0.01,37,42698,买盘
2510,11:09:09,11.53,--,17,19601,卖盘
2511,11:09:06,11.53,--,22,25366,卖盘
2512,11:09:03,11.53,-0.01,22,25366,卖盘
2513,11:08:57,11.54,--,8,9232,卖盘
2514,11:08:54,11.54,0.01,45,51929,买盘
2515,11:08:51,11.53,--,133,153925,卖盘
2516,11:08:48,11.53,-0.02,1245,1435485,卖盘
2517,11:08:45,11.55,0.01,23,26565,买盘
2518,11:08:42,11.54,--,217,250452,卖盘
2519,11:08:39,11.54,--,283,326582,卖盘
2520,11:08:36,11.54,-0.01,36,41544,卖盘
2521,11:08:33,11.55,0.01,41,47355,买盘
2522,11:08:30,11.54,--,201,231953,卖盘
2523,11:08:27,11.54,-0.01,25,28849,卖盘
2524,11:08:24,11.55,--,70,80850,买盘
2525,11:08:18,11.55,0.01,26,30030,买盘
2526,11:08:15,11.54,-0.01,108,124631,卖盘
2527,11:08:12,11.55,0.01,17,19635,买盘
2528,11:08:09,11.54,--,15,17310,卖盘
2529,11:08:06,11.54,-0.01,90,103859,卖盘
2530,11:08:03,11.55,--,11,12705,买盘
2531,11:08:00,11.55,0.01,80,92400,买盘
2532,11:07:57,11.54,--,20,23080,卖盘
2533,11:07:54,11.54,-0.01,223,257341,卖盘
2534,11:07:51,11.55,0.01,2,2310,买盘
2535,11:07:48,11.54,-0.01,12,13847,卖盘
2536,11:07:42,11.55,--,50,57750,买盘
2537,11:07:36,11.55,--,26,31000,卖盘
2538,11:07:33,11.55,-0.01,45,51975,卖盘
2539,11:07:30,11.56,0.01,163,189341,买盘
2540,11:07:27,11.55,-0.01,70,80850,卖盘
2541,11:07:24,11.56,0.01,84,97531,买盘
2542,11:07:21,11.55,--,79,91245,买盘
2543,11:07:18,11.55,--,1045,1207263,买盘
2544,11:07:15,11.55,0.01,54,63109,买盘
2545,11:07:12,11.54,-0.01,277,320477,卖盘
2546,11:07:09,11.55,0.01,27,31600,买盘
2547,11:07:06,11.54,--,246,284461,卖盘
2548,11:07:03,11.54,-0.01,17,19941,卖盘
2549,11:07:00,11.55,0.01,34,40355,买盘
2550,11:06:57,11.54,--,38,44036,卖盘
2551,11:06:54,11.54,--,4,4639,卖盘
2552,11:06:51,11.54,--,30,34654,卖盘
2553,11:06:48,11.54,--,10,11724,卖盘
2554,11:06:45,11.54,-0.01,3,4431,卖盘
2555,11:06:42,11.55,0.01,29,33749,买盘
2556,11:06:39,11.54,-0.01,27,32277,卖盘
2557,11:06:36,11.55,0.01,77,89269,买盘
2558,11:06:33,11.54,-0.01,10,12082,卖盘
2559,11:06:30,11.55,0.01,140,162254,买盘
2560,11:06:27,11.54,-0.01,1069,1233879,卖盘
2561,11:06:24,11.55,--,27,31912,买盘
2562,11:06:21,11.55,0.01,77,89847,买盘
2563,11:06:18,11.54,--,298,343938,卖盘
2564,11:06:15,11.54,-0.01,1,1869,卖盘
2565,11:06:12,11.55,--,18,21702,买盘
2566,11:06:09,11.55,--,81,93624,买盘
2567,11:06:06,11.55,--,533,616261,卖盘
2568,11:06:03,11.55,-0.01,9,10845,卖盘
2569,11:06:00,11.56,0.01,6,7178,买盘
2570,11:05:57,11.55,--,35,41487,卖盘
2571,11:05:54,11.55,--,58,67775,卖盘
2572,11:05:51,11.55,--,21,25144,卖盘
2573,11:05:48,11.55,--,67,77477,卖盘
2574,11:05:45,11.55,-0.01,37,43381,卖盘
2575,11:05:42,11.56,--,211,244262,买盘
2576,11:05:39,11.56,0.01,35,41188,买盘
2577,11:05:36,11.55,-0.01,60,70189,卖盘
2578,11:05:33,11.56,0.01,217,251973,买盘
2579,11:05:30,11.55,--,327,378470,卖盘
2580,11:05:27,11.55,-0.01,145,168606,卖盘
2581,11:05:24,11.56,--,515,596345,买盘
2582,11:05:21,11.56,0.01,43,50690,买盘
2583,11:05:18,11.55,--,84,97054,卖盘
2584,11:05:15,11.55,--,97,112393,卖盘
2585,11:05:12,11.55,--,3,3476,卖盘
2586,11:05:09,11.55,--,0,300,卖盘
2587,11:05:06,11.55,--,12,14945,卖盘
2588,11:05:03,11.55,--,126,145657,卖盘
2589,11:05:00,11.55,--,13,16100,卖盘
2590,11:04:57,11.55,-0.01,46,54261,卖盘
2591,11:04:54,11.56,--,119,138442,买盘
2592,11:04:51,11.56,0.01,166,192959,买盘
2593,11:04:48,11.55,--,71,82455,卖盘
2594,11:04:45,11.55,-0.01,173,200531,卖盘
2595,11:04:42,11.56,--,68,79162,买盘
2596,11:04:39,11.56,0.01,53,61279,买盘
2597,11:04:36,11.55,--,0,854,卖盘
2598,11:04:33,11.55,--,8,9390,卖盘
2599,11:04:30,11.55,--,15,17405,卖盘
2600,11:04:27,11.55,-0.01,52,61076,卖盘
2601,11:04:24,11.56,--,52,60551,买盘
2602,11:04:21,11.56,--,69,80006,买盘
2603,11:04:18,11.56,--,89,103970,买盘
2604,11:04:15,11.56,0.01,9,10612,买盘
2605,11:04:12,11.55,-0.01,8,10013,卖盘
2606,11:04:09,11.56,0.01,84,97300,买盘
2607,11:04:06,11.55,--,8,9436,卖盘
2608,11:04:03,11.55,-0.01,79,91429,卖盘
2609,11:04:00,11.56,0.01,3,4566,买盘
2610,11:03:57,11.55,-0.01,43,50138,卖盘
2611,11:03:54,11.56,0.01,178,206392,买盘
2612,11:03:51,11.55,--,26,30954,卖盘
2613,11:03:48,11.55,--,261,301940,卖盘
2614,11:03:45,11.55,-0.01,25,29013,卖盘
2615,11:03:42,11.56,--,26,30691,买盘
2616,11:03:39,11.56,0.01,73,84700,买盘
2617,11:03:36,11.55,--,5,6109,卖盘
2618,11:03:33,11.55,-0.01,39,45645,卖盘
2619,11:03:30,11.56,0.01,101,117287,买盘
2620,11:03:27,11.55,-0.01,126,146569,卖盘
2621,11:03:24,11.56,0.01,199,230194,买盘
2622,11:03:21,11.55,--,122,141984,卖盘
2623,11:03:18,11.55,-0.01,537,621147,卖盘
2624,11:03:15,11.56,0.01,89,103855,买盘
2625,11:03:12,11.55,--,192,221852,卖盘
2626,11:03:09,11.55,--,254,293739,卖盘
2627,11:03:06,11.55,--,800,924000,卖盘
2628,11:03:00,11.55,--,43,49665,卖盘
2629,11:02:57,11.55,-0.01,20,23100,卖盘
2630,11:02:54,11.56,--,12,13872,买盘
2631,11:02:51,11.56,--,79,91324,买盘
2632,11:02:48,11.56,0.01,10,11560,买盘
2633,11:02:45,11.55,-0.01,6,6930,卖盘
2634,11:02:42,11.56,--,315,364140,买盘
2635,11:02:39,11.56,--,28,32368,买盘
2636,11:02:36,11.56,0.01,353,408068,买盘
2637,11:02:33,11.55,--,114,131670,买盘
2638,11:02:30,11.55,0.01,86,99330,买盘
2639,11:02:27,11.54,-0.01,251,289654,卖盘
2640,11:02:24,11.55,--,7,8085,买盘
2641,11:02:21,11.55,--,55,63525,买盘
2642,11:02:15,11.55,--,24,27720,买盘
2643,11:02:12,11.55,--,20,23100,买盘
2644,11:02:09,11.55,0.01,18,20790,买盘
2645,11:02:06,11.54,-0.01,18,20772,卖盘
2646,11:02:03,11.55,--,7,8085,买盘
2647,11:02:00,11.55,0.01,2,2310,买盘
2648,11:01:57,11.54,-0.01,48,55391,卖盘
2649,11:01:54,11.55,--,12,13860,买盘
2650,11:01:51,11.55,--,21,24255,买盘
2651,11:01:48,11.55,--,6,6930,买盘
2652,11:01:42,11.55,-0.01,131,151305,卖盘
2653,11:01:39,11.56,--,15,17340,买盘
2654,11:01:36,11.56,0.01,37,42772,买盘
2655,11:01:33,11.55,--,2,2310,卖盘
2656,11:01:30,11.55,--,15,17325,卖盘
2657,11:01:27,11.55,--,368,425040,买盘
2658,11:01:24,11.55,0.01,209,241822,买盘
2659,11:01:21,11.54,-0.01,98,113403,卖盘
2660,11:01:18,11.55,--,510,589050,买盘
2661,11:01:15,11.55,--,98,113190,买盘
2662,11:01:12,11.55,--,37,42735,买盘
2663,11:01:09,11.55,--,57,65835,买盘
2664,11:01:06,11.55,--,27,31185,买盘
2665,11:01:03,11.55,--,19,21945,买盘
2666,11:01:00,11.55,0.01,54,62370,买盘
2667,11:00:57,11.54,-0.01,23,26541,卖盘
2668,11:00:51,11.55,--,135,155925,卖盘
2669,11:00:48,11.55,--,21,24255,卖盘
2670,11:00:45,11.55,--,177,205543,买盘
2671,11:00:42,11.55,0.01,103,119045,买盘
2672,11:00:39,11.54,-0.01,3,4581,卖盘
2673,11:00:36,11.55,--,40,46662,买盘
2674,11:00:33,11.55,--,23,27489,买盘
2675,11:00:30,11.55,0.01,10,12647,买盘
2676,11:00:27,11.54,-0.01,39,45006,卖盘
2677,11:00:24,11.55,--,12,14356,买盘
2678,11:00:21,11.55,--,58,68017,买盘
2679,11:00:18,11.55,--,310,358050,买盘
2680,11:00:15,11.55,--,211,243705,买盘
2681,11:00:12,11.55,0.01,10,11550,买盘
2682,11:00:09,11.54,-0.01,72,83088,卖盘
2683,11:00:06,11.55,--,674,779209,卖盘
2684,11:00:03,11.55,-0.01,52,60060,卖盘
2685,11:00:00,11.56,0.01,57,65892,买盘
2686,10:59:57,11.55,-0.01,581,671286,卖盘
2687,10:59:54,11.56,0.01,65,75140,买盘
2688,10:59:51,11.55,-0.01,35,40425,卖盘
2689,10:59:48,11.56,--,3,3468,买盘
2690,10:59:45,11.56,--,228,263568,买盘
2691,10:59:42,11.56,0.01,438,506328,买盘
2692,10:59:39,11.55,-0.01,81,93555,卖盘
2693,10:59:36,11.56,--,30,34680,买盘
2694,10:59:33,11.56,--,193,223235,买盘
2695,10:59:30,11.56,0.01,85,98271,买盘
2696,10:59:27,11.55,-0.01,171,197920,卖盘
2697,10:59:24,11.56,--,1138,1316025,买盘
2698,10:59:21,11.56,--,184,212969,买盘
2699,10:59:18,11.56,--,428,495114,买盘
2700,10:59:15,11.56,--,119,137899,买盘
2701,10:59:12,11.56,--,5,6901,买盘
2702,10:59:09,11.56,0.01,48,55892,买盘
2703,10:59:06,11.55,--,122,141083,卖盘
2704,10:59:03,11.55,-0.01,53,61261,卖盘
2705,10:59:00,11.56,0.01,395,456620,买盘
2706,10:58:57,11.55,-0.01,46,53130,卖盘
2707,10:58:54,11.56,--,23,26588,买盘
2708,10:58:51,11.56,--,109,126004,买盘
2709,10:58:48,11.56,--,29,33524,买盘
2710,10:58:45,11.56,--,8,9248,买盘
2711,10:58:42,11.56,0.01,115,132940,买盘
2712,10:58:39,11.55,--,32,36960,卖盘
2713,10:58:33,11.55,-0.01,45,51975,卖盘
2714,10:58:30,11.56,0.01,21,24276,买盘
2715,10:58:27,11.55,--,120,138600,卖盘
2716,10:58:24,11.55,--,255,294525,卖盘
2717,10:58:21,11.55,-0.01,55,64587,卖盘
2718,10:58:18,11.56,--,88,101728,买盘
2719,10:58:15,11.56,0.01,69,79764,买盘
2720,10:58:12,11.55,--,10,11550,卖盘
2721,10:58:09,11.55,--,493,569415,买盘
2722,10:58:06,11.55,0.01,150,173250,买盘
2723,10:58:03,11.54,-0.01,80,92320,卖盘
2724,10:58:00,11.55,0.01,113,130515,买盘
2725,10:57:57,11.54,--,104,120015,卖盘
2726,10:57:54,11.54,-0.01,30,34620,卖盘
2727,10:57:51,11.55,--,16,18480,买盘
2728,10:57:48,11.55,--,5,5775,买盘
2729,10:57:45,11.55,--,20,23100,买盘
2730,10:57:42,11.55,--,56,64680,买盘
2731,10:57:39,11.55,0.01,41,47355,买盘
2732,10:57:36,11.54,-0.01,16,18464,卖盘
2733,10:57:33,11.55,--,17,19635,买盘
2734,10:57:30,11.55,0.01,25,28875,买盘
2735,10:57:27,11.54,--,165,190410,卖盘
2736,10:57:24,11.54,-0.01,36,41544,卖盘
2737,10:57:21,11.55,--,394,455070,买盘
2738,10:57:18,11.55,--,66,76230,买盘
2739,10:57:15,11.55,--,280,323654,买盘
2740,10:57:12,11.55,--,45,52309,买盘
2741,10:57:09,11.55,--,108,124994,买盘
2742,10:57:06,11.55,--,42,48671,买盘
2743,10:57:03,11.55,--,79,91718,买盘
2744,10:57:00,11.55,0.01,131,152390,买盘
2745,10:56:57,11.54,-0.01,171,197887,卖盘
2746,10:56:54,11.55,--,29,33991,买盘
2747,10:56:51,11.55,--,17,20212,买盘
2748,10:56:48,11.55,--,18,21506,买盘
2749,10:56:45,11.55,0.01,22,26103,买盘
2750,10:56:42,11.54,-0.01,54,62973,卖盘
2751,10:56:39,11.55,--,30,35031,买盘
2752,10:56:36,11.55,0.01,15,17336,买盘
2753,10:56:33,11.54,-0.01,2,2573,卖盘
2754,10:56:30,11.55,0.01,29,34395,买盘
2755,10:56:27,11.54,-0.01,55,64473,卖盘
2756,10:56:24,11.55,0.01,24,28459,买盘
2757,10:56:21,11.54,--,42,49264,卖盘
2758,10:56:18,11.54,-0.01,21,25226,卖盘
2759,10:56:15,11.55,0.01,37,43289,买盘
2760,10:56:12,11.54,-0.01,10,11632,卖盘
2761,10:56:09,11.55,--,4,4620,买盘
2762,10:56:03,11.55,--,266,307230,买盘
2763,10:56:00,11.55,0.01,175,202125,买盘
2764,10:55:57,11.54,-0.01,104,120015,卖盘
2765,10:55:54,11.55,--,80,92400,买盘
2766,10:55:51,11.55,--,52,60060,买盘
2767,10:55:48,11.55,--,155,179025,买盘
2768,10:55:45,11.55,--,29,33495,买盘
2769,10:55:42,11.55,--,85,98175,买盘
2770,10:55:39,11.55,0.01,20,23100,买盘
2771,10:55:36,11.54,--,54,62315,买盘
2772,10:55:33,11.54,--,15,17310,买盘
2773,10:55:30,11.54,--,37,42698,买盘
2774,10:55:27,11.54,--,573,661242,卖盘
2775,10:55:24,11.54,--,27,31157,卖盘
2776,10:55:21,11.54,-0.01,75,86550,卖盘
2777,10:55:18,11.55,0.01,68,78540,买盘
2778,10:55:15,11.54,-0.01,146,168484,卖盘
2779,10:55:12,11.55,--,21,24255,买盘
2780,10:55:09,11.55,--,160,184800,买盘
2781,10:55:06,11.55,--,20,23100,买盘
2782,10:55:03,11.55,--,85,98175,买盘
2783,10:55:00,11.55,0.01,74,85470,买盘
2784,10:54:57,11.54,-0.01,81,93474,卖盘
2785,10:54:54,11.55,--,68,78540,买盘
2786,10:54:48,11.55,0.01,95,109725,买盘
2787,10:54:45,11.54,-0.01,5,5770,卖盘
2788,10:54:42,11.55,--,121,139755,买盘
2789,10:54:39,11.55,0.01,26,30030,买盘
2790,10:54:36,11.54,-0.01,66,76164,卖盘
2791,10:54:33,11.55,0.01,183,211365,买盘
2792,10:54:30,11.54,0.01,288,332352,买盘
2793,10:54:27,11.53,-0.01,365,420845,卖盘
2794,10:54:24,11.54,--,39,45006,买盘
2795,10:54:18,11.54,-0.01,20,23080,中性盘
2796,10:54:15,11.55,--,96,110880,买盘
2797,10:54:12,11.55,--,40,46200,买盘
2798,10:54:09,11.55,--,114,131670,买盘
