,time,price,change,volume,amount,type
0,15:00:03,13.07,0.01,4303,5624021,买盘
1,14:57:00,13.06,-0.01,112,146272,卖盘
2,14:56:57,13.07,--,633,827331,卖盘
3,14:56:54,13.07,-0.01,517,675719,卖盘
4,14:56:51,13.08,0.01,91,119028,买盘
5,14:56:48,13.07,--,80,104560,卖盘
6,14:56:45,13.07,--,356,465292,买盘
7,14:56:42,13.07,0.01,91,119093,买盘
8,14:56:39,13.06,--,50,65300,卖盘
9,14:56:36,13.06,-0.01,16,20896,卖盘
10,14:56:33,13.07,--,171,223497,买盘
11,14:56:30,13.07,0.01,921,1203747,买盘
12,14:56:27,13.06,-0.01,46,60076,卖盘
13,14:56:24,13.07,--,115,150305,买盘
14,14:56:21,13.07,--,50,65350,买盘
15,14:56:18,13.07,0.01,38,49666,买盘
16,14:56:15,13.06,-0.02,112,146272,卖盘
17,14:56:12,13.08,0.01,3003,3927924,买盘
18,14:56:09,13.07,-0.01,62,81034,卖盘
19,14:56:06,13.08,0.01,431,563800,买盘
20,14:56:03,13.07,--,71,94051,卖盘
21,14:56:00,13.07,--,43,57076,卖盘
22,14:55:57,13.07,--,94,122858,卖盘
23,14:55:54,13.07,--,58,76015,卖盘
24,14:55:51,13.07,-0.01,187,244409,卖盘
25,14:55:48,13.08,--,129,168732,买盘
26,14:55:45,13.08,--,35,46865,买盘
27,14:55:42,13.08,--,99,129492,买盘
28,14:55:39,13.08,0.01,234,306072,买盘
29,14:55:36,13.07,--,142,185594,卖盘
30,14:55:33,13.07,-0.01,3020,3947140,卖盘
31,14:55:30,13.08,0.01,24,31392,买盘
32,14:55:27,13.07,--,27,35289,卖盘
33,14:55:24,13.07,--,883,1154277,买盘
34,14:55:21,13.07,0.01,282,368574,买盘
35,14:55:18,13.06,--,3,3918,卖盘
36,14:55:15,13.06,--,1029,1344840,买盘
37,14:55:12,13.06,--,10,13060,买盘
38,14:55:09,13.06,--,18,23508,买盘
39,14:55:06,13.06,0.01,203,265118,买盘
40,14:55:03,13.05,-0.01,14,18818,卖盘
41,14:55:00,13.06,--,20,26120,买盘
42,14:54:57,13.06,--,68,88808,买盘
43,14:54:54,13.06,--,133,174037,买盘
44,14:54:51,13.06,--,80,104480,买盘
45,14:54:48,13.06,0.01,127,165862,买盘
46,14:54:45,13.05,-0.01,41,53505,卖盘
47,14:54:42,13.06,--,60,78712,买盘
48,14:54:39,13.06,--,16,20896,买盘
49,14:54:36,13.06,0.01,19,24814,买盘
50,14:54:33,13.05,--,88,114840,卖盘
51,14:54:30,13.05,-0.01,145,189864,卖盘
52,14:54:27,13.06,0.01,63,82278,买盘
53,14:54:24,13.05,--,30,39150,卖盘
54,14:54:21,13.05,--,19,24834,卖盘
55,14:54:18,13.05,--,104,135720,卖盘
56,14:54:15,13.05,--,91,118755,卖盘
57,14:54:12,13.05,--,291,380629,买盘
58,14:54:09,13.05,0.01,51,67651,买盘
59,14:54:06,13.04,--,115,149960,卖盘
60,14:54:03,13.04,-0.01,113,147352,卖盘
61,14:54:00,13.05,--,42,54810,买盘
62,14:53:57,13.05,--,214,279270,买盘
63,14:53:54,13.05,--,93,121365,买盘
64,14:53:51,13.05,--,78,101790,买盘
65,14:53:48,13.05,0.01,131,171529,买盘
66,14:53:45,13.04,-0.01,101,131704,卖盘
67,14:53:42,13.05,0.01,215,280575,买盘
68,14:53:39,13.04,-0.01,10,13444,卖盘
69,14:53:36,13.05,--,116,151380,买盘
70,14:53:33,13.05,0.01,65,84825,买盘
71,14:53:30,13.04,--,1012,1319687,卖盘
72,14:53:27,13.04,-0.01,1,1304,卖盘
73,14:53:24,13.05,0.01,30,39150,买盘
74,14:53:21,13.04,--,27,35208,卖盘
75,14:53:18,13.04,--,35,45979,卖盘
76,14:53:15,13.04,--,19,24776,卖盘
77,14:53:12,13.04,-0.01,378,492911,卖盘
78,14:53:09,13.05,--,41,53935,买盘
79,14:53:06,13.05,-0.01,566,738760,卖盘
80,14:53:03,13.06,--,6,7836,买盘
81,14:53:00,13.06,--,105,137874,买盘
82,14:52:57,13.06,--,34,44404,买盘
83,14:52:54,13.06,0.01,87,113622,买盘
84,14:52:51,13.05,-0.01,56,73080,卖盘
85,14:52:45,13.06,0.01,41,53546,买盘
86,14:52:42,13.05,--,841,1097935,买盘
87,14:52:39,13.05,--,51,67090,卖盘
88,14:52:36,13.05,--,49,63945,卖盘
89,14:52:33,13.05,--,13,16965,卖盘
90,14:52:30,13.05,--,36,47749,买盘
91,14:52:27,13.05,--,117,152685,买盘
92,14:52:24,13.05,--,96,125280,买盘
93,14:52:21,13.05,--,51,66555,买盘
94,14:52:18,13.05,--,45,59873,买盘
95,14:52:15,13.05,--,78,101790,买盘
96,14:52:12,13.05,--,158,206190,买盘
97,14:52:09,13.05,--,27,35861,买盘
98,14:52:06,13.05,-0.01,169,221080,卖盘
99,14:52:03,13.06,--,42,55622,买盘
100,14:52:00,13.06,0.01,203,265118,买盘
101,14:51:57,13.05,-0.01,161,210144,卖盘
102,14:51:54,13.06,--,100,130600,买盘
103,14:51:51,13.06,0.01,68,88808,买盘
104,14:51:48,13.05,--,15,19575,卖盘
105,14:51:45,13.05,--,20,26295,卖盘
106,14:51:42,13.05,-0.01,17,22185,卖盘
107,14:51:39,13.06,0.01,35,45710,买盘
108,14:51:36,13.05,0.01,844,1101942,买盘
109,14:51:33,13.04,--,17,22337,卖盘
110,14:51:30,13.04,--,6,7823,卖盘
111,14:51:27,13.04,-0.01,21,27384,卖盘
112,14:51:24,13.05,0.01,76,99180,买盘
113,14:51:21,13.04,--,11,14343,卖盘
114,14:51:18,13.04,0.01,547,713483,买盘
115,14:51:15,13.03,--,113,147239,卖盘
116,14:51:12,13.03,--,22,28666,卖盘
117,14:51:06,13.03,-0.01,16,21121,卖盘
118,14:51:03,13.04,--,20,26080,买盘
119,14:51:00,13.04,--,10,13040,买盘
120,14:50:57,13.04,--,15,19560,买盘
121,14:50:54,13.04,0.01,13,16952,买盘
122,14:50:51,13.03,--,101,131603,卖盘
123,14:50:48,13.03,0.01,21,27363,买盘
124,14:50:42,13.02,-0.01,13,17303,卖盘
125,14:50:36,13.03,-0.01,1,1303,买盘
126,14:50:33,13.04,0.02,188,245151,买盘
127,14:50:30,13.02,-0.02,19,25493,卖盘
128,14:50:27,13.04,--,70,91280,买盘
129,14:50:24,13.04,0.02,95,123879,买盘
130,14:50:18,13.02,--,50,65100,卖盘
131,14:50:15,13.02,-0.01,9,11718,卖盘
132,14:50:12,13.03,--,23,29969,买盘
133,14:50:09,13.03,--,138,179814,买盘
134,14:50:06,13.03,--,23,31089,买盘
135,14:50:03,13.03,--,456,594168,买盘
136,14:50:00,13.03,--,29,37787,买盘
137,14:49:57,13.03,--,48,62544,卖盘
138,14:49:54,13.03,--,53,69059,买盘
139,14:49:51,13.03,--,97,126391,买盘
140,14:49:48,13.03,0.01,25,32575,买盘
141,14:49:45,13.02,-0.01,114,148428,卖盘
142,14:49:42,13.03,--,61,79483,买盘
143,14:49:39,13.03,--,370,482110,买盘
144,14:49:36,13.03,-0.01,157,205430,卖盘
145,14:49:33,13.04,0.01,15,19560,买盘
146,14:49:30,13.03,-0.01,315,410445,卖盘
147,14:49:27,13.04,--,10,13170,买盘
148,14:49:24,13.04,0.01,106,138224,买盘
149,14:49:21,13.03,-0.01,1,1303,卖盘
150,14:49:18,13.04,0.01,356,464223,买盘
151,14:49:15,13.03,--,49,63977,卖盘
152,14:49:12,13.03,--,21,27363,卖盘
153,14:49:09,13.03,-0.01,330,429990,卖盘
154,14:49:06,13.04,--,73,95192,买盘
155,14:49:03,13.04,--,64,83912,买盘
156,14:49:00,13.04,--,25,32599,买盘
157,14:48:57,13.04,0.01,21,27384,买盘
158,14:48:54,13.03,-0.01,20,26060,卖盘
159,14:48:51,13.04,0.01,140,182560,买盘
160,14:48:48,13.03,-0.01,11,15219,卖盘
161,14:48:45,13.04,--,140,182560,买盘
162,14:48:42,13.04,--,137,178648,买盘
163,14:48:39,13.04,0.01,97,126487,买盘
164,14:48:36,13.03,-0.01,49,64211,卖盘
165,14:48:33,13.04,--,155,202120,买盘
166,14:48:30,13.04,0.01,147,191688,买盘
167,14:48:27,13.03,--,10,13030,卖盘
168,14:48:24,13.03,-0.01,18,23454,卖盘
169,14:48:21,13.04,--,13,17408,买盘
170,14:48:18,13.04,0.01,51,66504,买盘
171,14:48:15,13.03,-0.01,145,188935,卖盘
172,14:48:12,13.04,0.01,320,417905,买盘
173,14:48:09,13.03,-0.01,241,314700,卖盘
174,14:48:06,13.04,--,32,42836,买盘
175,14:48:03,13.04,--,378,492911,买盘
176,14:48:00,13.04,0.01,49,63895,买盘
177,14:47:57,13.03,--,11,14333,卖盘
178,14:47:54,13.03,-0.01,27,35389,卖盘
179,14:47:51,13.04,--,200,260799,买盘
180,14:47:48,13.04,0.01,160,208640,买盘
181,14:47:45,13.03,--,12,15636,卖盘
182,14:47:42,13.03,--,88,115823,卖盘
183,14:47:39,13.03,-0.01,200,260600,卖盘
184,14:47:36,13.04,0.01,20,26080,买盘
185,14:47:33,13.03,--,208,271024,卖盘
186,14:47:30,13.03,--,79,102937,卖盘
187,14:47:27,13.03,--,45,58674,卖盘
188,14:47:21,13.03,--,5,6515,卖盘
189,14:47:18,13.03,--,180,234540,卖盘
190,14:47:15,13.03,--,80,104956,卖盘
191,14:47:12,13.03,--,31,40393,卖盘
192,14:47:09,13.03,--,3,3909,卖盘
193,14:47:06,13.03,--,20,26060,卖盘
194,14:47:03,13.03,--,262,341386,卖盘
195,14:47:00,13.03,--,27,35181,卖盘
196,14:46:57,13.03,--,96,125088,买盘
197,14:46:54,13.03,--,4,5212,买盘
198,14:46:51,13.03,--,15,19545,买盘
199,14:46:48,13.03,0.01,37,48211,买盘
200,14:46:45,13.02,-0.01,41,53382,卖盘
201,14:46:42,13.03,--,36,46908,买盘
202,14:46:39,13.03,--,150,196153,买盘
203,14:46:36,13.03,0.01,26,33878,买盘
204,14:46:33,13.02,--,533,693966,卖盘
205,14:46:30,13.02,--,231,300762,卖盘
206,14:46:27,13.02,-0.01,14,18228,卖盘
207,14:46:24,13.03,0.01,42,54726,买盘
208,14:46:21,13.02,--,35,45570,卖盘
209,14:46:18,13.02,0.01,236,307272,买盘
210,14:46:15,13.01,-0.01,108,141509,卖盘
211,14:46:12,13.02,--,112,145824,买盘
212,14:46:09,13.02,--,524,682248,买盘
213,14:46:06,13.02,--,31,40362,买盘
214,14:46:03,13.02,0.01,30,39502,买盘
215,14:46:00,13.01,-0.01,142,184742,卖盘
216,14:45:57,13.02,--,27,35154,买盘
217,14:45:54,13.02,--,1,1302,买盘
218,14:45:51,13.02,--,13,16926,买盘
219,14:45:48,13.02,0.01,79,102858,买盘
220,14:45:45,13.01,-0.01,301,391601,卖盘
221,14:45:42,13.02,--,46,59892,买盘
222,14:45:39,13.02,0.02,90,117180,买盘
223,14:45:36,13.0,-0.01,51,66300,卖盘
224,14:45:33,13.01,--,10,13010,卖盘
225,14:45:30,13.01,0.01,161,210579,买盘
226,14:45:27,13.0,--,334,434200,卖盘
227,14:45:24,13.0,--,9,11700,卖盘
228,14:45:21,13.0,--,98,128518,卖盘
229,14:45:18,13.0,0.01,469,609700,买盘
230,14:45:15,12.99,-0.01,122,158478,卖盘
231,14:45:12,13.0,--,36,46800,卖盘
232,14:45:09,13.0,-0.01,467,607100,卖盘
233,14:45:06,13.01,0.01,11,14311,买盘
234,14:45:03,13.0,0.01,700,910000,买盘
235,14:45:00,12.99,-0.01,230,298770,卖盘
236,14:44:57,13.0,--,3011,3914300,买盘
237,14:44:51,13.0,0.01,22,28600,买盘
238,14:44:42,12.99,--,27,35073,卖盘
239,14:44:33,12.99,--,1907,2477193,买盘
240,14:44:30,12.99,0.01,14,18186,买盘
241,14:44:21,12.98,--,4,5192,卖盘
242,14:44:18,12.98,--,137,177826,卖盘
243,14:44:15,12.98,--,1,1298,卖盘
244,14:44:09,12.98,--,12,15576,卖盘
245,14:44:06,12.98,--,13,16874,卖盘
246,14:44:00,12.98,--,209,272320,买盘
247,14:43:57,12.98,-0.01,230,298799,卖盘
248,14:43:54,12.99,--,31,40269,买盘
249,14:43:51,12.99,0.01,236,306564,买盘
250,14:43:48,12.98,--,13,16874,卖盘
251,14:43:45,12.98,--,117,151866,卖盘
252,14:43:42,12.98,-0.01,104,134992,卖盘
253,14:43:39,12.99,0.01,7,9093,买盘
254,14:43:36,12.98,--,1,1298,卖盘
255,14:43:33,12.98,--,257,333586,卖盘
256,14:43:30,12.98,--,3,3894,卖盘
257,14:43:27,12.98,0.01,164,213910,买盘
258,14:43:21,12.97,-0.01,9,11673,卖盘
259,14:43:18,12.98,0.01,147,190806,买盘
260,14:43:15,12.97,--,254,329438,卖盘
261,14:43:12,12.97,--,22,28534,卖盘
262,14:43:09,12.97,--,37,47989,卖盘
263,14:43:06,12.97,--,17,22049,卖盘
264,14:43:03,12.97,-0.01,15,19455,卖盘
265,14:43:00,12.98,0.01,301,390698,买盘
266,14:42:57,12.97,--,23,29831,卖盘
267,14:42:51,12.97,-0.01,60,77820,卖盘
268,14:42:48,12.98,--,3,3894,买盘
269,14:42:42,12.98,0.01,71,92158,买盘
270,14:42:39,12.97,--,14,18158,卖盘
271,14:42:36,12.97,-0.01,63,81711,卖盘
272,14:42:33,12.98,--,41,53218,买盘
273,14:42:30,12.98,0.01,137,177826,买盘
274,14:42:27,12.97,-0.01,45,58365,卖盘
275,14:42:24,12.98,--,132,171336,买盘
276,14:42:21,12.98,0.01,5,6490,买盘
277,14:42:18,12.97,-0.01,11,14267,卖盘
278,14:42:15,12.98,--,90,116820,买盘
279,14:42:12,12.98,--,15,19470,买盘
280,14:42:09,12.98,0.01,29,37642,买盘
281,14:42:03,12.97,-0.01,174,225678,卖盘
282,14:41:57,12.98,0.01,60,77880,买盘
283,14:41:54,12.97,-0.01,10,13268,卖盘
284,14:41:51,12.98,--,106,137588,买盘
285,14:41:48,12.98,0.01,25,32450,买盘
286,14:41:45,12.97,--,163,211411,卖盘
287,14:41:42,12.97,--,6,7782,卖盘
288,14:41:39,12.97,--,13,16861,卖盘
289,14:41:36,12.97,-0.01,63,81711,卖盘
290,14:41:33,12.98,0.01,58,75284,买盘
291,14:41:30,12.97,--,420,544999,卖盘
292,14:41:27,12.97,-0.01,78,101166,卖盘
293,14:41:24,12.98,0.01,30,38940,买盘
294,14:41:21,12.97,-0.01,118,153927,卖盘
295,14:41:18,12.98,0.01,20,25960,买盘
296,14:41:15,12.97,-0.01,11,14267,卖盘
297,14:41:12,12.98,0.01,8,10384,买盘
298,14:41:09,12.97,--,13,18145,卖盘
299,14:41:06,12.97,-0.01,1,1297,卖盘
300,14:41:03,12.98,--,54,70092,买盘
301,14:41:00,12.98,--,70,90860,买盘
302,14:40:57,12.98,--,42,54516,买盘
303,14:40:54,12.98,--,306,397188,卖盘
304,14:40:51,12.98,--,111,144078,卖盘
305,14:40:48,12.98,--,13,16874,卖盘
306,14:40:42,12.98,--,214,277772,买盘
307,14:40:39,12.98,--,59,76582,买盘
308,14:40:36,12.98,--,16,20768,买盘
309,14:40:33,12.98,0.01,124,160952,买盘
310,14:40:30,12.97,--,20,25940,卖盘
311,14:40:27,12.97,-0.01,26,33722,卖盘
312,14:40:24,12.98,--,67,86966,买盘
313,14:40:21,12.98,--,88,114224,买盘
314,14:40:18,12.98,--,71,92158,买盘
315,14:40:15,12.98,0.01,13,16874,买盘
316,14:40:12,12.97,-0.01,55,71335,卖盘
317,14:40:09,12.98,--,121,157058,买盘
318,14:40:03,12.98,--,43,55814,买盘
319,14:40:00,12.98,--,15,19470,买盘
320,14:39:57,12.98,--,6,7788,买盘
321,14:39:54,12.98,--,79,102542,买盘
322,14:39:51,12.98,--,182,236236,买盘
323,14:39:48,12.98,--,50,64900,买盘
324,14:39:45,12.98,--,272,353056,买盘
325,14:39:42,12.98,--,79,102542,买盘
326,14:39:39,12.98,--,116,150568,买盘
327,14:39:36,12.98,0.01,156,202488,买盘
328,14:39:33,12.97,--,310,402070,卖盘
329,14:39:30,12.97,-0.01,150,194550,卖盘
330,14:39:27,12.98,--,400,519200,买盘
331,14:39:24,12.98,0.01,74,96052,买盘
332,14:39:21,12.97,-0.01,236,306092,卖盘
333,14:39:18,12.98,0.01,21,27258,买盘
334,14:39:12,12.97,-0.01,29,37613,卖盘
335,14:39:09,12.98,0.01,23,29854,买盘
336,14:39:06,12.97,-0.01,172,223084,卖盘
337,14:39:03,12.98,0.01,200,259600,买盘
338,14:39:00,12.97,--,1,1297,卖盘
339,14:38:57,12.97,-0.01,39,50583,卖盘
340,14:38:54,12.98,--,33,42834,买盘
341,14:38:51,12.98,0.01,63,81774,买盘
342,14:38:45,12.97,-0.01,459,595323,卖盘
343,14:38:42,12.98,--,101,131098,买盘
344,14:38:39,12.98,--,49,63602,买盘
345,14:38:36,12.98,0.01,319,414062,买盘
346,14:38:33,12.97,-0.01,498,645906,卖盘
347,14:38:30,12.98,--,285,369930,买盘
348,14:38:27,12.98,0.01,121,157058,买盘
349,14:38:24,12.97,-0.01,10,12970,卖盘
350,14:38:21,12.98,0.01,34,44132,买盘
351,14:38:18,12.97,--,8,10376,卖盘
352,14:38:15,12.97,--,58,75226,卖盘
353,14:38:12,12.97,-0.01,59,76523,卖盘
354,14:38:09,12.98,0.01,5,6490,买盘
355,14:38:06,12.97,--,12,15564,卖盘
356,14:38:03,12.97,--,220,285340,卖盘
357,14:38:00,12.97,--,5,6485,卖盘
358,14:37:57,12.97,--,5,6485,卖盘
359,14:37:54,12.97,-0.01,52,67444,卖盘
360,14:37:51,12.98,--,91,118118,买盘
361,14:37:48,12.98,0.01,5,6490,买盘
362,14:37:45,12.97,--,108,141113,卖盘
363,14:37:42,12.97,--,22,28534,卖盘
364,14:37:39,12.97,-0.01,70,90790,卖盘
365,14:37:36,12.98,--,8,10384,买盘
366,14:37:33,12.98,0.01,113,146674,买盘
367,14:37:30,12.97,-0.01,8,10376,卖盘
368,14:37:27,12.98,--,1,1298,买盘
369,14:37:24,12.98,--,10,12980,买盘
370,14:37:21,12.98,--,42,54516,买盘
371,14:37:18,12.98,0.01,78,101244,买盘
372,14:37:15,12.97,--,25,32425,卖盘
373,14:37:12,12.97,-0.01,22,28534,卖盘
374,14:37:09,12.98,0.01,219,284262,买盘
375,14:37:06,12.97,--,91,118027,卖盘
376,14:37:00,12.97,--,39,50583,卖盘
377,14:36:57,12.97,--,14,18158,卖盘
378,14:36:54,12.97,--,31,40207,卖盘
379,14:36:51,12.97,--,1,1297,卖盘
380,14:36:48,12.97,--,50,64850,卖盘
381,14:36:45,12.97,--,198,256806,卖盘
382,14:36:42,12.97,--,12,15564,卖盘
383,14:36:39,12.97,-0.01,8,10376,卖盘
384,14:36:36,12.98,--,70,90860,买盘
385,14:36:33,12.98,--,120,155760,买盘
386,14:36:30,12.98,0.01,20,25960,买盘
387,14:36:27,12.97,--,1,1297,卖盘
388,14:36:24,12.97,-0.01,43,55771,卖盘
389,14:36:21,12.98,0.01,29,37642,买盘
390,14:36:18,12.97,--,224,290528,卖盘
391,14:36:15,12.97,--,43,55771,卖盘
392,14:36:12,12.97,-0.01,66,85602,卖盘
393,14:36:09,12.98,0.01,32,41536,买盘
394,14:36:06,12.97,--,502,651197,买盘
395,14:36:03,12.97,--,143,185471,买盘
396,14:36:00,12.97,--,419,543443,买盘
397,14:35:54,12.97,--,93,120621,买盘
398,14:35:48,12.97,--,169,219193,买盘
399,14:35:45,12.97,0.01,10,12970,买盘
400,14:35:42,12.96,-0.01,33,42768,卖盘
401,14:35:39,12.97,0.01,28,36316,买盘
402,14:35:36,12.96,--,1,1296,卖盘
403,14:35:33,12.96,-0.01,171,221616,卖盘
404,14:35:30,12.97,0.01,190,246430,买盘
405,14:35:27,12.96,-0.01,1,1296,卖盘
406,14:35:24,12.97,--,67,86899,买盘
407,14:35:21,12.97,--,42,54474,买盘
408,14:35:18,12.97,--,27,35019,买盘
409,14:35:15,12.97,--,1,1297,买盘
410,14:35:12,12.97,--,51,66147,买盘
411,14:35:09,12.97,--,5,6485,买盘
412,14:35:06,12.97,--,246,319062,买盘
413,14:35:03,12.97,0.01,11,14267,买盘
414,14:34:57,12.96,--,10,12960,卖盘
415,14:34:54,12.96,-0.01,13,16848,卖盘
416,14:34:51,12.97,--,24,31128,买盘
417,14:34:48,12.97,0.01,118,153046,买盘
418,14:34:45,12.96,--,36,46656,卖盘
419,14:34:42,12.96,-0.01,21,27216,卖盘
420,14:34:39,12.97,--,25,32425,买盘
421,14:34:36,12.97,0.01,14,18158,买盘
422,14:34:33,12.96,--,224,290304,卖盘
423,14:34:30,12.96,-0.01,15,19440,卖盘
424,14:34:27,12.97,0.01,70,90790,买盘
425,14:34:24,12.96,--,303,392688,卖盘
426,14:34:21,12.96,--,3,3888,卖盘
427,14:34:15,12.96,-0.01,30,38880,卖盘
428,14:34:12,12.97,0.01,107,138779,买盘
429,14:34:09,12.96,--,9,11664,买盘
430,14:34:06,12.96,--,106,138140,卖盘
431,14:34:03,12.96,--,31,40176,卖盘
432,14:34:00,12.96,-0.01,1416,1835136,卖盘
433,14:33:57,12.97,0.01,19,24643,买盘
434,14:33:54,12.96,--,4,5184,卖盘
435,14:33:51,12.96,-0.01,452,585792,卖盘
436,14:33:48,12.97,0.01,51,66147,买盘
437,14:33:45,12.96,-0.01,28,36288,卖盘
438,14:33:42,12.97,--,5,6485,买盘
439,14:33:39,12.97,--,10,12970,买盘
440,14:33:36,12.97,0.01,10,12970,买盘
441,14:33:33,12.96,--,145,187920,卖盘
442,14:33:30,12.96,-0.01,539,698544,卖盘
443,14:33:27,12.97,--,70,90790,买盘
444,14:33:24,12.97,--,48,62256,买盘
445,14:33:21,12.97,--,133,172501,买盘
446,14:33:18,12.97,--,10,12970,买盘
447,14:33:15,12.97,0.01,114,147858,买盘
448,14:33:12,12.96,--,14,18144,卖盘
449,14:33:09,12.96,--,17,22032,卖盘
450,14:33:06,12.96,-0.01,30,38880,卖盘
451,14:33:03,12.97,--,57,73929,买盘
452,14:33:00,12.97,--,11,14267,买盘
453,14:32:57,12.97,0.01,10,12970,买盘
454,14:32:54,12.96,-0.01,1,1296,卖盘
455,14:32:51,12.97,--,56,72632,买盘
456,14:32:48,12.97,0.01,16,20752,买盘
457,14:32:45,12.96,-0.01,135,174960,卖盘
458,14:32:42,12.97,--,63,81711,买盘
459,14:32:39,12.97,0.01,11,14267,买盘
460,14:32:36,12.96,--,6,7776,卖盘
461,14:32:33,12.96,--,109,141264,卖盘
462,14:32:30,12.96,--,15,19440,卖盘
463,14:32:27,12.96,--,11,14256,卖盘
464,14:32:24,12.96,--,11,14256,卖盘
465,14:32:21,12.96,--,51,66096,卖盘
466,14:32:18,12.96,0.01,100,130131,买盘
467,14:32:15,12.95,--,196,253820,卖盘
468,14:32:12,12.95,-0.01,109,141155,卖盘
469,14:32:09,12.96,--,36,46656,买盘
470,14:32:06,12.96,--,64,82944,买盘
471,14:32:03,12.96,--,190,246240,买盘
472,14:32:00,12.96,--,312,404352,买盘
473,14:31:57,12.96,--,10,12960,买盘
474,14:31:54,12.96,--,92,119232,买盘
475,14:31:51,12.96,--,131,169776,买盘
476,14:31:48,12.96,--,62,80352,买盘
477,14:31:45,12.96,0.01,38,49248,买盘
478,14:31:42,12.95,-0.01,34,44030,卖盘
479,14:31:39,12.96,--,219,283824,买盘
480,14:31:36,12.96,--,68,88128,买盘
481,14:31:33,12.96,--,125,162000,买盘
482,14:31:30,12.96,--,26,33696,买盘
483,14:31:27,12.96,--,35,45360,买盘
484,14:31:24,12.96,--,25,32400,买盘
485,14:31:21,12.96,--,216,279936,买盘
486,14:31:18,12.96,--,7,9072,买盘
487,14:31:15,12.96,--,8,10368,买盘
488,14:31:12,12.96,0.01,281,364176,买盘
489,14:31:09,12.95,--,13,16835,卖盘
490,14:31:06,12.95,--,14,18130,卖盘
491,14:31:03,12.95,-0.01,8,10360,卖盘
492,14:31:00,12.96,0.01,15,19440,买盘
493,14:30:54,12.95,--,6,7770,卖盘
494,14:30:51,12.95,--,6,7770,卖盘
495,14:30:48,12.95,-0.01,5,6475,卖盘
496,14:30:45,12.96,0.01,103,133488,买盘
497,14:30:42,12.95,--,3,3885,卖盘
498,14:30:39,12.95,--,63,81585,买盘
499,14:30:36,12.95,--,23,29785,买盘
500,14:30:33,12.95,--,113,146335,卖盘
501,14:30:30,12.95,-0.01,80,103600,卖盘
502,14:30:27,12.96,0.01,6,7776,买盘
503,14:30:24,12.95,--,5,6475,卖盘
504,14:30:21,12.95,--,1,1295,卖盘
505,14:30:18,12.95,--,24,31080,买盘
506,14:30:12,12.95,0.01,7,9065,中性盘
507,14:30:09,12.94,-0.02,141,182454,卖盘
508,14:30:06,12.96,0.02,105,136080,买盘
509,14:30:03,12.94,-0.01,48,62112,卖盘
510,14:30:00,12.95,--,52,67340,买盘
511,14:29:57,12.95,--,11,14245,买盘
512,14:29:54,12.95,--,118,152810,卖盘
513,14:29:51,12.95,-0.01,104,134680,卖盘
514,14:29:48,12.96,--,33,42768,买盘
515,14:29:45,12.96,--,6,7776,买盘
516,14:29:42,12.96,--,10,12960,买盘
517,14:29:39,12.96,--,53,68688,买盘
518,14:29:36,12.96,0.01,473,613008,买盘
519,14:29:33,12.95,--,115,148925,卖盘
520,14:29:30,12.95,--,103,133385,卖盘
521,14:29:27,12.95,--,1,1295,卖盘
522,14:29:24,12.95,--,39,50505,卖盘
523,14:29:21,12.95,-0.01,85,110075,卖盘
524,14:29:18,12.96,0.01,28,36288,买盘
525,14:29:15,12.95,--,88,113960,卖盘
526,14:29:12,12.95,-0.01,4,5180,卖盘
527,14:29:09,12.96,--,121,156816,买盘
528,14:29:06,12.96,--,497,644112,买盘
529,14:29:03,12.96,--,47,60912,买盘
530,14:29:00,12.96,--,45,58320,买盘
531,14:28:57,12.96,--,12,15552,买盘
532,14:28:54,12.96,--,102,132192,买盘
533,14:28:51,12.96,--,55,71280,买盘
534,14:28:48,12.96,--,47,60912,买盘
535,14:28:45,12.96,--,9,11664,买盘
536,14:28:42,12.96,--,90,116640,买盘
537,14:28:39,12.96,0.01,68,88128,买盘
538,14:28:36,12.95,--,6,7770,卖盘
539,14:28:33,12.95,--,136,176120,卖盘
540,14:28:27,12.95,--,422,546490,买盘
541,14:28:24,12.95,0.01,3,3885,买盘
542,14:28:21,12.94,--,20,25880,卖盘
543,14:28:15,12.94,--,736,952823,买盘
544,14:28:12,12.94,--,75,97050,买盘
545,14:28:09,12.94,--,100,129400,买盘
546,14:28:06,12.94,--,79,102226,买盘
547,14:28:03,12.94,--,380,491720,买盘
548,14:28:00,12.94,--,50,64700,买盘
549,14:27:57,12.94,--,10,12940,买盘
550,14:27:51,12.94,--,91,117754,买盘
551,14:27:48,12.94,0.01,210,271740,买盘
552,14:27:42,12.93,--,100,129300,买盘
553,14:27:39,12.93,--,625,808125,买盘
554,14:27:36,12.93,0.01,128,165504,买盘
555,14:27:33,12.92,--,115,148580,卖盘
556,14:27:30,12.92,-0.01,178,229976,卖盘
557,14:27:27,12.93,0.01,39,50427,买盘
558,14:27:21,12.92,--,26,33592,卖盘
559,14:27:18,12.92,--,8,10336,卖盘
560,14:27:15,12.92,--,45,58140,卖盘
561,14:27:12,12.92,--,24,31008,买盘
562,14:27:09,12.92,0.01,139,179588,买盘
563,14:27:06,12.91,--,48,61968,卖盘
564,14:27:03,12.91,-0.01,49,63259,卖盘
565,14:27:00,12.92,0.01,55,71060,买盘
566,14:26:57,12.91,-0.01,97,125227,卖盘
567,14:26:54,12.92,0.01,101,130492,买盘
568,14:26:51,12.91,--,44,56804,卖盘
569,14:26:48,12.91,--,47,60677,卖盘
570,14:26:45,12.91,-0.01,75,96825,卖盘
571,14:26:42,12.92,0.01,79,102068,买盘
572,14:26:39,12.91,--,211,272401,卖盘
573,14:26:36,12.91,-0.01,7,9037,卖盘
574,14:26:33,12.92,0.01,172,222224,买盘
575,14:26:30,12.91,--,34,43894,卖盘
576,14:26:27,12.91,-0.01,1,1291,卖盘
577,14:26:24,12.92,0.01,6,7752,买盘
578,14:26:21,12.91,0.01,5,6455,中性盘
579,14:26:18,12.9,-0.02,207,267030,卖盘
580,14:26:15,12.92,0.01,58,74936,买盘
581,14:26:12,12.91,-0.01,90,116190,中性盘
582,14:26:06,12.92,0.01,43,55556,买盘
583,14:26:03,12.91,--,112,144592,买盘
584,14:26:00,12.91,-0.01,30,38730,卖盘
585,14:25:57,12.92,0.01,238,307496,买盘
586,14:25:54,12.91,-0.01,55,71005,卖盘
587,14:25:51,12.92,0.01,9,11628,卖盘
588,14:25:48,12.91,--,205,264655,卖盘
589,14:25:45,12.91,--,85,109735,卖盘
590,14:25:42,12.91,-0.01,39,50349,卖盘
591,14:25:39,12.92,0.01,1,1292,买盘
592,14:25:36,12.91,--,230,296930,卖盘
593,14:25:33,12.91,--,125,161375,卖盘
594,14:25:27,12.91,-0.02,29,37439,卖盘
595,14:25:24,12.93,--,82,106026,买盘
596,14:25:21,12.93,0.02,11,14223,买盘
597,14:25:18,12.91,-0.01,311,401501,卖盘
598,14:25:15,12.92,--,21,27132,卖盘
599,14:25:12,12.92,-0.01,100,129200,卖盘
600,14:25:09,12.93,--,54,69822,买盘
601,14:25:06,12.93,0.01,90,116370,买盘
602,14:25:03,12.92,-0.01,220,284240,卖盘
603,14:25:00,12.93,-0.01,1067,1379631,卖盘
604,14:24:57,12.94,--,228,295032,买盘
605,14:24:54,12.94,--,5008,6480352,买盘
606,14:24:51,12.94,--,4,5176,买盘
607,14:24:48,12.94,--,103,133282,买盘
608,14:24:45,12.94,--,68,87992,买盘
609,14:24:42,12.94,--,28,36232,买盘
610,14:24:39,12.94,--,207,267858,买盘
611,14:24:36,12.94,--,1,1294,买盘
612,14:24:33,12.94,0.01,118,152692,买盘
613,14:24:30,12.93,--,401,518493,买盘
614,14:24:27,12.93,--,120,155160,买盘
615,14:24:24,12.93,--,21,27153,买盘
616,14:24:21,12.93,--,99,128007,买盘
617,14:24:18,12.93,--,256,331008,买盘
618,14:24:15,12.93,--,58,74994,买盘
619,14:24:12,12.93,--,31,40083,买盘
620,14:24:09,12.93,--,19,24567,买盘
621,14:24:06,12.93,--,51,65943,买盘
622,14:24:03,12.93,--,8,10344,买盘
623,14:24:00,12.93,0.01,362,468066,买盘
624,14:23:57,12.92,-0.01,716,925072,卖盘
625,14:23:54,12.93,--,21,27153,买盘
626,14:23:51,12.93,--,25,32325,买盘
627,14:23:48,12.93,0.01,420,543060,买盘
628,14:23:45,12.92,-0.01,26,33592,卖盘
629,14:23:42,12.93,--,29,37497,买盘
630,14:23:39,12.93,--,215,277995,买盘
631,14:23:36,12.93,--,85,109905,买盘
632,14:23:33,12.93,--,175,226275,买盘
633,14:23:30,12.93,0.01,102,131886,买盘
634,14:23:27,12.92,--,37,47804,卖盘
635,14:23:24,12.92,-0.01,130,167960,卖盘
636,14:23:21,12.93,--,183,236619,买盘
637,14:23:18,12.93,0.01,373,482289,买盘
638,14:23:15,12.92,-0.01,58,74936,卖盘
639,14:23:12,12.93,--,59,76287,买盘
640,14:23:09,12.93,--,501,647793,买盘
641,14:23:06,12.93,--,6,7758,买盘
642,14:23:03,12.93,0.01,71,91803,买盘
643,14:23:00,12.92,--,15,19380,卖盘
644,14:22:57,12.92,--,206,266152,卖盘
645,14:22:54,12.92,0.01,548,708016,买盘
646,14:22:51,12.91,--,3,3873,卖盘
647,14:22:48,12.91,--,30,38730,卖盘
648,14:22:45,12.91,--,20,25820,卖盘
649,14:22:42,12.91,--,42,54222,卖盘
650,14:22:39,12.91,--,57,73587,卖盘
651,14:22:36,12.91,--,206,265946,卖盘
652,14:22:33,12.91,-0.01,139,179449,卖盘
653,14:22:30,12.92,--,229,295868,买盘
654,14:22:27,12.92,--,8,10336,买盘
655,14:22:24,12.92,--,10,12920,买盘
656,14:22:21,12.92,0.01,113,145996,买盘
657,14:22:18,12.91,-0.01,227,293057,卖盘
658,14:22:15,12.92,0.01,5,6460,买盘
659,14:22:12,12.91,--,49,63259,卖盘
660,14:22:09,12.91,-0.01,16,20656,卖盘
661,14:22:06,12.92,0.01,86,111112,买盘
662,14:22:03,12.91,-0.02,28,36148,卖盘
663,14:22:00,12.93,0.01,69,89217,买盘
664,14:21:57,12.92,--,271,350132,买盘
665,14:21:54,12.92,--,274,354008,卖盘
666,14:21:51,12.92,--,24,31008,买盘
667,14:21:48,12.92,0.01,127,164084,买盘
668,14:21:45,12.91,-0.01,10,12910,卖盘
669,14:21:42,12.92,--,44,56848,买盘
670,14:21:39,12.92,--,33,42636,买盘
671,14:21:36,12.92,0.01,33,42636,买盘
672,14:21:33,12.91,--,771,995361,卖盘
673,14:21:30,12.91,-0.01,803,1036673,卖盘
674,14:21:27,12.92,0.01,7,9044,买盘
675,14:21:24,12.91,--,14,18074,卖盘
676,14:21:21,12.91,--,3,3873,卖盘
677,14:21:18,12.91,--,34,43894,卖盘
678,14:21:12,12.91,--,539,695849,卖盘
679,14:21:09,12.91,--,55,71443,买盘
680,14:21:06,12.91,--,120,154920,买盘
681,14:21:03,12.91,--,84,109296,卖盘
682,14:21:00,12.91,--,174,225072,买盘
683,14:20:57,12.91,--,79,101989,买盘
684,14:20:54,12.91,0.01,257,331787,买盘
685,14:20:51,12.9,-0.01,3,3870,卖盘
686,14:20:48,12.91,0.01,106,136846,买盘
687,14:20:45,12.9,--,58,74820,卖盘
688,14:20:42,12.9,--,22,28805,买盘
689,14:20:39,12.9,-0.01,196,253704,卖盘
690,14:20:36,12.91,0.02,146,188912,买盘
691,14:20:33,12.89,-0.01,226,291314,卖盘
692,14:20:30,12.9,-0.01,743,959360,卖盘
693,14:20:27,12.91,0.01,15,19365,买盘
694,14:20:24,12.9,--,3,3870,卖盘
695,14:20:21,12.9,0.01,140,180999,买盘
696,14:20:18,12.89,-0.01,243,313227,卖盘
697,14:20:15,12.9,--,25,32250,买盘
698,14:20:12,12.9,--,190,245100,买盘
699,14:20:09,12.9,0.01,113,145770,买盘
700,14:20:06,12.89,-0.01,672,867097,卖盘
701,14:20:03,12.9,0.01,379,489309,买盘
702,14:20:00,12.89,-0.01,76,97964,卖盘
703,14:19:57,12.9,-0.01,226,291540,卖盘
704,14:19:54,12.91,0.02,156,201396,买盘
705,14:19:51,12.89,--,280,360920,卖盘
706,14:19:48,12.89,--,146,188194,卖盘
707,14:19:45,12.89,--,61,78629,卖盘
708,14:19:42,12.89,-0.01,209,269401,卖盘
709,14:19:39,12.9,--,121,156090,买盘
710,14:19:36,12.9,0.01,40,51600,买盘
711,14:19:33,12.89,-0.01,226,291314,卖盘
712,14:19:30,12.9,0.01,124,159960,买盘
713,14:19:24,12.89,--,2,2578,卖盘
714,14:19:21,12.89,--,12,15468,卖盘
715,14:19:18,12.89,0.01,413,532357,买盘
716,14:19:15,12.88,--,11,14168,卖盘
717,14:19:12,12.88,--,240,309120,卖盘
718,14:19:09,12.88,-0.01,62,79856,卖盘
719,14:19:06,12.89,0.01,5,6445,买盘
720,14:19:03,12.88,--,101,130088,卖盘
721,14:19:00,12.88,-0.01,12,15456,卖盘
722,14:18:57,12.89,0.01,61,78629,买盘
723,14:18:54,12.88,--,92,118496,卖盘
724,14:18:51,12.88,--,119,153272,卖盘
725,14:18:48,12.88,--,10,14000,买盘
726,14:18:45,12.88,--,55,70840,买盘
727,14:18:42,12.88,--,72,92736,买盘
728,14:18:39,12.88,--,381,490895,卖盘
729,14:18:33,12.88,--,156,202048,买盘
730,14:18:30,12.88,0.01,593,763784,买盘
731,14:18:27,12.87,-0.01,13,16731,卖盘
732,14:18:21,12.88,--,79,101752,卖盘
733,14:18:18,12.88,--,61,78568,买盘
734,14:18:15,12.88,0.01,67,86296,买盘
735,14:18:12,12.87,-0.01,266,342342,卖盘
736,14:18:09,12.88,--,297,382536,买盘
737,14:18:06,12.88,--,99,127512,买盘
738,14:18:03,12.88,-0.01,67,86296,卖盘
739,14:18:00,12.89,--,112,144368,买盘
740,14:17:54,12.89,--,102,131478,买盘
741,14:17:51,12.89,0.03,189,243621,买盘
742,14:17:48,12.86,-0.01,224,288064,卖盘
743,14:17:45,12.87,-0.01,680,875160,卖盘
744,14:17:42,12.88,--,37,47656,买盘
745,14:17:39,12.88,--,3,3864,买盘
746,14:17:36,12.88,--,77,99176,买盘
747,14:17:33,12.88,-0.01,166,213808,卖盘
748,14:17:30,12.89,--,662,853318,买盘
749,14:17:27,12.89,--,201,259089,买盘
750,14:17:24,12.89,--,5,6445,买盘
751,14:17:21,12.89,--,41,52849,买盘
752,14:17:18,12.89,0.01,167,215263,买盘
753,14:17:15,12.88,--,11,14168,卖盘
754,14:17:12,12.88,0.01,108,139104,卖盘
755,14:17:09,12.87,-0.01,222,285714,卖盘
756,14:17:06,12.88,-0.01,30,38640,卖盘
757,14:17:03,12.89,0.01,3,3867,买盘
758,14:17:00,12.88,0.02,32,41216,买盘
759,14:16:57,12.86,-0.01,78,100308,卖盘
760,14:16:54,12.87,--,68,87516,买盘
761,14:16:51,12.87,--,26,33462,买盘
762,14:16:48,12.87,0.01,613,788931,买盘
763,14:16:45,12.86,--,20,25720,卖盘
764,14:16:42,12.86,0.01,200,257200,卖盘
765,14:16:39,12.85,--,2,2570,卖盘
766,14:16:36,12.85,--,88,113080,卖盘
767,14:16:33,12.85,--,185,237725,卖盘
768,14:16:30,12.85,--,480,616992,买盘
769,14:16:27,12.85,--,456,585960,买盘
770,14:16:24,12.85,--,583,749155,买盘
771,14:16:21,12.85,0.01,94,120790,买盘
772,14:16:18,12.84,-0.01,952,1223459,卖盘
773,14:16:15,12.85,--,15,19275,卖盘
774,14:16:12,12.85,--,147,189087,买盘
775,14:16:09,12.85,0.01,576,740160,买盘
776,14:16:06,12.84,-0.01,1687,2166108,卖盘
777,14:16:03,12.85,0.02,2,2570,买盘
778,14:16:00,12.83,-0.01,472,605576,卖盘
779,14:15:57,12.84,-0.01,333,428663,卖盘
780,14:15:54,12.85,0.01,40,51592,买盘
781,14:15:51,12.84,--,1246,1599864,卖盘
782,14:15:48,12.84,--,164,210576,卖盘
783,14:15:45,12.84,-0.01,347,445548,卖盘
784,14:15:42,12.85,0.01,442,567970,买盘
785,14:15:39,12.84,-0.01,603,774252,卖盘
786,14:15:36,12.85,--,60,77100,买盘
787,14:15:33,12.85,0.01,173,222305,买盘
788,14:15:30,12.84,-0.01,353,453252,卖盘
789,14:15:27,12.85,--,18,23130,买盘
790,14:15:24,12.85,0.01,182,233870,买盘
791,14:15:21,12.84,-0.01,125,160500,卖盘
792,14:15:18,12.85,0.01,62,79670,买盘
793,14:15:15,12.84,--,78,100152,卖盘
794,14:15:12,12.84,-0.01,22,28248,卖盘
795,14:15:09,12.85,--,178,228730,买盘
796,14:15:06,12.85,-0.02,2354,3024890,卖盘
797,14:15:03,12.87,-0.01,48,61775,卖盘
798,14:15:00,12.88,--,141,181608,买盘
799,14:14:57,12.88,--,3,3864,买盘
800,14:14:54,12.88,0.01,52,66976,卖盘
801,14:14:51,12.87,-0.01,216,277992,卖盘
802,14:14:48,12.88,0.01,28,36064,买盘
803,14:14:45,12.87,--,19,24453,卖盘
804,14:14:39,12.87,-0.01,11,14157,中性盘
805,14:14:36,12.88,0.01,151,194488,买盘
806,14:14:33,12.87,--,122,157014,买盘
807,14:14:30,12.87,--,188,241955,卖盘
808,14:14:27,12.87,-0.01,4,5148,卖盘
809,14:14:24,12.88,0.01,14,18032,买盘
810,14:14:21,12.87,--,70,90090,卖盘
811,14:14:18,12.87,-0.01,72,92664,卖盘
812,14:14:15,12.88,-0.01,13,16744,卖盘
813,14:14:12,12.89,0.02,65,83785,买盘
814,14:14:09,12.87,--,240,308880,买盘
815,14:14:06,12.87,--,42,54054,买盘
816,14:14:03,12.87,--,24,30887,买盘
817,14:14:00,12.87,--,2329,2997423,买盘
818,14:13:57,12.87,0.01,63,81081,买盘
819,14:13:54,12.86,-0.01,278,357508,卖盘
820,14:13:51,12.87,--,67,86229,买盘
821,14:13:48,12.87,--,46,59202,卖盘
822,14:13:45,12.87,-0.01,294,378378,卖盘
823,14:13:42,12.88,0.01,43,55384,买盘
824,14:13:39,12.87,-0.01,219,281853,中性盘
825,14:13:36,12.88,0.01,381,490728,买盘
826,14:13:33,12.87,--,359,462033,卖盘
827,14:13:30,12.87,--,30,38610,卖盘
828,14:13:27,12.87,--,66,84942,卖盘
829,14:13:24,12.87,--,116,149292,卖盘
830,14:13:21,12.87,0.02,71,91377,卖盘
831,14:13:18,12.85,-0.02,85,109225,卖盘
832,14:13:15,12.87,0.01,72,92664,买盘
833,14:13:12,12.86,--,81,104166,卖盘
834,14:13:09,12.86,0.02,95,122170,中性盘
835,14:13:06,12.84,-0.02,269,345396,卖盘
836,14:13:03,12.86,0.01,168,216048,买盘
837,14:13:00,12.85,0.01,218,280130,买盘
838,14:12:57,12.84,-0.01,1105,1418820,中性盘
839,14:12:54,12.85,0.01,948,1218180,买盘
840,14:12:51,12.84,--,328,421152,买盘
841,14:12:48,12.84,0.01,212,272208,买盘
842,14:12:45,12.83,--,155,198865,卖盘
843,14:12:42,12.83,0.01,64,82779,卖盘
844,14:12:39,12.82,-0.01,301,385882,卖盘
845,14:12:36,12.83,--,424,544210,卖盘
846,14:12:33,12.83,--,611,783913,卖盘
847,14:12:30,12.83,-0.01,94,120602,卖盘
848,14:12:27,12.84,--,76,97584,买盘
849,14:12:24,12.84,0.01,423,543132,中性盘
850,14:12:21,12.83,-0.01,134,171922,卖盘
851,14:12:18,12.84,0.02,1211,1554924,买盘
852,14:12:15,12.82,-0.03,4159,5331838,卖盘
853,14:12:12,12.85,--,143,183755,买盘
854,14:12:09,12.85,--,24,30840,买盘
855,14:12:06,12.85,-0.01,1130,1452050,卖盘
856,14:12:03,12.86,0.01,386,496396,买盘
857,14:12:00,12.85,--,496,637360,卖盘
858,14:11:57,12.85,-0.01,875,1124375,卖盘
859,14:11:54,12.86,--,85,109310,买盘
860,14:11:51,12.86,0.01,44,56584,买盘
861,14:11:48,12.85,-0.01,1848,2374680,卖盘
862,14:11:45,12.86,--,125,160750,卖盘
863,14:11:42,12.86,-0.01,20,25720,卖盘
864,14:11:39,12.87,-0.02,2778,3575286,卖盘
865,14:11:36,12.89,--,287,369943,买盘
866,14:11:33,12.89,--,449,578761,买盘
867,14:11:30,12.89,0.01,5,6445,买盘
868,14:11:27,12.88,-0.01,102,131376,卖盘
869,14:11:24,12.89,-0.01,3063,3948207,卖盘
870,14:11:21,12.9,--,130,167700,买盘
871,14:11:18,12.9,--,161,207690,买盘
872,14:11:15,12.9,--,677,873330,买盘
873,14:11:12,12.9,--,132,170280,买盘
874,14:11:09,12.9,--,384,496211,卖盘
875,14:11:06,12.9,--,59,76548,卖盘
876,14:11:03,12.9,--,18,23220,卖盘
877,14:11:00,12.9,--,77,99330,卖盘
878,14:10:57,12.9,--,771,994590,卖盘
879,14:10:54,12.9,--,51,65790,卖盘
880,14:10:51,12.9,--,124,159960,卖盘
881,14:10:48,12.9,-0.01,111,143190,卖盘
882,14:10:45,12.91,0.01,45,58095,买盘
883,14:10:42,12.9,--,63,81270,卖盘
884,14:10:39,12.9,--,11,14190,卖盘
885,14:10:36,12.9,0.01,79,101910,中性盘
886,14:10:33,12.89,-0.01,254,327406,卖盘
887,14:10:30,12.9,--,83,107070,买盘
888,14:10:27,12.9,--,264,340560,买盘
889,14:10:24,12.9,--,55,70950,买盘
890,14:10:21,12.9,--,25,32250,买盘
891,14:10:18,12.9,--,222,286380,买盘
892,14:10:15,12.9,--,196,252840,买盘
893,14:10:12,12.9,--,52,67080,买盘
894,14:10:09,12.9,--,60,77400,买盘
895,14:10:06,12.9,-0.02,1417,1827930,卖盘
896,14:10:03,12.92,0.01,133,171836,买盘
897,14:10:00,12.91,0.01,70,90370,中性盘
898,14:09:57,12.9,-0.01,1437,1853730,卖盘
899,14:09:54,12.91,--,36,46476,买盘
900,14:09:51,12.91,0.01,546,704886,买盘
901,14:09:48,12.9,-0.01,109,140610,卖盘
902,14:09:45,12.91,--,67,86497,买盘
903,14:09:42,12.91,0.01,209,269819,买盘
904,14:09:39,12.9,--,151,194790,卖盘
905,14:09:36,12.9,-0.01,80,103200,卖盘
906,14:09:33,12.91,0.01,939,1212249,买盘
907,14:09:30,12.9,-0.01,188,242520,卖盘
908,14:09:27,12.91,--,64,82624,买盘
909,14:09:24,12.91,--,54,69714,买盘
910,14:09:21,12.91,0.01,11,14201,买盘
911,14:09:18,12.9,-0.01,70,90300,卖盘
912,14:09:15,12.91,0.01,185,238835,买盘
913,14:09:12,12.9,-0.01,490,632100,卖盘
914,14:09:09,12.91,0.01,34,43894,买盘
915,14:09:06,12.9,-0.02,32,41280,卖盘
916,14:09:03,12.92,--,54,69768,买盘
917,14:09:00,12.92,0.02,47,60724,买盘
918,14:08:57,12.9,--,115,148350,卖盘
919,14:08:54,12.9,-0.02,188,242520,卖盘
920,14:08:51,12.92,0.02,316,408272,买盘
921,14:08:48,12.9,--,64,82560,卖盘
922,14:08:45,12.9,--,228,295345,卖盘
923,14:08:42,12.9,--,33,42570,卖盘
924,14:08:39,12.9,-0.02,33,42570,卖盘
925,14:08:36,12.92,0.01,58,74936,卖盘
926,14:08:33,12.91,-0.01,260,335660,卖盘
927,14:08:30,12.92,--,6,7752,卖盘
928,14:08:27,12.92,--,177,228684,买盘
929,14:08:24,12.92,--,10009,12932312,卖盘
930,14:08:21,12.92,-0.02,41,52972,卖盘
931,14:08:18,12.94,0.01,26,33644,买盘
932,14:08:15,12.93,0.01,122,157746,买盘
933,14:08:12,12.92,-0.01,12,15504,卖盘
934,14:08:09,12.93,0.01,7,9051,买盘
935,14:08:03,12.92,-0.01,102,131784,卖盘
936,14:08:00,12.93,0.01,20,25860,中性盘
937,14:07:54,12.92,--,66,85272,卖盘
938,14:07:51,12.92,--,134,173128,卖盘
939,14:07:45,12.92,-0.02,1419,1833348,卖盘
940,14:07:42,12.94,0.02,611,790634,买盘
941,14:07:39,12.92,-0.01,16,20672,卖盘
942,14:07:36,12.93,--,65,84045,买盘
943,14:07:33,12.93,0.01,243,314199,买盘
944,14:07:30,12.92,-0.01,42,54264,卖盘
945,14:07:27,12.93,-0.01,1430,1848990,卖盘
946,14:07:24,12.94,-0.01,3,3882,卖盘
947,14:07:21,12.95,0.01,34,44030,买盘
948,14:07:18,12.94,-0.01,28,36232,卖盘
949,14:07:15,12.95,0.01,20,25900,买盘
950,14:07:12,12.94,--,13,16822,卖盘
951,14:07:09,12.94,-0.01,95,123952,卖盘
952,14:07:06,12.95,-0.01,320,414400,卖盘
953,14:07:03,12.96,--,16,20736,买盘
954,14:07:00,12.96,--,54,70256,买盘
955,14:06:57,12.96,--,10,12960,买盘
956,14:06:54,12.96,--,20,25920,买盘
957,14:06:51,12.96,0.01,5,6480,买盘
958,14:06:45,12.95,0.01,5,6475,中性盘
959,14:06:42,12.94,-0.02,2,2588,卖盘
960,14:06:39,12.96,0.02,171,221616,买盘
961,14:06:36,12.94,--,96,124224,买盘
962,14:06:33,12.94,--,267,345498,买盘
963,14:06:30,12.94,-0.02,1698,2198247,卖盘
964,14:06:27,12.96,--,11,14256,卖盘
965,14:06:24,12.96,--,7,9072,卖盘
966,14:06:21,12.96,--,212,275011,买盘
967,14:06:18,12.96,0.01,4,5184,买盘
968,14:06:15,12.95,--,20,25900,卖盘
969,14:06:12,12.95,--,575,744625,卖盘
970,14:06:09,12.95,0.01,1316,1704220,买盘
971,14:06:06,12.94,--,2,2588,卖盘
972,14:06:03,12.94,--,32,41408,卖盘
973,14:06:00,12.94,--,13,16822,卖盘
974,14:05:57,12.94,0.01,17,21998,买盘
975,14:05:54,12.93,-0.01,142,183606,卖盘
976,14:05:51,12.94,--,16,20704,中性盘
977,14:05:48,12.94,--,116,150104,买盘
978,14:05:45,12.94,-0.01,54,69876,卖盘
979,14:05:42,12.95,0.02,482,624190,买盘
980,14:05:39,12.93,-0.01,35,45255,卖盘
981,14:05:36,12.94,0.01,733,948502,买盘
982,14:05:33,12.93,-0.01,253,327129,卖盘
983,14:05:30,12.94,0.01,141,182454,买盘
984,14:05:27,12.93,--,28,36204,卖盘
985,14:05:24,12.93,-0.01,467,603831,卖盘
986,14:05:21,12.94,--,48,62112,买盘
987,14:05:18,12.94,--,22,28468,买盘
988,14:05:15,12.94,0.01,56,72464,买盘
989,14:05:12,12.93,--,223,288339,卖盘
990,14:05:09,12.93,--,38,49134,卖盘
991,14:05:06,12.93,--,56,72408,卖盘
992,14:05:03,12.93,--,41,53013,卖盘
993,14:05:00,12.93,-0.01,35,45255,卖盘
994,14:04:57,12.94,0.01,218,282583,买盘
995,14:04:54,12.93,-0.01,78,101047,卖盘
996,14:04:51,12.94,--,17,21998,买盘
997,14:04:48,12.94,--,46,59524,买盘
998,14:04:45,12.94,--,9,11646,买盘
999,14:04:42,12.94,--,700,905800,卖盘
1000,14:04:39,12.94,--,5,6470,卖盘
1001,14:04:36,12.94,0.02,71,91874,买盘
1002,14:04:33,12.92,-0.02,384,496128,卖盘
1003,14:04:30,12.94,--,1,1294,卖盘
1004,14:04:27,12.94,-0.01,14,18116,卖盘
1005,14:04:24,12.95,0.03,46,59570,买盘
1006,14:04:21,12.92,-0.03,307,396644,卖盘
1007,14:04:18,12.95,0.02,44,56980,买盘
1008,14:04:12,12.93,0.01,75,96975,买盘
1009,14:04:09,12.92,-0.02,64,82688,卖盘
1010,14:04:06,12.94,0.02,196,253624,买盘
1011,14:04:03,12.92,--,32,41344,卖盘
1012,14:04:00,12.92,--,44,56848,卖盘
1013,14:03:57,12.92,--,520,671840,卖盘
1014,14:03:54,12.92,--,557,719644,卖盘
1015,14:03:51,12.92,--,42,54264,卖盘
1016,14:03:48,12.92,-0.01,145,187340,卖盘
1017,14:03:45,12.93,0.01,73,94389,卖盘
1018,14:03:42,12.92,-0.01,907,1171844,卖盘
1019,14:03:39,12.93,-0.01,88,113784,卖盘
1020,14:03:36,12.94,0.01,4,5176,买盘
1021,14:03:33,12.93,-0.01,257,332301,卖盘
1022,14:03:30,12.94,0.01,19,24586,买盘
1023,14:03:27,12.93,--,2,2586,卖盘
1024,14:03:24,12.93,-0.01,559,722787,卖盘
1025,14:03:21,12.94,--,77,99638,卖盘
1026,14:03:18,12.94,--,708,916152,卖盘
1027,14:03:15,12.94,0.01,201,260702,买盘
1028,14:03:12,12.93,-0.01,32,41376,卖盘
1029,14:03:06,12.94,--,76,98771,卖盘
1030,14:03:03,12.94,--,83,107402,卖盘
1031,14:03:00,12.94,--,100,129400,卖盘
1032,14:02:54,12.94,--,36,46584,卖盘
1033,14:02:51,12.94,--,162,210494,卖盘
1034,14:02:48,12.94,--,138,178572,卖盘
1035,14:02:45,12.94,-0.01,30,38820,卖盘
1036,14:02:42,12.95,--,13,16835,买盘
1037,14:02:39,12.95,--,37,47915,买盘
1038,14:02:36,12.95,--,549,710955,卖盘
1039,14:02:33,12.95,--,434,562030,卖盘
1040,14:02:30,12.95,-0.01,166,214970,卖盘
1041,14:02:27,12.96,--,94,122005,卖盘
1042,14:02:24,12.96,--,59,76464,卖盘
1043,14:02:21,12.96,--,192,248832,卖盘
1044,14:02:18,12.96,--,115,149040,卖盘
1045,14:02:15,12.96,--,39,51230,卖盘
1046,14:02:12,12.96,--,31,40176,卖盘
1047,14:02:09,12.96,--,400,518400,卖盘
1048,14:02:06,12.96,--,1,1296,卖盘
1049,14:02:03,12.96,-0.01,20,25920,卖盘
1050,14:01:57,12.97,--,8,10376,卖盘
1051,14:01:54,12.97,0.01,1,1297,买盘
1052,14:01:51,12.96,-0.02,929,1203984,卖盘
1053,14:01:45,12.98,--,163,211574,买盘
1054,14:01:42,12.98,0.01,102,132396,买盘
1055,14:01:39,12.97,--,20,25940,卖盘
1056,14:01:36,12.97,-0.01,10,12970,卖盘
1057,14:01:33,12.98,0.01,290,376420,买盘
1058,14:01:30,12.97,-0.01,67,86899,卖盘
1059,14:01:27,12.98,--,4,5192,买盘
1060,14:01:24,12.98,--,10,12980,买盘
1061,14:01:18,12.98,0.01,120,155760,买盘
1062,14:01:15,12.97,-0.01,11,14318,卖盘
1063,14:01:09,12.98,-0.01,217,281678,卖盘
1064,14:01:06,12.99,0.01,6,7794,买盘
1065,14:01:03,12.98,--,42,54516,卖盘
1066,14:01:00,12.98,-0.01,200,259600,卖盘
1067,14:00:57,12.99,0.01,22,28578,买盘
1068,14:00:54,12.98,-0.01,11,15563,卖盘
1069,14:00:51,12.99,--,3,3897,买盘
1070,14:00:48,12.99,0.01,37,48063,买盘
1071,14:00:45,12.98,--,24,31152,卖盘
1072,14:00:42,12.98,0.01,43,55814,买盘
1073,14:00:39,12.97,-0.02,894,1159518,卖盘
1074,14:00:36,12.99,0.02,104,135096,买盘
1075,14:00:33,12.97,-0.02,234,304730,卖盘
1076,14:00:30,12.99,--,20,25980,买盘
1077,14:00:27,12.99,--,42,54558,买盘
1078,14:00:21,12.99,0.01,2,2598,买盘
1079,14:00:18,12.98,--,40,51920,卖盘
1080,14:00:12,12.98,--,120,155760,卖盘
1081,14:00:09,12.98,--,4,5192,卖盘
1082,14:00:06,12.98,--,190,246620,卖盘
1083,14:00:03,12.98,-0.01,61,79178,卖盘
1084,14:00:00,12.99,0.01,25,32475,买盘
1085,13:59:57,12.98,-0.01,1,1298,卖盘
1086,13:59:54,12.99,0.01,40,51960,买盘
1087,13:59:51,12.98,--,21,27258,卖盘
1088,13:59:45,12.98,0.01,1,1298,卖盘
1089,13:59:42,12.97,--,50,64953,买盘
1090,13:59:39,12.97,0.01,12,15564,买盘
1091,13:59:36,12.96,-0.01,6,7776,卖盘
1092,13:59:33,12.97,-0.01,211,274860,卖盘
1093,13:59:30,12.98,-0.02,14,18172,中性盘
1094,13:59:27,13.0,0.01,45,58500,买盘
1095,13:59:21,12.99,0.02,3059,3974719,买盘
1096,13:59:18,12.97,--,40,51880,卖盘
1097,13:59:15,12.97,--,40,51880,卖盘
1098,13:59:12,12.97,--,45,58689,卖盘
1099,13:59:09,12.97,-0.01,95,123215,卖盘
1100,13:59:06,12.98,0.01,101,131098,买盘
1101,13:59:03,12.97,--,20,25940,卖盘
1102,13:58:54,12.97,--,10,12970,卖盘
1103,13:58:45,12.97,0.01,111,144265,买盘
1104,13:58:42,12.96,-0.01,98,127008,卖盘
1105,13:58:39,12.97,--,1,1297,买盘
1106,13:58:36,12.97,0.01,55,71335,买盘
1107,13:58:33,12.96,-0.01,338,438048,卖盘
1108,13:58:30,12.97,--,97,125809,买盘
1109,13:58:27,12.97,--,40,51880,买盘
1110,13:58:24,12.97,0.01,508,658876,买盘
1111,13:58:21,12.96,--,31,40176,卖盘
1112,13:58:18,12.96,--,1,1296,卖盘
1113,13:58:15,12.96,-0.01,42,54432,卖盘
1114,13:58:12,12.97,--,159,206223,买盘
1115,13:58:09,12.97,--,47,60959,买盘
1116,13:58:06,12.97,--,34,44098,买盘
1117,13:58:03,12.97,0.01,2,2594,买盘
1118,13:58:00,12.96,--,11,15202,卖盘
1119,13:57:57,12.96,-0.01,53,68688,卖盘
1120,13:57:54,12.97,0.01,214,277558,买盘
1121,13:57:51,12.96,--,11,14256,卖盘
1122,13:57:48,12.96,--,2,2592,卖盘
1123,13:57:45,12.96,--,2,2592,卖盘
1124,13:57:42,12.96,-0.01,7,9072,卖盘
1125,13:57:39,12.97,0.01,51,66147,买盘
1126,13:57:36,12.96,--,31,40176,卖盘
1127,13:57:33,12.96,--,238,308448,卖盘
1128,13:57:30,12.96,-0.01,101,130896,卖盘
1129,13:57:27,12.97,0.01,48,62256,买盘
1130,13:57:24,12.96,--,92,119232,卖盘
1131,13:57:21,12.96,--,28,36288,卖盘
1132,13:57:15,12.96,--,2,2592,卖盘
1133,13:57:12,12.96,--,3,3888,卖盘
1134,13:57:09,12.96,-0.01,8,10368,卖盘
1135,13:57:06,12.97,0.01,592,767824,买盘
1136,13:57:03,12.96,--,38,49986,卖盘
1137,13:57:00,12.96,-0.01,220,285120,卖盘
1138,13:56:57,12.97,--,35,45395,买盘
1139,13:56:54,12.97,--,21,27237,买盘
1140,13:56:51,12.97,0.01,331,429307,买盘
1141,13:56:48,12.96,--,135,174960,卖盘
1142,13:56:45,12.96,-0.01,5,6480,卖盘
1143,13:56:42,12.97,--,54,70038,买盘
1144,13:56:39,12.97,--,201,260697,买盘
1145,13:56:36,12.97,--,349,453846,卖盘
1146,13:56:33,12.97,--,242,314496,卖盘
1147,13:56:30,12.97,-0.01,6,7782,卖盘
1148,13:56:27,12.98,0.01,6,7788,买盘
1149,13:56:24,12.97,-0.01,16,20752,卖盘
1150,13:56:21,12.98,0.01,19,24662,买盘
1151,13:56:15,12.97,--,1,1297,卖盘
1152,13:56:09,12.97,--,221,286637,卖盘
1153,13:56:06,12.97,-0.01,53,68741,卖盘
1154,13:56:03,12.98,0.01,84,109032,买盘
1155,13:56:00,12.97,0.01,154,200516,买盘
1156,13:55:57,12.96,--,23,29808,卖盘
1157,13:55:54,12.96,-0.01,5,6480,卖盘
1158,13:55:51,12.97,--,844,1095031,买盘
1159,13:55:48,12.97,0.01,57,73929,买盘
1160,13:55:45,12.96,-0.01,5,6480,卖盘
1161,13:55:42,12.97,--,3,3891,买盘
1162,13:55:39,12.97,--,43,55771,买盘
1163,13:55:36,12.97,0.01,11,14267,买盘
1164,13:55:33,12.96,--,259,335664,卖盘
1165,13:55:30,12.96,-0.01,11,14256,卖盘
1166,13:55:27,12.97,0.01,36,47690,买盘
1167,13:55:24,12.96,-0.01,2,2592,卖盘
1168,13:55:21,12.97,0.01,163,211411,买盘
1169,13:55:18,12.96,-0.01,10,12960,卖盘
1170,13:55:15,12.97,--,154,199738,买盘
1171,13:55:09,12.97,--,4,5188,买盘
1172,13:55:06,12.97,--,69,90673,买盘
1173,13:55:03,12.97,0.01,76,98572,买盘
1174,13:55:00,12.96,-0.01,244,316224,卖盘
1175,13:54:57,12.97,-0.01,159,206741,卖盘
1176,13:54:54,12.98,0.01,1,1298,买盘
1177,13:54:51,12.97,-0.01,816,1058352,卖盘
1178,13:54:48,12.98,--,41,53218,买盘
1179,13:54:45,12.98,--,110,142780,买盘
1180,13:54:42,12.98,0.01,20,25960,买盘
1181,13:54:39,12.97,-0.01,22,28637,卖盘
1182,13:54:36,12.98,0.01,16,20768,买盘
1183,13:54:33,12.97,-0.01,243,315171,卖盘
1184,13:54:30,12.98,--,381,494538,买盘
1185,13:54:27,12.98,--,59,76582,买盘
1186,13:54:24,12.98,--,10,12980,买盘
1187,13:54:21,12.98,0.01,67,86966,买盘
1188,13:54:18,12.97,-0.01,2,2594,卖盘
1189,13:54:12,12.98,--,33,42834,买盘
1190,13:54:09,12.98,0.01,40,51920,买盘
1191,13:54:06,12.97,-0.01,2,2594,卖盘
1192,13:54:03,12.98,0.01,11,14278,买盘
1193,13:54:00,12.97,-0.01,370,479890,卖盘
1194,13:53:57,12.98,--,13,16874,买盘
1195,13:53:54,12.98,--,460,597080,买盘
1196,13:53:51,12.98,--,24,31152,买盘
1197,13:53:48,12.98,0.01,5,6490,买盘
1198,13:53:45,12.97,-0.01,11,14267,卖盘
1199,13:53:42,12.98,--,67,86966,买盘
1200,13:53:39,12.98,--,4,5192,买盘
1201,13:53:36,12.98,0.01,94,122012,买盘
1202,13:53:33,12.97,-0.01,287,372239,卖盘
1203,13:53:30,12.98,--,103,133694,卖盘
1204,13:53:27,12.98,--,39,50622,买盘
1205,13:53:24,12.98,--,559,725582,买盘
1206,13:53:21,12.98,--,780,1012440,买盘
1207,13:53:18,12.98,0.01,10,12980,买盘
1208,13:53:15,12.97,-0.01,274,355378,卖盘
1209,13:53:12,12.98,--,247,320606,卖盘
1210,13:53:06,12.98,--,68,88938,买盘
1211,13:53:03,12.98,--,207,268686,买盘
1212,13:53:00,12.98,--,135,175230,卖盘
1213,13:52:54,12.98,-0.01,117,151866,卖盘
1214,13:52:51,12.99,--,51,66249,买盘
1215,13:52:48,12.99,--,179,232521,买盘
1216,13:52:45,12.99,0.01,53,68847,买盘
1217,13:52:42,12.98,-0.01,2,2596,卖盘
1218,13:52:39,12.99,--,3,3897,买盘
1219,13:52:36,12.99,0.02,72,93528,买盘
1220,13:52:33,12.97,-0.01,271,351487,卖盘
1221,13:52:30,12.98,--,428,555544,卖盘
1222,13:52:27,12.98,--,2,2596,卖盘
1223,13:52:24,12.98,-0.01,80,104761,卖盘
1224,13:52:21,12.99,0.01,8,10392,买盘
1225,13:52:18,12.98,-0.01,119,154462,卖盘
1226,13:52:12,12.99,--,99,128601,买盘
1227,13:52:09,12.99,0.01,133,172767,买盘
1228,13:52:06,12.98,-0.01,100,129800,中性盘
1229,13:52:03,12.99,0.02,207,268893,买盘
1230,13:52:00,12.97,-0.02,359,465623,卖盘
1231,13:51:54,12.99,0.02,84,109116,买盘
1232,13:51:48,12.97,--,22,28534,卖盘
1233,13:51:45,12.97,0.01,2,2594,中性盘
1234,13:51:42,12.96,-0.03,22,28512,卖盘
1235,13:51:39,12.99,-0.01,8,10392,买盘
1236,13:51:36,13.0,0.05,446,579800,买盘
1237,13:51:33,12.95,--,236,305620,卖盘
1238,13:51:30,12.95,-0.05,1254,1623930,卖盘
1239,13:51:27,13.0,0.05,1,1300,买盘
1240,13:51:24,12.95,-0.05,50,64750,卖盘
1241,13:51:21,13.0,0.06,8814,11458200,买盘
1242,13:51:18,12.94,-0.01,39,51578,卖盘
1243,13:51:15,12.95,--,18,23310,买盘
1244,13:51:12,12.95,--,79,102305,买盘
1245,13:51:09,12.95,--,36,46620,买盘
1246,13:51:06,12.95,--,185,239575,买盘
1247,13:51:03,12.95,--,40,51800,买盘
1248,13:51:00,12.95,--,427,552965,买盘
1249,13:50:57,12.95,--,7,9065,买盘
1250,13:50:54,12.95,--,28,36260,买盘
1251,13:50:51,12.95,0.01,26,33670,买盘
1252,13:50:48,12.94,--,37,47878,卖盘
1253,13:50:45,12.94,-0.01,101,130694,卖盘
1254,13:50:42,12.95,--,55,71225,买盘
1255,13:50:39,12.95,0.01,11,14245,买盘
1256,13:50:36,12.94,--,16,21622,卖盘
1257,13:50:33,12.94,-0.01,255,329970,卖盘
1258,13:50:30,12.95,-0.01,279,361305,卖盘
1259,13:50:27,12.96,0.01,24,31104,买盘
1260,13:50:24,12.95,--,2,2590,卖盘
1261,13:50:21,12.95,--,256,331520,卖盘
1262,13:50:18,12.95,--,36,46620,卖盘
1263,13:50:15,12.95,-0.01,93,120435,卖盘
1264,13:50:12,12.96,0.01,5,6480,买盘
1265,13:50:09,12.95,--,8,10360,卖盘
1266,13:50:06,12.95,-0.01,133,172235,卖盘
1267,13:50:03,12.96,0.01,140,181440,买盘
1268,13:50:00,12.95,-0.01,347,449365,卖盘
1269,13:49:57,12.96,0.01,243,314928,买盘
1270,13:49:54,12.95,-0.01,20,25900,卖盘
1271,13:49:51,12.96,0.01,52,67392,买盘
1272,13:49:48,12.95,--,35,45325,卖盘
1273,13:49:45,12.95,-0.01,58,75110,卖盘
1274,13:49:42,12.96,0.02,278,360288,买盘
1275,13:49:39,12.94,--,184,238096,卖盘
1276,13:49:33,12.94,--,804,1040376,卖盘
1277,13:49:30,12.94,-0.01,326,421844,卖盘
1278,13:49:27,12.95,--,11,14245,买盘
1279,13:49:24,12.95,--,54,69930,买盘
1280,13:49:21,12.95,0.01,5,6475,买盘
1281,13:49:18,12.94,-0.01,32,41408,卖盘
1282,13:49:15,12.95,0.01,5,6475,买盘
1283,13:49:12,12.94,-0.01,18,23292,卖盘
1284,13:49:09,12.95,--,74,95830,买盘
1285,13:49:06,12.95,--,66,85470,买盘
1286,13:49:03,12.95,0.01,20,25900,卖盘
1287,13:49:00,12.94,--,473,612062,卖盘
1288,13:48:57,12.94,--,783,1013202,卖盘
1289,13:48:54,12.94,-0.01,30,38820,卖盘
1290,13:48:51,12.95,--,176,227920,买盘
1291,13:48:48,12.95,--,75,97125,买盘
1292,13:48:45,12.95,0.01,13,16835,买盘
1293,13:48:42,12.94,--,48,62112,卖盘
1294,13:48:39,12.94,-0.01,27,34938,卖盘
1295,13:48:36,12.95,0.01,26,34718,买盘
1296,13:48:33,12.94,--,248,320912,卖盘
1297,13:48:30,12.94,-0.01,323,417962,卖盘
1298,13:48:27,12.95,--,74,95830,买盘
1299,13:48:24,12.95,0.01,32,41440,买盘
1300,13:48:21,12.94,0.01,184,238096,买盘
1301,13:48:18,12.93,-0.01,318,411174,卖盘
1302,13:48:15,12.94,--,54,69876,卖盘
1303,13:48:12,12.94,--,833,1077902,卖盘
1304,13:48:09,12.94,--,10,12940,卖盘
1305,13:48:06,12.94,-0.01,42,54348,卖盘
1306,13:48:03,12.95,0.01,35,45325,买盘
1307,13:48:00,12.94,--,404,522776,卖盘
1308,13:47:57,12.94,-0.01,2,2588,卖盘
1309,13:47:54,12.95,--,172,222740,买盘
1310,13:47:51,12.95,0.02,109,141155,买盘
1311,13:47:48,12.93,-0.01,3159,4084587,卖盘
1312,13:47:45,12.94,-0.01,3,3882,卖盘
1313,13:47:42,12.95,--,37,47915,买盘
1314,13:47:39,12.95,-0.01,65,84175,卖盘
1315,13:47:36,12.96,--,127,164592,买盘
1316,13:47:33,12.96,--,230,298080,买盘
1317,13:47:30,12.96,--,280,362880,卖盘
1318,13:47:27,12.96,--,42,54432,卖盘
1319,13:47:24,12.96,-0.01,26,33696,卖盘
1320,13:47:21,12.97,0.01,1,1297,买盘
1321,13:47:18,12.96,--,118,152928,卖盘
1322,13:47:15,12.96,--,3,3888,卖盘
1323,13:47:12,12.96,--,112,145152,卖盘
1324,13:47:09,12.96,--,48,62208,卖盘
1325,13:47:06,12.96,--,6,7776,卖盘
1326,13:47:03,12.96,0.01,284,368064,买盘
1327,13:47:00,12.95,-0.01,424,549080,卖盘
1328,13:46:57,12.96,--,94,121824,买盘
1329,13:46:54,12.96,0.01,110,142560,买盘
1330,13:46:51,12.95,--,91,117845,卖盘
1331,13:46:48,12.95,--,669,866355,卖盘
1332,13:46:45,12.95,--,165,213675,卖盘
1333,13:46:42,12.95,-0.01,30,38850,卖盘
1334,13:46:39,12.96,0.01,151,195696,买盘
1335,13:46:36,12.95,--,25,32375,买盘
1336,13:46:33,12.95,--,411,532245,买盘
1337,13:46:30,12.95,--,99,128205,卖盘
1338,13:46:27,12.95,-0.01,138,178710,卖盘
1339,13:46:24,12.96,0.01,22,28512,买盘
1340,13:46:21,12.95,0.01,69,89355,买盘
1341,13:46:18,12.94,-0.01,66,85404,卖盘
1342,13:46:15,12.95,--,58,75110,买盘
1343,13:46:12,12.95,--,268,347060,买盘
1344,13:46:09,12.95,--,104,134680,买盘
1345,13:46:06,12.95,--,46,59570,买盘
1346,13:46:03,12.95,--,14,18130,买盘
1347,13:46:00,12.95,--,233,301735,卖盘
1348,13:45:57,12.95,0.01,19,24605,卖盘
1349,13:45:51,12.94,--,50,64700,卖盘
1350,13:45:48,12.94,--,63,81522,买盘
1351,13:45:45,12.94,--,670,866980,买盘
1352,13:45:42,12.94,-0.01,132,170808,卖盘
1353,13:45:39,12.95,0.01,53,68635,买盘
1354,13:45:36,12.94,--,215,278210,买盘
1355,13:45:33,12.94,--,287,371378,买盘
1356,13:45:30,12.94,--,107,138458,卖盘
1357,13:45:27,12.94,0.01,30,38820,中性盘
1358,13:45:24,12.93,-0.01,69,89217,卖盘
1359,13:45:21,12.94,--,221,285974,买盘
1360,13:45:18,12.94,--,391,505954,卖盘
1361,13:45:15,12.94,-0.01,22,28468,中性盘
1362,13:45:12,12.95,0.01,159,205905,买盘
1363,13:45:09,12.94,0.01,64,82816,买盘
1364,13:45:06,12.93,--,4,5172,卖盘
1365,13:45:03,12.93,--,49,63357,卖盘
1366,13:45:00,12.93,--,502,649086,卖盘
1367,13:44:57,12.93,--,78,100854,卖盘
1368,13:44:54,12.93,-0.01,391,505563,卖盘
1369,13:44:51,12.94,0.01,144,186336,买盘
1370,13:44:48,12.93,--,524,677532,卖盘
1371,13:44:45,12.93,-0.01,95,122835,卖盘
1372,13:44:42,12.94,0.02,304,393376,买盘
1373,13:44:39,12.92,--,102,131784,卖盘
1374,13:44:36,12.92,--,142,183464,卖盘
1375,13:44:33,12.92,--,306,395352,卖盘
1376,13:44:30,12.92,--,380,490960,卖盘
1377,13:44:27,12.92,-0.01,43,55556,卖盘
1378,13:44:24,12.93,--,78,100854,卖盘
1379,13:44:21,12.93,--,70,90510,买盘
1380,13:44:18,12.93,-0.01,93,120249,卖盘
1381,13:44:15,12.94,0.01,19,24586,买盘
1382,13:44:12,12.93,-0.02,651,841743,卖盘
1383,13:44:09,12.95,--,1062,1375290,买盘
1384,13:44:06,12.95,-0.01,178,230510,买盘
1385,13:44:03,12.96,0.02,316,409536,买盘
1386,13:44:00,12.94,-0.01,479,619826,卖盘
1387,13:43:57,12.95,-0.02,3355,4345955,卖盘
1388,13:43:54,12.97,0.01,359,465623,买盘
1389,13:43:51,12.96,-0.01,3120,4043520,卖盘
1390,13:43:48,12.97,--,117,151749,买盘
1391,13:43:45,12.97,0.01,65,84369,买盘
1392,13:43:42,12.96,-0.02,936,1213431,卖盘
1393,13:43:39,12.98,0.01,2014,2614172,买盘
1394,13:43:36,12.97,--,40,51880,卖盘
1395,13:43:33,12.97,--,442,573274,卖盘
1396,13:43:30,12.97,--,400,518800,卖盘
1397,13:43:27,12.97,-0.01,102,132294,卖盘
1398,13:43:24,12.98,--,141,183069,买盘
1399,13:43:21,12.98,0.01,188,244024,买盘
1400,13:43:18,12.97,-0.01,86,111542,卖盘
1401,13:43:15,12.98,0.01,123,159654,买盘
1402,13:43:12,12.97,--,27,35019,卖盘
1403,13:43:09,12.97,--,84,108948,卖盘
1404,13:43:06,12.97,--,8,10376,卖盘
1405,13:43:03,12.97,--,83,108519,卖盘
1406,13:43:00,12.97,-0.01,362,469514,卖盘
1407,13:42:57,12.98,--,35,45430,买盘
1408,13:42:54,12.98,-0.01,2106,2733990,卖盘
1409,13:42:51,12.99,0.01,148,192252,买盘
1410,13:42:48,12.98,--,126,163548,卖盘
1411,13:42:45,12.98,--,132,171569,卖盘
1412,13:42:42,12.98,--,10,12980,卖盘
1413,13:42:39,12.98,-0.01,368,477664,卖盘
1414,13:42:36,12.99,0.01,7,9093,买盘
1415,13:42:33,12.98,-0.01,249,323202,卖盘
1416,13:42:30,12.99,--,139,180561,卖盘
1417,13:42:27,12.99,--,2,2598,卖盘
1418,13:42:24,12.99,--,22,28578,卖盘
1419,13:42:21,12.99,-0.01,1,1299,卖盘
1420,13:42:18,13.0,0.01,16,20800,买盘
1421,13:42:15,12.99,--,50,64950,卖盘
1422,13:42:12,12.99,--,49,63651,卖盘
1423,13:42:09,12.99,--,13,16887,卖盘
1424,13:42:06,12.99,--,9,11691,卖盘
1425,13:42:03,12.99,0.01,53,68847,买盘
1426,13:42:00,12.98,--,426,552948,卖盘
1427,13:41:57,12.98,--,134,173932,卖盘
1428,13:41:54,12.98,--,72,93456,卖盘
1429,13:41:51,12.98,-0.01,42,54516,卖盘
1430,13:41:48,12.99,0.01,59,76641,买盘
1431,13:41:45,12.98,--,16,20768,卖盘
1432,13:41:42,12.98,--,12,15576,卖盘
1433,13:41:36,12.98,--,180,233640,卖盘
1434,13:41:33,12.98,-0.01,267,346566,卖盘
1435,13:41:30,12.99,--,327,424773,卖盘
1436,13:41:27,12.99,--,2,2598,卖盘
1437,13:41:24,12.99,--,1,1299,卖盘
1438,13:41:21,12.99,--,61,79239,卖盘
1439,13:41:18,12.99,--,10,12990,卖盘
1440,13:41:15,12.99,--,116,150684,卖盘
1441,13:41:12,12.99,0.01,284,369058,买盘
1442,13:41:09,12.98,-0.01,3,3894,卖盘
1443,13:41:06,12.99,--,28,36372,买盘
1444,13:41:03,12.99,--,29,37671,买盘
1445,13:41:00,12.99,-0.01,376,489580,卖盘
1446,13:40:57,13.0,0.01,48,62400,买盘
1447,13:40:54,12.99,--,1,1299,卖盘
1448,13:40:51,12.99,--,123,159919,买盘
1449,13:40:48,12.99,0.01,7,9093,买盘
1450,13:40:42,12.98,--,1,1298,卖盘
1451,13:40:39,12.98,--,66,85668,卖盘
1452,13:40:36,12.98,-0.01,73,94754,卖盘
1453,13:40:33,12.99,--,268,348132,买盘
1454,13:40:30,12.99,--,162,211594,卖盘
1455,13:40:27,12.99,-0.01,2,2598,卖盘
1456,13:40:21,13.0,0.01,184,239200,买盘
1457,13:40:18,12.99,--,114,148086,卖盘
1458,13:40:15,12.99,--,24,31176,卖盘
1459,13:40:12,12.99,-0.01,444,576756,卖盘
1460,13:40:09,13.0,0.01,604,785200,买盘
1461,13:40:06,12.99,--,305,396195,卖盘
1462,13:40:03,12.99,-0.01,208,270192,卖盘
1463,13:40:00,13.0,0.01,355,461500,买盘
1464,13:39:57,12.99,--,59,76641,卖盘
1465,13:39:54,12.99,-0.01,62,81720,卖盘
1466,13:39:51,13.0,--,30,39000,买盘
1467,13:39:45,13.0,0.01,47,61100,买盘
1468,13:39:42,12.99,-0.01,33,42867,卖盘
1469,13:39:39,13.0,--,26,33800,买盘
1470,13:39:36,13.0,0.01,5,6500,买盘
1471,13:39:33,12.99,-0.01,256,333778,卖盘
1472,13:39:30,13.0,--,337,438100,买盘
1473,13:39:27,13.0,--,19,24700,买盘
1474,13:39:24,13.0,--,645,838669,卖盘
1475,13:39:21,13.0,--,22,28600,卖盘
1476,13:39:18,13.0,--,28,36400,卖盘
1477,13:39:15,13.0,-0.01,6,8528,卖盘
1478,13:39:12,13.01,--,47,61147,买盘
1479,13:39:09,13.01,0.01,15,19515,买盘
1480,13:39:06,13.0,-0.01,18,23400,卖盘
1481,13:39:03,13.01,--,49,63749,买盘
1482,13:39:00,13.01,--,420,546420,买盘
1483,13:38:57,13.01,-0.01,68,89404,卖盘
1484,13:38:54,13.02,--,5,6874,买盘
1485,13:38:51,13.02,0.01,194,252588,买盘
1486,13:38:48,13.01,-0.01,94,122294,卖盘
1487,13:38:45,13.02,0.01,1,1302,买盘
1488,13:38:42,13.01,--,20,26020,卖盘
1489,13:38:39,13.01,--,4,5204,买盘
1490,13:38:36,13.01,0.01,17,22117,买盘
1491,13:38:33,13.0,-0.01,248,322400,卖盘
1492,13:38:30,13.01,--,718,934118,买盘
1493,13:38:27,13.01,0.01,537,698637,买盘
1494,13:38:21,13.0,-0.01,3,5122,卖盘
1495,13:38:18,13.01,0.01,22,28622,买盘
1496,13:38:15,13.0,-0.01,4,5200,卖盘
1497,13:38:12,13.01,0.01,20,26020,买盘
1498,13:38:06,13.0,--,17,22100,卖盘
1499,13:38:03,13.0,--,24,31681,卖盘
1500,13:38:00,13.0,--,326,423800,卖盘
1501,13:37:57,13.0,--,25,32500,卖盘
1502,13:37:54,13.0,--,9,11700,卖盘
1503,13:37:51,13.0,--,57,74100,卖盘
1504,13:37:48,13.0,--,10,13000,卖盘
1505,13:37:45,13.0,--,4,5200,卖盘
1506,13:37:39,13.0,--,2,2600,卖盘
1507,13:37:36,13.0,--,1,1300,卖盘
1508,13:37:33,13.0,-0.01,264,343200,卖盘
1509,13:37:30,13.01,--,175,227675,卖盘
1510,13:37:27,13.01,-0.01,1,1301,卖盘
1511,13:37:24,13.02,0.01,310,403620,买盘
1512,13:37:21,13.01,0.01,47,61147,买盘
1513,13:37:18,13.0,--,19,24700,卖盘
1514,13:37:15,13.0,--,11,14300,卖盘
1515,13:37:12,13.0,-0.01,11,14300,卖盘
1516,13:37:09,13.01,0.01,100,130100,买盘
1517,13:37:06,13.0,-0.01,107,139100,中性盘
1518,13:37:00,13.01,--,345,448845,买盘
1519,13:36:57,13.01,--,201,261501,买盘
1520,13:36:54,13.01,--,74,96274,买盘
1521,13:36:51,13.01,0.01,152,197752,买盘
1522,13:36:45,13.0,--,81,105300,卖盘
1523,13:36:42,13.0,-0.01,6,7800,卖盘
1524,13:36:39,13.01,0.01,3,3903,买盘
1525,13:36:36,13.0,0.01,98,127400,买盘
1526,13:36:33,12.99,-0.01,326,423474,卖盘
1527,13:36:30,13.0,-0.01,163,211900,卖盘
1528,13:36:27,13.01,--,55,71555,买盘
1529,13:36:21,13.01,0.01,29,37729,买盘
1530,13:36:18,13.0,0.01,39,50700,买盘
1531,13:36:15,12.99,-0.01,11,14289,卖盘
1532,13:36:12,13.0,--,149,193700,买盘
1533,13:36:09,13.0,--,152,197600,买盘
1534,13:36:06,13.0,--,50,65000,买盘
1535,13:36:03,13.0,--,1,1300,买盘
1536,13:36:00,13.0,0.01,81,105300,卖盘
1537,13:35:57,12.99,-0.01,120,155880,卖盘
1538,13:35:54,13.0,--,110,143000,卖盘
1539,13:35:51,13.0,0.01,467,608192,买盘
1540,13:35:48,12.99,--,5,7027,卖盘
1541,13:35:45,12.99,--,68,88332,卖盘
1542,13:35:42,12.99,--,326,423474,卖盘
1543,13:35:39,12.99,--,169,219531,卖盘
1544,13:35:36,12.99,--,125,162375,卖盘
1545,13:35:33,12.99,-0.01,428,555972,卖盘
1546,13:35:30,13.0,--,408,530400,买盘
1547,13:35:27,13.0,--,427,555100,买盘
1548,13:35:24,13.0,--,22,28600,买盘
1549,13:35:21,13.0,--,22,28600,买盘
1550,13:35:18,13.0,0.01,5,6500,买盘
1551,13:35:15,12.99,--,122,158478,卖盘
1552,13:35:12,12.99,-0.01,1,1299,卖盘
1553,13:35:09,13.0,0.01,30,39000,买盘
1554,13:35:06,12.99,-0.01,429,557271,卖盘
1555,13:35:03,13.0,--,24,31200,买盘
1556,13:35:00,13.0,--,364,473200,买盘
1557,13:34:57,13.0,--,152,197600,买盘
1558,13:34:54,13.0,--,219,284700,买盘
1559,13:34:51,13.0,--,3,3900,买盘
1560,13:34:48,13.0,--,66,85800,卖盘
1561,13:34:45,13.0,--,1,1300,买盘
1562,13:34:42,13.0,-0.01,6,7800,买盘
1563,13:34:39,13.01,0.02,247,321347,买盘
1564,13:34:36,12.99,-0.01,126,163674,卖盘
1565,13:34:33,13.0,--,288,374400,卖盘
1566,13:34:30,13.0,0.01,1,1300,卖盘
1567,13:34:24,12.99,-0.01,49,63651,卖盘
1568,13:34:21,13.0,-0.01,1,1300,中性盘
1569,13:34:18,13.01,0.02,454,590654,买盘
1570,13:34:15,12.99,-0.01,801,1040499,卖盘
1571,13:34:12,13.0,--,362,470600,卖盘
1572,13:34:09,13.0,--,55,71500,卖盘
1573,13:33:57,13.0,-0.01,125,162500,卖盘
1574,13:33:51,13.01,0.01,24,31224,买盘
1575,13:33:48,13.0,-0.01,102,132600,卖盘
1576,13:33:45,13.01,0.01,280,364280,买盘
1577,13:33:42,13.0,-0.01,5,6500,卖盘
1578,13:33:39,13.01,0.01,20,26020,买盘
1579,13:33:36,13.0,--,451,586300,卖盘
1580,13:33:33,13.0,-0.01,249,323700,卖盘
1581,13:33:30,13.01,--,31,40331,买盘
1582,13:33:27,13.01,--,5,6505,买盘
1583,13:33:24,13.01,0.01,35,45535,中性盘
1584,13:33:21,13.0,--,1,1300,卖盘
1585,13:33:18,13.0,--,300,390000,卖盘
1586,13:33:15,13.0,-0.02,123,159900,卖盘
1587,13:33:12,13.02,0.01,363,472626,买盘
1588,13:33:09,13.01,--,5,6505,买盘
1589,13:33:06,13.01,-0.01,153,199053,卖盘
1590,13:32:57,13.02,0.02,21,27342,买盘
1591,13:32:54,13.0,-0.01,484,629200,卖盘
1592,13:32:51,13.01,--,2,2602,买盘
1593,13:32:48,13.01,-0.01,218,283618,卖盘
1594,13:32:45,13.02,0.01,12,15624,买盘
1595,13:32:39,13.01,--,56,72856,卖盘
1596,13:32:36,13.01,0.01,1,1301,中性盘
1597,13:32:33,13.0,-0.01,254,330200,卖盘
1598,13:32:30,13.01,--,155,201655,买盘
1599,13:32:27,13.01,--,16,20816,买盘
1600,13:32:24,13.01,--,275,357775,买盘
1601,13:32:21,13.01,--,16,20816,买盘
1602,13:32:18,13.01,--,141,183441,卖盘
1603,13:32:15,13.01,--,1,1301,卖盘
1604,13:32:12,13.01,-0.02,1,1301,卖盘
1605,13:32:09,13.03,--,430,560290,买盘
1606,13:32:06,13.03,--,78,101634,买盘
1607,13:32:03,13.03,0.01,20,26060,买盘
1608,13:31:57,13.02,0.01,135,175770,买盘
1609,13:31:54,13.01,0.01,37,48137,买盘
1610,13:31:51,13.0,-0.01,389,505700,卖盘
1611,13:31:48,13.01,--,151,196451,卖盘
1612,13:31:45,13.01,-0.02,1,1301,卖盘
1613,13:31:42,13.03,0.02,20,26060,买盘
1614,13:31:39,13.01,--,21,27321,买盘
1615,13:31:36,13.01,--,410,533410,买盘
1616,13:31:33,13.01,--,234,304434,买盘
1617,13:31:30,13.01,--,131,170431,买盘
1618,13:31:27,13.01,--,23,29923,买盘
1619,13:31:21,13.01,--,64,83264,买盘
1620,13:31:18,13.01,-0.02,66,86074,卖盘
1621,13:31:15,13.03,0.02,10,14124,买盘
1622,13:31:12,13.01,-0.02,13,16913,卖盘
1623,13:31:09,13.03,0.02,32,41696,买盘
1624,13:31:03,13.01,--,300,390300,卖盘
1625,13:31:00,13.01,--,73,94973,卖盘
1626,13:30:57,13.01,-0.02,146,189946,卖盘
1627,13:30:54,13.03,--,2,2606,买盘
1628,13:30:51,13.03,0.02,234,304902,买盘
1629,13:30:48,13.01,-0.01,196,254996,卖盘
1630,13:30:45,13.02,0.01,234,304668,买盘
1631,13:30:42,13.01,-0.01,3,3903,卖盘
1632,13:30:39,13.02,--,95,123690,买盘
1633,13:30:36,13.02,--,84,109368,卖盘
1634,13:30:33,13.02,0.01,754,981708,买盘
1635,13:30:30,13.01,-0.01,36,46836,卖盘
1636,13:30:21,13.02,0.01,116,151032,买盘
1637,13:30:18,13.01,-0.01,60,78060,卖盘
1638,13:30:12,13.02,0.01,21,27342,卖盘
1639,13:30:09,13.01,0.01,21,27321,买盘
1640,13:30:06,13.0,--,9,11700,卖盘
1641,13:30:03,13.0,-0.01,627,815100,卖盘
1642,13:29:57,13.01,--,22,28622,买盘
1643,13:29:54,13.01,--,1,1301,买盘
1644,13:29:51,13.01,0.01,61,79361,买盘
1645,13:29:48,13.0,--,300,390000,卖盘
1646,13:29:45,13.0,-0.01,22,28600,卖盘
1647,13:29:42,13.01,-0.02,84,109284,卖盘
1648,13:29:39,13.03,0.03,18,23454,买盘
1649,13:29:33,13.0,-0.01,323,419900,卖盘
1650,13:29:30,13.01,--,53,68953,卖盘
1651,13:29:27,13.01,0.01,145,189425,买盘
1652,13:29:24,13.0,--,4,5200,卖盘
1653,13:29:21,13.0,-0.01,5,6500,卖盘
1654,13:29:18,13.01,--,466,606266,卖盘
1655,13:29:15,13.01,--,16,20816,卖盘
1656,13:29:09,13.01,0.01,109,141809,中性盘
1657,13:29:06,13.0,--,10,13000,卖盘
1658,13:29:00,13.0,-0.02,344,447200,卖盘
1659,13:28:57,13.02,0.02,212,276024,买盘
1660,13:28:54,13.0,-0.01,26,33800,卖盘
1661,13:28:51,13.01,0.01,7,9107,买盘
1662,13:28:48,13.0,-0.01,312,405600,卖盘
1663,13:28:42,13.01,0.01,224,291424,买盘
1664,13:28:39,13.0,-0.01,97,126100,卖盘
1665,13:28:36,13.01,0.01,2,2602,买盘
1666,13:28:33,13.0,-0.01,247,321100,卖盘
1667,13:28:30,13.01,--,1,1301,买盘
1668,13:28:27,13.01,0.01,51,66351,买盘
1669,13:28:21,13.0,--,99,128700,买盘
1670,13:28:18,13.0,--,234,304200,卖盘
1671,13:28:15,13.0,--,1,1300,卖盘
1672,13:28:12,13.0,-0.01,98,127400,卖盘
1673,13:28:09,13.01,0.01,12,15612,买盘
1674,13:28:06,13.0,--,22,28600,卖盘
1675,13:28:03,13.0,-0.01,18,23400,卖盘
1676,13:28:00,13.01,0.01,101,131401,买盘
1677,13:27:57,13.0,0.01,1,1300,中性盘
1678,13:27:54,12.99,-0.02,20,25980,卖盘
1679,13:27:51,13.01,0.01,694,902894,买盘
1680,13:27:48,13.0,0.01,467,607100,买盘
1681,13:27:45,12.99,-0.01,10,13860,卖盘
1682,13:27:42,13.0,--,36,46800,买盘
1683,13:27:39,13.0,0.01,1,1300,买盘
1684,13:27:36,12.99,-0.01,269,349431,卖盘
1685,13:27:33,13.0,--,209,271700,买盘
1686,13:27:24,13.0,--,239,310700,买盘
1687,13:27:21,13.0,0.01,39,51662,买盘
1688,13:27:18,12.99,-0.01,399,518301,卖盘
1689,13:27:15,13.0,0.01,1,1300,买盘
1690,13:27:12,12.99,-0.01,26,33774,卖盘
1691,13:27:09,13.0,0.01,96,124800,买盘
1692,13:27:06,12.99,--,16,20784,卖盘
1693,13:26:54,12.99,--,2,3455,卖盘
1694,13:26:51,12.99,--,4,5196,卖盘
1695,13:26:48,12.99,-0.01,301,390999,卖盘
1696,13:26:45,13.0,0.01,21,27300,买盘
1697,13:26:42,12.99,-0.01,1,1299,卖盘
1698,13:26:39,13.0,0.01,1,1300,买盘
1699,13:26:33,12.99,--,179,232521,卖盘
1700,13:26:30,12.99,-0.01,70,90930,卖盘
1701,13:26:27,13.0,0.01,80,104000,买盘
1702,13:26:24,12.99,--,38,49362,卖盘
1703,13:26:21,12.99,--,130,169714,买盘
1704,13:26:18,12.99,-0.01,183,238171,卖盘
1705,13:26:15,13.0,0.01,21,27300,买盘
1706,13:26:12,12.99,--,28,36372,卖盘
1707,13:26:09,12.99,-0.01,32,41568,卖盘
1708,13:26:03,13.0,0.01,238,310245,买盘
1709,13:26:00,12.99,--,62,80538,买盘
1710,13:25:57,12.99,--,7,9093,买盘
1711,13:25:54,12.99,--,17,22083,买盘
1712,13:25:51,12.99,--,25,32475,买盘
1713,13:25:48,12.99,--,126,164128,卖盘
1714,13:25:39,12.99,--,52,67548,卖盘
1715,13:25:36,12.99,0.01,2,3442,卖盘
1716,13:25:33,12.98,-0.01,182,236236,卖盘
1717,13:25:30,12.99,-0.01,75,97425,卖盘
1718,13:25:27,13.0,--,22,28600,买盘
1719,13:25:24,13.0,--,39,50700,买盘
1720,13:25:21,13.0,0.02,51,66300,买盘
1721,13:25:18,12.98,--,318,412764,卖盘
1722,13:25:15,12.98,-0.01,32,42340,卖盘
1723,13:25:12,12.99,--,50,64950,买盘
1724,13:25:09,12.99,--,12,15588,买盘
1725,13:25:03,12.99,--,12,15588,买盘
1726,13:25:00,12.99,--,1,1299,买盘
1727,13:24:57,12.99,--,93,121911,买盘
1728,13:24:54,12.99,--,37,48063,买盘
1729,13:24:51,12.99,--,39,50661,买盘
1730,13:24:48,12.99,--,337,437763,买盘
1731,13:24:42,12.99,-0.01,267,347326,卖盘
1732,13:24:39,13.0,0.01,22,28600,买盘
1733,13:24:33,12.99,--,327,426007,卖盘
1734,13:24:30,12.99,--,99,128601,卖盘
1735,13:24:27,12.99,--,325,422175,卖盘
1736,13:24:24,12.99,--,9,11691,卖盘
1737,13:24:18,12.99,-0.01,305,396195,卖盘
1738,13:24:15,13.0,0.01,31,40300,买盘
1739,13:24:12,12.99,-0.01,8,11431,卖盘
1740,13:24:09,13.0,0.01,5,6500,买盘
1741,13:24:06,12.99,-0.01,213,276687,卖盘
1742,13:24:00,13.0,0.01,20,26000,买盘
1743,13:23:57,12.99,--,110,142890,卖盘
1744,13:23:51,12.99,--,5,6611,卖盘
1745,13:23:48,12.99,--,303,393597,卖盘
1746,13:23:45,12.99,--,61,79239,卖盘
1747,13:23:42,12.99,--,13,16887,卖盘
1748,13:23:36,12.99,--,10,12990,卖盘
1749,13:23:33,12.99,--,183,237717,卖盘
1750,13:23:30,12.99,--,78,101438,卖盘
1751,13:23:27,12.99,--,1,1299,卖盘
1752,13:23:24,12.99,-0.01,51,66249,卖盘
1753,13:23:21,13.0,0.01,6,7800,买盘
1754,13:23:18,12.99,-0.01,309,401391,卖盘
1755,13:23:15,13.0,--,10,13000,买盘
1756,13:23:12,13.0,0.01,4,5200,买盘
1757,13:23:09,12.99,-0.01,4,6092,卖盘
1758,13:23:06,13.0,--,97,126100,买盘
1759,13:23:03,13.0,--,1,1300,买盘
1760,13:23:00,13.0,--,27,35100,买盘
1761,13:22:54,13.0,--,23,29900,买盘
1762,13:22:51,13.0,0.01,10,13000,买盘
1763,13:22:48,12.99,-0.02,32,41568,卖盘
1764,13:22:45,13.01,0.01,22,28622,买盘
1765,13:22:39,13.0,--,8,10400,买盘
1766,13:22:36,13.0,0.01,16,20800,买盘
1767,13:22:33,12.99,--,176,228624,卖盘
1768,13:22:30,12.99,-0.01,70,90930,卖盘
1769,13:22:27,13.0,--,17,22100,买盘
1770,13:22:24,13.0,--,37,48100,卖盘
1771,13:22:21,13.0,--,15,19500,买盘
1772,13:22:18,13.0,-0.01,320,416000,买盘
1773,13:22:15,13.01,--,121,157421,买盘
1774,13:22:12,13.01,0.01,16,20816,买盘
1775,13:22:09,13.0,0.01,116,150800,买盘
1776,13:22:06,12.99,-0.01,100,129900,卖盘
1777,13:22:03,13.0,--,541,703300,买盘
1778,13:22:00,13.0,0.01,61,79300,买盘
1779,13:21:54,12.99,-0.01,151,197149,卖盘
1780,13:21:51,13.0,0.01,22,28600,买盘
1781,13:21:48,12.99,-0.01,319,414381,卖盘
1782,13:21:42,13.0,--,34,44200,买盘
1783,13:21:39,13.0,--,66,85800,买盘
1784,13:21:36,13.0,0.01,136,176800,买盘
1785,13:21:33,12.99,--,181,235119,卖盘
1786,13:21:30,12.99,--,67,87033,卖盘
1787,13:21:27,12.99,--,3,4949,卖盘
1788,13:21:21,12.99,-0.01,16,20784,卖盘
1789,13:21:18,13.0,0.01,333,432900,买盘
1790,13:21:15,12.99,--,182,236418,卖盘
1791,13:21:12,12.99,--,1,1299,卖盘
1792,13:21:09,12.99,--,531,689769,卖盘
1793,13:21:06,12.99,-0.01,103,133797,卖盘
1794,13:21:03,13.0,--,68,89661,买盘
1795,13:20:57,13.0,0.01,11,14300,买盘
1796,13:20:54,12.99,-0.01,281,365019,卖盘
1797,13:20:51,13.0,0.01,6,7800,买盘
1798,13:20:48,12.99,--,338,439062,卖盘
1799,13:20:45,12.99,--,52,68834,卖盘
1800,13:20:42,12.99,-0.01,10,12990,卖盘
1801,13:20:39,13.0,0.01,3,3900,买盘
1802,13:20:36,12.99,--,122,158478,卖盘
1803,13:20:33,12.99,--,318,413082,卖盘
1804,13:20:30,12.99,--,76,98724,卖盘
1805,13:20:27,12.99,--,1,1299,卖盘
1806,13:20:24,12.99,-0.01,116,151047,卖盘
1807,13:20:21,13.0,0.01,3,3900,买盘
1808,13:20:18,12.99,--,299,388401,卖盘
1809,13:20:15,12.99,--,126,163674,卖盘
1810,13:20:12,12.99,-0.01,1,1299,卖盘
1811,13:20:09,13.0,0.01,13,16900,买盘
1812,13:20:06,12.99,-0.01,1,1299,卖盘
1813,13:20:03,13.0,0.01,4,5200,买盘
1814,13:20:00,12.99,--,52,67548,卖盘
1815,13:19:54,12.99,-0.01,123,159777,卖盘
1816,13:19:51,13.0,--,10,13000,买盘
1817,13:19:48,13.0,--,193,250900,卖盘
1818,13:19:45,13.0,--,4,5200,卖盘
1819,13:19:42,13.0,--,15,19500,卖盘
1820,13:19:39,13.0,--,32,41600,买盘
1821,13:19:36,13.0,--,146,190203,卖盘
1822,13:19:33,13.0,--,170,221000,卖盘
1823,13:19:30,13.0,--,69,89700,卖盘
1824,13:19:27,13.0,--,7,9100,卖盘
1825,13:19:21,13.0,--,32,41600,卖盘
1826,13:19:18,13.0,--,303,393900,卖盘
1827,13:19:15,13.0,--,100,130000,卖盘
1828,13:19:12,13.0,--,9,11700,卖盘
1829,13:19:06,13.0,--,10,13000,卖盘
1830,13:19:03,13.0,--,91,118300,卖盘
1831,13:18:54,13.0,--,113,146900,卖盘
1832,13:18:51,13.0,--,12,15808,卖盘
1833,13:18:48,13.0,--,323,419900,卖盘
1834,13:18:45,13.0,--,5,6500,卖盘
1835,13:18:42,13.0,--,9,11752,卖盘
1836,13:18:39,13.0,--,10,13000,卖盘
1837,13:18:36,13.0,-0.01,67,87100,卖盘
1838,13:18:33,13.01,0.01,185,240685,买盘
1839,13:18:27,13.0,-0.01,66,85800,卖盘
1840,13:18:24,13.01,--,11,14311,买盘
1841,13:18:21,13.01,--,2,2602,买盘
1842,13:18:18,13.01,0.01,372,485207,买盘
1843,13:18:12,13.0,--,21,27300,卖盘
1844,13:18:09,13.0,--,35,45500,卖盘
1845,13:18:06,13.0,-0.01,2,2600,卖盘
1846,13:18:03,13.01,--,21,27321,买盘
1847,13:17:57,13.01,0.01,10,13010,买盘
1848,13:17:54,13.0,--,37,48243,卖盘
1849,13:17:51,13.0,-0.01,2,2600,卖盘
1850,13:17:48,13.01,--,391,508691,买盘
1851,13:17:45,13.01,--,3,3903,买盘
1852,13:17:42,13.01,0.01,24,31224,买盘
1853,13:17:39,13.0,--,348,452400,卖盘
1854,13:17:36,13.0,--,72,93600,卖盘
1855,13:17:33,13.0,--,165,214500,卖盘
1856,13:17:30,13.0,--,77,100100,卖盘
1857,13:17:27,13.0,-0.01,1,1300,卖盘
1858,13:17:21,13.01,0.01,20,26020,买盘
1859,13:17:18,13.0,--,332,431600,卖盘
1860,13:17:15,13.0,--,35,45500,卖盘
1861,13:17:12,13.0,--,20,26000,卖盘
1862,13:17:06,13.0,-0.01,66,85800,卖盘
1863,13:17:00,13.01,0.01,162,210762,买盘
1864,13:16:57,13.0,-0.01,7,9100,卖盘
1865,13:16:54,13.01,--,50,65050,买盘
1866,13:16:51,13.01,--,141,183441,买盘
1867,13:16:48,13.01,0.01,500,650500,买盘
1868,13:16:45,13.0,-0.01,80,104000,卖盘
1869,13:16:42,13.01,--,3,3903,买盘
1870,13:16:36,13.01,--,1,1301,买盘
1871,13:16:33,13.01,0.01,176,228976,买盘
1872,13:16:30,13.0,--,33,42900,卖盘
1873,13:16:27,13.0,-0.01,217,282100,卖盘
1874,13:16:24,13.01,0.01,1,1301,买盘
1875,13:16:21,13.0,-0.01,21,27300,卖盘
1876,13:16:18,13.01,0.01,509,662209,买盘
1877,13:16:15,13.0,--,5,6500,卖盘
1878,13:16:12,13.0,--,47,61100,卖盘
1879,13:16:00,13.0,--,29,37700,卖盘
1880,13:15:57,13.0,0.01,225,292500,买盘
1881,13:15:54,12.99,0.01,225,292794,买盘
1882,13:15:51,12.98,-0.01,167,216766,卖盘
1883,13:15:48,12.99,--,48,63053,卖盘
1884,13:15:45,12.99,-0.01,12,15588,卖盘
1885,13:15:42,13.0,--,6,8398,买盘
1886,13:15:39,13.0,--,2,2600,买盘
1887,13:15:36,13.0,--,1472,1913600,买盘
1888,13:15:33,13.0,0.01,187,243100,买盘
1889,13:15:30,12.99,--,27,35073,卖盘
1890,13:15:27,12.99,--,185,240315,卖盘
1891,13:15:24,12.99,--,8,10392,卖盘
1892,13:15:21,12.99,-0.01,2,2598,卖盘
1893,13:15:18,13.0,--,50,65000,卖盘
1894,13:15:15,13.0,--,7,9100,卖盘
1895,13:15:12,13.0,--,4,5200,卖盘
1896,13:15:00,13.0,--,169,219700,买盘
1897,13:14:54,13.0,--,20,26000,买盘
1898,13:14:51,13.0,--,20,26000,买盘
1899,13:14:48,13.0,0.01,308,400400,买盘
1900,13:14:45,12.99,-0.01,1,1299,卖盘
1901,13:14:42,13.0,--,39,50700,买盘
1902,13:14:39,13.0,-0.01,43,55900,卖盘
1903,13:14:36,13.01,0.02,3,3903,买盘
1904,13:14:33,12.99,-0.02,195,253551,卖盘
1905,13:14:30,13.01,0.01,218,283618,买盘
1906,13:14:27,13.0,-0.01,68,88400,卖盘
1907,13:14:24,13.01,--,4,5204,买盘
1908,13:14:21,13.01,--,11,14311,买盘
1909,13:14:18,13.01,--,93,120993,卖盘
1910,13:14:15,13.01,--,1,1301,卖盘
1911,13:14:12,13.01,--,21,27321,卖盘
1912,13:14:06,13.01,--,31,40331,卖盘
1913,13:14:03,13.01,--,28,36428,卖盘
1914,13:14:00,13.01,0.01,13,16913,卖盘
1915,13:13:57,13.0,-0.01,100,130000,卖盘
1916,13:13:51,13.01,--,497,646597,买盘
1917,13:13:48,13.01,0.01,311,404611,买盘
1918,13:13:45,13.0,-0.01,10,13000,卖盘
1919,13:13:42,13.01,0.01,5,6505,买盘
1920,13:13:39,13.0,-0.01,41,53300,卖盘
1921,13:13:36,13.01,0.01,1,1301,买盘
1922,13:13:33,13.0,--,169,219700,卖盘
1923,13:13:30,13.0,--,5,6500,卖盘
1924,13:13:27,13.0,-0.01,67,87100,卖盘
1925,13:13:24,13.01,0.01,35,45535,中性盘
1926,13:13:15,13.0,-0.01,272,353600,卖盘
1927,13:13:12,13.01,--,8,11123,买盘
1928,13:13:09,13.01,--,1,1301,买盘
1929,13:13:06,13.01,--,50,65050,买盘
1930,13:13:03,13.01,--,109,141809,买盘
1931,13:13:00,13.01,-0.01,103,134588,卖盘
1932,13:12:57,13.02,--,107,139314,买盘
1933,13:12:54,13.02,--,3,3906,买盘
1934,13:12:51,13.02,--,4,5924,买盘
1935,13:12:48,13.02,--,305,397110,买盘
1936,13:12:39,13.02,--,55,71610,买盘
1937,13:12:36,13.02,--,21,27342,买盘
1938,13:12:33,13.02,--,182,236964,买盘
1939,13:12:30,13.02,--,121,157542,买盘
1940,13:12:27,13.02,--,79,102858,买盘
1941,13:12:24,13.02,--,9,11718,买盘
1942,13:12:21,13.02,0.01,22,28644,买盘
1943,13:12:15,13.01,--,7,9107,卖盘
1944,13:12:12,13.01,--,1,1301,卖盘
1945,13:12:09,13.01,--,1,1301,卖盘
1946,13:12:06,13.01,0.01,192,249792,买盘
1947,13:12:03,13.0,--,13,17784,卖盘
1948,13:12:00,13.0,-0.01,36,46800,卖盘
1949,13:11:51,13.01,0.01,18,23418,买盘
1950,13:11:45,13.0,-0.01,1,1300,卖盘
1951,13:11:42,13.01,0.01,26,34229,买盘
1952,13:11:39,13.0,-0.01,6,7800,卖盘
1953,13:11:36,13.01,0.01,40,52040,买盘
1954,13:11:33,13.0,-0.01,175,227500,卖盘
1955,13:11:30,13.01,0.01,16,20816,买盘
1956,13:11:27,13.0,-0.01,71,92300,卖盘
1957,13:11:24,13.01,--,11,14311,买盘
1958,13:11:21,13.01,0.01,65,84565,买盘
1959,13:11:18,13.0,--,120,156000,卖盘
1960,13:11:15,13.0,--,1,1300,卖盘
1961,13:11:12,13.0,--,1,1300,卖盘
1962,13:11:06,13.0,--,42,54600,卖盘
1963,13:11:00,13.0,--,48,62400,卖盘
1964,13:10:57,13.0,--,316,411164,买盘
1965,13:10:54,13.0,--,110,143000,买盘
1966,13:10:51,13.0,--,20,26000,买盘
1967,13:10:48,13.0,--,47,61100,买盘
1968,13:10:45,13.0,0.01,191,248300,买盘
1969,13:10:42,12.99,--,66,85734,卖盘
1970,13:10:39,12.99,-0.01,19,25811,卖盘
1971,13:10:36,13.0,--,91,118300,买盘
1972,13:10:33,13.0,0.01,169,219700,买盘
1973,13:10:30,12.99,-0.01,21,27279,卖盘
1974,13:10:27,13.0,--,228,296400,买盘
1975,13:10:24,13.0,--,11,14300,买盘
1976,13:10:21,13.0,0.01,6,7800,买盘
1977,13:10:18,12.99,-0.01,33,42867,卖盘
1978,13:10:15,13.0,0.01,17,22100,买盘
1979,13:10:12,12.99,--,60,78966,卖盘
1980,13:10:09,12.99,-0.01,30,38970,卖盘
1981,13:10:06,13.0,--,59,76700,买盘
1982,13:10:03,13.0,--,53,68900,买盘
1983,13:10:00,13.0,--,68,88400,买盘
1984,13:09:57,13.0,--,1,1300,买盘
1985,13:09:54,13.0,--,153,198900,买盘
1986,13:09:51,13.0,0.01,10,13000,买盘
1987,13:09:45,12.99,--,10,12990,卖盘
1988,13:09:42,12.99,-0.01,391,507909,卖盘
1989,13:09:36,13.0,0.01,8,10400,买盘
1990,13:09:33,12.99,-0.01,161,209139,卖盘
1991,13:09:30,13.0,0.01,10,13000,买盘
1992,13:09:27,12.99,-0.01,115,149385,卖盘
1993,13:09:24,13.0,0.01,8,10400,买盘
1994,13:09:21,12.99,-0.01,1,1299,卖盘
1995,13:09:18,13.0,0.01,15,20553,买盘
1996,13:09:15,12.99,--,10,12990,卖盘
1997,13:09:12,12.99,-0.01,69,89631,卖盘
1998,13:09:09,13.0,--,1,1300,买盘
1999,13:09:06,13.0,0.01,28,36400,买盘
2000,13:09:00,12.99,--,35,45465,卖盘
2001,13:08:57,12.99,-0.01,2,2598,卖盘
2002,13:08:54,13.0,0.01,40,52000,买盘
2003,13:08:42,12.99,--,7,9093,卖盘
2004,13:08:39,12.99,--,2,2598,卖盘
2005,13:08:36,12.99,--,13,16887,卖盘
2006,13:08:33,12.99,0.01,258,335726,买盘
2007,13:08:30,12.98,-0.01,89,115522,卖盘
2008,13:08:27,12.99,0.01,171,222129,买盘
2009,13:08:24,12.98,-0.01,10,12980,卖盘
2010,13:08:21,12.99,--,230,298770,买盘
2011,13:08:18,12.99,--,103,133797,买盘
2012,13:08:15,12.99,--,48,62352,买盘
2013,13:08:12,12.99,--,54,70146,买盘
2014,13:08:09,12.99,--,54,70146,买盘
2015,13:08:06,12.99,--,7,9093,买盘
2016,13:08:03,12.99,--,74,96840,卖盘
2017,13:08:00,12.99,--,43,56441,卖盘
2018,13:07:57,12.99,--,180,233820,卖盘
2019,13:07:54,12.99,--,20,25980,卖盘
2020,13:07:48,12.99,--,33,42867,卖盘
2021,13:07:45,12.99,--,96,124704,卖盘
2022,13:07:42,12.99,--,141,183159,买盘
2023,13:07:39,12.99,--,48,62352,卖盘
2024,13:07:36,12.99,0.01,3,3897,卖盘
2025,13:07:33,12.98,--,174,225852,卖盘
2026,13:07:27,12.98,-0.01,69,89562,卖盘
2027,13:07:24,12.99,--,81,106297,买盘
2028,13:07:21,12.99,--,25,32475,买盘
2029,13:07:18,12.99,0.01,468,609127,买盘
2030,13:07:15,12.98,-0.01,63,81774,卖盘
2031,13:07:12,12.99,--,48,62352,买盘
2032,13:07:09,12.99,--,114,148086,买盘
2033,13:07:06,12.99,--,251,326529,卖盘
2034,13:07:03,12.99,--,30,38970,卖盘
2035,13:07:00,12.99,-0.01,10,12990,卖盘
2036,13:06:57,13.0,0.01,39,50700,买盘
2037,13:06:54,12.99,-0.01,3,4715,卖盘
2038,13:06:51,13.0,0.01,10,13000,买盘
2039,13:06:48,12.99,--,5,6495,卖盘
2040,13:06:45,12.99,-0.01,7,9093,卖盘
2041,13:06:42,13.0,0.01,4,5200,买盘
2042,13:06:39,12.99,--,100,129900,卖盘
2043,13:06:36,12.99,--,32,41568,中性盘
2044,13:06:33,12.99,0.01,169,219531,中性盘
2045,13:06:27,12.98,-0.01,79,102542,卖盘
2046,13:06:24,12.99,0.01,85,110415,中性盘
2047,13:06:21,12.98,--,22,28556,卖盘
2048,13:06:18,12.98,--,83,107734,卖盘
2049,13:06:15,12.98,--,27,35046,卖盘
2050,13:06:12,12.98,-0.01,1,1298,卖盘
2051,13:06:09,12.99,--,50,64950,卖盘
2052,13:06:06,12.99,--,60,77940,卖盘
2053,13:06:03,12.99,--,423,550126,买盘
2054,13:06:00,12.99,--,4,5196,买盘
2055,13:05:57,12.99,--,66,86786,买盘
2056,13:05:54,12.99,--,104,135096,买盘
2057,13:05:51,12.99,--,29,37671,买盘
2058,13:05:48,12.99,--,13,16887,买盘
2059,13:05:45,12.99,--,316,411133,卖盘
2060,13:05:42,12.99,--,449,583251,卖盘
2061,13:05:39,12.99,--,25,32475,卖盘
2062,13:05:33,12.99,--,271,352029,卖盘
2063,13:05:30,12.99,--,10,12990,卖盘
2064,13:05:27,12.99,--,76,99750,卖盘
2065,13:05:24,12.99,-0.01,3,3897,卖盘
2066,13:05:21,13.0,--,345,448500,买盘
2067,13:05:15,13.0,--,25,32500,买盘
2068,13:05:12,13.0,--,1,1300,买盘
2069,13:05:09,13.0,--,1,1300,买盘
2070,13:05:06,13.0,0.01,62,80600,买盘
2071,13:05:03,12.99,-0.01,17,22083,卖盘
2072,13:05:00,13.0,--,78,101400,买盘
2073,13:04:54,13.0,--,32,42523,买盘
2074,13:04:51,13.0,-0.02,1914,2489136,卖盘
2075,13:04:48,13.02,0.01,25,32550,买盘
2076,13:04:45,13.01,--,1,1301,卖盘
2077,13:04:36,13.01,--,1,1301,卖盘
2078,13:04:33,13.01,-0.01,176,228976,卖盘
2079,13:04:27,13.02,--,69,89838,买盘
2080,13:04:24,13.02,0.01,22,28644,买盘
2081,13:04:18,13.01,--,89,115789,卖盘
2082,13:04:15,13.01,--,1,1301,卖盘
2083,13:04:12,13.01,--,1,1301,卖盘
2084,13:04:06,13.01,--,3,3903,卖盘
2085,13:04:00,13.01,--,41,54056,买盘
2086,13:03:57,13.01,0.01,19,24719,买盘
2087,13:03:54,13.0,-0.01,45,58500,卖盘
2088,13:03:51,13.01,--,4,5204,买盘
2089,13:03:48,13.01,--,96,125143,卖盘
2090,13:03:45,13.01,--,5,7558,卖盘
2091,13:03:42,13.01,-0.01,1,1301,卖盘
2092,13:03:39,13.02,--,16,20832,买盘
2093,13:03:33,13.02,--,205,266910,买盘
2094,13:03:30,13.02,0.01,4,5208,买盘
2095,13:03:27,13.01,-0.01,71,92397,卖盘
2096,13:03:24,13.02,--,51,66402,买盘
2097,13:03:21,13.02,--,101,131502,买盘
2098,13:03:15,13.02,0.01,11,14322,买盘
2099,13:03:12,13.01,--,1,1301,卖盘
2100,13:03:06,13.01,-0.01,25,32525,卖盘
2101,13:03:03,13.02,0.01,131,170562,买盘
2102,13:03:00,13.01,--,4,5204,卖盘
2103,13:02:57,13.01,-0.01,13,17706,卖盘
2104,13:02:54,13.02,--,74,96348,买盘
2105,13:02:51,13.02,--,30,39060,买盘
2106,13:02:45,13.02,--,10,13020,买盘
2107,13:02:36,13.02,0.02,10,14165,买盘
2108,13:02:33,13.0,--,181,235300,卖盘
2109,13:02:27,13.0,-0.02,2172,2823600,卖盘
2110,13:02:24,13.02,0.01,25,32550,买盘
2111,13:02:21,13.01,-0.01,110,143110,卖盘
2112,13:02:15,13.02,0.01,18,23436,买盘
2113,13:02:12,13.01,--,101,131401,卖盘
2114,13:02:09,13.01,--,13,16913,卖盘
2115,13:02:06,13.01,--,114,148314,卖盘
2116,13:02:03,13.01,-0.01,44,58479,卖盘
2117,13:02:00,13.02,--,7,9114,买盘
2118,13:01:57,13.02,--,6,7812,买盘
2119,13:01:54,13.02,--,29,37758,卖盘
2120,13:01:48,13.02,--,10,13020,卖盘
2121,13:01:45,13.02,-0.01,25,32550,卖盘
2122,13:01:36,13.03,0.02,1,1303,买盘
2123,13:01:33,13.01,-0.01,254,331104,卖盘
2124,13:01:30,13.02,-0.01,4,5208,卖盘
2125,13:01:21,13.03,--,10,13030,买盘
2126,13:01:18,13.03,--,5,6515,买盘
2127,13:01:15,13.03,--,1,1303,买盘
2128,13:01:12,13.03,0.01,1,1303,买盘
2129,13:01:09,13.02,--,50,65100,卖盘
2130,13:01:06,13.02,-0.01,9,11718,卖盘
2131,13:01:03,13.03,--,1,1303,买盘
2132,13:01:00,13.03,0.01,1,1303,买盘
2133,13:00:57,13.02,--,13,16926,买盘
2134,13:00:54,13.02,0.01,4,5208,买盘
2135,13:00:51,13.01,-0.01,11,14662,卖盘
2136,13:00:48,13.02,--,16,21626,卖盘
2137,13:00:42,13.02,--,58,76023,卖盘
2138,13:00:39,13.02,--,2,3228,卖盘
2139,13:00:36,13.02,--,71,92442,卖盘
2140,13:00:33,13.02,--,43,56663,卖盘
2141,13:00:27,13.02,--,12,15624,卖盘
2142,13:00:21,13.02,--,112,145824,卖盘
2143,13:00:18,13.02,--,26,33852,卖盘
2144,13:00:15,13.02,--,13,16926,卖盘
2145,13:00:12,13.02,--,11,14322,卖盘
2146,13:00:09,13.02,--,12,15624,卖盘
2147,13:00:06,13.02,--,169,220038,卖盘
2148,13:00:03,13.02,0.01,4463,5811112,买盘
2149,13:00:00,13.01,-0.01,49,63749,卖盘
2150,11:30:00,13.02,0.01,12,15624,买盘
2151,11:29:57,13.01,--,39,50739,卖盘
2152,11:29:54,13.01,--,2,2602,卖盘
2153,11:29:51,13.01,-0.01,84,109310,卖盘
2154,11:29:48,13.02,--,46,59892,买盘
2155,11:29:45,13.02,--,347,451794,买盘
2156,11:29:42,13.02,0.01,158,205716,买盘
2157,11:29:39,13.01,-0.01,12,15612,卖盘
2158,11:29:36,13.02,0.01,1,1302,买盘
2159,11:29:33,13.01,--,216,281016,卖盘
2160,11:29:30,13.01,--,5,6505,卖盘
2161,11:29:27,13.01,-0.01,45,58545,卖盘
2162,11:29:24,13.02,0.01,75,97650,买盘
2163,11:29:21,13.01,-0.01,34,44234,卖盘
2164,11:29:18,13.02,0.01,20,26040,买盘
2165,11:29:15,13.01,--,100,130100,卖盘
2166,11:29:12,13.01,--,25,32525,卖盘
2167,11:29:09,13.01,--,110,143110,卖盘
2168,11:29:06,13.01,--,1,1301,卖盘
2169,11:29:03,13.01,-0.01,32,42698,卖盘
2170,11:29:00,13.02,0.01,84,109368,买盘
2171,11:28:57,13.01,-0.01,117,152217,卖盘
2172,11:28:54,13.02,0.01,10,13020,买盘
2173,11:28:51,13.01,--,42,54642,卖盘
2174,11:28:48,13.01,-0.01,184,239384,卖盘
2175,11:28:45,13.02,0.01,20,26040,买盘
2176,11:28:42,13.01,--,31,41215,卖盘
2177,11:28:36,13.01,-0.01,30,39030,卖盘
2178,11:28:33,13.02,--,219,285138,买盘
2179,11:28:30,13.02,--,27,35154,买盘
2180,11:28:27,13.02,0.01,120,156240,买盘
2181,11:28:24,13.01,--,317,412417,卖盘
2182,11:28:21,13.01,--,366,476166,卖盘
2183,11:28:18,13.01,-0.01,9,12944,卖盘
2184,11:28:15,13.02,0.01,88,114576,买盘
2185,11:28:12,13.01,--,401,521701,卖盘
2186,11:28:06,13.01,--,18,23418,卖盘
2187,11:28:03,13.01,--,117,152217,卖盘
2188,11:28:00,13.01,--,1,1301,卖盘
2189,11:27:57,13.01,--,310,404311,卖盘
2190,11:27:51,13.01,-0.01,523,680423,卖盘
2191,11:27:48,13.02,--,64,83328,买盘
2192,11:27:42,13.02,--,31,40362,买盘
2193,11:27:39,13.02,0.01,10,13020,买盘
2194,11:27:33,13.01,--,177,230277,卖盘
2195,11:27:30,13.01,-0.01,18,24536,卖盘
2196,11:27:27,13.02,0.01,2,2604,买盘
2197,11:27:24,13.01,-0.01,68,88468,卖盘
2198,11:27:21,13.02,-0.01,235,307245,卖盘
2199,11:27:18,13.03,0.01,10,13030,买盘
2200,11:27:09,13.02,--,112,145824,卖盘
2201,11:27:06,13.02,--,9,12655,卖盘
2202,11:27:03,13.02,--,10,13020,卖盘
2203,11:27:00,13.02,-0.01,16,20832,卖盘
2204,11:26:57,13.03,0.01,35,45605,买盘
2205,11:26:54,13.02,--,2,2604,卖盘
2206,11:26:51,13.02,-0.01,507,660114,卖盘
2207,11:26:48,13.03,--,1,1303,买盘
2208,11:26:45,13.03,0.01,65,85633,买盘
2209,11:26:42,13.02,--,13,16926,卖盘
2210,11:26:39,13.02,--,10,13020,卖盘
2211,11:26:36,13.02,--,68,88536,卖盘
2212,11:26:33,13.02,--,183,238266,卖盘
2213,11:26:30,13.02,--,25,32550,卖盘
2214,11:26:27,13.02,-0.01,13,17772,卖盘
2215,11:26:24,13.03,--,75,97725,买盘
2216,11:26:21,13.03,0.01,545,710135,买盘
2217,11:26:18,13.02,--,45,58590,卖盘
2218,11:26:15,13.02,--,101,131502,卖盘
2219,11:26:12,13.02,--,1,1302,卖盘
2220,11:26:09,13.02,-0.01,12,15624,卖盘
2221,11:26:06,13.03,0.01,10,13030,买盘
2222,11:26:03,13.02,--,10,13020,卖盘
2223,11:26:00,13.02,-0.01,14,18228,卖盘
2224,11:25:51,13.03,0.01,6,7818,中性盘
2225,11:25:45,13.02,-0.01,415,540330,卖盘
2226,11:25:42,13.03,--,11,14333,卖盘
2227,11:25:33,13.03,--,237,308811,买盘
2228,11:25:30,13.03,0.01,322,419566,买盘
2229,11:25:24,13.02,-0.01,68,88536,卖盘
2230,11:25:21,13.03,--,590,768770,买盘
2231,11:25:18,13.03,--,5,6515,买盘
2232,11:25:15,13.03,--,64,83392,买盘
2233,11:25:12,13.03,--,8,10424,买盘
2234,11:25:06,13.03,0.01,150,195450,买盘
2235,11:25:00,13.02,-0.01,21,27342,卖盘
2236,11:24:54,13.03,--,2,2606,买盘
2237,11:24:51,13.03,0.01,524,682772,买盘
2238,11:24:48,13.02,--,46,59892,卖盘
2239,11:24:45,13.02,--,12,15624,卖盘
2240,11:24:42,13.02,-0.01,19,25987,卖盘
2241,11:24:39,13.03,0.01,5,6515,买盘
2242,11:24:33,13.02,-0.02,1490,1939980,卖盘
2243,11:24:30,13.04,--,20,26080,买盘
2244,11:24:27,13.04,0.01,13,16952,买盘
2245,11:24:24,13.03,-0.01,84,109452,卖盘
2246,11:24:21,13.04,-0.01,188,245151,卖盘
2247,11:24:18,13.05,0.01,15,19575,买盘
2248,11:24:15,13.04,-0.01,5,6520,卖盘
2249,11:24:12,13.05,0.01,51,66555,买盘
2250,11:24:09,13.04,-0.01,28,36512,卖盘
2251,11:24:06,13.05,0.01,2,2610,买盘
2252,11:24:03,13.04,--,74,96496,卖盘
2253,11:24:00,13.04,0.01,3,3911,卖盘
2254,11:23:51,13.03,--,500,651500,卖盘
2255,11:23:48,13.03,--,16,20848,卖盘
2256,11:23:45,13.03,-0.02,1,1303,卖盘
2257,11:23:42,13.05,0.01,57,74385,买盘
2258,11:23:39,13.04,0.01,3,3911,买盘
2259,11:23:36,13.03,--,81,105543,卖盘
2260,11:23:33,13.03,-0.01,160,208480,卖盘
2261,11:23:30,13.04,-0.01,4,5216,卖盘
2262,11:23:27,13.05,0.01,6,7830,买盘
2263,11:23:24,13.04,--,91,118663,买盘
2264,11:23:21,13.04,0.01,10,13040,买盘
2265,11:23:15,13.03,-0.01,2,2606,卖盘
2266,11:23:12,13.04,--,31,40424,买盘
2267,11:23:09,13.04,--,42,54768,买盘
2268,11:23:06,13.04,0.01,7,9128,买盘
2269,11:23:03,13.03,-0.01,40,52120,卖盘
2270,11:23:00,13.04,--,19,24776,买盘
2271,11:22:57,13.04,0.01,132,172128,买盘
2272,11:22:54,13.03,--,10,13030,卖盘
2273,11:22:48,13.03,-0.01,1,1303,卖盘
2274,11:22:45,13.04,--,2,2608,买盘
2275,11:22:42,13.04,0.01,22,28687,买盘
2276,11:22:39,13.03,--,11,14333,卖盘
2277,11:22:36,13.03,--,22,28666,卖盘
2278,11:22:33,13.03,-0.01,177,230631,卖盘
2279,11:22:30,13.04,--,120,156480,卖盘
2280,11:22:27,13.04,0.01,213,277752,买盘
2281,11:22:24,13.03,--,98,127694,卖盘
2282,11:22:21,13.03,--,11,14333,卖盘
2283,11:22:18,13.03,--,11,14333,卖盘
2284,11:22:15,13.03,-0.02,26,33878,卖盘
2285,11:22:12,13.05,0.02,10,13050,买盘
2286,11:22:09,13.03,--,135,176491,卖盘
2287,11:22:06,13.03,-0.02,23,29969,卖盘
2288,11:22:03,13.05,0.02,255,332775,买盘
2289,11:22:00,13.03,--,10,13030,卖盘
2290,11:21:57,13.03,--,22,28666,卖盘
2291,11:21:54,13.03,--,11,14333,卖盘
2292,11:21:51,13.03,--,22,28666,卖盘
2293,11:21:48,13.03,--,21,27363,卖盘
2294,11:21:45,13.03,-0.02,32,41696,卖盘
2295,11:21:42,13.05,0.02,117,152685,买盘
2296,11:21:39,13.03,--,521,678863,卖盘
2297,11:21:36,13.03,-0.02,21,27363,卖盘
2298,11:21:33,13.05,0.01,209,272745,买盘
2299,11:21:30,13.04,0.01,17,22168,中性盘
2300,11:21:27,13.03,-0.01,43,56029,卖盘
2301,11:21:24,13.04,--,145,189080,买盘
2302,11:21:21,13.04,0.01,20,26080,买盘
2303,11:21:18,13.03,--,22,28666,卖盘
2304,11:21:15,13.03,--,10,13030,卖盘
2305,11:21:12,13.03,--,22,28666,卖盘
2306,11:21:09,13.03,--,61,79483,卖盘
2307,11:21:06,13.03,--,30,39090,卖盘
2308,11:21:03,13.03,--,11,14333,卖盘
2309,11:21:00,13.03,--,22,28666,卖盘
2310,11:20:57,13.03,--,13,16939,卖盘
2311,11:20:54,13.03,-0.01,111,145023,卖盘
2312,11:20:51,13.04,0.01,16,20864,买盘
2313,11:20:48,13.03,-0.01,62,80786,卖盘
2314,11:20:45,13.04,--,177,231720,卖盘
2315,11:20:42,13.04,--,23,29991,卖盘
2316,11:20:39,13.04,--,29,37816,卖盘
2317,11:20:36,13.04,--,28,37450,卖盘
2318,11:20:33,13.04,--,187,243847,卖盘
2319,11:20:30,13.04,--,21,28296,卖盘
2320,11:20:27,13.04,--,16,20864,卖盘
2321,11:20:24,13.04,--,87,113447,卖盘
2322,11:20:21,13.04,-0.01,31,40424,卖盘
2323,11:20:18,13.05,0.01,64,83520,买盘
2324,11:20:15,13.04,--,27,35208,卖盘
2325,11:20:12,13.04,--,14,18256,卖盘
2326,11:20:09,13.04,--,43,56071,卖盘
2327,11:20:06,13.04,--,15,19560,卖盘
2328,11:20:03,13.04,-0.01,44,58523,卖盘
2329,11:20:00,13.05,0.01,41,53505,买盘
2330,11:19:57,13.04,-0.01,35,45640,卖盘
2331,11:19:54,13.05,0.01,72,93960,买盘
2332,11:19:51,13.04,--,35,45640,卖盘
2333,11:19:48,13.04,--,29,37816,卖盘
2334,11:19:45,13.04,--,64,83456,卖盘
2335,11:19:42,13.04,--,32,41897,卖盘
2336,11:19:39,13.04,--,15,19560,卖盘
2337,11:19:36,13.04,--,32,41728,卖盘
2338,11:19:33,13.04,--,193,251671,卖盘
2339,11:19:30,13.04,--,149,194296,卖盘
2340,11:19:27,13.04,--,11,14343,卖盘
2341,11:19:24,13.04,--,22,28687,卖盘
2342,11:19:21,13.04,--,27,35312,卖盘
2343,11:19:18,13.04,--,21,27384,卖盘
2344,11:19:15,13.04,--,22,28687,卖盘
2345,11:19:12,13.04,--,27,35208,卖盘
2346,11:19:09,13.04,-0.01,11,14343,卖盘
2347,11:19:06,13.05,0.01,59,76995,买盘
2348,11:19:03,13.04,--,5,6520,卖盘
2349,11:19:00,13.04,-0.01,61,80000,卖盘
2350,11:18:57,13.05,--,30,39150,买盘
2351,11:18:54,13.05,--,74,96570,买盘
2352,11:18:51,13.05,0.01,6,7830,买盘
2353,11:18:42,13.04,-0.01,5,6520,卖盘
2354,11:18:36,13.05,--,1,1305,买盘
2355,11:18:33,13.05,--,173,225765,买盘
2356,11:18:30,13.05,--,1,1305,买盘
2357,11:18:24,13.05,--,113,147465,买盘
2358,11:18:21,13.05,--,5,6525,买盘
2359,11:18:18,13.05,0.01,27,35235,买盘
2360,11:18:15,13.04,--,4,5216,卖盘
2361,11:18:12,13.04,--,40,52160,买盘
2362,11:18:09,13.04,--,169,220376,卖盘
2363,11:18:06,13.04,--,887,1156648,买盘
2364,11:18:00,13.04,0.01,49,63895,买盘
2365,11:17:57,13.03,-0.01,1,1303,卖盘
2366,11:17:54,13.04,0.01,1,1304,买盘
2367,11:17:51,13.03,-0.01,13,16939,卖盘
2368,11:17:45,13.04,0.01,1,1304,买盘
2369,11:17:42,13.03,--,16,20848,卖盘
2370,11:17:39,13.03,--,506,659318,买盘
2371,11:17:36,13.03,--,303,394809,卖盘
2372,11:17:33,13.03,-0.01,180,234540,卖盘
2373,11:17:30,13.04,0.01,71,92584,买盘
2374,11:17:27,13.03,-0.01,50,65150,卖盘
2375,11:17:24,13.04,--,10,13040,买盘
2376,11:17:18,13.04,--,10,13040,买盘
2377,11:17:15,13.04,--,7,9128,买盘
2378,11:17:12,13.04,--,58,75632,买盘
2379,11:17:06,13.04,-0.01,96,125183,卖盘
2380,11:17:03,13.05,--,1,1305,买盘
2381,11:17:00,13.05,--,1001,1306305,买盘
2382,11:16:57,13.05,0.02,107,139635,买盘
2383,11:16:54,13.03,-0.01,42,54726,卖盘
2384,11:16:48,13.04,--,40,52160,买盘
2385,11:16:45,13.04,--,13,16952,买盘
2386,11:16:42,13.04,--,2,2608,买盘
2387,11:16:39,13.04,--,20,26080,买盘
2388,11:16:36,13.04,0.01,3,3911,买盘
2389,11:16:33,13.03,--,663,863889,卖盘
2390,11:16:30,13.03,--,2,2606,卖盘
2391,11:16:27,13.03,-0.01,369,480807,卖盘
2392,11:16:24,13.04,--,22,28687,买盘
2393,11:16:18,13.04,0.01,10,13040,买盘
2394,11:16:15,13.03,-0.01,558,727178,卖盘
2395,11:16:12,13.04,-0.01,24,31295,卖盘
2396,11:16:09,13.05,--,10,13050,买盘
2397,11:16:06,13.05,--,5,6525,买盘
2398,11:16:03,13.05,-0.01,35,45675,卖盘
2399,11:15:57,13.06,--,10,13060,买盘
2400,11:15:54,13.06,--,26,33956,买盘
2401,11:15:51,13.06,--,22,28732,买盘
2402,11:15:48,13.06,0.02,3,3918,买盘
2403,11:15:45,13.04,-0.02,102,133008,卖盘
2404,11:15:42,13.06,--,31,40486,买盘
2405,11:15:36,13.06,0.01,194,253364,买盘
2406,11:15:33,13.05,-0.02,151,198333,卖盘
2407,11:15:30,13.07,0.01,22,28754,买盘
2408,11:15:24,13.06,--,36,47773,卖盘
2409,11:15:21,13.06,-0.01,1,1306,卖盘
2410,11:15:18,13.07,--,6,7842,买盘
2411,11:15:15,13.07,--,23,30061,买盘
2412,11:15:06,13.07,--,62,81034,卖盘
2413,11:14:57,13.07,-0.01,15,19605,卖盘
2414,11:14:54,13.08,0.02,3,3924,买盘
2415,11:14:51,13.06,-0.02,11,14366,卖盘
2416,11:14:48,13.08,0.01,318,415944,买盘
2417,11:14:45,13.07,0.01,48,62736,买盘
2418,11:14:42,13.06,0.01,1021,1334000,买盘
2419,11:14:39,13.05,--,20,26100,买盘
2420,11:14:36,13.05,0.01,30,39150,买盘
2421,11:14:33,13.04,-0.02,149,195026,卖盘
2422,11:14:30,13.06,0.01,4,5224,买盘
2423,11:14:27,13.05,--,125,163699,买盘
2424,11:14:24,13.05,--,30,39150,买盘
2425,11:14:21,13.05,--,65,84825,买盘
2426,11:14:18,13.05,--,336,438480,买盘
2427,11:14:12,13.05,--,234,305370,买盘
2428,11:14:09,13.05,0.02,58,75690,买盘
2429,11:14:06,13.03,--,500,651500,卖盘
2430,11:14:00,13.03,-0.01,181,235843,卖盘
2431,11:13:57,13.04,--,67,88306,买盘
2432,11:13:54,13.04,--,23,29991,买盘
2433,11:13:51,13.04,--,151,196904,买盘
2434,11:13:48,13.04,0.01,67,87368,买盘
2435,11:13:45,13.03,-0.01,11,14333,卖盘
2436,11:13:42,13.04,--,42,54768,买盘
2437,11:13:39,13.04,--,54,70781,买盘
2438,11:13:36,13.04,--,101,131704,买盘
2439,11:13:33,13.04,--,455,593685,卖盘
2440,11:13:30,13.04,-0.01,56,73024,卖盘
2441,11:13:27,13.05,0.01,4,5220,买盘
2442,11:13:24,13.04,-0.01,118,153872,卖盘
2443,11:13:18,13.05,0.01,100,130500,买盘
2444,11:13:15,13.04,--,38,49552,卖盘
2445,11:13:12,13.04,--,8,10432,卖盘
2446,11:13:09,13.04,0.01,23,30930,买盘
2447,11:13:06,13.03,--,7,9121,卖盘
2448,11:13:03,13.03,-0.01,83,108149,卖盘
2449,11:13:00,13.04,-0.01,328,428077,卖盘
2450,11:12:57,13.05,--,20,26100,买盘
2451,11:12:54,13.05,0.01,49,63945,买盘
2452,11:12:51,13.04,-0.01,20,26080,卖盘
2453,11:12:48,13.05,0.01,74,96570,买盘
2454,11:12:45,13.04,0.01,5,7458,买盘
2455,11:12:42,13.03,--,105,136815,卖盘
2456,11:12:39,13.03,--,11,14333,卖盘
2457,11:12:36,13.03,-0.01,256,333568,卖盘
2458,11:12:33,13.04,--,231,301224,卖盘
2459,11:12:30,13.04,--,146,190384,卖盘
2460,11:12:27,13.04,--,21,27384,卖盘
2461,11:12:24,13.04,0.01,22,28687,卖盘
2462,11:12:21,13.03,--,14,18242,卖盘
2463,11:12:18,13.03,-0.01,89,115967,卖盘
2464,11:12:15,13.04,--,134,174736,买盘
2465,11:12:12,13.04,0.01,52,67808,买盘
2466,11:12:09,13.03,--,21,27363,卖盘
2467,11:12:06,13.03,--,31,40393,卖盘
2468,11:12:03,13.03,--,246,320538,卖盘
2469,11:12:00,13.03,--,22,28666,卖盘
2470,11:11:57,13.03,-0.01,111,144633,卖盘
2471,11:11:54,13.04,--,22,28687,卖盘
2472,11:11:51,13.04,0.01,99,129095,买盘
2473,11:11:48,13.03,--,11,14333,卖盘
2474,11:11:45,13.03,--,27,35181,卖盘
2475,11:11:42,13.03,--,11,14333,卖盘
2476,11:11:39,13.03,-0.01,102,132906,卖盘
2477,11:11:36,13.04,0.01,94,122575,买盘
2478,11:11:33,13.03,-0.02,222,289266,卖盘
2479,11:11:30,13.05,0.01,34,44370,买盘
2480,11:11:27,13.04,0.01,21,27384,中性盘
2481,11:11:24,13.03,--,12,15636,卖盘
2482,11:11:21,13.03,--,22,28666,卖盘
2483,11:11:18,13.03,--,306,398718,卖盘
2484,11:11:15,13.03,--,288,375264,卖盘
2485,11:11:12,13.03,--,22,28666,卖盘
2486,11:11:09,13.03,--,65,85789,卖盘
2487,11:11:06,13.03,-0.01,296,385688,卖盘
2488,11:11:03,13.04,0.01,266,347881,买盘
2489,11:11:00,13.03,--,16,20848,卖盘
2490,11:10:57,13.03,-0.01,255,332265,卖盘
2491,11:10:54,13.04,0.01,64,83456,买盘
2492,11:10:51,13.03,-0.01,22,28666,卖盘
2493,11:10:48,13.04,0.01,117,152568,买盘
2494,11:10:45,13.03,-0.01,22,28666,卖盘
2495,11:10:42,13.04,0.01,16,20864,买盘
2496,11:10:39,13.03,--,24,31272,卖盘
2497,11:10:36,13.03,--,11,14333,卖盘
2498,11:10:33,13.03,--,442,575926,卖盘
2499,11:10:30,13.03,--,151,196753,卖盘
2500,11:10:27,13.03,--,22,28666,卖盘
2501,11:10:24,13.03,--,11,14333,卖盘
2502,11:10:21,13.03,--,27,35181,卖盘
2503,11:10:18,13.03,--,36,46908,卖盘
2504,11:10:15,13.03,0.01,264,343992,买盘
2505,11:10:12,13.02,--,24,31248,卖盘
2506,11:10:09,13.02,--,22,28644,卖盘
2507,11:10:06,13.02,-0.01,133,173166,卖盘
2508,11:10:03,13.03,--,309,402835,卖盘
2509,11:10:00,13.03,-0.01,13,16939,卖盘
2510,11:09:57,13.04,0.01,27,35208,买盘
2511,11:09:54,13.03,--,21,27363,卖盘
2512,11:09:51,13.03,--,24,31272,卖盘
2513,11:09:48,13.03,--,122,158966,卖盘
2514,11:09:45,13.03,--,14,18242,卖盘
2515,11:09:42,13.03,--,71,92513,卖盘
2516,11:09:39,13.03,--,11,14333,卖盘
2517,11:09:36,13.03,-0.01,60,78180,卖盘
2518,11:09:33,13.04,--,220,286997,卖盘
2519,11:09:30,13.04,--,94,123762,卖盘
2520,11:09:27,13.04,--,12,15647,卖盘
2521,11:09:24,13.04,--,21,27384,卖盘
2522,11:09:21,13.04,0.01,50,65199,中性盘
2523,11:09:18,13.03,-0.01,22,28666,卖盘
2524,11:09:15,13.04,--,12,15647,卖盘
2525,11:09:12,13.04,-0.01,76,99104,卖盘
2526,11:09:09,13.05,0.01,191,249255,买盘
2527,11:09:06,13.04,0.01,58,75632,买盘
2528,11:09:03,13.03,-0.01,260,338780,卖盘
2529,11:08:57,13.04,--,107,139528,买盘
2530,11:08:51,13.04,0.01,79,103016,买盘
2531,11:08:48,13.03,--,14,19336,卖盘
2532,11:08:39,13.03,--,143,186329,卖盘
2533,11:08:36,13.03,--,364,474292,买盘
2534,11:08:33,13.03,--,440,573320,卖盘
2535,11:08:27,13.03,--,6,7818,卖盘
2536,11:08:21,13.03,--,32,41696,卖盘
2537,11:08:15,13.03,0.01,12,15636,中性盘
2538,11:08:12,13.02,-0.01,250,326177,卖盘
2539,11:08:09,13.03,--,41,53423,买盘
2540,11:08:06,13.03,--,59,76877,买盘
2541,11:08:03,13.03,--,256,334193,卖盘
2542,11:08:00,13.03,--,28,37370,卖盘
2543,11:07:54,13.03,--,13,16939,卖盘
2544,11:07:51,13.03,--,120,156360,卖盘
2545,11:07:48,13.03,--,24,31272,卖盘
2546,11:07:45,13.03,--,381,496443,卖盘
2547,11:07:42,13.03,--,80,104240,卖盘
2548,11:07:39,13.03,-0.01,65,84695,卖盘
2549,11:07:36,13.04,0.01,159,207336,买盘
2550,11:07:33,13.03,-0.01,457,595471,卖盘
2551,11:07:30,13.04,--,27,35208,买盘
2552,11:07:27,13.04,0.01,36,46944,买盘
2553,11:07:24,13.03,-0.01,4,6306,卖盘
2554,11:07:21,13.04,--,43,56071,买盘
2555,11:07:15,13.04,--,355,463037,卖盘
2556,11:07:12,13.04,--,11,14343,卖盘
2557,11:07:09,13.04,-0.01,16,20864,卖盘
2558,11:07:06,13.05,0.01,195,255519,买盘
2559,11:07:03,13.04,--,408,532032,卖盘
2560,11:07:00,13.04,-0.01,38,49552,卖盘
2561,11:06:57,13.05,--,16,20880,买盘
2562,11:06:51,13.05,--,47,61335,买盘
2563,11:06:48,13.05,--,78,101855,买盘
2564,11:06:45,13.05,0.01,501,653805,买盘
2565,11:06:42,13.04,-0.01,79,103016,卖盘
2566,11:06:36,13.05,0.01,5,6525,买盘
2567,11:06:33,13.04,--,442,576368,卖盘
2568,11:06:30,13.04,-0.01,86,112143,卖盘
2569,11:06:27,13.05,--,117,152763,买盘
2570,11:06:24,13.05,--,3,3915,买盘
2571,11:06:21,13.05,0.01,1,1305,买盘
2572,11:06:18,13.04,-0.01,179,233415,卖盘
2573,11:06:15,13.05,--,16,20880,卖盘
2574,11:06:12,13.05,--,3,3915,卖盘
2575,11:06:06,13.05,0.01,91,118755,买盘
2576,11:06:03,13.04,-0.03,211,275144,卖盘
2577,11:06:00,13.07,--,135,176445,买盘
2578,11:05:57,13.07,0.02,43,56201,买盘
2579,11:05:54,13.05,-0.02,29,37845,卖盘
2580,11:05:51,13.07,0.02,4,5228,买盘
2581,11:05:45,13.05,-0.02,500,652500,卖盘
2582,11:05:42,13.07,0.01,81,105867,买盘
2583,11:05:36,13.06,--,20,26120,买盘
2584,11:05:33,13.06,-0.01,438,572028,卖盘
2585,11:05:30,13.07,--,7,9149,买盘
2586,11:05:27,13.07,0.01,50,65350,买盘
2587,11:05:21,13.06,-0.01,2,2612,卖盘
2588,11:05:15,13.07,-0.01,319,416933,卖盘
2589,11:05:12,13.08,0.01,46,60168,买盘
2590,11:05:09,13.07,-0.01,54,70578,卖盘
2591,11:05:06,13.08,--,50,65400,买盘
2592,11:05:03,13.08,-0.01,90,118243,卖盘
2593,11:05:00,13.09,0.01,10,13090,买盘
2594,11:04:57,13.08,-0.02,171,223668,卖盘
2595,11:04:51,13.1,--,112,146720,买盘
2596,11:04:45,13.1,-0.01,109,142790,卖盘
2597,11:04:42,13.11,--,92,120612,买盘
2598,11:04:39,13.11,0.01,1,1311,买盘
2599,11:04:36,13.1,0.02,175,229250,买盘
2600,11:04:33,13.08,--,425,555900,卖盘
2601,11:04:30,13.08,0.02,422,552760,买盘
2602,11:04:27,13.06,-0.01,101,131906,卖盘
2603,11:04:24,13.07,0.01,14,18298,买盘
2604,11:04:21,13.06,-0.01,10,13060,卖盘
2605,11:04:18,13.07,0.02,673,879611,买盘
2606,11:04:15,13.05,--,30,39150,卖盘
2607,11:04:12,13.05,-0.01,70,91350,卖盘
2608,11:04:09,13.06,--,67,87502,买盘
2609,11:04:06,13.06,--,13,16978,买盘
2610,11:04:03,13.06,--,87,114144,卖盘
2611,11:04:00,13.06,0.01,75,98733,买盘
2612,11:03:57,13.05,--,74,96570,买盘
2613,11:03:54,13.05,--,93,121365,买盘
2614,11:03:51,13.05,--,117,152685,买盘
2615,11:03:45,13.05,--,378,493290,卖盘
2616,11:03:42,13.05,--,79,103095,买盘
2617,11:03:39,13.05,--,200,261000,买盘
2618,11:03:36,13.05,-0.01,12,15660,买盘
2619,11:03:33,13.06,--,227,296462,买盘
2620,11:03:27,13.06,0.01,61,79666,买盘
2621,11:03:24,13.05,0.01,87,113535,买盘
2622,11:03:21,13.04,-0.01,96,125183,卖盘
2623,11:03:18,13.05,--,224,292320,买盘
2624,11:03:15,13.05,-0.01,182,237510,卖盘
2625,11:03:12,13.06,--,51,66606,买盘
2626,11:03:09,13.06,0.01,119,155414,买盘
2627,11:03:06,13.05,-0.01,2,2610,卖盘
2628,11:03:03,13.06,0.01,35,45710,卖盘
2629,11:03:00,13.05,-0.03,10,13050,卖盘
2630,11:02:57,13.08,0.02,10,13080,买盘
2631,11:02:54,13.06,--,1,1306,买盘
2632,11:02:51,13.06,--,85,111010,买盘
2633,11:02:48,13.06,-0.02,18,23508,卖盘
2634,11:02:45,13.08,0.03,68,88944,买盘
2635,11:02:33,13.05,-0.05,205,268177,卖盘
2636,11:02:30,13.1,0.01,117,153270,买盘
2637,11:02:27,13.09,-0.01,181,236929,卖盘
2638,11:02:24,13.1,0.01,162,212220,买盘
2639,11:02:21,13.09,--,330,431970,卖盘
2640,11:02:18,13.09,--,2,2618,卖盘
2641,11:02:15,13.09,0.01,196,257218,买盘
2642,11:02:12,13.08,--,1,1308,买盘
2643,11:02:09,13.08,0.02,64,83712,买盘
2644,11:02:06,13.06,--,4,5224,卖盘
2645,11:02:03,13.06,--,301,393106,卖盘
2646,11:02:00,13.06,--,4,5224,卖盘
2647,11:01:54,13.06,-0.01,149,194594,中性盘
2648,11:01:48,13.07,0.01,15,19605,买盘
2649,11:01:45,13.06,0.01,217,283402,买盘
2650,11:01:42,13.05,--,66,86130,卖盘
2651,11:01:39,13.05,0.02,201,262305,买盘
2652,11:01:36,13.03,--,8,10424,买盘
2653,11:01:33,13.03,--,305,397415,买盘
2654,11:01:30,13.03,--,318,414354,卖盘
2655,11:01:27,13.03,--,10,13030,卖盘
2656,11:01:24,13.03,--,400,521200,卖盘
2657,11:01:21,13.03,--,5,6515,卖盘
2658,11:01:18,13.03,--,23,29969,卖盘
2659,11:01:15,13.03,0.01,63,82089,买盘
2660,11:01:12,13.02,-0.01,38,49476,卖盘
2661,11:01:09,13.03,0.01,206,268418,中性盘
2662,11:01:03,13.02,-0.01,299,389298,卖盘
2663,11:01:00,13.03,0.01,10,13030,卖盘
2664,11:00:57,13.02,-0.01,269,350238,卖盘
2665,11:00:54,13.03,--,40,52120,买盘
2666,11:00:51,13.03,--,38,49514,买盘
2667,11:00:48,13.03,-0.01,1083,1411149,卖盘
2668,11:00:45,13.04,--,172,224287,卖盘
2669,11:00:42,13.04,0.01,78,101712,买盘
2670,11:00:39,13.03,-0.01,103,134209,卖盘
2671,11:00:36,13.04,--,9,11736,买盘
2672,11:00:33,13.04,-0.01,164,213856,卖盘
2673,11:00:30,13.05,--,155,202275,卖盘
2674,11:00:27,13.05,-0.01,14,18270,卖盘
2675,11:00:24,13.06,--,54,70524,买盘
2676,11:00:21,13.06,0.01,11,14366,买盘
2677,11:00:15,13.05,0.01,80,104400,买盘
2678,11:00:12,13.04,-0.01,36,46944,卖盘
2679,11:00:09,13.05,0.01,46,60030,买盘
2680,11:00:06,13.04,-0.01,53,69112,卖盘
2681,11:00:03,13.05,--,10,13050,买盘
2682,11:00:00,13.05,--,3,3915,买盘
2683,10:59:57,13.05,-0.01,15,19614,卖盘
2684,10:59:54,13.06,0.01,31,40486,买盘
2685,10:59:51,13.05,--,26,33930,卖盘
2686,10:59:48,13.05,--,5,6525,卖盘
2687,10:59:45,13.05,--,64,83520,卖盘
2688,10:59:42,13.05,0.01,692,904325,买盘
2689,10:59:39,13.04,0.01,110,143440,中性盘
2690,10:59:36,13.03,--,17,22151,卖盘
2691,10:59:33,13.03,--,169,220207,卖盘
2692,10:59:30,13.03,--,267,347901,卖盘
2693,10:59:27,13.03,--,14,18242,卖盘
2694,10:59:24,13.03,--,131,170693,卖盘
2695,10:59:21,13.03,0.01,17,22151,卖盘
2696,10:59:18,13.02,-0.01,466,606732,卖盘
2697,10:59:15,13.03,0.01,102,132906,买盘
2698,10:59:12,13.02,--,9,11718,卖盘
2699,10:59:09,13.02,--,5,6510,卖盘
2700,10:59:06,13.02,-0.01,11,14322,卖盘
2701,10:59:03,13.03,--,3,3909,买盘
2702,10:59:00,13.03,--,35,45605,买盘
2703,10:58:57,13.03,-0.02,12,15636,中性盘
2704,10:58:54,13.05,0.04,75,97875,买盘
2705,10:58:51,13.01,-0.04,300,390300,卖盘
2706,10:58:48,13.05,0.04,129,168345,买盘
2707,10:58:45,13.01,-0.02,400,520400,卖盘
2708,10:58:42,13.03,--,1,1303,卖盘
2709,10:58:39,13.03,--,86,112058,买盘
2710,10:58:36,13.03,0.01,36,46908,买盘
2711,10:58:33,13.02,-0.01,186,242172,卖盘
2712,10:58:30,13.03,-0.01,62,80786,卖盘
2713,10:58:27,13.04,0.01,77,100408,买盘
2714,10:58:24,13.03,--,12,15636,买盘
2715,10:58:21,13.03,-0.01,5,6515,中性盘
2716,10:58:18,13.04,0.01,306,399024,买盘
2717,10:58:15,13.03,--,106,138118,卖盘
2718,10:58:12,13.03,0.02,112,145936,买盘
2719,10:58:09,13.01,--,26,33826,卖盘
2720,10:58:06,13.01,--,49,63983,卖盘
2721,10:58:03,13.01,-0.01,250,325250,卖盘
2722,10:58:00,13.02,--,208,270816,买盘
2723,10:57:57,13.02,-0.01,228,296856,卖盘
2724,10:57:54,13.03,0.02,148,192844,买盘
2725,10:57:51,13.01,-0.02,557,724657,卖盘
2726,10:57:48,13.03,0.01,253,330753,中性盘
2727,10:57:45,13.02,--,30,39060,卖盘
2728,10:57:42,13.02,--,43,55986,中性盘
2729,10:57:39,13.02,-0.03,303,394506,卖盘
2730,10:57:36,13.05,--,88,114840,买盘
2731,10:57:33,13.05,0.03,490,639450,买盘
2732,10:57:30,13.02,--,336,437472,买盘
2733,10:57:27,13.02,-0.02,213,278614,卖盘
2734,10:57:24,13.04,0.02,56,73024,买盘
2735,10:57:21,13.02,--,80,104160,卖盘
2736,10:57:18,13.02,-0.01,136,177072,卖盘
2737,10:57:15,13.03,--,400,521200,卖盘
2738,10:57:12,13.03,0.01,220,286673,买盘
2739,10:57:09,13.02,--,172,223944,卖盘
2740,10:57:06,13.02,--,131,170562,卖盘
2741,10:57:03,13.02,-0.01,40,52080,卖盘
2742,10:57:00,13.03,0.01,22,28666,买盘
2743,10:56:57,13.02,-0.01,1006,1311100,卖盘
2744,10:56:54,13.03,--,536,698408,卖盘
2745,10:56:51,13.03,--,180,234540,卖盘
2746,10:56:48,13.03,--,81,105543,卖盘
2747,10:56:45,13.03,--,84,109452,卖盘
2748,10:56:42,13.03,-0.02,237,308811,卖盘
2749,10:56:39,13.05,0.01,146,191795,买盘
2750,10:56:36,13.04,--,124,161748,卖盘
2751,10:56:33,13.04,--,12,15647,卖盘
2752,10:56:30,13.04,--,21,27384,卖盘
2753,10:56:27,13.04,-0.01,128,166964,卖盘
2754,10:56:24,13.05,-0.01,27,35235,卖盘
2755,10:56:21,13.06,0.01,81,107039,买盘
2756,10:56:18,13.05,--,32,41760,卖盘
2757,10:56:15,13.05,-0.02,365,476325,卖盘
2758,10:56:12,13.07,0.01,129,168603,买盘
2759,10:56:09,13.06,--,41,53546,卖盘
2760,10:56:06,13.06,--,54,70524,卖盘
