,time,price,change,volume,amount,type
0,15:00:03,11.46,-0.01,883,1012147,卖盘
1,14:57:00,11.47,0.01,4,4588,买盘
2,14:56:57,11.46,--,112,128352,卖盘
3,14:56:51,11.46,--,90,104056,卖盘
4,14:56:45,11.46,--,1,1146,卖盘
5,14:56:39,11.46,0.01,273,312858,买盘
6,14:56:33,11.45,--,26,29769,卖盘
7,14:56:30,11.45,-0.01,3,3435,卖盘
8,14:56:27,11.46,0.01,3,3438,买盘
9,14:56:24,11.45,-0.01,76,87020,卖盘
10,14:56:21,11.46,--,45,51570,买盘
11,14:56:18,11.46,0.01,389,445794,买盘
12,14:56:15,11.45,-0.01,29,33205,卖盘
13,14:56:06,11.46,0.01,7,8022,买盘
14,14:56:03,11.45,-0.01,36,41220,卖盘
15,14:56:00,11.46,--,100,114600,买盘
16,14:55:54,11.46,0.01,163,186798,买盘
17,14:55:51,11.45,--,6,6870,卖盘
18,14:55:48,11.45,--,7,8014,卖盘
19,14:55:45,11.45,--,32,36640,卖盘
20,14:55:42,11.45,--,4,4580,卖盘
21,14:55:39,11.45,-0.01,28,32059,卖盘
22,14:55:36,11.46,--,3,3438,买盘
23,14:55:33,11.46,--,17,19482,买盘
24,14:55:30,11.46,--,70,80220,买盘
25,14:55:27,11.46,0.01,30,34380,买盘
26,14:55:24,11.45,-0.01,10,11450,卖盘
27,14:55:21,11.46,--,187,214302,买盘
28,14:55:18,11.46,0.01,7,8022,买盘
29,14:55:15,11.45,-0.01,163,186635,卖盘
30,14:55:12,11.46,0.01,70,80220,卖盘
31,14:55:09,11.45,-0.01,22,25190,卖盘
32,14:55:06,11.46,0.01,10,11460,中性盘
33,14:55:03,11.45,--,247,282815,卖盘
34,14:55:00,11.45,-0.01,86,98470,卖盘
35,14:54:57,11.46,0.01,95,108870,买盘
36,14:54:51,11.45,--,6,6870,卖盘
37,14:54:48,11.45,--,9,10305,卖盘
38,14:54:45,11.45,-0.01,11,12595,卖盘
39,14:54:42,11.46,--,5,5730,买盘
40,14:54:39,11.46,0.01,10,11460,买盘
41,14:54:36,11.45,--,81,92745,卖盘
42,14:54:33,11.45,-0.01,40,45800,卖盘
43,14:54:27,11.46,--,26,29796,买盘
44,14:54:24,11.46,--,39,44957,卖盘
45,14:54:21,11.46,--,153,175338,卖盘
46,14:54:18,11.46,--,15,17190,卖盘
47,14:54:15,11.46,--,2,2292,卖盘
48,14:54:06,11.46,--,10,11460,卖盘
49,14:54:00,11.46,--,103,118038,卖盘
50,14:53:57,11.46,-0.01,55,63030,卖盘
51,14:53:54,11.47,0.01,132,151404,买盘
52,14:53:51,11.46,--,38,43548,卖盘
53,14:53:48,11.46,--,4,5145,卖盘
54,14:53:45,11.46,-0.01,30,34380,卖盘
55,14:53:42,11.47,0.01,2,2294,买盘
56,14:53:39,11.46,--,48,55008,卖盘
57,14:53:36,11.46,-0.01,151,173046,卖盘
58,14:53:33,11.47,0.01,180,206460,买盘
59,14:53:21,11.46,--,89,101994,卖盘
60,14:53:18,11.46,--,2,2292,卖盘
61,14:53:15,11.46,--,81,92826,卖盘
62,14:53:12,11.46,--,4,4904,卖盘
63,14:53:09,11.46,--,250,286500,卖盘
64,14:53:00,11.46,--,21,24066,卖盘
65,14:52:57,11.46,--,178,203988,卖盘
66,14:52:54,11.46,--,4,4584,卖盘
67,14:52:51,11.46,-0.01,4,4584,卖盘
68,14:52:48,11.47,0.01,7,8029,买盘
69,14:52:45,11.46,-0.01,1,1146,卖盘
70,14:52:33,11.47,0.01,24,27528,买盘
71,14:52:30,11.46,--,105,120330,卖盘
72,14:52:27,11.46,-0.01,66,75636,卖盘
73,14:52:24,11.47,--,42,48174,买盘
74,14:52:21,11.47,0.01,42,48174,买盘
75,14:52:15,11.46,-0.01,1,1146,卖盘
76,14:52:12,11.47,--,31,35557,买盘
77,14:52:09,11.47,--,331,379657,卖盘
78,14:52:06,11.47,--,62,71114,卖盘
79,14:52:03,11.47,--,5,5735,卖盘
80,14:51:57,11.47,--,12,13764,卖盘
81,14:51:54,11.47,-0.01,68,77996,卖盘
82,14:51:48,11.48,0.01,9,10332,买盘
83,14:51:45,11.47,--,6,6882,卖盘
84,14:51:39,11.47,--,5,5735,卖盘
85,14:51:36,11.47,-0.01,12,13764,卖盘
86,14:51:33,11.48,0.01,225,258300,买盘
87,14:51:30,11.47,0.01,15,17205,买盘
88,14:51:27,11.46,-0.01,11,12606,卖盘
89,14:51:24,11.47,--,15,17205,买盘
90,14:51:21,11.47,0.01,50,57350,买盘
91,14:51:15,11.46,--,5,5730,卖盘
92,14:51:12,11.46,--,3,3438,卖盘
93,14:51:09,11.46,-0.01,40,45840,卖盘
94,14:51:06,11.47,0.01,2,2294,买盘
95,14:51:00,11.46,-0.01,5,5730,卖盘
96,14:50:57,11.47,--,11,12617,买盘
97,14:50:54,11.47,--,12,13764,买盘
98,14:50:51,11.47,0.01,23,26381,买盘
99,14:50:48,11.46,--,10,11460,卖盘
100,14:50:45,11.46,-0.01,15,17190,卖盘
101,14:50:42,11.47,-0.01,18,20646,中性盘
102,14:50:33,11.48,0.02,341,391468,买盘
103,14:50:30,11.46,-0.01,27,30942,卖盘
104,14:50:27,11.47,--,1,1147,买盘
105,14:50:21,11.47,--,16,18352,买盘
106,14:50:18,11.47,0.01,303,347541,买盘
107,14:50:15,11.46,--,32,36672,卖盘
108,14:50:09,11.46,--,8,9168,卖盘
109,14:50:06,11.46,--,2,2292,卖盘
110,14:50:00,11.46,-0.01,6,6876,卖盘
111,14:49:57,11.47,--,150,172050,买盘
112,14:49:51,11.47,--,36,41292,买盘
113,14:49:48,11.47,0.01,11,12617,买盘
114,14:49:45,11.46,-0.01,41,46986,卖盘
115,14:49:42,11.47,--,25,28675,买盘
116,14:49:39,11.47,--,20,22940,买盘
117,14:49:36,11.47,--,151,173197,买盘
118,14:49:33,11.47,0.01,427,489769,买盘
119,14:49:30,11.46,-0.01,3,3438,卖盘
120,14:49:21,11.47,0.01,36,41292,买盘
121,14:49:18,11.46,--,6,6876,卖盘
122,14:49:15,11.46,--,137,157002,卖盘
123,14:49:09,11.46,-0.01,4,4584,卖盘
124,14:49:03,11.47,0.01,4,4588,买盘
125,14:49:00,11.46,--,23,26358,卖盘
126,14:48:51,11.46,-0.01,5,5730,卖盘
127,14:48:48,11.47,0.01,48,55056,买盘
128,14:48:45,11.46,-0.01,45,51570,卖盘
129,14:48:42,11.47,0.01,35,40145,买盘
130,14:48:39,11.46,-0.01,4,4584,卖盘
131,14:48:30,11.47,0.01,2,2294,买盘
132,14:48:24,11.46,--,12,13752,卖盘
133,14:48:21,11.46,-0.01,4,4584,卖盘
134,14:48:18,11.47,0.01,35,40145,买盘
135,14:48:15,11.46,--,56,64176,卖盘
136,14:48:12,11.46,--,50,57300,卖盘
137,14:48:09,11.46,--,2,2292,卖盘
138,14:48:06,11.46,-0.01,3,3438,卖盘
139,14:47:57,11.47,--,2,2294,买盘
140,14:47:51,11.47,--,244,279868,卖盘
141,14:47:48,11.47,--,6,6882,卖盘
142,14:47:45,11.47,--,52,59644,卖盘
143,14:47:42,11.47,--,33,37851,卖盘
144,14:47:39,11.47,-0.01,10,11470,卖盘
145,14:47:36,11.48,0.01,37,42476,买盘
146,14:47:33,11.47,--,3,3441,卖盘
147,14:47:30,11.47,--,10,11470,卖盘
148,14:47:27,11.47,--,5,5735,卖盘
149,14:47:18,11.47,--,13,14911,卖盘
150,14:47:15,11.47,-0.01,3,3441,卖盘
151,14:47:12,11.48,0.01,36,41328,买盘
152,14:47:09,11.47,--,2,2294,卖盘
153,14:47:06,11.47,--,55,63085,卖盘
154,14:47:03,11.47,--,54,61938,卖盘
155,14:46:54,11.47,--,11,12617,卖盘
156,14:46:48,11.47,--,3,3441,卖盘
157,14:46:45,11.47,-0.01,46,52762,卖盘
158,14:46:42,11.48,--,90,103320,买盘
159,14:46:39,11.48,0.01,36,41328,买盘
160,14:46:36,11.47,--,45,51615,卖盘
161,14:46:33,11.47,--,5,5735,卖盘
162,14:46:27,11.47,--,5,5735,卖盘
163,14:46:24,11.47,--,3,3441,卖盘
164,14:46:21,11.47,--,4,4588,卖盘
165,14:46:18,11.47,--,14,16058,卖盘
166,14:46:15,11.47,--,44,50468,卖盘
167,14:46:12,11.47,--,15,17205,卖盘
168,14:46:06,11.47,--,4,4588,卖盘
169,14:46:03,11.47,-0.01,43,49321,卖盘
170,14:46:00,11.48,0.01,15,17220,买盘
171,14:45:57,11.47,-0.01,100,114700,卖盘
172,14:45:54,11.48,--,21,24108,买盘
173,14:45:51,11.48,0.01,16,18368,买盘
174,14:45:48,11.47,--,129,147963,卖盘
175,14:45:45,11.47,--,16,18352,卖盘
176,14:45:39,11.47,-0.01,50,57350,卖盘
177,14:45:33,11.48,--,11,12628,买盘
178,14:45:30,11.48,0.01,11,12628,买盘
179,14:45:24,11.47,-0.01,29,33263,卖盘
180,14:45:21,11.48,--,220,252560,买盘
181,14:45:18,11.48,0.01,7,8036,买盘
182,14:45:15,11.47,--,9,10323,卖盘
183,14:45:12,11.47,--,34,38998,卖盘
184,14:45:09,11.47,-0.01,173,198431,卖盘
185,14:45:06,11.48,0.01,6,6888,买盘
186,14:45:03,11.47,-0.01,32,36704,卖盘
187,14:44:51,11.48,0.01,18,20664,买盘
188,14:44:45,11.47,-0.01,4,4588,卖盘
189,14:44:42,11.48,0.01,2,2296,买盘
190,14:44:39,11.47,--,19,21793,卖盘
191,14:44:36,11.47,--,7,8029,卖盘
192,14:44:33,11.47,--,15,17205,卖盘
193,14:44:30,11.47,-0.01,3,3441,卖盘
194,14:44:27,11.48,0.01,5,5740,买盘
195,14:44:24,11.47,--,4,4588,卖盘
196,14:44:15,11.47,--,8,9176,卖盘
197,14:44:12,11.47,-0.01,6,6882,卖盘
198,14:44:09,11.48,--,9,10332,买盘
199,14:44:06,11.48,0.01,50,57400,买盘
200,14:44:00,11.47,-0.01,10,11470,卖盘
201,14:43:57,11.48,--,86,99646,卖盘
202,14:43:54,11.48,--,106,121688,卖盘
203,14:43:48,11.48,--,357,409836,卖盘
204,14:43:45,11.48,--,56,64288,卖盘
205,14:43:42,11.48,--,10,11480,卖盘
206,14:43:39,11.48,-0.01,4,4592,卖盘
207,14:43:36,11.49,0.01,8,9192,买盘
208,14:43:33,11.48,--,10,11480,卖盘
209,14:43:30,11.48,--,2,2296,卖盘
210,14:43:27,11.48,-0.01,346,397208,卖盘
211,14:43:24,11.49,0.01,1,1149,买盘
212,14:43:18,11.48,--,17,19516,卖盘
213,14:43:15,11.48,--,4,4592,卖盘
214,14:43:12,11.48,--,5,5740,卖盘
215,14:43:09,11.48,-0.01,41,47068,卖盘
216,14:43:06,11.49,0.01,22,25278,买盘
217,14:43:03,11.48,--,201,230748,卖盘
218,14:43:00,11.48,-0.01,4,4592,卖盘
219,14:42:57,11.49,0.01,17,19533,买盘
220,14:42:54,11.48,-0.01,47,53956,卖盘
221,14:42:51,11.49,0.01,24,27576,买盘
222,14:42:45,11.48,--,56,64288,卖盘
223,14:42:39,11.48,--,60,68880,卖盘
224,14:42:36,11.48,-0.01,12,13776,卖盘
225,14:42:33,11.49,--,19,21831,买盘
226,14:42:27,11.49,--,1,1149,买盘
227,14:42:24,11.49,0.01,47,54003,买盘
228,14:42:21,11.48,--,96,110208,卖盘
229,14:42:18,11.48,-0.01,42,48216,卖盘
230,14:42:15,11.49,--,46,52854,买盘
231,14:42:12,11.49,--,23,26427,买盘
232,14:42:09,11.49,--,23,26427,买盘
233,14:42:06,11.49,--,114,130986,买盘
234,14:42:03,11.49,--,12,13788,买盘
235,14:42:00,11.49,--,4,4596,买盘
236,14:41:57,11.49,--,1,1149,买盘
237,14:41:54,11.49,--,23,26427,买盘
238,14:41:48,11.49,0.01,8,9192,买盘
239,14:41:45,11.48,-0.01,5,5740,卖盘
240,14:41:42,11.49,0.01,3,3447,买盘
241,14:41:39,11.48,--,2,2296,卖盘
242,14:41:36,11.48,--,3,3444,卖盘
243,14:41:33,11.48,--,327,375396,卖盘
244,14:41:30,11.48,--,3,3444,卖盘
245,14:41:24,11.48,--,20,22960,卖盘
246,14:41:21,11.48,--,260,298480,卖盘
247,14:41:18,11.48,--,4,4592,卖盘
248,14:41:15,11.48,-0.01,48,55104,卖盘
249,14:41:12,11.49,0.01,36,41364,买盘
250,14:41:09,11.48,-0.01,14,16072,卖盘
251,14:41:06,11.49,--,15,17235,买盘
252,14:41:03,11.49,--,34,39066,买盘
253,14:41:00,11.49,0.01,14,16086,买盘
254,14:40:57,11.48,-0.01,26,29848,卖盘
255,14:40:54,11.49,--,3,3447,买盘
256,14:40:51,11.49,0.01,200,229800,买盘
257,14:40:48,11.48,--,11,12628,卖盘
258,14:40:45,11.48,--,170,195160,卖盘
259,14:40:42,11.48,--,17,19516,卖盘
260,14:40:39,11.48,-0.01,23,26404,卖盘
261,14:40:33,11.49,--,13,14937,买盘
262,14:40:30,11.49,0.01,16,18384,买盘
263,14:40:27,11.48,--,3,3444,卖盘
264,14:40:24,11.48,--,6,6888,卖盘
265,14:40:21,11.48,-0.01,25,28700,卖盘
266,14:40:12,11.49,--,3,3447,买盘
267,14:40:09,11.49,0.01,11,12639,买盘
268,14:40:06,11.48,-0.01,21,24108,卖盘
269,14:40:00,11.49,--,60,68940,买盘
270,14:39:57,11.49,--,9,10341,买盘
271,14:39:54,11.49,0.01,3,3447,买盘
272,14:39:48,11.48,-0.01,9,10332,卖盘
273,14:39:42,11.49,--,8,9192,买盘
274,14:39:39,11.49,0.01,16,18384,买盘
275,14:39:36,11.48,-0.01,16,18368,卖盘
276,14:39:33,11.49,--,23,26427,买盘
277,14:39:30,11.49,0.01,7,8043,买盘
278,14:39:24,11.48,--,70,80360,卖盘
279,14:39:21,11.48,--,9,10332,卖盘
280,14:39:18,11.48,--,10,11480,卖盘
281,14:39:15,11.48,-0.01,6,6888,卖盘
282,14:39:12,11.49,--,14,16086,买盘
283,14:39:09,11.49,0.01,9,10341,买盘
284,14:39:06,11.48,-0.01,106,121688,卖盘
285,14:39:03,11.49,--,6,6894,买盘
286,14:39:00,11.49,--,6,6894,买盘
287,14:38:57,11.49,--,14,16086,买盘
288,14:38:54,11.49,--,150,172350,买盘
289,14:38:51,11.49,0.01,30,34470,买盘
290,14:38:48,11.48,-0.01,68,78064,卖盘
291,14:38:42,11.49,--,30,34470,买盘
292,14:38:39,11.49,0.01,10,11490,买盘
293,14:38:36,11.48,-0.01,15,17220,卖盘
294,14:38:33,11.49,--,3,3447,买盘
295,14:38:30,11.49,0.01,20,22980,买盘
296,14:38:27,11.48,--,80,91840,卖盘
297,14:38:24,11.48,--,14,16072,卖盘
298,14:38:21,11.48,-0.01,18,20664,卖盘
299,14:38:18,11.49,--,36,41364,买盘
300,14:38:15,11.49,--,1,1149,买盘
301,14:38:12,11.49,--,3,3447,买盘
302,14:38:09,11.49,0.01,52,59748,买盘
303,14:38:06,11.48,-0.01,1,1148,卖盘
304,14:38:03,11.49,--,86,98814,买盘
305,14:38:00,11.49,--,8,9192,买盘
306,14:37:57,11.49,--,9,10341,买盘
307,14:37:51,11.49,0.01,6,6894,买盘
308,14:37:45,11.48,-0.01,20,22960,卖盘
309,14:37:42,11.49,--,28,32172,买盘
310,14:37:36,11.49,--,9,10341,买盘
311,14:37:33,11.49,0.01,3,3447,买盘
312,14:37:30,11.48,-0.01,12,13776,卖盘
313,14:37:27,11.49,0.01,33,37917,买盘
314,14:37:24,11.48,-0.01,103,118244,卖盘
315,14:37:21,11.49,0.01,251,288628,买盘
316,14:37:15,11.48,-0.01,12,13776,卖盘
317,14:37:12,11.49,--,8,9192,买盘
318,14:37:06,11.49,0.01,18,20682,买盘
319,14:37:03,11.48,-0.01,5,5740,卖盘
320,14:37:00,11.49,--,11,12639,买盘
321,14:36:54,11.49,--,11,12639,买盘
322,14:36:51,11.49,0.01,241,276909,买盘
323,14:36:48,11.48,--,4,4592,卖盘
324,14:36:45,11.48,--,63,72324,买盘
325,14:36:42,11.48,--,50,57400,买盘
326,14:36:39,11.48,--,7,8036,买盘
327,14:36:36,11.48,--,19,21812,买盘
328,14:36:33,11.48,0.01,47,53956,买盘
329,14:36:30,11.47,-0.01,209,239723,卖盘
330,14:36:27,11.48,--,76,87248,买盘
331,14:36:21,11.48,--,595,683060,买盘
332,14:36:12,11.48,--,99,113652,买盘
333,14:36:09,11.48,--,51,58548,买盘
334,14:36:06,11.48,0.01,56,64288,买盘
335,14:36:03,11.47,-0.01,18,20646,卖盘
336,14:35:57,11.48,--,123,141204,买盘
337,14:35:51,11.48,--,252,289296,买盘
338,14:35:48,11.48,--,88,101024,买盘
339,14:35:45,11.48,--,10,11480,买盘
340,14:35:42,11.48,0.01,6,6888,买盘
341,14:35:36,11.47,-0.01,1,1147,卖盘
342,14:35:33,11.48,0.01,15,17220,买盘
343,14:35:27,11.47,-0.01,8,9176,卖盘
344,14:35:24,11.48,--,123,141204,买盘
345,14:35:21,11.48,--,359,412132,买盘
346,14:35:15,11.48,--,2,2296,买盘
347,14:35:12,11.48,0.01,119,136612,买盘
348,14:35:09,11.47,-0.01,2,2294,卖盘
349,14:35:06,11.48,--,28,32144,买盘
350,14:35:03,11.48,0.01,16,18368,买盘
351,14:35:00,11.47,--,66,75702,卖盘
352,14:34:57,11.47,-0.01,2,2294,卖盘
353,14:34:54,11.48,--,55,63140,买盘
354,14:34:51,11.48,--,326,374248,买盘
355,14:34:45,11.48,0.01,84,96432,买盘
356,14:34:42,11.47,-0.01,5,5735,卖盘
357,14:34:39,11.48,0.01,6,6888,买盘
358,14:34:36,11.47,--,3,3441,卖盘
359,14:34:33,11.47,-0.01,8,9176,卖盘
360,14:34:24,11.48,--,2,2296,买盘
361,14:34:21,11.48,0.01,271,311108,买盘
362,14:34:15,11.47,-0.01,2,2294,卖盘
363,14:34:12,11.48,--,13,14924,买盘
364,14:34:09,11.48,0.01,5,5740,买盘
365,14:34:06,11.47,-0.01,1,1147,卖盘
366,14:34:00,11.48,0.01,12,13776,买盘
367,14:33:57,11.47,-0.01,77,88319,卖盘
368,14:33:51,11.48,0.02,159,182532,买盘
369,14:33:48,11.46,-0.01,12,13752,卖盘
370,14:33:42,11.47,--,6,6882,买盘
371,14:33:33,11.47,0.01,99,113553,买盘
372,14:33:30,11.46,--,8,9168,卖盘
373,14:33:27,11.46,-0.01,100,114600,卖盘
374,14:33:21,11.47,--,232,266104,买盘
375,14:33:18,11.47,--,12,13764,买盘
376,14:33:15,11.47,--,70,80290,买盘
377,14:33:12,11.47,--,3,3441,买盘
378,14:33:09,11.47,0.01,6,6882,买盘
379,14:33:06,11.46,-0.01,3,3438,卖盘
380,14:33:03,11.47,--,7,8029,买盘
381,14:32:51,11.47,0.01,272,311984,买盘
382,14:32:48,11.46,--,79,90534,卖盘
383,14:32:45,11.46,-0.01,12,13752,卖盘
384,14:32:39,11.47,--,6,6882,买盘
385,14:32:36,11.47,--,75,86025,买盘
386,14:32:30,11.47,0.01,3,3441,买盘
387,14:32:24,11.46,--,46,52716,卖盘
388,14:32:21,11.46,-0.01,9,10314,卖盘
389,14:32:15,11.47,--,39,44733,买盘
390,14:32:12,11.47,--,3,3441,买盘
391,14:32:09,11.47,--,28,32116,买盘
392,14:32:06,11.47,--,3,3441,买盘
393,14:32:03,11.47,--,23,26381,买盘
394,14:32:00,11.47,--,55,63085,卖盘
395,14:31:57,11.47,--,6,6882,卖盘
396,14:31:54,11.47,--,4,4588,卖盘
397,14:31:51,11.47,--,3,3441,卖盘
398,14:31:45,11.47,--,6,6882,卖盘
399,14:31:42,11.47,-0.01,102,116994,卖盘
400,14:31:39,11.48,0.01,6,6888,买盘
401,14:31:36,11.47,-0.01,17,19499,卖盘
402,14:31:33,11.48,0.01,4,4592,买盘
403,14:31:30,11.47,--,12,13764,卖盘
404,14:31:27,11.47,-0.01,30,34410,卖盘
405,14:31:24,11.48,--,13,14924,买盘
406,14:31:21,11.48,0.01,16,18368,买盘
407,14:31:18,11.47,-0.01,5,5735,卖盘
408,14:31:15,11.48,--,34,39032,买盘
409,14:31:12,11.48,--,3,3444,买盘
410,14:31:03,11.48,0.01,6,6888,买盘
411,14:31:00,11.47,--,6,6882,卖盘
412,14:30:57,11.47,-0.01,33,37851,卖盘
413,14:30:54,11.48,0.01,3,3444,买盘
414,14:30:51,11.47,-0.01,4,4588,卖盘
415,14:30:48,11.48,0.01,15,17220,买盘
416,14:30:45,11.47,-0.01,6,6882,卖盘
417,14:30:42,11.48,0.01,10,11480,买盘
418,14:30:36,11.47,--,10,11470,卖盘
419,14:30:33,11.47,-0.01,2,2294,卖盘
420,14:30:30,11.48,0.01,3,3444,买盘
421,14:30:27,11.47,-0.01,5,5735,卖盘
422,14:30:24,11.48,--,82,94136,买盘
423,14:30:21,11.48,0.01,26,29848,买盘
424,14:30:18,11.47,-0.01,1,1147,卖盘
425,14:30:15,11.48,--,15,17220,买盘
426,14:30:12,11.48,--,3,3444,买盘
427,14:30:06,11.48,--,47,53956,买盘
428,14:30:00,11.48,0.01,6,6888,买盘
429,14:29:57,11.47,--,5,5735,卖盘
430,14:29:54,11.47,-0.01,2,2294,卖盘
431,14:29:51,11.48,--,3,3444,买盘
432,14:29:42,11.48,0.01,199,228452,买盘
433,14:29:39,11.47,0.01,13,14911,买盘
434,14:29:36,11.46,-0.01,8,9168,卖盘
435,14:29:33,11.47,0.01,15,17205,买盘
436,14:29:27,11.46,-0.01,9,10314,卖盘
437,14:29:24,11.47,--,81,92907,买盘
438,14:29:21,11.47,--,6,6882,买盘
439,14:29:18,11.47,--,2,2294,买盘
440,14:29:15,11.47,--,110,126170,买盘
441,14:29:12,11.47,--,3,3441,买盘
442,14:29:00,11.47,--,11,12617,买盘
443,14:28:57,11.47,--,11,12617,买盘
444,14:28:54,11.47,--,55,63085,买盘
445,14:28:51,11.47,--,100,114700,买盘
446,14:28:48,11.47,0.01,2,2294,买盘
447,14:28:42,11.46,-0.01,29,33234,卖盘
448,14:28:39,11.47,--,16,18352,买盘
449,14:28:33,11.47,--,97,111259,买盘
450,14:28:30,11.47,0.01,13,14911,买盘
451,14:28:27,11.46,-0.01,20,22920,卖盘
452,14:28:24,11.47,--,97,111259,买盘
453,14:28:21,11.47,0.01,6,6882,买盘
454,14:28:18,11.46,-0.01,20,22920,卖盘
455,14:28:15,11.47,--,68,77996,买盘
456,14:28:12,11.47,--,25,28675,买盘
457,14:28:06,11.47,0.01,35,40145,买盘
458,14:28:03,11.46,--,8,9168,卖盘
459,14:28:00,11.46,--,19,21774,卖盘
460,14:27:57,11.46,-0.01,9,10314,卖盘
461,14:27:54,11.47,0.01,47,53909,买盘
462,14:27:51,11.46,--,35,40110,卖盘
463,14:27:48,11.46,-0.01,8,9168,卖盘
464,14:27:45,11.47,0.01,53,60791,买盘
465,14:27:42,11.46,-0.01,2,2292,卖盘
466,14:27:39,11.47,--,15,17205,买盘
467,14:27:33,11.47,--,52,59644,买盘
468,14:27:30,11.47,0.01,32,36704,买盘
469,14:27:27,11.46,-0.01,18,20628,卖盘
470,14:27:24,11.47,0.01,60,68820,买盘
471,14:27:21,11.46,-0.01,21,24066,卖盘
472,14:27:18,11.47,0.01,1,1147,买盘
473,14:27:15,11.46,-0.01,20,22920,卖盘
474,14:27:12,11.47,--,6,6882,买盘
475,14:27:09,11.47,0.01,35,40145,买盘
476,14:27:06,11.46,-0.01,9,10314,卖盘
477,14:27:03,11.47,--,6,6882,买盘
478,14:27:00,11.47,--,69,79143,买盘
479,14:26:57,11.47,--,9,10323,买盘
480,14:26:54,11.47,--,18,20646,买盘
481,14:26:51,11.47,--,14,16058,买盘
482,14:26:45,11.47,0.01,48,55056,买盘
483,14:26:42,11.46,-0.01,17,19482,卖盘
484,14:26:39,11.47,--,62,71114,买盘
485,14:26:36,11.47,--,59,67673,买盘
486,14:26:33,11.47,0.01,14,16058,买盘
487,14:26:30,11.46,--,90,103140,卖盘
488,14:26:27,11.46,--,7,8022,卖盘
489,14:26:24,11.46,-0.01,29,33234,卖盘
490,14:26:21,11.47,0.01,172,197284,买盘
491,14:26:09,11.46,--,42,48132,卖盘
492,14:26:06,11.46,-0.01,7,8022,卖盘
493,14:26:03,11.47,--,19,21793,买盘
494,14:25:57,11.47,--,7,8029,买盘
495,14:25:54,11.47,0.01,13,14911,买盘
496,14:25:51,11.46,--,10,11460,卖盘
497,14:25:48,11.46,--,9,10314,卖盘
498,14:25:45,11.46,--,20,22920,卖盘
499,14:25:42,11.46,-0.01,18,20628,卖盘
500,14:25:39,11.47,0.01,55,63085,买盘
501,14:25:36,11.46,--,23,26358,卖盘
502,14:25:33,11.46,-0.01,198,226908,卖盘
503,14:25:27,11.47,--,10,11470,买盘
504,14:25:24,11.47,0.01,2,2294,买盘
505,14:25:21,11.46,--,10,11460,卖盘
506,14:25:18,11.46,--,14,16044,卖盘
507,14:25:15,11.46,-0.01,6,6876,卖盘
508,14:25:12,11.47,--,8,9176,买盘
509,14:25:09,11.47,0.01,23,26381,买盘
510,14:25:06,11.46,--,11,12606,卖盘
511,14:25:00,11.46,--,24,27504,卖盘
512,14:24:57,11.46,--,12,13752,卖盘
513,14:24:54,11.46,--,171,195966,卖盘
514,14:24:51,11.46,--,100,114600,卖盘
515,14:24:42,11.46,--,7,8022,卖盘
516,14:24:39,11.46,--,12,13752,卖盘
517,14:24:36,11.46,--,6,6876,卖盘
518,14:24:30,11.46,-0.01,32,36672,卖盘
519,14:24:27,11.47,--,2,2294,买盘
520,14:24:24,11.47,--,2,2294,买盘
521,14:24:21,11.47,0.01,11,12617,买盘
522,14:24:15,11.46,-0.01,8,9168,卖盘
523,14:24:00,11.47,0.01,11,12617,买盘
524,14:23:57,11.46,--,7,8022,卖盘
525,14:23:54,11.46,-0.01,13,14898,卖盘
526,14:23:45,11.47,0.01,20,22940,买盘
527,14:23:36,11.46,--,6,6876,卖盘
528,14:23:27,11.46,--,12,13752,卖盘
529,14:23:24,11.46,-0.01,11,12606,卖盘
530,14:23:21,11.47,--,10,11470,买盘
531,14:23:18,11.47,0.01,52,59644,买盘
532,14:23:15,11.46,-0.01,8,9168,卖盘
533,14:23:12,11.47,--,3,3441,买盘
534,14:23:00,11.47,0.01,3,3441,买盘
535,14:22:51,11.46,-0.01,9,10314,卖盘
536,14:22:48,11.47,0.01,4,4588,买盘
537,14:22:33,11.46,--,4,4584,卖盘
538,14:22:18,11.46,-0.01,14,16044,卖盘
539,14:22:15,11.47,0.01,6,6882,买盘
540,14:22:06,11.46,--,6,6876,卖盘
541,14:22:03,11.46,-0.01,8,9168,卖盘
542,14:22:00,11.47,--,25,28675,买盘
543,14:21:51,11.47,--,2,2294,买盘
544,14:21:48,11.47,--,2,2294,买盘
545,14:21:39,11.47,--,1,1147,买盘
546,14:21:36,11.47,--,29,33263,买盘
547,14:21:33,11.47,--,19,21793,买盘
548,14:21:30,11.47,--,10,11470,买盘
549,14:21:27,11.47,--,11,12617,买盘
550,14:21:21,11.47,0.01,10,11470,买盘
551,14:21:18,11.46,--,13,14898,卖盘
552,14:21:15,11.46,--,12,13752,卖盘
553,14:21:03,11.46,--,6,6876,卖盘
554,14:21:00,11.46,--,7,8022,卖盘
555,14:20:57,11.46,-0.02,21,24066,卖盘
556,14:20:39,11.48,0.02,6,6888,买盘
557,14:20:36,11.46,-0.02,30,34380,卖盘
558,14:20:33,11.48,0.02,13,14924,买盘
559,14:20:30,11.46,-0.01,15,17190,卖盘
560,14:20:27,11.47,--,40,45902,卖盘
561,14:20:24,11.47,--,2,2294,卖盘
562,14:20:21,11.47,-0.01,11,12617,卖盘
563,14:20:18,11.48,0.01,12,13776,买盘
564,14:20:15,11.47,--,200,229400,卖盘
565,14:20:09,11.47,--,60,68820,卖盘
566,14:20:06,11.47,--,500,573500,卖盘
567,14:20:03,11.47,--,12,13764,卖盘
568,14:20:00,11.47,--,6,6882,卖盘
569,14:19:57,11.47,--,52,59644,卖盘
570,14:19:54,11.47,-0.01,553,634291,卖盘
571,14:19:51,11.48,--,11,12628,买盘
572,14:19:42,11.48,--,29,33292,买盘
573,14:19:39,11.48,--,190,218533,卖盘
574,14:19:36,11.48,--,36,41328,卖盘
575,14:19:33,11.48,--,322,370115,卖盘
576,14:19:30,11.48,--,11,12628,卖盘
577,14:19:27,11.48,--,2,2296,卖盘
578,14:19:24,11.48,--,40,45920,卖盘
579,14:19:09,11.48,--,12,14051,买盘
580,14:19:06,11.48,0.01,91,104468,买盘
581,14:19:03,11.47,-0.01,350,401450,卖盘
582,14:19:00,11.48,0.01,324,371952,买盘
583,14:18:57,11.47,--,155,177785,卖盘
584,14:18:54,11.47,-0.01,224,256928,卖盘
585,14:18:51,11.48,--,152,174496,买盘
586,14:18:48,11.48,--,43,49364,买盘
587,14:18:45,11.48,--,200,229600,买盘
588,14:18:42,11.48,0.01,20,22960,买盘
589,14:18:39,11.47,-0.01,115,131905,卖盘
590,14:18:36,11.48,--,136,156128,买盘
591,14:18:33,11.48,--,261,299628,买盘
592,14:18:30,11.48,--,200,229600,买盘
593,14:18:27,11.48,--,25,28700,买盘
594,14:18:24,11.48,--,29,33292,买盘
595,14:18:21,11.48,--,205,235340,买盘
596,14:18:18,11.48,--,11,12628,买盘
597,14:18:15,11.48,--,55,63140,买盘
598,14:17:57,11.48,--,21,24108,买盘
599,14:17:54,11.48,0.01,53,60844,买盘
600,14:17:51,11.47,--,6,6882,卖盘
601,14:17:48,11.47,-0.01,12,13764,卖盘
602,14:17:45,11.48,--,6,6888,买盘
603,14:17:42,11.48,0.01,2,2296,买盘
604,14:17:36,11.47,-0.01,62,71114,卖盘
605,14:17:33,11.48,--,266,305368,买盘
606,14:17:30,11.48,--,4,4592,买盘
607,14:17:27,11.48,--,100,114800,买盘
608,14:17:24,11.48,--,26,29848,买盘
609,14:17:21,11.48,--,9,10332,买盘
610,14:17:18,11.48,--,205,235340,买盘
611,14:17:06,11.48,--,6,6888,买盘
612,14:17:03,11.48,0.01,355,407540,买盘
613,14:17:00,11.47,-0.01,5,5735,卖盘
614,14:16:57,11.48,--,9,10332,买盘
615,14:16:54,11.48,--,203,233044,买盘
616,14:16:48,11.48,0.01,9,10332,买盘
617,14:16:45,11.47,--,65,74555,卖盘
618,14:16:42,11.47,-0.01,26,29822,卖盘
619,14:16:36,11.48,0.01,200,229600,买盘
620,14:16:33,11.47,--,84,96348,卖盘
621,14:16:30,11.47,--,3,3441,卖盘
622,14:16:27,11.47,--,503,576941,卖盘
623,14:16:24,11.47,--,3,3441,卖盘
624,14:16:21,11.47,-0.01,120,137640,卖盘
625,14:16:12,11.48,0.01,84,96432,买盘
626,14:16:09,11.47,--,32,37828,买盘
627,14:16:06,11.47,--,300,344100,买盘
628,14:16:03,11.47,--,456,523032,买盘
629,14:16:00,11.47,--,1,1147,买盘
630,14:15:57,11.47,--,742,851074,买盘
631,14:15:54,11.47,--,51,58497,买盘
632,14:15:51,11.47,0.01,293,336071,买盘
633,14:15:48,11.46,--,24,27504,卖盘
634,14:15:45,11.46,-0.01,22,25212,卖盘
635,14:15:42,11.47,0.01,287,329189,买盘
636,14:15:39,11.46,--,11,12606,卖盘
637,14:15:36,11.46,-0.01,6,6876,卖盘
638,14:15:33,11.47,--,300,344100,买盘
639,14:15:24,11.47,0.01,214,245458,买盘
640,14:15:21,11.46,-0.01,20,22920,卖盘
641,14:15:18,11.47,--,38,43586,买盘
642,14:15:12,11.47,0.01,37,42439,买盘
643,14:15:09,11.46,--,18,20628,卖盘
644,14:15:03,11.46,-0.01,355,406830,卖盘
645,14:15:00,11.47,--,14,16058,买盘
646,14:14:57,11.47,--,10,11470,买盘
647,14:14:54,11.47,0.01,4,4588,买盘
648,14:14:51,11.46,-0.01,2,2292,卖盘
649,14:14:48,11.47,--,5,5735,买盘
650,14:14:42,11.47,--,170,194990,买盘
651,14:14:39,11.47,0.01,27,30969,买盘
652,14:14:36,11.46,--,43,49278,卖盘
653,14:14:33,11.46,--,50,57300,卖盘
654,14:14:27,11.46,-0.01,100,114600,卖盘
655,14:14:24,11.47,0.01,28,32116,买盘
656,14:14:21,11.46,-0.01,14,16044,卖盘
657,14:14:18,11.47,0.01,1,1147,买盘
658,14:14:12,11.46,--,66,75636,卖盘
659,14:14:09,11.46,--,14,16044,卖盘
660,14:14:06,11.46,-0.01,41,46986,卖盘
661,14:14:03,11.47,0.01,8,9176,买盘
662,14:14:00,11.46,-0.01,2,2292,卖盘
663,14:13:57,11.47,--,288,330336,买盘
664,14:13:48,11.47,--,6,6882,买盘
665,14:13:45,11.47,0.01,1,1147,买盘
666,14:13:39,11.46,0.01,69,79074,买盘
667,14:13:33,11.45,--,6,6870,卖盘
668,14:13:30,11.45,-0.01,3,3435,卖盘
669,14:13:15,11.46,-0.01,9,10314,卖盘
670,14:13:12,11.47,0.01,12,13764,买盘
671,14:13:06,11.46,0.01,16,18336,买盘
672,14:13:03,11.45,--,2,2290,卖盘
673,14:13:00,11.45,-0.01,22,25190,卖盘
674,14:12:51,11.46,0.01,11,12606,买盘
675,14:12:48,11.45,-0.01,4,4602,卖盘
676,14:12:33,11.46,--,123,140958,卖盘
677,14:12:30,11.46,--,60,68760,卖盘
678,14:12:27,11.46,--,69,79074,卖盘
679,14:12:18,11.46,--,12,13752,卖盘
680,14:12:15,11.46,--,58,67591,卖盘
681,14:12:06,11.46,-0.01,81,92826,卖盘
682,14:12:00,11.47,0.01,112,128464,买盘
683,14:11:57,11.46,-0.01,16,18336,卖盘
684,14:11:54,11.47,0.01,21,24087,买盘
685,14:11:51,11.46,--,7,8022,卖盘
686,14:11:48,11.46,--,28,32088,卖盘
687,14:11:45,11.46,-0.01,1,1146,卖盘
688,14:11:42,11.47,0.01,9,10323,买盘
689,14:11:39,11.46,--,20,22920,卖盘
690,14:11:36,11.46,-0.01,17,19482,卖盘
691,14:11:33,11.47,--,2,2294,买盘
692,14:11:30,11.47,0.01,23,26381,买盘
693,14:11:27,11.46,--,100,114600,卖盘
694,14:11:24,11.46,--,8,9168,卖盘
695,14:11:21,11.46,--,122,139812,卖盘
696,14:11:15,11.46,--,2,2292,卖盘
697,14:11:03,11.46,--,4,4584,卖盘
698,14:11:00,11.46,-0.01,42,48132,卖盘
699,14:10:57,11.47,--,22,25234,买盘
700,14:10:51,11.47,0.01,3,3441,买盘
701,14:10:42,11.46,--,12,13752,卖盘
702,14:10:36,11.46,-0.01,9,10314,卖盘
703,14:10:33,11.47,0.01,18,20646,买盘
704,14:10:30,11.46,--,12,13752,卖盘
705,14:10:27,11.46,-0.01,183,209718,卖盘
706,14:10:24,11.47,--,2,2294,买盘
707,14:10:21,11.47,--,4,4588,买盘
708,14:10:18,11.47,0.01,10,11470,买盘
709,14:10:15,11.46,-0.01,2,2292,卖盘
710,14:10:12,11.47,0.01,392,449624,买盘
711,14:10:09,11.46,-0.01,16,18336,卖盘
712,14:10:06,11.47,--,50,57350,买盘
713,14:10:00,11.47,0.01,46,52762,买盘
714,14:09:54,11.46,--,26,29796,卖盘
715,14:09:51,11.46,-0.01,2,2292,卖盘
716,14:09:48,11.47,0.01,11,12617,买盘
717,14:09:42,11.46,--,20,22920,卖盘
718,14:09:39,11.46,-0.01,4,4584,卖盘
719,14:09:33,11.47,0.01,1,1147,买盘
720,14:09:30,11.46,--,12,13752,卖盘
721,14:09:27,11.46,--,2,2292,卖盘
722,14:09:18,11.46,--,8,9168,卖盘
723,14:09:15,11.46,-0.01,6,6876,卖盘
724,14:09:00,11.47,0.01,6,6882,买盘
725,14:08:54,11.46,--,13,14898,卖盘
726,14:08:51,11.46,--,90,103140,卖盘
727,14:08:45,11.46,-0.01,20,22920,卖盘
728,14:08:39,11.47,0.01,10,11470,买盘
729,14:08:33,11.46,--,8,9168,卖盘
730,14:08:27,11.46,--,38,43548,卖盘
731,14:08:24,11.46,-0.01,12,13752,卖盘
732,14:08:18,11.47,--,12,13764,买盘
733,14:08:15,11.47,--,1,1147,买盘
734,14:08:12,11.47,0.01,14,16058,买盘
735,14:08:09,11.46,-0.01,10,11460,卖盘
736,14:08:06,11.47,--,97,111259,卖盘
737,14:07:57,11.47,-0.01,14,16058,卖盘
738,14:07:54,11.48,0.01,9,10332,买盘
739,14:07:51,11.47,-0.01,10,11470,卖盘
740,14:07:48,11.48,0.02,279,320292,买盘
741,14:07:45,11.46,--,10,11460,卖盘
742,14:07:39,11.46,--,9,10314,卖盘
743,14:07:36,11.46,-0.01,5,5730,卖盘
744,14:07:33,11.47,--,4,4588,买盘
745,14:07:30,11.47,--,49,56203,买盘
746,14:07:18,11.47,--,10,11470,卖盘
747,14:07:15,11.47,--,16,18352,卖盘
748,14:07:12,11.47,0.01,1,1147,买盘
749,14:07:09,11.46,--,12,13752,卖盘
750,14:07:06,11.46,-0.01,11,12606,卖盘
751,14:07:03,11.47,--,30,34410,买盘
752,14:06:54,11.47,-0.01,4,4588,买盘
753,14:06:51,11.48,--,205,235340,买盘
754,14:06:48,11.48,--,26,29848,买盘
755,14:06:36,11.48,0.02,26,29848,买盘
756,14:06:33,11.46,-0.02,2,2292,卖盘
757,14:06:30,11.48,--,10,11480,买盘
758,14:06:27,11.48,--,27,30996,买盘
759,14:06:15,11.48,0.01,29,33292,买盘
760,14:06:12,11.47,0.01,50,57350,买盘
761,14:06:06,11.46,-0.01,63,72198,卖盘
762,14:06:03,11.47,--,68,77996,卖盘
763,14:05:54,11.47,-0.01,36,41292,卖盘
764,14:05:48,11.48,--,1,1148,买盘
765,14:05:45,11.48,--,52,59696,买盘
766,14:05:42,11.48,--,23,26404,买盘
767,14:05:36,11.48,0.01,3,3444,买盘
768,14:05:33,11.47,-0.01,2,2294,卖盘
769,14:05:30,11.48,--,34,39032,买盘
770,14:05:27,11.48,0.01,149,171052,买盘
771,14:05:24,11.47,--,24,27528,买盘
772,14:05:21,11.47,--,90,103230,买盘
773,14:05:18,11.47,--,3,3441,买盘
774,14:05:15,11.47,--,23,26381,买盘
775,14:05:09,11.47,-0.01,34,38998,卖盘
776,14:05:06,11.48,--,11,12628,买盘
777,14:05:03,11.48,--,13,14924,买盘
778,14:04:57,11.48,--,23,26404,买盘
779,14:04:54,11.48,0.02,13,14924,买盘
780,14:04:51,11.46,-0.01,11,12606,卖盘
781,14:04:48,11.47,-0.01,57,65379,卖盘
782,14:04:45,11.48,--,9,10332,买盘
783,14:04:42,11.48,0.01,15,17220,买盘
784,14:04:39,11.47,-0.01,14,16058,卖盘
785,14:04:36,11.48,0.01,25,28700,买盘
786,14:04:30,11.47,--,138,158286,买盘
787,14:04:24,11.47,--,149,170903,买盘
788,14:04:21,11.47,-0.01,56,64232,卖盘
789,14:04:18,11.48,0.01,6,6888,买盘
790,14:04:15,11.47,--,35,40145,卖盘
791,14:04:06,11.47,-0.01,5,5735,卖盘
792,14:04:03,11.48,--,27,30996,买盘
793,14:03:57,11.48,0.01,5,5740,买盘
794,14:03:54,11.47,-0.01,6,6882,卖盘
795,14:03:51,11.48,--,27,30996,买盘
796,14:03:48,11.48,0.02,23,26404,买盘
797,14:03:45,11.46,--,2,2292,卖盘
798,14:03:42,11.46,-0.02,39,44694,卖盘
799,14:03:36,11.48,0.02,45,51660,买盘
800,14:03:33,11.46,-0.01,4,4584,卖盘
801,14:03:30,11.47,--,115,132879,卖盘
802,14:03:27,11.47,--,30,34410,卖盘
803,14:03:24,11.47,--,67,76849,卖盘
804,14:03:21,11.47,--,82,94226,买盘
805,14:03:18,11.47,0.01,26,29822,买盘
806,14:03:15,11.46,-0.01,5,5730,卖盘
807,14:03:09,11.47,--,84,96348,买盘
808,14:03:06,11.47,--,244,279868,买盘
809,14:03:00,11.47,--,18,20646,买盘
810,14:02:57,11.47,--,78,89466,买盘
811,14:02:54,11.47,0.01,29,33263,买盘
812,14:02:51,11.46,-0.01,8,9168,卖盘
813,14:02:48,11.47,--,3,3441,买盘
814,14:02:45,11.47,--,27,30969,买盘
815,14:02:36,11.47,--,259,297073,买盘
816,14:02:33,11.47,0.01,30,34410,买盘
817,14:02:30,11.46,-0.01,38,43548,卖盘
818,14:02:24,11.47,0.01,54,61938,买盘
819,14:02:21,11.46,-0.01,10,11460,卖盘
820,14:02:18,11.47,--,23,26381,买盘
821,14:02:15,11.47,--,11,12617,买盘
822,14:02:12,11.47,0.01,31,35557,买盘
823,14:02:09,11.46,--,12,13752,卖盘
824,14:02:06,11.46,-0.01,40,45840,卖盘
825,14:02:03,11.47,0.01,40,45880,买盘
826,14:02:00,11.46,--,58,66468,卖盘
827,14:01:57,11.46,-0.01,3,3438,卖盘
828,14:01:54,11.47,--,4,4588,买盘
829,14:01:51,11.47,0.01,74,84878,买盘
830,14:01:45,11.46,-0.01,6,6876,卖盘
831,14:01:42,11.47,--,1,1147,买盘
832,14:01:39,11.47,--,36,41292,买盘
833,14:01:30,11.47,0.01,23,26381,买盘
834,14:01:27,11.46,--,12,13752,卖盘
835,14:01:21,11.46,-0.01,9,10314,卖盘
836,14:01:18,11.47,0.01,27,30969,买盘
837,14:01:12,11.46,-0.01,2,2292,卖盘
838,14:01:09,11.47,--,26,29822,买盘
839,14:01:06,11.47,0.01,53,60791,买盘
840,14:01:00,11.46,--,2,2292,卖盘
841,14:00:57,11.46,--,49,56154,卖盘
842,14:00:54,11.46,-0.01,10,11460,卖盘
843,14:00:48,11.47,--,500,573500,买盘
844,14:00:45,11.47,0.01,39,44733,买盘
845,14:00:42,11.46,-0.01,50,57300,卖盘
846,14:00:33,11.47,--,27,30969,买盘
847,14:00:24,11.47,0.01,27,30969,买盘
848,14:00:21,11.46,-0.01,73,83658,卖盘
849,14:00:18,11.47,0.01,1,1147,买盘
850,14:00:15,11.46,-0.01,27,30942,卖盘
851,14:00:12,11.47,--,25,28675,买盘
852,14:00:09,11.47,0.01,1,1147,买盘
853,14:00:06,11.46,--,20,22920,卖盘
854,14:00:03,11.46,-0.01,3,3438,卖盘
855,14:00:00,11.47,0.01,27,30969,买盘
856,13:59:54,11.46,-0.01,69,79074,卖盘
857,13:59:48,11.47,--,26,29822,买盘
858,13:59:45,11.47,--,11,12617,买盘
859,13:59:39,11.47,--,26,29822,买盘
860,13:59:36,11.47,--,7,8029,买盘
861,13:59:33,11.47,0.01,60,68820,买盘
862,13:59:27,11.46,-0.01,27,30942,中性盘
863,13:59:18,11.47,0.02,23,26381,买盘
864,13:59:15,11.45,-0.02,50,57250,卖盘
865,13:59:12,11.47,0.01,23,26381,买盘
866,13:59:06,11.46,--,41,46986,买盘
867,13:58:57,11.46,--,1,1146,买盘
868,13:58:54,11.46,--,28,32088,买盘
869,13:58:45,11.46,--,24,27504,买盘
870,13:58:36,11.46,0.01,8,9168,买盘
871,13:58:33,11.45,--,29,33205,卖盘
872,13:58:30,11.45,-0.01,5,5725,卖盘
873,13:58:27,11.46,--,2,2292,买盘
874,13:58:24,11.46,--,1,1146,买盘
875,13:58:21,11.46,--,25,28650,买盘
876,13:58:12,11.46,0.01,27,30942,买盘
877,13:58:03,11.45,-0.01,21,24045,卖盘
878,13:58:00,11.46,0.01,31,35526,买盘
879,13:57:54,11.45,-0.01,4,4580,卖盘
880,13:57:48,11.46,--,127,145542,买盘
881,13:57:39,11.46,--,24,27504,买盘
882,13:57:36,11.46,0.01,1,1146,买盘
883,13:57:33,11.45,-0.01,6,6870,卖盘
884,13:57:30,11.46,--,5,5730,卖盘
885,13:57:27,11.46,-0.01,29,33234,中性盘
886,13:57:15,11.47,--,40,45880,买盘
887,13:57:06,11.47,--,28,32116,买盘
888,13:57:03,11.47,--,10,11470,买盘
889,13:56:57,11.47,0.02,1,1147,买盘
890,13:56:54,11.45,--,47,53815,卖盘
891,13:56:51,11.45,-0.02,12,13740,卖盘
892,13:56:48,11.47,--,2,2294,买盘
893,13:56:42,11.47,0.02,28,32116,买盘
894,13:56:33,11.45,-0.02,34,38930,卖盘
895,13:56:21,11.47,--,24,27528,买盘
896,13:56:18,11.47,--,5,5735,买盘
897,13:56:09,11.47,--,25,28675,买盘
898,13:56:06,11.47,0.02,23,26381,买盘
899,13:56:00,11.45,--,25,28625,卖盘
900,13:55:57,11.45,-0.02,200,229000,卖盘
901,13:55:48,11.47,0.02,36,41292,买盘
902,13:55:45,11.45,-0.02,16,18320,卖盘
903,13:55:39,11.47,--,1,1147,买盘
904,13:55:36,11.47,0.02,28,32116,买盘
905,13:55:33,11.45,-0.02,8,9160,卖盘
906,13:55:27,11.47,0.02,28,32116,买盘
907,13:55:21,11.45,--,6,6870,卖盘
908,13:55:18,11.45,-0.01,1,1145,卖盘
909,13:55:15,11.46,-0.01,24,27504,中性盘
910,13:55:03,11.47,0.02,27,30969,买盘
911,13:55:00,11.45,-0.02,7,8014,卖盘
912,13:54:57,11.47,--,1,1147,买盘
913,13:54:54,11.47,0.02,28,32116,买盘
914,13:54:51,11.45,--,9,10305,卖盘
915,13:54:48,11.45,--,7,8014,卖盘
916,13:54:42,11.45,--,33,37785,卖盘
917,13:54:39,11.45,-0.01,340,389300,卖盘
918,13:54:33,11.46,-0.01,12,13752,卖盘
919,13:54:30,11.47,--,25,28675,买盘
920,13:54:27,11.47,0.01,1,1147,买盘
921,13:54:24,11.46,--,4,4584,买盘
922,13:54:21,11.46,--,35,40110,买盘
923,13:54:18,11.46,-0.01,67,76782,卖盘
924,13:54:09,11.47,--,24,27528,买盘
925,13:53:57,11.47,--,28,32116,买盘
926,13:53:51,11.47,--,7,8029,买盘
927,13:53:48,11.47,--,27,30969,买盘
928,13:53:39,11.47,--,1,1147,买盘
929,13:53:36,11.47,0.01,27,30969,买盘
930,13:53:33,11.46,--,10,11460,卖盘
931,13:53:30,11.46,-0.01,17,19482,卖盘
932,13:53:24,11.47,--,23,26381,买盘
933,13:53:21,11.47,0.01,29,33263,买盘
934,13:53:18,11.46,-0.01,1,1146,卖盘
935,13:53:12,11.47,0.01,37,42439,买盘
936,13:53:09,11.46,-0.01,20,22920,买盘
937,13:53:03,11.47,0.01,48,55056,买盘
938,13:53:00,11.46,--,1,1146,买盘
939,13:52:57,11.46,--,129,147834,卖盘
940,13:52:54,11.46,-0.01,6,6876,卖盘
941,13:52:51,11.47,--,25,28675,买盘
942,13:52:39,11.47,0.01,24,27528,买盘
943,13:52:30,11.46,-0.01,77,88242,卖盘
944,13:52:24,11.47,--,2,2294,买盘
945,13:52:21,11.47,--,1,1147,买盘
946,13:52:18,11.47,0.01,38,43586,买盘
947,13:52:09,11.46,-0.01,10,11460,卖盘
948,13:52:06,11.47,--,26,29822,买盘
949,13:51:57,11.47,--,25,28675,买盘
950,13:51:45,11.47,--,27,30969,买盘
951,13:51:39,11.47,0.01,1,1147,买盘
952,13:51:36,11.46,-0.01,9,10314,卖盘
953,13:51:33,11.47,--,28,32116,买盘
954,13:51:27,11.47,--,55,63085,买盘
955,13:51:24,11.47,--,28,32116,买盘
956,13:51:12,11.47,0.02,26,29822,买盘
957,13:51:09,11.45,-0.01,12,13740,卖盘
958,13:51:03,11.46,-0.01,1,1146,中性盘
959,13:51:00,11.47,--,33,37851,买盘
960,13:50:51,11.47,0.01,24,27528,买盘
961,13:50:48,11.46,-0.01,74,84804,卖盘
962,13:50:42,11.47,--,4,4588,买盘
963,13:50:39,11.47,0.01,26,29822,买盘
964,13:50:33,11.46,-0.01,2,2292,卖盘
965,13:50:30,11.47,--,24,27528,买盘
966,13:50:21,11.47,--,1,1147,买盘
967,13:50:18,11.47,0.01,24,27528,买盘
968,13:50:15,11.46,--,19,21774,买盘
969,13:50:09,11.46,-0.01,12,13752,中性盘
970,13:50:06,11.47,0.02,24,27528,买盘
971,13:50:03,11.45,-0.02,12,13740,卖盘
972,13:50:00,11.47,0.01,24,27528,买盘
973,13:49:57,11.46,-0.01,26,29796,卖盘
974,13:49:45,11.47,0.02,25,28675,买盘
975,13:49:42,11.45,--,14,16029,卖盘
976,13:49:39,11.45,--,2,2290,卖盘
977,13:49:36,11.45,-0.01,100,114500,卖盘
978,13:49:33,11.46,--,39,44694,卖盘
979,13:49:30,11.46,0.01,17,19482,买盘
980,13:49:27,11.45,-0.02,2,2290,卖盘
981,13:49:24,11.47,0.02,28,32116,买盘
982,13:49:21,11.45,-0.01,14,16029,卖盘
983,13:49:12,11.46,--,25,28650,买盘
984,13:49:06,11.46,-0.01,1,1146,卖盘
985,13:49:03,11.47,0.01,2,2294,买盘
986,13:49:00,11.46,--,52,59592,卖盘
987,13:48:57,11.46,-0.01,12,13752,卖盘
988,13:48:48,11.47,0.01,34,38998,买盘
989,13:48:45,11.46,-0.01,3,3438,卖盘
990,13:48:39,11.47,0.01,26,29822,买盘
991,13:48:33,11.46,-0.01,11,12606,卖盘
992,13:48:27,11.47,--,28,32116,买盘
993,13:48:21,11.47,--,21,24087,买盘
994,13:48:18,11.47,--,27,30969,买盘
995,13:48:06,11.47,--,24,27528,买盘
996,13:48:03,11.47,--,19,21793,买盘
997,13:47:57,11.47,0.01,57,65379,买盘
998,13:47:54,11.46,--,34,38964,买盘
999,13:47:51,11.46,-0.01,47,53862,卖盘
1000,13:47:45,11.47,--,41,47027,买盘
1001,13:47:42,11.47,0.01,30,34410,买盘
1002,13:47:36,11.46,-0.01,8,9168,卖盘
1003,13:47:33,11.47,--,27,30969,买盘
1004,13:47:21,11.47,-0.01,24,27528,中性盘
1005,13:47:12,11.48,0.01,26,29848,买盘
1006,13:47:03,11.47,-0.01,8,9176,中性盘
1007,13:47:00,11.48,0.01,28,32144,买盘
1008,13:46:54,11.47,0.01,34,38998,买盘
1009,13:46:51,11.46,-0.01,29,33234,中性盘
1010,13:46:48,11.47,0.02,39,44733,买盘
1011,13:46:45,11.45,-0.01,13,14884,卖盘
1012,13:46:42,11.46,--,113,129498,卖盘
1013,13:46:39,11.46,-0.01,2,2292,卖盘
1014,13:46:36,11.47,--,26,29822,买盘
1015,13:46:30,11.47,0.01,4,4588,买盘
1016,13:46:27,11.46,--,30,34380,卖盘
1017,13:46:24,11.46,-0.01,5,5730,卖盘
1018,13:46:21,11.47,--,1,1147,买盘
1019,13:46:18,11.47,--,3,3441,买盘
1020,13:46:15,11.47,0.01,26,29822,买盘
1021,13:46:06,11.46,-0.01,33,37818,卖盘
1022,13:46:03,11.47,--,57,65379,卖盘
1023,13:46:00,11.47,--,5,5735,卖盘
1024,13:45:57,11.47,-0.01,22,25234,卖盘
1025,13:45:54,11.48,0.01,41,47068,买盘
1026,13:45:51,11.47,-0.01,11,12617,卖盘
1027,13:45:45,11.48,0.01,28,32144,买盘
1028,13:45:42,11.47,-0.01,124,142228,卖盘
1029,13:45:33,11.48,0.01,24,27552,买盘
1030,13:45:27,11.47,--,8,9176,卖盘
1031,13:45:24,11.47,-0.01,9,10323,卖盘
1032,13:45:21,11.48,0.01,44,50512,买盘
1033,13:45:18,11.47,--,44,50468,卖盘
1034,13:45:15,11.47,-0.01,10,11470,卖盘
1035,13:45:12,11.48,--,69,79212,买盘
1036,13:45:09,11.48,--,44,50512,买盘
1037,13:45:06,11.48,--,4,4592,买盘
1038,13:45:03,11.48,--,11,12628,买盘
1039,13:45:00,11.48,--,39,44772,买盘
1040,13:44:57,11.48,0.01,10,11480,买盘
1041,13:44:54,11.47,--,9,10323,卖盘
1042,13:44:48,11.47,-0.01,32,36704,卖盘
1043,13:44:42,11.48,0.01,30,34440,买盘
1044,13:44:39,11.47,-0.01,6,6882,卖盘
1045,13:44:36,11.48,0.01,23,26404,买盘
1046,13:44:30,11.47,-0.01,10,11470,卖盘
1047,13:44:27,11.48,--,46,52808,买盘
1048,13:44:24,11.48,--,5,5740,买盘
1049,13:44:21,11.48,0.01,23,26404,买盘
1050,13:44:15,11.47,--,31,35557,卖盘
1051,13:44:12,11.47,-0.01,20,22940,卖盘
1052,13:44:03,11.48,0.01,33,37884,买盘
1053,13:43:57,11.47,-0.01,6,6882,卖盘
1054,13:43:54,11.48,--,23,26404,买盘
1055,13:43:51,11.48,0.01,22,25256,买盘
1056,13:43:48,11.47,-0.01,105,120435,卖盘
1057,13:43:45,11.48,0.01,1202,1379896,买盘
1058,13:43:42,11.47,0.01,26,29822,买盘
1059,13:43:33,11.46,-0.01,6,6876,卖盘
1060,13:43:30,11.47,0.01,25,28675,买盘
1061,13:43:24,11.46,--,13,14898,卖盘
1062,13:43:21,11.46,-0.01,33,37818,卖盘
1063,13:43:18,11.47,--,37,42439,买盘
1064,13:43:12,11.47,--,1,1147,买盘
1065,13:43:09,11.47,--,24,27528,买盘
1066,13:42:57,11.47,0.01,28,32116,买盘
1067,13:42:42,11.46,--,5,5730,买盘
1068,13:42:33,11.46,--,88,100848,买盘
1069,13:42:30,11.46,0.01,7,8022,买盘
1070,13:42:27,11.45,-0.01,5,5725,卖盘
1071,13:42:12,11.46,0.01,1,1146,买盘
1072,13:42:09,11.45,--,1,1145,卖盘
1073,13:41:57,11.45,--,6,6870,卖盘
1074,13:41:54,11.45,-0.01,10,11450,买盘
1075,13:41:51,11.46,--,88,100848,买盘
1076,13:41:48,11.46,0.01,13,14898,买盘
1077,13:41:45,11.45,--,1,1145,买盘
1078,13:41:42,11.45,-0.01,18,20610,卖盘
1079,13:41:36,11.46,--,3,3438,买盘
1080,13:41:30,11.46,0.01,88,100848,买盘
1081,13:41:24,11.45,-0.01,6,6870,卖盘
1082,13:41:21,11.46,-0.01,31,35526,中性盘
1083,13:41:15,11.47,0.01,1,1147,买盘
1084,13:41:09,11.46,--,14,16044,卖盘
1085,13:41:06,11.46,0.01,206,236076,买盘
1086,13:40:51,11.45,--,8,9160,买盘
1087,13:40:48,11.45,0.01,23,26335,买盘
1088,13:40:42,11.44,-0.01,6,6864,卖盘
1089,13:40:39,11.45,--,24,27480,买盘
1090,13:40:15,11.45,-0.01,6,6870,卖盘
1091,13:40:09,11.46,--,6,6876,买盘
1092,13:40:06,11.46,--,1,1146,买盘
1093,13:39:54,11.46,--,70,80220,买盘
1094,13:39:51,11.46,0.01,9,10314,买盘
1095,13:39:39,11.45,--,19,21846,买盘
1096,13:39:30,11.45,--,17,19465,买盘
1097,13:39:24,11.45,0.01,1,1145,买盘
1098,13:39:15,11.44,-0.01,6,6864,卖盘
1099,13:39:12,11.45,--,10,11450,买盘
1100,13:39:00,11.45,--,1,1145,买盘
1101,13:38:57,11.45,--,19,22808,卖盘
1102,13:38:51,11.45,-0.01,9,10305,卖盘
1103,13:38:48,11.46,0.01,4,4584,买盘
1104,13:38:39,11.45,--,15,17175,卖盘
1105,13:38:36,11.45,-0.02,100,114500,卖盘
1106,13:38:27,11.47,0.01,18,20646,买盘
1107,13:38:18,11.46,--,90,103140,卖盘
1108,13:38:15,11.46,--,35,40110,卖盘
1109,13:38:12,11.46,-0.01,6,6876,卖盘
1110,13:38:09,11.47,0.02,30,34410,买盘
1111,13:38:06,11.45,-0.02,7,8014,卖盘
1112,13:38:03,11.47,0.02,13,14911,买盘
1113,13:37:57,11.45,--,58,66410,卖盘
1114,13:37:54,11.45,-0.01,23,26335,卖盘
1115,13:37:51,11.46,0.01,30,34380,买盘
1116,13:37:48,11.45,--,1,1145,卖盘
1117,13:37:42,11.45,-0.01,27,30914,卖盘
1118,13:37:39,11.46,0.01,46,52716,买盘
1119,13:37:30,11.45,--,14,16121,买盘
1120,13:37:27,11.45,--,29,34258,卖盘
1121,13:37:24,11.45,-0.01,23,26335,卖盘
1122,13:37:21,11.46,--,152,174283,买盘
1123,13:37:18,11.46,--,44,50424,买盘
1124,13:37:15,11.46,--,70,80220,买盘
1125,13:37:12,11.46,--,46,52716,买盘
1126,13:37:09,11.46,0.01,40,45840,买盘
1127,13:37:03,11.45,--,25,28625,卖盘
1128,13:36:57,11.45,0.01,140,160300,买盘
1129,13:36:54,11.44,-0.01,7,8008,卖盘
1130,13:36:51,11.45,0.01,23,26335,买盘
1131,13:36:45,11.44,-0.01,46,52624,卖盘
1132,13:36:42,11.45,--,54,61829,买盘
1133,13:36:36,11.45,0.01,1,1145,买盘
1134,13:36:24,11.44,--,8,9152,卖盘
1135,13:36:21,11.44,--,83,94952,买盘
1136,13:36:18,11.44,0.01,47,53768,买盘
1137,13:36:15,11.43,--,12,13716,卖盘
1138,13:36:06,11.43,--,10,11430,卖盘
1139,13:36:03,11.43,-0.01,112,128016,卖盘
1140,13:36:00,11.44,--,73,83512,买盘
1141,13:35:57,11.44,0.01,95,108680,买盘
1142,13:35:51,11.43,--,33,37719,卖盘
1143,13:35:48,11.43,--,109,124587,卖盘
1144,13:35:39,11.43,-0.01,5,5715,卖盘
1145,13:35:30,11.44,0.01,23,26312,买盘
1146,13:35:27,11.43,--,1,1143,卖盘
1147,13:35:18,11.43,--,8,9144,卖盘
1148,13:35:03,11.43,--,2,2286,卖盘
1149,13:34:57,11.43,-0.02,12,13716,卖盘
1150,13:34:54,11.45,0.02,121,138545,买盘
1151,13:34:51,11.43,-0.01,7,8001,卖盘
1152,13:34:48,11.44,--,23,26312,买盘
1153,13:34:45,11.44,0.01,17,19448,中性盘
1154,13:34:27,11.43,-0.02,15,17145,卖盘
1155,13:34:21,11.45,0.01,20,22900,买盘
1156,13:34:18,11.44,0.01,70,80080,买盘
1157,13:34:03,11.43,--,6,6858,卖盘
1158,13:34:00,11.43,-0.01,1,1143,卖盘
1159,13:33:45,11.44,0.01,11,12584,买盘
1160,13:33:42,11.43,--,10,11430,卖盘
1161,13:33:33,11.43,--,4,4572,卖盘
1162,13:33:18,11.43,-0.01,2,2286,卖盘
1163,13:33:15,11.44,-0.01,5,5720,卖盘
1164,13:33:12,11.45,0.01,4,4580,买盘
1165,13:32:57,11.44,-0.02,1,1144,卖盘
1166,13:32:51,11.46,0.02,76,87096,买盘
1167,13:32:48,11.44,--,33,37752,卖盘
1168,13:32:42,11.44,-0.02,5,5720,卖盘
1169,13:32:39,11.46,0.02,2,2292,买盘
1170,13:32:36,11.44,--,8,9152,卖盘
1171,13:32:33,11.44,--,16,18304,卖盘
1172,13:32:30,11.44,--,24,27456,卖盘
1173,13:32:27,11.44,-0.02,37,42328,卖盘
1174,13:32:24,11.46,--,1,1146,买盘
1175,13:32:18,11.46,0.02,27,30942,买盘
1176,13:32:15,11.44,--,58,66352,卖盘
1177,13:32:09,11.44,-0.02,3,3432,卖盘
1178,13:32:06,11.46,0.02,58,66468,买盘
1179,13:32:03,11.44,--,20,22880,卖盘
1180,13:32:00,11.44,-0.01,23,26312,卖盘
1181,13:31:57,11.45,0.01,24,27480,买盘
1182,13:31:54,11.44,-0.01,7,8008,卖盘
1183,13:31:48,11.45,-0.01,14,16029,卖盘
1184,13:31:45,11.46,0.01,26,29796,买盘
1185,13:31:42,11.45,-0.01,17,19465,卖盘
1186,13:31:33,11.46,--,28,32088,买盘
1187,13:31:24,11.46,--,27,30942,买盘
1188,13:31:18,11.46,-0.01,5,5730,卖盘
1189,13:31:12,11.47,0.02,28,32116,买盘
1190,13:31:06,11.45,-0.02,4,4580,中性盘
1191,13:31:00,11.47,--,25,28675,买盘
1192,13:30:57,11.47,0.03,1,1147,买盘
1193,13:30:54,11.44,-0.03,3,3432,卖盘
1194,13:30:51,11.47,--,25,28675,买盘
1195,13:30:45,11.47,--,31,35557,买盘
1196,13:30:39,11.47,0.01,38,43586,买盘
1197,13:30:36,11.46,--,49,56154,卖盘
1198,13:30:30,11.46,-0.01,10,11460,卖盘
1199,13:30:27,11.47,--,33,37851,买盘
1200,13:30:24,11.47,--,9,10323,买盘
1201,13:30:18,11.47,0.01,28,32116,买盘
1202,13:30:15,11.46,-0.01,10,11460,卖盘
1203,13:30:09,11.47,--,1,1147,买盘
1204,13:30:06,11.47,0.01,28,32116,买盘
1205,13:29:57,11.46,-0.01,1,1146,卖盘
1206,13:29:54,11.47,0.01,27,30969,买盘
1207,13:29:51,11.46,-0.01,6,6876,卖盘
1208,13:29:48,11.47,0.02,88,100936,买盘
1209,13:29:45,11.45,0.01,32,36640,中性盘
1210,13:29:42,11.44,-0.03,12,13728,卖盘
1211,13:29:33,11.47,0.01,23,26381,买盘
1212,13:29:30,11.46,--,37,42402,买盘
1213,13:29:21,11.46,0.03,28,32088,买盘
1214,13:29:12,11.43,--,27,30861,卖盘
1215,13:29:06,11.43,-0.03,3,3429,卖盘
1216,13:29:00,11.46,0.02,26,29796,买盘
1217,13:28:54,11.44,-0.02,28,32032,卖盘
1218,13:28:51,11.46,--,8,9168,买盘
1219,13:28:48,11.46,--,27,30942,买盘
1220,13:28:39,11.46,0.02,28,32088,买盘
1221,13:28:36,11.44,-0.02,100,114400,卖盘
1222,13:28:27,11.46,0.02,49,56154,买盘
1223,13:28:24,11.44,0.01,10,11440,买盘
1224,13:28:21,11.43,-0.01,14,16002,卖盘
1225,13:28:15,11.44,--,47,53768,卖盘
1226,13:28:12,11.44,--,5,5720,卖盘
1227,13:28:09,11.44,-0.01,10,11440,卖盘
1228,13:28:06,11.45,--,32,36640,买盘
1229,13:27:57,11.45,-0.01,10,11450,卖盘
1230,13:27:54,11.46,--,35,40110,买盘
1231,13:27:42,11.46,--,34,38964,买盘
1232,13:27:39,11.46,--,20,22920,买盘
1233,13:27:36,11.46,--,3,3438,买盘
1234,13:27:33,11.46,--,374,428604,买盘
1235,13:27:30,11.46,--,31,35526,买盘
1236,13:27:21,11.46,0.02,61,69906,买盘
1237,13:27:12,11.44,-0.02,10,11440,卖盘
1238,13:27:09,11.46,--,24,27504,买盘
1239,13:27:03,11.46,--,13,14898,买盘
1240,13:27:00,11.46,--,26,29796,买盘
1241,13:26:48,11.46,0.02,26,29796,买盘
1242,13:26:45,11.44,-0.01,9,10296,卖盘
1243,13:26:36,11.45,-0.01,37,42365,中性盘
1244,13:26:27,11.46,--,25,28650,买盘
1245,13:26:18,11.46,--,8,9168,买盘
1246,13:26:15,11.46,--,28,32088,买盘
1247,13:26:03,11.46,--,37,42402,买盘
1248,13:25:54,11.46,--,75,85950,买盘
1249,13:25:42,11.46,--,26,29796,买盘
1250,13:25:39,11.46,0.01,1,1146,买盘
1251,13:25:36,11.45,-0.01,10,11450,买盘
1252,13:25:30,11.46,0.02,32,36672,买盘
1253,13:25:21,11.44,-0.01,33,37752,卖盘
1254,13:25:18,11.45,--,1,1145,买盘
1255,13:25:15,11.45,-0.01,1,1145,中性盘
1256,13:25:12,11.46,--,35,40110,买盘
1257,13:25:09,11.46,0.01,53,60738,买盘
1258,13:25:03,11.45,-0.01,10,11450,卖盘
1259,13:25:00,11.46,--,29,33234,买盘
1260,13:24:57,11.46,--,27,30942,买盘
1261,13:24:54,11.46,0.01,41,46986,买盘
1262,13:24:51,11.45,--,17,19465,买盘
1263,13:24:48,11.45,--,28,32059,买盘
1264,13:24:45,11.45,--,51,58395,买盘
1265,13:24:36,11.45,0.01,24,27480,买盘
1266,13:24:30,11.44,-0.02,2,2288,卖盘
1267,13:24:24,11.46,--,34,38964,买盘
1268,13:24:15,11.46,0.03,41,46986,买盘
1269,13:24:09,11.43,-0.01,90,102870,卖盘
1270,13:24:06,11.44,--,1,1144,买盘
1271,13:24:03,11.44,0.01,24,27456,买盘
1272,13:23:57,11.43,-0.01,20,22860,卖盘
1273,13:23:51,11.44,0.01,135,154440,买盘
1274,13:23:48,11.43,-0.01,10,11430,卖盘
1275,13:23:42,11.44,--,36,41184,买盘
1276,13:23:39,11.44,--,11,12584,买盘
1277,13:23:36,11.44,-0.02,1,1144,卖盘
1278,13:23:30,11.46,0.02,24,27504,买盘
1279,13:23:27,11.44,-0.01,300,343200,卖盘
1280,13:23:18,11.45,0.01,28,32059,买盘
1281,13:23:12,11.44,--,6,6864,卖盘
1282,13:23:09,11.44,--,25,28600,卖盘
1283,13:23:06,11.44,-0.01,649,742456,卖盘
1284,13:23:03,11.45,0.01,13,14884,买盘
1285,13:23:00,11.44,-0.01,50,57200,卖盘
1286,13:22:57,11.45,--,38,43510,买盘
1287,13:22:51,11.45,--,10,11450,买盘
1288,13:22:48,11.45,-0.01,10,11450,卖盘
1289,13:22:45,11.46,--,23,26358,买盘
1290,13:22:36,11.46,--,28,32088,买盘
1291,13:22:27,11.46,--,1,1146,买盘
1292,13:22:24,11.46,0.01,24,27504,买盘
1293,13:22:18,11.45,-0.01,6,6870,中性盘
1294,13:22:12,11.46,--,27,30942,买盘
1295,13:22:03,11.46,--,45,51570,买盘
1296,13:22:00,11.46,0.02,27,30942,买盘
1297,13:21:57,11.44,-0.01,8,9152,卖盘
1298,13:21:54,11.45,0.01,8,9160,买盘
1299,13:21:51,11.44,-0.01,40,45760,卖盘
1300,13:21:42,11.45,--,1,1145,卖盘
1301,13:21:39,11.45,-0.01,41,46945,卖盘
1302,13:21:33,11.46,0.01,1,1146,买盘
1303,13:21:30,11.45,-0.01,93,106485,中性盘
1304,13:21:27,11.46,0.02,24,27504,买盘
1305,13:21:21,11.44,-0.01,24,27456,卖盘
1306,13:21:18,11.45,--,32,36640,买盘
1307,13:21:12,11.45,--,124,141980,卖盘
1308,13:21:06,11.45,--,327,374415,卖盘
1309,13:21:03,11.45,--,6,6870,卖盘
1310,13:21:00,11.45,-0.01,47,53815,卖盘
1311,13:20:54,11.46,0.01,26,29796,买盘
1312,13:20:48,11.45,-0.01,2,2290,卖盘
1313,13:20:45,11.46,0.01,26,29796,买盘
1314,13:20:42,11.45,--,35,40075,卖盘
1315,13:20:36,11.45,-0.01,10,11450,卖盘
1316,13:20:33,11.46,0.01,27,30942,买盘
1317,13:20:24,11.45,-0.01,10,11450,卖盘
1318,13:20:21,11.46,--,26,29796,买盘
1319,13:20:18,11.46,0.01,13,14898,买盘
1320,13:20:12,11.45,--,306,350370,买盘
1321,13:20:09,11.45,--,1,1145,买盘
1322,13:20:06,11.45,0.01,131,149995,买盘
1323,13:20:03,11.44,-0.01,6,6864,卖盘
1324,13:20:00,11.45,--,53,60684,买盘
1325,13:19:54,11.45,0.01,16,18320,买盘
1326,13:19:51,11.44,-0.01,20,22880,卖盘
1327,13:19:48,11.45,--,24,27480,买盘
1328,13:19:39,11.45,0.01,27,30914,买盘
1329,13:19:36,11.44,--,5,5720,卖盘
1330,13:19:30,11.44,-0.01,5,5720,卖盘
1331,13:19:27,11.45,--,23,26335,买盘
1332,13:19:18,11.45,--,58,66410,买盘
1333,13:19:12,11.45,--,3,3435,买盘
1334,13:19:06,11.45,0.01,24,27480,买盘
1335,13:18:57,11.44,-0.01,6,6864,卖盘
1336,13:18:54,11.45,0.01,28,32059,买盘
1337,13:18:51,11.44,-0.01,15,17160,卖盘
1338,13:18:45,11.45,--,25,28625,买盘
1339,13:18:42,11.45,--,1,1145,买盘
1340,13:18:33,11.45,--,25,28625,买盘
1341,13:18:24,11.45,-0.01,43,49235,卖盘
1342,13:18:21,11.46,--,27,30942,买盘
1343,13:18:18,11.46,0.01,98,112308,买盘
1344,13:18:09,11.45,--,24,27480,买盘
1345,13:18:00,11.45,0.01,24,27480,买盘
1346,13:17:51,11.44,-0.01,6,6864,卖盘
1347,13:17:48,11.45,0.01,34,38930,买盘
1348,13:17:45,11.44,-0.01,2,2288,卖盘
1349,13:17:39,11.45,0.01,52,59539,买盘
1350,13:17:30,11.44,-0.01,10,11440,卖盘
1351,13:17:27,11.45,-0.01,24,27480,中性盘
1352,13:17:15,11.46,0.02,31,35526,买盘
1353,13:17:09,11.44,-0.02,30,34320,卖盘
1354,13:17:06,11.46,--,28,32088,买盘
1355,13:17:03,11.46,--,8,9168,买盘
1356,13:16:54,11.46,--,23,26358,买盘
1357,13:16:51,11.46,--,1,1146,买盘
1358,13:16:48,11.46,0.01,13,14898,买盘
1359,13:16:42,11.45,-0.01,44,50380,卖盘
1360,13:16:33,11.46,0.01,26,29796,买盘
1361,13:16:30,11.45,-0.01,18,20610,卖盘
1362,13:16:24,11.46,--,6,6876,买盘
1363,13:16:21,11.46,0.01,28,32088,买盘
1364,13:16:18,11.45,--,5,5725,卖盘
1365,13:16:15,11.45,--,14,16029,买盘
1366,13:16:12,11.45,-0.01,37,42365,卖盘
1367,13:16:09,11.46,0.01,24,27504,买盘
1368,13:16:06,11.45,-0.01,10,11450,卖盘
1369,13:16:03,11.46,--,1,1146,买盘
1370,13:15:57,11.46,0.01,25,28650,买盘
1371,13:15:51,11.45,--,20,22900,卖盘
1372,13:15:48,11.45,--,44,50380,卖盘
1373,13:15:42,11.45,--,6,6870,卖盘
1374,13:15:39,11.45,-0.01,50,57250,卖盘
1375,13:15:36,11.46,0.01,28,32088,买盘
1376,13:15:27,11.45,-0.01,11,12595,卖盘
1377,13:15:24,11.46,--,25,28650,买盘
1378,13:15:21,11.46,0.01,3,3438,买盘
1379,13:15:15,11.45,--,80,91600,卖盘
1380,13:15:09,11.45,--,50,57250,卖盘
1381,13:15:03,11.45,--,29,33205,卖盘
1382,13:14:57,11.45,-0.01,56,64119,卖盘
1383,13:14:51,11.46,0.01,23,26358,中性盘
1384,13:14:42,11.45,-0.01,31,35495,卖盘
1385,13:14:39,11.46,0.01,10,11460,卖盘
1386,13:14:33,11.45,-0.02,3,3435,卖盘
1387,13:14:30,11.47,0.02,26,29822,买盘
1388,13:14:27,11.45,--,111,127094,卖盘
1389,13:14:24,11.45,-0.02,10,11450,卖盘
1390,13:14:18,11.47,0.02,34,38998,买盘
1391,13:14:15,11.45,-0.02,5,5725,卖盘
1392,13:14:09,11.47,--,23,26381,买盘
1393,13:14:03,11.47,--,13,14911,买盘
1394,13:14:00,11.47,--,3,3441,买盘
1395,13:13:57,11.47,--,27,30969,买盘
1396,13:13:48,11.47,--,18,20646,买盘
1397,13:13:45,11.47,0.01,42,48174,买盘
1398,13:13:39,11.46,--,6,6876,卖盘
1399,13:13:36,11.46,-0.01,30,34380,中性盘
1400,13:13:24,11.47,0.01,24,27528,买盘
1401,13:13:21,11.46,0.01,23,26358,买盘
1402,13:13:18,11.45,-0.01,40,45800,卖盘
1403,13:13:12,11.46,--,26,29796,买盘
1404,13:13:06,11.46,--,40,45840,买盘
1405,13:13:03,11.46,--,27,30942,买盘
1406,13:13:00,11.46,0.01,2,2292,买盘
1407,13:12:57,11.45,--,22,25190,卖盘
1408,13:12:54,11.45,-0.01,60,68700,卖盘
1409,13:12:51,11.46,--,25,28650,买盘
1410,13:12:39,11.46,0.01,98,112308,买盘
1411,13:12:33,11.45,-0.01,6,6870,卖盘
1412,13:12:30,11.46,--,23,26358,买盘
1413,13:12:18,11.46,--,105,120330,买盘
1414,13:12:06,11.46,--,124,142104,买盘
1415,13:11:57,11.46,0.01,23,26358,买盘
1416,13:11:54,11.45,--,5,5725,卖盘
1417,13:11:51,11.45,--,23,26335,卖盘
1418,13:11:48,11.45,-0.01,4,4580,卖盘
1419,13:11:45,11.46,--,34,38964,买盘
1420,13:11:33,11.46,0.01,25,28650,买盘
1421,13:11:27,11.45,-0.01,16,18320,卖盘
1422,13:11:24,11.46,0.01,29,33234,买盘
1423,13:11:21,11.45,-0.01,2,2290,卖盘
1424,13:11:18,11.46,0.01,30,34380,买盘
1425,13:11:15,11.45,-0.01,9,10305,卖盘
1426,13:11:12,11.46,--,24,27504,买盘
1427,13:11:09,11.46,0.01,1,1146,买盘
1428,13:11:06,11.45,-0.01,18,20610,卖盘
1429,13:11:00,11.46,--,135,154710,买盘
1430,13:10:51,11.46,--,27,30942,买盘
1431,13:10:45,11.46,--,4,4584,买盘
1432,13:10:42,11.46,--,1,1146,买盘
1433,13:10:39,11.46,--,27,30942,买盘
1434,13:10:33,11.46,-0.01,100,114600,中性盘
1435,13:10:27,11.47,0.01,29,33263,买盘
1436,13:10:24,11.46,0.01,3,3438,买盘
1437,13:10:21,11.45,-0.02,3,3435,卖盘
1438,13:10:18,11.47,--,24,27528,买盘
1439,13:10:12,11.47,0.01,16,18352,买盘
1440,13:10:09,11.46,--,1,1146,买盘
1441,13:10:06,11.46,--,23,26358,买盘
1442,13:09:54,11.46,--,27,30942,买盘
1443,13:09:45,11.46,-0.01,24,27504,中性盘
1444,13:09:33,11.47,0.02,25,28675,买盘
1445,13:09:24,11.45,-0.02,10,11450,卖盘
1446,13:09:21,11.47,--,23,26381,买盘
1447,13:09:12,11.47,--,26,29822,买盘
1448,13:09:09,11.47,0.02,3,3441,买盘
1449,13:09:06,11.45,--,16,18549,卖盘
1450,13:09:00,11.45,--,89,101905,卖盘
1451,13:08:54,11.45,-0.02,6,6870,卖盘
1452,13:08:48,11.47,0.02,36,41292,买盘
1453,13:08:42,11.45,-0.01,38,43510,卖盘
1454,13:08:39,11.46,0.01,26,29796,买盘
1455,13:08:36,11.45,--,123,140835,卖盘
1456,13:08:33,11.45,--,10,11450,卖盘
1457,13:08:27,11.45,-0.01,26,29769,卖盘
1458,13:08:18,11.46,--,14,16044,买盘
1459,13:08:15,11.46,0.01,33,37818,买盘
1460,13:08:03,11.45,--,25,28625,卖盘
1461,13:08:00,11.45,-0.01,44,50380,卖盘
1462,13:07:30,11.46,--,9,10314,买盘
1463,13:07:27,11.46,--,62,71052,卖盘
1464,13:07:24,11.46,-0.01,98,112308,卖盘
1465,13:07:21,11.47,0.01,9,10323,买盘
1466,13:07:15,11.46,--,8,9168,卖盘
1467,13:07:12,11.46,--,107,122622,卖盘
1468,13:07:00,11.46,--,360,412560,卖盘
1469,13:06:42,11.46,--,6,6876,卖盘
1470,13:06:12,11.46,--,70,80220,卖盘
1471,13:06:06,11.46,--,24,27504,卖盘
1472,13:05:57,11.46,-0.01,7,8022,卖盘
1473,13:05:54,11.47,--,5,5735,买盘
1474,13:05:51,11.47,--,1,1147,买盘
1475,13:05:48,11.47,--,80,91760,买盘
1476,13:05:45,11.47,--,8,9176,买盘
1477,13:05:42,11.47,--,138,158286,买盘
1478,13:05:33,11.47,--,10,11470,买盘
1479,13:05:27,11.47,--,1,1147,买盘
1480,13:05:12,11.47,--,13,14911,买盘
1481,13:05:09,11.47,0.01,5,5735,买盘
1482,13:05:06,11.46,-0.01,6,6876,卖盘
1483,13:05:03,11.47,0.01,20,22940,买盘
1484,13:04:54,11.46,-0.01,127,145542,卖盘
1485,13:04:45,11.47,--,20,22940,买盘
1486,13:04:42,11.47,--,40,45880,买盘
1487,13:04:36,11.47,--,10,11470,买盘
1488,13:04:33,11.47,0.01,29,33263,买盘
1489,13:04:30,11.46,-0.01,10,11460,卖盘
1490,13:04:24,11.47,--,61,69967,买盘
1491,13:04:15,11.47,--,16,18352,买盘
1492,13:04:03,11.47,0.01,37,42439,买盘
1493,13:03:57,11.46,-0.01,10,11460,卖盘
1494,13:03:54,11.47,-0.01,27,30969,中性盘
1495,13:03:42,11.48,0.02,27,30996,买盘
1496,13:03:39,11.46,-0.01,5,5730,卖盘
1497,13:03:33,11.47,-0.01,24,27528,中性盘
1498,13:03:30,11.48,0.01,28,32144,买盘
1499,13:03:21,11.47,-0.01,33,37851,卖盘
1500,13:03:09,11.48,--,29,33292,买盘
1501,13:03:03,11.48,--,20,22960,买盘
1502,13:02:57,11.48,0.02,28,32144,买盘
1503,13:02:45,11.46,-0.02,28,32088,卖盘
1504,13:02:39,11.48,--,66,75768,买盘
1505,13:02:36,11.48,0.01,31,35588,买盘
1506,13:02:33,11.47,-0.01,6,6882,中性盘
1507,13:02:24,11.48,0.01,28,32144,买盘
1508,13:02:21,11.47,-0.01,4,4588,中性盘
1509,13:02:12,11.48,--,24,27552,买盘
1510,13:02:03,11.48,--,36,41328,买盘
1511,13:01:54,11.48,--,44,50512,买盘
1512,13:01:51,11.48,--,25,28700,买盘
1513,13:01:39,11.48,--,27,30996,买盘
1514,13:01:36,11.48,--,28,32144,买盘
1515,13:01:33,11.48,--,11,12628,买盘
1516,13:01:30,11.48,--,24,27552,买盘
1517,13:01:27,11.48,0.03,69,79212,买盘
1518,13:01:24,11.45,-0.03,2,2290,卖盘
1519,13:01:18,11.48,--,26,29848,买盘
1520,13:01:12,11.48,--,36,41328,买盘
1521,13:01:06,11.48,0.02,26,29848,买盘
1522,13:01:03,11.46,-0.02,64,73344,卖盘
1523,13:00:57,11.48,0.02,25,28700,买盘
1524,13:00:51,11.46,-0.01,27,30942,卖盘
1525,13:00:48,11.47,-0.01,1,1147,中性盘
1526,13:00:45,11.48,--,28,32144,买盘
1527,13:00:33,11.48,0.02,34,39032,买盘
1528,13:00:24,11.46,--,35,40110,卖盘
1529,13:00:15,11.46,-0.02,20,22920,卖盘
1530,13:00:12,11.48,0.01,433,497084,买盘
1531,13:00:06,11.47,--,3,3441,买盘
1532,13:00:03,11.47,-0.01,296,339512,卖盘
1533,13:00:00,11.48,--,1,1148,买盘
1534,11:30:00,11.48,0.01,23,26404,买盘
1535,11:29:57,11.47,-0.01,5,5735,买盘
1536,11:29:51,11.48,--,26,29848,买盘
1537,11:29:45,11.48,--,10,11480,买盘
1538,11:29:39,11.48,0.01,23,26404,买盘
1539,11:29:36,11.47,-0.01,52,59644,卖盘
1540,11:29:33,11.48,0.01,10,11480,买盘
1541,11:29:30,11.47,-0.01,63,72261,中性盘
1542,11:29:18,11.48,0.01,206,236488,买盘
1543,11:29:12,11.47,-0.01,23,26381,中性盘
1544,11:29:06,11.48,--,80,91840,买盘
1545,11:29:03,11.48,0.02,31,35588,买盘
1546,11:29:00,11.46,-0.02,5,5730,卖盘
1547,11:28:54,11.48,0.02,23,26404,买盘
1548,11:28:48,11.46,-0.02,1,1146,卖盘
1549,11:28:45,11.48,0.02,25,28700,买盘
1550,11:28:36,11.46,-0.02,50,57300,卖盘
1551,11:28:33,11.48,--,39,44772,买盘
1552,11:28:21,11.48,0.01,73,83804,买盘
1553,11:28:12,11.47,0.01,26,29822,买盘
1554,11:28:09,11.46,-0.01,2,2292,卖盘
1555,11:28:03,11.47,--,10,11470,买盘
1556,11:28:00,11.47,-0.01,283,324601,卖盘
1557,11:27:57,11.48,0.01,3,3444,买盘
1558,11:27:54,11.47,--,8,9176,卖盘
1559,11:27:51,11.47,-0.01,10,11470,卖盘
1560,11:27:48,11.48,0.01,43,49364,中性盘
1561,11:27:39,11.47,-0.01,76,87172,卖盘
1562,11:27:36,11.48,--,5,5740,卖盘
1563,11:27:33,11.48,--,61,70028,卖盘
1564,11:27:30,11.48,-0.01,27,30996,卖盘
1565,11:27:27,11.49,--,26,29874,买盘
1566,11:27:18,11.49,--,36,41364,买盘
1567,11:27:15,11.49,0.01,80,91920,买盘
1568,11:27:06,11.48,-0.01,24,27552,买盘
1569,11:27:03,11.49,0.02,11,12639,买盘
1570,11:27:00,11.47,-0.02,2,2294,卖盘
1571,11:26:57,11.49,--,8,9192,买盘
1572,11:26:54,11.49,0.01,33,37917,买盘
1573,11:26:51,11.48,-0.01,76,87248,卖盘
1574,11:26:42,11.49,--,24,27576,买盘
1575,11:26:39,11.49,0.01,1,1149,买盘
1576,11:26:33,11.48,-0.01,86,98728,卖盘
1577,11:26:30,11.49,0.01,9,10341,买盘
1578,11:26:21,11.48,-0.01,237,272076,卖盘
1579,11:26:18,11.49,0.01,2,2298,买盘
1580,11:26:12,11.48,-0.01,8,9184,卖盘
1581,11:26:09,11.49,--,28,32172,买盘
1582,11:26:06,11.49,--,10,11490,买盘
1583,11:26:03,11.49,--,70,80430,买盘
1584,11:26:00,11.49,0.01,30,34470,买盘
1585,11:25:54,11.48,-0.01,29,33292,卖盘
1586,11:25:51,11.49,--,20,22980,买盘
1587,11:25:48,11.49,0.01,23,26427,买盘
1588,11:25:45,11.48,-0.01,10,11480,卖盘
1589,11:25:42,11.49,--,30,34470,买盘
1590,11:25:39,11.49,--,30,34470,买盘
1591,11:25:36,11.49,--,128,147072,买盘
1592,11:25:33,11.49,--,61,70089,买盘
1593,11:25:27,11.49,--,87,99963,买盘
1594,11:25:18,11.49,0.01,10,11490,买盘
1595,11:25:15,11.48,-0.01,166,190568,卖盘
1596,11:25:12,11.49,--,8,9192,买盘
1597,11:25:09,11.49,--,10,11490,买盘
1598,11:25:03,11.49,0.01,37,42513,买盘
1599,11:25:00,11.48,-0.01,51,58548,卖盘
1600,11:24:54,11.49,--,39,44811,买盘
1601,11:24:48,11.49,--,9,10341,买盘
1602,11:24:45,11.49,--,10,11490,买盘
1603,11:24:42,11.49,0.01,28,32172,买盘
1604,11:24:33,11.48,-0.01,18,20664,卖盘
1605,11:24:30,11.49,--,23,26427,买盘
1606,11:24:27,11.49,-0.01,192,220608,卖盘
1607,11:24:21,11.5,0.01,24,27600,买盘
1608,11:24:15,11.49,--,84,96516,卖盘
1609,11:24:12,11.49,--,20,22980,卖盘
1610,11:24:09,11.49,--,35,40215,卖盘
1611,11:24:06,11.49,-0.01,10,11490,卖盘
1612,11:24:03,11.5,0.01,40,46000,买盘
1613,11:24:00,11.49,-0.01,61,70089,中性盘
1614,11:23:57,11.5,0.02,24,27600,买盘
1615,11:23:54,11.48,-0.02,4,4592,卖盘
1616,11:23:51,11.5,--,13,14950,买盘
1617,11:23:48,11.5,--,24,27600,买盘
1618,11:23:39,11.5,--,11,12650,买盘
1619,11:23:36,11.5,--,28,32200,买盘
1620,11:23:33,11.5,0.02,5030,5784500,买盘
1621,11:23:30,11.48,-0.01,40,45920,卖盘
1622,11:23:24,11.49,--,32,36768,买盘
1623,11:23:21,11.49,0.01,50,57450,买盘
1624,11:23:18,11.48,-0.01,10,11480,中性盘
1625,11:23:15,11.49,--,36,41364,买盘
1626,11:23:09,11.49,--,5,5745,买盘
1627,11:23:03,11.49,0.01,38,43662,买盘
1628,11:23:00,11.48,--,60,68880,卖盘
1629,11:22:57,11.48,--,10,11480,卖盘
1630,11:22:54,11.48,-0.01,35,40180,卖盘
1631,11:22:51,11.49,0.01,37,42513,买盘
1632,11:22:45,11.48,--,196,225008,买盘
1633,11:22:42,11.48,--,23,26404,买盘
1634,11:22:39,11.48,--,5,5740,买盘
1635,11:22:36,11.48,--,40,45920,买盘
1636,11:22:33,11.48,--,25,28700,买盘
1637,11:22:30,11.48,--,233,267484,买盘
1638,11:22:27,11.48,--,53,60844,买盘
1639,11:22:21,11.48,--,11,12628,买盘
1640,11:22:18,11.48,-0.01,54,61992,卖盘
1641,11:22:09,11.49,--,31,35619,买盘
1642,11:22:03,11.49,0.01,19,21831,买盘
1643,11:21:57,11.48,-0.01,117,134316,卖盘
1644,11:21:51,11.49,0.01,29,33321,买盘
1645,11:21:48,11.48,-0.01,20,22960,卖盘
1646,11:21:45,11.49,0.01,25,28725,买盘
1647,11:21:36,11.48,-0.01,29,33292,卖盘
1648,11:21:33,11.49,--,11,12639,买盘
1649,11:21:30,11.49,--,15,17235,买盘
1650,11:21:27,11.49,--,65,74685,买盘
1651,11:21:24,11.49,0.01,42,48258,买盘
1652,11:21:21,11.48,--,13,14924,买盘
1653,11:21:18,11.48,-0.01,13,14924,买盘
1654,11:21:15,11.49,0.01,105,120645,买盘
1655,11:21:12,11.48,--,27,30996,买盘
1656,11:21:06,11.48,-0.01,28,32144,中性盘
1657,11:21:03,11.49,0.01,44,50556,买盘
1658,11:20:57,11.48,--,15,17220,卖盘
1659,11:20:51,11.48,0.01,58,66584,买盘
1660,11:20:48,11.47,-0.02,2,2294,卖盘
1661,11:20:42,11.49,--,10,11490,买盘
1662,11:20:39,11.49,0.01,64,73536,买盘
1663,11:20:36,11.48,-0.01,9,10332,卖盘
1664,11:20:33,11.49,0.01,10,11490,买盘
1665,11:20:30,11.48,-0.01,312,358176,卖盘
1666,11:20:27,11.49,0.01,93,106857,买盘
1667,11:20:24,11.48,--,10,11480,卖盘
1668,11:20:21,11.48,--,15,17220,卖盘
1669,11:20:18,11.48,--,55,63140,买盘
1670,11:20:12,11.48,--,10,11480,买盘
1671,11:20:06,11.48,--,27,30996,买盘
1672,11:20:03,11.48,0.01,24,27552,买盘
1673,11:20:00,11.47,--,7,8029,卖盘
1674,11:19:57,11.47,-0.01,8,9176,卖盘
1675,11:19:54,11.48,--,77,88396,买盘
1676,11:19:51,11.48,--,14,16072,买盘
1677,11:19:45,11.48,--,24,27552,买盘
1678,11:19:42,11.48,0.01,14,16072,买盘
1679,11:19:36,11.47,-0.02,4,4588,卖盘
1680,11:19:33,11.49,0.02,37,42513,买盘
1681,11:19:24,11.47,-0.02,75,86025,卖盘
1682,11:19:21,11.49,0.01,238,273462,买盘
1683,11:19:18,11.48,--,175,200900,买盘
1684,11:19:15,11.48,--,56,64288,买盘
1685,11:19:12,11.48,0.01,27,30996,买盘
1686,11:19:06,11.47,-0.01,13,14911,卖盘
1687,11:19:03,11.48,--,10,11480,买盘
1688,11:19:00,11.48,--,35,40180,买盘
1689,11:18:57,11.48,0.01,86,98728,买盘
1690,11:18:54,11.47,-0.01,320,367040,卖盘
1691,11:18:48,11.48,--,126,144648,买盘
1692,11:18:42,11.48,--,383,439684,买盘
1693,11:18:39,11.48,--,24,27552,买盘
1694,11:18:33,11.48,--,24,27552,买盘
1695,11:18:30,11.48,--,642,737016,买盘
1696,11:18:27,11.48,0.01,47,53956,买盘
1697,11:18:24,11.47,-0.01,60,68820,卖盘
1698,11:18:18,11.48,--,482,553336,买盘
1699,11:18:15,11.48,--,34,39032,买盘
1700,11:18:12,11.48,0.01,4,4592,买盘
1701,11:18:06,11.47,-0.01,36,41292,卖盘
1702,11:18:03,11.48,0.01,66,75768,买盘
1703,11:18:00,11.47,-0.01,100,114700,卖盘
1704,11:17:54,11.48,0.01,25,28700,买盘
1705,11:17:51,11.47,--,71,81437,卖盘
1706,11:17:45,11.47,-0.01,5,5735,卖盘
1707,11:17:42,11.48,0.01,40,45920,买盘
1708,11:17:36,11.47,-0.01,3,3441,卖盘
1709,11:17:33,11.48,0.01,59,67732,买盘
1710,11:17:30,11.47,-0.01,20,22940,卖盘
1711,11:17:27,11.48,0.01,50,57400,买盘
1712,11:17:24,11.47,--,50,57350,卖盘
1713,11:17:21,11.47,--,85,97495,卖盘
1714,11:17:18,11.47,--,5,5735,卖盘
1715,11:17:15,11.47,-0.01,14,16058,卖盘
1716,11:17:12,11.48,0.01,31,35588,买盘
1717,11:17:09,11.47,-0.01,18,20646,卖盘
1718,11:17:03,11.48,0.01,11,12628,买盘
1719,11:17:00,11.47,-0.01,45,51615,卖盘
1720,11:16:57,11.48,--,10,11480,买盘
1721,11:16:54,11.48,0.01,3,3444,买盘
1722,11:16:51,11.47,-0.01,137,157139,卖盘
1723,11:16:48,11.48,--,28,32144,买盘
1724,11:16:42,11.48,0.01,10,11480,买盘
1725,11:16:39,11.47,-0.01,35,40145,卖盘
1726,11:16:36,11.48,--,26,29848,买盘
1727,11:16:33,11.48,--,10,11480,买盘
1728,11:16:30,11.48,0.01,3,3444,买盘
1729,11:16:27,11.47,--,66,75702,卖盘
1730,11:16:24,11.47,--,10,11470,卖盘
1731,11:16:21,11.47,-0.01,50,57350,卖盘
1732,11:16:18,11.48,--,57,65436,买盘
1733,11:16:15,11.48,--,117,134316,买盘
1734,11:16:12,11.48,--,24,27552,买盘
1735,11:16:09,11.48,--,30,34440,买盘
1736,11:16:06,11.48,--,65,74620,买盘
1737,11:16:03,11.48,--,90,103320,买盘
1738,11:15:54,11.48,0.01,23,26404,买盘
1739,11:15:51,11.47,-0.01,50,57350,卖盘
1740,11:15:48,11.48,0.01,70,80360,买盘
1741,11:15:45,11.47,--,96,110112,卖盘
1742,11:15:42,11.47,--,436,500092,买盘
1743,11:15:33,11.47,--,36,41292,买盘
1744,11:15:30,11.47,--,10,11470,买盘
1745,11:15:27,11.47,0.01,81,92907,买盘
1746,11:15:21,11.46,-0.01,112,128352,卖盘
1747,11:15:18,11.47,--,9,10323,买盘
1748,11:15:12,11.47,--,20,22940,买盘
1749,11:15:09,11.47,0.01,64,73408,买盘
1750,11:15:03,11.46,--,73,83658,卖盘
1751,11:15:00,11.46,--,30,34380,卖盘
1752,11:14:54,11.46,--,7,9041,买盘
1753,11:14:48,11.46,--,95,108870,买盘
1754,11:14:45,11.46,--,38,43548,买盘
1755,11:14:42,11.46,-0.01,264,302670,卖盘
1756,11:14:39,11.47,--,54,61938,买盘
1757,11:14:36,11.47,--,25,28675,买盘
1758,11:14:33,11.47,0.01,11,12617,买盘
1759,11:14:30,11.46,-0.01,48,55008,卖盘
1760,11:14:27,11.47,--,110,126170,卖盘
1761,11:14:24,11.47,--,20,22940,卖盘
1762,11:14:18,11.47,-0.01,50,57350,卖盘
1763,11:14:15,11.48,0.01,27,30996,买盘
1764,11:14:12,11.47,--,100,114700,卖盘
1765,11:14:09,11.47,--,8,9176,卖盘
1766,11:14:06,11.47,-0.01,36,41292,卖盘
1767,11:14:03,11.48,--,34,39032,买盘
1768,11:14:00,11.48,--,25,28700,买盘
1769,11:13:57,11.48,--,124,142352,买盘
1770,11:13:54,11.48,--,24,27552,买盘
1771,11:13:51,11.48,0.01,10,11480,买盘
1772,11:13:48,11.47,--,68,77996,卖盘
1773,11:13:42,11.47,-0.01,32,36704,卖盘
1774,11:13:39,11.48,0.01,2,2296,买盘
1775,11:13:36,11.47,-0.01,50,57350,卖盘
1776,11:13:33,11.48,--,14,16072,买盘
1777,11:13:30,11.48,--,26,29848,买盘
1778,11:13:24,11.48,--,11,12628,买盘
1779,11:13:18,11.48,0.01,77,88396,买盘
1780,11:13:15,11.47,-0.01,2,2294,中性盘
1781,11:13:12,11.48,0.01,26,29848,买盘
1782,11:13:09,11.47,--,38,43586,买盘
1783,11:13:03,11.47,--,11,12617,买盘
1784,11:12:57,11.47,-0.01,27,30969,中性盘
1785,11:12:51,11.48,0.02,1,1148,买盘
1786,11:12:48,11.46,--,5,5730,卖盘
1787,11:12:45,11.46,-0.01,77,88242,卖盘
1788,11:12:42,11.47,--,27,30969,买盘
1789,11:12:36,11.47,--,26,29822,买盘
1790,11:12:33,11.47,--,24,27528,买盘
1791,11:12:27,11.47,0.01,244,279868,买盘
1792,11:12:24,11.46,-0.01,35,40110,卖盘
1793,11:12:21,11.47,0.01,20,22940,买盘
1794,11:12:18,11.46,-0.01,76,87096,卖盘
1795,11:12:15,11.47,--,165,189255,买盘
1796,11:12:12,11.47,--,75,86025,买盘
1797,11:12:09,11.47,--,1,1147,买盘
1798,11:12:06,11.47,--,10,11470,买盘
1799,11:12:03,11.47,--,35,40145,买盘
1800,11:11:54,11.47,--,18,20646,买盘
1801,11:11:51,11.47,0.01,25,28675,买盘
1802,11:11:45,11.46,-0.01,50,57300,卖盘
1803,11:11:42,11.47,--,1,1147,买盘
1804,11:11:39,11.47,--,107,123749,买盘
1805,11:11:33,11.47,--,11,12617,买盘
1806,11:11:30,11.47,--,33,37851,买盘
1807,11:11:18,11.47,0.01,41,47027,买盘
1808,11:11:15,11.46,-0.01,50,57300,卖盘
1809,11:11:06,11.47,--,39,44733,买盘
1810,11:11:03,11.47,0.01,11,12617,买盘
1811,11:10:57,11.46,-0.01,33,37818,卖盘
1812,11:10:51,11.47,0.01,27,30969,买盘
1813,11:10:48,11.46,-0.01,10,11460,卖盘
1814,11:10:45,11.47,--,79,90613,买盘
1815,11:10:39,11.47,--,50,57350,买盘
1816,11:10:36,11.47,--,10,11470,买盘
1817,11:10:33,11.47,--,35,40145,买盘
1818,11:10:24,11.47,0.01,35,40145,买盘
1819,11:10:21,11.46,--,13,14898,卖盘
1820,11:10:18,11.46,--,16,18336,卖盘
1821,11:10:12,11.46,-0.01,90,103140,卖盘
1822,11:10:06,11.47,--,1,1147,买盘
1823,11:10:03,11.47,--,37,42439,买盘
1824,11:10:00,11.47,--,35,40145,买盘
1825,11:09:57,11.47,--,10,11470,买盘
1826,11:09:51,11.47,--,1,1147,买盘
1827,11:09:48,11.47,0.01,8,9176,买盘
1828,11:09:42,11.46,-0.01,170,194820,卖盘
1829,11:09:36,11.47,--,1,1147,买盘
1830,11:09:33,11.47,--,26,29822,买盘
1831,11:09:30,11.47,--,11,12617,买盘
1832,11:09:27,11.47,--,87,99789,买盘
1833,11:09:24,11.47,--,7,8029,买盘
1834,11:09:21,11.47,--,20,22940,买盘
1835,11:09:18,11.47,--,582,667554,买盘
1836,11:09:15,11.47,0.01,25,28675,买盘
1837,11:09:12,11.46,-0.01,50,57300,卖盘
1838,11:09:09,11.47,0.01,5,5735,买盘
1839,11:09:06,11.46,-0.01,6,6876,卖盘
1840,11:09:03,11.47,--,310,355570,买盘
1841,11:09:00,11.47,--,10,11470,买盘
1842,11:08:57,11.47,0.01,26,29822,买盘
1843,11:08:54,11.46,--,11,12606,卖盘
1844,11:08:48,11.46,0.01,34,38964,买盘
1845,11:08:42,11.45,-0.01,50,57250,卖盘
1846,11:08:39,11.46,--,4,4584,买盘
1847,11:08:36,11.46,--,35,40110,买盘
1848,11:08:33,11.46,--,14,16044,买盘
1849,11:08:30,11.46,-0.01,469,537474,买盘
1850,11:08:27,11.47,0.01,38,43586,买盘
1851,11:08:24,11.46,--,10,11460,卖盘
1852,11:08:21,11.46,--,5,5730,卖盘
1853,11:08:18,11.46,0.01,25,28650,中性盘
1854,11:08:15,11.45,-0.01,500,572500,卖盘
1855,11:08:12,11.46,--,55,63030,买盘
1856,11:08:09,11.46,--,20,22920,买盘
1857,11:08:03,11.46,0.01,11,12606,买盘
1858,11:07:57,11.45,-0.01,42,48090,卖盘
1859,11:07:48,11.46,--,61,69906,买盘
1860,11:07:42,11.46,0.01,35,40110,买盘
1861,11:07:39,11.45,-0.01,76,87020,卖盘
1862,11:07:36,11.46,--,18,20628,买盘
1863,11:07:33,11.46,--,10,11460,买盘
1864,11:07:30,11.46,--,5,5730,买盘
1865,11:07:24,11.46,--,60,68760,买盘
1866,11:07:18,11.46,-0.01,260,297960,卖盘
1867,11:07:15,11.47,0.01,17,19499,买盘
1868,11:07:09,11.46,-0.01,55,63030,卖盘
1869,11:07:03,11.47,--,11,12617,买盘
1870,11:07:00,11.47,--,2,2294,买盘
1871,11:06:54,11.47,0.01,22,25234,买盘
1872,11:06:51,11.46,--,69,79074,买盘
1873,11:06:48,11.46,--,51,58446,买盘
1874,11:06:45,11.46,--,225,257850,买盘
1875,11:06:42,11.46,--,215,246390,买盘
1876,11:06:39,11.46,--,368,421728,买盘
1877,11:06:36,11.46,--,478,547788,买盘
1878,11:06:33,11.46,--,38,43548,买盘
1879,11:06:27,11.46,0.01,15,17190,买盘
1880,11:06:24,11.45,--,32,36640,卖盘
1881,11:06:21,11.45,-0.01,33,37785,卖盘
1882,11:06:15,11.46,0.01,712,815952,买盘
1883,11:06:12,11.45,0.01,3326,3808521,买盘
1884,11:06:09,11.44,--,356,407264,买盘
1885,11:06:06,11.44,--,22,25168,买盘
1886,11:06:03,11.44,--,36,41184,买盘
1887,11:06:00,11.44,--,27,30888,买盘
1888,11:05:57,11.44,0.01,29,33176,买盘
1889,11:05:54,11.43,--,100,114300,卖盘
1890,11:05:48,11.43,--,35,40005,卖盘
1891,11:05:39,11.43,-0.01,50,57150,卖盘
1892,11:05:33,11.44,--,31,35464,买盘
1893,11:05:27,11.44,--,2,2288,买盘
1894,11:05:21,11.44,--,2,2288,买盘
1895,11:05:15,11.44,0.01,39,44616,买盘
1896,11:05:12,11.43,--,1,1143,卖盘
1897,11:05:06,11.43,-0.01,75,85725,卖盘
1898,11:05:03,11.44,--,124,141856,买盘
1899,11:04:51,11.44,--,12,13728,买盘
1900,11:04:48,11.44,--,54,61776,买盘
1901,11:04:45,11.44,--,1,1144,买盘
1902,11:04:42,11.44,0.01,1,1144,买盘
1903,11:04:36,11.43,-0.01,50,57150,卖盘
1904,11:04:33,11.44,--,10,11440,买盘
1905,11:04:27,11.44,0.01,27,30888,买盘
1906,11:04:24,11.43,-0.01,200,228600,卖盘
1907,11:04:12,11.44,0.01,914,1045616,买盘
1908,11:04:06,11.43,-0.01,311,355473,卖盘
1909,11:04:03,11.44,0.01,44,50336,买盘
1910,11:03:57,11.43,--,10,11430,卖盘
1911,11:03:51,11.43,-0.01,104,118872,卖盘
1912,11:03:48,11.44,--,102,116688,买盘
1913,11:03:39,11.44,0.01,40,45760,买盘
1914,11:03:36,11.43,-0.01,50,57150,卖盘
1915,11:03:33,11.44,0.01,13,14872,买盘
1916,11:03:12,11.43,-0.01,16,18288,卖盘
1917,11:03:09,11.44,--,2,2288,买盘
1918,11:03:06,11.44,0.01,34,38896,买盘
1919,11:03:03,11.43,-0.01,137,156591,卖盘
1920,11:03:00,11.44,--,27,30888,买盘
1921,11:02:51,11.44,--,26,29744,买盘
1922,11:02:45,11.44,0.01,103,117832,买盘
1923,11:02:42,11.43,--,2,2286,买盘
1924,11:02:39,11.43,0.01,4,4572,买盘
1925,11:02:33,11.42,-0.01,61,69662,卖盘
1926,11:02:30,11.43,--,1,1143,买盘
1927,11:02:27,11.43,-0.01,15,17145,买盘
1928,11:02:18,11.44,--,3,3432,买盘
1929,11:02:15,11.44,0.02,34,38896,买盘
1930,11:02:06,11.42,-0.02,12,13704,卖盘
1931,11:02:03,11.44,--,107,122408,买盘
1932,11:02:00,11.44,--,38,43472,买盘
1933,11:01:51,11.44,--,27,30888,买盘
1934,11:01:48,11.44,--,1,1144,买盘
1935,11:01:42,11.44,0.01,24,27456,买盘
1936,11:01:39,11.43,-0.01,2,2286,卖盘
1937,11:01:36,11.44,--,4,4576,买盘
1938,11:01:33,11.44,--,60,68640,买盘
1939,11:01:30,11.44,0.01,26,29744,买盘
1940,11:01:18,11.43,-0.01,25,28575,中性盘
1941,11:01:12,11.44,--,27,30888,买盘
1942,11:01:09,11.44,--,25,28600,买盘
1943,11:01:03,11.44,0.02,63,72072,买盘
1944,11:01:00,11.42,-0.02,10,11420,卖盘
1945,11:00:57,11.44,--,25,28600,买盘
1946,11:00:54,11.44,0.02,6,6864,买盘
1947,11:00:51,11.42,-0.02,19,21698,卖盘
1948,11:00:48,11.44,0.01,25,28600,买盘
1949,11:00:45,11.43,-0.01,4,4572,买盘
1950,11:00:42,11.44,--,2,2288,买盘
1951,11:00:36,11.44,--,28,32032,买盘
1952,11:00:33,11.44,0.02,11,12584,买盘
1953,11:00:30,11.42,-0.02,50,57100,卖盘
1954,11:00:27,11.44,--,46,52624,买盘
1955,11:00:24,11.44,--,27,30888,买盘
1956,11:00:18,11.44,--,1,1144,买盘
1957,11:00:15,11.44,0.02,40,45760,买盘
1958,11:00:12,11.42,--,24,27408,买盘
1959,11:00:09,11.42,-0.02,45,51390,卖盘
1960,11:00:06,11.44,--,1,1144,买盘
1961,11:00:03,11.44,0.03,38,43472,买盘
1962,11:00:00,11.41,-0.01,530,604730,卖盘
1963,10:59:54,11.42,--,37,42254,买盘
1964,10:59:51,11.42,--,28,31976,买盘
1965,10:59:48,11.42,--,34,38828,买盘
1966,10:59:45,11.42,--,5,5710,买盘
1967,10:59:42,11.42,--,15,17130,买盘
1968,10:59:39,11.42,--,54,61668,买盘
1969,10:59:36,11.42,-0.02,123,140466,卖盘
1970,10:59:33,11.44,--,19,21736,买盘
1971,10:59:30,11.44,0.02,82,93808,买盘
1972,10:59:21,11.42,-0.02,172,196424,卖盘
1973,10:59:18,11.44,--,25,28600,买盘
1974,10:59:15,11.44,--,2,2288,买盘
1975,10:59:12,11.44,0.01,83,94952,买盘
1976,10:59:09,11.43,--,1,1143,买盘
1977,10:59:06,11.43,--,25,28575,买盘
1978,10:59:03,11.43,0.01,11,12573,买盘
1979,10:59:00,11.42,-0.01,50,57100,卖盘
1980,10:58:57,11.43,--,28,32004,买盘
1981,10:58:51,11.43,--,28,32004,买盘
1982,10:58:45,11.43,--,27,30861,买盘
1983,10:58:42,11.43,--,53,60579,买盘
1984,10:58:33,11.43,0.01,34,38862,买盘
1985,10:58:30,11.42,-0.01,12,13704,卖盘
1986,10:58:24,11.43,--,27,30861,中性盘
1987,10:58:15,11.43,-0.01,42,48006,卖盘
1988,10:58:12,11.44,--,38,43472,买盘
1989,10:58:06,11.44,--,7,8008,买盘
1990,10:58:03,11.44,--,28,32032,买盘
1991,10:58:00,11.44,0.01,45,51480,买盘
1992,10:57:57,11.43,-0.01,58,66294,卖盘
1993,10:57:51,11.44,--,24,27456,买盘
1994,10:57:45,11.44,--,2,2288,买盘
1995,10:57:39,11.44,--,26,29744,买盘
1996,10:57:36,11.44,--,8,9152,买盘
1997,10:57:33,11.44,--,11,12584,买盘
1998,10:57:27,11.44,0.01,83,94952,买盘
1999,10:57:24,11.43,--,90,102870,买盘
2000,10:57:21,11.43,--,3,3429,买盘
2001,10:57:18,11.43,--,27,30861,买盘
2002,10:57:15,11.43,--,892,1019556,买盘
2003,10:57:12,11.43,-0.01,50,57150,买盘
2004,10:57:06,11.44,--,26,29744,买盘
2005,10:57:03,11.44,0.02,10,11440,买盘
2006,10:56:57,11.42,-0.02,50,57100,卖盘
2007,10:56:54,11.44,0.02,26,29744,买盘
2008,10:56:51,11.42,-0.02,12,13704,卖盘
2009,10:56:45,11.44,0.02,26,29744,买盘
2010,10:56:42,11.42,--,11,12562,买盘
2011,10:56:36,11.42,-0.01,11,12562,卖盘
2012,10:56:33,11.43,0.01,37,42291,买盘
2013,10:56:30,11.42,--,20,22840,买盘
2014,10:56:27,11.42,-0.01,48,54816,卖盘
2015,10:56:21,11.43,-0.01,29,33147,中性盘
2016,10:56:15,11.44,--,1,1144,买盘
2017,10:56:12,11.44,0.01,30,34320,买盘
2018,10:56:03,11.43,--,11,12573,买盘
2019,10:56:00,11.43,0.01,28,32004,买盘
2020,10:55:57,11.42,--,50,57100,卖盘
2021,10:55:51,11.42,-0.01,13,14846,卖盘
2022,10:55:48,11.43,--,48,54864,买盘
2023,10:55:39,11.43,--,67,76581,买盘
2024,10:55:33,11.43,--,40,45720,买盘
2025,10:55:27,11.43,--,34,38862,买盘
2026,10:55:21,11.43,--,45,51435,买盘
2027,10:55:15,11.43,--,25,28575,买盘
2028,10:55:12,11.43,--,2,2286,买盘
2029,10:55:09,11.43,--,3,3429,买盘
2030,10:55:06,11.43,--,27,30861,买盘
2031,10:55:03,11.43,--,11,12573,买盘
2032,10:55:00,11.43,0.01,1,1143,买盘
2033,10:54:54,11.42,-0.01,38,43396,卖盘
2034,10:54:42,11.43,--,26,29718,买盘
2035,10:54:33,11.43,0.01,34,38862,买盘
2036,10:54:27,11.42,-0.02,25,28550,卖盘
2037,10:54:21,11.44,0.03,33,37752,买盘
2038,10:54:12,11.41,-0.03,6,6846,卖盘
2039,10:54:09,11.44,--,26,29744,买盘
2040,10:54:03,11.44,--,10,11440,买盘
2041,10:53:57,11.44,0.02,25,28600,买盘
2042,10:53:54,11.42,--,3,3426,买盘
2043,10:53:51,11.42,--,2,2284,买盘
2044,10:53:48,11.42,-0.02,38,43396,中性盘
2045,10:53:36,11.44,0.01,36,41184,买盘
2046,10:53:33,11.43,--,11,12573,买盘
2047,10:53:27,11.43,--,2,2286,买盘
2048,10:53:24,11.43,--,23,27409,卖盘
2049,10:53:21,11.43,-0.01,5,5715,卖盘
2050,10:53:15,11.44,--,25,28600,买盘
2051,10:53:12,11.44,0.01,1,1144,买盘
2052,10:53:09,11.43,--,275,314347,买盘
2053,10:53:06,11.43,--,5,5715,买盘
2054,10:53:03,11.43,0.01,37,42291,买盘
2055,10:53:00,11.42,--,39,44538,买盘
2056,10:52:51,11.42,--,26,29692,买盘
2057,10:52:48,11.42,-0.01,116,132472,卖盘
2058,10:52:42,11.43,--,24,27432,买盘
2059,10:52:33,11.43,--,18,20574,买盘
2060,10:52:30,11.43,--,25,28575,买盘
2061,10:52:27,11.43,--,10,11430,买盘
2062,10:52:21,11.43,--,63,72009,买盘
2063,10:52:18,11.43,0.03,27,30861,买盘
2064,10:52:12,11.4,-0.03,49,55860,卖盘
2065,10:52:09,11.43,--,24,27432,买盘
2066,10:52:03,11.43,--,11,12573,买盘
2067,10:51:57,11.43,0.02,28,32004,买盘
2068,10:51:51,11.41,-0.02,42,47922,卖盘
2069,10:51:48,11.43,--,27,30861,买盘
2070,10:51:36,11.43,--,30,34290,买盘
2071,10:51:33,11.43,--,10,11430,买盘
2072,10:51:24,11.43,0.02,24,27432,买盘
2073,10:51:21,11.41,-0.02,50,57050,卖盘
2074,10:51:12,11.43,0.02,36,41148,买盘
2075,10:51:06,11.41,-0.02,10,11410,卖盘
2076,10:51:03,11.43,--,38,43434,买盘
2077,10:50:57,11.43,--,1,1143,买盘
2078,10:50:51,11.43,0.02,26,29718,买盘
2079,10:50:48,11.41,-0.02,50,57050,中性盘
2080,10:50:42,11.43,--,3,3429,买盘
2081,10:50:39,11.43,--,24,27432,买盘
2082,10:50:33,11.43,--,11,12573,买盘
2083,10:50:30,11.43,0.03,25,28575,买盘
2084,10:50:24,11.4,--,1,1140,卖盘
2085,10:50:21,11.4,--,29,33060,买盘
2086,10:50:18,11.4,-0.03,44,50160,卖盘
2087,10:50:12,11.43,--,4,4572,买盘
2088,10:50:09,11.43,0.01,145,165735,买盘
2089,10:50:06,11.42,-0.01,37,42254,卖盘
2090,10:50:03,11.43,--,14,16002,买盘
2091,10:50:00,11.43,--,44,50292,买盘
2092,10:49:57,11.43,0.01,26,29718,买盘
2093,10:49:54,11.42,0.01,3,3426,卖盘
2094,10:49:51,11.41,--,30,34230,买盘
2095,10:49:48,11.41,-0.02,21,23961,卖盘
2096,10:49:45,11.43,0.01,70,80010,买盘
2097,10:49:39,11.42,-0.01,1,1142,中性盘
2098,10:49:36,11.43,--,24,27432,买盘
2099,10:49:33,11.43,0.02,21,24003,买盘
2100,10:49:30,11.41,--,1,1141,卖盘
2101,10:49:24,11.41,0.02,76,86716,买盘
2102,10:49:18,11.39,-0.02,50,56950,卖盘
2103,10:49:15,11.41,0.01,20,23618,买盘
2104,10:49:12,11.4,--,75,85500,买盘
2105,10:49:06,11.4,0.01,467,532380,买盘
2106,10:49:03,11.39,-0.01,63,71757,卖盘
2107,10:48:57,11.4,0.01,259,295260,买盘
2108,10:48:54,11.39,-0.01,10,11390,卖盘
2109,10:48:51,11.4,--,28,31920,买盘
2110,10:48:48,11.4,--,83,94620,买盘
2111,10:48:45,11.4,--,101,115140,买盘
2112,10:48:42,11.4,--,3,3420,买盘
2113,10:48:39,11.4,--,24,27360,买盘
2114,10:48:36,11.4,--,20,22800,买盘
2115,10:48:33,11.4,--,12,13680,买盘
2116,10:48:30,11.4,--,24,27360,买盘
2117,10:48:27,11.4,--,4,4560,买盘
2118,10:48:18,11.4,--,31,35340,买盘
2119,10:48:12,11.4,--,1,1140,买盘
2120,10:48:06,11.4,--,25,28500,买盘
2121,10:48:03,11.4,--,11,12540,买盘
2122,10:48:00,11.4,-0.03,36,41040,卖盘
2123,10:47:54,11.43,0.01,42,48006,买盘
2124,10:47:51,11.42,--,71,81082,买盘
2125,10:47:48,11.42,0.01,9,10278,买盘
2126,10:47:45,11.41,--,90,102690,卖盘
2127,10:47:42,11.41,-0.01,60,68460,卖盘
2128,10:47:39,11.42,0.01,94,107348,买盘
2129,10:47:36,11.41,-0.01,30,34230,卖盘
2130,10:47:33,11.42,--,45,51390,买盘
2131,10:47:30,11.42,0.01,50,57100,买盘
2132,10:47:27,11.41,-0.01,100,114100,卖盘
2133,10:47:21,11.42,0.01,23,26266,买盘
2134,10:47:15,11.41,--,151,172291,买盘
2135,10:47:12,11.41,--,24,27384,买盘
2136,10:47:09,11.41,--,34,38794,买盘
2137,10:47:06,11.41,--,57,65037,买盘
2138,10:47:03,11.41,--,25,28525,买盘
2139,10:47:00,11.41,--,25,28525,买盘
2140,10:46:57,11.41,--,7,7987,买盘
2141,10:46:48,11.41,--,53,60473,买盘
2142,10:46:45,11.41,0.01,54,61614,买盘
2143,10:46:39,11.4,--,41,46740,买盘
2144,10:46:36,11.4,--,1,1140,买盘
2145,10:46:33,11.4,--,11,12540,买盘
2146,10:46:27,11.4,--,27,30780,买盘
2147,10:46:15,11.4,--,73,83220,买盘
2148,10:46:12,11.4,--,3,3420,买盘
2149,10:46:06,11.4,0.01,26,29640,买盘
2150,10:46:03,11.39,-0.01,21,23919,卖盘
2151,10:46:00,11.4,0.01,3,3420,买盘
2152,10:45:57,11.39,-0.01,43,48977,卖盘
2153,10:45:54,11.4,0.01,24,27360,买盘
2154,10:45:48,11.39,--,13,14807,卖盘
2155,10:45:42,11.39,-0.01,77,87703,卖盘
2156,10:45:39,11.4,--,10,11400,买盘
2157,10:45:33,11.4,--,37,42180,买盘
2158,10:45:24,11.4,--,20,22800,买盘
2159,10:45:21,11.4,--,27,30780,买盘
2160,10:45:18,11.4,0.01,2,2280,买盘
2161,10:45:12,11.39,-0.01,51,58089,卖盘
2162,10:45:09,11.4,0.02,55,62700,买盘
2163,10:45:06,11.38,-0.02,153,174114,卖盘
2164,10:45:03,11.4,0.02,11,12540,买盘
2165,10:45:00,11.38,--,43,48934,卖盘
2166,10:44:57,11.38,-0.02,20,22760,卖盘
2167,10:44:54,11.4,0.01,249,283860,买盘
2168,10:44:48,11.39,--,88,100232,买盘
2169,10:44:42,11.39,-0.01,27,30753,卖盘
2170,10:44:39,11.4,--,3,3420,买盘
2171,10:44:36,11.4,--,23,26220,买盘
2172,10:44:33,11.4,0.01,65,74100,买盘
2173,10:44:27,11.39,-0.01,37,42143,卖盘
2174,10:44:15,11.4,0.01,28,31920,买盘
2175,10:44:12,11.39,-0.01,53,60367,卖盘
2176,10:44:03,11.4,0.01,47,53580,买盘
2177,10:44:00,11.39,-0.01,15,17085,卖盘
2178,10:43:54,11.4,--,25,28500,买盘
2179,10:43:51,11.4,--,3,3420,买盘
2180,10:43:42,11.4,--,93,106020,买盘
2181,10:43:39,11.4,--,1,1140,买盘
2182,10:43:33,11.4,--,19,21660,买盘
2183,10:43:30,11.4,--,36,41040,买盘
2184,10:43:21,11.4,--,27,30780,买盘
2185,10:43:18,11.4,-0.01,4,4560,买盘
2186,10:43:09,11.41,--,24,27384,买盘
2187,10:43:03,11.41,--,23,26243,买盘
2188,10:42:57,11.41,--,28,31948,买盘
2189,10:42:48,11.41,--,41,46781,买盘
2190,10:42:39,11.41,--,110,125510,买盘
2191,10:42:36,11.41,--,27,30807,买盘
2192,10:42:33,11.41,--,10,11410,买盘
2193,10:42:30,11.41,--,34,38794,买盘
2194,10:42:24,11.41,--,24,27384,买盘
2195,10:42:15,11.41,--,37,42217,买盘
2196,10:42:12,11.41,--,3,3423,买盘
2197,10:42:03,11.41,--,37,42217,买盘
2198,10:42:00,11.41,--,331,377671,卖盘
2199,10:41:54,11.41,-0.01,20,22820,卖盘
2200,10:41:51,11.42,--,26,29692,买盘
2201,10:41:48,11.42,--,10,11420,买盘
2202,10:41:42,11.42,0.01,26,29692,买盘
2203,10:41:39,11.41,0.01,50,57050,卖盘
2204,10:41:36,11.4,-0.01,72,82080,卖盘
2205,10:41:33,11.41,-0.01,12,13692,卖盘
2206,10:41:30,11.42,--,28,31976,买盘
2207,10:41:27,11.42,--,180,205560,买盘
2208,10:41:21,11.42,0.01,9,10278,买盘
2209,10:41:18,11.41,--,30,34230,买盘
2210,10:41:12,11.41,--,1,1141,买盘
2211,10:41:09,11.41,0.01,24,27384,中性盘
2212,10:41:06,11.4,-0.02,4,4560,卖盘
2213,10:41:03,11.42,--,10,11420,买盘
2214,10:40:57,11.42,--,26,29692,买盘
2215,10:40:48,11.42,--,70,79940,买盘
2216,10:40:45,11.42,0.02,26,29692,买盘
2217,10:40:42,11.4,--,49,55860,买盘
2218,10:40:36,11.4,-0.01,29,33060,卖盘
2219,10:40:33,11.41,-0.01,11,12551,中性盘
2220,10:40:24,11.42,--,24,27408,买盘
2221,10:40:12,11.42,--,58,66236,买盘
2222,10:40:06,11.42,--,101,115342,买盘
2223,10:40:03,11.42,0.01,35,39970,买盘
2224,10:39:57,11.41,-0.01,3,3423,卖盘
2225,10:39:51,11.42,--,26,29692,买盘
2226,10:39:39,11.42,--,27,30834,买盘
2227,10:39:36,11.42,0.01,508,580136,买盘
2228,10:39:33,11.41,--,10,11410,买盘
2229,10:39:30,11.41,--,26,29666,买盘
2230,10:39:18,11.41,--,24,27384,买盘
2231,10:39:12,11.41,--,39,44499,买盘
2232,10:39:06,11.41,--,117,133497,买盘
2233,10:39:03,11.41,--,11,12551,买盘
2234,10:38:57,11.41,--,26,29666,买盘
2235,10:38:54,11.41,--,4,4564,买盘
2236,10:38:51,11.41,--,9,10269,买盘
2237,10:38:45,11.41,--,28,31948,买盘
2238,10:38:36,11.41,--,53,60473,买盘
2239,10:38:33,11.41,0.01,34,38794,买盘
2240,10:38:30,11.4,0.02,200,228250,买盘
2241,10:38:27,11.38,-0.02,10,11380,卖盘
2242,10:38:24,11.4,0.02,26,29640,买盘
2243,10:38:12,11.38,-0.02,90,102420,卖盘
2244,10:38:06,11.4,0.02,61,69540,买盘
2245,10:38:03,11.38,-0.02,60,68280,卖盘
2246,10:38:00,11.4,0.01,216,246240,买盘
2247,10:37:57,11.39,--,3,3417,买盘
2248,10:37:54,11.39,--,100,113900,买盘
2249,10:37:48,11.39,0.01,27,30753,买盘
2250,10:37:45,11.38,--,12,13656,卖盘
2251,10:37:42,11.38,-0.01,58,66004,卖盘
2252,10:37:39,11.39,0.01,23,26197,中性盘
2253,10:37:36,11.38,--,15,17070,卖盘
2254,10:37:33,11.38,-0.01,61,69418,卖盘
2255,10:37:15,11.39,--,9,10251,买盘
2256,10:37:12,11.39,--,1,1139,买盘
2257,10:37:09,11.39,--,28,31892,买盘
2258,10:37:06,11.39,0.01,32,36448,买盘
2259,10:37:03,11.38,--,61,69418,中性盘
2260,10:36:57,11.38,--,58,66004,买盘
2261,10:36:45,11.38,--,18,20484,买盘
2262,10:36:39,11.38,--,175,199150,卖盘
2263,10:36:36,11.38,-0.01,2,2276,卖盘
2264,10:36:33,11.39,--,60,68340,买盘
2265,10:36:30,11.39,0.01,4,4556,买盘
2266,10:36:21,11.38,-0.01,99,112662,卖盘
2267,10:36:18,11.39,--,6,6834,买盘
2268,10:36:12,11.39,0.01,13,14807,买盘
2269,10:36:06,11.38,--,4,4552,卖盘
2270,10:36:03,11.38,--,62,70556,卖盘
2271,10:36:00,11.38,-0.01,50,56900,卖盘
2272,10:35:57,11.39,--,15,17085,买盘
2273,10:35:54,11.39,0.01,7,7973,买盘
2274,10:35:51,11.38,--,20,22760,卖盘
2275,10:35:48,11.38,-0.01,56,63728,卖盘
2276,10:35:45,11.39,--,1,1139,买盘
2277,10:35:42,11.39,--,8,9112,买盘
2278,10:35:33,11.39,--,11,12529,买盘
2279,10:35:30,11.39,-0.01,15,17085,卖盘
2280,10:35:27,11.4,0.01,2,2280,买盘
2281,10:35:24,11.39,--,10,11390,卖盘
2282,10:35:21,11.39,--,10,11390,卖盘
2283,10:35:18,11.39,-0.01,15,17085,中性盘
2284,10:35:15,11.4,0.01,26,29640,买盘
2285,10:35:12,11.39,--,18,20502,卖盘
2286,10:35:03,11.39,--,35,39865,买盘
2287,10:35:00,11.39,--,18,20502,卖盘
2288,10:34:57,11.39,-0.01,6,6834,卖盘
2289,10:34:51,11.4,--,26,29640,买盘
2290,10:34:42,11.4,0.01,27,30780,买盘
2291,10:34:39,11.39,--,15,17085,买盘
2292,10:34:36,11.39,--,50,56950,买盘
2293,10:34:33,11.39,--,14,15946,买盘
2294,10:34:30,11.39,--,55,62645,买盘
2295,10:34:27,11.39,--,21,23919,买盘
2296,10:34:24,11.39,-0.01,334,380653,卖盘
2297,10:34:18,11.4,0.01,24,27360,买盘
2298,10:34:12,11.39,-0.01,25,28475,卖盘
2299,10:34:09,11.4,--,30,34200,买盘
2300,10:34:03,11.4,--,11,12540,买盘
2301,10:34:00,11.4,0.01,103,117420,买盘
2302,10:33:57,11.39,--,90,102510,卖盘
2303,10:33:51,11.39,--,16,18224,卖盘
2304,10:33:48,11.39,-0.01,4,4556,卖盘
2305,10:33:45,11.4,--,28,31920,买盘
2306,10:33:39,11.4,--,10,11400,买盘
2307,10:33:36,11.4,--,24,27360,买盘
2308,10:33:33,11.4,0.01,10,11400,买盘
2309,10:33:27,11.39,--,50,56950,卖盘
2310,10:33:24,11.39,-0.01,57,64923,卖盘
2311,10:33:18,11.4,0.01,5,5700,买盘
2312,10:33:15,11.39,-0.01,60,68340,卖盘
2313,10:33:12,11.4,--,30,34200,买盘
2314,10:33:09,11.4,0.01,3,3420,买盘
2315,10:33:06,11.39,-0.01,10,11390,卖盘
2316,10:33:03,11.4,--,63,71820,买盘
2317,10:33:00,11.4,0.01,470,535800,买盘
2318,10:32:57,11.39,-0.01,50,56950,卖盘
2319,10:32:51,11.4,0.01,23,26220,买盘
2320,10:32:48,11.39,-0.01,54,61506,卖盘
2321,10:32:45,11.4,--,2,2280,买盘
2322,10:32:39,11.4,0.01,26,29640,买盘
2323,10:32:36,11.39,-0.01,20,22780,卖盘
2324,10:32:33,11.4,0.01,11,12540,买盘
2325,10:32:30,11.39,--,146,167205,卖盘
2326,10:32:27,11.39,-0.01,50,56950,卖盘
2327,10:32:24,11.4,--,6,6840,买盘
2328,10:32:18,11.4,--,25,28500,买盘
2329,10:32:09,11.4,-0.01,10,11400,中性盘
2330,10:32:06,11.41,--,25,28525,买盘
2331,10:32:03,11.41,0.01,10,11410,买盘
2332,10:32:00,11.4,--,1,1140,卖盘
2333,10:31:57,11.4,--,96,109440,卖盘
2334,10:31:51,11.4,-0.01,8,9120,卖盘
2335,10:31:45,11.41,--,25,28525,买盘
2336,10:31:42,11.41,--,10,11410,买盘
2337,10:31:39,11.41,0.01,5,5705,买盘
2338,10:31:36,11.4,--,20,22800,买盘
2339,10:31:33,11.4,-0.01,38,43320,中性盘
2340,10:31:24,11.41,0.01,25,28525,买盘
2341,10:31:21,11.4,-0.01,81,92340,卖盘
2342,10:31:15,11.41,--,11,12551,买盘
2343,10:31:12,11.41,--,227,259007,买盘
2344,10:31:09,11.41,--,50,57050,买盘
2345,10:31:03,11.41,--,11,12551,买盘
2346,10:31:00,11.41,0.01,131,149471,买盘
2347,10:30:54,11.4,--,59,67260,卖盘
2348,10:30:51,11.4,-0.01,50,57000,卖盘
2349,10:30:45,11.41,0.01,14,15974,买盘
2350,10:30:39,11.4,-0.01,34,38760,卖盘
2351,10:30:36,11.41,--,3,3423,买盘
2352,10:30:33,11.41,--,12,13692,买盘
2353,10:30:30,11.41,--,20,22820,买盘
2354,10:30:27,11.41,0.01,27,30807,买盘
2355,10:30:24,11.4,-0.01,59,67260,卖盘
2356,10:30:21,11.41,--,24,27384,卖盘
2357,10:30:18,11.41,-0.01,44,50204,卖盘
2358,10:30:12,11.42,0.02,83,94786,买盘
2359,10:30:09,11.4,-0.01,9,10260,卖盘
2360,10:30:06,11.41,--,33,37653,买盘
2361,10:30:03,11.41,0.01,25,28525,买盘
2362,10:30:00,11.4,-0.01,12,13680,卖盘
2363,10:29:54,11.41,-0.01,32,36512,中性盘
2364,10:29:51,11.42,0.01,103,117626,买盘
2365,10:29:48,11.41,--,150,171150,买盘
2366,10:29:45,11.41,--,39,44499,买盘
2367,10:29:42,11.41,--,47,53627,买盘
2368,10:29:39,11.41,--,18,20538,卖盘
2369,10:29:36,11.41,-0.01,2,2282,卖盘
2370,10:29:33,11.42,0.01,30,34260,买盘
2371,10:29:27,11.41,0.01,31,35371,买盘
2372,10:29:24,11.4,-0.01,50,57000,卖盘
2373,10:29:21,11.41,--,55,62755,买盘
2374,10:29:15,11.41,--,2,2282,买盘
2375,10:29:12,11.41,--,255,290955,买盘
2376,10:29:09,11.41,--,9,10269,买盘
2377,10:29:06,11.41,--,2,2282,买盘
2378,10:29:03,11.41,--,10,11410,买盘
2379,10:29:00,11.41,0.01,25,28525,买盘
2380,10:28:51,11.4,-0.01,3,3420,卖盘
2381,10:28:48,11.41,-0.01,26,29666,中性盘
2382,10:28:45,11.42,0.02,4,4568,买盘
2383,10:28:39,11.4,-0.02,31,35340,卖盘
2384,10:28:36,11.42,0.01,113,129046,买盘
2385,10:28:33,11.41,--,24,27384,买盘
2386,10:28:30,11.41,--,10,11410,买盘
2387,10:28:27,11.41,0.01,29,33089,中性盘
2388,10:28:24,11.4,--,10,11400,卖盘
2389,10:28:21,11.4,-0.01,15,17100,卖盘
2390,10:28:18,11.41,-0.01,5,5705,卖盘
2391,10:28:15,11.42,0.01,82,93644,买盘
2392,10:28:12,11.41,0.01,104,118664,买盘
2393,10:28:09,11.4,--,84,95760,卖盘
2394,10:28:06,11.4,-0.01,10,11400,卖盘
2395,10:28:03,11.41,0.01,34,38794,买盘
2396,10:27:57,11.4,--,16,18240,卖盘
2397,10:27:54,11.4,--,43,49020,卖盘
2398,10:27:51,11.4,-0.01,32,36480,卖盘
2399,10:27:48,11.41,-0.01,1,1141,中性盘
2400,10:27:42,11.42,--,31,35402,买盘
2401,10:27:36,11.42,--,5,5710,买盘
2402,10:27:33,11.42,--,23,26266,买盘
2403,10:27:30,11.42,0.01,137,156454,买盘
2404,10:27:27,11.41,--,6,6846,卖盘
2405,10:27:24,11.41,-0.01,9,10269,卖盘
2406,10:27:21,11.42,0.01,45,51390,买盘
2407,10:27:18,11.41,-0.01,16,18256,卖盘
2408,10:27:15,11.42,--,5,5710,买盘
2409,10:27:12,11.42,--,3,3426,买盘
2410,10:27:09,11.42,--,27,30834,买盘
2411,10:27:03,11.42,0.01,26,29692,买盘
2412,10:27:00,11.41,-0.01,14,15974,卖盘
2413,10:26:57,11.42,--,94,107348,买盘
2414,10:26:54,11.42,--,16,18272,买盘
2415,10:26:48,11.42,0.01,40,45680,买盘
2416,10:26:45,11.41,-0.01,10,11410,卖盘
2417,10:26:39,11.42,--,11,12562,买盘
2418,10:26:36,11.42,--,24,27408,买盘
2419,10:26:33,11.42,0.01,10,11420,买盘
2420,10:26:27,11.41,-0.01,23,26243,卖盘
2421,10:26:24,11.42,0.01,147,167874,买盘
2422,10:26:21,11.41,-0.01,20,22820,卖盘
2423,10:26:18,11.42,--,8,9136,买盘
2424,10:26:15,11.42,0.01,25,28550,买盘
2425,10:26:12,11.41,--,7,7987,卖盘
2426,10:26:09,11.41,-0.01,94,107254,卖盘
2427,10:26:06,11.42,--,608,694336,买盘
2428,10:26:03,11.42,0.01,76,86792,买盘
2429,10:26:00,11.41,--,13,14833,卖盘
2430,10:25:57,11.41,-0.01,9,10269,卖盘
2431,10:25:54,11.42,--,17,19414,买盘
2432,10:25:51,11.42,0.01,26,29692,买盘
2433,10:25:48,11.41,-0.01,20,22820,卖盘
2434,10:25:45,11.42,--,1,1142,买盘
2435,10:25:42,11.42,0.01,24,27408,买盘
2436,10:25:36,11.41,--,17,19397,卖盘
2437,10:25:33,11.41,--,18,20538,卖盘
2438,10:25:30,11.41,-0.01,31,35371,卖盘
2439,10:25:27,11.42,0.01,19,21698,买盘
2440,10:25:21,11.41,--,48,54768,卖盘
2441,10:25:18,11.41,-0.01,10,11410,卖盘
2442,10:25:15,11.42,0.01,2,2284,买盘
2443,10:25:12,11.41,-0.01,51,58191,卖盘
2444,10:25:09,11.42,--,216,246672,买盘
2445,10:25:06,11.42,--,10,11420,买盘
2446,10:25:03,11.42,0.01,10,11420,买盘
2447,10:25:00,11.41,-0.01,7,7987,卖盘
2448,10:24:57,11.42,--,26,29692,买盘
2449,10:24:54,11.42,0.01,46,52532,买盘
2450,10:24:51,11.41,-0.01,6,6846,卖盘
2451,10:24:48,11.42,--,28,31976,买盘
2452,10:24:42,11.42,0.01,11,12562,买盘
2453,10:24:39,11.41,-0.01,21,23961,卖盘
2454,10:24:36,11.42,--,32,36544,买盘
2455,10:24:33,11.42,0.01,11,12562,买盘
2456,10:24:30,11.41,-0.01,10,11410,卖盘
2457,10:24:24,11.42,--,27,30834,买盘
2458,10:24:21,11.42,--,2,2284,卖盘
2459,10:24:18,11.42,-0.02,6,6852,卖盘
2460,10:24:15,11.44,--,25,28600,买盘
2461,10:24:12,11.44,0.03,123,140712,买盘
2462,10:24:09,11.41,-0.01,1106,1261946,卖盘
2463,10:24:03,11.42,--,37,42254,买盘
2464,10:24:00,11.42,--,2,2284,买盘
2465,10:23:57,11.42,0.01,27,30834,买盘
2466,10:23:51,11.41,--,74,84434,卖盘
2467,10:23:48,11.41,-0.01,46,52486,卖盘
2468,10:23:45,11.42,-0.02,391,446522,卖盘
2469,10:23:42,11.44,0.02,27,30888,买盘
2470,10:23:36,11.42,-0.02,1,1142,卖盘
2471,10:23:33,11.44,--,19,21736,买盘
2472,10:23:30,11.44,0.02,26,29744,买盘
2473,10:23:27,11.42,--,2,2284,卖盘
2474,10:23:24,11.42,--,6,6852,卖盘
2475,10:23:21,11.42,-0.02,17,19414,卖盘
2476,10:23:18,11.44,--,54,61776,买盘
2477,10:23:15,11.44,--,85,97240,买盘
2478,10:23:09,11.44,0.01,36,41184,买盘
2479,10:23:03,11.43,0.01,11,12573,买盘
2480,10:23:00,11.42,-0.02,6,6852,卖盘
2481,10:22:57,11.44,0.02,25,28600,买盘
2482,10:22:54,11.42,-0.01,6,6852,卖盘
2483,10:22:48,11.43,-0.01,11,12573,卖盘
2484,10:22:45,11.44,--,24,27456,买盘
2485,10:22:36,11.44,--,11,12584,买盘
2486,10:22:33,11.44,--,38,43472,买盘
2487,10:22:24,11.44,--,23,26312,买盘
2488,10:22:21,11.44,--,17,19448,买盘
2489,10:22:18,11.44,0.01,13,14872,买盘
2490,10:22:15,11.43,-0.01,2,2286,买盘
2491,10:22:12,11.44,0.01,149,170456,买盘
2492,10:22:09,11.43,0.01,2,2286,买盘
2493,10:22:03,11.42,-0.01,27,30834,卖盘
2494,10:22:00,11.43,--,61,69723,买盘
2495,10:21:57,11.43,--,20,22860,买盘
2496,10:21:54,11.43,-0.01,17,19431,卖盘
2497,10:21:51,11.44,--,25,28600,买盘
2498,10:21:45,11.44,--,8,9152,买盘
2499,10:21:39,11.44,--,29,33176,买盘
2500,10:21:36,11.44,0.01,10,11440,买盘
2501,10:21:33,11.43,0.01,11,12573,买盘
2502,10:21:30,11.42,--,21,23982,卖盘
2503,10:21:27,11.42,-0.02,29,33118,卖盘
2504,10:21:18,11.44,--,62,70928,买盘
2505,10:21:15,11.44,--,4,4576,买盘
2506,10:21:12,11.44,--,48,54912,买盘
2507,10:21:06,11.44,0.01,102,116688,买盘
2508,10:21:03,11.43,--,11,12573,买盘
2509,10:20:54,11.43,--,26,29718,买盘
2510,10:20:51,11.43,0.01,10,11430,买盘
2511,10:20:48,11.42,--,91,103922,卖盘
2512,10:20:45,11.42,-0.01,56,63952,卖盘
2513,10:20:42,11.43,--,17,19431,买盘
2514,10:20:36,11.43,-0.01,14,16002,买盘
2515,10:20:33,11.44,--,38,43472,买盘
2516,10:20:27,11.44,0.01,82,93808,买盘
2517,10:20:24,11.43,--,4,4572,买盘
2518,10:20:21,11.43,0.01,28,32004,买盘
2519,10:20:18,11.42,-0.02,7,7994,卖盘
2520,10:20:15,11.44,--,46,52624,买盘
2521,10:20:12,11.44,--,25,28600,买盘
2522,10:20:06,11.44,--,9,10296,买盘
2523,10:20:03,11.44,--,33,37752,买盘
2524,10:20:00,11.44,0.01,109,124696,买盘
2525,10:19:57,11.43,--,9,10287,买盘
2526,10:19:54,11.43,-0.01,23,26289,卖盘
2527,10:19:51,11.44,0.01,27,30888,买盘
2528,10:19:48,11.43,--,35,40005,买盘
2529,10:19:45,11.43,0.01,99,113157,买盘
2530,10:19:42,11.42,-0.01,9,10278,卖盘
2531,10:19:39,11.43,--,46,52578,买盘
2532,10:19:36,11.43,--,37,42291,买盘
2533,10:19:33,11.43,--,119,136017,买盘
2534,10:19:30,11.43,--,47,53721,买盘
2535,10:19:27,11.43,--,52,59436,买盘
2536,10:19:24,11.43,--,27,30861,买盘
2537,10:19:18,11.43,--,80,91440,买盘
2538,10:19:15,11.43,0.02,28,32004,买盘
2539,10:19:09,11.41,-0.02,6,6846,卖盘
2540,10:19:06,11.43,0.01,26,29718,买盘
2541,10:19:03,11.42,0.01,10,11420,中性盘
2542,10:19:00,11.41,-0.02,49,55909,卖盘
2543,10:18:57,11.43,0.01,4,4572,买盘
2544,10:18:54,11.42,0.01,25,28550,买盘
2545,10:18:48,11.41,--,3,3423,卖盘
2546,10:18:45,11.41,-0.03,9,10269,卖盘
2547,10:18:42,11.44,--,105,120120,买盘
2548,10:18:36,11.44,0.03,36,41184,买盘
2549,10:18:33,11.41,--,188,214508,卖盘
2550,10:18:24,11.41,-0.03,7,7987,卖盘
2551,10:18:21,11.44,0.01,25,28600,买盘
2552,10:18:15,11.43,0.02,4,4572,买盘
2553,10:18:12,11.41,-0.01,857,977837,卖盘
2554,10:18:09,11.42,--,62,70804,买盘
2555,10:18:03,11.42,--,12,13704,买盘
2556,10:18:00,11.42,--,37,42254,买盘
2557,10:17:54,11.42,--,3,3426,买盘
2558,10:17:51,11.42,--,4,4568,买盘
2559,10:17:48,11.42,--,29,33118,买盘
2560,10:17:45,11.42,-0.02,168,191856,卖盘
2561,10:17:42,11.44,--,10,11440,买盘
2562,10:17:39,11.44,--,33,37752,买盘
2563,10:17:33,11.44,0.02,10,11440,买盘
2564,10:17:27,11.42,-0.02,123,140466,卖盘
2565,10:17:21,11.44,--,4,4576,买盘
2566,10:17:15,11.44,0.02,28,32032,买盘
2567,10:17:12,11.42,-0.02,14,15988,卖盘
2568,10:17:06,11.44,--,2,2288,买盘
2569,10:17:03,11.44,--,75,85800,买盘
2570,10:16:57,11.44,--,9,10296,买盘
2571,10:16:54,11.44,0.01,32,36608,买盘
2572,10:16:48,11.43,0.01,53,60579,买盘
2573,10:16:45,11.42,--,10,11420,卖盘
2574,10:16:42,11.42,--,55,62810,卖盘
2575,10:16:39,11.42,-0.01,45,51390,卖盘
2576,10:16:33,11.43,--,76,86868,买盘
2577,10:16:30,11.43,--,23,26289,买盘
2578,10:16:21,11.43,--,26,29718,买盘
2579,10:16:15,11.43,0.01,7,8001,买盘
2580,10:16:12,11.42,-0.01,42,47964,卖盘
2581,10:16:09,11.43,0.01,236,269748,买盘
2582,10:16:03,11.42,-0.01,117,133614,卖盘
2583,10:15:57,11.43,0.01,23,26289,买盘
2584,10:15:54,11.42,--,101,115342,卖盘
2585,10:15:51,11.42,-0.01,35,39970,卖盘
2586,10:15:48,11.43,0.01,25,28575,买盘
2587,10:15:45,11.42,-0.01,15,17130,卖盘
2588,10:15:42,11.43,0.01,87,99441,买盘
2589,10:15:39,11.42,-0.01,33,37686,卖盘
2590,10:15:36,11.43,--,37,42291,卖盘
2591,10:15:33,11.43,0.01,1,1143,买盘
2592,10:15:30,11.42,-0.02,15,17130,卖盘
2593,10:15:24,11.44,0.02,24,27456,买盘
2594,10:15:21,11.42,-0.02,10,11420,卖盘
2595,10:15:18,11.44,--,35,40040,买盘
2596,10:15:15,11.44,--,80,91520,买盘
2597,10:15:12,11.44,--,25,28600,买盘
2598,10:15:09,11.44,0.01,9,10296,买盘
2599,10:15:06,11.43,-0.01,20,22860,卖盘
2600,10:15:03,11.44,--,50,57200,买盘
2601,10:14:51,11.44,--,107,122408,买盘
2602,10:14:45,11.44,--,42,48048,买盘
2603,10:14:42,11.44,--,2,2288,买盘
2604,10:14:39,11.44,--,26,29744,买盘
2605,10:14:33,11.44,--,50,57200,买盘
2606,10:14:30,11.44,0.01,27,30888,买盘
2607,10:14:27,11.43,--,26,29718,卖盘
2608,10:14:24,11.43,--,25,28575,卖盘
2609,10:14:21,11.43,-0.01,39,44577,卖盘
2610,10:14:18,11.44,--,30,34320,买盘
2611,10:14:15,11.44,0.01,2,2288,买盘
2612,10:14:12,11.43,--,3,3429,卖盘
2613,10:14:09,11.43,-0.01,35,40005,中性盘
2614,10:14:03,11.44,0.02,11,12584,买盘
2615,10:14:00,11.42,-0.02,11,12562,卖盘
2616,10:13:57,11.44,--,59,67496,买盘
2617,10:13:54,11.44,0.02,10,11440,买盘
2618,10:13:51,11.42,-0.02,16,18272,卖盘
2619,10:13:45,11.44,--,28,32032,买盘
2620,10:13:33,11.44,--,49,56056,买盘
2621,10:13:30,11.44,--,45,51480,买盘
2622,10:13:24,11.44,0.01,24,27456,买盘
2623,10:13:18,11.43,0.01,205,234315,买盘
2624,10:13:15,11.42,-0.01,27,30834,卖盘
2625,10:13:12,11.43,--,27,30861,买盘
2626,10:13:06,11.43,--,3,3429,买盘
2627,10:13:03,11.43,--,19,21717,买盘
2628,10:13:00,11.43,--,23,26289,买盘
2629,10:12:51,11.43,0.01,28,32004,买盘
2630,10:12:48,11.42,-0.01,44,50248,卖盘
2631,10:12:45,11.43,-0.01,3,3429,买盘
2632,10:12:42,11.44,--,3,3432,买盘
2633,10:12:39,11.44,0.02,62,70928,买盘
2634,10:12:36,11.42,--,104,118768,卖盘
2635,10:12:33,11.42,-0.02,28,31976,卖盘
2636,10:12:30,11.44,0.02,24,27456,买盘
2637,10:12:27,11.42,--,14,15988,卖盘
2638,10:12:21,11.42,--,19,21698,卖盘
2639,10:12:18,11.42,-0.02,35,39970,卖盘
2640,10:12:15,11.44,0.01,88,100672,买盘
2641,10:12:06,11.43,--,57,65151,买盘
2642,10:12:03,11.43,0.01,11,12573,买盘
2643,10:12:00,11.42,-0.01,26,29692,卖盘
2644,10:11:57,11.43,--,31,35433,买盘
2645,10:11:51,11.43,--,100,114300,买盘
2646,10:11:48,11.43,--,41,46863,买盘
2647,10:11:45,11.43,-0.01,32,36576,中性盘
2648,10:11:42,11.44,0.01,10,11440,买盘
2649,10:11:36,11.43,-0.01,9,10287,卖盘
2650,10:11:33,11.44,0.02,37,42328,买盘
2651,10:11:27,11.42,-0.02,24,27408,卖盘
2652,10:11:24,11.44,--,63,72072,买盘
2653,10:11:21,11.44,0.01,105,120120,买盘
2654,10:11:18,11.43,-0.01,5,5715,卖盘
2655,10:11:15,11.44,--,28,32032,买盘
2656,10:11:12,11.44,0.01,25,28600,买盘
2657,10:11:09,11.43,--,10,11430,买盘
2658,10:11:06,11.43,-0.01,31,35433,卖盘
2659,10:11:03,11.44,0.01,11,12584,买盘
2660,10:11:00,11.43,--,153,174879,卖盘
2661,10:10:57,11.43,-0.01,55,62865,卖盘
2662,10:10:51,11.44,--,2,2288,买盘
2663,10:10:48,11.44,--,13,14872,买盘
2664,10:10:45,11.44,0.01,1,1144,买盘
2665,10:10:36,11.43,-0.01,10,11430,卖盘
2666,10:10:33,11.44,--,11,12584,买盘
2667,10:10:30,11.44,0.01,38,43472,买盘
2668,10:10:24,11.43,--,27,30861,卖盘
2669,10:10:21,11.43,--,38,43434,卖盘
2670,10:10:18,11.43,-0.01,12,13716,卖盘
2671,10:10:15,11.44,0.01,1,1144,买盘
2672,10:10:12,11.43,--,14,16002,卖盘
2673,10:10:09,11.43,-0.01,8,9144,卖盘
2674,10:10:06,11.44,--,42,48048,买盘
2675,10:10:03,11.44,--,46,52624,买盘
2676,10:10:00,11.44,0.01,49,56056,买盘
2677,10:09:57,11.43,--,62,70866,卖盘
2678,10:09:51,11.43,--,7,8001,卖盘
2679,10:09:48,11.43,-0.01,19,21717,卖盘
2680,10:09:45,11.44,--,12,13728,买盘
2681,10:09:42,11.44,--,4,4576,买盘
2682,10:09:36,11.44,--,168,192192,买盘
2683,10:09:33,11.44,--,85,97240,买盘
2684,10:09:30,11.44,0.01,10,11440,买盘
2685,10:09:24,11.43,-0.01,20,22860,卖盘
2686,10:09:21,11.44,0.01,30,34320,买盘
2687,10:09:18,11.43,--,9,10287,卖盘
2688,10:09:15,11.43,-0.01,12,13716,卖盘
2689,10:09:12,11.44,0.01,36,41184,买盘
2690,10:09:09,11.43,-0.01,8,9144,卖盘
2691,10:09:03,11.44,0.01,11,12584,买盘
2692,10:09:00,11.43,--,24,27432,卖盘
2693,10:08:57,11.43,-0.01,22,25146,卖盘
2694,10:08:48,11.44,--,36,41184,买盘
2695,10:08:45,11.44,--,10,11440,买盘
2696,10:08:42,11.44,--,18,20592,买盘
2697,10:08:39,11.44,0.01,2,2288,买盘
2698,10:08:36,11.43,-0.01,15,17145,卖盘
2699,10:08:33,11.44,--,110,125840,买盘
2700,10:08:24,11.44,--,43,49192,买盘
2701,10:08:21,11.44,--,3,3432,买盘
2702,10:08:15,11.44,--,28,32032,买盘
2703,10:08:03,11.44,--,12,13728,买盘
2704,10:08:00,11.44,0.01,45,51480,买盘
2705,10:07:57,11.43,--,140,160020,卖盘
2706,10:07:54,11.43,-0.01,45,51435,卖盘
2707,10:07:48,11.44,--,11,12584,买盘
2708,10:07:45,11.44,0.01,312,356928,买盘
2709,10:07:42,11.43,--,26,29718,卖盘
2710,10:07:39,11.43,--,47,53721,卖盘
2711,10:07:33,11.43,-0.01,18,20574,卖盘
2712,10:07:30,11.44,0.01,35,40040,买盘
2713,10:07:24,11.43,-0.01,2,2286,卖盘
2714,10:07:21,11.44,0.01,152,173888,买盘
2715,10:07:18,11.43,--,100,114300,买盘
2716,10:07:15,11.43,--,222,253746,买盘
2717,10:07:12,11.43,0.01,2,2286,买盘
2718,10:07:09,11.42,-0.01,2,2284,卖盘
2719,10:07:06,11.43,--,37,42291,买盘
2720,10:07:03,11.43,0.01,20,22860,买盘
2721,10:06:57,11.42,--,22,25124,卖盘
2722,10:06:51,11.42,-0.01,5,5710,卖盘
2723,10:06:39,11.43,--,37,42291,买盘
2724,10:06:36,11.43,--,137,156591,买盘
2725,10:06:33,11.43,0.01,11,12573,买盘
2726,10:06:24,11.42,-0.02,47,53674,卖盘
2727,10:06:21,11.44,--,53,60632,买盘
2728,10:06:15,11.44,0.01,42,48048,买盘
2729,10:06:12,11.43,--,31,35433,卖盘
2730,10:06:09,11.43,--,17,19431,买盘
2731,10:06:03,11.43,--,20,22860,卖盘
2732,10:06:00,11.43,--,50,57150,卖盘
2733,10:05:57,11.43,--,64,73152,买盘
2734,10:05:54,11.43,--,11,12573,买盘
2735,10:05:51,11.43,0.01,35,40005,买盘
2736,10:05:45,11.42,--,32,36544,卖盘
2737,10:05:42,11.42,--,49,55958,卖盘
2738,10:05:39,11.42,-0.01,7,7994,卖盘
2739,10:05:36,11.43,0.01,9,10287,买盘
2740,10:05:33,11.42,--,15,17130,卖盘
2741,10:05:30,11.42,-0.02,202,230684,卖盘
2742,10:05:27,11.44,0.01,38,43472,买盘
2743,10:05:21,11.43,-0.01,9,11201,卖盘
2744,10:05:12,11.44,0.01,3,3432,买盘
2745,10:05:09,11.43,--,83,94869,卖盘
2746,10:05:06,11.43,-0.01,3,3429,卖盘
2747,10:05:03,11.44,0.01,58,66352,买盘
2748,10:05:00,11.43,--,6,6858,卖盘
2749,10:04:57,11.43,--,5,5715,卖盘
2750,10:04:45,11.43,--,273,312267,买盘
2751,10:04:39,11.43,--,45,51435,买盘
2752,10:04:33,11.43,--,11,12573,买盘
2753,10:04:21,11.43,--,104,118872,买盘
2754,10:04:18,11.43,--,27,30861,买盘
2755,10:04:15,11.43,0.01,36,41148,买盘
2756,10:04:12,11.42,--,25,28550,卖盘
2757,10:04:09,11.42,-0.01,108,123336,卖盘
2758,10:04:06,11.43,--,58,67208,卖盘
2759,10:04:03,11.43,--,37,42291,卖盘
2760,10:04:00,11.43,-0.01,32,36576,卖盘
2761,10:03:51,11.44,0.01,35,40040,买盘
2762,10:03:45,11.43,--,22,25146,卖盘
2763,10:03:42,11.43,-0.01,19,21717,卖盘
2764,10:03:39,11.44,--,3,3432,买盘
2765,10:03:33,11.44,-0.01,27,30888,中性盘
2766,10:03:21,11.45,0.01,59,68471,买盘
2767,10:03:18,11.44,-0.01,24,27456,卖盘
2768,10:03:12,11.45,--,3,3435,买盘
2769,10:03:09,11.45,0.01,10,11450,买盘
2770,10:03:06,11.44,-0.01,15,17160,卖盘
2771,10:03:03,11.45,0.01,10,11450,买盘
2772,10:03:00,11.44,--,72,82368,卖盘
2773,10:02:57,11.44,--,180,205920,卖盘
2774,10:02:48,11.44,--,37,42328,卖盘
2775,10:02:45,11.44,--,20,22880,卖盘
2776,10:02:42,11.44,--,30,34548,卖盘
2777,10:02:36,11.44,--,12,13728,卖盘
2778,10:02:33,11.44,-0.01,22,25168,卖盘
2779,10:02:21,11.45,0.01,20,22900,买盘
2780,10:02:18,11.44,-0.01,14,16016,卖盘
2781,10:02:15,11.45,--,12,13740,买盘
2782,10:02:12,11.45,--,101,115645,买盘
2783,10:02:06,11.45,--,11,12595,买盘
2784,10:02:03,11.45,0.01,11,12595,买盘
2785,10:02:00,11.44,--,1,1144,卖盘
2786,10:01:57,11.44,--,1,1144,卖盘
2787,10:01:51,11.44,--,31,35464,卖盘
2788,10:01:45,11.44,--,12,13728,卖盘
2789,10:01:39,11.44,-0.01,43,49192,卖盘
2790,10:01:36,11.45,0.01,60,68700,买盘
2791,10:01:33,11.44,--,142,162448,卖盘
2792,10:01:30,11.44,-0.01,5,5720,卖盘
2793,10:01:27,11.45,--,90,103050,买盘
2794,10:01:24,11.45,0.01,10,11450,买盘
2795,10:01:21,11.44,-0.01,20,22880,卖盘
2796,10:01:18,11.45,--,105,120224,买盘
2797,10:01:15,11.45,--,2,2290,买盘
2798,10:01:12,11.45,--,16,18320,买盘
2799,10:01:06,11.45,--,9,10305,买盘
2800,10:01:03,11.45,--,48,54960,买盘
2801,10:01:00,11.45,--,1,1145,买盘
2802,10:00:48,11.45,--,82,93890,买盘
2803,10:00:45,11.45,--,42,48090,买盘
2804,10:00:42,11.45,--,54,61829,买盘
2805,10:00:39,11.45,--,1,1145,买盘
2806,10:00:36,11.45,--,80,91600,买盘
2807,10:00:33,11.45,0.01,35,40075,买盘
2808,10:00:30,11.44,-0.01,10,11440,卖盘
2809,10:00:27,11.45,--,50,57250,买盘
