,time,price,change,volume,amount,type
0,15:00:03,11.21,0.01,2453,2749813,买盘
1,14:57:00,11.2,--,15,16800,买盘
2,14:56:57,11.2,-0.01,166,186704,卖盘
3,14:56:54,11.21,--,30,33630,买盘
4,14:56:51,11.21,-0.01,31,34751,卖盘
5,14:56:48,11.22,0.02,103,115566,买盘
6,14:56:45,11.2,-0.01,200,224000,卖盘
7,14:56:42,11.21,--,8,8968,卖盘
8,14:56:39,11.21,-0.01,210,235410,中性盘
9,14:56:36,11.22,0.01,230,258060,买盘
10,14:56:33,11.21,-0.01,17,19953,卖盘
11,14:56:30,11.22,--,16,17952,买盘
12,14:56:27,11.22,--,60,67723,卖盘
13,14:56:24,11.22,--,31,34782,卖盘
14,14:56:21,11.22,--,20,22440,卖盘
15,14:56:18,11.22,--,82,92015,卖盘
16,14:56:15,11.22,--,106,118932,卖盘
17,14:56:12,11.22,--,55,61710,卖盘
18,14:56:09,11.22,0.01,589,661564,买盘
19,14:56:06,11.21,--,10,11210,卖盘
20,14:56:03,11.21,0.01,457,512689,买盘
21,14:56:00,11.2,-0.01,100,112000,卖盘
22,14:55:57,11.21,--,101,113221,买盘
23,14:55:51,11.21,--,6,6726,买盘
24,14:55:48,11.21,0.01,396,444476,买盘
25,14:55:39,11.2,--,6,6720,卖盘
26,14:55:36,11.2,--,30,33600,卖盘
27,14:55:33,11.2,--,359,402830,买盘
28,14:55:30,11.2,0.01,8,8960,买盘
29,14:55:27,11.19,--,32,36669,买盘
30,14:55:24,11.19,--,84,94253,卖盘
31,14:55:21,11.19,--,348,389412,卖盘
32,14:55:18,11.19,--,10,11190,卖盘
33,14:55:15,11.19,-0.01,45,51418,卖盘
34,14:55:12,11.2,0.01,2,2240,买盘
35,14:55:09,11.19,--,22,24618,卖盘
36,14:55:06,11.19,-0.01,22,24618,卖盘
37,14:55:03,11.2,0.01,411,460891,买盘
38,14:55:00,11.19,-0.01,72,80568,卖盘
39,14:54:54,11.2,--,324,362880,买盘
40,14:54:51,11.2,--,38,42560,买盘
41,14:54:48,11.2,0.01,54,60491,买盘
42,14:54:45,11.19,-0.01,40,44760,卖盘
43,14:54:42,11.2,--,6,6720,买盘
44,14:54:39,11.2,0.01,27,30239,买盘
45,14:54:36,11.19,--,10,11190,卖盘
46,14:54:33,11.19,--,21,23834,卖盘
47,14:54:30,11.19,-0.01,67,74973,卖盘
48,14:54:27,11.2,0.01,11,12320,买盘
49,14:54:24,11.19,-0.01,70,78330,卖盘
50,14:54:21,11.2,--,20,22400,买盘
51,14:54:18,11.2,-0.01,37,41440,卖盘
52,14:54:15,11.21,-0.01,335,375647,卖盘
53,14:54:12,11.22,--,4,4488,买盘
54,14:54:09,11.22,0.01,6,6732,买盘
55,14:54:06,11.21,--,34,38114,卖盘
56,14:54:03,11.21,--,1,1121,卖盘
57,14:54:00,11.21,--,22,25334,卖盘
58,14:53:57,11.21,--,510,572046,买盘
59,14:53:54,11.21,0.03,249,279129,买盘
60,14:53:45,11.18,-0.02,426,476860,卖盘
61,14:53:42,11.2,--,1,1243,买盘
62,14:53:39,11.2,--,14,15679,买盘
63,14:53:36,11.2,--,23,25760,买盘
64,14:53:33,11.2,0.01,79,89488,买盘
65,14:53:30,11.19,-0.01,16,17904,卖盘
66,14:53:27,11.2,0.01,14,15679,买盘
67,14:53:24,11.19,-0.01,230,257370,卖盘
68,14:53:21,11.2,--,17,19040,买盘
69,14:53:18,11.2,-0.01,179,200480,卖盘
70,14:53:12,11.21,--,142,159966,卖盘
71,14:53:06,11.21,--,14,15694,卖盘
72,14:53:03,11.21,-0.01,76,85532,卖盘
73,14:53:00,11.22,0.01,10,11220,买盘
74,14:52:48,11.21,--,3,3363,卖盘
75,14:52:42,11.21,--,32,35872,卖盘
76,14:52:36,11.21,--,13,14573,卖盘
77,14:52:33,11.21,--,14,15694,中性盘
78,14:52:30,11.21,--,10,11210,买盘
79,14:52:15,11.21,-0.01,8,8968,中性盘
80,14:52:09,11.22,0.02,10,11220,买盘
81,14:52:06,11.2,0.01,16,17920,卖盘
82,14:52:03,11.19,-0.01,24,26856,卖盘
83,14:51:57,11.2,-0.02,4,4480,中性盘
84,14:51:54,11.22,0.03,249,279378,买盘
85,14:51:51,11.19,-0.01,24,26856,卖盘
86,14:51:48,11.2,--,46,51520,买盘
87,14:51:36,11.2,0.02,64,71680,买盘
88,14:51:30,11.18,-0.01,48,53664,卖盘
89,14:51:27,11.19,--,9,10071,买盘
90,14:51:24,11.19,--,5,5595,买盘
91,14:51:21,11.19,0.01,22,24618,买盘
92,14:51:18,11.18,-0.05,84,93912,卖盘
93,14:51:12,11.23,0.04,256,287488,买盘
94,14:51:09,11.19,--,70,78330,卖盘
95,14:51:06,11.19,-0.01,27,30213,卖盘
96,14:51:03,11.2,--,180,201600,买盘
97,14:51:00,11.2,--,83,92960,买盘
98,14:50:57,11.2,0.01,18,20160,买盘
99,14:50:51,11.19,-0.01,71,79449,卖盘
100,14:50:48,11.2,--,70,78400,买盘
101,14:50:42,11.2,--,118,132160,买盘
102,14:50:39,11.2,0.01,19,21280,买盘
103,14:50:36,11.19,-0.01,78,87282,卖盘
104,14:50:33,11.2,--,255,285600,买盘
105,14:50:27,11.2,0.01,3,3360,买盘
106,14:50:21,11.19,-0.01,41,45879,卖盘
107,14:50:18,11.2,0.01,50,56000,买盘
108,14:50:15,11.19,--,45,50355,卖盘
109,14:50:12,11.19,-0.01,30,33570,中性盘
110,14:50:09,11.2,--,21,23520,买盘
111,14:50:06,11.2,0.01,100,112000,买盘
112,14:50:03,11.19,-0.01,154,172326,卖盘
113,14:50:00,11.2,--,47,52640,买盘
114,14:49:57,11.2,--,498,557760,买盘
115,14:49:54,11.2,0.02,2,2240,买盘
116,14:49:51,11.18,-0.02,58,64844,卖盘
117,14:49:45,11.2,0.01,4,4480,买盘
118,14:49:42,11.19,--,75,83925,卖盘
119,14:49:39,11.19,--,7,7833,买盘
120,14:49:36,11.19,-0.01,16,17904,卖盘
121,14:49:33,11.2,0.01,1,1120,买盘
122,14:49:30,11.19,-0.01,11,12309,中性盘
123,14:49:27,11.2,0.02,135,151200,买盘
124,14:49:24,11.18,-0.02,2,2236,卖盘
125,14:49:21,11.2,0.02,8,8960,买盘
126,14:49:18,11.18,-0.02,480,536640,卖盘
127,14:49:09,11.2,--,262,293440,买盘
128,14:49:06,11.2,0.02,34,38080,买盘
129,14:49:00,11.18,-0.02,316,353288,卖盘
130,14:48:57,11.2,--,10,11200,买盘
131,14:48:54,11.2,--,1,1120,买盘
132,14:48:51,11.2,--,121,135520,买盘
133,14:48:48,11.2,0.01,62,69440,买盘
134,14:48:45,11.19,--,1,1119,卖盘
135,14:48:42,11.19,--,205,229395,卖盘
136,14:48:39,11.19,--,187,209253,买盘
137,14:48:36,11.19,0.01,31,34689,买盘
138,14:48:33,11.18,-0.01,64,71552,卖盘
139,14:48:30,11.19,--,32,35808,买盘
140,14:48:27,11.19,0.01,280,313320,买盘
141,14:48:24,11.18,-0.01,2,2236,卖盘
142,14:48:21,11.19,--,317,354723,买盘
143,14:48:15,11.19,--,27,30213,买盘
144,14:48:12,11.19,--,179,200301,买盘
145,14:48:09,11.19,--,2,2238,买盘
146,14:48:06,11.19,--,35,39165,买盘
147,14:48:03,11.19,-0.01,2,2238,买盘
148,14:48:00,11.2,--,788,882560,买盘
149,14:47:57,11.2,--,3,3360,买盘
150,14:47:54,11.2,-0.04,1716,1922289,卖盘
151,14:47:51,11.24,0.01,340,382160,买盘
152,14:47:45,11.23,--,1,1123,卖盘
153,14:47:36,11.23,-0.01,13,14599,卖盘
154,14:47:33,11.24,--,2,2248,买盘
155,14:47:30,11.24,0.01,1,1124,买盘
156,14:47:24,11.23,0.01,11,12353,中性盘
157,14:47:21,11.22,-0.01,124,139128,卖盘
158,14:47:18,11.23,0.01,2,2246,中性盘
159,14:47:06,11.22,-0.02,264,296208,卖盘
160,14:47:03,11.24,0.02,10,11240,买盘
161,14:47:00,11.22,-0.01,43,48246,卖盘
162,14:46:57,11.23,--,9,10107,卖盘
163,14:46:54,11.23,--,15,16845,买盘
164,14:46:48,11.23,-0.01,8,8984,中性盘
165,14:46:45,11.24,0.02,45,50580,买盘
166,14:46:42,11.22,-0.01,108,121176,卖盘
167,14:46:39,11.23,--,4,4492,买盘
168,14:46:36,11.23,--,12,13476,卖盘
169,14:46:33,11.23,--,2,2246,卖盘
170,14:46:30,11.23,--,249,279627,卖盘
171,14:46:24,11.23,0.01,1,1123,卖盘
172,14:46:21,11.22,-0.02,47,52734,卖盘
173,14:46:12,11.24,0.01,28,31472,买盘
174,14:46:09,11.23,--,16,17968,买盘
175,14:46:06,11.23,--,15,16845,买盘
176,14:46:03,11.23,-0.01,180,202140,中性盘
177,14:46:00,11.24,--,23,25852,买盘
178,14:45:57,11.24,--,365,410260,买盘
179,14:45:54,11.24,0.01,20,22480,买盘
180,14:45:51,11.23,-0.01,63,70749,卖盘
181,14:45:48,11.24,0.01,9,10116,买盘
182,14:45:45,11.23,--,1,1123,卖盘
183,14:45:42,11.23,--,17,19091,卖盘
184,14:45:36,11.23,--,14,15722,卖盘
185,14:45:33,11.23,--,366,411018,买盘
186,14:45:30,11.23,0.01,6,6738,买盘
187,14:45:24,11.22,--,212,237864,卖盘
188,14:45:21,11.22,--,157,176154,卖盘
189,14:45:18,11.22,--,8,8976,卖盘
190,14:45:06,11.22,--,18,20196,卖盘
191,14:45:03,11.22,0.01,132,148777,买盘
192,14:45:00,11.21,-0.01,65,72865,卖盘
193,14:44:57,11.22,0.01,50,56100,买盘
194,14:44:54,11.21,--,83,93043,卖盘
195,14:44:45,11.21,-0.01,11,12331,卖盘
196,14:44:39,11.22,0.01,14,15708,买盘
197,14:44:36,11.21,-0.01,87,97527,卖盘
198,14:44:33,11.22,0.01,25,28050,买盘
199,14:44:30,11.21,--,1,1121,卖盘
200,14:44:27,11.21,--,1,1121,卖盘
201,14:44:24,11.21,--,1,1121,卖盘
202,14:44:21,11.21,--,10,11210,卖盘
203,14:44:18,11.21,--,29,32509,卖盘
204,14:44:15,11.21,--,61,68381,卖盘
205,14:44:12,11.21,-0.01,122,136762,卖盘
206,14:44:09,11.22,0.01,16,17952,买盘
207,14:44:06,11.21,-0.01,40,44840,卖盘
208,14:43:57,11.22,--,3,3366,买盘
209,14:43:48,11.22,0.01,10,11220,买盘
210,14:43:45,11.21,--,32,35872,卖盘
211,14:43:36,11.21,--,18,20178,卖盘
212,14:43:33,11.21,--,71,79591,卖盘
213,14:43:27,11.21,--,100,112100,卖盘
214,14:43:24,11.21,--,1,1121,卖盘
215,14:43:06,11.21,--,15,16815,卖盘
216,14:43:00,11.21,--,10,11210,卖盘
217,14:42:57,11.21,--,18,20178,卖盘
218,14:42:54,11.21,--,1,1121,卖盘
219,14:42:51,11.21,-0.01,103,115463,卖盘
220,14:42:48,11.22,0.01,1,1122,买盘
221,14:42:45,11.21,-0.01,50,56050,卖盘
222,14:42:42,11.22,0.01,100,112200,买盘
223,14:42:36,11.21,-0.01,13,14573,卖盘
224,14:42:30,11.22,0.01,10,11220,买盘
225,14:42:27,11.21,0.01,20,22420,买盘
226,14:42:24,11.2,--,1,1120,卖盘
227,14:42:21,11.2,-0.01,159,178080,卖盘
228,14:42:12,11.21,0.01,20,22420,买盘
229,14:42:09,11.2,-0.02,93,104160,卖盘
230,14:42:06,11.22,--,27,30294,买盘
231,14:42:03,11.22,--,181,203082,买盘
232,14:42:00,11.22,--,269,301818,卖盘
233,14:41:57,11.22,0.01,751,842622,买盘
234,14:41:48,11.21,--,8,8968,卖盘
235,14:41:45,11.21,--,150,168150,卖盘
236,14:41:42,11.21,-0.01,64,71744,卖盘
237,14:41:39,11.22,0.01,25,28050,买盘
238,14:41:36,11.21,-0.01,17,19057,卖盘
239,14:41:33,11.22,0.01,21,23562,买盘
240,14:41:24,11.21,--,2,2242,卖盘
241,14:41:21,11.21,-0.01,70,78470,卖盘
242,14:41:18,11.22,0.01,33,37026,买盘
243,14:41:15,11.21,--,71,79591,卖盘
244,14:41:06,11.21,--,15,16815,卖盘
245,14:41:00,11.21,-0.01,68,76228,卖盘
246,14:40:57,11.22,--,50,56100,买盘
247,14:40:54,11.22,--,4,4488,买盘
248,14:40:51,11.22,--,1,1122,买盘
249,14:40:48,11.22,0.01,61,68442,买盘
250,14:40:45,11.21,--,54,60534,卖盘
251,14:40:42,11.21,--,8,8968,卖盘
252,14:40:39,11.21,--,65,72865,卖盘
253,14:40:36,11.21,-0.01,17,19057,卖盘
254,14:40:33,11.22,--,116,130152,卖盘
255,14:40:27,11.22,--,33,37026,卖盘
256,14:40:24,11.22,--,2,2244,卖盘
257,14:40:21,11.22,--,73,81906,卖盘
258,14:40:12,11.22,--,1,1122,卖盘
259,14:40:09,11.22,--,8,8976,卖盘
260,14:40:06,11.22,--,93,104346,卖盘
261,14:40:03,11.22,--,10,11220,卖盘
262,14:40:00,11.22,--,151,169422,卖盘
263,14:39:51,11.22,--,5,5610,卖盘
264,14:39:48,11.22,-0.01,3,3366,卖盘
265,14:39:45,11.23,0.01,5,5615,买盘
266,14:39:42,11.22,--,50,56100,卖盘
267,14:39:36,11.22,--,23,25806,卖盘
268,14:39:33,11.22,-0.01,10,11220,卖盘
269,14:39:30,11.23,0.01,8,8984,买盘
270,14:39:27,11.22,--,7,7854,卖盘
271,14:39:24,11.22,--,2,2244,卖盘
272,14:39:21,11.22,-0.01,10,11220,卖盘
273,14:39:18,11.23,--,50,56150,买盘
274,14:39:09,11.23,--,7,7861,买盘
275,14:39:06,11.23,--,15,16845,买盘
276,14:39:03,11.23,--,24,26952,卖盘
277,14:39:00,11.23,-0.01,68,76364,卖盘
278,14:38:57,11.24,0.01,5,5620,买盘
279,14:38:54,11.23,--,1,1123,卖盘
280,14:38:51,11.23,-0.01,12,13476,中性盘
281,14:38:48,11.24,0.01,135,151740,买盘
282,14:38:45,11.23,0.01,5,5615,买盘
283,14:38:42,11.22,-0.01,34,38148,卖盘
284,14:38:36,11.23,0.01,63,70749,买盘
285,14:38:33,11.22,-0.01,14,16134,卖盘
286,14:38:27,11.23,0.01,9,10107,买盘
287,14:38:24,11.22,-0.01,19,21318,卖盘
288,14:38:21,11.23,-0.01,2,2246,中性盘
289,14:38:18,11.24,0.02,29,32596,买盘
290,14:38:15,11.22,-0.01,38,42636,卖盘
291,14:38:06,11.23,--,16,17968,买盘
292,14:38:03,11.23,--,12,13476,卖盘
293,14:38:00,11.23,-0.01,4,4492,卖盘
294,14:37:57,11.24,0.02,4,4496,买盘
295,14:37:51,11.22,-0.02,126,141372,卖盘
296,14:37:45,11.24,--,196,220304,买盘
297,14:37:42,11.24,0.01,25,28100,买盘
298,14:37:39,11.23,--,20,22460,卖盘
299,14:37:36,11.23,-0.01,14,15722,卖盘
300,14:37:33,11.24,0.01,11,12364,买盘
301,14:37:30,11.23,-0.01,11,12689,卖盘
302,14:37:27,11.24,0.01,1,1124,买盘
303,14:37:24,11.23,--,2,2246,卖盘
304,14:37:15,11.23,--,40,44920,卖盘
305,14:37:12,11.23,--,8,8984,卖盘
306,14:37:09,11.23,-0.01,50,56150,卖盘
307,14:37:06,11.24,0.01,20,22480,买盘
308,14:37:03,11.23,-0.01,4,4492,卖盘
309,14:37:00,11.24,--,7,7868,买盘
310,14:36:54,11.24,--,7,7868,买盘
311,14:36:48,11.24,--,5,5620,卖盘
312,14:36:45,11.24,-0.01,1,1124,卖盘
313,14:36:42,11.25,0.01,4,4500,买盘
314,14:36:39,11.24,--,7,7868,卖盘
315,14:36:36,11.24,0.01,18,20232,卖盘
316,14:36:27,11.23,-0.01,40,44920,卖盘
317,14:36:24,11.24,0.01,47,52850,买盘
318,14:36:18,11.23,-0.01,7,7861,卖盘
319,14:36:15,11.24,0.01,4,4496,买盘
320,14:36:09,11.23,--,50,56150,卖盘
321,14:36:06,11.23,0.01,43,48289,中性盘
322,14:35:57,11.22,--,253,284292,卖盘
323,14:35:51,11.22,--,4,4488,卖盘
324,14:35:45,11.22,-0.01,1,1122,卖盘
325,14:35:42,11.23,--,17,19798,卖盘
326,14:35:39,11.23,--,23,26244,卖盘
327,14:35:36,11.23,--,13,14599,卖盘
328,14:35:33,11.23,0.01,164,184172,买盘
329,14:35:24,11.22,-0.01,7,8886,卖盘
330,14:35:15,11.23,0.01,8,8984,买盘
331,14:35:12,11.22,-0.01,7,7854,卖盘
332,14:35:09,11.23,--,3,3369,买盘
333,14:35:06,11.23,--,24,26952,买盘
334,14:35:03,11.23,0.01,1,1123,买盘
335,14:35:00,11.22,--,8,8976,卖盘
336,14:34:57,11.22,-0.01,89,99858,卖盘
337,14:34:54,11.23,--,9,10107,买盘
338,14:34:51,11.23,-0.01,26,29748,卖盘
339,14:34:48,11.24,0.01,44,49456,买盘
340,14:34:45,11.23,-0.01,101,113423,卖盘
341,14:34:39,11.24,--,3,3372,买盘
342,14:34:36,11.24,-0.01,140,158405,卖盘
343,14:34:33,11.25,0.01,6,6750,买盘
344,14:34:30,11.24,--,204,229374,卖盘
345,14:34:24,11.24,--,1,1124,卖盘
346,14:34:18,11.24,-0.01,50,56200,卖盘
347,14:34:15,11.25,--,1,1125,买盘
348,14:34:12,11.25,--,30,33750,买盘
349,14:34:09,11.25,0.01,1,1125,买盘
350,14:34:06,11.24,-0.01,14,15736,卖盘
351,14:34:03,11.25,--,4,4500,买盘
352,14:34:00,11.25,0.01,49,55125,买盘
353,14:33:57,11.24,0.01,636,714864,买盘
354,14:33:54,11.23,-0.01,7,7861,卖盘
355,14:33:48,11.24,0.01,3,3372,买盘
356,14:33:45,11.23,-0.01,9,10107,卖盘
357,14:33:42,11.24,0.02,67,75881,买盘
358,14:33:39,11.22,-0.01,1,1122,卖盘
359,14:33:36,11.23,--,6,7366,卖盘
360,14:33:30,11.23,-0.01,10,11230,卖盘
361,14:33:27,11.24,0.01,31,34844,买盘
362,14:33:24,11.23,--,3,3369,卖盘
363,14:33:21,11.23,-0.01,16,17968,卖盘
364,14:33:18,11.24,--,4,4496,买盘
365,14:33:15,11.24,--,2,2248,买盘
366,14:33:12,11.24,0.01,10,11240,买盘
367,14:33:09,11.23,--,10,11230,卖盘
368,14:33:06,11.23,--,15,16845,卖盘
369,14:33:03,11.23,--,7,7861,卖盘
370,14:33:00,11.23,--,10,11230,卖盘
371,14:32:57,11.23,0.01,168,189158,买盘
372,14:32:45,11.22,--,1,1122,卖盘
373,14:32:42,11.22,--,69,77732,买盘
374,14:32:39,11.22,--,10,11220,买盘
375,14:32:36,11.22,0.01,99,111078,买盘
376,14:32:33,11.21,-0.01,89,99769,卖盘
377,14:32:30,11.22,0.01,10,11220,买盘
378,14:32:24,11.21,-0.01,20,22420,卖盘
379,14:32:21,11.22,-0.01,13,15393,卖盘
380,14:32:18,11.23,--,3,3369,买盘
381,14:32:15,11.23,--,184,207676,卖盘
382,14:32:12,11.23,--,11,12353,卖盘
383,14:32:09,11.23,--,399,448155,买盘
384,14:32:06,11.23,0.01,40,44920,买盘
385,14:32:03,11.22,-0.01,1,1122,卖盘
386,14:31:54,11.23,0.01,5,5615,买盘
387,14:31:51,11.22,-0.01,2,2244,卖盘
388,14:31:48,11.23,0.01,7,7861,买盘
389,14:31:45,11.22,-0.01,1,1122,卖盘
390,14:31:42,11.23,0.01,22,24706,买盘
391,14:31:39,11.22,-0.01,18,20196,卖盘
392,14:31:36,11.23,0.01,18,20214,买盘
393,14:31:33,11.22,-0.01,42,47124,卖盘
394,14:31:30,11.23,0.01,3,3369,买盘
395,14:31:24,11.22,--,10,11220,卖盘
396,14:31:18,11.22,-0.01,6,6732,卖盘
397,14:31:15,11.23,0.01,6,6738,买盘
398,14:31:09,11.22,--,4,4566,卖盘
399,14:31:06,11.22,--,14,15708,卖盘
400,14:31:00,11.22,-0.01,11,12342,卖盘
401,14:30:57,11.23,0.01,268,300964,买盘
402,14:30:54,11.22,--,15,16830,卖盘
403,14:30:51,11.22,--,20,22440,卖盘
404,14:30:45,11.22,--,14,15708,卖盘
405,14:30:36,11.22,--,23,25806,卖盘
406,14:30:33,11.22,--,37,41514,卖盘
407,14:30:24,11.22,--,1,1122,卖盘
408,14:30:21,11.22,--,8,8976,卖盘
409,14:30:18,11.22,--,132,148104,卖盘
410,14:30:12,11.22,--,4,4566,卖盘
411,14:30:06,11.22,-0.01,15,16830,卖盘
412,14:30:03,11.23,0.01,23,25829,买盘
413,14:30:00,11.22,-0.01,117,131352,卖盘
414,14:29:57,11.23,--,7,7861,买盘
415,14:29:54,11.23,--,4,4492,买盘
416,14:29:45,11.23,--,13,14599,买盘
417,14:29:39,11.23,0.01,8,8984,买盘
418,14:29:36,11.22,--,19,21318,卖盘
419,14:29:33,11.22,-0.01,10,11220,卖盘
420,14:29:30,11.23,--,10,11230,买盘
421,14:29:27,11.23,0.01,1,1123,买盘
422,14:29:24,11.22,-0.01,2,2244,卖盘
423,14:29:21,11.23,0.01,17,19091,买盘
424,14:29:15,11.22,--,43,48324,卖盘
425,14:29:12,11.22,-0.01,8,8976,卖盘
426,14:29:06,11.23,--,15,16845,买盘
427,14:29:00,11.23,--,10,11230,买盘
428,14:28:57,11.23,0.01,51,57273,买盘
429,14:28:54,11.22,--,18,20196,卖盘
430,14:28:51,11.22,-0.01,9,10098,卖盘
431,14:28:48,11.23,0.01,119,133637,买盘
432,14:28:45,11.22,--,8,8976,卖盘
433,14:28:42,11.22,--,38,42636,卖盘
434,14:28:36,11.22,-0.01,13,14586,卖盘
435,14:28:33,11.23,--,4,4492,买盘
436,14:28:30,11.23,0.01,2,2246,买盘
437,14:28:24,11.22,-0.01,2,2244,卖盘
438,14:28:21,11.23,-0.01,34,38182,卖盘
439,14:28:09,11.24,0.02,252,283248,买盘
440,14:28:06,11.22,-0.01,15,16830,卖盘
441,14:28:03,11.23,0.01,38,42674,买盘
442,14:27:57,11.22,--,12,13464,卖盘
443,14:27:45,11.22,-0.01,6,6732,卖盘
444,14:27:42,11.23,0.01,9,10107,买盘
445,14:27:36,11.22,--,26,29250,卖盘
446,14:27:24,11.22,-0.01,16,17952,卖盘
447,14:27:21,11.23,--,10,11230,买盘
448,14:27:18,11.23,--,73,81979,卖盘
449,14:27:15,11.23,--,38,42674,卖盘
450,14:27:09,11.23,--,10,11230,卖盘
451,14:27:06,11.23,--,15,16845,卖盘
452,14:27:00,11.23,-0.01,1,1123,卖盘
453,14:26:57,11.24,0.02,250,281000,买盘
454,14:26:48,11.22,-0.01,20,22440,卖盘
455,14:26:45,11.23,--,953,1071263,卖盘
456,14:26:42,11.23,--,6,6816,卖盘
457,14:26:36,11.23,-0.01,13,14599,卖盘
458,14:26:33,11.24,0.01,10,11240,买盘
459,14:26:30,11.23,--,10,11230,卖盘
460,14:26:24,11.23,-0.01,114,128022,卖盘
461,14:26:21,11.24,-0.01,428,481072,卖盘
462,14:26:12,11.25,--,10,11250,买盘
463,14:26:09,11.25,0.01,16,18000,买盘
464,14:26:06,11.24,-0.01,14,15736,卖盘
465,14:26:03,11.25,0.01,14,15750,买盘
466,14:26:00,11.24,-0.01,5,5620,卖盘
467,14:25:57,11.25,--,9,10125,买盘
468,14:25:54,11.25,--,296,333000,买盘
469,14:25:48,11.25,0.01,58,65250,买盘
470,14:25:45,11.24,--,257,288868,卖盘
471,14:25:39,11.24,--,1,1124,卖盘
472,14:25:36,11.24,-0.01,13,14612,卖盘
473,14:25:30,11.25,--,105,118125,买盘
474,14:25:27,11.25,0.01,40,45000,买盘
475,14:25:24,11.24,--,5,5698,卖盘
476,14:25:15,11.24,0.01,38,42712,买盘
477,14:25:12,11.23,-0.02,16,17968,卖盘
478,14:25:09,11.25,0.01,247,277875,买盘
479,14:25:06,11.24,--,51,57324,买盘
480,14:25:03,11.24,--,4,4496,买盘
481,14:25:00,11.24,0.01,30,33720,买盘
482,14:24:57,11.23,-0.01,27,30321,卖盘
483,14:24:54,11.24,--,9,10116,买盘
484,14:24:51,11.24,--,84,94416,买盘
485,14:24:48,11.24,0.01,6,6744,买盘
486,14:24:45,11.23,-0.01,1,1123,卖盘
487,14:24:39,11.24,0.01,13,14612,买盘
488,14:24:36,11.23,-0.01,34,38182,卖盘
489,14:24:33,11.24,--,50,56200,买盘
490,14:24:27,11.24,0.01,247,277628,买盘
491,14:24:24,11.23,--,28,31444,卖盘
492,14:24:21,11.23,-0.01,5,5693,卖盘
493,14:24:18,11.24,--,2,2248,买盘
494,14:24:09,11.24,0.01,1,1124,买盘
495,14:24:06,11.23,-0.01,14,15722,卖盘
496,14:24:00,11.24,--,42,47208,买盘
497,14:23:57,11.24,--,6,6744,买盘
498,14:23:54,11.24,--,247,277628,买盘
499,14:23:48,11.24,0.01,19,21356,买盘
500,14:23:45,11.23,--,26,29198,卖盘
501,14:23:36,11.23,-0.01,13,14599,卖盘
502,14:23:30,11.24,--,3,3372,买盘
503,14:23:27,11.24,--,2,2248,买盘
504,14:23:24,11.24,--,8,8992,买盘
505,14:23:21,11.24,0.01,20,22480,买盘
506,14:23:18,11.23,--,8,8984,卖盘
507,14:23:15,11.23,--,10,11230,卖盘
508,14:23:09,11.23,-0.01,25,28153,卖盘
509,14:23:06,11.24,--,261,293364,买盘
510,14:23:03,11.24,--,84,94416,买盘
511,14:23:00,11.24,0.01,11,12364,买盘
512,14:22:57,11.23,-0.01,50,56150,卖盘
513,14:22:54,11.24,--,35,39340,买盘
514,14:22:45,11.24,0.01,15,16860,买盘
515,14:22:36,11.23,-0.01,13,14599,卖盘
516,14:22:33,11.24,--,10,11240,买盘
517,14:22:30,11.24,--,2,2248,买盘
518,14:22:27,11.24,0.01,526,591224,买盘
519,14:22:24,11.23,-0.01,11,12353,卖盘
520,14:22:21,11.24,--,1,1124,买盘
521,14:22:18,11.24,0.01,2,2248,买盘
522,14:22:12,11.23,--,8,9399,卖盘
523,14:22:06,11.23,-0.01,21,23583,卖盘
524,14:22:03,11.24,--,1,1124,买盘
525,14:22:00,11.24,--,1,1124,买盘
526,14:21:51,11.24,0.01,17,19108,买盘
527,14:21:48,11.23,-0.01,7,7861,卖盘
528,14:21:45,11.24,--,18,20232,买盘
529,14:21:42,11.24,--,5,5620,买盘
530,14:21:39,11.24,0.01,2,2248,买盘
531,14:21:36,11.23,-0.01,13,14599,卖盘
532,14:21:33,11.24,0.01,5,5620,买盘
533,14:21:27,11.23,--,4,4570,卖盘
534,14:21:24,11.23,-0.01,1,1123,卖盘
535,14:21:18,11.24,--,40,44960,买盘
536,14:21:12,11.24,--,1,1124,买盘
537,14:21:06,11.24,0.02,21,23604,买盘
538,14:21:03,11.22,-0.01,8,8976,卖盘
539,14:20:57,11.23,-0.01,5,5615,卖盘
540,14:20:54,11.24,--,1,1124,买盘
541,14:20:48,11.24,--,4,4496,买盘
542,14:20:45,11.24,0.02,249,279876,买盘
543,14:20:36,11.22,--,13,14586,卖盘
544,14:20:30,11.22,--,5,5688,卖盘
545,14:20:27,11.22,--,1,1122,卖盘
546,14:20:24,11.22,-0.01,1,1122,卖盘
547,14:20:18,11.23,0.01,28,31444,买盘
548,14:20:15,11.22,--,1,1122,卖盘
549,14:20:06,11.22,--,14,15708,卖盘
550,14:20:03,11.22,--,10,11220,卖盘
551,14:20:00,11.22,--,15,16830,卖盘
552,14:19:54,11.22,--,10,11220,卖盘
553,14:19:51,11.22,--,8,8976,卖盘
554,14:19:45,11.22,--,2,2244,卖盘
555,14:19:39,11.22,-0.02,4,4566,中性盘
556,14:19:36,11.24,0.02,269,302356,买盘
557,14:19:30,11.22,--,1,1122,买盘
558,14:19:27,11.22,--,92,103224,卖盘
559,14:19:24,11.22,-0.01,1,1122,卖盘
560,14:19:21,11.23,0.01,7,7861,买盘
561,14:19:12,11.22,0.01,3,3366,买盘
562,14:19:09,11.21,-0.01,3,3363,卖盘
563,14:19:06,11.22,-0.01,9,10098,中性盘
564,14:18:57,11.23,0.01,315,354632,买盘
565,14:18:51,11.22,--,18,20196,卖盘
566,14:18:48,11.22,-0.01,8,8976,卖盘
567,14:18:45,11.23,--,11,12353,买盘
568,14:18:42,11.23,--,5,5615,买盘
569,14:18:39,11.23,--,2,2246,买盘
570,14:18:36,11.23,--,111,124653,买盘
571,14:18:27,11.23,0.01,10,11230,买盘
572,14:18:24,11.22,-0.01,1,1122,卖盘
573,14:18:15,11.23,--,3,3369,买盘
574,14:18:12,11.23,--,12,13554,买盘
575,14:18:06,11.23,--,15,16845,买盘
576,14:18:03,11.23,--,1,1123,买盘
577,14:17:48,11.23,0.01,248,278504,买盘
578,14:17:45,11.22,--,6,6732,卖盘
579,14:17:39,11.22,--,20,22440,卖盘
580,14:17:36,11.22,--,20,22440,卖盘
581,14:17:33,11.22,--,12,13542,卖盘
582,14:17:24,11.22,--,2,2244,卖盘
583,14:17:21,11.22,--,16,18030,买盘
584,14:17:18,11.22,--,248,278256,买盘
585,14:17:15,11.22,-0.01,362,407207,卖盘
586,14:17:12,11.23,--,6,6738,买盘
587,14:17:09,11.23,--,10,11230,买盘
588,14:17:06,11.23,--,35,39305,买盘
589,14:17:03,11.23,0.01,105,117915,买盘
590,14:17:00,11.22,--,50,56100,卖盘
591,14:16:57,11.22,--,7,7854,卖盘
592,14:16:45,11.22,-0.01,9,10098,卖盘
593,14:16:42,11.23,0.01,7,7861,买盘
594,14:16:39,11.22,--,2,2244,卖盘
595,14:16:36,11.22,-0.01,15,16830,卖盘
596,14:16:30,11.23,0.01,1,1123,买盘
597,14:16:27,11.22,--,24,26928,卖盘
598,14:16:24,11.22,--,9,10098,卖盘
599,14:16:21,11.22,-0.01,21,23562,卖盘
600,14:16:18,11.23,0.01,20,22460,买盘
601,14:16:15,11.22,--,26,29250,买盘
602,14:16:09,11.22,0.01,388,435336,买盘
603,14:16:06,11.21,-0.02,14,15694,卖盘
604,14:16:03,11.23,0.01,21,23583,买盘
605,14:16:00,11.22,-0.01,83,94169,卖盘
606,14:15:57,11.23,--,37,41551,买盘
607,14:15:51,11.23,--,45,50535,买盘
608,14:15:48,11.23,--,7,7861,买盘
609,14:15:45,11.23,--,3,3369,买盘
610,14:15:42,11.23,--,5,5615,买盘
611,14:15:39,11.23,--,191,215458,卖盘
612,14:15:36,11.23,--,13,14599,卖盘
613,14:15:33,11.23,-0.01,36,40428,卖盘
614,14:15:27,11.24,0.01,37,41588,买盘
615,14:15:24,11.23,-0.01,38,42674,卖盘
616,14:15:21,11.24,--,51,57324,买盘
617,14:15:18,11.24,--,15,16860,买盘
618,14:15:15,11.24,--,28,31472,买盘
619,14:15:12,11.24,--,9,10116,买盘
620,14:15:09,11.24,0.01,10,11240,买盘
621,14:15:06,11.23,-0.01,82,92086,卖盘
622,14:15:03,11.24,0.01,20,22480,买盘
623,14:14:45,11.23,--,38,42674,卖盘
624,14:14:42,11.23,--,52,58553,买盘
625,14:14:39,11.23,0.01,210,235830,买盘
626,14:14:36,11.22,-0.01,17,19152,卖盘
627,14:14:30,11.23,--,7,7861,买盘
628,14:14:27,11.23,0.01,1,1123,买盘
629,14:14:24,11.22,-0.01,9,10098,卖盘
630,14:14:21,11.23,--,386,433478,买盘
631,14:14:06,11.23,0.01,55,61765,买盘
632,14:14:03,11.22,-0.01,16,17952,卖盘
633,14:14:00,11.23,--,36,40428,买盘
634,14:13:45,11.23,0.01,250,280750,买盘
635,14:13:42,11.22,--,45,50490,买盘
636,14:13:39,11.22,0.01,37,41514,买盘
637,14:13:36,11.21,-0.01,13,14573,卖盘
638,14:13:33,11.22,-0.01,26,29172,卖盘
639,14:13:27,11.23,0.01,35,39305,买盘
640,14:13:24,11.22,--,8,8976,卖盘
641,14:13:15,11.22,0.01,13,14821,买盘
642,14:13:12,11.21,0.01,4,4562,卖盘
643,14:13:06,11.2,-0.01,508,568960,卖盘
644,14:13:03,11.21,0.01,18,20178,买盘
645,14:13:00,11.2,--,11,12320,卖盘
646,14:12:57,11.2,-0.01,8,8960,卖盘
647,14:12:51,11.21,0.01,90,100890,买盘
648,14:12:48,11.2,--,1,1120,卖盘
649,14:12:45,11.2,--,1,1120,卖盘
650,14:12:39,11.2,0.01,176,197198,买盘
651,14:12:36,11.19,--,33,36927,卖盘
652,14:12:27,11.19,--,1,1119,卖盘
653,14:12:24,11.19,-0.01,11,12309,卖盘
654,14:12:18,11.2,0.01,28,31359,买盘
655,14:12:15,11.19,-0.01,0,414,卖盘
656,14:12:12,11.2,--,7,7839,买盘
657,14:12:06,11.2,0.01,15,16800,买盘
658,14:12:03,11.19,-0.01,1,1119,卖盘
659,14:11:57,11.2,0.01,7,7839,买盘
660,14:11:45,11.19,--,10,11190,卖盘
661,14:11:36,11.19,--,17,19101,卖盘
662,14:11:24,11.19,-0.01,11,12309,卖盘
663,14:11:21,11.2,--,4,4480,买盘
664,14:11:15,11.2,0.01,30,33600,买盘
665,14:11:06,11.19,--,16,17904,卖盘
666,14:11:03,11.19,--,3,3357,卖盘
667,14:10:57,11.19,--,59,66177,买盘
668,14:10:54,11.19,--,243,271917,买盘
669,14:10:51,11.19,0.01,58,64902,买盘
670,14:10:45,11.18,-0.01,1,1118,卖盘
671,14:10:42,11.19,0.01,6,6714,买盘
672,14:10:36,11.18,-0.01,25,28028,卖盘
673,14:10:33,11.19,--,34,38046,买盘
674,14:10:30,11.19,--,7,7833,买盘
675,14:10:27,11.19,0.01,19,21261,买盘
676,14:10:24,11.18,-0.01,1,1118,卖盘
677,14:10:21,11.19,--,1,1119,买盘
678,14:10:09,11.19,--,6,6714,买盘
679,14:10:06,11.19,--,15,16785,买盘
680,14:09:57,11.19,0.01,7,7833,买盘
681,14:09:48,11.18,--,1,1118,卖盘
682,14:09:45,11.18,-0.01,2,2236,卖盘
683,14:09:42,11.19,--,1,1119,买盘
684,14:09:39,11.19,0.01,3,3357,买盘
685,14:09:36,11.18,--,75,83850,卖盘
686,14:09:33,11.18,-0.01,4,4550,卖盘
687,14:09:30,11.19,--,18,20142,买盘
688,14:09:27,11.19,0.01,1,1119,买盘
689,14:09:24,11.18,-0.01,1,1118,卖盘
690,14:09:15,11.19,0.01,10,11190,买盘
691,14:09:12,11.18,--,20,22360,卖盘
692,14:09:06,11.18,--,14,15652,卖盘
693,14:09:00,11.18,-0.01,27,30186,卖盘
694,14:08:57,11.19,--,424,475418,卖盘
695,14:08:51,11.19,--,50,55950,卖盘
696,14:08:48,11.19,--,47,52593,卖盘
697,14:08:45,11.19,-0.01,10,11190,卖盘
698,14:08:42,11.2,--,331,371761,卖盘
699,14:08:36,11.2,--,20,22400,卖盘
700,14:08:30,11.2,--,24,26880,卖盘
701,14:08:27,11.2,--,18,20160,卖盘
702,14:08:24,11.2,--,1,1120,卖盘
703,14:08:21,11.2,--,8,8960,卖盘
704,14:08:18,11.2,-0.01,4,4558,卖盘
705,14:08:15,11.21,0.01,37,41477,买盘
706,14:08:12,11.2,-0.01,4,4480,卖盘
707,14:08:06,11.21,0.01,16,17936,买盘
708,14:08:03,11.2,-0.01,6,6720,中性盘
709,14:07:57,11.21,0.02,310,347510,买盘
710,14:07:54,11.19,-0.01,204,228276,卖盘
711,14:07:48,11.2,--,19,21280,卖盘
712,14:07:45,11.2,-0.01,1,1120,卖盘
713,14:07:42,11.21,--,26,29146,买盘
714,14:07:36,11.21,--,28,31388,买盘
715,14:07:33,11.21,0.01,47,52687,买盘
716,14:07:27,11.2,--,54,60479,卖盘
717,14:07:24,11.2,--,85,95200,卖盘
718,14:07:12,11.2,--,257,287840,卖盘
719,14:07:09,11.2,-0.01,10,11200,卖盘
720,14:07:06,11.21,--,15,16815,买盘
721,14:07:03,11.21,-0.01,37,42441,卖盘
722,14:07:00,11.22,0.01,7,7854,买盘
723,14:06:54,11.21,-0.01,35,39235,卖盘
724,14:06:51,11.22,--,2,2244,买盘
725,14:06:48,11.22,0.01,36,40392,买盘
726,14:06:45,11.21,--,1,1121,卖盘
727,14:06:42,11.21,--,73,81833,卖盘
728,14:06:39,11.21,--,9,10167,卖盘
729,14:06:36,11.21,--,13,14573,卖盘
730,14:06:30,11.21,--,70,78470,卖盘
731,14:06:27,11.21,--,54,60534,卖盘
732,14:06:24,11.21,-0.01,2,2242,卖盘
733,14:06:18,11.22,--,74,83028,买盘
734,14:06:12,11.22,--,5,5610,买盘
735,14:06:09,11.22,--,20,22440,买盘
736,14:06:06,11.22,0.01,29,32538,买盘
737,14:06:03,11.21,-0.01,13,14573,卖盘
738,14:06:00,11.22,--,4,4488,买盘
739,14:05:51,11.22,--,50,56100,买盘
740,14:05:48,11.22,0.01,2,2244,买盘
741,14:05:45,11.21,--,1,1121,卖盘
742,14:05:42,11.21,--,107,119947,卖盘
743,14:05:36,11.21,-0.01,13,14573,卖盘
744,14:05:33,11.22,0.01,247,277134,买盘
745,14:05:30,11.21,-0.01,45,50523,卖盘
746,14:05:27,11.22,0.01,65,72930,买盘
747,14:05:24,11.21,-0.01,14,15694,卖盘
748,14:05:15,11.22,--,113,126786,买盘
749,14:05:12,11.22,--,7,7854,买盘
750,14:05:09,11.22,--,3,3366,买盘
751,14:05:06,11.22,--,25,28050,买盘
752,14:05:00,11.22,0.01,5,5610,买盘
753,14:04:57,11.21,--,100,112100,卖盘
754,14:04:54,11.21,--,26,29146,卖盘
755,14:04:48,11.21,--,55,61655,卖盘
756,14:04:45,11.21,-0.02,1,1121,卖盘
757,14:04:42,11.23,0.01,70,78610,买盘
758,14:04:36,11.22,--,274,308471,卖盘
759,14:04:33,11.22,-0.01,1002,1124244,卖盘
760,14:04:30,11.23,--,28,31444,买盘
761,14:04:27,11.23,0.01,18,20214,买盘
762,14:04:24,11.22,--,91,102102,卖盘
763,14:04:18,11.22,-0.01,34,39191,卖盘
764,14:04:15,11.23,-0.01,14,15800,卖盘
765,14:04:12,11.24,0.01,94,105656,买盘
766,14:04:09,11.23,--,252,282996,买盘
767,14:04:06,11.23,--,16,17968,买盘
768,14:04:03,11.23,--,39,43797,买盘
769,14:04:00,11.23,--,60,67380,买盘
770,14:03:57,11.23,--,22,24706,买盘
771,14:03:54,11.23,--,43,48289,中性盘
772,14:03:51,11.23,--,232,260536,买盘
773,14:03:48,11.23,--,83,93209,卖盘
774,14:03:45,11.23,--,9,10107,卖盘
775,14:03:42,11.23,--,71,79733,买盘
776,14:03:39,11.23,--,175,196525,买盘
777,14:03:36,11.23,--,15,16845,买盘
778,14:03:33,11.23,--,50,56150,买盘
779,14:03:30,11.23,--,18,20214,买盘
780,14:03:27,11.23,0.01,145,162835,买盘
781,14:03:24,11.22,--,1,1122,卖盘
782,14:03:21,11.22,-0.01,4,4566,卖盘
783,14:03:18,11.23,--,86,96578,买盘
784,14:03:12,11.23,0.01,8,8984,买盘
785,14:03:09,11.22,0.01,757,849354,买盘
786,14:03:06,11.21,-0.01,27,30267,卖盘
787,14:03:03,11.22,0.01,96,107712,买盘
788,14:03:00,11.21,-0.01,97,108737,卖盘
789,14:02:57,11.22,--,111,124542,买盘
790,14:02:51,11.22,--,37,41514,买盘
791,14:02:48,11.22,0.01,2,2244,买盘
792,14:02:45,11.21,-0.01,58,65018,卖盘
793,14:02:42,11.22,0.01,20,22440,买盘
794,14:02:39,11.21,-0.01,8,8968,卖盘
795,14:02:36,11.22,0.01,14,15708,买盘
796,14:02:30,11.21,--,58,65018,卖盘
797,14:02:27,11.21,0.01,505,566105,买盘
798,14:02:24,11.2,--,1,1120,卖盘
799,14:02:06,11.2,--,16,17920,卖盘
800,14:01:57,11.2,--,25,28000,卖盘
801,14:01:54,11.2,--,14,15758,卖盘
802,14:01:51,11.2,--,5,5600,卖盘
803,14:01:45,11.2,-0.01,81,90720,卖盘
804,14:01:42,11.21,0.01,7,7847,买盘
805,14:01:36,11.2,--,13,14559,卖盘
806,14:01:30,11.2,--,23,25760,卖盘
807,14:01:27,11.2,--,5,5600,卖盘
808,14:01:24,11.2,--,9,10080,卖盘
809,14:01:21,11.2,--,25,28000,买盘
810,14:01:18,11.2,--,39,43680,买盘
811,14:01:15,11.2,--,199,222880,买盘
812,14:01:12,11.2,--,36,40320,买盘
813,14:01:06,11.2,--,29,32479,买盘
814,14:01:00,11.2,--,20,22400,买盘
815,14:00:57,11.2,--,17,19040,买盘
816,14:00:54,11.2,0.01,18,20160,买盘
817,14:00:48,11.19,-0.01,77,86163,卖盘
818,14:00:45,11.2,0.01,101,113120,买盘
819,14:00:39,11.19,--,4,4554,卖盘
820,14:00:36,11.19,-0.01,13,14547,卖盘
821,14:00:33,11.2,--,32,35840,买盘
822,14:00:30,11.2,--,31,34720,买盘
823,14:00:27,11.2,0.01,58,64959,买盘
824,14:00:24,11.19,-0.01,11,12309,卖盘
825,14:00:21,11.2,--,10,11200,买盘
826,14:00:18,11.2,0.01,384,430080,买盘
827,14:00:15,11.19,-0.01,28,31332,卖盘
828,14:00:12,11.2,--,35,39200,买盘
829,14:00:06,11.2,--,531,594720,买盘
830,14:00:03,11.2,--,21,23520,买盘
831,14:00:00,11.2,--,17,19040,买盘
832,13:59:57,11.2,--,10,11200,买盘
833,13:59:54,11.2,0.01,75,84000,买盘
834,13:59:48,11.19,-0.01,4,4554,卖盘
835,13:59:45,11.2,--,28,31359,买盘
836,13:59:42,11.2,0.01,17,19040,买盘
837,13:59:36,11.19,--,13,14547,卖盘
838,13:59:33,11.19,-0.01,12,13428,卖盘
839,13:59:27,11.2,0.01,1,1120,买盘
840,13:59:24,11.19,-0.01,12,13428,卖盘
841,13:59:21,11.2,0.01,10,11200,买盘
842,13:59:06,11.19,-0.01,23,25737,卖盘
843,13:59:03,11.2,0.01,2,2240,买盘
844,13:59:00,11.19,0.01,526,588594,买盘
845,13:58:57,11.18,-0.01,4,4550,卖盘
846,13:58:54,11.19,--,30,33570,买盘
847,13:58:51,11.19,--,44,49236,买盘
848,13:58:48,11.19,0.01,5,5595,买盘
849,13:58:45,11.18,-0.01,21,23478,卖盘
850,13:58:42,11.19,0.01,7,7833,买盘
851,13:58:36,11.18,-0.01,33,36894,卖盘
852,13:58:30,11.19,--,1,1119,买盘
853,13:58:27,11.19,0.01,11,12309,买盘
854,13:58:24,11.18,-0.01,93,103974,卖盘
855,13:58:21,11.19,0.01,4,4476,买盘
856,13:58:15,11.18,-0.01,14,15652,卖盘
857,13:58:09,11.19,--,70,78330,买盘
858,13:58:06,11.19,0.01,16,17904,买盘
859,13:58:03,11.18,-0.01,9,10062,卖盘
860,13:58:00,11.19,0.01,11,12309,买盘
861,13:57:57,11.18,-0.01,6,6708,卖盘
862,13:57:54,11.19,0.02,21,23499,买盘
863,13:57:48,11.17,-0.02,4,4546,卖盘
864,13:57:45,11.19,0.02,7,7833,买盘
865,13:57:36,11.17,-0.02,13,14521,卖盘
866,13:57:33,11.19,--,87,97353,买盘
867,13:57:30,11.19,0.01,14,15666,买盘
868,13:57:27,11.18,0.01,10,11180,买盘
869,13:57:24,11.17,-0.01,12,13404,卖盘
870,13:57:21,11.18,--,6,6708,买盘
871,13:57:12,11.18,--,100,111800,买盘
872,13:57:09,11.18,--,18,20124,买盘
873,13:57:06,11.18,0.01,80,89440,买盘
874,13:57:03,11.17,-0.01,6,6780,卖盘
875,13:57:00,11.18,--,93,103974,买盘
876,13:56:57,11.18,--,13,14534,买盘
877,13:56:54,11.18,0.01,23,25714,买盘
878,13:56:51,11.17,--,8,8936,卖盘
879,13:56:48,11.17,-0.01,87,97179,卖盘
880,13:56:45,11.18,0.01,47,52546,买盘
881,13:56:42,11.17,-0.01,32,35744,卖盘
882,13:56:39,11.18,--,1,1118,买盘
883,13:56:36,11.18,--,21,23478,买盘
884,13:56:33,11.18,0.01,458,512044,买盘
885,13:56:30,11.17,-0.01,114,127338,卖盘
886,13:56:27,11.18,0.01,14,15652,买盘
887,13:56:24,11.17,--,197,220752,买盘
888,13:56:21,11.17,--,1,1117,买盘
889,13:56:18,11.17,--,40,44680,买盘
890,13:56:15,11.17,--,12,13404,买盘
891,13:56:09,11.17,--,123,137391,买盘
892,13:56:06,11.17,--,16,17872,买盘
893,13:56:03,11.17,--,11,12287,买盘
894,13:56:00,11.17,--,7,7819,买盘
895,13:55:54,11.17,--,15,16755,买盘
896,13:55:48,11.17,0.01,5,5585,买盘
897,13:55:45,11.16,--,24,26784,卖盘
898,13:55:39,11.16,--,4,4542,卖盘
899,13:55:36,11.16,-0.01,13,14508,卖盘
900,13:55:33,11.17,0.01,4,4468,买盘
901,13:55:24,11.16,--,5,5580,卖盘
902,13:55:18,11.16,--,0,412,卖盘
903,13:55:15,11.16,--,12,13392,卖盘
904,13:55:12,11.16,-0.01,5,5580,卖盘
905,13:55:06,11.17,--,25,27925,买盘
906,13:55:00,11.17,0.01,6,6702,买盘
907,13:54:57,11.16,--,121,135036,卖盘
908,13:54:51,11.16,-0.01,28,31248,卖盘
909,13:54:48,11.17,0.01,23,25691,买盘
910,13:54:45,11.16,-0.01,33,36828,卖盘
911,13:54:42,11.17,--,4,4468,买盘
912,13:54:39,11.17,--,6,6702,买盘
913,13:54:36,11.17,0.01,20,22340,买盘
914,13:54:33,11.16,-0.01,8,8928,卖盘
915,13:54:30,11.17,0.01,4,4468,买盘
916,13:54:24,11.16,--,1,1116,卖盘
917,13:54:18,11.16,-0.01,9,10122,卖盘
918,13:54:15,11.17,--,13,14521,买盘
919,13:54:12,11.17,0.01,7,7819,买盘
920,13:54:09,11.16,-0.01,8,8928,卖盘
921,13:54:06,11.17,0.01,16,17872,买盘
922,13:54:03,11.16,-0.01,2,2232,卖盘
923,13:54:00,11.17,0.01,1,1117,买盘
924,13:53:45,11.16,--,1,1116,卖盘
925,13:53:42,11.16,--,10,11160,卖盘
926,13:53:39,11.16,--,2,2232,卖盘
927,13:53:36,11.16,--,13,14508,卖盘
928,13:53:33,11.16,--,37,41292,卖盘
929,13:53:30,11.16,--,11,12276,卖盘
930,13:53:27,11.16,--,8,8928,卖盘
931,13:53:24,11.16,-0.01,5,5658,卖盘
932,13:53:18,11.17,--,84,93828,买盘
933,13:53:15,11.17,0.01,8,8936,买盘
934,13:53:12,11.16,-0.01,16,17856,卖盘
935,13:53:09,11.17,--,2,2234,买盘
936,13:53:06,11.17,0.01,23,25691,买盘
937,13:53:03,11.16,--,26,29016,卖盘
938,13:52:57,11.16,-0.01,13,14508,卖盘
939,13:52:51,11.17,--,12,13404,买盘
940,13:52:48,11.17,--,5,5585,买盘
941,13:52:45,11.17,0.01,2,2234,买盘
942,13:52:39,11.16,--,4,4464,卖盘
943,13:52:36,11.16,--,14,15624,卖盘
944,13:52:33,11.16,-0.01,4,4542,卖盘
945,13:52:27,11.17,--,1,1117,买盘
946,13:52:24,11.17,0.01,3,3351,买盘
947,13:52:15,11.16,-0.01,8,8928,卖盘
948,13:52:12,11.17,--,100,111700,买盘
949,13:52:09,11.17,--,3,3351,买盘
950,13:52:06,11.17,0.01,55,61435,买盘
951,13:52:03,11.16,-0.01,101,112716,卖盘
952,13:51:57,11.17,--,9,10053,买盘
953,13:51:54,11.17,--,6,6702,买盘
954,13:51:48,11.17,0.01,31,34627,买盘
955,13:51:45,11.16,-0.01,1,1116,卖盘
956,13:51:36,11.17,--,133,148561,买盘
957,13:51:30,11.17,--,4,4468,买盘
958,13:51:27,11.17,0.01,1,1117,买盘
959,13:51:24,11.16,-0.01,2,2232,卖盘
960,13:51:21,11.17,0.01,49,54811,买盘
961,13:51:18,11.16,-0.01,1,1116,卖盘
962,13:51:15,11.17,0.01,521,581957,买盘
963,13:51:12,11.16,-0.01,8,8928,卖盘
964,13:51:09,11.17,--,1,1117,买盘
965,13:51:06,11.17,--,27,30159,买盘
966,13:51:03,11.17,--,11,12287,买盘
967,13:50:57,11.17,0.01,100,111700,买盘
968,13:50:45,11.16,--,1,1116,卖盘
969,13:50:42,11.16,-0.01,4,4464,卖盘
970,13:50:39,11.17,0.01,40,44680,买盘
971,13:50:36,11.16,--,13,14508,卖盘
972,13:50:30,11.16,--,15,16818,卖盘
973,13:50:24,11.16,--,8,8928,卖盘
974,13:50:18,11.16,-0.01,2,2232,卖盘
975,13:50:15,11.17,--,3,3351,买盘
976,13:50:12,11.17,--,7,7819,买盘
977,13:50:09,11.17,--,1,1117,买盘
978,13:50:06,11.17,0.01,20,22340,买盘
979,13:50:03,11.16,--,8,8928,卖盘
980,13:50:00,11.16,-0.01,2,2232,卖盘
981,13:49:57,11.17,0.01,28,31276,买盘
982,13:49:45,11.16,--,174,194184,买盘
983,13:49:42,11.16,--,33,36828,买盘
984,13:49:39,11.16,0.01,8,8928,买盘
985,13:49:36,11.15,-0.01,13,14495,卖盘
986,13:49:33,11.16,--,2,2232,买盘
987,13:49:30,11.16,--,126,140616,买盘
988,13:49:24,11.16,--,51,56916,买盘
989,13:49:21,11.16,--,202,225510,买盘
990,13:49:18,11.16,--,207,231012,买盘
991,13:49:12,11.16,0.01,6,6696,买盘
992,13:49:09,11.15,--,119,132685,卖盘
993,13:49:06,11.15,--,14,15610,卖盘
994,13:48:51,11.15,-0.01,18,20070,卖盘
995,13:48:48,11.16,--,6,6696,买盘
996,13:48:45,11.16,0.01,5,5580,买盘
997,13:48:39,11.15,-0.01,1,1115,卖盘
998,13:48:36,11.16,--,20,22320,买盘
999,13:48:33,11.16,--,10,11160,买盘
1000,13:48:27,11.16,0.01,4,4464,买盘
1001,13:48:24,11.15,-0.01,17,18955,卖盘
1002,13:48:21,11.16,0.01,10,11160,买盘
1003,13:48:18,11.15,-0.01,4,4460,卖盘
1004,13:48:15,11.16,0.01,6,6774,买盘
1005,13:48:09,11.15,-0.01,41,45715,卖盘
1006,13:48:06,11.16,--,15,16740,买盘
1007,13:48:03,11.16,--,6,6696,买盘
1008,13:48:00,11.16,--,3,3348,买盘
1009,13:47:54,11.16,0.01,10,11160,买盘
1010,13:47:48,11.15,--,21,23415,卖盘
1011,13:47:45,11.15,-0.01,9,10035,卖盘
1012,13:47:42,11.16,0.01,20,22320,买盘
1013,13:47:36,11.15,-0.01,18,20070,卖盘
1014,13:47:33,11.16,--,7,7812,买盘
1015,13:47:30,11.16,--,83,92628,买盘
1016,13:47:27,11.16,0.01,8,8928,买盘
1017,13:47:24,11.15,-0.01,6,6690,卖盘
1018,13:47:21,11.16,0.01,28,31248,买盘
1019,13:47:18,11.15,--,81,90315,卖盘
1020,13:47:15,11.15,-0.01,4,4538,卖盘
1021,13:47:09,11.16,--,1,1116,买盘
1022,13:47:06,11.16,0.01,16,17856,买盘
1023,13:47:00,11.15,-0.01,21,23415,卖盘
1024,13:46:57,11.16,--,1,1116,买盘
1025,13:46:45,11.16,0.01,26,29016,买盘
1026,13:46:39,11.15,--,8,8920,卖盘
1027,13:46:36,11.15,--,13,14495,卖盘
1028,13:46:30,11.15,--,27,30105,卖盘
1029,13:46:27,11.15,--,22,24530,卖盘
1030,13:46:24,11.15,--,12,13380,卖盘
1031,13:46:21,11.15,-0.01,4,4538,卖盘
1032,13:46:18,11.16,--,19,21204,买盘
1033,13:46:15,11.16,0.01,1,1116,买盘
1034,13:46:06,11.15,--,15,16725,卖盘
1035,13:46:03,11.15,-0.01,2,2230,卖盘
1036,13:46:00,11.16,--,2,2232,买盘
1037,13:45:45,11.16,--,8,8928,买盘
1038,13:45:42,11.16,--,1,1116,买盘
1039,13:45:36,11.16,--,263,293508,卖盘
1040,13:45:33,11.16,--,2000,2232000,卖盘
1041,13:45:30,11.16,-0.01,8,8928,卖盘
1042,13:45:27,11.17,--,19,21223,买盘
1043,13:45:24,11.17,--,31,34627,买盘
1044,13:45:18,11.17,--,10,11170,买盘
1045,13:45:12,11.17,--,9,10053,买盘
1046,13:45:09,11.17,0.01,1,1117,买盘
1047,13:45:06,11.16,--,16,17856,卖盘
1048,13:44:54,11.16,--,2,2232,卖盘
1049,13:44:45,11.16,--,1,1116,卖盘
1050,13:44:39,11.16,--,1,1116,卖盘
1051,13:44:36,11.16,-0.01,13,14508,卖盘
1052,13:44:33,11.17,--,55,61435,卖盘
1053,13:44:24,11.17,--,2,2234,卖盘
1054,13:44:18,11.17,--,9,10053,卖盘
1055,13:44:12,11.17,--,12,13404,卖盘
1056,13:44:09,11.17,--,9,10053,卖盘
1057,13:44:06,11.17,-0.01,14,15638,卖盘
1058,13:44:00,11.18,0.01,7,7826,买盘
1059,13:43:57,11.17,--,41,45797,卖盘
1060,13:43:54,11.17,-0.01,77,86009,卖盘
1061,13:43:48,11.18,0.01,22,24596,买盘
1062,13:43:45,11.17,--,501,559617,卖盘
1063,13:43:42,11.17,-0.01,36,40212,卖盘
1064,13:43:39,11.18,0.01,6,6708,买盘
1065,13:43:36,11.17,--,13,14521,卖盘
1066,13:43:27,11.17,--,6,6702,卖盘
1067,13:43:24,11.17,-0.01,7,7819,卖盘
1068,13:43:21,11.18,--,11,12298,买盘
1069,13:43:18,11.18,--,42,46956,买盘
1070,13:43:15,11.18,0.01,1,1118,买盘
1071,13:43:06,11.17,-0.01,22,24574,卖盘
1072,13:43:00,11.18,0.01,7,7826,买盘
1073,13:42:57,11.17,--,20,22340,卖盘
1074,13:42:45,11.17,--,1,1117,卖盘
1075,13:42:36,11.17,--,37,41329,卖盘
1076,13:42:24,11.17,-0.01,2,2234,卖盘
1077,13:42:15,11.18,0.01,7,7826,买盘
1078,13:42:06,11.17,--,14,15638,卖盘
1079,13:42:03,11.17,--,89,99413,卖盘
1080,13:42:00,11.17,--,1,1117,卖盘
1081,13:41:57,11.17,-0.01,10,11170,卖盘
1082,13:41:45,11.18,-0.01,53,59690,卖盘
1083,13:41:42,11.19,0.01,2,2238,买盘
1084,13:41:36,11.18,--,13,14534,卖盘
1085,13:41:24,11.18,-0.01,1701,1901718,卖盘
1086,13:41:12,11.19,0.01,1,1119,买盘
1087,13:41:06,11.18,--,14,15652,卖盘
1088,13:41:03,11.18,-0.01,21,23478,卖盘
1089,13:41:00,11.19,--,4,4476,买盘
1090,13:40:57,11.19,--,12,13428,买盘
1091,13:40:54,11.19,0.01,15,16785,买盘
1092,13:40:51,11.18,-0.01,8,8944,卖盘
1093,13:40:48,11.19,0.01,12,13428,买盘
1094,13:40:45,11.18,-0.02,13,14534,卖盘
1095,13:40:42,11.2,--,8,8960,买盘
1096,13:40:39,11.2,0.01,20,22400,买盘
1097,13:40:36,11.19,--,7,7833,卖盘
1098,13:40:30,11.19,-0.01,21,23499,卖盘
1099,13:40:27,11.2,0.01,27,30239,买盘
1100,13:40:24,11.19,--,2,2238,卖盘
1101,13:40:18,11.19,--,60,67140,卖盘
1102,13:40:12,11.19,--,70,78330,卖盘
1103,13:40:09,11.19,--,7,7833,卖盘
1104,13:40:06,11.19,--,14,15666,卖盘
1105,13:40:03,11.19,-0.01,1,1119,卖盘
1106,13:39:57,11.2,0.01,4,4480,买盘
1107,13:39:51,11.19,--,50,55950,卖盘
1108,13:39:48,11.19,--,26,29094,卖盘
1109,13:39:45,11.19,--,1,1119,卖盘
1110,13:39:39,11.19,--,8,8952,卖盘
1111,13:39:36,11.19,--,13,14547,卖盘
1112,13:39:24,11.19,--,1,1119,卖盘
1113,13:39:21,11.19,-0.01,17,19023,卖盘
1114,13:39:18,11.2,0.01,13,14559,买盘
1115,13:39:15,11.19,-0.01,50,55950,卖盘
1116,13:39:06,11.2,--,24,26880,买盘
1117,13:39:03,11.2,--,1,1120,买盘
1118,13:39:00,11.2,--,2,2240,买盘
1119,13:38:54,11.2,0.01,5,5600,买盘
1120,13:38:45,11.19,-0.01,1,1119,卖盘
1121,13:38:42,11.2,--,7,7839,买盘
1122,13:38:36,11.2,0.01,53,59359,买盘
1123,13:38:33,11.19,--,20,22380,卖盘
1124,13:38:30,11.19,-0.01,8,8952,卖盘
1125,13:38:27,11.2,0.01,7,7839,买盘
1126,13:38:24,11.19,--,10,11190,卖盘
1127,13:38:15,11.19,-0.01,3,3357,卖盘
1128,13:38:12,11.2,--,1,1120,买盘
1129,13:38:09,11.2,0.01,39,43680,买盘
1130,13:38:06,11.19,--,16,17904,卖盘
1131,13:38:03,11.19,--,1,1119,卖盘
1132,13:38:00,11.19,-0.01,191,213729,卖盘
1133,13:37:54,11.2,0.01,50,56000,买盘
1134,13:37:45,11.19,-0.01,19,21261,卖盘
1135,13:37:36,11.2,--,66,73920,买盘
1136,13:37:33,11.2,0.01,3,3360,买盘
1137,13:37:27,11.19,--,44,49236,卖盘
1138,13:37:24,11.19,-0.01,1,1119,卖盘
1139,13:37:15,11.2,--,1,1120,买盘
1140,13:37:12,11.2,0.01,2,2240,买盘
1141,13:37:09,11.19,--,5,5595,卖盘
1142,13:37:06,11.19,--,14,15666,卖盘
1143,13:37:03,11.19,-0.01,1,1119,卖盘
1144,13:36:57,11.2,0.01,7,7839,买盘
1145,13:36:48,11.19,0.01,134,149946,买盘
1146,13:36:45,11.18,-0.01,2,2236,卖盘
1147,13:36:42,11.19,--,1,1119,买盘
1148,13:36:36,11.19,0.01,87,97353,买盘
1149,13:36:33,11.18,-0.01,53,59254,卖盘
1150,13:36:30,11.19,--,21,23499,买盘
1151,13:36:24,11.19,--,60,67140,买盘
1152,13:36:21,11.19,--,1,1119,买盘
1153,13:36:18,11.19,0.01,17,19023,买盘
1154,13:36:15,11.18,-0.01,8,8944,卖盘
1155,13:36:12,11.19,--,7,7833,买盘
1156,13:36:09,11.19,--,1,1119,买盘
1157,13:36:06,11.19,-0.01,105,117495,卖盘
1158,13:35:48,11.2,0.02,73,81760,买盘
1159,13:35:45,11.18,-0.01,7,7826,卖盘
1160,13:35:42,11.19,0.01,4,4476,买盘
1161,13:35:36,11.18,-0.01,13,14534,卖盘
1162,13:35:33,11.19,--,1,1119,买盘
1163,13:35:30,11.19,--,9,10071,买盘
1164,13:35:27,11.19,0.01,38,42522,买盘
1165,13:35:24,11.18,-0.01,11,12298,卖盘
1166,13:35:21,11.19,--,10,11190,买盘
1167,13:35:18,11.19,--,2,2238,买盘
1168,13:35:12,11.19,--,17,19023,买盘
1169,13:35:09,11.19,0.01,10,11190,买盘
1170,13:35:06,11.18,-0.01,14,15652,卖盘
1171,13:35:00,11.19,0.01,5,5595,买盘
1172,13:34:54,11.18,-0.01,13,14534,卖盘
1173,13:34:51,11.19,--,110,123090,卖盘
1174,13:34:45,11.19,--,2,2238,卖盘
1175,13:34:36,11.19,--,13,14547,卖盘
1176,13:34:33,11.19,--,1,1119,卖盘
1177,13:34:30,11.19,--,10,11190,卖盘
1178,13:34:24,11.19,--,1,1119,卖盘
1179,13:34:21,11.19,--,20,22380,卖盘
1180,13:34:09,11.19,--,1,1119,卖盘
1181,13:34:06,11.19,-0.01,62,69378,卖盘
1182,13:34:00,11.2,--,30,33600,买盘
1183,13:33:57,11.2,--,7,7839,买盘
1184,13:33:54,11.2,0.01,100,112000,买盘
1185,13:33:51,11.19,--,5,5595,卖盘
1186,13:33:45,11.19,-0.01,9,10071,卖盘
1187,13:33:42,11.2,0.01,53,59359,买盘
1188,13:33:36,11.19,-0.01,13,14547,卖盘
1189,13:33:30,11.2,0.01,45,50400,买盘
1190,13:33:24,11.19,-0.01,8,8952,卖盘
1191,13:33:18,11.2,0.01,8,8960,买盘
1192,13:33:06,11.19,--,14,15666,卖盘
1193,13:32:57,11.19,--,8,8952,卖盘
1194,13:32:54,11.19,--,19,22357,买盘
1195,13:32:48,11.19,--,10,11190,买盘
1196,13:32:45,11.19,--,10,11190,买盘
1197,13:32:42,11.19,0.01,10,11190,买盘
1198,13:32:36,11.18,-0.01,13,14534,卖盘
1199,13:32:33,11.19,--,41,45879,买盘
1200,13:32:30,11.19,--,34,38046,买盘
1201,13:32:27,11.19,--,3,3357,买盘
1202,13:32:24,11.19,--,7,7833,买盘
1203,13:32:18,11.19,--,10,11190,买盘
1204,13:32:15,11.19,--,150,167872,卖盘
1205,13:32:06,11.19,-0.01,15,16785,卖盘
1206,13:32:03,11.2,--,107,119839,买盘
1207,13:32:00,11.2,--,27,30239,买盘
1208,13:31:57,11.2,--,17,19040,买盘
1209,13:31:54,11.2,--,49,54880,买盘
1210,13:31:48,11.2,--,410,459199,买盘
1211,13:31:45,11.2,--,25,28000,买盘
1212,13:31:42,11.2,--,17,19040,买盘
1213,13:31:39,11.2,--,7,7839,买盘
1214,13:31:36,11.2,--,15,16800,买盘
1215,13:31:30,11.2,--,7,7839,买盘
1216,13:31:27,11.2,0.01,21,23520,买盘
1217,13:31:24,11.19,--,1,1119,卖盘
1218,13:31:15,11.19,--,195,219301,买盘
1219,13:31:06,11.19,--,373,417387,买盘
1220,13:31:03,11.19,0.01,9,10071,买盘
1221,13:30:54,11.18,--,50,55900,卖盘
1222,13:30:45,11.18,--,24,26832,卖盘
1223,13:30:42,11.18,--,26,29068,卖盘
1224,13:30:39,11.18,--,18,20124,卖盘
1225,13:30:36,11.18,--,13,14534,卖盘
1226,13:30:24,11.18,-0.01,1,1118,卖盘
1227,13:30:21,11.19,0.01,1,1119,买盘
1228,13:30:18,11.18,--,1,1118,卖盘
1229,13:30:09,11.18,--,1,1118,卖盘
1230,13:30:06,11.18,--,20,22360,卖盘
1231,13:29:57,11.18,--,6,7389,买盘
1232,13:29:54,11.18,--,17,19006,买盘
1233,13:29:51,11.18,0.01,47,52546,买盘
1234,13:29:45,11.17,--,1,1117,卖盘
1235,13:29:42,11.17,-0.01,10,11170,卖盘
1236,13:29:39,11.18,--,8,8944,买盘
1237,13:29:36,11.18,0.01,91,101738,买盘
1238,13:29:33,11.17,-0.01,26,29042,卖盘
1239,13:29:27,11.18,0.01,7,7826,买盘
1240,13:29:24,11.17,-0.01,1,1117,卖盘
1241,13:29:21,11.18,--,20,22360,买盘
1242,13:29:18,11.18,--,1,1118,买盘
1243,13:29:15,11.18,--,10,11180,买盘
1244,13:29:12,11.18,--,9,10062,买盘
1245,13:29:09,11.18,0.01,20,22360,买盘
1246,13:29:06,11.17,-0.01,14,15638,卖盘
1247,13:29:03,11.18,--,6,6708,买盘
1248,13:29:00,11.18,--,48,53664,买盘
1249,13:28:54,11.18,--,55,61490,买盘
1250,13:28:51,11.18,0.01,20,22360,买盘
1251,13:28:48,11.17,--,1,1117,卖盘
1252,13:28:45,11.17,-0.01,2,2234,卖盘
1253,13:28:42,11.18,--,1,1118,买盘
1254,13:28:39,11.18,--,11,12298,买盘
1255,13:28:36,11.18,0.01,20,22360,买盘
1256,13:28:24,11.17,-0.01,9,10053,卖盘
1257,13:28:21,11.18,--,2,2236,买盘
1258,13:28:18,11.18,--,3,3354,买盘
1259,13:28:12,11.18,--,60,67080,买盘
1260,13:28:09,11.18,--,6,6708,买盘
1261,13:28:06,11.18,0.01,21,23478,买盘
1262,13:28:03,11.17,--,12,13404,卖盘
1263,13:27:57,11.17,-0.01,3,3351,卖盘
1264,13:27:54,11.18,0.01,10,11180,买盘
1265,13:27:48,11.17,-0.01,3,3351,卖盘
1266,13:27:45,11.18,0.01,15,16770,买盘
1267,13:27:36,11.17,--,50,55850,卖盘
1268,13:27:27,11.17,--,1,1117,卖盘
1269,13:27:24,11.17,-0.01,1,1117,卖盘
1270,13:27:21,11.18,--,50,55900,买盘
1271,13:27:18,11.18,0.01,4,4472,买盘
1272,13:27:15,11.17,-0.01,21,23546,卖盘
1273,13:27:09,11.18,--,7,7826,买盘
1274,13:27:06,11.18,0.01,34,38012,买盘
1275,13:27:03,11.17,--,15,16755,卖盘
1276,13:26:51,11.17,-0.01,32,35744,卖盘
1277,13:26:48,11.18,0.01,11,12298,买盘
1278,13:26:45,11.17,--,4,4468,卖盘
1279,13:26:39,11.17,--,20,22340,卖盘
1280,13:26:36,11.17,--,13,14521,卖盘
1281,13:26:33,11.17,-0.01,15,16755,卖盘
1282,13:26:27,11.18,0.01,37,41366,买盘
1283,13:26:24,11.17,-0.01,1,1117,卖盘
1284,13:26:21,11.18,0.01,7,7826,买盘
1285,13:26:15,11.17,-0.01,1,1117,卖盘
1286,13:26:09,11.18,0.01,23,25714,买盘
1287,13:26:06,11.17,--,14,15638,卖盘
1288,13:26:03,11.17,--,5,5585,卖盘
1289,13:26:00,11.17,-0.01,4,4468,卖盘
1290,13:25:51,11.18,0.01,7,7826,买盘
1291,13:25:45,11.17,-0.01,1,1117,卖盘
1292,13:25:39,11.18,0.01,7,7826,买盘
1293,13:25:36,11.17,-0.01,13,14521,卖盘
1294,13:25:33,11.18,0.01,4,4472,买盘
1295,13:25:24,11.17,-0.01,1,1117,卖盘
1296,13:25:06,11.18,--,48,53664,买盘
1297,13:24:57,11.18,0.01,9,10062,买盘
1298,13:24:51,11.17,-0.01,1,1117,卖盘
1299,13:24:48,11.18,0.01,2,2236,买盘
1300,13:24:45,11.17,--,2,2234,卖盘
1301,13:24:36,11.17,-0.01,20,22340,卖盘
1302,13:24:33,11.18,--,193,215774,买盘
1303,13:24:30,11.18,0.01,4,4472,买盘
1304,13:24:24,11.17,-0.01,4,4468,卖盘
1305,13:24:21,11.18,0.01,5,5590,买盘
1306,13:24:15,11.17,--,135,150795,卖盘
1307,13:24:12,11.17,-0.01,20,22340,卖盘
1308,13:24:09,11.18,0.01,5,5590,买盘
1309,13:24:06,11.17,-0.01,14,15638,卖盘
1310,13:24:00,11.18,0.01,3,3354,买盘
1311,13:23:54,11.17,-0.01,8,8936,卖盘
1312,13:23:45,11.18,--,26,29068,买盘
1313,13:23:36,11.18,--,15,16770,买盘
1314,13:23:33,11.18,0.01,4,4472,买盘
1315,13:23:30,11.17,--,12,13404,卖盘
1316,13:23:24,11.17,-0.01,7,7819,卖盘
1317,13:23:18,11.18,0.01,5,5590,买盘
1318,13:23:06,11.17,--,14,15638,卖盘
1319,13:23:03,11.17,-0.01,8,8936,卖盘
1320,13:23:00,11.18,--,1,1118,买盘
1321,13:22:54,11.18,0.01,7,7826,买盘
1322,13:22:51,11.17,-0.01,11,12287,卖盘
1323,13:22:48,11.18,--,7,7826,买盘
1324,13:22:45,11.18,--,119,133042,买盘
1325,13:22:42,11.18,--,13,14534,买盘
1326,13:22:39,11.18,0.01,44,49192,买盘
1327,13:22:36,11.17,-0.01,13,14521,卖盘
1328,13:22:33,11.18,--,3,3354,买盘
1329,13:22:27,11.18,0.01,10,11180,买盘
1330,13:22:24,11.17,-0.01,8,8936,卖盘
1331,13:22:15,11.18,0.01,2,2236,买盘
1332,13:22:12,11.17,-0.01,2,2234,卖盘
1333,13:22:09,11.18,--,7,7826,买盘
1334,13:22:06,11.18,--,29,32422,买盘
1335,13:22:03,11.18,--,6,6708,买盘
1336,13:21:57,11.18,0.01,13,14534,买盘
1337,13:21:54,11.17,-0.01,5,5585,卖盘
1338,13:21:51,11.18,--,8,8944,买盘
1339,13:21:48,11.18,0.01,17,19006,买盘
1340,13:21:45,11.17,-0.01,3,3351,卖盘
1341,13:21:42,11.18,0.01,69,77142,买盘
1342,13:21:36,11.17,-0.01,13,14521,卖盘
1343,13:21:27,11.18,0.01,50,55900,买盘
1344,13:21:24,11.17,-0.01,51,56967,卖盘
1345,13:21:21,11.18,--,6,6708,买盘
1346,13:21:18,11.18,--,50,55900,买盘
1347,13:21:15,11.18,--,3,3354,买盘
1348,13:21:09,11.18,--,437,488566,买盘
1349,13:21:06,11.18,--,27,30186,买盘
1350,13:21:03,11.18,0.01,23,25714,买盘
1351,13:21:00,11.17,-0.01,8,8936,卖盘
1352,13:20:54,11.18,--,5,5590,买盘
1353,13:20:51,11.18,0.01,10,11180,买盘
1354,13:20:45,11.17,-0.01,2,2234,卖盘
1355,13:20:42,11.18,--,3,3354,买盘
1356,13:20:39,11.18,--,50,55900,买盘
1357,13:20:36,11.18,--,31,34658,买盘
1358,13:20:33,11.18,--,42,46956,买盘
1359,13:20:27,11.18,0.01,8,8944,买盘
1360,13:20:24,11.17,--,1,1117,卖盘
1361,13:20:18,11.17,--,5,5585,卖盘
1362,13:20:15,11.17,-0.01,100,111700,卖盘
1363,13:20:12,11.18,0.01,13,14534,买盘
1364,13:20:06,11.17,--,24,26808,卖盘
1365,13:19:57,11.17,--,1,1117,卖盘
1366,13:19:54,11.17,--,18,20106,买盘
1367,13:19:48,11.17,0.01,1,1117,买盘
1368,13:19:45,11.16,-0.01,1,1116,卖盘
1369,13:19:42,11.17,--,25,27925,买盘
1370,13:19:39,11.17,--,10,11170,买盘
1371,13:19:36,11.17,--,30,33510,买盘
1372,13:19:33,11.17,-0.01,134,149678,卖盘
1373,13:19:30,11.18,0.01,33,36894,买盘
1374,13:19:27,11.17,--,8,8936,卖盘
1375,13:19:24,11.17,-0.01,1,1117,卖盘
1376,13:19:18,11.18,--,7,7826,买盘
1377,13:19:15,11.18,--,1,1118,买盘
1378,13:19:06,11.18,--,27,30186,买盘
1379,13:19:03,11.18,0.01,10,11180,买盘
1380,13:19:00,11.17,--,45,50265,买盘
1381,13:18:57,11.17,--,39,43563,卖盘
1382,13:18:48,11.17,--,84,93828,买盘
1383,13:18:45,11.17,--,11,12287,买盘
1384,13:18:42,11.17,--,2,2234,买盘
1385,13:18:36,11.17,--,17,18989,买盘
1386,13:18:33,11.17,--,50,55850,买盘
1387,13:18:30,11.17,--,2,2234,买盘
1388,13:18:27,11.17,--,396,442332,卖盘
1389,13:18:24,11.17,--,1,1117,卖盘
1390,13:18:21,11.17,-0.01,8,8936,卖盘
1391,13:18:18,11.18,--,4,4472,买盘
1392,13:18:12,11.18,0.01,8,8944,买盘
1393,13:18:09,11.17,--,12,13404,卖盘
1394,13:18:06,11.17,--,25,27925,卖盘
1395,13:17:57,11.17,-0.01,15,16755,卖盘
1396,13:17:54,11.18,0.01,6,6708,买盘
1397,13:17:48,11.17,--,50,55850,卖盘
1398,13:17:45,11.17,--,1,1117,卖盘
1399,13:17:39,11.17,0.01,222,247974,买盘
1400,13:17:36,11.16,-0.01,13,14508,卖盘
1401,13:17:33,11.17,--,13,14521,买盘
1402,13:17:27,11.17,0.01,13,14521,买盘
1403,13:17:24,11.16,-0.01,88,98208,卖盘
1404,13:17:21,11.17,--,12,13404,买盘
1405,13:17:18,11.17,--,20,22340,买盘
1406,13:17:15,11.17,0.01,1,1117,买盘
1407,13:17:12,11.16,--,28,31248,卖盘
1408,13:17:06,11.16,-0.01,15,16740,卖盘
1409,13:17:03,11.17,--,5,5585,买盘
1410,13:17:00,11.17,0.01,2,2234,买盘
1411,13:16:54,11.16,-0.01,18,20088,卖盘
1412,13:16:51,11.17,--,2,2234,买盘
1413,13:16:48,11.17,--,21,23457,买盘
1414,13:16:45,11.17,--,11,12287,买盘
1415,13:16:42,11.17,--,25,27925,买盘
1416,13:16:36,11.17,--,381,425577,买盘
1417,13:16:27,11.17,0.01,6,6702,买盘
1418,13:16:24,11.16,-0.01,3,3348,卖盘
1419,13:16:18,11.17,0.01,30,33510,买盘
1420,13:16:09,11.16,-0.01,3,3348,卖盘
1421,13:16:06,11.17,0.01,73,81541,买盘
1422,13:16:03,11.16,-0.01,8,8928,卖盘
1423,13:16:00,11.17,--,2,2234,买盘
1424,13:15:57,11.17,0.01,14,15638,买盘
1425,13:15:45,11.16,-0.01,1,1116,卖盘
1426,13:15:42,11.17,0.01,66,73722,买盘
1427,13:15:36,11.16,--,13,14508,卖盘
1428,13:15:33,11.16,-0.01,1,1116,卖盘
1429,13:15:30,11.17,0.01,6,6702,买盘
1430,13:15:24,11.16,-0.01,1,1116,卖盘
1431,13:15:21,11.17,--,3,3351,买盘
1432,13:15:12,11.17,0.01,75,83775,买盘
1433,13:15:06,11.16,-0.01,15,16740,卖盘
1434,13:15:00,11.17,--,184,205528,买盘
1435,13:14:57,11.17,--,108,120636,买盘
1436,13:14:51,11.17,0.01,20,22340,买盘
1437,13:14:48,11.16,--,44,49104,卖盘
1438,13:14:45,11.16,-0.01,201,224316,卖盘
1439,13:14:42,11.17,0.01,4,4468,买盘
1440,13:14:36,11.16,-0.01,13,14508,卖盘
1441,13:14:33,11.17,--,10,11170,买盘
1442,13:14:30,11.17,--,60,67020,买盘
1443,13:14:27,11.17,0.01,200,223400,买盘
1444,13:14:24,11.16,-0.01,1,1116,卖盘
1445,13:14:21,11.17,0.01,14,15638,买盘
1446,13:14:18,11.16,--,1,1116,卖盘
1447,13:14:15,11.16,--,10,11160,卖盘
1448,13:14:06,11.16,--,14,15624,卖盘
1449,13:14:00,11.16,--,47,52452,卖盘
1450,13:13:57,11.16,--,168,188470,买盘
1451,13:13:54,11.16,0.01,4,4464,买盘
1452,13:13:51,11.15,--,8,8920,卖盘
1453,13:13:45,11.15,-0.01,9,10035,卖盘
1454,13:13:42,11.16,--,18,20088,买盘
1455,13:13:39,11.16,--,23,25668,买盘
1456,13:13:36,11.16,--,15,16740,买盘
1457,13:13:30,11.16,0.01,20,22320,买盘
1458,13:13:27,11.15,--,60,66900,卖盘
1459,13:13:24,11.15,-0.01,4,4460,卖盘
1460,13:13:21,11.16,--,5,5580,买盘
1461,13:13:18,11.16,0.01,112,124992,买盘
1462,13:13:15,11.15,-0.01,6,6690,卖盘
1463,13:13:09,11.16,--,10,11160,买盘
1464,13:13:06,11.16,--,18,20088,买盘
1465,13:13:03,11.16,0.01,5,5580,买盘
1466,13:13:00,11.15,--,85,94775,卖盘
1467,13:12:45,11.15,--,38,42370,卖盘
1468,13:12:42,11.15,-0.01,17,18955,卖盘
1469,13:12:39,11.16,0.01,100,111600,买盘
1470,13:12:36,11.15,-0.01,40,44600,卖盘
1471,13:12:30,11.16,--,45,50220,买盘
1472,13:12:27,11.16,0.01,52,58032,买盘
1473,13:12:24,11.15,--,2,2230,卖盘
1474,13:12:21,11.15,-0.01,9,10035,卖盘
1475,13:12:12,11.16,--,20,22320,买盘
1476,13:12:09,11.16,--,16,17856,买盘
1477,13:12:06,11.16,--,41,45756,买盘
1478,13:11:57,11.16,0.01,5,5580,买盘
1479,13:11:45,11.15,--,1,1115,卖盘
1480,13:11:42,11.15,-0.01,10,11150,卖盘
1481,13:11:39,11.16,0.01,5,5580,买盘
1482,13:11:36,11.15,--,14,15610,卖盘
1483,13:11:33,11.15,-0.01,47,52405,卖盘
1484,13:11:30,11.16,--,32,35712,买盘
1485,13:11:27,11.16,0.01,7,7812,买盘
1486,13:11:24,11.15,-0.01,1,1115,卖盘
1487,13:11:18,11.16,--,20,22320,买盘
1488,13:11:15,11.16,0.01,46,51336,买盘
1489,13:11:09,11.15,-0.01,39,43485,卖盘
1490,13:11:06,11.16,--,33,36828,买盘
1491,13:11:00,11.16,--,5,5580,买盘
1492,13:10:57,11.16,0.01,7,7812,买盘
1493,13:10:45,11.15,-0.01,1,1115,卖盘
1494,13:10:39,11.16,0.01,23,25668,买盘
1495,13:10:36,11.15,-0.01,13,14495,卖盘
1496,13:10:33,11.16,--,9,10044,买盘
1497,13:10:30,11.16,--,17,18972,买盘
1498,13:10:27,11.16,0.01,10,11160,买盘
1499,13:10:24,11.15,--,3,3345,卖盘
1500,13:10:21,11.15,-0.01,8,8920,卖盘
1501,13:10:12,11.16,--,15,16740,买盘
1502,13:10:09,11.16,--,431,480996,买盘
1503,13:10:06,11.16,--,21,23436,买盘
1504,13:10:03,11.16,--,9,10044,买盘
1505,13:09:54,11.16,--,1,1116,买盘
1506,13:09:48,11.16,--,8,8928,买盘
1507,13:09:45,11.16,--,3,3348,买盘
1508,13:09:39,11.16,--,5,5580,买盘
1509,13:09:36,11.16,--,18,20088,买盘
1510,13:09:30,11.16,0.01,9,10044,买盘
1511,13:09:24,11.15,--,2,2230,卖盘
1512,13:09:18,11.15,-0.01,10,11150,卖盘
1513,13:09:15,11.16,--,11,12276,买盘
1514,13:09:12,11.16,--,15,16740,买盘
1515,13:09:09,11.16,0.01,363,405108,买盘
1516,13:09:06,11.15,--,25,27875,卖盘
1517,13:09:00,11.15,--,50,55750,卖盘
1518,13:08:57,11.15,-0.01,1,1115,卖盘
1519,13:08:54,11.16,0.01,27,30132,买盘
1520,13:08:51,11.15,--,3,3345,卖盘
1521,13:08:45,11.15,--,301,335615,卖盘
1522,13:08:36,11.15,-0.01,13,14495,卖盘
1523,13:08:33,11.16,0.01,62,69192,买盘
1524,13:08:30,11.15,--,10,11150,卖盘
1525,13:08:24,11.15,-0.01,1,1115,卖盘
1526,13:08:12,11.16,--,6,6696,买盘
1527,13:08:09,11.16,--,3,3348,买盘
1528,13:08:06,11.16,0.01,29,32364,买盘
1529,13:07:45,11.15,--,16,17840,卖盘
1530,13:07:39,11.15,--,1,1115,卖盘
1531,13:07:36,11.15,-0.01,13,14495,卖盘
1532,13:07:33,11.16,0.01,67,74772,买盘
1533,13:07:30,11.15,-0.01,57,63555,卖盘
1534,13:07:27,11.16,0.01,1,1116,买盘
1535,13:07:24,11.15,--,1,1115,卖盘
1536,13:07:21,11.15,-0.01,39,43485,卖盘
1537,13:07:18,11.16,0.01,51,56916,买盘
1538,13:07:12,11.15,--,94,104810,卖盘
1539,13:07:06,11.15,--,16,17840,卖盘
1540,13:07:00,11.15,-0.01,37,41255,卖盘
1541,13:06:57,11.16,--,35,39060,买盘
1542,13:06:51,11.16,0.01,31,34596,买盘
1543,13:06:45,11.15,--,13,14495,卖盘
1544,13:06:36,11.15,--,69,76935,卖盘
1545,13:06:30,11.15,--,9,10035,卖盘
1546,13:06:24,11.15,-0.01,1,1115,卖盘
1547,13:06:21,11.16,--,6,6696,买盘
1548,13:06:18,11.16,--,14,15624,买盘
1549,13:06:15,11.16,0.01,1,1116,买盘
1550,13:06:06,11.15,--,15,16725,卖盘
1551,13:06:00,11.15,--,6,6690,卖盘
1552,13:05:51,11.15,--,12,13380,卖盘
1553,13:05:45,11.15,--,1,1115,卖盘
1554,13:05:36,11.15,--,13,14495,卖盘
1555,13:05:30,11.15,-0.01,87,97005,卖盘
1556,13:05:27,11.16,0.01,4,4464,买盘
1557,13:05:24,11.15,--,1,1115,卖盘
1558,13:05:21,11.15,--,10,11150,卖盘
1559,13:05:18,11.15,-0.01,9,10035,卖盘
1560,13:05:06,11.16,0.01,29,32364,买盘
1561,13:05:03,11.15,--,137,152755,卖盘
1562,13:05:00,11.15,--,51,56865,卖盘
1563,13:04:54,11.15,--,101,112615,卖盘
1564,13:04:51,11.15,--,5,5575,卖盘
1565,13:04:45,11.15,--,57,63555,卖盘
1566,13:04:42,11.15,--,23,25645,卖盘
1567,13:04:36,11.15,-0.01,13,14495,卖盘
1568,13:04:33,11.16,0.01,7,7812,买盘
1569,13:04:30,11.15,--,8,8920,卖盘
1570,13:04:24,11.15,-0.01,1,1115,卖盘
1571,13:04:21,11.16,0.01,1,1116,买盘
1572,13:04:18,11.15,-0.01,8,8920,卖盘
1573,13:04:15,11.16,0.01,1,1116,买盘
1574,13:04:06,11.15,--,13,14495,卖盘
1575,13:04:03,11.15,--,1,1115,卖盘
1576,13:04:00,11.15,-0.01,27,30105,卖盘
1577,13:03:57,11.16,0.01,12,13392,买盘
1578,13:03:45,11.15,--,1,1115,卖盘
1579,13:03:39,11.15,--,51,56865,卖盘
1580,13:03:36,11.15,--,13,14495,卖盘
1581,13:03:33,11.15,--,8,8920,卖盘
1582,13:03:30,11.15,-0.01,10,11150,卖盘
1583,13:03:27,11.16,0.01,7,7812,买盘
1584,13:03:24,11.15,-0.01,1,1115,卖盘
1585,13:03:21,11.16,0.01,6,6696,买盘
1586,13:03:18,11.15,-0.01,1,1115,卖盘
1587,13:03:15,11.16,0.01,6,6696,买盘
1588,13:03:06,11.15,--,14,15610,卖盘
1589,13:03:03,11.15,--,6,6690,卖盘
1590,13:03:00,11.15,-0.01,76,84740,卖盘
1591,13:02:57,11.16,--,6,6696,买盘
1592,13:02:51,11.16,0.01,6,6696,买盘
1593,13:02:48,11.15,--,7,8607,卖盘
1594,13:02:45,11.15,--,1,1115,卖盘
1595,13:02:36,11.15,--,13,14495,卖盘
1596,13:02:33,11.15,--,20,22300,卖盘
1597,13:02:30,11.15,-0.01,21,23415,卖盘
1598,13:02:27,11.16,0.01,7,7812,买盘
1599,13:02:24,11.15,--,3,3345,卖盘
1600,13:02:21,11.15,--,8,8920,卖盘
1601,13:02:12,11.15,-0.01,17,18955,卖盘
1602,13:02:09,11.16,0.01,10,11160,买盘
1603,13:02:06,11.15,--,13,14495,卖盘
1604,13:02:03,11.15,--,11,12265,卖盘
1605,13:02:00,11.15,--,20,22300,卖盘
1606,13:01:45,11.15,-0.01,1,1115,卖盘
1607,13:01:36,11.16,0.01,15,16740,买盘
1608,13:01:30,11.15,--,35,39025,卖盘
1609,13:01:24,11.15,--,12,13380,卖盘
1610,13:01:15,11.15,-0.01,19,21185,卖盘
1611,13:01:09,11.16,0.01,3,3348,买盘
1612,13:01:06,11.15,--,13,14495,卖盘
1613,13:01:03,11.15,--,80,89200,卖盘
1614,13:01:00,11.15,-0.01,173,192895,卖盘
1615,13:00:57,11.16,0.01,24,26784,买盘
1616,13:00:54,11.15,--,1,1115,卖盘
1617,13:00:45,11.15,-0.01,1,1115,卖盘
1618,13:00:42,11.16,--,625,697645,卖盘
1619,13:00:36,11.16,-0.01,18,20088,卖盘
1620,13:00:30,11.17,--,156,174252,卖盘
1621,13:00:24,11.17,--,2,2234,卖盘
1622,13:00:15,11.17,-0.01,7,7819,卖盘
1623,13:00:12,11.18,0.02,30,33540,买盘
1624,13:00:09,11.16,-0.01,68,75888,卖盘
1625,13:00:06,11.17,--,320,357440,卖盘
1626,13:00:03,11.17,0.01,4783,5343582,买盘
1627,13:00:00,11.16,--,0,0,卖盘
1628,11:30:00,11.16,-0.01,20,22320,卖盘
1629,11:29:51,11.17,0.01,48,53616,买盘
1630,11:29:45,11.16,--,1,1116,卖盘
1631,11:29:36,11.16,--,62,69192,卖盘
1632,11:29:33,11.16,-0.01,13,14508,卖盘
1633,11:29:27,11.17,0.01,50,55850,买盘
1634,11:29:24,11.16,-0.01,2,2232,卖盘
1635,11:29:21,11.17,--,66,73722,买盘
1636,11:29:15,11.17,0.01,5,5585,买盘
1637,11:29:06,11.16,--,135,150660,卖盘
1638,11:29:03,11.16,-0.01,14,15624,卖盘
1639,11:28:57,11.17,0.01,5,5585,买盘
1640,11:28:45,11.16,-0.01,1,1116,卖盘
1641,11:28:42,11.17,0.01,1,1117,买盘
1642,11:28:39,11.16,--,2,2232,买盘
1643,11:28:36,11.16,--,60,66960,买盘
1644,11:28:33,11.16,--,104,116064,买盘
1645,11:28:30,11.16,0.01,32,35712,买盘
1646,11:28:27,11.15,-0.01,38,42370,卖盘
1647,11:28:24,11.16,--,25,27900,买盘
1648,11:28:21,11.16,--,117,130572,买盘
1649,11:28:15,11.16,--,12,13392,买盘
1650,11:28:12,11.16,--,14,15624,买盘
1651,11:28:09,11.16,--,16,17856,买盘
1652,11:28:03,11.16,--,110,122760,买盘
1653,11:28:00,11.16,0.01,20,22320,买盘
1654,11:27:57,11.15,--,159,177285,卖盘
1655,11:27:51,11.15,-0.01,166,185090,卖盘
1656,11:27:48,11.16,0.01,7,7812,买盘
1657,11:27:45,11.15,-0.01,1,1115,卖盘
1658,11:27:42,11.16,--,21,23436,买盘
1659,11:27:36,11.16,0.01,28,31248,买盘
1660,11:27:33,11.15,-0.01,18,20070,卖盘
1661,11:27:30,11.16,0.01,125,139500,买盘
1662,11:27:27,11.15,--,80,89200,卖盘
1663,11:27:24,11.15,-0.01,10,11150,卖盘
1664,11:27:21,11.16,--,20,22320,买盘
1665,11:27:15,11.16,--,4,4464,买盘
1666,11:27:12,11.16,--,9,10044,买盘
1667,11:27:09,11.16,0.01,7,7812,买盘
1668,11:27:06,11.15,--,130,144950,卖盘
1669,11:27:03,11.15,-0.01,14,15610,卖盘
1670,11:26:54,11.16,0.01,13,14508,买盘
1671,11:26:45,11.15,-0.01,1,1115,卖盘
1672,11:26:42,11.16,0.01,1,1116,买盘
1673,11:26:36,11.15,--,120,133800,卖盘
1674,11:26:33,11.15,-0.01,19,21185,卖盘
1675,11:26:30,11.16,0.01,16,17856,买盘
1676,11:26:24,11.15,-0.01,1,1115,卖盘
1677,11:26:18,11.16,--,320,357120,买盘
1678,11:26:15,11.16,--,5,5580,买盘
1679,11:26:12,11.16,--,20,22320,买盘
1680,11:26:09,11.16,--,18,20088,买盘
1681,11:26:06,11.16,--,3,3348,买盘
1682,11:26:03,11.16,--,30,33480,买盘
1683,11:26:00,11.16,--,10,11160,买盘
1684,11:25:48,11.16,--,25,27900,买盘
1685,11:25:45,11.16,--,27,30132,买盘
1686,11:25:42,11.16,--,10,11160,买盘
1687,11:25:39,11.16,--,57,63612,买盘
1688,11:25:36,11.16,0.01,10,11160,买盘
1689,11:25:33,11.15,-0.02,13,14495,卖盘
1690,11:25:30,11.17,0.01,21,23457,买盘
1691,11:25:27,11.16,0.01,90,100440,买盘
1692,11:25:24,11.15,-0.01,52,57980,卖盘
1693,11:25:18,11.16,--,359,400644,卖盘
1694,11:25:12,11.16,-0.01,60,66960,卖盘
1695,11:25:06,11.17,0.01,20,22340,买盘
1696,11:25:03,11.16,-0.01,30,33480,卖盘
1697,11:25:00,11.17,0.01,9,10053,买盘
1698,11:24:57,11.16,--,10,11160,卖盘
1699,11:24:54,11.16,-0.01,6,6696,卖盘
1700,11:24:51,11.17,0.01,50,55850,买盘
1701,11:24:48,11.16,-0.01,17,18972,卖盘
1702,11:24:45,11.17,0.01,41,45797,买盘
1703,11:24:42,11.16,-0.01,435,485460,卖盘
1704,11:24:39,11.17,0.01,54,60318,买盘
1705,11:24:33,11.16,-0.01,13,14508,卖盘
1706,11:24:30,11.17,--,10,11170,买盘
1707,11:24:27,11.17,--,501,559617,买盘
1708,11:24:24,11.17,--,6,6702,买盘
1709,11:24:15,11.17,--,1,1117,买盘
1710,11:24:12,11.17,0.01,6,6702,买盘
1711,11:24:06,11.16,--,18,20088,卖盘
1712,11:24:03,11.16,-0.01,34,37944,卖盘
1713,11:24:00,11.17,0.01,74,82658,买盘
1714,11:23:54,11.16,-0.01,18,20088,卖盘
1715,11:23:51,11.17,0.01,5,5585,买盘
1716,11:23:48,11.16,-0.01,33,36828,卖盘
1717,11:23:45,11.17,--,5,5585,买盘
1718,11:23:42,11.17,--,5,5585,买盘
1719,11:23:39,11.17,0.01,50,55850,买盘
1720,11:23:36,11.16,--,13,14508,卖盘
1721,11:23:33,11.16,--,13,14508,卖盘
1722,11:23:24,11.16,-0.01,8,8928,卖盘
1723,11:23:21,11.17,--,20,22340,买盘
1724,11:23:15,11.17,--,1,1117,买盘
1725,11:23:12,11.17,--,3,3351,买盘
1726,11:23:09,11.17,0.01,16,17872,买盘
1727,11:23:06,11.16,-0.01,1,1116,卖盘
1728,11:23:03,11.17,--,49,54733,买盘
1729,11:23:00,11.17,--,10,11170,买盘
1730,11:22:54,11.17,--,3,3351,买盘
1731,11:22:51,11.17,0.01,43,48031,买盘
1732,11:22:48,11.16,--,8,8928,卖盘
1733,11:22:45,11.16,--,1,1116,卖盘
1734,11:22:42,11.16,-0.01,90,100440,卖盘
1735,11:22:39,11.17,--,2,2234,买盘
1736,11:22:36,11.17,0.01,13,14521,买盘
1737,11:22:33,11.16,-0.01,13,14508,卖盘
1738,11:22:30,11.17,--,20,22340,买盘
1739,11:22:27,11.17,0.01,3,3351,买盘
1740,11:22:24,11.16,-0.01,1,1116,卖盘
1741,11:22:21,11.17,--,50,55850,买盘
1742,11:22:18,11.17,0.01,30,33510,买盘
1743,11:22:15,11.16,-0.01,1,1116,卖盘
1744,11:22:12,11.17,0.02,18,20106,买盘
1745,11:22:09,11.15,-0.02,23,25645,卖盘
1746,11:22:06,11.17,0.02,3,3351,买盘
1747,11:22:03,11.15,--,14,15610,卖盘
1748,11:21:57,11.15,-0.01,2,2230,卖盘
1749,11:21:54,11.16,--,31,35354,买盘
1750,11:21:51,11.16,--,29,32364,买盘
1751,11:21:48,11.16,--,86,95976,买盘
1752,11:21:45,11.16,0.01,28,31248,买盘
1753,11:21:42,11.15,-0.01,14,15610,卖盘
1754,11:21:39,11.16,--,12,13392,买盘
1755,11:21:36,11.16,0.01,200,223200,买盘
1756,11:21:33,11.15,-0.01,37,41255,卖盘
1757,11:21:30,11.16,--,22,24552,买盘
1758,11:21:27,11.16,0.01,39,43524,买盘
1759,11:21:24,11.15,-0.01,2,2230,卖盘
1760,11:21:21,11.16,--,5,5580,买盘
1761,11:21:18,11.16,--,33,36828,买盘
1762,11:21:12,11.16,0.01,40,44640,买盘
1763,11:21:03,11.15,-0.01,44,49060,卖盘
1764,11:21:00,11.16,--,156,174096,买盘
1765,11:20:57,11.16,0.01,8,8928,买盘
1766,11:20:51,11.15,-0.01,20,22300,卖盘
1767,11:20:45,11.16,0.01,33,36828,买盘
1768,11:20:42,11.15,--,67,74705,卖盘
1769,11:20:39,11.15,-0.01,8,8920,卖盘
1770,11:20:36,11.16,0.01,20,22320,买盘
1771,11:20:33,11.15,-0.01,23,25645,卖盘
1772,11:20:30,11.16,0.01,4,4464,买盘
1773,11:20:27,11.15,--,1,1115,卖盘
1774,11:20:24,11.15,-0.01,1,1115,卖盘
1775,11:20:18,11.16,--,159,177444,买盘
1776,11:20:15,11.16,0.01,107,119412,买盘
1777,11:20:12,11.15,-0.01,90,100350,卖盘
1778,11:20:06,11.16,0.01,9,10044,买盘
1779,11:20:03,11.15,--,51,56865,卖盘
1780,11:20:00,11.15,-0.01,2,2230,卖盘
1781,11:19:57,11.16,--,11,12276,买盘
1782,11:19:54,11.16,--,10,11160,买盘
1783,11:19:48,11.16,--,23,25668,买盘
1784,11:19:45,11.16,--,32,35712,买盘
1785,11:19:42,11.16,--,56,62496,买盘
1786,11:19:36,11.16,0.01,29,32364,买盘
1787,11:19:33,11.15,-0.01,13,14495,卖盘
1788,11:19:27,11.16,0.01,297,331452,买盘
1789,11:19:24,11.15,--,189,210735,买盘
1790,11:19:21,11.15,--,17,18955,买盘
1791,11:19:18,11.15,--,44,49060,买盘
1792,11:19:15,11.15,--,154,171710,买盘
1793,11:19:12,11.15,--,7,7805,买盘
1794,11:19:09,11.15,0.01,6,6690,买盘
1795,11:19:06,11.14,--,15,16710,卖盘
1796,11:19:03,11.14,-0.01,24,26736,卖盘
1797,11:19:00,11.15,0.01,50,55750,买盘
1798,11:18:57,11.14,--,20,22280,卖盘
1799,11:18:48,11.14,--,46,51244,卖盘
1800,11:18:45,11.14,--,128,142592,卖盘
1801,11:18:39,11.14,-0.01,10,11140,卖盘
1802,11:18:36,11.15,0.01,50,55750,买盘
1803,11:18:33,11.14,-0.01,26,28964,卖盘
1804,11:18:30,11.15,0.01,4,4460,买盘
1805,11:18:24,11.14,-0.01,12,13368,卖盘
1806,11:18:21,11.15,--,1,1115,买盘
1807,11:18:15,11.15,--,35,39025,买盘
1808,11:18:09,11.15,--,48,53520,买盘
1809,11:18:06,11.15,0.01,123,137145,买盘
1810,11:18:03,11.14,--,15,16710,卖盘
1811,11:18:00,11.14,-0.01,50,55700,卖盘
1812,11:17:57,11.15,--,36,40140,买盘
1813,11:17:54,11.15,--,36,40140,买盘
1814,11:17:48,11.15,0.01,24,26760,买盘
1815,11:17:45,11.14,-0.01,1,1114,卖盘
1816,11:17:39,11.15,--,4,4460,买盘
1817,11:17:33,11.15,-0.01,56,62440,卖盘
1818,11:17:30,11.16,0.01,42,46872,买盘
1819,11:17:24,11.15,-0.01,2,2230,卖盘
1820,11:17:15,11.16,--,20,22320,买盘
1821,11:17:09,11.16,0.02,7,7812,买盘
1822,11:17:06,11.14,-0.01,32,35648,卖盘
1823,11:17:03,11.15,--,138,153870,卖盘
1824,11:16:57,11.15,--,35,39025,买盘
1825,11:16:54,11.15,--,5,5575,买盘
1826,11:16:51,11.15,--,5,5575,买盘
1827,11:16:48,11.15,--,4,4460,买盘
1828,11:16:45,11.15,--,6,6690,买盘
1829,11:16:36,11.15,0.01,15,16725,买盘
1830,11:16:33,11.14,-0.01,14,15596,卖盘
1831,11:16:30,11.15,--,18,20070,买盘
1832,11:16:24,11.15,--,8,8920,买盘
1833,11:16:18,11.15,-0.01,71,79165,卖盘
1834,11:16:12,11.16,--,18,20088,买盘
1835,11:16:09,11.16,0.02,5,5580,买盘
1836,11:16:06,11.14,-0.01,23,25622,卖盘
1837,11:16:03,11.15,--,14,15610,卖盘
1838,11:16:00,11.15,-0.01,1211,1350265,卖盘
1839,11:15:57,11.16,--,39,43524,买盘
1840,11:15:51,11.16,--,15,16740,买盘
1841,11:15:45,11.16,0.01,7,7812,买盘
1842,11:15:39,11.15,-0.01,36,40140,卖盘
1843,11:15:36,11.16,0.01,74,82584,买盘
1844,11:15:33,11.15,-0.01,20,22300,卖盘
1845,11:15:30,11.16,--,40,44640,买盘
1846,11:15:27,11.16,--,25,27900,买盘
1847,11:15:24,11.16,--,42,46872,买盘
1848,11:15:21,11.16,--,4,4464,买盘
1849,11:15:15,11.16,0.01,5,5580,买盘
1850,11:15:09,11.15,-0.01,21,23415,卖盘
1851,11:15:06,11.16,--,40,44640,买盘
1852,11:15:03,11.16,0.01,33,36828,买盘
1853,11:15:00,11.15,-0.01,388,432620,卖盘
1854,11:14:54,11.16,--,57,63612,买盘
1855,11:14:48,11.16,--,3,3348,买盘
1856,11:14:45,11.16,0.01,11,12276,买盘
1857,11:14:42,11.15,-0.01,6,6690,卖盘
1858,11:14:39,11.16,--,54,60543,买盘
1859,11:14:36,11.16,0.01,1,1116,买盘
1860,11:14:33,11.15,-0.01,64,71360,卖盘
1861,11:14:30,11.16,--,10,11160,买盘
1862,11:14:27,11.16,0.01,6,6696,买盘
1863,11:14:24,11.15,-0.01,1,1115,卖盘
1864,11:14:18,11.16,--,4,4464,买盘
1865,11:14:15,11.16,--,9,10044,买盘
1866,11:14:09,11.16,0.01,3,3348,买盘
1867,11:14:03,11.15,-0.01,16,17840,卖盘
1868,11:14:00,11.16,0.01,13,14508,买盘
1869,11:13:57,11.15,--,88,98120,卖盘
1870,11:13:54,11.15,-0.01,8,8920,卖盘
1871,11:13:51,11.16,0.01,10,11160,买盘
1872,11:13:48,11.15,-0.01,2,2230,卖盘
1873,11:13:45,11.16,--,32,35712,买盘
1874,11:13:42,11.16,--,2,2232,买盘
1875,11:13:39,11.16,0.01,43,47988,买盘
1876,11:13:36,11.15,--,46,51290,卖盘
1877,11:13:33,11.15,--,20,22300,卖盘
1878,11:13:27,11.15,--,17,18955,卖盘
1879,11:13:24,11.15,-0.01,1,1115,卖盘
1880,11:13:21,11.16,--,6,6696,买盘
1881,11:13:09,11.16,--,11,12276,买盘
1882,11:13:06,11.16,0.01,6,6696,买盘
1883,11:13:03,11.15,-0.01,14,15610,卖盘
1884,11:13:00,11.16,0.01,43,47988,买盘
1885,11:12:57,11.15,-0.01,124,138260,卖盘
1886,11:12:54,11.16,0.01,201,224316,买盘
1887,11:12:51,11.15,--,12,13380,卖盘
1888,11:12:45,11.15,--,101,112615,卖盘
1889,11:12:42,11.15,-0.01,22,24530,卖盘
1890,11:12:39,11.16,0.01,13,14508,买盘
1891,11:12:36,11.15,--,18,20070,卖盘
1892,11:12:33,11.15,-0.01,13,14495,卖盘
1893,11:12:30,11.16,0.01,11,12276,买盘
1894,11:12:27,11.15,--,10,11150,卖盘
1895,11:12:24,11.15,-0.01,32,35680,卖盘
1896,11:12:21,11.16,--,46,51336,买盘
1897,11:12:18,11.16,--,31,34596,买盘
1898,11:12:15,11.16,--,101,112716,买盘
1899,11:12:12,11.16,--,100,111600,买盘
1900,11:12:09,11.16,--,19,21204,买盘
1901,11:12:06,11.16,0.01,9,10044,买盘
1902,11:12:03,11.15,-0.01,14,15610,卖盘
1903,11:11:57,11.16,--,17,18972,买盘
1904,11:11:51,11.16,--,30,33480,买盘
1905,11:11:48,11.16,--,30,33480,买盘
1906,11:11:45,11.16,0.01,12,13392,买盘
1907,11:11:42,11.15,-0.01,22,24530,卖盘
1908,11:11:39,11.16,0.01,10,11160,买盘
1909,11:11:33,11.15,-0.01,13,14495,卖盘
1910,11:11:30,11.16,0.01,6,6696,买盘
1911,11:11:24,11.15,-0.01,9,10035,卖盘
1912,11:11:21,11.16,--,33,36828,买盘
1913,11:11:18,11.16,--,1,1116,买盘
1914,11:11:12,11.16,--,10,11517,卖盘
1915,11:11:09,11.16,--,3,3348,卖盘
1916,11:11:06,11.16,--,132,147312,卖盘
1917,11:11:03,11.16,-0.01,14,15624,卖盘
1918,11:10:57,11.17,--,3,3351,买盘
1919,11:10:54,11.17,0.01,17,18989,买盘
1920,11:10:45,11.16,--,17,18972,卖盘
1921,11:10:36,11.16,--,15,16740,卖盘
1922,11:10:33,11.16,--,21,23436,卖盘
1923,11:10:27,11.16,--,76,85574,买盘
1924,11:10:24,11.16,0.01,8,8928,买盘
1925,11:10:21,11.15,-0.01,5,5575,卖盘
1926,11:10:18,11.16,0.01,30,33480,买盘
1927,11:10:09,11.15,-0.01,200,223000,卖盘
1928,11:10:03,11.16,--,143,159588,买盘
1929,11:10:00,11.16,0.01,26,29016,买盘
1930,11:09:51,11.15,-0.01,31,34565,卖盘
1931,11:09:48,11.16,--,1,1116,买盘
1932,11:09:45,11.16,--,12,13392,买盘
1933,11:09:36,11.16,--,1,1116,买盘
1934,11:09:33,11.16,-0.01,485,541617,卖盘
1935,11:09:30,11.17,--,24,26808,买盘
1936,11:09:27,11.17,--,11,12287,买盘
1937,11:09:24,11.17,0.01,3,3351,买盘
1938,11:09:21,11.16,--,34,37944,卖盘
1939,11:09:18,11.16,-0.01,14,15624,卖盘
1940,11:09:15,11.17,--,60,67020,买盘
1941,11:09:12,11.17,--,6,6702,买盘
1942,11:09:09,11.17,0.01,134,149678,买盘
1943,11:09:06,11.16,--,27,30132,卖盘
1944,11:09:03,11.16,-0.01,14,15624,卖盘
1945,11:08:57,11.17,--,29,32393,买盘
1946,11:08:54,11.17,--,432,482544,买盘
1947,11:08:51,11.17,--,50,55850,买盘
1948,11:08:48,11.17,--,78,87126,买盘
1949,11:08:45,11.17,0.01,51,56967,买盘
1950,11:08:39,11.16,-0.01,15,16740,卖盘
1951,11:08:36,11.17,--,52,58084,买盘
1952,11:08:33,11.17,--,44,49148,买盘
1953,11:08:27,11.17,0.01,5,5585,买盘
1954,11:08:24,11.16,--,1,1116,卖盘
1955,11:08:21,11.16,-0.01,41,45756,卖盘
1956,11:08:15,11.17,0.01,29,32393,买盘
1957,11:08:12,11.16,--,39,43524,卖盘
1958,11:08:09,11.16,--,334,373502,买盘
1959,11:08:06,11.16,0.01,10,11160,买盘
1960,11:08:03,11.15,-0.01,16,17840,卖盘
1961,11:08:00,11.16,--,10,11160,买盘
1962,11:07:57,11.16,--,9,10044,买盘
1963,11:07:51,11.16,--,10,11160,买盘
1964,11:07:48,11.16,0.01,4,4464,买盘
1965,11:07:45,11.15,-0.01,2,2230,卖盘
1966,11:07:42,11.16,--,115,128697,卖盘
1967,11:07:33,11.16,--,14,15624,卖盘
1968,11:07:30,11.16,--,3,3348,卖盘
1969,11:07:27,11.16,--,10,11160,卖盘
1970,11:07:24,11.16,--,18,20088,卖盘
1971,11:07:15,11.16,-0.01,9,10044,卖盘
1972,11:07:12,11.17,0.01,35,39095,买盘
1973,11:07:06,11.16,0.01,438,489566,买盘
1974,11:07:03,11.15,-0.01,23,25645,卖盘
1975,11:07:00,11.16,--,33,36828,买盘
1976,11:06:57,11.16,0.01,45,50220,买盘
1977,11:06:54,11.15,-0.01,417,464955,卖盘
1978,11:06:51,11.16,--,1,1116,买盘
1979,11:06:48,11.16,--,1,1116,买盘
1980,11:06:45,11.16,0.01,7,7812,买盘
1981,11:06:39,11.15,-0.01,3,3345,卖盘
1982,11:06:36,11.16,0.01,3,3348,买盘
1983,11:06:33,11.15,-0.01,161,179515,卖盘
1984,11:06:30,11.16,--,10,11160,买盘
1985,11:06:27,11.16,--,30,33480,买盘
1986,11:06:24,11.16,0.01,3,3348,买盘
1987,11:06:21,11.15,-0.01,37,41255,卖盘
1988,11:06:18,11.16,0.01,48,53568,买盘
1989,11:06:15,11.15,-0.01,51,56865,卖盘
1990,11:06:09,11.16,0.01,9,10044,买盘
1991,11:06:06,11.15,--,18,20070,卖盘
1992,11:06:03,11.15,--,14,15610,卖盘
1993,11:06:00,11.15,-0.01,27,30105,卖盘
1994,11:05:57,11.16,--,15,16740,买盘
1995,11:05:45,11.16,--,15,16740,买盘
1996,11:05:33,11.16,--,42,46872,买盘
1997,11:05:30,11.16,--,32,35712,买盘
1998,11:05:27,11.16,--,30,33480,买盘
1999,11:05:24,11.16,--,37,41292,买盘
2000,11:05:21,11.16,0.01,66,73656,买盘
2001,11:05:15,11.15,-0.01,4,4460,卖盘
2002,11:05:12,11.16,0.01,5,5580,买盘
2003,11:05:03,11.15,--,14,15610,卖盘
2004,11:05:00,11.15,--,33,36795,卖盘
2005,11:04:57,11.15,-0.01,36,40140,卖盘
2006,11:04:54,11.16,--,27,30132,买盘
2007,11:04:51,11.16,0.01,94,104904,买盘
2008,11:04:48,11.15,0.01,5,5575,买盘
2009,11:04:45,11.14,-0.01,1,1114,卖盘
2010,11:04:39,11.15,--,20,22300,买盘
2011,11:04:36,11.15,0.01,7,7805,中性盘
2012,11:04:33,11.14,--,23,25622,卖盘
2013,11:04:27,11.14,--,68,75752,卖盘
2014,11:04:24,11.14,--,12,13368,卖盘
2015,11:04:18,11.14,--,317,353795,买盘
2016,11:04:15,11.14,0.01,31,34534,买盘
2017,11:04:12,11.13,-0.01,5,5565,卖盘
2018,11:04:09,11.14,--,86,95804,买盘
2019,11:04:06,11.14,0.01,90,100260,买盘
2020,11:04:03,11.13,-0.01,19,21147,卖盘
2021,11:03:57,11.14,--,74,82436,买盘
2022,11:03:54,11.14,--,50,55700,买盘
2023,11:03:48,11.14,0.01,17,18938,买盘
2024,11:03:45,11.13,--,52,57876,卖盘
2025,11:03:42,11.13,-0.01,60,66780,卖盘
2026,11:03:39,11.14,--,50,55700,买盘
2027,11:03:36,11.14,0.01,30,33420,买盘
2028,11:03:33,11.13,-0.01,43,47859,卖盘
2029,11:03:30,11.14,0.01,7,7798,买盘
2030,11:03:24,11.13,--,1,1113,卖盘
2031,11:03:21,11.13,-0.01,4,4452,卖盘
2032,11:03:18,11.14,0.01,52,57928,买盘
2033,11:03:15,11.13,-0.01,12,13356,卖盘
2034,11:03:12,11.14,--,15,16710,买盘
2035,11:03:09,11.14,0.01,15,16710,买盘
2036,11:03:03,11.13,-0.01,33,36729,卖盘
2037,11:03:00,11.14,--,10,11140,买盘
2038,11:02:57,11.14,-0.02,587,654374,卖盘
2039,11:02:51,11.16,0.01,143,159588,买盘
2040,11:02:45,11.15,-0.01,6,6690,卖盘
2041,11:02:42,11.16,--,10,11160,买盘
2042,11:02:39,11.16,0.01,14,15624,买盘
2043,11:02:36,11.15,--,100,111500,卖盘
2044,11:02:33,11.15,--,224,249760,卖盘
2045,11:02:27,11.15,--,457,509555,卖盘
2046,11:02:24,11.15,-0.01,12,13380,卖盘
2047,11:02:21,11.16,--,30,33480,买盘
2048,11:02:18,11.16,--,17,18972,买盘
2049,11:02:15,11.16,--,70,78120,买盘
2050,11:02:12,11.16,0.01,269,300204,买盘
2051,11:02:06,11.15,--,30,33450,卖盘
2052,11:02:03,11.15,-0.01,18,20070,卖盘
2053,11:02:00,11.16,--,9,10044,买盘
2054,11:01:57,11.16,--,141,157356,买盘
2055,11:01:48,11.16,0.01,30,33480,买盘
2056,11:01:45,11.15,--,17,18955,卖盘
2057,11:01:42,11.15,--,30,33450,卖盘
2058,11:01:39,11.15,-0.01,108,120420,卖盘
2059,11:01:36,11.16,0.01,70,78120,买盘
2060,11:01:33,11.15,-0.01,23,25645,卖盘
2061,11:01:27,11.16,0.01,3,3348,买盘
2062,11:01:24,11.15,-0.01,6,6690,卖盘
2063,11:01:21,11.16,--,61,68076,买盘
2064,11:01:18,11.16,0.01,10,11160,买盘
2065,11:01:15,11.15,--,44,49060,卖盘
2066,11:01:12,11.15,-0.01,2,2230,卖盘
2067,11:01:09,11.16,0.01,3,3348,买盘
2068,11:01:06,11.15,--,16,17840,卖盘
2069,11:01:03,11.15,--,16,17840,卖盘
2070,11:01:00,11.15,-0.01,7,7805,卖盘
2071,11:00:51,11.16,--,20,22320,买盘
2072,11:00:48,11.16,0.01,31,34596,买盘
2073,11:00:45,11.15,--,12,13380,卖盘
2074,11:00:39,11.15,--,86,95890,卖盘
2075,11:00:36,11.15,--,63,70245,卖盘
2076,11:00:33,11.15,--,14,15610,卖盘
2077,11:00:30,11.15,--,43,47945,卖盘
2078,11:00:27,11.15,--,46,51290,卖盘
2079,11:00:24,11.15,-0.01,1,1115,卖盘
2080,11:00:15,11.16,--,1,1116,买盘
2081,11:00:12,11.16,--,36,40176,买盘
2082,11:00:09,11.16,--,30,33480,买盘
2083,11:00:06,11.16,0.01,1,1116,买盘
2084,11:00:03,11.15,-0.01,15,16725,卖盘
2085,11:00:00,11.16,--,16,17856,买盘
2086,10:59:57,11.16,--,50,55800,买盘
2087,10:59:54,11.16,--,1,1116,买盘
2088,10:59:51,11.16,0.01,4,4464,买盘
2089,10:59:48,11.15,--,18,20727,买盘
2090,10:59:45,11.15,--,52,57980,买盘
2091,10:59:42,11.15,--,20,22300,买盘
2092,10:59:39,11.15,--,102,113730,买盘
2093,10:59:36,11.15,--,6,6690,买盘
2094,10:59:33,11.15,--,172,191780,买盘
2095,10:59:30,11.15,--,2,2230,买盘
2096,10:59:27,11.15,--,41,45715,买盘
2097,10:59:24,11.15,0.01,8,8920,买盘
2098,10:59:21,11.14,-0.01,1,1114,卖盘
2099,10:59:18,11.15,--,7,7805,买盘
2100,10:59:12,11.15,--,143,159445,买盘
2101,10:59:06,11.15,0.01,63,70245,买盘
2102,10:59:03,11.14,-0.01,43,47902,卖盘
2103,10:59:00,11.15,--,114,127110,买盘
2104,10:58:57,11.15,--,73,81395,买盘
2105,10:58:54,11.15,--,5,5575,买盘
2106,10:58:51,11.15,--,343,382445,买盘
2107,10:58:48,11.15,--,7,7805,买盘
2108,10:58:45,11.15,--,3,3345,买盘
2109,10:58:42,11.15,--,20,22300,买盘
2110,10:58:39,11.15,--,13,14495,买盘
2111,10:58:36,11.15,--,98,109270,买盘
2112,10:58:33,11.15,0.01,49,54635,买盘
2113,10:58:30,11.14,-0.01,37,41218,卖盘
2114,10:58:27,11.15,--,37,41255,买盘
2115,10:58:24,11.15,--,40,44600,买盘
2116,10:58:18,11.15,--,20,22300,买盘
2117,10:58:12,11.15,--,9,10035,买盘
2118,10:58:09,11.15,0.01,15,16725,买盘
2119,10:58:06,11.14,-0.01,3,3342,卖盘
2120,10:58:03,11.15,--,54,60210,买盘
2121,10:58:00,11.15,--,32,35680,买盘
2122,10:57:57,11.15,--,2,2230,买盘
2123,10:57:51,11.15,--,15,16725,买盘
2124,10:57:48,11.15,--,74,82510,买盘
2125,10:57:45,11.15,--,4,4460,买盘
2126,10:57:42,11.15,--,236,263140,买盘
2127,10:57:39,11.15,--,22,24530,买盘
2128,10:57:36,11.15,--,31,34565,买盘
2129,10:57:33,11.15,--,33,36795,买盘
2130,10:57:30,11.15,--,30,33450,买盘
2131,10:57:27,11.15,--,100,111500,买盘
2132,10:57:24,11.15,--,32,35680,买盘
2133,10:57:21,11.15,--,30,33450,买盘
2134,10:57:18,11.15,--,18,20070,买盘
2135,10:57:12,11.15,--,30,33450,买盘
2136,10:57:09,11.15,0.01,85,94775,买盘
2137,10:57:06,11.14,--,500,557000,卖盘
2138,10:57:03,11.14,--,113,125882,卖盘
2139,10:57:00,11.14,-0.01,194,216116,卖盘
2140,10:56:57,11.15,0.01,33,36795,买盘
2141,10:56:54,11.14,--,70,77980,买盘
2142,10:56:51,11.14,--,33,36762,买盘
2143,10:56:48,11.14,--,21,23394,买盘
2144,10:56:45,11.14,--,14,15596,买盘
2145,10:56:42,11.14,--,20,22280,买盘
2146,10:56:39,11.14,--,18,20052,买盘
2147,10:56:36,11.14,--,12,13368,买盘
2148,10:56:33,11.14,--,80,89120,买盘
2149,10:56:30,11.14,--,49,54586,买盘
2150,10:56:27,11.14,--,69,76866,买盘
2151,10:56:24,11.14,-0.01,112,124768,卖盘
2152,10:56:15,11.15,0.01,33,36795,买盘
2153,10:56:12,11.14,--,5,5570,卖盘
2154,10:56:03,11.14,-0.01,13,14482,卖盘
2155,10:56:00,11.15,--,85,94775,买盘
2156,10:55:57,11.15,--,640,713845,买盘
2157,10:55:54,11.15,0.01,40,44600,买盘
2158,10:55:51,11.14,-0.01,127,141478,卖盘
2159,10:55:45,11.15,0.01,50,55750,买盘
2160,10:55:42,11.14,-0.01,103,114742,卖盘
2161,10:55:39,11.15,--,10,11150,买盘
2162,10:55:36,11.15,--,10,11150,买盘
2163,10:55:33,11.15,--,97,108155,买盘
2164,10:55:27,11.15,--,20,22300,买盘
2165,10:55:24,11.15,0.01,51,56865,买盘
2166,10:55:21,11.14,-0.01,536,597104,卖盘
2167,10:55:18,11.15,--,10,11150,买盘
2168,10:55:15,11.15,--,35,39025,买盘
2169,10:55:12,11.15,--,191,212965,买盘
2170,10:55:06,11.15,--,7,7805,买盘
2171,10:55:03,11.15,--,44,49060,买盘
2172,10:55:00,11.15,0.01,34,37910,买盘
2173,10:54:57,11.14,-0.01,1,1114,卖盘
2174,10:54:54,11.15,--,25,27875,买盘
2175,10:54:51,11.15,--,10,11150,买盘
2176,10:54:48,11.15,--,8,8920,买盘
2177,10:54:45,11.15,--,6,6690,买盘
2178,10:54:42,11.15,--,20,22300,买盘
2179,10:54:36,11.15,0.01,76,84740,买盘
2180,10:54:33,11.14,--,13,14482,卖盘
2181,10:54:30,11.14,-0.01,387,431118,卖盘
2182,10:54:24,11.15,--,2,2230,买盘
2183,10:54:15,11.15,--,111,123765,买盘
2184,10:54:12,11.15,0.01,4,4460,买盘
2185,10:54:09,11.14,--,103,114742,卖盘
2186,10:54:06,11.14,--,41,45674,卖盘
2187,10:54:03,11.14,--,24,26736,卖盘
2188,10:53:54,11.14,-0.01,44,49016,卖盘
2189,10:53:51,11.15,--,65,72475,买盘
2190,10:53:36,11.15,0.01,1,1115,买盘
2191,10:53:33,11.14,-0.01,43,47902,卖盘
2192,10:53:30,11.15,--,5,5575,买盘
2193,10:53:27,11.15,--,57,63555,买盘
2194,10:53:24,11.15,0.01,42,46830,买盘
2195,10:53:21,11.14,-0.01,17,18938,卖盘
2196,10:53:15,11.15,--,149,166135,买盘
2197,10:53:12,11.15,--,19,21185,买盘
2198,10:53:09,11.15,--,16,17840,买盘
2199,10:53:06,11.15,0.01,16,17840,买盘
2200,10:53:03,11.14,-0.01,28,31192,卖盘
2201,10:53:00,11.15,--,13,14495,买盘
2202,10:52:57,11.15,--,200,223000,买盘
2203,10:52:54,11.15,--,87,97005,买盘
2204,10:52:51,11.15,0.01,4,4460,买盘
2205,10:52:45,11.14,--,18,20052,卖盘
2206,10:52:39,11.14,-0.01,1,1114,卖盘
2207,10:52:36,11.15,0.01,19,21185,买盘
2208,10:52:33,11.14,--,13,14482,卖盘
2209,10:52:27,11.14,-0.01,21,23394,卖盘
2210,10:52:24,11.15,--,51,56865,买盘
2211,10:52:21,11.15,--,48,53520,买盘
2212,10:52:18,11.15,0.01,66,73590,买盘
2213,10:52:15,11.14,--,1,1114,卖盘
2214,10:52:12,11.14,--,61,67954,买盘
2215,10:52:09,11.14,--,49,54586,买盘
2216,10:52:06,11.14,--,31,34534,买盘
2217,10:52:03,11.14,--,150,167100,卖盘
2218,10:52:00,11.14,--,23,25622,买盘
2219,10:51:57,11.14,--,27,30078,买盘
2220,10:51:54,11.14,--,25,27850,买盘
2221,10:51:51,11.14,--,179,199406,买盘
2222,10:51:48,11.14,--,108,120312,买盘
2223,10:51:42,11.14,0.01,32,35648,买盘
2224,10:51:39,11.13,--,120,133560,卖盘
2225,10:51:36,11.13,--,10,11130,卖盘
2226,10:51:33,11.13,-0.01,51,56763,卖盘
2227,10:51:30,11.14,0.01,27,30078,买盘
2228,10:51:27,11.13,--,39,44297,买盘
2229,10:51:24,11.13,--,59,65667,买盘
2230,10:51:21,11.13,--,597,664461,买盘
2231,10:51:15,11.13,--,74,82362,买盘
2232,10:51:12,11.13,--,33,36729,买盘
2233,10:51:09,11.13,0.01,817,909321,买盘
2234,10:51:03,11.12,-0.01,239,265768,卖盘
2235,10:51:00,11.13,0.01,260,289380,买盘
2236,10:50:57,11.12,-0.01,33,36696,卖盘
2237,10:50:54,11.13,--,15,16695,买盘
2238,10:50:51,11.13,0.01,1610,1791930,买盘
2239,10:50:48,11.12,-0.01,37,41144,卖盘
2240,10:50:45,11.13,--,45,50085,买盘
2241,10:50:42,11.13,--,68,75684,买盘
2242,10:50:39,11.13,--,73,81249,买盘
2243,10:50:36,11.13,--,204,227052,卖盘
2244,10:50:33,11.13,--,15,16695,卖盘
2245,10:50:30,11.13,-0.01,1240,1380120,卖盘
2246,10:50:27,11.14,--,10,11140,买盘
2247,10:50:24,11.14,0.01,5,5570,买盘
2248,10:50:21,11.13,--,68,75684,卖盘
2249,10:50:18,11.13,-0.01,24,26712,卖盘
2250,10:50:15,11.14,--,5,5570,买盘
2251,10:50:12,11.14,--,23,25622,买盘
2252,10:50:09,11.14,--,6,6684,买盘
2253,10:50:06,11.14,-0.01,1617,1801338,卖盘
2254,10:50:03,11.15,--,21,23415,买盘
2255,10:50:00,11.15,--,38,42370,买盘
2256,10:49:57,11.15,--,2326,2593947,卖盘
2257,10:49:54,11.15,-0.01,41,45715,卖盘
2258,10:49:51,11.16,0.01,9,10044,买盘
2259,10:49:48,11.15,--,11,12265,卖盘
2260,10:49:45,11.15,-0.01,53,59095,卖盘
2261,10:49:42,11.16,0.01,11,12276,买盘
2262,10:49:39,11.15,-0.01,558,622170,卖盘
2263,10:49:36,11.16,0.01,15,16740,买盘
2264,10:49:33,11.15,-0.01,13,14495,卖盘
2265,10:49:30,11.16,0.01,216,241056,买盘
2266,10:49:27,11.15,-0.01,15,16725,卖盘
2267,10:49:24,11.16,0.01,3,3348,买盘
2268,10:49:18,11.15,--,10,11150,卖盘
2269,10:49:15,11.15,-0.02,51,57522,卖盘
2270,10:49:12,11.17,0.01,500,558500,买盘
2271,10:49:09,11.16,--,19,21204,买盘
2272,10:49:06,11.16,--,2,2232,买盘
2273,10:49:03,11.16,-0.01,800,893358,卖盘
2274,10:49:00,11.17,0.01,69,77073,买盘
2275,10:48:57,11.16,--,74,82584,卖盘
2276,10:48:54,11.16,--,20,22320,卖盘
2277,10:48:51,11.16,-0.01,10,11160,卖盘
2278,10:48:48,11.17,--,1,1117,买盘
2279,10:48:45,11.17,0.01,1,1117,买盘
2280,10:48:42,11.16,--,361,402876,卖盘
2281,10:48:39,11.16,--,6,6696,卖盘
2282,10:48:36,11.16,--,1560,1740960,卖盘
2283,10:48:33,11.16,-0.01,13,14508,卖盘
2284,10:48:27,11.17,0.01,118,131806,买盘
2285,10:48:18,11.16,--,26,29016,卖盘
2286,10:48:12,11.16,--,23,25668,卖盘
2287,10:48:09,11.16,-0.01,30,33480,卖盘
2288,10:48:06,11.17,0.01,26,29042,买盘
2289,10:48:03,11.16,-0.01,13,14508,卖盘
2290,10:47:57,11.17,--,93,103881,卖盘
2291,10:47:51,11.17,-0.01,12,13404,卖盘
2292,10:47:48,11.18,0.01,1,1118,买盘
2293,10:47:42,11.17,--,100,111700,卖盘
2294,10:47:39,11.17,-0.01,20,22340,卖盘
2295,10:47:33,11.18,0.01,19,21242,买盘
2296,10:47:30,11.17,-0.01,185,206645,卖盘
2297,10:47:24,11.18,0.01,15,16770,买盘
2298,10:47:21,11.17,-0.01,103,115051,卖盘
2299,10:47:18,11.18,--,25,27950,买盘
2300,10:47:06,11.18,0.01,13,14534,买盘
2301,10:47:03,11.17,-0.01,13,14521,卖盘
2302,10:47:00,11.18,--,92,102856,买盘
2303,10:46:57,11.18,0.01,14,15652,买盘
2304,10:46:54,11.17,-0.01,21,23457,卖盘
2305,10:46:51,11.18,--,63,70434,买盘
2306,10:46:48,11.18,--,1,1118,买盘
2307,10:46:45,11.18,0.01,3,3354,买盘
2308,10:46:42,11.17,-0.01,9,10053,卖盘
2309,10:46:39,11.18,0.01,3,3354,买盘
2310,10:46:36,11.17,--,21,23457,卖盘
2311,10:46:33,11.17,-0.01,23,25691,卖盘
2312,10:46:24,11.18,--,2,2236,买盘
2313,10:46:21,11.18,--,5,5590,买盘
2314,10:46:12,11.18,--,5,5590,买盘
2315,10:46:09,11.18,--,1,1118,买盘
2316,10:46:06,11.18,0.01,31,34658,买盘
2317,10:46:03,11.17,-0.01,31,34627,卖盘
2318,10:46:00,11.18,--,4,4472,买盘
2319,10:45:57,11.18,0.01,20,22360,买盘
2320,10:45:54,11.17,-0.01,23,25691,卖盘
2321,10:45:51,11.18,--,8,8944,买盘
2322,10:45:48,11.18,--,12,13416,买盘
2323,10:45:45,11.18,--,8,8944,买盘
2324,10:45:42,11.18,--,5,5590,买盘
2325,10:45:39,11.18,--,40,44720,买盘
2326,10:45:36,11.18,0.01,16,17888,买盘
2327,10:45:33,11.17,-0.01,78,87126,卖盘
2328,10:45:30,11.18,0.01,31,34658,买盘
2329,10:45:24,11.17,-0.01,15,16755,卖盘
2330,10:45:21,11.18,--,72,80496,买盘
2331,10:45:18,11.18,--,11,12298,买盘
2332,10:45:15,11.18,--,4,4472,买盘
2333,10:45:12,11.18,--,34,38012,买盘
2334,10:45:09,11.18,--,105,117390,买盘
2335,10:45:06,11.18,0.01,5,5590,买盘
2336,10:45:03,11.17,-0.01,23,25691,卖盘
2337,10:45:00,11.18,--,2,2236,买盘
2338,10:44:57,11.18,--,10,11180,买盘
2339,10:44:54,11.18,0.01,2,2236,买盘
2340,10:44:48,11.17,-0.01,1,1117,卖盘
2341,10:44:45,11.18,0.01,46,51428,买盘
2342,10:44:33,11.17,-0.01,13,14521,卖盘
2343,10:44:30,11.18,0.01,12,13416,买盘
2344,10:44:24,11.17,-0.01,758,846686,卖盘
2345,10:44:12,11.18,0.01,45,50310,买盘
2346,10:44:03,11.17,--,13,14521,卖盘
2347,10:44:00,11.17,-0.01,134,149678,卖盘
2348,10:43:57,11.18,0.01,8,8944,买盘
2349,10:43:54,11.17,-0.01,15,16755,卖盘
2350,10:43:51,11.18,--,10,11180,买盘
2351,10:43:42,11.18,0.01,4,4472,买盘
2352,10:43:39,11.17,--,5,5585,卖盘
2353,10:43:33,11.17,--,13,14521,卖盘
2354,10:43:27,11.17,--,11,12287,卖盘
2355,10:43:24,11.17,0.01,42,46914,买盘
2356,10:43:21,11.16,-0.01,1,1116,卖盘
2357,10:43:18,11.17,--,54,60318,买盘
2358,10:43:15,11.17,--,5,5585,买盘
2359,10:43:12,11.17,--,3,3351,买盘
2360,10:43:09,11.17,--,218,243506,买盘
2361,10:43:06,11.17,0.01,22,24574,买盘
2362,10:43:03,11.16,--,15,16740,卖盘
2363,10:43:00,11.16,-0.01,31,34596,卖盘
2364,10:42:57,11.17,--,41,45797,买盘
2365,10:42:51,11.17,0.01,6,6702,买盘
2366,10:42:48,11.16,-0.01,11,12276,卖盘
2367,10:42:45,11.17,--,21,23457,买盘
2368,10:42:42,11.17,--,79,88243,买盘
2369,10:42:39,11.17,--,47,52499,买盘
2370,10:42:36,11.17,0.01,110,122870,买盘
2371,10:42:33,11.16,-0.01,13,14508,卖盘
2372,10:42:30,11.17,--,9,10053,买盘
2373,10:42:27,11.17,0.01,22,24574,买盘
2374,10:42:24,11.16,-0.01,5,5580,卖盘
2375,10:42:21,11.17,--,5,5585,买盘
2376,10:42:18,11.17,--,4,4468,买盘
2377,10:42:15,11.17,--,30,33510,买盘
2378,10:42:12,11.17,--,40,44680,买盘
2379,10:42:09,11.17,0.01,29,32393,买盘
2380,10:42:06,11.16,--,11,12276,卖盘
2381,10:42:03,11.16,-0.01,415,463140,卖盘
2382,10:42:00,11.17,--,22,24574,买盘
2383,10:41:57,11.17,--,96,107232,买盘
2384,10:41:54,11.17,--,128,142976,买盘
2385,10:41:51,11.17,--,2,2234,买盘
2386,10:41:48,11.17,--,14,15638,买盘
2387,10:41:45,11.17,--,2,2234,买盘
2388,10:41:42,11.17,0.01,185,206645,买盘
2389,10:41:39,11.16,-0.01,55,61380,卖盘
2390,10:41:36,11.17,--,21,23457,买盘
2391,10:41:33,11.17,--,23,25691,买盘
2392,10:41:30,11.17,--,51,56967,买盘
2393,10:41:27,11.17,--,3,3351,买盘
2394,10:41:24,11.17,--,5,5585,买盘
2395,10:41:21,11.17,--,13,14521,买盘
2396,10:41:18,11.17,--,41,45797,买盘
2397,10:41:15,11.17,--,3,3351,买盘
2398,10:41:12,11.17,--,2,2234,买盘
2399,10:41:09,11.17,0.01,2,2234,买盘
2400,10:41:06,11.16,--,10,11160,卖盘
2401,10:41:03,11.16,--,23,25668,卖盘
2402,10:41:00,11.16,-0.01,4,4464,卖盘
2403,10:40:57,11.17,--,36,40212,买盘
2404,10:40:54,11.17,--,8,8936,买盘
2405,10:40:48,11.17,--,42,46914,卖盘
2406,10:40:45,11.17,0.01,2,2234,中性盘
2407,10:40:42,11.16,-0.02,9,10044,卖盘
2408,10:40:36,11.18,--,80,89440,买盘
2409,10:40:33,11.18,--,23,25714,买盘
2410,10:40:27,11.18,0.02,10,11180,买盘
2411,10:40:24,11.16,-0.02,1300,1450800,卖盘
2412,10:40:21,11.18,0.01,5,5590,买盘
2413,10:40:18,11.17,--,25,27925,卖盘
2414,10:40:15,11.17,-0.01,36,40212,卖盘
2415,10:40:09,11.18,--,7,7826,买盘
2416,10:40:03,11.18,--,125,139750,买盘
2417,10:40:00,11.18,0.01,9,10062,买盘
2418,10:39:57,11.17,-0.01,2,2234,卖盘
2419,10:39:54,11.18,0.01,6,6708,买盘
2420,10:39:51,11.17,-0.01,82,91594,卖盘
2421,10:39:48,11.18,--,154,172172,买盘
2422,10:39:45,11.18,0.01,31,34658,买盘
2423,10:39:42,11.17,-0.01,10,11170,卖盘
2424,10:39:36,11.18,--,25,27950,买盘
2425,10:39:33,11.18,--,121,135278,买盘
2426,10:39:30,11.18,--,9,10062,买盘
2427,10:39:27,11.18,0.01,53,59254,买盘
2428,10:39:24,11.17,-0.01,10,11170,卖盘
2429,10:39:21,11.18,--,42,46956,买盘
2430,10:39:18,11.18,--,34,38012,买盘
2431,10:39:15,11.18,--,2,2236,买盘
2432,10:39:12,11.18,0.01,5,5590,买盘
2433,10:39:09,11.17,--,25,27925,卖盘
2434,10:39:06,11.17,--,799,892483,卖盘
2435,10:39:03,11.17,--,201,224517,卖盘
2436,10:39:00,11.17,-0.01,16,17872,卖盘
2437,10:38:57,11.18,--,26,29068,买盘
2438,10:38:54,11.18,--,20,22360,买盘
2439,10:38:51,11.18,--,19,21242,买盘
2440,10:38:45,11.18,--,2,2236,买盘
2441,10:38:42,11.18,0.01,44,49192,买盘
2442,10:38:36,11.17,--,11,12287,卖盘
2443,10:38:33,11.17,--,23,25691,卖盘
2444,10:38:30,11.17,-0.01,185,206645,卖盘
2445,10:38:27,11.18,--,90,100620,买盘
2446,10:38:24,11.18,0.01,3,3354,买盘
2447,10:38:21,11.17,--,200,223400,卖盘
2448,10:38:18,11.17,-0.01,2,2234,卖盘
2449,10:38:15,11.18,0.01,243,271674,买盘
2450,10:38:12,11.17,-0.01,20,22340,卖盘
2451,10:38:09,11.18,0.01,4,4472,买盘
2452,10:38:06,11.17,--,1,1117,卖盘
2453,10:38:03,11.17,--,14,15638,卖盘
2454,10:38:00,11.17,-0.01,197,220049,卖盘
2455,10:37:54,11.18,--,476,532168,买盘
2456,10:37:51,11.18,--,15,16770,买盘
2457,10:37:48,11.18,0.01,2,2236,买盘
2458,10:37:45,11.17,--,216,241272,卖盘
2459,10:37:42,11.17,-0.01,70,78190,卖盘
2460,10:37:39,11.18,--,36,40248,买盘
2461,10:37:36,11.18,0.01,21,23478,买盘
2462,10:37:33,11.17,-0.01,13,14521,卖盘
2463,10:37:30,11.18,--,859,960362,卖盘
2464,10:37:27,11.18,-0.01,230,257140,卖盘
2465,10:37:18,11.19,--,1,1119,买盘
2466,10:37:15,11.19,--,11,12309,买盘
2467,10:37:12,11.19,0.01,4,4476,买盘
2468,10:37:03,11.18,-0.01,34,38012,卖盘
2469,10:37:00,11.19,--,130,145470,买盘
2470,10:36:57,11.19,--,19,21261,买盘
2471,10:36:54,11.19,--,1,1119,买盘
2472,10:36:51,11.19,0.01,5,5595,买盘
2473,10:36:48,11.18,--,36,40248,卖盘
2474,10:36:45,11.18,--,193,215774,卖盘
2475,10:36:36,11.18,--,2,2236,卖盘
2476,10:36:33,11.18,--,13,14534,卖盘
2477,10:36:30,11.18,-0.01,194,216892,卖盘
2478,10:36:21,11.19,--,107,119733,买盘
2479,10:36:18,11.19,0.01,5,5595,买盘
2480,10:36:15,11.18,-0.01,196,219128,卖盘
2481,10:36:12,11.19,-0.01,194,217309,卖盘
2482,10:36:09,11.2,--,1,1120,买盘
2483,10:36:06,11.2,0.01,11,12320,买盘
2484,10:36:03,11.19,-0.01,13,14547,卖盘
2485,10:35:57,11.2,--,28,31359,买盘
2486,10:35:51,11.2,--,1,1120,买盘
2487,10:35:45,11.2,--,3,3360,买盘
2488,10:35:42,11.2,0.01,23,25760,买盘
2489,10:35:39,11.19,--,2,2238,卖盘
2490,10:35:36,11.19,-0.01,10,11190,卖盘
2491,10:35:33,11.2,0.01,30,33600,买盘
2492,10:35:27,11.19,-0.01,8,8952,卖盘
2493,10:35:24,11.2,--,48,53760,买盘
2494,10:35:21,11.2,--,5,5600,买盘
2495,10:35:18,11.2,0.01,63,70560,买盘
2496,10:35:15,11.19,-0.01,376,420744,卖盘
2497,10:35:12,11.2,--,35,39200,买盘
2498,10:35:09,11.2,0.01,2,2240,买盘
2499,10:35:06,11.19,-0.01,15,16785,卖盘
2500,10:35:03,11.2,--,22,24640,买盘
2501,10:35:00,11.2,--,46,51520,买盘
2502,10:34:57,11.2,0.01,19,21280,买盘
2503,10:34:54,11.19,-0.01,298,333462,卖盘
2504,10:34:45,11.2,--,4,4480,买盘
2505,10:34:42,11.2,--,32,35840,买盘
2506,10:34:39,11.2,0.01,8,8960,买盘
2507,10:34:33,11.19,--,20,22380,卖盘
2508,10:34:30,11.19,-0.01,5,5595,卖盘
2509,10:34:24,11.2,--,51,57120,买盘
2510,10:34:15,11.2,0.01,90,100800,买盘
2511,10:34:09,11.19,-0.01,21,23499,卖盘
2512,10:34:06,11.2,0.01,6,6720,买盘
2513,10:34:03,11.19,-0.01,13,14547,卖盘
2514,10:34:00,11.2,--,1,1120,买盘
2515,10:33:57,11.2,0.01,1,1120,买盘
2516,10:33:51,11.19,-0.01,1,1119,卖盘
2517,10:33:48,11.2,--,3,3360,买盘
2518,10:33:42,11.2,--,11,12320,买盘
2519,10:33:39,11.2,--,115,128799,买盘
2520,10:33:36,11.2,0.01,26,29119,买盘
2521,10:33:33,11.19,--,44,49236,卖盘
2522,10:33:24,11.19,-0.01,4,4476,卖盘
2523,10:33:21,11.2,0.01,23,25760,买盘
2524,10:33:18,11.19,-0.01,4,4476,卖盘
2525,10:33:15,11.2,0.01,1,1120,买盘
2526,10:33:06,11.19,--,83,93772,买盘
2527,10:33:03,11.19,--,75,83925,买盘
2528,10:33:00,11.19,--,21,23499,买盘
2529,10:32:57,11.19,0.01,6,6714,买盘
2530,10:32:54,11.18,-0.01,204,228072,卖盘
2531,10:32:51,11.19,--,323,361437,买盘
2532,10:32:48,11.19,--,9,10071,买盘
2533,10:32:45,11.19,--,732,819108,买盘
2534,10:32:39,11.19,0.01,8,8952,买盘
2535,10:32:33,11.18,-0.01,14,15652,卖盘
2536,10:32:30,11.19,--,30,33570,买盘
2537,10:32:27,11.19,--,45,50355,买盘
2538,10:32:21,11.19,0.01,2,2238,买盘
2539,10:32:15,11.18,-0.01,31,34658,卖盘
2540,10:32:09,11.19,--,48,53712,买盘
2541,10:32:03,11.19,--,227,254013,买盘
2542,10:31:54,11.19,--,9,10071,买盘
2543,10:31:51,11.19,0.01,318,355842,买盘
2544,10:31:48,11.18,-0.01,11,12298,卖盘
2545,10:31:45,11.19,--,23,25737,买盘
2546,10:31:42,11.19,--,10,11190,买盘
2547,10:31:39,11.19,--,2,2238,买盘
2548,10:31:33,11.19,0.01,63,70497,买盘
2549,10:31:30,11.18,-0.01,1,1118,卖盘
2550,10:31:27,11.19,--,268,299892,买盘
2551,10:31:24,11.19,--,10,11190,买盘
2552,10:31:18,11.19,0.01,3,3357,买盘
2553,10:31:15,11.18,--,34,38012,卖盘
2554,10:31:09,11.18,--,1,1118,卖盘
2555,10:31:06,11.18,--,2,2236,卖盘
2556,10:31:03,11.18,--,14,15652,卖盘
2557,10:31:00,11.18,-0.01,187,209066,卖盘
2558,10:30:57,11.19,--,36,40284,买盘
2559,10:30:54,11.19,0.01,5,5595,买盘
2560,10:30:48,11.18,--,35,39130,卖盘
2561,10:30:45,11.18,-0.01,2,2236,卖盘
2562,10:30:42,11.19,0.01,31,34689,买盘
2563,10:30:39,11.18,--,86,96148,卖盘
2564,10:30:33,11.18,--,33,36894,卖盘
2565,10:30:30,11.18,--,187,209066,卖盘
2566,10:30:27,11.18,--,16,17888,卖盘
2567,10:30:15,11.18,--,83,92794,卖盘
2568,10:30:12,11.18,-0.01,4,4472,卖盘
2569,10:30:09,11.19,--,45,50355,买盘
2570,10:30:06,11.19,0.01,10,11190,买盘
2571,10:30:03,11.18,--,13,14534,卖盘
2572,10:30:00,11.18,--,188,210184,卖盘
2573,10:29:54,11.18,-0.01,150,167700,卖盘
2574,10:29:51,11.19,0.01,2,2238,买盘
2575,10:29:48,11.18,-0.01,109,121862,卖盘
2576,10:29:45,11.19,--,4,4476,买盘
2577,10:29:42,11.19,0.01,50,55950,买盘
2578,10:29:39,11.18,--,10,11180,卖盘
2579,10:29:33,11.18,-0.01,13,14534,卖盘
2580,10:29:30,11.19,0.01,1,1119,买盘
2581,10:29:24,11.18,-0.01,22,24596,卖盘
2582,10:29:21,11.19,--,2,2238,买盘
2583,10:29:18,11.19,0.01,210,234990,买盘
2584,10:29:15,11.18,--,414,462852,卖盘
2585,10:29:12,11.18,--,3,3354,卖盘
2586,10:29:09,11.18,-0.01,154,172172,卖盘
2587,10:29:06,11.19,0.01,171,191349,买盘
2588,10:29:03,11.18,-0.01,13,14534,卖盘
2589,10:29:00,11.19,--,50,55950,买盘
2590,10:28:54,11.19,0.01,206,230514,买盘
2591,10:28:48,11.18,0.01,30,33540,买盘
2592,10:28:45,11.17,--,137,153029,卖盘
2593,10:28:42,11.17,-0.01,43,48031,卖盘
2594,10:28:39,11.18,--,33,36894,卖盘
2595,10:28:36,11.18,--,277,309686,买盘
2596,10:28:33,11.18,-0.01,88,98384,买盘
2597,10:28:30,11.19,0.01,54,60426,买盘
2598,10:28:27,11.18,-0.01,260,290680,卖盘
2599,10:28:24,11.19,--,7,7833,买盘
2600,10:28:21,11.19,0.01,32,35808,买盘
2601,10:28:18,11.18,--,172,192296,买盘
2602,10:28:15,11.18,--,26,29068,买盘
2603,10:28:12,11.18,--,349,390182,买盘
2604,10:28:09,11.18,--,30,33540,买盘
2605,10:28:06,11.18,0.01,221,247078,买盘
2606,10:28:03,11.17,-0.01,63,70371,卖盘
2607,10:28:00,11.18,--,117,130806,买盘
2608,10:27:57,11.18,--,11,12298,买盘
2609,10:27:54,11.18,--,141,157638,买盘
2610,10:27:51,11.18,--,35,39130,买盘
2611,10:27:48,11.18,--,11,12298,买盘
2612,10:27:45,11.18,--,33,36916,买盘
2613,10:27:42,11.18,--,20,22360,买盘
2614,10:27:39,11.18,--,15,16770,买盘
2615,10:27:36,11.18,0.01,85,95030,买盘
2616,10:27:33,11.17,--,15,16755,卖盘
2617,10:27:27,11.17,-0.01,89,99413,卖盘
2618,10:27:24,11.18,--,14,15652,买盘
2619,10:27:21,11.18,--,505,564590,买盘
2620,10:27:18,11.18,--,16,17888,买盘
2621,10:27:15,11.18,--,123,137514,买盘
2622,10:27:06,11.18,--,2,2236,买盘
2623,10:27:03,11.18,--,31,34658,买盘
2624,10:27:00,11.18,--,21,23478,买盘
2625,10:26:57,11.18,0.01,127,141986,买盘
2626,10:26:54,11.17,-0.01,41,45797,卖盘
2627,10:26:48,11.18,--,48,53664,买盘
2628,10:26:45,11.18,--,5,5590,买盘
2629,10:26:42,11.18,--,21,23478,买盘
2630,10:26:39,11.18,--,17,19006,买盘
2631,10:26:33,11.18,-0.01,197,220246,卖盘
2632,10:26:30,11.19,0.01,4,4476,买盘
2633,10:26:24,11.18,-0.01,200,223600,卖盘
2634,10:26:15,11.19,0.01,36,40284,买盘
2635,10:26:12,11.18,-0.01,50,55900,卖盘
2636,10:26:09,11.19,--,43,48117,买盘
2637,10:26:06,11.19,0.01,19,21261,买盘
2638,10:26:03,11.18,-0.01,13,14534,卖盘
2639,10:26:00,11.19,0.01,21,23499,买盘
2640,10:25:57,11.18,--,5,5590,卖盘
2641,10:25:54,11.18,0.01,4,4472,卖盘
2642,10:25:51,11.17,-0.02,2569,2870656,卖盘
2643,10:25:45,11.19,0.01,12,13428,买盘
2644,10:25:39,11.18,-0.01,9,10062,卖盘
2645,10:25:36,11.19,0.01,26,29094,买盘
2646,10:25:33,11.18,-0.01,13,14534,卖盘
2647,10:25:27,11.19,--,27,30213,买盘
2648,10:25:24,11.19,0.01,81,90639,买盘
2649,10:25:21,11.18,--,125,139750,卖盘
2650,10:25:18,11.18,-0.01,52,58136,卖盘
2651,10:25:15,11.19,--,759,849321,买盘
2652,10:25:12,11.19,--,11,12309,买盘
2653,10:25:09,11.19,--,10,11190,买盘
2654,10:25:06,11.19,--,15,16785,买盘
2655,10:25:03,11.19,0.01,33,36927,买盘
2656,10:24:54,11.18,--,56,62608,卖盘
2657,10:24:48,11.18,-0.01,80,89440,卖盘
2658,10:24:42,11.19,0.01,20,22380,买盘
2659,10:24:39,11.18,--,50,55900,卖盘
2660,10:24:36,11.18,--,61,68198,卖盘
2661,10:24:33,11.18,-0.01,23,25714,卖盘
2662,10:24:30,11.19,0.01,1,1119,买盘
2663,10:24:27,11.18,-0.01,131,146458,卖盘
2664,10:24:24,11.19,--,4,4476,买盘
2665,10:24:21,11.19,--,55,61545,买盘
2666,10:24:18,11.19,0.01,14,15666,买盘
2667,10:24:15,11.18,-0.01,1,1118,卖盘
2668,10:24:12,11.19,0.01,28,31332,买盘
2669,10:24:09,11.18,--,50,55900,卖盘
2670,10:24:06,11.18,-0.01,95,106210,卖盘
2671,10:24:03,11.19,0.01,14,15666,买盘
2672,10:23:57,11.18,-0.01,27,30186,卖盘
2673,10:23:54,11.19,0.01,1,1119,买盘
2674,10:23:51,11.18,--,583,651794,卖盘
2675,10:23:45,11.18,-0.01,6,6708,卖盘
2676,10:23:42,11.19,--,206,230514,买盘
2677,10:23:36,11.19,--,1,1119,买盘
2678,10:23:33,11.19,--,102,114138,买盘
2679,10:23:30,11.19,--,15,16785,买盘
2680,10:23:27,11.19,-0.01,377,421863,卖盘
2681,10:23:24,11.2,--,1,1120,买盘
2682,10:23:18,11.2,0.01,3,3360,买盘
2683,10:23:15,11.19,--,2,2238,卖盘
2684,10:23:12,11.19,-0.01,83,92877,卖盘
2685,10:23:09,11.2,--,10,11200,买盘
2686,10:23:06,11.2,0.01,1,1120,买盘
2687,10:23:03,11.19,-0.01,73,81687,卖盘
2688,10:23:00,11.2,0.02,9,10080,买盘
2689,10:22:57,11.18,-0.01,200,223600,卖盘
2690,10:22:54,11.19,-0.01,45,50355,卖盘
2691,10:22:48,11.2,0.01,501,561120,买盘
2692,10:22:39,11.19,--,113,126447,卖盘
2693,10:22:36,11.19,0.01,186,208134,买盘
2694,10:22:33,11.18,-0.01,83,92794,卖盘
2695,10:22:30,11.19,--,13,14547,买盘
2696,10:22:27,11.19,--,1,1119,买盘
2697,10:22:24,11.19,0.01,30,33570,买盘
2698,10:22:18,11.18,--,84,93912,卖盘
2699,10:22:15,11.18,--,60,67080,卖盘
2700,10:22:12,11.18,-0.01,318,355524,卖盘
2701,10:22:06,11.19,0.01,41,45879,买盘
2702,10:22:03,11.18,--,16,17888,卖盘
2703,10:22:00,11.18,-0.01,209,233662,卖盘
2704,10:21:57,11.19,0.01,3,3357,买盘
2705,10:21:54,11.18,0.01,30,33540,中性盘
2706,10:21:48,11.17,--,44,49148,卖盘
2707,10:21:45,11.17,-0.02,108,120636,卖盘
2708,10:21:42,11.19,0.01,535,598665,买盘
2709,10:21:39,11.18,--,224,250432,买盘
2710,10:21:36,11.18,0.01,7,7826,买盘
2711,10:21:33,11.17,-0.01,13,14521,卖盘
2712,10:21:27,11.18,--,9,10062,买盘
2713,10:21:24,11.18,--,525,586950,买盘
2714,10:21:21,11.18,--,5,5590,买盘
2715,10:21:15,11.18,--,11,12298,买盘
2716,10:21:12,11.18,--,61,68198,买盘
2717,10:21:09,11.18,0.01,53,59254,买盘
2718,10:21:03,11.17,-0.01,170,189890,卖盘
2719,10:21:00,11.18,--,2,2236,买盘
2720,10:20:57,11.18,--,4,4472,买盘
2721,10:20:54,11.18,--,2,2236,买盘
2722,10:20:51,11.18,--,37,41366,买盘
2723,10:20:48,11.18,0.01,70,78260,买盘
2724,10:20:45,11.17,-0.01,129,144093,卖盘
2725,10:20:42,11.18,--,7,7826,买盘
2726,10:20:36,11.18,--,45,50310,买盘
2727,10:20:33,11.18,0.02,18,20124,买盘
2728,10:20:30,11.16,-0.01,20,22320,卖盘
2729,10:20:27,11.17,-0.01,60,67020,卖盘
2730,10:20:24,11.18,--,19,21242,买盘
2731,10:20:21,11.18,--,148,165464,买盘
2732,10:20:15,11.18,0.02,7,7826,买盘
2733,10:20:12,11.16,-0.02,3010,3359160,卖盘
2734,10:20:09,11.18,0.01,13,14534,买盘
2735,10:20:06,11.17,--,61,68137,卖盘
2736,10:20:03,11.17,--,119,132923,卖盘
2737,10:20:00,11.17,-0.01,2,2234,卖盘
2738,10:19:57,11.18,--,27,30186,买盘
2739,10:19:54,11.18,--,10,11180,买盘
2740,10:19:51,11.18,--,1,1118,买盘
2741,10:19:45,11.18,--,141,157638,买盘
2742,10:19:42,11.18,--,304,339872,买盘
2743,10:19:39,11.18,--,32,35776,买盘
2744,10:19:36,11.18,0.01,419,468442,买盘
2745,10:19:33,11.17,--,35,39095,卖盘
2746,10:19:30,11.17,-0.01,2,2234,卖盘
2747,10:19:27,11.18,--,46,51428,买盘
2748,10:19:24,11.18,0.01,500,559000,买盘
2749,10:19:21,11.17,-0.01,115,128455,卖盘
2750,10:19:18,11.18,--,100,111800,买盘
2751,10:19:15,11.18,--,3,3354,买盘
2752,10:19:12,11.18,-0.01,838,936884,卖盘
2753,10:19:09,11.19,--,58,64902,买盘
2754,10:19:03,11.19,--,31,34689,买盘
2755,10:19:00,11.19,--,10,11190,买盘
2756,10:18:57,11.19,--,10,11190,买盘
2757,10:18:54,11.19,--,9,10071,买盘
2758,10:18:51,11.19,--,18,20142,买盘
2759,10:18:48,11.19,--,1,1119,买盘
2760,10:18:42,11.19,0.03,1,1119,买盘
2761,10:18:39,11.16,-0.02,3865,4313340,卖盘
2762,10:18:36,11.18,--,11,12298,买盘
2763,10:18:33,11.18,-0.01,7,7826,中性盘
2764,10:18:27,11.19,0.02,2,2238,买盘
2765,10:18:24,11.17,-0.03,3,3965,卖盘
2766,10:18:21,11.2,0.03,1,1120,买盘
2767,10:18:18,11.17,-0.02,3000,3351000,卖盘
2768,10:18:15,11.19,--,102,114138,卖盘
2769,10:18:12,11.19,-0.01,21,23499,卖盘
2770,10:18:06,11.2,0.01,55,61599,买盘
2771,10:18:03,11.19,--,213,238347,卖盘
2772,10:18:00,11.19,-0.01,95,106305,卖盘
2773,10:17:57,11.2,0.01,442,495935,买盘
2774,10:17:51,11.19,--,8,8952,卖盘
2775,10:17:45,11.19,--,197,220443,卖盘
2776,10:17:42,11.19,-0.01,269,301011,卖盘
2777,10:17:33,11.2,0.01,17,19040,买盘
2778,10:17:30,11.19,--,202,226038,卖盘
2779,10:17:27,11.19,-0.01,25,27975,卖盘
2780,10:17:24,11.2,--,5,5600,买盘
2781,10:17:21,11.2,--,9,10080,买盘
2782,10:17:18,11.2,--,182,203873,卖盘
2783,10:17:15,11.2,--,6,6720,卖盘
2784,10:17:12,11.2,--,1200,1344000,卖盘
2785,10:17:09,11.2,-0.01,39,43680,卖盘
2786,10:17:06,11.21,--,102,114342,买盘
2787,10:17:03,11.21,--,56,62776,买盘
2788,10:17:00,11.21,-0.01,1878,2105238,卖盘
2789,10:16:57,11.22,--,27,30294,买盘
2790,10:16:51,11.22,0.01,36,40392,买盘
2791,10:16:48,11.21,-0.01,10,11210,卖盘
2792,10:16:45,11.22,0.01,30,33660,买盘
2793,10:16:42,11.21,-0.01,106,118826,卖盘
2794,10:16:39,11.22,--,5,5610,买盘
2795,10:16:36,11.22,0.01,8,8976,买盘
2796,10:16:33,11.21,--,22,24662,卖盘
2797,10:16:30,11.21,-0.01,5,5605,卖盘
2798,10:16:27,11.22,--,59,66198,买盘
2799,10:16:24,11.22,--,110,123420,买盘
2800,10:16:18,11.22,--,43,48246,买盘
2801,10:16:15,11.22,0.01,5,5610,买盘
2802,10:16:12,11.21,--,102,114342,卖盘
2803,10:16:09,11.21,--,15,16815,卖盘
2804,10:16:03,11.21,0.01,409,458489,买盘
2805,10:16:00,11.2,-0.01,5,5600,卖盘
2806,10:15:57,11.21,--,5,5605,买盘
2807,10:15:54,11.21,--,110,123310,买盘
2808,10:15:51,11.21,0.01,52,58292,买盘
2809,10:15:48,11.2,-0.01,7,7839,卖盘
2810,10:15:45,11.21,--,7,7847,买盘
2811,10:15:42,11.21,0.01,1,1121,买盘
2812,10:15:39,11.2,--,1,1120,卖盘
2813,10:15:36,11.2,--,1,1120,卖盘
2814,10:15:33,11.2,-0.01,44,49280,卖盘
2815,10:15:30,11.21,0.01,152,170392,买盘
2816,10:15:27,11.2,-0.01,29,32479,卖盘
2817,10:15:24,11.21,--,28,31388,买盘
2818,10:15:21,11.21,--,136,152456,买盘
2819,10:15:18,11.21,--,29,32509,买盘
2820,10:15:09,11.21,--,119,133399,买盘
2821,10:15:06,11.21,0.01,16,17936,买盘
