,time,price,change,volume,amount,type
0,15:00:03,7.6,--,2417,1836920,卖盘
1,14:57:00,7.6,--,20,15200,卖盘
2,14:56:57,7.6,--,10,7600,卖盘
3,14:56:54,7.6,--,158,120080,买盘
4,14:56:51,7.6,--,117,88920,买盘
5,14:56:48,7.6,0.01,305,231800,买盘
6,14:56:45,7.59,-0.01,115,87285,卖盘
7,14:56:42,7.6,--,298,226480,买盘
8,14:56:39,7.6,--,172,130720,买盘
9,14:56:33,7.6,--,31,23560,买盘
10,14:56:30,7.6,--,18,13680,买盘
11,14:56:27,7.6,-0.01,77,58520,卖盘
12,14:56:24,7.61,--,33,25113,买盘
13,14:56:21,7.61,0.01,39,29679,买盘
14,14:56:18,7.6,--,11,8360,买盘
15,14:56:15,7.6,--,18,13680,买盘
16,14:56:12,7.6,--,58,44080,卖盘
17,14:56:09,7.6,--,130,98800,卖盘
18,14:56:06,7.6,--,4800,3648000,卖盘
19,14:56:03,7.6,-0.01,12,9120,卖盘
20,14:56:00,7.61,0.01,38,28918,买盘
21,14:55:57,7.6,-0.01,10,7600,卖盘
22,14:55:51,7.61,--,2,1522,买盘
23,14:55:48,7.61,0.01,42,31962,买盘
24,14:55:45,7.6,--,173,131480,卖盘
25,14:55:42,7.6,--,13,9880,卖盘
26,14:55:39,7.6,--,68,51680,卖盘
27,14:55:36,7.6,--,612,465120,买盘
28,14:55:33,7.6,--,367,278920,买盘
29,14:55:30,7.6,--,68,51680,买盘
30,14:55:21,7.6,--,97,73720,买盘
31,14:55:18,7.6,--,56,42560,买盘
32,14:55:15,7.6,--,138,104880,买盘
33,14:55:12,7.6,0.01,40,30400,买盘
34,14:55:09,7.59,--,2,1518,卖盘
35,14:55:06,7.59,-0.01,28,21252,卖盘
36,14:55:03,7.6,--,20,15200,买盘
37,14:55:00,7.6,--,84,63840,买盘
38,14:54:57,7.6,--,15,11400,买盘
39,14:54:54,7.6,--,25,19000,买盘
40,14:54:51,7.6,--,267,202920,买盘
41,14:54:48,7.6,--,8,6080,买盘
42,14:54:45,7.6,0.01,2,1520,买盘
43,14:54:42,7.59,-0.01,17,12903,卖盘
44,14:54:39,7.6,--,16,12160,买盘
45,14:54:36,7.6,--,684,519840,买盘
46,14:54:33,7.6,0.01,138,104880,买盘
47,14:54:30,7.59,-0.01,6,4554,卖盘
48,14:54:27,7.6,--,25,19000,买盘
49,14:54:24,7.6,--,1,760,买盘
50,14:54:21,7.6,--,231,175560,买盘
51,14:54:18,7.6,--,79,60040,买盘
52,14:54:15,7.6,--,35,26600,买盘
53,14:54:12,7.6,--,10,7600,买盘
54,14:54:09,7.6,--,13,9880,买盘
55,14:54:06,7.6,-0.01,371,281960,卖盘
56,14:54:03,7.61,0.01,10,7610,买盘
57,14:54:00,7.6,--,10,7600,卖盘
58,14:53:57,7.6,-0.01,107,81320,卖盘
59,14:53:54,7.61,--,223,169703,买盘
60,14:53:51,7.61,--,203,154483,买盘
61,14:53:48,7.61,--,31,23591,买盘
62,14:53:42,7.61,0.01,18,13698,买盘
63,14:53:39,7.6,--,18,13680,卖盘
64,14:53:36,7.6,-0.01,77,58520,卖盘
65,14:53:33,7.61,0.01,117,89037,买盘
66,14:53:30,7.6,--,12,9120,卖盘
67,14:53:27,7.6,--,18,13680,卖盘
68,14:53:24,7.6,-0.01,233,177080,卖盘
69,14:53:21,7.61,--,39,29679,买盘
70,14:53:18,7.61,--,45,34245,买盘
71,14:53:15,7.61,--,398,302878,买盘
72,14:53:12,7.61,0.01,158,120238,买盘
73,14:53:09,7.6,--,19,14440,卖盘
74,14:53:06,7.6,-0.01,28,21280,卖盘
75,14:53:03,7.61,--,121,92081,买盘
76,14:53:00,7.61,0.01,69,52509,买盘
77,14:52:57,7.6,--,111,84360,卖盘
78,14:52:51,7.6,--,22,16720,卖盘
79,14:52:48,7.6,-0.01,20,15200,卖盘
80,14:52:45,7.61,0.01,73,55553,买盘
81,14:52:42,7.6,-0.01,410,311600,卖盘
82,14:52:39,7.61,--,8,6088,买盘
83,14:52:36,7.61,--,281,213841,买盘
84,14:52:33,7.61,--,107,81427,买盘
85,14:52:30,7.61,0.01,10,7610,买盘
86,14:52:27,7.6,-0.01,35,26600,卖盘
87,14:52:24,7.61,--,6,4566,买盘
88,14:52:21,7.61,0.01,127,96647,买盘
89,14:52:18,7.6,-0.01,165,125400,卖盘
90,14:52:15,7.61,--,252,191772,买盘
91,14:52:12,7.61,--,7,5327,买盘
92,14:52:09,7.61,--,90,68490,买盘
93,14:52:06,7.61,0.01,85,64685,买盘
94,14:52:00,7.6,--,3,2280,卖盘
95,14:51:54,7.6,-0.01,4,3040,卖盘
96,14:51:51,7.61,0.01,11,8371,买盘
97,14:51:48,7.6,--,5,3800,卖盘
98,14:51:45,7.6,-0.01,80,60800,卖盘
99,14:51:42,7.61,--,9,6849,买盘
100,14:51:39,7.61,0.01,13,9893,买盘
101,14:51:36,7.6,-0.01,296,224960,卖盘
102,14:51:33,7.61,0.01,43,32723,买盘
103,14:51:30,7.6,-0.01,2,1520,卖盘
104,14:51:27,7.61,0.01,3,2283,买盘
105,14:51:24,7.6,--,138,104880,卖盘
106,14:51:18,7.6,-0.01,42,31920,卖盘
107,14:51:15,7.61,--,16,12176,买盘
108,14:51:12,7.61,--,8,6088,买盘
109,14:51:06,7.61,--,78,59358,买盘
110,14:51:03,7.61,--,207,157527,买盘
111,14:51:00,7.61,--,52,39572,买盘
112,14:50:57,7.61,0.01,1,761,买盘
113,14:50:54,7.6,-0.01,56,42560,卖盘
114,14:50:51,7.61,0.01,3,2283,买盘
115,14:50:45,7.6,-0.01,91,69160,卖盘
116,14:50:42,7.61,--,9,6849,买盘
117,14:50:36,7.61,0.01,48,36528,买盘
118,14:50:33,7.6,-0.01,1287,978120,卖盘
119,14:50:30,7.61,0.01,13,9893,买盘
120,14:50:27,7.6,-0.01,1137,864120,卖盘
121,14:50:24,7.61,--,7,5327,买盘
122,14:50:21,7.61,--,103,78383,买盘
123,14:50:18,7.61,--,9,6849,买盘
124,14:50:15,7.61,0.01,6,4566,买盘
125,14:50:12,7.6,--,551,418950,买盘
126,14:50:09,7.6,-0.01,945,718200,中性盘
127,14:50:06,7.61,0.01,399,303639,买盘
128,14:50:03,7.6,-0.01,1116,848160,卖盘
129,14:50:00,7.61,--,5,3805,买盘
130,14:49:57,7.61,0.01,107,81427,买盘
131,14:49:54,7.6,-0.01,6,4560,卖盘
132,14:49:51,7.61,--,333,253413,买盘
133,14:49:48,7.61,0.01,99,75339,买盘
134,14:49:42,7.6,-0.01,8,6080,卖盘
135,14:49:39,7.61,--,24,18264,买盘
136,14:49:36,7.61,--,35,26635,买盘
137,14:49:33,7.61,--,28,21308,买盘
138,14:49:30,7.61,0.01,62,47182,买盘
139,14:49:27,7.6,-0.01,40,30400,卖盘
140,14:49:24,7.61,0.01,9,6849,买盘
141,14:49:21,7.6,-0.01,150,114000,卖盘
142,14:49:18,7.61,--,11,8371,买盘
143,14:49:15,7.61,0.01,1,761,买盘
144,14:49:12,7.6,--,68,51680,卖盘
145,14:49:09,7.6,-0.01,43,32680,卖盘
146,14:49:06,7.61,--,134,101974,买盘
147,14:49:03,7.61,0.01,2,1522,买盘
148,14:49:00,7.6,--,96,72960,卖盘
149,14:48:57,7.6,-0.01,120,91200,卖盘
150,14:48:54,7.61,--,2,1522,买盘
151,14:48:51,7.61,0.01,4,3044,买盘
152,14:48:48,7.6,--,134,101840,卖盘
153,14:48:45,7.6,-0.01,101,76760,卖盘
154,14:48:42,7.61,--,126,95886,买盘
155,14:48:39,7.61,0.01,7,5327,买盘
156,14:48:36,7.6,--,100,76000,卖盘
157,14:48:33,7.6,--,16,12160,卖盘
158,14:48:30,7.6,--,474,360240,卖盘
159,14:48:27,7.6,--,996,756960,买盘
160,14:48:24,7.6,--,38,28880,买盘
161,14:48:21,7.6,0.01,30,22800,买盘
162,14:48:18,7.59,--,70,53130,卖盘
163,14:48:15,7.59,-0.01,81,61479,卖盘
164,14:48:12,7.6,0.01,12,9120,买盘
165,14:48:09,7.59,-0.01,19,14421,卖盘
166,14:48:06,7.6,0.01,30,22800,买盘
167,14:48:03,7.59,--,79,59961,卖盘
168,14:48:00,7.59,--,6,4554,卖盘
169,14:47:57,7.59,--,173,131307,卖盘
170,14:47:54,7.59,-0.01,66,50094,卖盘
171,14:47:51,7.6,0.01,46,34960,买盘
172,14:47:48,7.59,-0.01,118,89562,卖盘
173,14:47:45,7.6,--,35,26600,买盘
174,14:47:42,7.6,--,15,11400,买盘
175,14:47:39,7.6,0.01,7,5320,买盘
176,14:47:36,7.59,-0.01,95,72105,卖盘
177,14:47:33,7.6,--,14,10640,买盘
178,14:47:30,7.6,0.01,4,3040,买盘
179,14:47:27,7.59,--,11,8349,卖盘
180,14:47:24,7.59,--,77,58443,卖盘
181,14:47:18,7.59,--,101,76659,卖盘
182,14:47:15,7.59,-0.01,147,111573,卖盘
183,14:47:12,7.6,--,8,6080,买盘
184,14:47:09,7.6,--,7,5320,买盘
185,14:47:06,7.6,0.01,75,57000,买盘
186,14:47:03,7.59,-0.01,206,156354,卖盘
187,14:47:00,7.6,--,50,38000,买盘
188,14:46:57,7.6,--,1,760,买盘
189,14:46:54,7.6,-0.01,10,7600,卖盘
190,14:46:51,7.61,0.02,7,5327,买盘
191,14:46:48,7.59,-0.01,150,113850,卖盘
192,14:46:45,7.6,-0.01,2,1520,中性盘
193,14:46:42,7.61,0.02,19,14459,买盘
194,14:46:39,7.59,--,12,9108,卖盘
195,14:46:36,7.59,-0.01,55,41745,卖盘
196,14:46:33,7.6,0.01,20,15200,买盘
197,14:46:27,7.59,-0.01,2,1518,卖盘
198,14:46:24,7.6,--,21,15960,买盘
199,14:46:21,7.6,--,99,75240,卖盘
200,14:46:18,7.6,--,74,56240,卖盘
201,14:46:15,7.6,-0.01,12,9120,卖盘
202,14:46:12,7.61,0.01,52,39572,买盘
203,14:46:09,7.6,-0.01,31,23560,卖盘
204,14:46:06,7.61,0.01,35,26635,买盘
205,14:46:03,7.6,-0.01,62,47120,卖盘
206,14:46:00,7.61,--,139,105779,买盘
207,14:45:57,7.61,0.01,36,27396,买盘
208,14:45:54,7.6,-0.01,63,47880,卖盘
209,14:45:51,7.61,0.01,104,79144,买盘
210,14:45:48,7.6,-0.01,76,57760,卖盘
211,14:45:45,7.61,--,4,3044,买盘
212,14:45:42,7.61,0.01,364,277004,买盘
213,14:45:39,7.6,-0.01,10,7600,卖盘
214,14:45:36,7.61,--,124,94364,买盘
215,14:45:33,7.61,0.01,39,29679,买盘
216,14:45:30,7.6,--,204,155040,卖盘
217,14:45:24,7.6,-0.01,16,12160,卖盘
218,14:45:21,7.61,0.01,7,5327,买盘
219,14:45:18,7.6,-0.01,69,52440,卖盘
220,14:45:15,7.61,--,13,9893,买盘
221,14:45:12,7.61,--,47,35767,买盘
222,14:45:09,7.61,--,49,37289,买盘
223,14:45:06,7.61,0.01,58,44138,买盘
224,14:45:03,7.6,-0.01,19,14440,卖盘
225,14:45:00,7.61,0.01,22,16742,买盘
226,14:44:57,7.6,--,171,129960,卖盘
227,14:44:54,7.6,--,20,15200,卖盘
228,14:44:51,7.6,--,36,27360,卖盘
229,14:44:48,7.6,--,61,46360,卖盘
230,14:44:45,7.6,-0.01,5,3800,卖盘
231,14:44:42,7.61,--,43,32723,买盘
232,14:44:39,7.61,--,33,25113,买盘
233,14:44:36,7.61,0.01,99,75339,买盘
234,14:44:33,7.6,--,38,28880,卖盘
235,14:44:30,7.6,-0.01,6,4560,卖盘
236,14:44:24,7.61,0.01,13,9893,买盘
237,14:44:21,7.6,--,6,4560,卖盘
238,14:44:18,7.6,-0.01,68,51680,卖盘
239,14:44:15,7.61,--,6,4566,买盘
240,14:44:12,7.61,--,20,15220,买盘
241,14:44:09,7.61,--,31,23591,买盘
242,14:44:06,7.61,--,35,26635,买盘
243,14:44:03,7.61,0.01,22,16742,买盘
244,14:44:00,7.6,--,17,12920,买盘
245,14:43:57,7.6,-0.01,25,19000,卖盘
246,14:43:51,7.61,0.02,4,3044,买盘
247,14:43:48,7.59,-0.01,65,49335,卖盘
248,14:43:45,7.6,--,2,1520,卖盘
249,14:43:42,7.6,-0.01,9,6840,卖盘
250,14:43:39,7.61,0.01,18,13698,买盘
251,14:43:36,7.6,-0.01,32,24320,卖盘
252,14:43:33,7.61,0.01,44,33484,买盘
253,14:43:30,7.6,--,28,21280,卖盘
254,14:43:27,7.6,--,22,16720,卖盘
255,14:43:24,7.6,-0.01,46,34960,卖盘
256,14:43:21,7.61,0.01,154,117194,买盘
257,14:43:18,7.6,--,97,73720,卖盘
258,14:43:15,7.6,0.01,116,88160,买盘
259,14:43:12,7.59,-0.01,34,25806,卖盘
260,14:43:09,7.6,-0.01,45,34200,卖盘
261,14:43:06,7.61,--,44,33484,买盘
262,14:43:03,7.61,--,200,152200,买盘
263,14:43:00,7.61,--,6430,4893230,买盘
264,14:42:57,7.61,--,173,131653,买盘
265,14:42:54,7.61,--,141,107301,买盘
266,14:42:51,7.61,0.01,12,9132,买盘
267,14:42:48,7.6,-0.01,246,186960,卖盘
268,14:42:45,7.61,--,100,76100,买盘
269,14:42:42,7.61,0.01,41,31809,买盘
270,14:42:39,7.6,-0.01,173,131480,卖盘
271,14:42:36,7.61,--,371,282331,买盘
272,14:42:33,7.61,--,18,13698,买盘
273,14:42:30,7.61,0.01,20,15220,买盘
274,14:42:27,7.6,-0.01,58,44080,卖盘
275,14:42:24,7.61,--,14,10654,买盘
276,14:42:21,7.61,0.01,8,6088,买盘
277,14:42:18,7.6,--,268,203680,卖盘
278,14:42:15,7.6,-0.01,1783,1355080,卖盘
279,14:42:12,7.61,--,10,7610,买盘
280,14:42:09,7.61,--,7,5327,买盘
281,14:42:06,7.61,--,148,112628,买盘
282,14:42:03,7.61,0.01,14,10654,买盘
283,14:42:00,7.6,-0.01,200,152000,卖盘
284,14:41:57,7.61,--,1,761,买盘
285,14:41:54,7.61,--,24,18264,买盘
286,14:41:51,7.61,--,8,6088,买盘
287,14:41:48,7.61,--,138,105018,买盘
288,14:41:45,7.61,--,19,14459,买盘
289,14:41:42,7.61,-0.01,452,343972,卖盘
290,14:41:39,7.62,--,51,38862,买盘
291,14:41:36,7.62,--,36,27432,买盘
292,14:41:33,7.62,0.01,6,4572,买盘
293,14:41:30,7.61,-0.01,5,3805,卖盘
294,14:41:27,7.62,--,36,27432,买盘
295,14:41:24,7.62,--,6,4572,买盘
296,14:41:21,7.62,0.01,4,3048,买盘
297,14:41:18,7.61,-0.01,123,93603,卖盘
298,14:41:15,7.62,--,19,14478,买盘
299,14:41:12,7.62,--,41,31242,买盘
300,14:41:09,7.62,--,18,13716,买盘
301,14:41:06,7.62,--,39,29718,买盘
302,14:41:00,7.62,0.01,99,75438,买盘
303,14:40:57,7.61,-0.01,3,2283,卖盘
304,14:40:51,7.62,0.01,10,7620,买盘
305,14:40:48,7.61,-0.01,101,76861,卖盘
306,14:40:45,7.62,--,13,9906,买盘
307,14:40:42,7.62,--,5,3810,买盘
308,14:40:39,7.62,--,8,6096,买盘
309,14:40:36,7.62,--,45,34290,买盘
310,14:40:33,7.62,0.01,159,121158,买盘
311,14:40:30,7.61,-0.01,13,9893,卖盘
312,14:40:27,7.62,--,37,28194,买盘
313,14:40:24,7.62,0.01,58,44196,买盘
314,14:40:21,7.61,--,1095,833295,卖盘
315,14:40:18,7.61,-0.01,72,54792,卖盘
316,14:40:15,7.62,--,48,36576,买盘
317,14:40:12,7.62,--,46,35052,买盘
318,14:40:09,7.62,--,107,81534,买盘
319,14:40:06,7.62,0.01,41,31242,买盘
320,14:40:03,7.61,--,37,28157,卖盘
321,14:40:00,7.61,--,3,2283,卖盘
322,14:39:57,7.61,--,24,18264,卖盘
323,14:39:54,7.61,-0.01,23,17503,卖盘
324,14:39:51,7.62,0.01,17,12954,买盘
325,14:39:48,7.61,--,129,98169,卖盘
326,14:39:45,7.61,-0.01,8,6088,卖盘
327,14:39:42,7.62,--,5,3810,买盘
328,14:39:39,7.62,0.01,5,3810,买盘
329,14:39:36,7.61,-0.01,12,9132,卖盘
330,14:39:33,7.62,0.01,33,25146,买盘
331,14:39:30,7.61,-0.01,28,21308,卖盘
332,14:39:27,7.62,0.01,12,9144,买盘
333,14:39:24,7.61,--,32,24352,卖盘
334,14:39:21,7.61,0.01,11,8371,中性盘
335,14:39:18,7.6,-0.02,109,82840,卖盘
336,14:39:15,7.62,0.01,44,33528,买盘
337,14:39:12,7.61,-0.01,15,11415,卖盘
338,14:39:09,7.62,--,53,40386,买盘
339,14:39:06,7.62,0.01,18,13716,买盘
340,14:39:03,7.61,-0.01,3,2283,中性盘
341,14:39:00,7.62,0.01,40,30480,买盘
342,14:38:57,7.61,-0.01,97,73817,卖盘
343,14:38:54,7.62,--,90,68580,买盘
344,14:38:51,7.62,0.01,1002,763524,买盘
345,14:38:48,7.61,--,93,70773,卖盘
346,14:38:45,7.61,-0.01,62,47182,卖盘
347,14:38:42,7.62,--,52,39624,买盘
348,14:38:39,7.62,0.01,58,44196,买盘
349,14:38:36,7.61,-0.01,93,70773,卖盘
350,14:38:33,7.62,--,7,5334,买盘
351,14:38:30,7.62,0.01,10,7620,买盘
352,14:38:27,7.61,-0.01,13,9893,卖盘
353,14:38:24,7.62,--,124,94488,买盘
354,14:38:21,7.62,0.01,71,54102,买盘
355,14:38:18,7.61,--,73,55553,卖盘
356,14:38:15,7.61,-0.01,11,8371,卖盘
357,14:38:12,7.62,0.01,62,47244,买盘
358,14:38:09,7.61,-0.01,90,68490,卖盘
359,14:38:06,7.62,0.01,14,10668,买盘
360,14:38:03,7.61,-0.01,101,76861,卖盘
361,14:38:00,7.62,--,29,22098,买盘
362,14:37:57,7.62,--,12,9144,买盘
363,14:37:54,7.62,0.01,138,105156,买盘
364,14:37:51,7.61,--,83,63163,卖盘
365,14:37:48,7.61,--,61,46421,卖盘
366,14:37:45,7.61,-0.01,74,56314,卖盘
367,14:37:42,7.62,--,37,28194,买盘
368,14:37:39,7.62,--,3,2286,买盘
369,14:37:36,7.62,--,18,13716,买盘
370,14:37:33,7.62,0.01,5,3810,买盘
371,14:37:30,7.61,-0.01,33,25113,卖盘
372,14:37:27,7.62,--,37,28194,买盘
373,14:37:24,7.62,--,5,3810,买盘
374,14:37:21,7.62,0.01,76,57912,买盘
375,14:37:18,7.61,-0.01,77,58597,卖盘
376,14:37:15,7.62,--,38,28956,买盘
377,14:37:12,7.62,--,11,8382,买盘
378,14:37:09,7.62,--,84,64008,买盘
379,14:37:06,7.62,--,24,18288,买盘
380,14:37:03,7.62,--,77,58674,买盘
381,14:36:57,7.62,0.01,5,3810,买盘
382,14:36:54,7.61,-0.01,3,2283,卖盘
383,14:36:51,7.62,--,23,17526,买盘
384,14:36:48,7.62,--,78,59436,买盘
385,14:36:45,7.62,0.01,11,8382,买盘
386,14:36:42,7.61,-0.02,50,38050,卖盘
387,14:36:39,7.63,0.01,22,16786,买盘
388,14:36:33,7.62,0.01,9,6858,买盘
389,14:36:30,7.61,--,22,16742,卖盘
390,14:36:27,7.61,-0.01,169,128609,卖盘
391,14:36:21,7.62,0.01,74,56388,买盘
392,14:36:18,7.61,-0.01,72,54792,卖盘
393,14:36:15,7.62,--,5,3810,买盘
394,14:36:12,7.62,0.01,34,25908,买盘
395,14:36:09,7.61,--,34,25874,卖盘
396,14:36:06,7.61,0.01,570,434196,买盘
397,14:36:03,7.6,-0.01,20,15200,卖盘
398,14:36:00,7.61,--,89,67729,买盘
399,14:35:57,7.61,0.01,82,62402,买盘
400,14:35:51,7.6,--,12,9120,卖盘
401,14:35:48,7.6,-0.01,64,48640,卖盘
402,14:35:42,7.61,--,147,111867,买盘
403,14:35:39,7.61,-0.02,1650,1255984,卖盘
404,14:35:36,7.63,0.01,158,120554,买盘
405,14:35:33,7.62,--,2424,1847088,买盘
406,14:35:30,7.62,--,21,16002,买盘
407,14:35:27,7.62,0.01,21,16002,买盘
408,14:35:24,7.61,-0.01,3,2283,卖盘
409,14:35:21,7.62,0.01,81,61722,买盘
410,14:35:18,7.61,--,67,50987,卖盘
411,14:35:15,7.61,--,42,31962,卖盘
412,14:35:12,7.61,--,19,14459,卖盘
413,14:35:09,7.61,-0.01,16,12176,卖盘
414,14:35:06,7.62,0.01,13,9906,买盘
415,14:35:03,7.61,--,27,20547,卖盘
416,14:35:00,7.61,-0.01,3,2283,卖盘
417,14:34:54,7.62,0.01,41,31242,买盘
418,14:34:51,7.61,--,175,133175,卖盘
419,14:34:48,7.61,-0.01,165,125565,卖盘
420,14:34:45,7.62,--,38,28956,买盘
421,14:34:42,7.62,--,46,35052,买盘
422,14:34:39,7.62,--,663,505206,买盘
423,14:34:36,7.62,--,64,48768,买盘
424,14:34:33,7.62,0.01,65,49530,买盘
425,14:34:27,7.61,-0.01,50,38050,卖盘
426,14:34:24,7.62,--,67,51054,买盘
427,14:34:21,7.62,0.01,90,68580,买盘
428,14:34:18,7.61,--,102,77622,卖盘
429,14:34:15,7.61,-0.01,13,9893,卖盘
430,14:34:12,7.62,--,41,31242,买盘
431,14:34:09,7.62,--,17,12954,买盘
432,14:34:06,7.62,0.01,9,6858,买盘
433,14:34:03,7.61,--,62,47638,卖盘
434,14:34:00,7.61,-0.01,1,761,卖盘
435,14:33:57,7.62,0.01,1,762,买盘
436,14:33:51,7.61,--,60,45660,卖盘
437,14:33:48,7.61,-0.01,109,82949,卖盘
438,14:33:45,7.62,0.01,20,15240,买盘
439,14:33:42,7.61,--,53,40333,卖盘
440,14:33:39,7.61,-0.01,107,81427,卖盘
441,14:33:36,7.62,--,6,4572,买盘
442,14:33:33,7.62,--,11,8382,买盘
443,14:33:30,7.62,0.01,4,3048,买盘
444,14:33:27,7.61,0.01,50,38780,买盘
445,14:33:24,7.6,-0.01,131,99560,卖盘
446,14:33:21,7.61,--,55,41855,买盘
447,14:33:18,7.61,0.01,101,76861,买盘
448,14:33:15,7.6,-0.01,29,22040,卖盘
449,14:33:12,7.61,0.01,418,318098,买盘
450,14:33:09,7.6,--,14,10640,卖盘
451,14:33:06,7.6,-0.01,175,133000,卖盘
452,14:33:03,7.61,0.01,84,63924,买盘
453,14:33:00,7.6,-0.01,10,7600,卖盘
454,14:32:57,7.61,--,22,16742,买盘
455,14:32:54,7.61,--,392,298312,买盘
456,14:32:51,7.61,0.01,51,38811,买盘
457,14:32:48,7.6,-0.01,62,47120,卖盘
458,14:32:45,7.61,--,18,13698,买盘
459,14:32:42,7.61,0.01,9,6849,买盘
460,14:32:39,7.6,--,49,37240,卖盘
461,14:32:36,7.6,-0.01,9,6840,卖盘
462,14:32:33,7.61,0.01,23,17503,买盘
463,14:32:30,7.6,--,7,5320,卖盘
464,14:32:27,7.6,--,9,6840,卖盘
465,14:32:24,7.6,-0.01,124,94240,卖盘
466,14:32:21,7.61,0.01,63,47943,买盘
467,14:32:18,7.6,--,90,68400,卖盘
468,14:32:15,7.6,--,57,43320,卖盘
469,14:32:12,7.6,--,60,45600,卖盘
470,14:32:09,7.6,-0.01,16,12160,卖盘
471,14:32:06,7.61,--,77,58597,买盘
472,14:32:03,7.61,--,4,3044,买盘
473,14:32:00,7.61,--,9,6849,买盘
474,14:31:57,7.61,0.01,23,17503,买盘
475,14:31:54,7.6,-0.01,11,8360,卖盘
476,14:31:51,7.61,0.01,54,41094,买盘
477,14:31:48,7.6,-0.01,39,29640,卖盘
478,14:31:45,7.61,--,9,6849,买盘
479,14:31:42,7.61,0.01,98,74578,买盘
480,14:31:39,7.6,--,13,9880,卖盘
481,14:31:36,7.6,--,7,5320,卖盘
482,14:31:33,7.6,--,18,13680,卖盘
483,14:31:30,7.6,--,2,1520,卖盘
484,14:31:27,7.6,-0.01,7,5320,卖盘
485,14:31:24,7.61,--,16,12176,买盘
486,14:31:21,7.61,0.01,227,172747,买盘
487,14:31:18,7.6,-0.01,16,12160,卖盘
488,14:31:15,7.61,--,6,4566,买盘
489,14:31:12,7.61,0.01,5,3805,买盘
490,14:31:09,7.6,-0.01,12,9120,卖盘
491,14:31:06,7.61,0.01,14,10654,买盘
492,14:30:57,7.6,--,21,15960,卖盘
493,14:30:54,7.6,-0.01,295,224200,卖盘
494,14:30:51,7.61,0.01,15,11415,买盘
495,14:30:48,7.6,--,140,106400,卖盘
496,14:30:45,7.6,--,25,19000,卖盘
497,14:30:42,7.6,--,244,185440,卖盘
498,14:30:39,7.6,-0.01,17,12920,卖盘
499,14:30:36,7.61,--,15,11415,买盘
500,14:30:33,7.61,0.01,13,9893,买盘
501,14:30:30,7.6,--,91,69160,卖盘
502,14:30:27,7.6,-0.01,145,110200,卖盘
503,14:30:24,7.61,--,34,25874,买盘
504,14:30:21,7.61,0.01,6,4566,买盘
505,14:30:18,7.6,--,36,27360,卖盘
506,14:30:15,7.6,-0.01,73,55480,卖盘
507,14:30:12,7.61,0.01,12,9132,买盘
508,14:30:09,7.6,-0.01,5,3800,卖盘
509,14:30:06,7.61,0.01,20,15220,买盘
510,14:30:03,7.6,--,122,92720,卖盘
511,14:30:00,7.6,--,102,77520,卖盘
512,14:29:57,7.6,-0.01,14,10640,卖盘
513,14:29:51,7.61,0.01,9,6849,买盘
514,14:29:48,7.6,-0.01,1,760,卖盘
515,14:29:45,7.61,--,18,13698,买盘
516,14:29:42,7.61,0.01,10,7610,买盘
517,14:29:39,7.6,--,13,9880,卖盘
518,14:29:36,7.6,-0.01,10,7600,卖盘
519,14:29:33,7.61,--,25,19025,买盘
520,14:29:30,7.61,--,45,34245,买盘
521,14:29:27,7.61,0.01,14,10654,买盘
522,14:29:24,7.6,-0.01,88,66880,中性盘
523,14:29:21,7.61,--,12,9132,买盘
524,14:29:18,7.61,0.01,40,30440,买盘
525,14:29:15,7.6,-0.01,14,10640,中性盘
526,14:29:12,7.61,--,5,3805,买盘
527,14:29:09,7.61,--,22,16742,买盘
528,14:29:06,7.61,0.02,24,18264,买盘
529,14:29:03,7.59,-0.01,58,44022,卖盘
530,14:29:00,7.6,0.01,513,389880,买盘
531,14:28:57,7.59,-0.01,7,5313,卖盘
532,14:28:54,7.6,--,24,18240,买盘
533,14:28:51,7.6,0.01,126,95760,买盘
534,14:28:48,7.59,-0.01,103,78177,卖盘
535,14:28:45,7.6,--,2,1520,买盘
536,14:28:42,7.6,0.01,19,14440,买盘
537,14:28:39,7.59,--,48,36432,卖盘
538,14:28:36,7.59,-0.01,7,5313,卖盘
539,14:28:33,7.6,--,20,15200,买盘
540,14:28:30,7.6,--,58,44080,买盘
541,14:28:27,7.6,--,159,120840,买盘
542,14:28:24,7.6,--,22,16720,买盘
543,14:28:21,7.6,0.01,4,3040,买盘
544,14:28:18,7.59,--,30,22770,卖盘
545,14:28:15,7.59,-0.01,11,8349,卖盘
546,14:28:12,7.6,0.01,46,34960,买盘
547,14:28:09,7.59,--,5,3795,卖盘
548,14:28:06,7.59,-0.01,38,28842,卖盘
549,14:28:03,7.6,--,15,11400,买盘
550,14:28:00,7.6,--,7,5320,买盘
551,14:27:57,7.6,0.01,171,129960,买盘
552,14:27:54,7.59,-0.01,1882,1428438,卖盘
553,14:27:51,7.6,0.01,31,23560,买盘
554,14:27:48,7.59,--,176,133584,卖盘
555,14:27:45,7.59,-0.01,3,2277,卖盘
556,14:27:42,7.6,--,19,14440,买盘
557,14:27:39,7.6,0.01,228,173280,买盘
558,14:27:36,7.59,-0.01,7,5313,卖盘
559,14:27:33,7.6,0.01,15,11400,买盘
560,14:27:30,7.59,--,36,27324,卖盘
561,14:27:27,7.59,--,47,35673,卖盘
562,14:27:24,7.59,--,7,5313,卖盘
563,14:27:21,7.59,--,2,1518,卖盘
564,14:27:18,7.59,-0.01,21,15939,卖盘
565,14:27:15,7.6,--,10,7600,买盘
566,14:27:12,7.6,0.01,112,85120,买盘
567,14:27:09,7.59,-0.01,107,81213,卖盘
568,14:27:06,7.6,--,30,22800,买盘
569,14:27:03,7.6,0.01,260,197600,买盘
570,14:27:00,7.59,--,52,39468,卖盘
571,14:26:57,7.59,--,5,3795,卖盘
572,14:26:54,7.59,-0.01,10,7590,卖盘
573,14:26:51,7.6,0.01,12,9120,买盘
574,14:26:48,7.59,-0.01,176,133584,卖盘
575,14:26:45,7.6,--,14,10640,买盘
576,14:26:42,7.6,0.01,10,7600,买盘
577,14:26:39,7.59,-0.01,36,27324,卖盘
578,14:26:36,7.6,0.01,27,20520,买盘
579,14:26:33,7.59,-0.01,13,9867,卖盘
580,14:26:30,7.6,0.01,13,9880,买盘
581,14:26:27,7.59,--,2,1518,卖盘
582,14:26:24,7.59,--,23,17457,卖盘
583,14:26:21,7.59,--,200,151800,卖盘
584,14:26:18,7.59,-0.01,55,41745,卖盘
585,14:26:15,7.6,0.01,5,3800,买盘
586,14:26:12,7.59,--,18,13662,卖盘
587,14:26:09,7.59,-0.01,13,9867,卖盘
588,14:26:06,7.6,--,99,75240,买盘
589,14:26:03,7.6,0.01,113,85880,买盘
590,14:26:00,7.59,--,7,5313,卖盘
591,14:25:57,7.59,-0.01,16,12144,卖盘
592,14:25:54,7.6,0.01,5,3800,买盘
593,14:25:51,7.59,--,32,24288,卖盘
594,14:25:48,7.59,-0.01,102,77418,卖盘
595,14:25:42,7.6,0.01,58,44080,买盘
596,14:25:39,7.59,-0.01,7,5313,卖盘
597,14:25:36,7.6,0.01,5,3800,买盘
598,14:25:33,7.59,-0.01,11,8349,卖盘
599,14:25:27,7.6,--,16,12160,买盘
600,14:25:24,7.6,--,80,60800,买盘
601,14:25:21,7.6,0.01,25,19000,买盘
602,14:25:18,7.59,--,11,8349,卖盘
603,14:25:15,7.59,-0.01,6,4554,卖盘
604,14:25:12,7.6,0.01,47,35720,买盘
605,14:25:09,7.59,--,590,448447,买盘
606,14:25:06,7.59,0.01,31,23529,买盘
607,14:25:03,7.58,--,41,31078,卖盘
608,14:25:00,7.58,-0.01,317,240286,卖盘
609,14:24:57,7.59,0.01,12,9108,买盘
610,14:24:54,7.58,--,3,2274,卖盘
611,14:24:51,7.58,-0.01,34,25772,卖盘
612,14:24:48,7.59,--,342,259578,买盘
613,14:24:45,7.59,--,12,9108,买盘
614,14:24:42,7.59,0.01,48,36432,买盘
615,14:24:39,7.58,-0.01,146,110668,卖盘
616,14:24:36,7.59,0.01,8,6072,买盘
617,14:24:33,7.58,--,142,107636,卖盘
618,14:24:30,7.58,--,3,2274,卖盘
619,14:24:27,7.58,--,2,1516,卖盘
620,14:24:24,7.58,-0.01,10,7580,卖盘
621,14:24:21,7.59,0.01,7,5313,买盘
622,14:24:18,7.58,-0.01,22,16676,卖盘
623,14:24:15,7.59,--,4,3036,买盘
624,14:24:12,7.59,0.01,14,10626,买盘
625,14:24:09,7.58,--,11,8338,卖盘
626,14:24:06,7.58,--,36,27288,卖盘
627,14:24:03,7.58,-0.01,37,28046,卖盘
628,14:24:00,7.59,0.01,2,1518,买盘
629,14:23:57,7.58,--,2,1516,卖盘
630,14:23:54,7.58,-0.01,61,46238,卖盘
631,14:23:51,7.59,0.01,9,6831,买盘
632,14:23:48,7.58,-0.01,102,77316,卖盘
633,14:23:45,7.59,0.01,16,12144,买盘
634,14:23:42,7.58,--,32,24256,卖盘
635,14:23:39,7.58,--,67,50786,卖盘
636,14:23:36,7.58,--,8,6064,卖盘
637,14:23:33,7.58,--,14,10612,卖盘
638,14:23:27,7.58,--,20,15160,卖盘
639,14:23:24,7.58,-0.01,131,99298,卖盘
640,14:23:21,7.59,--,6,4554,买盘
641,14:23:18,7.59,--,28,21252,买盘
642,14:23:15,7.59,--,117,88803,买盘
643,14:23:12,7.59,0.01,22,16698,买盘
644,14:23:09,7.58,-0.01,11,8338,卖盘
645,14:23:06,7.59,0.01,4,3036,买盘
646,14:23:03,7.58,--,15,11370,卖盘
647,14:23:00,7.58,--,1,758,卖盘
648,14:22:57,7.58,-0.01,55,41690,卖盘
649,14:22:51,7.59,0.01,11,8349,买盘
650,14:22:48,7.58,0.01,119,90202,买盘
651,14:22:45,7.57,-0.02,42,31794,卖盘
652,14:22:42,7.59,0.01,5,3795,买盘
653,14:22:39,7.58,--,13,9854,卖盘
654,14:22:36,7.58,0.01,58,43964,卖盘
655,14:22:33,7.57,--,44,33308,卖盘
656,14:22:30,7.57,-0.01,531,401967,卖盘
657,14:22:27,7.58,--,13,9854,卖盘
658,14:22:24,7.58,-0.01,4,3032,卖盘
659,14:22:21,7.59,0.01,5,3795,买盘
660,14:22:18,7.58,-0.01,35,26530,卖盘
661,14:22:15,7.59,0.01,23,17904,买盘
662,14:22:12,7.58,--,17,12886,买盘
663,14:22:09,7.58,--,63,47754,买盘
664,14:22:06,7.58,--,143,108394,买盘
665,14:22:03,7.58,0.01,53,40174,买盘
666,14:22:00,7.57,--,4,3028,卖盘
667,14:21:57,7.57,--,65,49205,卖盘
668,14:21:54,7.57,-0.01,7,5299,卖盘
669,14:21:51,7.58,--,126,95508,买盘
670,14:21:48,7.58,0.01,107,81106,买盘
671,14:21:42,7.57,-0.01,15,11355,卖盘
672,14:21:39,7.58,0.01,44,33352,买盘
673,14:21:36,7.57,--,3,2271,卖盘
674,14:21:33,7.57,--,17,12869,卖盘
675,14:21:30,7.57,--,8,6056,卖盘
676,14:21:27,7.57,--,34,25738,卖盘
677,14:21:24,7.57,-0.01,6,4542,卖盘
678,14:21:21,7.58,--,7,5306,买盘
679,14:21:18,7.58,--,41,31078,买盘
680,14:21:15,7.58,--,20,15160,买盘
681,14:21:12,7.58,0.01,12,9096,买盘
682,14:21:09,7.57,-0.01,6,4542,卖盘
683,14:21:06,7.58,--,6,4548,买盘
684,14:21:03,7.58,0.01,25,18950,买盘
685,14:21:00,7.57,--,40,30280,卖盘
686,14:20:57,7.57,--,2,1514,卖盘
687,14:20:51,7.57,--,16,12112,卖盘
688,14:20:48,7.57,-0.01,122,92354,卖盘
689,14:20:45,7.58,--,5,3790,买盘
690,14:20:42,7.58,0.01,31,23498,买盘
691,14:20:39,7.57,-0.01,19,14383,卖盘
692,14:20:36,7.58,0.01,13,9854,买盘
693,14:20:33,7.57,--,94,71158,卖盘
694,14:20:30,7.57,-0.01,23,17411,卖盘
695,14:20:27,7.58,0.01,115,87170,买盘
696,14:20:24,7.57,-0.01,54,40878,卖盘
697,14:20:21,7.58,0.01,867,657186,买盘
698,14:20:18,7.57,-0.01,117,88569,卖盘
699,14:20:15,7.58,--,13,9854,买盘
700,14:20:12,7.58,0.01,11,8338,买盘
701,14:20:09,7.57,--,23,17411,卖盘
702,14:20:06,7.57,-0.01,2,1514,卖盘
703,14:20:03,7.58,0.01,73,55334,买盘
704,14:20:00,7.57,--,6,4542,卖盘
705,14:19:57,7.57,-0.01,15,11355,卖盘
706,14:19:54,7.58,--,28,21224,买盘
707,14:19:51,7.58,0.01,55,41690,买盘
708,14:19:48,7.57,-0.01,165,124905,卖盘
709,14:19:45,7.58,0.01,41,31078,买盘
710,14:19:42,7.57,0.01,766,579862,买盘
711,14:19:39,7.56,-0.01,30,22680,卖盘
712,14:19:36,7.57,0.01,4,3028,买盘
713,14:19:33,7.56,--,64,48384,卖盘
714,14:19:30,7.56,--,7,5292,卖盘
715,14:19:27,7.56,--,2,1512,卖盘
716,14:19:24,7.56,-0.01,8,6048,卖盘
717,14:19:21,7.57,--,135,102195,买盘
718,14:19:18,7.57,--,207,156699,买盘
719,14:19:15,7.57,--,28,21196,买盘
720,14:19:12,7.57,--,31,23467,买盘
721,14:19:09,7.57,--,311,235427,买盘
722,14:19:06,7.57,--,15,11355,买盘
723,14:19:03,7.57,0.01,154,116578,买盘
724,14:19:00,7.56,--,56,42336,卖盘
725,14:18:57,7.56,-0.01,106,80136,卖盘
726,14:18:54,7.57,--,52,40015,买盘
727,14:18:51,7.57,0.01,36,27252,买盘
728,14:18:48,7.56,--,109,82404,卖盘
729,14:18:45,7.56,-0.01,74,55944,卖盘
730,14:18:42,7.57,--,376,284632,买盘
731,14:18:39,7.57,--,7,5299,买盘
732,14:18:36,7.57,0.01,8,6056,买盘
733,14:18:33,7.56,--,91,68796,卖盘
734,14:18:30,7.56,-0.01,81,61236,卖盘
735,14:18:27,7.57,--,27,20439,买盘
736,14:18:24,7.57,--,133,100681,买盘
737,14:18:21,7.57,0.01,21,15897,买盘
738,14:18:18,7.56,-0.01,10,7560,卖盘
739,14:18:15,7.57,--,18,13626,买盘
740,14:18:12,7.57,0.01,163,123391,买盘
741,14:18:09,7.56,-0.01,5,3780,卖盘
742,14:18:06,7.57,--,3,2271,买盘
743,14:18:03,7.57,0.01,19,14383,买盘
744,14:18:00,7.56,--,12,9072,卖盘
745,14:17:57,7.56,-0.01,52,39312,卖盘
746,14:17:54,7.57,--,3,2271,买盘
747,14:17:51,7.57,--,13,9841,买盘
748,14:17:48,7.57,0.01,195,147615,买盘
749,14:17:45,7.56,--,32,24192,卖盘
750,14:17:42,7.56,-0.01,144,108864,卖盘
751,14:17:39,7.57,0.01,186,140802,买盘
752,14:17:36,7.56,--,93,70308,卖盘
753,14:17:33,7.56,-0.01,41,30996,卖盘
754,14:17:30,7.57,--,11,8327,买盘
755,14:17:27,7.57,0.01,50,37850,买盘
756,14:17:24,7.56,-0.01,14,10584,卖盘
757,14:17:21,7.57,--,35,26495,买盘
758,14:17:18,7.57,--,4,3028,买盘
759,14:17:15,7.57,0.01,19,14383,买盘
760,14:17:12,7.56,--,161,121716,卖盘
761,14:17:09,7.56,-0.01,174,131544,卖盘
762,14:17:06,7.57,--,13,9841,买盘
763,14:17:03,7.57,--,114,86298,买盘
764,14:17:00,7.57,--,64,48448,买盘
765,14:16:57,7.57,--,37,28009,买盘
766,14:16:54,7.57,--,39,29523,买盘
767,14:16:51,7.57,0.01,44,33308,买盘
768,14:16:48,7.56,--,111,83916,卖盘
769,14:16:45,7.56,--,4,3024,卖盘
770,14:16:42,7.56,--,39,29484,卖盘
771,14:16:39,7.56,-0.01,26,19656,卖盘
772,14:16:36,7.57,--,6,4542,买盘
773,14:16:33,7.57,0.01,7,5299,买盘
774,14:16:27,7.56,--,11,8316,卖盘
775,14:16:24,7.56,-0.01,100,75600,卖盘
776,14:16:21,7.57,--,6,4542,买盘
777,14:16:18,7.57,--,13,9841,买盘
778,14:16:15,7.57,0.01,135,102195,买盘
779,14:16:12,7.56,-0.01,40,30240,卖盘
780,14:16:09,7.57,0.01,6,4542,买盘
781,14:16:06,7.56,-0.01,17,12852,卖盘
782,14:16:03,7.57,--,3,2271,买盘
783,14:15:57,7.57,--,10,7570,买盘
784,14:15:54,7.57,--,51,38607,买盘
785,14:15:51,7.57,0.01,129,97653,买盘
786,14:15:48,7.56,--,241,182196,卖盘
787,14:15:42,7.56,--,25,18900,卖盘
788,14:15:39,7.56,-0.01,51,38556,卖盘
789,14:15:36,7.57,--,5,3785,买盘
790,14:15:33,7.57,0.01,68,51476,买盘
791,14:15:30,7.56,--,166,125496,卖盘
792,14:15:27,7.56,--,50,37800,卖盘
793,14:15:24,7.56,--,6,4536,卖盘
794,14:15:18,7.56,--,9,6804,卖盘
795,14:15:15,7.56,-0.01,37,27972,卖盘
796,14:15:12,7.57,0.01,306,231642,买盘
797,14:15:09,7.56,-0.01,67,50652,卖盘
798,14:15:06,7.57,--,36,27252,买盘
799,14:15:03,7.57,0.01,48,36336,买盘
800,14:15:00,7.56,-0.01,25,18900,卖盘
801,14:14:57,7.57,0.01,15,11355,买盘
802,14:14:54,7.56,-0.01,164,123984,卖盘
803,14:14:51,7.57,0.01,17,12869,买盘
804,14:14:48,7.56,-0.01,211,159516,卖盘
805,14:14:45,7.57,--,70,52990,买盘
806,14:14:42,7.57,0.01,6,4542,买盘
807,14:14:39,7.56,--,70,52920,卖盘
808,14:14:36,7.56,--,10,7560,卖盘
809,14:14:33,7.56,--,21,15876,卖盘
810,14:14:30,7.56,-0.01,200,151200,卖盘
811,14:14:27,7.57,0.01,8,6056,买盘
812,14:14:24,7.56,--,106,80136,卖盘
813,14:14:21,7.56,-0.01,48,36288,卖盘
814,14:14:18,7.57,--,193,146101,卖盘
815,14:14:15,7.57,-0.01,80,60560,卖盘
816,14:14:12,7.58,0.01,115,87170,买盘
817,14:14:09,7.57,-0.01,62,46934,卖盘
818,14:14:06,7.58,--,74,56092,买盘
819,14:14:03,7.58,0.01,1,758,买盘
820,14:14:00,7.57,--,35,26495,卖盘
821,14:13:57,7.57,-0.01,26,19682,卖盘
822,14:13:51,7.58,0.01,9,6822,买盘
823,14:13:48,7.57,-0.01,108,81756,卖盘
824,14:13:45,7.58,--,34,25772,买盘
825,14:13:42,7.58,--,624,472992,买盘
826,14:13:39,7.58,--,5,3790,买盘
827,14:13:36,7.58,--,15,11370,买盘
828,14:13:33,7.58,--,10,7580,买盘
829,14:13:30,7.58,0.01,120,90960,买盘
830,14:13:27,7.57,--,101,76457,卖盘
831,14:13:24,7.57,--,10,7570,卖盘
832,14:13:21,7.57,--,1,757,卖盘
833,14:13:18,7.57,-0.01,20,15140,卖盘
834,14:13:15,7.58,0.01,12,9096,买盘
835,14:13:12,7.57,-0.01,10,7570,卖盘
836,14:13:09,7.58,--,50,37900,买盘
837,14:13:06,7.58,--,19,14402,买盘
838,14:13:03,7.58,0.01,6,4548,买盘
839,14:13:00,7.57,--,9,6813,卖盘
840,14:12:57,7.57,-0.01,50,37850,卖盘
841,14:12:51,7.58,0.01,40,30320,买盘
842,14:12:48,7.57,-0.01,104,78728,卖盘
843,14:12:45,7.58,--,40,30320,买盘
844,14:12:42,7.58,0.01,37,28046,买盘
845,14:12:39,7.57,-0.01,74,56018,卖盘
846,14:12:33,7.58,--,5,3790,买盘
847,14:12:30,7.58,0.01,7,5306,买盘
848,14:12:27,7.57,--,72,54504,卖盘
849,14:12:24,7.57,-0.01,6,4542,卖盘
850,14:12:18,7.58,0.01,31,23498,买盘
851,14:12:15,7.57,-0.01,33,24981,卖盘
852,14:12:12,7.58,--,105,79590,买盘
853,14:12:09,7.58,--,163,123554,买盘
854,14:12:06,7.58,0.01,4,3032,买盘
855,14:12:03,7.57,-0.01,17,12869,卖盘
856,14:12:00,7.58,--,40,30320,买盘
857,14:11:54,7.58,0.01,5,3790,买盘
858,14:11:51,7.57,-0.01,88,66616,卖盘
859,14:11:48,7.58,--,101,76558,买盘
860,14:11:42,7.58,0.01,6,4548,买盘
861,14:11:39,7.57,-0.01,17,12869,卖盘
862,14:11:33,7.58,0.01,6,4548,买盘
863,14:11:30,7.57,--,4,3028,卖盘
864,14:11:27,7.57,--,2,1514,卖盘
865,14:11:24,7.57,-0.01,41,31037,卖盘
866,14:11:21,7.58,--,6,4548,买盘
867,14:11:18,7.58,--,85,64430,买盘
868,14:11:15,7.58,--,6,4548,买盘
869,14:11:12,7.58,0.01,19,14402,买盘
870,14:11:09,7.57,-0.01,77,58289,卖盘
871,14:11:06,7.58,--,51,38658,买盘
872,14:11:03,7.58,0.01,306,231948,买盘
873,14:11:00,7.57,-0.01,5,3785,卖盘
874,14:10:57,7.58,0.01,40,30320,买盘
875,14:10:54,7.57,-0.01,13,9841,卖盘
876,14:10:51,7.58,--,9,6822,买盘
877,14:10:48,7.58,--,114,86412,买盘
878,14:10:42,7.58,--,18,13644,买盘
879,14:10:39,7.58,--,5,3790,买盘
880,14:10:36,7.58,0.01,12,9096,买盘
881,14:10:33,7.57,--,239,180923,卖盘
882,14:10:30,7.57,-0.01,34,25738,卖盘
883,14:10:27,7.58,0.01,17,12886,买盘
884,14:10:24,7.57,-0.01,3,2271,卖盘
885,14:10:21,7.58,0.01,5,3790,买盘
886,14:10:18,7.57,-0.01,10,7570,卖盘
887,14:10:15,7.58,--,5,3790,买盘
888,14:10:12,7.58,0.01,19,14402,买盘
889,14:10:09,7.57,-0.01,26,19682,卖盘
890,14:10:06,7.58,--,4,3032,买盘
891,14:10:03,7.58,0.01,21,15918,买盘
892,14:09:57,7.57,-0.01,4,3028,卖盘
893,14:09:54,7.58,--,19,14402,买盘
894,14:09:51,7.58,0.01,29,21982,买盘
895,14:09:48,7.57,--,296,224072,卖盘
896,14:09:45,7.57,-0.01,5,3785,卖盘
897,14:09:42,7.58,0.01,19,14402,买盘
898,14:09:39,7.57,-0.01,84,63588,卖盘
899,14:09:36,7.58,0.01,4,3032,买盘
900,14:09:33,7.57,-0.01,20,15140,卖盘
901,14:09:27,7.58,0.01,10,7580,买盘
902,14:09:24,7.57,--,147,111279,卖盘
903,14:09:21,7.57,-0.01,4,3028,卖盘
904,14:09:18,7.58,--,4,3032,买盘
905,14:09:15,7.58,--,23,17434,买盘
906,14:09:12,7.58,0.01,94,71252,买盘
907,14:09:09,7.57,-0.01,5,3785,卖盘
908,14:09:06,7.58,--,25,18950,买盘
909,14:09:03,7.58,--,289,219675,卖盘
910,14:09:00,7.58,--,19,14402,卖盘
911,14:08:57,7.58,-0.01,104,78832,卖盘
912,14:08:51,7.59,0.01,44,33396,买盘
913,14:08:48,7.58,--,820,621560,卖盘
914,14:08:45,7.58,-0.01,401,303958,卖盘
915,14:08:42,7.59,0.01,15,11385,买盘
916,14:08:39,7.58,-0.01,23,17434,卖盘
917,14:08:36,7.59,0.01,14,10626,买盘
918,14:08:33,7.58,--,99,75042,卖盘
919,14:08:27,7.58,--,10,7580,卖盘
920,14:08:24,7.58,-0.01,13,9854,卖盘
921,14:08:18,7.59,--,6,4554,买盘
922,14:08:15,7.59,0.01,4,3036,买盘
923,14:08:12,7.58,-0.01,17,12886,卖盘
924,14:08:09,7.59,0.01,10,7590,买盘
925,14:08:06,7.58,-0.01,20,15160,卖盘
926,14:08:03,7.59,0.01,7,5313,买盘
927,14:08:00,7.58,--,8,6064,卖盘
928,14:07:57,7.58,-0.01,60,45480,卖盘
929,14:07:51,7.59,--,14,10626,买盘
930,14:07:48,7.59,0.01,101,76659,买盘
931,14:07:45,7.58,-0.01,1,758,卖盘
932,14:07:42,7.59,--,9,6831,买盘
933,14:07:39,7.59,--,11,8349,买盘
934,14:07:36,7.59,--,4,3036,买盘
935,14:07:33,7.59,0.01,4,3036,买盘
936,14:07:27,7.58,--,11,8338,卖盘
937,14:07:24,7.58,-0.01,54,40932,卖盘
938,14:07:18,7.59,0.01,4,3036,买盘
939,14:07:15,7.58,-0.01,16,12128,卖盘
940,14:07:12,7.59,--,37,28083,买盘
941,14:07:06,7.59,0.01,7,5313,买盘
942,14:07:03,7.58,-0.01,13,9854,卖盘
943,14:07:00,7.59,--,26,19734,买盘
944,14:06:57,7.59,0.01,19,14421,买盘
945,14:06:54,7.58,-0.01,366,277428,卖盘
946,14:06:51,7.59,0.01,7,5313,买盘
947,14:06:48,7.58,-0.01,125,94750,卖盘
948,14:06:45,7.59,--,374,283866,买盘
949,14:06:42,7.59,--,958,727266,买盘
950,14:06:39,7.59,0.01,19,14421,买盘
951,14:06:36,7.58,-0.01,344,260752,卖盘
952,14:06:33,7.59,0.01,23,17457,买盘
953,14:06:30,7.58,--,204,154632,卖盘
954,14:06:27,7.58,-0.01,30,22740,卖盘
955,14:06:24,7.59,--,6,4554,买盘
956,14:06:21,7.59,0.01,42,31878,买盘
957,14:06:18,7.58,-0.01,11,8338,卖盘
958,14:06:15,7.59,--,5,3795,买盘
959,14:06:12,7.59,0.01,10,7590,买盘
960,14:06:06,7.58,-0.01,10,7580,卖盘
961,14:06:03,7.59,0.01,9,6831,买盘
962,14:05:57,7.58,-0.01,3,2274,卖盘
963,14:05:51,7.59,--,12,9108,买盘
964,14:05:48,7.59,0.01,110,83490,买盘
965,14:05:45,7.58,-0.01,5,3790,卖盘
966,14:05:42,7.59,--,4,3036,买盘
967,14:05:39,7.59,--,10,7590,买盘
968,14:05:36,7.59,0.01,15,11385,买盘
969,14:05:33,7.58,--,16,12128,卖盘
970,14:05:27,7.58,--,10,7580,卖盘
971,14:05:24,7.58,-0.01,8,6064,卖盘
972,14:05:21,7.59,0.01,20,15180,买盘
973,14:05:18,7.58,-0.01,139,105362,卖盘
974,14:05:15,7.59,--,1,759,买盘
975,14:05:12,7.59,0.01,49,37191,买盘
976,14:05:09,7.58,--,27,20466,卖盘
977,14:05:06,7.58,-0.01,104,78832,卖盘
978,14:05:03,7.59,--,2,1518,买盘
979,14:05:00,7.59,0.01,21,15939,买盘
980,14:04:57,7.58,--,46,34868,卖盘
981,14:04:54,7.58,-0.01,57,43206,卖盘
982,14:04:51,7.59,0.01,45,34155,买盘
983,14:04:48,7.58,-0.01,106,80348,卖盘
984,14:04:45,7.59,--,45,34155,买盘
985,14:04:42,7.59,--,76,57684,买盘
986,14:04:39,7.59,0.01,15,11385,买盘
987,14:04:36,7.58,-0.01,5,3790,卖盘
988,14:04:33,7.59,0.01,13,9867,买盘
989,14:04:24,7.58,-0.01,11,8338,卖盘
990,14:04:18,7.59,--,6,4554,买盘
991,14:04:15,7.59,--,24,18216,买盘
992,14:04:12,7.59,--,136,103224,买盘
993,14:04:09,7.59,--,4,3036,买盘
994,14:04:06,7.59,--,25,18975,买盘
995,14:04:03,7.59,0.01,1,759,买盘
996,14:04:00,7.58,--,23,17434,卖盘
997,14:03:54,7.58,-0.01,8,6064,卖盘
998,14:03:51,7.59,0.01,30,22770,买盘
999,14:03:48,7.58,-0.01,106,80348,卖盘
1000,14:03:45,7.59,--,25,18975,买盘
1001,14:03:42,7.59,--,12,9108,买盘
1002,14:03:39,7.59,--,20,15180,买盘
1003,14:03:36,7.59,--,21,15939,买盘
1004,14:03:33,7.59,0.01,3,2277,买盘
1005,14:03:30,7.58,--,2,1516,卖盘
1006,14:03:27,7.58,--,5,3790,卖盘
1007,14:03:24,7.58,-0.01,1,758,卖盘
1008,14:03:21,7.59,--,41,31119,买盘
1009,14:03:18,7.59,0.01,29,22011,买盘
1010,14:03:15,7.58,-0.01,10,7580,卖盘
1011,14:03:12,7.59,--,9,6831,买盘
1012,14:03:09,7.59,--,20,15180,买盘
1013,14:03:06,7.59,0.01,14,10626,买盘
1014,14:03:03,7.58,-0.01,38,28804,卖盘
1015,14:03:00,7.59,0.01,82,62238,买盘
1016,14:02:54,7.58,--,11,8338,卖盘
1017,14:02:51,7.58,-0.01,44,33352,卖盘
1018,14:02:48,7.59,--,106,80454,买盘
1019,14:02:45,7.59,--,6,4554,买盘
1020,14:02:42,7.59,--,9,6831,买盘
1021,14:02:39,7.59,--,18,13662,买盘
1022,14:02:36,7.59,--,43,32637,买盘
1023,14:02:33,7.59,0.01,91,69069,买盘
1024,14:02:30,7.58,--,5,3790,卖盘
1025,14:02:27,7.58,--,44,33352,卖盘
1026,14:02:24,7.58,-0.01,8,6064,卖盘
1027,14:02:21,7.59,0.01,63,47817,买盘
1028,14:02:18,7.58,-0.01,12,9096,卖盘
1029,14:02:15,7.59,--,5,3795,买盘
1030,14:02:12,7.59,0.01,23,17457,买盘
1031,14:02:09,7.58,-0.01,37,28046,卖盘
1032,14:02:06,7.59,--,9,6831,买盘
1033,14:02:00,7.59,--,49,37191,买盘
1034,14:01:57,7.59,0.01,26,19734,买盘
1035,14:01:54,7.58,-0.01,5,3790,卖盘
1036,14:01:51,7.59,--,10,7590,买盘
1037,14:01:48,7.59,0.01,101,76659,买盘
1038,14:01:45,7.58,-0.01,5,3790,卖盘
1039,14:01:42,7.59,--,12,9108,买盘
1040,14:01:39,7.59,--,8,6072,买盘
1041,14:01:33,7.59,0.01,31,23529,买盘
1042,14:01:30,7.58,-0.01,10,7580,卖盘
1043,14:01:27,7.59,0.01,6,4554,买盘
1044,14:01:24,7.58,--,34,25772,卖盘
1045,14:01:21,7.58,-0.01,6,4548,卖盘
1046,14:01:18,7.59,--,26,19734,买盘
1047,14:01:15,7.59,--,5,3795,买盘
1048,14:01:12,7.59,--,12,9108,买盘
1049,14:01:09,7.59,--,44,33396,买盘
1050,14:01:06,7.59,--,9,6831,买盘
1051,14:01:03,7.59,0.01,5,3795,买盘
1052,14:01:00,7.58,-0.01,10,7580,卖盘
1053,14:00:57,7.59,--,6,4554,买盘
1054,14:00:54,7.59,--,9,6831,买盘
1055,14:00:51,7.59,0.01,37,28083,买盘
1056,14:00:48,7.58,--,102,77316,卖盘
1057,14:00:45,7.58,-0.01,7,5306,卖盘
1058,14:00:42,7.59,--,10,7590,买盘
1059,14:00:39,7.59,--,74,56166,买盘
1060,14:00:36,7.59,0.01,38,28842,买盘
1061,14:00:33,7.58,-0.01,58,43964,卖盘
1062,14:00:30,7.59,0.01,19,14421,买盘
1063,14:00:27,7.58,--,94,71252,卖盘
1064,14:00:24,7.58,-0.01,77,58366,卖盘
1065,14:00:21,7.59,0.01,36,27324,买盘
1066,14:00:18,7.58,-0.01,603,457074,卖盘
1067,14:00:15,7.59,--,4,3036,买盘
1068,14:00:12,7.59,--,8,6072,买盘
1069,14:00:09,7.59,--,11,8349,买盘
1070,14:00:06,7.59,0.01,26,19734,买盘
1071,14:00:00,7.58,-0.01,5,3790,卖盘
1072,13:59:54,7.59,--,15,11385,买盘
1073,13:59:51,7.59,0.01,299,226941,买盘
1074,13:59:48,7.58,--,111,84138,卖盘
1075,13:59:45,7.58,-0.01,22,16676,卖盘
1076,13:59:42,7.59,0.01,29,22011,买盘
1077,13:59:39,7.58,-0.01,12,9096,卖盘
1078,13:59:36,7.59,0.01,40,30360,买盘
1079,13:59:33,7.58,-0.01,85,64430,卖盘
1080,13:59:30,7.59,0.01,28,21252,买盘
1081,13:59:27,7.58,--,5,3790,卖盘
1082,13:59:24,7.58,-0.01,1,758,卖盘
1083,13:59:21,7.59,--,8,6072,买盘
1084,13:59:18,7.59,0.01,4,3036,买盘
1085,13:59:15,7.58,-0.01,7,5306,卖盘
1086,13:59:12,7.59,--,4,3036,买盘
1087,13:59:09,7.59,--,8,6072,买盘
1088,13:59:06,7.59,0.01,20,15180,买盘
1089,13:59:03,7.58,-0.01,24,18192,卖盘
1090,13:59:00,7.59,0.01,302,229218,买盘
1091,13:58:54,7.58,--,11,8338,卖盘
1092,13:58:51,7.58,-0.01,31,23498,卖盘
1093,13:58:48,7.59,--,163,123717,买盘
1094,13:58:45,7.59,-0.01,331,251350,卖盘
1095,13:58:42,7.6,0.01,61,46360,买盘
1096,13:58:39,7.59,--,7,5313,卖盘
1097,13:58:33,7.59,--,33,25047,卖盘
1098,13:58:30,7.59,--,1,759,卖盘
1099,13:58:27,7.59,--,6,4554,卖盘
1100,13:58:24,7.59,--,27,20493,卖盘
1101,13:58:21,7.59,-0.01,42,31878,卖盘
1102,13:58:18,7.6,--,49,37240,买盘
1103,13:58:15,7.6,0.01,10,7600,买盘
1104,13:58:12,7.59,-0.01,69,52371,卖盘
1105,13:58:09,7.6,--,46,34960,买盘
1106,13:58:06,7.6,0.01,423,321480,买盘
1107,13:58:03,7.59,-0.01,171,129789,卖盘
1108,13:58:00,7.6,--,11,8360,买盘
1109,13:57:57,7.6,0.01,40,30400,买盘
1110,13:57:54,7.59,-0.01,12,9108,卖盘
1111,13:57:51,7.6,--,11,8360,买盘
1112,13:57:48,7.6,--,183,139080,买盘
1113,13:57:45,7.6,0.01,6,4560,买盘
1114,13:57:42,7.59,--,156,118404,卖盘
1115,13:57:39,7.59,-0.01,664,504613,卖盘
1116,13:57:36,7.6,--,41,31160,买盘
1117,13:57:33,7.6,0.01,20,15200,买盘
1118,13:57:30,7.59,-0.01,239,181401,卖盘
1119,13:57:27,7.6,--,13,9880,买盘
1120,13:57:24,7.6,--,31,23560,买盘
1121,13:57:21,7.6,--,31,23560,买盘
1122,13:57:18,7.6,0.01,7,5320,买盘
1123,13:57:15,7.59,-0.01,40,30360,卖盘
1124,13:57:12,7.6,--,15,11400,买盘
1125,13:57:09,7.6,--,164,124640,买盘
1126,13:57:06,7.6,--,23,17480,买盘
1127,13:57:03,7.6,--,97,73720,买盘
1128,13:57:00,7.6,0.01,2,1520,买盘
1129,13:56:57,7.59,--,5,3795,卖盘
1130,13:56:54,7.59,-0.01,2,1518,卖盘
1131,13:56:51,7.6,--,32,24320,买盘
1132,13:56:48,7.6,0.01,124,94240,买盘
1133,13:56:45,7.59,-0.01,6,4554,卖盘
1134,13:56:42,7.6,--,4,3040,买盘
1135,13:56:39,7.6,--,45,34200,买盘
1136,13:56:36,7.6,0.01,181,137560,买盘
1137,13:56:33,7.59,--,54,40986,卖盘
1138,13:56:24,7.59,--,6,4554,卖盘
1139,13:56:21,7.59,-0.01,13,9867,卖盘
1140,13:56:18,7.6,--,38,28880,买盘
1141,13:56:15,7.6,--,33,25080,买盘
1142,13:56:12,7.6,--,64,48640,买盘
1143,13:56:09,7.6,--,37,28120,买盘
1144,13:56:06,7.6,--,60,45600,买盘
1145,13:56:03,7.6,0.01,13,9880,买盘
1146,13:56:00,7.59,-0.01,5,3795,卖盘
1147,13:55:54,7.6,--,62,47120,买盘
1148,13:55:51,7.6,0.01,7,5320,买盘
1149,13:55:48,7.59,-0.01,108,81972,卖盘
1150,13:55:45,7.6,0.01,8,6080,买盘
1151,13:55:42,7.59,-0.01,106,80454,卖盘
1152,13:55:39,7.6,0.01,65,49400,买盘
1153,13:55:36,7.59,-0.01,110,83490,卖盘
1154,13:55:33,7.6,--,5,3800,买盘
1155,13:55:27,7.6,0.01,30,22800,买盘
1156,13:55:24,7.59,-0.01,9,6831,卖盘
1157,13:55:21,7.6,--,38,28880,买盘
1158,13:55:18,7.6,--,64,48640,买盘
1159,13:55:15,7.6,--,26,19760,买盘
1160,13:55:12,7.6,0.01,11,8360,买盘
1161,13:55:09,7.59,-0.01,35,26565,卖盘
1162,13:55:06,7.6,0.01,26,19760,买盘
1163,13:55:03,7.59,-0.01,32,24288,卖盘
1164,13:54:54,7.6,--,7,5320,买盘
1165,13:54:51,7.6,0.01,22,16720,买盘
1166,13:54:48,7.59,-0.01,174,132066,卖盘
1167,13:54:45,7.6,--,9,6840,买盘
1168,13:54:42,7.6,0.01,4,3040,买盘
1169,13:54:39,7.59,-0.01,54,40986,卖盘
1170,13:54:36,7.6,--,57,43320,买盘
1171,13:54:33,7.6,0.01,27,20520,买盘
1172,13:54:30,7.59,-0.01,7,5313,卖盘
1173,13:54:24,7.6,--,32,24320,买盘
1174,13:54:18,7.6,--,10,7600,买盘
1175,13:54:15,7.6,0.01,5,3800,买盘
1176,13:54:12,7.59,--,10,7590,卖盘
1177,13:54:09,7.59,-0.01,34,25806,卖盘
1178,13:54:06,7.6,0.01,37,28120,买盘
1179,13:53:54,7.59,-0.01,5,3795,卖盘
1180,13:53:51,7.6,--,8,6080,买盘
1181,13:53:48,7.6,--,124,94240,买盘
1182,13:53:45,7.6,0.01,16,12160,买盘
1183,13:53:42,7.59,-0.01,216,163944,卖盘
1184,13:53:39,7.6,--,8,6080,买盘
1185,13:53:36,7.6,0.01,161,122360,买盘
1186,13:53:33,7.59,--,42,31878,卖盘
1187,13:53:30,7.59,--,21,15939,卖盘
1188,13:53:27,7.59,-0.01,7,5313,卖盘
1189,13:53:24,7.6,--,42,31920,买盘
1190,13:53:21,7.6,--,5,3800,买盘
1191,13:53:18,7.6,0.01,6,4560,买盘
1192,13:53:15,7.59,-0.01,51,38709,卖盘
1193,13:53:12,7.6,0.01,22,16720,买盘
1194,13:53:09,7.59,-0.01,18,13662,卖盘
1195,13:53:06,7.6,--,32,24320,买盘
1196,13:53:03,7.6,--,40,30400,买盘
1197,13:53:00,7.6,0.01,8,6080,买盘
1198,13:52:57,7.59,-0.01,14,10626,卖盘
1199,13:52:51,7.6,0.01,11,8360,买盘
1200,13:52:48,7.59,--,111,84249,卖盘
1201,13:52:45,7.59,-0.01,54,40986,卖盘
1202,13:52:42,7.6,--,6,4560,买盘
1203,13:52:39,7.6,--,28,21280,买盘
1204,13:52:36,7.6,0.01,400,304000,买盘
1205,13:52:33,7.59,-0.01,35,26565,卖盘
1206,13:52:30,7.6,0.01,5,3800,买盘
1207,13:52:27,7.59,-0.01,3,2277,卖盘
1208,13:52:24,7.6,0.01,14,10640,买盘
1209,13:52:21,7.59,-0.01,9,6831,卖盘
1210,13:52:18,7.6,--,10,7600,买盘
1211,13:52:15,7.6,--,5,3800,买盘
1212,13:52:12,7.6,--,31,23560,买盘
1213,13:52:09,7.6,--,6,4560,买盘
1214,13:52:06,7.6,--,13,9880,买盘
1215,13:52:03,7.6,--,29,22040,买盘
1216,13:52:00,7.6,--,103,78280,买盘
1217,13:51:57,7.6,--,300,228000,买盘
1218,13:51:51,7.6,--,10,7600,买盘
1219,13:51:48,7.6,0.01,125,95000,买盘
1220,13:51:45,7.59,-0.01,172,130548,卖盘
1221,13:51:42,7.6,0.01,4,3040,买盘
1222,13:51:39,7.59,-0.01,24,18216,卖盘
1223,13:51:36,7.6,--,28,21280,买盘
1224,13:51:33,7.6,--,28,21280,买盘
1225,13:51:27,7.6,0.01,2,1520,买盘
1226,13:51:24,7.59,-0.01,7,5313,卖盘
1227,13:51:21,7.6,--,4,3040,买盘
1228,13:51:18,7.6,--,5,3800,买盘
1229,13:51:15,7.6,--,33,25080,买盘
1230,13:51:12,7.6,0.01,4,3040,买盘
1231,13:51:09,7.59,-0.01,31,23529,卖盘
1232,13:51:06,7.6,--,123,93480,买盘
1233,13:51:03,7.6,0.01,127,96520,买盘
1234,13:50:57,7.59,--,50,37950,卖盘
1235,13:50:54,7.59,-0.01,14,10626,卖盘
1236,13:50:51,7.6,0.01,35,26600,买盘
1237,13:50:48,7.59,-0.01,352,267168,卖盘
1238,13:50:42,7.6,0.01,25,19000,买盘
1239,13:50:39,7.59,--,74,56166,卖盘
1240,13:50:36,7.59,--,20,15180,卖盘
1241,13:50:33,7.59,--,6,4554,卖盘
1242,13:50:30,7.59,--,15,11385,卖盘
1243,13:50:27,7.59,-0.01,19,14421,卖盘
1244,13:50:24,7.6,--,21,15960,买盘
1245,13:50:21,7.6,--,25,19000,买盘
1246,13:50:18,7.6,0.01,13,9880,买盘
1247,13:50:15,7.59,-0.01,27,20493,卖盘
1248,13:50:12,7.6,0.01,13,9880,买盘
1249,13:50:09,7.59,-0.01,177,134343,卖盘
1250,13:50:06,7.6,--,116,88160,买盘
1251,13:50:03,7.6,--,13,9880,买盘
1252,13:50:00,7.6,0.01,1,760,买盘
1253,13:49:54,7.59,-0.01,5,3795,卖盘
1254,13:49:51,7.6,--,53,40280,买盘
1255,13:49:48,7.6,--,101,76760,买盘
1256,13:49:42,7.6,0.01,10,7600,买盘
1257,13:49:39,7.59,-0.01,24,18216,卖盘
1258,13:49:36,7.6,--,5,3800,买盘
1259,13:49:33,7.6,0.01,4,3040,买盘
1260,13:49:30,7.59,-0.01,16,12144,卖盘
1261,13:49:27,7.6,--,20,15200,买盘
1262,13:49:24,7.6,--,5,3800,买盘
1263,13:49:21,7.6,--,9,6840,买盘
1264,13:49:18,7.6,--,5,3800,买盘
1265,13:49:15,7.6,--,5,3800,买盘
1266,13:49:12,7.6,0.01,7,5320,买盘
1267,13:49:09,7.59,-0.01,43,32637,卖盘
1268,13:49:06,7.6,--,6,4560,买盘
1269,13:49:03,7.6,0.01,10,7600,买盘
1270,13:48:57,7.59,-0.01,3,2277,卖盘
1271,13:48:51,7.6,--,9,6840,买盘
1272,13:48:48,7.6,0.01,101,76760,买盘
1273,13:48:45,7.59,-0.01,5,3795,卖盘
1274,13:48:42,7.6,0.01,4,3040,买盘
1275,13:48:39,7.59,--,30,22770,卖盘
1276,13:48:36,7.59,--,21,15939,卖盘
1277,13:48:33,7.59,-0.01,148,112332,卖盘
1278,13:48:30,7.6,0.01,15,11400,买盘
1279,13:48:27,7.59,--,4,3036,卖盘
1280,13:48:24,7.59,--,6,4554,卖盘
1281,13:48:21,7.59,-0.01,30,22770,卖盘
1282,13:48:18,7.6,--,45,34200,买盘
1283,13:48:15,7.6,--,5,3800,买盘
1284,13:48:12,7.6,--,34,25840,买盘
1285,13:48:09,7.6,--,10,7600,买盘
1286,13:48:06,7.6,--,21,15960,买盘
1287,13:48:03,7.6,--,180,136800,买盘
1288,13:48:00,7.6,--,5,3800,买盘
1289,13:47:51,7.6,0.01,7,5320,买盘
1290,13:47:48,7.59,-0.01,107,81213,卖盘
1291,13:47:45,7.6,--,5,3800,买盘
1292,13:47:42,7.6,0.01,8,6080,买盘
1293,13:47:39,7.59,-0.01,78,59202,卖盘
1294,13:47:36,7.6,--,10,7600,买盘
1295,13:47:33,7.6,--,200,152000,买盘
1296,13:47:30,7.6,0.01,66,50160,买盘
1297,13:47:27,7.59,--,6,4554,卖盘
1298,13:47:24,7.59,-0.01,5,3795,卖盘
1299,13:47:21,7.6,--,6,4560,买盘
1300,13:47:18,7.6,0.01,5,3800,买盘
1301,13:47:15,7.59,-0.01,30,22770,卖盘
1302,13:47:12,7.6,0.01,16,12160,买盘
1303,13:47:09,7.59,-0.01,163,123717,卖盘
1304,13:47:06,7.6,0.01,26,19760,买盘
1305,13:47:03,7.59,--,6,4554,卖盘
1306,13:47:00,7.59,--,1,759,卖盘
1307,13:46:57,7.59,--,17,12903,卖盘
1308,13:46:51,7.59,-0.01,17,12903,卖盘
1309,13:46:48,7.6,--,114,86640,买盘
1310,13:46:42,7.6,0.01,14,10640,买盘
1311,13:46:39,7.59,-0.01,87,66033,卖盘
1312,13:46:36,7.6,--,44,33440,买盘
1313,13:46:33,7.6,--,503,382280,买盘
1314,13:46:30,7.6,0.01,6,4560,买盘
1315,13:46:24,7.59,-0.01,17,12903,卖盘
1316,13:46:18,7.6,0.01,39,29640,买盘
1317,13:46:15,7.59,-0.01,42,31878,卖盘
1318,13:46:12,7.6,--,4,3040,买盘
1319,13:46:06,7.6,--,29,22040,买盘
1320,13:46:03,7.6,--,7,5320,买盘
1321,13:46:00,7.6,--,41,31160,买盘
1322,13:45:57,7.6,0.01,129,98040,买盘
1323,13:45:54,7.59,-0.01,5,3795,卖盘
1324,13:45:51,7.6,--,30,22800,买盘
1325,13:45:48,7.6,0.01,102,77520,买盘
1326,13:45:45,7.59,-0.01,4,3036,卖盘
1327,13:45:42,7.6,--,5,3800,买盘
1328,13:45:36,7.6,--,33,25080,买盘
1329,13:45:33,7.6,0.01,60,45600,买盘
1330,13:45:30,7.59,-0.01,25,18975,卖盘
1331,13:45:27,7.6,--,5,3800,买盘
1332,13:45:24,7.6,--,33,25080,买盘
1333,13:45:21,7.6,--,11,8360,买盘
1334,13:45:18,7.6,--,7,5320,买盘
1335,13:45:15,7.6,0.01,7,5320,买盘
1336,13:45:12,7.59,-0.01,27,20493,卖盘
1337,13:45:09,7.6,--,6,4560,买盘
1338,13:45:06,7.6,--,14,10640,买盘
1339,13:45:00,7.6,0.01,7,5320,买盘
1340,13:44:57,7.59,-0.01,5,3795,卖盘
1341,13:44:51,7.6,--,14,10640,买盘
1342,13:44:48,7.6,0.01,134,101840,买盘
1343,13:44:45,7.59,--,537,407583,卖盘
1344,13:44:42,7.59,-0.01,6,4554,卖盘
1345,13:44:39,7.6,--,53,40280,买盘
1346,13:44:36,7.6,--,40,30400,买盘
1347,13:44:33,7.6,0.01,13,9880,买盘
1348,13:44:30,7.59,--,9,6831,卖盘
1349,13:44:27,7.59,--,30,22770,卖盘
1350,13:44:24,7.59,-0.01,43,32637,卖盘
1351,13:44:21,7.6,--,6,4560,买盘
1352,13:44:18,7.6,--,98,74480,买盘
1353,13:44:15,7.6,--,23,17480,买盘
1354,13:44:12,7.6,--,296,224960,买盘
1355,13:44:09,7.6,--,18,13680,买盘
1356,13:44:06,7.6,0.01,33,25080,买盘
1357,13:44:03,7.59,--,4,3036,卖盘
1358,13:44:00,7.59,-0.01,2,1518,卖盘
1359,13:43:57,7.6,--,10,7600,买盘
1360,13:43:54,7.6,--,16,12160,买盘
1361,13:43:51,7.6,--,31,23560,买盘
1362,13:43:48,7.6,--,101,76760,买盘
1363,13:43:42,7.6,0.01,12,9120,买盘
1364,13:43:39,7.59,--,152,115368,卖盘
1365,13:43:36,7.59,-0.01,8,6072,卖盘
1366,13:43:33,7.6,0.01,28,21280,买盘
1367,13:43:30,7.59,--,13,9867,卖盘
1368,13:43:27,7.59,--,6,4554,卖盘
1369,13:43:24,7.59,-0.01,1,759,卖盘
1370,13:43:21,7.6,--,25,19000,买盘
1371,13:43:18,7.6,0.01,36,27360,买盘
1372,13:43:15,7.59,-0.01,8,6072,卖盘
1373,13:43:12,7.6,0.01,5,3800,买盘
1374,13:43:09,7.59,-0.01,26,19734,卖盘
1375,13:43:06,7.6,--,17,12920,买盘
1376,13:43:03,7.6,--,36,27360,买盘
1377,13:43:00,7.6,--,13,9880,买盘
1378,13:42:57,7.6,0.01,200,152000,买盘
1379,13:42:54,7.59,-0.01,3,2277,卖盘
1380,13:42:51,7.6,--,47,35720,买盘
1381,13:42:48,7.6,--,103,78280,买盘
1382,13:42:42,7.6,0.01,12,9120,买盘
1383,13:42:39,7.59,-0.01,1,759,卖盘
1384,13:42:36,7.6,--,17,12920,买盘
1385,13:42:33,7.6,0.01,11,8360,买盘
1386,13:42:30,7.59,--,15,11385,卖盘
1387,13:42:24,7.59,-0.01,5,3795,卖盘
1388,13:42:21,7.6,--,10,7600,买盘
1389,13:42:18,7.6,0.01,12,9120,买盘
1390,13:42:15,7.59,--,82,62238,买盘
1391,13:42:12,7.59,0.01,62,47058,买盘
1392,13:42:09,7.58,-0.01,20,15160,卖盘
1393,13:42:06,7.59,--,14,10626,买盘
1394,13:42:03,7.59,--,7,5313,买盘
1395,13:42:00,7.59,--,8,6072,买盘
1396,13:41:57,7.59,--,137,103983,买盘
1397,13:41:54,7.59,--,5,3795,买盘
1398,13:41:51,7.59,0.01,23,17457,买盘
1399,13:41:48,7.58,--,396,300168,卖盘
1400,13:41:45,7.58,-0.01,6,4548,卖盘
1401,13:41:42,7.59,--,11,8349,买盘
1402,13:41:39,7.59,--,101,76659,买盘
1403,13:41:36,7.59,--,24,18216,买盘
1404,13:41:33,7.59,--,11,8349,买盘
1405,13:41:27,7.59,--,12,9108,买盘
1406,13:41:24,7.59,--,12,9108,买盘
1407,13:41:21,7.59,--,15,11385,买盘
1408,13:41:18,7.59,--,6,4554,买盘
1409,13:41:15,7.59,0.01,4,3036,买盘
1410,13:41:12,7.58,-0.01,41,31078,卖盘
1411,13:41:09,7.59,--,28,21252,买盘
1412,13:41:06,7.59,--,12,9108,买盘
1413,13:41:03,7.59,0.01,32,24288,买盘
1414,13:41:00,7.58,-0.01,6,4548,卖盘
1415,13:40:54,7.59,--,17,12903,买盘
1416,13:40:51,7.59,--,15,11385,买盘
1417,13:40:48,7.59,--,101,76659,买盘
1418,13:40:45,7.59,--,2,1518,买盘
1419,13:40:42,7.59,0.01,4,3036,买盘
1420,13:40:39,7.58,-0.01,17,12886,卖盘
1421,13:40:36,7.59,--,21,15939,买盘
1422,13:40:33,7.59,--,12,9108,买盘
1423,13:40:27,7.59,--,14,10626,买盘
1424,13:40:24,7.59,--,13,9867,买盘
1425,13:40:21,7.59,--,132,100188,买盘
1426,13:40:18,7.59,0.01,44,33396,买盘
1427,13:40:15,7.58,-0.01,509,385822,卖盘
1428,13:40:12,7.59,--,6,4554,买盘
1429,13:40:09,7.59,0.01,25,18975,买盘
1430,13:40:06,7.58,-0.01,181,137198,卖盘
1431,13:40:03,7.59,0.01,172,130548,买盘
1432,13:39:57,7.58,-0.01,5,3790,卖盘
1433,13:39:54,7.59,--,29,22011,买盘
1434,13:39:51,7.59,--,42,31878,买盘
1435,13:39:48,7.59,0.01,101,76659,买盘
1436,13:39:42,7.58,--,23,17434,卖盘
1437,13:39:39,7.58,-0.01,105,79590,卖盘
1438,13:39:36,7.59,--,24,18216,买盘
1439,13:39:33,7.59,0.01,18,13662,买盘
1440,13:39:30,7.58,-0.01,5,3790,卖盘
1441,13:39:27,7.59,--,27,20493,买盘
1442,13:39:24,7.59,0.01,84,63756,买盘
1443,13:39:21,7.58,--,1,758,卖盘
1444,13:39:18,7.58,-0.01,13,9854,卖盘
1445,13:39:15,7.59,--,5,3795,买盘
1446,13:39:12,7.59,--,30,22770,买盘
1447,13:39:09,7.59,--,516,391644,买盘
1448,13:39:06,7.59,--,174,132066,买盘
1449,13:39:03,7.59,0.01,40,30360,买盘
1450,13:39:00,7.58,--,18,13644,卖盘
1451,13:38:57,7.58,--,17,12886,卖盘
1452,13:38:54,7.58,--,23,17434,卖盘
1453,13:38:51,7.58,-0.01,49,37142,卖盘
1454,13:38:48,7.59,0.01,112,85008,买盘
1455,13:38:45,7.58,-0.01,120,90960,卖盘
1456,13:38:42,7.59,--,3,2277,买盘
1457,13:38:39,7.59,--,3,2277,买盘
1458,13:38:36,7.59,0.01,21,15939,买盘
1459,13:38:33,7.58,-0.01,10,7580,卖盘
1460,13:38:30,7.59,--,7,5313,买盘
1461,13:38:27,7.59,0.01,7,5313,买盘
1462,13:38:24,7.58,-0.01,5,3790,卖盘
1463,13:38:21,7.59,--,16,12144,买盘
1464,13:38:18,7.59,--,26,19734,买盘
1465,13:38:15,7.59,--,3,2277,买盘
1466,13:38:12,7.59,0.01,39,29601,买盘
1467,13:38:09,7.58,-0.01,18,13644,卖盘
1468,13:38:06,7.59,--,24,18216,买盘
1469,13:38:03,7.59,--,100,75900,买盘
1470,13:38:00,7.59,--,12,9108,买盘
1471,13:37:57,7.59,--,14,10626,买盘
1472,13:37:54,7.59,0.02,5,3795,买盘
1473,13:37:51,7.57,--,112,84784,卖盘
1474,13:37:48,7.57,-0.01,372,281604,卖盘
1475,13:37:45,7.58,-0.01,82,62156,卖盘
1476,13:37:42,7.59,--,4,3036,买盘
1477,13:37:39,7.59,0.01,7,5313,买盘
1478,13:37:36,7.58,-0.01,2,1516,卖盘
1479,13:37:33,7.59,0.01,19,14421,买盘
1480,13:37:27,7.58,-0.01,6,4548,卖盘
1481,13:37:21,7.59,--,5,3795,买盘
1482,13:37:18,7.59,0.01,4,3036,买盘
1483,13:37:15,7.58,-0.01,8,6064,卖盘
1484,13:37:12,7.59,--,4,3036,买盘
1485,13:37:09,7.59,--,10,7590,买盘
1486,13:37:06,7.59,--,32,24288,买盘
1487,13:37:03,7.59,0.02,12,9108,买盘
1488,13:37:00,7.57,-0.02,8,6056,卖盘
1489,13:36:57,7.59,0.02,22,16698,买盘
1490,13:36:51,7.57,-0.02,33,24981,卖盘
1491,13:36:48,7.59,0.01,101,76659,买盘
1492,13:36:42,7.58,--,14,10612,买盘
1493,13:36:39,7.58,--,91,68978,买盘
1494,13:36:36,7.58,--,26,19708,买盘
1495,13:36:33,7.58,0.01,498,377484,买盘
1496,13:36:30,7.57,-0.01,106,80242,卖盘
1497,13:36:24,7.58,--,82,62156,买盘
1498,13:36:21,7.58,0.01,9,6822,买盘
1499,13:36:18,7.57,--,20,15140,卖盘
1500,13:36:15,7.57,-0.01,44,33308,卖盘
1501,13:36:12,7.58,--,25,18950,买盘
1502,13:36:09,7.58,--,6,4548,买盘
1503,13:36:06,7.58,--,11,8338,买盘
1504,13:36:03,7.58,0.01,49,37142,买盘
1505,13:36:00,7.57,--,11,8327,卖盘
1506,13:35:54,7.57,-0.01,5,3785,卖盘
1507,13:35:51,7.58,--,22,16676,买盘
1508,13:35:48,7.58,0.01,119,90202,买盘
1509,13:35:45,7.57,-0.01,93,70401,卖盘
1510,13:35:42,7.58,--,342,259236,买盘
1511,13:35:39,7.58,0.01,26,19708,买盘
1512,13:35:36,7.57,-0.01,77,58289,卖盘
1513,13:35:33,7.58,--,22,16676,买盘
1514,13:35:27,7.58,--,45,34110,买盘
1515,13:35:21,7.58,--,29,21982,买盘
1516,13:35:18,7.58,--,18,13644,买盘
1517,13:35:15,7.58,--,191,144778,买盘
1518,13:35:12,7.58,0.01,33,25014,买盘
1519,13:35:09,7.57,-0.01,5,3785,卖盘
1520,13:35:06,7.58,--,43,32594,买盘
1521,13:35:03,7.58,--,42,31836,买盘
1522,13:35:00,7.58,0.01,156,118248,买盘
1523,13:34:57,7.57,-0.01,11,8327,卖盘
1524,13:34:51,7.58,--,76,57608,买盘
1525,13:34:48,7.58,0.01,315,238770,买盘
1526,13:34:45,7.57,-0.01,54,40878,卖盘
1527,13:34:42,7.58,0.01,5,3790,买盘
1528,13:34:39,7.57,-0.01,71,53747,卖盘
1529,13:34:36,7.58,0.01,40,30320,买盘
1530,13:34:33,7.57,-0.01,55,41635,卖盘
1531,13:34:30,7.58,0.01,10,7580,买盘
1532,13:34:27,7.57,--,165,124905,卖盘
1533,13:34:24,7.57,-0.01,11,8327,卖盘
1534,13:34:21,7.58,--,34,25772,买盘
1535,13:34:18,7.58,--,380,288040,买盘
1536,13:34:15,7.58,--,5,3790,买盘
1537,13:34:12,7.58,--,67,50786,买盘
1538,13:34:09,7.58,--,44,33352,买盘
1539,13:34:06,7.58,--,9,6822,买盘
1540,13:34:03,7.58,0.01,47,35626,买盘
1541,13:34:00,7.57,-0.01,5,3785,卖盘
1542,13:33:51,7.58,--,16,12128,买盘
1543,13:33:48,7.58,--,120,90960,买盘
1544,13:33:45,7.58,--,2,1516,买盘
1545,13:33:42,7.58,0.01,30,22740,买盘
1546,13:33:39,7.57,-0.01,6,4542,卖盘
1547,13:33:36,7.58,--,5,3790,买盘
1548,13:33:33,7.58,--,23,17434,买盘
1549,13:33:30,7.58,--,105,79590,买盘
1550,13:33:27,7.58,--,31,23498,买盘
1551,13:33:24,7.58,--,35,26530,买盘
1552,13:33:18,7.58,0.01,5,3790,买盘
1553,13:33:15,7.57,-0.01,9,6813,卖盘
1554,13:33:12,7.58,--,28,21224,买盘
1555,13:33:09,7.58,--,131,99298,买盘
1556,13:33:06,7.58,0.01,38,28804,买盘
1557,13:33:03,7.57,-0.01,34,25738,卖盘
1558,13:33:00,7.58,0.01,17,12886,买盘
1559,13:32:54,7.57,-0.01,7,5299,卖盘
1560,13:32:51,7.58,0.01,29,21982,买盘
1561,13:32:48,7.57,-0.01,144,109008,卖盘
1562,13:32:45,7.58,--,13,9854,买盘
1563,13:32:42,7.58,--,211,159938,买盘
1564,13:32:39,7.58,--,40,30320,买盘
1565,13:32:36,7.58,--,19,14402,买盘
1566,13:32:33,7.58,0.01,24,18192,买盘
1567,13:32:30,7.57,--,24,18168,卖盘
1568,13:32:27,7.57,-0.01,21,15897,卖盘
1569,13:32:24,7.58,0.01,9,6822,买盘
1570,13:32:21,7.57,--,29,21953,卖盘
1571,13:32:18,7.57,--,11,8327,卖盘
1572,13:32:15,7.57,-0.01,33,24981,卖盘
1573,13:32:12,7.58,0.01,41,31078,买盘
1574,13:32:09,7.57,-0.01,148,112036,卖盘
1575,13:32:06,7.58,--,1,758,买盘
1576,13:32:03,7.58,0.01,32,24256,买盘
1577,13:31:57,7.57,-0.01,5,3785,卖盘
1578,13:31:51,7.58,--,8,6064,买盘
1579,13:31:48,7.58,--,132,100056,买盘
1580,13:31:45,7.58,--,13,9854,买盘
1581,13:31:42,7.58,0.01,103,78074,买盘
1582,13:31:39,7.57,--,27,20439,卖盘
1583,13:31:36,7.57,--,218,165026,卖盘
1584,13:31:33,7.57,-0.01,23,17411,卖盘
1585,13:31:30,7.58,--,262,198596,买盘
1586,13:31:27,7.58,0.01,5,3790,买盘
1587,13:31:24,7.57,-0.01,9,6813,卖盘
1588,13:31:21,7.58,0.01,17,12886,买盘
1589,13:31:18,7.57,-0.01,6,4542,卖盘
1590,13:31:15,7.58,0.01,4,3032,买盘
1591,13:31:12,7.57,--,18,13626,卖盘
1592,13:31:09,7.57,-0.01,28,21196,卖盘
1593,13:31:06,7.58,0.01,21,15918,买盘
1594,13:31:03,7.57,--,283,214231,卖盘
1595,13:31:00,7.57,--,6,4542,卖盘
1596,13:30:51,7.57,--,52,39364,卖盘
1597,13:30:48,7.57,-0.01,195,147615,卖盘
1598,13:30:45,7.58,--,6,4548,买盘
1599,13:30:42,7.58,0.01,4,3032,买盘
1600,13:30:39,7.57,-0.01,32,24224,卖盘
1601,13:30:33,7.58,--,23,17434,买盘
1602,13:30:30,7.58,0.01,100,75800,买盘
1603,13:30:27,7.57,-0.01,11,8327,卖盘
1604,13:30:24,7.58,0.01,76,57608,买盘
1605,13:30:21,7.57,--,18,13626,买盘
1606,13:30:18,7.57,--,31,23467,卖盘
1607,13:30:15,7.57,-0.01,31,23467,卖盘
1608,13:30:12,7.58,0.01,5,3790,买盘
1609,13:30:09,7.57,-0.01,19,14383,卖盘
1610,13:30:06,7.58,0.01,48,36384,买盘
1611,13:30:03,7.57,--,31,23467,卖盘
1612,13:30:00,7.57,--,18,13626,买盘
1613,13:29:57,7.57,-0.01,3,2271,中性盘
1614,13:29:54,7.58,--,22,16676,买盘
1615,13:29:51,7.58,0.02,38,28804,买盘
1616,13:29:48,7.56,-0.02,301,227556,卖盘
1617,13:29:45,7.58,0.01,3,2274,买盘
1618,13:29:42,7.57,-0.01,7,5299,卖盘
1619,13:29:39,7.58,0.01,30,22740,买盘
1620,13:29:33,7.57,--,29,21953,卖盘
1621,13:29:30,7.57,-0.01,31,23467,卖盘
1622,13:29:27,7.58,--,17,12886,买盘
1623,13:29:24,7.58,0.01,3,2274,买盘
1624,13:29:21,7.57,--,2,1514,卖盘
1625,13:29:18,7.57,-0.01,5,3785,卖盘
1626,13:29:15,7.58,--,2,1516,买盘
1627,13:29:12,7.58,0.01,4,3032,买盘
1628,13:29:09,7.57,-0.01,6,4542,卖盘
1629,13:29:06,7.58,--,4,3032,买盘
1630,13:29:03,7.58,0.01,72,54576,买盘
1631,13:29:00,7.57,0.01,469,355033,买盘
1632,13:28:57,7.56,-0.01,9,6804,卖盘
1633,13:28:51,7.57,--,82,62074,买盘
1634,13:28:48,7.57,0.01,168,127176,买盘
1635,13:28:45,7.56,-0.01,68,51408,卖盘
1636,13:28:42,7.57,--,501,379257,卖盘
1637,13:28:39,7.57,-0.01,57,43149,卖盘
1638,13:28:36,7.58,--,5,3790,买盘
1639,13:28:33,7.58,--,39,29562,买盘
1640,13:28:27,7.58,--,7,5306,买盘
1641,13:28:24,7.58,0.01,4,3032,买盘
1642,13:28:21,7.57,-0.01,14,10598,卖盘
1643,13:28:18,7.58,--,24,18192,买盘
1644,13:28:15,7.58,0.01,13,9854,买盘
1645,13:28:12,7.57,--,148,112036,卖盘
1646,13:28:09,7.57,--,58,43906,卖盘
1647,13:28:06,7.57,-0.01,5,3785,卖盘
1648,13:28:03,7.58,--,30,22740,买盘
1649,13:28:00,7.58,0.01,85,64430,买盘
1650,13:27:57,7.57,-0.01,20,15140,卖盘
1651,13:27:51,7.58,0.01,14,10612,买盘
1652,13:27:48,7.57,-0.01,113,85541,卖盘
1653,13:27:45,7.58,--,132,100056,买盘
1654,13:27:42,7.58,--,11,8338,买盘
1655,13:27:39,7.58,0.01,8,6064,买盘
1656,13:27:36,7.57,-0.01,6,4542,卖盘
1657,13:27:33,7.58,0.01,17,12886,买盘
1658,13:27:30,7.57,-0.01,33,24981,卖盘
1659,13:27:27,7.58,--,7,5306,买盘
1660,13:27:24,7.58,0.01,3,2274,买盘
1661,13:27:18,7.57,--,20,15140,卖盘
1662,13:27:15,7.57,-0.01,58,43906,卖盘
1663,13:27:12,7.58,0.01,33,25014,买盘
1664,13:27:09,7.57,--,13,9841,卖盘
1665,13:27:03,7.57,--,37,28009,卖盘
1666,13:27:00,7.57,-0.01,109,82513,卖盘
1667,13:26:57,7.58,--,2,1516,买盘
1668,13:26:54,7.58,0.01,10,7580,买盘
1669,13:26:51,7.57,-0.01,42,31794,卖盘
1670,13:26:48,7.58,--,101,76558,买盘
1671,13:26:45,7.58,--,3,2274,买盘
1672,13:26:42,7.58,0.01,1,758,买盘
1673,13:26:39,7.57,--,70,52990,卖盘
1674,13:26:36,7.57,-0.01,300,227100,卖盘
1675,13:26:33,7.58,0.01,28,21224,买盘
1676,13:26:30,7.57,--,93,70401,卖盘
1677,13:26:27,7.57,-0.01,4,3028,卖盘
1678,13:26:24,7.58,--,10,7580,买盘
1679,13:26:21,7.58,0.01,41,31078,买盘
1680,13:26:18,7.57,-0.01,17,12869,卖盘
1681,13:26:15,7.58,--,3,2274,买盘
1682,13:26:12,7.58,0.01,6,4548,买盘
1683,13:26:09,7.57,-0.01,61,46177,卖盘
1684,13:26:06,7.58,0.01,10,7580,买盘
1685,13:26:03,7.57,-0.01,54,40878,卖盘
1686,13:26:00,7.58,0.01,6,4548,买盘
1687,13:25:57,7.57,-0.01,10,7570,卖盘
1688,13:25:54,7.58,--,6,4548,买盘
1689,13:25:51,7.58,0.01,12,9096,买盘
1690,13:25:48,7.57,-0.01,201,152157,卖盘
1691,13:25:42,7.58,0.01,16,12128,买盘
1692,13:25:39,7.57,-0.01,50,37850,卖盘
1693,13:25:33,7.58,0.01,3,2274,买盘
1694,13:25:30,7.57,--,67,50719,卖盘
1695,13:25:27,7.57,-0.01,1,757,卖盘
1696,13:25:24,7.58,--,19,14402,买盘
1697,13:25:21,7.58,0.01,66,50028,买盘
1698,13:25:18,7.57,-0.01,9,6813,卖盘
1699,13:25:15,7.58,--,3,2274,买盘
1700,13:25:12,7.58,0.01,21,15918,买盘
1701,13:25:09,7.57,--,229,173353,买盘
1702,13:25:06,7.57,--,237,179409,买盘
1703,13:25:03,7.57,--,23,17411,买盘
1704,13:25:00,7.57,0.01,18,13626,买盘
1705,13:24:57,7.56,-0.01,3,2268,卖盘
1706,13:24:51,7.57,0.01,1,757,买盘
1707,13:24:45,7.56,-0.01,10,7560,卖盘
1708,13:24:42,7.57,--,6,4542,买盘
1709,13:24:39,7.57,0.01,28,21196,买盘
1710,13:24:36,7.56,-0.01,5,3780,卖盘
1711,13:24:33,7.57,--,4,3028,买盘
1712,13:24:27,7.57,0.01,38,28766,买盘
1713,13:24:24,7.56,-0.01,442,334152,卖盘
1714,13:24:21,7.57,-0.01,500,378500,卖盘
1715,13:24:18,7.58,--,4,3032,买盘
1716,13:24:15,7.58,--,12,9096,买盘
1717,13:24:12,7.58,--,10,7580,买盘
1718,13:24:09,7.58,--,4,3032,买盘
1719,13:24:06,7.58,--,1,758,买盘
1720,13:24:03,7.58,0.01,24,18192,买盘
1721,13:24:00,7.57,-0.01,11,8327,卖盘
1722,13:23:57,7.58,--,10,7580,买盘
1723,13:23:54,7.58,--,100,75800,买盘
1724,13:23:51,7.58,0.01,42,31836,买盘
1725,13:23:48,7.57,-0.01,6,4542,卖盘
1726,13:23:45,7.58,--,4,3032,买盘
1727,13:23:42,7.58,0.01,7,5306,买盘
1728,13:23:39,7.57,--,113,85541,卖盘
1729,13:23:36,7.57,-0.01,7,5299,卖盘
1730,13:23:33,7.58,0.01,14,10612,买盘
1731,13:23:30,7.57,--,75,56775,卖盘
1732,13:23:27,7.57,-0.01,4,3028,卖盘
1733,13:23:24,7.58,--,4,3032,买盘
1734,13:23:18,7.58,0.01,5,3790,买盘
1735,13:23:15,7.57,-0.01,14,10598,卖盘
1736,13:23:12,7.58,0.01,4,3032,买盘
1737,13:23:09,7.57,-0.01,37,28009,卖盘
1738,13:23:06,7.58,0.02,36,27288,买盘
1739,13:23:03,7.56,-0.01,524,396144,卖盘
1740,13:23:00,7.57,--,61,46177,卖盘
1741,13:22:54,7.57,-0.01,62,46934,卖盘
1742,13:22:51,7.58,--,1,758,买盘
1743,13:22:48,7.58,0.01,28,21224,买盘
1744,13:22:45,7.57,-0.01,505,382285,卖盘
1745,13:22:42,7.58,0.01,9,6822,买盘
1746,13:22:39,7.57,-0.01,61,46177,卖盘
1747,13:22:33,7.58,0.01,6,4548,买盘
1748,13:22:30,7.57,-0.01,4,3028,卖盘
1749,13:22:24,7.58,0.01,12,9096,买盘
1750,13:22:21,7.57,--,8,6056,卖盘
1751,13:22:18,7.57,-0.01,96,72672,卖盘
1752,13:22:15,7.58,--,3,2274,买盘
1753,13:22:12,7.58,--,16,12128,买盘
1754,13:22:09,7.58,0.01,67,50786,买盘
1755,13:22:06,7.57,-0.01,62,46934,卖盘
1756,13:22:03,7.58,--,120,90960,买盘
1757,13:22:00,7.58,0.01,17,12886,买盘
1758,13:21:57,7.57,-0.01,7,5299,卖盘
1759,13:21:54,7.58,0.01,5,3790,买盘
1760,13:21:51,7.57,-0.01,43,32551,卖盘
1761,13:21:48,7.58,0.01,3,2274,买盘
1762,13:21:45,7.57,-0.01,10,7570,卖盘
1763,13:21:42,7.58,0.01,5,3790,买盘
1764,13:21:39,7.57,-0.01,34,25738,卖盘
1765,13:21:36,7.58,0.01,62,46996,买盘
1766,13:21:33,7.57,--,16,12112,卖盘
1767,13:21:30,7.57,-0.01,1,757,卖盘
1768,13:21:27,7.58,--,2,1516,买盘
1769,13:21:24,7.58,0.01,53,40174,买盘
1770,13:21:21,7.57,-0.01,692,523844,卖盘
1771,13:21:18,7.58,--,6,4548,买盘
1772,13:21:15,7.58,--,39,29562,买盘
1773,13:21:12,7.58,0.01,95,72010,买盘
1774,13:21:09,7.57,-0.01,100,75700,卖盘
1775,13:21:06,7.58,--,8,6064,买盘
1776,13:21:03,7.58,--,113,85654,买盘
1777,13:21:00,7.58,--,38,28804,买盘
1778,13:20:57,7.58,--,5,3790,买盘
1779,13:20:54,7.58,0.01,19,14402,买盘
1780,13:20:51,7.57,--,65,49205,卖盘
1781,13:20:48,7.57,--,14,10598,卖盘
1782,13:20:45,7.57,-0.01,79,59803,卖盘
1783,13:20:42,7.58,--,6,4548,买盘
1784,13:20:39,7.58,0.01,5,3790,买盘
1785,13:20:36,7.57,--,6,4542,卖盘
1786,13:20:33,7.57,-0.01,36,27252,卖盘
1787,13:20:27,7.58,0.01,8,6064,买盘
1788,13:20:24,7.57,-0.01,26,19682,卖盘
1789,13:20:21,7.58,--,20,15160,买盘
1790,13:20:18,7.58,0.01,15,11370,买盘
1791,13:20:15,7.57,-0.01,11,8327,卖盘
1792,13:20:12,7.58,--,5,3790,买盘
1793,13:20:09,7.58,--,5,3790,买盘
1794,13:20:06,7.58,--,16,12128,买盘
1795,13:20:03,7.58,--,206,156148,买盘
1796,13:20:00,7.58,--,6,4548,买盘
1797,13:19:54,7.58,0.01,66,50028,买盘
1798,13:19:51,7.57,--,834,631338,买盘
1799,13:19:48,7.57,--,19,14383,买盘
1800,13:19:45,7.57,--,5,3785,买盘
1801,13:19:42,7.57,0.01,41,31037,买盘
1802,13:19:39,7.56,--,9,6804,卖盘
1803,13:19:33,7.56,--,28,21168,卖盘
1804,13:19:30,7.56,--,4,3024,卖盘
1805,13:19:27,7.56,-0.01,6,4536,卖盘
1806,13:19:24,7.57,0.01,13,9841,买盘
1807,13:19:21,7.56,-0.01,12,9072,卖盘
1808,13:19:18,7.57,--,12,9084,买盘
1809,13:19:15,7.57,--,45,34065,买盘
1810,13:19:12,7.57,--,9,6813,买盘
1811,13:19:09,7.57,0.01,11,8327,买盘
1812,13:19:06,7.56,--,164,123984,卖盘
1813,13:19:03,7.56,--,186,140616,卖盘
1814,13:19:00,7.56,--,18,13608,卖盘
1815,13:18:54,7.56,-0.01,11,8316,卖盘
1816,13:18:51,7.57,--,1,757,买盘
1817,13:18:48,7.57,0.01,1,757,买盘
1818,13:18:45,7.56,-0.01,9,6804,卖盘
1819,13:18:42,7.57,0.01,6,4542,买盘
1820,13:18:39,7.56,-0.01,89,67284,卖盘
1821,13:18:33,7.57,0.01,9,6813,买盘
1822,13:18:27,7.56,--,10,7560,卖盘
1823,13:18:24,7.56,--,169,127764,卖盘
1824,13:18:21,7.56,--,12,9072,卖盘
1825,13:18:18,7.56,-0.01,57,43092,卖盘
1826,13:18:15,7.57,--,46,34822,买盘
1827,13:18:12,7.57,0.01,4,3028,买盘
1828,13:18:09,7.56,-0.01,18,13608,卖盘
1829,13:18:06,7.57,-0.01,17,12869,中性盘
1830,13:18:03,7.58,0.01,153,115974,买盘
1831,13:18:00,7.57,--,152,115064,卖盘
1832,13:17:57,7.57,--,21,15897,卖盘
1833,13:17:54,7.57,--,254,192278,卖盘
1834,13:17:51,7.57,-0.01,80,60560,卖盘
1835,13:17:48,7.58,--,51,38658,买盘
1836,13:17:42,7.58,--,7,5306,买盘
1837,13:17:39,7.58,0.02,4,3032,买盘
1838,13:17:36,7.56,-0.02,4,3024,卖盘
1839,13:17:33,7.58,--,5,3790,买盘
1840,13:17:30,7.58,0.02,7,5306,买盘
1841,13:17:27,7.56,-0.01,36,27216,卖盘
1842,13:17:24,7.57,-0.01,10,7570,卖盘
1843,13:17:21,7.58,--,7,5306,买盘
1844,13:17:18,7.58,--,74,56092,买盘
1845,13:17:15,7.58,0.01,432,327456,买盘
1846,13:17:12,7.57,-0.01,7,5299,卖盘
1847,13:17:06,7.58,--,14,10612,买盘
1848,13:17:03,7.58,0.02,91,68978,买盘
1849,13:17:00,7.56,-0.01,31,23436,卖盘
1850,13:16:57,7.57,--,15,11355,买盘
1851,13:16:54,7.57,-0.01,109,82513,卖盘
1852,13:16:51,7.58,0.01,5,3790,买盘
1853,13:16:42,7.57,--,5,3785,卖盘
1854,13:16:39,7.57,-0.01,19,14383,卖盘
1855,13:16:36,7.58,--,10,7580,买盘
1856,13:16:33,7.58,--,103,78074,买盘
1857,13:16:30,7.58,0.01,8,6064,买盘
1858,13:16:27,7.57,-0.01,17,12869,卖盘
1859,13:16:24,7.58,--,249,188742,买盘
1860,13:16:21,7.58,0.01,7,5306,买盘
1861,13:16:18,7.57,-0.01,25,19227,卖盘
1862,13:16:15,7.58,--,3,2274,买盘
1863,13:16:12,7.58,--,33,25014,买盘
1864,13:16:09,7.58,--,11,8338,买盘
1865,13:16:06,7.58,--,30,22740,买盘
1866,13:16:03,7.58,--,87,65946,买盘
1867,13:16:00,7.58,--,28,21224,买盘
1868,13:15:57,7.58,0.02,36,27742,买盘
1869,13:15:54,7.56,-0.01,79,59724,卖盘
1870,13:15:51,7.57,--,8,6056,买盘
1871,13:15:48,7.57,0.01,45,34065,买盘
1872,13:15:45,7.56,--,76,57456,卖盘
1873,13:15:42,7.56,-0.01,16,12096,卖盘
1874,13:15:39,7.57,0.01,136,102952,买盘
1875,13:15:33,7.56,-0.01,14,10584,卖盘
1876,13:15:30,7.57,--,56,42392,买盘
1877,13:15:27,7.57,--,40,30280,买盘
1878,13:15:24,7.57,0.01,91,68887,买盘
1879,13:15:21,7.56,-0.01,6,4536,卖盘
1880,13:15:18,7.57,--,10,7570,买盘
1881,13:15:15,7.57,--,86,65102,买盘
1882,13:15:12,7.57,--,13,9841,买盘
1883,13:15:09,7.57,0.01,77,58289,买盘
1884,13:15:06,7.56,-0.01,88,66528,卖盘
1885,13:15:03,7.57,--,87,65859,买盘
1886,13:15:00,7.57,--,5,3785,买盘
1887,13:14:57,7.57,--,100,75700,买盘
1888,13:14:54,7.57,0.01,72,54504,买盘
1889,13:14:51,7.56,-0.01,27,20412,卖盘
1890,13:14:48,7.57,0.01,16,12112,买盘
1891,13:14:45,7.56,-0.01,236,178416,卖盘
1892,13:14:42,7.57,--,16,12112,买盘
1893,13:14:39,7.57,--,24,18168,买盘
1894,13:14:36,7.57,--,10,7570,买盘
1895,13:14:33,7.57,--,23,17411,买盘
1896,13:14:27,7.57,0.01,20,15140,买盘
1897,13:14:24,7.56,-0.01,7,5292,卖盘
1898,13:14:21,7.57,0.01,6,4542,买盘
1899,13:14:18,7.56,-0.01,67,50652,卖盘
1900,13:14:15,7.57,0.01,215,162755,买盘
1901,13:14:12,7.56,-0.01,9,6804,卖盘
1902,13:14:09,7.57,--,1,757,买盘
1903,13:14:06,7.57,--,13,9841,买盘
1904,13:14:03,7.57,0.01,93,70401,买盘
1905,13:14:00,7.56,-0.01,50,37800,卖盘
1906,13:13:57,7.57,--,161,121877,买盘
1907,13:13:54,7.57,0.01,211,159727,买盘
1908,13:13:51,7.56,--,188,142128,卖盘
1909,13:13:48,7.56,-0.01,7,5292,卖盘
1910,13:13:45,7.57,0.01,11,8327,买盘
1911,13:13:42,7.56,--,113,85428,卖盘
1912,13:13:39,7.56,--,64,48384,卖盘
1913,13:13:36,7.56,-0.01,7,5292,卖盘
1914,13:13:33,7.57,--,3,2271,买盘
1915,13:13:27,7.57,--,8,6056,买盘
1916,13:13:24,7.57,0.01,14,10598,买盘
1917,13:13:21,7.56,-0.01,109,82404,卖盘
1918,13:13:18,7.57,0.01,18,13626,买盘
1919,13:13:15,7.56,--,8,6048,卖盘
1920,13:13:12,7.56,-0.01,37,27972,卖盘
1921,13:13:06,7.57,--,19,14383,买盘
1922,13:13:03,7.57,--,93,70401,买盘
1923,13:13:00,7.57,--,7,5299,买盘
1924,13:12:57,7.57,--,19,14383,买盘
1925,13:12:54,7.57,--,12,9084,买盘
1926,13:12:51,7.57,--,4,3028,买盘
1927,13:12:48,7.57,--,15,11355,买盘
1928,13:12:45,7.57,--,131,99167,买盘
1929,13:12:42,7.57,--,11,8327,买盘
1930,13:12:36,7.57,--,10,7570,买盘
1931,13:12:33,7.57,0.01,11,8327,买盘
1932,13:12:30,7.56,-0.01,25,18900,卖盘
1933,13:12:24,7.57,0.01,5,3785,买盘
1934,13:12:18,7.56,-0.01,8,6048,卖盘
1935,13:12:15,7.57,--,5,3785,买盘
1936,13:12:12,7.57,0.01,23,17411,买盘
1937,13:12:09,7.56,--,5,3780,卖盘
1938,13:12:06,7.56,-0.01,23,17388,卖盘
1939,13:12:03,7.57,--,113,85541,买盘
1940,13:12:00,7.57,--,1,757,买盘
1941,13:11:57,7.57,--,11,8327,买盘
1942,13:11:54,7.57,0.01,5,3785,买盘
1943,13:11:51,7.56,-0.01,54,40824,卖盘
1944,13:11:48,7.57,0.01,336,254352,买盘
1945,13:11:45,7.56,-0.01,44,33264,卖盘
1946,13:11:42,7.57,--,6,4542,买盘
1947,13:11:39,7.57,--,5,3785,买盘
1948,13:11:36,7.57,--,20,15140,买盘
1949,13:11:33,7.57,0.01,310,234670,买盘
1950,13:11:30,7.56,--,5,3780,卖盘
1951,13:11:27,7.56,--,15,11340,卖盘
1952,13:11:24,7.56,--,27,20412,卖盘
1953,13:11:21,7.56,-0.01,32,24192,卖盘
1954,13:11:18,7.57,--,10,7570,买盘
1955,13:11:15,7.57,--,55,41635,买盘
1956,13:11:12,7.57,--,20,15140,买盘
1957,13:11:09,7.57,--,5,3785,买盘
1958,13:11:06,7.57,--,21,15897,买盘
1959,13:11:03,7.57,0.01,109,82513,买盘
1960,13:11:00,7.56,--,30,22680,卖盘
1961,13:10:57,7.56,-0.01,305,230580,卖盘
1962,13:10:54,7.57,--,30,22710,买盘
1963,13:10:51,7.57,0.01,18,13626,买盘
1964,13:10:48,7.56,-0.01,138,104328,卖盘
1965,13:10:45,7.57,--,1,757,买盘
1966,13:10:42,7.57,--,5,3785,买盘
1967,13:10:39,7.57,--,74,56018,买盘
1968,13:10:36,7.57,--,41,31037,买盘
1969,13:10:33,7.57,--,66,49962,买盘
1970,13:10:30,7.57,0.01,144,109008,买盘
1971,13:10:27,7.56,-0.01,5,3780,卖盘
1972,13:10:24,7.57,--,66,49962,买盘
1973,13:10:21,7.57,0.01,13,9841,买盘
1974,13:10:18,7.56,--,57,43092,卖盘
1975,13:10:15,7.56,-0.01,11,8316,卖盘
1976,13:10:12,7.57,--,5,3785,买盘
1977,13:10:09,7.57,--,22,16654,买盘
1978,13:10:06,7.57,0.01,45,34065,买盘
1979,13:10:03,7.56,-0.01,117,88452,卖盘
1980,13:10:00,7.57,--,7,5299,买盘
1981,13:09:57,7.57,--,7,5299,买盘
1982,13:09:54,7.57,--,11,8327,买盘
1983,13:09:51,7.57,--,60,45420,买盘
1984,13:09:48,7.57,0.01,23,17411,买盘
1985,13:09:45,7.56,--,369,278964,卖盘
1986,13:09:42,7.56,--,8,6048,卖盘
1987,13:09:39,7.56,-0.01,54,40824,卖盘
1988,13:09:36,7.57,--,7,5299,买盘
1989,13:09:33,7.57,0.01,16,12112,买盘
1990,13:09:30,7.56,--,23,17388,卖盘
1991,13:09:27,7.56,-0.01,10,7560,卖盘
1992,13:09:24,7.57,0.01,7,5299,买盘
1993,13:09:21,7.56,-0.01,5,3780,卖盘
1994,13:09:18,7.57,--,60,45420,买盘
1995,13:09:15,7.57,--,24,18168,买盘
1996,13:09:12,7.57,0.01,45,34065,买盘
1997,13:09:09,7.56,-0.01,10,7560,卖盘
1998,13:09:06,7.57,--,9,6813,买盘
1999,13:09:03,7.57,--,107,80999,买盘
2000,13:09:00,7.57,0.01,74,56018,买盘
2001,13:08:57,7.56,--,26,19656,卖盘
2002,13:08:54,7.56,-0.01,268,202608,卖盘
2003,13:08:51,7.57,0.01,35,26495,买盘
2004,13:08:48,7.56,--,5,3780,卖盘
2005,13:08:45,7.56,-0.01,6,4536,卖盘
2006,13:08:42,7.57,0.01,31,23467,买盘
2007,13:08:39,7.56,--,114,86184,卖盘
2008,13:08:36,7.56,--,38,28728,卖盘
2009,13:08:33,7.56,-0.01,244,184464,卖盘
2010,13:08:30,7.57,--,4,3028,买盘
2011,13:08:24,7.57,--,23,17411,买盘
2012,13:08:21,7.57,0.01,28,21196,买盘
2013,13:08:18,7.56,-0.01,125,94500,卖盘
2014,13:08:15,7.57,--,61,46177,买盘
2015,13:08:12,7.57,--,17,12869,买盘
2016,13:08:09,7.57,--,31,23467,买盘
2017,13:08:06,7.57,0.01,87,65859,买盘
2018,13:08:03,7.56,-0.01,130,98280,卖盘
2019,13:08:00,7.57,--,38,28766,买盘
2020,13:07:57,7.57,0.01,45,34065,买盘
2021,13:07:54,7.56,--,101,76356,卖盘
2022,13:07:51,7.56,--,40,30240,卖盘
2023,13:07:48,7.56,--,110,83160,卖盘
2024,13:07:45,7.56,-0.01,16,12096,卖盘
2025,13:07:42,7.57,0.01,37,28009,买盘
2026,13:07:39,7.56,--,60,45360,卖盘
2027,13:07:36,7.56,-0.01,1,756,卖盘
2028,13:07:33,7.57,--,5,3785,买盘
2029,13:07:30,7.57,0.01,6,4542,买盘
2030,13:07:27,7.56,-0.01,7,5292,卖盘
2031,13:07:24,7.57,--,7,5299,买盘
2032,13:07:18,7.57,0.01,4,3028,买盘
2033,13:07:15,7.56,-0.01,11,8316,卖盘
2034,13:07:12,7.57,0.01,27,20439,买盘
2035,13:07:09,7.56,-0.01,63,47628,卖盘
2036,13:07:06,7.57,--,36,27252,买盘
2037,13:07:03,7.57,--,176,133232,买盘
2038,13:07:00,7.57,--,29,21953,买盘
2039,13:06:57,7.57,0.01,20,15140,买盘
2040,13:06:54,7.56,--,63,47628,卖盘
2041,13:06:51,7.56,-0.01,17,12852,卖盘
2042,13:06:48,7.57,--,63,47691,买盘
2043,13:06:45,7.57,--,7,5299,买盘
2044,13:06:42,7.57,--,31,23467,买盘
2045,13:06:36,7.57,--,40,30280,买盘
2046,13:06:33,7.57,--,10,7570,买盘
2047,13:06:30,7.57,--,42,31794,卖盘
2048,13:06:27,7.57,-0.01,2,1514,卖盘
2049,13:06:24,7.58,--,37,28046,买盘
2050,13:06:21,7.58,0.01,636,482088,买盘
2051,13:06:18,7.57,--,78,59046,买盘
2052,13:06:15,7.57,0.01,49,37093,买盘
2053,13:06:12,7.56,-0.02,396,299376,卖盘
2054,13:06:06,7.58,0.01,18,13644,买盘
2055,13:06:03,7.57,--,99,74943,卖盘
2056,13:06:00,7.57,--,23,17411,卖盘
2057,13:05:54,7.57,-0.01,5,3785,卖盘
2058,13:05:51,7.58,--,6,4548,买盘
2059,13:05:48,7.58,--,40,30320,买盘
2060,13:05:45,7.58,0.01,44,33352,买盘
2061,13:05:42,7.57,-0.01,509,385313,卖盘
2062,13:05:39,7.58,0.01,17,12886,买盘
2063,13:05:36,7.57,-0.01,7,5299,卖盘
2064,13:05:33,7.58,--,9,6822,买盘
2065,13:05:30,7.58,0.01,35,26530,买盘
2066,13:05:27,7.57,-0.01,536,405752,卖盘
2067,13:05:24,7.58,0.01,4,3032,买盘
2068,13:05:21,7.57,-0.01,11,8327,卖盘
2069,13:05:18,7.58,--,69,52302,买盘
2070,13:05:15,7.58,--,15,11370,买盘
2071,13:05:12,7.58,0.01,58,43964,买盘
2072,13:05:09,7.57,-0.01,693,524601,卖盘
2073,13:05:06,7.58,0.01,25,18950,买盘
2074,13:05:03,7.57,--,133,100681,卖盘
2075,13:05:00,7.57,--,518,392126,卖盘
2076,13:04:57,7.57,-0.01,1,757,卖盘
2077,13:04:51,7.58,--,15,11370,买盘
2078,13:04:48,7.58,0.01,76,57608,买盘
2079,13:04:45,7.57,-0.02,196,148372,卖盘
2080,13:04:42,7.59,0.01,20,15180,买盘
2081,13:04:39,7.58,-0.01,49,37142,卖盘
2082,13:04:36,7.59,--,10,7590,买盘
2083,13:04:33,7.59,0.02,34,25806,买盘
2084,13:04:24,7.57,-0.01,6,4542,卖盘
2085,13:04:21,7.58,0.01,4,3032,买盘
2086,13:04:18,7.57,-0.02,54,40878,卖盘
2087,13:04:15,7.59,0.02,5,3795,买盘
2088,13:04:12,7.57,-0.01,9,6813,卖盘
2089,13:04:06,7.58,--,8,6064,买盘
2090,13:04:03,7.58,0.01,91,68978,买盘
2091,13:03:57,7.57,-0.01,5,3785,卖盘
2092,13:03:54,7.58,0.01,9,6822,买盘
2093,13:03:51,7.57,-0.01,30,22710,卖盘
2094,13:03:48,7.58,--,463,350954,卖盘
2095,13:03:45,7.58,-0.01,1,758,卖盘
2096,13:03:42,7.59,0.01,11,8349,买盘
2097,13:03:39,7.58,-0.01,110,83380,卖盘
2098,13:03:33,7.59,0.01,14,10626,买盘
2099,13:03:30,7.58,-0.01,823,623834,卖盘
2100,13:03:27,7.59,0.01,20,15180,买盘
2101,13:03:24,7.58,-0.01,2003,1518274,卖盘
2102,13:03:18,7.59,--,9,6831,买盘
2103,13:03:15,7.59,--,32,24288,买盘
2104,13:03:12,7.59,--,35,26565,买盘
2105,13:03:09,7.59,--,18,13662,卖盘
2106,13:03:06,7.59,-0.01,50,37950,卖盘
2107,13:03:03,7.6,0.01,88,66880,买盘
2108,13:02:54,7.59,-0.01,6,4554,卖盘
2109,13:02:51,7.6,0.01,2,1520,买盘
2110,13:02:42,7.59,0.01,24,18216,中性盘
2111,13:02:36,7.58,-0.01,22,16676,卖盘
2112,13:02:33,7.59,--,104,78936,买盘
2113,13:02:30,7.59,0.01,40,30360,买盘
2114,13:02:27,7.58,--,11,8338,卖盘
2115,13:02:24,7.58,-0.01,61,46238,卖盘
2116,13:02:21,7.59,--,12,9108,买盘
2117,13:02:18,7.59,--,15,11385,买盘
2118,13:02:15,7.59,--,6,4554,买盘
2119,13:02:12,7.59,0.01,6,4554,买盘
2120,13:02:09,7.58,-0.01,4,3032,卖盘
2121,13:02:06,7.59,0.01,39,29601,中性盘
2122,13:02:03,7.58,--,111,84138,卖盘
2123,13:02:00,7.58,-0.01,12,9096,卖盘
2124,13:01:51,7.59,0.01,5,3795,买盘
2125,13:01:48,7.58,-0.01,7,5306,卖盘
2126,13:01:45,7.59,--,1,759,买盘
2127,13:01:42,7.59,--,4,3036,买盘
2128,13:01:39,7.59,--,7,5313,中性盘
2129,13:01:36,7.59,-0.01,5,3795,卖盘
2130,13:01:33,7.6,0.01,22,16720,买盘
2131,13:01:30,7.59,--,2,1518,卖盘
2132,13:01:27,7.59,0.01,18,13662,买盘
2133,13:01:24,7.58,--,39,29562,卖盘
2134,13:01:21,7.58,-0.02,2,1516,卖盘
2135,13:01:18,7.6,0.02,57,43320,买盘
2136,13:01:15,7.58,-0.02,27,20466,卖盘
2137,13:01:12,7.6,0.02,4,3040,买盘
2138,13:01:09,7.58,-0.01,36,27288,卖盘
2139,13:01:06,7.59,-0.01,5,3795,中性盘
2140,13:01:03,7.6,--,128,97280,买盘
2141,13:01:00,7.6,--,7,5320,买盘
2142,13:00:51,7.6,0.01,25,19000,买盘
2143,13:00:48,7.59,-0.01,1,759,卖盘
2144,13:00:45,7.6,--,10,7600,买盘
2145,13:00:42,7.6,0.02,17,12920,买盘
2146,13:00:39,7.58,--,94,71252,卖盘
2147,13:00:33,7.58,--,21,15918,卖盘
2148,13:00:30,7.58,-0.01,5,3790,卖盘
2149,13:00:27,7.59,--,7,5313,买盘
2150,13:00:24,7.59,--,24,18216,买盘
2151,13:00:21,7.59,--,1,759,买盘
2152,13:00:18,7.59,--,21,15939,买盘
2153,13:00:15,7.59,--,17,12903,买盘
2154,13:00:12,7.59,0.01,17,12903,买盘
2155,13:00:09,7.58,-0.01,121,91718,卖盘
2156,13:00:06,7.59,0.01,280,212520,买盘
2157,13:00:03,7.58,--,2391,1812378,卖盘
2158,13:00:00,7.58,--,20,15160,卖盘
2159,11:30:00,7.58,--,0,0,卖盘
2160,11:29:54,7.58,-0.01,6,4548,卖盘
2161,11:29:51,7.59,--,35,26565,买盘
2162,11:29:48,7.59,--,551,418209,卖盘
2163,11:29:45,7.59,-0.01,23,17457,卖盘
2164,11:29:39,7.6,--,18,13680,买盘
2165,11:29:36,7.6,--,48,36480,买盘
2166,11:29:33,7.6,--,45,34200,买盘
2167,11:29:24,7.6,0.01,9,6840,买盘
2168,11:29:21,7.59,-0.01,90,68310,卖盘
2169,11:29:18,7.6,--,7,5320,买盘
2170,11:29:15,7.6,--,3,2280,买盘
2171,11:29:12,7.6,--,16,12160,买盘
2172,11:29:09,7.6,--,100,76000,买盘
2173,11:29:06,7.6,--,7,5320,买盘
2174,11:29:03,7.6,0.01,23,17480,买盘
2175,11:29:00,7.59,-0.01,5,3795,卖盘
2176,11:28:51,7.6,0.01,13,9880,买盘
2177,11:28:48,7.59,-0.01,5,3795,卖盘
2178,11:28:45,7.6,0.01,18,13680,买盘
2179,11:28:42,7.59,-0.01,271,205689,卖盘
2180,11:28:39,7.6,0.01,4,3040,买盘
2181,11:28:36,7.59,-0.01,42,31878,卖盘
2182,11:28:33,7.6,--,144,109440,买盘
2183,11:28:30,7.6,0.01,43,32680,买盘
2184,11:28:27,7.59,-0.01,4,3036,卖盘
2185,11:28:24,7.6,--,5,3800,买盘
2186,11:28:21,7.6,--,99,75240,买盘
2187,11:28:18,7.6,0.01,13,9880,买盘
2188,11:28:15,7.59,-0.01,9,6831,卖盘
2189,11:28:12,7.6,--,5,3800,买盘
2190,11:28:09,7.6,0.01,4,3040,买盘
2191,11:28:06,7.59,--,7,5313,卖盘
2192,11:28:03,7.59,--,27,20493,卖盘
2193,11:28:00,7.59,-0.01,35,26565,卖盘
2194,11:27:57,7.6,0.01,77,58520,买盘
2195,11:27:54,7.59,-0.01,5,3795,卖盘
2196,11:27:51,7.6,--,1,760,买盘
2197,11:27:48,7.6,0.01,2,1520,买盘
2198,11:27:42,7.59,-0.01,15,11385,卖盘
2199,11:27:39,7.6,--,14,10640,买盘
2200,11:27:36,7.6,--,29,22040,买盘
2201,11:27:33,7.6,0.01,48,36480,买盘
2202,11:27:30,7.59,-0.01,4,3036,卖盘
2203,11:27:24,7.6,--,6,4560,买盘
2204,11:27:21,7.6,--,95,72200,买盘
2205,11:27:18,7.6,--,21,15960,买盘
2206,11:27:15,7.6,--,33,25080,买盘
2207,11:27:12,7.6,0.01,4,3040,买盘
2208,11:27:09,7.59,-0.01,10,7590,卖盘
2209,11:27:03,7.6,--,25,19000,买盘
2210,11:27:00,7.6,0.01,19,14440,买盘
2211,11:26:57,7.59,-0.01,10,7590,卖盘
2212,11:26:54,7.6,--,25,19000,买盘
2213,11:26:51,7.6,0.01,1,760,买盘
2214,11:26:48,7.59,--,14,10626,卖盘
2215,11:26:45,7.59,-0.01,11,8349,卖盘
2216,11:26:42,7.6,0.01,6,4560,买盘
2217,11:26:39,7.59,--,5,3795,卖盘
2218,11:26:36,7.59,--,40,30360,买盘
2219,11:26:33,7.59,--,208,157872,买盘
2220,11:26:30,7.59,--,107,81213,买盘
2221,11:26:27,7.59,0.01,102,77418,买盘
2222,11:26:24,7.58,-0.01,35,26530,卖盘
2223,11:26:21,7.59,--,122,92598,买盘
2224,11:26:18,7.59,--,205,155595,买盘
2225,11:26:15,7.59,0.01,11,8349,买盘
2226,11:26:12,7.58,-0.01,93,70494,卖盘
2227,11:26:09,7.59,--,18,13662,买盘
2228,11:26:03,7.59,0.01,42,31878,买盘
2229,11:26:00,7.58,--,20,15160,卖盘
2230,11:25:57,7.58,-0.01,3,2274,卖盘
2231,11:25:51,7.59,--,6,4554,买盘
2232,11:25:48,7.59,--,3,2277,买盘
2233,11:25:45,7.59,0.01,4,3036,买盘
2234,11:25:39,7.58,-0.01,4,3032,卖盘
2235,11:25:36,7.59,--,28,21252,买盘
2236,11:25:33,7.59,0.01,24,18216,买盘
2237,11:25:27,7.58,-0.01,6,4548,卖盘
2238,11:25:24,7.59,--,13,9867,买盘
2239,11:25:21,7.59,--,88,66792,买盘
2240,11:25:18,7.59,--,10,7590,买盘
2241,11:25:15,7.59,--,23,17457,买盘
2242,11:25:12,7.59,--,8,6072,买盘
2243,11:25:09,7.59,--,14,10626,买盘
2244,11:25:06,7.59,--,147,111573,买盘
2245,11:25:03,7.59,--,31,23529,买盘
2246,11:25:00,7.59,0.01,29,22011,买盘
2247,11:24:54,7.58,-0.01,6,4548,卖盘
2248,11:24:51,7.59,0.01,1,759,买盘
2249,11:24:45,7.58,--,4,3032,卖盘
2250,11:24:42,7.58,-0.01,25,18950,卖盘
2251,11:24:36,7.59,--,5,3795,买盘
2252,11:24:33,7.59,--,11,8349,买盘
2253,11:24:30,7.59,0.01,10,7590,买盘
2254,11:24:27,7.58,-0.01,1,758,卖盘
2255,11:24:24,7.59,--,16,12144,买盘
2256,11:24:21,7.59,--,103,78177,买盘
2257,11:24:18,7.59,--,6,4554,买盘
2258,11:24:15,7.59,--,5,3795,买盘
2259,11:24:12,7.59,0.01,25,18975,买盘
2260,11:24:09,7.58,-0.01,24,18192,卖盘
2261,11:24:06,7.59,--,6,4554,买盘
2262,11:24:03,7.59,0.01,23,17457,买盘
2263,11:23:57,7.58,--,7,5306,卖盘
2264,11:23:54,7.58,-0.01,2,1516,卖盘
2265,11:23:51,7.59,0.01,1,759,买盘
2266,11:23:48,7.58,--,15,11370,卖盘
2267,11:23:45,7.58,-0.01,11,8338,卖盘
2268,11:23:42,7.59,--,30,22770,买盘
2269,11:23:39,7.59,0.01,3,2277,买盘
2270,11:23:36,7.58,-0.01,10,7580,卖盘
2271,11:23:33,7.59,0.01,68,51612,买盘
2272,11:23:27,7.58,--,22,16676,卖盘
2273,11:23:24,7.58,-0.01,13,9854,卖盘
2274,11:23:21,7.59,--,87,66033,买盘
2275,11:23:18,7.59,--,16,12144,买盘
2276,11:23:15,7.59,--,40,30360,买盘
2277,11:23:12,7.59,0.01,88,66792,买盘
2278,11:23:09,7.58,-0.01,40,30320,卖盘
2279,11:23:06,7.59,0.01,4,3036,买盘
2280,11:23:03,7.58,--,14,10612,卖盘
2281,11:23:00,7.58,--,7,5306,卖盘
2282,11:22:54,7.58,-0.01,37,28046,卖盘
2283,11:22:51,7.59,--,53,40227,买盘
2284,11:22:48,7.59,--,28,21252,买盘
2285,11:22:45,7.59,--,4,3036,买盘
2286,11:22:39,7.59,--,22,16698,买盘
2287,11:22:36,7.59,--,16,12144,买盘
2288,11:22:33,7.59,0.01,97,73623,买盘
2289,11:22:30,7.58,--,5,3790,卖盘
2290,11:22:27,7.58,-0.01,1,758,卖盘
2291,11:22:24,7.59,--,9,6831,买盘
2292,11:22:21,7.59,--,86,65274,买盘
2293,11:22:18,7.59,--,14,10626,买盘
2294,11:22:15,7.59,0.01,8,6072,买盘
2295,11:22:12,7.58,-0.01,7,5306,卖盘
2296,11:22:06,7.59,0.01,69,52371,买盘
2297,11:21:54,7.58,-0.01,5,3790,卖盘
2298,11:21:51,7.59,--,15,11385,买盘
2299,11:21:48,7.59,--,246,186714,买盘
2300,11:21:45,7.59,0.01,11,8349,买盘
2301,11:21:42,7.58,--,64,48512,卖盘
2302,11:21:39,7.58,-0.01,6,4548,卖盘
2303,11:21:36,7.59,0.01,3,2277,买盘
2304,11:21:33,7.58,--,8,6064,卖盘
2305,11:21:30,7.58,--,29,21982,卖盘
2306,11:21:27,7.58,-0.01,181,137198,卖盘
2307,11:21:24,7.59,0.01,52,39468,买盘
2308,11:21:21,7.58,-0.01,92,69736,卖盘
2309,11:21:18,7.59,--,14,10626,买盘
2310,11:21:15,7.59,--,5,3795,买盘
2311,11:21:12,7.59,0.01,7,5313,买盘
2312,11:21:09,7.58,-0.01,4,3032,卖盘
2313,11:21:06,7.59,--,3,2277,买盘
2314,11:21:03,7.59,0.01,7,5313,买盘
2315,11:21:00,7.58,--,20,15160,卖盘
2316,11:20:57,7.58,-0.01,4,3032,卖盘
2317,11:20:54,7.59,--,20,15180,买盘
2318,11:20:51,7.59,0.01,56,42504,买盘
2319,11:20:48,7.58,-0.01,29,21982,卖盘
2320,11:20:45,7.59,0.01,7,5313,买盘
2321,11:20:36,7.58,-0.01,11,8338,卖盘
2322,11:20:33,7.59,0.01,7,5313,买盘
2323,11:20:30,7.58,--,34,25772,卖盘
2324,11:20:27,7.58,-0.01,6,4548,卖盘
2325,11:20:24,7.59,--,8,6072,买盘
2326,11:20:21,7.59,--,94,71346,买盘
2327,11:20:18,7.59,0.01,21,15939,买盘
2328,11:20:15,7.58,-0.01,13,9854,卖盘
2329,11:20:12,7.59,0.01,7,5313,买盘
2330,11:20:09,7.58,-0.01,4,3032,卖盘
2331,11:20:06,7.59,0.01,7,5313,买盘
2332,11:20:03,7.58,-0.01,5,3790,卖盘
2333,11:20:00,7.59,--,7,5313,买盘
2334,11:19:57,7.59,0.01,44,33396,买盘
2335,11:19:54,7.58,-0.01,16,12128,卖盘
2336,11:19:51,7.59,--,1,759,买盘
2337,11:19:45,7.59,--,76,57684,买盘
2338,11:19:42,7.59,--,66,50094,买盘
2339,11:19:39,7.59,--,3,2277,买盘
2340,11:19:33,7.59,0.01,3,2277,买盘
2341,11:19:30,7.58,-0.01,6,4548,卖盘
2342,11:19:27,7.59,--,2,1518,买盘
2343,11:19:24,7.59,--,35,26565,买盘
2344,11:19:21,7.59,0.01,102,77418,买盘
2345,11:19:18,7.58,-0.01,17,12886,卖盘
2346,11:19:15,7.59,--,3,2277,买盘
2347,11:19:12,7.59,0.01,3,2277,买盘
2348,11:19:09,7.58,--,8,6064,卖盘
2349,11:19:03,7.58,--,8,6064,卖盘
2350,11:19:00,7.58,--,3,2274,卖盘
2351,11:18:57,7.58,-0.01,5,3790,卖盘
2352,11:18:51,7.59,0.01,1,759,买盘
2353,11:18:48,7.58,--,50,37900,卖盘
2354,11:18:45,7.58,-0.01,4,3032,卖盘
2355,11:18:42,7.59,0.01,33,25047,买盘
2356,11:18:39,7.58,--,11,8338,卖盘
2357,11:18:33,7.58,-0.01,10,7580,卖盘
2358,11:18:30,7.59,0.01,26,19734,买盘
2359,11:18:27,7.58,-0.01,7,5306,卖盘
2360,11:18:24,7.59,0.01,32,24288,买盘
2361,11:18:21,7.58,-0.01,109,82622,卖盘
2362,11:18:18,7.59,--,17,12903,买盘
2363,11:18:15,7.59,--,173,131307,买盘
2364,11:18:12,7.59,--,10,7590,买盘
2365,11:18:09,7.59,0.01,38,28842,买盘
2366,11:18:06,7.58,--,24,18192,卖盘
2367,11:18:03,7.58,--,133,100814,卖盘
2368,11:18:00,7.58,-0.01,7,5306,卖盘
2369,11:17:51,7.59,0.01,2,1518,买盘
2370,11:17:48,7.58,-0.01,12,9096,卖盘
2371,11:17:45,7.59,0.01,151,114609,买盘
2372,11:17:42,7.58,-0.01,261,197838,卖盘
2373,11:17:39,7.59,0.01,19,14421,买盘
2374,11:17:36,7.58,-0.01,25,18950,卖盘
2375,11:17:33,7.59,0.01,5,3795,买盘
2376,11:17:30,7.58,-0.01,5,3790,卖盘
2377,11:17:27,7.59,--,21,15939,买盘
2378,11:17:24,7.59,--,5,3795,买盘
2379,11:17:21,7.59,--,103,78177,买盘
2380,11:17:18,7.59,0.01,258,195822,买盘
2381,11:17:15,7.58,-0.01,16,12128,卖盘
2382,11:17:12,7.59,--,10,7590,买盘
2383,11:17:09,7.59,--,25,18975,买盘
2384,11:17:06,7.59,0.01,204,154836,买盘
2385,11:17:03,7.58,-0.01,9,6822,卖盘
2386,11:17:00,7.59,0.01,2,1518,买盘
2387,11:16:54,7.58,-0.01,5,3790,卖盘
2388,11:16:51,7.59,0.01,4,3036,买盘
2389,11:16:48,7.58,-0.01,11,8338,卖盘
2390,11:16:45,7.59,--,21,15939,买盘
2391,11:16:42,7.59,-0.01,182,138138,卖盘
2392,11:16:39,7.6,--,21,15960,买盘
2393,11:16:36,7.6,0.01,13,9880,买盘
2394,11:16:33,7.59,--,58,44022,卖盘
2395,11:16:30,7.59,--,6,4554,卖盘
2396,11:16:27,7.59,-0.01,1,759,卖盘
2397,11:16:24,7.6,--,38,28880,买盘
2398,11:16:21,7.6,0.01,86,65360,买盘
2399,11:16:18,7.59,-0.01,9,6831,卖盘
2400,11:16:15,7.6,--,11,8360,买盘
2401,11:16:12,7.6,--,5,3800,买盘
2402,11:16:09,7.6,--,23,17480,买盘
2403,11:16:06,7.6,0.01,69,52440,买盘
2404,11:16:03,7.59,--,13,9867,卖盘
2405,11:15:57,7.59,-0.01,6,4554,卖盘
2406,11:15:54,7.6,--,16,12160,买盘
2407,11:15:51,7.6,0.01,2,1520,买盘
2408,11:15:48,7.59,--,3,2277,卖盘
2409,11:15:45,7.59,--,10,7590,卖盘
2410,11:15:42,7.59,--,108,81972,卖盘
2411,11:15:39,7.59,-0.01,2,1518,卖盘
2412,11:15:36,7.6,0.01,14,10640,买盘
2413,11:15:33,7.59,--,74,56166,卖盘
2414,11:15:30,7.59,--,8,6072,卖盘
2415,11:15:27,7.59,-0.01,10,7590,卖盘
2416,11:15:24,7.6,--,96,72960,买盘
2417,11:15:21,7.6,--,112,85120,买盘
2418,11:15:18,7.6,--,4,3040,买盘
2419,11:15:15,7.6,--,19,14440,买盘
2420,11:15:12,7.6,0.01,202,153520,买盘
2421,11:15:09,7.59,-0.01,5,3795,卖盘
2422,11:15:06,7.6,0.01,62,47120,买盘
2423,11:15:03,7.59,-0.01,10,7590,卖盘
2424,11:15:00,7.6,--,16,12160,买盘
2425,11:14:57,7.6,--,32,24320,买盘
2426,11:14:54,7.6,--,3,2280,买盘
2427,11:14:51,7.6,--,25,19000,买盘
2428,11:14:45,7.6,0.01,25,19000,买盘
2429,11:14:42,7.59,-0.01,50,37950,卖盘
2430,11:14:39,7.6,--,10,7600,买盘
2431,11:14:36,7.6,0.01,15,11400,买盘
2432,11:14:33,7.59,-0.01,12,9108,卖盘
2433,11:14:27,7.6,--,19,14440,买盘
2434,11:14:24,7.6,--,6,4560,买盘
2435,11:14:21,7.6,0.01,95,72200,买盘
2436,11:14:18,7.59,-0.01,29,22011,卖盘
2437,11:14:15,7.6,--,4,3040,买盘
2438,11:14:12,7.6,0.01,3,2280,买盘
2439,11:14:09,7.59,--,38,28842,卖盘
2440,11:14:06,7.59,--,14,10626,卖盘
2441,11:14:03,7.59,-0.01,1,759,卖盘
2442,11:13:57,7.6,0.01,6,4560,买盘
2443,11:13:54,7.59,-0.01,17,12903,卖盘
2444,11:13:51,7.6,0.01,55,41800,买盘
2445,11:13:48,7.59,--,7,5313,卖盘
2446,11:13:45,7.59,--,44,34101,买盘
2447,11:13:42,7.59,--,19,14421,买盘
2448,11:13:39,7.59,--,12,9108,买盘
2449,11:13:36,7.59,--,215,163185,买盘
2450,11:13:33,7.59,0.01,207,157113,买盘
2451,11:13:27,7.58,-0.01,1,758,卖盘
2452,11:13:24,7.59,--,6,4554,买盘
2453,11:13:21,7.59,--,119,90321,买盘
2454,11:13:18,7.59,--,22,16698,买盘
2455,11:13:15,7.59,--,4,3036,买盘
2456,11:13:12,7.59,--,7,5313,买盘
2457,11:13:06,7.59,0.01,7,5313,买盘
2458,11:13:03,7.58,-0.01,36,27288,卖盘
2459,11:13:00,7.59,--,13,9867,买盘
2460,11:12:57,7.59,--,39,29601,买盘
2461,11:12:51,7.59,0.01,1,759,买盘
2462,11:12:48,7.58,-0.01,5,3790,卖盘
2463,11:12:42,7.59,--,4,3036,买盘
2464,11:12:39,7.59,0.01,58,44022,买盘
2465,11:12:36,7.58,-0.01,8,6064,卖盘
2466,11:12:33,7.59,0.01,17,12903,买盘
2467,11:12:30,7.58,-0.01,201,152358,卖盘
2468,11:12:27,7.59,--,36,27324,买盘
2469,11:12:24,7.59,--,226,171534,买盘
2470,11:12:21,7.59,--,96,72864,买盘
2471,11:12:18,7.59,0.01,148,112332,买盘
2472,11:12:15,7.58,--,7,5306,卖盘
2473,11:12:12,7.58,-0.01,22,16676,卖盘
2474,11:12:09,7.59,--,42,31878,买盘
2475,11:12:06,7.59,0.01,4,3036,买盘
2476,11:12:03,7.58,--,8,6064,卖盘
2477,11:11:57,7.58,--,10,7580,卖盘
2478,11:11:54,7.58,-0.01,6,4548,卖盘
2479,11:11:51,7.59,0.01,19,14421,买盘
2480,11:11:48,7.58,-0.01,8,6064,卖盘
2481,11:11:45,7.59,0.01,9,6831,买盘
2482,11:11:42,7.58,-0.01,5,3790,卖盘
2483,11:11:39,7.59,0.01,5,3795,买盘
2484,11:11:36,7.58,-0.01,50,37900,卖盘
2485,11:11:33,7.59,0.01,4,3036,买盘
2486,11:11:30,7.58,--,5,3790,卖盘
2487,11:11:27,7.58,-0.01,19,14402,卖盘
2488,11:11:24,7.59,0.01,109,82731,买盘
2489,11:11:21,7.58,--,152,115216,卖盘
2490,11:11:18,7.58,-0.01,8,6064,卖盘
2491,11:11:15,7.59,--,15,11385,买盘
2492,11:11:12,7.59,--,10,7590,买盘
2493,11:11:09,7.59,--,75,56925,买盘
2494,11:11:06,7.59,0.01,3,2277,买盘
2495,11:11:03,7.58,--,1,758,卖盘
2496,11:11:00,7.58,-0.01,4,3032,卖盘
2497,11:10:57,7.59,0.01,17,12903,买盘
2498,11:10:54,7.58,--,254,192532,卖盘
2499,11:10:51,7.58,-0.01,211,159938,卖盘
2500,11:10:48,7.59,0.01,20,15180,买盘
2501,11:10:45,7.58,-0.01,65,49270,卖盘
2502,11:10:42,7.59,--,109,82731,买盘
2503,11:10:39,7.59,--,36,27324,买盘
2504,11:10:36,7.59,0.01,34,25806,买盘
2505,11:10:33,7.58,-0.01,192,145536,卖盘
2506,11:10:30,7.59,--,1,759,买盘
2507,11:10:24,7.59,--,100,75900,买盘
2508,11:10:21,7.59,--,88,66792,买盘
2509,11:10:18,7.59,0.01,5,3795,买盘
2510,11:10:15,7.58,-0.01,7,5306,卖盘
2511,11:10:12,7.59,0.01,13,9867,买盘
2512,11:10:09,7.58,-0.01,5,3790,卖盘
2513,11:10:06,7.59,0.01,9,6831,买盘
2514,11:10:03,7.58,--,10,7580,卖盘
2515,11:10:00,7.58,--,55,41690,卖盘
2516,11:09:57,7.58,-0.01,1,758,卖盘
2517,11:09:51,7.59,--,12,9108,买盘
2518,11:09:42,7.59,0.01,5,3795,买盘
2519,11:09:39,7.58,-0.01,5,3790,卖盘
2520,11:09:36,7.59,--,4,3036,买盘
2521,11:09:33,7.59,0.01,5,3795,买盘
2522,11:09:27,7.58,-0.01,6,4548,卖盘
2523,11:09:24,7.59,0.01,12,9108,买盘
2524,11:09:21,7.58,-0.01,102,77316,卖盘
2525,11:09:18,7.59,0.01,23,17457,买盘
2526,11:09:15,7.58,--,192,145536,卖盘
2527,11:09:12,7.58,-0.01,26,19708,卖盘
2528,11:09:06,7.59,0.01,54,40986,买盘
2529,11:09:03,7.58,-0.01,31,23498,卖盘
2530,11:09:00,7.59,--,8,6072,买盘
2531,11:08:57,7.59,0.01,105,79695,买盘
2532,11:08:54,7.58,-0.01,5,3790,卖盘
2533,11:08:51,7.59,0.01,2,1518,买盘
2534,11:08:48,7.58,-0.01,10,7580,卖盘
2535,11:08:45,7.59,0.01,34,25806,买盘
2536,11:08:42,7.58,-0.01,607,460106,卖盘
2537,11:08:39,7.59,0.01,10,7590,买盘
2538,11:08:36,7.58,--,11,8338,卖盘
2539,11:08:33,7.58,-0.01,9,6822,卖盘
2540,11:08:24,7.59,--,15,11385,买盘
2541,11:08:21,7.59,--,92,69828,买盘
2542,11:08:18,7.59,--,36,27324,买盘
2543,11:08:15,7.59,--,29,22011,买盘
2544,11:08:12,7.59,0.01,9,6831,买盘
2545,11:08:09,7.58,-0.01,16,12128,卖盘
2546,11:08:06,7.59,0.01,4,3036,买盘
2547,11:08:03,7.58,--,10,7580,卖盘
2548,11:08:00,7.58,-0.01,12,9096,卖盘
2549,11:07:57,7.59,--,3,2277,买盘
2550,11:07:54,7.59,--,17,12903,买盘
2551,11:07:51,7.59,0.01,1,759,买盘
2552,11:07:48,7.58,-0.01,4,3032,卖盘
2553,11:07:42,7.59,--,4,3036,买盘
2554,11:07:39,7.59,--,4,3036,买盘
2555,11:07:36,7.59,--,16,12144,买盘
2556,11:07:33,7.59,0.01,70,53130,买盘
2557,11:07:27,7.58,--,1,758,卖盘
2558,11:07:24,7.58,-0.01,73,55334,卖盘
2559,11:07:21,7.59,--,96,72864,买盘
2560,11:07:18,7.59,--,48,36432,买盘
2561,11:07:15,7.59,--,34,25806,买盘
2562,11:07:12,7.59,--,6,4554,买盘
2563,11:07:06,7.59,0.01,10,7590,买盘
2564,11:07:03,7.58,-0.01,8,6064,卖盘
2565,11:06:57,7.59,--,11,8349,买盘
2566,11:06:54,7.59,0.02,206,156961,买盘
2567,11:06:51,7.57,-0.01,15,11355,卖盘
2568,11:06:48,7.58,--,90,68220,买盘
2569,11:06:45,7.58,--,60,45480,买盘
2570,11:06:42,7.58,--,21,15918,买盘
2571,11:06:39,7.58,-0.01,91,69129,卖盘
2572,11:06:36,7.59,--,154,116886,买盘
2573,11:06:33,7.59,0.01,21,15939,买盘
2574,11:06:30,7.58,-0.01,5,3790,卖盘
2575,11:06:24,7.59,0.01,23,17457,买盘
2576,11:06:21,7.58,--,255,193290,卖盘
2577,11:06:18,7.58,-0.01,52,39416,卖盘
2578,11:06:15,7.59,--,7,5313,买盘
2579,11:06:12,7.59,--,16,12144,买盘
2580,11:06:09,7.59,--,194,147246,买盘
2581,11:06:06,7.59,0.01,12,9108,买盘
2582,11:06:03,7.58,-0.01,51,38658,卖盘
2583,11:05:57,7.59,0.01,72,54648,买盘
2584,11:05:54,7.58,--,343,260600,买盘
2585,11:05:51,7.58,0.01,43,32594,买盘
2586,11:05:45,7.57,-0.01,12,9084,卖盘
2587,11:05:42,7.58,--,42,31836,买盘
2588,11:05:39,7.58,--,13,9854,买盘
2589,11:05:36,7.58,0.01,42,31836,买盘
2590,11:05:33,7.57,-0.01,22,16654,卖盘
2591,11:05:30,7.58,--,83,62914,买盘
2592,11:05:27,7.58,--,54,40932,买盘
2593,11:05:24,7.58,--,12,9096,买盘
2594,11:05:18,7.58,--,3,2274,买盘
2595,11:05:15,7.58,--,29,21982,买盘
2596,11:05:12,7.58,--,57,43206,买盘
2597,11:05:06,7.58,--,6,4548,买盘
2598,11:05:03,7.58,--,38,28804,买盘
2599,11:05:00,7.58,--,42,31836,买盘
2600,11:04:57,7.58,--,29,21982,买盘
2601,11:04:54,7.58,--,23,17434,买盘
2602,11:04:51,7.58,--,30,22740,买盘
2603,11:04:48,7.58,--,39,29562,买盘
2604,11:04:45,7.58,--,32,24256,买盘
2605,11:04:42,7.58,--,47,35626,买盘
2606,11:04:39,7.58,--,45,34110,买盘
2607,11:04:36,7.58,--,29,21982,买盘
2608,11:04:33,7.58,--,72,54576,卖盘
2609,11:04:27,7.58,--,17,12886,买盘
2610,11:04:24,7.58,--,38,28804,买盘
2611,11:04:21,7.58,--,103,78074,买盘
2612,11:04:18,7.58,0.01,40,30320,买盘
2613,11:04:15,7.57,-0.01,57,43149,卖盘
2614,11:04:12,7.58,--,20,15160,买盘
2615,11:04:09,7.58,-0.01,101,76558,卖盘
2616,11:04:06,7.59,--,22,16698,买盘
2617,11:04:03,7.59,0.01,18,13662,买盘
2618,11:04:00,7.58,--,10,7580,卖盘
2619,11:03:54,7.58,-0.01,8,6064,卖盘
2620,11:03:51,7.59,--,21,15939,买盘
2621,11:03:48,7.59,0.01,219,166221,买盘
2622,11:03:45,7.58,--,31,23498,卖盘
2623,11:03:42,7.58,--,19,14402,买盘
2624,11:03:39,7.58,--,35,26530,买盘
2625,11:03:36,7.58,-0.01,5,3790,卖盘
2626,11:03:33,7.59,--,18,13662,买盘
2627,11:03:30,7.59,--,203,154077,买盘
2628,11:03:27,7.59,--,1,759,买盘
2629,11:03:24,7.59,--,12,9108,买盘
2630,11:03:21,7.59,0.01,18,13662,买盘
2631,11:03:18,7.58,-0.01,55,41690,卖盘
2632,11:03:15,7.59,--,3,2277,买盘
2633,11:03:12,7.59,0.02,65,49335,买盘
2634,11:03:09,7.57,-0.02,395,299015,卖盘
2635,11:03:06,7.59,0.01,12,9108,买盘
2636,11:03:03,7.58,-0.01,137,103846,卖盘
2637,11:03:00,7.59,0.01,9,6831,买盘
2638,11:02:57,7.58,--,5,3790,卖盘
2639,11:02:54,7.58,-0.01,55,41690,卖盘
2640,11:02:51,7.59,0.01,2,1518,买盘
2641,11:02:48,7.58,-0.01,18,13644,卖盘
2642,11:02:45,7.59,--,2,1518,买盘
2643,11:02:42,7.59,--,41,31119,买盘
2644,11:02:36,7.59,--,9,6831,买盘
2645,11:02:33,7.59,0.01,5,3795,买盘
2646,11:02:27,7.58,--,19,14402,卖盘
2647,11:02:24,7.58,-0.01,50,37900,卖盘
2648,11:02:21,7.59,0.01,90,68310,买盘
2649,11:02:18,7.58,--,194,147052,卖盘
2650,11:02:15,7.58,-0.01,426,322908,卖盘
2651,11:02:12,7.59,0.01,11,8349,买盘
2652,11:02:09,7.58,-0.01,40,30320,卖盘
2653,11:02:06,7.59,0.01,5,3795,买盘
2654,11:02:03,7.58,-0.01,6,4548,卖盘
2655,11:01:57,7.59,--,72,54648,买盘
2656,11:01:54,7.59,0.01,9,6831,买盘
2657,11:01:51,7.58,-0.01,206,156148,卖盘
2658,11:01:42,7.59,0.01,26,19734,买盘
2659,11:01:39,7.58,--,366,277428,卖盘
2660,11:01:36,7.58,-0.01,920,697360,卖盘
2661,11:01:33,7.59,0.01,5,3795,买盘
2662,11:01:30,7.58,-0.01,19,14402,卖盘
2663,11:01:24,7.59,0.01,5,3795,买盘
2664,11:01:18,7.58,-0.01,39,29562,卖盘
2665,11:01:15,7.59,--,5,3795,买盘
2666,11:01:12,7.59,--,10,7590,买盘
2667,11:01:09,7.59,--,26,19734,买盘
2668,11:01:06,7.59,0.01,21,15939,买盘
2669,11:01:03,7.58,-0.01,22,16676,卖盘
2670,11:01:00,7.59,0.01,38,28842,买盘
2671,11:00:57,7.58,-0.01,19,14402,卖盘
2672,11:00:54,7.59,--,62,47058,买盘
2673,11:00:51,7.59,0.01,2,1518,买盘
2674,11:00:45,7.58,-0.01,4,3032,卖盘
2675,11:00:42,7.59,0.01,6,4554,买盘
2676,11:00:39,7.58,-0.01,57,43206,卖盘
2677,11:00:36,7.59,--,12,9108,买盘
2678,11:00:33,7.59,0.01,10,7590,买盘
2679,11:00:30,7.58,--,35,26530,卖盘
2680,11:00:27,7.58,--,1,758,卖盘
2681,11:00:24,7.58,-0.01,42,31836,卖盘
2682,11:00:18,7.59,--,7,5313,买盘
2683,11:00:15,7.59,--,16,12144,买盘
2684,11:00:12,7.59,--,192,145728,买盘
2685,11:00:06,7.59,--,23,17457,买盘
2686,11:00:03,7.59,--,101,76659,买盘
2687,11:00:00,7.59,0.01,17,12903,买盘
2688,10:59:57,7.58,-0.01,2,1516,卖盘
2689,10:59:51,7.59,--,16,12144,买盘
2690,10:59:42,7.59,0.01,5,3795,买盘
2691,10:59:39,7.58,-0.01,5,3790,卖盘
2692,10:59:36,7.59,--,19,14421,买盘
2693,10:59:33,7.59,0.01,216,163944,买盘
2694,10:59:27,7.58,-0.01,17,12886,卖盘
2695,10:59:24,7.59,--,45,34155,买盘
2696,10:59:21,7.59,--,32,24288,买盘
2697,10:59:18,7.59,--,12,9108,买盘
2698,10:59:15,7.59,--,6,4554,买盘
2699,10:59:12,7.59,--,42,31878,买盘
2700,10:59:09,7.59,--,8,6072,买盘
2701,10:59:06,7.59,0.01,55,41745,买盘
2702,10:59:03,7.58,--,31,23498,卖盘
2703,10:58:57,7.58,--,82,62156,卖盘
2704,10:58:54,7.58,--,27,20466,卖盘
2705,10:58:51,7.58,-0.01,71,53818,卖盘
2706,10:58:45,7.59,0.01,10,7590,买盘
2707,10:58:42,7.58,-0.01,60,45480,卖盘
2708,10:58:39,7.59,--,39,29601,买盘
2709,10:58:36,7.59,0.01,10,7590,买盘
2710,10:58:33,7.58,--,12,9096,卖盘
2711,10:58:27,7.58,-0.01,1,758,卖盘
2712,10:58:24,7.59,0.01,27,20493,买盘
2713,10:58:21,7.58,-0.01,204,154632,卖盘
2714,10:58:18,7.59,--,4,3036,买盘
2715,10:58:15,7.59,--,5,3795,买盘
2716,10:58:12,7.59,0.01,30,22770,买盘
2717,10:58:09,7.58,-0.01,4,3032,卖盘
2718,10:58:06,7.59,--,24,18216,买盘
2719,10:58:03,7.59,--,170,129030,卖盘
2720,10:58:00,7.59,--,5,3795,卖盘
2721,10:57:57,7.59,--,2,1518,卖盘
2722,10:57:51,7.59,--,47,35673,买盘
2723,10:57:48,7.59,--,206,156354,买盘
2724,10:57:42,7.59,--,6,4554,买盘
2725,10:57:39,7.59,0.01,11,8349,买盘
2726,10:57:36,7.58,-0.01,15,11370,卖盘
2727,10:57:33,7.59,0.01,6,4554,买盘
2728,10:57:27,7.58,-0.01,5,3790,卖盘
2729,10:57:21,7.59,--,46,34914,买盘
2730,10:57:18,7.59,0.01,7,5313,买盘
2731,10:57:15,7.58,-0.01,13,9854,卖盘
2732,10:57:12,7.59,--,7,5313,买盘
2733,10:57:09,7.59,--,18,13662,买盘
2734,10:57:06,7.59,0.01,216,163944,买盘
2735,10:57:03,7.58,-0.02,86,65188,卖盘
2736,10:56:54,7.6,0.01,12,9120,买盘
2737,10:56:51,7.59,-0.01,102,77418,中性盘
2738,10:56:42,7.6,0.01,18,13680,买盘
2739,10:56:39,7.59,--,52,39468,卖盘
2740,10:56:36,7.59,-0.01,1,759,卖盘
2741,10:56:33,7.6,0.02,9,6840,买盘
2742,10:56:30,7.58,-0.01,106,80348,卖盘
2743,10:56:27,7.59,-0.01,1,759,卖盘
2744,10:56:24,7.6,--,13,9880,买盘
2745,10:56:21,7.6,0.02,199,151240,买盘
2746,10:56:18,7.58,-0.01,85,64430,卖盘
2747,10:56:15,7.59,0.01,94,71346,买盘
2748,10:56:12,7.58,--,54,40932,卖盘
2749,10:56:09,7.58,-0.01,5,3790,卖盘
2750,10:56:06,7.59,0.01,54,40986,买盘
2751,10:56:03,7.58,-0.01,4,3032,卖盘
2752,10:56:00,7.59,--,10,7590,买盘
2753,10:55:57,7.59,0.01,19,14421,买盘
2754,10:55:54,7.58,-0.01,12,9096,卖盘
2755,10:55:51,7.59,0.01,2,1518,买盘
2756,10:55:48,7.58,--,26,19708,卖盘
2757,10:55:45,7.58,-0.01,75,56850,卖盘
2758,10:55:42,7.59,0.01,133,100947,买盘
2759,10:55:36,7.58,--,5,3790,卖盘
2760,10:55:27,7.58,--,47,35626,卖盘
2761,10:55:24,7.58,-0.01,14,10612,卖盘
2762,10:55:18,7.59,--,14,10626,买盘
2763,10:55:15,7.59,0.01,10,7590,买盘
2764,10:55:12,7.58,-0.01,7,5306,卖盘
2765,10:55:09,7.59,--,8,6072,买盘
2766,10:55:06,7.59,0.01,129,97911,买盘
2767,10:55:03,7.58,-0.01,6,4548,卖盘
2768,10:55:00,7.59,--,7,5313,买盘
2769,10:54:57,7.59,--,1,759,买盘
2770,10:54:51,7.59,-0.01,17,12903,中性盘
2771,10:54:45,7.6,0.01,41,31160,买盘
2772,10:54:42,7.59,--,993,753687,卖盘
2773,10:54:39,7.59,-0.01,21,15939,卖盘
2774,10:54:36,7.6,0.01,265,201400,买盘
2775,10:54:33,7.59,-0.01,13,9867,卖盘
2776,10:54:30,7.6,0.01,10,7600,买盘
2777,10:54:27,7.59,-0.01,87,66033,卖盘
2778,10:54:24,7.6,0.01,5,3800,买盘
2779,10:54:18,7.59,-0.01,5,3795,卖盘
2780,10:54:15,7.6,0.01,5,3800,买盘
2781,10:54:06,7.59,-0.01,6,4554,卖盘
2782,10:54:03,7.6,--,8,6080,买盘
2783,10:54:00,7.6,0.01,4,3040,买盘
2784,10:53:57,7.59,-0.01,7,5313,卖盘
2785,10:53:54,7.6,--,12,9120,买盘
2786,10:53:51,7.6,--,262,199120,买盘
2787,10:53:45,7.6,--,10,7600,买盘
2788,10:53:36,7.6,0.01,25,19000,买盘
2789,10:53:33,7.59,--,377,286143,卖盘
2790,10:53:30,7.59,-0.01,205,155595,卖盘
2791,10:53:27,7.6,--,11,8360,买盘
2792,10:53:24,7.6,--,30,22800,买盘
2793,10:53:21,7.6,--,6,4560,买盘
2794,10:53:15,7.6,0.01,11,8360,买盘
2795,10:53:12,7.59,--,6,4554,卖盘
2796,10:53:06,7.59,--,1,759,卖盘
2797,10:53:03,7.59,--,2,1518,卖盘
2798,10:53:00,7.59,--,13,9867,卖盘
2799,10:52:57,7.59,-0.01,110,83490,卖盘
2800,10:52:51,7.6,0.01,2,1520,买盘
2801,10:52:48,7.59,-0.01,6,4554,卖盘
2802,10:52:45,7.6,--,70,53200,买盘
2803,10:52:39,7.6,--,36,27360,买盘
2804,10:52:33,7.6,--,1,760,买盘
2805,10:52:30,7.6,--,7,5320,买盘
2806,10:52:27,7.6,0.01,57,43320,买盘
2807,10:52:24,7.59,--,10,7590,卖盘
2808,10:52:21,7.59,--,18,13662,卖盘
2809,10:52:18,7.59,--,24,18216,卖盘
2810,10:52:15,7.59,-0.01,34,25806,卖盘
2811,10:52:12,7.6,0.01,1,760,买盘
2812,10:52:06,7.59,--,1,759,卖盘
2813,10:52:03,7.59,--,7,5313,卖盘
2814,10:51:54,7.59,-0.01,6,4554,卖盘
2815,10:51:51,7.6,--,1,760,买盘
2816,10:51:48,7.6,--,15,11400,买盘
2817,10:51:45,7.6,0.01,301,228760,买盘
2818,10:51:42,7.59,-0.01,4,3036,卖盘
2819,10:51:39,7.6,0.01,9,6840,买盘
2820,10:51:36,7.59,--,200,151800,卖盘
2821,10:51:33,7.59,--,15,11385,卖盘
2822,10:51:30,7.59,--,55,41745,卖盘
2823,10:51:27,7.59,-0.01,1,759,卖盘
2824,10:51:24,7.6,--,10,7600,买盘
2825,10:51:21,7.6,--,30,22800,买盘
2826,10:51:15,7.6,0.01,13,9880,买盘
2827,10:51:09,7.59,--,14,10626,卖盘
2828,10:51:06,7.59,-0.01,169,128271,卖盘
2829,10:51:03,7.6,0.01,3,2280,买盘
2830,10:50:57,7.59,-0.01,23,17457,卖盘
2831,10:50:51,7.6,--,15,11400,买盘
2832,10:50:48,7.6,0.01,131,99560,买盘
2833,10:50:45,7.59,--,3,2277,卖盘
2834,10:50:42,7.59,--,1,759,卖盘
2835,10:50:36,7.59,--,25,18975,卖盘
2836,10:50:33,7.59,-0.01,485,368115,卖盘
2837,10:50:27,7.6,0.01,46,34960,买盘
2838,10:50:24,7.59,--,506,384054,卖盘
2839,10:50:21,7.59,-0.01,1,759,卖盘
2840,10:50:15,7.6,0.01,14,10640,买盘
2841,10:50:06,7.59,-0.01,10,7590,卖盘
2842,10:50:03,7.6,0.01,141,107160,买盘
2843,10:50:00,7.59,--,100,75900,卖盘
2844,10:49:57,7.59,-0.01,31,23529,卖盘
2845,10:49:54,7.6,--,40,30400,买盘
2846,10:49:51,7.6,--,30,22800,买盘
2847,10:49:45,7.6,--,11,8360,买盘
2848,10:49:42,7.6,0.01,8,6080,买盘
2849,10:49:39,7.59,-0.01,3,2277,卖盘
2850,10:49:36,7.6,--,5,3800,买盘
2851,10:49:30,7.6,--,7,5320,买盘
2852,10:49:27,7.6,--,41,31160,买盘
2853,10:49:24,7.6,--,9,6840,买盘
2854,10:49:21,7.6,0.01,150,114000,买盘
2855,10:49:18,7.59,-0.01,24,18216,卖盘
2856,10:49:15,7.6,-0.01,36,27360,卖盘
2857,10:49:12,7.61,0.01,115,87515,买盘
2858,10:49:09,7.6,0.01,4,3040,买盘
2859,10:49:06,7.59,--,11,8349,卖盘
2860,10:49:03,7.59,-0.01,175,132825,卖盘
2861,10:49:00,7.6,--,14,10640,买盘
2862,10:48:57,7.6,--,325,247000,买盘
2863,10:48:51,7.6,0.01,2,1520,买盘
2864,10:48:45,7.59,-0.01,22,16698,卖盘
2865,10:48:42,7.6,--,444,337440,卖盘
2866,10:48:39,7.6,--,325,247000,卖盘
2867,10:48:36,7.6,--,10,7600,卖盘
2868,10:48:33,7.6,--,21,15960,卖盘
2869,10:48:30,7.6,-0.01,7,5320,卖盘
2870,10:48:27,7.61,0.01,150,114150,买盘
2871,10:48:24,7.6,--,190,144400,卖盘
2872,10:48:21,7.6,--,144,109440,卖盘
2873,10:48:18,7.6,-0.01,2,1520,卖盘
2874,10:48:15,7.61,0.01,27,20547,买盘
2875,10:48:12,7.6,--,39,29640,卖盘
2876,10:48:09,7.6,--,200,152000,卖盘
2877,10:48:06,7.6,--,190,144400,卖盘
2878,10:48:03,7.6,--,2,1520,卖盘
2879,10:48:00,7.6,--,85,64600,卖盘
2880,10:47:57,7.6,-0.01,1009,766840,卖盘
2881,10:47:54,7.61,--,41,31201,买盘
2882,10:47:51,7.61,--,8,6088,买盘
2883,10:47:48,7.61,--,10,7610,买盘
2884,10:47:42,7.61,0.01,7,5327,买盘
2885,10:47:39,7.6,--,143,108680,卖盘
2886,10:47:36,7.6,-0.01,1,760,卖盘
2887,10:47:33,7.61,--,25,19025,买盘
2888,10:47:30,7.61,0.01,155,117955,买盘
2889,10:47:27,7.6,-0.01,17,12920,卖盘
2890,10:47:24,7.61,--,36,27396,买盘
2891,10:47:21,7.61,--,8,6088,买盘
2892,10:47:18,7.61,0.01,8,6088,买盘
2893,10:47:15,7.6,--,23,17480,卖盘
2894,10:47:06,7.6,--,5,3800,卖盘
2895,10:47:03,7.6,--,2,1520,卖盘
2896,10:46:54,7.6,-0.01,10,7600,卖盘
2897,10:46:51,7.61,--,13,9893,买盘
2898,10:46:45,7.61,0.01,8,6088,买盘
2899,10:46:42,7.6,-0.01,23,17480,卖盘
2900,10:46:39,7.61,0.01,5,3805,买盘
2901,10:46:36,7.6,--,58,44080,卖盘
2902,10:46:33,7.6,--,27,20520,卖盘
2903,10:46:30,7.6,--,1,760,卖盘
2904,10:46:24,7.6,--,12,9120,卖盘
2905,10:46:21,7.6,--,7,5320,卖盘
2906,10:46:18,7.6,-0.01,3,2280,卖盘
2907,10:46:15,7.61,--,7,5327,买盘
2908,10:46:12,7.61,--,14,10654,买盘
2909,10:46:09,7.61,0.01,66,50226,买盘
2910,10:46:06,7.6,--,11,8360,卖盘
2911,10:46:03,7.6,--,2,1520,卖盘
2912,10:46:00,7.6,--,4,3040,卖盘
2913,10:45:57,7.6,--,11,8360,卖盘
