,time,price,change,volume,amount,type
0,15:00:03,10.34,--,1944,2010096,买盘
1,14:57:00,10.34,--,30,31020,买盘
2,14:56:51,10.34,--,243,251262,买盘
3,14:56:45,10.34,--,27,27918,买盘
4,14:56:39,10.34,--,98,101332,卖盘
5,14:56:33,10.34,-0.01,16,16544,卖盘
6,14:56:27,10.35,0.01,10,10350,买盘
7,14:56:24,10.34,-0.01,40,41360,卖盘
8,14:56:21,10.35,0.01,33,34155,买盘
9,14:56:15,10.34,--,49,50666,卖盘
10,14:56:12,10.34,-0.01,93,96162,卖盘
11,14:56:09,10.35,0.02,91,94185,买盘
12,14:56:06,10.33,--,104,107432,卖盘
13,14:56:03,10.33,--,4,4132,卖盘
14,14:55:51,10.33,0.01,38,39254,中性盘
15,14:55:45,10.32,-0.01,30,30960,卖盘
16,14:55:42,10.33,--,6,6198,卖盘
17,14:55:39,10.33,0.01,62,64046,买盘
18,14:55:36,10.32,-0.01,41,42312,卖盘
19,14:55:33,10.33,-0.02,95,98135,卖盘
20,14:55:30,10.35,-0.01,32,33120,中性盘
21,14:55:21,10.36,0.01,12,12432,买盘
22,14:55:12,10.35,-0.02,22,22770,卖盘
23,14:55:09,10.37,--,3,3110,买盘
24,14:55:03,10.37,--,30,31109,买盘
25,14:55:00,10.37,-0.01,124,128587,卖盘
26,14:54:57,10.38,0.01,5,5190,买盘
27,14:54:54,10.37,--,157,162809,卖盘
28,14:54:51,10.37,-0.01,77,79849,卖盘
29,14:54:48,10.38,--,20,20760,买盘
30,14:54:45,10.38,0.01,199,206562,买盘
31,14:54:42,10.37,-0.01,1,1037,卖盘
32,14:54:39,10.38,--,83,86154,买盘
33,14:54:36,10.38,--,12,12456,买盘
34,14:54:30,10.38,--,35,36330,买盘
35,14:54:27,10.38,--,24,24912,卖盘
36,14:54:24,10.38,-0.01,676,701688,卖盘
37,14:54:21,10.39,0.01,90,93510,买盘
38,14:54:15,10.38,--,7,7266,卖盘
39,14:54:09,10.38,--,10,10380,卖盘
40,14:54:06,10.38,--,14,14532,卖盘
41,14:54:03,10.38,--,610,633180,买盘
42,14:54:00,10.38,--,3,3114,买盘
43,14:53:54,10.38,--,80,83040,买盘
44,14:53:51,10.38,0.01,20,20760,买盘
45,14:53:48,10.37,-0.01,30,31109,卖盘
46,14:53:45,10.38,0.01,8,8304,买盘
47,14:53:42,10.37,-0.01,114,118217,卖盘
48,14:53:36,10.38,--,9,9342,买盘
49,14:53:33,10.38,0.01,125,129750,买盘
50,14:53:30,10.37,--,220,228139,卖盘
51,14:53:27,10.37,--,51,52886,卖盘
52,14:53:24,10.37,-0.01,122,126513,卖盘
53,14:53:21,10.38,0.01,33,34254,买盘
54,14:53:18,10.37,--,330,342210,卖盘
55,14:53:15,10.37,0.05,347,359839,买盘
56,14:53:09,10.32,--,16,16512,卖盘
57,14:52:54,10.32,--,41,42312,卖盘
58,14:52:45,10.32,--,10,10320,卖盘
59,14:52:42,10.32,--,1,1032,卖盘
60,14:52:33,10.32,-0.04,41,42312,卖盘
61,14:52:30,10.36,-0.02,10,10360,买盘
62,14:52:27,10.38,0.06,1002,1040076,买盘
63,14:52:21,10.32,-0.02,18,18576,卖盘
64,14:52:18,10.34,0.02,3,3102,中性盘
65,14:52:12,10.32,-0.02,60,61920,卖盘
66,14:52:06,10.34,-0.03,10,10340,卖盘
67,14:52:03,10.37,0.02,88,91256,买盘
68,14:52:00,10.35,0.03,20,20700,中性盘
69,14:51:57,10.32,-0.02,1000,1032000,卖盘
70,14:51:54,10.34,-0.04,17,17578,中性盘
71,14:51:51,10.38,--,12,13089,卖盘
72,14:51:48,10.38,0.05,1987,2062910,买盘
73,14:51:45,10.33,-0.01,10,10330,卖盘
74,14:51:39,10.34,--,7,7238,买盘
75,14:51:36,10.34,--,10,10340,买盘
76,14:51:30,10.34,-0.01,32,33088,卖盘
77,14:51:24,10.35,--,2,2070,买盘
78,14:51:18,10.35,--,40,41400,卖盘
79,14:51:15,10.35,-0.01,1034,1070190,卖盘
80,14:51:09,10.36,--,90,93240,买盘
81,14:51:06,10.36,-0.01,101,104636,买盘
82,14:51:03,10.37,0.01,24,24887,买盘
83,14:51:00,10.36,-0.01,48,49728,卖盘
84,14:50:57,10.37,0.01,10,10370,买盘
85,14:50:54,10.36,--,115,119140,卖盘
86,14:50:51,10.36,-0.01,1,1036,卖盘
87,14:50:42,10.37,0.01,2,2074,买盘
88,14:50:39,10.36,--,8,8288,卖盘
89,14:50:36,10.36,-0.02,36,37296,卖盘
90,14:50:33,10.38,--,30,31140,买盘
91,14:50:30,10.38,--,30,31140,买盘
92,14:50:27,10.38,--,94,98402,卖盘
93,14:50:24,10.38,--,15,15570,卖盘
94,14:50:21,10.38,0.03,692,718503,买盘
95,14:50:18,10.35,--,201,208035,卖盘
96,14:50:15,10.35,-0.01,91,94185,卖盘
97,14:50:12,10.36,0.01,77,79772,买盘
98,14:50:09,10.35,-0.01,54,55890,卖盘
99,14:50:03,10.36,0.01,57,59052,买盘
100,14:50:00,10.35,--,10,11353,卖盘
101,14:49:57,10.35,-0.01,96,99360,卖盘
102,14:49:54,10.36,0.01,8,8288,买盘
103,14:49:51,10.35,-0.01,50,51750,卖盘
104,14:49:48,10.36,0.01,78,80808,买盘
105,14:49:45,10.35,-0.01,9,9315,卖盘
106,14:49:42,10.36,0.01,18,18648,买盘
107,14:49:39,10.35,--,727,752476,买盘
108,14:49:36,10.35,0.01,90,93150,买盘
109,14:49:24,10.34,--,98,101332,买盘
110,14:49:21,10.34,--,6,6204,买盘
111,14:49:15,10.34,--,3,3102,买盘
112,14:49:12,10.34,0.01,399,412566,买盘
113,14:49:09,10.33,--,187,193790,买盘
114,14:49:06,10.33,0.01,589,608437,买盘
115,14:49:03,10.32,--,64,66048,卖盘
116,14:48:57,10.32,0.02,885,913320,买盘
117,14:48:51,10.3,0.01,25,25750,买盘
118,14:48:48,10.29,--,10,10290,卖盘
119,14:48:45,10.29,--,25,25724,买盘
120,14:48:42,10.29,--,2,2058,买盘
121,14:48:39,10.29,-0.01,7,7202,卖盘
122,14:48:36,10.3,0.01,16,16480,买盘
123,14:48:33,10.29,-0.01,17,17493,卖盘
124,14:48:30,10.3,0.02,10,10300,买盘
125,14:48:24,10.28,--,139,142892,卖盘
126,14:48:15,10.28,-0.01,98,100744,卖盘
127,14:48:12,10.29,--,39,40131,卖盘
128,14:48:06,10.29,--,10,10290,卖盘
129,14:48:03,10.29,--,2,2058,卖盘
130,14:47:54,10.29,--,1,1029,卖盘
131,14:47:48,10.29,-0.01,9,9261,卖盘
132,14:47:45,10.3,--,31,31930,买盘
133,14:47:42,10.3,-0.01,409,421270,卖盘
134,14:47:36,10.31,0.01,10,10310,卖盘
135,14:47:33,10.3,-0.01,121,124630,卖盘
136,14:47:27,10.31,--,4,4124,中性盘
137,14:47:21,10.31,--,78,80418,买盘
138,14:47:18,10.31,0.01,7,7217,中性盘
139,14:47:06,10.3,-0.01,300,309000,卖盘
140,14:47:00,10.31,--,2,2062,卖盘
141,14:46:57,10.31,0.01,1,1031,买盘
142,14:46:54,10.3,--,2,2060,卖盘
143,14:46:51,10.3,0.01,98,100940,买盘
144,14:46:48,10.29,--,109,112160,卖盘
145,14:46:42,10.29,--,28,28811,卖盘
146,14:46:33,10.29,--,11,11318,卖盘
147,14:46:30,10.29,-0.01,1,1029,卖盘
148,14:46:27,10.3,-0.03,2,2060,中性盘
149,14:46:21,10.33,0.04,391,403903,买盘
150,14:46:18,10.29,--,3,3086,卖盘
151,14:46:12,10.29,--,10,10290,买盘
152,14:46:09,10.29,-0.02,20,20580,中性盘
153,14:45:57,10.31,0.01,5,5155,买盘
154,14:45:54,10.3,-0.03,2,2060,中性盘
155,14:45:42,10.33,0.06,1000,1033000,买盘
156,14:45:33,10.27,-0.04,1005,1032135,卖盘
157,14:45:30,10.31,--,142,146402,卖盘
158,14:45:27,10.31,--,24,24744,卖盘
159,14:45:24,10.31,--,1,1031,卖盘
160,14:45:21,10.31,0.03,914,942334,买盘
161,14:45:18,10.28,--,16,16448,卖盘
162,14:45:15,10.28,-0.03,144,148032,卖盘
163,14:45:12,10.31,0.03,1008,1039248,买盘
164,14:45:09,10.28,--,46,47288,卖盘
165,14:45:06,10.28,-0.01,2,2056,卖盘
166,14:45:03,10.29,0.01,20,20580,买盘
167,14:45:00,10.28,--,19,19532,卖盘
168,14:44:57,10.28,-0.01,2,2056,中性盘
169,14:44:54,10.29,0.01,99,101870,买盘
170,14:44:51,10.28,--,2,2056,买盘
171,14:44:48,10.28,-0.01,19,19532,卖盘
172,14:44:45,10.29,--,132,135828,买盘
173,14:44:42,10.29,--,41,42189,买盘
174,14:44:39,10.29,--,10,10290,卖盘
175,14:44:36,10.29,-0.01,8,8232,卖盘
176,14:44:33,10.3,--,51,52530,买盘
177,14:44:30,10.3,--,2,2060,买盘
178,14:44:27,10.3,--,11,11330,卖盘
179,14:44:24,10.3,--,7,7210,卖盘
180,14:44:15,10.3,-0.01,187,192610,卖盘
181,14:44:06,10.31,--,28,28868,卖盘
182,14:44:03,10.31,-0.01,46,47426,卖盘
183,14:44:00,10.32,--,1,1032,买盘
184,14:43:57,10.32,0.01,7,7224,买盘
185,14:43:54,10.31,-0.01,158,162898,卖盘
186,14:43:51,10.32,0.01,5,5160,买盘
187,14:43:48,10.31,-0.01,28,28868,卖盘
188,14:43:45,10.32,--,16,16512,买盘
189,14:43:42,10.32,--,10,10320,买盘
190,14:43:39,10.32,--,2,2064,买盘
191,14:43:36,10.32,--,30,30960,买盘
192,14:43:33,10.32,--,12,12384,买盘
193,14:43:30,10.32,--,4,4128,卖盘
194,14:43:27,10.32,-0.01,10,10320,卖盘
195,14:43:24,10.33,--,64,66112,买盘
196,14:43:18,10.33,0.01,3,3099,买盘
197,14:43:15,10.32,-0.01,1,1032,中性盘
198,14:43:03,10.33,0.01,349,360517,买盘
199,14:43:00,10.32,--,83,85656,买盘
200,14:42:51,10.32,--,263,271416,买盘
201,14:42:48,10.32,--,339,349848,买盘
202,14:42:45,10.32,--,106,109392,买盘
203,14:42:42,10.32,0.01,36,37152,买盘
204,14:42:39,10.31,--,96,98976,卖盘
205,14:42:30,10.31,-0.02,37,38147,中性盘
206,14:42:24,10.33,0.02,188,194204,买盘
207,14:42:21,10.31,0.01,10,10310,买盘
208,14:42:18,10.3,--,16,16480,卖盘
209,14:42:15,10.3,--,265,273897,买盘
210,14:42:12,10.3,0.01,27,27810,买盘
211,14:42:09,10.29,-0.01,50,51449,卖盘
212,14:42:06,10.3,0.01,51,52530,买盘
213,14:42:00,10.29,-0.01,60,61739,买盘
214,14:41:51,10.3,0.02,431,443930,买盘
215,14:41:45,10.28,-0.01,5,5140,卖盘
216,14:41:39,10.29,-0.01,2,2058,买盘
217,14:41:36,10.3,--,60,61800,买盘
218,14:41:33,10.3,0.01,850,875500,买盘
219,14:41:30,10.29,--,10,10290,买盘
220,14:41:27,10.29,0.01,86,88493,买盘
221,14:41:24,10.28,-0.01,21,21588,卖盘
222,14:41:21,10.29,--,12,12347,买盘
223,14:41:15,10.29,0.01,1,1029,买盘
224,14:41:12,10.28,-0.01,21,21588,卖盘
225,14:41:06,10.29,0.02,275,282975,买盘
226,14:41:03,10.27,-0.01,504,517608,卖盘
227,14:41:00,10.28,0.01,2,2056,买盘
228,14:40:54,10.27,-0.01,141,144889,卖盘
229,14:40:48,10.28,0.02,434,447097,买盘
230,14:40:42,10.26,--,95,97470,买盘
231,14:40:39,10.26,-0.01,383,392958,中性盘
232,14:40:36,10.27,0.02,2,2054,买盘
233,14:40:33,10.25,-0.01,539,552475,卖盘
234,14:40:30,10.26,--,46,47196,买盘
235,14:40:27,10.26,--,9,9234,买盘
236,14:40:24,10.26,0.01,22,22572,买盘
237,14:40:21,10.25,-0.01,6,6150,卖盘
238,14:40:18,10.26,0.01,3,3078,买盘
239,14:40:15,10.25,-0.01,7,7175,卖盘
240,14:40:12,10.26,--,60,61560,买盘
241,14:40:09,10.26,--,63,64638,买盘
242,14:40:06,10.26,0.02,2,2052,买盘
243,14:40:03,10.24,--,25,25600,卖盘
244,14:39:57,10.24,-0.02,24,24576,卖盘
245,14:39:54,10.26,--,49,50274,买盘
246,14:39:51,10.26,0.01,10,10260,买盘
247,14:39:48,10.25,--,86,88150,卖盘
248,14:39:42,10.25,--,10,10250,卖盘
249,14:39:39,10.25,-0.01,10,10250,中性盘
250,14:39:33,10.26,0.01,95,97470,买盘
251,14:39:30,10.25,-0.01,71,72775,卖盘
252,14:39:27,10.26,0.01,2,2052,买盘
253,14:39:24,10.25,-0.01,24,24600,卖盘
254,14:39:21,10.26,0.01,78,80028,买盘
255,14:39:18,10.25,-0.01,1,1025,卖盘
256,14:39:15,10.26,--,35,35910,买盘
257,14:39:12,10.26,--,3,3078,买盘
258,14:39:09,10.26,--,73,74898,买盘
259,14:39:06,10.26,0.02,10,10260,卖盘
260,14:39:03,10.24,--,102,104448,卖盘
261,14:39:00,10.24,--,19,19456,卖盘
262,14:38:57,10.24,0.01,23,23552,中性盘
263,14:38:48,10.23,-0.03,22,22506,卖盘
264,14:38:42,10.26,--,20,20520,卖盘
265,14:38:39,10.26,0.02,10,10260,卖盘
266,14:38:36,10.24,0.02,4,4096,买盘
267,14:38:27,10.22,-0.05,1,1022,卖盘
268,14:38:21,10.27,0.03,174,178698,买盘
269,14:38:18,10.24,0.02,275,281681,买盘
270,14:38:15,10.22,--,5,5110,卖盘
271,14:38:12,10.22,--,53,54166,卖盘
272,14:38:09,10.22,--,4,4088,卖盘
273,14:38:06,10.22,--,16,16352,卖盘
274,14:38:03,10.22,0.02,320,327980,买盘
275,14:38:00,10.2,0.01,9,9180,买盘
276,14:37:54,10.19,-0.03,1,1019,卖盘
277,14:37:48,10.22,0.01,1000,1022000,买盘
278,14:37:45,10.21,0.02,255,260355,买盘
279,14:37:42,10.19,-0.01,2,2038,中性盘
280,14:37:36,10.2,-0.01,150,153000,中性盘
281,14:37:33,10.21,0.03,101,103121,买盘
282,14:37:30,10.18,--,98,99764,买盘
283,14:37:27,10.18,--,108,109944,卖盘
284,14:37:24,10.18,-0.02,16,16288,卖盘
285,14:37:21,10.2,0.01,51,52020,买盘
286,14:37:18,10.19,--,2,2038,买盘
287,14:37:15,10.19,0.01,35,35665,卖盘
288,14:37:06,10.18,-0.01,150,152700,卖盘
289,14:37:03,10.19,-0.02,100,101900,卖盘
290,14:37:00,10.21,0.02,889,907669,买盘
291,14:36:54,10.19,--,5,5095,买盘
292,14:36:51,10.19,--,5,5095,买盘
293,14:36:48,10.19,-0.01,7,7133,卖盘
294,14:36:42,10.2,--,2,2039,买盘
295,14:36:39,10.2,0.02,1100,1122000,买盘
296,14:36:36,10.18,-0.02,118,120195,卖盘
297,14:36:33,10.2,--,25,25500,买盘
298,14:36:27,10.2,0.02,22,22440,买盘
299,14:36:24,10.18,-0.02,22,22396,卖盘
300,14:36:21,10.2,--,87,89688,买盘
301,14:36:18,10.2,--,63,65147,卖盘
302,14:36:15,10.2,-0.01,86,87852,卖盘
303,14:36:12,10.21,--,77,78617,买盘
304,14:36:09,10.21,--,16,16336,卖盘
305,14:36:06,10.21,--,341,348161,卖盘
306,14:36:03,10.21,0.01,199,203179,买盘
307,14:35:57,10.2,--,30,30599,卖盘
308,14:35:54,10.2,0.02,500,509999,买盘
309,14:35:51,10.18,--,23,23414,买盘
310,14:35:48,10.18,0.01,20,20360,买盘
311,14:35:45,10.17,--,32,32544,卖盘
312,14:35:42,10.17,--,10,10170,卖盘
313,14:35:39,10.17,--,171,173907,卖盘
314,14:35:33,10.17,0.02,295,300686,买盘
315,14:35:30,10.15,--,37,37555,买盘
316,14:35:27,10.15,--,58,59022,买盘
317,14:35:24,10.15,--,10,10150,买盘
318,14:35:21,10.15,0.02,45,45675,买盘
319,14:35:18,10.13,-0.02,56,56809,卖盘
320,14:35:15,10.15,0.02,1,1015,买盘
321,14:35:12,10.13,--,48,48624,卖盘
322,14:35:09,10.13,-0.02,81,82458,卖盘
323,14:35:06,10.15,0.02,13,13195,买盘
324,14:35:03,10.13,0.01,51,51663,卖盘
325,14:34:51,10.12,-0.01,35,35420,卖盘
326,14:34:45,10.13,-0.02,6,6078,卖盘
327,14:34:42,10.15,0.03,15,15225,买盘
328,14:34:36,10.12,--,21,21252,卖盘
329,14:34:33,10.12,--,122,123463,卖盘
330,14:34:30,10.12,0.01,3,3035,中性盘
331,14:34:24,10.11,-0.01,304,307344,卖盘
332,14:34:21,10.12,--,54,55062,买盘
333,14:34:18,10.12,--,8,8095,买盘
334,14:34:15,10.12,--,58,59525,买盘
335,14:34:12,10.12,--,135,136620,买盘
336,14:34:09,10.12,0.01,17,17204,买盘
337,14:34:06,10.11,-0.01,40,40440,卖盘
338,14:34:00,10.12,0.01,33,33396,买盘
339,14:33:57,10.11,-0.01,10,10110,卖盘
340,14:33:54,10.12,-0.03,129,130547,卖盘
341,14:33:51,10.15,--,46,46690,买盘
342,14:33:48,10.15,-0.01,30,30450,中性盘
343,14:33:45,10.16,--,14,14224,买盘
344,14:33:39,10.16,--,90,91440,买盘
345,14:33:36,10.16,--,19,19304,买盘
346,14:33:33,10.16,--,1,1016,买盘
347,14:33:30,10.16,--,26,26416,买盘
348,14:33:24,10.16,-0.01,571,580481,卖盘
349,14:33:21,10.17,--,37,37629,卖盘
350,14:33:18,10.17,-0.01,38,38646,卖盘
351,14:33:15,10.18,0.02,3,3054,买盘
352,14:33:12,10.16,--,85,86542,卖盘
353,14:33:09,10.16,-0.02,318,323088,卖盘
354,14:33:06,10.18,--,368,374624,卖盘
355,14:33:03,10.18,-0.01,56,57008,卖盘
356,14:33:00,10.19,0.01,66,67254,买盘
357,14:32:57,10.18,--,28,28504,卖盘
358,14:32:54,10.18,--,30,30540,卖盘
359,14:32:51,10.18,0.02,610,621468,买盘
360,14:32:48,10.16,-0.01,185,188488,卖盘
361,14:32:45,10.17,-0.01,56,56952,买盘
362,14:32:42,10.18,0.01,82,83476,买盘
363,14:32:39,10.17,-0.01,211,214587,卖盘
364,14:32:36,10.18,0.01,521,530378,买盘
365,14:32:33,10.17,-0.01,365,371205,卖盘
366,14:32:30,10.18,-0.01,106,107908,中性盘
367,14:32:27,10.19,0.03,7,7133,买盘
368,14:32:24,10.16,-0.03,25,25887,卖盘
369,14:32:21,10.19,0.02,31,32353,买盘
370,14:32:18,10.17,--,15,15255,买盘
371,14:32:15,10.17,-0.06,20,20340,买盘
372,14:32:12,10.23,0.07,1,1023,买盘
373,14:32:09,10.16,-0.07,772,784352,卖盘
374,14:32:06,10.23,0.06,61,62403,买盘
375,14:32:03,10.17,-0.03,25,25425,卖盘
376,14:32:00,10.2,0.04,367,374340,买盘
377,14:31:57,10.16,-0.01,15,15240,卖盘
378,14:31:54,10.17,0.01,9,9153,买盘
379,14:31:51,10.16,0.03,113,114808,买盘
380,14:31:48,10.13,0.03,854,865102,买盘
381,14:31:42,10.1,-0.01,15,15150,卖盘
382,14:31:39,10.11,0.01,85,85935,买盘
383,14:31:36,10.1,--,137,138390,买盘
384,14:31:33,10.1,0.01,10,10100,买盘
385,14:31:30,10.09,--,1,1009,卖盘
386,14:31:27,10.09,0.01,115,116035,中性盘
387,14:31:24,10.08,--,65,66407,卖盘
388,14:31:21,10.08,0.01,119,120788,中性盘
389,14:31:18,10.07,-0.01,146,147022,卖盘
390,14:31:15,10.08,-0.01,551,555408,中性盘
391,14:31:12,10.09,0.01,99,100244,买盘
392,14:31:09,10.08,--,97,97776,卖盘
393,14:31:06,10.08,--,73,73584,卖盘
394,14:31:03,10.08,--,446,449568,卖盘
395,14:31:00,10.08,0.02,131,132048,买盘
396,14:30:57,10.06,--,520,523120,卖盘
397,14:30:54,10.06,-0.01,557,560342,卖盘
398,14:30:51,10.07,0.01,92,92644,买盘
399,14:30:48,10.06,--,194,195164,卖盘
400,14:30:45,10.06,0.02,346,348830,买盘
401,14:30:42,10.04,0.01,116,116463,中性盘
402,14:30:39,10.03,--,1096,1099288,卖盘
403,14:30:36,10.03,--,141,141423,卖盘
404,14:30:33,10.03,-0.01,107,107321,卖盘
405,14:30:30,10.04,--,71,71284,买盘
406,14:30:27,10.04,--,244,244975,卖盘
407,14:30:24,10.04,-0.01,186,186814,卖盘
408,14:30:21,10.05,--,880,884400,买盘
409,14:30:18,10.05,--,17,17085,买盘
410,14:30:15,10.05,-0.02,181,182749,卖盘
411,14:30:12,10.07,-0.01,161,162288,中性盘
412,14:30:09,10.08,0.02,8,8064,买盘
413,14:30:06,10.06,-0.03,1083,1089498,卖盘
414,14:30:03,10.09,0.01,163,164467,买盘
415,14:30:00,10.08,--,113,113904,卖盘
416,14:29:57,10.08,-0.01,125,126000,卖盘
417,14:29:54,10.09,--,162,163458,卖盘
418,14:29:51,10.09,0.01,56,56504,买盘
419,14:29:48,10.08,--,7,7056,卖盘
420,14:29:45,10.08,-0.02,5,5040,卖盘
421,14:29:42,10.1,-0.01,549,554490,卖盘
422,14:29:39,10.11,--,8,8088,买盘
423,14:29:36,10.11,--,37,37821,卖盘
424,14:29:33,10.11,--,132,133876,卖盘
425,14:29:30,10.11,-0.01,107,108177,卖盘
426,14:29:27,10.12,0.01,332,335984,买盘
427,14:29:24,10.11,--,31,31341,卖盘
428,14:29:21,10.11,--,258,261009,买盘
429,14:29:18,10.11,--,296,299256,卖盘
430,14:29:15,10.11,-0.01,138,140397,卖盘
431,14:29:12,10.12,--,112,113343,卖盘
432,14:29:09,10.12,--,137,138775,卖盘
433,14:29:06,10.12,-0.01,152,153824,卖盘
434,14:29:03,10.13,--,7,7091,买盘
435,14:29:00,10.13,--,970,982610,卖盘
436,14:28:57,10.13,-0.01,274,277562,卖盘
437,14:28:54,10.14,--,121,122694,买盘
438,14:28:51,10.14,--,109,110526,买盘
439,14:28:45,10.14,-0.01,77,78078,卖盘
440,14:28:42,10.15,--,84,85260,买盘
441,14:28:39,10.15,0.01,50,50750,买盘
442,14:28:36,10.14,-0.01,418,423852,卖盘
443,14:28:33,10.15,--,39,39585,买盘
444,14:28:30,10.15,-0.02,529,536935,卖盘
445,14:28:27,10.17,0.02,23,23391,买盘
446,14:28:24,10.15,-0.02,62,62930,卖盘
447,14:28:21,10.17,--,137,139329,买盘
448,14:28:18,10.17,--,3,3051,买盘
449,14:28:15,10.17,--,136,138596,卖盘
450,14:28:12,10.17,--,24,24408,卖盘
451,14:28:09,10.17,--,344,350122,卖盘
452,14:28:06,10.17,--,33,33561,卖盘
453,14:28:03,10.17,--,14,14238,卖盘
454,14:28:00,10.17,0.02,438,445903,买盘
455,14:27:57,10.15,0.02,64,64960,买盘
456,14:27:54,10.13,--,203,205639,卖盘
457,14:27:51,10.13,0.02,147,149701,买盘
458,14:27:48,10.11,--,139,140529,卖盘
459,14:27:45,10.11,--,182,184002,卖盘
460,14:27:42,10.11,--,20,20220,卖盘
461,14:27:39,10.11,--,45,45495,卖盘
462,14:27:36,10.11,0.01,410,414510,买盘
463,14:27:33,10.1,--,476,480760,卖盘
464,14:27:30,10.1,--,407,411070,卖盘
465,14:27:27,10.1,-0.01,138,139380,卖盘
466,14:27:24,10.11,0.01,253,255783,买盘
467,14:27:21,10.1,-0.01,31,31310,卖盘
468,14:27:18,10.11,--,41,41451,买盘
469,14:27:15,10.11,-0.02,510,515610,卖盘
470,14:27:12,10.13,0.02,31,31403,中性盘
471,14:27:09,10.11,-0.05,180,181980,卖盘
472,14:27:06,10.16,0.03,787,799592,买盘
473,14:27:03,10.13,--,45,45585,卖盘
474,14:27:00,10.13,--,151,152963,卖盘
475,14:26:57,10.13,-0.01,54,54702,卖盘
476,14:26:51,10.14,-0.01,291,295074,卖盘
477,14:26:48,10.15,-0.01,2863,2905945,卖盘
478,14:26:45,10.16,--,23,23368,卖盘
479,14:26:42,10.16,-0.02,18,18288,卖盘
480,14:26:39,10.18,-0.02,10,10180,卖盘
481,14:26:36,10.2,-0.02,255,260365,买盘
482,14:26:33,10.22,0.02,1217,1243774,买盘
483,14:26:30,10.2,--,1936,1975240,卖盘
484,14:26:27,10.2,--,862,879239,卖盘
485,14:26:24,10.2,--,139,141780,卖盘
486,14:26:21,10.2,-0.01,186,189720,卖盘
487,14:26:18,10.21,0.01,14,14294,买盘
488,14:26:15,10.2,--,668,681360,卖盘
489,14:26:12,10.2,-0.01,523,533643,卖盘
490,14:26:09,10.21,--,108,110268,卖盘
491,14:26:06,10.21,--,85,86836,卖盘
492,14:26:03,10.21,--,97,99037,卖盘
493,14:26:00,10.21,-0.01,301,307321,卖盘
494,14:25:57,10.22,-0.01,885,904470,卖盘
495,14:25:54,10.23,0.01,51,52173,中性盘
496,14:25:51,10.22,-0.01,180,183960,卖盘
497,14:25:48,10.23,--,250,255750,卖盘
498,14:25:45,10.23,--,42,42966,卖盘
499,14:25:42,10.23,--,26,26598,卖盘
500,14:25:36,10.23,-0.01,51,52173,卖盘
501,14:25:30,10.24,0.01,124,126976,买盘
502,14:25:27,10.23,--,44,45012,卖盘
503,14:25:24,10.23,--,42,42966,卖盘
504,14:25:21,10.23,--,53,54219,卖盘
505,14:25:18,10.23,--,205,209715,卖盘
506,14:25:15,10.23,--,6,6138,卖盘
507,14:25:12,10.23,--,26,26598,卖盘
508,14:25:09,10.23,--,67,68991,卖盘
509,14:25:06,10.23,--,20,20460,卖盘
510,14:25:03,10.23,--,119,121737,卖盘
511,14:25:00,10.23,-0.01,47,48889,卖盘
512,14:24:51,10.24,--,3,3072,卖盘
513,14:24:45,10.24,-0.01,48,49152,卖盘
514,14:24:42,10.25,0.01,2,2050,买盘
515,14:24:39,10.24,-0.01,12,12288,卖盘
516,14:24:36,10.25,0.01,91,93275,买盘
517,14:24:33,10.24,0.01,19,19456,买盘
518,14:24:30,10.23,--,28,28644,卖盘
519,14:24:27,10.23,-0.03,136,139128,卖盘
520,14:24:24,10.26,0.02,2,2052,买盘
521,14:24:15,10.24,--,1,1024,卖盘
522,14:24:12,10.24,-0.02,18,18432,卖盘
523,14:24:09,10.26,0.03,12,12312,买盘
524,14:24:06,10.23,--,31,32541,卖盘
525,14:24:00,10.23,--,21,21483,卖盘
526,14:23:57,10.23,--,68,69993,卖盘
527,14:23:54,10.23,-0.03,5,5115,卖盘
528,14:23:51,10.26,0.02,98,100548,买盘
529,14:23:48,10.24,0.01,17,17408,买盘
530,14:23:45,10.23,--,17,17391,卖盘
531,14:23:42,10.23,--,42,42966,卖盘
532,14:23:39,10.23,-0.01,10,10230,卖盘
533,14:23:36,10.24,--,12,12288,买盘
534,14:23:30,10.24,0.01,1,1024,买盘
535,14:23:27,10.23,--,32,32736,卖盘
536,14:23:24,10.23,-0.03,173,176979,卖盘
537,14:23:21,10.26,0.02,202,207252,买盘
538,14:23:18,10.24,0.01,10,10240,卖盘
539,14:23:15,10.23,--,102,104346,卖盘
540,14:23:12,10.23,-0.02,29,29667,卖盘
541,14:23:09,10.25,0.02,26,26906,买盘
542,14:23:06,10.23,--,22,22506,卖盘
543,14:23:03,10.23,--,81,82863,卖盘
544,14:23:00,10.23,--,40,40920,卖盘
545,14:22:57,10.23,-0.01,251,257775,卖盘
546,14:22:51,10.24,0.01,13,13312,买盘
547,14:22:39,10.23,--,19,19437,卖盘
548,14:22:36,10.23,--,21,21483,卖盘
549,14:22:33,10.23,-0.02,1,1023,卖盘
550,14:22:30,10.25,--,56,57400,买盘
551,14:22:27,10.25,0.02,64,65600,买盘
552,14:22:24,10.23,-0.01,50,51150,卖盘
553,14:22:21,10.24,0.01,40,40960,中性盘
554,14:22:15,10.23,--,136,139128,卖盘
555,14:22:12,10.23,-0.01,15,15345,卖盘
556,14:22:09,10.24,0.01,57,58521,中性盘
557,14:22:03,10.23,--,43,43989,卖盘
558,14:22:00,10.23,--,54,55242,卖盘
559,14:21:57,10.23,--,256,261888,卖盘
560,14:21:54,10.23,-0.03,57,58392,卖盘
561,14:21:51,10.26,0.03,369,378594,买盘
562,14:21:48,10.23,-0.02,1,1023,卖盘
563,14:21:45,10.25,0.02,10,10250,买盘
564,14:21:42,10.23,--,5,5115,卖盘
565,14:21:39,10.23,-0.02,18,18414,卖盘
566,14:21:36,10.25,0.02,90,92250,买盘
567,14:21:33,10.23,--,62,63426,卖盘
568,14:21:30,10.23,--,5,5115,卖盘
569,14:21:21,10.23,-0.02,25,25575,卖盘
570,14:21:18,10.25,--,71,72775,买盘
571,14:21:12,10.25,--,1,1025,买盘
572,14:21:09,10.25,--,49,51229,买盘
573,14:21:06,10.25,0.02,20,20500,买盘
574,14:21:03,10.23,--,82,83886,卖盘
575,14:21:00,10.23,-0.02,77,79026,卖盘
576,14:20:57,10.25,--,108,110700,买盘
577,14:20:54,10.25,--,6,6150,买盘
578,14:20:51,10.25,--,36,37156,卖盘
579,14:20:48,10.25,--,4,4100,卖盘
580,14:20:45,10.25,--,71,72775,卖盘
581,14:20:42,10.25,-0.01,80,82000,卖盘
582,14:20:39,10.26,--,100,102600,买盘
583,14:20:33,10.26,--,113,115938,买盘
584,14:20:30,10.26,--,274,282129,卖盘
585,14:20:24,10.26,-0.01,40,41040,卖盘
586,14:20:21,10.27,--,1,1027,买盘
587,14:20:18,10.27,0.01,10,10270,买盘
588,14:20:15,10.26,-0.02,65,66690,卖盘
589,14:20:12,10.28,0.01,51,52428,买盘
590,14:20:09,10.27,0.01,10,10270,中性盘
591,14:20:03,10.26,--,17,17442,卖盘
592,14:20:00,10.26,--,72,74272,卖盘
593,14:19:57,10.26,--,141,145527,卖盘
594,14:19:51,10.26,-0.01,6,6156,卖盘
595,14:19:48,10.27,0.01,49,50323,买盘
596,14:19:39,10.26,-0.01,17,17442,卖盘
597,14:19:36,10.27,0.01,66,67782,买盘
598,14:19:27,10.26,--,62,63612,卖盘
599,14:19:24,10.26,--,12,12312,卖盘
600,14:19:18,10.26,--,1,1026,卖盘
601,14:19:15,10.26,-0.01,15,15390,卖盘
602,14:19:12,10.27,--,5,5135,买盘
603,14:19:09,10.27,0.01,33,33891,买盘
604,14:19:06,10.26,-0.02,29,30564,中性盘
605,14:19:00,10.28,0.02,127,130555,买盘
606,14:18:57,10.26,-0.01,130,133954,卖盘
607,14:18:51,10.27,--,111,114448,买盘
608,14:18:48,10.27,0.01,174,178698,买盘
609,14:18:45,10.26,-0.01,9,9234,卖盘
610,14:18:36,10.27,--,10,10270,买盘
611,14:18:30,10.27,--,10,10270,买盘
612,14:18:27,10.27,0.01,5,5135,买盘
613,14:18:12,10.26,0.01,67,68742,买盘
614,14:18:09,10.25,--,87,89175,卖盘
615,14:18:06,10.25,--,96,98400,卖盘
616,14:18:03,10.25,-0.01,22,23544,卖盘
617,14:17:57,10.26,0.01,16,16416,买盘
618,14:17:54,10.25,-0.01,54,55616,卖盘
619,14:17:51,10.26,0.01,91,93366,买盘
620,14:17:48,10.25,--,10,10250,卖盘
621,14:17:39,10.25,--,165,169658,买盘
622,14:17:36,10.25,--,93,95325,买盘
623,14:17:33,10.25,0.01,2,2050,买盘
624,14:17:30,10.24,--,34,34816,卖盘
625,14:17:24,10.24,--,14,14336,卖盘
626,14:17:21,10.24,-0.01,400,409600,卖盘
627,14:17:15,10.25,--,1,1025,买盘
628,14:17:09,10.25,--,101,103525,买盘
629,14:17:00,10.25,0.02,36,37453,买盘
630,14:16:57,10.23,-0.01,156,159690,卖盘
631,14:16:51,10.24,0.01,86,88197,买盘
632,14:16:48,10.23,-0.01,455,465465,卖盘
633,14:16:45,10.24,--,16,16384,买盘
634,14:16:42,10.24,--,104,106496,买盘
635,14:16:39,10.24,--,60,61440,买盘
636,14:16:36,10.24,--,5,5120,买盘
637,14:16:33,10.24,0.01,55,56320,买盘
638,14:16:30,10.23,--,359,367257,卖盘
639,14:16:18,10.23,-0.01,3,3069,卖盘
640,14:16:12,10.24,--,51,52398,买盘
641,14:16:09,10.24,0.01,1,1024,买盘
642,14:16:06,10.23,-0.01,15,15345,卖盘
643,14:16:03,10.24,0.01,1,1024,买盘
644,14:16:00,10.23,--,47,49022,卖盘
645,14:15:57,10.23,-0.01,100,102300,买盘
646,14:15:54,10.24,0.01,210,215040,买盘
647,14:15:51,10.23,--,254,260547,卖盘
648,14:15:48,10.23,--,59,60674,卖盘
649,14:15:45,10.23,0.01,52,53196,买盘
650,14:15:42,10.22,--,10,10220,卖盘
651,14:15:39,10.22,--,5,5110,卖盘
652,14:15:36,10.22,-0.02,10,10220,中性盘
653,14:15:24,10.24,0.02,1067,1092904,买盘
654,14:15:18,10.22,--,17,18099,买盘
655,14:15:15,10.22,-0.01,39,40154,卖盘
656,14:15:12,10.23,0.01,805,823515,买盘
657,14:15:09,10.22,--,37,37814,卖盘
658,14:15:06,10.22,--,199,203378,卖盘
659,14:15:03,10.22,-0.01,63,64386,卖盘
660,14:15:00,10.23,0.01,96,98208,买盘
661,14:14:57,10.22,--,130,132860,卖盘
662,14:14:54,10.22,--,43,43946,卖盘
663,14:14:51,10.22,--,32,33490,卖盘
664,14:14:48,10.22,--,261,266742,卖盘
665,14:14:45,10.22,--,78,80186,卖盘
666,14:14:42,10.22,--,211,215642,卖盘
667,14:14:36,10.22,-0.01,57,58254,卖盘
668,14:14:33,10.23,0.01,47,48081,买盘
669,14:14:30,10.22,-0.01,172,175784,卖盘
670,14:14:27,10.23,--,88,90024,卖盘
671,14:14:24,10.23,--,202,207137,卖盘
672,14:14:21,10.23,--,111,113553,卖盘
673,14:14:18,10.23,--,50,51150,卖盘
674,14:14:15,10.23,--,98,100254,卖盘
675,14:14:12,10.23,-0.01,190,194370,卖盘
676,14:14:09,10.24,0.01,4,4096,买盘
677,14:14:06,10.23,-0.01,302,309437,卖盘
678,14:14:03,10.24,-0.01,10,10240,卖盘
679,14:13:57,10.25,0.01,500,512500,买盘
680,14:13:54,10.24,-0.01,26,27156,卖盘
681,14:13:51,10.25,--,383,393067,卖盘
682,14:13:48,10.25,--,202,207777,卖盘
683,14:13:45,10.25,--,12,12300,卖盘
684,14:13:42,10.25,--,300,307500,卖盘
685,14:13:36,10.25,-0.01,2,2050,卖盘
686,14:13:33,10.26,0.01,7,7182,买盘
687,14:13:30,10.25,--,10,10250,卖盘
688,14:13:27,10.25,--,6,6150,卖盘
689,14:13:24,10.25,--,1,1025,卖盘
690,14:13:21,10.25,--,68,69700,卖盘
691,14:13:18,10.25,--,2,2050,卖盘
692,14:13:09,10.25,-0.01,70,71750,卖盘
693,14:13:06,10.26,0.01,51,52326,买盘
694,14:13:00,10.25,--,275,281875,卖盘
695,14:12:54,10.25,--,246,252150,卖盘
696,14:12:51,10.25,-0.01,39,40508,卖盘
697,14:12:45,10.26,0.01,17,17442,买盘
698,14:12:42,10.25,--,16,16400,卖盘
699,14:12:39,10.25,--,47,48902,卖盘
700,14:12:30,10.25,-0.01,96,98400,卖盘
701,14:12:27,10.26,0.01,30,30780,买盘
702,14:12:24,10.25,--,100,102500,卖盘
703,14:12:21,10.25,-0.01,6,6150,卖盘
704,14:12:18,10.26,0.01,7,7182,买盘
705,14:12:12,10.25,-0.01,19,19475,卖盘
706,14:12:09,10.26,--,30,30780,买盘
707,14:12:06,10.26,0.01,6,6156,买盘
708,14:12:03,10.25,-0.01,26,26650,卖盘
709,14:11:57,10.26,--,93,95418,买盘
710,14:11:54,10.26,--,232,238052,卖盘
711,14:11:51,10.26,--,10,10260,卖盘
712,14:11:45,10.26,--,19,19494,卖盘
713,14:11:42,10.26,--,78,81033,卖盘
714,14:11:39,10.26,--,6,6156,卖盘
715,14:11:36,10.26,--,20,20520,卖盘
716,14:11:33,10.26,--,40,41040,卖盘
717,14:11:30,10.26,--,40,41040,卖盘
718,14:11:24,10.26,--,20,20520,卖盘
719,14:11:21,10.26,0.01,173,177498,买盘
720,14:11:09,10.25,-0.01,100,102500,卖盘
721,14:11:06,10.26,--,370,379620,买盘
722,14:11:03,10.26,0.01,85,87210,买盘
723,14:11:00,10.25,-0.01,0,10,卖盘
724,14:10:57,10.26,--,121,124146,买盘
725,14:10:51,10.26,0.01,68,70640,买盘
726,14:10:39,10.25,-0.01,336,344789,卖盘
727,14:10:36,10.26,--,144,147744,卖盘
728,14:10:33,10.26,--,76,77976,卖盘
729,14:10:30,10.26,--,4,4104,卖盘
730,14:10:27,10.26,--,2,2052,卖盘
731,14:10:24,10.26,--,16,16416,卖盘
732,14:10:18,10.26,0.01,99,101574,买盘
733,14:10:15,10.25,-0.01,74,75850,卖盘
734,14:10:12,10.26,--,5,5130,买盘
735,14:10:09,10.26,0.01,1,1026,买盘
736,14:10:06,10.25,-0.01,107,109675,卖盘
737,14:10:03,10.26,-0.01,10,10260,买盘
738,14:09:57,10.27,0.02,91,93457,买盘
739,14:09:54,10.25,--,638,654226,卖盘
740,14:09:51,10.25,-0.01,22,22878,卖盘
741,14:09:48,10.26,--,10,10260,卖盘
742,14:09:45,10.26,--,40,41040,卖盘
743,14:09:42,10.26,0.01,138,141588,买盘
744,14:09:39,10.25,--,71,73707,卖盘
745,14:09:36,10.25,--,89,91225,卖盘
746,14:09:27,10.25,--,24,24600,卖盘
747,14:09:21,10.25,-0.01,1,1025,卖盘
748,14:09:18,10.26,--,2,2052,买盘
749,14:09:12,10.26,0.01,27,27702,买盘
750,14:09:09,10.25,-0.01,1,1025,卖盘
751,14:09:06,10.26,--,11,11286,买盘
752,14:09:03,10.26,-0.01,1,1026,买盘
753,14:09:00,10.27,--,10,10270,买盘
754,14:08:57,10.27,0.02,90,92430,买盘
755,14:08:54,10.25,-0.01,181,185525,卖盘
756,14:08:48,10.26,--,50,51300,卖盘
757,14:08:45,10.26,0.01,14,14364,中性盘
758,14:08:42,10.25,-0.01,1027,1053638,卖盘
759,14:08:36,10.26,--,55,56727,卖盘
760,14:08:27,10.26,--,12,12312,卖盘
761,14:08:24,10.26,--,40,41040,卖盘
762,14:08:21,10.26,-0.01,2,2052,卖盘
763,14:08:15,10.27,--,1,1027,买盘
764,14:08:09,10.27,-0.01,20,20540,卖盘
765,14:08:06,10.28,0.01,1,1028,买盘
766,14:08:03,10.27,--,60,61620,卖盘
767,14:07:57,10.27,--,221,226967,卖盘
768,14:07:54,10.27,0.01,30,30810,买盘
769,14:07:51,10.26,-0.01,20,20520,卖盘
770,14:07:48,10.27,0.01,10,10270,买盘
771,14:07:45,10.26,--,6,6156,卖盘
772,14:07:42,10.26,--,26,26870,卖盘
773,14:07:36,10.26,-0.01,323,331439,卖盘
774,14:07:30,10.27,--,17,17459,卖盘
775,14:07:24,10.27,-0.01,10,10270,卖盘
776,14:07:12,10.28,--,5,5140,买盘
777,14:07:06,10.28,--,11,11308,买盘
778,14:07:03,10.28,--,9,9252,买盘
779,14:06:57,10.28,0.01,91,93548,买盘
780,14:06:48,10.27,--,22,23384,卖盘
781,14:06:45,10.27,--,56,58046,卖盘
782,14:06:42,10.27,--,24,24648,卖盘
783,14:06:39,10.27,--,30,30810,卖盘
784,14:06:36,10.27,--,15,15405,卖盘
785,14:06:33,10.27,-0.01,50,52079,卖盘
786,14:06:27,10.28,--,50,51400,买盘
787,14:06:24,10.28,0.01,9,9252,买盘
788,14:06:21,10.27,0.01,73,74971,买盘
789,14:06:18,10.26,-0.01,10,10260,卖盘
790,14:06:15,10.27,--,27,27729,卖盘
791,14:06:12,10.27,--,14,14378,卖盘
792,14:06:09,10.27,--,34,34918,卖盘
793,14:06:06,10.27,--,6,6162,卖盘
794,14:06:03,10.27,0.01,10,10270,卖盘
795,14:06:00,10.26,-0.02,1,1026,卖盘
796,14:05:54,10.28,0.01,91,93548,买盘
797,14:05:51,10.27,0.01,1,1027,买盘
798,14:05:45,10.26,-0.01,1,1026,卖盘
799,14:05:42,10.27,-0.01,435,446991,卖盘
800,14:05:39,10.28,--,47,48408,卖盘
801,14:05:36,10.28,--,69,70932,卖盘
802,14:05:27,10.28,--,110,113080,卖盘
803,14:05:24,10.28,--,15,16108,买盘
804,14:05:15,10.28,--,29,29811,买盘
805,14:05:12,10.28,--,4,4451,卖盘
806,14:05:09,10.28,--,7,7884,买盘
807,14:05:06,10.28,--,1502,1544395,卖盘
808,14:04:57,10.28,--,150,154200,卖盘
809,14:04:54,10.28,-0.01,9,9252,卖盘
810,14:04:51,10.29,0.01,20,20580,买盘
811,14:04:39,10.28,--,21,22595,卖盘
812,14:04:33,10.28,-0.01,55,56797,卖盘
813,14:04:27,10.29,--,82,84378,买盘
814,14:04:18,10.29,0.01,210,216089,买盘
815,14:04:15,10.28,-0.01,45,46260,卖盘
816,14:04:12,10.29,--,1,1029,买盘
817,14:04:09,10.29,0.01,1,1029,买盘
818,14:04:06,10.28,--,51,52428,卖盘
819,14:04:03,10.28,-0.01,172,176816,卖盘
820,14:03:51,10.29,0.01,91,93638,买盘
821,14:03:45,10.28,--,5,5140,卖盘
822,14:03:42,10.28,--,27,28732,卖盘
823,14:03:33,10.28,-0.01,59,60939,卖盘
824,14:03:27,10.29,--,180,185343,买盘
825,14:03:24,10.29,--,5,5145,买盘
826,14:03:18,10.29,0.01,10,10290,买盘
827,14:03:15,10.28,-0.01,8,8224,卖盘
828,14:03:12,10.29,--,375,386780,卖盘
829,14:03:09,10.29,-0.01,2,2058,卖盘
830,14:03:06,10.3,0.01,1,1030,买盘
831,14:02:51,10.29,--,30,30869,卖盘
832,14:02:48,10.29,-0.01,1,1029,卖盘
833,14:02:36,10.3,0.01,30,31229,买盘
834,14:02:33,10.29,--,100,102899,卖盘
835,14:02:30,10.29,-0.01,47,49299,卖盘
836,14:02:21,10.3,--,155,159650,卖盘
837,14:02:15,10.3,-0.01,10,10300,卖盘
838,14:02:06,10.31,0.01,6,6186,买盘
839,14:02:03,10.3,--,11,11330,卖盘
840,14:01:51,10.3,--,14,14420,卖盘
841,14:01:42,10.3,--,78,80340,买盘
842,14:01:33,10.3,0.01,52,53899,买盘
843,14:01:30,10.29,-0.01,53,55463,卖盘
844,14:01:27,10.3,--,230,236900,买盘
845,14:01:06,10.3,--,1,1030,买盘
846,14:01:03,10.3,--,68,70040,卖盘
847,14:00:48,10.3,-0.01,10,10300,卖盘
848,14:00:36,10.31,--,39,40724,卖盘
849,14:00:33,10.31,--,28,29146,卖盘
850,14:00:30,10.31,0.02,132,136329,买盘
851,14:00:24,10.29,-0.02,50,52437,卖盘
852,14:00:12,10.31,0.01,8,8248,买盘
853,14:00:06,10.3,--,1,1030,买盘
854,13:59:48,10.3,--,14,14420,买盘
855,13:59:39,10.3,0.01,70,72100,买盘
856,13:59:36,10.29,--,31,32228,卖盘
857,13:59:30,10.29,--,6,6173,卖盘
858,13:59:24,10.29,--,2,2058,卖盘
859,13:59:21,10.29,-0.01,55,57531,卖盘
860,13:59:15,10.3,--,19,19570,买盘
861,13:59:03,10.3,--,1,1030,买盘
862,13:59:00,10.3,--,26,26780,买盘
863,13:58:54,10.3,--,4,4120,买盘
864,13:58:36,10.3,0.01,4,4120,买盘
865,13:58:33,10.29,--,23,24418,卖盘
866,13:58:27,10.29,-0.01,53,55051,卖盘
867,13:58:21,10.3,--,11,11330,买盘
868,13:58:15,10.3,-0.01,35,36050,卖盘
869,13:58:12,10.31,--,10,10310,买盘
870,13:58:06,10.31,--,6,6186,买盘
871,13:58:03,10.31,0.02,1,1031,买盘
872,13:57:33,10.29,--,0,246,买盘
873,13:57:30,10.29,--,25,26743,买盘
874,13:57:21,10.29,--,28,29594,卖盘
875,13:57:18,10.29,-0.02,52,53754,卖盘
876,13:57:06,10.31,0.02,1,1031,买盘
877,13:56:57,10.29,-0.02,1,1029,卖盘
878,13:56:51,10.31,--,7,7217,买盘
879,13:56:39,10.31,0.03,10,10310,买盘
880,13:56:36,10.28,-0.02,66,67848,卖盘
881,13:56:27,10.3,0.03,21,22464,中性盘
882,13:56:21,10.27,-0.04,55,56916,卖盘
883,13:56:15,10.31,--,14,14434,买盘
884,13:56:12,10.31,0.01,100,103100,买盘
885,13:56:06,10.3,--,7,7210,买盘
886,13:56:03,10.3,--,1,1030,买盘
887,13:55:57,10.3,--,1401,1443030,买盘
888,13:55:48,10.3,0.01,2,2060,卖盘
889,13:55:45,10.29,-0.02,30,30869,卖盘
890,13:55:42,10.31,0.01,10,10784,买盘
891,13:55:39,10.3,--,6,6180,买盘
892,13:55:36,10.3,--,50,52056,卖盘
893,13:55:30,10.3,--,2,2060,卖盘
894,13:55:24,10.3,--,81,83625,卖盘
895,13:55:18,10.3,--,54,55661,卖盘
896,13:55:12,10.3,-0.01,16,16480,卖盘
897,13:55:06,10.31,0.01,9,9279,买盘
898,13:54:54,10.3,-0.01,5,5150,卖盘
899,13:54:51,10.31,0.01,12,12372,买盘
900,13:54:45,10.3,--,37,38346,买盘
901,13:54:39,10.3,-0.01,205,211943,卖盘
902,13:54:36,10.31,0.01,10,10310,买盘
903,13:54:27,10.3,--,29,30220,卖盘
904,13:54:15,10.3,--,10,10300,卖盘
905,13:54:12,10.3,-0.01,56,58596,卖盘
906,13:54:09,10.31,0.01,3,3093,买盘
907,13:54:06,10.3,--,3,3090,卖盘
908,13:54:03,10.3,-0.01,3,3090,卖盘
909,13:53:57,10.31,0.01,10,10310,买盘
910,13:53:54,10.3,-0.01,2,2060,卖盘
911,13:53:42,10.31,--,10,11103,卖盘
912,13:53:36,10.31,--,30,30930,卖盘
913,13:53:33,10.31,--,21,21651,卖盘
914,13:53:30,10.31,--,1,1031,卖盘
915,13:53:21,10.31,-0.02,29,30538,卖盘
916,13:53:18,10.33,0.02,156,161148,买盘
917,13:53:09,10.31,-0.01,47,49085,卖盘
918,13:53:03,10.32,--,1,1032,买盘
919,13:53:00,10.32,--,50,51600,买盘
920,13:52:51,10.32,0.01,32,33024,买盘
921,13:52:42,10.31,--,1,1031,卖盘
922,13:52:30,10.31,-0.01,1,1031,卖盘
923,13:52:24,10.32,0.01,13,13416,中性盘
924,13:52:18,10.31,--,28,29270,卖盘
925,13:52:12,10.31,-0.02,48,50354,卖盘
926,13:52:06,10.33,--,1,1033,买盘
927,13:51:57,10.33,0.01,12,12396,买盘
928,13:51:54,10.32,--,18,18576,卖盘
929,13:51:51,10.32,-0.01,4,4128,卖盘
930,13:51:33,10.33,--,5,5165,买盘
931,13:51:24,10.33,0.01,20,20660,买盘
932,13:51:21,10.32,--,26,27585,卖盘
933,13:51:09,10.32,-0.01,63,65532,卖盘
934,13:51:03,10.33,--,1,1033,买盘
935,13:50:54,10.33,0.01,20,20660,中性盘
936,13:50:39,10.32,-0.02,6,6192,卖盘
937,13:50:33,10.34,-0.01,2,2068,中性盘
938,13:50:27,10.35,--,30,31050,买盘
939,13:50:24,10.35,--,6,6210,买盘
940,13:50:21,10.35,0.04,28,29197,买盘
941,13:50:09,10.31,-0.04,53,54663,卖盘
942,13:50:06,10.35,0.01,778,805230,买盘
943,13:50:03,10.34,--,1,1034,买盘
944,13:50:00,10.34,--,10,10340,买盘
945,13:49:48,10.34,--,1,1034,买盘
946,13:49:45,10.34,0.03,510,527340,买盘
947,13:49:27,10.31,-0.01,10,10310,卖盘
948,13:49:24,10.32,0.01,7,7224,买盘
949,13:49:18,10.31,--,23,24671,卖盘
950,13:49:06,10.31,-0.01,53,54952,卖盘
951,13:49:03,10.32,--,13,13416,买盘
952,13:49:00,10.32,--,1,1032,买盘
953,13:48:30,10.32,--,200,206400,买盘
954,13:48:24,10.32,0.01,6,6192,买盘
955,13:48:21,10.31,--,5,5155,卖盘
956,13:48:18,10.31,--,77,79954,卖盘
957,13:48:15,10.31,--,15,15465,买盘
958,13:48:09,10.31,0.01,1,1031,卖盘
959,13:48:06,10.3,-0.02,53,55290,卖盘
960,13:48:03,10.32,0.01,101,104232,买盘
961,13:48:00,10.31,--,20,20620,卖盘
962,13:47:51,10.31,--,27,28074,买盘
963,13:47:45,10.31,--,12,13165,卖盘
964,13:47:42,10.31,--,20,20857,买盘
965,13:47:39,10.31,--,10,10310,买盘
966,13:47:18,10.31,--,10,10310,买盘
967,13:47:15,10.31,--,52,54416,卖盘
968,13:47:06,10.31,-0.01,46,47652,卖盘
969,13:47:03,10.32,--,1,1032,买盘
970,13:47:00,10.32,--,9,9288,买盘
971,13:46:57,10.32,--,110,113520,买盘
972,13:46:42,10.32,--,6,6192,买盘
973,13:46:39,10.32,0.01,3,3096,买盘
974,13:46:33,10.31,-0.01,32,32992,中性盘
975,13:46:12,10.32,0.02,1027,1060338,买盘
976,13:46:03,10.3,-0.02,49,51263,卖盘
977,13:46:00,10.32,0.01,1,1032,买盘
978,13:45:57,10.31,--,30,30930,卖盘
979,13:45:48,10.31,0.01,0,391,买盘
980,13:45:45,10.3,-0.01,50,51500,卖盘
981,13:45:33,10.31,--,45,46395,买盘
982,13:45:30,10.31,-0.01,105,108894,卖盘
983,13:45:27,10.32,0.01,7,7224,买盘
984,13:45:24,10.31,--,20,20620,卖盘
985,13:45:21,10.31,-0.01,1,1031,卖盘
986,13:45:18,10.32,0.01,21,21672,买盘
987,13:45:12,10.31,--,23,24104,卖盘
988,13:45:09,10.31,--,15,15465,买盘
989,13:45:06,10.31,0.01,10,10310,买盘
990,13:45:03,10.3,-0.01,53,55465,卖盘
991,13:45:00,10.31,-0.01,6,6186,买盘
992,13:44:54,10.32,0.02,1,1032,买盘
993,13:44:51,10.3,--,0,751,卖盘
994,13:44:48,10.3,-0.02,45,47060,卖盘
995,13:44:45,10.32,0.03,10,10320,买盘
996,13:44:39,10.29,-0.03,3,3086,卖盘
997,13:44:36,10.32,--,65,67080,买盘
998,13:44:24,10.32,0.03,7,7224,买盘
999,13:44:18,10.29,--,1,1029,卖盘
1000,13:44:15,10.29,--,2655,2732509,卖盘
1001,13:44:12,10.29,-0.01,1,1029,卖盘
1002,13:44:00,10.3,0.01,1,1030,买盘
1003,13:43:51,10.29,--,28,29007,卖盘
1004,13:43:42,10.29,-0.01,35,37023,卖盘
1005,13:43:39,10.3,--,20,20600,买盘
1006,13:43:33,10.3,--,10,10300,买盘
1007,13:43:24,10.3,--,51,52530,买盘
1008,13:43:18,10.3,0.01,57,58710,买盘
1009,13:43:15,10.29,-0.01,16,16464,卖盘
1010,13:43:03,10.3,--,1,1030,买盘
1011,13:43:00,10.3,--,10,10300,买盘
1012,13:42:57,10.3,0.01,3,3090,买盘
1013,13:42:51,10.29,--,15,16134,卖盘
1014,13:42:42,10.29,0.01,316,325668,买盘
1015,13:42:39,10.28,--,15,15419,卖盘
1016,13:42:36,10.28,--,45,46260,卖盘
1017,13:42:33,10.28,-0.01,10,10280,卖盘
1018,13:42:30,10.29,--,20,20580,买盘
1019,13:42:27,10.29,--,100,102899,买盘
1020,13:42:18,10.29,--,134,137886,买盘
1021,13:42:15,10.29,--,10,10290,买盘
1022,13:42:12,10.29,--,86,88493,买盘
1023,13:42:06,10.29,--,100,102899,买盘
1024,13:42:00,10.29,--,6,6173,买盘
1025,13:41:57,10.29,--,5,5145,买盘
1026,13:41:54,10.29,0.01,10,10290,买盘
1027,13:41:48,10.28,--,19,19891,卖盘
1028,13:41:45,10.28,-0.01,35,36822,卖盘
1029,13:41:30,10.29,--,12,12347,买盘
1030,13:41:27,10.29,--,18,18522,买盘
1031,13:41:24,10.29,0.01,4,4116,买盘
1032,13:41:21,10.28,-0.01,2,2056,卖盘
1033,13:41:00,10.29,0.01,1,1029,买盘
1034,13:40:48,10.28,--,19,20056,卖盘
1035,13:40:45,10.28,--,2,2056,卖盘
1036,13:40:42,10.28,--,35,36658,卖盘
1037,13:40:39,10.28,-0.01,10,10280,卖盘
1038,13:40:06,10.29,--,5,5145,买盘
1039,13:40:03,10.29,--,1,1029,买盘
1040,13:40:00,10.29,--,1,1029,买盘
1041,13:39:48,10.29,0.01,22,22812,买盘
1042,13:39:42,10.28,--,39,40092,卖盘
1043,13:39:39,10.28,--,57,58595,卖盘
1044,13:39:36,10.28,-0.01,9,9252,卖盘
1045,13:39:27,10.29,--,13,13376,买盘
1046,13:39:15,10.29,--,11,11318,卖盘
1047,13:39:12,10.29,--,1,1029,卖盘
1048,13:39:06,10.29,--,3,3086,卖盘
1049,13:39:03,10.29,-0.01,5,5145,卖盘
1050,13:39:00,10.3,0.01,1,1030,买盘
1051,13:38:57,10.29,0.01,2,2058,买盘
1052,13:38:51,10.28,--,10,10280,卖盘
1053,13:38:48,10.28,--,300,308400,卖盘
1054,13:38:45,10.28,-0.01,61,63448,卖盘
1055,13:38:42,10.29,0.01,82,84378,买盘
1056,13:38:39,10.28,--,60,62142,卖盘
1057,13:38:30,10.28,--,6,6168,卖盘
1058,13:38:18,10.28,-0.01,67,68876,卖盘
1059,13:38:06,10.29,0.01,30,30869,买盘
1060,13:37:57,10.28,--,31,31867,卖盘
1061,13:37:51,10.28,-0.01,58,59623,卖盘
1062,13:37:48,10.29,0.01,3,3086,买盘
1063,13:37:42,10.28,-0.02,21,22513,卖盘
1064,13:37:39,10.3,0.02,300,309000,买盘
1065,13:37:36,10.28,-0.01,33,34201,卖盘
1066,13:37:30,10.29,--,53,55113,卖盘
1067,13:37:27,10.29,--,4,4116,卖盘
1068,13:37:21,10.29,0.01,0,452,买盘
1069,13:37:12,10.28,-0.01,17,17476,卖盘
1070,13:37:09,10.29,--,50,51449,买盘
1071,13:36:57,10.29,--,1,1029,买盘
1072,13:36:51,10.29,-0.01,148,152868,卖盘
1073,13:36:48,10.3,0.01,3,3090,买盘
1074,13:36:39,10.29,--,21,21814,卖盘
1075,13:36:36,10.29,-0.01,33,34955,卖盘
1076,13:36:33,10.3,0.01,10,10300,买盘
1077,13:36:30,10.29,-0.01,5,5145,卖盘
1078,13:36:27,10.3,--,5,5150,买盘
1079,13:36:24,10.3,0.01,50,51500,买盘
1080,13:36:18,10.29,-0.01,11,11318,卖盘
1081,13:36:00,10.3,0.01,1,1030,买盘
1082,13:35:51,10.29,--,50,51449,卖盘
1083,13:35:48,10.29,--,14,14405,卖盘
1084,13:35:42,10.29,--,17,17719,卖盘
1085,13:35:30,10.29,--,37,39050,卖盘
1086,13:35:24,10.29,--,1,1029,卖盘
1087,13:35:21,10.29,--,125,128727,买盘
1088,13:35:18,10.29,--,7,7202,买盘
1089,13:35:12,10.29,--,1,1029,买盘
1090,13:35:09,10.29,--,59,60710,买盘
1091,13:35:06,10.29,--,33,33957,买盘
1092,13:35:03,10.29,--,3,3086,买盘
1093,13:35:00,10.29,--,1,1029,买盘
1094,13:34:57,10.29,--,11,11318,买盘
1095,13:34:45,10.29,0.01,94,96725,买盘
1096,13:34:36,10.28,--,26,27128,卖盘
1097,13:34:30,10.28,-0.01,38,39865,卖盘
1098,13:34:24,10.29,0.01,29,29840,买盘
1099,13:34:21,10.28,-0.01,8,8224,卖盘
1100,13:34:15,10.29,0.01,20,20580,买盘
1101,13:34:03,10.28,-0.01,5,5140,卖盘
1102,13:33:57,10.29,0.01,1,1029,买盘
1103,13:33:54,10.28,-0.01,7,7196,卖盘
1104,13:33:48,10.29,--,34,34986,买盘
1105,13:33:42,10.29,0.01,10,10290,买盘
1106,13:33:36,10.28,--,19,19603,卖盘
1107,13:33:33,10.28,--,16,16448,卖盘
1108,13:33:27,10.28,-0.01,36,37110,卖盘
1109,13:33:09,10.29,0.01,12,12347,买盘
1110,13:33:06,10.28,--,12,12336,卖盘
1111,13:33:00,10.28,-0.01,30,30839,卖盘
1112,13:32:57,10.29,--,21,21609,买盘
1113,13:32:48,10.29,0.01,30,30869,买盘
1114,13:32:42,10.28,--,6,6168,卖盘
1115,13:32:33,10.28,--,15,15635,卖盘
1116,13:32:27,10.28,--,39,41078,卖盘
1117,13:32:24,10.28,--,30,30839,卖盘
1118,13:32:21,10.28,-0.01,33,33924,卖盘
1119,13:32:06,10.29,--,22,22637,买盘
1120,13:31:57,10.29,0.01,6,6173,买盘
1121,13:31:51,10.28,--,14,14392,卖盘
1122,13:31:33,10.28,--,16,17362,卖盘
1123,13:31:24,10.28,--,39,40379,卖盘
1124,13:31:18,10.28,-0.01,4,4112,卖盘
1125,13:30:57,10.29,--,125,129551,卖盘
1126,13:30:48,10.29,--,26,26753,卖盘
1127,13:30:42,10.29,-0.01,3,3086,卖盘
1128,13:30:39,10.3,0.01,20,20600,买盘
1129,13:30:33,10.29,-0.01,16,17410,卖盘
1130,13:30:30,10.3,0.01,1,1030,买盘
1131,13:30:27,10.29,-0.01,38,39359,卖盘
1132,13:30:12,10.3,--,1,1030,买盘
1133,13:29:57,10.3,--,1,1030,买盘
1134,13:29:51,10.3,0.01,40,41200,买盘
1135,13:29:48,10.29,--,20,20580,卖盘
1136,13:29:42,10.29,--,2,2058,卖盘
1137,13:29:30,10.29,--,17,18244,卖盘
1138,13:29:24,10.29,--,37,38525,卖盘
1139,13:29:06,10.29,--,7,7202,卖盘
1140,13:28:48,10.29,--,1,1029,卖盘
1141,13:28:39,10.29,--,14,14405,卖盘
1142,13:28:27,10.29,--,17,17534,卖盘
1143,13:28:24,10.29,-0.01,38,39235,卖盘
1144,13:27:57,10.3,--,5,5150,买盘
1145,13:27:54,10.3,--,10,10300,买盘
1146,13:27:33,10.3,0.01,418,430540,买盘
1147,13:27:30,10.29,--,18,18820,卖盘
1148,13:27:21,10.29,--,39,41036,卖盘
1149,13:27:18,10.29,--,70,72030,卖盘
1150,13:27:15,10.29,--,11,11318,卖盘
1151,13:26:57,10.29,--,1,1029,卖盘
1152,13:26:51,10.29,-0.01,1,1029,卖盘
1153,13:26:48,10.3,0.01,10,10300,买盘
1154,13:26:27,10.29,-0.01,18,18635,卖盘
1155,13:26:24,10.3,--,8,9208,卖盘
1156,13:26:21,10.3,--,46,47441,卖盘
1157,13:26:03,10.3,--,15,15450,卖盘
1158,13:25:48,10.3,--,88,90640,买盘
1159,13:25:33,10.3,--,1,1030,买盘
1160,13:25:30,10.3,0.01,20,20600,买盘
1161,13:25:27,10.29,--,15,15795,卖盘
1162,13:25:21,10.29,--,39,40974,卖盘
1163,13:25:18,10.29,-0.01,5,5145,卖盘
1164,13:25:03,10.3,0.01,10,10300,买盘
1165,13:24:51,10.29,--,106,109218,买盘
1166,13:24:39,10.29,--,100,102899,买盘
1167,13:24:36,10.29,--,21,21609,买盘
1168,13:24:30,10.29,0.01,203,208886,买盘
1169,13:24:21,10.28,--,18,19346,卖盘
1170,13:24:18,10.28,--,36,37367,卖盘
1171,13:24:09,10.28,-0.01,33,33924,卖盘
1172,13:24:00,10.29,0.01,10,10290,买盘
1173,13:23:54,10.28,--,27,27756,卖盘
1174,13:23:45,10.28,--,1,1028,卖盘
1175,13:23:24,10.28,-0.01,21,21588,卖盘
1176,13:23:21,10.29,0.01,16,16464,买盘
1177,13:23:18,10.28,-0.01,54,55686,卖盘
1178,13:23:15,10.29,--,8,8232,买盘
1179,13:23:12,10.29,0.01,10,10290,买盘
1180,13:23:06,10.28,-0.01,200,205600,卖盘
1181,13:23:03,10.29,--,10,10290,买盘
1182,13:22:51,10.29,--,50,51449,买盘
1183,13:22:36,10.29,0.01,2,2058,买盘
1184,13:22:33,10.28,-0.01,19,19532,卖盘
1185,13:22:30,10.29,--,16,16464,买盘
1186,13:22:27,10.29,0.01,6,6173,买盘
1187,13:22:24,10.28,--,5,5140,卖盘
1188,13:22:21,10.28,--,19,20241,卖盘
1189,13:22:15,10.28,-0.01,35,36473,卖盘
1190,13:22:12,10.29,--,10,10290,买盘
1191,13:22:09,10.29,-0.01,25,26609,卖盘
1192,13:22:03,10.3,0.01,50,51500,买盘
1193,13:22:00,10.29,--,38,39102,卖盘
1194,13:21:39,10.29,-0.02,9,9261,卖盘
1195,13:21:24,10.31,0.02,10,10310,买盘
1196,13:21:18,10.29,-0.03,17,17678,卖盘
1197,13:21:15,10.32,0.03,36,37152,买盘
1198,13:21:12,10.29,--,37,39091,卖盘
1199,13:21:03,10.29,-0.03,2,2058,卖盘
1200,13:21:00,10.32,0.02,100,103200,买盘
1201,13:20:54,10.3,-0.01,4,4120,卖盘
1202,13:20:45,10.31,--,2,2062,买盘
1203,13:20:42,10.31,0.01,3,3093,卖盘
1204,13:20:21,10.3,0.01,1,1205,买盘
1205,13:20:18,10.29,--,2,2058,卖盘
1206,13:20:15,10.29,--,15,15836,卖盘
1207,13:20:12,10.29,-0.01,39,40933,卖盘
1208,13:19:57,10.3,0.01,19,19570,买盘
1209,13:19:48,10.29,-0.01,11,11318,卖盘
1210,13:19:15,10.3,--,12,12473,卖盘
1211,13:19:12,10.3,-0.01,33,34906,卖盘
1212,13:19:03,10.31,-0.01,5,5155,卖盘
1213,13:18:57,10.32,--,21,21672,买盘
1214,13:18:51,10.32,0.01,256,264192,买盘
1215,13:18:45,10.31,--,10,10310,卖盘
1216,13:18:33,10.31,0.01,2,2062,买盘
1217,13:18:30,10.3,-0.01,56,57680,卖盘
1218,13:18:21,10.31,--,3,3526,买盘
1219,13:18:18,10.31,--,1,1628,卖盘
1220,13:18:15,10.31,-0.01,21,21671,卖盘
1221,13:18:12,10.32,0.01,2,2064,买盘
1222,13:18:09,10.31,--,131,135215,卖盘
1223,13:17:45,10.31,0.01,116,119853,买盘
1224,13:17:42,10.3,--,34,35020,卖盘
1225,13:17:39,10.3,--,15,15450,卖盘
1226,13:17:33,10.3,--,100,103000,卖盘
1227,13:17:27,10.3,-0.01,3,3090,卖盘
1228,13:17:24,10.31,0.01,8,8248,买盘
1229,13:17:21,10.3,0.01,24,25101,买盘
1230,13:17:12,10.29,--,19,20374,卖盘
1231,13:17:09,10.29,-0.01,3,3735,卖盘
1232,13:17:06,10.3,--,40,41581,卖盘
1233,13:16:54,10.3,-0.01,18,18540,卖盘
1234,13:16:51,10.31,0.01,8,8248,买盘
1235,13:16:45,10.3,--,40,41200,卖盘
1236,13:16:36,10.3,0.02,9,9270,买盘
1237,13:16:30,10.28,-0.03,1,1028,卖盘
1238,13:16:24,10.31,0.01,10,10310,买盘
1239,13:16:18,10.3,0.02,259,266770,买盘
1240,13:16:09,10.28,--,20,21176,卖盘
1241,13:16:06,10.28,-0.01,34,35537,卖盘
1242,13:16:00,10.29,-0.01,19,19551,卖盘
1243,13:15:57,10.3,0.01,1,1030,买盘
1244,13:15:54,10.29,--,6,6173,卖盘
1245,13:15:42,10.29,-0.01,10,10290,卖盘
1246,13:15:24,10.3,0.01,150,154500,买盘
1247,13:15:21,10.29,--,100,102899,卖盘
1248,13:15:15,10.29,-0.01,1,1029,卖盘
1249,13:15:09,10.3,--,103,106574,卖盘
1250,13:15:03,10.3,--,37,38985,卖盘
1251,13:14:54,10.3,--,1,1030,卖盘
1252,13:14:48,10.3,--,31,31930,卖盘
1253,13:14:45,10.3,--,103,106090,卖盘
1254,13:14:36,10.3,--,18,18540,卖盘
1255,13:14:27,10.3,--,58,59740,卖盘
1256,13:14:12,10.3,--,30,30900,卖盘
1257,13:14:09,10.3,--,19,20321,卖盘
1258,13:14:03,10.3,--,35,36503,卖盘
1259,13:14:00,10.3,-0.01,4,4120,卖盘
1260,13:13:51,10.31,0.01,7,7217,买盘
1261,13:13:48,10.3,-0.01,6,6180,卖盘
1262,13:13:42,10.31,0.01,3,3093,买盘
1263,13:13:39,10.3,-0.01,80,82400,卖盘
1264,13:13:33,10.31,0.01,10,10310,买盘
1265,13:13:30,10.3,--,5,5150,卖盘
1266,13:13:24,10.3,--,11,11330,卖盘
1267,13:13:15,10.3,--,2,2060,卖盘
1268,13:13:06,10.3,--,15,16201,卖盘
1269,13:13:03,10.3,--,3,3090,卖盘
1270,13:13:00,10.3,--,39,40623,卖盘
1271,13:12:51,10.3,-0.01,4,4120,卖盘
1272,13:12:45,10.31,-0.01,23,23713,中性盘
1273,13:12:27,10.32,--,32,33024,买盘
1274,13:12:24,10.32,--,17,17544,买盘
1275,13:12:15,10.32,0.02,5,5160,买盘
1276,13:12:12,10.3,-0.02,6,6180,卖盘
1277,13:12:06,10.32,0.02,13,13416,买盘
1278,13:12:03,10.3,--,30,31445,卖盘
1279,13:11:57,10.3,-0.01,39,40829,卖盘
1280,13:11:51,10.31,--,10,10310,卖盘
1281,13:11:39,10.31,--,95,97945,买盘
1282,13:11:36,10.31,--,68,70108,买盘
1283,13:11:30,10.31,0.01,23,23713,买盘
1284,13:11:18,10.3,-0.01,35,36050,卖盘
1285,13:11:03,10.31,0.01,25,25775,买盘
1286,13:11:00,10.3,--,22,22948,卖盘
1287,13:10:57,10.3,--,32,33876,卖盘
1288,13:10:39,10.3,0.01,406,418180,买盘
1289,13:10:36,10.29,0.01,11,11318,中性盘
1290,13:10:30,10.28,--,7,7196,卖盘
1291,13:10:18,10.28,-0.01,100,102800,卖盘
1292,13:10:03,10.29,0.01,15,16206,卖盘
1293,13:09:57,10.28,-0.01,39,40523,卖盘
1294,13:09:48,10.29,--,22,22637,买盘
1295,13:09:36,10.29,--,5,5145,买盘
1296,13:09:18,10.29,0.01,4,4116,买盘
1297,13:09:15,10.28,--,4,4112,卖盘
1298,13:09:12,10.28,--,10,10280,卖盘
1299,13:09:06,10.28,--,40,41120,卖盘
1300,13:09:00,10.28,0.01,12,12336,买盘
1301,13:08:57,10.27,--,20,21166,卖盘
1302,13:08:51,10.27,--,34,35493,卖盘
1303,13:08:48,10.27,-0.02,11,11297,卖盘
1304,13:08:39,10.29,0.02,6,6173,买盘
1305,13:08:36,10.27,--,40,41080,卖盘
1306,13:08:21,10.27,--,94,96712,买盘
1307,13:08:18,10.27,--,25,25675,买盘
1308,13:08:15,10.27,-0.02,47,49121,卖盘
1309,13:08:00,10.29,0.02,15,15434,买盘
1310,13:07:57,10.27,--,18,18907,卖盘
1311,13:07:51,10.27,-0.02,36,37752,卖盘
1312,13:07:18,10.29,0.03,8,8232,买盘
1313,13:07:06,10.26,-0.02,1,1026,卖盘
1314,13:07:03,10.28,0.02,8,8224,买盘
1315,13:07:00,10.26,-0.01,19,19853,卖盘
1316,13:06:57,10.27,0.01,13,13351,买盘
1317,13:06:54,10.26,-0.01,20,20520,卖盘
1318,13:06:51,10.27,--,2,2054,买盘
1319,13:06:48,10.27,--,44,45506,卖盘
1320,13:06:45,10.27,--,5,5135,卖盘
1321,13:06:39,10.27,--,4,4108,卖盘
1322,13:06:24,10.27,--,9,9243,卖盘
1323,13:06:18,10.27,-0.01,10,10270,卖盘
1324,13:06:15,10.28,--,116,119247,买盘
1325,13:06:12,10.28,0.01,4,4112,买盘
1326,13:06:00,10.27,--,25,25675,卖盘
1327,13:05:54,10.27,--,48,50158,卖盘
1328,13:05:48,10.27,--,35,36283,卖盘
1329,13:05:42,10.27,-0.03,10,10270,卖盘
1330,13:05:21,10.3,0.03,2,2060,买盘
1331,13:05:18,10.27,--,35,35945,卖盘
1332,13:05:06,10.27,-0.03,40,41080,卖盘
1333,13:04:57,10.3,0.04,156,161256,买盘
1334,13:04:48,10.26,-0.04,32,33806,卖盘
1335,13:04:45,10.3,-0.01,175,180929,卖盘
1336,13:04:36,10.31,0.01,7,7217,买盘
1337,13:04:33,10.3,--,15,15450,卖盘
1338,13:04:24,10.3,--,311,320680,买盘
1339,13:04:15,10.3,0.04,504,519120,买盘
1340,13:04:09,10.26,--,5,5130,卖盘
1341,13:03:54,10.26,--,19,19647,卖盘
1342,13:03:45,10.26,--,36,36956,卖盘
1343,13:03:42,10.26,--,4,4104,卖盘
1344,13:03:21,10.26,--,3,3078,卖盘
1345,13:03:18,10.26,--,5,5130,卖盘
1346,13:03:12,10.26,--,9,9234,卖盘
1347,13:03:09,10.26,--,17,17442,卖盘
1348,13:03:03,10.26,-0.01,30,30780,卖盘
1349,13:02:57,10.27,0.01,60,61620,买盘
1350,13:02:54,10.26,0.01,11,11286,中性盘
1351,13:02:48,10.25,--,16,16625,卖盘
1352,13:02:45,10.25,--,38,39923,卖盘
1353,13:02:42,10.25,-0.01,215,220375,卖盘
1354,13:02:36,10.26,0.01,76,77976,买盘
1355,13:02:24,10.25,-0.01,40,41000,卖盘
1356,13:02:21,10.26,0.01,120,123120,买盘
1357,13:02:18,10.25,-0.01,19,19475,卖盘
1358,13:02:15,10.26,--,9,9234,买盘
1359,13:02:09,10.26,--,3,3078,买盘
1360,13:02:06,10.26,--,16,16416,买盘
1361,13:02:03,10.26,--,13,13338,买盘
1362,13:01:57,10.26,--,220,225720,买盘
1363,13:01:51,10.26,0.01,10,10260,买盘
1364,13:01:48,10.25,--,31,32123,卖盘
1365,13:01:45,10.25,-0.01,33,34675,卖盘
1366,13:01:39,10.26,0.01,20,20520,买盘
1367,13:01:36,10.25,-0.01,94,96350,卖盘
1368,13:01:27,10.26,0.01,7,7182,买盘
1369,13:01:24,10.25,-0.01,15,15375,卖盘
1370,13:01:21,10.26,--,1,1026,买盘
1371,13:01:18,10.26,0.01,5,5130,买盘
1372,13:01:15,10.25,-0.01,10,10250,卖盘
1373,13:01:12,10.26,--,141,144666,买盘
1374,13:01:06,10.26,--,50,51300,买盘
1375,13:00:57,10.26,--,20,20520,买盘
1376,13:00:54,10.26,--,7,7182,买盘
1377,13:00:48,10.26,0.01,27,28522,买盘
1378,13:00:45,10.25,-0.01,126,129898,卖盘
1379,13:00:39,10.26,0.01,3,3078,买盘
1380,13:00:30,10.25,-0.01,3,3075,卖盘
1381,13:00:24,10.26,--,2,2052,买盘
1382,13:00:15,10.26,0.01,3,3078,买盘
1383,13:00:09,10.25,-0.01,36,36900,卖盘
1384,13:00:06,10.26,0.01,380,389880,买盘
1385,13:00:03,10.25,-0.01,810,830250,卖盘
1386,13:00:00,10.26,--,15,15390,卖盘
1387,11:30:00,10.26,--,0,0,卖盘
1388,11:29:54,10.26,-0.01,28,28728,卖盘
1389,11:29:51,10.27,0.01,2,2054,买盘
1390,11:29:48,10.26,--,82,84511,卖盘
1391,11:29:45,10.26,-0.01,73,74898,卖盘
1392,11:29:42,10.27,0.01,6,6162,买盘
1393,11:29:39,10.26,-0.01,35,36730,卖盘
1394,11:29:36,10.27,--,11,11297,买盘
1395,11:29:30,10.27,0.01,20,20540,买盘
1396,11:29:27,10.26,-0.01,17,17442,卖盘
1397,11:29:24,10.27,--,55,56485,买盘
1398,11:29:21,10.27,-0.01,1,1027,卖盘
1399,11:29:18,10.28,0.01,3,3084,买盘
1400,11:29:12,10.27,0.01,54,55458,买盘
1401,11:29:09,10.26,-0.01,15,15390,卖盘
1402,11:29:06,10.27,--,13,13351,买盘
1403,11:29:00,10.27,--,3,3081,买盘
1404,11:28:51,10.27,-0.01,4,4108,中性盘
1405,11:28:48,10.28,0.02,28,29472,买盘
1406,11:28:39,10.26,-0.02,35,36423,卖盘
1407,11:28:36,10.28,--,9,9252,买盘
1408,11:28:30,10.28,--,11,11986,卖盘
1409,11:28:27,10.28,--,1148,1180596,买盘
1410,11:28:24,10.28,--,18,18504,买盘
1411,11:28:21,10.28,0.01,15,15419,买盘
1412,11:28:18,10.27,-0.01,618,634686,卖盘
1413,11:28:12,10.28,--,3,3084,买盘
1414,11:28:06,10.28,--,2,2056,买盘
1415,11:28:03,10.28,--,5,5140,买盘
1416,11:28:00,10.28,--,50,51400,买盘
1417,11:27:54,10.28,--,3,3084,买盘
1418,11:27:51,10.28,--,60,62358,卖盘
1419,11:27:45,10.28,-0.01,16,16900,卖盘
1420,11:27:42,10.29,0.01,2,2058,买盘
1421,11:27:39,10.28,--,10,10280,卖盘
1422,11:27:36,10.28,--,43,44954,卖盘
1423,11:27:30,10.28,-0.01,70,71960,卖盘
1424,11:27:27,10.29,--,18,18522,买盘
1425,11:27:21,10.29,0.01,8,8232,买盘
1426,11:27:15,10.28,-0.01,10,10280,卖盘
1427,11:27:06,10.29,--,3,3086,买盘
1428,11:27:00,10.29,0.01,2,2058,买盘
1429,11:26:57,10.28,-0.02,10,10280,卖盘
1430,11:26:45,10.3,0.02,34,35020,买盘
1431,11:26:42,10.28,--,13,13364,卖盘
1432,11:26:39,10.28,-0.02,22,22934,卖盘
1433,11:26:36,10.3,0.02,1,1030,买盘
1434,11:26:33,10.28,0.01,34,35836,卖盘
1435,11:26:27,10.27,-0.01,100,102700,卖盘
1436,11:26:24,10.28,-0.02,6,6168,卖盘
1437,11:26:21,10.3,0.02,3,3090,买盘
1438,11:26:15,10.28,--,31,32032,买盘
1439,11:26:12,10.28,--,22,22616,买盘
1440,11:26:03,10.28,--,33,33924,买盘
1441,11:26:00,10.28,-0.02,131,135531,卖盘
1442,11:25:51,10.3,0.02,3,3090,买盘
1443,11:25:45,10.28,--,100,102800,卖盘
1444,11:25:42,10.28,-0.02,2,2056,卖盘
1445,11:25:39,10.3,0.02,27,28345,买盘
1446,11:25:36,10.28,--,39,40760,卖盘
1447,11:25:30,10.28,-0.03,73,75044,卖盘
1448,11:25:27,10.31,0.03,3,3093,买盘
1449,11:25:18,10.28,-0.02,137,140836,卖盘
1450,11:25:12,10.3,0.02,67,69010,买盘
1451,11:25:09,10.28,-0.01,2,2056,卖盘
1452,11:25:06,10.29,--,2,2058,买盘
1453,11:25:00,10.29,--,27,27782,买盘
1454,11:24:57,10.29,--,3,3086,买盘
1455,11:24:42,10.29,0.01,2,2058,买盘
1456,11:24:39,10.28,--,17,17969,卖盘
1457,11:24:33,10.28,--,21,22112,买盘
1458,11:24:30,10.28,-0.01,216,222233,卖盘
1459,11:24:24,10.29,--,10,10290,买盘
1460,11:24:21,10.29,--,7,7202,买盘
1461,11:24:12,10.29,-0.02,13,13376,卖盘
1462,11:24:06,10.31,--,10,10310,买盘
1463,11:24:00,10.31,--,2,2062,买盘
1464,11:23:57,10.31,--,8,8248,买盘
1465,11:23:48,10.31,--,928,956768,买盘
1466,11:23:39,10.31,0.01,2,2062,买盘
1467,11:23:36,10.3,-0.01,21,21887,卖盘
1468,11:23:33,10.31,--,24,24744,卖盘
1469,11:23:27,10.31,--,112,116420,买盘
1470,11:23:18,10.31,-0.01,38,39178,卖盘
1471,11:23:15,10.32,0.01,2,2064,买盘
1472,11:23:06,10.31,-0.01,2,2062,卖盘
1473,11:23:03,10.32,0.01,2,2064,买盘
1474,11:23:00,10.31,0.01,14,14434,买盘
1475,11:22:57,10.3,-0.01,33,33990,卖盘
1476,11:22:51,10.31,--,1,1031,买盘
1477,11:22:45,10.31,--,10,10310,买盘
1478,11:22:42,10.31,0.01,2,2062,中性盘
1479,11:22:33,10.3,-0.02,17,18437,卖盘
1480,11:22:30,10.32,0.01,40,41558,买盘
1481,11:22:21,10.31,--,3,3093,卖盘
1482,11:22:12,10.31,-0.01,2,2062,卖盘
1483,11:22:09,10.32,--,3,3096,买盘
1484,11:22:00,10.32,0.01,120,123840,买盘
1485,11:21:51,10.31,--,1,1031,买盘
1486,11:21:48,10.31,--,2,2062,买盘
1487,11:21:36,10.31,--,33,34023,买盘
1488,11:21:33,10.31,0.01,27,28496,买盘
1489,11:21:30,10.3,-0.01,37,38655,卖盘
1490,11:21:27,10.31,--,2,2062,买盘
1491,11:21:18,10.31,0.01,1,1031,中性盘
1492,11:21:09,10.3,--,1,1030,卖盘
1493,11:20:57,10.3,--,22,22660,卖盘
1494,11:20:54,10.3,--,1,1030,卖盘
1495,11:20:51,10.3,--,15,15450,卖盘
1496,11:20:48,10.3,--,2,2060,卖盘
1497,11:20:45,10.3,--,10,10300,卖盘
1498,11:20:33,10.3,--,17,18416,卖盘
1499,11:20:24,10.3,--,41,42528,卖盘
1500,11:20:18,10.3,--,46,47380,卖盘
1501,11:20:15,10.3,--,19,19570,卖盘
1502,11:20:06,10.3,--,46,47380,卖盘
1503,11:19:57,10.3,--,4,4120,卖盘
1504,11:19:45,10.3,--,47,48410,卖盘
1505,11:19:30,10.3,--,21,21630,卖盘
1506,11:19:27,10.3,--,38,39315,卖盘
1507,11:18:57,10.3,-0.02,12,12360,卖盘
1508,11:18:51,10.32,0.02,89,91848,买盘
1509,11:18:39,10.3,--,6,6180,卖盘
1510,11:18:30,10.3,--,20,21248,卖盘
1511,11:18:24,10.3,-0.02,34,35576,卖盘
1512,11:18:18,10.32,0.01,131,135192,买盘
1513,11:18:09,10.31,--,9,9279,买盘
1514,11:17:48,10.31,--,50,51550,买盘
1515,11:17:36,10.31,--,73,75943,卖盘
1516,11:17:33,10.31,--,27,27837,卖盘
1517,11:17:30,10.31,--,36,37116,卖盘
1518,11:17:27,10.31,--,26,27373,卖盘
1519,11:17:24,10.31,--,13,13403,卖盘
1520,11:17:21,10.31,-0.01,38,39817,卖盘
1521,11:17:15,10.32,--,194,200208,买盘
1522,11:17:09,10.32,0.01,118,121776,买盘
1523,11:17:06,10.31,-0.01,10,10310,卖盘
1524,11:16:54,10.32,0.01,1,1032,买盘
1525,11:16:51,10.31,--,10,10310,卖盘
1526,11:16:33,10.31,--,36,37116,卖盘
1527,11:16:24,10.31,-0.01,21,22331,卖盘
1528,11:16:21,10.32,--,33,34582,卖盘
1529,11:16:12,10.32,--,1,1032,卖盘
1530,11:16:06,10.32,0.01,50,51600,买盘
1531,11:16:03,10.31,-0.01,1,1031,卖盘
1532,11:16:00,10.32,0.01,111,114552,买盘
1533,11:15:48,10.31,--,6,6186,卖盘
1534,11:15:45,10.31,0.01,135,139185,买盘
1535,11:15:39,10.3,--,4,4120,卖盘
1536,11:15:24,10.3,--,65,67598,卖盘
1537,11:15:21,10.3,--,38,39696,卖盘
1538,11:15:15,10.3,-0.01,200,206000,卖盘
1539,11:15:12,10.31,0.01,11,11341,买盘
1540,11:15:00,10.3,-0.01,9,9270,卖盘
1541,11:14:54,10.31,0.01,110,113410,中性盘
1542,11:14:45,10.3,-0.02,1,1030,卖盘
1543,11:14:42,10.32,0.02,34,35088,买盘
1544,11:14:39,10.3,--,200,206000,卖盘
1545,11:14:36,10.3,--,36,37080,卖盘
1546,11:14:33,10.3,--,1,1030,卖盘
1547,11:14:30,10.3,--,50,51500,卖盘
1548,11:14:21,10.3,-0.02,22,23319,中性盘
1549,11:14:18,10.32,0.03,12,12384,买盘
1550,11:14:15,10.29,-0.03,51,53024,卖盘
1551,11:14:12,10.32,0.03,2,2064,买盘
1552,11:14:00,10.29,-0.03,13,13376,卖盘
1553,11:13:48,10.32,0.03,119,122808,买盘
1554,11:13:39,10.29,--,23,23666,卖盘
1555,11:13:33,10.29,-0.01,10,10290,卖盘
1556,11:13:30,10.3,0.01,4,4120,买盘
1557,11:13:27,10.29,--,4,4116,买盘
1558,11:13:24,10.29,0.01,2,2058,买盘
1559,11:13:21,10.28,-0.01,23,23777,卖盘
1560,11:13:18,10.29,-0.01,13,13376,买盘
1561,11:13:15,10.3,0.01,54,55661,买盘
1562,11:13:12,10.29,-0.01,5,5145,卖盘
1563,11:13:09,10.3,0.01,20,20600,买盘
1564,11:12:54,10.29,--,1,1029,卖盘
1565,11:12:48,10.29,-0.01,11,11318,中性盘
1566,11:12:39,10.3,--,142,146260,买盘
1567,11:12:33,10.3,0.02,50,51500,买盘
1568,11:12:30,10.28,--,13,13364,卖盘
1569,11:12:18,10.28,--,20,21331,卖盘
1570,11:12:15,10.28,-0.01,43,44635,卖盘
1571,11:12:12,10.29,--,19,19551,买盘
1572,11:12:09,10.29,--,46,47333,买盘
1573,11:12:06,10.29,0.01,45,46304,买盘
1574,11:11:57,10.28,-0.02,14,14392,卖盘
1575,11:11:51,10.3,0.01,112,115360,买盘
1576,11:11:42,10.29,0.01,50,51449,买盘
1577,11:11:36,10.28,-0.01,1,1028,卖盘
1578,11:11:30,10.29,--,30,30869,买盘
1579,11:11:27,10.29,--,20,20580,买盘
1580,11:11:24,10.29,--,8,8232,买盘
1581,11:11:21,10.29,0.01,50,51449,买盘
1582,11:11:18,10.28,-0.01,17,18205,卖盘
1583,11:11:15,10.29,--,152,157354,卖盘
1584,11:11:09,10.29,--,37,38546,卖盘
1585,11:11:06,10.29,--,81,83986,买盘
1586,11:11:00,10.29,--,10,10290,买盘
1587,11:10:57,10.29,--,26,26753,买盘
1588,11:10:51,10.29,0.01,50,51449,买盘
1589,11:10:33,10.28,--,24,24672,卖盘
1590,11:10:30,10.28,-0.01,49,50372,卖盘
1591,11:10:27,10.29,0.01,284,292236,买盘
1592,11:10:24,10.28,-0.01,7,7196,卖盘
1593,11:10:21,10.29,0.01,1,1029,买盘
1594,11:10:15,10.28,--,120,123431,卖盘
1595,11:10:12,10.28,-0.01,47,48418,卖盘
1596,11:10:06,10.29,--,40,41160,买盘
1597,11:10:03,10.29,--,72,74088,买盘
1598,11:09:57,10.29,--,1,1029,买盘
1599,11:09:51,10.29,--,14,14405,买盘
1600,11:09:48,10.29,--,5,5145,买盘
1601,11:09:45,10.29,--,250,257249,买盘
1602,11:09:42,10.29,--,4,4116,买盘
1603,11:09:39,10.29,--,20,20580,买盘
1604,11:09:27,10.29,--,10,10290,买盘
1605,11:09:24,10.29,--,21,21609,买盘
1606,11:09:18,10.29,0.01,21,21609,买盘
1607,11:09:15,10.28,-0.01,20,21444,卖盘
1608,11:09:12,10.29,--,196,202075,卖盘
1609,11:09:09,10.29,-0.01,34,35304,卖盘
1610,11:09:00,10.3,0.01,40,41200,买盘
1611,11:08:48,10.29,--,68,69972,卖盘
1612,11:08:30,10.29,--,6,6173,卖盘
1613,11:08:24,10.29,--,1,1347,买盘
1614,11:08:21,10.29,-0.01,12,13058,卖盘
1615,11:08:18,10.3,0.01,4,4120,买盘
1616,11:08:15,10.29,-0.01,18,18840,卖盘
1617,11:08:09,10.3,--,40,41200,卖盘
1618,11:08:00,10.3,--,10,10300,卖盘
1619,11:07:57,10.3,0.01,50,51500,买盘
1620,11:07:45,10.29,--,137,140973,卖盘
1621,11:07:39,10.29,--,20,20580,卖盘
1622,11:07:30,10.29,--,2,2058,中性盘
1623,11:07:15,10.29,--,10,10290,买盘
1624,11:07:12,10.29,--,21,21897,买盘
1625,11:07:09,10.29,--,1,1029,买盘
1626,11:07:06,10.29,0.01,10,10290,买盘
1627,11:07:03,10.28,-0.03,34,35866,卖盘
1628,11:06:57,10.31,--,1269,1309040,卖盘
1629,11:06:54,10.31,--,32,32992,卖盘
1630,11:06:48,10.31,0.01,1,1031,买盘
1631,11:06:45,10.3,-0.01,130,133900,卖盘
1632,11:06:36,10.31,--,30,30930,买盘
1633,11:06:33,10.31,--,50,51550,买盘
1634,11:06:30,10.31,--,1,1031,买盘
1635,11:06:27,10.31,0.01,20,20620,买盘
1636,11:06:21,10.3,-0.01,38,39140,卖盘
1637,11:06:12,10.31,--,25,25775,买盘
1638,11:06:09,10.31,--,131,135473,买盘
1639,11:06:06,10.31,0.01,3,3093,买盘
1640,11:06:03,10.3,-0.02,124,128513,卖盘
1641,11:05:57,10.32,--,8,8256,买盘
1642,11:05:54,10.32,--,2,2064,买盘
1643,11:05:45,10.32,0.01,50,51600,买盘
1644,11:05:36,10.31,--,39,40209,买盘
1645,11:05:33,10.31,0.01,21,21651,买盘
1646,11:05:27,10.3,-0.01,20,20600,卖盘
1647,11:05:24,10.31,--,58,59798,买盘
1648,11:05:21,10.31,0.01,13,13403,买盘
1649,11:05:18,10.3,--,1,1030,卖盘
1650,11:05:15,10.3,--,10,10300,卖盘
1651,11:05:12,10.3,--,50,51500,卖盘
1652,11:05:06,10.3,0.01,18,18952,中性盘
1653,11:05:03,10.29,-0.01,129,133533,卖盘
1654,11:05:00,10.3,--,10,10300,买盘
1655,11:04:54,10.3,--,16,16480,买盘
1656,11:04:51,10.3,0.01,13,13390,买盘
1657,11:04:48,10.29,-0.01,15,15434,卖盘
1658,11:04:45,10.3,--,10,10300,买盘
1659,11:04:36,10.3,--,1,1030,买盘
1660,11:04:30,10.3,--,4,4120,买盘
1661,11:04:24,10.3,0.01,3,3090,买盘
1662,11:04:18,10.29,--,16,16464,卖盘
1663,11:04:15,10.29,--,115,118334,卖盘
1664,11:04:12,10.29,0.01,50,51449,卖盘
1665,11:04:06,10.28,--,18,19254,卖盘
1666,11:04:03,10.28,--,53,55419,卖盘
1667,11:04:00,10.28,--,128,131584,卖盘
1668,11:03:57,10.28,--,83,85324,卖盘
1669,11:03:54,10.28,--,11,11308,卖盘
1670,11:03:48,10.28,-0.01,101,103828,卖盘
1671,11:03:45,10.29,0.01,3,3086,买盘
1672,11:03:33,10.28,-0.01,5,5140,卖盘
1673,11:03:30,10.29,--,95,97754,买盘
1674,11:03:21,10.29,--,95,98300,卖盘
1675,11:03:12,10.29,--,16,16464,卖盘
1676,11:03:09,10.29,--,18,18522,卖盘
1677,11:03:06,10.29,0.01,15,15918,中性盘
1678,11:03:00,10.28,--,49,51091,卖盘
1679,11:02:54,10.28,--,23,23644,卖盘
1680,11:02:51,10.28,-0.02,50,51400,卖盘
1681,11:02:48,10.3,0.01,116,119480,买盘
1682,11:02:45,10.29,0.01,11,11318,买盘
1683,11:02:36,10.28,--,13,13364,卖盘
1684,11:02:33,10.28,-0.01,22,22616,卖盘
1685,11:02:27,10.29,0.01,3,3086,买盘
1686,11:02:24,10.28,--,49,50372,卖盘
1687,11:02:21,10.28,0.01,20,20560,中性盘
1688,11:02:18,10.27,-0.01,286,293722,卖盘
1689,11:02:12,10.28,0.01,25,26625,买盘
1690,11:02:09,10.27,--,15,15405,卖盘
1691,11:02:06,10.27,-0.01,17,18085,卖盘
1692,11:02:03,10.28,--,20,20560,买盘
1693,11:02:00,10.28,--,70,72062,卖盘
1694,11:01:57,10.28,-0.01,39,40667,卖盘
1695,11:01:51,10.29,0.01,1,1029,买盘
1696,11:01:45,10.28,--,60,62029,买盘
1697,11:01:42,10.28,--,101,103828,买盘
1698,11:01:39,10.28,0.01,29,29811,买盘
1699,11:01:36,10.27,-0.01,20,20540,卖盘
1700,11:01:33,10.28,--,31,31867,买盘
1701,11:01:30,10.28,--,22,22616,买盘
1702,11:01:27,10.28,--,308,316624,买盘
1703,11:01:24,10.28,--,8,8224,买盘
1704,11:01:21,10.28,-0.01,161,166186,卖盘
1705,11:01:15,10.29,--,5,5145,卖盘
1706,11:01:12,10.29,-0.01,4,4116,中性盘
1707,11:01:06,10.3,0.02,75,77250,买盘
1708,11:01:03,10.28,-0.01,35,36185,卖盘
1709,11:01:00,10.29,0.01,64,65856,买盘
1710,11:00:57,10.28,-0.01,44,46229,卖盘
1711,11:00:54,10.29,--,122,125537,卖盘
1712,11:00:51,10.29,--,65,66885,卖盘
1713,11:00:48,10.29,--,60,61739,卖盘
1714,11:00:45,10.29,-0.01,220,226379,卖盘
1715,11:00:36,10.3,0.01,44,45320,买盘
1716,11:00:33,10.29,--,20,20580,卖盘
1717,11:00:30,10.29,-0.01,15,15434,卖盘
1718,11:00:27,10.3,0.01,20,20600,买盘
1719,11:00:24,10.29,--,49,50420,卖盘
1720,11:00:21,10.29,--,2,2058,卖盘
1721,11:00:18,10.29,-0.01,33,33957,卖盘
1722,11:00:15,10.3,0.02,56,57680,买盘
1723,11:00:12,10.28,--,20,20560,卖盘
1724,11:00:06,10.28,-0.01,18,18504,卖盘
1725,11:00:03,10.29,0.01,105,108929,买盘
1726,11:00:00,10.28,--,83,85324,卖盘
1727,10:59:57,10.28,--,85,87698,卖盘
1728,10:59:51,10.28,--,47,48316,卖盘
1729,10:59:48,10.28,-0.01,20,20560,卖盘
1730,10:59:42,10.29,--,30,30869,买盘
1731,10:59:39,10.29,-0.01,55,56594,卖盘
1732,10:59:36,10.3,--,100,103000,买盘
1733,10:59:33,10.3,--,552,568560,买盘
1734,10:59:30,10.3,--,10,10300,买盘
1735,10:59:27,10.3,--,180,185400,买盘
1736,10:59:24,10.3,--,936,964934,卖盘
1737,10:59:21,10.3,--,530,545900,卖盘
1738,10:59:18,10.3,--,75,77250,卖盘
1739,10:59:12,10.3,-0.01,979,1008370,卖盘
1740,10:59:09,10.31,-0.01,48,49488,卖盘
1741,10:59:06,10.32,0.01,73,75336,买盘
1742,10:59:03,10.31,--,39,40209,卖盘
1743,10:59:00,10.31,--,17,18537,卖盘
1744,10:58:54,10.31,-0.01,37,38342,卖盘
1745,10:58:39,10.32,-0.01,7,7956,卖盘
1746,10:58:36,10.33,0.01,11,11363,买盘
1747,10:58:33,10.32,--,5,5160,卖盘
1748,10:58:12,10.32,--,78,80496,卖盘
1749,10:58:09,10.32,--,14,14448,卖盘
1750,10:58:03,10.32,--,10,10320,卖盘
1751,10:57:57,10.32,--,55,56935,卖盘
1752,10:57:48,10.32,--,200,206400,卖盘
1753,10:57:45,10.32,-0.01,138,142416,卖盘
1754,10:57:39,10.33,--,10,10330,买盘
1755,10:57:36,10.33,--,1,1033,买盘
1756,10:57:33,10.33,--,3,3099,买盘
1757,10:57:06,10.33,0.01,2,2066,买盘
1758,10:56:57,10.32,-0.01,19,20392,卖盘
1759,10:56:54,10.33,--,43,44925,卖盘
1760,10:56:48,10.33,--,3,3099,卖盘
1761,10:56:42,10.33,--,100,103826,买盘
1762,10:56:39,10.33,--,27,27891,卖盘
1763,10:56:36,10.33,-0.01,5,5165,中性盘
1764,10:56:30,10.34,0.02,125,129250,买盘
1765,10:56:24,10.32,--,26,26832,卖盘
1766,10:56:21,10.32,-0.01,5,5160,卖盘
1767,10:56:15,10.33,--,5,5165,买盘
1768,10:56:06,10.33,--,25,26682,卖盘
1769,10:56:00,10.33,--,30,30990,卖盘
1770,10:55:57,10.33,--,15,15897,卖盘
1771,10:55:51,10.33,--,40,41320,卖盘
1772,10:55:48,10.33,-0.01,39,41092,卖盘
1773,10:55:45,10.34,0.01,8,8272,买盘
1774,10:55:33,10.33,0.01,10,10330,中性盘
1775,10:55:21,10.32,-0.02,12,12384,卖盘
1776,10:55:15,10.34,0.02,126,130284,买盘
1777,10:55:12,10.32,--,53,54696,卖盘
1778,10:55:03,10.32,--,119,123354,卖盘
1779,10:54:57,10.32,--,21,22322,卖盘
1780,10:54:48,10.32,--,33,34613,卖盘
1781,10:54:39,10.32,-0.01,4,4128,卖盘
1782,10:54:30,10.33,0.01,15,15495,买盘
1783,10:54:27,10.32,-0.01,40,41280,卖盘
1784,10:54:18,10.33,--,120,123960,买盘
1785,10:54:09,10.33,--,22,22726,买盘
1786,10:54:00,10.33,--,1,1033,买盘
1787,10:53:57,10.33,--,1,1033,买盘
1788,10:53:54,10.33,0.01,3,3099,买盘
1789,10:53:51,10.32,-0.01,21,22332,卖盘
1790,10:53:48,10.33,--,29,30442,卖盘
1791,10:53:45,10.33,--,33,34636,卖盘
1792,10:53:42,10.33,-0.01,5,5165,卖盘
1793,10:53:24,10.34,0.01,186,192324,买盘
1794,10:53:12,10.33,--,5,5165,卖盘
1795,10:53:00,10.33,-0.01,9,9297,卖盘
1796,10:52:57,10.34,0.02,18,18612,买盘
1797,10:52:51,10.32,--,19,19628,卖盘
1798,10:52:48,10.32,--,36,37306,卖盘
1799,10:52:45,10.32,-0.01,210,217070,卖盘
1800,10:52:42,10.33,--,6,6198,买盘
1801,10:52:39,10.33,--,22,22726,买盘
1802,10:52:36,10.33,--,11,11363,买盘
1803,10:52:30,10.33,0.01,14,14462,买盘
1804,10:52:24,10.32,--,50,51600,卖盘
1805,10:52:21,10.32,-0.01,11,11352,卖盘
1806,10:52:15,10.33,--,3,3099,买盘
1807,10:52:09,10.33,0.01,11,11363,买盘
1808,10:52:06,10.32,--,23,23736,卖盘
1809,10:52:03,10.32,--,7,7224,卖盘
1810,10:51:51,10.32,--,20,21207,卖盘
1811,10:51:48,10.32,--,20,20640,卖盘
1812,10:51:45,10.32,-0.01,34,35727,卖盘
1813,10:51:39,10.33,0.01,30,30990,买盘
1814,10:51:36,10.32,--,7,7224,卖盘
1815,10:51:33,10.32,-0.01,35,36120,卖盘
1816,10:51:27,10.33,0.01,245,253085,买盘
1817,10:51:24,10.32,--,10,10320,卖盘
1818,10:51:21,10.32,--,9,9288,卖盘
1819,10:51:18,10.32,--,3,3096,卖盘
1820,10:51:15,10.32,--,10,10320,卖盘
1821,10:51:09,10.32,--,1,1032,卖盘
1822,10:51:06,10.32,--,12,12384,卖盘
1823,10:51:00,10.32,--,20,20640,卖盘
1824,10:50:54,10.32,--,37,38184,卖盘
1825,10:50:48,10.32,--,23,23942,卖盘
1826,10:50:45,10.32,--,20,20640,卖盘
1827,10:50:42,10.32,--,71,74273,卖盘
1828,10:50:39,10.32,--,50,51600,卖盘
1829,10:50:36,10.32,--,223,230136,卖盘
1830,10:50:27,10.32,--,10,10320,卖盘
1831,10:50:24,10.32,--,2,2064,卖盘
1832,10:50:18,10.32,--,4,4128,卖盘
1833,10:50:12,10.32,-0.01,5,5160,卖盘
1834,10:50:06,10.33,--,1,1033,买盘
1835,10:49:54,10.33,--,4,4132,买盘
1836,10:49:48,10.33,0.01,40,41320,买盘
1837,10:49:45,10.32,--,22,23405,卖盘
1838,10:49:42,10.32,--,38,39721,卖盘
1839,10:49:39,10.32,--,7,7224,卖盘
1840,10:49:30,10.32,--,32,33024,买盘
1841,10:49:24,10.32,--,240,247680,卖盘
1842,10:49:09,10.32,-0.01,9,9288,卖盘
1843,10:49:00,10.33,--,50,51650,买盘
1844,10:48:51,10.33,--,156,161829,卖盘
1845,10:48:48,10.33,--,56,57848,卖盘
1846,10:48:45,10.33,--,50,51650,卖盘
1847,10:48:42,10.33,--,20,20959,卖盘
1848,10:48:39,10.33,--,45,47394,卖盘
1849,10:48:33,10.33,-0.01,5,5165,卖盘
1850,10:48:30,10.34,--,12,12408,买盘
1851,10:48:09,10.34,0.01,50,51700,买盘
1852,10:48:06,10.33,--,29,29957,卖盘
1853,10:48:03,10.33,--,24,24792,卖盘
1854,10:47:57,10.33,-0.01,160,165280,卖盘
1855,10:47:54,10.34,0.01,1,1034,买盘
1856,10:47:51,10.33,--,20,20660,卖盘
1857,10:47:42,10.33,--,47,49563,卖盘
1858,10:47:36,10.33,-0.01,36,37384,卖盘
1859,10:47:30,10.34,-0.01,89,92026,卖盘
1860,10:47:24,10.35,--,8,8280,买盘
1861,10:47:21,10.35,--,34,35873,卖盘
1862,10:47:18,10.35,--,20,20700,卖盘
1863,10:47:12,10.35,0.01,45,46926,买盘
1864,10:47:09,10.34,-0.01,183,189904,卖盘
1865,10:47:06,10.35,--,5,5175,卖盘
1866,10:47:03,10.35,--,80,82800,卖盘
1867,10:47:00,10.35,--,103,106605,卖盘
1868,10:46:57,10.35,--,2,2070,卖盘
1869,10:46:54,10.35,--,100,103500,卖盘
1870,10:46:51,10.35,--,121,125235,卖盘
1871,10:46:48,10.35,--,30,31050,卖盘
1872,10:46:42,10.35,--,25,25895,卖盘
1873,10:46:36,10.35,--,110,113850,卖盘
1874,10:46:33,10.35,--,100,103655,卖盘
1875,10:46:24,10.35,--,5,5175,卖盘
1876,10:46:21,10.35,-0.01,169,174915,卖盘
1877,10:46:15,10.36,0.01,5,5180,买盘
1878,10:46:12,10.35,-0.01,8,8280,卖盘
1879,10:46:06,10.36,--,300,311307,卖盘
1880,10:46:00,10.36,--,28,29008,卖盘
1881,10:45:51,10.36,--,10,10360,卖盘
1882,10:45:39,10.36,--,38,39430,卖盘
1883,10:45:33,10.36,--,42,43625,卖盘
1884,10:45:30,10.36,-0.01,2,2072,卖盘
1885,10:45:27,10.37,--,10,10370,买盘
1886,10:45:06,10.37,--,26,27822,卖盘
1887,10:44:54,10.37,--,1,1037,卖盘
1888,10:44:51,10.37,--,100,103699,卖盘
1889,10:44:45,10.37,--,1,1037,卖盘
1890,10:44:39,10.37,-0.02,20,21642,卖盘
1891,10:44:36,10.39,0.02,4,4156,买盘
1892,10:44:33,10.37,-0.02,35,36606,卖盘
1893,10:44:30,10.39,0.02,2,2078,买盘
1894,10:44:24,10.37,--,2,2074,卖盘
1895,10:44:15,10.37,-0.02,4,4148,卖盘
1896,10:44:12,10.39,--,5,5901,卖盘
1897,10:43:57,10.39,--,5,5195,卖盘
1898,10:43:54,10.39,0.02,9,9683,买盘
1899,10:43:51,10.37,-0.01,211,219512,卖盘
1900,10:43:39,10.38,--,18,19068,卖盘
1901,10:43:30,10.38,-0.01,36,38198,卖盘
1902,10:43:15,10.39,--,5,5195,买盘
1903,10:43:09,10.39,--,2,2078,买盘
1904,10:43:06,10.39,--,6,6234,卖盘
1905,10:43:00,10.39,-0.01,211,219229,卖盘
1906,10:42:57,10.4,0.02,5,5200,买盘
1907,10:42:36,10.38,-0.01,21,22555,卖盘
1908,10:42:33,10.39,--,52,54485,卖盘
1909,10:42:30,10.39,--,10,10390,卖盘
1910,10:42:27,10.39,--,1,1039,卖盘
1911,10:42:15,10.39,--,42,43638,买盘
1912,10:42:12,10.39,0.01,15,15585,买盘
1913,10:42:06,10.38,--,2,2076,卖盘
1914,10:41:33,10.38,-0.01,20,21694,卖盘
1915,10:41:30,10.39,--,55,57425,买盘
1916,10:41:18,10.39,--,5,5195,买盘
1917,10:41:12,10.39,0.01,16,16624,买盘
1918,10:41:06,10.38,-0.01,15,15570,卖盘
1919,10:40:51,10.39,0.01,80,83120,买盘
1920,10:40:48,10.38,--,5,5190,卖盘
1921,10:40:36,10.38,--,6,6228,卖盘
1922,10:40:30,10.38,--,19,20500,卖盘
1923,10:40:27,10.38,--,35,36765,卖盘
1924,10:40:12,10.38,--,2,2076,卖盘
1925,10:39:54,10.38,--,31,32178,卖盘
1926,10:39:45,10.38,-0.01,1,1038,卖盘
1927,10:39:33,10.39,--,23,24520,买盘
1928,10:39:30,10.39,--,21,21819,买盘
1929,10:39:27,10.39,--,46,48386,买盘
1930,10:39:09,10.39,--,166,172474,买盘
1931,10:39:06,10.39,0.01,24,24936,买盘
1932,10:38:42,10.38,0.01,92,96015,买盘
1933,10:38:33,10.37,--,20,20740,卖盘
1934,10:38:30,10.37,--,20,21662,卖盘
1935,10:38:24,10.37,--,34,35548,卖盘
1936,10:38:18,10.37,--,27,28828,买盘
1937,10:38:12,10.37,0.01,162,167994,买盘
1938,10:38:06,10.36,-0.01,32,33152,卖盘
1939,10:38:03,10.37,--,32,33184,买盘
1940,10:37:42,10.37,--,4,4148,买盘
1941,10:37:30,10.37,--,233,241620,买盘
1942,10:37:27,10.37,0.01,81,84650,买盘
1943,10:37:24,10.36,-0.01,39,40963,卖盘
1944,10:36:48,10.37,-0.01,12,12443,中性盘
1945,10:36:39,10.38,0.02,223,231474,买盘
1946,10:36:36,10.36,--,48,49728,卖盘
1947,10:36:30,10.36,--,100,103600,卖盘
1948,10:36:27,10.36,-0.01,16,16959,卖盘
1949,10:36:21,10.37,--,48,50605,买盘
1950,10:36:03,10.37,--,86,89638,卖盘
1951,10:35:57,10.37,--,12,12443,卖盘
1952,10:35:45,10.37,-0.01,7,7258,卖盘
1953,10:35:42,10.38,0.01,9,9342,买盘
1954,10:35:39,10.37,--,48,49775,卖盘
1955,10:35:27,10.37,--,29,30072,卖盘
1956,10:35:24,10.37,--,117,121557,卖盘
1957,10:35:18,10.37,--,47,49724,卖盘
1958,10:35:15,10.37,--,25,25924,卖盘
1959,10:35:12,10.37,--,25,25924,卖盘
1960,10:35:00,10.37,--,506,524722,卖盘
1961,10:34:48,10.37,-0.01,237,245768,卖盘
1962,10:34:45,10.38,0.01,2,2076,买盘
1963,10:34:39,10.37,--,10,10370,卖盘
1964,10:34:27,10.37,--,72,74664,卖盘
1965,10:34:21,10.37,--,21,21808,卖盘
1966,10:34:18,10.37,--,40,41625,卖盘
1967,10:34:12,10.37,-0.01,27,27998,卖盘
1968,10:33:51,10.38,--,14,15040,卖盘
1969,10:33:48,10.38,--,31,32178,卖盘
1970,10:33:39,10.38,--,20,20760,卖盘
1971,10:33:36,10.38,--,2,2076,卖盘
1972,10:33:30,10.38,--,1,1038,卖盘
1973,10:33:21,10.38,--,20,21476,卖盘
1974,10:33:18,10.38,--,7,7266,卖盘
1975,10:33:15,10.38,--,45,47208,卖盘
1976,10:33:12,10.38,--,100,103800,卖盘
1977,10:33:06,10.38,--,10,10380,卖盘
1978,10:33:00,10.38,--,10,10380,卖盘
1979,10:32:48,10.38,--,18,18684,卖盘
1980,10:32:45,10.38,--,3,3114,卖盘
1981,10:32:30,10.38,--,197,204486,卖盘
1982,10:32:27,10.38,--,13,13494,卖盘
1983,10:32:24,10.38,--,42,43596,卖盘
1984,10:32:21,10.38,--,17,18268,卖盘
1985,10:32:15,10.38,-0.01,55,57681,卖盘
1986,10:32:12,10.39,--,2,2078,买盘
1987,10:31:45,10.39,0.01,3,3117,买盘
1988,10:31:42,10.38,--,20,20760,卖盘
1989,10:31:36,10.38,-0.01,13,13494,卖盘
1990,10:31:30,10.39,0.01,10,10390,买盘
1991,10:31:18,10.38,--,21,21995,卖盘
1992,10:31:15,10.38,-0.01,35,37347,卖盘
1993,10:31:09,10.39,--,196,203644,卖盘
1994,10:31:06,10.39,--,10,10390,卖盘
1995,10:30:48,10.39,--,44,45716,卖盘
1996,10:30:36,10.39,--,11,11429,卖盘
1997,10:30:33,10.39,--,37,38443,卖盘
1998,10:30:27,10.39,--,2,2078,卖盘
1999,10:30:18,10.39,--,58,60812,卖盘
2000,10:30:09,10.39,--,39,41185,卖盘
2001,10:29:45,10.39,-0.01,151,156889,卖盘
2002,10:29:42,10.4,--,16,16640,买盘
2003,10:29:30,10.4,0.01,30,31200,买盘
2004,10:29:27,10.39,--,12,12468,卖盘
2005,10:29:24,10.39,-0.01,50,51950,卖盘
2006,10:29:18,10.4,0.01,20,20800,买盘
2007,10:29:12,10.39,--,255,265121,卖盘
2008,10:29:06,10.39,-0.01,15,15585,卖盘
2009,10:29:00,10.4,--,7,7280,买盘
2010,10:28:57,10.4,0.01,14,14560,买盘
2011,10:28:48,10.39,-0.01,11,11429,卖盘
2012,10:28:39,10.4,--,53,55629,卖盘
2013,10:28:33,10.4,--,5,5200,卖盘
2014,10:28:30,10.4,--,5,5200,卖盘
2015,10:28:18,10.4,--,5,5200,卖盘
2016,10:28:12,10.4,--,18,18917,卖盘
2017,10:28:09,10.4,-0.01,36,38459,卖盘
2018,10:28:03,10.41,0.01,66,68706,买盘
2019,10:28:00,10.4,--,27,28080,卖盘
2020,10:27:51,10.4,--,25,26000,卖盘
2021,10:27:48,10.4,--,13,13520,卖盘
2022,10:27:42,10.4,--,400,416000,卖盘
2023,10:27:39,10.4,--,5,5200,卖盘
2024,10:27:33,10.4,--,28,29120,卖盘
2025,10:27:24,10.4,--,23,23920,卖盘
2026,10:27:18,10.4,--,36,37440,卖盘
2027,10:27:15,10.4,--,12,12480,卖盘
2028,10:27:12,10.4,--,34,35360,卖盘
2029,10:27:09,10.4,--,30,31657,卖盘
2030,10:27:06,10.4,--,34,36119,卖盘
2031,10:27:03,10.4,--,48,49920,卖盘
2032,10:26:57,10.4,--,14,14560,卖盘
2033,10:26:54,10.4,-0.01,70,72800,卖盘
2034,10:26:51,10.41,0.01,19,19779,买盘
2035,10:26:48,10.4,--,46,47840,卖盘
2036,10:26:42,10.4,--,6,6240,卖盘
2037,10:26:39,10.4,--,20,20800,卖盘
2038,10:26:33,10.4,--,354,368160,卖盘
2039,10:26:27,10.4,--,74,76960,卖盘
2040,10:26:21,10.4,--,10,10400,卖盘
2041,10:26:18,10.4,--,88,91520,卖盘
2042,10:26:15,10.4,--,1,1040,卖盘
2043,10:26:12,10.4,--,50,52000,卖盘
2044,10:26:09,10.4,--,84,88056,卖盘
2045,10:26:06,10.4,--,150,156000,卖盘
2046,10:26:03,10.4,--,46,48360,卖盘
2047,10:26:00,10.4,-0.01,1,1040,卖盘
2048,10:25:57,10.41,--,6,6246,买盘
2049,10:25:48,10.41,--,59,62283,卖盘
2050,10:25:42,10.41,--,7,7287,卖盘
2051,10:25:36,10.41,--,60,62460,卖盘
2052,10:25:33,10.41,--,19,19779,卖盘
2053,10:25:30,10.41,--,50,52050,卖盘
2054,10:25:27,10.41,--,5,5205,卖盘
2055,10:25:21,10.41,--,121,125961,卖盘
2056,10:25:15,10.41,--,2,2082,卖盘
2057,10:25:12,10.41,--,16,16656,卖盘
2058,10:25:09,10.41,--,22,22985,卖盘
2059,10:25:03,10.41,--,74,77127,卖盘
2060,10:25:00,10.41,--,11,11451,卖盘
2061,10:24:57,10.41,-0.01,157,163437,卖盘
2062,10:24:45,10.42,--,1,1042,买盘
2063,10:24:36,10.42,-0.01,7859,8189922,卖盘
2064,10:24:33,10.43,-0.01,10,10430,卖盘
2065,10:24:30,10.44,0.01,103,107532,买盘
2066,10:24:27,10.43,--,29,30247,卖盘
2067,10:24:24,10.43,--,16,16688,卖盘
2068,10:24:09,10.43,-0.01,22,23477,卖盘
2069,10:24:03,10.44,0.01,6,6264,买盘
2070,10:24:00,10.43,-0.01,33,35107,卖盘
2071,10:23:57,10.44,--,4,4176,买盘
2072,10:23:51,10.44,0.01,10,10440,买盘
2073,10:23:45,10.43,--,13,13559,卖盘
2074,10:23:36,10.43,--,10,10430,卖盘
2075,10:23:30,10.43,-0.01,13,13559,卖盘
2076,10:23:24,10.44,0.01,2,2088,中性盘
2077,10:23:06,10.43,--,15,16322,卖盘
2078,10:23:03,10.43,--,10,10430,卖盘
2079,10:23:00,10.43,-0.02,39,41219,卖盘
2080,10:22:57,10.45,0.02,43,44935,买盘
2081,10:22:54,10.43,--,2,2086,卖盘
2082,10:22:51,10.43,--,5,5215,卖盘
2083,10:22:45,10.43,--,206,214858,卖盘
2084,10:22:42,10.43,-0.02,2,2086,卖盘
2085,10:22:39,10.45,0.02,214,223629,买盘
2086,10:22:36,10.43,--,8,8344,卖盘
2087,10:22:33,10.43,--,9,9387,卖盘
2088,10:22:30,10.43,--,4,4172,卖盘
2089,10:22:27,10.43,-0.01,21,21903,卖盘
2090,10:22:18,10.44,--,46,48024,买盘
2091,10:22:09,10.44,0.01,45,46980,买盘
2092,10:22:06,10.43,--,23,24072,卖盘
2093,10:22:03,10.43,-0.01,33,34512,卖盘
2094,10:22:00,10.44,-0.01,28,29232,卖盘
2095,10:21:57,10.45,--,2,2090,买盘
2096,10:21:54,10.45,--,30,31349,买盘
2097,10:21:48,10.45,--,108,112859,买盘
2098,10:21:42,10.45,0.01,31,32394,买盘
2099,10:21:33,10.44,0.01,43,44892,买盘
2100,10:21:30,10.43,-0.01,81,84483,卖盘
2101,10:21:27,10.44,--,25,26100,买盘
2102,10:21:24,10.44,--,1,1044,买盘
2103,10:21:21,10.44,0.01,2,2088,买盘
2104,10:21:15,10.43,--,39,40677,买盘
2105,10:21:12,10.43,--,10,10430,买盘
2106,10:21:09,10.43,--,5,5215,买盘
2107,10:21:06,10.43,0.01,22,22946,买盘
2108,10:21:03,10.42,-0.01,28,30155,卖盘
2109,10:21:00,10.43,--,49,51346,买盘
2110,10:20:54,10.43,0.01,90,93870,买盘
2111,10:20:51,10.42,-0.01,27,28134,卖盘
2112,10:20:42,10.43,--,22,22946,买盘
2113,10:20:39,10.43,0.01,3,3129,买盘
2114,10:20:36,10.42,--,84,88059,买盘
2115,10:20:30,10.42,--,217,226114,买盘
2116,10:20:21,10.42,--,2,2084,买盘
2117,10:20:15,10.42,0.01,1,1042,买盘
2118,10:20:03,10.41,--,19,19851,卖盘
2119,10:19:57,10.41,--,36,37580,卖盘
2120,10:19:45,10.41,-0.01,1,1041,卖盘
2121,10:19:27,10.42,0.01,200,208400,买盘
2122,10:19:15,10.41,--,35,36435,买盘
2123,10:19:09,10.41,0.01,5,5205,中性盘
2124,10:19:00,10.4,--,23,24117,卖盘
2125,10:18:57,10.4,--,1,1040,卖盘
2126,10:18:54,10.4,--,33,35339,卖盘
2127,10:18:48,10.4,-0.02,100,104000,卖盘
2128,10:18:45,10.42,0.01,11,11462,买盘
2129,10:18:21,10.41,0.01,19,19779,买盘
2130,10:18:15,10.4,--,80,83200,卖盘
2131,10:18:12,10.4,-0.01,9,9360,卖盘
2132,10:18:06,10.41,0.01,8,8328,买盘
2133,10:17:57,10.4,--,17,17940,卖盘
2134,10:17:54,10.4,-0.01,49,51916,卖盘
2135,10:17:51,10.41,-0.01,8,8328,卖盘
2136,10:17:42,10.42,0.01,10,10420,买盘
2137,10:17:39,10.41,--,20,20820,卖盘
2138,10:17:36,10.41,--,40,41640,卖盘
2139,10:17:33,10.41,--,1,1041,卖盘
2140,10:17:30,10.41,0.01,63,65583,买盘
2141,10:17:24,10.4,--,4,4160,卖盘
2142,10:17:21,10.4,--,2,2080,卖盘
2143,10:17:15,10.4,-0.01,3,3120,卖盘
2144,10:17:12,10.41,0.01,10,10410,买盘
2145,10:17:06,10.4,--,1,1040,卖盘
2146,10:16:54,10.4,-0.01,16,17555,卖盘
2147,10:16:51,10.41,0.01,66,69007,买盘
2148,10:16:48,10.4,--,50,52000,卖盘
2149,10:16:45,10.4,--,51,53040,卖盘
2150,10:16:30,10.4,--,11,11440,买盘
2151,10:16:27,10.4,0.01,37,38480,买盘
2152,10:16:15,10.39,-0.02,76,78964,卖盘
2153,10:15:57,10.41,0.02,12,12492,买盘
2154,10:15:54,10.39,-0.02,17,18317,卖盘
2155,10:15:51,10.41,0.02,18,18738,买盘
2156,10:15:48,10.39,-0.01,37,39004,卖盘
2157,10:15:42,10.4,--,10,10400,卖盘
2158,10:15:36,10.4,0.01,29,30867,买盘
2159,10:15:33,10.39,-0.01,30,31170,卖盘
2160,10:15:30,10.4,--,220,229132,卖盘
2161,10:15:27,10.4,--,7,7280,卖盘
2162,10:15:21,10.4,--,10,10400,卖盘
2163,10:15:12,10.4,--,16,16640,卖盘
2164,10:15:06,10.4,-0.01,10,10400,卖盘
2165,10:15:00,10.41,0.01,1,1041,买盘
2166,10:14:57,10.4,-0.01,9,9360,卖盘
2167,10:14:54,10.41,0.01,5,5205,买盘
2168,10:14:51,10.4,--,15,15880,卖盘
2169,10:14:48,10.4,--,39,41496,卖盘
2170,10:14:42,10.4,--,9,9360,卖盘
2171,10:14:36,10.4,-0.01,5,5200,卖盘
2172,10:14:33,10.41,0.01,15,15615,买盘
2173,10:14:24,10.4,-0.01,300,312000,卖盘
2174,10:14:12,10.41,--,21,21861,卖盘
2175,10:13:57,10.41,--,30,31230,买盘
2176,10:13:51,10.41,0.01,5,5205,买盘
2177,10:13:48,10.4,-0.02,70,72976,卖盘
2178,10:13:39,10.42,0.01,183,190686,买盘
2179,10:13:36,10.41,--,23,24807,卖盘
2180,10:13:33,10.41,--,139,144699,卖盘
2181,10:13:30,10.41,--,5,5205,卖盘
2182,10:13:27,10.41,--,15,15615,卖盘
2183,10:13:21,10.41,--,2,2082,卖盘
2184,10:13:15,10.41,--,10,10410,卖盘
2185,10:12:48,10.41,--,55,57431,卖盘
2186,10:12:42,10.41,--,10,10410,卖盘
2187,10:12:39,10.41,-0.01,15,15615,卖盘
2188,10:12:36,10.42,0.01,109,113578,买盘
2189,10:12:27,10.41,--,26,27066,买盘
2190,10:12:24,10.41,--,119,123879,买盘
2191,10:12:12,10.41,0.01,8,8328,中性盘
2192,10:12:00,10.4,-0.02,8,8320,卖盘
2193,10:11:51,10.42,0.02,182,189644,买盘
2194,10:11:48,10.4,--,16,17108,卖盘
2195,10:11:45,10.4,-0.01,46,48588,卖盘
2196,10:11:42,10.41,0.01,15,15615,卖盘
2197,10:11:39,10.4,-0.02,9,9360,卖盘
2198,10:11:33,10.42,0.01,56,58352,买盘
2199,10:11:30,10.41,--,22,22902,买盘
2200,10:11:27,10.41,--,3,3810,卖盘
2201,10:11:21,10.41,-0.01,9,9369,卖盘
2202,10:11:18,10.42,0.01,2,2084,买盘
2203,10:11:15,10.41,--,174,181134,卖盘
2204,10:11:03,10.41,-0.01,3,3123,卖盘
2205,10:11:00,10.42,0.01,22,22924,买盘
2206,10:10:51,10.41,--,20,20820,卖盘
2207,10:10:48,10.41,-0.01,16,17249,卖盘
2208,10:10:45,10.42,0.01,50,52725,买盘
2209,10:10:42,10.41,--,9,9369,卖盘
2210,10:10:21,10.41,-0.01,17,17697,卖盘
2211,10:10:12,10.42,0.01,1,1042,买盘
2212,10:10:09,10.41,--,17,17697,卖盘
2213,10:10:06,10.41,--,176,183392,买盘
2214,10:10:00,10.41,--,181,188421,买盘
2215,10:09:51,10.41,0.01,48,49968,买盘
2216,10:09:45,10.4,--,20,21590,卖盘
2217,10:09:39,10.4,-0.01,76,79466,卖盘
2218,10:09:36,10.41,--,4,4164,买盘
2219,10:09:27,10.41,0.01,50,52050,买盘
2220,10:09:24,10.4,-0.01,78,81120,卖盘
2221,10:09:21,10.41,0.01,15,15615,买盘
2222,10:09:18,10.4,-0.01,30,31200,中性盘
2223,10:09:09,10.41,--,7,7287,买盘
2224,10:09:06,10.41,0.02,15,15615,买盘
2225,10:09:03,10.39,--,4,4156,卖盘
2226,10:08:57,10.39,-0.02,2,2078,卖盘
2227,10:08:54,10.41,0.02,80,83280,买盘
2228,10:08:51,10.39,--,2,2078,卖盘
2229,10:08:42,10.39,--,18,19377,卖盘
2230,10:08:39,10.39,-0.02,36,37944,卖盘
2231,10:08:27,10.41,0.02,10,10410,买盘
2232,10:08:24,10.39,-0.02,4,4156,卖盘
2233,10:08:09,10.41,0.01,176,183216,买盘
2234,10:08:00,10.4,0.01,2,2080,买盘
2235,10:07:54,10.39,-0.01,2,2078,卖盘
2236,10:07:48,10.4,0.01,1,1040,买盘
2237,10:07:45,10.39,--,4,4156,卖盘
2238,10:07:42,10.39,--,22,23335,卖盘
2239,10:07:39,10.39,--,71,74506,买盘
2240,10:07:30,10.39,0.01,17,17663,买盘
2241,10:07:21,10.38,--,21,21798,卖盘
2242,10:07:09,10.38,--,3,3114,买盘
2243,10:07:06,10.38,--,15,15570,买盘
2244,10:07:00,10.38,--,2,2076,卖盘
2245,10:06:54,10.38,0.01,1,1038,中性盘
2246,10:06:39,10.37,--,16,16799,卖盘
2247,10:06:36,10.37,-0.01,38,40411,卖盘
2248,10:06:30,10.38,-0.01,6,6228,中性盘
2249,10:06:24,10.39,0.02,150,155850,买盘
2250,10:06:21,10.37,--,3,3110,卖盘
2251,10:06:18,10.37,-0.02,200,207399,卖盘
2252,10:06:09,10.39,0.01,2,2078,买盘
2253,10:06:06,10.38,--,7,7266,卖盘
2254,10:05:54,10.38,0.01,156,161928,中性盘
2255,10:05:51,10.37,--,3,3110,卖盘
2256,10:05:42,10.37,-0.01,22,23488,卖盘
2257,10:05:39,10.38,--,13,13494,卖盘
2258,10:05:36,10.38,--,51,53654,买盘
2259,10:05:33,10.38,--,10,10380,买盘
2260,10:05:24,10.38,0.01,50,51900,买盘
2261,10:05:12,10.37,0.01,526,545462,买盘
2262,10:05:03,10.36,--,20,20720,卖盘
2263,10:04:57,10.36,0.01,51,52836,中性盘
2264,10:04:36,10.35,-0.02,55,57100,卖盘
2265,10:04:33,10.37,-0.01,5,5185,卖盘
2266,10:04:27,10.38,--,7,7266,买盘
2267,10:04:24,10.38,--,82,85977,卖盘
2268,10:04:21,10.38,--,30,31140,卖盘
2269,10:04:12,10.38,--,5,5190,卖盘
2270,10:04:03,10.38,--,8,8304,卖盘
2271,10:04:00,10.38,--,1,1038,卖盘
2272,10:03:57,10.38,--,25,25950,卖盘
2273,10:03:54,10.38,--,97,100686,卖盘
2274,10:03:51,10.38,--,10,10380,卖盘
2275,10:03:48,10.38,--,3,3114,卖盘
2276,10:03:42,10.38,--,8,8304,卖盘
2277,10:03:36,10.38,--,109,114169,卖盘
2278,10:03:33,10.38,-0.01,33,34440,卖盘
2279,10:03:30,10.39,0.01,1,1039,买盘
2280,10:03:27,10.38,-0.01,5,5190,卖盘
2281,10:03:18,10.39,--,227,235853,卖盘
2282,10:03:09,10.39,-0.01,61,64241,卖盘
2283,10:03:06,10.4,--,173,179920,卖盘
2284,10:03:03,10.4,--,24,24960,卖盘
2285,10:03:00,10.4,--,7,7280,卖盘
2286,10:02:57,10.4,-0.01,64,66560,卖盘
2287,10:02:51,10.41,--,36,37476,买盘
2288,10:02:48,10.41,0.01,7,7287,买盘
2289,10:02:42,10.4,--,3,3120,卖盘
2290,10:02:39,10.4,--,10,10400,卖盘
2291,10:02:36,10.4,--,25,26572,卖盘
2292,10:02:33,10.4,--,37,39124,卖盘
2293,10:02:30,10.4,--,529,550160,买盘
2294,10:02:15,10.4,--,64,66560,卖盘
2295,10:02:09,10.4,-0.01,64,66560,卖盘
2296,10:02:03,10.41,--,264,274824,买盘
2297,10:01:51,10.41,0.01,10,10410,买盘
2298,10:01:48,10.4,0.01,10,10400,中性盘
2299,10:01:30,10.39,--,7,7273,买盘
2300,10:01:24,10.39,--,76,78964,买盘
2301,10:01:18,10.39,-0.02,5,5195,中性盘
2302,10:01:12,10.41,0.01,35,36435,买盘
2303,10:01:06,10.4,--,120,124800,买盘
2304,10:00:57,10.4,--,24,24960,卖盘
2305,10:00:54,10.4,--,18,18720,买盘
2306,10:00:51,10.4,-0.01,2,2080,买盘
2307,10:00:48,10.41,-0.01,10,10410,中性盘
2308,10:00:30,10.42,--,99,103158,卖盘
2309,10:00:27,10.42,--,15,15630,卖盘
2310,10:00:24,10.42,0.04,582,606444,买盘
2311,10:00:21,10.38,--,10,10380,买盘
2312,10:00:15,10.38,--,223,231474,买盘
2313,10:00:12,10.38,0.01,50,51900,买盘
2314,10:00:09,10.37,--,1,1037,卖盘
2315,09:59:57,10.37,-0.01,25,25924,卖盘
2316,09:59:51,10.38,0.01,20,20760,买盘
2317,09:59:48,10.37,--,12,12443,卖盘
2318,09:59:45,10.37,-0.01,3,3110,卖盘
2319,09:59:39,10.38,0.01,57,59166,买盘
2320,09:59:27,10.37,--,34,35258,卖盘
2321,09:59:21,10.37,--,1,1037,卖盘
2322,09:59:18,10.37,--,112,116143,卖盘
2323,09:59:15,10.37,0.02,543,563091,买盘
2324,09:59:12,10.35,0.01,20,20700,买盘
2325,09:59:09,10.34,-0.01,4,4136,卖盘
2326,09:59:03,10.35,0.01,20,20700,买盘
2327,09:58:57,10.34,--,15,15510,卖盘
2328,09:58:54,10.34,--,53,54802,卖盘
2329,09:58:48,10.34,--,16,16544,卖盘
2330,09:58:39,10.34,-0.02,14,14476,卖盘
2331,09:58:36,10.36,0.01,21,21756,买盘
2332,09:58:33,10.35,--,5,5175,卖盘
2333,09:58:27,10.35,--,13,13455,卖盘
2334,09:58:24,10.35,--,46,47610,买盘
2335,09:58:21,10.35,0.02,11,11385,买盘
2336,09:58:18,10.33,-0.02,49,50617,卖盘
2337,09:58:12,10.35,0.02,30,31050,买盘
2338,09:58:09,10.33,--,100,103300,卖盘
2339,09:58:00,10.33,--,10,10330,卖盘
2340,09:57:57,10.33,--,527,544391,卖盘
2341,09:57:48,10.33,-0.02,14,14462,卖盘
2342,09:57:42,10.35,0.02,30,31050,买盘
2343,09:57:39,10.33,--,12,12396,卖盘
2344,09:57:33,10.33,--,20,20660,卖盘
2345,09:57:27,10.33,-0.01,49,50617,卖盘
2346,09:57:24,10.34,0.01,5,5170,中性盘
2347,09:57:18,10.33,--,139,143587,买盘
2348,09:57:15,10.33,--,100,103300,买盘
2349,09:57:09,10.33,-0.02,4,4132,卖盘
2350,09:57:06,10.35,--,253,261855,卖盘
2351,09:57:03,10.35,0.03,47,48645,买盘
2352,09:56:57,10.32,-0.04,54,55728,卖盘
2353,09:56:51,10.36,0.03,867,898212,买盘
2354,09:56:48,10.33,--,178,183874,卖盘
2355,09:56:45,10.33,--,83,85739,卖盘
2356,09:56:39,10.33,-0.02,8,8264,卖盘
2357,09:56:33,10.35,-0.01,147,152145,卖盘
2358,09:56:30,10.36,0.01,6,6216,买盘
2359,09:56:27,10.35,--,25,25875,卖盘
2360,09:56:21,10.35,-0.01,83,85905,卖盘
2361,09:56:18,10.36,--,37,38332,卖盘
2362,09:56:09,10.36,--,66,68376,卖盘
2363,09:56:06,10.36,0.01,99,102564,买盘
2364,09:56:03,10.35,-0.01,10,10350,卖盘
2365,09:56:00,10.36,0.01,222,229992,买盘
2366,09:55:57,10.35,-0.01,89,92115,卖盘
2367,09:55:54,10.36,--,17,17612,买盘
2368,09:55:51,10.36,0.01,228,236208,买盘
2369,09:55:48,10.35,-0.01,10,10350,卖盘
2370,09:55:45,10.36,0.01,2,2072,买盘
2371,09:55:39,10.35,--,29,30015,卖盘
2372,09:55:33,10.35,--,10,10350,卖盘
2373,09:55:27,10.35,--,4,4140,卖盘
2374,09:55:21,10.35,0.02,155,160425,买盘
2375,09:55:18,10.33,-0.02,2,2066,卖盘
2376,09:55:15,10.35,0.02,5,5175,买盘
2377,09:55:09,10.33,--,5,5165,卖盘
2378,09:54:57,10.33,--,14,14462,卖盘
2379,09:54:48,10.33,-0.03,63,65079,卖盘
2380,09:54:45,10.36,0.03,258,267288,买盘
2381,09:54:39,10.33,-0.01,54,55782,卖盘
2382,09:54:30,10.34,--,7,7238,卖盘
2383,09:54:27,10.34,--,23,23782,卖盘
2384,09:54:24,10.34,--,250,258500,卖盘
2385,09:54:21,10.34,--,27,27918,卖盘
2386,09:54:18,10.34,-0.02,72,74448,卖盘
2387,09:54:15,10.36,--,10,10360,买盘
2388,09:54:09,10.36,--,43,44548,买盘
2389,09:54:06,10.36,0.02,258,267288,买盘
2390,09:54:03,10.34,-0.02,50,51700,卖盘
2391,09:54:00,10.36,0.03,108,111888,买盘
2392,09:53:57,10.33,-0.01,30,30990,卖盘
2393,09:53:54,10.34,-0.01,9,9306,卖盘
2394,09:53:51,10.35,0.02,10,10350,买盘
2395,09:53:48,10.33,-0.02,62,64046,卖盘
2396,09:53:45,10.35,--,51,52785,买盘
2397,09:53:42,10.35,--,66,68310,买盘
2398,09:53:39,10.35,0.02,118,122130,买盘
2399,09:53:36,10.33,-0.02,129,133257,卖盘
2400,09:53:33,10.35,0.02,50,51750,买盘
2401,09:53:27,10.33,--,446,460718,卖盘
2402,09:53:21,10.33,--,10,10330,卖盘
2403,09:53:18,10.33,-0.01,254,262382,卖盘
2404,09:53:15,10.34,0.01,2,2068,买盘
2405,09:53:12,10.33,--,40,41320,卖盘
2406,09:53:09,10.33,--,55,56815,买盘
2407,09:53:06,10.33,--,181,186973,买盘
2408,09:53:03,10.33,0.03,48,49584,买盘
2409,09:53:00,10.3,-0.02,772,795160,卖盘
2410,09:52:57,10.32,--,159,164088,卖盘
2411,09:52:54,10.32,-0.01,12,12384,卖盘
2412,09:52:51,10.33,--,48,49584,买盘
2413,09:52:48,10.33,0.01,374,386342,买盘
2414,09:52:45,10.32,-0.01,381,393192,卖盘
2415,09:52:42,10.33,--,7,7231,买盘
2416,09:52:39,10.33,--,16,16528,买盘
2417,09:52:36,10.33,--,6,6198,买盘
2418,09:52:33,10.33,--,48,49584,买盘
2419,09:52:30,10.33,0.01,4,4132,买盘
2420,09:52:27,10.32,--,47,48504,卖盘
2421,09:52:24,10.32,-0.01,19,19608,卖盘
2422,09:52:21,10.33,0.01,27,27891,买盘
2423,09:52:18,10.32,--,53,54696,卖盘
2424,09:52:15,10.32,--,20,20640,卖盘
2425,09:52:12,10.32,0.02,120,123840,买盘
2426,09:52:00,10.3,-0.02,116,119480,卖盘
2427,09:51:57,10.32,0.01,139,143448,买盘
2428,09:51:51,10.31,0.01,35,36085,卖盘
2429,09:51:48,10.3,-0.02,270,278100,卖盘
2430,09:51:45,10.32,--,189,195048,买盘
2431,09:51:42,10.32,0.02,100,103200,买盘
2432,09:51:39,10.3,-0.01,1007,1037210,卖盘
2433,09:51:33,10.31,--,188,193828,买盘
2434,09:51:30,10.31,--,43,44333,买盘
2435,09:51:24,10.31,--,7,7217,买盘
2436,09:51:18,10.31,0.01,3,3093,买盘
2437,09:51:15,10.3,--,85,87632,买盘
2438,09:51:12,10.3,--,1,1030,买盘
2439,09:51:09,10.3,--,18,18540,买盘
2440,09:51:06,10.3,--,3,3254,买盘
2441,09:51:03,10.3,--,51,52530,买盘
2442,09:51:00,10.3,0.01,117,120510,买盘
2443,09:50:57,10.29,--,10,10290,卖盘
2444,09:50:54,10.29,--,112,115247,买盘
2445,09:50:51,10.29,--,103,105986,买盘
2446,09:50:48,10.29,--,7,7202,买盘
2447,09:50:45,10.29,0.01,16,16464,买盘
2448,09:50:39,10.28,-0.01,42,43176,卖盘
2449,09:50:36,10.29,--,32,32928,买盘
2450,09:50:33,10.29,-0.01,114,117305,卖盘
2451,09:50:30,10.3,--,13,13390,买盘
2452,09:50:27,10.3,0.01,10,10300,中性盘
2453,09:50:24,10.29,--,62,63797,卖盘
2454,09:50:21,10.29,-0.01,38,39102,卖盘
2455,09:50:18,10.3,0.04,174,179220,买盘
2456,09:50:15,10.26,-0.02,236,242136,卖盘
2457,09:50:12,10.28,--,20,20560,卖盘
2458,09:50:09,10.28,--,38,39064,卖盘
2459,09:50:03,10.28,-0.01,41,42148,中性盘
2460,09:49:57,10.29,--,45,46304,买盘
2461,09:49:54,10.29,--,10,10290,买盘
2462,09:49:51,10.29,--,10,10290,买盘
2463,09:49:48,10.29,--,20,20580,买盘
2464,09:49:42,10.29,-0.01,1010,1039289,卖盘
2465,09:49:39,10.3,0.02,124,127720,买盘
2466,09:49:36,10.28,-0.02,382,392696,卖盘
2467,09:49:33,10.3,0.01,12,12360,买盘
2468,09:49:30,10.29,-0.01,40,41160,卖盘
2469,09:49:27,10.3,--,13,13390,买盘
2470,09:49:24,10.3,--,89,91670,买盘
2471,09:49:21,10.3,--,27,27810,买盘
2472,09:49:18,10.3,--,30,30900,买盘
2473,09:49:15,10.3,--,15,15450,买盘
2474,09:49:12,10.3,-0.01,481,495430,卖盘
2475,09:49:09,10.31,--,191,196921,买盘
2476,09:49:03,10.31,--,50,51550,买盘
2477,09:48:57,10.31,-0.01,42,43302,买盘
2478,09:48:54,10.32,0.01,1047,1081453,买盘
2479,09:48:51,10.31,--,8,8248,卖盘
2480,09:48:48,10.31,-0.01,41,42271,卖盘
2481,09:48:45,10.32,--,24,24768,买盘
2482,09:48:39,10.32,0.01,11,11352,买盘
2483,09:48:36,10.31,-0.01,188,193828,卖盘
2484,09:48:30,10.32,--,13,13416,卖盘
2485,09:48:27,10.32,--,65,67080,卖盘
2486,09:48:24,10.32,--,2,2064,卖盘
2487,09:48:21,10.32,0.01,149,153768,买盘
2488,09:48:18,10.31,--,77,79387,卖盘
2489,09:48:15,10.31,-0.01,100,103100,卖盘
2490,09:48:12,10.32,--,21,21672,买盘
2491,09:48:09,10.32,--,6,6192,卖盘
2492,09:48:06,10.32,--,370,381840,买盘
2493,09:48:00,10.32,--,40,41280,买盘
2494,09:47:57,10.32,--,89,91848,买盘
2495,09:47:54,10.32,--,10,10320,买盘
2496,09:47:51,10.32,0.01,77,79464,买盘
2497,09:47:48,10.31,-0.01,84,86604,卖盘
2498,09:47:42,10.32,--,262,270384,买盘
2499,09:47:39,10.32,--,127,131064,卖盘
2500,09:47:36,10.32,--,290,299280,卖盘
2501,09:47:33,10.32,--,685,706920,卖盘
2502,09:47:27,10.32,--,381,393192,卖盘
2503,09:47:24,10.32,--,41,42312,卖盘
2504,09:47:21,10.32,--,15,15480,卖盘
2505,09:47:18,10.32,0.01,1656,1708992,买盘
2506,09:47:15,10.31,--,65,67015,卖盘
2507,09:47:12,10.31,--,50,51550,卖盘
2508,09:47:09,10.31,--,70,72170,卖盘
2509,09:47:06,10.31,-0.01,73,75263,卖盘
2510,09:47:03,10.32,--,25,25800,买盘
2511,09:47:00,10.32,0.01,10,10320,卖盘
2512,09:46:57,10.31,-0.01,355,366005,卖盘
2513,09:46:51,10.32,-0.05,1491,1538712,卖盘
2514,09:46:48,10.37,--,25,25924,卖盘
2515,09:46:45,10.37,0.04,259,268583,买盘
2516,09:46:42,10.33,-0.01,17,17561,卖盘
2517,09:46:39,10.34,--,22,22748,买盘
2518,09:46:36,10.34,-0.01,67,69278,卖盘
2519,09:46:33,10.35,-0.02,3,3105,卖盘
2520,09:46:30,10.37,0.03,100,103699,买盘
2521,09:46:27,10.34,-0.02,133,137522,卖盘
2522,09:46:24,10.36,0.02,6,6216,买盘
2523,09:46:18,10.34,--,42,43428,卖盘
2524,09:46:09,10.34,-0.01,114,117876,中性盘
2525,09:46:06,10.35,-0.01,159,164565,买盘
2526,09:46:03,10.36,0.02,50,51800,买盘
2527,09:45:57,10.34,-0.01,625,646250,卖盘
2528,09:45:54,10.35,-0.01,23,23805,卖盘
2529,09:45:51,10.36,0.01,32,33152,买盘
2530,09:45:48,10.35,--,28,28980,卖盘
2531,09:45:45,10.35,-0.01,2,2070,卖盘
2532,09:45:42,10.36,-0.01,32,33152,买盘
2533,09:45:39,10.37,0.02,25,25924,买盘
2534,09:45:36,10.35,-0.02,115,119025,卖盘
2535,09:45:30,10.37,0.01,132,136884,买盘
2536,09:45:27,10.36,-0.01,86,89096,卖盘
2537,09:45:24,10.37,-0.01,312,323544,卖盘
2538,09:45:21,10.38,0.03,5,5190,买盘
2539,09:45:18,10.35,-0.04,30,31050,卖盘
2540,09:45:15,10.39,0.01,34,35326,买盘
2541,09:45:12,10.38,0.01,45,46710,买盘
2542,09:45:09,10.37,--,10,10370,买盘
2543,09:45:06,10.37,0.02,90,93330,买盘
2544,09:44:57,10.35,-0.02,260,269100,卖盘
2545,09:44:54,10.37,--,10,10370,买盘
2546,09:44:51,10.37,--,40,41480,买盘
2547,09:44:48,10.37,-0.01,153,158661,卖盘
2548,09:44:45,10.38,--,30,31140,买盘
2549,09:44:42,10.38,--,9,9342,卖盘
2550,09:44:39,10.38,0.01,15,15570,中性盘
2551,09:44:36,10.37,--,132,136884,卖盘
2552,09:44:33,10.37,-0.01,120,124439,卖盘
2553,09:44:30,10.38,0.01,139,144282,买盘
2554,09:44:27,10.37,--,47,48738,卖盘
2555,09:44:21,10.37,0.02,362,375394,买盘
2556,09:44:18,10.35,-0.01,171,176985,卖盘
2557,09:44:15,10.36,--,60,62160,买盘
2558,09:44:12,10.36,0.01,2,2072,中性盘
2559,09:44:09,10.35,-0.02,4,4140,卖盘
2560,09:44:06,10.37,--,69,71553,买盘
2561,09:44:03,10.37,0.01,93,96441,买盘
2562,09:44:00,10.36,0.02,41,42476,卖盘
2563,09:43:57,10.34,--,83,85822,卖盘
2564,09:43:51,10.34,-0.03,50,51700,卖盘
2565,09:43:48,10.37,0.01,368,381616,买盘
2566,09:43:42,10.36,0.03,18,18648,买盘
2567,09:43:39,10.33,--,20,20660,卖盘
2568,09:43:36,10.33,--,97,100201,卖盘
2569,09:43:33,10.33,--,21,21775,卖盘
2570,09:43:30,10.33,--,2,2066,卖盘
2571,09:43:24,10.33,-0.05,57,58881,卖盘
2572,09:43:21,10.38,0.06,75,77850,买盘
2573,09:43:18,10.32,-0.01,408,421056,卖盘
2574,09:43:15,10.33,0.01,15,15495,买盘
2575,09:43:12,10.32,-0.01,326,336432,卖盘
2576,09:43:09,10.33,--,111,114663,买盘
2577,09:43:06,10.33,--,74,76442,买盘
2578,09:43:03,10.33,-0.03,264,272712,卖盘
2579,09:43:00,10.36,0.03,151,156436,买盘
2580,09:42:57,10.33,0.01,32,33056,卖盘
2581,09:42:54,10.32,--,26,26832,卖盘
2582,09:42:51,10.32,-0.01,286,295152,卖盘
2583,09:42:48,10.33,0.01,87,89871,中性盘
2584,09:42:45,10.32,--,69,71208,卖盘
2585,09:42:42,10.32,--,487,502584,买盘
2586,09:42:39,10.32,--,127,131064,卖盘
2587,09:42:36,10.32,--,4,4128,卖盘
2588,09:42:33,10.32,-0.01,15,15480,卖盘
2589,09:42:30,10.33,0.01,157,162181,买盘
2590,09:42:27,10.32,--,48,49536,卖盘
2591,09:42:24,10.32,-0.05,21,21672,卖盘
2592,09:42:21,10.37,0.05,1,1037,买盘
2593,09:42:18,10.32,--,46,47472,买盘
2594,09:42:15,10.32,--,126,130032,卖盘
2595,09:42:12,10.32,--,95,98040,卖盘
2596,09:42:09,10.32,--,64,66048,卖盘
2597,09:42:06,10.32,--,222,229104,卖盘
2598,09:42:03,10.32,--,312,321984,卖盘
2599,09:42:00,10.32,--,74,76368,卖盘
2600,09:41:57,10.32,-0.05,14,14448,卖盘
2601,09:41:54,10.37,-0.01,15,15554,买盘
2602,09:41:51,10.38,--,5,5190,买盘
2603,09:41:48,10.38,0.01,1635,1697130,买盘
2604,09:41:45,10.37,--,20,20740,卖盘
2605,09:41:42,10.37,-0.01,60,62219,卖盘
2606,09:41:39,10.38,--,13,13494,卖盘
2607,09:41:36,10.38,-0.01,20,20760,卖盘
2608,09:41:33,10.39,0.01,16,16624,卖盘
2609,09:41:30,10.38,-0.01,72,74736,卖盘
2610,09:41:27,10.39,--,40,41560,卖盘
2611,09:41:24,10.39,-0.01,17,17663,卖盘
2612,09:41:18,10.4,--,158,164320,卖盘
2613,09:41:15,10.4,--,50,52000,卖盘
2614,09:41:12,10.4,--,121,125840,卖盘
2615,09:41:09,10.4,-0.01,36,37440,卖盘
2616,09:41:06,10.41,-0.01,768,799488,卖盘
2617,09:41:03,10.42,--,18,18756,买盘
2618,09:41:00,10.42,0.01,10,10420,买盘
2619,09:40:54,10.41,-0.01,38,39558,卖盘
2620,09:40:51,10.42,0.01,5,5210,买盘
2621,09:40:45,10.41,-0.01,100,104100,卖盘
2622,09:40:42,10.42,--,227,236534,买盘
2623,09:40:36,10.42,--,64,66688,卖盘
2624,09:40:33,10.42,-0.01,51,53142,卖盘
2625,09:40:27,10.43,0.02,32,33376,买盘
2626,09:40:24,10.41,-0.01,46,47886,卖盘
2627,09:40:21,10.42,--,10,10420,买盘
2628,09:40:18,10.42,--,9,9378,卖盘
2629,09:40:15,10.42,--,15,15630,卖盘
2630,09:40:12,10.42,--,38,39596,卖盘
2631,09:40:09,10.42,--,50,52100,卖盘
2632,09:40:06,10.42,-0.01,50,52100,卖盘
2633,09:40:03,10.43,0.01,10,10430,买盘
2634,09:40:00,10.42,--,35,36470,卖盘
2635,09:39:57,10.42,--,4,4168,卖盘
2636,09:39:54,10.42,0.01,30,31260,中性盘
2637,09:39:51,10.41,--,5,5205,卖盘
2638,09:39:45,10.41,-0.02,20,20820,卖盘
2639,09:39:42,10.43,0.02,16,16688,买盘
2640,09:39:39,10.41,--,167,173847,买盘
2641,09:39:36,10.41,0.01,83,86403,买盘
2642,09:39:33,10.4,--,66,68640,卖盘
2643,09:39:30,10.4,--,10,10400,卖盘
2644,09:39:27,10.4,-0.01,20,20800,卖盘
2645,09:39:24,10.41,--,101,105141,买盘
2646,09:39:21,10.41,-0.01,11,11451,卖盘
2647,09:39:18,10.42,0.02,3,3126,中性盘
2648,09:39:15,10.4,-0.02,205,213200,卖盘
2649,09:39:12,10.42,0.01,25,26050,买盘
2650,09:39:06,10.41,-0.01,87,90567,卖盘
2651,09:39:00,10.42,--,50,52100,买盘
2652,09:38:57,10.42,-0.06,11,11462,卖盘
2653,09:38:36,10.48,0.05,100,104800,买盘
2654,09:38:30,10.43,-0.02,514,536102,卖盘
2655,09:38:27,10.45,--,50,52250,卖盘
2656,09:38:18,10.45,--,7,7314,卖盘
2657,09:38:15,10.45,-0.03,21,21945,卖盘
2658,09:38:12,10.48,0.04,48,50304,买盘
2659,09:38:09,10.44,-0.01,1,1044,卖盘
2660,09:38:03,10.45,--,16,16720,买盘
2661,09:38:00,10.45,--,1,1045,买盘
2662,09:37:57,10.45,--,3,3135,买盘
2663,09:37:54,10.45,-0.03,270,282150,卖盘
2664,09:37:48,10.48,0.02,372,389856,买盘
2665,09:37:45,10.46,-0.02,21,21966,卖盘
2666,09:37:33,10.48,--,37,38776,卖盘
2667,09:37:30,10.48,-0.01,22,23056,卖盘
2668,09:37:27,10.49,--,14,14686,买盘
2669,09:37:24,10.49,--,13,13637,买盘
2670,09:37:18,10.49,-0.01,89,93361,卖盘
2671,09:37:15,10.5,0.01,301,316050,买盘
2672,09:37:09,10.49,--,10,10490,卖盘
2673,09:37:06,10.49,0.01,27,28323,买盘
2674,09:37:03,10.48,--,50,52400,卖盘
2675,09:37:00,10.48,--,71,74408,卖盘
2676,09:36:54,10.48,--,9,9432,卖盘
2677,09:36:51,10.48,--,70,73360,卖盘
2678,09:36:48,10.48,0.03,302,316496,买盘
2679,09:36:39,10.45,--,158,165110,卖盘
2680,09:36:33,10.45,-0.01,30,31349,卖盘
2681,09:36:27,10.46,0.01,64,66944,买盘
2682,09:36:24,10.45,0.02,155,161975,买盘
2683,09:36:18,10.43,--,17,17731,卖盘
2684,09:36:15,10.43,--,5,5215,卖盘
2685,09:36:12,10.43,--,45,46935,买盘
2686,09:36:09,10.43,0.01,32,33376,买盘
2687,09:36:06,10.42,--,16,16672,卖盘
2688,09:36:03,10.42,-0.01,20,20840,卖盘
2689,09:36:00,10.43,--,154,160622,卖盘
2690,09:35:57,10.43,--,2,2086,卖盘
2691,09:35:54,10.43,-0.02,8,8344,卖盘
2692,09:35:51,10.45,0.01,155,161975,买盘
2693,09:35:48,10.44,--,32,33408,买盘
2694,09:35:45,10.44,--,23,24012,卖盘
2695,09:35:42,10.44,--,5,5220,卖盘
2696,09:35:36,10.44,--,188,196272,卖盘
2697,09:35:24,10.44,0.01,98,102312,买盘
2698,09:35:15,10.43,0.01,108,112644,买盘
2699,09:35:12,10.42,--,16,16672,卖盘
2700,09:35:09,10.42,0.01,39,40638,买盘
2701,09:35:06,10.41,-0.01,1,1041,卖盘
2702,09:35:00,10.42,-0.01,23,23966,卖盘
2703,09:34:54,10.43,--,9,9387,买盘
2704,09:34:48,10.43,0.01,7,7301,买盘
2705,09:34:45,10.42,--,5,5210,卖盘
2706,09:34:42,10.42,--,5,5210,中性盘
2707,09:34:30,10.42,0.01,15,15630,买盘
2708,09:34:27,10.41,-0.03,100,104100,卖盘
2709,09:34:18,10.44,--,100,104400,买盘
2710,09:34:15,10.44,--,33,34452,买盘
2711,09:34:12,10.44,--,8,8352,买盘
2712,09:34:09,10.44,--,29,30276,卖盘
2713,09:34:06,10.44,0.04,171,178524,中性盘
2714,09:33:57,10.4,-0.03,200,208000,卖盘
2715,09:33:54,10.43,-0.02,18,18774,卖盘
2716,09:33:51,10.45,--,3,3135,卖盘
2717,09:33:48,10.45,--,49,51205,买盘
2718,09:33:45,10.45,--,27,28214,买盘
2719,09:33:42,10.45,0.01,23,24035,买盘
2720,09:33:39,10.44,0.01,2,2088,卖盘
2721,09:33:36,10.43,-0.02,19,19817,卖盘
2722,09:33:33,10.45,0.02,24,25080,买盘
2723,09:33:27,10.43,-0.01,20,20860,卖盘
2724,09:33:24,10.44,--,24,25056,买盘
2725,09:33:21,10.44,0.03,10,10440,买盘
2726,09:33:18,10.41,-0.03,1,1041,卖盘
2727,09:33:12,10.44,0.03,9,9396,买盘
2728,09:33:09,10.41,0.01,59,61419,买盘
2729,09:33:06,10.4,--,4,4160,买盘
2730,09:33:03,10.4,--,13,13520,买盘
2731,09:33:00,10.4,-0.01,161,167440,卖盘
2732,09:32:54,10.41,-0.01,62,64542,卖盘
2733,09:32:48,10.42,0.01,285,296970,买盘
2734,09:32:42,10.41,-0.01,22,22902,中性盘
2735,09:32:39,10.42,0.02,77,80234,买盘
2736,09:32:36,10.4,-0.01,4,4160,卖盘
2737,09:32:30,10.41,--,10,10410,买盘
2738,09:32:27,10.41,--,4,4164,卖盘
2739,09:32:21,10.41,--,6,6246,买盘
2740,09:32:18,10.41,--,7,7287,卖盘
2741,09:32:15,10.41,--,30,31230,卖盘
2742,09:32:12,10.41,-0.01,26,27066,卖盘
2743,09:32:09,10.42,--,10,10420,买盘
2744,09:32:06,10.42,0.01,235,244870,买盘
2745,09:32:03,10.41,--,130,135330,卖盘
2746,09:32:00,10.41,-0.01,28,29148,卖盘
2747,09:31:54,10.42,--,2,2084,买盘
2748,09:31:51,10.42,--,2,2084,买盘
2749,09:31:48,10.42,--,20,20840,买盘
2750,09:31:42,10.42,--,22,22924,卖盘
2751,09:31:39,10.42,0.01,1,1042,中性盘
2752,09:31:36,10.41,-0.01,52,54132,卖盘
2753,09:31:33,10.42,--,10,10420,卖盘
2754,09:31:27,10.42,--,10,10420,卖盘
2755,09:31:24,10.42,--,10,10420,卖盘
2756,09:31:12,10.42,0.01,17,17714,买盘
2757,09:31:09,10.41,-0.03,100,104100,卖盘
2758,09:31:06,10.44,0.02,4,4176,买盘
2759,09:31:03,10.42,-0.03,8,8336,卖盘
2760,09:30:51,10.45,-0.02,9,9405,卖盘
2761,09:30:42,10.47,-0.01,10,10470,中性盘
2762,09:30:36,10.48,--,149,156152,买盘
2763,09:30:27,10.48,--,19,19912,买盘
2764,09:30:21,10.48,--,173,181304,卖盘
2765,09:30:15,10.48,-0.02,4,4192,卖盘
2766,09:30:12,10.5,0.02,83,87150,买盘
2767,09:30:09,10.48,-0.02,103,107944,卖盘
2768,09:30:06,10.5,--,18,18900,卖盘
2769,09:30:03,10.5,0.02,1260,1323000,买盘
2770,09:30:00,10.48,--,0,0,卖盘
2771,09:25:03,10.48,10.48,478,500944,买盘
