,time,price,change,volume,amount,type
0,15:00:03,11.43,--,3471,3967353,买盘
1,14:57:00,11.43,--,0,0,买盘
2,14:56:54,11.43,--,20,22860,买盘
3,14:56:51,11.43,--,15,17145,买盘
4,14:56:48,11.43,--,86,98298,买盘
5,14:56:45,11.43,--,38,43434,买盘
6,14:56:39,11.43,--,163,186309,卖盘
7,14:56:36,11.43,-0.01,10,11430,卖盘
8,14:56:33,11.44,0.01,13,14872,买盘
9,14:56:30,11.43,--,161,184023,买盘
10,14:56:24,11.43,--,128,146304,卖盘
11,14:56:21,11.43,--,60,68580,卖盘
12,14:56:18,11.43,--,13,14859,卖盘
13,14:56:15,11.43,--,110,125730,买盘
14,14:56:12,11.43,--,3,3429,买盘
15,14:56:09,11.43,--,103,117729,买盘
16,14:56:06,11.43,--,6,6858,买盘
17,14:56:03,11.43,0.01,9,10287,买盘
18,14:56:00,11.42,-0.01,49,55958,卖盘
19,14:55:57,11.43,--,4,4572,买盘
20,14:55:51,11.43,0.03,51,58293,买盘
21,14:55:48,11.4,-0.01,203,231420,卖盘
22,14:55:42,11.41,-0.01,7,7987,卖盘
23,14:55:39,11.42,0.01,445,508190,买盘
24,14:55:36,11.41,--,10,11410,买盘
25,14:55:33,11.41,--,16,18256,买盘
26,14:55:30,11.41,-0.01,34,38794,中性盘
27,14:55:27,11.42,0.01,69,78798,买盘
28,14:55:18,11.41,--,220,251020,买盘
29,14:55:15,11.41,--,10,11410,买盘
30,14:55:12,11.41,--,34,38794,买盘
31,14:55:09,11.41,--,97,110677,买盘
32,14:54:57,11.41,0.01,34,38794,买盘
33,14:54:54,11.4,--,38,43320,买盘
34,14:54:51,11.4,--,23,26220,买盘
35,14:54:45,11.4,--,33,37620,买盘
36,14:54:42,11.4,0.01,18,20520,中性盘
37,14:54:36,11.39,-0.01,77,87703,卖盘
38,14:54:33,11.4,0.01,6,6840,买盘
39,14:54:30,11.39,-0.01,14,15946,卖盘
40,14:54:27,11.4,0.01,66,76038,买盘
41,14:54:24,11.39,--,22,25058,买盘
42,14:54:21,11.39,-0.01,8,9112,中性盘
43,14:54:12,11.4,0.02,43,49020,买盘
44,14:54:09,11.38,--,100,113800,卖盘
45,14:54:03,11.38,--,70,79660,卖盘
46,14:54:00,11.38,-0.01,54,61452,卖盘
47,14:53:57,11.39,--,29,33031,买盘
48,14:53:51,11.39,--,23,26197,买盘
49,14:53:48,11.39,--,4,4556,买盘
50,14:53:39,11.39,--,166,189074,买盘
51,14:53:36,11.39,0.01,2,2278,买盘
52,14:53:33,11.38,--,39,44382,卖盘
53,14:53:27,11.38,-0.01,20,22760,卖盘
54,14:53:24,11.39,-0.01,103,117317,卖盘
55,14:53:21,11.4,--,4,4560,买盘
56,14:53:18,11.4,--,7,7980,买盘
57,14:53:15,11.4,--,7,7980,买盘
58,14:53:12,11.4,0.01,6,6840,买盘
59,14:53:06,11.39,--,23,26197,卖盘
60,14:53:03,11.39,--,69,78591,卖盘
61,14:53:00,11.39,--,1,1139,卖盘
62,14:52:57,11.39,-0.01,144,164016,卖盘
63,14:52:51,11.4,0.01,49,55860,中性盘
64,14:52:45,11.39,-0.01,47,53533,卖盘
65,14:52:42,11.4,0.01,14,15960,买盘
66,14:52:39,11.39,-0.01,18,20968,卖盘
67,14:52:36,11.4,--,4,4560,买盘
68,14:52:27,11.4,--,2,2280,买盘
69,14:52:24,11.4,-0.01,28,31920,中性盘
70,14:52:18,11.41,--,40,45640,买盘
71,14:52:12,11.41,0.02,14,15974,买盘
72,14:52:09,11.39,-0.02,31,35309,卖盘
73,14:52:03,11.41,0.02,72,82152,买盘
74,14:52:00,11.39,-0.02,259,295001,卖盘
75,14:51:57,11.41,0.02,119,135779,买盘
76,14:51:54,11.39,--,30,34170,卖盘
77,14:51:48,11.39,--,1,1139,卖盘
78,14:51:45,11.39,--,81,92259,卖盘
79,14:51:39,11.39,--,9,10251,买盘
80,14:51:33,11.39,--,7,7973,买盘
81,14:51:30,11.39,--,134,152626,买盘
82,14:51:24,11.39,--,100,113900,买盘
83,14:51:21,11.39,--,31,35309,买盘
84,14:51:15,11.39,--,8,9112,买盘
85,14:51:12,11.39,-0.01,82,93398,卖盘
86,14:51:09,11.4,--,4,4560,买盘
87,14:51:03,11.4,0.01,95,108300,买盘
88,14:51:00,11.39,-0.01,1,1139,卖盘
89,14:50:57,11.4,--,56,63840,买盘
90,14:50:48,11.4,--,43,49020,买盘
91,14:50:45,11.4,0.01,82,93480,买盘
92,14:50:39,11.39,--,100,113900,卖盘
93,14:50:33,11.39,--,18,20502,卖盘
94,14:50:27,11.39,--,20,22780,卖盘
95,14:50:24,11.39,-0.01,1,1139,卖盘
96,14:50:12,11.4,0.01,10,11400,买盘
97,14:50:09,11.39,--,1,1139,卖盘
98,14:50:06,11.39,-0.01,42,47838,卖盘
99,14:49:57,11.4,0.01,17,19380,买盘
100,14:49:54,11.39,-0.01,28,31892,卖盘
101,14:49:51,11.4,-0.01,6,6840,中性盘
102,14:49:45,11.41,0.01,47,53627,买盘
103,14:49:42,11.4,--,620,706800,卖盘
104,14:49:36,11.4,-0.01,15,17100,卖盘
105,14:49:33,11.41,--,5,5705,买盘
106,14:49:30,11.41,--,14,15974,买盘
107,14:49:27,11.41,0.01,10,11410,买盘
108,14:49:24,11.4,-0.01,19,21660,卖盘
109,14:49:21,11.41,--,3,3423,买盘
110,14:49:18,11.41,--,2,2282,买盘
111,14:49:15,11.41,--,5,5705,买盘
112,14:49:12,11.41,--,1,1141,买盘
113,14:49:09,11.41,--,3,3423,买盘
114,14:49:06,11.41,--,4,4564,买盘
115,14:48:57,11.41,--,2,2282,买盘
116,14:48:48,11.41,0.01,3,3423,买盘
117,14:48:45,11.4,-0.01,8,9120,卖盘
118,14:48:39,11.41,--,75,85575,卖盘
119,14:48:30,11.41,-0.01,42,47922,卖盘
120,14:48:27,11.42,--,4,4568,买盘
121,14:48:24,11.42,0.01,1,1142,买盘
122,14:48:21,11.41,--,1,1141,卖盘
123,14:48:18,11.41,-0.01,2,2282,中性盘
124,14:48:12,11.42,--,261,298062,买盘
125,14:48:09,11.42,--,2,2284,买盘
126,14:48:06,11.42,0.01,3,3426,买盘
127,14:48:03,11.41,-0.01,7,7987,卖盘
128,14:48:00,11.42,0.01,27,30834,买盘
129,14:47:57,11.41,0.01,36,41076,卖盘
130,14:47:51,11.4,-0.02,249,283860,卖盘
131,14:47:39,11.42,--,2,2284,买盘
132,14:47:36,11.42,--,3,3426,买盘
133,14:47:33,11.42,--,252,287784,买盘
134,14:47:30,11.42,0.01,10,11420,买盘
135,14:47:21,11.41,-0.01,41,46781,卖盘
136,14:47:18,11.42,--,11,12562,买盘
137,14:47:12,11.42,--,2,2284,买盘
138,14:47:09,11.42,--,3,3426,买盘
139,14:47:06,11.42,--,17,19414,买盘
140,14:46:57,11.42,--,50,57100,买盘
141,14:46:54,11.42,--,23,26266,买盘
142,14:46:51,11.42,--,2,2284,买盘
143,14:46:48,11.42,0.01,21,23982,买盘
144,14:46:45,11.41,--,1,1141,卖盘
145,14:46:42,11.41,-0.01,5,5705,卖盘
146,14:46:36,11.42,--,3,3426,买盘
147,14:46:33,11.42,--,27,30834,买盘
148,14:46:27,11.42,-0.01,73,83366,卖盘
149,14:46:24,11.43,--,5,5715,买盘
150,14:46:21,11.43,0.01,120,137160,买盘
151,14:46:15,11.42,-0.01,16,18272,卖盘
152,14:46:06,11.43,--,8,9144,买盘
153,14:46:03,11.43,0.01,173,197739,买盘
154,14:46:00,11.42,-0.01,1,1142,卖盘
155,14:45:57,11.43,0.01,7,8001,买盘
156,14:45:54,11.42,-0.01,36,41112,卖盘
157,14:45:48,11.43,--,7,8001,买盘
158,14:45:45,11.43,--,5,5715,买盘
159,14:45:42,11.43,--,2,2286,买盘
160,14:45:39,11.43,--,16,18288,买盘
161,14:45:36,11.43,--,71,81153,买盘
162,14:45:33,11.43,--,94,107442,买盘
163,14:45:30,11.43,--,50,57150,买盘
164,14:45:27,11.43,--,30,34290,买盘
165,14:45:21,11.43,0.01,2,2286,买盘
166,14:45:18,11.42,0.01,6,6852,卖盘
167,14:45:15,11.41,-0.01,25,29631,卖盘
168,14:45:12,11.42,0.01,23,26425,买盘
169,14:45:06,11.41,-0.01,27,30807,卖盘
170,14:45:03,11.42,0.01,10,11420,买盘
171,14:44:54,11.41,-0.01,71,81011,卖盘
172,14:44:51,11.42,--,58,66236,买盘
173,14:44:48,11.42,0.01,120,137040,买盘
174,14:44:42,11.41,--,50,57050,卖盘
175,14:44:39,11.41,--,1,1141,卖盘
176,14:44:36,11.41,--,20,22820,卖盘
177,14:44:30,11.41,--,4,5214,买盘
178,14:44:27,11.41,0.01,9,10269,买盘
179,14:44:24,11.4,-0.01,5,5700,卖盘
180,14:44:21,11.41,0.01,10,11410,买盘
181,14:44:18,11.4,-0.01,4,4560,卖盘
182,14:44:15,11.41,--,40,45640,买盘
183,14:44:12,11.41,0.01,71,81935,买盘
184,14:44:09,11.4,--,67,77246,卖盘
185,14:44:06,11.4,-0.01,34,38760,卖盘
186,14:44:03,11.41,0.01,7,7987,买盘
187,14:44:00,11.4,--,2,2280,卖盘
188,14:43:45,11.4,-0.01,1,1140,卖盘
189,14:43:39,11.41,--,2,2282,买盘
190,14:43:36,11.41,--,4,4564,买盘
191,14:43:27,11.41,--,11,12551,买盘
192,14:43:21,11.41,--,10,11410,买盘
193,14:43:18,11.41,--,49,56399,卖盘
194,14:43:15,11.41,-0.01,1,1141,卖盘
195,14:43:12,11.42,0.01,8,9136,买盘
196,14:43:09,11.41,--,48,55384,卖盘
197,14:43:06,11.41,-0.01,66,75340,中性盘
198,14:43:03,11.42,0.02,2,2284,买盘
199,14:43:00,11.4,-0.02,118,134520,卖盘
200,14:42:54,11.42,--,15,17130,买盘
201,14:42:51,11.42,--,43,49106,买盘
202,14:42:45,11.42,0.01,3,3426,买盘
203,14:42:39,11.41,-0.01,1,1141,卖盘
204,14:42:36,11.42,--,3,3426,买盘
205,14:42:30,11.42,--,1,1142,买盘
206,14:42:27,11.42,--,5,5710,买盘
207,14:42:21,11.42,--,6,6852,买盘
208,14:42:15,11.42,0.01,65,74264,卖盘
209,14:42:06,11.41,--,43,49713,买盘
210,14:42:03,11.41,-0.01,111,126651,卖盘
211,14:42:00,11.42,--,14,15988,买盘
212,14:41:57,11.42,0.01,135,154170,买盘
213,14:41:54,11.41,-0.01,18,20538,卖盘
214,14:41:51,11.42,0.01,32,36544,中性盘
215,14:41:39,11.41,-0.02,44,50204,卖盘
216,14:41:33,11.43,0.01,10,11430,买盘
217,14:41:30,11.42,0.01,1,1142,买盘
218,14:41:21,11.41,--,1,1141,卖盘
219,14:41:18,11.41,-0.01,32,36512,卖盘
220,14:41:15,11.42,--,24,27408,卖盘
221,14:41:12,11.42,-0.01,19,21698,卖盘
222,14:41:09,11.43,0.01,7,8001,买盘
223,14:41:06,11.42,--,47,53970,卖盘
224,14:41:03,11.42,--,63,72300,卖盘
225,14:41:00,11.42,--,30,34260,卖盘
226,14:40:57,11.42,--,45,51390,卖盘
227,14:40:51,11.42,--,35,39970,卖盘
228,14:40:48,11.42,--,13,14846,买盘
229,14:40:45,11.42,--,5,5710,买盘
230,14:40:39,11.42,--,8,9136,买盘
231,14:40:36,11.42,--,23,26266,买盘
232,14:40:33,11.42,--,7,7994,买盘
233,14:40:30,11.42,-0.01,45,51390,卖盘
234,14:40:27,11.43,--,1,1143,买盘
235,14:40:24,11.43,0.01,3,3429,买盘
236,14:40:18,11.42,-0.01,37,42254,卖盘
237,14:40:15,11.43,--,4,4572,买盘
238,14:40:06,11.43,0.01,62,71323,买盘
239,14:40:03,11.42,0.01,1,1142,中性盘
240,14:40:00,11.41,-0.02,95,108588,卖盘
241,14:39:57,11.43,0.01,6,6858,买盘
242,14:39:54,11.42,-0.01,55,62810,卖盘
243,14:39:51,11.43,--,32,36576,买盘
244,14:39:48,11.43,0.01,1,1143,买盘
245,14:39:45,11.42,--,2,2284,卖盘
246,14:39:39,11.42,0.02,1,1884,买盘
247,14:39:36,11.4,-0.02,18,20520,卖盘
248,14:39:33,11.42,--,39,44538,买盘
249,14:39:30,11.42,--,1,1142,买盘
250,14:39:18,11.42,--,5,5710,买盘
251,14:39:15,11.42,0.02,2,2284,买盘
252,14:39:09,11.4,--,9,11308,买盘
253,14:39:06,11.4,--,13,14820,买盘
254,14:39:03,11.4,--,13,14820,卖盘
255,14:39:00,11.4,-0.02,28,31920,卖盘
256,14:38:57,11.42,-0.01,83,94786,卖盘
257,14:38:54,11.43,-0.01,17,19431,卖盘
258,14:38:51,11.44,--,36,41184,买盘
259,14:38:48,11.44,--,43,49192,买盘
260,14:38:42,11.44,--,27,30888,买盘
261,14:38:39,11.44,0.02,117,133848,买盘
262,14:38:36,11.42,-0.02,54,61668,卖盘
263,14:38:33,11.44,0.02,37,42328,买盘
264,14:38:30,11.42,-0.01,3,3426,卖盘
265,14:38:27,11.43,--,15,17145,买盘
266,14:38:24,11.43,--,164,187452,买盘
267,14:38:21,11.43,--,36,41148,买盘
268,14:38:18,11.43,0.02,43,49149,买盘
269,14:38:15,11.41,-0.01,58,66178,卖盘
270,14:38:09,11.42,--,2,2284,买盘
271,14:38:06,11.42,--,6,6852,买盘
272,14:38:03,11.42,--,115,131330,买盘
273,14:38:00,11.42,0.02,502,573934,买盘
274,14:37:57,11.4,--,5,5700,卖盘
275,14:37:54,11.4,-0.01,16,18240,卖盘
276,14:37:51,11.41,0.01,56,63896,买盘
277,14:37:42,11.4,-0.01,26,29640,卖盘
278,14:37:39,11.41,--,36,41076,买盘
279,14:37:36,11.41,0.01,22,25102,买盘
280,14:37:33,11.4,--,55,62700,卖盘
281,14:37:30,11.4,0.01,3,3420,中性盘
282,14:37:27,11.39,--,36,41994,买盘
283,14:37:24,11.39,0.02,88,100232,买盘
284,14:37:21,11.37,-0.01,13,14780,卖盘
285,14:37:15,11.38,-0.02,108,123051,卖盘
286,14:37:12,11.4,--,52,60271,买盘
287,14:37:09,11.4,--,102,116280,买盘
288,14:37:06,11.4,0.02,62,70680,买盘
289,14:37:00,11.38,--,43,49161,卖盘
290,14:36:57,11.38,--,124,141533,卖盘
291,14:36:54,11.38,-0.01,21,23898,卖盘
292,14:36:51,11.39,-0.01,4,4556,中性盘
293,14:36:45,11.4,--,148,168720,买盘
294,14:36:42,11.4,0.02,8,9120,买盘
295,14:36:39,11.38,-0.02,54,61452,卖盘
296,14:36:36,11.4,--,41,46740,买盘
297,14:36:33,11.4,--,40,45600,买盘
298,14:36:27,11.4,--,10,11400,买盘
299,14:36:24,11.4,--,67,76380,买盘
300,14:36:21,11.4,0.01,220,250800,买盘
301,14:36:09,11.39,--,2,2278,买盘
302,14:36:06,11.39,0.03,10,11390,买盘
303,14:36:03,11.36,-0.03,75,85200,卖盘
304,14:36:00,11.39,0.03,58,66062,买盘
305,14:35:57,11.36,--,94,107113,卖盘
306,14:35:54,11.36,-0.03,74,84382,卖盘
307,14:35:51,11.39,--,60,68340,买盘
308,14:35:48,11.39,--,16,18224,买盘
309,14:35:45,11.39,--,10,11390,买盘
310,14:35:42,11.39,--,28,31892,买盘
311,14:35:39,11.39,--,55,62645,买盘
312,14:35:36,11.39,0.01,8,9112,买盘
313,14:35:33,11.38,0.01,55,62590,买盘
314,14:35:30,11.37,-0.01,4,4548,卖盘
315,14:35:27,11.38,--,40,45520,买盘
316,14:35:24,11.38,0.01,76,86488,买盘
317,14:35:21,11.37,--,20,23206,买盘
318,14:35:12,11.37,--,106,120521,买盘
319,14:35:09,11.37,--,3,3410,买盘
320,14:35:06,11.37,--,40,45480,买盘
321,14:35:03,11.37,--,26,29561,买盘
322,14:35:00,11.37,0.01,31,35247,买盘
323,14:34:54,11.36,--,34,38839,卖盘
324,14:34:51,11.36,0.01,90,102671,中性盘
325,14:34:48,11.35,--,91,103852,买盘
326,14:34:45,11.35,--,3,3405,买盘
327,14:34:42,11.35,-0.02,1080,1226367,卖盘
328,14:34:39,11.37,--,30,34110,买盘
329,14:34:36,11.37,0.01,123,139851,买盘
330,14:34:33,11.36,-0.01,19,21584,卖盘
331,14:34:27,11.37,0.01,2,2274,买盘
332,14:34:24,11.36,--,1,1136,卖盘
333,14:34:18,11.36,--,146,165856,卖盘
334,14:34:15,11.36,--,38,43168,卖盘
335,14:34:12,11.36,-0.01,60,68160,卖盘
336,14:34:09,11.37,--,1,1137,买盘
337,14:34:06,11.37,--,4,4548,买盘
338,14:34:03,11.37,--,17,19329,买盘
339,14:34:00,11.37,-0.01,110,125740,卖盘
340,14:33:54,11.38,0.01,1,1138,中性盘
341,14:33:51,11.37,--,74,85081,卖盘
342,14:33:48,11.37,-0.01,106,121363,卖盘
343,14:33:45,11.38,-0.01,30,34140,卖盘
344,14:33:39,11.39,0.02,10,11390,买盘
345,14:33:33,11.37,-0.01,50,56849,卖盘
346,14:33:30,11.38,--,70,79660,卖盘
347,14:33:27,11.38,--,22,25036,卖盘
348,14:33:24,11.38,--,5,5690,卖盘
349,14:33:18,11.38,--,17,19346,卖盘
350,14:33:15,11.38,--,17,19346,卖盘
351,14:33:12,11.38,--,14,15932,买盘
352,14:33:09,11.38,--,11,12518,卖盘
353,14:33:06,11.38,--,1,1138,卖盘
354,14:33:00,11.38,--,212,242063,卖盘
355,14:32:57,11.38,--,73,83074,卖盘
356,14:32:54,11.38,--,19,21622,卖盘
357,14:32:51,11.38,--,88,100815,卖盘
358,14:32:48,11.38,-0.01,80,92155,卖盘
359,14:32:45,11.39,0.01,2,2278,买盘
360,14:32:39,11.38,-0.01,7,7966,卖盘
361,14:32:36,11.39,-0.01,41,46847,卖盘
362,14:32:33,11.4,--,30,34200,买盘
363,14:32:30,11.4,--,13,14820,买盘
364,14:32:27,11.4,0.01,8,9120,买盘
365,14:32:21,11.39,--,1,1139,卖盘
366,14:32:18,11.39,-0.01,8,9112,卖盘
367,14:32:12,11.4,0.01,16,18240,买盘
368,14:31:57,11.39,--,6,7824,买盘
369,14:31:51,11.39,0.01,50,56950,卖盘
370,14:31:45,11.38,-0.01,67,77042,卖盘
371,14:31:42,11.39,-0.01,15,17085,卖盘
372,14:31:39,11.4,--,9,10260,卖盘
373,14:31:36,11.4,--,17,19380,买盘
374,14:31:33,11.4,0.01,2,2280,买盘
375,14:31:30,11.39,--,62,70618,卖盘
376,14:31:27,11.39,--,10,11390,卖盘
377,14:31:21,11.39,0.01,3,3417,买盘
378,14:31:18,11.38,--,12,13656,卖盘
379,14:31:15,11.38,--,1,1138,卖盘
380,14:31:12,11.38,-0.01,42,47796,卖盘
381,14:31:09,11.39,0.01,3,3417,买盘
382,14:31:03,11.38,--,1,1138,卖盘
383,14:31:00,11.38,--,43,48934,卖盘
384,14:30:54,11.38,-0.03,217,246946,卖盘
385,14:30:51,11.41,0.02,8,9128,买盘
386,14:30:48,11.39,-0.01,106,121383,卖盘
387,14:30:45,11.4,0.01,6,6840,中性盘
388,14:30:39,11.39,--,21,23919,卖盘
389,14:30:33,11.39,--,10,11390,卖盘
390,14:30:30,11.39,-0.02,37,42143,卖盘
391,14:30:27,11.41,0.02,11,12551,买盘
392,14:30:24,11.39,--,14,15946,卖盘
393,14:30:21,11.39,-0.01,4,4556,卖盘
394,14:30:18,11.4,-0.01,6,7170,卖盘
395,14:30:15,11.41,--,66,75306,卖盘
396,14:30:12,11.41,--,27,30807,卖盘
397,14:30:09,11.41,0.01,7,7987,中性盘
398,14:30:06,11.4,--,10,11400,卖盘
399,14:30:03,11.4,--,14,15960,卖盘
400,14:30:00,11.4,--,108,123120,卖盘
401,14:29:57,11.4,--,209,238260,卖盘
402,14:29:48,11.4,--,24,27360,卖盘
403,14:29:45,11.4,-0.02,104,119209,卖盘
404,14:29:42,11.42,-0.01,2,2284,卖盘
405,14:29:39,11.43,0.03,6,6858,买盘
406,14:29:30,11.4,-0.03,170,193800,卖盘
407,14:29:24,11.43,0.01,273,312039,买盘
408,14:29:18,11.42,0.01,7,7994,买盘
409,14:29:12,11.41,-0.01,12,13692,卖盘
410,14:29:09,11.42,0.01,12,13704,买盘
411,14:29:03,11.41,0.01,1,1141,买盘
412,14:29:00,11.4,--,47,53580,卖盘
413,14:28:57,11.4,-0.01,4,4560,卖盘
414,14:28:54,11.41,--,16,18256,买盘
415,14:28:51,11.41,0.01,1,1141,买盘
416,14:28:48,11.4,--,50,57000,卖盘
417,14:28:45,11.4,--,65,74157,卖盘
418,14:28:42,11.4,--,69,79252,卖盘
419,14:28:39,11.4,0.01,652,743929,买盘
420,14:28:36,11.39,-0.01,42,47838,卖盘
421,14:28:33,11.4,0.01,13,14820,买盘
422,14:28:30,11.39,--,13,14807,卖盘
423,14:28:27,11.39,--,2,2278,卖盘
424,14:28:24,11.39,-0.01,10,11390,卖盘
425,14:28:09,11.4,--,4,4560,买盘
426,14:28:06,11.4,0.01,3,3420,买盘
427,14:28:03,11.39,-0.01,595,677705,卖盘
428,14:28:00,11.4,--,158,180120,买盘
429,14:27:57,11.4,0.01,6,6840,买盘
430,14:27:54,11.39,--,21,23919,卖盘
431,14:27:51,11.39,--,11,12529,卖盘
432,14:27:48,11.39,--,105,119595,卖盘
433,14:27:45,11.39,-0.01,40,45662,卖盘
434,14:27:42,11.4,0.01,10,11400,买盘
435,14:27:39,11.39,--,66,75720,卖盘
436,14:27:36,11.39,-0.01,1,1139,卖盘
437,14:27:33,11.4,0.01,8,9120,买盘
438,14:27:30,11.39,-0.01,109,124151,卖盘
439,14:27:21,11.4,0.01,1,1140,买盘
440,14:27:15,11.39,--,87,99093,买盘
441,14:27:09,11.39,0.01,4,4556,买盘
442,14:27:06,11.38,-0.02,86,97868,卖盘
443,14:27:03,11.4,0.02,464,528960,买盘
444,14:27:00,11.38,-0.01,172,195736,卖盘
445,14:26:57,11.39,--,16,18224,卖盘
446,14:26:54,11.39,--,40,45560,卖盘
447,14:26:51,11.39,--,97,110483,卖盘
448,14:26:48,11.39,-0.01,313,356996,卖盘
449,14:26:45,11.4,-0.01,45,51459,卖盘
450,14:26:42,11.41,0.01,38,43358,买盘
451,14:26:39,11.4,-0.02,113,129310,卖盘
452,14:26:36,11.42,--,33,37686,买盘
453,14:26:27,11.42,--,95,108490,买盘
454,14:26:24,11.42,0.01,300,342600,买盘
455,14:26:21,11.41,0.02,1,1141,买盘
456,14:26:15,11.39,-0.02,12,13668,卖盘
457,14:26:12,11.41,--,3,3423,买盘
458,14:26:03,11.41,0.03,4,4564,买盘
459,14:25:57,11.38,0.01,15,17957,买盘
460,14:25:54,11.37,-0.01,42,47754,卖盘
461,14:25:51,11.38,0.01,20,22760,买盘
462,14:25:42,11.37,--,21,23877,卖盘
463,14:25:39,11.37,--,35,40693,卖盘
464,14:25:36,11.37,-0.05,37,42069,卖盘
465,14:25:33,11.42,--,171,195282,买盘
466,14:25:30,11.42,0.01,256,292352,买盘
467,14:25:27,11.41,0.01,250,285250,买盘
468,14:25:24,11.4,0.01,63,71820,买盘
469,14:25:21,11.39,--,2,3371,买盘
470,14:25:15,11.39,--,7,7973,买盘
471,14:25:09,11.39,0.02,3,3417,买盘
472,14:25:06,11.37,--,7,7958,卖盘
473,14:25:03,11.37,--,7,7958,买盘
474,14:25:00,11.37,-0.02,19,21603,卖盘
475,14:24:57,11.39,0.03,31,35309,买盘
476,14:24:54,11.36,-0.01,52,59072,卖盘
477,14:24:51,11.37,-0.02,40,45480,买盘
478,14:24:45,11.39,0.03,10,11390,买盘
479,14:24:42,11.36,--,10,11360,卖盘
480,14:24:39,11.36,-0.01,54,62036,卖盘
481,14:24:36,11.37,--,66,75042,卖盘
482,14:24:21,11.37,--,5,5685,卖盘
483,14:24:15,11.37,-0.02,7,7958,卖盘
484,14:24:12,11.39,--,10,11390,买盘
485,14:24:03,11.39,0.04,11,12529,中性盘
486,14:23:57,11.35,--,13,14755,卖盘
487,14:23:54,11.35,-0.06,42,47670,卖盘
488,14:23:51,11.41,--,14,15974,买盘
489,14:23:48,11.41,0.06,28,31948,买盘
490,14:23:39,11.35,--,43,48805,卖盘
491,14:23:36,11.35,--,163,185651,卖盘
492,14:23:33,11.35,-0.01,195,221325,卖盘
493,14:23:30,11.36,-0.02,823,934928,卖盘
494,14:23:15,11.38,0.01,5,5690,买盘
495,14:23:12,11.37,--,5,5685,卖盘
496,14:23:09,11.37,--,5,5685,卖盘
497,14:23:06,11.37,0.01,5,5685,买盘
498,14:23:03,11.36,0.01,1,1136,中性盘
499,14:22:51,11.35,--,7,7945,卖盘
500,14:22:39,11.35,--,9,10215,卖盘
501,14:22:36,11.35,--,70,79677,卖盘
502,14:22:33,11.35,--,173,196774,卖盘
503,14:22:30,11.35,-0.03,134,152090,卖盘
504,14:22:27,11.38,--,29,33002,卖盘
505,14:22:24,11.38,--,68,77384,卖盘
506,14:22:21,11.38,0.02,283,322054,买盘
507,14:22:09,11.36,--,19,21584,卖盘
508,14:22:06,11.36,--,31,35216,买盘
509,14:22:03,11.36,--,37,42032,买盘
510,14:22:00,11.36,0.01,74,84064,买盘
511,14:21:57,11.35,-0.01,12,13620,卖盘
512,14:21:51,11.36,0.01,1,1136,中性盘
513,14:21:39,11.35,-0.02,40,45400,卖盘
514,14:21:36,11.37,0.02,142,161454,买盘
515,14:21:33,11.35,-0.02,107,122091,卖盘
516,14:21:30,11.37,0.01,11,12507,买盘
517,14:21:27,11.36,--,11,12496,卖盘
518,14:21:24,11.36,-0.01,27,30672,卖盘
519,14:21:21,11.37,--,8,9096,买盘
520,14:21:18,11.37,0.01,2,2274,买盘
521,14:21:15,11.36,--,43,48848,卖盘
522,14:21:12,11.36,--,136,154496,卖盘
523,14:21:09,11.36,--,9,10224,卖盘
524,14:21:06,11.36,--,14,15904,卖盘
525,14:21:03,11.36,--,9,10224,卖盘
526,14:21:00,11.36,--,26,29536,卖盘
527,14:20:54,11.36,-0.01,11,12496,卖盘
528,14:20:51,11.37,--,24,27287,买盘
529,14:20:48,11.37,0.01,21,23877,买盘
530,14:20:42,11.36,-0.01,7,7952,卖盘
531,14:20:39,11.37,0.01,18,20466,买盘
532,14:20:36,11.36,--,18,20448,卖盘
533,14:20:33,11.36,--,60,68580,卖盘
534,14:20:30,11.36,--,94,107011,卖盘
535,14:20:27,11.36,--,153,173898,买盘
536,14:20:24,11.36,0.01,179,203344,买盘
537,14:20:21,11.35,--,727,825145,卖盘
538,14:20:15,11.35,-0.01,14,15890,卖盘
539,14:20:12,11.36,0.01,43,48848,买盘
540,14:20:06,11.35,--,1,1135,卖盘
541,14:20:03,11.35,--,22,24970,卖盘
542,14:20:00,11.35,--,50,56750,卖盘
543,14:19:57,11.35,--,1,1135,卖盘
544,14:19:54,11.35,-0.01,13,14755,卖盘
545,14:19:48,11.36,--,7,7952,买盘
546,14:19:45,11.36,--,8,9088,买盘
547,14:19:42,11.36,0.01,8,9088,买盘
548,14:19:39,11.35,-0.01,23,26105,卖盘
549,14:19:36,11.36,0.01,53,60208,买盘
550,14:19:33,11.35,--,20,22700,卖盘
551,14:19:30,11.35,--,53,61176,卖盘
552,14:19:27,11.35,-0.01,89,101775,卖盘
553,14:19:24,11.36,--,55,62480,买盘
554,14:19:21,11.36,-0.01,37,42032,卖盘
555,14:19:18,11.37,0.01,15,17055,买盘
556,14:19:15,11.36,--,12,13632,卖盘
557,14:19:12,11.36,-0.01,29,32944,卖盘
558,14:19:09,11.37,0.01,1,1137,买盘
559,14:19:06,11.36,--,10,11360,卖盘
560,14:19:03,11.36,--,30,34080,卖盘
561,14:19:00,11.36,-0.01,5,5680,卖盘
562,14:18:57,11.37,--,8,9096,买盘
563,14:18:51,11.37,0.01,4,4548,买盘
564,14:18:48,11.36,-0.01,1,1136,卖盘
565,14:18:45,11.37,0.01,6,6821,买盘
566,14:18:33,11.36,--,14,15904,卖盘
567,14:18:30,11.36,-0.01,51,58356,中性盘
568,14:18:27,11.37,0.02,56,63671,买盘
569,14:18:24,11.35,-0.02,78,88757,卖盘
570,14:18:21,11.37,0.02,21,23877,买盘
571,14:18:18,11.35,-0.02,38,43130,卖盘
572,14:18:15,11.37,--,9,10233,买盘
573,14:18:12,11.37,0.01,11,12507,买盘
574,14:18:03,11.36,0.01,8,9088,中性盘
575,14:18:00,11.35,-0.02,10,11350,卖盘
576,14:17:57,11.37,0.02,8,9096,买盘
577,14:17:51,11.35,--,1,1135,卖盘
578,14:17:45,11.35,-0.02,18,20430,卖盘
579,14:17:42,11.37,0.02,10,11370,买盘
580,14:17:39,11.35,-0.02,21,23835,卖盘
581,14:17:36,11.37,--,13,14780,买盘
582,14:17:33,11.37,0.01,5,5685,买盘
583,14:17:30,11.36,--,13,14768,卖盘
584,14:17:27,11.36,--,66,76009,买盘
585,14:17:24,11.36,0.01,68,77997,买盘
586,14:17:21,11.35,--,10,11350,卖盘
587,14:17:18,11.35,-0.01,10,11350,卖盘
588,14:17:15,11.36,--,22,24992,买盘
589,14:17:09,11.36,0.01,10,11360,买盘
590,14:17:06,11.35,--,9,10215,卖盘
591,14:17:03,11.35,--,31,35185,卖盘
592,14:17:00,11.35,--,129,146415,卖盘
593,14:16:57,11.35,-0.01,506,574310,卖盘
594,14:16:51,11.36,0.01,10,11360,买盘
595,14:16:48,11.35,-0.01,5,5675,卖盘
596,14:16:45,11.36,0.01,18,20448,买盘
597,14:16:42,11.35,--,26,29510,卖盘
598,14:16:39,11.35,-0.01,78,88530,卖盘
599,14:16:36,11.36,0.01,9,10224,买盘
600,14:16:33,11.35,--,27,30645,卖盘
601,14:16:30,11.35,--,33,37455,卖盘
602,14:16:27,11.35,--,42,47670,卖盘
603,14:16:24,11.35,--,109,124361,卖盘
604,14:16:21,11.35,--,9,10215,卖盘
605,14:16:18,11.35,--,32,36320,卖盘
606,14:16:15,11.35,-0.01,24,27240,卖盘
607,14:16:12,11.36,--,100,113600,买盘
608,14:16:09,11.36,--,1,1136,买盘
609,14:16:06,11.36,--,10,11360,买盘
610,14:16:03,11.36,--,9,10224,买盘
611,14:16:00,11.36,0.01,15,17040,买盘
612,14:15:57,11.35,-0.01,21,23835,卖盘
613,14:15:54,11.36,0.02,61,69296,买盘
614,14:15:45,11.34,-0.02,21,23814,卖盘
615,14:15:42,11.36,0.02,50,56800,买盘
616,14:15:36,11.34,--,17,19278,卖盘
617,14:15:33,11.34,--,54,61236,卖盘
618,14:15:30,11.34,--,7,7938,卖盘
619,14:15:27,11.34,--,24,27216,卖盘
620,14:15:24,11.34,-0.01,99,112867,卖盘
621,14:15:21,11.35,-0.01,72,81765,卖盘
622,14:15:18,11.36,--,3,3408,买盘
623,14:15:15,11.36,0.01,7,7952,买盘
624,14:15:12,11.35,--,9,10215,卖盘
625,14:15:09,11.35,-0.01,47,53345,卖盘
626,14:15:06,11.36,0.01,56,63616,买盘
627,14:15:00,11.35,--,14,15890,卖盘
628,14:14:57,11.35,0.01,51,57885,买盘
629,14:14:54,11.34,-0.01,19,21546,卖盘
630,14:14:51,11.35,--,81,91935,买盘
631,14:14:48,11.35,--,132,150319,买盘
632,14:14:45,11.35,--,70,79608,买盘
633,14:14:42,11.35,0.01,64,72640,买盘
634,14:14:39,11.34,-0.01,42,47628,卖盘
635,14:14:36,11.35,--,168,190680,买盘
636,14:14:33,11.35,0.01,3,3405,买盘
637,14:14:30,11.34,-0.01,8,9072,卖盘
638,14:14:27,11.35,0.02,26,29510,买盘
639,14:14:24,11.33,--,70,79310,卖盘
640,14:14:21,11.33,--,300,340364,卖盘
641,14:14:18,11.33,-0.01,546,618799,卖盘
642,14:14:15,11.34,--,6,6804,买盘
643,14:14:12,11.34,--,8,9072,买盘
644,14:14:09,11.34,--,3,3402,买盘
645,14:14:06,11.34,--,9,10206,买盘
646,14:14:03,11.34,--,16,18144,买盘
647,14:14:00,11.34,0.01,43,48762,买盘
648,14:13:57,11.33,--,22,24926,卖盘
649,14:13:54,11.33,-0.02,67,75911,卖盘
650,14:13:51,11.35,--,15,17025,买盘
651,14:13:48,11.35,0.01,35,39725,买盘
652,14:13:42,11.34,-0.01,6,6804,卖盘
653,14:13:39,11.35,0.01,16,18160,买盘
654,14:13:36,11.34,-0.01,10,11340,卖盘
655,14:13:33,11.35,--,28,31780,买盘
656,14:13:30,11.35,0.02,8,9080,买盘
657,14:13:24,11.33,-0.01,14,15862,卖盘
658,14:13:21,11.34,-0.01,58,66293,卖盘
659,14:13:18,11.35,0.01,98,111354,买盘
660,14:13:15,11.34,--,45,51030,卖盘
661,14:13:12,11.34,-0.01,11,12474,卖盘
662,14:13:09,11.35,--,39,44265,买盘
663,14:13:06,11.35,0.01,6,6810,买盘
664,14:13:03,11.34,-0.01,13,14742,卖盘
665,14:13:00,11.35,0.01,2,2270,买盘
666,14:12:51,11.34,--,6,6804,卖盘
667,14:12:48,11.34,--,26,29484,卖盘
668,14:12:45,11.34,0.01,110,125386,买盘
669,14:12:39,11.33,-0.01,2,2266,卖盘
670,14:12:36,11.34,0.01,4,4536,买盘
671,14:12:33,11.33,-0.01,6,6798,卖盘
672,14:12:30,11.34,0.01,23,26082,买盘
673,14:12:27,11.33,--,4,4532,卖盘
674,14:12:24,11.33,--,19,21527,卖盘
675,14:12:21,11.33,--,80,91659,卖盘
676,14:12:18,11.33,-0.01,69,78936,卖盘
677,14:12:15,11.34,--,6,6804,买盘
678,14:12:09,11.34,--,25,28837,卖盘
679,14:12:06,11.34,--,25,28350,卖盘
680,14:12:03,11.34,--,11,12474,卖盘
681,14:12:00,11.34,--,17,19924,买盘
682,14:11:51,11.34,--,47,53298,买盘
683,14:11:48,11.34,--,41,46494,买盘
684,14:11:42,11.34,--,10,11340,买盘
685,14:11:39,11.34,--,22,24948,买盘
686,14:11:36,11.34,--,67,75978,买盘
687,14:11:33,11.34,--,36,40824,买盘
688,14:11:30,11.34,--,90,102060,买盘
689,14:11:27,11.34,--,62,70795,卖盘
690,14:11:21,11.34,--,30,34246,卖盘
691,14:11:18,11.34,--,21,23814,卖盘
692,14:11:15,11.34,-0.01,74,84335,卖盘
693,14:11:09,11.35,--,6,6810,买盘
694,14:11:06,11.35,--,3,3405,买盘
695,14:11:03,11.35,--,32,36320,买盘
696,14:11:00,11.35,0.01,10,11350,买盘
697,14:10:54,11.34,--,25,28350,卖盘
698,14:10:42,11.34,--,46,52164,卖盘
699,14:10:39,11.34,--,1,1134,卖盘
700,14:10:36,11.34,--,52,58968,买盘
701,14:10:27,11.34,--,1,1134,买盘
702,14:10:21,11.34,0.01,5,5670,中性盘
703,14:10:15,11.33,--,44,50667,卖盘
704,14:10:12,11.33,-0.02,323,366922,卖盘
705,14:10:09,11.35,--,2,2270,买盘
706,14:10:06,11.35,--,10,11350,买盘
707,14:09:57,11.35,0.01,667,757045,买盘
708,14:09:54,11.34,--,21,23814,卖盘
709,14:09:51,11.34,-0.01,6,6804,卖盘
710,14:09:48,11.35,--,1,1135,买盘
711,14:09:45,11.35,0.01,22,24970,买盘
712,14:09:36,11.34,-0.01,5,5670,卖盘
713,14:09:33,11.35,0.01,9,10215,买盘
714,14:09:27,11.34,--,30,34020,卖盘
715,14:09:21,11.34,--,257,291438,买盘
716,14:09:18,11.34,0.01,10,11340,买盘
717,14:09:15,11.33,--,40,46090,卖盘
718,14:09:12,11.33,--,164,186820,卖盘
719,14:09:09,11.33,-0.01,7,7931,卖盘
720,14:09:06,11.34,--,51,57834,买盘
721,14:09:03,11.34,0.01,73,82782,买盘
722,14:09:00,11.33,--,20,22660,卖盘
723,14:08:57,11.33,--,473,536668,买盘
724,14:08:54,11.33,--,23,26059,买盘
725,14:08:51,11.33,0.01,9,10197,买盘
726,14:08:48,11.32,-0.01,68,76976,卖盘
727,14:08:39,11.33,0.01,15,16995,买盘
728,14:08:36,11.32,--,10,11320,卖盘
729,14:08:33,11.32,-0.01,94,106408,卖盘
730,14:08:30,11.33,0.01,10,11330,买盘
731,14:08:27,11.32,-0.01,243,275076,卖盘
732,14:08:21,11.33,0.02,412,466796,买盘
733,14:08:18,11.31,--,942,1065402,卖盘
734,14:08:15,11.31,-0.01,47,54095,卖盘
735,14:08:12,11.32,--,322,364877,卖盘
736,14:08:09,11.32,-0.01,79,90265,卖盘
737,14:08:06,11.33,0.01,10,11330,买盘
738,14:08:03,11.32,--,224,254620,买盘
739,14:08:00,11.32,--,10,11320,买盘
740,14:07:57,11.32,--,26,29432,买盘
741,14:07:54,11.32,--,14,15848,买盘
742,14:07:51,11.32,--,67,75923,卖盘
743,14:07:48,11.32,--,121,136972,卖盘
744,14:07:45,11.32,--,17,19244,卖盘
745,14:07:42,11.32,--,99,113120,买盘
746,14:07:39,11.32,--,34,38488,买盘
747,14:07:30,11.32,-0.01,697,789751,卖盘
748,14:07:27,11.33,--,11,12463,买盘
749,14:07:24,11.33,0.01,73,82709,买盘
750,14:07:21,11.32,-0.01,24,27168,卖盘
751,14:07:18,11.33,0.01,400,453200,买盘
752,14:07:15,11.32,--,60,67920,卖盘
753,14:07:12,11.32,--,121,137617,卖盘
754,14:07:09,11.32,-0.01,25,28300,卖盘
755,14:07:06,11.33,0.01,22,24926,买盘
756,14:07:03,11.32,-0.01,12,13584,卖盘
757,14:07:00,11.33,0.01,5,5665,买盘
758,14:06:54,11.32,--,7,7924,卖盘
759,14:06:48,11.32,--,39,44148,卖盘
760,14:06:45,11.32,-0.01,84,95088,卖盘
761,14:06:42,11.33,0.01,73,82709,买盘
762,14:06:39,11.32,--,14,16719,买盘
763,14:06:36,11.32,--,86,97352,买盘
764,14:06:33,11.32,--,181,205152,卖盘
765,14:06:30,11.32,--,1,1132,卖盘
766,14:06:27,11.32,--,216,244512,卖盘
767,14:06:21,11.32,--,20,22640,卖盘
768,14:06:18,11.32,-0.01,10,11320,卖盘
769,14:06:15,11.33,0.01,2,2266,买盘
770,14:06:12,11.32,-0.01,575,650990,卖盘
771,14:06:09,11.33,--,75,85530,买盘
772,14:06:06,11.33,0.01,23,26059,买盘
773,14:06:03,11.32,-0.01,100,113200,卖盘
774,14:06:00,11.33,0.01,10,11330,买盘
775,14:05:57,11.32,--,177,200364,卖盘
776,14:05:54,11.32,--,22,24904,卖盘
777,14:05:51,11.32,--,100,113200,卖盘
778,14:05:45,11.32,--,40,45280,卖盘
779,14:05:39,11.32,--,33,37356,卖盘
780,14:05:36,11.32,-0.01,58,65882,卖盘
781,14:05:33,11.33,0.02,30,33990,买盘
782,14:05:30,11.31,-0.01,48,54288,卖盘
783,14:05:27,11.32,--,3,3396,卖盘
784,14:05:24,11.32,--,94,106408,买盘
785,14:05:21,11.32,--,38,43016,买盘
786,14:05:18,11.32,--,23,26036,卖盘
787,14:05:15,11.32,-0.01,45,50940,中性盘
788,14:05:12,11.33,0.01,48,55437,买盘
789,14:05:09,11.32,--,334,378812,卖盘
790,14:05:06,11.32,--,66,74712,卖盘
791,14:05:03,11.32,--,824,932768,卖盘
792,14:05:00,11.32,--,30,33960,卖盘
793,14:04:57,11.32,--,27,30564,卖盘
794,14:04:54,11.32,--,120,135840,买盘
795,14:04:51,11.32,0.01,87,98484,买盘
796,14:04:48,11.31,-0.01,4,4524,卖盘
797,14:04:45,11.32,0.01,209,236588,买盘
798,14:04:42,11.31,-0.01,72,81432,卖盘
799,14:04:39,11.32,--,230,260360,买盘
800,14:04:36,11.32,0.01,224,253568,买盘
801,14:04:33,11.31,-0.01,20,22620,卖盘
802,14:04:30,11.32,--,16,18112,买盘
803,14:04:27,11.32,--,42,47544,买盘
804,14:04:24,11.32,--,32,36224,买盘
805,14:04:21,11.32,--,866,980312,卖盘
806,14:04:18,11.32,-0.01,365,413180,卖盘
807,14:04:15,11.33,--,68,77044,买盘
808,14:04:12,11.33,0.01,37,41921,买盘
809,14:04:09,11.32,--,39,44306,卖盘
810,14:04:06,11.32,--,188,213302,卖盘
811,14:04:03,11.32,--,20,22640,卖盘
812,14:04:00,11.32,--,1,1132,卖盘
813,14:03:57,11.32,--,305,345260,卖盘
814,14:03:54,11.32,-0.01,45,50940,卖盘
815,14:03:51,11.33,--,79,89507,买盘
816,14:03:48,11.33,--,13,14729,买盘
817,14:03:45,11.33,--,35,39655,买盘
818,14:03:42,11.33,-0.01,11,12463,卖盘
819,14:03:39,11.34,0.01,243,275562,买盘
820,14:03:36,11.33,--,30,33990,卖盘
821,14:03:33,11.33,--,123,139359,卖盘
822,14:03:30,11.33,--,1401,1587333,卖盘
823,14:03:27,11.33,--,169,191477,卖盘
824,14:03:24,11.33,-0.01,53,60049,卖盘
825,14:03:18,11.34,-0.01,1481,1680497,卖盘
826,14:03:12,11.35,0.01,209,237215,买盘
827,14:03:09,11.34,-0.01,81,92625,卖盘
828,14:03:06,11.35,--,71,80585,买盘
829,14:03:03,11.35,--,100,114510,买盘
830,14:02:54,11.35,--,5,5675,买盘
831,14:02:51,11.35,0.01,15,17025,买盘
832,14:02:48,11.34,-0.01,47,53298,卖盘
833,14:02:39,11.35,--,367,417521,卖盘
834,14:02:36,11.35,-0.01,250,283750,卖盘
835,14:02:33,11.36,0.01,71,80656,买盘
836,14:02:30,11.35,--,42,47670,卖盘
837,14:02:27,11.35,--,23,26105,卖盘
838,14:02:24,11.35,-0.01,301,341635,卖盘
839,14:02:21,11.36,--,36,40896,卖盘
840,14:02:18,11.36,--,3,3408,卖盘
841,14:02:15,11.36,0.01,152,172672,中性盘
842,14:02:09,11.35,--,54,61290,卖盘
843,14:02:06,11.35,--,56,63707,卖盘
844,14:02:03,11.35,-0.01,68,77679,卖盘
845,14:02:00,11.36,0.01,18,20448,卖盘
846,14:01:54,11.35,--,279,316665,卖盘
847,14:01:51,11.35,-0.01,63,71505,卖盘
848,14:01:48,11.36,0.01,317,360112,买盘
849,14:01:45,11.35,--,26,29510,卖盘
850,14:01:42,11.35,--,32,36320,卖盘
851,14:01:39,11.35,-0.01,31,35185,卖盘
852,14:01:33,11.36,-0.01,0,340,卖盘
853,14:01:30,11.37,0.01,13,15576,买盘
854,14:01:27,11.36,-0.01,305,346820,卖盘
855,14:01:24,11.37,-0.02,33,37521,卖盘
856,14:01:18,11.39,0.02,13,14807,买盘
857,14:01:12,11.37,--,5,5685,买盘
858,14:01:09,11.37,0.01,3,3410,买盘
859,14:01:06,11.36,--,69,78781,卖盘
860,14:01:00,11.36,--,73,83177,卖盘
861,14:00:57,11.36,-0.01,44,49984,卖盘
862,14:00:54,11.37,--,28,31835,买盘
863,14:00:51,11.37,--,1,1137,买盘
864,14:00:48,11.37,0.01,10,11370,买盘
865,14:00:45,11.36,-0.01,15,17040,卖盘
866,14:00:42,11.37,--,8,9096,买盘
867,14:00:33,11.37,0.01,1,1137,买盘
868,14:00:30,11.36,--,29,32944,卖盘
869,14:00:03,11.36,--,31,35999,卖盘
870,14:00:00,11.36,-0.02,76,87335,卖盘
871,13:59:51,11.38,--,1,1138,买盘
872,13:59:45,11.38,-0.01,10,11380,中性盘
873,13:59:39,11.39,0.03,2,2278,买盘
874,13:59:36,11.36,-0.01,100,113600,卖盘
875,13:59:33,11.37,0.01,1,1137,中性盘
876,13:59:30,11.36,-0.03,138,156768,卖盘
877,13:59:27,11.39,0.01,8,9112,买盘
878,13:59:18,11.38,-0.01,16,18208,卖盘
879,13:59:15,11.39,0.03,4,4556,买盘
880,13:59:03,11.36,-0.02,242,275502,卖盘
881,13:58:57,11.38,-0.02,211,240174,卖盘
882,13:58:54,11.4,0.01,13,14820,买盘
883,13:58:51,11.39,--,20,22780,卖盘
884,13:58:48,11.39,--,1,1139,卖盘
885,13:58:45,11.39,-0.01,38,43282,卖盘
886,13:58:39,11.4,0.01,10,11400,买盘
887,13:58:33,11.39,--,1,1139,卖盘
888,13:58:30,11.39,--,20,22780,卖盘
889,13:58:24,11.39,-0.01,9,10251,卖盘
890,13:58:21,11.4,--,8,9120,买盘
891,13:58:03,11.4,0.02,30,34200,买盘
892,13:57:57,11.38,--,36,41024,卖盘
893,13:57:54,11.38,-0.01,68,77975,卖盘
894,13:57:51,11.39,-0.01,17,19363,卖盘
895,13:57:45,11.4,0.02,2,2280,买盘
896,13:57:30,11.38,-0.01,34,38692,卖盘
897,13:57:27,11.39,--,1,1139,卖盘
898,13:57:24,11.39,-0.01,50,56950,卖盘
899,13:57:21,11.4,--,30,34200,买盘
900,13:57:15,11.4,0.01,56,63840,买盘
901,13:57:09,11.39,--,84,95676,卖盘
902,13:57:06,11.39,--,1,1139,卖盘
903,13:57:00,11.39,--,39,45423,卖盘
904,13:56:54,11.39,--,66,75959,卖盘
905,13:56:48,11.39,--,14,15946,卖盘
906,13:56:45,11.39,-0.01,9,10251,卖盘
907,13:56:42,11.4,--,13,14820,买盘
908,13:56:39,11.4,--,20,22800,买盘
909,13:56:36,11.4,--,1,1140,买盘
910,13:56:33,11.4,--,30,34200,买盘
911,13:56:27,11.4,0.01,8,9120,买盘
912,13:56:24,11.39,-0.01,32,36448,卖盘
913,13:56:21,11.4,0.01,86,98040,买盘
914,13:56:18,11.39,--,2,2278,卖盘
915,13:56:15,11.39,-0.01,12,13668,卖盘
916,13:56:12,11.4,0.01,11,12540,买盘
917,13:56:09,11.39,-0.01,3,3417,卖盘
918,13:56:06,11.4,--,5,5700,买盘
919,13:55:57,11.4,0.01,252,287838,买盘
920,13:55:54,11.39,--,68,77543,卖盘
921,13:55:48,11.39,--,147,167751,买盘
922,13:55:39,11.39,0.01,120,136680,买盘
923,13:55:33,11.38,--,183,208254,买盘
924,13:55:27,11.38,--,19,21622,买盘
925,13:55:18,11.38,0.03,66,75108,买盘
926,13:55:15,11.35,--,169,191815,卖盘
927,13:55:12,11.35,-0.03,38,43130,卖盘
928,13:55:09,11.38,0.01,99,112662,买盘
929,13:55:06,11.37,0.01,1,1137,中性盘
930,13:54:57,11.36,0.01,289,328304,买盘
931,13:54:54,11.35,--,63,72310,卖盘
932,13:54:51,11.35,-0.01,65,74751,卖盘
933,13:54:48,11.36,--,93,105648,卖盘
934,13:54:45,11.36,-0.03,1,1136,卖盘
935,13:54:42,11.39,--,29,33031,买盘
936,13:54:33,11.39,--,64,72896,买盘
937,13:54:27,11.39,--,89,101371,买盘
938,13:54:24,11.39,0.04,3,3417,买盘
939,13:54:21,11.35,-0.04,58,65830,卖盘
940,13:54:15,11.39,0.04,600,683400,买盘
941,13:54:09,11.35,--,255,289425,买盘
942,13:54:06,11.35,0.01,257,291695,中性盘
943,13:54:03,11.34,--,7,7938,卖盘
944,13:54:00,11.34,-0.01,1000,1134000,卖盘
945,13:53:57,11.35,--,1,1135,卖盘
946,13:53:54,11.35,--,60,68622,买盘
947,13:53:51,11.35,--,89,101582,买盘
948,13:53:45,11.35,--,7,7945,买盘
949,13:53:39,11.35,--,10,11350,买盘
950,13:53:36,11.35,--,33,37455,买盘
951,13:53:33,11.35,-0.03,1212,1376312,卖盘
952,13:53:30,11.38,--,1499,1705862,买盘
953,13:53:27,11.38,--,1,1138,买盘
954,13:53:24,11.38,0.02,16,18208,买盘
955,13:53:18,11.36,-0.02,1201,1364336,卖盘
956,13:53:15,11.38,--,8,9104,买盘
957,13:53:09,11.38,--,1,1138,买盘
958,13:53:06,11.38,0.01,3,3414,买盘
959,13:53:03,11.37,-0.01,720,818640,卖盘
960,13:53:00,11.38,0.01,8,9104,买盘
961,13:52:51,11.37,--,113,129129,卖盘
962,13:52:45,11.37,-0.01,1,1137,卖盘
963,13:52:42,11.38,0.01,3,3414,买盘
964,13:52:30,11.37,-0.01,41,46617,卖盘
965,13:52:27,11.38,--,1,1138,买盘
966,13:52:21,11.38,0.01,17,19346,买盘
967,13:52:18,11.37,--,1,1137,卖盘
968,13:52:12,11.37,-0.02,42,47754,卖盘
969,13:52:09,11.39,0.01,20,22780,买盘
970,13:52:06,11.38,--,9,10242,买盘
971,13:52:03,11.38,0.01,14,15932,买盘
972,13:51:54,11.37,-0.02,170,194267,卖盘
973,13:51:51,11.39,0.01,55,62906,买盘
974,13:51:48,11.38,-0.01,79,90288,卖盘
975,13:51:36,11.39,--,8,9112,买盘
976,13:51:30,11.39,--,9,10251,买盘
977,13:51:27,11.39,--,9,10251,买盘
978,13:51:21,11.39,0.01,16,18224,买盘
979,13:51:18,11.38,-0.01,39,44382,卖盘
980,13:51:15,11.39,0.01,10,11390,买盘
981,13:51:12,11.38,-0.01,2,2276,卖盘
982,13:51:09,11.39,--,1,1139,买盘
983,13:51:06,11.39,--,1,1139,买盘
984,13:51:03,11.39,--,13,14807,买盘
985,13:50:57,11.39,0.01,17,19363,买盘
986,13:50:48,11.38,--,104,119000,卖盘
987,13:50:42,11.38,--,28,31864,买盘
988,13:50:39,11.38,--,5,5690,买盘
989,13:50:33,11.38,0.01,1,1138,买盘
990,13:50:30,11.37,--,42,47754,卖盘
991,13:50:21,11.37,-0.01,2,2274,卖盘
992,13:50:12,11.38,--,1,1138,买盘
993,13:50:09,11.38,0.01,1,1138,买盘
994,13:50:06,11.37,-0.01,3,3410,中性盘
995,13:50:03,11.38,--,1,1138,买盘
996,13:50:00,11.38,0.02,36,41377,买盘
997,13:49:57,11.36,-0.01,1,2226,卖盘
998,13:49:54,11.37,0.01,3,4241,买盘
999,13:49:51,11.36,-0.01,12,14461,卖盘
1000,13:49:48,11.37,0.01,3,3479,买盘
1001,13:49:45,11.36,-0.01,104,118791,卖盘
1002,13:49:39,11.37,--,3,3410,买盘
1003,13:49:33,11.37,--,5,5685,买盘
1004,13:49:27,11.37,--,21,24638,买盘
1005,13:49:24,11.37,0.01,51,58885,买盘
1006,13:49:21,11.36,--,18,20675,卖盘
1007,13:49:18,11.36,--,91,103387,卖盘
1008,13:49:15,11.36,--,0,90,卖盘
1009,13:49:12,11.36,-0.01,1,1669,卖盘
1010,13:49:09,11.37,0.01,12,14257,买盘
1011,13:49:06,11.36,--,31,35295,卖盘
1012,13:49:03,11.36,--,1,1613,卖盘
1013,13:49:00,11.36,--,7,8076,卖盘
1014,13:48:57,11.36,--,10,12109,卖盘
1015,13:48:54,11.36,--,11,12916,卖盘
1016,13:48:51,11.36,-0.01,41,47064,卖盘
1017,13:48:48,11.37,0.01,29,33245,买盘
1018,13:48:45,11.36,--,62,70829,卖盘
1019,13:48:42,11.36,-0.01,65,74192,卖盘
1020,13:48:39,11.37,0.01,5,6765,买盘
1021,13:48:36,11.36,-0.01,7,8906,卖盘
1022,13:48:33,11.37,0.01,6,6821,买盘
1023,13:48:27,11.36,--,0,34,卖盘
1024,13:48:24,11.36,--,0,590,卖盘
1025,13:48:21,11.36,-0.01,8,10099,卖盘
1026,13:48:18,11.37,0.01,29,33439,买盘
1027,13:48:15,11.36,-0.01,10,12041,卖盘
1028,13:48:12,11.37,--,34,39215,卖盘
1029,13:48:09,11.37,--,0,22,卖盘
1030,13:48:06,11.37,--,0,557,卖盘
1031,13:48:03,11.37,0.01,4,4638,买盘
1032,13:48:00,11.36,--,10,11746,卖盘
1033,13:47:57,11.36,--,5,6429,卖盘
1034,13:47:54,11.36,--,98,111782,卖盘
1035,13:47:51,11.36,--,320,363622,卖盘
1036,13:47:48,11.36,--,1,1919,卖盘
1037,13:47:45,11.36,--,29,33296,卖盘
1038,13:47:42,11.36,-0.01,108,123767,卖盘
1039,13:47:39,11.37,--,0,704,卖盘
1040,13:47:36,11.37,0.01,2,2274,卖盘
1041,13:47:30,11.36,--,0,79,卖盘
1042,13:47:27,11.36,--,1,1238,卖盘
1043,13:47:24,11.36,-0.02,19,21663,卖盘
1044,13:47:21,11.38,--,70,80320,买盘
1045,13:47:18,11.38,0.02,71,80854,买盘
1046,13:47:15,11.36,-0.02,0,1045,卖盘
1047,13:47:12,11.38,0.02,3,3425,买盘
1048,13:47:09,11.36,--,0,79,卖盘
1049,13:47:06,11.36,-0.02,1,1397,卖盘
1050,13:47:03,11.38,0.02,4,4552,买盘
1051,13:46:54,11.36,--,0,22,卖盘
1052,13:46:51,11.36,--,0,374,卖盘
1053,13:46:48,11.36,--,5,6497,卖盘
1054,13:46:45,11.36,--,43,48882,卖盘
1055,13:46:42,11.36,--,48,54959,卖盘
1056,13:46:39,11.36,--,193,219338,卖盘
1057,13:46:36,11.36,-0.01,467,531239,卖盘
1058,13:46:33,11.37,0.01,58,66878,中性盘
1059,13:46:30,11.36,-0.01,169,192938,卖盘
1060,13:46:27,11.37,0.01,71,81466,买盘
1061,13:46:24,11.36,--,34,39180,卖盘
1062,13:46:21,11.36,-0.01,8,9792,卖盘
1063,13:46:18,11.37,-0.01,485,551842,卖盘
1064,13:46:15,11.38,--,1302,1482677,买盘
1065,13:46:09,11.38,0.01,15,17240,买盘
1066,13:46:06,11.37,--,20,22740,卖盘
1067,13:46:03,11.37,--,0,170,卖盘
1068,13:46:00,11.37,-0.01,2,2819,卖盘
1069,13:45:57,11.38,0.01,8,9695,买盘
1070,13:45:54,11.37,--,4,5116,卖盘
1071,13:45:51,11.37,--,60,69277,卖盘
1072,13:45:48,11.37,--,198,226001,卖盘
1073,13:45:45,11.37,-0.01,13,15235,卖盘
1074,13:45:42,11.38,0.01,59,67244,买盘
1075,13:45:39,11.37,-0.01,94,107673,卖盘
1076,13:45:36,11.38,--,263,299339,买盘
1077,13:45:33,11.38,-0.01,578,657900,卖盘
1078,13:45:24,11.39,0.01,5,5695,买盘
1079,13:45:21,11.38,--,0,11,卖盘
1080,13:45:18,11.38,--,0,22,卖盘
1081,13:45:15,11.38,--,0,352,卖盘
1082,13:45:12,11.38,--,1,1240,卖盘
1083,13:45:09,11.38,-0.01,1,1843,卖盘
1084,13:45:06,11.39,--,10,12187,买盘
1085,13:45:03,11.39,--,28,31892,卖盘
1086,13:44:54,11.39,--,18,21492,买盘
1087,13:44:51,11.39,--,6,7551,买盘
1088,13:44:48,11.39,0.01,28,32302,买盘
1089,13:44:45,11.38,--,53,61235,卖盘
1090,13:44:42,11.38,--,14,16193,卖盘
1091,13:44:39,11.38,--,66,75187,卖盘
1092,13:44:36,11.38,--,63,71796,卖盘
1093,13:44:33,11.38,--,1,1138,卖盘
1094,13:44:30,11.38,-0.01,12,13656,卖盘
1095,13:44:18,11.39,--,4,5022,买盘
1096,13:44:15,11.39,0.01,2,3098,买盘
1097,13:44:12,11.38,--,30,34151,卖盘
1098,13:44:09,11.38,-0.01,110,125692,卖盘
1099,13:44:06,11.39,--,5,6401,买盘
1100,13:44:03,11.39,-0.01,14,15946,卖盘
1101,13:44:00,11.4,0.01,10,11400,买盘
1102,13:43:36,11.39,--,13,14807,卖盘
1103,13:43:33,11.39,--,24,27336,卖盘
1104,13:43:30,11.39,--,7,7973,卖盘
1105,13:43:27,11.39,0.01,21,23919,买盘
1106,13:43:24,11.38,--,0,34,卖盘
1107,13:43:21,11.38,-0.01,0,580,卖盘
1108,13:43:18,11.39,0.01,4,5079,买盘
1109,13:43:15,11.38,-0.01,56,63728,卖盘
1110,13:43:12,11.39,--,25,29534,卖盘
1111,13:43:09,11.39,--,35,40798,卖盘
1112,13:43:06,11.39,--,18,20798,卖盘
1113,13:43:03,11.39,--,56,64216,卖盘
1114,13:43:00,11.39,--,4,4897,卖盘
1115,13:42:57,11.39,--,74,85390,卖盘
1116,13:42:54,11.39,-0.01,363,413457,卖盘
1117,13:42:51,11.4,--,1,1140,买盘
1118,13:42:48,11.4,--,13,14820,买盘
1119,13:42:36,11.4,0.01,4,4560,买盘
1120,13:42:30,11.39,--,1,1139,卖盘
1121,13:42:27,11.39,--,200,227800,卖盘
1122,13:42:21,11.39,--,161,183766,买盘
1123,13:42:18,11.39,--,8,9112,买盘
1124,13:42:15,11.39,--,7,7973,买盘
1125,13:42:12,11.39,--,1,1139,买盘
1126,13:42:09,11.39,--,200,227800,买盘
1127,13:42:06,11.39,0.01,47,53931,买盘
1128,13:42:03,11.38,--,57,65184,卖盘
1129,13:41:51,11.38,--,5,5690,卖盘
1130,13:41:48,11.38,-0.01,12,13656,卖盘
1131,13:41:45,11.39,--,1,1139,买盘
1132,13:41:39,11.39,--,40,45560,买盘
1133,13:41:33,11.39,0.01,18,20502,买盘
1134,13:41:30,11.38,-0.01,43,48934,卖盘
1135,13:41:24,11.39,--,33,37587,买盘
1136,13:41:09,11.39,0.01,81,92657,买盘
1137,13:41:06,11.38,--,52,59722,卖盘
1138,13:41:03,11.38,--,81,92337,卖盘
1139,13:41:00,11.38,--,0,250,卖盘
1140,13:40:57,11.38,--,4,5576,卖盘
1141,13:40:54,11.38,-0.01,20,22760,卖盘
1142,13:40:51,11.39,0.01,1,1605,买盘
1143,13:40:48,11.38,-0.01,9,10708,卖盘
1144,13:40:45,11.39,0.01,200,228084,买盘
1145,13:40:42,11.38,--,5,6702,卖盘
1146,13:40:39,11.38,-0.01,21,24045,卖盘
1147,13:40:36,11.39,0.01,8,10114,买盘
1148,13:40:33,11.38,--,20,23442,卖盘
1149,13:40:30,11.38,--,2,2810,卖盘
1150,13:40:27,11.38,--,5,5894,卖盘
1151,13:40:24,11.38,--,39,45178,卖盘
1152,13:40:21,11.38,-0.01,110,125589,卖盘
1153,13:40:18,11.39,--,61,70105,买盘
1154,13:40:15,11.39,0.01,113,128707,买盘
1155,13:40:12,11.38,-0.01,40,46555,卖盘
1156,13:40:09,11.39,0.01,27,31185,买盘
1157,13:40:06,11.38,--,8,9980,卖盘
1158,13:40:03,11.38,--,45,51858,卖盘
1159,13:40:00,11.38,--,62,70863,卖盘
1160,13:39:51,11.38,--,0,22,卖盘
1161,13:39:48,11.38,--,0,330,卖盘
1162,13:39:45,11.38,--,1,1160,卖盘
1163,13:39:42,11.38,--,0,694,卖盘
1164,13:39:39,11.38,--,2,2799,卖盘
1165,13:39:36,11.38,--,10,12096,卖盘
1166,13:39:33,11.38,-0.01,73,84143,卖盘
1167,13:39:30,11.39,0.01,151,172592,买盘
1168,13:39:27,11.38,-0.01,6,7192,卖盘
1169,13:39:24,11.39,0.01,7,8679,买盘
1170,13:39:21,11.38,-0.01,20,23203,卖盘
1171,13:39:18,11.39,--,44,50822,买盘
1172,13:39:15,11.39,0.01,50,57098,买盘
1173,13:39:12,11.38,-0.01,2,3368,卖盘
1174,13:39:09,11.39,0.01,10,12130,买盘
1175,13:39:06,11.38,--,9,10708,卖盘
1176,13:39:03,11.38,--,44,50811,卖盘
1177,13:39:00,11.38,--,63,72354,卖盘
1178,13:38:57,11.38,--,0,159,卖盘
1179,13:38:54,11.38,-0.01,3,3687,卖盘
1180,13:38:51,11.39,0.01,11,13144,买盘
1181,13:38:48,11.38,--,12,14498,卖盘
1182,13:38:45,11.38,--,88,100246,卖盘
1183,13:38:42,11.38,--,178,203110,卖盘
1184,13:38:39,11.38,--,11,12711,卖盘
1185,13:38:36,11.38,--,145,165567,卖盘
1186,13:38:33,11.38,--,429,488236,卖盘
1187,13:38:30,11.38,-0.01,0,705,卖盘
1188,13:38:27,11.39,0.01,2,3291,买盘
1189,13:38:24,11.38,--,3,3812,卖盘
1190,13:38:21,11.38,--,8,9422,卖盘
1191,13:38:18,11.38,-0.01,194,221443,卖盘
1192,13:38:15,11.39,--,665,757776,卖盘
1193,13:38:12,11.39,--,0,22,卖盘
1194,13:38:09,11.39,--,0,125,卖盘
1195,13:38:06,11.39,--,2,3120,卖盘
1196,13:38:03,11.39,--,64,73476,卖盘
1197,13:38:00,11.39,--,227,259259,卖盘
1198,13:37:57,11.39,-0.01,54,61847,卖盘
1199,13:37:54,11.4,--,30,34200,买盘
1200,13:37:48,11.4,--,29,33060,买盘
1201,13:37:45,11.4,--,12,13680,买盘
1202,13:37:33,11.4,--,8,9120,买盘
1203,13:37:30,11.4,0.01,113,128865,买盘
1204,13:37:27,11.39,--,0,990,卖盘
1205,13:37:24,11.39,--,3,3417,卖盘
1206,13:37:18,11.39,--,0,22,卖盘
1207,13:37:15,11.39,--,0,273,卖盘
1208,13:37:12,11.39,-0.01,5,6674,卖盘
1209,13:37:09,11.4,0.01,20,22822,买盘
1210,13:37:06,11.39,--,0,580,卖盘
1211,13:37:03,11.39,--,6,6913,卖盘
1212,13:37:00,11.39,--,87,99104,卖盘
1213,13:36:57,11.39,-0.01,20,23531,卖盘
1214,13:36:54,11.4,0.01,70,80518,买盘
1215,13:36:51,11.39,--,0,296,卖盘
1216,13:36:48,11.39,-0.01,6,7187,卖盘
1217,13:36:45,11.4,0.01,48,55005,中性盘
1218,13:36:42,11.39,-0.01,117,133912,卖盘
1219,13:36:39,11.4,--,43,49020,卖盘
1220,13:36:36,11.4,--,0,11,卖盘
1221,13:36:33,11.4,--,0,307,卖盘
1222,13:36:30,11.4,--,6,7227,卖盘
1223,13:36:27,11.4,0.01,43,49031,买盘
1224,13:36:24,11.39,--,0,330,卖盘
1225,13:36:21,11.39,-0.01,1,1446,卖盘
1226,13:36:18,11.4,--,17,20155,买盘
1227,13:36:15,11.4,--,21,24817,买盘
1228,13:36:12,11.4,--,23,27325,卖盘
1229,13:36:09,11.4,--,5,6167,买盘
1230,13:36:06,11.4,0.01,9,10260,卖盘
1231,13:36:03,11.39,-0.01,10,11754,卖盘
1232,13:36:00,11.4,-0.01,14,15960,卖盘
1233,13:35:57,11.41,0.02,98,111966,买盘
1234,13:35:54,11.39,-0.01,60,68408,卖盘
1235,13:35:48,11.4,--,0,34,卖盘
1236,13:35:45,11.4,--,0,672,卖盘
1237,13:35:42,11.4,0.01,2,2587,中性盘
1238,13:35:39,11.39,-0.02,6,7095,卖盘
1239,13:35:36,11.41,--,28,32872,买盘
1240,13:35:33,11.41,--,30,35279,买盘
1241,13:35:30,11.41,0.02,9,11318,买盘
1242,13:35:27,11.39,-0.01,12,14191,卖盘
1243,13:35:24,11.4,-0.01,12,14546,卖盘
1244,13:35:21,11.41,0.01,61,69601,买盘
1245,13:35:18,11.4,--,17,19380,卖盘
1246,13:35:15,11.4,--,27,31486,买盘
1247,13:35:12,11.4,--,60,68400,买盘
1248,13:35:09,11.4,--,2,2280,买盘
1249,13:35:06,11.4,--,9,10260,买盘
1250,13:34:57,11.4,--,938,1069753,卖盘
1251,13:34:54,11.4,-0.01,89,102178,卖盘
1252,13:34:48,11.41,--,3,3423,买盘
1253,13:34:45,11.41,0.01,32,36512,买盘
1254,13:34:42,11.4,-0.01,14,15960,卖盘
1255,13:34:27,11.41,0.01,18,20538,买盘
1256,13:34:21,11.4,--,1,1140,卖盘
1257,13:34:18,11.4,--,20,22800,卖盘
1258,13:34:09,11.4,--,127,145908,买盘
1259,13:34:06,11.4,--,2,2280,买盘
1260,13:33:57,11.4,0.01,26,29640,买盘
1261,13:33:54,11.39,-0.01,252,287927,卖盘
1262,13:33:51,11.4,-0.01,956,1089851,卖盘
1263,13:33:48,11.41,--,140,160698,买盘
1264,13:33:45,11.41,--,105,119805,买盘
1265,13:33:42,11.41,0.01,1,1141,买盘
1266,13:33:39,11.4,-0.01,1,1140,卖盘
1267,13:33:36,11.41,--,1,1141,买盘
1268,13:33:33,11.41,--,30,34230,买盘
1269,13:33:15,11.41,0.01,18,20538,买盘
1270,13:33:09,11.4,-0.01,3,3420,卖盘
1271,13:33:06,11.41,--,1,1141,买盘
1272,13:33:00,11.41,0.01,12,13692,买盘
1273,13:32:57,11.4,-0.01,1,1140,卖盘
1274,13:32:54,11.41,0.01,25,28525,买盘
1275,13:32:51,11.4,--,74,84417,卖盘
1276,13:32:48,11.4,-0.01,55,63361,卖盘
1277,13:32:45,11.41,0.01,90,102690,买盘
1278,13:32:42,11.4,-0.01,11,12540,卖盘
1279,13:32:39,11.41,--,50,57050,买盘
1280,13:32:36,11.41,--,20,22820,买盘
1281,13:32:30,11.41,0.01,22,25102,买盘
1282,13:32:24,11.4,--,3,3420,卖盘
1283,13:32:18,11.4,--,1,1140,卖盘
1284,13:32:15,11.4,--,8,9120,卖盘
1285,13:32:09,11.4,-0.01,37,42180,卖盘
1286,13:32:06,11.41,--,47,53627,卖盘
1287,13:32:03,11.41,--,1,1141,买盘
1288,13:32:00,11.41,--,19,21679,买盘
1289,13:31:57,11.41,0.01,10,11410,中性盘
1290,13:31:54,11.4,--,49,55860,卖盘
1291,13:31:48,11.4,-0.02,105,120418,卖盘
1292,13:31:45,11.42,--,2,2284,买盘
1293,13:31:39,11.42,0.02,20,22840,买盘
1294,13:31:30,11.4,--,55,63714,买盘
1295,13:31:27,11.4,--,22,25080,买盘
1296,13:31:24,11.4,--,47,53580,买盘
1297,13:31:21,11.4,--,5,5700,买盘
1298,13:31:18,11.4,--,20,22800,买盘
1299,13:31:15,11.4,--,5,5700,买盘
1300,13:31:12,11.4,--,10,11400,买盘
1301,13:31:06,11.4,--,6,6840,买盘
1302,13:31:03,11.4,-0.01,716,816365,卖盘
1303,13:30:54,11.41,--,1,1141,卖盘
1304,13:30:51,11.41,--,24,28410,卖盘
1305,13:30:45,11.41,--,64,73856,卖盘
1306,13:30:27,11.41,--,172,196252,卖盘
1307,13:30:21,11.41,--,38,43358,卖盘
1308,13:30:15,11.41,0.01,19,21679,卖盘
1309,13:30:12,11.4,--,188,214320,卖盘
1310,13:30:09,11.4,-0.01,200,228000,卖盘
1311,13:30:06,11.41,0.01,2,2282,买盘
1312,13:30:03,11.4,-0.01,38,43320,卖盘
1313,13:30:00,11.41,--,38,43358,买盘
1314,13:29:57,11.41,--,4,4564,买盘
1315,13:29:54,11.41,0.01,39,44499,买盘
1316,13:29:48,11.4,-0.01,25,28990,卖盘
1317,13:29:45,11.41,--,238,271786,买盘
1318,13:29:33,11.41,--,3,3423,买盘
1319,13:29:30,11.41,--,125,142625,买盘
1320,13:29:27,11.41,-0.01,31,35371,卖盘
1321,13:29:24,11.42,--,10,11420,买盘
1322,13:29:18,11.42,--,48,54816,买盘
1323,13:29:15,11.42,0.01,144,164448,买盘
1324,13:29:12,11.41,--,12,13692,买盘
1325,13:29:09,11.41,--,22,25102,买盘
1326,13:29:03,11.41,0.01,45,51345,买盘
1327,13:29:00,11.4,--,155,177418,买盘
1328,13:28:57,11.4,--,116,132240,买盘
1329,13:28:54,11.4,--,319,364081,卖盘
1330,13:28:48,11.4,--,201,229140,卖盘
1331,13:28:45,11.4,-0.01,35,40983,卖盘
1332,13:28:42,11.41,--,59,68094,买盘
1333,13:28:36,11.41,--,150,171150,买盘
1334,13:28:33,11.41,0.01,30,34230,买盘
1335,13:28:30,11.4,--,84,95760,卖盘
1336,13:28:24,11.4,--,180,205200,卖盘
1337,13:28:15,11.4,-0.01,10,11400,卖盘
1338,13:28:12,11.41,0.01,1,1141,买盘
1339,13:28:00,11.4,-0.01,1,1140,卖盘
1340,13:27:57,11.41,--,5,5705,买盘
1341,13:27:54,11.41,--,30,34230,买盘
1342,13:27:51,11.41,--,101,115241,买盘
1343,13:27:45,11.41,0.02,32,36512,买盘
1344,13:27:42,11.39,-0.01,28,32814,卖盘
1345,13:27:39,11.4,-0.01,660,753334,卖盘
1346,13:27:36,11.41,--,10,11410,买盘
1347,13:27:33,11.41,--,16,18256,中性盘
1348,13:27:30,11.41,--,37,42217,卖盘
1349,13:27:27,11.41,--,103,117523,卖盘
1350,13:27:24,11.41,--,35,39935,卖盘
1351,13:27:21,11.41,-0.01,30,34230,卖盘
1352,13:27:15,11.42,0.01,61,69662,买盘
1353,13:27:09,11.41,0.01,20,22820,买盘
1354,13:27:06,11.4,-0.01,113,128820,卖盘
1355,13:27:00,11.41,--,3,3423,卖盘
1356,13:26:57,11.41,--,42,47922,买盘
1357,13:26:54,11.41,--,6,6846,买盘
1358,13:26:51,11.41,--,11,12551,买盘
1359,13:26:48,11.41,0.01,101,115241,买盘
1360,13:26:42,11.4,--,31,35967,卖盘
1361,13:26:36,11.4,-0.01,68,77611,卖盘
1362,13:26:27,11.41,--,6,6846,买盘
1363,13:26:18,11.41,--,10,11410,买盘
1364,13:26:15,11.41,0.01,8,9128,买盘
1365,13:26:09,11.4,-0.01,1,1140,卖盘
1366,13:26:06,11.41,0.01,48,54768,买盘
1367,13:26:03,11.4,-0.01,34,38760,卖盘
1368,13:26:00,11.41,0.01,1,1141,买盘
1369,13:25:57,11.4,-0.01,19,21660,中性盘
1370,13:25:48,11.41,0.01,12,13692,买盘
1371,13:25:45,11.4,--,1,2097,卖盘
1372,13:25:39,11.4,-0.01,33,38076,卖盘
1373,13:25:36,11.41,0.01,89,101811,买盘
1374,13:25:21,11.4,--,199,227464,买盘
1375,13:25:15,11.4,--,50,57000,买盘
1376,13:25:12,11.4,--,87,99180,买盘
1377,13:25:06,11.4,--,6,6840,买盘
1378,13:25:03,11.4,--,60,68400,买盘
1379,13:24:57,11.4,0.01,11,12540,买盘
1380,13:24:51,11.39,-0.01,1,1139,卖盘
1381,13:24:48,11.4,0.01,1,1140,买盘
1382,13:24:42,11.39,--,106,120734,卖盘
1383,13:24:39,11.39,-0.01,89,101781,卖盘
1384,13:24:33,11.4,0.01,96,109747,买盘
1385,13:24:30,11.39,--,211,240329,卖盘
1386,13:24:27,11.39,--,99,112761,卖盘
1387,13:24:24,11.39,-0.01,37,42143,卖盘
1388,13:24:12,11.4,0.01,48,54720,买盘
1389,13:24:09,11.39,-0.01,4,4556,卖盘
1390,13:24:06,11.4,0.01,8,9120,买盘
1391,13:23:57,11.39,-0.01,5,5695,卖盘
1392,13:23:54,11.4,--,33,37620,买盘
1393,13:23:51,11.4,--,3,3420,买盘
1394,13:23:42,11.4,0.01,83,94620,买盘
1395,13:23:39,11.39,--,10,11390,卖盘
1396,13:23:36,11.39,--,30,34625,卖盘
1397,13:23:33,11.39,--,59,67462,卖盘
1398,13:23:27,11.39,-0.01,1,1139,卖盘
1399,13:23:24,11.4,--,10,11400,买盘
1400,13:23:18,11.4,--,11,12540,买盘
1401,13:23:06,11.4,0.01,10,11400,买盘
1402,13:22:54,11.39,--,38,43282,卖盘
1403,13:22:51,11.39,--,8,9112,卖盘
1404,13:22:48,11.39,--,16,18224,卖盘
1405,13:22:45,11.39,--,41,46699,卖盘
1406,13:22:36,11.39,--,36,41277,卖盘
1407,13:22:30,11.39,-0.01,53,60811,中性盘
1408,13:22:24,11.4,0.01,6,6840,买盘
1409,13:22:21,11.39,--,1,1139,卖盘
1410,13:22:18,11.39,--,1,1139,卖盘
1411,13:22:15,11.39,--,298,339422,卖盘
1412,13:22:06,11.39,--,9,10251,卖盘
1413,13:22:03,11.39,--,1,1139,卖盘
1414,13:22:00,11.39,-0.01,41,46699,卖盘
1415,13:21:57,11.4,0.01,88,100320,买盘
1416,13:21:54,11.39,-0.01,33,37587,卖盘
1417,13:21:51,11.4,--,10,11400,卖盘
1418,13:21:48,11.4,0.01,5,5700,买盘
1419,13:21:45,11.39,-0.01,5,5695,卖盘
1420,13:21:42,11.4,0.01,45,51300,买盘
1421,13:21:36,11.39,--,32,36482,卖盘
1422,13:21:30,11.39,-0.01,57,65606,卖盘
1423,13:21:24,11.4,--,1,1140,卖盘
1424,13:21:21,11.4,--,44,50160,卖盘
1425,13:21:12,11.4,-0.01,37,42180,卖盘
1426,13:21:09,11.41,0.01,69,78729,买盘
1427,13:21:06,11.4,-0.01,16,18240,卖盘
1428,13:21:00,11.41,--,5,5705,买盘
1429,13:20:57,11.41,0.01,860,981260,买盘
1430,13:20:48,11.4,-0.01,2,2280,卖盘
1431,13:20:45,11.41,0.01,18,20538,买盘
1432,13:20:42,11.4,-0.01,1,1140,卖盘
1433,13:20:39,11.41,--,2,2282,买盘
1434,13:20:33,11.41,0.01,1,1141,买盘
1435,13:20:30,11.4,--,104,119278,卖盘
1436,13:20:27,11.4,-0.01,4,4560,卖盘
1437,13:20:24,11.41,--,3,3423,买盘
1438,13:20:21,11.41,0.01,4,4564,买盘
1439,13:20:12,11.4,--,30,34200,卖盘
1440,13:20:09,11.4,--,5,5700,卖盘
1441,13:20:03,11.4,--,9,10260,卖盘
1442,13:20:00,11.4,--,9,10260,卖盘
1443,13:19:42,11.4,--,55,62700,买盘
1444,13:19:36,11.4,-0.01,10,11400,卖盘
1445,13:19:33,11.41,0.02,1,1141,买盘
1446,13:19:30,11.39,-0.01,34,38908,卖盘
1447,13:19:27,11.4,--,60,68935,卖盘
1448,13:19:24,11.4,--,57,64980,卖盘
1449,13:19:21,11.4,-0.01,1,1140,卖盘
1450,13:19:15,11.41,0.01,4,4564,买盘
1451,13:19:12,11.4,--,3,3420,卖盘
1452,13:19:09,11.4,--,15,17100,卖盘
1453,13:19:06,11.4,--,49,55860,卖盘
1454,13:19:03,11.4,--,190,216600,卖盘
1455,13:19:00,11.4,-0.01,9,10260,卖盘
1456,13:18:39,11.41,--,4,4564,买盘
1457,13:18:36,11.41,--,60,68460,买盘
1458,13:18:33,11.41,0.01,1,1141,买盘
1459,13:18:27,11.4,-0.01,89,102178,卖盘
1460,13:18:24,11.41,--,139,159534,卖盘
1461,13:18:21,11.41,-0.01,1,1141,卖盘
1462,13:18:15,11.42,--,9,10278,买盘
1463,13:18:12,11.42,--,8,9136,买盘
1464,13:18:09,11.42,--,200,228400,买盘
1465,13:18:06,11.42,0.01,2,2284,买盘
1466,13:18:03,11.41,-0.01,6,6846,卖盘
1467,13:18:00,11.42,--,4,4568,买盘
1468,13:17:54,11.42,--,5,5710,买盘
1469,13:17:42,11.42,--,33,37686,买盘
1470,13:17:36,11.42,--,4,4568,买盘
1471,13:17:33,11.42,0.01,33,37686,买盘
1472,13:17:30,11.41,--,28,31970,卖盘
1473,13:17:27,11.41,--,11,12551,卖盘
1474,13:17:24,11.41,--,61,70297,卖盘
1475,13:17:18,11.41,-0.01,2,2282,卖盘
1476,13:17:15,11.42,0.01,4,4568,买盘
1477,13:17:12,11.41,0.01,9,10896,买盘
1478,13:17:09,11.4,-0.01,6,6840,卖盘
1479,13:17:06,11.41,--,104,118664,买盘
1480,13:16:51,11.41,-0.01,20,22820,买盘
1481,13:16:48,11.42,--,50,57100,买盘
1482,13:16:45,11.42,--,30,34260,买盘
1483,13:16:42,11.42,0.01,75,86163,买盘
1484,13:16:39,11.41,-0.01,51,58191,卖盘
1485,13:16:36,11.42,--,32,36544,买盘
1486,13:16:33,11.42,0.01,16,18272,买盘
1487,13:16:30,11.41,--,29,34058,卖盘
1488,13:16:27,11.41,0.01,123,141141,买盘
1489,13:16:24,11.4,-0.01,59,68149,卖盘
1490,13:16:21,11.41,--,13,14833,买盘
1491,13:16:09,11.41,0.01,15,17115,买盘
1492,13:16:06,11.4,--,4,4560,买盘
1493,13:16:03,11.4,--,6,6840,卖盘
1494,13:16:00,11.4,--,5,5700,卖盘
1495,13:15:57,11.4,--,1,1140,卖盘
1496,13:15:54,11.4,--,35,39900,卖盘
1497,13:15:48,11.4,--,11,12540,买盘
1498,13:15:45,11.4,--,20,22800,买盘
1499,13:15:36,11.4,--,27,30780,买盘
1500,13:15:33,11.4,0.01,1,1140,中性盘
1501,13:15:27,11.39,--,32,36721,卖盘
1502,13:15:21,11.39,-0.02,148,169016,卖盘
1503,13:15:18,11.41,0.01,9,10269,买盘
1504,13:15:15,11.4,--,11,12540,卖盘
1505,13:15:12,11.4,--,11,12540,卖盘
1506,13:15:06,11.4,--,50,57000,卖盘
1507,13:14:57,11.4,--,31,35340,卖盘
1508,13:14:54,11.4,0.01,699,796860,买盘
1509,13:14:45,11.39,0.01,4,4556,买盘
1510,13:14:42,11.38,-0.01,44,50072,卖盘
1511,13:14:39,11.39,0.01,20,22780,买盘
1512,13:14:36,11.38,--,1,1138,卖盘
1513,13:14:33,11.38,-0.01,7,7966,卖盘
1514,13:14:30,11.39,0.01,437,498039,买盘
1515,13:14:21,11.38,-0.01,59,67563,卖盘
1516,13:14:18,11.39,0.01,246,280194,买盘
1517,13:14:15,11.38,-0.01,13,14794,卖盘
1518,13:14:12,11.39,0.01,4,4556,买盘
1519,13:14:06,11.38,--,4,4552,卖盘
1520,13:14:00,11.38,--,5,5690,卖盘
1521,13:13:54,11.38,--,1,1138,卖盘
1522,13:13:51,11.38,--,3,3414,卖盘
1523,13:13:48,11.38,-0.01,5,5690,卖盘
1524,13:13:33,11.39,0.01,1,1139,买盘
1525,13:13:30,11.38,--,11,12518,卖盘
1526,13:13:27,11.38,--,35,40012,卖盘
1527,13:13:21,11.38,--,1,1138,卖盘
1528,13:13:18,11.38,--,258,294138,卖盘
1529,13:13:03,11.38,--,74,84212,买盘
1530,13:13:00,11.38,--,1,1138,买盘
1531,13:12:57,11.38,--,7,7966,买盘
1532,13:12:51,11.38,--,33,37554,买盘
1533,13:12:48,11.38,0.01,7,7966,买盘
1534,13:12:45,11.37,-0.01,36,40932,卖盘
1535,13:12:42,11.38,-0.01,13,14794,卖盘
1536,13:12:39,11.39,0.01,11,12529,买盘
1537,13:12:36,11.38,--,1,1138,卖盘
1538,13:12:33,11.38,--,7,7966,买盘
1539,13:12:27,11.38,0.01,3,3414,买盘
1540,13:12:24,11.37,-0.02,37,42808,卖盘
1541,13:12:21,11.39,--,6,6834,买盘
1542,13:12:18,11.39,0.01,58,67178,买盘
1543,13:12:15,11.38,--,6,7715,买盘
1544,13:12:09,11.38,--,18,20484,买盘
1545,13:12:06,11.38,--,15,17070,买盘
1546,13:12:03,11.38,--,44,50322,卖盘
1547,13:11:57,11.38,-0.01,1,1138,卖盘
1548,13:11:54,11.39,0.01,7,7973,买盘
1549,13:11:42,11.38,-0.01,7,7966,卖盘
1550,13:11:39,11.39,--,41,46699,买盘
1551,13:11:33,11.39,0.01,1,1139,买盘
1552,13:11:30,11.38,-0.01,5,5690,卖盘
1553,13:11:24,11.39,0.01,2,2278,买盘
1554,13:11:21,11.38,--,41,46658,卖盘
1555,13:11:18,11.38,--,26,30395,卖盘
1556,13:11:15,11.38,-0.01,63,72740,卖盘
1557,13:11:12,11.39,0.01,4,4556,买盘
1558,13:10:54,11.38,-0.01,40,45520,卖盘
1559,13:10:51,11.39,0.01,1,1139,买盘
1560,13:10:42,11.38,--,4,4552,卖盘
1561,13:10:30,11.38,-0.01,1,1138,卖盘
1562,13:10:27,11.39,0.01,20,22780,买盘
1563,13:10:24,11.38,--,2,2276,卖盘
1564,13:10:21,11.38,-0.01,43,48968,卖盘
1565,13:10:15,11.39,--,120,137363,买盘
1566,13:10:12,11.39,--,71,80869,买盘
1567,13:10:09,11.39,0.01,2,2278,买盘
1568,13:10:06,11.38,-0.01,18,20484,卖盘
1569,13:09:57,11.39,--,10,11390,买盘
1570,13:09:54,11.39,--,4,4556,买盘
1571,13:09:51,11.39,0.01,4,4556,买盘
1572,13:09:48,11.38,-0.01,1,1138,卖盘
1573,13:09:45,11.39,--,46,52394,买盘
1574,13:09:39,11.39,--,1,1139,买盘
1575,13:09:36,11.39,--,10,11390,买盘
1576,13:09:27,11.39,0.01,1,1139,买盘
1577,13:09:21,11.38,--,40,45520,卖盘
1578,13:09:15,11.38,--,36,41423,卖盘
1579,13:09:12,11.38,-0.01,68,77645,卖盘
1580,13:09:09,11.39,--,6,6834,买盘
1581,13:09:03,11.39,0.01,18,20502,买盘
1582,13:09:00,11.38,-0.01,25,28450,卖盘
1583,13:08:57,11.39,--,1,1139,买盘
1584,13:08:54,11.39,--,1,1139,买盘
1585,13:08:42,11.39,--,5,5695,买盘
1586,13:08:36,11.39,0.01,25,28475,买盘
1587,13:08:30,11.38,--,1,1138,卖盘
1588,13:08:27,11.38,-0.01,1,1138,卖盘
1589,13:08:21,11.39,--,8,9112,买盘
1590,13:08:18,11.39,0.01,13,14807,买盘
1591,13:08:15,11.38,--,33,37997,卖盘
1592,13:08:12,11.38,--,59,67415,卖盘
1593,13:08:09,11.38,--,18,20484,卖盘
1594,13:08:06,11.38,--,9,10242,卖盘
1595,13:08:03,11.38,--,72,81936,卖盘
1596,13:08:00,11.38,-0.01,110,125180,卖盘
1597,13:07:57,11.39,--,13,14807,买盘
1598,13:07:51,11.39,0.01,27,30753,买盘
1599,13:07:48,11.38,-0.01,1,1138,卖盘
1600,13:07:45,11.39,--,8,9112,买盘
1601,13:07:42,11.39,--,23,26197,买盘
1602,13:07:33,11.39,--,20,22780,买盘
1603,13:07:27,11.39,--,6,6834,买盘
1604,13:07:24,11.39,0.01,9,10251,买盘
1605,13:07:21,11.38,-0.01,17,19346,卖盘
1606,13:07:18,11.39,--,10,11390,买盘
1607,13:07:12,11.39,0.01,40,45913,买盘
1608,13:07:09,11.38,--,111,126682,卖盘
1609,13:07:06,11.38,--,34,38692,卖盘
1610,13:07:00,11.38,--,1,1138,卖盘
1611,13:06:57,11.38,--,10,11380,卖盘
1612,13:06:54,11.38,-0.01,4,4552,卖盘
1613,13:06:51,11.39,--,20,22780,买盘
1614,13:06:48,11.39,0.01,3,3417,买盘
1615,13:06:45,11.38,--,7,7966,卖盘
1616,13:06:39,11.38,-0.01,9,10242,卖盘
1617,13:06:36,11.39,0.01,18,20502,买盘
1618,13:06:33,11.38,--,3,3414,卖盘
1619,13:06:30,11.38,-0.01,4,4552,卖盘
1620,13:06:24,11.39,--,23,26197,买盘
1621,13:06:21,11.39,--,15,17085,买盘
1622,13:06:18,11.39,--,4,4556,买盘
1623,13:06:12,11.39,0.01,14,15946,买盘
1624,13:06:09,11.38,--,27,30930,卖盘
1625,13:06:06,11.38,-0.01,65,74482,卖盘
1626,13:06:03,11.39,--,1,1139,买盘
1627,13:05:57,11.39,--,22,25058,买盘
1628,13:05:54,11.39,0.01,2,2278,买盘
1629,13:05:51,11.38,--,10,11380,卖盘
1630,13:05:45,11.38,--,127,144526,卖盘
1631,13:05:42,11.38,-0.01,2,2276,卖盘
1632,13:05:39,11.39,0.01,1,1139,买盘
1633,13:05:36,11.38,--,1,1138,卖盘
1634,13:05:21,11.38,-0.01,6,6828,卖盘
1635,13:05:18,11.39,0.01,4,4556,买盘
1636,13:05:12,11.38,0.01,113,128594,买盘
1637,13:05:09,11.37,--,82,93245,卖盘
1638,13:05:06,11.37,--,82,93938,卖盘
1639,13:05:03,11.37,-0.01,1,1137,卖盘
1640,13:05:00,11.38,--,7,7966,买盘
1641,13:04:57,11.38,--,50,56900,买盘
1642,13:04:54,11.38,--,45,51210,买盘
1643,13:04:51,11.38,--,1,1138,买盘
1644,13:04:48,11.38,--,15,17070,买盘
1645,13:04:39,11.38,0.01,40,45520,买盘
1646,13:04:36,11.37,--,85,96645,卖盘
1647,13:04:30,11.37,--,13,14780,卖盘
1648,13:04:27,11.37,--,72,81864,卖盘
1649,13:04:24,11.37,0.01,348,395676,买盘
1650,13:04:21,11.36,--,111,126096,买盘
1651,13:04:18,11.36,0.01,3,3408,买盘
1652,13:04:15,11.35,-0.02,1,1135,卖盘
1653,13:04:09,11.37,0.02,20,22740,买盘
1654,13:04:06,11.35,--,41,47352,卖盘
1655,13:04:03,11.35,-0.01,57,65727,卖盘
1656,13:03:57,11.36,--,33,37488,卖盘
1657,13:03:45,11.36,--,1,1136,卖盘
1658,13:03:42,11.36,--,69,79485,买盘
1659,13:03:30,11.36,--,10,11360,买盘
1660,13:03:27,11.36,0.01,50,56800,买盘
1661,13:03:24,11.35,--,11,12485,卖盘
1662,13:03:15,11.35,--,37,41995,卖盘
1663,13:03:12,11.35,-0.01,157,178195,中性盘
1664,13:03:06,11.36,0.02,247,280592,买盘
1665,13:03:03,11.34,-0.02,516,585472,卖盘
1666,13:03:00,11.36,0.01,7,7952,买盘
1667,13:02:57,11.35,-0.01,4,4540,卖盘
1668,13:02:54,11.36,--,15,17040,买盘
1669,13:02:51,11.36,0.01,1,1136,买盘
1670,13:02:45,11.35,-0.01,20,22700,卖盘
1671,13:02:42,11.36,--,20,22720,买盘
1672,13:02:33,11.36,--,10,11360,买盘
1673,13:02:30,11.36,--,474,538884,卖盘
1674,13:02:27,11.36,-0.01,77,87472,卖盘
1675,13:02:24,11.37,0.01,19,21603,买盘
1676,13:02:21,11.36,--,5,5680,卖盘
1677,13:02:18,11.36,--,1,1136,卖盘
1678,13:02:12,11.36,--,5,5680,卖盘
1679,13:02:06,11.36,--,33,37488,卖盘
1680,13:02:03,11.36,-0.01,33,37703,卖盘
1681,13:02:00,11.37,--,61,69857,买盘
1682,13:01:57,11.37,0.01,5,5685,买盘
1683,13:01:54,11.36,-0.01,14,15904,卖盘
1684,13:01:51,11.37,0.01,32,36384,中性盘
1685,13:01:27,11.36,-0.01,42,47712,卖盘
1686,13:01:24,11.37,0.01,2,2274,买盘
1687,13:01:21,11.36,--,63,71568,卖盘
1688,13:01:12,11.36,--,5,5680,卖盘
1689,13:01:06,11.36,0.01,5,5680,中性盘
1690,13:01:03,11.35,-0.01,29,33618,卖盘
1691,13:01:00,11.36,--,60,68171,卖盘
1692,13:00:57,11.36,--,18,20448,卖盘
1693,13:00:51,11.36,-0.02,10,11360,卖盘
1694,13:00:48,11.38,0.02,19,21622,买盘
1695,13:00:45,11.36,0.01,106,120416,买盘
1696,13:00:39,11.35,-0.01,5,5675,卖盘
1697,13:00:27,11.36,--,1,1136,买盘
1698,13:00:15,11.36,0.01,2,2272,买盘
1699,13:00:12,11.35,-0.01,55,62425,卖盘
1700,13:00:09,11.36,--,27,30672,卖盘
1701,13:00:06,11.36,0.01,96,109056,中性盘
1702,13:00:03,11.35,-0.01,1099,1248182,卖盘
1703,13:00:00,11.36,0.01,10,11360,买盘
1704,11:30:00,11.35,--,37,42040,卖盘
1705,11:29:57,11.35,-0.01,58,66499,卖盘
1706,11:29:54,11.36,--,12,13632,买盘
1707,11:29:51,11.36,--,247,280910,卖盘
1708,11:29:48,11.36,--,27,31183,卖盘
1709,11:29:45,11.36,--,44,50552,卖盘
1710,11:29:39,11.36,--,30,34080,卖盘
1711,11:29:30,11.36,--,10,11360,卖盘
1712,11:29:27,11.36,0.01,2038,2315565,买盘
1713,11:29:24,11.35,0.01,94,106690,买盘
1714,11:29:21,11.34,--,33,37422,卖盘
1715,11:29:18,11.34,--,51,57834,卖盘
1716,11:29:12,11.34,--,0,11,卖盘
1717,11:29:09,11.34,-0.01,31,36004,卖盘
1718,11:29:06,11.35,--,68,77270,卖盘
1719,11:29:03,11.35,--,89,101015,卖盘
1720,11:29:00,11.35,--,42,48010,卖盘
1721,11:28:57,11.35,--,80,91174,卖盘
1722,11:28:54,11.35,--,78,88530,卖盘
1723,11:28:51,11.35,-0.01,5,5675,卖盘
1724,11:28:48,11.36,--,5,6520,买盘
1725,11:28:39,11.36,0.01,8,9088,买盘
1726,11:28:33,11.35,-0.01,39,44265,卖盘
1727,11:28:30,11.36,0.01,10,11360,买盘
1728,11:28:24,11.35,-0.01,3,3405,卖盘
1729,11:28:21,11.36,0.01,31,35216,买盘
1730,11:28:18,11.35,--,32,36320,卖盘
1731,11:28:15,11.35,--,1,1135,卖盘
1732,11:28:12,11.35,--,26,30134,买盘
1733,11:28:09,11.35,--,2,2270,买盘
1734,11:28:06,11.35,--,12,13620,买盘
1735,11:28:03,11.35,--,9,10237,买盘
1736,11:28:00,11.35,-0.01,202,230121,卖盘
1737,11:27:57,11.36,0.01,10,11360,买盘
1738,11:27:54,11.35,--,58,66749,卖盘
1739,11:27:51,11.35,--,16,18160,买盘
1740,11:27:48,11.35,--,40,45400,卖盘
1741,11:27:45,11.35,-0.01,100,113500,卖盘
1742,11:27:42,11.36,--,13,14768,买盘
1743,11:27:39,11.36,0.01,38,43168,买盘
1744,11:27:27,11.35,--,11,12485,卖盘
1745,11:27:24,11.35,--,70,79450,卖盘
1746,11:27:21,11.35,--,41,46535,卖盘
1747,11:27:18,11.35,--,60,68100,卖盘
1748,11:27:15,11.35,--,17,19295,卖盘
1749,11:27:12,11.35,--,73,82945,买盘
1750,11:27:09,11.35,--,37,41995,买盘
1751,11:27:06,11.35,0.01,3,3405,买盘
1752,11:27:03,11.34,-0.01,227,257418,卖盘
1753,11:27:00,11.35,--,73,83536,买盘
1754,11:26:57,11.35,--,20,22700,买盘
1755,11:26:54,11.35,--,398,452808,卖盘
1756,11:26:48,11.35,--,75,85125,卖盘
1757,11:26:45,11.35,--,245,278131,买盘
1758,11:26:39,11.35,--,15,17025,买盘
1759,11:26:36,11.35,--,10,11350,买盘
1760,11:26:33,11.35,--,333,379033,卖盘
1761,11:26:30,11.35,--,44,49940,卖盘
1762,11:26:27,11.35,--,36,40860,卖盘
1763,11:26:24,11.35,-0.01,196,222936,卖盘
1764,11:26:21,11.36,-0.01,21,23856,卖盘
1765,11:26:18,11.37,0.01,110,125069,买盘
1766,11:26:12,11.36,--,7,7952,卖盘
1767,11:26:09,11.36,-0.01,15,17040,卖盘
1768,11:26:06,11.37,0.01,3,3410,买盘
1769,11:26:03,11.36,--,60,68160,卖盘
1770,11:25:57,11.36,--,34,39282,卖盘
1771,11:25:54,11.36,0.01,37,42032,买盘
1772,11:25:51,11.35,-0.01,65,73831,卖盘
1773,11:25:45,11.36,0.01,110,124960,买盘
1774,11:25:42,11.35,-0.01,1,1135,卖盘
1775,11:25:39,11.36,--,2,2272,买盘
1776,11:25:36,11.36,--,7,7952,买盘
1777,11:25:33,11.36,0.01,5,5680,买盘
1778,11:25:30,11.35,--,26,29510,卖盘
1779,11:25:27,11.35,-0.01,5,5675,卖盘
1780,11:25:24,11.36,0.01,305,346480,买盘
1781,11:25:18,11.35,--,220,250312,买盘
1782,11:25:15,11.35,0.01,13,14755,买盘
1783,11:25:12,11.34,-0.01,15,17010,卖盘
1784,11:25:09,11.35,0.02,81,91935,买盘
1785,11:25:06,11.33,-0.02,667,755711,卖盘
1786,11:25:03,11.35,0.02,11,12485,买盘
1787,11:25:00,11.33,-0.01,814,922262,卖盘
1788,11:24:57,11.34,--,41,46494,卖盘
1789,11:24:54,11.34,-0.01,36,41220,卖盘
1790,11:24:51,11.35,--,62,70687,买盘
1791,11:24:48,11.35,--,51,57885,买盘
1792,11:24:45,11.35,--,21,23835,买盘
1793,11:24:42,11.35,--,12,13620,买盘
1794,11:24:39,11.35,--,31,35185,买盘
1795,11:24:36,11.35,-0.01,389,442037,卖盘
1796,11:24:30,11.36,--,121,137456,买盘
1797,11:24:27,11.36,--,178,202208,卖盘
1798,11:24:24,11.36,0.01,119,135184,买盘
1799,11:24:21,11.35,--,10,11350,卖盘
1800,11:24:18,11.35,--,119,135065,卖盘
1801,11:24:15,11.35,-0.01,8,9080,卖盘
1802,11:24:12,11.36,0.01,5,5680,买盘
1803,11:24:06,11.35,-0.01,76,86260,卖盘
1804,11:24:03,11.36,--,210,238560,买盘
1805,11:24:00,11.36,--,4,4544,买盘
1806,11:23:57,11.36,--,53,60208,卖盘
1807,11:23:54,11.36,--,42,48325,买盘
1808,11:23:51,11.36,--,127,144374,买盘
1809,11:23:48,11.36,--,8,9088,买盘
1810,11:23:45,11.36,--,7,7952,中性盘
1811,11:23:42,11.36,-0.01,12,13632,卖盘
1812,11:23:39,11.37,0.01,50,56849,买盘
1813,11:23:36,11.36,-0.01,14,15904,卖盘
1814,11:23:33,11.37,0.01,520,591240,买盘
1815,11:23:30,11.36,--,100,113600,卖盘
1816,11:23:27,11.36,-0.01,245,278320,卖盘
1817,11:23:21,11.37,0.01,49,55712,买盘
1818,11:23:09,11.36,--,118,134048,卖盘
1819,11:23:06,11.36,--,11,12496,卖盘
1820,11:23:03,11.36,--,1102,1251872,卖盘
1821,11:23:00,11.36,--,61,69296,卖盘
1822,11:22:57,11.36,--,20,22720,卖盘
1823,11:22:54,11.36,--,78,89619,卖盘
1824,11:22:51,11.36,--,559,635024,卖盘
1825,11:22:48,11.36,-0.01,70,80360,卖盘
1826,11:22:39,11.37,--,7,7958,买盘
1827,11:22:36,11.37,-0.01,565,642405,中性盘
1828,11:22:24,11.38,--,15,17070,买盘
1829,11:22:15,11.38,--,30,34140,买盘
1830,11:22:12,11.38,--,10,11380,买盘
1831,11:22:09,11.38,0.01,513,583794,买盘
1832,11:22:06,11.37,--,70,80567,卖盘
1833,11:21:57,11.37,--,10,11370,卖盘
1834,11:21:54,11.37,0.02,430,489069,买盘
1835,11:21:51,11.35,0.01,163,185640,买盘
1836,11:21:48,11.34,--,76,86263,卖盘
1837,11:21:45,11.34,--,142,161028,卖盘
1838,11:21:42,11.34,--,94,106596,卖盘
1839,11:21:39,11.34,--,57,64638,卖盘
1840,11:21:36,11.34,-0.01,257,291438,卖盘
1841,11:21:33,11.35,0.01,139,157765,买盘
1842,11:21:30,11.34,--,67,75978,卖盘
1843,11:21:27,11.34,--,214,242676,卖盘
1844,11:21:24,11.34,-0.01,674,764429,卖盘
1845,11:21:21,11.35,0.01,50,56750,买盘
1846,11:21:18,11.34,--,49,55566,卖盘
1847,11:21:15,11.34,--,285,323190,卖盘
1848,11:21:12,11.34,-0.01,11,12474,卖盘
1849,11:21:06,11.35,--,15,17025,买盘
1850,11:21:03,11.35,-0.02,5833,6621431,卖盘
1851,11:21:00,11.37,--,8,9096,卖盘
1852,11:20:48,11.37,-0.03,7059,8027003,卖盘
1853,11:20:45,11.4,--,55,63634,买盘
1854,11:20:42,11.4,0.01,10,11400,买盘
1855,11:20:39,11.39,-0.01,26,29614,卖盘
1856,11:20:36,11.4,0.01,1,1140,买盘
1857,11:20:33,11.39,-0.01,12,13668,卖盘
1858,11:20:24,11.4,--,2,2280,买盘
1859,11:20:21,11.4,--,20,22800,买盘
1860,11:20:18,11.4,--,35,39900,买盘
1861,11:20:12,11.4,-0.01,1141,1301731,卖盘
1862,11:20:09,11.41,0.01,30,34230,买盘
1863,11:20:06,11.4,-0.01,33,37620,卖盘
1864,11:20:03,11.41,0.01,26,29666,买盘
1865,11:19:57,11.4,--,91,103740,卖盘
1866,11:19:54,11.4,--,14,15960,卖盘
1867,11:19:51,11.4,--,118,134520,卖盘
1868,11:19:45,11.4,--,66,75684,卖盘
1869,11:19:42,11.4,--,57,65253,卖盘
1870,11:19:39,11.4,--,5,5700,卖盘
1871,11:19:33,11.4,-0.01,11,12540,卖盘
1872,11:19:30,11.41,0.01,10,11410,买盘
1873,11:19:21,11.4,--,11,12540,卖盘
1874,11:19:15,11.4,-0.01,4,4560,卖盘
1875,11:19:09,11.41,--,5,5705,买盘
1876,11:19:06,11.41,--,7,7987,买盘
1877,11:19:03,11.41,--,1,1141,买盘
1878,11:18:57,11.41,0.01,101,115241,买盘
1879,11:18:51,11.4,-0.01,26,29640,卖盘
1880,11:18:48,11.41,0.01,10,11410,买盘
1881,11:18:45,11.4,--,40,46158,卖盘
1882,11:18:42,11.4,--,10,11400,卖盘
1883,11:18:39,11.4,--,70,79959,卖盘
1884,11:18:30,11.4,--,5,5700,卖盘
1885,11:18:24,11.4,--,88,100320,卖盘
1886,11:18:18,11.4,-0.01,176,200640,卖盘
1887,11:18:15,11.41,--,64,73024,买盘
1888,11:18:06,11.41,--,45,51345,买盘
1889,11:18:03,11.41,--,6,6846,买盘
1890,11:18:00,11.41,--,3,3423,买盘
1891,11:17:57,11.41,0.01,10,11410,买盘
1892,11:17:51,11.4,--,22,25080,卖盘
1893,11:17:45,11.4,--,20,22800,卖盘
1894,11:17:42,11.4,--,25,29548,卖盘
1895,11:17:39,11.4,-0.01,63,72629,卖盘
1896,11:17:33,11.41,0.01,15,17115,买盘
1897,11:17:27,11.4,-0.01,8,9120,卖盘
1898,11:17:24,11.41,--,87,99267,买盘
1899,11:17:21,11.41,--,8,9128,买盘
1900,11:17:15,11.41,--,3,3423,买盘
1901,11:16:54,11.41,--,14,15974,买盘
1902,11:16:51,11.41,--,1,1141,买盘
1903,11:16:48,11.41,0.01,40,45640,买盘
1904,11:16:42,11.4,--,32,36480,卖盘
1905,11:16:39,11.4,-0.01,89,102178,卖盘
1906,11:16:33,11.41,--,22,25102,买盘
1907,11:16:30,11.41,0.01,41,46781,买盘
1908,11:16:27,11.4,-0.01,7,7980,卖盘
1909,11:16:24,11.41,--,15,17115,买盘
1910,11:16:18,11.41,0.01,75,85575,买盘
1911,11:16:15,11.4,-0.01,85,96900,卖盘
1912,11:16:12,11.41,--,7,7987,买盘
1913,11:16:09,11.41,--,69,78729,买盘
1914,11:16:06,11.41,--,21,23961,买盘
1915,11:16:00,11.41,0.01,14,15974,买盘
1916,11:15:57,11.4,-0.01,51,58140,卖盘
1917,11:15:51,11.41,0.01,4,4564,买盘
1918,11:15:45,11.4,--,44,50160,卖盘
1919,11:15:39,11.4,-0.01,35,40105,卖盘
1920,11:15:36,11.41,0.01,89,102062,买盘
1921,11:15:30,11.4,--,40,45600,卖盘
1922,11:15:27,11.4,--,30,34200,卖盘
1923,11:15:21,11.4,--,90,102600,卖盘
1924,11:15:18,11.4,-0.01,1,1140,卖盘
1925,11:15:15,11.41,0.01,5,5705,买盘
1926,11:15:12,11.4,--,37,42180,卖盘
1927,11:15:06,11.4,-0.01,8,9120,卖盘
1928,11:15:03,11.41,--,61,69601,买盘
1929,11:14:51,11.41,--,20,22820,买盘
1930,11:14:48,11.41,0.01,18,20538,买盘
1931,11:14:39,11.4,--,33,37916,卖盘
1932,11:14:33,11.4,--,61,69961,卖盘
1933,11:14:21,11.4,-0.01,113,128820,卖盘
1934,11:14:18,11.41,0.01,10,11410,买盘
1935,11:14:12,11.4,-0.01,9,10260,卖盘
1936,11:14:03,11.41,--,6,6846,买盘
1937,11:13:57,11.41,--,7,7987,买盘
1938,11:13:54,11.41,--,191,217931,买盘
1939,11:13:51,11.41,--,54,61614,买盘
1940,11:13:48,11.41,--,13,14833,买盘
1941,11:13:42,11.41,0.01,10,11410,买盘
1942,11:13:36,11.4,--,39,45577,卖盘
1943,11:13:33,11.4,-0.01,159,182001,卖盘
1944,11:13:30,11.41,--,15,17115,买盘
1945,11:13:24,11.41,--,45,51345,买盘
1946,11:13:18,11.41,0.01,50,57050,买盘
1947,11:13:12,11.4,--,44,50160,卖盘
1948,11:13:06,11.4,-0.01,14,15960,卖盘
1949,11:13:03,11.41,0.01,33,37653,买盘
1950,11:12:57,11.4,--,5,5700,卖盘
1951,11:12:54,11.4,-0.01,262,298680,卖盘
1952,11:12:51,11.41,0.01,10,11410,买盘
1953,11:12:45,11.4,--,2,2280,卖盘
1954,11:12:42,11.4,--,9,10260,卖盘
1955,11:12:39,11.4,--,3,3420,卖盘
1956,11:12:33,11.4,--,42,48780,卖盘
1957,11:12:30,11.4,-0.01,56,64797,卖盘
1958,11:12:18,11.41,0.01,70,79870,买盘
1959,11:12:15,11.4,--,22,25080,卖盘
1960,11:12:12,11.4,--,10,11400,卖盘
1961,11:12:06,11.4,-0.01,25,28500,卖盘
1962,11:12:03,11.41,--,2,2282,买盘
1963,11:12:00,11.41,--,3,3423,买盘
1964,11:11:51,11.41,0.01,20,22820,买盘
1965,11:11:48,11.4,-0.01,5,5700,卖盘
1966,11:11:45,11.41,0.01,82,93562,买盘
1967,11:11:39,11.4,-0.01,21,23940,卖盘
1968,11:11:36,11.41,0.01,43,49063,买盘
1969,11:11:33,11.4,-0.01,95,109143,卖盘
1970,11:11:30,11.41,--,339,387095,卖盘
1971,11:11:27,11.41,--,19,21679,卖盘
1972,11:11:21,11.41,--,22,25102,卖盘
1973,11:11:18,11.41,--,32,36512,卖盘
1974,11:11:15,11.41,--,53,60473,卖盘
1975,11:11:12,11.41,--,5,5705,卖盘
1976,11:11:06,11.41,--,156,177996,卖盘
1977,11:11:00,11.41,--,33,37653,卖盘
1978,11:10:57,11.41,--,188,214508,卖盘
1979,11:10:48,11.41,-0.01,795,907095,卖盘
1980,11:10:45,11.42,--,119,136925,卖盘
1981,11:10:42,11.42,-0.01,118,134756,卖盘
1982,11:10:39,11.43,--,63,72009,买盘
1983,11:10:36,11.43,0.01,295,337185,买盘
1984,11:10:33,11.42,--,22,25660,卖盘
1985,11:10:30,11.42,--,93,106468,卖盘
1986,11:10:21,11.42,-0.01,224,255808,卖盘
1987,11:10:18,11.43,--,31,35433,买盘
1988,11:10:15,11.43,0.01,10,11430,买盘
1989,11:10:09,11.42,-0.01,90,102780,卖盘
1990,11:09:57,11.43,--,29,33147,买盘
1991,11:09:48,11.43,0.01,49,56007,买盘
1992,11:09:39,11.42,-0.01,32,36544,卖盘
1993,11:09:33,11.43,0.01,9,10287,买盘
1994,11:09:30,11.42,--,28,32581,卖盘
1995,11:09:27,11.42,--,46,52726,卖盘
1996,11:09:21,11.42,--,1,1142,卖盘
1997,11:09:12,11.42,-0.01,1,1142,卖盘
1998,11:09:09,11.43,--,10,11430,买盘
1999,11:09:06,11.43,0.01,10,11430,买盘
2000,11:09:00,11.42,--,2,2284,卖盘
2001,11:08:57,11.42,-0.01,3,3426,卖盘
2002,11:08:54,11.43,--,3,3429,买盘
2003,11:08:51,11.43,0.01,10,11430,买盘
2004,11:08:48,11.42,-0.01,32,36544,卖盘
2005,11:08:45,11.43,--,10,11430,买盘
2006,11:08:39,11.43,0.01,53,60579,买盘
2007,11:08:36,11.42,-0.01,38,43396,卖盘
2008,11:08:30,11.43,0.01,50,57424,买盘
2009,11:08:27,11.42,-0.01,88,101021,卖盘
2010,11:08:24,11.43,--,117,133731,买盘
2011,11:08:21,11.43,--,10,11430,买盘
2012,11:08:18,11.43,0.01,37,42291,买盘
2013,11:08:15,11.42,-0.01,63,71946,卖盘
2014,11:08:12,11.43,--,1,1143,买盘
2015,11:08:09,11.43,--,44,50292,买盘
2016,11:08:03,11.43,--,10,11430,买盘
2017,11:08:00,11.43,--,33,37719,买盘
2018,11:07:57,11.43,-0.01,50,57150,中性盘
2019,11:07:48,11.44,0.02,13,14872,买盘
2020,11:07:45,11.42,-0.02,14,15988,卖盘
2021,11:07:42,11.44,--,8,9152,买盘
2022,11:07:39,11.44,0.02,8,9152,买盘
2023,11:07:33,11.42,--,154,175868,卖盘
2024,11:07:27,11.42,-0.01,74,85307,卖盘
2025,11:07:24,11.43,--,18,20574,买盘
2026,11:07:21,11.43,0.01,19,21717,买盘
2027,11:07:18,11.42,-0.01,8,9136,卖盘
2028,11:07:15,11.43,--,10,11430,买盘
2029,11:07:12,11.43,--,20,22860,买盘
2030,11:07:09,11.43,0.01,47,53721,买盘
2031,11:07:00,11.42,--,48,54816,卖盘
2032,11:06:57,11.42,-0.01,60,68520,卖盘
2033,11:06:54,11.43,--,100,114300,买盘
2034,11:06:48,11.43,--,4,4572,买盘
2035,11:06:45,11.43,--,20,22860,买盘
2036,11:06:42,11.43,0.01,10,11430,买盘
2037,11:06:39,11.42,--,30,34260,卖盘
2038,11:06:36,11.42,-0.01,5,5710,卖盘
2039,11:06:33,11.43,0.01,3,3429,买盘
2040,11:06:27,11.42,--,28,32626,卖盘
2041,11:06:24,11.42,--,75,85798,卖盘
2042,11:06:21,11.42,--,18,20556,卖盘
2043,11:06:18,11.42,--,33,37686,卖盘
2044,11:06:15,11.42,-0.01,5,5710,卖盘
2045,11:06:12,11.43,--,8,9144,买盘
2046,11:06:06,11.43,--,1,1143,买盘
2047,11:06:03,11.43,-0.01,97,111648,卖盘
2048,11:05:57,11.44,--,9,10296,买盘
2049,11:05:54,11.44,--,7,8008,买盘
2050,11:05:51,11.44,0.01,8,9152,买盘
2051,11:05:48,11.43,-0.01,52,59436,卖盘
2052,11:05:45,11.44,0.01,8,9152,买盘
2053,11:05:33,11.43,--,30,34290,卖盘
2054,11:05:30,11.43,--,34,38862,卖盘
2055,11:05:27,11.43,--,242,277303,买盘
2056,11:05:24,11.43,0.01,8,9144,买盘
2057,11:05:21,11.42,--,57,65562,卖盘
2058,11:05:09,11.42,-0.01,319,364298,卖盘
2059,11:05:06,11.43,0.01,1,1143,买盘
2060,11:05:03,11.42,-0.01,16,18272,卖盘
2061,11:05:00,11.43,--,1,1143,买盘
2062,11:04:57,11.43,--,18,20574,买盘
2063,11:04:54,11.43,--,22,25146,买盘
2064,11:04:51,11.43,0.01,23,26289,买盘
2065,11:04:45,11.42,--,5,5710,卖盘
2066,11:04:42,11.42,--,36,41112,卖盘
2067,11:04:39,11.42,--,15,17130,卖盘
2068,11:04:36,11.42,--,35,39970,卖盘
2069,11:04:33,11.42,0.01,295,336890,买盘
2070,11:04:30,11.41,--,31,35371,卖盘
2071,11:04:27,11.41,-0.01,22,25159,卖盘
2072,11:04:21,11.42,0.01,10,11420,买盘
2073,11:04:18,11.41,-0.01,52,60073,卖盘
2074,11:04:15,11.42,--,10,11420,买盘
2075,11:04:12,11.42,--,100,114200,卖盘
2076,11:04:09,11.42,-0.01,56,63952,卖盘
2077,11:04:06,11.43,0.01,1,1143,买盘
2078,11:04:03,11.42,-0.01,36,41112,卖盘
2079,11:04:00,11.43,0.01,35,40005,买盘
2080,11:03:54,11.42,--,9,10278,买盘
2081,11:03:51,11.42,--,5,5710,买盘
2082,11:03:48,11.42,-0.01,75,85650,卖盘
2083,11:03:30,11.43,0.02,1,1143,买盘
2084,11:03:27,11.41,-0.02,31,36443,卖盘
2085,11:03:24,11.43,0.02,14,16002,买盘
2086,11:03:18,11.41,--,47,54494,卖盘
2087,11:03:15,11.41,--,135,154035,卖盘
2088,11:02:57,11.41,--,32,36512,卖盘
2089,11:02:54,11.41,--,34,38794,卖盘
2090,11:02:51,11.41,--,2,2282,卖盘
2091,11:02:48,11.41,--,6,6846,卖盘
2092,11:02:42,11.41,--,11,12551,卖盘
2093,11:02:39,11.41,--,27,30807,卖盘
2094,11:02:36,11.41,--,9,10269,卖盘
2095,11:02:33,11.41,--,19,21679,卖盘
2096,11:02:27,11.41,--,15,17115,卖盘
2097,11:02:21,11.41,--,24,27897,卖盘
2098,11:02:18,11.41,-0.02,51,58476,卖盘
2099,11:02:15,11.43,0.01,1,1143,买盘
2100,11:02:06,11.42,--,32,36544,卖盘
2101,11:02:03,11.42,0.01,7,7994,中性盘
2102,11:02:00,11.41,--,71,81011,卖盘
2103,11:01:54,11.41,-0.01,38,43358,卖盘
2104,11:01:45,11.42,--,15,17130,卖盘
2105,11:01:42,11.42,0.01,15,17130,买盘
2106,11:01:36,11.41,-0.01,15,17115,卖盘
2107,11:01:33,11.42,0.01,185,211270,中性盘
2108,11:01:21,11.41,--,30,34423,卖盘
2109,11:01:18,11.41,--,1,1141,卖盘
2110,11:01:15,11.41,-0.02,104,119268,卖盘
2111,11:01:12,11.43,0.01,63,72009,买盘
2112,11:01:06,11.42,-0.01,16,18272,卖盘
2113,11:01:03,11.43,0.01,27,31089,买盘
2114,11:00:57,11.42,0.01,14,15988,买盘
2115,11:00:51,11.41,-0.01,54,61614,卖盘
2116,11:00:48,11.42,0.01,1,1142,买盘
2117,11:00:45,11.41,--,28,31948,卖盘
2118,11:00:39,11.41,--,5,5705,卖盘
2119,11:00:33,11.41,--,13,14833,卖盘
2120,11:00:30,11.41,-0.01,96,109536,卖盘
2121,11:00:27,11.42,--,45,51390,买盘
2122,11:00:21,11.42,--,20,22840,买盘
2123,11:00:18,11.42,0.01,66,75668,买盘
2124,11:00:15,11.41,-0.01,94,107756,卖盘
2125,11:00:12,11.42,--,5,5710,买盘
2126,11:00:06,11.42,--,8,9136,买盘
2127,11:00:03,11.42,0.01,30,34260,买盘
2128,10:59:57,11.41,-0.01,67,76447,卖盘
2129,10:59:48,11.42,0.01,4,4568,买盘
2130,10:59:42,11.41,--,11,12551,卖盘
2131,10:59:36,11.41,--,32,36512,卖盘
2132,10:59:33,11.41,-0.01,5,5705,中性盘
2133,10:59:24,11.42,0.02,26,29692,买盘
2134,10:59:18,11.4,--,25,29241,卖盘
2135,10:59:12,11.4,-0.01,49,55917,卖盘
2136,10:59:09,11.41,--,4,4564,卖盘
2137,10:59:06,11.41,--,1,1141,卖盘
2138,10:59:03,11.41,0.01,55,62755,买盘
2139,10:59:00,11.4,--,38,43320,卖盘
2140,10:58:57,11.4,-0.01,27,30780,卖盘
2141,10:58:54,11.41,--,33,37653,买盘
2142,10:58:51,11.41,0.01,55,62755,买盘
2143,10:58:45,11.4,--,32,36480,卖盘
2144,10:58:42,11.4,--,28,31920,卖盘
2145,10:58:27,11.4,--,29,33060,卖盘
2146,10:58:24,11.4,--,5,5700,卖盘
2147,10:58:18,11.4,--,16,18240,卖盘
2148,10:58:15,11.4,--,46,53101,卖盘
2149,10:58:12,11.4,-0.01,47,53716,卖盘
2150,10:58:09,11.41,0.01,36,41076,买盘
2151,10:58:03,11.4,--,1,1140,卖盘
2152,10:57:54,11.4,-0.01,32,36480,卖盘
2153,10:57:45,11.41,--,1,1141,买盘
2154,10:57:36,11.41,0.01,10,11410,中性盘
2155,10:57:33,11.4,-0.01,19,21660,卖盘
2156,10:57:21,11.41,0.01,4,4564,买盘
2157,10:57:18,11.4,--,61,70292,卖盘
2158,10:57:15,11.4,--,14,15960,卖盘
2159,10:57:12,11.4,-0.01,55,62745,卖盘
2160,10:57:09,11.41,0.01,14,15974,中性盘
2161,10:57:06,11.4,-0.02,82,93480,卖盘
2162,10:57:03,11.42,0.01,7,7994,买盘
2163,10:57:00,11.41,--,31,35371,卖盘
2164,10:56:57,11.41,-0.01,209,238469,卖盘
2165,10:56:54,11.42,0.01,10,11420,买盘
2166,10:56:45,11.41,--,209,238469,卖盘
2167,10:56:42,11.41,--,6,6846,卖盘
2168,10:56:39,11.41,--,250,285250,卖盘
2169,10:56:36,11.41,-0.01,105,119805,卖盘
2170,10:56:33,11.42,0.01,1,1142,买盘
2171,10:56:30,11.41,--,122,139202,卖盘
2172,10:56:24,11.41,--,120,136920,卖盘
2173,10:56:21,11.41,--,2,2282,卖盘
2174,10:56:15,11.41,--,52,59332,卖盘
2175,10:56:12,11.41,--,31,36192,卖盘
2176,10:56:09,11.41,-0.01,52,60450,卖盘
2177,10:56:06,11.42,--,1,1142,买盘
2178,10:56:00,11.42,--,5,5710,买盘
2179,10:55:57,11.42,0.01,20,22840,买盘
2180,10:55:54,11.41,--,10,11410,卖盘
2181,10:55:48,11.41,-0.02,1,1141,卖盘
2182,10:55:45,11.43,0.02,52,59436,买盘
2183,10:55:42,11.41,-0.02,20,22820,卖盘
2184,10:55:36,11.43,0.01,12,13716,买盘
2185,10:55:33,11.42,--,17,19414,卖盘
2186,10:55:30,11.42,--,30,34260,买盘
2187,10:55:27,11.42,0.01,70,79940,买盘
2188,10:55:24,11.41,--,73,83293,卖盘
2189,10:55:12,11.41,--,25,28627,卖盘
2190,10:55:09,11.41,0.01,5,5705,买盘
2191,10:55:06,11.4,-0.01,51,58835,卖盘
2192,10:55:03,11.41,--,26,29666,买盘
2193,10:55:00,11.41,--,48,54768,买盘
2194,10:54:57,11.41,0.01,30,34230,买盘
2195,10:54:54,11.4,--,19,21660,卖盘
2196,10:54:51,11.4,-0.01,21,23940,卖盘
2197,10:54:48,11.41,--,10,11410,卖盘
2198,10:54:45,11.41,-0.01,10,11410,卖盘
2199,10:54:39,11.42,0.01,9,10278,中性盘
2200,10:54:33,11.41,-0.01,32,36512,卖盘
2201,10:54:27,11.42,0.02,1,1142,中性盘
2202,10:54:24,11.4,-0.01,2000,2280000,卖盘
2203,10:54:18,11.41,--,28,31948,卖盘
2204,10:54:09,11.41,-0.01,130,148581,卖盘
2205,10:54:06,11.42,--,45,51938,卖盘
2206,10:54:03,11.42,-0.01,34,38828,卖盘
2207,10:54:00,11.43,0.01,4,4572,买盘
2208,10:53:57,11.42,--,30,34260,卖盘
2209,10:53:54,11.42,--,5,5710,卖盘
2210,10:53:51,11.42,--,110,125620,卖盘
2211,10:53:42,11.42,--,37,42254,卖盘
2212,10:53:30,11.42,-0.01,11,12562,卖盘
2213,10:53:24,11.43,0.01,5,5715,买盘
2214,10:53:15,11.42,-0.01,9,10278,卖盘
2215,10:53:12,11.43,0.01,267,305181,买盘
2216,10:53:06,11.42,-0.01,27,31793,卖盘
2217,10:53:03,11.43,--,48,55846,买盘
2218,10:52:54,11.43,0.01,15,17145,买盘
2219,10:52:51,11.42,-0.01,37,42254,卖盘
2220,10:52:48,11.43,--,35,40005,买盘
2221,10:52:42,11.43,0.01,4,4572,买盘
2222,10:52:39,11.42,--,50,57100,卖盘
2223,10:52:36,11.42,--,1,1142,卖盘
2224,10:52:33,11.42,--,10,11420,卖盘
2225,10:52:30,11.42,-0.01,50,57100,卖盘
2226,10:52:24,11.43,0.01,39,44577,买盘
2227,10:52:21,11.42,-0.01,34,38828,卖盘
2228,10:52:12,11.43,--,7,8001,买盘
2229,10:52:09,11.43,--,36,41148,买盘
2230,10:52:06,11.43,0.01,105,120655,买盘
2231,10:52:03,11.42,-0.01,108,123495,卖盘
2232,10:51:48,11.43,--,12,13716,买盘
2233,10:51:45,11.43,0.01,4,4572,买盘
2234,10:51:42,11.42,--,45,51390,卖盘
2235,10:51:39,11.42,--,5,5710,卖盘
2236,10:51:36,11.42,-0.01,39,44538,卖盘
2237,10:51:27,11.43,--,75,85725,买盘
2238,10:51:24,11.43,--,8,9144,买盘
2239,10:51:21,11.43,--,20,22860,买盘
2240,10:51:18,11.43,--,27,30861,买盘
2241,10:51:15,11.43,0.01,76,86868,买盘
2242,10:51:12,11.42,--,31,35402,卖盘
2243,10:51:09,11.42,-0.01,25,28550,卖盘
2244,10:51:06,11.43,--,39,44668,买盘
2245,10:51:03,11.43,-0.01,184,210654,卖盘
2246,10:51:00,11.44,--,30,34320,买盘
2247,10:50:54,11.44,0.01,68,77792,买盘
2248,10:50:51,11.43,--,2,2286,卖盘
2249,10:50:48,11.43,--,50,57150,卖盘
2250,10:50:45,11.43,--,46,52578,卖盘
2251,10:50:42,11.43,-0.01,30,34290,卖盘
2252,10:50:39,11.44,0.01,7,8008,买盘
2253,10:50:36,11.43,--,5,5715,卖盘
2254,10:50:33,11.43,-0.01,15,17145,卖盘
2255,10:50:27,11.44,--,100,114400,买盘
2256,10:50:24,11.44,0.01,10,11440,买盘
2257,10:50:21,11.43,--,32,36576,卖盘
2258,10:50:09,11.43,-0.01,16,18288,卖盘
2259,10:50:06,11.44,0.01,9,10296,买盘
2260,10:50:03,11.43,--,29,33661,卖盘
2261,10:50:00,11.43,--,69,79152,卖盘
2262,10:49:48,11.43,-0.01,1,1143,卖盘
2263,10:49:39,11.44,0.01,10,11440,买盘
2264,10:49:36,11.43,0.01,46,52578,买盘
2265,10:49:33,11.42,--,58,66236,卖盘
2266,10:49:30,11.42,-0.01,5,5710,卖盘
2267,10:49:27,11.43,0.01,10,11430,买盘
2268,10:49:21,11.42,-0.01,1,1142,卖盘
2269,10:49:18,11.43,0.01,41,46863,买盘
2270,10:49:15,11.42,-0.01,1,1142,卖盘
2271,10:49:06,11.43,--,10,11430,买盘
2272,10:49:03,11.43,0.01,71,81153,买盘
2273,10:49:00,11.42,--,43,49322,卖盘
2274,10:48:57,11.42,-0.01,46,53114,卖盘
2275,10:48:48,11.43,--,47,53721,卖盘
2276,10:48:45,11.43,--,32,36576,卖盘
2277,10:48:36,11.43,-0.01,1,1143,卖盘
2278,10:48:33,11.44,--,35,40040,买盘
2279,10:48:24,11.44,0.02,63,72072,买盘
2280,10:48:21,11.42,-0.01,94,107348,卖盘
2281,10:48:18,11.43,--,10,11430,买盘
2282,10:48:09,11.43,0.01,30,34290,买盘
2283,10:48:06,11.42,--,37,42254,卖盘
2284,10:47:57,11.42,--,74,85307,卖盘
2285,10:47:48,11.42,--,27,30834,卖盘
2286,10:47:45,11.42,--,146,167531,买盘
2287,10:47:42,11.42,--,52,59384,买盘
2288,10:47:39,11.42,--,20,22840,买盘
2289,10:47:36,11.42,--,17,19414,买盘
2290,10:47:33,11.42,0.01,96,109632,买盘
2291,10:47:21,11.41,--,75,85575,卖盘
2292,10:47:18,11.41,-0.01,5,5705,卖盘
2293,10:47:15,11.42,--,15,17130,买盘
2294,10:47:12,11.42,--,41,46822,买盘
2295,10:47:09,11.42,0.01,101,115342,买盘
2296,10:47:06,11.41,-0.01,70,79870,卖盘
2297,10:47:03,11.42,--,101,115342,买盘
2298,10:47:00,11.42,0.01,37,42254,买盘
2299,10:46:57,11.41,-0.01,85,97783,卖盘
2300,10:46:54,11.42,--,36,41112,买盘
2301,10:46:51,11.42,--,17,19414,买盘
2302,10:46:42,11.42,--,2,2284,买盘
2303,10:46:36,11.42,--,11,12562,买盘
2304,10:46:33,11.42,0.01,25,28550,买盘
2305,10:46:18,11.41,--,20,22820,卖盘
2306,10:46:15,11.41,-0.01,31,35371,卖盘
2307,10:46:09,11.42,0.01,81,92502,买盘
2308,10:46:06,11.41,0.01,20,22842,中性盘
2309,10:46:00,11.4,--,11,12540,卖盘
2310,10:45:57,11.4,-0.01,84,96729,卖盘
2311,10:45:54,11.41,-0.01,76,87685,卖盘
2312,10:45:48,11.42,--,37,42254,买盘
2313,10:45:45,11.42,0.02,14,15988,买盘
2314,10:45:36,11.4,--,15,17100,卖盘
2315,10:45:27,11.4,-0.02,1,1140,卖盘
2316,10:45:24,11.42,0.01,16,18272,买盘
2317,10:45:21,11.41,0.01,22,25102,买盘
2318,10:45:18,11.4,-0.01,95,108300,卖盘
2319,10:45:15,11.41,--,140,159740,买盘
2320,10:45:09,11.41,--,60,68460,买盘
2321,10:45:06,11.41,--,15,17115,买盘
2322,10:45:03,11.41,--,123,140343,买盘
2323,10:45:00,11.41,--,21,23961,买盘
2324,10:44:57,11.41,0.01,123,140343,买盘
2325,10:44:54,11.4,--,81,93138,卖盘
2326,10:44:48,11.4,-0.01,7,7980,卖盘
2327,10:44:45,11.41,--,29,33089,买盘
2328,10:44:39,11.41,--,10,11410,买盘
2329,10:44:36,11.41,--,17,19397,买盘
2330,10:44:33,11.41,0.01,1,1141,买盘
2331,10:44:30,11.4,--,38,43320,卖盘
2332,10:44:27,11.4,-0.01,26,29640,卖盘
2333,10:44:24,11.41,0.01,22,25102,买盘
2334,10:44:18,11.4,--,71,80940,卖盘
2335,10:44:03,11.4,--,13,14820,卖盘
2336,10:44:00,11.4,--,9,11274,买盘
2337,10:43:57,11.4,--,101,115265,卖盘
2338,10:43:54,11.4,0.01,72,83094,中性盘
2339,10:43:51,11.39,-0.01,1521,1732658,卖盘
2340,10:43:48,11.4,-0.01,65,74100,卖盘
2341,10:43:45,11.41,--,57,65037,买盘
2342,10:43:42,11.41,0.01,5,5705,买盘
2343,10:43:36,11.4,-0.01,26,29640,卖盘
2344,10:43:33,11.41,--,20,22820,买盘
2345,10:43:27,11.41,0.01,77,87857,买盘
2346,10:43:24,11.4,--,25,28500,卖盘
2347,10:43:21,11.4,-0.01,11,12540,卖盘
2348,10:43:18,11.41,--,34,38794,买盘
2349,10:43:06,11.41,--,19,21679,买盘
2350,10:43:03,11.41,--,40,45640,买盘
2351,10:42:57,11.41,--,10,11410,买盘
2352,10:42:54,11.41,0.01,82,93858,买盘
2353,10:42:51,11.4,--,49,56361,卖盘
2354,10:42:48,11.4,--,26,29640,卖盘
2355,10:42:45,11.4,--,20,22800,卖盘
2356,10:42:42,11.4,-0.01,44,50160,卖盘
2357,10:42:39,11.41,--,165,188265,买盘
2358,10:42:33,11.41,0.01,16,18256,买盘
2359,10:42:30,11.4,-0.01,130,148200,卖盘
2360,10:42:27,11.41,0.01,15,17115,买盘
2361,10:42:18,11.4,-0.01,30,34200,卖盘
2362,10:42:15,11.41,--,29,33089,买盘
2363,10:42:12,11.41,0.01,40,45640,买盘
2364,10:42:09,11.4,-0.01,70,79800,卖盘
2365,10:42:03,11.41,0.01,48,54768,买盘
2366,10:42:00,11.4,--,66,75240,卖盘
2367,10:41:51,11.4,--,29,33618,卖盘
2368,10:41:48,11.4,--,55,62939,卖盘
2369,10:41:45,11.4,--,6,7752,卖盘
2370,10:41:39,11.4,--,3,3420,卖盘
2371,10:41:33,11.4,--,5,5700,卖盘
2372,10:41:27,11.4,0.01,23,26220,买盘
2373,10:41:24,11.39,-0.01,5,5695,卖盘
2374,10:41:21,11.4,0.01,25,28500,买盘
2375,10:41:18,11.39,-0.01,230,261970,卖盘
2376,10:41:15,11.4,0.01,66,75240,中性盘
2377,10:41:09,11.39,-0.01,25,28475,卖盘
2378,10:41:06,11.4,--,49,55860,买盘
2379,10:41:00,11.4,--,12,13680,买盘
2380,10:40:51,11.4,0.01,203,231796,买盘
2381,10:40:48,11.39,-0.01,166,189495,卖盘
2382,10:40:45,11.4,0.01,136,155040,买盘
2383,10:40:39,11.39,--,2,2278,卖盘
2384,10:40:33,11.39,-0.01,872,993208,卖盘
2385,10:40:30,11.4,0.01,55,62700,买盘
2386,10:40:27,11.39,-0.01,405,461295,卖盘
2387,10:40:24,11.4,--,4,4560,买盘
2388,10:40:18,11.4,--,46,52440,买盘
2389,10:40:12,11.4,0.01,407,463980,买盘
2390,10:40:09,11.39,-0.01,91,103649,卖盘
2391,10:40:06,11.4,0.01,73,83220,买盘
2392,10:40:03,11.39,--,48,54672,卖盘
2393,10:40:00,11.39,--,196,223244,卖盘
2394,10:39:48,11.39,--,210,239987,卖盘
2395,10:39:45,11.39,--,59,67201,卖盘
2396,10:39:42,11.39,--,9,10251,卖盘
2397,10:39:36,11.39,--,30,34170,卖盘
2398,10:39:30,11.39,--,295,336005,卖盘
2399,10:39:27,11.39,--,325,370175,卖盘
2400,10:39:24,11.39,-0.01,30,34170,卖盘
2401,10:39:21,11.4,0.01,24,27360,买盘
2402,10:39:18,11.39,--,305,347395,卖盘
2403,10:39:15,11.39,--,25,28475,卖盘
2404,10:39:12,11.39,-0.01,18,20502,卖盘
2405,10:39:09,11.4,0.01,11,12540,买盘
2406,10:39:06,11.39,-0.01,100,113900,卖盘
2407,10:39:03,11.4,--,1,1140,买盘
2408,10:38:57,11.4,--,6,6840,买盘
2409,10:38:54,11.4,--,3,3420,买盘
2410,10:38:51,11.4,0.01,6,6840,买盘
2411,10:38:48,11.39,--,31,35388,卖盘
2412,10:38:45,11.39,--,50,57667,卖盘
2413,10:38:42,11.39,--,13,14807,卖盘
2414,10:38:39,11.39,--,120,136680,卖盘
2415,10:38:36,11.39,--,56,63784,卖盘
2416,10:38:33,11.39,--,101,115039,卖盘
2417,10:38:30,11.39,--,50,56950,卖盘
2418,10:38:27,11.39,--,129,146931,卖盘
2419,10:38:24,11.39,--,154,175406,买盘
2420,10:38:21,11.39,--,37,42143,买盘
2421,10:38:15,11.39,--,3,3417,买盘
2422,10:38:12,11.39,--,5,5695,买盘
2423,10:38:09,11.39,0.01,50,56950,买盘
2424,10:38:03,11.38,--,98,111524,买盘
2425,10:38:00,11.38,--,156,177528,卖盘
2426,10:37:57,11.38,0.01,4,4552,卖盘
2427,10:37:54,11.37,-0.01,27,30698,卖盘
2428,10:37:51,11.38,--,250,284500,卖盘
2429,10:37:48,11.38,--,52,59414,卖盘
2430,10:37:45,11.38,--,269,306611,买盘
2431,10:37:42,11.38,--,96,109805,买盘
2432,10:37:39,11.38,--,300,341400,买盘
2433,10:37:36,11.38,--,21,23898,买盘
2434,10:37:33,11.38,--,13,14794,买盘
2435,10:37:30,11.38,-0.01,419,477447,卖盘
2436,10:37:27,11.39,--,10,11390,买盘
2437,10:37:21,11.39,0.01,15,17085,买盘
2438,10:37:15,11.38,--,42,47796,卖盘
2439,10:37:09,11.38,-0.01,10,11380,卖盘
2440,10:37:06,11.39,0.02,118,134914,买盘
2441,10:37:03,11.37,-0.01,19,21603,卖盘
2442,10:37:00,11.38,--,157,178666,买盘
2443,10:36:57,11.38,--,36,40968,买盘
2444,10:36:54,11.38,0.01,202,229876,买盘
2445,10:36:51,11.37,--,43,48891,卖盘
2446,10:36:48,11.37,-0.01,328,373197,卖盘
2447,10:36:45,11.38,0.01,5,5690,买盘
2448,10:36:42,11.37,--,47,53973,卖盘
2449,10:36:39,11.37,-0.01,8,9096,卖盘
2450,10:36:36,11.38,--,272,309536,买盘
2451,10:36:33,11.38,-0.02,2074,2360837,卖盘
2452,10:36:30,11.4,--,5,5700,买盘
2453,10:36:27,11.4,0.01,70,79800,买盘
2454,10:36:21,11.39,-0.01,260,296140,卖盘
2455,10:36:18,11.4,--,69,78660,买盘
2456,10:36:15,11.4,--,5,5700,买盘
2457,10:36:12,11.4,0.01,28,31920,卖盘
2458,10:36:06,11.39,-0.02,413,470407,卖盘
2459,10:36:03,11.41,--,140,159740,买盘
2460,10:36:00,11.41,--,266,303506,买盘
2461,10:35:57,11.41,--,304,346864,买盘
2462,10:35:54,11.41,0.01,20,22820,买盘
2463,10:35:51,11.4,--,191,217740,卖盘
2464,10:35:48,11.4,-0.01,200,228000,卖盘
2465,10:35:42,11.41,0.01,45,51413,买盘
2466,10:35:39,11.4,-0.01,58,66849,卖盘
2467,10:35:36,11.41,-0.01,1090,1244032,卖盘
2468,10:35:33,11.42,--,55,62810,买盘
2469,10:35:30,11.42,--,20,22840,买盘
2470,10:35:24,11.42,--,62,70804,买盘
2471,10:35:21,11.42,0.01,1,1142,买盘
2472,10:35:15,11.41,--,25,28525,卖盘
2473,10:35:12,11.41,--,16,18256,卖盘
2474,10:35:06,11.41,--,49,55909,卖盘
2475,10:35:00,11.41,--,27,30807,卖盘
2476,10:34:54,11.41,-0.01,5,5705,卖盘
2477,10:34:51,11.42,--,24,27408,买盘
2478,10:34:48,11.42,--,71,81082,买盘
2479,10:34:45,11.42,0.01,74,85467,买盘
2480,10:34:42,11.41,--,54,61614,卖盘
2481,10:34:39,11.41,--,49,56890,卖盘
2482,10:34:33,11.41,--,52,59332,卖盘
2483,10:34:30,11.41,-0.01,10,11410,卖盘
2484,10:34:27,11.42,--,215,245530,买盘
2485,10:34:24,11.42,--,51,58242,买盘
2486,10:34:21,11.42,--,1,1142,买盘
2487,10:34:18,11.42,0.01,5,5710,买盘
2488,10:34:15,11.41,--,31,35371,卖盘
2489,10:34:12,11.41,--,9,10269,卖盘
2490,10:34:09,11.41,--,4,4564,买盘
2491,10:34:06,11.41,--,20,22820,买盘
2492,10:34:03,11.41,--,70,79870,卖盘
2493,10:33:57,11.41,--,701,799841,卖盘
2494,10:33:54,11.41,--,6,6846,卖盘
2495,10:33:51,11.41,0.01,11,12551,卖盘
2496,10:33:48,11.4,-0.01,1690,1926999,卖盘
2497,10:33:42,11.41,-0.01,49,56205,卖盘
2498,10:33:36,11.42,0.02,385,440172,买盘
2499,10:33:33,11.4,-0.01,65,74100,卖盘
2500,10:33:30,11.41,--,195,222495,买盘
2501,10:33:27,11.41,--,43,49063,买盘
2502,10:33:24,11.41,--,57,65037,买盘
2503,10:33:21,11.41,--,50,57050,买盘
2504,10:33:18,11.41,--,75,85575,买盘
2505,10:33:15,11.41,--,20,22820,买盘
2506,10:33:12,11.41,--,34,38794,买盘
2507,10:33:09,11.41,--,55,62755,买盘
2508,10:33:06,11.41,--,52,59332,买盘
2509,10:33:03,11.41,--,58,66178,买盘
2510,10:33:00,11.41,--,41,46781,买盘
2511,10:32:57,11.41,--,1188,1355508,买盘
2512,10:32:54,11.41,--,26,29666,买盘
2513,10:32:51,11.41,0.01,51,58191,买盘
2514,10:32:48,11.4,--,33,37620,卖盘
2515,10:32:45,11.4,-0.01,63,71820,卖盘
2516,10:32:42,11.41,--,51,58704,买盘
2517,10:32:39,11.41,0.01,1,1141,买盘
2518,10:32:36,11.4,-0.01,48,55005,卖盘
2519,10:32:33,11.41,--,563,642383,买盘
2520,10:32:30,11.41,--,16,18256,买盘
2521,10:32:24,11.41,--,31,35371,买盘
2522,10:32:21,11.41,--,58,66178,买盘
2523,10:32:18,11.41,0.01,183,208803,买盘
2524,10:32:15,11.4,-0.01,47,53580,卖盘
2525,10:32:12,11.41,--,2,2282,买盘
2526,10:32:09,11.41,--,256,292096,买盘
2527,10:32:06,11.41,--,1,1141,买盘
2528,10:32:03,11.41,--,111,126651,买盘
2529,10:32:00,11.41,--,13,14833,买盘
2530,10:31:57,11.41,-0.01,792,904333,卖盘
2531,10:31:54,11.42,--,155,177010,买盘
2532,10:31:51,11.42,0.01,77,87934,买盘
2533,10:31:48,11.41,-0.01,2171,2477111,卖盘
2534,10:31:45,11.42,--,3,3426,卖盘
2535,10:31:42,11.42,--,21,23982,卖盘
2536,10:31:39,11.42,--,49,56985,卖盘
2537,10:31:36,11.42,--,384,439441,卖盘
2538,10:31:33,11.42,--,83,94786,卖盘
2539,10:31:30,11.42,--,2,2284,卖盘
2540,10:31:27,11.42,--,22,25124,卖盘
2541,10:31:21,11.42,--,1,1142,卖盘
2542,10:31:18,11.42,--,24,27430,买盘
2543,10:31:15,11.42,0.01,15,17130,买盘
2544,10:31:12,11.41,-0.01,37,42217,卖盘
2545,10:31:06,11.42,--,69,78798,买盘
2546,10:31:03,11.42,--,176,202111,卖盘
2547,10:31:00,11.42,--,13,14846,卖盘
2548,10:30:57,11.42,--,10,11420,卖盘
2549,10:30:54,11.42,-0.01,47,53674,卖盘
2550,10:30:51,11.43,0.01,11,12573,买盘
2551,10:30:48,11.42,--,10,11420,卖盘
2552,10:30:45,11.42,--,18,20556,卖盘
2553,10:30:42,11.42,--,92,105086,买盘
2554,10:30:39,11.42,--,104,119898,买盘
2555,10:30:36,11.42,--,55,63620,买盘
2556,10:30:33,11.42,0.01,2,2284,买盘
2557,10:30:30,11.41,-0.01,15,17115,卖盘
2558,10:30:27,11.42,0.01,55,62810,买盘
2559,10:30:24,11.41,-0.01,80,91280,卖盘
2560,10:30:21,11.42,--,11,12562,买盘
2561,10:30:18,11.42,0.01,43,49106,买盘
2562,10:30:15,11.41,-0.01,35,39935,卖盘
2563,10:30:12,11.42,-0.01,357,408813,卖盘
2564,10:30:09,11.43,--,100,114300,买盘
2565,10:30:06,11.43,0.01,8,9144,买盘
2566,10:30:03,11.42,--,365,416830,卖盘
2567,10:30:00,11.42,-0.01,25,28550,卖盘
2568,10:29:57,11.43,0.01,304,347472,买盘
2569,10:29:45,11.42,--,330,376860,卖盘
2570,10:29:42,11.42,-0.01,38,43396,卖盘
2571,10:29:39,11.43,0.01,144,164592,买盘
2572,10:29:36,11.42,--,25,29600,卖盘
2573,10:29:33,11.42,--,46,52532,卖盘
2574,10:29:30,11.42,--,566,646486,卖盘
2575,10:29:27,11.42,--,360,411120,卖盘
2576,10:29:24,11.42,--,5,5710,卖盘
2577,10:29:18,11.42,--,10,11420,卖盘
2578,10:29:12,11.42,-0.01,30,34260,卖盘
2579,10:29:09,11.43,0.01,176,201168,买盘
2580,10:29:06,11.42,--,319,364298,卖盘
2581,10:29:03,11.42,--,130,148460,卖盘
2582,10:29:00,11.42,-0.01,13,14846,卖盘
2583,10:28:54,11.43,-0.01,2397,2739771,卖盘
2584,10:28:51,11.44,--,5,5720,买盘
2585,10:28:45,11.44,--,29,33176,买盘
2586,10:28:42,11.44,-0.01,1038,1187540,卖盘
2587,10:28:36,11.45,--,30,35208,卖盘
2588,10:28:33,11.45,--,25,28625,卖盘
2589,10:28:30,11.45,--,49,57192,卖盘
2590,10:28:27,11.45,-0.01,4,4580,卖盘
2591,10:28:24,11.46,--,2,2292,买盘
2592,10:28:21,11.46,0.01,11,12606,买盘
2593,10:28:18,11.45,--,41,46945,卖盘
2594,10:28:15,11.45,--,1,1145,卖盘
2595,10:28:09,11.45,-0.01,27,30914,卖盘
2596,10:28:03,11.46,0.01,16,18336,买盘
2597,10:27:54,11.45,--,14,16029,卖盘
2598,10:27:48,11.45,--,43,49235,卖盘
2599,10:27:42,11.45,--,26,29769,卖盘
2600,10:27:39,11.45,--,245,281143,卖盘
2601,10:27:36,11.45,--,50,57250,卖盘
2602,10:27:33,11.45,--,24,27697,卖盘
2603,10:27:27,11.45,-0.01,67,77298,卖盘
2604,10:27:21,11.46,--,5,5730,卖盘
2605,10:27:12,11.46,--,1,1146,卖盘
2606,10:27:09,11.46,0.01,105,120330,买盘
2607,10:27:06,11.45,-0.01,12,13740,卖盘
2608,10:27:03,11.46,--,1,1146,买盘
2609,10:26:54,11.46,0.01,46,52716,买盘
2610,10:26:51,11.45,--,9,10305,卖盘
2611,10:26:48,11.45,--,301,344645,卖盘
2612,10:26:39,11.45,-0.01,13,14884,卖盘
2613,10:26:36,11.46,0.01,2,2292,买盘
2614,10:26:33,11.45,-0.01,138,158010,卖盘
2615,10:26:30,11.46,--,1,1146,买盘
2616,10:26:27,11.46,0.01,20,22920,买盘
2617,10:26:24,11.45,-0.01,129,147705,卖盘
2618,10:26:21,11.46,0.01,5,5730,买盘
2619,10:26:18,11.45,--,44,50380,卖盘
2620,10:26:15,11.45,-0.01,43,49235,卖盘
2621,10:26:09,11.46,--,108,123768,买盘
2622,10:26:06,11.46,0.01,41,46986,买盘
2623,10:26:00,11.45,-0.01,21,24045,卖盘
2624,10:25:57,11.46,--,23,26358,卖盘
2625,10:25:54,11.46,0.01,86,98556,买盘
2626,10:25:51,11.45,--,28,32059,卖盘
2627,10:25:48,11.45,--,82,93890,卖盘
2628,10:25:42,11.45,--,124,141980,卖盘
2629,10:25:36,11.45,--,150,171750,卖盘
2630,10:25:33,11.45,--,5,5725,卖盘
2631,10:25:30,11.45,--,10,11450,卖盘
2632,10:25:27,11.45,--,37,42365,卖盘
2633,10:25:21,11.45,--,32,36640,卖盘
2634,10:25:18,11.45,--,30,34350,卖盘
2635,10:25:15,11.45,--,57,65264,卖盘
2636,10:25:12,11.45,-0.01,35,40075,卖盘
2637,10:25:09,11.46,--,117,134082,买盘
2638,10:25:06,11.46,--,14,16044,卖盘
2639,10:24:57,11.46,0.01,301,344946,买盘
2640,10:24:51,11.45,-0.01,148,169460,卖盘
2641,10:24:42,11.46,--,13,14898,买盘
2642,10:24:39,11.46,--,5,5730,买盘
2643,10:24:36,11.46,-0.01,26,29796,卖盘
2644,10:24:30,11.47,0.01,6,6882,买盘
2645,10:24:27,11.46,--,3,3438,卖盘
2646,10:24:24,11.46,--,25,28650,卖盘
2647,10:24:21,11.46,--,234,268164,卖盘
2648,10:24:18,11.46,--,3,3438,卖盘
2649,10:24:15,11.46,--,36,41256,卖盘
2650,10:24:09,11.46,-0.01,126,144396,卖盘
2651,10:24:03,11.47,--,2,2294,买盘
2652,10:24:00,11.47,--,451,517297,买盘
2653,10:23:54,11.47,--,1,1147,买盘
2654,10:23:42,11.47,0.01,5,5735,买盘
2655,10:23:39,11.46,--,10,11460,卖盘
2656,10:23:36,11.46,-0.01,26,29796,卖盘
2657,10:23:33,11.47,--,5,5735,买盘
2658,10:23:24,11.47,0.01,118,135346,买盘
2659,10:23:21,11.46,--,12,13752,卖盘
2660,10:23:18,11.46,-0.01,11,12606,卖盘
2661,10:23:15,11.47,--,501,574647,买盘
2662,10:23:09,11.47,-0.01,30,34410,卖盘
2663,10:23:06,11.48,0.01,141,161868,买盘
2664,10:22:57,11.47,--,157,180079,买盘
2665,10:22:54,11.47,0.01,10,11470,买盘
2666,10:22:51,11.46,-0.01,36,41256,卖盘
2667,10:22:45,11.47,0.01,56,64232,买盘
2668,10:22:42,11.46,-0.01,84,96264,卖盘
2669,10:22:39,11.47,--,30,34410,买盘
2670,10:22:33,11.47,--,32,36704,买盘
2671,10:22:30,11.47,-0.01,169,193843,卖盘
2672,10:22:27,11.48,0.01,2,2296,买盘
2673,10:22:18,11.47,-0.01,1,1147,卖盘
2674,10:22:12,11.48,--,10,11480,买盘
2675,10:22:09,11.48,--,137,158056,卖盘
2676,10:22:00,11.48,--,14,16072,卖盘
2677,10:21:57,11.48,0.01,263,302291,买盘
2678,10:21:51,11.47,--,35,40145,卖盘
2679,10:21:48,11.47,--,1,1147,卖盘
2680,10:21:33,11.47,0.01,113,129611,买盘
2681,10:21:30,11.46,-0.01,74,84804,卖盘
2682,10:21:27,11.47,0.01,24,27528,买盘
2683,10:21:24,11.46,--,17,19482,卖盘
2684,10:21:21,11.46,-0.02,5,5730,卖盘
2685,10:21:15,11.48,0.01,200,229600,买盘
2686,10:21:12,11.47,--,68,78775,卖盘
2687,10:21:06,11.47,--,10,11470,卖盘
2688,10:21:03,11.47,--,25,28675,卖盘
2689,10:20:57,11.47,0.01,21,24454,买盘
2690,10:20:51,11.46,--,31,35526,卖盘
2691,10:20:42,11.46,--,48,55008,卖盘
2692,10:20:36,11.46,0.01,17,19482,卖盘
2693,10:20:33,11.45,-0.01,42,48090,卖盘
2694,10:20:30,11.46,-0.01,5,5730,卖盘
2695,10:20:27,11.47,--,15,17205,买盘
2696,10:20:24,11.47,0.01,11,12617,买盘
2697,10:20:18,11.46,0.02,2,2292,买盘
2698,10:20:15,11.44,-0.02,175,200200,卖盘
2699,10:20:12,11.46,--,36,41256,买盘
2700,10:20:09,11.46,0.02,3,3438,买盘
2701,10:20:03,11.44,-0.01,228,260832,卖盘
2702,10:20:00,11.45,--,6,6870,卖盘
2703,10:19:57,11.45,--,25,28625,买盘
2704,10:19:54,11.45,--,14,16029,买盘
2705,10:19:51,11.45,--,4,4580,买盘
2706,10:19:48,11.45,-0.02,6,6870,卖盘
2707,10:19:45,11.47,0.03,1,1147,买盘
2708,10:19:42,11.44,-0.03,300,343200,卖盘
2709,10:19:39,11.47,--,4,4588,买盘
2710,10:19:36,11.47,0.02,34,38998,买盘
2711,10:19:30,11.45,0.01,6,6870,买盘
2712,10:19:27,11.44,--,11,12584,买盘
2713,10:19:24,11.44,0.01,119,136136,买盘
2714,10:19:21,11.43,-0.01,47,53721,卖盘
2715,10:19:18,11.44,--,64,73216,买盘
2716,10:19:15,11.44,--,24,27456,买盘
2717,10:19:12,11.44,--,10,11440,买盘
2718,10:19:09,11.44,--,22,25168,买盘
2719,10:19:06,11.44,--,22,25168,买盘
2720,10:19:03,11.44,0.01,189,216216,买盘
2721,10:18:57,11.43,--,3,3429,买盘
2722,10:18:54,11.43,--,121,138303,买盘
2723,10:18:51,11.43,--,123,140589,卖盘
2724,10:18:45,11.43,-0.01,130,148590,卖盘
2725,10:18:42,11.44,0.01,7,8008,买盘
2726,10:18:39,11.43,-0.01,505,577215,卖盘
2727,10:18:36,11.44,0.01,75,85800,买盘
2728,10:18:33,11.43,--,178,203454,卖盘
2729,10:18:30,11.43,-0.01,132,150876,卖盘
2730,10:18:27,11.44,0.01,46,52624,买盘
2731,10:18:24,11.43,-0.01,82,93726,卖盘
2732,10:18:21,11.44,-0.01,2,2288,卖盘
2733,10:18:15,11.45,0.01,28,32059,买盘
2734,10:18:12,11.44,-0.01,9,10296,卖盘
2735,10:18:09,11.45,0.02,1812,2074739,买盘
2736,10:18:06,11.43,-0.01,121,138303,卖盘
2737,10:18:03,11.44,--,1358,1553552,卖盘
2738,10:18:00,11.44,--,5,5720,卖盘
2739,10:17:57,11.44,-0.01,30,34320,卖盘
2740,10:17:54,11.45,0.01,179,204955,买盘
2741,10:17:45,11.44,--,30,34320,卖盘
2742,10:17:42,11.44,--,25,28600,卖盘
2743,10:17:39,11.44,--,17,19448,卖盘
2744,10:17:36,11.44,--,6,6864,卖盘
2745,10:17:30,11.44,--,19,21736,卖盘
2746,10:17:24,11.44,--,16,18304,卖盘
2747,10:17:21,11.44,0.01,150,171600,买盘
2748,10:17:18,11.43,-0.01,15,17145,卖盘
2749,10:17:15,11.44,--,7,8008,买盘
2750,10:17:12,11.44,--,1,1144,买盘
2751,10:17:09,11.44,0.01,10,11440,买盘
2752,10:17:03,11.43,-0.01,366,418338,卖盘
2753,10:17:00,11.44,-0.01,340,388960,卖盘
2754,10:16:57,11.45,0.01,100,114500,买盘
2755,10:16:54,11.44,--,67,76648,卖盘
2756,10:16:51,11.44,--,25,28600,卖盘
2757,10:16:48,11.44,-0.01,48,54912,卖盘
2758,10:16:45,11.45,0.01,56,64119,买盘
2759,10:16:42,11.44,-0.01,59,67496,卖盘
2760,10:16:36,11.45,--,32,36640,买盘
2761,10:16:33,11.45,-0.02,221,254029,卖盘
2762,10:16:30,11.47,0.01,1504,1725088,买盘
2763,10:16:24,11.46,--,6,6876,买盘
2764,10:16:21,11.46,--,4,4584,买盘
2765,10:16:18,11.46,--,258,295668,买盘
2766,10:16:15,11.46,--,5,5730,买盘
2767,10:16:12,11.46,--,2,2292,买盘
2768,10:16:09,11.46,-0.01,1725,1976850,卖盘
2769,10:16:06,11.47,-0.01,4,4588,卖盘
2770,10:16:03,11.48,--,26,29848,买盘
2771,10:16:00,11.48,0.01,29,33292,买盘
2772,10:15:54,11.47,--,2,2294,卖盘
2773,10:15:51,11.47,-0.01,700,802900,卖盘
2774,10:15:42,11.48,-0.01,263,301924,卖盘
2775,10:15:30,11.49,0.01,12,13788,买盘
2776,10:15:27,11.48,-0.01,38,43624,卖盘
2777,10:15:24,11.49,-0.01,216,248184,卖盘
2778,10:15:21,11.5,0.01,6,6900,买盘
2779,10:15:18,11.49,--,105,120645,卖盘
2780,10:15:12,11.49,--,1,1149,卖盘
2781,10:15:09,11.49,--,33,37917,卖盘
2782,10:15:06,11.49,-0.01,71,81579,卖盘
2783,10:15:03,11.5,--,17,19550,买盘
2784,10:14:54,11.5,0.01,22,25300,买盘
2785,10:14:48,11.49,--,2,2298,卖盘
2786,10:14:33,11.49,--,54,62046,卖盘
2787,10:14:30,11.49,0.01,177,203373,买盘
2788,10:14:21,11.48,--,36,41328,卖盘
2789,10:14:18,11.48,--,26,29848,卖盘
2790,10:14:15,11.48,--,78,89544,卖盘
2791,10:14:09,11.48,--,10,11480,卖盘
2792,10:14:06,11.48,--,3,3444,买盘
2793,10:14:03,11.48,--,46,52808,买盘
2794,10:13:57,11.48,--,10,11480,买盘
2795,10:13:54,11.48,--,10,11480,买盘
2796,10:13:45,11.48,0.01,10,11480,买盘
2797,10:13:42,11.47,-0.03,18,20646,卖盘
2798,10:13:36,11.5,0.03,1,1150,买盘
2799,10:13:33,11.47,--,11,12617,卖盘
2800,10:13:30,11.47,--,25,28675,卖盘
2801,10:13:18,11.47,-0.01,13,14911,卖盘
2802,10:13:15,11.48,0.01,25,28700,买盘
2803,10:13:12,11.47,-0.01,18,20646,卖盘
2804,10:13:09,11.48,--,1,1148,买盘
2805,10:13:06,11.48,--,32,36736,买盘
2806,10:13:03,11.48,--,5,5740,买盘
2807,10:13:00,11.48,-0.02,3,3444,卖盘
2808,10:12:57,11.5,0.02,313,359950,买盘
2809,10:12:54,11.48,0.01,15,17220,买盘
2810,10:12:48,11.47,-0.01,1,1147,卖盘
2811,10:12:45,11.48,--,75,86100,卖盘
2812,10:12:42,11.48,--,18,20664,卖盘
2813,10:12:39,11.48,-0.01,26,29848,卖盘
2814,10:12:36,11.49,0.01,31,35619,买盘
2815,10:12:30,11.48,--,247,283556,卖盘
2816,10:12:24,11.48,--,22,25256,卖盘
2817,10:12:18,11.48,--,4,4592,卖盘
2818,10:12:15,11.48,--,3,3444,卖盘
2819,10:12:12,11.48,0.01,14,16072,买盘
2820,10:12:09,11.47,-0.01,51,58497,卖盘
2821,10:12:06,11.48,0.01,19,21812,中性盘
