,time,price,change,volume,amount,type
0,15:00:03,11.55,0.01,2324,2684220,买盘
1,14:57:00,11.54,--,0,0,买盘
2,14:56:57,11.54,0.01,5,5770,买盘
3,14:56:54,11.53,--,2,2306,卖盘
4,14:56:51,11.53,-0.01,26,30381,卖盘
5,14:56:48,11.54,--,253,291962,卖盘
6,14:56:42,11.54,-0.01,7,8077,卖盘
7,14:56:39,11.55,--,51,58905,买盘
8,14:56:36,11.55,--,43,49665,买盘
9,14:56:33,11.55,0.01,192,221760,买盘
10,14:56:30,11.54,--,339,391206,卖盘
11,14:56:27,11.54,-0.01,423,488141,卖盘
12,14:56:24,11.55,0.01,15,17325,买盘
13,14:56:21,11.54,-0.01,9,10386,卖盘
14,14:56:18,11.55,--,96,110880,买盘
15,14:56:15,11.55,0.01,32,36960,买盘
16,14:56:06,11.54,--,14,16155,卖盘
17,14:56:03,11.54,--,136,156944,卖盘
18,14:56:00,11.54,--,11,12693,卖盘
19,14:55:57,11.54,--,20,23080,卖盘
20,14:55:54,11.54,-0.01,48,55391,卖盘
21,14:55:51,11.55,0.01,48,55440,买盘
22,14:55:48,11.54,-0.01,400,461599,卖盘
23,14:55:45,11.55,--,7,8085,买盘
24,14:55:42,11.55,0.01,33,38115,买盘
25,14:55:39,11.54,-0.01,49,56545,卖盘
26,14:55:36,11.55,0.01,213,246015,买盘
27,14:55:33,11.54,-0.01,11,12693,卖盘
28,14:55:30,11.55,--,2,2310,买盘
29,14:55:27,11.55,--,3,3465,买盘
30,14:55:24,11.55,--,33,38115,买盘
31,14:55:21,11.55,0.01,58,66990,买盘
32,14:55:18,11.54,--,1,1154,卖盘
33,14:55:15,11.54,-0.01,55,63469,卖盘
34,14:55:12,11.55,0.01,10,11550,买盘
35,14:55:06,11.54,-0.01,4,4616,卖盘
36,14:55:03,11.55,0.01,14,16170,买盘
37,14:54:51,11.54,-0.01,2,2308,卖盘
38,14:54:45,11.55,--,1,1155,买盘
39,14:54:42,11.55,0.01,14,16170,买盘
40,14:54:39,11.54,--,30,34620,卖盘
41,14:54:33,11.54,--,2,2308,卖盘
42,14:54:30,11.54,--,317,365818,卖盘
43,14:54:27,11.54,--,1,1154,卖盘
44,14:54:24,11.54,0.01,189,218105,买盘
45,14:54:21,11.53,-0.01,4,4612,卖盘
46,14:54:18,11.54,0.01,5,5770,买盘
47,14:54:15,11.53,--,14,16142,卖盘
48,14:54:12,11.53,-0.01,17,19601,卖盘
49,14:54:09,11.54,0.01,94,108475,买盘
50,14:54:06,11.53,-0.01,1,1153,卖盘
51,14:54:00,11.54,--,30,34620,买盘
52,14:53:57,11.54,-0.01,24,27695,卖盘
53,14:53:54,11.55,0.01,11,12705,买盘
54,14:53:51,11.54,-0.01,21,24234,卖盘
55,14:53:48,11.55,--,201,232155,买盘
56,14:53:45,11.55,--,12,13860,买盘
57,14:53:42,11.55,0.01,12,13860,买盘
58,14:53:39,11.54,-0.01,4,4616,卖盘
59,14:53:36,11.55,0.01,43,49665,买盘
60,14:53:33,11.54,--,3,3461,卖盘
61,14:53:27,11.54,0.01,43,49621,买盘
62,14:53:24,11.53,-0.01,2,2306,卖盘
63,14:53:21,11.54,--,23,26541,卖盘
64,14:53:18,11.54,--,54,62315,卖盘
65,14:53:15,11.54,-0.01,10,11540,卖盘
66,14:53:12,11.55,0.01,75,86625,买盘
67,14:53:09,11.54,--,5,5770,卖盘
68,14:53:06,11.54,--,70,80780,卖盘
69,14:53:03,11.54,--,1,1154,卖盘
70,14:53:00,11.54,-0.01,20,23080,卖盘
71,14:52:57,11.55,0.01,9,10395,买盘
72,14:52:54,11.54,-0.01,52,60007,卖盘
73,14:52:48,11.55,--,43,49665,买盘
74,14:52:45,11.55,0.01,153,176715,买盘
75,14:52:42,11.54,-0.01,34,39236,卖盘
76,14:52:39,11.55,--,10,11550,买盘
77,14:52:36,11.55,--,11,12705,买盘
78,14:52:33,11.55,--,12,13860,买盘
79,14:52:30,11.55,0.02,113,130515,买盘
80,14:52:24,11.53,-0.02,60,69180,卖盘
81,14:52:21,11.55,--,29,33495,买盘
82,14:52:18,11.55,0.01,13,15015,买盘
83,14:52:15,11.54,0.01,62,71548,买盘
84,14:52:12,11.53,--,37,42661,卖盘
85,14:52:06,11.53,-0.01,2,2306,卖盘
86,14:52:03,11.54,--,12,13847,买盘
87,14:52:00,11.54,--,51,58853,买盘
88,14:51:54,11.54,--,16,18464,买盘
89,14:51:51,11.54,-0.01,39,45006,中性盘
90,14:51:48,11.55,0.01,5,5775,买盘
91,14:51:45,11.54,0.01,20,23080,买盘
92,14:51:42,11.53,-0.02,349,402892,卖盘
93,14:51:39,11.55,0.01,5,5775,买盘
94,14:51:36,11.54,-0.01,20,23080,卖盘
95,14:51:33,11.55,0.01,17,19635,买盘
96,14:51:30,11.54,--,11,12693,卖盘
97,14:51:27,11.54,-0.01,10,11540,卖盘
98,14:51:24,11.55,0.01,48,55440,买盘
99,14:51:21,11.54,--,62,71548,卖盘
100,14:51:18,11.54,-0.02,18,20772,卖盘
101,14:51:12,11.56,0.02,21,24276,买盘
102,14:51:03,11.54,-0.01,618,713172,卖盘
103,14:51:00,11.55,--,30,34650,卖盘
104,14:50:57,11.55,--,3,3465,卖盘
105,14:50:54,11.55,--,20,23100,卖盘
106,14:50:51,11.55,-0.01,22,25410,卖盘
107,14:50:48,11.56,0.01,37,42772,买盘
108,14:50:45,11.55,--,23,26565,卖盘
109,14:50:42,11.55,--,229,264495,卖盘
110,14:50:39,11.55,--,45,51975,卖盘
111,14:50:30,11.55,--,10,11550,卖盘
112,14:50:24,11.55,-0.01,16,18480,卖盘
113,14:50:21,11.56,--,26,30056,买盘
114,14:50:15,11.56,--,38,43928,买盘
115,14:50:12,11.56,0.02,65,75140,买盘
116,14:50:09,11.54,-0.01,61,70394,卖盘
117,14:50:06,11.55,0.01,30,34650,买盘
118,14:50:03,11.54,-0.01,5,5770,卖盘
119,14:49:57,11.55,0.01,11,12705,买盘
120,14:49:54,11.54,-0.02,8,9232,卖盘
121,14:49:45,11.56,--,26,30056,买盘
122,14:49:42,11.56,--,23,26588,买盘
123,14:49:39,11.56,--,65,75140,买盘
124,14:49:36,11.56,0.02,3,3468,买盘
125,14:49:33,11.54,-0.02,21,24234,卖盘
126,14:49:24,11.56,--,31,35836,买盘
127,14:49:21,11.56,--,417,482052,买盘
128,14:49:18,11.56,--,11,12716,买盘
129,14:49:15,11.56,--,25,28900,买盘
130,14:49:12,11.56,0.01,324,374544,买盘
131,14:49:06,11.55,-0.01,114,131670,卖盘
132,14:49:03,11.56,--,119,137564,买盘
133,14:48:51,11.56,0.01,36,41616,买盘
134,14:48:48,11.55,-0.01,25,28875,卖盘
135,14:48:45,11.56,--,16,18496,买盘
136,14:48:42,11.56,0.01,12,13872,买盘
137,14:48:39,11.55,-0.01,4,4620,卖盘
138,14:48:36,11.56,--,30,34680,买盘
139,14:48:30,11.56,0.01,9,10404,买盘
140,14:48:27,11.55,--,197,227535,卖盘
141,14:48:24,11.55,-0.01,33,38115,卖盘
142,14:48:21,11.56,0.01,51,58956,买盘
143,14:48:18,11.55,-0.01,205,236775,卖盘
144,14:48:15,11.56,--,76,87856,买盘
145,14:48:12,11.56,--,92,106352,买盘
146,14:48:03,11.56,0.01,49,56644,买盘
147,14:48:00,11.55,-0.01,4,4620,卖盘
148,14:47:57,11.56,0.01,12,13872,买盘
149,14:47:54,11.55,-0.01,2,2310,卖盘
150,14:47:51,11.56,--,4,4624,买盘
151,14:47:45,11.56,--,33,38148,买盘
152,14:47:42,11.56,0.01,12,13872,买盘
153,14:47:39,11.55,-0.01,20,23100,卖盘
154,14:47:30,11.56,--,17,19652,买盘
155,14:47:27,11.56,0.01,172,198832,买盘
156,14:47:24,11.55,-0.01,1,1155,卖盘
157,14:47:21,11.56,0.01,30,34680,买盘
158,14:47:18,11.55,-0.01,39,45045,卖盘
159,14:47:15,11.56,--,225,260100,买盘
160,14:47:12,11.56,0.01,40,46240,买盘
161,14:47:03,11.55,-0.01,192,221760,卖盘
162,14:46:57,11.56,--,110,127160,卖盘
163,14:46:54,11.56,--,111,128316,卖盘
164,14:46:51,11.56,-0.01,112,129472,卖盘
165,14:46:48,11.57,--,1,1157,买盘
166,14:46:45,11.57,--,48,55536,买盘
167,14:46:42,11.57,--,64,74048,买盘
168,14:46:39,11.57,--,1,1157,买盘
169,14:46:36,11.57,--,9,10413,买盘
170,14:46:30,11.57,--,9,10413,买盘
171,14:46:24,11.57,0.01,28,32396,买盘
172,14:46:21,11.56,-0.01,12,13872,卖盘
173,14:46:18,11.57,0.01,10,11570,买盘
174,14:46:15,11.56,-0.01,18,20808,卖盘
175,14:46:12,11.57,--,12,13884,买盘
176,14:46:06,11.57,0.01,14,16198,买盘
177,14:46:03,11.56,-0.01,6,6936,卖盘
178,14:45:57,11.57,--,18,20826,买盘
179,14:45:54,11.57,--,8,9256,买盘
180,14:45:51,11.57,0.01,149,172393,买盘
181,14:45:48,11.56,-0.01,17,19652,卖盘
182,14:45:45,11.57,0.01,28,32396,买盘
183,14:45:42,11.56,--,28,32368,卖盘
184,14:45:39,11.56,-0.01,7,8092,卖盘
185,14:45:36,11.57,--,322,372554,买盘
186,14:45:33,11.57,--,65,75205,买盘
187,14:45:30,11.57,--,20,23140,买盘
188,14:45:27,11.57,--,100,115700,买盘
189,14:45:24,11.57,--,181,209417,买盘
190,14:45:21,11.57,--,504,583128,买盘
191,14:45:15,11.57,--,35,40495,买盘
192,14:45:12,11.57,--,30,34710,买盘
193,14:45:09,11.57,--,236,273052,买盘
194,14:45:06,11.57,--,1,1157,买盘
195,14:45:03,11.57,--,14,16198,买盘
196,14:45:00,11.57,--,48,55536,买盘
197,14:44:57,11.57,--,49,56693,买盘
198,14:44:54,11.57,0.01,30,34710,买盘
199,14:44:48,11.56,-0.02,23,26588,卖盘
200,14:44:45,11.58,--,43,49794,买盘
201,14:44:42,11.58,0.01,548,634584,买盘
202,14:44:39,11.57,--,27,31239,买盘
203,14:44:36,11.57,0.01,369,426933,买盘
204,14:44:33,11.56,--,104,120224,卖盘
205,14:44:30,11.56,-0.01,18,20808,卖盘
206,14:44:27,11.57,--,60,69420,买盘
207,14:44:24,11.57,--,38,43966,买盘
208,14:44:21,11.57,--,16,18512,买盘
209,14:44:18,11.57,--,10,11570,买盘
210,14:44:15,11.57,--,430,497510,买盘
211,14:44:12,11.57,0.01,108,124956,买盘
212,14:44:09,11.56,-0.01,17,19652,卖盘
213,14:44:06,11.57,0.01,242,279994,买盘
214,14:44:03,11.56,--,26,30056,卖盘
215,14:44:00,11.56,--,108,124848,买盘
216,14:43:57,11.56,--,309,357204,买盘
217,14:43:54,11.56,--,198,228888,买盘
218,14:43:51,11.56,--,586,677416,买盘
219,14:43:48,11.56,0.01,817,944452,买盘
220,14:43:45,11.55,-0.01,32,36960,卖盘
221,14:43:42,11.56,0.01,36,41616,买盘
222,14:43:33,11.55,-0.01,29,33495,卖盘
223,14:43:30,11.56,--,15,17340,买盘
224,14:43:27,11.56,0.01,30,34680,买盘
225,14:43:24,11.55,--,1,1155,卖盘
226,14:43:21,11.55,--,22,25410,卖盘
227,14:43:18,11.55,--,28,32340,卖盘
228,14:43:15,11.55,--,266,307230,买盘
229,14:43:12,11.55,--,12,13860,买盘
230,14:43:09,11.55,0.01,13,15015,买盘
231,14:43:06,11.54,--,1497,1727537,卖盘
232,14:43:03,11.54,--,2,2308,卖盘
233,14:42:54,11.54,-0.01,44,50775,卖盘
234,14:42:51,11.55,0.01,91,105105,买盘
235,14:42:45,11.54,--,26,30003,卖盘
236,14:42:42,11.54,--,12,13847,卖盘
237,14:42:39,11.54,--,35,40390,卖盘
238,14:42:36,11.54,--,69,79626,卖盘
239,14:42:30,11.54,--,11,12693,卖盘
240,14:42:27,11.54,0.01,85,98747,买盘
241,14:42:24,11.53,-0.01,2,2306,卖盘
242,14:42:21,11.54,--,59,68086,买盘
243,14:42:18,11.54,--,98,113091,买盘
244,14:42:12,11.54,--,12,13847,买盘
245,14:42:09,11.54,0.01,27,31157,买盘
246,14:42:03,11.53,-0.01,112,129136,卖盘
247,14:42:00,11.54,0.01,53,61161,买盘
248,14:41:57,11.53,--,45,51885,卖盘
249,14:41:54,11.53,-0.01,15,17295,卖盘
250,14:41:48,11.54,--,228,263112,买盘
251,14:41:45,11.54,--,101,116553,买盘
252,14:41:42,11.54,0.01,12,13847,买盘
253,14:41:39,11.53,--,3,3459,卖盘
254,14:41:36,11.53,-0.01,56,64568,卖盘
255,14:41:33,11.54,0.01,10,11540,买盘
256,14:41:27,11.53,--,26,29978,卖盘
257,14:41:24,11.53,--,2,2306,卖盘
258,14:41:18,11.53,-0.01,19,21907,卖盘
259,14:41:15,11.54,--,40,46160,买盘
260,14:41:12,11.54,0.01,33,38082,买盘
261,14:41:06,11.53,--,38,43814,卖盘
262,14:41:03,11.53,--,1,1153,卖盘
263,14:40:57,11.53,-0.01,2,2306,卖盘
264,14:40:54,11.54,--,60,69240,买盘
265,14:40:51,11.54,0.01,8,9232,买盘
266,14:40:45,11.53,--,2,2306,卖盘
267,14:40:42,11.53,--,18,21215,卖盘
268,14:40:33,11.53,-0.01,11,12683,卖盘
269,14:40:27,11.54,0.01,4,4616,买盘
270,14:40:24,11.53,--,166,191398,卖盘
271,14:40:21,11.53,-0.01,30,34590,卖盘
272,14:40:12,11.54,0.01,12,13847,买盘
273,14:40:09,11.53,0.01,78,89934,买盘
274,14:40:06,11.52,--,7,8064,卖盘
275,14:40:03,11.52,--,6,6912,卖盘
276,14:39:57,11.52,-0.01,20,23040,卖盘
277,14:39:51,11.53,--,1,1153,买盘
278,14:39:45,11.53,0.01,49,56497,买盘
279,14:39:42,11.52,--,18,20736,卖盘
280,14:39:36,11.52,--,11,12672,卖盘
281,14:39:33,11.52,-0.01,1,1152,卖盘
282,14:39:30,11.53,0.01,52,59956,买盘
283,14:39:27,11.52,--,47,54144,卖盘
284,14:39:24,11.52,--,22,25344,卖盘
285,14:39:21,11.52,--,14,16128,卖盘
286,14:39:18,11.52,-0.01,1,1152,卖盘
287,14:39:15,11.53,--,12,13836,买盘
288,14:39:12,11.53,0.01,19,21907,买盘
289,14:39:09,11.52,-0.01,2,2304,卖盘
290,14:39:06,11.53,0.01,9,10377,买盘
291,14:39:03,11.52,--,2,2304,卖盘
292,14:38:57,11.52,--,2,2304,卖盘
293,14:38:51,11.52,-0.01,1,1152,卖盘
294,14:38:48,11.53,0.01,3,3459,买盘
295,14:38:45,11.52,-0.01,22,25344,卖盘
296,14:38:42,11.53,--,14,16142,买盘
297,14:38:39,11.53,--,31,35743,卖盘
298,14:38:36,11.53,-0.01,4,4612,卖盘
299,14:38:33,11.54,--,13,15001,买盘
300,14:38:24,11.54,0.01,40,46160,买盘
301,14:38:21,11.53,0.01,10,11530,买盘
302,14:38:18,11.52,-0.01,7,8064,卖盘
303,14:38:15,11.53,--,9,10377,买盘
304,14:38:12,11.53,--,12,13836,买盘
305,14:38:03,11.53,0.01,27,31131,买盘
306,14:38:00,11.52,--,58,66816,买盘
307,14:37:57,11.52,--,8,9216,买盘
308,14:37:54,11.52,--,11,12672,买盘
309,14:37:51,11.52,--,1,1152,买盘
310,14:37:48,11.52,--,63,72576,卖盘
311,14:37:42,11.52,--,13,14976,卖盘
312,14:37:36,11.52,-0.02,21,24192,卖盘
313,14:37:33,11.54,0.02,591,682014,买盘
314,14:37:30,11.52,-0.01,43,49536,卖盘
315,14:37:27,11.53,0.01,10,11530,中性盘
316,14:37:24,11.52,--,2,2304,卖盘
317,14:37:21,11.52,--,70,80640,卖盘
318,14:37:18,11.52,-0.02,20,23040,卖盘
319,14:37:12,11.54,0.01,12,13847,买盘
320,14:37:09,11.53,-0.01,3,3459,卖盘
321,14:37:06,11.54,0.01,2,2308,买盘
322,14:37:03,11.53,--,1,1153,卖盘
323,14:37:00,11.53,--,4,4612,卖盘
324,14:36:48,11.53,0.01,3,3459,买盘
325,14:36:45,11.52,-0.01,2,2304,卖盘
326,14:36:42,11.53,--,12,13836,买盘
327,14:36:39,11.53,--,3,3459,卖盘
328,14:36:27,11.53,-0.01,28,32284,中性盘
329,14:36:24,11.54,0.02,87,100397,买盘
330,14:36:21,11.52,--,3,3456,买盘
331,14:36:15,11.52,-0.01,5,5760,卖盘
332,14:36:12,11.53,0.01,10,11530,买盘
333,14:36:09,11.52,--,2,2304,买盘
334,14:36:06,11.52,-0.01,3,3456,卖盘
335,14:36:03,11.53,--,55,63415,买盘
336,14:36:00,11.53,-0.01,10,11530,卖盘
337,14:35:48,11.54,0.03,12,13847,买盘
338,14:35:42,11.51,--,15,17265,卖盘
339,14:35:33,11.51,--,8,9208,卖盘
340,14:35:30,11.51,-0.03,46,52946,卖盘
341,14:35:24,11.54,--,22,25387,买盘
342,14:35:21,11.54,--,11,12693,买盘
343,14:35:18,11.54,--,7,8574,买盘
344,14:35:15,11.54,--,50,57699,买盘
345,14:35:12,11.54,0.03,12,14505,买盘
346,14:35:09,11.51,-0.01,1,1151,卖盘
347,14:35:06,11.52,0.01,15,17280,买盘
348,14:35:03,11.51,--,1,1151,卖盘
349,14:35:00,11.51,-0.01,5,5755,卖盘
350,14:34:57,11.52,--,625,720000,卖盘
351,14:34:51,11.52,--,40,46080,卖盘
352,14:34:48,11.52,-0.02,205,236160,卖盘
353,14:34:45,11.54,0.02,58,66932,买盘
354,14:34:42,11.52,-0.01,22,25344,卖盘
355,14:34:39,11.53,--,23,26519,卖盘
356,14:34:30,11.53,--,28,32284,卖盘
357,14:34:27,11.53,--,2,2306,卖盘
358,14:34:24,11.53,--,1,1153,卖盘
359,14:34:21,11.53,-0.01,23,26519,卖盘
360,14:34:15,11.54,--,20,23080,买盘
361,14:34:12,11.54,--,22,25387,买盘
362,14:34:09,11.54,--,3,3461,买盘
363,14:34:06,11.54,0.01,24,27695,买盘
364,14:34:03,11.53,-0.01,17,19601,卖盘
365,14:33:57,11.54,--,63,72702,卖盘
366,14:33:54,11.54,--,10,11540,卖盘
367,14:33:48,11.54,--,42,48468,卖盘
368,14:33:45,11.54,--,5,5770,卖盘
369,14:33:42,11.54,--,37,42698,买盘
370,14:33:36,11.54,0.01,1,1154,买盘
371,14:33:33,11.53,-0.01,4,4612,卖盘
372,14:33:27,11.54,--,4,4616,卖盘
373,14:33:24,11.54,-0.01,1,1154,卖盘
374,14:33:21,11.55,--,22,25410,买盘
375,14:33:18,11.55,--,15,17325,买盘
376,14:33:12,11.55,--,25,28875,买盘
377,14:33:09,11.55,0.03,68,78540,买盘
378,14:33:06,11.52,-0.03,301,346752,卖盘
379,14:33:03,11.55,0.02,53,61215,买盘
380,14:33:00,11.53,-0.02,56,64568,卖盘
381,14:32:57,11.55,--,6,6930,买盘
382,14:32:48,11.55,--,302,348810,买盘
383,14:32:45,11.55,0.02,178,205590,买盘
384,14:32:42,11.53,-0.01,73,84169,卖盘
385,14:32:39,11.54,--,59,68086,卖盘
386,14:32:36,11.54,--,38,43852,买盘
387,14:32:33,11.54,0.01,60,69240,买盘
388,14:32:30,11.53,-0.01,9,10377,卖盘
389,14:32:27,11.54,-0.01,332,383128,卖盘
390,14:32:24,11.55,--,102,117810,买盘
391,14:32:21,11.55,0.01,50,57750,买盘
392,14:32:18,11.54,-0.01,57,65778,卖盘
393,14:32:15,11.55,--,25,28875,买盘
394,14:32:12,11.55,0.01,187,215985,买盘
395,14:32:06,11.54,--,21,24234,卖盘
396,14:32:03,11.54,--,16,18464,卖盘
397,14:32:00,11.54,--,77,88858,卖盘
398,14:31:57,11.54,-0.01,91,105013,卖盘
399,14:31:54,11.55,--,20,23100,买盘
400,14:31:51,11.55,--,51,58905,买盘
401,14:31:45,11.55,0.01,1,1155,买盘
402,14:31:42,11.54,--,133,153482,卖盘
403,14:31:39,11.54,--,26,30003,卖盘
404,14:31:36,11.54,-0.01,135,155790,卖盘
405,14:31:33,11.55,--,152,175560,买盘
406,14:31:30,11.55,0.01,71,82005,买盘
407,14:31:27,11.54,-0.01,63,72702,卖盘
408,14:31:24,11.55,--,20,23100,买盘
409,14:31:21,11.55,--,25,28875,买盘
410,14:31:18,11.55,0.01,100,115500,买盘
411,14:31:12,11.54,--,20,23080,卖盘
412,14:31:09,11.54,--,4,4616,卖盘
413,14:31:06,11.54,--,2,2308,卖盘
414,14:31:03,11.54,0.01,14,16155,买盘
415,14:31:00,11.53,-0.02,76,87628,卖盘
416,14:30:57,11.55,0.01,384,443520,买盘
417,14:30:54,11.54,--,644,743176,买盘
418,14:30:51,11.54,0.01,350,403899,买盘
419,14:30:48,11.53,--,3,3459,卖盘
420,14:30:45,11.53,--,370,426610,买盘
421,14:30:42,11.53,--,146,168338,买盘
422,14:30:39,11.53,--,195,224835,买盘
423,14:30:36,11.53,--,289,333217,买盘
424,14:30:33,11.53,0.01,232,267496,买盘
425,14:30:30,11.52,-0.01,3,3456,卖盘
426,14:30:27,11.53,--,6,6918,买盘
427,14:30:24,11.53,--,18,20754,买盘
428,14:30:21,11.53,--,23,26519,买盘
429,14:30:18,11.53,0.01,104,119912,买盘
430,14:30:15,11.52,-0.01,46,52992,卖盘
431,14:30:12,11.53,0.01,11,12683,买盘
432,14:30:09,11.52,--,10,11520,卖盘
433,14:30:06,11.52,--,2,2304,卖盘
434,14:30:03,11.52,-0.01,14,16128,卖盘
435,14:30:00,11.53,--,98,112994,买盘
436,14:29:57,11.53,0.01,2,2306,买盘
437,14:29:51,11.52,--,650,748800,买盘
438,14:29:48,11.52,0.01,53,61056,买盘
439,14:29:42,11.51,-0.01,24,27624,卖盘
440,14:29:39,11.52,0.01,433,498816,买盘
441,14:29:36,11.51,-0.01,10,11510,卖盘
442,14:29:30,11.52,--,20,23040,买盘
443,14:29:24,11.52,-0.01,135,155520,卖盘
444,14:29:21,11.53,--,44,50732,买盘
445,14:29:18,11.53,--,1,1153,买盘
446,14:29:15,11.53,--,6,6918,买盘
447,14:29:12,11.53,--,33,38049,买盘
448,14:29:06,11.53,0.01,1,1153,买盘
449,14:29:03,11.52,0.01,9,10368,中性盘
450,14:29:00,11.51,-0.01,100,115100,卖盘
451,14:28:57,11.52,--,127,146304,买盘
452,14:28:54,11.52,--,163,187776,买盘
453,14:28:51,11.52,--,7,8064,买盘
454,14:28:48,11.52,--,180,207360,买盘
455,14:28:45,11.52,0.01,389,448128,买盘
456,14:28:42,11.51,-0.01,29,33379,卖盘
457,14:28:39,11.52,--,58,66816,买盘
458,14:28:30,11.52,0.01,11,12672,买盘
459,14:28:24,11.51,-0.01,2,2302,卖盘
460,14:28:21,11.52,0.01,19,21888,买盘
461,14:28:18,11.51,--,100,115100,买盘
462,14:28:15,11.51,--,313,360263,买盘
463,14:28:12,11.51,--,23,26473,买盘
464,14:28:09,11.51,--,107,123157,买盘
465,14:28:06,11.51,0.01,19,21869,买盘
466,14:28:03,11.5,--,9,10350,卖盘
467,14:28:00,11.5,-0.01,56,64400,卖盘
468,14:27:57,11.51,0.01,1,1151,买盘
469,14:27:54,11.5,--,1,1150,卖盘
470,14:27:51,11.5,--,36,41400,卖盘
471,14:27:42,11.5,-0.01,14,16100,卖盘
472,14:27:39,11.51,0.01,1,1151,买盘
473,14:27:36,11.5,-0.01,28,32200,卖盘
474,14:27:33,11.51,--,10,11510,买盘
475,14:27:27,11.51,0.01,121,139271,买盘
476,14:27:24,11.5,-0.01,3,3450,卖盘
477,14:27:18,11.51,--,7,8057,买盘
478,14:27:12,11.51,0.01,24,27624,买盘
479,14:27:09,11.5,-0.02,12,13800,卖盘
480,14:27:06,11.52,0.02,12,13824,买盘
481,14:27:03,11.5,-0.01,298,342780,卖盘
482,14:27:00,11.51,--,59,67909,买盘
483,14:26:57,11.51,0.01,4,4604,买盘
484,14:26:51,11.5,--,61,70150,卖盘
485,14:26:48,11.5,-0.01,72,82800,卖盘
486,14:26:45,11.51,--,59,67909,买盘
487,14:26:42,11.51,0.01,13,14963,买盘
488,14:26:36,11.5,-0.01,27,31050,卖盘
489,14:26:33,11.51,0.01,41,47191,买盘
490,14:26:30,11.5,--,110,126500,卖盘
491,14:26:24,11.5,-0.01,27,31050,卖盘
492,14:26:21,11.51,0.01,25,28775,买盘
493,14:26:15,11.5,-0.01,20,23000,卖盘
494,14:26:12,11.51,--,12,13812,买盘
495,14:26:06,11.51,0.01,1,1151,买盘
496,14:26:03,11.5,--,12,13800,卖盘
497,14:26:00,11.5,--,56,64400,卖盘
498,14:25:57,11.5,-0.01,15,17250,卖盘
499,14:25:54,11.51,0.01,2,2302,买盘
500,14:25:51,11.5,--,164,188600,卖盘
501,14:25:48,11.5,--,100,115000,卖盘
502,14:25:45,11.5,--,13,14950,卖盘
503,14:25:42,11.5,-0.01,18,20700,卖盘
504,14:25:30,11.51,--,11,12661,买盘
505,14:25:27,11.51,--,72,83942,卖盘
506,14:25:24,11.51,--,7,8057,卖盘
507,14:25:21,11.51,--,44,50644,卖盘
508,14:25:18,11.51,0.01,425,489255,买盘
509,14:25:15,11.5,--,38,43700,卖盘
510,14:25:12,11.5,--,108,124200,卖盘
511,14:25:09,11.5,--,50,57500,卖盘
512,14:25:06,11.5,--,83,95450,卖盘
513,14:25:03,11.5,--,26,29900,卖盘
514,14:25:00,11.5,--,77,88550,卖盘
515,14:24:54,11.5,--,121,139150,卖盘
516,14:24:51,11.5,--,5,5750,卖盘
517,14:24:48,11.5,--,5,5750,卖盘
518,14:24:45,11.5,--,78,89700,卖盘
519,14:24:42,11.5,--,22,25300,卖盘
520,14:24:39,11.5,--,3,3450,卖盘
521,14:24:36,11.5,-0.01,8,9200,卖盘
522,14:24:33,11.51,--,5,5755,买盘
523,14:24:30,11.51,--,61,70211,买盘
524,14:24:27,11.51,0.01,80,92080,买盘
525,14:24:24,11.5,-0.01,12,13800,卖盘
526,14:24:21,11.51,0.01,2,2302,买盘
527,14:24:18,11.5,-0.01,15,17250,卖盘
528,14:24:15,11.51,0.01,20,23020,买盘
529,14:24:12,11.5,--,59,67850,卖盘
530,14:24:06,11.5,--,10,11500,卖盘
531,14:24:03,11.5,--,2,2300,卖盘
532,14:24:00,11.5,--,69,79350,卖盘
533,14:23:57,11.5,-0.01,62,71300,卖盘
534,14:23:45,11.51,0.01,20,23020,买盘
535,14:23:42,11.5,--,13,14950,卖盘
536,14:23:39,11.5,--,20,23000,卖盘
537,14:23:36,11.5,-0.01,3,3450,卖盘
538,14:23:33,11.51,--,15,17265,买盘
539,14:23:27,11.51,--,161,186381,卖盘
540,14:23:24,11.51,-0.01,3,3453,卖盘
541,14:23:21,11.52,--,75,86400,买盘
542,14:23:18,11.52,--,24,27648,买盘
543,14:23:15,11.52,0.01,111,127872,买盘
544,14:23:12,11.51,-0.01,72,82872,卖盘
545,14:23:09,11.52,0.01,213,245376,买盘
546,14:23:06,11.51,--,11,12661,卖盘
547,14:23:03,11.51,--,1,1151,卖盘
548,14:23:00,11.51,--,56,64536,卖盘
549,14:22:54,11.51,-0.01,30,34530,卖盘
550,14:22:51,11.52,0.01,10,11520,买盘
551,14:22:48,11.51,-0.01,10,11510,卖盘
552,14:22:45,11.52,0.01,11,12672,买盘
553,14:22:42,11.51,--,15,17265,卖盘
554,14:22:39,11.51,--,12,13812,卖盘
555,14:22:27,11.51,--,10,11510,卖盘
556,14:22:24,11.51,--,1,1151,卖盘
557,14:22:21,11.51,--,1,1151,卖盘
558,14:22:18,11.51,-0.01,20,23020,卖盘
559,14:22:15,11.52,0.01,41,47232,买盘
560,14:22:12,11.51,-0.01,93,107043,卖盘
561,14:22:09,11.52,0.01,30,34560,买盘
562,14:22:03,11.51,--,2,2302,卖盘
563,14:22:00,11.51,--,71,81721,卖盘
564,14:21:54,11.51,-0.01,8,9208,卖盘
565,14:21:45,11.52,0.01,11,12672,买盘
566,14:21:42,11.51,-0.01,13,14963,卖盘
567,14:21:39,11.52,0.01,62,71424,买盘
568,14:21:36,11.51,-0.01,82,94382,卖盘
569,14:21:33,11.52,0.01,2,2304,买盘
570,14:21:30,11.51,-0.01,22,25322,卖盘
571,14:21:24,11.52,--,13,14976,买盘
572,14:21:21,11.52,--,102,117504,买盘
573,14:21:15,11.52,--,14,16128,买盘
574,14:21:12,11.52,0.01,16,18432,买盘
575,14:21:03,11.51,--,11,12661,卖盘
576,14:21:00,11.51,-0.01,66,75966,卖盘
577,14:20:57,11.52,0.01,10,11520,买盘
578,14:20:54,11.51,-0.01,22,25322,卖盘
579,14:20:51,11.52,--,46,52992,买盘
580,14:20:48,11.52,--,69,79488,买盘
581,14:20:45,11.52,0.01,1,1152,买盘
582,14:20:42,11.51,--,26,29926,卖盘
583,14:20:39,11.51,-0.01,16,18416,卖盘
584,14:20:36,11.52,--,89,102528,买盘
585,14:20:33,11.52,--,11,12672,买盘
586,14:20:30,11.52,--,51,58752,买盘
587,14:20:27,11.52,--,55,63360,买盘
588,14:20:24,11.52,--,162,186624,买盘
589,14:20:12,11.52,--,24,27648,买盘
590,14:20:09,11.52,--,13,14976,买盘
591,14:20:06,11.52,0.01,186,214272,买盘
592,14:20:03,11.51,--,2,2302,卖盘
593,14:20:00,11.51,--,92,105892,卖盘
594,14:19:57,11.51,-0.01,160,184160,卖盘
595,14:19:54,11.52,--,168,193536,买盘
596,14:19:51,11.52,--,18,20736,买盘
597,14:19:45,11.52,0.01,14,16128,买盘
598,14:19:42,11.51,--,41,47191,卖盘
599,14:19:39,11.51,--,5,5755,卖盘
600,14:19:30,11.51,-0.01,20,23020,卖盘
601,14:19:27,11.52,0.01,54,62208,买盘
602,14:19:24,11.51,--,12,13812,卖盘
603,14:19:15,11.51,-0.01,1,1151,卖盘
604,14:19:12,11.52,0.01,35,40320,买盘
605,14:19:09,11.51,-0.01,3,3453,卖盘
606,14:19:06,11.52,--,2,2304,买盘
607,14:19:03,11.52,--,101,116352,买盘
608,14:19:00,11.52,0.01,62,71424,买盘
609,14:18:57,11.51,-0.01,1,1151,卖盘
610,14:18:54,11.52,--,2,2304,买盘
611,14:18:48,11.52,0.01,5,5760,买盘
612,14:18:45,11.51,-0.01,2,2302,卖盘
613,14:18:42,11.52,0.01,24,27648,买盘
614,14:18:39,11.51,-0.01,20,23020,卖盘
615,14:18:33,11.52,--,46,52992,买盘
616,14:18:27,11.52,0.01,159,183168,买盘
617,14:18:24,11.51,-0.01,1,1151,卖盘
618,14:18:15,11.52,0.01,49,56448,买盘
619,14:18:12,11.51,--,90,103590,卖盘
620,14:18:09,11.51,--,41,47191,卖盘
621,14:18:06,11.51,--,2,2302,卖盘
622,14:18:03,11.51,--,2,2302,卖盘
623,14:18:00,11.51,--,70,80570,卖盘
624,14:17:54,11.51,--,5,5755,卖盘
625,14:17:51,11.51,-0.01,10,11510,卖盘
626,14:17:45,11.52,0.01,23,26496,买盘
627,14:17:42,11.51,--,287,330337,买盘
628,14:17:36,11.51,--,7,8057,买盘
629,14:17:33,11.51,0.01,12,13812,买盘
630,14:17:30,11.5,--,14,16100,卖盘
631,14:17:27,11.5,-0.01,12,13800,卖盘
632,14:17:24,11.51,--,7,8057,买盘
633,14:17:15,11.51,--,42,48342,买盘
634,14:17:12,11.51,--,25,28775,买盘
635,14:17:06,11.51,0.01,11,12661,买盘
636,14:17:03,11.5,--,4,4600,卖盘
637,14:17:00,11.5,--,102,117300,卖盘
638,14:16:57,11.5,--,70,80500,卖盘
639,14:16:54,11.5,--,33,37950,卖盘
640,14:16:51,11.5,--,14,16100,卖盘
641,14:16:45,11.5,--,2,2300,卖盘
642,14:16:42,11.5,--,29,33350,卖盘
643,14:16:39,11.5,-0.01,13,14950,卖盘
644,14:16:33,11.51,0.01,51,58701,买盘
645,14:16:30,11.5,-0.01,20,23000,卖盘
646,14:16:27,11.51,0.01,72,82872,买盘
647,14:16:24,11.5,--,152,174800,卖盘
648,14:16:18,11.5,-0.01,1,1150,卖盘
649,14:16:12,11.51,--,12,13812,买盘
650,14:16:06,11.51,0.01,14,16114,买盘
651,14:16:03,11.5,--,20,23000,买盘
652,14:16:00,11.5,--,68,78200,卖盘
653,14:15:57,11.5,0.01,10,11500,中性盘
654,14:15:54,11.49,-0.01,14,16086,卖盘
655,14:15:48,11.5,0.01,3,3450,中性盘
656,14:15:42,11.49,--,26,30276,卖盘
657,14:15:39,11.49,-0.02,1,1149,卖盘
658,14:15:36,11.51,0.01,33,37983,买盘
659,14:15:33,11.5,0.01,15,17250,买盘
660,14:15:30,11.49,-0.01,22,25278,卖盘
661,14:15:27,11.5,0.01,7,8050,买盘
662,14:15:24,11.49,-0.01,202,232098,卖盘
663,14:15:15,11.5,--,20,23000,买盘
664,14:15:12,11.5,--,12,13800,买盘
665,14:15:09,11.5,--,11,12650,买盘
666,14:15:06,11.5,0.01,24,27600,买盘
667,14:15:03,11.49,--,2,2298,卖盘
668,14:14:57,11.49,-0.02,948,1089252,卖盘
669,14:14:48,11.51,0.01,1,1151,买盘
670,14:14:45,11.5,--,75,86250,卖盘
671,14:14:42,11.5,--,30,34730,卖盘
672,14:14:39,11.5,-0.01,8,9372,卖盘
673,14:14:36,11.51,0.01,75,86325,买盘
674,14:14:33,11.5,-0.01,11,12650,卖盘
675,14:14:30,11.51,0.01,94,108228,买盘
676,14:14:27,11.5,0.01,10,11500,买盘
677,14:14:24,11.49,-0.01,2,2298,卖盘
678,14:14:21,11.5,--,24,27600,买盘
679,14:14:18,11.5,--,55,64365,卖盘
680,14:14:15,11.5,--,48,55200,卖盘
681,14:14:12,11.5,-0.01,22,25300,卖盘
682,14:14:06,11.51,0.01,11,12661,买盘
683,14:14:03,11.5,--,5,5750,卖盘
684,14:14:00,11.5,--,57,65550,卖盘
685,14:13:57,11.5,--,1,1150,卖盘
686,14:13:45,11.5,--,53,60950,卖盘
687,14:13:42,11.5,--,24,27600,卖盘
688,14:13:39,11.5,-0.01,16,18802,卖盘
689,14:13:36,11.51,--,11,12661,买盘
690,14:13:33,11.51,0.01,1,1151,买盘
691,14:13:27,11.5,--,8,9200,卖盘
692,14:13:24,11.5,--,263,302450,卖盘
693,14:13:18,11.5,--,10,11500,卖盘
694,14:13:15,11.5,-0.01,1,1150,卖盘
695,14:13:12,11.51,--,20,23020,买盘
696,14:13:06,11.51,0.01,23,26473,买盘
697,14:13:03,11.5,-0.01,2,2300,卖盘
698,14:13:00,11.51,0.01,121,139271,买盘
699,14:12:57,11.5,--,50,57500,卖盘
700,14:12:51,11.5,--,31,35650,卖盘
701,14:12:48,11.5,--,5,5750,卖盘
702,14:12:45,11.5,-0.01,1,1150,卖盘
703,14:12:42,11.51,0.01,17,19567,买盘
704,14:12:39,11.5,-0.01,213,245352,卖盘
705,14:12:36,11.51,0.01,12,13812,买盘
706,14:12:33,11.5,--,1,1150,卖盘
707,14:12:30,11.5,0.01,69,79729,买盘
708,14:12:24,11.49,--,2,2298,卖盘
709,14:12:21,11.49,-0.01,1,1149,卖盘
710,14:12:18,11.5,--,30,34500,买盘
711,14:12:15,11.5,--,17,19550,买盘
712,14:12:12,11.5,--,22,25300,买盘
713,14:12:09,11.5,--,9,10350,买盘
714,14:12:06,11.5,0.01,11,12650,买盘
715,14:12:03,11.49,--,21,24129,卖盘
716,14:12:00,11.49,-0.01,57,65493,卖盘
717,14:11:54,11.5,--,31,35650,买盘
718,14:11:51,11.5,--,31,36420,卖盘
719,14:11:48,11.5,--,61,70150,卖盘
720,14:11:45,11.5,--,1,1150,卖盘
721,14:11:42,11.5,-0.01,181,208150,卖盘
722,14:11:39,11.51,0.01,27,31295,买盘
723,14:11:36,11.5,--,439,505034,卖盘
724,14:11:33,11.5,--,15,17250,卖盘
725,14:11:30,11.5,--,20,23000,卖盘
726,14:11:27,11.5,-0.01,1,1150,卖盘
727,14:11:24,11.51,0.01,14,16114,买盘
728,14:11:21,11.5,-0.01,101,116150,卖盘
729,14:11:18,11.51,0.01,60,69060,买盘
730,14:11:12,11.5,--,17,19550,卖盘
731,14:11:06,11.5,--,18,20700,卖盘
732,14:11:03,11.5,--,13,14950,卖盘
733,14:11:00,11.5,--,56,64400,卖盘
734,14:10:57,11.5,0.01,126,146027,买盘
735,14:10:51,11.49,-0.01,28,32172,卖盘
736,14:10:48,11.5,--,108,124200,买盘
737,14:10:45,11.5,0.01,11,12650,买盘
738,14:10:42,11.49,-0.01,125,143647,卖盘
739,14:10:39,11.5,--,332,381800,卖盘
740,14:10:36,11.5,--,17,19952,卖盘
741,14:10:33,11.5,--,128,147200,卖盘
742,14:10:27,11.5,--,1,1150,卖盘
743,14:10:24,11.5,--,122,140300,卖盘
744,14:10:15,11.5,-0.01,18,20700,卖盘
745,14:10:12,11.51,0.01,12,13812,买盘
746,14:10:09,11.5,--,17,19550,卖盘
747,14:10:06,11.5,--,23,26450,卖盘
748,14:10:03,11.5,--,40,46000,卖盘
749,14:10:00,11.5,--,56,64400,卖盘
750,14:09:51,11.5,--,31,35650,卖盘
751,14:09:42,11.5,--,17,19550,卖盘
752,14:09:39,11.5,-0.01,1,1150,卖盘
753,14:09:36,11.51,0.01,147,169450,买盘
754,14:09:33,11.5,--,18,20849,卖盘
755,14:09:27,11.5,--,5,5750,卖盘
756,14:09:24,11.5,--,3,3450,卖盘
757,14:09:21,11.5,--,25,28750,卖盘
758,14:09:18,11.5,--,20,23000,卖盘
759,14:09:15,11.5,--,107,123372,买盘
760,14:09:12,11.5,0.01,33,37950,买盘
761,14:09:09,11.49,--,5,5745,卖盘
762,14:09:03,11.49,--,2,2298,卖盘
763,14:09:00,11.49,-0.01,104,119496,卖盘
764,14:08:57,11.5,0.01,30,34500,买盘
765,14:08:54,11.49,-0.01,260,298740,卖盘
766,14:08:51,11.5,0.01,12,13800,买盘
767,14:08:48,11.49,-0.01,1,1149,卖盘
768,14:08:45,11.5,0.01,53,60950,买盘
769,14:08:42,11.49,-0.01,13,14937,卖盘
770,14:08:39,11.5,--,18,21528,卖盘
771,14:08:36,11.5,--,5,6072,卖盘
772,14:08:33,11.5,-0.01,45,51830,中性盘
773,14:08:30,11.51,0.01,91,104741,买盘
774,14:08:27,11.5,--,21,24150,卖盘
775,14:08:24,11.5,-0.01,11,12650,卖盘
776,14:08:21,11.51,--,16,18416,买盘
777,14:08:18,11.51,0.01,7,8057,买盘
778,14:08:15,11.5,-0.01,20,23000,卖盘
779,14:08:12,11.51,--,160,184160,买盘
780,14:08:09,11.51,0.01,28,32228,买盘
781,14:08:06,11.5,--,17,19550,买盘
782,14:08:03,11.5,0.01,52,59800,买盘
783,14:08:00,11.49,-0.02,17,19533,卖盘
784,14:07:57,11.51,0.01,31,35681,买盘
785,14:07:54,11.5,0.01,114,131100,买盘
786,14:07:51,11.49,--,59,68193,买盘
787,14:07:48,11.49,0.01,12,13788,买盘
788,14:07:45,11.48,-0.01,21,24108,卖盘
789,14:07:42,11.49,--,45,51705,买盘
790,14:07:39,11.49,--,5,5745,买盘
791,14:07:36,11.49,--,313,360383,卖盘
792,14:07:33,11.49,--,10,11765,卖盘
793,14:07:30,11.49,-0.01,7,8169,卖盘
794,14:07:27,11.5,--,27,31050,买盘
795,14:07:24,11.5,--,3,3450,买盘
796,14:07:21,11.5,0.02,29,33350,买盘
797,14:07:18,11.48,-0.01,50,57400,卖盘
798,14:07:15,11.49,--,19,21831,卖盘
799,14:07:12,11.49,0.02,606,696294,买盘
800,14:07:09,11.47,-0.01,35,40145,卖盘
801,14:07:06,11.48,0.01,90,103320,买盘
802,14:07:03,11.47,-0.01,40,45880,卖盘
803,14:07:00,11.48,-0.01,454,521192,卖盘
804,14:06:57,11.49,0.01,24,27576,买盘
805,14:06:54,11.48,--,23,26404,卖盘
806,14:06:51,11.48,-0.01,98,112504,卖盘
807,14:06:48,11.49,--,8,9192,买盘
808,14:06:45,11.49,0.01,18,20682,买盘
809,14:06:42,11.48,-0.01,145,166460,卖盘
810,14:06:39,11.49,0.01,15,17235,买盘
811,14:06:36,11.48,-0.01,33,37884,卖盘
812,14:06:33,11.49,0.01,64,73536,买盘
813,14:06:30,11.48,-0.01,104,119793,卖盘
814,14:06:27,11.49,0.01,26,29874,买盘
815,14:06:24,11.48,--,44,50512,卖盘
816,14:06:21,11.48,-0.01,10,11480,卖盘
817,14:06:18,11.49,0.01,6,6894,买盘
818,14:06:15,11.48,-0.01,28,32144,卖盘
819,14:06:12,11.49,0.01,29,33321,中性盘
820,14:06:06,11.48,-0.01,810,929880,卖盘
821,14:06:03,11.49,--,14,16086,卖盘
822,14:06:00,11.49,-0.01,87,99963,卖盘
823,14:05:57,11.5,0.01,10,11500,买盘
824,14:05:54,11.49,-0.01,1,1149,卖盘
825,14:05:51,11.5,--,1,1150,买盘
826,14:05:48,11.5,--,111,127650,买盘
827,14:05:45,11.5,--,1,1897,卖盘
828,14:05:42,11.5,--,25,28750,卖盘
829,14:05:39,11.5,--,315,362250,卖盘
830,14:05:36,11.5,--,229,263350,卖盘
831,14:05:33,11.5,--,75,86250,卖盘
832,14:05:30,11.5,--,127,146452,卖盘
833,14:05:27,11.5,--,62,71300,卖盘
834,14:05:24,11.5,--,13,14950,卖盘
835,14:05:21,11.5,--,51,58650,卖盘
836,14:05:18,11.5,-0.01,9,10350,卖盘
837,14:05:12,11.51,--,31,35681,买盘
838,14:05:09,11.51,--,108,124825,卖盘
839,14:05:06,11.51,--,192,220992,卖盘
840,14:05:03,11.51,--,48,55248,卖盘
841,14:05:00,11.51,--,396,455796,卖盘
842,14:04:57,11.51,--,24,27624,卖盘
843,14:04:54,11.51,-0.01,44,50644,卖盘
844,14:04:51,11.52,0.01,327,376704,买盘
845,14:04:48,11.51,--,4,4604,卖盘
846,14:04:45,11.51,-0.01,6,6906,卖盘
847,14:04:42,11.52,0.01,12,13824,买盘
848,14:04:39,11.51,--,10,11510,卖盘
849,14:04:36,11.51,--,21,24171,卖盘
850,14:04:33,11.51,-0.01,3,3453,卖盘
851,14:04:30,11.52,0.01,41,47427,买盘
852,14:04:27,11.51,-0.01,152,175159,卖盘
853,14:04:24,11.52,--,63,72576,买盘
854,14:04:21,11.52,--,8,9216,买盘
855,14:04:15,11.52,--,260,299750,卖盘
856,14:04:12,11.52,--,140,161280,卖盘
857,14:04:09,11.52,-0.01,173,199296,卖盘
858,14:04:06,11.53,0.01,301,347053,买盘
859,14:04:03,11.52,--,115,132480,卖盘
860,14:04:00,11.52,--,55,63360,卖盘
861,14:03:57,11.52,--,202,232704,卖盘
862,14:03:54,11.52,-0.01,85,97920,卖盘
863,14:03:51,11.53,0.01,50,57650,买盘
864,14:03:42,11.52,--,23,26496,卖盘
865,14:03:39,11.52,--,61,70272,卖盘
866,14:03:33,11.52,--,4,4608,卖盘
867,14:03:30,11.52,-0.01,100,115200,卖盘
868,14:03:27,11.53,0.01,67,77654,买盘
869,14:03:24,11.52,--,2,2304,卖盘
870,14:03:21,11.52,-0.01,3,3456,卖盘
871,14:03:18,11.53,0.01,34,39202,买盘
872,14:03:15,11.52,--,1,1152,卖盘
873,14:03:12,11.52,-0.01,93,107136,卖盘
874,14:03:09,11.53,0.01,90,103770,买盘
875,14:03:06,11.52,--,9,10368,卖盘
876,14:03:03,11.52,--,1,1152,卖盘
877,14:03:00,11.52,-0.01,56,64512,卖盘
878,14:02:54,11.53,--,2,2306,买盘
879,14:02:48,11.53,--,118,136054,卖盘
880,14:02:45,11.53,--,7,8071,卖盘
881,14:02:42,11.53,--,102,117606,卖盘
882,14:02:39,11.53,--,201,231753,卖盘
883,14:02:36,11.53,--,70,80710,卖盘
884,14:02:33,11.53,--,122,140666,买盘
885,14:02:30,11.53,--,1,1153,买盘
886,14:02:27,11.53,0.01,81,93393,买盘
887,14:02:24,11.52,-0.01,25,29203,卖盘
888,14:02:21,11.53,--,509,586877,买盘
889,14:02:18,11.53,0.01,4,4612,买盘
890,14:02:15,11.52,-0.01,21,24192,卖盘
891,14:02:12,11.53,0.01,32,36896,买盘
892,14:02:09,11.52,--,2,2304,卖盘
893,14:02:06,11.52,--,20,23040,卖盘
894,14:02:03,11.52,--,2,2304,卖盘
895,14:02:00,11.52,--,55,63360,卖盘
896,14:01:51,11.52,--,220,253440,卖盘
897,14:01:45,11.52,--,4,4608,卖盘
898,14:01:42,11.52,--,14,16128,卖盘
899,14:01:39,11.52,--,92,105984,卖盘
900,14:01:33,11.52,-0.01,2,2304,卖盘
901,14:01:30,11.53,--,51,58803,买盘
902,14:01:27,11.53,0.01,22,25366,买盘
903,14:01:24,11.52,-0.01,23,26899,卖盘
904,14:01:21,11.53,--,28,32284,买盘
905,14:01:18,11.53,--,17,19601,买盘
906,14:01:12,11.53,--,12,13836,买盘
907,14:01:09,11.53,0.01,55,63415,买盘
908,14:01:06,11.52,--,500,576000,卖盘
909,14:01:03,11.52,--,1,1152,卖盘
910,14:01:00,11.52,-0.01,172,198144,卖盘
911,14:00:57,11.53,0.01,63,72639,买盘
912,14:00:54,11.52,--,9,10368,卖盘
913,14:00:48,11.52,--,90,103680,卖盘
914,14:00:42,11.52,-0.01,24,27648,卖盘
915,14:00:39,11.53,--,15,17295,买盘
916,14:00:36,11.53,0.01,30,34590,买盘
917,14:00:30,11.52,-0.01,1,1152,卖盘
918,14:00:27,11.53,0.01,95,109535,买盘
919,14:00:24,11.52,--,3,3456,卖盘
920,14:00:21,11.52,-0.01,26,30355,卖盘
921,14:00:18,11.53,--,1,1153,买盘
922,14:00:12,11.53,0.01,87,100311,买盘
923,14:00:06,11.52,--,1,1152,卖盘
924,14:00:03,11.52,-0.01,3,3456,卖盘
925,14:00:00,11.53,-0.01,41,47964,卖盘
926,13:59:57,11.54,0.01,22,25387,买盘
927,13:59:54,11.53,--,17,19601,卖盘
928,13:59:51,11.53,-0.01,40,46120,卖盘
929,13:59:48,11.54,0.01,18,20772,买盘
930,13:59:45,11.53,--,10,11530,卖盘
931,13:59:42,11.53,--,60,69180,卖盘
932,13:59:39,11.53,--,7,8071,卖盘
933,13:59:33,11.53,--,38,43814,卖盘
934,13:59:30,11.53,--,46,53038,卖盘
935,13:59:27,11.53,--,3,3459,卖盘
936,13:59:24,11.53,--,37,42661,卖盘
937,13:59:21,11.53,--,12,14239,卖盘
938,13:59:15,11.53,-0.01,7,8071,卖盘
939,13:59:12,11.54,--,573,661242,买盘
940,13:59:09,11.54,--,66,76164,买盘
941,13:59:06,11.54,0.01,8,9232,买盘
942,13:59:03,11.53,-0.01,2,2306,卖盘
943,13:59:00,11.54,--,61,70394,买盘
944,13:58:51,11.54,--,35,40390,买盘
945,13:58:45,11.54,0.01,1,1154,买盘
946,13:58:42,11.53,--,70,80710,卖盘
947,13:58:39,11.53,--,1,1153,卖盘
948,13:58:36,11.53,--,581,669893,卖盘
949,13:58:33,11.53,-0.01,20,23060,卖盘
950,13:58:30,11.54,0.01,18,20772,买盘
951,13:58:27,11.53,-0.01,307,353971,卖盘
952,13:58:24,11.54,--,45,51929,买盘
953,13:58:21,11.54,0.01,14,16432,买盘
954,13:58:18,11.53,--,107,123497,卖盘
955,13:58:15,11.53,-0.01,32,36896,卖盘
956,13:58:12,11.54,0.01,58,66932,买盘
957,13:58:09,11.53,--,60,69180,卖盘
958,13:58:06,11.53,--,47,54191,卖盘
959,13:58:03,11.53,--,48,56151,买盘
960,13:58:00,11.53,-0.01,83,96044,卖盘
961,13:57:57,11.54,0.01,5,5770,买盘
962,13:57:54,11.53,-0.01,48,55344,卖盘
963,13:57:51,11.54,0.01,2,2308,买盘
964,13:57:48,11.53,--,30,34590,卖盘
965,13:57:42,11.53,--,25,28825,卖盘
966,13:57:39,11.53,--,1,1153,卖盘
967,13:57:33,11.53,--,45,51885,卖盘
968,13:57:24,11.53,--,53,61916,买盘
969,13:57:21,11.53,--,68,78404,买盘
970,13:57:18,11.53,-0.01,84,97601,卖盘
971,13:57:12,11.54,0.01,270,311580,买盘
972,13:57:09,11.53,--,55,63415,卖盘
973,13:57:06,11.53,--,377,434681,卖盘
974,13:57:03,11.53,--,24,27672,卖盘
975,13:57:00,11.53,-0.01,89,102617,卖盘
976,13:56:54,11.54,0.01,24,27695,买盘
977,13:56:48,11.53,--,15,17295,卖盘
978,13:56:45,11.53,--,20,23060,卖盘
979,13:56:42,11.53,--,48,55344,卖盘
980,13:56:39,11.53,--,62,71486,卖盘
981,13:56:36,11.53,-0.01,205,236365,卖盘
982,13:56:33,11.54,--,7,8077,买盘
983,13:56:30,11.54,0.01,2,2308,买盘
984,13:56:24,11.53,--,2,2306,卖盘
985,13:56:21,11.53,-0.01,304,350512,卖盘
986,13:56:18,11.54,0.01,45,52080,买盘
987,13:56:15,11.53,-0.01,25,29078,卖盘
988,13:56:12,11.54,--,11,12693,买盘
989,13:56:06,11.54,--,20,23080,买盘
990,13:56:03,11.54,--,43,49621,买盘
991,13:55:57,11.54,-0.01,59,68939,卖盘
992,13:55:54,11.55,--,73,84315,买盘
993,13:55:51,11.55,0.01,111,128205,买盘
994,13:55:48,11.54,-0.01,50,57699,卖盘
995,13:55:45,11.55,0.01,56,64680,买盘
996,13:55:42,11.54,--,14,16155,卖盘
997,13:55:39,11.54,--,10,11540,卖盘
998,13:55:36,11.54,--,150,173100,卖盘
999,13:55:33,11.54,--,5,6070,买盘
1000,13:55:30,11.54,0.01,2,2308,买盘
1001,13:55:27,11.53,-0.01,13,14989,卖盘
1002,13:55:24,11.54,--,10,11540,买盘
1003,13:55:21,11.54,--,16,18464,买盘
1004,13:55:18,11.54,--,100,115399,买盘
1005,13:55:12,11.54,0.01,214,246955,买盘
1006,13:55:09,11.53,--,8,9224,卖盘
1007,13:55:06,11.53,--,141,162573,卖盘
1008,13:55:03,11.53,--,70,80710,卖盘
1009,13:55:00,11.53,--,73,84169,卖盘
1010,13:54:57,11.53,-0.01,20,23060,卖盘
1011,13:54:51,11.54,--,38,43852,买盘
1012,13:54:48,11.54,0.01,223,257341,买盘
1013,13:54:45,11.53,--,10,11530,卖盘
1014,13:54:42,11.53,-0.01,55,63415,卖盘
1015,13:54:36,11.54,0.01,13,15001,买盘
1016,13:54:33,11.53,--,3,3459,卖盘
1017,13:54:30,11.53,-0.01,54,62262,卖盘
1018,13:54:27,11.54,--,25,28849,买盘
1019,13:54:24,11.54,--,135,155790,买盘
1020,13:54:21,11.54,--,1,1154,买盘
1021,13:54:18,11.54,--,60,69240,买盘
1022,13:54:15,11.54,--,21,24234,买盘
1023,13:54:12,11.54,--,29,33466,买盘
1024,13:54:09,11.54,--,59,68086,买盘
1025,13:54:06,11.54,0.01,14,16155,买盘
1026,13:54:03,11.53,--,27,31131,卖盘
1027,13:54:00,11.53,--,56,64568,卖盘
1028,13:53:57,11.53,-0.01,7,8071,卖盘
1029,13:53:54,11.54,--,84,96936,买盘
1030,13:53:48,11.54,--,34,39236,买盘
1031,13:53:45,11.54,0.01,65,75010,买盘
1032,13:53:42,11.53,-0.01,119,137207,卖盘
1033,13:53:39,11.54,--,15,17310,买盘
1034,13:53:33,11.54,0.01,12,13847,买盘
1035,13:53:30,11.53,--,20,23060,卖盘
1036,13:53:27,11.53,--,113,130289,卖盘
1037,13:53:24,11.53,-0.01,52,59956,卖盘
1038,13:53:21,11.54,--,5,5770,买盘
1039,13:53:18,11.54,--,17,19618,买盘
1040,13:53:15,11.54,0.01,66,76164,买盘
1041,13:53:12,11.53,-0.01,54,62262,卖盘
1042,13:53:06,11.54,--,188,216951,买盘
1043,13:53:03,11.54,--,72,83088,买盘
1044,13:53:00,11.54,--,57,65778,买盘
1045,13:52:54,11.54,--,200,230799,买盘
1046,13:52:51,11.54,--,24,27695,买盘
1047,13:52:48,11.54,--,46,53083,买盘
1048,13:52:45,11.54,0.01,22,25387,买盘
1049,13:52:42,11.53,--,17,19601,卖盘
1050,13:52:39,11.53,--,20,23060,卖盘
1051,13:52:36,11.53,-0.01,2,2306,卖盘
1052,13:52:33,11.54,--,60,69240,买盘
1053,13:52:27,11.54,--,10,11540,买盘
1054,13:52:24,11.54,--,125,144250,卖盘
1055,13:52:21,11.54,--,126,145404,卖盘
1056,13:52:18,11.54,-0.01,5,5770,卖盘
1057,13:52:15,11.55,--,33,38115,买盘
1058,13:52:12,11.55,0.01,62,71610,买盘
1059,13:52:09,11.54,-0.01,207,238877,卖盘
1060,13:52:06,11.55,0.01,79,91245,买盘
1061,13:52:03,11.54,-0.01,41,47314,卖盘
1062,13:52:00,11.55,--,154,177870,买盘
1063,13:51:57,11.55,--,35,40425,买盘
1064,13:51:51,11.55,0.01,40,46200,买盘
1065,13:51:48,11.54,--,4,4616,卖盘
1066,13:51:45,11.54,--,63,72702,卖盘
1067,13:51:42,11.54,--,41,47314,卖盘
1068,13:51:39,11.54,-0.01,39,45006,卖盘
1069,13:51:36,11.55,--,58,66990,买盘
1070,13:51:33,11.55,0.01,32,36960,买盘
1071,13:51:30,11.54,--,12,13847,卖盘
1072,13:51:27,11.54,--,264,304656,卖盘
1073,13:51:24,11.54,-0.01,615,709710,卖盘
1074,13:51:18,11.55,--,66,76230,买盘
1075,13:51:15,11.55,--,35,40425,买盘
1076,13:51:12,11.55,--,275,317625,卖盘
1077,13:51:09,11.55,-0.01,10,11550,卖盘
1078,13:51:06,11.56,--,211,243916,买盘
1079,13:51:03,11.56,0.01,29,33524,买盘
1080,13:51:00,11.55,--,95,109725,卖盘
1081,13:50:57,11.55,--,5,5775,卖盘
1082,13:50:54,11.55,--,17,19635,卖盘
1083,13:50:51,11.55,--,1065,1230075,买盘
1084,13:50:48,11.55,0.01,23,26565,买盘
1085,13:50:45,11.54,--,63,72702,卖盘
1086,13:50:42,11.54,--,24,27695,卖盘
1087,13:50:39,11.54,--,134,154636,卖盘
1088,13:50:36,11.54,-0.01,63,72702,卖盘
1089,13:50:33,11.55,0.01,111,128205,买盘
1090,13:50:30,11.54,-0.01,245,282730,卖盘
1091,13:50:27,11.55,--,61,70455,买盘
1092,13:50:24,11.55,0.01,26,30030,买盘
1093,13:50:21,11.54,--,1533,1769081,卖盘
1094,13:50:18,11.54,--,85,98090,卖盘
1095,13:50:15,11.54,--,264,304656,卖盘
1096,13:50:12,11.54,--,42,48468,卖盘
1097,13:50:09,11.54,-0.01,253,291962,卖盘
1098,13:50:06,11.55,0.01,230,265650,买盘
1099,13:50:03,11.54,--,2,2308,卖盘
1100,13:50:00,11.54,0.01,247,285038,买盘
1101,13:49:57,11.53,-0.01,48,55344,卖盘
1102,13:49:54,11.54,--,301,347354,买盘
1103,13:49:51,11.54,--,310,357740,买盘
1104,13:49:48,11.54,0.01,119,137326,买盘
1105,13:49:45,11.53,--,76,87628,卖盘
1106,13:49:42,11.53,-0.01,504,581112,卖盘
1107,13:49:39,11.54,0.01,1389,1602905,买盘
1108,13:49:36,11.53,0.01,954,1099962,买盘
1109,13:49:33,11.52,0.01,1120,1290700,买盘
1110,13:49:30,11.51,--,78,89778,卖盘
1111,13:49:27,11.51,--,30,34530,卖盘
1112,13:49:24,11.51,--,55,63305,卖盘
1113,13:49:21,11.51,--,2332,2684362,买盘
1114,13:49:18,11.51,0.01,64,73664,买盘
1115,13:49:15,11.5,--,20,23000,卖盘
1116,13:49:12,11.5,--,51,58650,卖盘
1117,13:49:09,11.5,--,51,58650,卖盘
1118,13:49:06,11.5,--,44,50600,卖盘
1119,13:49:03,11.5,--,117,134550,卖盘
1120,13:49:00,11.5,--,62,71300,卖盘
1121,13:48:57,11.5,--,17,19550,卖盘
1122,13:48:54,11.5,--,104,119600,卖盘
1123,13:48:51,11.5,--,90,103500,卖盘
1124,13:48:48,11.5,--,66,75900,卖盘
1125,13:48:45,11.5,--,47,54050,卖盘
1126,13:48:42,11.5,--,22,25300,卖盘
1127,13:48:39,11.5,-0.01,34,39100,卖盘
1128,13:48:36,11.51,0.01,462,531762,买盘
1129,13:48:33,11.5,0.01,774,890100,买盘
1130,13:48:30,11.49,-0.01,42,48258,卖盘
1131,13:48:27,11.5,0.01,58,66700,买盘
1132,13:48:24,11.49,--,10,11490,卖盘
1133,13:48:21,11.49,-0.01,93,106857,卖盘
1134,13:48:18,11.5,--,16,18400,买盘
1135,13:48:15,11.5,--,18,20700,买盘
1136,13:48:12,11.5,--,29,33350,买盘
1137,13:48:03,11.5,0.01,33,37950,买盘
1138,13:48:00,11.49,-0.01,56,64344,卖盘
1139,13:47:57,11.5,0.01,6,6900,买盘
1140,13:47:54,11.49,--,51,58599,卖盘
1141,13:47:48,11.49,--,7,8043,卖盘
1142,13:47:42,11.49,-0.01,18,20682,卖盘
1143,13:47:39,11.5,0.01,6,6900,买盘
1144,13:47:36,11.49,-0.02,49,56301,卖盘
1145,13:47:33,11.51,0.01,127,146177,买盘
1146,13:47:30,11.5,--,167,192050,卖盘
1147,13:47:27,11.5,-0.01,9,10350,卖盘
1148,13:47:24,11.51,0.01,20,23020,买盘
1149,13:47:21,11.5,--,355,408250,卖盘
1150,13:47:18,11.5,--,5,5750,卖盘
1151,13:47:15,11.5,--,3,3450,卖盘
1152,13:47:12,11.5,--,28,32200,卖盘
1153,13:47:09,11.5,--,4,4600,卖盘
1154,13:47:06,11.5,0.01,633,727950,买盘
1155,13:47:03,11.49,--,1,1149,卖盘
1156,13:47:00,11.49,--,56,64344,卖盘
1157,13:46:57,11.49,-0.01,1,1149,卖盘
1158,13:46:54,11.5,--,106,121900,买盘
1159,13:46:51,11.5,--,9,10350,买盘
1160,13:46:48,11.5,--,226,259900,卖盘
1161,13:46:45,11.5,--,44,50600,卖盘
1162,13:46:42,11.5,--,56,64400,卖盘
1163,13:46:39,11.5,--,36,41400,卖盘
1164,13:46:36,11.5,-0.01,610,701500,卖盘
1165,13:46:33,11.51,0.01,79,90929,买盘
1166,13:46:30,11.5,--,5,5750,卖盘
1167,13:46:27,11.5,-0.01,84,96600,卖盘
1168,13:46:24,11.51,0.01,21,24171,买盘
1169,13:46:21,11.5,--,89,102350,卖盘
1170,13:46:18,11.5,-0.01,50,57500,卖盘
1171,13:46:15,11.51,0.01,9,10359,买盘
1172,13:46:12,11.5,-0.01,87,100050,卖盘
1173,13:46:06,11.51,0.01,202,232502,买盘
1174,13:46:03,11.5,-0.01,2,2300,卖盘
1175,13:46:00,11.51,--,285,328035,买盘
1176,13:45:57,11.51,--,11,12661,买盘
1177,13:45:51,11.51,0.01,1,1151,买盘
1178,13:45:48,11.5,--,14,16100,卖盘
1179,13:45:42,11.5,-0.01,13,14950,卖盘
1180,13:45:39,11.51,--,49,56399,买盘
1181,13:45:33,11.51,--,241,277391,买盘
1182,13:45:30,11.51,--,15,17265,买盘
1183,13:45:27,11.51,0.01,190,218690,买盘
1184,13:45:24,11.5,--,211,242650,卖盘
1185,13:45:21,11.5,--,1,1150,卖盘
1186,13:45:18,11.5,--,16,18400,卖盘
1187,13:45:15,11.5,-0.01,129,148350,卖盘
1188,13:45:12,11.51,--,12,13812,买盘
1189,13:45:09,11.51,0.01,27,31077,买盘
1190,13:45:03,11.5,--,132,151823,卖盘
1191,13:45:00,11.5,0.01,1900,2185920,买盘
1192,13:44:57,11.49,--,12,13788,卖盘
1193,13:44:54,11.49,-0.01,3,3447,卖盘
1194,13:44:45,11.5,0.01,75,86250,买盘
1195,13:44:42,11.49,--,14,16086,卖盘
1196,13:44:39,11.49,--,5,5745,卖盘
1197,13:44:36,11.49,-0.01,71,81579,卖盘
1198,13:44:33,11.5,0.01,45,51750,买盘
1199,13:44:30,11.49,--,5,5745,卖盘
1200,13:44:27,11.49,0.01,44,50556,买盘
1201,13:44:24,11.48,-0.01,28,32144,卖盘
1202,13:44:21,11.49,--,20,22980,卖盘
1203,13:44:18,11.49,--,10,11490,卖盘
1204,13:44:15,11.49,--,126,144774,买盘
1205,13:44:12,11.49,0.01,17,19533,买盘
1206,13:44:09,11.48,--,1,1148,卖盘
1207,13:44:06,11.48,-0.01,2,2296,卖盘
1208,13:44:03,11.49,0.01,32,36768,买盘
1209,13:44:00,11.48,--,56,64288,卖盘
1210,13:43:57,11.48,-0.01,38,43624,卖盘
1211,13:43:51,11.49,0.01,6,6894,买盘
1212,13:43:48,11.48,--,1,1148,卖盘
1213,13:43:45,11.48,--,4,4592,卖盘
1214,13:43:42,11.48,-0.01,13,14924,卖盘
1215,13:43:39,11.49,--,10,11490,买盘
1216,13:43:36,11.49,--,19,21831,买盘
1217,13:43:33,11.49,--,6,6894,买盘
1218,13:43:30,11.49,0.01,2,2298,买盘
1219,13:43:27,11.48,--,23,26404,卖盘
1220,13:43:24,11.48,-0.02,34,39032,卖盘
1221,13:43:15,11.5,--,9,10350,买盘
1222,13:43:12,11.5,0.02,12,13800,买盘
1223,13:43:06,11.48,--,15,17220,卖盘
1224,13:43:03,11.48,-0.02,12,13776,卖盘
1225,13:43:00,11.5,0.01,87,100050,买盘
1226,13:42:57,11.49,--,20,22980,卖盘
1227,13:42:51,11.49,--,11,12639,卖盘
1228,13:42:48,11.49,--,10,11490,卖盘
1229,13:42:42,11.49,--,13,14937,买盘
1230,13:42:39,11.49,0.01,7,8043,买盘
1231,13:42:36,11.48,-0.01,100,114800,卖盘
1232,13:42:33,11.49,--,5,5745,买盘
1233,13:42:24,11.49,--,5,5745,卖盘
1234,13:42:21,11.49,--,4,4596,卖盘
1235,13:42:18,11.49,-0.01,31,35619,卖盘
1236,13:42:15,11.5,0.01,8,9200,买盘
1237,13:42:12,11.49,--,6,6894,卖盘
1238,13:42:09,11.49,--,5,5745,卖盘
1239,13:42:03,11.49,--,1,1149,卖盘
1240,13:42:00,11.49,0.01,62,71238,买盘
1241,13:41:54,11.48,-0.02,20,22960,卖盘
1242,13:41:51,11.5,0.02,17,19550,买盘
1243,13:41:48,11.48,-0.01,26,29848,卖盘
1244,13:41:45,11.49,0.01,258,296442,买盘
1245,13:41:42,11.48,-0.01,2,2296,卖盘
1246,13:41:33,11.49,0.01,4,4596,买盘
1247,13:41:30,11.48,-0.01,146,167608,卖盘
1248,13:41:27,11.49,--,3,3447,卖盘
1249,13:41:24,11.49,--,262,301038,卖盘
1250,13:41:21,11.49,--,10,11490,卖盘
1251,13:41:18,11.49,-0.01,47,54003,卖盘
1252,13:41:12,11.5,--,252,289800,买盘
1253,13:41:09,11.5,0.01,85,97750,买盘
1254,13:41:06,11.49,--,12,13788,卖盘
1255,13:41:03,11.49,--,22,25278,卖盘
1256,13:41:00,11.49,--,54,62046,卖盘
1257,13:40:57,11.49,-0.01,114,130986,卖盘
1258,13:40:51,11.5,0.01,46,52900,买盘
1259,13:40:48,11.49,--,22,25278,卖盘
1260,13:40:45,11.49,--,10,11490,卖盘
1261,13:40:42,11.49,--,2,2298,卖盘
1262,13:40:39,11.49,--,12,13788,卖盘
1263,13:40:36,11.49,--,14,16086,卖盘
1264,13:40:33,11.49,--,45,51705,卖盘
1265,13:40:30,11.49,--,35,40215,卖盘
1266,13:40:27,11.49,--,199,228651,卖盘
1267,13:40:24,11.49,--,2,2298,卖盘
1268,13:40:21,11.49,--,62,71238,卖盘
1269,13:40:18,11.49,-0.01,14,16086,卖盘
1270,13:40:09,11.5,0.01,18,20700,买盘
1271,13:40:03,11.49,--,22,25278,卖盘
1272,13:40:00,11.49,--,4,4596,卖盘
1273,13:39:57,11.49,--,56,64344,卖盘
1274,13:39:54,11.49,--,30,34470,卖盘
1275,13:39:51,11.49,--,69,79281,卖盘
1276,13:39:48,11.49,--,32,36768,卖盘
1277,13:39:45,11.49,--,1,1149,卖盘
1278,13:39:42,11.49,--,214,245886,卖盘
1279,13:39:39,11.49,--,1,1149,卖盘
1280,13:39:36,11.49,-0.01,12,13788,卖盘
1281,13:39:33,11.5,0.01,78,89700,买盘
1282,13:39:30,11.49,--,48,55152,卖盘
1283,13:39:27,11.49,--,34,39066,卖盘
1284,13:39:24,11.49,--,106,121794,卖盘
1285,13:39:21,11.49,--,373,428577,卖盘
1286,13:39:18,11.49,-0.01,30,34470,卖盘
1287,13:39:15,11.5,0.01,29,33350,买盘
1288,13:39:12,11.49,-0.01,10,11490,卖盘
1289,13:39:09,11.5,0.01,10,11500,买盘
1290,13:39:06,11.49,--,12,13788,卖盘
1291,13:39:03,11.49,--,41,47109,买盘
1292,13:39:00,11.49,--,4,4596,买盘
1293,13:38:57,11.49,--,30,34470,卖盘
1294,13:38:54,11.49,--,5,5745,卖盘
1295,13:38:48,11.49,--,22,25278,卖盘
1296,13:38:45,11.49,--,41,47109,买盘
1297,13:38:42,11.49,--,96,110304,卖盘
1298,13:38:39,11.49,--,312,358488,卖盘
1299,13:38:33,11.49,-0.01,28,32172,卖盘
1300,13:38:30,11.5,0.01,34,39100,买盘
1301,13:38:27,11.49,--,20,22980,卖盘
1302,13:38:24,11.49,-0.01,283,325167,卖盘
1303,13:38:18,11.5,--,10,11500,买盘
1304,13:38:15,11.5,0.01,22,25300,买盘
1305,13:38:12,11.49,-0.01,45,51705,卖盘
1306,13:38:09,11.5,0.01,271,311650,买盘
1307,13:38:06,11.49,--,500,574500,卖盘
1308,13:38:03,11.49,--,14,16086,卖盘
1309,13:38:00,11.49,--,59,67791,卖盘
1310,13:37:57,11.49,--,3,3447,卖盘
1311,13:37:54,11.49,--,22,25278,卖盘
1312,13:37:51,11.49,-0.01,13,14937,卖盘
1313,13:37:48,11.5,--,11,12650,买盘
1314,13:37:45,11.5,0.02,12,13800,买盘
1315,13:37:42,11.48,--,3,3444,卖盘
1316,13:37:39,11.48,-0.01,156,179088,卖盘
1317,13:37:30,11.49,0.01,65,74685,买盘
1318,13:37:27,11.48,--,1,1148,卖盘
1319,13:37:24,11.48,-0.02,1,1148,卖盘
1320,13:37:21,11.5,0.01,419,481850,买盘
1321,13:37:18,11.49,-0.01,692,796038,卖盘
1322,13:37:15,11.5,0.01,136,156400,买盘
1323,13:37:09,11.49,--,6,6894,卖盘
1324,13:37:06,11.49,0.01,423,486567,买盘
1325,13:37:03,11.48,--,43,49364,卖盘
1326,13:37:00,11.48,--,12,13776,卖盘
1327,13:36:57,11.48,--,55,63140,卖盘
1328,13:36:51,11.48,--,6,6888,卖盘
1329,13:36:48,11.48,-0.01,3,3444,卖盘
1330,13:36:45,11.49,--,295,339563,卖盘
1331,13:36:42,11.49,--,12,13788,卖盘
1332,13:36:39,11.49,--,18,20682,卖盘
1333,13:36:33,11.49,--,44,50556,卖盘
1334,13:36:30,11.49,--,11,12639,卖盘
1335,13:36:27,11.49,--,50,57450,卖盘
1336,13:36:24,11.49,--,24,27576,卖盘
1337,13:36:21,11.49,--,11,12639,卖盘
1338,13:36:18,11.49,-0.01,17,19533,卖盘
1339,13:36:15,11.5,0.01,37,42550,买盘
1340,13:36:12,11.49,--,100,114900,卖盘
1341,13:36:09,11.49,--,10,11490,卖盘
1342,13:36:06,11.49,--,1296,1489104,卖盘
1343,13:36:03,11.49,--,31,35619,卖盘
1344,13:36:00,11.49,--,156,179244,卖盘
1345,13:35:57,11.49,--,120,137880,卖盘
1346,13:35:51,11.49,--,15,17235,卖盘
1347,13:35:48,11.49,-0.01,40,45960,卖盘
1348,13:35:45,11.5,0.01,112,128800,买盘
1349,13:35:42,11.49,-0.01,81,93069,卖盘
1350,13:35:39,11.5,--,13,14950,买盘
1351,13:35:36,11.5,0.01,109,125350,买盘
1352,13:35:33,11.49,--,453,520497,卖盘
1353,13:35:27,11.49,-0.01,19,21831,卖盘
1354,13:35:24,11.5,--,9,10350,买盘
1355,13:35:21,11.5,0.01,72,82800,买盘
1356,13:35:18,11.49,-0.01,21,24129,卖盘
1357,13:35:15,11.5,0.01,82,94300,买盘
1358,13:35:09,11.49,-0.01,39,44811,卖盘
1359,13:35:03,11.5,0.01,101,116150,买盘
1360,13:35:00,11.49,--,296,340104,卖盘
1361,13:34:57,11.49,-0.01,59,67791,卖盘
1362,13:34:54,11.5,0.01,83,95450,买盘
1363,13:34:51,11.49,-0.01,37,42513,卖盘
1364,13:34:48,11.5,--,216,248400,买盘
1365,13:34:45,11.5,--,93,106950,买盘
1366,13:34:42,11.5,0.01,268,308200,买盘
1367,13:34:39,11.49,--,16,18384,卖盘
1368,13:34:36,11.49,--,76,87324,卖盘
1369,13:34:33,11.49,--,85,97665,卖盘
1370,13:34:27,11.49,--,78,89622,卖盘
1371,13:34:24,11.49,-0.01,1,1149,卖盘
1372,13:34:15,11.5,0.01,22,25300,买盘
1373,13:34:12,11.49,--,21,24129,卖盘
1374,13:34:09,11.49,--,82,94218,卖盘
1375,13:34:03,11.49,--,12,13788,卖盘
1376,13:34:00,11.49,--,1,1149,卖盘
1377,13:33:57,11.49,-0.01,56,64344,卖盘
1378,13:33:54,11.5,--,65,74750,买盘
1379,13:33:51,11.5,--,19,21850,买盘
1380,13:33:48,11.5,--,124,142600,买盘
1381,13:33:45,11.5,0.01,12,13800,买盘
1382,13:33:42,11.49,--,161,184989,卖盘
1383,13:33:39,11.49,--,66,75834,卖盘
1384,13:33:36,11.49,--,27,31023,卖盘
1385,13:33:33,11.49,-0.01,50,57450,卖盘
1386,13:33:30,11.5,0.01,14,16100,买盘
1387,13:33:27,11.49,--,50,57450,卖盘
1388,13:33:24,11.49,--,10,11490,卖盘
1389,13:33:18,11.49,-0.01,198,227502,卖盘
1390,13:33:15,11.5,0.01,30,34500,买盘
1391,13:33:12,11.49,--,13,14937,卖盘
1392,13:33:09,11.49,--,24,27576,卖盘
1393,13:33:06,11.49,--,31,35619,卖盘
1394,13:33:03,11.49,--,1,1149,卖盘
1395,13:33:00,11.49,--,55,63195,卖盘
1396,13:32:57,11.49,--,3,3447,卖盘
1397,13:32:51,11.49,-0.01,20,22980,卖盘
1398,13:32:45,11.5,0.01,12,13800,买盘
1399,13:32:42,11.49,--,2,2298,卖盘
1400,13:32:39,11.49,-0.01,8,9192,卖盘
1401,13:32:30,11.5,--,3,3450,买盘
1402,13:32:27,11.5,--,56,64400,买盘
1403,13:32:24,11.5,--,71,81650,买盘
1404,13:32:21,11.5,0.01,28,32200,买盘
1405,13:32:18,11.49,-0.01,110,126390,卖盘
1406,13:32:15,11.5,--,30,34500,买盘
1407,13:32:12,11.5,--,22,25300,买盘
1408,13:32:09,11.5,--,50,57500,买盘
1409,13:32:06,11.5,0.01,65,74750,买盘
1410,13:32:03,11.49,-0.01,70,80430,卖盘
1411,13:32:00,11.5,0.01,20,23000,买盘
1412,13:31:57,11.49,-0.01,55,63195,卖盘
1413,13:31:48,11.5,--,19,21850,买盘
1414,13:31:45,11.5,--,59,68080,卖盘
1415,13:31:42,11.5,--,1,1150,卖盘
1416,13:31:39,11.5,--,6,6900,卖盘
1417,13:31:33,11.5,--,235,271170,卖盘
1418,13:31:30,11.5,--,1,1150,卖盘
1419,13:31:27,11.5,--,10,11500,卖盘
1420,13:31:24,11.5,--,3,3450,卖盘
1421,13:31:21,11.5,--,102,117300,买盘
1422,13:31:18,11.5,--,38,43700,买盘
1423,13:31:15,11.5,--,171,196650,卖盘
1424,13:31:09,11.5,0.01,8,9200,买盘
1425,13:31:06,11.49,-0.01,3,3447,卖盘
1426,13:31:03,11.5,--,57,65550,买盘
1427,13:31:00,11.5,--,25,28750,卖盘
1428,13:30:57,11.5,--,107,123050,卖盘
1429,13:30:54,11.5,--,52,59800,卖盘
1430,13:30:51,11.5,--,7,8050,卖盘
1431,13:30:48,11.5,--,4,4600,卖盘
1432,13:30:45,11.5,0.01,35,40250,买盘
1433,13:30:42,11.49,-0.02,2,2298,卖盘
1434,13:30:39,11.51,0.01,159,183009,买盘
1435,13:30:36,11.5,--,133,152950,买盘
1436,13:30:33,11.5,--,31,35650,卖盘
1437,13:30:30,11.5,-0.01,4,4600,卖盘
1438,13:30:27,11.51,0.01,1,1151,买盘
1439,13:30:24,11.5,-0.01,31,35650,卖盘
1440,13:30:21,11.51,--,72,82872,买盘
1441,13:30:18,11.51,--,91,105661,买盘
1442,13:30:15,11.51,--,6,6906,买盘
1443,13:30:12,11.51,--,2,2302,买盘
1444,13:30:09,11.51,0.01,11,12661,买盘
1445,13:30:06,11.5,--,75,86250,卖盘
1446,13:30:03,11.5,-0.01,2,2300,卖盘
1447,13:30:00,11.51,0.01,109,125459,买盘
1448,13:29:57,11.5,--,55,63250,卖盘
1449,13:29:54,11.5,-0.01,45,51750,卖盘
1450,13:29:51,11.51,0.01,100,115100,买盘
1451,13:29:48,11.5,--,98,112700,卖盘
1452,13:29:45,11.5,--,289,332350,卖盘
1453,13:29:42,11.5,-0.01,7,8050,卖盘
1454,13:29:39,11.51,0.01,100,115100,买盘
1455,13:29:36,11.5,--,20,23000,卖盘
1456,13:29:33,11.5,--,10,11500,卖盘
1457,13:29:30,11.5,--,2,2300,卖盘
1458,13:29:27,11.5,--,39,44850,卖盘
1459,13:29:24,11.5,0.01,64,73830,买盘
1460,13:29:21,11.49,-0.01,10,11490,卖盘
1461,13:29:18,11.5,--,1000,1150000,买盘
1462,13:29:15,11.5,--,97,111550,买盘
1463,13:29:12,11.5,0.01,10,11500,买盘
1464,13:29:06,11.49,-0.01,27,31023,卖盘
1465,13:29:03,11.5,--,3,3450,买盘
1466,13:29:00,11.5,0.01,100,115000,买盘
1467,13:28:57,11.49,--,56,64344,卖盘
1468,13:28:54,11.49,-0.01,2,2298,卖盘
1469,13:28:48,11.5,0.01,210,241500,买盘
1470,13:28:42,11.49,-0.01,202,232098,卖盘
1471,13:28:36,11.5,--,5,5750,买盘
1472,13:28:30,11.5,--,335,385250,买盘
1473,13:28:27,11.5,0.01,56,64400,买盘
1474,13:28:24,11.49,--,11,12639,卖盘
1475,13:28:21,11.49,-0.01,10,11490,卖盘
1476,13:28:18,11.5,--,10,11500,买盘
1477,13:28:12,11.5,0.01,71,81650,买盘
1478,13:28:06,11.49,--,1,1149,卖盘
1479,13:28:03,11.49,-0.01,4,4596,卖盘
1480,13:28:00,11.5,0.01,11,12650,买盘
1481,13:27:57,11.49,-0.01,61,70089,卖盘
1482,13:27:54,11.5,--,70,80500,买盘
1483,13:27:48,11.5,0.01,50,57500,买盘
1484,13:27:45,11.49,--,42,48258,卖盘
1485,13:27:42,11.49,-0.01,71,81579,卖盘
1486,13:27:39,11.5,--,12,14720,卖盘
1487,13:27:36,11.5,--,3,3450,卖盘
1488,13:27:33,11.5,--,112,128800,卖盘
1489,13:27:30,11.5,--,42,48300,卖盘
1490,13:27:27,11.5,--,50,57500,卖盘
1491,13:27:24,11.5,--,4,4600,卖盘
1492,13:27:21,11.5,-0.01,9,10350,卖盘
1493,13:27:18,11.51,0.01,45,51795,买盘
1494,13:27:15,11.5,--,27,31050,卖盘
1495,13:27:12,11.5,--,251,288880,卖盘
1496,13:27:09,11.5,--,78,89700,卖盘
1497,13:27:03,11.5,--,62,71300,卖盘
1498,13:26:57,11.5,--,105,120750,卖盘
1499,13:26:54,11.5,--,37,42550,卖盘
1500,13:26:51,11.5,--,235,270250,卖盘
1501,13:26:48,11.5,-0.01,156,179400,卖盘
1502,13:26:45,11.51,0.01,55,63305,买盘
1503,13:26:42,11.5,--,86,98900,卖盘
1504,13:26:39,11.5,--,58,66700,卖盘
1505,13:26:33,11.5,0.01,1265,1454750,买盘
1506,13:26:30,11.49,--,3,3447,卖盘
1507,13:26:24,11.49,--,23,26427,卖盘
1508,13:26:21,11.49,--,43,49407,卖盘
1509,13:26:15,11.49,-0.01,14,16086,卖盘
1510,13:26:12,11.5,--,2,2300,买盘
1511,13:26:09,11.5,0.01,4,4600,买盘
1512,13:26:06,11.49,--,1,1149,卖盘
1513,13:26:03,11.49,--,11,12639,卖盘
1514,13:26:00,11.49,--,20,22980,卖盘
1515,13:25:57,11.49,--,56,64344,卖盘
1516,13:25:54,11.49,--,5,5745,卖盘
1517,13:25:48,11.49,0.01,1051,1208139,买盘
1518,13:25:45,11.48,--,144,165312,卖盘
1519,13:25:42,11.48,--,2,2296,卖盘
1520,13:25:39,11.48,--,10,11480,卖盘
1521,13:25:33,11.48,--,67,76916,卖盘
1522,13:25:30,11.48,-0.01,22,25256,卖盘
1523,13:25:27,11.49,0.01,83,95367,买盘
1524,13:25:24,11.48,--,5,5740,卖盘
1525,13:25:21,11.48,-0.01,3,3444,卖盘
1526,13:25:18,11.49,0.01,20,22980,买盘
1527,13:25:15,11.48,-0.01,44,50512,卖盘
1528,13:25:12,11.49,--,165,189585,买盘
1529,13:25:06,11.49,0.01,17,19533,买盘
1530,13:25:03,11.48,-0.01,2,2296,卖盘
1531,13:24:57,11.49,--,35,40823,卖盘
1532,13:24:54,11.49,0.01,116,133824,买盘
1533,13:24:51,11.48,--,20,22960,卖盘
1534,13:24:42,11.48,-0.01,1016,1166976,卖盘
1535,13:24:39,11.49,--,28,32172,卖盘
1536,13:24:33,11.49,--,50,57450,卖盘
1537,13:24:27,11.49,--,15,17235,卖盘
1538,13:24:24,11.49,--,2,2298,卖盘
1539,13:24:21,11.49,-0.01,353,405597,卖盘
1540,13:24:18,11.5,0.01,10,11500,买盘
1541,13:24:12,11.49,--,5,5745,卖盘
1542,13:24:09,11.49,--,20,22980,卖盘
1543,13:24:06,11.49,--,52,59748,卖盘
1544,13:24:03,11.49,--,1,1149,卖盘
1545,13:24:00,11.49,--,13,14937,卖盘
1546,13:23:57,11.49,--,59,67791,卖盘
1547,13:23:54,11.49,--,1,1149,卖盘
1548,13:23:51,11.49,--,307,352743,卖盘
1549,13:23:48,11.49,--,170,195330,卖盘
1550,13:23:45,11.49,--,2,2298,卖盘
1551,13:23:42,11.49,--,54,62046,卖盘
1552,13:23:36,11.49,--,15,17235,卖盘
1553,13:23:33,11.49,--,37,42513,卖盘
1554,13:23:30,11.49,-0.01,37,42513,卖盘
1555,13:23:24,11.5,0.01,3,3450,买盘
1556,13:23:21,11.49,--,18,20682,卖盘
1557,13:23:18,11.49,--,21,24129,卖盘
1558,13:23:15,11.49,--,99,113751,卖盘
1559,13:23:12,11.49,--,42,48258,卖盘
1560,13:23:09,11.49,--,34,39066,卖盘
1561,13:23:06,11.49,--,62,71238,卖盘
1562,13:23:03,11.49,-0.01,136,156264,卖盘
1563,13:23:00,11.5,0.01,1,1150,买盘
1564,13:22:57,11.49,-0.01,59,67791,卖盘
1565,13:22:54,11.5,--,394,453100,卖盘
1566,13:22:51,11.5,--,1,1150,卖盘
1567,13:22:42,11.5,-0.01,1,1150,卖盘
1568,13:22:30,11.51,--,1,1151,买盘
1569,13:22:27,11.51,0.01,6,6906,买盘
1570,13:22:24,11.5,-0.01,32,36800,卖盘
1571,13:22:21,11.51,--,1,1151,买盘
1572,13:22:18,11.51,0.01,10,11510,买盘
1573,13:22:15,11.5,-0.01,255,293250,卖盘
1574,13:22:12,11.51,--,388,446588,买盘
1575,13:22:09,11.51,--,10,11510,买盘
1576,13:22:06,11.51,-0.01,4,4604,卖盘
1577,13:22:03,11.52,0.01,31,35712,买盘
1578,13:22:00,11.51,0.01,295,339545,买盘
1579,13:21:57,11.5,--,59,67850,卖盘
1580,13:21:54,11.5,--,43,49450,卖盘
1581,13:21:51,11.5,-0.01,48,55200,卖盘
1582,13:21:48,11.51,-0.01,13,14963,卖盘
1583,13:21:45,11.52,0.02,30,34560,买盘
1584,13:21:42,11.5,--,2,2300,卖盘
1585,13:21:39,11.5,--,10,11500,卖盘
1586,13:21:36,11.5,-0.01,1995,2294250,卖盘
1587,13:21:33,11.51,0.01,65,74815,买盘
1588,13:21:27,11.5,--,18,20700,卖盘
1589,13:21:24,11.5,--,8,9200,卖盘
1590,13:21:15,11.5,--,1598,1837700,买盘
1591,13:21:12,11.5,0.01,48,55200,买盘
1592,13:21:09,11.49,-0.01,31,35619,卖盘
1593,13:21:06,11.5,--,8,9200,买盘
1594,13:21:03,11.5,0.01,3,3450,买盘
1595,13:21:00,11.49,--,59,67791,卖盘
1596,13:20:57,11.49,--,439,504411,卖盘
1597,13:20:54,11.49,--,103,118347,卖盘
1598,13:20:51,11.49,-0.01,10,11490,卖盘
1599,13:20:48,11.5,0.01,57,65550,买盘
1600,13:20:42,11.49,--,4,4596,卖盘
1601,13:20:36,11.49,-0.01,524,602076,卖盘
1602,13:20:33,11.5,--,22,25300,买盘
1603,13:20:30,11.5,0.01,47,54050,买盘
1604,13:20:27,11.49,--,163,187287,卖盘
1605,13:20:24,11.49,-0.01,24,27576,卖盘
1606,13:20:21,11.5,0.01,5,5750,买盘
1607,13:20:18,11.49,--,59,67791,卖盘
1608,13:20:12,11.49,--,24,27576,卖盘
1609,13:20:09,11.49,-0.01,2,2298,卖盘
1610,13:20:06,11.5,0.01,45,51750,买盘
1611,13:20:03,11.49,--,1,1149,卖盘
1612,13:20:00,11.49,--,20,22980,卖盘
1613,13:19:57,11.49,-0.01,56,64344,卖盘
1614,13:19:54,11.5,0.01,85,97750,买盘
1615,13:19:48,11.49,--,23,26427,卖盘
1616,13:19:45,11.49,0.01,196,225744,买盘
1617,13:19:42,11.48,-0.01,2,2296,卖盘
1618,13:19:39,11.49,0.01,2,2298,买盘
1619,13:19:36,11.48,--,49,56252,卖盘
1620,13:19:33,11.48,-0.01,43,49364,卖盘
1621,13:19:27,11.49,0.01,66,75834,买盘
1622,13:19:24,11.48,--,4,4592,卖盘
1623,13:19:21,11.48,--,18,20664,卖盘
1624,13:19:18,11.48,--,7,8036,卖盘
1625,13:19:15,11.48,-0.01,5,5740,卖盘
1626,13:19:12,11.49,--,10,11490,买盘
1627,13:19:09,11.49,0.01,26,29874,买盘
1628,13:19:06,11.48,--,18,20664,卖盘
1629,13:19:03,11.48,-0.01,2,2296,卖盘
1630,13:19:00,11.49,--,518,595790,卖盘
1631,13:18:57,11.49,--,174,199926,卖盘
1632,13:18:54,11.49,--,18,20682,卖盘
1633,13:18:51,11.49,--,42,48258,卖盘
1634,13:18:48,11.49,--,470,540030,卖盘
1635,13:18:45,11.49,--,10,11490,卖盘
1636,13:18:42,11.49,--,47,54003,卖盘
1637,13:18:39,11.49,-0.01,16,18384,卖盘
1638,13:18:36,11.5,0.01,96,110400,买盘
1639,13:18:30,11.49,-0.01,62,71238,卖盘
1640,13:18:27,11.5,0.01,292,335800,买盘
1641,13:18:24,11.49,-0.01,2,2298,卖盘
1642,13:18:21,11.5,0.01,2,2300,买盘
1643,13:18:18,11.49,--,7,8043,卖盘
1644,13:18:12,11.49,-0.01,45,51705,卖盘
1645,13:18:09,11.5,0.01,61,70150,买盘
1646,13:18:06,11.49,--,56,64344,卖盘
1647,13:18:03,11.49,-0.01,4,4596,卖盘
1648,13:18:00,11.5,0.01,9,10350,买盘
1649,13:17:57,11.49,-0.01,196,225204,卖盘
1650,13:17:54,11.5,0.01,3,3450,买盘
1651,13:17:51,11.49,-0.01,31,35619,卖盘
1652,13:17:48,11.5,0.01,43,49450,买盘
1653,13:17:42,11.49,-0.01,13,14937,卖盘
1654,13:17:39,11.5,--,65,74750,买盘
1655,13:17:36,11.5,0.01,29,33350,买盘
1656,13:17:33,11.49,-0.01,10,11490,卖盘
1657,13:17:30,11.5,0.01,203,233450,买盘
1658,13:17:24,11.49,--,2,2298,卖盘
1659,13:17:21,11.49,--,171,196479,卖盘
1660,13:17:15,11.49,--,40,45960,卖盘
1661,13:17:12,11.49,-0.01,14,16086,卖盘
1662,13:17:09,11.5,0.01,27,31050,买盘
1663,13:17:03,11.49,--,9,10341,卖盘
1664,13:17:00,11.49,0.01,305,350985,买盘
1665,13:16:57,11.48,--,259,297332,卖盘
1666,13:16:54,11.48,--,7,8036,卖盘
1667,13:16:51,11.48,--,218,250264,卖盘
1668,13:16:48,11.48,--,50,57400,卖盘
1669,13:16:45,11.48,--,20,22960,卖盘
1670,13:16:42,11.48,-0.01,3,3444,卖盘
1671,13:16:39,11.49,0.01,170,195330,买盘
1672,13:16:36,11.48,-0.01,32,36736,卖盘
1673,13:16:33,11.49,0.01,115,132135,买盘
1674,13:16:27,11.48,--,57,65436,卖盘
1675,13:16:24,11.48,-0.01,1,1148,中性盘
1676,13:16:18,11.49,0.01,160,183840,买盘
1677,13:16:15,11.48,0.01,3,3444,买盘
1678,13:16:12,11.47,-0.01,2,2294,卖盘
1679,13:16:06,11.48,--,44,50512,卖盘
1680,13:16:03,11.48,--,24,27552,卖盘
1681,13:16:00,11.48,--,25,28700,卖盘
1682,13:15:57,11.48,-0.01,62,71176,卖盘
1683,13:15:54,11.49,-0.01,35,40823,卖盘
1684,13:15:51,11.5,0.01,129,148350,买盘
1685,13:15:48,11.49,--,106,121794,卖盘
1686,13:15:45,11.49,--,169,194181,卖盘
1687,13:15:42,11.49,--,20,22980,卖盘
1688,13:15:39,11.49,-0.01,103,118347,卖盘
1689,13:15:36,11.5,--,12,13800,买盘
1690,13:15:33,11.5,0.01,10,11500,买盘
1691,13:15:30,11.49,--,60,68940,卖盘
1692,13:15:27,11.49,-0.01,31,35619,卖盘
1693,13:15:24,11.5,0.01,11,12650,买盘
1694,13:15:18,11.49,--,7,8043,卖盘
1695,13:15:12,11.49,--,31,35619,卖盘
1696,13:15:09,11.49,-0.01,10,11490,卖盘
1697,13:15:06,11.5,0.01,24,27600,买盘
1698,13:15:03,11.49,--,466,535434,卖盘
1699,13:15:00,11.49,--,75,86175,卖盘
1700,13:14:57,11.49,--,363,417087,卖盘
1701,13:14:54,11.49,--,59,67791,卖盘
1702,13:14:51,11.49,-0.01,1146,1317294,卖盘
1703,13:14:45,11.5,0.01,336,386400,买盘
1704,13:14:42,11.49,-0.01,395,453855,卖盘
1705,13:14:36,11.5,0.01,518,595700,买盘
1706,13:14:33,11.49,-0.01,150,172350,卖盘
1707,13:14:30,11.5,--,27,31050,买盘
1708,13:14:27,11.5,--,38,43700,买盘
1709,13:14:24,11.5,--,79,90850,买盘
1710,13:14:21,11.5,--,140,161000,买盘
1711,13:14:18,11.5,--,363,417450,买盘
1712,13:14:15,11.5,--,42,48300,买盘
1713,13:14:12,11.5,0.01,20,23000,买盘
1714,13:14:09,11.49,--,94,108006,卖盘
1715,13:14:06,11.49,--,44,50556,卖盘
1716,13:14:03,11.49,--,424,487176,卖盘
1717,13:14:00,11.49,--,70,80430,卖盘
1718,13:13:57,11.49,--,285,327465,卖盘
1719,13:13:54,11.49,-0.01,8,9192,卖盘
1720,13:13:51,11.5,--,178,204700,买盘
1721,13:13:48,11.5,--,215,247250,买盘
1722,13:13:45,11.5,0.01,20,23000,买盘
1723,13:13:42,11.49,-0.01,143,164307,卖盘
1724,13:13:39,11.5,0.01,424,487600,买盘
1725,13:13:36,11.49,--,35,40215,卖盘
1726,13:13:33,11.49,--,263,302187,卖盘
1727,13:13:30,11.49,--,305,350445,卖盘
1728,13:13:27,11.49,-0.01,45,51705,卖盘
1729,13:13:24,11.5,0.01,122,140300,买盘
1730,13:13:21,11.49,0.01,583,670246,买盘
1731,13:13:18,11.48,--,66,75768,卖盘
1732,13:13:12,11.48,-0.01,116,133168,卖盘
1733,13:13:06,11.49,--,225,258525,卖盘
1734,13:13:03,11.49,-0.01,26,29874,卖盘
1735,13:13:00,11.5,0.01,30,34500,买盘
1736,13:12:57,11.49,-0.01,195,224055,卖盘
1737,13:12:51,11.5,0.01,8,9200,买盘
1738,13:12:48,11.49,-0.01,25,28725,卖盘
1739,13:12:45,11.5,0.01,116,133400,买盘
1740,13:12:42,11.49,--,6,6894,卖盘
1741,13:12:39,11.49,--,97,111453,卖盘
1742,13:12:36,11.49,--,43,49407,卖盘
1743,13:12:33,11.49,--,171,196479,卖盘
1744,13:12:30,11.49,--,20,22980,卖盘
1745,13:12:27,11.49,--,74,85026,买盘
1746,13:12:24,11.49,--,11,12639,买盘
1747,13:12:21,11.49,0.01,34,39066,买盘
1748,13:12:18,11.48,-0.01,25,28700,卖盘
1749,13:12:15,11.49,0.02,105,120645,买盘
1750,13:12:12,11.47,--,111,127317,卖盘
1751,13:12:09,11.47,--,34,38998,卖盘
1752,13:12:06,11.47,0.01,359,411773,买盘
1753,13:12:03,11.46,-0.01,65,74490,卖盘
1754,13:12:00,11.47,0.01,103,118141,买盘
1755,13:11:57,11.46,--,116,132936,卖盘
1756,13:11:54,11.46,-0.04,404,462984,卖盘
1757,13:11:51,11.5,0.03,4000,4600000,买盘
1758,13:11:48,11.47,--,8,9176,买盘
1759,13:11:45,11.47,0.01,8,9176,买盘
1760,13:11:42,11.46,-0.01,1,1146,卖盘
1761,13:11:39,11.47,0.01,5,5735,买盘
1762,13:11:36,11.46,--,24,27504,卖盘
1763,13:11:33,11.46,--,71,81366,卖盘
1764,13:11:30,11.46,-0.01,74,84804,卖盘
1765,13:11:27,11.47,--,3,3441,买盘
1766,13:11:24,11.47,0.02,662,759314,买盘
1767,13:11:21,11.45,--,25,28625,卖盘
1768,13:11:18,11.45,--,103,117934,卖盘
1769,13:11:15,11.45,--,26,29769,卖盘
1770,13:11:12,11.45,-0.01,9,10305,卖盘
1771,13:11:09,11.46,0.01,15,17190,买盘
1772,13:11:06,11.45,--,2,2290,卖盘
1773,13:11:03,11.45,--,1,1145,卖盘
1774,13:10:57,11.45,-0.01,123,140835,卖盘
1775,13:10:51,11.46,--,513,587898,买盘
1776,13:10:48,11.46,--,59,67614,买盘
1777,13:10:45,11.46,0.01,1,1146,买盘
1778,13:10:42,11.45,-0.01,2,2290,卖盘
1779,13:10:39,11.46,0.01,24,27504,买盘
1780,13:10:36,11.45,-0.01,1,1145,卖盘
1781,13:10:33,11.46,--,21,24066,买盘
1782,13:10:27,11.46,--,2,2292,买盘
1783,13:10:24,11.46,0.01,70,80220,买盘
1784,13:10:18,11.45,--,2,2290,卖盘
1785,13:10:12,11.45,0.01,103,118828,买盘
1786,13:10:06,11.44,-0.01,77,88088,卖盘
1787,13:10:03,11.45,0.01,553,633185,买盘
1788,13:10:00,11.44,--,4,4576,卖盘
1789,13:09:57,11.44,-0.01,56,64064,卖盘
1790,13:09:54,11.45,0.01,64,73280,买盘
1791,13:09:51,11.44,-0.01,43,49192,卖盘
1792,13:09:48,11.45,--,100,114500,买盘
1793,13:09:45,11.45,0.01,35,40075,买盘
1794,13:09:42,11.44,-0.01,22,25168,卖盘
1795,13:09:33,11.45,0.01,29,33205,买盘
1796,13:09:27,11.44,--,21,24024,卖盘
1797,13:09:24,11.44,-0.01,29,33176,卖盘
1798,13:09:21,11.45,--,76,87020,买盘
1799,13:09:15,11.45,0.01,11,12595,买盘
1800,13:09:12,11.44,-0.01,3,3432,卖盘
1801,13:09:09,11.45,--,10,11450,买盘
1802,13:09:06,11.45,0.01,14,16029,买盘
1803,13:09:03,11.44,--,19,21736,卖盘
1804,13:08:57,11.44,-0.01,67,76648,卖盘
1805,13:08:54,11.45,0.01,54,61829,买盘
1806,13:08:51,11.44,--,34,38896,卖盘
1807,13:08:48,11.44,--,302,345488,卖盘
1808,13:08:42,11.44,--,1,1144,卖盘
1809,13:08:39,11.44,-0.01,27,30888,卖盘
1810,13:08:36,11.45,--,65,74425,买盘
1811,13:08:33,11.45,0.01,16,18320,买盘
1812,13:08:30,11.44,--,1,1144,卖盘
1813,13:08:27,11.44,--,52,59488,卖盘
1814,13:08:24,11.44,-0.01,13,14872,卖盘
1815,13:08:21,11.45,0.01,55,62974,买盘
1816,13:08:12,11.44,0.01,22,25168,买盘
1817,13:08:09,11.43,--,3,3429,卖盘
1818,13:08:03,11.43,-0.01,47,53721,卖盘
1819,13:08:00,11.44,--,28,32032,卖盘
1820,13:07:57,11.44,--,76,86944,卖盘
1821,13:07:48,11.44,--,20,22880,卖盘
1822,13:07:45,11.44,--,30,34320,卖盘
1823,13:07:42,11.44,--,22,25168,卖盘
1824,13:07:30,11.44,--,46,52624,卖盘
1825,13:07:27,11.44,-0.01,59,67496,卖盘
1826,13:07:24,11.45,0.02,271,310295,买盘
1827,13:07:18,11.43,--,34,38862,卖盘
1828,13:07:15,11.43,-0.01,35,40005,卖盘
1829,13:07:12,11.44,--,343,392392,买盘
1830,13:07:09,11.44,--,165,188760,买盘
1831,13:07:06,11.44,0.01,13,14872,买盘
1832,13:07:03,11.43,-0.01,15,17145,卖盘
1833,13:07:00,11.44,0.01,1,1144,买盘
1834,13:06:57,11.43,-0.01,59,67437,卖盘
1835,13:06:54,11.44,0.01,48,54912,买盘
1836,13:06:51,11.43,-0.01,29,33147,卖盘
1837,13:06:48,11.44,--,96,109824,买盘
1838,13:06:45,11.44,0.01,19,21736,买盘
1839,13:06:42,11.43,--,4,4572,卖盘
1840,13:06:33,11.43,--,28,32004,卖盘
1841,13:06:30,11.43,--,5,5715,卖盘
1842,13:06:24,11.43,-0.01,3,3429,卖盘
1843,13:06:21,11.44,--,10,11440,买盘
1844,13:06:18,11.44,--,3,3432,买盘
1845,13:06:15,11.44,--,121,138424,买盘
1846,13:06:12,11.44,0.01,55,62920,买盘
1847,13:06:09,11.43,--,55,62865,卖盘
1848,13:06:06,11.43,--,21,24003,卖盘
1849,13:06:03,11.43,--,52,59436,卖盘
1850,13:06:00,11.43,--,33,37719,卖盘
1851,13:05:57,11.43,--,59,67437,卖盘
1852,13:05:54,11.43,--,100,114300,卖盘
1853,13:05:48,11.43,-0.01,50,57150,卖盘
1854,13:05:45,11.44,0.01,15,17160,买盘
1855,13:05:42,11.43,-0.01,2,2286,卖盘
1856,13:05:39,11.44,--,36,41184,买盘
1857,13:05:33,11.44,0.01,48,54912,买盘
1858,13:05:30,11.43,--,80,91440,卖盘
1859,13:05:27,11.43,--,1,1143,卖盘
1860,13:05:24,11.43,--,1,1143,卖盘
1861,13:05:21,11.43,--,1,1143,卖盘
1862,13:05:06,11.43,0.01,197,225193,买盘
1863,13:05:03,11.42,-0.01,5,5710,卖盘
1864,13:05:00,11.43,0.01,69,78867,买盘
1865,13:04:57,11.42,--,105,119910,卖盘
1866,13:04:54,11.42,-0.01,1,1142,卖盘
1867,13:04:45,11.43,0.01,13,14859,买盘
1868,13:04:42,11.42,--,7,7994,卖盘
1869,13:04:36,11.42,-0.01,2,2284,卖盘
1870,13:04:30,11.43,--,3,3429,买盘
1871,13:04:27,11.43,--,28,32004,买盘
1872,13:04:24,11.43,0.01,28,32004,买盘
1873,13:04:21,11.42,--,6,6852,卖盘
1874,13:04:15,11.42,-0.01,4,4568,卖盘
1875,13:04:12,11.43,0.01,2,2286,买盘
1876,13:04:09,11.42,--,29,33118,卖盘
1877,13:04:06,11.42,--,122,139324,卖盘
1878,13:04:03,11.42,-0.01,1,1142,卖盘
1879,13:04:00,11.43,0.01,11,12573,买盘
1880,13:03:57,11.42,--,62,70804,卖盘
1881,13:03:54,11.42,-0.01,20,22840,卖盘
1882,13:03:51,11.43,0.01,50,57150,买盘
1883,13:03:42,11.42,--,2,2284,卖盘
1884,13:03:39,11.42,--,5,5710,卖盘
1885,13:03:33,11.42,--,5,5710,卖盘
1886,13:03:27,11.42,--,1,1142,卖盘
1887,13:03:24,11.42,--,1,1142,卖盘
1888,13:03:18,11.42,-0.01,3,3426,卖盘
1889,13:03:15,11.43,--,65,74295,买盘
1890,13:03:06,11.43,0.02,32,36576,买盘
1891,13:03:03,11.41,-0.01,2,2282,卖盘
1892,13:02:57,11.42,--,25,28550,卖盘
1893,13:02:54,11.42,--,10,11420,卖盘
1894,13:02:51,11.42,--,142,162164,买盘
1895,13:02:45,11.42,--,66,75372,卖盘
1896,13:02:42,11.42,--,21,23982,卖盘
1897,13:02:33,11.42,--,20,22840,卖盘
1898,13:02:24,11.42,--,161,183862,买盘
1899,13:02:21,11.42,--,25,28550,买盘
1900,13:02:15,11.42,--,203,231826,卖盘
1901,13:02:09,11.42,--,20,22840,卖盘
1902,13:02:03,11.42,0.01,7,7994,卖盘
1903,13:02:00,11.41,-0.02,23,26243,卖盘
1904,13:01:57,11.43,0.02,67,76581,买盘
1905,13:01:54,11.41,-0.02,1,1141,卖盘
1906,13:01:51,11.43,0.01,10,11430,买盘
1907,13:01:45,11.42,--,16,18272,卖盘
1908,13:01:42,11.42,--,115,131330,买盘
1909,13:01:33,11.42,0.01,12,13704,买盘
1910,13:01:30,11.41,--,32,36512,卖盘
1911,13:01:27,11.41,--,203,231623,卖盘
1912,13:01:24,11.41,--,4,4564,卖盘
1913,13:01:18,11.41,-0.01,3,3423,卖盘
1914,13:01:15,11.42,0.01,89,101638,买盘
1915,13:01:12,11.41,--,3,3423,卖盘
1916,13:01:09,11.41,--,35,39935,卖盘
1917,13:01:06,11.41,--,113,128933,卖盘
1918,13:01:03,11.41,-0.01,21,23961,卖盘
1919,13:00:57,11.42,--,18,20556,买盘
1920,13:00:54,11.42,--,47,53674,卖盘
1921,13:00:51,11.42,0.01,147,167874,买盘
1922,13:00:48,11.41,--,1,1141,卖盘
1923,13:00:42,11.41,-0.01,2,2282,卖盘
1924,13:00:39,11.42,0.01,66,75372,买盘
1925,13:00:36,11.41,-0.02,2,2282,卖盘
1926,13:00:30,11.43,0.02,36,41148,买盘
1927,13:00:27,11.41,--,354,403914,卖盘
1928,13:00:24,11.41,-0.02,1,1141,卖盘
1929,13:00:21,11.43,--,237,270891,买盘
1930,13:00:12,11.43,--,10,11430,买盘
1931,13:00:09,11.43,--,17,19431,买盘
1932,13:00:06,11.43,--,84,96012,买盘
1933,13:00:03,11.43,--,2268,2592575,卖盘
1934,13:00:00,11.43,--,0,0,卖盘
1935,11:30:00,11.43,--,0,0,卖盘
1936,11:29:57,11.43,--,56,64008,卖盘
1937,11:29:42,11.43,--,1,1143,卖盘
1938,11:29:39,11.43,--,721,824994,买盘
1939,11:29:36,11.43,0.01,50,57150,买盘
1940,11:29:33,11.42,--,25,28550,卖盘
1941,11:29:27,11.42,--,50,57100,卖盘
1942,11:29:24,11.42,--,2,2284,卖盘
1943,11:29:18,11.42,--,53,60526,卖盘
1944,11:29:12,11.42,--,15,17130,卖盘
1945,11:29:03,11.42,-0.01,1,1142,卖盘
1946,11:29:00,11.43,0.01,10,11430,买盘
1947,11:28:57,11.42,--,56,63952,卖盘
1948,11:28:45,11.42,--,10,11420,卖盘
1949,11:28:42,11.42,-0.01,7,7994,卖盘
1950,11:28:39,11.43,--,20,22860,买盘
1951,11:28:33,11.43,0.01,27,30861,买盘
1952,11:28:30,11.42,--,43,49106,卖盘
1953,11:28:27,11.42,-0.01,1,1142,卖盘
1954,11:28:24,11.43,--,18,20574,买盘
1955,11:28:12,11.43,--,1,1143,买盘
1956,11:28:09,11.43,--,3,3429,买盘
1957,11:28:06,11.43,--,37,42291,卖盘
1958,11:28:03,11.43,-0.01,9,10287,卖盘
1959,11:28:00,11.44,0.01,190,217360,买盘
1960,11:27:57,11.43,--,56,64008,卖盘
1961,11:27:54,11.43,--,20,22860,卖盘
1962,11:27:51,11.43,--,20,22860,卖盘
1963,11:27:45,11.43,--,137,156591,卖盘
1964,11:27:42,11.43,-0.01,1,1143,卖盘
1965,11:27:36,11.44,--,1,1144,买盘
1966,11:27:30,11.44,0.01,13,14872,买盘
1967,11:27:27,11.43,--,4,4572,卖盘
1968,11:27:24,11.43,-0.01,2,2286,卖盘
1969,11:27:18,11.44,--,91,104104,买盘
1970,11:27:06,11.44,0.01,143,163592,买盘
1971,11:27:03,11.43,--,244,278892,卖盘
1972,11:27:00,11.43,--,42,48006,卖盘
1973,11:26:57,11.43,-0.01,67,76581,卖盘
1974,11:26:54,11.44,0.01,1,1144,买盘
1975,11:26:51,11.43,-0.01,13,14859,卖盘
1976,11:26:48,11.44,--,11,12584,买盘
1977,11:26:45,11.44,0.01,41,46904,买盘
1978,11:26:42,11.43,--,4,4572,卖盘
1979,11:26:39,11.43,--,16,18288,卖盘
1980,11:26:36,11.43,-0.01,2,2286,卖盘
1981,11:26:33,11.44,--,78,89232,买盘
1982,11:26:30,11.44,--,1,1144,买盘
1983,11:26:27,11.44,--,13,14872,买盘
1984,11:26:24,11.44,0.01,2,2288,买盘
1985,11:26:09,11.43,-0.01,62,70866,卖盘
1986,11:26:03,11.44,0.01,113,129272,买盘
1987,11:25:57,11.43,-0.01,60,68580,卖盘
1988,11:25:54,11.44,--,66,75504,买盘
1989,11:25:51,11.44,--,42,48048,买盘
1990,11:25:48,11.44,--,1,1144,买盘
1991,11:25:45,11.44,0.01,11,12584,买盘
1992,11:25:42,11.43,-0.01,2,2286,卖盘
1993,11:25:39,11.44,--,27,30888,买盘
1994,11:25:33,11.44,--,211,241384,买盘
1995,11:25:27,11.44,--,23,26312,买盘
1996,11:25:24,11.44,--,3,3432,买盘
1997,11:25:21,11.44,--,67,76648,买盘
1998,11:25:18,11.44,0.01,15,17160,买盘
1999,11:25:15,11.43,-0.01,51,58293,卖盘
2000,11:25:12,11.44,--,4,4576,买盘
2001,11:25:09,11.44,0.01,7,8008,买盘
2002,11:25:06,11.43,-0.01,1,1143,卖盘
2003,11:25:03,11.44,0.01,43,49192,买盘
2004,11:25:00,11.43,--,7,8001,卖盘
2005,11:24:57,11.43,--,57,65151,卖盘
2006,11:24:48,11.43,--,10,11430,卖盘
2007,11:24:42,11.43,--,138,157734,卖盘
2008,11:24:39,11.43,-0.01,4,4572,卖盘
2009,11:24:36,11.44,--,37,42328,买盘
2010,11:24:33,11.44,0.01,15,17160,买盘
2011,11:24:27,11.43,--,5,5715,卖盘
2012,11:24:24,11.43,--,1,1143,卖盘
2013,11:24:21,11.43,-0.01,21,24003,卖盘
2014,11:24:15,11.44,--,10,11440,买盘
2015,11:24:12,11.44,--,7,8008,买盘
2016,11:24:09,11.44,--,336,384384,买盘
2017,11:24:06,11.44,--,86,98384,卖盘
2018,11:24:03,11.44,--,19,21736,买盘
2019,11:24:00,11.44,0.01,57,65208,买盘
2020,11:23:57,11.43,-0.01,89,101727,卖盘
2021,11:23:48,11.44,0.01,17,19448,买盘
2022,11:23:42,11.43,-0.01,52,59436,卖盘
2023,11:23:39,11.44,-0.01,464,530816,卖盘
2024,11:23:33,11.45,0.03,18,20610,买盘
2025,11:23:30,11.42,-0.02,11,12562,卖盘
2026,11:23:27,11.44,--,162,185328,买盘
2027,11:23:24,11.44,--,528,604032,买盘
2028,11:23:21,11.44,--,1,1144,买盘
2029,11:23:18,11.44,0.01,1,1144,买盘
2030,11:23:15,11.43,--,31,35433,卖盘
2031,11:23:12,11.43,-0.01,12,13716,卖盘
2032,11:23:09,11.44,--,15,17160,买盘
2033,11:23:03,11.44,--,40,45760,买盘
2034,11:23:00,11.44,--,100,114400,买盘
2035,11:22:57,11.44,0.01,181,207064,买盘
2036,11:22:51,11.43,--,50,57150,卖盘
2037,11:22:45,11.43,--,5,5715,卖盘
2038,11:22:42,11.43,-0.01,1,1143,卖盘
2039,11:22:39,11.44,0.01,3,3432,买盘
2040,11:22:33,11.43,--,27,30861,卖盘
2041,11:22:30,11.43,0.01,131,149733,买盘
2042,11:22:27,11.42,-0.01,3,3426,卖盘
2043,11:22:24,11.43,--,13,14859,买盘
2044,11:22:21,11.43,0.01,75,85725,买盘
2045,11:22:18,11.42,-0.01,5,5710,卖盘
2046,11:22:15,11.43,--,8,9144,买盘
2047,11:22:12,11.43,0.01,66,75438,买盘
2048,11:22:09,11.42,-0.01,12,13704,卖盘
2049,11:22:06,11.43,0.01,28,32004,买盘
2050,11:22:03,11.42,-0.01,49,55958,卖盘
2051,11:22:00,11.43,0.01,87,99441,买盘
2052,11:21:57,11.42,--,57,65094,卖盘
2053,11:21:54,11.42,-0.01,2,2284,卖盘
2054,11:21:51,11.43,--,1,1143,买盘
2055,11:21:48,11.43,0.01,34,38862,买盘
2056,11:21:42,11.42,--,33,37686,卖盘
2057,11:21:36,11.42,--,55,62810,卖盘
2058,11:21:33,11.42,--,98,111916,买盘
2059,11:21:27,11.42,--,5,5710,买盘
2060,11:21:24,11.42,0.01,4,4568,买盘
2061,11:21:21,11.41,--,6,6846,卖盘
2062,11:21:18,11.41,-0.01,3,3423,卖盘
2063,11:21:15,11.42,0.01,500,571000,买盘
2064,11:21:09,11.41,--,55,62755,买盘
2065,11:21:06,11.41,0.01,10,11410,买盘
2066,11:21:03,11.4,--,67,76380,卖盘
2067,11:20:57,11.4,-0.01,56,63840,卖盘
2068,11:20:54,11.41,--,3,3423,买盘
2069,11:20:51,11.41,--,599,683459,买盘
2070,11:20:45,11.41,0.01,10,11410,买盘
2071,11:20:42,11.4,-0.01,1,1140,卖盘
2072,11:20:33,11.41,0.01,27,30807,买盘
2073,11:20:30,11.4,0.01,467,532380,买盘
2074,11:20:27,11.39,-0.01,117,133263,卖盘
2075,11:20:24,11.4,0.01,133,151620,买盘
2076,11:20:21,11.39,-0.01,101,115039,卖盘
2077,11:20:18,11.4,0.01,4,4560,买盘
2078,11:20:15,11.39,-0.01,5,5695,卖盘
2079,11:20:12,11.4,--,4,4560,买盘
2080,11:20:09,11.4,--,72,82080,买盘
2081,11:20:06,11.4,--,29,33060,买盘
2082,11:20:03,11.4,--,42,47880,买盘
2083,11:20:00,11.4,0.01,6,6840,买盘
2084,11:19:57,11.39,-0.01,61,69479,卖盘
2085,11:19:51,11.4,0.01,1,1140,买盘
2086,11:19:45,11.39,--,15,17085,卖盘
2087,11:19:42,11.39,-0.01,5,5695,卖盘
2088,11:19:39,11.4,--,3,3420,买盘
2089,11:19:36,11.4,0.01,112,127680,买盘
2090,11:19:33,11.39,-0.01,21,23919,卖盘
2091,11:19:30,11.4,--,2,2280,买盘
2092,11:19:27,11.4,0.01,1,1140,买盘
2093,11:19:24,11.39,-0.01,18,20502,卖盘
2094,11:19:21,11.4,--,6,6840,买盘
2095,11:19:18,11.4,--,15,17100,买盘
2096,11:19:15,11.4,--,92,104880,买盘
2097,11:19:12,11.4,--,10,11400,买盘
2098,11:19:09,11.4,--,1,1140,买盘
2099,11:19:03,11.4,0.01,39,44460,买盘
2100,11:19:00,11.39,--,18,20502,卖盘
2101,11:18:57,11.39,-0.01,56,63784,卖盘
2102,11:18:54,11.4,--,60,68400,买盘
2103,11:18:51,11.4,0.01,6,6840,买盘
2104,11:18:48,11.39,-0.01,12,13668,卖盘
2105,11:18:45,11.4,0.01,11,12540,买盘
2106,11:18:42,11.39,-0.01,94,107066,卖盘
2107,11:18:39,11.4,--,4,4560,买盘
2108,11:18:36,11.4,0.01,32,36480,买盘
2109,11:18:33,11.39,-0.01,104,118456,卖盘
2110,11:18:30,11.4,--,1,1140,买盘
2111,11:18:24,11.4,0.01,28,31920,买盘
2112,11:18:18,11.39,--,2,2278,卖盘
2113,11:18:15,11.39,-0.01,73,83147,卖盘
2114,11:18:12,11.4,--,14,15960,买盘
2115,11:18:09,11.4,0.01,1,1140,买盘
2116,11:18:03,11.39,-0.01,21,23919,卖盘
2117,11:17:57,11.4,--,3,3420,买盘
2118,11:17:54,11.4,0.01,1,1140,买盘
2119,11:17:51,11.39,-0.01,8,9112,卖盘
2120,11:17:48,11.4,--,53,60420,买盘
2121,11:17:45,11.4,0.01,1,1140,买盘
2122,11:17:42,11.39,-0.01,4,4556,卖盘
2123,11:17:39,11.4,--,124,141360,买盘
2124,11:17:36,11.4,--,8,9120,买盘
2125,11:17:33,11.4,0.01,16,18240,买盘
2126,11:17:30,11.39,-0.01,10,11390,卖盘
2127,11:17:27,11.4,0.01,8,9120,买盘
2128,11:17:24,11.39,-0.01,29,33031,卖盘
2129,11:17:18,11.4,0.01,1,1140,买盘
2130,11:17:15,11.39,-0.01,103,117317,卖盘
2131,11:17:09,11.4,0.01,1,1140,买盘
2132,11:17:06,11.39,--,12,13668,卖盘
2133,11:17:03,11.39,-0.01,22,25058,卖盘
2134,11:17:00,11.4,0.01,1,1140,买盘
2135,11:16:57,11.39,-0.01,34,38726,卖盘
2136,11:16:54,11.4,--,19,21660,买盘
2137,11:16:51,11.4,--,6,6840,买盘
2138,11:16:48,11.4,0.01,1,1140,买盘
2139,11:16:45,11.39,--,89,101371,卖盘
2140,11:16:42,11.39,-0.01,12,13668,卖盘
2141,11:16:39,11.4,--,19,21660,买盘
2142,11:16:36,11.4,--,161,183540,买盘
2143,11:16:33,11.4,--,16,18240,买盘
2144,11:16:30,11.4,--,7,7980,买盘
2145,11:16:27,11.4,--,4,4560,买盘
2146,11:16:24,11.4,--,29,33060,买盘
2147,11:16:21,11.4,--,34,38760,买盘
2148,11:16:18,11.4,0.01,5,5700,买盘
2149,11:16:15,11.39,-0.01,40,45560,卖盘
2150,11:16:12,11.4,--,1,1140,买盘
2151,11:16:09,11.4,--,13,14820,买盘
2152,11:16:06,11.4,--,4,4560,买盘
2153,11:16:03,11.4,--,23,26220,买盘
2154,11:15:57,11.4,--,5,5700,买盘
2155,11:15:54,11.4,--,24,27360,买盘
2156,11:15:51,11.4,0.01,68,77520,买盘
2157,11:15:48,11.39,--,3,3417,卖盘
2158,11:15:45,11.39,-0.01,2,2278,卖盘
2159,11:15:42,11.4,--,42,47880,买盘
2160,11:15:39,11.4,0.01,29,33060,买盘
2161,11:15:36,11.39,-0.01,86,97954,卖盘
2162,11:15:33,11.4,--,230,262200,买盘
2163,11:15:30,11.4,0.01,8,9120,买盘
2164,11:15:24,11.39,-0.01,4,4556,卖盘
2165,11:15:21,11.4,--,30,34200,买盘
2166,11:15:18,11.4,0.01,2,2280,买盘
2167,11:15:15,11.39,-0.01,71,80869,卖盘
2168,11:15:12,11.4,0.01,2,2280,买盘
2169,11:15:09,11.39,-0.01,8,9112,卖盘
2170,11:15:06,11.4,0.01,5,5700,买盘
2171,11:15:03,11.39,-0.01,52,59228,卖盘
2172,11:14:57,11.4,--,4,4560,买盘
2173,11:14:54,11.4,0.01,166,189240,买盘
2174,11:14:48,11.39,-0.01,5,5695,卖盘
2175,11:14:45,11.4,0.01,4,4560,买盘
2176,11:14:42,11.39,--,103,117317,卖盘
2177,11:14:39,11.39,-0.01,13,14807,卖盘
2178,11:14:33,11.4,0.01,19,21660,买盘
2179,11:14:30,11.39,--,75,85425,卖盘
2180,11:14:24,11.39,-0.01,1,1139,卖盘
2181,11:14:21,11.4,--,47,53580,买盘
2182,11:14:18,11.4,-0.01,68,77520,卖盘
2183,11:14:15,11.41,0.01,42,47922,买盘
2184,11:14:12,11.4,-0.01,3,3420,卖盘
2185,11:14:09,11.41,0.01,101,115241,买盘
2186,11:14:06,11.4,--,12,13680,买盘
2187,11:14:03,11.4,0.01,20,22800,买盘
2188,11:14:00,11.39,-0.01,69,78591,卖盘
2189,11:13:57,11.4,--,4,4560,买盘
2190,11:13:54,11.4,0.01,111,126540,买盘
2191,11:13:51,11.39,-0.01,4,4556,卖盘
2192,11:13:48,11.4,--,18,20520,买盘
2193,11:13:45,11.4,0.01,147,167580,买盘
2194,11:13:42,11.39,--,93,105927,卖盘
2195,11:13:39,11.39,-0.01,41,46699,卖盘
2196,11:13:36,11.4,--,33,37620,买盘
2197,11:13:33,11.4,0.01,23,26220,买盘
2198,11:13:30,11.39,-0.01,35,39865,卖盘
2199,11:13:27,11.4,0.01,11,12540,买盘
2200,11:13:24,11.39,--,504,574056,卖盘
2201,11:13:21,11.39,-0.01,15,17085,卖盘
2202,11:13:18,11.4,0.01,7,7980,买盘
2203,11:13:15,11.39,-0.01,60,68340,卖盘
2204,11:13:06,11.4,--,77,87780,买盘
2205,11:13:03,11.4,0.01,83,94620,买盘
2206,11:13:00,11.39,--,37,42143,卖盘
2207,11:12:57,11.39,--,1,1139,卖盘
2208,11:12:54,11.39,--,24,27336,卖盘
2209,11:12:51,11.39,-0.01,9,10251,卖盘
2210,11:12:48,11.4,--,60,68400,买盘
2211,11:12:45,11.4,0.01,121,137940,买盘
2212,11:12:42,11.39,-0.02,942,1072938,卖盘
2213,11:12:39,11.41,-0.01,146,166586,卖盘
2214,11:12:36,11.42,--,167,190714,买盘
2215,11:12:33,11.42,0.01,15,17130,买盘
2216,11:12:30,11.41,--,164,187124,卖盘
2217,11:12:27,11.41,--,55,62755,卖盘
2218,11:12:24,11.41,-0.01,1,1141,卖盘
2219,11:12:21,11.42,0.01,8,9136,买盘
2220,11:12:15,11.41,--,39,44499,卖盘
2221,11:12:12,11.41,--,10,11410,卖盘
2222,11:12:09,11.41,--,200,228200,卖盘
2223,11:12:06,11.41,--,3,3423,卖盘
2224,11:12:03,11.41,-0.01,24,27384,卖盘
2225,11:12:00,11.42,0.01,205,234110,买盘
2226,11:11:57,11.41,--,9,10269,卖盘
2227,11:11:54,11.41,--,6,6846,卖盘
2228,11:11:48,11.41,-0.01,120,136920,卖盘
2229,11:11:45,11.42,0.01,10,11420,买盘
2230,11:11:42,11.41,--,15,17115,卖盘
2231,11:11:39,11.41,-0.01,38,43358,卖盘
2232,11:11:33,11.42,0.01,15,17130,买盘
2233,11:11:24,11.41,--,78,88998,买盘
2234,11:11:21,11.41,--,82,93562,买盘
2235,11:11:18,11.41,0.01,2,2282,买盘
2236,11:11:15,11.4,--,109,124260,卖盘
2237,11:11:09,11.4,--,7,7980,卖盘
2238,11:11:06,11.4,-0.01,1,1140,卖盘
2239,11:11:03,11.41,0.01,53,60473,买盘
2240,11:11:00,11.4,-0.01,27,30780,卖盘
2241,11:10:57,11.41,--,2,2282,买盘
2242,11:10:54,11.41,0.01,101,115241,买盘
2243,11:10:51,11.4,-0.01,144,164160,卖盘
2244,11:10:48,11.41,0.01,20,22820,买盘
2245,11:10:42,11.4,--,3,3420,卖盘
2246,11:10:39,11.4,--,2,2280,卖盘
2247,11:10:36,11.4,-0.01,4,4560,卖盘
2248,11:10:33,11.41,--,15,17115,买盘
2249,11:10:30,11.41,--,20,22820,买盘
2250,11:10:27,11.41,0.01,3,3423,买盘
2251,11:10:24,11.4,--,30,34200,卖盘
2252,11:10:21,11.4,--,4,4560,卖盘
2253,11:10:15,11.4,--,40,45600,卖盘
2254,11:10:12,11.4,-0.01,7,7980,卖盘
2255,11:10:09,11.41,--,12,13692,买盘
2256,11:10:06,11.41,0.01,107,122087,买盘
2257,11:10:03,11.4,--,17,19380,卖盘
2258,11:10:00,11.4,-0.01,51,58140,卖盘
2259,11:09:57,11.41,--,10,11410,买盘
2260,11:09:54,11.41,0.01,11,12551,买盘
2261,11:09:48,11.4,-0.01,13,14820,卖盘
2262,11:09:45,11.41,--,10,11410,买盘
2263,11:09:42,11.41,--,20,22820,买盘
2264,11:09:39,11.41,-0.01,169,192829,卖盘
2265,11:09:33,11.42,--,15,17130,买盘
2266,11:09:24,11.42,0.01,68,77656,买盘
2267,11:09:21,11.41,-0.01,21,23961,卖盘
2268,11:09:18,11.42,--,2,2284,买盘
2269,11:09:15,11.42,--,42,47964,买盘
2270,11:09:12,11.42,0.01,5,5710,买盘
2271,11:09:09,11.41,-0.01,8,9128,卖盘
2272,11:09:06,11.42,0.01,18,20556,买盘
2273,11:09:03,11.41,-0.01,70,79870,卖盘
2274,11:09:00,11.42,0.01,1,1142,买盘
2275,11:08:57,11.41,-0.01,78,88998,卖盘
2276,11:08:48,11.42,0.01,8,9136,买盘
2277,11:08:45,11.41,--,3,3423,卖盘
2278,11:08:42,11.41,--,3,3423,卖盘
2279,11:08:36,11.41,-0.01,8,9128,卖盘
2280,11:08:33,11.42,0.01,23,26266,买盘
2281,11:08:30,11.41,--,1,1141,卖盘
2282,11:08:27,11.41,0.01,59,67319,买盘
2283,11:08:24,11.4,-0.01,1,1140,卖盘
2284,11:08:21,11.41,0.01,9,10269,买盘
2285,11:08:15,11.4,--,38,43320,卖盘
2286,11:08:12,11.4,--,21,23940,卖盘
2287,11:08:09,11.4,--,36,41040,卖盘
2288,11:08:06,11.4,--,9,10260,卖盘
2289,11:08:03,11.4,-0.01,25,28500,卖盘
2290,11:07:57,11.41,0.01,1,1141,买盘
2291,11:07:54,11.4,--,2,2280,卖盘
2292,11:07:51,11.4,-0.02,6,6840,卖盘
2293,11:07:48,11.42,0.02,24,27408,买盘
2294,11:07:45,11.4,--,21,23940,卖盘
2295,11:07:42,11.4,--,1,1140,卖盘
2296,11:07:39,11.4,-0.01,44,50160,卖盘
2297,11:07:33,11.41,0.01,79,90139,买盘
2298,11:07:30,11.4,-0.01,7,7980,卖盘
2299,11:07:27,11.41,0.01,13,14833,买盘
2300,11:07:24,11.4,--,2,2280,卖盘
2301,11:07:18,11.4,--,41,46740,卖盘
2302,11:07:15,11.4,-0.01,39,44460,卖盘
2303,11:07:12,11.41,0.01,289,329749,买盘
2304,11:07:06,11.4,-0.01,1,1140,卖盘
2305,11:07:03,11.41,0.01,19,21679,买盘
2306,11:06:48,11.4,-0.01,50,57000,卖盘
2307,11:06:45,11.41,0.01,30,34230,买盘
2308,11:06:42,11.4,-0.01,1,1140,卖盘
2309,11:06:36,11.41,-0.01,64,73024,卖盘
2310,11:06:33,11.42,0.01,16,18272,买盘
2311,11:06:30,11.41,-0.01,400,456400,卖盘
2312,11:06:27,11.42,0.01,95,108490,买盘
2313,11:06:24,11.41,-0.01,15,17115,卖盘
2314,11:06:21,11.42,--,11,12562,买盘
2315,11:06:18,11.42,0.01,20,22840,买盘
2316,11:06:15,11.41,-0.01,38,43358,卖盘
2317,11:06:12,11.42,0.01,25,28550,买盘
2318,11:06:06,11.41,--,11,12551,卖盘
2319,11:06:03,11.41,-0.01,23,26243,卖盘
2320,11:06:00,11.42,0.01,55,62810,买盘
2321,11:05:57,11.41,-0.01,5,5705,卖盘
2322,11:05:54,11.42,--,9,10278,买盘
2323,11:05:48,11.42,--,59,67378,买盘
2324,11:05:45,11.42,0.01,66,75372,买盘
2325,11:05:42,11.41,0.01,86,98126,买盘
2326,11:05:39,11.4,-0.01,18,20520,卖盘
2327,11:05:36,11.41,--,65,74165,买盘
2328,11:05:33,11.41,--,70,79870,买盘
2329,11:05:30,11.41,--,1,1141,买盘
2330,11:05:27,11.41,--,1,1141,买盘
2331,11:05:24,11.41,--,56,63896,买盘
2332,11:05:21,11.41,0.01,23,26243,买盘
2333,11:05:15,11.4,0.01,41,46740,中性盘
2334,11:05:12,11.39,-0.01,32,36448,卖盘
2335,11:05:09,11.4,--,27,30780,卖盘
2336,11:05:03,11.4,-0.01,17,19380,卖盘
2337,11:05:00,11.41,--,18,20538,买盘
2338,11:04:57,11.41,0.01,20,22820,买盘
2339,11:04:54,11.4,--,7,7980,买盘
2340,11:04:51,11.4,0.01,11,12540,买盘
2341,11:04:48,11.39,--,40,45560,卖盘
2342,11:04:42,11.39,-0.01,21,23919,卖盘
2343,11:04:39,11.4,0.01,22,25080,买盘
2344,11:04:33,11.39,-0.01,41,46699,卖盘
2345,11:04:30,11.4,--,58,66120,买盘
2346,11:04:27,11.4,0.01,149,169860,买盘
2347,11:04:24,11.39,-0.01,2,2278,卖盘
2348,11:04:21,11.4,0.01,20,22800,买盘
2349,11:04:18,11.39,-0.01,300,341700,卖盘
2350,11:04:15,11.4,--,157,178980,买盘
2351,11:04:09,11.4,0.01,5,5700,买盘
2352,11:04:06,11.39,-0.01,78,88842,卖盘
2353,11:04:03,11.4,--,26,29640,买盘
2354,11:04:00,11.4,0.01,40,45600,买盘
2355,11:03:57,11.39,-0.01,10,11390,卖盘
2356,11:03:54,11.4,0.01,184,209760,买盘
2357,11:03:51,11.39,-0.01,4,4556,卖盘
2358,11:03:45,11.4,0.01,10,11400,买盘
2359,11:03:42,11.39,-0.01,23,26197,卖盘
2360,11:03:39,11.4,0.01,200,228000,买盘
2361,11:03:36,11.39,--,1,1139,卖盘
2362,11:03:33,11.39,0.01,99,112761,买盘
2363,11:03:30,11.38,-0.01,1,1138,卖盘
2364,11:03:27,11.39,0.01,32,36448,买盘
2365,11:03:24,11.38,-0.01,1,1138,卖盘
2366,11:03:21,11.39,-0.01,113,128707,卖盘
2367,11:03:18,11.4,0.01,38,43320,买盘
2368,11:03:15,11.39,-0.01,129,146931,卖盘
2369,11:03:09,11.4,0.01,19,21660,买盘
2370,11:03:06,11.39,--,27,30753,卖盘
2371,11:03:03,11.39,-0.01,119,135541,卖盘
2372,11:03:00,11.4,0.02,19,21660,买盘
2373,11:02:57,11.38,-0.01,303,344814,卖盘
2374,11:02:54,11.39,--,10,11390,买盘
2375,11:02:48,11.39,--,206,234634,卖盘
2376,11:02:45,11.39,--,1,1139,卖盘
2377,11:02:42,11.39,-0.01,1,1139,中性盘
2378,11:02:39,11.4,--,4,4560,买盘
2379,11:02:36,11.4,--,31,35340,买盘
2380,11:02:33,11.4,0.01,15,17100,买盘
2381,11:02:30,11.39,--,14,15946,买盘
2382,11:02:27,11.39,-0.01,25,28475,买盘
2383,11:02:24,11.4,0.01,68,77520,买盘
2384,11:02:21,11.39,--,3,3417,买盘
2385,11:02:18,11.39,--,23,26197,卖盘
2386,11:02:15,11.39,--,87,99093,卖盘
2387,11:02:09,11.39,-0.01,50,56950,卖盘
2388,11:02:06,11.4,--,18,20520,买盘
2389,11:02:03,11.4,0.01,84,95760,买盘
2390,11:02:00,11.39,-0.01,205,233495,卖盘
2391,11:01:57,11.4,-0.01,56,63840,卖盘
2392,11:01:54,11.41,0.01,4,4564,中性盘
2393,11:01:51,11.4,--,223,254220,卖盘
2394,11:01:48,11.4,-0.01,5,5700,卖盘
2395,11:01:45,11.41,--,34,38794,卖盘
2396,11:01:42,11.41,-0.02,12,13692,中性盘
2397,11:01:33,11.43,0.03,16,18288,买盘
2398,11:01:30,11.4,-0.02,1600,1824000,卖盘
2399,11:01:27,11.42,--,13,14846,卖盘
2400,11:01:24,11.42,--,26,29692,卖盘
2401,11:01:21,11.42,--,22,25124,卖盘
2402,11:01:18,11.42,--,238,271796,卖盘
2403,11:01:15,11.42,--,20,22840,卖盘
2404,11:01:09,11.42,--,7,7994,卖盘
2405,11:01:06,11.42,--,50,57100,卖盘
2406,11:01:03,11.42,--,20,22840,卖盘
2407,11:01:00,11.42,-0.01,800,913600,卖盘
2408,11:00:57,11.43,0.01,47,53721,买盘
2409,11:00:54,11.42,-0.01,80,91360,卖盘
2410,11:00:51,11.43,0.01,10,11430,买盘
2411,11:00:45,11.42,-0.01,261,298062,卖盘
2412,11:00:42,11.43,0.01,6,6858,中性盘
2413,11:00:39,11.42,-0.01,7,7994,卖盘
2414,11:00:36,11.43,-0.01,11,12573,卖盘
2415,11:00:33,11.44,0.01,15,17160,买盘
2416,11:00:30,11.43,--,311,355473,卖盘
2417,11:00:27,11.43,-0.01,54,61722,卖盘
2418,11:00:24,11.44,--,6,6864,买盘
2419,11:00:21,11.44,0.01,5,5720,买盘
2420,11:00:18,11.43,-0.01,113,129159,卖盘
2421,11:00:15,11.44,0.01,77,88088,买盘
2422,11:00:12,11.43,-0.01,50,57150,卖盘
2423,11:00:03,11.44,--,26,29744,买盘
2424,11:00:00,11.44,--,290,331760,卖盘
2425,10:59:57,11.44,--,109,124696,卖盘
2426,10:59:54,11.44,--,27,30888,卖盘
2427,10:59:51,11.44,--,1,1144,卖盘
2428,10:59:48,11.44,--,23,26312,卖盘
2429,10:59:45,11.44,--,21,24024,卖盘
2430,10:59:42,11.44,-0.01,2,2288,卖盘
2431,10:59:36,11.45,0.01,4,4580,买盘
2432,10:59:33,11.44,--,26,29744,卖盘
2433,10:59:30,11.44,--,180,205920,卖盘
2434,10:59:24,11.44,--,16,18304,卖盘
2435,10:59:21,11.44,--,1,1144,卖盘
2436,10:59:18,11.44,--,65,74360,卖盘
2437,10:59:15,11.44,--,20,22880,卖盘
2438,10:59:09,11.44,-0.01,11,12584,卖盘
2439,10:59:06,11.45,0.01,1,1145,买盘
2440,10:59:03,11.44,--,62,70928,卖盘
2441,10:59:00,11.44,--,1,1144,卖盘
2442,10:58:57,11.44,-0.01,4,4576,卖盘
2443,10:58:54,11.45,0.01,80,91600,买盘
2444,10:58:51,11.44,-0.01,5,5720,卖盘
2445,10:58:48,11.45,0.01,15,17175,买盘
2446,10:58:45,11.44,--,20,22880,卖盘
2447,10:58:42,11.44,-0.01,18,20592,卖盘
2448,10:58:36,11.45,--,3,3435,买盘
2449,10:58:33,11.45,0.01,20,22900,买盘
2450,10:58:30,11.44,--,25,28600,卖盘
2451,10:58:27,11.44,--,63,72072,卖盘
2452,10:58:24,11.44,--,96,109824,卖盘
2453,10:58:21,11.44,--,3,3432,卖盘
2454,10:58:18,11.44,-0.01,71,81224,卖盘
2455,10:58:15,11.45,--,19,21755,买盘
2456,10:58:12,11.45,0.01,93,106485,买盘
2457,10:58:06,11.44,0.01,473,541112,买盘
2458,10:58:03,11.43,--,17,19431,卖盘
2459,10:57:57,11.43,-0.01,8,9144,卖盘
2460,10:57:54,11.44,0.01,23,26312,买盘
2461,10:57:45,11.43,-0.01,168,192024,卖盘
2462,10:57:42,11.44,--,8,9152,卖盘
2463,10:57:39,11.44,-0.01,30,34320,卖盘
2464,10:57:33,11.45,--,52,59539,买盘
2465,10:57:30,11.45,0.01,232,265640,买盘
2466,10:57:27,11.44,--,60,68640,卖盘
2467,10:57:24,11.44,-0.01,268,306592,卖盘
2468,10:57:21,11.45,0.01,5,5725,买盘
2469,10:57:18,11.44,--,172,196768,卖盘
2470,10:57:12,11.44,--,12,13728,卖盘
2471,10:57:09,11.44,--,16,18304,卖盘
2472,10:57:03,11.44,-0.01,17,19448,卖盘
2473,10:56:57,11.45,0.01,61,69845,买盘
2474,10:56:54,11.44,--,15,17160,卖盘
2475,10:56:51,11.44,--,11,12584,卖盘
2476,10:56:48,11.44,--,337,385528,买盘
2477,10:56:45,11.44,0.01,8,9152,买盘
2478,10:56:42,11.43,--,2,2286,卖盘
2479,10:56:39,11.43,-0.02,45,51435,卖盘
2480,10:56:33,11.45,0.02,81,92745,买盘
2481,10:56:30,11.43,--,20,22860,卖盘
2482,10:56:24,11.43,-0.01,73,83439,卖盘
2483,10:56:21,11.44,--,34,38896,卖盘
2484,10:56:18,11.44,--,3,3432,卖盘
2485,10:56:15,11.44,--,50,57200,卖盘
2486,10:56:09,11.44,--,3,3432,卖盘
2487,10:56:03,11.44,-0.01,27,30888,卖盘
2488,10:56:00,11.45,0.01,3,3435,买盘
2489,10:55:57,11.44,--,37,42328,卖盘
2490,10:55:48,11.44,0.01,172,196768,买盘
2491,10:55:42,11.43,-0.01,4,4572,卖盘
2492,10:55:36,11.44,--,32,36608,卖盘
2493,10:55:33,11.44,--,115,131560,卖盘
2494,10:55:30,11.44,--,129,147576,卖盘
2495,10:55:27,11.44,-0.01,638,729872,卖盘
2496,10:55:24,11.45,0.01,7,8014,买盘
2497,10:55:21,11.44,--,43,49192,卖盘
2498,10:55:15,11.44,-0.01,209,239096,卖盘
2499,10:55:12,11.45,--,9,10305,买盘
2500,10:55:09,11.45,0.01,11,12595,买盘
2501,10:55:06,11.44,--,51,58344,卖盘
2502,10:55:03,11.44,--,66,75504,卖盘
2503,10:55:00,11.44,--,21,24024,卖盘
2504,10:54:57,11.44,-0.01,297,339768,卖盘
2505,10:54:54,11.45,0.01,146,167170,买盘
2506,10:54:51,11.44,-0.01,11,12584,卖盘
2507,10:54:48,11.45,--,5,5725,买盘
2508,10:54:45,11.45,0.01,43,49235,买盘
2509,10:54:42,11.44,--,68,77792,卖盘
2510,10:54:39,11.44,-0.01,13,14872,卖盘
2511,10:54:36,11.45,--,1,1145,买盘
2512,10:54:33,11.45,--,44,50380,买盘
2513,10:54:30,11.45,0.01,32,36640,买盘
2514,10:54:24,11.44,-0.01,1,1144,卖盘
2515,10:54:21,11.45,--,12,13740,买盘
2516,10:54:18,11.45,--,5,5725,买盘
2517,10:54:15,11.45,--,127,145415,卖盘
2518,10:54:12,11.45,-0.01,46,52670,卖盘
2519,10:54:09,11.46,--,5,5730,买盘
2520,10:54:03,11.46,--,27,30942,买盘
2521,10:54:00,11.46,0.01,94,107724,买盘
2522,10:53:57,11.45,-0.01,3,3435,卖盘
2523,10:53:54,11.46,0.01,27,30942,买盘
2524,10:53:51,11.45,--,130,148850,卖盘
2525,10:53:48,11.45,--,151,172895,卖盘
2526,10:53:45,11.45,--,9,10305,卖盘
2527,10:53:42,11.45,-0.01,501,573645,卖盘
2528,10:53:36,11.46,--,72,82512,买盘
2529,10:53:33,11.46,0.01,15,17190,买盘
2530,10:53:30,11.45,--,40,45800,卖盘
2531,10:53:24,11.45,-0.01,2,2290,卖盘
2532,10:53:21,11.46,--,143,163878,买盘
2533,10:53:18,11.46,--,1,1146,买盘
2534,10:53:15,11.46,0.01,4,4584,买盘
2535,10:53:12,11.45,-0.01,15,17175,中性盘
2536,10:53:09,11.46,0.01,232,265872,买盘
2537,10:53:03,11.45,-0.01,318,364110,卖盘
2538,10:52:54,11.46,0.01,66,75636,买盘
2539,10:52:51,11.45,--,18,20610,卖盘
2540,10:52:48,11.45,--,200,229000,卖盘
2541,10:52:45,11.45,--,3,3435,卖盘
2542,10:52:42,11.45,--,2,2290,卖盘
2543,10:52:39,11.45,--,150,171750,卖盘
2544,10:52:36,11.45,--,10,11450,卖盘
2545,10:52:33,11.45,--,150,171750,买盘
2546,10:52:27,11.45,0.01,287,328615,买盘
2547,10:52:24,11.44,-0.01,111,126984,卖盘
2548,10:52:18,11.45,0.01,9,10305,买盘
2549,10:52:15,11.44,--,537,614328,卖盘
2550,10:52:12,11.44,--,38,43472,卖盘
2551,10:52:09,11.44,--,46,52624,卖盘
2552,10:52:06,11.44,0.01,46,52624,买盘
2553,10:52:03,11.43,-0.01,83,94869,卖盘
2554,10:51:57,11.44,--,28,32032,卖盘
2555,10:51:54,11.44,--,9,10296,卖盘
2556,10:51:51,11.44,--,28,32032,卖盘
2557,10:51:48,11.44,--,96,109824,卖盘
2558,10:51:45,11.44,--,3,3432,卖盘
2559,10:51:42,11.44,--,35,40040,卖盘
2560,10:51:39,11.44,-0.01,303,346632,卖盘
2561,10:51:36,11.45,--,150,171750,买盘
2562,10:51:33,11.45,0.01,15,17175,买盘
2563,10:51:30,11.44,-0.01,783,895752,卖盘
2564,10:51:27,11.45,0.01,10,11450,买盘
2565,10:51:24,11.44,-0.01,15,17160,卖盘
2566,10:51:21,11.45,--,10,11450,买盘
2567,10:51:18,11.45,--,4,4580,买盘
2568,10:51:15,11.45,--,19,21755,买盘
2569,10:51:12,11.45,--,69,79005,买盘
2570,10:51:09,11.45,--,12,13740,买盘
2571,10:51:06,11.45,--,37,42365,卖盘
2572,10:51:03,11.45,--,130,148850,卖盘
2573,10:51:00,11.45,-0.01,156,178620,卖盘
2574,10:50:57,11.46,0.01,8,9168,买盘
2575,10:50:51,11.45,-0.01,9,10305,卖盘
2576,10:50:48,11.46,--,1,1146,买盘
2577,10:50:45,11.46,--,83,95118,卖盘
2578,10:50:42,11.46,-0.01,114,130644,卖盘
2579,10:50:39,11.47,0.01,24,27528,买盘
2580,10:50:36,11.46,-0.01,1225,1403850,卖盘
2581,10:50:33,11.47,0.01,17,19499,买盘
2582,10:50:30,11.46,-0.01,208,238368,卖盘
2583,10:50:27,11.47,-0.01,112,128464,买盘
2584,10:50:24,11.48,--,380,436240,买盘
2585,10:50:21,11.48,0.01,30,34440,买盘
2586,10:50:18,11.47,-0.01,8,9176,卖盘
2587,10:50:15,11.48,--,35,40180,买盘
2588,10:50:12,11.48,--,110,126280,买盘
2589,10:50:09,11.48,--,49,56252,买盘
2590,10:50:03,11.48,--,45,51660,买盘
2591,10:50:00,11.48,0.01,14,16072,买盘
2592,10:49:57,11.47,--,21,24087,卖盘
2593,10:49:54,11.47,--,34,38998,买盘
2594,10:49:51,11.47,--,14,16058,买盘
2595,10:49:48,11.47,0.01,50,57350,买盘
2596,10:49:45,11.46,-0.01,108,123768,卖盘
2597,10:49:42,11.47,0.01,86,98642,买盘
2598,10:49:39,11.46,-0.01,25,28650,卖盘
2599,10:49:36,11.47,--,154,176638,买盘
2600,10:49:33,11.47,0.01,68,77996,买盘
2601,10:49:30,11.46,-0.01,40,45840,卖盘
2602,10:49:27,11.47,0.01,2,2294,买盘
2603,10:49:24,11.46,--,46,52716,卖盘
2604,10:49:21,11.46,--,522,598212,卖盘
2605,10:49:18,11.46,-0.01,65,74490,卖盘
2606,10:49:15,11.47,0.01,20,22940,买盘
2607,10:49:12,11.46,--,75,85950,卖盘
2608,10:49:09,11.46,--,20,22920,卖盘
2609,10:49:06,11.46,0.01,176,201696,买盘
2610,10:49:03,11.45,--,17,19465,卖盘
2611,10:49:00,11.45,-0.01,59,67555,卖盘
2612,10:48:57,11.46,0.01,25,28650,中性盘
2613,10:48:54,11.45,--,16,18320,卖盘
2614,10:48:51,11.45,-0.01,8,9160,卖盘
2615,10:48:48,11.46,-0.01,21,24066,买盘
2616,10:48:45,11.47,0.01,360,412920,买盘
2617,10:48:42,11.46,--,11,12606,卖盘
2618,10:48:39,11.46,--,20,22920,卖盘
2619,10:48:36,11.46,-0.01,64,73344,卖盘
2620,10:48:33,11.47,--,15,17205,买盘
2621,10:48:30,11.47,-0.01,79,90613,卖盘
2622,10:48:24,11.48,0.02,34,39032,买盘
2623,10:48:21,11.46,-0.02,64,73344,卖盘
2624,10:48:18,11.48,--,98,112504,买盘
2625,10:48:15,11.48,--,20,22960,买盘
2626,10:48:12,11.48,--,552,633696,卖盘
2627,10:48:09,11.48,-0.01,577,662396,卖盘
2628,10:48:06,11.49,--,4,4596,买盘
2629,10:48:03,11.49,--,188,216012,买盘
2630,10:48:00,11.49,--,116,133284,买盘
2631,10:47:57,11.49,0.01,210,241290,买盘
2632,10:47:54,11.48,--,113,129724,买盘
2633,10:47:51,11.48,--,25,28700,买盘
2634,10:47:48,11.48,--,64,73472,买盘
2635,10:47:45,11.48,--,60,68880,卖盘
2636,10:47:42,11.48,--,31,35588,卖盘
2637,10:47:39,11.48,--,67,76916,卖盘
2638,10:47:36,11.48,-0.01,198,227304,卖盘
2639,10:47:33,11.49,--,16,18384,买盘
2640,10:47:30,11.49,--,10,11490,买盘
2641,10:47:27,11.49,--,1206,1385694,卖盘
2642,10:47:24,11.49,--,371,426279,卖盘
2643,10:47:21,11.49,--,129,148221,买盘
2644,10:47:12,11.49,0.01,25,28725,买盘
2645,10:47:09,11.48,-0.01,383,439684,卖盘
2646,10:47:06,11.49,0.01,163,187287,中性盘
2647,10:47:03,11.48,-0.02,78,89544,卖盘
2648,10:47:00,11.5,--,712,818800,买盘
2649,10:46:57,11.5,--,385,442750,买盘
2650,10:46:54,11.5,--,15,17250,买盘
2651,10:46:51,11.5,--,221,254150,卖盘
2652,10:46:48,11.5,-0.01,30,34500,中性盘
2653,10:46:45,11.51,0.02,314,361414,买盘
2654,10:46:42,11.49,-0.01,20,22980,卖盘
2655,10:46:39,11.5,0.01,109,125350,买盘
2656,10:46:36,11.49,-0.02,770,884730,卖盘
2657,10:46:33,11.51,0.01,20,23020,买盘
2658,10:46:30,11.5,0.01,970,1115500,买盘
2659,10:46:27,11.49,--,295,338955,卖盘
2660,10:46:24,11.49,-0.01,2202,2530098,卖盘
2661,10:46:21,11.5,--,75,86250,买盘
2662,10:46:18,11.5,0.01,114,131100,买盘
2663,10:46:15,11.49,--,146,167754,卖盘
2664,10:46:12,11.49,--,133,152817,卖盘
2665,10:46:09,11.49,--,410,471090,卖盘
2666,10:46:06,11.49,--,271,311379,卖盘
2667,10:46:03,11.49,0.02,2373,2726577,买盘
2668,10:46:00,11.47,--,40,45880,卖盘
2669,10:45:57,11.47,--,202,231694,卖盘
2670,10:45:54,11.47,--,22,25234,卖盘
2671,10:45:51,11.47,0.01,1495,1714765,买盘
2672,10:45:48,11.46,--,175,200550,卖盘
2673,10:45:45,11.46,--,10,11460,卖盘
2674,10:45:42,11.46,--,87,99702,卖盘
2675,10:45:39,11.46,--,282,323172,卖盘
2676,10:45:36,11.46,--,28,32088,卖盘
2677,10:45:33,11.46,--,200,229200,买盘
2678,10:45:30,11.46,0.01,5,5730,买盘
2679,10:45:27,11.45,-0.01,384,439680,卖盘
2680,10:45:24,11.46,0.01,49,56154,卖盘
2681,10:45:21,11.45,-0.01,51,58395,卖盘
2682,10:45:18,11.46,-0.01,647,741462,卖盘
2683,10:45:15,11.47,--,40,45880,买盘
2684,10:45:12,11.47,0.02,120,137640,买盘
2685,10:45:09,11.45,-0.02,36,41220,卖盘
2686,10:45:06,11.47,0.02,400,458800,买盘
2687,10:45:03,11.45,-0.01,134,153430,卖盘
2688,10:45:00,11.46,0.01,107,122622,买盘
2689,10:44:57,11.45,--,11,12595,卖盘
2690,10:44:54,11.45,0.01,1132,1296140,买盘
2691,10:44:51,11.44,--,36,41184,卖盘
2692,10:44:48,11.44,--,810,926640,买盘
2693,10:44:45,11.44,0.01,34,38896,买盘
2694,10:44:42,11.43,--,17,19431,卖盘
2695,10:44:36,11.43,--,10,11430,卖盘
2696,10:44:33,11.43,--,46,52578,买盘
2697,10:44:30,11.43,--,16,18288,卖盘
2698,10:44:27,11.43,--,163,186309,买盘
2699,10:44:24,11.43,-0.01,176,201168,卖盘
2700,10:44:21,11.44,0.01,16,18304,买盘
2701,10:44:15,11.43,0.01,39,44577,中性盘
2702,10:44:06,11.42,-0.02,75,85650,卖盘
2703,10:44:03,11.44,0.01,1516,1734304,买盘
2704,10:44:00,11.43,0.01,4,4572,买盘
2705,10:43:57,11.42,--,182,207844,卖盘
2706,10:43:54,11.42,-0.01,152,173584,卖盘
2707,10:43:51,11.43,0.01,35,40005,买盘
2708,10:43:48,11.42,-0.01,143,163306,卖盘
2709,10:43:45,11.43,0.01,22,25146,买盘
2710,10:43:42,11.42,-0.01,261,298062,卖盘
2711,10:43:39,11.43,--,17,19431,买盘
2712,10:43:33,11.43,--,25,28575,买盘
2713,10:43:27,11.43,-0.01,30,34290,卖盘
2714,10:43:24,11.44,0.01,2,2288,买盘
2715,10:43:18,11.43,-0.01,148,169164,卖盘
2716,10:43:15,11.44,0.01,5,5720,买盘
2717,10:43:12,11.43,-0.01,83,94869,卖盘
2718,10:43:09,11.44,--,1,1144,买盘
2719,10:43:06,11.44,0.01,32,36608,买盘
2720,10:43:03,11.43,--,17,19431,卖盘
2721,10:43:00,11.43,-0.01,88,100584,卖盘
2722,10:42:54,11.44,0.01,90,102960,买盘
2723,10:42:51,11.43,--,1110,1268730,卖盘
2724,10:42:48,11.43,-0.01,46,52578,卖盘
2725,10:42:45,11.44,0.01,30,34320,买盘
2726,10:42:42,11.43,--,30,34290,卖盘
2727,10:42:39,11.43,--,402,459486,买盘
2728,10:42:36,11.43,0.01,15,17145,中性盘
2729,10:42:33,11.42,--,138,157596,卖盘
2730,10:42:30,11.42,-0.01,1508,1722136,卖盘
2731,10:42:27,11.43,--,4,4572,买盘
2732,10:42:24,11.43,--,13,14859,买盘
2733,10:42:21,11.43,--,26,29718,买盘
2734,10:42:15,11.43,-0.01,115,131445,卖盘
2735,10:42:12,11.44,0.01,3,3432,买盘
2736,10:42:09,11.43,0.01,117,133731,卖盘
2737,10:42:06,11.42,-0.01,62,70804,卖盘
2738,10:42:03,11.43,--,22,25146,买盘
2739,10:42:00,11.43,0.01,5,5715,买盘
2740,10:41:57,11.42,-0.01,560,639520,卖盘
2741,10:41:54,11.43,--,103,117729,卖盘
2742,10:41:51,11.43,--,167,190881,卖盘
2743,10:41:48,11.43,--,10,11430,卖盘
2744,10:41:45,11.43,0.01,76,86868,买盘
2745,10:41:42,11.42,-0.01,4,4568,卖盘
2746,10:41:39,11.43,--,710,811530,买盘
2747,10:41:36,11.43,--,10,11430,买盘
2748,10:41:33,11.43,--,15,17145,买盘
2749,10:41:30,11.43,--,26,29718,买盘
2750,10:41:27,11.43,--,80,91440,买盘
2751,10:41:24,11.43,--,6,6858,买盘
2752,10:41:18,11.43,--,5,5715,买盘
2753,10:41:15,11.43,--,5,5715,买盘
2754,10:41:12,11.43,--,14,16002,买盘
2755,10:41:09,11.43,0.01,59,67437,买盘
2756,10:41:06,11.42,--,12,13704,卖盘
2757,10:41:03,11.42,-0.01,36,41112,卖盘
2758,10:41:00,11.43,--,61,69723,买盘
2759,10:40:54,11.43,-0.01,90,102870,中性盘
2760,10:40:51,11.44,0.01,65,74360,买盘
2761,10:40:48,11.43,0.02,15,17145,买盘
2762,10:40:42,11.41,-0.03,117,133497,卖盘
2763,10:40:39,11.44,0.01,4,4576,买盘
2764,10:40:36,11.43,--,617,705493,买盘
2765,10:40:33,11.43,--,493,563499,买盘
2766,10:40:30,11.43,--,15,17145,买盘
2767,10:40:24,11.43,0.01,40,45720,买盘
2768,10:40:21,11.42,--,13,14846,卖盘
2769,10:40:15,11.42,0.02,2216,2530672,买盘
2770,10:40:12,11.4,-0.01,4,4560,卖盘
2771,10:40:09,11.41,0.01,24,27384,买盘
2772,10:40:06,11.4,--,529,603060,卖盘
2773,10:40:03,11.4,-0.01,147,167580,卖盘
2774,10:40:00,11.41,--,3,3423,买盘
2775,10:39:57,11.41,--,36,41076,买盘
2776,10:39:54,11.41,0.01,223,254443,买盘
2777,10:39:51,11.4,--,226,257640,卖盘
2778,10:39:48,11.4,-0.01,2,2280,卖盘
2779,10:39:45,11.41,0.01,57,65037,买盘
2780,10:39:42,11.4,--,27,30780,卖盘
2781,10:39:39,11.4,-0.01,235,267900,卖盘
2782,10:39:36,11.41,-0.01,3,3423,中性盘
2783,10:39:33,11.42,0.01,262,299204,买盘
2784,10:39:30,11.41,--,19,21679,卖盘
2785,10:39:27,11.41,-0.01,27,30807,卖盘
2786,10:39:24,11.42,--,53,60526,买盘
2787,10:39:18,11.42,--,18,20556,买盘
2788,10:39:15,11.42,0.01,46,52532,买盘
2789,10:39:09,11.41,--,43,49063,卖盘
2790,10:39:06,11.41,--,269,306929,买盘
2791,10:39:03,11.41,--,286,326326,买盘
2792,10:39:00,11.41,--,45,51345,买盘
2793,10:38:57,11.41,0.01,24,27384,买盘
2794,10:38:54,11.4,--,29,33060,卖盘
2795,10:38:51,11.4,--,48,54720,卖盘
2796,10:38:48,11.4,-0.01,87,99180,卖盘
2797,10:38:45,11.41,0.01,14,15974,买盘
2798,10:38:42,11.4,--,53,60420,卖盘
2799,10:38:39,11.4,--,13,14820,买盘
2800,10:38:36,11.4,--,33,37620,买盘
2801,10:38:33,11.4,--,441,502740,买盘
2802,10:38:30,11.4,--,2,2280,买盘
2803,10:38:24,11.4,--,27,30780,买盘
2804,10:38:18,11.4,0.01,54,61560,买盘
2805,10:38:15,11.39,-0.01,11,12529,卖盘
2806,10:38:12,11.4,0.01,85,96900,买盘
2807,10:38:09,11.39,--,38,43282,买盘
2808,10:38:06,11.39,0.01,4,4556,买盘
2809,10:38:03,11.38,-0.01,46,52348,卖盘
