,time,price,change,volume,amount,type
0,15:00:03,8.35,--,10354,8645598,卖盘
1,14:57:00,8.35,--,151,126085,卖盘
2,14:56:57,8.35,--,78,65130,卖盘
3,14:56:54,8.35,--,84,70599,卖盘
4,14:56:51,8.35,0.01,446,372986,买盘
5,14:56:48,8.34,-0.01,216,180144,卖盘
6,14:56:45,8.35,--,319,266365,买盘
7,14:56:42,8.35,--,125,104375,买盘
8,14:56:39,8.35,--,109,91015,买盘
9,14:56:36,8.35,--,224,187040,买盘
10,14:56:33,8.35,--,227,189545,买盘
11,14:56:30,8.35,--,1228,1025380,买盘
12,14:56:27,8.35,--,99,82665,买盘
13,14:56:24,8.35,0.01,186,155310,买盘
14,14:56:21,8.34,-0.01,107,89238,卖盘
15,14:56:18,8.35,0.01,45,37575,买盘
16,14:56:15,8.34,--,379,316086,卖盘
17,14:56:12,8.34,-0.02,788,657450,卖盘
18,14:56:09,8.36,--,287,239931,买盘
19,14:56:06,8.36,0.01,2815,2353340,买盘
20,14:56:03,8.35,-0.01,866,723110,卖盘
21,14:56:00,8.36,0.01,74,61863,买盘
22,14:55:57,8.35,-0.01,239,199565,卖盘
23,14:55:54,8.36,0.01,81,67716,买盘
24,14:55:51,8.35,-0.01,82,68470,卖盘
25,14:55:48,8.36,--,113,94468,买盘
26,14:55:45,8.36,0.01,37,30931,买盘
27,14:55:42,8.35,--,108,90180,卖盘
28,14:55:39,8.35,--,226,188710,卖盘
29,14:55:36,8.35,--,621,519111,买盘
30,14:55:33,8.35,--,1014,846690,买盘
31,14:55:30,8.35,--,44,36740,买盘
32,14:55:27,8.35,-0.01,131,109385,卖盘
33,14:55:24,8.36,0.02,54,45144,买盘
34,14:55:21,8.34,-0.02,729,607986,卖盘
35,14:55:18,8.36,0.01,5,4180,买盘
36,14:55:15,8.35,0.01,267,222945,买盘
37,14:55:12,8.34,-0.01,456,380304,卖盘
38,14:55:09,8.35,--,844,704740,买盘
39,14:55:06,8.35,0.01,441,368235,买盘
40,14:55:03,8.34,-0.01,112,93408,卖盘
41,14:55:00,8.35,0.01,177,147795,买盘
42,14:54:57,8.34,-0.01,133,110922,卖盘
43,14:54:54,8.35,--,573,478455,买盘
44,14:54:51,8.35,--,420,350700,买盘
45,14:54:48,8.35,--,387,323145,买盘
46,14:54:45,8.35,--,321,268035,买盘
47,14:54:42,8.35,--,58,48430,买盘
48,14:54:39,8.35,--,638,532730,卖盘
49,14:54:36,8.35,-0.01,100,83500,卖盘
50,14:54:33,8.36,0.01,515,430539,买盘
51,14:54:30,8.35,--,166,138610,买盘
52,14:54:27,8.35,--,48,40080,买盘
53,14:54:24,8.35,--,2339,1953582,卖盘
54,14:54:21,8.35,-0.01,21,17535,卖盘
55,14:54:18,8.36,--,219,183084,买盘
56,14:54:15,8.36,0.01,440,367840,买盘
57,14:54:12,8.35,--,521,435035,卖盘
58,14:54:09,8.35,-0.01,78,65130,卖盘
59,14:54:06,8.36,0.01,42,35112,买盘
60,14:54:03,8.35,--,113,94355,卖盘
61,14:54:00,8.35,--,561,468435,卖盘
62,14:53:57,8.35,--,267,222945,卖盘
63,14:53:54,8.35,--,38,31730,卖盘
64,14:53:51,8.35,--,478,399130,卖盘
65,14:53:48,8.35,--,55,45925,卖盘
66,14:53:45,8.35,--,188,156980,卖盘
67,14:53:42,8.35,0.01,2499,2086982,买盘
68,14:53:39,8.34,--,50,41700,卖盘
69,14:53:36,8.34,--,46,38364,卖盘
70,14:53:33,8.34,-0.01,1050,875700,卖盘
71,14:53:30,8.35,0.01,358,298930,买盘
72,14:53:27,8.34,--,73,60882,卖盘
73,14:53:24,8.34,-0.01,29,24186,卖盘
74,14:53:21,8.35,0.01,123,102705,买盘
75,14:53:18,8.34,--,316,263544,卖盘
76,14:53:15,8.34,--,365,304410,卖盘
77,14:53:12,8.34,--,182,151788,卖盘
78,14:53:09,8.34,-0.01,127,105918,卖盘
79,14:53:06,8.35,0.01,46,38410,买盘
80,14:53:03,8.34,--,260,217507,买盘
81,14:53:00,8.34,--,206,171804,买盘
82,14:52:57,8.34,0.01,57,47538,买盘
83,14:52:54,8.33,-0.02,369,307876,卖盘
84,14:52:51,8.35,--,233,194555,买盘
85,14:52:48,8.35,0.01,572,477620,买盘
86,14:52:45,8.34,--,75,62550,卖盘
87,14:52:42,8.34,-0.01,74,61716,卖盘
88,14:52:39,8.35,--,522,435870,买盘
89,14:52:36,8.35,--,244,203740,买盘
90,14:52:33,8.35,--,206,172010,买盘
91,14:52:30,8.35,0.01,237,197895,买盘
92,14:52:27,8.34,-0.01,25,20850,卖盘
93,14:52:24,8.35,--,16,13360,买盘
94,14:52:21,8.35,0.01,255,212925,买盘
95,14:52:18,8.34,--,248,206832,卖盘
96,14:52:15,8.34,-0.01,104,86736,卖盘
97,14:52:12,8.35,--,112,93520,买盘
98,14:52:09,8.35,--,3629,3030215,买盘
99,14:52:06,8.35,--,11,9185,买盘
100,14:52:03,8.35,--,69,57615,买盘
101,14:52:00,8.35,0.01,120,100200,买盘
102,14:51:57,8.34,-0.01,49,40866,卖盘
103,14:51:54,8.35,0.01,490,409150,买盘
104,14:51:51,8.34,-0.01,296,246864,卖盘
105,14:51:48,8.35,0.01,87,72645,买盘
106,14:51:45,8.34,-0.01,734,612489,卖盘
107,14:51:42,8.35,--,82,68470,买盘
108,14:51:36,8.35,--,48,40080,买盘
109,14:51:33,8.35,--,110,91850,买盘
110,14:51:30,8.35,0.01,140,116900,买盘
111,14:51:27,8.34,-0.01,304,253536,卖盘
112,14:51:24,8.35,--,56,46760,买盘
113,14:51:21,8.35,--,239,199748,卖盘
114,14:51:18,8.35,--,60,50100,卖盘
115,14:51:15,8.35,--,379,317116,买盘
116,14:51:12,8.35,--,230,192233,卖盘
117,14:51:09,8.35,--,456,381411,买盘
118,14:51:06,8.35,--,339,283065,买盘
119,14:51:03,8.35,--,1644,1372740,买盘
120,14:51:00,8.35,--,446,372410,买盘
121,14:50:57,8.35,--,420,350700,买盘
122,14:50:54,8.35,--,1029,859215,买盘
123,14:50:51,8.35,--,31,25885,买盘
124,14:50:48,8.35,--,248,207080,买盘
125,14:50:45,8.35,0.01,240,200400,买盘
126,14:50:42,8.34,-0.01,36,30024,卖盘
127,14:50:39,8.35,0.01,402,335670,买盘
128,14:50:36,8.34,-0.01,192,160128,卖盘
129,14:50:33,8.35,--,208,173680,买盘
130,14:50:30,8.35,--,748,624580,买盘
131,14:50:27,8.35,--,172,143620,买盘
132,14:50:24,8.35,--,505,421675,买盘
133,14:50:21,8.35,0.01,40,33400,买盘
134,14:50:18,8.34,-0.01,11,9174,卖盘
135,14:50:15,8.35,0.01,272,227120,买盘
136,14:50:12,8.34,-0.01,294,245196,卖盘
137,14:50:09,8.35,--,133,111055,买盘
138,14:50:06,8.35,--,304,253840,买盘
139,14:50:03,8.35,--,845,705575,买盘
140,14:50:00,8.35,--,32,26720,买盘
141,14:49:57,8.35,--,123,102705,买盘
142,14:49:54,8.35,--,315,263025,买盘
143,14:49:51,8.35,--,52,43420,买盘
144,14:49:48,8.35,--,82,68470,买盘
145,14:49:45,8.35,0.01,65,54275,买盘
146,14:49:42,8.34,--,126,105084,卖盘
147,14:49:36,8.34,--,326,271884,卖盘
148,14:49:33,8.34,-0.01,20,16680,卖盘
149,14:49:30,8.35,--,134,111890,买盘
150,14:49:27,8.35,--,194,161990,买盘
151,14:49:24,8.35,0.01,7,5845,买盘
152,14:49:21,8.34,--,103,85902,卖盘
153,14:49:18,8.34,-0.01,68,56712,卖盘
154,14:49:15,8.35,--,114,95190,买盘
155,14:49:12,8.35,--,93,77655,买盘
156,14:49:09,8.35,--,86,71810,买盘
157,14:49:06,8.35,--,154,128590,买盘
158,14:49:03,8.35,0.01,710,592850,买盘
159,14:49:00,8.34,-0.01,116,96744,卖盘
160,14:48:57,8.35,--,1225,1022875,买盘
161,14:48:54,8.35,0.01,4,3340,买盘
162,14:48:51,8.34,-0.01,1122,935748,卖盘
163,14:48:48,8.35,--,350,292250,买盘
164,14:48:45,8.35,0.01,257,214595,买盘
165,14:48:42,8.34,-0.01,60,50040,卖盘
166,14:48:39,8.35,0.01,592,494320,买盘
167,14:48:36,8.34,-0.01,43,35862,卖盘
168,14:48:33,8.35,0.01,180,150300,买盘
169,14:48:30,8.34,-0.01,74,61716,卖盘
170,14:48:27,8.35,0.01,47,39245,买盘
171,14:48:24,8.34,--,15,12510,卖盘
172,14:48:21,8.34,-0.01,61,50874,卖盘
173,14:48:18,8.35,0.01,203,169505,买盘
174,14:48:15,8.34,-0.01,196,163464,卖盘
175,14:48:12,8.35,--,501,418335,买盘
176,14:48:09,8.35,0.01,147,122745,买盘
177,14:48:06,8.34,-0.01,4,3336,卖盘
178,14:48:03,8.35,0.01,18,15030,买盘
179,14:48:00,8.34,-0.01,252,210168,卖盘
180,14:47:57,8.35,--,269,224615,买盘
181,14:47:54,8.35,--,70,58450,买盘
182,14:47:51,8.35,0.01,94,78490,买盘
183,14:47:48,8.34,-0.01,236,196824,卖盘
184,14:47:45,8.35,--,289,241315,买盘
185,14:47:42,8.35,--,143,119405,买盘
186,14:47:39,8.35,--,35,29225,买盘
187,14:47:36,8.35,--,106,88510,买盘
188,14:47:33,8.35,--,15,12525,买盘
189,14:47:30,8.35,0.01,92,76820,买盘
190,14:47:27,8.34,--,90,75060,卖盘
191,14:47:24,8.34,-0.01,66,55044,卖盘
192,14:47:21,8.35,0.01,113,94355,买盘
193,14:47:18,8.34,-0.01,142,118428,卖盘
194,14:47:15,8.35,--,217,181195,买盘
195,14:47:12,8.35,0.01,152,126920,买盘
196,14:47:09,8.34,--,203,169302,卖盘
197,14:47:06,8.34,--,77,64218,卖盘
198,14:47:03,8.34,--,80,66720,卖盘
199,14:47:00,8.34,--,258,215172,卖盘
200,14:46:57,8.34,0.01,212,176808,中性盘
201,14:46:54,8.33,-0.01,921,767193,卖盘
202,14:46:51,8.34,--,28,23352,买盘
203,14:46:48,8.34,-0.01,701,584634,卖盘
204,14:46:45,8.35,0.01,95,79325,买盘
205,14:46:42,8.34,-0.01,4,3336,卖盘
206,14:46:39,8.35,0.01,131,109385,买盘
207,14:46:36,8.34,-0.01,232,193488,卖盘
208,14:46:33,8.35,0.01,135,112725,买盘
209,14:46:30,8.34,--,58,48372,卖盘
210,14:46:27,8.34,-0.01,50,41700,卖盘
211,14:46:24,8.35,0.01,641,535235,买盘
212,14:46:21,8.34,--,40,33360,买盘
213,14:46:18,8.34,--,172,143448,买盘
214,14:46:15,8.34,--,438,365292,买盘
215,14:46:12,8.34,-0.01,389,324426,卖盘
216,14:46:09,8.35,0.01,127,106045,买盘
217,14:46:06,8.34,--,464,386976,卖盘
218,14:46:03,8.34,--,215,179310,卖盘
219,14:46:00,8.34,-0.01,1021,851514,卖盘
220,14:45:57,8.35,0.01,331,276385,买盘
221,14:45:54,8.34,--,83,69222,卖盘
222,14:45:51,8.34,-0.01,492,410328,卖盘
223,14:45:48,8.35,0.01,14,11690,买盘
224,14:45:45,8.34,-0.01,275,229350,卖盘
225,14:45:42,8.35,0.01,63,52605,买盘
226,14:45:39,8.34,--,88,73392,买盘
227,14:45:36,8.34,--,247,205998,买盘
228,14:45:33,8.34,--,96,80064,买盘
229,14:45:30,8.34,--,455,379470,买盘
230,14:45:27,8.34,--,22,18348,买盘
231,14:45:24,8.34,-0.01,478,398652,卖盘
232,14:45:21,8.35,0.01,409,341515,买盘
233,14:45:18,8.34,--,78,65052,卖盘
234,14:45:15,8.34,0.01,78,65052,买盘
235,14:45:12,8.33,--,164,136612,卖盘
236,14:45:09,8.33,-0.01,1015,845495,卖盘
237,14:45:06,8.34,0.01,557,465205,买盘
238,14:45:03,8.33,-0.01,81,67473,卖盘
239,14:45:00,8.34,--,234,195156,买盘
240,14:44:57,8.34,--,66,55044,买盘
241,14:44:54,8.34,--,25,20850,买盘
242,14:44:51,8.34,--,277,231018,买盘
243,14:44:48,8.34,--,502,418668,卖盘
244,14:44:45,8.34,--,1002,835668,卖盘
245,14:44:42,8.34,--,144,120096,卖盘
246,14:44:39,8.34,--,393,327762,卖盘
247,14:44:36,8.34,--,80,66720,卖盘
248,14:44:33,8.34,-0.01,1365,1138410,卖盘
249,14:44:30,8.35,--,213,177855,买盘
250,14:44:27,8.35,0.01,3,2505,买盘
251,14:44:24,8.34,-0.01,42,35028,卖盘
252,14:44:21,8.35,0.01,425,354875,买盘
253,14:44:18,8.34,--,51,42534,卖盘
254,14:44:15,8.34,--,99,82566,卖盘
255,14:44:12,8.34,--,1690,1409460,卖盘
256,14:44:09,8.34,--,3,2502,卖盘
257,14:44:06,8.34,--,23,19182,卖盘
258,14:44:03,8.34,-0.01,51,42534,卖盘
259,14:44:00,8.35,0.01,33,27555,买盘
260,14:43:57,8.34,-0.01,10,8340,卖盘
261,14:43:54,8.35,0.01,1810,1511350,买盘
262,14:43:51,8.34,--,268,223512,买盘
263,14:43:48,8.34,--,348,290232,买盘
264,14:43:45,8.34,--,214,178476,买盘
265,14:43:42,8.34,--,302,251868,买盘
266,14:43:39,8.34,--,88,73392,买盘
267,14:43:36,8.34,--,1342,1119228,买盘
268,14:43:33,8.34,--,109,90906,买盘
269,14:43:30,8.34,--,170,141780,买盘
270,14:43:27,8.34,--,195,162630,买盘
271,14:43:24,8.34,--,122,101748,买盘
272,14:43:21,8.34,--,75,62550,买盘
273,14:43:18,8.34,--,20,16680,买盘
274,14:43:15,8.34,0.01,51,42534,买盘
275,14:43:12,8.33,-0.01,320,266560,卖盘
276,14:43:09,8.34,--,158,131772,买盘
277,14:43:06,8.34,--,36,30024,买盘
278,14:43:03,8.34,--,516,430344,买盘
279,14:43:00,8.34,--,294,245196,买盘
280,14:42:57,8.34,--,569,474546,卖盘
281,14:42:54,8.34,--,7,5838,卖盘
282,14:42:51,8.34,-0.01,64,53376,卖盘
283,14:42:48,8.35,--,56,46760,买盘
284,14:42:45,8.35,0.01,413,344855,买盘
285,14:42:42,8.34,--,247,205998,买盘
286,14:42:39,8.34,-0.01,35,29707,卖盘
287,14:42:36,8.35,--,41,34235,买盘
288,14:42:33,8.35,0.01,191,159485,买盘
289,14:42:30,8.34,--,143,119262,卖盘
290,14:42:27,8.34,--,171,142614,卖盘
291,14:42:24,8.34,--,278,231852,卖盘
292,14:42:21,8.34,--,121,100914,卖盘
293,14:42:18,8.34,--,10,8340,卖盘
294,14:42:15,8.34,--,653,544602,卖盘
295,14:42:12,8.34,-0.01,338,281892,卖盘
296,14:42:09,8.35,0.01,255,212925,买盘
297,14:42:06,8.34,--,136,113424,卖盘
298,14:42:03,8.34,--,35,29190,卖盘
299,14:42:00,8.34,-0.01,11,9174,卖盘
300,14:41:57,8.35,--,40,33400,买盘
301,14:41:54,8.35,--,1034,863390,卖盘
302,14:41:51,8.35,-0.01,146,121910,卖盘
303,14:41:48,8.36,--,697,582692,买盘
304,14:41:45,8.36,0.01,10,8360,买盘
305,14:41:42,8.35,--,873,728955,卖盘
306,14:41:39,8.35,--,262,218770,卖盘
307,14:41:36,8.35,-0.01,219,182865,卖盘
308,14:41:33,8.36,0.01,716,598576,买盘
309,14:41:30,8.35,--,164,136940,卖盘
310,14:41:27,8.35,--,30,25050,卖盘
311,14:41:24,8.35,--,477,398295,卖盘
312,14:41:21,8.35,-0.01,299,249665,卖盘
313,14:41:18,8.36,--,17,14211,买盘
314,14:41:15,8.36,--,42,35112,买盘
315,14:41:12,8.36,--,171,142956,卖盘
316,14:41:09,8.36,--,679,567644,卖盘
317,14:41:06,8.36,--,46,38456,卖盘
318,14:41:03,8.36,--,18,15047,卖盘
319,14:41:00,8.36,-0.01,149,124563,卖盘
320,14:40:57,8.37,0.01,296,247751,买盘
321,14:40:54,8.36,--,228,190608,卖盘
322,14:40:51,8.36,-0.01,623,520827,卖盘
323,14:40:48,8.37,0.01,56,46871,买盘
324,14:40:45,8.36,-0.01,47,39292,卖盘
325,14:40:42,8.37,--,32,26783,买盘
326,14:40:39,8.37,0.01,391,327266,买盘
327,14:40:36,8.36,--,1,836,卖盘
328,14:40:33,8.36,-0.01,404,337744,卖盘
329,14:40:30,8.37,--,72,60263,买盘
330,14:40:27,8.37,0.01,881,737396,买盘
331,14:40:24,8.36,-0.02,2007,1677852,卖盘
332,14:40:21,8.38,--,391,327658,卖盘
333,14:40:18,8.38,--,149,124862,卖盘
334,14:40:15,8.38,--,44,36872,卖盘
335,14:40:12,8.38,--,63,52794,卖盘
336,14:40:09,8.38,-0.01,61,51118,卖盘
337,14:40:06,8.39,0.01,5,4195,买盘
338,14:40:03,8.38,-0.01,55,46090,卖盘
339,14:40:00,8.39,--,10,8390,买盘
340,14:39:57,8.39,--,918,770202,买盘
341,14:39:54,8.39,0.01,78,65442,买盘
342,14:39:51,8.38,-0.01,10,8380,卖盘
343,14:39:48,8.39,--,50,41950,买盘
344,14:39:45,8.39,0.01,192,161088,买盘
345,14:39:42,8.38,--,16,13408,卖盘
346,14:39:39,8.38,--,160,134080,卖盘
347,14:39:36,8.38,--,63,52794,卖盘
348,14:39:33,8.38,-0.01,61,51118,卖盘
349,14:39:30,8.39,0.01,24,20136,买盘
350,14:39:27,8.38,-0.01,118,98884,卖盘
351,14:39:24,8.39,--,10,8390,买盘
352,14:39:21,8.39,0.01,2,1678,买盘
353,14:39:18,8.38,-0.01,109,91342,卖盘
354,14:39:15,8.39,--,16,13424,买盘
355,14:39:12,8.39,--,21,17619,买盘
356,14:39:09,8.39,0.01,7,5873,买盘
357,14:39:06,8.38,--,2,1676,卖盘
358,14:39:03,8.38,-0.01,382,320116,卖盘
359,14:39:00,8.39,0.01,218,182902,买盘
360,14:38:57,8.38,-0.01,15,12570,卖盘
361,14:38:54,8.39,--,153,128367,买盘
362,14:38:51,8.39,--,22,18458,买盘
363,14:38:48,8.39,0.01,390,327210,买盘
364,14:38:45,8.38,--,5,4190,卖盘
365,14:38:42,8.38,-0.01,230,192740,卖盘
366,14:38:39,8.39,0.01,51,42789,买盘
367,14:38:36,8.38,-0.01,126,105588,卖盘
368,14:38:33,8.39,--,53,44467,买盘
369,14:38:30,8.39,--,96,80544,买盘
370,14:38:27,8.39,--,2159,1811401,买盘
371,14:38:24,8.39,--,51,42789,买盘
372,14:38:21,8.39,--,12,10068,买盘
373,14:38:18,8.39,--,70,58730,买盘
374,14:38:15,8.39,--,83,69637,买盘
375,14:38:12,8.39,0.01,66,55374,买盘
376,14:38:09,8.38,-0.01,103,86314,卖盘
377,14:38:06,8.39,0.01,149,125011,买盘
378,14:38:03,8.38,-0.01,31,25978,卖盘
379,14:38:00,8.39,0.01,51,42789,买盘
380,14:37:57,8.38,-0.01,65,54470,卖盘
381,14:37:54,8.39,--,32,26848,买盘
382,14:37:51,8.39,0.01,171,143469,买盘
383,14:37:48,8.38,-0.01,1,838,卖盘
384,14:37:45,8.39,0.01,547,458933,买盘
385,14:37:42,8.38,-0.01,64,53632,卖盘
386,14:37:39,8.39,0.01,21,17619,买盘
387,14:37:36,8.38,--,2425,2032150,卖盘
388,14:37:33,8.38,-0.01,11,9218,卖盘
389,14:37:30,8.39,--,5,4195,买盘
390,14:37:27,8.39,--,98,82222,买盘
391,14:37:24,8.39,--,9,7551,买盘
392,14:37:21,8.39,--,11,9229,买盘
393,14:37:18,8.39,--,63,52857,买盘
394,14:37:15,8.39,--,108,90612,买盘
395,14:37:09,8.39,0.01,116,97324,买盘
396,14:37:06,8.38,-0.01,26,21788,卖盘
397,14:37:03,8.39,--,38,31882,买盘
398,14:37:00,8.39,-0.01,477,400337,卖盘
399,14:36:57,8.4,0.01,225,189000,买盘
400,14:36:54,8.39,-0.01,284,238276,卖盘
401,14:36:51,8.4,0.01,87,73080,买盘
402,14:36:48,8.39,-0.01,2333,1957387,卖盘
403,14:36:45,8.4,0.01,31,26040,买盘
404,14:36:42,8.39,--,32,26848,卖盘
405,14:36:39,8.39,-0.01,49,41111,卖盘
406,14:36:36,8.4,0.01,6,5040,买盘
407,14:36:33,8.39,-0.01,276,231564,卖盘
408,14:36:30,8.4,0.01,6,5040,买盘
409,14:36:27,8.39,-0.01,99,83061,卖盘
410,14:36:24,8.4,0.01,1015,852600,买盘
411,14:36:21,8.39,--,60,50340,卖盘
412,14:36:18,8.39,-0.01,24,20136,卖盘
413,14:36:15,8.4,--,91,76440,买盘
414,14:36:12,8.4,--,72,60480,买盘
415,14:36:09,8.4,--,247,207480,买盘
416,14:36:06,8.4,--,21,17640,买盘
417,14:36:03,8.4,--,107,89880,买盘
418,14:36:00,8.4,--,131,110040,买盘
419,14:35:57,8.4,--,16,13440,买盘
420,14:35:54,8.4,--,387,325080,买盘
421,14:35:51,8.4,--,378,317520,买盘
422,14:35:48,8.4,--,4,3360,买盘
423,14:35:45,8.4,0.01,46,38640,买盘
424,14:35:42,8.39,-0.02,117,98163,卖盘
425,14:35:39,8.41,--,488,410408,买盘
426,14:35:36,8.41,--,51,42891,买盘
427,14:35:33,8.41,0.01,131,110171,买盘
428,14:35:30,8.4,--,276,232545,买盘
429,14:35:27,8.4,0.01,192,161280,买盘
430,14:35:24,8.39,-0.01,74,62086,卖盘
431,14:35:21,8.4,--,1313,1102920,买盘
432,14:35:18,8.4,--,263,220920,买盘
433,14:35:15,8.4,--,235,197400,买盘
434,14:35:12,8.4,--,164,137760,买盘
435,14:35:09,8.4,--,53,44520,买盘
436,14:35:06,8.4,--,64,53760,买盘
437,14:35:03,8.4,0.01,168,141120,买盘
438,14:34:57,8.39,--,1,839,卖盘
439,14:34:51,8.39,-0.01,78,65442,卖盘
440,14:34:48,8.4,0.01,24,20160,买盘
441,14:34:45,8.39,-0.01,25,20975,卖盘
442,14:34:42,8.4,--,91,76440,买盘
443,14:34:39,8.4,--,1238,1039920,买盘
444,14:34:36,8.4,--,26,21840,买盘
445,14:34:33,8.4,0.01,120,100800,买盘
446,14:34:30,8.39,-0.01,21,17619,卖盘
447,14:34:27,8.4,--,1751,1470974,卖盘
448,14:34:24,8.4,--,345,289800,卖盘
449,14:34:21,8.4,-0.01,513,430920,卖盘
450,14:34:18,8.41,0.01,40,33640,买盘
451,14:34:15,8.4,--,121,101640,卖盘
452,14:34:12,8.4,--,119,99960,卖盘
453,14:34:09,8.4,--,324,272160,卖盘
454,14:34:06,8.4,--,2,1680,卖盘
455,14:34:03,8.4,--,19,15960,卖盘
456,14:34:00,8.4,-0.01,763,640920,卖盘
457,14:33:57,8.41,0.01,139,116899,买盘
458,14:33:54,8.4,-0.01,10,8400,卖盘
459,14:33:51,8.41,--,29,24389,买盘
460,14:33:48,8.41,0.01,11,9251,买盘
461,14:33:45,8.4,-0.01,52,43680,卖盘
462,14:33:42,8.41,0.01,1,841,买盘
463,14:33:39,8.4,-0.01,52,43680,卖盘
464,14:33:36,8.41,0.01,321,269961,买盘
465,14:33:33,8.4,--,206,173040,卖盘
466,14:33:30,8.4,--,1670,1402800,卖盘
467,14:33:24,8.4,--,245,205800,卖盘
468,14:33:21,8.4,-0.01,120,100800,卖盘
469,14:33:18,8.41,0.01,174,146334,买盘
470,14:33:15,8.4,-0.01,156,131040,卖盘
471,14:33:12,8.41,--,4,3364,买盘
472,14:33:09,8.41,--,50,42050,买盘
473,14:33:06,8.41,--,512,430592,买盘
474,14:33:03,8.41,--,265,222865,买盘
475,14:33:00,8.41,--,5,4205,买盘
476,14:32:57,8.41,--,126,105966,买盘
477,14:32:51,8.41,--,106,89146,买盘
478,14:32:48,8.41,--,33,27753,买盘
479,14:32:45,8.41,--,379,318739,卖盘
480,14:32:42,8.41,-0.01,69,58029,卖盘
481,14:32:39,8.42,0.01,22,18524,买盘
482,14:32:36,8.41,--,30,25230,卖盘
483,14:32:33,8.41,--,118,99238,卖盘
484,14:32:30,8.41,--,132,111012,卖盘
485,14:32:27,8.41,--,94,79054,卖盘
486,14:32:24,8.41,--,495,416295,买盘
487,14:32:21,8.41,--,631,530671,买盘
488,14:32:18,8.41,--,90,75690,买盘
489,14:32:15,8.41,--,8,6728,买盘
490,14:32:12,8.41,--,42,35322,买盘
491,14:32:09,8.41,--,24,20184,买盘
492,14:32:06,8.41,--,293,246413,买盘
493,14:32:03,8.41,--,112,94192,买盘
494,14:32:00,8.41,--,12,10092,买盘
495,14:31:57,8.41,0.01,101,84941,中性盘
496,14:31:54,8.4,-0.02,1508,1266846,卖盘
497,14:31:51,8.42,0.01,27,22734,买盘
498,14:31:48,8.41,--,472,396952,卖盘
499,14:31:45,8.41,--,150,126150,卖盘
500,14:31:42,8.41,--,103,86623,卖盘
501,14:31:39,8.41,--,70,58870,卖盘
502,14:31:36,8.41,-0.01,187,157267,卖盘
503,14:31:33,8.42,--,44,37048,买盘
504,14:31:30,8.42,0.01,65,54730,买盘
505,14:31:27,8.41,-0.01,16,13456,卖盘
506,14:31:24,8.42,0.01,92,77464,买盘
507,14:31:21,8.41,-0.01,156,131196,卖盘
508,14:31:18,8.42,0.01,536,451312,买盘
509,14:31:15,8.41,-0.01,94,79054,卖盘
510,14:31:12,8.42,0.01,24,20208,买盘
511,14:31:09,8.41,--,33,27753,卖盘
512,14:31:06,8.41,-0.01,1050,883050,卖盘
513,14:31:03,8.42,--,40,33680,买盘
514,14:31:00,8.42,--,187,157454,买盘
515,14:30:57,8.42,--,103,86726,买盘
516,14:30:54,8.42,0.01,102,85884,买盘
517,14:30:51,8.41,--,12,10092,卖盘
518,14:30:48,8.41,-0.01,8,6728,卖盘
519,14:30:45,8.42,0.01,1408,1185536,买盘
520,14:30:42,8.41,-0.01,20,16820,卖盘
521,14:30:39,8.42,0.01,459,386478,买盘
522,14:30:36,8.41,--,304,255664,卖盘
523,14:30:33,8.41,-0.01,317,266597,卖盘
524,14:30:30,8.42,--,962,810004,买盘
525,14:30:27,8.42,--,268,225656,买盘
526,14:30:24,8.42,0.01,171,143982,买盘
527,14:30:21,8.41,-0.01,50,42050,卖盘
528,14:30:18,8.42,--,472,397424,买盘
529,14:30:15,8.42,--,39,32838,买盘
530,14:30:12,8.42,0.01,304,255968,买盘
531,14:30:09,8.41,-0.01,66,55506,卖盘
532,14:30:06,8.42,--,23,19366,买盘
533,14:30:03,8.42,--,222,186924,买盘
534,14:30:00,8.42,--,234,197028,买盘
535,14:29:57,8.42,--,1086,914412,买盘
536,14:29:54,8.42,--,2,1684,买盘
537,14:29:51,8.42,--,29,24418,买盘
538,14:29:48,8.42,--,122,102724,买盘
539,14:29:45,8.42,--,37,31154,买盘
540,14:29:42,8.42,--,69,58098,买盘
541,14:29:39,8.42,--,539,453838,买盘
542,14:29:36,8.42,0.01,52,43784,买盘
543,14:29:33,8.41,-0.01,241,202681,卖盘
544,14:29:30,8.42,0.01,47,39574,买盘
545,14:29:27,8.41,-0.01,102,85782,卖盘
546,14:29:24,8.42,--,67,56414,买盘
547,14:29:21,8.42,--,127,106934,买盘
548,14:29:18,8.42,--,27,22734,买盘
549,14:29:15,8.42,0.01,26,21892,买盘
550,14:29:12,8.41,-0.01,1,841,卖盘
551,14:29:09,8.42,0.01,206,173620,买盘
552,14:29:06,8.41,--,17,14297,买盘
553,14:29:03,8.41,--,1312,1104064,卖盘
554,14:29:00,8.41,--,61,51301,卖盘
555,14:28:57,8.41,--,62,52142,卖盘
556,14:28:54,8.41,--,1,841,卖盘
557,14:28:51,8.41,--,49,41209,卖盘
558,14:28:48,8.41,--,281,236321,卖盘
559,14:28:45,8.41,-0.01,41,34481,卖盘
560,14:28:42,8.42,0.01,47,39574,买盘
561,14:28:39,8.41,--,133,111853,卖盘
562,14:28:36,8.41,-0.01,46,38686,卖盘
563,14:28:33,8.42,--,12,10104,买盘
564,14:28:30,8.42,--,80,67360,买盘
565,14:28:27,8.42,0.01,105,88410,买盘
566,14:28:24,8.41,-0.01,76,63916,卖盘
567,14:28:21,8.42,--,1,842,买盘
568,14:28:18,8.42,0.01,38,31996,买盘
569,14:28:15,8.41,--,177,149025,卖盘
570,14:28:12,8.41,--,105,88305,卖盘
571,14:28:09,8.41,-0.01,15,12615,卖盘
572,14:28:06,8.42,0.02,177,149034,买盘
573,14:28:03,8.4,-0.01,900,756000,卖盘
574,14:28:00,8.41,--,361,303601,买盘
575,14:27:57,8.41,0.01,377,317057,买盘
576,14:27:54,8.4,--,280,235200,卖盘
577,14:27:51,8.4,-0.01,243,204120,卖盘
578,14:27:48,8.41,--,17,14297,买盘
579,14:27:45,8.41,--,385,323785,买盘
580,14:27:42,8.41,--,220,185020,买盘
581,14:27:39,8.41,--,137,115217,买盘
582,14:27:36,8.41,0.01,614,516374,买盘
583,14:27:33,8.4,--,27,22680,卖盘
584,14:27:30,8.4,-0.01,86,72240,卖盘
585,14:27:27,8.41,--,250,210250,买盘
586,14:27:24,8.41,0.01,402,338082,买盘
587,14:27:21,8.4,--,114,95760,卖盘
588,14:27:18,8.4,--,360,302400,卖盘
589,14:27:15,8.4,-0.01,8,6720,卖盘
590,14:27:12,8.41,--,127,106807,买盘
591,14:27:09,8.41,0.01,50,42050,买盘
592,14:27:06,8.4,--,21,17640,卖盘
593,14:27:03,8.4,-0.01,8,6720,卖盘
594,14:27:00,8.41,--,11,9251,买盘
595,14:26:57,8.41,0.01,33,27753,买盘
596,14:26:54,8.4,--,169,141960,卖盘
597,14:26:51,8.4,--,65,54600,卖盘
598,14:26:48,8.4,0.01,1532,1287291,买盘
599,14:26:45,8.39,-0.01,82,68798,卖盘
600,14:26:42,8.4,--,81,68040,买盘
601,14:26:39,8.4,0.01,45,37800,买盘
602,14:26:36,8.39,--,38,31882,卖盘
603,14:26:33,8.39,--,227,190453,卖盘
604,14:26:30,8.39,--,1447,1214033,卖盘
605,14:26:27,8.39,-0.01,116,97324,卖盘
606,14:26:24,8.4,--,5,4200,买盘
607,14:26:21,8.4,--,84,70560,买盘
608,14:26:18,8.4,--,128,107520,买盘
609,14:26:15,8.4,0.01,2,1680,买盘
610,14:26:12,8.39,-0.01,1051,881789,卖盘
611,14:26:09,8.4,--,266,223440,买盘
612,14:26:06,8.4,--,21,17640,买盘
613,14:26:03,8.4,--,21,17640,买盘
614,14:26:00,8.4,0.01,15,12600,买盘
615,14:25:57,8.39,--,86,72154,卖盘
616,14:25:54,8.39,--,206,172834,卖盘
617,14:25:51,8.39,--,42,35238,卖盘
618,14:25:48,8.39,-0.01,8,6712,卖盘
619,14:25:45,8.4,0.01,12,10080,买盘
620,14:25:42,8.39,--,4,3356,买盘
621,14:25:39,8.39,--,232,194648,买盘
622,14:25:36,8.39,0.01,120,100680,买盘
623,14:25:33,8.38,--,40,33520,卖盘
624,14:25:30,8.38,-0.01,72,60336,卖盘
625,14:25:27,8.39,--,110,92290,买盘
626,14:25:24,8.39,--,1,839,买盘
627,14:25:21,8.39,--,200,167800,买盘
628,14:25:18,8.39,--,301,252539,买盘
629,14:25:15,8.39,--,17,14263,买盘
630,14:25:12,8.39,--,91,76349,买盘
631,14:25:09,8.39,--,33,27687,买盘
632,14:25:06,8.39,0.01,25,20975,买盘
633,14:25:03,8.38,-0.01,35,29330,卖盘
634,14:25:00,8.39,0.01,523,438797,买盘
635,14:24:57,8.38,--,7,5866,卖盘
636,14:24:54,8.38,-0.02,22,18436,卖盘
637,14:24:51,8.4,--,12,10080,买盘
638,14:24:48,8.4,--,606,509040,买盘
639,14:24:45,8.4,0.01,37,31080,买盘
640,14:24:42,8.39,--,52,43628,卖盘
641,14:24:39,8.39,--,98,82222,卖盘
642,14:24:36,8.39,--,305,255895,卖盘
643,14:24:33,8.39,--,182,152698,卖盘
644,14:24:30,8.39,--,37,31043,卖盘
645,14:24:27,8.39,-0.01,30,25170,卖盘
646,14:24:24,8.4,--,1,840,买盘
647,14:24:21,8.4,--,266,223440,买盘
648,14:24:18,8.4,0.01,55,46200,买盘
649,14:24:15,8.39,--,304,255056,卖盘
650,14:24:12,8.39,-0.01,2,1678,卖盘
651,14:24:09,8.4,--,241,202440,买盘
652,14:24:06,8.4,0.01,200,168000,买盘
653,14:24:03,8.39,--,33,27687,卖盘
654,14:24:00,8.39,--,4,3356,卖盘
655,14:23:57,8.39,-0.01,31,26009,卖盘
656,14:23:54,8.4,0.01,2,1680,买盘
657,14:23:51,8.39,--,354,297006,买盘
658,14:23:48,8.39,--,22,18458,买盘
659,14:23:42,8.39,--,3,2517,买盘
660,14:23:39,8.39,-0.01,13,10907,卖盘
661,14:23:36,8.4,0.01,169,141960,买盘
662,14:23:33,8.39,--,335,281065,买盘
663,14:23:30,8.39,--,315,264285,买盘
664,14:23:27,8.39,--,2,1678,买盘
665,14:23:21,8.39,--,105,88095,买盘
666,14:23:18,8.39,--,38,31882,买盘
667,14:23:15,8.39,0.01,5,4195,买盘
668,14:23:09,8.38,-0.01,5,4190,卖盘
669,14:23:06,8.39,--,31,26009,卖盘
670,14:23:03,8.39,--,39,32721,买盘
671,14:23:00,8.39,--,209,175351,买盘
672,14:22:57,8.39,--,502,421438,卖盘
673,14:22:54,8.39,--,152,127528,卖盘
674,14:22:51,8.39,-0.01,270,226865,卖盘
675,14:22:48,8.4,0.01,75,63000,买盘
676,14:22:45,8.39,--,4,3356,卖盘
677,14:22:42,8.39,--,51,42789,卖盘
678,14:22:39,8.39,--,93,78027,卖盘
679,14:22:36,8.39,-0.01,21,17619,卖盘
680,14:22:33,8.4,0.01,105,88200,买盘
681,14:22:30,8.39,--,217,182063,卖盘
682,14:22:27,8.39,--,67,56213,卖盘
683,14:22:21,8.39,--,65,54535,卖盘
684,14:22:18,8.39,--,11,9229,卖盘
685,14:22:15,8.39,0.01,170,142873,买盘
686,14:22:12,8.38,--,810,678780,卖盘
687,14:22:09,8.38,--,59,49442,卖盘
688,14:22:06,8.38,-0.01,109,91342,卖盘
689,14:22:03,8.39,0.01,4,3356,买盘
690,14:22:00,8.38,--,49,41062,买盘
691,14:21:57,8.38,--,59,49442,卖盘
692,14:21:54,8.38,0.01,4,3352,卖盘
693,14:21:51,8.37,-0.02,230,192509,卖盘
694,14:21:45,8.39,0.01,660,553740,买盘
695,14:21:42,8.38,--,449,376262,买盘
696,14:21:39,8.38,--,78,65364,买盘
697,14:21:36,8.38,--,37,31006,买盘
698,14:21:33,8.38,0.01,922,772636,买盘
699,14:21:30,8.37,--,64,53567,卖盘
700,14:21:24,8.37,--,33,27620,卖盘
701,14:21:21,8.37,--,273,228500,卖盘
702,14:21:18,8.37,--,44,36828,卖盘
703,14:21:15,8.37,-0.01,508,425195,卖盘
704,14:21:12,8.38,0.01,7,5866,买盘
705,14:21:09,8.37,--,278,232685,买盘
706,14:21:06,8.37,--,130,108809,卖盘
707,14:21:03,8.37,-0.01,223,186650,卖盘
708,14:21:00,8.38,0.01,68,56984,买盘
709,14:20:57,8.37,-0.01,311,260306,卖盘
710,14:20:54,8.38,0.01,2,1676,买盘
711,14:20:51,8.37,-0.01,408,341495,卖盘
712,14:20:48,8.38,0.01,65,54470,买盘
713,14:20:45,8.37,--,85,71145,买盘
714,14:20:39,8.37,--,1092,914003,卖盘
715,14:20:36,8.37,-0.01,213,178280,卖盘
716,14:20:33,8.38,--,32,26816,买盘
717,14:20:30,8.38,0.01,58,48604,买盘
718,14:20:27,8.37,-0.01,746,624401,卖盘
719,14:20:24,8.38,--,43,36034,买盘
720,14:20:21,8.38,0.01,196,164248,买盘
721,14:20:18,8.37,--,140,117179,卖盘
722,14:20:12,8.37,--,2,1673,卖盘
723,14:20:09,8.37,--,31,25946,卖盘
724,14:20:06,8.37,--,2,1673,卖盘
725,14:20:03,8.37,-0.01,117,97928,卖盘
726,14:20:00,8.38,--,297,248886,买盘
727,14:19:57,8.38,--,34,28492,买盘
728,14:19:54,8.38,--,35,29330,买盘
729,14:19:51,8.38,0.01,7,5866,买盘
730,14:19:48,8.37,-0.01,324,271188,卖盘
731,14:19:42,8.38,--,74,62012,卖盘
732,14:19:39,8.38,--,119,99722,卖盘
733,14:19:36,8.38,--,170,142460,买盘
734,14:19:33,8.38,0.01,1,838,买盘
735,14:19:30,8.37,-0.01,29,24272,卖盘
736,14:19:27,8.38,-0.01,17,14246,卖盘
737,14:19:24,8.39,--,66,55374,买盘
738,14:19:21,8.39,0.01,58,48662,买盘
739,14:19:18,8.38,-0.01,324,271512,卖盘
740,14:19:15,8.39,0.01,46,38594,买盘
741,14:19:09,8.38,--,53,44414,卖盘
742,14:19:06,8.38,-0.01,594,497772,卖盘
743,14:19:03,8.39,0.01,120,100680,买盘
744,14:19:00,8.38,--,16,13408,卖盘
745,14:18:57,8.38,--,21,17598,卖盘
746,14:18:54,8.38,--,34,28492,卖盘
747,14:18:51,8.38,-0.01,152,127376,卖盘
748,14:18:48,8.39,0.01,17,14263,买盘
749,14:18:45,8.38,--,88,73744,卖盘
750,14:18:42,8.38,--,244,204472,卖盘
751,14:18:39,8.38,--,113,94694,卖盘
752,14:18:36,8.38,--,142,118996,卖盘
753,14:18:33,8.38,--,407,341066,卖盘
754,14:18:30,8.38,--,9,7542,卖盘
755,14:18:27,8.38,--,10,8380,卖盘
756,14:18:24,8.38,--,132,110616,卖盘
757,14:18:21,8.38,--,10,8380,卖盘
758,14:18:18,8.38,-0.01,67,56146,卖盘
759,14:18:15,8.39,--,40,33560,买盘
760,14:18:12,8.39,0.01,70,58730,买盘
761,14:18:09,8.38,-0.01,35,29330,卖盘
762,14:18:06,8.39,--,19,15941,买盘
763,14:18:03,8.39,0.01,52,43628,买盘
764,14:18:00,8.38,-0.01,71,59498,卖盘
765,14:17:57,8.39,--,31,26009,买盘
766,14:17:54,8.39,0.01,139,116621,买盘
767,14:17:51,8.38,-0.01,2,1676,卖盘
768,14:17:48,8.39,--,10,8390,买盘
769,14:17:45,8.39,--,29,24331,买盘
770,14:17:42,8.39,--,243,203877,买盘
771,14:17:39,8.39,--,152,127528,买盘
772,14:17:33,8.39,--,100,83900,买盘
773,14:17:30,8.39,0.01,62,52018,买盘
774,14:17:24,8.38,-0.01,7,5866,卖盘
775,14:17:18,8.39,--,184,154376,买盘
776,14:17:15,8.39,0.01,35,29365,买盘
777,14:17:12,8.38,-0.01,76,63688,卖盘
778,14:17:09,8.39,0.01,26,21814,买盘
779,14:17:06,8.38,-0.01,178,149164,卖盘
780,14:17:03,8.39,--,102,86005,卖盘
781,14:17:00,8.39,0.01,390,327621,买盘
782,14:16:57,8.38,-0.01,19,15922,卖盘
783,14:16:54,8.39,0.01,141,118299,买盘
784,14:16:48,8.38,--,120,100560,卖盘
785,14:16:45,8.38,--,46,38548,卖盘
786,14:16:42,8.38,--,106,88828,买盘
787,14:16:39,8.38,--,121,101398,买盘
788,14:16:36,8.38,--,35,29330,买盘
789,14:16:33,8.38,--,127,106426,买盘
790,14:16:30,8.38,-0.01,104,87152,卖盘
791,14:16:27,8.39,--,3,2517,买盘
792,14:16:24,8.39,0.01,135,113265,买盘
793,14:16:21,8.38,--,35,29330,买盘
794,14:16:18,8.38,--,184,154192,买盘
795,14:16:15,8.38,0.01,66,55308,买盘
796,14:16:12,8.37,-0.01,143,119690,卖盘
797,14:16:09,8.38,--,304,254752,买盘
798,14:16:06,8.38,--,46,38548,买盘
799,14:16:03,8.38,--,55,46090,卖盘
800,14:16:00,8.38,--,98,82124,买盘
801,14:15:57,8.38,-0.01,77,64526,卖盘
802,14:15:54,8.39,--,724,607436,买盘
803,14:15:51,8.39,--,81,67959,买盘
804,14:15:48,8.39,0.01,152,127528,买盘
805,14:15:45,8.38,-0.01,132,110616,卖盘
806,14:15:42,8.39,0.01,182,152698,买盘
807,14:15:39,8.38,-0.01,121,101398,卖盘
808,14:15:36,8.39,0.01,630,528570,买盘
809,14:15:33,8.38,-0.01,47,39386,卖盘
810,14:15:30,8.39,0.01,77,64603,买盘
811,14:15:27,8.38,--,101,84638,卖盘
812,14:15:24,8.38,-0.01,18,15084,卖盘
813,14:15:21,8.39,--,45,37755,买盘
814,14:15:18,8.39,0.01,112,93968,买盘
815,14:15:15,8.38,-0.01,338,283244,卖盘
816,14:15:12,8.39,--,155,130045,买盘
817,14:15:09,8.39,0.01,166,139274,买盘
818,14:15:06,8.38,-0.01,128,107264,卖盘
819,14:15:03,8.39,0.01,12,10068,买盘
820,14:15:00,8.38,-0.01,2,1676,卖盘
821,14:14:57,8.39,--,15,12585,买盘
822,14:14:54,8.39,--,80,67120,买盘
823,14:14:51,8.39,0.01,21,17619,买盘
824,14:14:48,8.38,--,2,1676,卖盘
825,14:14:45,8.38,--,117,98046,卖盘
826,14:14:42,8.38,--,13,10894,卖盘
827,14:14:39,8.38,--,126,105588,卖盘
828,14:14:36,8.38,-0.01,37,31006,卖盘
829,14:14:33,8.39,0.01,36,30204,买盘
830,14:14:30,8.38,-0.01,217,181846,卖盘
831,14:14:27,8.39,0.01,25,20975,买盘
832,14:14:24,8.38,--,25,20950,卖盘
833,14:14:21,8.38,-0.01,340,284920,卖盘
834,14:14:18,8.39,0.01,104,87256,买盘
835,14:14:15,8.38,--,211,176818,卖盘
836,14:14:12,8.38,--,40,33520,卖盘
837,14:14:09,8.38,--,17,14246,卖盘
838,14:14:06,8.38,--,112,93856,卖盘
839,14:14:03,8.38,--,31,25978,卖盘
840,14:14:00,8.38,--,91,76258,卖盘
841,14:13:57,8.38,--,25,20950,卖盘
842,14:13:54,8.38,--,384,321792,卖盘
843,14:13:51,8.38,--,22,18436,卖盘
844,14:13:48,8.38,--,32,26816,卖盘
845,14:13:45,8.38,--,34,28492,卖盘
846,14:13:42,8.38,-0.01,131,109778,卖盘
847,14:13:39,8.39,0.01,24,20136,买盘
848,14:13:36,8.38,-0.01,18,15084,卖盘
849,14:13:33,8.39,--,162,135918,买盘
850,14:13:30,8.39,--,95,79705,买盘
851,14:13:27,8.39,--,23,19297,买盘
852,14:13:24,8.39,--,7,5873,买盘
853,14:13:21,8.39,--,131,110336,卖盘
854,14:13:18,8.39,-0.01,881,739159,卖盘
855,14:13:15,8.4,--,218,183120,买盘
856,14:13:12,8.4,--,79,66360,买盘
857,14:13:09,8.4,0.01,108,90720,买盘
858,14:13:06,8.39,-0.01,111,93129,卖盘
859,14:13:03,8.4,0.01,290,243600,买盘
860,14:13:00,8.39,-0.01,101,84739,卖盘
861,14:12:57,8.4,--,80,67200,买盘
862,14:12:54,8.4,0.01,6,5040,买盘
863,14:12:51,8.39,--,627,526053,卖盘
864,14:12:48,8.39,-0.01,57,47823,卖盘
865,14:12:45,8.4,--,8,6720,买盘
866,14:12:42,8.4,--,81,68040,买盘
867,14:12:39,8.4,--,488,409920,买盘
868,14:12:36,8.4,0.01,192,161280,买盘
869,14:12:33,8.39,--,53,44467,卖盘
870,14:12:30,8.39,--,182,152698,卖盘
871,14:12:27,8.39,-0.01,12,10068,卖盘
872,14:12:24,8.4,0.01,6,5040,买盘
873,14:12:21,8.39,--,31,26009,卖盘
874,14:12:18,8.39,--,614,515146,卖盘
875,14:12:15,8.39,--,494,414466,卖盘
876,14:12:12,8.39,--,28,23492,卖盘
877,14:12:09,8.39,-0.01,137,114943,卖盘
878,14:12:06,8.4,0.01,116,97440,买盘
879,14:12:03,8.39,-0.01,418,350702,卖盘
880,14:12:00,8.4,0.01,82,68880,买盘
881,14:11:57,8.39,-0.01,28,23492,卖盘
882,14:11:54,8.4,0.01,3,2520,买盘
883,14:11:51,8.39,-0.01,59,49501,卖盘
884,14:11:48,8.4,0.01,37,31080,买盘
885,14:11:45,8.39,-0.01,24,20136,卖盘
886,14:11:39,8.4,--,146,122640,买盘
887,14:11:36,8.4,0.01,39,32760,买盘
888,14:11:33,8.39,-0.01,13,10907,卖盘
889,14:11:30,8.4,--,67,56280,买盘
890,14:11:27,8.4,--,9,7560,买盘
891,14:11:24,8.4,--,318,267120,买盘
892,14:11:21,8.4,--,106,89040,买盘
893,14:11:18,8.4,0.01,65,54600,买盘
894,14:11:15,8.39,-0.01,318,266802,卖盘
895,14:11:12,8.4,--,124,104160,买盘
896,14:11:09,8.4,--,33,27720,买盘
897,14:11:06,8.4,--,36,30240,买盘
898,14:11:03,8.4,--,12,10080,买盘
899,14:11:00,8.4,-0.01,14,11760,卖盘
900,14:10:57,8.41,0.01,104,87464,买盘
901,14:10:54,8.4,--,130,109200,卖盘
902,14:10:51,8.4,--,35,29400,卖盘
903,14:10:48,8.4,--,244,204960,卖盘
904,14:10:45,8.4,--,63,52920,卖盘
905,14:10:42,8.4,--,19,15960,卖盘
906,14:10:39,8.4,--,204,171771,买盘
907,14:10:36,8.4,--,35,29400,买盘
908,14:10:33,8.4,--,990,832028,卖盘
909,14:10:30,8.4,-0.01,116,97440,卖盘
910,14:10:27,8.41,0.01,336,282576,买盘
911,14:10:24,8.4,--,102,85680,卖盘
912,14:10:21,8.4,--,249,209160,卖盘
913,14:10:18,8.4,--,193,162120,卖盘
914,14:10:15,8.4,--,20,16800,卖盘
915,14:10:12,8.4,-0.01,137,115080,卖盘
916,14:10:09,8.41,0.01,342,287622,买盘
917,14:10:06,8.4,-0.01,333,279720,卖盘
918,14:10:03,8.41,--,11,9251,买盘
919,14:10:00,8.41,0.01,10,8410,买盘
920,14:09:57,8.4,-0.01,152,127680,卖盘
921,14:09:54,8.41,0.01,348,292668,买盘
922,14:09:51,8.4,--,133,111720,卖盘
923,14:09:48,8.4,--,89,74760,卖盘
924,14:09:45,8.4,-0.01,78,65520,卖盘
925,14:09:42,8.41,0.01,17,14297,买盘
926,14:09:39,8.4,-0.01,115,96600,卖盘
927,14:09:36,8.41,--,21,17661,买盘
928,14:09:33,8.41,--,59,49619,买盘
929,14:09:30,8.41,0.01,120,100920,买盘
930,14:09:27,8.4,-0.01,53,44931,卖盘
931,14:09:24,8.41,--,51,42891,买盘
932,14:09:21,8.41,--,102,85782,买盘
933,14:09:18,8.41,0.01,12,10092,买盘
934,14:09:15,8.4,-0.01,108,90720,卖盘
935,14:09:12,8.41,--,63,53142,卖盘
936,14:09:09,8.41,--,866,728306,卖盘
937,14:09:06,8.41,--,433,364153,卖盘
938,14:09:03,8.41,--,188,158108,卖盘
939,14:09:00,8.41,--,55,46255,卖盘
940,14:08:57,8.41,-0.01,192,161472,卖盘
941,14:08:54,8.42,--,432,363744,买盘
942,14:08:51,8.42,--,31,26102,买盘
943,14:08:48,8.42,0.01,31,26102,买盘
944,14:08:45,8.41,-0.01,54,45414,卖盘
945,14:08:42,8.42,--,16,13472,买盘
946,14:08:39,8.42,0.01,61,51362,买盘
947,14:08:36,8.41,-0.01,290,243890,卖盘
948,14:08:33,8.42,--,844,710648,买盘
949,14:08:30,8.42,0.01,80,67360,买盘
950,14:08:27,8.41,-0.01,1247,1048727,卖盘
951,14:08:24,8.42,--,151,127142,买盘
952,14:08:21,8.42,--,84,70728,买盘
953,14:08:18,8.42,--,73,61466,买盘
954,14:08:15,8.42,--,206,173452,卖盘
955,14:08:12,8.42,--,11,9262,买盘
956,14:08:09,8.42,--,92,77464,卖盘
957,14:08:06,8.42,--,131,110302,买盘
958,14:08:03,8.42,--,206,173452,买盘
959,14:08:00,8.42,--,28,23576,卖盘
960,14:07:57,8.42,-0.01,66,55572,卖盘
961,14:07:54,8.43,0.01,112,94416,买盘
962,14:07:51,8.42,-0.01,498,419316,卖盘
963,14:07:48,8.43,0.01,3574,3012882,买盘
964,14:07:45,8.42,-0.01,28,23576,卖盘
965,14:07:42,8.43,--,232,195576,买盘
966,14:07:39,8.43,--,61,51423,买盘
967,14:07:36,8.43,--,52,43836,买盘
968,14:07:33,8.43,0.01,98,82614,买盘
969,14:07:30,8.42,--,65,54730,卖盘
970,14:07:27,8.42,-0.01,706,594452,卖盘
971,14:07:24,8.43,0.01,190,160170,买盘
972,14:07:21,8.42,-0.01,37,31154,卖盘
973,14:07:18,8.43,--,66,55638,买盘
974,14:07:15,8.43,--,220,185460,买盘
975,14:07:12,8.43,--,12,10116,买盘
976,14:07:09,8.43,--,109,91887,买盘
977,14:07:06,8.43,--,24,20232,买盘
978,14:07:03,8.43,0.01,84,70812,买盘
979,14:07:00,8.42,--,48,40416,卖盘
980,14:06:57,8.42,-0.01,479,403318,卖盘
981,14:06:54,8.43,0.01,46,38778,买盘
982,14:06:51,8.42,-0.01,13,10946,卖盘
983,14:06:48,8.43,0.01,11,9273,买盘
984,14:06:45,8.42,-0.01,59,49678,卖盘
985,14:06:42,8.43,0.01,87,73341,买盘
986,14:06:39,8.42,-0.01,38,31996,卖盘
987,14:06:36,8.43,0.01,471,397053,买盘
988,14:06:33,8.42,--,53,44626,卖盘
989,14:06:30,8.42,-0.01,39,32838,卖盘
990,14:06:27,8.43,--,102,85986,买盘
991,14:06:24,8.43,0.01,129,108747,买盘
992,14:06:21,8.42,-0.01,78,65676,卖盘
993,14:06:18,8.43,0.01,84,70812,买盘
994,14:06:15,8.42,-0.01,102,85884,卖盘
995,14:06:12,8.43,--,557,469719,卖盘
996,14:06:09,8.43,--,59,49737,卖盘
997,14:06:06,8.43,--,47,39621,卖盘
998,14:06:03,8.43,-0.01,173,145839,卖盘
999,14:06:00,8.44,0.01,50,42200,买盘
1000,14:05:57,8.43,-0.01,30,25290,卖盘
1001,14:05:54,8.44,0.01,81,68364,买盘
1002,14:05:51,8.43,--,93,78399,卖盘
1003,14:05:48,8.43,--,61,52097,买盘
1004,14:05:45,8.43,--,89,75027,买盘
1005,14:05:42,8.43,--,169,142467,买盘
1006,14:05:39,8.43,--,10,8430,买盘
1007,14:05:36,8.43,0.01,69,58167,买盘
1008,14:05:33,8.42,-0.01,32,26944,卖盘
1009,14:05:30,8.43,--,127,107061,买盘
1010,14:05:27,8.43,--,216,182088,买盘
1011,14:05:24,8.43,--,732,617076,买盘
1012,14:05:21,8.43,--,110,92730,买盘
1013,14:05:18,8.43,0.01,54,45522,买盘
1014,14:05:15,8.42,--,68,57256,卖盘
1015,14:05:12,8.42,--,245,206290,卖盘
1016,14:05:09,8.42,-0.01,136,114512,卖盘
1017,14:05:06,8.43,--,162,136566,买盘
1018,14:05:03,8.43,0.01,131,110433,买盘
1019,14:05:00,8.42,-0.01,3078,2591676,卖盘
1020,14:04:57,8.43,--,160,134880,买盘
1021,14:04:54,8.43,--,47,39621,买盘
1022,14:04:51,8.43,--,376,316968,买盘
1023,14:04:48,8.43,--,113,95259,买盘
1024,14:04:45,8.43,0.01,97,81771,买盘
1025,14:04:42,8.42,-0.01,162,136404,卖盘
1026,14:04:39,8.43,0.01,82,69126,买盘
1027,14:04:36,8.42,-0.01,33,27786,卖盘
1028,14:04:33,8.43,--,64,53952,买盘
1029,14:04:30,8.43,--,2029,1710447,买盘
1030,14:04:27,8.43,--,74,62382,买盘
1031,14:04:24,8.43,0.01,124,104532,买盘
1032,14:04:21,8.42,-0.01,397,334274,卖盘
1033,14:04:18,8.43,0.01,26,21918,买盘
1034,14:04:15,8.42,--,249,209658,卖盘
1035,14:04:12,8.42,-0.01,178,149876,卖盘
1036,14:04:09,8.43,0.01,112,94416,买盘
1037,14:04:06,8.42,--,3690,3107586,买盘
1038,14:04:03,8.42,--,331,278702,买盘
1039,14:04:00,8.42,--,52,43784,买盘
1040,14:03:57,8.42,--,168,141456,买盘
1041,14:03:54,8.42,--,154,129668,买盘
1042,14:03:51,8.42,--,72,60624,买盘
1043,14:03:48,8.42,--,32,26944,买盘
1044,14:03:45,8.42,--,154,129668,买盘
1045,14:03:42,8.42,--,394,331748,买盘
1046,14:03:39,8.42,--,131,110302,买盘
1047,14:03:36,8.42,0.01,42,35364,买盘
1048,14:03:33,8.41,-0.01,60,50460,卖盘
1049,14:03:30,8.42,0.01,84,70728,买盘
1050,14:03:27,8.41,-0.01,58,48778,卖盘
1051,14:03:24,8.42,0.01,36,30312,买盘
1052,14:03:21,8.41,-0.01,7,5887,卖盘
1053,14:03:18,8.42,--,570,479940,买盘
1054,14:03:15,8.42,--,271,228182,买盘
1055,14:03:12,8.42,--,1035,871470,买盘
1056,14:03:09,8.42,--,531,447102,买盘
1057,14:03:06,8.42,0.01,218,183556,买盘
1058,14:03:03,8.41,--,39,32799,卖盘
1059,14:03:00,8.41,-0.01,199,167359,卖盘
1060,14:02:57,8.42,--,5,4210,买盘
1061,14:02:54,8.42,--,304,255968,买盘
1062,14:02:51,8.42,--,47,39574,买盘
1063,14:02:48,8.42,--,118,99356,买盘
1064,14:02:45,8.42,--,228,191976,买盘
1065,14:02:42,8.42,0.01,33,27786,买盘
1066,14:02:39,8.41,-0.01,215,180815,卖盘
1067,14:02:36,8.42,--,675,568350,买盘
1068,14:02:33,8.42,0.01,33,27786,买盘
1069,14:02:30,8.41,--,54,45414,卖盘
1070,14:02:27,8.41,-0.01,9,7569,卖盘
1071,14:02:24,8.42,0.01,1030,867260,买盘
1072,14:02:21,8.41,-0.01,348,292668,卖盘
1073,14:02:18,8.42,0.01,29,24418,买盘
1074,14:02:15,8.41,--,357,300237,卖盘
1075,14:02:12,8.41,-0.01,124,104284,卖盘
1076,14:02:09,8.42,--,176,148192,买盘
1077,14:02:06,8.42,--,11,9262,买盘
1078,14:02:03,8.42,0.01,7,5894,买盘
1079,14:02:00,8.41,-0.01,414,348174,卖盘
1080,14:01:57,8.42,--,41,34522,买盘
1081,14:01:54,8.42,--,54,45468,买盘
1082,14:01:51,8.42,--,72,60624,买盘
1083,14:01:48,8.42,--,57,47994,买盘
1084,14:01:45,8.42,--,689,580138,买盘
1085,14:01:42,8.42,--,121,101882,买盘
1086,14:01:39,8.42,--,188,158296,买盘
1087,14:01:36,8.42,--,140,117880,买盘
1088,14:01:33,8.42,--,180,151560,买盘
1089,14:01:30,8.42,--,525,442050,买盘
1090,14:01:27,8.42,0.01,89,74938,买盘
1091,14:01:24,8.41,-0.01,104,87464,卖盘
1092,14:01:21,8.42,--,513,431946,买盘
1093,14:01:18,8.42,--,15,12630,买盘
1094,14:01:15,8.42,--,15,12630,买盘
1095,14:01:12,8.42,--,28,23576,买盘
1096,14:01:09,8.42,--,54,45468,买盘
1097,14:01:06,8.42,--,76,63992,买盘
1098,14:01:03,8.42,--,17,14314,买盘
1099,14:01:00,8.42,--,456,383952,买盘
1100,14:00:57,8.42,--,208,175136,买盘
1101,14:00:54,8.42,--,401,337642,买盘
1102,14:00:51,8.42,0.01,280,235760,买盘
1103,14:00:48,8.41,-0.01,28,23548,卖盘
1104,14:00:45,8.42,--,248,208816,买盘
1105,14:00:42,8.42,--,45,37890,买盘
1106,14:00:39,8.42,--,330,277860,买盘
1107,14:00:36,8.42,-0.01,196,165032,卖盘
1108,14:00:33,8.43,0.01,67,56481,买盘
1109,14:00:30,8.42,-0.01,487,410054,卖盘
1110,14:00:27,8.43,--,506,426558,买盘
1111,14:00:24,8.43,--,488,411384,买盘
1112,14:00:21,8.43,--,410,345630,买盘
1113,14:00:18,8.43,0.01,7,5901,买盘
1114,14:00:15,8.42,0.01,184,154928,买盘
1115,14:00:12,8.41,-0.02,67,56347,卖盘
1116,14:00:09,8.43,0.01,5126,4321218,买盘
1117,14:00:06,8.42,0.01,33,27786,买盘
1118,14:00:03,8.41,--,290,243890,卖盘
1119,14:00:00,8.41,-0.01,274,230434,卖盘
1120,13:59:57,8.42,0.01,704,592768,买盘
1121,13:59:54,8.41,-0.01,748,629068,卖盘
1122,13:59:51,8.42,--,92,77464,买盘
1123,13:59:48,8.42,--,111,93462,买盘
1124,13:59:45,8.42,-0.01,2206,1857452,卖盘
1125,13:59:42,8.43,0.01,658,554694,买盘
1126,13:59:39,8.42,--,154,129668,卖盘
1127,13:59:36,8.42,--,10,8420,卖盘
1128,13:59:33,8.42,-0.01,1206,1015452,卖盘
1129,13:59:30,8.43,0.01,87,73341,买盘
1130,13:59:27,8.42,--,23,19366,卖盘
1131,13:59:24,8.42,-0.01,386,325012,卖盘
1132,13:59:21,8.43,0.01,193,162699,买盘
1133,13:59:18,8.42,--,1240,1044080,卖盘
1134,13:59:15,8.42,--,274,230708,卖盘
1135,13:59:12,8.42,-0.01,68,57256,卖盘
1136,13:59:09,8.43,--,331,279033,买盘
1137,13:59:06,8.43,--,370,311910,买盘
1138,13:59:03,8.43,0.01,767,646581,买盘
1139,13:59:00,8.42,-0.01,2,1684,卖盘
1140,13:58:57,8.43,--,262,220866,买盘
1141,13:58:54,8.43,0.02,229,193047,买盘
1142,13:58:51,8.41,-0.01,149,125384,卖盘
1143,13:58:48,8.42,--,331,278702,买盘
1144,13:58:45,8.42,--,196,165032,买盘
1145,13:58:42,8.42,--,234,197028,买盘
1146,13:58:39,8.42,--,911,767062,买盘
1147,13:58:36,8.42,--,105,88410,买盘
1148,13:58:33,8.42,--,330,277860,买盘
1149,13:58:30,8.42,0.01,492,414264,买盘
1150,13:58:27,8.41,-0.01,386,324626,卖盘
1151,13:58:24,8.42,0.01,445,374690,买盘
1152,13:58:21,8.41,--,1407,1183287,卖盘
1153,13:58:18,8.41,-0.01,146,122786,卖盘
1154,13:58:15,8.42,--,369,310698,买盘
1155,13:58:12,8.42,--,594,500148,买盘
1156,13:58:09,8.42,0.01,8,6736,买盘
1157,13:58:06,8.41,--,50,42050,卖盘
1158,13:58:03,8.41,-0.01,103,86623,卖盘
1159,13:58:00,8.42,0.01,10,8420,买盘
1160,13:57:57,8.41,--,248,208568,卖盘
1161,13:57:54,8.41,-0.01,40,33640,卖盘
1162,13:57:51,8.42,0.01,118,99356,买盘
1163,13:57:48,8.41,--,64,53824,卖盘
1164,13:57:45,8.41,--,55,46255,卖盘
1165,13:57:42,8.41,-0.01,95,79895,卖盘
1166,13:57:39,8.42,0.01,10,8420,买盘
1167,13:57:36,8.41,-0.01,26,21866,卖盘
1168,13:57:33,8.42,0.01,112,94304,买盘
1169,13:57:30,8.41,--,392,329672,卖盘
1170,13:57:27,8.41,-0.01,795,668595,卖盘
1171,13:57:24,8.42,0.01,57,47994,买盘
1172,13:57:21,8.41,-0.01,56,47096,卖盘
1173,13:57:18,8.42,--,13,10946,买盘
1174,13:57:15,8.42,0.01,116,97672,买盘
1175,13:57:12,8.41,--,35,29435,卖盘
1176,13:57:09,8.41,-0.01,27,22707,卖盘
1177,13:57:06,8.42,-0.01,161,135562,卖盘
1178,13:57:03,8.43,0.01,236,198948,买盘
1179,13:57:00,8.42,-0.01,76,63992,卖盘
1180,13:56:57,8.43,0.01,419,353217,买盘
1181,13:56:54,8.42,-0.01,98,82516,卖盘
1182,13:56:51,8.43,0.01,148,124764,买盘
1183,13:56:48,8.42,--,165,138930,卖盘
1184,13:56:45,8.42,--,41,34522,买盘
1185,13:56:42,8.42,-0.01,130,109460,卖盘
1186,13:56:39,8.43,0.01,80,67440,买盘
1187,13:56:36,8.42,--,345,290490,卖盘
1188,13:56:33,8.42,-0.01,93,78306,卖盘
1189,13:56:30,8.43,--,317,267231,买盘
1190,13:56:27,8.43,--,97,81771,买盘
1191,13:56:24,8.43,0.01,177,149211,买盘
1192,13:56:21,8.42,-0.01,165,138930,卖盘
1193,13:56:18,8.43,--,524,441732,买盘
1194,13:56:15,8.43,0.01,306,257958,买盘
1195,13:56:12,8.42,--,81,68202,卖盘
1196,13:56:09,8.42,-0.01,222,186924,中性盘
1197,13:56:06,8.43,0.01,371,312753,买盘
1198,13:56:03,8.42,--,42,35364,卖盘
1199,13:56:00,8.42,-0.02,329,277321,卖盘
1200,13:55:57,8.44,0.02,352,297628,买盘
1201,13:55:54,8.42,-0.01,2747,2313277,卖盘
1202,13:55:51,8.43,0.01,77,64911,买盘
1203,13:55:48,8.42,-0.01,598,503516,卖盘
1204,13:55:45,8.43,--,203,171129,买盘
1205,13:55:42,8.43,--,104,87672,买盘
1206,13:55:39,8.43,0.01,528,445104,买盘
1207,13:55:36,8.42,-0.02,503,423526,卖盘
1208,13:55:33,8.44,--,128,108032,买盘
1209,13:55:30,8.44,--,272,229568,买盘
1210,13:55:27,8.44,-0.01,226,190744,卖盘
1211,13:55:24,8.45,0.02,834,704729,买盘
1212,13:55:21,8.43,-0.02,975,821925,卖盘
1213,13:55:18,8.45,0.01,1020,861899,买盘
1214,13:55:15,8.44,--,445,375580,买盘
1215,13:55:12,8.44,-0.01,1283,1082852,卖盘
1216,13:55:09,8.45,--,742,626990,买盘
1217,13:55:06,8.45,--,446,376869,买盘
1218,13:55:03,8.45,--,230,194349,买盘
1219,13:55:00,8.45,--,1110,937949,卖盘
1220,13:54:57,8.45,--,1119,945554,卖盘
1221,13:54:54,8.45,0.02,8902,7522730,买盘
1222,13:54:51,8.43,--,139,117177,买盘
1223,13:54:48,8.43,--,1148,968370,卖盘
1224,13:54:45,8.43,--,277,233511,卖盘
1225,13:54:42,8.43,--,570,480746,买盘
1226,13:54:39,8.43,--,1330,1121190,买盘
1227,13:54:36,8.43,--,266,224238,买盘
1228,13:54:33,8.43,--,177,149211,买盘
1229,13:54:30,8.43,--,1941,1636263,买盘
1230,13:54:27,8.43,--,353,297579,买盘
1231,13:54:24,8.43,--,439,370077,卖盘
1232,13:54:21,8.43,--,140,118020,卖盘
1233,13:54:18,8.43,--,909,766287,买盘
1234,13:54:15,8.43,0.01,325,273975,买盘
1235,13:54:12,8.42,--,157,132194,卖盘
1236,13:54:09,8.42,--,795,669390,卖盘
1237,13:54:06,8.42,--,114,95988,买盘
1238,13:54:03,8.42,--,1546,1301732,买盘
1239,13:54:00,8.42,--,1018,857156,买盘
1240,13:53:57,8.42,--,1026,863892,买盘
1241,13:53:54,8.42,--,788,663496,买盘
1242,13:53:51,8.42,--,398,335116,买盘
1243,13:53:48,8.42,--,1331,1120702,买盘
1244,13:53:45,8.42,--,208,175136,买盘
1245,13:53:42,8.42,--,451,379742,买盘
1246,13:53:36,8.42,0.01,1312,1104704,买盘
1247,13:53:33,8.41,--,886,745126,买盘
1248,13:53:30,8.41,0.01,185,155585,买盘
1249,13:53:27,8.4,-0.01,360,302400,卖盘
1250,13:53:24,8.41,0.02,8689,7307617,买盘
1251,13:53:21,8.39,-0.01,1754,1471606,卖盘
1252,13:53:18,8.4,--,3361,2823240,买盘
1253,13:53:15,8.4,--,1972,1656480,买盘
1254,13:53:12,8.4,--,4416,3709440,买盘
1255,13:53:09,8.4,--,106,89544,买盘
1256,13:53:06,8.4,0.01,2030,1705200,买盘
1257,13:53:03,8.39,--,2883,2419625,买盘
1258,13:53:00,8.39,0.01,2044,1714916,买盘
1259,13:52:57,8.38,--,10328,8654864,卖盘
1260,13:52:54,8.38,--,63,52794,卖盘
1261,13:52:51,8.38,--,236,197768,卖盘
1262,13:52:48,8.38,--,727,609661,买盘
1263,13:52:45,8.38,--,1658,1389404,买盘
1264,13:52:42,8.38,--,356,298328,买盘
1265,13:52:39,8.38,--,1434,1201692,买盘
1266,13:52:36,8.38,0.01,622,521236,买盘
1267,13:52:33,8.37,-0.01,10,8370,卖盘
1268,13:52:30,8.38,0.01,1933,1619854,买盘
1269,13:52:27,8.37,-0.01,10,8370,卖盘
1270,13:52:24,8.38,0.01,120,100560,买盘
1271,13:52:21,8.37,-0.01,24,20087,卖盘
1272,13:52:18,8.38,0.01,158,132404,买盘
1273,13:52:15,8.37,-0.01,58,48545,卖盘
1274,13:52:12,8.38,--,16,13408,买盘
1275,13:52:09,8.38,--,541,453358,买盘
1276,13:52:06,8.38,0.02,24,20112,买盘
1277,13:52:03,8.36,--,74,61863,卖盘
1278,13:52:00,8.36,-0.02,5038,4211768,卖盘
1279,13:51:57,8.38,--,460,385480,买盘
1280,13:51:54,8.38,--,29,24302,买盘
1281,13:51:51,8.38,0.01,199,166762,买盘
1282,13:51:48,8.37,--,224,187487,卖盘
1283,13:51:45,8.37,--,33,27620,卖盘
1284,13:51:39,8.37,-0.01,150,125549,卖盘
1285,13:51:36,8.38,0.01,139,116482,买盘
1286,13:51:33,8.37,--,230,192509,卖盘
1287,13:51:30,8.37,--,56,46871,卖盘
1288,13:51:27,8.37,-0.01,28,23435,卖盘
1289,13:51:24,8.38,0.01,61,51118,买盘
1290,13:51:21,8.37,--,186,155682,卖盘
1291,13:51:18,8.37,--,10,8370,卖盘
1292,13:51:15,8.37,--,1,836,卖盘
1293,13:51:12,8.37,--,101,84536,卖盘
1294,13:51:09,8.37,--,3984,3334942,买盘
1295,13:51:06,8.37,0.01,34,28457,买盘
1296,13:51:03,8.36,-0.01,274,229063,卖盘
1297,13:51:00,8.37,0.01,287,240218,买盘
1298,13:50:57,8.36,--,937,783332,卖盘
1299,13:50:54,8.36,--,53,44308,卖盘
1300,13:50:51,8.36,-0.01,35,29259,卖盘
1301,13:50:48,8.37,0.01,23,19251,买盘
1302,13:50:45,8.36,-0.01,195,163020,卖盘
1303,13:50:42,8.37,0.01,5,4185,买盘
1304,13:50:39,8.36,-0.01,72,60191,卖盘
1305,13:50:36,8.37,--,69,57752,买盘
1306,13:50:33,8.37,--,246,205901,买盘
1307,13:50:30,8.37,--,12,10043,买盘
1308,13:50:27,8.37,0.01,65,54404,买盘
1309,13:50:24,8.36,--,259,216523,卖盘
1310,13:50:21,8.36,--,63,52668,卖盘
1311,13:50:18,8.36,-0.01,63,52668,卖盘
1312,13:50:15,8.37,--,5,4185,买盘
1313,13:50:12,8.37,--,58,48545,买盘
1314,13:50:09,8.37,--,264,220967,买盘
1315,13:50:06,8.37,--,426,356561,买盘
1316,13:50:03,8.37,--,349,292113,买盘
1317,13:50:00,8.37,--,37,30968,买盘
1318,13:49:57,8.37,--,81,67797,买盘
1319,13:49:54,8.37,0.01,274,229337,买盘
1320,13:49:51,8.36,--,115,96140,卖盘
1321,13:49:48,8.36,-0.01,61,50996,卖盘
1322,13:49:45,8.37,--,103,86210,买盘
1323,13:49:42,8.37,--,14,11717,买盘
1324,13:49:39,8.37,--,31,25946,买盘
1325,13:49:36,8.37,--,46,38502,买盘
1326,13:49:33,8.37,--,11,9207,买盘
1327,13:49:30,8.37,0.01,209,174932,买盘
1328,13:49:27,8.36,-0.01,85,71060,卖盘
1329,13:49:24,8.37,--,1019,852902,买盘
1330,13:49:21,8.37,0.01,234,195857,买盘
1331,13:49:18,8.36,--,11,9196,卖盘
1332,13:49:12,8.36,-0.01,16,13376,卖盘
1333,13:49:09,8.37,--,537,449468,买盘
1334,13:49:06,8.37,--,68,56915,买盘
1335,13:49:03,8.37,--,136,113831,买盘
1336,13:49:00,8.37,0.01,86,71982,买盘
1337,13:48:57,8.36,-0.01,50,41800,卖盘
1338,13:48:54,8.37,--,75,62774,买盘
1339,13:48:51,8.37,0.01,20,16740,买盘
1340,13:48:48,8.36,-0.01,35,29259,卖盘
1341,13:48:45,8.37,0.01,1,836,买盘
1342,13:48:42,8.36,-0.01,8,6688,卖盘
1343,13:48:39,8.37,--,46,38502,买盘
1344,13:48:36,8.37,0.01,45,37665,买盘
1345,13:48:33,8.36,-0.01,41,34276,卖盘
1346,13:48:30,8.37,--,92,77004,买盘
1347,13:48:27,8.37,0.01,69,57752,买盘
1348,13:48:24,8.36,-0.01,59,49324,卖盘
1349,13:48:21,8.37,0.01,1,836,买盘
1350,13:48:18,8.36,--,100,83600,卖盘
1351,13:48:15,8.36,--,69,57683,卖盘
1352,13:48:12,8.36,--,17,14211,卖盘
1353,13:48:09,8.36,--,66,55175,卖盘
1354,13:48:06,8.36,-0.01,62,51832,卖盘
1355,13:48:03,8.37,--,11,9207,买盘
1356,13:48:00,8.37,--,3,2510,买盘
1357,13:47:57,8.37,--,8,6695,买盘
1358,13:47:54,8.37,0.01,4,3347,买盘
1359,13:47:51,8.36,--,70,58519,卖盘
1360,13:47:48,8.36,-0.01,666,556776,卖盘
1361,13:47:45,8.37,--,187,156518,买盘
1362,13:47:42,8.37,0.01,37,30968,买盘
1363,13:47:39,8.36,-0.01,157,131252,卖盘
1364,13:47:36,8.37,0.01,136,113831,买盘
1365,13:47:33,8.36,-0.01,378,316008,卖盘
1366,13:47:30,8.37,--,288,241055,买盘
1367,13:47:27,8.37,0.01,13,10880,买盘
1368,13:47:24,8.36,--,528,441407,卖盘
1369,13:47:21,8.36,--,369,308484,买盘
1370,13:47:18,8.36,--,429,358644,买盘
1371,13:47:15,8.36,0.01,104,86944,买盘
1372,13:47:12,8.35,-0.01,922,769870,卖盘
1373,13:47:09,8.36,--,61,50996,买盘
1374,13:47:06,8.36,--,7,5852,买盘
1375,13:47:03,8.36,0.01,1,836,买盘
1376,13:47:00,8.35,-0.01,30,25050,卖盘
1377,13:46:57,8.36,--,82,68552,买盘
1378,13:46:54,8.36,--,4,3344,买盘
1379,13:46:51,8.36,0.01,48,40128,买盘
1380,13:46:48,8.35,-0.01,2,1670,卖盘
1381,13:46:45,8.36,0.01,14,11704,买盘
1382,13:46:42,8.35,-0.01,22,18370,卖盘
1383,13:46:39,8.36,0.01,42,35112,买盘
1384,13:46:33,8.35,-0.01,72,60120,卖盘
1385,13:46:30,8.36,--,51,42636,买盘
1386,13:46:27,8.36,--,64,53504,买盘
1387,13:46:24,8.36,--,121,101156,买盘
1388,13:46:21,8.36,--,43,35948,买盘
1389,13:46:18,8.36,--,8,6688,买盘
1390,13:46:15,8.36,0.01,30,25080,买盘
1391,13:46:12,8.35,-0.01,154,128590,卖盘
1392,13:46:09,8.36,0.01,56,46816,买盘
1393,13:46:06,8.35,-0.01,1,835,卖盘
1394,13:46:03,8.36,--,74,61863,买盘
1395,13:46:00,8.36,--,61,50996,买盘
1396,13:45:57,8.36,--,216,180576,买盘
1397,13:45:54,8.36,--,73,61027,买盘
1398,13:45:51,8.36,--,133,111187,买盘
1399,13:45:48,8.36,0.01,221,184756,买盘
1400,13:45:45,8.35,-0.01,114,95190,卖盘
1401,13:45:42,8.36,--,13,10868,买盘
1402,13:45:39,8.36,--,4,3344,买盘
1403,13:45:36,8.36,--,39,32603,买盘
1404,13:45:33,8.36,0.01,129,107843,买盘
1405,13:45:30,8.35,-0.01,2,1670,卖盘
1406,13:45:27,8.36,0.01,10,8360,买盘
1407,13:45:24,8.35,-0.01,1,835,卖盘
1408,13:45:21,8.36,0.01,53,44308,买盘
1409,13:45:18,8.35,--,116,96860,卖盘
1410,13:45:15,8.35,--,5,4175,卖盘
1411,13:45:12,8.35,-0.01,12,10020,卖盘
1412,13:45:09,8.36,0.01,367,306812,买盘
1413,13:45:06,8.35,-0.01,86,71810,卖盘
1414,13:45:03,8.36,0.01,1,836,买盘
1415,13:45:00,8.35,-0.01,340,283900,卖盘
1416,13:44:57,8.36,0.01,2,1672,买盘
1417,13:44:54,8.35,-0.01,30,25050,卖盘
1418,13:44:51,8.36,0.01,40,33440,买盘
1419,13:44:45,8.35,--,91,75985,卖盘
1420,13:44:42,8.35,--,11,9185,卖盘
1421,13:44:36,8.35,--,1,835,卖盘
1422,13:44:33,8.35,--,10,8350,卖盘
1423,13:44:27,8.35,-0.01,2,1670,卖盘
1424,13:44:24,8.36,0.01,1,836,买盘
1425,13:44:21,8.35,-0.01,365,304775,卖盘
1426,13:44:18,8.36,0.01,114,95989,买盘
1427,13:44:15,8.35,-0.01,61,50935,卖盘
1428,13:44:12,8.36,0.01,25,20900,买盘
1429,13:44:09,8.35,--,49,40915,卖盘
1430,13:44:06,8.35,-0.01,26,21710,卖盘
1431,13:44:03,8.36,0.01,302,252471,买盘
1432,13:44:00,8.35,-0.01,96,80160,卖盘
1433,13:43:57,8.36,--,1008,842688,买盘
1434,13:43:54,8.36,0.01,312,260831,买盘
1435,13:43:51,8.35,--,82,68470,卖盘
1436,13:43:48,8.35,--,9,7515,卖盘
1437,13:43:45,8.35,--,1132,945220,买盘
1438,13:43:42,8.35,--,10,8350,买盘
1439,13:43:39,8.35,--,16,13360,中性盘
1440,13:43:36,8.35,0.01,2960,2471600,买盘
1441,13:43:33,8.34,-0.02,55,45870,卖盘
1442,13:43:30,8.36,0.01,59,49324,买盘
1443,13:43:27,8.35,--,10,8350,卖盘
1444,13:43:24,8.35,0.01,30,25050,买盘
1445,13:43:21,8.34,-0.01,113,94242,卖盘
1446,13:43:18,8.35,0.01,22,18370,买盘
1447,13:43:15,8.34,-0.01,1,834,卖盘
1448,13:43:12,8.35,--,27,22545,买盘
1449,13:43:09,8.35,--,331,276385,卖盘
1450,13:43:06,8.35,-0.01,321,268035,卖盘
1451,13:43:03,8.36,0.01,99,82764,买盘
1452,13:43:00,8.35,--,51,42585,卖盘
1453,13:42:57,8.35,--,21,17535,卖盘
1454,13:42:54,8.35,--,204,170340,买盘
1455,13:42:48,8.35,--,80,66800,卖盘
1456,13:42:45,8.35,--,21,17535,卖盘
1457,13:42:42,8.35,--,24,20040,卖盘
1458,13:42:39,8.35,--,122,101870,买盘
1459,13:42:36,8.35,0.01,20,16700,买盘
1460,13:42:33,8.34,--,94,78396,卖盘
1461,13:42:30,8.34,-0.01,39,32526,卖盘
1462,13:42:27,8.35,0.01,56,46760,买盘
1463,13:42:24,8.34,-0.01,75,62550,卖盘
1464,13:42:21,8.35,--,109,91015,卖盘
1465,13:42:18,8.35,--,52,43420,卖盘
1466,13:42:15,8.35,-0.01,108,90180,卖盘
1467,13:42:12,8.36,0.01,106,88616,买盘
1468,13:42:09,8.35,--,85,70975,卖盘
1469,13:42:06,8.35,0.01,20,16700,买盘
1470,13:42:03,8.34,--,26,21684,卖盘
1471,13:42:00,8.34,--,70,58380,卖盘
1472,13:41:57,8.34,-0.01,106,88404,卖盘
1473,13:41:54,8.35,--,404,337340,买盘
1474,13:41:51,8.35,--,12,10020,买盘
1475,13:41:48,8.35,--,137,114395,卖盘
1476,13:41:45,8.35,--,171,142785,卖盘
1477,13:41:42,8.35,-0.01,32,26720,卖盘
1478,13:41:39,8.36,0.01,40,33440,买盘
1479,13:41:36,8.35,0.01,17,14195,买盘
1480,13:41:33,8.34,-0.01,72,60048,卖盘
1481,13:41:30,8.35,0.01,5,4175,买盘
1482,13:41:27,8.34,-0.02,64,53376,卖盘
1483,13:41:24,8.36,0.01,107,89452,买盘
1484,13:41:21,8.35,--,51,42718,卖盘
1485,13:41:18,8.35,--,229,191916,卖盘
1486,13:41:15,8.35,--,69,57615,卖盘
1487,13:41:12,8.35,--,72,60120,卖盘
1488,13:41:09,8.35,--,208,173680,买盘
1489,13:41:06,8.35,--,823,687205,买盘
1490,13:41:03,8.35,--,26,21710,买盘
1491,13:41:00,8.35,0.01,203,169505,买盘
1492,13:40:57,8.34,-0.01,15,12510,卖盘
1493,13:40:54,8.35,--,430,359050,卖盘
1494,13:40:51,8.35,--,1,835,卖盘
1495,13:40:48,8.35,--,12,10020,卖盘
1496,13:40:45,8.35,--,62,51770,卖盘
1497,13:40:42,8.35,--,103,86005,卖盘
1498,13:40:39,8.35,--,30,25050,买盘
1499,13:40:36,8.35,--,220,183700,买盘
1500,13:40:33,8.35,0.01,73,60955,买盘
1501,13:40:30,8.34,--,48,40032,卖盘
1502,13:40:27,8.34,-0.01,9,7506,卖盘
1503,13:40:24,8.35,0.01,207,173162,买盘
1504,13:40:21,8.34,--,430,358620,买盘
1505,13:40:18,8.34,0.01,107,89238,买盘
1506,13:40:15,8.33,-0.01,434,362038,卖盘
1507,13:40:12,8.34,-0.01,20,16680,卖盘
1508,13:40:09,8.35,--,63,52605,中性盘
1509,13:40:06,8.35,--,14,11690,卖盘
1510,13:40:03,8.35,0.01,250,208750,买盘
1511,13:40:00,8.34,--,11,9174,卖盘
1512,13:39:57,8.34,-0.01,20,16680,卖盘
1513,13:39:54,8.35,--,50,41750,买盘
1514,13:39:48,8.35,--,67,55945,卖盘
1515,13:39:45,8.35,--,126,105210,卖盘
1516,13:39:42,8.35,0.01,71,59285,买盘
1517,13:39:39,8.34,-0.01,45,37530,卖盘
1518,13:39:36,8.35,--,435,363225,买盘
1519,13:39:33,8.35,--,328,273880,买盘
1520,13:39:30,8.35,0.01,50,41750,买盘
1521,13:39:27,8.34,-0.01,80,66720,卖盘
1522,13:39:24,8.35,--,13,10855,买盘
1523,13:39:21,8.35,--,504,420840,买盘
1524,13:39:18,8.35,0.01,55,45925,买盘
1525,13:39:15,8.34,--,30,25020,卖盘
1526,13:39:12,8.34,-0.01,16,13344,卖盘
1527,13:39:09,8.35,--,339,283065,买盘
1528,13:39:06,8.35,--,11,9185,买盘
1529,13:39:03,8.35,--,12,10020,买盘
1530,13:39:00,8.35,--,25,20875,买盘
1531,13:38:57,8.35,--,51,42585,买盘
1532,13:38:54,8.35,--,111,92685,卖盘
1533,13:38:51,8.35,--,333,278055,卖盘
1534,13:38:48,8.35,--,57,47595,卖盘
1535,13:38:45,8.35,--,100,84001,买盘
1536,13:38:42,8.35,--,14,11690,买盘
1537,13:38:39,8.35,--,6,5010,买盘
1538,13:38:36,8.35,--,301,251335,买盘
1539,13:38:33,8.35,--,210,175350,买盘
1540,13:38:30,8.35,--,394,328990,买盘
1541,13:38:27,8.35,0.01,8,6680,买盘
1542,13:38:24,8.34,--,33,27522,卖盘
1543,13:38:21,8.34,--,6,5004,卖盘
1544,13:38:18,8.34,-0.01,1,834,卖盘
1545,13:38:15,8.35,0.01,88,73480,买盘
1546,13:38:12,8.34,-0.01,342,285228,卖盘
1547,13:38:09,8.35,0.01,74,61790,买盘
1548,13:38:06,8.34,--,663,552942,卖盘
1549,13:38:03,8.34,-0.01,60,50040,卖盘
1550,13:38:00,8.35,0.01,6,5010,买盘
1551,13:37:57,8.34,-0.01,16,13344,卖盘
1552,13:37:51,8.35,--,307,256345,买盘
1553,13:37:48,8.35,--,54,45090,买盘
1554,13:37:45,8.35,--,20,16700,买盘
1555,13:37:42,8.35,0.01,67,55945,买盘
1556,13:37:39,8.34,--,56,46704,卖盘
1557,13:37:36,8.34,--,89,74226,卖盘
1558,13:37:33,8.34,--,13,10842,卖盘
1559,13:37:30,8.34,--,180,150436,买盘
1560,13:37:27,8.34,--,10,8340,买盘
1561,13:37:24,8.34,--,52,43368,买盘
1562,13:37:21,8.34,--,67,55878,买盘
1563,13:37:18,8.34,--,13,10842,买盘
1564,13:37:15,8.34,--,341,284911,卖盘
1565,13:37:12,8.34,-0.01,15,12510,卖盘
1566,13:37:09,8.35,0.01,8,6680,买盘
1567,13:37:06,8.34,--,29,24186,卖盘
1568,13:37:03,8.34,--,1561,1302190,买盘
1569,13:37:00,8.34,--,10,8340,买盘
1570,13:36:57,8.34,--,132,110088,买盘
1571,13:36:54,8.34,--,10,8340,买盘
1572,13:36:51,8.34,--,16,13344,买盘
1573,13:36:48,8.34,--,260,216840,买盘
1574,13:36:45,8.34,--,2418,2017129,卖盘
1575,13:36:42,8.34,--,84,70056,卖盘
1576,13:36:39,8.34,-0.01,62,51708,卖盘
1577,13:36:36,8.35,--,191,159485,买盘
1578,13:36:33,8.35,--,91,75985,买盘
1579,13:36:30,8.35,--,25,20875,买盘
1580,13:36:27,8.35,--,424,354040,卖盘
1581,13:36:24,8.35,--,75,62625,买盘
1582,13:36:21,8.35,--,23,19205,买盘
1583,13:36:18,8.35,0.01,2,1670,买盘
1584,13:36:15,8.34,-0.01,205,170970,卖盘
1585,13:36:12,8.35,--,28,23380,买盘
1586,13:36:09,8.35,--,10,8350,买盘
1587,13:36:06,8.35,--,14,11690,买盘
1588,13:36:03,8.35,--,57,47595,买盘
1589,13:36:00,8.35,--,100,83500,买盘
1590,13:35:57,8.35,--,344,287240,卖盘
1591,13:35:54,8.35,--,6,5010,卖盘
1592,13:35:51,8.35,--,67,55945,卖盘
1593,13:35:45,8.35,--,35,29225,卖盘
1594,13:35:42,8.35,--,196,163660,卖盘
1595,13:35:39,8.35,0.01,3,2505,卖盘
1596,13:35:36,8.34,-0.01,50,41700,卖盘
1597,13:35:33,8.35,--,15,13009,买盘
1598,13:35:30,8.35,--,30,25050,买盘
1599,13:35:27,8.35,--,75,62975,卖盘
1600,13:35:24,8.35,--,291,242985,卖盘
1601,13:35:21,8.35,-0.01,40,33400,卖盘
1602,13:35:18,8.36,0.01,96,80256,买盘
1603,13:35:15,8.35,-0.01,50,41750,卖盘
1604,13:35:12,8.36,0.01,16,13376,买盘
1605,13:35:09,8.35,-0.01,71,59285,卖盘
1606,13:35:06,8.36,0.01,1,836,买盘
1607,13:35:03,8.35,--,2,1670,卖盘
1608,13:35:00,8.35,-0.01,103,86005,卖盘
1609,13:34:57,8.36,0.01,152,127071,买盘
1610,13:34:54,8.35,--,1225,1023543,卖盘
1611,13:34:51,8.35,--,251,209585,卖盘
1612,13:34:48,8.35,--,661,551935,卖盘
1613,13:34:45,8.35,--,203,169505,卖盘
1614,13:34:42,8.35,-0.01,113,94355,卖盘
1615,13:34:39,8.36,0.01,3,2508,买盘
1616,13:34:36,8.35,-0.01,100,83500,卖盘
1617,13:34:33,8.36,0.01,88,73568,买盘
1618,13:34:30,8.35,--,41,34235,卖盘
1619,13:34:27,8.35,--,50,41750,卖盘
1620,13:34:24,8.35,--,1,835,卖盘
1621,13:34:21,8.35,0.01,120,100851,买盘
1622,13:34:18,8.34,-0.01,305,254370,卖盘
1623,13:34:15,8.35,--,45,37575,买盘
1624,13:34:12,8.35,--,176,146960,买盘
1625,13:34:09,8.35,--,75,62625,买盘
1626,13:34:06,8.35,--,21,17535,买盘
1627,13:34:03,8.35,--,16,13360,买盘
1628,13:34:00,8.35,--,19,15865,买盘
1629,13:33:57,8.35,--,140,116900,买盘
1630,13:33:54,8.35,--,95,79325,买盘
1631,13:33:51,8.35,--,28,23380,买盘
1632,13:33:48,8.35,0.01,5,4175,买盘
1633,13:33:45,8.34,-0.01,31,25854,卖盘
1634,13:33:39,8.35,--,106,88510,买盘
1635,13:33:36,8.35,--,45,37575,买盘
1636,13:33:33,8.35,--,52,43420,买盘
1637,13:33:30,8.35,--,112,93520,买盘
1638,13:33:27,8.35,--,67,55945,买盘
1639,13:33:24,8.35,--,168,140280,买盘
1640,13:33:21,8.35,-0.01,50,41750,卖盘
1641,13:33:18,8.36,--,2,1672,买盘
1642,13:33:15,8.36,0.01,97,81092,买盘
1643,13:33:12,8.35,-0.01,28,23380,卖盘
1644,13:33:09,8.36,0.01,131,109515,买盘
1645,13:33:03,8.35,--,277,231295,买盘
1646,13:33:00,8.35,0.01,313,261355,买盘
1647,13:32:57,8.34,-0.01,197,164298,卖盘
1648,13:32:54,8.35,--,60,50100,买盘
1649,13:32:51,8.35,--,302,252170,买盘
1650,13:32:48,8.35,--,11,9185,买盘
1651,13:32:45,8.35,--,124,103540,买盘
1652,13:32:42,8.35,--,322,268870,买盘
1653,13:32:39,8.35,--,346,288910,买盘
1654,13:32:36,8.35,0.01,30,25050,买盘
1655,13:32:33,8.34,-0.01,141,117594,卖盘
1656,13:32:30,8.35,--,192,160320,买盘
1657,13:32:27,8.35,--,75,62625,买盘
1658,13:32:24,8.35,--,8,6680,买盘
1659,13:32:21,8.35,--,20,16700,买盘
1660,13:32:18,8.35,0.01,65,54275,买盘
1661,13:32:15,8.34,-0.01,86,71724,卖盘
1662,13:32:12,8.35,--,306,255510,买盘
1663,13:32:09,8.35,--,41,34235,买盘
1664,13:32:06,8.35,--,197,164495,买盘
1665,13:32:03,8.35,--,8,6680,买盘
1666,13:32:00,8.35,--,112,94188,买盘
1667,13:31:57,8.35,--,95,79325,买盘
1668,13:31:54,8.35,--,172,143620,买盘
1669,13:31:51,8.35,--,24,20040,买盘
1670,13:31:48,8.35,0.01,132,110220,买盘
1671,13:31:45,8.34,--,109,90906,卖盘
1672,13:31:42,8.34,-0.01,24,20016,卖盘
1673,13:31:39,8.35,--,233,194555,买盘
1674,13:31:36,8.35,--,56,46760,买盘
1675,13:31:33,8.35,0.01,18,15030,买盘
1676,13:31:30,8.34,-0.01,167,139278,卖盘
1677,13:31:27,8.35,--,65,54275,买盘
1678,13:31:24,8.35,0.01,52,43420,买盘
1679,13:31:21,8.34,-0.01,10,8340,卖盘
1680,13:31:18,8.35,--,467,389945,买盘
1681,13:31:15,8.35,0.01,130,108550,买盘
1682,13:31:12,8.34,--,623,519582,卖盘
1683,13:31:09,8.34,--,102,85134,买盘
1684,13:31:06,8.34,--,14,11676,买盘
1685,13:31:03,8.34,--,4,3336,买盘
1686,13:31:00,8.34,--,50,41700,买盘
1687,13:30:57,8.34,--,61,50874,买盘
1688,13:30:54,8.34,--,138,115092,买盘
1689,13:30:51,8.34,0.01,119,99246,买盘
1690,13:30:48,8.33,-0.01,71,59143,卖盘
1691,13:30:45,8.34,--,20,16680,买盘
1692,13:30:42,8.34,0.01,3,2502,买盘
1693,13:30:39,8.33,-0.01,234,194922,卖盘
1694,13:30:36,8.34,--,72,60048,买盘
1695,13:30:33,8.34,--,345,287730,买盘
1696,13:30:30,8.34,--,25,20850,买盘
1697,13:30:27,8.34,--,1,834,买盘
1698,13:30:24,8.34,--,11,9174,买盘
1699,13:30:21,8.34,--,253,211002,买盘
1700,13:30:18,8.34,--,847,706398,买盘
1701,13:30:15,8.34,--,27,22518,买盘
1702,13:30:12,8.34,0.01,148,123432,买盘
1703,13:30:09,8.33,--,61,50813,卖盘
1704,13:30:06,8.33,-0.01,212,176596,卖盘
1705,13:30:03,8.34,0.01,5,4170,买盘
1706,13:30:00,8.33,--,200,166600,卖盘
1707,13:29:57,8.33,-0.01,7,5831,卖盘
1708,13:29:54,8.34,0.01,327,272718,买盘
1709,13:29:51,8.33,--,6,4998,卖盘
1710,13:29:48,8.33,--,186,154938,卖盘
1711,13:29:45,8.33,-0.01,64,53312,卖盘
1712,13:29:42,8.34,0.01,110,91740,买盘
1713,13:29:36,8.33,-0.01,18,14994,卖盘
1714,13:29:33,8.34,0.01,88,73392,买盘
1715,13:29:30,8.33,--,73,60809,卖盘
1716,13:29:27,8.33,-0.01,255,212415,卖盘
1717,13:29:21,8.34,0.01,505,421170,买盘
1718,13:29:18,8.33,--,56,46648,卖盘
1719,13:29:15,8.33,--,23,19159,卖盘
1720,13:29:12,8.33,--,58,48314,卖盘
1721,13:29:09,8.33,--,89,74137,卖盘
1722,13:29:03,8.33,--,92,76636,卖盘
1723,13:29:00,8.33,--,11,9163,卖盘
1724,13:28:57,8.33,--,85,70805,卖盘
1725,13:28:54,8.33,--,195,162435,卖盘
1726,13:28:51,8.33,--,94,78302,卖盘
1727,13:28:48,8.33,--,238,198254,卖盘
1728,13:28:45,8.33,--,55,45815,卖盘
1729,13:28:42,8.33,--,95,79135,卖盘
1730,13:28:39,8.33,--,8,6664,卖盘
1731,13:28:36,8.33,--,26,21658,卖盘
1732,13:28:33,8.33,--,42,34986,卖盘
1733,13:28:30,8.33,--,55,45815,卖盘
1734,13:28:27,8.33,0.01,73,60975,买盘
1735,13:28:24,8.32,-0.01,54,44928,卖盘
1736,13:28:21,8.33,0.01,26,21658,买盘
1737,13:28:18,8.32,--,312,259584,卖盘
1738,13:28:15,8.32,-0.01,660,549120,卖盘
1739,13:28:09,8.33,--,16,13328,买盘
1740,13:28:06,8.33,--,139,115787,买盘
1741,13:28:03,8.33,0.01,80,66640,买盘
1742,13:27:57,8.32,--,27,22464,卖盘
1743,13:27:54,8.32,-0.01,245,203840,卖盘
1744,13:27:51,8.33,0.01,21,17493,买盘
1745,13:27:48,8.32,--,53,44096,卖盘
1746,13:27:45,8.32,-0.01,188,156416,卖盘
1747,13:27:42,8.33,--,61,50813,买盘
1748,13:27:39,8.33,--,74,61642,买盘
1749,13:27:36,8.33,--,200,166600,买盘
1750,13:27:33,8.33,0.01,25,20825,买盘
1751,13:27:30,8.32,--,72,59904,卖盘
1752,13:27:27,8.32,-0.01,53,44096,卖盘
1753,13:27:24,8.33,0.01,287,239071,买盘
1754,13:27:21,8.32,--,250,208000,卖盘
1755,13:27:18,8.32,-0.01,101,84032,卖盘
1756,13:27:15,8.33,--,108,89964,买盘
1757,13:27:12,8.33,0.01,130,108290,买盘
1758,13:27:09,8.32,-0.01,28,23296,卖盘
1759,13:27:06,8.33,--,176,146608,买盘
1760,13:27:03,8.33,--,52,43316,买盘
1761,13:27:00,8.33,--,7,5831,买盘
1762,13:26:57,8.33,--,17,14161,买盘
1763,13:26:54,8.33,--,60,49980,买盘
1764,13:26:51,8.33,--,36,29988,买盘
1765,13:26:48,8.33,--,210,174930,卖盘
1766,13:26:45,8.33,--,194,161602,卖盘
1767,13:26:42,8.33,--,4,3332,卖盘
1768,13:26:39,8.33,--,5,4165,中性盘
1769,13:26:36,8.33,0.01,8,6664,中性盘
1770,13:26:33,8.32,-0.01,169,140608,卖盘
1771,13:26:30,8.33,--,268,223244,买盘
1772,13:26:27,8.33,--,35,29155,买盘
1773,13:26:24,8.33,--,295,245735,卖盘
1774,13:26:21,8.33,-0.01,75,63241,卖盘
1775,13:26:18,8.34,--,315,262710,买盘
1776,13:26:15,8.34,0.01,152,126768,买盘
1777,13:26:12,8.33,-0.01,167,139177,卖盘
1778,13:26:09,8.34,--,392,326928,买盘
1779,13:26:06,8.34,0.01,77,64218,买盘
1780,13:26:03,8.33,--,322,268226,卖盘
1781,13:26:00,8.33,-0.01,28,23324,卖盘
1782,13:25:57,8.34,0.01,287,239358,买盘
1783,13:25:54,8.33,--,3,2499,卖盘
1784,13:25:51,8.33,--,47,39151,卖盘
1785,13:25:48,8.33,--,102,84966,卖盘
1786,13:25:42,8.33,--,265,220745,卖盘
1787,13:25:39,8.33,--,65,54478,买盘
1788,13:25:36,8.33,--,588,489804,买盘
1789,13:25:33,8.33,0.01,66,54978,买盘
1790,13:25:30,8.32,-0.01,6,4992,卖盘
1791,13:25:27,8.33,--,276,230407,卖盘
1792,13:25:24,8.33,--,100,83633,买盘
1793,13:25:21,8.33,0.01,1029,857157,买盘
1794,13:25:18,8.32,--,35,29120,卖盘
1795,13:25:15,8.32,--,26,21632,卖盘
1796,13:25:12,8.32,--,7,5824,卖盘
1797,13:25:09,8.32,-0.01,62,51584,卖盘
1798,13:25:06,8.33,0.01,58,48314,买盘
1799,13:25:03,8.32,--,40,33280,买盘
1800,13:25:00,8.32,--,59,49088,买盘
1801,13:24:57,8.32,--,220,183040,买盘
1802,13:24:54,8.32,0.01,18,14976,买盘
1803,13:24:51,8.31,-0.02,13,10803,卖盘
1804,13:24:48,8.33,0.01,42,34986,买盘
1805,13:24:45,8.32,--,45,37440,买盘
1806,13:24:42,8.32,--,380,316160,买盘
1807,13:24:39,8.32,--,33,27456,卖盘
1808,13:24:36,8.32,-0.01,1,832,卖盘
1809,13:24:33,8.33,0.01,401,334033,买盘
1810,13:24:30,8.32,--,16,13312,卖盘
1811,13:24:27,8.32,--,40,33280,卖盘
1812,13:24:24,8.32,--,148,123136,卖盘
1813,13:24:21,8.32,--,20,16640,卖盘
1814,13:24:18,8.32,0.01,37,30784,买盘
1815,13:24:15,8.31,--,124,103044,卖盘
1816,13:24:12,8.31,--,23,19113,卖盘
1817,13:24:09,8.31,-0.02,113,93903,卖盘
1818,13:24:06,8.33,0.01,11,9163,买盘
1819,13:24:03,8.32,--,111,92352,买盘
1820,13:24:00,8.32,--,105,87360,买盘
1821,13:23:57,8.32,--,802,667264,卖盘
1822,13:23:54,8.32,--,144,119808,卖盘
1823,13:23:51,8.32,-0.01,375,312000,卖盘
1824,13:23:48,8.33,0.01,3,2499,买盘
1825,13:23:45,8.32,--,172,143104,卖盘
1826,13:23:42,8.32,--,125,104000,卖盘
1827,13:23:39,8.32,--,186,154752,卖盘
1828,13:23:33,8.32,--,99,82368,卖盘
1829,13:23:30,8.32,--,20,16640,卖盘
1830,13:23:27,8.32,-0.01,122,101504,卖盘
1831,13:23:24,8.33,0.01,47,39151,买盘
1832,13:23:18,8.32,-0.01,649,539968,卖盘
1833,13:23:15,8.33,--,410,341530,买盘
1834,13:23:12,8.33,0.01,55,45815,买盘
1835,13:23:09,8.32,--,922,767104,卖盘
1836,13:23:06,8.32,--,1425,1185600,卖盘
1837,13:23:03,8.32,--,119,99008,卖盘
1838,13:23:00,8.32,--,128,106496,卖盘
1839,13:22:57,8.32,--,300,249600,卖盘
1840,13:22:54,8.32,--,57,47424,卖盘
1841,13:22:51,8.32,--,148,123136,卖盘
1842,13:22:48,8.32,--,90,74880,卖盘
1843,13:22:45,8.32,-0.01,118,98176,卖盘
1844,13:22:42,8.33,--,21,17493,买盘
1845,13:22:39,8.33,--,225,187425,买盘
1846,13:22:36,8.33,--,244,203252,卖盘
1847,13:22:33,8.33,--,2047,1705151,卖盘
1848,13:22:30,8.33,--,294,244902,卖盘
1849,13:22:27,8.33,-0.01,659,548947,卖盘
1850,13:22:24,8.34,--,28,23352,买盘
1851,13:22:21,8.34,--,10,8340,买盘
1852,13:22:18,8.34,-0.01,671,559614,卖盘
1853,13:22:15,8.35,--,2006,1675010,买盘
1854,13:22:12,8.35,0.01,99,82665,买盘
1855,13:22:09,8.34,-0.01,66,55044,卖盘
1856,13:22:06,8.35,0.01,213,177855,买盘
1857,13:22:03,8.34,--,585,487890,卖盘
1858,13:22:00,8.34,--,25,20850,卖盘
1859,13:21:57,8.34,--,1022,852348,卖盘
1860,13:21:54,8.34,-0.01,8,6672,卖盘
1861,13:21:51,8.35,--,35,29225,买盘
1862,13:21:48,8.35,--,187,156145,买盘
1863,13:21:45,8.35,--,34,28390,买盘
1864,13:21:42,8.35,--,186,155310,买盘
1865,13:21:39,8.35,0.01,58,48430,买盘
1866,13:21:36,8.34,--,160,133440,卖盘
1867,13:21:33,8.34,-0.01,15,12510,卖盘
1868,13:21:30,8.35,--,22,18370,买盘
1869,13:21:27,8.35,--,229,191215,卖盘
1870,13:21:24,8.35,--,142,118570,卖盘
1871,13:21:21,8.35,--,226,188710,卖盘
1872,13:21:18,8.35,--,154,128590,卖盘
1873,13:21:15,8.35,--,46,38410,卖盘
1874,13:21:12,8.35,--,118,98530,卖盘
1875,13:21:09,8.35,--,593,495155,卖盘
1876,13:21:06,8.35,--,128,106880,卖盘
1877,13:21:03,8.35,--,96,80160,卖盘
1878,13:20:57,8.35,--,378,315630,卖盘
1879,13:20:54,8.35,--,1884,1573140,卖盘
1880,13:20:51,8.35,--,221,184535,卖盘
1881,13:20:48,8.35,--,24,20040,卖盘
1882,13:20:45,8.35,--,1,835,卖盘
1883,13:20:42,8.35,--,293,244655,卖盘
1884,13:20:39,8.35,-0.01,81,67635,卖盘
1885,13:20:36,8.36,0.01,555,463979,买盘
1886,13:20:33,8.35,--,365,304775,卖盘
1887,13:20:30,8.35,--,24,20040,卖盘
1888,13:20:24,8.35,-0.01,83,69305,卖盘
1889,13:20:21,8.36,0.01,69,57683,买盘
1890,13:20:18,8.35,--,42,35070,卖盘
1891,13:20:15,8.35,-0.01,55,45925,卖盘
1892,13:20:12,8.36,0.01,54,45144,买盘
1893,13:20:09,8.35,--,211,176185,买盘
1894,13:20:06,8.35,--,29,24215,买盘
1895,13:20:03,8.35,--,72,60220,卖盘
1896,13:20:00,8.35,--,79,65965,卖盘
1897,13:19:57,8.35,--,110,91850,卖盘
1898,13:19:54,8.35,--,88,73480,卖盘
1899,13:19:51,8.35,-0.01,5,4175,卖盘
1900,13:19:48,8.36,0.01,242,202312,买盘
1901,13:19:45,8.35,--,1068,891780,卖盘
1902,13:19:42,8.35,-0.01,226,188710,卖盘
1903,13:19:39,8.36,--,1,836,买盘
1904,13:19:36,8.36,-0.01,15,12540,卖盘
1905,13:19:33,8.37,0.02,43,35991,买盘
1906,13:19:30,8.35,-0.01,405,338175,卖盘
1907,13:19:27,8.36,--,112,93632,卖盘
1908,13:19:24,8.36,--,132,110853,买盘
1909,13:19:21,8.36,0.01,213,178068,买盘
1910,13:19:18,8.35,-0.01,600,501000,卖盘
1911,13:19:15,8.36,--,191,159676,买盘
1912,13:19:12,8.36,0.01,103,86108,买盘
1913,13:19:09,8.35,-0.01,15,12525,卖盘
1914,13:19:06,8.36,-0.01,33,27922,卖盘
1915,13:19:03,8.37,0.01,156,130571,买盘
1916,13:19:00,8.36,--,177,147972,卖盘
1917,13:18:57,8.36,0.01,218,182749,买盘
1918,13:18:54,8.35,-0.01,173,144455,卖盘
1919,13:18:51,8.36,0.01,56,46816,买盘
1920,13:18:48,8.35,--,17,14195,卖盘
1921,13:18:45,8.35,--,23,19205,卖盘
1922,13:18:42,8.35,-0.01,50,41750,卖盘
1923,13:18:39,8.36,0.01,229,191444,买盘
1924,13:18:36,8.35,--,533,445055,卖盘
1925,13:18:33,8.35,-0.01,38,31730,卖盘
1926,13:18:30,8.36,--,837,699732,买盘
1927,13:18:27,8.36,0.01,366,305976,买盘
1928,13:18:24,8.35,-0.01,7,5845,卖盘
1929,13:18:18,8.36,--,1670,1396454,卖盘
1930,13:18:15,8.36,--,95,79420,卖盘
1931,13:18:12,8.36,--,32,26752,卖盘
1932,13:18:09,8.36,--,41,34276,卖盘
1933,13:18:06,8.36,--,37,30931,卖盘
1934,13:18:03,8.36,--,202,168872,卖盘
1935,13:18:00,8.36,--,63,52668,卖盘
1936,13:17:57,8.36,--,87,72732,卖盘
1937,13:17:54,8.36,-0.01,39,32603,卖盘
1938,13:17:51,8.37,0.01,20,16740,买盘
1939,13:17:48,8.36,-0.01,55,45980,卖盘
1940,13:17:45,8.37,0.01,23,19251,买盘
1941,13:17:42,8.36,--,30,25080,卖盘
1942,13:17:39,8.36,-0.01,93,77748,卖盘
1943,13:17:36,8.37,0.01,15,12554,买盘
1944,13:17:33,8.36,-0.01,53,44308,卖盘
1945,13:17:30,8.37,0.01,86,71982,买盘
1946,13:17:27,8.36,--,321,268356,卖盘
1947,13:17:21,8.36,-0.01,460,384560,卖盘
1948,13:17:18,8.37,--,48,40175,买盘
1949,13:17:15,8.37,--,141,118016,买盘
1950,13:17:12,8.37,--,210,175769,买盘
1951,13:17:09,8.37,--,13,10880,买盘
1952,13:17:06,8.37,--,67,56078,买盘
1953,13:17:03,8.37,0.01,13,10880,买盘
1954,13:17:00,8.36,-0.01,214,179405,卖盘
1955,13:16:57,8.37,--,144,120527,卖盘
1956,13:16:54,8.37,--,28,23435,卖盘
1957,13:16:51,8.37,--,103,86210,卖盘
1958,13:16:48,8.37,--,48,40175,卖盘
1959,13:16:45,8.37,--,894,748277,买盘
1960,13:16:42,8.37,--,48,40175,买盘
1961,13:16:39,8.37,--,27,22598,买盘
1962,13:16:36,8.37,0.01,979,819422,买盘
1963,13:16:33,8.36,--,355,296780,卖盘
1964,13:16:30,8.36,--,84,70224,卖盘
1965,13:16:27,8.36,-0.01,355,296780,卖盘
1966,13:16:24,8.37,0.01,114,95417,买盘
1967,13:16:21,8.36,-0.01,376,314336,卖盘
1968,13:16:18,8.37,--,23,19251,买盘
1969,13:16:15,8.37,0.01,155,129734,买盘
1970,13:16:12,8.36,--,41,34276,卖盘
1971,13:16:09,8.36,--,102,85272,卖盘
1972,13:16:06,8.36,-0.01,884,739024,卖盘
1973,13:16:03,8.37,--,20,16740,买盘
1974,13:16:00,8.37,--,75,62774,买盘
1975,13:15:57,8.37,--,178,148986,买盘
1976,13:15:54,8.37,--,235,196694,买盘
1977,13:15:51,8.37,--,85,71145,买盘
1978,13:15:48,8.37,--,1,836,买盘
1979,13:15:45,8.37,--,568,475415,买盘
1980,13:15:42,8.37,--,20,16740,买盘
1981,13:15:39,8.37,0.01,91,76167,买盘
1982,13:15:36,8.36,-0.01,55,45980,卖盘
1983,13:15:33,8.37,0.01,213,178280,买盘
1984,13:15:27,8.36,--,32,26752,卖盘
1985,13:15:24,8.36,--,30,25080,卖盘
1986,13:15:21,8.36,-0.01,6,5016,卖盘
1987,13:15:18,8.37,0.01,203,169910,买盘
1988,13:15:15,8.36,--,69,57683,卖盘
1989,13:15:12,8.36,-0.01,42,35112,卖盘
1990,13:15:09,8.37,--,199,166562,买盘
1991,13:15:06,8.37,--,88,73656,买盘
1992,13:15:03,8.37,--,142,118853,买盘
1993,13:15:00,8.37,--,77,64448,买盘
1994,13:14:57,8.37,--,45,37665,买盘
1995,13:14:54,8.37,--,240,200879,买盘
1996,13:14:51,8.37,--,6,5021,买盘
1997,13:14:48,8.37,--,5,4185,买盘
1998,13:14:45,8.37,--,248,207575,买盘
1999,13:14:42,8.37,--,97,81188,买盘
2000,13:14:39,8.37,0.01,15,12554,买盘
2001,13:14:36,8.36,-0.01,23,19228,卖盘
2002,13:14:33,8.37,0.01,70,58589,买盘
2003,13:14:30,8.36,-0.01,24,20064,卖盘
2004,13:14:27,8.37,--,339,283743,买盘
2005,13:14:24,8.37,0.01,396,331451,买盘
2006,13:14:21,8.36,-0.01,89,74404,卖盘
2007,13:14:18,8.37,0.01,143,119690,买盘
2008,13:14:12,8.36,--,8,6688,卖盘
2009,13:14:09,8.36,-0.01,45,37620,卖盘
2010,13:14:06,8.37,--,48,40175,买盘
2011,13:14:03,8.37,0.01,223,186650,买盘
2012,13:14:00,8.36,-0.01,170,142120,卖盘
2013,13:13:57,8.37,0.01,602,503873,买盘
2014,13:13:54,8.36,--,79,66044,卖盘
2015,13:13:51,8.36,-0.01,354,295944,卖盘
2016,13:13:48,8.37,--,51,42686,买盘
2017,13:13:45,8.37,0.01,126,105461,买盘
2018,13:13:42,8.36,-0.01,9,7523,卖盘
2019,13:13:39,8.37,--,745,623564,买盘
2020,13:13:36,8.37,--,176,147312,买盘
2021,13:13:33,8.37,0.01,213,178280,买盘
2022,13:13:30,8.36,-0.01,19,15883,卖盘
2023,13:13:27,8.37,0.01,60,50219,买盘
2024,13:13:24,8.36,--,61,50996,卖盘
2025,13:13:21,8.36,-0.01,333,278388,卖盘
2026,13:13:18,8.37,--,707,591759,买盘
2027,13:13:15,8.37,--,105,87884,买盘
2028,13:13:12,8.37,0.01,213,178280,买盘
2029,13:13:09,8.36,-0.01,95,79420,卖盘
2030,13:13:06,8.37,0.01,75,62774,买盘
2031,13:13:03,8.36,--,89,74404,卖盘
2032,13:13:00,8.36,--,198,165528,卖盘
2033,13:12:57,8.36,--,15,12540,卖盘
2034,13:12:54,8.36,--,521,435555,卖盘
2035,13:12:51,8.36,--,8,6688,卖盘
2036,13:12:48,8.36,--,7,5852,卖盘
2037,13:12:45,8.36,--,1000,836000,卖盘
2038,13:12:42,8.36,0.01,302,252471,买盘
2039,13:12:39,8.35,-0.01,10,8350,卖盘
2040,13:12:36,8.36,--,146,122055,买盘
2041,13:12:30,8.36,--,100,83600,买盘
2042,13:12:27,8.36,--,122,101992,卖盘
2043,13:12:24,8.36,--,16,13376,卖盘
2044,13:12:21,8.36,--,47,39292,买盘
2045,13:12:18,8.36,0.01,19,15883,买盘
2046,13:12:15,8.35,--,308,257180,卖盘
2047,13:12:12,8.35,-0.01,1122,936870,卖盘
2048,13:12:09,8.36,--,95,79420,卖盘
2049,13:12:06,8.36,--,6068,5072848,买盘
2050,13:12:00,8.36,0.01,514,429703,买盘
2051,13:11:57,8.35,--,479,399965,卖盘
2052,13:11:54,8.35,-0.01,132,110220,卖盘
2053,13:11:51,8.36,0.01,11,9196,买盘
2054,13:11:48,8.35,--,140,116900,卖盘
2055,13:11:45,8.35,-0.01,56,46760,卖盘
2056,13:11:42,8.36,0.01,16,13376,买盘
2057,13:11:39,8.35,-0.01,361,301435,卖盘
2058,13:11:36,8.36,0.01,501,418836,买盘
2059,13:11:33,8.35,-0.01,134,111890,卖盘
2060,13:11:30,8.36,--,136,113695,买盘
2061,13:11:27,8.36,0.01,31,25916,买盘
2062,13:11:24,8.35,-0.01,192,160320,卖盘
2063,13:11:21,8.36,0.01,359,300124,买盘
2064,13:11:18,8.35,--,7,5845,卖盘
2065,13:11:15,8.35,-0.01,324,270540,卖盘
2066,13:11:12,8.36,--,132,110351,买盘
2067,13:11:09,8.36,--,81,67716,买盘
2068,13:11:06,8.36,--,31,25916,买盘
2069,13:11:03,8.36,--,19,15883,买盘
2070,13:11:00,8.36,--,8,6688,买盘
2071,13:10:57,8.36,0.01,80,66880,买盘
2072,13:10:54,8.35,-0.01,98,81830,卖盘
2073,13:10:51,8.36,--,74,61863,买盘
2074,13:10:48,8.36,0.01,314,262504,买盘
2075,13:10:45,8.35,--,51,42585,卖盘
2076,13:10:42,8.35,--,109,91015,卖盘
2077,13:10:39,8.35,-0.01,67,55945,卖盘
2078,13:10:36,8.36,--,12,10032,买盘
2079,13:10:33,8.36,--,58,48488,买盘
2080,13:10:30,8.36,--,10,8360,买盘
2081,13:10:27,8.36,--,304,254143,买盘
2082,13:10:24,8.36,--,144,120383,买盘
2083,13:10:21,8.36,--,81,67716,买盘
2084,13:10:18,8.36,0.01,185,154660,买盘
2085,13:10:12,8.35,-0.01,88,73480,卖盘
2086,13:10:09,8.36,--,403,336908,买盘
2087,13:10:06,8.36,--,189,158004,买盘
2088,13:10:03,8.36,--,224,187264,卖盘
2089,13:10:00,8.36,0.01,109,91124,买盘
2090,13:09:57,8.35,-0.01,5,4175,卖盘
2091,13:09:54,8.36,--,22,18392,买盘
2092,13:09:51,8.36,--,37,30931,买盘
2093,13:09:48,8.36,-0.01,64,53504,卖盘
2094,13:09:45,8.37,--,121,101276,买盘
2095,13:09:42,8.37,--,124,103787,买盘
2096,13:09:39,8.37,0.01,1318,1103166,买盘
2097,13:09:36,8.36,-0.01,10,8360,卖盘
2098,13:09:33,8.37,0.01,65,54404,买盘
2099,13:09:30,8.36,--,20,16720,卖盘
2100,13:09:27,8.36,-0.01,1629,1361844,卖盘
2101,13:09:24,8.37,0.01,45,37665,买盘
2102,13:09:21,8.36,--,178,148808,卖盘
2103,13:09:18,8.36,-0.01,69,57683,卖盘
2104,13:09:15,8.37,0.01,251,210086,买盘
2105,13:09:12,8.36,--,202,168872,卖盘
2106,13:09:09,8.36,-0.01,33,27587,卖盘
2107,13:09:06,8.37,--,41,34317,买盘
2108,13:09:03,8.37,--,148,123875,买盘
2109,13:09:00,8.37,--,127,106298,买盘
2110,13:08:57,8.37,--,4,3347,买盘
2111,13:08:54,8.37,--,3,2510,买盘
2112,13:08:51,8.37,--,124,103787,买盘
2113,13:08:48,8.37,--,276,231011,买盘
2114,13:08:45,8.37,--,223,186650,买盘
2115,13:08:42,8.37,--,203,169910,买盘
2116,13:08:39,8.37,0.01,499,417662,买盘
2117,13:08:36,8.36,-0.01,758,633688,卖盘
2118,13:08:33,8.37,0.01,8,6695,买盘
2119,13:08:30,8.36,--,40,33440,卖盘
2120,13:08:27,8.36,-0.01,278,232407,卖盘
2121,13:08:24,8.37,--,31,25946,买盘
2122,13:08:21,8.37,--,202,169073,买盘
2123,13:08:18,8.37,0.01,159,133083,买盘
2124,13:08:15,8.36,-0.01,262,219031,卖盘
2125,13:08:12,8.37,--,225,188324,买盘
2126,13:08:09,8.37,--,82,68634,买盘
2127,13:08:06,8.37,--,31,25946,买盘
2128,13:08:03,8.37,0.01,71,59426,买盘
2129,13:08:00,8.36,--,168,140448,卖盘
2130,13:07:57,8.36,--,13,10868,卖盘
2131,13:07:54,8.36,-0.01,42,35112,中性盘
2132,13:07:51,8.37,--,228,191070,买盘
2133,13:07:48,8.37,0.01,93,77841,买盘
2134,13:07:45,8.36,--,232,193952,卖盘
2135,13:07:42,8.36,--,10,8360,卖盘
2136,13:07:39,8.36,--,166,138776,卖盘
2137,13:07:36,8.36,0.01,248,207328,买盘
2138,13:07:33,8.35,--,42,35070,卖盘
2139,13:07:30,8.35,-0.01,139,116733,卖盘
2140,13:07:27,8.36,--,20,16720,卖盘
2141,13:07:24,8.36,--,15,12540,卖盘
2142,13:07:21,8.36,--,328,274375,买盘
2143,13:07:18,8.36,--,580,484879,买盘
2144,13:07:15,8.36,0.01,91,76076,买盘
2145,13:07:12,8.35,--,148,123580,卖盘
2146,13:07:09,8.35,--,18,15030,卖盘
2147,13:07:06,8.35,--,32,26720,卖盘
2148,13:07:03,8.35,-0.01,52,43420,卖盘
2149,13:07:00,8.36,0.01,156,130415,买盘
2150,13:06:57,8.35,--,110,91850,卖盘
2151,13:06:54,8.35,-0.01,71,59285,卖盘
2152,13:06:51,8.36,--,265,221539,买盘
2153,13:06:48,8.36,--,164,137104,买盘
2154,13:06:45,8.36,--,185,154660,买盘
2155,13:06:42,8.36,--,324,270864,买盘
2156,13:06:39,8.36,0.01,581,485715,买盘
2157,13:06:36,8.35,-0.01,14,11690,卖盘
2158,13:06:33,8.36,0.01,20,16720,买盘
2159,13:06:30,8.35,-0.01,221,184535,卖盘
2160,13:06:27,8.36,0.01,36,30095,买盘
2161,13:06:24,8.35,-0.01,231,192885,卖盘
2162,13:06:21,8.36,0.01,220,183920,买盘
2163,13:06:18,8.35,--,118,98530,卖盘
2164,13:06:15,8.35,-0.01,33,27555,卖盘
2165,13:06:12,8.36,--,78,65207,买盘
2166,13:06:09,8.36,--,13,10868,买盘
2167,13:06:06,8.36,--,7,5852,买盘
2168,13:06:03,8.36,--,3,2508,买盘
2169,13:06:00,8.36,--,108,90288,卖盘
2170,13:05:57,8.36,--,135,112859,卖盘
2171,13:05:54,8.36,--,20,16720,卖盘
2172,13:05:51,8.36,--,426,356136,买盘
2173,13:05:48,8.36,0.01,1,836,买盘
2174,13:05:45,8.35,-0.01,188,156980,卖盘
2175,13:05:42,8.36,--,141,117875,买盘
2176,13:05:39,8.36,0.01,14,11704,买盘
2177,13:05:36,8.35,-0.01,61,50935,卖盘
2178,13:05:33,8.36,--,95,79420,买盘
2179,13:05:30,8.36,--,48,40128,买盘
2180,13:05:27,8.36,--,13,10868,买盘
2181,13:05:24,8.36,0.01,61,50996,买盘
2182,13:05:21,8.35,-0.01,273,227955,卖盘
2183,13:05:18,8.36,--,529,442845,卖盘
2184,13:05:15,8.36,-0.01,743,621148,卖盘
2185,13:05:12,8.37,0.01,19,15902,买盘
2186,13:05:09,8.36,-0.01,65,54339,卖盘
2187,13:05:06,8.37,0.01,99,82862,买盘
2188,13:05:03,8.36,--,119,99484,卖盘
2189,13:05:00,8.36,--,46,38456,卖盘
2190,13:04:57,8.36,--,49,40964,卖盘
2191,13:04:54,8.36,-0.01,101,84436,卖盘
2192,13:04:51,8.37,0.01,11,9207,买盘
2193,13:04:48,8.36,-0.01,157,131252,卖盘
2194,13:04:45,8.37,--,24,20087,买盘
2195,13:04:42,8.37,--,109,91232,买盘
2196,13:04:39,8.37,--,43,35991,买盘
2197,13:04:36,8.37,--,300,251099,卖盘
2198,13:04:33,8.37,--,35,29294,卖盘
2199,13:04:30,8.37,--,1010,845436,买盘
2200,13:04:27,8.37,--,8,6695,买盘
2201,13:04:24,8.37,--,86,71982,买盘
2202,13:04:21,8.37,--,42,35154,买盘
2203,13:04:18,8.37,--,162,135594,买盘
2204,13:04:15,8.37,--,30,25109,买盘
2205,13:04:12,8.37,--,74,61937,买盘
2206,13:04:09,8.37,--,137,115439,卖盘
2207,13:04:06,8.37,--,390,326429,卖盘
2208,13:04:03,8.37,-0.01,189,158192,卖盘
2209,13:04:00,8.38,0.01,100,83800,买盘
2210,13:03:57,8.37,--,151,126386,卖盘
2211,13:03:54,8.37,-0.01,99,82862,卖盘
2212,13:03:51,8.38,--,130,108940,买盘
2213,13:03:48,8.38,0.01,273,228774,买盘
2214,13:03:45,8.37,-0.01,1480,1238760,卖盘
2215,13:03:42,8.38,0.01,435,364530,买盘
2216,13:03:39,8.37,-0.01,251,210086,卖盘
2217,13:03:36,8.38,0.01,30,25140,买盘
2218,13:03:33,8.37,-0.01,99,82862,卖盘
2219,13:03:30,8.38,--,162,135756,买盘
2220,13:03:27,8.38,--,317,265646,买盘
2221,13:03:24,8.38,0.01,380,318440,买盘
2222,13:03:21,8.37,-0.01,242,202553,卖盘
2223,13:03:18,8.38,--,1090,913420,买盘
2224,13:03:15,8.38,--,33,27654,买盘
2225,13:03:12,8.38,--,11,9218,买盘
2226,13:03:09,8.38,--,263,220394,买盘
2227,13:03:06,8.38,--,57,47766,买盘
2228,13:03:03,8.38,--,169,141622,卖盘
2229,13:03:00,8.38,--,1032,864816,卖盘
2230,13:02:57,8.38,--,136,113968,卖盘
2231,13:02:54,8.38,--,149,124862,卖盘
2232,13:02:51,8.38,0.01,153,128281,买盘
2233,13:02:48,8.37,--,1351,1130787,卖盘
2234,13:02:45,8.37,--,151,126386,卖盘
2235,13:02:42,8.37,-0.01,38,31805,卖盘
2236,13:02:39,8.38,--,156,130728,买盘
2237,13:02:36,8.38,0.01,62,51956,买盘
2238,13:02:33,8.37,--,100,83699,卖盘
2239,13:02:30,8.37,-0.01,259,216782,卖盘
2240,13:02:27,8.38,--,225,188550,买盘
2241,13:02:24,8.38,0.01,115,96370,买盘
2242,13:02:21,8.37,-0.01,27,22598,卖盘
2243,13:02:18,8.38,--,59,49442,买盘
2244,13:02:15,8.38,--,377,315926,买盘
2245,13:02:12,8.38,--,102,85476,买盘
2246,13:02:09,8.38,0.01,328,274864,买盘
2247,13:02:06,8.37,--,695,581715,卖盘
2248,13:02:03,8.37,-0.01,79,66123,卖盘
2249,13:02:00,8.38,--,394,330172,买盘
2250,13:01:57,8.38,--,170,142460,买盘
2251,13:01:54,8.38,--,111,93018,买盘
2252,13:01:51,8.38,0.01,166,139108,买盘
2253,13:01:48,8.37,-0.01,250,209249,卖盘
2254,13:01:45,8.38,--,20,16760,买盘
2255,13:01:42,8.38,--,493,413134,买盘
2256,13:01:39,8.38,--,104,87152,买盘
2257,13:01:36,8.38,--,620,519560,买盘
2258,13:01:33,8.38,0.01,4880,4089440,买盘
2259,13:01:30,8.37,--,260,217619,买盘
2260,13:01:27,8.37,--,42,35154,买盘
2261,13:01:24,8.37,--,44,36828,买盘
2262,13:01:21,8.37,--,666,558111,卖盘
2263,13:01:18,8.37,-0.01,371,310527,卖盘
2264,13:01:15,8.38,0.01,802,672076,买盘
2265,13:01:12,8.37,--,57,47708,卖盘
2266,13:01:09,8.37,--,323,270351,卖盘
2267,13:01:06,8.37,--,50,41849,卖盘
2268,13:01:03,8.37,--,337,282236,买盘
2269,13:01:00,8.37,--,181,151497,买盘
2270,13:00:57,8.37,--,102,85373,买盘
2271,13:00:54,8.37,--,215,179954,买盘
2272,13:00:51,8.37,--,491,410966,买盘
2273,13:00:48,8.37,--,188,157355,买盘
2274,13:00:45,8.37,--,151,126386,买盘
2275,13:00:42,8.37,--,161,134757,买盘
2276,13:00:39,8.37,--,100,83699,买盘
2277,13:00:36,8.37,--,187,156518,买盘
2278,13:00:33,8.37,--,381,318896,买盘
2279,13:00:30,8.37,--,12,10043,买盘
2280,13:00:27,8.37,--,251,210086,买盘
2281,13:00:24,8.37,--,1257,1052109,买盘
2282,13:00:21,8.37,--,70,58589,买盘
2283,13:00:15,8.37,--,5,4185,买盘
2284,13:00:12,8.37,--,101,84536,买盘
2285,13:00:09,8.37,--,1432,1198584,买盘
2286,13:00:06,8.37,0.01,701,586904,买盘
2287,13:00:03,8.36,--,12160,10165760,买盘
2288,13:00:00,8.36,--,32,26752,买盘
2289,11:30:00,8.36,0.01,32,26752,买盘
2290,11:29:57,8.35,-0.01,7,5845,卖盘
2291,11:29:54,8.36,0.01,30,25080,买盘
2292,11:29:51,8.35,--,11,9185,卖盘
2293,11:29:48,8.35,--,49,40915,卖盘
2294,11:29:45,8.35,-0.01,88,73480,卖盘
2295,11:29:42,8.36,--,60,50160,买盘
2296,11:29:39,8.36,--,148,123727,买盘
2297,11:29:36,8.36,--,439,367004,买盘
2298,11:29:33,8.36,0.01,72,60191,买盘
2299,11:29:30,8.35,-0.01,1191,994485,卖盘
2300,11:29:27,8.36,0.01,33,27587,买盘
2301,11:29:24,8.35,-0.01,11,9185,卖盘
2302,11:29:21,8.36,--,229,191444,买盘
2303,11:29:18,8.36,--,111,92796,买盘
2304,11:29:15,8.36,0.01,130,108679,买盘
2305,11:29:12,8.35,--,58,48430,卖盘
2306,11:29:09,8.35,-0.01,186,155310,卖盘
2307,11:29:06,8.36,0.01,167,139612,买盘
2308,11:29:03,8.35,--,10,8350,卖盘
2309,11:29:00,8.35,--,65,54275,卖盘
2310,11:28:57,8.35,--,17,14195,卖盘
2311,11:28:54,8.35,--,1111,927685,卖盘
2312,11:28:51,8.35,--,221,184535,买盘
2313,11:28:48,8.35,--,36,30060,卖盘
2314,11:28:45,8.35,0.01,146,121910,买盘
2315,11:28:42,8.34,-0.01,99,82566,卖盘
2316,11:28:39,8.35,--,653,545255,买盘
2317,11:28:36,8.35,--,374,312290,买盘
2318,11:28:33,8.35,--,255,212925,买盘
2319,11:28:30,8.35,--,132,110220,买盘
2320,11:28:27,8.35,--,300,250500,买盘
2321,11:28:24,8.35,--,77,64295,买盘
2322,11:28:21,8.35,--,916,764860,买盘
2323,11:28:18,8.35,-0.01,1270,1060450,卖盘
2324,11:28:15,8.36,--,7,5852,买盘
2325,11:28:09,8.36,0.01,192,160512,买盘
2326,11:28:06,8.35,0.01,473,394955,买盘
2327,11:28:03,8.34,-0.01,466,388644,卖盘
2328,11:28:00,8.35,--,670,559450,买盘
2329,11:27:57,8.35,-0.01,93,77655,卖盘
2330,11:27:54,8.36,--,205,171380,买盘
2331,11:27:51,8.36,--,1231,1029115,买盘
2332,11:27:48,8.36,--,1184,989823,买盘
2333,11:27:45,8.36,0.01,168,140448,买盘
2334,11:27:42,8.35,--,209,174515,卖盘
2335,11:27:39,8.35,-0.01,400,334000,卖盘
2336,11:27:36,8.36,0.01,184,153824,买盘
2337,11:27:33,8.35,--,67,55945,卖盘
2338,11:27:30,8.35,--,68,56780,卖盘
2339,11:27:27,8.35,-0.01,199,166165,卖盘
2340,11:27:24,8.36,0.01,72,60191,买盘
2341,11:27:21,8.35,--,352,293920,卖盘
2342,11:27:18,8.35,-0.01,58,48430,卖盘
2343,11:27:15,8.36,--,126,105336,买盘
2344,11:27:12,8.36,0.01,671,560956,买盘
2345,11:27:09,8.35,0.01,404,337340,买盘
2346,11:27:06,8.34,-0.01,2,1668,卖盘
2347,11:27:03,8.35,0.01,1780,1486300,买盘
2348,11:27:00,8.34,--,547,456198,卖盘
2349,11:26:57,8.34,-0.01,24,20016,卖盘
2350,11:26:54,8.35,--,63,52605,买盘
2351,11:26:51,8.35,0.01,96,80160,买盘
2352,11:26:48,8.34,-0.01,419,349446,卖盘
2353,11:26:45,8.35,--,41,34235,买盘
2354,11:26:42,8.35,--,428,357380,买盘
2355,11:26:39,8.35,-0.01,414,345690,中性盘
2356,11:26:36,8.36,0.01,51,42636,买盘
2357,11:26:33,8.35,--,163,136105,卖盘
2358,11:26:30,8.35,--,208,173680,卖盘
2359,11:26:27,8.35,--,98,81830,卖盘
2360,11:26:24,8.35,--,136,113560,卖盘
2361,11:26:21,8.35,--,850,709750,买盘
2362,11:26:18,8.35,0.01,48,40080,买盘
2363,11:26:15,8.34,-0.01,294,245196,卖盘
2364,11:26:12,8.35,--,290,242150,买盘
2365,11:26:09,8.35,--,211,176185,买盘
2366,11:26:06,8.35,--,276,230460,买盘
2367,11:26:03,8.35,--,61,50935,买盘
2368,11:26:00,8.35,--,116,96860,买盘
2369,11:25:57,8.35,--,201,167835,买盘
2370,11:25:54,8.35,--,303,253005,买盘
2371,11:25:51,8.35,--,98,81830,买盘
2372,11:25:48,8.35,--,49,40915,买盘
2373,11:25:45,8.35,-0.01,615,513525,卖盘
2374,11:25:42,8.36,0.01,144,120383,买盘
2375,11:25:39,8.35,--,82,68470,买盘
2376,11:25:36,8.35,--,230,192100,卖盘
2377,11:25:33,8.35,--,275,229625,卖盘
2378,11:25:27,8.35,--,67,55945,卖盘
2379,11:25:24,8.35,--,3015,2518309,买盘
2380,11:25:21,8.35,--,12,10020,买盘
2381,11:25:18,8.35,--,31,25885,买盘
2382,11:25:15,8.35,--,79,65965,买盘
2383,11:25:12,8.35,--,339,283065,买盘
2384,11:25:09,8.35,--,97,80995,买盘
2385,11:25:06,8.35,0.01,503,420005,买盘
2386,11:25:03,8.34,-0.01,267,222678,卖盘
2387,11:25:00,8.35,0.01,227,189545,买盘
2388,11:24:57,8.34,--,133,110922,卖盘
2389,11:24:54,8.34,--,219,182646,卖盘
2390,11:24:51,8.34,--,37,30858,卖盘
2391,11:24:48,8.34,--,556,463704,卖盘
2392,11:24:45,8.34,-0.01,115,95910,卖盘
2393,11:24:42,8.35,--,394,328990,买盘
2394,11:24:39,8.35,--,97,80995,买盘
2395,11:24:36,8.35,0.01,147,122745,买盘
2396,11:24:33,8.34,-0.01,756,630504,卖盘
2397,11:24:30,8.35,0.01,93,77655,买盘
2398,11:24:27,8.34,-0.01,140,116760,卖盘
2399,11:24:24,8.35,0.01,156,130260,买盘
2400,11:24:21,8.34,-0.01,14,11676,卖盘
2401,11:24:18,8.35,0.01,301,251335,买盘
2402,11:24:15,8.34,-0.01,391,326094,卖盘
2403,11:24:12,8.35,--,233,194555,买盘
2404,11:24:09,8.35,0.01,236,197060,买盘
2405,11:24:06,8.34,-0.01,888,740592,卖盘
2406,11:24:03,8.35,--,132,110220,卖盘
2407,11:24:00,8.35,--,130,108550,卖盘
2408,11:23:57,8.35,--,814,679690,买盘
2409,11:23:54,8.35,--,21,17535,买盘
2410,11:23:51,8.35,--,1104,921840,买盘
2411,11:23:48,8.35,--,136,113560,买盘
2412,11:23:45,8.35,--,641,535235,买盘
2413,11:23:42,8.35,--,52,43420,买盘
2414,11:23:39,8.35,--,13,10855,买盘
2415,11:23:36,8.35,--,27,22545,买盘
2416,11:23:33,8.35,0.01,12,10020,买盘
2417,11:23:30,8.34,-0.01,221,184314,卖盘
2418,11:23:27,8.35,--,148,123580,买盘
2419,11:23:24,8.35,--,153,127755,买盘
2420,11:23:21,8.35,--,156,130260,买盘
2421,11:23:18,8.35,--,234,195390,买盘
2422,11:23:15,8.35,--,377,314795,买盘
2423,11:23:12,8.35,--,72,60120,买盘
2424,11:23:09,8.35,0.01,115,96025,买盘
2425,11:23:06,8.34,-0.01,221,184314,卖盘
2426,11:23:03,8.35,-0.01,979,817465,卖盘
2427,11:23:00,8.36,0.01,49,40964,买盘
2428,11:22:57,8.35,-0.01,1131,944385,卖盘
2429,11:22:54,8.36,0.01,41,34276,买盘
2430,11:22:51,8.35,-0.01,1076,898460,卖盘
2431,11:22:48,8.36,0.01,515,430539,买盘
2432,11:22:45,8.35,--,174,145290,卖盘
2433,11:22:42,8.35,--,207,172845,卖盘
2434,11:22:39,8.35,--,95,79325,卖盘
2435,11:22:36,8.35,--,55,45925,卖盘
2436,11:22:33,8.35,--,335,279725,卖盘
2437,11:22:30,8.35,--,722,602870,买盘
2438,11:22:27,8.35,-0.01,609,508515,买盘
2439,11:22:24,8.36,0.01,90,75240,买盘
2440,11:22:21,8.35,--,243,202905,卖盘
2441,11:22:18,8.35,0.01,870,726450,买盘
2442,11:22:15,8.34,-0.01,377,314418,卖盘
2443,11:22:12,8.35,0.01,219,182865,买盘
2444,11:22:09,8.34,--,291,242694,卖盘
2445,11:22:06,8.34,--,112,93408,卖盘
2446,11:22:03,8.34,--,135,112590,卖盘
2447,11:22:00,8.34,-0.01,27,22518,卖盘
2448,11:21:57,8.35,0.01,615,513525,买盘
2449,11:21:54,8.34,--,61,50874,卖盘
2450,11:21:51,8.34,-0.01,268,223512,卖盘
2451,11:21:48,8.35,--,306,255510,买盘
2452,11:21:45,8.35,0.01,440,367400,买盘
2453,11:21:42,8.34,-0.01,838,698892,卖盘
2454,11:21:39,8.35,--,494,412490,买盘
2455,11:21:36,8.35,--,172,143620,买盘
2456,11:21:33,8.35,--,676,564460,买盘
2457,11:21:30,8.35,--,374,312290,买盘
2458,11:21:27,8.35,--,146,121910,买盘
2459,11:21:24,8.35,-0.01,626,522710,卖盘
2460,11:21:21,8.36,0.01,257,214851,买盘
2461,11:21:18,8.35,-0.01,1874,1564790,卖盘
2462,11:21:15,8.36,--,63,52668,买盘
2463,11:21:12,8.36,--,1152,963071,买盘
2464,11:21:09,8.36,--,304,254143,买盘
2465,11:21:06,8.36,--,164,137104,买盘
2466,11:21:03,8.36,--,1023,855228,买盘
2467,11:21:00,8.36,--,374,312664,买盘
2468,11:20:57,8.36,--,1185,990659,买盘
2469,11:20:54,8.36,--,1369,1144484,买盘
2470,11:20:51,8.36,--,284,237423,买盘
2471,11:20:48,8.36,--,278,232407,买盘
2472,11:20:45,8.36,--,125,104500,买盘
2473,11:20:42,8.36,-0.01,207,173052,卖盘
2474,11:20:39,8.37,0.01,80,66960,买盘
2475,11:20:36,8.36,0.01,242,202312,买盘
2476,11:20:33,8.35,-0.01,112,93520,卖盘
2477,11:20:30,8.36,0.01,44,36784,买盘
2478,11:20:27,8.35,--,358,298930,买盘
2479,11:20:24,8.35,--,529,441715,买盘
2480,11:20:21,8.35,--,1157,966095,买盘
2481,11:20:18,8.35,--,90,75150,买盘
2482,11:20:15,8.35,-0.03,3564,2975940,卖盘
2483,11:20:12,8.38,0.02,2715,2275170,买盘
2484,11:20:09,8.36,--,1201,1004035,买盘
2485,11:20:06,8.36,--,664,555104,买盘
2486,11:20:03,8.36,--,1217,1017411,卖盘
2487,11:20:00,8.36,-0.01,1448,1210528,卖盘
2488,11:19:57,8.37,--,1252,1048325,买盘
2489,11:19:54,8.37,--,1151,963386,买盘
2490,11:19:51,8.37,-0.01,2487,2081618,卖盘
2491,11:19:48,8.38,0.01,468,392184,买盘
2492,11:19:45,8.37,--,1704,1426247,卖盘
2493,11:19:42,8.37,--,494,413477,卖盘
2494,11:19:39,8.37,--,1947,1629638,买盘
2495,11:19:36,8.37,--,1303,1090611,买盘
2496,11:19:33,8.37,--,1445,1209465,买盘
2497,11:19:30,8.37,0.01,698,584226,买盘
2498,11:19:27,8.36,-0.01,363,303468,卖盘
2499,11:19:24,8.37,0.01,1535,1284794,买盘
2500,11:19:21,8.36,--,254,212778,买盘
2501,11:19:18,8.36,--,1995,1667820,买盘
2502,11:19:15,8.36,--,1295,1082620,买盘
2503,11:19:12,8.36,--,2426,2028135,买盘
2504,11:19:09,8.36,0.01,1052,879471,买盘
2505,11:19:06,8.35,--,558,465930,卖盘
2506,11:19:03,8.35,0.01,3763,3142773,买盘
2507,11:19:00,8.34,--,14661,12227274,买盘
2508,11:18:57,8.34,--,3355,2798070,买盘
2509,11:18:54,8.34,--,556,463704,买盘
2510,11:18:51,8.34,--,1091,909894,买盘
2511,11:18:48,8.34,--,117,97578,买盘
2512,11:18:45,8.34,--,190,158460,买盘
2513,11:18:42,8.34,--,90,75060,买盘
2514,11:18:39,8.34,0.01,1636,1364424,买盘
2515,11:18:36,8.33,--,897,747201,买盘
2516,11:18:33,8.33,--,1396,1162868,买盘
2517,11:18:30,8.33,--,14,11662,买盘
2518,11:18:27,8.33,--,1071,892143,买盘
2519,11:18:24,8.33,--,298,248234,买盘
2520,11:18:21,8.33,0.01,111,92463,买盘
2521,11:18:18,8.32,-0.01,3338,2777216,卖盘
2522,11:18:15,8.33,0.01,48,39984,买盘
2523,11:18:12,8.32,--,213,177216,卖盘
2524,11:18:09,8.32,--,112,93184,卖盘
2525,11:18:06,8.32,--,2273,1891136,买盘
2526,11:18:03,8.32,--,98,81536,买盘
2527,11:18:00,8.32,0.01,101,84032,买盘
2528,11:17:57,8.31,-0.02,873,725463,卖盘
2529,11:17:54,8.33,--,145,120785,买盘
2530,11:17:51,8.33,0.01,63,52479,买盘
2531,11:17:48,8.32,--,30,24960,卖盘
2532,11:17:45,8.32,--,42,34944,卖盘
2533,11:17:42,8.32,--,180,149760,卖盘
2534,11:17:39,8.32,--,95,79040,卖盘
2535,11:17:36,8.32,--,1086,903552,买盘
2536,11:17:33,8.32,--,267,222144,买盘
2537,11:17:30,8.32,--,2,1664,买盘
2538,11:17:27,8.32,0.01,775,644800,买盘
2539,11:17:24,8.31,--,1,831,卖盘
2540,11:17:21,8.31,--,207,172017,卖盘
2541,11:17:18,8.31,--,13,10803,卖盘
2542,11:17:15,8.31,--,266,221710,买盘
2543,11:17:12,8.31,--,217,180327,买盘
2544,11:17:09,8.31,--,185,153735,买盘
2545,11:17:06,8.31,0.01,159,132129,买盘
2546,11:17:03,8.3,--,81,67230,卖盘
2547,11:17:00,8.3,-0.01,273,226590,卖盘
2548,11:16:57,8.31,--,2906,2415052,卖盘
2549,11:16:54,8.31,-0.01,517,429627,卖盘
2550,11:16:51,8.32,--,515,428480,买盘
2551,11:16:48,8.32,--,355,295360,买盘
2552,11:16:45,8.32,--,178,148096,买盘
2553,11:16:42,8.32,--,78,64896,买盘
2554,11:16:39,8.32,--,457,380224,买盘
2555,11:16:36,8.32,--,80,66560,买盘
2556,11:16:33,8.32,0.01,601,500032,买盘
2557,11:16:30,8.31,-0.01,610,506910,卖盘
2558,11:16:27,8.32,--,228,189696,买盘
2559,11:16:24,8.32,--,10,8320,买盘
2560,11:16:21,8.32,--,145,120640,买盘
2561,11:16:18,8.32,--,223,185536,卖盘
2562,11:16:15,8.32,--,216,179712,卖盘
2563,11:16:12,8.32,--,307,255424,卖盘
2564,11:16:09,8.32,0.01,562,468249,买盘
2565,11:16:06,8.31,-0.01,771,640701,卖盘
2566,11:16:03,8.32,0.01,375,312000,买盘
2567,11:16:00,8.31,-0.01,1780,1479180,卖盘
2568,11:15:57,8.32,--,140,116480,买盘
2569,11:15:54,8.32,--,156,129792,买盘
2570,11:15:51,8.32,0.01,170,141440,买盘
2571,11:15:48,8.31,-0.01,477,396387,卖盘
2572,11:15:45,8.32,--,201,167232,买盘
2573,11:15:42,8.32,0.01,775,644800,买盘
2574,11:15:39,8.31,-0.01,50,41550,卖盘
2575,11:15:36,8.32,--,63,52416,买盘
2576,11:15:33,8.32,0.01,293,243776,买盘
2577,11:15:30,8.31,-0.01,86,71466,卖盘
2578,11:15:27,8.32,0.01,431,358592,买盘
2579,11:15:24,8.31,--,391,324921,买盘
2580,11:15:21,8.31,0.01,281,233511,买盘
2581,11:15:18,8.3,--,1179,978570,卖盘
2582,11:15:15,8.3,-0.01,57,47310,卖盘
2583,11:15:12,8.31,--,215,178665,买盘
2584,11:15:09,8.31,0.01,46,38226,买盘
2585,11:15:06,8.3,-0.01,211,175130,卖盘
2586,11:15:03,8.31,0.01,518,430458,买盘
2587,11:15:00,8.3,--,529,439070,卖盘
2588,11:14:57,8.3,--,1119,929102,买盘
2589,11:14:54,8.3,--,562,466460,买盘
2590,11:14:51,8.3,--,2000,1660000,买盘
2591,11:14:48,8.3,0.01,1075,892250,买盘
2592,11:14:45,8.29,-0.01,2616,2168664,卖盘
2593,11:14:42,8.3,--,1573,1305590,买盘
2594,11:14:39,8.3,--,875,726250,买盘
2595,11:14:36,8.3,0.01,575,477250,买盘
2596,11:14:33,8.29,-0.01,835,692214,卖盘
2597,11:14:30,8.3,--,944,783520,买盘
2598,11:14:27,8.3,--,1501,1245830,买盘
2599,11:14:24,8.3,0.01,1087,902210,买盘
2600,11:14:21,8.29,-0.01,1332,1104228,卖盘
2601,11:14:18,8.3,0.01,226,187580,买盘
2602,11:14:15,8.29,-0.01,2091,1733438,卖盘
2603,11:14:12,8.3,0.01,19,15770,买盘
2604,11:14:09,8.29,-0.01,459,380510,卖盘
2605,11:14:06,8.3,--,212,175960,买盘
2606,11:14:03,8.3,0.01,200,166000,买盘
2607,11:14:00,8.29,--,615,509834,卖盘
2608,11:13:57,8.29,-0.01,239,198130,卖盘
2609,11:13:54,8.3,0.01,1303,1081490,买盘
2610,11:13:51,8.29,-0.01,636,527244,卖盘
2611,11:13:48,8.3,--,139,115370,买盘
2612,11:13:45,8.3,--,10,8300,买盘
2613,11:13:42,8.3,--,431,357730,买盘
2614,11:13:39,8.3,--,13,10790,买盘
2615,11:13:36,8.3,0.01,105,87150,买盘
2616,11:13:33,8.29,--,466,386313,卖盘
2617,11:13:30,8.29,--,106,87873,卖盘
2618,11:13:27,8.29,-0.01,520,431079,卖盘
2619,11:13:24,8.3,--,77,63910,买盘
2620,11:13:21,8.3,0.01,213,176790,买盘
2621,11:13:18,8.29,--,102,84557,卖盘
2622,11:13:15,8.29,--,725,601754,买盘
2623,11:13:12,8.29,--,188,155851,买盘
2624,11:13:09,8.29,--,667,552943,买盘
2625,11:13:06,8.29,--,340,281860,买盘
2626,11:13:03,8.29,--,24,19895,买盘
2627,11:13:00,8.29,--,213,176576,买盘
2628,11:12:57,8.29,0.01,930,770969,买盘
2629,11:12:54,8.28,-0.01,376,311328,卖盘
2630,11:12:51,8.29,--,173,143416,买盘
2631,11:12:48,8.29,--,41,33989,买盘
2632,11:12:45,8.29,--,285,236264,买盘
2633,11:12:42,8.29,--,515,426934,买盘
2634,11:12:39,8.29,--,60,49739,买盘
2635,11:12:36,8.29,--,134,111085,买盘
2636,11:12:33,8.29,0.01,74,61345,买盘
2637,11:12:30,8.28,-0.01,160,132480,卖盘
2638,11:12:27,8.29,--,132,109427,买盘
2639,11:12:24,8.29,--,1575,1305674,买盘
2640,11:12:21,8.29,0.01,89,73780,买盘
2641,11:12:18,8.28,--,93,77004,卖盘
2642,11:12:15,8.28,--,337,279036,卖盘
2643,11:12:12,8.28,-0.01,19,15731,卖盘
2644,11:12:09,8.29,--,180,149219,买盘
2645,11:12:06,8.29,--,70,58029,买盘
2646,11:12:03,8.29,--,620,513979,买盘
2647,11:12:00,8.29,--,180,149219,买盘
2648,11:11:57,8.29,--,205,169944,买盘
2649,11:11:54,8.29,--,60,49739,买盘
2650,11:11:51,8.29,--,375,310874,买盘
2651,11:11:48,8.29,--,61,50568,买盘
2652,11:11:45,8.29,--,424,351495,买盘
2653,11:11:42,8.29,--,102,84557,买盘
2654,11:11:39,8.29,--,143,118546,买盘
2655,11:11:36,8.29,0.01,533,441856,买盘
2656,11:11:33,8.28,--,184,152352,卖盘
2657,11:11:30,8.28,-0.01,319,264132,卖盘
2658,11:11:27,8.29,--,7,5802,买盘
2659,11:11:24,8.29,--,565,468384,买盘
2660,11:11:21,8.29,--,112,92847,买盘
2661,11:11:18,8.29,--,290,240409,买盘
2662,11:11:15,8.29,--,8,6631,买盘
2663,11:11:12,8.29,--,1902,1576757,买盘
2664,11:11:09,8.29,--,6,4973,买盘
2665,11:11:06,8.29,--,10,8290,买盘
2666,11:11:03,8.29,--,124,102795,买盘
2667,11:10:54,8.29,0.01,64,53055,买盘
2668,11:10:51,8.28,--,74,61271,卖盘
2669,11:10:48,8.28,--,17,14075,卖盘
2670,11:10:45,8.28,--,30,24839,卖盘
2671,11:10:42,8.28,--,386,319608,卖盘
2672,11:10:39,8.28,-0.01,7,5796,卖盘
2673,11:10:36,8.29,0.01,20,16580,买盘
2674,11:10:33,8.28,--,349,288972,买盘
2675,11:10:30,8.28,--,247,204515,卖盘
2676,11:10:27,8.28,-0.01,297,245915,卖盘
2677,11:10:24,8.29,0.01,34,28185,买盘
2678,11:10:21,8.28,--,8,6623,卖盘
2679,11:10:18,8.28,-0.01,200,165600,卖盘
2680,11:10:15,8.29,--,59,48910,买盘
2681,11:10:12,8.29,0.01,6,4973,买盘
2682,11:10:09,8.28,--,80,66240,买盘
2683,11:10:06,8.28,-0.01,25,20700,买盘
2684,11:10:03,8.29,0.01,222,184037,买盘
2685,11:10:00,8.28,--,11,9108,买盘
2686,11:09:54,8.28,--,57,47195,卖盘
2687,11:09:51,8.28,--,71,58787,卖盘
2688,11:09:48,8.28,--,201,166428,卖盘
2689,11:09:45,8.28,--,58,48023,卖盘
2690,11:09:42,8.28,--,12,9936,卖盘
2691,11:09:39,8.28,--,20,16560,买盘
2692,11:09:36,8.28,-0.01,55,45540,中性盘
2693,11:09:33,8.29,0.01,245,203104,买盘
2694,11:09:30,8.28,--,70,57959,卖盘
2695,11:09:27,8.28,-0.01,32,26495,卖盘
2696,11:09:24,8.29,--,11,9118,买盘
2697,11:09:21,8.29,--,275,227974,买盘
2698,11:09:18,8.29,--,10,8290,买盘
2699,11:09:15,8.29,0.01,149,123520,买盘
2700,11:09:12,8.28,--,32,26495,卖盘
2701,11:09:09,8.28,--,13,10764,卖盘
2702,11:09:06,8.28,--,124,102671,买盘
2703,11:09:03,8.28,--,27,22356,买盘
2704,11:09:00,8.28,--,248,205343,卖盘
2705,11:08:57,8.28,--,124,102671,卖盘
2706,11:08:54,8.28,--,4,3311,卖盘
2707,11:08:51,8.28,--,27,22356,卖盘
2708,11:08:48,8.28,--,63,52163,卖盘
2709,11:08:45,8.28,--,13,10764,卖盘
2710,11:08:42,8.28,--,420,347760,卖盘
2711,11:08:39,8.28,-0.01,171,141588,卖盘
2712,11:08:36,8.29,0.01,1018,843921,买盘
2713,11:08:33,8.28,--,19,15731,买盘
2714,11:08:30,8.28,0.01,139,115091,买盘
2715,11:08:27,8.27,-0.02,6,4962,卖盘
2716,11:08:24,8.29,0.02,82,67978,买盘
2717,11:08:21,8.27,-0.02,182,150514,卖盘
2718,11:08:18,8.29,0.02,219,181550,买盘
2719,11:08:15,8.27,--,657,543339,卖盘
2720,11:08:12,8.27,--,93,76911,卖盘
2721,11:08:09,8.27,-0.01,11,9097,卖盘
2722,11:08:06,8.28,--,201,166428,买盘
2723,11:08:03,8.28,--,7,5796,买盘
2724,11:08:00,8.28,--,627,519155,买盘
2725,11:07:57,8.28,--,20,16560,买盘
2726,11:07:54,8.28,--,1,827,买盘
2727,11:07:51,8.28,--,26,21528,买盘
2728,11:07:48,8.28,--,78,64583,买盘
2729,11:07:45,8.28,--,90,74520,买盘
2730,11:07:42,8.28,--,23,19044,买盘
2731,11:07:39,8.28,--,989,818891,买盘
2732,11:07:36,8.28,--,77,63755,买盘
2733,11:07:33,8.28,--,68,56303,买盘
2734,11:07:30,8.28,--,44,36432,买盘
2735,11:07:27,8.28,--,46,38088,买盘
2736,11:07:24,8.28,--,151,125027,买盘
2737,11:07:21,8.28,0.01,255,211139,买盘
2738,11:07:18,8.27,-0.01,247,204269,卖盘
2739,11:07:15,8.28,--,69,57131,卖盘
2740,11:07:12,8.28,--,15,12419,卖盘
2741,11:07:09,8.28,0.01,61,50507,买盘
2742,11:07:06,8.27,-0.01,89,73603,卖盘
2743,11:07:03,8.28,-0.01,89,73692,卖盘
2744,11:07:00,8.29,0.02,7,5802,买盘
2745,11:06:57,8.27,-0.01,289,239003,卖盘
2746,11:06:54,8.28,--,59,48851,买盘
2747,11:06:51,8.28,--,31,25667,买盘
2748,11:06:48,8.28,-0.01,723,598644,卖盘
2749,11:06:45,8.29,--,69,57200,买盘
2750,11:06:42,8.29,--,35,29014,买盘
2751,11:06:39,8.29,0.01,157,130152,买盘
2752,11:06:36,8.28,--,10,8280,卖盘
2753,11:06:33,8.28,-0.01,158,130823,卖盘
2754,11:06:30,8.29,0.01,13,10776,买盘
2755,11:06:27,8.28,--,11,9108,卖盘
2756,11:06:24,8.28,--,952,788255,买盘
2757,11:06:21,8.28,--,29,24011,买盘
2758,11:06:18,8.28,--,13,10764,买盘
2759,11:06:15,8.28,--,12,9936,买盘
2760,11:06:12,8.28,--,144,119231,买盘
2761,11:06:09,8.28,--,10,8280,买盘
2762,11:06:06,8.28,--,1143,946403,卖盘
2763,11:06:03,8.28,-0.01,111,91908,卖盘
2764,11:06:00,8.29,0.01,324,268596,买盘
2765,11:05:57,8.28,--,70,57959,卖盘
2766,11:05:54,8.28,-0.01,52,43056,卖盘
2767,11:05:51,8.29,0.01,209,173260,买盘
2768,11:05:48,8.28,-0.01,79,65411,卖盘
2769,11:05:45,8.29,0.01,167,138443,买盘
2770,11:05:42,8.28,--,220,182160,卖盘
2771,11:05:39,8.28,-0.01,3,2484,卖盘
2772,11:05:36,8.29,0.01,72,59687,买盘
2773,11:05:33,8.28,-0.01,205,169740,卖盘
2774,11:05:30,8.29,--,34,28185,买盘
2775,11:05:27,8.29,--,16,13263,买盘
2776,11:05:24,8.29,--,6,4973,买盘
2777,11:05:21,8.29,--,26,21553,买盘
2778,11:05:18,8.29,--,1118,926821,买盘
2779,11:05:12,8.29,--,132,109427,买盘
2780,11:05:09,8.29,--,227,188182,买盘
2781,11:05:06,8.29,0.01,30,24869,买盘
2782,11:05:03,8.28,--,94,77832,卖盘
2783,11:05:00,8.28,-0.01,149,123371,卖盘
2784,11:04:51,8.29,--,1,828,买盘
2785,11:04:48,8.29,0.01,14,11605,买盘
2786,11:04:45,8.28,-0.01,273,226043,卖盘
2787,11:04:42,8.29,0.01,50,41449,买盘
2788,11:04:39,8.28,--,116,96047,卖盘
2789,11:04:36,8.28,-0.01,2,1655,卖盘
2790,11:04:33,8.29,--,39,32330,买盘
2791,11:04:30,8.29,0.01,40,33160,买盘
2792,11:04:27,8.28,--,116,96047,卖盘
2793,11:04:24,8.28,--,300,248399,买盘
2794,11:04:21,8.28,--,54,44712,买盘
2795,11:04:18,8.28,--,667,552276,卖盘
2796,11:04:15,8.28,-0.01,409,338652,卖盘
2797,11:04:12,8.29,--,26,21553,买盘
2798,11:04:09,8.29,0.01,144,119375,买盘
2799,11:04:06,8.28,-0.01,67,55475,卖盘
2800,11:04:03,8.29,0.01,29,24040,买盘
2801,11:04:00,8.28,--,86,71208,卖盘
2802,11:03:57,8.28,-0.01,90,74520,卖盘
2803,11:03:54,8.29,--,56,46423,买盘
2804,11:03:51,8.29,--,1044,865475,买盘
2805,11:03:48,8.29,--,10,8290,买盘
2806,11:03:45,8.29,--,388,321651,买盘
2807,11:03:42,8.29,--,94,77925,买盘
2808,11:03:39,8.29,--,5,4145,买盘
2809,11:03:36,8.29,0.01,105,87044,买盘
2810,11:03:33,8.28,--,82,67896,卖盘
2811,11:03:30,8.28,-0.01,8,6623,卖盘
2812,11:03:27,8.29,--,51,42278,买盘
2813,11:03:24,8.29,0.01,286,237093,买盘
2814,11:03:21,8.28,-0.01,10,8280,卖盘
