,time,price,change,volume,amount,type
0,15:00:03,11.05,0.01,1721,1901705,买盘
1,14:57:00,11.04,--,0,0,买盘
2,14:56:57,11.04,--,10,11040,买盘
3,14:56:51,11.04,--,42,46368,买盘
4,14:56:45,11.04,--,6,6623,买盘
5,14:56:36,11.04,0.01,10,11040,买盘
6,14:56:33,11.03,-0.01,17,18751,卖盘
7,14:56:30,11.04,--,99,109295,卖盘
8,14:56:27,11.04,--,53,58511,卖盘
9,14:56:24,11.04,--,2,2208,卖盘
10,14:56:21,11.04,--,25,27599,卖盘
11,14:56:18,11.04,--,75,82800,卖盘
12,14:56:09,11.04,--,3,3311,卖盘
13,14:56:06,11.04,-0.01,27,29807,卖盘
14,14:56:03,11.05,--,29,32045,买盘
15,14:56:00,11.05,0.01,21,23205,买盘
16,14:55:57,11.04,--,7,7727,卖盘
17,14:55:54,11.04,--,3,3311,卖盘
18,14:55:51,11.04,0.01,35,38640,买盘
19,14:55:48,11.03,-0.01,13,14339,卖盘
20,14:55:39,11.04,0.01,10,11040,买盘
21,14:55:36,11.03,-0.01,313,345239,卖盘
22,14:55:33,11.04,--,97,107087,卖盘
23,14:55:30,11.04,0.01,22,24287,中性盘
24,14:55:24,11.03,-0.02,6,6618,卖盘
25,14:55:21,11.05,0.01,22,24310,买盘
26,14:55:18,11.04,-0.01,21,23184,卖盘
27,14:55:15,11.05,0.02,40,44200,买盘
28,14:55:12,11.03,-0.02,202,222806,卖盘
29,14:55:09,11.05,0.01,30,33150,买盘
30,14:55:06,11.04,--,14,15455,卖盘
31,14:55:03,11.04,--,22,24287,卖盘
32,14:55:00,11.04,-0.01,84,92736,卖盘
33,14:54:54,11.05,0.01,10,11050,买盘
34,14:54:51,11.04,-0.01,13,14351,卖盘
35,14:54:48,11.05,0.01,18,19890,买盘
36,14:54:45,11.04,-0.01,6,6623,卖盘
37,14:54:42,11.05,--,2,2210,买盘
38,14:54:39,11.05,0.01,13,14365,买盘
39,14:54:36,11.04,-0.01,67,73968,卖盘
40,14:54:33,11.05,0.01,3,3315,买盘
41,14:54:30,11.04,-0.01,10,11040,卖盘
42,14:54:27,11.05,--,13,14365,买盘
43,14:54:24,11.05,0.01,98,108290,买盘
44,14:54:21,11.04,-0.01,10,11040,卖盘
45,14:54:18,11.05,0.01,40,44200,买盘
46,14:54:15,11.04,--,173,190991,卖盘
47,14:54:12,11.04,-0.01,6,6623,卖盘
48,14:54:09,11.05,0.01,29,32045,买盘
49,14:54:06,11.04,--,187,206447,卖盘
50,14:54:03,11.04,-0.01,50,55199,卖盘
51,14:54:00,11.05,--,30,33150,买盘
52,14:53:57,11.05,--,56,61880,买盘
53,14:53:54,11.05,0.01,21,23205,买盘
54,14:53:51,11.04,--,9,9936,卖盘
55,14:53:48,11.04,-0.01,43,47471,卖盘
56,14:53:45,11.05,--,9,9945,买盘
57,14:53:42,11.05,--,5,5525,买盘
58,14:53:36,11.05,--,49,54145,买盘
59,14:53:33,11.05,--,90,99450,买盘
60,14:53:27,11.05,--,18,19890,买盘
61,14:53:21,11.05,0.01,24,26520,买盘
62,14:53:18,11.04,--,33,36432,卖盘
63,14:53:15,11.04,-0.01,27,29807,卖盘
64,14:53:12,11.05,--,8,8840,买盘
65,14:53:09,11.05,0.01,4,4420,买盘
66,14:53:03,11.04,0.02,334,368736,买盘
67,14:52:57,11.02,-0.01,37,40774,卖盘
68,14:52:54,11.03,--,94,103682,买盘
69,14:52:51,11.03,--,6,6618,买盘
70,14:52:48,11.03,0.01,76,83828,买盘
71,14:52:45,11.02,-0.01,1,1102,卖盘
72,14:52:42,11.03,--,9,9927,买盘
73,14:52:39,11.03,--,100,110300,买盘
74,14:52:36,11.03,--,14,15442,买盘
75,14:52:33,11.03,-0.01,570,629228,卖盘
76,14:52:30,11.04,--,26,28703,买盘
77,14:52:27,11.04,--,152,167808,卖盘
78,14:52:24,11.04,--,24,26495,卖盘
79,14:52:21,11.04,-0.01,3,3311,卖盘
80,14:52:18,11.05,0.01,12,13260,买盘
81,14:52:15,11.04,0.01,81,90009,卖盘
82,14:52:12,11.03,--,80,88240,卖盘
83,14:52:09,11.03,-0.02,191,210673,卖盘
84,14:52:06,11.05,0.02,7,7735,买盘
85,14:52:03,11.03,-0.01,213,234939,卖盘
86,14:52:00,11.04,0.01,11,12143,买盘
87,14:51:57,11.03,-0.01,82,90446,卖盘
88,14:51:54,11.04,--,10,11040,买盘
89,14:51:45,11.04,--,16,17664,买盘
90,14:51:42,11.04,0.01,12,13247,买盘
91,14:51:39,11.03,-0.01,40,44120,卖盘
92,14:51:36,11.04,0.01,87,96047,买盘
93,14:51:33,11.03,--,24,26472,卖盘
94,14:51:30,11.03,-0.01,1,1103,卖盘
95,14:51:27,11.04,--,42,46368,买盘
96,14:51:24,11.04,--,45,50430,卖盘
97,14:51:21,11.04,-0.01,509,561936,卖盘
98,14:51:18,11.05,--,170,187850,买盘
99,14:51:15,11.05,0.01,206,227630,买盘
100,14:51:12,11.04,-0.01,31,34224,卖盘
101,14:51:09,11.05,--,97,107185,买盘
102,14:51:06,11.05,--,14,15470,买盘
103,14:51:03,11.05,0.01,58,64090,买盘
104,14:51:00,11.04,-0.01,21,23184,卖盘
105,14:50:54,11.05,--,12,13260,买盘
106,14:50:51,11.05,--,79,87703,买盘
107,14:50:48,11.05,--,49,54145,买盘
108,14:50:42,11.05,--,9,9945,买盘
109,14:50:39,11.05,0.01,6,6630,买盘
110,14:50:33,11.04,--,25,27599,卖盘
111,14:50:30,11.04,-0.01,12,13247,卖盘
112,14:50:24,11.05,0.01,193,213265,买盘
113,14:50:21,11.04,-0.01,138,152352,卖盘
114,14:50:18,11.05,--,9,9945,买盘
115,14:50:15,11.05,--,10,11050,买盘
116,14:50:12,11.05,--,10,11050,买盘
117,14:50:06,11.05,--,19,20995,买盘
118,14:50:03,11.05,0.01,19,20995,买盘
119,14:50:00,11.04,-0.01,6,6623,卖盘
120,14:49:57,11.05,0.01,7,7735,买盘
121,14:49:54,11.04,--,37,40848,卖盘
122,14:49:51,11.04,-0.01,14,15455,卖盘
123,14:49:48,11.05,--,202,223210,买盘
124,14:49:45,11.05,0.01,7,7735,买盘
125,14:49:39,11.04,-0.01,7,7727,卖盘
126,14:49:36,11.05,--,8,8840,买盘
127,14:49:33,11.05,0.01,9,9945,买盘
128,14:49:30,11.04,--,1,1104,卖盘
129,14:49:27,11.04,-0.02,14,15455,卖盘
130,14:49:24,11.06,0.02,9,9954,买盘
131,14:49:21,11.04,--,109,120446,卖盘
132,14:49:18,11.04,--,16,17664,卖盘
133,14:49:15,11.04,--,143,157872,卖盘
134,14:49:12,11.04,--,7,7727,卖盘
135,14:49:09,11.04,-0.02,164,181056,卖盘
136,14:49:03,11.06,--,3,3318,买盘
137,14:49:00,11.06,--,7,7742,买盘
138,14:48:57,11.06,--,32,35392,买盘
139,14:48:54,11.06,--,13,14378,买盘
140,14:48:51,11.06,0.02,7,7742,买盘
141,14:48:48,11.04,-0.01,1,1104,卖盘
142,14:48:45,11.05,-0.01,8,8840,卖盘
143,14:48:42,11.06,0.01,16,17696,买盘
144,14:48:39,11.05,--,133,146965,卖盘
145,14:48:33,11.05,--,26,28730,卖盘
146,14:48:30,11.05,-0.01,115,127075,卖盘
147,14:48:27,11.06,0.01,11,12166,中性盘
148,14:48:18,11.05,-0.02,26,28730,卖盘
149,14:48:12,11.07,0.02,1,1107,买盘
150,14:48:09,11.05,-0.02,3,3315,卖盘
151,14:48:06,11.07,0.02,8,8856,买盘
152,14:48:03,11.05,--,6,6630,卖盘
153,14:48:00,11.05,-0.02,7,7735,卖盘
154,14:47:57,11.07,0.02,1,1107,买盘
155,14:47:54,11.05,--,222,245310,卖盘
156,14:47:51,11.05,-0.01,131,144755,卖盘
157,14:47:48,11.06,--,198,218988,卖盘
158,14:47:45,11.06,--,225,248850,卖盘
159,14:47:42,11.06,--,257,284242,卖盘
160,14:47:39,11.06,--,108,119448,卖盘
161,14:47:36,11.06,-0.01,1,1106,卖盘
162,14:47:33,11.07,--,7,7749,买盘
163,14:47:30,11.07,0.01,10,11070,买盘
164,14:47:27,11.06,-0.01,6,6636,卖盘
165,14:47:24,11.07,--,1,1107,买盘
166,14:47:21,11.07,--,23,25461,买盘
167,14:47:15,11.07,--,17,18819,买盘
168,14:47:12,11.07,0.01,18,19926,买盘
169,14:47:09,11.06,-0.01,2,2212,卖盘
170,14:47:06,11.07,--,3,3321,买盘
171,14:47:00,11.07,--,13,14391,买盘
172,14:46:57,11.07,--,2,2214,买盘
173,14:46:54,11.07,--,2,2214,买盘
174,14:46:51,11.07,--,31,34317,买盘
175,14:46:48,11.07,0.01,7,7749,买盘
176,14:46:45,11.06,-0.01,25,27650,卖盘
177,14:46:42,11.07,--,16,17712,买盘
178,14:46:39,11.07,--,9,9963,买盘
179,14:46:27,11.07,--,99,109593,卖盘
180,14:46:24,11.07,-0.01,203,224721,卖盘
181,14:46:21,11.08,--,12,13296,买盘
182,14:46:18,11.08,--,9,9972,买盘
183,14:46:15,11.08,0.01,12,13296,买盘
184,14:46:09,11.07,--,7,7749,卖盘
185,14:46:06,11.07,-0.01,8,8856,卖盘
186,14:46:03,11.08,--,9,9972,买盘
187,14:46:00,11.08,--,28,31024,买盘
188,14:45:54,11.08,0.01,306,339048,买盘
189,14:45:51,11.07,--,8,8856,卖盘
190,14:45:48,11.07,-0.01,19,21033,卖盘
191,14:45:45,11.08,--,13,14404,买盘
192,14:45:42,11.08,--,8,8864,买盘
193,14:45:36,11.08,--,46,50968,买盘
194,14:45:30,11.08,--,13,14404,买盘
195,14:45:27,11.08,0.01,3,3324,买盘
196,14:45:24,11.07,--,6,6642,卖盘
197,14:45:21,11.07,-0.01,11,12177,卖盘
198,14:45:18,11.08,0.01,59,65372,买盘
199,14:45:15,11.07,-0.01,3,3321,卖盘
200,14:45:09,11.08,--,13,14404,买盘
201,14:45:06,11.08,0.01,3,3324,买盘
202,14:45:00,11.07,-0.01,35,38745,卖盘
203,14:44:57,11.08,--,47,52076,买盘
204,14:44:54,11.08,--,24,26592,买盘
205,14:44:51,11.08,--,3,3324,买盘
206,14:44:48,11.08,0.01,17,18836,买盘
207,14:44:42,11.07,--,13,14391,卖盘
208,14:44:39,11.07,--,20,22140,买盘
209,14:44:36,11.07,0.01,6,6642,买盘
210,14:44:30,11.06,-0.01,6,6636,卖盘
211,14:44:24,11.07,--,14,15498,买盘
212,14:44:21,11.07,--,3,3321,买盘
213,14:44:18,11.07,--,2,2214,买盘
214,14:44:15,11.07,0.01,27,29889,买盘
215,14:44:06,11.06,-0.01,104,115024,卖盘
216,14:44:03,11.07,-0.01,138,152766,卖盘
217,14:44:00,11.08,--,10,11080,买盘
218,14:43:57,11.08,--,60,66480,买盘
219,14:43:54,11.08,--,15,16620,买盘
220,14:43:51,11.08,--,11,12188,买盘
221,14:43:48,11.08,0.01,38,42104,买盘
222,14:43:45,11.07,-0.01,29,32103,卖盘
223,14:43:42,11.08,--,16,17728,买盘
224,14:43:30,11.08,--,66,73128,买盘
225,14:43:24,11.08,--,1,1108,买盘
226,14:43:21,11.08,--,12,13296,买盘
227,14:43:18,11.08,--,8,8864,买盘
228,14:43:15,11.08,0.02,7,7756,买盘
229,14:43:12,11.06,-0.01,8,8848,卖盘
230,14:43:09,11.07,--,7,7749,买盘
231,14:43:06,11.07,0.01,3,3321,中性盘
232,14:43:03,11.06,-0.01,12,13272,卖盘
233,14:43:00,11.07,-0.01,10,11070,买盘
234,14:42:57,11.08,0.01,19,21052,买盘
235,14:42:54,11.07,--,10,11070,买盘
236,14:42:51,11.07,--,14,15498,买盘
237,14:42:45,11.07,--,13,14391,买盘
238,14:42:42,11.07,--,9,9963,买盘
239,14:42:36,11.07,--,12,13284,买盘
240,14:42:30,11.07,0.01,30,33210,买盘
241,14:42:27,11.06,-0.01,30,33180,卖盘
242,14:42:24,11.07,--,7,7749,买盘
243,14:42:21,11.07,0.01,99,109593,买盘
244,14:42:18,11.06,-0.01,10,11060,卖盘
245,14:42:15,11.07,--,11,12177,买盘
246,14:42:12,11.07,0.01,16,17712,买盘
247,14:42:09,11.06,--,1,1106,卖盘
248,14:42:06,11.06,-0.01,2,2212,卖盘
249,14:42:03,11.07,--,67,74169,买盘
250,14:42:00,11.07,0.01,20,22140,买盘
251,14:41:57,11.06,-0.01,8,8848,卖盘
252,14:41:54,11.07,--,9,9963,买盘
253,14:41:51,11.07,--,16,17712,买盘
254,14:41:45,11.07,--,18,19926,买盘
255,14:41:39,11.07,0.01,17,18819,买盘
256,14:41:36,11.06,0.01,191,211246,买盘
257,14:41:30,11.05,-0.01,21,23205,卖盘
258,14:41:27,11.06,--,10,11060,买盘
259,14:41:24,11.06,0.01,52,57512,买盘
260,14:41:21,11.05,--,10,11050,卖盘
261,14:41:18,11.05,-0.01,19,20995,卖盘
262,14:41:15,11.06,--,9,9954,买盘
263,14:41:09,11.06,--,4,4424,买盘
264,14:41:06,11.06,--,10,11060,买盘
265,14:41:00,11.06,--,1,1106,买盘
266,14:40:57,11.06,--,6,6636,买盘
267,14:40:51,11.06,--,14,15484,买盘
268,14:40:48,11.06,--,3,3318,买盘
269,14:40:45,11.06,--,7,7742,买盘
270,14:40:42,11.06,--,72,79632,买盘
271,14:40:33,11.06,--,37,40922,买盘
272,14:40:30,11.06,--,142,157052,卖盘
273,14:40:27,11.06,-0.01,24,26544,卖盘
274,14:40:24,11.07,--,12,13284,买盘
275,14:40:21,11.07,--,9,9963,买盘
276,14:40:12,11.07,--,67,74169,买盘
277,14:40:06,11.07,--,65,71955,买盘
278,14:40:00,11.07,--,9,9963,买盘
279,14:39:54,11.07,--,1,1107,买盘
280,14:39:48,11.07,--,6,6642,买盘
281,14:39:42,11.07,--,3,3321,买盘
282,14:39:39,11.07,0.01,22,24354,买盘
283,14:39:36,11.06,--,19,21014,卖盘
284,14:39:33,11.06,--,10,11060,卖盘
285,14:39:30,11.06,-0.01,17,18802,卖盘
286,14:39:27,11.07,--,10,11070,买盘
287,14:39:24,11.07,--,3,3321,买盘
288,14:39:21,11.07,--,17,18819,买盘
289,14:39:18,11.07,--,3,3321,买盘
290,14:39:15,11.07,--,10,11070,买盘
291,14:39:09,11.07,--,15,16605,买盘
292,14:39:06,11.07,0.01,8,8856,买盘
293,14:39:03,11.06,-0.01,1,1106,卖盘
294,14:39:00,11.07,--,9,9963,买盘
295,14:38:54,11.07,0.01,12,13284,买盘
296,14:38:51,11.06,--,1,1106,卖盘
297,14:38:48,11.06,-0.01,10,11060,卖盘
298,14:38:45,11.07,--,84,92988,买盘
299,14:38:42,11.07,0.01,44,48708,买盘
300,14:38:33,11.06,-0.01,9,9954,卖盘
301,14:38:30,11.07,0.01,10,11070,买盘
302,14:38:27,11.06,-0.01,11,12166,卖盘
303,14:38:24,11.07,--,16,17712,买盘
304,14:38:21,11.07,0.01,11,12177,买盘
305,14:38:18,11.06,-0.01,10,11060,卖盘
306,14:38:15,11.07,--,94,104058,买盘
307,14:38:12,11.07,0.01,11,12177,买盘
308,14:38:06,11.06,--,3,3318,卖盘
309,14:38:03,11.06,-0.01,26,28756,卖盘
310,14:38:00,11.07,--,20,22140,买盘
311,14:37:57,11.07,--,3,3321,买盘
312,14:37:54,11.07,--,1,1107,买盘
313,14:37:48,11.07,--,12,13284,买盘
314,14:37:45,11.07,0.01,62,68634,买盘
315,14:37:42,11.06,--,56,61936,卖盘
316,14:37:39,11.06,-0.01,20,22120,卖盘
317,14:37:36,11.07,--,6,6642,买盘
318,14:37:33,11.07,0.01,6,6642,买盘
319,14:37:30,11.06,-0.01,25,27650,卖盘
320,14:37:27,11.07,--,17,18819,买盘
321,14:37:24,11.07,--,1,1107,买盘
322,14:37:18,11.07,--,32,35424,买盘
323,14:37:15,11.07,0.01,57,63099,买盘
324,14:37:12,11.06,-0.01,12,13272,卖盘
325,14:37:09,11.07,0.01,12,13284,买盘
326,14:37:06,11.06,--,8,8848,卖盘
327,14:37:03,11.06,--,6,6636,卖盘
328,14:37:00,11.06,--,269,297514,卖盘
329,14:36:57,11.06,-0.01,2,2212,卖盘
330,14:36:54,11.07,--,18,19926,买盘
331,14:36:51,11.07,--,5,5535,买盘
332,14:36:48,11.07,--,2,2214,买盘
333,14:36:45,11.07,--,6,6642,买盘
334,14:36:42,11.07,0.01,45,49815,买盘
335,14:36:36,11.06,--,3,3318,卖盘
336,14:36:33,11.06,-0.01,13,14378,卖盘
337,14:36:30,11.07,--,2,2214,买盘
338,14:36:27,11.07,0.01,10,11070,买盘
339,14:36:24,11.06,-0.01,3,3318,卖盘
340,14:36:21,11.07,--,9,9963,买盘
341,14:36:18,11.07,--,3,3321,买盘
342,14:36:12,11.07,0.01,13,14391,买盘
343,14:36:09,11.06,0.01,65,71890,买盘
344,14:36:06,11.05,--,2,2210,卖盘
345,14:36:03,11.05,-0.01,20,22100,卖盘
346,14:36:00,11.06,0.01,16,17696,买盘
347,14:35:57,11.05,-0.01,2,2210,卖盘
348,14:35:54,11.06,0.01,37,40922,买盘
349,14:35:51,11.05,-0.01,6,6630,卖盘
350,14:35:48,11.06,0.01,9,9954,买盘
351,14:35:39,11.05,-0.01,11,12155,卖盘
352,14:35:36,11.06,0.01,15,16590,买盘
353,14:35:33,11.05,-0.01,11,12155,卖盘
354,14:35:30,11.06,--,900,995400,买盘
355,14:35:27,11.06,--,6,6636,买盘
356,14:35:24,11.06,--,4,4424,买盘
357,14:35:21,11.06,0.01,2,2212,买盘
358,14:35:18,11.05,--,31,34255,卖盘
359,14:35:15,11.05,-0.01,6,6630,卖盘
360,14:35:12,11.06,0.01,43,47558,买盘
361,14:35:06,11.05,-0.01,2,2210,卖盘
362,14:35:03,11.06,0.01,16,17696,买盘
363,14:35:00,11.05,-0.01,4,4420,卖盘
364,14:34:57,11.06,0.01,17,18802,买盘
365,14:34:54,11.05,-0.01,19,20995,卖盘
366,14:34:51,11.06,--,3,3318,买盘
367,14:34:45,11.06,--,9,9954,买盘
368,14:34:39,11.06,--,36,39816,买盘
369,14:34:36,11.06,--,11,12166,买盘
370,14:34:33,11.06,--,5,5530,买盘
371,14:34:30,11.06,0.01,18,19908,买盘
372,14:34:27,11.05,-0.01,51,56355,卖盘
373,14:34:24,11.06,--,12,13272,买盘
374,14:34:18,11.06,--,2,2212,买盘
375,14:34:15,11.06,--,68,75208,买盘
376,14:34:12,11.06,0.01,1,1106,买盘
377,14:34:09,11.05,-0.01,8,8840,卖盘
378,14:34:06,11.06,0.01,13,14378,买盘
379,14:34:03,11.05,-0.01,7,7735,卖盘
380,14:34:00,11.06,--,10,11060,买盘
381,14:33:57,11.06,--,118,130508,买盘
382,14:33:54,11.06,--,12,13272,买盘
383,14:33:51,11.06,--,6,6636,买盘
384,14:33:45,11.06,--,10,11060,买盘
385,14:33:39,11.06,0.01,9,9954,买盘
386,14:33:36,11.05,-0.01,32,35360,卖盘
387,14:33:33,11.06,--,4,4424,买盘
388,14:33:30,11.06,0.01,3,3318,买盘
389,14:33:27,11.05,--,6,6630,卖盘
390,14:33:24,11.05,--,18,19890,卖盘
391,14:33:21,11.05,-0.01,3,3315,卖盘
392,14:33:15,11.06,--,103,113918,买盘
393,14:33:12,11.06,0.01,97,107282,买盘
394,14:33:09,11.05,-0.01,41,45305,卖盘
395,14:33:06,11.06,--,11,12166,买盘
396,14:33:03,11.06,--,2,2212,买盘
397,14:33:00,11.06,--,1,1106,买盘
398,14:32:54,11.06,0.01,3,3318,买盘
399,14:32:45,11.05,-0.01,11,12155,卖盘
400,14:32:42,11.06,0.01,104,115024,买盘
401,14:32:39,11.05,--,28,30940,卖盘
402,14:32:36,11.05,--,108,120235,买盘
403,14:32:33,11.05,--,21,23205,买盘
404,14:32:30,11.05,--,70,77847,买盘
405,14:32:27,11.05,--,73,81107,买盘
406,14:32:24,11.05,--,1,1105,买盘
407,14:32:21,11.05,--,22,24310,买盘
408,14:32:18,11.05,0.01,33,36465,买盘
409,14:32:15,11.04,-0.01,104,114815,卖盘
410,14:32:12,11.05,0.01,106,117130,买盘
411,14:32:09,11.04,-0.01,21,23184,卖盘
412,14:32:06,11.05,--,20,22100,买盘
413,14:32:03,11.05,--,31,34255,买盘
414,14:32:00,11.05,0.01,3,3315,买盘
415,14:31:54,11.04,-0.01,6,6623,卖盘
416,14:31:51,11.05,--,4,4420,买盘
417,14:31:48,11.05,0.01,4,4420,买盘
418,14:31:45,11.04,-0.01,152,167808,卖盘
419,14:31:42,11.05,--,125,138125,买盘
420,14:31:39,11.05,--,355,392275,买盘
421,14:31:36,11.05,--,47,51935,买盘
422,14:31:27,11.05,--,2,2210,买盘
423,14:31:24,11.05,--,9,9945,买盘
424,14:31:21,11.05,0.01,35,38675,买盘
425,14:31:18,11.04,--,10,11040,卖盘
426,14:31:15,11.04,--,8,8832,卖盘
427,14:31:12,11.04,--,43,47471,卖盘
428,14:31:09,11.04,--,88,97151,卖盘
429,14:31:06,11.04,--,82,90528,卖盘
430,14:31:03,11.04,-0.01,10,11040,卖盘
431,14:31:00,11.05,0.01,21,23205,买盘
432,14:30:57,11.04,--,42,46368,卖盘
433,14:30:51,11.04,--,10,11040,卖盘
434,14:30:48,11.04,--,5,5520,卖盘
435,14:30:39,11.04,-0.01,85,93840,卖盘
436,14:30:36,11.05,0.01,2,2210,买盘
437,14:30:33,11.04,-0.01,39,43056,卖盘
438,14:30:30,11.05,--,5,5525,买盘
439,14:30:27,11.05,--,372,411269,卖盘
440,14:30:24,11.05,--,8,8840,卖盘
441,14:30:21,11.05,--,3037,3355885,卖盘
442,14:30:18,11.05,-0.01,10,11050,卖盘
443,14:30:15,11.06,0.01,34,37604,买盘
444,14:30:12,11.05,--,22,24310,卖盘
445,14:30:09,11.05,--,8,8840,卖盘
446,14:30:06,11.05,--,16,17680,卖盘
447,14:30:03,11.05,--,9,9945,卖盘
448,14:30:00,11.05,-0.01,122,134810,卖盘
449,14:29:57,11.06,--,1,1106,买盘
450,14:29:54,11.06,--,28,30968,买盘
451,14:29:51,11.06,0.01,10,11060,买盘
452,14:29:48,11.05,--,40,44200,卖盘
453,14:29:45,11.05,--,26,28730,卖盘
454,14:29:39,11.05,-0.01,12,13260,卖盘
455,14:29:27,11.06,--,9,9954,买盘
456,14:29:24,11.06,--,2,2212,买盘
457,14:29:18,11.06,--,9,9954,买盘
458,14:29:15,11.06,--,28,30968,买盘
459,14:29:12,11.06,0.01,72,79632,买盘
460,14:29:06,11.05,-0.01,11,12155,卖盘
461,14:29:03,11.06,--,79,87374,买盘
462,14:29:00,11.06,--,10,11060,买盘
463,14:28:57,11.06,0.01,70,77420,买盘
464,14:28:54,11.05,-0.01,261,288405,卖盘
465,14:28:51,11.06,--,9,9954,买盘
466,14:28:48,11.06,--,41,45346,买盘
467,14:28:45,11.06,--,20,22120,买盘
468,14:28:42,11.06,--,35,38710,买盘
469,14:28:39,11.06,0.01,12,13272,买盘
470,14:28:36,11.05,--,11,13050,卖盘
471,14:28:30,11.05,-0.01,94,103870,卖盘
472,14:28:27,11.06,--,101,111706,买盘
473,14:28:24,11.06,--,22,24332,买盘
474,14:28:18,11.06,0.01,20,22120,买盘
475,14:28:15,11.05,-0.01,20,22100,卖盘
476,14:28:12,11.06,0.01,52,57512,买盘
477,14:28:09,11.05,--,8,8840,卖盘
478,14:28:06,11.05,-0.01,2,2210,卖盘
479,14:28:00,11.06,0.01,11,12166,买盘
480,14:27:54,11.05,-0.01,8,8840,卖盘
481,14:27:51,11.06,--,42,46452,买盘
482,14:27:48,11.06,--,15,16590,买盘
483,14:27:36,11.06,--,9,9954,买盘
484,14:27:33,11.06,0.01,1,1106,买盘
485,14:27:27,11.05,-0.01,7,7735,卖盘
486,14:27:24,11.06,--,11,12166,买盘
487,14:27:21,11.06,0.01,1,1106,买盘
488,14:27:18,11.05,--,11,12155,卖盘
489,14:27:12,11.05,-0.01,2,2210,卖盘
490,14:27:09,11.06,0.01,15,16590,买盘
491,14:27:06,11.05,--,17,18785,卖盘
492,14:27:03,11.05,--,17,18785,卖盘
493,14:27:00,11.05,-0.01,10,11050,卖盘
494,14:26:57,11.06,--,30,33180,买盘
495,14:26:54,11.06,--,24,26544,买盘
496,14:26:51,11.06,--,63,69678,买盘
497,14:26:45,11.06,0.01,8,8848,买盘
498,14:26:42,11.05,-0.01,6,6630,卖盘
499,14:26:39,11.06,--,10,11060,买盘
500,14:26:36,11.06,--,3,3318,买盘
501,14:26:30,11.06,--,15,16590,买盘
502,14:26:24,11.06,0.01,9,9954,买盘
503,14:26:18,11.05,-0.01,3,3315,卖盘
504,14:26:15,11.06,0.01,3,3318,买盘
505,14:26:12,11.05,--,2,2210,卖盘
506,14:26:09,11.05,-0.01,23,25415,卖盘
507,14:26:06,11.06,0.01,21,23226,买盘
508,14:25:57,11.05,-0.01,1,1105,卖盘
509,14:25:54,11.06,--,5,5530,买盘
510,14:25:48,11.06,-0.01,6,7244,卖盘
511,14:25:45,11.07,0.01,71,78597,买盘
512,14:25:42,11.06,--,130,143780,卖盘
513,14:25:39,11.06,--,65,71890,卖盘
514,14:25:33,11.06,--,361,399266,卖盘
515,14:25:27,11.06,--,33,36498,卖盘
516,14:25:24,11.06,--,1,1106,卖盘
517,14:25:21,11.06,-0.01,1,1106,卖盘
518,14:25:18,11.07,0.01,21,23247,买盘
519,14:25:15,11.06,-0.01,5,5530,卖盘
520,14:25:12,11.07,0.01,52,57564,买盘
521,14:25:09,11.06,--,6,6636,卖盘
522,14:25:06,11.06,-0.01,2,2212,卖盘
523,14:25:00,11.07,0.01,21,23247,买盘
524,14:24:57,11.06,-0.01,84,92904,卖盘
525,14:24:54,11.07,0.01,98,108486,买盘
526,14:24:51,11.06,-0.01,58,64148,卖盘
527,14:24:48,11.07,--,4,4428,买盘
528,14:24:45,11.07,0.01,10,11070,买盘
529,14:24:39,11.06,--,4,4424,卖盘
530,14:24:36,11.06,-0.01,106,117236,卖盘
531,14:24:33,11.07,0.01,13,14391,买盘
532,14:24:30,11.06,-0.01,33,36498,卖盘
533,14:24:27,11.07,0.01,1,1107,买盘
534,14:24:24,11.06,-0.01,26,28756,卖盘
535,14:24:21,11.07,0.01,14,15498,买盘
536,14:24:18,11.06,--,13,14378,卖盘
537,14:24:15,11.06,-0.01,894,988764,卖盘
538,14:24:12,11.07,0.01,14,15498,买盘
539,14:24:09,11.06,--,14,15484,卖盘
540,14:24:06,11.06,-0.01,3,3318,卖盘
541,14:24:03,11.07,0.01,2,2214,买盘
542,14:24:00,11.06,-0.01,3,3318,卖盘
543,14:23:57,11.07,--,25,27675,买盘
544,14:23:54,11.07,--,4,4428,买盘
545,14:23:51,11.07,0.01,4,4428,买盘
546,14:23:48,11.06,-0.01,9,9954,卖盘
547,14:23:45,11.07,--,24,26568,买盘
548,14:23:42,11.07,--,1,1107,买盘
549,14:23:39,11.07,0.01,88,97416,买盘
550,14:23:36,11.06,--,3,3815,卖盘
551,14:23:33,11.06,-0.01,50,55300,卖盘
552,14:23:27,11.07,--,3,3321,买盘
553,14:23:24,11.07,--,5,5535,买盘
554,14:23:21,11.07,0.01,103,114021,买盘
555,14:23:18,11.06,-0.01,1,1106,卖盘
556,14:23:15,11.07,0.01,5,5535,买盘
557,14:23:09,11.06,--,3,3318,卖盘
558,14:23:06,11.06,-0.01,11,12166,卖盘
559,14:23:03,11.07,-0.01,54,59778,卖盘
560,14:23:00,11.08,0.01,16,17728,买盘
561,14:22:54,11.07,-0.01,6,6642,卖盘
562,14:22:51,11.08,0.01,5,5540,买盘
563,14:22:48,11.07,0.01,2,2214,买盘
564,14:22:45,11.06,-0.01,40,44240,卖盘
565,14:22:42,11.07,--,7,7749,买盘
566,14:22:36,11.07,0.01,3,3321,买盘
567,14:22:33,11.06,-0.01,1,1106,卖盘
568,14:22:30,11.07,--,137,151659,卖盘
569,14:22:27,11.07,--,545,603315,卖盘
570,14:22:24,11.07,--,5,5535,卖盘
571,14:22:21,11.07,--,5,5535,卖盘
572,14:22:18,11.07,--,1,1107,卖盘
573,14:22:15,11.07,--,43,47601,卖盘
574,14:22:12,11.07,--,29,32103,卖盘
575,14:22:09,11.07,--,11,12177,卖盘
576,14:22:06,11.07,-0.01,3,3321,卖盘
577,14:22:03,11.08,--,74,81992,买盘
578,14:22:00,11.08,--,2,2216,买盘
579,14:21:57,11.08,--,122,135176,买盘
580,14:21:54,11.08,--,3,3324,买盘
581,14:21:51,11.08,0.01,13,14404,买盘
582,14:21:48,11.07,--,1,1107,卖盘
583,14:21:39,11.07,--,1,1107,卖盘
584,14:21:33,11.07,-0.01,52,57564,卖盘
585,14:21:30,11.08,--,10,11080,买盘
586,14:21:27,11.08,0.01,1,1108,买盘
587,14:21:18,11.07,--,16,17712,卖盘
588,14:21:15,11.07,-0.01,6,6642,卖盘
589,14:21:12,11.08,--,11,12188,买盘
590,14:21:09,11.08,0.01,22,24376,买盘
591,14:21:06,11.07,--,12,13284,卖盘
592,14:21:03,11.07,-0.01,2,2214,卖盘
593,14:21:00,11.08,0.01,2,2216,买盘
594,14:20:54,11.07,--,7,7749,卖盘
595,14:20:51,11.07,--,7,7749,卖盘
596,14:20:48,11.07,-0.01,1,1107,卖盘
597,14:20:45,11.08,0.01,11,12188,买盘
598,14:20:42,11.07,-0.01,10,11070,卖盘
599,14:20:36,11.08,0.01,2,2216,买盘
600,14:20:33,11.07,--,12,13284,卖盘
601,14:20:30,11.07,--,48,53136,卖盘
602,14:20:27,11.07,-0.01,178,197046,卖盘
603,14:20:24,11.08,--,7,7756,买盘
604,14:20:21,11.08,0.01,1,1108,买盘
605,14:20:18,11.07,-0.01,22,24354,卖盘
606,14:20:15,11.08,0.01,10,11080,买盘
607,14:20:12,11.07,--,4,4428,卖盘
608,14:20:09,11.07,--,14,15498,卖盘
609,14:20:06,11.07,-0.01,2,2214,卖盘
610,14:20:03,11.08,0.01,11,12188,买盘
611,14:20:00,11.07,-0.01,8,8856,卖盘
612,14:19:54,11.08,0.01,24,26592,买盘
613,14:19:51,11.07,--,48,53136,卖盘
614,14:19:48,11.07,--,32,35424,卖盘
615,14:19:42,11.07,-0.01,3,3321,卖盘
616,14:19:33,11.08,0.01,6,6648,买盘
617,14:19:30,11.07,-0.01,5,5535,卖盘
618,14:19:27,11.08,0.01,15,16620,买盘
619,14:19:24,11.07,--,47,52029,卖盘
620,14:19:21,11.07,--,10,11070,卖盘
621,14:19:18,11.07,--,3,3321,卖盘
622,14:19:15,11.07,-0.01,51,56457,卖盘
623,14:19:12,11.08,0.01,13,14404,买盘
624,14:19:09,11.07,--,4,4428,卖盘
625,14:19:06,11.07,-0.01,2,2214,卖盘
626,14:19:03,11.08,--,3,3324,买盘
627,14:19:00,11.08,0.01,2,2216,买盘
628,14:18:57,11.07,--,100,110700,卖盘
629,14:18:54,11.07,--,14,15498,卖盘
630,14:18:51,11.07,--,84,92988,卖盘
631,14:18:48,11.07,--,7,7749,卖盘
632,14:18:45,11.07,--,6,6642,卖盘
633,14:18:39,11.07,--,115,127305,卖盘
634,14:18:36,11.07,--,17,18819,卖盘
635,14:18:33,11.07,--,5,5535,卖盘
636,14:18:27,11.07,--,8,8856,卖盘
637,14:18:24,11.07,--,3,3321,卖盘
638,14:18:21,11.07,--,169,187083,卖盘
639,14:18:18,11.07,-0.01,41,45387,卖盘
640,14:18:15,11.08,0.01,8,8864,买盘
641,14:18:12,11.07,--,4,4428,卖盘
642,14:18:09,11.07,-0.01,19,21033,卖盘
643,14:18:06,11.08,--,11,12188,买盘
644,14:18:00,11.08,-0.01,125,138500,卖盘
645,14:17:57,11.09,--,2,2218,买盘
646,14:17:54,11.09,--,25,27725,买盘
647,14:17:48,11.09,0.01,23,25507,买盘
648,14:17:45,11.08,--,54,59832,卖盘
649,14:17:39,11.08,-0.01,14,15512,卖盘
650,14:17:33,11.09,0.01,218,241762,买盘
651,14:17:30,11.08,-0.01,11,12188,卖盘
652,14:17:27,11.09,--,3,3327,买盘
653,14:17:24,11.09,--,2,2218,买盘
654,14:17:18,11.09,--,14,15526,买盘
655,14:17:15,11.09,0.01,72,79848,买盘
656,14:17:12,11.08,--,6,6648,卖盘
657,14:17:09,11.08,--,6,6648,卖盘
658,14:17:06,11.08,-0.01,34,37672,卖盘
659,14:17:03,11.09,--,71,78739,买盘
660,14:17:00,11.09,--,31,34379,买盘
661,14:16:57,11.09,--,36,39924,买盘
662,14:16:54,11.09,--,3,3327,买盘
663,14:16:51,11.09,--,6,6654,买盘
664,14:16:48,11.09,--,5,5545,买盘
665,14:16:45,11.09,--,41,45469,买盘
666,14:16:33,11.09,0.01,33,36597,买盘
667,14:16:24,11.08,--,81,89748,卖盘
668,14:16:21,11.08,--,11,12188,卖盘
669,14:16:18,11.08,--,10,11080,卖盘
670,14:16:12,11.08,--,11,12188,卖盘
671,14:16:09,11.08,-0.01,81,89748,卖盘
672,14:16:06,11.09,0.01,11,12199,买盘
673,14:16:03,11.08,-0.01,2,2216,卖盘
674,14:15:57,11.09,0.01,12,13308,买盘
675,14:15:54,11.08,--,90,99720,卖盘
676,14:15:51,11.08,-0.01,49,54292,卖盘
677,14:15:48,11.09,0.01,58,64322,买盘
678,14:15:45,11.08,-0.01,5,5540,卖盘
679,14:15:42,11.09,--,15,16635,买盘
680,14:15:39,11.09,0.01,142,157478,买盘
681,14:15:36,11.08,--,51,56508,卖盘
682,14:15:30,11.08,-0.01,251,278108,卖盘
683,14:15:24,11.09,--,1,1109,买盘
684,14:15:18,11.09,--,59,65431,买盘
685,14:15:12,11.09,--,2,2218,买盘
686,14:15:09,11.09,0.01,433,480197,买盘
687,14:15:06,11.08,--,24,26592,卖盘
688,14:15:03,11.08,-0.01,15,16620,卖盘
689,14:14:57,11.09,--,32,35488,买盘
690,14:14:54,11.09,0.01,32,35488,买盘
691,14:14:51,11.08,-0.01,1,1108,卖盘
692,14:14:48,11.09,--,4,4436,买盘
693,14:14:45,11.09,0.01,36,39924,买盘
694,14:14:42,11.08,-0.01,1,1108,卖盘
695,14:14:39,11.09,0.01,63,69867,买盘
696,14:14:30,11.08,-0.01,8,8864,卖盘
697,14:14:27,11.09,--,25,27725,买盘
698,14:14:24,11.09,--,78,86502,买盘
699,14:14:21,11.09,--,5,5545,买盘
700,14:14:18,11.09,--,7,7763,买盘
701,14:14:15,11.09,--,13,14417,买盘
702,14:14:12,11.09,0.01,6,6654,买盘
703,14:14:09,11.08,--,13,14404,卖盘
704,14:14:06,11.08,--,3,3324,卖盘
705,14:14:03,11.08,-0.01,20,22160,卖盘
706,14:14:00,11.09,0.01,74,82066,买盘
707,14:13:57,11.08,--,8,8864,卖盘
708,14:13:54,11.08,--,52,57616,卖盘
709,14:13:51,11.08,-0.01,55,60940,卖盘
710,14:13:48,11.09,0.01,5,5545,买盘
711,14:13:42,11.08,--,11,12188,卖盘
712,14:13:39,11.08,-0.01,23,25484,卖盘
713,14:13:36,11.09,0.01,26,28834,买盘
714,14:13:33,11.08,--,6,6648,卖盘
715,14:13:30,11.08,-0.01,2,2216,卖盘
716,14:13:27,11.09,--,15,16635,买盘
717,14:13:24,11.09,--,1,1109,买盘
718,14:13:21,11.09,0.01,2,2218,买盘
719,14:13:18,11.08,-0.02,208,230464,卖盘
720,14:13:15,11.1,0.01,1,1110,买盘
721,14:13:09,11.09,-0.01,15,16635,卖盘
722,14:13:03,11.1,0.01,4,4440,买盘
723,14:13:00,11.09,-0.01,2,2218,卖盘
724,14:12:57,11.1,--,5,5550,买盘
725,14:12:51,11.1,0.01,7,7770,买盘
726,14:12:48,11.09,--,112,124208,买盘
727,14:12:39,11.09,0.01,11,12199,买盘
728,14:12:36,11.08,--,81,89748,卖盘
729,14:12:30,11.08,-0.01,3,3324,卖盘
730,14:12:24,11.09,--,70,77630,买盘
731,14:12:21,11.09,--,5,5545,买盘
732,14:12:18,11.09,--,8,8872,买盘
733,14:12:15,11.09,0.01,27,29943,买盘
734,14:12:09,11.08,-0.01,4,4432,卖盘
735,14:12:06,11.09,--,431,477979,卖盘
736,14:12:03,11.09,-0.01,6,6654,卖盘
737,14:12:00,11.1,--,19,21090,买盘
738,14:11:57,11.1,--,12,13320,买盘
739,14:11:54,11.1,0.01,1,1110,买盘
740,14:11:51,11.09,-0.01,82,90938,卖盘
741,14:11:48,11.1,0.01,4,4440,买盘
742,14:11:39,11.09,--,53,58777,卖盘
743,14:11:36,11.09,-0.01,25,27725,卖盘
744,14:11:33,11.1,0.01,7,7770,买盘
745,14:11:30,11.09,-0.01,22,24398,卖盘
746,14:11:27,11.1,0.01,47,52170,买盘
747,14:11:24,11.09,-0.01,67,74303,卖盘
748,14:11:21,11.1,--,11,12210,买盘
749,14:11:18,11.1,--,9,9990,买盘
750,14:11:15,11.1,0.01,11,12210,买盘
751,14:11:12,11.09,--,5,5545,卖盘
752,14:11:09,11.09,--,36,39924,卖盘
753,14:11:06,11.09,-0.01,15,16635,卖盘
754,14:11:03,11.1,0.01,34,37740,买盘
755,14:11:00,11.09,-0.01,5,5545,卖盘
756,14:10:57,11.1,0.01,6,6660,买盘
757,14:10:51,11.09,-0.01,27,29943,卖盘
758,14:10:48,11.1,0.01,78,86580,买盘
759,14:10:45,11.09,--,1,1109,卖盘
760,14:10:42,11.09,-0.01,80,88720,卖盘
761,14:10:39,11.1,--,42,46620,买盘
762,14:10:36,11.1,0.01,8,8880,买盘
763,14:10:30,11.09,-0.01,2,2218,卖盘
764,14:10:27,11.1,--,32,35520,买盘
765,14:10:24,11.1,--,28,31080,买盘
766,14:10:21,11.1,--,140,155400,买盘
767,14:10:18,11.1,--,62,68820,买盘
768,14:10:15,11.1,--,8,8880,买盘
769,14:10:12,11.1,0.01,26,28860,买盘
770,14:10:09,11.09,--,11,12199,卖盘
771,14:10:06,11.09,-0.01,2,2218,卖盘
772,14:10:03,11.1,0.01,1,1110,买盘
773,14:10:00,11.09,-0.01,10,11090,卖盘
774,14:09:57,11.1,0.01,43,47730,买盘
775,14:09:54,11.09,-0.01,24,26616,卖盘
776,14:09:48,11.1,--,14,15540,买盘
777,14:09:39,11.1,0.01,8,8880,买盘
778,14:09:36,11.09,-0.01,1,1109,卖盘
779,14:09:30,11.1,--,7,7770,买盘
780,14:09:27,11.1,0.01,15,16650,买盘
781,14:09:24,11.09,--,1,1109,卖盘
782,14:09:21,11.09,-0.01,20,22180,卖盘
783,14:09:18,11.1,--,5,5550,买盘
784,14:09:15,11.1,--,3,3330,买盘
785,14:09:12,11.1,0.01,102,113220,买盘
786,14:09:09,11.09,--,13,14417,卖盘
787,14:09:03,11.09,-0.01,10,11090,卖盘
788,14:09:00,11.1,0.01,4,4440,买盘
789,14:08:57,11.09,-0.01,7,7763,卖盘
790,14:08:54,11.1,--,11,12210,买盘
791,14:08:48,11.1,0.01,4,4440,买盘
792,14:08:39,11.09,--,140,155260,卖盘
793,14:08:30,11.09,-0.01,2,2218,卖盘
794,14:08:27,11.1,--,12,13320,买盘
795,14:08:24,11.1,--,11,12210,买盘
796,14:08:21,11.1,--,3,3330,买盘
797,14:08:18,11.1,0.01,4,4440,买盘
798,14:08:15,11.09,-0.01,13,14417,卖盘
799,14:08:12,11.1,0.01,6,6660,买盘
800,14:08:09,11.09,--,13,14417,卖盘
801,14:08:06,11.09,-0.01,13,14417,卖盘
802,14:08:03,11.1,--,1,1110,买盘
803,14:08:00,11.1,--,10,11100,买盘
804,14:07:57,11.1,--,1,1110,买盘
805,14:07:48,11.1,0.01,26,28860,买盘
806,14:07:45,11.09,-0.01,10,11090,卖盘
807,14:07:39,11.1,--,6,6660,买盘
808,14:07:36,11.1,--,71,78810,买盘
809,14:07:33,11.1,0.01,3,3330,买盘
810,14:07:30,11.09,-0.01,2,2218,卖盘
811,14:07:27,11.1,0.01,6,6660,买盘
812,14:07:15,11.09,-0.01,16,17744,卖盘
813,14:07:12,11.1,--,158,175380,卖盘
814,14:07:09,11.1,--,8,8880,卖盘
815,14:07:06,11.1,--,25,27750,卖盘
816,14:07:00,11.1,-0.01,5,5550,卖盘
817,14:06:57,11.11,--,15,16665,买盘
818,14:06:54,11.11,0.01,6,6666,买盘
819,14:06:48,11.1,--,18,19980,卖盘
820,14:06:45,11.1,-0.01,5,5550,卖盘
821,14:06:42,11.11,0.01,6,6666,买盘
822,14:06:39,11.1,--,3,3330,卖盘
823,14:06:36,11.1,-0.01,6,6660,卖盘
824,14:06:33,11.11,0.01,7,7777,买盘
825,14:06:27,11.1,--,6,6660,卖盘
826,14:06:24,11.1,--,3,3330,卖盘
827,14:06:21,11.1,-0.01,7,7770,卖盘
828,14:06:18,11.11,0.01,2,2222,买盘
829,14:06:15,11.1,-0.01,14,15540,卖盘
830,14:06:09,11.11,--,17,18887,买盘
831,14:06:06,11.11,--,15,16665,买盘
832,14:06:03,11.11,--,8,8888,买盘
833,14:06:00,11.11,0.02,77,85547,买盘
834,14:05:57,11.09,--,6,6654,卖盘
835,14:05:54,11.09,--,1,1109,卖盘
836,14:05:51,11.09,-0.01,4,4436,卖盘
837,14:05:48,11.1,0.01,6,6660,买盘
838,14:05:45,11.09,-0.02,4,4436,卖盘
839,14:05:36,11.11,0.02,26,28886,买盘
840,14:05:30,11.09,--,2,2218,卖盘
841,14:05:27,11.09,-0.02,12,13308,卖盘
842,14:05:24,11.11,--,11,12221,买盘
843,14:05:21,11.11,0.02,45,49995,买盘
844,14:05:18,11.09,-0.01,20,22180,卖盘
845,14:05:15,11.1,0.01,15,16650,买盘
846,14:05:06,11.09,-0.01,20,22180,卖盘
847,14:05:03,11.1,--,15,16650,买盘
848,14:05:00,11.1,0.01,6,6660,买盘
849,14:04:57,11.09,-0.01,2,2218,卖盘
850,14:04:54,11.1,--,12,13320,买盘
851,14:04:51,11.1,0.01,12,13320,买盘
852,14:04:45,11.09,-0.01,4,4436,卖盘
853,14:04:42,11.1,0.01,16,17760,买盘
854,14:04:36,11.09,--,33,36597,卖盘
855,14:04:33,11.09,-0.01,181,200729,卖盘
856,14:04:30,11.1,0.01,12,13320,买盘
857,14:04:27,11.09,-0.01,16,17744,卖盘
858,14:04:24,11.1,--,70,77700,买盘
859,14:04:21,11.1,0.01,10,11100,买盘
860,14:04:15,11.09,--,6,6654,卖盘
861,14:04:12,11.09,-0.01,4,4436,卖盘
862,14:04:09,11.1,0.01,18,19980,买盘
863,14:04:06,11.09,-0.01,7,7763,卖盘
864,14:04:03,11.1,--,5,5550,买盘
865,14:04:00,11.1,0.01,10,11100,买盘
866,14:03:57,11.09,-0.01,9,9981,卖盘
867,14:03:54,11.1,--,71,78810,买盘
868,14:03:48,11.1,--,11,12210,买盘
869,14:03:45,11.1,--,15,16650,买盘
870,14:03:39,11.1,-0.01,1,1110,卖盘
871,14:03:36,11.11,0.02,25,27775,买盘
872,14:03:30,11.09,-0.01,6,6654,卖盘
873,14:03:27,11.1,-0.01,28,31080,卖盘
874,14:03:24,11.11,0.01,6,6666,买盘
875,14:03:21,11.1,--,13,14430,卖盘
876,14:03:18,11.1,-0.01,7,7770,卖盘
877,14:03:15,11.11,0.01,15,16665,买盘
878,14:03:12,11.1,0.01,10,11100,买盘
879,14:03:09,11.09,--,7,7763,卖盘
880,14:03:06,11.09,-0.01,2,2218,卖盘
881,14:03:03,11.1,0.01,12,13320,买盘
882,14:02:57,11.09,--,2,2218,卖盘
883,14:02:54,11.09,-0.02,17,18853,卖盘
884,14:02:51,11.11,--,4,4444,买盘
885,14:02:48,11.11,0.03,85,94435,买盘
886,14:02:45,11.08,-0.02,24,26592,卖盘
887,14:02:42,11.1,0.01,27,29970,买盘
888,14:02:39,11.09,--,1,1109,中性盘
889,14:02:33,11.09,--,175,194075,买盘
890,14:02:30,11.09,0.01,11,12199,买盘
891,14:02:27,11.08,-0.01,2,2216,卖盘
892,14:02:24,11.09,--,1,1109,买盘
893,14:02:21,11.09,0.01,10,11090,买盘
894,14:02:18,11.08,-0.01,12,13296,卖盘
895,14:02:15,11.09,0.01,60,66540,买盘
896,14:02:12,11.08,-0.01,4,4432,卖盘
897,14:02:09,11.09,0.01,23,25507,买盘
898,14:02:06,11.08,-0.01,3,3324,卖盘
899,14:02:00,11.09,--,5,5545,买盘
900,14:01:57,11.09,--,29,32161,买盘
901,14:01:54,11.09,--,1,1109,买盘
902,14:01:51,11.09,--,18,19962,买盘
903,14:01:45,11.09,0.01,13,14417,买盘
904,14:01:42,11.08,-0.01,6,6648,卖盘
905,14:01:36,11.09,--,1733,1921897,卖盘
906,14:01:24,11.09,-0.01,14,15526,卖盘
907,14:01:21,11.1,--,179,198690,买盘
908,14:01:18,11.1,--,200,222000,买盘
909,14:01:15,11.1,--,58,64380,买盘
910,14:01:12,11.1,--,76,84360,买盘
911,14:01:09,11.1,--,17,18870,买盘
912,14:01:06,11.1,--,4,4440,买盘
913,14:01:03,11.1,--,33,36630,买盘
914,14:01:00,11.1,0.01,10,11100,买盘
915,14:00:57,11.09,-0.01,205,227345,卖盘
916,14:00:54,11.1,--,1,1110,买盘
917,14:00:51,11.1,--,10,11100,买盘
918,14:00:45,11.1,--,54,59940,买盘
919,14:00:42,11.1,--,3,3330,买盘
920,14:00:39,11.1,--,11,12210,买盘
921,14:00:36,11.1,--,10,11100,买盘
922,14:00:30,11.1,--,254,281940,卖盘
923,14:00:27,11.1,-0.01,18,19980,卖盘
924,14:00:24,11.11,--,1,1111,买盘
925,14:00:21,11.11,--,4,4444,买盘
926,14:00:18,11.11,--,24,26664,买盘
927,14:00:15,11.11,--,3,3333,买盘
928,14:00:12,11.11,--,5,5555,买盘
929,14:00:06,11.11,0.01,10,11110,买盘
930,14:00:03,11.1,-0.01,2,2220,卖盘
931,14:00:00,11.11,--,3,3333,买盘
932,13:59:57,11.11,--,13,14443,买盘
933,13:59:54,11.11,--,1,1111,买盘
934,13:59:51,11.11,0.01,68,75548,买盘
935,13:59:48,11.1,-0.01,3,3330,卖盘
936,13:59:45,11.11,--,24,26664,买盘
937,13:59:39,11.11,--,3,3333,买盘
938,13:59:36,11.11,0.01,175,194425,买盘
939,13:59:33,11.1,-0.01,3333,3699630,卖盘
940,13:59:24,11.11,--,13,14443,买盘
941,13:59:21,11.11,--,72,79992,买盘
942,13:59:15,11.11,--,4,4444,买盘
943,13:59:12,11.11,--,10,11110,买盘
944,13:59:09,11.11,0.02,283,314413,买盘
945,13:59:06,11.09,--,1,1109,卖盘
946,13:59:03,11.09,-0.01,1,1109,卖盘
947,13:59:00,11.1,0.01,14,15540,买盘
948,13:58:57,11.09,-0.01,53,58777,卖盘
949,13:58:54,11.1,--,11,12210,买盘
950,13:58:51,11.1,--,20,22200,买盘
951,13:58:48,11.1,--,64,71040,买盘
952,13:58:45,11.1,--,50,55500,买盘
953,13:58:42,11.1,--,27,29970,买盘
954,13:58:39,11.1,--,19,21090,买盘
955,13:58:36,11.1,--,139,154290,买盘
956,13:58:30,11.1,--,65,72150,买盘
957,13:58:27,11.1,--,12,13320,买盘
958,13:58:24,11.1,--,11,12210,买盘
959,13:58:21,11.1,--,3,3330,买盘
960,13:58:18,11.1,--,9,9990,买盘
961,13:58:15,11.1,--,11,12210,买盘
962,13:58:12,11.1,--,14,15540,买盘
963,13:58:09,11.1,--,27,29970,买盘
964,13:58:06,11.1,--,25,27750,买盘
965,13:58:03,11.1,--,64,71040,买盘
966,13:58:00,11.1,--,23,25530,买盘
967,13:57:54,11.1,0.01,9,9990,买盘
968,13:57:51,11.09,--,12,13308,卖盘
969,13:57:45,11.09,-0.01,16,17744,卖盘
970,13:57:42,11.1,--,4,4440,买盘
971,13:57:39,11.1,0.01,4,4440,买盘
972,13:57:36,11.09,-0.01,11,12199,卖盘
973,13:57:33,11.1,--,11,12210,买盘
974,13:57:24,11.1,--,34,37740,买盘
975,13:57:21,11.1,--,15,16650,买盘
976,13:57:15,11.1,--,33,36630,买盘
977,13:57:12,11.1,--,116,128760,买盘
978,13:57:06,11.1,--,92,102120,买盘
979,13:57:03,11.1,--,9,9990,买盘
980,13:57:00,11.1,0.01,32,35520,买盘
981,13:56:57,11.09,-0.01,10,11090,卖盘
982,13:56:54,11.1,--,1,1110,买盘
983,13:56:51,11.1,--,40,44400,买盘
984,13:56:48,11.1,--,40,44400,买盘
985,13:56:42,11.1,--,4,4440,买盘
986,13:56:39,11.1,--,15,16650,买盘
987,13:56:36,11.1,--,70,77700,买盘
988,13:56:33,11.1,--,9,9990,买盘
989,13:56:27,11.1,--,18,19980,买盘
990,13:56:24,11.1,--,6,6660,买盘
991,13:56:21,11.1,0.01,35,38850,买盘
992,13:56:18,11.09,-0.01,3,3327,卖盘
993,13:56:15,11.1,0.01,35,38850,买盘
994,13:56:12,11.09,--,9,9981,卖盘
995,13:56:09,11.09,-0.01,29,32161,卖盘
996,13:56:06,11.1,--,95,105450,买盘
997,13:56:00,11.1,--,5,5550,买盘
998,13:55:57,11.1,--,305,338550,买盘
999,13:55:54,11.1,--,13,14430,买盘
1000,13:55:51,11.1,--,4,4440,买盘
1001,13:55:45,11.1,--,4,4440,买盘
1002,13:55:42,11.1,--,16,17760,买盘
1003,13:55:36,11.1,--,5,5550,买盘
1004,13:55:33,11.1,--,11,12210,买盘
1005,13:55:24,11.1,--,1,1110,买盘
1006,13:55:21,11.1,--,10,11100,买盘
1007,13:55:12,11.1,--,4,4440,买盘
1008,13:55:09,11.1,0.01,11,12210,买盘
1009,13:55:06,11.09,0.01,115,127535,买盘
1010,13:55:03,11.08,-0.01,3,3324,卖盘
1011,13:55:00,11.09,--,12,13308,买盘
1012,13:54:57,11.09,--,1,1109,买盘
1013,13:54:51,11.09,--,7,7763,买盘
1014,13:54:48,11.09,--,9,9981,买盘
1015,13:54:42,11.09,--,4,4436,买盘
1016,13:54:36,11.09,0.01,63,69867,买盘
1017,13:54:33,11.08,-0.01,0,753,卖盘
1018,13:54:30,11.09,0.01,6,6654,买盘
1019,13:54:27,11.08,-0.01,61,67588,卖盘
1020,13:54:24,11.09,--,7,7763,买盘
1021,13:54:15,11.09,--,10,11090,买盘
1022,13:54:12,11.09,--,23,25507,买盘
1023,13:54:09,11.09,0.02,8,8872,买盘
1024,13:54:06,11.07,-0.02,1,1107,卖盘
1025,13:54:03,11.09,--,11,12199,买盘
1026,13:53:54,11.09,0.01,105,116445,买盘
1027,13:53:51,11.08,0.01,42,46536,买盘
1028,13:53:45,11.07,-0.02,603,667521,卖盘
1029,13:53:42,11.09,0.01,16,17744,买盘
1030,13:53:36,11.08,-0.01,1,1108,卖盘
1031,13:53:30,11.09,0.01,18,19962,买盘
1032,13:53:21,11.08,--,11,12188,买盘
1033,13:53:12,11.08,--,12,13296,买盘
1034,13:53:09,11.08,0.01,71,78668,买盘
1035,13:53:06,11.07,-0.01,64,70848,卖盘
1036,13:53:00,11.08,--,2,2216,买盘
1037,13:52:57,11.08,0.01,10,11080,买盘
1038,13:52:54,11.07,--,29,32103,卖盘
1039,13:52:51,11.07,--,35,38745,卖盘
1040,13:52:48,11.07,-0.01,22,24354,卖盘
1041,13:52:42,11.08,--,3,3324,买盘
1042,13:52:39,11.08,--,10,11080,买盘
1043,13:52:36,11.08,--,15,16620,买盘
1044,13:52:27,11.08,--,10,11080,买盘
1045,13:52:24,11.08,0.01,10,11080,买盘
1046,13:52:18,11.07,-0.01,37,40959,卖盘
1047,13:52:15,11.08,--,11,12188,买盘
1048,13:52:12,11.08,0.01,12,13296,买盘
1049,13:52:06,11.07,-0.01,10,11070,卖盘
1050,13:52:03,11.08,0.01,9,9972,买盘
1051,13:52:00,11.07,-0.01,5,5535,卖盘
1052,13:51:57,11.08,--,7,7756,买盘
1053,13:51:54,11.08,--,10,11080,买盘
1054,13:51:51,11.08,0.01,19,21052,中性盘
1055,13:51:48,11.07,-0.01,11,12177,卖盘
1056,13:51:42,11.08,--,22,24376,买盘
1057,13:51:39,11.08,0.01,20,22160,买盘
1058,13:51:36,11.07,-0.01,16,17712,卖盘
1059,13:51:33,11.08,--,5,5540,买盘
1060,13:51:30,11.08,--,101,111908,买盘
1061,13:51:27,11.08,0.01,2,2216,买盘
1062,13:51:24,11.07,--,3,3321,卖盘
1063,13:51:21,11.07,--,144,159408,卖盘
1064,13:51:18,11.07,-0.02,26,28782,卖盘
1065,13:51:15,11.09,0.02,100,110900,买盘
1066,13:51:12,11.07,-0.01,5,5535,卖盘
1067,13:51:09,11.08,0.01,24,26592,买盘
1068,13:51:06,11.07,-0.01,9,9963,卖盘
1069,13:50:57,11.08,0.01,31,34348,买盘
1070,13:50:54,11.07,--,50,55350,卖盘
1071,13:50:51,11.07,--,570,630990,卖盘
1072,13:50:48,11.07,-0.01,4,4428,卖盘
1073,13:50:45,11.08,--,10,11080,买盘
1074,13:50:42,11.08,0.01,4,4432,买盘
1075,13:50:39,11.07,-0.01,10,11070,卖盘
1076,13:50:36,11.08,--,65,72020,卖盘
1077,13:50:30,11.08,-0.01,11,12188,卖盘
1078,13:50:24,11.09,0.01,17,18853,买盘
1079,13:50:21,11.08,-0.01,20,22160,卖盘
1080,13:50:18,11.09,0.01,73,80957,买盘
1081,13:50:15,11.08,-0.01,12,13296,卖盘
1082,13:50:12,11.09,0.01,14,15526,买盘
1083,13:50:06,11.08,-0.01,13,14404,卖盘
1084,13:50:03,11.09,--,5,5545,买盘
1085,13:50:00,11.09,--,6,6654,买盘
1086,13:49:57,11.09,--,8,8872,买盘
1087,13:49:54,11.09,--,7,7763,买盘
1088,13:49:51,11.09,0.01,10,11090,买盘
1089,13:49:45,11.08,-0.01,357,395556,卖盘
1090,13:49:42,11.09,--,3,3327,买盘
1091,13:49:39,11.09,0.01,12,13308,买盘
1092,13:49:33,11.08,-0.02,377,417716,卖盘
1093,13:49:30,11.1,0.01,9,9990,买盘
1094,13:49:24,11.09,-0.01,6,6654,卖盘
1095,13:49:18,11.1,--,12,13320,买盘
1096,13:49:09,11.1,--,8,8880,买盘
1097,13:49:06,11.1,--,24,26640,买盘
1098,13:49:00,11.1,--,155,172050,卖盘
1099,13:48:57,11.1,-0.01,60,66600,卖盘
1100,13:48:54,11.11,--,4,4444,买盘
1101,13:48:51,11.11,--,5,5555,买盘
1102,13:48:48,11.11,--,12,13332,买盘
1103,13:48:45,11.11,0.01,10,11110,买盘
1104,13:48:42,11.1,-0.01,10,11100,卖盘
1105,13:48:39,11.11,--,4,4444,买盘
1106,13:48:33,11.11,0.01,5,5555,买盘
1107,13:48:27,11.1,-0.01,91,101010,卖盘
1108,13:48:24,11.11,--,11,12221,买盘
1109,13:48:21,11.11,--,8,8888,买盘
1110,13:48:18,11.11,0.01,2,2222,买盘
1111,13:48:15,11.1,-0.01,5,5550,卖盘
1112,13:48:12,11.11,--,4,4444,买盘
1113,13:48:09,11.11,0.01,4,4444,买盘
1114,13:48:06,11.1,-0.01,58,64380,卖盘
1115,13:48:00,11.11,--,17,18887,买盘
1116,13:47:57,11.11,--,95,105545,买盘
1117,13:47:54,11.11,--,3,3333,买盘
1118,13:47:51,11.11,--,53,58883,买盘
1119,13:47:48,11.11,--,5,5555,买盘
1120,13:47:45,11.11,0.01,26,28886,买盘
1121,13:47:42,11.1,-0.01,20,22200,卖盘
1122,13:47:39,11.11,--,46,51106,买盘
1123,13:47:36,11.11,--,20,22220,买盘
1124,13:47:33,11.11,0.01,22,24442,买盘
1125,13:47:30,11.1,-0.01,52,57720,卖盘
1126,13:47:27,11.11,0.01,44,48884,买盘
1127,13:47:24,11.1,-0.01,6,6660,卖盘
1128,13:47:21,11.11,--,28,31108,买盘
1129,13:47:15,11.11,0.01,29,32219,买盘
1130,13:47:12,11.1,--,21,23310,卖盘
1131,13:47:09,11.1,--,31,34410,卖盘
1132,13:47:06,11.1,0.01,32,35520,中性盘
1133,13:47:00,11.09,-0.02,27,29943,卖盘
1134,13:46:57,11.11,0.01,20,22220,买盘
1135,13:46:54,11.1,--,14,15540,买盘
1136,13:46:51,11.1,0.01,5,5550,买盘
1137,13:46:48,11.09,-0.01,12,13308,卖盘
1138,13:46:45,11.1,--,22,24420,买盘
1139,13:46:42,11.1,--,110,122100,买盘
1140,13:46:39,11.1,-0.01,166,184260,卖盘
1141,13:46:36,11.11,0.01,20,22220,买盘
1142,13:46:33,11.1,-0.01,14,15540,卖盘
1143,13:46:27,11.11,--,26,28886,买盘
1144,13:46:24,11.11,--,7,7777,买盘
1145,13:46:21,11.11,0.01,25,27775,买盘
1146,13:46:18,11.1,--,27,29970,卖盘
1147,13:46:15,11.1,--,2,2220,卖盘
1148,13:46:12,11.1,-0.01,67,74370,卖盘
1149,13:46:09,11.11,0.01,90,99990,买盘
1150,13:46:06,11.1,-0.01,74,82140,卖盘
1151,13:46:03,11.11,--,21,23331,买盘
1152,13:46:00,11.11,--,4,4444,买盘
1153,13:45:57,11.11,--,20,22220,买盘
1154,13:45:54,11.11,--,3,3333,买盘
1155,13:45:51,11.11,--,4,4444,买盘
1156,13:45:48,11.11,--,59,65549,买盘
1157,13:45:45,11.11,0.01,41,45551,买盘
1158,13:45:42,11.1,-0.01,6,6660,卖盘
1159,13:45:39,11.11,--,9,9999,买盘
1160,13:45:36,11.11,--,40,44440,买盘
1161,13:45:33,11.11,--,20,22220,买盘
1162,13:45:30,11.11,0.01,30,33330,买盘
1163,13:45:27,11.1,-0.01,7,7770,卖盘
1164,13:45:24,11.11,--,70,77770,买盘
1165,13:45:18,11.11,--,25,27775,买盘
1166,13:45:15,11.11,--,5,5555,买盘
1167,13:45:12,11.11,--,27,29997,买盘
1168,13:45:09,11.11,0.01,23,25553,买盘
1169,13:45:06,11.1,-0.01,42,46620,卖盘
1170,13:45:03,11.11,0.01,4,4444,买盘
1171,13:45:00,11.1,--,239,265290,卖盘
1172,13:44:57,11.1,--,22,24420,卖盘
1173,13:44:54,11.1,-0.01,58,64380,卖盘
1174,13:44:48,11.11,--,129,143319,买盘
1175,13:44:45,11.11,--,25,27775,买盘
1176,13:44:42,11.11,--,4,4444,买盘
1177,13:44:39,11.11,--,4,4444,买盘
1178,13:44:36,11.11,0.01,51,56661,买盘
1179,13:44:33,11.1,--,27,29970,买盘
1180,13:44:30,11.1,--,44,48840,买盘
1181,13:44:27,11.1,--,317,351870,买盘
1182,13:44:24,11.1,--,36,39960,买盘
1183,13:44:21,11.1,--,4,4440,买盘
1184,13:44:18,11.1,--,137,152070,买盘
1185,13:44:15,11.1,--,20,22200,买盘
1186,13:44:12,11.1,--,84,93240,买盘
1187,13:44:09,11.1,--,18,19980,买盘
1188,13:44:06,11.1,--,20,22200,买盘
1189,13:43:57,11.1,--,91,101010,买盘
1190,13:43:54,11.1,--,110,122100,买盘
1191,13:43:48,11.1,--,27,29970,买盘
1192,13:43:45,11.1,--,5,5550,买盘
1193,13:43:42,11.1,0.01,122,135420,买盘
1194,13:43:39,11.09,-0.01,38,42142,卖盘
1195,13:43:36,11.1,--,13,14430,买盘
1196,13:43:33,11.1,--,20,22200,买盘
1197,13:43:30,11.1,--,122,135420,买盘
1198,13:43:27,11.1,--,5,5550,买盘
1199,13:43:24,11.1,--,43,47730,买盘
1200,13:43:21,11.1,--,31,34410,买盘
1201,13:43:18,11.1,--,22,24420,买盘
1202,13:43:15,11.1,0.01,14,15540,买盘
1203,13:43:12,11.09,-0.01,5,5545,卖盘
1204,13:43:09,11.1,--,24,26640,买盘
1205,13:43:06,11.1,--,68,75480,买盘
1206,13:43:03,11.1,--,25,27750,买盘
1207,13:42:57,11.1,--,20,22200,买盘
1208,13:42:54,11.1,--,25,27750,买盘
1209,13:42:51,11.1,--,89,98790,买盘
1210,13:42:48,11.1,--,24,26640,买盘
1211,13:42:45,11.1,--,5,5550,买盘
1212,13:42:42,11.1,--,27,29970,买盘
1213,13:42:39,11.1,--,4,4440,买盘
1214,13:42:36,11.1,--,30,33300,买盘
1215,13:42:33,11.1,0.01,48,53280,买盘
1216,13:42:30,11.09,-0.01,37,41033,卖盘
1217,13:42:27,11.1,--,113,125430,买盘
1218,13:42:24,11.1,0.01,20,22200,买盘
1219,13:42:21,11.09,-0.01,16,17744,卖盘
1220,13:42:18,11.1,--,34,37740,买盘
1221,13:42:12,11.1,0.01,28,31080,买盘
1222,13:42:09,11.09,-0.01,8,8872,卖盘
1223,13:42:06,11.1,0.01,30,33300,买盘
1224,13:42:03,11.09,-0.01,21,23289,卖盘
1225,13:41:57,11.1,--,4,4440,买盘
1226,13:41:54,11.1,0.01,41,45510,买盘
1227,13:41:51,11.09,-0.01,13,14417,卖盘
1228,13:41:48,11.1,--,29,32190,买盘
1229,13:41:45,11.1,--,5,5550,买盘
1230,13:41:42,11.1,--,136,150960,买盘
1231,13:41:39,11.1,--,25,27750,买盘
1232,13:41:36,11.1,0.01,9,9990,买盘
1233,13:41:33,11.09,-0.01,1,1109,卖盘
1234,13:41:30,11.1,--,20,22200,买盘
1235,13:41:27,11.1,--,30,33300,买盘
1236,13:41:24,11.1,0.01,5,5550,买盘
1237,13:41:21,11.09,--,48,53232,卖盘
1238,13:41:15,11.09,-0.01,150,166350,卖盘
1239,13:41:12,11.1,0.01,32,35520,买盘
1240,13:41:09,11.09,-0.01,25,27725,卖盘
1241,13:41:06,11.1,0.01,21,23310,买盘
1242,13:41:03,11.09,-0.01,5,5545,卖盘
1243,13:40:57,11.1,--,133,147630,买盘
1244,13:40:54,11.1,--,20,22200,买盘
1245,13:40:51,11.1,--,4,4440,买盘
1246,13:40:48,11.1,0.01,24,26640,买盘
1247,13:40:45,11.09,-0.01,7,7763,卖盘
1248,13:40:42,11.1,--,59,65490,买盘
1249,13:40:39,11.1,--,75,83250,买盘
1250,13:40:36,11.1,--,20,22200,买盘
1251,13:40:30,11.1,--,25,27750,买盘
1252,13:40:27,11.1,--,26,28860,买盘
1253,13:40:21,11.1,--,30,33300,买盘
1254,13:40:18,11.1,0.01,5,5550,买盘
1255,13:40:15,11.09,-0.01,1,1109,卖盘
1256,13:40:12,11.1,0.01,41,45510,买盘
1257,13:40:09,11.09,-0.01,29,32161,卖盘
1258,13:40:06,11.1,--,2,2220,买盘
1259,13:40:03,11.1,--,21,23310,买盘
1260,13:40:00,11.1,0.01,3,3330,买盘
1261,13:39:57,11.09,--,45,49905,买盘
1262,13:39:54,11.09,--,10,11090,买盘
1263,13:39:51,11.09,-0.01,55,60995,卖盘
1264,13:39:48,11.1,--,15,16650,买盘
1265,13:39:45,11.1,--,58,64380,买盘
1266,13:39:42,11.1,0.01,30,33300,买盘
1267,13:39:39,11.09,--,17,18853,买盘
1268,13:39:36,11.09,--,20,22180,买盘
1269,13:39:33,11.09,--,4,4436,买盘
1270,13:39:30,11.09,--,21,23289,买盘
1271,13:39:27,11.09,--,5,5545,买盘
1272,13:39:24,11.09,--,99,109791,买盘
1273,13:39:21,11.09,--,65,72085,买盘
1274,13:39:18,11.09,0.01,4,4436,买盘
1275,13:39:15,11.08,-0.01,3,3324,卖盘
1276,13:39:12,11.09,--,146,161914,买盘
1277,13:39:09,11.09,--,36,39924,买盘
1278,13:39:06,11.09,--,25,27725,买盘
1279,13:39:03,11.09,--,20,22180,买盘
1280,13:39:00,11.09,--,13,14417,买盘
1281,13:38:57,11.09,--,22,24398,买盘
1282,13:38:54,11.09,--,25,27725,买盘
1283,13:38:51,11.09,0.01,131,145279,买盘
1284,13:38:48,11.08,--,80,88640,卖盘
1285,13:38:45,11.08,-0.01,14,15512,卖盘
1286,13:38:42,11.09,--,5,5545,买盘
1287,13:38:39,11.09,--,34,37706,买盘
1288,13:38:36,11.09,--,213,236217,买盘
1289,13:38:33,11.09,--,86,95374,买盘
1290,13:38:30,11.09,--,25,27725,买盘
1291,13:38:27,11.09,--,2,2218,买盘
1292,13:38:24,11.09,--,21,23289,买盘
1293,13:38:21,11.09,--,4,4436,买盘
1294,13:38:18,11.09,0.02,90,99810,买盘
1295,13:38:15,11.07,-0.01,1,1107,卖盘
1296,13:38:12,11.08,--,12,13296,买盘
1297,13:38:06,11.08,--,16,17728,买盘
1298,13:38:03,11.08,--,5,5540,买盘
1299,13:38:00,11.08,--,17,18836,买盘
1300,13:37:57,11.08,--,73,80884,买盘
1301,13:37:54,11.08,--,5,5540,买盘
1302,13:37:48,11.08,--,24,26592,买盘
1303,13:37:45,11.08,--,15,16620,买盘
1304,13:37:42,11.08,--,74,81992,买盘
1305,13:37:39,11.08,--,9,9972,买盘
1306,13:37:36,11.08,--,11,12188,买盘
1307,13:37:30,11.08,-0.01,80,88640,卖盘
1308,13:37:27,11.09,--,27,29943,买盘
1309,13:37:24,11.09,--,14,15526,买盘
1310,13:37:15,11.09,0.01,58,64322,买盘
1311,13:37:12,11.08,-0.01,9,9972,卖盘
1312,13:37:06,11.09,--,27,29943,买盘
1313,13:37:00,11.09,0.01,76,84284,买盘
1314,13:36:57,11.08,--,79,87532,买盘
1315,13:36:54,11.08,--,29,32132,买盘
1316,13:36:51,11.08,-0.01,122,135176,卖盘
1317,13:36:42,11.09,0.01,7,7763,买盘
1318,13:36:39,11.08,-0.01,16,17728,卖盘
1319,13:36:36,11.09,0.01,3,3327,买盘
1320,13:36:33,11.08,--,44,48752,卖盘
1321,13:36:27,11.08,--,219,242652,卖盘
1322,13:36:24,11.08,--,221,244868,卖盘
1323,13:36:21,11.08,-0.01,223,247084,卖盘
1324,13:36:18,11.09,0.01,8,8872,买盘
1325,13:36:12,11.08,-0.01,4,4432,卖盘
1326,13:36:09,11.09,--,5,5545,买盘
1327,13:36:06,11.09,--,4,4436,买盘
1328,13:36:00,11.09,--,5,5545,买盘
1329,13:35:57,11.09,-0.01,131,145279,买盘
1330,13:35:54,11.1,0.01,200,222000,买盘
1331,13:35:48,11.09,--,4,4436,买盘
1332,13:35:42,11.09,--,2,2218,买盘
1333,13:35:39,11.09,-0.01,11,12199,卖盘
1334,13:35:36,11.1,--,13,14430,买盘
1335,13:35:30,11.1,0.01,1,1110,买盘
1336,13:35:27,11.09,-0.01,6,6654,卖盘
1337,13:35:24,11.1,--,4,4440,买盘
1338,13:35:15,11.1,--,1200,1332000,买盘
1339,13:35:12,11.1,0.01,92,102120,买盘
1340,13:35:09,11.09,-0.01,3,3327,卖盘
1341,13:35:06,11.1,0.01,3,3330,买盘
1342,13:35:03,11.09,-0.01,6,6654,卖盘
1343,13:34:57,11.1,--,10,11100,买盘
1344,13:34:54,11.1,--,1,1110,买盘
1345,13:34:51,11.1,--,8,8880,买盘
1346,13:34:48,11.1,--,33,36630,买盘
1347,13:34:45,11.1,--,4,4440,买盘
1348,13:34:42,11.1,--,4,4440,买盘
1349,13:34:39,11.1,0.01,3,3330,买盘
1350,13:34:36,11.09,--,24,26616,卖盘
1351,13:34:33,11.09,--,26,29488,买盘
1352,13:34:30,11.09,--,4,4436,买盘
1353,13:34:27,11.09,--,25,28179,卖盘
1354,13:34:24,11.09,-0.01,1,1763,卖盘
1355,13:34:18,11.1,--,5,5550,买盘
1356,13:34:15,11.1,--,36,39960,买盘
1357,13:34:12,11.1,--,13,14430,买盘
1358,13:34:09,11.1,--,7,7770,买盘
1359,13:34:06,11.1,--,58,64380,买盘
1360,13:34:00,11.1,--,52,57720,买盘
1361,13:33:57,11.1,--,4,4440,买盘
1362,13:33:54,11.1,--,11,12210,买盘
1363,13:33:45,11.1,0.01,82,91020,买盘
1364,13:33:42,11.09,--,12,13308,卖盘
1365,13:33:39,11.09,--,23,25507,卖盘
1366,13:33:36,11.09,--,261,289449,买盘
1367,13:33:27,11.09,--,45,49905,买盘
1368,13:33:24,11.09,--,73,80957,买盘
1369,13:33:21,11.09,-0.01,49,54341,卖盘
1370,13:33:15,11.1,--,1,1110,买盘
1371,13:33:12,11.1,--,15,16650,买盘
1372,13:33:09,11.1,0.01,71,78810,买盘
1373,13:33:06,11.09,-0.01,84,93156,卖盘
1374,13:33:03,11.1,--,4,4440,买盘
1375,13:32:51,11.1,--,5,5550,买盘
1376,13:32:48,11.1,0.02,103,114330,买盘
1377,13:32:45,11.08,--,7,7756,卖盘
1378,13:32:39,11.08,--,14,15512,卖盘
1379,13:32:36,11.08,-0.01,7,7756,卖盘
1380,13:32:33,11.09,--,59,65431,买盘
1381,13:32:30,11.09,0.01,4,4436,买盘
1382,13:32:27,11.08,--,53,58724,卖盘
1383,13:32:24,11.08,--,69,76452,卖盘
1384,13:32:18,11.08,--,24,26592,卖盘
1385,13:32:15,11.08,-0.01,11,12188,买盘
1386,13:32:12,11.09,--,108,119772,买盘
1387,13:32:09,11.09,--,4,4436,买盘
1388,13:32:06,11.09,0.01,3,3327,买盘
1389,13:31:57,11.08,0.01,370,410791,买盘
1390,13:31:54,11.07,-0.01,210,232470,卖盘
1391,13:31:48,11.08,0.01,55,60940,买盘
1392,13:31:45,11.07,--,78,86346,卖盘
1393,13:31:42,11.07,-0.01,28,30996,卖盘
1394,13:31:36,11.08,0.01,14,15512,买盘
1395,13:31:33,11.07,--,74,81918,卖盘
1396,13:31:30,11.07,-0.01,10,11070,卖盘
1397,13:31:24,11.08,0.01,13,14404,买盘
1398,13:31:21,11.07,--,1,1107,卖盘
1399,13:31:18,11.07,-0.01,64,70848,卖盘
1400,13:31:15,11.08,--,6,6648,买盘
1401,13:31:12,11.08,0.01,4,4432,买盘
1402,13:31:09,11.07,-0.01,1,1107,卖盘
1403,13:31:06,11.08,--,4,4432,买盘
1404,13:31:03,11.08,0.01,12,13296,买盘
1405,13:31:00,11.07,--,55,60885,卖盘
1406,13:30:57,11.07,--,49,54243,卖盘
1407,13:30:54,11.07,--,13,14391,卖盘
1408,13:30:51,11.07,--,74,81918,卖盘
1409,13:30:48,11.07,-0.01,48,53136,卖盘
1410,13:30:39,11.08,0.01,21,23268,买盘
1411,13:30:36,11.07,-0.01,9,9963,卖盘
1412,13:30:27,11.08,--,8,8864,买盘
1413,13:30:18,11.08,0.01,5,5540,买盘
1414,13:30:15,11.07,--,20,22140,卖盘
1415,13:30:12,11.07,-0.01,1,1107,卖盘
1416,13:30:06,11.08,--,8,8864,买盘
1417,13:30:03,11.08,0.01,2,2216,买盘
1418,13:30:00,11.07,-0.01,50,55350,卖盘
1419,13:29:54,11.08,0.01,4,4432,买盘
1420,13:29:51,11.07,-0.02,13,14391,卖盘
1421,13:29:45,11.09,0.01,72,79848,买盘
1422,13:29:42,11.08,--,59,65372,买盘
1423,13:29:33,11.08,0.01,8,8864,买盘
1424,13:29:30,11.07,-0.01,10,11070,卖盘
1425,13:29:27,11.08,0.01,87,96396,买盘
1426,13:29:21,11.07,-0.01,14,15498,卖盘
1427,13:29:18,11.08,--,30,33240,买盘
1428,13:29:09,11.08,0.01,58,64264,买盘
1429,13:29:06,11.07,-0.01,5,5535,卖盘
1430,13:29:03,11.08,--,3,3324,买盘
1431,13:29:00,11.08,--,4,4432,买盘
1432,13:28:54,11.08,0.01,72,79776,买盘
1433,13:28:51,11.07,-0.01,30,33210,卖盘
1434,13:28:48,11.08,--,4,4432,买盘
1435,13:28:39,11.08,0.01,4,4432,买盘
1436,13:28:36,11.07,-0.01,36,40715,卖盘
1437,13:28:33,11.08,--,4,4432,买盘
1438,13:28:30,11.08,--,10,11080,买盘
1439,13:28:27,11.08,--,13,14404,买盘
1440,13:28:18,11.08,--,104,115874,卖盘
1441,13:28:15,11.08,-0.01,36,39888,卖盘
1442,13:28:12,11.09,0.01,2,2218,买盘
1443,13:28:09,11.08,-0.01,100,110800,卖盘
1444,13:28:03,11.09,0.01,7,7763,买盘
1445,13:28:00,11.08,--,35,39245,买盘
1446,13:27:57,11.08,--,69,76452,买盘
1447,13:27:54,11.08,0.01,5,5540,买盘
1448,13:27:48,11.07,-0.01,1,1107,卖盘
1449,13:27:45,11.08,-0.01,425,471542,卖盘
1450,13:27:42,11.09,0.01,52,57668,买盘
1451,13:27:39,11.08,-0.01,14,16298,卖盘
1452,13:27:33,11.09,--,3,3327,买盘
1453,13:27:30,11.09,0.01,74,82066,买盘
1454,13:27:27,11.08,--,13,14404,卖盘
1455,13:27:24,11.08,-0.01,10,11080,卖盘
1456,13:27:21,11.09,--,15,16635,买盘
1457,13:27:18,11.09,--,9,9981,卖盘
1458,13:27:15,11.09,--,1,1109,卖盘
1459,13:27:12,11.09,0.01,27,29943,买盘
1460,13:27:09,11.08,--,5,5540,卖盘
1461,13:27:06,11.08,-0.02,1,1108,卖盘
1462,13:27:03,11.1,--,4,4440,买盘
1463,13:27:00,11.1,0.02,4,4440,买盘
1464,13:26:54,11.08,-0.02,600,664800,卖盘
1465,13:26:51,11.1,--,335,371850,买盘
1466,13:26:48,11.1,0.01,5,5550,买盘
1467,13:26:39,11.09,-0.01,50,55450,卖盘
1468,13:26:36,11.1,--,4,4440,买盘
1469,13:26:33,11.1,--,14,15540,买盘
1470,13:26:27,11.1,--,8,8880,买盘
1471,13:26:24,11.1,--,14,15540,买盘
1472,13:26:18,11.1,--,9,9990,买盘
1473,13:26:15,11.1,0.01,4,4440,买盘
1474,13:26:12,11.09,--,1,1109,卖盘
1475,13:26:09,11.09,-0.01,21,23289,卖盘
1476,13:26:06,11.1,--,75,83250,买盘
1477,13:26:03,11.1,--,7,7770,买盘
1478,13:25:54,11.1,--,8,8880,买盘
1479,13:25:51,11.1,--,4,4440,买盘
1480,13:25:42,11.1,--,4,4440,买盘
1481,13:25:39,11.1,--,83,92130,买盘
1482,13:25:33,11.1,--,7,7770,买盘
1483,13:25:30,11.1,0.01,4,4440,买盘
1484,13:25:24,11.09,-0.01,7,7763,卖盘
1485,13:25:21,11.1,--,4,4440,买盘
1486,13:25:18,11.1,-0.01,119,132356,卖盘
1487,13:25:12,11.11,--,9,9999,买盘
1488,13:25:09,11.11,--,4,4444,买盘
1489,13:25:03,11.11,--,4,4444,买盘
1490,13:25:00,11.11,--,1,1111,买盘
1491,13:24:57,11.11,--,5,5555,买盘
1492,13:24:54,11.11,--,11,12221,买盘
1493,13:24:51,11.11,--,20,22220,买盘
1494,13:24:48,11.11,--,19,21109,买盘
1495,13:24:42,11.11,0.01,2,2222,买盘
1496,13:24:39,11.1,-0.01,49,54390,卖盘
1497,13:24:36,11.11,--,85,94435,买盘
1498,13:24:33,11.11,0.01,3,4177,买盘
1499,13:24:30,11.1,--,25,27750,卖盘
1500,13:24:27,11.1,-0.01,1,1110,卖盘
1501,13:24:24,11.11,--,5,5555,买盘
1502,13:24:21,11.11,--,18,19998,买盘
1503,13:24:18,11.11,0.01,28,31108,买盘
1504,13:24:15,11.1,-0.01,24,26640,卖盘
1505,13:24:12,11.11,0.01,68,75548,买盘
1506,13:24:09,11.1,-0.01,12,13320,卖盘
1507,13:24:06,11.11,--,8,8888,买盘
1508,13:24:03,11.11,--,8,8888,买盘
1509,13:24:00,11.11,--,72,79992,买盘
1510,13:23:51,11.11,--,4,4444,买盘
1511,13:23:42,11.11,0.01,209,232199,买盘
1512,13:23:36,11.1,-0.01,123,136874,卖盘
1513,13:23:33,11.11,--,4,4444,买盘
1514,13:23:30,11.11,--,243,269973,买盘
1515,13:23:27,11.11,--,57,64093,买盘
1516,13:23:18,11.11,0.01,5,5555,买盘
1517,13:23:15,11.1,-0.01,1,1110,卖盘
1518,13:23:12,11.11,--,80,88880,买盘
1519,13:23:09,11.11,--,46,51106,买盘
1520,13:23:06,11.11,0.01,13,14443,买盘
1521,13:23:03,11.1,-0.01,11,12210,卖盘
1522,13:22:57,11.11,--,22,24442,买盘
1523,13:22:54,11.11,0.01,27,29997,买盘
1524,13:22:45,11.1,--,4,4440,买盘
1525,13:22:42,11.1,0.01,42,46620,买盘
1526,13:22:39,11.09,-0.01,81,89829,卖盘
1527,13:22:36,11.1,-0.01,2,2220,卖盘
1528,13:22:33,11.11,--,6,6666,买盘
1529,13:22:24,11.11,0.01,87,96657,买盘
1530,13:22:21,11.1,--,18,19980,买盘
1531,13:22:12,11.1,--,4,4440,买盘
1532,13:22:09,11.1,--,4,4440,买盘
1533,13:22:06,11.1,--,537,596469,卖盘
1534,13:22:03,11.1,-0.01,95,105450,卖盘
1535,13:22:00,11.11,0.01,137,152207,买盘
1536,13:21:57,11.1,--,11,12210,卖盘
1537,13:21:54,11.1,--,10,11100,卖盘
1538,13:21:51,11.1,--,14,15540,卖盘
1539,13:21:48,11.1,--,75,83250,卖盘
1540,13:21:42,11.1,--,20,22200,卖盘
1541,13:21:39,11.1,--,54,59940,卖盘
1542,13:21:33,11.1,--,209,231990,卖盘
1543,13:21:30,11.1,-0.01,20,22200,卖盘
1544,13:21:27,11.11,0.01,35,38885,买盘
1545,13:21:21,11.1,-0.01,150,166500,卖盘
1546,13:21:18,11.11,0.01,6,6666,买盘
1547,13:21:15,11.1,--,1,1110,卖盘
1548,13:21:09,11.1,--,1,1110,卖盘
1549,13:21:06,11.1,--,34,37740,卖盘
1550,13:21:03,11.1,-0.01,6,6660,卖盘
1551,13:21:00,11.11,0.01,9,9999,买盘
1552,13:20:57,11.1,-0.01,1,1110,卖盘
1553,13:20:54,11.11,0.01,253,281083,买盘
1554,13:20:51,11.1,--,16,17760,卖盘
1555,13:20:45,11.1,-0.01,22,25130,卖盘
1556,13:20:42,11.11,0.01,4,4444,买盘
1557,13:20:39,11.1,-0.01,49,54390,卖盘
1558,13:20:33,11.11,--,9,9999,买盘
1559,13:20:30,11.11,0.01,68,75548,买盘
1560,13:20:27,11.1,-0.01,10,11100,卖盘
1561,13:20:24,11.11,--,9,9999,买盘
1562,13:20:21,11.11,--,10,11110,买盘
1563,13:20:18,11.11,--,9,9999,买盘
1564,13:20:15,11.11,--,81,89991,买盘
1565,13:20:12,11.11,--,4,4444,买盘
1566,13:20:03,11.11,--,3,3333,买盘
1567,13:20:00,11.11,--,14,15554,买盘
1568,13:19:54,11.11,--,15,16665,买盘
1569,13:19:51,11.11,--,9,9999,买盘
1570,13:19:48,11.11,--,29,32219,买盘
1571,13:19:45,11.11,--,9,9999,买盘
1572,13:19:42,11.11,--,2,2222,买盘
1573,13:19:39,11.11,--,64,71104,买盘
1574,13:19:33,11.11,--,9,9999,买盘
1575,13:19:30,11.11,--,8,8888,买盘
1576,13:19:27,11.11,--,4,4444,买盘
1577,13:19:24,11.11,--,9,9999,买盘
1578,13:19:18,11.11,--,9,9999,买盘
1579,13:19:15,11.11,--,6,6666,买盘
1580,13:19:06,11.11,--,4,4444,买盘
1581,13:19:00,11.11,--,97,107767,买盘
1582,13:18:54,11.11,--,5,5555,买盘
1583,13:18:42,11.11,0.01,72,79992,买盘
1584,13:18:39,11.1,--,49,54390,卖盘
1585,13:18:36,11.1,-0.01,10,11100,卖盘
1586,13:18:33,11.11,--,5,5555,买盘
1587,13:18:30,11.11,--,3,3333,买盘
1588,13:18:27,11.11,--,322,357742,买盘
1589,13:18:21,11.11,0.01,4,4444,买盘
1590,13:18:12,11.1,--,107,118770,卖盘
1591,13:18:09,11.1,--,11,12210,卖盘
1592,13:18:03,11.1,--,424,470640,买盘
1593,13:18:00,11.1,0.01,9,9990,买盘
1594,13:17:57,11.09,-0.01,50,55450,卖盘
1595,13:17:54,11.1,--,2,2220,买盘
1596,13:17:51,11.1,--,11,12210,买盘
1597,13:17:48,11.1,0.01,4,4440,买盘
1598,13:17:42,11.09,--,11,12199,卖盘
1599,13:17:39,11.09,-0.01,105,116445,卖盘
1600,13:17:30,11.1,0.01,4,4440,买盘
1601,13:17:27,11.09,--,24,26616,卖盘
1602,13:17:18,11.09,-0.01,11,12199,卖盘
1603,13:17:15,11.1,0.01,28,31080,买盘
1604,13:17:12,11.09,--,30,33270,卖盘
1605,13:17:09,11.09,-0.01,11,12986,卖盘
1606,13:17:03,11.1,--,8,8880,买盘
1607,13:17:00,11.1,--,11,12210,买盘
1608,13:16:54,11.1,0.01,73,81030,买盘
1609,13:16:51,11.09,-0.01,46,51014,卖盘
1610,13:16:42,11.1,0.01,8,8880,买盘
1611,13:16:39,11.09,--,49,54341,卖盘
1612,13:16:36,11.09,--,21,23289,卖盘
1613,13:16:33,11.09,-0.01,2,2218,卖盘
1614,13:16:30,11.1,0.01,11,12210,买盘
1615,13:16:27,11.09,-0.01,1,1109,卖盘
1616,13:16:21,11.1,0.01,4,4440,买盘
1617,13:16:18,11.09,--,3,3327,卖盘
1618,13:16:15,11.09,--,11,12199,卖盘
1619,13:16:09,11.09,--,11,12199,卖盘
1620,13:16:06,11.09,-0.01,28,31052,卖盘
1621,13:16:00,11.1,0.01,33,36630,买盘
1622,13:15:57,11.09,-0.01,138,153042,卖盘
1623,13:15:51,11.1,--,10,11100,买盘
1624,13:15:48,11.1,0.01,5,5550,买盘
1625,13:15:45,11.09,--,11,12199,卖盘
1626,13:15:42,11.09,--,1,1109,卖盘
1627,13:15:39,11.09,--,50,55450,卖盘
1628,13:15:36,11.09,-0.01,7,7763,卖盘
1629,13:15:30,11.1,--,4,4440,买盘
1630,13:15:24,11.1,0.01,73,81030,买盘
1631,13:15:18,11.09,-0.01,11,12199,卖盘
1632,13:15:15,11.1,--,16,17760,买盘
1633,13:15:12,11.1,--,4,4440,买盘
1634,13:15:03,11.1,--,72,79920,买盘
1635,13:15:00,11.1,--,4,4440,买盘
1636,13:14:51,11.1,0.01,4,4440,买盘
1637,13:14:45,11.09,-0.01,1,1109,卖盘
1638,13:14:42,11.1,--,4,4440,买盘
1639,13:14:39,11.1,0.01,60,66600,买盘
1640,13:14:33,11.09,--,6,6654,买盘
1641,13:14:30,11.09,--,78,86502,买盘
1642,13:14:27,11.09,--,2,2218,买盘
1643,13:14:24,11.09,0.01,1,1109,买盘
1644,13:14:21,11.08,-0.01,1,1108,卖盘
1645,13:14:18,11.09,0.01,5,5545,买盘
1646,13:14:15,11.08,-0.01,1,1108,卖盘
1647,13:14:09,11.09,--,4,4436,买盘
1648,13:14:06,11.09,0.01,49,54341,买盘
1649,13:14:00,11.08,-0.01,7,7756,卖盘
1650,13:13:57,11.09,--,6,6654,买盘
1651,13:13:54,11.09,--,7,7763,买盘
1652,13:13:48,11.09,--,1,1109,买盘
1653,13:13:45,11.09,--,4,4436,买盘
1654,13:13:39,11.09,0.01,54,59886,买盘
1655,13:13:36,11.08,--,6,6648,卖盘
1656,13:13:33,11.08,--,3,3324,卖盘
1657,13:13:30,11.08,-0.02,30,33240,卖盘
1658,13:13:27,11.1,0.01,6,6660,买盘
1659,13:13:24,11.09,0.01,4,4436,买盘
1660,13:13:18,11.08,-0.01,20,22160,卖盘
1661,13:13:15,11.09,--,79,87611,买盘
1662,13:13:12,11.09,--,5,5545,买盘
1663,13:13:03,11.09,0.01,5,5545,买盘
1664,13:12:57,11.08,-0.01,1,1108,卖盘
1665,13:12:51,11.09,--,6,6654,买盘
1666,13:12:48,11.09,--,12,13308,卖盘
1667,13:12:42,11.09,-0.01,3,3327,卖盘
1668,13:12:39,11.1,0.02,54,59940,买盘
1669,13:12:30,11.08,--,8,8864,卖盘
1670,13:12:27,11.08,--,151,167407,卖盘
1671,13:12:21,11.08,-0.01,1,1108,卖盘
1672,13:12:18,11.09,--,8,9881,卖盘
1673,13:12:12,11.09,-0.01,10,11090,卖盘
1674,13:12:06,11.1,-0.01,55,61050,卖盘
1675,13:12:00,11.11,--,1,1111,买盘
1676,13:11:57,11.11,0.01,5,5555,买盘
1677,13:11:54,11.1,--,5,5550,卖盘
1678,13:11:51,11.1,0.01,5,5550,买盘
1679,13:11:48,11.09,--,8,8971,买盘
1680,13:11:45,11.09,--,23,25507,买盘
1681,13:11:39,11.09,-0.02,17,19862,卖盘
1682,13:11:27,11.11,0.01,7,7777,买盘
1683,13:11:24,11.1,--,31,34410,买盘
1684,13:11:18,11.1,0.01,79,87690,买盘
1685,13:11:15,11.09,--,2,2218,卖盘
1686,13:11:03,11.09,0.01,5,5644,买盘
1687,13:11:00,11.08,--,8,8864,卖盘
1688,13:10:57,11.08,-0.01,3,3324,卖盘
1689,13:10:54,11.09,0.01,11,12199,买盘
1690,13:10:51,11.08,--,4,4432,卖盘
1691,13:10:45,11.08,--,2,2216,卖盘
1692,13:10:39,11.08,--,76,84208,卖盘
1693,13:10:36,11.08,--,3,3324,卖盘
1694,13:10:27,11.08,--,1,1108,卖盘
1695,13:10:24,11.08,--,100,110800,卖盘
1696,13:10:18,11.08,--,40,44320,买盘
1697,13:10:15,11.08,--,31,34348,买盘
1698,13:10:09,11.08,0.01,53,58724,买盘
1699,13:10:03,11.07,-0.01,40,44280,卖盘
1700,13:09:54,11.08,--,10,11080,买盘
1701,13:09:51,11.08,--,19,21052,买盘
1702,13:09:39,11.08,-0.01,27,29916,卖盘
1703,13:09:33,11.09,--,30,33270,买盘
1704,13:09:30,11.09,0.01,2,2218,买盘
1705,13:09:27,11.08,-0.01,25,27700,卖盘
1706,13:09:24,11.09,0.01,69,76521,买盘
1707,13:09:21,11.08,0.01,108,119664,买盘
1708,13:09:15,11.07,--,4,4428,卖盘
1709,13:09:12,11.07,--,5,5535,卖盘
1710,13:08:54,11.07,--,10,11070,卖盘
1711,13:08:39,11.07,-0.01,49,54243,卖盘
1712,13:08:36,11.08,-0.01,10,11080,中性盘
1713,13:08:27,11.09,0.01,53,58777,买盘
1714,13:08:18,11.08,--,48,53184,卖盘
1715,13:08:15,11.08,--,1,1108,卖盘
1716,13:08:09,11.08,-0.01,2,2216,卖盘
1717,13:08:06,11.09,--,10,11090,买盘
1718,13:08:00,11.09,0.01,20,22180,买盘
1719,13:07:54,11.08,--,40,44320,卖盘
1720,13:07:51,11.08,--,2,2216,卖盘
1721,13:07:45,11.08,--,8,8864,卖盘
1722,13:07:39,11.08,-0.01,99,109692,卖盘
1723,13:07:33,11.09,0.01,319,353771,买盘
1724,13:07:30,11.08,--,1,1108,卖盘
1725,13:07:15,11.08,-0.01,1,1108,卖盘
1726,13:07:12,11.09,--,13,14417,买盘
1727,13:06:54,11.09,--,10,11090,买盘
1728,13:06:48,11.09,-0.01,347,384823,卖盘
1729,13:06:45,11.1,0.01,60,66600,买盘
1730,13:06:39,11.09,-0.02,53,58777,卖盘
1731,13:06:27,11.11,0.01,20,22220,买盘
1732,13:06:21,11.1,-0.01,209,231990,卖盘
1733,13:06:15,11.11,--,12,13332,买盘
1734,13:06:12,11.11,-0.01,35,38885,卖盘
1735,13:05:54,11.12,0.01,2,2224,买盘
1736,13:05:51,11.11,-0.01,100,111100,卖盘
1737,13:05:39,11.12,--,80,88960,买盘
1738,13:05:36,11.12,--,16,17792,卖盘
1739,13:05:33,11.12,--,7,7783,卖盘
1740,13:05:30,11.12,--,22,24464,卖盘
1741,13:05:21,11.12,--,32,35584,卖盘
1742,13:05:18,11.12,--,17,18904,卖盘
1743,13:05:12,11.12,-0.01,18,20016,卖盘
1744,13:05:06,11.13,0.01,1,1113,买盘
1745,13:05:00,11.12,--,21,23352,卖盘
1746,13:04:57,11.12,--,3,3335,卖盘
1747,13:04:54,11.12,--,6,6671,卖盘
1748,13:04:42,11.12,--,11,12232,卖盘
1749,13:04:39,11.12,-0.01,49,54487,卖盘
1750,13:04:27,11.13,--,126,140238,买盘
1751,13:04:18,11.13,--,2,2226,买盘
1752,13:04:15,11.13,--,11,12243,买盘
1753,13:04:06,11.13,0.02,138,153594,买盘
1754,13:04:03,11.11,-0.02,1,1111,买盘
1755,13:04:00,11.13,--,16,17808,买盘
1756,13:03:48,11.13,--,70,77910,买盘
1757,13:03:45,11.13,0.03,137,152481,买盘
1758,13:03:39,11.1,-0.02,49,54390,卖盘
1759,13:03:36,11.12,0.02,1,1112,买盘
1760,13:03:33,11.1,--,6,6660,卖盘
1761,13:03:30,11.1,-0.03,1,1110,卖盘
1762,13:03:24,11.13,0.03,136,151368,买盘
1763,13:03:18,11.1,--,3,3330,卖盘
1764,13:03:12,11.1,-0.03,12,13320,卖盘
1765,13:03:06,11.13,0.03,136,151368,买盘
1766,13:03:03,11.1,-0.03,3,3330,卖盘
1767,13:02:57,11.13,--,23,25599,买盘
1768,13:02:54,11.13,0.03,10,11130,买盘
1769,13:02:48,11.1,-0.03,2,2220,卖盘
1770,13:02:45,11.13,0.02,147,163611,买盘
1771,13:02:39,11.11,-0.01,13,14942,卖盘
1772,13:02:33,11.12,-0.01,5,5560,中性盘
1773,13:02:27,11.13,--,29,32277,买盘
1774,13:02:24,11.13,0.02,137,152481,买盘
1775,13:02:15,11.11,--,1,1111,卖盘
1776,13:02:12,11.11,--,1,1722,卖盘
1777,13:02:06,11.11,-0.02,13,14443,卖盘
1778,13:02:03,11.13,0.01,136,151368,买盘
1779,13:02:00,11.12,--,4,4448,买盘
1780,13:01:57,11.12,--,73,81176,买盘
1781,13:01:54,11.12,--,5,5560,买盘
1782,13:01:45,11.12,--,136,151232,买盘
1783,13:01:42,11.12,0.01,2,2224,买盘
1784,13:01:39,11.11,-0.01,50,55550,卖盘
1785,13:01:30,11.12,0.01,1,1112,买盘
1786,13:01:27,11.11,-0.01,1,1111,卖盘
1787,13:01:24,11.12,0.01,137,152344,买盘
1788,13:01:21,11.11,-0.01,1,1111,卖盘
1789,13:01:18,11.12,0.01,1,1112,买盘
1790,13:01:15,11.11,-0.01,10,11110,中性盘
1791,13:01:03,11.12,0.01,136,151232,买盘
1792,13:00:57,11.11,--,2,2222,买盘
1793,13:00:45,11.11,0.01,136,151096,买盘
1794,13:00:42,11.1,0.01,5,5550,中性盘
1795,13:00:36,11.09,--,2,2218,卖盘
1796,13:00:30,11.09,-0.02,1,1109,卖盘
1797,13:00:21,11.11,0.01,136,151096,买盘
1798,13:00:12,11.1,0.01,1,1110,买盘
1799,13:00:09,11.09,-0.01,2,2218,卖盘
1800,13:00:06,11.1,0.01,156,173160,买盘
1801,13:00:03,11.09,-0.01,98,108682,买盘
1802,13:00:00,11.1,--,0,0,买盘
1803,11:30:00,11.1,0.02,70,77700,买盘
1804,11:29:57,11.08,--,8,8864,卖盘
1805,11:29:51,11.08,-0.01,168,186144,卖盘
1806,11:29:48,11.09,-0.01,4,4436,中性盘
1807,11:29:45,11.1,0.02,136,150960,买盘
1808,11:29:39,11.08,-0.01,49,54292,卖盘
1809,11:29:36,11.09,--,10,11090,买盘
1810,11:29:33,11.09,--,21,23289,买盘
1811,11:29:30,11.09,0.01,12,13308,买盘
1812,11:29:27,11.08,--,10,11080,卖盘
1813,11:29:24,11.08,--,10,11080,卖盘
1814,11:29:21,11.08,--,9,9972,卖盘
1815,11:29:15,11.08,-0.01,28,31024,卖盘
1816,11:29:06,11.09,--,7,7763,买盘
1817,11:28:57,11.09,-0.01,463,513467,卖盘
1818,11:28:51,11.1,0.01,17,18870,买盘
1819,11:28:48,11.09,-0.01,10,11090,卖盘
1820,11:28:39,11.1,--,73,81030,买盘
1821,11:28:33,11.1,0.01,2,2220,买盘
1822,11:28:27,11.09,-0.01,4,4436,卖盘
1823,11:28:24,11.1,--,8,8880,买盘
1824,11:28:18,11.1,0.01,6,6660,买盘
1825,11:28:15,11.09,-0.01,2,2218,卖盘
1826,11:28:12,11.1,--,34,37740,买盘
1827,11:28:09,11.1,0.01,78,86580,买盘
1828,11:28:06,11.09,-0.01,10,11090,卖盘
1829,11:28:03,11.1,--,86,95460,买盘
1830,11:28:00,11.1,--,2,2220,买盘
1831,11:27:57,11.1,0.01,41,45510,买盘
1832,11:27:54,11.09,--,5,5545,卖盘
1833,11:27:51,11.09,--,22,24398,卖盘
1834,11:27:45,11.09,--,2,2218,卖盘
1835,11:27:39,11.09,--,49,54341,卖盘
1836,11:27:36,11.09,--,10,11090,卖盘
1837,11:27:33,11.09,-0.01,10,11090,卖盘
1838,11:27:24,11.1,--,1,1110,买盘
1839,11:27:21,11.1,--,27,29970,买盘
1840,11:27:18,11.1,0.01,5,5550,买盘
1841,11:27:12,11.09,--,14,15526,卖盘
1842,11:27:06,11.09,-0.01,5,5545,卖盘
1843,11:26:54,11.1,--,1,1110,买盘
1844,11:26:42,11.1,--,8,8880,买盘
1845,11:26:39,11.1,--,52,57720,买盘
1846,11:26:30,11.1,--,23,25530,买盘
1847,11:26:27,11.1,--,4,4440,买盘
1848,11:26:21,11.1,-0.01,718,797424,卖盘
1849,11:26:18,11.11,-0.01,1,1111,卖盘
1850,11:26:09,11.12,0.01,4,4448,买盘
1851,11:26:03,11.11,--,171,189981,卖盘
1852,11:26:00,11.11,-0.01,50,55550,卖盘
1853,11:25:45,11.12,--,7,7783,买盘
1854,11:25:39,11.12,--,53,58935,买盘
1855,11:25:36,11.12,0.01,5,5560,买盘
1856,11:25:33,11.11,--,23,25553,卖盘
1857,11:25:24,11.11,--,4,4444,卖盘
1858,11:25:21,11.11,-0.01,4,4444,卖盘
1859,11:25:03,11.12,--,5,5560,买盘
1860,11:25:00,11.12,0.01,6,6671,买盘
1861,11:24:54,11.11,-0.01,3,3333,卖盘
1862,11:24:51,11.12,--,2,2224,买盘
1863,11:24:48,11.12,0.01,2,2224,买盘
1864,11:24:42,11.11,--,5,5555,卖盘
1865,11:24:39,11.11,-0.01,49,54439,卖盘
1866,11:24:36,11.12,0.01,235,261319,买盘
1867,11:24:33,11.11,-0.01,35,38885,卖盘
1868,11:24:30,11.12,--,1,1112,买盘
1869,11:24:27,11.12,0.01,73,81176,买盘
1870,11:24:24,11.11,--,10,11110,卖盘
1871,11:24:18,11.11,-0.01,30,33330,卖盘
1872,11:24:12,11.12,0.01,1,1112,买盘
1873,11:24:09,11.11,--,1,1111,卖盘
1874,11:24:03,11.11,-0.01,39,43329,卖盘
1875,11:23:57,11.12,--,8,8896,买盘
1876,11:23:54,11.12,--,67,74504,买盘
1877,11:23:45,11.12,0.01,17,18904,买盘
1878,11:23:39,11.11,-0.01,49,54439,卖盘
1879,11:23:36,11.12,--,4,4448,买盘
1880,11:23:33,11.12,--,32,35584,买盘
1881,11:23:24,11.12,--,3,3335,买盘
1882,11:23:21,11.12,0.01,5,5560,买盘
1883,11:23:12,11.11,-0.02,3,3333,卖盘
1884,11:23:09,11.13,0.02,267,297171,买盘
1885,11:23:06,11.11,--,7,7777,卖盘
1886,11:23:03,11.11,--,20,22220,卖盘
1887,11:23:00,11.11,-0.01,1,1777,卖盘
1888,11:22:57,11.12,--,155,172360,买盘
1889,11:22:54,11.12,--,6,6671,买盘
1890,11:22:48,11.12,0.01,4,4448,买盘
1891,11:22:45,11.11,--,6,6666,卖盘
1892,11:22:39,11.11,--,169,187759,卖盘
1893,11:22:36,11.11,-0.01,35,38885,中性盘
1894,11:22:15,11.12,0.01,20,22240,买盘
1895,11:22:12,11.11,--,14,15554,买盘
1896,11:22:09,11.11,--,34,37774,买盘
1897,11:22:06,11.11,--,22,24442,买盘
1898,11:21:54,11.11,-0.01,2,2222,中性盘
1899,11:21:42,11.12,0.02,76,84512,买盘
1900,11:21:39,11.1,--,58,64380,卖盘
1901,11:21:36,11.1,-0.01,60,66600,卖盘
1902,11:21:33,11.11,--,2,2222,买盘
1903,11:21:30,11.11,--,22,24442,买盘
1904,11:21:24,11.11,--,4,4444,买盘
1905,11:21:18,11.11,--,21,23331,买盘
1906,11:21:06,11.11,--,5,5555,买盘
1907,11:21:03,11.11,-0.01,130,144430,卖盘
1908,11:20:54,11.12,--,12,13343,买盘
1909,11:20:51,11.12,0.01,8,8896,买盘
1910,11:20:45,11.11,-0.01,8,8888,卖盘
1911,11:20:42,11.12,0.01,124,137888,买盘
1912,11:20:39,11.11,-0.01,50,55550,卖盘
1913,11:20:33,11.12,0.01,4,4448,买盘
1914,11:20:30,11.11,-0.01,110,122210,卖盘
1915,11:20:27,11.12,--,249,276888,卖盘
1916,11:20:24,11.12,-0.01,110,122319,卖盘
1917,11:20:21,11.13,0.01,22,24486,买盘
1918,11:20:15,11.12,-0.01,2,2224,卖盘
1919,11:20:06,11.13,--,2,2226,买盘
1920,11:20:03,11.13,--,50,55650,买盘
1921,11:20:00,11.13,0.01,5,5565,买盘
1922,11:19:57,11.12,--,62,68944,卖盘
1923,11:19:54,11.12,--,3,3335,卖盘
1924,11:19:45,11.12,--,6,6671,卖盘
1925,11:19:42,11.12,--,1,1112,卖盘
1926,11:19:39,11.12,-0.01,49,54487,卖盘
1927,11:19:36,11.13,0.01,653,726789,买盘
1928,11:19:30,11.12,-0.01,4,4448,卖盘
1929,11:19:27,11.13,--,11,12243,买盘
1930,11:19:24,11.13,--,4,4452,买盘
1931,11:19:21,11.13,--,1,1113,买盘
1932,11:19:18,11.13,0.01,10,11130,买盘
1933,11:19:15,11.12,-0.01,30,33360,卖盘
1934,11:19:09,11.13,0.02,1,1113,买盘
1935,11:19:06,11.11,-0.02,80,88880,卖盘
1936,11:18:54,11.13,--,1,1113,买盘
1937,11:18:51,11.13,--,5,5565,买盘
1938,11:18:45,11.13,0.02,87,96831,买盘
1939,11:18:39,11.11,-0.01,49,54439,卖盘
1940,11:18:36,11.12,0.01,37,41966,买盘
1941,11:18:30,11.11,--,20,22220,卖盘
1942,11:18:24,11.11,-0.01,12,13332,卖盘
1943,11:18:18,11.12,--,4,4448,买盘
1944,11:18:15,11.12,-0.01,0,289,卖盘
1945,11:18:09,11.13,--,64,71232,买盘
1946,11:18:06,11.13,--,1,1113,买盘
1947,11:17:57,11.13,0.02,105,117688,买盘
1948,11:17:54,11.11,-0.01,9,9999,卖盘
1949,11:17:45,11.12,-0.01,5,5849,卖盘
1950,11:17:42,11.13,0.01,49,54537,买盘
1951,11:17:39,11.12,-0.01,49,54487,卖盘
1952,11:17:33,11.13,--,26,28938,买盘
1953,11:17:27,11.13,0.01,22,24486,买盘
1954,11:17:24,11.12,--,8,8896,卖盘
1955,11:17:21,11.12,-0.01,102,113423,卖盘
1956,11:17:18,11.13,--,17,18921,卖盘
1957,11:17:15,11.13,--,29,32277,买盘
1958,11:17:09,11.13,--,173,192549,买盘
1959,11:17:06,11.13,--,57,63441,卖盘
1960,11:17:03,11.13,--,49,54537,买盘
1961,11:17:00,11.13,0.01,71,79023,买盘
1962,11:16:57,11.12,--,5,5560,卖盘
1963,11:16:54,11.12,--,13,14455,卖盘
1964,11:16:48,11.12,-0.01,15,16680,卖盘
1965,11:16:45,11.13,--,22,24486,买盘
1966,11:16:42,11.13,0.01,10,11130,买盘
1967,11:16:39,11.12,--,49,54487,卖盘
1968,11:16:36,11.12,-0.01,61,67832,卖盘
1969,11:16:33,11.13,--,1,1113,买盘
1970,11:16:27,11.13,0.01,6,6678,中性盘
1971,11:16:24,11.12,--,17,18904,卖盘
1972,11:16:21,11.12,-0.01,23,26398,卖盘
1973,11:16:18,11.13,0.01,764,850332,买盘
1974,11:16:15,11.12,--,55,61159,卖盘
1975,11:16:09,11.12,-0.01,4,4448,卖盘
1976,11:16:06,11.13,--,2,2226,买盘
1977,11:16:03,11.13,--,4,4452,买盘
1978,11:16:00,11.13,0.01,50,55650,买盘
1979,11:15:57,11.12,--,100,111199,卖盘
1980,11:15:54,11.12,--,3,3335,卖盘
1981,11:15:51,11.12,--,9,10008,卖盘
1982,11:15:39,11.12,--,159,176808,卖盘
1983,11:15:30,11.12,0.01,85,94520,买盘
1984,11:15:27,11.11,-0.01,4,4444,卖盘
1985,11:15:21,11.12,--,29,32247,卖盘
1986,11:15:18,11.12,--,13,14455,卖盘
1987,11:15:15,11.12,--,9,10008,买盘
1988,11:15:03,11.12,0.01,1,1112,买盘
1989,11:14:57,11.11,-0.01,7,7777,卖盘
1990,11:14:54,11.12,--,35,38920,卖盘
1991,11:14:51,11.12,--,70,77840,买盘
1992,11:14:42,11.12,-0.01,6,6671,卖盘
1993,11:14:39,11.13,0.01,275,306075,买盘
1994,11:14:36,11.12,--,1,1112,买盘
1995,11:14:30,11.12,--,20,22240,买盘
1996,11:14:27,11.12,--,22,24464,买盘
1997,11:14:21,11.12,--,9,10897,卖盘
1998,11:14:18,11.12,--,0,222,买盘
1999,11:14:15,11.12,-0.01,155,173249,卖盘
2000,11:14:12,11.13,--,191,212583,买盘
2001,11:14:06,11.13,0.01,8,8904,买盘
2002,11:14:00,11.12,-0.01,10,11120,卖盘
2003,11:13:54,11.13,--,6,6678,买盘
2004,11:13:51,11.13,--,7,7791,买盘
2005,11:13:48,11.13,0.01,21,23373,买盘
2006,11:13:42,11.12,-0.01,20,22240,卖盘
2007,11:13:39,11.13,0.01,149,165837,买盘
2008,11:13:36,11.12,-0.01,35,38920,卖盘
2009,11:13:33,11.13,--,20,22260,买盘
2010,11:13:30,11.13,0.01,29,32277,买盘
2011,11:13:27,11.12,-0.01,140,155680,卖盘
2012,11:13:24,11.13,--,10,11130,买盘
2013,11:13:18,11.13,--,7,7791,买盘
2014,11:13:15,11.13,0.01,4,4452,买盘
2015,11:13:12,11.12,-0.01,71,78952,卖盘
2016,11:13:09,11.13,0.01,8,8904,买盘
2017,11:13:06,11.12,--,2,2224,卖盘
2018,11:13:03,11.12,-0.01,10,11120,卖盘
2019,11:13:00,11.13,0.01,25,27825,买盘
2020,11:12:57,11.12,--,10,11120,卖盘
2021,11:12:54,11.12,--,5,5560,卖盘
2022,11:12:48,11.12,-0.01,37,41144,卖盘
2023,11:12:45,11.13,--,79,87927,买盘
2024,11:12:42,11.13,--,1,1113,买盘
2025,11:12:39,11.13,0.01,54,60102,买盘
2026,11:12:36,11.12,--,1,1112,卖盘
2027,11:12:33,11.12,-0.01,39,43368,卖盘
2028,11:12:27,11.13,0.01,25,27825,买盘
2029,11:12:24,11.12,--,5,5560,卖盘
2030,11:12:21,11.12,--,66,73392,卖盘
2031,11:12:15,11.12,-0.01,6,6671,卖盘
2032,11:12:12,11.13,--,1,1113,买盘
2033,11:12:09,11.13,--,20,22260,买盘
2034,11:12:06,11.13,0.01,19,21147,买盘
2035,11:12:03,11.12,--,437,485943,卖盘
2036,11:11:54,11.12,--,4,4448,卖盘
2037,11:11:51,11.12,-0.01,24,26910,卖盘
2038,11:11:48,11.13,0.01,8,8904,买盘
2039,11:11:45,11.12,-0.01,20,22240,卖盘
2040,11:11:42,11.13,0.01,112,124656,买盘
2041,11:11:39,11.12,-0.01,79,87848,卖盘
2042,11:11:36,11.13,--,2,2226,买盘
2043,11:11:33,11.13,--,54,60102,买盘
2044,11:11:27,11.13,--,32,35616,买盘
2045,11:11:21,11.13,--,171,190323,买盘
2046,11:11:15,11.13,--,20,22260,买盘
2047,11:11:12,11.13,--,631,702303,买盘
2048,11:11:09,11.13,--,1,1113,买盘
2049,11:11:06,11.13,--,10,11130,买盘
2050,11:11:03,11.13,--,21,23373,买盘
2051,11:11:00,11.13,--,15,16695,买盘
2052,11:10:57,11.13,0.01,22,24486,买盘
2053,11:10:54,11.12,-0.01,323,359176,卖盘
2054,11:10:51,11.13,--,27,30051,买盘
2055,11:10:48,11.13,--,12,13356,买盘
2056,11:10:45,11.13,0.01,30,33390,买盘
2057,11:10:42,11.12,-0.01,20,22240,卖盘
2058,11:10:39,11.13,--,59,65667,买盘
2059,11:10:36,11.13,--,28,31164,买盘
2060,11:10:33,11.13,--,22,24486,买盘
2061,11:10:30,11.13,--,14,15582,买盘
2062,11:10:27,11.13,--,8,8904,买盘
2063,11:10:24,11.13,--,25,27825,买盘
2064,11:10:18,11.13,--,83,92379,买盘
2065,11:10:15,11.13,--,20,22260,买盘
2066,11:10:12,11.13,--,132,146916,买盘
2067,11:10:06,11.13,0.01,109,121317,买盘
2068,11:10:03,11.12,--,7,7783,卖盘
2069,11:10:00,11.12,-0.01,27,30023,卖盘
2070,11:09:57,11.13,--,12,13356,买盘
2071,11:09:54,11.13,--,20,22260,买盘
2072,11:09:51,11.13,--,4,4452,买盘
2073,11:09:48,11.13,--,8,8904,买盘
2074,11:09:45,11.13,--,53,58989,买盘
2075,11:09:42,11.13,0.01,20,22260,买盘
2076,11:09:39,11.12,--,49,54487,卖盘
2077,11:09:36,11.12,-0.01,4,4448,卖盘
2078,11:09:33,11.13,--,20,22260,买盘
2079,11:09:30,11.13,--,21,23373,买盘
2080,11:09:27,11.13,--,7,7791,买盘
2081,11:09:21,11.13,--,40,44520,买盘
2082,11:09:18,11.13,--,5,5565,买盘
2083,11:09:15,11.13,--,21,23373,买盘
2084,11:09:12,11.13,--,12,13356,买盘
2085,11:09:09,11.13,--,30,33390,买盘
2086,11:09:06,11.13,--,9,10017,买盘
2087,11:09:03,11.13,0.01,98,109074,买盘
2088,11:09:00,11.12,--,987,1097544,买盘
2089,11:08:57,11.12,--,72,80064,买盘
2090,11:08:51,11.12,0.01,30,33360,买盘
2091,11:08:48,11.11,--,30,33330,卖盘
2092,11:08:45,11.11,--,43,47773,卖盘
2093,11:08:42,11.11,-0.01,5,5555,卖盘
2094,11:08:39,11.12,0.01,69,76728,买盘
2095,11:08:36,11.11,-0.01,10,11110,卖盘
2096,11:08:33,11.12,0.01,69,77517,买盘
2097,11:08:27,11.11,--,50,55550,买盘
2098,11:08:18,11.11,--,21,23331,买盘
2099,11:08:15,11.11,--,54,59994,买盘
2100,11:08:12,11.11,-0.01,115,128087,卖盘
2101,11:08:09,11.12,--,41,45592,买盘
2102,11:08:06,11.12,0.01,22,24464,买盘
2103,11:08:03,11.11,--,25,27775,卖盘
2104,11:08:00,11.11,-0.01,12,13332,卖盘
2105,11:07:57,11.12,--,24,26687,买盘
2106,11:07:54,11.12,--,42,46704,买盘
2107,11:07:51,11.12,--,20,22240,买盘
2108,11:07:45,11.12,--,5,5560,买盘
2109,11:07:42,11.12,0.01,50,55599,买盘
2110,11:07:39,11.11,--,61,67771,卖盘
2111,11:07:36,11.11,-0.01,34,37774,卖盘
2112,11:07:33,11.12,--,20,22240,买盘
2113,11:07:30,11.12,--,21,23352,买盘
2114,11:07:27,11.12,--,71,78952,买盘
2115,11:07:24,11.12,--,10,11120,买盘
2116,11:07:21,11.12,--,20,22240,买盘
2117,11:07:18,11.12,--,9,10008,买盘
2118,11:07:15,11.12,--,20,22240,买盘
2119,11:07:12,11.12,--,89,98968,买盘
2120,11:07:09,11.12,0.01,13,14455,买盘
2121,11:07:06,11.11,-0.01,24,26664,卖盘
2122,11:07:03,11.12,0.01,24,26687,买盘
2123,11:07:00,11.11,-0.01,23,25553,卖盘
2124,11:06:54,11.12,--,114,126767,买盘
2125,11:06:51,11.12,--,20,22240,买盘
2126,11:06:48,11.12,--,1,1112,买盘
2127,11:06:45,11.12,--,52,57823,买盘
2128,11:06:42,11.12,0.01,41,45592,买盘
2129,11:06:39,11.11,--,84,93324,卖盘
2130,11:06:36,11.11,-0.01,247,274417,卖盘
2131,11:06:33,11.12,--,28,31135,买盘
2132,11:06:30,11.12,--,29,32247,买盘
2133,11:06:27,11.12,--,2,2224,买盘
2134,11:06:24,11.12,--,26,28911,买盘
2135,11:06:21,11.12,--,21,23352,买盘
2136,11:06:15,11.12,--,20,22240,买盘
2137,11:06:12,11.12,--,20,22240,买盘
2138,11:06:09,11.12,--,23,25576,买盘
2139,11:06:06,11.12,--,178,197936,买盘
2140,11:06:03,11.12,--,20,22240,买盘
2141,11:06:00,11.12,-0.01,98,108975,卖盘
2142,11:05:57,11.13,--,29,32277,买盘
2143,11:05:54,11.13,0.02,20,22260,买盘
2144,11:05:51,11.11,--,11,12221,卖盘
2145,11:05:48,11.11,-0.01,75,83325,卖盘
2146,11:05:45,11.12,--,36,40032,买盘
2147,11:05:42,11.12,--,34,37808,买盘
2148,11:05:39,11.12,-0.01,20,22240,买盘
2149,11:05:36,11.13,--,11,12243,买盘
2150,11:05:33,11.13,--,20,22260,买盘
2151,11:05:30,11.13,0.01,69,76797,买盘
2152,11:05:27,11.12,--,300,333600,买盘
2153,11:05:21,11.12,--,127,141224,买盘
2154,11:05:18,11.12,--,50,55599,买盘
2155,11:05:15,11.12,--,23,25576,买盘
2156,11:05:09,11.12,--,54,60047,买盘
2157,11:05:06,11.12,--,21,23352,买盘
2158,11:05:00,11.12,--,171,190152,买盘
2159,11:04:57,11.12,--,24,26687,买盘
2160,11:04:51,11.12,--,41,45592,买盘
2161,11:04:48,11.12,--,5,5560,买盘
2162,11:04:45,11.12,0.01,22,24464,买盘
2163,11:04:42,11.11,-0.01,49,54439,卖盘
2164,11:04:39,11.12,0.01,33,36696,买盘
2165,11:04:36,11.11,-0.01,137,152207,卖盘
2166,11:04:33,11.12,0.01,20,22240,买盘
2167,11:04:30,11.11,-0.01,27,29997,卖盘
2168,11:04:27,11.12,--,25,27799,买盘
2169,11:04:24,11.12,0.01,20,22240,买盘
2170,11:04:21,11.11,-0.01,61,67771,卖盘
2171,11:04:15,11.12,--,64,71168,买盘
2172,11:04:12,11.12,--,20,22240,买盘
2173,11:04:09,11.12,0.01,29,32247,买盘
2174,11:04:06,11.11,--,26,28886,卖盘
2175,11:04:03,11.11,-0.01,1,1111,卖盘
2176,11:04:00,11.12,0.01,21,23352,买盘
2177,11:03:57,11.11,--,10,11898,卖盘
2178,11:03:51,11.11,--,15,16665,卖盘
2179,11:03:48,11.11,--,44,48884,卖盘
2180,11:03:45,11.11,-0.01,31,34441,卖盘
2181,11:03:39,11.12,--,101,112311,买盘
2182,11:03:36,11.12,--,47,52263,买盘
2183,11:03:33,11.12,0.01,32,35584,买盘
2184,11:03:30,11.11,-0.01,122,135542,买盘
2185,11:03:27,11.12,0.02,20,22240,买盘
2186,11:03:24,11.1,--,40,44400,卖盘
2187,11:03:21,11.1,-0.01,77,85470,卖盘
2188,11:03:18,11.11,--,22,24442,买盘
2189,11:03:15,11.11,--,13,14443,买盘
2190,11:03:12,11.11,--,34,37774,买盘
2191,11:03:09,11.11,--,1,1111,买盘
2192,11:03:06,11.11,--,6,6666,买盘
2193,11:03:03,11.11,--,11,12221,买盘
2194,11:02:57,11.11,--,21,23331,买盘
2195,11:02:54,11.11,0.01,4,4444,买盘
2196,11:02:51,11.1,-0.01,18,19980,卖盘
2197,11:02:48,11.11,--,9,9999,买盘
2198,11:02:42,11.11,--,11,12221,买盘
2199,11:02:39,11.11,-0.01,187,207757,卖盘
2200,11:02:36,11.12,0.01,9,10008,买盘
2201,11:02:33,11.11,-0.01,32,35552,卖盘
2202,11:02:30,11.12,--,50,55599,买盘
2203,11:02:27,11.12,--,39,43368,买盘
2204,11:02:24,11.12,--,21,23352,买盘
2205,11:02:21,11.12,-0.01,337,374744,卖盘
2206,11:02:18,11.13,--,32,35616,买盘
2207,11:02:15,11.13,--,6,6678,买盘
2208,11:02:12,11.13,0.01,55,61215,买盘
2209,11:02:09,11.12,--,24,26687,卖盘
2210,11:02:06,11.12,-0.01,370,411440,卖盘
2211,11:02:03,11.13,--,11,12243,买盘
2212,11:02:00,11.13,--,7,7791,买盘
2213,11:01:57,11.13,--,2,2226,买盘
2214,11:01:54,11.13,0.01,1,1113,买盘
2215,11:01:48,11.12,-0.01,20,22240,卖盘
2216,11:01:45,11.13,0.01,50,55650,买盘
2217,11:01:42,11.12,-0.01,10,11120,卖盘
2218,11:01:39,11.13,0.01,133,148029,买盘
2219,11:01:36,11.12,--,63,70056,买盘
2220,11:01:30,11.12,--,31,34472,买盘
2221,11:01:27,11.12,--,55,61159,买盘
2222,11:01:24,11.12,--,114,126767,买盘
2223,11:01:21,11.12,--,50,55599,买盘
2224,11:01:18,11.12,--,54,60047,买盘
2225,11:01:15,11.12,--,51,56711,买盘
2226,11:01:12,11.12,--,10,11120,买盘
2227,11:01:03,11.12,0.01,28,31135,买盘
2228,11:01:00,11.11,-0.01,22,24442,卖盘
2229,11:00:51,11.12,--,31,34472,买盘
2230,11:00:45,11.12,0.01,27,30023,买盘
2231,11:00:42,11.11,-0.01,1,1111,卖盘
2232,11:00:39,11.12,0.01,51,56711,买盘
2233,11:00:36,11.11,-0.01,328,364408,卖盘
2234,11:00:30,11.12,--,28,31135,买盘
2235,11:00:27,11.12,--,19,21128,买盘
2236,11:00:21,11.12,--,55,61159,买盘
2237,11:00:18,11.12,--,5,5560,买盘
2238,11:00:15,11.12,--,105,116759,买盘
2239,11:00:12,11.12,--,10,11120,买盘
2240,11:00:09,11.12,--,140,155680,买盘
2241,11:00:06,11.12,--,11,12232,买盘
2242,11:00:03,11.12,-0.01,481,534872,卖盘
2243,11:00:00,11.13,--,3,3339,买盘
2244,10:59:57,11.13,--,1,1113,买盘
2245,10:59:51,11.13,--,101,112413,买盘
2246,10:59:48,11.13,--,86,95718,买盘
2247,10:59:45,11.13,--,10,11130,买盘
2248,10:59:42,11.13,--,30,33390,买盘
2249,10:59:39,11.13,0.01,158,175854,买盘
2250,10:59:36,11.12,--,2,2224,卖盘
2251,10:59:33,11.12,--,61,67832,卖盘
2252,10:59:27,11.12,-0.01,26,28911,卖盘
2253,10:59:24,11.13,0.01,112,124656,买盘
2254,10:59:21,11.12,--,9,10008,卖盘
2255,10:59:18,11.12,-0.01,15,16680,买盘
2256,10:59:15,11.13,0.01,48,53424,买盘
2257,10:59:12,11.12,--,17,18904,买盘
2258,10:59:09,11.12,--,4,4448,买盘
2259,10:59:06,11.12,-0.01,365,405880,卖盘
2260,10:59:03,11.13,--,19,21147,买盘
2261,10:59:00,11.13,--,21,23373,买盘
2262,10:58:57,11.13,--,50,55650,买盘
2263,10:58:54,11.13,--,520,578760,买盘
2264,10:58:51,11.13,--,170,189210,买盘
2265,10:58:48,11.13,0.01,200,222600,买盘
2266,10:58:45,11.12,-0.01,44,48928,卖盘
2267,10:58:42,11.13,0.01,10,11130,买盘
2268,10:58:39,11.12,-0.01,173,192376,卖盘
2269,10:58:36,11.13,--,35,38955,买盘
2270,10:58:33,11.13,--,306,340578,买盘
2271,10:58:30,11.13,--,149,165837,买盘
2272,10:58:27,11.13,0.01,26,28938,买盘
2273,10:58:24,11.12,--,2,2224,卖盘
2274,10:58:21,11.12,--,40,44480,卖盘
2275,10:58:15,11.12,0.01,178,197936,买盘
2276,10:58:12,11.11,-0.01,1446,1606506,卖盘
2277,10:58:09,11.12,--,59,65608,买盘
2278,10:58:03,11.12,0.01,4,4448,买盘
2279,10:58:00,11.11,--,1011,1123221,买盘
2280,10:57:57,11.11,0.01,254,282194,买盘
2281,10:57:54,11.1,-0.01,9,9990,卖盘
2282,10:57:51,11.11,0.01,1,1111,买盘
2283,10:57:48,11.1,--,3,3330,卖盘
2284,10:57:45,11.1,--,1,1221,买盘
2285,10:57:42,11.1,0.01,441,489510,买盘
2286,10:57:39,11.09,-0.01,49,54341,卖盘
2287,10:57:36,11.1,--,1,1110,买盘
2288,10:57:33,11.1,--,1,1110,买盘
2289,10:57:30,11.1,--,9,9990,买盘
2290,10:57:27,11.1,--,22,24420,买盘
2291,10:57:24,11.1,0.01,4350,4828500,买盘
2292,10:57:21,11.09,--,4,4436,买盘
2293,10:57:18,11.09,--,11,12199,买盘
2294,10:57:15,11.09,--,20,22180,买盘
2295,10:57:09,11.09,--,39,43251,买盘
2296,10:57:06,11.09,--,3,3327,买盘
2297,10:57:00,11.09,--,24,26616,买盘
2298,10:56:57,11.09,0.01,60,66540,买盘
2299,10:56:54,11.08,-0.01,61,67588,卖盘
2300,10:56:51,11.09,0.01,13,14417,买盘
2301,10:56:48,11.08,-0.01,50,55400,中性盘
2302,10:56:45,11.09,0.01,1000,1109000,买盘
2303,10:56:39,11.08,--,51,56508,买盘
2304,10:56:36,11.08,--,4,4432,买盘
2305,10:56:21,11.08,--,4,4432,买盘
2306,10:56:15,11.08,--,3,3324,买盘
2307,10:56:12,11.08,--,10,11080,买盘
2308,10:56:06,11.08,0.01,72,79776,买盘
2309,10:56:03,11.07,--,21,23247,卖盘
2310,10:55:57,11.07,-0.01,10,11070,卖盘
2311,10:55:54,11.08,0.01,16,17728,买盘
2312,10:55:51,11.07,--,153,169371,卖盘
2313,10:55:48,11.07,-0.01,6,6642,卖盘
2314,10:55:42,11.08,0.01,4,4432,买盘
2315,10:55:39,11.07,-0.01,69,76383,卖盘
2316,10:55:36,11.08,0.01,203,224924,买盘
2317,10:55:27,11.07,-0.01,40,44280,卖盘
2318,10:55:24,11.08,0.01,32,35456,买盘
2319,10:55:21,11.07,-0.01,1,1107,卖盘
2320,10:55:15,11.08,--,5,5540,买盘
2321,10:55:12,11.08,--,11,12188,买盘
2322,10:55:09,11.08,0.01,5,5540,买盘
2323,10:55:06,11.07,--,3,3321,卖盘
2324,10:55:00,11.07,--,100,110700,卖盘
2325,10:54:57,11.07,--,255,282417,买盘
2326,10:54:54,11.07,0.01,3,3321,买盘
2327,10:54:51,11.06,-0.01,16,17696,卖盘
2328,10:54:48,11.07,--,15,16605,买盘
2329,10:54:45,11.07,0.01,10,11070,买盘
2330,10:54:42,11.06,-0.01,5,5530,卖盘
2331,10:54:39,11.07,0.01,135,149445,买盘
2332,10:54:36,11.06,-0.01,107,118342,卖盘
2333,10:54:33,11.07,0.01,100,110700,买盘
2334,10:54:27,11.06,-0.01,1,1106,卖盘
2335,10:54:24,11.07,--,2,2214,买盘
2336,10:54:18,11.07,--,11,12177,买盘
2337,10:54:15,11.07,--,151,167157,买盘
2338,10:54:12,11.07,--,1018,1126926,买盘
2339,10:54:09,11.07,--,2,2214,买盘
2340,10:54:06,11.07,--,8,8856,买盘
2341,10:54:00,11.07,--,6,6642,买盘
2342,10:53:57,11.07,0.01,3,3321,买盘
2343,10:53:51,11.06,-0.01,5,5530,卖盘
2344,10:53:48,11.07,--,10,11070,买盘
2345,10:53:45,11.07,0.01,4,4428,买盘
2346,10:53:39,11.06,-0.01,65,71890,卖盘
2347,10:53:36,11.07,--,2,2214,买盘
2348,10:53:33,11.07,--,5,5535,买盘
2349,10:53:30,11.07,--,41,45387,买盘
2350,10:53:27,11.07,0.01,28,30996,买盘
2351,10:53:21,11.06,-0.01,5,5530,卖盘
2352,10:53:15,11.07,0.01,10,11070,买盘
2353,10:53:12,11.06,-0.01,14,15484,卖盘
2354,10:53:06,11.07,--,15,16605,买盘
2355,10:53:03,11.07,--,51,56457,买盘
2356,10:53:00,11.07,--,6,6642,买盘
2357,10:52:57,11.07,0.01,9,9963,买盘
2358,10:52:51,11.06,-0.01,5,5530,卖盘
2359,10:52:45,11.07,0.01,4,4428,买盘
2360,10:52:39,11.06,-0.01,49,54194,卖盘
2361,10:52:36,11.07,0.01,23,25461,买盘
2362,10:52:33,11.06,--,50,55300,卖盘
2363,10:52:30,11.06,-0.01,21,23226,卖盘
2364,10:52:27,11.07,--,27,29889,买盘
2365,10:52:24,11.07,0.01,74,81918,买盘
2366,10:52:21,11.06,--,23,25438,卖盘
2367,10:52:18,11.06,--,1,1106,卖盘
2368,10:51:57,11.06,-0.01,5,5530,卖盘
2369,10:51:54,11.07,--,2,2214,买盘
2370,10:51:51,11.07,--,9,9963,买盘
2371,10:51:45,11.07,--,1,1107,买盘
2372,10:51:42,11.07,0.01,24,26568,买盘
2373,10:51:39,11.06,--,49,54194,卖盘
2374,10:51:30,11.06,-0.01,1,1106,卖盘
2375,10:51:24,11.07,0.01,3,3321,买盘
2376,10:51:21,11.06,--,1,1106,卖盘
2377,10:51:18,11.06,--,10,11060,卖盘
2378,10:51:15,11.06,-0.01,5,5530,卖盘
2379,10:51:12,11.07,0.01,5,5535,买盘
2380,10:51:06,11.06,-0.01,26,28756,卖盘
2381,10:51:00,11.07,--,7,7749,买盘
2382,10:50:57,11.07,--,23,25461,买盘
2383,10:50:54,11.07,--,5,5535,买盘
2384,10:50:48,11.07,0.01,3,3321,买盘
2385,10:50:45,11.06,-0.01,11,12166,卖盘
2386,10:50:42,11.07,0.01,3,3321,买盘
2387,10:50:39,11.06,-0.01,49,54194,卖盘
2388,10:50:36,11.07,--,4,4428,买盘
2389,10:50:33,11.07,--,68,75276,买盘
2390,10:50:30,11.07,--,32,35424,买盘
2391,10:50:21,11.07,0.01,20,22140,买盘
2392,10:50:18,11.06,--,15,16590,卖盘
2393,10:50:12,11.06,--,32,35392,卖盘
2394,10:50:09,11.06,-0.01,3,3318,卖盘
2395,10:50:06,11.07,--,56,61992,买盘
2396,10:50:00,11.07,--,53,58671,买盘
2397,10:49:54,11.07,--,4,4428,买盘
2398,10:49:48,11.07,--,2,2214,买盘
2399,10:49:42,11.07,--,144,159408,买盘
2400,10:49:39,11.07,0.01,78,86346,买盘
2401,10:49:36,11.06,-0.01,10,11060,卖盘
2402,10:49:18,11.07,--,120,132840,买盘
2403,10:49:15,11.07,0.01,50,55350,买盘
2404,10:49:09,11.06,-0.01,20,22120,卖盘
2405,10:49:03,11.07,0.01,23,25461,买盘
2406,10:48:57,11.06,--,4,4424,卖盘
2407,10:48:54,11.06,-0.01,19,21014,卖盘
2408,10:48:51,11.07,0.01,50,55350,买盘
2409,10:48:48,11.06,--,1,1106,卖盘
2410,10:48:45,11.06,-0.01,1,1106,卖盘
2411,10:48:42,11.07,0.01,226,250182,买盘
2412,10:48:39,11.06,-0.01,50,55300,卖盘
2413,10:48:33,11.07,0.01,5,5535,买盘
2414,10:48:30,11.06,-0.01,7,7742,卖盘
2415,10:48:24,11.07,--,136,150552,买盘
2416,10:48:18,11.07,0.02,8,8856,买盘
2417,10:48:06,11.05,-0.01,147,162435,卖盘
2418,10:48:03,11.06,--,15,16590,买盘
2419,10:47:57,11.06,0.01,6,6636,买盘
2420,10:47:51,11.05,--,26,28730,卖盘
2421,10:47:45,11.05,-0.01,156,172380,卖盘
2422,10:47:42,11.06,0.01,1,1106,买盘
2423,10:47:39,11.05,-0.01,49,54145,卖盘
2424,10:47:36,11.06,--,2,2212,买盘
2425,10:47:33,11.06,--,16,17696,买盘
2426,10:47:30,11.06,--,8,8848,买盘
2427,10:47:27,11.06,-0.01,85,94010,卖盘
2428,10:47:24,11.07,--,136,150552,买盘
2429,10:47:21,11.07,0.01,5,5535,买盘
2430,10:47:18,11.06,--,2,2212,卖盘
2431,10:47:15,11.06,-0.01,5,5530,卖盘
2432,10:47:12,11.07,--,9,9963,买盘
2433,10:47:06,11.07,--,2,2214,买盘
2434,10:47:03,11.07,0.01,141,156087,买盘
2435,10:46:54,11.06,-0.01,4,4424,卖盘
2436,10:46:51,11.07,--,27,29889,买盘
2437,10:46:48,11.07,--,68,75276,买盘
2438,10:46:45,11.07,0.02,139,153873,买盘
2439,10:46:42,11.05,--,10,11050,卖盘
2440,10:46:39,11.05,-0.01,51,56355,卖盘
2441,10:46:36,11.06,--,1,1106,买盘
2442,10:46:30,11.06,-0.01,28,30968,中性盘
2443,10:46:24,11.07,0.02,136,150552,买盘
2444,10:46:18,11.05,-0.01,19,20995,卖盘
2445,10:46:15,11.06,--,90,99540,卖盘
2446,10:46:12,11.06,--,246,272076,卖盘
2447,10:46:09,11.06,--,169,186914,买盘
2448,10:46:06,11.06,--,251,277606,卖盘
2449,10:46:03,11.06,--,452,499912,买盘
2450,10:46:00,11.06,--,3,3318,买盘
2451,10:45:51,11.06,--,79,87374,买盘
2452,10:45:42,11.06,0.01,142,157052,买盘
2453,10:45:39,11.05,-0.01,49,54145,卖盘
2454,10:45:36,11.06,--,1,1106,买盘
2455,10:45:30,11.06,--,58,64148,买盘
2456,10:45:27,11.06,--,10,11060,买盘
2457,10:45:24,11.06,--,14,15484,买盘
2458,10:45:21,11.06,--,161,178066,买盘
2459,10:45:15,11.06,--,1,1106,买盘
2460,10:45:09,11.06,--,20,22120,买盘
2461,10:45:06,11.06,--,2,2212,买盘
2462,10:45:03,11.06,--,64,70784,买盘
2463,10:45:00,11.06,--,139,153734,买盘
2464,10:44:57,11.06,0.01,69,76314,买盘
2465,10:44:54,11.05,--,62,68510,卖盘
2466,10:44:51,11.05,-0.01,60,66300,卖盘
2467,10:44:45,11.06,--,11,12166,买盘
2468,10:44:42,11.06,--,270,298620,买盘
2469,10:44:39,11.06,--,62,68572,买盘
2470,10:44:36,11.06,--,1,1106,买盘
2471,10:44:33,11.06,--,19,21014,买盘
2472,10:44:27,11.06,0.01,11,12166,买盘
2473,10:44:24,11.05,--,699,772395,买盘
2474,10:44:12,11.05,0.01,1,1105,买盘
2475,10:44:06,11.04,-0.01,111,122543,卖盘
2476,10:44:03,11.05,--,138,152490,买盘
2477,10:44:00,11.05,--,43,47515,买盘
2478,10:43:57,11.05,--,1,1105,买盘
2479,10:43:45,11.05,0.01,2,2210,买盘
2480,10:43:39,11.04,-0.01,60,66240,卖盘
2481,10:43:36,11.05,--,3,3315,买盘
2482,10:43:33,11.05,--,1,1105,买盘
2483,10:43:30,11.05,--,10,11050,买盘
2484,10:43:27,11.05,--,38,41990,买盘
2485,10:43:24,11.05,--,3,3315,买盘
2486,10:43:21,11.05,0.01,20,22100,买盘
2487,10:43:15,11.04,-0.01,50,55199,卖盘
2488,10:43:12,11.05,--,12,13260,买盘
2489,10:43:03,11.05,0.01,109,120445,买盘
2490,10:43:00,11.04,-0.01,10,11040,卖盘
2491,10:42:57,11.05,--,11,12155,买盘
2492,10:42:54,11.05,--,7,7735,买盘
2493,10:42:51,11.05,--,14,15470,买盘
2494,10:42:45,11.05,0.01,2,2210,买盘
2495,10:42:42,11.04,--,73,80592,卖盘
2496,10:42:36,11.04,-0.01,51,56303,卖盘
2497,10:42:33,11.05,--,3,3315,买盘
2498,10:42:30,11.05,--,18,19890,买盘
2499,10:42:24,11.05,--,1,1105,买盘
2500,10:42:18,11.05,0.01,4,4420,买盘
2501,10:42:06,11.04,--,9,9936,卖盘
2502,10:42:03,11.04,--,109,120335,卖盘
2503,10:41:57,11.04,-0.01,7,7727,卖盘
2504,10:41:54,11.05,0.01,2,2210,买盘
2505,10:41:48,11.04,-0.01,1,1104,卖盘
2506,10:41:45,11.05,0.01,4,4420,买盘
2507,10:41:42,11.04,--,181,199823,卖盘
2508,10:41:39,11.04,--,70,77280,卖盘
2509,10:41:33,11.04,--,114,125855,卖盘
2510,10:41:30,11.04,-0.01,109,120335,卖盘
2511,10:41:27,11.05,--,155,171275,买盘
2512,10:41:24,11.05,--,2,2210,买盘
2513,10:41:21,11.05,--,2,2210,买盘
2514,10:41:18,11.05,--,136,150280,买盘
2515,10:41:15,11.05,--,38,41990,买盘
2516,10:41:12,11.05,0.02,75,82875,买盘
2517,10:41:09,11.03,-0.01,98,108094,卖盘
2518,10:41:06,11.04,-0.01,7,7727,卖盘
2519,10:41:03,11.05,-0.01,54,59670,卖盘
2520,10:41:00,11.06,0.01,137,151522,买盘
2521,10:40:57,11.05,0.01,10,11050,买盘
2522,10:40:54,11.04,-0.01,10,11040,中性盘
2523,10:40:48,11.05,--,21,23205,买盘
2524,10:40:42,11.05,--,136,150280,买盘
2525,10:40:39,11.05,0.01,4,4420,买盘
2526,10:40:36,11.04,-0.01,77,85008,卖盘
2527,10:40:33,11.05,--,2,2210,买盘
2528,10:40:27,11.05,0.01,2,2210,买盘
2529,10:40:21,11.04,-0.01,166,183264,卖盘
2530,10:40:18,11.05,--,14,15470,买盘
2531,10:40:15,11.05,--,11,12155,卖盘
2532,10:40:09,11.05,--,63,69615,买盘
2533,10:40:06,11.05,--,55,60775,买盘
2534,10:40:03,11.05,-0.01,6,6630,买盘
2535,10:40:00,11.06,0.01,136,150416,买盘
2536,10:39:57,11.05,--,139,153595,买盘
2537,10:39:54,11.05,--,12,13260,买盘
2538,10:39:39,11.05,0.01,137,151385,买盘
2539,10:39:36,11.04,-0.01,21,23184,卖盘
2540,10:39:33,11.05,--,3,3315,买盘
2541,10:39:30,11.05,--,22,24310,买盘
2542,10:39:21,11.05,--,95,104975,买盘
2543,10:39:18,11.05,0.02,156,172380,买盘
2544,10:39:06,11.03,--,53,58459,卖盘
2545,10:39:03,11.03,-0.01,36,39708,卖盘
2546,10:39:00,11.04,0.01,136,150144,买盘
2547,10:38:57,11.03,-0.02,24,26472,卖盘
2548,10:38:54,11.05,0.02,2,2210,买盘
2549,10:38:51,11.03,-0.02,3,3309,卖盘
2550,10:38:39,11.05,0.02,137,151385,买盘
2551,10:38:36,11.03,-0.01,50,55150,卖盘
2552,10:38:30,11.04,-0.01,76,83904,卖盘
2553,10:38:24,11.05,--,33,36465,买盘
2554,10:38:21,11.05,0.01,136,150280,买盘
2555,10:38:18,11.04,-0.01,200,220799,卖盘
2556,10:38:12,11.05,0.01,4,4420,买盘
2557,10:38:09,11.04,-0.01,20,22080,卖盘
2558,10:38:06,11.05,--,1,1105,买盘
2559,10:38:00,11.05,--,140,154700,买盘
2560,10:37:57,11.05,--,2,2210,买盘
2561,10:37:39,11.05,0.01,136,150280,买盘
2562,10:37:36,11.04,-0.01,54,59615,卖盘
2563,10:37:30,11.05,0.01,2,2210,买盘
2564,10:37:27,11.04,-0.01,20,22080,卖盘
2565,10:37:21,11.05,--,77,85085,买盘
2566,10:37:18,11.05,--,137,151385,买盘
2567,10:37:06,11.05,0.01,38,41990,买盘
2568,10:37:03,11.04,-0.01,2,2208,卖盘
2569,10:37:00,11.05,--,137,151385,买盘
2570,10:36:57,11.05,--,61,67405,买盘
2571,10:36:54,11.05,--,3,3315,买盘
2572,10:36:48,11.05,--,2,2210,买盘
2573,10:36:45,11.05,0.01,11,12155,买盘
2574,10:36:39,11.04,-0.01,90,99359,卖盘
2575,10:36:36,11.05,--,2,2210,买盘
2576,10:36:33,11.05,--,5,5525,买盘
2577,10:36:24,11.05,--,2,2210,买盘
2578,10:36:21,11.05,--,2,2210,买盘
2579,10:36:15,11.05,--,29,32045,买盘
2580,10:36:12,11.05,--,11,12155,买盘
2581,10:36:09,11.05,--,196,216580,买盘
2582,10:36:06,11.05,--,6,6630,买盘
2583,10:36:03,11.05,--,3,3315,买盘
2584,10:36:00,11.05,0.01,36,39780,买盘
2585,10:35:51,11.04,-0.01,5,5520,卖盘
2586,10:35:48,11.05,0.02,30,33150,买盘
2587,10:35:36,11.03,--,68,75004,卖盘
2588,10:35:33,11.03,-0.02,200,220600,卖盘
2589,10:35:27,11.05,--,68,75140,买盘
2590,10:35:24,11.05,--,31,34255,买盘
2591,10:35:21,11.05,0.01,46,50830,买盘
2592,10:35:18,11.04,-0.01,1,1104,卖盘
2593,10:35:09,11.05,0.01,34,37570,买盘
2594,10:35:06,11.04,-0.01,66,72864,卖盘
2595,10:35:03,11.05,0.02,435,480675,买盘
2596,10:35:00,11.03,-0.02,39,43017,卖盘
2597,10:34:57,11.05,--,24,26520,买盘
2598,10:34:54,11.05,--,2,2210,买盘
2599,10:34:45,11.05,0.01,86,95030,买盘
2600,10:34:36,11.04,-0.01,143,157872,卖盘
2601,10:34:33,11.05,--,27,29835,买盘
2602,10:34:27,11.05,--,10,11050,买盘
2603,10:34:18,11.05,0.01,31,34255,买盘
2604,10:34:15,11.04,--,1,1104,卖盘
2605,10:34:12,11.04,-0.01,10,11040,卖盘
2606,10:34:06,11.05,0.01,66,72930,买盘
2607,10:34:03,11.04,--,29,32015,买盘
2608,10:33:57,11.04,--,10,11040,买盘
2609,10:33:48,11.04,--,68,75072,买盘
2610,10:33:45,11.04,--,45,49679,买盘
2611,10:33:36,11.04,-0.01,78,86112,卖盘
2612,10:33:33,11.05,--,33,36465,买盘
2613,10:33:27,11.05,--,15,16575,买盘
2614,10:33:24,11.05,0.01,13,14365,买盘
2615,10:33:21,11.04,0.01,9,9936,买盘
2616,10:33:12,11.03,-0.01,59,65076,卖盘
2617,10:33:09,11.04,--,44,48575,买盘
2618,10:33:06,11.04,0.01,302,333408,买盘
2619,10:33:03,11.03,-0.01,4,4412,卖盘
2620,10:32:57,11.04,--,2,2208,买盘
2621,10:32:54,11.04,0.01,24,26495,买盘
2622,10:32:51,11.03,--,100,110300,卖盘
2623,10:32:48,11.03,--,40,44120,卖盘
2624,10:32:45,11.03,-0.01,7,7721,卖盘
2625,10:32:42,11.04,0.01,16,17664,买盘
2626,10:32:36,11.03,--,60,66180,卖盘
2627,10:32:33,11.03,-0.01,1,1103,卖盘
2628,10:32:30,11.04,--,49,54095,买盘
2629,10:32:21,11.04,--,118,130271,买盘
2630,10:32:15,11.04,0.01,42,46368,买盘
2631,10:32:12,11.03,-0.01,52,57356,卖盘
2632,10:32:06,11.04,--,31,34224,买盘
2633,10:32:03,11.04,0.01,57,62927,买盘
2634,10:32:00,11.03,-0.01,4,4412,卖盘
2635,10:31:57,11.04,--,5,5520,买盘
2636,10:31:51,11.04,0.01,32,35328,买盘
2637,10:31:48,11.03,-0.01,16,17648,卖盘
2638,10:31:42,11.04,0.01,99,109295,买盘
2639,10:31:39,11.03,--,100,110300,卖盘
2640,10:31:36,11.03,-0.01,88,97064,卖盘
2641,10:31:33,11.04,0.01,66,72864,买盘
2642,10:31:30,11.03,--,42,46326,卖盘
2643,10:31:24,11.03,--,62,68386,卖盘
2644,10:31:21,11.03,-0.01,18,19854,卖盘
2645,10:31:12,11.04,0.01,55,60719,买盘
2646,10:31:09,11.03,-0.01,100,110300,卖盘
2647,10:31:06,11.04,--,1,1104,买盘
2648,10:31:03,11.04,--,170,187680,买盘
2649,10:31:00,11.04,--,18,19872,买盘
2650,10:30:54,11.04,-0.02,1250,1380000,卖盘
2651,10:30:48,11.06,--,500,553000,买盘
2652,10:30:42,11.06,--,19,21014,买盘
2653,10:30:39,11.06,0.01,1,1106,买盘
2654,10:30:36,11.05,-0.01,50,55250,卖盘
2655,10:30:24,11.06,--,11,12166,买盘
2656,10:30:21,11.06,0.01,2,2212,买盘
2657,10:30:18,11.05,--,1,1105,卖盘
2658,10:30:15,11.05,-0.01,10,11050,卖盘
2659,10:30:12,11.06,--,55,60830,买盘
2660,10:30:06,11.06,0.01,41,45346,买盘
2661,10:30:03,11.05,-0.01,8,8840,卖盘
2662,10:29:54,11.06,--,44,48664,买盘
2663,10:29:51,11.06,0.01,68,75208,买盘
2664,10:29:48,11.05,--,31,34255,卖盘
2665,10:29:45,11.05,-0.01,111,122655,卖盘
2666,10:29:39,11.06,0.01,50,55300,买盘
2667,10:29:36,11.05,--,72,79560,卖盘
2668,10:29:33,11.05,--,70,77350,卖盘
2669,10:29:27,11.05,--,4,4420,卖盘
2670,10:29:24,11.05,--,10,11050,卖盘
2671,10:29:15,11.05,--,10,11050,卖盘
2672,10:29:12,11.05,--,155,171275,卖盘
2673,10:29:09,11.05,--,100,110500,卖盘
2674,10:29:06,11.05,-0.01,8,8840,卖盘
2675,10:29:00,11.06,--,2,2212,买盘
2676,10:28:57,11.06,0.01,240,265440,买盘
2677,10:28:54,11.05,--,1,1105,卖盘
2678,10:28:51,11.05,--,40,44200,卖盘
2679,10:28:45,11.05,-0.01,141,155805,卖盘
2680,10:28:42,11.06,0.01,71,78526,买盘
2681,10:28:36,11.05,--,82,90610,卖盘
2682,10:28:30,11.05,--,10,11050,卖盘
2683,10:28:27,11.05,--,32,35360,卖盘
2684,10:28:21,11.05,--,8,8840,卖盘
2685,10:28:18,11.05,-0.01,12,13260,卖盘
2686,10:28:06,11.06,--,1,1106,买盘
2687,10:28:00,11.06,--,90,99540,买盘
2688,10:27:57,11.06,--,1,1106,买盘
2689,10:27:54,11.06,--,102,112812,买盘
2690,10:27:51,11.06,--,11,12166,买盘
2691,10:27:48,11.06,0.01,31,34286,买盘
2692,10:27:45,11.05,--,59,65195,卖盘
2693,10:27:36,11.05,--,77,85085,卖盘
2694,10:27:33,11.05,-0.01,9,9945,卖盘
2695,10:27:27,11.06,--,20,22120,买盘
2696,10:27:24,11.06,0.01,12,13272,买盘
2697,10:27:21,11.05,-0.01,3,3315,卖盘
2698,10:27:15,11.06,--,11,12166,买盘
2699,10:27:12,11.06,--,101,111706,买盘
2700,10:27:06,11.06,--,1,1106,买盘
2701,10:27:03,11.06,--,1,1106,买盘
2702,10:26:57,11.06,--,3,3318,买盘
2703,10:26:51,11.06,--,226,249956,卖盘
2704,10:26:48,11.06,--,25,27650,卖盘
2705,10:26:45,11.06,-0.01,150,165900,卖盘
2706,10:26:42,11.07,0.01,10,11070,买盘
2707,10:26:39,11.06,--,20,22120,卖盘
2708,10:26:36,11.06,--,49,54194,卖盘
2709,10:26:33,11.06,-0.01,10,11060,卖盘
2710,10:26:30,11.07,--,5,5535,买盘
2711,10:26:21,11.07,--,12,13284,买盘
2712,10:26:18,11.07,--,203,225695,卖盘
2713,10:26:12,11.07,-0.01,10,11070,卖盘
2714,10:26:09,11.08,0.01,69,76452,买盘
2715,10:26:06,11.07,-0.01,25,27675,卖盘
2716,10:26:00,11.08,0.01,18,19944,买盘
2717,10:25:57,11.07,--,13,14391,卖盘
2718,10:25:54,11.07,--,26,28782,卖盘
2719,10:25:51,11.07,-0.01,8,8856,卖盘
2720,10:25:45,11.08,--,2,2216,买盘
2721,10:25:42,11.08,--,20,22292,买盘
2722,10:25:39,11.08,0.01,11,12188,买盘
2723,10:25:36,11.07,--,69,76383,卖盘
2724,10:25:33,11.07,--,6,6642,卖盘
2725,10:25:30,11.07,--,11,12177,卖盘
2726,10:25:24,11.07,-0.01,36,39852,卖盘
2727,10:25:21,11.08,0.01,136,150688,买盘
2728,10:25:18,11.07,-0.01,30,33210,卖盘
2729,10:25:15,11.08,--,6,6648,买盘
2730,10:25:12,11.08,--,28,31024,买盘
2731,10:25:06,11.08,0.01,78,86424,买盘
2732,10:25:00,11.07,-0.01,354,391878,卖盘
2733,10:24:57,11.08,--,2,2216,买盘
2734,10:24:54,11.08,0.01,126,139608,买盘
2735,10:24:48,11.07,-0.01,311,344277,卖盘
2736,10:24:45,11.08,0.01,137,151796,买盘
2737,10:24:36,11.07,-0.01,201,222507,卖盘
2738,10:24:33,11.08,--,36,39888,卖盘
2739,10:24:27,11.08,-0.01,2,2216,卖盘
2740,10:24:24,11.09,0.01,98,108682,买盘
2741,10:24:21,11.08,--,91,100828,买盘
2742,10:24:18,11.08,--,171,189468,买盘
2743,10:24:15,11.08,--,10,11080,买盘
2744,10:24:06,11.08,--,1,1108,买盘
2745,10:24:03,11.08,--,30,33240,买盘
2746,10:24:00,11.08,0.01,10,11080,买盘
2747,10:23:57,11.07,0.01,128,141696,买盘
2748,10:23:54,11.06,-0.01,8,8848,卖盘
2749,10:23:51,11.07,--,47,52029,卖盘
2750,10:23:45,11.07,--,20,22140,卖盘
2751,10:23:42,11.07,--,71,78597,卖盘
2752,10:23:39,11.07,--,1821,2015968,卖盘
2753,10:23:36,11.07,--,212,234684,买盘
2754,10:23:33,11.07,--,50,55350,买盘
2755,10:23:21,11.07,--,1,1107,买盘
2756,10:23:12,11.07,--,50,55350,买盘
2757,10:23:09,11.07,0.01,1,1107,买盘
2758,10:23:06,11.06,--,2,2212,卖盘
2759,10:23:03,11.06,-0.01,11,12166,卖盘
2760,10:23:00,11.07,0.01,4,4428,买盘
2761,10:22:54,11.06,-0.01,1,1106,卖盘
2762,10:22:51,11.07,0.01,39,43173,买盘
2763,10:22:48,11.06,--,2,2212,卖盘
2764,10:22:36,11.06,-0.01,125,138250,卖盘
2765,10:22:33,11.07,0.01,7,7749,买盘
2766,10:22:27,11.06,--,1,1106,卖盘
2767,10:22:24,11.06,-0.01,57,63042,卖盘
2768,10:22:21,11.07,0.01,68,75276,买盘
2769,10:22:18,11.06,--,10,11060,卖盘
2770,10:22:15,11.06,--,1,1106,卖盘
2771,10:22:12,11.06,-0.01,12,13272,卖盘
2772,10:22:03,11.07,0.01,34,37638,买盘
2773,10:22:00,11.06,--,10,11060,卖盘
2774,10:21:57,11.06,-0.01,147,162582,卖盘
2775,10:21:51,11.07,0.01,41,45387,买盘
2776,10:21:48,11.06,-0.02,1,1106,卖盘
2777,10:21:45,11.08,0.01,1020,1130160,买盘
2778,10:21:42,11.07,0.01,89,98523,买盘
2779,10:21:39,11.06,--,11,12166,卖盘
2780,10:21:36,11.06,-0.01,50,55300,卖盘
2781,10:21:24,11.07,--,22,24354,买盘
2782,10:21:21,11.07,0.02,71,78597,买盘
2783,10:21:15,11.05,--,70,77350,卖盘
2784,10:21:12,11.05,--,3,3315,卖盘
2785,10:21:09,11.05,--,24,26520,卖盘
2786,10:21:06,11.05,-0.01,2,2210,卖盘
2787,10:21:00,11.06,--,2,2212,买盘
2788,10:20:57,11.06,--,14,15484,买盘
2789,10:20:51,11.06,0.01,4,4424,买盘
2790,10:20:48,11.05,--,22,24310,卖盘
2791,10:20:45,11.05,--,6,6630,卖盘
2792,10:20:42,11.05,--,5,5525,卖盘
2793,10:20:39,11.05,--,1,1105,卖盘
2794,10:20:36,11.05,-0.02,67,74035,卖盘
2795,10:20:30,11.07,0.01,87,96309,买盘
2796,10:20:27,11.06,-0.01,57,63042,卖盘
2797,10:20:24,11.07,0.01,1,1107,买盘
2798,10:20:21,11.06,-0.01,1,1106,卖盘
2799,10:20:18,11.07,--,6,6642,买盘
2800,10:20:15,11.07,0.01,57,63099,买盘
2801,10:20:12,11.06,--,12,13272,卖盘
2802,10:20:09,11.06,--,78,86268,买盘
2803,10:20:06,11.06,0.01,83,91798,买盘
2804,10:20:00,11.05,-0.02,50,55250,卖盘
2805,10:19:57,11.07,0.01,48,53136,买盘
2806,10:19:51,11.06,0.01,10,11060,买盘
2807,10:19:48,11.05,--,67,74035,卖盘
2808,10:19:45,11.05,-0.01,213,235365,卖盘
2809,10:19:42,11.06,0.01,37,40922,买盘
2810,10:19:39,11.05,--,16,17680,卖盘
2811,10:19:36,11.05,-0.01,51,56355,卖盘
2812,10:19:27,11.06,--,11,12166,买盘
2813,10:19:21,11.06,--,20,22120,买盘
2814,10:19:18,11.06,0.01,59,65254,买盘
2815,10:19:15,11.05,--,51,56355,卖盘
2816,10:19:09,11.05,-0.01,11,12155,卖盘
2817,10:19:06,11.06,--,1,1106,买盘
2818,10:19:03,11.06,--,28,30968,买盘
2819,10:19:00,11.06,--,27,29862,买盘
2820,10:18:57,11.06,--,2,2212,买盘
2821,10:18:54,11.06,0.01,6,6636,买盘
2822,10:18:45,11.05,-0.01,3,3315,卖盘
2823,10:18:42,11.06,--,90,99540,买盘
2824,10:18:39,11.06,0.01,244,269864,买盘
2825,10:18:36,11.05,-0.01,56,61880,卖盘
2826,10:18:33,11.06,--,20,22120,买盘
2827,10:18:30,11.06,--,1,1106,买盘
2828,10:18:27,11.06,--,2,2212,买盘
2829,10:18:18,11.06,0.01,19,21014,买盘
2830,10:18:15,11.05,--,3,3315,卖盘
2831,10:18:12,11.05,-0.01,1,1105,卖盘
2832,10:18:09,11.06,0.01,63,69678,买盘
2833,10:18:06,11.05,-0.01,170,187850,卖盘
2834,10:18:03,11.06,0.01,13,14378,买盘
2835,10:18:00,11.05,-0.01,4,4420,卖盘
2836,10:17:57,11.06,--,236,261016,买盘
2837,10:17:54,11.06,0.01,41,45346,买盘
2838,10:17:51,11.05,--,2,2210,卖盘
2839,10:17:48,11.05,--,44,48620,卖盘
2840,10:17:45,11.05,0.01,102,112710,买盘
2841,10:17:42,11.04,-0.01,18,19872,卖盘
2842,10:17:39,11.05,0.01,6,6630,买盘
