,time,price,change,volume,amount,type
0,15:00:03,11.64,0.02,14699,17110334,买盘
1,14:57:00,11.62,-0.01,12,13943,卖盘
2,14:56:57,11.63,0.01,12,13956,买盘
3,14:56:54,11.62,--,5,5810,卖盘
4,14:56:51,11.62,-0.01,227,263774,卖盘
5,14:56:48,11.63,0.01,281,326803,买盘
6,14:56:45,11.62,-0.01,44,51128,卖盘
7,14:56:39,11.63,--,66,76758,买盘
8,14:56:36,11.63,0.01,32,37216,买盘
9,14:56:33,11.62,--,17,19754,卖盘
10,14:56:30,11.62,-0.01,65,75530,卖盘
11,14:56:27,11.63,0.01,169,196547,买盘
12,14:56:24,11.62,--,10,11620,卖盘
13,14:56:21,11.62,--,556,646072,卖盘
14,14:56:18,11.62,-0.01,1365,1586130,卖盘
15,14:56:15,11.63,--,1434,1667742,买盘
16,14:56:12,11.63,0.01,103,119789,买盘
17,14:56:09,11.62,-0.01,143,166166,卖盘
18,14:56:06,11.63,0.01,150,174450,买盘
19,14:56:03,11.62,--,29,33698,卖盘
20,14:56:00,11.62,--,107,124333,卖盘
21,14:55:57,11.62,--,224,260520,卖盘
22,14:55:54,11.62,--,32,37184,卖盘
23,14:55:51,11.62,0.01,962,1118308,买盘
24,14:55:48,11.61,--,2010,2333610,买盘
25,14:55:42,11.61,0.03,1618,1878498,买盘
26,14:55:36,11.58,-0.02,32,37056,卖盘
27,14:55:33,11.6,0.02,165,191400,买盘
28,14:55:30,11.58,-0.02,11,12738,卖盘
29,14:55:27,11.6,0.02,103,119480,买盘
30,14:55:21,11.58,--,105,121590,卖盘
31,14:55:18,11.58,--,121,140118,卖盘
32,14:55:15,11.58,-0.02,18,20844,卖盘
33,14:55:09,11.6,--,89,103240,买盘
34,14:55:06,11.6,--,70,81200,买盘
35,14:55:03,11.6,0.02,34,39440,买盘
36,14:55:00,11.58,-0.01,80,92640,卖盘
37,14:54:57,11.59,--,55,63745,买盘
38,14:54:54,11.59,0.01,14,16226,买盘
39,14:54:51,11.58,--,40,46320,卖盘
40,14:54:45,11.58,-0.01,5,5790,卖盘
41,14:54:42,11.59,--,2,2318,卖盘
42,14:54:39,11.59,--,96,111264,卖盘
43,14:54:36,11.59,-0.01,91,105469,卖盘
44,14:54:33,11.6,0.01,80,92800,买盘
45,14:54:30,11.59,--,91,105469,卖盘
46,14:54:27,11.59,-0.01,10,11590,卖盘
47,14:54:24,11.6,0.01,85,98600,买盘
48,14:54:21,11.59,--,26,30134,卖盘
49,14:54:15,11.59,0.01,55,63745,中性盘
50,14:54:09,11.58,-0.02,57,66006,卖盘
51,14:54:06,11.6,0.01,41,47560,买盘
52,14:54:03,11.59,-0.01,22,25498,买盘
53,14:53:57,11.6,0.02,24,27840,买盘
54,14:53:51,11.58,--,168,194544,卖盘
55,14:53:48,11.58,-0.01,149,172542,卖盘
56,14:53:42,11.59,0.01,11,12749,买盘
57,14:53:39,11.58,--,5,5790,卖盘
58,14:53:36,11.58,-0.01,141,163278,卖盘
59,14:53:33,11.59,0.01,46,53314,买盘
60,14:53:30,11.58,-0.01,505,584790,卖盘
61,14:53:27,11.59,0.01,11,12749,卖盘
62,14:53:24,11.58,-0.01,96,111168,卖盘
63,14:53:21,11.59,0.01,48,55632,买盘
64,14:53:18,11.58,-0.01,87,100746,卖盘
65,14:53:15,11.59,0.01,11,12749,买盘
66,14:53:12,11.58,--,2,2316,卖盘
67,14:53:09,11.58,--,89,103062,卖盘
68,14:53:06,11.58,--,2,2316,卖盘
69,14:53:00,11.58,--,24,27792,卖盘
70,14:52:57,11.58,-0.01,53,61374,卖盘
71,14:52:54,11.59,0.01,90,104310,买盘
72,14:52:48,11.58,--,1,1158,卖盘
73,14:52:45,11.58,-0.01,72,83376,卖盘
74,14:52:42,11.59,0.01,8,9272,买盘
75,14:52:39,11.58,-0.01,45,52110,卖盘
76,14:52:36,11.59,-0.01,97,112423,卖盘
77,14:52:33,11.6,0.01,52,60320,买盘
78,14:52:30,11.59,--,30,34770,卖盘
79,14:52:27,11.59,-0.01,19,22021,卖盘
80,14:52:24,11.6,0.01,100,116000,买盘
81,14:52:21,11.59,--,50,57950,卖盘
82,14:52:18,11.59,-0.01,135,156465,卖盘
83,14:52:12,11.6,0.01,82,95120,买盘
84,14:52:09,11.59,--,74,85766,卖盘
85,14:52:06,11.59,-0.01,5,5795,卖盘
86,14:52:03,11.6,--,59,68440,买盘
87,14:52:00,11.6,0.01,28,32480,买盘
88,14:51:57,11.59,-0.01,9,10431,卖盘
89,14:51:54,11.6,0.01,4,4640,买盘
90,14:51:48,11.59,-0.01,84,97356,卖盘
91,14:51:45,11.6,--,56,64960,卖盘
92,14:51:42,11.6,--,10,11600,卖盘
93,14:51:39,11.6,--,31,35960,卖盘
94,14:51:36,11.6,--,136,157760,卖盘
95,14:51:33,11.6,-0.01,111,128760,卖盘
96,14:51:30,11.61,--,92,106812,买盘
97,14:51:27,11.61,0.01,16,18576,买盘
98,14:51:21,11.6,-0.01,83,96280,卖盘
99,14:51:18,11.61,--,90,104490,买盘
100,14:51:15,11.61,--,103,119583,买盘
101,14:51:12,11.61,--,34,39474,买盘
102,14:51:09,11.61,0.01,39,45279,买盘
103,14:51:00,11.6,--,6,6960,卖盘
104,14:50:57,11.6,-0.01,32,37120,卖盘
105,14:50:54,11.61,--,8,9288,卖盘
106,14:50:51,11.61,--,62,71982,卖盘
107,14:50:48,11.61,--,77,89397,卖盘
108,14:50:45,11.61,--,4,4644,卖盘
109,14:50:42,11.61,-0.01,542,629262,卖盘
110,14:50:39,11.62,0.01,138,160356,买盘
111,14:50:36,11.61,--,44,51084,卖盘
112,14:50:33,11.61,--,56,65016,买盘
113,14:50:30,11.61,0.01,66,76626,买盘
114,14:50:24,11.6,--,52,60320,卖盘
115,14:50:21,11.6,--,81,93960,卖盘
116,14:50:18,11.6,--,72,83520,卖盘
117,14:50:15,11.6,--,1,1160,卖盘
118,14:50:06,11.6,--,15,17400,卖盘
119,14:50:03,11.6,-0.02,325,377000,卖盘
120,14:50:00,11.62,0.01,371,431102,买盘
121,14:49:57,11.61,--,216,250776,卖盘
122,14:49:54,11.61,--,579,672219,卖盘
123,14:49:48,11.61,--,652,756972,卖盘
124,14:49:45,11.61,--,23,26703,卖盘
125,14:49:42,11.61,--,191,221751,卖盘
126,14:49:39,11.61,0.01,347,403122,买盘
127,14:49:36,11.6,-0.01,70,81200,卖盘
128,14:49:33,11.61,--,150,174150,买盘
129,14:49:30,11.61,0.01,505,586305,买盘
130,14:49:27,11.6,--,51,59160,卖盘
131,14:49:24,11.6,--,100,116000,卖盘
132,14:49:21,11.6,--,39,45240,卖盘
133,14:49:18,11.6,--,193,223880,卖盘
134,14:49:15,11.6,--,10,11600,卖盘
135,14:49:12,11.6,--,178,207106,买盘
136,14:49:09,11.6,--,64,74240,买盘
137,14:49:03,11.6,--,1,1160,买盘
138,14:49:00,11.6,--,500,580000,买盘
139,14:48:57,11.6,0.01,38,44080,买盘
140,14:48:54,11.59,--,293,339587,卖盘
141,14:48:51,11.59,--,540,625860,卖盘
142,14:48:48,11.59,-0.01,136,157624,卖盘
143,14:48:45,11.6,--,93,107880,买盘
144,14:48:39,11.6,0.01,593,687880,买盘
145,14:48:36,11.59,--,253,293227,卖盘
146,14:48:33,11.59,-0.01,55,63745,卖盘
147,14:48:30,11.6,--,30,34800,买盘
148,14:48:27,11.6,0.01,3,3480,买盘
149,14:48:24,11.59,-0.01,24,27816,卖盘
150,14:48:21,11.6,0.01,30,34800,买盘
151,14:48:18,11.59,-0.01,76,88084,卖盘
152,14:48:15,11.6,0.01,638,740080,买盘
153,14:48:12,11.59,-0.01,12,13908,卖盘
154,14:48:09,11.6,0.01,1,1160,买盘
155,14:48:06,11.59,--,1,1159,卖盘
156,14:48:03,11.59,-0.01,156,180804,买盘
157,14:48:00,11.6,0.03,2042,2368720,买盘
158,14:47:57,11.57,-0.01,3,3471,卖盘
159,14:47:54,11.58,--,20,23160,买盘
160,14:47:51,11.58,-0.01,645,748044,卖盘
161,14:47:48,11.59,--,91,105469,买盘
162,14:47:45,11.59,--,22,25498,买盘
163,14:47:42,11.59,--,554,642086,买盘
164,14:47:39,11.59,0.01,96,111264,买盘
165,14:47:36,11.58,-0.01,548,634584,卖盘
166,14:47:33,11.59,0.01,35,40565,买盘
167,14:47:30,11.58,--,33,38214,卖盘
168,14:47:27,11.58,--,15,17370,卖盘
169,14:47:24,11.58,0.01,435,503753,买盘
170,14:47:21,11.57,--,5,5785,卖盘
171,14:47:18,11.57,-0.01,98,113386,卖盘
172,14:47:15,11.58,0.01,63,72954,买盘
173,14:47:12,11.57,--,31,35867,买盘
174,14:47:09,11.57,-0.01,3,3471,买盘
175,14:47:06,11.58,0.02,566,655428,买盘
176,14:47:03,11.56,-0.01,30,34680,卖盘
177,14:46:57,11.57,-0.01,64,74048,卖盘
178,14:46:54,11.58,0.02,509,589422,买盘
179,14:46:51,11.56,-0.01,15,17340,卖盘
180,14:46:48,11.57,0.01,147,170079,买盘
181,14:46:45,11.56,-0.01,55,63580,卖盘
182,14:46:42,11.57,--,5,5785,买盘
183,14:46:39,11.57,--,31,35867,买盘
184,14:46:36,11.57,-0.01,640,740480,卖盘
185,14:46:33,11.58,--,140,162120,买盘
186,14:46:27,11.58,0.01,46,53268,买盘
187,14:46:24,11.57,-0.01,3,3471,卖盘
188,14:46:21,11.58,0.01,530,613740,买盘
189,14:46:18,11.57,--,73,84461,卖盘
190,14:46:15,11.57,-0.01,5,5785,卖盘
191,14:46:12,11.58,--,500,579000,买盘
192,14:46:09,11.58,0.01,4,4632,买盘
193,14:46:03,11.57,-0.01,50,57850,中性盘
194,14:46:00,11.58,0.01,500,579000,买盘
195,14:45:57,11.57,--,8,9256,买盘
196,14:45:54,11.57,--,20,23140,买盘
197,14:45:51,11.57,--,160,185120,卖盘
198,14:45:48,11.57,--,32,37024,买盘
199,14:45:45,11.57,--,10,11570,买盘
200,14:45:42,11.57,0.01,6,6942,买盘
201,14:45:39,11.56,-0.01,5,5780,卖盘
202,14:45:36,11.57,--,685,792545,卖盘
203,14:45:30,11.57,-0.01,108,124956,卖盘
204,14:45:27,11.58,0.01,37,42846,买盘
205,14:45:24,11.57,-0.01,11,12727,卖盘
206,14:45:21,11.58,--,48,55584,买盘
207,14:45:15,11.58,0.01,48,55584,买盘
208,14:45:12,11.57,--,6,6942,卖盘
209,14:45:09,11.57,--,98,113386,卖盘
210,14:45:06,11.57,--,512,592384,卖盘
211,14:45:03,11.57,--,43,49751,卖盘
212,14:45:00,11.57,-0.01,22,25454,卖盘
213,14:44:57,11.58,0.01,89,103062,买盘
214,14:44:54,11.57,--,106,122642,卖盘
215,14:44:51,11.57,--,158,182806,卖盘
216,14:44:48,11.57,--,30,34710,卖盘
217,14:44:45,11.57,--,133,153881,卖盘
218,14:44:39,11.57,--,5,5785,卖盘
219,14:44:33,11.57,--,16,18512,卖盘
220,14:44:30,11.57,--,54,62478,买盘
221,14:44:27,11.57,--,42,48594,买盘
222,14:44:24,11.57,0.01,7,8099,买盘
223,14:44:21,11.56,-0.01,4,4624,卖盘
224,14:44:18,11.57,--,2,2314,买盘
225,14:44:15,11.57,--,78,90246,卖盘
226,14:44:12,11.57,--,27,31239,卖盘
227,14:44:09,11.57,-0.01,27,31239,卖盘
228,14:44:06,11.58,0.01,19,22002,买盘
229,14:44:03,11.57,--,185,214045,卖盘
230,14:44:00,11.57,--,25,28925,卖盘
231,14:43:57,11.57,--,34,39338,卖盘
232,14:43:54,11.57,--,7,8099,卖盘
233,14:43:51,11.57,--,52,60164,卖盘
234,14:43:48,11.57,--,47,54379,卖盘
235,14:43:45,11.57,--,68,78676,卖盘
236,14:43:39,11.57,--,41,47437,卖盘
237,14:43:36,11.57,-0.01,15,17355,中性盘
238,14:43:30,11.58,0.01,44,50952,买盘
239,14:43:27,11.57,--,69,79833,买盘
240,14:43:24,11.57,0.01,45,52065,买盘
241,14:43:21,11.56,-0.01,62,71672,卖盘
242,14:43:15,11.57,0.01,57,65949,买盘
243,14:43:09,11.56,-0.01,288,332928,卖盘
244,14:43:06,11.57,0.01,74,85618,买盘
245,14:43:03,11.56,--,6,6936,卖盘
246,14:43:00,11.56,-0.01,5,5780,卖盘
247,14:42:57,11.57,0.01,38,43966,买盘
248,14:42:51,11.56,-0.01,5,5780,卖盘
249,14:42:48,11.57,0.01,44,50908,买盘
250,14:42:45,11.56,-0.01,5,5780,卖盘
251,14:42:42,11.57,0.01,52,60164,买盘
252,14:42:39,11.56,-0.01,8,9248,卖盘
253,14:42:36,11.57,--,13,15041,买盘
254,14:42:33,11.57,0.01,59,68263,买盘
255,14:42:30,11.56,-0.01,6,6936,卖盘
256,14:42:27,11.57,--,8,9256,买盘
257,14:42:24,11.57,--,33,38181,买盘
258,14:42:21,11.57,--,2,2314,买盘
259,14:42:18,11.57,--,55,63635,买盘
260,14:42:12,11.57,--,40,46280,买盘
261,14:42:09,11.57,--,48,55536,买盘
262,14:42:06,11.57,--,9,10413,买盘
263,14:42:03,11.57,0.01,8,9256,买盘
264,14:42:00,11.56,--,49,56644,卖盘
265,14:41:57,11.56,--,1,1156,卖盘
266,14:41:54,11.56,--,25,28900,卖盘
267,14:41:51,11.56,-0.01,104,120224,卖盘
268,14:41:42,11.57,--,81,93717,买盘
269,14:41:36,11.57,--,20,23140,买盘
270,14:41:30,11.57,0.01,13,15041,买盘
271,14:41:27,11.56,--,3,3468,卖盘
272,14:41:24,11.56,--,49,56644,卖盘
273,14:41:15,11.56,-0.01,79,92017,卖盘
274,14:41:12,11.57,--,68,78676,买盘
275,14:41:06,11.57,0.01,6,6942,买盘
276,14:41:03,11.56,--,6,6936,卖盘
277,14:40:54,11.56,--,5,5780,卖盘
278,14:40:51,11.56,-0.01,270,312120,卖盘
279,14:40:48,11.57,--,202,233714,买盘
280,14:40:42,11.57,--,190,219830,买盘
281,14:40:39,11.57,0.01,37,42809,买盘
282,14:40:36,11.56,--,6,6936,卖盘
283,14:40:33,11.56,--,53,61268,卖盘
284,14:40:27,11.56,--,71,82076,卖盘
285,14:40:21,11.56,-0.01,5,5780,卖盘
286,14:40:18,11.57,0.01,50,57850,买盘
287,14:40:12,11.56,--,82,94792,卖盘
288,14:40:06,11.56,--,55,63580,卖盘
289,14:40:03,11.56,-0.01,20,23120,卖盘
290,14:40:00,11.57,--,10,11570,买盘
291,14:39:54,11.57,--,20,23140,买盘
292,14:39:51,11.57,--,62,71734,卖盘
293,14:39:48,11.57,--,3,3471,卖盘
294,14:39:45,11.57,--,30,34710,买盘
295,14:39:42,11.57,--,96,111072,买盘
296,14:39:33,11.57,--,52,60164,买盘
297,14:39:30,11.57,--,8,9256,买盘
298,14:39:27,11.57,--,136,157352,买盘
299,14:39:24,11.57,0.01,36,41652,买盘
300,14:39:21,11.56,--,5,5780,卖盘
301,14:39:18,11.56,--,96,110976,卖盘
302,14:39:15,11.56,-0.01,31,35836,卖盘
303,14:39:12,11.57,0.01,36,41652,买盘
304,14:39:09,11.56,-0.01,22,25432,卖盘
305,14:39:03,11.57,--,2,2314,买盘
306,14:38:57,11.57,--,12,13884,买盘
307,14:38:54,11.57,-0.01,7,8099,中性盘
308,14:38:48,11.58,0.02,258,298764,买盘
309,14:38:45,11.56,-0.01,65,75140,卖盘
310,14:38:39,11.57,--,41,47437,卖盘
311,14:38:36,11.57,--,77,89089,卖盘
312,14:38:33,11.57,--,61,70577,卖盘
313,14:38:30,11.57,--,1,1157,卖盘
314,14:38:27,11.57,--,1,1157,卖盘
315,14:38:24,11.57,--,33,38181,卖盘
316,14:38:18,11.57,--,33,38181,卖盘
317,14:38:15,11.57,--,1058,1224106,卖盘
318,14:38:12,11.57,-0.01,110,127270,卖盘
319,14:38:09,11.58,0.01,17,19686,买盘
320,14:38:06,11.57,-0.01,8,9256,卖盘
321,14:38:03,11.58,--,58,67164,买盘
322,14:38:00,11.58,--,3,3474,买盘
323,14:37:57,11.58,0.01,70,81060,买盘
324,14:37:54,11.57,-0.01,102,118014,卖盘
325,14:37:51,11.58,0.01,1,1158,买盘
326,14:37:45,11.57,--,45,52065,卖盘
327,14:37:42,11.57,--,19,21983,卖盘
328,14:37:39,11.57,-0.01,51,59007,卖盘
329,14:37:36,11.58,--,50,57900,买盘
330,14:37:33,11.58,0.01,359,415722,买盘
331,14:37:30,11.57,-0.01,106,122642,卖盘
332,14:37:27,11.58,0.01,38,44004,买盘
333,14:37:24,11.57,-0.01,16,18512,卖盘
334,14:37:21,11.58,--,57,66006,买盘
335,14:37:18,11.58,0.02,2,2316,买盘
336,14:37:15,11.56,--,65,75140,卖盘
337,14:37:12,11.56,--,238,275128,卖盘
338,14:37:09,11.56,-0.01,69,79764,卖盘
339,14:37:06,11.57,--,6,6942,买盘
340,14:37:03,11.57,--,102,118014,买盘
341,14:37:00,11.57,--,2,2314,买盘
342,14:36:57,11.57,--,180,208260,买盘
343,14:36:54,11.57,0.01,10,11570,买盘
344,14:36:51,11.56,-0.01,193,223108,卖盘
345,14:36:45,11.57,--,375,433875,买盘
346,14:36:42,11.57,0.01,55,63635,买盘
347,14:36:39,11.56,-0.01,61,70516,卖盘
348,14:36:33,11.57,--,53,61321,买盘
349,14:36:30,11.57,0.01,15,17355,买盘
350,14:36:27,11.56,-0.01,3,3468,卖盘
351,14:36:24,11.57,--,37,42809,买盘
352,14:36:21,11.57,--,4,4628,买盘
353,14:36:18,11.57,--,86,99502,买盘
354,14:36:15,11.57,--,89,102973,买盘
355,14:36:12,11.57,0.01,168,194376,买盘
356,14:36:06,11.56,-0.01,5,5780,卖盘
357,14:36:03,11.57,--,51,59007,买盘
358,14:36:00,11.57,--,28,32396,买盘
359,14:35:57,11.57,--,38,43966,买盘
360,14:35:51,11.57,0.01,97,112229,买盘
361,14:35:45,11.56,-0.01,83,95948,卖盘
362,14:35:42,11.57,--,436,504452,买盘
363,14:35:39,11.57,--,44,50908,买盘
364,14:35:36,11.57,--,21,24297,买盘
365,14:35:33,11.57,--,77,89089,买盘
366,14:35:30,11.57,0.01,54,62478,买盘
367,14:35:27,11.56,--,10,11560,卖盘
368,14:35:24,11.56,-0.01,23,26588,卖盘
369,14:35:21,11.57,0.01,49,56693,买盘
370,14:35:15,11.56,-0.01,105,121380,卖盘
371,14:35:06,11.57,--,62,71734,买盘
372,14:35:03,11.57,0.01,2,2314,买盘
373,14:35:00,11.56,-0.01,6,6936,卖盘
374,14:34:57,11.57,--,55,63635,买盘
375,14:34:54,11.57,--,7,8099,买盘
376,14:34:48,11.57,--,134,155038,买盘
377,14:34:45,11.57,--,75,86775,买盘
378,14:34:42,11.57,0.01,59,68263,买盘
379,14:34:36,11.56,-0.01,54,62424,卖盘
380,14:34:33,11.57,0.01,3,3471,买盘
381,14:34:30,11.56,-0.01,5,5780,卖盘
382,14:34:27,11.57,--,52,60164,买盘
383,14:34:24,11.57,--,200,231400,买盘
384,14:34:18,11.57,0.01,72,83304,买盘
385,14:34:15,11.56,-0.01,145,168544,卖盘
386,14:34:09,11.57,--,61,70577,买盘
387,14:34:03,11.57,0.01,43,49751,买盘
388,14:34:00,11.56,-0.01,52,60112,卖盘
389,14:33:57,11.57,--,15,17355,买盘
390,14:33:51,11.57,--,60,69420,买盘
391,14:33:48,11.57,0.01,3,3471,买盘
392,14:33:45,11.56,--,65,75140,卖盘
393,14:33:42,11.56,--,37,42772,卖盘
394,14:33:39,11.56,-0.01,44,50864,卖盘
395,14:33:36,11.57,0.01,30,34710,买盘
396,14:33:33,11.56,--,10,11560,卖盘
397,14:33:30,11.56,-0.01,21,24276,卖盘
398,14:33:27,11.57,0.01,3,3471,买盘
399,14:33:24,11.56,--,5,5780,卖盘
400,14:33:15,11.56,-0.01,95,109820,卖盘
401,14:33:12,11.57,0.01,450,520650,买盘
402,14:33:09,11.56,--,50,57800,卖盘
403,14:33:06,11.56,--,45,52020,卖盘
404,14:33:03,11.56,-0.01,59,68204,卖盘
405,14:33:00,11.57,0.01,63,72891,买盘
406,14:32:54,11.56,-0.01,79,91324,卖盘
407,14:32:51,11.57,0.01,42,48594,买盘
408,14:32:48,11.56,--,57,65892,卖盘
409,14:32:45,11.56,-0.01,102,117912,卖盘
410,14:32:42,11.57,--,1,1157,买盘
411,14:32:39,11.57,--,42,48594,买盘
412,14:32:36,11.57,--,50,57850,买盘
413,14:32:30,11.57,--,53,61321,买盘
414,14:32:27,11.57,0.01,126,145782,买盘
415,14:32:24,11.56,--,10,11560,卖盘
416,14:32:21,11.56,--,5,5780,卖盘
417,14:32:15,11.56,-0.01,83,95948,卖盘
418,14:32:12,11.57,--,43,49751,买盘
419,14:32:09,11.57,--,4,4628,买盘
420,14:32:06,11.57,0.01,42,48594,买盘
421,14:32:03,11.56,-0.01,7,8092,卖盘
422,14:32:00,11.57,0.01,36,41652,买盘
423,14:31:57,11.56,-0.01,3,3468,卖盘
424,14:31:54,11.57,0.01,7,8099,买盘
425,14:31:51,11.56,--,15,17340,卖盘
426,14:31:48,11.56,--,56,64736,卖盘
427,14:31:45,11.56,-0.01,82,94792,卖盘
428,14:31:42,11.57,0.01,46,53222,买盘
429,14:31:39,11.56,--,30,34680,卖盘
430,14:31:36,11.56,-0.01,53,61268,卖盘
431,14:31:33,11.57,0.01,57,65949,买盘
432,14:31:30,11.56,--,12,13872,卖盘
433,14:31:27,11.56,--,62,71672,买盘
434,14:31:24,11.56,0.01,6,6936,买盘
435,14:31:21,11.55,--,5,5775,卖盘
436,14:31:15,11.55,-0.01,45,51975,卖盘
437,14:31:09,11.56,--,73,84388,买盘
438,14:31:06,11.56,--,45,52020,买盘
439,14:31:03,11.56,0.01,2,2312,买盘
440,14:31:00,11.55,-0.01,177,205451,卖盘
441,14:30:57,11.56,--,14,16184,买盘
442,14:30:51,11.56,0.01,6,6936,买盘
443,14:30:45,11.55,--,5,5775,卖盘
444,14:30:42,11.55,-0.01,1,1155,卖盘
445,14:30:39,11.56,--,417,482052,买盘
446,14:30:36,11.56,--,7,8092,买盘
447,14:30:33,11.56,0.01,30,34680,买盘
448,14:30:30,11.55,-0.01,28,32340,卖盘
449,14:30:21,11.56,--,13,15028,买盘
450,14:30:15,11.56,--,430,497080,卖盘
451,14:30:09,11.56,--,1,1156,卖盘
452,14:30:03,11.56,--,139,160684,卖盘
453,14:30:00,11.56,-0.01,8,9248,卖盘
454,14:29:57,11.57,--,45,52065,买盘
455,14:29:54,11.57,--,10,11570,买盘
456,14:29:51,11.57,--,34,39338,买盘
457,14:29:48,11.57,0.01,51,59007,买盘
458,14:29:45,11.56,-0.01,5,5780,卖盘
459,14:29:42,11.57,0.01,76,87932,买盘
460,14:29:39,11.56,-0.01,39,45084,卖盘
461,14:29:33,11.57,0.01,60,69420,买盘
462,14:29:30,11.56,--,88,101728,卖盘
463,14:29:24,11.56,--,10,11560,卖盘
464,14:29:21,11.56,--,19,21964,卖盘
465,14:29:18,11.56,-0.01,8,9248,卖盘
466,14:29:15,11.57,--,42,48594,买盘
467,14:29:12,11.57,--,16,18512,买盘
468,14:29:09,11.57,--,15,17355,买盘
469,14:29:06,11.57,--,6,6942,买盘
470,14:29:03,11.57,0.01,18,20826,买盘
471,14:29:00,11.56,-0.01,20,23120,卖盘
472,14:28:48,11.57,0.01,90,104130,买盘
473,14:28:45,11.56,--,19,21964,买盘
474,14:28:42,11.56,0.01,6,6936,买盘
475,14:28:39,11.55,-0.01,26,30030,卖盘
476,14:28:36,11.56,--,70,80920,卖盘
477,14:28:33,11.56,--,58,67048,卖盘
478,14:28:30,11.56,--,190,219640,卖盘
479,14:28:27,11.56,--,105,121380,卖盘
480,14:28:24,11.56,--,50,57800,卖盘
481,14:28:21,11.56,-0.01,40,46240,卖盘
482,14:28:18,11.57,--,15,17355,买盘
483,14:28:15,11.57,0.01,43,49751,买盘
484,14:28:09,11.56,--,478,552568,卖盘
485,14:28:06,11.56,--,5,5780,卖盘
486,14:28:03,11.56,--,8,9248,卖盘
487,14:28:00,11.56,--,43,49708,卖盘
488,14:27:54,11.56,--,47,54332,卖盘
489,14:27:51,11.56,--,25,28900,卖盘
490,14:27:48,11.56,0.01,70,80920,买盘
491,14:27:39,11.55,-0.01,3,3465,卖盘
492,14:27:36,11.56,--,8,9248,买盘
493,14:27:33,11.56,--,69,79764,买盘
494,14:27:30,11.56,0.01,93,107508,买盘
495,14:27:27,11.55,--,54,62370,卖盘
496,14:27:24,11.55,-0.01,46,53130,卖盘
497,14:27:21,11.56,--,7,8092,买盘
498,14:27:18,11.56,0.01,29,33524,买盘
499,14:27:15,11.55,--,70,80850,卖盘
500,14:27:12,11.55,-0.01,10,11550,卖盘
501,14:27:09,11.56,0.01,20,23120,买盘
502,14:27:06,11.55,--,2,2310,卖盘
503,14:27:03,11.55,--,47,54285,卖盘
504,14:27:00,11.55,--,5,5775,卖盘
505,14:26:57,11.55,-0.01,200,231000,卖盘
506,14:26:54,11.56,--,51,58956,买盘
507,14:26:48,11.56,--,43,49708,买盘
508,14:26:45,11.56,--,4,4624,买盘
509,14:26:42,11.56,--,6,6936,买盘
510,14:26:39,11.56,--,47,54332,买盘
511,14:26:30,11.56,--,105,121380,买盘
512,14:26:24,11.56,--,3,3468,买盘
513,14:26:21,11.56,0.01,5,5780,买盘
514,14:26:18,11.55,--,114,131670,卖盘
515,14:26:06,11.55,-0.01,102,117810,卖盘
516,14:26:03,11.56,--,2,2312,买盘
517,14:26:00,11.56,0.01,51,58956,买盘
518,14:25:57,11.55,-0.01,25,28875,卖盘
519,14:25:54,11.56,--,2,2312,买盘
520,14:25:51,11.56,--,19,21964,买盘
521,14:25:48,11.56,--,6,6936,买盘
522,14:25:45,11.56,--,8,9248,买盘
523,14:25:39,11.56,--,1,1156,买盘
524,14:25:33,11.56,--,81,93636,卖盘
525,14:25:30,11.56,-0.01,122,141032,卖盘
526,14:25:24,11.57,--,60,69420,买盘
527,14:25:21,11.57,--,12,13884,买盘
528,14:25:18,11.57,0.01,6,6942,买盘
529,14:25:15,11.56,0.01,65,75140,卖盘
530,14:25:03,11.55,-0.02,67,77385,卖盘
531,14:25:00,11.57,0.01,523,605111,买盘
532,14:24:57,11.56,0.01,100,115600,买盘
533,14:24:54,11.55,-0.01,8,9240,卖盘
534,14:24:51,11.56,0.01,57,65892,买盘
535,14:24:42,11.55,-0.01,3,3465,卖盘
536,14:24:39,11.56,0.01,61,70516,买盘
537,14:24:36,11.55,-0.01,2,2310,卖盘
538,14:24:33,11.56,0.01,71,82076,买盘
539,14:24:24,11.55,--,58,66990,卖盘
540,14:24:18,11.55,-0.01,16,18480,卖盘
541,14:24:15,11.56,--,69,79764,买盘
542,14:24:09,11.56,0.01,6,6936,买盘
543,14:24:06,11.55,-0.01,21,24255,卖盘
544,14:24:03,11.56,0.01,10,11560,买盘
545,14:24:00,11.55,-0.01,11,12705,卖盘
546,14:23:57,11.56,0.01,32,36992,买盘
547,14:23:54,11.55,-0.01,20,23100,卖盘
548,14:23:51,11.56,0.01,52,60112,买盘
549,14:23:48,11.55,-0.01,28,32340,卖盘
550,14:23:39,11.56,--,43,49708,买盘
551,14:23:36,11.56,--,51,58956,买盘
552,14:23:33,11.56,0.01,3,3468,买盘
553,14:23:21,11.55,-0.01,45,51975,卖盘
554,14:23:18,11.56,0.01,64,73984,买盘
555,14:23:15,11.55,-0.01,10,11550,卖盘
556,14:23:12,11.56,--,56,64736,买盘
557,14:23:06,11.56,--,10,11560,买盘
558,14:23:03,11.56,0.01,119,137564,买盘
559,14:22:54,11.55,-0.01,80,92400,卖盘
560,14:22:51,11.56,0.01,5,5780,买盘
561,14:22:48,11.55,-0.01,10,11550,卖盘
562,14:22:45,11.56,--,43,49708,买盘
563,14:22:42,11.56,--,13,15028,买盘
564,14:22:39,11.56,0.01,52,60112,买盘
565,14:22:33,11.55,-0.01,51,58905,卖盘
566,14:22:30,11.56,0.01,42,48552,买盘
567,14:22:27,11.55,-0.01,10,11550,卖盘
568,14:22:24,11.56,0.01,6,6936,买盘
569,14:22:18,11.55,-0.01,1,1155,中性盘
570,14:22:15,11.56,0.01,78,90168,买盘
571,14:22:12,11.55,0.01,97,112035,买盘
572,14:22:09,11.54,-0.01,12,13847,卖盘
573,14:22:06,11.55,0.01,32,36960,买盘
574,14:22:03,11.54,--,4,4616,卖盘
575,14:22:00,11.54,--,23,26541,买盘
576,14:21:57,11.54,--,8,9232,买盘
577,14:21:51,11.54,--,11,12693,买盘
578,14:21:48,11.54,-0.01,75,86550,中性盘
579,14:21:45,11.55,--,73,84315,买盘
580,14:21:39,11.55,--,243,280665,买盘
581,14:21:33,11.55,0.01,6,6930,买盘
582,14:21:30,11.54,--,43,49621,买盘
583,14:21:24,11.54,--,24,27695,买盘
584,14:21:21,11.54,--,32,36928,买盘
585,14:21:18,11.54,--,1,1154,买盘
586,14:21:09,11.54,0.01,13,15001,买盘
587,14:21:06,11.53,-0.01,4,5084,卖盘
588,14:21:03,11.54,--,350,403899,买盘
589,14:21:00,11.54,--,6,6923,买盘
590,14:20:57,11.54,--,1,1154,买盘
591,14:20:54,11.54,--,40,46160,买盘
592,14:20:51,11.54,--,14,16155,买盘
593,14:20:48,11.54,--,27,31157,买盘
594,14:20:45,11.54,--,103,118861,卖盘
595,14:20:42,11.54,--,26,30003,卖盘
596,14:20:39,11.54,-0.01,5,5770,卖盘
597,14:20:30,11.55,0.02,300,346500,买盘
598,14:20:27,11.53,-0.01,567,653843,卖盘
599,14:20:24,11.54,-0.01,8,9232,卖盘
600,14:20:21,11.55,--,9,10395,买盘
601,14:20:18,11.55,0.01,1,1155,买盘
602,14:20:15,11.54,-0.01,36,41544,卖盘
603,14:20:12,11.55,0.01,15,17325,买盘
604,14:20:09,11.54,--,13,15001,卖盘
605,14:20:06,11.54,--,28,32311,卖盘
606,14:20:03,11.54,--,7,8077,卖盘
607,14:20:00,11.54,-0.01,1006,1160924,卖盘
608,14:19:57,11.55,--,14,16170,买盘
609,14:19:54,11.55,-0.01,31,35805,买盘
610,14:19:48,11.56,--,541,625396,买盘
611,14:19:45,11.56,--,12,13872,买盘
612,14:19:42,11.56,--,48,55488,买盘
613,14:19:36,11.56,0.02,5,5780,买盘
614,14:19:33,11.54,--,5,5770,卖盘
615,14:19:27,11.54,-0.02,6,6923,卖盘
616,14:19:15,11.56,0.02,506,584936,买盘
617,14:19:06,11.54,-0.02,362,418163,卖盘
618,14:19:03,11.56,--,6,6936,买盘
619,14:18:54,11.56,0.01,3,3468,买盘
620,14:18:51,11.55,--,12,13860,买盘
621,14:18:48,11.55,0.01,74,85885,买盘
622,14:18:30,11.54,--,5,5770,卖盘
623,14:18:27,11.54,-0.01,338,390086,卖盘
624,14:18:24,11.55,--,56,64680,买盘
625,14:18:21,11.55,--,22,25456,卖盘
626,14:18:18,11.55,--,69,79695,卖盘
627,14:18:15,11.55,--,1,1155,卖盘
628,14:18:12,11.55,--,15,17325,卖盘
629,14:18:09,11.55,--,23,26565,卖盘
630,14:18:06,11.55,-0.01,98,113582,卖盘
631,14:18:03,11.56,0.01,8,9248,买盘
632,14:18:00,11.55,--,7,8085,卖盘
633,14:17:57,11.55,--,30,34650,卖盘
634,14:17:51,11.55,-0.01,2,2310,卖盘
635,14:17:48,11.56,0.01,1,1156,买盘
636,14:17:45,11.55,-0.01,74,85770,卖盘
637,14:17:42,11.56,0.01,6,6936,买盘
638,14:17:39,11.55,-0.01,1,1155,卖盘
639,14:17:33,11.56,--,100,115600,买盘
640,14:17:27,11.56,0.01,38,44112,买盘
641,14:17:24,11.55,-0.01,5,5775,卖盘
642,14:17:21,11.56,--,46,53176,买盘
643,14:17:18,11.56,-0.01,927,1071612,卖盘
644,14:17:15,11.57,0.01,44,50908,买盘
645,14:17:12,11.56,--,191,220796,卖盘
646,14:17:06,11.56,--,55,63580,卖盘
647,14:17:03,11.56,--,4,4624,卖盘
648,14:16:57,11.56,--,248,286688,卖盘
649,14:16:54,11.56,--,5,5780,卖盘
650,14:16:51,11.56,-0.01,62,71672,卖盘
651,14:16:48,11.57,--,36,41652,买盘
652,14:16:42,11.57,--,34,39338,买盘
653,14:16:33,11.57,0.01,81,93717,买盘
654,14:16:27,11.56,--,9,10404,卖盘
655,14:16:24,11.56,--,560,647360,买盘
656,14:16:21,11.56,0.01,102,118143,买盘
657,14:16:18,11.55,0.01,2,2310,买盘
658,14:16:15,11.54,-0.01,3,3461,卖盘
659,14:16:12,11.55,--,39,45045,买盘
660,14:16:06,11.55,--,50,57750,买盘
661,14:15:57,11.55,--,2,2310,买盘
662,14:15:54,11.55,--,45,51975,买盘
663,14:15:51,11.55,0.01,6,6930,买盘
664,14:15:48,11.54,-0.01,7,8077,卖盘
665,14:15:45,11.55,0.01,36,41580,买盘
666,14:15:42,11.54,-0.01,63,72702,卖盘
667,14:15:36,11.55,0.01,21,24255,买盘
668,14:15:33,11.54,--,50,57699,卖盘
669,14:15:30,11.54,-0.01,12,13847,卖盘
670,14:15:27,11.55,0.01,224,258720,买盘
671,14:15:18,11.54,-0.01,45,51929,卖盘
672,14:15:12,11.55,--,1,1155,买盘
673,14:15:09,11.55,0.01,5,5775,买盘
674,14:15:06,11.54,-0.01,56,64623,卖盘
675,14:14:57,11.55,0.01,5,5775,买盘
676,14:14:54,11.54,--,11,12693,卖盘
677,14:14:51,11.54,-0.01,5,5770,卖盘
678,14:14:45,11.55,0.01,11,12705,买盘
679,14:14:39,11.54,--,37,42698,卖盘
680,14:14:36,11.54,--,6,6923,卖盘
681,14:14:30,11.54,--,15,17310,卖盘
682,14:14:27,11.54,--,50,57699,卖盘
683,14:14:21,11.54,--,266,306964,买盘
684,14:14:18,11.54,0.01,6,6923,买盘
685,14:14:15,11.53,--,11,12683,卖盘
686,14:14:09,11.53,--,36,41508,卖盘
687,14:14:06,11.53,--,20,23060,卖盘
688,14:14:03,11.53,--,1100,1268300,卖盘
689,14:14:00,11.53,-0.01,22,25366,卖盘
690,14:13:54,11.54,0.01,26,30003,买盘
691,14:13:51,11.53,-0.01,39,44967,卖盘
692,14:13:48,11.54,0.01,1,1154,买盘
693,14:13:45,11.53,-0.01,5,5765,卖盘
694,14:13:42,11.54,-0.01,631,728174,卖盘
695,14:13:39,11.55,0.01,5,5775,买盘
696,14:13:36,11.54,--,360,415439,卖盘
697,14:13:33,11.54,--,2,2308,卖盘
698,14:13:30,11.54,-0.01,47,54237,卖盘
699,14:13:27,11.55,--,7,8085,买盘
700,14:13:24,11.55,--,34,39270,买盘
701,14:13:21,11.55,-0.01,723,835758,卖盘
702,14:13:18,11.56,-0.01,629,727124,卖盘
703,14:13:12,11.57,0.01,1,1157,买盘
704,14:13:09,11.56,-0.01,5,5780,卖盘
705,14:13:03,11.57,--,68,78676,买盘
706,14:12:54,11.57,0.01,10,11570,买盘
707,14:12:51,11.56,-0.01,229,264724,卖盘
708,14:12:48,11.57,--,85,98345,买盘
709,14:12:45,11.57,0.01,29,33553,买盘
710,14:12:39,11.56,-0.01,10,11560,卖盘
711,14:12:30,11.57,0.01,50,57850,买盘
712,14:12:27,11.56,-0.01,282,325992,卖盘
713,14:12:18,11.57,--,9,10413,买盘
714,14:12:15,11.57,--,215,248755,卖盘
715,14:12:12,11.57,--,5,5785,卖盘
716,14:12:09,11.57,--,85,98345,卖盘
717,14:12:06,11.57,--,84,97188,卖盘
718,14:12:03,11.57,--,69,79833,卖盘
719,14:11:57,11.57,-0.01,66,76362,卖盘
720,14:11:54,11.58,--,10,11580,买盘
721,14:11:51,11.58,--,34,39372,买盘
722,14:11:48,11.58,0.01,1,1158,买盘
723,14:11:45,11.57,-0.01,60,69420,卖盘
724,14:11:42,11.58,--,56,64848,买盘
725,14:11:39,11.58,0.01,35,40530,买盘
726,14:11:36,11.57,--,24,27768,卖盘
727,14:11:33,11.57,-0.01,35,40495,卖盘
728,14:11:30,11.58,0.01,2,2316,买盘
729,14:11:27,11.57,-0.01,72,83304,卖盘
730,14:11:24,11.58,0.01,9,10422,买盘
731,14:11:21,11.57,-0.01,1,1157,卖盘
732,14:11:18,11.58,0.01,9,10422,买盘
733,14:11:09,11.57,--,2,2314,卖盘
734,14:11:06,11.57,--,15,17355,卖盘
735,14:11:03,11.57,-0.01,160,185120,卖盘
736,14:11:00,11.58,--,37,42846,买盘
737,14:10:57,11.58,0.01,134,155172,买盘
738,14:10:51,11.57,-0.01,3,3471,卖盘
739,14:10:48,11.58,0.01,5,5790,买盘
740,14:10:45,11.57,--,8,9256,卖盘
741,14:10:42,11.57,-0.01,10,11570,卖盘
742,14:10:33,11.58,0.01,5,5790,买盘
743,14:10:30,11.57,-0.01,13,15041,卖盘
744,14:10:27,11.58,0.01,155,179490,买盘
745,14:10:18,11.57,--,187,216359,买盘
746,14:10:15,11.57,0.01,27,31239,买盘
747,14:10:12,11.56,-0.01,5,5780,卖盘
748,14:10:09,11.57,--,7,8099,买盘
749,14:10:06,11.57,-0.01,454,525278,卖盘
750,14:10:03,11.58,0.01,29,33582,买盘
751,14:10:00,11.57,--,43,49751,卖盘
752,14:09:57,11.57,--,69,79833,卖盘
753,14:09:51,11.57,-0.01,2,2314,卖盘
754,14:09:48,11.58,0.01,9,10422,买盘
755,14:09:45,11.57,--,10,11570,买盘
756,14:09:42,11.57,0.01,1,1157,买盘
757,14:09:39,11.56,--,1,1156,卖盘
758,14:09:36,11.56,-0.01,1374,1588344,卖盘
759,14:09:33,11.57,--,18,20826,买盘
760,14:09:30,11.57,--,130,150410,买盘
761,14:09:27,11.57,0.01,63,72891,买盘
762,14:09:24,11.56,-0.01,5,5780,卖盘
763,14:09:21,11.57,--,150,173550,买盘
764,14:09:18,11.57,0.01,301,348257,买盘
765,14:09:12,11.56,-0.01,54,62424,卖盘
766,14:09:09,11.57,0.01,3,3471,买盘
767,14:09:06,11.56,--,7,8092,卖盘
768,14:09:00,11.56,--,5,5780,卖盘
769,14:08:57,11.56,--,10,11560,卖盘
770,14:08:54,11.56,-0.01,5,5780,卖盘
771,14:08:51,11.57,0.01,77,89089,买盘
772,14:08:48,11.56,--,1,1156,卖盘
773,14:08:45,11.56,-0.01,22,25432,卖盘
774,14:08:42,11.57,0.02,62,71734,买盘
775,14:08:36,11.55,-0.02,10,11550,卖盘
776,14:08:33,11.57,0.02,68,78676,买盘
777,14:08:27,11.55,--,283,327558,卖盘
778,14:08:24,11.55,--,61,70455,卖盘
779,14:08:21,11.55,--,61,70455,卖盘
780,14:08:18,11.55,-0.01,16,18480,卖盘
781,14:08:15,11.56,--,47,54332,买盘
782,14:08:06,11.56,--,57,65892,买盘
783,14:08:03,11.56,0.01,5,5780,买盘
784,14:08:00,11.55,--,10,11550,卖盘
785,14:07:57,11.55,-0.01,53,61215,卖盘
786,14:07:54,11.56,0.01,8,9248,买盘
787,14:07:51,11.55,--,119,137445,卖盘
788,14:07:48,11.55,--,20,23100,卖盘
789,14:07:45,11.55,-0.01,12,13860,卖盘
790,14:07:42,11.56,--,1,1156,买盘
791,14:07:39,11.56,--,38,43928,买盘
792,14:07:36,11.56,--,2,2312,买盘
793,14:07:33,11.56,--,17,19652,买盘
794,14:07:30,11.56,--,33,38148,买盘
795,14:07:27,11.56,--,6,6936,买盘
796,14:07:24,11.56,--,6,6936,买盘
797,14:07:21,11.56,0.01,127,146812,买盘
798,14:07:18,11.55,-0.01,5,5775,卖盘
799,14:07:15,11.56,--,55,63580,买盘
800,14:07:12,11.56,0.01,8,9248,买盘
801,14:07:09,11.55,--,255,294525,卖盘
802,14:07:06,11.55,-0.01,9,10395,卖盘
803,14:07:03,11.56,--,20,23120,买盘
804,14:07:00,11.56,--,35,40460,买盘
805,14:06:57,11.56,0.01,15,17340,买盘
806,14:06:54,11.55,--,40,46200,卖盘
807,14:06:51,11.55,--,123,142989,买盘
808,14:06:48,11.55,--,14,16170,买盘
809,14:06:45,11.55,--,65,75075,买盘
810,14:06:39,11.55,0.01,36,41580,买盘
811,14:06:36,11.54,-0.02,40,46160,卖盘
812,14:06:33,11.56,0.01,36,41616,买盘
813,14:06:24,11.55,0.01,34,39270,中性盘
814,14:06:21,11.54,-0.02,94,108475,卖盘
815,14:06:18,11.56,--,1,1156,买盘
816,14:06:15,11.56,--,41,47396,买盘
817,14:06:09,11.56,--,48,55488,买盘
818,14:06:06,11.56,0.01,53,61268,买盘
819,14:06:00,11.55,-0.01,21,24255,卖盘
820,14:05:57,11.56,--,36,41616,买盘
821,14:05:54,11.56,0.02,87,100572,买盘
822,14:05:48,11.54,--,82,94628,卖盘
823,14:05:45,11.54,-0.01,55,63469,卖盘
824,14:05:42,11.55,-0.01,99,114345,卖盘
825,14:05:39,11.56,--,43,49708,买盘
826,14:05:33,11.56,--,98,113288,买盘
827,14:05:30,11.56,--,10,11560,买盘
828,14:05:27,11.56,--,1,1156,买盘
829,14:05:24,11.56,0.02,4,4624,买盘
830,14:05:18,11.54,-0.02,61,70394,卖盘
831,14:05:15,11.56,0.01,56,64736,买盘
832,14:05:12,11.55,0.01,95,109725,买盘
833,14:05:09,11.54,-0.01,5,5770,卖盘
834,14:05:03,11.55,--,12,13860,买盘
835,14:05:00,11.55,--,34,39270,买盘
836,14:04:57,11.55,--,28,32340,买盘
837,14:04:54,11.55,0.01,20,23100,买盘
838,14:04:51,11.54,-0.01,58,66932,卖盘
839,14:04:48,11.55,--,131,151305,买盘
840,14:04:42,11.55,0.01,6,6930,买盘
841,14:04:39,11.54,-0.01,5,5770,卖盘
842,14:04:36,11.55,--,147,169785,买盘
843,14:04:30,11.55,--,40,46200,买盘
844,14:04:24,11.55,--,42,48510,买盘
845,14:04:21,11.55,0.02,375,433125,买盘
846,14:04:18,11.53,--,61,70333,卖盘
847,14:04:15,11.53,-0.01,41,47273,卖盘
848,14:04:06,11.54,0.01,44,50775,买盘
849,14:04:03,11.53,-0.01,10,11530,卖盘
850,14:03:57,11.54,--,62,71548,买盘
851,14:03:54,11.54,--,23,26541,买盘
852,14:03:48,11.54,0.01,211,243493,买盘
853,14:03:42,11.53,-0.01,140,161420,卖盘
854,14:03:39,11.54,--,294,339783,买盘
855,14:03:36,11.54,0.01,2,2308,买盘
856,14:03:33,11.53,-0.01,5,5765,卖盘
857,14:03:30,11.54,0.01,15,17310,买盘
858,14:03:27,11.53,-0.01,33,38049,卖盘
859,14:03:21,11.54,0.01,50,57699,买盘
860,14:03:18,11.53,-0.01,61,70333,卖盘
861,14:03:15,11.54,--,22,25387,买盘
862,14:03:12,11.54,--,30,34620,买盘
863,14:03:06,11.54,0.01,18,20772,买盘
864,14:03:03,11.53,-0.01,7,8071,卖盘
865,14:03:00,11.54,0.01,272,313888,买盘
866,14:02:54,11.53,-0.01,1,1153,卖盘
867,14:02:51,11.54,--,88,101551,买盘
868,14:02:48,11.54,--,504,581616,卖盘
869,14:02:42,11.54,--,76,87704,卖盘
870,14:02:39,11.54,-0.01,5,5770,卖盘
871,14:02:36,11.55,0.01,14,16170,买盘
872,14:02:33,11.54,--,57,65778,卖盘
873,14:02:30,11.54,-0.01,12,13847,卖盘
874,14:02:27,11.55,--,69,79695,买盘
875,14:02:21,11.55,0.01,1,1155,买盘
876,14:02:18,11.54,--,138,159252,卖盘
877,14:02:15,11.54,-0.01,74,85396,卖盘
878,14:02:12,11.55,--,40,46200,买盘
879,14:02:09,11.55,--,44,50820,买盘
880,14:02:06,11.55,0.01,65,75075,买盘
881,14:02:03,11.54,-0.01,11,12693,卖盘
882,14:02:00,11.55,--,7,8085,买盘
883,14:01:57,11.55,--,29,33495,买盘
884,14:01:54,11.55,0.01,14,16170,买盘
885,14:01:48,11.54,-0.01,117,135018,卖盘
886,14:01:45,11.55,0.01,43,49665,买盘
887,14:01:42,11.54,--,2,2308,卖盘
888,14:01:39,11.54,-0.01,29,33466,卖盘
889,14:01:36,11.55,--,38,43890,买盘
890,14:01:33,11.55,0.01,71,82005,买盘
891,14:01:27,11.54,--,44,50775,卖盘
892,14:01:24,11.54,-0.01,9,10386,卖盘
893,14:01:21,11.55,0.01,108,124740,买盘
894,14:01:18,11.54,-0.01,63,72702,卖盘
895,14:01:15,11.55,--,139,160545,买盘
896,14:01:12,11.55,--,68,78540,买盘
897,14:01:06,11.55,0.01,26,30030,买盘
898,14:01:03,11.54,--,1121,1293634,卖盘
899,14:00:57,11.54,--,93,107321,卖盘
900,14:00:54,11.54,-0.01,53,61161,卖盘
901,14:00:51,11.55,--,6,6930,买盘
902,14:00:45,11.55,0.01,2,2310,买盘
903,14:00:42,11.54,-0.01,45,51929,卖盘
904,14:00:39,11.55,0.01,34,39270,买盘
905,14:00:36,11.54,-0.01,5,5770,卖盘
906,14:00:33,11.55,--,35,40425,买盘
907,14:00:30,11.55,0.01,41,47355,买盘
908,14:00:27,11.54,--,32,36928,卖盘
909,14:00:24,11.54,--,8,9232,卖盘
910,14:00:21,11.54,-0.01,51,58853,卖盘
911,14:00:18,11.55,0.01,63,72765,买盘
912,14:00:15,11.54,-0.01,2,2308,卖盘
913,14:00:12,11.55,--,1,1155,买盘
914,14:00:09,11.55,--,76,87780,买盘
915,14:00:06,11.55,0.01,124,143220,买盘
916,14:00:03,11.54,--,54,62315,买盘
917,13:59:54,11.54,0.01,50,57699,买盘
918,13:59:51,11.53,--,50,57650,卖盘
919,13:59:48,11.53,-0.01,47,54191,卖盘
920,13:59:45,11.54,0.01,24,27695,买盘
921,13:59:42,11.53,--,11,12683,卖盘
922,13:59:39,11.53,-0.01,619,713707,卖盘
923,13:59:36,11.54,--,49,56545,买盘
924,13:59:30,11.54,0.01,16,18464,买盘
925,13:59:27,11.53,--,676,779889,买盘
926,13:59:21,11.53,0.01,12,13836,买盘
927,13:59:18,11.52,-0.01,35,40780,卖盘
928,13:59:15,11.53,--,13,14989,买盘
929,13:59:12,11.53,0.01,18,20754,买盘
930,13:59:03,11.52,-0.01,40,46080,卖盘
931,13:59:00,11.53,--,9,10377,买盘
932,13:58:57,11.53,--,2,2306,买盘
933,13:58:54,11.53,--,31,35743,买盘
934,13:58:51,11.53,0.01,5,5765,买盘
935,13:58:45,11.52,-0.01,5,5760,卖盘
936,13:58:42,11.53,--,143,164879,买盘
937,13:58:39,11.53,0.01,46,53038,买盘
938,13:58:30,11.52,--,13,14976,买盘
939,13:58:27,11.52,--,36,41472,买盘
940,13:58:21,11.52,--,63,72576,买盘
941,13:58:18,11.52,0.01,13,14976,买盘
942,13:58:15,11.51,-0.01,5,5755,卖盘
943,13:58:12,11.52,0.01,26,29952,买盘
944,13:58:09,11.51,--,3,3453,卖盘
945,13:58:06,11.51,--,63,72513,卖盘
946,13:58:03,11.51,-0.01,19,21869,卖盘
947,13:58:00,11.52,--,7,8064,买盘
948,13:57:57,11.52,0.01,16,18432,买盘
949,13:57:54,11.51,--,55,63305,卖盘
950,13:57:45,11.51,-0.01,5,5755,卖盘
951,13:57:42,11.52,--,87,100224,买盘
952,13:57:39,11.52,--,322,370944,买盘
953,13:57:27,11.52,0.01,69,79488,买盘
954,13:57:21,11.51,--,49,56399,买盘
955,13:57:18,11.51,--,36,41436,买盘
956,13:57:12,11.51,0.01,79,90929,买盘
957,13:57:09,11.5,-0.01,52,59800,卖盘
958,13:57:06,11.51,--,6,6906,买盘
959,13:57:00,11.51,--,8,9208,买盘
960,13:56:57,11.51,0.01,44,50644,买盘
961,13:56:51,11.5,--,1,1150,卖盘
962,13:56:45,11.5,--,123,141450,卖盘
963,13:56:42,11.5,-0.01,2,2300,卖盘
964,13:56:39,11.51,--,36,41436,买盘
965,13:56:33,11.51,--,43,49493,买盘
966,13:56:30,11.51,--,2,2302,买盘
967,13:56:24,11.51,--,12,13812,买盘
968,13:56:21,11.51,0.01,62,71362,买盘
969,13:56:18,11.5,--,19,21850,卖盘
970,13:56:09,11.5,-0.01,10,11500,卖盘
971,13:56:06,11.51,--,38,43738,买盘
972,13:56:03,11.51,0.01,154,177254,买盘
973,13:55:57,11.5,0.01,2,2300,买盘
974,13:55:42,11.49,-0.01,76,87324,卖盘
975,13:55:39,11.5,0.01,80,92000,买盘
976,13:55:33,11.49,-0.01,6,6894,卖盘
977,13:55:30,11.5,--,10,11500,买盘
978,13:55:27,11.5,--,14,16100,买盘
979,13:55:24,11.5,--,54,62100,买盘
980,13:55:21,11.5,--,8,9200,买盘
981,13:55:12,11.5,0.01,32,36800,买盘
982,13:55:03,11.49,--,64,73536,卖盘
983,13:55:00,11.49,-0.01,2,2298,卖盘
984,13:54:42,11.5,--,133,152950,买盘
985,13:54:39,11.5,0.01,44,50600,买盘
986,13:54:36,11.49,--,5,5745,卖盘
987,13:54:33,11.49,--,10,11490,卖盘
988,13:54:27,11.49,-0.01,8,9192,卖盘
989,13:54:24,11.5,0.01,66,75900,买盘
990,13:54:18,11.49,-0.01,22,25278,卖盘
991,13:54:15,11.5,--,48,55200,买盘
992,13:54:12,11.5,--,2,2300,买盘
993,13:54:06,11.5,0.01,1,1150,买盘
994,13:54:00,11.49,--,66,75834,卖盘
995,13:53:57,11.49,--,5,5745,卖盘
996,13:53:51,11.49,--,7,8043,卖盘
997,13:53:45,11.49,--,29,33321,卖盘
998,13:53:42,11.49,--,133,152817,卖盘
999,13:53:36,11.49,-0.01,3,3447,卖盘
1000,13:53:33,11.5,--,15,17250,买盘
1001,13:53:30,11.5,0.01,66,75900,买盘
1002,13:53:24,11.49,-0.01,5,5745,卖盘
1003,13:53:18,11.5,0.01,39,44850,买盘
1004,13:53:12,11.49,-0.01,79,90771,卖盘
1005,13:53:06,11.5,0.01,58,66700,买盘
1006,13:52:57,11.49,--,2,2298,卖盘
1007,13:52:54,11.49,--,11,12639,卖盘
1008,13:52:45,11.49,--,49,56301,卖盘
1009,13:52:42,11.49,--,2,2298,卖盘
1010,13:52:33,11.49,-0.01,111,127539,卖盘
1011,13:52:30,11.5,0.01,3,3450,买盘
1012,13:52:27,11.49,-0.01,3,3447,卖盘
1013,13:52:24,11.5,--,52,59800,买盘
1014,13:52:21,11.5,--,22,25300,买盘
1015,13:52:15,11.5,0.02,24,27600,买盘
1016,13:52:12,11.48,-0.01,43,49364,卖盘
1017,13:52:09,11.49,-0.01,3,3447,买盘
1018,13:52:06,11.5,0.01,14,16100,买盘
1019,13:52:03,11.49,0.01,52,59748,买盘
1020,13:52:00,11.48,-0.01,42,48216,卖盘
1021,13:51:54,11.49,--,20,22980,买盘
1022,13:51:51,11.49,0.01,36,41364,买盘
1023,13:51:48,11.48,-0.01,16,18368,卖盘
1024,13:51:45,11.49,0.01,1,1149,买盘
1025,13:51:42,11.48,-0.01,213,244524,卖盘
1026,13:51:39,11.49,0.01,80,91920,买盘
1027,13:51:33,11.48,--,70,80360,卖盘
1028,13:51:30,11.48,-0.01,18,20664,卖盘
1029,13:51:21,11.49,0.01,37,42513,买盘
1030,13:51:18,11.48,-0.01,15,17220,卖盘
1031,13:51:15,11.49,--,21,24129,买盘
1032,13:51:12,11.49,--,112,128688,买盘
1033,13:51:06,11.49,--,11,12639,买盘
1034,13:51:03,11.49,0.01,58,66642,买盘
1035,13:51:00,11.48,--,10,11480,卖盘
1036,13:50:54,11.48,-0.01,6,6888,卖盘
1037,13:50:48,11.49,0.01,43,49407,买盘
1038,13:50:45,11.48,--,5,5740,卖盘
1039,13:50:42,11.48,-0.01,209,239932,卖盘
1040,13:50:39,11.49,--,9,10341,买盘
1041,13:50:33,11.49,--,42,48258,买盘
1042,13:50:30,11.49,0.01,6,6894,买盘
1043,13:50:27,11.48,-0.01,42,48216,卖盘
1044,13:50:21,11.49,0.01,12,13788,买盘
1045,13:50:15,11.48,--,30,34440,卖盘
1046,13:50:12,11.48,--,82,94136,卖盘
1047,13:50:09,11.48,-0.01,6,6888,卖盘
1048,13:50:03,11.49,0.01,57,65493,买盘
1049,13:49:42,11.48,-0.01,203,233044,卖盘
1050,13:49:30,11.49,0.01,48,55152,买盘
1051,13:49:18,11.48,--,5,5740,卖盘
1052,13:49:12,11.48,--,75,86100,卖盘
1053,13:49:09,11.48,--,5,5740,卖盘
1054,13:49:00,11.48,--,9,10332,卖盘
1055,13:48:57,11.48,-0.01,2,2296,卖盘
1056,13:48:48,11.49,--,13,14937,买盘
1057,13:48:42,11.49,0.01,161,184989,买盘
1058,13:48:39,11.48,--,131,150388,卖盘
1059,13:48:36,11.48,-0.01,35,40180,卖盘
1060,13:48:30,11.49,0.01,45,51705,买盘
1061,13:48:18,11.48,--,3,3444,卖盘
1062,13:48:12,11.48,--,75,86100,卖盘
1063,13:48:03,11.48,--,38,43624,卖盘
1064,13:48:00,11.48,--,1,1148,卖盘
1065,13:47:45,11.48,0.01,10,11480,卖盘
1066,13:47:42,11.47,-0.02,123,141081,卖盘
1067,13:47:39,11.49,0.01,52,59748,买盘
1068,13:47:33,11.48,-0.01,5,5740,卖盘
1069,13:47:21,11.49,0.01,7,8043,买盘
1070,13:47:18,11.48,--,1,1148,卖盘
1071,13:47:15,11.48,--,1,1148,卖盘
1072,13:47:12,11.48,--,157,180236,卖盘
1073,13:47:03,11.48,-0.01,5,5740,卖盘
1074,13:47:00,11.49,0.01,9,10341,买盘
1075,13:46:57,11.48,--,1,1148,卖盘
1076,13:46:54,11.48,-0.01,100,114800,卖盘
1077,13:46:45,11.49,--,6,6894,买盘
1078,13:46:42,11.49,--,271,311379,卖盘
1079,13:46:39,11.49,0.01,92,105708,买盘
1080,13:46:36,11.48,--,1,1148,卖盘
1081,13:46:33,11.48,-0.01,5,5740,卖盘
1082,13:46:30,11.49,0.01,31,35619,买盘
1083,13:46:27,11.48,--,17,19516,卖盘
1084,13:46:21,11.48,--,29,33292,卖盘
1085,13:46:18,11.48,--,5,5740,卖盘
1086,13:46:12,11.48,-0.01,75,86100,卖盘
1087,13:46:09,11.49,0.01,47,54003,买盘
1088,13:46:06,11.48,--,16,18368,卖盘
1089,13:45:57,11.48,--,39,44772,卖盘
1090,13:45:54,11.48,-0.01,5,5740,卖盘
1091,13:45:51,11.49,0.01,1,1149,买盘
1092,13:45:45,11.48,--,2,2296,卖盘
1093,13:45:36,11.48,-0.01,4,4592,卖盘
1094,13:45:33,11.49,--,130,149370,买盘
1095,13:45:24,11.49,--,45,51705,买盘
1096,13:45:21,11.49,0.01,9,10341,买盘
1097,13:45:18,11.48,--,21,24108,卖盘
1098,13:45:09,11.48,--,53,60844,卖盘
1099,13:45:03,11.48,--,9,10332,卖盘
1100,13:45:00,11.48,--,50,57400,卖盘
1101,13:44:57,11.48,--,40,45920,卖盘
1102,13:44:54,11.48,-0.01,5,5740,卖盘
1103,13:44:48,11.49,0.01,41,47109,买盘
1104,13:44:42,11.48,--,49,56252,卖盘
1105,13:44:39,11.48,--,52,59696,卖盘
1106,13:44:33,11.48,--,53,60844,卖盘
1107,13:44:30,11.48,--,10,11480,卖盘
1108,13:44:27,11.48,--,22,25256,卖盘
1109,13:44:24,11.48,-0.01,10,11480,卖盘
1110,13:44:21,11.49,0.01,19,21831,买盘
1111,13:44:12,11.48,--,87,99876,卖盘
1112,13:44:03,11.48,-0.01,118,136508,卖盘
1113,13:43:57,11.49,0.01,37,42513,买盘
1114,13:43:54,11.48,-0.01,9,10332,卖盘
1115,13:43:51,11.49,--,37,42513,买盘
1116,13:43:48,11.49,0.01,10,11490,买盘
1117,13:43:42,11.48,--,106,121688,卖盘
1118,13:43:36,11.48,-0.01,1,1148,卖盘
1119,13:43:33,11.49,0.01,54,62046,买盘
1120,13:43:30,11.48,--,5,5740,卖盘
1121,13:43:24,11.48,--,30,34440,卖盘
1122,13:43:21,11.48,--,4,4592,卖盘
1123,13:43:18,11.48,--,5,5740,卖盘
1124,13:43:15,11.48,--,68,78064,卖盘
1125,13:43:12,11.48,-0.01,6,6888,卖盘
1126,13:43:09,11.49,0.01,20,22980,买盘
1127,13:43:06,11.48,-0.01,20,22960,卖盘
1128,13:43:00,11.49,0.01,37,42513,买盘
1129,13:42:57,11.48,-0.01,2,2296,卖盘
1130,13:42:54,11.49,--,4,4596,买盘
1131,13:42:48,11.49,0.01,54,62046,买盘
1132,13:42:45,11.48,--,11,12628,卖盘
1133,13:42:42,11.48,--,7,8036,卖盘
1134,13:42:39,11.48,--,58,66584,卖盘
1135,13:42:36,11.48,--,36,41328,卖盘
1136,13:42:33,11.48,-0.01,31,35588,卖盘
1137,13:42:30,11.49,0.01,12,13788,中性盘
1138,13:42:27,11.48,--,55,63140,卖盘
1139,13:42:21,11.48,-0.01,1,1148,卖盘
1140,13:42:18,11.49,0.01,10,11490,买盘
1141,13:42:12,11.48,--,39,44772,卖盘
1142,13:42:09,11.48,-0.02,3,3444,卖盘
1143,13:42:03,11.5,0.02,35,40250,买盘
1144,13:42:00,11.48,-0.01,214,245672,卖盘
1145,13:41:57,11.49,--,13,14937,买盘
1146,13:41:54,11.49,-0.01,12,13788,买盘
1147,13:41:51,11.5,0.02,6,6900,买盘
1148,13:41:48,11.48,-0.01,14,16072,卖盘
1149,13:41:45,11.49,0.01,9,10341,买盘
1150,13:41:42,11.48,--,30,34440,卖盘
1151,13:41:36,11.48,--,32,36736,卖盘
1152,13:41:30,11.48,-0.02,4,4592,卖盘
1153,13:41:18,11.5,0.01,115,132250,买盘
1154,13:41:12,11.49,0.01,16,18384,买盘
1155,13:41:09,11.48,-0.01,115,132020,卖盘
1156,13:41:06,11.49,-0.01,270,310333,卖盘
1157,13:40:54,11.5,0.01,59,67850,买盘
1158,13:40:39,11.49,-0.01,8,9192,卖盘
1159,13:40:36,11.5,0.01,115,132250,买盘
1160,13:40:24,11.49,--,1,1149,卖盘
1161,13:40:21,11.49,--,49,56301,卖盘
1162,13:40:18,11.49,--,11,12639,卖盘
1163,13:40:15,11.49,--,16,18384,卖盘
1164,13:40:09,11.49,--,21,24129,卖盘
1165,13:40:06,11.49,--,1,1149,卖盘
1166,13:40:03,11.49,--,4,4596,卖盘
1167,13:39:42,11.49,-0.01,3,3447,卖盘
1168,13:39:36,11.5,--,120,138000,卖盘
1169,13:39:33,11.5,--,65,74750,卖盘
1170,13:39:21,11.5,--,123,141450,卖盘
1171,13:39:18,11.5,--,1,1150,卖盘
1172,13:39:15,11.5,--,4,4600,卖盘
1173,13:39:03,11.5,--,322,370300,卖盘
1174,13:38:51,11.5,-0.01,59,68080,卖盘
1175,13:38:48,11.51,--,343,395713,卖盘
1176,13:38:45,11.51,-0.01,5,5755,卖盘
1177,13:38:42,11.52,--,2,2304,买盘
1178,13:38:39,11.52,0.01,37,42624,买盘
1179,13:38:36,11.51,--,80,92080,卖盘
1180,13:38:33,11.51,--,89,102439,卖盘
1181,13:38:27,11.51,--,26,29926,卖盘
1182,13:38:21,11.51,--,53,61003,卖盘
1183,13:38:18,11.51,-0.01,19,22099,卖盘
1184,13:38:09,11.52,--,186,214525,卖盘
1185,13:38:06,11.52,--,10,11520,卖盘
1186,13:38:03,11.52,-0.01,25,28800,卖盘
1187,13:38:00,11.53,0.01,2,2306,买盘
1188,13:37:57,11.52,--,59,67968,卖盘
1189,13:37:51,11.52,-0.01,53,61056,卖盘
1190,13:37:48,11.53,0.01,58,66874,买盘
1191,13:37:36,11.52,--,100,115200,卖盘
1192,13:37:33,11.52,--,3,3456,卖盘
1193,13:37:27,11.52,--,5,5760,卖盘
1194,13:37:24,11.52,--,10,11520,卖盘
1195,13:37:21,11.52,--,53,61056,卖盘
1196,13:37:15,11.52,-0.01,10,11520,卖盘
1197,13:37:12,11.53,0.01,41,47273,买盘
1198,13:37:06,11.52,--,2,2304,卖盘
1199,13:37:03,11.52,--,13,14976,卖盘
1200,13:36:54,11.52,--,5,5760,卖盘
1201,13:36:51,11.52,--,53,61056,卖盘
1202,13:36:48,11.52,--,41,47232,卖盘
1203,13:36:42,11.52,--,2,2304,卖盘
1204,13:36:36,11.52,--,105,120960,卖盘
1205,13:36:33,11.52,--,10,11520,卖盘
1206,13:36:30,11.52,-0.01,5,5760,卖盘
1207,13:36:27,11.53,0.01,6,6918,买盘
1208,13:36:24,11.52,--,51,59650,卖盘
1209,13:36:21,11.52,-0.01,53,61056,卖盘
1210,13:36:15,11.53,--,50,57650,买盘
1211,13:36:12,11.53,--,53,61109,买盘
1212,13:36:03,11.53,0.01,66,76098,买盘
1213,13:35:57,11.52,-0.01,40,46080,卖盘
1214,13:35:54,11.53,0.01,15,17295,买盘
1215,13:35:51,11.52,--,53,61056,卖盘
1216,13:35:48,11.52,--,75,86400,卖盘
1217,13:35:45,11.52,--,31,35712,卖盘
1218,13:35:39,11.52,--,42,48384,卖盘
1219,13:35:36,11.52,-0.01,1,1152,卖盘
1220,13:35:30,11.53,0.01,25,28825,买盘
1221,13:35:27,11.52,--,16,18432,卖盘
1222,13:35:21,11.52,--,66,76032,卖盘
1223,13:35:18,11.52,--,25,28800,卖盘
1224,13:35:15,11.52,--,42,48384,卖盘
1225,13:35:09,11.52,--,20,23040,卖盘
1226,13:35:06,11.52,--,32,36864,买盘
1227,13:35:03,11.52,--,29,33408,买盘
1228,13:35:00,11.52,--,26,29952,买盘
1229,13:34:57,11.52,0.01,500,576000,买盘
1230,13:34:51,11.51,--,124,142724,卖盘
1231,13:34:48,11.51,-0.01,5,5755,卖盘
1232,13:34:45,11.52,--,57,65664,买盘
1233,13:34:42,11.52,0.01,36,41472,买盘
1234,13:34:39,11.51,--,25,28775,卖盘
1235,13:34:36,11.51,-0.01,2,2302,卖盘
1236,13:34:30,11.52,0.01,106,122112,买盘
1237,13:34:21,11.51,-0.01,53,61003,卖盘
1238,13:34:15,11.52,0.01,47,54144,买盘
1239,13:34:12,11.51,--,5,5755,卖盘
1240,13:34:03,11.51,--,50,57550,卖盘
1241,13:33:57,11.51,0.01,11,12661,买盘
1242,13:33:54,11.5,--,1,1150,卖盘
1243,13:33:51,11.5,-0.01,53,60950,卖盘
1244,13:33:45,11.51,0.01,9,10359,买盘
1245,13:33:42,11.5,--,68,78200,卖盘
1246,13:33:36,11.5,-0.01,20,23000,卖盘
1247,13:33:33,11.51,--,26,29926,买盘
1248,13:33:27,11.51,0.01,15,17265,买盘
1249,13:33:24,11.5,--,40,46000,卖盘
1250,13:33:21,11.5,-0.01,53,60950,卖盘
1251,13:33:18,11.51,--,45,51795,买盘
1252,13:33:09,11.51,0.01,38,43738,买盘
1253,13:33:03,11.5,--,53,60950,卖盘
1254,13:33:00,11.5,--,30,34500,卖盘
1255,13:32:51,11.5,-0.01,53,60950,卖盘
1256,13:32:48,11.51,--,10,11510,买盘
1257,13:32:45,11.51,--,43,49493,买盘
1258,13:32:42,11.51,0.01,33,37983,买盘
1259,13:32:39,11.5,--,5,5750,卖盘
1260,13:32:36,11.5,-0.01,40,46000,卖盘
1261,13:32:33,11.51,--,4,4604,买盘
1262,13:32:30,11.51,--,41,47191,买盘
1263,13:32:24,11.51,0.01,13,14963,买盘
1264,13:32:21,11.5,-0.01,86,98900,卖盘
1265,13:32:12,11.51,0.01,71,81721,买盘
1266,13:32:09,11.5,-0.01,5,5750,卖盘
1267,13:32:03,11.51,--,15,17265,买盘
1268,13:31:57,11.51,--,62,71362,买盘
1269,13:31:51,11.51,--,54,62154,买盘
1270,13:31:48,11.51,--,34,39134,买盘
1271,13:31:42,11.51,--,32,36832,买盘
1272,13:31:39,11.51,0.01,20,23020,买盘
1273,13:31:36,11.5,--,20,23000,卖盘
1274,13:31:33,11.5,--,46,52900,卖盘
1275,13:31:27,11.5,--,10,11500,卖盘
1276,13:31:21,11.5,-0.01,53,60950,卖盘
1277,13:31:12,11.51,0.01,100,115100,买盘
1278,13:31:09,11.5,--,60,69000,卖盘
1279,13:31:03,11.5,--,5,5750,卖盘
1280,13:31:00,11.5,--,62,71300,卖盘
1281,13:30:57,11.5,-0.01,23,26450,卖盘
1282,13:30:51,11.51,0.01,129,148479,买盘
1283,13:30:48,11.5,-0.01,8,9200,卖盘
1284,13:30:39,11.51,0.01,202,232502,买盘
1285,13:30:36,11.5,--,35,40250,卖盘
1286,13:30:30,11.5,--,89,102350,卖盘
1287,13:30:27,11.5,-0.01,5,5750,卖盘
1288,13:30:21,11.51,0.01,38,43738,买盘
1289,13:30:18,11.5,--,12,13800,卖盘
1290,13:30:15,11.5,-0.01,60,69000,卖盘
1291,13:30:12,11.51,0.01,87,100137,买盘
1292,13:30:09,11.5,--,217,249550,买盘
1293,13:30:06,11.5,0.01,2,2300,买盘
1294,13:29:57,11.49,-0.01,55,63195,卖盘
1295,13:29:54,11.5,0.01,28,32200,买盘
1296,13:29:45,11.49,-0.01,21,24129,卖盘
1297,13:29:42,11.5,0.01,10,11500,买盘
1298,13:29:39,11.49,--,19,21831,卖盘
1299,13:29:30,11.49,--,1,2194,卖盘
1300,13:29:27,11.49,-0.01,5,5745,卖盘
1301,13:29:24,11.5,--,12,13800,买盘
1302,13:29:21,11.5,--,325,373750,买盘
1303,13:29:18,11.5,--,1,1150,买盘
1304,13:29:15,11.5,--,5,5750,买盘
1305,13:29:06,11.5,--,1,1150,买盘
1306,13:29:03,11.5,--,151,173650,卖盘
1307,13:29:00,11.5,--,308,354200,卖盘
1308,13:28:57,11.5,--,264,303600,卖盘
1309,13:28:54,11.5,-0.01,5,5750,卖盘
1310,13:28:48,11.51,--,35,40285,买盘
1311,13:28:45,11.51,0.01,3,3453,买盘
1312,13:28:42,11.5,-0.01,114,131100,卖盘
1313,13:28:33,11.51,0.01,11,12661,买盘
1314,13:28:27,11.5,--,6,6900,卖盘
1315,13:28:24,11.5,--,30,34500,卖盘
1316,13:28:21,11.5,--,12,13800,卖盘
1317,13:28:18,11.5,--,137,157550,卖盘
1318,13:28:12,11.5,--,1,1150,卖盘
1319,13:28:03,11.5,--,4,4600,卖盘
1320,13:28:00,11.5,-0.01,238,273700,卖盘
1321,13:27:57,11.51,0.01,1,1151,买盘
1322,13:27:54,11.5,--,10,11500,卖盘
1323,13:27:51,11.5,-0.01,130,149500,卖盘
1324,13:27:48,11.51,--,37,42587,买盘
1325,13:27:42,11.51,--,33,37983,买盘
1326,13:27:39,11.51,--,48,55248,买盘
1327,13:27:27,11.51,0.01,64,73664,买盘
1328,13:27:21,11.5,--,38,43700,卖盘
1329,13:27:18,11.5,-0.01,5,5750,卖盘
1330,13:27:15,11.51,0.01,5,5755,买盘
1331,13:27:12,11.5,-0.01,20,23000,卖盘
1332,13:27:09,11.51,--,106,122006,买盘
1333,13:27:06,11.51,--,1,1151,买盘
1334,13:27:03,11.51,0.01,42,48342,买盘
1335,13:27:00,11.5,-0.01,5,5750,卖盘
1336,13:26:54,11.51,0.01,35,40285,买盘
1337,13:26:48,11.5,-0.01,5,5750,卖盘
1338,13:26:45,11.51,--,30,34530,买盘
1339,13:26:42,11.51,--,142,163442,买盘
1340,13:26:39,11.51,--,7,8057,买盘
1341,13:26:36,11.51,0.01,268,308468,买盘
1342,13:26:33,11.5,-0.01,58,66700,卖盘
1343,13:26:30,11.51,--,36,41436,买盘
1344,13:26:27,11.51,--,2,2302,买盘
1345,13:26:24,11.51,--,5,5755,买盘
1346,13:26:21,11.51,0.01,51,58701,买盘
1347,13:26:12,11.5,--,5,5750,卖盘
1348,13:26:06,11.5,--,30,34500,卖盘
1349,13:26:03,11.5,-0.01,104,119600,卖盘
1350,13:26:00,11.51,0.01,66,75966,买盘
1351,13:25:54,11.5,-0.01,1,1150,卖盘
1352,13:25:51,11.51,--,10,11510,买盘
1353,13:25:48,11.51,0.01,15,17265,买盘
1354,13:25:45,11.5,--,87,100050,卖盘
1355,13:25:42,11.5,--,6,6900,卖盘
1356,13:25:39,11.5,-0.01,1,1150,卖盘
1357,13:25:36,11.51,0.01,44,50644,买盘
1358,13:25:24,11.5,-0.01,122,140300,卖盘
1359,13:25:15,11.51,0.01,1,1151,买盘
1360,13:25:09,11.5,--,5,5750,卖盘
1361,13:25:03,11.5,--,130,149500,卖盘
1362,13:24:54,11.5,0.01,130,149500,买盘
1363,13:24:51,11.49,--,115,132135,卖盘
1364,13:24:45,11.49,-0.01,96,110304,卖盘
1365,13:24:42,11.5,--,2,2300,买盘
1366,13:24:39,11.5,0.01,8,9200,买盘
1367,13:24:36,11.49,--,225,258525,卖盘
1368,13:24:33,11.49,--,35,40215,卖盘
1369,13:24:27,11.49,--,9,10341,卖盘
1370,13:24:24,11.49,-0.01,1,1149,卖盘
1371,13:24:12,11.5,0.01,30,34500,买盘
1372,13:24:09,11.49,--,5,5745,卖盘
1373,13:24:06,11.49,-0.01,104,119496,卖盘
1374,13:24:03,11.5,--,5,5750,买盘
1375,13:24:00,11.5,--,78,89700,卖盘
1376,13:23:57,11.5,--,50,57500,卖盘
1377,13:23:54,11.5,--,10,11500,卖盘
1378,13:23:45,11.5,--,43,49450,卖盘
1379,13:23:36,11.5,0.01,17,19550,买盘
1380,13:23:33,11.49,--,10,11490,卖盘
1381,13:23:27,11.49,-0.02,59,67791,卖盘
1382,13:23:24,11.51,0.02,36,41436,买盘
1383,13:23:21,11.49,-0.01,1,1149,卖盘
1384,13:23:18,11.5,-0.01,46,53590,卖盘
1385,13:23:15,11.51,0.01,36,41896,买盘
1386,13:23:12,11.5,--,17,19550,买盘
1387,13:23:09,11.5,0.01,80,92000,买盘
1388,13:23:06,11.49,-0.01,5,5745,卖盘
1389,13:23:03,11.5,--,11,12650,买盘
1390,13:23:00,11.5,--,14,16100,买盘
1391,13:22:57,11.5,--,5,5750,买盘
1392,13:22:54,11.5,--,1,1150,买盘
1393,13:22:51,11.5,0.01,12,13800,买盘
1394,13:22:48,11.49,--,109,125241,卖盘
1395,13:22:39,11.49,--,10,11490,卖盘
1396,13:22:33,11.49,--,17,19533,卖盘
1397,13:22:27,11.49,--,24,27576,卖盘
1398,13:22:21,11.49,-0.01,29,33321,卖盘
1399,13:22:18,11.5,0.01,2,2300,买盘
1400,13:22:12,11.49,--,15,17235,卖盘
1401,13:22:09,11.49,--,1,1149,卖盘
1402,13:22:06,11.49,--,134,153966,卖盘
1403,13:22:00,11.49,--,18,20682,卖盘
1404,13:21:57,11.49,--,20,22980,卖盘
1405,13:21:51,11.49,--,48,55152,卖盘
1406,13:21:48,11.49,--,21,24129,卖盘
1407,13:21:45,11.49,--,41,47109,卖盘
1408,13:21:42,11.49,-0.01,3,3447,卖盘
1409,13:21:33,11.5,--,15,17250,买盘
1410,13:21:30,11.5,0.01,14,16100,买盘
1411,13:21:27,11.49,-0.01,41,47109,卖盘
1412,13:21:24,11.5,0.01,58,66700,买盘
1413,13:21:21,11.49,--,348,399852,卖盘
1414,13:21:18,11.49,--,10,11490,卖盘
1415,13:21:15,11.49,--,20,22980,卖盘
1416,13:21:09,11.49,-0.01,2,2298,卖盘
1417,13:21:00,11.5,0.01,13,14950,买盘
1418,13:20:57,11.49,--,10,11490,卖盘
1419,13:20:54,11.49,--,305,350445,卖盘
1420,13:20:51,11.49,--,248,284952,卖盘
1421,13:20:48,11.49,--,278,319422,卖盘
1422,13:20:45,11.49,-0.01,11,12639,卖盘
1423,13:20:42,11.5,--,8,9200,买盘
1424,13:20:33,11.5,0.01,12,13800,买盘
1425,13:20:30,11.49,-0.01,20,22980,卖盘
1426,13:20:27,11.5,--,12,13800,买盘
1427,13:20:24,11.5,0.01,19,21850,买盘
1428,13:20:21,11.49,--,48,55152,卖盘
1429,13:20:18,11.49,-0.01,19,21831,卖盘
1430,13:20:15,11.5,0.01,16,18400,买盘
1431,13:20:12,11.49,0.01,73,83877,买盘
1432,13:20:09,11.48,-0.01,121,138908,卖盘
1433,13:20:06,11.49,--,12,13788,买盘
1434,13:20:03,11.49,--,26,29874,买盘
1435,13:20:00,11.49,0.01,75,86175,买盘
1436,13:19:57,11.48,-0.01,170,195160,卖盘
1437,13:19:54,11.49,0.01,6,6894,买盘
1438,13:19:51,11.48,--,48,55104,卖盘
1439,13:19:48,11.48,--,5,5740,卖盘
1440,13:19:45,11.48,-0.01,3,3444,卖盘
1441,13:19:42,11.49,--,10,11490,买盘
1442,13:19:39,11.49,--,86,98814,买盘
1443,13:19:36,11.49,0.01,12,13788,买盘
1444,13:19:30,11.48,-0.01,104,119392,卖盘
1445,13:19:27,11.49,--,27,31023,买盘
1446,13:19:24,11.49,0.01,53,60897,买盘
1447,13:19:21,11.48,--,67,76916,卖盘
1448,13:19:18,11.48,-0.01,6,6888,卖盘
1449,13:19:15,11.49,--,61,70089,买盘
1450,13:19:09,11.49,0.01,42,48258,买盘
1451,13:19:03,11.48,--,19,21812,卖盘
1452,13:19:00,11.48,--,78,89544,卖盘
1453,13:18:57,11.48,--,6,6888,卖盘
1454,13:18:51,11.48,--,151,173348,卖盘
1455,13:18:48,11.48,-0.01,5,5740,卖盘
1456,13:18:45,11.49,--,8,9192,买盘
1457,13:18:42,11.49,0.01,1,1149,买盘
1458,13:18:33,11.48,--,20,22960,卖盘
1459,13:18:21,11.48,-0.01,248,284704,卖盘
1460,13:18:15,11.49,0.01,42,48258,买盘
1461,13:18:12,11.48,--,7,8036,卖盘
1462,13:18:09,11.48,-0.01,15,17220,卖盘
1463,13:18:06,11.49,--,62,71238,买盘
1464,13:18:03,11.49,0.01,24,27576,买盘
1465,13:17:57,11.48,-0.01,74,84952,卖盘
1466,13:17:54,11.49,0.01,107,122943,买盘
1467,13:17:51,11.48,--,48,55104,卖盘
1468,13:17:42,11.48,-0.01,16,18368,卖盘
1469,13:17:39,11.49,0.01,14,16086,买盘
1470,13:17:33,11.48,-0.02,104,119392,卖盘
1471,13:17:30,11.5,0.01,51,58650,买盘
1472,13:17:24,11.49,-0.01,8,9192,买盘
1473,13:17:21,11.5,0.01,98,112700,买盘
1474,13:17:18,11.49,0.01,50,57450,买盘
1475,13:17:12,11.48,--,3,3444,卖盘
1476,13:17:09,11.48,-0.01,5,5740,卖盘
1477,13:17:03,11.49,--,106,121794,买盘
1478,13:17:00,11.49,--,133,152817,买盘
1479,13:16:57,11.49,0.01,11,12639,买盘
1480,13:16:54,11.48,--,104,119392,卖盘
1481,13:16:51,11.48,--,104,119392,卖盘
1482,13:16:45,11.48,-0.01,1,1148,卖盘
1483,13:16:39,11.49,--,15,17235,买盘
1484,13:16:36,11.49,--,48,55152,买盘
1485,13:16:33,11.49,--,71,81579,买盘
1486,13:16:21,11.49,--,72,82728,买盘
1487,13:16:18,11.49,--,39,44811,买盘
1488,13:16:15,11.49,0.01,41,47109,买盘
1489,13:16:09,11.48,--,219,251412,卖盘
1490,13:16:06,11.48,--,42,48216,卖盘
1491,13:16:03,11.48,-0.01,8,9184,卖盘
1492,13:16:00,11.49,0.01,88,101112,买盘
1493,13:15:57,11.48,--,1,1148,卖盘
1494,13:15:51,11.48,-0.01,50,57400,卖盘
1495,13:15:48,11.49,--,4,4596,买盘
1496,13:15:45,11.49,0.01,16,18384,买盘
1497,13:15:42,11.48,--,7,8036,卖盘
1498,13:15:39,11.48,--,5,5740,卖盘
1499,13:15:36,11.48,--,238,273224,买盘
1500,13:15:33,11.48,0.01,12,13776,买盘
1501,13:15:27,11.47,--,58,66526,卖盘
1502,13:15:24,11.47,-0.01,3,3441,卖盘
1503,13:15:21,11.48,--,3,3444,买盘
1504,13:15:18,11.48,--,3,3444,买盘
1505,13:15:15,11.48,--,18,20664,卖盘
1506,13:15:12,11.48,--,61,70028,卖盘
1507,13:15:09,11.48,--,43,49364,卖盘
1508,13:15:06,11.48,-0.01,100,114800,卖盘
1509,13:15:03,11.49,0.01,19,21831,买盘
1510,13:14:57,11.48,--,50,57400,卖盘
1511,13:14:48,11.48,--,50,57400,卖盘
1512,13:14:45,11.48,--,10,11480,中性盘
1513,13:14:36,11.48,--,55,63140,买盘
1514,13:14:33,11.48,--,58,66584,买盘
1515,13:14:30,11.48,0.01,50,57400,买盘
1516,13:14:27,11.47,--,5,5735,卖盘
1517,13:14:24,11.47,--,2,2294,卖盘
1518,13:14:18,11.47,0.01,6,6882,中性盘
1519,13:14:06,11.46,-0.02,2,2292,卖盘
1520,13:14:03,11.48,--,64,73472,买盘
1521,13:14:00,11.48,0.01,118,135464,买盘
1522,13:13:57,11.47,0.01,80,91760,买盘
1523,13:13:51,11.46,--,50,57300,卖盘
1524,13:13:48,11.46,--,191,218886,买盘
1525,13:13:45,11.46,0.01,17,19482,买盘
1526,13:13:42,11.45,-0.01,2,2290,卖盘
1527,13:13:39,11.46,--,32,36672,买盘
1528,13:13:30,11.46,0.01,106,121476,买盘
1529,13:13:27,11.45,--,15,17175,卖盘
1530,13:13:24,11.45,-0.01,58,66410,卖盘
1531,13:13:15,11.46,0.01,35,40110,买盘
1532,13:13:12,11.45,-0.01,1,1145,卖盘
1533,13:13:06,11.46,0.01,34,38964,买盘
1534,13:13:00,11.45,--,8,9160,卖盘
1535,13:12:57,11.45,--,8,9160,卖盘
1536,13:12:51,11.45,--,13,14884,卖盘
1537,13:12:48,11.45,--,6,6870,卖盘
1538,13:12:45,11.45,--,72,82440,卖盘
1539,13:12:42,11.45,--,123,140835,卖盘
1540,13:12:36,11.45,--,12,13740,卖盘
1541,13:12:33,11.45,--,10,11450,卖盘
1542,13:12:30,11.45,--,10,11450,卖盘
1543,13:12:24,11.45,--,11,12595,卖盘
1544,13:12:21,11.45,--,5,5725,卖盘
1545,13:12:15,11.45,-0.01,40,45800,卖盘
1546,13:12:06,11.46,0.01,108,123768,买盘
1547,13:12:03,11.45,-0.01,8,9160,卖盘
1548,13:11:57,11.46,0.01,18,20628,买盘
1549,13:11:54,11.45,-0.01,40,45800,卖盘
1550,13:11:51,11.46,--,37,42402,买盘
1551,13:11:48,11.46,0.01,101,115746,买盘
1552,13:11:45,11.45,0.01,22,25190,买盘
1553,13:11:42,11.44,-0.01,5,5720,卖盘
1554,13:11:36,11.45,0.01,48,54960,买盘
1555,13:11:33,11.44,-0.01,40,45760,卖盘
1556,13:11:27,11.45,--,2,2290,买盘
1557,13:11:21,11.45,--,57,65264,买盘
1558,13:11:18,11.45,--,33,37785,买盘
1559,13:11:15,11.45,0.01,22,25190,买盘
1560,13:11:09,11.44,--,53,60632,卖盘
1561,13:11:06,11.44,--,39,44616,买盘
1562,13:11:03,11.44,--,10,11440,买盘
1563,13:11:00,11.44,--,22,25168,买盘
1564,13:10:57,11.44,0.01,92,105248,买盘
1565,13:10:54,11.43,-0.01,5,5715,卖盘
1566,13:10:51,11.44,0.01,50,57200,买盘
1567,13:10:48,11.43,-0.01,11,12573,卖盘
1568,13:10:42,11.44,--,60,68640,买盘
1569,13:10:39,11.44,--,11,12584,买盘
1570,13:10:27,11.44,0.01,39,44616,买盘
1571,13:10:24,11.43,--,5,5715,卖盘
1572,13:10:21,11.43,--,29,33147,卖盘
1573,13:10:15,11.43,-0.01,91,104013,卖盘
1574,13:10:12,11.44,0.01,70,80080,买盘
1575,13:10:09,11.43,--,5,5715,卖盘
1576,13:10:03,11.43,-0.01,31,35433,卖盘
1577,13:10:00,11.44,--,40,45760,买盘
1578,13:09:54,11.44,--,16,18304,买盘
1579,13:09:48,11.44,--,14,16016,买盘
1580,13:09:45,11.44,--,6,6864,买盘
1581,13:09:42,11.44,--,9,10296,买盘
1582,13:09:39,11.44,--,40,45760,买盘
1583,13:09:36,11.44,--,61,69784,买盘
1584,13:09:24,11.44,--,6,6864,买盘
1585,13:09:21,11.44,--,36,41184,买盘
1586,13:09:12,11.44,--,18,20592,买盘
1587,13:09:06,11.44,--,2,2288,买盘
1588,13:09:03,11.44,0.01,34,38896,买盘
1589,13:09:00,11.43,--,88,100584,买盘
1590,13:08:57,11.43,--,8,9144,买盘
1591,13:08:51,11.43,--,40,45720,买盘
1592,13:08:48,11.43,--,2,2286,买盘
1593,13:08:42,11.43,--,43,49149,买盘
1594,13:08:39,11.43,0.01,64,73152,买盘
1595,13:08:36,11.42,-0.01,5,5710,卖盘
1596,13:08:30,11.43,--,50,57150,买盘
1597,13:08:18,11.43,--,58,66294,买盘
1598,13:08:15,11.43,0.01,25,28575,买盘
1599,13:08:06,11.42,--,41,46822,买盘
1600,13:08:03,11.42,--,20,22840,买盘
1601,13:08:00,11.42,--,19,21698,买盘
1602,13:07:54,11.42,--,44,50248,买盘
1603,13:07:51,11.42,--,12,13704,买盘
1604,13:07:48,11.42,--,30,34260,买盘
1605,13:07:42,11.42,--,6,6852,买盘
1606,13:07:39,11.42,--,33,37686,买盘
1607,13:07:36,11.42,0.02,6,6852,买盘
1608,13:07:27,11.4,-0.02,10,11400,卖盘
1609,13:07:21,11.42,0.01,30,34260,买盘
1610,13:07:12,11.41,--,64,73024,买盘
1611,13:07:09,11.41,--,67,76447,买盘
1612,13:07:06,11.41,0.01,60,68460,买盘
1613,13:07:03,11.4,-0.01,36,41040,卖盘
1614,13:07:00,11.41,--,10,11410,买盘
1615,13:06:57,11.41,--,7,7987,买盘
1616,13:06:54,11.41,0.01,67,76447,买盘
1617,13:06:51,11.4,-0.01,1,1140,卖盘
1618,13:06:48,11.41,0.01,24,27384,买盘
1619,13:06:45,11.4,-0.01,1,1140,卖盘
1620,13:06:42,11.41,--,18,20538,买盘
1621,13:06:39,11.41,--,35,39935,买盘
1622,13:06:33,11.41,0.01,27,30807,买盘
1623,13:06:27,11.4,-0.01,2,2280,卖盘
1624,13:06:24,11.41,--,100,114100,买盘
1625,13:06:15,11.41,0.01,45,51345,买盘
1626,13:06:09,11.4,-0.01,18,20520,卖盘
1627,13:06:00,11.41,0.01,3,3423,买盘
1628,13:05:57,11.4,-0.01,5,5700,卖盘
1629,13:05:54,11.41,--,50,57050,买盘
1630,13:05:39,11.41,0.01,10,11410,买盘
1631,13:05:36,11.4,--,3,3420,卖盘
1632,13:05:33,11.4,-0.01,20,22800,卖盘
1633,13:05:30,11.41,--,20,22820,买盘
1634,13:05:27,11.41,0.01,11,12551,买盘
1635,13:05:24,11.4,-0.01,27,30780,卖盘
1636,13:05:21,11.41,-0.01,436,497476,卖盘
1637,13:05:18,11.42,0.01,1,1142,买盘
1638,13:05:12,11.41,-0.01,1,1141,卖盘
1639,13:05:03,11.42,0.01,12,13704,买盘
1640,13:05:00,11.41,--,1,1141,卖盘
1641,13:04:54,11.41,0.01,78,88998,买盘
1642,13:04:51,11.4,-0.01,38,43320,卖盘
1643,13:04:45,11.41,--,100,114100,买盘
1644,13:04:42,11.41,--,6,6846,买盘
1645,13:04:36,11.41,0.01,9,10269,买盘
1646,13:04:33,11.4,--,3,3420,卖盘
1647,13:04:21,11.4,-0.01,5,5700,卖盘
1648,13:04:18,11.41,--,4,4564,买盘
1649,13:04:09,11.41,0.01,5,5705,买盘
1650,13:04:06,11.4,--,32,37551,买盘
1651,13:04:03,11.4,-0.01,468,533588,卖盘
1652,13:03:54,11.41,0.01,12,13692,买盘
1653,13:03:51,11.4,-0.01,39,44460,卖盘
1654,13:03:45,11.41,--,23,26243,买盘
1655,13:03:42,11.41,0.01,45,52417,买盘
1656,13:03:39,11.4,--,24,27360,买盘
1657,13:03:36,11.4,--,12,13680,买盘
1658,13:03:33,11.4,0.01,56,63840,买盘
1659,13:03:27,11.39,-0.01,40,45560,卖盘
1660,13:03:24,11.4,0.01,3,3420,买盘
1661,13:03:21,11.39,-0.01,3,3417,卖盘
1662,13:03:18,11.4,--,30,34200,买盘
1663,13:03:15,11.4,--,100,114000,买盘
1664,13:03:09,11.4,0.01,75,85500,买盘
1665,13:02:57,11.39,-0.01,3,3417,卖盘
1666,13:02:54,11.4,0.01,53,60420,买盘
1667,13:02:48,11.39,--,5,5695,卖盘
1668,13:02:45,11.39,-0.01,4,4556,卖盘
1669,13:02:42,11.4,0.01,8,9120,买盘
1670,13:02:39,11.39,-0.01,15,17085,卖盘
1671,13:02:33,11.4,0.01,158,180120,买盘
1672,13:02:30,11.39,--,2,2278,卖盘
1673,13:02:27,11.39,-0.01,9,10251,卖盘
1674,13:02:24,11.4,--,5,5700,买盘
1675,13:02:21,11.4,0.01,10,11400,买盘
1676,13:02:18,11.39,-0.01,5,5695,买盘
1677,13:02:15,11.4,--,69,78660,买盘
1678,13:02:12,11.4,0.02,12,13680,买盘
1679,13:02:09,11.38,--,2,2276,卖盘
1680,13:02:06,11.38,-0.02,8,9104,卖盘
1681,13:02:03,11.4,--,1,1140,买盘
1682,13:01:54,11.4,--,81,92340,买盘
1683,13:01:51,11.4,--,9,10260,买盘
1684,13:01:48,11.4,0.02,6,6840,买盘
1685,13:01:45,11.38,-0.02,1,1138,卖盘
1686,13:01:42,11.4,0.02,1,1140,买盘
1687,13:01:24,11.38,-0.02,3,3414,卖盘
1688,13:01:21,11.4,0.02,27,30780,买盘
1689,13:01:18,11.38,--,90,102420,买盘
1690,13:01:15,11.38,--,33,37554,买盘
1691,13:01:12,11.38,--,30,34140,买盘
1692,13:01:09,11.38,--,16,18208,买盘
1693,13:01:06,11.38,--,63,71694,买盘
1694,13:01:03,11.38,-0.02,134,152492,卖盘
1695,13:01:00,11.4,--,73,83220,买盘
1696,13:00:57,11.4,--,164,186960,买盘
1697,13:00:54,11.4,0.02,18,20520,买盘
1698,13:00:48,11.38,--,10,11380,卖盘
1699,13:00:42,11.38,--,44,50072,卖盘
1700,13:00:39,11.38,--,13,14794,卖盘
1701,13:00:36,11.38,-0.01,59,67142,卖盘
1702,13:00:27,11.39,--,71,80869,买盘
1703,13:00:24,11.39,--,6,6834,买盘
1704,13:00:21,11.39,0.01,31,35309,买盘
1705,13:00:09,11.38,--,25,28450,卖盘
1706,13:00:06,11.38,-0.01,77,87626,卖盘
1707,13:00:03,11.39,0.01,766,872474,买盘
1708,13:00:00,11.38,-0.01,45,51210,卖盘
1709,11:30:00,11.39,--,0,0,买盘
1710,11:29:57,11.39,0.01,1,1139,买盘
1711,11:29:54,11.38,--,2,2276,买盘
1712,11:29:42,11.38,--,14,15932,买盘
1713,11:29:39,11.38,--,68,77384,卖盘
1714,11:29:33,11.38,-0.01,10,11380,卖盘
1715,11:29:30,11.39,--,5,5695,买盘
1716,11:29:21,11.39,--,1,1139,买盘
1717,11:29:09,11.39,0.04,10,11390,买盘
1718,11:29:03,11.35,-0.03,1792,2034703,卖盘
1719,11:28:54,11.38,-0.01,35,39830,卖盘
1720,11:28:45,11.39,--,3,3417,买盘
1721,11:28:39,11.39,0.01,85,96815,买盘
1722,11:28:36,11.38,-0.01,3,3414,卖盘
1723,11:28:33,11.39,--,6,6834,买盘
1724,11:28:30,11.39,0.01,979,1115229,买盘
1725,11:28:24,11.38,-0.01,6,6828,卖盘
1726,11:28:21,11.39,0.01,10,11390,买盘
1727,11:28:18,11.38,-0.01,8,9104,卖盘
1728,11:28:12,11.39,--,7,7973,买盘
1729,11:28:09,11.39,--,6,6834,买盘
1730,11:28:06,11.39,-0.01,885,1009131,卖盘
1731,11:28:00,11.4,0.01,5,5700,中性盘
1732,11:27:45,11.39,--,14,15946,卖盘
1733,11:27:27,11.39,-0.01,19,21641,卖盘
1734,11:27:24,11.4,--,20,22822,买盘
1735,11:27:18,11.4,--,21,23940,买盘
1736,11:27:12,11.4,--,687,783180,买盘
1737,11:27:06,11.4,0.01,10,11400,买盘
1738,11:27:00,11.39,-0.01,153,174267,卖盘
1739,11:26:57,11.4,0.01,70,79800,买盘
1740,11:26:54,11.39,-0.01,5,5695,卖盘
1741,11:26:51,11.4,0.01,1,1140,买盘
1742,11:26:45,11.39,-0.01,21,23919,卖盘
1743,11:26:42,11.4,--,2,2280,买盘
1744,11:26:39,11.4,--,25,28500,买盘
1745,11:26:33,11.4,--,28,31920,买盘
1746,11:26:30,11.4,0.01,26,29640,买盘
1747,11:26:24,11.39,-0.01,25,28475,卖盘
1748,11:26:15,11.4,--,1,1140,买盘
1749,11:25:57,11.4,0.01,69,78660,买盘
1750,11:25:54,11.39,--,40,45560,卖盘
1751,11:25:51,11.39,-0.01,5,5695,卖盘
1752,11:25:48,11.4,0.01,26,29640,买盘
1753,11:25:42,11.39,-0.01,58,66062,卖盘
1754,11:25:39,11.4,--,100,114000,买盘
1755,11:25:36,11.4,0.01,9,10260,买盘
1756,11:25:33,11.39,-0.01,23,26197,卖盘
1757,11:25:30,11.4,0.01,10,11400,买盘
1758,11:25:27,11.39,-0.01,5,5695,卖盘
1759,11:25:24,11.4,--,24,27360,买盘
1760,11:25:21,11.4,--,9,10260,买盘
1761,11:25:18,11.4,0.01,6,6840,买盘
1762,11:25:15,11.39,-0.01,40,45560,卖盘
1763,11:25:09,11.4,0.01,29,33060,买盘
1764,11:25:06,11.39,-0.01,10,11390,卖盘
1765,11:25:03,11.4,--,7,7980,买盘
1766,11:24:57,11.4,--,10,11400,买盘
1767,11:24:48,11.4,--,13,14820,买盘
1768,11:24:45,11.4,--,52,60397,卖盘
1769,11:24:42,11.4,--,5,5700,卖盘
1770,11:24:39,11.4,--,200,228022,买盘
1771,11:24:30,11.4,--,3,3420,买盘
1772,11:24:27,11.4,--,235,267900,买盘
1773,11:24:24,11.4,--,12,13680,买盘
1774,11:24:18,11.4,--,10,11400,买盘
1775,11:24:15,11.4,--,36,41040,买盘
1776,11:24:12,11.4,--,5,5700,买盘
1777,11:24:09,11.4,0.01,3,3420,买盘
1778,11:24:06,11.39,-0.01,29,33031,卖盘
1779,11:24:03,11.4,--,13,14820,买盘
1780,11:24:00,11.4,0.01,29,33060,买盘
1781,11:23:57,11.39,-0.01,6,6834,卖盘
1782,11:23:54,11.4,--,1,1140,买盘
1783,11:23:51,11.4,--,1,1140,买盘
1784,11:23:45,11.4,0.01,42,47880,买盘
1785,11:23:42,11.39,--,140,159460,卖盘
1786,11:23:39,11.39,-0.01,4,4556,卖盘
1787,11:23:33,11.4,--,124,141360,买盘
1788,11:23:30,11.4,--,39,44460,买盘
1789,11:23:27,11.4,0.01,45,51300,买盘
1790,11:23:24,11.39,-0.01,3,3417,卖盘
1791,11:23:21,11.4,--,4,4560,买盘
1792,11:23:18,11.4,0.01,45,51300,买盘
1793,11:23:15,11.39,--,40,45560,买盘
1794,11:23:12,11.39,--,31,35309,买盘
1795,11:23:09,11.39,--,8,9112,买盘
1796,11:23:03,11.39,-0.01,29,33031,卖盘
1797,11:23:00,11.4,0.01,50,57000,买盘
1798,11:22:51,11.39,--,53,60367,买盘
1799,11:22:48,11.39,0.01,41,46699,买盘
1800,11:22:45,11.38,-0.01,39,44382,卖盘
1801,11:22:42,11.39,0.01,10,11390,买盘
1802,11:22:39,11.38,-0.01,5,5690,卖盘
1803,11:22:33,11.39,0.01,8,9112,买盘
1804,11:22:30,11.38,-0.01,50,56900,卖盘
1805,11:22:27,11.39,0.01,156,177684,买盘
1806,11:22:24,11.38,-0.01,22,25036,卖盘
1807,11:22:21,11.39,0.01,66,75174,买盘
1808,11:22:18,11.38,--,5,5690,买盘
1809,11:22:12,11.38,--,4,4552,买盘
1810,11:22:06,11.38,0.01,95,108110,买盘
1811,11:22:03,11.37,--,228,259292,买盘
1812,11:22:00,11.37,0.01,51,57986,买盘
1813,11:21:54,11.36,-0.01,15,17040,卖盘
1814,11:21:51,11.37,--,112,127343,买盘
1815,11:21:48,11.37,--,10,11370,买盘
1816,11:21:45,11.37,--,22,25014,买盘
1817,11:21:42,11.37,--,6,6821,买盘
1818,11:21:39,11.37,0.02,50,56849,买盘
1819,11:21:33,11.35,-0.02,411,466485,卖盘
1820,11:21:27,11.37,-0.01,581,660597,卖盘
1821,11:21:24,11.38,0.01,23,26174,买盘
1822,11:21:21,11.37,--,32,36384,买盘
1823,11:21:12,11.37,0.01,7,7958,买盘
1824,11:21:09,11.36,-0.01,110,124960,卖盘
1825,11:21:06,11.37,--,32,36384,买盘
1826,11:21:03,11.37,0.01,8,9096,卖盘
1827,11:21:00,11.36,-0.01,424,481664,卖盘
1828,11:20:57,11.37,-0.01,19,21603,卖盘
1829,11:20:48,11.38,--,1,1138,买盘
1830,11:20:45,11.38,0.01,305,347090,买盘
1831,11:20:42,11.37,-0.01,2,2274,卖盘
1832,11:20:39,11.38,--,23,26174,买盘
1833,11:20:36,11.38,0.01,154,175252,买盘
1834,11:20:27,11.37,--,2,2274,卖盘
1835,11:20:21,11.37,0.01,5,5685,中性盘
1836,11:20:18,11.36,-0.01,1312,1490432,卖盘
1837,11:20:15,11.37,0.01,52,59123,买盘
1838,11:20:12,11.36,-0.01,40,45440,卖盘
1839,11:20:09,11.37,0.01,36,40932,买盘
1840,11:20:06,11.36,-0.01,10,11360,卖盘
1841,11:20:03,11.37,0.01,35,39795,买盘
1842,11:20:00,11.36,--,4,4544,卖盘
1843,11:19:57,11.36,-0.01,25,28400,卖盘
1844,11:19:54,11.37,--,32,36384,买盘
1845,11:19:51,11.37,--,3,3410,买盘
1846,11:19:48,11.37,--,626,711762,卖盘
1847,11:19:42,11.37,--,25,28424,卖盘
1848,11:19:39,11.37,--,294,334278,买盘
1849,11:19:33,11.37,-0.01,57,64808,卖盘
1850,11:19:30,11.38,--,53,60314,买盘
1851,11:19:27,11.38,0.02,84,95592,买盘
1852,11:19:24,11.36,--,45,51120,买盘
1853,11:19:21,11.36,-0.01,339,385104,卖盘
1854,11:19:18,11.37,0.01,218,247865,买盘
1855,11:19:15,11.36,-0.01,519,589584,卖盘
1856,11:19:09,11.37,0.01,60,68220,中性盘
1857,11:19:03,11.36,-0.02,852,967872,卖盘
1858,11:19:00,11.38,--,10,11380,买盘
1859,11:18:57,11.38,0.01,6,6828,买盘
1860,11:18:54,11.37,-0.01,32,36384,卖盘
1861,11:18:51,11.38,--,142,161596,买盘
1862,11:18:48,11.38,0.01,84,95592,买盘
1863,11:18:45,11.37,--,3,3410,卖盘
1864,11:18:42,11.37,--,20,22740,卖盘
1865,11:18:39,11.37,--,100,113699,卖盘
1866,11:18:33,11.37,--,13,14780,卖盘
1867,11:18:27,11.37,0.01,56,63671,买盘
1868,11:18:24,11.36,-0.01,160,181760,卖盘
1869,11:18:21,11.37,--,9,10233,买盘
1870,11:18:18,11.37,--,101,114836,买盘
1871,11:18:15,11.37,--,15,17055,买盘
1872,11:18:09,11.37,0.01,40,45480,买盘
1873,11:18:06,11.36,-0.02,236,268096,卖盘
1874,11:18:03,11.38,0.01,74,84212,买盘
1875,11:18:00,11.37,-0.01,125,142125,卖盘
1876,11:17:57,11.38,--,559,636142,买盘
1877,11:17:54,11.38,0.01,3,3414,买盘
1878,11:17:51,11.37,-0.01,78,88686,卖盘
1879,11:17:45,11.38,-0.02,557,633866,卖盘
1880,11:17:33,11.4,--,70,80917,卖盘
1881,11:17:30,11.4,--,586,668062,卖盘
1882,11:17:27,11.4,--,34,38760,卖盘
1883,11:17:24,11.4,--,133,151620,卖盘
1884,11:17:21,11.4,--,59,67260,卖盘
1885,11:17:18,11.4,-0.01,26,29640,卖盘
1886,11:17:15,11.41,0.01,50,57050,买盘
1887,11:17:12,11.4,-0.01,62,70680,卖盘
1888,11:17:09,11.41,--,13,14833,买盘
1889,11:16:57,11.41,-0.01,71,81011,卖盘
1890,11:16:54,11.42,0.02,75,85650,买盘
1891,11:16:51,11.4,-0.01,45,51300,卖盘
1892,11:16:45,11.41,0.01,3,3423,买盘
1893,11:16:42,11.4,0.01,95,108300,中性盘
1894,11:16:39,11.39,-0.02,700,797300,卖盘
1895,11:16:33,11.41,0.01,35,39935,买盘
1896,11:16:30,11.4,--,18,20520,买盘
1897,11:16:27,11.4,--,39,44460,买盘
1898,11:16:24,11.4,0.01,34,38760,买盘
1899,11:16:21,11.39,-0.01,87,99093,卖盘
1900,11:16:18,11.4,0.01,34,38760,买盘
1901,11:16:15,11.39,-0.01,90,102510,卖盘
1902,11:16:09,11.4,0.01,21,23940,买盘
1903,11:16:06,11.39,-0.01,68,77452,卖盘
1904,11:16:03,11.4,0.01,1,1140,买盘
1905,11:16:00,11.39,--,157,178823,买盘
1906,11:15:57,11.39,--,86,97954,买盘
1907,11:15:54,11.39,--,151,171989,买盘
1908,11:15:48,11.39,--,94,107066,买盘
1909,11:15:42,11.39,--,3,3417,买盘
1910,11:15:39,11.39,0.01,53,60367,买盘
1911,11:15:36,11.38,--,70,79660,卖盘
1912,11:15:30,11.38,-0.01,27,30726,卖盘
1913,11:15:27,11.39,0.01,58,66062,买盘
1914,11:15:24,11.38,--,148,168424,买盘
1915,11:15:21,11.38,--,24,27312,买盘
1916,11:15:18,11.38,-0.01,20,22760,卖盘
1917,11:15:15,11.39,0.01,59,67201,买盘
1918,11:15:12,11.38,--,3,3414,卖盘
1919,11:15:09,11.38,--,215,244670,卖盘
1920,11:15:06,11.38,--,16,18208,卖盘
1921,11:15:03,11.38,--,120,136560,卖盘
1922,11:15:00,11.38,--,3,3414,卖盘
1923,11:14:57,11.38,--,48,54624,卖盘
1924,11:14:54,11.38,-0.01,258,293604,卖盘
1925,11:14:51,11.39,--,102,116178,买盘
1926,11:14:48,11.39,-0.01,498,567222,卖盘
1927,11:14:45,11.4,0.01,51,58140,买盘
1928,11:14:42,11.39,-0.01,70,79730,卖盘
1929,11:14:39,11.4,--,86,98040,买盘
1930,11:14:36,11.4,--,65,74100,买盘
1931,11:14:33,11.4,--,64,72960,买盘
1932,11:14:27,11.4,--,15,17100,买盘
1933,11:14:24,11.4,--,370,421800,卖盘
1934,11:14:21,11.4,--,25,28500,卖盘
1935,11:14:18,11.4,-0.01,48,54720,卖盘
1936,11:14:15,11.41,--,1,1141,买盘
1937,11:14:12,11.41,0.01,133,151753,买盘
1938,11:14:06,11.4,--,1000,1140000,卖盘
1939,11:14:03,11.4,-0.01,5,5700,卖盘
1940,11:14:00,11.41,0.01,45,51345,卖盘
1941,11:13:57,11.4,-0.01,2010,2291400,卖盘
1942,11:13:54,11.41,--,6,6846,卖盘
1943,11:13:42,11.41,-0.01,479,546539,卖盘
1944,11:13:30,11.42,--,10,11420,买盘
1945,11:13:27,11.42,--,12,13704,买盘
1946,11:13:24,11.42,--,396,452232,卖盘
1947,11:13:18,11.42,-0.01,50,57100,卖盘
1948,11:13:15,11.43,0.01,2,2286,买盘
1949,11:13:09,11.42,--,3,3426,卖盘
1950,11:13:03,11.42,--,1010,1153420,卖盘
1951,11:12:57,11.42,-0.01,4,4568,卖盘
1952,11:12:51,11.43,0.01,5,5715,买盘
1953,11:12:48,11.42,-0.01,35,39970,卖盘
1954,11:12:45,11.43,--,992,1133856,卖盘
1955,11:12:42,11.43,--,8,9144,卖盘
1956,11:12:39,11.43,--,20,22860,卖盘
1957,11:12:36,11.43,--,10,11430,卖盘
1958,11:12:30,11.43,--,103,117729,卖盘
1959,11:12:27,11.43,-0.01,160,182880,卖盘
1960,11:12:24,11.44,0.01,20,22880,买盘
1961,11:12:18,11.43,--,22,25146,卖盘
1962,11:12:09,11.43,-0.01,35,40005,卖盘
1963,11:12:03,11.44,--,5,5720,卖盘
1964,11:12:00,11.44,--,1,1144,卖盘
1965,11:11:57,11.44,0.01,14,16016,中性盘
1966,11:11:51,11.43,-0.02,300,342900,卖盘
1967,11:11:45,11.45,0.01,6,6870,买盘
1968,11:11:42,11.44,--,315,360360,卖盘
1969,11:11:36,11.44,--,40,45760,卖盘
1970,11:11:30,11.44,-0.01,7,8008,卖盘
1971,11:11:27,11.45,0.01,10,11450,买盘
1972,11:11:21,11.44,--,24,27456,卖盘
1973,11:11:12,11.44,--,1,1144,卖盘
1974,11:11:00,11.44,-0.01,153,175032,卖盘
1975,11:10:51,11.45,--,2,2290,买盘
1976,11:10:48,11.45,--,1,1145,买盘
1977,11:10:45,11.45,--,59,67555,买盘
1978,11:10:42,11.45,0.01,3,3435,买盘
1979,11:10:39,11.44,--,300,343200,卖盘
1980,11:10:36,11.44,-0.01,23,26312,卖盘
1981,11:10:33,11.45,0.01,60,68700,买盘
1982,11:10:30,11.44,--,4,4576,卖盘
1983,11:10:24,11.44,--,38,43472,卖盘
1984,11:10:21,11.44,-0.01,45,51480,卖盘
1985,11:10:18,11.45,--,28,32059,买盘
1986,11:10:15,11.45,0.01,1,1145,买盘
1987,11:10:09,11.44,--,5,5720,卖盘
1988,11:10:03,11.44,--,3,3432,卖盘
1989,11:10:00,11.44,--,20,22880,卖盘
1990,11:09:51,11.44,--,119,136136,卖盘
1991,11:09:36,11.44,-0.01,10,11440,卖盘
1992,11:09:30,11.45,--,21,24045,卖盘
1993,11:09:24,11.45,0.02,24,27480,卖盘
1994,11:09:21,11.43,-0.02,300,342900,卖盘
1995,11:09:18,11.45,--,22,25190,卖盘
1996,11:09:09,11.45,--,2,2290,卖盘
1997,11:09:03,11.45,--,32,36640,买盘
1998,11:09:00,11.45,--,1,1145,买盘
1999,11:08:57,11.45,--,18,20610,卖盘
2000,11:08:54,11.45,--,42,48090,卖盘
2001,11:08:51,11.45,--,12,13740,卖盘
2002,11:08:48,11.45,--,162,185490,卖盘
2003,11:08:42,11.45,--,22,25190,卖盘
2004,11:08:39,11.45,--,90,103050,卖盘
2005,11:08:33,11.45,0.01,100,114500,卖盘
2006,11:08:21,11.44,-0.01,45,51480,卖盘
2007,11:08:18,11.45,0.01,1017,1164465,买盘
2008,11:08:15,11.44,-0.01,7,8008,卖盘
2009,11:08:12,11.45,0.01,2,2290,买盘
2010,11:08:09,11.44,-0.01,50,57200,卖盘
2011,11:08:06,11.45,0.01,156,178620,买盘
2012,11:08:00,11.44,-0.01,37,42328,卖盘
2013,11:07:57,11.45,0.01,233,266785,买盘
2014,11:07:54,11.44,--,73,83512,卖盘
2015,11:07:51,11.44,--,1749,2000856,卖盘
2016,11:07:45,11.44,-0.01,30,34320,卖盘
2017,11:07:42,11.45,--,6,6870,买盘
2018,11:07:39,11.45,--,564,645780,卖盘
2019,11:07:33,11.45,-0.02,537,614865,卖盘
2020,11:07:30,11.47,0.01,3,3441,买盘
2021,11:07:24,11.46,--,16,18336,卖盘
2022,11:07:21,11.46,--,19,21774,卖盘
2023,11:07:18,11.46,-0.01,30,34380,卖盘
2024,11:07:15,11.47,0.01,2,2294,买盘
2025,11:07:09,11.46,--,109,124914,卖盘
2026,11:07:06,11.46,--,99,113454,卖盘
2027,11:06:48,11.46,--,21,24066,卖盘
2028,11:06:45,11.46,--,84,96264,卖盘
2029,11:06:42,11.46,--,30,34380,卖盘
2030,11:06:36,11.46,--,1,1146,卖盘
2031,11:06:33,11.46,--,491,562686,卖盘
2032,11:06:27,11.46,-0.01,38,43548,卖盘
2033,11:06:24,11.47,0.01,10,11470,买盘
2034,11:06:21,11.46,--,1,1146,卖盘
2035,11:06:18,11.46,--,19,21774,卖盘
2036,11:06:15,11.46,--,27,30942,卖盘
2037,11:06:12,11.46,-0.01,400,458400,卖盘
2038,11:06:03,11.47,--,136,155992,卖盘
2039,11:05:57,11.47,--,23,26381,卖盘
2040,11:05:54,11.47,--,67,76849,卖盘
2041,11:05:42,11.47,--,10,11470,卖盘
2042,11:05:39,11.47,-0.01,20,22940,卖盘
2043,11:05:33,11.48,0.01,8,9184,买盘
2044,11:05:30,11.47,--,10,11470,卖盘
2045,11:05:21,11.47,--,22,25234,卖盘
2046,11:05:09,11.47,--,19,21793,卖盘
2047,11:05:06,11.47,-0.01,28,32116,卖盘
2048,11:05:03,11.48,0.01,31,35588,买盘
2049,11:05:00,11.47,--,5,5735,卖盘
2050,11:04:39,11.47,--,21,24087,卖盘
2051,11:04:33,11.47,--,3,3441,卖盘
2052,11:04:27,11.47,--,6,6882,卖盘
2053,11:04:24,11.47,--,16,18352,卖盘
2054,11:04:15,11.47,--,230,263810,卖盘
2055,11:04:09,11.47,--,19,21793,卖盘
2056,11:04:06,11.47,--,3,3441,卖盘
2057,11:04:03,11.47,0.01,20,22940,中性盘
2058,11:03:45,11.46,-0.02,9,10314,卖盘
2059,11:03:42,11.48,0.02,40,45920,买盘
2060,11:03:39,11.46,-0.01,19,21774,卖盘
2061,11:03:36,11.47,--,4,4588,卖盘
2062,11:03:33,11.47,-0.01,47,53909,卖盘
2063,11:03:30,11.48,0.01,14,16072,买盘
2064,11:03:27,11.47,0.01,10,11470,中性盘
2065,11:03:15,11.46,--,160,183360,卖盘
2066,11:03:09,11.46,--,130,148980,卖盘
2067,11:03:06,11.46,-0.01,30,34380,卖盘
2068,11:03:03,11.47,--,40,46109,买盘
2069,11:03:00,11.47,--,72,83501,卖盘
2070,11:02:57,11.47,--,28,32116,卖盘
2071,11:02:48,11.47,0.01,57,65608,买盘
2072,11:02:45,11.46,-0.01,64,73344,卖盘
2073,11:02:39,11.47,--,71,82354,卖盘
2074,11:02:33,11.47,--,19,21793,卖盘
2075,11:02:30,11.47,--,122,139934,卖盘
2076,11:02:27,11.47,--,100,114700,卖盘
2077,11:02:24,11.47,-0.01,43,49321,卖盘
2078,11:02:21,11.48,0.01,11,12628,买盘
2079,11:02:18,11.47,--,1,1147,卖盘
2080,11:02:15,11.47,--,200,229400,卖盘
2081,11:02:09,11.47,-0.01,7,8029,卖盘
2082,11:02:06,11.48,0.01,69,79212,中性盘
2083,11:01:54,11.47,--,30,34410,卖盘
2084,11:01:51,11.47,--,19,21793,卖盘
2085,11:01:42,11.47,-0.02,1,1147,卖盘
2086,11:01:27,11.49,--,6,6894,买盘
2087,11:01:24,11.49,--,24,27576,卖盘
2088,11:01:21,11.49,-0.01,19,21831,卖盘
2089,11:01:12,11.5,0.01,1,1150,买盘
2090,11:01:09,11.49,--,10,11490,卖盘
2091,11:01:06,11.49,-0.01,30,34470,卖盘
2092,11:01:03,11.5,--,57,65550,买盘
2093,11:00:57,11.5,0.01,408,469200,买盘
2094,11:00:54,11.49,0.01,57,65493,买盘
2095,11:00:51,11.48,-0.01,4,4592,卖盘
2096,11:00:48,11.49,0.01,78,89622,买盘
2097,11:00:42,11.48,-0.01,12,13776,卖盘
2098,11:00:39,11.49,0.01,114,130986,买盘
2099,11:00:27,11.48,0.01,10,11480,卖盘
2100,11:00:21,11.47,--,18,20646,卖盘
2101,11:00:18,11.47,--,18,20646,卖盘
2102,11:00:15,11.47,--,15,17205,卖盘
2103,11:00:09,11.47,-0.02,5,5735,卖盘
2104,10:59:57,11.49,--,1,1149,买盘
2105,10:59:54,11.49,--,67,76983,卖盘
2106,10:59:48,11.49,-0.01,9,10341,卖盘
2107,10:59:36,11.5,0.01,100,115000,买盘
2108,10:59:33,11.49,--,19,21831,卖盘
2109,10:59:30,11.49,-0.01,20,22980,卖盘
2110,10:59:24,11.5,--,5,5750,买盘
2111,10:59:21,11.5,0.01,2,2300,买盘
2112,10:59:18,11.49,-0.01,30,34470,卖盘
2113,10:59:12,11.5,--,10,11500,买盘
2114,10:59:09,11.5,--,61,70150,买盘
2115,10:59:03,11.5,--,57,65550,买盘
2116,10:58:57,11.5,0.03,117,134550,买盘
2117,10:58:54,11.47,-0.03,303,347541,卖盘
2118,10:58:51,11.5,--,96,110400,买盘
2119,10:58:45,11.5,0.01,58,66700,买盘
2120,10:58:39,11.49,--,42,48258,买盘
2121,10:58:36,11.49,0.02,2,2298,买盘
2122,10:58:30,11.47,--,19,21793,卖盘
2123,10:58:24,11.47,-0.02,16,18352,卖盘
2124,10:58:15,11.49,--,13,14937,买盘
2125,10:58:12,11.49,0.02,13,14937,买盘
2126,10:58:09,11.47,--,7,8258,卖盘
2127,10:58:03,11.47,-0.02,3,3441,卖盘
2128,10:57:48,11.49,--,3,3447,买盘
2129,10:57:45,11.49,--,3,3447,买盘
2130,10:57:42,11.49,--,8,9192,买盘
2131,10:57:36,11.49,0.03,31,35619,买盘
2132,10:57:33,11.46,--,20,22920,卖盘
2133,10:57:27,11.46,--,33,37818,卖盘
2134,10:57:24,11.46,-0.03,4,4584,卖盘
2135,10:57:15,11.49,0.01,26,29874,买盘
2136,10:57:09,11.48,--,9,10332,买盘
2137,10:57:03,11.48,--,5,5740,买盘
2138,10:57:00,11.48,--,15,17220,买盘
2139,10:56:54,11.48,0.02,1,1148,买盘
2140,10:56:51,11.46,--,19,21774,卖盘
2141,10:56:48,11.46,--,28,32088,卖盘
2142,10:56:42,11.46,--,3,3438,卖盘
2143,10:56:30,11.46,-0.03,477,546642,卖盘
2144,10:56:27,11.49,--,53,60897,买盘
2145,10:56:24,11.49,0.01,1,1149,买盘
2146,10:56:21,11.48,-0.01,26,29848,卖盘
2147,10:56:18,11.49,--,94,108006,买盘
2148,10:56:15,11.49,0.01,148,170052,买盘
2149,10:56:12,11.48,-0.01,177,203196,卖盘
2150,10:56:09,11.49,--,149,171201,买盘
2151,10:56:06,11.49,0.04,17,19533,买盘
2152,10:56:03,11.45,-0.03,2889,3307905,卖盘
2153,10:55:57,11.48,--,6,6888,买盘
2154,10:55:54,11.48,--,34,39032,卖盘
2155,10:55:48,11.48,--,6,6888,卖盘
2156,10:55:45,11.48,--,30,34440,卖盘
2157,10:55:39,11.48,--,95,109060,卖盘
2158,10:55:33,11.48,--,20,22960,卖盘
2159,10:55:24,11.48,--,16,18368,卖盘
2160,10:55:21,11.48,--,5,5740,卖盘
2161,10:55:09,11.48,--,19,21812,卖盘
2162,10:55:03,11.48,-0.01,19,21812,卖盘
2163,10:55:00,11.49,--,57,65493,买盘
2164,10:54:51,11.49,0.01,57,65493,买盘
2165,10:54:48,11.48,--,8,9184,买盘
2166,10:54:42,11.48,-0.01,14,16072,卖盘
2167,10:54:36,11.49,--,57,65493,买盘
2168,10:54:30,11.49,0.01,57,65493,买盘
2169,10:54:27,11.48,-0.01,20,22960,卖盘
2170,10:54:24,11.49,0.01,16,18384,买盘
2171,10:54:21,11.48,--,30,34440,卖盘
2172,10:54:09,11.48,--,19,21812,卖盘
2173,10:54:03,11.48,--,5,5740,卖盘
2174,10:54:00,11.48,--,30,34440,卖盘
2175,10:53:57,11.48,0.01,13,14924,中性盘
2176,10:53:54,11.47,-0.01,18,20646,卖盘
2177,10:53:48,11.48,0.01,40,45920,买盘
2178,10:53:45,11.47,--,19,21793,卖盘
2179,10:53:42,11.47,-0.01,170,194990,卖盘
2180,10:53:36,11.48,0.01,19,21812,买盘
2181,10:53:30,11.47,-0.01,50,57350,卖盘
2182,10:53:24,11.48,0.01,2,2296,买盘
2183,10:53:15,11.47,--,19,21793,卖盘
2184,10:52:51,11.47,-0.01,13,14911,卖盘
2185,10:52:48,11.48,-0.01,2,2296,中性盘
2186,10:52:45,11.49,0.02,29,33321,买盘
2187,10:52:42,11.47,-0.01,24,27528,卖盘
2188,10:52:39,11.48,0.01,15,17220,中性盘
2189,10:52:24,11.47,-0.02,16,18352,卖盘
2190,10:52:21,11.49,0.01,16,18384,买盘
2191,10:52:18,11.48,0.01,28,32144,中性盘
2192,10:52:12,11.47,-0.02,419,480593,卖盘
2193,10:52:03,11.49,--,3,3447,买盘
2194,10:52:00,11.49,0.01,2,2298,买盘
2195,10:51:45,11.48,--,10,11480,卖盘
2196,10:51:42,11.48,-0.01,19,21812,卖盘
2197,10:51:36,11.49,0.01,11,12639,买盘
2198,10:51:30,11.48,--,21,24108,卖盘
2199,10:51:24,11.48,--,30,34440,卖盘
2200,10:51:21,11.48,-0.01,3,3444,卖盘
2201,10:51:18,11.49,--,20,22980,买盘
2202,10:51:15,11.49,--,42,48258,买盘
2203,10:51:09,11.49,0.01,10,11490,买盘
2204,10:51:06,11.48,0.01,11,12628,卖盘
2205,10:50:57,11.47,--,23,26381,卖盘
2206,10:50:51,11.47,-0.01,1,1147,卖盘
2207,10:50:48,11.48,0.01,30,34440,卖盘
2208,10:50:45,11.47,--,19,21793,卖盘
2209,10:50:39,11.47,--,200,229400,卖盘
2210,10:50:33,11.47,--,1,1147,卖盘
2211,10:50:24,11.47,--,64,73408,买盘
2212,10:50:21,11.47,--,4,4588,买盘
2213,10:50:18,11.47,--,1,1147,卖盘
2214,10:50:15,11.47,--,19,21793,卖盘
2215,10:50:09,11.47,--,35,40145,卖盘
2216,10:50:06,11.47,--,27,30969,卖盘
2217,10:50:00,11.47,--,44,50468,卖盘
2218,10:49:51,11.47,--,7,8029,卖盘
2219,10:49:48,11.47,--,13,14911,卖盘
2220,10:49:45,11.47,--,20,22940,中性盘
2221,10:49:27,11.47,0.01,12,13764,买盘
2222,10:49:24,11.46,-0.01,16,18336,卖盘
2223,10:49:21,11.47,0.01,4,4588,买盘
2224,10:49:15,11.46,-0.01,20,22920,卖盘
2225,10:49:12,11.47,0.02,5,5735,买盘
2226,10:49:09,11.45,-0.02,401,459145,卖盘
2227,10:49:06,11.47,--,5,5735,买盘
2228,10:48:57,11.47,0.01,10,11470,买盘
2229,10:48:54,11.46,--,22,25212,买盘
2230,10:48:51,11.46,--,67,76782,买盘
2231,10:48:48,11.46,--,39,44694,买盘
2232,10:48:45,11.46,--,10,11460,买盘
2233,10:48:30,11.46,--,9,10314,买盘
2234,10:48:27,11.46,--,10,11460,买盘
2235,10:48:15,11.46,--,3,3438,买盘
2236,10:48:09,11.46,0.01,20,22920,买盘
2237,10:48:06,11.45,0.01,80,91600,中性盘
2238,10:47:54,11.44,-0.02,400,457600,卖盘
2239,10:47:51,11.46,--,14,16044,卖盘
2240,10:47:48,11.46,--,58,66468,卖盘
2241,10:47:45,11.46,--,70,80220,卖盘
2242,10:47:39,11.46,--,26,29796,卖盘
2243,10:47:36,11.46,--,255,292230,卖盘
2244,10:47:33,11.46,--,9,10314,卖盘
2245,10:47:30,11.46,--,42,48132,卖盘
2246,10:47:27,11.46,--,15,17190,卖盘
2247,10:47:24,11.46,--,156,178776,卖盘
2248,10:47:21,11.46,--,27,30942,卖盘
2249,10:47:18,11.46,--,25,28650,买盘
2250,10:47:15,11.46,0.01,37,42402,买盘
2251,10:47:12,11.45,-0.02,142,162590,卖盘
2252,10:47:09,11.47,--,374,428978,买盘
2253,10:47:00,11.47,--,20,22940,卖盘
2254,10:46:54,11.47,--,50,57350,卖盘
2255,10:46:51,11.47,--,11,12617,卖盘
2256,10:46:48,11.47,--,2,2294,卖盘
2257,10:46:45,11.47,-0.01,2,2294,卖盘
2258,10:46:42,11.48,--,1,1148,买盘
2259,10:46:39,11.48,0.01,20,22960,买盘
2260,10:46:36,11.47,--,160,183520,卖盘
2261,10:46:30,11.47,--,10,11470,卖盘
2262,10:46:24,11.47,--,19,21793,卖盘
2263,10:46:18,11.47,-0.02,400,458800,卖盘
2264,10:46:15,11.49,0.01,17,19533,买盘
2265,10:46:12,11.48,-0.01,10,11480,卖盘
2266,10:46:09,11.49,0.01,1,1149,买盘
2267,10:46:06,11.48,-0.01,140,160720,卖盘
2268,10:46:03,11.49,--,35,40215,买盘
2269,10:46:00,11.49,--,163,187287,卖盘
2270,10:45:54,11.49,--,3,3447,卖盘
2271,10:45:51,11.49,-0.01,20,22980,卖盘
2272,10:45:42,11.5,-0.02,27,31050,卖盘
2273,10:45:39,11.52,--,51,58752,买盘
2274,10:45:36,11.52,--,196,225792,卖盘
2275,10:45:33,11.52,-0.01,18,20736,卖盘
2276,10:45:30,11.53,0.01,19,21907,买盘
2277,10:45:27,11.52,0.02,116,133632,买盘
2278,10:45:24,11.5,--,371,426650,卖盘
2279,10:45:21,11.5,-0.03,1500,1725000,卖盘
2280,10:45:09,11.53,--,42,48426,买盘
2281,10:45:06,11.53,--,17,19601,买盘
2282,10:45:03,11.53,--,10,11530,买盘
2283,10:45:00,11.53,--,41,47273,买盘
2284,10:44:57,11.53,0.01,25,28825,买盘
2285,10:44:51,11.52,-0.01,3,3456,卖盘
2286,10:44:45,11.53,--,20,23060,买盘
2287,10:44:39,11.53,--,48,55344,买盘
2288,10:44:36,11.53,--,10,11530,买盘
2289,10:44:33,11.53,0.01,197,227141,买盘
2290,10:44:30,11.52,-0.01,13,14976,卖盘
2291,10:44:27,11.53,0.01,8,9224,买盘
2292,10:44:24,11.52,-0.01,38,43776,卖盘
2293,10:44:21,11.53,0.01,2,2306,买盘
2294,10:44:18,11.52,-0.01,4,4608,卖盘
2295,10:44:15,11.53,--,50,57650,买盘
2296,10:44:12,11.53,--,22,25366,买盘
2297,10:44:09,11.53,0.01,116,133748,买盘
2298,10:44:06,11.52,--,8,9216,卖盘
2299,10:44:03,11.52,--,42,48384,卖盘
2300,10:44:00,11.52,-0.01,12,13824,卖盘
2301,10:43:57,11.53,--,6,6918,买盘
2302,10:43:54,11.53,--,1,1153,买盘
2303,10:43:51,11.53,0.01,4,4612,买盘
2304,10:43:33,11.52,-0.01,10,11520,卖盘
2305,10:43:30,11.53,0.01,4,4612,买盘
2306,10:43:27,11.52,-0.01,5,5760,卖盘
2307,10:43:24,11.53,--,19,21907,买盘
2308,10:43:21,11.53,--,10,11530,买盘
2309,10:43:15,11.53,--,45,51885,买盘
2310,10:43:09,11.53,--,84,96852,买盘
2311,10:43:00,11.53,--,24,27672,买盘
2312,10:42:54,11.53,0.01,80,92240,买盘
2313,10:42:39,11.52,--,3,3456,卖盘
2314,10:42:33,11.52,-0.01,1,1152,卖盘
2315,10:42:30,11.53,--,6,6918,买盘
2316,10:42:27,11.53,--,5,5765,买盘
2317,10:42:24,11.53,--,89,102617,买盘
2318,10:42:21,11.53,--,130,149890,买盘
2319,10:42:18,11.53,--,431,496943,买盘
2320,10:42:06,11.53,--,9,10377,买盘
2321,10:42:03,11.53,--,12,13836,买盘
2322,10:42:00,11.53,0.01,11,12683,买盘
2323,10:41:57,11.52,-0.01,322,370944,卖盘
2324,10:41:54,11.53,0.01,12,13836,买盘
2325,10:41:39,11.52,--,5,5760,卖盘
2326,10:41:36,11.52,--,5,5760,卖盘
2327,10:41:27,11.52,--,10,11520,卖盘
2328,10:41:21,11.52,-0.01,46,52992,卖盘
2329,10:41:12,11.53,0.01,14,16142,买盘
2330,10:41:06,11.52,--,10,11520,卖盘
2331,10:41:03,11.52,--,11,12672,卖盘
2332,10:41:00,11.52,--,73,84096,卖盘
2333,10:40:45,11.52,-0.01,17,19584,卖盘
2334,10:40:42,11.53,--,52,59956,买盘
2335,10:40:39,11.53,--,1,1153,买盘
2336,10:40:36,11.53,--,15,17295,买盘
2337,10:40:30,11.53,--,41,47273,买盘
2338,10:40:27,11.53,0.01,16,18448,买盘
2339,10:40:24,11.52,--,87,100224,卖盘
2340,10:40:21,11.52,-0.01,16,18432,卖盘
2341,10:40:18,11.53,--,14,16142,买盘
2342,10:40:15,11.53,--,21,24213,买盘
2343,10:40:09,11.53,--,230,265190,卖盘
2344,10:40:06,11.53,--,13,14989,卖盘
2345,10:40:03,11.53,-0.01,87,100311,卖盘
2346,10:39:54,11.54,0.01,2,2308,买盘
2347,10:39:51,11.53,--,56,64568,卖盘
2348,10:39:48,11.53,-0.01,16,18448,卖盘
2349,10:39:42,11.54,-0.01,50,57699,卖盘
2350,10:39:39,11.55,--,63,72765,买盘
2351,10:39:36,11.55,--,3,3465,买盘
2352,10:39:33,11.55,0.01,1,1155,买盘
2353,10:39:30,11.54,-0.01,300,346200,卖盘
2354,10:39:21,11.55,0.01,5,5775,买盘
2355,10:39:18,11.54,-0.01,38,43852,卖盘
2356,10:39:12,11.55,--,44,50820,买盘
2357,10:39:09,11.55,0.01,2,2310,买盘
2358,10:39:06,11.54,-0.01,109,125785,卖盘
2359,10:39:03,11.55,--,4,4620,买盘
2360,10:39:00,11.55,--,1,1155,买盘
2361,10:38:57,11.55,0.01,1,1155,买盘
2362,10:38:54,11.54,-0.01,110,126939,中性盘
2363,10:38:48,11.55,0.01,271,313005,买盘
2364,10:38:42,11.54,--,470,542380,卖盘
2365,10:38:39,11.54,--,303,349662,卖盘
2366,10:38:36,11.54,-0.01,3,3461,卖盘
2367,10:38:33,11.55,0.01,4,4620,买盘
2368,10:38:30,11.54,-0.01,1,1154,卖盘
2369,10:38:27,11.55,--,7,8085,买盘
2370,10:38:24,11.55,0.01,31,35805,买盘
2371,10:38:21,11.54,--,159,183486,卖盘
2372,10:38:18,11.54,-0.01,1,1154,卖盘
2373,10:38:15,11.55,--,52,60060,买盘
2374,10:38:12,11.55,--,9,10395,买盘
2375,10:38:09,11.55,--,182,211064,卖盘
2376,10:38:06,11.55,-0.01,82,94710,卖盘
2377,10:38:03,11.56,0.01,68,78608,买盘
2378,10:38:00,11.55,--,70,80850,卖盘
2379,10:37:54,11.55,--,44,50820,卖盘
2380,10:37:51,11.55,--,1,1155,卖盘
2381,10:37:48,11.55,--,65,75075,卖盘
2382,10:37:45,11.55,--,12,13860,卖盘
2383,10:37:39,11.55,--,13,15015,卖盘
2384,10:37:36,11.55,--,9,10395,卖盘
2385,10:37:30,11.55,--,1,1155,卖盘
2386,10:37:27,11.55,-0.01,4,4620,卖盘
2387,10:37:24,11.56,0.01,42,48552,买盘
2388,10:37:21,11.55,-0.01,17,19635,卖盘
2389,10:37:18,11.56,--,98,113288,卖盘
2390,10:37:15,11.56,-0.01,340,393040,卖盘
2391,10:37:12,11.57,0.01,7,8099,买盘
2392,10:37:06,11.56,--,53,61268,卖盘
2393,10:37:03,11.56,--,243,280908,买盘
2394,10:37:00,11.56,0.01,34,39304,买盘
2395,10:36:57,11.55,-0.01,10,11550,卖盘
2396,10:36:54,11.56,--,13,15028,买盘
2397,10:36:51,11.56,--,20,23120,买盘
2398,10:36:48,11.56,--,15,17340,买盘
2399,10:36:45,11.56,0.01,21,24276,买盘
2400,10:36:42,11.55,--,10,11550,卖盘
2401,10:36:39,11.55,--,3,3465,卖盘
2402,10:36:33,11.55,-0.01,7,8085,卖盘
2403,10:36:30,11.56,0.01,10,11560,买盘
2404,10:36:21,11.55,--,19,21945,卖盘
2405,10:36:18,11.55,-0.01,11,12705,卖盘
2406,10:36:15,11.56,0.01,41,47396,买盘
2407,10:36:12,11.55,--,98,113490,买盘
2408,10:36:06,11.55,--,96,111734,买盘
2409,10:36:03,11.55,--,189,218295,买盘
2410,10:36:00,11.55,0.01,100,115500,买盘
2411,10:35:57,11.54,--,6,6923,卖盘
2412,10:35:54,11.54,--,40,46160,卖盘
2413,10:35:51,11.54,--,148,171092,买盘
2414,10:35:48,11.54,0.01,179,206565,买盘
2415,10:35:45,11.53,-0.01,21,24213,卖盘
2416,10:35:42,11.54,0.01,2,2308,买盘
2417,10:35:39,11.53,--,83,95699,卖盘
2418,10:35:33,11.53,--,192,221376,卖盘
2419,10:35:30,11.53,-0.01,5,5765,中性盘
2420,10:35:27,11.54,0.01,47,55091,买盘
2421,10:35:24,11.53,--,28,32284,卖盘
2422,10:35:21,11.53,-0.01,83,95699,卖盘
2423,10:35:18,11.54,0.02,50,58000,买盘
2424,10:35:15,11.52,0.01,75,86400,买盘
2425,10:35:12,11.51,-0.01,1,1151,卖盘
2426,10:35:09,11.52,-0.01,157,181716,卖盘
2427,10:35:06,11.53,--,11,12683,买盘
2428,10:35:03,11.53,0.01,194,223682,买盘
2429,10:35:00,11.52,--,40,46379,买盘
2430,10:34:57,11.52,--,70,80640,买盘
2431,10:34:54,11.52,--,6,6912,买盘
2432,10:34:51,11.52,--,26,30804,卖盘
2433,10:34:48,11.52,0.01,239,275627,买盘
2434,10:34:39,11.51,--,19,21869,卖盘
2435,10:34:36,11.51,--,25,28775,卖盘
2436,10:34:33,11.51,0.01,35,40285,买盘
2437,10:34:30,11.5,0.01,5,5750,买盘
2438,10:34:27,11.49,--,1,1149,卖盘
2439,10:34:21,11.49,-0.03,26,29874,卖盘
2440,10:34:18,11.52,0.02,198,228096,买盘
2441,10:34:15,11.5,--,10,11500,买盘
2442,10:34:12,11.5,--,278,319700,卖盘
2443,10:34:09,11.5,--,20,23000,卖盘
2444,10:34:06,11.5,-0.01,1,1150,卖盘
2445,10:34:03,11.51,--,189,217539,买盘
2446,10:34:00,11.51,0.01,11,12661,买盘
2447,10:33:57,11.5,--,19,21850,卖盘
2448,10:33:54,11.5,-0.01,10,11500,中性盘
2449,10:33:48,11.51,0.01,185,212935,买盘
2450,10:33:45,11.5,0.01,37,42550,买盘
2451,10:33:39,11.49,--,20,22980,卖盘
2452,10:33:36,11.49,-0.01,19,21831,卖盘
2453,10:33:33,11.5,0.01,114,131100,买盘
2454,10:33:30,11.49,--,75,86175,卖盘
2455,10:33:24,11.49,-0.01,4,4596,卖盘
2456,10:33:18,11.5,0.02,203,233450,买盘
2457,10:33:15,11.48,-0.01,15,17220,卖盘
2458,10:33:12,11.49,--,3,3447,买盘
2459,10:33:09,11.49,--,6,6894,买盘
2460,10:33:06,11.49,--,23,26427,买盘
2461,10:33:03,11.49,0.01,199,228651,买盘
2462,10:33:00,11.48,-0.01,1,1148,卖盘
2463,10:32:51,11.49,-0.01,3,3447,中性盘
2464,10:32:48,11.5,0.02,186,213900,买盘
2465,10:32:39,11.48,--,11,12628,卖盘
2466,10:32:36,11.48,-0.02,19,21812,卖盘
2467,10:32:33,11.5,0.02,163,187450,买盘
2468,10:32:27,11.48,-0.01,10,11480,卖盘
2469,10:32:24,11.49,--,6,6894,中性盘
2470,10:32:21,11.49,--,38,43662,卖盘
2471,10:32:18,11.49,--,219,251631,卖盘
2472,10:32:15,11.49,--,106,121794,卖盘
2473,10:32:12,11.49,--,48,55152,卖盘
2474,10:32:09,11.49,--,12,13788,卖盘
2475,10:32:06,11.49,-0.01,112,128688,卖盘
2476,10:32:03,11.5,0.01,1,1150,买盘
2477,10:32:00,11.49,--,322,369978,卖盘
2478,10:31:57,11.49,-0.01,83,95367,卖盘
2479,10:31:54,11.5,0.01,49,56350,买盘
2480,10:31:51,11.49,--,82,94218,卖盘
2481,10:31:48,11.49,-0.01,69,79281,卖盘
2482,10:31:45,11.5,0.01,30,34500,买盘
2483,10:31:42,11.49,--,133,152817,卖盘
2484,10:31:33,11.49,-0.01,1,1149,卖盘
2485,10:31:30,11.5,0.01,183,210450,买盘
2486,10:31:27,11.49,--,51,58599,卖盘
2487,10:31:24,11.49,--,19,21831,卖盘
2488,10:31:21,11.49,-0.01,16,18384,卖盘
2489,10:31:18,11.5,--,3,3450,买盘
2490,10:31:15,11.5,--,3,3450,买盘
2491,10:31:12,11.5,0.01,13,14950,买盘
2492,10:31:09,11.49,-0.01,1,1149,卖盘
2493,10:31:06,11.5,--,6,6900,买盘
2494,10:31:00,11.5,--,3,3450,买盘
2495,10:30:57,11.5,0.01,8,9200,买盘
2496,10:30:54,11.49,--,46,52854,卖盘
2497,10:30:48,11.49,-0.01,1,1149,卖盘
2498,10:30:45,11.5,--,9,10350,买盘
2499,10:30:42,11.5,0.01,13,14950,买盘
2500,10:30:36,11.49,-0.01,60,68940,卖盘
2501,10:30:33,11.5,--,30,34500,买盘
2502,10:30:30,11.5,0.01,10,11500,买盘
2503,10:30:27,11.49,-0.01,7,8043,卖盘
2504,10:30:24,11.5,0.01,10,11500,买盘
2505,10:30:18,11.49,--,14,16086,卖盘
2506,10:30:09,11.49,--,1054,1211046,买盘
2507,10:30:06,11.49,--,2,2298,买盘
2508,10:30:03,11.49,--,5,5745,买盘
2509,10:30:00,11.49,--,2,2298,买盘
2510,10:29:57,11.49,--,24,27576,买盘
2511,10:29:54,11.49,--,18,20682,买盘
2512,10:29:51,11.49,--,1,1149,买盘
2513,10:29:45,11.49,--,15,17235,买盘
2514,10:29:42,11.49,--,33,37917,买盘
2515,10:29:36,11.49,--,34,39066,买盘
2516,10:29:27,11.49,0.02,51,58599,买盘
2517,10:29:24,11.47,-0.01,2,2294,卖盘
2518,10:29:21,11.48,-0.01,20,22960,中性盘
2519,10:29:06,11.49,0.02,10,11490,买盘
2520,10:29:00,11.47,-0.02,3,3441,卖盘
2521,10:28:57,11.49,0.02,54,62046,买盘
2522,10:28:54,11.47,-0.01,10,11470,卖盘
2523,10:28:48,11.48,-0.01,3,3444,中性盘
2524,10:28:42,11.49,0.02,1,1149,买盘
2525,10:28:36,11.47,--,1,1147,卖盘
2526,10:28:30,11.47,--,19,21793,卖盘
2527,10:28:21,11.47,--,35,40145,卖盘
2528,10:28:15,11.47,-0.02,4,4588,卖盘
2529,10:28:12,11.49,--,500,574500,买盘
2530,10:28:09,11.49,0.01,49,56301,买盘
2531,10:28:06,11.48,--,20,22960,买盘
2532,10:28:03,11.48,0.01,8,9184,买盘
2533,10:28:00,11.47,--,75,86025,卖盘
2534,10:27:57,11.47,-0.01,20,22940,卖盘
2535,10:27:54,11.48,0.01,97,111356,买盘
2536,10:27:51,11.47,--,1,1147,中性盘
2537,10:27:42,11.47,--,20,22940,买盘
2538,10:27:33,11.47,0.02,300,344100,买盘
2539,10:27:30,11.45,--,21,24045,卖盘
2540,10:27:27,11.45,--,12,13740,卖盘
2541,10:27:24,11.45,--,251,287395,买盘
2542,10:27:12,11.45,0.01,43,49235,买盘
2543,10:27:09,11.44,-0.01,71,81224,卖盘
2544,10:27:06,11.45,--,5,5725,买盘
2545,10:27:03,11.45,0.01,21,24045,买盘
2546,10:27:00,11.44,0.01,43,49192,买盘
2547,10:26:57,11.43,-0.01,74,85267,卖盘
2548,10:26:51,11.44,--,16,18304,卖盘
2549,10:26:48,11.44,--,22,25168,卖盘
2550,10:26:45,11.44,-0.01,6,6864,卖盘
2551,10:26:42,11.45,0.01,10,11450,买盘
2552,10:26:39,11.44,--,10,11440,卖盘
2553,10:26:36,11.44,--,1,1144,卖盘
2554,10:26:33,11.44,--,87,99528,买盘
2555,10:26:30,11.44,0.01,10,11440,买盘
2556,10:26:27,11.43,--,2,2286,卖盘
2557,10:26:24,11.43,--,22,25146,卖盘
2558,10:26:21,11.43,-0.01,273,312039,卖盘
2559,10:26:18,11.44,--,30,34320,买盘
2560,10:26:12,11.44,--,12,13728,中性盘
2561,10:26:06,11.44,-0.01,5,5720,卖盘
2562,10:26:03,11.45,0.02,109,124804,买盘
2563,10:25:57,11.43,-0.01,20,22860,卖盘
2564,10:25:54,11.44,--,8,9152,卖盘
2565,10:25:51,11.44,--,20,22880,卖盘
2566,10:25:45,11.44,--,1,1144,卖盘
2567,10:25:42,11.44,--,24,27456,卖盘
2568,10:25:39,11.44,--,1,1144,卖盘
2569,10:25:33,11.44,--,19,21736,卖盘
2570,10:25:30,11.44,-0.01,53,60632,卖盘
2571,10:25:27,11.45,0.01,10,11450,买盘
2572,10:25:24,11.44,--,21,24024,卖盘
2573,10:25:21,11.44,-0.01,16,18304,卖盘
2574,10:25:18,11.45,0.01,41,46945,买盘
2575,10:25:15,11.44,--,10,11440,卖盘
2576,10:25:12,11.44,0.01,59,67496,中性盘
2577,10:25:03,11.43,--,1,1143,卖盘
2578,10:25:00,11.43,-0.02,8,9144,卖盘
2579,10:24:57,11.45,0.02,137,156865,买盘
2580,10:24:54,11.43,--,70,80010,卖盘
2581,10:24:51,11.43,--,2,2286,卖盘
2582,10:24:48,11.43,--,7,8001,卖盘
2583,10:24:42,11.43,--,5,5715,卖盘
2584,10:24:39,11.43,--,702,803071,买盘
2585,10:24:36,11.43,--,62,70866,买盘
2586,10:24:33,11.43,--,14,16002,买盘
2587,10:24:30,11.43,--,18,20574,买盘
2588,10:24:27,11.43,--,55,62865,买盘
2589,10:24:24,11.43,--,59,67437,买盘
2590,10:24:18,11.43,--,105,120015,买盘
2591,10:24:15,11.43,0.01,8,9144,买盘
2592,10:24:12,11.42,--,11,12562,卖盘
2593,10:24:09,11.42,-0.01,10,11420,卖盘
2594,10:24:06,11.43,0.01,25,28575,买盘
2595,10:24:03,11.42,--,127,145034,卖盘
2596,10:24:00,11.42,-0.01,20,22840,卖盘
2597,10:23:57,11.43,0.01,204,233172,买盘
2598,10:23:51,11.42,--,305,348310,卖盘
2599,10:23:48,11.42,--,1,1142,卖盘
2600,10:23:45,11.42,--,50,57100,卖盘
2601,10:23:36,11.42,--,7,7994,卖盘
2602,10:23:33,11.42,--,100,114200,卖盘
2603,10:23:30,11.42,--,6,6852,卖盘
2604,10:23:27,11.42,--,21,23982,卖盘
2605,10:23:24,11.42,-0.01,18,20556,卖盘
2606,10:23:21,11.43,--,11,12573,买盘
2607,10:23:18,11.43,0.01,72,82296,买盘
2608,10:23:15,11.42,--,5,5710,卖盘
2609,10:23:12,11.42,--,5,5710,卖盘
2610,10:23:09,11.42,--,10,11420,卖盘
2611,10:23:06,11.42,--,83,94786,卖盘
2612,10:23:03,11.42,-0.01,30,34260,卖盘
2613,10:23:00,11.43,0.01,20,22860,买盘
2614,10:22:57,11.42,-0.01,16,18272,卖盘
2615,10:22:54,11.43,0.01,80,91440,买盘
2616,10:22:51,11.42,--,264,301488,卖盘
2617,10:22:45,11.42,--,25,28550,卖盘
2618,10:22:42,11.42,-0.01,129,147318,卖盘
2619,10:22:39,11.43,0.01,7,8001,买盘
2620,10:22:36,11.42,--,162,185004,卖盘
2621,10:22:33,11.42,--,102,116484,卖盘
2622,10:22:27,11.42,--,180,205560,卖盘
2623,10:22:24,11.42,--,42,47964,卖盘
2624,10:22:21,11.42,--,17,19414,卖盘
2625,10:22:18,11.42,-0.01,323,368866,卖盘
2626,10:22:15,11.43,0.01,6,6858,买盘
2627,10:22:12,11.42,--,20,22840,卖盘
2628,10:22:06,11.42,--,33,37686,卖盘
2629,10:22:00,11.42,-0.01,3,3426,卖盘
2630,10:21:57,11.43,--,25,28575,买盘
2631,10:21:54,11.43,--,360,411480,卖盘
2632,10:21:51,11.43,--,10,11430,卖盘
2633,10:21:48,11.43,-0.01,49,56007,卖盘
2634,10:21:42,11.44,0.01,49,56056,买盘
2635,10:21:39,11.43,--,7,8001,卖盘
2636,10:21:36,11.43,--,40,45720,卖盘
2637,10:21:33,11.43,--,210,240030,卖盘
2638,10:21:27,11.43,--,73,83439,卖盘
2639,10:21:21,11.43,-0.01,116,132588,卖盘
2640,10:21:18,11.44,0.01,62,70928,买盘
2641,10:21:15,11.43,-0.01,467,533781,卖盘
2642,10:21:12,11.44,--,1,1144,买盘
2643,10:21:09,11.44,--,20,22880,买盘
2644,10:21:06,11.44,0.01,10,11440,买盘
2645,10:21:03,11.43,-0.01,9,10287,卖盘
2646,10:21:00,11.44,--,30,34320,买盘
2647,10:20:57,11.44,--,38,43472,买盘
2648,10:20:54,11.44,--,125,143000,卖盘
2649,10:20:51,11.44,-0.01,3,3432,卖盘
2650,10:20:48,11.45,--,2,2290,买盘
2651,10:20:45,11.45,0.01,6,6870,买盘
2652,10:20:36,11.44,--,15,17160,卖盘
2653,10:20:33,11.44,--,439,502216,卖盘
2654,10:20:30,11.44,-0.01,14,16016,卖盘
2655,10:20:24,11.45,0.01,10,11450,买盘
2656,10:20:21,11.44,-0.01,15,17160,卖盘
2657,10:20:18,11.45,0.01,10,11450,买盘
2658,10:20:15,11.44,-0.01,118,134992,卖盘
2659,10:20:12,11.45,0.01,564,645780,买盘
2660,10:20:09,11.44,-0.01,30,34320,卖盘
2661,10:20:00,11.45,--,110,125949,买盘
2662,10:19:54,11.45,-0.01,174,199230,卖盘
2663,10:19:48,11.46,0.01,2,2292,买盘
2664,10:19:45,11.45,0.01,4,4580,买盘
2665,10:19:42,11.44,-0.01,90,102960,卖盘
2666,10:19:39,11.45,--,3,3435,买盘
2667,10:19:36,11.45,--,11,12595,买盘
2668,10:19:33,11.45,-0.01,565,646925,买盘
2669,10:19:27,11.46,0.02,217,248682,买盘
2670,10:19:24,11.44,-0.01,1,1144,卖盘
2671,10:19:21,11.45,0.01,49,56105,买盘
2672,10:19:12,11.44,-0.02,173,197912,卖盘
2673,10:19:06,11.46,0.01,33,37818,买盘
2674,10:19:03,11.45,--,1,1145,卖盘
2675,10:19:00,11.45,-0.03,30,34350,卖盘
2676,10:18:57,11.48,0.03,311,357028,买盘
2677,10:18:54,11.45,--,134,153430,买盘
2678,10:18:51,11.45,--,148,169460,卖盘
2679,10:18:45,11.45,-0.01,3,3435,卖盘
2680,10:18:42,11.46,--,12,13752,买盘
2681,10:18:39,11.46,--,3,3438,买盘
2682,10:18:33,11.46,0.01,24,27504,买盘
2683,10:18:30,11.45,-0.01,299,342355,卖盘
2684,10:18:27,11.46,--,11,12606,买盘
2685,10:18:21,11.46,--,16,18336,买盘
2686,10:18:18,11.46,0.01,2,2292,买盘
2687,10:18:15,11.45,-0.01,100,114500,卖盘
2688,10:18:12,11.46,--,232,265872,卖盘
2689,10:18:06,11.46,--,39,44694,卖盘
2690,10:18:03,11.46,0.01,50,57300,买盘
2691,10:18:00,11.45,--,72,82440,卖盘
2692,10:17:57,11.45,--,21,24045,卖盘
2693,10:17:51,11.45,-0.03,327,374415,卖盘
2694,10:17:48,11.48,0.02,62,71176,买盘
2695,10:17:45,11.46,0.01,1,1146,买盘
2696,10:17:42,11.45,-0.01,111,127094,卖盘
2697,10:17:39,11.46,0.01,20,22920,买盘
2698,10:17:36,11.45,-0.01,6,6870,卖盘
2699,10:17:33,11.46,0.01,10,11460,买盘
2700,10:17:30,11.45,--,323,369835,卖盘
2701,10:17:27,11.45,--,59,67555,卖盘
2702,10:17:24,11.45,--,26,29769,卖盘
2703,10:17:21,11.45,-0.01,75,85875,卖盘
2704,10:17:15,11.46,0.01,3,3438,买盘
2705,10:17:12,11.45,--,11,12595,卖盘
2706,10:17:09,11.45,-0.01,308,352660,卖盘
2707,10:17:06,11.46,--,50,57300,买盘
2708,10:16:57,11.46,--,30,34380,买盘
2709,10:16:54,11.46,--,88,100848,买盘
2710,10:16:51,11.46,-0.02,194,222324,卖盘
2711,10:16:48,11.48,0.01,41,47068,买盘
2712,10:16:45,11.47,--,10,11470,买盘
2713,10:16:39,11.47,--,17,19499,买盘
2714,10:16:36,11.47,--,10,11470,买盘
2715,10:16:33,11.47,0.01,49,56203,买盘
2716,10:16:30,11.46,--,512,586752,卖盘
2717,10:16:27,11.46,--,29,33921,卖盘
2718,10:16:24,11.46,--,5,5730,卖盘
2719,10:16:21,11.46,--,20,22920,卖盘
2720,10:16:18,11.46,--,389,445794,买盘
2721,10:16:12,11.46,--,10,11460,买盘
2722,10:16:09,11.46,0.01,9,10314,中性盘
2723,10:16:06,11.45,-0.02,394,451130,卖盘
2724,10:16:03,11.47,--,36,41292,买盘
2725,10:16:00,11.47,0.01,58,66526,买盘
2726,10:15:57,11.46,0.01,31,35526,买盘
2727,10:15:48,11.45,-0.01,276,316020,卖盘
2728,10:15:45,11.46,0.01,8,9168,买盘
2729,10:15:42,11.45,--,6,6870,卖盘
2730,10:15:33,11.45,--,24,27480,卖盘
2731,10:15:30,11.45,-0.02,2,2290,卖盘
2732,10:15:27,11.47,0.01,353,404891,买盘
2733,10:15:24,11.46,--,14,16044,买盘
2734,10:15:18,11.46,--,51,58446,买盘
2735,10:15:15,11.46,-0.01,31,35526,中性盘
2736,10:15:12,11.47,0.01,53,60791,买盘
2737,10:15:09,11.46,--,196,224616,卖盘
2738,10:15:00,11.46,--,63,72198,卖盘
2739,10:14:57,11.46,--,6,6876,卖盘
2740,10:14:54,11.46,-0.01,45,51570,卖盘
2741,10:14:51,11.47,0.01,97,111259,买盘
2742,10:14:48,11.46,--,240,275040,卖盘
2743,10:14:42,11.46,--,5,5730,卖盘
2744,10:14:39,11.46,--,20,22920,卖盘
2745,10:14:36,11.46,-0.01,11,12606,卖盘
2746,10:14:30,11.47,0.01,12,13764,买盘
2747,10:14:27,11.46,-0.01,264,302544,卖盘
2748,10:14:24,11.47,--,25,28675,买盘
2749,10:14:21,11.47,--,6,6882,买盘
2750,10:14:18,11.47,0.01,21,24087,买盘
2751,10:14:15,11.46,-0.01,94,107724,卖盘
2752,10:14:12,11.47,0.01,40,45880,买盘
2753,10:14:06,11.46,--,247,283062,卖盘
2754,10:14:03,11.46,--,19,21774,卖盘
2755,10:14:00,11.46,--,5,5730,卖盘
2756,10:13:57,11.46,--,10,11460,卖盘
2757,10:13:54,11.46,-0.01,1,1146,卖盘
2758,10:13:48,11.47,0.01,250,286750,买盘
2759,10:13:45,11.46,-0.01,1,1146,卖盘
2760,10:13:39,11.47,0.01,12,13764,买盘
2761,10:13:36,11.46,-0.01,23,26358,卖盘
2762,10:13:33,11.47,--,73,83731,买盘
2763,10:13:30,11.47,--,245,281015,买盘
2764,10:13:27,11.47,--,15,17205,卖盘
2765,10:13:24,11.47,--,34,38998,卖盘
2766,10:13:21,11.47,--,64,73408,买盘
2767,10:13:15,11.47,0.01,27,30969,买盘
2768,10:13:09,11.46,-0.01,29,33234,卖盘
2769,10:13:06,11.47,--,330,378510,卖盘
2770,10:13:03,11.47,-0.01,110,126170,卖盘
2771,10:13:00,11.48,0.01,49,56252,买盘
2772,10:12:57,11.47,--,29,33263,买盘
2773,10:12:54,11.47,--,106,121582,买盘
2774,10:12:51,11.47,0.01,104,119288,买盘
2775,10:12:48,11.46,--,1,1146,卖盘
2776,10:12:45,11.46,--,383,438918,卖盘
2777,10:12:42,11.46,--,6,6876,卖盘
2778,10:12:36,11.46,--,50,57300,卖盘
2779,10:12:33,11.46,--,25,28650,卖盘
2780,10:12:30,11.46,--,41,46986,卖盘
2781,10:12:27,11.46,--,1,1146,卖盘
2782,10:12:24,11.46,-0.01,325,372450,卖盘
2783,10:12:21,11.47,0.01,31,35557,买盘
2784,10:12:18,11.46,-0.01,4,4584,卖盘
2785,10:12:15,11.47,0.01,100,114700,买盘
2786,10:12:12,11.46,-0.01,23,26358,卖盘
2787,10:12:09,11.47,--,5,5735,买盘
2788,10:12:06,11.47,--,199,228253,卖盘
2789,10:12:03,11.47,--,7,8029,卖盘
2790,10:12:00,11.47,--,20,22940,卖盘
2791,10:11:57,11.47,--,56,64232,卖盘
2792,10:11:48,11.47,--,5,5735,卖盘
2793,10:11:45,11.47,--,351,402597,卖盘
2794,10:11:42,11.47,--,1,1147,卖盘
2795,10:11:36,11.47,-0.01,6,6882,卖盘
2796,10:11:33,11.48,0.01,5,5740,买盘
2797,10:11:30,11.47,--,29,33263,卖盘
2798,10:11:27,11.47,--,50,57350,卖盘
2799,10:11:21,11.47,--,31,35557,卖盘
2800,10:11:18,11.47,--,66,75702,卖盘
2801,10:11:15,11.47,0.01,123,141081,买盘
2802,10:11:12,11.46,-0.01,2,2292,卖盘
2803,10:11:09,11.47,0.01,20,22940,买盘
2804,10:11:03,11.46,--,41,46986,卖盘
2805,10:10:57,11.46,--,9,10314,卖盘
2806,10:10:54,11.46,--,218,249828,卖盘
2807,10:10:51,11.46,--,68,77928,卖盘
2808,10:10:48,11.46,--,16,18336,卖盘
2809,10:10:45,11.46,--,21,24066,卖盘
