,time,price,change,volume,amount,type
0,15:00:03,11.11,0.03,2307,2563077,买盘
1,14:57:00,11.08,--,1,1108,卖盘
2,14:56:57,11.08,--,2,2216,卖盘
3,14:56:54,11.08,-0.02,12,13296,中性盘
4,14:56:51,11.1,0.01,55,61050,买盘
5,14:56:48,11.09,--,56,62104,买盘
6,14:56:45,11.09,0.01,45,49905,买盘
7,14:56:42,11.08,--,17,18836,买盘
8,14:56:36,11.08,--,56,62048,卖盘
9,14:56:33,11.08,-0.01,19,21052,卖盘
10,14:56:30,11.09,--,8,8872,买盘
11,14:56:21,11.09,--,89,98701,买盘
12,14:56:15,11.09,0.01,42,46578,买盘
13,14:56:12,11.08,--,10,11080,卖盘
14,14:56:06,11.08,-0.01,10,11080,卖盘
15,14:56:03,11.09,0.01,105,116445,买盘
16,14:56:00,11.08,--,15,16620,买盘
17,14:55:57,11.08,--,25,27700,卖盘
18,14:55:54,11.08,-0.01,47,52076,卖盘
19,14:55:51,11.09,--,60,66540,买盘
20,14:55:48,11.09,--,4,4436,买盘
21,14:55:45,11.09,0.01,11,12199,买盘
22,14:55:42,11.08,-0.01,141,156228,卖盘
23,14:55:39,11.09,0.01,7,7763,买盘
24,14:55:36,11.08,--,27,29916,卖盘
25,14:55:30,11.08,-0.01,5,5540,卖盘
26,14:55:27,11.09,--,9,9981,买盘
27,14:55:24,11.09,--,10,11090,买盘
28,14:55:21,11.09,0.01,8,8872,买盘
29,14:55:15,11.08,--,2,2216,卖盘
30,14:55:12,11.08,--,120,132960,卖盘
31,14:55:09,11.08,--,2,2216,卖盘
32,14:55:06,11.08,--,41,45428,卖盘
33,14:55:03,11.08,-0.01,1,1108,卖盘
34,14:54:57,11.09,0.01,1,1109,买盘
35,14:54:54,11.08,-0.01,10,11080,卖盘
36,14:54:51,11.09,0.01,20,22180,买盘
37,14:54:45,11.08,-0.01,41,45428,卖盘
38,14:54:42,11.09,0.01,31,34379,买盘
39,14:54:39,11.08,-0.01,74,81992,卖盘
40,14:54:36,11.09,0.01,10,11090,买盘
41,14:54:33,11.08,--,2,2216,卖盘
42,14:54:30,11.08,-0.01,8,8864,卖盘
43,14:54:27,11.09,0.02,4,4436,买盘
44,14:54:24,11.07,-0.02,375,415125,卖盘
45,14:54:18,11.09,--,10,11090,买盘
46,14:54:15,11.09,--,4,4436,买盘
47,14:54:12,11.09,--,143,158587,买盘
48,14:54:09,11.09,0.01,6,6654,买盘
49,14:54:06,11.08,0.01,68,75344,买盘
50,14:54:03,11.07,-0.01,64,70848,卖盘
51,14:54:00,11.08,0.01,2,2216,买盘
52,14:53:57,11.07,-0.01,20,22140,卖盘
53,14:53:51,11.08,0.01,7,7756,买盘
54,14:53:48,11.07,--,4,4428,卖盘
55,14:53:45,11.07,-0.01,13,14391,卖盘
56,14:53:42,11.08,0.01,240,265920,买盘
57,14:53:39,11.07,-0.01,35,38745,卖盘
58,14:53:36,11.08,--,30,33240,买盘
59,14:53:18,11.08,--,2,2216,买盘
60,14:53:15,11.08,--,8,8864,买盘
61,14:53:12,11.08,0.01,116,128528,买盘
62,14:53:09,11.07,--,178,197046,卖盘
63,14:53:06,11.07,--,55,60885,卖盘
64,14:53:00,11.07,-0.01,10,11070,卖盘
65,14:52:57,11.08,0.01,11,12188,买盘
66,14:52:54,11.07,--,23,25461,卖盘
67,14:52:51,11.07,-0.01,12,13284,卖盘
68,14:52:48,11.08,0.01,50,55400,买盘
69,14:52:45,11.07,-0.01,8,8856,卖盘
70,14:52:42,11.08,0.01,245,271460,买盘
71,14:52:39,11.07,-0.01,34,37638,卖盘
72,14:52:36,11.08,0.01,26,28808,买盘
73,14:52:33,11.07,-0.01,19,21033,卖盘
74,14:52:30,11.08,0.01,84,93072,买盘
75,14:52:24,11.07,-0.01,3,3321,卖盘
76,14:52:21,11.08,0.01,34,37672,买盘
77,14:52:18,11.07,-0.01,20,22140,卖盘
78,14:52:15,11.08,--,15,16620,买盘
79,14:52:12,11.08,0.01,138,152904,买盘
80,14:52:09,11.07,--,7,7749,买盘
81,14:52:06,11.07,--,55,60885,买盘
82,14:52:00,11.07,0.01,9,9963,买盘
83,14:51:57,11.06,-0.01,1,1106,卖盘
84,14:51:54,11.07,--,8,8856,买盘
85,14:51:51,11.07,--,8,8856,买盘
86,14:51:48,11.07,--,8,8856,买盘
87,14:51:45,11.07,--,18,19926,买盘
88,14:51:42,11.07,0.01,191,211437,买盘
89,14:51:39,11.06,-0.01,6,6636,卖盘
90,14:51:36,11.07,--,20,22140,买盘
91,14:51:33,11.07,--,17,18819,买盘
92,14:51:27,11.07,0.01,9,9963,买盘
93,14:51:18,11.06,-0.01,2,2212,卖盘
94,14:51:15,11.07,--,92,101844,买盘
95,14:51:12,11.07,0.01,110,121770,买盘
96,14:51:09,11.06,-0.01,81,89586,卖盘
97,14:51:06,11.07,0.01,62,68634,买盘
98,14:51:03,11.06,--,20,22120,卖盘
99,14:51:00,11.06,-0.01,273,301938,卖盘
100,14:50:54,11.07,0.01,20,22140,买盘
101,14:50:51,11.06,--,13,14378,卖盘
102,14:50:48,11.06,-0.01,3,3318,卖盘
103,14:50:45,11.07,--,8,8856,买盘
104,14:50:42,11.07,0.01,141,156087,买盘
105,14:50:39,11.06,-0.01,34,37604,卖盘
106,14:50:36,11.07,--,5,5535,买盘
107,14:50:27,11.07,0.01,8,8856,买盘
108,14:50:24,11.06,-0.01,2,2212,卖盘
109,14:50:21,11.07,--,42,46494,买盘
110,14:50:18,11.07,0.01,9,9963,买盘
111,14:50:15,11.06,--,2,2212,卖盘
112,14:50:12,11.06,-0.01,9,9954,卖盘
113,14:50:09,11.07,--,2,2214,买盘
114,14:50:06,11.07,--,35,38745,买盘
115,14:50:03,11.07,0.01,20,22140,买盘
116,14:50:00,11.06,-0.01,47,51982,卖盘
117,14:49:57,11.07,0.01,55,60885,买盘
118,14:49:54,11.06,--,2,2212,卖盘
119,14:49:51,11.06,-0.01,34,37604,卖盘
120,14:49:45,11.07,--,18,19926,买盘
121,14:49:42,11.07,--,32,35424,买盘
122,14:49:39,11.07,--,21,23247,买盘
123,14:49:36,11.07,--,18,19926,买盘
124,14:49:30,11.07,--,1,1107,买盘
125,14:49:27,11.07,0.01,1,1107,买盘
126,14:49:24,11.06,--,54,59724,卖盘
127,14:49:21,11.06,-0.01,3,3318,卖盘
128,14:49:18,11.07,--,112,123984,买盘
129,14:49:15,11.07,--,19,21033,买盘
130,14:49:12,11.07,--,8,8856,买盘
131,14:49:09,11.07,--,5,5535,买盘
132,14:49:06,11.07,--,60,66420,买盘
133,14:49:03,11.07,--,510,564570,买盘
134,14:48:54,11.07,--,9,9963,买盘
135,14:48:51,11.07,--,5,5535,买盘
136,14:48:48,11.07,-0.01,140,154980,卖盘
137,14:48:42,11.08,0.01,132,146256,买盘
138,14:48:39,11.07,0.01,45,49815,买盘
139,14:48:36,11.06,-0.01,12,13272,卖盘
140,14:48:33,11.07,--,7,7749,买盘
141,14:48:30,11.07,0.01,1,1107,买盘
142,14:48:21,11.06,--,5,5530,卖盘
143,14:48:18,11.06,-0.01,5,5530,卖盘
144,14:48:15,11.07,0.01,8,8856,买盘
145,14:48:12,11.06,-0.01,32,35392,卖盘
146,14:48:09,11.07,--,7,7749,买盘
147,14:48:06,11.07,--,15,16605,买盘
148,14:48:03,11.07,--,7,7749,买盘
149,14:48:00,11.07,0.01,46,50922,买盘
150,14:47:57,11.06,--,3,3318,卖盘
151,14:47:54,11.06,--,150,165900,卖盘
152,14:47:51,11.06,-0.02,12,13272,卖盘
153,14:47:42,11.08,--,131,145148,买盘
154,14:47:39,11.08,0.02,16,17728,买盘
155,14:47:36,11.06,--,2,2212,卖盘
156,14:47:33,11.06,-0.01,2,2212,卖盘
157,14:47:30,11.07,--,18,19926,买盘
158,14:47:24,11.07,0.01,12,13284,买盘
159,14:47:21,11.06,-0.02,22,24332,卖盘
160,14:47:09,11.08,0.01,13,14404,买盘
161,14:47:06,11.07,--,61,67527,买盘
162,14:47:03,11.07,--,6,6642,买盘
163,14:46:54,11.07,--,17,18819,买盘
164,14:46:48,11.07,0.01,8,8856,买盘
165,14:46:42,11.06,--,33,36498,卖盘
166,14:46:39,11.06,--,30,33180,卖盘
167,14:46:27,11.06,-0.01,32,35392,卖盘
168,14:46:24,11.07,--,34,37638,买盘
169,14:46:18,11.07,--,112,123984,卖盘
170,14:46:09,11.07,--,2,2214,卖盘
171,14:46:06,11.07,-0.01,100,110700,卖盘
172,14:46:03,11.08,--,7,7756,买盘
173,14:45:57,11.08,0.01,8,8864,买盘
174,14:45:48,11.07,--,57,63099,卖盘
175,14:45:45,11.07,--,22,24354,卖盘
176,14:45:42,11.07,-0.01,23,25461,卖盘
177,14:45:39,11.08,0.01,8,8864,买盘
178,14:45:36,11.07,-0.01,35,38745,卖盘
179,14:45:30,11.08,0.01,1,1108,买盘
180,14:45:21,11.07,0.01,1,1107,卖盘
181,14:45:15,11.06,-0.03,22,24332,卖盘
182,14:45:12,11.09,0.01,10,11090,买盘
183,14:45:06,11.08,0.01,1,1108,买盘
184,14:45:03,11.07,--,156,172692,卖盘
185,14:44:57,11.07,-0.02,50,55350,卖盘
186,14:44:51,11.09,0.02,9,9981,买盘
187,14:44:48,11.07,-0.01,10,11070,卖盘
188,14:44:42,11.08,0.01,18,19944,买盘
189,14:44:39,11.07,-0.01,32,35424,卖盘
190,14:44:36,11.08,--,16,17728,卖盘
191,14:44:30,11.08,-0.01,2,2216,卖盘
192,14:44:27,11.09,0.01,10,11090,买盘
193,14:44:18,11.08,--,5,5540,买盘
194,14:44:15,11.08,-0.01,28,31024,卖盘
195,14:44:09,11.09,--,10,11090,买盘
196,14:44:06,11.09,--,8,8872,买盘
197,14:44:03,11.09,0.01,7,7763,买盘
198,14:44:00,11.08,--,3,3324,卖盘
199,14:43:57,11.08,--,47,52076,买盘
200,14:43:51,11.08,--,8,8864,买盘
201,14:43:48,11.08,0.01,9,9972,买盘
202,14:43:42,11.07,-0.01,6,6642,卖盘
203,14:43:39,11.08,-0.01,1,1108,中性盘
204,14:43:27,11.09,0.02,227,251743,买盘
205,14:43:21,11.07,-0.02,22,24354,卖盘
206,14:43:15,11.09,0.01,65,72085,买盘
207,14:43:12,11.08,-0.01,64,70912,卖盘
208,14:43:06,11.09,0.01,9,9981,买盘
209,14:43:03,11.08,--,11,12188,卖盘
210,14:43:00,11.08,-0.01,10,11080,卖盘
211,14:42:57,11.09,0.01,61,67649,买盘
212,14:42:48,11.08,-0.01,111,122988,卖盘
213,14:42:45,11.09,0.01,8,8872,买盘
214,14:42:36,11.08,-0.01,10,11080,卖盘
215,14:42:30,11.09,0.01,1,1109,买盘
216,14:42:24,11.08,-0.01,32,35456,卖盘
217,14:42:06,11.09,0.01,9,9981,买盘
218,14:42:03,11.08,--,12,13916,买盘
219,14:42:00,11.08,0.01,10,11080,买盘
220,14:41:57,11.07,-0.01,60,66420,卖盘
221,14:41:54,11.08,0.01,2,2216,买盘
222,14:41:51,11.07,-0.01,24,26568,卖盘
223,14:41:48,11.08,-0.01,196,217168,卖盘
224,14:41:45,11.09,0.01,8,8872,买盘
225,14:41:30,11.08,-0.01,5,5540,卖盘
226,14:41:27,11.09,0.01,13,14417,买盘
227,14:41:24,11.08,-0.01,1,1108,卖盘
228,14:41:21,11.09,0.01,15,16635,买盘
229,14:41:15,11.08,--,4,4432,买盘
230,14:41:12,11.08,-0.01,5,5540,中性盘
231,14:41:06,11.09,--,8,8872,买盘
232,14:41:03,11.09,--,7,7763,买盘
233,14:40:57,11.09,0.02,3,3327,买盘
234,14:40:45,11.07,-0.01,9,9963,卖盘
235,14:40:39,11.08,--,20,22160,卖盘
236,14:40:36,11.08,--,6,6648,卖盘
237,14:40:30,11.08,-0.01,56,62048,卖盘
238,14:40:27,11.09,--,1,1109,买盘
239,14:40:21,11.09,0.01,16,17744,买盘
240,14:40:18,11.08,--,22,24376,卖盘
241,14:40:09,11.08,-0.01,32,35456,卖盘
242,14:40:06,11.09,-0.01,73,80957,卖盘
243,14:40:03,11.1,0.01,6,6660,买盘
244,14:39:57,11.09,--,14,15526,买盘
245,14:39:48,11.09,-0.01,1,1109,中性盘
246,14:39:45,11.1,0.03,10,11100,买盘
247,14:39:33,11.07,-0.03,111,122877,卖盘
248,14:39:03,11.1,0.01,82,91020,买盘
249,14:39:00,11.09,0.02,8,8872,买盘
250,14:38:57,11.07,--,45,49815,买盘
251,14:38:51,11.07,-0.02,572,633204,卖盘
252,14:38:48,11.09,0.01,5,5545,买盘
253,14:38:45,11.08,-0.02,6,6648,卖盘
254,14:38:42,11.1,--,10,11100,买盘
255,14:38:33,11.1,0.01,75,83250,买盘
256,14:38:24,11.09,--,46,51014,买盘
257,14:38:21,11.09,0.02,8,8872,买盘
258,14:38:18,11.07,-0.01,32,35424,卖盘
259,14:38:15,11.08,-0.01,22,24376,卖盘
260,14:38:03,11.09,--,90,99810,买盘
261,14:38:00,11.09,--,10,11090,买盘
262,14:37:57,11.09,0.02,12,13308,买盘
263,14:37:48,11.07,-0.02,22,24354,卖盘
264,14:37:45,11.09,0.02,1,1109,买盘
265,14:37:42,11.07,--,18,19926,卖盘
266,14:37:39,11.07,-0.02,2,2214,卖盘
267,14:37:33,11.09,0.01,75,83175,买盘
268,14:37:30,11.08,0.01,2,2216,买盘
269,14:37:24,11.07,-0.01,96,106272,卖盘
270,14:37:21,11.08,-0.01,212,234896,卖盘
271,14:37:15,11.09,--,18,19962,卖盘
272,14:37:12,11.09,--,49,54341,卖盘
273,14:37:09,11.09,-0.01,1,1109,卖盘
274,14:37:06,11.1,--,1,1110,买盘
275,14:37:03,11.1,--,91,101010,买盘
276,14:36:57,11.1,0.01,91,101010,买盘
277,14:36:54,11.09,-0.01,1,1109,中性盘
278,14:36:30,11.1,0.01,75,83250,买盘
279,14:36:24,11.09,0.03,67,74303,中性盘
280,14:36:12,11.06,-0.03,1,1106,卖盘
281,14:36:06,11.09,--,8,8872,买盘
282,14:36:03,11.09,0.03,104,115336,买盘
283,14:35:57,11.06,--,4,4424,卖盘
284,14:35:54,11.06,--,11,12166,卖盘
285,14:35:51,11.06,-0.03,1,1106,卖盘
286,14:35:48,11.09,0.03,8,8872,买盘
287,14:35:42,11.06,0.01,65,72343,买盘
288,14:35:39,11.05,-0.01,1,1105,卖盘
289,14:35:30,11.06,--,77,85162,买盘
290,14:35:27,11.06,--,8,8848,买盘
291,14:35:24,11.06,--,68,75208,买盘
292,14:35:15,11.06,-0.04,386,426916,卖盘
293,14:35:06,11.1,--,8,8880,买盘
294,14:35:03,11.1,--,6,6660,买盘
295,14:35:00,11.1,0.02,75,83250,买盘
296,14:34:57,11.08,--,3,3324,买盘
297,14:34:54,11.08,--,11,12188,买盘
298,14:34:45,11.08,0.01,8,8864,中性盘
299,14:34:36,11.07,-0.03,32,35424,卖盘
300,14:34:33,11.1,0.01,75,83250,买盘
301,14:34:30,11.09,-0.01,8,8872,中性盘
302,14:34:24,11.1,0.03,72,79920,买盘
303,14:34:21,11.07,-0.01,206,228042,卖盘
304,14:34:09,11.08,--,1,1108,卖盘
305,14:34:06,11.08,-0.01,11,12188,卖盘
306,14:34:03,11.09,0.01,7,7763,中性盘
307,14:33:57,11.08,--,25,27700,卖盘
308,14:33:48,11.08,-0.02,5,5540,卖盘
309,14:33:45,11.1,0.02,9,9990,买盘
310,14:33:42,11.08,-0.02,7,7756,卖盘
311,14:33:39,11.1,0.01,13,14430,买盘
312,14:33:36,11.09,--,1,1109,中性盘
313,14:33:33,11.09,--,1,1109,买盘
314,14:33:27,11.09,-0.01,8,8872,买盘
315,14:33:24,11.1,0.02,59,65490,买盘
316,14:33:15,11.08,-0.01,445,493060,卖盘
317,14:33:12,11.09,--,132,146388,卖盘
318,14:33:06,11.09,-0.01,73,80957,卖盘
319,14:33:03,11.1,--,7,7770,买盘
320,14:33:00,11.1,--,1,1110,买盘
321,14:32:57,11.1,0.01,58,64380,买盘
322,14:32:54,11.09,--,1,1109,卖盘
323,14:32:51,11.09,--,22,24398,卖盘
324,14:32:45,11.09,-0.01,9,9981,卖盘
325,14:32:39,11.1,0.01,8,8880,买盘
326,14:32:36,11.09,--,1,1109,卖盘
327,14:32:33,11.09,-0.01,22,24398,卖盘
328,14:32:24,11.1,--,62,68820,买盘
329,14:32:21,11.1,0.01,9,9990,买盘
330,14:32:18,11.09,--,45,49905,卖盘
331,14:32:15,11.09,--,22,24398,卖盘
332,14:32:09,11.09,-0.01,3,3327,卖盘
333,14:32:03,11.1,0.01,6,6660,买盘
334,14:32:00,11.09,-0.01,40,44360,卖盘
335,14:31:57,11.1,--,47,52170,买盘
336,14:31:51,11.1,0.01,15,16650,买盘
337,14:31:48,11.09,--,22,24398,卖盘
338,14:31:45,11.09,-0.01,26,28834,卖盘
339,14:31:39,11.1,--,1,1110,买盘
340,14:31:36,11.1,0.01,1,1110,买盘
341,14:31:33,11.09,--,180,199620,卖盘
342,14:31:30,11.09,-0.01,37,41033,卖盘
343,14:31:24,11.1,--,65,72150,买盘
344,14:31:18,11.1,0.01,1,1110,买盘
345,14:31:09,11.09,--,3,3327,卖盘
346,14:31:03,11.09,--,8,8872,卖盘
347,14:31:00,11.09,-0.01,3,3327,卖盘
348,14:30:48,11.1,0.01,10,11100,买盘
349,14:30:45,11.09,-0.01,10,11090,卖盘
350,14:30:42,11.1,0.01,8,8880,买盘
351,14:30:36,11.09,--,1,1109,卖盘
352,14:30:27,11.09,-0.01,1,1109,卖盘
353,14:30:24,11.1,--,52,57720,买盘
354,14:30:09,11.1,--,8,8880,买盘
355,14:30:06,11.1,--,1,1110,买盘
356,14:30:03,11.1,0.01,6,6660,买盘
357,14:30:00,11.09,--,33,36597,卖盘
358,14:29:51,11.09,-0.01,16,17744,卖盘
359,14:29:36,11.1,--,39,43290,卖盘
360,14:29:33,11.1,--,522,579420,卖盘
361,14:29:27,11.1,-0.01,5,5550,卖盘
362,14:29:24,11.11,--,56,62216,买盘
363,14:29:12,11.11,0.01,76,84436,买盘
364,14:29:09,11.1,-0.01,22,24420,卖盘
365,14:29:03,11.11,--,16,17776,买盘
366,14:29:00,11.11,--,4,4444,买盘
367,14:28:54,11.11,0.01,8,8888,买盘
368,14:28:51,11.1,--,10,11100,卖盘
369,14:28:45,11.1,-0.01,22,24420,卖盘
370,14:28:39,11.11,--,32,35552,买盘
371,14:28:36,11.11,0.01,8,8888,买盘
372,14:28:30,11.1,0.01,9,9990,买盘
373,14:28:27,11.09,-0.02,5,5545,卖盘
374,14:28:24,11.11,0.02,59,65549,买盘
375,14:28:15,11.09,-0.02,32,35488,卖盘
376,14:28:06,11.11,--,50,55550,买盘
377,14:28:03,11.11,--,16,17776,买盘
378,14:28:00,11.11,0.02,304,337744,买盘
379,14:27:57,11.09,-0.01,1,1109,卖盘
380,14:27:54,11.1,-0.01,57,63270,卖盘
381,14:27:45,11.11,0.01,9,9999,买盘
382,14:27:39,11.1,-0.01,24,26640,卖盘
383,14:27:33,11.11,0.01,10,11110,买盘
384,14:27:30,11.1,-0.01,19,21090,卖盘
385,14:27:27,11.11,--,1,1111,买盘
386,14:27:24,11.11,0.01,62,68882,买盘
387,14:27:15,11.1,--,94,104340,卖盘
388,14:27:12,11.1,--,22,24420,卖盘
389,14:27:09,11.1,-0.01,9,9990,卖盘
390,14:27:03,11.11,0.01,19,21109,买盘
391,14:27:00,11.1,-0.01,7,7770,卖盘
392,14:26:51,11.11,0.01,39,43329,买盘
393,14:26:45,11.1,--,1,1110,卖盘
394,14:26:39,11.1,--,85,94350,卖盘
395,14:26:36,11.1,--,11,12210,卖盘
396,14:26:33,11.1,0.01,32,35520,卖盘
397,14:26:30,11.09,-0.01,30,33270,卖盘
398,14:26:27,11.1,--,9,9990,买盘
399,14:26:24,11.1,0.01,73,81030,买盘
400,14:26:21,11.09,-0.01,20,22180,卖盘
401,14:26:18,11.1,--,5,5550,买盘
402,14:26:12,11.1,--,9,9990,买盘
403,14:26:03,11.1,--,17,18870,买盘
404,14:25:57,11.1,0.01,20,22200,买盘
405,14:25:54,11.09,-0.01,1,1109,卖盘
406,14:25:51,11.1,--,58,64380,买盘
407,14:25:39,11.1,--,11,12210,买盘
408,14:25:36,11.1,--,68,75480,买盘
409,14:25:30,11.1,-0.01,8,8880,买盘
410,14:25:24,11.11,0.01,60,66660,买盘
411,14:25:06,11.1,--,8,8880,买盘
412,14:25:03,11.1,--,6,6660,买盘
413,14:24:57,11.1,0.01,9,9990,买盘
414,14:24:54,11.09,--,28,31052,卖盘
415,14:24:51,11.09,--,33,36597,卖盘
416,14:24:48,11.09,-0.01,3,3327,卖盘
417,14:24:45,11.1,--,8,8880,买盘
418,14:24:39,11.1,0.01,34,37740,中性盘
419,14:24:27,11.09,-0.02,10,11090,卖盘
420,14:24:24,11.11,0.02,56,62216,买盘
421,14:24:18,11.09,-0.01,30,33270,卖盘
422,14:24:03,11.1,0.01,27,29970,买盘
423,14:23:57,11.09,--,24,26616,买盘
424,14:23:54,11.09,-0.01,186,206274,卖盘
425,14:23:48,11.1,-0.01,7,7770,卖盘
426,14:23:39,11.11,0.02,139,154429,买盘
427,14:23:33,11.09,-0.02,22,24398,卖盘
428,14:23:24,11.11,0.01,82,91102,买盘
429,14:23:21,11.1,-0.01,145,160950,卖盘
430,14:23:18,11.11,0.01,20,22220,买盘
431,14:23:06,11.1,-0.01,211,234210,卖盘
432,14:23:03,11.11,--,8,8888,买盘
433,14:23:00,11.11,--,9,9999,买盘
434,14:22:54,11.11,0.01,18,19998,买盘
435,14:22:48,11.1,-0.01,10,11100,卖盘
436,14:22:39,11.11,0.01,52,57772,买盘
437,14:22:33,11.1,-0.01,32,35520,卖盘
438,14:22:24,11.11,--,54,59994,买盘
439,14:22:21,11.11,--,10,11110,买盘
440,14:22:18,11.11,--,8,8888,买盘
441,14:22:09,11.11,--,23,25553,买盘
442,14:22:03,11.11,--,6,6666,买盘
443,14:21:57,11.11,0.01,8,8888,买盘
444,14:21:54,11.1,--,19,21090,卖盘
445,14:21:51,11.1,-0.01,1,1110,卖盘
446,14:21:42,11.11,--,3,3333,买盘
447,14:21:39,11.11,0.01,66,73326,买盘
448,14:21:36,11.1,-0.01,100,111000,卖盘
449,14:21:33,11.11,0.01,9,9999,买盘
450,14:21:24,11.1,-0.01,69,76590,卖盘
451,14:21:12,11.11,0.01,9,9999,买盘
452,14:21:09,11.1,--,101,112110,卖盘
453,14:21:03,11.1,-0.01,29,32190,卖盘
454,14:20:57,11.11,--,18,19998,买盘
455,14:20:51,11.11,0.01,9,9999,买盘
456,14:20:45,11.1,--,22,24420,卖盘
457,14:20:39,11.1,--,134,148740,卖盘
458,14:20:36,11.1,-0.01,1,1110,卖盘
459,14:20:33,11.11,--,8,8888,买盘
460,14:20:24,11.11,0.01,53,58883,买盘
461,14:20:21,11.1,--,80,88800,卖盘
462,14:20:15,11.1,--,34,37740,卖盘
463,14:20:12,11.1,-0.01,30,33300,卖盘
464,14:20:03,11.11,--,6,6666,买盘
465,14:20:00,11.11,--,100,111100,买盘
466,14:19:57,11.11,0.01,11,12221,买盘
467,14:19:54,11.1,-0.01,222,246420,卖盘
468,14:19:51,11.11,0.01,9,9999,买盘
469,14:19:45,11.1,-0.01,2,2220,卖盘
470,14:19:39,11.11,0.01,44,48884,买盘
471,14:19:33,11.1,-0.01,19,21090,卖盘
472,14:19:30,11.11,0.01,8,8888,买盘
473,14:19:24,11.1,--,66,73260,卖盘
474,14:19:21,11.1,-0.01,22,24420,卖盘
475,14:19:12,11.11,--,5,5555,买盘
476,14:19:09,11.11,--,8,8888,买盘
477,14:19:03,11.11,0.01,15,16665,买盘
478,14:18:54,11.1,--,45,49950,卖盘
479,14:18:48,11.1,--,23,25530,卖盘
480,14:18:42,11.1,-0.01,1,1110,卖盘
481,14:18:39,11.11,0.01,44,48884,买盘
482,14:18:27,11.1,-0.01,40,44400,卖盘
483,14:18:24,11.11,--,59,65549,买盘
484,14:18:09,11.11,--,41,45551,买盘
485,14:18:03,11.11,0.01,6,6666,买盘
486,14:17:48,11.1,--,165,183150,卖盘
487,14:17:45,11.1,--,2,2220,卖盘
488,14:17:42,11.1,--,50,55500,卖盘
489,14:17:39,11.1,--,90,99900,卖盘
490,14:17:30,11.1,-0.01,45,49950,卖盘
491,14:17:24,11.11,0.01,54,59994,买盘
492,14:17:21,11.1,--,36,39960,卖盘
493,14:17:18,11.1,-0.01,1,1110,卖盘
494,14:17:15,11.11,--,17,18887,买盘
495,14:17:03,11.11,0.01,7,7777,买盘
496,14:16:54,11.1,-0.01,40,44400,卖盘
497,14:16:39,11.11,0.01,42,46662,买盘
498,14:16:36,11.1,--,8,8880,卖盘
499,14:16:30,11.1,--,8,8880,卖盘
500,14:16:27,11.1,-0.01,10,11100,卖盘
501,14:16:24,11.11,--,65,72215,买盘
502,14:16:18,11.11,--,1,1111,买盘
503,14:16:12,11.11,--,16,17776,买盘
504,14:16:03,11.11,0.01,207,229977,买盘
505,14:15:51,11.1,-0.01,16,17760,卖盘
506,14:15:45,11.11,0.01,16,17776,买盘
507,14:15:42,11.1,--,0,88,卖盘
508,14:15:36,11.1,--,1,1110,卖盘
509,14:15:33,11.1,--,10,11100,卖盘
510,14:15:30,11.1,-0.01,22,24420,卖盘
511,14:15:24,11.11,0.01,61,67771,买盘
512,14:15:09,11.1,-0.01,50,55500,卖盘
513,14:15:03,11.11,--,20,22220,买盘
514,14:15:00,11.11,0.01,17,18887,买盘
515,14:14:57,11.1,--,43,47730,卖盘
516,14:14:54,11.1,--,18,19980,卖盘
517,14:14:48,11.1,--,1,1110,卖盘
518,14:14:45,11.1,-0.01,31,34410,卖盘
519,14:14:33,11.11,0.01,72,79992,买盘
520,14:14:30,11.1,-0.01,10,11100,卖盘
521,14:14:24,11.11,--,16,17776,买盘
522,14:14:21,11.11,0.01,63,69993,买盘
523,14:14:06,11.1,-0.01,1,1110,卖盘
524,14:14:03,11.11,0.01,7,7777,买盘
525,14:13:57,11.1,-0.01,6,6660,卖盘
526,14:13:45,11.11,0.01,74,82214,买盘
527,14:13:33,11.1,--,3,3330,卖盘
528,14:13:24,11.1,--,151,167610,卖盘
529,14:13:21,11.1,-0.01,3,3330,卖盘
530,14:13:03,11.11,--,103,114433,卖盘
531,14:13:00,11.11,--,35,38885,卖盘
532,14:12:57,11.11,--,100,111100,卖盘
533,14:12:54,11.11,--,133,147763,卖盘
534,14:12:51,11.11,--,13,14443,卖盘
535,14:12:42,11.11,--,5,5555,卖盘
536,14:12:39,11.11,--,214,237754,卖盘
537,14:12:33,11.11,-0.01,1,1111,卖盘
538,14:12:30,11.12,--,11,12232,买盘
539,14:12:21,11.12,--,67,74504,买盘
540,14:12:18,11.12,--,36,40032,买盘
541,14:12:03,11.12,0.01,17,18904,买盘
542,14:11:57,11.11,-0.01,3,3333,卖盘
543,14:11:48,11.12,0.01,32,35584,买盘
544,14:11:45,11.11,-0.01,13,14443,卖盘
545,14:11:42,11.12,0.01,19,21128,买盘
546,14:11:36,11.11,-0.01,100,111100,卖盘
547,14:11:21,11.12,0.01,66,73392,买盘
548,14:11:18,11.11,--,4,4444,卖盘
549,14:11:15,11.11,--,14,15554,卖盘
550,14:11:06,11.11,-0.01,1,1111,卖盘
551,14:11:03,11.12,0.01,7,7783,买盘
552,14:10:54,11.11,--,22,24442,卖盘
553,14:10:48,11.11,--,1,1111,卖盘
554,14:10:45,11.11,--,14,15554,卖盘
555,14:10:42,11.11,--,40,44440,卖盘
556,14:10:36,11.11,-0.01,1,1111,卖盘
557,14:10:30,11.12,--,52,57823,买盘
558,14:10:21,11.12,0.01,52,57823,买盘
559,14:10:18,11.11,--,22,24442,卖盘
560,14:10:15,11.11,-0.01,13,14443,卖盘
561,14:10:09,11.12,--,6,6671,买盘
562,14:10:03,11.12,0.01,39,43501,买盘
563,14:10:00,11.11,--,25,27775,卖盘
564,14:09:57,11.11,--,2,2222,卖盘
565,14:09:54,11.11,--,1,1111,卖盘
566,14:09:51,11.11,--,84,93324,卖盘
567,14:09:45,11.11,-0.01,13,14443,卖盘
568,14:09:36,11.12,--,10,11120,买盘
569,14:09:30,11.12,0.01,11,12232,买盘
570,14:09:27,11.11,-0.01,5,5555,卖盘
571,14:09:24,11.12,--,82,91184,买盘
572,14:09:21,11.12,--,64,71168,买盘
573,14:09:15,11.12,0.01,19,21128,买盘
574,14:09:09,11.11,-0.01,13,14443,卖盘
575,14:09:06,11.12,--,116,128991,买盘
576,14:09:03,11.12,--,7,7783,买盘
577,14:08:57,11.12,0.01,15,16680,买盘
578,14:08:54,11.11,--,22,24442,卖盘
579,14:08:39,11.11,-0.01,21,23331,卖盘
580,14:08:36,11.12,--,20,22240,买盘
581,14:08:30,11.12,0.01,15,16680,买盘
582,14:08:27,11.11,-0.01,1,1111,卖盘
583,14:08:21,11.12,--,59,65608,买盘
584,14:08:18,11.12,--,28,31135,买盘
585,14:08:12,11.12,0.01,8,8896,买盘
586,14:08:09,11.11,-0.01,13,14443,卖盘
587,14:08:03,11.12,0.01,6,6671,买盘
588,14:08:00,11.11,-0.01,1,1111,卖盘
589,14:07:57,11.12,0.01,35,38920,买盘
590,14:07:54,11.11,--,1,1111,卖盘
591,14:07:51,11.11,--,10,11110,卖盘
592,14:07:48,11.11,--,1,1111,卖盘
593,14:07:42,11.11,--,22,24442,卖盘
594,14:07:39,11.11,-0.01,14,15554,卖盘
595,14:07:36,11.12,0.01,100,111199,买盘
596,14:07:33,11.11,-0.01,33,36663,卖盘
597,14:07:27,11.12,--,27,30023,买盘
598,14:07:24,11.12,--,19,21128,买盘
599,14:07:21,11.12,0.01,62,68944,买盘
600,14:07:18,11.11,--,10,11110,卖盘
601,14:07:15,11.11,--,22,24442,卖盘
602,14:07:09,11.11,-0.01,13,14443,卖盘
603,14:07:06,11.12,--,5,5560,买盘
604,14:07:03,11.12,--,7,7783,买盘
605,14:07:00,11.12,--,34,37808,买盘
606,14:06:57,11.12,--,34,37808,买盘
607,14:06:51,11.12,--,5,5560,买盘
608,14:06:39,11.12,0.01,11,12232,买盘
609,14:06:36,11.11,-0.01,35,38885,卖盘
610,14:06:33,11.12,0.01,71,78952,买盘
611,14:06:30,11.11,-0.01,1,1111,卖盘
612,14:06:27,11.12,0.01,31,34472,买盘
613,14:06:24,11.11,-0.01,1,1111,卖盘
614,14:06:21,11.12,--,65,72280,买盘
615,14:06:18,11.12,--,2,2224,买盘
616,14:06:12,11.12,0.01,1,1112,买盘
617,14:06:06,11.11,--,13,14443,卖盘
618,14:06:03,11.11,-0.01,29,32219,卖盘
619,14:06:00,11.12,--,2,2224,买盘
620,14:05:57,11.12,--,254,282448,买盘
621,14:05:48,11.12,--,10,11120,买盘
622,14:05:45,11.12,0.01,20,22240,买盘
623,14:05:39,11.11,-0.01,11,12221,卖盘
624,14:05:36,11.12,0.01,48,53375,买盘
625,14:05:30,11.11,-0.01,15,16665,卖盘
626,14:05:27,11.12,--,48,53375,买盘
627,14:05:21,11.12,--,103,114535,买盘
628,14:05:18,11.12,--,8,8896,买盘
629,14:05:15,11.12,0.01,10,11120,买盘
630,14:05:09,11.11,--,1,1111,卖盘
631,14:05:03,11.11,-0.01,55,61105,卖盘
632,14:04:57,11.12,0.01,30,33360,买盘
633,14:04:51,11.11,--,1,1111,卖盘
634,14:04:48,11.11,-0.01,0,644,卖盘
635,14:04:45,11.12,--,32,35584,买盘
636,14:04:42,11.12,--,7,7783,买盘
637,14:04:39,11.12,--,20,22240,买盘
638,14:04:36,11.12,0.01,7,7783,买盘
639,14:04:33,11.11,-0.01,13,14443,卖盘
640,14:04:27,11.12,--,66,73392,买盘
641,14:04:24,11.12,--,19,21128,买盘
642,14:04:21,11.12,--,56,62271,买盘
643,14:04:18,11.12,--,5,5560,买盘
644,14:04:15,11.12,--,11,12232,买盘
645,14:04:12,11.12,--,32,35584,买盘
646,14:04:09,11.12,0.01,13,14455,买盘
647,14:04:03,11.11,-0.01,20,22220,卖盘
648,14:03:57,11.12,0.01,15,16680,买盘
649,14:03:48,11.11,-0.01,7,7777,卖盘
650,14:03:39,11.12,--,17,18904,买盘
651,14:03:27,11.12,--,315,350280,买盘
652,14:03:21,11.12,--,69,76728,买盘
653,14:03:18,11.12,--,100,111199,买盘
654,14:03:12,11.12,--,4,4448,买盘
655,14:03:09,11.12,0.01,26,28911,买盘
656,14:03:06,11.11,-0.01,9,9999,卖盘
657,14:03:03,11.12,0.01,11,12232,买盘
658,14:03:00,11.11,-0.01,10,11110,卖盘
659,14:02:57,11.12,--,47,52263,买盘
660,14:02:54,11.12,--,2,2224,买盘
661,14:02:39,11.12,--,20,22240,买盘
662,14:02:36,11.12,--,50,55599,买盘
663,14:02:30,11.12,--,8,8896,买盘
664,14:02:27,11.12,-0.01,130,144560,卖盘
665,14:02:24,11.13,--,1,1113,买盘
666,14:02:21,11.13,0.01,90,100170,买盘
667,14:02:15,11.12,-0.01,5,5560,卖盘
668,14:02:12,11.13,0.01,48,53424,买盘
669,14:02:09,11.12,-0.01,113,125655,卖盘
670,14:02:06,11.13,--,4,4452,买盘
671,14:02:03,11.13,--,7,7791,买盘
672,14:01:57,11.13,0.01,37,41181,买盘
673,14:01:48,11.12,--,31,34472,卖盘
674,14:01:45,11.12,--,7,7783,卖盘
675,14:01:33,11.12,-0.01,46,51152,中性盘
676,14:01:27,11.13,--,26,28938,买盘
677,14:01:21,11.13,0.01,86,95718,买盘
678,14:01:18,11.12,--,20,22240,卖盘
679,14:01:15,11.12,--,16,17792,买盘
680,14:01:12,11.12,0.01,75,83400,买盘
681,14:01:06,11.11,-0.01,24,26664,卖盘
682,14:01:03,11.12,0.01,7,7783,买盘
683,14:00:57,11.11,--,28,31108,卖盘
684,14:00:51,11.11,-0.02,20,22220,卖盘
685,14:00:42,11.13,0.02,300,333900,买盘
686,14:00:39,11.11,--,32,35552,卖盘
687,14:00:36,11.11,--,896,995456,卖盘
688,14:00:33,11.11,--,7,7777,卖盘
689,14:00:27,11.11,-0.01,65,72215,卖盘
690,14:00:24,11.12,--,21,23352,买盘
691,14:00:21,11.12,0.01,60,66720,买盘
692,14:00:18,11.11,--,31,34441,卖盘
693,14:00:15,11.11,-0.01,47,52217,卖盘
694,14:00:09,11.12,0.02,346,384752,买盘
695,14:00:06,11.1,-0.01,14,15540,卖盘
696,14:00:03,11.11,0.01,7,7777,买盘
697,14:00:00,11.1,-0.01,10,11100,卖盘
698,13:59:54,11.11,0.01,20,22220,买盘
699,13:59:45,11.1,-0.01,1,1110,卖盘
700,13:59:42,11.11,--,10,11110,买盘
701,13:59:36,11.11,--,18,19998,买盘
702,13:59:21,11.11,--,64,71104,买盘
703,13:59:18,11.11,0.01,178,197758,买盘
704,13:59:15,11.1,--,15,16650,卖盘
705,13:59:12,11.1,--,49,54390,卖盘
706,13:59:09,11.1,-0.01,54,59940,卖盘
707,13:59:06,11.11,--,16,17776,买盘
708,13:59:03,11.11,0.01,21,23331,买盘
709,13:59:00,11.1,-0.01,2,2220,卖盘
710,13:58:57,11.11,0.01,30,33330,买盘
711,13:58:54,11.1,-0.01,201,223110,卖盘
712,13:58:51,11.11,--,5,5555,买盘
713,13:58:33,11.11,0.01,166,184426,买盘
714,13:58:30,11.1,-0.01,8,8880,卖盘
715,13:58:21,11.11,--,58,64438,买盘
716,13:58:03,11.11,--,8,8888,买盘
717,13:58:00,11.11,0.01,2,2222,买盘
718,13:57:54,11.1,-0.01,3,3330,卖盘
719,13:57:48,11.11,--,78,86658,买盘
720,13:57:39,11.11,--,21,23331,买盘
721,13:57:33,11.11,0.01,41,45551,买盘
722,13:57:30,11.1,-0.01,54,59940,卖盘
723,13:57:21,11.11,0.01,54,59994,买盘
724,13:57:15,11.1,-0.01,32,35520,卖盘
725,13:57:12,11.11,0.01,18,19998,买盘
726,13:57:09,11.1,-0.01,1,1110,卖盘
727,13:57:06,11.11,--,6,6666,买盘
728,13:57:03,11.11,--,131,145541,买盘
729,13:56:51,11.11,--,2,2222,买盘
730,13:56:48,11.11,--,10,11110,买盘
731,13:56:45,11.11,--,7,7777,买盘
732,13:56:42,11.11,--,93,103323,买盘
733,13:56:36,11.11,--,7,7777,买盘
734,13:56:33,11.11,--,97,107767,买盘
735,13:56:30,11.11,--,51,56661,买盘
736,13:56:27,11.11,--,48,53328,买盘
737,13:56:21,11.11,--,58,64438,买盘
738,13:56:18,11.11,--,90,99990,买盘
739,13:56:12,11.11,0.01,48,53328,买盘
740,13:56:09,11.1,-0.01,4,4440,卖盘
741,13:56:03,11.11,--,7,7777,买盘
742,13:55:57,11.11,0.01,166,184426,买盘
743,13:55:48,11.1,-0.01,1,1110,卖盘
744,13:55:45,11.11,--,4,4444,买盘
745,13:55:33,11.11,0.01,234,259974,买盘
746,13:55:30,11.1,-0.01,30,33300,卖盘
747,13:55:27,11.11,--,59,65549,买盘
748,13:55:21,11.11,0.01,60,66660,买盘
749,13:55:15,11.1,--,30,33300,卖盘
750,13:55:03,11.1,--,8,8880,卖盘
751,13:55:00,11.1,-0.01,30,33300,卖盘
752,13:54:57,11.11,0.01,59,65549,买盘
753,13:54:51,11.1,--,306,339882,买盘
754,13:54:48,11.1,--,201,223110,买盘
755,13:54:45,11.1,--,167,185370,买盘
756,13:54:39,11.1,--,10,11100,买盘
757,13:54:33,11.1,--,41,45510,买盘
758,13:54:30,11.1,--,3,3330,买盘
759,13:54:27,11.1,--,101,112110,买盘
760,13:54:21,11.1,--,181,200910,买盘
761,13:54:18,11.1,--,4,4440,买盘
762,13:54:09,11.1,0.01,70,77700,买盘
763,13:54:06,11.09,-0.01,1,1109,卖盘
764,13:54:03,11.1,--,121,134310,买盘
765,13:53:57,11.1,--,59,65490,买盘
766,13:53:51,11.1,--,57,63270,买盘
767,13:53:45,11.1,--,2,2220,买盘
768,13:53:33,11.1,--,40,44400,买盘
769,13:53:30,11.1,--,10,11100,买盘
770,13:53:27,11.1,--,76,84360,买盘
771,13:53:21,11.1,--,51,56610,买盘
772,13:53:18,11.1,0.01,121,134310,买盘
773,13:53:09,11.09,-0.01,41,45469,卖盘
774,13:53:03,11.1,--,22,24420,买盘
775,13:52:57,11.1,0.01,59,65490,买盘
776,13:52:48,11.09,-0.01,1,1109,卖盘
777,13:52:45,11.1,0.01,16,17760,买盘
778,13:52:42,11.09,-0.01,1,1109,卖盘
779,13:52:39,11.1,0.01,77,85470,买盘
780,13:52:36,11.09,-0.01,5,5545,卖盘
781,13:52:33,11.1,--,223,247530,买盘
782,13:52:27,11.1,--,59,65490,买盘
783,13:52:21,11.1,--,54,59940,买盘
784,13:52:09,11.1,--,38,42180,买盘
785,13:52:06,11.1,0.01,34,37740,买盘
786,13:52:03,11.09,-0.01,7,7763,中性盘
787,13:51:57,11.1,--,59,65490,买盘
788,13:51:48,11.1,0.01,84,93240,买盘
789,13:51:36,11.09,--,16,17744,买盘
790,13:51:33,11.09,--,41,45469,买盘
791,13:51:27,11.09,--,90,99810,买盘
792,13:51:21,11.09,0.01,66,73194,买盘
793,13:51:06,11.08,-0.01,33,36564,卖盘
794,13:51:03,11.09,--,60,66540,买盘
795,13:50:54,11.09,--,15,16635,买盘
796,13:50:48,11.09,--,32,35488,买盘
797,13:50:42,11.09,--,4,4436,卖盘
798,13:50:36,11.09,--,6,6654,买盘
799,13:50:33,11.09,0.01,34,37706,买盘
800,13:50:30,11.08,-0.02,1,1108,卖盘
801,13:50:21,11.1,0.01,69,76590,买盘
802,13:50:18,11.09,--,122,135298,买盘
803,13:50:15,11.09,0.01,13,14417,买盘
804,13:50:12,11.08,-0.01,27,29916,卖盘
805,13:50:03,11.09,--,7,7763,买盘
806,13:50:00,11.09,--,32,35488,买盘
807,13:49:57,11.09,--,37,41033,买盘
808,13:49:48,11.09,--,1,1109,买盘
809,13:49:42,11.09,--,120,133080,买盘
810,13:49:39,11.09,--,128,141952,买盘
811,13:49:33,11.09,0.01,61,67649,买盘
812,13:49:30,11.08,-0.01,1,1108,卖盘
813,13:49:27,11.09,--,7,7763,买盘
814,13:49:21,11.09,0.01,56,62104,买盘
815,13:49:09,11.08,--,30,33240,买盘
816,13:49:03,11.08,--,12,13296,买盘
817,13:48:57,11.08,-0.01,34,37672,卖盘
818,13:48:54,11.09,--,40,44360,买盘
819,13:48:48,11.09,0.01,73,80957,买盘
820,13:48:45,11.08,-0.01,1,1108,卖盘
821,13:48:33,11.09,0.02,28,31052,买盘
822,13:48:30,11.07,-0.01,8,8856,卖盘
823,13:48:24,11.08,-0.01,2,2216,卖盘
824,13:48:21,11.09,0.01,59,65431,买盘
825,13:48:18,11.08,--,10,11080,卖盘
826,13:48:09,11.08,--,10,11080,买盘
827,13:48:06,11.08,-0.01,96,106368,卖盘
828,13:48:03,11.09,0.01,108,119772,买盘
829,13:47:57,11.08,-0.01,1,1108,卖盘
830,13:47:54,11.09,0.01,36,39924,买盘
831,13:47:48,11.08,-0.01,150,166200,卖盘
832,13:47:39,11.09,0.01,16,17744,买盘
833,13:47:33,11.08,-0.01,5,5540,中性盘
834,13:47:21,11.09,0.01,62,68758,买盘
835,13:47:18,11.08,--,194,214952,买盘
836,13:47:12,11.08,0.01,2,2216,买盘
837,13:47:09,11.07,-0.02,1,1107,卖盘
838,13:47:03,11.09,0.02,7,7763,买盘
839,13:46:57,11.07,-0.02,8,8856,卖盘
840,13:46:54,11.09,--,36,39924,买盘
841,13:46:48,11.09,0.02,5,5545,买盘
842,13:46:45,11.07,-0.02,400,442800,卖盘
843,13:46:36,11.09,--,16,17744,买盘
844,13:46:33,11.09,0.01,73,80957,买盘
845,13:46:27,11.08,--,100,110800,卖盘
846,13:46:24,11.08,-0.01,17,18836,卖盘
847,13:46:21,11.09,--,58,64322,买盘
848,13:46:03,11.09,--,6,6654,买盘
849,13:45:54,11.09,--,36,39924,买盘
850,13:45:48,11.09,--,70,77630,买盘
851,13:45:33,11.09,0.01,12,13308,买盘
852,13:45:27,11.08,-0.01,55,60940,卖盘
853,13:45:21,11.09,0.01,51,56559,买盘
854,13:45:18,11.08,-0.01,32,35456,卖盘
855,13:45:12,11.09,--,36,39924,买盘
856,13:45:06,11.09,--,16,17744,买盘
857,13:45:03,11.09,--,75,83175,买盘
858,13:44:54,11.09,0.01,37,41033,买盘
859,13:44:51,11.08,-0.01,4,4432,卖盘
860,13:44:45,11.09,0.01,18,19962,买盘
861,13:44:42,11.08,-0.01,11,12188,卖盘
862,13:44:36,11.09,--,31,34379,买盘
863,13:44:30,11.09,0.02,7,7763,买盘
864,13:44:24,11.07,-0.02,15,16605,卖盘
865,13:44:21,11.09,--,64,70976,买盘
866,13:44:18,11.09,0.01,151,167459,买盘
867,13:44:15,11.08,--,200,221600,买盘
868,13:44:12,11.08,--,47,52076,买盘
869,13:44:03,11.08,--,35,38780,买盘
870,13:43:54,11.08,--,36,39888,买盘
871,13:43:42,11.08,--,2,2216,买盘
872,13:43:36,11.08,--,17,18836,买盘
873,13:43:33,11.08,0.01,205,227140,买盘
874,13:43:30,11.07,-0.01,17,18819,卖盘
875,13:43:24,11.08,--,350,387800,买盘
876,13:43:21,11.08,--,66,73128,买盘
877,13:43:18,11.08,0.01,1,1108,买盘
878,13:43:06,11.07,-0.01,10,11070,卖盘
879,13:43:03,11.08,--,6,6648,买盘
880,13:42:54,11.08,0.01,53,58724,买盘
881,13:42:51,11.07,-0.01,1,1107,卖盘
882,13:42:48,11.08,--,82,90856,买盘
883,13:42:42,11.08,--,49,54292,买盘
884,13:42:36,11.08,--,74,81992,买盘
885,13:42:33,11.08,--,42,46536,买盘
886,13:42:21,11.08,0.01,52,57616,买盘
887,13:42:18,11.07,--,1,1107,卖盘
888,13:42:12,11.07,-0.01,4,4428,卖盘
889,13:42:09,11.08,--,17,18836,买盘
890,13:42:03,11.08,0.01,71,78668,买盘
891,13:42:00,11.07,-0.01,9,9963,卖盘
892,13:41:54,11.08,--,36,39888,买盘
893,13:41:51,11.08,0.01,17,18836,买盘
894,13:41:48,11.07,-0.01,1,1107,卖盘
895,13:41:45,11.08,0.01,5,5540,买盘
896,13:41:42,11.07,-0.01,1,1107,卖盘
897,13:41:33,11.08,--,42,46536,买盘
898,13:41:21,11.08,0.01,72,79776,买盘
899,13:41:18,11.07,--,54,59778,卖盘
900,13:41:09,11.07,-0.01,5,5535,卖盘
901,13:41:03,11.08,--,6,6648,买盘
902,13:40:54,11.08,0.01,36,39888,买盘
903,13:40:51,11.07,--,30,33210,卖盘
904,13:40:39,11.07,-0.01,8,8856,卖盘
905,13:40:36,11.08,--,1,1108,买盘
906,13:40:33,11.08,0.01,132,146256,买盘
907,13:40:30,11.07,--,64,70848,卖盘
908,13:40:27,11.07,-0.01,1,1107,卖盘
909,13:40:24,11.08,--,1,1108,买盘
910,13:40:21,11.08,0.01,58,64264,买盘
911,13:40:15,11.07,--,21,23247,卖盘
912,13:40:12,11.07,--,15,16605,卖盘
913,13:40:09,11.07,--,30,33210,卖盘
914,13:40:06,11.07,-0.01,32,35424,卖盘
915,13:40:03,11.08,0.01,7,7756,买盘
916,13:40:00,11.07,-0.01,4,4428,卖盘
917,13:39:54,11.08,--,36,39888,买盘
918,13:39:48,11.08,0.01,43,47644,买盘
919,13:39:45,11.07,--,17,18819,卖盘
920,13:39:42,11.07,-0.01,8,8856,卖盘
921,13:39:33,11.08,--,41,45428,买盘
922,13:39:21,11.08,0.02,51,56508,买盘
923,13:39:09,11.06,-0.02,7,7742,卖盘
924,13:39:03,11.08,--,102,113016,买盘
925,13:38:57,11.08,0.01,11,12188,买盘
926,13:38:54,11.07,0.01,36,39852,买盘
927,13:38:48,11.06,--,5,5530,卖盘
928,13:38:42,11.06,--,1,1106,卖盘
929,13:38:39,11.06,-0.01,8,8848,卖盘
930,13:38:33,11.07,--,42,46494,买盘
931,13:38:27,11.07,--,115,127305,买盘
932,13:38:24,11.07,-0.01,12,13284,卖盘
933,13:38:21,11.08,--,53,58724,买盘
934,13:38:18,11.08,--,42,46536,买盘
935,13:38:03,11.08,0.02,6,6648,买盘
936,13:38:00,11.06,-0.02,32,35392,卖盘
937,13:37:57,11.08,--,25,27700,买盘
938,13:37:54,11.08,0.01,53,58724,买盘
939,13:37:48,11.07,--,10,11070,卖盘
940,13:37:42,11.07,-0.01,1,1107,卖盘
941,13:37:33,11.08,--,76,84208,买盘
942,13:37:30,11.08,--,16,17728,买盘
943,13:37:27,11.08,--,15,16620,买盘
944,13:37:21,11.08,0.02,67,74236,买盘
945,13:37:12,11.06,-0.01,1,1106,卖盘
946,13:37:09,11.07,--,18,19926,卖盘
947,13:37:06,11.07,-0.01,28,30996,卖盘
948,13:37:03,11.08,--,7,7756,买盘
949,13:37:00,11.08,--,5,5540,买盘
950,13:36:57,11.08,--,15,16620,买盘
951,13:36:54,11.08,--,1,1108,买盘
952,13:36:51,11.08,--,52,57616,买盘
953,13:36:48,11.08,0.01,59,65372,买盘
954,13:36:33,11.07,--,39,43173,买盘
955,13:36:27,11.07,--,15,16605,买盘
956,13:36:24,11.07,-0.01,25,27675,卖盘
957,13:36:21,11.08,--,64,70912,买盘
958,13:36:09,11.08,--,28,31024,买盘
959,13:36:03,11.08,0.01,97,107476,买盘
960,13:36:00,11.07,-0.01,9,9963,卖盘
961,13:35:57,11.08,--,47,52076,买盘
962,13:35:51,11.08,0.01,39,43212,买盘
963,13:35:48,11.07,--,44,48708,卖盘
964,13:35:39,11.07,--,1,1107,卖盘
965,13:35:36,11.07,--,26,28782,卖盘
966,13:35:33,11.07,--,27,29889,买盘
967,13:35:30,11.07,--,8,8856,买盘
968,13:35:27,11.07,-0.01,15,16605,中性盘
969,13:35:21,11.08,--,56,62048,买盘
970,13:35:18,11.08,0.02,34,37672,买盘
971,13:35:09,11.06,-0.01,8,8848,卖盘
972,13:35:03,11.07,--,7,7749,买盘
973,13:34:57,11.07,--,15,16605,买盘
974,13:34:51,11.07,--,45,49815,买盘
975,13:34:48,11.07,0.01,3,3321,卖盘
976,13:34:45,11.06,-0.02,2,2212,卖盘
977,13:34:39,11.08,0.01,17,18836,买盘
978,13:34:36,11.07,--,5,5535,买盘
979,13:34:33,11.07,--,80,88560,买盘
980,13:34:27,11.07,0.01,15,16605,买盘
981,13:34:21,11.06,--,98,108388,卖盘
982,13:34:18,11.06,--,7,7742,卖盘
983,13:34:06,11.06,-0.02,1,1106,卖盘
984,13:34:03,11.08,--,47,52076,买盘
985,13:33:57,11.08,--,15,16620,买盘
986,13:33:51,11.08,--,52,57616,买盘
987,13:33:48,11.08,0.01,97,107476,买盘
988,13:33:42,11.07,--,73,80811,卖盘
989,13:33:39,11.07,-0.01,1,1107,卖盘
990,13:33:33,11.08,--,30,33240,买盘
991,13:33:27,11.08,0.01,25,27700,买盘
992,13:33:24,11.07,--,6,6642,卖盘
993,13:33:21,11.07,--,84,92988,卖盘
994,13:33:12,11.07,--,50,55350,卖盘
995,13:33:09,11.07,--,7,7749,卖盘
996,13:33:06,11.07,-0.01,9,9963,卖盘
997,13:33:03,11.08,0.01,201,222708,买盘
998,13:33:00,11.07,-0.01,12,13284,卖盘
999,13:32:57,11.08,--,15,16620,买盘
1000,13:32:51,11.08,--,36,39888,买盘
1001,13:32:48,11.08,--,1,1108,买盘
1002,13:32:45,11.08,0.01,37,40996,买盘
1003,13:32:36,11.07,-0.01,13,14391,卖盘
1004,13:32:33,11.08,--,42,46536,买盘
1005,13:32:27,11.08,0.01,15,16620,买盘
1006,13:32:24,11.07,-0.01,8,8856,卖盘
1007,13:32:21,11.08,-0.01,61,67588,买盘
1008,13:32:18,11.09,0.01,523,580007,买盘
1009,13:32:15,11.08,--,16,17728,卖盘
1010,13:32:12,11.08,--,60,66480,卖盘
1011,13:32:03,11.08,--,57,63156,卖盘
1012,13:31:57,11.08,--,27,29916,卖盘
1013,13:31:54,11.08,--,10,11080,卖盘
1014,13:31:51,11.08,--,271,300268,买盘
1015,13:31:42,11.08,0.01,1,1108,买盘
1016,13:31:39,11.07,--,7,7749,卖盘
1017,13:31:36,11.07,-0.01,38,42066,卖盘
1018,13:31:33,11.08,0.01,212,234896,买盘
1019,13:31:30,11.07,-0.01,320,354240,卖盘
1020,13:31:27,11.08,--,29,32132,买盘
1021,13:31:21,11.08,0.01,59,65372,买盘
1022,13:31:09,11.07,--,34,37638,卖盘
1023,13:31:06,11.07,--,2,2214,卖盘
1024,13:31:03,11.07,-0.01,7,7749,卖盘
1025,13:31:00,11.08,--,5,5540,买盘
1026,13:30:57,11.08,--,15,16620,买盘
1027,13:30:51,11.08,--,41,45428,买盘
1028,13:30:48,11.08,--,81,89748,买盘
1029,13:30:45,11.08,0.01,10,11080,买盘
1030,13:30:39,11.07,--,9,9963,卖盘
1031,13:30:30,11.07,--,6,6642,卖盘
1032,13:30:24,11.07,-0.01,20,22140,卖盘
1033,13:30:21,11.08,0.01,73,80884,买盘
1034,13:30:18,11.07,--,10,11070,卖盘
1035,13:30:12,11.07,--,87,96309,买盘
1036,13:30:09,11.07,--,10,11070,买盘
1037,13:30:03,11.07,0.01,84,92988,买盘
1038,13:30:00,11.06,-0.01,9,9954,中性盘
1039,13:29:54,11.07,--,14,15498,买盘
1040,13:29:51,11.07,-0.01,69,76383,卖盘
1041,13:29:45,11.08,--,16,17728,买盘
1042,13:29:39,11.08,0.01,6,6648,买盘
1043,13:29:36,11.07,-0.01,1,1107,中性盘
1044,13:29:24,11.08,--,26,28808,买盘
1045,13:29:21,11.08,--,62,68696,买盘
1046,13:29:18,11.08,0.02,245,271460,买盘
1047,13:29:15,11.06,-0.01,78,86268,卖盘
1048,13:29:12,11.07,--,18,19926,买盘
1049,13:29:06,11.07,--,83,91881,买盘
1050,13:29:03,11.07,0.01,7,7749,买盘
1051,13:28:57,11.06,--,43,47558,买盘
1052,13:28:54,11.06,-0.01,37,40922,中性盘
1053,13:28:48,11.07,0.01,19,21033,买盘
1054,13:28:45,11.06,-0.01,10,11060,买盘
1055,13:28:39,11.07,--,439,485973,买盘
1056,13:28:33,11.07,0.02,233,257931,买盘
1057,13:28:30,11.05,-0.02,5,5525,中性盘
1058,13:28:21,11.07,--,91,100737,买盘
1059,13:28:18,11.07,0.01,23,25461,买盘
1060,13:28:09,11.06,--,5,5530,卖盘
1061,13:28:06,11.06,--,507,560742,买盘
1062,13:28:03,11.06,0.01,6,6636,买盘
1063,13:27:57,11.05,--,61,68399,买盘
1064,13:27:54,11.05,--,1,1105,买盘
1065,13:27:48,11.05,0.01,41,45305,买盘
1066,13:27:45,11.04,-0.02,69,76286,卖盘
1067,13:27:27,11.06,0.02,25,27650,买盘
1068,13:27:24,11.04,-0.02,1,1104,卖盘
1069,13:27:21,11.06,0.01,20,22120,买盘
1070,13:27:03,11.05,0.01,223,246415,买盘
1071,13:27:00,11.04,--,15,16560,卖盘
1072,13:26:57,11.04,--,4,5409,卖盘
1073,13:26:54,11.04,-0.01,50,55199,卖盘
1074,13:26:48,11.05,--,41,45305,买盘
1075,13:26:45,11.05,0.01,26,28730,买盘
1076,13:26:39,11.04,-0.01,48,52991,卖盘
1077,13:26:27,11.05,--,18,19890,卖盘
1078,13:26:24,11.05,--,10,11050,卖盘
1079,13:26:21,11.05,--,435,480675,买盘
1080,13:26:18,11.05,0.01,50,55250,买盘
1081,13:26:12,11.04,-0.01,9,9936,卖盘
1082,13:26:06,11.05,0.01,13,14365,买盘
1083,13:26:03,11.04,0.02,24,26495,买盘
1084,13:25:57,11.02,--,5,5510,卖盘
1085,13:25:54,11.02,-0.02,14,15428,卖盘
1086,13:25:51,11.04,--,50,55199,买盘
1087,13:25:48,11.04,--,36,39744,买盘
1088,13:25:33,11.04,0.02,152,167808,买盘
1089,13:25:27,11.02,-0.01,58,64731,卖盘
1090,13:25:24,11.03,--,238,262514,买盘
1091,13:25:21,11.03,0.02,14,15442,买盘
1092,13:25:06,11.01,-0.02,32,35232,卖盘
1093,13:25:03,11.03,0.02,110,121330,买盘
1094,13:25:00,11.01,-0.01,4,4404,中性盘
1095,13:24:48,11.02,0.01,84,92568,买盘
1096,13:24:45,11.01,0.02,106,116706,买盘
1097,13:24:33,10.99,-0.01,5,5495,卖盘
1098,13:24:21,11.0,--,14,15400,买盘
1099,13:24:15,11.0,--,62,68200,买盘
1100,13:24:12,11.0,--,8,8800,买盘
1101,13:24:09,11.0,--,16,17600,买盘
1102,13:24:06,11.0,--,33,36300,买盘
1103,13:24:03,11.0,0.01,92,101200,买盘
1104,13:23:51,10.99,--,28,30772,买盘
1105,13:23:48,10.99,-0.01,112,123088,卖盘
1106,13:23:45,11.0,0.01,62,68200,买盘
1107,13:23:36,10.99,-0.01,30,32970,卖盘
1108,13:23:27,11.0,0.01,27,29700,买盘
1109,13:23:21,10.99,-0.01,1,1099,卖盘
1110,13:23:18,11.0,--,88,96800,买盘
1111,13:23:15,11.0,0.01,62,68200,买盘
1112,13:23:09,10.99,-0.01,32,35168,卖盘
1113,13:23:03,11.0,--,7,7700,买盘
1114,13:22:48,11.0,--,36,39600,买盘
1115,13:22:45,11.0,0.01,62,68200,买盘
1116,13:22:36,10.99,-0.01,51,56049,卖盘
1117,13:22:33,11.0,0.01,59,64900,买盘
1118,13:22:30,10.99,-0.01,5,5495,卖盘
1119,13:22:15,11.0,0.01,62,68200,买盘
1120,13:22:09,10.99,-0.01,8,8792,卖盘
1121,13:22:06,11.0,--,26,28600,买盘
1122,13:22:03,11.0,--,7,7700,买盘
1123,13:21:54,11.0,--,2,2200,买盘
1124,13:21:51,11.0,--,2,2200,买盘
1125,13:21:48,11.0,--,228,250800,买盘
1126,13:21:45,11.0,0.02,178,196493,买盘
1127,13:21:36,10.98,--,7,7686,卖盘
1128,13:21:21,10.98,-0.02,32,35136,卖盘
1129,13:21:15,11.0,0.01,62,68200,买盘
1130,13:21:12,10.99,-0.01,277,304423,卖盘
1131,13:21:03,11.0,--,60,66000,买盘
1132,13:20:57,11.0,--,5,5500,买盘
1133,13:20:54,11.0,-0.02,45,49500,卖盘
1134,13:20:48,11.02,--,23,25346,买盘
1135,13:20:45,11.02,0.02,78,85956,买盘
1136,13:20:21,11.0,-0.02,9,9900,中性盘
1137,13:20:18,11.02,--,117,128934,买盘
1138,13:20:15,11.02,0.02,62,68324,买盘
1139,13:20:12,11.0,--,10,11000,买盘
1140,13:20:09,11.0,-0.02,67,73700,卖盘
1141,13:20:03,11.02,0.02,7,7714,买盘
1142,13:20:00,11.0,-0.02,7,7700,卖盘
1143,13:19:48,11.02,--,36,39672,买盘
1144,13:19:45,11.02,0.02,62,68324,买盘
1145,13:19:36,11.0,-0.02,1,1100,卖盘
1146,13:19:33,11.02,0.02,268,295336,买盘
1147,13:19:30,11.0,-0.01,10,11000,卖盘
1148,13:19:27,11.01,0.01,26,28626,买盘
1149,13:19:18,11.0,-0.01,233,256300,卖盘
1150,13:19:03,11.01,--,6,6606,买盘
1151,13:18:54,11.01,--,85,93585,卖盘
1152,13:18:51,11.01,-0.01,81,89181,卖盘
1153,13:18:48,11.02,0.01,92,101384,买盘
1154,13:18:39,11.01,-0.01,7,7707,卖盘
1155,13:18:30,11.02,0.01,6,6612,买盘
1156,13:18:27,11.01,--,20,22020,卖盘
1157,13:18:24,11.01,-0.01,5,5505,卖盘
1158,13:18:09,11.02,--,1,1102,买盘
1159,13:18:06,11.02,--,34,37468,卖盘
1160,13:18:03,11.02,-0.01,41,45182,卖盘
1161,13:17:48,11.03,0.01,36,39708,买盘
1162,13:17:33,11.02,--,26,28652,卖盘
1163,13:17:27,11.02,-0.01,10,11020,卖盘
1164,13:17:18,11.03,0.01,54,59562,买盘
1165,13:17:15,11.02,--,1,1102,卖盘
1166,13:17:12,11.02,--,33,36366,卖盘
1167,13:17:03,11.02,-0.01,41,45182,卖盘
1168,13:16:57,11.03,--,6,6618,买盘
1169,13:16:48,11.03,0.01,62,68386,买盘
1170,13:16:45,11.02,--,6,6612,卖盘
1171,13:16:42,11.02,-0.01,9,9918,卖盘
1172,13:16:33,11.03,0.01,90,99270,买盘
1173,13:16:18,11.02,-0.01,3,3306,中性盘
1174,13:16:09,11.03,0.02,52,57356,买盘
1175,13:16:06,11.01,-0.02,30,33030,卖盘
1176,13:16:03,11.03,0.02,6,6618,买盘
1177,13:15:57,11.01,--,7,7707,卖盘
1178,13:15:51,11.01,-0.01,119,131019,卖盘
1179,13:15:48,11.02,0.01,44,48488,买盘
1180,13:15:36,11.01,--,1,1101,卖盘
1181,13:15:27,11.01,--,3,3303,卖盘
1182,13:15:12,11.01,-0.02,12,13212,卖盘
1183,13:15:03,11.03,0.01,42,46326,买盘
1184,13:15:00,11.02,0.01,5,5510,买盘
1185,13:14:51,11.01,--,32,35232,卖盘
1186,13:14:48,11.01,--,38,41838,卖盘
1187,13:14:45,11.01,-0.01,10,11010,卖盘
1188,13:14:42,11.02,--,1,1102,买盘
1189,13:14:27,11.02,--,17,18734,买盘
1190,13:14:18,11.02,0.01,57,62814,买盘
1191,13:14:09,11.01,--,1,1101,卖盘
1192,13:14:06,11.01,-0.01,5,5505,卖盘
1193,13:14:03,11.02,--,6,6612,买盘
1194,13:14:00,11.02,0.01,4,4408,买盘
1195,13:13:57,11.01,-0.01,10,11010,卖盘
1196,13:13:54,11.02,--,21,23142,卖盘
1197,13:13:51,11.02,--,31,34162,买盘
1198,13:13:48,11.02,--,36,39672,买盘
1199,13:13:45,11.02,--,46,50692,买盘
1200,13:13:39,11.02,--,11,12122,买盘
1201,13:13:33,11.02,--,36,39672,买盘
1202,13:13:27,11.02,--,30,33060,买盘
1203,13:13:03,11.02,--,7,7714,买盘
1204,13:13:00,11.02,0.01,6,6612,买盘
1205,13:12:57,11.01,--,29,31929,买盘
1206,13:12:51,11.01,-0.01,36,39636,中性盘
1207,13:12:48,11.02,--,8,8816,买盘
1208,13:12:42,11.02,--,18,19836,买盘
1209,13:12:03,11.02,0.02,119,131138,买盘
1210,13:12:00,11.0,-0.02,87,95700,卖盘
1211,13:11:54,11.02,--,150,165300,买盘
1212,13:11:51,11.02,--,16,17632,买盘
1213,13:11:48,11.02,0.02,37,40774,买盘
1214,13:11:42,11.0,-0.02,34,37400,卖盘
1215,13:11:39,11.02,0.02,11,12122,买盘
1216,13:11:36,11.0,-0.02,1,1100,卖盘
1217,13:11:18,11.02,0.02,159,175218,买盘
1218,13:11:15,11.0,--,106,116600,卖盘
1219,13:11:09,11.0,-0.01,13,14300,卖盘
1220,13:11:06,11.01,--,76,83676,卖盘
1221,13:11:03,11.01,0.01,136,149736,买盘
1222,13:10:54,11.0,--,50,55000,卖盘
1223,13:10:48,11.0,-0.01,50,55000,卖盘
1224,13:10:45,11.01,0.01,36,39636,买盘
1225,13:10:39,11.0,-0.01,10,11000,卖盘
1226,13:10:33,11.01,0.01,33,36333,买盘
1227,13:10:30,11.0,--,28,30800,卖盘
1228,13:10:21,11.0,--,15,16500,卖盘
1229,13:10:15,11.0,--,1,1100,卖盘
1230,13:10:12,11.0,-0.01,9,9900,卖盘
1231,13:10:03,11.01,--,7,7707,买盘
1232,13:09:57,11.01,0.01,2,2202,买盘
1233,13:09:51,11.0,-0.01,1,1100,卖盘
1234,13:09:48,11.01,--,80,88080,买盘
1235,13:09:24,11.01,--,65,71565,买盘
1236,13:09:09,11.01,--,17,18717,买盘
1237,13:09:06,11.01,-0.01,44,48444,卖盘
1238,13:09:03,11.02,--,47,51794,买盘
1239,13:09:00,11.02,0.01,6,6612,买盘
1240,13:08:48,11.01,--,43,47343,卖盘
1241,13:08:42,11.01,--,6,6606,卖盘
1242,13:08:36,11.01,--,9,9909,卖盘
1243,13:08:33,11.01,--,1,1101,卖盘
1244,13:08:27,11.01,0.01,49,53949,买盘
1245,13:08:24,11.0,-0.02,10,11000,卖盘
1246,13:08:18,11.02,0.01,57,62814,买盘
1247,13:08:06,11.01,--,86,94686,买盘
1248,13:08:03,11.01,-0.01,7,7707,买盘
1249,13:07:48,11.02,0.02,36,39672,买盘
1250,13:07:39,11.0,-0.01,32,35200,卖盘
1251,13:07:33,11.01,--,135,148635,卖盘
1252,13:07:24,11.01,--,6,6606,卖盘
1253,13:07:21,11.01,--,24,26424,卖盘
1254,13:07:12,11.01,-0.01,300,330300,卖盘
1255,13:07:03,11.02,--,7,7714,买盘
1256,13:06:48,11.02,0.01,46,50692,买盘
1257,13:06:42,11.01,--,1,1101,卖盘
1258,13:06:39,11.01,--,5,5505,卖盘
1259,13:06:09,11.01,-0.01,19,20919,卖盘
1260,13:06:03,11.02,--,68,74936,买盘
1261,13:05:45,11.02,0.01,36,39672,买盘
1262,13:05:39,11.01,-0.01,150,165150,卖盘
1263,13:05:18,11.02,0.01,18,19836,买盘
1264,13:05:06,11.01,-0.01,4,4404,卖盘
1265,13:05:03,11.02,--,7,7714,买盘
1266,13:04:51,11.02,--,13,14326,卖盘
1267,13:04:45,11.02,0.01,26,28652,买盘
1268,13:04:42,11.01,--,1,1101,卖盘
1269,13:04:36,11.01,-0.01,1,1101,卖盘
1270,13:04:33,11.02,0.01,37,40774,买盘
1271,13:04:24,11.01,-0.01,10,11010,卖盘
1272,13:04:18,11.02,--,10,11020,买盘
1273,13:04:03,11.02,0.01,56,61712,买盘
1274,13:03:54,11.01,-0.01,33,36333,卖盘
1275,13:03:48,11.02,0.01,42,46284,买盘
1276,13:03:45,11.01,--,14,15414,买盘
1277,13:03:42,11.01,0.01,46,50646,买盘
1278,13:03:36,11.0,-0.01,1,1100,卖盘
1279,13:03:33,11.01,--,50,55050,买盘
1280,13:03:09,11.01,-0.01,1,1101,卖盘
1281,13:03:06,11.02,--,6,6612,买盘
1282,13:03:03,11.02,--,81,89262,买盘
1283,13:02:57,11.02,--,3,3306,卖盘
1284,13:02:54,11.02,0.02,47,51794,买盘
1285,13:02:48,11.0,-0.02,16,17600,卖盘
1286,13:02:45,11.02,0.02,36,39672,买盘
1287,13:02:42,11.0,--,102,112200,卖盘
1288,13:02:27,11.0,-0.02,20,22000,卖盘
1289,13:02:18,11.02,0.02,42,46284,买盘
1290,13:02:03,11.0,-0.01,29,31900,卖盘
1291,13:01:51,11.01,-0.01,37,40737,卖盘
1292,13:01:48,11.02,--,7,7714,买盘
1293,13:01:45,11.02,--,37,40774,买盘
1294,13:01:42,11.02,--,16,17632,买盘
1295,13:01:33,11.02,0.01,31,34162,买盘
1296,13:01:24,11.01,-0.01,15,16515,卖盘
1297,13:01:18,11.02,0.01,17,18734,买盘
1298,13:01:15,11.01,-0.01,34,37434,卖盘
1299,13:01:06,11.02,--,21,23142,买盘
1300,13:01:03,11.02,--,6,6612,买盘
1301,13:00:48,11.02,0.01,147,161994,买盘
1302,13:00:42,11.01,--,18,19818,买盘
1303,13:00:36,11.01,0.01,5,5505,买盘
1304,13:00:24,11.0,--,2,2200,卖盘
1305,13:00:18,11.0,-0.01,1,1100,卖盘
1306,13:00:12,11.01,0.01,17,18717,买盘
1307,13:00:09,11.0,-0.02,5,5500,卖盘
1308,13:00:06,11.02,--,123,135546,买盘
1309,13:00:03,11.02,--,269,296658,买盘
1310,13:00:00,11.02,--,0,0,买盘
1311,11:30:00,11.02,--,0,0,买盘
1312,11:29:39,11.02,0.04,91,100282,买盘
1313,11:29:33,10.98,--,6,6588,卖盘
1314,11:29:12,10.98,-0.01,211,231678,卖盘
1315,11:29:09,10.99,--,18,19782,买盘
1316,11:29:06,10.99,--,7,7693,买盘
1317,11:29:03,10.99,--,27,29673,卖盘
1318,11:28:57,10.99,--,5,5495,买盘
1319,11:28:54,10.99,0.01,85,93415,买盘
1320,11:28:51,10.98,-0.01,50,54900,卖盘
1321,11:28:18,10.99,0.01,7,7693,买盘
1322,11:28:15,10.98,--,97,106506,卖盘
1323,11:28:12,10.98,-0.02,99,108702,卖盘
1324,11:28:09,11.0,--,15,16500,买盘
1325,11:28:06,11.0,0.02,7,7700,买盘
1326,11:27:57,10.98,-0.02,34,37332,卖盘
1327,11:27:54,11.0,-0.01,5,5500,中性盘
1328,11:27:24,11.01,0.03,235,258735,买盘
1329,11:27:21,10.98,-0.01,19,20862,卖盘
1330,11:27:18,10.99,-0.01,137,150563,卖盘
1331,11:27:06,11.0,--,6,6600,买盘
1332,11:27:03,11.0,0.01,33,36300,买盘
1333,11:27:00,10.99,-0.01,332,364868,卖盘
1334,11:26:54,11.0,--,4,4400,买盘
1335,11:26:48,11.0,0.01,24,26400,买盘
1336,11:26:45,10.99,--,19,20881,卖盘
1337,11:26:42,10.99,-0.01,130,142870,卖盘
1338,11:26:39,11.0,0.01,10,11000,买盘
1339,11:26:36,10.99,--,1,1099,卖盘
1340,11:26:33,10.99,--,2,2198,卖盘
1341,11:26:30,10.99,-0.01,4,4396,卖盘
1342,11:26:18,11.0,--,1,1100,买盘
1343,11:26:06,11.0,--,7,7700,买盘
1344,11:26:03,11.0,--,5,5500,买盘
1345,11:25:57,11.0,--,10,11000,买盘
1346,11:25:54,11.0,0.01,47,51700,买盘
1347,11:25:51,10.99,-0.01,60,65940,卖盘
1348,11:25:27,11.0,--,52,57200,买盘
1349,11:25:24,11.0,0.01,1,1100,买盘
1350,11:25:21,10.99,--,3,3297,卖盘
1351,11:25:18,10.99,-0.01,2,2198,卖盘
1352,11:25:12,11.0,--,21,23100,买盘
1353,11:25:09,11.0,--,22,24200,买盘
1354,11:25:06,11.0,0.01,6,6600,买盘
1355,11:24:42,10.99,--,10,10990,卖盘
1356,11:24:39,10.99,--,9,9891,卖盘
1357,11:24:24,10.99,--,105,115395,卖盘
1358,11:24:18,10.99,--,9,9891,卖盘
1359,11:24:15,10.99,-0.01,10,10990,卖盘
1360,11:24:09,11.0,--,34,37400,买盘
1361,11:24:06,11.0,--,39,42900,买盘
1362,11:24:00,11.0,0.01,9,9900,买盘
1363,11:23:54,10.99,-0.01,88,96712,卖盘
1364,11:23:42,11.0,--,1,1100,买盘
1365,11:23:39,11.0,0.01,25,27500,买盘
1366,11:23:33,10.99,--,2,2198,卖盘
1367,11:23:30,10.99,-0.01,10,10990,卖盘
1368,11:23:24,11.0,--,20,22000,买盘
1369,11:23:21,11.0,--,10,11000,买盘
1370,11:23:06,11.0,--,7,7700,买盘
1371,11:23:00,11.0,--,12,13200,买盘
1372,11:22:54,11.0,--,25,27500,买盘
1373,11:22:48,11.0,0.01,2,2200,买盘
1374,11:22:45,10.99,-0.01,1,1099,卖盘
1375,11:22:42,11.0,0.01,1,1100,买盘
1376,11:22:33,10.99,--,50,54950,卖盘
1377,11:22:30,10.99,--,1,1099,卖盘
1378,11:22:21,10.99,--,1,1099,卖盘
1379,11:22:09,10.99,-0.01,160,175840,卖盘
1380,11:22:06,11.0,0.01,6,6600,买盘
1381,11:22:03,10.99,-0.01,187,205513,卖盘
1382,11:22:00,11.0,0.01,6,6600,买盘
1383,11:21:57,10.99,--,177,194523,买盘
1384,11:21:42,10.99,0.01,20,21980,买盘
1385,11:21:39,10.98,-0.01,21,23058,卖盘
1386,11:21:24,10.99,--,119,130781,买盘
1387,11:21:18,10.99,0.01,1,1099,买盘
1388,11:21:09,10.98,--,1,1098,卖盘
1389,11:21:06,10.98,--,307,337086,卖盘
1390,11:21:00,10.98,-0.01,4,4392,卖盘
1391,11:20:48,10.99,--,20,21980,买盘
1392,11:20:45,10.99,--,6,6594,买盘
1393,11:20:39,10.99,--,23,25277,买盘
1394,11:20:06,10.99,0.01,63,69237,买盘
1395,11:20:00,10.98,-0.01,5,5490,卖盘
1396,11:19:54,10.99,0.01,53,58247,买盘
1397,11:19:48,10.98,-0.01,8,8784,卖盘
1398,11:19:45,10.99,0.01,48,52752,买盘
1399,11:19:42,10.98,--,8,8784,卖盘
1400,11:19:24,10.98,--,80,87840,卖盘
1401,11:19:21,10.98,--,6,6588,卖盘
1402,11:19:09,10.98,-0.01,53,58194,卖盘
1403,11:19:06,10.99,0.01,7,7693,买盘
1404,11:18:57,10.98,--,88,96624,买盘
1405,11:18:45,10.98,0.01,16,17568,买盘
1406,11:18:33,10.97,-0.01,1,1097,卖盘
1407,11:18:27,10.98,-0.01,19,20862,卖盘
1408,11:18:24,10.99,0.01,26,28574,买盘
1409,11:18:15,10.98,-0.01,42,46116,卖盘
1410,11:18:12,10.99,0.01,11,12089,买盘
1411,11:18:09,10.98,-0.01,1,1098,卖盘
1412,11:18:06,10.99,0.01,6,6594,买盘
1413,11:17:51,10.98,0.01,10,10980,中性盘
1414,11:17:39,10.97,--,25,27425,卖盘
1415,11:17:27,10.97,--,11,12067,卖盘
1416,11:17:24,10.97,-0.02,10,10970,卖盘
1417,11:17:06,10.99,0.01,17,18683,买盘
1418,11:17:03,10.98,-0.01,1,1098,买盘
1419,11:16:54,10.99,0.01,31,34069,买盘
1420,11:16:51,10.98,--,6,6588,买盘
1421,11:16:39,10.98,--,28,30744,卖盘
1422,11:16:33,10.98,-0.01,2,2196,卖盘
1423,11:16:30,10.99,0.01,19,20881,买盘
1424,11:16:24,10.98,-0.01,7,7686,卖盘
1425,11:16:21,10.99,--,9,9891,买盘
1426,11:16:12,10.99,--,3,3297,买盘
1427,11:16:09,10.99,--,149,163751,买盘
1428,11:16:06,10.99,--,86,94514,买盘
1429,11:16:03,10.99,--,5,5495,买盘
1430,11:15:42,10.99,--,59,64841,买盘
1431,11:15:33,10.99,0.01,2,2198,买盘
1432,11:15:30,10.98,-0.01,243,266814,卖盘
1433,11:15:27,10.99,--,45,49455,买盘
1434,11:15:24,10.99,0.01,72,79128,买盘
1435,11:15:12,10.98,-0.01,53,58194,卖盘
1436,11:15:06,10.99,0.01,51,56049,买盘
1437,11:14:57,10.98,--,1,1098,卖盘
1438,11:14:54,10.98,-0.01,1,1098,卖盘
1439,11:14:42,10.99,--,45,49455,买盘
1440,11:14:39,10.99,0.01,166,182434,买盘
1441,11:14:24,10.98,-0.01,145,159210,中性盘
1442,11:14:18,10.99,0.01,40,43960,买盘
1443,11:14:15,10.98,--,40,43920,买盘
1444,11:14:06,10.98,0.01,28,30744,买盘
1445,11:14:03,10.97,--,43,47171,买盘
1446,11:14:00,10.97,--,57,62529,卖盘
1447,11:13:57,10.97,-0.01,25,27425,卖盘
1448,11:13:54,10.98,0.01,60,65880,买盘
1449,11:13:48,10.97,-0.01,5,5485,卖盘
1450,11:13:45,10.98,--,3,3294,买盘
1451,11:13:39,10.98,0.01,10,10980,买盘
1452,11:13:36,10.97,-0.01,17,18649,卖盘
1453,11:13:33,10.98,--,5,5490,买盘
1454,11:13:27,10.98,0.01,116,127368,买盘
1455,11:13:24,10.97,-0.01,2,2194,卖盘
1456,11:13:21,10.98,0.01,9,9882,买盘
1457,11:13:18,10.97,--,3,3291,卖盘
1458,11:13:15,10.97,--,5,5485,卖盘
1459,11:13:12,10.97,-0.01,5,5485,卖盘
1460,11:13:09,10.98,--,53,58194,买盘
1461,11:13:06,10.98,--,38,41724,买盘
1462,11:12:57,10.98,--,12,13176,买盘
1463,11:12:51,10.98,0.02,11,12078,买盘
1464,11:12:48,10.96,--,23,25208,买盘
1465,11:12:45,10.96,-0.04,27,29592,卖盘
1466,11:12:27,11.0,0.01,45,49500,买盘
1467,11:12:24,10.99,--,184,202216,卖盘
1468,11:12:21,10.99,--,3,3297,买盘
1469,11:12:18,10.99,--,350,384650,买盘
1470,11:12:06,10.99,--,7,7693,买盘
1471,11:11:54,10.99,--,6,6594,买盘
1472,11:11:48,10.99,0.05,1,1099,买盘
1473,11:11:45,10.94,--,148,161912,卖盘
1474,11:11:39,10.94,--,210,229740,卖盘
1475,11:11:33,10.94,-0.05,200,218800,卖盘
1476,11:11:27,10.99,--,47,51653,买盘
1477,11:11:06,10.99,--,7,7693,买盘
1478,11:11:00,10.99,0.05,107,117593,买盘
1479,11:10:57,10.94,-0.04,181,198014,卖盘
1480,11:10:54,10.98,0.01,116,127368,买盘
1481,11:10:48,10.97,--,50,54850,中性盘
1482,11:10:39,10.97,--,19,20843,买盘
1483,11:10:36,10.97,--,16,17552,卖盘
1484,11:10:30,10.97,-0.02,30,32910,卖盘
1485,11:10:24,10.99,0.05,10,10990,买盘
1486,11:10:18,10.94,0.01,119,130186,中性盘
1487,11:10:15,10.93,-0.05,105,114765,卖盘
1488,11:10:09,10.98,0.04,243,266814,买盘
1489,11:10:06,10.94,0.01,26,28444,中性盘
1490,11:09:45,10.93,-0.04,239,261227,卖盘
1491,11:09:42,10.97,-0.01,4,4388,中性盘
1492,11:09:33,10.98,0.01,69,75762,买盘
1493,11:09:30,10.97,0.01,273,299810,买盘
1494,11:09:27,10.96,-0.01,118,129328,买盘
1495,11:09:24,10.97,0.04,251,275347,买盘
1496,11:09:21,10.93,--,41,44813,卖盘
1497,11:09:06,10.93,-0.03,158,172694,卖盘
1498,11:09:00,10.96,0.01,226,247696,买盘
1499,11:08:57,10.95,0.01,243,266085,买盘
1500,11:08:54,10.94,0.01,1,1094,中性盘
1501,11:08:45,10.93,--,81,88533,卖盘
1502,11:08:42,10.93,--,1,1093,卖盘
1503,11:08:39,10.93,--,135,147555,卖盘
1504,11:08:33,10.93,--,4,4372,卖盘
1505,11:08:27,10.93,--,59,64487,卖盘
1506,11:08:21,10.93,--,30,32790,卖盘
1507,11:08:18,10.93,--,5,5465,卖盘
1508,11:08:09,10.93,--,94,102742,卖盘
1509,11:08:06,10.93,-0.01,11,12023,卖盘
1510,11:08:03,10.94,--,200,218800,买盘
1511,11:07:54,10.94,0.01,75,82050,买盘
1512,11:07:51,10.93,--,20,21860,卖盘
1513,11:07:48,10.93,--,1,1093,卖盘
1514,11:07:45,10.93,--,29,31697,卖盘
1515,11:07:42,10.93,-0.01,29,31697,卖盘
1516,11:07:39,10.94,--,10,10940,买盘
1517,11:07:36,10.94,--,75,82050,卖盘
1518,11:07:27,10.94,--,2,2188,卖盘
1519,11:07:24,10.94,0.01,22,24068,买盘
1520,11:07:12,10.93,-0.01,35,38255,卖盘
1521,11:07:09,10.94,--,128,140032,买盘
1522,11:07:06,10.94,0.01,7,7658,买盘
1523,11:06:54,10.93,-0.01,21,22953,卖盘
1524,11:06:48,10.94,0.01,12,13128,买盘
1525,11:06:45,10.93,--,11,12023,卖盘
1526,11:06:42,10.93,-0.01,30,32790,卖盘
1527,11:06:39,10.94,0.01,5,5470,买盘
1528,11:06:33,10.93,--,1,1093,卖盘
1529,11:06:30,10.93,-0.01,288,314784,卖盘
1530,11:06:27,10.94,-0.02,11,12034,卖盘
1531,11:06:24,10.96,0.03,131,143576,买盘
1532,11:06:21,10.93,--,13,14209,卖盘
1533,11:06:15,10.93,--,8,8744,卖盘
1534,11:06:09,10.93,-0.02,300,327900,卖盘
1535,11:06:06,10.95,0.01,17,18615,买盘
1536,11:05:57,10.94,--,32,35008,卖盘
1537,11:05:54,10.94,-0.01,1,1094,卖盘
1538,11:05:51,10.95,-0.01,20,21900,卖盘
1539,11:05:39,10.96,0.01,96,105216,买盘
1540,11:05:36,10.95,0.01,46,50370,中性盘
1541,11:05:21,10.94,--,3,3282,卖盘
1542,11:05:15,10.94,-0.01,69,75486,卖盘
1543,11:05:12,10.95,-0.01,29,31754,卖盘
1544,11:05:06,10.96,0.01,6,6576,买盘
1545,11:05:03,10.95,--,84,91980,卖盘
1546,11:04:54,10.95,-0.01,152,166440,卖盘
1547,11:04:48,10.96,0.01,145,158920,买盘
1548,11:04:42,10.95,--,56,61319,卖盘
1549,11:04:36,10.95,--,30,32850,卖盘
1550,11:04:33,10.95,-0.01,6,6570,卖盘
1551,11:04:24,10.96,0.01,55,60280,买盘
1552,11:04:15,10.95,--,11,12045,卖盘
1553,11:04:12,10.95,-0.01,1,1095,卖盘
1554,11:04:09,10.96,--,54,59184,买盘
1555,11:04:06,10.96,0.01,55,60280,买盘
1556,11:03:45,10.95,--,2,2190,买盘
1557,11:03:42,10.95,0.01,2,2190,买盘
1558,11:03:33,10.94,-0.01,6,6564,卖盘
1559,11:03:30,10.95,0.01,5,5475,买盘
1560,11:03:27,10.94,-0.01,45,49230,卖盘
1561,11:03:24,10.95,--,98,107310,买盘
1562,11:03:21,10.95,--,3,3285,买盘
1563,11:03:18,10.95,--,15,16425,买盘
1564,11:03:15,10.95,-0.01,15,16425,卖盘
1565,11:03:12,10.96,--,8,8768,卖盘
1566,11:03:09,10.96,--,44,48224,买盘
1567,11:03:06,10.96,0.01,6,6576,买盘
1568,11:03:03,10.95,-0.02,20,21900,卖盘
1569,11:02:57,10.97,0.02,5,5485,买盘
1570,11:02:54,10.95,--,27,29564,卖盘
1571,11:02:51,10.95,--,2,2190,卖盘
1572,11:02:45,10.95,0.01,7,7664,中性盘
1573,11:02:39,10.94,-0.01,205,224270,卖盘
1574,11:02:36,10.95,-0.01,42,45990,买盘
1575,11:02:27,10.96,-0.01,176,193663,卖盘
1576,11:02:24,10.97,0.01,77,84469,买盘
1577,11:02:15,10.96,0.01,166,182264,买盘
1578,11:02:12,10.95,--,5,5475,卖盘
1579,11:02:06,10.95,--,53,58034,卖盘
1580,11:01:57,10.95,--,92,100740,卖盘
1581,11:01:54,10.95,-0.01,56,61319,卖盘
1582,11:01:48,10.96,0.01,6,6576,买盘
1583,11:01:39,10.95,--,60,65700,卖盘
1584,11:01:24,10.95,0.01,20,21900,买盘
1585,11:01:21,10.94,--,39,42666,卖盘
1586,11:01:18,10.94,--,30,32820,卖盘
1587,11:01:15,10.94,-0.02,3,3282,卖盘
1588,11:01:09,10.96,0.01,84,92064,买盘
1589,11:01:06,10.95,0.01,25,27375,买盘
1590,11:01:03,10.94,--,28,30632,卖盘
1591,11:00:54,10.94,--,8,8752,卖盘
1592,11:00:51,10.94,0.01,38,41572,买盘
1593,11:00:48,10.93,-0.01,4,4372,卖盘
1594,11:00:45,10.94,--,10,10940,买盘
1595,11:00:42,10.94,0.01,7,7658,买盘
1596,11:00:39,10.93,-0.01,8,8744,卖盘
1597,11:00:36,10.94,-0.01,60,65640,卖盘
1598,11:00:24,10.95,0.01,124,135780,买盘
1599,11:00:21,10.94,--,58,63452,卖盘
1600,11:00:15,10.94,--,12,13128,卖盘
1601,11:00:09,10.94,--,80,87520,卖盘
1602,11:00:03,10.94,0.01,7,7658,中性盘
1603,11:00:00,10.93,-0.01,34,37162,卖盘
1604,10:59:57,10.94,--,10,10940,卖盘
1605,10:59:51,10.94,--,30,32820,卖盘
1606,10:59:33,10.94,0.01,5,5470,中性盘
1607,10:59:30,10.93,-0.01,8,8744,卖盘
1608,10:59:27,10.94,--,20,21880,卖盘
1609,10:59:24,10.94,-0.01,17,18598,卖盘
1610,10:59:21,10.95,--,38,41610,买盘
1611,10:59:18,10.95,0.02,5,5475,买盘
1612,10:59:12,10.93,--,31,33883,卖盘
1613,10:59:09,10.93,-0.02,101,110393,卖盘
1614,10:59:06,10.95,--,20,21900,买盘
1615,10:59:00,10.95,--,33,36135,买盘
1616,10:58:51,10.95,--,20,21900,买盘
1617,10:58:48,10.95,--,51,55845,买盘
1618,10:58:42,10.95,0.01,6,6570,买盘
1619,10:58:36,10.94,--,73,79862,卖盘
1620,10:58:33,10.94,-0.01,39,42666,卖盘
1621,10:58:21,10.95,--,116,127019,买盘
1622,10:58:15,10.95,0.01,5,5475,买盘
1623,10:58:09,10.94,--,58,63670,买盘
1624,10:58:03,10.94,--,16,17504,买盘
1625,10:58:00,10.94,-0.01,27,29538,卖盘
1626,10:57:57,10.95,0.02,34,37230,买盘
1627,10:57:51,10.93,-0.01,700,765100,卖盘
1628,10:57:48,10.94,0.01,162,177228,中性盘
1629,10:57:39,10.93,--,69,75417,卖盘
1630,10:57:36,10.93,--,20,21860,卖盘
1631,10:57:30,10.93,-0.02,75,81975,卖盘
1632,10:57:27,10.95,0.01,13,14234,买盘
1633,10:57:24,10.94,--,33,36102,买盘
1634,10:57:21,10.94,0.01,47,51418,买盘
1635,10:57:18,10.93,--,6,6558,卖盘
1636,10:57:12,10.93,--,43,46999,卖盘
1637,10:57:06,10.93,--,80,87440,卖盘
1638,10:57:03,10.93,--,42,45906,卖盘
1639,10:57:00,10.93,--,177,193461,卖盘
1640,10:56:57,10.93,--,29,31697,卖盘
1641,10:56:54,10.93,-0.01,36,39348,卖盘
1642,10:56:51,10.94,0.01,55,60170,买盘
1643,10:56:48,10.93,--,69,75417,卖盘
1644,10:56:45,10.93,-0.01,39,42627,卖盘
1645,10:56:39,10.94,--,63,68922,卖盘
1646,10:56:36,10.94,0.01,2,2188,卖盘
1647,10:56:33,10.93,--,40,43720,卖盘
1648,10:56:30,10.93,--,32,34976,卖盘
1649,10:56:27,10.93,-0.01,558,609894,卖盘
1650,10:56:24,10.94,-0.02,175,191450,卖盘
1651,10:56:21,10.96,0.02,46,50416,买盘
1652,10:56:18,10.94,--,115,125810,卖盘
1653,10:56:12,10.94,--,55,60170,卖盘
1654,10:56:09,10.94,--,457,499958,卖盘
1655,10:56:06,10.94,0.01,1,1094,买盘
1656,10:56:03,10.93,-0.02,341,372713,卖盘
1657,10:56:00,10.95,0.01,225,246374,买盘
1658,10:55:57,10.94,0.01,110,120340,中性盘
1659,10:55:54,10.93,-0.01,38,41534,卖盘
1660,10:55:51,10.94,--,3,3282,卖盘
1661,10:55:48,10.94,0.01,35,38290,买盘
1662,10:55:36,10.93,-0.01,10,10930,卖盘
1663,10:55:33,10.94,--,35,38290,买盘
1664,10:55:27,10.94,--,91,99554,买盘
1665,10:55:24,10.94,--,27,29538,卖盘
1666,10:55:21,10.94,--,73,79862,卖盘
1667,10:55:18,10.94,--,29,31726,卖盘
1668,10:55:15,10.94,--,8,8752,卖盘
1669,10:55:12,10.94,--,9,9846,卖盘
1670,10:55:09,10.94,--,140,153160,卖盘
1671,10:55:06,10.94,--,1,1094,卖盘
1672,10:55:03,10.94,--,40,43760,卖盘
1673,10:54:54,10.94,0.01,19,20786,中性盘
1674,10:54:51,10.93,-0.01,150,163950,卖盘
1675,10:54:45,10.94,0.01,73,79862,买盘
1676,10:54:42,10.93,-0.01,112,122416,卖盘
1677,10:54:36,10.94,--,5,5470,买盘
1678,10:54:30,10.94,--,173,189262,卖盘
1679,10:54:27,10.94,--,4,4376,卖盘
1680,10:54:21,10.94,-0.01,97,106118,卖盘
1681,10:54:18,10.95,0.01,10,10950,买盘
1682,10:54:15,10.94,--,51,55794,卖盘
1683,10:54:12,10.94,--,229,250526,卖盘
1684,10:54:09,10.94,--,336,367584,卖盘
1685,10:54:06,10.94,--,58,63452,卖盘
1686,10:53:57,10.94,--,11,12034,卖盘
1687,10:53:54,10.94,--,18,19692,卖盘
1688,10:53:51,10.94,-0.01,39,42666,卖盘
1689,10:53:48,10.95,--,6,6570,买盘
1690,10:53:45,10.95,--,503,550785,买盘
1691,10:53:42,10.95,--,41,44895,买盘
1692,10:53:39,10.95,--,45,49275,买盘
1693,10:53:33,10.95,0.01,470,514649,买盘
1694,10:53:27,10.94,--,1,1094,卖盘
1695,10:53:24,10.94,-0.01,63,68922,卖盘
1696,10:53:21,10.95,0.01,45,49275,买盘
1697,10:53:18,10.94,-0.01,8,8752,卖盘
1698,10:53:15,10.95,0.01,191,209145,买盘
1699,10:53:12,10.94,--,32,35008,卖盘
1700,10:53:06,10.94,-0.01,103,112682,卖盘
1701,10:53:03,10.95,--,57,62414,卖盘
1702,10:53:00,10.95,--,6,6570,卖盘
1703,10:52:57,10.95,--,20,21900,卖盘
1704,10:52:54,10.95,-0.01,136,148920,卖盘
1705,10:52:51,10.96,--,11,12056,买盘
1706,10:52:48,10.96,0.01,75,82200,买盘
1707,10:52:45,10.95,--,8,8760,卖盘
1708,10:52:39,10.95,--,16,17520,卖盘
1709,10:52:36,10.95,--,50,54750,卖盘
1710,10:52:33,10.95,--,51,55845,卖盘
1711,10:52:27,10.95,--,210,229949,卖盘
1712,10:52:24,10.95,--,10,10950,卖盘
1713,10:52:21,10.95,-0.01,15,16425,卖盘
1714,10:52:18,10.96,0.01,46,50416,买盘
1715,10:52:15,10.95,--,8,8760,卖盘
1716,10:52:12,10.95,--,501,548595,卖盘
1717,10:52:06,10.95,--,5,5475,卖盘
1718,10:52:03,10.95,-0.01,35,38325,中性盘
1719,10:52:00,10.96,0.01,410,449360,买盘
1720,10:51:57,10.95,--,226,247469,卖盘
1721,10:51:54,10.95,--,4,4380,卖盘
1722,10:51:48,10.95,--,45,49275,卖盘
1723,10:51:45,10.95,--,235,257324,卖盘
1724,10:51:42,10.95,--,2,2190,卖盘
1725,10:51:39,10.95,--,15,16425,卖盘
1726,10:51:36,10.95,-0.01,20,21900,卖盘
1727,10:51:33,10.96,--,369,404424,买盘
1728,10:51:30,10.96,0.01,14,15344,买盘
1729,10:51:27,10.95,-0.01,7,7664,卖盘
1730,10:51:24,10.96,--,20,21920,买盘
1731,10:51:21,10.96,0.01,109,119464,买盘
1732,10:51:12,10.95,--,10,10950,卖盘
1733,10:51:09,10.95,--,115,125924,卖盘
1734,10:51:06,10.95,--,80,87600,卖盘
1735,10:51:03,10.95,--,50,54750,卖盘
1736,10:51:00,10.95,--,10,10950,卖盘
1737,10:50:57,10.95,--,28,30659,卖盘
1738,10:50:54,10.95,0.01,241,263895,买盘
1739,10:50:51,10.94,-0.01,66,72204,卖盘
1740,10:50:48,10.95,--,100,109500,买盘
1741,10:50:45,10.95,-0.01,22,24090,中性盘
1742,10:50:42,10.96,0.01,101,110696,买盘
1743,10:50:39,10.95,--,109,120209,买盘
1744,10:50:36,10.95,0.01,72,78840,买盘
1745,10:50:33,10.94,--,35,38290,卖盘
1746,10:50:27,10.94,--,15,16410,卖盘
1747,10:50:24,10.94,-0.01,42,45948,卖盘
1748,10:50:21,10.95,0.01,50,54750,买盘
1749,10:50:15,10.94,--,2,2188,卖盘
1750,10:50:12,10.94,-0.01,10,10940,卖盘
1751,10:50:09,10.95,0.01,26,28469,买盘
1752,10:50:06,10.94,-0.01,89,97366,卖盘
1753,10:50:00,10.95,--,96,105120,买盘
1754,10:49:57,10.95,-0.01,824,902279,卖盘
1755,10:49:54,10.96,--,10,10960,买盘
1756,10:49:51,10.96,--,3,3288,买盘
1757,10:49:45,10.96,--,113,124615,卖盘
1758,10:49:42,10.96,--,20,21920,卖盘
1759,10:49:36,10.96,--,29,31784,卖盘
1760,10:49:33,10.96,--,172,188840,买盘
1761,10:49:27,10.96,--,125,137000,卖盘
1762,10:49:24,10.96,--,1,1096,卖盘
1763,10:49:21,10.96,-0.01,53,58088,卖盘
1764,10:49:18,10.97,0.01,46,50462,买盘
1765,10:49:12,10.96,--,84,92064,卖盘
1766,10:49:09,10.96,-0.01,50,54800,卖盘
1767,10:49:06,10.97,--,10,10970,买盘
1768,10:49:03,10.97,--,326,357622,卖盘
1769,10:49:00,10.97,-0.01,34,37298,卖盘
1770,10:48:57,10.98,0.01,27,29646,买盘
1771,10:48:54,10.97,-0.01,4,4388,卖盘
1772,10:48:51,10.98,0.01,12,13176,买盘
1773,10:48:45,10.97,--,300,329100,卖盘
1774,10:48:42,10.97,--,3,3291,卖盘
1775,10:48:39,10.97,--,38,41686,卖盘
1776,10:48:36,10.97,--,10,10970,卖盘
1777,10:48:33,10.97,--,80,87760,卖盘
1778,10:48:21,10.97,--,8,8776,卖盘
1779,10:48:18,10.97,0.01,16,17552,买盘
1780,10:48:15,10.96,--,46,50416,卖盘
1781,10:48:12,10.96,-0.01,103,112888,卖盘
1782,10:48:09,10.97,0.01,332,364204,买盘
1783,10:48:06,10.96,--,3,3288,卖盘
1784,10:48:03,10.96,--,183,200568,卖盘
1785,10:48:00,10.96,--,9,9864,卖盘
1786,10:47:54,10.96,--,20,21920,卖盘
1787,10:47:51,10.96,--,3,3288,卖盘
1788,10:47:45,10.96,--,288,315648,卖盘
1789,10:47:42,10.96,0.01,192,210432,买盘
1790,10:47:39,10.95,--,10,10950,卖盘
1791,10:47:33,10.95,--,10,10950,卖盘
1792,10:47:30,10.95,-0.01,20,21900,卖盘
1793,10:47:24,10.96,--,193,211528,卖盘
1794,10:47:21,10.96,-0.01,104,113984,卖盘
1795,10:47:18,10.97,0.01,306,335682,买盘
1796,10:47:15,10.96,-0.01,3,3288,卖盘
1797,10:47:12,10.97,0.01,23,25231,买盘
1798,10:47:09,10.96,-0.01,46,50416,卖盘
1799,10:47:03,10.97,0.01,2,2194,买盘
1800,10:47:00,10.96,-0.01,235,257560,卖盘
1801,10:46:51,10.97,--,2,2194,买盘
1802,10:46:48,10.97,--,30,32910,买盘
1803,10:46:42,10.97,0.01,20,21940,买盘
1804,10:46:39,10.96,-0.01,52,56992,卖盘
1805,10:46:36,10.97,--,24,26328,买盘
1806,10:46:30,10.97,0.01,342,375174,买盘
1807,10:46:27,10.96,--,435,476760,卖盘
1808,10:46:24,10.96,--,10,10960,卖盘
1809,10:46:21,10.96,-0.01,1,1096,卖盘
1810,10:46:18,10.97,--,226,247922,买盘
1811,10:46:15,10.97,--,24,26328,买盘
1812,10:46:12,10.97,0.01,19,20843,买盘
1813,10:46:09,10.96,-0.01,221,242216,卖盘
1814,10:46:06,10.97,0.01,28,30716,买盘
1815,10:46:03,10.96,-0.01,10,10960,卖盘
1816,10:45:57,10.97,--,13,14261,买盘
1817,10:45:54,10.97,--,494,541918,卖盘
1818,10:45:51,10.97,--,80,87760,卖盘
1819,10:45:48,10.97,--,121,132737,卖盘
1820,10:45:45,10.97,--,350,383950,卖盘
1821,10:45:42,10.97,--,8,8776,卖盘
1822,10:45:39,10.97,--,15,16455,卖盘
1823,10:45:36,10.97,-0.01,5,5485,卖盘
1824,10:45:33,10.98,0.01,18,19764,买盘
1825,10:45:30,10.97,--,28,30716,卖盘
1826,10:45:27,10.97,-0.01,88,96536,卖盘
1827,10:45:24,10.98,0.01,85,93330,买盘
1828,10:45:21,10.97,-0.01,416,456352,卖盘
1829,10:45:18,10.98,0.01,46,50508,买盘
1830,10:45:12,10.97,--,63,69111,买盘
1831,10:45:09,10.97,-0.01,261,286317,卖盘
1832,10:45:06,10.98,0.01,15,16470,中性盘
1833,10:45:03,10.97,--,54,59238,卖盘
1834,10:45:00,10.97,--,258,283026,卖盘
1835,10:44:57,10.97,--,1017,1115649,卖盘
1836,10:44:45,10.97,-0.02,8,8776,卖盘
1837,10:44:42,10.99,0.02,190,208810,买盘
1838,10:44:39,10.97,--,20,21940,卖盘
1839,10:44:36,10.97,-0.01,172,188684,卖盘
1840,10:44:33,10.98,--,20,21960,买盘
1841,10:44:27,10.98,--,50,55822,卖盘
1842,10:44:24,10.98,--,207,227286,卖盘
1843,10:44:21,10.98,-0.01,20,21960,卖盘
1844,10:44:18,10.99,--,66,72534,买盘
1845,10:44:15,10.99,0.01,37,40663,买盘
1846,10:44:12,10.98,--,68,74664,卖盘
1847,10:44:09,10.98,--,56,61488,卖盘
1848,10:44:06,10.98,--,135,148230,卖盘
1849,10:44:03,10.98,--,76,83448,卖盘
1850,10:44:00,10.98,--,120,131760,卖盘
1851,10:43:54,10.98,--,36,39528,卖盘
1852,10:43:51,10.98,-0.01,11,12078,卖盘
1853,10:43:48,10.99,0.01,250,274750,买盘
1854,10:43:45,10.98,-0.01,300,329400,卖盘
1855,10:43:42,10.99,0.01,42,46158,买盘
1856,10:43:39,10.98,-0.01,77,84546,卖盘
1857,10:43:36,10.99,--,14,15386,卖盘
1858,10:43:27,10.99,-0.01,19,20881,卖盘
1859,10:43:21,11.0,--,45,49500,买盘
1860,10:43:18,11.0,0.01,45,49500,买盘
1861,10:43:09,10.99,0.01,81,89019,买盘
1862,10:43:06,10.98,-0.01,150,164700,卖盘
1863,10:43:03,10.99,--,94,103306,卖盘
1864,10:43:00,10.99,--,71,78204,买盘
1865,10:42:57,10.99,--,25,27475,买盘
1866,10:42:51,10.99,-0.01,178,195622,卖盘
1867,10:42:48,11.0,0.01,7,7700,买盘
1868,10:42:42,10.99,--,11,12089,卖盘
1869,10:42:39,10.99,--,17,18683,卖盘
1870,10:42:33,10.99,--,67,73633,卖盘
1871,10:42:30,10.99,--,20,21980,卖盘
1872,10:42:27,10.99,-0.01,115,126385,卖盘
1873,10:42:24,11.0,0.01,2,2200,买盘
1874,10:42:21,10.99,-0.01,6,6594,卖盘
1875,10:42:18,11.0,0.01,46,50600,买盘
1876,10:42:15,10.99,--,4,4396,卖盘
1877,10:42:12,10.99,--,100,109900,卖盘
1878,10:42:09,10.99,--,18,19782,卖盘
1879,10:42:06,10.99,-0.01,100,109900,卖盘
1880,10:42:00,11.0,--,8,8800,买盘
1881,10:41:54,11.0,--,10,11000,买盘
1882,10:41:51,11.0,0.01,10,11000,买盘
1883,10:41:48,10.99,-0.01,158,173642,卖盘
1884,10:41:45,11.0,--,151,166100,卖盘
1885,10:41:42,11.0,--,81,89100,卖盘
1886,10:41:39,11.0,--,9,9900,卖盘
1887,10:41:36,11.0,--,18,19800,卖盘
1888,10:41:33,11.0,--,50,55000,卖盘
1889,10:41:30,11.0,--,160,176000,卖盘
1890,10:41:27,11.0,--,34,37400,卖盘
1891,10:41:24,11.0,--,2,2200,卖盘
1892,10:41:21,11.0,-0.01,1,1100,卖盘
1893,10:41:18,11.01,0.01,49,53949,买盘
1894,10:41:15,11.0,-0.01,40,44000,卖盘
1895,10:41:12,11.01,0.01,12,13212,买盘
1896,10:41:09,11.0,--,12,13200,卖盘
1897,10:41:06,11.0,--,44,48400,卖盘
1898,10:41:00,11.0,-0.01,33,36300,卖盘
1899,10:40:57,11.01,--,4,4404,买盘
1900,10:40:54,11.01,0.01,2,2202,买盘
1901,10:40:51,11.0,--,43,47300,卖盘
1902,10:40:48,11.0,--,268,294800,卖盘
1903,10:40:42,11.0,-0.01,35,38500,卖盘
1904,10:40:36,11.01,0.01,1,1101,买盘
1905,10:40:33,11.0,--,5,5500,卖盘
1906,10:40:27,11.0,--,2,2200,卖盘
1907,10:40:24,11.0,--,13,14300,卖盘
1908,10:40:21,11.0,--,2,2200,卖盘
1909,10:40:18,11.0,-0.01,10,11000,卖盘
1910,10:40:15,11.01,0.01,216,237816,买盘
1911,10:40:12,11.0,--,2,2200,卖盘
1912,10:40:09,11.0,0.01,762,838200,买盘
1913,10:40:00,10.99,--,269,295631,卖盘
1914,10:39:57,10.99,-0.01,90,98910,中性盘
1915,10:39:54,11.0,0.01,584,642400,买盘
1916,10:39:51,10.99,0.01,10,10990,买盘
1917,10:39:48,10.98,--,9,9882,卖盘
1918,10:39:36,10.98,-0.02,83,91134,卖盘
1919,10:39:33,11.0,--,10,11000,买盘
1920,10:39:30,11.0,--,1961,2157100,卖盘
1921,10:39:27,11.0,-0.01,13,14300,卖盘
1922,10:39:24,11.01,--,211,232311,买盘
1923,10:39:18,11.01,--,2,2202,买盘
1924,10:39:15,11.01,--,45,49545,买盘
1925,10:39:12,11.01,-0.01,1092,1202292,卖盘
1926,10:39:09,11.02,-0.01,1,1102,中性盘
1927,10:39:03,11.03,0.01,432,476496,买盘
1928,10:39:00,11.02,--,98,107996,卖盘
1929,10:38:51,11.02,-0.01,10,11020,卖盘
1930,10:38:48,11.03,0.01,29,31986,买盘
1931,10:38:45,11.02,-0.01,1000,1102000,卖盘
1932,10:38:42,11.03,0.01,14,15442,买盘
1933,10:38:39,11.02,-0.01,69,76038,卖盘
1934,10:38:36,11.03,--,1,1103,买盘
1935,10:38:27,11.03,--,5,5515,买盘
1936,10:38:24,11.03,--,1,1103,买盘
1937,10:38:21,11.03,--,169,186407,卖盘
1938,10:38:18,11.03,-0.01,1,1103,卖盘
1939,10:38:15,11.04,0.01,77,85008,买盘
1940,10:38:12,11.03,--,101,111403,卖盘
1941,10:38:09,11.03,--,41,45223,卖盘
1942,10:38:06,11.03,-0.01,39,43017,卖盘
1943,10:38:03,11.04,--,45,49679,买盘
1944,10:38:00,11.04,--,2,2208,买盘
1945,10:37:57,11.04,--,3,3311,买盘
1946,10:37:45,11.04,--,64,70656,买盘
1947,10:37:42,11.04,--,22,24287,买盘
1948,10:37:36,11.04,-0.01,25,27599,卖盘
1949,10:37:33,11.05,0.01,8,8840,买盘
1950,10:37:30,11.04,--,95,104879,卖盘
1951,10:37:24,11.04,--,32,35328,卖盘
1952,10:37:21,11.04,-0.01,10,11040,卖盘
1953,10:37:18,11.05,0.01,275,303875,买盘
1954,10:37:15,11.04,--,10,11040,卖盘
1955,10:37:12,11.04,-0.01,6,6623,卖盘
1956,10:37:09,11.05,0.02,8,8840,买盘
1957,10:37:06,11.03,--,664,732392,卖盘
1958,10:37:03,11.03,--,96,105888,卖盘
1959,10:37:00,11.03,--,11,12133,卖盘
1960,10:36:57,11.03,-0.02,26,28678,卖盘
1961,10:36:54,11.05,0.02,82,90610,买盘
1962,10:36:45,11.03,--,7,7721,卖盘
1963,10:36:39,11.03,-0.01,173,190819,卖盘
1964,10:36:33,11.04,-0.01,6,6623,卖盘
1965,10:36:30,11.05,0.01,143,158015,买盘
1966,10:36:27,11.04,0.01,200,220799,买盘
1967,10:36:24,11.03,-0.01,1,1103,卖盘
1968,10:36:21,11.04,0.01,1,1104,买盘
1969,10:36:12,11.03,--,18,19854,卖盘
1970,10:36:06,11.03,-0.02,8,8824,卖盘
1971,10:36:03,11.05,0.02,147,162435,买盘
1972,10:36:00,11.03,-0.01,284,313252,卖盘
1973,10:35:48,11.04,--,13,14351,卖盘
1974,10:35:45,11.04,--,7,7727,卖盘
1975,10:35:39,11.04,-0.01,2,2208,卖盘
1976,10:35:30,11.05,0.01,60,66300,买盘
1977,10:35:27,11.04,--,70,77280,卖盘
1978,10:35:24,11.04,--,9,9936,卖盘
1979,10:35:21,11.04,--,7,7727,卖盘
1980,10:35:18,11.04,--,8,8832,卖盘
1981,10:35:15,11.04,--,8,8832,卖盘
1982,10:35:06,11.04,-0.01,16,17664,卖盘
1983,10:35:03,11.05,0.01,238,262990,买盘
1984,10:35:00,11.04,--,319,352176,卖盘
1985,10:34:57,11.04,--,77,85008,卖盘
1986,10:34:54,11.04,-0.01,8,8832,卖盘
1987,10:34:42,11.05,-0.01,122,134810,卖盘
1988,10:34:39,11.06,0.01,42,46452,买盘
1989,10:34:36,11.05,0.01,14,15470,买盘
1990,10:34:33,11.04,--,51,56303,卖盘
1991,10:34:27,11.04,--,30,33120,卖盘
1992,10:34:24,11.04,--,16,17664,卖盘
1993,10:34:18,11.04,--,1,1104,卖盘
1994,10:34:09,11.04,0.01,325,358800,卖盘
1995,10:34:06,11.03,-0.01,247,272441,卖盘
1996,10:34:03,11.04,-0.01,550,607200,买盘
1997,10:34:00,11.05,0.01,15,16575,买盘
1998,10:33:54,11.04,--,98,108191,卖盘
1999,10:33:48,11.04,-0.01,7,7727,卖盘
2000,10:33:45,11.05,0.01,117,129285,买盘
2001,10:33:39,11.04,--,135,149040,卖盘
2002,10:33:36,11.04,--,4,4416,卖盘
2003,10:33:33,11.04,--,118,130271,卖盘
2004,10:33:30,11.04,--,1,1104,卖盘
2005,10:33:27,11.04,-0.01,33,36432,卖盘
2006,10:33:24,11.05,--,10,11050,买盘
2007,10:33:21,11.05,-0.01,18,19890,中性盘
2008,10:33:18,11.06,0.01,89,98434,买盘
2009,10:33:15,11.05,0.01,100,110500,买盘
2010,10:33:12,11.04,--,8,8832,卖盘
2011,10:33:09,11.04,-0.01,113,124751,卖盘
2012,10:33:00,11.05,--,46,50830,买盘
2013,10:32:54,11.05,0.01,135,149175,买盘
2014,10:32:48,11.04,-0.02,22,24287,卖盘
2015,10:32:45,11.06,0.01,300,331800,买盘
2016,10:32:39,11.05,--,72,79560,卖盘
2017,10:32:33,11.05,-0.01,10,11050,卖盘
2018,10:32:30,11.06,0.01,65,71890,买盘
2019,10:32:27,11.05,--,42,46410,卖盘
2020,10:32:15,11.05,--,144,159120,买盘
2021,10:32:12,11.05,0.01,1,1105,买盘
2022,10:32:06,11.04,-0.01,2,2208,卖盘
2023,10:32:03,11.05,--,44,48620,买盘
2024,10:32:00,11.05,0.01,45,49725,买盘
2025,10:31:57,11.04,--,1,1104,卖盘
2026,10:31:54,11.04,--,12,13247,卖盘
2027,10:31:51,11.04,-0.01,5,5520,卖盘
2028,10:31:45,11.05,0.01,50,55250,买盘
2029,10:31:33,11.04,-0.01,8,8832,卖盘
2030,10:31:27,11.05,0.01,1,1105,买盘
2031,10:31:24,11.04,--,4,4416,卖盘
2032,10:31:21,11.04,-0.02,5,5520,卖盘
2033,10:31:18,11.06,0.02,73,80738,买盘
2034,10:31:15,11.04,-0.02,6,6623,卖盘
2035,10:31:06,11.06,--,150,165900,买盘
2036,10:31:00,11.06,--,55,60830,买盘
2037,10:30:54,11.06,--,67,74102,买盘
2038,10:30:48,11.06,--,63,69678,买盘
2039,10:30:36,11.06,--,79,87374,卖盘
2040,10:30:33,11.06,--,7,7742,卖盘
2041,10:30:30,11.06,--,68,75208,卖盘
2042,10:30:27,11.06,--,1,1106,卖盘
2043,10:30:24,11.06,--,1,1106,卖盘
2044,10:30:21,11.06,--,17,18802,卖盘
2045,10:30:18,11.06,--,25,27650,卖盘
2046,10:30:15,11.06,0.02,44,48664,买盘
2047,10:30:12,11.04,--,6,6623,卖盘
2048,10:30:09,11.04,-0.02,8,8832,卖盘
2049,10:30:06,11.06,--,20,22120,买盘
2050,10:30:03,11.06,0.02,32,35392,中性盘
2051,10:29:57,11.04,0.01,10,11040,买盘
2052,10:29:54,11.03,-0.01,8,8824,卖盘
2053,10:29:45,11.04,--,48,52991,卖盘
2054,10:29:42,11.04,--,8,8832,卖盘
2055,10:29:39,11.04,--,218,240671,卖盘
2056,10:29:36,11.04,--,8,8832,卖盘
2057,10:29:30,11.04,--,8,8832,卖盘
2058,10:29:27,11.04,-0.01,522,576288,卖盘
2059,10:29:24,11.05,--,49,54145,买盘
2060,10:29:18,11.05,--,1,1105,买盘
2061,10:29:15,11.05,--,32,35360,买盘
2062,10:28:51,11.05,--,25,27625,买盘
2063,10:28:48,11.05,--,117,129285,买盘
2064,10:28:45,11.05,0.01,20,22100,买盘
2065,10:28:36,11.04,-0.01,23,25391,卖盘
2066,10:28:30,11.05,--,28,30940,买盘
2067,10:28:27,11.05,--,73,80665,买盘
2068,10:28:24,11.05,0.01,217,239785,买盘
2069,10:28:21,11.04,--,500,552000,卖盘
2070,10:28:18,11.04,-0.01,100,110399,卖盘
2071,10:28:15,11.05,--,1,1105,买盘
2072,10:28:12,11.05,--,5,5525,买盘
2073,10:27:54,11.05,0.01,1,1105,买盘
2074,10:27:42,11.04,-0.01,46,50783,卖盘
2075,10:27:39,11.05,--,30,33150,买盘
2076,10:27:36,11.05,--,7,7735,买盘
2077,10:27:33,11.05,0.01,11,12155,买盘
2078,10:27:30,11.04,-0.01,4,4416,卖盘
2079,10:27:27,11.05,--,14,15470,买盘
2080,10:27:21,11.05,0.01,46,50830,买盘
2081,10:27:18,11.04,-0.01,1,1104,卖盘
2082,10:27:09,11.05,--,37,40885,买盘
2083,10:27:03,11.05,--,24,26520,买盘
2084,10:26:54,11.05,-0.02,69,76245,卖盘
2085,10:26:39,11.07,0.01,90,99630,买盘
2086,10:26:36,11.06,0.01,17,18802,买盘
2087,10:26:33,11.05,-0.01,251,277355,卖盘
2088,10:26:27,11.06,0.01,1,1106,买盘
2089,10:26:24,11.05,-0.01,1,1105,卖盘
2090,10:26:18,11.06,--,1,1106,买盘
2091,10:26:15,11.06,--,25,27650,买盘
2092,10:26:06,11.06,--,13,14378,买盘
2093,10:26:03,11.06,0.01,1,1106,买盘
2094,10:26:00,11.05,--,27,29835,卖盘
2095,10:25:54,11.05,--,1,1105,卖盘
2096,10:25:51,11.05,--,5,5525,卖盘
2097,10:25:39,11.05,--,15,16575,卖盘
2098,10:25:30,11.05,-0.01,9,9945,卖盘
2099,10:25:24,11.06,0.01,34,37604,买盘
2100,10:25:18,11.05,--,32,35360,卖盘
2101,10:25:12,11.05,-0.01,15,16575,卖盘
2102,10:25:09,11.06,0.01,2,2212,买盘
2103,10:24:54,11.05,-0.01,5,5525,卖盘
2104,10:24:39,11.06,--,8,8848,卖盘
2105,10:24:30,11.06,--,10,11060,卖盘
2106,10:24:27,11.06,-0.01,10,11060,卖盘
2107,10:24:24,11.07,--,39,43173,买盘
2108,10:24:21,11.07,--,18,19926,买盘
2109,10:24:18,11.07,0.01,4,4428,买盘
2110,10:24:15,11.06,--,32,35392,卖盘
2111,10:24:09,11.06,--,5,5530,卖盘
2112,10:24:00,11.06,--,8,8848,卖盘
2113,10:23:45,11.06,--,8,8848,卖盘
2114,10:23:42,11.06,-0.01,8,8848,卖盘
2115,10:23:39,11.07,0.01,101,111807,买盘
2116,10:23:33,11.06,--,19,21014,卖盘
2117,10:23:27,11.06,--,10,11060,卖盘
2118,10:23:24,11.06,0.01,28,30968,买盘
2119,10:23:18,11.05,-0.02,214,236470,卖盘
2120,10:23:15,11.07,0.01,64,70848,买盘
2121,10:23:12,11.06,--,11,12166,卖盘
2122,10:23:09,11.06,--,135,149310,买盘
2123,10:23:03,11.06,0.01,10,11060,买盘
2124,10:22:57,11.05,-0.01,2,2210,卖盘
2125,10:22:45,11.06,0.01,2,2212,买盘
2126,10:22:42,11.05,-0.01,32,35360,卖盘
2127,10:22:33,11.06,--,29,32074,买盘
2128,10:22:27,11.06,--,22,24332,买盘
2129,10:22:24,11.06,0.01,10,11060,买盘
2130,10:22:18,11.05,-0.01,55,60775,卖盘
2131,10:22:09,11.06,--,30,33180,买盘
2132,10:22:06,11.06,0.01,5,5530,买盘
2133,10:22:03,11.05,--,25,27625,买盘
2134,10:22:00,11.05,--,3,3315,买盘
2135,10:21:57,11.05,-0.01,38,41990,卖盘
2136,10:21:54,11.06,0.01,3,3318,买盘
2137,10:21:48,11.05,--,6,6630,卖盘
2138,10:21:30,11.05,--,90,99450,卖盘
2139,10:21:18,11.05,--,1,1105,卖盘
2140,10:21:15,11.05,--,1,1105,卖盘
2141,10:21:06,11.05,--,239,264095,买盘
2142,10:21:03,11.05,--,32,35360,买盘
2143,10:21:00,11.05,--,9,9945,买盘
2144,10:20:54,11.05,--,10,11050,买盘
2145,10:20:51,11.05,0.01,1,1105,中性盘
2146,10:20:45,11.04,-0.01,53,58511,卖盘
2147,10:20:30,11.05,-0.02,8,8840,中性盘
2148,10:20:27,11.07,--,15,16605,买盘
2149,10:20:15,11.07,0.03,30,33210,买盘
2150,10:20:12,11.04,-0.01,10,11040,卖盘
2151,10:20:09,11.05,--,35,38675,买盘
2152,10:20:03,11.05,0.01,10,11050,买盘
2153,10:19:57,11.04,-0.01,7,7727,卖盘
2154,10:19:51,11.05,0.01,8,8840,买盘
2155,10:19:45,11.04,-0.01,1,1104,卖盘
2156,10:19:42,11.05,--,5,5525,买盘
2157,10:19:33,11.05,-0.01,13,14365,卖盘
2158,10:19:30,11.06,0.02,44,48664,买盘
2159,10:19:27,11.04,-0.01,53,58511,卖盘
2160,10:19:24,11.05,0.01,2,2210,中性盘
2161,10:19:15,11.04,-0.02,10,11271,卖盘
2162,10:19:09,11.06,0.01,1,1106,买盘
2163,10:19:06,11.05,--,2,2210,卖盘
2164,10:18:57,11.05,--,10,11050,卖盘
2165,10:18:51,11.05,--,24,26520,卖盘
2166,10:18:36,11.05,--,1,1105,卖盘
2167,10:18:09,11.05,--,1,1105,卖盘
2168,10:18:06,11.05,--,7,7735,买盘
2169,10:18:00,11.05,--,75,82875,卖盘
2170,10:17:54,11.05,-0.02,153,169065,卖盘
2171,10:17:45,11.07,0.01,4,4428,买盘
2172,10:17:42,11.06,-0.01,3,3318,卖盘
2173,10:17:33,11.07,0.01,34,37638,买盘
2174,10:17:27,11.06,--,9,9954,买盘
2175,10:17:21,11.06,-0.01,91,100646,卖盘
2176,10:17:12,11.07,--,2,2214,买盘
2177,10:17:09,11.07,--,52,57564,买盘
2178,10:17:03,11.07,0.01,103,114021,买盘
2179,10:16:57,11.06,--,50,55300,卖盘
2180,10:16:42,11.06,--,1,1106,卖盘
2181,10:16:39,11.06,-0.01,1,1106,中性盘
2182,10:16:33,11.07,0.02,34,37638,买盘
2183,10:16:30,11.05,-0.02,60,66300,卖盘
2184,10:16:21,11.07,0.01,20,22140,买盘
2185,10:16:15,11.06,-0.01,11,12166,卖盘
2186,10:16:06,11.07,--,1,1107,买盘
2187,10:16:03,11.07,--,10,11070,买盘
2188,10:15:54,11.07,--,26,28782,买盘
2189,10:15:21,11.07,0.02,12,13284,买盘
2190,10:15:15,11.05,--,16,17680,卖盘
2191,10:15:12,11.05,-0.01,47,51935,卖盘
2192,10:15:09,11.06,--,1,1106,卖盘
2193,10:15:03,11.06,--,2,2212,买盘
2194,10:15:00,11.06,0.01,29,32074,买盘
2195,10:14:48,11.05,--,1,1105,卖盘
2196,10:14:42,11.05,--,27,29835,卖盘
2197,10:14:36,11.05,-0.02,11,12155,卖盘
2198,10:14:33,11.07,0.02,24,26568,买盘
2199,10:14:30,11.05,-0.01,17,18785,卖盘
2200,10:14:27,11.06,--,6,6636,买盘
2201,10:14:24,11.06,--,47,51982,买盘
2202,10:14:21,11.06,-0.01,59,65254,卖盘
2203,10:14:18,11.07,0.01,10,11070,中性盘
2204,10:14:06,11.06,-0.02,4,4424,卖盘
2205,10:14:00,11.08,0.01,13,14404,买盘
2206,10:13:57,11.07,0.01,26,28782,中性盘
2207,10:13:51,11.06,--,12,13272,买盘
2208,10:13:48,11.06,-0.02,18,19908,卖盘
2209,10:13:45,11.08,0.02,55,60940,买盘
2210,10:13:39,11.06,-0.01,50,55300,中性盘
2211,10:13:33,11.07,-0.01,9,9963,中性盘
2212,10:13:30,11.08,--,48,53184,买盘
2213,10:13:21,11.08,--,50,55400,买盘
2214,10:13:18,11.08,0.02,46,50968,买盘
2215,10:13:15,11.06,--,30,33180,买盘
2216,10:13:12,11.06,-0.01,13,14378,卖盘
2217,10:13:09,11.07,--,15,16605,买盘
2218,10:13:03,11.07,--,20,22140,买盘
2219,10:13:00,11.07,0.02,10,11070,买盘
2220,10:12:54,11.05,--,8,8840,卖盘
2221,10:12:48,11.05,-0.02,1,1105,卖盘
2222,10:12:45,11.07,0.03,8,8856,中性盘
2223,10:12:24,11.04,-0.04,3,3311,卖盘
2224,10:12:18,11.08,0.03,57,63156,买盘
2225,10:12:15,11.05,0.01,2,2210,中性盘
2226,10:12:09,11.04,--,21,23184,卖盘
2227,10:12:06,11.04,-0.01,50,55199,卖盘
2228,10:12:03,11.05,--,4,4420,卖盘
2229,10:12:00,11.05,--,3,3315,卖盘
2230,10:11:57,11.05,--,38,41990,卖盘
2231,10:11:36,11.05,--,49,54145,卖盘
2232,10:11:30,11.05,0.01,131,144755,买盘
2233,10:11:24,11.04,-0.01,32,35328,卖盘
2234,10:11:15,11.05,-0.01,5,5525,卖盘
2235,10:11:12,11.06,0.01,28,30968,买盘
2236,10:11:09,11.05,--,10,11050,卖盘
2237,10:11:03,11.05,--,3,3315,卖盘
2238,10:10:57,11.05,--,1,1105,卖盘
2239,10:10:54,11.05,--,23,25415,卖盘
2240,10:10:51,11.05,--,11,12155,买盘
2241,10:10:48,11.05,0.01,10,11050,买盘
2242,10:10:45,11.04,--,27,29807,卖盘
2243,10:10:42,11.04,--,60,66240,卖盘
2244,10:10:39,11.04,--,5,5520,卖盘
2245,10:10:36,11.04,--,48,52991,卖盘
2246,10:10:33,11.04,--,8,8832,卖盘
2247,10:10:30,11.04,-0.01,1,1104,卖盘
2248,10:10:27,11.05,0.01,50,55250,买盘
2249,10:10:21,11.04,--,8,8832,卖盘
2250,10:10:15,11.04,-0.01,16,17664,卖盘
2251,10:09:54,11.05,--,10,11050,买盘
2252,10:09:51,11.05,--,4,4420,卖盘
2253,10:09:48,11.05,--,118,130390,卖盘
2254,10:09:45,11.05,--,8,8840,卖盘
2255,10:09:42,11.05,--,14,15470,卖盘
2256,10:09:36,11.05,-0.01,46,50830,卖盘
2257,10:09:27,11.06,0.01,50,55300,买盘
2258,10:09:24,11.05,--,20,22100,卖盘
2259,10:09:03,11.05,-0.01,46,50830,卖盘
2260,10:09:00,11.06,0.01,102,112812,买盘
2261,10:08:54,11.05,-0.01,1,1105,卖盘
2262,10:08:51,11.06,--,11,12166,买盘
2263,10:08:48,11.06,--,181,200186,买盘
2264,10:08:42,11.06,-0.02,519,574014,卖盘
2265,10:08:30,11.08,0.02,256,283648,买盘
2266,10:08:27,11.06,--,50,55300,卖盘
2267,10:08:21,11.06,-0.01,9,9954,卖盘
2268,10:08:18,11.07,0.01,37,40959,买盘
2269,10:08:15,11.06,--,4,4424,卖盘
2270,10:08:12,11.06,--,1,1106,卖盘
2271,10:08:09,11.06,--,14,15484,卖盘
2272,10:07:57,11.06,--,36,39816,卖盘
2273,10:07:54,11.06,--,5,5530,卖盘
2274,10:07:51,11.06,--,4,4424,卖盘
2275,10:07:45,11.06,--,10,11060,卖盘
2276,10:07:42,11.06,--,22,24332,卖盘
2277,10:07:39,11.06,--,68,75208,卖盘
2278,10:07:36,11.06,--,16,17696,卖盘
2279,10:07:33,11.06,0.01,153,169218,买盘
2280,10:07:27,11.05,-0.01,226,249730,卖盘
2281,10:07:24,11.06,--,50,55300,卖盘
2282,10:07:21,11.06,0.01,38,42028,中性盘
2283,10:07:15,11.05,-0.01,10,11050,卖盘
2284,10:07:12,11.06,0.01,3,3318,卖盘
2285,10:07:09,11.05,-0.02,10,11050,卖盘
2286,10:07:03,11.07,0.02,203,224721,买盘
2287,10:07:00,11.05,--,10,11050,卖盘
2288,10:06:45,11.05,--,30,33150,卖盘
2289,10:06:42,11.05,-0.01,1,1105,卖盘
2290,10:06:36,11.06,0.01,23,25438,买盘
2291,10:06:24,11.05,--,32,35360,卖盘
2292,10:06:15,11.05,--,1,1105,卖盘
2293,10:06:12,11.05,--,10,11050,卖盘
2294,10:06:09,11.05,--,47,51935,卖盘
2295,10:06:06,11.05,--,6,6630,卖盘
2296,10:06:00,11.05,--,50,55250,卖盘
2297,10:05:54,11.05,-0.01,120,132600,卖盘
2298,10:05:51,11.06,0.01,120,132720,买盘
2299,10:05:42,11.05,--,6,6630,卖盘
2300,10:05:39,11.05,--,5,5525,卖盘
2301,10:05:36,11.05,-0.01,10,11050,卖盘
2302,10:05:33,11.06,--,11,12166,买盘
2303,10:05:30,11.06,0.01,12,13272,买盘
2304,10:05:24,11.05,-0.01,3,3315,卖盘
2305,10:05:18,11.06,0.01,1,1106,买盘
2306,10:05:12,11.05,-0.01,1,1105,卖盘
2307,10:05:03,11.06,--,7,7742,卖盘
2308,10:05:00,11.06,--,20,22120,卖盘
2309,10:04:57,11.06,--,30,33180,卖盘
2310,10:04:51,11.06,--,18,19908,买盘
2311,10:04:48,11.06,0.01,1,1106,中性盘
2312,10:04:42,11.05,-0.02,2,2210,卖盘
2313,10:04:39,11.07,0.02,153,169371,买盘
2314,10:04:36,11.05,--,50,55250,卖盘
2315,10:04:18,11.05,--,8,8840,卖盘
2316,10:04:15,11.05,-0.01,156,172380,卖盘
2317,10:04:12,11.06,--,630,696780,卖盘
2318,10:04:09,11.06,--,14,15484,卖盘
2319,10:04:06,11.06,--,40,44240,卖盘
2320,10:04:03,11.06,--,143,158158,卖盘
2321,10:04:00,11.06,--,13,14378,卖盘
2322,10:03:57,11.06,--,15,16590,卖盘
2323,10:03:48,11.06,-0.01,8,8848,卖盘
2324,10:03:45,11.07,--,35,38745,卖盘
2325,10:03:42,11.07,--,18,19926,卖盘
2326,10:03:39,11.07,0.01,48,53136,买盘
2327,10:03:36,11.06,--,1,1106,卖盘
2328,10:03:33,11.06,-0.01,102,112812,卖盘
2329,10:03:24,11.07,0.01,2,2214,中性盘
2330,10:03:09,11.06,-0.01,128,141568,卖盘
2331,10:03:06,11.07,-0.01,34,37638,卖盘
2332,10:03:03,11.08,0.01,20,22160,买盘
2333,10:02:54,11.07,0.01,1,1107,买盘
2334,10:02:51,11.06,-0.02,8,8848,卖盘
2335,10:02:45,11.08,0.01,116,128528,买盘
2336,10:02:42,11.07,0.01,104,115128,买盘
2337,10:02:39,11.06,-0.01,5,5530,卖盘
2338,10:02:33,11.07,--,4,4428,买盘
2339,10:02:30,11.07,0.01,14,15498,买盘
2340,10:02:27,11.06,-0.01,24,26544,卖盘
2341,10:02:21,11.07,0.01,10,11070,买盘
2342,10:02:09,11.06,--,79,87374,卖盘
2343,10:02:03,11.06,-0.01,32,35392,卖盘
2344,10:01:54,11.07,--,101,111807,卖盘
2345,10:01:51,11.07,--,10,11070,卖盘
2346,10:01:45,11.07,--,160,177120,卖盘
2347,10:01:42,11.07,-0.01,10,11070,卖盘
2348,10:01:39,11.08,--,14,15512,买盘
2349,10:01:30,11.08,--,9,9972,买盘
2350,10:01:27,11.08,0.01,10,11080,买盘
2351,10:01:24,11.07,-0.01,10,11070,卖盘
2352,10:01:18,11.08,0.01,1,1108,买盘
2353,10:01:15,11.07,--,1,1107,卖盘
2354,10:01:12,11.07,--,2,2214,卖盘
2355,10:00:48,11.07,--,4,4428,卖盘
2356,10:00:45,11.07,--,7,7749,卖盘
2357,10:00:33,11.07,-0.02,2,2214,卖盘
2358,10:00:12,11.09,0.02,28,31052,买盘
2359,10:00:09,11.07,--,30,33210,卖盘
2360,10:00:06,11.07,-0.01,37,40959,卖盘
2361,10:00:03,11.08,--,40,44320,买盘
2362,10:00:00,11.08,--,15,16620,买盘
2363,09:59:54,11.08,0.01,42,46536,买盘
2364,09:59:51,11.07,--,5,5535,卖盘
2365,09:59:48,11.07,--,8,8856,卖盘
2366,09:59:45,11.07,--,8,8856,卖盘
2367,09:59:42,11.07,0.01,1,1107,中性盘
2368,09:59:33,11.06,-0.02,1,1106,卖盘
2369,09:59:30,11.08,0.02,21,23268,买盘
2370,09:59:24,11.06,-0.01,16,17696,卖盘
2371,09:59:18,11.07,--,19,21033,卖盘
2372,09:59:12,11.07,--,1,1107,卖盘
2373,09:59:09,11.07,--,8,8856,卖盘
2374,09:59:06,11.07,-0.01,15,16605,卖盘
2375,09:59:03,11.08,0.01,35,38780,买盘
2376,09:59:00,11.07,0.01,18,19926,中性盘
2377,09:58:54,11.06,--,8,8848,卖盘
2378,09:58:51,11.06,--,5,5530,卖盘
2379,09:58:48,11.06,--,1,1106,卖盘
2380,09:58:45,11.06,-0.03,11,12166,卖盘
2381,09:58:42,11.09,0.03,9,9981,买盘
2382,09:58:39,11.06,--,51,56406,卖盘
2383,09:58:36,11.06,-0.03,3,3318,卖盘
2384,09:58:33,11.09,0.03,140,155260,买盘
2385,09:58:30,11.06,-0.02,9,9954,卖盘
2386,09:58:27,11.08,0.01,69,76452,买盘
2387,09:58:24,11.07,--,39,43173,卖盘
2388,09:58:21,11.07,-0.01,233,257931,卖盘
2389,09:58:18,11.08,0.01,1,1108,买盘
2390,09:58:15,11.07,--,57,63099,卖盘
2391,09:58:12,11.07,--,3,3321,卖盘
2392,09:58:09,11.07,--,63,69741,卖盘
2393,09:58:06,11.07,--,4,4428,卖盘
2394,09:58:00,11.07,--,55,60885,卖盘
2395,09:57:54,11.07,--,100,110700,卖盘
2396,09:57:51,11.07,-0.01,7,7749,卖盘
2397,09:57:45,11.08,0.01,58,64264,买盘
2398,09:57:42,11.07,--,8,8856,卖盘
2399,09:57:39,11.07,--,78,86346,卖盘
2400,09:57:27,11.07,-0.01,18,19926,卖盘
2401,09:57:21,11.08,0.01,18,19944,买盘
2402,09:57:18,11.07,--,27,29889,卖盘
2403,09:57:15,11.07,--,7,7749,卖盘
2404,09:57:12,11.07,--,8,8856,卖盘
2405,09:57:09,11.07,--,1,1107,卖盘
2406,09:57:00,11.07,-0.01,1,1107,卖盘
2407,09:56:54,11.08,0.01,44,48752,买盘
2408,09:56:51,11.07,-0.01,20,22140,卖盘
2409,09:56:48,11.08,0.01,9,9972,买盘
2410,09:56:42,11.07,--,16,17712,卖盘
2411,09:56:39,11.07,--,17,18819,卖盘
2412,09:56:36,11.07,--,1,1107,卖盘
2413,09:56:33,11.07,--,8,8856,卖盘
2414,09:56:30,11.07,-0.01,34,37638,卖盘
2415,09:56:27,11.08,--,9,9972,买盘
2416,09:56:24,11.08,--,35,38780,买盘
2417,09:56:21,11.08,0.01,30,33240,买盘
2418,09:56:18,11.07,-0.01,39,43173,卖盘
2419,09:56:09,11.08,--,8,8864,买盘
2420,09:55:48,11.08,--,30,33240,买盘
2421,09:55:45,11.08,--,82,90856,买盘
2422,09:55:39,11.08,--,132,146256,卖盘
2423,09:55:24,11.08,-0.01,10,11080,卖盘
2424,09:55:21,11.09,--,100,110900,买盘
2425,09:55:18,11.09,0.01,74,82066,买盘
2426,09:55:15,11.08,--,52,57616,卖盘
2427,09:55:12,11.08,0.02,6,6648,买盘
2428,09:55:09,11.06,--,11,12166,卖盘
2429,09:55:06,11.06,--,13,14378,卖盘
2430,09:55:03,11.06,-0.03,134,148204,卖盘
2431,09:54:54,11.09,0.03,100,110900,买盘
2432,09:54:51,11.06,--,5,5530,卖盘
2433,09:54:45,11.06,--,286,316316,卖盘
2434,09:54:33,11.06,-0.03,11,12166,卖盘
2435,09:54:30,11.09,0.04,164,181876,买盘
2436,09:54:24,11.05,-0.01,212,234945,卖盘
2437,09:54:21,11.06,0.01,20,22120,卖盘
2438,09:54:18,11.05,--,19,20995,卖盘
2439,09:54:09,11.05,--,238,262990,卖盘
2440,09:54:06,11.05,--,39,43095,卖盘
2441,09:54:00,11.05,-0.01,43,47515,卖盘
2442,09:53:57,11.06,--,2,2212,买盘
2443,09:53:51,11.06,--,5,5530,买盘
2444,09:53:45,11.06,-0.01,32,35392,卖盘
2445,09:53:42,11.07,0.02,1,1107,买盘
2446,09:53:36,11.05,--,5,5525,卖盘
2447,09:53:33,11.05,--,13,14365,卖盘
2448,09:53:30,11.05,-0.03,10,11050,卖盘
2449,09:53:24,11.08,0.03,35,38780,买盘
2450,09:53:15,11.05,-0.01,60,66300,卖盘
2451,09:53:12,11.06,--,3,3318,卖盘
2452,09:53:09,11.06,--,1,1106,卖盘
2453,09:53:06,11.06,0.01,4,4424,卖盘
2454,09:53:03,11.05,-0.02,3,3315,卖盘
2455,09:53:00,11.07,0.02,81,89667,买盘
2456,09:52:57,11.05,--,3,3315,卖盘
2457,09:52:54,11.05,--,20,22100,卖盘
2458,09:52:51,11.05,-0.01,42,46410,卖盘
2459,09:52:48,11.06,--,33,36498,买盘
2460,09:52:45,11.06,--,4,4424,买盘
2461,09:52:42,11.06,0.01,14,15484,买盘
2462,09:52:39,11.05,--,1,1105,卖盘
2463,09:52:36,11.05,-0.01,62,68510,卖盘
2464,09:52:33,11.06,--,34,37604,买盘
2465,09:52:30,11.06,0.01,18,19908,买盘
2466,09:52:27,11.05,-0.01,3,3315,卖盘
2467,09:52:24,11.06,0.01,5,5530,买盘
2468,09:52:21,11.05,-0.01,8,8840,卖盘
2469,09:52:15,11.06,--,31,34286,卖盘
2470,09:52:12,11.06,--,79,87374,卖盘
2471,09:52:09,11.06,-0.03,77,85162,卖盘
2472,09:52:06,11.09,0.03,11,12199,买盘
2473,09:52:03,11.06,--,8,8848,卖盘
2474,09:51:51,11.06,-0.03,8,8848,卖盘
2475,09:51:45,11.09,0.03,205,227345,买盘
2476,09:51:33,11.06,--,139,153734,卖盘
2477,09:51:30,11.06,--,54,59724,买盘
2478,09:51:27,11.06,--,49,54194,卖盘
2479,09:51:24,11.06,--,1,1106,卖盘
2480,09:51:21,11.06,-0.03,1,1106,卖盘
2481,09:51:18,11.09,0.03,101,112009,买盘
2482,09:51:15,11.06,--,126,139356,卖盘
2483,09:51:03,11.06,-0.03,7,7742,卖盘
2484,09:51:00,11.09,--,10,11555,卖盘
2485,09:50:57,11.09,--,28,31052,卖盘
2486,09:50:54,11.09,0.03,134,149249,买盘
2487,09:50:45,11.06,-0.02,229,253274,卖盘
2488,09:50:39,11.08,0.02,2,2216,买盘
2489,09:50:36,11.06,-0.03,204,225624,卖盘
2490,09:50:30,11.09,0.02,124,137516,买盘
2491,09:50:24,11.07,-0.02,300,332100,卖盘
2492,09:50:21,11.09,--,2,2218,买盘
2493,09:50:18,11.09,0.01,45,49905,买盘
2494,09:50:06,11.08,-0.01,9,9972,卖盘
2495,09:50:03,11.09,--,17,18853,买盘
2496,09:50:00,11.09,--,15,17100,卖盘
2497,09:49:57,11.09,--,35,38815,卖盘
2498,09:49:54,11.09,--,167,185846,买盘
2499,09:49:48,11.09,--,11,12664,卖盘
2500,09:49:45,11.09,--,37,41033,卖盘
2501,09:49:39,11.09,--,10,11090,卖盘
2502,09:49:33,11.09,--,40,44360,卖盘
2503,09:49:30,11.09,--,49,54341,卖盘
2504,09:49:24,11.09,--,18,19962,卖盘
2505,09:49:18,11.09,--,11,12199,卖盘
2506,09:49:15,11.09,--,117,130396,买盘
2507,09:49:12,11.09,--,111,123099,买盘
2508,09:49:09,11.09,0.01,94,104246,买盘
2509,09:49:06,11.08,--,106,117448,卖盘
2510,09:48:57,11.08,-0.01,44,48752,卖盘
2511,09:48:54,11.09,0.01,86,95374,买盘
2512,09:48:51,11.08,-0.01,3,3324,卖盘
2513,09:48:45,11.09,0.02,129,143061,买盘
2514,09:48:42,11.07,--,114,126198,卖盘
2515,09:48:33,11.07,--,2,2214,卖盘
2516,09:48:30,11.07,--,89,98523,卖盘
2517,09:48:24,11.07,-0.01,1,1107,卖盘
2518,09:48:21,11.08,--,15,16620,买盘
2519,09:48:18,11.08,--,14,15512,买盘
2520,09:48:15,11.08,0.01,50,55400,买盘
2521,09:48:12,11.07,-0.01,14,15498,卖盘
2522,09:48:06,11.08,--,140,155120,买盘
2523,09:48:03,11.08,0.02,98,108584,买盘
2524,09:48:00,11.06,-0.02,50,55300,卖盘
2525,09:47:51,11.08,0.02,212,234896,买盘
2526,09:47:45,11.06,-0.01,17,18802,卖盘
2527,09:47:39,11.07,--,46,50922,买盘
2528,09:47:36,11.07,0.01,30,33210,买盘
2529,09:47:33,11.06,--,33,36498,卖盘
2530,09:47:30,11.06,--,2,2212,买盘
2531,09:47:27,11.06,0.01,10,11060,买盘
2532,09:47:24,11.05,-0.01,1,1105,卖盘
2533,09:47:21,11.06,0.01,6,6636,买盘
2534,09:47:18,11.05,--,52,57460,卖盘
2535,09:47:15,11.05,--,59,65195,卖盘
2536,09:47:09,11.05,--,40,44200,卖盘
2537,09:47:06,11.05,--,9,9945,卖盘
2538,09:46:57,11.05,-0.01,88,97240,卖盘
2539,09:46:54,11.06,--,12,13272,买盘
2540,09:46:51,11.06,--,85,94010,买盘
2541,09:46:48,11.06,--,8,8848,买盘
2542,09:46:45,11.06,0.01,34,37604,买盘
2543,09:46:42,11.05,--,3,3315,卖盘
2544,09:46:36,11.05,--,38,41990,卖盘
2545,09:46:33,11.05,--,13,14365,卖盘
2546,09:46:30,11.05,--,77,85085,卖盘
2547,09:46:27,11.05,-0.01,47,51935,卖盘
2548,09:46:24,11.06,0.01,57,63042,买盘
2549,09:46:21,11.05,0.01,7,7735,买盘
2550,09:46:15,11.04,--,10,11040,卖盘
2551,09:46:12,11.04,--,8,8832,卖盘
2552,09:46:06,11.04,--,112,123647,卖盘
2553,09:46:03,11.04,--,1,1104,卖盘
2554,09:46:00,11.04,--,34,37536,卖盘
2555,09:45:54,11.04,--,34,37536,卖盘
2556,09:45:48,11.04,-0.01,15,16560,卖盘
2557,09:45:42,11.05,--,20,22100,卖盘
2558,09:45:39,11.05,-0.01,10,11050,卖盘
2559,09:45:36,11.06,--,10,11060,买盘
2560,09:45:24,11.06,0.02,34,37604,买盘
2561,09:45:21,11.04,--,7,7727,卖盘
2562,09:45:18,11.04,0.01,3,3311,卖盘
2563,09:45:12,11.03,--,40,44120,卖盘
2564,09:45:06,11.03,-0.01,38,41914,卖盘
2565,09:45:03,11.04,-0.02,15,16560,卖盘
2566,09:45:00,11.06,0.03,179,197974,买盘
2567,09:44:57,11.03,--,429,473187,卖盘
2568,09:44:54,11.03,-0.01,2,2206,卖盘
2569,09:44:51,11.04,0.01,36,39744,买盘
2570,09:44:48,11.03,--,8,8824,买盘
2571,09:44:45,11.03,--,55,60665,卖盘
2572,09:44:42,11.03,--,2,2206,卖盘
2573,09:44:39,11.03,-0.01,3,3309,中性盘
2574,09:44:33,11.04,0.02,98,108191,买盘
2575,09:44:30,11.02,-0.01,20,22040,卖盘
2576,09:44:27,11.03,--,73,80519,卖盘
2577,09:44:24,11.03,-0.01,12,13236,卖盘
2578,09:44:21,11.04,0.01,37,40848,买盘
2579,09:44:18,11.03,-0.01,6,6618,卖盘
2580,09:44:15,11.04,0.01,18,19872,买盘
2581,09:44:12,11.03,-0.01,106,116918,卖盘
2582,09:44:09,11.04,--,55,60719,卖盘
2583,09:44:06,11.04,0.01,48,52991,中性盘
2584,09:44:03,11.03,--,23,25369,卖盘
2585,09:43:57,11.03,--,2,2206,卖盘
2586,09:43:54,11.03,--,12,13236,卖盘
2587,09:43:51,11.03,--,14,15442,卖盘
2588,09:43:48,11.03,-0.01,16,17648,卖盘
2589,09:43:45,11.04,0.01,175,193199,买盘
2590,09:43:42,11.03,--,56,61768,卖盘
2591,09:43:39,11.03,-0.01,80,88240,卖盘
2592,09:43:36,11.04,0.01,22,24287,买盘
2593,09:43:33,11.03,--,36,39708,卖盘
2594,09:43:30,11.03,--,7,7721,卖盘
2595,09:43:27,11.03,-0.01,159,175377,卖盘
2596,09:43:24,11.04,--,20,22080,买盘
2597,09:43:21,11.04,--,33,36432,买盘
2598,09:43:18,11.04,--,163,179952,卖盘
2599,09:43:15,11.04,--,32,35328,卖盘
2600,09:43:12,11.04,--,10,11040,卖盘
2601,09:43:06,11.04,--,84,92736,卖盘
2602,09:43:03,11.04,-0.01,20,22080,卖盘
2603,09:43:00,11.05,0.01,20,22100,买盘
2604,09:42:57,11.04,-0.01,30,33120,卖盘
2605,09:42:54,11.05,0.01,89,98345,买盘
2606,09:42:48,11.04,-0.01,1,1104,卖盘
2607,09:42:45,11.05,--,160,176800,卖盘
2608,09:42:39,11.05,--,13,14365,卖盘
2609,09:42:36,11.05,-0.01,15,16575,卖盘
2610,09:42:33,11.06,-0.03,27,29862,买盘
2611,09:42:30,11.09,0.04,236,261724,买盘
2612,09:42:27,11.05,-0.01,86,95030,卖盘
2613,09:42:21,11.06,--,5,5530,买盘
2614,09:42:18,11.06,--,50,55300,买盘
2615,09:42:15,11.06,--,9,9954,买盘
2616,09:42:09,11.06,--,211,233366,卖盘
2617,09:42:06,11.06,-0.01,203,224518,卖盘
2618,09:42:03,11.07,0.01,120,132840,买盘
2619,09:42:00,11.06,--,19,21014,卖盘
2620,09:41:51,11.06,--,20,22120,卖盘
2621,09:41:48,11.06,--,145,160370,卖盘
2622,09:41:42,11.06,-0.01,74,81844,卖盘
2623,09:41:39,11.07,0.01,44,48708,买盘
2624,09:41:36,11.06,--,8,8848,卖盘
2625,09:41:33,11.06,--,30,33180,卖盘
2626,09:41:27,11.06,--,5,5530,卖盘
2627,09:41:24,11.06,-0.01,5,5530,卖盘
2628,09:41:18,11.07,--,36,39852,买盘
2629,09:41:15,11.07,--,3,3321,买盘
2630,09:41:12,11.07,--,5,5535,买盘
2631,09:41:06,11.07,--,12,13284,卖盘
2632,09:41:03,11.07,0.01,8,8856,中性盘
2633,09:40:54,11.06,-0.01,56,61936,卖盘
2634,09:40:48,11.07,--,10,11070,卖盘
2635,09:40:45,11.07,0.01,30,33210,卖盘
2636,09:40:42,11.06,-0.01,11,12166,卖盘
2637,09:40:39,11.07,--,2,2214,买盘
2638,09:40:36,11.07,0.01,1,1107,买盘
2639,09:40:33,11.06,-0.01,8,8848,卖盘
2640,09:40:30,11.07,-0.01,35,38745,卖盘
2641,09:40:27,11.08,-0.01,10,11080,中性盘
2642,09:40:15,11.09,0.02,126,139734,买盘
2643,09:40:09,11.07,--,227,251289,卖盘
2644,09:40:06,11.07,--,20,22140,卖盘
2645,09:40:03,11.07,--,65,71955,卖盘
2646,09:39:57,11.07,--,40,44280,卖盘
2647,09:39:54,11.07,--,15,16605,卖盘
2648,09:39:51,11.07,-0.02,10,11070,卖盘
2649,09:39:48,11.09,0.02,84,93156,买盘
2650,09:39:45,11.07,--,22,24354,卖盘
2651,09:39:42,11.07,-0.01,30,33210,卖盘
2652,09:39:36,11.08,--,20,22160,买盘
2653,09:39:30,11.08,0.01,123,136284,买盘
2654,09:39:27,11.07,-0.01,50,55350,卖盘
2655,09:39:24,11.08,0.01,59,65372,买盘
2656,09:39:21,11.07,-0.01,10,11070,卖盘
2657,09:39:15,11.08,0.01,45,49860,买盘
2658,09:39:06,11.07,--,17,18819,卖盘
2659,09:39:03,11.07,-0.01,63,69741,卖盘
2660,09:39:00,11.08,0.01,84,93072,买盘
2661,09:38:54,11.07,--,32,35424,卖盘
2662,09:38:51,11.07,--,55,60885,卖盘
2663,09:38:48,11.07,-0.02,8,8856,卖盘
2664,09:38:39,11.09,0.02,29,32161,买盘
2665,09:38:36,11.07,-0.01,20,22140,卖盘
2666,09:38:33,11.08,--,91,100828,买盘
2667,09:38:30,11.08,--,82,90856,卖盘
2668,09:38:27,11.08,--,14,15512,卖盘
2669,09:38:24,11.08,-0.01,100,110800,卖盘
2670,09:38:21,11.09,0.01,45,49905,买盘
2671,09:38:18,11.08,--,1,1108,卖盘
2672,09:38:12,11.08,-0.01,6,6648,卖盘
2673,09:38:09,11.09,--,58,64322,买盘
2674,09:38:06,11.09,0.01,50,55450,买盘
2675,09:38:00,11.08,-0.01,15,16620,卖盘
2676,09:37:48,11.09,--,106,117554,卖盘
2677,09:37:45,11.09,--,15,16635,卖盘
2678,09:37:39,11.09,--,23,25507,卖盘
2679,09:37:33,11.09,--,3,3327,卖盘
2680,09:37:30,11.09,0.01,100,110900,买盘
2681,09:37:27,11.08,--,64,70912,买盘
2682,09:37:24,11.08,-0.01,38,42104,卖盘
2683,09:37:21,11.09,0.01,14,15526,买盘
2684,09:37:18,11.08,-0.01,331,366748,卖盘
2685,09:37:15,11.09,--,49,54341,买盘
2686,09:37:09,11.09,--,12,13308,买盘
2687,09:37:03,11.09,0.01,86,95374,买盘
2688,09:37:00,11.08,-0.01,71,78668,卖盘
2689,09:36:54,11.09,0.01,47,52123,买盘
2690,09:36:45,11.08,-0.01,1,1108,卖盘
2691,09:36:42,11.09,--,9,9981,买盘
2692,09:36:33,11.09,-0.01,21,23289,卖盘
2693,09:36:30,11.1,0.01,19,21090,买盘
2694,09:36:24,11.09,--,20,22180,卖盘
2695,09:36:21,11.09,--,36,39924,买盘
2696,09:36:18,11.09,--,8,8872,卖盘
2697,09:36:06,11.09,--,30,33270,卖盘
2698,09:36:03,11.09,--,34,37706,卖盘
2699,09:35:57,11.09,--,40,44360,卖盘
2700,09:35:54,11.09,--,20,22180,卖盘
2701,09:35:39,11.09,--,10,11090,卖盘
2702,09:35:36,11.09,0.01,41,45469,买盘
2703,09:35:33,11.08,-0.02,40,44320,卖盘
2704,09:35:30,11.1,0.01,10,11100,中性盘
2705,09:35:24,11.09,0.01,20,22180,卖盘
2706,09:35:18,11.08,--,8,8864,卖盘
2707,09:35:15,11.08,--,11,12188,卖盘
2708,09:35:12,11.08,-0.01,76,84208,卖盘
2709,09:35:09,11.09,--,138,153042,买盘
2710,09:35:06,11.09,-0.02,202,224018,卖盘
2711,09:35:03,11.11,0.01,152,168872,买盘
2712,09:34:57,11.1,0.01,60,66600,买盘
2713,09:34:54,11.09,0.01,6,6654,中性盘
2714,09:34:51,11.08,-0.02,22,24376,卖盘
2715,09:34:48,11.1,--,147,163170,卖盘
2716,09:34:45,11.1,--,5,5550,卖盘
2717,09:34:42,11.1,--,7,7770,卖盘
2718,09:34:39,11.1,-0.01,20,22200,卖盘
2719,09:34:36,11.11,0.01,3,3333,买盘
2720,09:34:30,11.1,--,21,23310,卖盘
2721,09:34:27,11.1,-0.01,87,96570,卖盘
2722,09:34:24,11.11,--,306,339966,卖盘
2723,09:34:18,11.11,--,48,53328,卖盘
2724,09:34:15,11.11,--,107,118877,卖盘
2725,09:34:12,11.11,-0.01,6,6666,卖盘
2726,09:34:09,11.12,--,10,11120,买盘
2727,09:34:06,11.12,0.01,28,31135,买盘
2728,09:34:03,11.11,-0.02,10,11110,卖盘
2729,09:34:00,11.13,0.02,88,97944,买盘
2730,09:33:57,11.11,-0.01,47,52217,卖盘
2731,09:33:54,11.12,--,181,201272,买盘
2732,09:33:51,11.12,--,126,140112,买盘
2733,09:33:45,11.12,0.01,4,4448,买盘
2734,09:33:36,11.11,-0.01,56,62216,卖盘
2735,09:33:33,11.12,--,33,36696,卖盘
2736,09:33:30,11.12,0.01,281,312472,买盘
2737,09:33:24,11.11,--,4,4444,买盘
2738,09:33:21,11.11,0.01,14,15554,买盘
2739,09:33:18,11.1,-0.01,6,6660,卖盘
2740,09:33:15,11.11,--,7,7777,买盘
2741,09:33:12,11.11,0.01,2,2222,买盘
2742,09:33:09,11.1,--,10,11100,卖盘
2743,09:33:06,11.1,--,7,7770,卖盘
2744,09:33:03,11.1,-0.01,53,58830,卖盘
2745,09:33:00,11.11,-0.01,48,53328,卖盘
2746,09:32:57,11.12,0.01,55,61159,买盘
2747,09:32:51,11.11,-0.01,37,41107,卖盘
2748,09:32:48,11.12,0.01,177,196824,买盘
2749,09:32:45,11.11,-0.01,5,5555,卖盘
2750,09:32:39,11.12,0.02,24,26687,买盘
2751,09:32:36,11.1,-0.02,6,6660,卖盘
2752,09:32:33,11.12,0.02,30,33360,买盘
2753,09:32:30,11.1,-0.03,48,53280,卖盘
2754,09:32:27,11.13,--,112,125535,卖盘
2755,09:32:24,11.13,--,221,245973,卖盘
2756,09:32:21,11.13,0.01,579,644660,买盘
2757,09:32:18,11.12,0.01,19,21128,买盘
2758,09:32:15,11.11,-0.01,53,58883,卖盘
2759,09:32:12,11.12,0.01,11,12232,买盘
2760,09:32:09,11.11,--,10,11110,卖盘
2761,09:32:06,11.11,--,12,13332,卖盘
2762,09:32:03,11.11,--,24,26664,买盘
2763,09:31:57,11.11,-0.01,35,38885,卖盘
2764,09:31:54,11.12,0.01,83,92296,买盘
2765,09:31:51,11.11,-0.01,40,44440,卖盘
2766,09:31:48,11.12,--,24,26687,卖盘
2767,09:31:45,11.12,0.01,178,197936,买盘
2768,09:31:42,11.11,0.01,6,6666,买盘
2769,09:31:39,11.1,--,11,12210,卖盘
2770,09:31:36,11.1,-0.01,19,21090,卖盘
2771,09:31:33,11.11,--,20,22220,卖盘
2772,09:31:30,11.11,0.01,122,135542,买盘
2773,09:31:27,11.1,--,34,37740,卖盘
2774,09:31:24,11.1,-0.01,6,6660,卖盘
2775,09:31:21,11.11,--,50,55550,买盘
2776,09:31:18,11.11,--,24,26664,卖盘
2777,09:31:12,11.11,--,8,8888,卖盘
2778,09:31:09,11.11,0.01,42,46662,买盘
2779,09:31:06,11.1,0.01,1,1110,中性盘
2780,09:30:51,11.09,0.01,12,13308,卖盘
2781,09:30:48,11.08,--,48,53184,卖盘
2782,09:30:45,11.08,-0.02,2,2216,卖盘
2783,09:30:30,11.1,0.03,75,83250,买盘
2784,09:30:27,11.07,--,74,81918,卖盘
2785,09:30:21,11.07,-0.01,11,12177,卖盘
2786,09:30:18,11.08,-0.05,37,40996,卖盘
2787,09:30:15,11.13,0.04,328,365064,买盘
2788,09:30:12,11.09,-0.01,5,5545,买盘
2789,09:30:09,11.1,-0.01,178,197580,卖盘
2790,09:30:06,11.11,--,332,368852,卖盘
2791,09:30:03,11.11,-0.01,595,661045,卖盘
2792,09:30:00,11.12,0.01,5,5560,买盘
2793,09:25:03,11.11,11.11,601,667711,买盘
