,time,price,change,volume,amount,type
0,15:00:03,7.01,--,11949,8376676,卖盘
1,14:57:00,7.01,--,868,609161,卖盘
2,14:56:57,7.01,-0.01,56,39256,卖盘
3,14:56:54,7.02,0.01,202,141804,买盘
4,14:56:51,7.01,--,91,63952,卖盘
5,14:56:48,7.01,--,233,163333,卖盘
6,14:56:45,7.01,-0.01,144,100944,卖盘
7,14:56:42,7.02,--,286,200772,买盘
8,14:56:39,7.02,0.01,319,223938,买盘
9,14:56:36,7.01,-0.01,139,97439,卖盘
10,14:56:33,7.02,--,374,262548,买盘
11,14:56:27,7.02,0.01,241,169182,买盘
12,14:56:24,7.01,--,392,274792,卖盘
13,14:56:21,7.01,--,542,379942,卖盘
14,14:56:18,7.01,-0.01,142,99542,卖盘
15,14:56:15,7.02,0.01,95,66690,买盘
16,14:56:12,7.01,--,540,378540,卖盘
17,14:56:09,7.01,--,5312,3724258,买盘
18,14:56:06,7.01,0.01,305,213805,买盘
19,14:56:03,7.0,-0.01,1393,975100,卖盘
20,14:56:00,7.01,--,54,37854,买盘
21,14:55:57,7.01,0.01,100,70100,买盘
22,14:55:54,7.0,-0.01,1755,1228500,卖盘
23,14:55:51,7.01,0.01,55,38555,买盘
24,14:55:48,7.0,--,591,413700,卖盘
25,14:55:45,7.0,-0.01,73,51100,卖盘
26,14:55:42,7.01,--,401,281101,买盘
27,14:55:39,7.01,0.01,186,130386,买盘
28,14:55:36,7.0,-0.01,524,366800,卖盘
29,14:55:33,7.01,0.01,358,250958,买盘
30,14:55:30,7.0,--,175,122500,卖盘
31,14:55:27,7.0,--,86,60200,卖盘
32,14:55:24,7.0,--,627,438900,卖盘
33,14:55:21,7.0,-0.01,256,179200,卖盘
34,14:55:18,7.01,--,126,88326,买盘
35,14:55:15,7.01,0.01,177,124077,买盘
36,14:55:12,7.0,--,380,266000,卖盘
37,14:55:09,7.0,--,84,58800,卖盘
38,14:55:06,7.0,-0.01,53,37100,卖盘
39,14:55:03,7.01,--,442,309842,买盘
40,14:55:00,7.01,0.01,96,67296,买盘
41,14:54:57,7.0,--,493,345100,卖盘
42,14:54:54,7.0,--,48,33600,卖盘
43,14:54:51,7.0,-0.01,150,105000,卖盘
44,14:54:48,7.01,0.01,591,414291,买盘
45,14:54:45,7.0,--,112,78400,卖盘
46,14:54:42,7.0,--,177,123900,卖盘
47,14:54:39,7.0,--,1154,807940,买盘
48,14:54:36,7.0,--,244,170800,买盘
49,14:54:33,7.0,--,166,116200,买盘
50,14:54:30,7.0,--,214,149800,买盘
51,14:54:27,7.0,--,119,83300,买盘
52,14:54:24,7.0,--,87,60900,买盘
53,14:54:21,7.0,--,177,123900,买盘
54,14:54:18,7.0,--,1119,783300,买盘
55,14:54:15,7.0,0.01,144,100800,买盘
56,14:54:12,6.99,-0.01,230,160770,卖盘
57,14:54:09,7.0,--,595,416500,买盘
58,14:54:06,7.0,--,61,42700,买盘
59,14:54:03,7.0,--,5,3500,买盘
60,14:54:00,7.0,0.01,39,27300,买盘
61,14:53:57,6.99,-0.01,145,101355,卖盘
62,14:53:54,7.0,--,201,140700,买盘
63,14:53:51,7.0,0.01,10,7000,买盘
64,14:53:48,6.99,--,74,51726,卖盘
65,14:53:45,6.99,--,4566,3191634,卖盘
66,14:53:42,6.99,-0.01,33,23067,卖盘
67,14:53:39,7.0,--,151,105700,买盘
68,14:53:36,7.0,0.01,152,106400,买盘
69,14:53:33,6.99,--,78,54522,卖盘
70,14:53:30,6.99,-0.01,339,236961,卖盘
71,14:53:27,7.0,--,13,9100,买盘
72,14:53:24,7.0,0.01,463,324100,买盘
73,14:53:21,6.99,-0.01,69,48231,卖盘
74,14:53:18,7.0,--,510,357000,买盘
75,14:53:15,7.0,--,139,97300,买盘
76,14:53:12,7.0,--,278,194600,买盘
77,14:53:09,7.0,0.01,151,105700,买盘
78,14:53:06,6.99,-0.01,335,234165,卖盘
79,14:53:03,7.0,0.01,5,3500,买盘
80,14:53:00,6.99,-0.01,394,275406,卖盘
81,14:52:57,7.0,--,75,52500,买盘
82,14:52:54,7.0,0.01,186,130200,买盘
83,14:52:51,6.99,-0.01,176,123024,卖盘
84,14:52:48,7.0,--,242,169400,买盘
85,14:52:45,7.0,--,259,181300,买盘
86,14:52:42,7.0,--,167,116900,买盘
87,14:52:39,7.0,--,308,215600,买盘
88,14:52:36,7.0,--,709,496860,卖盘
89,14:52:33,7.0,--,3,2100,卖盘
90,14:52:30,7.0,--,97,67900,卖盘
91,14:52:27,7.0,--,155,108640,买盘
92,14:52:24,7.0,-0.01,902,631400,卖盘
93,14:52:21,7.01,--,505,354005,买盘
94,14:52:18,7.01,--,107,75007,买盘
95,14:52:15,7.01,0.01,508,356108,买盘
96,14:52:12,7.0,-0.01,113,79100,卖盘
97,14:52:09,7.01,--,501,351201,买盘
98,14:52:06,7.01,--,95,66595,买盘
99,14:52:03,7.01,0.01,105,73605,买盘
100,14:52:00,7.0,--,130,91000,卖盘
101,14:51:57,7.0,-0.01,123,86100,卖盘
102,14:51:54,7.01,0.01,116,81316,买盘
103,14:51:51,7.0,-0.01,107,74900,卖盘
104,14:51:48,7.01,--,22,15422,买盘
105,14:51:45,7.01,0.01,1000,701000,买盘
106,14:51:42,7.0,--,405,283500,卖盘
107,14:51:39,7.0,--,135,94500,卖盘
108,14:51:36,7.0,--,8,5600,卖盘
109,14:51:33,7.0,--,157,109900,卖盘
110,14:51:30,7.0,--,421,294700,卖盘
111,14:51:27,7.0,--,236,165200,卖盘
112,14:51:24,7.0,--,123,86100,卖盘
113,14:51:21,7.0,--,34,23800,卖盘
114,14:51:18,7.0,--,171,119700,卖盘
115,14:51:15,7.0,--,38,26600,卖盘
116,14:51:12,7.0,--,168,117600,卖盘
117,14:51:09,7.0,-0.01,128,89600,卖盘
118,14:51:06,7.01,0.01,295,206795,买盘
119,14:51:03,7.0,--,632,442400,卖盘
120,14:51:00,7.0,-0.01,147,102900,卖盘
121,14:50:57,7.01,0.01,59,41359,买盘
122,14:50:54,7.0,0.01,232,162400,买盘
123,14:50:51,6.99,--,8,5592,卖盘
124,14:50:48,6.99,-0.01,1507,1053393,卖盘
125,14:50:45,7.0,0.01,22,15400,买盘
126,14:50:42,6.99,--,4,2796,卖盘
127,14:50:39,6.99,--,325,227175,卖盘
128,14:50:36,6.99,-0.01,1085,758415,卖盘
129,14:50:33,7.0,--,368,257600,买盘
130,14:50:30,7.0,--,596,417200,买盘
131,14:50:27,7.0,--,88,61600,买盘
132,14:50:24,7.0,--,41,28700,买盘
133,14:50:21,7.0,--,1211,847700,卖盘
134,14:50:18,7.0,-0.01,37,25900,卖盘
135,14:50:15,7.01,0.01,510,357510,买盘
136,14:50:12,7.0,--,39,27300,卖盘
137,14:50:09,7.0,-0.01,558,390600,卖盘
138,14:50:06,7.01,0.01,67,46967,买盘
139,14:50:03,7.0,--,562,393400,卖盘
140,14:50:00,7.0,--,347,242900,买盘
141,14:49:57,7.0,--,222,155400,买盘
142,14:49:54,7.0,--,331,231700,买盘
143,14:49:51,7.0,--,32,22400,买盘
144,14:49:48,7.0,--,321,224700,买盘
145,14:49:45,7.0,--,1180,826000,买盘
146,14:49:42,7.0,0.01,57,39900,买盘
147,14:49:39,6.99,-0.01,29,20271,卖盘
148,14:49:36,7.0,--,169,118300,买盘
149,14:49:33,7.0,--,326,228200,卖盘
150,14:49:30,7.0,-0.01,176,123200,卖盘
151,14:49:27,7.01,0.01,130,91130,买盘
152,14:49:24,7.0,--,99,69300,卖盘
153,14:49:21,7.0,--,77,53900,卖盘
154,14:49:18,7.0,--,33,23100,卖盘
155,14:49:15,7.0,--,277,193900,卖盘
156,14:49:12,7.0,--,82,57400,卖盘
157,14:49:09,7.0,--,1715,1200500,卖盘
158,14:49:06,7.0,--,14,9800,卖盘
159,14:49:03,7.0,-0.01,18,12600,卖盘
160,14:49:00,7.01,--,267,187167,买盘
161,14:48:57,7.01,0.01,438,307038,买盘
162,14:48:54,7.0,-0.01,72,50400,卖盘
163,14:48:51,7.01,0.01,10,7010,买盘
164,14:48:48,7.0,--,835,584500,卖盘
165,14:48:45,7.0,--,16,11200,卖盘
166,14:48:42,7.0,--,275,192500,卖盘
167,14:48:39,7.0,-0.01,40,28000,卖盘
168,14:48:36,7.01,0.01,216,151416,买盘
169,14:48:33,7.0,-0.01,100,70000,卖盘
170,14:48:30,7.01,0.01,76,53276,买盘
171,14:48:27,7.0,--,14,9800,卖盘
172,14:48:24,7.0,--,136,95200,卖盘
173,14:48:21,7.0,--,133,93100,卖盘
174,14:48:18,7.0,--,731,511700,卖盘
175,14:48:15,7.0,--,93,65100,卖盘
176,14:48:12,7.0,--,33,23100,卖盘
177,14:48:09,7.0,-0.01,47,32900,卖盘
178,14:48:06,7.01,--,48,33648,买盘
179,14:48:03,7.01,--,108,75708,买盘
180,14:48:00,7.01,--,6,4206,买盘
181,14:47:57,7.01,0.01,238,166838,买盘
182,14:47:54,7.0,-0.01,82,57400,卖盘
183,14:47:51,7.01,--,323,226423,买盘
184,14:47:48,7.01,--,104,72904,买盘
185,14:47:45,7.01,--,64,44864,买盘
186,14:47:42,7.01,0.01,19,13319,买盘
187,14:47:39,7.0,-0.01,925,647500,卖盘
188,14:47:36,7.01,--,76,53276,买盘
189,14:47:33,7.01,0.01,22,15422,买盘
190,14:47:30,7.0,--,23,16100,卖盘
191,14:47:27,7.0,--,38,26600,卖盘
192,14:47:24,7.0,-0.01,141,98700,卖盘
193,14:47:21,7.01,0.01,83,58183,买盘
194,14:47:18,7.0,-0.01,42,29400,卖盘
195,14:47:15,7.01,0.01,1182,828582,买盘
196,14:47:12,7.0,--,237,165900,卖盘
197,14:47:09,7.0,--,115,80500,卖盘
198,14:47:06,7.0,--,97,67900,卖盘
199,14:47:00,7.0,--,50,35000,卖盘
200,14:46:57,7.0,--,317,221900,买盘
201,14:46:54,7.0,-0.01,722,505400,卖盘
202,14:46:51,7.01,--,297,208197,买盘
203,14:46:48,7.01,0.01,176,123376,买盘
204,14:46:45,7.0,--,7,4900,卖盘
205,14:46:42,7.0,-0.01,26,18200,卖盘
206,14:46:39,7.01,0.01,177,124077,买盘
207,14:46:36,7.0,-0.01,7,4900,卖盘
208,14:46:33,7.01,--,1079,756379,买盘
209,14:46:30,7.01,0.01,139,97439,买盘
210,14:46:27,7.0,-0.01,121,84700,卖盘
211,14:46:24,7.01,0.01,63,44163,买盘
212,14:46:21,7.0,--,30,21000,卖盘
213,14:46:18,7.0,--,120,84000,卖盘
214,14:46:15,7.0,--,26,18200,卖盘
215,14:46:12,7.0,--,418,292600,卖盘
216,14:46:09,7.0,--,146,102200,买盘
217,14:46:06,7.0,--,476,333200,买盘
218,14:46:03,7.0,--,309,216300,买盘
219,14:46:00,7.0,--,16,11200,买盘
220,14:45:57,7.0,--,118,82600,买盘
221,14:45:54,7.0,--,52,36400,买盘
222,14:45:51,7.0,--,159,111300,买盘
223,14:45:48,7.0,--,818,572600,卖盘
224,14:45:45,7.0,-0.01,189,132300,卖盘
225,14:45:42,7.01,0.01,5182,3632582,买盘
226,14:45:39,7.0,-0.01,54,37800,卖盘
227,14:45:36,7.01,0.01,115,80615,买盘
228,14:45:33,7.0,--,121,84700,卖盘
229,14:45:30,7.0,-0.01,30,21000,卖盘
230,14:45:27,7.01,0.01,84,58884,买盘
231,14:45:24,7.0,--,159,111300,卖盘
232,14:45:21,7.0,--,28,19600,买盘
233,14:45:18,7.0,0.01,401,280700,买盘
234,14:45:15,6.99,--,567,396333,卖盘
235,14:45:12,6.99,--,38,26562,卖盘
236,14:45:09,6.99,--,50,34950,卖盘
237,14:45:06,6.99,--,4013,2805087,卖盘
238,14:45:03,6.99,-0.01,100,69900,卖盘
239,14:45:00,7.0,0.01,210,147000,买盘
240,14:44:57,6.99,--,261,182439,卖盘
241,14:44:54,6.99,--,1,699,卖盘
242,14:44:51,6.99,--,479,334821,卖盘
243,14:44:48,6.99,--,2,1398,卖盘
244,14:44:45,6.99,--,196,137004,卖盘
245,14:44:42,6.99,-0.01,20,13980,卖盘
246,14:44:39,7.0,0.01,11,7700,买盘
247,14:44:36,6.99,-0.01,320,223680,卖盘
248,14:44:33,7.0,0.01,225,157500,买盘
249,14:44:30,6.99,--,324,226476,卖盘
250,14:44:27,6.99,--,26,18174,卖盘
251,14:44:24,6.99,--,26,18174,卖盘
252,14:44:21,6.99,--,47,32853,卖盘
253,14:44:18,6.99,--,0,559,卖盘
254,14:44:15,6.99,--,40,27960,卖盘
255,14:44:09,6.99,--,197,137703,卖盘
256,14:44:06,6.99,--,112,78288,卖盘
257,14:44:03,6.99,-0.01,50,34950,卖盘
258,14:44:00,7.0,--,223,156100,买盘
259,14:43:57,7.0,0.01,329,230300,买盘
260,14:43:54,6.99,-0.01,213,148887,卖盘
261,14:43:51,7.0,--,109,76300,买盘
262,14:43:48,7.0,--,157,109900,买盘
263,14:43:45,7.0,0.01,176,123200,买盘
264,14:43:42,6.99,--,37,25863,卖盘
265,14:43:39,6.99,-0.01,235,164265,卖盘
266,14:43:36,7.0,0.01,104,72800,中性盘
267,14:43:33,6.99,-0.01,139,97161,卖盘
268,14:43:30,7.0,-0.01,1010,707000,卖盘
269,14:43:27,7.01,0.01,516,361716,买盘
270,14:43:24,7.0,--,51,35700,卖盘
271,14:43:21,7.0,-0.01,2800,1960000,卖盘
272,14:43:18,7.01,0.01,52,36452,买盘
273,14:43:15,7.0,-0.01,57,39900,卖盘
274,14:43:12,7.01,--,68,47668,买盘
275,14:43:09,7.01,--,225,157725,买盘
276,14:43:06,7.01,--,164,114964,买盘
277,14:43:03,7.01,0.01,45,31545,买盘
278,14:43:00,7.0,--,262,183400,卖盘
279,14:42:57,7.0,--,113,79100,卖盘
280,14:42:54,7.0,-0.01,238,166600,卖盘
281,14:42:51,7.01,0.01,327,229227,买盘
282,14:42:48,7.0,-0.01,104,72800,卖盘
283,14:42:45,7.01,0.01,107,75007,买盘
284,14:42:42,7.0,--,37,25900,卖盘
285,14:42:39,7.0,-0.01,169,118300,卖盘
286,14:42:36,7.01,0.01,43,30143,买盘
287,14:42:30,7.0,--,59,41300,卖盘
288,14:42:27,7.0,-0.01,372,260400,卖盘
289,14:42:24,7.01,--,28,19628,买盘
290,14:42:21,7.01,0.01,149,104449,买盘
291,14:42:18,7.0,-0.01,18,12600,卖盘
292,14:42:15,7.01,--,316,221516,买盘
293,14:42:12,7.01,0.01,1739,1219039,买盘
294,14:42:09,7.0,--,134,93800,卖盘
295,14:42:06,7.0,-0.01,41,28700,卖盘
296,14:42:03,7.01,0.01,106,74306,买盘
297,14:42:00,7.0,--,59,41300,卖盘
298,14:41:57,7.0,--,153,107100,卖盘
299,14:41:54,7.0,--,120,84000,卖盘
300,14:41:51,7.0,--,19,13300,卖盘
301,14:41:48,7.0,--,160,112000,卖盘
302,14:41:45,7.0,-0.01,70,49000,卖盘
303,14:41:42,7.01,0.01,567,397467,买盘
304,14:41:39,7.0,-0.01,248,173600,卖盘
305,14:41:36,7.01,--,20,14020,买盘
306,14:41:33,7.01,--,3,2103,买盘
307,14:41:30,7.01,--,13,9113,买盘
308,14:41:27,7.01,--,81,56781,买盘
309,14:41:24,7.01,0.01,492,344892,买盘
310,14:41:21,7.0,-0.01,4,2800,卖盘
311,14:41:18,7.01,0.01,340,238340,买盘
312,14:41:15,7.0,--,36,25200,卖盘
313,14:41:12,7.0,--,43,30100,卖盘
314,14:41:09,7.0,-0.01,45,31500,卖盘
315,14:41:06,7.01,0.01,274,192074,买盘
316,14:41:03,7.0,-0.01,18,12600,卖盘
317,14:41:00,7.01,0.01,67,46967,买盘
318,14:40:57,7.0,-0.01,68,47600,卖盘
319,14:40:54,7.01,0.01,58,40658,买盘
320,14:40:51,7.0,-0.01,363,254100,卖盘
321,14:40:48,7.01,--,132,92532,买盘
322,14:40:45,7.01,0.01,34,23834,买盘
323,14:40:42,7.0,--,168,117600,卖盘
324,14:40:39,7.0,-0.01,136,95200,卖盘
325,14:40:36,7.01,--,89,62389,买盘
326,14:40:33,7.01,0.01,264,185064,买盘
327,14:40:30,7.0,--,170,119000,卖盘
328,14:40:27,7.0,-0.01,299,209300,卖盘
329,14:40:24,7.01,0.01,90,63090,买盘
330,14:40:21,7.0,--,49,34300,卖盘
331,14:40:18,7.0,--,91,63700,卖盘
332,14:40:15,7.0,-0.01,798,558600,卖盘
333,14:40:12,7.01,--,125,87625,买盘
334,14:40:09,7.01,0.01,33,23133,买盘
335,14:40:06,7.0,-0.01,20,14000,卖盘
336,14:40:03,7.01,0.01,321,225021,买盘
337,14:40:00,7.0,-0.01,460,322000,卖盘
338,14:39:57,7.01,--,1863,1305963,买盘
339,14:39:54,7.01,--,22,15422,买盘
340,14:39:51,7.01,--,160,112160,买盘
341,14:39:48,7.01,0.01,141,98841,买盘
342,14:39:45,7.0,-0.01,676,473200,卖盘
343,14:39:39,7.01,--,11,7711,买盘
344,14:39:36,7.01,0.01,65,45565,买盘
345,14:39:33,7.0,--,31,21700,卖盘
346,14:39:30,7.0,-0.01,9,6300,卖盘
347,14:39:27,7.01,0.01,5,3505,买盘
348,14:39:24,7.0,-0.01,10,7000,卖盘
349,14:39:21,7.01,0.01,29,20329,买盘
350,14:39:18,7.0,--,26,18200,卖盘
351,14:39:15,7.0,-0.01,71,49700,卖盘
352,14:39:12,7.01,0.01,487,341387,买盘
353,14:39:09,7.0,--,11,7700,卖盘
354,14:39:06,7.0,--,2,1400,卖盘
355,14:39:03,7.0,--,99,69300,卖盘
356,14:39:00,7.0,--,2,1400,卖盘
357,14:38:57,7.0,-0.01,28,19600,卖盘
358,14:38:51,7.01,--,825,578325,买盘
359,14:38:48,7.01,--,95,66595,买盘
360,14:38:45,7.01,--,46,32246,买盘
361,14:38:42,7.01,--,180,126180,买盘
362,14:38:39,7.01,--,1321,926021,买盘
363,14:38:36,7.01,0.01,713,499813,买盘
364,14:38:33,7.0,-0.01,2,1400,卖盘
365,14:38:30,7.01,0.01,101,70801,买盘
366,14:38:27,7.0,-0.01,10,7000,卖盘
367,14:38:24,7.01,0.01,45,31545,买盘
368,14:38:18,7.0,-0.01,31,21700,卖盘
369,14:38:15,7.01,--,34,23834,买盘
370,14:38:12,7.01,0.01,52,36452,买盘
371,14:38:09,7.0,-0.01,46,32200,卖盘
372,14:38:06,7.01,--,82,57482,买盘
373,14:38:03,7.01,--,518,363118,买盘
374,14:38:00,7.01,--,269,188569,买盘
375,14:37:57,7.01,0.01,46,32246,买盘
376,14:37:54,7.0,--,16,11200,卖盘
377,14:37:48,7.0,-0.01,23,16100,卖盘
378,14:37:45,7.01,--,509,356809,买盘
379,14:37:42,7.01,0.01,8,5608,买盘
380,14:37:39,7.0,-0.01,189,132300,卖盘
381,14:37:36,7.01,0.01,1,701,买盘
382,14:37:33,7.0,-0.01,35,24500,卖盘
383,14:37:30,7.01,--,130,91130,买盘
384,14:37:27,7.01,0.01,34,23834,买盘
385,14:37:24,7.0,-0.01,63,44100,卖盘
386,14:37:21,7.01,0.01,105,73605,买盘
387,14:37:18,7.0,--,27,18900,买盘
388,14:37:15,7.0,--,121,84700,买盘
389,14:37:12,7.0,--,177,123900,买盘
390,14:37:09,7.0,--,91,63700,买盘
391,14:37:06,7.0,--,85,59500,买盘
392,14:37:03,7.0,-0.01,279,195300,中性盘
393,14:37:00,7.01,0.01,159,111459,买盘
394,14:36:57,7.0,--,41,28700,买盘
395,14:36:54,7.0,--,2349,1644300,买盘
396,14:36:51,7.0,--,16,11200,买盘
397,14:36:48,7.0,--,511,357700,卖盘
398,14:36:45,7.0,--,18,12600,卖盘
399,14:36:42,7.0,--,150,105000,卖盘
400,14:36:39,7.0,--,70,49000,卖盘
401,14:36:36,7.0,--,54,37800,卖盘
402,14:36:33,7.0,--,120,84000,卖盘
403,14:36:30,7.0,-0.01,165,115500,卖盘
404,14:36:27,7.01,--,153,107253,买盘
405,14:36:24,7.01,--,184,128984,买盘
406,14:36:21,7.01,0.01,202,141602,买盘
407,14:36:18,7.0,--,113,79100,卖盘
408,14:36:15,7.0,--,63,44100,卖盘
409,14:36:12,7.0,--,25,17500,卖盘
410,14:36:09,7.0,--,169,118300,卖盘
411,14:36:06,7.0,--,37,25900,卖盘
412,14:36:03,7.0,--,119,83300,卖盘
413,14:36:00,7.0,--,83,58100,卖盘
414,14:35:57,7.0,--,39,27300,买盘
415,14:35:54,7.0,0.01,10,7000,买盘
416,14:35:51,6.99,-0.02,137,95763,卖盘
417,14:35:48,7.01,0.01,3102,2174502,买盘
418,14:35:45,7.0,0.01,43,30100,买盘
419,14:35:42,6.99,--,233,162867,卖盘
420,14:35:39,6.99,--,69,48231,卖盘
421,14:35:36,6.99,--,50,34950,卖盘
422,14:35:30,6.99,--,70,48930,卖盘
423,14:35:27,6.99,-0.01,192,134208,卖盘
424,14:35:24,7.0,0.01,81,56700,买盘
425,14:35:21,6.99,--,134,93666,卖盘
426,14:35:18,6.99,-0.01,964,674115,卖盘
427,14:35:15,7.0,0.01,102,71400,买盘
428,14:35:12,6.99,-0.01,140,97860,卖盘
429,14:35:09,7.0,0.01,358,250600,买盘
430,14:35:06,6.99,--,165,115335,卖盘
431,14:35:03,6.99,--,20,13980,卖盘
432,14:35:00,6.99,--,55,38445,卖盘
433,14:34:57,6.99,-0.01,86,60114,卖盘
434,14:34:54,7.0,0.01,69,48300,卖盘
435,14:34:51,6.99,-0.01,297,207603,卖盘
436,14:34:48,7.0,0.01,51,35700,中性盘
437,14:34:45,6.99,-0.01,2108,1473492,卖盘
438,14:34:42,7.0,--,444,310800,买盘
439,14:34:39,7.0,--,112,78400,买盘
440,14:34:36,7.0,0.01,30,21000,买盘
441,14:34:33,6.99,-0.01,555,387945,卖盘
442,14:34:30,7.0,--,58,40600,买盘
443,14:34:27,7.0,--,75,52500,买盘
444,14:34:24,7.0,--,16,11200,买盘
445,14:34:21,7.0,--,359,251720,卖盘
446,14:34:18,7.0,-0.01,204,142800,卖盘
447,14:34:15,7.01,0.01,899,630199,买盘
448,14:34:12,7.0,--,18,12600,卖盘
449,14:34:06,7.0,--,442,309680,买盘
450,14:34:03,7.0,--,308,215600,买盘
451,14:34:00,7.0,0.01,36,25200,买盘
452,14:33:57,6.99,--,59,41241,卖盘
453,14:33:54,6.99,-0.01,12,8388,卖盘
454,14:33:51,7.0,--,761,532700,买盘
455,14:33:48,7.0,--,43,30100,买盘
456,14:33:45,7.0,--,762,533820,卖盘
457,14:33:42,7.0,--,129,90300,卖盘
458,14:33:39,7.0,-0.01,213,149100,卖盘
459,14:33:36,7.01,--,8,5608,买盘
460,14:33:33,7.01,0.01,307,215207,买盘
461,14:33:30,7.0,-0.01,423,296100,卖盘
462,14:33:27,7.01,-0.01,97,67997,买盘
463,14:33:24,7.02,0.02,269,188838,买盘
464,14:33:21,7.0,--,32,22400,卖盘
465,14:33:18,7.0,-0.01,297,207900,卖盘
466,14:33:15,7.01,--,459,321759,卖盘
467,14:33:12,7.01,0.01,8,5608,中性盘
468,14:33:09,7.0,-0.02,38,26600,卖盘
469,14:33:06,7.02,0.01,1147,805194,买盘
470,14:33:03,7.01,0.01,29,20329,中性盘
471,14:33:00,7.0,-0.01,12529,8770300,卖盘
472,14:32:57,7.01,--,4,2804,卖盘
473,14:32:54,7.01,--,41,28741,卖盘
474,14:32:51,7.01,--,3,2103,卖盘
475,14:32:48,7.01,--,156,109356,卖盘
476,14:32:45,7.01,-0.01,223,156323,卖盘
477,14:32:42,7.02,0.01,993,697086,买盘
478,14:32:39,7.01,--,30,21030,卖盘
479,14:32:36,7.01,--,530,371530,卖盘
480,14:32:33,7.01,--,34,23834,卖盘
481,14:32:30,7.01,--,90,63090,卖盘
482,14:32:27,7.01,--,182,127582,卖盘
483,14:32:24,7.01,--,281,196981,卖盘
484,14:32:21,7.01,-0.01,491,344191,卖盘
485,14:32:18,7.02,0.01,23,16145,买盘
486,14:32:15,7.01,-0.01,54,37854,卖盘
487,14:32:12,7.02,--,69,48438,买盘
488,14:32:09,7.02,0.01,50,35100,买盘
489,14:32:06,7.01,--,132,92532,卖盘
490,14:32:03,7.01,-0.01,1,701,卖盘
491,14:32:00,7.02,0.01,28,19656,买盘
492,14:31:57,7.01,--,21,14721,卖盘
493,14:31:54,7.01,--,120,84120,卖盘
494,14:31:51,7.01,-0.01,104,72904,卖盘
495,14:31:48,7.02,0.01,220,154440,买盘
496,14:31:45,7.01,--,71,49771,卖盘
497,14:31:42,7.01,--,9,6309,卖盘
498,14:31:39,7.01,--,15,10515,卖盘
499,14:31:36,7.01,--,60,42060,卖盘
500,14:31:33,7.01,--,11,7711,卖盘
501,14:31:30,7.01,-0.01,17,11917,卖盘
502,14:31:27,7.02,0.01,47,32994,买盘
503,14:31:24,7.01,--,29,20329,卖盘
504,14:31:21,7.01,-0.01,76,53276,卖盘
505,14:31:18,7.02,0.01,162,113724,买盘
506,14:31:15,7.01,--,69,48369,卖盘
507,14:31:12,7.01,--,41,28741,卖盘
508,14:31:06,7.01,-0.01,27,18927,卖盘
509,14:31:03,7.02,0.01,515,361530,买盘
510,14:31:00,7.01,--,41,28741,卖盘
511,14:30:57,7.01,--,12,8412,卖盘
512,14:30:54,7.01,-0.01,14,9814,卖盘
513,14:30:51,7.02,0.01,1440,1010879,买盘
514,14:30:45,7.01,--,45,31545,卖盘
515,14:30:42,7.01,--,59,41359,卖盘
516,14:30:39,7.01,--,2499,1751799,卖盘
517,14:30:36,7.01,-0.01,9,6309,卖盘
518,14:30:33,7.02,--,25,17550,买盘
519,14:30:30,7.02,0.01,39,27378,买盘
520,14:30:27,7.01,-0.01,125,87625,卖盘
521,14:30:24,7.02,--,676,474552,买盘
522,14:30:21,7.02,--,7,4914,买盘
523,14:30:18,7.02,0.01,177,124253,买盘
524,14:30:15,7.01,-0.01,570,399570,卖盘
525,14:30:12,7.02,--,12,8424,买盘
526,14:30:09,7.02,0.01,130,91260,卖盘
527,14:30:06,7.01,-0.02,124,86924,卖盘
528,14:30:03,7.03,0.01,35,24605,买盘
529,14:30:00,7.02,-0.01,40,28080,卖盘
530,14:29:57,7.03,0.01,207,145521,买盘
531,14:29:54,7.02,--,1008,707616,卖盘
532,14:29:51,7.02,-0.01,13,9126,卖盘
533,14:29:48,7.03,0.01,11,7733,买盘
534,14:29:45,7.02,--,56,39312,卖盘
535,14:29:42,7.02,--,1346,944892,卖盘
536,14:29:39,7.02,--,48,33696,卖盘
537,14:29:36,7.02,--,51,35802,卖盘
538,14:29:33,7.02,-0.01,1500,1053000,卖盘
539,14:29:30,7.03,--,21,14763,买盘
540,14:29:27,7.03,0.01,47,33041,买盘
541,14:29:24,7.02,--,50,35100,卖盘
542,14:29:21,7.02,-0.01,1012,710424,卖盘
543,14:29:18,7.03,--,247,173641,买盘
544,14:29:15,7.03,--,112,78736,买盘
545,14:29:12,7.03,--,37,26011,买盘
546,14:29:09,7.03,0.01,38,26714,买盘
547,14:29:06,7.02,--,25,17550,卖盘
548,14:29:03,7.02,-0.01,16,11232,卖盘
549,14:29:00,7.03,0.01,73,51319,买盘
550,14:28:57,7.02,--,118,82836,卖盘
551,14:28:54,7.02,--,1,702,卖盘
552,14:28:51,7.02,--,110,77220,卖盘
553,14:28:48,7.02,--,17,11934,卖盘
554,14:28:45,7.02,--,3,2106,卖盘
555,14:28:42,7.02,--,120,84240,卖盘
556,14:28:39,7.02,--,13,9126,卖盘
557,14:28:36,7.02,-0.01,322,226044,卖盘
558,14:28:33,7.03,--,303,213009,买盘
559,14:28:30,7.03,--,16,11248,买盘
560,14:28:27,7.03,--,39,27417,买盘
561,14:28:24,7.03,0.01,20,14060,买盘
562,14:28:21,7.02,--,85,59670,卖盘
563,14:28:18,7.02,--,46,32291,卖盘
564,14:28:15,7.02,-0.01,131,91962,卖盘
565,14:28:12,7.03,--,7,4921,买盘
566,14:28:09,7.03,0.01,77,54131,买盘
567,14:28:06,7.02,--,1202,843804,卖盘
568,14:28:03,7.02,-0.01,226,158652,卖盘
569,14:28:00,7.03,--,23,16169,买盘
570,14:27:57,7.03,--,400,281200,买盘
571,14:27:54,7.03,--,58,40774,买盘
572,14:27:51,7.03,--,48,33744,买盘
573,14:27:48,7.03,--,82,57646,买盘
574,14:27:45,7.03,0.01,352,247456,卖盘
575,14:27:42,7.02,-0.01,573,402246,卖盘
576,14:27:39,7.03,--,291,204573,卖盘
577,14:27:36,7.03,--,217,152551,卖盘
578,14:27:33,7.03,--,106,74518,卖盘
579,14:27:30,7.03,--,124,87172,卖盘
580,14:27:27,7.03,--,10,7030,卖盘
581,14:27:24,7.03,-0.01,1,703,卖盘
582,14:27:21,7.04,--,26,18304,买盘
583,14:27:18,7.04,0.02,1506,1060224,买盘
584,14:27:15,7.02,-0.01,409,287118,卖盘
585,14:27:12,7.03,--,398,279794,买盘
586,14:27:09,7.03,0.01,406,285418,买盘
587,14:27:06,7.02,-0.01,87,61073,卖盘
588,14:27:03,7.03,--,119,83657,买盘
589,14:27:00,7.03,0.01,62,43586,买盘
590,14:26:57,7.02,-0.01,155,108810,卖盘
591,14:26:54,7.03,0.01,50,35150,买盘
592,14:26:51,7.02,--,26,18252,卖盘
593,14:26:48,7.02,--,3,2106,卖盘
594,14:26:45,7.02,--,45,31589,卖盘
595,14:26:39,7.02,--,25,17550,卖盘
596,14:26:36,7.02,-0.01,56,39312,卖盘
597,14:26:33,7.03,--,11,7733,买盘
598,14:26:30,7.03,--,68,47804,买盘
599,14:26:27,7.03,--,2,1406,买盘
600,14:26:24,7.03,--,4,2812,买盘
601,14:26:21,7.03,--,131,92093,买盘
602,14:26:18,7.03,--,79,55537,买盘
603,14:26:15,7.03,--,1171,823213,卖盘
604,14:26:12,7.03,-0.01,111,78033,卖盘
605,14:26:09,7.04,0.01,49,34496,买盘
606,14:26:06,7.03,--,106,74518,卖盘
607,14:26:03,7.03,--,1528,1074184,卖盘
608,14:26:00,7.03,-0.01,1262,887186,卖盘
609,14:25:57,7.04,0.01,46,32384,买盘
610,14:25:54,7.03,--,14,9842,卖盘
611,14:25:51,7.03,-0.01,220,154660,卖盘
612,14:25:48,7.04,--,30,21120,买盘
613,14:25:45,7.04,0.01,1000,704000,买盘
614,14:25:42,7.03,--,30,21090,卖盘
615,14:25:39,7.03,--,13,9139,卖盘
616,14:25:36,7.03,-0.01,647,454841,卖盘
617,14:25:33,7.04,0.01,19,13376,买盘
618,14:25:30,7.03,--,59,41477,卖盘
619,14:25:27,7.03,--,77,54131,卖盘
620,14:25:21,7.03,--,35,24605,卖盘
621,14:25:18,7.03,-0.01,50,35150,卖盘
622,14:25:15,7.04,--,550,387200,买盘
623,14:25:12,7.04,--,31,21824,买盘
624,14:25:09,7.04,0.01,64,45056,买盘
625,14:25:06,7.03,-0.01,952,669256,卖盘
626,14:25:03,7.04,--,25,17600,买盘
627,14:25:00,7.04,0.01,31,21824,买盘
628,14:24:57,7.03,-0.01,50,35150,卖盘
629,14:24:54,7.04,0.01,142,99968,买盘
630,14:24:51,7.03,-0.01,149,104747,卖盘
631,14:24:48,7.04,0.01,1034,727936,买盘
632,14:24:45,7.03,-0.01,922,648166,卖盘
633,14:24:42,7.04,--,235,165440,买盘
634,14:24:39,7.04,0.01,109,76736,买盘
635,14:24:36,7.03,--,54,37962,卖盘
636,14:24:33,7.03,-0.01,267,187701,卖盘
637,14:24:30,7.04,--,17,11968,买盘
638,14:24:27,7.04,0.01,230,161920,买盘
639,14:24:21,7.03,--,51,35853,卖盘
640,14:24:18,7.03,-0.01,356,250268,卖盘
641,14:24:15,7.04,--,204,143616,买盘
642,14:24:12,7.04,--,743,523072,买盘
643,14:24:09,7.04,0.01,69,48576,买盘
644,14:24:06,7.03,--,62,43586,卖盘
645,14:24:03,7.03,-0.01,315,221445,卖盘
646,14:24:00,7.04,--,88,61952,买盘
647,14:23:57,7.04,--,124,87296,买盘
648,14:23:54,7.04,0.01,7,4928,买盘
649,14:23:51,7.03,-0.01,74,52022,卖盘
650,14:23:48,7.04,--,801,563904,买盘
651,14:23:45,7.04,0.01,30,21120,买盘
652,14:23:42,7.03,-0.01,60,42180,卖盘
653,14:23:39,7.04,0.01,3,2112,买盘
654,14:23:36,7.03,-0.01,44,30932,卖盘
655,14:23:33,7.04,0.01,32,22528,买盘
656,14:23:30,7.03,-0.01,7112,4999736,卖盘
657,14:23:27,7.04,--,271,190784,买盘
658,14:23:24,7.04,0.01,19,13376,买盘
659,14:23:21,7.03,--,70,49210,卖盘
660,14:23:18,7.03,--,44,30932,卖盘
661,14:23:15,7.03,-0.01,567,398601,卖盘
662,14:23:12,7.04,--,253,178112,买盘
663,14:23:09,7.04,0.01,47,33088,买盘
664,14:23:06,7.03,-0.01,26,18278,卖盘
665,14:23:03,7.04,--,175,123200,买盘
666,14:23:00,7.04,0.01,138,97152,买盘
667,14:22:57,7.03,-0.01,14,9842,卖盘
668,14:22:54,7.04,0.01,212,149248,买盘
669,14:22:51,7.03,-0.01,650,456950,卖盘
670,14:22:48,7.04,--,148,104192,买盘
671,14:22:45,7.04,--,81,57024,买盘
672,14:22:42,7.04,0.01,16,11264,买盘
673,14:22:36,7.03,--,77,54131,卖盘
674,14:22:33,7.03,--,670,471010,卖盘
675,14:22:30,7.03,--,20,14060,卖盘
676,14:22:27,7.03,--,20,14060,卖盘
677,14:22:24,7.03,--,9,6327,卖盘
678,14:22:21,7.03,--,1944,1366632,买盘
679,14:22:18,7.03,0.01,573,402819,买盘
680,14:22:15,7.02,--,187,131274,卖盘
681,14:22:12,7.02,-0.01,53,37206,卖盘
682,14:22:09,7.03,0.01,3578,2515334,买盘
683,14:22:06,7.02,-0.01,766,537732,卖盘
684,14:22:03,7.03,0.01,50,35150,买盘
685,14:22:00,7.02,-0.01,472,331344,卖盘
686,14:21:57,7.03,0.01,150,105450,买盘
687,14:21:54,7.02,--,59,41418,卖盘
688,14:21:51,7.02,--,50,35100,卖盘
689,14:21:48,7.02,-0.01,124,87048,卖盘
690,14:21:45,7.03,0.01,31,21793,买盘
691,14:21:42,7.02,--,1061,744822,卖盘
692,14:21:39,7.02,--,105,73710,卖盘
693,14:21:36,7.02,-0.01,1026,720252,卖盘
694,14:21:33,7.03,0.01,123,86469,买盘
695,14:21:30,7.02,0.01,688,483537,买盘
696,14:21:27,7.01,-0.01,315,220815,卖盘
697,14:21:24,7.02,0.01,209,146718,买盘
698,14:21:21,7.01,-0.01,549,384849,卖盘
699,14:21:15,7.02,--,441,309582,买盘
700,14:21:12,7.02,--,124,87048,买盘
701,14:21:09,7.02,0.01,110,77220,买盘
702,14:21:06,7.01,-0.01,2182,1529582,卖盘
703,14:21:03,7.02,--,222,155844,买盘
704,14:21:00,7.02,0.01,54,37908,买盘
705,14:20:57,7.01,-0.01,29,20329,卖盘
706,14:20:54,7.02,--,125,87750,买盘
707,14:20:51,7.02,0.01,104,73008,买盘
708,14:20:48,7.01,-0.01,59,41359,卖盘
709,14:20:45,7.02,0.01,3,2106,买盘
710,14:20:42,7.01,-0.01,59,41359,卖盘
711,14:20:39,7.02,0.01,21,14742,买盘
712,14:20:36,7.01,--,13,9113,卖盘
713,14:20:33,7.01,-0.01,120,84120,卖盘
714,14:20:30,7.02,0.01,80,56160,买盘
715,14:20:27,7.01,--,144,100944,卖盘
716,14:20:24,7.01,--,200,140200,卖盘
717,14:20:21,7.01,-0.01,23,16123,卖盘
718,14:20:18,7.02,--,144,101088,买盘
719,14:20:15,7.02,--,28,19656,买盘
720,14:20:12,7.02,0.01,9,6318,买盘
721,14:20:09,7.01,-0.01,28,19628,卖盘
722,14:20:06,7.02,--,66,46332,买盘
723,14:20:03,7.02,0.01,374,262548,买盘
724,14:20:00,7.01,--,105,73605,卖盘
725,14:19:57,7.01,-0.01,70,49070,卖盘
726,14:19:54,7.02,0.01,9,6318,买盘
727,14:19:51,7.01,--,92,64492,卖盘
728,14:19:45,7.01,-0.01,69,48369,卖盘
729,14:19:42,7.02,0.01,112,78624,买盘
730,14:19:36,7.01,-0.01,36,25236,卖盘
731,14:19:33,7.02,--,22,15443,买盘
732,14:19:30,7.02,0.01,7,4914,买盘
733,14:19:27,7.01,--,346,242546,卖盘
734,14:19:24,7.01,--,70,49070,卖盘
735,14:19:21,7.01,-0.01,106,74306,卖盘
736,14:19:18,7.02,--,11,7721,买盘
737,14:19:15,7.02,--,10,7020,买盘
738,14:19:12,7.02,0.01,41,28782,买盘
739,14:19:09,7.01,--,56,39256,卖盘
740,14:19:06,7.01,--,34,23834,卖盘
741,14:19:03,7.01,-0.01,41,28741,卖盘
742,14:19:00,7.02,0.01,35,24570,买盘
743,14:18:57,7.01,--,105,73605,卖盘
744,14:18:54,7.01,-0.01,21,14721,卖盘
745,14:18:51,7.02,--,352,247103,买盘
746,14:18:48,7.02,--,233,163566,买盘
747,14:18:45,7.02,--,16,11232,买盘
748,14:18:42,7.02,--,10,7020,买盘
749,14:18:39,7.02,--,39,27378,买盘
750,14:18:36,7.02,0.01,8,5616,买盘
751,14:18:33,7.01,--,21,14721,卖盘
752,14:18:30,7.01,-0.01,106,74306,卖盘
753,14:18:27,7.02,--,51,35802,买盘
754,14:18:24,7.02,--,8,5616,买盘
755,14:18:21,7.02,--,10,7020,买盘
756,14:18:18,7.02,0.01,20,14040,买盘
757,14:18:15,7.01,-0.01,15,10515,卖盘
758,14:18:12,7.02,0.01,33,23166,买盘
759,14:18:09,7.01,-0.01,1,701,卖盘
760,14:18:06,7.02,0.01,48,33696,买盘
761,14:18:03,7.01,--,57,39957,卖盘
762,14:18:00,7.01,-0.01,138,96738,卖盘
763,14:17:57,7.02,--,69,48438,买盘
764,14:17:54,7.02,0.01,17,11934,买盘
765,14:17:51,7.01,-0.01,5,3505,卖盘
766,14:17:48,7.02,0.01,3,2106,买盘
767,14:17:45,7.01,--,80,56080,卖盘
768,14:17:42,7.01,-0.01,122,85522,卖盘
769,14:17:39,7.02,--,16,11232,买盘
770,14:17:36,7.02,0.01,104,73008,买盘
771,14:17:33,7.01,-0.01,487,341387,卖盘
772,14:17:30,7.02,--,57,40014,买盘
773,14:17:27,7.02,--,418,293436,买盘
774,14:17:24,7.02,--,245,171990,买盘
775,14:17:21,7.02,0.01,1102,773604,买盘
776,14:17:18,7.01,-0.01,6,4206,卖盘
777,14:17:15,7.02,--,27,18954,买盘
778,14:17:12,7.02,--,52,36504,买盘
779,14:17:09,7.02,--,177,124253,买盘
780,14:17:06,7.02,0.01,116,81432,买盘
781,14:17:03,7.01,--,19,13319,卖盘
782,14:17:00,7.01,-0.01,28,19628,卖盘
783,14:16:57,7.02,--,63,44226,买盘
784,14:16:54,7.02,--,19,13338,买盘
785,14:16:48,7.02,0.01,52,36504,买盘
786,14:16:45,7.01,-0.01,10,7010,卖盘
787,14:16:42,7.02,--,4,2808,买盘
788,14:16:39,7.02,--,30,21060,买盘
789,14:16:36,7.02,0.01,81,56862,买盘
790,14:16:33,7.01,-0.01,7,4907,卖盘
791,14:16:30,7.02,--,72,50544,买盘
792,14:16:27,7.02,0.01,117,82134,买盘
793,14:16:24,7.01,-0.01,65,45565,卖盘
794,14:16:21,7.02,0.01,55,38610,买盘
795,14:16:18,7.01,--,5,3505,卖盘
796,14:16:15,7.01,-0.01,217,152117,卖盘
797,14:16:12,7.02,0.01,134,94068,买盘
798,14:16:09,7.01,-0.01,67,46967,卖盘
799,14:16:06,7.02,0.01,238,167076,买盘
800,14:16:03,7.01,-0.01,150,105150,卖盘
801,14:16:00,7.02,0.01,26,18252,买盘
802,14:15:57,7.01,--,35,24535,卖盘
803,14:15:54,7.01,--,124,86924,卖盘
804,14:15:51,7.01,--,116,81316,卖盘
805,14:15:48,7.01,-0.01,161,112861,卖盘
806,14:15:45,7.02,--,2,1404,买盘
807,14:15:42,7.02,--,430,301860,买盘
808,14:15:39,7.02,--,32,22464,买盘
809,14:15:36,7.02,--,23,16145,买盘
810,14:15:33,7.02,0.01,60,42120,买盘
811,14:15:30,7.01,-0.01,50,35050,卖盘
812,14:15:27,7.02,--,414,290628,买盘
813,14:15:24,7.02,--,5,3510,买盘
814,14:15:21,7.02,0.01,90,63179,买盘
815,14:15:18,7.01,-0.01,227,159127,卖盘
816,14:15:15,7.02,0.01,8,5616,买盘
817,14:15:12,7.01,-0.01,81,56781,卖盘
818,14:15:09,7.02,--,46,32291,买盘
819,14:15:06,7.02,0.01,157,110214,买盘
820,14:15:03,7.01,--,123,86223,卖盘
821,14:15:00,7.01,-0.01,30,21030,卖盘
822,14:14:57,7.02,0.01,650,456300,买盘
823,14:14:54,7.01,--,532,372932,卖盘
824,14:14:51,7.01,--,37,25937,卖盘
825,14:14:48,7.01,-0.01,328,229928,卖盘
826,14:14:45,7.02,--,24,16848,买盘
827,14:14:42,7.02,0.01,1036,727272,买盘
828,14:14:39,7.01,--,3,2103,卖盘
829,14:14:36,7.01,-0.01,284,199084,卖盘
830,14:14:33,7.02,0.01,162,113724,买盘
831,14:14:30,7.01,--,210,147210,卖盘
832,14:14:27,7.01,--,5,3505,卖盘
833,14:14:24,7.01,--,74,51874,卖盘
834,14:14:21,7.01,--,45,31545,卖盘
835,14:14:18,7.01,-0.01,5,3505,卖盘
836,14:14:15,7.02,--,69,48438,买盘
837,14:14:12,7.02,--,327,229554,买盘
838,14:14:09,7.02,--,58,40716,买盘
839,14:14:06,7.02,--,67,47034,买盘
840,14:14:03,7.02,0.01,195,136890,买盘
841,14:14:00,7.01,--,15,10515,卖盘
842,14:13:57,7.01,--,35,24535,卖盘
843,14:13:54,7.01,-0.01,23,16123,卖盘
844,14:13:51,7.02,--,19,13338,买盘
845,14:13:48,7.02,--,29,20358,买盘
846,14:13:42,7.02,--,19,13338,买盘
847,14:13:36,7.02,0.01,85,59670,买盘
848,14:13:33,7.01,--,121,84821,卖盘
849,14:13:30,7.01,--,227,159127,卖盘
850,14:13:24,7.01,--,62,43462,卖盘
851,14:13:21,7.01,-0.01,1,701,卖盘
852,14:13:18,7.02,0.01,83,58266,买盘
853,14:13:15,7.01,-0.01,21,14721,卖盘
854,14:13:12,7.02,--,40,28080,买盘
855,14:13:09,7.02,--,47,32994,买盘
856,14:13:06,7.02,--,130,91260,买盘
857,14:13:03,7.02,0.01,107,75114,买盘
858,14:13:00,7.01,-0.01,237,166137,卖盘
859,14:12:57,7.02,0.01,552,387504,买盘
860,14:12:54,7.01,--,12,8412,卖盘
861,14:12:51,7.01,-0.01,21,14721,卖盘
862,14:12:48,7.02,0.01,16,11232,买盘
863,14:12:45,7.01,-0.01,88,61688,卖盘
864,14:12:42,7.02,0.01,32,22464,买盘
865,14:12:39,7.01,--,487,341387,卖盘
866,14:12:36,7.01,-0.01,148,103748,卖盘
867,14:12:33,7.02,0.01,109,76518,买盘
868,14:12:30,7.01,--,221,154921,卖盘
869,14:12:27,7.01,--,32,22432,卖盘
870,14:12:24,7.01,--,44,30844,卖盘
871,14:12:21,7.01,--,97,67997,卖盘
872,14:12:18,7.01,--,169,118469,卖盘
873,14:12:15,7.01,-0.01,43,30143,卖盘
874,14:12:12,7.02,--,69,48438,买盘
875,14:12:09,7.02,0.01,4,2808,买盘
876,14:12:06,7.01,--,37,25937,卖盘
877,14:12:03,7.01,-0.01,44,30844,卖盘
878,14:12:00,7.02,--,17,11934,买盘
879,14:11:57,7.02,0.01,20,14040,买盘
880,14:11:54,7.01,--,53,37153,卖盘
881,14:11:51,7.01,--,38,26638,卖盘
882,14:11:48,7.01,-0.01,197,138097,卖盘
883,14:11:45,7.02,0.01,146,102492,买盘
884,14:11:42,7.01,-0.01,40,28040,卖盘
885,14:11:39,7.02,--,124,87048,买盘
886,14:11:36,7.02,0.01,44,30887,买盘
887,14:11:33,7.01,--,90,63090,卖盘
888,14:11:30,7.01,-0.01,135,94635,卖盘
889,14:11:27,7.02,0.01,162,113724,买盘
890,14:11:24,7.01,0.01,60,42060,买盘
891,14:11:21,7.0,-0.01,66,46200,卖盘
892,14:11:18,7.01,--,83,58183,买盘
893,14:11:15,7.01,--,601,421301,买盘
894,14:11:12,7.01,--,108,75708,买盘
895,14:11:09,7.01,0.01,149,104449,买盘
896,14:11:06,7.0,-0.01,47,32900,卖盘
897,14:11:03,7.01,0.01,104,72904,买盘
898,14:11:00,7.0,-0.01,39,27300,卖盘
899,14:10:57,7.01,--,255,178755,卖盘
900,14:10:54,7.01,--,87,60987,卖盘
901,14:10:51,7.01,--,53,37153,卖盘
902,14:10:48,7.01,-0.01,596,417796,卖盘
903,14:10:45,7.02,--,5,3510,买盘
904,14:10:42,7.02,0.01,61,42822,买盘
905,14:10:39,7.01,--,5,3505,卖盘
906,14:10:36,7.01,-0.01,8,5608,卖盘
907,14:10:33,7.02,0.01,260,182520,买盘
908,14:10:30,7.01,--,27,18927,卖盘
909,14:10:27,7.01,--,206,144406,卖盘
910,14:10:24,7.01,--,70,49070,卖盘
911,14:10:21,7.01,--,79,55379,卖盘
912,14:10:18,7.01,--,64,44864,卖盘
913,14:10:15,7.01,--,6,4206,卖盘
914,14:10:12,7.01,-0.01,389,272689,卖盘
915,14:10:09,7.02,--,56,39312,买盘
916,14:10:06,7.02,0.01,149,104598,买盘
917,14:10:03,7.01,--,161,112861,卖盘
918,14:10:00,7.01,--,32,22432,卖盘
919,14:09:57,7.01,-0.01,118,82718,卖盘
920,14:09:54,7.02,0.01,141,98982,买盘
921,14:09:51,7.01,-0.01,1,701,卖盘
922,14:09:48,7.02,0.01,292,204984,买盘
923,14:09:45,7.01,--,145,101645,买盘
924,14:09:42,7.01,--,62,43462,买盘
925,14:09:39,7.01,0.01,21,14721,中性盘
926,14:09:36,7.0,-0.01,175,122500,卖盘
927,14:09:33,7.01,0.01,23,16123,买盘
928,14:09:30,7.0,-0.01,100,70000,卖盘
929,14:09:27,7.01,--,109,76409,买盘
930,14:09:21,7.01,--,337,236237,卖盘
931,14:09:18,7.01,--,23,16123,卖盘
932,14:09:15,7.01,--,158,110758,卖盘
933,14:09:12,7.01,--,35,24535,卖盘
934,14:09:09,7.01,--,47,32947,卖盘
935,14:09:06,7.01,--,29,20329,卖盘
936,14:09:03,7.01,--,57,39957,卖盘
937,14:09:00,7.01,--,145,101645,卖盘
938,14:08:57,7.01,--,86,60286,卖盘
939,14:08:54,7.01,--,201,140901,买盘
940,14:08:51,7.01,0.01,96,67296,买盘
941,14:08:48,7.0,-0.01,13,9380,卖盘
942,14:08:45,7.01,0.01,16,11216,买盘
943,14:08:42,7.0,-0.01,241,168700,卖盘
944,14:08:39,7.01,0.01,49,34349,买盘
945,14:08:36,7.0,-0.01,56,39200,卖盘
946,14:08:33,7.01,0.01,121,84821,买盘
947,14:08:30,7.0,-0.01,92,64400,卖盘
948,14:08:27,7.01,--,52,36452,买盘
949,14:08:24,7.01,0.01,54,37854,买盘
950,14:08:21,7.0,--,307,214900,卖盘
951,14:08:18,7.0,-0.01,46,32200,卖盘
952,14:08:15,7.01,--,7,4907,买盘
953,14:08:12,7.01,--,15,10515,买盘
954,14:08:09,7.01,--,41,28741,买盘
955,14:08:06,7.01,--,10,7010,买盘
956,14:08:03,7.01,--,876,614552,卖盘
957,14:08:00,7.01,-0.01,11,7711,卖盘
958,14:07:57,7.02,0.01,86,60371,买盘
959,14:07:54,7.01,--,42,29442,卖盘
960,14:07:51,7.01,--,21,14721,卖盘
961,14:07:48,7.01,-0.01,102,71502,卖盘
962,14:07:45,7.02,0.01,160,112320,买盘
963,14:07:42,7.01,--,91,63791,卖盘
964,14:07:39,7.01,--,59,41359,卖盘
965,14:07:36,7.01,-0.01,103,72203,卖盘
966,14:07:33,7.02,0.01,12,8424,买盘
967,14:07:30,7.01,-0.01,110,77110,卖盘
968,14:07:27,7.02,--,92,64583,买盘
969,14:07:24,7.02,0.01,66,46332,买盘
970,14:07:21,7.01,--,143,100243,卖盘
971,14:07:18,7.01,--,65,45565,卖盘
972,14:07:15,7.01,--,244,171044,卖盘
973,14:07:12,7.01,--,20,14020,卖盘
974,14:07:06,7.01,--,17,11917,卖盘
975,14:07:03,7.01,--,72,50472,卖盘
976,14:07:00,7.01,--,9,6309,卖盘
977,14:06:57,7.01,-0.01,28,19628,卖盘
978,14:06:54,7.02,--,54,37908,买盘
979,14:06:51,7.02,0.01,132,92888,买盘
980,14:06:48,7.01,--,212,148612,买盘
981,14:06:45,7.01,0.01,80,56080,买盘
982,14:06:42,7.0,--,65,45500,卖盘
983,14:06:39,7.0,--,66,46200,卖盘
984,14:06:36,7.0,--,21,14700,卖盘
985,14:06:33,7.0,--,113,79100,卖盘
986,14:06:30,7.0,-0.01,43,30100,卖盘
987,14:06:27,7.01,--,652,457052,买盘
988,14:06:24,7.01,0.01,70,49070,买盘
989,14:06:21,7.0,-0.01,12,8400,卖盘
990,14:06:18,7.01,-0.01,478,335554,卖盘
991,14:06:15,7.02,--,82,57564,买盘
992,14:06:12,7.02,--,20,14040,买盘
993,14:06:09,7.02,--,73,51246,买盘
994,14:06:06,7.02,0.01,45,31589,买盘
995,14:06:03,7.01,--,111,78035,卖盘
996,14:06:00,7.01,--,850,595850,卖盘
997,14:05:57,7.01,--,168,117768,卖盘
998,14:05:51,7.01,-0.01,164,114964,卖盘
999,14:05:48,7.02,--,73,51246,买盘
1000,14:05:45,7.02,--,113,79326,买盘
1001,14:05:42,7.02,0.01,5,3510,买盘
1002,14:05:39,7.01,-0.01,30,21030,卖盘
1003,14:05:36,7.02,--,56,39312,买盘
1004,14:05:33,7.02,0.01,22,15443,买盘
1005,14:05:30,7.01,-0.01,19,13319,卖盘
1006,14:05:27,7.02,--,97,68094,买盘
1007,14:05:24,7.02,0.01,126,88452,买盘
1008,14:05:21,7.01,--,35,24535,卖盘
1009,14:05:18,7.01,--,12,8412,卖盘
1010,14:05:15,7.01,--,393,275493,买盘
1011,14:05:12,7.01,--,146,102346,买盘
1012,14:05:09,7.01,0.01,429,300729,买盘
1013,14:05:06,7.0,-0.01,503,352100,卖盘
1014,14:05:03,7.01,--,78,54678,买盘
1015,14:05:00,7.01,0.01,61,42761,买盘
1016,14:04:57,7.0,--,26,18200,卖盘
1017,14:04:54,7.0,--,49,34300,卖盘
1018,14:04:51,7.0,--,136,95200,卖盘
1019,14:04:48,7.0,-0.01,32,22400,卖盘
1020,14:04:45,7.01,--,121,84821,买盘
1021,14:04:42,7.01,--,75,52575,买盘
1022,14:04:39,7.01,--,68,47668,买盘
1023,14:04:36,7.01,--,475,332975,卖盘
1024,14:04:33,7.01,--,55,38555,卖盘
1025,14:04:30,7.01,-0.01,1008,706608,卖盘
1026,14:04:27,7.02,--,33,23166,买盘
1027,14:04:24,7.02,0.01,35,24570,买盘
1028,14:04:21,7.01,--,99,69399,卖盘
1029,14:04:18,7.01,--,357,250257,卖盘
1030,14:04:15,7.01,-0.01,49,34349,卖盘
1031,14:04:12,7.02,0.01,12,8424,买盘
1032,14:04:09,7.01,--,208,145808,卖盘
1033,14:04:06,7.01,--,76,53276,卖盘
1034,14:04:03,7.01,--,145,101645,卖盘
1035,14:04:00,7.01,--,14,9814,卖盘
1036,14:03:57,7.01,-0.01,117,82017,卖盘
1037,14:03:54,7.02,0.01,73,51246,买盘
1038,14:03:51,7.01,-0.01,110,77110,卖盘
1039,14:03:48,7.02,0.01,25,17550,买盘
1040,14:03:45,7.01,-0.01,640,448640,卖盘
1041,14:03:42,7.02,0.01,555,389610,买盘
1042,14:03:39,7.01,--,1066,747266,卖盘
1043,14:03:36,7.01,-0.01,190,133190,卖盘
1044,14:03:33,7.02,0.01,2101,1474902,买盘
1045,14:03:30,7.01,-0.01,131,91831,卖盘
1046,14:03:27,7.02,0.01,128,89856,买盘
1047,14:03:24,7.01,-0.01,234,164034,卖盘
1048,14:03:21,7.02,--,146,102492,买盘
1049,14:03:18,7.02,0.01,32,22464,买盘
1050,14:03:15,7.01,-0.01,3,2103,卖盘
1051,14:03:12,7.02,--,1051,737865,卖盘
1052,14:03:09,7.02,-0.01,60,42120,卖盘
1053,14:03:06,7.03,--,159,111777,买盘
1054,14:03:03,7.03,0.01,102,71706,买盘
1055,14:03:00,7.02,-0.01,57,40014,卖盘
1056,14:02:57,7.03,0.01,141,99762,买盘
1057,14:02:54,7.02,--,5,3510,卖盘
1058,14:02:51,7.02,-0.01,244,171288,卖盘
1059,14:02:48,7.03,0.01,40,28120,买盘
1060,14:02:45,7.02,--,29,20358,卖盘
1061,14:02:42,7.02,-0.01,120,84240,卖盘
1062,14:02:39,7.03,0.01,480,337440,买盘
1063,14:02:36,7.02,-0.01,21,14742,卖盘
1064,14:02:33,7.03,0.01,10,7030,买盘
1065,14:02:30,7.02,-0.01,572,401544,卖盘
1066,14:02:27,7.03,--,173,121619,买盘
1067,14:02:24,7.03,0.01,1,703,买盘
1068,14:02:21,7.02,--,54,37908,卖盘
1069,14:02:18,7.02,--,22,15443,卖盘
1070,14:02:15,7.02,-0.01,73,51246,卖盘
1071,14:02:12,7.03,0.01,53,37259,买盘
1072,14:02:09,7.02,-0.01,1330,933660,卖盘
1073,14:02:06,7.03,0.01,51,35853,买盘
1074,14:02:03,7.02,-0.01,40,28080,卖盘
1075,14:02:00,7.03,0.01,54,37962,买盘
1076,14:01:57,7.02,-0.01,82,57564,卖盘
1077,14:01:54,7.03,0.01,33,23199,买盘
1078,14:01:51,7.02,--,63,44226,卖盘
1079,14:01:45,7.02,-0.01,1121,786942,卖盘
1080,14:01:42,7.03,--,49,34447,买盘
1081,14:01:39,7.03,--,54,37962,买盘
1082,14:01:36,7.03,0.01,64,44992,买盘
1083,14:01:33,7.02,--,36,25272,卖盘
1084,14:01:30,7.02,--,7,4914,卖盘
1085,14:01:24,7.02,-0.01,2126,1492452,卖盘
1086,14:01:21,7.03,0.01,252,177156,买盘
1087,14:01:18,7.02,--,1113,781326,卖盘
1088,14:01:15,7.02,--,68,47736,卖盘
1089,14:01:12,7.02,-0.01,141,98982,卖盘
1090,14:01:09,7.03,--,149,104747,买盘
1091,14:01:06,7.03,0.01,122,85766,买盘
1092,14:01:03,7.02,--,51,35802,卖盘
1093,14:01:00,7.02,-0.01,113,79326,卖盘
1094,14:00:57,7.03,0.01,12,8436,买盘
1095,14:00:54,7.02,--,100,70200,卖盘
1096,14:00:51,7.02,-0.01,1,702,卖盘
1097,14:00:48,7.03,--,52,36556,买盘
1098,14:00:45,7.03,--,124,87172,买盘
1099,14:00:42,7.03,--,173,121619,买盘
1100,14:00:39,7.03,0.01,58,40774,买盘
1101,14:00:36,7.02,-0.01,115,80730,卖盘
1102,14:00:33,7.03,--,173,121619,买盘
1103,14:00:30,7.03,--,176,123728,买盘
1104,14:00:27,7.03,--,33,23199,买盘
1105,14:00:24,7.03,--,1,703,买盘
1106,14:00:21,7.03,--,3,2109,买盘
1107,14:00:15,7.03,--,143,100529,买盘
1108,14:00:12,7.03,--,31,21793,买盘
1109,14:00:09,7.03,0.01,14,9842,买盘
1110,14:00:06,7.02,-0.01,246,172692,卖盘
1111,14:00:03,7.03,0.01,34,23902,买盘
1112,14:00:00,7.02,--,35,24570,卖盘
1113,13:59:57,7.02,-0.01,11,7721,卖盘
1114,13:59:54,7.03,0.01,38,26714,买盘
1115,13:59:51,7.02,--,320,224640,卖盘
1116,13:59:48,7.02,-0.01,113,79326,卖盘
1117,13:59:45,7.03,--,313,220039,买盘
1118,13:59:42,7.03,0.01,44,30932,买盘
1119,13:59:39,7.02,-0.01,25,17550,卖盘
1120,13:59:36,7.03,--,57,40071,买盘
1121,13:59:33,7.03,--,29,20387,买盘
1122,13:59:30,7.03,--,32,22496,买盘
1123,13:59:27,7.03,--,25,17575,买盘
1124,13:59:24,7.03,--,258,181374,买盘
1125,13:59:21,7.03,0.01,34,23902,买盘
1126,13:59:18,7.02,--,32,22464,卖盘
1127,13:59:15,7.02,--,176,123551,卖盘
1128,13:59:12,7.02,-0.01,56,39312,卖盘
1129,13:59:09,7.03,0.01,69,48507,买盘
1130,13:59:06,7.02,--,481,337662,卖盘
1131,13:59:03,7.02,--,18,12636,卖盘
1132,13:59:00,7.02,--,353,247805,买盘
1133,13:58:57,7.02,0.01,209,146718,买盘
1134,13:58:54,7.01,--,320,224320,卖盘
1135,13:58:48,7.01,-0.01,97,67997,卖盘
1136,13:58:45,7.02,--,1,702,买盘
1137,13:58:42,7.02,--,23,16145,买盘
1138,13:58:39,7.02,--,97,68094,卖盘
1139,13:58:36,7.02,-0.01,127,89154,卖盘
1140,13:58:33,7.03,0.01,284,199652,买盘
1141,13:58:30,7.02,--,60,42120,卖盘
1142,13:58:27,7.02,--,1041,730782,买盘
1143,13:58:24,7.02,0.01,109,76518,买盘
1144,13:58:21,7.01,--,40,28040,卖盘
1145,13:58:18,7.01,-0.01,130,91130,卖盘
1146,13:58:15,7.02,0.01,35,24570,买盘
1147,13:58:09,7.01,--,4,2804,卖盘
1148,13:58:06,7.01,-0.01,23,16123,卖盘
1149,13:58:03,7.02,--,344,241487,买盘
1150,13:58:00,7.02,--,1,702,买盘
1151,13:57:57,7.02,-0.01,303,212706,卖盘
1152,13:57:54,7.03,--,188,132164,买盘
1153,13:57:51,7.03,0.01,377,265031,买盘
1154,13:57:48,7.02,--,21,14742,卖盘
1155,13:57:45,7.02,--,37,25974,卖盘
1156,13:57:42,7.02,-0.01,249,175008,卖盘
1157,13:57:39,7.03,0.01,21,14763,买盘
1158,13:57:36,7.02,--,4,2808,卖盘
1159,13:57:33,7.02,--,80,56160,卖盘
1160,13:57:30,7.02,-0.01,60,42120,卖盘
1161,13:57:27,7.03,0.01,2,1406,买盘
1162,13:57:24,7.02,--,66,46332,卖盘
1163,13:57:21,7.02,--,177,124253,卖盘
1164,13:57:18,7.02,--,649,455598,买盘
1165,13:57:15,7.02,--,41,28782,买盘
1166,13:57:12,7.02,--,7,4914,买盘
1167,13:57:09,7.02,--,123,86346,买盘
1168,13:57:06,7.02,--,54,37908,买盘
1169,13:57:03,7.02,--,16,11232,买盘
1170,13:57:00,7.02,--,5,3510,买盘
1171,13:56:57,7.02,--,51,35802,买盘
1172,13:56:54,7.02,--,10,7020,买盘
1173,13:56:51,7.02,--,520,365040,买盘
1174,13:56:48,7.02,-0.01,646,453492,卖盘
1175,13:56:45,7.03,0.01,39,27417,买盘
1176,13:56:42,7.02,--,112,78624,卖盘
1177,13:56:39,7.02,--,1532,1075464,卖盘
1178,13:56:36,7.02,-0.01,1,702,卖盘
1179,13:56:33,7.03,--,126,88578,买盘
1180,13:56:30,7.03,0.01,45,31635,买盘
1181,13:56:27,7.02,--,33,23166,卖盘
1182,13:56:24,7.02,--,38,26676,卖盘
1183,13:56:21,7.02,--,594,416988,卖盘
1184,13:56:15,7.02,--,49,34398,卖盘
1185,13:56:12,7.02,--,55,38610,卖盘
1186,13:56:09,7.02,-0.01,98,68796,卖盘
1187,13:56:06,7.03,0.01,98,68894,买盘
1188,13:56:03,7.02,-0.01,149,104598,卖盘
1189,13:56:00,7.03,0.01,66,46398,买盘
1190,13:55:57,7.02,-0.01,26,18252,卖盘
1191,13:55:54,7.03,0.01,62,43586,买盘
1192,13:55:51,7.02,--,177,124253,卖盘
1193,13:55:48,7.02,--,11,7721,卖盘
1194,13:55:45,7.02,--,17,11934,卖盘
1195,13:55:42,7.02,--,66,46332,卖盘
1196,13:55:39,7.02,--,36,25272,卖盘
1197,13:55:36,7.02,-0.01,227,159354,卖盘
1198,13:55:33,7.03,--,11,7733,买盘
1199,13:55:30,7.03,--,31,21793,买盘
1200,13:55:27,7.03,0.01,122,85766,买盘
1201,13:55:24,7.02,-0.01,138,96876,卖盘
1202,13:55:21,7.03,--,122,85766,买盘
1203,13:55:18,7.03,0.01,126,88578,买盘
1204,13:55:12,7.02,-0.01,20,14040,卖盘
1205,13:55:09,7.03,--,32,22496,买盘
1206,13:55:06,7.03,0.01,34,23902,买盘
1207,13:55:03,7.02,-0.01,29,20358,卖盘
1208,13:55:00,7.03,0.01,2,1406,买盘
1209,13:54:57,7.02,-0.01,49,34398,卖盘
1210,13:54:54,7.03,0.01,48,33744,买盘
1211,13:54:51,7.02,-0.01,10,7020,卖盘
1212,13:54:48,7.03,0.01,174,122322,买盘
1213,13:54:45,7.02,--,50,35100,卖盘
1214,13:54:42,7.02,--,204,143208,卖盘
1215,13:54:39,7.02,--,1,702,卖盘
1216,13:54:36,7.02,--,13,9126,卖盘
1217,13:54:33,7.02,-0.01,157,110214,卖盘
1218,13:54:30,7.03,--,154,108262,买盘
1219,13:54:27,7.03,--,64,44992,买盘
1220,13:54:24,7.03,--,220,154660,买盘
1221,13:54:21,7.03,0.01,628,441484,买盘
1222,13:54:18,7.02,--,179,125657,卖盘
1223,13:54:15,7.02,--,71,49842,卖盘
1224,13:54:12,7.02,--,97,68094,卖盘
1225,13:54:09,7.02,--,29,20358,卖盘
1226,13:54:06,7.02,--,101,70902,卖盘
1227,13:54:03,7.02,--,200,140400,卖盘
1228,13:54:00,7.02,--,155,108810,卖盘
1229,13:53:54,7.02,--,196,137592,卖盘
1230,13:53:51,7.02,--,1,702,卖盘
1231,13:53:48,7.02,-0.01,147,103194,卖盘
1232,13:53:45,7.03,0.01,24,16872,买盘
1233,13:53:42,7.02,--,104,73008,卖盘
1234,13:53:39,7.02,-0.01,268,188136,卖盘
1235,13:53:36,7.03,--,72,50616,买盘
1236,13:53:33,7.03,--,113,79439,买盘
1237,13:53:30,7.03,0.01,77,54131,买盘
1238,13:53:27,7.02,-0.01,366,256931,卖盘
1239,13:53:24,7.03,--,55,38665,买盘
1240,13:53:21,7.03,0.01,428,300884,买盘
1241,13:53:18,7.02,-0.01,129,90558,卖盘
1242,13:53:15,7.03,--,1039,730417,买盘
1243,13:53:12,7.03,0.01,63,44289,买盘
1244,13:53:09,7.02,--,51,35802,卖盘
1245,13:53:06,7.02,--,1222,857844,卖盘
1246,13:53:03,7.02,--,200,140400,卖盘
1247,13:53:00,7.02,-0.01,390,273780,卖盘
1248,13:52:57,7.03,0.01,12,8436,买盘
1249,13:52:54,7.02,-0.01,404,283608,卖盘
1250,13:52:51,7.03,--,46,32338,买盘
1251,13:52:48,7.03,0.01,317,222851,买盘
1252,13:52:45,7.02,-0.01,63,44226,卖盘
1253,13:52:42,7.03,--,60,42180,买盘
1254,13:52:39,7.03,0.01,33,23199,买盘
1255,13:52:36,7.02,-0.01,69,48438,卖盘
1256,13:52:33,7.03,0.01,58,40774,买盘
1257,13:52:30,7.02,-0.01,127,89154,卖盘
1258,13:52:27,7.03,0.01,39,27417,买盘
1259,13:52:24,7.02,-0.01,51,35802,卖盘
1260,13:52:21,7.03,--,145,101935,买盘
1261,13:52:18,7.03,0.01,14,9842,买盘
1262,13:52:15,7.02,-0.01,43,30185,卖盘
1263,13:52:12,7.03,--,6,4218,买盘
1264,13:52:09,7.03,--,130,91390,买盘
1265,13:52:06,7.03,--,88,61864,买盘
1266,13:52:03,7.03,--,826,580678,买盘
1267,13:52:00,7.03,--,475,333925,卖盘
1268,13:51:57,7.03,-0.01,33,23199,卖盘
1269,13:51:54,7.04,0.01,53,37312,买盘
1270,13:51:51,7.03,--,49,34447,卖盘
1271,13:51:48,7.03,-0.01,111,78033,卖盘
1272,13:51:45,7.04,--,134,94336,买盘
1273,13:51:42,7.04,0.01,65,45760,买盘
1274,13:51:39,7.03,-0.01,56,39368,卖盘
1275,13:51:36,7.04,0.01,276,194304,买盘
1276,13:51:33,7.03,--,1257,883671,卖盘
1277,13:51:30,7.03,--,58,40774,卖盘
1278,13:51:27,7.03,-0.01,160,112480,卖盘
1279,13:51:24,7.04,0.01,429,302438,买盘
1280,13:51:21,7.03,--,1532,1076996,卖盘
1281,13:51:18,7.03,--,293,205979,卖盘
1282,13:51:15,7.03,-0.01,926,650978,卖盘
1283,13:51:12,7.04,0.01,112,78848,买盘
1284,13:51:09,7.03,--,45,31635,卖盘
1285,13:51:06,7.03,--,161,113183,卖盘
1286,13:51:03,7.03,-0.01,396,278388,卖盘
1287,13:51:00,7.04,--,165,116160,买盘
1288,13:50:57,7.04,0.01,34,23936,买盘
1289,13:50:54,7.03,-0.01,435,305805,卖盘
1290,13:50:51,7.04,0.01,109,76736,买盘
1291,13:50:48,7.03,--,476,334628,卖盘
1292,13:50:45,7.03,--,140,98420,卖盘
1293,13:50:42,7.03,--,162,113886,卖盘
1294,13:50:39,7.03,--,64,44992,卖盘
1295,13:50:36,7.03,--,137,96311,卖盘
1296,13:50:33,7.03,--,34,23902,卖盘
1297,13:50:30,7.03,-0.01,81,56943,卖盘
1298,13:50:27,7.04,0.01,120,84480,买盘
1299,13:50:24,7.03,-0.01,98,68894,卖盘
1300,13:50:21,7.04,--,87,61248,买盘
1301,13:50:18,7.04,--,84,59136,买盘
1302,13:50:15,7.04,0.01,43,30272,买盘
1303,13:50:12,7.03,-0.01,67,47101,卖盘
1304,13:50:09,7.04,0.01,84,59136,买盘
1305,13:50:06,7.03,--,129,90687,卖盘
1306,13:50:03,7.03,--,995,699485,卖盘
1307,13:50:00,7.03,-0.01,151,106153,卖盘
1308,13:49:57,7.04,0.01,66,46464,买盘
1309,13:49:54,7.03,--,52,36556,卖盘
1310,13:49:51,7.03,--,359,252377,买盘
1311,13:49:48,7.03,--,53,37259,买盘
1312,13:49:45,7.03,0.01,83,58349,买盘
1313,13:49:42,7.02,-0.01,417,292734,卖盘
1314,13:49:39,7.03,--,171,120213,买盘
1315,13:49:36,7.03,--,504,354312,卖盘
1316,13:49:33,7.03,-0.01,288,202464,卖盘
1317,13:49:30,7.04,0.01,22,15488,买盘
1318,13:49:27,7.03,-0.01,46,32338,卖盘
1319,13:49:24,7.04,0.01,141,99264,买盘
1320,13:49:21,7.03,--,79,55537,卖盘
1321,13:49:18,7.03,--,118,82954,卖盘
1322,13:49:15,7.03,--,161,113183,卖盘
1323,13:49:12,7.03,--,113,79439,卖盘
1324,13:49:09,7.03,--,493,346579,买盘
1325,13:49:06,7.03,0.01,44,30932,买盘
1326,13:49:03,7.02,--,69,48438,卖盘
1327,13:49:00,7.02,-0.01,101,70902,卖盘
1328,13:48:57,7.03,--,561,394383,买盘
1329,13:48:54,7.03,0.01,86,60458,买盘
1330,13:48:51,7.02,--,18,12636,卖盘
1331,13:48:48,7.02,--,73,51246,卖盘
1332,13:48:45,7.02,--,6,4212,卖盘
1333,13:48:42,7.02,--,71,49842,卖盘
1334,13:48:39,7.02,-0.01,143,100386,卖盘
1335,13:48:36,7.03,0.01,572,402116,买盘
1336,13:48:33,7.02,-0.01,5036,3535272,卖盘
1337,13:48:30,7.03,0.01,179,125837,买盘
1338,13:48:27,7.02,--,108,75816,卖盘
1339,13:48:24,7.02,-0.01,122,85644,卖盘
1340,13:48:21,7.03,--,28,19684,买盘
1341,13:48:18,7.03,0.01,103,72409,买盘
1342,13:48:15,7.02,-0.01,33,23166,卖盘
1343,13:48:12,7.03,--,47,33041,买盘
1344,13:48:09,7.03,--,89,62567,买盘
1345,13:48:06,7.03,--,101,71003,买盘
1346,13:48:03,7.03,--,87,61161,买盘
1347,13:48:00,7.03,--,331,232868,卖盘
1348,13:47:57,7.03,--,165,115995,卖盘
1349,13:47:54,7.03,--,194,136382,卖盘
1350,13:47:51,7.03,--,369,259407,卖盘
1351,13:47:48,7.03,--,1316,925815,卖盘
1352,13:47:45,7.03,--,30,21090,卖盘
1353,13:47:42,7.03,--,1133,796499,卖盘
1354,13:47:39,7.03,--,501,352765,买盘
1355,13:47:36,7.03,--,57,40071,买盘
1356,13:47:33,7.03,--,79,55537,买盘
1357,13:47:30,7.03,--,114,80142,买盘
1358,13:47:27,7.03,--,38,26714,买盘
1359,13:47:24,7.03,--,133,93499,买盘
1360,13:47:21,7.03,--,45,31775,卖盘
1361,13:47:18,7.03,--,223,157331,买盘
1362,13:47:15,7.03,--,279,196137,买盘
1363,13:47:12,7.03,0.01,219,153957,买盘
1364,13:47:09,7.02,-0.01,1052,738504,卖盘
1365,13:47:06,7.03,--,12,8436,买盘
1366,13:47:03,7.03,--,422,296666,买盘
1367,13:47:00,7.03,0.01,371,260813,买盘
1368,13:46:57,7.02,-0.01,226,158652,卖盘
1369,13:46:54,7.03,--,112,78736,买盘
1370,13:46:51,7.03,--,46,32338,买盘
1371,13:46:48,7.03,--,47,33041,买盘
1372,13:46:42,7.03,--,32,22496,买盘
1373,13:46:39,7.03,--,65,45695,买盘
1374,13:46:36,7.03,--,2431,1709133,卖盘
1375,13:46:33,7.03,--,126,88578,卖盘
1376,13:46:30,7.03,--,100,70300,卖盘
1377,13:46:27,7.03,--,157,110371,卖盘
1378,13:46:24,7.03,-0.01,1332,936396,卖盘
1379,13:46:21,7.04,--,238,167552,买盘
1380,13:46:18,7.04,0.01,75,52800,买盘
1381,13:46:15,7.03,--,226,158878,卖盘
1382,13:46:12,7.03,-0.01,65,45695,卖盘
1383,13:46:09,7.04,--,275,193600,买盘
1384,13:46:06,7.04,0.01,133,93632,买盘
1385,13:46:03,7.03,--,290,203870,卖盘
1386,13:46:00,7.03,-0.01,68,47804,卖盘
1387,13:45:57,7.04,0.01,49,34496,买盘
1388,13:45:54,7.03,-0.01,43,30229,卖盘
1389,13:45:51,7.04,0.01,16,11264,买盘
1390,13:45:48,7.03,--,126,88578,卖盘
1391,13:45:45,7.03,--,283,199511,买盘
1392,13:45:42,7.03,0.01,1669,1173307,买盘
1393,13:45:39,7.02,-0.01,301,211302,卖盘
1394,13:45:36,7.03,--,2159,1517777,买盘
1395,13:45:33,7.03,--,440,309320,买盘
1396,13:45:30,7.03,--,126,88578,买盘
1397,13:45:27,7.03,0.01,115,80845,买盘
1398,13:45:24,7.02,-0.01,79,55458,卖盘
1399,13:45:21,7.03,--,55,38665,买盘
1400,13:45:18,7.03,0.01,194,136382,买盘
1401,13:45:15,7.02,-0.01,128,89856,卖盘
1402,13:45:12,7.03,0.01,109,76627,买盘
1403,13:45:09,7.02,--,241,169182,卖盘
1404,13:45:06,7.02,--,48,33696,卖盘
1405,13:45:03,7.02,-0.01,53,37206,卖盘
1406,13:45:00,7.03,0.01,74,52022,买盘
1407,13:44:57,7.02,--,42,30073,买盘
1408,13:44:54,7.02,--,104,73008,买盘
1409,13:44:51,7.02,--,177,124253,买盘
1410,13:44:48,7.02,--,54,37908,买盘
1411,13:44:45,7.02,0.01,47,32994,买盘
1412,13:44:42,7.01,-0.01,450,315450,卖盘
1413,13:44:39,7.02,0.01,404,283608,买盘
1414,13:44:36,7.01,-0.01,42,29442,卖盘
1415,13:44:33,7.02,--,77,54054,买盘
1416,13:44:30,7.02,--,122,85644,买盘
1417,13:44:27,7.02,--,252,176904,买盘
1418,13:44:24,7.02,--,111,77922,买盘
1419,13:44:21,7.02,--,266,186732,买盘
1420,13:44:18,7.02,--,129,90558,买盘
1421,13:44:15,7.02,--,157,110214,买盘
1422,13:44:12,7.02,--,45,31589,买盘
1423,13:44:09,7.02,--,228,160056,买盘
1424,13:44:06,7.02,--,271,190242,买盘
1425,13:44:03,7.02,0.01,892,626184,买盘
1426,13:44:00,7.01,-0.01,79,55379,卖盘
1427,13:43:57,7.02,--,795,558090,买盘
1428,13:43:54,7.02,--,44,30887,买盘
1429,13:43:51,7.02,0.01,252,176904,买盘
1430,13:43:45,7.01,-0.01,225,157725,卖盘
1431,13:43:42,7.02,0.01,66,46332,买盘
1432,13:43:39,7.01,-0.01,257,180157,卖盘
1433,13:43:36,7.02,--,137,96174,买盘
1434,13:43:33,7.02,--,68,47736,买盘
1435,13:43:30,7.02,--,10,7020,买盘
1436,13:43:27,7.02,0.01,88,61775,买盘
1437,13:43:24,7.01,-0.01,247,173147,卖盘
1438,13:43:21,7.02,--,245,171990,买盘
1439,13:43:18,7.02,0.01,96,67392,买盘
1440,13:43:15,7.01,--,55,38555,卖盘
1441,13:43:12,7.01,-0.01,126,88326,卖盘
1442,13:43:09,7.02,0.01,215,150930,买盘
1443,13:43:06,7.01,--,125,87625,卖盘
1444,13:43:03,7.01,-0.01,6,4206,卖盘
1445,13:43:00,7.02,0.01,63,44226,买盘
1446,13:42:57,7.01,--,32,22432,卖盘
1447,13:42:54,7.01,--,60,42060,卖盘
1448,13:42:51,7.01,-0.01,30,21030,卖盘
1449,13:42:48,7.02,0.01,47,32994,买盘
1450,13:42:45,7.01,--,25,17525,卖盘
1451,13:42:42,7.01,--,75,52575,卖盘
1452,13:42:39,7.01,-0.01,78,54678,卖盘
1453,13:42:36,7.02,0.01,72,50544,买盘
1454,13:42:33,7.01,--,1,701,卖盘
1455,13:42:30,7.01,-0.01,199,139499,卖盘
1456,13:42:27,7.02,--,53,37206,买盘
1457,13:42:24,7.02,--,24,16848,买盘
1458,13:42:21,7.02,--,80,56160,买盘
1459,13:42:18,7.02,--,46,32291,买盘
1460,13:42:15,7.02,--,54,37908,买盘
1461,13:42:12,7.02,0.01,618,433836,买盘
1462,13:42:09,7.01,-0.01,17,11917,卖盘
1463,13:42:06,7.02,--,159,111618,买盘
1464,13:42:03,7.02,--,57,40014,买盘
1465,13:42:00,7.02,--,140,98280,买盘
1466,13:41:57,7.02,--,1835,1288282,卖盘
1467,13:41:54,7.02,-0.01,292,204984,卖盘
1468,13:41:51,7.03,0.01,26,18278,买盘
1469,13:41:48,7.02,-0.01,83,58266,卖盘
1470,13:41:45,7.03,0.01,49,34447,买盘
1471,13:41:42,7.02,--,547,383994,卖盘
1472,13:41:39,7.02,--,52,36504,卖盘
1473,13:41:36,7.02,--,17,11934,卖盘
1474,13:41:33,7.02,-0.01,115,80730,卖盘
1475,13:41:30,7.03,0.01,93,65379,买盘
1476,13:41:27,7.02,-0.01,500,351000,卖盘
1477,13:41:24,7.03,--,139,97717,买盘
1478,13:41:21,7.03,0.01,67,47101,买盘
1479,13:41:18,7.02,--,413,290515,买盘
1480,13:41:15,7.02,--,364,255527,买盘
1481,13:41:12,7.02,--,142,99684,买盘
1482,13:41:09,7.02,--,369,259037,买盘
1483,13:41:06,7.02,--,33,23166,买盘
1484,13:41:03,7.02,--,54,37908,买盘
1485,13:41:00,7.02,--,22,15443,买盘
1486,13:40:57,7.02,--,457,320814,买盘
1487,13:40:54,7.02,--,12,8424,买盘
1488,13:40:51,7.02,--,53,37206,买盘
1489,13:40:48,7.02,--,106,74412,买盘
1490,13:40:45,7.02,0.01,195,136890,买盘
1491,13:40:42,7.01,--,23,16123,卖盘
1492,13:40:39,7.01,-0.01,45,31545,卖盘
1493,13:40:36,7.02,--,57,40014,买盘
1494,13:40:33,7.02,0.01,183,128465,买盘
1495,13:40:30,7.01,-0.01,62,43462,卖盘
1496,13:40:27,7.02,--,370,259739,买盘
1497,13:40:24,7.02,--,56,39312,买盘
1498,13:40:18,7.02,--,29,20358,买盘
1499,13:40:15,7.02,--,249,174798,买盘
1500,13:40:12,7.02,--,164,115128,买盘
1501,13:40:09,7.02,--,102,71604,买盘
1502,13:40:06,7.02,--,215,150930,买盘
1503,13:40:03,7.02,--,100,70200,买盘
1504,13:40:00,7.02,--,77,54054,买盘
1505,13:39:57,7.02,--,316,221832,买盘
1506,13:39:54,7.02,--,58,40716,买盘
1507,13:39:51,7.02,-0.01,5060,3552232,卖盘
1508,13:39:48,7.03,--,10,7030,买盘
1509,13:39:45,7.03,0.01,10,7030,买盘
1510,13:39:42,7.02,--,1230,863460,卖盘
1511,13:39:39,7.02,-0.01,62,43524,卖盘
1512,13:39:36,7.03,0.01,25,17575,买盘
1513,13:39:33,7.02,-0.01,870,610740,卖盘
1514,13:39:30,7.03,--,148,104044,买盘
1515,13:39:27,7.03,--,27,18981,买盘
1516,13:39:24,7.03,--,119,83657,买盘
1517,13:39:21,7.03,--,72,50616,买盘
1518,13:39:18,7.03,--,801,563243,卖盘
1519,13:39:15,7.03,-0.01,130,91390,卖盘
1520,13:39:12,7.04,0.01,607,427891,买盘
1521,13:39:09,7.03,0.01,95,66785,买盘
1522,13:39:06,7.02,-0.01,77,54054,卖盘
1523,13:39:03,7.03,--,135,94905,买盘
1524,13:39:00,7.03,--,2,1406,买盘
1525,13:38:57,7.03,0.01,97,68191,买盘
1526,13:38:54,7.02,-0.01,143,100386,卖盘
1527,13:38:51,7.03,--,1428,1004024,卖盘
1528,13:38:48,7.03,-0.01,40,28120,卖盘
1529,13:38:45,7.04,--,80,56320,买盘
1530,13:38:42,7.04,--,103,72512,买盘
1531,13:38:39,7.04,--,480,337920,买盘
1532,13:38:36,7.04,--,42,29568,买盘
1533,13:38:33,7.04,0.01,129,90816,买盘
1534,13:38:27,7.03,-0.01,230,161690,卖盘
1535,13:38:24,7.04,--,557,392128,买盘
1536,13:38:21,7.04,0.01,214,150656,买盘
1537,13:38:15,7.03,--,162,113886,卖盘
1538,13:38:12,7.03,--,129,90687,卖盘
1539,13:38:09,7.03,-0.01,225,158175,卖盘
1540,13:38:06,7.04,--,206,145024,买盘
1541,13:38:03,7.04,--,61,42944,买盘
1542,13:38:00,7.04,0.01,190,133760,买盘
1543,13:37:57,7.03,--,67,47101,卖盘
1544,13:37:54,7.03,--,43,30229,卖盘
1545,13:37:51,7.03,--,195,137647,买盘
1546,13:37:48,7.03,--,162,113886,买盘
1547,13:37:45,7.03,0.01,126,88578,买盘
1548,13:37:42,7.02,--,46,32291,卖盘
1549,13:37:39,7.02,-0.01,100,70200,卖盘
1550,13:37:36,7.03,--,872,613016,买盘
1551,13:37:33,7.03,--,92,64676,买盘
1552,13:37:30,7.03,--,105,73815,买盘
1553,13:37:27,7.03,0.01,350,246050,买盘
1554,13:37:24,7.02,-0.01,106,74412,卖盘
1555,13:37:21,7.03,--,466,327598,买盘
1556,13:37:18,7.03,0.01,177,124459,买盘
1557,13:37:15,7.02,-0.01,127,89154,卖盘
1558,13:37:12,7.03,--,1567,1101601,买盘
1559,13:37:09,7.03,--,91,63973,买盘
1560,13:37:06,7.03,0.01,399,280497,买盘
1561,13:37:03,7.02,-0.01,132,92664,卖盘
1562,13:37:00,7.03,0.01,390,274170,买盘
1563,13:36:57,7.02,-0.01,1,702,卖盘
1564,13:36:54,7.03,0.01,384,269952,买盘
1565,13:36:51,7.02,-0.01,130,91260,卖盘
1566,13:36:48,7.03,0.01,674,473822,买盘
1567,13:36:45,7.02,--,609,428079,买盘
1568,13:36:42,7.02,-0.01,326,228992,卖盘
1569,13:36:39,7.03,0.01,41,28823,买盘
1570,13:36:36,7.02,--,676,475113,买盘
1571,13:36:33,7.02,--,3141,2204982,买盘
1572,13:36:30,7.02,0.01,22,15443,买盘
1573,13:36:27,7.01,-0.01,76,53276,卖盘
1574,13:36:21,7.02,0.01,115,80730,买盘
1575,13:36:18,7.01,--,62,43462,卖盘
1576,13:36:15,7.01,-0.01,109,76409,卖盘
1577,13:36:12,7.02,--,661,464022,买盘
1578,13:36:09,7.02,0.01,106,74412,买盘
1579,13:36:06,7.01,--,253,177353,买盘
1580,13:36:03,7.01,--,266,186466,买盘
1581,13:36:00,7.01,0.01,89,62389,买盘
1582,13:35:57,7.0,-0.02,1178,824600,卖盘
1583,13:35:54,7.02,0.01,160,112320,买盘
1584,13:35:51,7.01,--,86,60286,买盘
1585,13:35:48,7.01,--,1051,736751,买盘
1586,13:35:45,7.01,--,64,44864,买盘
1587,13:35:42,7.01,0.01,684,479484,买盘
1588,13:35:39,7.0,--,215,150500,卖盘
1589,13:35:36,7.0,-0.01,528,369600,卖盘
1590,13:35:33,7.01,0.01,957,670857,买盘
1591,13:35:30,7.0,--,195,136500,卖盘
1592,13:35:27,7.0,--,145,101500,卖盘
1593,13:35:24,7.0,--,55,38500,卖盘
1594,13:35:21,7.0,-0.01,617,431900,卖盘
1595,13:35:18,7.01,--,273,191373,买盘
1596,13:35:15,7.01,0.01,47,32947,买盘
1597,13:35:12,7.0,-0.01,40,28000,卖盘
1598,13:35:09,7.01,--,404,283204,买盘
1599,13:35:06,7.01,--,382,267782,买盘
1600,13:35:03,7.01,--,138,96738,买盘
1601,13:35:00,7.01,--,80,56080,买盘
1602,13:34:57,7.01,--,17,11917,买盘
1603,13:34:54,7.01,--,84,58884,买盘
1604,13:34:51,7.01,--,73,51173,买盘
1605,13:34:48,7.01,--,261,182961,买盘
1606,13:34:45,7.01,0.01,30,21030,买盘
1607,13:34:42,7.0,--,361,252700,卖盘
1608,13:34:39,7.0,--,21,14700,卖盘
1609,13:34:36,7.0,--,2,1400,卖盘
1610,13:34:33,7.0,-0.01,1365,955500,卖盘
1611,13:34:30,7.01,--,10,7010,买盘
1612,13:34:27,7.01,0.01,37,25937,买盘
1613,13:34:24,7.0,-0.01,490,343672,卖盘
1614,13:34:21,7.01,-0.01,369,258669,卖盘
1615,13:34:18,7.02,0.01,199,139698,买盘
1616,13:34:15,7.01,--,86,60286,卖盘
1617,13:34:12,7.01,-0.01,540,378540,卖盘
1618,13:34:09,7.02,0.01,149,104598,买盘
1619,13:34:06,7.01,--,250,175250,卖盘
1620,13:34:03,7.01,-0.01,71,49771,卖盘
1621,13:34:00,7.02,--,53,37206,买盘
1622,13:33:57,7.02,0.01,78,54756,买盘
1623,13:33:54,7.01,--,75,52575,卖盘
1624,13:33:51,7.01,--,394,276194,卖盘
1625,13:33:48,7.01,-0.01,167,117067,卖盘
1626,13:33:45,7.02,0.01,10,7020,买盘
1627,13:33:42,7.01,--,114,79914,卖盘
1628,13:33:39,7.01,-0.01,582,407982,卖盘
1629,13:33:36,7.02,0.01,445,312390,买盘
1630,13:33:33,7.01,-0.01,22,15422,卖盘
1631,13:33:30,7.02,0.01,10,7020,买盘
1632,13:33:27,7.01,-0.01,74,51874,卖盘
1633,13:33:24,7.02,--,104,73008,买盘
1634,13:33:21,7.02,--,57,40014,买盘
1635,13:33:18,7.02,--,31,21762,买盘
1636,13:33:15,7.02,0.01,299,209898,买盘
1637,13:33:12,7.01,--,78,54678,卖盘
1638,13:33:09,7.01,-0.01,99,69399,卖盘
1639,13:33:06,7.02,--,109,76518,买盘
1640,13:33:03,7.02,--,101,70902,买盘
1641,13:33:00,7.02,0.01,47,32994,买盘
1642,13:32:57,7.01,-0.01,47,32947,卖盘
1643,13:32:54,7.02,0.01,132,92664,买盘
1644,13:32:51,7.01,--,173,121273,卖盘
1645,13:32:48,7.01,--,217,152117,卖盘
1646,13:32:45,7.01,--,5,3505,卖盘
1647,13:32:42,7.01,--,59,41359,卖盘
1648,13:32:39,7.01,-0.01,64,44864,卖盘
1649,13:32:36,7.02,--,70,49140,买盘
1650,13:32:33,7.02,0.01,1,702,买盘
1651,13:32:30,7.01,--,100,70100,卖盘
1652,13:32:27,7.01,-0.01,473,331573,卖盘
1653,13:32:24,7.02,--,26,18252,买盘
1654,13:32:21,7.02,--,20,14040,买盘
1655,13:32:18,7.02,0.01,56,39312,买盘
1656,13:32:15,7.01,-0.01,89,62389,卖盘
1657,13:32:12,7.02,--,173,121445,买盘
1658,13:32:09,7.02,--,360,252888,卖盘
1659,13:32:06,7.02,--,14,9828,卖盘
1660,13:32:03,7.02,--,364,255808,卖盘
1661,13:32:00,7.02,--,439,308178,卖盘
1662,13:31:57,7.02,-0.01,916,643032,卖盘
1663,13:31:54,7.03,0.01,22,15466,买盘
1664,13:31:51,7.02,--,27,18954,卖盘
1665,13:31:48,7.02,-0.01,30,21060,卖盘
1666,13:31:45,7.03,0.01,73,51319,买盘
1667,13:31:42,7.02,--,42,29484,卖盘
1668,13:31:39,7.02,--,112,78624,卖盘
1669,13:31:36,7.02,--,69,48438,卖盘
1670,13:31:33,7.02,--,193,135486,卖盘
1671,13:31:30,7.02,--,247,173646,买盘
1672,13:31:27,7.02,--,23,16145,买盘
1673,13:31:24,7.02,--,141,98982,买盘
1674,13:31:21,7.02,--,317,222534,买盘
1675,13:31:18,7.02,--,261,183222,买盘
1676,13:31:15,7.02,--,190,133380,买盘
1677,13:31:12,7.02,0.01,46,32291,买盘
1678,13:31:09,7.01,--,11,7711,卖盘
1679,13:31:06,7.01,--,155,108662,卖盘
1680,13:31:03,7.01,-0.01,220,154220,卖盘
1681,13:31:00,7.02,0.01,315,221130,买盘
1682,13:30:57,7.01,-0.01,56,39256,卖盘
1683,13:30:54,7.02,0.01,168,117936,买盘
1684,13:30:51,7.01,--,55,38555,卖盘
1685,13:30:48,7.01,-0.01,88,61688,卖盘
1686,13:30:45,7.02,0.01,34,23868,买盘
1687,13:30:42,7.01,-0.01,152,106552,卖盘
1688,13:30:39,7.02,0.01,69,48438,买盘
1689,13:30:36,7.01,-0.01,17,11917,卖盘
1690,13:30:33,7.02,--,71,49842,买盘
1691,13:30:30,7.02,0.01,115,80730,买盘
1692,13:30:27,7.01,--,184,128984,卖盘
1693,13:30:24,7.01,-0.01,52,36452,卖盘
1694,13:30:21,7.02,0.01,195,136890,买盘
1695,13:30:18,7.01,--,353,247453,卖盘
1696,13:30:15,7.01,--,7,4907,卖盘
1697,13:30:12,7.01,-0.01,82,57482,卖盘
1698,13:30:09,7.02,-0.01,75,52650,中性盘
1699,13:30:06,7.03,0.01,49,34447,买盘
1700,13:30:03,7.02,0.01,44,30887,买盘
1701,13:30:00,7.01,--,325,227825,卖盘
1702,13:29:57,7.01,-0.02,1419,994719,卖盘
1703,13:29:54,7.03,0.01,13,9139,买盘
1704,13:29:51,7.02,--,3880,2723760,卖盘
1705,13:29:48,7.02,-0.01,23,16145,卖盘
1706,13:29:45,7.03,--,54,37962,买盘
1707,13:29:42,7.03,0.01,191,134273,买盘
1708,13:29:39,7.02,-0.01,330,232354,卖盘
1709,13:29:36,7.03,--,70,49210,卖盘
1710,13:29:33,7.03,--,569,400049,买盘
1711,13:29:30,7.03,--,147,103341,买盘
1712,13:29:27,7.03,--,82,57646,买盘
1713,13:29:24,7.03,--,232,163096,买盘
1714,13:29:21,7.03,--,87,61161,买盘
1715,13:29:18,7.03,--,639,449217,卖盘
1716,13:29:15,7.03,-0.01,164,115292,买盘
1717,13:29:12,7.04,0.01,142,99968,买盘
1718,13:29:09,7.03,--,25,17575,中性盘
1719,13:29:06,7.03,--,120,84360,卖盘
1720,13:29:03,7.03,-0.01,212,149036,卖盘
1721,13:29:00,7.04,0.01,121,85184,买盘
1722,13:28:57,7.03,-0.01,124,87172,卖盘
1723,13:28:54,7.04,0.01,418,294272,买盘
1724,13:28:51,7.03,--,20,14060,卖盘
1725,13:28:48,7.03,-0.01,320,224960,卖盘
1726,13:28:45,7.04,0.01,61,42944,买盘
1727,13:28:42,7.03,--,38,26714,卖盘
1728,13:28:39,7.03,-0.01,156,109668,卖盘
1729,13:28:36,7.04,--,556,391424,买盘
1730,13:28:33,7.04,0.01,42,29568,买盘
1731,13:28:30,7.03,-0.01,97,68191,卖盘
1732,13:28:27,7.04,--,357,251328,买盘
1733,13:28:24,7.04,--,125,88000,买盘
1734,13:28:21,7.04,0.01,101,71104,买盘
1735,13:28:18,7.03,-0.01,502,352906,卖盘
1736,13:28:15,7.04,--,74,52096,买盘
1737,13:28:12,7.04,--,45,31680,买盘
1738,13:28:09,7.04,--,39,27456,买盘
1739,13:28:06,7.04,--,93,65472,买盘
1740,13:28:03,7.04,--,14,9856,买盘
1741,13:28:00,7.04,--,13,9152,买盘
1742,13:27:57,7.04,0.01,25,17600,中性盘
1743,13:27:54,7.03,-0.02,196,137788,卖盘
1744,13:27:51,7.05,--,176,124080,买盘
1745,13:27:48,7.05,0.01,2063,1454415,买盘
1746,13:27:45,7.04,-0.01,60,42240,卖盘
1747,13:27:42,7.05,0.01,376,265080,买盘
1748,13:27:39,7.04,--,243,171072,卖盘
1749,13:27:36,7.04,-0.01,53,37312,卖盘
1750,13:27:33,7.05,--,112,78960,买盘
1751,13:27:30,7.05,--,36,25380,买盘
1752,13:27:27,7.05,0.01,50,35250,买盘
1753,13:27:24,7.04,-0.01,530,373120,卖盘
1754,13:27:21,7.05,--,196,138180,买盘
1755,13:27:18,7.05,--,176,124080,买盘
1756,13:27:15,7.05,-0.01,52,36801,卖盘
1757,13:27:12,7.06,--,336,237216,买盘
1758,13:27:09,7.06,0.01,141,99546,买盘
1759,13:27:06,7.05,--,50,35250,卖盘
1760,13:27:03,7.05,-0.01,186,131130,卖盘
1761,13:27:00,7.06,--,278,196832,买盘
1762,13:26:57,7.06,0.01,2194,1548964,买盘
1763,13:26:54,7.05,--,88,62040,卖盘
1764,13:26:51,7.05,--,247,174135,卖盘
1765,13:26:48,7.05,-0.01,17,11985,中性盘
1766,13:26:45,7.06,0.01,1822,1286332,买盘
1767,13:26:42,7.05,0.01,150,105750,买盘
1768,13:26:39,7.04,-0.01,3655,2573120,卖盘
1769,13:26:36,7.05,--,425,299625,买盘
1770,13:26:33,7.05,--,128,90240,中性盘
1771,13:26:30,7.05,--,351,247455,买盘
1772,13:26:27,7.05,--,148,104340,买盘
1773,13:26:24,7.05,-0.01,297,209385,卖盘
1774,13:26:21,7.06,0.02,240,169440,买盘
1775,13:26:18,7.04,-0.01,769,541376,卖盘
1776,13:26:15,7.05,--,134,94470,卖盘
1777,13:26:12,7.05,0.01,475,334875,买盘
1778,13:26:09,7.04,-0.01,671,472384,卖盘
1779,13:26:06,7.05,--,129,90945,买盘
1780,13:26:03,7.05,--,132,93060,买盘
1781,13:26:00,7.05,--,4222,2976510,卖盘
1782,13:25:57,7.05,--,308,217140,卖盘
1783,13:25:54,7.05,-0.01,1021,719805,卖盘
1784,13:25:51,7.06,--,333,235098,买盘
1785,13:25:48,7.06,--,114,80484,买盘
1786,13:25:45,7.06,--,227,160262,买盘
1787,13:25:42,7.06,--,198,139788,买盘
1788,13:25:39,7.06,0.01,451,318406,买盘
1789,13:25:36,7.05,--,209,147345,卖盘
1790,13:25:33,7.05,--,764,538620,卖盘
1791,13:25:30,7.05,-0.01,78,54990,卖盘
1792,13:25:27,7.06,--,225,158850,买盘
1793,13:25:24,7.06,--,653,461018,买盘
1794,13:25:21,7.06,0.01,116,81896,买盘
1795,13:25:18,7.05,-0.01,1171,825555,卖盘
1796,13:25:15,7.06,0.01,1520,1073120,买盘
1797,13:25:12,7.05,-0.01,139,97995,卖盘
1798,13:25:09,7.06,--,1828,1290568,买盘
1799,13:25:06,7.06,--,168,118608,买盘
1800,13:25:03,7.06,--,97,68482,买盘
1801,13:25:00,7.06,0.01,84,59304,买盘
1802,13:24:57,7.05,-0.01,989,697245,卖盘
1803,13:24:54,7.06,0.01,181,127786,买盘
1804,13:24:51,7.05,-0.01,157,110685,卖盘
1805,13:24:48,7.06,0.01,1067,753302,买盘
1806,13:24:45,7.05,--,202,142410,卖盘
1807,13:24:42,7.05,--,270,190350,卖盘
1808,13:24:39,7.05,--,1059,746595,卖盘
1809,13:24:36,7.05,--,884,623220,买盘
1810,13:24:33,7.05,--,894,630270,买盘
1811,13:24:30,7.05,0.01,238,167790,买盘
1812,13:24:27,7.04,--,142,99968,卖盘
1813,13:24:24,7.04,-0.01,1048,737792,卖盘
1814,13:24:21,7.05,0.01,86,60630,买盘
1815,13:24:18,7.04,-0.01,1037,730048,卖盘
1816,13:24:15,7.05,0.01,5,3525,买盘
1817,13:24:12,7.04,-0.01,143,100672,卖盘
1818,13:24:09,7.05,0.01,134,94470,买盘
1819,13:24:06,7.04,--,6071,4273984,买盘
1820,13:24:03,7.04,-0.01,3059,2153536,卖盘
1821,13:24:00,7.05,0.01,1187,836835,买盘
1822,13:23:57,7.04,--,1115,784960,卖盘
1823,13:23:54,7.04,-0.01,269,189376,卖盘
1824,13:23:51,7.05,--,212,149460,买盘
1825,13:23:48,7.05,--,679,478695,买盘
1826,13:23:45,7.05,0.01,141,99405,买盘
1827,13:23:42,7.04,-0.01,1132,796928,卖盘
1828,13:23:39,7.05,0.01,732,516060,买盘
1829,13:23:36,7.04,-0.01,347,244288,卖盘
1830,13:23:33,7.05,--,890,627450,买盘
1831,13:23:30,7.05,--,409,288345,买盘
1832,13:23:27,7.05,--,275,193875,买盘
1833,13:23:24,7.05,-0.01,1515,1068075,卖盘
1834,13:23:21,7.06,0.01,927,654462,买盘
1835,13:23:18,7.05,--,1108,781140,买盘
1836,13:23:15,7.05,--,1568,1105440,卖盘
1837,13:23:12,7.05,--,889,626745,买盘
1838,13:23:09,7.05,--,178,125490,卖盘
1839,13:23:06,7.05,--,130,91650,买盘
1840,13:23:03,7.05,-0.01,19,13395,中性盘
1841,13:23:00,7.06,0.02,632,446192,买盘
1842,13:22:57,7.04,--,476,335104,卖盘
1843,13:22:54,7.04,-0.01,2137,1504448,卖盘
1844,13:22:51,7.05,-0.01,5692,4012860,卖盘
1845,13:22:48,7.06,--,806,569036,买盘
1846,13:22:45,7.06,--,624,440544,买盘
1847,13:22:42,7.06,--,337,237922,买盘
1848,13:22:39,7.06,--,771,544326,买盘
1849,13:22:36,7.06,-0.01,1598,1128188,卖盘
1850,13:22:33,7.07,0.01,885,625695,买盘
1851,13:22:30,7.06,--,311,219566,卖盘
1852,13:22:27,7.06,--,846,597276,买盘
1853,13:22:24,7.06,-0.01,216,152496,中性盘
1854,13:22:21,7.07,--,4619,3265633,买盘
1855,13:22:18,7.07,0.01,3423,2420061,买盘
1856,13:22:15,7.06,-0.01,1448,1022288,卖盘
1857,13:22:12,7.07,0.01,3994,2823758,买盘
1858,13:22:09,7.06,-0.01,1424,1005344,卖盘
1859,13:22:06,7.07,--,2300,1626100,买盘
1860,13:22:03,7.07,--,1318,931826,买盘
1861,13:22:00,7.07,--,1306,923342,卖盘
1862,13:21:57,7.07,--,4803,3395721,买盘
1863,13:21:54,7.07,--,2697,1906779,买盘
1864,13:21:51,7.07,-0.01,1926,1361682,卖盘
1865,13:21:48,7.08,--,1166,825528,买盘
1866,13:21:45,7.08,--,4128,2922624,买盘
1867,13:21:42,7.08,0.01,1886,1335288,买盘
1868,13:21:39,7.07,0.02,6735,4761645,买盘
1869,13:21:36,7.05,--,2790,1966950,买盘
1870,13:21:33,7.05,--,12011,8467755,买盘
1871,13:21:30,7.05,0.01,1837,1295085,买盘
1872,13:21:27,7.04,0.01,5467,3848768,买盘
1873,13:21:24,7.03,--,5056,3554368,卖盘
1874,13:21:21,7.03,--,10896,7660408,买盘
1875,13:21:18,7.03,0.01,809,568727,买盘
1876,13:21:15,7.02,--,563,395226,卖盘
1877,13:21:12,7.02,--,4051,2844328,买盘
1878,13:21:09,7.02,0.01,5560,3903119,买盘
1879,13:21:06,7.01,-0.01,364,255164,卖盘
1880,13:21:03,7.02,0.01,618,433836,买盘
1881,13:21:00,7.01,--,117,82017,卖盘
1882,13:20:57,7.01,--,48,33648,卖盘
1883,13:20:54,7.01,--,1055,739555,卖盘
1884,13:20:51,7.01,--,426,298626,卖盘
1885,13:20:48,7.01,--,614,430414,卖盘
1886,13:20:45,7.01,0.01,1610,1129296,买盘
1887,13:20:42,7.0,--,21,14700,卖盘
1888,13:20:39,7.0,-0.01,3041,2128700,卖盘
1889,13:20:36,7.01,0.01,103,72203,买盘
1890,13:20:33,7.0,--,526,368200,卖盘
1891,13:20:30,7.0,--,2138,1496600,卖盘
1892,13:20:27,7.0,--,681,476700,卖盘
1893,13:20:24,7.0,--,318,222789,买盘
1894,13:20:21,7.0,--,1675,1173011,卖盘
1895,13:20:18,7.0,--,123,86100,卖盘
1896,13:20:15,7.0,-0.01,165,115500,卖盘
1897,13:20:12,7.01,0.01,1315,921815,买盘
1898,13:20:09,7.0,--,716,501200,卖盘
1899,13:20:06,7.0,--,2767,1937089,买盘
1900,13:20:03,7.0,--,90,63000,买盘
1901,13:20:00,7.0,0.01,1672,1170400,买盘
1902,13:19:57,6.99,-0.01,23,16077,卖盘
1903,13:19:54,7.0,--,22,15400,买盘
1904,13:19:51,7.0,--,118,82600,买盘
1905,13:19:48,7.0,-0.01,2781,1947211,卖盘
1906,13:19:45,7.01,0.01,4576,3207776,买盘
1907,13:19:42,7.0,--,708,495600,卖盘
1908,13:19:39,7.0,--,854,597800,卖盘
1909,13:19:36,7.0,-0.01,464,324800,卖盘
1910,13:19:33,7.01,0.01,182,127582,买盘
1911,13:19:30,7.0,--,89,62300,卖盘
1912,13:19:27,7.0,--,122,85400,卖盘
1913,13:19:24,7.0,-0.01,586,410200,卖盘
1914,13:19:21,7.01,0.01,247,173147,买盘
1915,13:19:18,7.0,--,62,43400,卖盘
1916,13:19:15,7.0,--,1550,1085000,卖盘
1917,13:19:12,7.0,--,70,49189,卖盘
1918,13:19:09,7.0,-0.01,51,35700,卖盘
1919,13:19:06,7.01,0.01,301,211001,买盘
1920,13:19:03,7.0,-0.01,2496,1747200,卖盘
1921,13:19:00,7.01,0.01,100,70100,买盘
1922,13:18:57,7.0,-0.01,126,88200,卖盘
1923,13:18:54,7.01,0.01,46,32246,买盘
1924,13:18:51,7.0,--,284,198800,卖盘
1925,13:18:48,7.0,--,651,455700,卖盘
1926,13:18:45,7.0,-0.01,2288,1601600,卖盘
1927,13:18:42,7.01,0.01,161,112861,买盘
1928,13:18:39,7.0,-0.01,46,32200,卖盘
1929,13:18:36,7.01,--,4,2804,买盘
1930,13:18:33,7.01,--,351,246051,买盘
1931,13:18:30,7.01,0.01,21,14721,买盘
1932,13:18:27,7.0,-0.01,46,32200,卖盘
1933,13:18:24,7.01,--,1182,828582,买盘
1934,13:18:21,7.01,0.01,446,312646,买盘
1935,13:18:18,7.0,--,650,455000,卖盘
1936,13:18:15,7.0,-0.01,1170,819000,卖盘
1937,13:18:12,7.01,--,15,10515,买盘
1938,13:18:09,7.01,0.01,20,14020,买盘
1939,13:18:06,7.0,-0.01,172,120400,卖盘
1940,13:18:03,7.01,--,24,16824,买盘
1941,13:18:00,7.01,0.01,24,16824,买盘
1942,13:17:57,7.0,-0.01,102,71400,卖盘
1943,13:17:54,7.01,--,23,16123,买盘
1944,13:17:51,7.01,0.01,228,159828,买盘
1945,13:17:48,7.0,-0.01,5376,3763200,卖盘
1946,13:17:45,7.01,--,745,522245,卖盘
1947,13:17:42,7.01,--,6,4206,卖盘
1948,13:17:39,7.01,--,221,154921,卖盘
1949,13:17:36,7.01,--,69,48369,卖盘
1950,13:17:33,7.01,--,270,189270,买盘
1951,13:17:30,7.01,--,37,25937,买盘
1952,13:17:27,7.01,0.01,208,145808,买盘
1953,13:17:24,7.0,-0.01,1365,955500,卖盘
1954,13:17:21,7.01,-0.01,140,98140,中性盘
1955,13:17:18,7.02,--,2667,1872234,买盘
1956,13:17:15,7.02,--,5070,3559315,买盘
1957,13:17:12,7.02,0.01,319,223938,买盘
1958,13:17:09,7.01,--,1113,780738,卖盘
1959,13:17:06,7.01,--,904,633704,卖盘
1960,13:17:03,7.01,--,1633,1144733,卖盘
1961,13:17:00,7.01,--,232,162632,卖盘
1962,13:16:57,7.01,--,289,202589,卖盘
1963,13:16:54,7.01,--,257,180157,卖盘
1964,13:16:51,7.01,--,26,18226,卖盘
1965,13:16:48,7.01,--,722,506122,卖盘
1966,13:16:45,7.01,--,195,136695,卖盘
1967,13:16:42,7.01,--,240,168520,卖盘
1968,13:16:39,7.01,--,108,76128,卖盘
1969,13:16:36,7.01,--,434,304234,卖盘
1970,13:16:33,7.01,--,26,18226,卖盘
1971,13:16:30,7.01,--,1021,715721,卖盘
1972,13:16:27,7.01,-0.01,204,143004,卖盘
1973,13:16:24,7.02,0.01,436,306072,买盘
1974,13:16:21,7.01,-0.01,1519,1064819,卖盘
1975,13:16:18,7.02,--,326,228852,买盘
1976,13:16:15,7.02,--,770,540540,买盘
1977,13:16:12,7.02,--,85,59670,买盘
1978,13:16:09,7.02,--,822,577044,买盘
1979,13:16:06,7.02,--,313,219726,买盘
1980,13:16:03,7.02,--,128,89856,买盘
1981,13:16:00,7.02,--,209,146718,买盘
1982,13:15:57,7.02,-0.01,358,251315,买盘
1983,13:15:54,7.03,0.01,1023,719169,买盘
1984,13:15:51,7.02,-0.01,1168,819971,卖盘
1985,13:15:48,7.03,--,637,448478,买盘
1986,13:15:45,7.03,0.01,184,129352,买盘
1987,13:15:42,7.02,--,2580,1811160,卖盘
1988,13:15:39,7.02,--,646,453492,卖盘
1989,13:15:36,7.02,0.02,2491,1748682,买盘
1990,13:15:33,7.0,-0.01,256,179200,卖盘
1991,13:15:30,7.01,-0.02,319,223619,卖盘
1992,13:15:27,7.03,0.02,4161,2925323,买盘
1993,13:15:24,7.01,--,395,276895,卖盘
1994,13:15:21,7.01,--,4706,3298906,卖盘
1995,13:15:18,7.01,--,1202,843162,买盘
1996,13:15:15,7.01,--,4830,3385830,买盘
1997,13:15:12,7.01,--,109,76409,买盘
1998,13:15:09,7.01,--,184,128984,买盘
1999,13:15:06,7.01,0.01,1144,801944,买盘
2000,13:15:03,7.0,--,327,228900,卖盘
2001,13:15:00,7.0,-0.01,307,214900,卖盘
2002,13:14:57,7.01,0.01,516,361716,买盘
2003,13:14:54,7.0,--,211,147700,卖盘
2004,13:14:51,7.0,0.02,31,21700,中性盘
2005,13:14:48,6.98,--,7240,5053722,卖盘
2006,13:14:45,6.98,-0.02,19,13262,卖盘
2007,13:14:42,7.0,0.01,6013,4209100,买盘
2008,13:14:39,6.99,--,36,25164,买盘
2009,13:14:36,6.99,0.01,65,45435,买盘
2010,13:14:33,6.98,--,10,6980,卖盘
2011,13:14:30,6.98,--,154,107492,卖盘
2012,13:14:27,6.98,--,10,6980,卖盘
2013,13:14:24,6.98,--,175,122150,卖盘
2014,13:14:21,6.98,--,68,47464,卖盘
2015,13:14:18,6.98,-0.01,2,1396,卖盘
2016,13:14:15,6.99,0.02,69,48888,买盘
2017,13:14:09,6.97,--,252,175644,卖盘
2018,13:14:06,6.97,--,20,13940,卖盘
2019,13:14:03,6.97,-0.01,52,36244,卖盘
2020,13:14:00,6.98,0.01,657,458586,买盘
2021,13:13:57,6.97,-0.01,160,111520,卖盘
2022,13:13:54,6.98,--,70,48860,买盘
2023,13:13:51,6.98,--,1578,1101444,买盘
2024,13:13:48,6.98,0.01,95,66310,买盘
2025,13:13:45,6.97,-0.01,3,2091,卖盘
2026,13:13:39,6.98,--,102,71196,买盘
2027,13:13:36,6.98,--,42,29316,买盘
2028,13:13:33,6.98,0.01,34,23732,买盘
2029,13:13:30,6.97,-0.01,30,20910,卖盘
2030,13:13:27,6.98,--,31,21638,买盘
2031,13:13:24,6.98,--,4,2792,买盘
2032,13:13:21,6.98,--,70,48860,买盘
2033,13:13:18,6.98,0.01,67,46766,买盘
2034,13:13:15,6.97,--,51,35547,卖盘
2035,13:13:12,6.97,--,147,102459,卖盘
2036,13:13:09,6.97,--,104,72488,卖盘
2037,13:13:06,6.97,--,55,38335,卖盘
2038,13:13:03,6.97,--,28,19516,卖盘
2039,13:13:00,6.97,--,70,48790,卖盘
2040,13:12:57,6.97,-0.01,101,70397,卖盘
2041,13:12:54,6.98,--,64,44672,买盘
2042,13:12:51,6.98,0.01,66,46068,买盘
2043,13:12:48,6.97,-0.01,143,99671,卖盘
2044,13:12:45,6.98,--,50,34900,买盘
2045,13:12:42,6.98,0.01,79,55142,买盘
2046,13:12:39,6.97,-0.01,100,69700,卖盘
2047,13:12:36,6.98,0.01,99,69102,买盘
2048,13:12:33,6.97,--,148,103156,卖盘
2049,13:12:30,6.97,--,28,19516,卖盘
2050,13:12:27,6.97,-0.01,76,52972,卖盘
2051,13:12:24,6.98,0.01,293,204514,买盘
2052,13:12:21,6.97,--,264,184008,卖盘
2053,13:12:18,6.97,-0.01,83,57851,卖盘
2054,13:12:15,6.98,--,206,143788,买盘
2055,13:12:12,6.98,0.01,32,22336,买盘
2056,13:12:09,6.97,--,153,106641,卖盘
2057,13:12:06,6.97,--,458,319226,卖盘
2058,13:12:03,6.97,--,23,16031,卖盘
2059,13:12:00,6.97,-0.01,45,31365,卖盘
2060,13:11:57,6.98,--,33,23034,买盘
2061,13:11:51,6.98,0.01,28,19544,买盘
2062,13:11:48,6.97,--,209,145673,卖盘
2063,13:11:45,6.97,--,4,2788,卖盘
2064,13:11:42,6.97,--,28,19516,卖盘
2065,13:11:39,6.97,-0.01,610,425170,卖盘
2066,13:11:36,6.98,--,199,138902,买盘
2067,13:11:33,6.98,--,95,66310,买盘
2068,13:11:30,6.98,--,65,45370,买盘
2069,13:11:27,6.98,0.01,17,11866,买盘
2070,13:11:24,6.97,-0.01,51,35547,卖盘
2071,13:11:21,6.98,--,91,63518,买盘
2072,13:11:18,6.98,--,5,3490,买盘
2073,13:11:15,6.98,--,51,35598,买盘
2074,13:11:12,6.98,--,1634,1140573,卖盘
2075,13:11:09,6.98,--,279,194742,卖盘
2076,13:11:06,6.98,--,1051,733598,卖盘
2077,13:11:03,6.98,--,1689,1178922,卖盘
2078,13:11:00,6.98,--,22,15356,卖盘
2079,13:10:54,6.98,-0.01,84,58632,卖盘
2080,13:10:51,6.99,0.01,40,27960,买盘
2081,13:10:48,6.98,--,137,95626,卖盘
2082,13:10:45,6.98,-0.01,91,63518,卖盘
2083,13:10:42,6.99,0.01,239,167061,买盘
2084,13:10:39,6.98,--,2,1396,卖盘
2085,13:10:36,6.98,--,62,43276,卖盘
2086,13:10:33,6.98,-0.01,161,112378,卖盘
2087,13:10:30,6.99,--,208,145392,买盘
2088,13:10:27,6.99,0.01,47,32853,买盘
2089,13:10:24,6.98,-0.01,264,184272,卖盘
2090,13:10:21,6.99,--,46,32154,买盘
2091,13:10:15,6.99,--,58,40542,买盘
2092,13:10:12,6.99,--,34,23766,买盘
2093,13:10:09,6.99,0.01,14,9786,买盘
2094,13:10:06,6.98,-0.01,340,237320,卖盘
2095,13:10:03,6.99,--,200,139800,买盘
2096,13:10:00,6.99,0.01,20,13980,买盘
2097,13:09:57,6.98,--,13,9074,卖盘
2098,13:09:54,6.98,-0.01,51,35598,卖盘
2099,13:09:51,6.99,0.01,1220,852780,买盘
2100,13:09:48,6.98,-0.01,8,5584,卖盘
2101,13:09:45,6.99,--,63,44037,买盘
2102,13:09:42,6.99,--,55,38445,买盘
2103,13:09:39,6.99,--,62,43338,买盘
2104,13:09:36,6.99,--,12,8388,买盘
2105,13:09:33,6.99,--,186,130014,买盘
2106,13:09:30,6.99,--,195,136305,买盘
2107,13:09:27,6.99,--,78,54522,买盘
2108,13:09:21,6.99,--,16,11184,买盘
2109,13:09:18,6.99,0.01,15,10485,买盘
2110,13:09:15,6.98,-0.01,16,11168,卖盘
2111,13:09:12,6.99,--,55,38445,买盘
2112,13:09:09,6.99,0.01,71,49629,买盘
2113,13:09:06,6.98,-0.01,48,33504,卖盘
2114,13:09:03,6.99,0.01,149,104151,买盘
2115,13:09:00,6.98,--,143,99814,卖盘
2116,13:08:57,6.98,--,579,404142,卖盘
2117,13:08:54,6.98,--,759,529782,卖盘
2118,13:08:48,6.98,-0.01,190,132620,卖盘
2119,13:08:45,6.99,0.01,106,74094,买盘
2120,13:08:42,6.98,--,196,137003,卖盘
2121,13:08:39,6.98,-0.01,159,110982,卖盘
2122,13:08:36,6.99,0.01,351,245349,买盘
2123,13:08:33,6.98,--,29,20242,卖盘
2124,13:08:30,6.98,-0.01,172,120056,卖盘
2125,13:08:27,6.99,--,870,608130,买盘
2126,13:08:24,6.99,--,63,44037,买盘
2127,13:08:21,6.99,--,210,146790,买盘
2128,13:08:18,6.99,--,21,14679,买盘
2129,13:08:15,6.99,--,603,421497,买盘
2130,13:08:12,6.99,--,53,37047,买盘
2131,13:08:09,6.99,--,186,130014,买盘
2132,13:08:06,6.99,--,949,663351,买盘
2133,13:08:03,6.99,--,308,215292,卖盘
2134,13:08:00,6.99,--,180,125820,卖盘
2135,13:07:57,6.99,--,3602,2517798,卖盘
2136,13:07:54,6.99,--,549,383751,卖盘
2137,13:07:51,6.99,-0.01,123,85977,卖盘
2138,13:07:48,7.0,0.01,158,110600,买盘
2139,13:07:45,6.99,-0.01,127,88773,卖盘
2140,13:07:42,7.0,--,72,50400,买盘
2141,13:07:36,7.0,--,256,179802,卖盘
2142,13:07:33,7.0,--,1832,1282400,卖盘
2143,13:07:30,7.0,--,344,240800,卖盘
2144,13:07:27,7.0,-0.01,225,157500,卖盘
2145,13:07:24,7.01,0.01,191,133891,买盘
2146,13:07:21,7.0,--,652,457037,卖盘
2147,13:07:18,7.0,--,110,77000,卖盘
2148,13:07:15,7.0,--,1432,1002561,买盘
2149,13:07:12,7.0,0.01,2098,1468600,买盘
2150,13:07:09,6.99,-0.01,126,88074,卖盘
2151,13:07:06,7.0,--,1337,935900,买盘
2152,13:07:03,7.0,--,974,681800,买盘
2153,13:07:00,7.0,--,109,76300,买盘
2154,13:06:57,7.0,--,589,412300,买盘
2155,13:06:54,7.0,--,170,119000,买盘
2156,13:06:51,7.0,--,549,384300,买盘
2157,13:06:48,7.0,--,1,700,买盘
2158,13:06:45,7.0,0.01,248,173600,买盘
2159,13:06:42,6.99,--,102,71298,卖盘
2160,13:06:39,6.99,-0.01,860,601601,卖盘
2161,13:06:36,7.0,0.01,9515,6660738,买盘
2162,13:06:33,6.99,-0.01,40,27960,卖盘
2163,13:06:30,7.0,--,189,132300,买盘
2164,13:06:27,7.0,0.01,1504,1052800,买盘
2165,13:06:24,6.99,--,59,41241,卖盘
2166,13:06:21,6.99,--,642,448758,卖盘
2167,13:06:18,6.99,-0.01,60,41940,卖盘
2168,13:06:15,7.0,0.01,267,186900,买盘
2169,13:06:12,6.99,--,161,112539,买盘
2170,13:06:09,6.99,--,124,86676,卖盘
2171,13:06:06,6.99,--,292,204108,买盘
2172,13:06:03,6.99,--,286,199914,买盘
2173,13:06:00,6.99,--,196,137004,买盘
2174,13:05:57,6.99,--,68,47532,买盘
2175,13:05:54,6.99,--,978,683622,卖盘
2176,13:05:51,6.99,--,3346,2338854,买盘
2177,13:05:48,6.99,--,486,339714,买盘
2178,13:05:45,6.99,0.01,262,183138,买盘
2179,13:05:42,6.98,--,25,17450,卖盘
2180,13:05:39,6.98,--,64,44672,卖盘
2181,13:05:36,6.98,--,38,26984,卖盘
2182,13:05:33,6.98,--,1669,1164962,卖盘
2183,13:05:30,6.98,--,444,309912,买盘
2184,13:05:27,6.98,--,280,195440,买盘
2185,13:05:24,6.98,--,41,28618,买盘
2186,13:05:21,6.98,--,66,46068,买盘
2187,13:05:18,6.98,--,815,568870,买盘
2188,13:05:15,6.98,--,128,89344,买盘
2189,13:05:12,6.98,--,74,51652,买盘
2190,13:05:09,6.98,--,181,126338,买盘
2191,13:05:06,6.98,0.01,46,32108,买盘
2192,13:05:03,6.97,-0.01,143,99671,卖盘
2193,13:05:00,6.98,0.01,221,154258,买盘
2194,13:04:57,6.97,-0.01,197,137309,卖盘
2195,13:04:54,6.98,0.01,114,79572,买盘
2196,13:04:51,6.97,-0.01,78,54366,卖盘
2197,13:04:48,6.98,0.01,976,681248,买盘
2198,13:04:45,6.97,-0.01,188,131036,卖盘
2199,13:04:42,6.98,--,179,124942,买盘
2200,13:04:39,6.98,0.01,174,121452,买盘
2201,13:04:36,6.97,-0.01,80,55760,卖盘
2202,13:04:33,6.98,--,35,24430,买盘
2203,13:04:30,6.98,--,82,57850,买盘
2204,13:04:27,6.98,--,82,57236,买盘
2205,13:04:24,6.98,0.01,60,41880,买盘
2206,13:04:21,6.97,-0.01,37,25789,卖盘
2207,13:04:18,6.98,--,522,364356,买盘
2208,13:04:15,6.98,--,280,195440,买盘
2209,13:04:12,6.98,--,200,139600,买盘
2210,13:04:09,6.98,0.01,104,72592,买盘
2211,13:04:06,6.97,-0.01,21,14637,卖盘
2212,13:04:03,6.98,--,141,98418,买盘
2213,13:04:00,6.98,--,246,171708,买盘
2214,13:03:57,6.98,--,138,96324,买盘
2215,13:03:54,6.98,--,217,151466,卖盘
2216,13:03:51,6.98,--,446,311308,买盘
2217,13:03:48,6.98,--,12,8376,买盘
2218,13:03:45,6.98,-0.01,135,94230,中性盘
2219,13:03:42,6.99,0.02,623,435477,买盘
2220,13:03:39,6.97,-0.02,78,54366,卖盘
2221,13:03:36,6.99,--,85,59415,买盘
2222,13:03:33,6.99,--,141,98559,买盘
2223,13:03:30,6.99,--,243,169857,买盘
2224,13:03:27,6.99,--,125,87375,买盘
2225,13:03:21,6.99,--,1256,877944,买盘
2226,13:03:18,6.99,--,2399,1676901,卖盘
2227,13:03:15,6.99,-0.01,40,27960,卖盘
2228,13:03:12,7.0,0.01,1557,1089900,买盘
2229,13:03:09,6.99,-0.01,1237,864663,卖盘
2230,13:03:06,7.0,--,255,178500,买盘
2231,13:03:03,7.0,--,1014,709800,买盘
2232,13:03:00,7.0,0.01,476,333200,买盘
2233,13:02:57,6.99,-0.01,168,117432,卖盘
2234,13:02:54,7.0,--,567,396900,买盘
2235,13:02:51,7.0,0.01,426,298200,买盘
2236,13:02:48,6.99,-0.01,208,145392,卖盘
2237,13:02:45,7.0,--,1731,1211700,买盘
2238,13:02:42,7.0,--,221,154700,买盘
2239,13:02:39,7.0,--,98,68600,卖盘
2240,13:02:36,7.0,--,332,232400,买盘
2241,13:02:33,7.0,--,556,389200,卖盘
2242,13:02:30,7.0,--,593,415100,买盘
2243,13:02:27,7.0,--,1507,1054900,买盘
2244,13:02:24,7.0,--,71,49700,买盘
2245,13:02:21,7.0,--,241,168700,买盘
2246,13:02:18,7.0,--,232,162400,买盘
2247,13:02:15,7.0,--,1230,861000,卖盘
2248,13:02:12,7.0,-0.02,164,114800,卖盘
2249,13:02:09,7.02,0.02,330,231660,买盘
2250,13:02:06,7.0,-0.01,446,312200,卖盘
2251,13:02:03,7.01,0.01,242,169642,中性盘
2252,13:02:00,7.0,-0.02,474,331800,卖盘
2253,13:01:57,7.02,0.02,2973,2087045,买盘
2254,13:01:54,7.0,--,719,503300,卖盘
2255,13:01:51,7.0,--,321,224700,卖盘
2256,13:01:48,7.0,0.01,5212,3648400,买盘
2257,13:01:45,6.99,--,602,420798,卖盘
2258,13:01:42,6.99,-0.01,1383,966717,卖盘
2259,13:01:39,7.0,0.01,4239,2967300,买盘
2260,13:01:36,6.99,-0.01,515,359985,中性盘
2261,13:01:33,7.0,0.01,9299,6509300,买盘
2262,13:01:30,6.99,0.01,530,370470,买盘
2263,13:01:27,6.98,--,4286,2991628,卖盘
2264,13:01:24,6.98,-0.01,21,14658,卖盘
2265,13:01:21,6.99,0.01,3009,2103291,买盘
2266,13:01:18,6.98,-0.01,794,554212,买盘
2267,13:01:15,6.99,0.03,4102,2867298,买盘
2268,13:01:12,6.96,-0.02,70,48720,卖盘
2269,13:01:09,6.98,--,3125,2181250,买盘
2270,13:01:06,6.98,0.01,3159,2204982,买盘
2271,13:01:03,6.97,--,3043,2120971,买盘
2272,13:01:00,6.97,--,31,21607,买盘
2273,13:00:57,6.97,--,26,18122,买盘
2274,13:00:54,6.97,0.01,104,72488,中性盘
2275,13:00:51,6.96,-0.02,3614,2515344,卖盘
2276,13:00:48,6.98,0.02,3026,2112148,买盘
2277,13:00:45,6.96,0.01,3357,2336472,买盘
2278,13:00:42,6.95,--,3174,2205930,卖盘
2279,13:00:39,6.95,--,2188,1520660,卖盘
2280,13:00:36,6.95,-0.01,212,147340,卖盘
2281,13:00:33,6.96,--,1329,924984,买盘
2282,13:00:30,6.96,--,10,6960,买盘
2283,13:00:27,6.96,--,226,157296,买盘
2284,13:00:24,6.96,0.01,1373,955608,买盘
2285,13:00:21,6.95,0.01,38,26410,买盘
2286,13:00:18,6.94,0.01,159,110346,中性盘
2287,13:00:15,6.93,-0.02,2105,1458765,卖盘
2288,13:00:12,6.95,0.02,28,19460,买盘
2289,13:00:09,6.93,--,191,132363,卖盘
2290,13:00:06,6.93,-0.02,1431,991683,卖盘
2291,13:00:03,6.95,0.02,22652,15743140,买盘
2292,13:00:00,6.93,0.01,202,139986,买盘
2293,11:30:00,6.92,-0.01,938,649096,卖盘
2294,11:29:57,6.93,0.01,387,268191,买盘
2295,11:29:54,6.92,-0.01,106,73352,卖盘
2296,11:29:51,6.93,0.01,25,17325,买盘
2297,11:29:48,6.92,-0.01,1085,750820,卖盘
2298,11:29:45,6.93,0.02,1617,1120581,买盘
2299,11:29:42,6.91,-0.01,330,228030,卖盘
2300,11:29:39,6.92,0.01,158,109336,买盘
2301,11:29:36,6.91,-0.01,1881,1299771,卖盘
2302,11:29:33,6.92,0.01,15,10380,买盘
2303,11:29:30,6.91,-0.02,95,65645,卖盘
2304,11:29:27,6.93,0.01,1243,861399,买盘
2305,11:29:24,6.92,-0.01,165,114180,买盘
2306,11:29:18,6.93,0.01,557,386001,买盘
2307,11:29:15,6.92,--,490,339080,卖盘
2308,11:29:12,6.92,--,116,80272,卖盘
2309,11:29:09,6.92,--,743,514156,卖盘
2310,11:29:06,6.92,-0.01,415,287180,卖盘
2311,11:29:03,6.93,0.01,631,437283,买盘
2312,11:29:00,6.92,--,900,622800,卖盘
2313,11:28:57,6.92,--,168,116256,卖盘
2314,11:28:54,6.92,--,348,241328,买盘
2315,11:28:51,6.92,--,16,11072,买盘
2316,11:28:48,6.92,0.01,202,139784,买盘
2317,11:28:45,6.91,--,2036,1406876,卖盘
2318,11:28:42,6.91,-0.01,79,54589,卖盘
2319,11:28:39,6.92,0.02,9430,6525560,买盘
2320,11:28:36,6.9,-0.01,1755,1210950,卖盘
2321,11:28:33,6.91,--,1125,777375,买盘
2322,11:28:30,6.91,--,25,17275,买盘
2323,11:28:27,6.91,--,12,8292,买盘
2324,11:28:24,6.91,--,126,87066,买盘
2325,11:28:21,6.91,--,1558,1076578,买盘
2326,11:28:18,6.91,--,437,301967,买盘
2327,11:28:15,6.91,0.01,14,9674,买盘
2328,11:28:12,6.9,--,1621,1118490,买盘
2329,11:28:09,6.9,--,164,113160,买盘
2330,11:28:06,6.9,--,23,15870,买盘
2331,11:28:03,6.9,-0.01,3444,2376360,卖盘
2332,11:28:00,6.91,--,49,33859,买盘
2333,11:27:57,6.91,--,139,96049,买盘
2334,11:27:54,6.91,--,132,91212,买盘
2335,11:27:51,6.91,--,25,17275,买盘
2336,11:27:48,6.91,--,359,248069,买盘
2337,11:27:45,6.91,0.01,15,10365,买盘
2338,11:27:42,6.9,-0.01,45,31050,卖盘
2339,11:27:39,6.91,--,414,286074,买盘
2340,11:27:36,6.91,0.01,30,20730,买盘
2341,11:27:33,6.9,-0.01,1304,899760,卖盘
2342,11:27:30,6.91,--,571,394561,买盘
2343,11:27:27,6.91,0.01,670,462970,买盘
2344,11:27:24,6.9,--,28,19320,卖盘
2345,11:27:21,6.9,--,920,634800,买盘
2346,11:27:18,6.9,--,284,195960,买盘
2347,11:27:15,6.9,0.01,950,655500,买盘
2348,11:27:12,6.89,-0.01,517,356213,卖盘
2349,11:27:09,6.9,--,241,166290,买盘
2350,11:27:06,6.9,--,588,405720,买盘
2351,11:27:03,6.9,0.01,1055,727950,买盘
2352,11:26:57,6.89,-0.01,5,3445,卖盘
2353,11:26:54,6.9,--,17,11730,买盘
2354,11:26:51,6.9,--,142,97980,买盘
2355,11:26:48,6.9,0.01,139,95910,买盘
2356,11:26:45,6.89,--,104,71656,卖盘
2357,11:26:42,6.89,--,5,3445,卖盘
2358,11:26:39,6.89,--,7,4823,卖盘
2359,11:26:36,6.89,--,23,15847,卖盘
2360,11:26:33,6.89,-0.01,916,631124,卖盘
2361,11:26:30,6.9,--,142,97980,买盘
2362,11:26:27,6.9,--,173,119370,买盘
2363,11:26:24,6.9,--,81,55890,买盘
2364,11:26:21,6.9,0.01,769,530610,买盘
2365,11:26:18,6.89,--,368,253552,卖盘
2366,11:26:15,6.89,--,6,4134,卖盘
2367,11:26:09,6.89,--,183,126087,卖盘
2368,11:26:06,6.89,--,31,21359,卖盘
2369,11:26:03,6.89,--,16,11024,卖盘
2370,11:26:00,6.89,--,151,104039,卖盘
2371,11:25:57,6.89,--,21,14469,卖盘
2372,11:25:54,6.89,--,86,59254,卖盘
2373,11:25:48,6.89,--,12,8268,卖盘
2374,11:25:45,6.89,0.01,4,2756,买盘
2375,11:25:42,6.88,--,21,14448,卖盘
2376,11:25:36,6.88,--,2,1376,卖盘
2377,11:25:33,6.88,--,117,80496,买盘
2378,11:25:30,6.88,--,368,253184,卖盘
2379,11:25:27,6.88,--,821,564848,卖盘
2380,11:25:21,6.88,-0.01,673,463024,卖盘
2381,11:25:18,6.89,0.01,220,151580,买盘
2382,11:25:15,6.88,-0.01,79,54352,卖盘
2383,11:25:12,6.89,--,266,183274,买盘
2384,11:25:09,6.89,--,50,34450,买盘
2385,11:25:06,6.89,--,164,112996,买盘
2386,11:25:03,6.89,--,12,8268,买盘
2387,11:24:57,6.89,--,111,76479,买盘
2388,11:24:54,6.89,--,50,34450,买盘
2389,11:24:51,6.89,--,44,30316,买盘
2390,11:24:48,6.89,-0.01,1229,846781,卖盘
2391,11:24:45,6.9,--,4,2760,买盘
2392,11:24:42,6.9,0.01,27,18630,买盘
2393,11:24:39,6.89,--,5,3445,卖盘
2394,11:24:36,6.89,--,32,22048,卖盘
2395,11:24:33,6.89,--,843,580827,买盘
2396,11:24:30,6.89,--,83,57187,买盘
2397,11:24:27,6.89,0.01,38,26182,买盘
2398,11:24:24,6.88,-0.01,342,235296,卖盘
2399,11:24:21,6.89,--,1,689,买盘
2400,11:24:18,6.89,--,361,248729,买盘
2401,11:24:15,6.89,--,107,73723,买盘
2402,11:24:09,6.89,--,76,52364,买盘
2403,11:24:06,6.89,--,33,22737,买盘
2404,11:24:03,6.89,--,26,17914,买盘
2405,11:23:57,6.89,--,104,71656,买盘
2406,11:23:54,6.89,0.01,84,57876,买盘
2407,11:23:51,6.88,-0.01,4,2752,卖盘
2408,11:23:48,6.89,--,725,499525,买盘
2409,11:23:45,6.89,--,131,90259,买盘
2410,11:23:42,6.89,--,27,18603,买盘
2411,11:23:39,6.89,0.01,9,6201,买盘
2412,11:23:36,6.88,--,15,10320,卖盘
2413,11:23:33,6.88,--,128,88449,买盘
2414,11:23:30,6.88,--,10,6880,买盘
2415,11:23:27,6.88,--,54,37152,买盘
2416,11:23:24,6.88,0.01,2,1376,买盘
2417,11:23:21,6.87,--,2695,1851465,卖盘
2418,11:23:18,6.87,--,250,171750,卖盘
2419,11:23:15,6.87,--,17,11679,卖盘
2420,11:23:12,6.87,-0.01,110,75570,卖盘
2421,11:23:09,6.88,0.01,57,39216,买盘
2422,11:23:06,6.87,--,37,25419,买盘
2423,11:23:03,6.87,--,79,54273,买盘
2424,11:23:00,6.87,-0.01,96,66254,卖盘
2425,11:22:57,6.88,0.01,155,106640,买盘
2426,11:22:54,6.87,--,785,539295,卖盘
2427,11:22:51,6.87,--,323,221901,卖盘
2428,11:22:48,6.87,--,50,34350,卖盘
2429,11:22:45,6.87,-0.01,95,65265,卖盘
2430,11:22:42,6.88,--,127,87376,买盘
2431,11:22:39,6.88,0.01,40,27520,买盘
2432,11:22:36,6.87,-0.01,144,98928,卖盘
2433,11:22:33,6.88,--,82,56416,买盘
2434,11:22:30,6.88,--,5,3440,买盘
2435,11:22:27,6.88,--,636,437568,买盘
2436,11:22:24,6.88,--,75,51600,买盘
2437,11:22:21,6.88,0.01,58,39904,买盘
2438,11:22:18,6.87,-0.01,202,138774,卖盘
2439,11:22:15,6.88,--,244,167872,买盘
2440,11:22:12,6.88,--,27,18576,买盘
2441,11:22:09,6.88,-0.01,3585,2466480,卖盘
2442,11:22:06,6.89,0.01,57,39273,买盘
2443,11:22:00,6.88,-0.01,3,2064,卖盘
2444,11:21:57,6.89,0.01,24,16536,买盘
2445,11:21:54,6.88,-0.01,157,108016,卖盘
2446,11:21:51,6.89,--,64,44096,买盘
2447,11:21:48,6.89,0.01,165,113685,买盘
2448,11:21:45,6.88,-0.01,52,35776,卖盘
2449,11:21:42,6.89,--,16,11024,买盘
2450,11:21:39,6.89,--,528,363792,买盘
2451,11:21:36,6.89,--,152,104728,买盘
2452,11:21:33,6.89,--,725,499525,卖盘
2453,11:21:27,6.89,--,339,233571,卖盘
2454,11:21:24,6.89,--,4,2756,卖盘
2455,11:21:21,6.89,--,716,493324,卖盘
2456,11:21:18,6.89,--,252,173628,卖盘
2457,11:21:15,6.89,--,11,7579,卖盘
2458,11:21:12,6.89,--,25,17225,卖盘
2459,11:21:09,6.89,--,26,17914,卖盘
2460,11:21:06,6.89,--,504,347256,卖盘
2461,11:21:03,6.89,-0.01,3,2067,卖盘
2462,11:21:00,6.9,--,18,12420,买盘
2463,11:20:57,6.9,0.01,91,62790,买盘
2464,11:20:51,6.89,--,93,64077,卖盘
2465,11:20:48,6.89,--,51,35139,买盘
2466,11:20:45,6.89,0.01,142,97838,买盘
2467,11:20:42,6.88,-0.01,658,452704,卖盘
2468,11:20:39,6.89,--,30,20670,买盘
2469,11:20:36,6.89,--,660,454740,卖盘
2470,11:20:33,6.89,-0.01,216,148824,卖盘
2471,11:20:30,6.9,0.01,95,65550,买盘
2472,11:20:27,6.89,--,29,19981,卖盘
2473,11:20:24,6.89,--,214,147446,卖盘
2474,11:20:21,6.89,--,67,46163,卖盘
2475,11:20:18,6.89,--,240,165360,卖盘
2476,11:20:15,6.89,--,168,115752,卖盘
2477,11:20:12,6.89,--,327,225303,卖盘
2478,11:20:09,6.89,--,51,35139,卖盘
2479,11:20:06,6.89,--,21,14469,卖盘
2480,11:20:03,6.89,0.01,86,59254,买盘
2481,11:20:00,6.88,-0.01,67,46096,卖盘
2482,11:19:57,6.89,--,4,2756,卖盘
2483,11:19:54,6.89,--,129,88881,买盘
2484,11:19:51,6.89,--,94,64766,买盘
2485,11:19:48,6.89,0.01,366,252174,买盘
2486,11:19:45,6.88,-0.01,738,507744,卖盘
2487,11:19:42,6.89,--,6,4134,买盘
2488,11:19:39,6.89,--,66,45474,买盘
2489,11:19:36,6.89,--,151,104039,买盘
2490,11:19:33,6.89,--,60,41340,买盘
2491,11:19:30,6.89,--,204,140556,买盘
2492,11:19:21,6.89,0.01,200,137800,买盘
2493,11:19:18,6.88,-0.01,10,6880,卖盘
2494,11:19:15,6.89,--,367,252863,买盘
2495,11:19:12,6.89,--,60,41340,买盘
2496,11:19:09,6.89,--,112,77168,买盘
2497,11:19:06,6.89,-0.01,606,417534,卖盘
2498,11:19:03,6.9,--,27,18630,买盘
2499,11:19:00,6.9,--,70,48300,买盘
2500,11:18:57,6.9,0.01,60,41400,买盘
2501,11:18:54,6.89,-0.01,47,32383,卖盘
2502,11:18:51,6.9,--,23,15870,买盘
2503,11:18:48,6.9,--,321,221490,买盘
2504,11:18:45,6.9,--,386,266340,买盘
2505,11:18:42,6.9,--,290,200100,买盘
2506,11:18:39,6.9,--,1102,760380,买盘
2507,11:18:36,6.9,--,162,111780,买盘
2508,11:18:33,6.9,--,166,114540,买盘
2509,11:18:30,6.9,--,145,100050,买盘
2510,11:18:27,6.9,--,11,7590,买盘
2511,11:18:24,6.9,--,395,272550,买盘
2512,11:18:21,6.9,-0.01,4799,3311310,卖盘
2513,11:18:18,6.91,--,537,371067,买盘
2514,11:18:15,6.91,--,120,82920,买盘
2515,11:18:12,6.91,--,948,655068,买盘
2516,11:18:09,6.91,--,200,138379,卖盘
2517,11:18:06,6.91,--,397,274327,卖盘
2518,11:18:03,6.91,--,870,601681,买盘
2519,11:18:00,6.91,--,2616,1807656,买盘
2520,11:17:57,6.91,0.01,172,118852,买盘
2521,11:17:54,6.9,-0.01,74,51060,卖盘
2522,11:17:51,6.91,--,492,339972,买盘
2523,11:17:48,6.91,0.01,269,185879,买盘
2524,11:17:45,6.9,--,623,429870,卖盘
2525,11:17:42,6.9,--,2,1380,卖盘
2526,11:17:39,6.9,--,312,215280,卖盘
2527,11:17:36,6.9,-0.01,134,92460,卖盘
2528,11:17:33,6.91,--,86,59426,买盘
2529,11:17:30,6.91,0.01,311,214901,买盘
2530,11:17:27,6.9,-0.01,2233,1540770,卖盘
2531,11:17:24,6.91,0.01,587,405617,买盘
2532,11:17:21,6.9,0.01,3428,2365320,买盘
2533,11:17:18,6.89,--,1201,827489,卖盘
2534,11:17:15,6.89,--,2398,1652222,卖盘
2535,11:17:12,6.89,--,90,62010,卖盘
2536,11:17:09,6.89,--,68,46852,卖盘
2537,11:17:06,6.89,0.01,397,273533,买盘
2538,11:17:03,6.88,--,657,452016,卖盘
2539,11:17:00,6.88,-0.01,232,159616,卖盘
2540,11:16:57,6.89,0.01,127,87503,买盘
2541,11:16:54,6.88,--,44,30272,卖盘
2542,11:16:51,6.88,-0.01,946,650848,卖盘
2543,11:16:48,6.89,0.01,270,186030,买盘
2544,11:16:45,6.88,--,44,30272,卖盘
2545,11:16:42,6.88,-0.01,123,84624,卖盘
2546,11:16:39,6.89,--,185,127465,买盘
2547,11:16:36,6.89,--,57,39273,买盘
2548,11:16:33,6.89,--,70,48230,买盘
2549,11:16:30,6.89,--,112,77168,买盘
2550,11:16:27,6.89,--,105,72345,买盘
2551,11:16:24,6.89,--,121,83369,买盘
2552,11:16:21,6.89,0.01,108,74412,买盘
2553,11:16:18,6.88,--,148,101824,卖盘
2554,11:16:15,6.88,--,71,48848,卖盘
2555,11:16:12,6.88,--,154,105952,卖盘
2556,11:16:09,6.88,--,201,138288,卖盘
2557,11:16:06,6.88,--,88,60544,卖盘
2558,11:16:03,6.88,--,90,61920,卖盘
2559,11:16:00,6.88,--,67,46096,卖盘
2560,11:15:57,6.88,--,14,9632,卖盘
2561,11:15:54,6.88,--,138,94944,卖盘
2562,11:15:51,6.88,-0.01,304,209152,卖盘
2563,11:15:48,6.89,--,41,28249,买盘
2564,11:15:45,6.89,0.01,104,71656,买盘
2565,11:15:42,6.88,--,166,114208,卖盘
2566,11:15:39,6.88,-0.01,88,60544,卖盘
2567,11:15:36,6.89,--,685,471965,买盘
2568,11:15:33,6.89,--,198,136422,买盘
2569,11:15:30,6.89,--,163,112307,买盘
2570,11:15:27,6.89,--,193,132977,买盘
2571,11:15:24,6.89,--,1004,691756,买盘
2572,11:15:21,6.89,-0.01,782,538798,卖盘
2573,11:15:18,6.9,--,183,126270,买盘
2574,11:15:15,6.9,0.01,205,141450,买盘
2575,11:15:12,6.89,--,90,62010,买盘
2576,11:15:09,6.89,--,114,78546,买盘
2577,11:15:06,6.89,--,295,203255,买盘
2578,11:15:03,6.89,--,103,70967,买盘
2579,11:15:00,6.89,--,945,651105,卖盘
2580,11:14:57,6.89,--,310,213590,卖盘
2581,11:14:54,6.89,--,359,247351,卖盘
2582,11:14:51,6.89,--,227,156403,卖盘
2583,11:14:48,6.89,--,110,75790,卖盘
2584,11:14:45,6.89,-0.01,45,31005,卖盘
2585,11:14:42,6.9,0.01,1038,716220,买盘
2586,11:14:39,6.89,--,179,123331,买盘
2587,11:14:36,6.89,--,103,70967,买盘
2588,11:14:33,6.89,--,1319,908791,卖盘
2589,11:14:30,6.89,-0.01,309,212901,卖盘
2590,11:14:27,6.9,--,824,568560,买盘
2591,11:14:24,6.9,--,983,678270,买盘
2592,11:14:21,6.9,0.01,262,180780,买盘
2593,11:14:18,6.89,--,108,74412,买盘
2594,11:14:15,6.89,-0.01,135,93015,卖盘
2595,11:14:12,6.9,--,1238,854220,买盘
2596,11:14:09,6.9,--,342,235980,买盘
2597,11:14:06,6.9,--,157,108330,买盘
2598,11:14:03,6.9,--,605,417450,卖盘
2599,11:14:00,6.9,--,1214,837660,买盘
2600,11:13:57,6.9,--,4335,2991150,买盘
2601,11:13:54,6.9,--,1281,883890,买盘
2602,11:13:51,6.9,--,1142,787980,买盘
2603,11:13:48,6.9,--,2061,1422090,买盘
2604,11:13:45,6.9,-0.01,1853,1278570,卖盘
2605,11:13:42,6.91,--,1091,753881,买盘
2606,11:13:39,6.91,--,996,688236,买盘
2607,11:13:36,6.91,--,941,650410,卖盘
2608,11:13:33,6.91,--,1935,1337085,卖盘
2609,11:13:30,6.91,--,7557,5222398,买盘
2610,11:13:27,6.91,--,2265,1565115,买盘
2611,11:13:24,6.91,--,474,327534,买盘
2612,11:13:21,6.91,0.01,7593,5246763,买盘
2613,11:13:18,6.9,0.01,1499,1034310,买盘
2614,11:13:15,6.89,--,13061,8999029,买盘
2615,11:13:12,6.89,0.01,2373,1634997,买盘
2616,11:13:09,6.88,--,9641,6633008,买盘
2617,11:13:06,6.88,--,169,116272,买盘
2618,11:13:03,6.88,0.01,7735,5322065,买盘
2619,11:13:00,6.87,--,147,100989,买盘
2620,11:12:57,6.87,--,3112,2137944,买盘
2621,11:12:54,6.87,--,230,158010,买盘
2622,11:12:51,6.87,--,301,206787,买盘
2623,11:12:48,6.87,0.01,139,95493,买盘
2624,11:12:45,6.86,--,84,57624,卖盘
2625,11:12:42,6.86,-0.01,46,31556,卖盘
2626,11:12:39,6.87,0.01,79,54273,买盘
2627,11:12:36,6.86,0.01,9013,6182918,买盘
2628,11:12:33,6.85,--,29,19865,卖盘
2629,11:12:30,6.85,--,165,113456,买盘
2630,11:12:27,6.85,--,32,21920,买盘
2631,11:12:24,6.85,--,81,55738,卖盘
2632,11:12:21,6.85,--,60,41531,买盘
2633,11:12:18,6.85,0.01,1132,775420,买盘
2634,11:12:15,6.84,-0.01,1,684,卖盘
2635,11:12:12,6.85,--,454,310990,买盘
2636,11:12:09,6.85,--,80,54800,买盘
2637,11:12:06,6.85,0.01,229,156865,买盘
2638,11:12:03,6.84,-0.01,15,10260,卖盘
2639,11:12:00,6.85,0.01,20,13700,买盘
2640,11:11:57,6.84,-0.01,237,162108,卖盘
2641,11:11:54,6.85,--,98,67130,买盘
2642,11:11:51,6.85,--,233,159605,买盘
2643,11:11:48,6.85,0.01,546,374010,买盘
2644,11:11:45,6.84,0.01,121,82764,买盘
2645,11:11:42,6.83,-0.01,13,8879,卖盘
2646,11:11:39,6.84,--,102,69768,买盘
2647,11:11:36,6.84,--,2441,1669644,卖盘
2648,11:11:33,6.84,-0.01,172,117648,卖盘
2649,11:11:30,6.85,--,3,2055,买盘
2650,11:11:27,6.85,--,111,76035,买盘
2651,11:11:24,6.85,--,31,21235,买盘
2652,11:11:21,6.85,--,146,100010,买盘
2653,11:11:18,6.85,--,113,77405,买盘
2654,11:11:15,6.85,--,32,21920,买盘
2655,11:11:12,6.85,--,340,232900,买盘
2656,11:11:09,6.85,--,164,112340,买盘
2657,11:11:06,6.85,--,202,138370,买盘
2658,11:11:03,6.85,--,59,40415,买盘
2659,11:11:00,6.85,0.01,127,86995,买盘
2660,11:10:57,6.84,--,1,684,卖盘
2661,11:10:54,6.84,-0.01,1,684,卖盘
2662,11:10:51,6.85,--,446,305510,买盘
2663,11:10:48,6.85,--,138,94530,买盘
2664,11:10:45,6.85,--,81,55485,买盘
2665,11:10:42,6.85,0.01,144,98640,买盘
2666,11:10:39,6.84,-0.01,182,124488,卖盘
2667,11:10:36,6.85,--,123,84255,买盘
2668,11:10:33,6.85,0.01,18,12330,买盘
2669,11:10:30,6.84,-0.01,11,7524,卖盘
2670,11:10:27,6.85,--,202,138370,买盘
2671,11:10:24,6.85,--,138,94530,买盘
2672,11:10:21,6.85,--,31,21235,买盘
2673,11:10:18,6.85,--,325,222625,买盘
2674,11:10:15,6.85,--,134,91790,买盘
2675,11:10:12,6.85,--,5,3425,买盘
2676,11:10:06,6.85,--,122,83570,买盘
2677,11:10:03,6.85,0.01,212,145220,买盘
2678,11:10:00,6.84,-0.01,1,684,卖盘
2679,11:09:57,6.85,--,42,28770,买盘
2680,11:09:54,6.85,--,123,84255,买盘
2681,11:09:51,6.85,--,2,1370,买盘
2682,11:09:48,6.85,0.01,437,299345,买盘
2683,11:09:45,6.84,-0.01,217,148428,卖盘
2684,11:09:42,6.85,--,254,173990,买盘
2685,11:09:36,6.85,0.01,82,56170,买盘
2686,11:09:30,6.84,--,630,430920,卖盘
2687,11:09:27,6.84,--,15,10260,买盘
2688,11:09:24,6.84,--,90,61560,买盘
2689,11:09:21,6.84,--,252,172368,卖盘
2690,11:09:15,6.84,-0.01,19,12996,卖盘
2691,11:09:12,6.85,--,6,4110,买盘
2692,11:09:09,6.85,--,124,84940,买盘
2693,11:09:06,6.85,0.01,48,32880,买盘
2694,11:09:03,6.84,--,42,28728,卖盘
2695,11:09:00,6.84,-0.01,23,15732,卖盘
2696,11:08:57,6.85,--,125,85625,买盘
2697,11:08:51,6.85,--,190,130150,买盘
2698,11:08:48,6.85,--,3116,2134460,买盘
2699,11:08:45,6.85,0.01,160,109600,买盘
2700,11:08:42,6.84,-0.01,18,12312,卖盘
2701,11:08:39,6.85,--,409,280165,买盘
2702,11:08:36,6.85,--,131,89735,买盘
2703,11:08:33,6.85,0.01,795,544575,买盘
2704,11:08:30,6.84,-0.01,117,80028,卖盘
2705,11:08:24,6.85,--,124,84940,买盘
2706,11:08:21,6.85,--,60,41100,买盘
2707,11:08:18,6.85,--,411,282158,卖盘
2708,11:08:15,6.85,-0.01,6,4110,卖盘
2709,11:08:12,6.86,0.01,125,85750,买盘
2710,11:08:09,6.85,-0.01,20,13700,卖盘
2711,11:08:06,6.86,0.01,98,67228,买盘
2712,11:08:03,6.85,--,164,112340,卖盘
2713,11:08:00,6.85,--,27,18495,卖盘
2714,11:07:57,6.85,-0.01,11,7535,卖盘
2715,11:07:54,6.86,0.01,8,5488,买盘
2716,11:07:51,6.85,--,305,208925,卖盘
2717,11:07:48,6.85,--,22,15070,卖盘
2718,11:07:45,6.85,0.01,324,222001,买盘
2719,11:07:42,6.84,--,495,338593,买盘
2720,11:07:39,6.84,--,132,90288,买盘
2721,11:07:36,6.84,--,2448,1675102,卖盘
2722,11:07:33,6.84,--,4300,2941213,卖盘
2723,11:07:30,6.84,-0.01,140,95760,卖盘
2724,11:07:27,6.85,0.01,700,479500,买盘
2725,11:07:24,6.84,--,5,3420,卖盘
2726,11:07:21,6.84,-0.01,8,5472,卖盘
2727,11:07:18,6.85,0.01,124,84940,买盘
2728,11:07:15,6.84,-0.01,37,25308,卖盘
2729,11:07:12,6.85,--,260,178100,买盘
2730,11:07:09,6.85,--,50,34250,买盘
2731,11:07:06,6.85,0.01,141,96585,买盘
2732,11:07:03,6.84,--,15,10260,卖盘
2733,11:07:00,6.84,--,85,58140,卖盘
2734,11:06:57,6.84,--,1356,927504,买盘
2735,11:06:54,6.84,--,12,8208,买盘
2736,11:06:48,6.84,--,3,2052,买盘
2737,11:06:45,6.84,--,138,94392,买盘
2738,11:06:42,6.84,0.01,83,56772,买盘
2739,11:06:39,6.83,-0.01,1,683,卖盘
2740,11:06:36,6.84,--,11,7524,买盘
2741,11:06:33,6.84,0.01,120,82080,买盘
2742,11:06:30,6.83,-0.01,113,77179,卖盘
2743,11:06:27,6.84,--,134,91656,买盘
2744,11:06:24,6.84,--,153,104652,买盘
2745,11:06:21,6.84,0.01,26,17784,买盘
2746,11:06:18,6.83,--,3,2049,卖盘
2747,11:06:15,6.83,-0.01,1,683,卖盘
2748,11:06:12,6.84,--,242,165528,买盘
2749,11:06:09,6.84,0.01,224,153216,买盘
2750,11:06:06,6.83,-0.01,2,1366,卖盘
2751,11:06:03,6.84,--,103,70452,买盘
2752,11:06:00,6.84,--,251,171684,买盘
2753,11:05:57,6.84,-0.01,274,187416,卖盘
2754,11:05:54,6.85,0.01,70,47950,买盘
2755,11:05:51,6.84,--,137,93708,卖盘
2756,11:05:48,6.84,-0.01,37,25308,卖盘
2757,11:05:45,6.85,0.01,10,6850,买盘
2758,11:05:42,6.84,-0.01,35,23940,卖盘
2759,11:05:39,6.85,0.02,319,218515,买盘
2760,11:05:36,6.83,-0.01,2,1366,卖盘
2761,11:05:33,6.84,0.01,35,23940,买盘
2762,11:05:30,6.83,-0.02,48,32784,卖盘
2763,11:05:27,6.85,0.01,123,84255,买盘
2764,11:05:24,6.84,--,45,30780,买盘
2765,11:05:21,6.84,-0.01,67,45828,卖盘
2766,11:05:18,6.85,--,8,5480,买盘
2767,11:05:15,6.85,--,153,104805,买盘
2768,11:05:12,6.85,0.01,110,75350,买盘
2769,11:05:09,6.84,-0.01,19,12996,中性盘
2770,11:05:06,6.85,0.01,162,110970,买盘
2771,11:05:03,6.84,0.01,188,128592,买盘
2772,11:05:00,6.83,--,2004,1368732,卖盘
2773,11:04:57,6.83,-0.01,65,44395,卖盘
2774,11:04:54,6.84,0.01,121,82764,买盘
2775,11:04:51,6.83,-0.01,3,2049,卖盘
2776,11:04:48,6.84,--,23,15732,买盘
2777,11:04:42,6.84,--,126,86184,买盘
2778,11:04:39,6.84,0.01,28,19152,买盘
2779,11:04:36,6.83,-0.01,4,2732,卖盘
2780,11:04:33,6.84,--,84,57456,买盘
2781,11:04:30,6.84,0.01,54,36936,买盘
2782,11:04:27,6.83,--,11,7513,买盘
2783,11:04:24,6.83,-0.01,22,15026,中性盘
2784,11:04:21,6.84,0.01,120,82080,买盘
2785,11:04:18,6.83,0.01,3232,2207456,买盘
2786,11:04:15,6.82,--,100,68200,卖盘
2787,11:04:12,6.82,-0.01,47,32054,卖盘
2788,11:04:09,6.83,0.01,125,85375,买盘
2789,11:04:06,6.82,--,117,79794,卖盘
2790,11:04:03,6.82,--,43,29326,卖盘
2791,11:04:00,6.82,--,333,227106,卖盘
2792,11:03:57,6.82,-0.01,104,70928,卖盘
2793,11:03:54,6.83,0.01,70,47810,买盘
2794,11:03:51,6.82,--,51,34782,卖盘
2795,11:03:48,6.82,-0.01,139,94798,卖盘
2796,11:03:42,6.83,0.01,421,287543,买盘
2797,11:03:39,6.82,-0.01,10,6820,卖盘
2798,11:03:36,6.83,0.01,123,84009,买盘
2799,11:03:33,6.82,--,38,25916,卖盘
2800,11:03:30,6.82,-0.01,1,682,卖盘
2801,11:03:27,6.83,--,189,129087,买盘
2802,11:03:24,6.83,0.01,116,79228,买盘
2803,11:03:18,6.82,-0.01,117,79794,卖盘
2804,11:03:15,6.83,--,130,88790,买盘
2805,11:03:12,6.83,0.01,35,23905,买盘
2806,11:03:09,6.82,--,489,333498,卖盘
2807,11:03:06,6.82,--,33,22506,卖盘
2808,11:03:03,6.82,--,125,85250,卖盘
2809,11:03:00,6.82,--,1,682,卖盘
2810,11:02:57,6.82,-0.01,46,31372,卖盘
2811,11:02:54,6.83,--,116,79228,买盘
2812,11:02:51,6.83,--,25,17075,买盘
