,time,price,change,volume,amount,type
0,15:00:03,11.32,--,1460,1652720,买盘
1,14:57:00,11.32,--,16,18112,买盘
2,14:56:57,11.32,0.01,76,86032,买盘
3,14:56:54,11.31,--,53,59943,卖盘
4,14:56:51,11.31,--,5,5655,卖盘
5,14:56:48,11.31,-0.01,10,11310,卖盘
6,14:56:45,11.32,0.01,3,3396,买盘
7,14:56:42,11.31,--,9,10179,卖盘
8,14:56:36,11.31,--,11,12441,卖盘
9,14:56:33,11.31,-0.01,455,514605,卖盘
10,14:56:30,11.32,--,3,3396,买盘
11,14:56:21,11.32,0.01,4,4528,买盘
12,14:56:18,11.31,--,19,21489,卖盘
13,14:56:15,11.31,--,26,29406,卖盘
14,14:56:09,11.31,--,18,20358,卖盘
15,14:56:06,11.31,-0.01,12,13572,卖盘
16,14:56:03,11.32,--,210,238172,买盘
17,14:56:00,11.32,0.01,4,4528,买盘
18,14:55:54,11.31,-0.01,31,35061,卖盘
19,14:55:51,11.32,0.01,7,7924,买盘
20,14:55:48,11.31,--,111,125541,卖盘
21,14:55:45,11.31,--,93,105183,卖盘
22,14:55:42,11.31,--,87,98397,卖盘
23,14:55:36,11.31,-0.01,22,24882,卖盘
24,14:55:33,11.32,0.01,50,56600,买盘
25,14:55:27,11.31,-0.01,19,21489,卖盘
26,14:55:24,11.32,0.01,60,67920,买盘
27,14:55:18,11.31,--,36,40716,卖盘
28,14:55:12,11.31,-0.01,65,73515,卖盘
29,14:55:09,11.32,0.01,61,69052,买盘
30,14:55:06,11.31,-0.01,50,56550,卖盘
31,14:55:03,11.32,0.01,33,37356,买盘
32,14:55:00,11.31,-0.01,5,5655,卖盘
33,14:54:57,11.32,0.01,7,7924,买盘
34,14:54:54,11.31,--,6,6786,卖盘
35,14:54:51,11.31,--,419,473889,买盘
36,14:54:48,11.31,--,5,5655,买盘
37,14:54:45,11.31,--,274,309894,买盘
38,14:54:42,11.31,0.01,56,63336,买盘
39,14:54:39,11.3,--,2,2260,卖盘
40,14:54:36,11.3,--,6,6780,卖盘
41,14:54:33,11.3,--,2,2260,卖盘
42,14:54:30,11.3,-0.01,6,6780,卖盘
43,14:54:27,11.31,--,1,1131,买盘
44,14:54:24,11.31,--,15,16965,买盘
45,14:54:18,11.31,--,200,226200,买盘
46,14:54:15,11.31,0.01,19,21489,买盘
47,14:54:12,11.3,-0.01,30,33900,卖盘
48,14:54:09,11.31,--,5,5655,买盘
49,14:54:03,11.31,0.01,2,2262,买盘
50,14:53:57,11.3,--,31,35030,卖盘
51,14:53:54,11.3,--,270,305100,买盘
52,14:53:51,11.3,0.01,1,1130,买盘
53,14:53:30,11.29,--,17,19193,卖盘
54,14:53:27,11.29,--,27,30482,卖盘
55,14:53:24,11.29,-0.01,51,57578,卖盘
56,14:53:21,11.3,--,13,14690,买盘
57,14:53:18,11.3,0.01,1,1130,买盘
58,14:53:15,11.29,-0.01,10,11290,卖盘
59,14:53:12,11.3,--,10,11300,买盘
60,14:53:09,11.3,0.01,176,198880,买盘
61,14:53:00,11.29,0.01,15,18007,买盘
62,14:52:57,11.28,--,202,227856,卖盘
63,14:52:48,11.28,-0.01,11,12408,卖盘
64,14:52:42,11.29,--,31,34999,买盘
65,14:52:39,11.29,0.01,384,433535,买盘
66,14:52:36,11.28,-0.01,3,3384,卖盘
67,14:52:30,11.29,0.01,11,12418,买盘
68,14:52:27,11.28,-0.01,35,39480,卖盘
69,14:52:18,11.29,0.01,27,30482,买盘
70,14:52:12,11.28,-0.01,5,5640,卖盘
71,14:52:09,11.29,0.01,16,18064,买盘
72,14:52:06,11.28,--,210,236880,卖盘
73,14:52:03,11.28,--,1,1128,卖盘
74,14:51:57,11.28,-0.01,19,21432,卖盘
75,14:51:51,11.29,--,3,3386,买盘
76,14:51:45,11.29,--,113,127576,买盘
77,14:51:33,11.29,--,1092,1232868,买盘
78,14:51:30,11.29,0.01,31,34999,买盘
79,14:51:27,11.28,-0.01,39,43992,卖盘
80,14:51:18,11.29,0.01,23,25966,买盘
81,14:51:15,11.28,-0.01,98,110544,卖盘
82,14:51:09,11.29,--,16,18064,买盘
83,14:51:06,11.29,0.01,164,185156,买盘
84,14:51:03,11.28,-0.01,508,573024,卖盘
85,14:51:00,11.29,0.01,16,18064,买盘
86,14:50:57,11.28,-0.01,57,64295,卖盘
87,14:50:54,11.29,0.01,269,303701,买盘
88,14:50:51,11.28,-0.01,508,573024,卖盘
89,14:50:33,11.29,--,27,30482,买盘
90,14:50:30,11.29,0.01,7,7902,买盘
91,14:50:27,11.28,--,20,22560,卖盘
92,14:50:24,11.28,-0.01,11,12408,中性盘
93,14:50:21,11.29,0.02,53,59836,买盘
94,14:50:18,11.27,-0.01,268,302036,卖盘
95,14:50:15,11.28,--,30,33840,买盘
96,14:50:12,11.28,--,100,112800,买盘
97,14:50:09,11.28,--,205,231240,买盘
98,14:50:06,11.28,--,21,23688,买盘
99,14:50:03,11.28,0.01,85,95880,买盘
100,14:50:00,11.27,--,32,36064,卖盘
101,14:49:57,11.27,-0.01,121,136367,卖盘
102,14:49:54,11.28,--,9,10152,买盘
103,14:49:51,11.28,--,329,371112,买盘
104,14:49:48,11.28,--,65,73320,买盘
105,14:49:45,11.28,--,28,31584,买盘
106,14:49:42,11.28,--,15,16920,买盘
107,14:49:39,11.28,--,1,1128,买盘
108,14:49:36,11.28,--,72,81216,买盘
109,14:49:30,11.28,0.01,61,68808,买盘
110,14:49:27,11.27,--,22,24794,卖盘
111,14:49:24,11.27,-0.01,5,5635,卖盘
112,14:49:21,11.28,0.01,12,13536,买盘
113,14:49:18,11.27,--,12,13524,卖盘
114,14:49:15,11.27,--,277,312179,卖盘
115,14:49:12,11.27,-0.01,33,37810,卖盘
116,14:49:09,11.28,-0.01,7,8347,买盘
117,14:49:06,11.29,0.02,16,18064,买盘
118,14:49:03,11.27,--,9,10143,卖盘
119,14:48:57,11.27,-0.01,45,50715,卖盘
120,14:48:54,11.28,-0.01,487,549764,卖盘
121,14:48:51,11.29,0.01,2,2258,买盘
122,14:48:48,11.28,-0.01,26,29328,卖盘
123,14:48:45,11.29,--,30,33870,买盘
124,14:48:42,11.29,0.01,27,30482,买盘
125,14:48:39,11.28,-0.01,167,188376,卖盘
126,14:48:36,11.29,--,3,3386,买盘
127,14:48:30,11.29,0.01,4,4516,买盘
128,14:48:27,11.28,--,20,22560,卖盘
129,14:48:24,11.28,-0.02,32,36096,卖盘
130,14:48:21,11.3,0.01,226,255380,买盘
131,14:48:18,11.29,--,39,44031,卖盘
132,14:48:15,11.29,--,36,40644,卖盘
133,14:48:12,11.29,-0.01,20,22997,卖盘
134,14:48:09,11.3,0.01,2,2260,买盘
135,14:48:06,11.29,--,10,11290,卖盘
136,14:48:03,11.29,--,82,92578,卖盘
137,14:48:00,11.29,--,132,149028,卖盘
138,14:47:57,11.29,-0.01,68,76772,卖盘
139,14:47:54,11.3,0.01,21,23730,买盘
140,14:47:51,11.29,-0.01,7,7902,卖盘
141,14:47:45,11.3,--,3,3390,买盘
142,14:47:42,11.3,--,121,136730,买盘
143,14:47:33,11.3,--,12,13560,买盘
144,14:47:30,11.3,0.01,3,3390,买盘
145,14:47:27,11.29,--,19,21451,卖盘
146,14:47:24,11.29,-0.01,10,11290,卖盘
147,14:47:21,11.3,0.01,31,35030,买盘
148,14:47:12,11.29,-0.01,24,27095,卖盘
149,14:47:09,11.3,0.01,130,147318,买盘
150,14:47:06,11.29,--,5,5645,卖盘
151,14:47:03,11.29,--,160,180640,卖盘
152,14:47:00,11.29,--,202,228057,卖盘
153,14:46:57,11.29,-0.02,192,216767,卖盘
154,14:46:54,11.31,--,3,3393,买盘
155,14:46:45,11.31,--,17,19227,买盘
156,14:46:42,11.31,0.01,46,52026,买盘
157,14:46:39,11.3,--,15,16950,卖盘
158,14:46:36,11.3,--,6,6780,卖盘
159,14:46:33,11.3,0.01,21,23730,买盘
160,14:46:30,11.29,--,5,5645,卖盘
161,14:46:27,11.29,--,24,27095,卖盘
162,14:46:24,11.29,-0.02,15,16935,卖盘
163,14:46:21,11.31,0.02,69,78039,买盘
164,14:46:18,11.29,--,8,9032,卖盘
165,14:46:15,11.29,-0.01,278,313862,卖盘
166,14:46:12,11.3,-0.01,30,34318,卖盘
167,14:46:09,11.31,0.02,203,229593,买盘
168,14:46:06,11.29,-0.01,15,16935,卖盘
169,14:46:03,11.3,--,3,3390,买盘
170,14:46:00,11.3,0.01,19,21470,买盘
171,14:45:57,11.29,--,254,287522,卖盘
172,14:45:54,11.29,--,20,22580,卖盘
173,14:45:51,11.29,-0.01,48,54191,卖盘
174,14:45:45,11.3,--,22,24860,买盘
175,14:45:42,11.3,--,369,416970,买盘
176,14:45:39,11.3,--,1170,1322472,卖盘
177,14:45:36,11.3,-0.01,26,29380,卖盘
178,14:45:33,11.31,--,13,14703,买盘
179,14:45:30,11.31,0.01,14,15834,买盘
180,14:45:27,11.3,-0.01,36,40680,卖盘
181,14:45:24,11.31,--,22,24882,买盘
182,14:45:21,11.31,0.01,1,1131,买盘
183,14:45:18,11.3,--,16,18498,卖盘
184,14:45:15,11.3,-0.01,56,63280,卖盘
185,14:45:12,11.31,--,6,6786,买盘
186,14:45:09,11.31,0.01,116,131196,买盘
187,14:45:03,11.3,--,22,24860,卖盘
188,14:45:00,11.3,--,26,29380,卖盘
189,14:44:57,11.3,-0.02,156,177184,卖盘
190,14:44:54,11.32,0.01,1,1132,买盘
191,14:44:51,11.31,--,20,22620,卖盘
192,14:44:48,11.31,-0.01,125,141601,卖盘
193,14:44:45,11.32,0.01,37,41884,买盘
194,14:44:42,11.31,-0.01,9,10179,卖盘
195,14:44:39,11.32,--,68,76976,买盘
196,14:44:36,11.32,0.01,1,1132,买盘
197,14:44:30,11.31,--,120,135720,卖盘
198,14:44:27,11.31,--,18,20358,卖盘
199,14:44:24,11.31,--,19,21489,买盘
200,14:44:21,11.31,0.01,87,98397,中性盘
201,14:44:15,11.3,--,16,18498,卖盘
202,14:44:12,11.3,--,36,40680,卖盘
203,14:44:09,11.3,--,171,193230,卖盘
204,14:44:03,11.3,--,25,28250,卖盘
205,14:44:00,11.3,--,134,152324,卖盘
206,14:43:57,11.3,-0.01,19,21470,卖盘
207,14:43:54,11.31,0.01,13,14703,买盘
208,14:43:51,11.3,--,145,163850,卖盘
209,14:43:48,11.3,--,179,202416,买盘
210,14:43:45,11.3,--,20,22600,买盘
211,14:43:42,11.3,--,251,283630,买盘
212,14:43:36,11.3,--,77,87010,买盘
213,14:43:33,11.3,--,5,5650,买盘
214,14:43:30,11.3,--,549,621353,卖盘
215,14:43:27,11.3,--,99,111870,卖盘
216,14:43:24,11.3,-0.01,55,62150,卖盘
217,14:43:21,11.31,0.01,2,2262,买盘
218,14:43:18,11.3,--,16,18498,卖盘
219,14:43:12,11.3,--,15,16950,卖盘
220,14:43:09,11.3,--,10,11300,卖盘
221,14:43:06,11.3,-0.01,252,284760,卖盘
222,14:43:03,11.31,--,49,55419,卖盘
223,14:43:00,11.31,--,49,56312,卖盘
224,14:42:57,11.31,-0.01,27,30537,卖盘
225,14:42:54,11.32,0.01,1,1132,买盘
226,14:42:51,11.31,--,24,27144,卖盘
227,14:42:48,11.31,0.01,56,63336,买盘
228,14:42:45,11.3,-0.02,287,324310,卖盘
229,14:42:42,11.32,0.01,329,372428,买盘
230,14:42:39,11.31,--,2,2262,买盘
231,14:42:36,11.31,0.01,28,31668,买盘
232,14:42:30,11.3,--,72,81360,卖盘
233,14:42:27,11.3,-0.01,86,97180,卖盘
234,14:42:24,11.31,--,1,1131,买盘
235,14:42:21,11.31,--,344,389064,买盘
236,14:42:18,11.31,0.01,17,19645,买盘
237,14:42:15,11.3,-0.01,36,40680,卖盘
238,14:42:12,11.31,0.01,60,67860,买盘
239,14:42:06,11.3,-0.01,71,80230,卖盘
240,14:42:03,11.31,0.01,2,2262,买盘
241,14:42:00,11.3,--,8,9040,卖盘
242,14:41:57,11.3,-0.01,63,71190,卖盘
243,14:41:54,11.31,--,29,32799,卖盘
244,14:41:51,11.31,0.01,23,26013,中性盘
245,14:41:45,11.3,-0.01,82,92660,卖盘
246,14:41:42,11.31,-0.01,3,3393,买盘
247,14:41:39,11.32,0.01,90,101880,买盘
248,14:41:36,11.31,0.01,39,44109,买盘
249,14:41:27,11.3,-0.01,52,58760,卖盘
250,14:41:21,11.31,0.01,23,26013,中性盘
251,14:41:18,11.3,-0.02,37,41810,卖盘
252,14:41:15,11.32,0.01,1,1132,买盘
253,14:41:12,11.31,-0.01,90,101790,卖盘
254,14:41:09,11.32,0.01,6,6792,买盘
255,14:41:06,11.31,--,105,119648,买盘
256,14:41:03,11.31,--,3,3393,买盘
257,14:41:00,11.31,0.01,17,19227,买盘
258,14:40:57,11.3,-0.02,19,21470,卖盘
259,14:40:54,11.32,0.02,3,3396,买盘
260,14:40:51,11.3,-0.01,105,118650,卖盘
261,14:40:45,11.31,-0.01,40,45240,卖盘
262,14:40:42,11.32,--,10,11320,买盘
263,14:40:39,11.32,--,20,22640,买盘
264,14:40:36,11.32,--,166,187912,买盘
265,14:40:33,11.32,0.02,24,27168,买盘
266,14:40:27,11.3,-0.02,41,46748,卖盘
267,14:40:24,11.32,--,14,15848,买盘
268,14:40:21,11.32,0.02,15,16980,买盘
269,14:40:18,11.3,--,35,39550,卖盘
270,14:40:15,11.3,-0.01,139,157070,卖盘
271,14:40:09,11.31,--,15,16965,卖盘
272,14:40:06,11.31,--,61,69895,卖盘
273,14:40:03,11.31,--,6,6786,卖盘
274,14:40:00,11.31,--,33,37323,卖盘
275,14:39:57,11.31,-0.01,276,312156,卖盘
276,14:39:51,11.32,0.01,58,65656,买盘
277,14:39:48,11.31,-0.01,62,70122,卖盘
278,14:39:45,11.32,--,36,40752,买盘
279,14:39:42,11.32,0.01,9,10188,买盘
280,14:39:27,11.31,--,98,110838,卖盘
281,14:39:24,11.31,-0.01,33,37730,卖盘
282,14:39:21,11.32,0.01,69,78108,买盘
283,14:39:18,11.31,--,4,4524,卖盘
284,14:39:15,11.31,-0.01,13,14703,卖盘
285,14:39:12,11.32,--,12,13584,买盘
286,14:39:09,11.32,0.01,500,566000,买盘
287,14:39:06,11.31,--,24,27144,卖盘
288,14:39:03,11.31,0.01,80,90480,买盘
289,14:38:57,11.3,--,68,77732,卖盘
290,14:38:54,11.3,--,63,71190,卖盘
291,14:38:51,11.3,--,10,11300,卖盘
292,14:38:45,11.3,-0.02,537,606810,卖盘
293,14:38:42,11.32,--,1,1132,买盘
294,14:38:33,11.32,0.01,9,10188,买盘
295,14:38:27,11.31,--,35,40003,卖盘
296,14:38:24,11.31,-0.01,72,81432,卖盘
297,14:38:21,11.32,--,2,2264,买盘
298,14:38:18,11.32,--,108,122256,买盘
299,14:38:15,11.32,0.01,10,11320,买盘
300,14:38:09,11.31,--,49,56312,卖盘
301,14:38:03,11.31,--,53,59943,卖盘
302,14:37:57,11.31,--,55,62205,卖盘
303,14:37:51,11.31,-0.01,11,12441,卖盘
304,14:37:45,11.32,--,14,15848,买盘
305,14:37:42,11.32,0.01,2,2264,买盘
306,14:37:33,11.31,-0.01,61,68991,卖盘
307,14:37:30,11.32,0.01,1,1132,买盘
308,14:37:27,11.31,-0.01,36,41134,卖盘
309,14:37:21,11.32,0.01,2,2264,买盘
310,14:37:09,11.31,--,2,2262,卖盘
311,14:37:06,11.31,-0.01,7,7917,卖盘
312,14:37:03,11.32,--,71,81277,买盘
313,14:37:00,11.32,0.01,2,2264,买盘
314,14:36:57,11.31,--,19,21489,卖盘
315,14:36:54,11.31,-0.01,27,30537,卖盘
316,14:36:51,11.32,0.01,1,1132,买盘
317,14:36:48,11.31,--,69,78039,卖盘
318,14:36:45,11.31,-0.01,125,141375,卖盘
319,14:36:42,11.32,0.01,603,682596,买盘
320,14:36:39,11.31,-0.01,17,19227,卖盘
321,14:36:33,11.32,--,20,22640,买盘
322,14:36:30,11.32,0.01,19,21926,买盘
323,14:36:27,11.31,-0.01,29,32799,卖盘
324,14:36:24,11.32,--,14,15848,买盘
325,14:36:21,11.32,0.01,1,1132,买盘
326,14:36:12,11.31,0.01,106,120779,买盘
327,14:36:09,11.3,--,30,33900,卖盘
328,14:36:06,11.3,-0.02,231,261030,卖盘
329,14:36:03,11.32,--,269,304508,买盘
330,14:36:00,11.32,0.01,10,11320,买盘
331,14:35:57,11.31,--,110,124410,卖盘
332,14:35:54,11.31,-0.01,14,15834,卖盘
333,14:35:51,11.32,0.01,93,105276,买盘
334,14:35:48,11.31,--,38,42978,卖盘
335,14:35:42,11.31,--,20,22620,卖盘
336,14:35:39,11.31,--,59,66729,卖盘
337,14:35:36,11.31,--,52,59230,卖盘
338,14:35:27,11.31,-0.01,18,20358,中性盘
339,14:35:21,11.32,0.01,10,11320,买盘
340,14:35:15,11.31,0.01,10,11310,中性盘
341,14:35:12,11.3,-0.02,32,36160,卖盘
342,14:35:09,11.32,--,58,65656,买盘
343,14:35:06,11.32,--,140,158480,买盘
344,14:35:03,11.32,--,6,6792,买盘
345,14:35:00,11.32,0.02,56,63392,买盘
346,14:34:57,11.3,-0.01,170,192100,卖盘
347,14:34:54,11.31,--,23,26013,卖盘
348,14:34:51,11.31,-0.01,7,7917,卖盘
349,14:34:48,11.32,0.01,48,54336,买盘
350,14:34:45,11.31,0.01,4,4524,中性盘
351,14:34:42,11.3,--,21,23730,卖盘
352,14:34:30,11.3,--,14,15820,卖盘
353,14:34:27,11.3,-0.01,302,341260,卖盘
354,14:34:24,11.31,-0.01,126,142506,卖盘
355,14:34:21,11.32,0.01,70,79240,买盘
356,14:34:15,11.31,-0.01,131,149054,卖盘
357,14:34:12,11.32,--,1,1132,买盘
358,14:34:06,11.32,0.01,26,29432,买盘
359,14:34:03,11.31,--,5,5655,卖盘
360,14:33:57,11.31,--,47,53157,卖盘
361,14:33:54,11.31,--,11,12441,卖盘
362,14:33:51,11.31,--,30,33930,卖盘
363,14:33:45,11.31,-0.01,55,62205,卖盘
364,14:33:42,11.32,-0.01,1,1132,买盘
365,14:33:39,11.33,--,386,437338,买盘
366,14:33:36,11.33,--,18,20394,买盘
367,14:33:33,11.33,0.01,5,5665,买盘
368,14:33:30,11.32,--,15,16980,卖盘
369,14:33:27,11.32,-0.01,77,87164,卖盘
370,14:33:24,11.33,--,105,118965,买盘
371,14:33:21,11.33,0.01,341,387259,买盘
372,14:33:18,11.32,0.01,78,88296,中性盘
373,14:33:12,11.31,--,22,24882,卖盘
374,14:33:09,11.31,-0.01,371,419601,卖盘
375,14:33:06,11.32,-0.01,18,21496,卖盘
376,14:33:03,11.33,0.01,302,342166,买盘
377,14:33:00,11.32,--,22,24904,卖盘
378,14:32:57,11.32,--,149,168668,卖盘
379,14:32:54,11.32,--,56,63392,卖盘
380,14:32:51,11.32,0.01,7,7924,卖盘
381,14:32:48,11.31,-0.02,44,49764,卖盘
382,14:32:42,11.33,0.02,1,1133,买盘
383,14:32:39,11.31,-0.01,923,1043913,卖盘
384,14:32:36,11.32,-0.01,147,166404,卖盘
385,14:32:30,11.33,0.01,1,1133,买盘
386,14:32:27,11.32,-0.01,19,21508,卖盘
387,14:32:21,11.33,-0.01,1809,2049823,卖盘
388,14:32:18,11.34,--,20,22680,买盘
389,14:32:15,11.34,--,806,914004,买盘
390,14:32:12,11.34,--,93,105462,买盘
391,14:32:09,11.34,0.01,13,14742,买盘
392,14:32:06,11.33,-0.01,1,1133,卖盘
393,14:32:03,11.34,--,29,32886,买盘
394,14:31:57,11.34,0.01,47,53298,买盘
395,14:31:54,11.33,-0.01,34,38522,卖盘
396,14:31:51,11.34,--,30,34020,买盘
397,14:31:48,11.34,--,106,120204,买盘
398,14:31:42,11.34,0.01,40,45360,买盘
399,14:31:36,11.33,-0.01,42,47586,卖盘
400,14:31:33,11.34,--,17,19278,买盘
401,14:31:30,11.34,0.01,1,1134,买盘
402,14:31:27,11.33,-0.01,278,314974,卖盘
403,14:31:24,11.34,--,51,58741,买盘
404,14:31:21,11.34,--,128,145152,买盘
405,14:31:18,11.34,--,1,1134,买盘
406,14:31:12,11.34,--,32,36288,买盘
407,14:31:09,11.34,--,18,20412,买盘
408,14:31:06,11.34,--,74,83916,买盘
409,14:31:03,11.34,0.01,37,41958,买盘
410,14:31:00,11.33,--,7,7931,卖盘
411,14:30:57,11.33,--,122,138226,卖盘
412,14:30:54,11.33,-0.01,26,29458,卖盘
413,14:30:51,11.34,--,70,79380,买盘
414,14:30:48,11.34,--,122,138348,买盘
415,14:30:45,11.34,--,35,39690,买盘
416,14:30:42,11.34,-0.01,225,255388,卖盘
417,14:30:39,11.35,--,393,446055,买盘
418,14:30:36,11.35,--,87,98745,买盘
419,14:30:33,11.35,--,41,46535,买盘
420,14:30:30,11.35,0.01,116,131660,买盘
421,14:30:27,11.34,--,47,53298,卖盘
422,14:30:24,11.34,--,123,140377,卖盘
423,14:30:21,11.34,0.01,1563,1772442,买盘
424,14:30:18,11.33,-0.01,26,29458,卖盘
425,14:30:15,11.34,--,1122,1272348,买盘
426,14:30:12,11.34,--,7,7938,买盘
427,14:30:09,11.34,--,16,18144,买盘
428,14:30:06,11.34,--,48,54432,买盘
429,14:30:03,11.34,0.01,372,421848,买盘
430,14:30:00,11.33,--,12,13596,卖盘
431,14:29:57,11.33,--,29,32857,卖盘
432,14:29:54,11.33,--,130,147290,买盘
433,14:29:51,11.33,0.01,46,52118,买盘
434,14:29:48,11.32,--,2025,2292300,卖盘
435,14:29:45,11.32,-0.01,42,47544,卖盘
436,14:29:42,11.33,--,112,126896,买盘
437,14:29:39,11.33,--,40,45320,买盘
438,14:29:36,11.33,0.01,57,64581,买盘
439,14:29:30,11.32,--,49,56373,卖盘
440,14:29:27,11.32,-0.01,28,31696,卖盘
441,14:29:21,11.33,0.01,21,23793,买盘
442,14:29:18,11.32,-0.01,210,237720,卖盘
443,14:29:12,11.33,0.01,426,482658,买盘
444,14:29:09,11.32,0.01,1378,1560563,买盘
445,14:29:06,11.31,-0.01,37,41847,卖盘
446,14:29:03,11.32,--,2,2264,买盘
447,14:29:00,11.32,0.01,73,82636,买盘
448,14:28:57,11.31,-0.01,103,116493,卖盘
449,14:28:54,11.32,--,115,130180,买盘
450,14:28:51,11.32,--,59,66788,买盘
451,14:28:42,11.32,0.01,1,1132,买盘
452,14:28:39,11.31,--,10,11310,卖盘
453,14:28:33,11.31,--,81,92504,卖盘
454,14:28:30,11.31,--,12,13572,卖盘
455,14:28:27,11.31,-0.01,19,21489,卖盘
456,14:28:21,11.32,0.01,58,65656,买盘
457,14:28:18,11.31,--,6,6786,卖盘
458,14:28:15,11.31,--,17,19227,卖盘
459,14:28:12,11.31,--,220,248820,卖盘
460,14:28:09,11.31,--,5,5655,卖盘
461,14:28:06,11.31,--,17,19227,卖盘
462,14:28:03,11.31,--,405,458959,买盘
463,14:28:00,11.31,0.01,898,1015638,买盘
464,14:27:57,11.3,--,19,21470,卖盘
465,14:27:54,11.3,--,147,166110,卖盘
466,14:27:51,11.3,-0.01,5,5650,卖盘
467,14:27:48,11.31,-0.01,124,140244,卖盘
468,14:27:42,11.32,0.01,1,1132,买盘
469,14:27:39,11.31,0.01,17,19227,中性盘
470,14:27:30,11.3,--,85,96050,卖盘
471,14:27:27,11.3,-0.01,97,109610,卖盘
472,14:27:24,11.31,--,10,11310,买盘
473,14:27:21,11.31,--,153,173043,卖盘
474,14:27:18,11.31,-0.01,26,29406,卖盘
475,14:27:15,11.32,0.01,62,70184,买盘
476,14:27:06,11.31,-0.01,4,4524,卖盘
477,14:27:03,11.32,0.01,3,3396,买盘
478,14:26:57,11.31,0.01,19,21489,中性盘
479,14:26:51,11.3,-0.02,37,41810,卖盘
480,14:26:48,11.32,--,15,16980,买盘
481,14:26:45,11.32,0.01,337,381484,买盘
482,14:26:42,11.31,0.01,106,119886,买盘
483,14:26:36,11.3,--,235,265550,卖盘
484,14:26:33,11.3,--,102,116152,卖盘
485,14:26:30,11.3,--,213,240690,卖盘
486,14:26:27,11.3,--,23,25990,卖盘
487,14:26:24,11.3,--,109,123170,买盘
488,14:26:21,11.3,--,730,824900,中性盘
489,14:26:18,11.3,-0.01,17,19210,买盘
490,14:26:12,11.31,0.02,1001,1132131,买盘
491,14:26:09,11.29,-0.01,74,83546,卖盘
492,14:26:06,11.3,--,7,7910,买盘
493,14:26:03,11.3,-0.01,3,3390,买盘
494,14:26:00,11.31,0.02,323,365313,买盘
495,14:25:57,11.29,--,21,23709,卖盘
496,14:25:54,11.29,-0.01,3,3386,卖盘
497,14:25:51,11.3,--,147,166110,买盘
498,14:25:48,11.3,--,19,21470,买盘
499,14:25:45,11.3,-0.01,415,469176,卖盘
500,14:25:42,11.31,0.01,114,128934,买盘
501,14:25:39,11.3,-0.01,48,54240,卖盘
502,14:25:36,11.31,--,114,129838,买盘
503,14:25:33,11.31,0.01,1,1131,买盘
504,14:25:30,11.3,0.01,2,2260,中性盘
505,14:25:27,11.29,--,98,110641,卖盘
506,14:25:24,11.29,-0.02,10,11290,卖盘
507,14:25:21,11.31,--,16,18096,买盘
508,14:25:18,11.31,--,5,5655,买盘
509,14:25:15,11.31,--,11,12441,买盘
510,14:25:09,11.31,--,12,13572,买盘
511,14:25:03,11.31,0.02,1,1131,买盘
512,14:25:00,11.29,--,3,3386,卖盘
513,14:24:57,11.29,--,20,22580,卖盘
514,14:24:54,11.29,-0.01,48,54191,卖盘
515,14:24:51,11.3,-0.01,216,244080,卖盘
516,14:24:48,11.31,0.01,46,52026,买盘
517,14:24:45,11.3,--,2,2260,买盘
518,14:24:42,11.3,--,19,21470,买盘
519,14:24:36,11.3,-0.01,203,230282,中性盘
520,14:24:33,11.31,0.02,176,199056,买盘
521,14:24:27,11.29,-0.01,18,20322,卖盘
522,14:24:24,11.3,--,51,57630,买盘
523,14:24:21,11.3,-0.01,5,5650,中性盘
524,14:24:18,11.31,0.02,5,5655,买盘
525,14:24:15,11.29,-0.02,300,338700,卖盘
526,14:24:09,11.31,--,2,2262,买盘
527,14:24:03,11.31,0.02,3,3393,买盘
528,14:23:57,11.29,-0.02,520,587080,卖盘
529,14:23:51,11.31,0.01,15,16965,买盘
530,14:23:48,11.3,--,2,2260,卖盘
531,14:23:45,11.3,-0.01,28,31640,卖盘
532,14:23:42,11.31,--,1,1131,买盘
533,14:23:39,11.31,--,1008,1140285,卖盘
534,14:23:36,11.31,-0.01,47,53157,卖盘
535,14:23:33,11.32,--,108,122256,买盘
536,14:23:30,11.32,0.01,302,341864,买盘
537,14:23:27,11.31,-0.01,74,83694,卖盘
538,14:23:24,11.32,0.01,11,12452,买盘
539,14:23:21,11.31,-0.01,26,29406,卖盘
540,14:23:18,11.32,--,5,5660,买盘
541,14:23:15,11.32,0.01,1,1132,买盘
542,14:23:12,11.31,-0.01,55,62205,卖盘
543,14:23:09,11.32,0.01,2,2264,买盘
544,14:23:03,11.31,--,102,115362,卖盘
545,14:22:57,11.31,-0.01,19,21489,卖盘
546,14:22:51,11.32,0.01,195,220740,买盘
547,14:22:45,11.31,--,24,27144,卖盘
548,14:22:42,11.31,-0.01,101,114231,卖盘
549,14:22:39,11.32,--,1,1132,买盘
550,14:22:36,11.32,0.01,85,96220,买盘
551,14:22:33,11.31,--,105,119648,卖盘
552,14:22:30,11.31,0.01,706,798486,买盘
553,14:22:27,11.3,-0.01,193,218090,卖盘
554,14:22:24,11.31,--,71,80301,买盘
555,14:22:21,11.31,--,63,71253,买盘
556,14:22:15,11.31,--,23,26013,买盘
557,14:22:09,11.31,--,2,2262,买盘
558,14:22:06,11.31,--,1,1131,买盘
559,14:22:03,11.31,--,4,4524,买盘
560,14:22:00,11.31,0.02,20,22620,买盘
561,14:21:57,11.29,-0.02,19,21451,卖盘
562,14:21:54,11.31,0.02,34,38454,买盘
563,14:21:48,11.29,-0.03,72,81288,卖盘
564,14:21:42,11.32,0.02,6,6792,买盘
565,14:21:39,11.3,-0.02,64,73224,卖盘
566,14:21:33,11.32,--,40,45280,买盘
567,14:21:30,11.32,0.02,127,143764,买盘
568,14:21:27,11.3,-0.02,777,878010,卖盘
569,14:21:24,11.32,--,4,4528,买盘
570,14:21:21,11.32,--,82,92824,买盘
571,14:21:18,11.32,--,70,79240,买盘
572,14:21:15,11.32,0.01,5,5660,买盘
573,14:21:12,11.31,--,23,26013,卖盘
574,14:21:09,11.31,--,1008,1140048,卖盘
575,14:21:06,11.31,-0.01,39,44109,卖盘
576,14:21:03,11.32,0.01,24,27168,买盘
577,14:20:57,11.31,-0.01,156,176436,卖盘
578,14:20:54,11.32,--,16,18112,买盘
579,14:20:51,11.32,0.01,10,11320,买盘
580,14:20:48,11.31,-0.01,7,7917,卖盘
581,14:20:45,11.32,--,89,101642,买盘
582,14:20:42,11.32,--,6,6792,买盘
583,14:20:39,11.32,--,30,33960,买盘
584,14:20:33,11.32,--,13,14716,买盘
585,14:20:30,11.32,0.01,5,5660,买盘
586,14:20:27,11.31,-0.01,51,57681,卖盘
587,14:20:24,11.32,0.01,47,53204,买盘
588,14:20:21,11.31,--,28,31668,卖盘
589,14:20:18,11.31,-0.01,6,6786,卖盘
590,14:20:15,11.32,--,11,12452,买盘
591,14:20:12,11.32,0.01,31,35092,买盘
592,14:20:09,11.31,--,16,18096,卖盘
593,14:20:03,11.31,-0.01,6,6786,卖盘
594,14:20:00,11.32,0.01,1,1132,买盘
595,14:19:57,11.31,--,19,21489,卖盘
596,14:19:54,11.31,--,6,6786,卖盘
597,14:19:51,11.31,--,5,5655,卖盘
598,14:19:45,11.31,--,9,10179,卖盘
599,14:19:42,11.31,-0.01,164,186377,卖盘
600,14:19:39,11.32,--,15,16980,买盘
601,14:19:36,11.32,0.01,53,59996,买盘
602,14:19:33,11.31,-0.01,7,7917,卖盘
603,14:19:27,11.32,0.01,52,58864,买盘
604,14:19:24,11.31,-0.01,43,48633,卖盘
605,14:19:21,11.32,0.01,161,182252,买盘
606,14:19:18,11.31,--,371,419601,卖盘
607,14:19:15,11.31,--,57,64467,卖盘
608,14:19:12,11.31,-0.01,13,14703,卖盘
609,14:19:09,11.32,0.01,55,62260,买盘
610,14:19:06,11.31,-0.01,514,581334,卖盘
611,14:19:03,11.32,--,11,12452,买盘
612,14:19:00,11.32,0.01,200,226400,买盘
613,14:18:57,11.31,--,18,20358,卖盘
614,14:18:48,11.31,--,342,386802,卖盘
615,14:18:42,11.31,--,72,81432,卖盘
616,14:18:39,11.31,-0.01,55,63109,卖盘
617,14:18:36,11.32,--,1,1132,买盘
618,14:18:33,11.32,0.01,1,1132,买盘
619,14:18:27,11.31,--,19,21489,卖盘
620,14:18:24,11.31,-0.01,51,57681,卖盘
621,14:18:21,11.32,0.01,25,28300,买盘
622,14:18:18,11.31,0.01,1795,2031049,买盘
623,14:18:15,11.3,-0.01,94,106220,卖盘
624,14:18:12,11.31,--,5,5655,买盘
625,14:18:09,11.31,0.01,98,110838,买盘
626,14:18:03,11.3,--,73,82490,卖盘
627,14:18:00,11.3,0.01,31,35030,买盘
628,14:17:57,11.29,--,68,76772,卖盘
629,14:17:54,11.29,--,14,15805,卖盘
630,14:17:48,11.29,-0.01,49,56212,卖盘
631,14:17:45,11.3,--,26,29380,买盘
632,14:17:42,11.3,--,1,1130,买盘
633,14:17:33,11.3,--,35,39550,卖盘
634,14:17:30,11.3,0.01,36,40680,买盘
635,14:17:27,11.29,--,22,24837,卖盘
636,14:17:24,11.29,-0.01,74,83546,卖盘
637,14:17:21,11.3,--,44,49720,买盘
638,14:17:18,11.3,--,68,76840,买盘
639,14:17:12,11.3,--,25,28250,买盘
640,14:17:09,11.3,--,3,3390,买盘
641,14:17:06,11.3,--,20,22600,买盘
642,14:17:03,11.3,--,71,80230,买盘
643,14:17:00,11.3,0.01,1,1130,中性盘
644,14:16:57,11.29,-0.01,28,31611,卖盘
645,14:16:54,11.3,0.01,61,68930,买盘
646,14:16:51,11.29,-0.01,10,11290,卖盘
647,14:16:48,11.3,-0.01,33,37290,卖盘
648,14:16:42,11.31,0.02,50,57454,买盘
649,14:16:27,11.29,-0.02,19,21451,卖盘
650,14:16:24,11.31,--,1,1131,买盘
651,14:16:21,11.31,--,231,261261,买盘
652,14:16:18,11.31,--,47,53157,买盘
653,14:16:15,11.31,0.01,46,52026,买盘
654,14:16:12,11.3,-0.01,91,102830,卖盘
655,14:16:09,11.31,0.01,16,18096,买盘
656,14:16:06,11.3,--,137,155702,买盘
657,14:16:03,11.3,0.01,2,2260,买盘
658,14:15:57,11.29,-0.01,18,20322,卖盘
659,14:15:54,11.3,0.01,50,56500,买盘
660,14:15:48,11.29,-0.01,21,23946,卖盘
661,14:15:45,11.3,-0.01,70,79992,卖盘
662,14:15:42,11.31,0.01,153,173043,买盘
663,14:15:39,11.3,--,43,48590,卖盘
664,14:15:36,11.3,--,57,64410,卖盘
665,14:15:27,11.3,--,19,21470,卖盘
666,14:15:24,11.3,-0.01,8,9040,卖盘
667,14:15:21,11.31,--,80,90480,买盘
668,14:15:15,11.31,0.02,46,52026,买盘
669,14:15:12,11.29,-0.02,1,1129,卖盘
670,14:15:09,11.31,0.02,79,89349,买盘
671,14:15:06,11.29,-0.02,158,178382,卖盘
672,14:15:03,11.31,0.02,47,53157,买盘
673,14:14:57,11.29,--,168,189672,卖盘
674,14:14:54,11.29,-0.01,46,51933,卖盘
675,14:14:51,11.3,--,1,1130,卖盘
676,14:14:48,11.3,--,2,2260,卖盘
677,14:14:45,11.3,--,16,18080,卖盘
678,14:14:42,11.3,-0.01,4,4520,卖盘
679,14:14:39,11.31,0.01,13,14703,买盘
680,14:14:36,11.3,-0.01,8,9040,卖盘
681,14:14:33,11.31,0.01,1,1131,买盘
682,14:14:27,11.3,-0.01,113,127690,卖盘
683,14:14:24,11.31,0.01,39,44109,买盘
684,14:14:21,11.3,-0.01,9,10170,卖盘
685,14:14:18,11.31,--,33,37323,买盘
686,14:14:12,11.31,--,247,279357,买盘
687,14:14:09,11.31,0.02,73,82563,买盘
688,14:14:06,11.29,-0.02,52,58707,卖盘
689,14:14:03,11.31,--,36,40716,买盘
690,14:14:00,11.31,0.01,129,145899,买盘
691,14:13:57,11.3,--,88,99440,卖盘
692,14:13:51,11.3,--,55,63042,卖盘
693,14:13:48,11.3,-0.01,159,179670,卖盘
694,14:13:42,11.31,--,1,1131,买盘
695,14:13:39,11.31,0.02,116,131196,买盘
696,14:13:36,11.29,--,84,94836,卖盘
697,14:13:30,11.29,--,58,65481,卖盘
698,14:13:27,11.29,-0.02,32,36128,卖盘
699,14:13:24,11.31,0.02,2,2262,买盘
700,14:13:21,11.29,-0.01,265,299185,卖盘
701,14:13:18,11.3,--,381,430530,买盘
702,14:13:15,11.3,--,33,37290,买盘
703,14:13:12,11.3,--,94,106220,买盘
704,14:13:09,11.3,--,118,133340,买盘
705,14:13:03,11.3,--,123,138990,买盘
706,14:13:00,11.3,0.01,5,5650,买盘
707,14:12:57,11.29,-0.01,26,29353,卖盘
708,14:12:54,11.3,--,41,46330,买盘
709,14:12:51,11.3,--,50,57404,买盘
710,14:12:42,11.3,--,40,45200,卖盘
711,14:12:39,11.3,0.01,6,6780,卖盘
712,14:12:36,11.29,-0.01,4,4516,卖盘
713,14:12:33,11.3,--,2,2260,卖盘
714,14:12:30,11.3,--,16,18080,卖盘
715,14:12:27,11.3,-0.01,20,22600,卖盘
716,14:12:24,11.31,--,17,19227,买盘
717,14:12:21,11.31,0.01,6,6786,买盘
718,14:12:18,11.3,--,1,1130,卖盘
719,14:12:15,11.3,--,72,81834,买盘
720,14:12:12,11.3,--,93,105090,买盘
721,14:12:09,11.3,0.01,2,2260,买盘
722,14:12:06,11.29,-0.01,90,101609,卖盘
723,14:12:03,11.3,0.01,6,6780,买盘
724,14:11:57,11.29,-0.01,67,76534,卖盘
725,14:11:51,11.3,0.01,50,56500,买盘
726,14:11:48,11.29,--,124,139996,卖盘
727,14:11:42,11.29,-0.01,14,15805,卖盘
728,14:11:39,11.3,0.01,2,2260,买盘
729,14:11:30,11.29,--,161,181769,卖盘
730,14:11:27,11.29,-0.01,122,137738,卖盘
731,14:11:24,11.3,--,32,36160,买盘
732,14:11:21,11.3,--,54,61020,买盘
733,14:11:18,11.3,--,1,1130,买盘
734,14:11:15,11.3,--,45,50850,买盘
735,14:11:09,11.3,--,48,54240,买盘
736,14:11:06,11.3,--,1,1130,买盘
737,14:11:03,11.3,--,37,41810,买盘
738,14:10:57,11.3,--,49,55799,卖盘
739,14:10:51,11.3,-0.01,4,4520,卖盘
740,14:10:48,11.31,--,46,52026,买盘
741,14:10:45,11.31,--,74,83694,买盘
742,14:10:42,11.31,0.01,16,18096,买盘
743,14:10:39,11.3,-0.01,5,6350,卖盘
744,14:10:36,11.31,0.01,16,18096,买盘
745,14:10:33,11.3,-0.01,18,20340,卖盘
746,14:10:30,11.31,0.01,6,6786,买盘
747,14:10:27,11.3,-0.01,24,27120,卖盘
748,14:10:24,11.31,--,76,85956,买盘
749,14:10:21,11.31,0.01,57,64467,买盘
750,14:10:18,11.3,0.01,57,64410,买盘
751,14:10:12,11.29,--,39,44031,卖盘
752,14:10:09,11.29,-0.01,51,57578,卖盘
753,14:10:06,11.3,--,46,51980,买盘
754,14:10:03,11.3,--,2,2260,买盘
755,14:10:00,11.3,--,6,6780,买盘
756,14:09:57,11.3,--,44,49720,买盘
757,14:09:54,11.3,0.01,64,73212,买盘
758,14:09:51,11.29,--,27,30482,卖盘
759,14:09:48,11.29,-0.01,7,7902,卖盘
760,14:09:45,11.3,--,80,90400,买盘
761,14:09:42,11.3,0.01,1,1130,买盘
762,14:09:36,11.29,--,41,46289,卖盘
763,14:09:33,11.29,-0.01,139,156931,卖盘
764,14:09:30,11.3,--,7,7910,卖盘
765,14:09:27,11.3,-0.01,19,21470,卖盘
766,14:09:24,11.31,--,1,1131,买盘
767,14:09:21,11.31,0.02,2,2262,买盘
768,14:09:18,11.29,-0.02,27,30482,卖盘
769,14:09:12,11.31,--,64,72384,买盘
770,14:09:09,11.31,--,33,37323,买盘
771,14:09:03,11.31,0.01,97,110611,买盘
772,14:09:00,11.3,0.01,4,4520,买盘
773,14:08:57,11.29,-0.01,29,32740,卖盘
774,14:08:48,11.3,--,1,1130,买盘
775,14:08:45,11.3,--,75,84750,买盘
776,14:08:42,11.3,--,2,2260,买盘
777,14:08:33,11.3,0.02,15,16950,中性盘
778,14:08:27,11.28,-0.03,383,432024,卖盘
779,14:08:24,11.31,--,86,97266,买盘
780,14:08:21,11.31,0.02,1,1131,买盘
781,14:08:18,11.29,--,5,5645,卖盘
782,14:08:15,11.29,-0.01,500,564500,卖盘
783,14:08:12,11.3,--,126,142832,买盘
784,14:08:09,11.3,0.01,89,100570,买盘
785,14:08:03,11.29,--,105,118544,卖盘
786,14:08:00,11.29,-0.01,11,12418,卖盘
787,14:07:57,11.3,--,72,82252,买盘
788,14:07:54,11.3,0.01,5,5650,买盘
789,14:07:51,11.29,--,27,30482,卖盘
790,14:07:48,11.29,-0.01,10,11290,卖盘
791,14:07:45,11.3,--,26,29380,买盘
792,14:07:42,11.3,--,1,1130,买盘
793,14:07:39,11.3,--,19,21470,买盘
794,14:07:36,11.3,0.01,60,67800,买盘
795,14:07:27,11.29,-0.01,63,71127,卖盘
796,14:07:24,11.3,--,1,1130,买盘
797,14:07:21,11.3,0.01,1,1130,买盘
798,14:07:12,11.29,-0.01,29,32740,卖盘
799,14:07:09,11.3,--,34,38420,买盘
800,14:07:06,11.3,--,15,16950,买盘
801,14:07:03,11.3,--,135,153454,买盘
802,14:07:00,11.3,--,43,48590,买盘
803,14:06:57,11.3,--,22,24860,买盘
804,14:06:54,11.3,--,5,5650,买盘
805,14:06:45,11.3,--,16,18080,买盘
806,14:06:42,11.3,0.01,1,1130,买盘
807,14:06:39,11.29,--,28,31611,卖盘
808,14:06:36,11.29,--,91,102738,卖盘
809,14:06:33,11.29,-0.01,6,6773,卖盘
810,14:06:27,11.3,--,20,22600,买盘
811,14:06:24,11.3,--,1,1130,买盘
812,14:06:21,11.3,0.02,1,1130,买盘
813,14:06:18,11.28,-0.02,44,49632,卖盘
814,14:06:15,11.3,--,195,220350,买盘
815,14:06:12,11.3,--,247,280002,买盘
816,14:06:03,11.3,0.01,74,83620,买盘
817,14:05:57,11.29,-0.01,109,123060,卖盘
818,14:05:54,11.3,--,5,5650,买盘
819,14:05:51,11.3,0.01,5,5650,买盘
820,14:05:48,11.29,-0.01,47,53062,卖盘
821,14:05:42,11.3,0.02,1,1130,买盘
822,14:05:27,11.28,-0.01,19,21432,卖盘
823,14:05:24,11.29,--,25,28224,卖盘
824,14:05:21,11.29,--,82,92578,买盘
825,14:05:18,11.29,--,7,7902,买盘
826,14:05:15,11.29,0.01,8,9032,买盘
827,14:05:12,11.28,-0.01,11,12408,卖盘
828,14:05:09,11.29,0.01,12,13547,买盘
829,14:05:06,11.28,-0.01,49,56174,卖盘
830,14:05:03,11.29,0.01,156,176124,中性盘
831,14:04:57,11.28,-0.01,86,97008,卖盘
832,14:04:51,11.29,--,9,10161,买盘
833,14:04:48,11.29,--,19,21451,买盘
834,14:04:45,11.29,--,1,1129,买盘
835,14:04:42,11.29,0.01,1,1129,买盘
836,14:04:39,11.28,-0.01,39,43992,卖盘
837,14:04:36,11.29,--,5,5645,买盘
838,14:04:33,11.29,0.01,15,16935,买盘
839,14:04:30,11.28,--,14,15792,卖盘
840,14:04:27,11.28,--,26,29328,卖盘
841,14:04:24,11.28,-0.01,59,66552,卖盘
842,14:04:21,11.29,-0.01,1,1129,买盘
843,14:04:15,11.3,0.02,39,44070,买盘
844,14:04:12,11.28,-0.01,60,67680,卖盘
845,14:04:09,11.29,0.01,7,7902,买盘
846,14:04:06,11.28,--,17,19176,卖盘
847,14:04:03,11.28,-0.01,200,226491,卖盘
848,14:04:00,11.29,0.01,81,91449,买盘
849,14:03:57,11.28,-0.01,50,56400,卖盘
850,14:03:54,11.29,--,36,40644,买盘
851,14:03:51,11.29,--,105,118544,买盘
852,14:03:48,11.29,0.01,5,5645,买盘
853,14:03:45,11.28,--,130,146640,卖盘
854,14:03:42,11.28,-0.01,85,95880,卖盘
855,14:03:39,11.29,--,492,556145,卖盘
856,14:03:36,11.29,-0.01,21,23709,卖盘
857,14:03:30,11.3,0.01,20,22600,买盘
858,14:03:27,11.29,-0.01,19,21451,卖盘
859,14:03:24,11.3,0.01,11,12430,买盘
860,14:03:21,11.29,--,85,95965,卖盘
861,14:03:15,11.29,--,30,33870,卖盘
862,14:03:12,11.29,-0.02,5,5645,卖盘
863,14:03:09,11.31,0.01,200,226200,买盘
864,14:03:06,11.3,0.01,25,28250,中性盘
865,14:03:03,11.29,--,7,7902,卖盘
866,14:03:00,11.29,--,79,89191,卖盘
867,14:02:57,11.29,--,78,88062,卖盘
868,14:02:54,11.29,-0.01,14,15805,卖盘
869,14:02:51,11.3,--,4,4520,买盘
870,14:02:45,11.3,--,134,151420,买盘
871,14:02:42,11.3,--,1,1130,买盘
872,14:02:30,11.3,0.01,75,84750,买盘
873,14:02:27,11.29,-0.01,34,38386,卖盘
874,14:02:24,11.3,--,1,1130,买盘
875,14:02:21,11.3,--,1,1130,买盘
876,14:02:18,11.3,0.01,15,16950,买盘
877,14:02:12,11.29,-0.01,2,2258,卖盘
878,14:02:09,11.3,--,3,3390,买盘
879,14:02:06,11.3,--,11,12430,买盘
880,14:02:03,11.3,--,2,2260,买盘
881,14:02:00,11.3,0.01,34,38420,买盘
882,14:01:57,11.29,-0.01,18,20322,卖盘
883,14:01:54,11.3,--,45,50850,买盘
884,14:01:51,11.3,--,6,6780,买盘
885,14:01:42,11.3,0.01,12,13560,买盘
886,14:01:36,11.29,--,13,14676,卖盘
887,14:01:33,11.29,--,43,48546,卖盘
888,14:01:30,11.29,--,20,22580,卖盘
889,14:01:27,11.29,--,19,21451,卖盘
890,14:01:24,11.29,-0.01,10,11290,卖盘
891,14:01:21,11.3,-0.01,3,3390,中性盘
892,14:01:15,11.31,--,86,97266,买盘
893,14:01:09,11.31,0.02,16,18096,买盘
894,14:01:06,11.29,-0.02,6,6773,卖盘
895,14:01:03,11.31,0.02,34,38454,买盘
896,14:00:57,11.29,-0.01,65,73385,卖盘
897,14:00:54,11.3,-0.01,8,9040,卖盘
898,14:00:51,11.31,--,43,48633,买盘
899,14:00:48,11.31,--,4,4524,买盘
900,14:00:45,11.31,0.01,5,5655,买盘
901,14:00:42,11.3,0.01,280,316400,买盘
902,14:00:39,11.29,--,1,1129,卖盘
903,14:00:36,11.29,--,9,10161,卖盘
904,14:00:30,11.29,--,11,12418,卖盘
905,14:00:27,11.29,-0.01,19,21451,卖盘
906,14:00:24,11.3,--,1,1130,买盘
907,14:00:21,11.3,0.01,1,1130,中性盘
908,14:00:12,11.29,-0.01,45,50804,卖盘
909,14:00:09,11.3,--,17,19210,买盘
910,14:00:06,11.3,--,17,19210,买盘
911,14:00:03,11.3,--,14,15820,买盘
912,14:00:00,11.3,0.01,97,109610,买盘
913,13:59:57,11.29,-0.01,18,20322,卖盘
914,13:59:54,11.3,--,8,9040,买盘
915,13:59:51,11.3,0.01,46,51980,买盘
916,13:59:48,11.29,-0.01,216,243863,卖盘
917,13:59:42,11.3,--,1,1130,买盘
918,13:59:39,11.3,--,9,10170,买盘
919,13:59:33,11.3,0.01,1,1130,买盘
920,13:59:27,11.29,-0.01,31,34999,卖盘
921,13:59:24,11.3,-0.01,6,6780,卖盘
922,13:59:21,11.31,0.01,2,2262,买盘
923,13:59:18,11.3,-0.01,7,7910,卖盘
924,13:59:12,11.31,0.01,56,63336,买盘
925,13:59:09,11.3,-0.01,8,9040,卖盘
926,13:59:03,11.31,--,3,3393,买盘
927,13:59:00,11.31,0.01,35,39585,买盘
928,13:58:57,11.3,0.01,33,37290,卖盘
929,13:58:54,11.29,-0.02,12,13547,卖盘
930,13:58:51,11.31,0.02,46,52026,买盘
931,13:58:48,11.29,-0.01,7,7902,卖盘
932,13:58:42,11.3,--,13,14690,买盘
933,13:58:36,11.3,0.01,3,3390,买盘
934,13:58:33,11.29,--,127,143383,卖盘
935,13:58:30,11.29,--,7,7902,卖盘
936,13:58:27,11.29,-0.02,28,31611,卖盘
937,13:58:24,11.31,--,6,6786,买盘
938,13:58:21,11.31,--,1,1131,买盘
939,13:58:18,11.31,--,40,45240,买盘
940,13:58:12,11.31,0.01,2,2262,买盘
941,13:58:09,11.3,--,19,21696,卖盘
942,13:58:06,11.3,-0.01,30,33900,卖盘
943,13:58:03,11.31,--,4,4524,买盘
944,13:58:00,11.31,--,14,15834,买盘
945,13:57:57,11.31,--,409,462579,买盘
946,13:57:54,11.31,--,15,16965,买盘
947,13:57:48,11.31,--,1,1131,买盘
948,13:57:42,11.31,0.01,100,113100,买盘
949,13:57:36,11.3,--,4,4520,卖盘
950,13:57:30,11.3,--,10,11300,卖盘
951,13:57:27,11.3,--,32,36386,买盘
952,13:57:24,11.3,--,62,70060,买盘
953,13:57:21,11.3,--,2,2260,买盘
954,13:57:15,11.3,-0.01,54,61924,卖盘
955,13:57:09,11.31,0.01,26,29406,买盘
956,13:57:06,11.3,--,12,13560,卖盘
957,13:57:03,11.3,--,127,143736,买盘
958,13:57:00,11.3,0.01,7,7910,买盘
959,13:56:57,11.29,--,18,20322,卖盘
960,13:56:45,11.29,-0.01,80,90320,卖盘
961,13:56:42,11.3,--,1,1130,买盘
962,13:56:39,11.3,0.01,1,1130,买盘
963,13:56:36,11.29,-0.01,4,4516,卖盘
964,13:56:30,11.3,0.01,34,38420,买盘
965,13:56:27,11.29,-0.01,127,143383,卖盘
966,13:56:24,11.3,--,1,1130,买盘
967,13:56:21,11.3,--,43,49494,卖盘
968,13:56:12,11.3,-0.01,5,5650,卖盘
969,13:56:03,11.31,0.01,2,2262,买盘
970,13:56:00,11.3,--,1,1130,卖盘
971,13:55:57,11.3,--,31,35030,卖盘
972,13:55:51,11.3,--,10,11300,卖盘
973,13:55:48,11.3,0.01,110,124526,买盘
974,13:55:42,11.29,--,7,7902,卖盘
975,13:55:36,11.29,-0.01,19,21451,卖盘
976,13:55:30,11.3,0.01,21,23730,买盘
977,13:55:27,11.29,-0.01,18,20322,卖盘
978,13:55:21,11.3,--,1,1130,买盘
979,13:55:12,11.3,--,72,81360,买盘
980,13:55:09,11.3,--,2,2260,买盘
981,13:55:06,11.3,--,17,19210,买盘
982,13:55:03,11.3,--,3,3390,买盘
983,13:55:00,11.3,0.02,16,18080,买盘
984,13:54:57,11.28,-0.02,29,32711,卖盘
985,13:54:54,11.3,--,1,1130,买盘
986,13:54:51,11.3,0.02,90,101700,买盘
987,13:54:48,11.28,-0.01,13,14664,卖盘
988,13:54:42,11.29,0.01,2,2258,中性盘
989,13:54:27,11.28,-0.02,24,27072,卖盘
990,13:54:24,11.3,--,278,314140,买盘
991,13:54:21,11.3,0.01,7,7910,买盘
992,13:54:18,11.29,--,23,25966,买盘
993,13:54:15,11.29,--,10,11290,买盘
994,13:54:09,11.29,--,200,225799,买盘
995,13:54:06,11.29,--,1,1129,买盘
996,13:54:03,11.29,0.01,9,10161,买盘
997,13:53:57,11.28,-0.02,45,50760,卖盘
998,13:53:51,11.3,0.02,9,10170,买盘
999,13:53:48,11.28,-0.02,56,63168,卖盘
1000,13:53:45,11.3,--,1,1130,买盘
1001,13:53:42,11.3,0.02,2,2260,买盘
1002,13:53:36,11.28,-0.02,18,20304,中性盘
1003,13:53:33,11.3,0.03,926,1046380,买盘
1004,13:53:27,11.27,-0.02,18,20286,卖盘
1005,13:53:21,11.29,0.01,23,25966,买盘
1006,13:53:18,11.28,-0.01,5,5640,卖盘
1007,13:53:12,11.29,--,1,1129,买盘
1008,13:53:09,11.29,--,42,47418,买盘
1009,13:53:03,11.29,0.02,1,1129,买盘
1010,13:52:57,11.27,-0.01,37,41699,卖盘
1011,13:52:54,11.28,-0.01,318,358704,卖盘
1012,13:52:51,11.29,--,1,1129,买盘
1013,13:52:48,11.29,--,9,10161,买盘
1014,13:52:42,11.29,--,49,55320,买盘
1015,13:52:39,11.29,--,53,59836,买盘
1016,13:52:36,11.29,0.01,26,29353,买盘
1017,13:52:27,11.28,-0.01,22,24816,卖盘
1018,13:52:21,11.29,--,1,1129,买盘
1019,13:52:18,11.29,--,1,1129,买盘
1020,13:52:09,11.29,0.01,10,11290,买盘
1021,13:52:06,11.28,--,24,27072,卖盘
1022,13:52:03,11.28,-0.01,5,5640,卖盘
1023,13:52:00,11.29,0.01,2,2258,买盘
1024,13:51:57,11.28,-0.01,19,21432,卖盘
1025,13:51:54,11.29,--,45,50804,买盘
1026,13:51:51,11.29,--,1,1129,买盘
1027,13:51:48,11.29,--,9,10161,买盘
1028,13:51:42,11.29,--,1,1129,买盘
1029,13:51:36,11.29,--,4,4516,买盘
1030,13:51:33,11.29,0.01,98,110641,买盘
1031,13:51:27,11.28,-0.01,24,27072,卖盘
1032,13:51:24,11.29,--,7,7902,买盘
1033,13:51:21,11.29,--,2,2258,买盘
1034,13:51:06,11.29,--,1,1129,买盘
1035,13:51:03,11.29,--,153,172737,买盘
1036,13:51:00,11.29,0.01,7,7902,买盘
1037,13:50:57,11.28,-0.01,120,135360,卖盘
1038,13:50:51,11.29,--,1,1129,买盘
1039,13:50:48,11.29,--,30,33870,买盘
1040,13:50:45,11.29,--,1,1129,买盘
1041,13:50:42,11.29,0.01,1,1129,买盘
1042,13:50:39,11.28,--,45,50760,买盘
1043,13:50:30,11.28,0.01,5,5640,买盘
1044,13:50:27,11.27,-0.01,19,21413,卖盘
1045,13:50:24,11.28,--,12,13536,买盘
1046,13:50:21,11.28,--,2,2256,买盘
1047,13:50:18,11.28,--,1,1128,买盘
1048,13:50:15,11.28,--,52,58656,买盘
1049,13:50:03,11.28,0.01,11,12408,买盘
1050,13:49:57,11.27,-0.01,19,21413,卖盘
1051,13:49:54,11.28,--,38,42864,买盘
1052,13:49:48,11.28,--,44,49632,买盘
1053,13:49:45,11.28,--,1,1128,买盘
1054,13:49:42,11.28,-0.01,2,2256,买盘
1055,13:49:36,11.29,0.02,1,1129,买盘
1056,13:49:33,11.27,--,11,12397,卖盘
1057,13:49:27,11.27,-0.02,38,42826,卖盘
1058,13:49:21,11.29,0.02,1,1129,买盘
1059,13:49:18,11.27,-0.02,5,5635,卖盘
1060,13:49:09,11.29,0.01,1,1129,买盘
1061,13:49:03,11.28,--,87,98136,买盘
1062,13:49:00,11.28,0.01,266,300048,买盘
1063,13:48:57,11.27,--,19,21413,卖盘
1064,13:48:54,11.27,-0.01,100,112700,卖盘
1065,13:48:51,11.28,--,17,19176,买盘
1066,13:48:48,11.28,--,9,10152,买盘
1067,13:48:42,11.28,--,1,1128,买盘
1068,13:48:39,11.28,--,5,5640,买盘
1069,13:48:36,11.28,--,20,22560,买盘
1070,13:48:33,11.28,0.01,1,1128,买盘
1071,13:48:30,11.27,-0.01,6,6762,卖盘
1072,13:48:27,11.28,0.01,28,31584,买盘
1073,13:48:24,11.27,-0.01,5,5635,卖盘
1074,13:48:21,11.28,0.01,6,6768,买盘
1075,13:48:09,11.27,-0.01,9,10143,卖盘
1076,13:48:06,11.28,--,1,1128,买盘
1077,13:48:03,11.28,--,28,31584,买盘
1078,13:48:00,11.28,0.01,1,1128,买盘
1079,13:47:57,11.27,-0.01,19,21413,卖盘
1080,13:47:54,11.28,--,2,2256,买盘
1081,13:47:48,11.28,--,19,21432,买盘
1082,13:47:45,11.28,--,239,269592,买盘
1083,13:47:42,11.28,0.01,1,1128,买盘
1084,13:47:39,11.27,-0.01,116,130732,卖盘
1085,13:47:36,11.28,0.01,1,1128,买盘
1086,13:47:30,11.27,--,13,14651,卖盘
1087,13:47:27,11.27,-0.01,18,20286,卖盘
1088,13:47:24,11.28,--,8,9024,买盘
1089,13:47:21,11.28,0.01,117,131976,买盘
1090,13:47:12,11.27,-0.01,2,2254,卖盘
1091,13:47:03,11.28,0.01,1,1128,买盘
1092,13:47:00,11.27,--,8,9016,卖盘
1093,13:46:57,11.27,-0.01,61,68747,卖盘
1094,13:46:54,11.28,0.01,16,18048,买盘
1095,13:46:51,11.27,--,407,459568,买盘
1096,13:46:48,11.27,--,10,11270,买盘
1097,13:46:42,11.27,0.01,1,1127,买盘
1098,13:46:39,11.26,-0.01,9,10134,卖盘
1099,13:46:36,11.27,0.01,1,1127,买盘
1100,13:46:27,11.26,-0.01,18,20268,卖盘
1101,13:46:24,11.27,--,93,104811,买盘
1102,13:46:21,11.27,0.01,2,2254,买盘
1103,13:46:18,11.26,-0.01,17,19142,卖盘
1104,13:46:15,11.27,--,1,1127,买盘
1105,13:46:12,11.27,--,15,16905,买盘
1106,13:46:09,11.27,--,22,24794,买盘
1107,13:46:06,11.27,0.01,68,76636,买盘
1108,13:46:03,11.26,--,16,18016,卖盘
1109,13:45:57,11.26,-0.01,19,21394,卖盘
1110,13:45:54,11.27,--,12,13524,买盘
1111,13:45:51,11.27,--,1,1127,买盘
1112,13:45:48,11.27,0.01,17,19159,买盘
1113,13:45:45,11.26,-0.01,10,11260,卖盘
1114,13:45:42,11.27,--,1,1127,买盘
1115,13:45:39,11.27,--,1,1127,买盘
1116,13:45:36,11.27,--,4,4508,买盘
1117,13:45:30,11.27,0.01,20,22540,买盘
1118,13:45:27,11.26,--,18,20268,卖盘
1119,13:45:24,11.26,-0.01,5,5630,卖盘
1120,13:45:21,11.27,0.01,13,14651,买盘
1121,13:45:12,11.26,-0.01,5,5630,卖盘
1122,13:45:06,11.27,0.01,2,2254,买盘
1123,13:45:03,11.26,--,16,18016,卖盘
1124,13:45:00,11.26,--,22,24772,卖盘
1125,13:44:57,11.26,--,20,22520,卖盘
1126,13:44:54,11.26,-0.01,10,11260,卖盘
1127,13:44:51,11.27,--,95,107065,买盘
1128,13:44:48,11.27,--,305,343735,卖盘
1129,13:44:45,11.27,-0.01,6,6762,卖盘
1130,13:44:42,11.28,0.01,21,23688,买盘
1131,13:44:39,11.27,--,53,59731,卖盘
1132,13:44:30,11.27,0.01,86,96922,买盘
1133,13:44:27,11.26,-0.01,19,21394,卖盘
1134,13:44:21,11.27,--,15,16905,买盘
1135,13:44:18,11.27,0.01,110,123970,买盘
1136,13:44:15,11.26,-0.01,4,4504,卖盘
1137,13:44:09,11.27,--,1,1127,买盘
1138,13:44:06,11.27,--,4,4508,买盘
1139,13:44:03,11.27,0.02,111,125097,买盘
1140,13:43:57,11.25,-0.01,20,22500,卖盘
1141,13:43:51,11.26,-0.01,10,11260,卖盘
1142,13:43:48,11.27,0.01,14,15778,买盘
1143,13:43:45,11.26,--,15,16890,卖盘
1144,13:43:42,11.26,-0.01,2,2252,卖盘
1145,13:43:36,11.27,--,16,18032,买盘
1146,13:43:33,11.27,0.01,21,23667,买盘
1147,13:43:30,11.26,--,20,22520,卖盘
1148,13:43:27,11.26,--,31,34906,卖盘
1149,13:43:24,11.26,-0.01,10,11260,卖盘
1150,13:43:21,11.27,--,4,4508,买盘
1151,13:43:18,11.27,0.01,10,11270,买盘
1152,13:43:15,11.26,-0.01,40,45040,卖盘
1153,13:43:12,11.27,--,15,16905,买盘
1154,13:43:03,11.27,--,19,21413,买盘
1155,13:43:00,11.27,0.01,20,22540,买盘
1156,13:42:57,11.26,-0.01,23,25898,卖盘
1157,13:42:54,11.27,-0.01,6,6762,卖盘
1158,13:42:51,11.28,--,1,1128,买盘
1159,13:42:48,11.28,0.01,342,385776,买盘
1160,13:42:45,11.27,--,25,28175,卖盘
1161,13:42:42,11.27,--,12,13524,卖盘
1162,13:42:39,11.27,--,12,13524,卖盘
1163,13:42:36,11.27,-0.01,20,22540,卖盘
1164,13:42:33,11.28,--,8,9024,买盘
1165,13:42:30,11.28,0.01,2,2256,买盘
1166,13:42:27,11.27,-0.01,18,20286,卖盘
1167,13:42:24,11.28,--,1,1128,买盘
1168,13:42:21,11.28,0.01,31,34968,买盘
1169,13:42:18,11.27,--,193,217511,买盘
1170,13:42:12,11.27,0.01,1,1127,买盘
1171,13:42:09,11.26,-0.01,62,69812,卖盘
1172,13:42:06,11.27,--,1,1127,买盘
1173,13:42:03,11.27,0.01,1,1127,买盘
1174,13:41:57,11.26,-0.01,91,102466,卖盘
1175,13:41:48,11.27,--,9,10143,买盘
1176,13:41:42,11.27,0.01,16,18032,买盘
1177,13:41:39,11.26,-0.01,497,559622,卖盘
1178,13:41:36,11.27,--,10,11270,买盘
1179,13:41:33,11.27,0.01,10,11270,买盘
1180,13:41:27,11.26,--,18,20268,卖盘
1181,13:41:24,11.26,--,7,7882,卖盘
1182,13:41:21,11.26,-0.02,102,114852,卖盘
1183,13:41:18,11.28,0.02,11,12408,买盘
1184,13:41:12,11.26,-0.02,20,22520,卖盘
1185,13:41:06,11.28,0.01,99,111672,买盘
1186,13:41:03,11.27,0.01,22,24794,买盘
1187,13:40:57,11.26,--,47,52922,卖盘
1188,13:40:54,11.26,-0.01,12,13512,卖盘
1189,13:40:48,11.27,--,16,18032,买盘
1190,13:40:42,11.27,-0.01,13,14651,中性盘
1191,13:40:36,11.28,--,1,1128,买盘
1192,13:40:33,11.28,--,3,3384,买盘
1193,13:40:27,11.28,--,94,106032,买盘
1194,13:40:21,11.28,0.01,33,37224,买盘
1195,13:40:18,11.27,--,48,54096,买盘
1196,13:40:12,11.27,0.01,46,51842,买盘
1197,13:40:03,11.26,-0.01,9,10134,卖盘
1198,13:40:00,11.27,0.01,5,5635,买盘
1199,13:39:57,11.26,--,19,21394,卖盘
1200,13:39:54,11.26,-0.01,82,92332,卖盘
1201,13:39:51,11.27,--,1,1127,买盘
1202,13:39:48,11.27,0.01,9,10143,买盘
1203,13:39:45,11.26,-0.01,3,3378,卖盘
1204,13:39:42,11.27,--,1,1127,买盘
1205,13:39:33,11.27,--,3,3381,买盘
1206,13:39:30,11.27,0.01,45,50715,买盘
1207,13:39:27,11.26,-0.01,53,59678,卖盘
1208,13:39:21,11.27,--,1,1127,买盘
1209,13:39:18,11.27,0.01,47,52969,买盘
1210,13:39:15,11.26,-0.01,2,2252,卖盘
1211,13:39:12,11.27,0.01,53,59731,买盘
1212,13:39:06,11.26,--,50,56300,卖盘
1213,13:39:03,11.26,--,5,5630,卖盘
1214,13:39:00,11.26,--,23,25898,卖盘
1215,13:38:57,11.26,-0.01,52,58552,卖盘
1216,13:38:48,11.27,0.01,9,10143,买盘
1217,13:38:45,11.26,--,7,7882,卖盘
1218,13:38:42,11.26,-0.01,10,11260,卖盘
1219,13:38:39,11.27,--,10,11270,买盘
1220,13:38:36,11.27,--,45,50715,买盘
1221,13:38:33,11.27,0.01,3,3381,买盘
1222,13:38:30,11.26,--,8,9008,卖盘
1223,13:38:27,11.26,--,20,22520,卖盘
1224,13:38:24,11.26,-0.01,45,50670,卖盘
1225,13:38:21,11.27,--,2,2254,买盘
1226,13:38:15,11.27,--,46,51842,买盘
1227,13:38:09,11.27,--,2,2254,买盘
1228,13:38:03,11.27,0.01,1,1127,买盘
1229,13:37:57,11.26,-0.01,117,131742,卖盘
1230,13:37:54,11.27,--,76,85652,买盘
1231,13:37:48,11.27,0.01,9,10143,买盘
1232,13:37:45,11.26,-0.01,6,6756,卖盘
1233,13:37:42,11.27,--,1,1127,买盘
1234,13:37:39,11.27,--,23,25921,买盘
1235,13:37:36,11.27,0.01,3,3381,买盘
1236,13:37:33,11.26,-0.01,20,22520,卖盘
1237,13:37:30,11.27,0.01,15,16905,买盘
1238,13:37:27,11.26,-0.01,18,20268,卖盘
1239,13:37:24,11.27,--,20,22540,买盘
1240,13:37:21,11.27,--,34,38318,买盘
1241,13:37:18,11.27,--,46,51842,买盘
1242,13:37:09,11.27,--,1,1127,买盘
1243,13:37:06,11.27,--,75,84525,买盘
1244,13:37:03,11.27,--,26,29302,买盘
1245,13:37:00,11.27,--,67,75509,卖盘
1246,13:36:57,11.27,-0.01,19,21413,卖盘
1247,13:36:51,11.28,--,1,1128,买盘
1248,13:36:48,11.28,--,41,46248,买盘
1249,13:36:42,11.28,0.01,1,1128,买盘
1250,13:36:39,11.27,--,102,114954,买盘
1251,13:36:33,11.27,--,43,48461,买盘
1252,13:36:30,11.27,0.01,1,1127,买盘
1253,13:36:27,11.26,-0.01,25,28150,卖盘
1254,13:36:24,11.27,--,1,1127,买盘
1255,13:36:21,11.27,-0.01,39,43953,中性盘
1256,13:36:18,11.28,--,54,60912,买盘
1257,13:36:15,11.28,0.01,45,50760,买盘
1258,13:36:12,11.27,--,4,4508,卖盘
1259,13:36:09,11.27,--,17,19159,买盘
1260,13:36:06,11.27,--,1,1127,买盘
1261,13:36:03,11.27,0.01,1,1127,买盘
1262,13:36:00,11.26,--,1,1126,卖盘
1263,13:35:57,11.26,-0.01,19,21394,卖盘
1264,13:35:51,11.27,--,1,1127,买盘
1265,13:35:48,11.27,--,69,77763,买盘
1266,13:35:42,11.27,--,16,18032,买盘
1267,13:35:33,11.27,0.01,12,13524,买盘
1268,13:35:27,11.26,-0.01,18,20268,卖盘
1269,13:35:21,11.27,--,48,54096,买盘
1270,13:35:18,11.27,--,42,47334,买盘
1271,13:35:15,11.27,--,348,392196,买盘
1272,13:35:12,11.27,--,2,2254,买盘
1273,13:35:03,11.27,--,3,3381,买盘
1274,13:35:00,11.27,0.01,20,22540,买盘
1275,13:34:57,11.26,--,79,88954,卖盘
1276,13:34:54,11.26,-0.01,40,45040,卖盘
1277,13:34:48,11.27,--,9,10143,买盘
1278,13:34:42,11.27,--,2,2254,买盘
1279,13:34:39,11.27,--,15,16905,买盘
1280,13:34:36,11.27,--,1,1127,买盘
1281,13:34:33,11.27,0.01,15,16905,买盘
1282,13:34:30,11.26,--,11,12386,卖盘
1283,13:34:27,11.26,-0.01,18,20268,卖盘
1284,13:34:21,11.27,--,1,1127,买盘
1285,13:34:18,11.27,--,134,151018,买盘
1286,13:34:15,11.27,--,11,12397,买盘
1287,13:34:09,11.27,--,56,63112,买盘
1288,13:34:06,11.27,--,33,37191,买盘
1289,13:34:03,11.27,--,3,3381,买盘
1290,13:34:00,11.27,0.01,1,1127,买盘
1291,13:33:57,11.26,-0.01,19,21394,卖盘
1292,13:33:51,11.27,--,1,1127,买盘
1293,13:33:48,11.27,0.01,75,84525,买盘
1294,13:33:45,11.26,-0.01,1,1126,卖盘
1295,13:33:42,11.27,--,73,82271,买盘
1296,13:33:39,11.27,--,56,63112,买盘
1297,13:33:36,11.27,--,31,34937,买盘
1298,13:33:33,11.27,--,6,6762,买盘
1299,13:33:30,11.27,0.01,5,5635,买盘
1300,13:33:27,11.26,-0.01,18,20268,卖盘
1301,13:33:21,11.27,--,1,1127,买盘
1302,13:33:18,11.27,--,20,22540,买盘
1303,13:33:15,11.27,--,39,43953,买盘
1304,13:33:09,11.27,--,45,50715,买盘
1305,13:33:06,11.27,--,1,1127,买盘
1306,13:33:03,11.27,0.01,1,1127,买盘
1307,13:32:57,11.26,-0.01,26,29276,卖盘
1308,13:32:54,11.27,0.01,94,105938,买盘
1309,13:32:51,11.26,--,10,11260,卖盘
1310,13:32:45,11.26,-0.01,4,4504,卖盘
1311,13:32:42,11.27,0.01,1,1127,买盘
1312,13:32:36,11.26,--,11,12386,卖盘
1313,13:32:33,11.26,-0.01,5,5630,卖盘
1314,13:32:30,11.27,--,4,4508,买盘
1315,13:32:27,11.27,--,23,25921,买盘
1316,13:32:24,11.27,--,1,1127,买盘
1317,13:32:21,11.27,0.01,2,2254,买盘
1318,13:32:18,11.26,-0.01,8,9008,卖盘
1319,13:32:15,11.27,--,33,37191,买盘
1320,13:32:09,11.27,0.01,46,51842,买盘
1321,13:32:06,11.26,--,21,23646,买盘
1322,13:32:03,11.26,--,73,82198,买盘
1323,13:32:00,11.26,0.01,6,6756,中性盘
1324,13:31:57,11.25,-0.01,19,21375,卖盘
1325,13:31:54,11.26,--,5,5630,卖盘
1326,13:31:51,11.26,--,112,126112,卖盘
1327,13:31:48,11.26,-0.01,27,30402,卖盘
1328,13:31:42,11.27,0.01,6,6762,买盘
1329,13:31:39,11.26,-0.01,44,49544,卖盘
1330,13:31:36,11.27,--,46,51842,买盘
1331,13:31:33,11.27,--,80,90160,买盘
1332,13:31:30,11.27,--,8,9016,买盘
1333,13:31:27,11.27,--,141,158907,买盘
1334,13:31:24,11.27,--,31,34937,买盘
1335,13:31:21,11.27,--,2,2254,买盘
1336,13:31:12,11.27,--,35,39445,买盘
1337,13:31:09,11.27,--,45,50715,买盘
1338,13:31:03,11.27,0.01,7,7889,买盘
1339,13:30:57,11.26,-0.01,114,128364,卖盘
1340,13:30:51,11.27,0.01,1,1127,买盘
1341,13:30:48,11.26,-0.01,6,6756,卖盘
1342,13:30:42,11.27,0.01,1,1127,买盘
1343,13:30:39,11.26,--,9,10134,卖盘
1344,13:30:36,11.26,0.01,149,167774,买盘
1345,13:30:33,11.25,--,3,3375,卖盘
1346,13:30:30,11.25,--,9,10125,卖盘
1347,13:30:27,11.25,-0.01,54,60750,卖盘
1348,13:30:24,11.26,--,15,16890,买盘
1349,13:30:21,11.26,--,91,102466,买盘
1350,13:30:12,11.26,0.01,33,37158,买盘
1351,13:30:09,11.25,-0.01,126,141750,卖盘
1352,13:30:06,11.26,--,52,58552,买盘
1353,13:30:03,11.26,--,4,4504,买盘
1354,13:30:00,11.26,0.01,61,68686,买盘
1355,13:29:57,11.25,-0.01,60,67500,卖盘
1356,13:29:54,11.26,0.01,4,4504,买盘
1357,13:29:42,11.25,-0.01,21,23625,卖盘
1358,13:29:39,11.26,--,169,190294,买盘
1359,13:29:33,11.26,--,33,37158,买盘
1360,13:29:30,11.26,--,1,1126,买盘
1361,13:29:27,11.26,--,23,25898,买盘
1362,13:29:24,11.26,--,11,12386,买盘
1363,13:29:21,11.26,--,2,2252,买盘
1364,13:29:15,11.26,0.01,19,21394,买盘
1365,13:29:12,11.25,-0.01,3,3375,卖盘
1366,13:29:09,11.26,--,37,41662,买盘
1367,13:29:06,11.26,0.01,30,33780,买盘
1368,13:29:03,11.25,0.01,47,52875,买盘
1369,13:28:57,11.24,-0.01,18,20232,卖盘
1370,13:28:54,11.25,--,1,1125,买盘
1371,13:28:51,11.25,0.01,75,84375,买盘
1372,13:28:48,11.24,-0.01,45,50580,卖盘
1373,13:28:42,11.25,0.01,1,1125,买盘
1374,13:28:39,11.24,--,44,49590,买盘
1375,13:28:36,11.24,--,251,282124,买盘
1376,13:28:33,11.24,--,60,67440,买盘
1377,13:28:30,11.24,--,3,3372,买盘
1378,13:28:27,11.24,--,839,943036,买盘
1379,13:28:24,11.24,--,567,637308,买盘
1380,13:28:21,11.24,--,77,86548,买盘
1381,13:28:18,11.24,--,81,91044,买盘
1382,13:28:15,11.24,--,10,11240,买盘
1383,13:28:09,11.24,--,89,100036,买盘
1384,13:28:06,11.24,--,43,48332,买盘
1385,13:28:03,11.24,--,34,38216,买盘
1386,13:28:00,11.24,0.01,106,119144,买盘
1387,13:27:57,11.23,-0.01,383,430109,卖盘
1388,13:27:54,11.24,--,100,112400,买盘
1389,13:27:51,11.24,--,19,21356,买盘
1390,13:27:48,11.24,--,15,16860,买盘
1391,13:27:45,11.24,--,7,7868,买盘
1392,13:27:42,11.24,0.01,11,12364,买盘
1393,13:27:39,11.23,-0.01,41,46043,卖盘
1394,13:27:33,11.24,0.01,6,6744,买盘
1395,13:27:30,11.23,-0.01,1,1123,卖盘
1396,13:27:27,11.24,--,21,23604,买盘
1397,13:27:24,11.24,--,54,60696,买盘
1398,13:27:21,11.24,-0.01,273,307841,卖盘
1399,13:27:18,11.25,0.01,180,202500,买盘
1400,13:27:15,11.24,-0.01,20,22480,卖盘
1401,13:27:12,11.25,--,669,752760,买盘
1402,13:27:09,11.25,--,10,11250,买盘
1403,13:27:06,11.25,--,37,41625,买盘
1404,13:27:03,11.25,0.01,1,1125,买盘
1405,13:27:00,11.24,--,81,91044,卖盘
1406,13:26:57,11.24,--,634,712616,卖盘
1407,13:26:54,11.24,-0.01,40,44960,卖盘
1408,13:26:51,11.25,--,10,11250,买盘
1409,13:26:45,11.25,--,99,111375,买盘
1410,13:26:42,11.25,--,1,1125,买盘
1411,13:26:39,11.25,0.01,27,30375,买盘
1412,13:26:36,11.24,-0.01,48,53952,卖盘
1413,13:26:33,11.25,0.01,88,99000,买盘
1414,13:26:30,11.24,--,320,359680,卖盘
1415,13:26:27,11.24,--,38,42712,卖盘
1416,13:26:24,11.24,-0.01,22,24728,卖盘
1417,13:26:21,11.25,0.01,57,64125,买盘
1418,13:26:18,11.24,-0.01,155,174220,卖盘
1419,13:26:15,11.25,--,4,4500,买盘
1420,13:26:12,11.25,--,8,9000,买盘
1421,13:26:09,11.25,--,118,132750,买盘
1422,13:26:06,11.25,0.01,3,3375,买盘
1423,13:26:03,11.24,-0.01,46,51704,卖盘
1424,13:26:00,11.25,0.01,104,117000,买盘
1425,13:25:57,11.24,-0.01,571,641804,卖盘
1426,13:25:54,11.25,0.01,200,225000,买盘
1427,13:25:51,11.24,--,256,287744,卖盘
1428,13:25:48,11.24,--,18,20232,卖盘
1429,13:25:45,11.24,-0.01,51,57324,卖盘
1430,13:25:42,11.25,0.01,29,32625,买盘
1431,13:25:39,11.24,-0.01,32,35968,卖盘
1432,13:25:36,11.25,0.01,206,231750,买盘
1433,13:25:27,11.24,-0.01,37,41588,卖盘
1434,13:25:24,11.25,--,15,16875,买盘
1435,13:25:21,11.25,--,74,83250,买盘
1436,13:25:18,11.25,0.01,5,5625,中性盘
1437,13:25:09,11.24,-0.02,1035,1163340,卖盘
1438,13:25:06,11.26,0.01,3,3378,买盘
1439,13:25:03,11.25,--,377,424125,买盘
1440,13:25:00,11.25,0.01,81,91125,买盘
1441,13:24:57,11.24,-0.01,18,20232,卖盘
1442,13:24:54,11.25,--,21,23625,买盘
1443,13:24:51,11.25,--,168,189000,买盘
1444,13:24:42,11.25,0.01,1,1125,买盘
1445,13:24:39,11.24,-0.01,53,59572,卖盘
1446,13:24:36,11.25,--,5,5625,买盘
1447,13:24:33,11.25,0.01,48,54000,买盘
1448,13:24:27,11.24,-0.01,19,21356,卖盘
1449,13:24:21,11.25,--,5,5625,买盘
1450,13:24:18,11.25,--,13,14625,买盘
1451,13:24:15,11.25,--,15,16875,买盘
1452,13:24:09,11.25,--,76,85500,买盘
1453,13:24:06,11.25,--,14,15750,买盘
1454,13:24:03,11.25,--,4,4500,买盘
1455,13:24:00,11.25,0.01,73,82125,买盘
1456,13:23:57,11.24,-0.01,64,71936,卖盘
1457,13:23:54,11.25,0.01,10,11250,买盘
1458,13:23:51,11.24,-0.01,20,22480,卖盘
1459,13:23:48,11.25,--,50,56250,买盘
1460,13:23:45,11.25,--,27,30375,买盘
1461,13:23:42,11.25,--,3,3375,买盘
1462,13:23:39,11.25,0.01,240,270000,买盘
1463,13:23:36,11.24,-0.01,29,32596,卖盘
1464,13:23:30,11.25,0.01,75,84375,买盘
1465,13:23:27,11.24,--,19,21356,卖盘
1466,13:23:24,11.24,-0.01,14,15736,卖盘
1467,13:23:21,11.25,0.01,6,6750,买盘
1468,13:23:18,11.24,0.01,157,176468,买盘
1469,13:23:15,11.23,-0.01,38,42674,卖盘
1470,13:23:12,11.24,-0.01,353,396772,卖盘
1471,13:23:09,11.25,--,1,1125,买盘
1472,13:23:06,11.25,0.01,21,23625,买盘
1473,13:23:03,11.24,--,2,2248,卖盘
1474,13:23:00,11.24,--,41,46084,卖盘
1475,13:22:57,11.24,-0.01,142,159608,卖盘
1476,13:22:54,11.25,--,46,51750,买盘
1477,13:22:42,11.25,0.01,1,1125,买盘
1478,13:22:39,11.24,-0.01,9,10116,卖盘
1479,13:22:36,11.25,--,1,1125,买盘
1480,13:22:33,11.25,--,206,231750,买盘
1481,13:22:30,11.25,0.01,58,65250,买盘
1482,13:22:27,11.24,-0.01,234,263016,卖盘
1483,13:22:24,11.25,--,23,25875,买盘
1484,13:22:21,11.25,--,269,302625,买盘
1485,13:22:18,11.25,--,589,662625,卖盘
1486,13:22:15,11.25,-0.01,2100,2362500,卖盘
1487,13:22:12,11.26,0.01,256,288256,买盘
1488,13:22:09,11.25,-0.01,52,58500,卖盘
1489,13:22:06,11.26,--,513,577638,买盘
1490,13:22:03,11.26,0.01,60,67560,买盘
1491,13:22:00,11.25,-0.01,501,563625,卖盘
1492,13:21:57,11.26,0.01,51,57426,买盘
1493,13:21:54,11.25,-0.01,59,66375,卖盘
1494,13:21:51,11.26,0.01,357,401982,买盘
1495,13:21:48,11.25,-0.02,70,79188,卖盘
1496,13:21:45,11.27,--,347,391069,买盘
1497,13:21:42,11.27,--,1,1127,买盘
1498,13:21:39,11.27,0.01,1546,1742342,买盘
1499,13:21:36,11.26,--,2,2252,卖盘
1500,13:21:33,11.26,--,71,79946,卖盘
1501,13:21:30,11.26,--,14,15764,卖盘
1502,13:21:27,11.26,-0.01,151,170026,卖盘
1503,13:21:24,11.27,--,1,1127,买盘
1504,13:21:21,11.27,0.01,4,4508,买盘
1505,13:21:18,11.26,--,81,91206,卖盘
1506,13:21:15,11.26,-0.01,500,563000,卖盘
1507,13:21:12,11.27,0.01,5,5635,买盘
1508,13:21:09,11.26,-0.02,207,233082,卖盘
1509,13:21:06,11.28,0.01,17,19176,买盘
1510,13:21:03,11.27,--,1048,1181096,卖盘
1511,13:20:57,11.27,--,52,58604,卖盘
1512,13:20:54,11.27,-0.01,103,116081,卖盘
1513,13:20:51,11.28,0.01,46,51888,买盘
1514,13:20:45,11.27,-0.01,10,11270,卖盘
1515,13:20:42,11.28,0.01,28,31584,买盘
1516,13:20:39,11.27,--,15,16905,卖盘
1517,13:20:33,11.27,--,11,12397,卖盘
1518,13:20:27,11.27,-0.01,19,21413,卖盘
1519,13:20:21,11.28,0.01,19,21432,买盘
1520,13:20:18,11.27,-0.01,5,5635,卖盘
1521,13:20:15,11.28,0.01,12,13536,买盘
1522,13:20:12,11.27,-0.01,21,23667,卖盘
1523,13:20:09,11.28,--,5,5640,买盘
1524,13:20:06,11.28,--,7,7896,买盘
1525,13:20:03,11.28,--,3,3384,买盘
1526,13:20:00,11.28,0.01,2,2256,买盘
1527,13:19:57,11.27,-0.01,70,78890,卖盘
1528,13:19:54,11.28,--,44,49632,买盘
1529,13:19:51,11.28,--,76,85728,买盘
1530,13:19:42,11.28,--,1,1128,买盘
1531,13:19:39,11.28,--,5,5640,买盘
1532,13:19:36,11.28,0.01,1,1128,买盘
1533,13:19:33,11.27,--,23,25921,卖盘
1534,13:19:27,11.27,-0.01,22,24794,卖盘
1535,13:19:21,11.28,--,11,12408,买盘
1536,13:19:12,11.28,0.01,8,9024,买盘
1537,13:19:09,11.27,-0.01,97,109319,卖盘
1538,13:19:06,11.28,--,5,5640,买盘
1539,13:19:03,11.28,--,5,5640,买盘
1540,13:19:00,11.28,0.01,5,5640,买盘
1541,13:18:57,11.27,-0.01,52,58604,卖盘
1542,13:18:54,11.28,--,233,262824,买盘
1543,13:18:51,11.28,0.01,47,53016,买盘
1544,13:18:48,11.27,--,48,54096,卖盘
1545,13:18:45,11.27,-0.01,6,6762,卖盘
1546,13:18:42,11.28,0.01,55,62040,买盘
1547,13:18:33,11.27,-0.01,3,3381,卖盘
1548,13:18:30,11.28,0.01,37,41736,买盘
1549,13:18:27,11.27,--,19,21413,卖盘
1550,13:18:24,11.27,-0.02,73,82271,卖盘
1551,13:18:21,11.29,--,1,1129,买盘
1552,13:18:12,11.29,--,5,5645,买盘
1553,13:18:09,11.29,--,108,121931,买盘
1554,13:18:06,11.29,--,31,34999,买盘
1555,13:18:03,11.29,0.01,9,10161,买盘
1556,13:17:57,11.28,--,31,34968,卖盘
1557,13:17:54,11.28,-0.01,53,59784,卖盘
1558,13:17:48,11.29,--,47,53062,买盘
1559,13:17:42,11.29,0.01,108,121931,买盘
1560,13:17:36,11.28,--,6,6768,卖盘
1561,13:17:33,11.28,-0.01,31,34968,卖盘
1562,13:17:30,11.29,0.01,71,80159,买盘
1563,13:17:27,11.28,-0.01,19,21432,卖盘
1564,13:17:21,11.29,0.01,3,3386,买盘
1565,13:17:12,11.28,-0.01,5,5640,卖盘
1566,13:17:09,11.29,--,5,5645,买盘
1567,13:17:06,11.29,0.01,3,3386,买盘
1568,13:17:03,11.28,-0.01,6,6768,卖盘
1569,13:17:00,11.29,0.01,13,14676,买盘
1570,13:16:57,11.28,-0.01,18,20304,卖盘
1571,13:16:54,11.29,0.01,41,46289,买盘
1572,13:16:51,11.28,--,35,39750,买盘
1573,13:16:48,11.28,--,1,1128,买盘
1574,13:16:45,11.28,--,46,51888,买盘
1575,13:16:42,11.28,--,3,3384,买盘
1576,13:16:36,11.28,0.01,1,1128,买盘
1577,13:16:30,11.27,--,28,31556,卖盘
1578,13:16:27,11.27,-0.01,25,28175,卖盘
1579,13:16:24,11.28,-0.01,17,19852,卖盘
1580,13:16:21,11.29,0.01,76,85804,买盘
1581,13:16:18,11.28,--,2,2256,卖盘
1582,13:16:15,11.28,-0.01,12,13536,卖盘
1583,13:16:12,11.29,--,1,1129,买盘
1584,13:16:06,11.29,--,25,28224,买盘
1585,13:16:03,11.29,--,31,34999,买盘
1586,13:15:57,11.29,0.01,119,134351,买盘
1587,13:15:54,11.28,-0.01,59,66552,卖盘
1588,13:15:51,11.29,0.01,35,39515,买盘
1589,13:15:48,11.28,-0.01,17,19176,卖盘
1590,13:15:45,11.29,--,45,50804,买盘
1591,13:15:42,11.29,0.01,1,1129,买盘
1592,13:15:39,11.28,-0.01,11,12408,卖盘
1593,13:15:36,11.29,0.01,14,16257,买盘
1594,13:15:33,11.28,--,3,3384,卖盘
1595,13:15:27,11.28,-0.01,19,21432,卖盘
1596,13:15:21,11.29,--,1,1129,买盘
1597,13:15:15,11.29,0.02,27,30482,买盘
1598,13:15:12,11.27,-0.01,20,22540,卖盘
1599,13:15:09,11.28,-0.01,2,2256,卖盘
1600,13:15:06,11.29,--,4,4516,买盘
1601,13:15:03,11.29,0.02,7,7902,买盘
1602,13:14:57,11.27,-0.02,23,25921,卖盘
1603,13:14:54,11.29,0.02,34,38386,买盘
1604,13:14:45,11.27,-0.02,9,10143,卖盘
1605,13:14:42,11.29,--,46,51933,买盘
1606,13:14:33,11.29,0.01,92,103867,买盘
1607,13:14:27,11.28,0.01,28,31584,买盘
1608,13:14:24,11.27,-0.01,2,2254,卖盘
1609,13:14:21,11.28,0.01,2,2256,买盘
1610,13:14:18,11.27,--,4,4508,卖盘
1611,13:14:15,11.27,-0.02,47,52969,卖盘
1612,13:14:12,11.29,--,322,363538,买盘
1613,13:14:09,11.29,--,4,4516,买盘
1614,13:14:06,11.29,0.01,31,34999,买盘
1615,13:14:03,11.28,--,8,9024,卖盘
1616,13:14:00,11.28,0.01,4,4512,中性盘
1617,13:13:57,11.27,-0.02,18,20286,卖盘
1618,13:13:54,11.29,0.02,33,37257,买盘
1619,13:13:48,11.27,-0.02,5,5635,卖盘
1620,13:13:45,11.29,--,76,85804,买盘
1621,13:13:42,11.29,0.01,119,134351,买盘
1622,13:13:36,11.28,--,3,3384,买盘
1623,13:13:30,11.28,0.01,7,7896,买盘
1624,13:13:27,11.27,-0.01,119,134113,卖盘
1625,13:13:24,11.28,--,30,33840,买盘
1626,13:13:21,11.28,--,1,1128,买盘
1627,13:13:18,11.28,0.01,30,33840,买盘
1628,13:13:12,11.27,-0.01,20,22540,卖盘
1629,13:13:09,11.28,--,9,10152,买盘
1630,13:13:06,11.28,--,3,3384,买盘
1631,13:13:03,11.28,--,5,5640,买盘
1632,13:13:00,11.28,0.01,30,33840,买盘
1633,13:12:57,11.27,--,18,20286,卖盘
1634,13:12:54,11.27,-0.01,8,9016,卖盘
1635,13:12:51,11.28,--,34,38352,买盘
1636,13:12:45,11.28,--,1,1128,买盘
1637,13:12:42,11.28,0.01,1,1128,买盘
1638,13:12:39,11.27,--,56,63112,卖盘
1639,13:12:27,11.27,-0.01,19,21413,卖盘
1640,13:12:21,11.28,0.01,1,1128,买盘
1641,13:12:18,11.27,-0.01,59,66493,卖盘
1642,13:12:12,11.28,--,4,4512,买盘
1643,13:12:09,11.28,--,1,1128,买盘
1644,13:12:06,11.28,--,9,10152,买盘
1645,13:12:03,11.28,0.01,55,62040,买盘
1646,13:12:00,11.27,--,21,24343,卖盘
1647,13:11:57,11.27,-0.01,29,32683,卖盘
1648,13:11:54,11.28,0.01,31,34968,买盘
1649,13:11:51,11.27,-0.01,49,55223,卖盘
1650,13:11:48,11.28,0.01,1,1128,买盘
1651,13:11:45,11.27,-0.01,56,63112,卖盘
1652,13:11:42,11.28,--,47,53016,买盘
1653,13:11:36,11.28,0.01,1,1128,买盘
1654,13:11:33,11.27,-0.01,10,11270,卖盘
1655,13:11:30,11.28,0.01,29,32711,买盘
1656,13:11:27,11.27,--,84,94668,卖盘
1657,13:11:24,11.27,-0.01,6,6762,卖盘
1658,13:11:21,11.28,--,2,2256,买盘
1659,13:11:18,11.28,0.01,1,1128,买盘
1660,13:11:12,11.27,-0.01,100,112700,卖盘
1661,13:11:06,11.28,0.01,12,13536,买盘
1662,13:11:03,11.27,-0.01,41,46207,卖盘
1663,13:11:00,11.28,0.01,232,261695,买盘
1664,13:10:57,11.27,-0.01,23,25921,卖盘
1665,13:10:51,11.28,--,75,84600,买盘
1666,13:10:48,11.28,--,58,65423,买盘
1667,13:10:42,11.28,0.01,1,1128,买盘
1668,13:10:39,11.27,--,29,32683,卖盘
1669,13:10:36,11.27,-0.01,2,2254,卖盘
1670,13:10:33,11.28,--,87,98136,买盘
1671,13:10:30,11.28,0.01,18,20304,买盘
1672,13:10:27,11.27,-0.01,20,22540,卖盘
1673,13:10:24,11.28,--,1,1128,买盘
1674,13:10:21,11.28,--,194,218832,买盘
1675,13:10:18,11.28,0.01,74,83472,买盘
1676,13:10:15,11.27,--,6,6762,卖盘
1677,13:10:09,11.27,-0.01,202,227654,卖盘
1678,13:10:06,11.28,--,5,5640,买盘
1679,13:10:03,11.28,--,5,5640,买盘
1680,13:10:00,11.28,--,4,4512,买盘
1681,13:09:57,11.28,--,23,25944,买盘
1682,13:09:54,11.28,--,10,11280,买盘
1683,13:09:51,11.28,0.01,2,2256,买盘
1684,13:09:48,11.27,-0.01,10,11270,卖盘
1685,13:09:45,11.28,--,2,2256,买盘
1686,13:09:42,11.28,0.01,3,3384,买盘
1687,13:09:36,11.27,--,36,40572,卖盘
1688,13:09:30,11.27,-0.01,3,3381,卖盘
1689,13:09:27,11.28,--,30,33840,买盘
1690,13:09:21,11.28,--,9,10152,买盘
1691,13:09:15,11.28,--,2,2256,买盘
1692,13:09:12,11.28,--,34,38352,买盘
1693,13:09:09,11.28,--,9,10152,买盘
1694,13:09:06,11.28,--,35,39480,买盘
1695,13:09:03,11.28,--,12,13536,买盘
1696,13:09:00,11.28,0.01,4,4512,买盘
1697,13:08:57,11.27,-0.01,18,20286,卖盘
1698,13:08:54,11.28,0.01,5,5640,买盘
1699,13:08:42,11.27,--,8,9016,卖盘
1700,13:08:36,11.27,-0.01,9,10143,卖盘
1701,13:08:33,11.28,-0.01,30,33840,卖盘
1702,13:08:30,11.29,0.02,46,51933,买盘
1703,13:08:27,11.27,-0.02,19,21413,卖盘
1704,13:08:21,11.29,0.02,2,2258,买盘
1705,13:08:18,11.27,--,6,6762,卖盘
1706,13:08:09,11.27,--,30,33810,卖盘
1707,13:08:06,11.27,-0.02,51,57477,卖盘
1708,13:08:03,11.29,0.02,1,1129,买盘
1709,13:07:57,11.27,-0.02,26,29302,卖盘
1710,13:07:54,11.29,--,5,5645,买盘
1711,13:07:42,11.29,--,3,3386,买盘
1712,13:07:36,11.29,--,10,11290,买盘
1713,13:07:33,11.29,0.02,6,6773,买盘
1714,13:07:30,11.27,--,3,3381,卖盘
1715,13:07:27,11.27,-0.01,132,148764,卖盘
1716,13:07:24,11.28,--,25,28200,买盘
1717,13:07:21,11.28,--,1,1128,买盘
1718,13:07:18,11.28,0.01,6,6768,买盘
1719,13:07:06,11.27,--,2,2254,卖盘
1720,13:07:03,11.27,-0.01,46,51842,卖盘
1721,13:07:00,11.28,--,30,33840,买盘
1722,13:06:57,11.28,--,24,27072,买盘
1723,13:06:51,11.28,0.01,6,6768,买盘
1724,13:06:45,11.27,-0.01,17,19159,卖盘
1725,13:06:42,11.28,--,1,1128,买盘
1726,13:06:39,11.28,0.01,3,3384,买盘
1727,13:06:36,11.27,--,20,22540,卖盘
1728,13:06:30,11.27,--,9,10143,卖盘
1729,13:06:27,11.27,-0.01,29,32683,卖盘
1730,13:06:24,11.28,--,1,1128,买盘
1731,13:06:21,11.28,--,1,1128,买盘
1732,13:06:18,11.28,0.01,5,5640,买盘
1733,13:06:15,11.27,--,29,32683,卖盘
1734,13:06:12,11.27,--,81,91287,卖盘
1735,13:06:09,11.27,-0.01,15,16905,卖盘
1736,13:06:06,11.28,--,2,2256,买盘
1737,13:06:03,11.28,0.01,6,6768,买盘
1738,13:05:57,11.27,-0.01,67,75509,卖盘
1739,13:05:54,11.28,--,36,40608,买盘
1740,13:05:51,11.28,0.01,8,9024,中性盘
1741,13:05:48,11.27,-0.02,52,58604,卖盘
1742,13:05:45,11.29,0.01,51,57578,买盘
1743,13:05:42,11.28,0.01,5,5640,中性盘
1744,13:05:39,11.27,-0.01,171,192717,卖盘
1745,13:05:36,11.28,-0.01,4,4512,卖盘
1746,13:05:33,11.29,0.01,37,41773,买盘
1747,13:05:30,11.28,--,40,45120,卖盘
1748,13:05:27,11.28,--,50,56400,卖盘
1749,13:05:24,11.28,--,20,22560,卖盘
1750,13:05:21,11.28,-0.01,23,25944,卖盘
1751,13:05:12,11.29,--,1,1129,买盘
1752,13:05:03,11.29,0.01,5,5645,买盘
1753,13:05:00,11.28,-0.01,43,48504,卖盘
1754,13:04:57,11.29,0.01,1,1129,买盘
1755,13:04:51,11.28,--,26,29328,卖盘
1756,13:04:48,11.28,--,1,1128,卖盘
1757,13:04:45,11.28,-0.01,11,12408,卖盘
1758,13:04:42,11.29,--,7,7902,买盘
1759,13:04:39,11.29,--,2,2258,买盘
1760,13:04:36,11.29,0.02,11,12418,买盘
1761,13:04:33,11.27,-0.02,26,29302,卖盘
1762,13:04:30,11.29,0.01,100,112899,买盘
1763,13:04:27,11.28,-0.01,139,157807,卖盘
1764,13:04:21,11.29,0.01,1,1129,买盘
1765,13:04:15,11.28,--,9,10152,卖盘
1766,13:04:12,11.28,-0.01,10,11280,卖盘
1767,13:04:03,11.29,0.01,25,28224,买盘
1768,13:03:57,11.28,--,19,21432,卖盘
1769,13:03:54,11.28,-0.01,5,5640,卖盘
1770,13:03:51,11.29,--,19,21451,买盘
1771,13:03:48,11.29,--,3,3386,买盘
1772,13:03:42,11.29,0.01,78,88062,买盘
1773,13:03:39,11.28,--,6,6768,卖盘
1774,13:03:33,11.28,-0.01,11,12408,卖盘
1775,13:03:30,11.29,--,15,16935,买盘
1776,13:03:27,11.29,--,20,22580,买盘
1777,13:03:21,11.29,0.01,1,1129,买盘
1778,13:03:18,11.28,-0.01,5,5640,卖盘
1779,13:03:15,11.29,0.01,21,23709,买盘
1780,13:03:12,11.28,--,72,81216,卖盘
1781,13:03:09,11.28,-0.01,301,339528,卖盘
1782,13:03:06,11.29,0.01,1,1129,买盘
1783,13:03:03,11.28,-0.01,5,5640,卖盘
1784,13:02:54,11.29,0.01,6,6773,买盘
1785,13:02:48,11.28,-0.01,11,12408,卖盘
1786,13:02:42,11.29,0.01,1,1129,买盘
1787,13:02:33,11.28,--,2,2256,卖盘
1788,13:02:30,11.28,-0.01,6,6768,卖盘
1789,13:02:27,11.29,0.01,54,60965,买盘
1790,13:02:24,11.28,-0.01,25,28200,卖盘
1791,13:02:21,11.29,--,31,34999,买盘
1792,13:02:03,11.29,0.01,2,2258,买盘
1793,13:02:00,11.28,--,200,225600,卖盘
1794,13:01:54,11.28,--,10,11280,卖盘
1795,13:01:51,11.28,--,2,2368,卖盘
1796,13:01:48,11.28,-0.01,41,46248,卖盘
1797,13:01:45,11.29,--,404,456115,买盘
1798,13:01:42,11.29,0.01,1,1129,买盘
1799,13:01:36,11.28,--,2,2256,卖盘
1800,13:01:30,11.28,--,11,12408,卖盘
1801,13:01:24,11.28,-0.01,30,33840,卖盘
1802,13:01:21,11.29,--,13,14676,买盘
1803,13:01:12,11.29,0.01,1,1129,买盘
1804,13:01:06,11.28,-0.01,10,11280,卖盘
1805,13:01:03,11.29,0.01,1,1129,买盘
1806,13:00:54,11.28,-0.01,12,13536,卖盘
1807,13:00:51,11.29,0.01,1,1129,买盘
1808,13:00:45,11.28,-0.01,11,12408,卖盘
1809,13:00:42,11.29,0.01,1,1129,买盘
1810,13:00:39,11.28,-0.01,6,6768,卖盘
1811,13:00:36,11.29,0.01,18,20322,买盘
1812,13:00:33,11.28,-0.01,11,12408,卖盘
1813,13:00:30,11.29,--,5,5645,买盘
1814,13:00:24,11.29,--,14,15805,买盘
1815,13:00:21,11.29,--,1,1129,买盘
1816,13:00:18,11.29,0.01,34,38386,买盘
1817,13:00:12,11.28,--,11,12408,卖盘
1818,13:00:09,11.28,-0.01,43,48504,卖盘
1819,13:00:06,11.29,--,157,177253,买盘
1820,13:00:03,11.29,--,467,527243,买盘
1821,13:00:00,11.29,--,324,366902,卖盘
1822,11:30:00,11.29,--,0,0,卖盘
1823,11:29:45,11.29,-0.01,111,125318,卖盘
1824,11:29:42,11.3,0.01,1,1130,买盘
1825,11:29:36,11.29,-0.01,15,16935,卖盘
1826,11:29:30,11.3,0.01,6,6780,买盘
1827,11:29:24,11.29,-0.01,11,12418,卖盘
1828,11:29:21,11.3,--,1,1130,买盘
1829,11:29:18,11.3,--,6,6780,买盘
1830,11:29:12,11.3,0.01,36,40680,买盘
1831,11:29:09,11.29,--,10,11290,卖盘
1832,11:29:03,11.29,-0.01,31,35021,卖盘
1833,11:28:54,11.3,0.01,2,2260,买盘
1834,11:28:51,11.29,--,2,2258,卖盘
1835,11:28:48,11.29,-0.01,3,3386,卖盘
1836,11:28:42,11.3,--,1,1130,买盘
1837,11:28:33,11.3,--,1,1130,买盘
1838,11:28:30,11.3,0.01,106,119780,买盘
1839,11:28:27,11.29,-0.01,1,1129,卖盘
1840,11:28:21,11.3,0.01,5,5650,买盘
1841,11:28:18,11.29,--,3,3386,卖盘
1842,11:28:12,11.29,-0.01,51,57578,卖盘
1843,11:28:09,11.3,0.01,50,56500,买盘
1844,11:28:06,11.29,-0.01,11,12418,卖盘
1845,11:28:03,11.3,--,3,3390,买盘
1846,11:27:54,11.3,--,50,56500,买盘
1847,11:27:51,11.3,0.01,1,1130,买盘
1848,11:27:48,11.29,-0.01,805,908844,卖盘
1849,11:27:45,11.3,--,27,30510,买盘
1850,11:27:42,11.3,0.01,1,1130,买盘
1851,11:27:36,11.29,-0.01,20,22580,卖盘
1852,11:27:30,11.3,0.01,5,5650,买盘
1853,11:27:24,11.29,--,11,12418,卖盘
1854,11:27:21,11.29,-0.01,7,7902,卖盘
1855,11:27:15,11.3,--,72,81360,买盘
1856,11:27:09,11.3,0.01,1,1130,买盘
1857,11:27:06,11.29,-0.01,371,418858,卖盘
1858,11:27:03,11.3,--,13,14690,买盘
1859,11:26:54,11.3,0.01,27,30510,买盘
1860,11:26:45,11.29,-0.01,10,11290,卖盘
1861,11:26:42,11.3,0.01,1,1130,买盘
1862,11:26:39,11.29,-0.01,17,19193,卖盘
1863,11:26:33,11.3,--,1,1130,买盘
1864,11:26:30,11.3,0.01,5,5650,买盘
1865,11:26:27,11.29,--,1,1129,卖盘
1866,11:26:24,11.29,-0.01,12,13547,卖盘
1867,11:26:21,11.3,--,21,23730,买盘
1868,11:26:18,11.3,0.01,1,1130,买盘
1869,11:26:12,11.29,--,6,6773,卖盘
1870,11:26:09,11.29,--,96,108383,卖盘
1871,11:26:03,11.29,--,6,6773,卖盘
1872,11:26:00,11.29,-0.01,112,126447,卖盘
1873,11:25:57,11.3,0.01,4,4520,买盘
1874,11:25:54,11.29,--,53,59836,卖盘
1875,11:25:51,11.29,-0.01,9,10161,卖盘
1876,11:25:48,11.3,0.01,389,439570,买盘
1877,11:25:45,11.29,-0.01,41,46289,卖盘
1878,11:25:42,11.3,0.01,8,9040,买盘
1879,11:25:39,11.29,--,1,1129,卖盘
1880,11:25:36,11.29,-0.01,30,33870,卖盘
1881,11:25:33,11.3,0.01,1,1130,买盘
1882,11:25:30,11.29,--,18,20322,卖盘
1883,11:25:27,11.29,-0.01,2,2258,卖盘
1884,11:25:24,11.3,--,1,1130,买盘
1885,11:25:21,11.3,0.01,2,2260,买盘
1886,11:25:15,11.29,-0.01,11,12418,卖盘
1887,11:25:09,11.3,0.01,85,96050,买盘
1888,11:25:06,11.29,-0.01,4,4516,卖盘
1889,11:25:03,11.3,--,3,3390,买盘
1890,11:25:00,11.3,0.01,8,9040,买盘
1891,11:24:57,11.29,-0.01,11,12418,卖盘
1892,11:24:54,11.3,--,1,1130,买盘
1893,11:24:48,11.3,--,2,2260,买盘
1894,11:24:45,11.3,0.01,28,31640,买盘
1895,11:24:42,11.29,--,4,4516,卖盘
1896,11:24:39,11.29,--,1,1129,卖盘
1897,11:24:36,11.29,-0.01,88,99351,卖盘
1898,11:24:33,11.3,--,34,38420,买盘
1899,11:24:30,11.3,--,6,6780,买盘
1900,11:24:24,11.3,--,36,40680,买盘
1901,11:24:21,11.3,0.01,1,1130,买盘
1902,11:24:18,11.29,-0.01,16,18064,卖盘
1903,11:24:15,11.3,0.01,44,49720,买盘
1904,11:24:12,11.29,-0.01,10,11290,卖盘
1905,11:24:09,11.3,--,3,3390,买盘
1906,11:24:06,11.3,--,16,18080,买盘
1907,11:24:03,11.3,0.01,57,64410,买盘
1908,11:24:00,11.29,--,6,6773,卖盘
1909,11:23:57,11.29,-0.01,133,150157,卖盘
1910,11:23:54,11.3,0.01,73,82490,买盘
1911,11:23:48,11.29,-0.01,26,29353,卖盘
1912,11:23:42,11.3,0.01,1,1130,买盘
1913,11:23:39,11.29,-0.01,8,9032,卖盘
1914,11:23:30,11.3,--,5,5650,买盘
1915,11:23:27,11.3,--,2,2260,买盘
1916,11:23:21,11.3,--,21,23730,买盘
1917,11:23:18,11.3,0.01,80,90400,买盘
1918,11:23:15,11.29,-0.01,6,6773,卖盘
1919,11:23:12,11.3,0.01,15,16950,买盘
1920,11:23:09,11.29,-0.01,11,12418,卖盘
1921,11:23:03,11.3,--,3,3390,买盘
1922,11:23:00,11.3,--,1,1130,买盘
1923,11:22:54,11.3,--,38,42940,买盘
1924,11:22:51,11.3,0.01,3,3390,买盘
1925,11:22:48,11.29,--,11,12418,卖盘
1926,11:22:42,11.29,-0.01,16,18064,卖盘
1927,11:22:39,11.3,--,100,113000,买盘
1928,11:22:33,11.3,0.01,2,2260,买盘
1929,11:22:30,11.29,-0.01,6,6773,卖盘
1930,11:22:27,11.3,--,1,1130,买盘
1931,11:22:24,11.3,--,16,18080,买盘
1932,11:22:21,11.3,0.01,13,14690,买盘
1933,11:22:12,11.29,-0.01,347,391762,卖盘
1934,11:22:09,11.3,0.01,1,1130,买盘
1935,11:22:06,11.29,--,3,3386,卖盘
1936,11:22:03,11.29,--,3,3386,卖盘
1937,11:22:00,11.29,--,2,2258,卖盘
1938,11:21:54,11.29,-0.01,5,5645,卖盘
1939,11:21:51,11.3,--,21,23730,买盘
1940,11:21:48,11.3,--,1,1130,买盘
1941,11:21:42,11.3,0.01,1,1130,买盘
1942,11:21:39,11.29,--,10,11290,卖盘
1943,11:21:33,11.29,-0.01,1,1129,卖盘
1944,11:21:30,11.3,--,11,12430,买盘
1945,11:21:24,11.3,--,1,1130,买盘
1946,11:21:21,11.3,--,1,1130,买盘
1947,11:21:18,11.3,--,2,2260,买盘
1948,11:21:03,11.3,--,2,2260,买盘
1949,11:21:00,11.3,0.01,105,118650,买盘
1950,11:20:57,11.29,-0.01,11,12418,卖盘
1951,11:20:54,11.3,--,1,1130,买盘
1952,11:20:45,11.3,--,15,16950,买盘
1953,11:20:42,11.3,--,19,21470,买盘
1954,11:20:39,11.3,--,12,13560,买盘
1955,11:20:30,11.3,0.01,5,5650,买盘
1956,11:20:27,11.29,--,1,1129,卖盘
1957,11:20:24,11.29,-0.01,6,6773,卖盘
1958,11:20:21,11.3,--,1,1130,买盘
1959,11:20:18,11.3,--,12,13560,买盘
1960,11:20:15,11.3,0.01,7,7910,买盘
1961,11:20:12,11.29,-0.01,9,10161,卖盘
1962,11:20:09,11.3,0.01,68,76840,买盘
1963,11:20:06,11.29,-0.01,9,10161,卖盘
1964,11:20:03,11.3,0.01,1,1130,买盘
1965,11:19:57,11.29,--,11,12418,卖盘
1966,11:19:54,11.29,-0.01,18,20322,卖盘
1967,11:19:45,11.3,0.01,12,13560,买盘
1968,11:19:42,11.29,--,4,4516,卖盘
1969,11:19:39,11.29,-0.01,3,3386,卖盘
1970,11:19:33,11.3,--,12,13560,买盘
1971,11:19:30,11.3,0.01,7,7910,买盘
1972,11:19:24,11.29,-0.01,9,10161,卖盘
1973,11:19:21,11.3,0.01,4,4520,买盘
1974,11:19:09,11.29,-0.01,18,20322,卖盘
1975,11:19:03,11.3,--,3,3390,买盘
1976,11:19:00,11.3,0.01,10,11300,买盘
1977,11:18:57,11.29,-0.01,111,125318,卖盘
1978,11:18:54,11.3,--,91,102830,买盘
1979,11:18:48,11.3,0.01,12,13560,买盘
1980,11:18:45,11.29,-0.01,9,10161,卖盘
1981,11:18:42,11.3,--,1,1130,买盘
1982,11:18:39,11.3,--,19,21470,买盘
1983,11:18:33,11.3,--,23,25990,买盘
1984,11:18:30,11.3,0.01,15,16950,买盘
1985,11:18:27,11.29,-0.01,9,10161,卖盘
1986,11:18:24,11.3,0.01,1,1130,买盘
1987,11:18:21,11.29,--,5,5645,卖盘
1988,11:18:18,11.29,--,34,38386,卖盘
1989,11:18:12,11.29,--,11,12418,卖盘
1990,11:18:09,11.29,--,20,22580,卖盘
1991,11:18:06,11.29,-0.01,6,6773,卖盘
1992,11:18:03,11.3,0.01,17,19210,买盘
1993,11:18:00,11.29,-0.01,3,3386,卖盘
1994,11:17:57,11.3,--,9,10170,买盘
1995,11:17:54,11.3,0.01,11,12430,买盘
1996,11:17:51,11.29,-0.01,12,13547,卖盘
1997,11:17:45,11.3,--,1,1130,买盘
1998,11:17:42,11.3,--,7,7910,买盘
1999,11:17:39,11.3,--,3,3390,买盘
2000,11:17:36,11.3,--,6,6780,买盘
2001,11:17:30,11.3,0.01,17,19210,买盘
2002,11:17:27,11.29,-0.01,10,11290,卖盘
2003,11:17:21,11.3,--,2,2260,买盘
2004,11:17:18,11.3,--,21,23730,买盘
2005,11:17:15,11.3,--,127,143510,买盘
2006,11:17:12,11.3,--,37,41810,买盘
2007,11:17:09,11.3,--,57,64410,买盘
2008,11:17:03,11.3,--,5,5650,买盘
2009,11:17:00,11.3,--,5,5650,买盘
2010,11:16:54,11.3,--,8,9040,买盘
2011,11:16:48,11.3,0.01,4,4520,买盘
2012,11:16:45,11.29,-0.01,26,29353,卖盘
2013,11:16:42,11.3,0.01,1,1130,买盘
2014,11:16:36,11.29,-0.01,6,6773,卖盘
2015,11:16:33,11.3,--,1,1130,买盘
2016,11:16:30,11.3,0.01,10,11300,买盘
2017,11:16:27,11.29,--,3,3386,卖盘
2018,11:16:24,11.29,-0.01,18,20322,卖盘
2019,11:16:21,11.3,--,16,18080,买盘
2020,11:16:09,11.3,0.01,6,6780,买盘
2021,11:16:06,11.29,-0.01,90,101609,卖盘
2022,11:16:03,11.3,--,1,1130,买盘
2023,11:16:00,11.3,0.01,1,1130,买盘
2024,11:15:57,11.29,--,10,11290,卖盘
2025,11:15:54,11.29,-0.01,4,4516,中性盘
2026,11:15:51,11.3,--,15,16950,买盘
2027,11:15:48,11.3,0.01,7,7910,买盘
2028,11:15:42,11.29,-0.01,2,2258,卖盘
2029,11:15:39,11.3,--,18,20340,买盘
2030,11:15:33,11.3,--,131,148030,买盘
2031,11:15:30,11.3,--,5,5650,买盘
2032,11:15:24,11.3,--,102,115260,买盘
2033,11:15:21,11.3,--,1,1130,买盘
2034,11:15:15,11.3,0.01,68,76840,买盘
2035,11:15:09,11.29,--,5,5645,买盘
2036,11:15:03,11.29,--,4,4516,买盘
2037,11:15:00,11.29,--,73,82417,卖盘
2038,11:14:57,11.29,-0.01,11,12418,卖盘
2039,11:14:54,11.3,0.01,1,1130,买盘
2040,11:14:51,11.29,-0.01,20,22580,卖盘
2041,11:14:48,11.3,--,20,22600,买盘
2042,11:14:42,11.3,--,12,13560,买盘
2043,11:14:39,11.3,0.01,1,1130,买盘
2044,11:14:36,11.29,-0.01,10,11290,卖盘
2045,11:14:33,11.3,--,5,5650,买盘
2046,11:14:30,11.3,0.01,5,5650,买盘
2047,11:14:27,11.29,-0.01,3,3386,卖盘
2048,11:14:24,11.3,--,8,9040,买盘
2049,11:14:21,11.3,--,1,1130,买盘
2050,11:14:18,11.3,--,69,77970,买盘
2051,11:14:15,11.3,--,1,1130,买盘
2052,11:14:09,11.3,--,16,18080,买盘
2053,11:14:06,11.3,0.01,3,3390,买盘
2054,11:14:03,11.29,--,10,11290,卖盘
2055,11:14:00,11.29,-0.01,1,1129,卖盘
2056,11:13:54,11.3,--,2,2260,买盘
2057,11:13:51,11.3,--,3,3390,买盘
2058,11:13:42,11.3,--,13,14690,买盘
2059,11:13:39,11.3,0.01,2,2260,买盘
2060,11:13:36,11.29,-0.01,8,9032,卖盘
2061,11:13:33,11.3,--,1,1130,买盘
2062,11:13:30,11.3,0.02,5,5650,买盘
2063,11:13:27,11.28,-0.01,6,6768,卖盘
2064,11:13:24,11.29,-0.01,1,1129,卖盘
2065,11:13:21,11.3,--,2,2260,买盘
2066,11:13:18,11.3,0.01,2,2260,买盘
2067,11:13:15,11.29,--,3,3386,买盘
2068,11:13:12,11.29,--,13,14676,买盘
2069,11:13:09,11.29,-0.01,1,1129,买盘
2070,11:13:03,11.3,0.01,112,126560,买盘
2071,11:13:00,11.29,--,65,73385,买盘
2072,11:12:54,11.29,--,1,1129,买盘
2073,11:12:48,11.29,--,15,16935,买盘
2074,11:12:42,11.29,0.01,11,12418,买盘
2075,11:12:36,11.28,-0.01,11,12408,卖盘
2076,11:12:33,11.29,--,3,3386,买盘
2077,11:12:27,11.29,0.01,1,1129,买盘
2078,11:12:24,11.28,-0.02,111,125208,卖盘
2079,11:12:21,11.3,0.01,1,1130,买盘
2080,11:12:18,11.29,-0.01,9,10161,卖盘
2081,11:12:15,11.3,0.02,16,18080,买盘
2082,11:12:12,11.28,-0.02,7,7896,卖盘
2083,11:12:03,11.3,--,8,9040,买盘
2084,11:11:54,11.3,--,2,2260,买盘
2085,11:11:48,11.3,0.01,110,124300,买盘
2086,11:11:42,11.29,--,1,1129,买盘
2087,11:11:39,11.29,--,1,1129,买盘
2088,11:11:36,11.29,--,11,12418,买盘
2089,11:11:30,11.29,--,5,5645,买盘
2090,11:11:24,11.29,--,200,225799,买盘
2091,11:11:21,11.29,--,1,1129,买盘
2092,11:11:18,11.29,--,577,651433,卖盘
2093,11:11:12,11.29,--,32,36128,卖盘
2094,11:11:06,11.29,-0.01,6,6773,卖盘
2095,11:11:03,11.3,0.01,1,1130,买盘
2096,11:11:00,11.29,-0.01,3,3386,卖盘
2097,11:10:57,11.3,--,42,47460,买盘
2098,11:10:54,11.3,0.01,2,2260,买盘
2099,11:10:45,11.29,-0.01,2,2258,卖盘
2100,11:10:42,11.3,--,2,2260,买盘
2101,11:10:39,11.3,0.01,5,5650,买盘
2102,11:10:36,11.29,-0.01,1,1129,卖盘
2103,11:10:33,11.3,0.01,46,51980,买盘
2104,11:10:30,11.29,-0.01,3,3386,卖盘
2105,11:10:24,11.3,--,182,205660,买盘
2106,11:10:21,11.3,0.01,20,22600,买盘
2107,11:10:18,11.29,--,10,11290,卖盘
2108,11:10:09,11.29,-0.01,49,55320,卖盘
2109,11:10:06,11.3,--,2,2260,买盘
2110,11:10:03,11.3,0.01,1,1130,买盘
2111,11:10:00,11.29,--,6,6773,卖盘
2112,11:09:54,11.29,0.01,62,69998,买盘
2113,11:09:51,11.28,-0.01,10,11280,卖盘
2114,11:09:48,11.29,--,1,1129,买盘
2115,11:09:42,11.29,--,36,40644,买盘
2116,11:09:36,11.29,--,30,33870,买盘
2117,11:09:33,11.29,--,12,13547,买盘
2118,11:09:30,11.29,--,5,5645,买盘
2119,11:09:27,11.29,--,15,16935,买盘
2120,11:09:24,11.29,--,20,22580,买盘
2121,11:09:21,11.29,0.01,4,4516,买盘
2122,11:09:18,11.28,--,7,7896,卖盘
2123,11:09:12,11.28,-0.01,12,13536,卖盘
2124,11:09:03,11.29,--,6,6773,买盘
2125,11:09:00,11.29,-0.01,609,687561,卖盘
2126,11:08:57,11.3,--,1,1130,买盘
2127,11:08:54,11.3,--,85,96050,买盘
2128,11:08:51,11.3,0.01,17,19210,买盘
2129,11:08:48,11.29,--,51,57578,卖盘
2130,11:08:45,11.29,-0.01,44,49675,卖盘
2131,11:08:42,11.3,--,2,2260,买盘
2132,11:08:39,11.3,0.01,1,1130,买盘
2133,11:08:33,11.29,--,11,12418,卖盘
2134,11:08:30,11.29,--,1,1129,卖盘
2135,11:08:27,11.29,-0.01,33,37257,卖盘
2136,11:08:24,11.3,--,35,39550,买盘
2137,11:08:21,11.3,--,5,5650,买盘
2138,11:08:18,11.3,0.01,3,3390,买盘
2139,11:08:15,11.29,--,14,15805,卖盘
2140,11:08:12,11.29,--,3,3386,卖盘
2141,11:08:06,11.29,-0.01,3,3386,卖盘
2142,11:08:03,11.3,0.01,1,1130,买盘
2143,11:08:00,11.29,--,7,7902,卖盘
2144,11:07:54,11.29,--,58,65481,卖盘
2145,11:07:51,11.29,--,50,56449,卖盘
2146,11:07:45,11.29,--,3,3386,卖盘
2147,11:07:42,11.29,--,22,24837,卖盘
2148,11:07:39,11.29,--,11,12418,卖盘
2149,11:07:36,11.29,-0.01,12,13547,卖盘
2150,11:07:33,11.3,--,1,1130,买盘
2151,11:07:30,11.3,--,20,22600,买盘
2152,11:07:24,11.3,--,4,4520,买盘
2153,11:07:21,11.3,--,42,47460,买盘
2154,11:07:18,11.3,0.01,5,5650,买盘
2155,11:07:15,11.29,-0.01,8,9032,卖盘
2156,11:07:12,11.3,--,127,143510,买盘
2157,11:07:09,11.3,--,1,1130,买盘
2158,11:07:06,11.3,--,33,37290,买盘
2159,11:07:03,11.3,--,136,153680,买盘
2160,11:06:57,11.3,--,20,22600,买盘
2161,11:06:54,11.3,0.01,11,12430,买盘
2162,11:06:51,11.29,-0.01,10,11290,卖盘
2163,11:06:48,11.3,--,12,13560,买盘
2164,11:06:42,11.3,0.01,1,1130,买盘
2165,11:06:39,11.29,--,24,27095,卖盘
2166,11:06:36,11.29,--,1101,1243029,卖盘
2167,11:06:33,11.29,-0.01,16,18064,卖盘
2168,11:06:27,11.3,--,39,44070,买盘
2169,11:06:24,11.3,--,1,1130,买盘
2170,11:06:21,11.3,--,4,4520,买盘
2171,11:06:18,11.3,0.01,32,36160,买盘
2172,11:06:15,11.29,-0.01,11,12418,卖盘
2173,11:06:09,11.3,--,10,11300,买盘
2174,11:06:06,11.3,--,30,33900,买盘
2175,11:06:03,11.3,--,12,13560,买盘
2176,11:06:00,11.3,--,10,11300,买盘
2177,11:05:57,11.3,--,197,222610,买盘
2178,11:05:45,11.3,--,10,11300,买盘
2179,11:05:42,11.3,--,38,42940,买盘
2180,11:05:39,11.3,--,42,47460,买盘
2181,11:05:33,11.3,--,39,44070,买盘
2182,11:05:30,11.3,--,35,39550,买盘
2183,11:05:24,11.3,--,2,2260,买盘
2184,11:05:21,11.3,--,10,11300,买盘
2185,11:05:18,11.3,--,1,1130,买盘
2186,11:05:09,11.3,--,36,40680,买盘
2187,11:05:03,11.3,--,3,3390,买盘
2188,11:05:00,11.3,--,2,2260,买盘
2189,11:04:54,11.3,--,27,30510,买盘
2190,11:04:51,11.3,--,1,1130,买盘
2191,11:04:48,11.3,--,27,30510,买盘
2192,11:04:45,11.3,--,20,22600,买盘
2193,11:04:42,11.3,--,1,1130,买盘
2194,11:04:36,11.3,-0.01,77,87914,卖盘
2195,11:04:33,11.31,0.01,7,7917,买盘
2196,11:04:30,11.3,--,39,44296,买盘
2197,11:04:24,11.3,--,28,31640,买盘
2198,11:04:21,11.3,--,4,4520,买盘
2199,11:04:18,11.3,--,744,840720,买盘
2200,11:04:15,11.3,--,1,1130,买盘
2201,11:04:12,11.3,0.01,46,51980,买盘
2202,11:04:09,11.29,-0.01,7,7902,卖盘
2203,11:04:06,11.3,--,19,21470,买盘
2204,11:04:03,11.3,--,28,31640,买盘
2205,11:03:48,11.3,--,37,41810,买盘
2206,11:03:42,11.3,--,1,1130,买盘
2207,11:03:39,11.3,0.01,1,1130,买盘
2208,11:03:30,11.29,-0.01,43,48546,卖盘
2209,11:03:27,11.3,--,60,67800,买盘
2210,11:03:24,11.3,--,1,1130,买盘
2211,11:03:21,11.3,--,12,13560,买盘
2212,11:03:18,11.3,0.01,16,18080,买盘
2213,11:03:15,11.29,--,9,10161,卖盘
2214,11:03:12,11.29,-0.01,11,12418,卖盘
2215,11:03:03,11.3,--,35,39550,买盘
2216,11:03:00,11.3,0.01,37,41810,买盘
2217,11:02:57,11.29,--,11,12418,卖盘
2218,11:02:51,11.29,-0.01,100,112899,卖盘
2219,11:02:42,11.3,0.01,14,15820,买盘
2220,11:02:39,11.29,--,14,15805,卖盘
2221,11:02:36,11.29,--,5,5645,卖盘
2222,11:02:33,11.29,--,1,1129,卖盘
2223,11:02:30,11.29,-0.01,4,4516,卖盘
2224,11:02:27,11.3,0.01,3,3390,买盘
2225,11:02:24,11.29,-0.01,11,12418,卖盘
2226,11:02:21,11.3,--,7,7910,买盘
2227,11:02:18,11.3,--,3,3390,买盘
2228,11:02:12,11.3,--,95,107350,买盘
2229,11:02:09,11.3,--,12,13560,买盘
2230,11:02:06,11.3,--,29,32770,买盘
2231,11:02:03,11.3,0.01,1,1130,买盘
2232,11:01:57,11.29,-0.01,6,6773,卖盘
2233,11:01:54,11.3,0.01,2,2260,买盘
2234,11:01:51,11.29,-0.01,130,146770,卖盘
2235,11:01:48,11.3,--,26,29380,买盘
2236,11:01:42,11.3,--,19,21470,买盘
2237,11:01:39,11.3,--,40,45200,买盘
2238,11:01:33,11.3,0.01,1,1130,买盘
2239,11:01:30,11.29,-0.01,11,12418,卖盘
2240,11:01:24,11.3,--,13,14690,买盘
2241,11:01:21,11.3,--,1,1130,买盘
2242,11:01:18,11.3,--,13,14690,买盘
2243,11:01:15,11.3,0.01,5,5650,买盘
2244,11:01:12,11.29,-0.01,100,112899,卖盘
2245,11:01:09,11.3,0.01,64,72320,买盘
2246,11:01:06,11.29,-0.01,12,13547,卖盘
2247,11:01:03,11.3,--,3,3390,买盘
2248,11:00:57,11.3,0.01,68,76840,买盘
2249,11:00:51,11.29,-0.01,81,91449,卖盘
2250,11:00:48,11.3,0.01,28,31640,买盘
2251,11:00:45,11.29,-0.01,10,11290,卖盘
2252,11:00:42,11.3,0.01,9,10170,买盘
2253,11:00:33,11.29,--,10,11290,卖盘
2254,11:00:27,11.29,-0.01,3,3386,卖盘
2255,11:00:24,11.3,--,1,1130,买盘
2256,11:00:21,11.3,0.01,4,4520,买盘
2257,11:00:15,11.29,--,11,12418,卖盘
2258,11:00:12,11.29,-0.01,2,2258,卖盘
2259,11:00:09,11.3,--,46,51980,买盘
2260,11:00:06,11.3,--,1,1130,买盘
2261,11:00:03,11.3,0.01,2,2260,买盘
2262,11:00:00,11.29,--,2,2258,卖盘
2263,10:59:57,11.29,--,12,13547,卖盘
2264,10:59:51,11.29,-0.01,36,40644,卖盘
2265,10:59:45,11.3,--,8,9040,买盘
2266,10:59:42,11.3,0.01,121,136730,买盘
2267,10:59:39,11.29,-0.01,14,15805,卖盘
2268,10:59:36,11.3,--,121,136730,买盘
2269,10:59:33,11.3,--,1,1130,买盘
2270,10:59:27,11.3,0.01,13,14690,买盘
2271,10:59:24,11.29,-0.01,11,12418,卖盘
2272,10:59:21,11.3,--,4,4520,买盘
2273,10:59:18,11.3,0.01,1,1130,买盘
2274,10:59:09,11.29,-0.01,50,56449,卖盘
2275,10:59:06,11.3,--,99,111870,买盘
2276,10:59:03,11.3,--,33,37290,买盘
2277,10:58:57,11.3,--,1,1130,买盘
2278,10:58:54,11.3,0.01,61,68930,买盘
2279,10:58:48,11.29,--,11,12418,卖盘
2280,10:58:45,11.29,--,2,2258,卖盘
2281,10:58:42,11.29,--,8,9032,卖盘
2282,10:58:33,11.29,-0.01,163,184027,卖盘
2283,10:58:30,11.3,--,26,29380,买盘
2284,10:58:27,11.3,--,50,56500,买盘
2285,10:58:24,11.3,--,8,9040,买盘
2286,10:58:21,11.3,0.01,5,5650,买盘
2287,10:58:15,11.29,--,9,10161,卖盘
2288,10:58:12,11.29,--,13,14676,卖盘
2289,10:58:09,11.29,--,10,11290,卖盘
2290,10:58:06,11.29,-0.01,8,9032,卖盘
2291,10:58:03,11.3,0.01,57,64410,买盘
2292,10:57:57,11.29,-0.01,54,60965,卖盘
2293,10:57:48,11.3,--,7,7910,买盘
2294,10:57:42,11.3,--,1,1130,买盘
2295,10:57:39,11.3,0.01,56,63280,买盘
2296,10:57:24,11.29,-0.01,4,4516,卖盘
2297,10:57:21,11.3,0.01,4,4520,买盘
2298,10:57:18,11.29,--,206,232573,卖盘
2299,10:57:12,11.29,-0.01,3,3386,卖盘
2300,10:57:09,11.3,--,35,39550,买盘
2301,10:57:03,11.3,--,4,4520,买盘
2302,10:56:57,11.3,--,75,84750,买盘
2303,10:56:54,11.3,--,500,565000,买盘
2304,10:56:51,11.3,--,28,31640,买盘
2305,10:56:48,11.3,0.01,42,47460,买盘
2306,10:56:45,11.29,-0.01,42,47418,卖盘
2307,10:56:42,11.3,--,56,63280,买盘
2308,10:56:39,11.3,--,5,5650,买盘
2309,10:56:36,11.3,0.01,1,1130,买盘
2310,10:56:30,11.29,-0.01,50,56449,卖盘
2311,10:56:27,11.3,-0.01,460,519946,卖盘
2312,10:56:24,11.31,--,90,101790,买盘
2313,10:56:21,11.31,--,5,5655,买盘
2314,10:56:18,11.31,--,1,1131,买盘
2315,10:56:15,11.31,0.01,31,35061,买盘
2316,10:56:12,11.3,-0.01,10,11300,卖盘
2317,10:56:09,11.31,0.01,10,11310,买盘
2318,10:56:06,11.3,-0.01,6,6780,卖盘
2319,10:56:03,11.31,--,3,3393,买盘
2320,10:56:00,11.31,0.01,70,79170,买盘
2321,10:55:57,11.3,-0.01,50,56500,卖盘
2322,10:55:54,11.31,--,1,1131,买盘
2323,10:55:48,11.31,--,25,28275,买盘
2324,10:55:45,11.31,--,25,28275,买盘
2325,10:55:42,11.31,0.01,25,28275,买盘
2326,10:55:39,11.3,-0.01,12,13560,卖盘
2327,10:55:33,11.31,0.01,58,65598,买盘
2328,10:55:30,11.3,-0.01,3,3390,卖盘
2329,10:55:24,11.31,0.01,24,27144,买盘
2330,10:55:21,11.3,-0.01,41,46330,卖盘
2331,10:55:15,11.31,--,53,59943,买盘
2332,10:55:09,11.31,--,5,5655,买盘
2333,10:55:06,11.31,--,16,18096,买盘
2334,10:55:03,11.31,0.01,3,3393,买盘
2335,10:55:00,11.3,-0.01,12,13560,卖盘
2336,10:54:57,11.31,--,28,31668,买盘
2337,10:54:51,11.31,--,1,1131,买盘
2338,10:54:48,11.31,--,1,1131,买盘
2339,10:54:42,11.31,--,76,85956,买盘
2340,10:54:39,11.31,--,10,11310,买盘
2341,10:54:36,11.31,--,28,31668,买盘
2342,10:54:24,11.31,--,7,7917,买盘
2343,10:54:21,11.31,0.01,4,4524,买盘
2344,10:54:18,11.3,-0.01,1,1130,卖盘
2345,10:54:15,11.31,--,1,1131,买盘
2346,10:54:12,11.31,0.01,10,11310,买盘
2347,10:54:09,11.3,-0.01,10,11300,卖盘
2348,10:54:03,11.31,0.01,2,2262,买盘
2349,10:54:00,11.3,--,11,12430,卖盘
2350,10:53:48,11.3,--,60,67800,卖盘
2351,10:53:45,11.3,--,251,284613,买盘
2352,10:53:42,11.3,--,558,630540,买盘
2353,10:53:39,11.3,--,2,2260,买盘
2354,10:53:36,11.3,--,50,56500,买盘
2355,10:53:33,11.3,--,200,226000,买盘
2356,10:53:27,11.3,--,90,101700,买盘
2357,10:53:24,11.3,--,40,45200,买盘
2358,10:53:21,11.3,--,30,33900,买盘
2359,10:53:18,11.3,--,1,1130,买盘
2360,10:53:12,11.3,--,5,5650,买盘
2361,10:53:06,11.3,--,1,1130,买盘
2362,10:53:03,11.3,--,42,47460,买盘
2363,10:52:54,11.3,--,24,27120,买盘
2364,10:52:45,11.3,0.01,5,5650,买盘
2365,10:52:42,11.29,--,446,503533,买盘
2366,10:52:36,11.29,0.01,47,53062,买盘
2367,10:52:33,11.28,-0.01,3,3384,卖盘
2368,10:52:30,11.29,--,40,45160,买盘
2369,10:52:27,11.29,0.01,40,45160,买盘
2370,10:52:24,11.28,-0.01,5,5640,卖盘
2371,10:52:21,11.29,--,4,4516,买盘
2372,10:52:18,11.29,--,24,27095,买盘
2373,10:52:15,11.29,--,38,42902,买盘
2374,10:52:12,11.29,--,5,5645,买盘
2375,10:52:09,11.29,--,15,16935,买盘
2376,10:52:06,11.29,--,3,3386,买盘
2377,10:52:03,11.29,--,3,3386,买盘
2378,10:52:00,11.29,--,18,20322,买盘
2379,10:51:57,11.29,-0.01,173,195316,卖盘
2380,10:51:54,11.3,--,9,10170,买盘
2381,10:51:51,11.3,--,10,11300,买盘
2382,10:51:48,11.3,--,11,12430,买盘
2383,10:51:45,11.3,--,17,19210,买盘
2384,10:51:42,11.3,0.01,49,55370,买盘
2385,10:51:39,11.29,--,608,686432,卖盘
2386,10:51:33,11.29,-0.01,6,6773,卖盘
2387,10:51:24,11.3,--,1,1130,买盘
2388,10:51:21,11.3,0.01,163,184190,买盘
2389,10:51:18,11.29,0.01,3,3386,买盘
2390,10:51:15,11.28,-0.01,11,12408,卖盘
2391,10:51:12,11.29,--,114,128705,买盘
2392,10:51:09,11.29,--,23,25966,买盘
2393,10:51:06,11.29,--,10,11290,买盘
2394,10:51:03,11.29,0.01,7,7902,买盘
2395,10:51:00,11.28,--,13,14664,卖盘
2396,10:50:57,11.28,--,2,2256,卖盘
2397,10:50:54,11.28,-0.01,5,5640,卖盘
2398,10:50:48,11.29,0.01,16,18064,买盘
2399,10:50:45,11.28,-0.01,14,15792,卖盘
2400,10:50:42,11.29,--,6,6773,买盘
2401,10:50:39,11.29,--,11,12418,买盘
2402,10:50:33,11.29,0.01,68,76772,买盘
2403,10:50:30,11.28,-0.01,23,25944,卖盘
2404,10:50:24,11.29,-0.01,476,537731,卖盘
2405,10:50:21,11.3,--,4,4520,买盘
2406,10:50:18,11.3,0.01,1,1130,买盘
2407,10:50:15,11.29,-0.01,11,12418,卖盘
2408,10:50:09,11.3,0.01,20,22600,买盘
2409,10:50:06,11.29,-0.01,10,11290,卖盘
2410,10:50:03,11.3,0.01,1,1130,买盘
2411,10:50:00,11.29,-0.01,11,12418,卖盘
2412,10:49:54,11.3,--,1,1130,买盘
2413,10:49:48,11.3,0.01,3,3390,买盘
2414,10:49:45,11.29,-0.01,11,12418,卖盘
2415,10:49:42,11.3,0.01,125,141250,买盘
2416,10:49:39,11.29,--,19,21451,卖盘
2417,10:49:33,11.29,--,13,14676,卖盘
2418,10:49:30,11.29,--,29,32740,卖盘
2419,10:49:24,11.29,-0.01,4,4516,卖盘
2420,10:49:21,11.3,0.01,4,4520,买盘
2421,10:49:18,11.29,--,32,36128,卖盘
2422,10:49:15,11.29,-0.01,34,38386,卖盘
2423,10:49:09,11.3,0.01,1,1130,买盘
2424,10:49:03,11.29,--,32,36128,卖盘
2425,10:49:00,11.29,-0.01,11,12418,卖盘
2426,10:48:57,11.3,0.01,1,1130,买盘
2427,10:48:54,11.29,-0.01,30,33870,卖盘
2428,10:48:51,11.3,--,68,76840,买盘
2429,10:48:48,11.3,0.01,101,114130,买盘
2430,10:48:45,11.29,-0.01,10,11290,卖盘
2431,10:48:42,11.3,0.01,1,1130,买盘
2432,10:48:36,11.29,-0.01,2,2258,卖盘
2433,10:48:24,11.3,--,1,1130,买盘
2434,10:48:21,11.3,0.01,6,6780,买盘
2435,10:48:18,11.29,--,10,11290,卖盘
2436,10:48:12,11.29,-0.01,6,6773,卖盘
2437,10:48:09,11.3,0.01,45,50850,买盘
2438,10:48:06,11.29,-0.01,409,461760,卖盘
2439,10:48:03,11.3,0.01,1,1130,买盘
2440,10:47:51,11.29,-0.01,45,50804,卖盘
2441,10:47:48,11.3,--,1,1130,买盘
2442,10:47:42,11.3,--,17,19210,买盘
2443,10:47:39,11.3,--,1,1130,买盘
2444,10:47:36,11.3,--,126,142380,买盘
2445,10:47:33,11.3,0.01,20,22600,买盘
2446,10:47:30,11.29,-0.01,12,13547,卖盘
2447,10:47:27,11.3,--,5,5650,买盘
2448,10:47:24,11.3,--,29,32770,买盘
2449,10:47:21,11.3,0.01,5,5650,买盘
2450,10:47:18,11.29,--,40,45160,卖盘
2451,10:47:15,11.29,-0.01,191,215638,卖盘
2452,10:47:12,11.3,0.01,101,114130,买盘
2453,10:47:09,11.29,--,7,7902,卖盘
2454,10:47:06,11.29,--,50,56449,卖盘
2455,10:47:03,11.29,--,18,20322,卖盘
2456,10:46:54,11.29,--,3,3386,卖盘
2457,10:46:51,11.29,--,9,10161,卖盘
2458,10:46:48,11.29,-0.01,12,13547,卖盘
2459,10:46:42,11.3,--,1,1130,买盘
2460,10:46:39,11.3,--,59,66670,买盘
2461,10:46:36,11.3,0.01,2,2260,买盘
2462,10:46:33,11.29,-0.01,1,1129,卖盘
2463,10:46:30,11.3,--,1,1130,买盘
2464,10:46:27,11.3,-0.01,467,528659,卖盘
2465,10:46:21,11.31,0.01,118,133458,买盘
2466,10:46:15,11.3,--,7,7910,卖盘
2467,10:46:12,11.3,-0.01,10,11300,卖盘
2468,10:46:09,11.31,--,1,1131,买盘
2469,10:46:03,11.31,--,24,27144,买盘
2470,10:46:00,11.31,0.01,9,10179,买盘
2471,10:45:57,11.3,--,16,18080,卖盘
2472,10:45:54,11.3,--,45,50850,卖盘
2473,10:45:45,11.3,-0.01,3,3390,卖盘
2474,10:45:42,11.31,0.01,2,2262,买盘
2475,10:45:36,11.3,--,4,4520,卖盘
2476,10:45:33,11.3,--,92,103960,卖盘
2477,10:45:30,11.3,--,48,54240,卖盘
2478,10:45:27,11.3,--,27,30510,卖盘
2479,10:45:24,11.3,-0.01,30,33900,卖盘
2480,10:45:21,11.31,0.01,32,36192,买盘
2481,10:45:15,11.3,--,11,12430,卖盘
2482,10:45:09,11.3,-0.01,20,22600,卖盘
2483,10:45:03,11.31,--,3,3393,买盘
2484,10:45:00,11.31,--,112,126672,买盘
2485,10:44:51,11.31,0.01,1,1131,买盘
2486,10:44:45,11.3,-0.01,6,6780,卖盘
2487,10:44:42,11.31,--,65,73515,买盘
2488,10:44:27,11.31,--,16,18096,买盘
2489,10:44:24,11.31,--,3,3393,买盘
2490,10:44:21,11.31,--,12,13572,买盘
2491,10:44:18,11.31,--,44,49764,买盘
2492,10:44:15,11.31,--,27,30537,卖盘
2493,10:44:12,11.31,--,35,39585,卖盘
2494,10:44:09,11.31,--,32,36192,卖盘
2495,10:44:06,11.31,-0.01,24,27144,卖盘
2496,10:44:03,11.32,0.01,11,12452,买盘
2497,10:43:54,11.31,--,13,14703,卖盘
2498,10:43:48,11.31,-0.01,2,2262,卖盘
2499,10:43:42,11.32,--,2,2264,买盘
2500,10:43:39,11.32,0.01,2,2264,买盘
2501,10:43:36,11.31,--,11,12441,卖盘
2502,10:43:33,11.31,-0.01,6,6786,卖盘
2503,10:43:27,11.32,--,90,101880,买盘
2504,10:43:21,11.32,0.01,39,44148,买盘
2505,10:43:18,11.31,--,339,383409,卖盘
2506,10:43:12,11.31,-0.01,500,565500,卖盘
2507,10:43:06,11.32,--,47,53204,买盘
2508,10:43:03,11.32,0.01,25,28300,买盘
2509,10:43:00,11.31,-0.01,20,22620,卖盘
2510,10:42:54,11.32,0.01,17,19244,买盘
2511,10:42:48,11.31,--,27,30537,卖盘
2512,10:42:45,11.31,-0.01,20,22620,卖盘
2513,10:42:42,11.32,--,1,1132,买盘
2514,10:42:33,11.32,--,1,1132,买盘
2515,10:42:30,11.32,--,16,18112,买盘
2516,10:42:24,11.32,--,10,11320,买盘
2517,10:42:21,11.32,--,501,567132,买盘
2518,10:42:12,11.32,--,130,147160,买盘
2519,10:42:03,11.32,0.01,1,1132,买盘
2520,10:41:57,11.31,-0.01,5,5655,卖盘
2521,10:41:54,11.32,--,23,26036,买盘
2522,10:41:51,11.32,0.01,35,39620,买盘
2523,10:41:48,11.31,-0.01,151,170781,卖盘
2524,10:41:45,11.32,--,100,113200,买盘
2525,10:41:42,11.32,--,101,114332,买盘
2526,10:41:36,11.32,--,21,23772,买盘
2527,10:41:21,11.32,--,87,98484,买盘
2528,10:41:18,11.32,--,18,20376,买盘
2529,10:41:09,11.32,0.01,24,27168,买盘
2530,10:41:06,11.31,--,6,6786,卖盘
2531,10:41:03,11.31,-0.01,24,27144,卖盘
2532,10:41:00,11.32,0.01,20,22640,买盘
2533,10:40:57,11.31,--,32,36192,卖盘
2534,10:40:45,11.31,-0.01,2,2262,卖盘
2535,10:40:42,11.32,0.01,1,1132,买盘
2536,10:40:39,11.31,-0.01,11,12441,卖盘
2537,10:40:33,11.32,0.01,54,61128,买盘
2538,10:40:30,11.31,-0.01,2,2262,卖盘
2539,10:40:21,11.32,0.01,26,29432,买盘
2540,10:40:09,11.31,-0.01,107,121017,卖盘
2541,10:40:06,11.32,--,10,11320,买盘
2542,10:40:03,11.32,--,15,16980,买盘
2543,10:40:00,11.32,--,5,5660,买盘
2544,10:39:57,11.32,--,35,39620,买盘
2545,10:39:54,11.32,--,2,2264,买盘
2546,10:39:51,11.32,--,10,11320,买盘
2547,10:39:48,11.32,--,4,4528,买盘
2548,10:39:45,11.32,--,71,80372,买盘
2549,10:39:42,11.32,--,13,14716,买盘
2550,10:39:39,11.32,--,4,4528,买盘
2551,10:39:33,11.32,0.01,24,27168,买盘
2552,10:39:30,11.31,-0.01,2,2262,卖盘
2553,10:39:27,11.32,--,32,36224,买盘
2554,10:39:24,11.32,--,15,16980,买盘
2555,10:39:21,11.32,--,46,52072,买盘
2556,10:39:18,11.32,--,69,78108,买盘
2557,10:39:12,11.32,--,215,243380,卖盘
2558,10:39:09,11.32,-0.01,87,98484,卖盘
2559,10:39:06,11.33,--,5,5665,买盘
2560,10:39:03,11.33,--,12,13596,买盘
2561,10:39:00,11.33,--,72,81576,买盘
2562,10:38:57,11.33,--,7,7931,买盘
2563,10:38:45,11.33,0.01,28,31724,买盘
2564,10:38:42,11.32,-0.01,81,91692,卖盘
2565,10:38:36,11.33,0.01,473,535909,买盘
2566,10:38:33,11.32,-0.01,4,4528,卖盘
2567,10:38:27,11.33,--,25,28325,买盘
2568,10:38:24,11.33,--,1,1133,买盘
2569,10:38:21,11.33,--,5,5665,买盘
2570,10:38:18,11.33,--,3,3399,买盘
2571,10:38:15,11.33,0.01,174,197142,买盘
2572,10:38:09,11.32,--,7,7924,卖盘
2573,10:38:03,11.32,-0.01,335,379220,卖盘
2574,10:38:00,11.33,--,2,2266,买盘
2575,10:37:57,11.33,0.01,5,5665,买盘
2576,10:37:54,11.32,--,6,6792,卖盘
2577,10:37:51,11.32,-0.01,7,7924,卖盘
2578,10:37:48,11.33,0.01,1,1133,买盘
2579,10:37:45,11.32,--,28,31696,卖盘
2580,10:37:42,11.32,--,151,170932,买盘
2581,10:37:36,11.32,--,19,21508,买盘
2582,10:37:30,11.32,--,346,391672,买盘
2583,10:37:27,11.32,--,1,1132,买盘
2584,10:37:24,11.32,--,15,16980,买盘
2585,10:37:21,11.32,--,504,570528,买盘
2586,10:37:18,11.32,--,259,293188,买盘
2587,10:37:15,11.32,--,3,3396,买盘
2588,10:37:12,11.32,--,2,2264,买盘
2589,10:37:09,11.32,--,26,29432,买盘
2590,10:37:03,11.32,--,2,2264,买盘
2591,10:36:57,11.32,--,52,58864,买盘
2592,10:36:54,11.32,--,516,584112,买盘
2593,10:36:48,11.32,--,11,12452,买盘
2594,10:36:45,11.32,--,7,7924,买盘
2595,10:36:42,11.32,--,1,1132,买盘
2596,10:36:39,11.32,--,25,28300,买盘
2597,10:36:36,11.32,--,61,69052,买盘
2598,10:36:33,11.32,--,5,5660,买盘
2599,10:36:30,11.32,0.01,56,63392,买盘
2600,10:36:24,11.31,-0.01,28,31668,卖盘
2601,10:36:21,11.32,0.01,23,26036,买盘
2602,10:36:18,11.31,--,5,5655,卖盘
2603,10:36:15,11.31,-0.01,3,3393,卖盘
2604,10:36:09,11.32,--,39,44148,买盘
2605,10:36:03,11.32,0.01,2,2264,买盘
2606,10:36:00,11.31,-0.01,11,12441,卖盘
2607,10:35:54,11.32,0.01,5,5660,买盘
2608,10:35:51,11.31,--,49,55419,卖盘
2609,10:35:48,11.31,-0.01,9,10179,卖盘
2610,10:35:45,11.32,--,26,29432,买盘
2611,10:35:42,11.32,0.01,47,53204,买盘
2612,10:35:39,11.31,--,6,6786,卖盘
2613,10:35:30,11.31,--,26,29406,卖盘
2614,10:35:27,11.31,--,9,10179,卖盘
2615,10:35:24,11.31,-0.01,1,1131,卖盘
2616,10:35:21,11.32,--,4,4528,买盘
2617,10:35:18,11.32,--,160,181120,买盘
2618,10:35:15,11.32,0.01,35,39620,买盘
2619,10:35:12,11.31,--,10,11310,卖盘
2620,10:35:09,11.31,-0.01,4,4524,卖盘
2621,10:35:03,11.32,0.01,1,1132,买盘
2622,10:34:57,11.31,--,1,1131,卖盘
2623,10:34:54,11.31,-0.01,5,5655,卖盘
2624,10:34:51,11.32,0.01,15,16980,买盘
2625,10:34:48,11.31,-0.01,1,1131,卖盘
2626,10:34:45,11.32,--,18,20376,买盘
2627,10:34:42,11.32,--,21,23772,买盘
2628,10:34:39,11.32,--,126,142632,买盘
2629,10:34:33,11.32,0.01,37,41884,买盘
2630,10:34:30,11.31,-0.01,46,52026,卖盘
2631,10:34:27,11.32,--,7,7924,买盘
2632,10:34:24,11.32,0.01,31,35092,买盘
2633,10:34:21,11.31,--,11,12441,卖盘
2634,10:34:18,11.31,-0.01,4,4524,卖盘
2635,10:34:15,11.32,0.01,62,70184,买盘
2636,10:34:09,11.31,-0.01,11,12441,卖盘
2637,10:34:03,11.32,--,5,5660,买盘
2638,10:34:00,11.32,0.01,81,91692,买盘
2639,10:33:54,11.31,--,3,3393,卖盘
2640,10:33:51,11.31,--,11,12441,卖盘
2641,10:33:48,11.31,-0.01,69,78039,卖盘
2642,10:33:45,11.32,0.01,16,18112,买盘
2643,10:33:42,11.31,--,3,3393,卖盘
2644,10:33:33,11.31,--,5,5655,卖盘
2645,10:33:30,11.31,--,10,11310,卖盘
2646,10:33:24,11.31,-0.01,121,136851,卖盘
2647,10:33:21,11.32,0.01,1,1132,买盘
2648,10:33:18,11.31,--,11,12441,卖盘
2649,10:33:12,11.31,--,30,33930,卖盘
2650,10:33:09,11.31,--,9,10179,卖盘
2651,10:33:06,11.31,-0.01,6,6786,卖盘
2652,10:33:03,11.32,0.01,11,12452,买盘
2653,10:32:57,11.31,--,6,6786,卖盘
2654,10:32:48,11.31,--,35,39585,卖盘
2655,10:32:45,11.31,-0.01,211,238641,卖盘
2656,10:32:42,11.32,0.01,2,2264,买盘
2657,10:32:39,11.31,-0.01,2,2262,卖盘
2658,10:32:36,11.32,--,47,53883,卖盘
2659,10:32:33,11.32,-0.01,58,65656,卖盘
2660,10:32:30,11.33,--,2,2266,买盘
2661,10:32:24,11.33,--,2,2266,买盘
2662,10:32:21,11.33,--,1,1133,买盘
2663,10:32:18,11.33,--,90,101970,买盘
2664,10:32:15,11.33,0.01,31,35123,买盘
2665,10:32:12,11.32,--,18,20376,卖盘
2666,10:32:06,11.32,-0.01,15,16980,卖盘
2667,10:32:03,11.33,--,17,19261,买盘
2668,10:32:00,11.33,--,15,16995,买盘
2669,10:31:54,11.33,--,1,1133,买盘
2670,10:31:48,11.33,0.01,11,12463,买盘
2671,10:31:45,11.32,--,87,98484,卖盘
2672,10:31:42,11.32,--,3,3396,卖盘
2673,10:31:30,11.32,-0.01,4,4980,卖盘
2674,10:31:27,11.33,--,17,19261,买盘
2675,10:31:24,11.33,--,460,521180,买盘
2676,10:31:21,11.33,0.01,2,2266,买盘
2677,10:31:18,11.32,-0.01,2,2264,卖盘
2678,10:31:15,11.33,0.01,9,10197,买盘
2679,10:31:09,11.32,-0.01,115,130180,卖盘
2680,10:31:03,11.33,0.01,32,36256,买盘
2681,10:31:00,11.32,--,20,22640,卖盘
2682,10:30:54,11.32,--,13,14716,卖盘
2683,10:30:48,11.32,-0.01,2,2264,卖盘
2684,10:30:45,11.33,--,1,1133,买盘
2685,10:30:42,11.33,--,1,1133,买盘
2686,10:30:30,11.33,0.01,57,64581,买盘
2687,10:30:24,11.32,-0.01,5,5660,卖盘
2688,10:30:21,11.33,0.01,1,1133,买盘
2689,10:30:15,11.32,-0.01,3,3396,卖盘
2690,10:30:12,11.33,--,1,1133,买盘
2691,10:30:09,11.33,--,1,1133,买盘
2692,10:30:06,11.33,--,1,1133,买盘
2693,10:30:03,11.33,--,3,3399,买盘
2694,10:29:57,11.33,--,148,167684,买盘
2695,10:29:51,11.33,0.01,167,189211,买盘
2696,10:29:48,11.32,-0.01,130,147160,卖盘
2697,10:29:42,11.33,0.01,1,1133,买盘
2698,10:29:39,11.32,-0.01,27,30564,卖盘
2699,10:29:33,11.33,--,4,4532,买盘
2700,10:29:30,11.33,--,46,52118,买盘
2701,10:29:27,11.33,0.01,100,113300,买盘
2702,10:29:21,11.32,--,25,28300,卖盘
2703,10:29:15,11.32,--,13,14716,卖盘
2704,10:29:12,11.32,--,81,91692,卖盘
2705,10:29:09,11.32,--,1,1132,卖盘
2706,10:29:06,11.32,-0.01,5,5660,卖盘
2707,10:29:03,11.33,--,95,107635,买盘
2708,10:29:00,11.33,0.01,21,23793,买盘
2709,10:28:57,11.32,-0.01,8,9056,卖盘
2710,10:28:51,11.33,0.01,37,41921,买盘
2711,10:28:48,11.32,-0.01,20,22640,卖盘
2712,10:28:45,11.33,--,1,1133,买盘
2713,10:28:42,11.33,0.01,1,1133,买盘
2714,10:28:39,11.32,--,1,1132,卖盘
2715,10:28:36,11.32,--,29,32828,卖盘
2716,10:28:33,11.32,--,2,2264,卖盘
2717,10:28:30,11.32,--,40,45280,卖盘
2718,10:28:27,11.32,-0.01,1,1132,卖盘
2719,10:28:24,11.33,--,81,91773,买盘
2720,10:28:21,11.33,0.01,17,19261,买盘
2721,10:28:18,11.32,--,12,13584,卖盘
2722,10:28:15,11.32,--,2,2264,卖盘
2723,10:28:09,11.32,-0.01,27,30564,卖盘
2724,10:28:06,11.33,--,2,2266,买盘
2725,10:28:03,11.33,--,8,9064,买盘
2726,10:28:00,11.33,--,5,5665,买盘
2727,10:27:57,11.33,--,15,16995,买盘
2728,10:27:54,11.33,0.01,61,69113,买盘
2729,10:27:51,11.32,-0.01,3,3396,卖盘
2730,10:27:48,11.33,--,4,4532,买盘
2731,10:27:42,11.33,--,91,103103,买盘
2732,10:27:39,11.33,--,9,10197,买盘
2733,10:27:36,11.33,--,18,20394,买盘
2734,10:27:33,11.33,--,71,80443,卖盘
2735,10:27:30,11.33,--,17,19261,卖盘
2736,10:27:27,11.33,--,84,95172,卖盘
2737,10:27:24,11.33,--,246,278718,买盘
2738,10:27:21,11.33,--,3,3399,买盘
2739,10:27:12,11.33,--,1,1133,买盘
2740,10:27:09,11.33,--,26,29458,买盘
2741,10:27:06,11.33,--,64,72512,买盘
2742,10:27:03,11.33,--,17,19261,买盘
2743,10:27:00,11.33,0.01,14,15862,买盘
2744,10:26:57,11.32,--,4,4528,卖盘
2745,10:26:48,11.32,-0.01,10,11320,卖盘
2746,10:26:45,11.33,--,35,39655,卖盘
2747,10:26:42,11.33,--,72,81576,买盘
2748,10:26:39,11.33,--,269,304777,买盘
2749,10:26:24,11.33,0.01,37,41921,买盘
2750,10:26:21,11.32,--,209,236588,卖盘
2751,10:26:18,11.32,--,85,96220,买盘
2752,10:26:12,11.32,--,6,6792,买盘
2753,10:26:09,11.32,--,25,28300,买盘
2754,10:26:06,11.32,--,22,24904,买盘
2755,10:26:03,11.32,--,42,47544,买盘
2756,10:26:00,11.32,-0.01,47,53204,买盘
2757,10:25:57,11.33,0.01,314,355762,买盘
2758,10:25:54,11.32,--,5,5660,买盘
2759,10:25:51,11.32,0.01,3,3396,买盘
2760,10:25:48,11.31,-0.01,2,2262,卖盘
2761,10:25:45,11.32,--,8,9056,买盘
2762,10:25:42,11.32,--,65,73580,买盘
2763,10:25:33,11.32,--,7,7924,买盘
2764,10:25:30,11.32,--,13,14716,买盘
2765,10:25:27,11.32,--,1,1132,买盘
2766,10:25:24,11.32,--,12,13584,买盘
2767,10:25:21,11.32,--,13,14716,买盘
2768,10:25:15,11.32,--,7,7924,买盘
2769,10:25:12,11.32,--,16,18112,买盘
2770,10:25:09,11.32,--,100,113200,买盘
2771,10:25:06,11.32,--,23,26036,买盘
2772,10:25:03,11.32,--,149,168668,买盘
2773,10:24:51,11.32,--,7,7924,买盘
2774,10:24:48,11.32,--,30,33960,买盘
2775,10:24:45,11.32,--,28,31696,买盘
2776,10:24:42,11.32,0.01,140,158480,买盘
2777,10:24:30,11.31,--,30,33930,卖盘
2778,10:24:27,11.31,--,36,40716,买盘
2779,10:24:24,11.31,--,35,39585,买盘
2780,10:24:21,11.31,--,2,2262,买盘
2781,10:24:18,11.31,--,26,29406,买盘
2782,10:24:12,11.31,--,65,73515,买盘
2783,10:24:09,11.31,--,15,16965,买盘
2784,10:24:06,11.31,--,15,17960,卖盘
2785,10:24:03,11.31,--,61,69126,买盘
2786,10:23:57,11.31,--,42,47502,买盘
2787,10:23:45,11.31,--,6,6786,买盘
2788,10:23:42,11.31,--,2,2262,买盘
2789,10:23:27,11.31,--,33,37323,买盘
2790,10:23:24,11.31,--,12,13572,买盘
2791,10:23:21,11.31,--,81,91611,买盘
2792,10:23:18,11.31,0.01,6,6786,买盘
2793,10:23:15,11.3,-0.01,5,5650,卖盘
2794,10:23:12,11.31,0.01,48,54288,买盘
2795,10:23:09,11.3,--,76,86060,买盘
2796,10:23:06,11.3,--,2,2260,买盘
2797,10:23:03,11.3,--,3,3390,买盘
2798,10:23:00,11.3,--,1,1130,买盘
2799,10:22:54,11.3,--,36,40680,买盘
2800,10:22:51,11.3,--,55,62150,买盘
2801,10:22:45,11.3,--,4,4520,买盘
2802,10:22:42,11.3,--,22,24860,买盘
2803,10:22:39,11.3,--,45,50850,买盘
2804,10:22:36,11.3,--,81,91530,买盘
2805,10:22:33,11.3,--,451,509630,买盘
2806,10:22:30,11.3,--,15,16950,买盘
2807,10:22:27,11.3,--,63,71190,买盘
2808,10:22:24,11.3,--,8,9040,买盘
2809,10:22:21,11.3,--,71,80230,买盘
2810,10:22:18,11.3,--,73,82490,买盘
2811,10:22:12,11.3,--,20,22600,买盘
2812,10:22:09,11.3,--,44,49720,买盘
2813,10:22:03,11.3,0.01,87,98310,买盘
2814,10:22:00,11.29,--,470,531431,买盘
2815,10:21:57,11.29,--,24,27095,买盘
2816,10:21:54,11.29,--,62,69998,买盘
2817,10:21:51,11.29,0.01,13,14676,买盘
2818,10:21:48,11.28,-0.01,64,72192,卖盘
2819,10:21:45,11.29,--,8,9032,买盘
2820,10:21:42,11.29,--,2,2258,买盘
2821,10:21:39,11.29,0.01,41,46289,买盘
2822,10:21:36,11.28,--,2,2256,卖盘
2823,10:21:33,11.28,-0.01,100,112800,卖盘
2824,10:21:30,11.29,0.01,140,158060,买盘
2825,10:21:24,11.28,-0.01,7,7896,卖盘
2826,10:21:21,11.29,0.01,2,2258,买盘
2827,10:21:18,11.28,--,580,654612,买盘
2828,10:21:15,11.28,--,29,32711,买盘
2829,10:21:12,11.28,--,5,5640,买盘
2830,10:21:06,11.28,--,67,75576,买盘
2831,10:21:03,11.28,-0.01,1098,1238544,卖盘
2832,10:21:00,11.29,0.01,37,41773,买盘
2833,10:20:57,11.28,-0.01,29,32711,卖盘
2834,10:20:48,11.29,--,25,28224,买盘
2835,10:20:45,11.29,--,4,4516,买盘
2836,10:20:42,11.29,--,1,1129,买盘
2837,10:20:39,11.29,--,65,73385,买盘
2838,10:20:36,11.29,--,55,62094,卖盘
