,time,price,change,volume,amount,type
0,15:00:03,10.58,-0.01,1282,1356356,卖盘
1,14:57:00,10.59,--,37,39183,卖盘
2,14:56:57,10.59,-0.01,10,10590,卖盘
3,14:56:54,10.6,0.01,39,41340,买盘
4,14:56:51,10.59,--,20,21180,卖盘
5,14:56:48,10.59,--,10,10590,卖盘
6,14:56:45,10.59,--,27,28593,卖盘
7,14:56:42,10.59,--,178,188502,买盘
8,14:56:36,10.59,--,20,21180,买盘
9,14:56:33,10.59,--,119,126021,买盘
10,14:56:27,10.59,--,15,15885,卖盘
11,14:56:24,10.59,--,19,20121,卖盘
12,14:56:21,10.59,--,66,69894,卖盘
13,14:56:18,10.59,--,50,52950,卖盘
14,14:56:15,10.59,--,28,29652,卖盘
15,14:56:12,10.59,-0.01,38,40242,卖盘
16,14:56:09,10.6,0.02,6,6360,买盘
17,14:56:06,10.58,--,90,95220,卖盘
18,14:56:03,10.58,-0.01,58,61364,卖盘
19,14:56:00,10.59,0.01,44,46596,买盘
20,14:55:57,10.58,-0.01,1,1058,卖盘
21,14:55:54,10.59,0.01,45,47655,买盘
22,14:55:48,10.58,-0.02,28,29624,卖盘
23,14:55:45,10.6,--,37,39220,买盘
24,14:55:42,10.6,0.01,36,38160,买盘
25,14:55:39,10.59,0.01,5,5295,中性盘
26,14:55:36,10.58,-0.01,15,15870,卖盘
27,14:55:33,10.59,--,67,70953,买盘
28,14:55:30,10.59,--,10,10590,买盘
29,14:55:27,10.59,-0.01,1,1059,中性盘
30,14:55:24,10.6,0.01,1041,1103460,买盘
31,14:55:18,10.59,0.01,399,422541,买盘
32,14:55:12,10.58,-0.01,17,17986,卖盘
33,14:55:09,10.59,0.01,10,10590,买盘
34,14:55:06,10.58,--,103,108974,卖盘
35,14:55:03,10.58,-0.01,21,22218,卖盘
36,14:55:00,10.59,0.01,10,10590,买盘
37,14:54:57,10.58,-0.01,1,1058,卖盘
38,14:54:54,10.59,--,208,220272,买盘
39,14:54:51,10.59,--,25,26475,买盘
40,14:54:48,10.59,0.01,36,38124,买盘
41,14:54:42,10.58,--,100,105800,卖盘
42,14:54:33,10.58,--,31,32798,卖盘
43,14:54:30,10.58,-0.01,6,6348,卖盘
44,14:54:27,10.59,0.01,55,58245,买盘
45,14:54:24,10.58,--,11,11638,卖盘
46,14:54:21,10.58,--,96,101568,卖盘
47,14:54:18,10.58,0.01,743,786781,买盘
48,14:54:15,10.57,--,11,11627,卖盘
49,14:54:12,10.57,-0.01,23,24311,卖盘
50,14:54:06,10.58,0.01,1,1058,买盘
51,14:54:03,10.57,-0.01,1,1057,卖盘
52,14:53:57,10.58,0.01,1,1058,买盘
53,14:53:54,10.57,--,11,11627,卖盘
54,14:53:51,10.57,--,3,3171,卖盘
55,14:53:48,10.57,-0.01,97,102529,卖盘
56,14:53:45,10.58,0.01,53,56074,买盘
57,14:53:39,10.57,--,1,1057,卖盘
58,14:53:36,10.57,-0.01,60,63420,卖盘
59,14:53:33,10.58,0.01,146,154468,买盘
60,14:53:30,10.57,--,2,2114,卖盘
61,14:53:27,10.57,-0.01,1,1057,卖盘
62,14:53:21,10.58,--,50,52900,买盘
63,14:53:15,10.58,0.01,2,2116,买盘
64,14:53:09,10.57,-0.01,169,178664,卖盘
65,14:53:06,10.58,0.01,25,26450,买盘
66,14:53:03,10.57,--,1,1057,卖盘
67,14:53:00,10.57,-0.01,1,1057,卖盘
68,14:52:54,10.58,--,148,156584,买盘
69,14:52:51,10.58,--,67,70886,买盘
70,14:52:48,10.58,--,6,6348,买盘
71,14:52:45,10.58,0.01,1,1058,买盘
72,14:52:42,10.57,-0.01,1,1057,卖盘
73,14:52:39,10.58,0.01,11,11638,买盘
74,14:52:36,10.57,-0.01,7,7399,卖盘
75,14:52:33,10.58,0.01,184,194672,买盘
76,14:52:30,10.57,--,10,10570,卖盘
77,14:52:27,10.57,--,21,22197,卖盘
78,14:52:24,10.57,0.02,38,40166,买盘
79,14:52:18,10.55,--,4,4220,卖盘
80,14:52:12,10.55,-0.03,14,14791,卖盘
81,14:52:09,10.58,--,37,39146,买盘
82,14:52:06,10.58,0.02,2,2116,买盘
83,14:52:03,10.56,--,7,7392,卖盘
84,14:51:57,10.56,--,1,1056,卖盘
85,14:51:54,10.56,-0.02,1,1056,卖盘
86,14:51:51,10.58,0.03,2,2116,买盘
87,14:51:48,10.55,-0.01,381,401955,卖盘
88,14:51:45,10.56,-0.01,34,35904,中性盘
89,14:51:42,10.57,--,1,1057,买盘
90,14:51:36,10.57,0.01,12,12684,买盘
91,14:51:33,10.56,--,6,6758,买盘
92,14:51:30,10.56,--,17,17952,买盘
93,14:51:21,10.56,--,33,34848,买盘
94,14:51:15,10.56,0.01,12,12703,买盘
95,14:51:12,10.55,-0.01,7,7385,卖盘
96,14:51:06,10.56,-0.02,94,99897,卖盘
97,14:51:03,10.58,0.02,184,194672,买盘
98,14:51:00,10.56,--,4,4224,卖盘
99,14:50:54,10.56,-0.01,5,5702,卖盘
100,14:50:51,10.57,--,2,2114,买盘
101,14:50:45,10.57,0.01,3,3171,买盘
102,14:50:39,10.56,-0.02,4,4224,卖盘
103,14:50:33,10.58,--,31,32798,买盘
104,14:50:27,10.58,0.03,40,42320,买盘
105,14:50:24,10.55,--,10,10550,卖盘
106,14:50:21,10.55,--,2,2110,卖盘
107,14:50:18,10.55,--,197,207835,卖盘
108,14:50:15,10.55,-0.02,21,22155,卖盘
109,14:50:09,10.57,0.02,102,108109,买盘
110,14:50:06,10.55,-0.01,1,1055,卖盘
111,14:50:03,10.56,--,100,105600,卖盘
112,14:50:00,10.56,-0.01,85,89760,买盘
113,14:49:51,10.57,--,1,1057,买盘
114,14:49:42,10.57,0.01,42,44394,买盘
115,14:49:39,10.56,--,27,28512,卖盘
116,14:49:36,10.56,0.02,3,3168,中性盘
117,14:49:33,10.54,-0.01,76,80104,卖盘
118,14:49:30,10.55,-0.01,228,240540,卖盘
119,14:49:27,10.56,0.01,39,41184,买盘
120,14:49:24,10.55,0.01,30,31650,卖盘
121,14:49:21,10.54,-0.01,138,145483,卖盘
122,14:49:18,10.55,--,35,36925,买盘
123,14:49:15,10.55,0.01,29,30595,买盘
124,14:49:12,10.54,-0.01,2,2108,卖盘
125,14:49:06,10.55,--,37,39330,买盘
126,14:49:03,10.55,--,1,1055,买盘
127,14:48:57,10.55,0.01,34,35870,买盘
128,14:48:54,10.54,-0.01,55,57969,卖盘
129,14:48:51,10.55,0.01,33,34815,买盘
130,14:48:45,10.54,--,222,233987,卖盘
131,14:48:42,10.54,--,140,147560,卖盘
132,14:48:39,10.54,--,250,263500,卖盘
133,14:48:36,10.54,--,29,30565,卖盘
134,14:48:33,10.54,-0.02,51,53753,卖盘
135,14:48:27,10.56,0.01,37,39072,买盘
136,14:48:24,10.55,-0.01,5,5275,中性盘
137,14:48:21,10.56,--,39,41184,买盘
138,14:48:15,10.56,--,1,1056,买盘
139,14:48:12,10.56,0.01,189,199584,买盘
140,14:48:09,10.55,--,291,307416,卖盘
141,14:48:06,10.55,--,26,27725,卖盘
142,14:48:03,10.55,-0.01,1,1055,卖盘
143,14:48:00,10.56,--,34,35904,买盘
144,14:47:57,10.56,--,328,346368,买盘
145,14:47:54,10.56,--,1,1056,买盘
146,14:47:51,10.56,--,1,1056,买盘
147,14:47:48,10.56,--,36,38016,买盘
148,14:47:45,10.56,--,24,25344,买盘
149,14:47:42,10.56,0.01,100,105600,买盘
150,14:47:39,10.55,-0.01,73,77015,卖盘
151,14:47:36,10.56,-0.01,136,143616,卖盘
152,14:47:27,10.57,0.01,38,40166,买盘
153,14:47:24,10.56,--,6,6336,卖盘
154,14:47:21,10.56,0.01,3,3199,中性盘
155,14:47:18,10.55,-0.02,19,20045,卖盘
156,14:47:15,10.57,0.01,41,43337,买盘
157,14:47:12,10.56,--,47,49632,卖盘
158,14:47:09,10.56,-0.01,20,21120,卖盘
159,14:47:06,10.57,--,222,234949,买盘
160,14:46:57,10.57,--,4,4228,买盘
161,14:46:54,10.57,--,41,43337,买盘
162,14:46:51,10.57,--,2,2114,买盘
163,14:46:48,10.57,-0.01,38,40166,卖盘
164,14:46:42,10.58,0.02,56,59248,买盘
165,14:46:39,10.56,-0.02,188,198528,卖盘
166,14:46:33,10.58,--,40,42320,买盘
167,14:46:27,10.58,--,10,10580,买盘
168,14:46:21,10.58,--,43,46234,买盘
169,14:46:15,10.58,--,230,243340,买盘
170,14:46:09,10.58,0.01,65,68770,买盘
171,14:46:06,10.57,--,29,30653,卖盘
172,14:46:03,10.57,-0.01,3,3466,卖盘
173,14:46:00,10.58,0.01,39,41262,买盘
174,14:45:51,10.57,-0.01,2,2114,卖盘
175,14:45:48,10.58,--,62,65596,买盘
176,14:45:45,10.58,--,3,3174,买盘
177,14:45:39,10.58,--,40,42320,买盘
178,14:45:36,10.58,0.01,41,43378,买盘
179,14:45:33,10.57,--,1,1057,卖盘
180,14:45:30,10.57,-0.01,20,21140,卖盘
181,14:45:27,10.58,0.01,43,45494,买盘
182,14:45:24,10.57,--,21,22218,买盘
183,14:45:21,10.57,-0.01,1,1057,中性盘
184,14:45:15,10.58,0.02,237,250746,买盘
185,14:45:12,10.56,-0.01,24,25344,卖盘
186,14:45:09,10.57,0.01,36,38052,买盘
187,14:45:06,10.56,-0.01,1,1056,卖盘
188,14:45:03,10.57,--,105,111280,买盘
189,14:45:00,10.57,0.01,1,1057,买盘
190,14:44:57,10.56,-0.01,3,3168,卖盘
191,14:44:54,10.57,0.01,102,107814,买盘
192,14:44:51,10.56,-0.01,2,2112,卖盘
193,14:44:48,10.57,--,4,4228,买盘
194,14:44:45,10.57,--,11,11627,买盘
195,14:44:39,10.57,0.01,80,84560,买盘
196,14:44:33,10.56,--,62,65472,卖盘
197,14:44:30,10.56,-0.01,12,12703,卖盘
198,14:44:27,10.57,0.01,32,33824,买盘
199,14:44:21,10.56,-0.01,1,1056,卖盘
200,14:44:12,10.57,0.02,50,52850,买盘
201,14:44:06,10.55,--,3,3460,卖盘
202,14:44:03,10.55,--,1,1055,卖盘
203,14:44:00,10.55,--,21,22155,卖盘
204,14:43:54,10.55,--,3,3165,卖盘
205,14:43:51,10.55,-0.02,47,49585,卖盘
206,14:43:45,10.57,--,5,5285,买盘
207,14:43:42,10.57,0.02,109,115213,买盘
208,14:43:39,10.55,--,19,20045,卖盘
209,14:43:33,10.55,-0.02,36,38001,卖盘
210,14:43:30,10.57,--,2,2114,买盘
211,14:43:24,10.57,0.01,50,52850,买盘
212,14:43:21,10.56,-0.01,7,7392,卖盘
213,14:43:18,10.57,0.01,5,5285,买盘
214,14:43:15,10.56,--,11,11616,卖盘
215,14:43:12,10.56,--,25,26400,卖盘
216,14:43:03,10.56,--,22,23527,卖盘
217,14:42:57,10.56,--,9,9504,卖盘
218,14:42:54,10.56,-0.01,23,24288,卖盘
219,14:42:51,10.57,--,112,118384,买盘
220,14:42:48,10.57,0.01,65,68705,买盘
221,14:42:45,10.56,0.01,1,1056,买盘
222,14:42:33,10.55,-0.01,3,3196,卖盘
223,14:42:30,10.56,--,42,44352,卖盘
224,14:42:27,10.56,-0.01,19,20064,卖盘
225,14:42:24,10.57,--,27,28539,买盘
226,14:42:21,10.57,0.01,1,1057,买盘
227,14:42:18,10.56,--,50,52800,卖盘
228,14:42:12,10.56,--,2,2112,卖盘
229,14:42:09,10.56,--,20,21120,卖盘
230,14:42:03,10.56,-0.01,405,427975,卖盘
231,14:41:54,10.57,0.01,1,1057,买盘
232,14:41:48,10.56,--,30,31680,卖盘
233,14:41:42,10.56,--,159,167904,卖盘
234,14:41:36,10.56,--,8,8469,卖盘
235,14:41:33,10.56,--,16,16896,卖盘
236,14:41:30,10.56,-0.01,5,5280,卖盘
237,14:41:27,10.57,--,4,4228,买盘
238,14:41:21,10.57,0.01,1,1057,买盘
239,14:41:18,10.56,--,22,23232,卖盘
240,14:41:06,10.56,--,3,3168,卖盘
241,14:41:03,10.56,-0.02,31,33031,卖盘
242,14:41:00,10.58,0.02,42,44436,买盘
243,14:40:57,10.56,-0.01,12,12672,卖盘
244,14:40:51,10.57,--,1,1057,买盘
245,14:40:48,10.57,0.01,1,1057,买盘
246,14:40:45,10.56,--,23,24288,卖盘
247,14:40:36,10.56,--,2,2143,卖盘
248,14:40:30,10.56,-0.01,31,32736,卖盘
249,14:40:21,10.57,0.01,1,1057,中性盘
250,14:40:18,10.56,-0.01,67,70752,卖盘
251,14:40:15,10.57,--,42,44394,买盘
252,14:40:09,10.57,0.01,102,107814,买盘
253,14:40:06,10.56,--,2,2112,卖盘
254,14:40:03,10.56,-0.01,19,20359,卖盘
255,14:40:00,10.57,0.01,29,30653,买盘
256,14:39:57,10.56,--,50,52800,卖盘
257,14:39:54,10.56,--,6,6336,卖盘
258,14:39:51,10.56,-0.01,23,24288,卖盘
259,14:39:48,10.57,0.01,21,22197,买盘
260,14:39:39,10.56,--,2,2143,卖盘
261,14:39:36,10.56,--,157,165792,卖盘
262,14:39:33,10.56,-0.01,1,1056,卖盘
263,14:39:27,10.57,--,5,5285,买盘
264,14:39:21,10.57,0.01,43,45451,买盘
265,14:39:18,10.56,--,20,21120,卖盘
266,14:39:12,10.56,-0.01,2,2112,卖盘
267,14:39:09,10.57,--,58,61306,买盘
268,14:39:03,10.57,--,26,27777,买盘
269,14:39:00,10.57,--,15,15855,买盘
270,14:38:57,10.57,0.01,300,317100,买盘
271,14:38:54,10.56,-0.02,248,262437,卖盘
272,14:38:51,10.58,0.01,14,14812,买盘
273,14:38:48,10.57,--,24,25368,卖盘
274,14:38:39,10.57,-0.01,3,3192,卖盘
275,14:38:36,10.58,0.01,32,33856,买盘
276,14:38:33,10.57,--,25,26425,卖盘
277,14:38:30,10.57,-0.01,11,11627,卖盘
278,14:38:21,10.58,0.01,11,11638,买盘
279,14:38:18,10.57,--,16,16912,卖盘
280,14:38:12,10.57,--,9,9513,卖盘
281,14:38:09,10.57,--,100,105700,卖盘
282,14:38:03,10.57,--,2,2114,卖盘
283,14:38:00,10.57,--,22,23549,卖盘
284,14:37:54,10.57,-0.01,1,1057,卖盘
285,14:37:51,10.58,0.01,1,1058,买盘
286,14:37:45,10.57,--,11,11627,卖盘
287,14:37:42,10.57,-0.01,150,158550,卖盘
288,14:37:39,10.58,--,46,48668,卖盘
289,14:37:33,10.58,-0.01,50,52900,卖盘
290,14:37:27,10.59,--,5,5295,买盘
291,14:37:21,10.59,0.01,83,87897,买盘
292,14:37:18,10.58,--,7,7406,卖盘
293,14:37:15,10.58,--,70,74060,卖盘
294,14:37:12,10.58,--,53,56074,卖盘
295,14:37:03,10.58,--,3,3470,卖盘
296,14:37:00,10.58,-0.01,1,1058,卖盘
297,14:36:57,10.59,0.01,11,11649,买盘
298,14:36:54,10.58,-0.01,22,23276,卖盘
299,14:36:51,10.59,--,76,80484,买盘
300,14:36:48,10.59,0.01,4,4236,买盘
301,14:36:45,10.58,-0.01,12,12717,卖盘
302,14:36:42,10.59,-0.01,203,215707,卖盘
303,14:36:39,10.6,0.01,51,54060,买盘
304,14:36:36,10.59,--,73,77307,卖盘
305,14:36:33,10.59,-0.01,150,158850,卖盘
306,14:36:30,10.6,--,1,1060,买盘
307,14:36:27,10.6,0.01,132,139920,买盘
308,14:36:21,10.59,-0.01,517,547503,卖盘
309,14:36:18,10.6,0.01,10,10600,买盘
310,14:36:15,10.59,-0.01,47,49773,卖盘
311,14:36:12,10.6,0.01,41,43460,买盘
312,14:36:09,10.59,--,68,72012,卖盘
313,14:36:03,10.59,--,3,3473,卖盘
314,14:36:00,10.59,-0.01,26,27534,卖盘
315,14:35:57,10.6,--,60,63600,买盘
316,14:35:54,10.6,0.01,35,37100,买盘
317,14:35:51,10.59,-0.01,3,3177,卖盘
318,14:35:48,10.6,0.01,203,215211,买盘
319,14:35:45,10.59,-0.01,25,26475,卖盘
320,14:35:42,10.6,0.01,96,101760,买盘
321,14:35:39,10.59,--,43,45537,买盘
322,14:35:33,10.59,0.01,16,16944,买盘
323,14:35:30,10.58,--,30,31740,卖盘
324,14:35:27,10.58,-0.01,16,16928,卖盘
325,14:35:24,10.59,-0.01,77,81543,卖盘
326,14:35:21,10.6,0.01,51,54060,买盘
327,14:35:15,10.59,--,6,6354,卖盘
328,14:35:12,10.59,0.01,28,29652,买盘
329,14:35:09,10.58,--,24,25392,卖盘
330,14:35:06,10.58,--,1,1058,卖盘
331,14:35:03,10.58,-0.01,20,21456,卖盘
332,14:35:00,10.59,-0.01,5,5295,中性盘
333,14:34:51,10.6,--,18,19080,买盘
334,14:34:48,10.6,0.01,1000,1060000,买盘
335,14:34:45,10.59,--,1048,1109832,买盘
336,14:34:36,10.59,0.02,679,719061,买盘
337,14:34:33,10.57,--,3,3171,卖盘
338,14:34:30,10.57,-0.01,23,24311,卖盘
339,14:34:21,10.58,--,7,7406,买盘
340,14:34:15,10.58,0.01,24,25392,买盘
341,14:34:12,10.57,-0.01,13,13741,卖盘
342,14:34:09,10.58,--,50,52900,买盘
343,14:34:06,10.58,0.01,19,20102,买盘
344,14:34:03,10.57,--,8,8456,卖盘
345,14:34:00,10.57,--,3,3466,卖盘
346,14:33:57,10.57,--,23,24311,卖盘
347,14:33:54,10.57,--,11,11627,卖盘
348,14:33:51,10.57,-0.02,6,6373,卖盘
349,14:33:48,10.59,0.02,71,75189,买盘
350,14:33:42,10.57,--,9,9513,卖盘
351,14:33:39,10.57,-0.01,23,24311,卖盘
352,14:33:36,10.58,0.01,34,36268,买盘
353,14:33:33,10.57,-0.01,75,79275,卖盘
354,14:33:27,10.58,--,200,211600,买盘
355,14:33:24,10.58,0.01,7,7406,买盘
356,14:33:21,10.57,--,51,53907,卖盘
357,14:33:18,10.57,-0.01,35,36995,卖盘
358,14:33:15,10.58,--,89,94923,卖盘
359,14:33:09,10.58,--,65,68770,卖盘
360,14:33:06,10.58,--,23,24334,卖盘
361,14:33:03,10.58,--,2,2116,卖盘
362,14:33:00,10.58,0.01,3,3470,中性盘
363,14:32:57,10.57,--,1,1057,卖盘
364,14:32:51,10.57,-0.02,2,2145,卖盘
365,14:32:48,10.59,0.01,71,75189,买盘
366,14:32:45,10.58,--,9,9522,买盘
367,14:32:42,10.58,-0.01,78,82947,卖盘
368,14:32:39,10.59,0.01,1,1059,买盘
369,14:32:36,10.58,--,17,17986,卖盘
370,14:32:33,10.58,-0.01,35,37030,卖盘
371,14:32:30,10.59,0.01,10,10590,买盘
372,14:32:21,10.58,-0.01,2,2116,卖盘
373,14:32:18,10.59,0.01,1,1059,买盘
374,14:32:15,10.58,--,26,27508,卖盘
375,14:32:12,10.58,--,1,1058,卖盘
376,14:32:09,10.58,--,15,15870,卖盘
377,14:32:00,10.58,--,103,109270,卖盘
378,14:31:57,10.58,--,22,23276,卖盘
379,14:31:54,10.58,--,13,13775,卖盘
380,14:31:51,10.58,--,52,55016,卖盘
381,14:31:48,10.58,--,26,27508,卖盘
382,14:31:45,10.58,--,3,3174,卖盘
383,14:31:42,10.58,-0.01,238,251804,卖盘
384,14:31:39,10.59,0.01,20,21180,买盘
385,14:31:36,10.58,--,10,10580,卖盘
386,14:31:33,10.58,--,10,10580,卖盘
387,14:31:30,10.58,--,17,17986,卖盘
388,14:31:24,10.58,--,30,32057,买盘
389,14:31:21,10.58,0.01,1,1058,买盘
390,14:31:18,10.57,-0.01,23,24311,卖盘
391,14:31:15,10.58,0.01,6,6348,买盘
392,14:31:03,10.57,-0.01,25,26720,卖盘
393,14:30:57,10.58,--,43,45525,买盘
394,14:30:54,10.58,--,8,8464,买盘
395,14:30:51,10.58,--,60,63480,买盘
396,14:30:45,10.58,0.02,16,16928,买盘
397,14:30:42,10.56,-0.02,1,1056,卖盘
398,14:30:39,10.58,--,20,21160,买盘
399,14:30:33,10.58,0.01,206,217948,买盘
400,14:30:21,10.57,--,14,14798,买盘
401,14:30:18,10.57,--,1,1057,买盘
402,14:30:15,10.57,0.01,34,35938,中性盘
403,14:30:12,10.56,-0.02,1,1056,卖盘
404,14:30:09,10.58,--,8,8464,买盘
405,14:30:06,10.58,0.01,140,148120,买盘
406,14:30:03,10.57,--,133,140581,买盘
407,14:30:00,10.57,--,2,3149,卖盘
408,14:29:57,10.57,--,3,3192,卖盘
409,14:29:54,10.57,--,21,22197,卖盘
410,14:29:51,10.57,-0.01,2,2114,卖盘
411,14:29:45,10.58,0.02,1,1058,买盘
412,14:29:39,10.56,-0.01,19,20064,卖盘
413,14:29:36,10.57,--,26,27904,买盘
414,14:29:33,10.57,--,1,1057,买盘
415,14:29:30,10.57,-0.01,482,509474,卖盘
416,14:29:27,10.58,--,32,33856,卖盘
417,14:29:24,10.58,-0.01,18,19044,卖盘
418,14:29:21,10.59,0.01,19,20121,买盘
419,14:29:18,10.58,0.01,21,22218,买盘
420,14:29:15,10.57,--,6,6342,卖盘
421,14:29:12,10.57,-0.02,2,2114,卖盘
422,14:29:09,10.59,0.02,18,19062,买盘
423,14:29:06,10.57,-0.01,56,59192,卖盘
424,14:29:03,10.58,--,149,157938,买盘
425,14:29:00,10.58,0.01,6,6379,买盘
426,14:28:57,10.57,-0.01,1,1057,卖盘
427,14:28:51,10.58,0.01,84,88872,买盘
428,14:28:48,10.57,-0.01,22,23254,卖盘
429,14:28:39,10.58,--,1,1058,买盘
430,14:28:33,10.58,0.01,10,10580,买盘
431,14:28:30,10.57,--,20,21140,卖盘
432,14:28:27,10.57,--,20,21140,卖盘
433,14:28:24,10.57,--,1,1057,卖盘
434,14:28:21,10.57,-0.01,2,2114,卖盘
435,14:28:18,10.58,0.01,103,108974,买盘
436,14:28:15,10.57,-0.01,23,24311,卖盘
437,14:28:12,10.58,--,4,4232,买盘
438,14:28:09,10.58,--,4,4232,买盘
439,14:28:06,10.58,--,7,7406,买盘
440,14:28:03,10.58,0.01,692,732844,买盘
441,14:28:00,10.57,-0.01,5,5612,卖盘
442,14:27:57,10.58,--,2,2116,买盘
443,14:27:54,10.58,--,40,42320,买盘
444,14:27:51,10.58,--,6,6348,买盘
445,14:27:48,10.58,--,53,56074,买盘
446,14:27:42,10.58,--,3,3174,买盘
447,14:27:39,10.58,0.01,21,22218,买盘
448,14:27:36,10.57,--,16,16912,卖盘
449,14:27:27,10.57,-0.01,50,52850,卖盘
450,14:27:21,10.58,--,2,2116,买盘
451,14:27:15,10.58,0.01,1,1058,买盘
452,14:27:06,10.57,--,9,9513,卖盘
453,14:27:03,10.57,--,22,23275,卖盘
454,14:27:00,10.57,--,3,3466,卖盘
455,14:26:57,10.57,--,73,77161,卖盘
456,14:26:51,10.57,--,2,2114,卖盘
457,14:26:45,10.57,--,2,2114,卖盘
458,14:26:42,10.57,-0.01,24,25368,卖盘
459,14:26:39,10.58,0.02,175,185784,买盘
460,14:26:36,10.56,-0.01,10,10560,卖盘
461,14:26:30,10.57,--,25,26425,买盘
462,14:26:27,10.57,--,4,4228,买盘
463,14:26:24,10.57,--,377,398911,卖盘
464,14:26:21,10.57,-0.01,6,6342,卖盘
465,14:26:12,10.58,0.01,21,22218,买盘
466,14:26:09,10.57,--,362,382634,卖盘
467,14:26:03,10.57,--,2,2145,卖盘
468,14:26:00,10.57,--,1,1057,卖盘
469,14:25:57,10.57,--,3,3456,卖盘
470,14:25:54,10.57,-0.01,33,34881,卖盘
471,14:25:51,10.58,--,68,71944,买盘
472,14:25:45,10.58,--,246,260268,买盘
473,14:25:39,10.58,0.01,1,1058,买盘
474,14:25:36,10.57,-0.01,25,26425,卖盘
475,14:25:33,10.58,--,3,3174,买盘
476,14:25:24,10.58,0.01,17,17986,买盘
477,14:25:21,10.57,--,4,4228,卖盘
478,14:25:18,10.57,--,29,30653,卖盘
479,14:25:15,10.57,--,4,4228,卖盘
480,14:25:12,10.57,-0.01,1,1057,卖盘
481,14:25:06,10.58,0.01,4,4253,买盘
482,14:25:03,10.57,--,24,25368,卖盘
483,14:25:00,10.57,-0.01,3,3466,卖盘
484,14:24:54,10.58,0.01,8,8464,买盘
485,14:24:51,10.57,--,1,1057,卖盘
486,14:24:48,10.57,--,24,25368,卖盘
487,14:24:45,10.57,-0.01,10,10570,卖盘
488,14:24:39,10.58,0.01,28,29624,买盘
489,14:24:30,10.57,0.01,17,17969,卖盘
490,14:24:27,10.56,-0.02,1,1056,卖盘
491,14:24:24,10.58,0.01,200,211600,买盘
492,14:24:21,10.57,0.01,6,6342,买盘
493,14:24:18,10.56,-0.01,2,2112,卖盘
494,14:24:15,10.57,--,380,401776,卖盘
495,14:24:09,10.57,-0.01,62,65565,卖盘
496,14:24:06,10.58,--,7,7406,买盘
497,14:24:03,10.58,0.01,9,9522,买盘
498,14:24:00,10.57,--,24,25663,卖盘
499,14:23:57,10.57,-0.01,23,24311,卖盘
500,14:23:54,10.58,--,54,57132,买盘
501,14:23:51,10.58,--,1,1058,买盘
502,14:23:48,10.58,--,113,119554,买盘
503,14:23:45,10.58,0.01,3,3174,买盘
504,14:23:42,10.57,-0.01,26,27482,卖盘
505,14:23:39,10.58,--,1,1058,买盘
506,14:23:36,10.58,--,25,26450,买盘
507,14:23:30,10.58,--,100,105800,买盘
508,14:23:27,10.58,--,138,146004,买盘
509,14:23:24,10.58,--,17,17986,买盘
510,14:23:21,10.58,--,1,1058,买盘
511,14:23:18,10.58,0.01,11,11638,买盘
512,14:23:15,10.57,-0.01,30,31710,卖盘
513,14:23:09,10.58,--,29,30703,买盘
514,14:23:06,10.58,0.01,46,48668,买盘
515,14:23:03,10.57,--,37,39700,买盘
516,14:23:00,10.57,--,226,239177,买盘
517,14:22:57,10.57,--,43,45451,买盘
518,14:22:51,10.57,0.01,299,316043,买盘
519,14:22:48,10.56,-0.01,72,76032,卖盘
520,14:22:45,10.57,--,1,1057,买盘
521,14:22:42,10.57,--,10,10570,买盘
522,14:22:39,10.57,0.01,187,197659,买盘
523,14:22:36,10.56,-0.01,10,10560,卖盘
524,14:22:30,10.57,--,78,82446,买盘
525,14:22:27,10.57,--,5,5285,买盘
526,14:22:24,10.57,0.01,25,26425,买盘
527,14:22:21,10.56,-0.01,3,3168,卖盘
528,14:22:18,10.57,--,219,231483,买盘
529,14:22:15,10.57,0.01,3,3171,买盘
530,14:22:12,10.56,--,24,25344,卖盘
531,14:22:09,10.56,--,2,2143,卖盘
532,14:22:06,10.56,--,116,122496,卖盘
533,14:21:57,10.56,-0.01,3,3463,卖盘
534,14:21:54,10.57,--,80,84560,买盘
535,14:21:51,10.57,0.01,46,48622,买盘
536,14:21:45,10.56,-0.01,2,2112,卖盘
537,14:21:39,10.57,0.01,1,1057,买盘
538,14:21:33,10.56,--,10,10560,卖盘
539,14:21:30,10.56,--,42,44352,卖盘
540,14:21:21,10.56,--,2,2112,卖盘
541,14:21:18,10.56,--,50,52800,卖盘
542,14:21:15,10.56,--,25,26400,卖盘
543,14:21:12,10.56,--,2,2143,卖盘
544,14:21:03,10.56,--,21,22176,卖盘
545,14:21:00,10.56,--,15,16135,卖盘
546,14:20:57,10.56,0.01,77,81312,买盘
547,14:20:54,10.55,--,1,1055,卖盘
548,14:20:45,10.55,--,22,23210,卖盘
549,14:20:42,10.55,-0.01,10,10550,卖盘
550,14:20:39,10.56,0.01,3,3168,买盘
551,14:20:30,10.55,-0.02,2,2110,卖盘
552,14:20:27,10.57,0.01,13,13741,买盘
553,14:20:24,10.56,--,6,6336,买盘
554,14:20:21,10.56,--,69,72864,买盘
555,14:20:18,10.56,0.01,18,19008,买盘
556,14:20:15,10.55,--,16,16880,卖盘
557,14:20:12,10.55,-0.01,2,2131,卖盘
558,14:20:09,10.56,--,80,84480,买盘
559,14:20:06,10.56,0.01,101,106656,买盘
560,14:20:03,10.55,--,2,2110,卖盘
561,14:20:00,10.55,-0.01,303,319960,卖盘
562,14:19:57,10.56,--,220,232320,买盘
563,14:19:51,10.56,0.01,1,1056,买盘
564,14:19:45,10.55,-0.01,2,2110,卖盘
565,14:19:39,10.56,--,253,267168,买盘
566,14:19:36,10.56,--,2,2112,买盘
567,14:19:33,10.56,--,1,1056,买盘
568,14:19:21,10.56,0.01,1,1056,买盘
569,14:19:18,10.55,--,28,29540,卖盘
570,14:19:15,10.55,--,2,2141,卖盘
571,14:19:12,10.55,--,1,1055,卖盘
572,14:19:09,10.55,--,16,16880,卖盘
573,14:19:00,10.55,--,26,27430,卖盘
574,14:18:57,10.55,--,14,15065,卖盘
575,14:18:54,10.55,-0.01,1,1055,卖盘
576,14:18:51,10.56,--,5,5280,买盘
577,14:18:45,10.56,0.01,16,16896,买盘
578,14:18:42,10.55,-0.01,2,2110,卖盘
579,14:18:39,10.56,--,256,270336,买盘
580,14:18:33,10.56,0.01,25,26400,买盘
581,14:18:27,10.55,-0.01,16,16880,卖盘
582,14:18:24,10.56,--,45,47520,买盘
583,14:18:21,10.56,0.01,1,1056,买盘
584,14:18:18,10.55,-0.01,24,25341,卖盘
585,14:18:15,10.56,0.01,12,12672,买盘
586,14:18:12,10.55,--,22,23210,卖盘
587,14:18:09,10.55,-0.01,6,6330,卖盘
588,14:18:03,10.56,0.01,18,19008,买盘
589,14:18:00,10.55,--,15,15825,卖盘
590,14:17:57,10.55,--,25,26670,卖盘
591,14:17:54,10.55,--,6,6330,卖盘
592,14:17:48,10.55,--,3,3165,卖盘
593,14:17:45,10.55,--,1,1055,卖盘
594,14:17:39,10.55,--,97,102335,卖盘
595,14:17:36,10.55,--,4,4220,卖盘
596,14:17:30,10.55,--,7,7385,卖盘
597,14:17:27,10.55,-0.01,1,1055,卖盘
598,14:17:24,10.56,0.01,73,77088,买盘
599,14:17:21,10.55,--,53,55915,卖盘
600,14:17:18,10.55,-0.01,2,2141,卖盘
601,14:17:12,10.56,0.01,151,159456,买盘
602,14:17:06,10.55,--,1,1055,卖盘
603,14:17:00,10.55,--,14,14770,卖盘
604,14:16:57,10.55,--,23,24560,卖盘
605,14:16:54,10.55,--,2,2110,卖盘
606,14:16:51,10.55,-0.01,10,10550,卖盘
607,14:16:45,10.56,0.01,1,1056,买盘
608,14:16:42,10.55,-0.01,23,24265,卖盘
609,14:16:39,10.56,--,2,2112,买盘
610,14:16:36,10.56,0.01,31,32736,买盘
611,14:16:33,10.55,-0.01,22,23210,卖盘
612,14:16:24,10.56,0.01,21,22176,买盘
613,14:16:21,10.55,--,3,3186,卖盘
614,14:16:09,10.55,--,24,25320,卖盘
615,14:16:06,10.55,--,13,13715,卖盘
616,14:16:00,10.55,--,3,3460,卖盘
617,14:15:54,10.55,0.01,44,46747,买盘
618,14:15:51,10.54,-0.01,29,30565,卖盘
619,14:15:48,10.55,--,9,9495,买盘
620,14:15:45,10.55,--,34,35870,买盘
621,14:15:39,10.55,0.01,3,3165,买盘
622,14:15:33,10.54,-0.01,19,20026,卖盘
623,14:15:30,10.55,--,30,32377,卖盘
624,14:15:24,10.55,-0.01,47,49616,卖盘
625,14:15:21,10.56,--,1,1056,买盘
626,14:15:15,10.56,--,76,80256,买盘
627,14:15:12,10.56,--,8,8448,买盘
628,14:15:09,10.56,0.01,16,16896,买盘
629,14:15:03,10.55,--,9,9495,卖盘
630,14:15:00,10.55,--,37,39035,卖盘
631,14:14:57,10.55,-0.01,3,3460,卖盘
632,14:14:45,10.56,--,5,5280,买盘
633,14:14:42,10.56,--,10,10560,买盘
634,14:14:39,10.56,--,13,13728,买盘
635,14:14:33,10.56,--,48,51152,卖盘
636,14:14:30,10.56,--,39,41184,卖盘
637,14:14:21,10.56,--,39,41184,卖盘
638,14:14:18,10.56,0.01,271,286767,买盘
639,14:14:15,10.55,--,11,11605,卖盘
640,14:14:12,10.55,-0.01,22,23210,卖盘
641,14:14:09,10.56,--,15,15840,买盘
642,14:14:06,10.56,0.01,44,46464,买盘
643,14:14:03,10.55,-0.01,21,22155,卖盘
644,14:14:00,10.56,0.01,27,28512,买盘
645,14:13:57,10.55,0.01,3,3460,中性盘
646,14:13:51,10.54,-0.02,45,47429,卖盘
647,14:13:45,10.56,--,8,8448,买盘
648,14:13:42,10.56,0.01,6,6336,买盘
649,14:13:33,10.55,0.01,122,128710,买盘
650,14:13:30,10.54,--,1,1054,卖盘
651,14:13:24,10.54,-0.02,24,25295,卖盘
652,14:13:21,10.56,--,39,41184,买盘
653,14:13:18,10.56,--,1,1056,买盘
654,14:13:09,10.56,0.02,107,112992,买盘
655,14:13:06,10.54,-0.01,2,2108,卖盘
656,14:13:03,10.55,0.01,12,12660,买盘
657,14:12:57,10.54,-0.01,34,36131,卖盘
658,14:12:54,10.55,0.01,10,10550,买盘
659,14:12:51,10.54,--,9,9486,卖盘
660,14:12:42,10.54,--,1,1054,卖盘
661,14:12:39,10.54,--,67,70618,卖盘
662,14:12:33,10.54,--,8,8432,卖盘
663,14:12:30,10.54,--,13,13701,卖盘
664,14:12:24,10.54,-0.01,53,55861,卖盘
665,14:12:21,10.55,0.01,1,1055,买盘
666,14:12:15,10.54,-0.01,8,8432,卖盘
667,14:12:12,10.55,--,13,13715,买盘
668,14:12:09,10.55,0.01,38,40090,买盘
669,14:12:06,10.54,--,23,24241,卖盘
670,14:12:03,10.54,--,10,10540,卖盘
671,14:12:00,10.54,--,18,18972,卖盘
672,14:11:57,10.54,-0.01,4,4511,卖盘
673,14:11:54,10.55,0.01,1,1055,买盘
674,14:11:51,10.54,--,24,25295,卖盘
675,14:11:42,10.54,-0.01,8,8432,卖盘
676,14:11:39,10.55,0.01,6,6330,买盘
677,14:11:36,10.54,--,31,32673,卖盘
678,14:11:30,10.54,--,13,13701,卖盘
679,14:11:27,10.54,--,56,59023,卖盘
680,14:11:21,10.54,-0.01,1,1054,卖盘
681,14:11:18,10.55,0.01,1,1055,买盘
682,14:11:15,10.54,--,3,3161,卖盘
683,14:11:12,10.54,-0.01,7,7377,卖盘
684,14:11:09,10.55,0.01,6,6330,买盘
685,14:11:06,10.54,-0.01,11,11593,卖盘
686,14:11:03,10.55,--,3,3924,卖盘
687,14:10:57,10.55,--,18,19285,卖盘
688,14:10:54,10.55,--,1,1055,卖盘
689,14:10:51,10.55,--,21,22155,卖盘
690,14:10:45,10.55,0.01,24,25320,中性盘
691,14:10:42,10.54,-0.02,13,13701,卖盘
692,14:10:39,10.56,0.01,81,85536,买盘
693,14:10:36,10.55,--,7,7385,买盘
694,14:10:33,10.55,0.01,7,7385,买盘
695,14:10:27,10.54,--,21,22134,卖盘
696,14:10:21,10.54,-0.01,146,153884,卖盘
697,14:10:18,10.55,0.01,1,1055,买盘
698,14:10:15,10.54,-0.01,29,30565,卖盘
699,14:10:12,10.55,--,25,26375,买盘
700,14:10:09,10.55,0.01,6,6330,买盘
701,14:10:06,10.54,-0.01,2,2108,卖盘
702,14:10:00,10.55,--,1,1814,卖盘
703,14:09:57,10.55,--,27,28780,卖盘
704,14:09:54,10.55,--,115,121325,卖盘
705,14:09:51,10.55,-0.01,64,67520,卖盘
706,14:09:45,10.56,0.01,2,2112,买盘
707,14:09:39,10.55,0.01,32,34741,买盘
708,14:09:36,10.54,--,3,3161,卖盘
709,14:09:33,10.54,-0.01,58,61131,卖盘
710,14:09:27,10.55,0.01,5,5275,买盘
711,14:09:24,10.54,-0.01,2,2108,卖盘
712,14:09:21,10.55,--,1,1055,买盘
713,14:09:12,10.55,--,34,35870,买盘
714,14:09:09,10.55,--,167,176258,卖盘
715,14:09:06,10.55,-0.01,1,1055,卖盘
716,14:09:03,10.56,0.01,10,10560,买盘
717,14:09:00,10.55,-0.01,2,2110,卖盘
718,14:08:57,10.56,--,26,27751,买盘
719,14:08:51,10.56,0.01,26,27456,买盘
720,14:08:48,10.55,--,100,105500,卖盘
721,14:08:45,10.55,--,1,1055,卖盘
722,14:08:42,10.55,--,13,13715,卖盘
723,14:08:39,10.55,--,8,8440,卖盘
724,14:08:30,10.55,-0.01,2,2110,卖盘
725,14:08:27,10.56,--,37,39072,买盘
726,14:08:21,10.56,0.01,2,2112,买盘
727,14:08:18,10.55,--,1,1055,卖盘
728,14:08:12,10.55,-0.01,22,23210,卖盘
729,14:08:09,10.56,0.01,16,16896,买盘
730,14:08:06,10.55,--,3,3165,卖盘
731,14:08:00,10.55,-0.01,1,1055,卖盘
732,14:07:57,10.56,0.01,31,33031,买盘
733,14:07:54,10.55,--,1053,1110915,卖盘
734,14:07:51,10.55,--,21,22155,卖盘
735,14:07:45,10.55,-0.01,2,2110,卖盘
736,14:07:42,10.56,--,15,15840,买盘
737,14:07:39,10.56,--,12,12672,买盘
738,14:07:36,10.56,0.01,1,1056,买盘
739,14:07:33,10.55,-0.01,19,20045,卖盘
740,14:07:30,10.56,--,8,8448,买盘
741,14:07:27,10.56,0.01,8,8448,买盘
742,14:07:21,10.55,-0.01,28,29540,卖盘
743,14:07:15,10.56,0.01,21,22176,买盘
744,14:07:12,10.55,-0.01,2,2110,卖盘
745,14:07:09,10.56,--,6,6336,买盘
746,14:07:06,10.56,0.01,1,1056,买盘
747,14:07:03,10.55,--,1,1055,卖盘
748,14:07:00,10.55,0.01,143,151255,买盘
749,14:06:57,10.54,--,4,4511,卖盘
750,14:06:54,10.54,-0.01,21,22134,卖盘
751,14:06:51,10.55,--,2,2110,买盘
752,14:06:45,10.55,0.01,1,1055,买盘
753,14:06:39,10.54,-0.01,1,1054,卖盘
754,14:06:36,10.55,0.01,31,32705,买盘
755,14:06:33,10.54,--,8,8432,卖盘
756,14:06:30,10.54,-0.01,10,10540,卖盘
757,14:06:27,10.55,0.01,1113,1174215,买盘
758,14:06:15,10.54,-0.01,7,7377,卖盘
759,14:06:12,10.55,0.01,3,3165,买盘
760,14:06:09,10.54,-0.01,25,26349,卖盘
761,14:06:06,10.55,--,15,15825,买盘
762,14:06:03,10.55,0.01,6,6330,买盘
763,14:06:00,10.54,--,20,21080,卖盘
764,14:05:54,10.54,-0.01,13,13997,卖盘
765,14:05:51,10.55,0.01,10,10550,买盘
766,14:05:48,10.54,--,108,113831,卖盘
767,14:05:45,10.54,--,9,9486,卖盘
768,14:05:42,10.54,--,1,1054,卖盘
769,14:05:39,10.54,-0.01,8,8432,卖盘
770,14:05:36,10.55,--,5,5275,买盘
771,14:05:33,10.55,--,31,32705,买盘
772,14:05:30,10.55,0.01,17,17935,买盘
773,14:05:27,10.54,--,1,1054,卖盘
774,14:05:24,10.54,--,28,29511,买盘
775,14:05:21,10.54,--,6,6323,买盘
776,14:05:18,10.54,--,33,34782,卖盘
777,14:05:12,10.54,--,23,24241,卖盘
778,14:05:09,10.54,--,183,192881,买盘
779,14:05:06,10.54,--,7,7377,买盘
780,14:05:03,10.54,0.01,76,80104,买盘
781,14:05:00,10.53,0.01,236,248507,中性盘
782,14:04:54,10.52,--,46,48812,卖盘
783,14:04:51,10.52,--,9,9468,卖盘
784,14:04:48,10.52,-0.01,1,1052,卖盘
785,14:04:45,10.53,--,27,28431,买盘
786,14:04:42,10.53,--,10,10530,买盘
787,14:04:39,10.53,--,340,358946,卖盘
788,14:04:36,10.53,-0.01,44,46332,卖盘
789,14:04:27,10.54,0.01,7,7377,买盘
790,14:04:24,10.53,--,20,21060,卖盘
791,14:04:15,10.53,-0.01,9,9477,卖盘
792,14:04:12,10.54,--,1,1054,买盘
793,14:04:09,10.54,--,459,483785,买盘
794,14:04:06,10.54,--,4,4216,买盘
795,14:04:03,10.54,0.01,7,7377,买盘
796,14:04:00,10.53,--,1,1053,卖盘
797,14:03:57,10.53,-0.01,15,16089,卖盘
798,14:03:54,10.54,--,24,25295,买盘
799,14:03:51,10.54,0.01,6,6323,买盘
800,14:03:48,10.53,-0.01,3,3159,卖盘
801,14:03:45,10.54,0.01,1,1054,买盘
802,14:03:42,10.53,-0.01,107,112671,卖盘
803,14:03:39,10.54,0.01,2,2108,买盘
804,14:03:36,10.53,--,26,27378,卖盘
805,14:03:33,10.53,-0.01,2,2106,卖盘
806,14:03:30,10.54,0.01,50,52699,买盘
807,14:03:27,10.53,--,11,11583,卖盘
808,14:03:21,10.53,-0.01,8,8424,卖盘
809,14:03:18,10.54,0.01,32,33728,买盘
810,14:03:15,10.53,-0.01,4,4212,卖盘
811,14:03:12,10.54,0.01,85,89590,买盘
812,14:03:09,10.53,-0.01,8,8424,卖盘
813,14:03:06,10.54,0.01,8,8432,买盘
814,14:03:00,10.53,-0.01,11,11583,卖盘
815,14:02:57,10.54,0.01,8,8432,买盘
816,14:02:54,10.53,-0.01,5,5559,卖盘
817,14:02:51,10.54,0.01,31,32673,买盘
818,14:02:45,10.53,--,37,38961,卖盘
819,14:02:39,10.53,--,25,26325,卖盘
820,14:02:36,10.53,--,19,20007,卖盘
821,14:02:33,10.53,-0.01,24,25272,卖盘
822,14:02:30,10.54,--,9,9486,买盘
823,14:02:27,10.54,0.01,7,7377,买盘
824,14:02:24,10.53,-0.01,108,113724,卖盘
825,14:02:12,10.54,--,6,6323,买盘
826,14:02:09,10.54,0.01,1,1054,买盘
827,14:02:03,10.53,--,79,83187,卖盘
828,14:02:00,10.53,--,11,11583,卖盘
829,14:01:57,10.53,--,6,6318,卖盘
830,14:01:54,10.53,--,3,3453,卖盘
831,14:01:51,10.53,-0.01,7,7371,卖盘
832,14:01:48,10.54,0.01,1,1054,买盘
833,14:01:45,10.53,-0.01,101,106353,卖盘
834,14:01:42,10.54,--,9,9486,买盘
835,14:01:30,10.54,--,8,8432,买盘
836,14:01:24,10.54,0.01,28,29511,买盘
837,14:01:21,10.53,--,1,1053,卖盘
838,14:01:18,10.53,--,15,15794,卖盘
839,14:01:15,10.53,--,1,1053,卖盘
840,14:01:09,10.53,-0.01,47,49491,卖盘
841,14:01:06,10.54,0.01,7,7377,买盘
842,14:01:00,10.53,--,3,3159,卖盘
843,14:00:57,10.53,-0.01,1,1053,卖盘
844,14:00:54,10.54,--,30,31915,买盘
845,14:00:51,10.54,--,3,3161,买盘
846,14:00:45,10.54,--,8,8432,买盘
847,14:00:42,10.54,--,351,369953,买盘
848,14:00:39,10.54,0.01,15,15809,买盘
849,14:00:36,10.53,-0.01,11,11583,卖盘
850,14:00:33,10.54,--,6,6323,买盘
851,14:00:30,10.54,--,18,18972,买盘
852,14:00:27,10.54,--,12,12647,买盘
853,14:00:24,10.54,0.01,7,7377,买盘
854,14:00:21,10.53,-0.01,1,1053,卖盘
855,14:00:18,10.54,0.01,5,5270,买盘
856,14:00:15,10.53,--,1,1053,卖盘
857,14:00:12,10.53,--,9,9477,卖盘
858,14:00:09,10.53,-0.01,24,25272,卖盘
859,14:00:03,10.54,--,10,10540,买盘
860,14:00:00,10.54,-0.01,52,54807,中性盘
861,13:59:54,10.55,0.01,97,102335,买盘
862,13:59:51,10.54,--,8,8432,买盘
863,13:59:45,10.54,0.01,10,10540,买盘
864,13:59:42,10.53,-0.02,1,1053,卖盘
865,13:59:33,10.55,0.01,64,67520,买盘
866,13:59:30,10.54,--,8,8432,买盘
867,13:59:27,10.54,--,235,247689,卖盘
868,13:59:24,10.54,--,249,262446,卖盘
869,13:59:21,10.54,--,3,3161,卖盘
870,13:59:18,10.54,--,407,428977,卖盘
871,13:59:09,10.54,-0.01,101,106453,卖盘
872,13:59:06,10.55,0.01,18,18990,买盘
873,13:59:00,10.54,--,10,10540,卖盘
874,13:58:57,10.54,--,260,274040,买盘
875,13:58:54,10.54,0.01,9,9486,买盘
876,13:58:48,10.53,-0.01,24,25272,卖盘
877,13:58:45,10.54,--,17,17918,买盘
878,13:58:42,10.54,--,25,26349,买盘
879,13:58:39,10.54,--,11,11593,买盘
880,13:58:36,10.54,0.01,46,48483,买盘
881,13:58:33,10.53,--,5,5265,卖盘
882,13:58:30,10.53,-0.01,21,22113,卖盘
883,13:58:24,10.54,--,2,2108,买盘
884,13:58:21,10.54,0.01,32,33728,买盘
885,13:58:18,10.53,--,8,8424,卖盘
886,13:58:15,10.53,-0.01,3,3159,卖盘
887,13:58:12,10.54,0.01,7,7377,买盘
888,13:58:09,10.53,-0.01,1,1053,卖盘
889,13:58:06,10.54,--,71,74834,买盘
890,13:58:03,10.54,--,90,94859,买盘
891,13:57:57,10.54,--,13,13701,买盘
892,13:57:51,10.54,--,16,16864,买盘
893,13:57:48,10.54,--,7,7377,买盘
894,13:57:45,10.54,0.01,1,1054,买盘
895,13:57:39,10.53,-0.01,38,40014,卖盘
896,13:57:36,10.54,--,20,21080,买盘
897,13:57:27,10.54,--,7,7377,买盘
898,13:57:24,10.54,0.01,10,10540,买盘
899,13:57:21,10.53,-0.01,3,3159,卖盘
900,13:57:18,10.54,--,7,7377,买盘
901,13:57:15,10.54,0.01,18,18972,买盘
902,13:57:12,10.53,-0.01,4,4212,卖盘
903,13:57:06,10.54,0.01,17,17918,买盘
904,13:57:00,10.53,-0.01,4,4212,卖盘
905,13:56:57,10.54,-0.01,33,34782,卖盘
906,13:56:54,10.55,0.01,6,6330,买盘
907,13:56:51,10.54,--,1,1054,卖盘
908,13:56:48,10.54,-0.01,200,210799,卖盘
909,13:56:45,10.55,0.01,8,8440,买盘
910,13:56:36,10.54,-0.01,20,21080,卖盘
911,13:56:33,10.55,0.01,6,6330,买盘
912,13:56:30,10.54,--,29,30565,卖盘
913,13:56:27,10.54,-0.01,29,30565,卖盘
914,13:56:21,10.55,0.01,7,7385,买盘
915,13:56:18,10.54,--,23,24241,卖盘
916,13:56:15,10.54,--,1,1054,卖盘
917,13:56:12,10.54,-0.01,1,1054,卖盘
918,13:56:09,10.55,0.01,7,7385,买盘
919,13:56:06,10.54,-0.01,201,211853,卖盘
920,13:56:03,10.55,--,2,2110,买盘
921,13:56:00,10.55,--,24,25320,买盘
922,13:55:54,10.55,0.01,11,11605,买盘
923,13:55:51,10.54,-0.01,201,211853,卖盘
924,13:55:48,10.55,0.01,30,31650,买盘
925,13:55:45,10.54,--,26,27403,卖盘
926,13:55:42,10.54,-0.01,1,1054,卖盘
927,13:55:39,10.55,0.01,7,7385,买盘
928,13:55:30,10.54,-0.01,41,43214,卖盘
929,13:55:27,10.55,0.01,7,7385,买盘
930,13:55:21,10.54,-0.01,64,67456,卖盘
931,13:55:18,10.55,--,76,80180,买盘
932,13:55:15,10.55,0.01,7,7385,买盘
933,13:55:12,10.54,--,10,10540,卖盘
934,13:55:09,10.54,-0.01,11,11593,卖盘
935,13:55:06,10.55,--,58,61190,买盘
936,13:54:57,10.55,--,9,9495,买盘
937,13:54:54,10.55,--,7,7385,买盘
938,13:54:45,10.55,--,48,50640,买盘
939,13:54:42,10.55,0.01,8,8440,买盘
940,13:54:39,10.54,-0.01,190,200259,卖盘
941,13:54:33,10.55,0.01,8,8440,买盘
942,13:54:30,10.54,--,50,52699,卖盘
943,13:54:27,10.54,-0.01,87,91697,卖盘
944,13:54:21,10.55,0.01,77,81235,买盘
945,13:54:18,10.54,--,7,7377,卖盘
946,13:54:12,10.54,-0.01,9,9486,卖盘
947,13:54:09,10.55,0.01,10,10550,买盘
948,13:54:06,10.54,--,1,1054,卖盘
949,13:54:03,10.54,--,1,1054,卖盘
950,13:54:00,10.54,--,28,29511,卖盘
951,13:53:57,10.54,-0.01,1,1054,卖盘
952,13:53:54,10.55,0.01,15,15825,买盘
953,13:53:51,10.54,--,22,23187,卖盘
954,13:53:48,10.54,--,16,16864,卖盘
955,13:53:42,10.54,-0.01,1,1054,卖盘
956,13:53:39,10.55,--,17,17935,买盘
957,13:53:33,10.55,0.01,182,192010,买盘
958,13:53:30,10.54,-0.01,1,1054,卖盘
959,13:53:27,10.55,--,6,6330,买盘
960,13:53:24,10.55,--,18,18990,买盘
961,13:53:21,10.55,--,3,3165,买盘
962,13:53:18,10.55,0.01,402,424110,买盘
963,13:53:15,10.54,-0.01,1,1054,卖盘
964,13:53:12,10.55,0.01,24,25320,买盘
965,13:53:09,10.54,-0.01,1,1054,卖盘
966,13:53:06,10.55,--,50,52750,买盘
967,13:53:03,10.55,--,7,7385,买盘
968,13:52:51,10.55,0.01,8,8440,买盘
969,13:52:48,10.54,-0.01,1,1054,卖盘
970,13:52:45,10.55,--,3,3165,买盘
971,13:52:42,10.55,--,95,100225,买盘
972,13:52:39,10.55,0.01,1,1055,买盘
973,13:52:36,10.54,-0.01,1,1054,卖盘
974,13:52:33,10.55,--,89,93895,买盘
975,13:52:30,10.55,0.01,6,6330,买盘
976,13:52:27,10.54,--,13,13701,卖盘
977,13:52:24,10.54,--,21,22134,卖盘
978,13:52:21,10.54,--,8,8432,卖盘
979,13:52:15,10.54,-0.01,1,1054,卖盘
980,13:52:12,10.55,--,2,2110,买盘
981,13:52:06,10.55,0.02,32,33760,买盘
982,13:52:03,10.53,-0.01,5,5265,卖盘
983,13:52:00,10.54,0.01,8,8432,买盘
984,13:51:57,10.53,--,11,11583,卖盘
985,13:51:54,10.53,-0.01,1,1053,卖盘
986,13:51:48,10.54,0.01,29,30565,买盘
987,13:51:42,10.53,-0.01,17,17901,卖盘
988,13:51:39,10.54,0.01,32,33728,买盘
989,13:51:36,10.53,-0.01,1,1053,卖盘
990,13:51:33,10.54,0.01,174,183395,买盘
991,13:51:30,10.53,--,21,22113,卖盘
992,13:51:27,10.53,-0.01,32,33696,卖盘
993,13:51:24,10.54,--,11,11593,买盘
994,13:51:21,10.54,0.01,10,10540,买盘
995,13:51:15,10.53,-0.01,33,34749,卖盘
996,13:51:12,10.54,0.01,30,31619,买盘
997,13:51:09,10.53,--,1,1053,卖盘
998,13:51:06,10.53,-0.01,1,1053,卖盘
999,13:51:03,10.54,--,150,158100,买盘
1000,13:51:00,10.54,--,28,29511,买盘
1001,13:50:57,10.54,0.01,31,32673,买盘
1002,13:50:51,10.53,-0.01,2,2106,卖盘
1003,13:50:48,10.54,--,258,271932,卖盘
1004,13:50:45,10.54,--,21,22134,卖盘
1005,13:50:42,10.54,-0.01,10,10540,卖盘
1006,13:50:39,10.55,--,37,39035,买盘
1007,13:50:36,10.55,--,1,1055,买盘
1008,13:50:33,10.55,--,1,1055,买盘
1009,13:50:30,10.55,--,11,11605,买盘
1010,13:50:27,10.55,0.01,28,29540,买盘
1011,13:50:24,10.54,--,1,1054,卖盘
1012,13:50:21,10.54,-0.01,51,53753,中性盘
1013,13:50:15,10.55,--,9,9495,买盘
1014,13:50:09,10.55,--,1,1055,买盘
1015,13:50:06,10.55,--,6,6330,买盘
1016,13:50:03,10.55,0.02,88,92840,买盘
1017,13:50:00,10.53,-0.01,21,22113,卖盘
1018,13:49:57,10.54,--,9,9486,买盘
1019,13:49:54,10.54,--,90,94859,买盘
1020,13:49:48,10.54,--,13,13701,买盘
1021,13:49:45,10.54,0.01,29,30565,买盘
1022,13:49:39,10.53,-0.01,22,23166,卖盘
1023,13:49:36,10.54,--,1,1054,买盘
1024,13:49:33,10.54,--,24,25295,买盘
1025,13:49:30,10.54,--,2,2108,买盘
1026,13:49:27,10.54,--,18,18972,买盘
1027,13:49:24,10.54,--,2,2108,买盘
1028,13:49:21,10.54,0.01,29,30565,买盘
1029,13:49:18,10.53,--,2,2106,卖盘
1030,13:49:15,10.53,--,34,35802,卖盘
1031,13:49:12,10.53,-0.01,22,23166,卖盘
1032,13:49:09,10.54,--,2,2108,买盘
1033,13:49:06,10.54,--,125,131750,买盘
1034,13:49:03,10.54,0.01,107,112777,买盘
1035,13:48:57,10.53,--,1,1053,卖盘
1036,13:48:54,10.53,--,2,2106,卖盘
1037,13:48:51,10.53,--,9,9477,卖盘
1038,13:48:48,10.53,-0.01,32,33696,卖盘
1039,13:48:45,10.54,--,1,1054,买盘
1040,13:48:42,10.54,--,20,21080,买盘
1041,13:48:39,10.54,--,11,11593,买盘
1042,13:48:36,10.54,0.01,2,2108,买盘
1043,13:48:33,10.53,-0.01,90,94770,卖盘
1044,13:48:30,10.54,0.01,3,3161,买盘
1045,13:48:27,10.53,-0.01,36,37908,卖盘
1046,13:48:24,10.54,--,7,7377,买盘
1047,13:48:15,10.54,0.01,7,7377,买盘
1048,13:48:12,10.53,--,1,1053,卖盘
1049,13:48:09,10.53,--,112,117936,卖盘
1050,13:48:03,10.53,--,35,36855,卖盘
1051,13:48:00,10.53,-0.01,1,1053,卖盘
1052,13:47:54,10.54,--,7,7377,买盘
1053,13:47:51,10.54,--,2,2108,买盘
1054,13:47:48,10.54,--,146,153884,买盘
1055,13:47:42,10.54,0.01,16,16864,买盘
1056,13:47:39,10.53,-0.01,19,20007,卖盘
1057,13:47:36,10.54,0.01,1,1054,买盘
1058,13:47:33,10.53,-0.01,1,1053,卖盘
1059,13:47:30,10.54,0.01,7,7377,买盘
1060,13:47:21,10.53,-0.01,10,10530,卖盘
1061,13:47:18,10.54,0.01,7,7377,买盘
1062,13:47:15,10.53,-0.01,1,1053,卖盘
1063,13:47:12,10.54,0.01,2,2108,买盘
1064,13:47:09,10.53,0.01,135,142155,买盘
1065,13:47:06,10.52,--,18,18936,卖盘
1066,13:47:03,10.52,--,6,6312,卖盘
1067,13:46:54,10.52,--,34,35768,卖盘
1068,13:46:51,10.52,-0.01,2,2104,卖盘
1069,13:46:45,10.53,--,7,7371,买盘
1070,13:46:42,10.53,--,11,11583,买盘
1071,13:46:39,10.53,--,1,1053,买盘
1072,13:46:36,10.53,--,1,1053,买盘
1073,13:46:33,10.53,--,19,20007,买盘
1074,13:46:30,10.53,--,13,13689,买盘
1075,13:46:24,10.53,0.01,56,58968,买盘
1076,13:46:21,10.52,-0.01,13,13676,卖盘
1077,13:46:12,10.53,0.01,7,7371,买盘
1078,13:46:06,10.52,-0.01,1,1052,卖盘
1079,13:46:00,10.53,0.01,7,7371,买盘
1080,13:45:57,10.52,-0.01,1,1052,卖盘
1081,13:45:51,10.53,--,9,9477,买盘
1082,13:45:48,10.53,--,123,129518,买盘
1083,13:45:45,10.53,--,20,21060,买盘
1084,13:45:39,10.53,--,2,2106,买盘
1085,13:45:36,10.53,--,8,8424,买盘
1086,13:45:30,10.53,0.01,107,112671,买盘
1087,13:45:27,10.52,-0.01,7,7364,卖盘
1088,13:45:24,10.53,0.01,115,121094,买盘
1089,13:45:21,10.52,-0.01,32,33664,卖盘
1090,13:45:18,10.53,0.01,26,27378,买盘
1091,13:45:15,10.52,--,8,8416,卖盘
1092,13:45:12,10.52,--,1,1052,卖盘
1093,13:45:09,10.52,--,11,11572,卖盘
1094,13:45:06,10.52,--,31,32612,卖盘
1095,13:45:03,10.52,--,37,38924,卖盘
1096,13:44:57,10.52,-0.01,34,35768,卖盘
1097,13:44:54,10.53,--,7,7371,买盘
1098,13:44:51,10.53,--,14,14742,卖盘
1099,13:44:48,10.53,-0.01,172,181116,卖盘
1100,13:44:45,10.54,0.01,6,6323,买盘
1101,13:44:42,10.53,--,37,38961,卖盘
1102,13:44:39,10.53,-0.01,2,2106,卖盘
1103,13:44:36,10.54,--,33,34782,买盘
1104,13:44:33,10.54,0.01,12,12647,买盘
1105,13:44:30,10.53,--,69,72657,卖盘
1106,13:44:27,10.53,--,26,27378,卖盘
1107,13:44:21,10.53,--,20,21060,卖盘
1108,13:44:18,10.53,-0.01,21,22113,卖盘
1109,13:44:15,10.54,0.01,16,16864,买盘
1110,13:44:09,10.53,--,9,9477,卖盘
1111,13:44:06,10.53,-0.01,1,1053,中性盘
1112,13:44:00,10.54,0.01,11,11593,买盘
1113,13:43:57,10.53,--,62,65285,卖盘
1114,13:43:54,10.53,--,37,38961,卖盘
1115,13:43:51,10.53,-0.01,231,243242,卖盘
1116,13:43:48,10.54,0.01,129,135966,买盘
1117,13:43:45,10.53,-0.01,1,1053,卖盘
1118,13:43:39,10.54,--,1,1054,买盘
1119,13:43:36,10.54,--,8,8432,买盘
1120,13:43:27,10.54,--,8,8432,买盘
1121,13:43:24,10.54,0.01,18,18972,买盘
1122,13:43:21,10.53,--,4,4212,卖盘
1123,13:43:18,10.53,--,15,15794,卖盘
1124,13:43:15,10.53,-0.01,47,49491,卖盘
1125,13:43:12,10.54,0.01,18,18972,买盘
1126,13:43:06,10.53,-0.01,17,17901,卖盘
1127,13:43:03,10.54,0.01,307,323578,买盘
1128,13:43:00,10.53,--,14,14742,卖盘
1129,13:42:57,10.53,-0.01,2,2106,卖盘
1130,13:42:54,10.54,0.01,7,7377,买盘
1131,13:42:51,10.53,--,2,2106,卖盘
1132,13:42:48,10.53,-0.01,7,7371,卖盘
1133,13:42:45,10.54,--,134,141236,买盘
1134,13:42:42,10.54,--,7,7377,买盘
1135,13:42:39,10.54,--,1,1054,买盘
1136,13:42:36,10.54,--,6,6323,买盘
1137,13:42:33,10.54,0.01,2,2108,买盘
1138,13:42:30,10.53,--,9,9477,卖盘
1139,13:42:27,10.53,-0.01,35,36855,卖盘
1140,13:42:21,10.54,--,7,7377,买盘
1141,13:42:18,10.54,0.01,47,49537,买盘
1142,13:42:15,10.53,--,6,6318,卖盘
1143,13:42:12,10.53,-0.01,3,3159,卖盘
1144,13:42:09,10.54,0.01,7,7377,买盘
1145,13:42:06,10.53,--,7,7371,卖盘
1146,13:42:03,10.53,--,21,22113,卖盘
1147,13:42:00,10.53,--,7,7371,卖盘
1148,13:41:57,10.53,-0.01,1,1053,卖盘
1149,13:41:54,10.54,0.01,17,17918,买盘
1150,13:41:51,10.53,--,5,5265,卖盘
1151,13:41:48,10.53,-0.01,100,105300,卖盘
1152,13:41:45,10.54,0.01,189,199205,买盘
1153,13:41:42,10.53,-0.01,10,10530,卖盘
1154,13:41:39,10.54,--,1,1054,买盘
1155,13:41:36,10.54,--,8,8432,买盘
1156,13:41:33,10.54,--,1,1054,买盘
1157,13:41:24,10.54,0.02,11,11593,买盘
1158,13:41:21,10.52,-0.02,1,1052,卖盘
1159,13:41:15,10.54,--,8,8432,买盘
1160,13:41:12,10.54,0.02,9,9486,买盘
1161,13:41:09,10.52,--,7,7364,卖盘
1162,13:41:06,10.52,-0.01,20,21040,卖盘
1163,13:41:03,10.53,0.01,38,40014,买盘
1164,13:40:57,10.52,--,1,1052,卖盘
1165,13:40:54,10.52,--,7,7364,卖盘
1166,13:40:51,10.52,-0.02,18,18936,卖盘
1167,13:40:48,10.54,--,1,1054,买盘
1168,13:40:45,10.54,0.02,122,128587,买盘
1169,13:40:42,10.52,-0.01,22,23144,卖盘
1170,13:40:39,10.53,0.01,13,13689,买盘
1171,13:40:36,10.52,-0.01,10,10520,卖盘
1172,13:40:30,10.53,-0.01,42,44226,卖盘
1173,13:40:27,10.54,0.01,99,104345,买盘
1174,13:40:24,10.53,--,6,6318,买盘
1175,13:40:21,10.53,--,15,15794,买盘
1176,13:40:18,10.53,0.01,49,51597,买盘
1177,13:40:12,10.52,-0.01,132,138864,卖盘
1178,13:40:09,10.53,--,20,21060,买盘
1179,13:40:06,10.53,0.01,18,18954,买盘
1180,13:40:03,10.52,-0.01,11,11572,卖盘
1181,13:39:57,10.53,--,29,30536,买盘
1182,13:39:54,10.53,--,72,75816,卖盘
1183,13:39:51,10.53,0.01,58,61073,买盘
1184,13:39:48,10.52,-0.01,8,8416,卖盘
1185,13:39:45,10.53,--,7,7371,买盘
1186,13:39:42,10.53,--,122,128465,买盘
1187,13:39:39,10.53,--,35,36855,买盘
1188,13:39:36,10.53,--,7,7371,买盘
1189,13:39:33,10.53,0.01,193,203229,买盘
1190,13:39:27,10.52,-0.01,1,1052,卖盘
1191,13:39:24,10.53,--,6,6318,买盘
1192,13:39:21,10.53,0.01,2,2106,买盘
1193,13:39:18,10.52,-0.01,50,52600,卖盘
1194,13:39:15,10.53,--,16,16848,买盘
1195,13:39:12,10.53,0.01,167,175851,买盘
1196,13:39:06,10.52,--,5,5260,卖盘
1197,13:39:03,10.52,-0.01,1,1052,卖盘
1198,13:39:00,10.53,--,8,8424,买盘
1199,13:38:57,10.53,--,5,5265,买盘
1200,13:38:51,10.53,0.01,309,325377,买盘
1201,13:38:45,10.52,-0.01,12,12624,卖盘
1202,13:38:39,10.53,--,129,135837,买盘
1203,13:38:36,10.53,0.01,150,157950,买盘
1204,13:38:30,10.52,--,86,90472,卖盘
1205,13:38:27,10.52,--,42,44184,卖盘
1206,13:38:24,10.52,--,13,13676,卖盘
1207,13:38:21,10.52,-0.01,28,29456,卖盘
1208,13:38:18,10.53,0.01,40,42120,买盘
1209,13:38:15,10.52,--,1,1052,卖盘
1210,13:38:12,10.52,--,3,3156,卖盘
1211,13:38:09,10.52,-0.01,5,5260,卖盘
1212,13:38:06,10.53,0.01,8,8424,买盘
1213,13:38:03,10.52,-0.01,8,8416,卖盘
1214,13:37:57,10.53,0.01,6,6318,买盘
1215,13:37:54,10.52,-0.01,1,1052,卖盘
1216,13:37:51,10.53,--,1,1053,买盘
1217,13:37:45,10.53,--,54,56862,买盘
1218,13:37:39,10.53,0.01,10,10530,买盘
1219,13:37:36,10.52,-0.01,134,140968,卖盘
1220,13:37:33,10.53,--,8,8424,买盘
1221,13:37:30,10.53,0.01,33,34749,买盘
1222,13:37:27,10.52,-0.01,513,539676,卖盘
1223,13:37:15,10.53,--,1,1053,买盘
1224,13:37:12,10.53,--,1,1053,买盘
1225,13:37:09,10.53,--,7,7371,买盘
1226,13:37:03,10.53,0.01,11,11583,买盘
1227,13:37:00,10.52,--,33,34716,卖盘
1228,13:36:54,10.52,--,5,5260,卖盘
1229,13:36:51,10.52,--,12,12624,卖盘
1230,13:36:48,10.52,--,10,10520,卖盘
1231,13:36:45,10.52,--,20,21040,卖盘
1232,13:36:42,10.52,--,21,22092,卖盘
1233,13:36:39,10.52,--,19,19988,卖盘
1234,13:36:36,10.52,--,5,5260,卖盘
1235,13:36:33,10.52,--,145,152540,卖盘
1236,13:36:27,10.52,--,28,29456,卖盘
1237,13:36:24,10.52,0.01,114,119928,买盘
1238,13:36:18,10.51,--,18,18918,卖盘
1239,13:36:12,10.51,-0.01,7,7357,卖盘
1240,13:36:09,10.52,0.01,7,7364,买盘
1241,13:36:06,10.51,--,50,52550,卖盘
1242,13:36:03,10.51,--,70,73570,卖盘
1243,13:36:00,10.51,--,11,11561,卖盘
1244,13:35:57,10.51,--,28,29428,卖盘
1245,13:35:54,10.51,-0.01,5,5255,卖盘
1246,13:35:51,10.52,-0.01,267,280884,卖盘
1247,13:35:45,10.53,--,1,1053,买盘
1248,13:35:42,10.53,0.01,2,2106,买盘
1249,13:35:39,10.52,--,7,7364,卖盘
1250,13:35:33,10.52,--,153,160956,卖盘
1251,13:35:24,10.52,--,18,18936,卖盘
1252,13:35:21,10.52,--,184,193568,卖盘
1253,13:35:18,10.52,-0.01,152,159904,卖盘
1254,13:35:15,10.53,0.01,68,71604,买盘
1255,13:35:12,10.52,--,9,9468,卖盘
1256,13:35:06,10.52,--,2,2104,卖盘
1257,13:34:57,10.52,--,25,26300,卖盘
1258,13:34:54,10.52,-0.01,321,337692,卖盘
1259,13:34:51,10.53,0.01,23,24219,买盘
1260,13:34:45,10.52,--,100,105200,卖盘
1261,13:34:39,10.52,-0.01,8,8416,卖盘
1262,13:34:36,10.53,0.01,1,1053,买盘
1263,13:34:33,10.52,--,100,105200,卖盘
1264,13:34:30,10.52,-0.01,3,3156,卖盘
1265,13:34:27,10.53,--,148,155844,买盘
1266,13:34:24,10.53,0.01,6,6318,买盘
1267,13:34:21,10.52,-0.01,2,2104,卖盘
1268,13:34:15,10.53,--,156,164268,买盘
1269,13:34:12,10.53,--,2,2106,买盘
1270,13:34:09,10.53,0.01,14,14742,买盘
1271,13:34:06,10.52,--,11,11572,卖盘
1272,13:34:03,10.52,--,25,26300,卖盘
1273,13:34:00,10.52,--,6,6312,卖盘
1274,13:33:57,10.52,-0.01,57,59964,卖盘
1275,13:33:51,10.53,0.01,1,1053,买盘
1276,13:33:42,10.52,--,22,23144,卖盘
1277,13:33:36,10.52,-0.01,5,5260,卖盘
1278,13:33:33,10.53,0.01,10,10530,买盘
1279,13:33:30,10.52,-0.01,1,1052,卖盘
1280,13:33:27,10.53,0.01,12,12636,买盘
1281,13:33:21,10.52,--,35,36820,卖盘
1282,13:33:18,10.52,-0.01,2,2104,卖盘
1283,13:33:12,10.53,--,15,15794,买盘
1284,13:33:09,10.53,0.01,7,7371,买盘
1285,13:33:06,10.52,-0.01,1,1052,卖盘
1286,13:33:03,10.53,0.01,928,977183,买盘
1287,13:33:00,10.52,--,312,328224,卖盘
1288,13:32:57,10.52,-0.01,5,5260,卖盘
1289,13:32:54,10.53,0.01,16,16848,买盘
1290,13:32:51,10.52,--,12,12624,卖盘
1291,13:32:48,10.52,--,20,21040,卖盘
1292,13:32:45,10.52,--,2,2104,卖盘
1293,13:32:30,10.52,-0.01,4,4208,卖盘
1294,13:32:18,10.53,0.01,23,24219,买盘
1295,13:32:15,10.52,-0.01,10,10520,卖盘
1296,13:32:12,10.53,0.01,1,1053,买盘
1297,13:32:03,10.52,-0.01,1,1052,卖盘
1298,13:32:00,10.53,--,13,14320,卖盘
1299,13:31:51,10.53,--,27,28431,卖盘
1300,13:31:48,10.53,0.01,82,86767,买盘
1301,13:31:42,10.52,-0.01,30,31560,卖盘
1302,13:31:39,10.53,--,10,10530,买盘
1303,13:31:33,10.53,--,18,18954,买盘
1304,13:31:30,10.53,--,61,64864,卖盘
1305,13:31:27,10.53,--,20,21060,卖盘
1306,13:31:18,10.53,--,25,26325,卖盘
1307,13:31:15,10.53,--,23,24219,卖盘
1308,13:31:12,10.53,-0.01,9,9477,卖盘
1309,13:31:09,10.54,--,328,345712,买盘
1310,13:31:06,10.54,0.01,7,7377,买盘
1311,13:31:00,10.53,--,14,14742,卖盘
1312,13:30:57,10.53,--,100,105300,卖盘
1313,13:30:54,10.53,--,8,8424,卖盘
1314,13:30:51,10.53,--,10,10530,卖盘
1315,13:30:48,10.53,-0.01,16,16848,卖盘
1316,13:30:39,10.54,0.01,1,1054,买盘
1317,13:30:33,10.53,--,41,43173,卖盘
1318,13:30:30,10.53,-0.01,51,53703,卖盘
1319,13:30:27,10.54,0.01,2,2108,买盘
1320,13:30:21,10.53,--,20,21060,卖盘
1321,13:30:18,10.53,--,5,5265,卖盘
1322,13:30:12,10.53,-0.01,1,1053,卖盘
1323,13:30:09,10.54,0.01,2,2108,买盘
1324,13:30:03,10.53,-0.01,12,12636,卖盘
1325,13:30:00,10.54,0.01,1,1054,买盘
1326,13:29:57,10.53,--,8,8424,卖盘
1327,13:29:54,10.53,--,30,31589,卖盘
1328,13:29:51,10.53,-0.01,5,5265,卖盘
1329,13:29:48,10.54,--,2,2108,买盘
1330,13:29:42,10.54,0.01,1,1054,买盘
1331,13:29:39,10.53,--,10,10530,卖盘
1332,13:29:36,10.53,-0.01,2,2106,卖盘
1333,13:29:30,10.54,0.01,7,7377,买盘
1334,13:29:27,10.53,--,9,9477,卖盘
1335,13:29:18,10.53,-0.01,128,134784,卖盘
1336,13:29:00,10.54,0.01,75,79050,买盘
1337,13:28:54,10.53,-0.01,10,10530,卖盘
1338,13:28:51,10.54,0.01,2,2108,买盘
1339,13:28:48,10.53,-0.01,8,8424,卖盘
1340,13:28:45,10.54,0.01,1,1054,买盘
1341,13:28:33,10.53,--,20,21060,卖盘
1342,13:28:27,10.53,--,11,11583,卖盘
1343,13:28:21,10.53,--,100,105300,卖盘
1344,13:28:18,10.53,-0.01,111,116883,卖盘
1345,13:28:15,10.54,0.01,36,37944,买盘
1346,13:28:06,10.53,-0.01,2,2106,卖盘
1347,13:27:54,10.54,--,13,13701,买盘
1348,13:27:51,10.54,--,7,7377,买盘
1349,13:27:39,10.54,--,22,23187,买盘
1350,13:27:33,10.54,--,1,1054,买盘
1351,13:27:30,10.54,--,2,2561,卖盘
1352,13:27:21,10.54,--,16,16864,卖盘
1353,13:27:18,10.54,0.01,250,264100,买盘
1354,13:27:15,10.53,--,1,1053,卖盘
1355,13:27:03,10.53,-0.01,33,34749,卖盘
1356,13:26:48,10.54,0.01,113,119101,买盘
1357,13:26:45,10.53,--,1,1053,卖盘
1358,13:26:39,10.53,-0.01,20,21060,卖盘
1359,13:26:36,10.54,0.01,90,94859,买盘
1360,13:26:33,10.53,--,300,315900,卖盘
1361,13:26:30,10.53,-0.01,75,78975,卖盘
1362,13:26:24,10.54,0.01,10,10540,买盘
1363,13:26:12,10.53,--,12,12636,卖盘
1364,13:26:09,10.53,--,2,2106,卖盘
1365,13:26:06,10.53,-0.01,21,22113,卖盘
1366,13:26:00,10.54,--,391,412113,买盘
1367,13:25:51,10.54,--,1,1054,买盘
1368,13:25:48,10.54,0.01,11,11593,买盘
1369,13:25:42,10.53,--,1,1053,卖盘
1370,13:25:36,10.53,--,22,23166,卖盘
1371,13:25:30,10.53,--,8,8424,卖盘
1372,13:25:27,10.53,--,10,10530,卖盘
1373,13:25:24,10.53,--,13,13689,卖盘
1374,13:25:15,10.53,--,1,1053,卖盘
1375,13:25:03,10.53,--,1,1053,卖盘
1376,13:24:57,10.53,--,1,1053,卖盘
1377,13:24:54,10.53,-0.01,2,2106,卖盘
1378,13:24:51,10.54,0.01,10,10540,买盘
1379,13:24:48,10.53,-0.01,100,105300,卖盘
1380,13:24:36,10.54,0.01,65,68510,买盘
1381,13:24:33,10.53,--,4,4212,卖盘
1382,13:24:30,10.53,-0.01,9,9477,卖盘
1383,13:24:15,10.54,--,5,5270,买盘
1384,13:24:12,10.54,--,106,111723,买盘
1385,13:24:06,10.54,0.01,2,2108,买盘
1386,13:24:03,10.53,-0.01,20,21060,卖盘
1387,13:23:54,10.54,--,1,1054,买盘
1388,13:23:51,10.54,--,1,1054,买盘
1389,13:23:48,10.54,--,41,43214,买盘
1390,13:23:45,10.54,0.01,11,11593,买盘
1391,13:23:42,10.53,-0.01,35,36855,卖盘
1392,13:23:39,10.54,0.01,6,6323,买盘
1393,13:23:33,10.53,-0.01,1,1053,卖盘
1394,13:23:30,10.54,--,1,1054,买盘
1395,13:23:24,10.54,0.01,20,21080,买盘
1396,13:23:21,10.53,-0.01,1,1053,卖盘
1397,13:23:15,10.54,0.01,17,17918,买盘
1398,13:23:12,10.53,--,1,1053,卖盘
1399,13:23:09,10.53,--,20,21060,卖盘
1400,13:23:06,10.53,-0.01,1,1053,卖盘
1401,13:23:03,10.54,0.01,80,84320,买盘
1402,13:22:57,10.53,--,11,11583,卖盘
1403,13:22:51,10.53,--,21,22113,卖盘
1404,13:22:36,10.53,--,1,1053,卖盘
1405,13:22:33,10.53,--,6,6318,卖盘
1406,13:22:24,10.53,-0.01,21,22113,卖盘
1407,13:22:21,10.54,0.01,7,7377,买盘
1408,13:22:18,10.53,--,2,2106,卖盘
1409,13:22:12,10.53,-0.01,6,6318,卖盘
1410,13:22:09,10.54,0.01,25,26349,买盘
1411,13:22:06,10.53,-0.01,1,1053,卖盘
1412,13:22:03,10.54,--,207,218177,买盘
1413,13:21:57,10.54,0.01,6,6323,买盘
1414,13:21:51,10.53,-0.01,25,26325,卖盘
1415,13:21:48,10.54,0.01,10,10540,买盘
1416,13:21:45,10.53,-0.01,1,1053,卖盘
1417,13:21:42,10.54,--,1,1054,买盘
1418,13:21:27,10.54,--,1,1054,买盘
1419,13:21:24,10.54,0.01,1,1054,买盘
1420,13:21:21,10.53,-0.01,9,9477,卖盘
1421,13:21:03,10.54,0.01,7,7377,买盘
1422,13:21:00,10.53,-0.01,1,1053,卖盘
1423,13:20:54,10.54,--,7,7377,买盘
1424,13:20:51,10.54,--,293,308822,买盘
1425,13:20:45,10.54,--,1,1054,买盘
1426,13:20:39,10.54,0.01,3,3161,买盘
1427,13:20:33,10.53,-0.01,10,10530,卖盘
1428,13:20:30,10.54,--,51,53753,买盘
1429,13:20:24,10.54,--,26,27403,买盘
1430,13:20:21,10.54,0.01,6,6323,买盘
1431,13:20:15,10.53,--,1,1053,卖盘
1432,13:20:12,10.53,-0.01,69,72657,卖盘
1433,13:20:06,10.54,--,5,5270,买盘
1434,13:20:00,10.54,0.01,1,1054,买盘
1435,13:19:54,10.53,--,1,1053,卖盘
1436,13:19:51,10.53,-0.01,2,2106,卖盘
1437,13:19:48,10.54,0.01,40,42160,买盘
1438,13:19:45,10.53,-0.02,1,1053,卖盘
1439,13:19:42,10.55,0.02,34,35870,买盘
1440,13:19:39,10.53,-0.01,660,694980,卖盘
1441,13:19:33,10.54,--,1,1054,卖盘
1442,13:19:30,10.54,--,19,20026,卖盘
1443,13:19:27,10.54,--,11,11593,卖盘
1444,13:19:24,10.54,--,4,4216,卖盘
1445,13:19:21,10.54,--,8,8432,卖盘
1446,13:19:18,10.54,--,104,109615,卖盘
1447,13:19:09,10.54,--,1,1054,卖盘
1448,13:19:06,10.54,--,1,1054,卖盘
1449,13:19:03,10.54,--,10,10540,卖盘
1450,13:19:00,10.54,--,101,106453,卖盘
1451,13:18:54,10.54,-0.01,1,1054,卖盘
1452,13:18:51,10.55,--,1,1055,买盘
1453,13:18:45,10.55,0.01,19,20045,买盘
1454,13:18:42,10.54,-0.01,1,1054,卖盘
1455,13:18:39,10.55,0.01,10,10550,买盘
1456,13:18:36,10.54,-0.01,15,15809,卖盘
1457,13:18:33,10.55,0.01,159,167745,买盘
1458,13:18:30,10.54,--,20,21080,卖盘
1459,13:18:27,10.54,--,1,1054,卖盘
1460,13:18:24,10.54,--,1,1054,卖盘
1461,13:18:21,10.54,--,20,21080,卖盘
1462,13:18:18,10.54,--,20,21080,卖盘
1463,13:18:15,10.54,--,1,1054,卖盘
1464,13:18:12,10.54,-0.01,18,18972,卖盘
1465,13:18:09,10.55,--,1,1055,买盘
1466,13:18:06,10.55,--,3,3165,买盘
1467,13:17:57,10.55,--,215,227669,卖盘
1468,13:17:54,10.55,--,1,1055,卖盘
1469,13:17:51,10.55,-0.01,32,33760,卖盘
1470,13:17:48,10.56,0.01,72,76032,买盘
1471,13:17:42,10.55,-0.01,2,2110,卖盘
1472,13:17:39,10.56,--,114,120384,买盘
1473,13:17:30,10.56,0.01,15,15840,买盘
1474,13:17:21,10.55,--,51,53805,卖盘
1475,13:17:18,10.55,--,25,26375,卖盘
1476,13:17:15,10.55,--,50,52750,卖盘
1477,13:17:12,10.55,--,104,109720,卖盘
1478,13:17:06,10.55,--,83,87565,卖盘
1479,13:17:03,10.55,--,21,22155,卖盘
1480,13:17:00,10.55,--,68,71740,卖盘
1481,13:16:57,10.55,-0.01,267,281685,卖盘
1482,13:16:51,10.56,0.01,41,43718,买盘
1483,13:16:48,10.55,--,1,1055,卖盘
1484,13:16:45,10.55,--,51,54649,卖盘
1485,13:16:39,10.55,--,28,29540,卖盘
1486,13:16:36,10.55,--,1,1055,卖盘
1487,13:16:33,10.55,--,112,118160,卖盘
1488,13:16:30,10.55,--,4,4220,卖盘
1489,13:16:21,10.55,--,21,22155,卖盘
1490,13:16:18,10.55,--,10,10550,卖盘
1491,13:16:15,10.55,--,1,1055,卖盘
1492,13:16:12,10.55,--,23,24265,卖盘
1493,13:16:06,10.55,--,10,10550,卖盘
1494,13:16:03,10.55,--,14,14770,卖盘
1495,13:16:00,10.55,--,105,110775,卖盘
1496,13:15:57,10.55,--,23,24265,卖盘
1497,13:15:54,10.55,-0.01,1,1055,卖盘
1498,13:15:45,10.56,0.01,20,21120,买盘
1499,13:15:42,10.55,--,1,1055,卖盘
1500,13:15:36,10.55,--,3,3165,卖盘
1501,13:15:33,10.55,--,10,10550,卖盘
1502,13:15:30,10.55,--,19,20045,卖盘
1503,13:15:27,10.55,--,58,61190,卖盘
1504,13:15:21,10.55,-0.01,2,2110,卖盘
1505,13:15:12,10.56,0.01,1,1056,买盘
1506,13:15:09,10.55,--,1,1055,卖盘
1507,13:15:06,10.55,--,22,23210,卖盘
1508,13:15:00,10.55,-0.01,4,4220,卖盘
1509,13:14:57,10.56,0.01,2,2112,买盘
1510,13:14:54,10.55,--,57,60135,卖盘
1511,13:14:51,10.55,--,3,3165,卖盘
1512,13:14:48,10.55,--,1,1055,卖盘
1513,13:14:45,10.55,-0.01,5,5275,卖盘
1514,13:14:39,10.56,0.01,45,47520,买盘
1515,13:14:33,10.55,-0.01,8,8440,卖盘
1516,13:14:30,10.56,--,10,10560,买盘
1517,13:14:24,10.56,0.01,21,22176,买盘
1518,13:14:21,10.55,-0.01,8,8440,卖盘
1519,13:14:18,10.56,0.01,10,10560,买盘
1520,13:14:15,10.55,-0.01,2,2110,卖盘
1521,13:14:09,10.56,0.01,30,31680,买盘
1522,13:14:06,10.55,--,1,1055,卖盘
1523,13:14:03,10.55,-0.01,46,48530,卖盘
1524,13:13:57,10.56,0.01,16,16896,买盘
1525,13:13:54,10.55,--,1,1055,卖盘
1526,13:13:51,10.55,--,102,107610,卖盘
1527,13:13:48,10.55,-0.01,23,24265,卖盘
1528,13:13:45,10.56,0.01,7,7392,买盘
1529,13:13:42,10.55,-0.01,5,5275,卖盘
1530,13:13:36,10.56,0.01,210,221760,买盘
1531,13:13:30,10.55,-0.01,1,1055,卖盘
1532,13:13:24,10.56,0.01,10,10560,买盘
1533,13:13:18,10.55,--,1,1055,卖盘
1534,13:13:12,10.55,-0.01,1,1055,卖盘
1535,13:13:09,10.56,0.01,31,32736,买盘
1536,13:13:06,10.55,-0.01,1,1055,卖盘
1537,13:13:00,10.56,--,52,54912,买盘
1538,13:12:57,10.56,--,2,2112,买盘
1539,13:12:54,10.56,0.01,28,29568,买盘
1540,13:12:51,10.55,--,1,1055,卖盘
1541,13:12:48,10.55,--,1,1055,卖盘
1542,13:12:45,10.55,-0.01,15,15825,卖盘
1543,13:12:42,10.56,0.01,4,4224,买盘
1544,13:12:36,10.55,-0.01,50,52750,卖盘
1545,13:12:33,10.56,0.01,11,11616,买盘
1546,13:12:27,10.55,-0.01,1,1055,卖盘
1547,13:12:24,10.56,0.01,41,43296,买盘
1548,13:12:15,10.55,-0.01,5,5275,卖盘
1549,13:12:12,10.56,--,205,216480,买盘
1550,13:11:57,10.56,--,2,2112,买盘
1551,13:11:54,10.56,--,13,13728,买盘
1552,13:11:51,10.56,--,2,2112,买盘
1553,13:11:45,10.56,--,20,21574,卖盘
1554,13:11:42,10.56,--,481,507936,卖盘
1555,13:11:39,10.56,--,20,21120,卖盘
1556,13:11:36,10.56,--,23,24288,卖盘
1557,13:11:33,10.56,--,5,5280,卖盘
1558,13:11:30,10.56,--,19,20064,卖盘
1559,13:11:27,10.56,-0.01,1,1056,卖盘
1560,13:11:24,10.57,--,30,31710,买盘
1561,13:11:21,10.57,--,8,8456,买盘
1562,13:11:15,10.57,0.01,1,1057,买盘
1563,13:11:12,10.56,--,10,10560,卖盘
1564,13:11:06,10.56,--,1,1056,卖盘
1565,13:11:03,10.56,--,45,47520,卖盘
1566,13:11:00,10.56,--,7,7392,卖盘
1567,13:10:57,10.56,--,130,137280,卖盘
1568,13:10:54,10.56,--,1,1056,卖盘
1569,13:10:51,10.56,--,1,1056,卖盘
1570,13:10:45,10.56,--,25,26400,卖盘
1571,13:10:42,10.56,--,402,424512,卖盘
1572,13:10:33,10.56,--,1,1056,卖盘
1573,13:10:30,10.56,--,2,2112,卖盘
1574,13:10:27,10.56,--,20,21120,卖盘
1575,13:10:21,10.56,-0.01,1,1056,卖盘
1576,13:10:18,10.57,--,660,697620,买盘
1577,13:10:15,10.57,0.01,19,20083,买盘
1578,13:10:12,10.56,-0.01,8,8448,卖盘
1579,13:10:09,10.57,0.01,3,3171,买盘
1580,13:10:06,10.56,--,8,8448,卖盘
1581,13:10:00,10.56,--,22,23232,卖盘
1582,13:09:57,10.56,--,4,4224,卖盘
1583,13:09:54,10.56,--,5,5280,卖盘
1584,13:09:51,10.56,--,2,2112,卖盘
1585,13:09:48,10.56,--,45,47520,卖盘
1586,13:09:45,10.56,--,686,724416,卖盘
1587,13:09:39,10.56,-0.01,1,1056,卖盘
1588,13:09:33,10.57,0.01,1,1057,买盘
1589,13:09:24,10.56,--,5,5280,卖盘
1590,13:09:15,10.56,--,20,21120,卖盘
1591,13:09:12,10.56,--,20,21120,卖盘
1592,13:09:06,10.56,-0.01,1,1056,卖盘
1593,13:09:03,10.57,--,204,215628,买盘
1594,13:08:54,10.57,--,38,40166,买盘
1595,13:08:51,10.57,0.01,104,109928,买盘
1596,13:08:42,10.56,-0.01,1,1056,卖盘
1597,13:08:39,10.57,0.01,12,12684,买盘
1598,13:08:30,10.56,--,1,1056,卖盘
1599,13:08:27,10.56,--,6,6336,卖盘
1600,13:08:24,10.56,--,5,5280,卖盘
1601,13:08:21,10.56,--,7,7392,卖盘
1602,13:08:15,10.56,--,19,20064,卖盘
1603,13:08:06,10.56,-0.01,1,1056,卖盘
1604,13:08:00,10.57,--,20,21140,买盘
1605,13:07:57,10.57,--,44,46508,买盘
1606,13:07:54,10.57,--,17,17969,买盘
1607,13:07:48,10.57,--,76,80332,买盘
1608,13:07:42,10.57,0.01,253,267421,买盘
1609,13:07:30,10.56,--,10,10560,卖盘
1610,13:07:24,10.56,-0.01,13,13728,卖盘
1611,13:07:21,10.57,0.01,38,40166,买盘
1612,13:07:18,10.56,--,21,22176,卖盘
1613,13:07:15,10.56,-0.01,1,1056,卖盘
1614,13:07:06,10.57,--,185,195545,买盘
1615,13:07:03,10.57,--,5,5285,买盘
1616,13:06:57,10.57,--,31,32767,买盘
1617,13:06:54,10.57,--,6,6342,买盘
1618,13:06:51,10.57,--,302,319214,买盘
1619,13:06:48,10.57,--,111,117327,买盘
1620,13:06:45,10.57,--,6,6342,买盘
1621,13:06:39,10.57,0.01,7,7399,买盘
1622,13:06:36,10.56,-0.01,27,28512,卖盘
1623,13:06:33,10.57,--,214,226198,买盘
1624,13:06:27,10.57,0.01,31,32767,买盘
1625,13:06:21,10.56,--,1,1056,卖盘
1626,13:06:18,10.56,--,5,5280,卖盘
1627,13:06:15,10.56,--,57,60192,卖盘
1628,13:06:12,10.56,--,56,59136,卖盘
1629,13:06:09,10.56,--,356,375936,卖盘
1630,13:06:06,10.56,--,13,13728,卖盘
1631,13:06:03,10.56,--,1,1056,卖盘
1632,13:06:00,10.56,--,90,95040,卖盘
1633,13:05:57,10.56,-0.01,1,1056,卖盘
1634,13:05:54,10.57,0.01,65,68705,买盘
1635,13:05:51,10.56,--,50,52800,卖盘
1636,13:05:48,10.56,-0.01,27,28512,卖盘
1637,13:05:45,10.57,--,1,1057,买盘
1638,13:05:42,10.57,0.01,23,24311,买盘
1639,13:05:36,10.56,--,1,1056,卖盘
1640,13:05:33,10.56,--,24,25344,卖盘
1641,13:05:27,10.56,--,10,10560,卖盘
1642,13:05:24,10.56,--,1,1056,卖盘
1643,13:05:21,10.56,-0.01,1,1056,卖盘
1644,13:05:12,10.57,--,69,72933,买盘
1645,13:05:09,10.57,0.01,76,80332,买盘
1646,13:05:03,10.56,-0.01,37,39072,卖盘
1647,13:05:00,10.57,--,25,26425,买盘
1648,13:04:54,10.57,0.01,1,1057,买盘
1649,13:04:51,10.56,--,2,2112,卖盘
1650,13:04:48,10.56,-0.01,26,27456,卖盘
1651,13:04:45,10.57,0.01,6,6342,买盘
1652,13:04:42,10.56,--,1,1056,卖盘
1653,13:04:36,10.56,--,1,1056,卖盘
1654,13:04:33,10.56,--,5,5280,卖盘
1655,13:04:30,10.56,-0.01,6,6336,卖盘
1656,13:04:21,10.57,--,9,9513,买盘
1657,13:04:18,10.57,--,84,88788,买盘
1658,13:04:15,10.57,--,27,28539,买盘
1659,13:04:12,10.57,0.01,1,1057,买盘
1660,13:04:09,10.56,--,1,1056,卖盘
1661,13:04:06,10.56,--,7,7392,卖盘
1662,13:04:03,10.56,--,56,59136,卖盘
1663,13:03:57,10.56,-0.01,1,1056,卖盘
1664,13:03:51,10.57,0.01,31,32767,买盘
1665,13:03:48,10.56,--,20,21120,卖盘
1666,13:03:45,10.56,-0.01,502,530112,卖盘
1667,13:03:42,10.57,--,8,8456,买盘
1668,13:03:33,10.57,--,81,85617,买盘
1669,13:03:30,10.57,0.01,12,12684,买盘
1670,13:03:27,10.56,-0.01,7,7392,卖盘
1671,13:03:24,10.57,0.01,9,9513,买盘
1672,13:03:21,10.56,-0.01,1,1056,卖盘
1673,13:03:18,10.57,0.01,2,2114,买盘
1674,13:03:12,10.56,--,1,1056,卖盘
1675,13:03:06,10.56,--,27,28512,卖盘
1676,13:03:03,10.56,--,102,107712,卖盘
1677,13:03:00,10.56,--,1,1056,卖盘
1678,13:02:57,10.56,--,10,10560,卖盘
1679,13:02:54,10.56,--,33,34848,卖盘
1680,13:02:51,10.56,-0.01,7,7392,卖盘
1681,13:02:42,10.57,0.01,30,31710,买盘
1682,13:02:39,10.56,-0.01,1,1056,卖盘
1683,13:02:30,10.57,0.01,22,23254,买盘
1684,13:02:27,10.56,--,40,42240,卖盘
1685,13:02:18,10.56,--,1,1056,卖盘
1686,13:02:15,10.56,--,5,5280,卖盘
1687,13:02:12,10.56,--,5,5280,卖盘
1688,13:02:09,10.56,--,13,13728,卖盘
1689,13:02:06,10.56,-0.01,6,6336,卖盘
1690,13:02:03,10.57,0.01,60,63420,买盘
1691,13:01:57,10.56,--,1,1056,卖盘
1692,13:01:54,10.56,--,35,36960,卖盘
1693,13:01:51,10.56,--,33,34848,卖盘
1694,13:01:45,10.56,-0.02,4,4224,卖盘
1695,13:01:42,10.58,0.02,32,33856,买盘
1696,13:01:39,10.56,-0.02,21,22176,卖盘
1697,13:01:36,10.58,0.01,4,4232,买盘
1698,13:01:30,10.57,--,3,3171,卖盘
1699,13:01:27,10.57,--,1,1057,卖盘
1700,13:01:24,10.57,--,1,1057,卖盘
1701,13:01:21,10.57,--,4,4228,卖盘
1702,13:01:18,10.57,-0.01,30,31710,卖盘
1703,13:01:15,10.58,0.01,8,8464,买盘
1704,13:01:09,10.57,0.01,278,293846,买盘
1705,13:01:03,10.56,-0.01,21,22176,卖盘
1706,13:01:00,10.57,--,58,61306,卖盘
1707,13:00:57,10.57,--,1,1057,卖盘
1708,13:00:54,10.57,--,1,1057,卖盘
1709,13:00:51,10.57,--,1,1057,卖盘
1710,13:00:42,10.57,--,55,58135,卖盘
1711,13:00:39,10.57,--,1034,1092938,卖盘
1712,13:00:36,10.57,--,114,120498,卖盘
1713,13:00:33,10.57,-0.01,1,1057,卖盘
1714,13:00:30,10.58,--,85,89930,买盘
1715,13:00:24,10.58,0.01,19,20102,买盘
1716,13:00:21,10.57,-0.01,1,1057,卖盘
1717,13:00:15,10.58,0.01,18,19044,买盘
1718,13:00:12,10.57,--,2,2114,卖盘
1719,13:00:06,10.57,-0.01,68,71876,卖盘
1720,13:00:03,10.58,0.01,995,1053313,买盘
1721,13:00:00,10.57,-0.01,1,1057,买盘
1722,11:30:00,10.58,--,0,0,买盘
1723,11:29:57,10.58,0.01,500,529000,买盘
1724,11:29:54,10.57,--,12,12684,买盘
1725,11:29:48,10.57,--,10,10570,买盘
1726,11:29:45,10.57,--,535,565495,卖盘
1727,11:29:39,10.57,--,6,6342,卖盘
1728,11:29:36,10.57,-0.01,14,14798,卖盘
1729,11:29:30,10.58,--,1,1058,买盘
1730,11:29:27,10.58,--,1,1058,买盘
1731,11:29:24,10.58,0.01,10,10580,买盘
1732,11:29:21,10.57,-0.01,1,1057,卖盘
1733,11:29:18,10.58,0.01,15,15870,买盘
1734,11:29:12,10.57,--,103,108871,卖盘
1735,11:29:03,10.57,--,92,97244,卖盘
1736,11:29:00,10.57,--,76,80332,卖盘
1737,11:28:54,10.57,-0.01,11,11627,卖盘
1738,11:28:51,10.58,0.01,12,12696,买盘
1739,11:28:48,10.57,--,33,34881,卖盘
1740,11:28:45,10.57,--,8,8456,卖盘
1741,11:28:39,10.57,--,203,214571,卖盘
1742,11:28:36,10.57,0.01,2298,2428986,买盘
1743,11:28:33,10.56,--,29,30624,买盘
1744,11:28:30,10.56,0.01,31,32736,买盘
1745,11:28:27,10.55,-0.01,1,1055,卖盘
1746,11:28:18,10.56,0.01,5,5280,买盘
1747,11:28:15,10.55,-0.01,1,1055,卖盘
1748,11:28:12,10.56,0.01,33,34848,买盘
1749,11:28:09,10.55,--,1,1055,卖盘
1750,11:28:06,10.55,-0.02,3,3165,卖盘
1751,11:28:03,10.57,0.01,16,16912,买盘
1752,11:27:57,10.56,--,16,16896,卖盘
1753,11:27:54,10.56,--,3,3168,中性盘
1754,11:27:51,10.56,--,68,71808,卖盘
1755,11:27:48,10.56,--,1632,1723392,买盘
1756,11:27:45,10.56,0.01,1,1056,买盘
1757,11:27:39,10.55,--,26,27430,卖盘
1758,11:27:33,10.55,-0.01,29,31017,卖盘
1759,11:27:24,10.56,--,20,21120,买盘
1760,11:27:21,10.56,0.01,34,35904,买盘
1761,11:27:18,10.55,--,5,5275,卖盘
1762,11:27:12,10.55,--,25,26375,卖盘
1763,11:27:09,10.55,--,1,1055,卖盘
1764,11:27:06,10.55,-0.01,22,23210,卖盘
1765,11:27:03,10.56,--,1,1056,买盘
1766,11:27:00,10.56,0.01,21,22176,买盘
1767,11:26:51,10.55,--,15,15825,卖盘
1768,11:26:48,10.55,--,1,1055,卖盘
1769,11:26:45,10.55,--,57,60135,卖盘
1770,11:26:39,10.55,0.02,1382,1458010,买盘
1771,11:26:36,10.53,-0.01,2,2106,卖盘
1772,11:26:33,10.54,0.01,3,3161,买盘
1773,11:26:30,10.53,--,139,146367,卖盘
1774,11:26:27,10.53,--,1,1053,卖盘
1775,11:26:21,10.53,--,1,1053,卖盘
1776,11:26:15,10.53,-0.01,2,2106,卖盘
1777,11:26:12,10.54,0.01,1,1054,买盘
1778,11:26:09,10.53,--,235,247876,买盘
1779,11:26:03,10.53,--,6,6318,买盘
1780,11:26:00,10.53,--,14,14742,买盘
1781,11:25:51,10.53,--,8,8424,买盘
1782,11:25:48,10.53,0.01,7,7371,买盘
1783,11:25:45,10.52,-0.01,61,64172,卖盘
1784,11:25:36,10.53,0.01,20,21060,买盘
1785,11:25:33,10.52,-0.01,1,1052,卖盘
1786,11:25:24,10.53,--,1,1053,买盘
1787,11:25:21,10.53,0.02,4,4212,买盘
1788,11:25:18,10.51,-0.01,31,32581,卖盘
1789,11:25:15,10.52,--,29,30508,卖盘
1790,11:25:12,10.52,--,25,26300,卖盘
1791,11:25:06,10.52,-0.01,244,256688,卖盘
1792,11:25:00,10.53,0.01,12,12636,买盘
1793,11:24:57,10.52,--,2,2104,卖盘
1794,11:24:51,10.52,--,27,28404,买盘
1795,11:24:48,10.52,--,15,15780,买盘
1796,11:24:45,10.52,--,12,12624,卖盘
1797,11:24:42,10.52,-0.01,15,15780,卖盘
1798,11:24:39,10.53,0.01,134,141102,买盘
1799,11:24:36,10.52,--,12,12624,卖盘
1800,11:24:27,10.52,-0.01,162,170424,卖盘
1801,11:24:21,10.53,-0.01,114,120673,卖盘
1802,11:24:18,10.54,0.01,16,16864,买盘
1803,11:24:15,10.53,-0.01,75,78975,卖盘
1804,11:24:12,10.54,0.01,31,32673,买盘
1805,11:24:09,10.53,-0.01,200,210600,卖盘
1806,11:24:06,10.54,0.01,55,57969,买盘
1807,11:24:03,10.53,--,22,23166,卖盘
1808,11:24:00,10.53,-0.01,7,7371,卖盘
1809,11:23:57,10.54,0.01,30,31619,买盘
1810,11:23:54,10.53,--,20,21060,卖盘
1811,11:23:51,10.53,--,2,2106,卖盘
1812,11:23:45,10.53,--,10,10530,卖盘
1813,11:23:36,10.53,--,20,21060,卖盘
1814,11:23:33,10.53,--,1,1053,卖盘
1815,11:23:30,10.53,--,8,8424,卖盘
1816,11:23:24,10.53,-0.01,11,11583,卖盘
1817,11:23:21,10.54,--,1,1054,买盘
1818,11:23:18,10.54,--,7,7377,买盘
1819,11:23:15,10.54,0.01,4,4216,买盘
1820,11:23:12,10.53,--,1,1053,卖盘
1821,11:23:09,10.53,-0.01,23,24219,卖盘
1822,11:23:06,10.54,--,18,18972,买盘
1823,11:23:03,10.54,--,19,20026,买盘
1824,11:23:00,10.54,0.01,8,8432,买盘
1825,11:22:54,10.53,--,10,10530,卖盘
1826,11:22:51,10.53,--,24,25272,卖盘
1827,11:22:45,10.53,--,17,17901,卖盘
1828,11:22:42,10.53,--,0,421,卖盘
1829,11:22:39,10.53,-0.01,11,11583,卖盘
1830,11:22:33,10.54,--,4,4216,买盘
1831,11:22:30,10.54,0.01,30,31619,买盘
1832,11:22:27,10.53,--,1,1053,卖盘
1833,11:22:21,10.53,-0.01,1,1053,卖盘
1834,11:22:18,10.54,--,2,2108,买盘
1835,11:22:15,10.54,--,8,8432,买盘
1836,11:22:12,10.54,0.01,4,4216,买盘
1837,11:22:06,10.53,-0.01,5,5265,卖盘
1838,11:22:03,10.54,--,11,11593,买盘
1839,11:22:00,10.54,--,7,7377,买盘
1840,11:21:57,10.54,0.01,29,30565,买盘
1841,11:21:54,10.53,--,25,26325,卖盘
1842,11:21:51,10.53,-0.01,2,2106,卖盘
1843,11:21:48,10.54,0.01,12,12647,买盘
1844,11:21:45,10.53,--,24,25272,卖盘
1845,11:21:36,10.53,--,21,22113,卖盘
1846,11:21:33,10.53,--,9,9477,卖盘
1847,11:21:27,10.53,--,34,35802,卖盘
1848,11:21:24,10.53,--,10,10530,卖盘
1849,11:21:21,10.53,-0.01,1,1053,卖盘
1850,11:21:15,10.54,-0.01,2,2108,卖盘
1851,11:21:12,10.55,--,17,17935,买盘
1852,11:21:09,10.55,0.02,4,4220,买盘
1853,11:21:06,10.53,-0.02,1,1053,卖盘
1854,11:21:03,10.55,0.02,12,12660,买盘
1855,11:21:00,10.53,-0.02,1,1053,卖盘
1856,11:20:57,10.55,--,75,79125,买盘
1857,11:20:54,10.55,0.02,89,93895,买盘
1858,11:20:51,10.53,--,6,6318,卖盘
1859,11:20:45,10.53,--,31,32642,卖盘
1860,11:20:42,10.53,-0.01,90,94770,卖盘
1861,11:20:39,10.54,0.01,5,5270,中性盘
1862,11:20:33,10.53,-0.02,1,1053,卖盘
1863,11:20:30,10.55,0.02,1,1055,买盘
1864,11:20:27,10.53,--,19,20007,卖盘
1865,11:20:24,10.53,--,6,6318,卖盘
1866,11:20:21,10.53,-0.01,2,2106,卖盘
1867,11:20:18,10.54,--,1,1054,卖盘
1868,11:20:15,10.54,-0.01,1,1054,卖盘
1869,11:20:09,10.55,0.01,8,8440,买盘
1870,11:20:06,10.54,--,94,99075,买盘
1871,11:20:03,10.54,0.01,11,11593,买盘
1872,11:19:57,10.53,--,1,1053,卖盘
1873,11:19:54,10.53,-0.01,8,8424,卖盘
1874,11:19:51,10.54,--,44,46375,买盘
1875,11:19:45,10.54,0.01,20,21080,买盘
1876,11:19:42,10.53,--,9,9477,卖盘
1877,11:19:36,10.53,--,11,11583,卖盘
1878,11:19:33,10.53,--,1,1053,卖盘
1879,11:19:30,10.53,-0.01,121,127412,卖盘
1880,11:19:24,10.54,0.01,7,7377,买盘
1881,11:19:21,10.53,-0.01,33,34749,卖盘
1882,11:19:18,10.54,0.01,1,1054,买盘
1883,11:19:15,10.53,-0.01,18,18954,卖盘
1884,11:19:09,10.54,--,12,12647,买盘
1885,11:19:06,10.54,--,10,10540,买盘
1886,11:19:03,10.54,0.01,17,17918,买盘
1887,11:19:00,10.53,--,24,25272,卖盘
1888,11:18:54,10.53,-0.01,49,51597,卖盘
1889,11:18:51,10.54,0.01,7,7377,买盘
1890,11:18:48,10.53,--,9,9477,卖盘
1891,11:18:45,10.53,--,1,1053,卖盘
1892,11:18:42,10.53,--,11,11583,卖盘
1893,11:18:39,10.53,-0.01,1,1053,卖盘
1894,11:18:36,10.54,--,73,76942,买盘
1895,11:18:33,10.54,--,20,21080,买盘
1896,11:18:30,10.54,--,197,207637,卖盘
1897,11:18:27,10.54,--,66,69564,卖盘
1898,11:18:24,10.54,--,32,33728,卖盘
1899,11:18:21,10.54,--,24,25295,卖盘
1900,11:18:18,10.54,--,370,389979,卖盘
1901,11:18:15,10.54,--,8,8432,卖盘
1902,11:18:12,10.54,--,10,10540,卖盘
1903,11:18:09,10.54,--,3,3161,卖盘
1904,11:18:06,10.54,--,75,79050,卖盘
1905,11:18:03,10.54,--,606,638724,卖盘
1906,11:18:00,10.54,--,8,8432,卖盘
1907,11:17:54,10.54,-0.01,2,2108,卖盘
1908,11:17:51,10.55,--,9,9495,买盘
1909,11:17:45,10.55,0.01,8,8440,买盘
1910,11:17:42,10.54,-0.01,1,1054,卖盘
1911,11:17:33,10.55,--,4,4220,买盘
1912,11:17:27,10.55,--,10,10550,买盘
1913,11:17:24,10.55,0.01,10,10550,买盘
1914,11:17:21,10.54,--,6,6323,卖盘
1915,11:17:18,10.54,-0.01,41,43214,卖盘
1916,11:17:15,10.55,0.01,24,25320,买盘
1917,11:17:09,10.54,--,2,2108,卖盘
1918,11:17:06,10.54,-0.01,1,1054,卖盘
1919,11:17:03,10.55,--,13,13715,买盘
1920,11:17:00,10.55,0.01,5,5275,买盘
1921,11:16:57,10.54,-0.01,1,1054,卖盘
1922,11:16:54,10.55,--,10,10550,买盘
1923,11:16:51,10.55,--,133,140315,卖盘
1924,11:16:48,10.55,--,21,22155,卖盘
1925,11:16:45,10.55,--,228,240540,买盘
1926,11:16:42,10.55,--,6,6330,买盘
1927,11:16:36,10.55,--,3,3165,卖盘
1928,11:16:27,10.55,-0.01,20,21100,卖盘
1929,11:16:24,10.56,0.01,205,216480,买盘
1930,11:16:21,10.55,--,50,52750,卖盘
1931,11:16:18,10.55,-0.01,60,63300,卖盘
1932,11:16:15,10.56,--,11,11616,买盘
1933,11:16:12,10.56,--,8,8448,买盘
1934,11:16:09,10.56,--,6,6336,买盘
1935,11:16:06,10.56,0.01,147,155232,买盘
1936,11:16:03,10.55,-0.01,10,10550,卖盘
1937,11:16:00,10.56,--,80,84480,买盘
1938,11:15:57,10.56,0.01,11,11616,买盘
1939,11:15:51,10.55,--,2,2110,卖盘
1940,11:15:45,10.55,-0.01,60,63300,卖盘
1941,11:15:42,10.56,--,16,16896,买盘
1942,11:15:39,10.56,0.01,139,146784,买盘
1943,11:15:36,10.55,--,7,7469,买盘
1944,11:15:33,10.55,--,11,12575,卖盘
1945,11:15:30,10.55,-0.01,44,46420,卖盘
1946,11:15:27,10.56,0.01,153,161568,买盘
1947,11:15:21,10.55,0.01,0,84,买盘
1948,11:15:18,10.54,--,1,1054,卖盘
1949,11:15:15,10.54,--,79,83266,卖盘
1950,11:15:12,10.54,-0.02,9,9486,卖盘
1951,11:15:09,10.56,0.01,25,26400,买盘
1952,11:15:06,10.55,--,121,127655,买盘
1953,11:15:03,10.55,--,292,308060,买盘
1954,11:14:57,10.55,--,18,18990,买盘
1955,11:14:54,10.55,--,45,47475,买盘
1956,11:14:51,10.55,0.01,13,13715,买盘
1957,11:14:48,10.54,--,19,20026,卖盘
1958,11:14:45,10.54,-0.01,1,1054,卖盘
1959,11:14:42,10.55,--,16,16880,买盘
1960,11:14:36,10.55,--,7,7385,买盘
1961,11:14:27,10.55,0.01,70,73850,买盘
1962,11:14:24,10.54,--,1,1054,卖盘
1963,11:14:18,10.54,--,12,12647,卖盘
1964,11:14:12,10.54,--,30,31619,卖盘
1965,11:14:06,10.54,--,34,35836,买盘
1966,11:14:03,10.54,0.01,10,10540,买盘
1967,11:14:00,10.53,--,1,1053,卖盘
1968,11:13:57,10.53,-0.01,1,1053,卖盘
1969,11:13:54,10.54,--,11,11593,买盘
1970,11:13:51,10.54,--,27,28457,买盘
1971,11:13:48,10.54,--,6,6323,买盘
1972,11:13:45,10.54,--,32,33728,买盘
1973,11:13:42,10.54,-0.01,10,10540,卖盘
1974,11:13:39,10.55,0.01,7,7385,买盘
1975,11:13:36,10.54,-0.01,10,10540,卖盘
1976,11:13:33,10.55,-0.01,16,16880,卖盘
1977,11:13:30,10.56,0.01,12,12672,买盘
1978,11:13:27,10.55,-0.01,1,1055,中性盘
1979,11:13:21,10.56,0.03,7,7392,买盘
1980,11:13:18,10.53,-0.03,1,1053,卖盘
1981,11:13:15,10.56,0.03,33,34848,买盘
1982,11:13:12,10.53,--,15,15794,卖盘
1983,11:13:06,10.53,-0.02,1,1053,卖盘
1984,11:13:03,10.55,--,4,4220,买盘
1985,11:13:00,10.55,0.02,7,7385,买盘
1986,11:12:57,10.53,-0.02,1,1053,卖盘
1987,11:12:54,10.55,--,1,1055,买盘
1988,11:12:51,10.55,--,11,11605,买盘
1989,11:12:48,10.55,--,6,6330,买盘
1990,11:12:45,10.55,0.02,1,1055,买盘
1991,11:12:42,10.53,--,193,203229,买盘
1992,11:12:36,10.53,--,17,17901,买盘
1993,11:12:33,10.53,0.01,1,1053,买盘
1994,11:12:30,10.52,-0.01,19,19988,卖盘
1995,11:12:27,10.53,0.01,13,13689,买盘
1996,11:12:24,10.52,--,40,42080,卖盘
1997,11:12:21,10.52,--,25,26300,买盘
1998,11:12:18,10.52,-0.01,33,34716,卖盘
1999,11:12:15,10.53,0.01,7,7371,买盘
2000,11:12:12,10.52,--,13,13676,卖盘
2001,11:12:09,10.52,--,41,43132,卖盘
2002,11:12:06,10.52,-0.01,68,71536,卖盘
2003,11:12:03,10.53,0.01,27,28431,买盘
2004,11:12:00,10.52,-0.01,20,21040,卖盘
2005,11:11:54,10.53,--,7,7371,买盘
2006,11:11:51,10.53,--,1,1053,买盘
2007,11:11:48,10.53,--,61,64232,买盘
2008,11:11:42,10.53,--,93,97929,卖盘
2009,11:11:39,10.53,-0.03,655,689715,卖盘
2010,11:11:33,10.56,--,7,7392,买盘
2011,11:11:30,10.56,--,6,6336,买盘
2012,11:11:27,10.56,--,7,7392,买盘
2013,11:11:24,10.56,0.02,130,137280,买盘
2014,11:11:21,10.54,--,134,141236,卖盘
2015,11:11:18,10.54,-0.02,371,391033,卖盘
2016,11:11:15,10.56,--,17,17952,卖盘
2017,11:11:12,10.56,--,58,61248,卖盘
2018,11:11:09,10.56,--,81,85536,卖盘
2019,11:11:06,10.56,--,11,11616,卖盘
2020,11:11:03,10.56,--,262,276672,卖盘
2021,11:11:00,10.56,--,10,10560,卖盘
2022,11:10:57,10.56,--,4,4224,卖盘
2023,11:10:54,10.56,--,126,133056,卖盘
2024,11:10:51,10.56,--,25,26400,卖盘
2025,11:10:48,10.56,0.01,1364,1440384,买盘
2026,11:10:45,10.55,--,41,43255,买盘
2027,11:10:42,10.55,--,4,4220,买盘
2028,11:10:36,10.55,0.01,63,66465,买盘
2029,11:10:33,10.54,-0.01,43,45321,卖盘
2030,11:10:30,10.55,0.01,22,23210,买盘
2031,11:10:27,10.54,-0.01,16,16864,卖盘
2032,11:10:24,10.55,0.01,97,102335,买盘
2033,11:10:18,10.54,-0.01,21,22134,卖盘
2034,11:10:15,10.55,0.01,9,9495,买盘
2035,11:10:12,10.54,-0.01,2,2108,卖盘
2036,11:10:06,10.55,0.01,43,45365,买盘
2037,11:10:03,10.54,-0.01,85,89590,卖盘
2038,11:10:00,10.55,--,30,31650,买盘
2039,11:09:54,10.55,0.01,6,6330,买盘
2040,11:09:51,10.54,--,71,74834,卖盘
2041,11:09:48,10.54,--,52,54807,卖盘
2042,11:09:45,10.54,-0.01,5,5270,卖盘
2043,11:09:42,10.55,0.01,123,129765,买盘
2044,11:09:39,10.54,--,98,103291,卖盘
2045,11:09:33,10.54,-0.01,1,1054,卖盘
2046,11:09:30,10.55,0.01,48,50640,买盘
2047,11:09:27,10.54,--,20,21080,卖盘
2048,11:09:24,10.54,-0.01,33,34782,卖盘
2049,11:09:21,10.55,--,41,43255,买盘
2050,11:09:18,10.55,0.01,7,7385,买盘
2051,11:09:15,10.54,--,30,31619,卖盘
2052,11:09:12,10.54,--,46,48483,卖盘
2053,11:09:09,10.54,-0.01,10,10540,卖盘
2054,11:09:06,10.55,0.01,69,72795,买盘
2055,11:09:03,10.54,-0.01,10,10540,卖盘
2056,11:09:00,10.55,0.01,59,62245,买盘
2057,11:08:54,10.54,--,22,23187,卖盘
2058,11:08:51,10.54,-0.01,31,32673,卖盘
2059,11:08:48,10.55,--,15,15825,买盘
2060,11:08:45,10.55,--,147,155085,买盘
2061,11:08:42,10.55,0.01,50,52750,买盘
2062,11:08:39,10.54,-0.01,9,9486,卖盘
2063,11:08:36,10.55,--,37,39035,买盘
2064,11:08:33,10.55,--,69,72795,买盘
2065,11:08:30,10.55,0.01,105,110775,买盘
2066,11:08:27,10.54,--,29,30565,卖盘
2067,11:08:24,10.54,--,213,224501,卖盘
2068,11:08:18,10.54,-0.01,9,9486,卖盘
2069,11:08:15,10.55,0.01,150,158250,买盘
2070,11:08:12,10.54,--,54,56915,买盘
2071,11:08:09,10.54,0.01,5,5270,买盘
2072,11:08:06,10.53,-0.01,24,25272,卖盘
2073,11:08:03,10.54,--,34,35836,买盘
2074,11:08:00,10.54,--,63,66402,卖盘
2075,11:07:57,10.54,-0.01,43,45321,卖盘
2076,11:07:54,10.55,--,115,121325,买盘
2077,11:07:51,10.55,0.01,7,7385,买盘
2078,11:07:48,10.54,--,18,18972,卖盘
2079,11:07:45,10.54,-0.01,144,151776,卖盘
2080,11:07:42,10.55,0.01,7,7385,买盘
2081,11:07:39,10.54,-0.01,10,10540,卖盘
2082,11:07:36,10.55,0.01,15,15825,买盘
2083,11:07:33,10.54,--,13,13701,卖盘
2084,11:07:30,10.54,-0.01,7,7377,卖盘
2085,11:07:24,10.55,0.01,7,7385,买盘
2086,11:07:21,10.54,--,145,152830,买盘
2087,11:07:18,10.54,0.01,7,7377,买盘
2088,11:07:15,10.53,--,1,1053,卖盘
2089,11:07:12,10.53,-0.01,7,7371,卖盘
2090,11:07:09,10.54,--,7,7377,买盘
2091,11:07:06,10.54,--,6,6323,买盘
2092,11:07:03,10.54,0.01,39,41106,买盘
2093,11:07:00,10.53,--,24,25272,卖盘
2094,11:06:57,10.53,-0.01,45,47385,卖盘
2095,11:06:54,10.54,0.01,9,9486,买盘
2096,11:06:51,10.53,--,1,1053,卖盘
2097,11:06:48,10.53,-0.01,51,53703,卖盘
2098,11:06:45,10.54,-0.01,89,93805,卖盘
2099,11:06:42,10.55,0.01,36,37980,买盘
2100,11:06:39,10.54,-0.01,115,121209,卖盘
2101,11:06:36,10.55,--,20,21100,买盘
2102,11:06:33,10.55,0.02,20,21100,买盘
2103,11:06:30,10.53,-0.01,13,13689,卖盘
2104,11:06:27,10.54,-0.01,15,15809,卖盘
2105,11:06:24,10.55,0.01,14,14770,买盘
2106,11:06:21,10.54,0.01,1,1054,中性盘
2107,11:06:18,10.53,-0.02,63,66339,卖盘
2108,11:06:15,10.55,0.02,10,10550,买盘
2109,11:06:12,10.53,--,15,15794,卖盘
2110,11:06:09,10.53,-0.01,502,528606,卖盘
2111,11:06:06,10.54,--,8,8432,买盘
2112,11:06:03,10.54,-0.01,24,25295,卖盘
2113,11:05:54,10.55,0.01,22,23210,买盘
2114,11:05:51,10.54,--,10,10540,卖盘
2115,11:05:48,10.54,-0.01,23,24241,卖盘
2116,11:05:45,10.55,--,1,1055,买盘
2117,11:05:42,10.55,--,1,1055,买盘
2118,11:05:39,10.55,--,29,30595,卖盘
2119,11:05:33,10.55,-0.01,269,283795,卖盘
2120,11:05:30,10.56,0.01,30,31680,买盘
2121,11:05:27,10.55,--,24,25320,卖盘
2122,11:05:24,10.55,0.02,431,454705,买盘
2123,11:05:21,10.53,-0.01,11,11583,卖盘
2124,11:05:18,10.54,--,114,120155,卖盘
2125,11:05:15,10.54,--,4,4216,买盘
2126,11:05:12,10.54,--,60,63239,中性盘
2127,11:05:09,10.54,-0.01,31,32673,卖盘
2128,11:05:06,10.55,--,2,2110,买盘
2129,11:05:03,10.55,--,86,90730,买盘
2130,11:05:00,10.55,-0.01,144,151920,卖盘
2131,11:04:57,10.56,0.01,17,17952,买盘
2132,11:04:54,10.55,--,32,33760,卖盘
2133,11:04:48,10.55,--,66,69630,卖盘
2134,11:04:45,10.55,0.02,986,1040230,买盘
2135,11:04:42,10.53,--,428,450684,卖盘
2136,11:04:39,10.53,-0.01,355,373815,卖盘
2137,11:04:36,10.54,--,167,176018,买盘
2138,11:04:33,10.54,--,38,40052,买盘
2139,11:04:30,10.54,--,13,13701,买盘
2140,11:04:27,10.54,--,134,141236,买盘
2141,11:04:24,10.54,--,299,315146,买盘
2142,11:04:21,10.54,0.01,6,6323,买盘
2143,11:04:18,10.53,--,103,108459,卖盘
2144,11:04:15,10.53,-0.01,13,13689,卖盘
2145,11:04:12,10.54,--,12,12647,买盘
2146,11:04:09,10.54,0.01,7,7377,买盘
2147,11:04:06,10.53,-0.01,1,1053,卖盘
2148,11:04:00,10.54,0.01,8,8432,买盘
2149,11:03:57,10.53,--,14,14742,卖盘
2150,11:03:54,10.53,--,21,22113,卖盘
2151,11:03:51,10.53,-0.01,44,46332,卖盘
2152,11:03:48,10.54,0.01,16,16864,买盘
2153,11:03:45,10.53,--,8,8424,卖盘
2154,11:03:42,10.53,--,157,165321,买盘
2155,11:03:39,10.53,-0.01,405,426465,卖盘
2156,11:03:36,10.54,0.01,6,6323,买盘
2157,11:03:33,10.53,-0.01,2,2106,卖盘
2158,11:03:27,10.54,--,22,23187,买盘
2159,11:03:24,10.54,0.01,8,8432,买盘
2160,11:03:21,10.53,0.01,360,379080,买盘
2161,11:03:18,10.52,-0.01,105,110460,卖盘
2162,11:03:15,10.53,0.01,12,12636,买盘
2163,11:03:12,10.52,--,22,23144,卖盘
2164,11:03:09,10.52,-0.01,73,76796,卖盘
2165,11:03:06,10.53,0.01,137,144261,买盘
2166,11:03:03,10.52,--,22,23144,卖盘
2167,11:03:00,10.52,-0.01,123,129396,卖盘
2168,11:02:57,10.53,-0.01,57,60020,卖盘
2169,11:02:54,10.54,0.01,649,684046,买盘
2170,11:02:51,10.53,0.01,10,10530,买盘
2171,11:02:48,10.52,--,25,26300,卖盘
2172,11:02:45,10.52,-0.01,106,111512,卖盘
2173,11:02:42,10.53,--,46,48438,买盘
2174,11:02:39,10.53,0.01,104,109512,买盘
2175,11:02:36,10.52,-0.01,1,1052,卖盘
2176,11:02:33,10.53,0.01,8,8424,买盘
2177,11:02:27,10.52,-0.01,3,3156,卖盘
2178,11:02:24,10.53,--,62,65285,买盘
2179,11:02:21,10.53,--,93,97929,买盘
2180,11:02:18,10.53,--,86,90558,买盘
2181,11:02:15,10.53,--,38,40014,买盘
2182,11:02:12,10.53,--,20,21060,买盘
2183,11:02:09,10.53,0.01,2,2106,买盘
2184,11:02:03,10.52,-0.01,1,1052,卖盘
2185,11:02:00,10.53,0.01,6,6318,买盘
2186,11:01:57,10.52,--,10,10520,卖盘
2187,11:01:54,10.52,-0.01,27,28404,卖盘
2188,11:01:51,10.53,0.01,24,25272,买盘
2189,11:01:48,10.52,--,14,14728,买盘
2190,11:01:45,10.52,--,186,195672,买盘
2191,11:01:42,10.52,--,2,2104,买盘
2192,11:01:39,10.52,0.01,31,32612,买盘
2193,11:01:30,10.51,-0.01,2,2102,卖盘
2194,11:01:27,10.52,--,7,7364,买盘
2195,11:01:24,10.52,0.02,112,117824,买盘
2196,11:01:21,10.5,--,35,36750,卖盘
2197,11:01:18,10.5,-0.01,103,108150,卖盘
2198,11:01:15,10.51,--,30,31530,买盘
2199,11:01:12,10.51,0.01,9,9459,买盘
2200,11:01:09,10.5,--,1,1050,卖盘
2201,11:01:06,10.5,-0.01,1,1050,卖盘
2202,11:01:03,10.51,--,8,8408,买盘
2203,11:01:00,10.51,0.01,17,17867,买盘
2204,11:00:57,10.5,-0.01,1,1050,卖盘
2205,11:00:54,10.51,0.01,11,11561,买盘
2206,11:00:48,10.5,--,23,24150,卖盘
2207,11:00:45,10.5,-0.01,9,9450,卖盘
2208,11:00:42,10.51,0.01,1,1051,买盘
2209,11:00:39,10.5,--,1,1050,卖盘
2210,11:00:36,10.5,-0.01,62,65100,卖盘
2211,11:00:33,10.51,0.02,193,202843,买盘
2212,11:00:30,10.49,-0.01,32,33568,卖盘
2213,11:00:27,10.5,--,106,111300,买盘
2214,11:00:24,10.5,--,1,1050,买盘
2215,11:00:21,10.5,--,34,35700,买盘
2216,11:00:18,10.5,--,28,29400,买盘
2217,11:00:15,10.5,0.01,6,6300,买盘
2218,11:00:12,10.49,-0.01,59,61891,卖盘
2219,11:00:09,10.5,--,23,24150,买盘
2220,11:00:06,10.5,0.01,1,1050,买盘
2221,11:00:03,10.49,-0.01,1,1049,卖盘
2222,10:59:57,10.5,0.01,7,7350,买盘
2223,10:59:54,10.49,--,27,28323,卖盘
2224,10:59:51,10.49,--,7,7363,卖盘
2225,10:59:48,10.49,-0.01,8,8392,卖盘
2226,10:59:45,10.5,--,37,38850,买盘
2227,10:59:42,10.5,--,26,27300,买盘
2228,10:59:39,10.5,0.01,7,7350,买盘
2229,10:59:33,10.49,-0.01,1,1049,卖盘
2230,10:59:30,10.5,0.01,65,68250,买盘
2231,10:59:27,10.49,0.01,46,48254,买盘
2232,10:59:24,10.48,-0.01,1,1048,卖盘
2233,10:59:21,10.49,--,42,44058,买盘
2234,10:59:18,10.49,--,24,25176,买盘
2235,10:59:15,10.49,0.01,22,23078,买盘
2236,10:59:12,10.48,-0.01,4,4192,卖盘
2237,10:59:09,10.49,--,19,19931,买盘
2238,10:59:06,10.49,0.01,7,7343,买盘
2239,10:59:03,10.48,--,25,26200,卖盘
2240,10:59:00,10.48,--,10,10480,卖盘
2241,10:58:57,10.48,-0.01,2,2096,卖盘
2242,10:58:54,10.49,--,7,7343,买盘
2243,10:58:51,10.49,0.01,8,8392,买盘
2244,10:58:45,10.48,-0.01,2,2096,卖盘
2245,10:58:42,10.49,0.01,96,100704,买盘
2246,10:58:36,10.48,-0.01,1,1048,卖盘
2247,10:58:33,10.49,--,8,8392,买盘
2248,10:58:30,10.49,0.01,18,18882,买盘
2249,10:58:24,10.48,-0.01,6,6288,卖盘
2250,10:58:21,10.49,0.01,34,35666,买盘
2251,10:58:18,10.48,-0.01,321,336408,卖盘
2252,10:58:15,10.49,--,4,4196,买盘
2253,10:58:12,10.49,0.01,22,23078,买盘
2254,10:58:06,10.48,--,4,4192,卖盘
2255,10:58:00,10.48,--,9,9432,卖盘
2256,10:57:54,10.48,-0.01,8,8384,卖盘
2257,10:57:51,10.49,-0.01,88,92312,卖盘
2258,10:57:48,10.5,--,65,68250,买盘
2259,10:57:45,10.5,--,2,2100,买盘
2260,10:57:42,10.5,--,2,2100,买盘
2261,10:57:39,10.5,0.01,50,52500,买盘
2262,10:57:36,10.49,-0.01,23,24127,卖盘
2263,10:57:33,10.5,--,72,75600,卖盘
2264,10:57:30,10.5,--,183,192150,卖盘
2265,10:57:27,10.5,--,61,64050,卖盘
2266,10:57:24,10.5,--,13,13650,卖盘
2267,10:57:21,10.5,-0.01,114,119700,卖盘
2268,10:57:18,10.51,0.01,16,16816,买盘
2269,10:57:15,10.5,-0.01,25,26250,卖盘
2270,10:57:12,10.51,0.01,54,56754,买盘
2271,10:57:09,10.5,-0.01,95,99750,中性盘
2272,10:57:06,10.51,--,516,542316,买盘
2273,10:57:03,10.51,0.01,163,171313,买盘
2274,10:57:00,10.5,--,20,21000,卖盘
2275,10:56:57,10.5,--,28,29400,卖盘
2276,10:56:54,10.5,--,47,49350,卖盘
2277,10:56:51,10.5,--,1,1050,卖盘
2278,10:56:48,10.5,--,101,106050,买盘
2279,10:56:45,10.5,--,96,100800,买盘
2280,10:56:42,10.5,--,1,1050,买盘
2281,10:56:39,10.5,--,130,136500,买盘
2282,10:56:36,10.5,--,33,34650,买盘
2283,10:56:33,10.5,--,11,11550,买盘
2284,10:56:30,10.5,--,36,37800,买盘
2285,10:56:27,10.5,-0.01,60,63000,卖盘
2286,10:56:21,10.51,0.01,10,10510,买盘
2287,10:56:18,10.5,--,46,48300,卖盘
2288,10:56:15,10.5,--,108,113400,卖盘
2289,10:56:12,10.5,--,142,149100,买盘
2290,10:56:09,10.5,--,47,49350,买盘
2291,10:56:06,10.5,--,124,130200,买盘
2292,10:56:03,10.5,--,239,250950,买盘
2293,10:56:00,10.5,--,262,275100,买盘
2294,10:55:57,10.5,--,10,10500,买盘
2295,10:55:54,10.5,--,315,330750,买盘
2296,10:55:51,10.5,0.01,50,52500,买盘
2297,10:55:48,10.49,-0.01,61,63989,卖盘
2298,10:55:45,10.5,--,42,44100,买盘
2299,10:55:42,10.5,0.01,16,16800,买盘
2300,10:55:39,10.49,-0.01,9,9441,卖盘
2301,10:55:33,10.5,--,11,11550,买盘
2302,10:55:30,10.5,--,44,46200,买盘
2303,10:55:27,10.5,0.01,48,50400,买盘
2304,10:55:24,10.49,-0.01,72,75528,卖盘
2305,10:55:21,10.5,0.01,109,114450,买盘
2306,10:55:15,10.49,--,34,35666,卖盘
2307,10:55:12,10.49,--,83,87067,卖盘
2308,10:55:09,10.49,--,66,69234,卖盘
2309,10:55:06,10.49,-0.01,254,266446,卖盘
2310,10:55:03,10.5,0.01,7,7350,买盘
2311,10:55:00,10.49,0.01,445,466805,买盘
2312,10:54:57,10.48,-0.01,1,1048,卖盘
2313,10:54:54,10.49,--,185,194065,买盘
2314,10:54:51,10.49,--,1,1049,买盘
2315,10:54:48,10.49,--,8,8392,买盘
2316,10:54:45,10.49,0.01,3,3147,买盘
2317,10:54:42,10.48,-0.01,42,44016,卖盘
2318,10:54:39,10.49,--,6,6294,买盘
2319,10:54:36,10.49,0.01,5,5245,买盘
2320,10:54:33,10.48,-0.01,44,46112,卖盘
2321,10:54:30,10.49,--,63,66087,买盘
2322,10:54:27,10.49,--,10,10490,买盘
2323,10:54:24,10.49,--,17,17833,买盘
2324,10:54:21,10.49,--,1,1049,买盘
2325,10:54:18,10.49,--,6,6294,买盘
2326,10:54:15,10.49,0.01,638,669262,买盘
2327,10:54:12,10.48,0.01,195,204360,买盘
2328,10:54:09,10.47,-0.01,31,32457,卖盘
2329,10:54:06,10.48,0.01,5,5240,买盘
2330,10:54:03,10.47,-0.01,13,13611,卖盘
2331,10:53:57,10.48,--,6,6288,买盘
2332,10:53:51,10.48,--,77,80696,买盘
2333,10:53:48,10.48,--,100,104800,买盘
2334,10:53:45,10.48,--,62,64976,买盘
2335,10:53:42,10.48,0.01,191,200168,买盘
2336,10:53:39,10.47,-0.01,1,1047,卖盘
2337,10:53:33,10.48,--,16,16768,买盘
2338,10:53:30,10.48,--,127,133096,买盘
2339,10:53:24,10.48,0.01,21,22008,买盘
2340,10:53:21,10.47,-0.01,11,11517,卖盘
2341,10:53:18,10.48,0.02,82,85936,买盘
2342,10:53:12,10.46,-0.02,9,9414,卖盘
2343,10:53:06,10.48,0.02,238,249424,买盘
2344,10:53:03,10.46,-0.01,105,109830,卖盘
2345,10:53:00,10.47,0.01,17,17799,买盘
2346,10:52:54,10.46,-0.01,101,105646,卖盘
2347,10:52:51,10.47,--,204,213588,买盘
2348,10:52:42,10.47,--,124,129828,买盘
2349,10:52:39,10.47,--,86,90042,买盘
2350,10:52:36,10.47,--,10,10470,买盘
2351,10:52:33,10.47,--,44,46068,买盘
2352,10:52:30,10.47,--,105,109935,买盘
2353,10:52:27,10.47,--,91,95277,买盘
2354,10:52:24,10.47,0.01,2,2094,买盘
2355,10:52:21,10.46,--,22,23012,卖盘
2356,10:52:18,10.46,--,438,458148,买盘
2357,10:52:15,10.46,0.01,1022,1069012,买盘
2358,10:52:12,10.45,-0.01,3,3135,卖盘
2359,10:52:09,10.46,--,43,44978,买盘
2360,10:52:06,10.46,--,45,47070,买盘
2361,10:52:00,10.46,0.01,145,151670,买盘
2362,10:51:54,10.45,--,26,27169,卖盘
2363,10:51:51,10.45,--,1,1045,卖盘
2364,10:51:48,10.45,--,46,48070,卖盘
2365,10:51:45,10.45,--,546,570570,买盘
2366,10:51:42,10.45,--,115,120174,买盘
2367,10:51:39,10.45,--,100,104500,买盘
2368,10:51:33,10.45,--,6,6270,买盘
2369,10:51:30,10.45,--,29,30304,买盘
2370,10:51:27,10.45,--,101,105545,买盘
2371,10:51:24,10.45,--,651,680295,买盘
2372,10:51:21,10.45,0.01,42,43890,买盘
2373,10:51:18,10.44,-0.01,4,4176,卖盘
2374,10:51:15,10.45,--,209,218404,买盘
2375,10:51:12,10.45,--,20,20900,买盘
2376,10:51:09,10.45,--,12,12540,买盘
2377,10:51:00,10.45,--,28,29259,买盘
2378,10:50:57,10.45,0.01,7,7314,买盘
2379,10:50:54,10.44,-0.01,1,1044,卖盘
2380,10:50:51,10.45,0.01,28,29259,买盘
2381,10:50:45,10.44,-0.01,3,3132,中性盘
2382,10:50:36,10.45,0.02,8,8360,买盘
2383,10:50:33,10.43,-0.02,1,1043,卖盘
2384,10:50:30,10.45,--,24,25080,买盘
2385,10:50:27,10.45,0.01,24,25080,买盘
2386,10:50:24,10.44,--,17,17748,卖盘
2387,10:50:21,10.44,0.01,1,1044,卖盘
2388,10:50:18,10.43,-0.01,181,188783,卖盘
2389,10:50:15,10.44,0.01,55,57420,买盘
2390,10:50:12,10.43,--,923,962689,卖盘
2391,10:50:06,10.43,-0.01,21,21903,卖盘
2392,10:50:03,10.44,--,11,11484,买盘
2393,10:50:00,10.44,0.01,59,61596,买盘
2394,10:49:57,10.43,--,4,4172,卖盘
2395,10:49:54,10.43,-0.01,1,1043,卖盘
2396,10:49:51,10.44,0.01,7,7308,买盘
2397,10:49:48,10.43,-0.01,4,4172,卖盘
2398,10:49:45,10.44,--,142,148248,买盘
2399,10:49:42,10.44,--,7,7308,买盘
2400,10:49:33,10.44,--,38,39672,买盘
2401,10:49:30,10.44,--,1,1044,买盘
2402,10:49:21,10.44,--,47,49068,买盘
2403,10:49:18,10.44,0.01,31,32364,买盘
2404,10:49:15,10.43,-0.01,24,25032,卖盘
2405,10:49:09,10.44,--,61,63684,买盘
2406,10:49:06,10.44,--,7,7308,买盘
2407,10:49:03,10.44,0.01,16,16704,买盘
2408,10:49:00,10.43,-0.01,69,71967,卖盘
2409,10:48:57,10.44,0.01,7,7308,买盘
2410,10:48:51,10.43,-0.01,1,1043,卖盘
2411,10:48:45,10.44,--,21,21924,买盘
2412,10:48:42,10.44,0.01,69,72036,买盘
2413,10:48:39,10.43,-0.01,3,3129,卖盘
2414,10:48:36,10.44,--,28,29232,买盘
2415,10:48:30,10.44,--,1,1044,买盘
2416,10:48:27,10.44,--,40,41760,买盘
2417,10:48:24,10.44,0.01,105,109620,买盘
2418,10:48:21,10.43,--,2,2086,卖盘
2419,10:48:12,10.43,--,44,45892,卖盘
2420,10:48:09,10.43,-0.01,101,105343,卖盘
2421,10:48:06,10.44,--,7,7308,买盘
2422,10:48:03,10.44,--,6,6264,买盘
2423,10:47:57,10.44,0.01,92,96048,买盘
2424,10:47:54,10.43,-0.01,53,55279,卖盘
2425,10:47:51,10.44,--,12,12528,买盘
2426,10:47:48,10.44,--,15,15660,买盘
2427,10:47:45,10.44,--,23,24012,买盘
2428,10:47:42,10.44,0.01,6,6264,买盘
2429,10:47:36,10.43,--,22,22946,卖盘
2430,10:47:33,10.43,-0.01,15,15645,卖盘
2431,10:47:30,10.44,--,10,10440,买盘
2432,10:47:27,10.44,0.01,13,13572,买盘
2433,10:47:24,10.43,-0.01,1,1043,卖盘
2434,10:47:21,10.44,--,61,63684,买盘
2435,10:47:18,10.44,--,123,128412,买盘
2436,10:47:12,10.44,--,1,1044,买盘
2437,10:47:06,10.44,--,7,7308,买盘
2438,10:47:03,10.44,--,9,9396,买盘
2439,10:46:57,10.44,0.01,31,32364,买盘
2440,10:46:54,10.43,--,6,6258,卖盘
2441,10:46:51,10.43,-0.01,1,1043,卖盘
2442,10:46:48,10.44,--,39,40716,买盘
2443,10:46:45,10.44,0.01,7,7308,买盘
2444,10:46:39,10.43,-0.01,1,1043,卖盘
2445,10:46:36,10.44,--,17,17748,买盘
2446,10:46:33,10.44,--,11,11484,买盘
2447,10:46:30,10.44,--,31,32364,买盘
2448,10:46:27,10.44,--,1,1044,买盘
2449,10:46:24,10.44,--,6,6264,买盘
2450,10:46:21,10.44,--,30,31320,买盘
2451,10:46:18,10.44,--,66,68904,买盘
2452,10:46:15,10.44,0.01,7,7308,买盘
2453,10:46:12,10.43,-0.01,5,5215,卖盘
2454,10:46:06,10.44,0.01,21,21924,买盘
2455,10:46:03,10.43,-0.01,31,32333,卖盘
2456,10:46:00,10.44,0.01,150,156600,买盘
2457,10:45:57,10.43,--,2,2086,卖盘
2458,10:45:54,10.43,--,1,1043,卖盘
2459,10:45:51,10.43,0.01,2,2086,中性盘
2460,10:45:48,10.42,-0.01,19,19798,卖盘
2461,10:45:45,10.43,--,57,59451,卖盘
2462,10:45:42,10.43,--,13,13559,卖盘
2463,10:45:39,10.43,--,42,44327,买盘
2464,10:45:36,10.43,--,60,62580,买盘
2465,10:45:33,10.43,--,141,147063,买盘
2466,10:45:30,10.43,--,51,53193,买盘
2467,10:45:27,10.43,--,1,1043,买盘
2468,10:45:24,10.43,--,8,8344,买盘
2469,10:45:18,10.43,--,1,1043,买盘
2470,10:45:15,10.43,0.01,21,21903,买盘
2471,10:45:12,10.42,-0.01,11,11462,卖盘
2472,10:45:09,10.43,0.01,58,60494,买盘
2473,10:45:06,10.42,-0.01,23,23966,卖盘
2474,10:45:03,10.43,0.01,1,1043,买盘
2475,10:45:00,10.42,--,4,4168,卖盘
2476,10:44:51,10.42,--,3,3126,卖盘
2477,10:44:48,10.42,--,20,20840,卖盘
2478,10:44:39,10.42,--,36,37512,卖盘
2479,10:44:36,10.42,-0.01,19,19798,卖盘
2480,10:44:30,10.43,0.01,3,3129,买盘
2481,10:44:27,10.42,-0.01,4,4168,卖盘
2482,10:44:24,10.43,0.01,4,4172,买盘
2483,10:44:21,10.42,--,29,30218,卖盘
2484,10:44:15,10.42,--,44,45848,卖盘
2485,10:44:09,10.42,-0.01,1,1042,卖盘
2486,10:44:06,10.43,--,2,2086,买盘
2487,10:44:03,10.43,0.01,1,1043,买盘
2488,10:44:00,10.42,--,23,23966,卖盘
2489,10:43:57,10.42,--,80,83360,卖盘
2490,10:43:51,10.42,--,1,1042,卖盘
2491,10:43:48,10.42,-0.01,1,1042,卖盘
2492,10:43:45,10.43,0.01,1,1043,买盘
2493,10:43:42,10.42,--,22,22924,卖盘
2494,10:43:39,10.42,--,20,20840,卖盘
2495,10:43:36,10.42,--,6,6252,卖盘
2496,10:43:33,10.42,-0.01,2,2084,卖盘
2497,10:43:30,10.43,--,2,2086,买盘
2498,10:43:27,10.43,--,12,12516,买盘
2499,10:43:12,10.43,0.01,7,7301,买盘
2500,10:43:06,10.42,-0.01,54,56268,卖盘
2501,10:43:03,10.43,0.01,10,10430,买盘
2502,10:43:00,10.42,--,31,32302,卖盘
2503,10:42:57,10.42,-0.01,5,5210,卖盘
2504,10:42:54,10.43,--,7,7301,买盘
2505,10:42:48,10.43,0.01,4,4172,买盘
2506,10:42:45,10.42,--,332,345944,卖盘
2507,10:42:42,10.42,-0.01,1,1042,卖盘
2508,10:42:30,10.43,--,5,5215,买盘
2509,10:42:24,10.43,--,14,14602,买盘
2510,10:42:21,10.43,0.01,1,1043,买盘
2511,10:42:18,10.42,-0.01,85,88570,卖盘
2512,10:42:15,10.43,0.01,13,13559,买盘
2513,10:42:12,10.42,--,67,69814,卖盘
2514,10:42:09,10.42,0.01,20,20840,卖盘
2515,10:42:06,10.41,-0.02,1,1041,卖盘
2516,10:42:03,10.43,0.01,13,13559,买盘
2517,10:41:57,10.42,0.01,19,19798,买盘
2518,10:41:54,10.41,--,1,1041,卖盘
2519,10:41:51,10.41,-0.01,2,2082,卖盘
2520,10:41:48,10.42,--,22,22924,卖盘
2521,10:41:42,10.42,--,12,12504,卖盘
2522,10:41:36,10.42,--,51,53142,卖盘
2523,10:41:33,10.42,--,1,1042,卖盘
2524,10:41:30,10.42,--,67,69814,买盘
2525,10:41:27,10.42,0.01,2,2084,买盘
2526,10:41:21,10.41,--,9,9369,卖盘
2527,10:41:18,10.41,--,7,7287,卖盘
2528,10:41:15,10.41,-0.02,20,20820,卖盘
2529,10:41:12,10.43,0.02,85,88655,买盘
2530,10:41:09,10.41,-0.01,7,7287,卖盘
2531,10:41:06,10.42,--,103,107326,卖盘
2532,10:41:03,10.42,--,32,33344,卖盘
2533,10:40:57,10.42,-0.01,1,1042,卖盘
2534,10:40:54,10.43,0.01,201,209643,买盘
2535,10:40:51,10.42,--,1,1042,卖盘
2536,10:40:48,10.42,-0.01,6,6252,卖盘
2537,10:40:45,10.43,0.01,51,53193,买盘
2538,10:40:39,10.42,-0.01,1,1042,卖盘
2539,10:40:33,10.43,--,4,4172,买盘
2540,10:40:30,10.43,0.02,29,30247,买盘
2541,10:40:27,10.41,-0.01,68,70788,卖盘
2542,10:40:24,10.42,0.01,2,2084,买盘
2543,10:40:21,10.41,--,1,1041,卖盘
2544,10:40:18,10.41,-0.01,1,1041,卖盘
2545,10:40:15,10.42,--,6,6252,买盘
2546,10:40:06,10.42,--,86,89612,买盘
2547,10:40:03,10.42,0.01,80,83360,买盘
2548,10:40:00,10.41,--,21,21861,买盘
2549,10:39:54,10.41,0.01,31,32271,买盘
2550,10:39:51,10.4,-0.01,6,6240,卖盘
2551,10:39:48,10.41,--,30,31230,买盘
2552,10:39:39,10.41,--,5,5205,买盘
2553,10:39:36,10.41,0.01,2,2082,买盘
2554,10:39:33,10.4,-0.01,2,2080,卖盘
2555,10:39:30,10.41,--,36,37476,买盘
2556,10:39:27,10.41,--,36,37476,买盘
2557,10:39:24,10.41,0.01,21,21861,买盘
2558,10:39:21,10.4,--,21,21840,卖盘
2559,10:39:18,10.4,-0.01,4,4160,卖盘
2560,10:39:12,10.41,--,15,15615,买盘
2561,10:39:09,10.41,--,32,33312,买盘
2562,10:39:06,10.41,--,5,5205,买盘
2563,10:39:03,10.41,--,2,2082,买盘
2564,10:38:57,10.41,0.01,2,2082,买盘
2565,10:38:54,10.4,--,186,193440,卖盘
2566,10:38:51,10.4,--,2,2080,卖盘
2567,10:38:48,10.4,-0.01,12,12480,卖盘
2568,10:38:45,10.41,0.01,20,20820,买盘
2569,10:38:42,10.4,-0.01,63,65520,卖盘
2570,10:38:39,10.41,--,43,44763,买盘
2571,10:38:33,10.41,0.01,12,12492,买盘
2572,10:38:27,10.4,-0.01,1,1040,卖盘
2573,10:38:21,10.41,--,1,1041,买盘
2574,10:38:18,10.41,--,57,59337,买盘
2575,10:38:15,10.41,0.01,4,4164,买盘
2576,10:38:12,10.4,--,1,1040,卖盘
2577,10:38:09,10.4,--,21,21840,卖盘
2578,10:38:06,10.4,--,2,2080,卖盘
2579,10:38:03,10.4,--,1,1040,卖盘
2580,10:38:00,10.4,-0.01,63,65520,卖盘
2581,10:37:57,10.41,0.01,7,7287,买盘
2582,10:37:54,10.4,--,73,75920,卖盘
2583,10:37:51,10.4,-0.01,2,2080,卖盘
2584,10:37:48,10.41,--,101,105141,买盘
2585,10:37:45,10.41,0.01,4,4164,买盘
2586,10:37:42,10.4,-0.01,41,42640,卖盘
2587,10:37:33,10.41,--,81,84321,买盘
2588,10:37:30,10.41,0.01,34,35394,买盘
2589,10:37:27,10.4,-0.01,4,4160,卖盘
2590,10:37:24,10.41,--,20,20820,买盘
2591,10:37:21,10.41,0.01,21,21861,买盘
2592,10:37:18,10.4,--,50,52655,卖盘
2593,10:37:15,10.4,-0.01,2,2080,卖盘
2594,10:37:09,10.41,0.01,195,202995,买盘
2595,10:37:06,10.4,--,28,29120,卖盘
2596,10:37:03,10.4,-0.01,118,122720,卖盘
2597,10:37:00,10.41,--,1,1041,买盘
2598,10:36:57,10.41,--,105,109305,买盘
2599,10:36:54,10.41,--,36,37476,买盘
2600,10:36:51,10.41,0.01,45,46845,买盘
2601,10:36:48,10.4,-0.01,11,11440,卖盘
2602,10:36:45,10.41,--,13,13533,买盘
2603,10:36:42,10.41,--,38,39558,买盘
2604,10:36:39,10.41,--,17,17697,买盘
2605,10:36:36,10.41,0.01,34,35394,买盘
2606,10:36:33,10.4,-0.01,34,35360,卖盘
2607,10:36:30,10.41,--,1,1041,买盘
2608,10:36:27,10.41,--,6,6246,买盘
2609,10:36:24,10.41,0.01,11,11451,买盘
2610,10:36:18,10.4,-0.01,34,35360,卖盘
2611,10:36:12,10.41,--,1,1041,买盘
2612,10:36:09,10.41,0.01,1,1041,买盘
2613,10:36:06,10.4,-0.01,1,1040,卖盘
2614,10:36:03,10.41,--,25,26025,买盘
2615,10:36:00,10.41,--,38,39558,买盘
2616,10:35:57,10.41,0.01,34,35394,买盘
2617,10:35:51,10.4,-0.01,1,1040,卖盘
2618,10:35:45,10.41,--,3,3123,买盘
2619,10:35:42,10.41,0.01,41,42681,买盘
2620,10:35:39,10.4,--,61,63440,卖盘
2621,10:35:36,10.4,-0.01,6,6240,卖盘
2622,10:35:33,10.41,--,1,1041,买盘
2623,10:35:30,10.41,--,10,10410,买盘
2624,10:35:24,10.41,0.01,1,1041,买盘
2625,10:35:21,10.4,--,25,26000,卖盘
2626,10:35:15,10.4,--,6,6240,卖盘
2627,10:35:12,10.4,-0.01,2,2080,卖盘
2628,10:35:09,10.41,0.01,1,1041,买盘
2629,10:35:03,10.4,-0.01,21,21840,卖盘
2630,10:35:00,10.41,0.01,5,5205,买盘
2631,10:34:57,10.4,--,51,53040,卖盘
2632,10:34:54,10.4,--,14,14560,卖盘
2633,10:34:51,10.4,-0.01,2,2080,卖盘
2634,10:34:48,10.41,--,7,7287,买盘
2635,10:34:45,10.41,--,90,93690,买盘
2636,10:34:39,10.41,0.01,1,1041,买盘
2637,10:34:33,10.4,-0.01,1,1040,卖盘
2638,10:34:30,10.41,--,24,24984,卖盘
2639,10:34:24,10.41,--,11,11451,卖盘
2640,10:34:21,10.41,-0.01,220,229020,卖盘
2641,10:34:18,10.42,0.01,2,2084,买盘
2642,10:34:15,10.41,--,7,7287,卖盘
2643,10:34:12,10.41,-0.01,41,42681,卖盘
2644,10:34:09,10.42,0.01,1,1042,买盘
2645,10:34:06,10.41,--,38,39558,卖盘
2646,10:34:03,10.41,--,1,1041,卖盘
2647,10:34:00,10.41,--,272,283152,卖盘
2648,10:33:57,10.41,--,22,22902,卖盘
2649,10:33:54,10.41,--,1,1041,卖盘
2650,10:33:51,10.41,--,2,2082,卖盘
2651,10:33:48,10.41,--,1,1041,卖盘
2652,10:33:45,10.41,--,26,27066,卖盘
2653,10:33:39,10.41,--,2,2082,卖盘
2654,10:33:21,10.41,--,27,28107,卖盘
2655,10:33:18,10.41,-0.01,2,2082,卖盘
2656,10:33:12,10.42,--,68,70856,卖盘
2657,10:33:09,10.42,--,4,4168,卖盘
2658,10:33:06,10.42,--,55,57310,卖盘
2659,10:33:03,10.42,--,1,1042,卖盘
2660,10:33:00,10.42,--,52,54184,卖盘
2661,10:32:57,10.42,--,1,1042,卖盘
2662,10:32:51,10.42,-0.01,22,22924,卖盘
2663,10:32:45,10.43,0.01,1,1043,买盘
2664,10:32:39,10.42,--,5,5210,卖盘
2665,10:32:36,10.42,--,1,1042,卖盘
2666,10:32:30,10.42,-0.01,6,6252,卖盘
2667,10:32:27,10.43,0.01,10,10430,买盘
2668,10:32:24,10.42,-0.01,86,89612,卖盘
2669,10:32:21,10.43,0.01,40,41720,买盘
2670,10:32:18,10.42,--,2,2084,卖盘
2671,10:32:12,10.42,--,3,3126,卖盘
2672,10:32:09,10.42,--,22,22924,卖盘
2673,10:32:06,10.42,--,1,1042,卖盘
2674,10:31:54,10.42,--,50,52100,卖盘
2675,10:31:51,10.42,--,1,1042,卖盘
2676,10:31:48,10.42,--,6,6252,卖盘
2677,10:31:45,10.42,--,21,21882,卖盘
2678,10:31:33,10.42,--,89,92738,卖盘
2679,10:31:27,10.42,-0.01,6,6252,卖盘
2680,10:31:18,10.43,0.01,15,15645,买盘
2681,10:31:15,10.42,-0.01,1,1042,卖盘
2682,10:31:12,10.43,0.01,5,5215,买盘
2683,10:31:09,10.42,--,63,65646,卖盘
2684,10:31:03,10.42,--,2,2084,卖盘
2685,10:31:00,10.42,--,38,39596,卖盘
2686,10:30:57,10.42,--,6,6252,卖盘
2687,10:30:54,10.42,--,2,2084,卖盘
2688,10:30:51,10.42,--,32,33344,卖盘
2689,10:30:48,10.42,-0.01,21,21882,卖盘
2690,10:30:45,10.43,0.01,1,1043,买盘
2691,10:30:42,10.42,-0.01,12,12504,卖盘
2692,10:30:36,10.43,0.01,39,40677,买盘
2693,10:30:33,10.42,-0.01,35,36470,卖盘
2694,10:30:30,10.43,0.01,14,14602,买盘
2695,10:30:27,10.42,--,2,2084,卖盘
2696,10:30:24,10.42,-0.01,4,4168,卖盘
2697,10:30:18,10.43,0.01,94,98042,买盘
2698,10:30:15,10.42,--,26,27092,卖盘
2699,10:30:12,10.42,--,1,1042,卖盘
2700,10:30:09,10.42,--,16,16672,卖盘
2701,10:30:06,10.42,--,1,1042,卖盘
2702,10:30:00,10.42,--,20,20840,卖盘
2703,10:29:54,10.42,-0.01,13,13546,卖盘
2704,10:29:51,10.43,--,96,100128,买盘
2705,10:29:48,10.43,0.01,12,12516,买盘
2706,10:29:42,10.42,--,1,1042,卖盘
2707,10:29:27,10.42,--,1,1042,卖盘
2708,10:29:24,10.42,--,11,11462,卖盘
2709,10:29:21,10.42,-0.01,1,1042,卖盘
2710,10:29:18,10.43,-0.01,232,241976,卖盘
2711,10:29:15,10.44,--,16,16704,买盘
2712,10:29:12,10.44,0.01,101,105444,买盘
2713,10:29:09,10.43,--,50,52150,卖盘
2714,10:29:06,10.43,-0.01,5,5215,卖盘
2715,10:29:00,10.44,0.01,4,4176,买盘
2716,10:28:57,10.43,-0.01,6,6258,卖盘
2717,10:28:54,10.44,--,66,68904,买盘
2718,10:28:51,10.44,0.01,2,2088,买盘
2719,10:28:48,10.43,-0.01,24,25032,卖盘
2720,10:28:45,10.44,0.01,1,1044,买盘
2721,10:28:42,10.43,--,1,1043,卖盘
2722,10:28:39,10.43,--,5,5215,卖盘
2723,10:28:36,10.43,-0.01,1,1043,卖盘
2724,10:28:27,10.44,0.01,1,1044,买盘
2725,10:28:21,10.43,--,4,4172,卖盘
2726,10:28:18,10.43,-0.01,2,2086,卖盘
2727,10:28:15,10.44,0.01,13,13572,买盘
2728,10:28:06,10.43,--,11,11473,卖盘
2729,10:28:03,10.43,--,8,8344,卖盘
2730,10:28:00,10.43,--,3,3129,卖盘
2731,10:27:57,10.43,--,34,35462,卖盘
2732,10:27:51,10.43,--,13,13559,卖盘
2733,10:27:48,10.43,--,700,730100,买盘
2734,10:27:39,10.43,0.01,3,3129,买盘
2735,10:27:36,10.42,--,1,1042,卖盘
2736,10:27:33,10.42,--,8,8336,卖盘
2737,10:27:30,10.42,-0.01,5,5210,卖盘
2738,10:27:27,10.43,0.01,1,1043,买盘
2739,10:27:24,10.42,--,15,15630,卖盘
2740,10:27:21,10.42,--,8,8961,买盘
2741,10:27:18,10.42,--,82,85444,买盘
2742,10:27:15,10.42,--,469,489114,卖盘
2743,10:27:12,10.42,--,1,1042,卖盘
2744,10:27:06,10.42,--,1,1042,卖盘
2745,10:27:00,10.42,--,3,3126,卖盘
2746,10:26:57,10.42,--,5,5210,卖盘
2747,10:26:54,10.42,--,11,11462,卖盘
2748,10:26:51,10.42,-0.01,1,1042,卖盘
2749,10:26:45,10.43,--,2,2086,买盘
2750,10:26:42,10.43,0.01,4,4172,买盘
2751,10:26:33,10.42,--,25,26050,卖盘
2752,10:26:30,10.42,--,0,625,卖盘
2753,10:26:21,10.42,-0.01,1,1042,卖盘
2754,10:26:18,10.43,0.01,81,84483,买盘
2755,10:26:15,10.42,-0.01,21,21882,卖盘
2756,10:26:12,10.43,0.01,1,1043,买盘
2757,10:26:06,10.42,-0.01,2,2084,卖盘
2758,10:26:03,10.43,0.01,2,2086,买盘
2759,10:26:00,10.42,--,10,10420,卖盘
2760,10:25:57,10.42,--,61,63562,卖盘
2761,10:25:54,10.42,--,2,2084,卖盘
2762,10:25:51,10.42,--,32,33344,卖盘
2763,10:25:48,10.42,--,10,10420,卖盘
2764,10:25:42,10.42,-0.01,4,4168,卖盘
2765,10:25:36,10.43,--,32,33376,买盘
2766,10:25:30,10.43,--,2,2086,买盘
2767,10:25:21,10.43,--,57,59451,买盘
2768,10:25:18,10.43,0.01,40,41720,买盘
2769,10:25:12,10.42,--,36,37512,卖盘
2770,10:25:06,10.42,-0.01,11,11462,卖盘
2771,10:25:03,10.43,--,15,15645,买盘
2772,10:25:00,10.43,0.01,5,5215,买盘
2773,10:24:54,10.42,-0.01,30,31260,卖盘
2774,10:24:51,10.43,--,13,13559,买盘
2775,10:24:48,10.43,--,4,4172,买盘
2776,10:24:45,10.43,0.01,56,58408,买盘
2777,10:24:39,10.42,--,1,1042,卖盘
2778,10:24:33,10.42,-0.01,6,6252,卖盘
2779,10:24:27,10.43,0.01,7,7301,买盘
2780,10:24:21,10.42,--,3,3126,卖盘
2781,10:24:18,10.42,--,1,1042,卖盘
2782,10:24:15,10.42,--,107,111494,卖盘
2783,10:24:12,10.42,--,1,1042,卖盘
2784,10:24:03,10.42,--,58,60436,卖盘
2785,10:24:00,10.42,--,100,104200,卖盘
2786,10:23:57,10.42,--,1,1042,卖盘
2787,10:23:54,10.42,-0.01,3,3126,卖盘
2788,10:23:51,10.43,0.01,17,17731,买盘
2789,10:23:48,10.42,-0.01,1,1042,卖盘
2790,10:23:45,10.43,--,20,20860,买盘
2791,10:23:42,10.43,--,63,65709,买盘
2792,10:23:39,10.43,-0.01,347,361921,卖盘
2793,10:23:33,10.44,0.01,5,5220,买盘
2794,10:23:30,10.43,-0.01,12,12516,卖盘
2795,10:23:27,10.44,0.01,8,8352,买盘
2796,10:23:24,10.43,-0.01,177,184611,卖盘
2797,10:23:21,10.44,0.01,16,16704,买盘
2798,10:23:18,10.43,--,134,139762,卖盘
2799,10:23:15,10.43,-0.01,42,43806,卖盘
2800,10:23:12,10.44,0.01,21,21924,买盘
2801,10:23:09,10.43,--,14,14602,卖盘
2802,10:23:06,10.43,-0.01,6,6258,卖盘
2803,10:23:03,10.44,--,10,10440,买盘
2804,10:22:51,10.44,0.01,224,233856,买盘
2805,10:22:48,10.43,--,2,2086,卖盘
2806,10:22:45,10.43,-0.01,6,6258,卖盘
2807,10:22:39,10.44,--,59,61596,买盘
2808,10:22:36,10.44,0.01,24,25056,买盘
2809,10:22:33,10.43,--,26,27118,卖盘
2810,10:22:30,10.43,-0.01,87,90741,卖盘
2811,10:22:27,10.44,0.01,62,64728,买盘
2812,10:22:21,10.43,-0.01,17,17731,卖盘
2813,10:22:18,10.44,--,8,8352,中性盘
2814,10:22:09,10.44,--,1,1044,卖盘
2815,10:22:06,10.44,--,19,19836,卖盘
2816,10:22:03,10.44,--,34,35496,卖盘
2817,10:22:00,10.44,--,11,11484,卖盘
2818,10:21:57,10.44,--,36,37584,卖盘
2819,10:21:54,10.44,--,35,36540,卖盘
2820,10:21:51,10.44,--,5,5220,卖盘
2821,10:21:48,10.44,-0.01,3,3132,卖盘
2822,10:21:45,10.45,0.01,113,118084,买盘
2823,10:21:42,10.44,--,10,10440,卖盘
2824,10:21:39,10.44,--,47,49068,卖盘
2825,10:21:36,10.44,--,37,38628,卖盘
2826,10:21:30,10.44,-0.01,10,10440,卖盘
2827,10:21:27,10.45,0.01,1,1045,买盘
2828,10:21:24,10.44,--,4,4176,卖盘
2829,10:21:21,10.44,--,5,5220,卖盘
2830,10:21:18,10.44,-0.01,20,20880,卖盘
2831,10:21:15,10.45,0.01,17,17765,买盘
2832,10:21:12,10.44,--,9,9396,卖盘
2833,10:21:09,10.44,--,82,85608,卖盘
2834,10:21:06,10.44,--,6,6264,卖盘
2835,10:21:03,10.44,--,41,42804,卖盘
2836,10:21:00,10.44,--,58,60552,卖盘
2837,10:20:57,10.44,--,4,4176,卖盘
2838,10:20:54,10.44,-0.01,1,1044,卖盘
