,time,price,change,volume,amount,type
0,15:00:03,11.3,--,1948,2201240,买盘
1,14:57:00,11.3,0.03,214,242430,买盘
2,14:56:54,11.27,--,42,47334,卖盘
3,14:56:51,11.27,-0.02,12,13524,卖盘
4,14:56:48,11.29,0.01,500,564500,买盘
5,14:56:45,11.28,0.01,51,57528,买盘
6,14:56:42,11.27,-0.01,511,575897,卖盘
7,14:56:36,11.28,0.01,18,20304,买盘
8,14:56:33,11.27,--,776,875036,买盘
9,14:56:30,11.27,--,78,87906,买盘
10,14:56:27,11.27,-0.01,126,142644,卖盘
11,14:56:24,11.28,--,321,362088,买盘
12,14:56:21,11.28,0.01,300,338400,买盘
13,14:56:18,11.27,-0.01,52,58604,卖盘
14,14:56:15,11.28,--,48,54144,买盘
15,14:56:12,11.28,0.01,1,1274,买盘
16,14:56:09,11.27,--,26,30135,卖盘
17,14:56:06,11.27,--,13,15282,卖盘
18,14:56:03,11.27,--,81,91287,卖盘
19,14:56:00,11.27,--,326,367402,买盘
20,14:55:57,11.27,--,39,44865,买盘
21,14:55:54,11.27,--,28,31556,买盘
22,14:55:51,11.27,--,20,22540,买盘
23,14:55:48,11.27,--,287,323449,买盘
24,14:55:45,11.27,--,40,45080,买盘
25,14:55:42,11.27,--,9,10143,买盘
26,14:55:39,11.27,0.01,40,45080,中性盘
27,14:55:36,11.26,-0.02,62,70048,卖盘
28,14:55:33,11.28,0.01,286,322608,买盘
29,14:55:30,11.27,--,11,12419,卖盘
30,14:55:27,11.27,-0.01,199,224273,卖盘
31,14:55:24,11.28,0.01,90,101520,买盘
32,14:55:21,11.27,--,69,77763,卖盘
33,14:55:18,11.27,--,3,3854,卖盘
34,14:55:15,11.27,--,20,22540,卖盘
35,14:55:12,11.27,--,24,27712,卖盘
36,14:55:09,11.27,-0.01,210,236670,卖盘
37,14:55:06,11.28,0.01,168,189504,买盘
38,14:55:03,11.27,--,160,180567,卖盘
39,14:55:00,11.27,-0.01,90,101430,卖盘
40,14:54:57,11.28,--,3,3384,买盘
41,14:54:54,11.28,--,88,99264,买盘
42,14:54:51,11.28,0.01,109,122952,买盘
43,14:54:48,11.27,-0.01,227,256212,卖盘
44,14:54:45,11.28,-0.01,117,131976,卖盘
45,14:54:42,11.29,0.01,180,203219,买盘
46,14:54:39,11.28,--,66,74448,卖盘
47,14:54:36,11.28,--,133,150024,卖盘
48,14:54:33,11.28,-0.01,139,157773,卖盘
49,14:54:30,11.29,0.01,390,440309,买盘
50,14:54:27,11.28,-0.01,64,72192,卖盘
51,14:54:24,11.29,0.01,155,174995,买盘
52,14:54:18,11.28,-0.01,19,22503,卖盘
53,14:54:15,11.29,--,1,1129,买盘
54,14:54:09,11.29,0.01,33,37257,买盘
55,14:54:06,11.28,-0.01,18,20304,卖盘
56,14:54:03,11.29,--,10,11290,买盘
57,14:54:00,11.29,--,112,126447,买盘
58,14:53:57,11.29,--,3,3386,买盘
59,14:53:54,11.29,--,12,13547,买盘
60,14:53:51,11.29,0.01,15,16935,买盘
61,14:53:48,11.28,--,34,39344,卖盘
62,14:53:45,11.28,--,69,77832,卖盘
63,14:53:42,11.28,-0.01,54,60912,卖盘
64,14:53:39,11.29,-0.01,11,12418,卖盘
65,14:53:36,11.3,0.01,141,159330,买盘
66,14:53:33,11.29,0.01,36,40644,买盘
67,14:53:30,11.28,-0.01,3,3384,卖盘
68,14:53:27,11.29,--,91,102738,买盘
69,14:53:24,11.29,0.01,18,20322,买盘
70,14:53:21,11.28,-0.01,42,47488,卖盘
71,14:53:18,11.29,-0.01,144,162880,卖盘
72,14:53:15,11.3,--,70,79100,买盘
73,14:53:12,11.3,--,4,4520,买盘
74,14:53:09,11.3,--,121,136730,买盘
75,14:53:06,11.3,0.01,15,17085,买盘
76,14:53:03,11.29,-0.01,15,16935,卖盘
77,14:53:00,11.3,--,169,190970,买盘
78,14:52:57,11.3,0.01,233,263290,买盘
79,14:52:54,11.29,--,9,10161,卖盘
80,14:52:51,11.29,-0.01,130,147718,卖盘
81,14:52:48,11.3,--,291,328830,买盘
82,14:52:45,11.3,0.01,10,11300,买盘
83,14:52:42,11.29,-0.01,13,14676,卖盘
84,14:52:39,11.3,0.01,1,1130,买盘
85,14:52:36,11.29,-0.01,114,129654,卖盘
86,14:52:33,11.3,0.01,278,314140,买盘
87,14:52:30,11.29,-0.01,108,121931,卖盘
88,14:52:27,11.3,--,210,237300,买盘
89,14:52:24,11.3,0.01,8,9040,买盘
90,14:52:21,11.29,--,67,75925,卖盘
91,14:52:18,11.29,-0.01,174,196445,卖盘
92,14:52:15,11.3,0.01,53,59890,买盘
93,14:52:12,11.29,-0.01,32,36128,卖盘
94,14:52:09,11.3,--,99,111892,买盘
95,14:52:06,11.3,--,220,248600,买盘
96,14:52:03,11.3,--,40,45200,买盘
97,14:51:54,11.3,--,17,19424,买盘
98,14:51:51,11.3,0.01,51,57630,买盘
99,14:51:48,11.29,-0.01,40,45160,卖盘
100,14:51:45,11.3,--,5,5650,买盘
101,14:51:42,11.3,0.01,1,1130,买盘
102,14:51:39,11.29,--,5,6503,卖盘
103,14:51:36,11.29,--,87,99329,卖盘
104,14:51:33,11.29,-0.01,120,135480,卖盘
105,14:51:24,11.3,0.01,10,11300,买盘
106,14:51:21,11.29,--,16,18334,卖盘
107,14:51:15,11.29,--,1,1129,卖盘
108,14:51:12,11.29,-0.01,7,7902,卖盘
109,14:51:09,11.3,0.01,1,1130,买盘
110,14:51:06,11.29,--,49,56122,卖盘
111,14:51:03,11.29,-0.01,62,69998,卖盘
112,14:51:00,11.3,0.01,11,12430,买盘
113,14:50:57,11.29,--,22,24837,卖盘
114,14:50:54,11.29,--,2,2258,卖盘
115,14:50:51,11.29,-0.01,59,67491,卖盘
116,14:50:45,11.3,0.01,10,11300,买盘
117,14:50:42,11.29,--,52,58707,卖盘
118,14:50:39,11.29,--,8,9032,卖盘
119,14:50:33,11.29,-0.01,17,19193,卖盘
120,14:50:27,11.3,0.01,125,141250,买盘
121,14:50:21,11.29,--,18,20322,买盘
122,14:50:18,11.29,--,42,47711,买盘
123,14:50:15,11.29,--,15,16935,买盘
124,14:50:12,11.29,--,11,12418,买盘
125,14:50:09,11.29,--,9,10161,买盘
126,14:50:06,11.29,0.01,19,21451,买盘
127,14:50:03,11.28,-0.01,22,24816,卖盘
128,14:50:00,11.29,--,18,20322,买盘
129,14:49:57,11.29,--,28,31611,买盘
130,14:49:54,11.29,--,46,52633,买盘
131,14:49:51,11.29,--,20,22580,买盘
132,14:49:48,11.29,0.01,19,21451,买盘
133,14:49:45,11.28,--,20,22627,卖盘
134,14:49:42,11.28,-0.01,10,11280,卖盘
135,14:49:36,11.29,0.01,14,15805,买盘
136,14:49:33,11.28,-0.01,312,351936,卖盘
137,14:49:30,11.29,--,11,12418,买盘
138,14:49:27,11.29,--,99,111770,卖盘
139,14:49:24,11.29,0.01,126,142254,买盘
140,14:49:21,11.28,-0.01,73,82344,卖盘
141,14:49:18,11.29,--,16,18064,买盘
142,14:49:15,11.29,0.01,201,226928,买盘
143,14:49:12,11.28,--,14,16671,卖盘
144,14:49:09,11.28,--,49,55272,卖盘
145,14:49:03,11.28,-0.01,317,357576,卖盘
146,14:49:00,11.29,0.01,141,159189,买盘
147,14:48:57,11.28,--,43,48504,卖盘
148,14:48:54,11.28,--,146,165714,卖盘
149,14:48:51,11.28,--,28,31584,卖盘
150,14:48:48,11.28,--,37,41736,卖盘
151,14:48:45,11.28,--,36,40608,卖盘
152,14:48:39,11.28,-0.01,78,87984,卖盘
153,14:48:36,11.29,0.01,553,625375,买盘
154,14:48:33,11.28,-0.01,53,59784,卖盘
155,14:48:30,11.29,0.01,29,32740,买盘
156,14:48:27,11.28,--,95,107160,卖盘
157,14:48:24,11.28,--,100,112800,卖盘
158,14:48:21,11.28,--,100,112800,卖盘
159,14:48:18,11.28,--,66,75485,卖盘
160,14:48:15,11.28,--,104,117312,卖盘
161,14:48:12,11.28,--,2,2256,卖盘
162,14:48:09,11.28,-0.01,142,160176,卖盘
163,14:48:06,11.29,0.01,34,38386,买盘
164,14:48:03,11.28,--,25,28200,卖盘
165,14:48:00,11.28,--,40,46146,卖盘
166,14:47:57,11.28,-0.01,73,82344,卖盘
167,14:47:54,11.29,0.01,375,423374,买盘
168,14:47:51,11.28,-0.01,10,11280,卖盘
169,14:47:48,11.29,--,53,59836,买盘
170,14:47:45,11.29,--,1,1129,买盘
171,14:47:42,11.29,--,30,33870,买盘
172,14:47:39,11.29,0.01,6,6773,买盘
173,14:47:36,11.28,-0.01,1,1128,卖盘
174,14:47:33,11.29,0.01,1,1129,买盘
175,14:47:30,11.28,--,34,38352,卖盘
176,14:47:27,11.28,-0.01,508,573024,卖盘
177,14:47:21,11.29,--,2,2258,买盘
178,14:47:18,11.29,--,691,780138,买盘
179,14:47:12,11.29,--,2,2258,买盘
180,14:47:09,11.29,0.01,17,19193,买盘
181,14:47:06,11.28,-0.01,105,118440,卖盘
182,14:47:03,11.29,0.01,27,30482,买盘
183,14:47:00,11.28,--,14,15792,卖盘
184,14:46:57,11.28,-0.01,36,40608,卖盘
185,14:46:54,11.29,--,200,225799,卖盘
186,14:46:51,11.29,-0.01,47,53062,卖盘
187,14:46:48,11.3,--,124,140120,买盘
188,14:46:45,11.3,0.01,53,59890,买盘
189,14:46:42,11.29,--,2,2258,买盘
190,14:46:39,11.29,--,1,1129,买盘
191,14:46:36,11.29,--,31,34999,卖盘
192,14:46:33,11.29,--,5,5645,卖盘
193,14:46:27,11.29,--,26,29353,卖盘
194,14:46:18,11.29,0.01,260,293540,买盘
195,14:46:15,11.28,-0.01,20,22560,卖盘
196,14:46:12,11.29,0.01,6,6773,买盘
197,14:46:09,11.28,-0.01,52,58656,卖盘
198,14:46:06,11.29,--,294,331926,买盘
199,14:46:03,11.29,--,24,27095,买盘
200,14:45:57,11.29,--,60,67740,卖盘
201,14:45:54,11.29,--,11,12418,卖盘
202,14:45:51,11.29,--,174,196445,买盘
203,14:45:48,11.29,0.01,109,123060,买盘
204,14:45:45,11.28,--,104,117312,卖盘
205,14:45:42,11.28,-0.01,601,677928,卖盘
206,14:45:39,11.29,--,7,7902,买盘
207,14:45:36,11.29,--,22,24837,买盘
208,14:45:33,11.29,--,3,3386,买盘
209,14:45:30,11.29,--,3,3386,买盘
210,14:45:27,11.29,--,5,5645,买盘
211,14:45:24,11.29,0.01,267,301443,买盘
212,14:45:18,11.28,-0.01,29,32711,卖盘
213,14:45:15,11.29,--,40,45160,买盘
214,14:45:12,11.29,--,5,5645,买盘
215,14:45:09,11.29,--,44,49675,买盘
216,14:45:03,11.29,0.01,22,24837,买盘
217,14:45:00,11.28,--,87,98136,卖盘
218,14:44:57,11.28,-0.01,50,56400,卖盘
219,14:44:54,11.29,--,205,231444,买盘
220,14:44:51,11.29,0.01,4,4516,买盘
221,14:44:48,11.28,-0.01,12,13536,卖盘
222,14:44:45,11.29,--,9,10161,买盘
223,14:44:42,11.29,--,28,31611,买盘
224,14:44:39,11.29,-0.01,42,47418,卖盘
225,14:44:36,11.3,0.01,53,59890,买盘
226,14:44:33,11.29,--,85,95965,卖盘
227,14:44:30,11.29,--,121,136609,卖盘
228,14:44:27,11.29,--,47,53062,卖盘
229,14:44:24,11.29,-0.01,30,33870,卖盘
230,14:44:21,11.3,--,12,13560,买盘
231,14:44:18,11.3,0.01,4,4520,买盘
232,14:44:15,11.29,--,143,161447,卖盘
233,14:44:12,11.29,-0.01,28,31611,卖盘
234,14:44:09,11.3,0.01,4,4520,买盘
235,14:44:06,11.29,-0.01,200,225799,卖盘
236,14:44:03,11.3,--,32,36160,买盘
237,14:44:00,11.3,0.01,3,3390,买盘
238,14:43:57,11.29,--,51,57578,卖盘
239,14:43:54,11.29,-0.01,50,56449,卖盘
240,14:43:48,11.3,--,24,27120,买盘
241,14:43:45,11.3,--,1,1130,买盘
242,14:43:42,11.3,0.01,70,79100,买盘
243,14:43:33,11.29,-0.01,14,15805,卖盘
244,14:43:30,11.3,--,25,28250,买盘
245,14:43:27,11.3,--,17,19210,买盘
246,14:43:24,11.3,0.01,29,32770,买盘
247,14:43:21,11.29,-0.01,103,116286,卖盘
248,14:43:09,11.3,--,179,202270,买盘
249,14:43:06,11.3,--,61,68930,买盘
250,14:43:03,11.3,--,52,58760,买盘
251,14:43:00,11.3,0.01,206,232780,买盘
252,14:42:57,11.29,-0.01,30,33870,卖盘
253,14:42:54,11.3,--,4,4520,买盘
254,14:42:51,11.3,0.01,23,25990,买盘
255,14:42:48,11.29,-0.01,63,71127,卖盘
256,14:42:45,11.3,0.01,30,33900,买盘
257,14:42:42,11.29,-0.01,3,3386,卖盘
258,14:42:39,11.3,--,7,7910,买盘
259,14:42:36,11.3,0.01,328,370640,买盘
260,14:42:33,11.29,-0.01,9,10161,卖盘
261,14:42:30,11.3,0.01,7,7910,买盘
262,14:42:27,11.29,-0.01,4,4516,卖盘
263,14:42:24,11.3,--,27,30510,买盘
264,14:42:21,11.3,--,11,12430,买盘
265,14:42:18,11.3,0.01,5,5650,买盘
266,14:42:15,11.29,-0.01,10,11290,卖盘
267,14:42:12,11.3,--,91,102830,买盘
268,14:42:09,11.3,--,32,36160,买盘
269,14:42:06,11.3,--,25,28250,买盘
270,14:41:57,11.3,0.01,52,58760,买盘
271,14:41:54,11.29,--,4,4516,卖盘
272,14:41:51,11.29,-0.01,7,7902,卖盘
273,14:41:48,11.3,--,6,6780,买盘
274,14:41:45,11.3,--,128,144640,买盘
275,14:41:42,11.3,0.01,8,9040,买盘
276,14:41:39,11.29,-0.01,28,31611,卖盘
277,14:41:36,11.3,--,11,12430,买盘
278,14:41:33,11.3,0.01,19,21470,买盘
279,14:41:27,11.29,--,14,15805,卖盘
280,14:41:24,11.29,--,6,6773,卖盘
281,14:41:18,11.29,--,120,135480,卖盘
282,14:41:15,11.29,--,4,4516,卖盘
283,14:41:12,11.29,--,60,67740,卖盘
284,14:41:09,11.29,-0.01,6,6773,卖盘
285,14:41:06,11.3,0.01,28,31640,买盘
286,14:41:03,11.29,--,253,285941,卖盘
287,14:41:00,11.29,-0.01,2,2258,卖盘
288,14:40:54,11.3,0.01,24,27120,中性盘
289,14:40:45,11.29,-0.01,7,7902,卖盘
290,14:40:42,11.3,0.01,3,3390,买盘
291,14:40:36,11.29,-0.02,55,62094,卖盘
292,14:40:33,11.31,0.01,37,41847,买盘
293,14:40:30,11.3,--,12,13560,买盘
294,14:40:27,11.3,--,45,50850,卖盘
295,14:40:24,11.3,-0.01,5,5650,卖盘
296,14:40:21,11.31,--,220,248820,买盘
297,14:40:15,11.31,--,13,14703,买盘
298,14:40:12,11.31,--,39,44109,买盘
299,14:40:09,11.31,0.01,196,221676,买盘
300,14:40:06,11.3,--,7,7910,卖盘
301,14:40:00,11.3,-0.01,53,59890,卖盘
302,14:39:57,11.31,0.01,16,18096,买盘
303,14:39:51,11.3,--,18,20340,卖盘
304,14:39:48,11.3,--,23,25990,卖盘
305,14:39:45,11.3,--,9,10170,卖盘
306,14:39:42,11.3,--,56,63280,卖盘
307,14:39:39,11.3,--,10,11300,卖盘
308,14:39:36,11.3,--,246,277980,买盘
309,14:39:33,11.3,--,62,70060,买盘
310,14:39:30,11.3,--,60,67800,买盘
311,14:39:27,11.3,--,17,19210,买盘
312,14:39:24,11.3,--,3,3390,买盘
313,14:39:21,11.3,0.01,25,28250,买盘
314,14:39:18,11.29,-0.01,103,116286,卖盘
315,14:39:15,11.3,0.01,82,92660,买盘
316,14:39:12,11.29,--,4,4516,卖盘
317,14:39:09,11.29,--,3,3386,卖盘
318,14:39:06,11.29,-0.01,223,251766,卖盘
319,14:39:03,11.3,--,20,22600,买盘
320,14:39:00,11.3,0.01,74,83620,买盘
321,14:38:57,11.29,--,12,13547,卖盘
322,14:38:54,11.29,-0.01,25,28224,卖盘
323,14:38:51,11.3,--,3,3390,买盘
324,14:38:48,11.3,0.01,50,56500,买盘
325,14:38:45,11.29,-0.01,2,2258,卖盘
326,14:38:42,11.3,--,2,2260,买盘
327,14:38:39,11.3,0.01,534,604324,买盘
328,14:38:36,11.29,--,107,121028,卖盘
329,14:38:33,11.29,-0.01,111,125318,卖盘
330,14:38:30,11.3,--,107,120910,买盘
331,14:38:27,11.3,0.01,16,18080,买盘
332,14:38:24,11.29,--,2,2258,卖盘
333,14:38:21,11.29,0.01,154,174769,买盘
334,14:38:18,11.28,--,23,25944,卖盘
335,14:38:15,11.28,-0.01,31,34968,卖盘
336,14:38:12,11.29,--,1,1535,买盘
337,14:38:09,11.29,--,30,33870,买盘
338,14:38:06,11.29,--,22,24837,买盘
339,14:38:03,11.29,--,59,66611,买盘
340,14:38:00,11.29,0.01,12,13547,买盘
341,14:37:57,11.28,--,790,891120,卖盘
342,14:37:54,11.28,-0.01,39,43992,卖盘
343,14:37:48,11.29,--,17,19193,买盘
344,14:37:45,11.29,--,24,27095,买盘
345,14:37:42,11.29,--,20,22580,买盘
346,14:37:39,11.29,--,113,127576,买盘
347,14:37:36,11.29,-0.01,172,194187,卖盘
348,14:37:33,11.3,0.01,11,12430,买盘
349,14:37:30,11.29,-0.01,102,115157,卖盘
350,14:37:27,11.3,0.01,308,348040,买盘
351,14:37:24,11.29,--,19,21451,卖盘
352,14:37:21,11.29,-0.01,119,134351,卖盘
353,14:37:18,11.3,--,40,45200,买盘
354,14:37:12,11.3,0.01,62,70060,买盘
355,14:37:09,11.29,-0.01,125,141125,卖盘
356,14:37:06,11.3,--,3,3390,买盘
357,14:37:03,11.3,--,10,11300,买盘
358,14:37:00,11.3,--,48,54240,买盘
359,14:36:57,11.3,--,338,383047,卖盘
360,14:36:54,11.3,--,302,341260,卖盘
361,14:36:48,11.3,--,530,598900,卖盘
362,14:36:45,11.3,--,12,13560,卖盘
363,14:36:42,11.3,--,600,678000,卖盘
364,14:36:39,11.3,--,60,67800,卖盘
365,14:36:36,11.3,-0.01,46,51980,卖盘
366,14:36:33,11.31,0.01,36,40716,买盘
367,14:36:30,11.3,--,37,41832,卖盘
368,14:36:27,11.3,--,20,22600,卖盘
369,14:36:24,11.3,-0.01,1483,1675790,卖盘
370,14:36:18,11.31,0.01,95,107445,买盘
371,14:36:15,11.3,--,90,101700,卖盘
372,14:36:09,11.3,-0.01,25,28250,卖盘
373,14:36:06,11.31,--,25,28275,买盘
374,14:36:03,11.31,0.01,28,31668,买盘
375,14:36:00,11.3,-0.01,10,11300,卖盘
376,14:35:57,11.31,0.01,18,20358,买盘
377,14:35:51,11.3,-0.01,3,3390,卖盘
378,14:35:48,11.31,--,20,22620,买盘
379,14:35:45,11.31,--,124,140244,买盘
380,14:35:42,11.31,0.01,40,45240,买盘
381,14:35:36,11.3,-0.01,154,174020,卖盘
382,14:35:33,11.31,--,15,16965,买盘
383,14:35:30,11.31,0.01,103,116493,买盘
384,14:35:27,11.3,--,205,231650,卖盘
385,14:35:24,11.3,--,9,10170,卖盘
386,14:35:21,11.3,--,24,27120,卖盘
387,14:35:18,11.3,--,182,205660,卖盘
388,14:35:15,11.3,--,18,20340,卖盘
389,14:35:12,11.3,--,149,168370,卖盘
390,14:35:09,11.3,--,222,250860,卖盘
391,14:35:06,11.3,--,200,226000,卖盘
392,14:34:57,11.3,--,4,4520,卖盘
393,14:34:54,11.3,--,707,798910,卖盘
394,14:34:51,11.3,-0.01,21,23730,卖盘
395,14:34:48,11.31,0.01,20,22620,买盘
396,14:34:45,11.3,-0.01,86,97180,卖盘
397,14:34:42,11.31,--,100,113100,买盘
398,14:34:36,11.31,--,41,46371,买盘
399,14:34:33,11.31,0.01,40,45240,买盘
400,14:34:30,11.3,-0.02,1327,1499736,卖盘
401,14:34:27,11.32,0.01,124,140368,买盘
402,14:34:24,11.31,--,54,61074,卖盘
403,14:34:18,11.31,-0.01,54,61074,卖盘
404,14:34:15,11.32,0.01,55,62260,买盘
405,14:34:12,11.31,-0.01,108,122148,卖盘
406,14:34:09,11.32,0.01,8,9056,买盘
407,14:34:06,11.31,--,45,50895,卖盘
408,14:34:03,11.31,-0.01,12,13572,卖盘
409,14:34:00,11.32,--,3,3396,买盘
410,14:33:57,11.32,0.01,23,26036,买盘
411,14:33:54,11.31,-0.01,230,260130,卖盘
412,14:33:51,11.32,--,79,89428,买盘
413,14:33:48,11.32,0.01,47,53204,买盘
414,14:33:45,11.31,--,25,28275,卖盘
415,14:33:42,11.31,--,10,11310,卖盘
416,14:33:39,11.31,--,50,56550,卖盘
417,14:33:36,11.31,--,50,56550,卖盘
418,14:33:33,11.31,-0.01,10,11310,卖盘
419,14:33:30,11.32,--,49,55468,买盘
420,14:33:27,11.32,--,45,50940,买盘
421,14:33:24,11.32,0.01,1,1132,买盘
422,14:33:18,11.31,--,30,33930,卖盘
423,14:33:15,11.31,-0.01,131,148161,卖盘
424,14:33:12,11.32,--,10,11320,买盘
425,14:33:09,11.32,--,8,9056,买盘
426,14:33:06,11.32,--,37,41884,买盘
427,14:33:03,11.32,--,19,21508,买盘
428,14:33:00,11.32,--,20,22640,买盘
429,14:32:57,11.32,--,15,16980,买盘
430,14:32:54,11.32,--,2,2264,买盘
431,14:32:51,11.32,--,32,36224,买盘
432,14:32:48,11.32,0.01,10,11320,买盘
433,14:32:45,11.31,--,2,2262,卖盘
434,14:32:42,11.31,--,10,11310,卖盘
435,14:32:39,11.31,-0.01,41,46371,卖盘
436,14:32:33,11.32,0.01,10,11320,买盘
437,14:32:30,11.31,--,4,4524,卖盘
438,14:32:27,11.31,--,127,143637,卖盘
439,14:32:24,11.31,-0.01,20,22620,卖盘
440,14:32:21,11.32,--,38,43016,买盘
441,14:32:15,11.32,0.01,84,95088,买盘
442,14:32:12,11.31,-0.01,10,11310,卖盘
443,14:32:09,11.32,--,2,2264,买盘
444,14:32:06,11.32,0.01,5,5660,买盘
445,14:32:03,11.31,-0.01,10,11310,卖盘
446,14:32:00,11.32,0.01,13,14716,买盘
447,14:31:57,11.31,-0.01,570,644670,卖盘
448,14:31:54,11.32,--,5,5660,卖盘
449,14:31:51,11.32,--,50,56600,卖盘
450,14:31:48,11.32,0.01,138,156216,买盘
451,14:31:45,11.31,--,7,7917,卖盘
452,14:31:42,11.31,--,574,649194,卖盘
453,14:31:39,11.31,--,20,22620,卖盘
454,14:31:36,11.31,-0.01,11,12441,卖盘
455,14:31:33,11.32,--,221,250172,买盘
456,14:31:30,11.32,0.01,20,22640,买盘
457,14:31:27,11.31,-0.01,55,62205,卖盘
458,14:31:24,11.32,0.01,100,113200,买盘
459,14:31:21,11.31,--,5,5655,卖盘
460,14:31:18,11.31,-0.01,7,7917,卖盘
461,14:31:15,11.32,0.01,6,6792,买盘
462,14:31:09,11.31,-0.01,7,7917,卖盘
463,14:31:06,11.32,0.01,10,11320,买盘
464,14:31:03,11.31,-0.01,1,1131,卖盘
465,14:31:00,11.32,0.01,46,52072,买盘
466,14:30:57,11.31,--,36,40716,卖盘
467,14:30:54,11.31,--,45,50895,卖盘
468,14:30:51,11.31,--,17,19227,卖盘
469,14:30:48,11.31,-0.01,4,4524,卖盘
470,14:30:45,11.32,--,132,149424,买盘
471,14:30:42,11.32,0.01,4,4528,买盘
472,14:30:33,11.31,-0.02,31,36135,卖盘
473,14:30:30,11.33,0.01,20,22660,买盘
474,14:30:24,11.32,--,100,113200,卖盘
475,14:30:18,11.32,--,208,235512,买盘
476,14:30:15,11.32,--,1,1132,买盘
477,14:30:12,11.32,0.01,15,16980,买盘
478,14:30:09,11.31,--,60,67860,卖盘
479,14:30:06,11.31,-0.01,47,53157,卖盘
480,14:30:03,11.32,--,3,3396,买盘
481,14:30:00,11.32,--,393,445951,卖盘
482,14:29:57,11.32,-0.01,7,7924,卖盘
483,14:29:54,11.33,--,4,4532,买盘
484,14:29:51,11.33,0.01,44,49852,买盘
485,14:29:48,11.32,-0.01,304,344128,卖盘
486,14:29:45,11.33,0.01,30,33990,买盘
487,14:29:42,11.32,-0.01,9,10188,卖盘
488,14:29:39,11.33,0.01,4,4532,买盘
489,14:29:30,11.32,-0.01,43,48676,卖盘
490,14:29:27,11.33,0.01,1,1133,买盘
491,14:29:24,11.32,-0.01,75,84900,卖盘
492,14:29:21,11.33,0.01,12,13596,买盘
493,14:29:18,11.32,-0.01,47,53204,卖盘
494,14:29:15,11.33,0.01,54,61182,买盘
495,14:29:12,11.32,-0.01,14,15848,卖盘
496,14:29:09,11.33,0.01,13,14729,买盘
497,14:29:03,11.32,-0.01,7,7924,卖盘
498,14:29:00,11.33,0.01,182,206262,买盘
499,14:28:57,11.32,--,10,11320,买盘
500,14:28:54,11.32,--,53,59996,买盘
501,14:28:51,11.32,--,17,19244,买盘
502,14:28:48,11.32,--,10,11320,买盘
503,14:28:45,11.32,--,90,101880,买盘
504,14:28:42,11.32,-0.01,182,207099,卖盘
505,14:28:39,11.33,0.01,8,9064,买盘
506,14:28:36,11.32,--,109,123388,卖盘
507,14:28:33,11.32,-0.01,3,3396,卖盘
508,14:28:27,11.33,--,3,3399,买盘
509,14:28:24,11.33,--,33,37389,买盘
510,14:28:21,11.33,0.01,3,3399,买盘
511,14:28:15,11.32,-0.01,171,193572,卖盘
512,14:28:12,11.33,0.01,10,11330,买盘
513,14:28:09,11.32,-0.01,7,7924,卖盘
514,14:28:06,11.33,0.01,63,71379,买盘
515,14:28:03,11.32,-0.01,2,2264,卖盘
516,14:28:00,11.33,0.01,17,19261,买盘
517,14:27:57,11.32,--,10,11320,卖盘
518,14:27:51,11.32,-0.01,71,80372,卖盘
519,14:27:48,11.33,--,9,10197,买盘
520,14:27:45,11.33,--,15,16995,买盘
521,14:27:42,11.33,--,1,1133,买盘
522,14:27:36,11.33,--,6,6798,买盘
523,14:27:33,11.33,0.01,8,9064,买盘
524,14:27:30,11.32,-0.01,55,62260,卖盘
525,14:27:24,11.33,0.01,1,1133,买盘
526,14:27:15,11.32,--,11,12452,卖盘
527,14:27:09,11.32,--,76,86032,卖盘
528,14:27:03,11.32,--,228,258096,卖盘
529,14:26:54,11.32,--,19,21508,卖盘
530,14:26:48,11.32,--,119,134708,卖盘
531,14:26:45,11.32,-0.01,63,71316,卖盘
532,14:26:42,11.33,0.01,139,157487,买盘
533,14:26:39,11.32,--,4,4528,卖盘
534,14:26:33,11.32,-0.01,68,76976,卖盘
535,14:26:27,11.33,0.01,35,39655,买盘
536,14:26:24,11.32,-0.01,1,1132,卖盘
537,14:26:21,11.33,0.01,10,11330,买盘
538,14:26:18,11.32,--,144,163008,卖盘
539,14:26:15,11.32,--,12,13584,卖盘
540,14:26:12,11.32,--,30,33960,卖盘
541,14:26:03,11.32,-0.01,37,41884,卖盘
542,14:26:00,11.33,0.01,1,1133,买盘
543,14:25:54,11.32,-0.01,6,6792,卖盘
544,14:25:51,11.33,0.01,1,1133,买盘
545,14:25:45,11.32,-0.01,2,2264,卖盘
546,14:25:42,11.33,0.01,150,169950,买盘
547,14:25:39,11.32,--,5,5660,卖盘
548,14:25:36,11.32,--,4,4528,卖盘
549,14:25:33,11.32,--,6,6792,卖盘
550,14:25:27,11.32,--,8,9056,卖盘
551,14:25:24,11.32,-0.01,116,131312,卖盘
552,14:25:21,11.33,--,25,28325,买盘
553,14:25:18,11.33,0.01,2,2266,买盘
554,14:25:15,11.32,-0.01,2,2264,卖盘
555,14:25:09,11.33,--,37,41921,买盘
556,14:25:06,11.33,0.01,33,37389,买盘
557,14:25:03,11.32,-0.01,7,7924,卖盘
558,14:25:00,11.33,0.01,9,10197,买盘
559,14:24:57,11.32,--,5,5716,卖盘
560,14:24:54,11.32,--,1,1132,卖盘
561,14:24:51,11.32,-0.01,23,26036,卖盘
562,14:24:48,11.33,0.01,7,7931,买盘
563,14:24:45,11.32,--,2,2264,卖盘
564,14:24:42,11.32,--,5,5660,卖盘
565,14:24:39,11.32,--,51,57732,卖盘
566,14:24:33,11.32,-0.01,8,9056,卖盘
567,14:24:24,11.33,0.01,6,6798,买盘
568,14:24:15,11.32,-0.01,2,2264,卖盘
569,14:24:09,11.33,0.02,197,223201,买盘
570,14:24:06,11.31,-0.01,106,119886,卖盘
571,14:24:03,11.32,--,2,2264,卖盘
572,14:24:00,11.32,--,117,132444,卖盘
573,14:23:54,11.32,--,6,6792,卖盘
574,14:23:51,11.32,--,46,52072,卖盘
575,14:23:45,11.32,0.01,131,148292,中性盘
576,14:23:39,11.31,-0.01,10,12214,卖盘
577,14:23:33,11.32,--,10,11320,买盘
578,14:23:30,11.32,--,62,70410,卖盘
579,14:23:27,11.32,--,5,5660,卖盘
580,14:23:24,11.32,-0.01,76,86032,卖盘
581,14:23:21,11.33,0.01,69,78177,买盘
582,14:23:18,11.32,--,50,56600,卖盘
583,14:23:15,11.32,--,2,2264,卖盘
584,14:23:03,11.32,-0.01,170,192440,卖盘
585,14:23:00,11.33,--,14,15862,买盘
586,14:22:54,11.33,--,45,50985,买盘
587,14:22:51,11.33,0.01,1,1133,买盘
588,14:22:45,11.32,-0.01,22,24904,卖盘
589,14:22:42,11.33,--,7,7931,买盘
590,14:22:39,11.33,--,20,22660,买盘
591,14:22:36,11.33,--,7,7931,买盘
592,14:22:33,11.33,--,124,140492,买盘
593,14:22:27,11.33,0.01,46,52118,买盘
594,14:22:24,11.32,--,1,1132,卖盘
595,14:22:18,11.32,-0.01,6,6792,卖盘
596,14:22:15,11.33,0.01,11,12463,买盘
597,14:22:12,11.32,-0.01,6,7697,卖盘
598,14:22:09,11.33,0.01,2,2266,买盘
599,14:22:03,11.32,--,32,36224,卖盘
600,14:22:00,11.32,--,408,461856,卖盘
601,14:21:54,11.32,--,8,9056,卖盘
602,14:21:51,11.32,--,9,10188,卖盘
603,14:21:48,11.32,--,2,2264,卖盘
604,14:21:45,11.32,-0.01,2,2264,卖盘
605,14:21:42,11.33,0.01,5,5665,买盘
606,14:21:39,11.32,-0.01,64,72448,卖盘
607,14:21:36,11.33,--,23,26059,买盘
608,14:21:33,11.33,--,5,5665,买盘
609,14:21:30,11.33,0.01,13,14729,买盘
610,14:21:27,11.32,--,2,2264,卖盘
611,14:21:24,11.32,-0.01,1,1132,卖盘
612,14:21:21,11.33,--,40,45320,买盘
613,14:21:18,11.33,--,15,16995,买盘
614,14:21:15,11.33,0.01,3,3399,买盘
615,14:21:09,11.32,-0.01,117,132444,卖盘
616,14:21:06,11.33,0.01,372,421476,买盘
617,14:21:03,11.32,--,2,2264,卖盘
618,14:20:57,11.32,--,56,63392,卖盘
619,14:20:54,11.32,--,72,81504,卖盘
620,14:20:51,11.32,-0.01,5,5660,卖盘
621,14:20:48,11.33,0.01,2,2266,买盘
622,14:20:45,11.32,--,60,67920,卖盘
623,14:20:42,11.32,-0.01,2,2264,卖盘
624,14:20:39,11.33,0.01,20,22660,买盘
625,14:20:33,11.32,--,2,2264,卖盘
626,14:20:27,11.32,--,23,26036,卖盘
627,14:20:24,11.32,-0.01,1,1132,卖盘
628,14:20:15,11.33,--,12,13596,买盘
629,14:20:12,11.33,--,148,167684,买盘
630,14:20:09,11.33,--,135,152955,买盘
631,14:20:06,11.33,0.01,35,39655,买盘
632,14:20:03,11.32,--,69,78108,卖盘
633,14:20:00,11.32,--,20,22640,卖盘
634,14:19:54,11.32,-0.01,64,72448,卖盘
635,14:19:51,11.33,0.01,20,22660,买盘
636,14:19:45,11.32,-0.01,126,142632,卖盘
637,14:19:39,11.33,0.01,22,24926,买盘
638,14:19:36,11.32,-0.01,65,74689,卖盘
639,14:19:33,11.33,-0.01,2,2266,卖盘
640,14:19:30,11.34,0.01,110,124740,买盘
641,14:19:24,11.33,--,516,584628,卖盘
642,14:19:21,11.33,--,19,21527,卖盘
643,14:19:18,11.33,--,4,4532,卖盘
644,14:19:15,11.33,-0.01,48,54384,卖盘
645,14:19:12,11.34,0.01,15,17010,买盘
646,14:19:09,11.33,-0.01,764,865612,卖盘
647,14:19:06,11.34,0.01,1,1134,买盘
648,14:19:03,11.33,--,2,2266,卖盘
649,14:19:00,11.33,--,1,1133,卖盘
650,14:18:57,11.33,-0.01,2,2266,卖盘
651,14:18:54,11.34,0.01,12,13608,买盘
652,14:18:48,11.33,--,23,26059,卖盘
653,14:18:45,11.33,--,140,158620,卖盘
654,14:18:36,11.33,--,500,566500,卖盘
655,14:18:33,11.33,--,41,46453,卖盘
656,14:18:30,11.33,-0.01,4,4532,卖盘
657,14:18:27,11.34,--,163,184842,卖盘
658,14:18:24,11.34,--,163,184842,卖盘
659,14:18:18,11.34,-0.01,7,7938,卖盘
660,14:18:15,11.35,--,130,147550,买盘
661,14:18:06,11.35,0.01,13,14755,买盘
662,14:18:03,11.34,--,46,52164,卖盘
663,14:18:00,11.34,--,139,157626,卖盘
664,14:17:54,11.34,-0.01,3,3402,卖盘
665,14:17:48,11.35,0.01,7,7945,买盘
666,14:17:45,11.34,--,1,1134,卖盘
667,14:17:42,11.34,--,4,4536,卖盘
668,14:17:33,11.34,--,2,2268,卖盘
669,14:17:30,11.34,-0.01,139,157626,卖盘
670,14:17:27,11.35,0.01,28,31780,买盘
671,14:17:24,11.34,--,2,2268,卖盘
672,14:17:21,11.34,--,7,7938,卖盘
673,14:17:18,11.34,--,62,70308,卖盘
674,14:17:15,11.34,-0.01,1,1134,卖盘
675,14:17:09,11.35,--,138,156630,买盘
676,14:17:06,11.35,0.01,10,11350,买盘
677,14:17:03,11.34,-0.01,12,13608,卖盘
678,14:17:00,11.35,--,30,34050,买盘
679,14:16:54,11.35,--,30,34050,卖盘
680,14:16:51,11.35,-0.01,66,74910,卖盘
681,14:16:48,11.36,0.01,51,57936,买盘
682,14:16:45,11.35,-0.01,1,1135,卖盘
683,14:16:39,11.36,0.01,12,13632,买盘
684,14:16:33,11.35,-0.01,11,12485,卖盘
685,14:16:30,11.36,--,20,22720,买盘
686,14:16:27,11.36,0.01,30,34080,买盘
687,14:16:24,11.35,-0.01,75,85125,卖盘
688,14:16:21,11.36,0.01,10,11360,买盘
689,14:16:15,11.35,-0.01,1,1135,卖盘
690,14:16:09,11.36,0.01,159,180624,买盘
691,14:16:03,11.35,--,6,6810,卖盘
692,14:16:00,11.35,--,50,56750,卖盘
693,14:15:54,11.35,-0.01,66,74910,卖盘
694,14:15:51,11.36,--,2,2272,买盘
695,14:15:48,11.36,0.01,14,15904,买盘
696,14:15:45,11.35,--,2,2270,卖盘
697,14:15:42,11.35,--,1,1135,卖盘
698,14:15:36,11.35,--,7,7945,卖盘
699,14:15:33,11.35,-0.01,4,4540,卖盘
700,14:15:30,11.36,0.01,145,164720,买盘
701,14:15:24,11.35,--,2,2270,卖盘
702,14:15:21,11.35,--,46,52210,卖盘
703,14:15:18,11.35,--,1,1135,卖盘
704,14:15:12,11.35,-0.02,37,41995,卖盘
705,14:15:09,11.37,0.02,8,9096,买盘
706,14:15:06,11.35,--,54,61290,卖盘
707,14:15:00,11.35,-0.01,1,1135,卖盘
708,14:14:57,11.36,--,12,13632,买盘
709,14:14:54,11.36,--,16,18176,卖盘
710,14:14:48,11.36,--,52,59072,卖盘
711,14:14:42,11.36,--,6,6816,卖盘
712,14:14:39,11.36,--,2,2272,卖盘
713,14:14:36,11.36,--,54,61344,买盘
714,14:14:33,11.36,0.01,473,537328,买盘
715,14:14:30,11.35,--,54,61290,卖盘
716,14:14:21,11.35,-0.01,4,4540,卖盘
717,14:14:15,11.36,--,1010,1147360,买盘
718,14:14:12,11.36,0.01,20,22720,买盘
719,14:14:09,11.35,--,64,72640,卖盘
720,14:14:06,11.35,--,9,10215,卖盘
721,14:14:03,11.35,--,6,6810,卖盘
722,14:13:48,11.35,-0.01,9,10215,卖盘
723,14:13:45,11.36,0.01,13,14768,买盘
724,14:13:39,11.35,--,7,7945,卖盘
725,14:13:36,11.35,--,11,12485,卖盘
726,14:13:33,11.35,-0.01,2,2270,卖盘
727,14:13:24,11.36,--,452,513472,卖盘
728,14:13:21,11.36,--,12,13632,卖盘
729,14:13:03,11.36,--,4,4544,卖盘
730,14:12:57,11.36,--,2,2272,卖盘
731,14:12:54,11.36,-0.01,9,10224,卖盘
732,14:12:51,11.37,--,8,9096,买盘
733,14:12:45,11.37,0.01,100,113699,买盘
734,14:12:42,11.36,-0.01,2,2272,卖盘
735,14:12:39,11.37,--,60,68220,买盘
736,14:12:33,11.37,--,1,1137,买盘
737,14:12:30,11.37,--,2,2274,卖盘
738,14:12:27,11.37,0.01,48,54575,买盘
739,14:12:24,11.36,-0.01,6,6816,卖盘
740,14:12:21,11.37,--,3,3410,买盘
741,14:12:18,11.37,--,24,27287,卖盘
742,14:12:12,11.37,--,16,18192,卖盘
743,14:12:06,11.37,--,2,2274,卖盘
744,14:12:03,11.37,--,681,774297,买盘
745,14:12:00,11.37,--,56,63671,买盘
746,14:11:54,11.37,--,126,143262,买盘
747,14:11:48,11.37,0.01,16,18192,买盘
748,14:11:42,11.36,--,6,6816,卖盘
749,14:11:33,11.36,-0.01,8,9088,卖盘
750,14:11:24,11.37,--,10,11370,买盘
751,14:11:18,11.37,--,14,15917,买盘
752,14:11:15,11.37,0.01,18,20466,买盘
753,14:11:12,11.36,-0.01,60,68160,卖盘
754,14:11:09,11.37,0.01,22,25014,买盘
755,14:11:06,11.36,-0.01,7,7952,卖盘
756,14:11:03,11.37,0.01,17,19329,买盘
757,14:11:00,11.36,--,47,53392,卖盘
758,14:10:54,11.36,-0.01,24,27264,卖盘
759,14:10:51,11.37,-0.01,23,26151,卖盘
760,14:10:48,11.38,0.01,5,5690,买盘
761,14:10:42,11.37,--,17,19329,卖盘
762,14:10:39,11.37,-0.01,9,10233,卖盘
763,14:10:36,11.38,0.01,17,19346,买盘
764,14:10:33,11.37,--,1,1137,卖盘
765,14:10:30,11.37,--,105,119384,卖盘
766,14:10:27,11.37,-0.01,2,2274,卖盘
767,14:10:24,11.38,0.01,107,121766,买盘
768,14:10:12,11.37,--,19,21603,卖盘
769,14:10:09,11.37,--,4,4548,卖盘
770,14:10:03,11.37,-0.01,1,1137,卖盘
771,14:10:00,11.38,--,97,110386,买盘
772,14:09:57,11.38,0.01,11,13610,卖盘
773,14:09:54,11.37,--,510,579870,卖盘
774,14:09:51,11.37,-0.01,74,84138,卖盘
775,14:09:48,11.38,--,2,2276,买盘
776,14:09:45,11.38,--,14,15932,买盘
777,14:09:42,11.38,0.01,51,58038,买盘
778,14:09:39,11.37,-0.01,100,113699,卖盘
779,14:09:36,11.38,--,1,1138,买盘
780,14:09:33,11.38,0.01,10,11380,买盘
781,14:09:30,11.37,-0.01,49,55758,卖盘
782,14:09:24,11.38,0.01,233,265154,买盘
783,14:09:21,11.37,-0.01,4,4548,卖盘
784,14:09:18,11.38,0.01,19,21622,买盘
785,14:09:15,11.37,--,115,130754,卖盘
786,14:09:12,11.37,--,2,2274,卖盘
787,14:09:09,11.37,-0.01,15,17055,卖盘
788,14:09:06,11.38,0.01,8,9104,买盘
789,14:09:03,11.37,--,1,1137,卖盘
790,14:08:54,11.37,-0.01,6,6821,卖盘
791,14:08:48,11.38,0.01,38,43244,买盘
792,14:08:42,11.37,--,6,6821,卖盘
793,14:08:39,11.37,-0.01,2,2274,卖盘
794,14:08:36,11.38,--,27,30726,买盘
795,14:08:33,11.38,--,11,12518,买盘
796,14:08:30,11.38,0.01,10,11380,买盘
797,14:08:24,11.37,--,57,64808,卖盘
798,14:08:21,11.37,--,2,2274,卖盘
799,14:08:12,11.37,--,3,3410,卖盘
800,14:08:03,11.37,--,1,1137,卖盘
801,14:08:00,11.37,0.01,263,299031,买盘
802,14:07:57,11.36,--,13,14768,卖盘
803,14:07:54,11.36,--,52,59072,卖盘
804,14:07:51,11.36,--,6,6816,卖盘
805,14:07:42,11.36,-0.01,4,4544,卖盘
806,14:07:39,11.37,--,423,480950,买盘
807,14:07:36,11.37,0.01,2,2274,买盘
808,14:07:33,11.36,-0.01,9,10224,卖盘
809,14:07:30,11.37,0.01,10,11370,买盘
810,14:07:27,11.36,--,20,22720,卖盘
811,14:07:21,11.36,--,2,2272,卖盘
812,14:07:18,11.36,--,1,1136,卖盘
813,14:07:12,11.36,--,2,2272,卖盘
814,14:07:03,11.36,--,5,5680,卖盘
815,14:07:00,11.36,-0.01,2,2272,卖盘
816,14:06:57,11.37,0.01,3,3410,买盘
817,14:06:51,11.36,--,2,2272,卖盘
818,14:06:48,11.36,--,1,1136,卖盘
819,14:06:42,11.36,-0.01,22,24992,卖盘
820,14:06:39,11.37,0.01,4,4548,买盘
821,14:06:36,11.36,--,7,7952,卖盘
822,14:06:33,11.36,-0.01,16,18176,中性盘
823,14:06:27,11.37,0.02,1,1137,买盘
824,14:06:24,11.35,-0.01,67,76045,卖盘
825,14:06:21,11.36,0.01,110,124960,中性盘
826,14:06:18,11.35,--,4,4540,卖盘
827,14:06:15,11.35,-0.01,50,56750,卖盘
828,14:06:12,11.36,--,2,2272,卖盘
829,14:06:09,11.36,--,42,48155,买盘
830,14:06:03,11.36,--,32,36352,买盘
831,14:06:00,11.36,--,23,26128,买盘
832,14:05:57,11.36,--,74,84756,卖盘
833,14:05:51,11.36,-0.01,52,59072,卖盘
834,14:05:48,11.37,0.01,8,9096,买盘
835,14:05:45,11.36,--,9,10224,卖盘
836,14:05:42,11.36,-0.01,9,10224,卖盘
837,14:05:39,11.37,--,20,22740,买盘
838,14:05:36,11.37,0.01,2,2274,买盘
839,14:05:33,11.36,-0.01,55,62480,卖盘
840,14:05:27,11.37,0.01,19,21603,买盘
841,14:05:21,11.36,--,2,2272,卖盘
842,14:05:18,11.36,--,4,4544,卖盘
843,14:05:15,11.36,--,77,87915,买盘
844,14:05:12,11.36,--,49,55664,买盘
845,14:05:09,11.36,0.01,53,60208,买盘
846,14:05:06,11.35,-0.01,20,22700,卖盘
847,14:05:03,11.36,--,43,48848,买盘
848,14:05:00,11.36,0.01,14,15904,买盘
849,14:04:51,11.35,--,2,2270,卖盘
850,14:04:48,11.35,-0.01,7,7945,卖盘
851,14:04:45,11.36,0.01,34,38624,买盘
852,14:04:42,11.35,-0.01,2,2270,卖盘
853,14:04:39,11.36,--,90,102240,买盘
854,14:04:33,11.36,0.01,69,78384,买盘
855,14:04:24,11.35,--,17,19295,卖盘
856,14:04:21,11.35,--,1,1135,卖盘
857,14:04:15,11.35,--,11,12485,卖盘
858,14:04:12,11.35,--,47,53345,卖盘
859,14:04:09,11.35,--,10,11350,卖盘
860,14:04:06,11.35,0.02,366,416318,买盘
861,14:04:03,11.33,-0.02,2,2266,卖盘
862,14:04:00,11.35,--,8,9080,买盘
863,14:03:57,11.35,0.02,2,2270,买盘
864,14:03:54,11.33,--,11,12463,卖盘
865,14:03:51,11.33,--,201,227733,卖盘
866,14:03:48,11.33,--,6,6798,卖盘
867,14:03:42,11.33,--,3,3399,卖盘
868,14:03:39,11.33,--,192,217536,卖盘
869,14:03:33,11.33,--,2,2266,卖盘
870,14:03:30,11.33,-0.02,2,2266,卖盘
871,14:03:27,11.35,0.02,300,340500,买盘
872,14:03:24,11.33,-0.01,16,18128,卖盘
873,14:03:18,11.34,0.01,3,3402,买盘
874,14:03:15,11.33,--,2,2266,卖盘
875,14:03:12,11.33,--,2,2266,卖盘
876,14:03:06,11.33,--,4,4532,卖盘
877,14:03:03,11.33,--,2,2266,卖盘
878,14:03:00,11.33,--,7,7931,卖盘
879,14:02:51,11.33,--,4,4532,卖盘
880,14:02:45,11.33,--,38,43054,卖盘
881,14:02:42,11.33,--,2,2266,卖盘
882,14:02:36,11.33,--,47,53251,卖盘
883,14:02:33,11.33,--,32,36256,卖盘
884,14:02:24,11.33,--,12,13596,卖盘
885,14:02:21,11.33,0.01,106,120120,买盘
886,14:02:18,11.32,-0.01,130,147160,卖盘
887,14:02:15,11.33,0.01,14,15862,买盘
888,14:02:12,11.32,-0.01,80,90560,卖盘
889,14:02:09,11.33,--,56,63448,买盘
890,14:02:06,11.33,--,10,11330,买盘
891,14:02:03,11.33,--,10,11330,买盘
892,14:02:00,11.33,--,65,73645,买盘
893,14:01:57,11.33,--,10,11330,买盘
894,14:01:54,11.33,--,138,157464,卖盘
895,14:01:51,11.33,--,1,1133,卖盘
896,14:01:48,11.33,--,1,1133,卖盘
897,14:01:45,11.33,--,2,2266,卖盘
898,14:01:42,11.33,-0.02,2,2266,卖盘
899,14:01:36,11.35,--,100,113500,买盘
900,14:01:33,11.35,--,126,143010,买盘
901,14:01:24,11.35,0.02,14,15890,买盘
902,14:01:21,11.33,--,55,62315,卖盘
903,14:01:18,11.33,-0.01,218,246994,卖盘
904,14:01:12,11.34,-0.01,10,11340,卖盘
905,14:01:09,11.35,--,108,122580,买盘
906,14:01:03,11.35,--,9,10215,买盘
907,14:01:00,11.35,0.01,42,47670,买盘
908,14:00:54,11.34,--,2,2268,卖盘
909,14:00:51,11.34,--,1,1134,卖盘
910,14:00:42,11.34,-0.01,2,2268,卖盘
911,14:00:36,11.35,0.01,2,2270,买盘
912,14:00:33,11.34,--,6,6804,卖盘
913,14:00:30,11.34,--,13,14742,卖盘
914,14:00:24,11.34,--,45,51030,卖盘
915,14:00:21,11.34,-0.01,1,1134,卖盘
916,14:00:18,11.35,0.01,13,14755,买盘
917,14:00:12,11.34,-0.01,20,22680,卖盘
918,14:00:06,11.35,0.02,5,5675,买盘
919,14:00:03,11.33,--,13,14729,卖盘
920,14:00:00,11.33,--,13,14729,卖盘
921,13:59:51,11.33,--,1,1133,卖盘
922,13:59:39,11.33,-0.02,58,65714,卖盘
923,13:59:33,11.35,--,17,19295,买盘
924,13:59:30,11.35,0.02,427,484645,买盘
925,13:59:27,11.33,--,20,22660,卖盘
926,13:59:24,11.33,--,26,29458,卖盘
927,13:59:21,11.33,--,48,54384,卖盘
928,13:59:18,11.33,--,16,18128,卖盘
929,13:59:12,11.33,--,2,2266,卖盘
930,13:59:03,11.33,-0.01,4,4532,卖盘
931,13:58:54,11.34,0.01,17,19278,买盘
932,13:58:51,11.33,--,1,1155,卖盘
933,13:58:48,11.33,--,173,196009,卖盘
934,13:58:45,11.33,-0.01,12,13596,卖盘
935,13:58:42,11.34,--,62,70308,买盘
936,13:58:39,11.34,--,305,345870,买盘
937,13:58:36,11.34,0.01,20,22680,买盘
938,13:58:33,11.33,-0.01,2,2266,卖盘
939,13:58:30,11.34,--,41,46494,买盘
940,13:58:24,11.34,0.01,13,14742,买盘
941,13:58:21,11.33,-0.01,2,2266,卖盘
942,13:58:18,11.34,--,15,17010,买盘
943,13:58:15,11.34,0.01,13,14742,买盘
944,13:58:12,11.33,-0.01,2,2266,卖盘
945,13:58:09,11.34,0.01,57,64638,买盘
946,13:58:03,11.33,--,2,2266,卖盘
947,13:58:00,11.33,--,16,18128,卖盘
948,13:57:57,11.33,-0.01,1,1133,卖盘
949,13:57:54,11.34,0.01,36,40824,买盘
950,13:57:51,11.33,-0.01,6,6798,卖盘
951,13:57:48,11.34,0.01,18,20412,买盘
952,13:57:42,11.33,-0.01,6,6798,卖盘
953,13:57:36,11.34,0.01,15,17010,买盘
954,13:57:33,11.33,-0.01,55,62315,卖盘
955,13:57:30,11.34,--,50,56700,买盘
956,13:57:24,11.34,0.01,55,62370,买盘
957,13:57:21,11.33,-0.01,21,23793,卖盘
958,13:57:15,11.34,0.01,25,28350,买盘
959,13:57:12,11.33,-0.01,2,2266,卖盘
960,13:57:09,11.34,--,14,15876,买盘
961,13:57:06,11.34,0.01,17,19278,买盘
962,13:57:03,11.33,--,91,103103,卖盘
963,13:57:00,11.33,--,20,22660,卖盘
964,13:56:51,11.33,--,13,14729,卖盘
965,13:56:45,11.33,-0.02,334,378422,卖盘
966,13:56:42,11.35,0.01,25,28375,买盘
967,13:56:39,11.34,--,45,51030,卖盘
968,13:56:33,11.34,-0.01,5,5670,卖盘
969,13:56:24,11.35,0.01,10,11350,买盘
970,13:56:21,11.34,--,1,1134,卖盘
971,13:56:18,11.34,--,69,78246,卖盘
972,13:56:12,11.34,--,2,2268,卖盘
973,13:56:09,11.34,--,10,11340,卖盘
974,13:56:03,11.34,--,27,30618,卖盘
975,13:56:00,11.34,--,10,11340,卖盘
976,13:55:54,11.34,--,25,28350,卖盘
977,13:55:51,11.34,--,1,1134,卖盘
978,13:55:48,11.34,--,11,12474,卖盘
979,13:55:42,11.34,-0.01,2,2268,卖盘
980,13:55:39,11.35,0.01,3,3405,买盘
981,13:55:33,11.34,-0.01,2,2268,卖盘
982,13:55:30,11.35,--,202,229270,买盘
983,13:55:24,11.35,--,15,17025,买盘
984,13:55:21,11.35,--,4,4540,买盘
985,13:55:12,11.35,--,10,11350,买盘
986,13:55:09,11.35,0.01,10,11350,买盘
987,13:55:06,11.34,--,2,2268,卖盘
988,13:55:00,11.34,--,76,86184,卖盘
989,13:54:57,11.34,-0.01,24,27216,卖盘
990,13:54:54,11.35,0.01,92,104420,买盘
991,13:54:51,11.34,-0.01,1,1134,卖盘
992,13:54:48,11.35,--,11,12485,买盘
993,13:54:42,11.35,--,7,7945,买盘
994,13:54:33,11.35,0.01,17,19295,买盘
995,13:54:30,11.34,-0.01,2,2268,卖盘
996,13:54:24,11.35,0.01,7,7945,买盘
997,13:54:21,11.34,--,133,150822,卖盘
998,13:54:18,11.34,-0.01,245,277830,卖盘
999,13:54:12,11.35,0.01,66,74910,买盘
1000,13:54:09,11.34,--,4,4536,卖盘
1001,13:54:03,11.34,0.01,27,30618,买盘
1002,13:54:00,11.33,-0.01,24,27192,卖盘
1003,13:53:57,11.34,--,10,11340,买盘
1004,13:53:54,11.34,--,30,34020,买盘
1005,13:53:51,11.34,--,31,35154,卖盘
1006,13:53:48,11.34,-0.01,5,5670,卖盘
1007,13:53:42,11.35,0.01,17,19295,买盘
1008,13:53:36,11.34,--,20,22680,卖盘
1009,13:53:30,11.34,-0.01,2,2268,卖盘
1010,13:53:27,11.35,--,8,9080,买盘
1011,13:53:24,11.35,0.01,96,108960,买盘
1012,13:53:21,11.34,-0.01,9,10206,卖盘
1013,13:53:18,11.35,--,16,18160,买盘
1014,13:53:12,11.35,0.01,18,20430,买盘
1015,13:53:09,11.34,--,2,2268,卖盘
1016,13:53:06,11.34,--,7,7938,卖盘
1017,13:53:00,11.34,--,8,9072,买盘
1018,13:52:57,11.34,--,1,1134,卖盘
1019,13:52:51,11.34,--,46,52164,买盘
1020,13:52:48,11.34,--,67,75978,买盘
1021,13:52:45,11.34,0.01,15,17010,买盘
1022,13:52:42,11.33,--,2,2266,卖盘
1023,13:52:39,11.33,--,20,22660,卖盘
1024,13:52:33,11.33,--,9,10197,卖盘
1025,13:52:30,11.33,-0.01,7,7931,卖盘
1026,13:52:24,11.34,--,59,66906,买盘
1027,13:52:21,11.34,0.01,54,61236,买盘
1028,13:52:18,11.33,--,29,32857,卖盘
1029,13:52:12,11.33,-0.01,9,10197,卖盘
1030,13:52:09,11.34,0.01,26,29484,买盘
1031,13:52:00,11.33,-0.01,2,2266,卖盘
1032,13:51:57,11.34,0.01,14,15876,买盘
1033,13:51:51,11.33,-0.01,1,1133,卖盘
1034,13:51:48,11.34,0.01,130,147420,买盘
1035,13:51:42,11.33,-0.01,8,9064,卖盘
1036,13:51:39,11.34,0.01,10,11340,买盘
1037,13:51:36,11.33,--,23,26059,卖盘
1038,13:51:33,11.33,--,122,138226,卖盘
1039,13:51:30,11.33,--,2,2266,卖盘
1040,13:51:27,11.33,-0.01,52,58916,卖盘
1041,13:51:21,11.34,--,1,1134,卖盘
1042,13:51:18,11.34,--,19,21546,卖盘
1043,13:51:15,11.34,--,15,17010,卖盘
1044,13:51:12,11.34,--,2,2268,卖盘
1045,13:51:09,11.34,0.01,14,15876,中性盘
1046,13:51:06,11.33,-0.03,5,5665,卖盘
1047,13:51:03,11.36,0.01,58,65888,买盘
1048,13:51:00,11.35,-0.01,194,220882,卖盘
1049,13:50:57,11.36,0.01,20,22720,买盘
1050,13:50:51,11.35,--,1,1135,卖盘
1051,13:50:48,11.35,--,20,22700,卖盘
1052,13:50:45,11.35,0.03,1166,1323852,买盘
1053,13:50:42,11.32,-0.01,60,67920,卖盘
1054,13:50:39,11.33,0.01,147,166551,买盘
1055,13:50:36,11.32,--,14,15848,买盘
1056,13:50:30,11.32,--,129,146028,卖盘
1057,13:50:24,11.32,--,8,9056,卖盘
1058,13:50:21,11.32,-0.01,1,1132,卖盘
1059,13:50:18,11.33,--,40,45320,买盘
1060,13:50:15,11.33,0.01,16,18128,买盘
1061,13:50:12,11.32,-0.01,154,174328,卖盘
1062,13:50:09,11.33,0.01,86,97438,买盘
1063,13:50:00,11.32,--,2,2264,卖盘
1064,13:49:57,11.32,-0.01,5,5660,卖盘
1065,13:49:54,11.33,0.01,38,43054,买盘
1066,13:49:51,11.32,-0.01,96,108672,卖盘
1067,13:49:45,11.33,0.01,288,326304,买盘
1068,13:49:42,11.32,-0.01,58,65656,卖盘
1069,13:49:39,11.33,--,41,46453,买盘
1070,13:49:36,11.33,--,1,1133,买盘
1071,13:49:33,11.33,0.01,110,124630,买盘
1072,13:49:30,11.32,-0.01,20,22640,卖盘
1073,13:49:27,11.33,--,15,16995,买盘
1074,13:49:24,11.33,--,16,18128,买盘
1075,13:49:21,11.33,--,12,13596,买盘
1076,13:49:18,11.33,-0.01,21,24484,卖盘
1077,13:49:15,11.34,0.01,66,74844,买盘
1078,13:49:09,11.33,--,62,70246,卖盘
1079,13:49:06,11.33,--,0,441,卖盘
1080,13:49:03,11.33,--,22,24926,卖盘
1081,13:49:00,11.33,0.01,69,78177,买盘
1082,13:48:54,11.32,-0.01,19,21508,卖盘
1083,13:48:51,11.33,--,9,10197,卖盘
1084,13:48:48,11.33,--,10,11330,卖盘
1085,13:48:42,11.33,--,20,22660,卖盘
1086,13:48:39,11.33,-0.01,142,160886,卖盘
1087,13:48:36,11.34,0.01,23,26082,买盘
1088,13:48:30,11.33,0.01,6,6798,买盘
1089,13:48:24,11.32,-0.01,908,1027856,卖盘
1090,13:48:21,11.33,-0.01,2,2266,卖盘
1091,13:48:15,11.34,--,12,13608,买盘
1092,13:48:12,11.34,--,24,27216,买盘
1093,13:48:09,11.34,0.01,49,55566,买盘
1094,13:48:06,11.33,--,72,81576,卖盘
1095,13:48:00,11.33,--,2,2266,卖盘
1096,13:47:57,11.33,--,1,1133,卖盘
1097,13:47:54,11.33,--,4,4532,卖盘
1098,13:47:51,11.33,-0.01,51,57783,卖盘
1099,13:47:48,11.34,--,16,18144,买盘
1100,13:47:42,11.34,--,43,48762,买盘
1101,13:47:39,11.34,0.01,41,46494,买盘
1102,13:47:36,11.33,--,9,10197,卖盘
1103,13:47:30,11.33,-0.01,34,38522,卖盘
1104,13:47:27,11.34,0.01,20,22680,买盘
1105,13:47:24,11.33,--,117,132561,卖盘
1106,13:47:21,11.33,-0.01,2,2266,卖盘
1107,13:47:18,11.34,--,11,12474,买盘
1108,13:47:15,11.34,--,9,10206,卖盘
1109,13:47:12,11.34,--,1,1134,卖盘
1110,13:47:09,11.34,--,73,82782,买盘
1111,13:47:06,11.34,--,61,69174,买盘
1112,13:47:03,11.34,0.01,5,5670,买盘
1113,13:47:00,11.33,-0.01,137,155221,卖盘
1114,13:46:54,11.34,0.01,65,73710,买盘
1115,13:46:51,11.33,--,2,2266,卖盘
1116,13:46:48,11.33,0.01,95,107635,买盘
1117,13:46:42,11.32,-0.01,141,159612,卖盘
1118,13:46:39,11.33,--,118,133694,买盘
1119,13:46:36,11.33,0.01,26,29458,买盘
1120,13:46:30,11.32,-0.01,142,160744,卖盘
1121,13:46:27,11.33,--,2,2266,买盘
1122,13:46:24,11.33,0.01,12,13596,买盘
1123,13:46:21,11.32,--,2,2264,卖盘
1124,13:46:12,11.32,-0.01,1,1132,卖盘
1125,13:46:09,11.33,--,10,11330,买盘
1126,13:46:06,11.33,0.01,15,16995,买盘
1127,13:46:03,11.32,-0.01,4,4528,卖盘
1128,13:46:00,11.33,--,100,113300,卖盘
1129,13:45:54,11.33,--,9,10197,卖盘
1130,13:45:51,11.33,--,2,2266,卖盘
1131,13:45:45,11.33,-0.01,67,75911,卖盘
1132,13:45:42,11.34,0.01,35,39690,买盘
1133,13:45:39,11.33,--,2,2266,卖盘
1134,13:45:30,11.33,--,9,10197,卖盘
1135,13:45:24,11.33,--,15,16995,卖盘
1136,13:45:21,11.33,--,7,7931,卖盘
1137,13:45:18,11.33,-0.01,57,64581,卖盘
1138,13:45:15,11.34,0.01,31,35154,买盘
1139,13:45:00,11.33,--,10,11330,卖盘
1140,13:44:57,11.33,-0.01,5,5665,卖盘
1141,13:44:51,11.34,0.01,46,52164,买盘
1142,13:44:48,11.33,--,2,2266,卖盘
1143,13:44:42,11.33,--,4,4532,卖盘
1144,13:44:39,11.33,--,159,180147,买盘
1145,13:44:36,11.33,--,37,41921,买盘
1146,13:44:30,11.33,--,20,22660,买盘
1147,13:44:27,11.33,0.01,16,18128,买盘
1148,13:44:24,11.32,--,14,15848,卖盘
1149,13:44:21,11.32,-0.01,32,36224,卖盘
1150,13:44:18,11.33,0.01,15,16995,买盘
1151,13:44:15,11.32,--,67,75844,卖盘
1152,13:44:12,11.32,-0.01,9,10188,卖盘
1153,13:44:09,11.33,--,3,3399,买盘
1154,13:44:06,11.33,-0.01,666,754578,卖盘
1155,13:44:03,11.34,0.01,16,18144,买盘
1156,13:43:48,11.33,-0.01,30,33990,卖盘
1157,13:43:42,11.34,0.01,3,3402,买盘
1158,13:43:36,11.33,-0.01,40,45320,卖盘
1159,13:43:33,11.34,--,47,53298,买盘
1160,13:43:30,11.34,--,15,17010,买盘
1161,13:43:27,11.34,--,50,56700,买盘
1162,13:43:24,11.34,0.01,30,34020,买盘
1163,13:43:12,11.33,--,11,12463,卖盘
1164,13:43:09,11.33,--,75,84975,卖盘
1165,13:43:06,11.33,-0.01,50,56650,卖盘
1166,13:43:03,11.34,--,40,45360,买盘
1167,13:43:00,11.34,0.01,21,23814,买盘
1168,13:42:57,11.33,--,9,10197,卖盘
1169,13:42:54,11.33,--,22,24926,卖盘
1170,13:42:51,11.33,--,14,15862,卖盘
1171,13:42:48,11.33,--,2,2266,卖盘
1172,13:42:45,11.33,--,53,60049,卖盘
1173,13:42:42,11.33,--,87,98571,卖盘
1174,13:42:39,11.33,-0.01,18,20394,卖盘
1175,13:42:36,11.34,--,7,7938,买盘
1176,13:42:33,11.34,0.01,59,66906,买盘
1177,13:42:30,11.33,-0.01,1,1133,卖盘
1178,13:42:27,11.34,--,15,17010,买盘
1179,13:42:21,11.34,--,205,232470,卖盘
1180,13:42:18,11.34,-0.01,9,10206,卖盘
1181,13:42:15,11.35,0.01,97,110095,买盘
1182,13:42:12,11.34,--,40,45360,卖盘
1183,13:42:09,11.34,--,2,2268,卖盘
1184,13:42:00,11.34,-0.01,1,1134,卖盘
1185,13:41:57,11.35,0.01,1,1135,买盘
1186,13:41:51,11.34,-0.01,2,2268,卖盘
1187,13:41:48,11.35,0.01,22,24970,买盘
1188,13:41:39,11.34,-0.01,2,2268,卖盘
1189,13:41:30,11.35,0.01,65,73775,买盘
1190,13:41:27,11.34,-0.01,34,38556,卖盘
1191,13:41:24,11.35,--,7,7945,卖盘
1192,13:41:21,11.35,0.01,52,59020,买盘
1193,13:41:15,11.34,-0.01,182,206388,卖盘
1194,13:41:09,11.35,-0.01,30,34050,卖盘
1195,13:41:03,11.36,0.01,8,9088,买盘
1196,13:41:00,11.35,-0.01,1,1135,卖盘
1197,13:40:57,11.36,0.01,17,19312,买盘
1198,13:40:51,11.35,--,2,2270,卖盘
1199,13:40:48,11.35,--,62,70370,卖盘
1200,13:40:39,11.35,-0.01,2,2270,卖盘
1201,13:40:36,11.36,0.01,11,12496,买盘
1202,13:40:30,11.35,-0.01,8,9080,卖盘
1203,13:40:27,11.36,0.01,5,5680,买盘
1204,13:40:24,11.35,--,1,1135,卖盘
1205,13:40:21,11.35,-0.01,2,2270,卖盘
1206,13:40:18,11.36,--,15,17040,买盘
1207,13:40:15,11.36,--,6,6816,买盘
1208,13:40:12,11.36,--,25,28400,买盘
1209,13:40:09,11.36,--,124,140864,买盘
1210,13:40:03,11.36,0.01,2,2272,买盘
1211,13:40:00,11.35,--,1,1135,卖盘
1212,13:39:57,11.35,-0.01,9,10215,卖盘
1213,13:39:54,11.36,--,16,18176,买盘
1214,13:39:51,11.36,--,4,4544,买盘
1215,13:39:48,11.36,--,14,15904,买盘
1216,13:39:39,11.36,0.02,3,3408,买盘
1217,13:39:36,11.34,-0.02,18,20412,卖盘
1218,13:39:33,11.36,0.01,95,107920,买盘
1219,13:39:30,11.35,0.01,16,18160,中性盘
1220,13:39:21,11.34,--,22,24948,卖盘
1221,13:39:18,11.34,--,10,11340,卖盘
1222,13:39:09,11.34,-0.02,2,2268,卖盘
1223,13:39:00,11.36,--,4,4544,买盘
1224,13:38:54,11.36,0.02,15,17040,买盘
1225,13:38:51,11.34,--,2,2268,卖盘
1226,13:38:48,11.34,--,110,124740,卖盘
1227,13:38:42,11.34,--,7,7938,卖盘
1228,13:38:39,11.34,--,2,2268,卖盘
1229,13:38:33,11.34,-0.01,67,75978,卖盘
1230,13:38:30,11.35,-0.01,1,1135,中性盘
1231,13:38:24,11.36,0.01,18,20448,买盘
1232,13:38:21,11.35,--,22,24970,买盘
1233,13:38:18,11.35,0.01,61,69235,买盘
1234,13:38:09,11.34,-0.01,2,2268,卖盘
1235,13:38:06,11.35,0.01,16,18160,买盘
1236,13:38:00,11.34,--,1,1134,卖盘
1237,13:37:54,11.34,--,92,104328,卖盘
1238,13:37:51,11.34,--,29,32886,卖盘
1239,13:37:48,11.34,--,34,38556,卖盘
1240,13:37:45,11.34,-0.01,1,1134,卖盘
1241,13:37:42,11.35,0.01,55,62425,买盘
1242,13:37:39,11.34,-0.01,14,15876,卖盘
1243,13:37:36,11.35,--,9,10215,卖盘
1244,13:37:33,11.35,--,52,59020,卖盘
1245,13:37:30,11.35,--,1,1135,卖盘
1246,13:37:21,11.35,--,2,2270,卖盘
1247,13:37:09,11.35,--,17,19295,买盘
1248,13:37:03,11.35,0.01,143,162305,买盘
1249,13:37:00,11.34,-0.01,6,6804,卖盘
1250,13:36:54,11.35,0.01,14,15890,买盘
1251,13:36:51,11.34,--,2,2268,卖盘
1252,13:36:45,11.34,-0.01,8,9072,卖盘
1253,13:36:42,11.35,0.01,16,18160,买盘
1254,13:36:39,11.34,--,7,7938,卖盘
1255,13:36:36,11.34,--,4,4536,卖盘
1256,13:36:30,11.34,--,1,1134,卖盘
1257,13:36:21,11.34,-0.01,2,2268,卖盘
1258,13:36:18,11.35,--,16,18160,买盘
1259,13:36:12,11.35,0.02,14,15890,买盘
1260,13:36:09,11.33,-0.02,102,115566,卖盘
1261,13:36:00,11.35,-0.01,10,11350,卖盘
1262,13:35:54,11.36,0.01,16,18176,买盘
1263,13:35:48,11.35,0.01,90,102150,买盘
1264,13:35:42,11.34,-0.01,10,11340,卖盘
1265,13:35:39,11.35,0.01,53,60155,中性盘
1266,13:35:33,11.34,-0.01,22,24948,卖盘
1267,13:35:30,11.35,-0.01,1,1135,卖盘
1268,13:35:21,11.36,0.01,15,17040,买盘
1269,13:35:18,11.35,--,9,10215,卖盘
1270,13:35:15,11.35,--,23,26105,买盘
1271,13:35:12,11.35,0.01,10,11350,买盘
1272,13:35:09,11.34,--,2,2268,卖盘
1273,13:35:06,11.34,--,7,7938,卖盘
1274,13:35:00,11.34,--,12,13608,卖盘
1275,13:34:54,11.34,--,19,21546,卖盘
1276,13:34:48,11.34,--,2,2268,卖盘
1277,13:34:45,11.34,-0.01,53,60102,卖盘
1278,13:34:42,11.35,0.01,3,3405,买盘
1279,13:34:39,11.34,-0.01,2,2268,卖盘
1280,13:34:33,11.35,--,1,1135,买盘
1281,13:34:30,11.35,--,167,189545,买盘
1282,13:34:27,11.35,0.01,3,3405,买盘
1283,13:34:24,11.34,-0.01,141,159894,卖盘
1284,13:34:21,11.35,0.01,38,43130,买盘
1285,13:34:18,11.34,--,3,3402,卖盘
1286,13:34:15,11.34,--,60,68040,卖盘
1287,13:34:12,11.34,-0.01,6,6804,卖盘
1288,13:34:09,11.35,-0.01,78,89596,卖盘
1289,13:34:00,11.36,--,11,12496,买盘
1290,13:33:57,11.36,0.01,10,11360,买盘
1291,13:33:54,11.35,--,30,34050,卖盘
1292,13:33:48,11.35,-0.01,10,11350,卖盘
1293,13:33:45,11.36,0.01,2,2272,买盘
1294,13:33:42,11.35,--,10,11350,卖盘
1295,13:33:39,11.35,--,2,2270,卖盘
1296,13:33:36,11.35,-0.01,2,2270,卖盘
1297,13:33:30,11.36,--,7,7952,买盘
1298,13:33:27,11.36,0.01,57,64752,买盘
1299,13:33:18,11.35,--,18,20430,卖盘
1300,13:33:15,11.35,-0.01,695,788825,卖盘
1301,13:33:12,11.36,--,5,5680,买盘
1302,13:33:09,11.36,0.01,156,177216,买盘
1303,13:33:06,11.35,-0.01,20,22700,卖盘
1304,13:33:03,11.36,0.01,33,37488,买盘
1305,13:33:00,11.35,-0.01,2,2270,卖盘
1306,13:32:54,11.36,0.01,1,1136,买盘
1307,13:32:48,11.35,--,1,1135,卖盘
1308,13:32:39,11.35,-0.01,2,2270,卖盘
1309,13:32:36,11.36,--,66,74976,买盘
1310,13:32:33,11.36,--,28,31808,买盘
1311,13:32:30,11.36,--,12,13632,买盘
1312,13:32:27,11.36,0.01,4,4544,买盘
1313,13:32:24,11.35,--,27,30645,卖盘
1314,13:32:21,11.35,--,2,2270,卖盘
1315,13:32:18,11.35,--,37,41995,卖盘
1316,13:32:15,11.35,-0.01,57,64695,卖盘
1317,13:32:09,11.36,0.01,2,2272,卖盘
1318,13:32:03,11.35,-0.01,698,792230,卖盘
1319,13:32:00,11.36,--,15,17040,买盘
1320,13:31:57,11.36,0.01,24,27264,买盘
1321,13:31:54,11.35,-0.01,10,11350,卖盘
1322,13:31:51,11.36,0.01,63,71568,买盘
1323,13:31:48,11.35,-0.01,270,306450,卖盘
1324,13:31:45,11.36,--,6,6816,买盘
1325,13:31:42,11.36,0.01,25,28400,买盘
1326,13:31:39,11.35,-0.01,12,13620,卖盘
1327,13:31:36,11.36,--,15,17040,买盘
1328,13:31:33,11.36,0.01,5,5680,买盘
1329,13:31:30,11.35,-0.01,29,32915,卖盘
1330,13:31:27,11.36,--,14,15904,买盘
1331,13:31:24,11.36,0.01,27,30672,买盘
1332,13:31:21,11.35,--,10,11350,卖盘
1333,13:31:18,11.35,--,1,1135,卖盘
1334,13:31:15,11.35,0.01,1629,1848983,买盘
1335,13:31:09,11.34,-0.01,2,2268,卖盘
1336,13:31:06,11.35,0.01,364,413140,买盘
1337,13:31:03,11.34,-0.01,2,2268,卖盘
1338,13:31:00,11.35,--,16,18160,买盘
1339,13:30:54,11.35,--,75,85125,买盘
1340,13:30:51,11.35,0.01,3,3405,买盘
1341,13:30:48,11.34,--,5,5670,卖盘
1342,13:30:45,11.34,-0.01,12,13608,卖盘
1343,13:30:39,11.35,0.01,307,348445,买盘
1344,13:30:36,11.34,--,23,26082,卖盘
1345,13:30:33,11.34,--,2,2268,卖盘
1346,13:30:30,11.34,-0.01,6,6804,卖盘
1347,13:30:27,11.35,--,8,9080,买盘
1348,13:30:21,11.35,0.01,5,5675,买盘
1349,13:30:18,11.34,-0.01,71,80514,卖盘
1350,13:30:15,11.35,--,2,2270,买盘
1351,13:30:12,11.35,0.01,16,18160,买盘
1352,13:30:09,11.34,--,7,7938,卖盘
1353,13:30:03,11.34,--,2,2268,卖盘
1354,13:30:00,11.34,--,2,2268,卖盘
1355,13:29:54,11.34,--,10,11340,卖盘
1356,13:29:48,11.34,-0.01,16,18144,卖盘
1357,13:29:45,11.35,--,21,23835,买盘
1358,13:29:42,11.35,0.01,7,7945,买盘
1359,13:29:39,11.34,--,2,2268,卖盘
1360,13:29:33,11.34,--,31,35154,卖盘
1361,13:29:30,11.34,0.01,227,257418,买盘
1362,13:29:27,11.33,-0.01,2,2266,卖盘
1363,13:29:24,11.34,--,24,27216,买盘
1364,13:29:21,11.34,0.01,32,36288,买盘
1365,13:29:18,11.33,-0.01,132,149556,卖盘
1366,13:29:15,11.34,--,142,161028,买盘
1367,13:29:12,11.34,0.01,10,11340,买盘
1368,13:29:09,11.33,-0.01,22,24926,卖盘
1369,13:29:00,11.34,0.01,14,15876,买盘
1370,13:28:57,11.33,-0.01,17,19261,卖盘
1371,13:28:54,11.34,--,138,156492,卖盘
1372,13:28:48,11.34,--,375,425250,买盘
1373,13:28:42,11.34,--,48,54432,买盘
1374,13:28:39,11.34,--,16,18144,买盘
1375,13:28:33,11.34,--,60,68040,买盘
1376,13:28:30,11.34,--,16,18144,买盘
1377,13:28:27,11.34,0.01,511,579474,买盘
1378,13:28:21,11.33,--,147,166551,卖盘
1379,13:28:18,11.33,-0.01,1,1133,卖盘
1380,13:28:09,11.34,--,6,6804,买盘
1381,13:28:06,11.34,0.01,17,19278,买盘
1382,13:28:03,11.33,--,2,2266,卖盘
1383,13:28:00,11.33,--,105,118965,卖盘
1384,13:27:54,11.33,--,19,21527,卖盘
1385,13:27:48,11.33,--,65,73645,卖盘
1386,13:27:45,11.33,-0.01,11,12463,卖盘
1387,13:27:42,11.34,0.01,31,35154,买盘
1388,13:27:39,11.33,-0.01,9,10197,卖盘
1389,13:27:33,11.34,0.01,17,19278,买盘
1390,13:27:30,11.33,--,62,70246,卖盘
1391,13:27:27,11.33,--,2,2266,卖盘
1392,13:27:24,11.33,-0.01,139,157487,卖盘
1393,13:27:21,11.34,0.01,2,2268,买盘
1394,13:27:18,11.33,-0.01,16,18128,卖盘
1395,13:27:12,11.34,0.01,204,231336,买盘
1396,13:27:09,11.33,-0.01,2,2266,卖盘
1397,13:27:03,11.34,0.01,9,10206,买盘
1398,13:27:00,11.33,-0.01,9,10197,卖盘
1399,13:26:57,11.34,0.01,8,9072,买盘
1400,13:26:48,11.33,--,20,22660,卖盘
1401,13:26:45,11.33,-0.01,110,124630,卖盘
1402,13:26:42,11.34,0.01,5,5670,买盘
1403,13:26:39,11.33,-0.01,2,2266,卖盘
1404,13:26:36,11.34,0.01,10,11340,买盘
1405,13:26:33,11.33,--,2,2266,卖盘
1406,13:26:30,11.33,--,4,4532,卖盘
1407,13:26:24,11.33,-0.01,47,53251,卖盘
1408,13:26:21,11.34,0.01,10,11340,买盘
1409,13:26:18,11.33,--,22,24926,卖盘
1410,13:26:15,11.33,--,5,5665,卖盘
1411,13:26:12,11.33,--,14,15862,卖盘
1412,13:26:09,11.33,--,9,10197,卖盘
1413,13:26:06,11.33,--,11,12463,卖盘
1414,13:26:03,11.33,--,2,2266,卖盘
1415,13:26:00,11.33,-0.01,2,2266,中性盘
1416,13:25:54,11.34,0.01,15,17010,买盘
1417,13:25:51,11.33,--,175,198275,买盘
1418,13:25:48,11.33,--,21,23793,买盘
1419,13:25:42,11.33,0.01,6,6798,买盘
1420,13:25:39,11.32,-0.01,45,50940,卖盘
1421,13:25:36,11.33,--,42,47586,买盘
1422,13:25:30,11.33,--,18,20394,买盘
1423,13:25:27,11.33,--,20,22660,买盘
1424,13:25:24,11.33,--,124,140492,买盘
1425,13:25:21,11.33,0.01,9,10197,买盘
1426,13:25:18,11.32,-0.01,47,53204,卖盘
1427,13:25:15,11.33,0.01,4,4532,买盘
1428,13:25:12,11.32,-0.01,98,110936,卖盘
1429,13:25:09,11.33,--,10,11330,买盘
1430,13:25:06,11.33,--,53,60049,卖盘
1431,13:25:03,11.33,--,2,2266,卖盘
1432,13:25:00,11.33,--,12,13596,卖盘
1433,13:24:57,11.33,-0.01,2,2266,卖盘
1434,13:24:54,11.34,--,15,17010,买盘
1435,13:24:51,11.34,0.01,8,9072,买盘
1436,13:24:48,11.33,--,3,3399,卖盘
1437,13:24:45,11.33,--,17,19261,卖盘
1438,13:24:42,11.33,0.01,21,23793,买盘
1439,13:24:39,11.32,-0.01,6,6792,卖盘
1440,13:24:36,11.33,--,63,71379,买盘
1441,13:24:27,11.33,--,55,62315,卖盘
1442,13:24:18,11.33,--,23,26059,卖盘
1443,13:24:15,11.33,--,4,4532,卖盘
1444,13:24:09,11.33,--,2,2266,卖盘
1445,13:24:03,11.33,--,48,54384,卖盘
1446,13:23:57,11.33,-0.01,13,14729,卖盘
1447,13:23:54,11.34,--,15,17010,买盘
1448,13:23:48,11.34,0.01,11,12474,买盘
1449,13:23:45,11.33,-0.01,22,24926,卖盘
1450,13:23:42,11.34,--,20,22680,买盘
1451,13:23:39,11.34,--,120,136080,买盘
1452,13:23:36,11.34,--,22,24948,买盘
1453,13:23:33,11.34,--,501,568134,买盘
1454,13:23:30,11.34,0.01,27,30618,买盘
1455,13:23:27,11.33,--,22,24926,卖盘
1456,13:23:24,11.33,--,15,16995,卖盘
1457,13:23:21,11.33,--,447,506451,卖盘
1458,13:23:18,11.33,--,11,12463,卖盘
1459,13:23:15,11.33,--,20,22660,卖盘
1460,13:23:12,11.33,-0.01,19,21527,卖盘
1461,13:23:09,11.34,0.01,102,115668,买盘
1462,13:23:03,11.33,--,26,29458,卖盘
1463,13:23:00,11.33,--,112,126896,卖盘
1464,13:22:57,11.33,-0.01,10,11330,卖盘
1465,13:22:51,11.34,0.01,20,22680,买盘
1466,13:22:48,11.33,-0.01,1,1133,卖盘
1467,13:22:42,11.34,--,55,62370,买盘
1468,13:22:39,11.34,--,16,18144,买盘
1469,13:22:36,11.34,0.01,15,17010,买盘
1470,13:22:30,11.33,--,7,7931,卖盘
1471,13:22:27,11.33,--,2,2266,卖盘
1472,13:22:21,11.33,-0.01,11,12463,卖盘
1473,13:22:18,11.34,0.01,44,49896,买盘
1474,13:22:15,11.33,-0.01,23,26059,卖盘
1475,13:22:12,11.34,0.01,16,18144,买盘
1476,13:22:09,11.33,--,2,2266,卖盘
1477,13:22:06,11.33,--,200,226600,卖盘
1478,13:22:03,11.33,-0.01,124,140492,卖盘
1479,13:22:00,11.34,0.01,8,9072,买盘
1480,13:21:57,11.33,-0.01,32,36256,卖盘
1481,13:21:54,11.34,0.01,6,6804,买盘
1482,13:21:48,11.33,-0.01,31,35123,卖盘
1483,13:21:45,11.34,0.01,50,56700,买盘
1484,13:21:39,11.33,--,10,11330,卖盘
1485,13:21:36,11.33,-0.01,12,13596,卖盘
1486,13:21:33,11.34,--,46,52164,买盘
1487,13:21:27,11.34,--,11,12474,买盘
1488,13:21:24,11.34,0.01,15,17010,买盘
1489,13:21:21,11.33,--,177,200541,卖盘
1490,13:21:18,11.33,--,1,1133,卖盘
1491,13:21:15,11.33,--,19,21527,卖盘
1492,13:21:09,11.33,--,275,311575,卖盘
1493,13:21:06,11.33,--,1,1133,卖盘
1494,13:21:03,11.33,--,2,2266,卖盘
1495,13:21:00,11.33,--,36,40788,卖盘
1496,13:20:57,11.33,-0.01,2,2266,卖盘
1497,13:20:54,11.34,0.01,17,19278,买盘
1498,13:20:51,11.33,--,8,9064,卖盘
1499,13:20:48,11.33,--,1,1133,卖盘
1500,13:20:45,11.33,--,23,26059,卖盘
1501,13:20:42,11.33,--,18,20394,卖盘
1502,13:20:39,11.33,-0.01,7,7931,卖盘
1503,13:20:36,11.34,0.01,16,18144,买盘
1504,13:20:33,11.33,-0.01,1,1133,卖盘
1505,13:20:30,11.34,0.01,10,11340,买盘
1506,13:20:27,11.33,--,4,4532,卖盘
1507,13:20:24,11.33,-0.01,6,6798,卖盘
1508,13:20:21,11.34,0.01,12,13608,买盘
1509,13:20:18,11.33,-0.01,18,20394,卖盘
1510,13:20:12,11.34,0.01,16,18144,买盘
1511,13:20:09,11.33,--,16,18128,买盘
1512,13:20:00,11.33,0.01,10,11330,买盘
1513,13:19:57,11.32,-0.01,2,2264,卖盘
1514,13:19:51,11.33,0.01,38,43054,买盘
1515,13:19:48,11.32,-0.01,32,36224,卖盘
1516,13:19:45,11.33,0.01,15,16995,买盘
1517,13:19:42,11.32,--,20,22640,卖盘
1518,13:19:39,11.32,-0.01,2,2264,卖盘
1519,13:19:36,11.33,0.01,10,11330,买盘
1520,13:19:30,11.32,--,40,45280,卖盘
1521,13:19:27,11.32,-0.01,69,78108,卖盘
1522,13:19:24,11.33,--,32,36256,卖盘
1523,13:19:21,11.33,--,50,56650,卖盘
1524,13:19:18,11.33,-0.01,5,5665,卖盘
1525,13:19:15,11.34,0.01,16,18144,买盘
1526,13:19:12,11.33,0.01,42,47586,买盘
1527,13:19:09,11.32,-0.01,1,1132,卖盘
1528,13:19:03,11.33,0.01,2,2266,买盘
1529,13:18:57,11.32,--,51,57732,卖盘
1530,13:18:54,11.32,--,7,7924,卖盘
1531,13:18:48,11.32,-0.01,2,2264,卖盘
1532,13:18:45,11.33,--,17,19261,买盘
1533,13:18:42,11.33,--,3,3399,买盘
1534,13:18:39,11.33,0.01,50,56650,买盘
1535,13:18:36,11.32,-0.01,4,4528,卖盘
1536,13:18:33,11.33,--,104,117832,买盘
1537,13:18:30,11.33,0.01,10,11330,买盘
1538,13:18:27,11.32,-0.01,2,2264,卖盘
1539,13:18:24,11.33,0.01,30,33990,卖盘
1540,13:18:21,11.32,-0.02,34,38488,卖盘
1541,13:18:18,11.34,0.01,49,55566,买盘
1542,13:18:12,11.33,--,40,45320,卖盘
1543,13:18:09,11.33,-0.01,51,57783,卖盘
1544,13:18:06,11.34,0.01,8,9072,买盘
1545,13:18:03,11.33,--,44,49852,卖盘
1546,13:18:00,11.33,--,7,7931,卖盘
1547,13:17:57,11.33,--,2,2266,卖盘
1548,13:17:48,11.33,-0.01,19,21527,卖盘
1549,13:17:45,11.34,--,16,18144,买盘
1550,13:17:42,11.34,0.01,63,71442,买盘
1551,13:17:39,11.33,--,1,1133,卖盘
1552,13:17:27,11.33,-0.01,2,2266,卖盘
1553,13:17:21,11.34,0.02,21,23814,买盘
1554,13:17:18,11.32,-0.01,10,11320,卖盘
1555,13:17:15,11.33,--,93,105369,买盘
1556,13:17:12,11.33,--,357,404481,卖盘
1557,13:17:09,11.33,--,1,1133,卖盘
1558,13:17:06,11.33,--,30,33990,卖盘
1559,13:16:57,11.33,--,4,4532,卖盘
1560,13:16:54,11.33,--,35,39655,卖盘
1561,13:16:48,11.33,-0.01,2,2266,卖盘
1562,13:16:45,11.34,--,20,22680,买盘
1563,13:16:39,11.34,0.01,46,52164,买盘
1564,13:16:36,11.33,--,1,1133,卖盘
1565,13:16:33,11.33,-0.01,3,3399,卖盘
1566,13:16:30,11.34,0.01,16,18144,买盘
1567,13:16:27,11.33,--,2,2266,卖盘
1568,13:16:24,11.33,-0.01,20,22660,卖盘
1569,13:16:21,11.34,0.01,108,122472,买盘
1570,13:16:18,11.33,--,2,2266,卖盘
1571,13:16:12,11.33,--,7,7931,卖盘
1572,13:16:06,11.33,--,48,54384,买盘
1573,13:16:03,11.33,--,18,20394,买盘
1574,13:16:00,11.33,0.01,7,7931,买盘
1575,13:15:57,11.32,-0.01,22,24904,卖盘
1576,13:15:54,11.33,--,75,84975,买盘
1577,13:15:51,11.33,-0.01,24,27192,卖盘
1578,13:15:48,11.34,0.02,10,11340,买盘
1579,13:15:42,11.32,-0.02,144,163008,卖盘
1580,13:15:39,11.34,--,17,19278,买盘
1581,13:15:36,11.34,--,5,5670,买盘
1582,13:15:33,11.34,0.01,22,24948,买盘
1583,13:15:27,11.33,--,2,2266,卖盘
1584,13:15:21,11.33,0.01,21,23793,买盘
1585,13:15:18,11.32,--,46,52072,卖盘
1586,13:15:15,11.32,-0.02,135,152820,卖盘
1587,13:15:09,11.34,0.02,2,2268,买盘
1588,13:15:06,11.32,-0.02,177,200364,卖盘
1589,13:15:03,11.34,0.01,4,4536,买盘
1590,13:14:57,11.33,0.01,19,21527,买盘
1591,13:14:54,11.32,-0.01,5,5660,卖盘
1592,13:14:51,11.33,--,22,24926,买盘
1593,13:14:48,11.33,--,15,16995,买盘
1594,13:14:42,11.33,--,80,90640,买盘
1595,13:14:36,11.33,--,63,71379,买盘
1596,13:14:33,11.33,0.01,8,9064,买盘
1597,13:14:30,11.32,-0.01,71,80372,卖盘
1598,13:14:27,11.33,0.01,5,5665,买盘
1599,13:14:24,11.32,--,6,6792,卖盘
1600,13:14:21,11.32,-0.01,36,40752,卖盘
1601,13:14:18,11.33,--,40,45320,买盘
1602,13:14:09,11.33,--,18,20394,买盘
1603,13:14:03,11.33,--,10,11330,买盘
1604,13:14:00,11.33,--,2,2266,买盘
1605,13:13:57,11.33,--,33,37389,买盘
1606,13:13:51,11.33,--,1,1133,买盘
1607,13:13:48,11.33,-0.01,199,225467,卖盘
1608,13:13:45,11.34,--,187,212058,买盘
1609,13:13:42,11.34,0.01,10,11340,买盘
1610,13:13:39,11.33,-0.01,50,56650,卖盘
1611,13:13:36,11.34,--,16,18144,买盘
1612,13:13:33,11.34,0.01,18,20412,买盘
1613,13:13:30,11.33,-0.01,131,148423,卖盘
1614,13:13:27,11.34,0.01,5,5670,买盘
1615,13:13:24,11.33,-0.01,40,45320,卖盘
1616,13:13:21,11.34,0.01,30,34020,买盘
1617,13:13:18,11.33,--,13,14729,卖盘
1618,13:13:15,11.33,-0.01,8,9064,卖盘
1619,13:13:12,11.34,--,14,15876,买盘
1620,13:13:09,11.34,0.01,15,17010,买盘
1621,13:13:06,11.33,-0.01,20,22660,卖盘
1622,13:13:03,11.34,0.01,2,2268,买盘
1623,13:12:57,11.33,--,41,46453,卖盘
1624,13:12:54,11.33,0.01,259,293447,买盘
1625,13:12:51,11.32,--,20,22640,卖盘
1626,13:12:48,11.32,-0.01,54,61128,卖盘
1627,13:12:45,11.33,0.01,15,16995,买盘
1628,13:12:39,11.32,0.01,127,143764,买盘
1629,13:12:36,11.31,-0.01,130,147030,卖盘
1630,13:12:33,11.32,--,22,24904,买盘
1631,13:12:30,11.32,--,5,5660,买盘
1632,13:12:27,11.32,--,93,105276,卖盘
1633,13:12:24,11.32,-0.01,5,5660,卖盘
1634,13:12:21,11.33,--,15,16995,买盘
1635,13:12:18,11.33,0.01,43,48719,买盘
1636,13:12:15,11.32,0.01,140,158480,买盘
1637,13:12:12,11.31,-0.01,8,9048,卖盘
1638,13:12:09,11.32,0.01,148,167536,买盘
1639,13:12:06,11.31,-0.01,49,55419,卖盘
1640,13:12:03,11.32,--,2,2264,买盘
1641,13:12:00,11.32,0.01,330,373560,买盘
1642,13:11:57,11.31,--,148,167388,卖盘
1643,13:11:54,11.31,--,10,11310,卖盘
1644,13:11:51,11.31,--,5,5655,卖盘
1645,13:11:48,11.31,--,2,2262,卖盘
1646,13:11:45,11.31,--,52,58812,卖盘
1647,13:11:42,11.31,--,92,104052,卖盘
1648,13:11:36,11.31,--,152,171912,卖盘
1649,13:11:33,11.31,-0.01,228,258433,卖盘
1650,13:11:27,11.32,0.01,101,114332,买盘
1651,13:11:24,11.31,-0.01,224,253344,卖盘
1652,13:11:21,11.32,0.01,1,1132,买盘
1653,13:11:18,11.31,--,212,239772,卖盘
1654,13:11:15,11.31,--,6,6786,卖盘
1655,13:11:12,11.31,--,52,58812,卖盘
1656,13:11:09,11.31,--,40,45240,卖盘
1657,13:11:06,11.31,--,43,48633,卖盘
1658,13:11:03,11.31,--,28,31668,卖盘
1659,13:11:00,11.31,--,134,151554,卖盘
1660,13:10:57,11.31,--,25,28275,卖盘
1661,13:10:54,11.31,-0.01,338,382278,卖盘
1662,13:10:48,11.32,--,1810,2048920,卖盘
1663,13:10:45,11.32,-0.01,64,72448,卖盘
1664,13:10:39,11.33,0.01,1,1133,买盘
1665,13:10:36,11.32,-0.01,2,2264,卖盘
1666,13:10:33,11.33,--,17,19261,买盘
1667,13:10:30,11.33,--,83,94662,卖盘
1668,13:10:27,11.33,-0.01,1519,1721933,卖盘
1669,13:10:24,11.34,0.01,14,15876,买盘
1670,13:10:21,11.33,--,36,40788,卖盘
1671,13:10:15,11.33,-0.01,11,12463,卖盘
1672,13:10:09,11.34,0.01,2,2268,买盘
1673,13:10:06,11.33,--,2,2266,卖盘
1674,13:10:03,11.33,-0.01,27,30591,卖盘
1675,13:10:00,11.34,--,11,12474,买盘
1676,13:09:57,11.34,0.01,28,31752,买盘
1677,13:09:54,11.33,--,6,6798,卖盘
1678,13:09:48,11.33,-0.01,2,2266,卖盘
1679,13:09:42,11.34,--,17,19278,卖盘
1680,13:09:36,11.34,0.01,117,132678,买盘
1681,13:09:33,11.33,--,37,41921,卖盘
1682,13:09:27,11.33,-0.01,173,196009,卖盘
1683,13:09:21,11.34,--,32,36288,买盘
1684,13:09:18,11.34,--,10,11340,买盘
1685,13:09:15,11.34,--,18,20412,买盘
1686,13:09:09,11.34,--,235,266490,买盘
1687,13:09:06,11.34,--,14,15876,买盘
1688,13:09:03,11.34,0.01,12,13608,买盘
1689,13:09:00,11.33,--,7,7931,卖盘
1690,13:08:57,11.33,-0.01,1,1133,卖盘
1691,13:08:54,11.34,0.01,4,4536,买盘
1692,13:08:51,11.33,--,7,7931,卖盘
1693,13:08:48,11.33,-0.01,2,2266,卖盘
1694,13:08:45,11.34,--,25,28350,买盘
1695,13:08:42,11.34,0.01,14,15876,买盘
1696,13:08:36,11.33,-0.01,12,13596,卖盘
1697,13:08:33,11.34,--,64,72576,买盘
1698,13:08:30,11.34,--,77,87544,卖盘
1699,13:08:27,11.34,--,2,2268,卖盘
1700,13:08:24,11.34,-0.01,64,72576,卖盘
1701,13:08:21,11.35,0.01,32,36320,买盘
1702,13:08:18,11.34,-0.01,2,2268,卖盘
1703,13:08:12,11.35,0.01,30,34050,买盘
1704,13:08:06,11.34,-0.01,9,10206,卖盘
1705,13:08:03,11.35,--,2,2270,买盘
1706,13:07:57,11.35,0.01,18,20430,买盘
1707,13:07:54,11.34,--,20,22680,卖盘
1708,13:07:51,11.34,-0.01,2,2268,卖盘
1709,13:07:48,11.35,0.01,3,3405,买盘
1710,13:07:45,11.34,-0.01,1,1134,卖盘
1711,13:07:42,11.35,0.01,10,11350,买盘
1712,13:07:36,11.34,-0.01,2,2268,卖盘
1713,13:07:33,11.35,--,16,18160,买盘
1714,13:07:30,11.35,0.01,26,29510,买盘
1715,13:07:27,11.34,-0.01,16,18144,卖盘
1716,13:07:24,11.35,0.01,16,18160,买盘
1717,13:07:18,11.34,-0.01,2,2268,卖盘
1718,13:07:15,11.35,0.01,50,56750,买盘
1719,13:07:12,11.34,-0.01,15,17010,卖盘
1720,13:07:09,11.35,--,2,2270,买盘
1721,13:07:06,11.35,-0.01,29,32915,买盘
1722,13:07:03,11.36,0.02,15,17040,买盘
1723,13:07:00,11.34,--,14,15876,卖盘
1724,13:06:54,11.34,-0.01,114,129276,卖盘
1725,13:06:51,11.35,0.01,17,19295,买盘
1726,13:06:48,11.34,-0.01,102,115668,卖盘
1727,13:06:45,11.35,--,35,39725,买盘
1728,13:06:39,11.35,--,27,30645,买盘
1729,13:06:36,11.35,--,16,18160,买盘
1730,13:06:33,11.35,0.01,1,1135,买盘
1731,13:06:30,11.34,--,92,104328,卖盘
1732,13:06:27,11.34,--,1,1134,卖盘
1733,13:06:24,11.34,--,140,158760,卖盘
1734,13:06:18,11.34,-0.01,9,10206,卖盘
1735,13:06:15,11.35,--,15,17025,买盘
1736,13:06:12,11.35,0.01,28,31780,买盘
1737,13:06:09,11.34,--,20,22680,卖盘
1738,13:06:06,11.34,--,4,4536,卖盘
1739,13:06:03,11.34,-0.01,57,64638,卖盘
1740,13:05:57,11.35,0.01,89,101015,买盘
1741,13:05:48,11.34,-0.01,112,127008,卖盘
1742,13:05:45,11.35,0.01,23,26105,买盘
1743,13:05:36,11.34,--,7,7938,卖盘
1744,13:05:33,11.34,--,7,8845,买盘
1745,13:05:30,11.34,0.01,117,132678,买盘
1746,13:05:27,11.33,--,1,1133,卖盘
1747,13:05:24,11.33,-0.01,28,31724,卖盘
1748,13:05:21,11.34,0.01,16,18144,买盘
1749,13:05:18,11.33,-0.01,2,2266,卖盘
1750,13:05:15,11.34,0.01,9,10206,买盘
1751,13:05:12,11.33,-0.01,17,19261,卖盘
1752,13:05:09,11.34,--,65,73710,买盘
1753,13:05:06,11.34,--,34,38556,买盘
1754,13:05:03,11.34,--,5,5670,买盘
1755,13:04:57,11.34,--,39,44226,买盘
1756,13:04:54,11.34,--,207,234964,卖盘
1757,13:04:51,11.34,-0.01,1,1134,卖盘
1758,13:04:48,11.35,0.01,17,19295,买盘
1759,13:04:42,11.34,-0.01,220,249480,卖盘
1760,13:04:39,11.35,0.01,1,1135,买盘
1761,13:04:36,11.34,-0.01,23,26082,卖盘
1762,13:04:30,11.35,--,138,156630,卖盘
1763,13:04:27,11.35,--,2,2270,卖盘
1764,13:04:18,11.35,0.01,1,1135,中性盘
1765,13:04:06,11.34,--,19,21546,卖盘
1766,13:04:00,11.34,--,27,30618,卖盘
1767,13:03:57,11.34,-0.02,2,2268,卖盘
1768,13:03:54,11.36,--,1,1136,买盘
1769,13:03:48,11.36,--,15,17040,买盘
1770,13:03:42,11.36,0.02,30,34080,买盘
1771,13:03:36,11.34,-0.01,67,75978,卖盘
1772,13:03:30,11.35,--,192,217920,卖盘
1773,13:03:27,11.35,--,112,127120,卖盘
1774,13:03:24,11.35,-0.01,20,22700,卖盘
1775,13:03:21,11.36,0.01,10,11360,买盘
1776,13:03:18,11.35,-0.01,1,1135,卖盘
1777,13:03:15,11.36,0.01,17,19312,买盘
1778,13:03:06,11.35,0.01,355,402925,买盘
1779,13:03:03,11.34,--,14,15876,卖盘
1780,13:03:00,11.34,--,25,28350,卖盘
1781,13:02:57,11.34,-0.01,2,2268,卖盘
1782,13:02:51,11.35,--,15,17025,买盘
1783,13:02:48,11.35,0.01,41,46535,买盘
1784,13:02:42,11.34,--,7,7938,卖盘
1785,13:02:39,11.34,--,13,14968,卖盘
1786,13:02:36,11.34,--,2,2268,卖盘
1787,13:02:33,11.34,-0.01,8,9752,卖盘
1788,13:02:30,11.35,0.01,32,36320,买盘
1789,13:02:27,11.34,--,17,19278,卖盘
1790,13:02:24,11.34,--,52,58968,买盘
1791,13:02:21,11.34,--,60,68040,买盘
1792,13:02:15,11.34,-0.01,50,56700,卖盘
1793,13:02:12,11.35,0.01,11,12485,买盘
1794,13:02:06,11.34,-0.01,84,95256,卖盘
1795,13:02:03,11.35,0.01,15,17025,买盘
1796,13:02:00,11.34,--,32,36288,卖盘
1797,13:01:57,11.34,--,2,2268,卖盘
1798,13:01:51,11.34,--,7,7938,卖盘
1799,13:01:48,11.34,--,1,1134,卖盘
1800,13:01:42,11.34,-0.01,1,1134,卖盘
1801,13:01:39,11.35,0.01,35,39725,买盘
1802,13:01:36,11.34,--,2,2268,卖盘
1803,13:01:27,11.34,--,2,2268,卖盘
1804,13:01:21,11.34,0.01,8,9072,买盘
1805,13:01:18,11.33,-0.01,1,1133,卖盘
1806,13:01:15,11.34,0.01,16,18144,中性盘
1807,13:01:06,11.33,--,27,30591,卖盘
1808,13:01:03,11.33,--,7,7931,卖盘
1809,13:01:00,11.33,-0.01,51,57783,卖盘
1810,13:00:57,11.34,--,23,26082,买盘
1811,13:00:54,11.34,--,18,20412,买盘
1812,13:00:51,11.34,0.01,30,34020,买盘
1813,13:00:48,11.33,-0.01,1,1133,卖盘
1814,13:00:45,11.34,0.01,2,2268,买盘
1815,13:00:39,11.33,-0.01,4,4532,卖盘
1816,13:00:36,11.34,0.01,30,34020,卖盘
1817,13:00:27,11.33,--,10,11330,卖盘
1818,13:00:18,11.33,-0.01,1,1133,卖盘
1819,13:00:15,11.34,--,2,2268,买盘
1820,13:00:12,11.34,--,35,39690,卖盘
1821,13:00:09,11.34,-0.01,16,18144,卖盘
1822,13:00:06,11.35,0.01,348,394980,买盘
1823,13:00:03,11.34,--,1227,1392155,买盘
1824,13:00:00,11.34,--,120,136499,卖盘
1825,11:30:00,11.34,--,0,0,卖盘
1826,11:29:57,11.34,--,62,70308,卖盘
1827,11:29:54,11.34,-0.01,105,119070,卖盘
1828,11:29:51,11.35,0.01,15,17740,买盘
1829,11:29:48,11.34,-0.01,1,1134,卖盘
1830,11:29:42,11.35,--,6,6810,买盘
1831,11:29:39,11.35,0.01,238,270130,买盘
1832,11:29:36,11.34,-0.01,2,2268,卖盘
1833,11:29:33,11.35,0.01,155,175925,买盘
1834,11:29:30,11.34,--,7,7938,卖盘
1835,11:29:27,11.34,--,2,2268,卖盘
1836,11:29:24,11.34,-0.01,20,22680,卖盘
1837,11:29:21,11.35,0.01,5,5675,买盘
1838,11:29:15,11.34,--,3,3402,卖盘
1839,11:29:12,11.34,--,4,4536,卖盘
1840,11:29:06,11.34,--,90,102060,卖盘
1841,11:29:00,11.34,-0.01,4,4536,卖盘
1842,11:28:57,11.35,0.01,14,15890,买盘
1843,11:28:45,11.34,-0.01,9,10206,卖盘
1844,11:28:39,11.35,0.01,5,5675,买盘
1845,11:28:36,11.34,--,24,27216,卖盘
1846,11:28:30,11.34,--,30,34020,卖盘
1847,11:28:27,11.34,-0.01,37,41958,卖盘
1848,11:28:24,11.35,--,5,5675,买盘
1849,11:28:21,11.35,--,6,6810,买盘
1850,11:28:18,11.35,0.01,7,7945,买盘
1851,11:28:15,11.34,--,6,6804,卖盘
1852,11:28:12,11.34,-0.01,12,13608,卖盘
1853,11:28:09,11.35,0.01,24,27240,买盘
1854,11:28:06,11.34,-0.01,35,39690,卖盘
1855,11:28:03,11.35,--,20,22700,买盘
1856,11:28:00,11.35,--,25,28375,买盘
1857,11:27:57,11.35,0.01,75,85125,买盘
1858,11:27:45,11.34,--,14,15876,卖盘
1859,11:27:42,11.34,-0.01,7,7938,卖盘
1860,11:27:39,11.35,0.01,11,12485,买盘
1861,11:27:36,11.34,--,10,11340,卖盘
1862,11:27:27,11.34,--,2,2268,卖盘
1863,11:27:24,11.34,-0.01,23,26082,卖盘
1864,11:27:21,11.35,0.01,51,57885,买盘
1865,11:27:18,11.34,--,100,113400,卖盘
1866,11:27:15,11.34,-0.01,3,3402,卖盘
1867,11:27:09,11.35,--,35,39725,买盘
1868,11:27:06,11.35,0.01,117,132795,买盘
1869,11:27:03,11.34,-0.01,25,28350,卖盘
1870,11:27:00,11.35,0.01,48,54480,买盘
1871,11:26:57,11.34,--,12,13608,卖盘
1872,11:26:51,11.34,-0.01,10,11340,卖盘
1873,11:26:48,11.35,0.01,133,150955,买盘
1874,11:26:45,11.34,-0.01,1,1134,卖盘
1875,11:26:39,11.35,--,50,56750,买盘
1876,11:26:36,11.35,--,38,43130,买盘
1877,11:26:33,11.35,0.01,13,14755,买盘
1878,11:26:30,11.34,-0.01,195,221130,卖盘
1879,11:26:27,11.35,--,102,115770,卖盘
1880,11:26:18,11.35,--,1,1135,卖盘
1881,11:26:15,11.35,--,5,5675,卖盘
1882,11:26:12,11.35,0.01,71,80585,买盘
1883,11:26:06,11.34,-0.01,2,2268,卖盘
1884,11:26:03,11.35,--,8,9080,买盘
1885,11:26:00,11.35,--,224,254240,卖盘
1886,11:25:57,11.35,--,2,2270,卖盘
1887,11:25:51,11.35,--,11,12485,卖盘
1888,11:25:48,11.35,-0.01,30,34050,卖盘
1889,11:25:45,11.36,--,1,1136,买盘
1890,11:25:42,11.36,0.01,5,5680,买盘
1891,11:25:36,11.35,-0.01,12,13620,卖盘
1892,11:25:30,11.36,0.01,518,588448,买盘
1893,11:25:27,11.35,-0.01,2,2270,卖盘
1894,11:25:18,11.36,--,25,28400,买盘
1895,11:25:15,11.36,--,203,230608,卖盘
1896,11:25:06,11.36,--,2,2272,卖盘
1897,11:25:00,11.36,--,240,272640,卖盘
1898,11:24:57,11.36,--,57,64752,买盘
1899,11:24:54,11.36,--,12,13632,买盘
1900,11:24:51,11.36,--,23,26128,买盘
1901,11:24:48,11.36,--,9,10224,买盘
1902,11:24:45,11.36,--,2,2272,买盘
1903,11:24:42,11.36,--,7,7952,买盘
1904,11:24:39,11.36,--,219,248784,卖盘
1905,11:24:36,11.36,-0.01,2,2272,卖盘
1906,11:24:33,11.37,--,33,37521,买盘
1907,11:24:30,11.37,--,57,64808,卖盘
1908,11:24:27,11.37,--,3,3410,卖盘
1909,11:24:21,11.37,0.01,37,42069,买盘
1910,11:24:18,11.36,-0.01,1,1136,卖盘
1911,11:24:06,11.37,0.01,3,3410,买盘
1912,11:24:03,11.36,--,7,7952,卖盘
1913,11:24:00,11.36,--,514,583904,卖盘
1914,11:23:57,11.36,--,7,7952,卖盘
1915,11:23:54,11.36,-0.01,111,126096,卖盘
1916,11:23:48,11.37,--,1,1137,卖盘
1917,11:23:45,11.37,0.01,55,62534,买盘
1918,11:23:39,11.36,--,61,69296,卖盘
1919,11:23:36,11.36,-0.01,2,2272,卖盘
1920,11:23:33,11.37,--,60,68220,买盘
1921,11:23:30,11.37,--,130,147810,卖盘
1922,11:23:27,11.37,--,2,2274,卖盘
1923,11:23:21,11.37,-0.01,40,45480,卖盘
1924,11:23:18,11.38,0.02,30,34140,买盘
1925,11:23:15,11.36,-0.01,29,32944,卖盘
1926,11:23:12,11.37,0.01,5,5685,买盘
1927,11:23:09,11.36,--,19,21584,卖盘
1928,11:23:06,11.36,-0.01,10,11360,卖盘
1929,11:23:03,11.37,--,125,142125,买盘
1930,11:23:00,11.37,--,102,115973,卖盘
1931,11:22:57,11.37,--,32,36384,卖盘
1932,11:22:54,11.37,-0.01,30,34110,卖盘
1933,11:22:51,11.38,0.01,3,3414,买盘
1934,11:22:45,11.37,--,311,353607,卖盘
1935,11:22:42,11.37,-0.01,30,34110,卖盘
1936,11:22:39,11.38,0.01,5,5690,买盘
1937,11:22:36,11.37,--,2,2274,卖盘
1938,11:22:30,11.37,--,243,276291,卖盘
1939,11:22:27,11.37,-0.01,2,2274,卖盘
1940,11:22:24,11.38,--,5,5690,买盘
1941,11:22:18,11.38,0.01,10,11380,买盘
1942,11:22:15,11.37,--,31,35247,卖盘
1943,11:22:12,11.37,-0.01,17,19329,卖盘
1944,11:22:09,11.38,0.01,1,1138,买盘
1945,11:22:06,11.37,--,2,2274,卖盘
1946,11:22:03,11.37,--,5,5685,卖盘
1947,11:22:00,11.37,-0.01,250,284250,卖盘
1948,11:21:57,11.38,--,32,36416,买盘
1949,11:21:54,11.38,--,225,256050,买盘
1950,11:21:51,11.38,0.01,2,2276,买盘
1951,11:21:48,11.37,-0.01,10,11370,卖盘
1952,11:21:45,11.38,-0.01,10,11380,卖盘
1953,11:21:36,11.39,--,15,17085,卖盘
1954,11:21:33,11.39,--,80,91120,卖盘
1955,11:21:30,11.39,--,280,318920,卖盘
1956,11:21:27,11.39,--,2,2278,卖盘
1957,11:21:21,11.39,0.01,25,28475,买盘
1958,11:21:18,11.38,--,5,5690,卖盘
1959,11:21:15,11.38,-0.01,1,1138,卖盘
1960,11:21:12,11.39,--,8,9112,买盘
1961,11:21:09,11.39,0.01,6,6834,买盘
1962,11:21:06,11.38,0.01,9,10242,中性盘
1963,11:21:00,11.37,-0.02,240,272880,卖盘
1964,11:20:57,11.39,0.02,12,13668,买盘
1965,11:20:48,11.37,--,11,12507,卖盘
1966,11:20:45,11.37,--,27,30698,买盘
1967,11:20:42,11.37,--,50,56849,买盘
1968,11:20:39,11.37,0.01,2,2274,买盘
1969,11:20:36,11.36,-0.01,2,2272,卖盘
1970,11:20:33,11.37,--,15,17055,买盘
1971,11:20:30,11.37,--,149,169413,卖盘
1972,11:20:27,11.37,--,101,114836,卖盘
1973,11:20:24,11.37,-0.03,7,7958,卖盘
1974,11:20:21,11.4,0.03,886,1010040,买盘
1975,11:20:18,11.37,0.01,16,18192,买盘
1976,11:20:15,11.36,-0.01,11,12496,卖盘
1977,11:20:12,11.37,0.01,15,17055,买盘
1978,11:20:06,11.36,-0.01,2,2272,卖盘
1979,11:20:03,11.37,--,49,55712,买盘
1980,11:20:00,11.37,0.01,265,301305,买盘
1981,11:19:57,11.36,-0.01,2,2272,卖盘
1982,11:19:54,11.37,--,40,45480,买盘
1983,11:19:51,11.37,--,5,5685,买盘
1984,11:19:48,11.37,0.01,10,11370,买盘
1985,11:19:45,11.36,--,1,1136,卖盘
1986,11:19:42,11.36,-0.01,17,19312,卖盘
1987,11:19:39,11.37,0.01,30,34110,买盘
1988,11:19:36,11.36,-0.01,17,19312,卖盘
1989,11:19:30,11.37,--,43,48891,卖盘
1990,11:19:27,11.37,-0.01,2,2274,卖盘
1991,11:19:24,11.38,0.01,12,13656,买盘
1992,11:19:18,11.37,--,51,57986,卖盘
1993,11:19:15,11.37,--,2,2274,卖盘
1994,11:19:06,11.37,-0.01,1,1137,卖盘
1995,11:19:03,11.38,0.01,78,88764,买盘
1996,11:19:00,11.37,--,9,10233,买盘
1997,11:18:57,11.37,-0.01,196,222851,卖盘
1998,11:18:54,11.38,--,10,11380,买盘
1999,11:18:51,11.38,--,1,1138,买盘
2000,11:18:48,11.38,0.01,140,159320,买盘
2001,11:18:45,11.37,-0.01,2,2274,卖盘
2002,11:18:42,11.38,--,1,1138,买盘
2003,11:18:36,11.38,--,22,25036,买盘
2004,11:18:33,11.38,0.01,31,35278,买盘
2005,11:18:30,11.37,-0.01,321,364977,卖盘
2006,11:18:27,11.38,-0.01,23,26174,中性盘
2007,11:18:18,11.39,0.02,7,7973,买盘
2008,11:18:15,11.37,-0.01,24,27287,卖盘
2009,11:18:12,11.38,--,40,45520,买盘
2010,11:18:09,11.38,0.01,110,125180,买盘
2011,11:18:06,11.37,--,1,1137,卖盘
2012,11:18:03,11.37,--,110,125069,卖盘
2013,11:17:57,11.37,-0.01,244,277428,卖盘
2014,11:17:54,11.38,0.01,85,96730,买盘
2015,11:17:45,11.37,--,2,2274,卖盘
2016,11:17:39,11.37,--,12,13643,卖盘
2017,11:17:36,11.37,-0.01,1,1137,卖盘
2018,11:17:33,11.38,--,92,104696,买盘
2019,11:17:30,11.38,0.01,25,28450,买盘
2020,11:17:27,11.37,--,242,275154,卖盘
2021,11:17:15,11.37,--,2,2274,卖盘
2022,11:17:09,11.37,--,156,177372,买盘
2023,11:17:06,11.37,--,5,5685,买盘
2024,11:17:00,11.37,--,153,173961,买盘
2025,11:16:57,11.37,--,84,95508,卖盘
2026,11:16:54,11.37,--,29,32973,卖盘
2027,11:16:48,11.37,--,39,44343,买盘
2028,11:16:45,11.37,--,27,30698,买盘
2029,11:16:42,11.37,--,21,23877,买盘
2030,11:16:39,11.37,0.01,17,19329,买盘
2031,11:16:36,11.36,-0.01,1,1136,卖盘
2032,11:16:33,11.37,--,2,2274,买盘
2033,11:16:30,11.37,--,128,145536,买盘
2034,11:16:27,11.37,0.01,16,18192,卖盘
2035,11:16:24,11.36,-0.01,5,5680,卖盘
2036,11:16:18,11.37,0.01,29,32973,买盘
2037,11:16:15,11.36,-0.01,17,19312,卖盘
2038,11:16:12,11.37,0.01,64,72768,买盘
2039,11:16:09,11.36,--,3,3408,卖盘
2040,11:16:06,11.36,-0.01,6,6816,卖盘
2041,11:16:00,11.37,0.01,20,22740,买盘
2042,11:15:57,11.36,--,240,272640,卖盘
2043,11:15:54,11.36,-0.01,15,17040,卖盘
2044,11:15:51,11.37,0.01,20,22740,买盘
2045,11:15:48,11.36,--,30,34080,卖盘
2046,11:15:45,11.36,-0.01,2,2272,卖盘
2047,11:15:42,11.37,0.01,20,22740,买盘
2048,11:15:36,11.36,--,1,1136,卖盘
2049,11:15:27,11.36,--,245,278320,卖盘
2050,11:15:24,11.36,-0.01,2,2272,卖盘
2051,11:15:21,11.37,0.01,100,113699,买盘
2052,11:15:18,11.36,-0.01,35,39760,卖盘
2053,11:15:15,11.37,0.01,24,27287,买盘
2054,11:15:12,11.36,-0.01,170,193120,卖盘
2055,11:15:03,11.37,--,10,11370,买盘
2056,11:15:00,11.37,0.01,114,129617,买盘
2057,11:14:57,11.36,-0.01,247,280592,卖盘
2058,11:14:54,11.37,--,51,57986,买盘
2059,11:14:51,11.37,--,3,3410,买盘
2060,11:14:48,11.37,0.01,2,2274,买盘
2061,11:14:45,11.36,--,7,7952,卖盘
2062,11:14:42,11.36,-0.01,206,234016,卖盘
2063,11:14:36,11.37,--,10,11370,买盘
2064,11:14:33,11.37,0.01,7,7958,买盘
2065,11:14:30,11.36,--,25,28400,卖盘
2066,11:14:27,11.36,--,245,278320,卖盘
2067,11:14:24,11.36,-0.01,4,4544,卖盘
2068,11:14:21,11.37,0.01,12,13643,买盘
2069,11:14:15,11.36,--,4,4544,卖盘
2070,11:14:12,11.36,--,1,1136,卖盘
2071,11:14:09,11.36,-0.01,12,13632,卖盘
2072,11:14:06,11.37,0.02,36,40932,买盘
2073,11:14:00,11.35,-0.01,88,99880,卖盘
2074,11:13:57,11.36,--,161,182896,卖盘
2075,11:13:54,11.36,-0.01,41,46576,卖盘
2076,11:13:51,11.37,0.01,20,22740,买盘
2077,11:13:48,11.36,--,40,45440,卖盘
2078,11:13:45,11.36,--,1,1136,卖盘
2079,11:13:42,11.36,--,10,11360,卖盘
2080,11:13:36,11.36,--,2,2272,卖盘
2081,11:13:33,11.36,-0.01,2,2272,卖盘
2082,11:13:30,11.37,0.01,22,25014,买盘
2083,11:13:27,11.36,--,282,320352,卖盘
2084,11:13:24,11.36,--,12,13632,卖盘
2085,11:13:21,11.36,-0.01,13,14768,卖盘
2086,11:13:18,11.37,0.01,3,3410,买盘
2087,11:13:15,11.36,-0.01,11,12496,卖盘
2088,11:13:12,11.37,--,52,59123,买盘
2089,11:13:09,11.37,0.01,3,3410,买盘
2090,11:13:06,11.36,--,109,123824,卖盘
2091,11:13:03,11.36,-0.01,40,45440,卖盘
2092,11:12:57,11.37,--,224,254687,卖盘
2093,11:12:54,11.37,0.01,199,226262,买盘
2094,11:12:51,11.36,--,9,10224,卖盘
2095,11:12:45,11.36,--,91,103376,卖盘
2096,11:12:36,11.36,-0.01,2,2272,卖盘
2097,11:12:33,11.37,--,109,123932,买盘
2098,11:12:30,11.37,0.01,5,5685,买盘
2099,11:12:27,11.36,--,240,272640,卖盘
2100,11:12:24,11.36,--,4,4544,卖盘
2101,11:12:18,11.36,--,110,124960,卖盘
2102,11:12:15,11.36,-0.01,1,1136,卖盘
2103,11:12:12,11.37,0.01,67,76179,买盘
2104,11:12:06,11.36,--,2,2272,卖盘
2105,11:11:57,11.36,--,240,272640,卖盘
2106,11:11:54,11.36,--,2,2272,卖盘
2107,11:11:51,11.36,0.01,188,213568,买盘
2108,11:11:45,11.35,--,6,6810,卖盘
2109,11:11:42,11.35,--,8,9080,卖盘
2110,11:11:39,11.35,-0.01,25,28375,卖盘
2111,11:11:36,11.36,0.01,7,7952,买盘
2112,11:11:33,11.35,--,38,43130,买盘
2113,11:11:30,11.35,--,106,120310,买盘
2114,11:11:27,11.35,--,178,202030,卖盘
2115,11:11:24,11.35,0.01,14,15890,买盘
2116,11:11:21,11.34,-0.01,55,62370,卖盘
2117,11:11:18,11.35,--,4,4540,卖盘
2118,11:11:15,11.35,0.01,1,1135,中性盘
2119,11:11:09,11.34,--,23,26082,卖盘
2120,11:11:06,11.34,--,107,121338,卖盘
2121,11:11:00,11.34,--,4,4536,卖盘
2122,11:10:54,11.34,--,6,6804,卖盘
2123,11:10:51,11.34,--,63,71668,买盘
2124,11:10:48,11.34,--,22,24948,买盘
2125,11:10:45,11.34,--,501,568134,买盘
2126,11:10:39,11.34,--,234,265356,买盘
2127,11:10:36,11.34,--,22,24948,买盘
2128,11:10:33,11.34,--,51,57834,买盘
2129,11:10:30,11.34,--,88,99792,买盘
2130,11:10:27,11.34,0.01,86,97524,买盘
2131,11:10:24,11.33,-0.01,23,26059,卖盘
2132,11:10:21,11.34,--,2,2268,买盘
2133,11:10:18,11.34,--,124,140616,买盘
2134,11:10:15,11.34,-0.02,1792,2033035,卖盘
2135,11:10:12,11.36,--,76,86336,卖盘
2136,11:10:09,11.36,-0.01,52,59072,卖盘
2137,11:10:06,11.37,0.01,22,25014,买盘
2138,11:10:03,11.36,--,104,118144,买盘
2139,11:10:00,11.36,-0.01,159,180624,卖盘
2140,11:09:57,11.37,0.01,268,304716,买盘
2141,11:09:54,11.36,-0.01,7,7952,卖盘
2142,11:09:48,11.37,0.01,15,17055,买盘
2143,11:09:45,11.36,-0.01,1,1136,卖盘
2144,11:09:42,11.37,--,47,53438,买盘
2145,11:09:36,11.37,--,200,227399,买盘
2146,11:09:33,11.37,-0.01,109,123932,卖盘
2147,11:09:30,11.38,0.02,107,121766,买盘
2148,11:09:27,11.36,--,247,280592,卖盘
2149,11:09:24,11.36,--,2,2272,卖盘
2150,11:09:21,11.36,--,20,22720,卖盘
2151,11:09:18,11.36,-0.01,27,30672,卖盘
2152,11:09:15,11.37,0.01,51,57986,买盘
2153,11:09:09,11.36,--,100,113600,卖盘
2154,11:09:06,11.36,0.01,76,86336,买盘
2155,11:09:03,11.35,-0.01,71,80812,卖盘
2156,11:09:00,11.36,--,134,152224,买盘
2157,11:08:57,11.36,0.01,260,295360,买盘
2158,11:08:54,11.35,--,170,192950,卖盘
2159,11:08:48,11.35,--,6,6810,卖盘
2160,11:08:45,11.35,-0.01,65,73775,卖盘
2161,11:08:42,11.36,--,30,34080,买盘
2162,11:08:39,11.36,0.01,26,29536,买盘
2163,11:08:36,11.35,--,2,2270,卖盘
2164,11:08:33,11.35,-0.01,32,36320,卖盘
2165,11:08:30,11.36,--,11,12496,买盘
2166,11:08:27,11.36,0.01,340,386240,买盘
2167,11:08:24,11.35,--,17,19295,卖盘
2168,11:08:21,11.35,--,1,1135,卖盘
2169,11:08:15,11.35,-0.01,6,6810,卖盘
2170,11:08:12,11.36,0.01,17,19312,买盘
2171,11:08:09,11.35,--,125,141875,卖盘
2172,11:08:06,11.35,--,22,24970,卖盘
2173,11:08:03,11.35,--,22,24970,买盘
2174,11:08:00,11.35,--,49,55615,买盘
2175,11:07:57,11.35,--,362,410870,卖盘
2176,11:07:54,11.35,-0.01,30,34050,卖盘
2177,11:07:51,11.36,0.01,3,3408,买盘
2178,11:07:48,11.35,--,323,366605,买盘
2179,11:07:45,11.35,0.01,16,18160,买盘
2180,11:07:42,11.34,-0.01,30,34020,卖盘
2181,11:07:39,11.35,--,58,65830,卖盘
2182,11:07:36,11.35,-0.01,144,163440,卖盘
2183,11:07:30,11.36,0.01,31,35216,买盘
2184,11:07:27,11.35,0.01,20,22700,中性盘
2185,11:07:24,11.34,-0.01,488,553392,卖盘
2186,11:07:21,11.35,--,67,76045,买盘
2187,11:07:18,11.35,--,999,1133865,买盘
2188,11:07:15,11.35,--,313,355255,买盘
2189,11:07:09,11.35,--,26,29510,买盘
2190,11:07:06,11.35,0.01,143,162305,买盘
2191,11:07:03,11.34,--,10,11340,卖盘
2192,11:07:00,11.34,--,14,15876,卖盘
2193,11:06:57,11.34,-0.01,4,4536,卖盘
2194,11:06:54,11.35,0.01,73,82855,买盘
2195,11:06:51,11.34,--,59,66906,卖盘
2196,11:06:48,11.34,--,47,53298,卖盘
2197,11:06:45,11.34,-0.01,58,65772,卖盘
2198,11:06:42,11.35,--,19,21565,买盘
2199,11:06:39,11.35,--,20,22700,买盘
2200,11:06:36,11.35,--,68,77180,买盘
2201,11:06:33,11.35,--,571,648085,卖盘
2202,11:06:30,11.35,--,116,131660,卖盘
2203,11:06:27,11.35,--,15,17025,卖盘
2204,11:06:24,11.35,-0.01,217,246295,卖盘
2205,11:06:21,11.36,0.01,2,2272,买盘
2206,11:06:18,11.35,--,281,318935,买盘
2207,11:06:15,11.35,--,28,31780,卖盘
2208,11:06:12,11.35,--,414,469890,卖盘
2209,11:06:09,11.35,--,1,1135,卖盘
2210,11:06:06,11.35,--,1,1135,卖盘
2211,11:06:03,11.35,--,232,263320,买盘
2212,11:06:00,11.35,--,85,96475,买盘
2213,11:05:57,11.35,0.01,25,28375,买盘
2214,11:05:54,11.34,-0.01,57,64638,卖盘
2215,11:05:51,11.35,--,254,288290,买盘
2216,11:05:48,11.35,--,57,64695,买盘
2217,11:05:45,11.35,--,70,79450,买盘
2218,11:05:42,11.35,--,200,227000,买盘
2219,11:05:39,11.35,--,12,13620,买盘
2220,11:05:36,11.35,-0.01,952,1080520,卖盘
2221,11:05:33,11.36,0.01,50,56800,买盘
2222,11:05:30,11.35,--,77,87395,卖盘
2223,11:05:27,11.35,-0.01,68,77180,卖盘
2224,11:05:24,11.36,--,15,17040,买盘
2225,11:05:21,11.36,-0.01,6,6816,卖盘
2226,11:05:18,11.37,--,1042,1184754,买盘
2227,11:05:15,11.37,--,8,9096,买盘
2228,11:05:12,11.37,0.01,5,5685,买盘
2229,11:05:06,11.36,0.01,10,11360,卖盘
2230,11:05:03,11.35,--,35,39725,卖盘
2231,11:05:00,11.35,-0.02,54,61290,卖盘
2232,11:04:57,11.37,0.02,2,2274,买盘
2233,11:04:54,11.35,-0.02,19,21565,卖盘
2234,11:04:48,11.37,--,1616,1837391,买盘
2235,11:04:45,11.37,--,22,25014,买盘
2236,11:04:42,11.37,--,10,11370,买盘
2237,11:04:33,11.37,-0.01,935,1063095,卖盘
2238,11:04:30,11.38,0.01,1,1138,买盘
2239,11:04:27,11.37,--,50,56849,卖盘
2240,11:04:24,11.37,-0.01,211,239906,卖盘
2241,11:04:21,11.38,--,21,23898,买盘
2242,11:04:18,11.38,--,3,3414,买盘
2243,11:04:15,11.38,--,14,15932,买盘
2244,11:04:12,11.38,-0.01,135,153630,卖盘
2245,11:04:09,11.39,0.01,3,3417,买盘
2246,11:04:06,11.38,-0.01,8,9104,卖盘
2247,11:04:00,11.39,0.01,13,14807,买盘
2248,11:03:57,11.38,--,19,21622,卖盘
2249,11:03:54,11.38,--,47,53486,卖盘
2250,11:03:51,11.38,--,36,40968,卖盘
2251,11:03:48,11.38,--,56,63728,卖盘
2252,11:03:45,11.38,-0.01,3,3414,卖盘
2253,11:03:42,11.39,0.01,28,31892,买盘
2254,11:03:39,11.38,--,34,38692,买盘
2255,11:03:36,11.38,0.01,13,14794,买盘
2256,11:03:33,11.37,-0.01,15,17055,卖盘
2257,11:03:30,11.38,--,10,11380,买盘
2258,11:03:27,11.38,0.01,5,5690,买盘
2259,11:03:24,11.37,-0.01,502,570774,卖盘
2260,11:03:21,11.38,-0.01,849,966162,卖盘
2261,11:03:18,11.39,0.01,29,33031,买盘
2262,11:03:15,11.38,--,11,12518,卖盘
2263,11:03:12,11.38,--,7,7966,卖盘
2264,11:03:09,11.38,-0.01,8,9104,卖盘
2265,11:03:06,11.39,--,19,21641,买盘
2266,11:03:03,11.39,--,315,358785,卖盘
2267,11:03:00,11.39,--,128,145792,卖盘
2268,11:02:57,11.39,--,259,295001,卖盘
2269,11:02:54,11.39,-0.01,2,2278,卖盘
2270,11:02:51,11.4,--,12,13680,买盘
2271,11:02:48,11.4,0.01,3,3420,买盘
2272,11:02:45,11.39,-0.01,69,78591,卖盘
2273,11:02:42,11.4,--,2,2280,买盘
2274,11:02:39,11.4,--,13,14820,买盘
2275,11:02:36,11.4,--,300,342000,卖盘
2276,11:02:33,11.4,--,1,1140,卖盘
2277,11:02:30,11.4,-0.01,1,1140,卖盘
2278,11:02:27,11.41,--,232,264712,买盘
2279,11:02:24,11.41,0.01,17,19397,买盘
2280,11:02:21,11.4,--,52,59280,卖盘
2281,11:02:18,11.4,--,300,342000,卖盘
2282,11:02:15,11.4,--,44,50160,卖盘
2283,11:02:12,11.4,--,23,26220,卖盘
2284,11:02:09,11.4,-0.01,205,233700,卖盘
2285,11:02:06,11.41,0.01,110,125510,买盘
2286,11:02:03,11.4,--,320,364800,卖盘
2287,11:02:00,11.4,--,56,63840,卖盘
2288,11:01:57,11.4,--,300,342000,卖盘
2289,11:01:54,11.4,-0.01,2,2280,卖盘
2290,11:01:48,11.41,0.01,28,31948,买盘
2291,11:01:45,11.4,--,2,2280,卖盘
2292,11:01:42,11.4,--,46,52440,卖盘
2293,11:01:39,11.4,--,10,11400,卖盘
2294,11:01:36,11.4,--,3,3420,卖盘
2295,11:01:33,11.4,-0.01,11,12540,卖盘
2296,11:01:30,11.41,--,21,23961,买盘
2297,11:01:27,11.41,--,1,1141,卖盘
2298,11:01:24,11.41,-0.01,2,2282,中性盘
2299,11:01:18,11.42,0.01,32,37000,买盘
2300,11:01:15,11.41,--,34,38794,卖盘
2301,11:01:12,11.41,--,5,5705,卖盘
2302,11:01:09,11.41,--,26,30350,卖盘
2303,11:01:03,11.41,--,1,1141,卖盘
2304,11:00:54,11.41,-0.01,2,2282,卖盘
2305,11:00:51,11.42,0.01,219,250098,买盘
2306,11:00:48,11.41,-0.01,2,2282,卖盘
2307,11:00:45,11.42,0.01,100,114200,买盘
2308,11:00:36,11.41,--,50,57050,卖盘
2309,11:00:33,11.41,-0.01,17,19397,卖盘
2310,11:00:24,11.42,--,12,13704,买盘
2311,11:00:21,11.42,0.01,3,3426,买盘
2312,11:00:15,11.41,--,2,2282,卖盘
2313,11:00:12,11.41,--,33,37653,卖盘
2314,11:00:09,11.41,-0.01,28,31948,卖盘
2315,11:00:06,11.42,0.01,30,34260,买盘
2316,11:00:03,11.41,-0.01,11,12551,卖盘
2317,11:00:00,11.42,--,10,11420,买盘
2318,10:59:54,11.42,-0.01,138,157596,卖盘
2319,10:59:51,11.43,--,45,51435,买盘
2320,10:59:48,11.43,0.01,20,22860,买盘
2321,10:59:45,11.42,--,21,23982,卖盘
2322,10:59:42,11.42,--,37,42254,卖盘
2323,10:59:36,11.42,--,5,5710,卖盘
2324,10:59:33,11.42,--,1,1142,卖盘
2325,10:59:27,11.42,--,71,81082,卖盘
2326,10:59:24,11.42,-0.01,2,2284,卖盘
2327,10:59:21,11.43,0.01,20,22860,买盘
2328,10:59:15,11.42,-0.01,41,46822,卖盘
2329,10:59:12,11.43,0.01,10,11430,买盘
2330,10:59:09,11.42,--,50,57100,卖盘
2331,10:59:03,11.42,--,1,1142,卖盘
2332,10:58:54,11.42,--,36,41112,卖盘
2333,10:58:51,11.42,0.01,101,115342,买盘
2334,10:58:48,11.41,--,7,7987,卖盘
2335,10:58:45,11.41,-0.01,45,51345,卖盘
2336,10:58:39,11.42,0.01,52,59384,买盘
2337,10:58:33,11.41,--,2,2282,卖盘
2338,10:58:30,11.41,--,13,14833,卖盘
2339,10:58:27,11.41,-0.01,90,102690,卖盘
2340,10:58:24,11.42,0.01,19,21698,买盘
2341,10:58:18,11.41,-0.01,10,11410,卖盘
2342,10:58:12,11.42,0.01,10,11420,卖盘
2343,10:58:09,11.41,--,19,21679,卖盘
2344,10:58:06,11.41,-0.01,19,21679,卖盘
2345,10:58:03,11.42,--,1,1142,卖盘
2346,10:57:54,11.42,0.01,8,9136,中性盘
2347,10:57:48,11.41,-0.01,311,354851,卖盘
2348,10:57:42,11.42,--,30,34260,卖盘
2349,10:57:36,11.42,--,11,12562,卖盘
2350,10:57:33,11.42,--,50,57100,卖盘
2351,10:57:30,11.42,--,14,15988,卖盘
2352,10:57:24,11.42,0.02,47,53674,中性盘
2353,10:57:21,11.4,-0.03,7,7980,卖盘
2354,10:57:18,11.43,0.02,363,414909,买盘
2355,10:57:15,11.41,0.01,9,10269,买盘
2356,10:57:12,11.4,-0.02,1200,1368000,卖盘
2357,10:57:09,11.42,0.01,2,2284,买盘
2358,10:57:06,11.41,--,20,22820,卖盘
2359,10:57:03,11.41,--,124,141484,卖盘
2360,10:57:00,11.41,-0.01,35,39935,卖盘
2361,10:56:57,11.42,0.02,1,1142,买盘
2362,10:56:54,11.4,-0.01,5,5700,卖盘
2363,10:56:48,11.41,0.01,421,480361,买盘
2364,10:56:45,11.4,--,11,12540,卖盘
2365,10:56:42,11.4,-0.01,12,13680,卖盘
2366,10:56:39,11.41,--,55,62755,买盘
2367,10:56:36,11.41,--,38,43358,买盘
2368,10:56:33,11.41,--,178,203098,卖盘
2369,10:56:30,11.41,--,35,39935,卖盘
2370,10:56:24,11.41,--,2,2282,卖盘
2371,10:56:21,11.41,-0.01,2,2282,卖盘
2372,10:56:15,11.42,0.01,4,4568,买盘
2373,10:56:12,11.41,--,10,11410,卖盘
2374,10:56:09,11.41,--,7,7987,卖盘
2375,10:56:03,11.41,-0.01,21,23961,卖盘
2376,10:56:00,11.42,--,31,35402,买盘
2377,10:55:57,11.42,0.01,10,11420,买盘
2378,10:55:54,11.41,-0.01,31,35371,卖盘
2379,10:55:51,11.42,0.01,12,13704,买盘
2380,10:55:45,11.41,--,5,5705,卖盘
2381,10:55:42,11.41,-0.01,4,4564,卖盘
2382,10:55:39,11.42,0.01,266,303772,买盘
2383,10:55:36,11.41,--,21,23961,卖盘
2384,10:55:33,11.41,--,6,6846,卖盘
2385,10:55:27,11.41,-0.01,57,65037,卖盘
2386,10:55:24,11.42,--,63,71946,卖盘
2387,10:55:21,11.42,--,110,125620,卖盘
2388,10:55:18,11.42,--,2,2284,卖盘
2389,10:55:15,11.42,--,76,86792,卖盘
2390,10:55:12,11.42,-0.01,336,383712,卖盘
2391,10:55:09,11.43,--,8,9144,买盘
2392,10:55:06,11.43,0.01,80,91440,买盘
2393,10:55:03,11.42,--,21,23982,买盘
2394,10:55:00,11.42,-0.01,24,27408,卖盘
2395,10:54:57,11.43,0.01,4,4572,买盘
2396,10:54:54,11.42,-0.01,2,2284,卖盘
2397,10:54:51,11.43,--,7,8001,买盘
2398,10:54:48,11.43,--,2,2286,买盘
2399,10:54:45,11.43,0.01,7,8001,买盘
2400,10:54:42,11.42,-0.01,10,11420,卖盘
2401,10:54:39,11.43,0.02,12,13716,买盘
2402,10:54:36,11.41,-0.02,42,47922,卖盘
2403,10:54:33,11.43,--,457,522351,买盘
2404,10:54:30,11.43,--,17,19431,买盘
2405,10:54:27,11.43,0.01,80,91440,买盘
2406,10:54:24,11.42,-0.01,18,20556,卖盘
2407,10:54:21,11.43,--,9,10287,买盘
2408,10:54:18,11.43,--,2,2286,买盘
2409,10:54:15,11.43,--,43,49149,买盘
2410,10:54:12,11.43,--,10,11430,买盘
2411,10:54:09,11.43,--,1,1143,买盘
2412,10:54:06,11.43,0.01,50,57150,买盘
2413,10:54:03,11.42,--,7,7994,卖盘
2414,10:54:00,11.42,--,33,37686,卖盘
2415,10:53:57,11.42,--,15,17130,卖盘
2416,10:53:54,11.42,--,22,25124,卖盘
2417,10:53:51,11.42,--,18,20556,买盘
2418,10:53:48,11.42,0.01,31,35402,买盘
2419,10:53:45,11.41,-0.01,2,2282,卖盘
2420,10:53:39,11.42,--,125,142750,买盘
2421,10:53:36,11.42,0.01,42,47964,买盘
2422,10:53:33,11.41,--,32,36512,卖盘
2423,10:53:30,11.41,--,6,6846,卖盘
2424,10:53:27,11.41,0.01,2,2282,买盘
2425,10:53:24,11.4,-0.01,2,2280,卖盘
2426,10:53:21,11.41,--,20,22820,买盘
2427,10:53:18,11.41,0.01,9,10269,买盘
2428,10:53:15,11.4,--,11,12540,卖盘
2429,10:53:12,11.4,--,20,22800,卖盘
2430,10:53:09,11.4,--,198,225720,买盘
2431,10:53:06,11.4,0.01,75,85500,买盘
2432,10:53:03,11.39,-0.01,40,45560,卖盘
2433,10:53:00,11.4,0.01,22,25080,买盘
2434,10:52:57,11.39,-0.01,188,214132,卖盘
2435,10:52:54,11.4,--,343,391020,买盘
2436,10:52:51,11.4,0.01,15,17100,买盘
2437,10:52:45,11.39,--,122,138958,卖盘
2438,10:52:42,11.39,-0.01,30,34170,卖盘
2439,10:52:39,11.4,--,9,10260,买盘
2440,10:52:36,11.4,0.01,9,10260,买盘
2441,10:52:33,11.39,--,9,10251,卖盘
2442,10:52:30,11.39,--,22,25058,卖盘
2443,10:52:27,11.39,--,5,5695,卖盘
2444,10:52:24,11.39,--,1,1139,卖盘
2445,10:52:21,11.39,--,288,328032,买盘
2446,10:52:18,11.39,--,176,200464,买盘
2447,10:52:15,11.39,0.01,26,29614,买盘
2448,10:52:12,11.38,-0.01,5,5690,卖盘
2449,10:52:09,11.39,--,50,56950,买盘
2450,10:52:06,11.39,0.01,16,19157,买盘
2451,10:52:03,11.38,--,419,477026,卖盘
2452,10:52:00,11.38,--,142,162529,买盘
2453,10:51:57,11.38,--,10,11380,买盘
2454,10:51:54,11.38,--,46,52348,买盘
2455,10:51:51,11.38,--,329,375346,卖盘
2456,10:51:45,11.38,--,35,39830,卖盘
2457,10:51:42,11.38,--,18,20484,卖盘
2458,10:51:39,11.38,--,22,25036,卖盘
2459,10:51:36,11.38,0.01,139,158375,买盘
2460,10:51:33,11.37,-0.01,24,27287,卖盘
2461,10:51:30,11.38,--,238,270844,买盘
2462,10:51:27,11.38,0.01,59,67142,买盘
2463,10:51:24,11.37,-0.01,455,517334,卖盘
2464,10:51:21,11.38,0.01,114,129732,买盘
2465,10:51:15,11.37,--,29,32973,中性盘
2466,10:51:12,11.37,--,451,512786,买盘
2467,10:51:09,11.37,0.01,30,34110,买盘
2468,10:51:06,11.36,--,157,178352,卖盘
2469,10:51:03,11.36,-0.02,82,93152,卖盘
2470,10:51:00,11.38,0.02,39,44382,买盘
2471,10:50:57,11.36,--,553,628208,卖盘
2472,10:50:54,11.36,--,47,53392,卖盘
2473,10:50:51,11.36,-0.01,1354,1538144,卖盘
2474,10:50:48,11.37,--,707,803859,买盘
2475,10:50:45,11.37,--,67,76179,买盘
2476,10:50:42,11.37,--,52,59123,买盘
2477,10:50:39,11.37,0.01,150,170550,买盘
2478,10:50:36,11.36,--,74,84064,卖盘
2479,10:50:33,11.36,-0.02,337,382832,卖盘
2480,10:50:30,11.38,0.01,62,70556,买盘
2481,10:50:27,11.37,-0.01,4,4548,卖盘
2482,10:50:24,11.38,--,81,92178,买盘
2483,10:50:21,11.38,--,162,184356,卖盘
2484,10:50:18,11.38,-0.01,37,42106,卖盘
2485,10:50:15,11.39,0.01,111,126429,买盘
2486,10:50:12,11.38,-0.01,560,637280,卖盘
2487,10:50:09,11.39,--,19,21641,买盘
2488,10:50:06,11.39,0.01,55,62645,买盘
2489,10:50:03,11.38,-0.01,16,18208,卖盘
2490,10:50:00,11.39,--,75,85425,买盘
2491,10:49:57,11.39,-0.01,491,559249,卖盘
2492,10:49:54,11.4,0.01,14,15960,买盘
2493,10:49:51,11.39,-0.01,101,115039,卖盘
2494,10:49:48,11.4,0.01,43,49020,买盘
2495,10:49:42,11.39,-0.01,35,39865,卖盘
2496,10:49:39,11.4,--,2,2280,买盘
2497,10:49:36,11.4,0.01,56,63840,买盘
2498,10:49:33,11.39,-0.01,846,963594,卖盘
2499,10:49:30,11.4,--,301,343140,卖盘
2500,10:49:27,11.4,-0.01,55,62700,卖盘
2501,10:49:24,11.41,--,165,188265,买盘
2502,10:49:18,11.41,-0.01,27,30807,卖盘
2503,10:49:15,11.42,--,27,30834,买盘
2504,10:49:12,11.42,--,18,20556,买盘
2505,10:49:09,11.42,--,384,439475,卖盘
2506,10:49:06,11.42,--,38,43396,卖盘
2507,10:49:03,11.42,-0.01,108,123336,卖盘
2508,10:49:00,11.43,--,10,11430,买盘
2509,10:48:57,11.43,0.01,52,59436,买盘
2510,10:48:54,11.42,--,1,1142,卖盘
2511,10:48:51,11.42,--,121,138182,卖盘
2512,10:48:48,11.42,0.02,417,476408,买盘
2513,10:48:45,11.4,-0.02,89,101460,卖盘
2514,10:48:42,11.42,--,10,11420,买盘
2515,10:48:39,11.42,0.01,152,173584,买盘
2516,10:48:36,11.41,-0.01,52,59332,卖盘
2517,10:48:33,11.42,0.02,204,232968,买盘
2518,10:48:30,11.4,-0.02,621,707940,卖盘
2519,10:48:27,11.42,--,13,14846,买盘
2520,10:48:24,11.42,-0.01,198,226116,卖盘
2521,10:48:21,11.43,0.01,706,806958,买盘
2522,10:48:15,11.42,--,7,7994,卖盘
2523,10:48:12,11.42,--,112,127904,卖盘
2524,10:48:09,11.42,0.02,194,221548,买盘
2525,10:48:06,11.4,-0.02,900,1026000,卖盘
2526,10:48:00,11.42,--,11,12562,卖盘
2527,10:47:57,11.42,--,27,30834,卖盘
2528,10:47:54,11.42,--,934,1066628,卖盘
2529,10:47:51,11.42,--,100,114200,卖盘
2530,10:47:48,11.42,--,72,82224,卖盘
2531,10:47:45,11.42,--,246,280932,买盘
2532,10:47:42,11.42,--,83,94786,卖盘
2533,10:47:39,11.42,-0.02,80,91360,卖盘
2534,10:47:36,11.44,0.02,25,28600,买盘
2535,10:47:33,11.42,0.02,14,15988,卖盘
2536,10:47:30,11.4,-0.02,2500,2850000,卖盘
2537,10:47:27,11.42,--,3,3426,卖盘
2538,10:47:24,11.42,--,8,9136,买盘
2539,10:47:18,11.42,-0.01,115,131330,卖盘
2540,10:47:15,11.43,0.01,48,54864,买盘
2541,10:47:12,11.42,-0.02,165,188430,卖盘
2542,10:47:09,11.44,--,60,68640,买盘
2543,10:47:03,11.44,-0.01,11,12584,买盘
2544,10:47:00,11.45,--,20,22900,买盘
2545,10:46:57,11.45,--,585,669825,买盘
2546,10:46:54,11.45,0.01,83,95035,买盘
2547,10:46:48,11.44,--,73,83512,卖盘
2548,10:46:45,11.44,--,50,57200,卖盘
2549,10:46:42,11.44,-0.01,64,73216,卖盘
2550,10:46:39,11.45,--,4,4580,买盘
2551,10:46:36,11.45,--,3,3435,买盘
2552,10:46:33,11.45,--,177,203065,卖盘
2553,10:46:30,11.45,-0.01,300,343500,卖盘
2554,10:46:27,11.46,0.01,100,114600,买盘
2555,10:46:24,11.45,--,7,8014,卖盘
2556,10:46:21,11.45,-0.01,106,121369,卖盘
2557,10:46:18,11.46,0.01,8,9168,买盘
2558,10:46:15,11.45,-0.01,11,12595,卖盘
2559,10:46:12,11.46,--,45,51570,卖盘
2560,10:46:09,11.46,--,122,139812,卖盘
2561,10:46:03,11.46,-0.01,105,120330,卖盘
2562,10:45:57,11.47,--,10,11470,买盘
2563,10:45:54,11.47,-0.01,141,161727,卖盘
2564,10:45:48,11.48,0.01,4,4592,买盘
2565,10:45:45,11.47,-0.01,74,84878,卖盘
2566,10:45:42,11.48,--,26,29848,卖盘
2567,10:45:36,11.48,0.01,27,30996,买盘
2568,10:45:33,11.47,--,2,2294,卖盘
2569,10:45:30,11.47,--,225,258075,卖盘
2570,10:45:27,11.47,--,31,35557,卖盘
2571,10:45:24,11.47,-0.01,41,47027,卖盘
2572,10:45:21,11.48,0.01,20,22960,买盘
2573,10:45:18,11.47,-0.01,15,17205,卖盘
2574,10:45:15,11.48,0.01,111,127428,买盘
2575,10:45:12,11.47,--,130,149110,卖盘
2576,10:45:09,11.47,-0.01,30,34410,卖盘
2577,10:45:06,11.48,0.01,81,92988,买盘
2578,10:44:57,11.47,-0.01,140,160580,卖盘
2579,10:44:54,11.48,--,15,17220,买盘
2580,10:44:51,11.48,--,6,6888,买盘
2581,10:44:48,11.48,--,16,18368,买盘
2582,10:44:45,11.48,--,2,2296,买盘
2583,10:44:42,11.48,0.01,9,10332,买盘
2584,10:44:39,11.47,--,13,14911,卖盘
2585,10:44:36,11.47,--,10,11470,卖盘
2586,10:44:30,11.47,-0.02,30,34410,中性盘
2587,10:44:24,11.49,--,10,11490,买盘
2588,10:44:15,11.49,0.04,1,1149,买盘
2589,10:44:12,11.45,-0.01,37,42365,卖盘
2590,10:44:03,11.46,0.01,6,6876,中性盘
2591,10:44:00,11.45,--,46,53414,买盘
2592,10:43:57,11.45,--,769,880505,买盘
2593,10:43:54,11.45,--,210,240449,买盘
2594,10:43:51,11.45,--,163,187035,卖盘
2595,10:43:48,11.45,-0.01,220,253033,卖盘
2596,10:43:45,11.46,0.01,56,64176,买盘
2597,10:43:42,11.45,--,53,60684,卖盘
2598,10:43:39,11.45,0.01,279,320210,买盘
2599,10:43:36,11.44,-0.01,200,228800,卖盘
2600,10:43:30,11.45,0.02,10,11450,买盘
2601,10:43:27,11.43,-0.02,101,115443,卖盘
2602,10:43:24,11.45,-0.01,216,247709,卖盘
2603,10:43:21,11.46,0.02,275,315906,买盘
2604,10:43:18,11.44,-0.01,348,398112,卖盘
2605,10:43:15,11.45,--,62,70990,卖盘
2606,10:43:12,11.45,-0.02,9,10305,卖盘
2607,10:43:09,11.47,0.02,170,194990,买盘
2608,10:43:06,11.45,-0.02,6,6870,卖盘
2609,10:43:03,11.47,--,2,2294,买盘
2610,10:42:57,11.47,-0.01,1515,1737705,卖盘
2611,10:42:54,11.48,0.01,5,5740,买盘
2612,10:42:51,11.47,--,7,8029,卖盘
2613,10:42:48,11.47,--,24,27528,卖盘
2614,10:42:45,11.47,-0.01,2,2294,卖盘
2615,10:42:42,11.48,0.01,49,56252,买盘
2616,10:42:39,11.47,--,20,22940,卖盘
2617,10:42:36,11.47,-0.02,50,57350,卖盘
2618,10:42:33,11.49,0.01,30,34470,买盘
2619,10:42:30,11.48,0.01,10,11480,买盘
2620,10:42:27,11.47,-0.02,202,231694,卖盘
2621,10:42:24,11.49,--,10,11490,买盘
2622,10:42:18,11.49,--,37,42513,买盘
2623,10:42:15,11.49,--,15,17235,买盘
2624,10:42:12,11.49,--,9,10341,买盘
2625,10:42:09,11.49,--,65,74685,买盘
2626,10:42:06,11.49,--,1040,1195419,买盘
2627,10:42:03,11.49,--,27,31023,卖盘
2628,10:42:00,11.49,--,80,91920,卖盘
2629,10:41:57,11.49,--,53,60897,卖盘
2630,10:41:54,11.49,--,6,6894,卖盘
2631,10:41:51,11.49,--,4,4596,卖盘
2632,10:41:45,11.49,-0.01,256,294144,卖盘
2633,10:41:42,11.5,--,8,9200,买盘
2634,10:41:39,11.5,0.01,5,5750,买盘
2635,10:41:33,11.49,-0.01,127,145923,卖盘
2636,10:41:30,11.5,0.01,34,39100,买盘
2637,10:41:27,11.49,--,1,1149,卖盘
2638,10:41:24,11.49,-0.01,107,122943,卖盘
2639,10:41:21,11.5,--,60,69000,买盘
2640,10:41:18,11.5,0.01,134,154100,买盘
2641,10:41:15,11.49,--,21,24129,卖盘
2642,10:41:12,11.49,-0.01,60,68940,卖盘
2643,10:41:09,11.5,0.01,6,6900,买盘
2644,10:41:06,11.49,-0.01,57,65493,卖盘
2645,10:41:03,11.5,--,5,5750,买盘
2646,10:41:00,11.5,--,48,55200,卖盘
2647,10:40:57,11.5,--,15,17250,卖盘
2648,10:40:54,11.5,0.01,195,224250,买盘
2649,10:40:51,11.49,-0.01,137,157413,卖盘
2650,10:40:48,11.5,--,4,4600,买盘
2651,10:40:45,11.5,0.01,20,23000,买盘
2652,10:40:39,11.49,--,20,22980,卖盘
2653,10:40:30,11.49,--,39,44811,卖盘
2654,10:40:27,11.49,-0.01,15,17235,卖盘
2655,10:40:24,11.5,--,117,134550,买盘
2656,10:40:21,11.5,0.01,18,20700,买盘
2657,10:40:18,11.49,-0.01,49,56301,卖盘
2658,10:40:12,11.5,--,21,24150,买盘
2659,10:40:09,11.5,0.01,41,47150,买盘
2660,10:40:06,11.49,--,12,13788,卖盘
2661,10:40:03,11.49,-0.01,50,57450,卖盘
2662,10:40:00,11.5,--,6,6900,买盘
2663,10:39:57,11.5,--,14,16100,买盘
2664,10:39:54,11.5,-0.01,353,405950,卖盘
2665,10:39:51,11.51,0.01,5,5755,买盘
2666,10:39:48,11.5,--,61,70150,卖盘
2667,10:39:45,11.5,--,46,52900,卖盘
2668,10:39:42,11.5,--,102,117300,卖盘
2669,10:39:39,11.5,-0.01,10,11500,卖盘
2670,10:39:36,11.51,--,61,70211,买盘
2671,10:39:33,11.51,--,5,5755,买盘
2672,10:39:30,11.51,--,81,93231,买盘
2673,10:39:21,11.51,--,2,2302,买盘
2674,10:39:18,11.51,--,92,105892,买盘
2675,10:39:15,11.51,0.01,106,122006,买盘
2676,10:39:09,11.5,--,12,13800,卖盘
2677,10:39:06,11.5,-0.01,40,46000,卖盘
2678,10:39:03,11.51,0.01,101,116251,买盘
2679,10:38:54,11.5,--,1,1150,卖盘
2680,10:38:51,11.5,--,23,26450,卖盘
2681,10:38:48,11.5,0.01,69,79350,买盘
2682,10:38:45,11.49,-0.01,41,47109,卖盘
2683,10:38:42,11.5,0.01,2,2300,买盘
2684,10:38:36,11.49,-0.01,11,12639,卖盘
2685,10:38:33,11.5,0.01,2,2300,买盘
2686,10:38:30,11.49,--,18,20682,买盘
2687,10:38:27,11.49,--,30,34470,买盘
2688,10:38:24,11.49,0.01,51,58599,买盘
2689,10:38:21,11.48,-0.01,47,53956,卖盘
2690,10:38:18,11.49,--,52,59748,买盘
2691,10:38:15,11.49,--,9,10341,买盘
2692,10:38:12,11.49,0.01,7,8043,买盘
2693,10:38:09,11.48,--,89,102172,卖盘
2694,10:38:06,11.48,--,112,128576,卖盘
2695,10:38:03,11.48,--,141,161868,卖盘
2696,10:38:00,11.48,-0.01,72,82656,卖盘
2697,10:37:57,11.49,0.01,321,368829,买盘
2698,10:37:54,11.48,-0.01,737,846764,卖盘
2699,10:37:51,11.49,--,10,11490,买盘
2700,10:37:48,11.49,-0.01,1,1149,买盘
2701,10:37:45,11.5,0.02,331,380650,买盘
2702,10:37:42,11.48,-0.02,459,526932,卖盘
2703,10:37:39,11.5,0.01,236,271400,买盘
2704,10:37:36,11.49,-0.01,5,5745,卖盘
2705,10:37:33,11.5,0.01,10,11500,买盘
2706,10:37:30,11.49,--,9,10341,卖盘
2707,10:37:27,11.49,-0.01,2,2298,卖盘
2708,10:37:24,11.5,--,113,129950,买盘
2709,10:37:21,11.5,0.01,27,31050,买盘
2710,10:37:18,11.49,-0.01,28,32172,卖盘
2711,10:37:12,11.5,--,22,25300,卖盘
2712,10:37:09,11.5,--,1,1150,卖盘
2713,10:37:06,11.5,0.01,26,29900,买盘
2714,10:37:03,11.49,-0.01,80,91920,卖盘
2715,10:37:00,11.5,--,27,31050,中性盘
2716,10:36:57,11.5,--,30,34500,买盘
2717,10:36:54,11.5,--,45,51750,买盘
2718,10:36:51,11.5,--,3,3450,买盘
2719,10:36:48,11.5,-0.02,10,11500,中性盘
2720,10:36:45,11.52,0.02,66,76032,买盘
2721,10:36:42,11.5,--,20,23000,买盘
2722,10:36:39,11.5,--,90,103500,买盘
2723,10:36:36,11.5,-0.02,3926,4514900,卖盘
2724,10:36:30,11.52,--,367,422784,卖盘
2725,10:36:27,11.52,--,105,120960,卖盘
2726,10:36:24,11.52,-0.01,207,238464,卖盘
2727,10:36:21,11.53,0.01,8,9224,买盘
2728,10:36:18,11.52,-0.01,5,5760,卖盘
2729,10:36:15,11.53,0.01,16,18448,买盘
2730,10:36:12,11.52,-0.01,23,26496,卖盘
2731,10:36:09,11.53,--,131,151043,买盘
2732,10:36:06,11.53,--,22,25366,买盘
2733,10:36:00,11.53,-0.01,39,44967,卖盘
2734,10:35:51,11.54,0.01,23,26541,买盘
2735,10:35:45,11.53,-0.01,9,10377,卖盘
2736,10:35:42,11.54,--,6,6923,买盘
2737,10:35:33,11.54,--,583,672782,买盘
2738,10:35:30,11.54,0.01,17,19618,买盘
2739,10:35:24,11.53,-0.01,90,103770,卖盘
2740,10:35:12,11.54,0.01,3,3461,中性盘
2741,10:35:06,11.53,-0.01,562,647986,卖盘
2742,10:35:03,11.54,-0.01,722,833187,卖盘
2743,10:35:00,11.55,0.01,2,2310,买盘
2744,10:34:54,11.54,-0.01,6,6923,卖盘
2745,10:34:48,11.55,--,10,11550,买盘
2746,10:34:45,11.55,--,40,46592,卖盘
2747,10:34:42,11.55,-0.01,12,13860,卖盘
2748,10:34:39,11.56,0.01,86,100178,买盘
2749,10:34:36,11.55,--,25,28875,卖盘
2750,10:34:33,11.55,-0.01,115,132825,卖盘
2751,10:34:24,11.56,--,30,34680,买盘
2752,10:34:21,11.56,0.01,62,71672,买盘
2753,10:34:18,11.55,-0.01,110,127050,卖盘
2754,10:34:12,11.56,0.01,11,12716,买盘
2755,10:34:03,11.55,--,283,326865,卖盘
2756,10:34:00,11.55,-0.01,23,26565,卖盘
2757,10:33:57,11.56,--,2,2312,买盘
2758,10:33:48,11.56,0.01,2,2312,买盘
2759,10:33:45,11.55,-0.01,4,4620,卖盘
2760,10:33:42,11.56,0.01,56,64736,买盘
2761,10:33:39,11.55,-0.01,15,17325,卖盘
2762,10:33:36,11.56,0.01,10,11560,买盘
2763,10:33:30,11.55,-0.01,600,693000,卖盘
2764,10:33:27,11.56,--,3,3468,买盘
2765,10:33:21,11.56,--,13,15421,卖盘
2766,10:33:06,11.56,-0.02,9,10404,卖盘
2767,10:33:00,11.58,0.02,2,2316,买盘
2768,10:32:54,11.56,-0.01,26,30056,卖盘
2769,10:32:51,11.57,--,74,85618,卖盘
2770,10:32:48,11.57,-0.01,4,4628,中性盘
2771,10:32:42,11.58,0.02,40,46320,买盘
2772,10:32:39,11.56,-0.01,16,18496,卖盘
2773,10:32:30,11.57,0.01,2,2314,买盘
2774,10:32:27,11.56,--,26,30056,卖盘
2775,10:32:24,11.56,--,90,104802,买盘
2776,10:32:18,11.56,--,7,8485,卖盘
2777,10:32:15,11.56,--,36,41616,卖盘
2778,10:32:09,11.56,--,600,693600,卖盘
2779,10:32:03,11.56,-0.01,6,6936,卖盘
2780,10:32:00,11.57,0.01,2,2314,买盘
2781,10:31:57,11.56,--,10,11560,卖盘
2782,10:31:30,11.56,-0.02,10,11560,卖盘
2783,10:31:24,11.58,0.02,3,3474,买盘
2784,10:31:21,11.56,-0.02,7,8092,卖盘
2785,10:31:12,11.58,0.02,254,294132,买盘
2786,10:31:06,11.56,-0.02,20,23120,卖盘
2787,10:30:51,11.58,0.02,2,2316,买盘
2788,10:30:48,11.56,-0.02,231,267036,卖盘
2789,10:30:42,11.58,0.01,10,11580,买盘
2790,10:30:39,11.57,--,6,6942,买盘
2791,10:30:36,11.57,-0.01,177,204789,卖盘
2792,10:30:33,11.58,0.01,14,16212,买盘
2793,10:30:27,11.57,-0.01,7,8099,卖盘
2794,10:30:21,11.58,0.01,8,9264,买盘
2795,10:30:18,11.57,--,21,24297,卖盘
2796,10:30:12,11.57,-0.01,1,1157,卖盘
2797,10:30:03,11.58,--,8,9264,买盘
2798,10:29:57,11.58,0.01,2,2316,买盘
2799,10:29:54,11.57,--,19,21983,卖盘
2800,10:29:51,11.57,0.01,7,8099,中性盘
2801,10:29:45,11.56,--,5,5780,卖盘
2802,10:29:33,11.56,--,6,6936,卖盘
2803,10:29:30,11.56,-0.02,302,349112,卖盘
2804,10:29:27,11.58,0.01,4,4632,买盘
2805,10:29:24,11.57,--,5,5785,卖盘
2806,10:29:12,11.57,-0.01,30,34710,卖盘
2807,10:29:09,11.58,0.01,51,59058,买盘
