,time,price,change,volume,amount,type
0,15:00:03,10.51,--,1407,1479177,卖盘
1,14:57:00,10.51,-0.01,49,51499,卖盘
2,14:56:57,10.52,-0.01,7,7364,中性盘
3,14:56:54,10.53,0.02,21,22113,买盘
4,14:56:51,10.51,--,5,5255,卖盘
5,14:56:48,10.51,-0.01,82,86182,卖盘
6,14:56:45,10.52,--,58,61016,卖盘
7,14:56:42,10.52,0.01,171,179892,买盘
8,14:56:39,10.51,--,25,26275,卖盘
9,14:56:33,10.51,--,29,30479,卖盘
10,14:56:30,10.51,--,200,210200,卖盘
11,14:56:27,10.51,-0.01,95,99845,卖盘
12,14:56:24,10.52,--,24,25248,买盘
13,14:56:21,10.52,--,9,9468,买盘
14,14:56:18,10.52,0.01,14,14728,买盘
15,14:56:15,10.51,-0.01,3,3153,卖盘
16,14:56:12,10.52,--,40,42080,买盘
17,14:56:09,10.52,0.01,49,51548,买盘
18,14:56:06,10.51,--,5,5255,卖盘
19,14:56:03,10.51,-0.02,30,31530,卖盘
20,14:56:00,10.53,0.02,10,10530,买盘
21,14:55:57,10.51,--,22,23122,卖盘
22,14:55:54,10.51,-0.01,68,71468,卖盘
23,14:55:51,10.52,--,45,47340,卖盘
24,14:55:48,10.52,0.01,22,23144,买盘
25,14:55:45,10.51,--,39,40989,卖盘
26,14:55:42,10.51,--,36,37836,卖盘
27,14:55:39,10.51,--,7,7357,卖盘
28,14:55:36,10.51,--,128,134528,卖盘
29,14:55:33,10.51,--,48,50448,卖盘
30,14:55:30,10.51,--,25,26275,卖盘
31,14:55:27,10.51,--,2,2102,卖盘
32,14:55:24,10.51,-0.02,25,26275,卖盘
33,14:55:21,10.53,--,10,10530,买盘
34,14:55:18,10.53,0.02,42,44226,买盘
35,14:55:12,10.51,-0.01,55,57805,卖盘
36,14:55:09,10.52,0.01,15,15780,卖盘
37,14:55:06,10.51,-0.02,300,315300,卖盘
38,14:55:03,10.53,-0.01,36,37908,中性盘
39,14:54:54,10.54,0.02,89,93805,买盘
40,14:54:48,10.52,--,130,136760,卖盘
41,14:54:45,10.52,-0.02,24,25248,卖盘
42,14:54:42,10.54,--,36,37944,买盘
43,14:54:36,10.54,0.03,27,28457,买盘
44,14:54:33,10.51,-0.03,4,4204,卖盘
45,14:54:30,10.54,0.02,288,303552,买盘
46,14:54:27,10.52,-0.01,84,88368,卖盘
47,14:54:24,10.53,-0.01,26,27378,卖盘
48,14:54:18,10.54,--,50,52699,买盘
49,14:54:12,10.54,0.02,43,45321,买盘
50,14:54:09,10.52,--,15,15780,卖盘
51,14:54:06,10.52,--,55,57860,卖盘
52,14:54:03,10.52,-0.02,69,72588,卖盘
53,14:54:00,10.54,--,137,144398,买盘
54,14:53:45,10.54,0.01,72,75888,买盘
55,14:53:42,10.53,--,1,1053,买盘
56,14:53:39,10.53,0.02,38,40014,中性盘
57,14:53:33,10.51,-0.03,5,5255,卖盘
58,14:53:30,10.54,0.02,193,203421,买盘
59,14:53:27,10.52,0.01,2,2104,中性盘
60,14:53:12,10.51,-0.04,1413,1485693,卖盘
61,14:53:09,10.55,0.02,69,72795,买盘
62,14:53:03,10.53,-0.01,383,403299,卖盘
63,14:53:00,10.54,0.01,113,119101,买盘
64,14:52:57,10.53,-0.01,41,43173,卖盘
65,14:52:54,10.54,--,78,82212,买盘
66,14:52:48,10.54,0.01,3,3161,买盘
67,14:52:45,10.53,--,33,34749,卖盘
68,14:52:39,10.53,-0.01,2,2106,卖盘
69,14:52:36,10.54,0.01,30,31619,买盘
70,14:52:33,10.53,-0.01,15,15794,卖盘
71,14:52:30,10.54,0.01,97,102237,买盘
72,14:52:27,10.53,--,1,1053,卖盘
73,14:52:24,10.53,-0.01,100,105300,卖盘
74,14:52:21,10.54,--,2,2108,买盘
75,14:52:18,10.54,--,48,50591,买盘
76,14:52:15,10.54,--,22,23187,卖盘
77,14:52:12,10.54,0.01,145,152830,买盘
78,14:52:06,10.53,--,17,17901,卖盘
79,14:52:03,10.53,-0.01,24,25272,卖盘
80,14:52:00,10.54,--,98,103291,买盘
81,14:51:48,10.54,--,22,23187,买盘
82,14:51:45,10.54,--,25,26349,卖盘
83,14:51:42,10.54,--,1,1054,卖盘
84,14:51:39,10.54,0.01,10,10540,买盘
85,14:51:33,10.53,-0.02,23,24219,卖盘
86,14:51:30,10.55,0.01,98,103390,买盘
87,14:51:27,10.54,--,103,108561,买盘
88,14:51:24,10.54,0.01,10,10540,买盘
89,14:51:21,10.53,--,1,1053,卖盘
90,14:51:15,10.53,--,13,13689,卖盘
91,14:51:12,10.53,--,116,122147,卖盘
92,14:51:03,10.53,-0.01,38,40014,卖盘
93,14:51:00,10.54,0.02,98,103291,买盘
94,14:50:54,10.52,--,28,29456,卖盘
95,14:50:51,10.52,-0.01,69,72588,卖盘
96,14:50:36,10.53,0.01,25,26325,买盘
97,14:50:33,10.52,-0.02,140,147280,卖盘
98,14:50:30,10.54,--,98,103291,买盘
99,14:50:27,10.54,0.01,89,93805,买盘
100,14:50:24,10.53,--,18,18954,卖盘
101,14:50:21,10.53,0.01,1,1053,中性盘
102,14:50:06,10.52,-0.01,80,84160,卖盘
103,14:50:03,10.53,-0.01,10,10530,中性盘
104,14:50:00,10.54,--,111,117352,买盘
105,14:49:57,10.54,0.01,20,21080,买盘
106,14:49:54,10.53,--,15,15794,卖盘
107,14:49:51,10.53,-0.01,6,6318,卖盘
108,14:49:42,10.54,0.01,104,110311,买盘
109,14:49:39,10.53,--,374,393822,买盘
110,14:49:36,10.53,--,830,873990,卖盘
111,14:49:33,10.53,-0.02,6,6318,卖盘
112,14:49:30,10.55,0.02,99,104445,买盘
113,14:49:27,10.53,-0.02,20,21060,卖盘
114,14:49:24,10.55,0.01,28,29540,买盘
115,14:49:21,10.54,--,121,127533,卖盘
116,14:49:18,10.54,0.01,31,32673,买盘
117,14:49:15,10.53,-0.01,16,16848,卖盘
118,14:49:12,10.54,0.01,1,1054,买盘
119,14:49:09,10.53,--,5,5265,卖盘
120,14:49:03,10.53,-0.02,4,4212,卖盘
121,14:49:00,10.55,--,122,128710,买盘
122,14:48:57,10.55,--,9,9495,买盘
123,14:48:54,10.55,0.01,10,10550,买盘
124,14:48:51,10.54,-0.01,42,44268,卖盘
125,14:48:39,10.55,--,91,96005,买盘
126,14:48:36,10.55,0.01,10,10550,买盘
127,14:48:33,10.54,-0.01,4,4216,卖盘
128,14:48:30,10.55,0.01,219,231045,买盘
129,14:48:27,10.54,-0.01,1,1054,卖盘
130,14:48:24,10.55,0.01,44,46420,买盘
131,14:48:21,10.54,-0.01,95,100129,卖盘
132,14:48:18,10.55,--,44,46420,买盘
133,14:48:15,10.55,--,46,48530,买盘
134,14:48:09,10.55,--,10,10550,买盘
135,14:48:06,10.55,0.01,15,15825,买盘
136,14:48:03,10.54,-0.01,38,40052,卖盘
137,14:48:00,10.55,--,98,103390,买盘
138,14:47:54,10.55,--,73,77015,买盘
139,14:47:51,10.55,0.01,8,8440,买盘
140,14:47:48,10.54,--,4,4216,卖盘
141,14:47:33,10.54,-0.01,20,21080,卖盘
142,14:47:30,10.55,0.01,196,206780,买盘
143,14:47:27,10.54,--,91,95913,买盘
144,14:47:24,10.54,-0.01,8,8432,卖盘
145,14:47:21,10.55,--,275,290314,卖盘
146,14:47:18,10.55,--,16,16880,卖盘
147,14:47:09,10.55,--,45,47475,卖盘
148,14:47:03,10.55,-0.01,17,17935,卖盘
149,14:47:00,10.56,0.01,98,103488,买盘
150,14:46:57,10.55,--,481,508320,卖盘
151,14:46:54,10.55,--,123,129765,卖盘
152,14:46:51,10.55,--,30,31650,卖盘
153,14:46:48,10.55,--,10,10550,卖盘
154,14:46:45,10.55,--,9,9495,卖盘
155,14:46:42,10.55,--,78,82290,卖盘
156,14:46:33,10.55,-0.01,15,15825,卖盘
157,14:46:30,10.56,0.01,119,125664,买盘
158,14:46:24,10.55,--,20,21100,卖盘
159,14:46:18,10.55,--,30,31650,卖盘
160,14:46:15,10.55,--,2,2110,卖盘
161,14:46:06,10.55,0.02,93,98115,买盘
162,14:46:03,10.53,-0.02,4,4212,卖盘
163,14:46:00,10.55,0.01,98,103390,买盘
164,14:45:54,10.54,-0.01,75,79050,卖盘
165,14:45:48,10.55,0.02,114,120270,买盘
166,14:45:42,10.53,-0.02,20,21060,卖盘
167,14:45:36,10.55,--,46,48530,买盘
168,14:45:33,10.55,--,144,151920,买盘
169,14:45:30,10.55,0.02,98,103390,买盘
170,14:45:27,10.53,--,9,9477,卖盘
171,14:45:24,10.53,--,14,14742,卖盘
172,14:45:21,10.53,--,58,61073,卖盘
173,14:45:15,10.53,-0.01,27,28431,卖盘
174,14:45:09,10.54,--,30,31619,买盘
175,14:45:06,10.54,0.01,1,1054,买盘
176,14:45:03,10.53,-0.01,38,40014,卖盘
177,14:45:00,10.54,--,98,103291,买盘
178,14:44:57,10.54,-0.01,1,1054,卖盘
179,14:44:45,10.55,0.01,164,173020,中性盘
180,14:44:33,10.54,-0.02,4,4216,卖盘
181,14:44:30,10.56,--,232,244992,买盘
182,14:44:27,10.56,--,25,26400,买盘
183,14:44:24,10.56,--,67,70752,买盘
184,14:44:21,10.56,--,3,3168,买盘
185,14:44:09,10.56,0.03,40,42240,买盘
186,14:44:03,10.53,-0.03,4,4212,卖盘
187,14:44:00,10.56,0.02,100,105600,买盘
188,14:43:57,10.54,0.01,61,64293,买盘
189,14:43:54,10.53,--,20,21060,卖盘
190,14:43:51,10.53,-0.01,50,52650,卖盘
191,14:43:45,10.54,--,11,11593,买盘
192,14:43:42,10.54,0.01,28,29511,买盘
193,14:43:39,10.53,--,108,113724,卖盘
194,14:43:33,10.53,-0.01,9,9477,卖盘
195,14:43:30,10.54,--,228,240311,买盘
196,14:43:21,10.54,-0.01,59,62185,卖盘
197,14:43:18,10.55,0.01,134,141370,买盘
198,14:43:15,10.54,--,5,5270,卖盘
199,14:43:09,10.54,--,8,8432,买盘
200,14:43:06,10.54,--,34,35836,卖盘
201,14:43:03,10.54,-0.01,4,4216,卖盘
202,14:43:00,10.55,0.01,98,103390,买盘
203,14:42:57,10.54,-0.01,3,3161,中性盘
204,14:42:51,10.55,0.02,14,14770,买盘
205,14:42:45,10.53,-0.02,50,52650,卖盘
206,14:42:42,10.55,0.02,30,31650,买盘
207,14:42:33,10.53,-0.02,15,15794,卖盘
208,14:42:30,10.55,0.01,98,103390,买盘
209,14:42:27,10.54,--,5,5270,买盘
210,14:42:24,10.54,--,48,50591,买盘
211,14:42:21,10.54,--,4,4216,买盘
212,14:42:18,10.54,-0.02,5,5270,卖盘
213,14:42:15,10.56,0.03,53,55968,买盘
214,14:42:03,10.53,-0.03,4,4212,卖盘
215,14:42:00,10.56,0.03,98,103488,买盘
216,14:41:51,10.53,-0.01,21,22113,卖盘
217,14:41:45,10.54,-0.01,30,31619,卖盘
218,14:41:42,10.55,-0.01,11,11605,中性盘
219,14:41:33,10.56,--,8,8448,买盘
220,14:41:30,10.56,0.03,98,103488,买盘
221,14:41:27,10.53,-0.01,50,52650,卖盘
222,14:41:21,10.54,--,17,17918,买盘
223,14:41:18,10.54,--,1,1054,买盘
224,14:41:15,10.54,-0.02,109,114885,卖盘
225,14:41:12,10.56,0.02,47,49632,买盘
226,14:41:09,10.54,--,134,141236,卖盘
227,14:41:03,10.54,-0.02,4,4216,卖盘
228,14:41:00,10.56,0.02,103,108768,买盘
229,14:40:51,10.54,-0.01,1,1054,卖盘
230,14:40:48,10.55,0.01,11,11605,买盘
231,14:40:45,10.54,--,62,65347,卖盘
232,14:40:42,10.54,-0.01,10,10540,卖盘
233,14:40:39,10.55,--,4,4220,买盘
234,14:40:33,10.55,-0.01,38,40090,卖盘
235,14:40:30,10.56,--,119,125664,买盘
236,14:40:27,10.56,0.01,198,209088,买盘
237,14:40:24,10.55,--,12,12660,买盘
238,14:40:21,10.55,0.01,77,81235,买盘
239,14:40:06,10.54,-0.01,1,1054,卖盘
240,14:40:03,10.55,--,10,10550,买盘
241,14:40:00,10.55,--,118,124490,买盘
242,14:39:51,10.55,-0.01,51,53805,买盘
243,14:39:48,10.56,0.02,4,4224,买盘
244,14:39:45,10.54,-0.02,63,66402,卖盘
245,14:39:42,10.56,0.02,65,68640,买盘
246,14:39:33,10.54,-0.02,162,170748,卖盘
247,14:39:30,10.56,0.01,98,103488,买盘
248,14:39:21,10.55,--,1,1055,买盘
249,14:39:18,10.55,-0.01,10,10550,卖盘
250,14:39:09,10.56,0.02,44,46464,买盘
251,14:39:03,10.54,-0.02,4,4216,卖盘
252,14:39:00,10.56,0.01,104,109824,买盘
253,14:38:57,10.55,--,6,6330,卖盘
254,14:38:42,10.55,-0.01,76,80180,卖盘
255,14:38:39,10.56,--,4,4224,买盘
256,14:38:36,10.56,0.01,300,316800,买盘
257,14:38:33,10.55,-0.01,4,4220,卖盘
258,14:38:30,10.56,--,98,103488,买盘
259,14:38:27,10.56,--,1,1056,买盘
260,14:38:24,10.56,0.01,100,105600,买盘
261,14:38:21,10.55,--,3,3165,卖盘
262,14:38:18,10.55,--,2,2110,卖盘
263,14:38:15,10.55,--,51,53805,卖盘
264,14:38:09,10.55,--,87,91785,卖盘
265,14:38:03,10.55,-0.01,19,20045,卖盘
266,14:38:00,10.56,0.01,128,135168,买盘
267,14:37:57,10.55,-0.01,8,8440,卖盘
268,14:37:54,10.56,0.01,1,1056,买盘
269,14:37:51,10.55,-0.01,5,5275,卖盘
270,14:37:48,10.56,--,60,63360,买盘
271,14:37:42,10.56,0.01,66,69696,买盘
272,14:37:36,10.55,--,2,2110,卖盘
273,14:37:33,10.55,-0.01,5,5275,卖盘
274,14:37:30,10.56,--,100,105600,买盘
275,14:37:27,10.56,--,1,1056,买盘
276,14:37:24,10.56,--,15,15840,买盘
277,14:37:18,10.56,--,5,5280,买盘
278,14:37:15,10.56,0.01,1,1056,买盘
279,14:37:12,10.55,-0.01,1,1055,卖盘
280,14:37:09,10.56,0.01,50,52800,买盘
281,14:37:03,10.55,-0.01,8,8440,卖盘
282,14:37:00,10.56,--,326,344256,买盘
283,14:36:54,10.56,--,24,25344,买盘
284,14:36:51,10.56,--,4,4224,买盘
285,14:36:48,10.56,--,66,69696,买盘
286,14:36:42,10.56,--,10,10560,买盘
287,14:36:39,10.56,--,21,22176,买盘
288,14:36:36,10.56,0.01,30,31680,买盘
289,14:36:33,10.55,-0.01,127,133985,卖盘
290,14:36:30,10.56,--,103,108768,买盘
291,14:36:21,10.56,--,1,1056,买盘
292,14:36:18,10.56,--,1,1056,买盘
293,14:36:12,10.56,--,10,10560,买盘
294,14:36:09,10.56,0.01,32,33792,买盘
295,14:36:03,10.55,-0.02,253,266915,卖盘
296,14:36:00,10.57,0.01,98,103586,买盘
297,14:35:51,10.56,-0.01,104,109824,卖盘
298,14:35:45,10.57,--,11,11627,买盘
299,14:35:42,10.57,0.01,1,1057,买盘
300,14:35:39,10.56,--,30,31680,卖盘
301,14:35:33,10.56,-0.01,14,14784,卖盘
302,14:35:30,10.57,--,109,115213,买盘
303,14:35:24,10.57,--,163,172291,买盘
304,14:35:18,10.57,0.01,201,212457,买盘
305,14:35:15,10.56,-0.01,47,49632,卖盘
306,14:35:12,10.57,0.01,10,10570,买盘
307,14:35:03,10.56,-0.01,5,5280,卖盘
308,14:35:00,10.57,--,98,103586,买盘
309,14:34:57,10.57,0.01,9,9513,买盘
310,14:34:54,10.56,0.01,25,26400,买盘
311,14:34:48,10.55,-0.01,1,1055,卖盘
312,14:34:45,10.56,-0.01,20,21120,卖盘
313,14:34:42,10.57,--,170,179690,买盘
314,14:34:33,10.57,--,102,107814,买盘
315,14:34:27,10.57,--,1,1057,买盘
316,14:34:24,10.57,--,112,118384,买盘
317,14:34:21,10.57,0.01,51,53907,买盘
318,14:34:15,10.56,--,1,1056,买盘
319,14:34:09,10.56,--,16,16896,卖盘
320,14:34:03,10.56,-0.01,4,4224,卖盘
321,14:34:00,10.57,--,98,103586,买盘
322,14:33:54,10.57,--,155,163835,买盘
323,14:33:51,10.57,--,27,28539,买盘
324,14:33:48,10.57,--,1,1057,买盘
325,14:33:45,10.57,--,36,38052,买盘
326,14:33:42,10.57,0.01,2,2114,买盘
327,14:33:39,10.56,--,7,7392,卖盘
328,14:33:33,10.56,-0.01,4,4224,中性盘
329,14:33:30,10.57,0.01,99,104643,买盘
330,14:33:21,10.56,0.01,8,8448,买盘
331,14:33:18,10.55,-0.01,21,22155,卖盘
332,14:33:15,10.56,--,1,1056,买盘
333,14:33:12,10.56,--,21,22176,买盘
334,14:33:09,10.56,-0.01,75,79200,卖盘
335,14:33:03,10.57,--,46,48622,买盘
336,14:33:00,10.57,--,168,177576,买盘
337,14:32:57,10.57,--,12,12684,买盘
338,14:32:42,10.57,0.01,1,1057,买盘
339,14:32:39,10.56,0.01,4,4224,中性盘
340,14:32:33,10.55,-0.02,5,5275,卖盘
341,14:32:30,10.57,0.01,211,223027,买盘
342,14:32:27,10.56,--,8,8448,买盘
343,14:32:24,10.56,0.01,1,1056,买盘
344,14:32:18,10.55,-0.01,8,8440,卖盘
345,14:32:12,10.56,--,1,1056,买盘
346,14:32:09,10.56,0.01,46,48576,买盘
347,14:32:03,10.55,-0.01,10,10550,卖盘
348,14:32:00,10.56,--,97,102432,买盘
349,14:31:54,10.56,--,2,2112,买盘
350,14:31:48,10.56,--,4,4224,买盘
351,14:31:45,10.56,--,51,53856,买盘
352,14:31:42,10.56,--,1,1056,买盘
353,14:31:39,10.56,0.01,80,84480,买盘
354,14:31:36,10.55,--,20,21100,卖盘
355,14:31:33,10.55,-0.01,8,8440,卖盘
356,14:31:30,10.56,--,108,114048,买盘
357,14:31:18,10.56,--,320,337920,买盘
358,14:31:15,10.56,0.02,37,39072,买盘
359,14:31:09,10.54,--,10,10540,卖盘
360,14:31:03,10.54,-0.02,4,4216,卖盘
361,14:31:00,10.56,0.02,98,103488,买盘
362,14:30:57,10.54,-0.01,41,43214,卖盘
363,14:30:48,10.55,-0.01,45,47475,卖盘
364,14:30:45,10.56,--,50,52800,卖盘
365,14:30:33,10.56,-0.01,4,4224,卖盘
366,14:30:30,10.57,--,119,125783,买盘
367,14:30:27,10.57,--,4,4228,买盘
368,14:30:24,10.57,--,2,2114,买盘
369,14:30:21,10.57,--,55,58135,买盘
370,14:30:15,10.57,0.01,96,101472,买盘
371,14:30:12,10.56,0.02,1,1056,买盘
372,14:30:03,10.54,-0.03,720,758879,卖盘
373,14:30:00,10.57,0.01,158,167006,买盘
374,14:29:57,10.56,--,4,4224,买盘
375,14:29:54,10.56,--,8,8448,买盘
376,14:29:48,10.56,--,46,48576,买盘
377,14:29:45,10.56,--,55,58080,买盘
378,14:29:42,10.56,--,4,4224,买盘
379,14:29:36,10.56,0.01,36,38016,买盘
380,14:29:33,10.55,-0.02,4,4220,卖盘
381,14:29:30,10.57,0.01,98,103586,买盘
382,14:29:27,10.56,--,1,1056,买盘
383,14:29:24,10.56,--,83,87648,买盘
384,14:29:18,10.56,--,27,28512,买盘
385,14:29:15,10.56,-0.01,5,5280,卖盘
386,14:29:12,10.57,--,21,22197,买盘
387,14:29:06,10.57,0.02,39,41223,买盘
388,14:29:03,10.55,-0.02,4,4220,卖盘
389,14:29:00,10.57,--,98,103586,买盘
390,14:28:48,10.57,--,48,50736,买盘
391,14:28:33,10.57,0.01,325,343525,买盘
392,14:28:30,10.56,-0.01,143,151008,卖盘
393,14:28:27,10.57,--,5,5285,买盘
394,14:28:24,10.57,--,5,5285,买盘
395,14:28:21,10.57,--,7,7399,买盘
396,14:28:15,10.57,--,114,120498,买盘
397,14:28:12,10.57,--,1,1057,买盘
398,14:28:09,10.57,0.01,82,86674,买盘
399,14:28:06,10.56,--,10,10560,卖盘
400,14:28:03,10.56,-0.01,4,4224,卖盘
401,14:28:00,10.57,0.01,98,103586,买盘
402,14:27:57,10.56,--,100,105600,卖盘
403,14:27:51,10.56,--,104,109824,卖盘
404,14:27:42,10.56,--,14,14784,卖盘
405,14:27:33,10.56,-0.01,61,64416,卖盘
406,14:27:30,10.57,0.01,100,105700,买盘
407,14:27:24,10.56,0.01,178,187968,买盘
408,14:27:21,10.55,-0.01,10,10550,卖盘
409,14:27:15,10.56,--,13,13728,买盘
410,14:27:12,10.56,--,200,211200,买盘
411,14:27:09,10.56,0.01,61,64416,买盘
412,14:27:03,10.55,-0.01,43,45365,卖盘
413,14:27:00,10.56,--,221,233376,买盘
414,14:26:57,10.56,--,19,20064,买盘
415,14:26:54,10.56,--,11,11616,买盘
416,14:26:48,10.56,--,30,31680,买盘
417,14:26:42,10.56,--,1,1056,买盘
418,14:26:39,10.56,0.01,15,15840,买盘
419,14:26:33,10.55,-0.01,262,276410,卖盘
420,14:26:30,10.56,--,98,103488,买盘
421,14:26:27,10.56,0.01,63,66528,买盘
422,14:26:18,10.55,--,41,43255,卖盘
423,14:26:15,10.55,-0.01,111,117105,卖盘
424,14:26:09,10.56,0.01,90,95040,买盘
425,14:26:03,10.55,-0.01,9,9495,卖盘
426,14:26:00,10.56,0.01,108,114048,买盘
427,14:25:57,10.55,--,26,27430,卖盘
428,14:25:33,10.55,-0.01,34,35870,卖盘
429,14:25:30,10.56,--,150,158400,买盘
430,14:25:27,10.56,0.01,1,1056,买盘
431,14:25:24,10.55,-0.01,10,10550,卖盘
432,14:25:15,10.56,0.01,1,1056,买盘
433,14:25:09,10.55,0.01,20,21100,中性盘
434,14:25:03,10.54,-0.02,7,7377,卖盘
435,14:25:00,10.56,0.01,167,176352,买盘
436,14:24:51,10.55,--,10,10550,买盘
437,14:24:48,10.55,0.01,32,33760,买盘
438,14:24:45,10.54,--,17,17918,卖盘
439,14:24:42,10.54,-0.01,13,13701,卖盘
440,14:24:36,10.55,0.01,20,21100,买盘
441,14:24:33,10.54,-0.01,4,4216,卖盘
442,14:24:30,10.55,--,115,121325,买盘
443,14:24:27,10.55,-0.01,16,16880,卖盘
444,14:24:24,10.56,0.01,3,3168,买盘
445,14:24:21,10.55,--,14,14770,卖盘
446,14:24:15,10.55,--,23,24265,买盘
447,14:24:09,10.55,0.01,112,118160,买盘
448,14:24:03,10.54,-0.01,4,4216,卖盘
449,14:24:00,10.55,--,104,109720,买盘
450,14:23:57,10.55,-0.01,5,5275,卖盘
451,14:23:48,10.56,0.01,23,24288,买盘
452,14:23:45,10.55,--,20,21100,卖盘
453,14:23:42,10.55,0.01,1,1055,卖盘
454,14:23:36,10.54,--,388,408951,卖盘
455,14:23:33,10.54,-0.02,4,4216,卖盘
456,14:23:30,10.56,0.01,98,103488,买盘
457,14:23:27,10.55,0.01,1,1055,买盘
458,14:23:18,10.54,--,4,4216,卖盘
459,14:23:15,10.54,-0.01,24,25295,卖盘
460,14:23:12,10.55,--,29,30595,买盘
461,14:23:09,10.55,--,34,35870,买盘
462,14:23:06,10.55,--,181,190955,卖盘
463,14:23:03,10.55,--,102,107610,卖盘
464,14:23:00,10.55,-0.01,12,12660,卖盘
465,14:22:54,10.56,--,15,15840,买盘
466,14:22:48,10.56,--,13,13728,买盘
467,14:22:45,10.56,--,10,10560,买盘
468,14:22:42,10.56,--,13,13728,买盘
469,14:22:33,10.56,--,33,34848,买盘
470,14:22:30,10.56,--,118,124608,买盘
471,14:22:27,10.56,--,104,109824,买盘
472,14:22:24,10.56,--,2,2112,买盘
473,14:22:21,10.56,--,1,1056,买盘
474,14:22:18,10.56,--,26,27456,买盘
475,14:22:15,10.56,--,13,13728,买盘
476,14:22:12,10.56,0.01,1,1056,买盘
477,14:22:06,10.55,--,209,220495,卖盘
478,14:22:03,10.55,--,5,5275,买盘
479,14:22:00,10.55,0.01,127,133985,买盘
480,14:21:54,10.54,-0.01,216,227663,卖盘
481,14:21:51,10.55,--,5,5275,买盘
482,14:21:45,10.55,--,60,63300,买盘
483,14:21:42,10.55,0.01,251,264805,买盘
484,14:21:33,10.54,-0.01,4,4216,卖盘
485,14:21:30,10.55,--,116,122380,买盘
486,14:21:27,10.55,0.01,11,11605,买盘
487,14:21:21,10.54,--,2,2108,卖盘
488,14:21:18,10.54,--,5,5270,卖盘
489,14:21:15,10.54,-0.01,151,159154,卖盘
490,14:21:12,10.55,--,80,84400,买盘
491,14:21:09,10.55,0.01,5,5275,买盘
492,14:21:03,10.54,-0.01,4,4216,卖盘
493,14:21:00,10.55,0.01,101,106555,买盘
494,14:20:48,10.54,--,64,67456,买盘
495,14:20:45,10.54,--,50,52699,买盘
496,14:20:42,10.54,0.01,49,51645,买盘
497,14:20:39,10.53,--,1,1053,卖盘
498,14:20:33,10.53,-0.01,4,4212,卖盘
499,14:20:30,10.54,0.01,98,103291,买盘
500,14:20:27,10.53,-0.01,1,1053,卖盘
501,14:20:21,10.54,--,21,22134,买盘
502,14:20:12,10.54,--,260,274040,买盘
503,14:20:06,10.54,0.01,28,29511,买盘
504,14:20:03,10.53,-0.01,5,5265,卖盘
505,14:20:00,10.54,0.01,101,106453,买盘
506,14:19:45,10.53,-0.02,6,6318,卖盘
507,14:19:36,10.55,0.02,75,79125,买盘
508,14:19:33,10.53,-0.02,4,4212,卖盘
509,14:19:30,10.55,0.02,97,102335,买盘
510,14:19:27,10.53,--,5,5265,卖盘
511,14:19:24,10.53,-0.01,10,10530,卖盘
512,14:19:21,10.54,0.01,14,14755,买盘
513,14:19:18,10.53,--,8,8424,卖盘
514,14:19:15,10.53,-0.01,10,10530,卖盘
515,14:19:12,10.54,--,1,1054,买盘
516,14:19:09,10.54,--,2,2108,买盘
517,14:19:06,10.54,0.01,2,2108,买盘
518,14:19:03,10.53,-0.01,37,38961,中性盘
519,14:19:00,10.54,--,129,135966,买盘
520,14:18:57,10.54,0.01,1,1054,买盘
521,14:18:54,10.53,--,10,10530,卖盘
522,14:18:51,10.53,-0.01,1,1053,卖盘
523,14:18:45,10.54,--,73,76942,买盘
524,14:18:42,10.54,0.01,1,1054,买盘
525,14:18:39,10.53,0.01,20,21060,卖盘
526,14:18:33,10.52,-0.02,4,4208,卖盘
527,14:18:30,10.54,0.01,98,103291,买盘
528,14:18:27,10.53,0.01,1,1053,买盘
529,14:18:15,10.52,-0.02,109,114668,卖盘
530,14:18:12,10.54,0.01,1,1054,买盘
531,14:18:06,10.53,--,5,5265,卖盘
532,14:18:03,10.53,-0.01,14,14742,卖盘
533,14:18:00,10.54,0.01,98,103291,买盘
534,14:17:54,10.53,-0.01,10,10530,卖盘
535,14:17:51,10.54,--,56,59023,买盘
536,14:17:45,10.54,0.01,47,49537,买盘
537,14:17:42,10.53,-0.01,45,47385,卖盘
538,14:17:33,10.54,--,56,59023,买盘
539,14:17:30,10.54,--,98,103291,买盘
540,14:17:24,10.54,0.01,1,1054,买盘
541,14:17:21,10.53,-0.01,10,10530,卖盘
542,14:17:15,10.54,--,51,53753,买盘
543,14:17:09,10.54,0.01,1,1054,买盘
544,14:17:06,10.53,--,11,11583,卖盘
545,14:17:03,10.53,-0.01,4,4212,卖盘
546,14:17:00,10.54,--,97,102237,买盘
547,14:16:51,10.54,--,64,67456,买盘
548,14:16:48,10.54,--,28,29511,买盘
549,14:16:42,10.54,0.01,25,26349,买盘
550,14:16:39,10.53,--,7,7371,买盘
551,14:16:36,10.53,--,25,26325,买盘
552,14:16:33,10.53,--,28,29484,买盘
553,14:16:30,10.53,--,98,103194,买盘
554,14:16:27,10.53,--,1,1053,买盘
555,14:16:21,10.53,--,18,18954,买盘
556,14:16:18,10.53,--,4,4212,买盘
557,14:16:15,10.53,-0.02,56,58968,卖盘
558,14:16:12,10.55,0.02,21,22155,买盘
559,14:16:09,10.53,--,11,11583,卖盘
560,14:16:06,10.53,--,1,1053,卖盘
561,14:16:03,10.53,-0.02,4,4212,卖盘
562,14:16:00,10.55,0.01,116,122380,买盘
563,14:15:51,10.54,0.01,1,1054,买盘
564,14:15:48,10.53,-0.01,1,1053,卖盘
565,14:15:42,10.54,0.01,85,89590,买盘
566,14:15:39,10.53,-0.01,4,4212,卖盘
567,14:15:36,10.54,0.01,40,42160,买盘
568,14:15:33,10.53,-0.01,29,30536,卖盘
569,14:15:30,10.54,--,136,143344,买盘
570,14:15:21,10.54,0.01,2,2108,买盘
571,14:15:18,10.53,-0.01,1,1053,卖盘
572,14:15:12,10.54,0.01,1,1054,买盘
573,14:15:03,10.53,-0.01,9,9477,卖盘
574,14:15:00,10.54,--,98,103291,买盘
575,14:14:48,10.54,--,10,10540,买盘
576,14:14:45,10.54,--,9,9486,买盘
577,14:14:42,10.54,0.01,24,25295,买盘
578,14:14:39,10.53,--,63,66339,卖盘
579,14:14:33,10.53,-0.01,9,9477,卖盘
580,14:14:30,10.54,0.01,103,108561,买盘
581,14:14:27,10.53,-0.01,1,1053,卖盘
582,14:14:21,10.54,0.01,76,80104,买盘
583,14:14:18,10.53,--,1,1053,卖盘
584,14:14:12,10.53,--,2,2106,卖盘
585,14:14:03,10.53,-0.01,4,4212,卖盘
586,14:14:00,10.54,--,102,107507,买盘
587,14:13:57,10.54,0.01,10,10540,买盘
588,14:13:39,10.53,0.01,2,2106,买盘
589,14:13:33,10.52,-0.02,27,28404,卖盘
590,14:13:30,10.54,--,98,103291,买盘
591,14:13:27,10.54,0.01,11,11593,买盘
592,14:13:24,10.53,-0.01,31,32642,中性盘
593,14:13:12,10.54,0.02,1,1054,买盘
594,14:13:06,10.52,-0.02,4,4208,卖盘
595,14:13:03,10.54,--,90,94859,买盘
596,14:13:00,10.54,0.01,99,104345,买盘
597,14:12:54,10.53,0.01,48,50544,买盘
598,14:12:48,10.52,-0.01,15,15780,卖盘
599,14:12:45,10.53,0.01,30,31589,买盘
600,14:12:39,10.52,-0.01,200,210400,卖盘
601,14:12:36,10.53,--,5,5265,买盘
602,14:12:30,10.53,--,140,147420,买盘
603,14:12:27,10.53,0.01,31,32642,买盘
604,14:12:12,10.52,-0.01,4,4208,卖盘
605,14:12:09,10.53,0.01,10,10530,买盘
606,14:12:06,10.52,-0.01,80,84160,卖盘
607,14:12:00,10.53,--,98,103194,买盘
608,14:11:57,10.53,0.01,30,31589,买盘
609,14:11:54,10.52,-0.02,44,46288,卖盘
610,14:11:48,10.54,-0.01,4,4216,卖盘
611,14:11:42,10.55,--,2,2110,买盘
612,14:11:36,10.55,--,40,42200,买盘
613,14:11:30,10.55,--,97,102335,买盘
614,14:11:27,10.55,--,4,4220,买盘
615,14:11:18,10.55,--,85,89675,买盘
616,14:11:12,10.55,--,1,1055,买盘
617,14:11:09,10.55,--,26,27430,买盘
618,14:11:00,10.55,0.01,98,103390,买盘
619,14:10:48,10.54,--,3,3161,买盘
620,14:10:42,10.54,--,502,529108,买盘
621,14:10:33,10.54,--,62,65347,买盘
622,14:10:30,10.54,0.01,98,103291,买盘
623,14:10:27,10.53,--,2,2106,买盘
624,14:10:24,10.53,--,32,33696,卖盘
625,14:10:21,10.53,--,138,145314,卖盘
626,14:10:15,10.53,-0.01,41,43173,卖盘
627,14:10:12,10.54,0.01,1,1054,买盘
628,14:10:06,10.53,-0.01,20,21060,卖盘
629,14:10:03,10.54,--,3,3161,买盘
630,14:10:00,10.54,--,99,104345,买盘
631,14:09:57,10.54,0.01,48,50591,买盘
632,14:09:45,10.53,-0.01,84,88452,卖盘
633,14:09:39,10.54,0.01,1,1054,买盘
634,14:09:36,10.53,--,1,1053,卖盘
635,14:09:33,10.53,-0.01,2,2106,中性盘
636,14:09:30,10.54,0.02,365,384709,买盘
637,14:09:27,10.52,--,107,112564,卖盘
638,14:09:18,10.52,-0.02,25,26300,卖盘
639,14:09:12,10.54,--,6,6323,买盘
640,14:09:09,10.54,0.02,85,89590,买盘
641,14:09:03,10.52,-0.02,112,117824,卖盘
642,14:09:00,10.54,0.01,97,102237,买盘
643,14:08:57,10.53,0.01,20,21060,买盘
644,14:08:45,10.52,--,12,12624,卖盘
645,14:08:39,10.52,-0.01,41,43132,卖盘
646,14:08:36,10.53,0.01,8,8424,买盘
647,14:08:33,10.52,-0.01,9,9468,卖盘
648,14:08:30,10.53,-0.01,106,111618,中性盘
649,14:08:21,10.54,--,1,1054,买盘
650,14:08:18,10.54,0.02,48,50591,买盘
651,14:08:12,10.52,-0.02,11,11572,卖盘
652,14:08:09,10.54,0.02,81,85374,买盘
653,14:08:03,10.52,-0.02,109,114668,卖盘
654,14:08:00,10.54,0.01,98,103291,买盘
655,14:07:54,10.53,0.01,11,11583,买盘
656,14:07:48,10.52,--,56,58912,卖盘
657,14:07:45,10.52,--,4,4208,卖盘
658,14:07:42,10.52,--,1,1052,卖盘
659,14:07:36,10.52,-0.02,2,2104,卖盘
660,14:07:30,10.54,0.02,108,113831,买盘
661,14:07:27,10.52,--,1,1052,卖盘
662,14:07:21,10.52,-0.02,5,5260,卖盘
663,14:07:15,10.54,--,1,1054,买盘
664,14:07:12,10.54,0.02,1,1054,买盘
665,14:07:09,10.52,-0.02,11,11572,卖盘
666,14:07:03,10.54,0.02,134,141236,买盘
667,14:06:57,10.52,0.01,5,5260,买盘
668,14:06:48,10.51,--,20,21020,卖盘
669,14:06:42,10.51,--,120,126120,卖盘
670,14:06:33,10.51,-0.01,1,1051,中性盘
671,14:06:30,10.52,--,234,247177,买盘
672,14:06:24,10.52,-0.02,10,10520,中性盘
673,14:06:12,10.54,--,70,73780,买盘
674,14:06:09,10.54,--,1,1054,买盘
675,14:06:00,10.54,0.02,138,145452,买盘
676,14:05:54,10.52,--,5,5260,卖盘
677,14:05:51,10.52,0.01,1,1052,中性盘
678,14:05:45,10.51,-0.01,300,315300,卖盘
679,14:05:42,10.52,-0.02,5,5260,卖盘
680,14:05:30,10.54,0.01,112,118047,买盘
681,14:05:24,10.53,0.01,54,56862,买盘
682,14:05:21,10.52,--,304,319808,卖盘
683,14:05:18,10.52,-0.01,40,42080,卖盘
684,14:05:09,10.53,0.01,19,20007,中性盘
685,14:05:03,10.52,-0.02,60,63120,卖盘
686,14:05:00,10.54,0.01,102,107507,买盘
687,14:04:57,10.53,-0.01,78,82134,卖盘
688,14:04:54,10.54,0.01,85,89590,买盘
689,14:04:48,10.53,--,1,1053,卖盘
690,14:04:45,10.53,-0.01,1,1053,中性盘
691,14:04:30,10.54,0.02,148,155992,买盘
692,14:04:27,10.52,-0.02,104,109408,卖盘
693,14:04:21,10.54,0.01,28,29511,买盘
694,14:04:18,10.53,--,70,73710,买盘
695,14:04:15,10.53,--,1,1053,买盘
696,14:04:12,10.53,--,7,7371,卖盘
697,14:04:09,10.53,0.01,4,4212,中性盘
698,14:04:03,10.52,-0.02,45,47340,卖盘
699,14:04:00,10.54,0.01,157,165478,买盘
700,14:03:57,10.53,0.01,5,5265,卖盘
701,14:03:54,10.52,--,2,2104,卖盘
702,14:03:51,10.52,-0.03,21,22092,卖盘
703,14:03:30,10.55,0.03,126,132930,买盘
704,14:03:27,10.52,-0.03,100,105200,卖盘
705,14:03:24,10.55,0.02,1,1055,买盘
706,14:03:21,10.53,--,2,2106,卖盘
707,14:03:15,10.53,-0.01,300,315900,卖盘
708,14:03:12,10.54,--,243,256121,买盘
709,14:03:09,10.54,--,1,1054,买盘
710,14:03:03,10.54,--,64,67456,买盘
711,14:03:00,10.54,0.01,398,419491,买盘
712,14:02:57,10.53,--,21,22113,卖盘
713,14:02:54,10.53,--,10,10530,卖盘
714,14:02:51,10.53,--,150,157950,卖盘
715,14:02:48,10.53,--,50,52650,卖盘
716,14:02:42,10.53,--,32,33696,卖盘
717,14:02:39,10.53,--,38,40014,卖盘
718,14:02:36,10.53,-0.01,5,5265,卖盘
719,14:02:30,10.54,0.01,98,103291,买盘
720,14:02:27,10.53,-0.01,157,165321,卖盘
721,14:02:24,10.54,--,113,119101,卖盘
722,14:02:18,10.54,-0.01,13,13701,卖盘
723,14:02:12,10.55,--,12,12660,买盘
724,14:02:09,10.55,0.01,32,33760,买盘
725,14:02:06,10.54,-0.01,15,15809,卖盘
726,14:02:03,10.55,--,75,79125,买盘
727,14:02:00,10.55,--,113,119215,买盘
728,14:01:45,10.55,--,15,15825,买盘
729,14:01:39,10.55,--,122,128710,买盘
730,14:01:30,10.55,0.01,124,130820,买盘
731,14:01:12,10.54,--,105,110669,卖盘
732,14:01:09,10.54,--,25,26349,卖盘
733,14:01:06,10.54,-0.01,52,54807,卖盘
734,14:01:00,10.55,--,98,103390,买盘
735,14:00:45,10.55,--,1,1055,买盘
736,14:00:36,10.55,--,18,18990,买盘
737,14:00:33,10.55,-0.01,24,25320,卖盘
738,14:00:30,10.56,0.01,107,112992,买盘
739,14:00:24,10.55,--,36,37980,卖盘
740,14:00:15,10.55,--,10,10550,卖盘
741,14:00:12,10.55,--,3,3165,买盘
742,14:00:09,10.55,-0.01,2,2110,中性盘
743,14:00:00,10.56,0.01,103,108768,买盘
744,13:59:57,10.55,0.01,113,119215,买盘
745,13:59:54,10.54,-0.01,12,12647,卖盘
746,13:59:39,10.55,-0.01,1,1055,中性盘
747,13:59:33,10.56,0.02,98,103488,买盘
748,13:59:30,10.54,-0.01,80,84320,卖盘
749,13:59:27,10.55,0.01,181,190955,买盘
750,13:59:24,10.54,-0.01,3,3161,卖盘
751,13:59:18,10.55,0.01,12,12660,买盘
752,13:59:15,10.54,-0.01,10,10540,卖盘
753,13:59:09,10.55,--,1,1055,买盘
754,13:59:03,10.55,--,22,23210,买盘
755,13:59:00,10.55,0.01,132,139260,买盘
756,13:58:54,10.54,-0.01,128,134912,卖盘
757,13:58:36,10.55,--,10,10550,买盘
758,13:58:30,10.55,0.01,107,112885,买盘
759,13:58:27,10.54,-0.01,62,65347,卖盘
760,13:58:12,10.55,--,1,1055,买盘
761,13:58:09,10.55,0.02,1,1055,中性盘
762,13:58:03,10.53,-0.03,5,5265,卖盘
763,13:58:00,10.56,0.03,98,103488,买盘
764,13:57:54,10.53,--,149,156897,卖盘
765,13:57:45,10.53,--,50,52650,卖盘
766,13:57:39,10.53,-0.01,1,1053,卖盘
767,13:57:33,10.54,-0.02,74,77996,卖盘
768,13:57:30,10.56,0.02,148,156288,买盘
769,13:57:09,10.54,-0.02,6,6323,卖盘
770,13:57:03,10.56,0.02,98,103488,买盘
771,13:56:57,10.54,-0.01,42,44268,卖盘
772,13:56:54,10.55,--,30,31650,卖盘
773,13:56:51,10.55,--,10,10550,卖盘
774,13:56:48,10.55,-0.01,139,146645,卖盘
775,13:56:45,10.56,--,5,5280,买盘
776,13:56:39,10.56,--,54,57024,买盘
777,13:56:30,10.56,0.01,119,125664,买盘
778,13:56:27,10.55,--,1,1055,买盘
779,13:56:24,10.55,0.01,5,5275,买盘
780,13:56:21,10.54,-0.01,50,52699,卖盘
781,13:56:15,10.55,--,24,25320,买盘
782,13:56:12,10.55,--,13,13715,买盘
783,13:56:09,10.55,-0.01,20,21100,中性盘
784,13:56:06,10.56,--,1,1056,买盘
785,13:56:00,10.56,0.01,152,160512,买盘
786,13:55:57,10.55,0.01,259,273245,买盘
787,13:55:51,10.54,--,1,1054,卖盘
788,13:55:48,10.54,--,71,74834,卖盘
789,13:55:45,10.54,-0.01,10,10540,卖盘
790,13:55:42,10.55,--,35,36925,买盘
791,13:55:33,10.55,-0.01,123,129765,卖盘
792,13:55:30,10.56,--,99,104544,买盘
793,13:55:18,10.56,--,48,50688,买盘
794,13:55:15,10.56,--,19,20064,买盘
795,13:55:12,10.56,0.01,9,9504,买盘
796,13:55:09,10.55,-0.01,12,12660,卖盘
797,13:55:06,10.56,--,4,4224,买盘
798,13:55:00,10.56,0.01,132,139392,买盘
799,13:54:57,10.55,--,10,10550,卖盘
800,13:54:54,10.55,--,50,52750,卖盘
801,13:54:51,10.55,-0.01,1,1055,卖盘
802,13:54:45,10.56,--,3,3168,买盘
803,13:54:30,10.56,0.01,98,103488,买盘
804,13:54:24,10.55,0.01,4,4220,买盘
805,13:54:21,10.54,--,179,188665,卖盘
806,13:54:12,10.54,--,10,10540,卖盘
807,13:54:09,10.54,-0.01,58,61131,卖盘
808,13:54:06,10.55,0.01,1,1055,中性盘
809,13:54:03,10.54,-0.01,10,10540,卖盘
810,13:54:00,10.55,--,98,103390,买盘
811,13:53:39,10.55,--,84,88620,买盘
812,13:53:30,10.55,0.01,97,102335,买盘
813,13:53:18,10.54,-0.01,69,72726,卖盘
814,13:53:09,10.55,--,1,1055,买盘
815,13:53:00,10.55,--,98,103390,买盘
816,13:52:42,10.55,--,10,10550,买盘
817,13:52:36,10.55,--,34,35870,买盘
818,13:52:33,10.55,-0.01,16,16880,卖盘
819,13:52:30,10.56,0.01,104,109824,买盘
820,13:52:27,10.55,--,16,16880,卖盘
821,13:52:18,10.55,--,7,7385,卖盘
822,13:52:15,10.55,-0.01,80,84400,卖盘
823,13:52:12,10.56,0.01,21,22176,买盘
824,13:52:09,10.55,--,51,53805,卖盘
825,13:52:03,10.55,-0.01,206,217330,卖盘
826,13:52:00,10.56,0.01,128,135168,买盘
827,13:51:57,10.55,--,20,21100,卖盘
828,13:51:54,10.55,--,30,31650,卖盘
829,13:51:51,10.55,--,5,5275,卖盘
830,13:51:48,10.55,--,13,13715,卖盘
831,13:51:45,10.55,0.02,703,741665,买盘
832,13:51:42,10.53,--,57,60020,卖盘
833,13:51:36,10.53,-0.01,14,14742,卖盘
834,13:51:30,10.54,0.01,98,103291,买盘
835,13:51:27,10.53,-0.01,10,10530,卖盘
836,13:51:24,10.54,--,55,57969,卖盘
837,13:51:18,10.54,--,42,44268,卖盘
838,13:51:15,10.54,-0.01,3,3161,中性盘
839,13:51:06,10.55,--,1,1055,买盘
840,13:51:00,10.55,0.01,97,102335,买盘
841,13:50:57,10.54,-0.01,142,149668,卖盘
842,13:50:54,10.55,--,41,43255,买盘
843,13:50:48,10.55,0.01,19,20045,买盘
844,13:50:33,10.54,-0.01,8,8432,卖盘
845,13:50:30,10.55,--,98,103390,买盘
846,13:50:27,10.55,0.01,36,37980,买盘
847,13:50:24,10.54,--,30,31619,卖盘
848,13:50:21,10.54,-0.01,14,14755,卖盘
849,13:50:18,10.55,--,17,17935,买盘
850,13:50:12,10.55,--,9,9495,买盘
851,13:50:09,10.55,--,1,1055,买盘
852,13:50:03,10.55,--,10,10550,买盘
853,13:50:00,10.55,0.01,101,106555,买盘
854,13:49:57,10.54,-0.01,3,3161,卖盘
855,13:49:54,10.55,--,28,29540,买盘
856,13:49:48,10.55,0.01,32,33760,买盘
857,13:49:39,10.54,-0.02,2,2108,卖盘
858,13:49:30,10.56,0.03,98,103488,买盘
859,13:49:18,10.53,-0.03,17,17901,卖盘
860,13:49:15,10.56,0.02,974,1028544,买盘
861,13:49:12,10.54,--,27,28457,买盘
862,13:49:09,10.54,--,1,1054,买盘
863,13:49:03,10.54,-0.01,30,32505,卖盘
864,13:49:00,10.55,0.01,98,103390,买盘
865,13:48:57,10.54,--,20,21080,卖盘
866,13:48:54,10.54,--,10,10540,卖盘
867,13:48:51,10.54,--,60,63239,卖盘
868,13:48:48,10.54,-0.01,1,1054,卖盘
869,13:48:45,10.55,--,3,3165,买盘
870,13:48:42,10.55,0.01,5,5275,买盘
871,13:48:36,10.54,-0.01,15,15809,中性盘
872,13:48:33,10.55,--,97,102335,买盘
873,13:48:30,10.55,0.02,3,3165,买盘
874,13:48:18,10.53,-0.02,2,2106,卖盘
875,13:48:15,10.55,--,30,31650,买盘
876,13:48:09,10.55,--,1,1055,买盘
877,13:48:00,10.55,--,101,106555,买盘
878,13:47:57,10.55,--,233,245815,买盘
879,13:47:54,10.55,--,5,5275,买盘
880,13:47:45,10.55,--,24,25320,买盘
881,13:47:42,10.55,0.02,103,108665,买盘
882,13:47:39,10.53,-0.02,3,3159,卖盘
883,13:47:36,10.55,--,10,10550,买盘
884,13:47:33,10.55,--,98,103390,买盘
885,13:47:27,10.55,0.02,54,56970,买盘
886,13:47:12,10.53,-0.01,2,2106,卖盘
887,13:47:06,10.54,-0.01,1,1054,中性盘
888,13:47:00,10.55,0.02,98,103390,买盘
889,13:46:54,10.53,--,3,3159,卖盘
890,13:46:42,10.53,-0.02,13,13689,卖盘
891,13:46:39,10.55,0.01,1147,1210085,买盘
892,13:46:36,10.54,--,3,3161,买盘
893,13:46:33,10.54,--,3,3161,买盘
894,13:46:30,10.54,--,98,103291,买盘
895,13:46:27,10.54,--,5,5270,买盘
896,13:46:24,10.54,0.01,5,5270,买盘
897,13:46:15,10.53,-0.01,22,23166,中性盘
898,13:46:06,10.54,--,2,2108,买盘
899,13:46:03,10.54,0.01,97,102237,买盘
900,13:45:57,10.53,--,10,10530,买盘
901,13:45:48,10.53,-0.01,113,118989,中性盘
902,13:45:45,10.54,0.02,120,126479,买盘
903,13:45:36,10.52,-0.02,31,32612,卖盘
904,13:45:30,10.54,0.01,98,103291,买盘
905,13:45:27,10.53,0.01,51,53703,买盘
906,13:45:21,10.52,--,11,11572,卖盘
907,13:45:15,10.52,-0.01,1,1052,卖盘
908,13:45:09,10.53,0.01,8,8424,买盘
909,13:45:06,10.52,--,32,33664,卖盘
910,13:45:03,10.52,-0.01,101,106252,卖盘
911,13:45:00,10.53,0.01,18,18954,买盘
912,13:44:42,10.52,-0.01,2,2104,卖盘
913,13:44:33,10.53,--,28,29484,买盘
914,13:44:30,10.53,0.01,101,106353,买盘
915,13:44:27,10.52,--,10,10520,卖盘
916,13:44:21,10.52,--,1,1052,卖盘
917,13:44:12,10.52,-0.01,1,1262,卖盘
918,13:44:09,10.53,--,22,23166,买盘
919,13:44:06,10.53,--,1,1053,买盘
920,13:44:00,10.53,--,113,118989,买盘
921,13:43:54,10.53,--,10,10530,买盘
922,13:43:48,10.53,--,99,104247,买盘
923,13:43:39,10.53,-0.01,182,191646,卖盘
924,13:43:30,10.54,--,134,141236,买盘
925,13:43:27,10.54,--,3,3161,买盘
926,13:43:24,10.54,--,10,10540,买盘
927,13:43:18,10.54,--,15,15809,买盘
928,13:43:15,10.54,--,13,13701,买盘
929,13:43:09,10.54,0.01,4,4216,买盘
930,13:43:06,10.53,-0.01,6,6318,卖盘
931,13:43:03,10.54,--,10,10540,买盘
932,13:43:00,10.54,--,98,103291,买盘
933,13:42:42,10.54,--,3,3161,买盘
934,13:42:39,10.54,--,3,3161,买盘
935,13:42:30,10.54,0.01,118,124371,买盘
936,13:42:27,10.53,0.01,26,27378,买盘
937,13:42:24,10.52,-0.01,1,1052,卖盘
938,13:42:21,10.53,--,60,63179,买盘
939,13:42:18,10.53,--,3,3159,买盘
940,13:42:12,10.53,0.01,26,27378,买盘
941,13:42:06,10.52,-0.01,313,329276,卖盘
942,13:42:03,10.53,-0.01,8,8424,中性盘
943,13:42:00,10.54,0.02,98,103291,买盘
944,13:41:48,10.52,-0.01,37,38924,卖盘
945,13:41:45,10.53,-0.01,10,10530,买盘
946,13:41:42,10.54,0.01,36,37944,买盘
947,13:41:36,10.53,-0.01,3,3159,中性盘
948,13:41:30,10.54,0.02,108,113831,买盘
949,13:41:15,10.52,-0.01,22,23144,卖盘
950,13:41:12,10.53,0.01,11,11583,买盘
951,13:41:06,10.52,-0.01,6,6312,卖盘
952,13:41:00,10.53,0.01,97,102141,买盘
953,13:40:57,10.52,-0.01,11,11572,卖盘
954,13:40:54,10.53,--,2,2106,买盘
955,13:40:48,10.53,--,26,27378,买盘
956,13:40:45,10.53,--,2,2106,买盘
957,13:40:36,10.53,--,48,50544,买盘
958,13:40:33,10.53,--,39,41067,买盘
959,13:40:30,10.53,--,98,103194,买盘
960,13:40:27,10.53,--,24,25272,买盘
961,13:40:15,10.53,--,12,12636,买盘
962,13:40:12,10.53,--,26,27378,买盘
963,13:40:06,10.53,--,12,12636,买盘
964,13:40:03,10.53,--,22,23166,买盘
965,13:40:00,10.53,0.01,98,103194,买盘
966,13:39:57,10.52,--,1,1052,卖盘
967,13:39:51,10.52,-0.01,2,2104,卖盘
968,13:39:48,10.53,--,1,1053,买盘
969,13:39:39,10.53,--,3,3159,买盘
970,13:39:30,10.53,0.02,98,103194,买盘
971,13:39:06,10.51,-0.02,50,52550,卖盘
972,13:39:03,10.53,--,1,1053,买盘
973,13:39:00,10.53,0.02,128,134784,买盘
974,13:38:57,10.51,-0.01,114,119814,卖盘
975,13:38:42,10.52,0.01,5,5260,中性盘
976,13:38:33,10.51,-0.01,50,52550,卖盘
977,13:38:30,10.52,--,97,102044,买盘
978,13:38:27,10.52,--,30,31560,买盘
979,13:38:18,10.52,0.01,54,56808,买盘
980,13:38:15,10.51,--,4,4204,卖盘
981,13:38:09,10.51,--,1,1051,卖盘
982,13:38:06,10.51,--,15,15765,卖盘
983,13:38:00,10.51,--,128,134528,卖盘
984,13:37:54,10.51,-0.01,273,286923,卖盘
985,13:37:51,10.52,--,10,10520,买盘
986,13:37:48,10.52,--,1,1052,买盘
987,13:37:36,10.52,--,50,52600,买盘
988,13:37:30,10.52,--,98,103096,买盘
989,13:37:27,10.52,--,10,10520,买盘
990,13:37:24,10.52,--,28,29456,买盘
991,13:37:21,10.52,--,16,16832,买盘
992,13:37:15,10.52,--,5,5260,买盘
993,13:37:12,10.52,--,37,38924,买盘
994,13:37:06,10.52,--,3,3156,买盘
995,13:37:03,10.52,--,2,2104,买盘
996,13:37:00,10.52,0.01,98,103096,买盘
997,13:36:48,10.51,-0.01,10,10510,卖盘
998,13:36:42,10.52,--,8,8416,买盘
999,13:36:39,10.52,0.01,24,25248,买盘
1000,13:36:36,10.51,-0.01,8,8408,卖盘
1001,13:36:33,10.52,--,3,3156,买盘
1002,13:36:30,10.52,0.01,98,103096,买盘
1003,13:36:27,10.51,--,200,210200,卖盘
1004,13:36:24,10.51,--,21,22071,卖盘
1005,13:36:15,10.51,--,15,15765,卖盘
1006,13:36:12,10.51,-0.01,5,5255,中性盘
1007,13:36:03,10.52,--,1,1052,买盘
1008,13:36:00,10.52,0.02,101,106252,买盘
1009,13:35:57,10.5,-0.01,30,31500,卖盘
1010,13:35:48,10.51,-0.01,18,18918,卖盘
1011,13:35:42,10.52,--,1,1052,买盘
1012,13:35:39,10.52,--,28,29456,买盘
1013,13:35:30,10.52,0.01,203,213556,买盘
1014,13:35:21,10.51,-0.01,35,36785,卖盘
1015,13:35:09,10.52,0.01,3,3156,买盘
1016,13:35:06,10.51,-0.01,20,21020,卖盘
1017,13:35:03,10.52,--,13,13676,买盘
1018,13:35:00,10.52,0.01,108,113616,买盘
1019,13:34:57,10.51,--,3,3153,买盘
1020,13:34:48,10.51,--,9,9459,买盘
1021,13:34:45,10.51,--,28,29428,卖盘
1022,13:34:39,10.51,--,1,1051,卖盘
1023,13:34:36,10.51,-0.01,62,65162,卖盘
1024,13:34:33,10.52,--,50,52600,买盘
1025,13:34:30,10.52,--,111,116772,买盘
1026,13:34:24,10.52,--,20,21040,买盘
1027,13:34:18,10.52,--,26,27352,买盘
1028,13:34:03,10.52,0.01,99,104148,买盘
1029,13:34:00,10.51,--,1,1051,买盘
1030,13:33:57,10.51,--,3,3153,买盘
1031,13:33:54,10.51,--,10,10510,买盘
1032,13:33:51,10.51,--,18,18918,卖盘
1033,13:33:42,10.51,-0.01,50,52550,卖盘
1034,13:33:36,10.52,--,7,7364,买盘
1035,13:33:33,10.52,--,98,103096,买盘
1036,13:33:27,10.52,--,10,10520,买盘
1037,13:33:24,10.52,0.01,26,27352,买盘
1038,13:33:18,10.51,--,38,39938,卖盘
1039,13:33:09,10.51,-0.01,10,10510,卖盘
1040,13:33:00,10.52,--,98,103096,买盘
1041,13:32:57,10.52,--,2,2104,买盘
1042,13:32:36,10.52,--,1,1052,买盘
1043,13:32:33,10.52,--,4,4208,买盘
1044,13:32:30,10.52,0.02,98,103096,买盘
1045,13:32:21,10.5,--,38,39900,买盘
1046,13:32:15,10.5,0.01,15,15750,买盘
1047,13:32:12,10.49,-0.01,10,10490,卖盘
1048,13:32:06,10.5,--,6,6300,买盘
1049,13:32:03,10.5,--,11,11550,买盘
1050,13:32:00,10.5,0.01,99,103950,买盘
1051,13:31:57,10.49,-0.01,29,30421,卖盘
1052,13:31:48,10.5,-0.02,27,28350,买盘
1053,13:31:45,10.52,0.02,105,110460,买盘
1054,13:31:42,10.5,-0.02,100,105000,卖盘
1055,13:31:39,10.52,--,57,59964,卖盘
1056,13:31:36,10.52,--,5,5260,卖盘
1057,13:31:33,10.52,-0.01,11,11572,卖盘
1058,13:31:30,10.53,0.01,98,103194,买盘
1059,13:31:27,10.52,--,84,88368,卖盘
1060,13:31:24,10.52,--,1,1052,卖盘
1061,13:31:21,10.52,--,26,27352,卖盘
1062,13:31:18,10.52,-0.01,10,10520,卖盘
1063,13:31:15,10.53,--,10,10530,买盘
1064,13:31:12,10.53,0.01,38,40014,买盘
1065,13:31:09,10.52,--,3,3156,卖盘
1066,13:31:06,10.52,-0.01,88,92576,卖盘
1067,13:31:03,10.53,--,2,2106,买盘
1068,13:31:00,10.53,--,103,108459,买盘
1069,13:30:39,10.53,--,73,76869,买盘
1070,13:30:36,10.53,0.01,10,10530,买盘
1071,13:30:33,10.52,-0.01,44,46288,卖盘
1072,13:30:30,10.53,0.01,97,102141,买盘
1073,13:30:18,10.52,--,30,31560,卖盘
1074,13:30:15,10.52,--,200,210400,卖盘
1075,13:30:09,10.52,-0.01,34,35768,卖盘
1076,13:30:03,10.53,--,51,53703,买盘
1077,13:30:00,10.53,0.01,101,106353,买盘
1078,13:29:54,10.52,--,3,3156,卖盘
1079,13:29:51,10.52,--,10,10520,卖盘
1080,13:29:48,10.52,--,7,7364,卖盘
1081,13:29:36,10.52,-0.01,20,21040,卖盘
1082,13:29:33,10.53,0.01,98,103194,买盘
1083,13:29:18,10.52,--,1,1052,卖盘
1084,13:29:15,10.52,--,10,10520,卖盘
1085,13:29:12,10.52,-0.01,82,86264,卖盘
1086,13:29:06,10.53,--,20,21060,买盘
1087,13:29:03,10.53,--,98,103194,买盘
1088,13:28:57,10.53,--,10,10530,买盘
1089,13:28:51,10.53,0.01,6,6318,买盘
1090,13:28:48,10.52,--,10,10520,卖盘
1091,13:28:42,10.52,--,168,176736,卖盘
1092,13:28:39,10.52,--,163,171476,买盘
1093,13:28:36,10.52,--,10,10520,买盘
1094,13:28:33,10.52,--,1,1052,买盘
1095,13:28:30,10.52,--,98,103096,买盘
1096,13:28:18,10.52,0.02,41,43132,买盘
1097,13:28:15,10.5,--,14,14700,买盘
1098,13:28:03,10.5,--,19,19950,买盘
1099,13:28:00,10.5,--,100,105000,买盘
1100,13:27:57,10.5,--,20,21000,买盘
1101,13:27:51,10.5,0.01,12,12600,买盘
1102,13:27:48,10.49,-0.01,30,31470,卖盘
1103,13:27:42,10.5,-0.02,5,5250,中性盘
1104,13:27:33,10.52,-0.01,3,3156,中性盘
1105,13:27:30,10.53,0.01,102,108122,买盘
1106,13:27:27,10.52,--,34,35768,卖盘
1107,13:27:24,10.52,0.02,497,523180,买盘
1108,13:27:21,10.5,-0.01,7,7350,中性盘
1109,13:27:03,10.51,0.02,98,102998,买盘
1110,13:26:57,10.49,0.01,8,8392,买盘
1111,13:26:48,10.48,-0.03,8,8384,卖盘
1112,13:26:39,10.51,0.02,1010,1061510,买盘
1113,13:26:30,10.49,0.01,198,207702,买盘
1114,13:26:27,10.48,--,94,98512,卖盘
1115,13:26:09,10.48,--,10,10480,卖盘
1116,13:26:06,10.48,-0.01,3,3144,卖盘
1117,13:26:00,10.49,--,98,102802,买盘
1118,13:25:57,10.49,0.01,20,20980,买盘
1119,13:25:48,10.48,--,53,55544,卖盘
1120,13:25:45,10.48,-0.01,15,15720,卖盘
1121,13:25:39,10.49,0.01,73,76577,买盘
1122,13:25:36,10.48,-0.01,15,15720,卖盘
1123,13:25:30,10.49,0.01,97,101753,买盘
1124,13:25:27,10.48,--,18,18864,卖盘
1125,13:25:24,10.48,-0.01,5,5240,卖盘
1126,13:25:21,10.49,0.01,130,136370,买盘
1127,13:25:06,10.48,-0.01,10,10480,卖盘
1128,13:25:03,10.49,--,198,207702,买盘
1129,13:25:00,10.49,0.01,1,1049,买盘
1130,13:24:57,10.48,-0.01,5,5240,卖盘
1131,13:24:54,10.49,0.01,7,7343,买盘
1132,13:24:51,10.48,-0.01,5,5240,卖盘
1133,13:24:42,10.49,0.01,72,75528,买盘
1134,13:24:36,10.48,-0.01,20,20960,卖盘
1135,13:24:30,10.49,--,171,179379,买盘
1136,13:24:27,10.49,--,6,6294,买盘
1137,13:24:12,10.49,--,21,22029,买盘
1138,13:24:09,10.49,--,1,1049,买盘
1139,13:24:03,10.49,0.01,120,125880,买盘
1140,13:24:00,10.48,--,6,6288,卖盘
1141,13:23:54,10.48,--,61,63928,卖盘
1142,13:23:51,10.48,--,100,104800,卖盘
1143,13:23:42,10.48,-0.01,101,105848,卖盘
1144,13:23:39,10.49,0.01,15,15735,买盘
1145,13:23:36,10.48,--,10,10480,卖盘
1146,13:23:33,10.48,-0.02,15,15720,卖盘
1147,13:23:30,10.5,0.01,103,108150,买盘
1148,13:23:27,10.49,--,1,1049,买盘
1149,13:23:24,10.49,--,25,26225,买盘
1150,13:23:15,10.49,--,4,4196,买盘
1151,13:23:12,10.49,0.01,119,124831,买盘
1152,13:23:09,10.48,-0.01,10,10480,卖盘
1153,13:23:06,10.49,-0.01,12,12588,卖盘
1154,13:23:03,10.5,0.02,97,101850,买盘
1155,13:23:00,10.48,-0.01,2,2096,卖盘
1156,13:22:45,10.49,--,32,33568,买盘
1157,13:22:33,10.49,--,16,16784,买盘
1158,13:22:30,10.49,0.01,98,102802,买盘
1159,13:22:24,10.48,--,15,15720,卖盘
1160,13:22:21,10.48,--,65,68120,卖盘
1161,13:22:15,10.48,-0.01,59,61832,卖盘
1162,13:22:12,10.49,--,15,15735,买盘
1163,13:22:09,10.49,--,10,10490,买盘
1164,13:22:06,10.49,--,5,5245,买盘
1165,13:22:00,10.49,--,98,102802,买盘
1166,13:21:57,10.49,0.01,6,6294,买盘
1167,13:21:54,10.48,-0.01,20,20960,卖盘
1168,13:21:42,10.49,0.01,5,5245,买盘
1169,13:21:33,10.48,-0.01,1,1048,卖盘
1170,13:21:30,10.49,0.01,98,102802,买盘
1171,13:21:27,10.48,--,100,104800,卖盘
1172,13:21:24,10.48,--,20,20960,买盘
1173,13:21:21,10.48,--,60,62880,买盘
1174,13:21:09,10.48,0.01,1,1048,买盘
1175,13:21:06,10.47,-0.01,38,39786,卖盘
1176,13:21:03,10.48,--,205,214840,买盘
1177,13:21:00,10.48,0.01,98,102704,买盘
1178,13:20:51,10.47,-0.01,90,94230,卖盘
1179,13:20:42,10.48,--,21,22008,买盘
1180,13:20:39,10.48,0.01,3,3144,中性盘
1181,13:20:36,10.47,-0.01,109,114123,卖盘
1182,13:20:33,10.48,--,10,10480,买盘
1183,13:20:30,10.48,--,98,102704,买盘
1184,13:20:27,10.48,--,3,3144,买盘
1185,13:20:24,10.48,--,2,2096,买盘
1186,13:20:18,10.48,--,83,86984,卖盘
1187,13:20:15,10.48,-0.01,46,48208,卖盘
1188,13:20:09,10.49,--,64,67136,买盘
1189,13:20:06,10.49,--,14,14686,买盘
1190,13:20:00,10.49,--,118,123782,买盘
1191,13:19:51,10.49,0.01,11,11539,买盘
1192,13:19:48,10.48,-0.01,62,64976,卖盘
1193,13:19:42,10.49,0.01,5,5245,买盘
1194,13:19:36,10.48,-0.01,10,10480,卖盘
1195,13:19:30,10.49,0.01,119,124831,买盘
1196,13:19:21,10.48,--,67,70216,卖盘
1197,13:19:18,10.48,--,50,52400,卖盘
1198,13:19:15,10.48,--,40,41920,卖盘
1199,13:19:06,10.48,-0.01,27,28296,中性盘
1200,13:19:00,10.49,0.02,147,154203,买盘
1201,13:18:57,10.47,-0.01,425,444975,卖盘
1202,13:18:54,10.48,0.01,10,10480,买盘
1203,13:18:45,10.47,--,10,10470,卖盘
1204,13:18:42,10.47,--,8,8376,卖盘
1205,13:18:39,10.47,-0.01,18,18846,卖盘
1206,13:18:36,10.48,0.01,51,53448,买盘
1207,13:18:33,10.47,-0.01,10,10470,卖盘
1208,13:18:30,10.48,--,98,102704,买盘
1209,13:18:27,10.48,--,16,16768,买盘
1210,13:18:24,10.48,--,51,53448,买盘
1211,13:18:15,10.48,--,90,94320,买盘
1212,13:18:12,10.48,0.01,7,7336,买盘
1213,13:18:09,10.47,-0.01,76,79572,卖盘
1214,13:18:03,10.48,--,98,102704,买盘
1215,13:17:57,10.48,-0.01,208,217984,卖盘
1216,13:17:54,10.49,0.01,1,1049,中性盘
1217,13:17:45,10.48,-0.02,245,256760,卖盘
1218,13:17:42,10.5,0.01,25,26250,买盘
1219,13:17:39,10.49,--,5,5245,买盘
1220,13:17:33,10.49,-0.01,170,179305,卖盘
1221,13:17:30,10.5,0.01,109,114450,买盘
1222,13:17:27,10.49,--,3,3147,卖盘
1223,13:17:24,10.49,-0.01,10,10490,卖盘
1224,13:17:21,10.5,--,43,45150,买盘
1225,13:17:12,10.5,0.01,67,70350,买盘
1226,13:17:06,10.49,--,50,52450,卖盘
1227,13:17:03,10.49,--,108,113292,卖盘
1228,13:17:00,10.49,--,3,3147,卖盘
1229,13:16:57,10.49,--,1,1049,卖盘
1230,13:16:45,10.49,--,10,10490,卖盘
1231,13:16:36,10.49,--,109,114414,卖盘
1232,13:16:33,10.49,-0.01,20,20980,卖盘
1233,13:16:30,10.5,--,118,123900,买盘
1234,13:16:21,10.5,--,5,5250,买盘
1235,13:16:18,10.5,--,775,814726,卖盘
1236,13:16:15,10.5,--,5,5250,卖盘
1237,13:16:09,10.5,-0.01,106,111373,卖盘
1238,13:16:03,10.51,--,8,8408,买盘
1239,13:16:00,10.51,--,98,102998,买盘
1240,13:15:57,10.51,--,2,2102,买盘
1241,13:15:54,10.51,--,5,5255,买盘
1242,13:15:51,10.51,--,4,4204,买盘
1243,13:15:48,10.51,--,50,52550,买盘
1244,13:15:45,10.51,0.01,2,2102,买盘
1245,13:15:39,10.5,-0.01,26,27300,卖盘
1246,13:15:36,10.51,-0.01,86,90386,中性盘
1247,13:15:30,10.52,0.01,105,110460,买盘
1248,13:15:27,10.51,0.01,7,7357,买盘
1249,13:15:24,10.5,-0.01,11,11550,卖盘
1250,13:15:21,10.51,--,51,53601,买盘
1251,13:15:18,10.51,0.01,55,57805,买盘
1252,13:15:15,10.5,--,279,292950,卖盘
1253,13:15:12,10.5,--,38,39900,卖盘
1254,13:15:09,10.5,--,1,1050,卖盘
1255,13:15:03,10.5,-0.01,10,10500,卖盘
1256,13:15:00,10.51,0.01,133,139783,买盘
1257,13:14:57,10.5,-0.01,42,44100,卖盘
1258,13:14:51,10.51,0.01,9,9459,买盘
1259,13:14:48,10.5,-0.01,10,10500,卖盘
1260,13:14:42,10.51,--,5,5255,买盘
1261,13:14:39,10.51,--,21,22071,买盘
1262,13:14:33,10.51,--,51,53601,买盘
1263,13:14:30,10.51,0.01,118,124018,买盘
1264,13:14:27,10.5,-0.01,20,21000,卖盘
1265,13:14:24,10.51,0.01,1,1051,买盘
1266,13:14:21,10.5,--,287,301350,买盘
1267,13:14:18,10.5,0.01,62,65100,买盘
1268,13:14:15,10.49,-0.01,62,65038,卖盘
1269,13:14:09,10.5,--,88,92400,买盘
1270,13:14:06,10.5,--,12,12600,买盘
1271,13:14:00,10.5,0.01,98,102900,买盘
1272,13:13:54,10.49,-0.01,50,52450,卖盘
1273,13:13:51,10.5,0.01,5,5250,买盘
1274,13:13:45,10.49,-0.01,18,18882,卖盘
1275,13:13:42,10.5,0.01,16,16800,买盘
1276,13:13:39,10.49,-0.01,8,8392,卖盘
1277,13:13:33,10.5,--,500,525000,买盘
1278,13:13:30,10.5,0.01,130,136500,买盘
1279,13:13:27,10.49,--,4,4196,买盘
1280,13:13:24,10.49,--,146,153154,卖盘
1281,13:13:21,10.49,--,10,10490,卖盘
1282,13:13:15,10.49,--,20,20980,卖盘
1283,13:13:12,10.49,--,5,5245,买盘
1284,13:13:09,10.49,--,4,4196,买盘
1285,13:13:06,10.49,-0.01,22,23078,卖盘
1286,13:13:03,10.5,--,37,38850,买盘
1287,13:13:00,10.5,--,117,122850,买盘
1288,13:12:57,10.5,0.01,1,1050,买盘
1289,13:12:54,10.49,0.01,5,5245,中性盘
1290,13:12:48,10.48,-0.01,108,113184,卖盘
1291,13:12:45,10.49,--,4,4196,买盘
1292,13:12:42,10.49,--,19,19931,买盘
1293,13:12:39,10.49,--,119,124831,买盘
1294,13:12:36,10.49,0.01,14,14686,买盘
1295,13:12:33,10.48,-0.01,117,122616,卖盘
1296,13:12:30,10.49,0.01,21,22029,买盘
1297,13:12:27,10.48,-0.01,23,24104,卖盘
1298,13:12:24,10.49,0.01,1,1049,买盘
1299,13:12:21,10.48,0.01,5,5240,卖盘
1300,13:12:18,10.47,--,17,17799,卖盘
1301,13:12:15,10.47,-0.01,50,52350,卖盘
1302,13:12:12,10.48,0.01,37,38776,买盘
1303,13:12:09,10.47,--,24,25128,卖盘
1304,13:12:06,10.47,--,27,28269,卖盘
1305,13:12:03,10.47,-0.02,3,3141,卖盘
1306,13:12:00,10.49,0.02,129,135321,买盘
1307,13:11:57,10.47,--,31,32457,卖盘
1308,13:11:54,10.47,--,70,73290,卖盘
1309,13:11:51,10.47,--,49,51303,卖盘
1310,13:11:48,10.47,-0.01,10,10470,卖盘
1311,13:11:45,10.48,--,20,20960,卖盘
1312,13:11:42,10.48,--,10,10480,买盘
1313,13:11:39,10.48,--,102,106896,买盘
1314,13:11:36,10.48,--,73,76504,买盘
1315,13:11:33,10.48,--,259,271432,买盘
1316,13:11:30,10.48,0.01,98,102704,买盘
1317,13:11:27,10.47,--,20,20940,卖盘
1318,13:11:24,10.47,--,42,43974,卖盘
1319,13:11:21,10.47,-0.01,6,6282,卖盘
1320,13:11:15,10.48,--,18,18864,买盘
1321,13:11:12,10.48,-0.01,167,175016,卖盘
1322,13:11:09,10.49,0.01,78,81822,买盘
1323,13:11:06,10.48,--,94,98512,卖盘
1324,13:11:03,10.48,--,367,384616,卖盘
1325,13:11:00,10.48,-0.01,50,52400,卖盘
1326,13:10:57,10.49,0.01,58,60842,买盘
1327,13:10:54,10.48,-0.01,10,10480,卖盘
1328,13:10:51,10.49,0.01,10,10490,买盘
1329,13:10:48,10.48,--,14,14672,卖盘
1330,13:10:45,10.48,-0.01,287,300776,卖盘
1331,13:10:42,10.49,--,20,20980,买盘
1332,13:10:39,10.49,--,57,59793,卖盘
1333,13:10:36,10.49,--,2,2098,卖盘
1334,13:10:33,10.49,--,161,168889,卖盘
1335,13:10:30,10.49,-0.01,63,66087,卖盘
1336,13:10:21,10.5,--,9,9450,卖盘
1337,13:10:18,10.5,--,11,11550,卖盘
1338,13:10:15,10.5,--,50,52500,卖盘
1339,13:10:12,10.5,--,135,141750,卖盘
1340,13:10:09,10.5,--,90,94500,卖盘
1341,13:10:06,10.5,--,35,36750,卖盘
1342,13:10:03,10.5,--,624,655200,卖盘
1343,13:10:00,10.5,--,1485,1559250,卖盘
1344,13:09:57,10.5,-0.01,1,1050,卖盘
1345,13:09:54,10.51,--,2,2102,买盘
1346,13:09:51,10.51,--,1,1051,买盘
1347,13:09:42,10.51,--,291,305841,卖盘
1348,13:09:39,10.51,-0.01,271,284821,卖盘
1349,13:09:36,10.52,--,91,95732,买盘
1350,13:09:33,10.52,0.01,98,103096,买盘
1351,13:09:24,10.51,--,60,63060,卖盘
1352,13:09:21,10.51,-0.01,96,100896,卖盘
1353,13:09:18,10.52,0.01,5,5260,买盘
1354,13:09:15,10.51,--,10,10510,卖盘
1355,13:09:12,10.51,-0.01,33,34683,卖盘
1356,13:09:00,10.52,0.01,169,177788,买盘
1357,13:08:57,10.51,--,151,158701,卖盘
1358,13:08:51,10.51,-0.01,5,5255,卖盘
1359,13:08:48,10.52,0.01,10,10520,买盘
1360,13:08:45,10.51,-0.01,2,2102,卖盘
1361,13:08:33,10.52,--,3,3156,买盘
1362,13:08:30,10.52,--,98,103096,买盘
1363,13:08:27,10.52,-0.01,60,63120,卖盘
1364,13:08:24,10.53,--,4,4212,卖盘
1365,13:08:21,10.53,--,50,52650,卖盘
1366,13:08:18,10.53,0.01,396,416988,买盘
1367,13:08:09,10.52,0.01,17,17884,买盘
1368,13:08:06,10.51,-0.02,7,7357,卖盘
1369,13:08:00,10.53,0.01,205,215865,买盘
1370,13:07:57,10.52,--,14,14728,卖盘
1371,13:07:45,10.52,--,24,25248,卖盘
1372,13:07:42,10.52,-0.01,12,12624,卖盘
1373,13:07:39,10.53,--,61,64232,买盘
1374,13:07:30,10.53,0.01,212,223236,买盘
1375,13:07:24,10.52,-0.01,5,5260,卖盘
1376,13:07:06,10.53,-0.01,6,6318,卖盘
1377,13:07:03,10.54,--,157,165478,买盘
1378,13:06:57,10.54,0.01,6,6323,买盘
1379,13:06:54,10.53,-0.01,10,10530,卖盘
1380,13:06:45,10.54,0.01,13,13701,买盘
1381,13:06:42,10.53,--,37,38961,卖盘
1382,13:06:33,10.53,--,368,387504,卖盘
1383,13:06:30,10.53,--,2,2106,卖盘
1384,13:06:21,10.53,--,10,10530,卖盘
1385,13:06:18,10.53,0.02,684,720252,买盘
1386,13:06:09,10.51,-0.02,8,8408,卖盘
1387,13:06:00,10.53,0.01,200,210600,买盘
1388,13:05:57,10.52,--,71,74692,卖盘
1389,13:05:54,10.52,--,3,3156,卖盘
1390,13:05:48,10.52,--,30,31560,卖盘
1391,13:05:45,10.52,-0.01,6,6312,卖盘
1392,13:05:39,10.53,0.01,23,24219,买盘
1393,13:05:36,10.52,--,205,215660,卖盘
1394,13:05:33,10.52,--,102,107304,卖盘
1395,13:05:30,10.52,--,166,174632,卖盘
1396,13:05:21,10.52,-0.01,11,11572,卖盘
1397,13:05:18,10.53,0.01,10,10530,买盘
1398,13:05:15,10.52,0.01,16,16832,买盘
1399,13:05:12,10.51,-0.01,19,19969,卖盘
1400,13:05:09,10.52,-0.01,1,1052,中性盘
1401,13:05:03,10.53,--,10,10530,买盘
1402,13:05:00,10.53,0.01,97,102141,买盘
1403,13:04:57,10.52,--,12,12666,卖盘
1404,13:04:54,10.52,--,8,8416,卖盘
1405,13:04:51,10.52,--,324,340848,卖盘
1406,13:04:45,10.52,-0.01,37,38924,卖盘
1407,13:04:39,10.53,0.01,11,11583,买盘
1408,13:04:36,10.52,--,9,9468,卖盘
1409,13:04:33,10.52,-0.01,129,135708,卖盘
1410,13:04:30,10.53,0.01,98,103194,买盘
1411,13:04:24,10.52,--,5,5260,卖盘
1412,13:04:21,10.52,-0.01,25,26300,卖盘
1413,13:04:15,10.53,--,30,31589,买盘
1414,13:04:12,10.53,--,10,10530,买盘
1415,13:04:09,10.53,--,20,21060,买盘
1416,13:04:00,10.53,--,156,164268,买盘
1417,13:03:51,10.53,0.01,25,26325,买盘
1418,13:03:48,10.52,-0.01,10,10520,卖盘
1419,13:03:45,10.53,0.01,10,10530,买盘
1420,13:03:42,10.52,--,15,15780,卖盘
1421,13:03:39,10.52,--,7,7364,卖盘
1422,13:03:33,10.52,-0.01,2,2104,卖盘
1423,13:03:30,10.53,0.01,127,133731,买盘
1424,13:03:27,10.52,--,44,46288,卖盘
1425,13:03:24,10.52,-0.01,103,108356,卖盘
1426,13:03:21,10.53,--,46,48438,买盘
1427,13:03:15,10.53,-0.01,100,105300,中性盘
1428,13:03:00,10.54,0.01,100,105399,买盘
1429,13:02:51,10.53,--,40,42120,卖盘
1430,13:02:48,10.53,--,1,1053,卖盘
1431,13:02:45,10.53,0.01,68,71604,买盘
1432,13:02:42,10.52,--,91,95732,卖盘
1433,13:02:39,10.52,-0.01,26,27352,卖盘
1434,13:02:36,10.53,--,126,132678,买盘
1435,13:02:33,10.53,--,5,5265,买盘
1436,13:02:30,10.53,0.01,107,112671,买盘
1437,13:02:27,10.52,--,106,111512,卖盘
1438,13:02:21,10.52,-0.01,3,3156,卖盘
1439,13:02:09,10.53,--,1,1053,买盘
1440,13:02:00,10.53,--,98,103194,买盘
1441,13:01:51,10.53,--,11,11583,买盘
1442,13:01:48,10.53,-0.01,186,195858,卖盘
1443,13:01:45,10.54,0.01,11,11593,中性盘
1444,13:01:36,10.53,-0.01,88,92664,卖盘
1445,13:01:30,10.54,--,101,106453,买盘
1446,13:01:27,10.54,-0.01,39,41106,卖盘
1447,13:01:24,10.55,0.01,1,1055,买盘
1448,13:01:18,10.54,--,1,1054,卖盘
1449,13:01:09,10.54,--,10,10540,卖盘
1450,13:01:03,10.54,-0.02,34,35836,卖盘
1451,13:01:00,10.56,0.01,98,103488,买盘
1452,13:00:57,10.55,--,2,2110,买盘
1453,13:00:54,10.55,--,1,1055,买盘
1454,13:00:51,10.55,0.03,20,21100,买盘
1455,13:00:39,10.52,-0.03,5,5260,卖盘
1456,13:00:30,10.55,0.03,118,124490,买盘
1457,13:00:24,10.52,--,100,105200,卖盘
1458,13:00:18,10.52,--,41,43132,卖盘
1459,13:00:15,10.52,--,111,116772,卖盘
1460,13:00:12,10.52,--,210,220920,卖盘
1461,13:00:09,10.52,--,119,125188,卖盘
1462,13:00:06,10.52,-0.03,770,810040,卖盘
1463,13:00:03,10.55,0.03,1995,2105526,买盘
1464,13:00:00,10.52,--,0,0,卖盘
1465,11:30:00,10.52,--,94,99098,买盘
1466,11:29:57,10.52,-0.01,17,18725,卖盘
1467,11:29:54,10.53,--,36,37908,买盘
1468,11:29:51,10.53,0.01,4,4212,买盘
1469,11:29:42,10.52,--,53,55756,卖盘
1470,11:29:39,10.52,-0.01,51,53652,卖盘
1471,11:29:36,10.53,0.01,19,20007,买盘
1472,11:29:33,10.52,--,116,122032,卖盘
1473,11:29:30,10.52,--,163,171476,卖盘
1474,11:29:27,10.52,--,130,136760,卖盘
1475,11:29:24,10.52,--,145,152750,卖盘
1476,11:29:15,10.52,-0.03,137,144124,卖盘
1477,11:29:12,10.55,0.03,320,337600,买盘
1478,11:29:09,10.52,--,99,104148,卖盘
1479,11:29:06,10.52,--,78,82056,卖盘
1480,11:29:03,10.52,--,6,6312,卖盘
1481,11:29:00,10.52,--,24,25248,卖盘
1482,11:28:57,10.52,--,11,11572,卖盘
1483,11:28:54,10.52,--,32,33664,卖盘
1484,11:28:51,10.52,--,40,42080,卖盘
1485,11:28:48,10.52,--,20,21040,卖盘
1486,11:28:45,10.52,--,10,10520,卖盘
1487,11:28:42,10.52,-0.01,30,31560,卖盘
1488,11:28:27,10.53,--,32,33696,卖盘
1489,11:28:24,10.53,--,500,526500,卖盘
1490,11:28:21,10.53,--,77,81081,卖盘
1491,11:28:18,10.53,--,50,52650,卖盘
1492,11:28:12,10.53,-0.01,155,163215,卖盘
1493,11:28:09,10.54,--,172,181920,卖盘
1494,11:28:06,10.54,--,18,19393,卖盘
1495,11:28:03,10.54,--,110,115939,卖盘
1496,11:27:57,10.54,--,18,18972,卖盘
1497,11:27:54,10.54,-0.01,120,126479,卖盘
1498,11:27:51,10.55,--,48,50640,买盘
1499,11:27:48,10.55,0.01,11,11605,买盘
1500,11:27:45,10.54,-0.01,5,5270,卖盘
1501,11:27:33,10.55,-0.01,5,5275,卖盘
1502,11:27:30,10.56,0.01,32,33792,买盘
1503,11:27:27,10.55,--,620,654100,卖盘
1504,11:27:21,10.55,-0.01,619,653045,卖盘
1505,11:27:18,10.56,0.01,11,11616,买盘
1506,11:27:15,10.55,--,10,10550,卖盘
1507,11:27:12,10.55,--,1056,1114080,卖盘
1508,11:27:09,10.55,--,33,34815,卖盘
1509,11:27:03,10.55,--,33,34815,卖盘
1510,11:27:00,10.55,--,35,36925,卖盘
1511,11:26:57,10.55,-0.01,8,8440,卖盘
1512,11:26:48,10.56,--,38,40128,买盘
1513,11:26:36,10.56,-0.01,6,6336,卖盘
1514,11:26:33,10.57,0.01,24,25368,买盘
1515,11:26:27,10.56,--,38,40128,卖盘
1516,11:26:24,10.56,-0.01,90,95040,卖盘
1517,11:26:15,10.57,0.01,90,95130,买盘
1518,11:26:12,10.56,-0.01,2,2112,卖盘
1519,11:25:57,10.57,--,6,6342,买盘
1520,11:25:51,10.57,0.01,64,67648,买盘
1521,11:25:45,10.56,--,60,63360,卖盘
1522,11:25:39,10.56,--,40,42240,卖盘
1523,11:25:36,10.56,-0.01,10,10560,卖盘
1524,11:25:30,10.57,0.01,56,59192,买盘
1525,11:25:27,10.56,0.01,52,54912,买盘
1526,11:25:24,10.55,-0.01,312,329160,卖盘
1527,11:25:21,10.56,--,11,11616,买盘
1528,11:25:15,10.56,--,5,5280,买盘
1529,11:25:12,10.56,-0.01,22,23232,卖盘
1530,11:25:03,10.57,--,45,47565,买盘
1531,11:24:51,10.57,--,1,1057,买盘
1532,11:24:48,10.57,0.01,57,60249,买盘
1533,11:24:42,10.56,--,9,9504,卖盘
1534,11:24:39,10.56,--,27,28512,卖盘
1535,11:24:36,10.56,-0.02,39,41184,卖盘
1536,11:24:33,10.58,0.01,68,71944,买盘
1537,11:24:30,10.57,--,48,50736,卖盘
1538,11:24:27,10.57,0.01,199,210343,买盘
1539,11:24:21,10.56,-0.01,49,51744,卖盘
1540,11:24:18,10.57,0.01,30,31710,买盘
1541,11:24:15,10.56,--,37,39072,卖盘
1542,11:24:12,10.56,-0.01,60,63360,卖盘
1543,11:24:06,10.57,0.01,7,7399,买盘
1544,11:24:03,10.56,-0.01,11,11616,卖盘
1545,11:24:00,10.57,--,42,44394,买盘
1546,11:23:57,10.57,0.01,12,12684,买盘
1547,11:23:54,10.56,-0.01,15,15840,卖盘
1548,11:23:39,10.57,--,2,2114,买盘
1549,11:23:36,10.57,-0.01,21,22197,卖盘
1550,11:23:21,10.58,0.01,75,79350,买盘
1551,11:23:18,10.57,--,10,10570,卖盘
1552,11:23:12,10.57,0.01,72,76104,买盘
1553,11:23:03,10.56,--,31,32736,卖盘
1554,11:23:00,10.56,-0.02,20,21120,卖盘
1555,11:22:39,10.58,--,70,74060,买盘
1556,11:22:36,10.58,0.01,42,44436,买盘
1557,11:22:27,10.57,-0.01,1,1057,卖盘
1558,11:22:24,10.58,--,10,10580,买盘
1559,11:22:12,10.58,0.02,92,97336,买盘
1560,11:22:09,10.56,--,60,63360,卖盘
1561,11:22:06,10.56,-0.02,11,11616,卖盘
1562,11:22:03,10.58,0.01,1010,1068580,买盘
1563,11:21:51,10.57,-0.01,91,96187,卖盘
1564,11:21:48,10.58,0.01,1,1058,买盘
1565,11:21:45,10.57,-0.01,50,52850,卖盘
1566,11:21:39,10.58,0.01,99,104742,买盘
1567,11:21:33,10.57,-0.01,50,52850,卖盘
1568,11:21:24,10.58,--,49,51842,买盘
1569,11:21:21,10.58,--,26,27508,买盘
1570,11:21:09,10.58,0.02,102,107916,买盘
1571,11:21:06,10.56,--,5,5280,卖盘
1572,11:21:00,10.56,--,2,2112,卖盘
1573,11:20:45,10.56,--,25,26400,卖盘
1574,11:20:42,10.56,--,11,11616,卖盘
1575,11:20:39,10.56,-0.02,60,63360,卖盘
1576,11:20:24,10.58,0.02,60,63480,买盘
1577,11:20:12,10.56,--,2,2112,卖盘
1578,11:20:06,10.56,--,60,63360,卖盘
1579,11:19:39,10.56,--,28,29568,卖盘
1580,11:19:36,10.56,-0.03,61,64416,卖盘
1581,11:19:33,10.59,0.01,75,79425,买盘
1582,11:19:30,10.58,--,28,29624,买盘
1583,11:19:27,10.58,0.02,4,4232,买盘
1584,11:19:21,10.56,--,2,2112,买盘
1585,11:19:18,10.56,--,10,10560,买盘
1586,11:19:15,10.56,--,4,4224,买盘
1587,11:19:12,10.56,--,10,10560,买盘
1588,11:19:06,10.56,--,109,115104,卖盘
1589,11:19:03,10.56,-0.02,6,6336,卖盘
1590,11:18:57,10.58,-0.01,50,52900,中性盘
1591,11:18:48,10.59,0.03,56,59304,买盘
1592,11:18:45,10.56,--,41,43296,卖盘
1593,11:18:42,10.56,--,16,16896,卖盘
1594,11:18:36,10.56,-0.02,80,84480,卖盘
1595,11:18:27,10.58,--,24,25392,买盘
1596,11:18:24,10.58,0.02,21,22218,买盘
1597,11:18:21,10.56,-0.02,14,14784,卖盘
1598,11:18:18,10.58,0.02,36,38088,买盘
1599,11:18:09,10.56,--,8,8448,卖盘
1600,11:18:06,10.56,--,35,36960,卖盘
1601,11:18:03,10.56,-0.01,60,63360,卖盘
1602,11:18:00,10.57,--,2,2114,卖盘
1603,11:17:57,10.57,--,27,28539,买盘
1604,11:17:54,10.57,--,56,59192,买盘
1605,11:17:48,10.57,--,16,16912,买盘
1606,11:17:45,10.57,--,5,5285,买盘
1607,11:17:36,10.57,--,22,23254,买盘
1608,11:17:33,10.57,-0.01,150,158550,卖盘
1609,11:17:24,10.58,0.01,42,44436,买盘
1610,11:17:21,10.57,--,2,2114,买盘
1611,11:17:12,10.57,--,42,44394,买盘
1612,11:17:09,10.57,--,10,10570,买盘
1613,11:17:03,10.57,--,6,6342,卖盘
1614,11:16:54,10.57,--,3,3171,卖盘
1615,11:16:48,10.57,-0.01,31,32767,卖盘
1616,11:16:45,10.58,0.01,10,10580,买盘
1617,11:16:36,10.57,--,2,2114,卖盘
1618,11:16:33,10.57,--,73,77161,卖盘
1619,11:16:30,10.57,--,4,4228,买盘
1620,11:16:27,10.57,--,17,17969,买盘
1621,11:16:24,10.57,-0.01,2,2114,卖盘
1622,11:16:21,10.58,--,53,56074,买盘
1623,11:16:18,10.58,0.02,122,129076,买盘
1624,11:16:12,10.56,-0.01,48,50688,卖盘
1625,11:16:03,10.57,--,80,84560,买盘
1626,11:16:00,10.57,0.01,11,11627,买盘
1627,11:15:51,10.56,-0.01,1,1056,卖盘
1628,11:15:48,10.57,--,1,1057,买盘
1629,11:15:45,10.57,--,18,19026,买盘
1630,11:15:36,10.57,-0.01,24,25368,买盘
1631,11:15:33,10.58,0.01,52,55016,买盘
1632,11:15:30,10.57,--,20,21140,卖盘
1633,11:15:24,10.57,-0.01,3,3171,卖盘
1634,11:15:09,10.58,0.02,5,5290,买盘
1635,11:15:06,10.56,-0.01,100,105600,卖盘
1636,11:15:00,10.57,-0.01,156,164892,中性盘
1637,11:14:33,10.58,-0.01,40,42320,买盘
1638,11:14:30,10.59,0.01,80,84720,买盘
1639,11:14:24,10.58,--,50,52900,卖盘
1640,11:14:15,10.58,--,962,1017796,买盘
1641,11:14:12,10.58,0.02,33,34914,买盘
1642,11:14:00,10.56,--,60,63360,卖盘
1643,11:13:57,10.56,-0.02,5,5280,卖盘
1644,11:13:54,10.58,0.02,51,53958,买盘
1645,11:13:45,10.56,-0.01,5,5280,卖盘
1646,11:13:39,10.57,--,15,15855,买盘
1647,11:13:36,10.57,0.01,20,21140,买盘
1648,11:13:33,10.56,--,200,211200,卖盘
1649,11:13:30,10.56,-0.01,60,63360,卖盘
1650,11:13:27,10.57,--,61,64477,买盘
1651,11:13:24,10.57,--,10,10570,买盘
1652,11:13:21,10.57,--,27,28539,买盘
1653,11:13:18,10.57,0.01,19,20083,买盘
1654,11:13:15,10.56,--,228,240768,卖盘
1655,11:13:12,10.56,-0.01,10,10560,卖盘
1656,11:13:09,10.57,0.01,148,156436,买盘
1657,11:13:00,10.56,--,12,12672,卖盘
1658,11:12:57,10.56,--,83,87648,卖盘
1659,11:12:54,10.56,--,15,15840,卖盘
1660,11:12:33,10.56,-0.01,3,3168,卖盘
1661,11:12:30,10.57,0.01,1,1057,买盘
1662,11:12:27,10.56,-0.01,60,63360,卖盘
1663,11:12:15,10.57,0.01,3,3171,买盘
1664,11:12:12,10.56,-0.01,87,91872,卖盘
1665,11:12:03,10.57,0.01,43,45451,买盘
1666,11:11:57,10.56,--,60,63360,卖盘
1667,11:11:51,10.56,-0.01,4,4224,卖盘
1668,11:11:48,10.57,--,44,46508,买盘
1669,11:11:39,10.57,0.01,1,1057,买盘
1670,11:11:36,10.56,--,7,7392,卖盘
1671,11:11:30,10.56,--,5,5280,卖盘
1672,11:11:27,10.56,--,62,65472,卖盘
1673,11:11:24,10.56,0.01,317,334752,买盘
1674,11:11:15,10.55,-0.01,2,2110,卖盘
1675,11:11:12,10.56,--,8,8448,买盘
1676,11:11:09,10.56,--,2,2112,买盘
1677,11:11:00,10.56,0.01,200,211200,卖盘
1678,11:10:57,10.55,-0.01,60,63300,卖盘
1679,11:10:51,10.56,--,20,21120,买盘
1680,11:10:48,10.56,--,2,2112,买盘
1681,11:10:45,10.56,0.01,7,7392,买盘
1682,11:10:42,10.55,-0.01,12,12660,卖盘
1683,11:10:39,10.56,--,96,101376,买盘
1684,11:10:36,10.56,--,7,7392,买盘
1685,11:10:24,10.56,-0.01,15,15840,卖盘
1686,11:10:21,10.57,0.01,51,53907,买盘
1687,11:10:15,10.56,--,108,114048,卖盘
1688,11:10:12,10.56,--,1,1056,卖盘
1689,11:10:09,10.56,--,20,21120,卖盘
1690,11:10:03,10.56,0.01,28,29568,买盘
1691,11:10:00,10.55,-0.01,10,10550,卖盘
1692,11:09:57,10.56,0.01,1,1056,买盘
1693,11:09:54,10.55,-0.01,60,63300,卖盘
1694,11:09:45,10.56,--,9,9504,买盘
1695,11:09:42,10.56,--,30,31680,买盘
1696,11:09:24,10.56,-0.01,50,52800,卖盘
1697,11:09:21,10.57,--,136,143752,买盘
1698,11:09:06,10.57,0.01,2,2114,买盘
1699,11:09:03,10.56,--,3,3168,卖盘
1700,11:09:00,10.56,--,6,6336,卖盘
1701,11:08:57,10.56,--,2,2112,卖盘
1702,11:08:54,10.56,--,80,84480,卖盘
1703,11:08:48,10.56,--,20,21120,卖盘
1704,11:08:36,10.56,--,11,11616,卖盘
1705,11:08:24,10.56,-0.01,60,63360,卖盘
1706,11:08:15,10.57,--,86,90902,买盘
1707,11:08:09,10.57,0.01,30,31710,买盘
1708,11:07:54,10.56,--,5,5280,卖盘
1709,11:07:51,10.56,--,62,65472,卖盘
1710,11:07:39,10.56,-0.01,10,10560,中性盘
1711,11:07:21,10.57,--,79,83503,买盘
1712,11:07:18,10.57,0.01,11,11627,买盘
1713,11:07:15,10.56,-0.01,34,35904,卖盘
1714,11:07:12,10.57,--,10,10570,买盘
1715,11:07:09,10.57,--,38,40166,买盘
1716,11:07:03,10.57,--,20,21140,买盘
1717,11:06:57,10.57,0.02,4,4228,买盘
1718,11:06:51,10.55,-0.02,60,63300,卖盘
1719,11:06:45,10.57,0.01,21,22197,买盘
1720,11:06:39,10.56,-0.01,64,67584,卖盘
1721,11:06:36,10.57,0.01,36,38052,买盘
1722,11:06:30,10.56,-0.01,2,2112,卖盘
1723,11:06:27,10.57,--,23,24311,买盘
1724,11:06:24,10.57,--,20,21140,买盘
1725,11:06:21,10.57,0.01,76,80332,买盘
1726,11:06:18,10.56,-0.01,80,84480,卖盘
1727,11:06:15,10.57,--,18,19026,买盘
1728,11:06:12,10.57,--,31,32767,买盘
1729,11:06:06,10.57,--,20,21140,买盘
1730,11:06:00,10.57,0.02,30,31710,买盘
1731,11:05:51,10.55,--,9,9495,卖盘
1732,11:05:48,10.55,-0.02,60,63300,卖盘
1733,11:05:45,10.57,--,31,32767,买盘
1734,11:05:39,10.57,0.02,8,8456,买盘
1735,11:05:30,10.55,--,16,16880,卖盘
1736,11:05:24,10.55,--,38,40090,卖盘
1737,11:05:21,10.55,--,5,5275,卖盘
1738,11:05:18,10.55,-0.02,80,84400,卖盘
1739,11:05:15,10.57,0.02,31,32767,买盘
1740,11:05:12,10.55,-0.02,6,6330,卖盘
1741,11:05:09,10.57,0.02,48,50736,买盘
1742,11:05:03,10.55,--,36,37980,卖盘
1743,11:05:00,10.55,-0.02,100,105500,卖盘
1744,11:04:54,10.57,0.02,59,62363,买盘
1745,11:04:48,10.55,-0.01,60,63300,卖盘
1746,11:04:39,10.56,-0.01,101,106656,卖盘
1747,11:04:36,10.57,0.01,32,33824,买盘
1748,11:04:33,10.56,0.01,27,28512,买盘
1749,11:04:30,10.55,--,10,10550,卖盘
1750,11:04:21,10.55,--,2,2110,卖盘
1751,11:04:18,10.55,-0.01,60,63300,卖盘
1752,11:04:15,10.56,--,20,21120,买盘
1753,11:04:12,10.56,--,20,21120,买盘
1754,11:04:00,10.56,--,6,6336,买盘
1755,11:03:57,10.56,0.01,18,19008,买盘
1756,11:03:54,10.55,--,30,31650,卖盘
1757,11:03:48,10.55,-0.01,60,63300,卖盘
1758,11:03:42,10.56,0.01,4,4224,买盘
1759,11:03:39,10.55,-0.01,1,1055,卖盘
1760,11:03:33,10.56,0.01,55,58080,买盘
1761,11:03:30,10.55,--,10,10550,卖盘
1762,11:03:27,10.55,-0.01,8,8440,卖盘
1763,11:03:24,10.56,--,3,3168,买盘
1764,11:03:21,10.56,0.01,85,89760,买盘
1765,11:03:18,10.55,--,2,2110,卖盘
1766,11:03:15,10.55,--,60,63300,卖盘
1767,11:03:09,10.55,-0.01,119,125545,卖盘
1768,11:03:06,10.56,--,3,3168,买盘
1769,11:03:03,10.56,0.01,28,29568,买盘
1770,11:02:45,10.55,-0.02,261,275355,卖盘
1771,11:02:18,10.57,0.02,80,84560,买盘
1772,11:02:15,10.55,-0.01,70,73850,卖盘
1773,11:02:09,10.56,0.01,30,31680,买盘
1774,11:02:06,10.55,-0.01,3,3165,卖盘
1775,11:01:51,10.56,-0.01,11,11616,卖盘
1776,11:01:48,10.57,0.01,54,57078,买盘
1777,11:01:45,10.56,--,60,63360,卖盘
1778,11:01:42,10.56,--,10,10560,卖盘
1779,11:01:21,10.56,--,24,25344,买盘
1780,11:01:18,10.56,--,22,23232,买盘
1781,11:01:15,10.56,--,18,19008,卖盘
1782,11:01:09,10.56,-0.01,2,2112,卖盘
1783,11:01:06,10.57,0.01,99,104643,买盘
1784,11:01:03,10.56,--,3,3168,卖盘
1785,11:00:48,10.56,--,1,1056,卖盘
1786,11:00:42,10.56,-0.01,160,168960,卖盘
1787,11:00:39,10.57,0.01,1,1057,买盘
1788,11:00:36,10.56,--,53,55968,卖盘
1789,11:00:27,10.56,-0.02,2,2112,卖盘
1790,11:00:24,10.58,0.02,4,4232,买盘
1791,11:00:12,10.56,--,60,63360,卖盘
1792,11:00:09,10.56,--,52,54912,卖盘
1793,11:00:06,10.56,-0.02,10,10560,卖盘
1794,11:00:03,10.58,0.01,96,101568,买盘
1795,10:59:54,10.57,--,34,35938,买盘
1796,10:59:51,10.57,--,8,8456,买盘
1797,10:59:48,10.57,0.01,1,1057,买盘
1798,10:59:45,10.56,-0.01,2,2112,卖盘
1799,10:59:24,10.57,--,20,21140,卖盘
1800,10:59:12,10.57,-0.01,60,63420,卖盘
1801,10:59:09,10.58,--,56,59248,买盘
1802,10:59:06,10.58,0.01,32,33856,买盘
1803,10:58:54,10.57,--,15,15855,卖盘
1804,10:58:42,10.57,-0.01,60,63420,卖盘
1805,10:58:33,10.58,--,11,11638,买盘
1806,10:58:30,10.58,0.01,10,10580,买盘
1807,10:58:27,10.57,--,26,27482,卖盘
1808,10:58:24,10.57,-0.01,2,2114,卖盘
1809,10:58:21,10.58,--,10,10580,买盘
1810,10:58:18,10.58,--,35,37030,买盘
1811,10:58:15,10.58,--,10,10580,买盘
1812,10:58:12,10.58,0.01,36,38088,买盘
1813,10:58:09,10.57,--,86,90902,卖盘
1814,10:58:06,10.57,-0.01,3,3171,卖盘
1815,10:58:00,10.58,0.01,102,107916,买盘
1816,10:57:54,10.57,--,58,61306,卖盘
1817,10:57:39,10.57,-0.01,61,64477,卖盘
1818,10:57:36,10.58,0.01,11,11638,买盘
1819,10:57:30,10.57,-0.01,5,5285,中性盘
1820,10:57:18,10.58,0.02,39,41262,买盘
1821,10:57:09,10.56,--,60,63360,卖盘
1822,10:57:06,10.56,--,2,2112,卖盘
1823,10:57:00,10.56,-0.02,4,4224,卖盘
1824,10:56:51,10.58,0.01,52,55016,买盘
1825,10:56:42,10.57,--,4,4228,卖盘
1826,10:56:39,10.57,-0.01,111,117327,卖盘
1827,10:56:36,10.58,0.01,28,29624,买盘
1828,10:56:27,10.57,0.01,2,2114,中性盘
1829,10:56:09,10.56,-0.01,200,211200,卖盘
1830,10:56:06,10.57,-0.01,74,78218,买盘
1831,10:55:54,10.58,0.01,86,90988,买盘
1832,10:55:51,10.57,--,209,220913,卖盘
1833,10:55:45,10.57,--,6,6342,卖盘
1834,10:55:39,10.57,--,1,1057,卖盘
1835,10:55:36,10.57,-0.01,156,164892,卖盘
1836,10:55:30,10.58,--,5,5290,买盘
1837,10:55:18,10.58,0.01,45,47610,买盘
1838,10:55:15,10.57,--,4,4228,卖盘
1839,10:55:09,10.57,--,4,4228,卖盘
1840,10:55:06,10.57,-0.01,60,63420,卖盘
1841,10:54:57,10.58,--,11,11638,买盘
1842,10:54:51,10.58,0.01,8,8464,买盘
1843,10:54:48,10.57,-0.01,31,32767,卖盘
1844,10:54:39,10.58,0.01,1,1058,买盘
1845,10:54:36,10.57,--,66,69762,卖盘
1846,10:54:30,10.57,--,3,3171,卖盘
1847,10:54:15,10.57,--,2,2114,卖盘
1848,10:54:12,10.57,--,6,6342,卖盘
1849,10:54:06,10.57,0.01,142,150094,买盘
1850,10:54:03,10.56,--,286,302016,卖盘
1851,10:53:57,10.56,-0.01,6,6336,卖盘
1852,10:53:54,10.57,--,108,114156,买盘
1853,10:53:48,10.57,0.01,5,5285,买盘
1854,10:53:45,10.56,--,4,4224,卖盘
1855,10:53:33,10.56,--,69,72864,卖盘
1856,10:53:30,10.56,-0.01,3,3168,卖盘
1857,10:53:24,10.57,0.01,237,250509,买盘
1858,10:53:18,10.56,--,29,30624,卖盘
1859,10:53:15,10.56,-0.01,20,21120,买盘
1860,10:53:09,10.57,0.02,28,29596,买盘
1861,10:53:03,10.55,-0.01,60,63300,卖盘
1862,10:53:00,10.56,-0.01,19,20064,中性盘
1863,10:52:45,10.57,--,427,451339,卖盘
1864,10:52:36,10.57,--,34,35938,卖盘
1865,10:52:33,10.57,--,60,63420,卖盘
1866,10:52:30,10.57,--,502,530614,买盘
1867,10:52:27,10.57,0.02,85,89845,买盘
1868,10:52:24,10.55,--,81,85455,卖盘
1869,10:52:18,10.55,--,47,49585,卖盘
1870,10:52:15,10.55,--,27,28485,卖盘
1871,10:52:03,10.55,--,60,63300,卖盘
1872,10:52:00,10.55,--,2,2110,卖盘
1873,10:51:54,10.55,--,3,3165,卖盘
1874,10:51:48,10.55,-0.02,59,62245,卖盘
1875,10:51:42,10.57,0.02,31,32767,买盘
1876,10:51:39,10.55,-0.02,81,85455,卖盘
1877,10:51:36,10.57,0.01,51,53907,买盘
1878,10:51:33,10.56,0.01,80,84480,中性盘
1879,10:51:24,10.55,-0.01,1030,1086650,卖盘
1880,10:51:21,10.56,--,67,70752,卖盘
1881,10:51:18,10.56,--,13,13728,卖盘
1882,10:51:15,10.56,--,32,33792,卖盘
1883,10:51:06,10.56,--,30,31680,卖盘
1884,10:51:00,10.56,-0.01,60,63360,卖盘
1885,10:50:57,10.57,0.01,16,16912,买盘
1886,10:50:51,10.56,--,204,215424,卖盘
1887,10:50:48,10.56,--,7,7392,卖盘
1888,10:50:42,10.56,--,10,10560,卖盘
1889,10:50:39,10.56,--,2,2112,卖盘
1890,10:50:36,10.56,--,14,14784,卖盘
1891,10:50:33,10.56,--,1,1056,卖盘
1892,10:50:30,10.56,--,60,63360,卖盘
1893,10:50:15,10.56,-0.01,1,1056,卖盘
1894,10:50:12,10.57,0.01,10,10570,买盘
1895,10:50:06,10.56,-0.01,10,10560,卖盘
1896,10:50:03,10.57,0.01,4,4228,买盘
1897,10:50:00,10.56,-0.01,60,63360,卖盘
1898,10:49:57,10.57,0.01,85,89845,买盘
1899,10:49:54,10.56,-0.01,25,26400,卖盘
1900,10:49:51,10.57,--,60,63420,买盘
1901,10:49:48,10.57,0.01,42,44394,买盘
1902,10:49:45,10.56,--,10,10560,卖盘
1903,10:49:42,10.56,-0.01,10,10560,卖盘
1904,10:49:36,10.57,0.01,61,64477,买盘
1905,10:49:33,10.56,-0.01,5,5280,卖盘
1906,10:49:30,10.57,0.01,5,5285,买盘
1907,10:49:27,10.56,--,10,10560,卖盘
1908,10:49:18,10.56,--,95,100320,卖盘
1909,10:49:12,10.56,--,7,7392,卖盘
1910,10:49:06,10.56,--,5,5280,卖盘
1911,10:49:03,10.56,-0.01,15,15840,卖盘
1912,10:49:00,10.57,--,79,83503,买盘
1913,10:48:57,10.57,--,26,27482,买盘
1914,10:48:54,10.57,--,46,48622,买盘
1915,10:48:48,10.57,--,28,29596,买盘
1916,10:48:45,10.57,0.01,8,8456,买盘
1917,10:48:42,10.56,-0.01,1,1056,卖盘
1918,10:48:33,10.57,0.01,1,1057,买盘
1919,10:48:30,10.56,-0.01,48,50688,卖盘
1920,10:48:24,10.57,0.01,36,38052,买盘
1921,10:48:18,10.56,--,1,1056,卖盘
1922,10:48:15,10.56,-0.01,16,16896,卖盘
1923,10:48:09,10.57,--,2,2114,买盘
1924,10:48:06,10.57,0.01,31,32767,买盘
1925,10:48:00,10.56,-0.01,10,10560,卖盘
1926,10:47:57,10.57,-0.01,1,1057,中性盘
1927,10:47:54,10.58,0.02,55,58190,买盘
1928,10:47:51,10.56,-0.02,10,10560,卖盘
1929,10:47:45,10.58,0.01,9,9522,买盘
1930,10:47:39,10.57,--,36,38052,卖盘
1931,10:47:33,10.57,--,28,29596,买盘
1932,10:47:30,10.57,0.01,16,16912,买盘
1933,10:47:24,10.56,--,21,22176,卖盘
1934,10:47:21,10.56,-0.01,3,3168,卖盘
1935,10:47:18,10.57,--,124,131068,买盘
1936,10:47:15,10.57,0.01,1,1057,买盘
1937,10:47:12,10.56,-0.01,60,63360,卖盘
1938,10:47:09,10.57,--,7,7399,买盘
1939,10:47:06,10.57,--,196,207172,卖盘
1940,10:47:03,10.57,-0.01,20,21140,中性盘
1941,10:47:00,10.58,--,46,48668,买盘
1942,10:46:51,10.58,--,8,8464,买盘
1943,10:46:48,10.58,0.01,64,67712,买盘
1944,10:46:45,10.57,--,30,31710,买盘
1945,10:46:42,10.57,--,50,52850,买盘
1946,10:46:36,10.57,--,22,23254,买盘
1947,10:46:33,10.57,--,3,3171,买盘
1948,10:46:30,10.57,0.01,6,6342,买盘
1949,10:46:27,10.56,-0.01,1,1056,卖盘
1950,10:46:24,10.57,--,21,22197,中性盘
1951,10:46:12,10.57,--,20,21140,买盘
1952,10:46:09,10.57,0.01,48,50736,买盘
1953,10:46:06,10.56,--,10,10560,卖盘
1954,10:45:57,10.56,-0.01,22,23232,卖盘
1955,10:45:51,10.57,0.01,58,61306,买盘
1956,10:45:39,10.56,-0.01,27,28512,卖盘
1957,10:45:36,10.57,--,25,26425,买盘
1958,10:45:33,10.57,--,19,20083,买盘
1959,10:45:27,10.57,--,30,31710,卖盘
1960,10:45:24,10.57,-0.01,15,15855,卖盘
1961,10:45:15,10.58,--,28,29624,买盘
1962,10:45:12,10.58,-0.01,108,114264,中性盘
1963,10:45:03,10.59,0.02,142,150378,买盘
1964,10:45:00,10.57,-0.02,93,98301,卖盘
1965,10:44:57,10.59,0.01,31,32829,买盘
1966,10:44:51,10.58,--,83,87814,卖盘
1967,10:44:48,10.58,0.01,249,263442,买盘
1968,10:44:27,10.57,-0.01,9,9513,卖盘
1969,10:44:24,10.58,-0.01,21,22218,中性盘
1970,10:44:21,10.59,--,56,59304,买盘
1971,10:44:15,10.59,0.01,54,57186,买盘
1972,10:44:12,10.58,--,48,50784,卖盘
1973,10:44:06,10.58,-0.01,12,12696,中性盘
1974,10:43:54,10.59,0.01,112,118608,买盘
1975,10:43:51,10.58,--,2,2116,卖盘
1976,10:43:48,10.58,-0.01,100,105800,卖盘
1977,10:43:45,10.59,0.01,78,82602,买盘
1978,10:43:42,10.58,--,1,1058,卖盘
1979,10:43:39,10.58,--,18,19044,卖盘
1980,10:43:36,10.58,-0.01,20,21160,卖盘
1981,10:43:30,10.59,--,49,51891,买盘
1982,10:43:27,10.59,0.01,30,31770,买盘
1983,10:43:21,10.58,--,100,105800,卖盘
1984,10:43:18,10.58,--,80,84640,卖盘
1985,10:43:15,10.58,--,70,74060,卖盘
1986,10:43:12,10.58,-0.01,3,3174,卖盘
1987,10:43:09,10.59,0.01,43,45537,买盘
1988,10:43:06,10.58,--,118,124844,卖盘
1989,10:43:03,10.58,--,44,46552,卖盘
1990,10:42:57,10.58,-0.01,19,20102,卖盘
1991,10:42:54,10.59,--,78,82602,买盘
1992,10:42:36,10.59,--,24,25416,卖盘
1993,10:42:33,10.59,--,5,5295,买盘
1994,10:42:30,10.59,--,95,100605,卖盘
1995,10:42:24,10.59,--,50,52950,卖盘
1996,10:42:15,10.59,--,80,84720,卖盘
1997,10:42:12,10.59,--,1,1059,卖盘
1998,10:42:06,10.59,-0.01,17,18003,中性盘
1999,10:42:00,10.6,0.01,176,186560,买盘
2000,10:41:54,10.59,0.01,1200,1270800,买盘
2001,10:41:51,10.58,--,8,8464,卖盘
2002,10:41:45,10.58,--,44,46552,买盘
2003,10:41:42,10.58,--,20,21160,买盘
2004,10:41:36,10.58,0.01,9,9522,买盘
2005,10:41:33,10.57,-0.01,64,67648,卖盘
2006,10:41:27,10.58,0.01,2,2116,买盘
2007,10:41:24,10.57,-0.02,1,1057,卖盘
2008,10:41:18,10.59,0.02,500,529500,买盘
2009,10:41:15,10.57,--,17,17969,买盘
2010,10:41:12,10.57,-0.01,316,334012,卖盘
2011,10:41:09,10.58,--,208,220064,买盘
2012,10:41:06,10.58,--,56,59248,买盘
2013,10:41:00,10.58,--,205,216890,买盘
2014,10:40:54,10.58,--,7,7406,买盘
2015,10:40:48,10.58,--,2,2116,买盘
2016,10:40:45,10.58,--,24,25392,买盘
2017,10:40:42,10.58,0.01,52,55016,买盘
2018,10:40:36,10.57,-0.01,7,7399,卖盘
2019,10:40:33,10.58,0.01,21,22218,买盘
2020,10:40:30,10.57,-0.01,24,25368,中性盘
2021,10:40:18,10.58,--,21,22218,买盘
2022,10:40:15,10.58,0.02,33,34914,买盘
2023,10:40:12,10.56,--,12,12672,卖盘
2024,10:40:06,10.56,--,1,1056,卖盘
2025,10:40:00,10.56,-0.01,13,13728,卖盘
2026,10:39:51,10.57,0.01,33,34881,买盘
2027,10:39:48,10.56,-0.01,30,31680,卖盘
2028,10:39:33,10.57,--,10,10570,买盘
2029,10:39:30,10.57,--,2,2114,买盘
2030,10:39:27,10.57,--,19,20083,卖盘
2031,10:39:24,10.57,-0.01,20,21140,卖盘
2032,10:39:21,10.58,0.01,15,15870,买盘
2033,10:39:15,10.57,-0.01,30,31710,卖盘
2034,10:39:12,10.58,0.01,15,15870,买盘
2035,10:39:09,10.57,--,10,10570,卖盘
2036,10:38:57,10.57,--,13,13741,卖盘
2037,10:38:54,10.57,--,10,10570,卖盘
2038,10:38:51,10.57,--,85,89845,卖盘
2039,10:38:48,10.57,--,16,16912,卖盘
2040,10:38:42,10.57,--,181,191317,卖盘
2041,10:38:36,10.57,--,39,41223,卖盘
2042,10:38:27,10.57,--,10,10570,卖盘
2043,10:38:18,10.57,--,23,24311,卖盘
2044,10:38:09,10.57,--,29,30653,卖盘
2045,10:37:57,10.57,-0.01,51,53907,卖盘
2046,10:37:51,10.58,--,1,1058,买盘
2047,10:37:48,10.58,--,54,57132,买盘
2048,10:37:45,10.58,--,102,107916,买盘
2049,10:37:33,10.58,0.02,400,423200,买盘
2050,10:37:30,10.56,--,101,106656,卖盘
2051,10:37:27,10.56,--,30,31680,卖盘
2052,10:37:24,10.56,-0.01,146,154176,卖盘
2053,10:37:21,10.57,--,16,16912,买盘
2054,10:37:18,10.57,0.01,29,30653,买盘
2055,10:37:15,10.56,-0.01,2,2112,卖盘
2056,10:37:09,10.57,0.01,31,32767,买盘
2057,10:37:06,10.56,-0.01,20,21120,中性盘
2058,10:37:00,10.57,0.01,180,190260,买盘
2059,10:36:57,10.56,--,55,58080,买盘
2060,10:36:54,10.56,--,70,73920,买盘
2061,10:36:51,10.56,0.01,15,15840,买盘
2062,10:36:48,10.55,--,61,64355,卖盘
2063,10:36:45,10.55,--,20,21100,卖盘
2064,10:36:42,10.55,-0.01,12,12660,卖盘
2065,10:36:39,10.56,0.01,8,8448,买盘
2066,10:36:33,10.55,--,50,52750,卖盘
2067,10:36:30,10.55,-0.01,37,39035,卖盘
2068,10:36:27,10.56,--,11,11616,买盘
2069,10:36:24,10.56,0.01,10,10560,买盘
2070,10:36:18,10.55,--,10,10550,卖盘
2071,10:36:09,10.55,-0.01,2,2110,卖盘
2072,10:36:06,10.56,--,18,19008,买盘
2073,10:36:03,10.56,-0.01,304,321024,卖盘
2074,10:36:00,10.57,0.01,15,15855,买盘
2075,10:35:54,10.56,-0.01,5,5280,卖盘
2076,10:35:51,10.57,0.01,7,7399,买盘
2077,10:35:48,10.56,--,6,6336,卖盘
2078,10:35:45,10.56,-0.01,31,32736,卖盘
2079,10:35:39,10.57,0.01,4,4228,买盘
2080,10:35:36,10.56,-0.01,20,21120,卖盘
2081,10:35:33,10.57,--,107,113099,买盘
2082,10:35:30,10.57,--,16,16912,买盘
2083,10:35:27,10.57,0.01,22,23254,买盘
2084,10:35:18,10.56,--,7,7392,卖盘
2085,10:35:15,10.56,-0.02,27,28512,卖盘
2086,10:35:09,10.58,0.02,48,50784,买盘
2087,10:35:06,10.56,0.01,102,107712,中性盘
2088,10:35:03,10.55,-0.02,94,99170,卖盘
2089,10:34:57,10.57,0.02,8,8456,买盘
2090,10:34:51,10.55,-0.03,20,21100,卖盘
2091,10:34:45,10.58,0.02,360,380880,买盘
2092,10:34:42,10.56,0.01,3,3168,中性盘
2093,10:34:39,10.55,--,21,22155,卖盘
2094,10:34:36,10.55,--,19,20045,卖盘
2095,10:34:30,10.55,--,164,173020,买盘
2096,10:34:27,10.55,--,89,93895,买盘
2097,10:34:24,10.55,-0.02,415,437825,卖盘
2098,10:34:21,10.57,0.01,106,112042,买盘
2099,10:34:18,10.56,0.01,58,61248,买盘
2100,10:34:15,10.55,-0.01,150,158250,卖盘
2101,10:34:12,10.56,--,100,105600,买盘
2102,10:34:09,10.56,--,15,15840,买盘
2103,10:34:06,10.56,0.01,68,71808,买盘
2104,10:33:57,10.55,-0.01,19,20045,卖盘
2105,10:33:48,10.56,--,32,33792,买盘
2106,10:33:45,10.56,0.01,52,54912,买盘
2107,10:33:39,10.55,--,39,41145,卖盘
2108,10:33:36,10.55,--,15,15825,卖盘
2109,10:33:33,10.55,-0.01,122,128710,卖盘
2110,10:33:30,10.56,--,8,8448,买盘
2111,10:33:27,10.56,--,13,13728,买盘
2112,10:33:24,10.56,--,7,7392,买盘
2113,10:33:21,10.56,-0.02,1436,1516416,卖盘
2114,10:33:15,10.58,0.01,14,14812,买盘
2115,10:33:09,10.57,-0.01,324,342468,卖盘
2116,10:33:06,10.58,--,90,95220,买盘
2117,10:32:42,10.58,--,46,48668,卖盘
2118,10:32:39,10.58,--,10,10580,卖盘
2119,10:32:36,10.58,-0.01,100,105800,卖盘
2120,10:32:33,10.59,0.01,32,33888,买盘
2121,10:32:27,10.58,-0.01,6,6348,卖盘
2122,10:32:21,10.59,--,26,27534,买盘
2123,10:32:15,10.59,0.01,81,85779,买盘
2124,10:32:12,10.58,-0.01,269,284602,卖盘
2125,10:32:06,10.59,--,10,10590,买盘
2126,10:32:03,10.59,--,171,181089,买盘
2127,10:32:00,10.59,--,310,328290,卖盘
2128,10:31:57,10.59,--,7,7413,卖盘
2129,10:31:54,10.59,--,72,76248,卖盘
2130,10:31:51,10.59,--,192,203328,卖盘
2131,10:31:48,10.59,--,10,10590,卖盘
2132,10:31:39,10.59,--,20,21180,卖盘
2133,10:31:36,10.59,--,35,37065,买盘
2134,10:31:33,10.59,--,12,12708,买盘
2135,10:31:30,10.59,0.01,300,317700,买盘
2136,10:31:27,10.58,--,3,3174,卖盘
2137,10:31:24,10.58,-0.01,16,16928,卖盘
2138,10:31:15,10.59,0.01,41,43419,买盘
2139,10:31:12,10.58,-0.01,30,31740,卖盘
2140,10:31:03,10.59,0.01,3,3177,买盘
2141,10:31:00,10.58,--,2,2116,卖盘
2142,10:30:57,10.58,--,42,44436,卖盘
2143,10:30:54,10.58,--,132,139656,卖盘
2144,10:30:51,10.58,--,15,15870,卖盘
2145,10:30:48,10.58,--,10,10580,卖盘
2146,10:30:45,10.58,--,1,1058,卖盘
2147,10:30:42,10.58,-0.01,2,2116,卖盘
2148,10:30:39,10.59,0.01,20,21180,买盘
2149,10:30:36,10.58,-0.01,106,112148,卖盘
2150,10:30:30,10.59,--,9,9531,买盘
2151,10:30:27,10.59,0.01,1,1069,买盘
2152,10:30:24,10.58,-0.01,10,10580,卖盘
2153,10:30:15,10.59,0.01,5,5295,买盘
2154,10:30:06,10.58,-0.01,300,317400,卖盘
2155,10:29:57,10.59,--,3,3177,卖盘
2156,10:29:48,10.59,-0.01,3,3177,卖盘
2157,10:29:42,10.6,--,22,23320,买盘
2158,10:29:39,10.6,-0.01,175,185500,卖盘
2159,10:29:36,10.61,0.01,8,8488,买盘
2160,10:29:33,10.6,--,43,45580,卖盘
2161,10:29:30,10.6,--,100,106000,卖盘
2162,10:29:27,10.6,-0.01,515,545900,卖盘
2163,10:29:24,10.61,--,57,60477,买盘
2164,10:29:21,10.61,0.01,71,75331,买盘
2165,10:29:18,10.6,-0.01,10,10600,卖盘
2166,10:29:15,10.61,0.01,144,152784,买盘
2167,10:29:12,10.6,--,69,73140,卖盘
2168,10:29:09,10.6,--,5,5300,卖盘
2169,10:29:03,10.6,-0.01,20,21200,卖盘
2170,10:29:00,10.61,--,131,138991,买盘
2171,10:28:57,10.61,0.01,22,23342,买盘
2172,10:28:48,10.6,--,1,1060,卖盘
2173,10:28:45,10.6,-0.01,2,2120,卖盘
2174,10:28:39,10.61,--,4,4244,买盘
2175,10:28:36,10.61,0.01,4,4244,买盘
2176,10:28:30,10.6,--,11,11660,卖盘
2177,10:28:27,10.6,--,26,27560,卖盘
2178,10:28:24,10.6,--,30,31800,卖盘
2179,10:28:18,10.6,-0.01,40,42400,卖盘
2180,10:28:12,10.61,0.01,68,72148,买盘
2181,10:28:09,10.6,--,10,10600,卖盘
2182,10:28:06,10.6,--,25,26500,卖盘
2183,10:28:03,10.6,-0.01,1,1060,卖盘
2184,10:28:00,10.61,--,1,1061,买盘
2185,10:27:54,10.61,--,2,2122,买盘
2186,10:27:51,10.61,--,10,10610,买盘
2187,10:27:45,10.61,0.01,1,1061,买盘
2188,10:27:27,10.6,-0.01,2,2120,卖盘
2189,10:27:24,10.61,--,90,95490,买盘
2190,10:27:21,10.61,0.01,54,57294,买盘
2191,10:27:18,10.6,--,30,31800,卖盘
2192,10:27:12,10.6,--,5,5300,卖盘
2193,10:27:09,10.6,-0.01,1,1060,卖盘
2194,10:27:06,10.61,0.01,78,82758,买盘
2195,10:27:03,10.6,--,5,5300,卖盘
2196,10:27:00,10.6,--,4,4240,卖盘
2197,10:26:57,10.6,--,5,5300,卖盘
2198,10:26:51,10.6,-0.01,3,3180,卖盘
2199,10:26:48,10.61,0.01,30,31830,买盘
2200,10:26:42,10.6,-0.01,39,41340,卖盘
2201,10:26:36,10.61,--,10,10610,买盘
2202,10:26:30,10.61,--,40,43288,卖盘
2203,10:26:27,10.61,--,101,107161,卖盘
2204,10:26:24,10.61,-0.01,9,9549,卖盘
2205,10:26:21,10.62,--,204,216647,买盘
2206,10:26:18,10.62,0.01,57,60533,买盘
2207,10:26:06,10.61,--,40,42440,卖盘
2208,10:26:03,10.61,--,10,10610,卖盘
2209,10:25:57,10.61,-0.01,4,4244,卖盘
2210,10:25:48,10.62,0.01,68,72216,买盘
2211,10:25:45,10.61,--,3,3183,卖盘
2212,10:25:42,10.61,--,311,329971,卖盘
2213,10:25:39,10.61,--,72,76392,卖盘
2214,10:25:33,10.61,--,14,15066,卖盘
2215,10:25:27,10.61,--,3,3183,卖盘
2216,10:25:18,10.61,-0.01,18,19098,卖盘
2217,10:25:09,10.62,--,23,24426,买盘
2218,10:25:06,10.62,--,30,31859,买盘
2219,10:25:00,10.62,--,10,10620,买盘
2220,10:24:57,10.62,--,14,14867,买盘
2221,10:24:54,10.62,0.01,5,5310,买盘
2222,10:24:51,10.61,-0.01,1,1061,卖盘
2223,10:24:48,10.62,--,23,24426,买盘
2224,10:24:33,10.62,--,5,5310,买盘
2225,10:24:30,10.62,--,30,31859,买盘
2226,10:24:27,10.62,--,51,54161,买盘
2227,10:24:24,10.62,--,1,1062,买盘
2228,10:24:21,10.62,--,3,3185,买盘
2229,10:24:15,10.62,--,749,795629,买盘
2230,10:24:12,10.62,--,70,74340,买盘
2231,10:24:09,10.62,0.01,298,316476,买盘
2232,10:24:06,10.61,--,12,12732,卖盘
2233,10:23:57,10.61,-0.01,71,75331,卖盘
2234,10:23:54,10.62,0.01,1,1062,买盘
2235,10:23:51,10.61,--,220,233420,卖盘
2236,10:23:48,10.61,--,3,3183,卖盘
2237,10:23:42,10.61,--,33,35883,买盘
2238,10:23:36,10.61,--,260,275860,买盘
2239,10:23:33,10.61,0.01,247,262067,买盘
2240,10:23:30,10.6,--,21,22260,卖盘
2241,10:23:24,10.6,--,10,10600,卖盘
2242,10:23:21,10.6,--,20,21200,卖盘
2243,10:23:18,10.6,--,30,31800,卖盘
2244,10:23:12,10.6,--,30,31800,卖盘
2245,10:23:09,10.6,0.01,218,231080,买盘
2246,10:23:06,10.59,-0.01,22,23298,卖盘
2247,10:23:00,10.6,0.01,41,43460,买盘
2248,10:22:57,10.59,--,10,10590,卖盘
2249,10:22:51,10.59,--,32,33888,卖盘
2250,10:22:48,10.59,--,90,95310,卖盘
2251,10:22:45,10.59,-0.01,10,10590,卖盘
2252,10:22:42,10.6,0.01,32,33920,买盘
2253,10:22:39,10.59,-0.01,102,108018,卖盘
2254,10:22:33,10.6,0.01,5,5300,买盘
2255,10:22:30,10.59,--,61,64599,卖盘
2256,10:22:27,10.59,--,11,11649,卖盘
2257,10:22:24,10.59,--,18,19062,卖盘
2258,10:22:21,10.59,--,61,64599,卖盘
2259,10:22:15,10.59,--,10,10590,卖盘
2260,10:22:06,10.59,--,88,93192,卖盘
2261,10:22:03,10.59,--,10,10590,卖盘
2262,10:21:51,10.59,-0.01,1,1059,卖盘
2263,10:21:48,10.6,--,1,1060,买盘
2264,10:21:45,10.6,--,6,6360,买盘
2265,10:21:33,10.6,0.01,25,26500,买盘
2266,10:21:27,10.59,--,100,105900,卖盘
2267,10:21:24,10.59,-0.01,120,127080,卖盘
2268,10:21:21,10.6,--,1,1060,买盘
2269,10:21:18,10.6,--,2,2120,买盘
2270,10:21:12,10.6,--,35,37100,卖盘
2271,10:21:09,10.6,--,159,168540,卖盘
2272,10:21:06,10.6,--,22,23320,卖盘
2273,10:21:03,10.6,--,30,31800,卖盘
2274,10:21:00,10.6,--,32,33920,中性盘
2275,10:20:54,10.6,0.01,1,1060,卖盘
2276,10:20:51,10.59,--,16,16944,卖盘
2277,10:20:48,10.59,-0.02,262,277458,卖盘
2278,10:20:45,10.61,0.02,20,21220,买盘
2279,10:20:36,10.59,-0.02,100,105900,卖盘
2280,10:20:33,10.61,--,13,13793,买盘
2281,10:20:30,10.61,0.02,296,314056,买盘
2282,10:20:15,10.59,-0.01,64,67776,卖盘
2283,10:20:12,10.6,--,28,29680,买盘
2284,10:20:09,10.6,0.01,2,2120,买盘
2285,10:20:06,10.59,-0.01,38,40242,卖盘
2286,10:19:54,10.6,0.01,9,9540,买盘
2287,10:19:51,10.59,-0.01,3,3177,卖盘
2288,10:19:48,10.6,--,2,2120,买盘
2289,10:19:39,10.6,--,11,11660,买盘
2290,10:19:33,10.6,--,5,5300,卖盘
2291,10:19:30,10.6,--,140,148400,卖盘
2292,10:19:27,10.6,--,1,1060,卖盘
2293,10:19:24,10.6,-0.01,76,80560,卖盘
2294,10:19:18,10.61,0.01,80,84880,买盘
2295,10:19:15,10.6,--,40,42400,卖盘
2296,10:19:09,10.6,-0.01,2,2120,卖盘
2297,10:19:06,10.61,0.01,14,14854,买盘
2298,10:19:03,10.6,-0.01,1,1060,卖盘
2299,10:19:00,10.61,--,21,22281,买盘
2300,10:18:54,10.61,0.01,54,57294,买盘
2301,10:18:51,10.6,--,10,10600,买盘
2302,10:18:48,10.6,--,10,10600,买盘
2303,10:18:45,10.6,--,58,61670,卖盘
2304,10:18:42,10.6,--,45,47700,卖盘
2305,10:18:39,10.6,--,8,8480,卖盘
2306,10:18:36,10.6,-0.01,45,47700,卖盘
2307,10:18:30,10.61,0.01,131,138991,买盘
2308,10:18:27,10.6,--,20,21200,卖盘
2309,10:18:21,10.6,--,101,107060,卖盘
2310,10:18:15,10.6,--,12,12720,卖盘
2311,10:18:09,10.6,--,40,42400,卖盘
2312,10:17:57,10.6,--,20,21200,卖盘
2313,10:17:54,10.6,--,21,22260,卖盘
2314,10:17:45,10.6,--,1,1060,卖盘
2315,10:17:42,10.6,--,5,5300,卖盘
2316,10:17:39,10.6,--,10,10600,卖盘
2317,10:17:36,10.6,--,56,59360,卖盘
2318,10:17:33,10.6,--,12,12720,卖盘
2319,10:17:30,10.6,--,251,266060,卖盘
2320,10:17:27,10.6,--,37,39834,卖盘
2321,10:17:24,10.6,--,1,1060,卖盘
2322,10:17:21,10.6,--,28,29680,卖盘
2323,10:17:18,10.6,--,14,14840,卖盘
2324,10:17:15,10.6,--,38,40280,卖盘
2325,10:17:12,10.6,--,65,68900,卖盘
2326,10:17:09,10.6,--,103,109180,卖盘
2327,10:17:00,10.6,--,5,5300,卖盘
2328,10:16:57,10.6,--,57,60420,卖盘
2329,10:16:54,10.6,0.01,424,449694,买盘
2330,10:16:51,10.59,--,1,1059,卖盘
2331,10:16:48,10.59,--,10,10590,卖盘
2332,10:16:45,10.59,--,15,15885,卖盘
2333,10:16:42,10.59,--,10,10590,卖盘
2334,10:16:39,10.59,-0.01,35,37065,卖盘
2335,10:16:30,10.6,--,112,118720,买盘
2336,10:16:27,10.6,0.01,10,10600,买盘
2337,10:16:18,10.59,-0.01,16,16944,卖盘
2338,10:16:12,10.6,--,138,147085,卖盘
2339,10:16:09,10.6,--,8,8480,卖盘
2340,10:16:00,10.6,-0.01,9,9540,卖盘
2341,10:15:57,10.61,0.02,510,541364,买盘
2342,10:15:51,10.59,0.01,1,1059,买盘
2343,10:15:42,10.58,--,107,113206,卖盘
2344,10:15:39,10.58,--,17,17986,卖盘
2345,10:15:33,10.58,--,4,4232,卖盘
2346,10:15:30,10.58,--,21,22218,卖盘
2347,10:15:27,10.58,-0.01,80,84640,卖盘
2348,10:15:24,10.59,--,14,14826,买盘
2349,10:15:21,10.59,-0.01,4,4236,中性盘
2350,10:15:00,10.6,0.01,199,210940,买盘
2351,10:14:54,10.59,--,31,32829,卖盘
2352,10:14:51,10.59,--,10,10590,卖盘
2353,10:14:48,10.59,--,5,5295,卖盘
2354,10:14:39,10.59,--,41,43419,买盘
2355,10:14:36,10.59,--,5,5295,买盘
2356,10:14:33,10.59,--,26,27534,买盘
2357,10:14:30,10.59,--,2,2118,买盘
2358,10:14:27,10.59,0.01,49,51891,买盘
2359,10:14:24,10.58,--,68,71944,卖盘
2360,10:14:21,10.58,-0.01,40,42320,卖盘
2361,10:14:18,10.59,--,2,2118,买盘
2362,10:14:15,10.59,--,6,6354,买盘
2363,10:14:03,10.59,--,35,37065,买盘
2364,10:13:57,10.59,--,3,3177,买盘
2365,10:13:54,10.59,-0.01,14,14826,买盘
2366,10:13:51,10.6,0.01,180,190800,买盘
2367,10:13:48,10.59,--,94,99546,卖盘
2368,10:13:45,10.59,--,2,2118,卖盘
2369,10:13:42,10.59,--,70,74130,卖盘
2370,10:13:39,10.59,-0.01,30,31770,卖盘
2371,10:13:30,10.6,--,4,4240,买盘
2372,10:13:27,10.6,--,5,5300,买盘
2373,10:13:18,10.6,0.01,4,4240,买盘
2374,10:13:15,10.59,-0.01,132,139788,卖盘
2375,10:13:12,10.6,-0.02,1573,1667380,卖盘
2376,10:13:06,10.62,-0.01,28,29735,卖盘
2377,10:13:03,10.63,0.01,20,21260,买盘
2378,10:13:00,10.62,--,1,1062,卖盘
2379,10:12:51,10.62,--,210,223019,卖盘
2380,10:12:45,10.62,--,10,10620,卖盘
2381,10:12:42,10.62,--,10,10620,卖盘
2382,10:12:39,10.62,--,18,19116,卖盘
2383,10:12:36,10.62,--,10,10620,卖盘
2384,10:12:27,10.62,--,20,21240,卖盘
2385,10:12:21,10.62,-0.01,19,20178,卖盘
2386,10:12:18,10.63,0.01,21,22323,买盘
2387,10:12:15,10.62,--,180,191160,卖盘
2388,10:12:06,10.62,0.01,334,354708,买盘
2389,10:12:03,10.61,-0.01,9,9549,卖盘
2390,10:11:57,10.62,--,27,28673,买盘
2391,10:11:51,10.62,0.01,10,10620,买盘
2392,10:11:48,10.61,--,10,10610,卖盘
2393,10:11:45,10.61,-0.01,75,79575,卖盘
2394,10:11:42,10.62,--,10,10620,买盘
2395,10:11:39,10.62,0.01,10,10620,买盘
2396,10:11:36,10.61,--,1,1061,卖盘
2397,10:11:33,10.61,--,220,233420,卖盘
2398,10:11:30,10.61,--,15,15915,卖盘
2399,10:11:21,10.61,--,10,10610,卖盘
2400,10:11:18,10.61,--,360,381960,卖盘
2401,10:11:15,10.61,-0.01,3,3183,卖盘
2402,10:11:03,10.62,--,10,10620,买盘
2403,10:10:54,10.62,--,45,47790,买盘
2404,10:10:39,10.62,0.01,1,1062,买盘
2405,10:10:36,10.61,-0.01,3,3183,卖盘
2406,10:10:33,10.62,0.01,50,53099,买盘
2407,10:10:24,10.61,-0.01,3,3183,卖盘
2408,10:10:21,10.62,--,32,33984,买盘
2409,10:10:09,10.62,--,111,117881,买盘
2410,10:10:03,10.62,0.01,22,23364,买盘
2411,10:09:57,10.61,--,2,2122,卖盘
2412,10:09:42,10.61,-0.01,15,15915,卖盘
2413,10:09:27,10.62,--,1,1062,买盘
2414,10:09:24,10.62,0.01,1,1062,买盘
2415,10:09:21,10.61,-0.01,30,31830,卖盘
2416,10:09:09,10.62,0.01,10,10620,买盘
2417,10:09:03,10.61,-0.02,500,530500,卖盘
2418,10:08:57,10.63,--,20,21260,买盘
2419,10:08:54,10.63,0.01,6,6378,买盘
2420,10:08:51,10.62,--,87,92394,卖盘
2421,10:08:45,10.62,--,1,1062,卖盘
2422,10:08:39,10.62,--,3,3185,买盘
2423,10:08:36,10.62,--,10,10620,买盘
2424,10:08:33,10.62,--,10,10620,买盘
2425,10:08:27,10.62,--,3,3185,买盘
2426,10:08:24,10.62,--,11,11682,卖盘
2427,10:08:21,10.62,0.01,58,61595,买盘
2428,10:08:18,10.61,-0.01,74,78514,卖盘
2429,10:08:09,10.62,--,2,2124,卖盘
2430,10:08:03,10.62,0.01,135,143370,买盘
2431,10:08:00,10.61,--,340,360740,卖盘
2432,10:07:54,10.61,0.01,51,54111,中性盘
2433,10:07:48,10.6,-0.03,74,78440,卖盘
2434,10:07:45,10.63,0.03,1005,1068315,买盘
2435,10:07:42,10.6,--,513,543780,卖盘
2436,10:07:33,10.6,--,5,5300,卖盘
2437,10:07:30,10.6,-0.01,110,116600,卖盘
2438,10:07:27,10.61,0.01,5,5305,买盘
2439,10:07:24,10.6,-0.01,4,4240,卖盘
2440,10:07:21,10.61,0.01,9,9549,买盘
2441,10:07:18,10.6,--,113,119780,卖盘
2442,10:07:15,10.6,-0.01,39,41340,卖盘
2443,10:07:06,10.61,--,81,85941,买盘
2444,10:07:03,10.61,-0.01,724,768227,卖盘
2445,10:07:00,10.62,0.01,20,21240,买盘
2446,10:06:57,10.61,-0.01,5,5305,卖盘
2447,10:06:54,10.62,0.01,46,48852,买盘
2448,10:06:51,10.61,--,5,5305,卖盘
2449,10:06:48,10.61,--,69,73209,卖盘
2450,10:06:45,10.61,-0.01,5,5305,卖盘
2451,10:06:42,10.62,0.01,11,11682,买盘
2452,10:06:39,10.61,--,150,159150,卖盘
2453,10:06:36,10.61,--,20,21220,卖盘
2454,10:06:27,10.61,-0.02,5,5305,卖盘
2455,10:06:21,10.63,--,60,64821,买盘
2456,10:06:18,10.63,0.01,70,74410,买盘
2457,10:06:15,10.62,--,3,3185,卖盘
2458,10:06:12,10.62,--,128,135936,卖盘
2459,10:06:09,10.62,-0.01,29,30797,卖盘
2460,10:06:06,10.63,--,3,3189,买盘
2461,10:06:03,10.63,--,25,26575,买盘
2462,10:06:00,10.63,--,34,36142,买盘
2463,10:05:54,10.63,0.01,5,5315,买盘
2464,10:05:51,10.62,-0.01,0,21,卖盘
2465,10:05:48,10.63,--,42,45305,卖盘
2466,10:05:45,10.63,--,69,73347,卖盘
2467,10:05:42,10.63,--,13,13819,卖盘
2468,10:05:39,10.63,--,4,4252,卖盘
2469,10:05:36,10.63,--,149,158387,卖盘
2470,10:05:30,10.63,--,59,62717,卖盘
2471,10:05:27,10.63,--,2,2126,卖盘
2472,10:05:24,10.63,--,30,31890,卖盘
2473,10:05:21,10.63,-0.01,70,74410,卖盘
2474,10:05:18,10.64,0.01,1,1064,买盘
2475,10:05:15,10.63,--,73,77599,卖盘
2476,10:05:12,10.63,--,3,3189,卖盘
2477,10:05:06,10.63,--,2,2126,卖盘
2478,10:05:03,10.63,-0.01,88,93544,卖盘
2479,10:05:00,10.64,--,96,102144,买盘
2480,10:04:57,10.64,0.01,3,3192,买盘
2481,10:04:54,10.63,--,12,12756,卖盘
2482,10:04:51,10.63,-0.01,13,13819,卖盘
2483,10:04:48,10.64,--,6,6384,买盘
2484,10:04:45,10.64,--,74,78736,买盘
2485,10:04:42,10.64,--,74,78736,买盘
2486,10:04:39,10.64,--,30,31920,买盘
2487,10:04:36,10.64,--,363,386232,买盘
2488,10:04:33,10.64,--,1,1064,买盘
2489,10:04:27,10.64,--,45,47880,买盘
2490,10:04:24,10.64,--,19,20216,买盘
2491,10:04:21,10.64,0.01,10,10640,买盘
2492,10:04:18,10.63,-0.01,25,26575,卖盘
2493,10:04:15,10.64,--,10,10640,买盘
2494,10:04:12,10.64,--,60,63840,买盘
2495,10:04:09,10.64,--,26,27664,买盘
2496,10:04:06,10.64,--,8,8512,买盘
2497,10:04:03,10.64,--,121,128744,卖盘
2498,10:04:00,10.64,--,205,218120,卖盘
2499,10:03:57,10.64,--,220,234080,卖盘
2500,10:03:54,10.64,-0.01,42,44688,卖盘
2501,10:03:48,10.65,0.01,14,14910,买盘
2502,10:03:45,10.64,--,5,5320,卖盘
2503,10:03:42,10.64,--,5,5320,卖盘
2504,10:03:39,10.64,--,93,98952,卖盘
2505,10:03:36,10.64,--,20,21280,卖盘
2506,10:03:33,10.64,-0.01,27,28728,卖盘
2507,10:03:30,10.65,0.01,1,1065,买盘
2508,10:03:27,10.64,--,2,2128,卖盘
2509,10:03:24,10.64,--,279,296856,卖盘
2510,10:03:21,10.64,--,171,181944,买盘
2511,10:03:18,10.64,--,1,1064,买盘
2512,10:03:15,10.64,--,29,30856,买盘
2513,10:03:12,10.64,--,15,15960,买盘
2514,10:03:09,10.64,--,49,52136,买盘
2515,10:03:03,10.64,--,93,98952,买盘
2516,10:03:00,10.64,--,1211,1288504,买盘
2517,10:02:57,10.64,0.01,15,15960,买盘
2518,10:02:54,10.63,-0.01,70,74410,卖盘
2519,10:02:51,10.64,--,35,37240,买盘
2520,10:02:48,10.64,--,45,48646,卖盘
2521,10:02:45,10.64,--,5,5320,卖盘
2522,10:02:42,10.64,--,136,144704,卖盘
2523,10:02:39,10.64,-0.01,2,2128,卖盘
2524,10:02:36,10.65,0.01,12,12780,买盘
2525,10:02:33,10.64,--,35,37240,卖盘
2526,10:02:30,10.64,-0.01,9,9576,卖盘
2527,10:02:24,10.65,--,22,23430,买盘
2528,10:02:21,10.65,0.01,37,39405,买盘
2529,10:02:18,10.64,-0.01,2,2128,卖盘
2530,10:02:15,10.65,0.01,77,82005,买盘
2531,10:02:12,10.64,--,71,75544,卖盘
2532,10:02:09,10.64,--,15,15960,卖盘
2533,10:02:06,10.64,--,21,22344,卖盘
2534,10:02:03,10.64,--,147,156705,买盘
2535,10:02:00,10.64,--,122,129808,买盘
2536,10:01:57,10.64,--,51,54264,买盘
2537,10:01:54,10.64,--,419,445816,买盘
2538,10:01:51,10.64,--,243,258552,买盘
2539,10:01:42,10.64,--,116,123424,买盘
2540,10:01:39,10.64,--,60,63840,买盘
2541,10:01:36,10.64,--,4,4256,买盘
2542,10:01:33,10.64,--,2,2128,买盘
2543,10:01:30,10.64,0.01,200,212800,买盘
2544,10:01:27,10.63,-0.01,5,5315,卖盘
2545,10:01:24,10.64,--,5,5320,买盘
2546,10:01:21,10.64,--,13,13832,买盘
2547,10:01:18,10.64,--,1,1064,买盘
2548,10:01:15,10.64,--,38,40432,买盘
2549,10:01:12,10.64,--,41,43624,买盘
2550,10:01:09,10.64,--,10,10640,买盘
2551,10:01:06,10.64,--,91,96824,买盘
2552,10:01:00,10.64,0.01,15,15960,买盘
2553,10:00:57,10.63,-0.01,101,107363,卖盘
2554,10:00:54,10.64,--,10,10640,买盘
2555,10:00:51,10.64,--,35,37240,买盘
2556,10:00:48,10.64,--,10,10640,买盘
2557,10:00:45,10.64,--,18,19152,买盘
2558,10:00:42,10.64,--,15,15960,买盘
2559,10:00:39,10.64,--,20,21280,买盘
2560,10:00:36,10.64,--,10,10640,买盘
2561,10:00:30,10.64,0.01,5,5320,买盘
2562,10:00:24,10.63,--,217,230671,卖盘
2563,10:00:21,10.63,--,2,2126,卖盘
2564,10:00:18,10.63,-0.01,40,42520,卖盘
2565,10:00:15,10.64,0.01,1,1064,买盘
2566,10:00:12,10.63,--,302,321429,买盘
2567,10:00:09,10.63,0.01,2,2126,买盘
2568,10:00:06,10.62,--,70,74340,卖盘
2569,10:00:03,10.62,--,9,9558,卖盘
2570,10:00:00,10.62,-0.01,1,1062,卖盘
2571,09:59:48,10.63,0.01,140,148820,买盘
2572,09:59:45,10.62,--,4,4248,卖盘
2573,09:59:42,10.62,--,1,1062,卖盘
2574,09:59:36,10.62,--,22,23364,卖盘
2575,09:59:27,10.62,-0.01,100,106199,卖盘
2576,09:59:24,10.63,--,250,265750,买盘
2577,09:59:21,10.63,0.01,14,14882,买盘
2578,09:59:15,10.62,-0.01,4,4248,卖盘
2579,09:59:09,10.63,--,10,10630,买盘
2580,09:59:06,10.63,--,178,189873,卖盘
2581,09:59:03,10.63,--,71,75473,卖盘
2582,09:58:54,10.63,-0.01,50,53150,卖盘
2583,09:58:48,10.64,--,32,34048,买盘
2584,09:58:45,10.64,0.01,8,8512,买盘
2585,09:58:42,10.63,--,16,17008,卖盘
2586,09:58:39,10.63,-0.01,95,100985,卖盘
2587,09:58:30,10.64,--,30,31920,买盘
2588,09:58:27,10.64,0.01,9,9576,买盘
2589,09:58:24,10.63,-0.01,23,24449,卖盘
2590,09:58:21,10.64,--,115,122360,买盘
2591,09:58:18,10.64,0.01,1,1064,买盘
2592,09:58:15,10.63,-0.01,2,2126,卖盘
2593,09:58:12,10.64,0.01,10,10640,买盘
2594,09:58:09,10.63,-0.01,11,11693,卖盘
2595,09:58:06,10.64,--,51,54264,卖盘
2596,09:58:03,10.64,--,76,80864,卖盘
2597,09:58:00,10.64,--,21,22344,卖盘
2598,09:57:57,10.64,--,643,684152,卖盘
2599,09:57:54,10.64,--,9,9576,卖盘
2600,09:57:51,10.64,--,26,27664,卖盘
2601,09:57:48,10.64,--,84,89376,卖盘
2602,09:57:42,10.64,--,72,76608,卖盘
2603,09:57:39,10.64,--,506,538384,买盘
2604,09:57:36,10.64,--,1,1064,买盘
2605,09:57:33,10.64,0.01,40,42560,买盘
2606,09:57:30,10.63,-0.01,106,112678,卖盘
2607,09:57:24,10.64,--,125,133000,买盘
2608,09:57:21,10.64,--,15,15960,买盘
2609,09:57:18,10.64,0.01,100,106400,买盘
2610,09:57:15,10.63,--,55,58465,卖盘
2611,09:57:12,10.63,0.02,1435,1525808,买盘
2612,09:57:09,10.61,--,5,5305,卖盘
2613,09:57:06,10.61,--,176,187733,买盘
2614,09:57:03,10.61,0.01,20,21220,买盘
2615,09:57:00,10.6,-0.01,10,10600,卖盘
2616,09:56:57,10.61,--,5,5305,买盘
2617,09:56:54,10.61,--,26,27586,买盘
2618,09:56:51,10.61,--,17,18037,买盘
2619,09:56:48,10.61,--,182,193102,买盘
2620,09:56:45,10.61,--,211,223871,买盘
2621,09:56:42,10.61,--,15,15915,买盘
2622,09:56:39,10.61,--,20,21220,买盘
2623,09:56:36,10.61,--,215,228115,买盘
2624,09:56:33,10.61,-0.01,682,723602,卖盘
2625,09:56:30,10.62,0.01,320,339840,买盘
2626,09:56:27,10.61,--,154,163394,买盘
2627,09:56:24,10.61,--,136,144296,买盘
2628,09:56:18,10.61,--,10,10610,买盘
2629,09:56:15,10.61,--,10,10610,买盘
2630,09:56:09,10.61,--,221,234481,买盘
2631,09:56:06,10.61,0.01,200,212200,买盘
2632,09:56:03,10.6,-0.01,22,23320,卖盘
2633,09:56:00,10.61,0.01,13,13793,买盘
2634,09:55:54,10.6,--,11,11660,卖盘
2635,09:55:48,10.6,-0.01,2,2120,卖盘
2636,09:55:45,10.61,--,11,11671,买盘
2637,09:55:36,10.61,--,15,15915,买盘
2638,09:55:18,10.61,--,45,47745,买盘
2639,09:55:12,10.61,0.01,50,53050,买盘
2640,09:55:09,10.6,-0.01,100,106000,卖盘
2641,09:55:06,10.61,0.01,3,3183,买盘
2642,09:55:03,10.6,--,9,9540,卖盘
2643,09:55:00,10.6,-0.01,53,56180,卖盘
2644,09:54:57,10.61,--,20,21220,买盘
2645,09:54:51,10.61,0.01,40,42440,买盘
2646,09:54:48,10.6,--,20,21200,卖盘
2647,09:54:45,10.6,--,34,36040,卖盘
2648,09:54:36,10.6,--,35,37100,卖盘
2649,09:54:33,10.6,--,210,222600,卖盘
2650,09:54:30,10.6,-0.01,11,11660,卖盘
2651,09:54:27,10.61,0.01,1,1061,买盘
2652,09:54:21,10.6,--,100,106000,卖盘
2653,09:54:18,10.6,--,29,31164,买盘
2654,09:54:15,10.6,--,28,29680,买盘
2655,09:54:12,10.6,--,60,63600,买盘
2656,09:54:09,10.6,0.01,100,106000,买盘
2657,09:54:06,10.59,--,77,81543,卖盘
2658,09:54:03,10.59,--,3,3177,卖盘
2659,09:53:57,10.59,--,70,74130,卖盘
2660,09:53:54,10.59,--,2,2118,卖盘
2661,09:53:51,10.59,--,40,42360,卖盘
2662,09:53:48,10.59,--,4,4236,卖盘
2663,09:53:45,10.59,--,100,105900,卖盘
2664,09:53:39,10.59,-0.01,1,1059,卖盘
2665,09:53:30,10.6,0.01,5,5300,买盘
2666,09:53:24,10.59,-0.01,26,27534,卖盘
2667,09:53:21,10.6,0.01,210,222600,买盘
2668,09:53:15,10.59,-0.01,10,10590,卖盘
2669,09:53:12,10.6,0.01,9,9540,买盘
2670,09:53:06,10.59,-0.01,110,116490,卖盘
2671,09:53:03,10.6,--,7,7420,买盘
2672,09:52:57,10.6,--,6,6360,买盘
2673,09:52:51,10.6,-0.01,23,25016,卖盘
2674,09:52:48,10.61,0.01,16,16976,买盘
2675,09:52:45,10.6,--,20,21200,卖盘
2676,09:52:42,10.6,--,18,19504,买盘
2677,09:52:39,10.6,--,34,36040,买盘
2678,09:52:36,10.6,--,35,37100,买盘
2679,09:52:33,10.6,--,12,12720,买盘
2680,09:52:30,10.6,--,35,37100,买盘
2681,09:52:27,10.6,--,15,15900,买盘
2682,09:52:21,10.6,-0.01,22,23956,卖盘
2683,09:52:18,10.61,0.01,10,10610,买盘
2684,09:52:15,10.6,--,82,86920,卖盘
2685,09:52:12,10.6,-0.01,49,51940,卖盘
2686,09:52:06,10.61,--,74,78514,买盘
2687,09:52:03,10.61,0.01,63,66843,买盘
2688,09:52:00,10.6,--,41,43460,卖盘
2689,09:51:54,10.6,--,4,4240,卖盘
2690,09:51:48,10.6,-0.02,8,8480,卖盘
2691,09:51:42,10.62,0.02,225,238949,买盘
2692,09:51:39,10.6,--,7,7844,买盘
2693,09:51:33,10.6,--,70,74200,买盘
2694,09:51:30,10.6,-0.01,163,173416,卖盘
2695,09:51:27,10.61,-0.01,18,19098,买盘
2696,09:51:24,10.62,0.02,25,26549,买盘
2697,09:51:21,10.6,-0.02,50,53000,卖盘
2698,09:51:18,10.62,0.01,10,10620,买盘
2699,09:51:15,10.61,--,1191,1263651,买盘
2700,09:51:12,10.61,--,11,11671,买盘
2701,09:51:09,10.61,--,14,14854,买盘
2702,09:51:03,10.61,--,10,10610,买盘
2703,09:51:00,10.61,-0.01,160,169760,卖盘
2704,09:50:57,10.62,--,51,54161,买盘
2705,09:50:48,10.62,--,9,9558,买盘
2706,09:50:42,10.62,--,143,151866,卖盘
2707,09:50:39,10.62,--,15,15929,卖盘
2708,09:50:36,10.62,--,10,10620,卖盘
2709,09:50:33,10.62,-0.01,24,25487,卖盘
2710,09:50:30,10.63,0.01,52,55276,买盘
2711,09:50:27,10.62,--,20,21240,卖盘
2712,09:50:21,10.62,-0.01,5,5310,卖盘
2713,09:50:18,10.63,--,27,28701,买盘
2714,09:50:12,10.63,--,23,24449,买盘
2715,09:50:09,10.63,0.01,13,13819,买盘
2716,09:50:03,10.62,-0.01,16,16992,卖盘
2717,09:50:00,10.63,0.01,14,14882,买盘
2718,09:49:54,10.62,-0.01,29,30797,卖盘
2719,09:49:48,10.63,--,14,14882,买盘
2720,09:49:45,10.63,--,35,37205,买盘
2721,09:49:42,10.63,--,21,22323,买盘
2722,09:49:39,10.63,-0.01,112,119056,卖盘
2723,09:49:36,10.64,--,61,64904,买盘
2724,09:49:33,10.64,0.01,58,61712,买盘
2725,09:49:30,10.63,-0.01,619,657997,卖盘
2726,09:49:27,10.64,--,37,39368,买盘
2727,09:49:24,10.64,0.01,219,233016,买盘
2728,09:49:21,10.63,-0.01,50,53150,卖盘
2729,09:49:18,10.64,--,712,757568,买盘
2730,09:49:15,10.64,--,685,728840,卖盘
2731,09:49:12,10.64,--,5,5320,卖盘
2732,09:49:09,10.64,--,360,383040,买盘
2733,09:49:06,10.64,--,3,3192,买盘
2734,09:49:00,10.64,0.01,1040,1106560,买盘
2735,09:48:57,10.63,--,18,19134,买盘
2736,09:48:54,10.63,--,7,7441,买盘
2737,09:48:51,10.63,0.01,57,60591,买盘
2738,09:48:45,10.62,--,397,421613,买盘
2739,09:48:42,10.62,0.01,15,15929,买盘
2740,09:48:39,10.61,--,29,30769,买盘
2741,09:48:36,10.61,--,1,1061,卖盘
2742,09:48:33,10.61,--,17,18037,卖盘
2743,09:48:30,10.61,--,8,8488,买盘
2744,09:48:27,10.61,--,10,10610,买盘
2745,09:48:24,10.61,--,104,110344,买盘
2746,09:48:21,10.61,--,28,29708,买盘
2747,09:48:15,10.61,--,81,85941,买盘
2748,09:48:12,10.61,--,64,67904,买盘
2749,09:48:09,10.61,0.01,23,24403,买盘
2750,09:48:06,10.6,-0.01,602,638120,卖盘
2751,09:48:03,10.61,0.01,49,51989,买盘
2752,09:48:00,10.6,--,10,10600,卖盘
2753,09:47:54,10.6,--,433,459404,买盘
2754,09:47:45,10.6,0.01,390,413400,买盘
2755,09:47:39,10.59,--,1,1059,卖盘
2756,09:47:36,10.59,0.02,11,11649,买盘
2757,09:47:33,10.57,-0.02,40,42280,卖盘
2758,09:47:30,10.59,--,14,14826,卖盘
2759,09:47:27,10.59,-0.01,2,2118,中性盘
2760,09:47:24,10.6,0.03,203,215180,买盘
2761,09:47:21,10.57,--,50,52850,卖盘
2762,09:47:18,10.57,--,50,52850,卖盘
2763,09:47:15,10.57,-0.01,80,84560,卖盘
2764,09:47:12,10.58,--,11,11638,买盘
2765,09:47:09,10.58,--,5,5290,买盘
2766,09:47:06,10.58,--,11,11638,买盘
2767,09:47:03,10.58,0.01,22,23276,买盘
2768,09:47:00,10.57,-0.01,128,135296,卖盘
2769,09:46:57,10.58,--,30,31740,买盘
2770,09:46:54,10.58,-0.01,15,15870,中性盘
2771,09:46:48,10.59,--,23,24357,买盘
2772,09:46:39,10.59,0.01,1063,1125717,买盘
2773,09:46:36,10.58,0.01,17,17986,买盘
2774,09:46:33,10.57,-0.01,81,85617,卖盘
2775,09:46:30,10.58,0.01,10,10580,买盘
2776,09:46:27,10.57,-0.01,5,5285,卖盘
2777,09:46:24,10.58,0.02,9,9522,买盘
2778,09:46:15,10.56,-0.01,95,100320,卖盘
2779,09:46:12,10.57,--,30,31710,买盘
2780,09:46:09,10.57,-0.01,177,187089,卖盘
2781,09:46:06,10.58,--,200,211600,买盘
2782,09:45:54,10.58,--,30,31740,买盘
2783,09:45:51,10.58,--,5,5290,买盘
2784,09:45:48,10.58,0.01,5,5290,中性盘
2785,09:45:42,10.57,-0.02,79,83503,卖盘
2786,09:45:33,10.59,0.01,100,105900,买盘
2787,09:45:30,10.58,--,282,298356,卖盘
2788,09:45:27,10.58,-0.01,10,10580,卖盘
2789,09:45:24,10.59,--,15,15885,买盘
2790,09:45:21,10.59,--,9,9531,买盘
2791,09:45:18,10.59,0.01,10,10590,买盘
2792,09:45:12,10.58,-0.02,36,38088,卖盘
2793,09:45:09,10.6,--,51,54060,买盘
2794,09:45:06,10.6,0.01,9,9540,买盘
2795,09:45:03,10.59,-0.01,4,4236,卖盘
2796,09:45:00,10.6,--,5,5300,买盘
2797,09:44:57,10.6,0.01,105,111300,买盘
2798,09:44:54,10.59,0.01,195,206505,买盘
2799,09:44:51,10.58,--,130,137540,买盘
2800,09:44:48,10.58,-0.01,39,41262,卖盘
2801,09:44:45,10.59,--,10,10590,买盘
2802,09:44:42,10.59,--,625,661875,买盘
2803,09:44:39,10.59,0.01,63,66717,买盘
