,time,price,change,volume,amount,type
0,15:00:03,6.92,0.01,3443,2382839,买盘
1,14:57:00,6.91,--,14,9674,卖盘
2,14:56:54,6.91,--,802,554182,卖盘
3,14:56:51,6.91,--,55,38005,卖盘
4,14:56:48,6.91,--,151,104341,卖盘
5,14:56:45,6.91,-0.01,1,691,卖盘
6,14:56:42,6.92,--,882,610344,买盘
7,14:56:39,6.92,0.01,102,70584,买盘
8,14:56:36,6.91,--,109,75319,卖盘
9,14:56:33,6.91,--,88,61215,卖盘
10,14:56:30,6.91,--,266,183806,卖盘
11,14:56:27,6.91,--,94,64954,卖盘
12,14:56:24,6.91,-0.01,278,192098,卖盘
13,14:56:21,6.92,--,81,56052,买盘
14,14:56:15,6.92,0.01,51,35292,买盘
15,14:56:12,6.91,-0.01,1,691,卖盘
16,14:56:09,6.92,--,6,4152,买盘
17,14:56:03,6.92,--,80,55360,买盘
18,14:55:51,6.92,0.01,59,40828,买盘
19,14:55:48,6.91,-0.01,2,1382,卖盘
20,14:55:45,6.92,--,21,14532,买盘
21,14:55:42,6.92,0.01,9,6228,中性盘
22,14:55:36,6.91,-0.02,199,137509,卖盘
23,14:55:33,6.93,0.01,1,693,买盘
24,14:55:30,6.92,--,25,17300,卖盘
25,14:55:27,6.92,--,202,139784,卖盘
26,14:55:21,6.92,--,66,45672,买盘
27,14:55:15,6.92,--,41,28372,买盘
28,14:55:12,6.92,--,42,29064,买盘
29,14:55:09,6.92,--,97,67124,卖盘
30,14:55:06,6.92,--,4,2768,卖盘
31,14:55:03,6.92,--,54,37368,卖盘
32,14:55:00,6.92,--,355,245660,卖盘
33,14:54:57,6.92,--,616,426272,卖盘
34,14:54:54,6.92,--,24,16608,卖盘
35,14:54:51,6.92,--,1,692,卖盘
36,14:54:48,6.92,--,560,387520,卖盘
37,14:54:45,6.92,-0.01,20,13840,卖盘
38,14:54:42,6.93,0.01,50,34650,买盘
39,14:54:39,6.92,--,6,4152,卖盘
40,14:54:36,6.92,--,39,26988,卖盘
41,14:54:33,6.92,--,2,1384,卖盘
42,14:54:30,6.92,--,388,268496,卖盘
43,14:54:27,6.92,-0.01,10,6920,卖盘
44,14:54:24,6.93,0.01,42,29106,买盘
45,14:54:21,6.92,--,161,111412,卖盘
46,14:54:18,6.92,--,130,89960,卖盘
47,14:54:15,6.92,--,14,9688,卖盘
48,14:54:12,6.92,--,1,692,卖盘
49,14:54:09,6.92,-0.01,61,42212,卖盘
50,14:54:06,6.93,--,42,29106,买盘
51,14:54:03,6.93,0.01,115,79695,买盘
52,14:54:00,6.92,--,3,2076,卖盘
53,14:53:57,6.92,--,40,27680,卖盘
54,14:53:54,6.92,--,117,80964,卖盘
55,14:53:51,6.92,--,5,3460,卖盘
56,14:53:48,6.92,--,40,27680,卖盘
57,14:53:42,6.92,--,125,86500,卖盘
58,14:53:39,6.92,--,220,152240,卖盘
59,14:53:33,6.92,--,32,22144,卖盘
60,14:53:30,6.92,--,23,15916,卖盘
61,14:53:27,6.92,--,10,6920,卖盘
62,14:53:24,6.92,--,692,478864,卖盘
63,14:53:18,6.92,--,18,12456,卖盘
64,14:53:15,6.92,-0.01,1,692,卖盘
65,14:53:12,6.93,--,25,17325,买盘
66,14:53:09,6.93,0.01,29,20097,买盘
67,14:53:06,6.92,-0.01,360,249120,卖盘
68,14:53:03,6.93,0.01,3,2079,买盘
69,14:53:00,6.92,--,10,6920,卖盘
70,14:52:57,6.92,-0.01,118,81656,卖盘
71,14:52:48,6.93,--,522,361746,买盘
72,14:52:45,6.93,--,250,173250,买盘
73,14:52:42,6.93,0.01,48,33264,买盘
74,14:52:39,6.92,--,195,134940,卖盘
75,14:52:36,6.92,-0.01,30,20760,卖盘
76,14:52:33,6.93,0.01,107,74151,买盘
77,14:52:30,6.92,--,20,13840,卖盘
78,14:52:27,6.92,--,27,18684,卖盘
79,14:52:24,6.92,--,101,69892,卖盘
80,14:52:21,6.92,--,197,136324,卖盘
81,14:52:18,6.92,--,303,209676,卖盘
82,14:52:15,6.92,--,100,69200,卖盘
83,14:52:12,6.92,--,10,6920,卖盘
84,14:52:09,6.92,--,224,155008,卖盘
85,14:52:06,6.92,--,128,88576,卖盘
86,14:52:03,6.92,--,32,22144,卖盘
87,14:52:00,6.92,-0.01,214,148088,卖盘
88,14:51:57,6.93,0.01,76,52668,买盘
89,14:51:54,6.92,-0.01,226,156392,卖盘
90,14:51:51,6.93,0.01,100,69300,买盘
91,14:51:45,6.92,--,30,20760,卖盘
92,14:51:42,6.92,--,79,54668,卖盘
93,14:51:36,6.92,--,70,48440,卖盘
94,14:51:27,6.92,--,27,18684,卖盘
95,14:51:24,6.92,--,182,125944,卖盘
96,14:51:21,6.92,--,20,13840,卖盘
97,14:51:18,6.92,--,10,6920,卖盘
98,14:51:15,6.92,--,101,69892,卖盘
99,14:51:12,6.92,--,200,138400,卖盘
100,14:51:06,6.92,--,54,37368,买盘
101,14:51:03,6.92,--,156,107952,买盘
102,14:51:00,6.92,--,76,52592,买盘
103,14:50:57,6.92,--,39,26988,买盘
104,14:50:54,6.92,--,4,2768,买盘
105,14:50:51,6.92,-0.01,96,66432,卖盘
106,14:50:48,6.93,0.02,111,76923,买盘
107,14:50:42,6.91,-0.01,117,80847,卖盘
108,14:50:39,6.92,--,180,124560,买盘
109,14:50:36,6.92,-0.01,2,1384,卖盘
110,14:50:33,6.93,0.01,150,103950,买盘
111,14:50:30,6.92,--,134,92728,卖盘
112,14:50:27,6.92,--,75,51900,卖盘
113,14:50:24,6.92,-0.01,1100,761200,卖盘
114,14:50:21,6.93,0.01,230,159390,买盘
115,14:50:18,6.92,-0.01,298,206216,卖盘
116,14:50:15,6.93,0.01,3,2079,买盘
117,14:50:12,6.92,--,15,10380,卖盘
118,14:50:06,6.92,--,260,179920,卖盘
119,14:50:03,6.92,-0.01,261,180612,卖盘
120,14:49:57,6.93,0.01,358,248094,买盘
121,14:49:54,6.92,-0.01,16,11072,卖盘
122,14:49:48,6.93,0.01,193,133749,买盘
123,14:49:45,6.92,-0.01,268,185456,卖盘
124,14:49:36,6.93,0.01,6,4158,买盘
125,14:49:33,6.92,-0.01,32,22144,卖盘
126,14:49:30,6.93,--,96,66528,买盘
127,14:49:24,6.93,--,212,146916,买盘
128,14:49:21,6.93,0.01,1000,693000,买盘
129,14:49:06,6.92,--,232,160544,卖盘
130,14:49:03,6.92,-0.01,8,5536,卖盘
131,14:49:00,6.93,0.01,1,693,买盘
132,14:48:57,6.92,--,40,27680,卖盘
133,14:48:54,6.92,--,117,80964,卖盘
134,14:48:51,6.92,--,20,13840,卖盘
135,14:48:48,6.92,-0.01,118,81656,卖盘
136,14:48:45,6.93,0.01,10,6930,买盘
137,14:48:42,6.92,-0.01,1,692,卖盘
138,14:48:33,6.93,0.01,104,72072,买盘
139,14:48:27,6.92,--,53,36676,卖盘
140,14:48:24,6.92,--,190,131480,卖盘
141,14:48:21,6.92,--,187,129404,卖盘
142,14:48:18,6.92,--,7,4844,卖盘
143,14:48:15,6.92,-0.01,5,3460,卖盘
144,14:48:12,6.93,0.01,37,25641,买盘
145,14:48:06,6.92,--,173,119716,卖盘
146,14:48:03,6.92,-0.01,18,12456,卖盘
147,14:48:00,6.93,0.01,24,16632,买盘
148,14:47:54,6.92,--,137,94804,卖盘
149,14:47:51,6.92,--,119,82348,卖盘
150,14:47:48,6.92,-0.01,12,8304,卖盘
151,14:47:42,6.93,0.01,104,72072,买盘
152,14:47:39,6.92,--,16,11072,卖盘
153,14:47:36,6.92,--,100,69200,卖盘
154,14:47:33,6.92,-0.01,20,13840,卖盘
155,14:47:30,6.93,--,104,72072,买盘
156,14:47:27,6.93,0.01,9,6237,买盘
157,14:47:24,6.92,--,10,6920,卖盘
158,14:47:21,6.92,-0.01,192,132864,卖盘
159,14:47:18,6.93,0.01,110,76230,买盘
160,14:47:15,6.92,--,2,1384,卖盘
161,14:47:12,6.92,-0.01,7,4844,卖盘
162,14:47:09,6.93,--,160,110880,买盘
163,14:47:06,6.93,0.01,21,14553,买盘
164,14:47:03,6.92,--,85,58820,卖盘
165,14:46:57,6.92,-0.01,265,183380,卖盘
166,14:46:54,6.93,0.01,5,3465,买盘
167,14:46:51,6.92,-0.01,148,102416,卖盘
168,14:46:42,6.93,--,25,17325,买盘
169,14:46:39,6.93,0.01,107,74151,买盘
170,14:46:36,6.92,-0.01,11,7612,卖盘
171,14:46:33,6.93,--,26,18018,买盘
172,14:46:30,6.93,--,405,280665,买盘
173,14:46:27,6.93,--,35,24255,买盘
174,14:46:24,6.93,0.01,5,3465,买盘
175,14:46:21,6.92,-0.01,10,6920,卖盘
176,14:46:18,6.93,0.01,13,9009,买盘
177,14:46:15,6.92,--,64,44288,卖盘
178,14:46:12,6.92,--,163,112796,卖盘
179,14:46:06,6.92,-0.01,1022,707224,卖盘
180,14:46:03,6.93,0.01,26,18018,买盘
181,14:46:00,6.92,-0.01,60,41520,卖盘
182,14:45:57,6.93,0.01,255,176715,买盘
183,14:45:54,6.92,-0.01,60,41520,卖盘
184,14:45:51,6.93,0.01,100,69300,买盘
185,14:45:48,6.92,-0.01,10,6920,卖盘
186,14:45:45,6.93,--,5,3465,买盘
187,14:45:42,6.93,--,9,6237,买盘
188,14:45:39,6.93,--,8,5544,买盘
189,14:45:36,6.93,0.01,6,4158,买盘
190,14:45:33,6.92,-0.01,12,8304,卖盘
191,14:45:30,6.93,0.01,20,13860,买盘
192,14:45:27,6.92,-0.01,56,38752,卖盘
193,14:45:21,6.93,0.01,60,41580,买盘
194,14:45:18,6.92,-0.01,8,5536,卖盘
195,14:45:12,6.93,0.01,727,504157,买盘
196,14:45:06,6.92,-0.01,5,3460,卖盘
197,14:45:03,6.93,0.01,29,20097,买盘
198,14:45:00,6.92,--,4,2768,卖盘
199,14:44:57,6.92,-0.01,276,190992,卖盘
200,14:44:54,6.93,--,50,34650,买盘
201,14:44:51,6.93,0.01,19,13167,买盘
202,14:44:48,6.92,--,61,42212,卖盘
203,14:44:42,6.92,-0.01,190,131480,卖盘
204,14:44:39,6.93,0.01,7,4851,买盘
205,14:44:30,6.92,-0.01,37,25604,卖盘
206,14:44:27,6.93,--,3,2079,买盘
207,14:44:24,6.93,0.01,74,51282,买盘
208,14:44:21,6.92,-0.01,205,141860,卖盘
209,14:44:18,6.93,--,9,6237,买盘
210,14:44:15,6.93,--,82,56826,买盘
211,14:44:12,6.93,--,9,6237,买盘
212,14:44:09,6.93,0.01,10,6930,买盘
213,14:44:06,6.92,--,9,6228,卖盘
214,14:44:00,6.92,-0.01,4,2768,卖盘
215,14:43:57,6.93,--,342,237006,买盘
216,14:43:51,6.93,0.01,99,68607,买盘
217,14:43:48,6.92,--,25,17300,卖盘
218,14:43:45,6.92,--,29,20068,卖盘
219,14:43:42,6.92,--,69,47748,卖盘
220,14:43:39,6.92,-0.01,8,5536,卖盘
221,14:43:36,6.93,0.01,1,693,买盘
222,14:43:33,6.92,-0.01,36,24912,卖盘
223,14:43:24,6.93,0.01,1,693,买盘
224,14:43:21,6.92,-0.01,12,8304,卖盘
225,14:43:18,6.93,0.01,123,85239,买盘
226,14:43:12,6.92,-0.01,3,2076,卖盘
227,14:43:09,6.93,0.01,121,83853,买盘
228,14:43:06,6.92,--,58,40136,卖盘
229,14:43:03,6.92,--,5,3460,卖盘
230,14:43:00,6.92,-0.01,128,88576,卖盘
231,14:42:57,6.93,0.01,8,5544,买盘
232,14:42:54,6.92,-0.01,117,80964,卖盘
233,14:42:51,6.93,0.01,108,74844,买盘
234,14:42:48,6.92,--,156,108298,买盘
235,14:42:45,6.92,0.01,331,229052,买盘
236,14:42:42,6.91,-0.01,263,181733,卖盘
237,14:42:39,6.92,--,42,29064,买盘
238,14:42:36,6.92,--,95,65740,买盘
239,14:42:33,6.92,--,60,41520,买盘
240,14:42:30,6.92,--,37,25604,买盘
241,14:42:27,6.92,--,10,6920,买盘
242,14:42:24,6.92,--,21,14532,买盘
243,14:42:21,6.92,--,81,56052,买盘
244,14:42:18,6.92,--,164,113488,买盘
245,14:42:12,6.92,--,29,20068,买盘
246,14:42:09,6.92,--,202,139784,买盘
247,14:42:06,6.92,--,1060,733520,买盘
248,14:42:00,6.92,--,198,137016,买盘
249,14:41:57,6.92,0.01,193,133556,买盘
250,14:41:51,6.91,-0.01,4,2764,卖盘
251,14:41:48,6.92,--,99,68508,买盘
252,14:41:42,6.92,--,11,7612,买盘
253,14:41:39,6.92,0.01,355,245660,买盘
254,14:41:33,6.91,-0.01,1102,761482,卖盘
255,14:41:30,6.92,--,2,1384,买盘
256,14:41:27,6.92,--,5,3460,买盘
257,14:41:21,6.92,--,141,97572,买盘
258,14:41:18,6.92,--,1202,832130,卖盘
259,14:41:15,6.92,--,1100,761200,卖盘
260,14:41:12,6.92,-0.01,8,5536,卖盘
261,14:41:09,6.93,0.01,9,6237,买盘
262,14:41:06,6.92,--,47,32524,卖盘
263,14:41:00,6.92,-0.01,147,101724,卖盘
264,14:40:57,6.93,0.01,108,74844,买盘
265,14:40:54,6.92,-0.01,132,91344,卖盘
266,14:40:51,6.93,0.01,80,55440,买盘
267,14:40:48,6.92,-0.01,143,98956,卖盘
268,14:40:45,6.93,0.01,10,6930,买盘
269,14:40:42,6.92,-0.01,150,103800,卖盘
270,14:40:39,6.93,0.01,43,29799,买盘
271,14:40:36,6.92,--,4,2768,卖盘
272,14:40:33,6.92,--,30,20760,卖盘
273,14:40:30,6.92,--,43,30102,卖盘
274,14:40:24,6.92,-0.01,30,20760,卖盘
275,14:40:21,6.93,--,6,4158,买盘
276,14:40:18,6.93,--,107,74151,买盘
277,14:40:15,6.93,--,38,26334,买盘
278,14:40:12,6.93,--,448,310464,买盘
279,14:40:09,6.93,0.01,9,6237,买盘
280,14:40:03,6.92,--,118,81656,卖盘
281,14:40:00,6.92,-0.01,99,68508,卖盘
282,14:39:57,6.93,0.01,27,18711,买盘
283,14:39:54,6.92,-0.01,118,81656,卖盘
284,14:39:48,6.93,--,100,69300,买盘
285,14:39:45,6.93,--,7,4851,买盘
286,14:39:39,6.93,0.01,61,42273,买盘
287,14:39:36,6.92,-0.01,98,67816,卖盘
288,14:39:33,6.93,-0.01,3264,2262229,卖盘
289,14:39:30,6.94,0.01,432,299808,买盘
290,14:39:24,6.93,--,17,11781,卖盘
291,14:39:21,6.93,--,85,58905,卖盘
292,14:39:18,6.93,-0.01,307,212751,卖盘
293,14:39:15,6.94,--,8,5552,买盘
294,14:39:12,6.94,--,11,7634,买盘
295,14:39:09,6.94,0.01,145,100630,买盘
296,14:39:06,6.93,--,164,113652,卖盘
297,14:39:03,6.93,-0.01,5,3465,卖盘
298,14:39:00,6.94,--,19,13186,买盘
299,14:38:57,6.94,0.01,190,131860,买盘
300,14:38:54,6.93,-0.01,344,238392,卖盘
301,14:38:51,6.94,0.01,45,31230,买盘
302,14:38:48,6.93,--,36,24948,卖盘
303,14:38:45,6.93,--,105,72765,卖盘
304,14:38:42,6.93,-0.01,80,55440,卖盘
305,14:38:39,6.94,--,16,11104,买盘
306,14:38:36,6.94,0.01,99,68706,买盘
307,14:38:33,6.93,--,90,62370,卖盘
308,14:38:30,6.93,--,762,528066,卖盘
309,14:38:27,6.93,--,38,26334,卖盘
310,14:38:21,6.93,-0.01,17,11781,卖盘
311,14:38:18,6.94,0.01,142,98548,买盘
312,14:38:12,6.93,--,108,74844,卖盘
313,14:38:09,6.93,--,309,214137,卖盘
314,14:38:06,6.93,--,118,81774,卖盘
315,14:38:03,6.93,--,2,1386,卖盘
316,14:38:00,6.93,-0.01,9,6237,卖盘
317,14:37:57,6.94,0.01,108,74952,买盘
318,14:37:51,6.93,--,207,143451,卖盘
319,14:37:45,6.93,--,200,138600,卖盘
320,14:37:42,6.93,-0.01,2,1386,卖盘
321,14:37:39,6.94,--,16,11104,买盘
322,14:37:36,6.94,0.01,99,68706,买盘
323,14:37:33,6.93,-0.01,6,4158,卖盘
324,14:37:30,6.94,--,266,184604,买盘
325,14:37:27,6.94,--,5,3470,买盘
326,14:37:24,6.94,0.01,41,28454,买盘
327,14:37:21,6.93,-0.01,34,23562,卖盘
328,14:37:18,6.94,0.01,60,41640,买盘
329,14:37:15,6.93,-0.01,15,10395,卖盘
330,14:37:12,6.94,--,5,3470,买盘
331,14:37:09,6.94,0.01,59,40946,买盘
332,14:37:06,6.93,--,382,264726,卖盘
333,14:37:00,6.93,-0.01,26,18018,卖盘
334,14:36:57,6.94,--,7,4858,买盘
335,14:36:54,6.94,0.01,122,84668,买盘
336,14:36:51,6.93,--,1,693,卖盘
337,14:36:48,6.93,--,465,322245,卖盘
338,14:36:45,6.93,--,35,24255,卖盘
339,14:36:42,6.93,-0.01,28,19404,卖盘
340,14:36:39,6.94,0.01,74,51356,买盘
341,14:36:27,6.93,-0.01,110,76230,卖盘
342,14:36:24,6.94,0.01,14,9716,买盘
343,14:36:21,6.93,-0.01,7,4851,卖盘
344,14:36:18,6.94,--,49,34006,买盘
345,14:36:15,6.94,--,16,11104,买盘
346,14:36:12,6.94,0.01,372,258168,买盘
347,14:36:09,6.93,--,126,87318,卖盘
348,14:36:06,6.93,-0.01,50,34650,卖盘
349,14:35:57,6.94,--,8,5552,买盘
350,14:35:54,6.94,0.01,133,92302,买盘
351,14:35:51,6.93,--,143,99099,卖盘
352,14:35:45,6.93,--,19,13167,卖盘
353,14:35:42,6.93,-0.01,30,20790,卖盘
354,14:35:39,6.94,0.01,16,11104,买盘
355,14:35:30,6.93,-0.01,101,69993,卖盘
356,14:35:24,6.94,--,40,27760,买盘
357,14:35:18,6.94,0.01,17,11798,买盘
358,14:35:15,6.93,--,318,220374,卖盘
359,14:35:12,6.93,--,206,142758,卖盘
360,14:35:09,6.93,-0.01,112,77616,卖盘
361,14:35:06,6.94,--,8,5552,买盘
362,14:35:00,6.94,--,1,694,买盘
363,14:34:57,6.94,--,7,4858,买盘
364,14:34:54,6.94,--,312,216528,买盘
365,14:34:51,6.94,0.01,99,68706,买盘
366,14:34:48,6.93,--,7,4851,卖盘
367,14:34:45,6.93,--,83,57519,卖盘
368,14:34:42,6.93,-0.01,6,4158,卖盘
369,14:34:39,6.94,--,24,16656,买盘
370,14:34:33,6.94,--,7,4858,买盘
371,14:34:30,6.94,--,100,69400,买盘
372,14:34:24,6.94,--,10,6940,买盘
373,14:34:21,6.94,0.01,20,13880,买盘
374,14:34:18,6.93,-0.01,11,7623,卖盘
375,14:34:15,6.94,--,11,7634,买盘
376,14:34:12,6.94,--,291,201954,买盘
377,14:34:09,6.94,--,58,40252,买盘
378,14:34:06,6.94,0.01,60,41640,买盘
379,14:34:03,6.93,-0.01,34,23562,卖盘
380,14:34:00,6.94,--,60,41640,买盘
381,14:33:57,6.94,--,207,143658,买盘
382,14:33:54,6.94,--,14,9716,买盘
383,14:33:51,6.94,--,50,34700,买盘
384,14:33:48,6.94,--,341,236654,买盘
385,14:33:45,6.94,0.01,21,14574,买盘
386,14:33:42,6.93,-0.01,30,20790,卖盘
387,14:33:39,6.94,0.01,5052,3506088,买盘
388,14:33:36,6.93,-0.01,66,45738,卖盘
389,14:33:30,6.94,0.01,55,38170,买盘
390,14:33:27,6.93,-0.01,41,28413,卖盘
391,14:33:24,6.94,--,225,156150,买盘
392,14:33:21,6.94,--,85,58990,买盘
393,14:33:18,6.94,0.01,558,387252,买盘
394,14:33:15,6.93,--,215,148995,卖盘
395,14:33:12,6.93,--,8,5544,卖盘
396,14:33:09,6.93,-0.01,40,27720,卖盘
397,14:33:06,6.94,0.01,16,11104,买盘
398,14:33:00,6.93,-0.01,10,6930,卖盘
399,14:32:57,6.94,--,507,351858,买盘
400,14:32:54,6.94,--,20,13880,买盘
401,14:32:51,6.94,0.01,23,15962,买盘
402,14:32:48,6.93,-0.01,28,19404,卖盘
403,14:32:45,6.94,0.01,24,16656,买盘
404,14:32:42,6.93,--,61,42273,卖盘
405,14:32:39,6.93,-0.01,316,218988,卖盘
406,14:32:36,6.94,0.01,60,41640,买盘
407,14:32:30,6.93,--,102,70686,卖盘
408,14:32:27,6.93,-0.01,83,57519,卖盘
409,14:32:24,6.94,--,271,188074,买盘
410,14:32:21,6.94,--,15,10410,买盘
411,14:32:18,6.94,--,422,292868,买盘
412,14:32:15,6.94,--,535,371290,买盘
413,14:32:12,6.94,--,5,3470,买盘
414,14:32:09,6.94,--,205,142270,买盘
415,14:32:06,6.94,--,60,41640,买盘
416,14:32:03,6.94,0.01,51,35394,买盘
417,14:32:00,6.93,-0.01,71,49203,卖盘
418,14:31:57,6.94,--,13,9022,买盘
419,14:31:54,6.94,0.01,11,7634,买盘
420,14:31:51,6.93,--,50,34650,卖盘
421,14:31:45,6.93,--,29,20097,卖盘
422,14:31:42,6.93,-0.01,3,2079,卖盘
423,14:31:39,6.94,0.01,29,20126,买盘
424,14:31:36,6.93,--,2576,1785583,买盘
425,14:31:30,6.93,0.01,40,27720,买盘
426,14:31:27,6.92,-0.01,104,71968,卖盘
427,14:31:24,6.93,0.01,10,6930,买盘
428,14:31:21,6.92,-0.01,5118,3541656,卖盘
429,14:31:18,6.93,0.01,7,4851,买盘
430,14:31:15,6.92,--,1,692,卖盘
431,14:31:12,6.92,-0.01,53,36676,卖盘
432,14:31:09,6.93,0.01,409,283437,买盘
433,14:31:06,6.92,--,135,93420,卖盘
434,14:31:03,6.92,--,170,117640,卖盘
435,14:31:00,6.92,--,12,8304,卖盘
436,14:30:57,6.92,-0.01,537,371604,卖盘
437,14:30:54,6.93,--,100,69300,买盘
438,14:30:51,6.93,0.01,10,6930,买盘
439,14:30:48,6.92,--,180,124560,卖盘
440,14:30:45,6.92,-0.01,509,352228,卖盘
441,14:30:42,6.93,--,68,47124,买盘
442,14:30:39,6.93,--,28,19404,买盘
443,14:30:36,6.93,0.01,55,38115,买盘
444,14:30:30,6.92,-0.01,5050,3494600,卖盘
445,14:30:27,6.93,--,3,2079,买盘
446,14:30:24,6.93,0.01,10,6930,买盘
447,14:30:21,6.92,-0.01,580,401360,卖盘
448,14:30:18,6.93,0.01,96,66528,买盘
449,14:30:12,6.92,-0.01,45,31140,卖盘
450,14:30:09,6.93,--,53,36729,买盘
451,14:30:06,6.93,0.01,13,9009,买盘
452,14:30:03,6.92,-0.01,345,238740,卖盘
453,14:29:57,6.93,0.01,226,156618,买盘
454,14:29:54,6.92,-0.01,99,68508,卖盘
455,14:29:51,6.93,--,42,29106,买盘
456,14:29:48,6.93,--,1,693,买盘
457,14:29:45,6.93,--,31,21483,买盘
458,14:29:42,6.93,--,7,4851,买盘
459,14:29:39,6.93,0.01,52,36036,买盘
460,14:29:36,6.92,-0.01,5,3460,卖盘
461,14:29:33,6.93,--,1,693,买盘
462,14:29:30,6.93,--,201,139293,买盘
463,14:29:27,6.93,--,76,52668,买盘
464,14:29:24,6.93,0.01,283,196119,买盘
465,14:29:21,6.92,--,21,14532,卖盘
466,14:29:18,6.92,-0.01,27,18684,卖盘
467,14:29:15,6.93,0.01,61,42273,买盘
468,14:29:12,6.92,--,241,166772,卖盘
469,14:29:09,6.92,--,30,20760,卖盘
470,14:29:06,6.92,--,32,22144,买盘
471,14:29:03,6.92,0.01,1,692,中性盘
472,14:29:00,6.91,-0.01,15,10365,卖盘
473,14:28:57,6.92,--,5459,3777766,买盘
474,14:28:54,6.92,--,11,7612,买盘
475,14:28:48,6.92,--,100,69200,买盘
476,14:28:42,6.92,--,5,3460,买盘
477,14:28:39,6.92,--,47,32524,买盘
478,14:28:36,6.92,--,1,692,买盘
479,14:28:33,6.92,--,100,69200,买盘
480,14:28:30,6.92,--,3,2076,买盘
481,14:28:24,6.92,0.01,206,142552,买盘
482,14:28:21,6.91,-0.01,9,6219,卖盘
483,14:28:18,6.92,--,182,125944,买盘
484,14:28:15,6.92,--,371,256732,买盘
485,14:28:12,6.92,--,205,141860,买盘
486,14:28:09,6.92,0.01,10,6920,买盘
487,14:28:06,6.91,-0.01,50,34550,卖盘
488,14:28:03,6.92,0.01,122,84424,买盘
489,14:28:00,6.91,-0.01,227,156857,卖盘
490,14:27:57,6.92,--,11,7612,买盘
491,14:27:54,6.92,--,10,6920,买盘
492,14:27:51,6.92,--,321,222132,买盘
493,14:27:48,6.92,--,6,4152,买盘
494,14:27:45,6.92,--,53,36676,买盘
495,14:27:42,6.92,--,1,692,买盘
496,14:27:39,6.92,--,18,12456,买盘
497,14:27:36,6.92,--,34,23528,买盘
498,14:27:30,6.92,--,305,211060,买盘
499,14:27:27,6.92,0.01,121,83732,买盘
500,14:27:24,6.91,-0.01,31,21421,卖盘
501,14:27:21,6.92,--,10,6920,买盘
502,14:27:18,6.92,--,8,5536,买盘
503,14:27:15,6.92,--,1,692,买盘
504,14:27:12,6.92,--,20,13840,买盘
505,14:27:09,6.92,--,10,6920,买盘
506,14:27:03,6.92,--,1,692,买盘
507,14:27:00,6.92,--,1,692,买盘
508,14:26:57,6.92,0.01,11,7612,买盘
509,14:26:54,6.91,--,63,43533,卖盘
510,14:26:51,6.91,--,61,42151,卖盘
511,14:26:42,6.91,-0.01,160,110560,卖盘
512,14:26:39,6.92,--,53,36676,买盘
513,14:26:36,6.92,--,37,25604,买盘
514,14:26:33,6.92,--,1,692,买盘
515,14:26:30,6.92,--,3,2076,买盘
516,14:26:27,6.92,0.01,119,82348,买盘
517,14:26:24,6.91,--,118,81538,卖盘
518,14:26:21,6.91,-0.01,5,3455,卖盘
519,14:26:18,6.92,--,118,81656,买盘
520,14:26:12,6.92,--,5,3460,买盘
521,14:26:09,6.92,--,9,6228,买盘
522,14:26:06,6.92,0.01,60,41520,买盘
523,14:26:03,6.91,--,1,691,卖盘
524,14:26:00,6.91,-0.01,3,2073,卖盘
525,14:25:57,6.92,--,10,6920,买盘
526,14:25:54,6.92,--,10,6920,买盘
527,14:25:51,6.92,--,11,7612,买盘
528,14:25:45,6.92,--,57,39444,买盘
529,14:25:42,6.92,--,1,692,买盘
530,14:25:39,6.92,--,216,149472,买盘
531,14:25:36,6.92,--,79,54668,买盘
532,14:25:33,6.92,--,18,12456,买盘
533,14:25:30,6.92,--,127,87884,买盘
534,14:25:27,6.92,--,4,2768,买盘
535,14:25:24,6.92,--,800,553600,买盘
536,14:25:18,6.92,--,29,20068,买盘
537,14:25:12,6.92,--,5,3460,买盘
538,14:25:09,6.92,0.01,9,6228,买盘
539,14:25:03,6.91,-0.01,120,82920,卖盘
540,14:24:57,6.92,--,211,146012,买盘
541,14:24:54,6.92,--,198,137016,买盘
542,14:24:45,6.92,--,1,692,买盘
543,14:24:42,6.92,--,6,4152,买盘
544,14:24:39,6.92,--,12,8304,买盘
545,14:24:36,6.92,0.01,9,6228,买盘
546,14:24:33,6.91,--,39,26949,买盘
547,14:24:30,6.91,0.01,271,187261,买盘
548,14:24:27,6.9,-0.01,710,489900,卖盘
549,14:24:24,6.91,--,10,6910,买盘
550,14:24:21,6.91,--,19,13129,买盘
551,14:24:18,6.91,0.01,17,11747,买盘
552,14:24:15,6.9,-0.01,3,2070,卖盘
553,14:24:12,6.91,0.01,118,81538,买盘
554,14:24:09,6.9,-0.01,210,144900,卖盘
555,14:24:06,6.91,0.01,79,54589,买盘
556,14:24:03,6.9,--,12,8280,卖盘
557,14:24:00,6.9,-0.01,38,26220,卖盘
558,14:23:57,6.91,--,8,5528,买盘
559,14:23:54,6.91,--,147,101577,买盘
560,14:23:48,6.91,0.01,1,691,买盘
561,14:23:45,6.9,-0.01,75,51750,卖盘
562,14:23:42,6.91,--,10,6910,买盘
563,14:23:39,6.91,--,126,87066,买盘
564,14:23:36,6.91,0.01,215,148565,买盘
565,14:23:33,6.9,--,267,184230,卖盘
566,14:23:30,6.9,-0.01,46,31740,卖盘
567,14:23:27,6.91,--,281,194171,买盘
568,14:23:24,6.91,0.01,79,54589,买盘
569,14:23:18,6.9,-0.01,60,41400,卖盘
570,14:23:15,6.91,0.01,110,76010,买盘
571,14:23:12,6.9,-0.01,205,141450,卖盘
572,14:23:09,6.91,--,17,11747,买盘
573,14:23:06,6.91,--,12,8292,买盘
574,14:23:03,6.91,--,93,64263,买盘
575,14:23:00,6.91,--,12,8292,买盘
576,14:22:57,6.91,--,210,145110,买盘
577,14:22:54,6.91,--,40,27640,买盘
578,14:22:51,6.91,0.01,10,6910,买盘
579,14:22:48,6.9,--,146,100740,卖盘
580,14:22:45,6.9,-0.01,9,6210,卖盘
581,14:22:42,6.91,--,96,66336,买盘
582,14:22:39,6.91,0.01,20,13820,买盘
583,14:22:36,6.9,--,64,44160,卖盘
584,14:22:30,6.9,--,232,160080,卖盘
585,14:22:27,6.9,--,17,11730,卖盘
586,14:22:24,6.9,-0.01,56,38640,卖盘
587,14:22:21,6.91,0.01,10,6910,买盘
588,14:22:18,6.9,-0.01,19,13110,卖盘
589,14:22:15,6.91,0.01,1,691,买盘
590,14:22:12,6.9,--,74,51060,卖盘
591,14:22:09,6.9,-0.01,63,43470,卖盘
592,14:22:06,6.91,--,47,32477,买盘
593,14:22:03,6.91,0.01,71,49061,买盘
594,14:22:00,6.9,-0.01,36,24840,卖盘
595,14:21:57,6.91,0.01,228,157548,买盘
596,14:21:54,6.9,-0.01,70,48300,卖盘
597,14:21:51,6.91,--,15,10365,买盘
598,14:21:48,6.91,--,42,29022,买盘
599,14:21:45,6.91,--,1,691,买盘
600,14:21:42,6.91,--,2,1382,买盘
601,14:21:39,6.91,--,12,8292,买盘
602,14:21:36,6.91,0.01,44,30404,买盘
603,14:21:30,6.9,-0.01,13,8970,卖盘
604,14:21:27,6.91,--,5,3455,买盘
605,14:21:24,6.91,--,34,23494,买盘
606,14:21:21,6.91,--,10,6910,买盘
607,14:21:18,6.91,--,50,34550,买盘
608,14:21:15,6.91,0.01,1,691,买盘
609,14:21:12,6.9,--,55,37950,卖盘
610,14:21:06,6.9,-0.01,98,67620,卖盘
611,14:21:03,6.91,--,72,49752,买盘
612,14:21:00,6.91,--,34,23494,买盘
613,14:20:57,6.91,--,12,8292,买盘
614,14:20:54,6.91,0.01,1,691,买盘
615,14:20:51,6.9,-0.01,344,237360,卖盘
616,14:20:42,6.91,--,145,100195,买盘
617,14:20:39,6.91,0.01,243,167913,买盘
618,14:20:36,6.9,-0.01,44,30360,卖盘
619,14:20:30,6.91,--,389,268799,买盘
620,14:20:24,6.91,0.01,94,64954,买盘
621,14:20:21,6.9,-0.01,5,3450,卖盘
622,14:20:18,6.91,0.01,7,4837,买盘
623,14:20:15,6.9,-0.01,206,142140,卖盘
624,14:20:12,6.91,--,6,4146,买盘
625,14:20:09,6.91,0.01,21,14511,买盘
626,14:20:06,6.9,--,52,35880,卖盘
627,14:20:03,6.9,-0.01,10,6900,卖盘
628,14:20:00,6.91,0.01,202,139582,买盘
629,14:19:57,6.9,--,418,288420,卖盘
630,14:19:54,6.9,-0.01,20,13800,卖盘
631,14:19:51,6.91,--,133,91903,买盘
632,14:19:48,6.91,--,5,3455,买盘
633,14:19:45,6.91,--,12,8292,买盘
634,14:19:42,6.91,0.01,61,42151,买盘
635,14:19:39,6.9,--,47,32430,卖盘
636,14:19:36,6.9,--,126,86940,卖盘
637,14:19:33,6.9,-0.01,50,34500,卖盘
638,14:19:30,6.91,0.01,120,82920,买盘
639,14:19:27,6.9,--,8,5520,卖盘
640,14:19:24,6.9,--,7,4830,卖盘
641,14:19:21,6.9,--,33,22770,卖盘
642,14:19:18,6.9,-0.01,19,13110,卖盘
643,14:19:15,6.91,--,60,41460,买盘
644,14:19:12,6.91,--,75,51825,买盘
645,14:19:09,6.91,0.01,43,29713,买盘
646,14:19:06,6.9,-0.01,32,22080,卖盘
647,14:19:00,6.91,0.01,1,691,买盘
648,14:18:57,6.9,--,150,103500,卖盘
649,14:18:51,6.9,--,1084,747960,卖盘
650,14:18:45,6.9,-0.01,1,690,卖盘
651,14:18:39,6.91,0.01,7,4837,买盘
652,14:18:36,6.9,--,33,22770,卖盘
653,14:18:30,6.9,--,51,35190,卖盘
654,14:18:27,6.9,--,47,32430,卖盘
655,14:18:21,6.9,-0.01,49,33810,卖盘
656,14:18:18,6.91,0.01,7,4837,买盘
657,14:18:12,6.9,--,21,14490,卖盘
658,14:18:06,6.9,--,32,22080,卖盘
659,14:18:03,6.9,-0.01,66,45540,卖盘
660,14:18:00,6.91,0.01,31,21421,买盘
661,14:17:57,6.9,--,16,11040,卖盘
662,14:17:51,6.9,--,33,22770,卖盘
663,14:17:48,6.9,-0.01,70,48300,卖盘
664,14:17:45,6.91,--,43,29713,买盘
665,14:17:42,6.91,--,1,691,买盘
666,14:17:39,6.91,0.01,7,4837,买盘
667,14:17:36,6.9,-0.01,48,33120,卖盘
668,14:17:30,6.91,0.01,21,14511,买盘
669,14:17:27,6.9,--,8,5520,卖盘
670,14:17:21,6.9,-0.01,90,62100,卖盘
671,14:17:18,6.91,0.01,8,5528,买盘
672,14:17:15,6.9,-0.01,42,28980,卖盘
673,14:17:12,6.91,--,169,116779,买盘
674,14:17:09,6.91,0.01,10,6910,买盘
675,14:17:06,6.9,--,84,57960,卖盘
676,14:17:03,6.9,-0.01,1,690,卖盘
677,14:17:00,6.91,--,1,691,买盘
678,14:16:57,6.91,--,57,39387,买盘
679,14:16:54,6.91,0.01,2,1382,买盘
680,14:16:51,6.9,-0.01,142,97980,卖盘
681,14:16:48,6.91,0.01,100,69100,买盘
682,14:16:45,6.9,--,2,1380,卖盘
683,14:16:42,6.9,-0.01,20,13800,卖盘
684,14:16:39,6.91,--,82,56662,买盘
685,14:16:36,6.91,--,1,691,买盘
686,14:16:33,6.91,--,1,691,买盘
687,14:16:30,6.91,0.01,2,1382,买盘
688,14:16:27,6.9,-0.01,8,5520,卖盘
689,14:16:24,6.91,0.01,74,51134,买盘
690,14:16:21,6.9,--,1,690,卖盘
691,14:16:18,6.9,--,607,418830,卖盘
692,14:16:15,6.9,--,6,4140,卖盘
693,14:16:12,6.9,--,15,10350,卖盘
694,14:16:06,6.9,-0.01,35,24150,卖盘
695,14:16:00,6.91,--,1,691,买盘
696,14:15:57,6.91,--,15,10365,买盘
697,14:15:54,6.91,--,1,691,买盘
698,14:15:51,6.91,0.01,54,37314,买盘
699,14:15:48,6.9,--,10,6900,卖盘
700,14:15:45,6.9,-0.01,3,2070,卖盘
701,14:15:42,6.91,--,71,49061,买盘
702,14:15:39,6.91,0.01,57,39387,买盘
703,14:15:36,6.9,-0.01,33,22770,卖盘
704,14:15:33,6.91,0.01,2,1382,买盘
705,14:15:30,6.9,--,6,4140,卖盘
706,14:15:27,6.9,-0.01,8,5520,卖盘
707,14:15:24,6.91,0.01,39,26949,买盘
708,14:15:21,6.9,--,718,495420,卖盘
709,14:15:18,6.9,-0.01,28,19320,卖盘
710,14:15:15,6.91,--,1,691,买盘
711,14:15:12,6.91,--,6,4146,买盘
712,14:15:09,6.91,0.01,30,20730,买盘
713,14:15:06,6.9,--,73,50370,卖盘
714,14:15:00,6.9,-0.01,26,17940,卖盘
715,14:14:57,6.91,--,30,20730,买盘
716,14:14:54,6.91,0.01,2,1382,买盘
717,14:14:51,6.9,-0.01,32,22080,卖盘
718,14:14:48,6.91,0.01,42,29022,买盘
719,14:14:45,6.9,--,2051,1415190,卖盘
720,14:14:42,6.9,-0.01,5,3450,卖盘
721,14:14:39,6.91,0.01,7,4837,买盘
722,14:14:36,6.9,--,43,29670,卖盘
723,14:14:30,6.9,--,4,2760,卖盘
724,14:14:27,6.9,-0.01,8,5520,卖盘
725,14:14:24,6.91,0.01,2,1382,买盘
726,14:14:21,6.9,-0.01,166,114540,卖盘
727,14:14:18,6.91,0.01,47,32477,买盘
728,14:14:12,6.9,-0.01,103,71070,卖盘
729,14:14:09,6.91,0.01,29,20039,买盘
730,14:14:06,6.9,--,33,22770,卖盘
731,14:14:03,6.9,-0.01,5,3450,卖盘
732,14:14:00,6.91,--,67,46297,买盘
733,14:13:57,6.91,--,16,11056,买盘
734,14:13:54,6.91,--,1,691,买盘
735,14:13:51,6.91,0.01,33,22803,买盘
736,14:13:48,6.9,--,2,1380,卖盘
737,14:13:45,6.9,-0.01,51,35190,卖盘
738,14:13:42,6.91,0.01,1,691,买盘
739,14:13:39,6.9,--,16,11040,卖盘
740,14:13:36,6.9,-0.01,37,25530,卖盘
741,14:13:30,6.91,0.01,136,93976,买盘
742,14:13:27,6.9,-0.01,18,12420,卖盘
743,14:13:24,6.91,0.01,56,38696,买盘
744,14:13:21,6.9,-0.01,83,57270,卖盘
745,14:13:18,6.91,--,8,5528,买盘
746,14:13:12,6.91,--,5,3455,买盘
747,14:13:09,6.91,0.01,358,247378,买盘
748,14:13:06,6.9,-0.01,33,22770,卖盘
749,14:13:03,6.91,0.01,141,97431,买盘
750,14:13:00,6.9,-0.01,98,67620,卖盘
751,14:12:57,6.91,0.01,9,6219,买盘
752,14:12:54,6.9,--,8,5520,卖盘
753,14:12:51,6.9,--,32,22080,卖盘
754,14:12:48,6.9,--,100,69000,卖盘
755,14:12:45,6.9,--,74,51060,卖盘
756,14:12:42,6.9,-0.01,6,4140,卖盘
757,14:12:39,6.91,--,112,77392,买盘
758,14:12:36,6.91,--,49,33859,买盘
759,14:12:33,6.91,--,1,691,买盘
760,14:12:30,6.91,0.01,1,691,买盘
761,14:12:27,6.9,--,58,40020,卖盘
762,14:12:21,6.9,-0.01,33,22770,卖盘
763,14:12:15,6.91,--,257,177587,买盘
764,14:12:12,6.91,--,35,24185,买盘
765,14:12:06,6.91,0.01,43,29713,买盘
766,14:12:03,6.9,-0.01,5,3450,卖盘
767,14:12:00,6.91,0.01,302,208682,买盘
768,14:11:57,6.9,--,8,5520,卖盘
769,14:11:51,6.9,--,32,22080,卖盘
770,14:11:45,6.9,--,455,313950,卖盘
771,14:11:42,6.9,--,34,23460,卖盘
772,14:11:36,6.9,-0.01,9,6210,卖盘
773,14:11:30,6.91,--,1,691,买盘
774,14:11:27,6.91,0.01,50,34550,买盘
775,14:11:24,6.9,-0.01,125,86250,卖盘
776,14:11:18,6.91,--,34,23494,买盘
777,14:11:15,6.91,--,1,691,买盘
778,14:11:12,6.91,--,5,3455,买盘
779,14:11:09,6.91,0.01,5,3455,买盘
780,14:11:06,6.9,-0.01,34,23460,卖盘
781,14:11:00,6.91,--,297,205227,买盘
782,14:10:57,6.91,0.01,21,14511,买盘
783,14:10:54,6.9,--,16,11040,卖盘
784,14:10:51,6.9,--,33,22770,卖盘
785,14:10:42,6.9,-0.01,6,4140,卖盘
786,14:10:39,6.91,--,15,10365,买盘
787,14:10:36,6.91,0.01,64,44224,买盘
788,14:10:33,6.9,--,110,75900,卖盘
789,14:10:30,6.9,-0.01,71,48990,卖盘
790,14:10:27,6.91,0.01,1,691,买盘
791,14:10:21,6.9,--,348,240120,卖盘
792,14:10:15,6.9,--,22,15180,卖盘
793,14:10:12,6.9,-0.01,46,31740,卖盘
794,14:10:09,6.91,0.01,100,69100,买盘
795,14:10:06,6.9,--,64,44463,卖盘
796,14:10:03,6.9,-0.01,6,4140,卖盘
797,14:10:00,6.91,0.01,32,22112,买盘
798,14:09:54,6.9,--,20,13800,卖盘
799,14:09:51,6.9,-0.01,34,23460,卖盘
800,14:09:48,6.91,--,10,6910,买盘
801,14:09:42,6.91,--,5,3455,买盘
802,14:09:39,6.91,0.01,20,13820,买盘
803,14:09:36,6.9,-0.01,42,28980,卖盘
804,14:09:33,6.91,0.01,15,10365,买盘
805,14:09:30,6.9,--,8,5520,卖盘
806,14:09:27,6.9,--,34,23460,卖盘
807,14:09:21,6.9,-0.01,39,26910,卖盘
808,14:09:18,6.91,--,8,5528,买盘
809,14:09:12,6.91,0.01,5,3455,买盘
810,14:09:06,6.9,-0.01,53,36570,卖盘
811,14:09:03,6.91,0.01,10,6910,买盘
812,14:09:00,6.9,-0.01,205,141450,卖盘
813,14:08:54,6.91,0.01,3000,2073000,买盘
814,14:08:51,6.9,--,44,30360,卖盘
815,14:08:48,6.9,--,114,78660,卖盘
816,14:08:36,6.9,--,62,42780,卖盘
817,14:08:30,6.9,-0.01,8,5520,卖盘
818,14:08:24,6.91,--,4,2764,买盘
819,14:08:21,6.91,--,86,59426,买盘
820,14:08:18,6.91,0.01,391,270181,买盘
821,14:08:12,6.9,-0.01,5,3450,卖盘
822,14:08:09,6.91,--,1834,1267294,卖盘
823,14:08:06,6.91,--,82,56662,卖盘
824,14:07:57,6.91,--,37,25567,卖盘
825,14:07:51,6.91,--,33,22803,卖盘
826,14:07:48,6.91,--,10,6910,卖盘
827,14:07:45,6.91,-0.01,1001,691691,卖盘
828,14:07:39,6.92,0.01,40,27680,买盘
829,14:07:36,6.91,-0.01,32,22112,卖盘
830,14:07:30,6.92,0.01,3,2076,买盘
831,14:07:27,6.91,--,9,6219,卖盘
832,14:07:24,6.91,--,72,49752,卖盘
833,14:07:21,6.91,--,33,22803,卖盘
834,14:07:18,6.91,--,50,34550,卖盘
835,14:07:12,6.91,-0.01,35,24185,卖盘
836,14:07:09,6.92,0.01,28,19376,买盘
837,14:07:06,6.91,--,6,4146,卖盘
838,14:07:03,6.91,--,433,299203,卖盘
839,14:07:00,6.91,--,17,11747,卖盘
840,14:06:57,6.91,--,11,7601,卖盘
841,14:06:51,6.91,-0.01,48,33168,卖盘
842,14:06:45,6.92,0.01,2,1384,买盘
843,14:06:42,6.91,--,2,1382,卖盘
844,14:06:39,6.91,-0.01,905,625355,卖盘
845,14:06:36,6.92,0.01,45,31140,买盘
846,14:06:33,6.91,--,1000,691000,卖盘
847,14:06:27,6.91,-0.01,8,5528,卖盘
848,14:06:24,6.92,0.01,13,8996,买盘
849,14:06:21,6.91,--,33,22803,卖盘
850,14:06:18,6.91,--,20,13820,卖盘
851,14:06:15,6.91,-0.01,1000,691000,卖盘
852,14:06:09,6.92,0.01,58,40136,买盘
853,14:06:06,6.91,--,33,22803,卖盘
854,14:05:57,6.91,-0.01,53,36623,卖盘
855,14:05:54,6.92,0.01,1,692,买盘
856,14:05:51,6.91,-0.01,42,29022,卖盘
857,14:05:45,6.92,--,298,206216,买盘
858,14:05:42,6.92,0.01,19,13148,买盘
859,14:05:39,6.91,--,502,346882,卖盘
860,14:05:36,6.91,-0.01,132,91212,卖盘
861,14:05:30,6.92,0.01,1,692,买盘
862,14:05:27,6.91,--,38,26258,卖盘
863,14:05:24,6.91,-0.01,33,22803,卖盘
864,14:05:21,6.92,0.01,1,692,买盘
865,14:05:18,6.91,--,1,691,卖盘
866,14:05:15,6.91,--,4,2764,卖盘
867,14:05:06,6.91,-0.01,33,22803,卖盘
868,14:04:57,6.92,0.01,179,123868,买盘
869,14:04:54,6.91,--,4,2764,卖盘
870,14:04:51,6.91,--,33,22803,卖盘
871,14:04:48,6.91,-0.01,100,69100,卖盘
872,14:04:45,6.92,0.01,21,14532,买盘
873,14:04:42,6.91,--,183,126453,卖盘
874,14:04:39,6.91,--,10,6910,卖盘
875,14:04:36,6.91,-0.01,41,28331,卖盘
876,14:04:33,6.92,0.01,20,13840,买盘
877,14:04:30,6.91,--,6,4146,卖盘
878,14:04:27,6.91,-0.01,8,5528,卖盘
879,14:04:24,6.92,0.01,35,24220,买盘
880,14:04:21,6.91,-0.01,1000,691000,卖盘
881,14:04:15,6.92,--,81,56052,买盘
882,14:04:09,6.92,--,60,41520,买盘
883,14:04:06,6.92,--,183,126636,买盘
884,14:04:00,6.92,0.01,45,31140,买盘
885,14:03:57,6.91,--,19,13129,卖盘
886,14:03:54,6.91,--,60,41460,卖盘
887,14:03:51,6.91,-0.01,34,23494,卖盘
888,14:03:45,6.92,--,3,2076,买盘
889,14:03:42,6.92,--,20,13840,买盘
890,14:03:39,6.92,0.01,5,3460,买盘
891,14:03:36,6.91,-0.01,33,22803,卖盘
892,14:03:30,6.92,0.01,3,2076,买盘
893,14:03:27,6.91,-0.01,8,5528,卖盘
894,14:03:24,6.92,0.01,10,6920,买盘
895,14:03:21,6.91,-0.01,114,78774,卖盘
896,14:03:09,6.92,0.01,15,10380,买盘
897,14:03:06,6.91,-0.01,69,47679,卖盘
898,14:03:00,6.92,0.01,21,14532,买盘
899,14:02:57,6.91,--,8,5528,卖盘
900,14:02:54,6.91,-0.01,6,4146,卖盘
901,14:02:51,6.92,0.01,47,32524,买盘
902,14:02:42,6.91,-0.01,1,691,卖盘
903,14:02:39,6.92,0.01,1,692,买盘
904,14:02:36,6.91,--,33,22803,卖盘
905,14:02:30,6.91,--,7,4837,卖盘
906,14:02:27,6.91,-0.01,14,9674,卖盘
907,14:02:24,6.92,--,83,57436,买盘
908,14:02:21,6.92,--,44,30448,买盘
909,14:02:15,6.92,--,1,692,买盘
910,14:02:12,6.92,0.01,50,34600,买盘
911,14:02:09,6.91,-0.01,20,13820,卖盘
912,14:02:06,6.92,0.01,34,23528,买盘
913,14:02:00,6.91,--,40,27640,卖盘
914,14:01:57,6.91,-0.01,8,5528,卖盘
915,14:01:54,6.92,--,1,692,买盘
916,14:01:51,6.92,0.01,42,29064,买盘
917,14:01:48,6.91,-0.01,33,22803,卖盘
918,14:01:45,6.92,0.01,2,1384,买盘
919,14:01:42,6.91,--,10,6910,卖盘
920,14:01:36,6.91,--,33,22803,卖盘
921,14:01:33,6.91,-0.01,1,691,卖盘
922,14:01:27,6.92,0.01,10,6920,买盘
923,14:01:21,6.91,-0.01,46,31786,卖盘
924,14:01:18,6.92,0.01,1,692,买盘
925,14:01:15,6.91,-0.01,56,38696,卖盘
926,14:01:09,6.92,--,51,35292,买盘
927,14:01:06,6.92,--,34,23528,买盘
928,14:01:03,6.92,--,150,103800,买盘
929,14:01:00,6.92,--,52,35984,买盘
930,14:00:57,6.92,--,40,27680,买盘
931,14:00:51,6.92,0.01,34,23528,买盘
932,14:00:48,6.91,-0.01,81,55971,卖盘
933,14:00:45,6.92,--,2,1384,买盘
934,14:00:39,6.92,0.01,31,21452,买盘
935,14:00:36,6.91,-0.01,38,26258,卖盘
936,14:00:33,6.92,0.01,1,692,买盘
937,14:00:27,6.91,-0.01,9,6219,卖盘
938,14:00:21,6.92,--,83,57436,买盘
939,14:00:18,6.92,0.01,1,692,买盘
940,14:00:15,6.91,--,103,71173,卖盘
941,14:00:12,6.91,--,117,80847,卖盘
942,14:00:09,6.91,--,38,26258,卖盘
943,14:00:06,6.91,-0.01,97,67027,卖盘
944,14:00:03,6.92,0.01,100,69200,买盘
945,14:00:00,6.91,-0.01,27,18657,卖盘
946,13:59:57,6.92,0.01,100,69200,买盘
947,13:59:54,6.91,--,9,6219,卖盘
948,13:59:51,6.91,--,44,30404,卖盘
949,13:59:48,6.91,--,1,691,卖盘
950,13:59:45,6.91,-0.01,3,2073,卖盘
951,13:59:42,6.92,--,42,29064,买盘
952,13:59:39,6.92,0.01,1,692,买盘
953,13:59:36,6.91,--,84,58044,卖盘
954,13:59:33,6.91,-0.01,11,7601,卖盘
955,13:59:30,6.92,--,168,116256,买盘
956,13:59:27,6.92,0.01,1,692,买盘
957,13:59:24,6.91,-0.01,234,161694,卖盘
958,13:59:21,6.92,0.01,1,692,买盘
959,13:59:18,6.91,--,6,4146,卖盘
960,13:59:15,6.91,--,29,20039,卖盘
961,13:59:06,6.91,-0.01,33,22803,卖盘
962,13:59:03,6.92,0.01,1,692,买盘
963,13:58:54,6.91,--,208,143728,卖盘
964,13:58:48,6.91,--,39,26949,卖盘
965,13:58:45,6.91,--,1,691,卖盘
966,13:58:42,6.91,-0.01,3,2073,卖盘
967,13:58:39,6.92,--,1,692,买盘
968,13:58:36,6.92,--,34,23528,买盘
969,13:58:27,6.92,0.01,33,22836,买盘
970,13:58:24,6.91,-0.01,52,35932,卖盘
971,13:58:21,6.92,--,1,692,买盘
972,13:58:18,6.92,--,281,194452,买盘
973,13:58:12,6.92,0.01,30,20760,买盘
974,13:58:06,6.91,-0.01,32,22112,卖盘
975,13:58:03,6.92,--,1,692,买盘
976,13:57:57,6.92,0.01,50,34600,买盘
977,13:57:54,6.91,-0.01,8,5528,卖盘
978,13:57:51,6.92,0.01,72,49824,买盘
979,13:57:48,6.91,--,10,6910,卖盘
980,13:57:45,6.91,--,101,69791,卖盘
981,13:57:42,6.91,--,15,10365,卖盘
982,13:57:36,6.91,-0.01,33,22803,卖盘
983,13:57:33,6.92,--,62,42904,买盘
984,13:57:30,6.92,--,32,22144,买盘
985,13:57:27,6.92,--,131,90652,买盘
986,13:57:24,6.92,0.01,31,21452,买盘
987,13:57:21,6.91,--,243,167913,卖盘
988,13:57:18,6.91,-0.01,20,13820,卖盘
989,13:57:15,6.92,--,1,692,买盘
990,13:57:12,6.92,0.01,46,31832,买盘
991,13:57:09,6.91,-0.01,3,2073,卖盘
992,13:57:06,6.92,0.01,121,83732,买盘
993,13:57:03,6.91,-0.01,32,22112,卖盘
994,13:56:57,6.92,0.01,81,56052,买盘
995,13:56:54,6.91,-0.01,8,5528,卖盘
996,13:56:51,6.92,0.01,77,53284,买盘
997,13:56:45,6.91,--,1276,881716,买盘
998,13:56:42,6.91,--,66,45606,买盘
999,13:56:36,6.91,0.01,1182,816762,买盘
1000,13:56:33,6.9,-0.01,2,1380,卖盘
1001,13:56:27,6.91,0.01,194,134054,买盘
1002,13:56:24,6.9,--,10,6900,卖盘
1003,13:56:21,6.9,-0.01,33,22770,卖盘
1004,13:56:18,6.91,0.01,1,691,买盘
1005,13:56:15,6.9,--,1,690,卖盘
1006,13:56:06,6.9,-0.01,34,23460,卖盘
1007,13:56:03,6.91,--,222,153402,买盘
1008,13:56:00,6.91,--,196,135436,卖盘
1009,13:55:57,6.91,--,1,691,卖盘
1010,13:55:54,6.91,--,23,15893,卖盘
1011,13:55:51,6.91,--,33,22803,卖盘
1012,13:55:48,6.91,--,2,1382,卖盘
1013,13:55:45,6.91,--,7,4837,卖盘
1014,13:55:39,6.91,--,16,11056,卖盘
1015,13:55:36,6.91,-0.01,34,23494,卖盘
1016,13:55:30,6.92,--,100,69200,买盘
1017,13:55:27,6.92,--,49,33908,买盘
1018,13:55:24,6.92,0.02,43,29756,买盘
1019,13:55:21,6.9,-0.01,44,30360,卖盘
1020,13:55:18,6.91,--,10,6910,卖盘
1021,13:55:12,6.91,0.01,27,18657,买盘
1022,13:55:06,6.9,-0.01,1333,919770,卖盘
1023,13:55:03,6.91,--,31,21421,买盘
1024,13:55:00,6.91,0.01,35,24185,买盘
1025,13:54:57,6.9,-0.01,2008,1385520,卖盘
1026,13:54:51,6.91,0.01,87,60117,买盘
1027,13:54:42,6.9,-0.01,11,7590,卖盘
1028,13:54:39,6.91,0.01,32,22112,买盘
1029,13:54:36,6.9,--,34,23460,卖盘
1030,13:54:33,6.9,--,243,167670,卖盘
1031,13:54:30,6.9,--,1,690,卖盘
1032,13:54:27,6.9,--,1059,730710,卖盘
1033,13:54:24,6.9,--,9,6210,卖盘
1034,13:54:18,6.9,-0.01,134,92460,卖盘
1035,13:54:06,6.91,0.01,2,1382,买盘
1036,13:54:03,6.9,--,34,23460,卖盘
1037,13:54:00,6.9,--,55,37950,卖盘
1038,13:53:57,6.9,-0.01,9,6210,卖盘
1039,13:53:54,6.91,--,11,7601,买盘
1040,13:53:51,6.91,--,55,38005,卖盘
1041,13:53:48,6.91,--,33,22803,卖盘
1042,13:53:45,6.91,-0.01,6,4146,卖盘
1043,13:53:42,6.92,0.01,19,13148,买盘
1044,13:53:39,6.91,--,1,691,卖盘
1045,13:53:36,6.91,--,35,24185,卖盘
1046,13:53:33,6.91,-0.01,111,76701,卖盘
1047,13:53:27,6.92,--,9,6228,买盘
1048,13:53:24,6.92,0.01,34,23528,买盘
1049,13:53:21,6.91,--,10,6910,卖盘
1050,13:53:18,6.91,-0.01,33,22803,卖盘
1051,13:53:15,6.92,0.01,543,375756,买盘
1052,13:53:12,6.91,--,14,9674,卖盘
1053,13:53:06,6.91,--,140,96740,卖盘
1054,13:53:03,6.91,--,8,5528,卖盘
1055,13:53:00,6.91,--,20,13820,卖盘
1056,13:52:57,6.91,--,8,5528,卖盘
1057,13:52:51,6.91,--,1,691,卖盘
1058,13:52:48,6.91,--,33,22803,卖盘
1059,13:52:45,6.91,-0.01,59,40769,卖盘
1060,13:52:42,6.92,0.01,31,21452,买盘
1061,13:52:39,6.91,--,1,691,卖盘
1062,13:52:36,6.91,-0.01,10,6910,卖盘
1063,13:52:33,6.92,0.01,35,24220,买盘
1064,13:52:30,6.91,--,22,15202,卖盘
1065,13:52:27,6.91,--,18,12438,卖盘
1066,13:52:21,6.91,-0.01,183,126453,卖盘
1067,13:52:18,6.92,0.01,26,17992,买盘
1068,13:52:15,6.91,-0.01,22,15202,卖盘
1069,13:52:12,6.92,--,252,174384,买盘
1070,13:52:06,6.92,0.01,7,4844,买盘
1071,13:52:03,6.91,--,34,23494,卖盘
1072,13:51:57,6.91,-0.01,39,26949,卖盘
1073,13:51:54,6.92,--,20,13840,买盘
1074,13:51:51,6.92,0.01,6,4152,买盘
1075,13:51:48,6.91,--,33,22803,卖盘
1076,13:51:45,6.91,-0.01,11,7601,卖盘
1077,13:51:42,6.92,0.01,23,15916,买盘
1078,13:51:33,6.91,-0.01,36,24876,卖盘
1079,13:51:27,6.92,0.01,40,27680,买盘
1080,13:51:24,6.91,--,1,691,卖盘
1081,13:51:18,6.91,-0.01,39,26949,卖盘
1082,13:51:15,6.92,0.01,100,69200,买盘
1083,13:51:12,6.91,--,1,691,卖盘
1084,13:51:09,6.91,--,1,691,卖盘
1085,13:51:06,6.91,--,52,35932,卖盘
1086,13:51:03,6.91,--,93,64263,卖盘
1087,13:50:57,6.91,--,8,5528,卖盘
1088,13:50:51,6.91,--,13,8983,卖盘
1089,13:50:48,6.91,--,36,24876,卖盘
1090,13:50:45,6.91,0.01,8,5528,买盘
1091,13:50:42,6.9,--,36,24840,卖盘
1092,13:50:39,6.9,--,52,35880,卖盘
1093,13:50:36,6.9,--,1,690,卖盘
1094,13:50:33,6.9,-0.01,43,29670,卖盘
1095,13:50:27,6.91,0.01,62,42842,买盘
1096,13:50:24,6.9,--,715,493350,卖盘
1097,13:50:18,6.9,--,33,22770,卖盘
1098,13:50:15,6.9,-0.01,53,36570,卖盘
1099,13:50:06,6.91,0.01,893,617063,买盘
1100,13:50:03,6.9,-0.01,33,22770,卖盘
1101,13:50:00,6.91,0.01,28,19348,买盘
1102,13:49:54,6.9,--,9,6210,卖盘
1103,13:49:48,6.9,-0.01,39,26910,卖盘
1104,13:49:45,6.91,0.01,2,1382,买盘
1105,13:49:42,6.9,-0.02,1,690,卖盘
1106,13:49:36,6.92,--,158,109336,买盘
1107,13:49:33,6.92,0.01,7,4844,买盘
1108,13:49:30,6.91,--,1,691,卖盘
1109,13:49:24,6.91,--,48,33168,卖盘
1110,13:49:21,6.91,--,1,691,卖盘
1111,13:49:18,6.91,--,33,22803,卖盘
1112,13:49:15,6.91,--,2,1382,卖盘
1113,13:49:12,6.91,--,12,8292,卖盘
1114,13:49:09,6.91,--,6,4146,卖盘
1115,13:49:06,6.91,--,37,25567,卖盘
1116,13:49:03,6.91,--,46,31786,买盘
1117,13:49:00,6.91,--,43,29713,买盘
1118,13:48:57,6.91,--,48,33168,买盘
1119,13:48:54,6.91,--,45,31095,买盘
1120,13:48:51,6.91,--,491,339281,卖盘
1121,13:48:48,6.91,--,41,28331,卖盘
1122,13:48:36,6.91,--,17,11747,卖盘
1123,13:48:33,6.91,-0.01,34,23494,卖盘
1124,13:48:30,6.92,0.01,19,13148,买盘
1125,13:48:27,6.91,--,5,3455,卖盘
1126,13:48:24,6.91,-0.01,393,271563,卖盘
1127,13:48:21,6.92,0.01,308,213136,买盘
1128,13:48:18,6.91,--,43,29713,卖盘
1129,13:48:15,6.91,-0.01,7,4837,卖盘
1130,13:48:12,6.92,0.01,40,27680,买盘
1131,13:48:06,6.91,--,77,53207,卖盘
1132,13:48:03,6.91,--,34,23494,卖盘
1133,13:48:00,6.91,--,27,18657,卖盘
1134,13:47:57,6.91,--,209,144419,卖盘
1135,13:47:54,6.91,--,10,6910,卖盘
1136,13:47:48,6.91,--,207,143037,卖盘
1137,13:47:42,6.91,-0.01,2,1382,卖盘
1138,13:47:39,6.92,0.01,208,143936,买盘
1139,13:47:36,6.91,--,10,6910,卖盘
1140,13:47:33,6.91,--,40,27640,卖盘
1141,13:47:30,6.91,--,2,1382,卖盘
1142,13:47:24,6.91,--,8,5528,卖盘
1143,13:47:21,6.91,--,1,691,卖盘
1144,13:47:18,6.91,-0.01,33,22803,卖盘
1145,13:47:12,6.92,0.01,31,21452,买盘
1146,13:47:09,6.91,--,16,11056,卖盘
1147,13:47:03,6.91,--,46,31786,卖盘
1148,13:46:57,6.91,--,193,133363,卖盘
1149,13:46:54,6.91,-0.01,22,15202,卖盘
1150,13:46:48,6.92,--,75,51900,买盘
1151,13:46:45,6.92,0.01,20,13840,买盘
1152,13:46:42,6.91,--,60,41460,卖盘
1153,13:46:39,6.91,--,84,58044,卖盘
1154,13:46:36,6.91,-0.01,45,31095,卖盘
1155,13:46:33,6.92,0.01,1,692,买盘
1156,13:46:27,6.91,-0.01,4,2764,卖盘
1157,13:46:24,6.92,0.01,11,7612,买盘
1158,13:46:21,6.91,-0.01,33,22803,卖盘
1159,13:46:15,6.92,0.01,3,2076,买盘
1160,13:46:12,6.91,--,72,49752,买盘
1161,13:46:03,6.91,--,164,113324,买盘
1162,13:46:00,6.91,0.01,1,691,买盘
1163,13:45:57,6.9,--,204,140760,卖盘
1164,13:45:54,6.9,-0.01,8,5520,卖盘
1165,13:45:51,6.91,0.01,3,2073,中性盘
1166,13:45:48,6.9,-0.01,480,331200,卖盘
1167,13:45:45,6.91,--,29,20039,买盘
1168,13:45:42,6.91,0.01,34,23494,买盘
1169,13:45:39,6.9,-0.01,19,13110,卖盘
1170,13:45:36,6.91,0.01,1,691,买盘
1171,13:45:33,6.9,--,32,22080,卖盘
1172,13:45:30,6.9,-0.01,1,690,卖盘
1173,13:45:27,6.91,0.01,9,6219,买盘
1174,13:45:24,6.9,-0.02,8,5520,卖盘
1175,13:45:21,6.92,0.02,1,692,买盘
1176,13:45:18,6.9,-0.01,33,22770,卖盘
1177,13:45:12,6.91,-0.01,20,13820,卖盘
1178,13:45:06,6.92,0.01,1,692,买盘
1179,13:45:03,6.91,-0.01,38,26258,卖盘
1180,13:44:57,6.92,0.01,405,280260,买盘
1181,13:44:54,6.91,0.01,9,6219,买盘
1182,13:44:48,6.9,-0.01,35,24150,卖盘
1183,13:44:45,6.91,0.01,50,34550,买盘
1184,13:44:42,6.9,-0.01,100,69000,卖盘
1185,13:44:39,6.91,--,42,29022,买盘
1186,13:44:36,6.91,0.01,1,691,买盘
1187,13:44:33,6.9,-0.01,32,22080,卖盘
1188,13:44:30,6.91,--,1,691,买盘
1189,13:44:27,6.91,0.01,31,21421,买盘
1190,13:44:24,6.9,-0.01,8,5520,卖盘
1191,13:44:21,6.91,0.01,1,691,买盘
1192,13:44:18,6.9,-0.01,33,22770,卖盘
1193,13:44:15,6.91,--,1,691,买盘
1194,13:44:06,6.91,0.01,1,691,买盘
1195,13:44:03,6.9,-0.01,37,25530,卖盘
1196,13:44:00,6.91,--,1,691,买盘
1197,13:43:57,6.91,0.01,1,691,买盘
1198,13:43:54,6.9,--,8,5520,卖盘
1199,13:43:48,6.9,-0.01,194,133860,卖盘
1200,13:43:42,6.91,0.01,14,9674,买盘
1201,13:43:36,6.9,--,1,690,卖盘
1202,13:43:33,6.9,-0.01,32,22080,卖盘
1203,13:43:30,6.91,0.01,1,691,买盘
1204,13:43:24,6.9,--,8,5520,卖盘
1205,13:43:21,6.9,--,13,8970,卖盘
1206,13:43:18,6.9,--,43,29670,卖盘
1207,13:43:15,6.9,-0.01,358,247020,卖盘
1208,13:43:12,6.91,0.01,1,691,买盘
1209,13:43:03,6.9,-0.01,370,255300,卖盘
1210,13:43:00,6.91,0.01,13,8983,买盘
1211,13:42:54,6.9,--,8,5520,卖盘
1212,13:42:48,6.9,-0.01,93,64170,卖盘
1213,13:42:45,6.91,--,1,691,买盘
1214,13:42:39,6.91,--,5,3455,买盘
1215,13:42:36,6.91,0.01,120,82920,买盘
1216,13:42:33,6.9,-0.01,74,51060,卖盘
1217,13:42:30,6.91,0.01,1,691,买盘
1218,13:42:24,6.9,--,8,5520,卖盘
1219,13:42:21,6.9,-0.01,485,334650,卖盘
1220,13:42:15,6.91,--,1,691,买盘
1221,13:42:09,6.91,0.01,15,10365,买盘
1222,13:42:06,6.9,--,3,2070,卖盘
1223,13:42:03,6.9,-0.01,33,22770,卖盘
1224,13:42:00,6.91,--,1,691,买盘
1225,13:41:57,6.91,0.01,15,10365,买盘
1226,13:41:54,6.9,-0.01,8,5520,卖盘
1227,13:41:51,6.91,0.01,11,7601,买盘
1228,13:41:48,6.9,--,33,22770,卖盘
1229,13:41:42,6.9,--,10,6900,卖盘
1230,13:41:33,6.9,--,32,22080,卖盘
1231,13:41:27,6.9,--,15,10350,卖盘
1232,13:41:24,6.9,--,8,5520,卖盘
1233,13:41:21,6.9,--,206,142140,卖盘
1234,13:41:18,6.9,--,33,22770,卖盘
1235,13:41:09,6.9,-0.01,1,690,卖盘
1236,13:41:06,6.91,0.01,60,41460,买盘
1237,13:41:03,6.9,-0.01,33,22770,卖盘
1238,13:40:57,6.91,0.01,1,691,买盘
1239,13:40:51,6.9,--,28,19320,卖盘
1240,13:40:48,6.9,--,121,83490,卖盘
1241,13:40:33,6.9,-0.01,32,22080,卖盘
1242,13:40:30,6.91,0.01,1,691,买盘
1243,13:40:27,6.9,-0.01,8,5520,卖盘
1244,13:40:21,6.91,--,232,160312,买盘
1245,13:40:18,6.91,0.01,53,36623,买盘
1246,13:40:15,6.9,--,56,38640,卖盘
1247,13:40:12,6.9,-0.01,20,13800,卖盘
1248,13:40:06,6.91,0.01,34,23494,买盘
1249,13:40:03,6.9,-0.01,36,24840,卖盘
1250,13:40:00,6.91,0.01,1,691,买盘
1251,13:39:57,6.9,0.01,8,5520,卖盘
1252,13:39:54,6.89,-0.01,6679,4601831,卖盘
1253,13:39:51,6.9,--,5,3450,卖盘
1254,13:39:48,6.9,--,36,24840,卖盘
1255,13:39:45,6.9,-0.01,3,2070,卖盘
1256,13:39:42,6.91,0.01,27,18657,买盘
1257,13:39:39,6.9,--,3,2070,卖盘
1258,13:39:36,6.9,--,4,2760,卖盘
1259,13:39:33,6.9,--,39,26910,卖盘
1260,13:39:30,6.9,--,37,25530,卖盘
1261,13:39:27,6.9,--,15,10350,卖盘
1262,13:39:24,6.9,--,100,69000,卖盘
1263,13:39:21,6.9,--,100,69414,卖盘
1264,13:39:18,6.9,--,35,24150,卖盘
1265,13:39:15,6.9,--,142,97980,卖盘
1266,13:39:12,6.9,--,13,8970,卖盘
1267,13:39:06,6.9,--,12,8280,卖盘
1268,13:39:03,6.9,--,37,25530,卖盘
1269,13:38:57,6.9,-0.01,46,31740,卖盘
1270,13:38:54,6.91,0.01,4,2764,买盘
1271,13:38:51,6.9,-0.01,3,2070,卖盘
1272,13:38:48,6.91,0.01,98,67718,买盘
1273,13:38:45,6.9,--,2,1380,卖盘
1274,13:38:42,6.9,--,124,85560,卖盘
1275,13:38:39,6.9,--,83,57270,卖盘
1276,13:38:36,6.9,--,53,36570,卖盘
1277,13:38:33,6.9,--,49,33810,卖盘
1278,13:38:30,6.9,-0.01,3,2070,卖盘
1279,13:38:27,6.91,0.01,13,8983,买盘
1280,13:38:21,6.9,--,102,70380,卖盘
1281,13:38:18,6.9,--,32,22080,卖盘
1282,13:38:15,6.9,-0.01,47,32430,卖盘
1283,13:38:12,6.91,0.01,1,691,买盘
1284,13:38:09,6.9,--,3,2070,卖盘
1285,13:38:06,6.9,--,126,86940,卖盘
1286,13:38:03,6.9,--,337,232530,卖盘
1287,13:38:00,6.9,--,3,2070,卖盘
1288,13:37:57,6.9,--,168,115920,卖盘
1289,13:37:54,6.9,--,39,26910,卖盘
1290,13:37:51,6.9,--,4,2760,卖盘
1291,13:37:48,6.9,--,35,24150,卖盘
1292,13:37:45,6.9,--,3,2070,卖盘
1293,13:37:42,6.9,--,4,2760,卖盘
1294,13:37:39,6.9,-0.01,4,2760,卖盘
1295,13:37:36,6.91,0.01,7,4837,买盘
1296,13:37:33,6.9,--,37,25530,卖盘
1297,13:37:30,6.9,--,34,23460,卖盘
1298,13:37:27,6.9,--,11,7590,卖盘
1299,13:37:24,6.9,--,26,17940,卖盘
1300,13:37:21,6.9,--,36,24840,卖盘
1301,13:37:18,6.9,-0.01,3,2070,卖盘
1302,13:37:15,6.91,0.01,37,25567,买盘
1303,13:37:12,6.9,-0.01,4,2760,卖盘
1304,13:37:09,6.91,--,5,3455,买盘
1305,13:37:06,6.91,--,87,60117,买盘
1306,13:37:03,6.91,0.01,3,2073,买盘
1307,13:37:00,6.9,--,7,4830,卖盘
1308,13:36:57,6.9,--,2,1380,卖盘
1309,13:36:54,6.9,--,11,7590,卖盘
1310,13:36:51,6.9,--,64,44160,卖盘
1311,13:36:48,6.9,--,59,40710,卖盘
1312,13:36:45,6.9,--,13,8970,卖盘
1313,13:36:42,6.9,--,205,141450,卖盘
1314,13:36:39,6.9,--,6,4140,卖盘
1315,13:36:36,6.9,--,7,4830,卖盘
1316,13:36:33,6.9,--,86,59340,卖盘
1317,13:36:30,6.9,-0.01,6,4140,卖盘
1318,13:36:27,6.91,0.01,33,22803,买盘
1319,13:36:24,6.9,--,64,44160,卖盘
1320,13:36:21,6.9,--,114,78660,卖盘
1321,13:36:18,6.9,--,54,37260,卖盘
1322,13:36:15,6.9,-0.01,6,4140,卖盘
1323,13:36:09,6.91,--,68,46988,买盘
1324,13:36:06,6.91,0.01,45,31095,买盘
1325,13:36:03,6.9,--,58,40020,卖盘
1326,13:36:00,6.9,--,18,12420,卖盘
1327,13:35:57,6.9,--,2,1380,卖盘
1328,13:35:54,6.9,--,55,37950,卖盘
1329,13:35:48,6.9,--,39,26910,卖盘
1330,13:35:45,6.9,--,4,2760,卖盘
1331,13:35:42,6.9,--,5,3450,卖盘
1332,13:35:39,6.9,--,5,3450,卖盘
1333,13:35:36,6.9,--,5,3450,卖盘
1334,13:35:33,6.9,--,47,32430,卖盘
1335,13:35:30,6.9,--,37,25530,卖盘
1336,13:35:27,6.9,--,13,8970,卖盘
1337,13:35:24,6.9,--,23,15870,卖盘
1338,13:35:21,6.9,--,3,2070,卖盘
1339,13:35:18,6.9,--,36,24840,卖盘
1340,13:35:15,6.9,--,1544,1065360,卖盘
1341,13:35:12,6.9,-0.01,7,4830,卖盘
1342,13:35:09,6.91,0.01,26,17966,买盘
1343,13:35:06,6.9,--,11,7590,卖盘
1344,13:35:03,6.9,--,37,25530,卖盘
1345,13:35:00,6.9,--,24,16560,卖盘
1346,13:34:57,6.9,--,8,5520,卖盘
1347,13:34:54,6.9,-0.01,12,8280,卖盘
1348,13:34:51,6.91,0.01,27,18657,买盘
1349,13:34:48,6.9,--,37,25530,卖盘
1350,13:34:45,6.9,--,5,3450,卖盘
1351,13:34:42,6.9,--,6,4140,卖盘
1352,13:34:39,6.9,--,6,4140,卖盘
1353,13:34:36,6.9,--,30,20700,卖盘
1354,13:34:33,6.9,--,91,62790,卖盘
1355,13:34:30,6.9,-0.01,54,37260,卖盘
1356,13:34:27,6.91,0.01,2,1382,买盘
1357,13:34:24,6.9,-0.01,15,10350,卖盘
1358,13:34:21,6.91,--,39,26949,买盘
1359,13:34:18,6.91,0.01,58,40078,买盘
1360,13:34:15,6.9,--,104,71760,卖盘
1361,13:34:12,6.9,--,2,1380,卖盘
1362,13:34:09,6.9,-0.01,805,555450,卖盘
1363,13:34:06,6.91,0.01,1,691,买盘
1364,13:34:03,6.9,--,85,58650,卖盘
1365,13:34:00,6.9,--,51,35190,卖盘
1366,13:33:57,6.9,--,45,31050,卖盘
1367,13:33:54,6.9,--,212,146280,卖盘
1368,13:33:51,6.9,-0.01,4,2760,卖盘
1369,13:33:48,6.91,0.01,87,60117,买盘
1370,13:33:45,6.9,-0.01,6,4140,卖盘
1371,13:33:42,6.91,0.01,22,15202,买盘
1372,13:33:39,6.9,-0.01,7,4830,卖盘
1373,13:33:36,6.91,0.01,5,3455,买盘
1374,13:33:33,6.9,--,39,26910,卖盘
1375,13:33:30,6.9,--,4,2760,卖盘
1376,13:33:27,6.9,--,27,18630,卖盘
1377,13:33:24,6.9,--,10,6900,卖盘
1378,13:33:21,6.9,-0.01,39,26910,卖盘
1379,13:33:18,6.91,0.01,105,72555,买盘
1380,13:33:12,6.9,--,13,8970,卖盘
1381,13:33:09,6.9,--,8,5520,卖盘
1382,13:33:06,6.9,--,196,135240,卖盘
1383,13:33:03,6.9,--,36,24840,卖盘
1384,13:33:00,6.9,-0.01,7,4830,卖盘
1385,13:32:57,6.91,0.01,27,18657,买盘
1386,13:32:54,6.9,--,13,8970,卖盘
1387,13:32:51,6.9,--,103,71070,卖盘
1388,13:32:48,6.9,--,46,31740,卖盘
1389,13:32:45,6.9,-0.01,5,3450,卖盘
1390,13:32:42,6.91,--,66,46186,买盘
1391,13:32:39,6.91,0.01,121,83611,买盘
1392,13:32:36,6.9,--,160,110400,卖盘
1393,13:32:33,6.9,--,5,3450,卖盘
1394,13:32:30,6.9,-0.01,4,2760,卖盘
1395,13:32:27,6.91,0.01,13,8983,买盘
1396,13:32:24,6.9,--,51,35190,卖盘
1397,13:32:21,6.9,--,3,2070,卖盘
1398,13:32:18,6.9,--,51,35190,卖盘
1399,13:32:15,6.9,-0.01,16,11040,卖盘
1400,13:32:12,6.91,0.01,61,42151,买盘
1401,13:32:06,6.9,--,9,6210,卖盘
1402,13:32:03,6.9,--,34,23460,卖盘
1403,13:31:57,6.9,--,4,2760,卖盘
1404,13:31:54,6.9,--,13,8970,卖盘
1405,13:31:51,6.9,--,3,2070,卖盘
1406,13:31:48,6.9,--,78,53820,卖盘
1407,13:31:45,6.9,--,283,195270,卖盘
1408,13:31:42,6.9,--,6,4140,卖盘
1409,13:31:39,6.9,--,4,2760,卖盘
1410,13:31:36,6.9,--,8,5520,卖盘
1411,13:31:33,6.9,--,181,124890,卖盘
1412,13:31:30,6.9,--,81,55890,卖盘
1413,13:31:27,6.9,--,3,2070,卖盘
1414,13:31:24,6.9,--,13,8970,卖盘
1415,13:31:21,6.9,--,38,26220,卖盘
1416,13:31:18,6.9,--,3,2070,卖盘
1417,13:31:15,6.9,--,2,1380,卖盘
1418,13:31:12,6.9,--,6,4140,卖盘
1419,13:31:09,6.9,-0.01,2,1380,卖盘
1420,13:31:06,6.91,0.01,6,4146,买盘
1421,13:31:03,6.9,--,33,22770,卖盘
1422,13:31:00,6.9,--,3,2070,卖盘
1423,13:30:57,6.9,--,103,71070,卖盘
1424,13:30:54,6.9,--,15,10350,卖盘
1425,13:30:51,6.9,--,3,2070,卖盘
1426,13:30:48,6.9,--,33,22770,卖盘
1427,13:30:45,6.9,--,10,6900,卖盘
1428,13:30:39,6.9,--,5,3450,卖盘
1429,13:30:36,6.9,--,3,2070,卖盘
1430,13:30:33,6.9,--,40,27600,卖盘
1431,13:30:30,6.9,-0.01,7,4830,卖盘
1432,13:30:27,6.91,0.01,2,1382,买盘
1433,13:30:24,6.9,--,13,8970,卖盘
1434,13:30:21,6.9,--,78,53820,卖盘
1435,13:30:15,6.9,--,24,16560,卖盘
1436,13:30:12,6.9,--,4,2760,卖盘
1437,13:30:09,6.9,-0.01,2,1380,卖盘
1438,13:30:06,6.91,--,49,34273,卖盘
1439,13:30:03,6.91,--,35,24185,卖盘
1440,13:30:00,6.91,--,34,23494,卖盘
1441,13:29:57,6.91,--,18,12438,卖盘
1442,13:29:54,6.91,--,15,10365,卖盘
1443,13:29:51,6.91,--,4,2764,卖盘
1444,13:29:48,6.91,--,2,1382,卖盘
1445,13:29:45,6.91,--,36,24876,卖盘
1446,13:29:42,6.91,--,21,14511,卖盘
1447,13:29:39,6.91,--,175,121201,买盘
1448,13:29:36,6.91,0.01,4,2764,买盘
1449,13:29:33,6.9,-0.01,43,29670,卖盘
1450,13:29:30,6.91,--,2,1382,买盘
1451,13:29:27,6.91,--,234,162108,卖盘
1452,13:29:24,6.91,--,11,7601,卖盘
1453,13:29:21,6.91,--,5,3455,卖盘
1454,13:29:18,6.91,--,21,14511,卖盘
1455,13:29:15,6.91,--,33,22803,卖盘
1456,13:29:12,6.91,--,6,4146,卖盘
1457,13:29:09,6.91,--,3,2073,卖盘
1458,13:29:06,6.91,--,39,26949,卖盘
1459,13:29:03,6.91,--,3,2073,卖盘
1460,13:29:00,6.91,--,273,188643,卖盘
1461,13:28:57,6.91,-0.01,46,31786,卖盘
1462,13:28:54,6.92,--,340,235280,买盘
1463,13:28:51,6.92,0.01,7,4844,买盘
1464,13:28:48,6.91,--,36,24876,卖盘
1465,13:28:45,6.91,-0.01,3,2073,卖盘
1466,13:28:42,6.92,0.01,5,3460,买盘
1467,13:28:39,6.91,--,14,9674,卖盘
1468,13:28:36,6.91,--,3,2073,卖盘
1469,13:28:33,6.91,--,5,3455,卖盘
1470,13:28:30,6.91,--,42,29022,卖盘
1471,13:28:27,6.91,--,3,2073,卖盘
1472,13:28:24,6.91,--,10,6910,卖盘
1473,13:28:21,6.91,--,7,4837,卖盘
1474,13:28:15,6.91,--,49,33859,卖盘
1475,13:28:12,6.91,--,5,3455,卖盘
1476,13:28:09,6.91,--,4,2764,卖盘
1477,13:28:06,6.91,--,5,3455,卖盘
1478,13:28:03,6.91,--,37,25567,卖盘
1479,13:28:00,6.91,--,76,52516,卖盘
1480,13:27:54,6.91,--,2,1382,卖盘
1481,13:27:51,6.91,-0.01,41,28331,卖盘
1482,13:27:48,6.92,--,1,692,买盘
1483,13:27:45,6.92,--,1,692,买盘
1484,13:27:42,6.92,--,35,24220,买盘
1485,13:27:33,6.92,--,38,26296,买盘
1486,13:27:30,6.92,--,101,69892,买盘
1487,13:27:27,6.92,--,20,13840,买盘
1488,13:27:24,6.92,0.01,20,13840,买盘
1489,13:27:21,6.91,-0.01,50,34550,卖盘
1490,13:27:18,6.92,0.01,161,111412,买盘
1491,13:27:12,6.91,-0.01,11,7601,卖盘
1492,13:27:09,6.92,0.01,289,199988,买盘
1493,13:27:06,6.91,-0.01,1,691,卖盘
1494,13:27:03,6.92,--,3,2076,买盘
1495,13:27:00,6.92,--,11,7612,买盘
1496,13:26:57,6.92,--,20,13840,买盘
1497,13:26:54,6.92,0.01,304,210368,买盘
1498,13:26:51,6.91,--,48,33168,卖盘
1499,13:26:45,6.91,-0.01,2,1382,卖盘
1500,13:26:42,6.92,0.01,21,14532,买盘
1501,13:26:33,6.91,-0.01,2,1382,卖盘
1502,13:26:30,6.92,--,2,1384,买盘
1503,13:26:27,6.92,0.01,33,22836,买盘
1504,13:26:24,6.91,--,2,1382,卖盘
1505,13:26:21,6.91,-0.01,8,5528,卖盘
1506,13:26:18,6.92,0.01,19,13148,买盘
1507,13:26:15,6.91,-0.01,1,691,卖盘
1508,13:26:12,6.92,0.01,3,2076,买盘
1509,13:26:09,6.91,--,10,6910,卖盘
1510,13:26:06,6.91,--,63,43533,卖盘
1511,13:26:03,6.91,--,2,1382,卖盘
1512,13:26:00,6.91,-0.01,360,248760,卖盘
1513,13:25:54,6.92,0.01,3,2076,买盘
1514,13:25:51,6.91,-0.01,9,6219,卖盘
1515,13:25:45,6.92,0.01,2,1384,买盘
1516,13:25:42,6.91,--,48,33168,卖盘
1517,13:25:33,6.91,--,52,35932,卖盘
1518,13:25:30,6.91,-0.01,2,1382,卖盘
1519,13:25:27,6.92,0.01,2,1384,买盘
1520,13:25:24,6.91,--,8,5528,卖盘
1521,13:25:21,6.91,-0.01,45,31095,卖盘
1522,13:25:18,6.92,0.01,50,34600,买盘
1523,13:25:12,6.91,-0.01,19,13129,卖盘
1524,13:25:09,6.92,0.01,10,6920,买盘
1525,13:25:03,6.91,-0.01,2,1382,卖盘
1526,13:24:54,6.92,--,9,6228,买盘
1527,13:24:51,6.92,0.01,3,2076,买盘
1528,13:24:48,6.91,--,35,24185,卖盘
1529,13:24:45,6.91,--,3,2073,卖盘
1530,13:24:39,6.91,--,2,1382,卖盘
1531,13:24:30,6.91,-0.01,114,78774,卖盘
1532,13:24:27,6.92,0.01,2,1384,买盘
1533,13:24:24,6.91,-0.01,10,6910,卖盘
1534,13:24:21,6.92,--,14,9688,买盘
1535,13:24:15,6.92,--,5,3460,买盘
1536,13:24:12,6.92,0.01,18,12456,买盘
1537,13:24:09,6.91,--,399,275709,卖盘
1538,13:24:06,6.91,--,1,691,卖盘
1539,13:24:00,6.91,-0.01,2,1382,卖盘
1540,13:23:57,6.92,0.01,43,29756,买盘
1541,13:23:54,6.91,--,8,5528,卖盘
1542,13:23:48,6.91,--,2,1382,卖盘
1543,13:23:45,6.91,-0.01,21,14511,卖盘
1544,13:23:42,6.92,0.01,19,13148,买盘
1545,13:23:36,6.91,--,20,13820,卖盘
1546,13:23:33,6.91,--,16,11056,卖盘
1547,13:23:30,6.91,-0.01,2,1382,卖盘
1548,13:23:27,6.92,0.01,2,1384,买盘
1549,13:23:24,6.91,--,8,5528,卖盘
1550,13:23:18,6.91,-0.01,2,1382,卖盘
1551,13:23:15,6.92,0.01,2076,1436592,买盘
1552,13:23:12,6.91,--,43,29713,卖盘
1553,13:23:09,6.91,-0.01,45,31095,卖盘
1554,13:23:06,6.92,0.01,33,22836,买盘
1555,13:23:00,6.91,-0.01,2,1382,卖盘
1556,13:22:57,6.92,--,12,8304,买盘
1557,13:22:54,6.92,--,56,38752,买盘
1558,13:22:48,6.92,--,2,1384,买盘
1559,13:22:42,6.92,0.01,102,70584,买盘
1560,13:22:39,6.91,--,2,1382,卖盘
1561,13:22:33,6.91,--,10,6910,卖盘
1562,13:22:27,6.91,--,4,2764,卖盘
1563,13:22:24,6.91,-0.01,8,5528,卖盘
1564,13:22:21,6.92,0.01,67,46364,买盘
1565,13:22:18,6.91,--,2,1382,卖盘
1566,13:22:12,6.91,--,9,6219,卖盘
1567,13:22:09,6.91,--,2,1382,卖盘
1568,13:22:00,6.91,--,2,1382,卖盘
1569,13:21:54,6.91,--,21,14511,卖盘
1570,13:21:51,6.91,-0.01,4,2764,卖盘
1571,13:21:42,6.92,0.01,26,17992,买盘
1572,13:21:39,6.91,--,2,1382,卖盘
1573,13:21:30,6.91,-0.01,1,691,卖盘
1574,13:21:27,6.92,0.01,2,1384,买盘
1575,13:21:24,6.91,--,8,5528,卖盘
1576,13:21:21,6.91,--,2,1382,卖盘
1577,13:21:15,6.91,--,1,691,卖盘
1578,13:21:09,6.91,--,2,1382,卖盘
1579,13:21:06,6.91,-0.01,10,6910,卖盘
1580,13:21:03,6.92,0.01,14,9688,买盘
1581,13:21:00,6.91,-0.01,64,44224,卖盘
1582,13:20:57,6.92,0.01,42,29064,买盘
1583,13:20:54,6.91,-0.01,9,6219,卖盘
1584,13:20:48,6.92,0.01,4,2768,买盘
1585,13:20:39,6.91,-0.01,2,1382,卖盘
1586,13:20:27,6.92,--,37,25604,买盘
1587,13:20:24,6.92,0.01,41,28372,买盘
1588,13:20:21,6.91,--,2,1382,卖盘
1589,13:20:09,6.91,-0.01,2,1382,卖盘
1590,13:20:06,6.92,0.01,98,67816,中性盘
1591,13:20:00,6.91,-0.01,251,173441,卖盘
1592,13:19:54,6.92,--,241,166772,买盘
1593,13:19:51,6.92,--,3,2076,买盘
1594,13:19:48,6.92,--,462,319704,卖盘
1595,13:19:45,6.92,--,40,27680,买盘
1596,13:19:42,6.92,0.01,33,22836,买盘
1597,13:19:36,6.91,-0.01,52,35932,卖盘
1598,13:19:30,6.92,0.01,2,1384,买盘
1599,13:19:27,6.91,--,2,1382,卖盘
1600,13:19:24,6.91,--,9,6219,卖盘
1601,13:19:21,6.91,--,41,28331,卖盘
1602,13:19:18,6.91,-0.01,2,1382,卖盘
1603,13:19:12,6.92,--,1,692,买盘
1604,13:19:09,6.92,0.01,14,9688,中性盘
1605,13:19:06,6.91,-0.02,1000,691000,卖盘
1606,13:19:03,6.93,0.02,1320,914760,买盘
1607,13:19:00,6.91,-0.01,17,11747,卖盘
1608,13:18:57,6.92,--,87,60480,卖盘
1609,13:18:54,6.92,--,18,12456,卖盘
1610,13:18:51,6.92,-0.01,118,81656,卖盘
1611,13:18:48,6.93,--,45,31185,买盘
1612,13:18:45,6.93,0.01,33,22869,买盘
1613,13:18:39,6.92,--,93,64356,卖盘
1614,13:18:36,6.92,-0.01,1,692,卖盘
1615,13:18:33,6.93,0.02,783,543034,买盘
1616,13:18:30,6.91,-0.01,7,4837,卖盘
1617,13:18:27,6.92,0.01,5,3460,买盘
1618,13:18:24,6.91,-0.01,8,5528,卖盘
1619,13:18:21,6.92,--,170,117640,买盘
1620,13:18:18,6.92,--,12,8304,买盘
1621,13:18:15,6.92,--,2,1384,买盘
1622,13:18:12,6.92,0.01,10,6920,买盘
1623,13:18:09,6.91,-0.01,2,1382,卖盘
1624,13:18:00,6.92,--,2,1384,买盘
1625,13:17:57,6.92,0.01,202,139784,买盘
1626,13:17:54,6.91,--,8,5528,卖盘
1627,13:17:48,6.91,--,3,2073,卖盘
1628,13:17:45,6.91,--,4,2764,卖盘
1629,13:17:39,6.91,-0.02,395,273221,卖盘
1630,13:17:27,6.93,0.01,4,2772,买盘
1631,13:17:24,6.92,-0.01,16,11072,卖盘
1632,13:17:21,6.93,0.01,166,115038,买盘
1633,13:17:18,6.92,--,32,22144,卖盘
1634,13:17:15,6.92,-0.01,250,173000,卖盘
1635,13:17:12,6.93,--,6,4158,买盘
1636,13:17:09,6.93,--,124,85932,买盘
1637,13:17:06,6.93,--,5,3465,买盘
1638,13:17:03,6.93,0.01,47,32571,买盘
1639,13:17:00,6.92,-0.01,52,35984,卖盘
1640,13:16:57,6.93,0.01,27,18711,买盘
1641,13:16:51,6.92,-0.01,8,5536,卖盘
1642,13:16:48,6.93,--,3,2079,买盘
1643,13:16:42,6.93,0.01,44,30492,买盘
1644,13:16:39,6.92,--,11,7612,卖盘
1645,13:16:30,6.92,-0.01,19,13148,卖盘
1646,13:16:27,6.93,0.01,5,3465,买盘
1647,13:16:24,6.92,--,30,20760,卖盘
1648,13:16:21,6.92,--,8,5536,卖盘
1649,13:16:18,6.92,-0.01,38,26296,卖盘
1650,13:16:15,6.93,0.01,10,6930,买盘
1651,13:16:09,6.92,-0.01,2,1384,卖盘
1652,13:16:06,6.93,--,54,37422,买盘
1653,13:16:03,6.93,0.01,64,44352,买盘
1654,13:16:00,6.92,-0.01,3,2076,卖盘
1655,13:15:57,6.93,--,9,6237,买盘
1656,13:15:54,6.93,0.01,22,15246,买盘
1657,13:15:51,6.92,--,8,5536,卖盘
1658,13:15:48,6.92,-0.01,37,25604,卖盘
1659,13:15:45,6.93,--,36,24948,买盘
1660,13:15:42,6.93,--,9,6237,买盘
1661,13:15:39,6.93,--,11,7623,买盘
1662,13:15:33,6.93,0.01,3,2079,买盘
1663,13:15:30,6.92,-0.01,2,1384,卖盘
1664,13:15:27,6.93,--,4,2772,买盘
1665,13:15:24,6.93,0.01,9,6237,买盘
1666,13:15:21,6.92,-0.01,16,11072,卖盘
1667,13:15:18,6.93,--,10,6930,买盘
1668,13:15:15,6.93,0.01,137,94941,买盘
1669,13:15:12,6.92,--,68,47056,卖盘
1670,13:15:06,6.92,-0.01,2,1384,卖盘
1671,13:14:57,6.93,--,15,10395,买盘
1672,13:14:54,6.93,0.01,46,31878,买盘
1673,13:14:51,6.92,-0.01,18,12456,卖盘
1674,13:14:48,6.93,--,53,36729,买盘
1675,13:14:42,6.93,0.01,9,6237,买盘
1676,13:14:39,6.92,-0.01,741,512772,卖盘
1677,13:14:36,6.93,--,52,36036,买盘
1678,13:14:33,6.93,0.01,31,21483,买盘
1679,13:14:30,6.92,-0.01,1,692,卖盘
1680,13:14:27,6.93,0.01,13,9009,买盘
1681,13:14:24,6.92,--,70,48440,卖盘
1682,13:14:21,6.92,--,19,13148,卖盘
1683,13:14:18,6.92,-0.01,1,692,卖盘
1684,13:14:12,6.93,0.01,41,28413,买盘
1685,13:14:06,6.92,-0.01,2,1384,卖盘
1686,13:14:00,6.93,--,82,56826,买盘
1687,13:13:57,6.93,--,9,6237,买盘
1688,13:13:54,6.93,0.01,9,6237,买盘
1689,13:13:51,6.92,-0.01,8,5536,卖盘
1690,13:13:48,6.93,0.01,1,693,买盘
1691,13:13:45,6.92,-0.01,120,83040,卖盘
1692,13:13:42,6.93,0.01,9,6237,买盘
1693,13:13:39,6.92,--,10,6920,卖盘
1694,13:13:36,6.92,-0.01,2,1384,卖盘
1695,13:13:33,6.93,--,24,16632,买盘
1696,13:13:30,6.93,0.01,43,29799,买盘
1697,13:13:27,6.92,--,2,1384,卖盘
1698,13:13:21,6.92,-0.01,11,7612,卖盘
1699,13:13:18,6.93,--,67,46431,买盘
1700,13:13:15,6.93,0.01,20,13860,买盘
1701,13:13:12,6.92,--,100,69200,卖盘
1702,13:13:09,6.92,--,2,1384,卖盘
1703,13:13:06,6.92,-0.01,4,2768,卖盘
1704,13:13:03,6.93,0.01,41,28413,买盘
1705,13:13:00,6.92,-0.01,2,1384,卖盘
1706,13:12:57,6.93,--,9,6237,买盘
1707,13:12:54,6.93,0.01,343,237699,买盘
1708,13:12:51,6.92,-0.01,8,5536,卖盘
1709,13:12:48,6.93,--,12,8316,买盘
1710,13:12:45,6.93,--,1016,704088,买盘
1711,13:12:39,6.93,0.01,11,7623,买盘
1712,13:12:36,6.92,-0.01,2,1384,卖盘
1713,13:12:33,6.93,0.01,133,92169,买盘
1714,13:12:27,6.92,--,4,2768,卖盘
1715,13:12:24,6.92,--,1,692,卖盘
1716,13:12:21,6.92,-0.01,20,13840,卖盘
1717,13:12:18,6.93,0.01,42,29106,买盘
1718,13:12:15,6.92,--,2,1384,卖盘
1719,13:12:12,6.92,--,12,8304,卖盘
1720,13:12:09,6.92,--,12,8304,卖盘
1721,13:12:06,6.92,-0.01,33,22836,卖盘
1722,13:12:03,6.93,--,6,4158,买盘
1723,13:12:00,6.93,--,22,15246,买盘
1724,13:11:57,6.93,--,50,34650,买盘
1725,13:11:54,6.93,0.01,7,4851,买盘
1726,13:11:51,6.92,-0.01,14,9688,卖盘
1727,13:11:48,6.93,0.01,1,693,买盘
1728,13:11:45,6.92,--,168,116256,卖盘
1729,13:11:36,6.92,-0.01,2,1384,卖盘
1730,13:11:33,6.93,0.01,31,21483,买盘
1731,13:11:30,6.92,-0.01,59,40828,卖盘
1732,13:11:27,6.93,--,13,9009,买盘
1733,13:11:24,6.93,--,6,4158,买盘
1734,13:11:21,6.93,0.01,15,10395,买盘
1735,13:11:18,6.92,-0.01,11,7612,卖盘
1736,13:11:15,6.93,--,7,4851,买盘
1737,13:11:12,6.93,--,7,4851,买盘
1738,13:11:09,6.93,0.01,6,4158,买盘
1739,13:11:06,6.92,-0.01,1,692,卖盘
1740,13:11:00,6.93,--,11,8177,买盘
1741,13:10:54,6.93,--,139,96327,买盘
1742,13:10:51,6.93,0.01,15,10395,买盘
1743,13:10:48,6.92,-0.01,53,36676,卖盘
1744,13:10:45,6.93,0.01,6,4158,买盘
1745,13:10:42,6.92,-0.01,50,34600,卖盘
1746,13:10:39,6.93,--,28,19404,买盘
1747,13:10:33,6.93,--,6,4158,买盘
1748,13:10:30,6.93,0.01,2,1386,买盘
1749,13:10:27,6.92,--,9,6228,卖盘
1750,13:10:24,6.92,--,8,5536,卖盘
1751,13:10:15,6.92,-0.01,998,690616,卖盘
1752,13:10:12,6.93,--,41,28413,买盘
1753,13:10:09,6.93,--,44,30492,买盘
1754,13:10:06,6.93,0.01,3,2079,买盘
1755,13:10:00,6.92,-0.01,1,692,卖盘
1756,13:09:54,6.93,--,436,302148,买盘
1757,13:09:48,6.93,0.01,5,3465,买盘
1758,13:09:45,6.92,-0.01,149,103108,卖盘
1759,13:09:42,6.93,0.01,9,6237,买盘
1760,13:09:39,6.92,-0.01,7,4844,卖盘
1761,13:09:30,6.93,0.01,2,1386,买盘
1762,13:09:27,6.92,-0.01,2,1384,卖盘
1763,13:09:24,6.93,--,9,6237,买盘
1764,13:09:21,6.93,--,47,32571,买盘
1765,13:09:18,6.93,--,30,20790,买盘
1766,13:09:15,6.93,0.01,50,34650,买盘
1767,13:08:57,6.92,--,21,14532,卖盘
1768,13:08:54,6.92,--,8,5536,卖盘
1769,13:08:51,6.92,--,10,6920,卖盘
1770,13:08:48,6.92,--,1043,722309,买盘
1771,13:08:45,6.92,--,154,106568,买盘
1772,13:08:42,6.92,0.01,30,20760,买盘
1773,13:08:36,6.91,-0.01,2,1382,卖盘
1774,13:08:33,6.92,--,162,112104,买盘
1775,13:08:30,6.92,--,12,8304,买盘
1776,13:08:27,6.92,0.01,2,1384,买盘
1777,13:08:24,6.91,-0.01,8,5528,卖盘
1778,13:08:09,6.92,--,1,692,买盘
1779,13:08:06,6.92,--,1,692,买盘
1780,13:08:03,6.92,0.01,32,22144,买盘
1781,13:08:00,6.91,-0.01,23,15893,卖盘
1782,13:07:57,6.92,0.01,44,30448,买盘
1783,13:07:54,6.91,-0.01,8,5528,卖盘
1784,13:07:48,6.92,0.01,1,692,买盘
1785,13:07:45,6.91,--,100,69100,卖盘
1786,13:07:42,6.91,--,2,1382,卖盘
1787,13:07:36,6.91,-0.01,1,691,卖盘
1788,13:07:30,6.92,0.01,391,270572,买盘
1789,13:07:24,6.91,-0.01,8,5528,卖盘
1790,13:07:21,6.92,--,11,7612,买盘
1791,13:07:15,6.92,0.01,1,692,买盘
1792,13:07:12,6.91,--,50,34550,卖盘
1793,13:07:06,6.91,-0.01,71,49061,卖盘
1794,13:07:03,6.92,0.01,58,40136,买盘
1795,13:07:00,6.91,--,2,1382,卖盘
1796,13:06:54,6.91,-0.01,9,6219,卖盘
1797,13:06:48,6.92,0.01,1,692,买盘
1798,13:06:45,6.91,--,129,89139,卖盘
1799,13:06:42,6.91,--,102,70482,卖盘
1800,13:06:30,6.91,-0.01,3,2073,卖盘
1801,13:06:27,6.92,0.01,400,276800,买盘
1802,13:06:24,6.91,--,8,5528,卖盘
1803,13:06:21,6.91,-0.01,3,2073,卖盘
1804,13:06:18,6.92,--,10,6920,买盘
1805,13:06:06,6.92,--,2,1384,买盘
1806,13:06:03,6.92,0.01,616,426272,买盘
1807,13:06:00,6.91,-0.01,2,1382,卖盘
1808,13:05:57,6.92,0.01,1,692,买盘
1809,13:05:51,6.91,--,8,5528,卖盘
1810,13:05:48,6.91,-0.01,21,14511,卖盘
1811,13:05:45,6.92,0.01,42,29064,买盘
1812,13:05:42,6.91,--,2,1382,卖盘
1813,13:05:39,6.91,-0.01,10,6910,卖盘
1814,13:05:36,6.92,0.01,1,692,买盘
1815,13:05:33,6.91,--,267,184497,卖盘
1816,13:05:30,6.91,--,17,11747,卖盘
1817,13:05:27,6.91,--,8,5528,卖盘
1818,13:05:21,6.91,--,50,34550,卖盘
1819,13:05:18,6.91,--,5,3455,卖盘
1820,13:05:12,6.91,--,11,7601,卖盘
1821,13:05:09,6.91,-0.01,23,15893,卖盘
1822,13:05:00,6.92,0.01,143,98956,买盘
1823,13:04:57,6.91,--,1,691,卖盘
1824,13:04:51,6.91,-0.01,8,5528,卖盘
1825,13:04:48,6.92,0.01,1,692,买盘
1826,13:04:42,6.91,-0.01,2,1382,卖盘
1827,13:04:39,6.92,0.01,10,6920,买盘
1828,13:04:36,6.91,-0.01,38,26258,卖盘
1829,13:04:33,6.92,--,10,6920,买盘
1830,13:04:27,6.92,0.01,2,1384,买盘
1831,13:04:21,6.91,--,10,6910,卖盘
1832,13:04:15,6.91,--,12,8292,卖盘
1833,13:04:03,6.91,-0.01,40,27916,卖盘
1834,13:04:00,6.92,--,33,22836,买盘
1835,13:03:57,6.92,0.01,1,692,买盘
1836,13:03:54,6.91,0.01,6,4146,买盘
1837,13:03:51,6.9,--,8,5520,卖盘
1838,13:03:48,6.9,--,3,2070,卖盘
1839,13:03:42,6.9,-0.01,2,1380,卖盘
1840,13:03:36,6.91,--,44,30404,买盘
1841,13:03:33,6.91,--,31,21421,买盘
1842,13:03:27,6.91,--,7,4837,买盘
1843,13:03:24,6.91,0.01,1,691,买盘
1844,13:03:21,6.9,-0.01,45,31050,卖盘
1845,13:03:09,6.91,0.01,1,691,买盘
1846,13:03:06,6.9,--,134,92460,卖盘
1847,13:03:00,6.9,-0.01,113,77970,卖盘
1848,13:02:57,6.91,--,361,249451,卖盘
1849,13:02:51,6.91,-0.01,8,5528,卖盘
1850,13:02:48,6.92,0.01,1,692,买盘
1851,13:02:42,6.91,-0.01,22,15202,卖盘
1852,13:02:33,6.92,--,61,42212,买盘
1853,13:02:30,6.92,--,31,21452,买盘
1854,13:02:27,6.92,--,2,1384,买盘
1855,13:02:24,6.92,0.01,4,2768,买盘
1856,13:02:21,6.91,--,10,6910,卖盘
1857,13:02:18,6.91,-0.01,30,20730,卖盘
1858,13:02:15,6.92,--,34,23528,买盘
1859,13:02:12,6.92,--,150,103800,买盘
1860,13:02:06,6.92,--,11,7612,买盘
1861,13:02:03,6.92,0.01,1,692,买盘
1862,13:02:00,6.91,-0.01,11,7601,卖盘
1863,13:01:57,6.92,0.01,106,73352,买盘
1864,13:01:51,6.91,--,8,5528,卖盘
1865,13:01:48,6.91,--,4,2764,卖盘
1866,13:01:45,6.91,-0.01,101,69791,卖盘
1867,13:01:42,6.92,0.01,1,692,买盘
1868,13:01:39,6.91,--,3,2073,卖盘
1869,13:01:36,6.91,--,5,3455,卖盘
1870,13:01:33,6.91,--,2,1382,卖盘
1871,13:01:30,6.91,-0.01,52,35932,卖盘
1872,13:01:27,6.92,0.01,249,172308,买盘
1873,13:01:24,6.91,--,1,691,卖盘
1874,13:01:21,6.91,--,8,5528,卖盘
1875,13:01:18,6.91,--,2,1382,卖盘
1876,13:01:12,6.91,-0.01,6,4146,卖盘
1877,13:01:09,6.92,0.01,67,46364,买盘
1878,13:01:06,6.91,0.01,33,22803,买盘
1879,13:01:03,6.9,--,37,25530,卖盘
1880,13:00:54,6.9,-0.01,4,2760,卖盘
1881,13:00:51,6.91,-0.01,45,31095,卖盘
1882,13:00:48,6.92,0.01,1,692,买盘
1883,13:00:45,6.91,--,5,3455,卖盘
1884,13:00:42,6.91,-0.01,64,44224,卖盘
1885,13:00:39,6.92,0.01,21,14532,买盘
1886,13:00:36,6.91,--,3,2073,卖盘
1887,13:00:33,6.91,-0.01,34,23494,卖盘
1888,13:00:30,6.92,--,34,23528,买盘
1889,13:00:27,6.92,0.02,4,2768,买盘
1890,13:00:24,6.9,--,23,15870,卖盘
1891,13:00:21,6.9,--,2,1380,卖盘
1892,13:00:18,6.9,--,2,1380,卖盘
1893,13:00:15,6.9,--,7,4830,卖盘
1894,13:00:12,6.9,--,69,47610,卖盘
1895,13:00:09,6.9,--,119,82110,卖盘
1896,13:00:06,6.9,--,496,342240,卖盘
1897,13:00:03,6.9,--,2009,1386210,卖盘
1898,13:00:00,6.9,--,0,0,卖盘
1899,11:30:00,6.9,--,0,0,卖盘
1900,11:29:57,6.9,--,12,8280,卖盘
1901,11:29:54,6.9,--,2,1380,卖盘
1902,11:29:51,6.9,--,8,5520,卖盘
1903,11:29:48,6.9,-0.02,11,7590,卖盘
1904,11:29:45,6.92,0.01,106,73352,买盘
1905,11:29:42,6.91,--,3,2073,卖盘
1906,11:29:39,6.91,--,10,6910,卖盘
1907,11:29:36,6.91,-0.01,2,1382,卖盘
1908,11:29:33,6.92,--,9,6228,买盘
1909,11:29:30,6.92,--,44,30448,买盘
1910,11:29:27,6.92,--,6,4152,买盘
1911,11:29:24,6.92,0.02,37,25604,买盘
1912,11:29:21,6.9,--,12,8280,卖盘
1913,11:29:18,6.9,--,44,30360,卖盘
1914,11:29:15,6.9,-0.01,171,117990,卖盘
1915,11:29:12,6.91,0.01,2000,1382000,买盘
1916,11:29:09,6.9,--,5,3450,卖盘
1917,11:29:06,6.9,-0.01,55,37950,卖盘
1918,11:29:03,6.91,0.01,39,26949,买盘
1919,11:29:00,6.9,-0.01,52,35880,卖盘
1920,11:28:57,6.91,0.01,53,36623,买盘
1921,11:28:54,6.9,--,2,1380,卖盘
1922,11:28:51,6.9,-0.01,14,9660,卖盘
1923,11:28:48,6.91,0.01,61,42151,买盘
1924,11:28:45,6.9,--,4,2760,卖盘
1925,11:28:42,6.9,--,3,2070,卖盘
1926,11:28:36,6.9,--,1,690,卖盘
1927,11:28:33,6.9,-0.01,7,4830,卖盘
1928,11:28:27,6.91,--,40,27640,买盘
1929,11:28:24,6.91,0.01,379,261889,买盘
1930,11:28:21,6.9,--,98,67620,卖盘
1931,11:28:18,6.9,--,2,1380,卖盘
1932,11:28:15,6.9,--,12,8280,卖盘
1933,11:28:12,6.9,--,3,2070,卖盘
1934,11:28:09,6.9,--,33,22770,卖盘
1935,11:28:06,6.9,--,55,37950,卖盘
1936,11:28:03,6.9,--,2,1380,卖盘
1937,11:28:00,6.9,-0.01,7,4830,卖盘
1938,11:27:57,6.91,--,72,49752,买盘
1939,11:27:54,6.91,0.01,14,9674,买盘
1940,11:27:51,6.9,--,13,8970,卖盘
1941,11:27:48,6.9,--,58,40020,卖盘
1942,11:27:45,6.9,--,2,1380,卖盘
1943,11:27:42,6.9,--,2,1380,卖盘
1944,11:27:39,6.9,-0.01,2,1380,卖盘
1945,11:27:36,6.91,--,5,3455,买盘
1946,11:27:33,6.91,0.01,26,17966,买盘
1947,11:27:30,6.9,--,3,2070,卖盘
1948,11:27:27,6.9,--,2,1380,卖盘
1949,11:27:24,6.9,--,26,17940,卖盘
1950,11:27:21,6.9,-0.01,20,13800,卖盘
1951,11:27:18,6.91,--,108,74628,买盘
1952,11:27:15,6.91,0.01,103,71173,买盘
1953,11:27:12,6.9,-0.01,4,2760,卖盘
1954,11:27:09,6.91,0.01,42,29022,买盘
1955,11:27:06,6.9,--,4,2760,卖盘
1956,11:27:03,6.9,--,1,690,卖盘
1957,11:27:00,6.9,--,7,4830,卖盘
1958,11:26:57,6.9,-0.01,7,4830,卖盘
1959,11:26:54,6.91,0.01,10,6910,买盘
1960,11:26:51,6.9,--,30,20700,卖盘
1961,11:26:48,6.9,--,21,14490,卖盘
1962,11:26:45,6.9,--,3,2070,卖盘
1963,11:26:42,6.9,-0.01,2,1380,卖盘
1964,11:26:39,6.91,0.01,1,691,买盘
1965,11:26:36,6.9,-0.01,1,690,卖盘
1966,11:26:33,6.91,0.01,3,2073,买盘
1967,11:26:30,6.9,-0.01,6,4140,卖盘
1968,11:26:27,6.91,0.01,80,55280,买盘
1969,11:26:24,6.9,--,14,9660,卖盘
1970,11:26:21,6.9,--,8,5520,卖盘
1971,11:26:18,6.9,--,5,3450,卖盘
1972,11:26:15,6.9,--,27,18630,卖盘
1973,11:26:09,6.9,--,4,2760,卖盘
1974,11:26:06,6.9,--,49,33810,卖盘
1975,11:26:03,6.9,--,19,13110,卖盘
1976,11:26:00,6.9,--,203,140070,卖盘
1977,11:25:57,6.9,-0.01,2,1380,卖盘
1978,11:25:54,6.91,0.01,35,24185,买盘
1979,11:25:51,6.9,--,109,75210,卖盘
1980,11:25:48,6.9,--,1223,843870,卖盘
1981,11:25:45,6.9,--,3,2070,卖盘
1982,11:25:39,6.9,--,7,4830,卖盘
1983,11:25:36,6.9,--,50,34500,卖盘
1984,11:25:33,6.9,--,3,2070,卖盘
1985,11:25:30,6.9,-0.01,1,690,卖盘
1986,11:25:27,6.91,0.01,4,2764,买盘
1987,11:25:24,6.9,--,10,6900,卖盘
1988,11:25:21,6.9,--,5,3450,卖盘
1989,11:25:18,6.9,--,16,11040,卖盘
1990,11:25:15,6.9,--,2,1380,卖盘
1991,11:25:09,6.9,-0.01,8,5520,卖盘
1992,11:25:06,6.91,0.01,81,55971,买盘
1993,11:25:03,6.9,--,144,99360,卖盘
1994,11:25:00,6.9,--,1547,1067430,卖盘
1995,11:24:57,6.9,-0.01,3,2070,卖盘
1996,11:24:54,6.91,0.01,13,8983,买盘
1997,11:24:45,6.9,--,2,1380,卖盘
1998,11:24:36,6.9,--,6,4140,卖盘
1999,11:24:33,6.9,-0.01,28,19320,卖盘
2000,11:24:27,6.91,0.01,2,1382,买盘
2001,11:24:24,6.9,--,5,3450,卖盘
2002,11:24:21,6.9,--,9,6210,卖盘
2003,11:24:18,6.9,--,17,11730,卖盘
2004,11:24:15,6.9,--,124,85560,卖盘
2005,11:24:12,6.9,-0.01,1505,1038450,卖盘
2006,11:24:09,6.91,0.01,30,20730,买盘
2007,11:24:06,6.9,--,52,35880,卖盘
2008,11:24:03,6.9,--,29,20010,卖盘
2009,11:24:00,6.9,-0.01,2,1380,卖盘
2010,11:23:57,6.91,--,2,1382,买盘
2011,11:23:54,6.91,0.01,4,2764,买盘
2012,11:23:51,6.9,-0.01,17,11730,卖盘
2013,11:23:48,6.91,0.01,101,69791,买盘
2014,11:23:45,6.9,--,10,6900,卖盘
2015,11:23:42,6.9,--,32,22080,卖盘
2016,11:23:39,6.9,--,3,2070,卖盘
2017,11:23:33,6.9,--,2,1380,卖盘
2018,11:23:30,6.9,-0.01,11,7590,卖盘
2019,11:23:27,6.91,0.01,2,1382,买盘
2020,11:23:24,6.9,--,3,2070,卖盘
2021,11:23:21,6.9,--,13,8970,卖盘
2022,11:23:18,6.9,--,33,22770,卖盘
2023,11:23:15,6.9,-0.01,4,2760,卖盘
2024,11:23:12,6.91,0.01,25,17275,买盘
2025,11:23:09,6.9,--,6,4140,卖盘
2026,11:23:06,6.9,--,61,42090,卖盘
2027,11:23:03,6.9,--,4,2760,卖盘
2028,11:23:00,6.9,-0.01,2,1380,卖盘
2029,11:22:57,6.91,0.01,33,22803,买盘
2030,11:22:54,6.9,--,72,49680,卖盘
2031,11:22:51,6.9,--,8,5520,卖盘
2032,11:22:45,6.9,--,4,2760,卖盘
2033,11:22:42,6.9,--,43,29670,卖盘
2034,11:22:39,6.9,--,13,8970,卖盘
2035,11:22:36,6.9,--,150,103500,卖盘
2036,11:22:33,6.9,-0.01,2,1380,卖盘
2037,11:22:27,6.91,--,3,2073,买盘
2038,11:22:24,6.91,0.01,14,9674,买盘
2039,11:22:21,6.9,--,20,13800,卖盘
2040,11:22:15,6.9,-0.01,4,2760,卖盘
2041,11:22:12,6.91,0.01,1,691,买盘
2042,11:22:09,6.9,--,5,3450,卖盘
2043,11:22:06,6.9,--,51,35190,卖盘
2044,11:22:03,6.9,-0.01,1,690,卖盘
2045,11:22:00,6.91,0.01,3,2073,买盘
2046,11:21:57,6.9,--,1,690,卖盘
2047,11:21:54,6.9,--,12,8280,卖盘
2048,11:21:51,6.9,--,108,74520,卖盘
2049,11:21:42,6.9,-0.01,11,7590,卖盘
2050,11:21:39,6.91,0.01,80,55280,买盘
2051,11:21:36,6.9,--,1,690,卖盘
2052,11:21:33,6.9,-0.01,12,8280,卖盘
2053,11:21:30,6.91,--,47,32477,买盘
2054,11:21:27,6.91,0.01,21,14511,买盘
2055,11:21:24,6.9,--,239,164910,卖盘
2056,11:21:21,6.9,--,14,9660,卖盘
2057,11:21:18,6.9,-0.01,34,23460,卖盘
2058,11:21:15,6.91,0.01,219,151329,买盘
2059,11:21:12,6.9,--,26,17940,卖盘
2060,11:21:09,6.9,--,25,17250,卖盘
2061,11:21:06,6.9,-0.01,49,33810,卖盘
2062,11:21:03,6.91,--,3,2073,买盘
2063,11:21:00,6.91,0.01,2,1382,买盘
2064,11:20:57,6.9,-0.01,2,1380,卖盘
2065,11:20:54,6.91,0.01,11,7601,买盘
2066,11:20:51,6.9,--,14,9660,卖盘
2067,11:20:48,6.9,--,42,28980,卖盘
2068,11:20:45,6.9,-0.01,5,3450,卖盘
2069,11:20:42,6.91,0.01,44,30404,买盘
2070,11:20:39,6.9,--,2,1380,卖盘
2071,11:20:36,6.9,--,2,1380,卖盘
2072,11:20:33,6.9,-0.01,3,2070,卖盘
2073,11:20:30,6.91,--,5,3455,买盘
2074,11:20:27,6.91,0.01,3,2073,买盘
2075,11:20:24,6.9,--,1,690,卖盘
2076,11:20:21,6.9,--,21,14490,卖盘
2077,11:20:18,6.9,-0.01,30,20700,卖盘
2078,11:20:15,6.91,0.01,333,230103,买盘
2079,11:20:12,6.9,--,16,11040,卖盘
2080,11:20:09,6.9,--,51,35190,卖盘
2081,11:20:06,6.9,--,57,39330,卖盘
2082,11:20:03,6.9,--,103,71070,卖盘
2083,11:20:00,6.9,--,1,690,卖盘
2084,11:19:57,6.9,-0.01,10,6900,卖盘
2085,11:19:54,6.91,--,82,56662,买盘
2086,11:19:51,6.91,0.01,35,24185,买盘
2087,11:19:48,6.9,-0.01,14,9660,卖盘
2088,11:19:45,6.91,0.01,40,27640,买盘
2089,11:19:42,6.9,--,2,1380,卖盘
2090,11:19:39,6.9,--,2,1380,卖盘
2091,11:19:33,6.9,-0.01,2,1380,卖盘
2092,11:19:30,6.91,--,6,4146,买盘
2093,11:19:27,6.91,0.01,47,32477,买盘
2094,11:19:24,6.9,--,7,4830,卖盘
2095,11:19:21,6.9,-0.01,16,11040,卖盘
2096,11:19:18,6.91,0.01,50,34550,买盘
2097,11:19:15,6.9,--,1,690,卖盘
2098,11:19:12,6.9,--,84,57960,卖盘
2099,11:19:09,6.9,--,1005,693450,卖盘
2100,11:19:06,6.9,--,57,39330,卖盘
2101,11:19:03,6.9,-0.01,49,33810,卖盘
2102,11:19:00,6.91,0.01,4,2764,买盘
2103,11:18:57,6.9,--,35,24150,卖盘
2104,11:18:54,6.9,--,25,17250,卖盘
2105,11:18:51,6.9,--,35,24150,卖盘
2106,11:18:48,6.9,--,300,207000,卖盘
2107,11:18:45,6.9,--,1,690,卖盘
2108,11:18:42,6.9,-0.01,9,6210,卖盘
2109,11:18:39,6.91,0.01,60,41460,买盘
2110,11:18:36,6.9,-0.01,4,2760,卖盘
2111,11:18:33,6.91,--,44,30404,买盘
2112,11:18:30,6.91,--,4,2764,买盘
2113,11:18:27,6.91,0.01,33,22803,买盘
2114,11:18:24,6.9,--,12,8280,卖盘
2115,11:18:21,6.9,--,149,102810,卖盘
2116,11:18:18,6.9,-0.01,30,20700,卖盘
2117,11:18:15,6.91,0.01,4,2764,买盘
2118,11:18:12,6.9,--,34,23460,卖盘
2119,11:18:09,6.9,--,22,15180,卖盘
2120,11:18:06,6.9,--,33,22770,卖盘
2121,11:18:03,6.9,--,180,124200,卖盘
2122,11:18:00,6.9,--,189,130410,卖盘
2123,11:17:57,6.9,--,54,37260,卖盘
2124,11:17:54,6.9,--,52,35880,卖盘
2125,11:17:51,6.9,-0.01,237,163530,卖盘
2126,11:17:48,6.91,0.01,270,186570,买盘
2127,11:17:45,6.9,--,1,690,卖盘
2128,11:17:42,6.9,-0.01,4,2760,卖盘
2129,11:17:39,6.91,--,34,23494,买盘
2130,11:17:36,6.91,0.01,1,691,买盘
2131,11:17:33,6.9,--,3,2070,卖盘
2132,11:17:30,6.9,--,15,10350,卖盘
2133,11:17:27,6.9,--,44,30360,卖盘
2134,11:17:24,6.9,--,5,3450,卖盘
2135,11:17:21,6.9,-0.01,58,40020,卖盘
2136,11:17:18,6.91,0.01,31,21421,买盘
2137,11:17:15,6.9,--,1,690,卖盘
2138,11:17:12,6.9,--,7,4830,卖盘
2139,11:17:09,6.9,--,65,44850,卖盘
2140,11:17:06,6.9,-0.01,3,2070,卖盘
2141,11:17:03,6.91,0.01,36,24876,买盘
2142,11:16:57,6.9,--,7,4830,卖盘
2143,11:16:54,6.9,--,67,46230,卖盘
2144,11:16:51,6.9,-0.01,49,33810,卖盘
2145,11:16:48,6.91,0.01,36,24876,买盘
2146,11:16:45,6.9,-0.01,46,31740,卖盘
2147,11:16:42,6.91,0.01,291,201081,买盘
2148,11:16:39,6.9,-0.01,3,2070,卖盘
2149,11:16:36,6.91,0.01,36,24876,买盘
2150,11:16:33,6.9,--,7,4830,卖盘
2151,11:16:30,6.9,-0.01,52,35880,卖盘
2152,11:16:27,6.91,--,5,3455,买盘
2153,11:16:24,6.91,0.01,43,29713,买盘
2154,11:16:21,6.9,--,10,6900,卖盘
2155,11:16:15,6.9,-0.01,15,10350,卖盘
2156,11:16:12,6.91,0.01,163,112633,买盘
2157,11:16:09,6.9,--,48,33120,卖盘
2158,11:16:06,6.9,--,211,145590,卖盘
2159,11:16:03,6.9,-0.01,3,2070,卖盘
2160,11:16:00,6.91,0.01,4,2764,买盘
2161,11:15:57,6.9,--,1,690,卖盘
2162,11:15:54,6.9,--,14,9660,卖盘
2163,11:15:51,6.9,-0.01,14,9660,卖盘
2164,11:15:48,6.91,0.01,34,23494,买盘
2165,11:15:45,6.9,--,1,690,卖盘
2166,11:15:42,6.9,-0.01,3,2070,卖盘
2167,11:15:36,6.91,--,6,4146,买盘
2168,11:15:33,6.91,--,60,41460,买盘
2169,11:15:30,6.91,--,5,3455,买盘
2170,11:15:27,6.91,0.01,34,23494,买盘
2171,11:15:24,6.9,--,1,690,卖盘
2172,11:15:21,6.9,-0.01,14,9660,卖盘
2173,11:15:18,6.91,--,40,27640,买盘
2174,11:15:15,6.91,0.01,7,4837,买盘
2175,11:15:12,6.9,--,3,2070,卖盘
2176,11:15:09,6.9,--,1,690,卖盘
2177,11:15:03,6.9,--,2,1380,卖盘
2178,11:15:00,6.9,-0.01,25,17250,卖盘
2179,11:14:57,6.91,0.01,3,2073,买盘
2180,11:14:54,6.9,--,1,690,卖盘
2181,11:14:51,6.9,--,14,9660,卖盘
2182,11:14:48,6.9,--,52,35880,卖盘
2183,11:14:45,6.9,-0.01,2,1380,卖盘
2184,11:14:42,6.91,--,25,17275,买盘
2185,11:14:36,6.91,0.01,1,691,买盘
2186,11:14:33,6.9,-0.01,2,1380,卖盘
2187,11:14:30,6.91,--,18,12438,买盘
2188,11:14:27,6.91,--,186,128526,买盘
2189,11:14:24,6.91,0.01,34,23494,买盘
2190,11:14:21,6.9,--,10,6900,卖盘
2191,11:14:18,6.9,--,11,7590,卖盘
2192,11:14:15,6.9,-0.01,69,47610,卖盘
2193,11:14:12,6.91,0.01,103,71173,买盘
2194,11:14:03,6.9,-0.01,2,1380,卖盘
2195,11:14:00,6.91,--,5,3455,买盘
2196,11:13:57,6.91,0.01,38,26258,买盘
2197,11:13:54,6.9,-0.01,18,12420,卖盘
2198,11:13:51,6.91,--,215,148565,买盘
2199,11:13:48,6.91,0.01,7,4837,买盘
2200,11:13:45,6.9,--,1,690,卖盘
2201,11:13:42,6.9,--,21,14490,卖盘
2202,11:13:39,6.9,-0.01,181,124890,卖盘
2203,11:13:36,6.91,0.01,1,691,买盘
2204,11:13:33,6.9,--,1,690,卖盘
2205,11:13:30,6.9,-0.01,10,6900,卖盘
2206,11:13:27,6.91,0.01,87,60117,买盘
2207,11:13:21,6.9,--,2,1380,卖盘
2208,11:13:18,6.9,--,9,6210,卖盘
2209,11:13:12,6.9,--,2,1380,卖盘
2210,11:13:06,6.9,--,1,690,卖盘
2211,11:13:03,6.9,-0.01,12,8280,卖盘
2212,11:13:00,6.91,--,30,20730,买盘
2213,11:12:57,6.91,0.01,1,691,买盘
2214,11:12:54,6.9,-0.01,4,2760,卖盘
2215,11:12:51,6.91,0.01,57,39387,买盘
2216,11:12:48,6.9,--,17,11730,卖盘
2217,11:12:45,6.9,--,90,62100,卖盘
2218,11:12:42,6.9,--,3,2070,卖盘
2219,11:12:39,6.9,-0.01,10,6900,卖盘
2220,11:12:36,6.91,0.01,1,691,买盘
2221,11:12:33,6.9,--,9,6210,卖盘
2222,11:12:30,6.9,-0.01,9,6210,卖盘
2223,11:12:27,6.91,0.01,36,24876,买盘
2224,11:12:21,6.9,--,3,2070,卖盘
2225,11:12:18,6.9,-0.01,8,5520,卖盘
2226,11:12:12,6.91,0.01,1,691,买盘
2227,11:12:09,6.9,--,2,1380,卖盘
2228,11:12:03,6.9,-0.01,4,2760,卖盘
2229,11:12:00,6.91,--,46,31786,买盘
2230,11:11:57,6.91,0.01,21,14511,买盘
2231,11:11:51,6.9,-0.01,10,6900,卖盘
2232,11:11:48,6.91,0.01,54,37314,买盘
2233,11:11:45,6.9,--,2,1380,卖盘
2234,11:11:42,6.9,--,2,1380,卖盘
2235,11:11:39,6.9,-0.01,1,690,卖盘
2236,11:11:36,6.91,0.01,29,20039,买盘
2237,11:11:33,6.9,-0.01,146,100740,卖盘
2238,11:11:30,6.91,--,1,691,买盘
2239,11:11:27,6.91,0.01,2,1382,买盘
2240,11:11:24,6.9,--,39,26910,卖盘
2241,11:11:21,6.9,--,470,324300,卖盘
2242,11:11:18,6.9,--,18,12420,卖盘
2243,11:11:15,6.9,--,1,690,卖盘
2244,11:11:12,6.9,-0.01,9,6210,卖盘
2245,11:11:09,6.91,--,20,13820,买盘
2246,11:11:00,6.91,0.01,3,2073,买盘
2247,11:10:54,6.9,--,1,690,卖盘
2248,11:10:51,6.9,-0.01,22,15180,卖盘
2249,11:10:48,6.91,0.01,44,30404,买盘
2250,11:10:45,6.9,--,3,2070,卖盘
2251,11:10:42,6.9,--,22,15180,卖盘
2252,11:10:39,6.9,-0.01,6,4140,卖盘
2253,11:10:36,6.91,0.01,17,11747,买盘
2254,11:10:33,6.9,--,200,138000,卖盘
2255,11:10:30,6.9,-0.01,2,1380,卖盘
2256,11:10:27,6.91,0.01,2,1382,买盘
2257,11:10:24,6.9,--,1,690,卖盘
2258,11:10:21,6.9,-0.01,16,11040,卖盘
2259,11:10:18,6.91,0.01,67,46297,买盘
2260,11:10:15,6.9,--,1,690,卖盘
2261,11:10:12,6.9,--,10,6900,卖盘
2262,11:10:06,6.9,--,1,690,卖盘
2263,11:10:03,6.9,-0.01,7,4830,卖盘
2264,11:10:00,6.91,--,1,691,买盘
2265,11:09:57,6.91,0.01,3,2073,买盘
2266,11:09:54,6.9,-0.01,27,18630,卖盘
2267,11:09:51,6.91,--,76,52516,买盘
2268,11:09:48,6.91,0.02,32,22112,买盘
2269,11:09:45,6.89,-0.01,123,84747,卖盘
2270,11:09:42,6.9,--,328,226320,买盘
2271,11:09:36,6.9,--,2,1380,买盘
2272,11:09:33,6.9,--,81,55890,买盘
2273,11:09:30,6.9,--,102,70380,买盘
2274,11:09:27,6.9,--,2,1380,买盘
2275,11:09:24,6.9,--,2,1380,买盘
2276,11:09:21,6.9,--,37,25530,卖盘
2277,11:09:18,6.9,-0.01,2,1380,卖盘
2278,11:09:15,6.91,0.02,31,21421,买盘
2279,11:09:12,6.89,-0.01,45,31005,卖盘
2280,11:09:09,6.9,--,100,69000,卖盘
2281,11:09:06,6.9,--,6,4140,卖盘
2282,11:09:03,6.9,-0.01,64,44160,卖盘
2283,11:09:00,6.91,0.01,122,84302,买盘
2284,11:08:57,6.9,-0.01,5,3450,卖盘
2285,11:08:54,6.91,0.01,6,4146,买盘
2286,11:08:51,6.9,--,62,42780,卖盘
2287,11:08:48,6.9,--,97,67482,买盘
2288,11:08:45,6.9,--,54,37398,卖盘
2289,11:08:42,6.9,--,12,8280,卖盘
2290,11:08:39,6.9,-0.01,22,15180,卖盘
2291,11:08:36,6.91,0.01,204,140964,买盘
2292,11:08:33,6.9,--,36,24840,卖盘
2293,11:08:30,6.9,-0.01,3,2070,卖盘
2294,11:08:27,6.91,0.01,5,3455,买盘
2295,11:08:24,6.9,--,42,28980,卖盘
2296,11:08:21,6.9,--,113,77970,卖盘
2297,11:08:18,6.9,-0.01,3,2070,卖盘
2298,11:08:15,6.91,0.01,31,21421,买盘
2299,11:08:09,6.9,--,3,2070,卖盘
2300,11:08:03,6.9,-0.01,10,6900,卖盘
2301,11:08:00,6.91,0.01,106,73246,买盘
2302,11:07:57,6.9,--,171,118542,买盘
2303,11:07:54,6.9,--,1,690,买盘
2304,11:07:51,6.9,0.01,45,31050,买盘
2305,11:07:48,6.89,-0.01,7,4823,卖盘
2306,11:07:45,6.9,0.01,45,31050,买盘
2307,11:07:42,6.89,--,93,64077,卖盘
2308,11:07:39,6.89,-0.01,38,26182,卖盘
2309,11:07:36,6.9,--,16,11040,买盘
2310,11:07:33,6.9,0.01,47,32430,买盘
2311,11:07:30,6.89,-0.01,3,2067,卖盘
2312,11:07:27,6.9,--,9,6210,买盘
2313,11:07:24,6.9,0.01,31,21390,买盘
2314,11:07:21,6.89,--,8,5512,卖盘
2315,11:07:18,6.89,-0.01,330,227370,卖盘
2316,11:07:12,6.9,--,236,162840,买盘
2317,11:07:09,6.9,--,5533,3817770,买盘
2318,11:07:06,6.9,--,70,48300,买盘
2319,11:07:03,6.9,--,1,690,买盘
2320,11:07:00,6.9,--,6,4140,买盘
2321,11:06:51,6.9,--,60,41400,买盘
2322,11:06:48,6.9,0.01,2,1380,买盘
2323,11:06:45,6.89,--,48,33072,卖盘
2324,11:06:39,6.89,-0.01,102,70278,卖盘
2325,11:06:36,6.9,0.01,35,24150,买盘
2326,11:06:33,6.89,-0.01,29,19981,卖盘
2327,11:06:30,6.9,--,5,3450,买盘
2328,11:06:27,6.9,0.01,2,1380,买盘
2329,11:06:21,6.89,--,10,6890,卖盘
2330,11:06:18,6.89,-0.01,32,22048,卖盘
2331,11:06:12,6.9,0.01,36,24840,买盘
2332,11:06:09,6.89,-0.01,6,4134,卖盘
2333,11:06:03,6.9,--,1,690,买盘
2334,11:06:00,6.9,--,5,3450,买盘
2335,11:05:54,6.9,--,34,23460,买盘
2336,11:05:51,6.9,--,12,8280,买盘
2337,11:05:48,6.9,--,12,8280,买盘
2338,11:05:45,6.9,0.01,52,35880,买盘
2339,11:05:39,6.89,-0.01,19,13091,卖盘
2340,11:05:36,6.9,--,2001,1380690,买盘
2341,11:05:33,6.9,--,54,37260,买盘
2342,11:05:30,6.9,0.01,6,4140,买盘
2343,11:05:27,6.89,--,6,4134,卖盘
2344,11:05:24,6.89,--,1,689,卖盘
2345,11:05:18,6.89,--,42,28938,卖盘
2346,11:05:15,6.89,--,25,17225,卖盘
2347,11:05:12,6.89,--,2,1378,卖盘
2348,11:05:09,6.89,--,25,17225,卖盘
2349,11:05:03,6.89,-0.01,337,232193,卖盘
2350,11:05:00,6.9,--,1,690,买盘
2351,11:04:57,6.9,0.01,1,690,买盘
2352,11:04:51,6.89,-0.01,2,1378,卖盘
2353,11:04:48,6.9,0.01,40,27600,买盘
2354,11:04:45,6.89,--,2,1378,卖盘
2355,11:04:42,6.89,--,11,7579,卖盘
2356,11:04:39,6.89,-0.01,17,11713,卖盘
2357,11:04:36,6.9,--,55,37950,买盘
2358,11:04:33,6.9,0.01,50,34500,买盘
2359,11:04:30,6.89,-0.01,3,2067,卖盘
2360,11:04:27,6.9,0.01,2,1380,买盘
2361,11:04:18,6.89,--,42,28938,卖盘
2362,11:04:09,6.89,-0.01,2,1378,卖盘
2363,11:04:03,6.9,--,2,1380,买盘
2364,11:04:00,6.9,--,7,4830,买盘
2365,11:03:57,6.9,0.01,50,34500,买盘
2366,11:03:51,6.89,-0.01,3,2067,卖盘
2367,11:03:48,6.9,0.01,11,7590,买盘
2368,11:03:45,6.89,--,12,8268,卖盘
2369,11:03:42,6.89,-0.01,188,129532,卖盘
2370,11:03:36,6.9,--,1,690,买盘
2371,11:03:33,6.9,--,3,2070,买盘
2372,11:03:30,6.9,--,8,5520,买盘
2373,11:03:27,6.9,--,377,260130,买盘
2374,11:03:24,6.9,0.01,48,33120,买盘
2375,11:03:21,6.89,--,77,53053,卖盘
2376,11:03:18,6.89,--,76,52364,卖盘
2377,11:03:15,6.89,--,1,689,卖盘
2378,11:03:09,6.89,-0.01,2,1378,卖盘
2379,11:03:03,6.9,--,3,2070,买盘
2380,11:03:00,6.9,--,13,8970,买盘
2381,11:02:57,6.9,0.01,200,138000,买盘
2382,11:02:51,6.89,-0.01,2,1378,卖盘
2383,11:02:48,6.9,--,10,6900,买盘
2384,11:02:45,6.9,0.01,16,11040,买盘
2385,11:02:42,6.89,--,6,4134,卖盘
2386,11:02:39,6.89,-0.01,23,15847,卖盘
2387,11:02:36,6.9,--,6,4140,买盘
2388,11:02:33,6.9,--,1,690,买盘
2389,11:02:30,6.9,--,1,690,买盘
2390,11:02:27,6.9,0.01,201,138690,买盘
2391,11:02:21,6.89,--,10,6890,卖盘
2392,11:02:18,6.89,-0.01,41,28249,卖盘
2393,11:02:12,6.9,0.01,59,40710,买盘
2394,11:02:06,6.89,-0.01,1,689,卖盘
2395,11:02:03,6.9,--,10,6900,买盘
2396,11:02:00,6.9,--,1,690,买盘
2397,11:01:57,6.9,--,30,20700,买盘
2398,11:01:54,6.9,0.01,37,25530,买盘
2399,11:01:51,6.89,-0.01,9,6201,卖盘
2400,11:01:48,6.9,0.01,12,8280,买盘
2401,11:01:45,6.89,--,1,689,卖盘
2402,11:01:36,6.89,-0.01,337,232193,卖盘
2403,11:01:33,6.9,0.01,2,1380,买盘
2404,11:01:30,6.89,-0.01,3,2067,卖盘
2405,11:01:27,6.9,--,2,1380,买盘
2406,11:01:24,6.9,0.01,2,1380,买盘
2407,11:01:21,6.89,-0.01,5,3445,卖盘
2408,11:01:18,6.9,--,135,93150,买盘
2409,11:01:15,6.9,--,42,28980,买盘
2410,11:01:12,6.9,0.01,37,25530,买盘
2411,11:01:06,6.89,-0.01,350,241150,卖盘
2412,11:01:03,6.9,0.01,3,2070,买盘
2413,11:01:00,6.89,--,36,24804,卖盘
2414,11:00:54,6.89,-0.01,13,8957,卖盘
2415,11:00:51,6.9,--,41,28290,买盘
2416,11:00:48,6.9,0.01,10,6900,买盘
2417,11:00:45,6.89,-0.01,1,689,卖盘
2418,11:00:42,6.9,--,1,690,买盘
2419,11:00:36,6.9,--,13,8970,买盘
2420,11:00:33,6.9,0.01,1,690,买盘
2421,11:00:30,6.89,-0.01,55,37895,卖盘
2422,11:00:27,6.9,--,2,1380,买盘
2423,11:00:24,6.9,--,1,690,买盘
2424,11:00:21,6.9,--,9,6210,买盘
2425,11:00:18,6.9,--,56,38640,买盘
2426,11:00:06,6.9,--,25,17250,买盘
2427,11:00:03,6.9,--,2,1380,买盘
2428,11:00:00,6.9,--,201,138690,买盘
2429,10:59:57,6.9,--,5,3450,买盘
2430,10:59:54,6.9,--,1,690,买盘
2431,10:59:51,6.9,--,25,17250,买盘
2432,10:59:48,6.9,0.01,12,8280,买盘
2433,10:59:45,6.89,--,17,11713,卖盘
2434,10:59:42,6.89,-0.01,59,40651,卖盘
2435,10:59:33,6.9,--,3,2070,买盘
2436,10:59:30,6.9,--,1,690,买盘
2437,10:59:27,6.9,0.01,2,1380,买盘
2438,10:59:24,6.89,--,244,168116,卖盘
2439,10:59:18,6.89,--,45,31005,卖盘
2440,10:59:15,6.89,-0.01,201,138489,卖盘
2441,10:59:12,6.9,--,1,690,买盘
2442,10:59:09,6.9,--,42,28980,买盘
2443,10:59:06,6.9,--,831,573390,买盘
2444,10:59:03,6.9,--,2,1380,买盘
2445,10:59:00,6.9,--,1,690,买盘
2446,10:58:54,6.9,--,2,1380,买盘
2447,10:58:48,6.9,0.01,30,20700,买盘
2448,10:58:45,6.89,-0.01,1,689,卖盘
2449,10:58:39,6.9,0.01,5,3450,买盘
2450,10:58:33,6.89,-0.01,101,69589,卖盘
2451,10:58:30,6.9,--,3,2070,买盘
2452,10:58:27,6.9,--,35,24150,买盘
2453,10:58:24,6.9,--,22,15180,买盘
2454,10:58:18,6.9,0.01,70,48300,买盘
2455,10:58:12,6.89,-0.01,1,689,卖盘
2456,10:58:09,6.9,--,1,690,买盘
2457,10:58:06,6.9,0.01,20,13800,买盘
2458,10:58:03,6.89,-0.01,102,70278,卖盘
2459,10:58:00,6.9,--,1,690,买盘
2460,10:57:54,6.9,0.01,1,690,买盘
2461,10:57:51,6.89,-0.01,70,48230,卖盘
2462,10:57:48,6.9,0.01,11,7590,买盘
2463,10:57:45,6.89,--,6,4134,卖盘
2464,10:57:39,6.89,-0.01,8,5512,卖盘
2465,10:57:36,6.9,--,1,690,买盘
2466,10:57:33,6.9,0.01,2,1380,买盘
2467,10:57:30,6.89,-0.01,21,14469,卖盘
2468,10:57:27,6.9,--,2,1380,买盘
2469,10:57:24,6.9,0.01,1,690,买盘
2470,10:57:18,6.89,-0.01,11,7579,卖盘
2471,10:57:15,6.9,0.01,30,20700,买盘
2472,10:57:12,6.89,--,39,26871,卖盘
2473,10:57:09,6.89,-0.01,75,51675,卖盘
2474,10:57:03,6.9,--,46,31740,买盘
2475,10:57:00,6.9,0.01,43,29670,买盘
2476,10:56:57,6.89,-0.01,100,68900,卖盘
2477,10:56:54,6.9,0.01,2,1380,买盘
2478,10:56:51,6.89,-0.01,12,8268,卖盘
2479,10:56:48,6.9,0.01,10,6900,买盘
2480,10:56:45,6.89,--,1,689,卖盘
2481,10:56:42,6.89,-0.01,114,78546,卖盘
2482,10:56:39,6.9,--,1,690,买盘
2483,10:56:36,6.9,--,1,690,买盘
2484,10:56:33,6.9,--,11,7590,买盘
2485,10:56:30,6.9,--,23,15870,买盘
2486,10:56:27,6.9,--,31,21390,买盘
2487,10:56:24,6.9,0.01,1,690,买盘
2488,10:56:18,6.89,--,8,5512,卖盘
2489,10:56:12,6.89,--,32,22048,卖盘
2490,10:56:09,6.89,-0.01,23,15847,卖盘
2491,10:56:06,6.9,--,137,94530,买盘
2492,10:56:03,6.9,--,1,690,买盘
2493,10:55:54,6.9,0.01,1,690,买盘
2494,10:55:51,6.89,-0.01,21,14469,卖盘
2495,10:55:48,6.9,0.01,10,6900,买盘
2496,10:55:45,6.89,--,13,8957,卖盘
2497,10:55:42,6.89,--,24,16536,卖盘
2498,10:55:33,6.89,-0.01,774,533286,卖盘
2499,10:55:30,6.9,--,47,32430,买盘
2500,10:55:27,6.9,--,374,258060,买盘
2501,10:55:24,6.9,--,1,690,买盘
2502,10:55:21,6.9,0.01,10,6900,买盘
2503,10:55:18,6.89,--,8,5512,卖盘
2504,10:55:15,6.89,--,1,689,卖盘
2505,10:55:12,6.89,-0.01,35,24115,卖盘
2506,10:55:06,6.9,0.01,10,6900,买盘
2507,10:55:00,6.89,--,5,3445,卖盘
2508,10:54:57,6.89,-0.01,1,689,卖盘
2509,10:54:54,6.9,--,45,31050,买盘
2510,10:54:51,6.9,0.01,143,98670,买盘
2511,10:54:48,6.89,-0.01,9,6201,卖盘
2512,10:54:42,6.9,--,221,152490,买盘
2513,10:54:36,6.9,--,1,690,买盘
2514,10:54:33,6.9,--,6,4140,买盘
2515,10:54:30,6.9,--,1,690,买盘
2516,10:54:27,6.9,--,2,1380,买盘
2517,10:54:24,6.9,--,1,690,买盘
2518,10:54:21,6.9,0.01,15,10350,买盘
2519,10:54:18,6.89,--,14,9646,卖盘
2520,10:54:06,6.89,-0.01,33,22737,卖盘
2521,10:53:54,6.9,0.01,75,51750,买盘
2522,10:53:48,6.89,--,11,7579,卖盘
2523,10:53:42,6.89,-0.01,24,16536,卖盘
2524,10:53:39,6.9,--,320,220800,买盘
2525,10:53:30,6.9,0.01,2,1380,买盘
2526,10:53:27,6.89,--,20,13780,卖盘
2527,10:53:24,6.89,--,1,689,卖盘
2528,10:53:18,6.89,--,8,5512,卖盘
2529,10:53:15,6.89,--,40,27560,卖盘
2530,10:53:12,6.89,--,20,13780,卖盘
2531,10:53:06,6.89,--,44,30316,卖盘
2532,10:52:57,6.89,--,5,3445,卖盘
2533,10:52:54,6.89,-0.01,151,104039,卖盘
2534,10:52:51,6.9,--,17,11730,买盘
2535,10:52:48,6.9,--,9,6210,买盘
2536,10:52:39,6.9,--,92,63480,买盘
2537,10:52:36,6.9,--,19,13110,买盘
2538,10:52:30,6.9,--,2,1380,买盘
2539,10:52:27,6.9,--,2,1380,买盘
2540,10:52:24,6.9,--,4,2760,买盘
2541,10:52:21,6.9,--,103,71070,买盘
2542,10:52:18,6.9,0.01,11,7590,买盘
2543,10:52:15,6.89,--,29,19981,卖盘
2544,10:52:12,6.89,-0.01,18,12402,卖盘
2545,10:52:09,6.9,--,4,2760,买盘
2546,10:52:06,6.9,0.01,6,4140,买盘
2547,10:52:03,6.89,-0.01,62,42718,卖盘
2548,10:52:00,6.9,--,3,2070,买盘
2549,10:51:57,6.9,--,103,71070,买盘
2550,10:51:54,6.9,--,5,3450,买盘
2551,10:51:51,6.9,0.01,13,8970,买盘
2552,10:51:48,6.89,--,167,115063,卖盘
2553,10:51:45,6.89,--,23,15847,卖盘
2554,10:51:42,6.89,-0.01,1,689,卖盘
2555,10:51:39,6.9,0.01,7,4830,买盘
2556,10:51:36,6.89,-0.01,4,2756,卖盘
2557,10:51:33,6.9,--,53,36570,买盘
2558,10:51:30,6.9,--,11,7590,买盘
2559,10:51:27,6.9,0.01,8,5520,买盘
2560,10:51:24,6.89,-0.01,1,689,卖盘
2561,10:51:21,6.9,--,12,8280,买盘
2562,10:51:18,6.9,--,10,6900,买盘
2563,10:51:15,6.9,--,6,4140,买盘
2564,10:51:12,6.9,--,4,2760,买盘
2565,10:51:09,6.9,--,3,2070,买盘
2566,10:51:06,6.9,0.01,6,4140,买盘
2567,10:51:03,6.89,-0.01,100,68900,卖盘
2568,10:51:00,6.9,0.01,6,4140,买盘
2569,10:50:57,6.89,-0.01,88,60632,卖盘
2570,10:50:54,6.9,--,13,8970,买盘
2571,10:50:51,6.9,--,3,2070,买盘
2572,10:50:48,6.9,--,12,8280,买盘
2573,10:50:45,6.9,--,78,53820,买盘
2574,10:50:42,6.9,0.01,3,2070,买盘
2575,10:50:39,6.89,-0.01,159,109551,卖盘
2576,10:50:36,6.9,--,14,9660,买盘
2577,10:50:33,6.9,--,4,2760,买盘
2578,10:50:30,6.9,--,47,32430,买盘
2579,10:50:27,6.9,--,6,4140,买盘
2580,10:50:24,6.9,--,43,29670,买盘
2581,10:50:21,6.9,--,5,3450,买盘
2582,10:50:18,6.9,--,14,9660,买盘
2583,10:50:15,6.9,0.01,3,2070,买盘
2584,10:50:12,6.89,--,21,14469,卖盘
2585,10:50:09,6.89,-0.01,1,689,卖盘
2586,10:50:06,6.9,--,6,4140,买盘
2587,10:50:03,6.9,0.01,3,2070,买盘
2588,10:50:00,6.89,-0.01,92,63388,卖盘
2589,10:49:57,6.9,--,41,28290,买盘
2590,10:49:54,6.9,0.01,3,2070,买盘
2591,10:49:51,6.89,--,19,13091,卖盘
2592,10:49:48,6.89,-0.01,63,43407,卖盘
2593,10:49:45,6.9,--,3,2070,买盘
2594,10:49:42,6.9,--,3,2070,买盘
2595,10:49:39,6.9,--,4,2760,买盘
2596,10:49:36,6.9,--,4,2760,买盘
2597,10:49:33,6.9,--,3,2070,买盘
2598,10:49:30,6.9,--,70,48300,买盘
2599,10:49:27,6.9,--,6,4140,买盘
2600,10:49:24,6.9,--,26,17940,买盘
2601,10:49:21,6.9,0.01,16,11040,买盘
2602,10:49:18,6.89,-0.01,221,152269,卖盘
2603,10:49:12,6.9,--,157,108633,买盘
2604,10:49:09,6.9,--,3,2070,买盘
2605,10:49:06,6.9,--,8,5520,买盘
2606,10:49:03,6.9,0.01,3,2070,买盘
2607,10:49:00,6.89,--,108,74412,卖盘
2608,10:48:57,6.89,--,103,70967,卖盘
2609,10:48:54,6.89,-0.01,53,36517,卖盘
2610,10:48:51,6.9,--,13,8970,买盘
2611,10:48:48,6.9,--,17,11730,买盘
2612,10:48:45,6.9,--,3,2070,买盘
2613,10:48:42,6.9,--,6,4140,买盘
2614,10:48:39,6.9,--,4,2760,买盘
2615,10:48:36,6.9,--,3,2070,买盘
2616,10:48:33,6.9,--,4,2760,买盘
2617,10:48:30,6.9,--,6,4140,买盘
2618,10:48:27,6.9,--,3,2070,买盘
2619,10:48:24,6.9,--,3,2070,买盘
2620,10:48:21,6.9,--,547,377430,买盘
2621,10:48:18,6.9,--,29,20010,买盘
2622,10:48:12,6.9,--,3,2070,买盘
2623,10:48:09,6.9,--,7,4830,买盘
2624,10:48:06,6.9,--,3,2070,买盘
2625,10:48:03,6.9,--,8,5520,买盘
2626,10:48:00,6.9,--,3,2070,买盘
2627,10:47:57,6.9,0.01,7,4830,买盘
2628,10:47:51,6.89,-0.01,800,551200,卖盘
2629,10:47:48,6.9,0.01,15,10350,买盘
2630,10:47:45,6.89,-0.01,40,27560,卖盘
2631,10:47:39,6.9,--,10,6900,买盘
2632,10:47:36,6.9,--,1,690,买盘
2633,10:47:33,6.9,0.01,18,12420,买盘
2634,10:47:30,6.89,--,53,36517,卖盘
2635,10:47:27,6.89,--,6,4134,卖盘
2636,10:47:21,6.89,--,14,9646,卖盘
2637,10:47:18,6.89,--,58,39962,卖盘
2638,10:47:15,6.89,--,160,110240,卖盘
2639,10:47:09,6.89,--,1,689,卖盘
2640,10:47:06,6.89,--,140,96460,卖盘
2641,10:47:00,6.89,--,3,2067,卖盘
2642,10:46:57,6.89,--,13,8957,卖盘
2643,10:46:54,6.89,-0.01,1,689,卖盘
2644,10:46:51,6.9,--,1,690,买盘
2645,10:46:48,6.9,0.01,9,6210,买盘
2646,10:46:39,6.89,-0.01,98,67522,卖盘
2647,10:46:33,6.9,--,99,68310,买盘
2648,10:46:30,6.9,0.01,274,189198,买盘
2649,10:46:21,6.89,--,231,159159,卖盘
2650,10:46:18,6.89,-0.01,8,5512,卖盘
2651,10:46:09,6.9,--,42,28980,买盘
2652,10:46:06,6.9,0.01,7,4830,买盘
2653,10:46:00,6.89,--,200,137800,卖盘
2654,10:45:57,6.89,--,38,26182,卖盘
2655,10:45:51,6.89,--,6,4134,卖盘
2656,10:45:48,6.89,-0.01,8,5512,卖盘
2657,10:45:45,6.9,0.01,302,208380,买盘
2658,10:45:42,6.89,--,20,13780,卖盘
2659,10:45:39,6.89,-0.01,507,349323,卖盘
2660,10:45:36,6.9,0.01,4,2760,买盘
2661,10:45:33,6.89,-0.01,10,6890,卖盘
2662,10:45:30,6.9,--,5,3450,买盘
2663,10:45:24,6.9,--,1,690,买盘
2664,10:45:21,6.9,0.01,10,6900,买盘
2665,10:45:18,6.89,--,50,34450,卖盘
2666,10:45:15,6.89,--,8,5512,卖盘
2667,10:45:03,6.89,-0.01,77,53053,卖盘
2668,10:45:00,6.9,0.01,4,2760,买盘
2669,10:44:57,6.89,--,1,689,卖盘
2670,10:44:54,6.89,--,6,4134,卖盘
2671,10:44:51,6.89,--,83,57187,卖盘
2672,10:44:48,6.89,--,38,26182,卖盘
2673,10:44:45,6.89,-0.01,12,8268,卖盘
2674,10:44:36,6.9,0.01,1,690,买盘
2675,10:44:30,6.89,--,14,9646,卖盘
2676,10:44:27,6.89,-0.01,32,22048,卖盘
2677,10:44:21,6.9,0.01,24,16560,买盘
2678,10:44:18,6.89,-0.01,28,19292,卖盘
2679,10:44:15,6.9,0.01,3,2070,买盘
2680,10:44:12,6.89,--,17,11713,卖盘
2681,10:44:09,6.89,-0.01,1,689,卖盘
2682,10:44:03,6.9,--,3,2070,买盘
2683,10:44:00,6.9,--,59,40710,买盘
2684,10:43:57,6.9,--,3,2070,买盘
2685,10:43:54,6.9,--,6,4140,买盘
2686,10:43:51,6.9,--,5,3450,买盘
2687,10:43:48,6.9,--,31,21390,买盘
2688,10:43:45,6.9,--,13,8970,买盘
2689,10:43:42,6.9,--,39,26910,买盘
2690,10:43:39,6.9,0.01,39,26910,买盘
2691,10:43:36,6.89,-0.01,147,101283,卖盘
2692,10:43:33,6.9,--,3,2070,买盘
2693,10:43:30,6.9,--,3,2070,买盘
2694,10:43:27,6.9,--,53,36570,买盘
2695,10:43:24,6.9,--,24,16560,买盘
2696,10:43:21,6.9,--,6,4140,买盘
2697,10:43:18,6.9,--,11,7590,买盘
2698,10:43:15,6.9,--,11,7590,买盘
2699,10:43:12,6.9,--,25,17250,买盘
2700,10:43:09,6.9,--,3,2070,买盘
2701,10:43:06,6.9,--,53,36570,买盘
2702,10:43:03,6.9,--,9,6210,买盘
2703,10:43:00,6.9,--,33,22770,买盘
2704,10:42:57,6.9,--,17,11730,买盘
2705,10:42:54,6.9,0.01,3,2070,买盘
2706,10:42:51,6.89,-0.01,5,3445,卖盘
2707,10:42:48,6.9,0.01,38,26220,买盘
2708,10:42:45,6.89,-0.01,107,73723,卖盘
2709,10:42:42,6.9,--,3,2070,买盘
2710,10:42:39,6.9,--,6,4140,买盘
2711,10:42:36,6.9,--,3,2070,买盘
2712,10:42:33,6.9,--,83,57270,买盘
2713,10:42:30,6.9,--,4,2760,买盘
2714,10:42:27,6.9,--,3,2070,买盘
2715,10:42:24,6.9,--,3,2070,买盘
2716,10:42:21,6.9,--,5,3450,买盘
2717,10:42:18,6.9,0.01,16,11040,买盘
2718,10:42:15,6.89,-0.01,8,5512,卖盘
2719,10:42:12,6.9,--,3,2070,买盘
2720,10:42:09,6.9,--,6,4140,买盘
2721,10:42:06,6.9,--,17,11730,买盘
2722,10:42:03,6.9,--,7,4830,买盘
2723,10:41:57,6.9,--,13,8970,买盘
2724,10:41:54,6.9,--,3,2070,买盘
2725,10:41:51,6.9,--,60,41400,买盘
2726,10:41:48,6.9,0.01,3,2070,买盘
2727,10:41:45,6.89,-0.01,162,111618,卖盘
2728,10:41:42,6.9,--,163,112470,买盘
2729,10:41:39,6.9,--,7,4830,买盘
2730,10:41:36,6.9,--,3,2070,买盘
2731,10:41:33,6.9,--,3,2070,买盘
2732,10:41:30,6.9,--,47,32430,买盘
2733,10:41:27,6.9,--,14,9660,买盘
2734,10:41:24,6.9,0.01,3,2070,买盘
2735,10:41:21,6.89,-0.01,168,115752,卖盘
2736,10:41:18,6.9,0.01,3,2070,买盘
2737,10:41:15,6.89,-0.01,18,12402,卖盘
2738,10:41:12,6.9,0.01,17,11730,买盘
2739,10:41:09,6.89,--,41,28386,买盘
2740,10:41:06,6.89,--,53,36517,买盘
2741,10:41:03,6.89,--,3,2067,买盘
2742,10:41:00,6.89,--,13,8957,买盘
2743,10:40:57,6.89,--,250,172250,买盘
2744,10:40:54,6.89,--,23,15847,买盘
2745,10:40:51,6.89,--,8,5512,买盘
2746,10:40:48,6.89,0.01,7,4823,买盘
2747,10:40:45,6.88,-0.01,14,9632,卖盘
2748,10:40:42,6.89,--,29,19981,买盘
2749,10:40:39,6.89,--,3,2067,买盘
2750,10:40:36,6.89,--,55,37895,买盘
2751,10:40:33,6.89,--,3,2067,买盘
2752,10:40:30,6.89,--,6,4134,买盘
2753,10:40:27,6.89,--,3,2067,买盘
2754,10:40:24,6.89,--,39,26871,买盘
2755,10:40:21,6.89,--,13,8957,买盘
2756,10:40:18,6.89,--,16,11024,买盘
2757,10:40:15,6.89,--,352,242528,买盘
2758,10:40:12,6.89,--,16,11024,买盘
2759,10:40:09,6.89,--,5,3445,买盘
2760,10:40:06,6.89,--,113,77857,买盘
2761,10:40:03,6.89,--,128,88192,买盘
2762,10:40:00,6.89,--,125,86125,买盘
2763,10:39:54,6.89,--,76,52364,买盘
2764,10:39:51,6.89,0.01,4,2756,买盘
2765,10:39:48,6.88,-0.01,8,5504,卖盘
2766,10:39:45,6.89,--,724,498836,买盘
2767,10:39:42,6.89,--,45,31005,买盘
2768,10:39:39,6.89,--,30,20670,买盘
2769,10:39:36,6.89,--,3,2067,买盘
2770,10:39:33,6.89,0.01,113,77857,买盘
2771,10:39:30,6.88,--,20,13760,卖盘
2772,10:39:18,6.88,-0.01,15,10320,卖盘
2773,10:39:15,6.89,--,92,63388,买盘
2774,10:39:12,6.89,--,53,36517,买盘
2775,10:39:09,6.89,0.01,283,194987,买盘
2776,10:39:03,6.88,--,70,48160,卖盘
2777,10:39:00,6.88,-0.01,30,20640,卖盘
2778,10:38:57,6.89,0.01,73,50297,买盘
2779,10:38:51,6.88,--,94,64672,卖盘
2780,10:38:48,6.88,-0.01,8,5504,卖盘
2781,10:38:36,6.89,--,283,194987,买盘
2782,10:38:33,6.89,--,10,6890,买盘
2783,10:38:30,6.89,--,100,68900,买盘
2784,10:38:18,6.89,--,28,19292,买盘
2785,10:38:15,6.89,0.01,217,149513,买盘
2786,10:38:09,6.88,-0.01,10,6880,卖盘
2787,10:38:06,6.89,0.01,9,6201,买盘
2788,10:38:00,6.88,-0.01,4,2752,卖盘
2789,10:37:54,6.89,--,91,62699,买盘
2790,10:37:51,6.89,--,15,10335,买盘
2791,10:37:48,6.89,0.01,9,6201,买盘
2792,10:37:45,6.88,-0.01,1,688,卖盘
2793,10:37:42,6.89,--,5,3445,买盘
2794,10:37:36,6.89,--,55,37895,买盘
2795,10:37:33,6.89,--,198,136422,买盘
2796,10:37:30,6.89,--,91,62699,买盘
2797,10:37:21,6.89,--,12,8268,买盘
2798,10:37:18,6.89,0.01,1,689,买盘
2799,10:37:15,6.88,-0.01,487,335606,卖盘
2800,10:37:09,6.89,--,246,169494,卖盘
2801,10:37:03,6.89,--,259,178588,卖盘
2802,10:37:00,6.89,-0.01,88,60632,卖盘
2803,10:36:54,6.9,--,1,690,买盘
2804,10:36:51,6.9,0.01,91,62790,买盘
2805,10:36:48,6.89,-0.01,8,5512,卖盘
2806,10:36:45,6.9,--,36,24840,买盘
2807,10:36:42,6.9,0.01,61,42090,买盘
2808,10:36:36,6.89,-0.01,40,27560,卖盘
2809,10:36:33,6.9,0.01,91,62790,买盘
2810,10:36:30,6.89,--,68,46852,卖盘
2811,10:36:27,6.89,-0.01,31,21359,卖盘
2812,10:36:21,6.9,0.01,11,7590,买盘
2813,10:36:18,6.89,--,8,5512,卖盘
2814,10:36:15,6.89,-0.01,7121,4906369,卖盘
2815,10:36:12,6.9,0.01,1,690,买盘
2816,10:36:03,6.89,--,23,15847,卖盘
2817,10:36:00,6.89,--,32,22048,卖盘
2818,10:35:57,6.89,-0.01,1,689,卖盘
2819,10:35:51,6.9,--,193,133170,买盘
2820,10:35:48,6.9,0.01,7,4830,买盘
2821,10:35:45,6.89,--,113,77857,卖盘
2822,10:35:42,6.89,-0.01,231,159159,卖盘
2823,10:35:39,6.9,--,97,66930,买盘
2824,10:35:36,6.9,--,1,690,买盘
2825,10:35:33,6.9,--,1,690,买盘
2826,10:35:30,6.9,0.01,91,62790,买盘
2827,10:35:27,6.89,-0.01,31,21359,卖盘
2828,10:35:21,6.9,--,42,28980,买盘
2829,10:35:18,6.9,--,100,69000,买盘
2830,10:35:15,6.9,0.01,42,28980,买盘
2831,10:35:12,6.89,-0.01,100,68900,卖盘
2832,10:35:06,6.9,--,10,6900,买盘
2833,10:35:03,6.9,--,211,145590,买盘
2834,10:35:00,6.9,0.01,54,37260,买盘
2835,10:34:57,6.89,--,55,37895,卖盘
2836,10:34:54,6.89,-0.01,296,203944,卖盘
2837,10:34:51,6.9,--,1,690,买盘
2838,10:34:48,6.9,--,111,76590,买盘
2839,10:34:45,6.9,0.01,14,9660,买盘
2840,10:34:42,6.89,-0.01,31,21359,卖盘
2841,10:34:39,6.9,--,3,2070,买盘
2842,10:34:36,6.9,--,156,107640,买盘
2843,10:34:33,6.9,0.01,3,2070,买盘
2844,10:34:30,6.89,-0.01,21,14469,卖盘
2845,10:34:27,6.9,0.01,333,229770,买盘
2846,10:34:24,6.89,--,22,15158,卖盘
2847,10:34:21,6.89,-0.01,21,14469,卖盘
2848,10:34:18,6.9,--,127,87630,买盘
2849,10:34:15,6.9,0.01,4,2760,买盘
2850,10:34:12,6.89,-0.01,34,23426,卖盘
2851,10:34:09,6.9,--,21,14490,买盘
2852,10:34:06,6.9,--,3,2070,买盘
2853,10:34:03,6.9,--,3,2070,买盘
2854,10:34:00,6.9,--,93,64170,买盘
2855,10:33:57,6.9,--,4,2760,买盘
2856,10:33:54,6.9,--,104,71760,买盘
2857,10:33:51,6.9,--,5,3450,买盘
2858,10:33:48,6.9,--,3,2070,买盘
2859,10:33:45,6.9,--,35,24150,买盘
2860,10:33:42,6.9,--,64,44160,买盘
2861,10:33:39,6.9,--,6,4140,买盘
2862,10:33:36,6.9,--,81,55890,买盘
2863,10:33:33,6.9,--,25,17250,买盘
2864,10:33:30,6.9,0.01,98,67620,买盘
2865,10:33:27,6.89,-0.01,15,10335,卖盘
2866,10:33:24,6.9,0.01,3,2070,买盘
2867,10:33:21,6.89,--,7,4823,卖盘
2868,10:33:18,6.89,-0.01,4,2756,卖盘
2869,10:33:15,6.9,--,85,58650,买盘
2870,10:33:12,6.9,--,3,2070,买盘
2871,10:33:09,6.9,--,43,29670,买盘
2872,10:33:06,6.9,--,13,8970,买盘
2873,10:33:03,6.9,--,1687,1164030,买盘
2874,10:33:00,6.9,--,46,31740,买盘
2875,10:32:57,6.9,--,4,2760,买盘
2876,10:32:54,6.9,--,3,2070,买盘
2877,10:32:51,6.9,--,34,23460,买盘
2878,10:32:48,6.9,0.01,4,2760,买盘
2879,10:32:45,6.89,-0.01,78,53742,卖盘
2880,10:32:42,6.9,--,44,30360,买盘
2881,10:32:39,6.9,--,7,4830,买盘
2882,10:32:36,6.9,0.01,3,2070,买盘
2883,10:32:33,6.89,-0.01,2,1378,卖盘
2884,10:32:30,6.9,0.01,6,4140,买盘
2885,10:32:27,6.89,--,45,31005,卖盘
2886,10:32:24,6.89,-0.01,17,11713,卖盘
2887,10:32:21,6.9,--,26,17940,买盘
2888,10:32:18,6.9,0.01,2,1380,买盘
2889,10:32:15,6.89,--,27,18603,卖盘
2890,10:32:12,6.89,-0.01,35,24115,卖盘
2891,10:32:09,6.9,--,21,14490,买盘
2892,10:32:06,6.9,--,23,15870,买盘
2893,10:32:03,6.9,--,3,2070,买盘
2894,10:32:00,6.9,--,62,42780,买盘
2895,10:31:57,6.9,0.01,46,31740,买盘
2896,10:31:54,6.89,-0.01,23,15847,卖盘
2897,10:31:51,6.9,--,6,4140,买盘
2898,10:31:48,6.9,--,13,8970,买盘
2899,10:31:45,6.9,--,44,30360,买盘
2900,10:31:42,6.9,--,3,2070,买盘
2901,10:31:39,6.9,--,57,39330,买盘
2902,10:31:36,6.9,--,3,2070,买盘
2903,10:31:33,6.9,--,18,12420,买盘
2904,10:31:30,6.9,--,3,2070,买盘
2905,10:31:27,6.9,0.01,38,26220,买盘
2906,10:31:24,6.89,-0.01,17,11713,卖盘
2907,10:31:21,6.9,--,73,50370,买盘
2908,10:31:15,6.9,--,28,19320,买盘
2909,10:31:12,6.9,--,39,26910,买盘
2910,10:31:09,6.9,--,6,4140,买盘
2911,10:31:06,6.9,--,42,28980,买盘
2912,10:31:03,6.9,--,56,38640,买盘
2913,10:31:00,6.9,0.01,13,8970,买盘
2914,10:30:57,6.89,-0.01,38,26182,卖盘
2915,10:30:51,6.9,--,6,4140,买盘
2916,10:30:48,6.9,--,93,64170,买盘
2917,10:30:45,6.9,--,158,109020,买盘
2918,10:30:42,6.9,0.01,6,4140,买盘
2919,10:30:39,6.89,--,23,15847,卖盘
2920,10:30:36,6.89,-0.01,33,22737,卖盘
2921,10:30:33,6.9,0.01,3,2070,买盘
2922,10:30:30,6.89,--,30,20670,卖盘
2923,10:30:27,6.89,-0.01,34,23426,卖盘
2924,10:30:24,6.9,--,26,17940,买盘
2925,10:30:21,6.9,--,3,2070,买盘
2926,10:30:18,6.9,0.01,36,24840,买盘
2927,10:30:15,6.89,--,11,7579,卖盘
2928,10:30:12,6.89,--,111,76479,卖盘
2929,10:30:09,6.89,-0.01,51,35139,卖盘
2930,10:30:06,6.9,0.01,7,4830,买盘
2931,10:30:00,6.89,-0.01,8,5512,卖盘
2932,10:29:57,6.9,--,40,27600,买盘
2933,10:29:54,6.9,--,22,15180,买盘
2934,10:29:51,6.9,--,172,118680,买盘
2935,10:29:48,6.9,--,6,4140,买盘
2936,10:29:45,6.9,--,54,37260,买盘
2937,10:29:42,6.9,0.01,4,2760,买盘
2938,10:29:39,6.89,-0.01,16,11024,卖盘
2939,10:29:36,6.9,0.01,65,44850,买盘
2940,10:29:33,6.89,-0.01,44,30316,卖盘
2941,10:29:30,6.9,0.01,98,67620,买盘
2942,10:29:27,6.89,-0.01,34,23426,卖盘
2943,10:29:24,6.9,--,13,8970,买盘
2944,10:29:21,6.9,--,3,2070,买盘
2945,10:29:18,6.9,--,9,6210,买盘
2946,10:29:15,6.9,0.01,11,7590,买盘
2947,10:29:12,6.89,-0.01,58,39962,卖盘
2948,10:29:09,6.9,--,8,5520,买盘
2949,10:29:06,6.9,--,143,98670,买盘
2950,10:29:03,6.9,0.01,3,2070,买盘
2951,10:29:00,6.89,--,25,17225,卖盘
2952,10:28:57,6.89,-0.01,74,50986,卖盘
2953,10:28:54,6.9,--,3,2070,买盘
