,time,price,change,volume,amount,type
0,15:00:03,11.54,0.01,1567,1808317,买盘
1,14:57:00,11.53,--,0,0,卖盘
2,14:56:57,11.53,--,130,149890,卖盘
3,14:56:54,11.53,-0.01,105,121065,卖盘
4,14:56:51,11.54,0.01,15,17310,买盘
5,14:56:48,11.53,--,126,145278,买盘
6,14:56:45,11.53,0.01,55,63415,买盘
7,14:56:42,11.52,-0.01,34,39168,卖盘
8,14:56:39,11.53,0.01,75,86475,买盘
9,14:56:33,11.52,--,22,25344,卖盘
10,14:56:27,11.52,--,52,59904,卖盘
11,14:56:21,11.52,--,3,3456,卖盘
12,14:56:18,11.52,--,505,582324,卖盘
13,14:56:15,11.52,-0.02,140,161280,卖盘
14,14:56:12,11.54,0.01,58,66932,买盘
15,14:56:09,11.53,--,20,23060,卖盘
16,14:56:06,11.53,--,50,57650,卖盘
17,14:56:03,11.53,-0.01,7,8071,卖盘
18,14:56:00,11.54,--,357,411977,买盘
19,14:55:57,11.54,0.01,50,57699,买盘
20,14:55:54,11.53,--,56,64568,卖盘
21,14:55:51,11.53,--,5,5765,卖盘
22,14:55:48,11.53,--,27,31131,卖盘
23,14:55:45,11.53,0.01,51,58803,买盘
24,14:55:42,11.52,-0.01,3,3456,卖盘
25,14:55:39,11.53,--,225,259425,卖盘
26,14:55:36,11.53,-0.01,10,11530,卖盘
27,14:55:33,11.54,0.01,1,1154,买盘
28,14:55:30,11.53,--,31,35743,买盘
29,14:55:27,11.53,0.01,104,119912,买盘
30,14:55:24,11.52,--,48,55296,卖盘
31,14:55:21,11.52,-0.01,526,606435,卖盘
32,14:55:18,11.53,--,40,46120,买盘
33,14:55:15,11.53,--,30,34590,买盘
34,14:55:12,11.53,--,31,35743,买盘
35,14:55:09,11.53,--,268,309004,买盘
36,14:55:03,11.53,--,11,12683,买盘
37,14:55:00,11.53,--,113,130289,买盘
38,14:54:57,11.53,--,118,136054,买盘
39,14:54:54,11.53,--,12,13836,买盘
40,14:54:48,11.53,--,43,49579,买盘
41,14:54:45,11.53,--,120,139028,卖盘
42,14:54:42,11.53,--,30,34590,卖盘
43,14:54:39,11.53,--,30,34590,卖盘
44,14:54:36,11.53,-0.01,79,91087,卖盘
45,14:54:33,11.54,0.01,1,1154,买盘
46,14:54:30,11.53,-0.01,10,11530,卖盘
47,14:54:27,11.54,--,23,26541,买盘
48,14:54:24,11.54,0.01,10,11540,买盘
49,14:54:18,11.53,--,11,12683,卖盘
50,14:54:15,11.53,0.01,52,60440,买盘
51,14:54:12,11.52,--,10,11520,卖盘
52,14:54:09,11.52,--,25,28800,卖盘
53,14:54:06,11.52,-0.01,1,1152,卖盘
54,14:54:03,11.53,--,101,116453,买盘
55,14:54:00,11.53,--,124,142972,买盘
56,14:53:57,11.53,--,19,21907,买盘
57,14:53:54,11.53,-0.01,150,172950,卖盘
58,14:53:51,11.54,--,372,429980,买盘
59,14:53:45,11.54,0.01,177,204257,买盘
60,14:53:42,11.53,-0.01,67,77251,卖盘
61,14:53:39,11.54,0.01,71,81934,买盘
62,14:53:33,11.53,--,500,576500,卖盘
63,14:53:30,11.53,--,60,69180,卖盘
64,14:53:27,11.53,-0.01,15,17295,卖盘
65,14:53:21,11.54,0.01,3,3461,买盘
66,14:53:18,11.53,--,1,1153,卖盘
67,14:53:15,11.53,--,4,4612,卖盘
68,14:53:12,11.53,--,1,1153,卖盘
69,14:53:09,11.53,--,69,79557,卖盘
70,14:53:06,11.53,--,69,79557,卖盘
71,14:53:03,11.53,--,24,27672,卖盘
72,14:52:57,11.53,--,200,230600,卖盘
73,14:52:54,11.53,--,100,115300,卖盘
74,14:52:51,11.53,--,11,12683,卖盘
75,14:52:48,11.53,--,14,16142,卖盘
76,14:52:42,11.53,--,51,58803,卖盘
77,14:52:39,11.53,--,33,38049,卖盘
78,14:52:36,11.53,--,25,28825,卖盘
79,14:52:30,11.53,--,90,103770,卖盘
80,14:52:27,11.53,-0.01,42,48426,卖盘
81,14:52:24,11.54,0.01,16,18464,买盘
82,14:52:21,11.53,-0.01,35,40355,卖盘
83,14:52:15,11.54,0.01,18,20772,买盘
84,14:52:12,11.53,-0.01,4,4612,卖盘
85,14:52:09,11.54,0.01,10,11540,买盘
86,14:52:06,11.53,-0.01,14,16142,卖盘
87,14:52:03,11.54,0.01,7,8077,买盘
88,14:52:00,11.53,--,200,230600,卖盘
89,14:51:57,11.53,-0.01,30,34590,卖盘
90,14:51:48,11.54,0.01,123,141942,买盘
91,14:51:42,11.53,--,7,8071,卖盘
92,14:51:39,11.53,--,14,16142,卖盘
93,14:51:36,11.53,-0.01,32,36896,卖盘
94,14:51:33,11.54,0.01,111,128093,买盘
95,14:51:30,11.53,--,215,247895,卖盘
96,14:51:27,11.53,--,192,221376,卖盘
97,14:51:18,11.53,--,3,3459,卖盘
98,14:51:15,11.53,--,16,18448,卖盘
99,14:51:09,11.53,-0.01,36,41508,卖盘
100,14:51:06,11.54,--,13,15001,买盘
101,14:51:03,11.54,0.01,151,174254,买盘
102,14:51:00,11.53,--,70,80710,卖盘
103,14:50:57,11.53,--,90,103770,卖盘
104,14:50:54,11.53,--,87,100311,卖盘
105,14:50:51,11.53,--,35,40355,卖盘
106,14:50:48,11.53,--,22,25366,卖盘
107,14:50:45,11.53,--,21,24213,卖盘
108,14:50:42,11.53,--,48,55344,卖盘
109,14:50:39,11.53,--,248,285944,卖盘
110,14:50:36,11.53,--,215,247895,卖盘
111,14:50:33,11.53,--,1,1153,卖盘
112,14:50:30,11.53,--,3,3459,卖盘
113,14:50:27,11.53,--,25,28825,卖盘
114,14:50:21,11.53,--,38,43814,卖盘
115,14:50:18,11.53,--,10,11530,卖盘
116,14:50:15,11.53,--,1000,1153000,卖盘
117,14:50:09,11.53,-0.01,61,70333,卖盘
118,14:50:03,11.54,--,45,52391,买盘
119,14:49:57,11.54,--,20,23080,买盘
120,14:49:54,11.54,--,408,470831,买盘
121,14:49:51,11.54,--,46,53083,买盘
122,14:49:48,11.54,--,6,6923,买盘
123,14:49:45,11.54,0.01,1,1154,买盘
124,14:49:42,11.53,--,146,168338,卖盘
125,14:49:39,11.53,-0.01,19,21907,卖盘
126,14:49:36,11.54,0.01,3,3461,买盘
127,14:49:33,11.53,-0.01,10,11530,卖盘
128,14:49:24,11.54,--,13,15001,买盘
129,14:49:21,11.54,0.01,16,18464,买盘
130,14:49:18,11.53,-0.01,3,3459,卖盘
131,14:49:15,11.54,--,34,39236,买盘
132,14:49:12,11.54,--,11,12693,买盘
133,14:49:09,11.54,--,328,378869,卖盘
134,14:49:06,11.54,-0.01,428,493911,卖盘
135,14:49:03,11.55,0.01,9,10395,买盘
136,14:49:00,11.54,--,10,11540,卖盘
137,14:48:57,11.54,--,44,50775,卖盘
138,14:48:54,11.54,-0.01,3,3461,卖盘
139,14:48:51,11.55,0.01,62,71610,买盘
140,14:48:48,11.54,--,20,23080,卖盘
141,14:48:42,11.54,--,10,11540,卖盘
142,14:48:39,11.54,--,35,40390,卖盘
143,14:48:36,11.54,-0.01,5,5770,卖盘
144,14:48:33,11.55,--,8,9240,买盘
145,14:48:30,11.55,0.01,5,5775,买盘
146,14:48:27,11.54,-0.01,16,18464,卖盘
147,14:48:24,11.55,--,2,2310,买盘
148,14:48:15,11.55,--,6,6930,买盘
149,14:48:12,11.55,--,10,11550,买盘
150,14:48:09,11.55,--,7,8085,买盘
151,14:48:06,11.55,--,1,1155,买盘
152,14:48:03,11.55,0.01,8,9240,买盘
153,14:48:00,11.54,-0.01,28,32311,卖盘
154,14:47:57,11.55,0.01,100,115500,买盘
155,14:47:54,11.54,--,4,4616,卖盘
156,14:47:48,11.54,-0.01,5,5770,卖盘
157,14:47:45,11.55,--,30,34650,买盘
158,14:47:42,11.55,--,32,36960,买盘
159,14:47:33,11.55,--,13,15015,买盘
160,14:47:09,11.55,0.01,5,5775,买盘
161,14:47:06,11.54,-0.01,258,297732,卖盘
162,14:47:03,11.55,--,8,9240,买盘
163,14:46:57,11.55,--,19,21945,买盘
164,14:46:51,11.55,--,32,36960,买盘
165,14:46:48,11.55,--,44,50820,买盘
166,14:46:42,11.55,--,40,46200,买盘
167,14:46:39,11.55,--,20,23100,买盘
168,14:46:36,11.55,--,9,10395,买盘
169,14:46:30,11.55,0.01,2,2310,买盘
170,14:46:27,11.54,--,85,98090,卖盘
171,14:46:24,11.54,--,48,55391,卖盘
172,14:46:21,11.54,-0.01,64,73856,卖盘
173,14:46:15,11.55,0.01,20,23100,买盘
174,14:46:12,11.54,-0.01,36,41544,卖盘
175,14:46:09,11.55,--,61,70455,买盘
176,14:46:06,11.55,--,3,3465,买盘
177,14:46:03,11.55,--,45,51975,买盘
178,14:46:00,11.55,--,3,3465,买盘
179,14:45:57,11.55,--,100,115500,买盘
180,14:45:54,11.55,0.01,14,16170,买盘
181,14:45:51,11.54,-0.01,28,32311,卖盘
182,14:45:42,11.55,--,10,11550,买盘
183,14:45:39,11.55,0.01,19,21945,买盘
184,14:45:36,11.54,-0.01,27,31157,卖盘
185,14:45:33,11.55,0.01,28,32340,买盘
186,14:45:30,11.54,-0.01,11,12693,卖盘
187,14:45:18,11.55,--,20,23100,买盘
188,14:45:15,11.55,--,2,2310,买盘
189,14:45:12,11.55,--,2,2310,买盘
190,14:45:09,11.55,--,4,4620,买盘
191,14:45:06,11.55,--,36,41580,买盘
192,14:45:03,11.55,--,8,9240,买盘
193,14:44:48,11.55,--,5,5775,买盘
194,14:44:39,11.55,--,8,9240,买盘
195,14:44:36,11.55,--,48,55440,买盘
196,14:44:33,11.55,--,32,36960,买盘
197,14:44:30,11.55,--,1,1155,买盘
198,14:44:27,11.55,0.01,96,110880,买盘
199,14:44:24,11.54,--,1,1154,卖盘
200,14:44:21,11.54,--,1,1154,卖盘
201,14:44:15,11.54,-0.01,20,23080,卖盘
202,14:44:12,11.55,--,22,25410,买盘
203,14:44:09,11.55,--,2,2310,买盘
204,14:44:06,11.55,--,103,118965,买盘
205,14:44:03,11.55,0.01,119,137445,买盘
206,14:43:57,11.54,--,13,15001,卖盘
207,14:43:54,11.54,--,30,34620,卖盘
208,14:43:51,11.54,--,2,2308,卖盘
209,14:43:42,11.54,--,6,6923,卖盘
210,14:43:39,11.54,-0.01,3,3461,卖盘
211,14:43:36,11.55,--,3,3465,买盘
212,14:43:30,11.55,0.01,50,57750,买盘
213,14:43:27,11.54,--,40,46160,卖盘
214,14:43:24,11.54,--,3,3461,卖盘
215,14:43:21,11.54,--,70,80780,卖盘
216,14:43:18,11.54,0.01,27,31954,买盘
217,14:43:12,11.53,-0.01,4,4612,卖盘
218,14:43:09,11.54,--,1,1154,买盘
219,14:43:06,11.54,-0.01,222,256545,卖盘
220,14:43:03,11.55,0.01,26,30030,买盘
221,14:42:54,11.54,--,20,23080,卖盘
222,14:42:51,11.54,--,18,20772,卖盘
223,14:42:48,11.54,-0.01,3,3461,卖盘
224,14:42:45,11.55,0.01,3,3465,买盘
225,14:42:42,11.54,--,200,230799,卖盘
226,14:42:33,11.54,--,17,19618,卖盘
227,14:42:27,11.54,--,200,230799,卖盘
228,14:42:24,11.54,--,19,21926,卖盘
229,14:42:15,11.54,--,40,46160,卖盘
230,14:42:09,11.54,-0.01,4,4616,卖盘
231,14:42:06,11.55,--,30,34650,买盘
232,14:42:03,11.55,0.01,9,10395,买盘
233,14:41:57,11.54,--,10,11540,卖盘
234,14:41:54,11.54,--,24,27695,卖盘
235,14:41:51,11.54,-0.01,4,4616,卖盘
236,14:41:48,11.55,0.01,5,5775,买盘
237,14:41:42,11.54,--,1,1154,卖盘
238,14:41:39,11.54,--,59,68086,卖盘
239,14:41:36,11.54,-0.01,204,235877,卖盘
240,14:41:33,11.55,--,20,23100,买盘
241,14:41:30,11.55,0.01,39,45045,买盘
242,14:41:27,11.54,-0.01,45,51929,卖盘
243,14:41:24,11.55,0.01,16,18480,买盘
244,14:41:12,11.54,-0.01,3,3461,卖盘
245,14:41:09,11.55,--,1,1155,买盘
246,14:41:06,11.55,--,2,2310,买盘
247,14:41:03,11.55,--,139,160545,卖盘
248,14:41:00,11.55,-0.01,30,34650,卖盘
249,14:40:57,11.56,0.01,42,48552,买盘
250,14:40:54,11.55,--,50,57750,卖盘
251,14:40:48,11.55,--,9,10395,卖盘
252,14:40:45,11.55,--,12,13860,卖盘
253,14:40:39,11.55,--,50,57750,卖盘
254,14:40:36,11.55,--,1,1155,卖盘
255,14:40:30,11.55,--,3,3465,卖盘
256,14:40:21,11.55,--,4,4620,卖盘
257,14:40:09,11.55,-0.01,10,11550,卖盘
258,14:40:06,11.56,--,27,31212,买盘
259,14:40:03,11.56,--,12,13872,买盘
260,14:40:00,11.56,--,13,15028,买盘
261,14:39:48,11.56,0.02,94,108664,买盘
262,14:39:45,11.54,-0.02,929,1072066,卖盘
263,14:39:42,11.56,0.01,6,6936,买盘
264,14:39:39,11.55,--,20,23100,卖盘
265,14:39:36,11.55,--,21,24255,卖盘
266,14:39:33,11.55,--,133,153615,卖盘
267,14:39:30,11.55,--,20,23100,卖盘
268,14:39:24,11.55,-0.01,60,69300,卖盘
269,14:39:09,11.56,0.01,1,1156,买盘
270,14:39:06,11.55,-0.01,18,20790,卖盘
271,14:39:03,11.56,--,42,48552,买盘
272,14:39:00,11.56,--,51,58956,买盘
273,14:38:57,11.56,0.01,10,11560,买盘
274,14:38:54,11.55,-0.01,4,4620,卖盘
275,14:38:33,11.56,0.01,19,21964,买盘
276,14:38:27,11.55,--,16,18480,卖盘
277,14:38:12,11.55,--,5,5775,卖盘
278,14:38:09,11.55,-0.01,6,6930,卖盘
279,14:38:06,11.56,--,1,1156,买盘
280,14:38:03,11.56,0.02,18,20808,买盘
281,14:38:00,11.54,-0.02,10,11540,卖盘
282,14:37:57,11.56,--,3,3468,买盘
283,14:37:54,11.56,--,49,56644,买盘
284,14:37:51,11.56,0.01,25,28900,买盘
285,14:37:45,11.55,0.01,3,3465,中性盘
286,14:37:39,11.54,--,31,35774,卖盘
287,14:37:30,11.54,-0.02,105,121169,卖盘
288,14:37:18,11.56,0.01,152,176405,买盘
289,14:37:15,11.55,--,305,352737,买盘
290,14:37:09,11.55,--,16,18480,买盘
291,14:37:06,11.55,--,103,118965,买盘
292,14:37:03,11.55,--,84,97020,买盘
293,14:37:00,11.55,0.01,347,401119,买盘
294,14:36:57,11.54,-0.01,5,5770,卖盘
295,14:36:54,11.55,--,10,11550,买盘
296,14:36:51,11.55,--,2,2310,买盘
297,14:36:42,11.55,0.01,67,77385,买盘
298,14:36:39,11.54,-0.01,36,41544,卖盘
299,14:36:36,11.55,--,121,139755,买盘
300,14:36:24,11.55,--,21,24255,买盘
301,14:36:21,11.55,0.01,2,2310,买盘
302,14:36:18,11.54,-0.01,31,35774,卖盘
303,14:36:15,11.55,--,37,42735,买盘
304,14:36:06,11.55,--,51,58905,买盘
305,14:36:03,11.55,0.01,1,1155,买盘
306,14:36:00,11.54,-0.01,35,40390,卖盘
307,14:35:51,11.55,--,50,57750,买盘
308,14:35:48,11.55,--,15,17325,买盘
309,14:35:45,11.55,--,50,57750,买盘
310,14:35:42,11.55,--,18,20790,买盘
311,14:35:39,11.55,0.01,37,42735,买盘
312,14:35:36,11.54,-0.01,11,12693,卖盘
313,14:35:30,11.55,0.01,117,135135,买盘
314,14:35:27,11.54,-0.01,3,3461,卖盘
315,14:35:21,11.55,0.01,1,1155,买盘
316,14:35:09,11.54,--,117,135018,买盘
317,14:35:06,11.54,--,254,293116,买盘
318,14:35:03,11.54,--,29,33466,买盘
319,14:35:00,11.54,--,14,16155,卖盘
320,14:34:57,11.54,--,229,264266,买盘
321,14:34:54,11.54,--,771,889733,卖盘
322,14:34:51,11.54,--,1,1154,卖盘
323,14:34:48,11.54,-0.01,19,21926,卖盘
324,14:34:45,11.55,--,29,33495,买盘
325,14:34:42,11.55,--,8,9240,买盘
326,14:34:39,11.55,0.01,38,43890,买盘
327,14:34:36,11.54,--,56,64623,卖盘
328,14:34:33,11.54,-0.01,100,115399,卖盘
329,14:34:27,11.55,0.01,70,80850,买盘
330,14:34:24,11.54,-0.01,50,57699,卖盘
331,14:34:21,11.55,--,7,8085,买盘
332,14:34:15,11.55,0.01,22,25410,买盘
333,14:34:12,11.54,-0.01,1,1154,卖盘
334,14:34:09,11.55,-0.01,63,72765,卖盘
335,14:34:06,11.56,0.01,3,3468,买盘
336,14:34:03,11.55,--,8,9240,买盘
337,14:34:00,11.55,0.01,72,83160,买盘
338,14:33:57,11.54,0.01,523,603542,买盘
339,14:33:51,11.53,-0.01,129,148737,卖盘
340,14:33:48,11.54,0.01,30,34620,买盘
341,14:33:45,11.53,-0.01,5,5765,卖盘
342,14:33:42,11.54,--,32,36928,买盘
343,14:33:39,11.54,--,250,288500,买盘
344,14:33:36,11.54,0.01,226,260803,买盘
345,14:33:33,11.53,--,3,3459,卖盘
346,14:33:30,11.53,--,81,93393,卖盘
347,14:33:27,11.53,-0.01,16,18448,卖盘
348,14:33:21,11.54,--,14,16155,买盘
349,14:33:18,11.54,0.01,3,3461,买盘
350,14:33:09,11.53,--,9,10377,卖盘
351,14:33:06,11.53,--,85,98005,卖盘
352,14:33:00,11.53,-0.01,62,71486,卖盘
353,14:32:57,11.54,--,10,11540,买盘
354,14:32:54,11.54,--,12,13847,买盘
355,14:32:51,11.54,--,100,115399,买盘
356,14:32:48,11.54,0.01,40,46160,买盘
357,14:32:45,11.53,--,1,1153,卖盘
358,14:32:39,11.53,--,35,40355,卖盘
359,14:32:36,11.53,-0.01,4,4612,卖盘
360,14:32:33,11.54,0.01,5,5770,买盘
361,14:32:30,11.53,-0.01,56,64568,卖盘
362,14:32:27,11.54,--,2,2308,买盘
363,14:32:24,11.54,0.01,48,55391,买盘
364,14:32:21,11.53,-0.01,41,47273,卖盘
365,14:32:18,11.54,--,14,16155,买盘
366,14:32:09,11.54,--,2,2308,买盘
367,14:32:06,11.54,--,3,3461,买盘
368,14:32:00,11.54,--,11,12693,买盘
369,14:31:57,11.54,--,14,16155,买盘
370,14:31:54,11.54,--,10,11540,买盘
371,14:31:51,11.54,--,14,16155,买盘
372,14:31:48,11.54,--,7,8077,买盘
373,14:31:45,11.54,--,10,11540,买盘
374,14:31:33,11.54,--,14,16155,买盘
375,14:31:30,11.54,--,2,2308,买盘
376,14:31:24,11.54,--,1,1154,买盘
377,14:31:21,11.54,--,24,27695,买盘
378,14:31:15,11.54,--,16,18464,买盘
379,14:31:12,11.54,0.01,1065,1229010,买盘
380,14:31:09,11.53,-0.01,93,107229,卖盘
381,14:31:06,11.54,--,4,4616,买盘
382,14:31:03,11.54,0.01,2,2308,买盘
383,14:31:00,11.53,--,29,33437,卖盘
384,14:30:57,11.53,-0.01,10,11530,卖盘
385,14:30:54,11.54,0.01,200,230799,买盘
386,14:30:48,11.53,--,483,556899,卖盘
387,14:30:45,11.53,--,40,46120,卖盘
388,14:30:42,11.53,-0.01,30,34590,卖盘
389,14:30:39,11.54,0.01,91,105013,买盘
390,14:30:36,11.53,-0.01,5,5765,卖盘
391,14:30:33,11.54,--,5,5770,买盘
392,14:30:27,11.54,--,5,5770,买盘
393,14:30:21,11.54,--,9,10386,买盘
394,14:30:18,11.54,--,1,1154,买盘
395,14:30:15,11.54,--,211,243493,卖盘
396,14:30:12,11.54,-0.01,183,211181,卖盘
397,14:30:09,11.55,0.01,1,1155,买盘
398,14:30:06,11.54,--,25,28849,卖盘
399,14:30:03,11.54,--,3,3461,卖盘
400,14:29:54,11.54,--,3,3461,卖盘
401,14:29:51,11.54,--,18,20772,卖盘
402,14:29:48,11.54,--,1,1154,卖盘
403,14:29:33,11.54,-0.01,4,4616,卖盘
404,14:29:30,11.55,0.01,20,23100,买盘
405,14:29:27,11.54,--,592,683168,卖盘
406,14:29:24,11.54,--,5,5770,卖盘
407,14:29:21,11.54,-0.01,24,27695,卖盘
408,14:29:12,11.55,--,23,26565,买盘
409,14:29:09,11.55,--,2,2310,买盘
410,14:29:06,11.55,--,1,1155,买盘
411,14:29:00,11.55,--,446,515130,卖盘
412,14:28:57,11.55,--,5,5775,卖盘
413,14:28:51,11.55,-0.01,1,1155,卖盘
414,14:28:48,11.56,0.01,14,16184,买盘
415,14:28:42,11.55,--,26,30030,卖盘
416,14:28:39,11.55,-0.01,1,1155,卖盘
417,14:28:36,11.56,--,19,21964,买盘
418,14:28:33,11.56,0.01,13,15028,买盘
419,14:28:24,11.55,--,2,2310,卖盘
420,14:28:21,11.55,-0.01,27,31185,卖盘
421,14:28:18,11.56,0.01,224,258944,买盘
422,14:28:15,11.55,-0.01,18,20790,卖盘
423,14:28:09,11.56,-0.02,419,484364,卖盘
424,14:28:06,11.58,--,1,1158,买盘
425,14:28:03,11.58,0.02,350,405300,买盘
426,14:28:00,11.56,--,25,28900,卖盘
427,14:27:54,11.56,0.01,15,17340,买盘
428,14:27:51,11.55,-0.01,15,17325,卖盘
429,14:27:48,11.56,--,500,578000,买盘
430,14:27:39,11.56,0.01,7,8092,买盘
431,14:27:30,11.55,-0.01,8,9240,卖盘
432,14:27:24,11.56,0.01,3,3468,买盘
433,14:27:12,11.55,-0.01,4,4620,卖盘
434,14:27:09,11.56,--,8,9248,买盘
435,14:27:03,11.56,0.01,2,2312,买盘
436,14:27:00,11.55,-0.01,18,20790,卖盘
437,14:26:54,11.56,--,20,23120,买盘
438,14:26:51,11.56,--,40,46240,买盘
439,14:26:45,11.56,--,5,5780,买盘
440,14:26:42,11.56,0.01,22,25432,买盘
441,14:26:39,11.55,--,10,11550,卖盘
442,14:26:27,11.55,--,20,23100,卖盘
443,14:26:24,11.55,-0.01,1,1155,卖盘
444,14:26:21,11.56,0.01,105,121380,买盘
445,14:26:15,11.55,-0.01,4,4620,卖盘
446,14:26:09,11.56,--,8,9248,买盘
447,14:26:06,11.56,--,91,105196,买盘
448,14:26:03,11.56,0.01,31,35836,买盘
449,14:25:54,11.55,-0.01,2,2310,卖盘
450,14:25:48,11.56,0.01,43,49708,买盘
451,14:25:45,11.55,-0.01,29,33495,卖盘
452,14:25:42,11.56,--,93,107508,买盘
453,14:25:39,11.56,--,28,32368,买盘
454,14:25:24,11.56,--,26,30056,买盘
455,14:25:21,11.56,--,165,190740,买盘
456,14:25:15,11.56,0.01,23,26588,买盘
457,14:25:12,11.55,-0.01,2,2310,卖盘
458,14:25:09,11.56,--,10,11560,买盘
459,14:25:06,11.56,0.01,3,3468,买盘
460,14:25:03,11.55,-0.01,31,35805,卖盘
461,14:25:00,11.56,0.01,1,1156,买盘
462,14:24:57,11.55,--,1,1155,卖盘
463,14:24:54,11.55,-0.01,2,2310,卖盘
464,14:24:48,11.56,0.01,10,11560,买盘
465,14:24:45,11.55,-0.01,4,4620,卖盘
466,14:24:42,11.56,--,273,315588,买盘
467,14:24:33,11.56,-0.02,91,105196,卖盘
468,14:24:24,11.58,0.01,31,35898,买盘
469,14:24:18,11.57,--,7,8099,买盘
470,14:24:15,11.57,--,56,64792,买盘
471,14:24:12,11.57,0.01,2,2314,中性盘
472,14:24:09,11.56,--,5,5780,卖盘
473,14:24:06,11.56,-0.02,2,2312,卖盘
474,14:24:03,11.58,--,27,31266,买盘
475,14:23:57,11.58,--,99,114642,买盘
476,14:23:48,11.58,0.02,260,301080,买盘
477,14:23:45,11.56,--,2,2312,买盘
478,14:23:42,11.56,0.01,31,35836,买盘
479,14:23:39,11.55,-0.01,93,107415,卖盘
480,14:23:36,11.56,0.01,3,3468,买盘
481,14:23:33,11.55,-0.01,22,25410,卖盘
482,14:23:27,11.56,--,11,12716,买盘
483,14:23:21,11.56,--,50,57800,买盘
484,14:23:18,11.56,--,67,77452,买盘
485,14:23:15,11.56,0.01,15,17340,买盘
486,14:23:09,11.55,--,29,34280,买盘
487,14:23:06,11.55,--,28,32340,买盘
488,14:23:03,11.55,--,42,48879,卖盘
489,14:23:00,11.55,--,17,20420,买盘
490,14:22:57,11.55,--,17,19635,买盘
491,14:22:54,11.55,0.01,5,5775,买盘
492,14:22:51,11.54,-0.01,13,15001,卖盘
493,14:22:48,11.55,0.01,39,45045,买盘
494,14:22:45,11.54,--,1,1154,卖盘
495,14:22:42,11.54,--,335,386590,买盘
496,14:22:39,11.54,--,330,380820,买盘
497,14:22:36,11.54,--,8,9232,买盘
498,14:22:33,11.54,--,43,49621,买盘
499,14:22:30,11.54,0.01,20,23080,买盘
500,14:22:27,11.53,-0.01,10,11530,卖盘
501,14:22:24,11.54,--,22,25387,买盘
502,14:22:21,11.54,0.01,3,3461,买盘
503,14:22:18,11.53,--,8,9224,卖盘
504,14:22:12,11.53,-0.01,5,5765,卖盘
505,14:22:09,11.54,--,1,1154,买盘
506,14:22:06,11.54,0.01,1,1154,买盘
507,14:22:00,11.53,--,101,116453,卖盘
508,14:21:45,11.53,--,25,28825,卖盘
509,14:21:42,11.53,-0.01,15,17295,卖盘
510,14:21:36,11.54,--,11,12693,买盘
511,14:21:27,11.54,--,85,98090,买盘
512,14:21:21,11.54,--,2,2308,买盘
513,14:21:18,11.54,0.01,6,6923,买盘
514,14:21:15,11.53,--,20,23060,卖盘
515,14:21:12,11.53,-0.01,11,12683,卖盘
516,14:21:09,11.54,--,1,1154,买盘
517,14:21:06,11.54,--,14,16155,买盘
518,14:21:03,11.54,--,94,108475,买盘
519,14:21:00,11.54,-0.01,10,11540,买盘
520,14:20:54,11.55,0.01,8,9240,买盘
521,14:20:51,11.54,--,30,34620,买盘
522,14:20:48,11.54,0.02,1,1154,买盘
523,14:20:45,11.52,-0.02,5,5760,卖盘
524,14:20:39,11.54,0.01,86,99243,买盘
525,14:20:36,11.53,0.01,15,17295,买盘
526,14:20:33,11.52,--,21,24192,卖盘
527,14:20:30,11.52,-0.01,19,21888,卖盘
528,14:20:27,11.53,0.01,1,1153,买盘
529,14:20:24,11.52,--,35,40320,卖盘
530,14:20:21,11.52,--,6,6912,卖盘
531,14:20:18,11.52,-0.01,25,28800,卖盘
532,14:20:15,11.53,0.01,13,14989,买盘
533,14:20:12,11.52,-0.01,10,11520,卖盘
534,14:20:09,11.53,--,99,114147,买盘
535,14:20:06,11.53,--,42,48426,买盘
536,14:20:03,11.53,0.01,5,5765,买盘
537,14:20:00,11.52,--,146,168192,卖盘
538,14:19:54,11.52,--,11,12672,卖盘
539,14:19:51,11.52,-0.01,9,10368,卖盘
540,14:19:48,11.53,--,26,29978,卖盘
541,14:19:45,11.53,--,57,65721,卖盘
542,14:19:42,11.53,--,10,11530,卖盘
543,14:19:39,11.53,--,10,11530,卖盘
544,14:19:36,11.53,0.01,21,24213,买盘
545,14:19:33,11.52,-0.01,38,43776,卖盘
546,14:19:30,11.53,--,10,11530,买盘
547,14:19:27,11.53,0.01,80,92240,买盘
548,14:19:21,11.52,-0.01,481,554112,卖盘
549,14:19:18,11.53,--,62,71486,买盘
550,14:19:15,11.53,0.01,110,126830,买盘
551,14:19:12,11.52,-0.01,333,383616,卖盘
552,14:19:09,11.53,--,2,2306,买盘
553,14:19:06,11.53,--,1,1153,买盘
554,14:19:03,11.53,--,102,117606,买盘
555,14:19:00,11.53,0.01,10,11530,买盘
556,14:18:54,11.52,-0.01,1,1152,卖盘
557,14:18:51,11.53,0.01,20,23060,买盘
558,14:18:48,11.52,--,35,40320,卖盘
559,14:18:39,11.52,-0.01,3,3456,卖盘
560,14:18:36,11.53,0.01,6,6918,买盘
561,14:18:33,11.52,-0.01,49,56448,卖盘
562,14:18:30,11.53,-0.01,394,454282,卖盘
563,14:18:27,11.54,0.01,2,2308,买盘
564,14:18:24,11.53,-0.01,4,4612,卖盘
565,14:18:21,11.54,0.01,1,1154,买盘
566,14:18:18,11.53,--,1,1153,卖盘
567,14:18:15,11.53,-0.01,1,1153,卖盘
568,14:18:12,11.54,0.01,1,1154,买盘
569,14:18:09,11.53,-0.01,2,2306,卖盘
570,14:18:06,11.54,0.01,2,2308,买盘
571,14:18:00,11.53,--,5,5765,卖盘
572,14:17:57,11.53,--,60,69180,卖盘
573,14:17:54,11.53,--,5,5765,卖盘
574,14:17:48,11.53,-0.01,30,34590,卖盘
575,14:17:42,11.54,0.01,9,10386,买盘
576,14:17:39,11.53,--,40,46120,卖盘
577,14:17:33,11.53,--,13,14989,卖盘
578,14:17:30,11.53,--,10,11530,卖盘
579,14:17:21,11.53,--,110,126830,卖盘
580,14:17:18,11.53,--,3,3459,卖盘
581,14:17:15,11.53,--,136,156808,买盘
582,14:17:12,11.53,--,77,88781,卖盘
583,14:17:09,11.53,-0.01,5,5765,卖盘
584,14:17:06,11.54,0.01,6,6923,买盘
585,14:16:57,11.53,-0.01,2,2306,卖盘
586,14:16:54,11.54,0.01,20,23080,买盘
587,14:16:48,11.53,-0.01,1,1153,卖盘
588,14:16:45,11.54,0.01,59,68086,买盘
589,14:16:42,11.53,--,127,146431,卖盘
590,14:16:39,11.53,--,16,18448,卖盘
591,14:16:36,11.53,-0.01,320,368960,卖盘
592,14:16:33,11.54,--,92,106167,买盘
593,14:16:30,11.54,0.01,347,400437,买盘
594,14:16:15,11.53,-0.01,6,6918,卖盘
595,14:16:12,11.54,0.01,4,4616,买盘
596,14:16:09,11.53,--,10,11530,卖盘
597,14:16:06,11.53,--,1,1153,卖盘
598,14:16:03,11.53,--,211,243283,卖盘
599,14:16:00,11.53,--,4,4612,卖盘
600,14:15:57,11.53,--,2194,2529682,卖盘
601,14:15:54,11.53,-0.01,24,27672,卖盘
602,14:15:51,11.54,0.01,3,3461,买盘
603,14:15:45,11.53,-0.01,23,26519,卖盘
604,14:15:42,11.54,0.01,1,1154,买盘
605,14:15:39,11.53,--,130,149890,卖盘
606,14:15:36,11.53,--,33,38049,卖盘
607,14:15:33,11.53,-0.01,20,23060,卖盘
608,14:15:30,11.54,--,5,5770,买盘
609,14:15:27,11.54,--,26,30003,买盘
610,14:15:21,11.54,-0.01,614,708925,卖盘
611,14:15:18,11.55,0.01,10,11550,买盘
612,14:15:09,11.54,-0.01,51,58853,卖盘
613,14:15:06,11.55,--,2,2310,买盘
614,14:15:03,11.55,--,1,1155,买盘
615,14:14:57,11.55,0.01,32,36960,买盘
616,14:14:54,11.54,-0.01,4,4616,卖盘
617,14:14:51,11.55,0.01,5,5775,买盘
618,14:14:48,11.54,--,1,1154,卖盘
619,14:14:45,11.54,-0.01,4,4616,卖盘
620,14:14:39,11.55,--,627,724185,卖盘
621,14:14:36,11.55,-0.01,1,1155,卖盘
622,14:14:33,11.56,0.01,1,1156,买盘
623,14:14:24,11.55,--,16,18480,卖盘
624,14:14:21,11.55,0.01,576,665280,买盘
625,14:14:18,11.54,--,7,8077,卖盘
626,14:14:15,11.54,--,1,1154,卖盘
627,14:14:06,11.54,-0.01,136,156944,卖盘
628,14:13:57,11.55,0.01,11,12705,买盘
629,14:13:54,11.54,--,5,5770,卖盘
630,14:13:51,11.54,--,4,4616,卖盘
631,14:13:45,11.54,--,20,23080,卖盘
632,14:13:39,11.54,--,15,18094,卖盘
633,14:13:36,11.54,--,17,19618,卖盘
634,14:13:33,11.54,-0.01,28,32311,卖盘
635,14:13:30,11.55,--,10,11550,买盘
636,14:13:27,11.55,0.01,7,8085,买盘
637,14:13:24,11.54,-0.01,21,24234,卖盘
638,14:13:18,11.55,0.01,45,51975,买盘
639,14:13:12,11.54,--,37,42698,卖盘
640,14:13:09,11.54,-0.01,24,27695,卖盘
641,14:13:03,11.55,--,1026,1185030,买盘
642,14:13:00,11.55,0.01,51,58905,买盘
643,14:12:57,11.54,--,2,2308,卖盘
644,14:12:54,11.54,--,17,19618,卖盘
645,14:12:51,11.54,--,1,1154,卖盘
646,14:12:48,11.54,-0.01,37,42698,卖盘
647,14:12:45,11.55,-0.01,3,3465,买盘
648,14:12:39,11.56,0.01,18,20808,买盘
649,14:12:27,11.55,0.01,2,2310,买盘
650,14:12:24,11.54,--,1,1154,卖盘
651,14:12:18,11.54,-0.02,64,73856,卖盘
652,14:12:15,11.56,--,308,356048,买盘
653,14:12:06,11.56,-0.01,10,11560,卖盘
654,14:12:03,11.57,0.02,1,1157,买盘
655,14:11:45,11.55,--,32,36960,卖盘
656,14:11:42,11.55,--,45,51975,卖盘
657,14:11:39,11.55,-0.02,1,1155,卖盘
658,14:11:33,11.57,0.02,1,1157,买盘
659,14:11:27,11.55,-0.02,7,8085,卖盘
660,14:11:21,11.57,0.02,25,28925,买盘
661,14:11:18,11.55,0.01,443,511665,卖盘
662,14:11:15,11.54,-0.01,2129,2456866,卖盘
663,14:11:12,11.55,-0.01,182,210210,卖盘
664,14:11:09,11.56,0.01,3,3468,买盘
665,14:11:06,11.55,-0.01,8,9240,卖盘
666,14:11:03,11.56,0.01,3,3468,买盘
667,14:10:57,11.55,--,200,231000,卖盘
668,14:10:54,11.55,--,1,1155,卖盘
669,14:10:48,11.55,--,1,1155,卖盘
670,14:10:42,11.55,--,46,53130,卖盘
671,14:10:39,11.55,-0.01,443,511665,卖盘
672,14:10:30,11.56,--,1,1156,卖盘
673,14:10:27,11.56,--,2,2312,卖盘
674,14:10:21,11.56,-0.01,5,5780,卖盘
675,14:10:15,11.57,--,71,82147,买盘
676,14:10:12,11.57,--,268,310076,买盘
677,14:10:09,11.57,--,33,38181,买盘
678,14:10:06,11.57,0.01,1,1157,买盘
679,14:10:03,11.56,-0.01,21,24276,卖盘
680,14:10:00,11.57,--,1,1157,买盘
681,14:09:54,11.57,--,60,69420,卖盘
682,14:09:51,11.57,--,5,5785,卖盘
683,14:09:48,11.57,--,1,1157,卖盘
684,14:09:42,11.57,--,45,52065,卖盘
685,14:09:39,11.57,-0.01,31,35867,卖盘
686,14:09:33,11.58,0.01,15,17370,买盘
687,14:09:30,11.57,--,2,2314,卖盘
688,14:09:27,11.57,-0.01,1,1157,卖盘
689,14:09:18,11.58,--,1,1158,买盘
690,14:09:15,11.58,0.01,20,23160,买盘
691,14:09:12,11.57,--,63,72891,卖盘
692,14:09:09,11.57,--,2,2314,卖盘
693,14:08:48,11.57,--,16,18512,卖盘
694,14:08:42,11.57,--,2,2314,卖盘
695,14:08:36,11.57,-0.01,20,23140,卖盘
696,14:08:33,11.58,0.01,21,24318,买盘
697,14:08:30,11.57,--,89,102973,卖盘
698,14:08:27,11.57,--,56,64792,买盘
699,14:08:09,11.57,--,19,21983,买盘
700,14:08:06,11.57,--,1,1157,买盘
701,14:08:03,11.57,0.01,20,23140,买盘
702,14:07:57,11.56,--,27,31212,卖盘
703,14:07:54,11.56,--,18,20808,卖盘
704,14:07:51,11.56,0.01,47,54332,买盘
705,14:07:48,11.55,--,2,2310,卖盘
706,14:07:45,11.55,-0.02,7,8085,卖盘
707,14:07:39,11.57,0.02,170,196690,买盘
708,14:07:36,11.55,--,572,660660,卖盘
709,14:07:30,11.55,--,6,6930,卖盘
710,14:07:27,11.55,--,26,30030,卖盘
711,14:07:24,11.55,--,25,28875,卖盘
712,14:07:21,11.55,-0.01,45,51975,卖盘
713,14:07:18,11.56,0.01,15,17340,买盘
714,14:07:15,11.55,--,24,27720,卖盘
715,14:07:12,11.55,-0.01,50,57750,卖盘
716,14:07:09,11.56,0.01,96,110976,买盘
717,14:07:06,11.55,-0.01,10,11550,卖盘
718,14:07:03,11.56,0.01,10,11560,买盘
719,14:07:00,11.55,-0.01,5,5775,卖盘
720,14:06:57,11.56,0.01,44,50864,买盘
721,14:06:51,11.55,--,45,51975,卖盘
722,14:06:48,11.55,--,5,5775,卖盘
723,14:06:42,11.55,--,8,9240,卖盘
724,14:06:39,11.55,-0.01,4,4620,卖盘
725,14:06:36,11.56,0.01,2,2312,买盘
726,14:06:30,11.55,-0.01,7,8085,卖盘
727,14:06:24,11.56,0.01,26,30056,买盘
728,14:06:21,11.55,--,49,56595,卖盘
729,14:06:18,11.55,--,7,8085,卖盘
730,14:06:12,11.55,--,10,11550,卖盘
731,14:06:09,11.55,-0.01,20,23100,卖盘
732,14:06:03,11.56,0.01,52,60112,买盘
733,14:06:00,11.55,-0.01,168,194040,卖盘
734,14:05:57,11.56,--,16,18496,买盘
735,14:05:54,11.56,--,10,11560,买盘
736,14:05:48,11.56,0.01,77,89012,买盘
737,14:05:45,11.55,--,100,115500,卖盘
738,14:05:42,11.55,-0.01,1,1155,卖盘
739,14:05:33,11.56,--,8,9248,买盘
740,14:05:27,11.56,--,3,3468,买盘
741,14:05:24,11.56,0.01,63,72828,买盘
742,14:05:21,11.55,--,195,225225,卖盘
743,14:05:18,11.55,-0.01,55,63525,卖盘
744,14:05:15,11.56,--,100,115600,买盘
745,14:05:06,11.56,0.01,10,11560,买盘
746,14:05:03,11.55,--,4,4620,卖盘
747,14:04:57,11.55,--,3,3465,卖盘
748,14:04:54,11.55,-0.01,9,10395,卖盘
749,14:04:45,11.56,0.01,33,38148,买盘
750,14:04:42,11.55,--,49,56595,卖盘
751,14:04:39,11.55,-0.01,45,51975,卖盘
752,14:04:27,11.56,0.01,10,11560,买盘
753,14:04:21,11.55,-0.01,7,8085,卖盘
754,14:04:12,11.56,0.01,1,1156,买盘
755,14:04:09,11.55,-0.01,2,2310,卖盘
756,14:04:06,11.56,--,1,1156,买盘
757,14:03:51,11.56,0.01,37,42772,买盘
758,14:03:42,11.55,--,16,18480,卖盘
759,14:03:39,11.55,-0.01,59,68145,卖盘
760,14:03:36,11.56,0.01,20,23120,买盘
761,14:03:30,11.55,--,3,3465,卖盘
762,14:03:27,11.55,--,160,184800,卖盘
763,14:03:24,11.55,-0.01,1,1155,卖盘
764,14:03:21,11.56,0.01,397,458932,买盘
765,14:03:18,11.55,--,12,13860,卖盘
766,14:03:12,11.55,--,10,11550,卖盘
767,14:03:09,11.55,-0.01,50,57750,卖盘
768,14:03:06,11.56,0.01,22,25432,买盘
769,14:03:00,11.55,--,200,231000,卖盘
770,14:02:54,11.55,-0.01,5,5775,卖盘
771,14:02:45,11.56,--,38,43928,买盘
772,14:02:39,11.56,0.01,21,24276,买盘
773,14:02:36,11.55,-0.01,88,101640,卖盘
774,14:02:33,11.56,0.01,50,57800,买盘
775,14:02:27,11.55,--,2,2310,卖盘
776,14:02:21,11.55,--,100,115500,卖盘
777,14:02:12,11.55,--,2,2310,卖盘
778,14:02:09,11.55,-0.01,31,35805,卖盘
779,14:02:06,11.56,-0.01,33,38517,卖盘
780,14:02:03,11.57,0.01,40,46280,买盘
781,14:01:57,11.56,--,15,17340,卖盘
782,14:01:51,11.56,--,58,67048,卖盘
783,14:01:48,11.56,--,58,67048,卖盘
784,14:01:45,11.56,-0.01,6,6936,卖盘
785,14:01:39,11.57,0.01,95,109915,买盘
786,14:01:36,11.56,--,31,35836,卖盘
787,14:01:33,11.56,-0.01,6,6936,卖盘
788,14:01:27,11.57,0.01,2,2314,买盘
789,14:01:21,11.56,--,3,3468,卖盘
790,14:01:18,11.56,-0.01,144,166464,卖盘
791,14:01:12,11.57,--,46,53222,买盘
792,14:01:09,11.57,0.01,1,1157,买盘
793,14:01:06,11.56,--,2,2312,卖盘
794,14:00:51,11.56,--,6,6936,卖盘
795,14:00:42,11.56,--,8,9248,卖盘
796,14:00:39,11.56,-0.01,70,80920,卖盘
797,14:00:36,11.57,-0.01,254,293878,卖盘
798,14:00:27,11.58,0.01,1,1158,买盘
799,14:00:18,11.57,-0.01,1,1157,卖盘
800,14:00:15,11.58,0.01,10,11580,买盘
801,14:00:00,11.57,--,2,2314,卖盘
802,13:59:51,11.57,--,11,12727,卖盘
803,13:59:36,11.57,--,2,2314,卖盘
804,13:59:33,11.57,--,1,1157,卖盘
805,13:59:30,11.57,--,2,2314,卖盘
806,13:59:27,11.57,--,18,20826,卖盘
807,13:59:24,11.57,--,2,2314,卖盘
808,13:59:21,11.57,--,12,13884,卖盘
809,13:59:15,11.57,--,20,23140,卖盘
810,13:59:03,11.57,--,3,3471,卖盘
811,13:58:57,11.57,--,31,35867,卖盘
812,13:58:45,11.57,--,1,1157,卖盘
813,13:58:39,11.57,--,1,1157,卖盘
814,13:58:33,11.57,--,6,6942,卖盘
815,13:58:30,11.57,--,32,37024,买盘
816,13:58:15,11.57,-0.01,28,32396,卖盘
817,13:58:09,11.58,0.01,246,284868,买盘
818,13:58:00,11.57,-0.01,1,1157,卖盘
819,13:57:45,11.58,0.01,42,48636,买盘
820,13:57:33,11.57,--,30,34710,卖盘
821,13:57:30,11.57,--,10,11570,卖盘
822,13:57:24,11.57,--,10,11570,卖盘
823,13:57:21,11.57,--,25,28925,卖盘
824,13:57:15,11.57,--,30,34710,卖盘
825,13:57:12,11.57,--,55,63635,卖盘
826,13:57:09,11.57,--,20,23140,卖盘
827,13:57:03,11.57,--,127,146939,卖盘
828,13:56:54,11.57,-0.01,5,5785,卖盘
829,13:56:42,11.58,--,6,6948,买盘
830,13:56:39,11.58,0.01,4,4632,买盘
831,13:56:27,11.57,-0.01,1,1157,卖盘
832,13:56:15,11.58,0.01,4,4632,买盘
833,13:56:03,11.57,--,20,23140,卖盘
834,13:55:57,11.57,0.01,108,124956,买盘
835,13:55:51,11.56,--,13,15028,卖盘
836,13:55:48,11.56,--,397,458932,卖盘
837,13:55:42,11.56,--,226,261256,卖盘
838,13:55:27,11.56,--,6,6936,卖盘
839,13:55:24,11.56,--,27,31212,卖盘
840,13:55:21,11.56,-0.01,13,15028,卖盘
841,13:55:18,11.57,0.01,3,3471,买盘
842,13:55:12,11.56,-0.01,1,1156,卖盘
843,13:55:09,11.57,0.01,40,46280,买盘
844,13:55:06,11.56,-0.01,1,1156,卖盘
845,13:55:03,11.57,0.01,10,11570,买盘
846,13:54:57,11.56,--,4,4624,卖盘
847,13:54:54,11.56,--,62,71672,卖盘
848,13:54:51,11.56,--,12,13872,卖盘
849,13:54:48,11.56,--,40,46240,卖盘
850,13:54:45,11.56,-0.01,42,48552,卖盘
851,13:54:39,11.57,0.01,60,69420,买盘
852,13:54:27,11.56,--,47,54332,卖盘
853,13:54:24,11.56,--,3,3468,卖盘
854,13:54:21,11.56,--,1,1156,卖盘
855,13:54:18,11.56,--,20,23120,卖盘
856,13:54:15,11.56,--,6,6936,卖盘
857,13:54:09,11.56,--,1,1156,卖盘
858,13:54:06,11.56,--,1,1156,卖盘
859,13:54:03,11.56,--,12,13872,卖盘
860,13:53:57,11.56,--,77,89012,卖盘
861,13:53:54,11.56,-0.01,15,17340,卖盘
862,13:53:51,11.57,--,3,3471,买盘
863,13:53:48,11.57,--,8,9256,买盘
864,13:53:45,11.57,0.01,13,15041,买盘
865,13:53:36,11.56,-0.01,2,2312,卖盘
866,13:53:30,11.57,--,110,127270,买盘
867,13:53:27,11.57,--,57,65949,买盘
868,13:53:24,11.57,0.01,23,26611,买盘
869,13:53:21,11.56,--,1,1156,卖盘
870,13:53:09,11.56,--,4,4624,卖盘
871,13:53:06,11.56,-0.01,42,48552,卖盘
872,13:53:03,11.57,--,1,1157,买盘
873,13:53:00,11.57,0.01,2,2314,买盘
874,13:52:54,11.56,-0.01,21,24276,卖盘
875,13:52:51,11.57,-0.01,167,193219,卖盘
876,13:52:48,11.58,0.01,51,59058,买盘
877,13:52:45,11.57,--,2,2314,卖盘
878,13:52:42,11.57,--,26,30082,卖盘
879,13:52:36,11.57,-0.01,1,1157,卖盘
880,13:52:33,11.58,0.01,12,13896,买盘
881,13:52:27,11.57,-0.01,21,24297,卖盘
882,13:52:21,11.58,--,4,4632,买盘
883,13:52:18,11.58,--,529,613207,买盘
884,13:52:12,11.58,--,84,97272,卖盘
885,13:52:06,11.58,--,4,4632,卖盘
886,13:52:03,11.58,--,2,2316,卖盘
887,13:51:54,11.58,--,30,34740,卖盘
888,13:51:51,11.58,-0.01,1,1158,卖盘
889,13:51:48,11.59,0.01,20,23180,买盘
890,13:51:45,11.58,--,1,1158,卖盘
891,13:51:42,11.58,--,4,4632,卖盘
892,13:51:39,11.58,--,40,46320,买盘
893,13:51:36,11.58,0.01,5,5790,买盘
894,13:51:30,11.57,-0.01,8,9256,卖盘
895,13:51:27,11.58,--,206,238548,买盘
896,13:51:12,11.58,0.01,84,97272,买盘
897,13:51:09,11.57,--,165,190905,卖盘
898,13:51:06,11.57,-0.01,2,2314,卖盘
899,13:51:03,11.58,--,2,2316,买盘
900,13:51:00,11.58,--,1,1158,买盘
901,13:50:57,11.58,0.01,3,3474,买盘
902,13:50:51,11.57,-0.01,68,78676,卖盘
903,13:50:48,11.58,0.01,16,18528,买盘
904,13:50:45,11.57,-0.01,1,1157,卖盘
905,13:50:42,11.58,0.01,200,231600,买盘
906,13:50:39,11.57,--,25,28925,卖盘
907,13:50:36,11.57,-0.01,20,23140,卖盘
908,13:50:33,11.58,--,33,38214,买盘
909,13:50:27,11.58,--,22,25476,卖盘
910,13:50:18,11.58,--,3,3474,卖盘
911,13:50:15,11.58,0.01,126,145908,买盘
912,13:50:06,11.57,-0.01,19,21983,卖盘
913,13:49:57,11.58,--,10,11580,买盘
914,13:49:51,11.58,--,10,11580,买盘
915,13:49:42,11.58,--,50,57900,买盘
916,13:49:33,11.58,--,10,11580,买盘
917,13:49:30,11.58,0.01,59,68322,买盘
918,13:49:21,11.57,-0.01,101,116857,卖盘
919,13:49:18,11.58,--,10,11580,卖盘
920,13:49:12,11.58,--,1,1158,卖盘
921,13:49:06,11.58,--,92,106536,买盘
922,13:49:03,11.58,0.01,12,13896,买盘
923,13:48:51,11.57,--,4,4628,卖盘
924,13:48:45,11.57,--,1,1157,卖盘
925,13:48:42,11.57,0.01,251,290939,买盘
926,13:48:30,11.56,--,11,12716,卖盘
927,13:48:27,11.56,--,158,183434,买盘
928,13:48:24,11.56,--,300,346800,买盘
929,13:48:18,11.56,--,209,241604,买盘
930,13:48:15,11.56,--,38,43928,买盘
931,13:48:12,11.56,0.01,83,95948,买盘
932,13:48:06,11.55,-0.01,3,3465,卖盘
933,13:48:03,11.56,0.01,9,10404,买盘
934,13:48:00,11.55,--,60,69300,卖盘
935,13:47:57,11.55,--,5,5775,卖盘
936,13:47:48,11.55,--,67,77385,买盘
937,13:47:45,11.55,--,4,4620,买盘
938,13:47:42,11.55,--,81,93555,买盘
939,13:47:36,11.55,0.01,106,122430,买盘
940,13:47:30,11.54,-0.01,3,3461,卖盘
941,13:47:27,11.55,--,55,63525,买盘
942,13:47:24,11.55,0.01,15,17325,买盘
943,13:47:21,11.54,-0.01,51,58853,卖盘
944,13:47:18,11.55,--,79,91245,买盘
945,13:47:12,11.55,--,5,5775,买盘
946,13:47:09,11.55,--,1,1155,买盘
947,13:47:06,11.55,0.01,11,12705,买盘
948,13:47:03,11.54,-0.01,25,28849,卖盘
949,13:47:00,11.55,0.01,1,1155,买盘
950,13:46:57,11.54,-0.01,11,12693,卖盘
951,13:46:51,11.55,0.01,1,1155,买盘
952,13:46:48,11.54,--,10,11540,卖盘
953,13:46:42,11.54,--,12,13847,卖盘
954,13:46:39,11.54,-0.01,2,2308,卖盘
955,13:46:36,11.55,--,5,5775,买盘
956,13:46:33,11.55,--,32,36960,买盘
957,13:46:30,11.55,--,53,61215,买盘
958,13:46:24,11.55,-0.01,92,106260,卖盘
959,13:46:21,11.56,0.01,1,1156,买盘
960,13:46:18,11.55,--,302,348810,卖盘
961,13:46:15,11.55,--,300,346500,卖盘
962,13:46:12,11.55,--,17,19635,卖盘
963,13:46:09,11.55,-0.01,300,346500,卖盘
964,13:46:06,11.56,--,23,26588,买盘
965,13:46:03,11.56,--,1,1156,买盘
966,13:45:57,11.56,--,185,214229,卖盘
967,13:45:54,11.56,--,5,5780,卖盘
968,13:45:51,11.56,-0.01,37,42772,卖盘
969,13:45:48,11.57,0.01,8,9256,买盘
970,13:45:45,11.56,--,5,5780,卖盘
971,13:45:42,11.56,--,18,20808,卖盘
972,13:45:39,11.56,--,1,1156,卖盘
973,13:45:33,11.56,-0.01,8,9248,卖盘
974,13:45:30,11.57,0.01,10,11570,买盘
975,13:45:18,11.56,--,5,5780,卖盘
976,13:45:15,11.56,-0.01,8,9248,卖盘
977,13:45:12,11.57,0.01,49,56693,买盘
978,13:45:03,11.56,--,16,18496,卖盘
979,13:45:00,11.56,--,266,308282,买盘
980,13:44:57,11.56,--,3,3468,买盘
981,13:44:54,11.56,0.01,11,12716,买盘
982,13:44:51,11.55,--,1,1155,卖盘
983,13:44:48,11.55,--,8,9240,卖盘
984,13:44:42,11.55,-0.01,10,11550,卖盘
985,13:44:39,11.56,--,5,5780,买盘
986,13:44:33,11.56,--,14,16184,买盘
987,13:44:30,11.56,--,208,241580,卖盘
988,13:44:24,11.56,--,45,52020,卖盘
989,13:44:18,11.56,--,4,4624,卖盘
990,13:44:12,11.56,--,26,30056,卖盘
991,13:44:06,11.56,--,1,1156,卖盘
992,13:44:03,11.56,--,1,1156,卖盘
993,13:43:48,11.56,-0.01,5,5780,卖盘
994,13:43:45,11.57,0.01,21,24297,买盘
995,13:43:39,11.56,-0.01,1,1156,卖盘
996,13:43:33,11.57,0.01,10,11570,买盘
997,13:43:30,11.56,--,33,38148,卖盘
998,13:43:27,11.56,-0.01,27,31212,卖盘
999,13:43:21,11.57,0.01,12,13884,买盘
1000,13:43:00,11.56,--,2,2312,卖盘
1001,13:42:39,11.56,--,1,1156,卖盘
1002,13:42:36,11.56,--,50,57800,卖盘
1003,13:42:33,11.56,--,1,1156,卖盘
1004,13:42:30,11.56,--,28,32368,卖盘
1005,13:42:27,11.56,--,40,46240,卖盘
1006,13:42:18,11.56,-0.01,2,2312,卖盘
1007,13:42:12,11.57,0.01,4,4628,买盘
1008,13:42:03,11.56,--,13,15028,卖盘
1009,13:42:00,11.56,--,6,6936,卖盘
1010,13:41:57,11.56,-0.01,1,1156,卖盘
1011,13:41:54,11.57,0.01,4,4628,买盘
1012,13:41:48,11.56,--,243,280908,卖盘
1013,13:41:45,11.56,--,1,1156,卖盘
1014,13:41:39,11.56,--,1,1156,卖盘
1015,13:41:36,11.56,--,57,65892,卖盘
1016,13:41:33,11.56,--,63,72828,卖盘
1017,13:41:30,11.56,--,79,91324,卖盘
1018,13:41:27,11.56,--,8,9248,卖盘
1019,13:41:21,11.56,-0.01,6,6936,卖盘
1020,13:41:15,11.57,--,25,28925,买盘
1021,13:41:12,11.57,--,18,20826,买盘
1022,13:41:09,11.57,--,10,11570,买盘
1023,13:41:03,11.57,0.01,16,18512,买盘
1024,13:41:00,11.56,-0.01,1,1156,卖盘
1025,13:40:57,11.57,0.01,475,549575,买盘
1026,13:40:51,11.56,--,3,3468,卖盘
1027,13:40:48,11.56,--,12,13872,卖盘
1028,13:40:39,11.56,--,1,1156,卖盘
1029,13:40:30,11.56,-0.01,43,49708,卖盘
1030,13:40:18,11.57,0.01,112,129584,买盘
1031,13:40:15,11.56,--,32,36992,卖盘
1032,13:40:12,11.56,-0.01,47,54332,卖盘
1033,13:40:06,11.57,0.01,1,1157,买盘
1034,13:40:03,11.56,--,3,3468,卖盘
1035,13:39:51,11.56,--,5,5780,卖盘
1036,13:39:48,11.56,--,267,308652,卖盘
1037,13:39:45,11.56,-0.01,74,85544,卖盘
1038,13:39:42,11.57,0.01,1,1157,买盘
1039,13:39:36,11.56,--,41,47396,卖盘
1040,13:39:30,11.56,--,1,1156,卖盘
1041,13:39:24,11.56,-0.01,10,11560,卖盘
1042,13:39:18,11.57,-0.01,159,185050,卖盘
1043,13:39:15,11.58,--,10,11580,买盘
1044,13:39:06,11.58,0.01,8,9264,买盘
1045,13:39:03,11.57,--,90,104130,卖盘
1046,13:38:42,11.57,-0.01,11,12727,卖盘
1047,13:38:36,11.58,0.01,10,11580,买盘
1048,13:38:27,11.57,-0.01,20,23140,卖盘
1049,13:38:18,11.58,0.01,5,5790,买盘
1050,13:38:15,11.57,-0.01,31,35867,卖盘
1051,13:38:09,11.58,--,11,12738,买盘
1052,13:38:06,11.58,--,1,1158,买盘
1053,13:38:03,11.58,--,14,16212,买盘
1054,13:38:00,11.58,--,10,11580,买盘
1055,13:37:57,11.58,--,91,105378,买盘
1056,13:37:54,11.58,--,11,12738,买盘
1057,13:37:39,11.58,--,5,5790,买盘
1058,13:37:36,11.58,--,2,2316,买盘
1059,13:37:33,11.58,0.01,5,5790,买盘
1060,13:37:27,11.57,-0.01,85,98345,卖盘
1061,13:37:21,11.58,0.01,5,5790,买盘
1062,13:37:18,11.57,--,15,17355,卖盘
1063,13:37:12,11.57,--,10,11570,卖盘
1064,13:37:09,11.57,-0.01,1,1157,卖盘
1065,13:37:03,11.58,--,6,6948,买盘
1066,13:36:57,11.58,--,101,116958,买盘
1067,13:36:39,11.58,0.01,260,301080,买盘
1068,13:36:36,11.57,--,31,35867,卖盘
1069,13:36:33,11.57,-0.01,30,34710,卖盘
1070,13:36:30,11.58,0.01,23,26634,买盘
1071,13:36:27,11.57,-0.01,137,159041,卖盘
1072,13:36:24,11.58,0.01,14,16212,买盘
1073,13:36:18,11.57,--,31,35867,卖盘
1074,13:36:15,11.57,-0.01,65,75205,卖盘
1075,13:36:12,11.58,0.01,11,12738,买盘
1076,13:36:09,11.57,--,10,11570,卖盘
1077,13:36:00,11.57,--,6,6942,卖盘
1078,13:35:57,11.57,-0.01,18,20826,卖盘
1079,13:35:51,11.58,0.01,1,1158,买盘
1080,13:35:48,11.57,--,3,3471,卖盘
1081,13:35:36,11.57,--,1,1157,卖盘
1082,13:35:33,11.57,--,57,66643,买盘
1083,13:35:27,11.57,0.01,5,5785,买盘
1084,13:35:18,11.56,-0.01,11,12716,卖盘
1085,13:35:15,11.57,--,10,11570,买盘
1086,13:35:06,11.57,--,260,300820,买盘
1087,13:35:03,11.57,--,2,2314,买盘
1088,13:35:00,11.57,0.01,10,11570,买盘
1089,13:34:57,11.56,--,42,48598,卖盘
1090,13:34:51,11.56,-0.01,1,1156,卖盘
1091,13:34:42,11.57,--,67,77519,买盘
1092,13:34:39,11.57,0.01,100,115700,买盘
1093,13:34:36,11.56,-0.01,4,4624,卖盘
1094,13:34:27,11.57,--,8,9256,买盘
1095,13:34:21,11.57,--,118,136526,买盘
1096,13:34:18,11.57,0.01,10,11570,买盘
1097,13:34:15,11.56,-0.01,3,3468,卖盘
1098,13:34:06,11.57,--,12,13884,买盘
1099,13:34:03,11.57,-0.01,169,195995,卖盘
1100,13:33:51,11.58,--,15,17370,买盘
1101,13:33:45,11.58,0.01,10,11580,买盘
1102,13:33:39,11.57,--,100,115700,卖盘
1103,13:33:27,11.57,--,4,4628,卖盘
1104,13:33:18,11.57,--,16,19206,买盘
1105,13:33:15,11.57,--,35,40495,买盘
1106,13:33:03,11.57,0.01,47,54379,买盘
1107,13:33:00,11.56,--,39,45084,卖盘
1108,13:32:54,11.56,-0.01,4,4624,卖盘
1109,13:32:45,11.57,0.01,195,225615,买盘
1110,13:32:42,11.56,--,31,35836,卖盘
1111,13:32:39,11.56,-0.01,90,104040,卖盘
1112,13:32:36,11.57,--,508,587756,买盘
1113,13:32:33,11.57,--,3,3471,买盘
1114,13:32:30,11.57,--,100,115700,买盘
1115,13:32:27,11.57,--,468,541938,卖盘
1116,13:32:18,11.57,--,5,5785,卖盘
1117,13:32:06,11.57,--,13,15041,卖盘
1118,13:32:03,11.57,--,9,10413,卖盘
1119,13:32:00,11.57,--,1,1157,卖盘
1120,13:31:45,11.57,--,2,2314,卖盘
1121,13:31:42,11.57,--,4,4628,卖盘
1122,13:31:36,11.57,-0.01,10,11570,卖盘
1123,13:31:33,11.58,--,10,11580,买盘
1124,13:31:21,11.58,0.01,5,5790,买盘
1125,13:31:18,11.57,-0.01,44,50908,卖盘
1126,13:31:09,11.58,0.01,19,22002,买盘
1127,13:31:06,11.57,--,24,27768,卖盘
1128,13:31:03,11.57,--,28,32396,卖盘
1129,13:31:00,11.57,--,1,1157,卖盘
1130,13:30:54,11.57,--,10,11570,卖盘
1131,13:30:51,11.57,--,3,3471,卖盘
1132,13:30:45,11.57,--,119,138377,买盘
1133,13:30:36,11.57,--,3,3471,买盘
1134,13:30:33,11.57,--,1,1157,买盘
1135,13:30:30,11.57,--,39,45585,卖盘
1136,13:30:27,11.57,--,14,16892,买盘
1137,13:30:24,11.57,--,2,2314,买盘
1138,13:30:18,11.57,0.01,8,9256,买盘
1139,13:30:15,11.56,--,3,3468,卖盘
1140,13:30:12,11.56,--,216,249696,卖盘
1141,13:30:00,11.56,--,13,15028,卖盘
1142,13:29:51,11.56,--,4,4624,卖盘
1143,13:29:48,11.56,--,6,6936,卖盘
1144,13:29:39,11.56,--,3,3468,卖盘
1145,13:29:27,11.56,-0.01,103,119068,卖盘
1146,13:29:24,11.57,--,1,1157,买盘
1147,13:29:18,11.57,0.01,20,23140,买盘
1148,13:29:12,11.56,0.01,263,305160,买盘
1149,13:29:09,11.55,-0.01,4,4620,卖盘
1150,13:29:06,11.56,--,1,1156,买盘
1151,13:29:03,11.56,--,18,20808,买盘
1152,13:29:00,11.56,--,1,1156,买盘
1153,13:28:48,11.56,0.01,50,57800,买盘
1154,13:28:42,11.55,--,1,1155,卖盘
1155,13:28:39,11.55,--,101,116655,卖盘
1156,13:28:33,11.55,-0.01,29,33495,卖盘
1157,13:28:27,11.56,--,4,4624,买盘
1158,13:28:21,11.56,--,20,23120,买盘
1159,13:28:18,11.56,--,143,165308,买盘
1160,13:28:09,11.56,--,2,2312,买盘
1161,13:28:03,11.56,--,7,8092,买盘
1162,13:28:00,11.56,0.01,12,13872,买盘
1163,13:27:54,11.55,--,1,1155,卖盘
1164,13:27:48,11.55,--,5,5775,卖盘
1165,13:27:45,11.55,--,31,35805,卖盘
1166,13:27:42,11.55,-0.01,6,6930,卖盘
1167,13:27:36,11.56,--,3,3468,买盘
1168,13:27:33,11.56,0.01,137,158372,买盘
1169,13:27:27,11.55,-0.01,3,3465,卖盘
1170,13:27:24,11.56,--,17,19652,买盘
1171,13:27:09,11.56,0.01,22,25432,买盘
1172,13:27:06,11.55,-0.01,30,34650,卖盘
1173,13:27:00,11.56,--,1,1156,买盘
1174,13:26:57,11.56,0.01,2,2312,买盘
1175,13:26:54,11.55,-0.01,22,25410,卖盘
1176,13:26:51,11.56,--,1,1156,买盘
1177,13:26:48,11.56,0.01,5,5780,买盘
1178,13:26:45,11.55,-0.01,1,1155,卖盘
1179,13:26:39,11.56,0.01,2,2312,买盘
1180,13:26:33,11.55,-0.01,50,57750,卖盘
1181,13:26:27,11.56,0.01,11,12716,买盘
1182,13:26:24,11.55,--,11,12705,卖盘
1183,13:26:21,11.55,-0.01,51,58905,卖盘
1184,13:26:18,11.56,--,12,13872,买盘
1185,13:26:09,11.56,--,13,15028,买盘
1186,13:26:06,11.56,--,2,2312,买盘
1187,13:26:03,11.56,--,18,20808,买盘
1188,13:26:00,11.56,--,11,12716,买盘
1189,13:25:48,11.56,0.01,5,5780,买盘
1190,13:25:45,11.55,--,25,28875,卖盘
1191,13:25:42,11.55,-0.01,10,11550,卖盘
1192,13:25:39,11.56,0.01,12,13872,买盘
1193,13:25:36,11.55,-0.01,1,1155,卖盘
1194,13:25:33,11.56,0.01,5,5780,买盘
1195,13:25:27,11.55,--,3,3465,卖盘
1196,13:25:18,11.55,-0.01,11,12705,卖盘
1197,13:25:15,11.56,0.01,10,11560,买盘
1198,13:25:12,11.55,-0.01,13,15015,卖盘
1199,13:25:09,11.56,0.01,300,346800,买盘
1200,13:25:06,11.55,-0.01,2,2310,卖盘
1201,13:25:03,11.56,0.01,1,1156,买盘
1202,13:24:54,11.55,-0.01,30,34650,卖盘
1203,13:24:51,11.56,0.02,25,28900,买盘
1204,13:24:48,11.54,--,1,1154,卖盘
1205,13:24:45,11.54,-0.02,9,10386,卖盘
1206,13:24:42,11.56,0.02,58,67048,买盘
1207,13:24:39,11.54,-0.02,2,2308,卖盘
1208,13:24:33,11.56,--,52,60112,买盘
1209,13:24:30,11.56,0.01,331,382636,买盘
1210,13:24:27,11.55,-0.01,16,18480,买盘
1211,13:24:24,11.56,0.01,202,233512,买盘
1212,13:24:21,11.55,0.01,5,5775,买盘
1213,13:24:18,11.54,-0.01,200,230799,卖盘
1214,13:24:15,11.55,0.01,8,9240,买盘
1215,13:24:12,11.54,-0.01,80,92320,卖盘
1216,13:24:09,11.55,0.01,1,1155,买盘
1217,13:24:06,11.54,--,76,87704,卖盘
1218,13:24:03,11.54,--,28,32311,卖盘
1219,13:24:00,11.54,--,4,4616,卖盘
1220,13:23:57,11.54,--,389,449344,卖盘
1221,13:23:54,11.54,-0.01,73,84242,卖盘
1222,13:23:48,11.55,0.01,4,4620,买盘
1223,13:23:27,11.54,--,52,60007,卖盘
1224,13:23:24,11.54,--,4,4616,卖盘
1225,13:23:18,11.54,--,211,243493,卖盘
1226,13:23:12,11.54,-0.01,45,51929,卖盘
1227,13:23:09,11.55,--,38,43890,买盘
1228,13:23:03,11.55,0.01,31,35805,买盘
1229,13:23:00,11.54,-0.01,2,2308,卖盘
1230,13:22:57,11.55,0.01,5,5775,买盘
1231,13:22:45,11.54,--,5,5770,卖盘
1232,13:22:30,11.54,--,11,12693,卖盘
1233,13:22:27,11.54,--,31,35774,卖盘
1234,13:22:21,11.54,--,3,3461,卖盘
1235,13:22:18,11.54,--,16,18464,卖盘
1236,13:22:15,11.54,--,10,11540,卖盘
1237,13:22:09,11.54,--,10,11540,卖盘
1238,13:22:00,11.54,-0.01,39,45006,卖盘
1239,13:21:57,11.55,0.01,3,3465,买盘
1240,13:21:54,11.54,--,414,477755,卖盘
1241,13:21:48,11.54,--,18,20772,卖盘
1242,13:21:45,11.54,--,1,1154,卖盘
1243,13:21:39,11.54,--,4,4616,卖盘
1244,13:21:27,11.54,--,2,2308,卖盘
1245,13:21:21,11.54,-0.01,209,241185,卖盘
1246,13:21:18,11.55,--,7,8085,买盘
1247,13:21:12,11.55,--,3,3465,买盘
1248,13:21:03,11.55,0.01,17,19635,买盘
1249,13:20:57,11.54,--,4,4616,卖盘
1250,13:20:51,11.54,--,20,23080,卖盘
1251,13:20:48,11.54,--,50,57699,卖盘
1252,13:20:42,11.54,--,13,15001,卖盘
1253,13:20:33,11.54,--,8,9232,卖盘
1254,13:20:30,11.54,--,1,1154,卖盘
1255,13:20:27,11.54,--,2,2308,卖盘
1256,13:20:18,11.54,--,61,71109,买盘
1257,13:20:15,11.54,--,88,101990,卖盘
1258,13:20:12,11.54,--,1,1154,卖盘
1259,13:20:09,11.54,--,158,182332,卖盘
1260,13:20:06,11.54,-0.01,40,46160,卖盘
1261,13:20:03,11.55,0.01,1,1155,买盘
1262,13:20:00,11.54,-0.01,1425,1644449,卖盘
1263,13:19:57,11.55,0.01,2,2310,买盘
1264,13:19:54,11.54,--,229,264266,卖盘
1265,13:19:48,11.54,-0.01,15,17310,卖盘
1266,13:19:42,11.55,--,10,11550,买盘
1267,13:19:33,11.55,--,1182,1365672,卖盘
1268,13:19:27,11.55,--,7,8085,卖盘
1269,13:19:24,11.55,--,2,2310,卖盘
1270,13:19:21,11.55,--,40,46200,卖盘
1271,13:19:09,11.55,-0.01,13,15015,卖盘
1272,13:19:06,11.56,0.01,10,11560,买盘
1273,13:19:03,11.55,--,21,24255,卖盘
1274,13:19:00,11.55,--,50,57750,卖盘
1275,13:18:57,11.55,--,14,16170,卖盘
1276,13:18:54,11.55,--,20,23100,卖盘
1277,13:18:51,11.55,--,19,21945,卖盘
1278,13:18:45,11.55,-0.01,2,2310,卖盘
1279,13:18:42,11.56,0.01,17,19652,买盘
1280,13:18:39,11.55,--,1,1155,卖盘
1281,13:18:33,11.55,--,4,4620,卖盘
1282,13:18:27,11.55,-0.01,5,5775,卖盘
1283,13:18:24,11.56,0.01,47,54332,买盘
1284,13:18:18,11.55,--,31,35805,卖盘
1285,13:18:06,11.55,-0.02,37,43451,卖盘
1286,13:18:03,11.57,--,9,10413,买盘
1287,13:18:00,11.57,0.01,35,40495,买盘
1288,13:17:57,11.56,--,2,2312,卖盘
1289,13:17:54,11.56,--,32,36992,卖盘
1290,13:17:51,11.56,--,226,261256,卖盘
1291,13:17:45,11.56,--,63,73752,卖盘
1292,13:17:33,11.56,--,4,4624,卖盘
1293,13:17:27,11.56,--,4,4624,卖盘
1294,13:17:06,11.56,-0.01,1,1156,卖盘
1295,13:17:03,11.57,0.01,33,38181,买盘
1296,13:16:54,11.56,--,100,115600,卖盘
1297,13:16:51,11.56,-0.01,1,1156,卖盘
1298,13:16:45,11.57,0.01,230,266110,买盘
1299,13:16:42,11.56,-0.01,4,4624,卖盘
1300,13:16:39,11.57,--,20,23140,买盘
1301,13:16:33,11.57,0.01,25,28925,买盘
1302,13:16:27,11.56,--,2,2312,卖盘
1303,13:16:21,11.56,--,1,1156,卖盘
1304,13:16:18,11.56,--,20,23120,卖盘
1305,13:16:15,11.56,--,22,25432,卖盘
1306,13:16:06,11.56,-0.01,18,20808,卖盘
1307,13:16:03,11.57,--,1,1157,买盘
1308,13:16:00,11.57,0.01,14,16198,买盘
1309,13:15:57,11.56,--,160,184960,卖盘
1310,13:15:45,11.56,-0.01,100,115600,卖盘
1311,13:15:39,11.57,--,2,2314,买盘
1312,13:15:36,11.57,0.01,4,4628,买盘
1313,13:15:33,11.56,--,5,5780,卖盘
1314,13:15:27,11.56,--,2,2312,卖盘
1315,13:15:21,11.56,--,1,1156,卖盘
1316,13:15:18,11.56,--,1,1156,卖盘
1317,13:15:15,11.56,--,51,58956,卖盘
1318,13:15:12,11.56,--,6,6936,卖盘
1319,13:15:09,11.56,--,6,6936,卖盘
1320,13:15:06,11.56,--,13,15028,卖盘
1321,13:15:00,11.56,--,45,52020,卖盘
1322,13:14:57,11.56,--,1,1156,卖盘
1323,13:14:54,11.56,--,39,45084,卖盘
1324,13:14:48,11.56,--,1,1156,卖盘
1325,13:14:45,11.56,-0.01,40,46240,卖盘
1326,13:14:42,11.57,--,15,17355,买盘
1327,13:14:33,11.57,0.01,14,16198,买盘
1328,13:14:27,11.56,--,2,2312,卖盘
1329,13:14:24,11.56,-0.01,4,4624,卖盘
1330,13:14:15,11.57,0.01,1,1157,买盘
1331,13:14:12,11.56,--,4,4624,卖盘
1332,13:14:06,11.56,--,43,50378,买盘
1333,13:14:03,11.56,0.01,8,9248,买盘
1334,13:14:00,11.55,-0.01,1,1155,卖盘
1335,13:13:57,11.56,--,32,36992,买盘
1336,13:13:54,11.56,--,3,3468,买盘
1337,13:13:51,11.56,--,10,11560,买盘
1338,13:13:48,11.56,--,20,23120,买盘
1339,13:13:45,11.56,--,91,105196,买盘
1340,13:13:42,11.56,--,31,35836,买盘
1341,13:13:36,11.56,0.01,50,57800,买盘
1342,13:13:33,11.55,--,4,4620,卖盘
1343,13:13:27,11.55,-0.01,27,31185,卖盘
1344,13:13:21,11.56,0.01,18,20808,买盘
1345,13:13:15,11.55,-0.01,1,1155,卖盘
1346,13:13:12,11.56,0.01,100,115600,买盘
1347,13:13:09,11.55,--,3,3465,卖盘
1348,13:13:00,11.55,-0.01,3,3465,卖盘
1349,13:12:57,11.56,0.01,20,23120,买盘
1350,13:12:51,11.55,-0.01,10,11550,卖盘
1351,13:12:42,11.56,--,200,231200,买盘
1352,13:12:36,11.56,--,15,17340,买盘
1353,13:12:33,11.56,0.01,14,16184,买盘
1354,13:12:30,11.55,--,15,17325,卖盘
1355,13:12:27,11.55,-0.01,2,2310,卖盘
1356,13:12:12,11.56,0.01,6,6936,买盘
1357,13:12:09,11.55,-0.01,5,5775,卖盘
1358,13:12:03,11.56,0.01,36,41616,买盘
1359,13:12:00,11.55,--,12,13860,卖盘
1360,13:11:57,11.55,--,1,1155,卖盘
1361,13:11:54,11.55,--,32,36960,卖盘
1362,13:11:48,11.55,-0.01,13,15015,卖盘
1363,13:11:45,11.56,0.01,27,31212,买盘
1364,13:11:42,11.55,--,1,1155,卖盘
1365,13:11:27,11.55,-0.01,2,2310,卖盘
1366,13:11:18,11.56,--,9,10404,买盘
1367,13:11:15,11.56,--,50,57800,买盘
1368,13:11:12,11.56,--,301,347956,买盘
1369,13:11:06,11.56,--,77,89012,买盘
1370,13:11:03,11.56,--,1,1156,买盘
1371,13:11:00,11.56,0.01,1,1156,买盘
1372,13:10:57,11.55,--,1,1155,卖盘
1373,13:10:51,11.55,--,51,58905,卖盘
1374,13:10:48,11.55,-0.01,8,9240,卖盘
1375,13:10:45,11.56,-0.01,62,71672,卖盘
1376,13:10:42,11.57,0.01,104,120328,买盘
1377,13:10:36,11.56,-0.01,19,21964,卖盘
1378,13:10:30,11.57,0.01,7,8099,买盘
1379,13:10:27,11.56,--,9,10404,卖盘
1380,13:10:21,11.56,-0.01,242,279752,卖盘
1381,13:10:18,11.57,0.01,5,5785,买盘
1382,13:10:12,11.56,--,10,11560,卖盘
1383,13:10:09,11.56,--,51,58956,卖盘
1384,13:10:00,11.56,--,3,3468,卖盘
1385,13:09:36,11.56,--,25,28900,卖盘
1386,13:09:33,11.56,--,10,11560,卖盘
1387,13:09:27,11.56,--,2,2312,卖盘
1388,13:09:24,11.56,-0.01,1,1156,卖盘
1389,13:09:21,11.57,0.01,20,23140,买盘
1390,13:09:09,11.56,--,17,19652,卖盘
1391,13:09:06,11.56,-0.01,280,323680,卖盘
1392,13:09:03,11.57,--,2,2314,买盘
1393,13:09:00,11.57,--,10,11570,买盘
1394,13:08:57,11.57,0.01,5,5785,买盘
1395,13:08:51,11.56,-0.01,4,4624,卖盘
1396,13:08:48,11.57,0.01,203,234871,买盘
1397,13:08:42,11.56,--,5,5780,卖盘
1398,13:08:39,11.56,--,80,92480,卖盘
1399,13:08:36,11.56,--,4,4624,卖盘
1400,13:08:33,11.56,--,10,11560,卖盘
1401,13:08:30,11.56,--,32,36992,卖盘
1402,13:08:27,11.56,--,2,2312,卖盘
1403,13:08:24,11.56,--,12,13872,卖盘
1404,13:08:15,11.56,-0.01,1,1156,卖盘
1405,13:08:12,11.57,0.01,40,46280,买盘
1406,13:08:03,11.56,--,13,15028,卖盘
1407,13:07:54,11.56,--,1,1156,卖盘
1408,13:07:51,11.56,--,1,1156,卖盘
1409,13:07:42,11.56,--,2,2312,卖盘
1410,13:07:39,11.56,--,15,17340,卖盘
1411,13:07:33,11.56,--,1,1156,卖盘
1412,13:07:27,11.56,-0.01,2,2312,卖盘
1413,13:07:21,11.57,--,1,1157,买盘
1414,13:07:18,11.57,0.01,9,10413,买盘
1415,13:07:12,11.56,--,4,4624,卖盘
1416,13:07:06,11.56,-0.01,39,45084,卖盘
1417,13:07:03,11.57,--,51,59007,买盘
1418,13:07:00,11.57,0.01,1,1157,买盘
1419,13:06:54,11.56,--,1,1156,卖盘
1420,13:06:48,11.56,-0.01,12,13872,卖盘
1421,13:06:45,11.57,0.01,23,26611,买盘
1422,13:06:42,11.56,--,2,2312,卖盘
1423,13:06:39,11.56,0.01,94,108664,买盘
1424,13:06:33,11.55,--,1,1155,卖盘
1425,13:06:30,11.55,--,342,395010,卖盘
1426,13:06:27,11.55,-0.01,11,12705,卖盘
1427,13:06:21,11.56,0.01,3,3468,买盘
1428,13:06:18,11.55,-0.01,18,20790,卖盘
1429,13:06:12,11.56,--,10,11560,卖盘
1430,13:06:03,11.56,--,1,1156,买盘
1431,13:06:00,11.56,0.01,6,6936,中性盘
1432,13:05:54,11.55,-0.01,368,425733,卖盘
1433,13:05:51,11.56,--,11,12716,卖盘
1434,13:05:39,11.56,--,69,79764,卖盘
1435,13:05:36,11.56,--,30,34680,卖盘
1436,13:05:33,11.56,--,1,1156,卖盘
1437,13:05:30,11.56,--,5,5780,卖盘
1438,13:05:27,11.56,--,2,2312,卖盘
1439,13:05:18,11.56,0.01,76,87856,买盘
1440,13:05:15,11.55,-0.01,13,15015,卖盘
1441,13:05:12,11.56,0.01,1,1156,卖盘
1442,13:05:09,11.55,-0.02,15,17325,卖盘
1443,13:05:03,11.57,0.01,8,9256,买盘
1444,13:04:57,11.56,--,184,213166,卖盘
1445,13:04:54,11.56,--,50,57800,卖盘
1446,13:04:51,11.56,--,6,6936,卖盘
1447,13:04:48,11.56,--,1,1156,卖盘
1448,13:04:45,11.56,--,8,9248,卖盘
1449,13:04:33,11.56,--,1,1156,卖盘
1450,13:04:27,11.56,--,279,322524,卖盘
1451,13:04:24,11.56,--,1,1156,卖盘
1452,13:04:21,11.56,--,12,13872,卖盘
1453,13:04:12,11.56,--,1,1156,卖盘
1454,13:04:06,11.56,--,184,212704,卖盘
1455,13:04:03,11.56,--,9,10404,卖盘
1456,13:04:00,11.56,--,1,1156,卖盘
1457,13:03:57,11.56,-0.01,4,4624,卖盘
1458,13:03:54,11.57,0.01,48,55536,买盘
1459,13:03:39,11.56,--,2,2312,卖盘
1460,13:03:27,11.56,--,5,5780,卖盘
1461,13:03:12,11.56,--,1,1156,卖盘
1462,13:03:09,11.56,--,200,231200,卖盘
1463,13:03:06,11.56,-0.01,20,23120,卖盘
1464,13:03:03,11.57,--,28,32396,买盘
1465,13:02:57,11.57,0.01,1,1157,买盘
1466,13:02:54,11.56,--,1,1156,卖盘
1467,13:02:51,11.56,--,60,69360,卖盘
1468,13:02:45,11.56,--,57,65892,卖盘
1469,13:02:42,11.56,--,1,1156,卖盘
1470,13:02:36,11.56,-0.01,1,1156,卖盘
1471,13:02:33,11.57,0.01,4,4628,买盘
1472,13:02:30,11.56,--,65,75140,卖盘
1473,13:02:27,11.56,--,93,107508,卖盘
1474,13:02:24,11.56,-0.01,4,4624,卖盘
1475,13:02:15,11.57,-0.02,13,15041,卖盘
1476,13:02:12,11.59,0.02,3,3477,买盘
1477,13:02:06,11.57,--,6,6942,卖盘
1478,13:02:00,11.57,--,14,16198,卖盘
1479,13:01:51,11.57,-0.01,86,99502,卖盘
1480,13:01:48,11.58,--,31,35898,卖盘
1481,13:01:42,11.58,--,10,11580,卖盘
1482,13:01:39,11.58,-0.01,3,3474,卖盘
1483,13:01:36,11.59,0.01,438,507642,买盘
1484,13:01:27,11.58,--,105,121590,卖盘
1485,13:01:24,11.58,--,9,10422,卖盘
1486,13:01:18,11.58,--,31,35898,卖盘
1487,13:01:15,11.58,--,282,326556,买盘
1488,13:01:12,11.58,0.01,1,1158,买盘
1489,13:01:03,11.57,--,89,102973,卖盘
1490,13:01:00,11.57,--,8,9256,卖盘
1491,13:00:54,11.57,--,1,1157,卖盘
1492,13:00:51,11.57,0.01,382,441974,买盘
1493,13:00:45,11.56,--,10,11560,卖盘
1494,13:00:42,11.56,--,2,2312,卖盘
1495,13:00:36,11.56,--,153,176868,卖盘
1496,13:00:27,11.56,-0.01,2,2312,卖盘
1497,13:00:24,11.57,--,1,1157,买盘
1498,13:00:15,11.57,0.01,2,2314,买盘
1499,13:00:12,11.56,-0.01,7,8092,卖盘
1500,13:00:09,11.57,--,94,108758,买盘
1501,13:00:06,11.57,0.01,159,183963,买盘
1502,13:00:03,11.56,-0.02,1188,1373328,卖盘
1503,13:00:00,11.58,--,0,0,买盘
1504,11:30:00,11.58,--,0,0,买盘
1505,11:29:51,11.58,0.01,4,4632,买盘
1506,11:29:39,11.57,--,40,46280,卖盘
1507,11:29:36,11.57,-0.01,7,8099,卖盘
1508,11:29:30,11.58,--,10,11580,买盘
1509,11:29:27,11.58,0.01,10,11580,买盘
1510,11:29:24,11.57,--,2,2314,卖盘
1511,11:29:21,11.57,-0.01,3,3471,卖盘
1512,11:29:18,11.58,0.01,2,2316,买盘
1513,11:29:09,11.57,-0.01,3,3471,卖盘
1514,11:29:03,11.58,--,1,1158,买盘
1515,11:29:00,11.58,--,127,147066,买盘
1516,11:28:51,11.58,--,545,631110,卖盘
1517,11:28:45,11.58,--,98,113484,卖盘
1518,11:28:39,11.58,--,15,17370,卖盘
1519,11:28:33,11.58,--,20,23160,卖盘
1520,11:28:30,11.58,0.01,472,546576,买盘
1521,11:28:24,11.57,--,20,23140,卖盘
1522,11:28:21,11.57,-0.01,2,2314,卖盘
1523,11:28:15,11.58,--,10,11580,买盘
1524,11:28:12,11.58,0.01,19,22002,中性盘
1525,11:28:06,11.57,-0.01,9,10413,卖盘
1526,11:28:03,11.58,--,25,28950,买盘
1527,11:28:00,11.58,--,88,101904,买盘
1528,11:27:57,11.58,--,39,45162,买盘
1529,11:27:54,11.58,0.01,6,6948,买盘
1530,11:27:51,11.57,--,7,8099,卖盘
1531,11:27:48,11.57,--,33,38181,卖盘
1532,11:27:45,11.57,--,568,657176,买盘
1533,11:27:42,11.57,0.01,17,19669,买盘
1534,11:27:39,11.56,-0.01,3,3468,卖盘
1535,11:27:33,11.57,0.01,8,9256,买盘
1536,11:27:24,11.56,-0.01,4,4624,卖盘
1537,11:27:21,11.57,--,14,16198,买盘
1538,11:27:15,11.57,0.01,50,57850,买盘
1539,11:27:12,11.56,--,42,48552,卖盘
1540,11:27:06,11.56,-0.01,9,10404,卖盘
1541,11:27:03,11.57,--,8,9256,买盘
1542,11:26:57,11.57,0.01,4,4628,买盘
1543,11:26:54,11.56,--,1,1156,卖盘
1544,11:26:51,11.56,--,31,35836,卖盘
1545,11:26:48,11.56,--,19,21964,卖盘
1546,11:26:42,11.56,--,3,3468,卖盘
1547,11:26:39,11.56,--,9,10404,卖盘
1548,11:26:33,11.56,-0.01,5,5780,卖盘
1549,11:26:27,11.57,0.01,33,38181,买盘
1550,11:26:24,11.56,--,2,2312,卖盘
1551,11:26:18,11.56,--,4,4624,卖盘
1552,11:26:15,11.56,--,4,4624,卖盘
1553,11:26:12,11.56,--,9,10404,卖盘
1554,11:26:06,11.56,--,1,1156,卖盘
1555,11:26:00,11.56,--,30,34680,卖盘
1556,11:25:57,11.56,--,300,347493,买盘
1557,11:25:51,11.56,--,50,57800,买盘
1558,11:25:48,11.56,--,76,87856,买盘
1559,11:25:42,11.56,--,5,5780,买盘
1560,11:25:39,11.56,--,4,4624,买盘
1561,11:25:30,11.56,0.01,62,71672,买盘
1562,11:25:24,11.55,--,2,2310,卖盘
1563,11:25:18,11.55,-0.01,21,24255,卖盘
1564,11:25:15,11.56,0.01,9,10404,买盘
1565,11:25:12,11.55,-0.01,1,1155,卖盘
1566,11:25:06,11.56,--,47,54332,买盘
1567,11:25:03,11.56,--,1,1156,买盘
1568,11:25:00,11.56,--,390,450840,买盘
1569,11:24:54,11.56,--,7,8092,买盘
1570,11:24:51,11.56,0.01,11,12716,买盘
1571,11:24:48,11.55,-0.01,2,2310,卖盘
1572,11:24:33,11.56,0.01,30,34680,买盘
1573,11:24:30,11.55,-0.01,1,1155,卖盘
1574,11:24:27,11.56,0.01,12,13872,买盘
1575,11:24:24,11.55,--,17,19635,卖盘
1576,11:24:21,11.55,-0.01,100,115500,卖盘
1577,11:24:18,11.56,0.01,6,6936,买盘
1578,11:24:15,11.55,--,34,39270,卖盘
1579,11:24:12,11.55,--,1,1155,卖盘
1580,11:24:03,11.55,--,283,326865,卖盘
1581,11:23:54,11.55,-0.01,4,4620,卖盘
1582,11:23:45,11.56,0.01,20,23120,买盘
1583,11:23:42,11.55,--,1,1155,卖盘
1584,11:23:39,11.55,-0.01,2,2310,卖盘
1585,11:23:27,11.56,0.01,4,4624,买盘
1586,11:23:24,11.55,--,9,10395,卖盘
1587,11:23:18,11.55,--,2,2310,卖盘
1588,11:23:12,11.55,--,1,1155,卖盘
1589,11:23:06,11.55,--,20,23100,卖盘
1590,11:23:03,11.55,--,5,5775,卖盘
1591,11:22:54,11.55,--,1,1155,卖盘
1592,11:22:45,11.55,--,10,11550,卖盘
1593,11:22:42,11.55,--,31,35805,卖盘
1594,11:22:33,11.55,-0.01,1,1155,卖盘
1595,11:22:27,11.56,0.01,4,4624,买盘
1596,11:22:24,11.55,--,12,13860,卖盘
1597,11:22:15,11.55,--,231,266805,卖盘
1598,11:22:12,11.55,--,3,3465,卖盘
1599,11:22:06,11.55,--,42,48510,卖盘
1600,11:21:51,11.55,--,1,1155,卖盘
1601,11:21:45,11.55,-0.01,9,10395,卖盘
1602,11:21:42,11.56,0.01,5,5780,买盘
1603,11:21:39,11.55,--,2,2310,卖盘
1604,11:21:33,11.55,--,15,17325,卖盘
1605,11:21:30,11.55,--,3,3465,卖盘
1606,11:21:24,11.55,--,62,71610,卖盘
1607,11:21:18,11.55,--,16,18480,卖盘
1608,11:21:12,11.55,--,4,4620,卖盘
1609,11:21:09,11.55,--,10,11550,卖盘
1610,11:21:06,11.55,--,2,2310,卖盘
1611,11:21:00,11.55,--,4,4620,卖盘
1612,11:20:51,11.55,--,628,725340,卖盘
1613,11:20:39,11.55,--,2,2310,卖盘
1614,11:20:36,11.55,--,6,6930,卖盘
1615,11:20:33,11.55,--,0,924,卖盘
1616,11:20:30,11.55,--,1,1155,卖盘
1617,11:20:24,11.55,--,2,2310,卖盘
1618,11:20:18,11.55,-0.01,6,6930,卖盘
1619,11:20:15,11.56,--,35,40460,卖盘
1620,11:20:12,11.56,--,1,1156,卖盘
1621,11:20:03,11.56,--,2,2312,卖盘
1622,11:19:57,11.56,--,2,2312,卖盘
1623,11:19:54,11.56,--,12,13872,卖盘
1624,11:19:51,11.56,--,3,3468,卖盘
1625,11:19:48,11.56,0.01,143,165308,买盘
1626,11:19:42,11.55,-0.01,1,1155,卖盘
1627,11:19:39,11.56,0.01,30,34680,买盘
1628,11:19:33,11.55,--,2,2310,卖盘
1629,11:19:27,11.55,-0.01,25,28875,卖盘
1630,11:19:24,11.56,--,2,2312,卖盘
1631,11:19:15,11.56,0.01,9,10404,买盘
1632,11:19:12,11.55,--,1,1155,卖盘
1633,11:19:06,11.55,-0.01,3,3465,卖盘
1634,11:19:03,11.56,--,9,10404,买盘
1635,11:19:00,11.56,--,109,126004,买盘
1636,11:18:57,11.56,0.01,1,1156,买盘
1637,11:18:54,11.55,--,70,80850,卖盘
1638,11:18:51,11.55,-0.01,11,12705,卖盘
1639,11:18:48,11.56,--,200,231200,买盘
1640,11:18:45,11.56,0.01,5,5780,买盘
1641,11:18:36,11.55,-0.01,8,9240,卖盘
1642,11:18:30,11.56,0.01,4,4624,买盘
1643,11:18:24,11.55,--,31,35805,卖盘
1644,11:18:21,11.55,--,10,11550,卖盘
1645,11:18:12,11.55,--,1,1155,卖盘
1646,11:18:09,11.55,--,1,1155,卖盘
1647,11:18:06,11.55,--,263,303765,卖盘
1648,11:18:03,11.55,-0.01,8,9240,卖盘
1649,11:17:54,11.56,0.01,22,25432,买盘
1650,11:17:51,11.55,--,5,5775,卖盘
1651,11:17:48,11.55,--,95,109725,卖盘
1652,11:17:33,11.55,--,24,27720,卖盘
1653,11:17:30,11.55,--,4,4620,卖盘
1654,11:17:27,11.55,--,2,2310,卖盘
1655,11:17:24,11.55,--,2,2310,卖盘
1656,11:17:15,11.55,--,168,194040,卖盘
1657,11:17:12,11.55,--,40,46200,卖盘
1658,11:17:09,11.55,--,2,2310,卖盘
1659,11:17:06,11.55,--,2,2310,卖盘
1660,11:17:00,11.55,-0.01,3,3465,卖盘
1661,11:16:57,11.56,--,212,245072,买盘
1662,11:16:54,11.56,--,9,10404,买盘
1663,11:16:51,11.56,0.01,5,5780,买盘
1664,11:16:45,11.55,--,31,35805,卖盘
1665,11:16:36,11.55,-0.01,10,11550,卖盘
1666,11:16:33,11.56,--,4,4624,卖盘
1667,11:16:30,11.56,0.01,2,2312,买盘
1668,11:16:27,11.55,--,16,18480,卖盘
1669,11:16:21,11.55,-0.01,659,761145,卖盘
1670,11:16:12,11.56,--,35,40460,卖盘
1671,11:16:09,11.56,--,16,18496,卖盘
1672,11:16:00,11.56,--,224,258944,买盘
1673,11:15:54,11.56,0.01,2,2312,买盘
1674,11:15:51,11.55,-0.01,2,2310,卖盘
1675,11:15:48,11.56,0.01,5,5780,买盘
1676,11:15:45,11.55,--,127,146685,卖盘
1677,11:15:39,11.55,--,3,3465,卖盘
1678,11:15:36,11.55,--,161,185955,卖盘
1679,11:15:24,11.55,-0.01,2,2310,卖盘
1680,11:15:21,11.56,--,5,5780,买盘
1681,11:15:15,11.56,--,20,23120,买盘
1682,11:15:12,11.56,-0.01,30,34680,卖盘
1683,11:15:09,11.57,--,5,5785,买盘
1684,11:15:06,11.57,--,18,20826,买盘
1685,11:15:03,11.57,--,1,1157,买盘
1686,11:15:00,11.57,--,6,6942,买盘
1687,11:14:57,11.57,--,5,5785,买盘
1688,11:14:51,11.57,0.01,5,5785,买盘
1689,11:14:48,11.56,--,345,398820,卖盘
1690,11:14:45,11.56,--,3,3468,卖盘
1691,11:14:30,11.56,--,100,115600,卖盘
1692,11:14:27,11.56,--,4,4624,卖盘
1693,11:14:24,11.56,--,12,13872,卖盘
1694,11:14:15,11.56,--,1,1156,卖盘
1695,11:14:12,11.56,--,11,12716,卖盘
1696,11:14:09,11.56,--,10,11560,卖盘
1697,11:14:06,11.56,--,25,28900,卖盘
1698,11:14:03,11.56,-0.01,30,34680,卖盘
1699,11:14:00,11.57,0.01,58,67106,买盘
1700,11:13:57,11.56,--,69,79764,卖盘
1701,11:13:54,11.56,--,11,12716,卖盘
1702,11:13:51,11.56,-0.01,170,196520,卖盘
1703,11:13:48,11.57,--,8,9256,买盘
1704,11:13:39,11.57,0.01,16,18512,买盘
1705,11:13:36,11.56,-0.01,7,8092,卖盘
1706,11:13:30,11.57,0.01,10,11570,买盘
1707,11:13:24,11.56,--,106,122536,卖盘
1708,11:13:21,11.56,-0.01,21,24276,卖盘
1709,11:13:15,11.57,0.01,101,116857,买盘
1710,11:13:12,11.56,--,4,4624,卖盘
1711,11:13:06,11.56,--,2,2312,卖盘
1712,11:13:03,11.56,--,1,1156,卖盘
1713,11:12:57,11.56,--,700,809200,卖盘
1714,11:12:45,11.56,--,6,6936,卖盘
1715,11:12:42,11.56,-0.01,1,1156,卖盘
1716,11:12:39,11.57,0.01,20,23140,买盘
1717,11:12:36,11.56,--,197,227732,卖盘
1718,11:12:30,11.56,-0.01,50,57800,卖盘
1719,11:12:27,11.57,--,18,20826,买盘
1720,11:12:21,11.57,--,50,57850,买盘
1721,11:12:18,11.57,--,2,2314,买盘
1722,11:12:15,11.57,0.01,43,49751,买盘
1723,11:12:12,11.56,--,1,1156,卖盘
1724,11:12:09,11.56,--,50,57800,卖盘
1725,11:12:03,11.56,--,14,16184,卖盘
1726,11:11:51,11.56,--,18,20808,卖盘
1727,11:11:45,11.56,--,100,115600,卖盘
1728,11:11:42,11.56,-0.01,7,8092,卖盘
1729,11:11:39,11.57,0.01,17,19669,买盘
1730,11:11:27,11.56,--,5,5780,卖盘
1731,11:11:24,11.56,--,13,15028,卖盘
1732,11:11:15,11.56,--,3,3468,卖盘
1733,11:11:12,11.56,-0.01,6,6936,卖盘
1734,11:11:06,11.57,--,27,31239,买盘
1735,11:11:00,11.57,0.01,17,19669,买盘
1736,11:10:54,11.56,--,90,104040,卖盘
1737,11:10:51,11.56,--,2,2312,卖盘
1738,11:10:48,11.56,--,4,4624,卖盘
1739,11:10:45,11.56,--,1,1156,卖盘
1740,11:10:42,11.56,-0.01,4,4624,卖盘
1741,11:10:30,11.57,0.01,5,5785,买盘
1742,11:10:24,11.56,--,52,60112,卖盘
1743,11:10:12,11.56,-0.01,1,1156,卖盘
1744,11:10:06,11.57,0.01,3,3471,买盘
1745,11:10:00,11.56,--,18,20808,卖盘
1746,11:09:57,11.56,--,5,5780,卖盘
1747,11:09:54,11.56,-0.01,20,23120,卖盘
1748,11:09:51,11.57,0.01,44,50908,买盘
1749,11:09:45,11.56,--,1,1156,卖盘
1750,11:09:39,11.56,-0.01,14,16184,卖盘
1751,11:09:33,11.57,--,8,9256,买盘
1752,11:09:30,11.57,0.01,20,23140,买盘
1753,11:09:27,11.56,--,52,60112,买盘
1754,11:09:24,11.56,--,4,4624,买盘
1755,11:09:21,11.56,--,97,112132,买盘
1756,11:09:15,11.56,0.01,10,11560,买盘
1757,11:09:12,11.55,-0.01,2,2310,卖盘
1758,11:09:06,11.56,--,30,34680,买盘
1759,11:09:03,11.56,--,1,1156,买盘
1760,11:09:00,11.56,0.01,32,36992,买盘
1761,11:08:54,11.55,--,1,1155,卖盘
1762,11:08:45,11.55,-0.02,1,1155,卖盘
1763,11:08:42,11.57,0.02,260,300820,买盘
1764,11:08:36,11.55,-0.01,221,255255,卖盘
1765,11:08:30,11.56,0.01,10,11560,买盘
1766,11:08:24,11.55,--,13,15015,卖盘
1767,11:08:21,11.55,--,150,173250,买盘
1768,11:08:18,11.55,--,38,43890,买盘
1769,11:08:15,11.55,0.01,156,180180,买盘
1770,11:08:12,11.54,--,17,19618,卖盘
1771,11:08:09,11.54,-0.01,60,69240,卖盘
1772,11:08:06,11.55,--,4,4620,买盘
1773,11:08:03,11.55,--,2,2310,买盘
1774,11:07:54,11.55,0.01,74,85470,买盘
1775,11:07:45,11.54,--,1,1154,卖盘
1776,11:07:42,11.54,-0.01,47,54237,卖盘
1777,11:07:39,11.55,0.01,6,6930,买盘
1778,11:07:36,11.54,-0.01,76,87704,卖盘
1779,11:07:33,11.55,--,3,3465,买盘
1780,11:07:27,11.55,0.01,22,25410,买盘
1781,11:07:24,11.54,-0.01,2,3023,卖盘
1782,11:07:21,11.55,0.01,55,63525,买盘
1783,11:07:18,11.54,--,3,3461,卖盘
1784,11:07:15,11.54,--,52,60007,卖盘
1785,11:07:12,11.54,--,74,85396,卖盘
1786,11:07:09,11.54,-0.01,200,230799,卖盘
1787,11:07:06,11.55,--,6,6930,买盘
1788,11:07:03,11.55,--,8,9240,买盘
1789,11:06:57,11.55,--,5,5775,买盘
1790,11:06:54,11.55,--,6,6930,买盘
1791,11:06:51,11.55,--,50,57750,买盘
1792,11:06:48,11.55,--,15,17325,买盘
1793,11:06:45,11.55,0.01,110,127050,买盘
1794,11:06:42,11.54,-0.01,4,4616,卖盘
1795,11:06:30,11.55,0.01,77,88935,买盘
1796,11:06:24,11.54,--,23,26541,卖盘
1797,11:06:18,11.54,--,75,86561,买盘
1798,11:06:15,11.54,0.01,12,13847,买盘
1799,11:06:12,11.53,-0.01,17,19601,卖盘
1800,11:06:09,11.54,--,6,6923,买盘
1801,11:06:03,11.54,--,10,11540,买盘
1802,11:06:00,11.54,0.01,43,49621,买盘
1803,11:05:57,11.53,-0.01,12,13836,卖盘
1804,11:05:54,11.54,0.01,47,54237,买盘
1805,11:05:51,11.53,--,34,39202,卖盘
1806,11:05:48,11.53,-0.01,15,17295,卖盘
1807,11:05:45,11.54,--,112,129247,买盘
1808,11:05:42,11.54,-0.01,473,546984,卖盘
1809,11:05:36,11.55,--,2,2310,卖盘
1810,11:05:30,11.55,0.01,2,2310,买盘
1811,11:05:27,11.54,--,5,5770,卖盘
1812,11:05:24,11.54,-0.02,29,33466,卖盘
1813,11:05:21,11.56,0.01,52,60112,买盘
1814,11:05:18,11.55,0.01,83,95865,买盘
1815,11:05:15,11.54,--,156,180035,卖盘
1816,11:05:12,11.54,--,311,358894,卖盘
1817,11:05:06,11.54,-0.01,4,4616,卖盘
1818,11:05:03,11.55,0.01,10,11550,买盘
1819,11:04:57,11.54,--,26,30003,卖盘
1820,11:04:54,11.54,--,49,56545,卖盘
1821,11:04:51,11.54,--,1,1154,卖盘
1822,11:04:48,11.54,--,15,17310,卖盘
1823,11:04:45,11.54,--,7,8077,卖盘
1824,11:04:42,11.54,--,30,34620,卖盘
1825,11:04:39,11.54,--,935,1078990,卖盘
1826,11:04:33,11.54,--,103,118861,卖盘
1827,11:04:30,11.54,--,3,3461,卖盘
1828,11:04:27,11.54,0.01,198,228491,买盘
1829,11:04:24,11.53,--,18,20754,卖盘
1830,11:04:21,11.53,--,84,96852,卖盘
1831,11:04:18,11.53,--,31,35743,卖盘
1832,11:04:15,11.53,--,282,325146,卖盘
1833,11:04:12,11.53,--,6,6918,卖盘
1834,11:04:09,11.53,-0.01,116,133748,卖盘
1835,11:04:06,11.54,0.01,19,21926,买盘
1836,11:04:03,11.53,--,336,387408,卖盘
1837,11:04:00,11.53,--,8,9224,卖盘
1838,11:03:57,11.53,-0.01,5,5765,卖盘
1839,11:03:54,11.54,0.01,41,47314,买盘
1840,11:03:51,11.53,-0.01,266,306698,卖盘
1841,11:03:48,11.54,0.01,225,259649,买盘
1842,11:03:45,11.53,--,71,81863,卖盘
1843,11:03:42,11.53,-0.02,120,138360,卖盘
1844,11:03:39,11.55,0.01,319,368445,买盘
1845,11:03:36,11.54,-0.01,188,216951,卖盘
1846,11:03:33,11.55,0.01,2,2310,买盘
1847,11:03:30,11.54,--,35,40390,卖盘
1848,11:03:27,11.54,--,177,204257,卖盘
1849,11:03:24,11.54,--,26,30003,卖盘
1850,11:03:21,11.54,--,4,4616,中性盘
1851,11:03:18,11.54,0.01,2,2308,买盘
1852,11:03:15,11.53,--,30,34590,卖盘
1853,11:03:12,11.53,-0.01,9,10377,卖盘
1854,11:03:09,11.54,--,21,24234,买盘
1855,11:03:03,11.54,--,4,4616,买盘
1856,11:03:00,11.54,--,5,5770,买盘
1857,11:02:57,11.54,-0.01,45,51929,卖盘
1858,11:02:51,11.55,0.01,55,63525,买盘
1859,11:02:48,11.54,0.01,70,80780,买盘
1860,11:02:45,11.53,-0.01,23,26519,卖盘
1861,11:02:42,11.54,-0.01,186,215786,卖盘
1862,11:02:39,11.55,0.01,154,177870,买盘
1863,11:02:36,11.54,--,429,495065,卖盘
1864,11:02:33,11.54,--,43,49621,卖盘
1865,11:02:30,11.54,--,30,34620,卖盘
1866,11:02:24,11.54,--,2,2308,卖盘
1867,11:02:21,11.54,--,20,23080,卖盘
1868,11:02:18,11.54,--,13,15001,卖盘
1869,11:02:15,11.54,--,37,42698,卖盘
1870,11:02:12,11.54,-0.01,1,1154,卖盘
1871,11:02:09,11.55,0.01,29,33495,买盘
1872,11:02:06,11.54,-0.01,195,225029,卖盘
1873,11:02:03,11.55,--,25,28875,买盘
1874,11:01:57,11.55,--,97,112035,卖盘
1875,11:01:54,11.55,0.01,25,28875,卖盘
1876,11:01:51,11.54,-0.01,46,53083,卖盘
1877,11:01:48,11.55,--,1061,1225455,卖盘
1878,11:01:45,11.55,--,219,253972,卖盘
1879,11:01:42,11.55,--,85,98175,卖盘
1880,11:01:39,11.55,--,84,97020,卖盘
1881,11:01:36,11.55,--,15,17325,卖盘
1882,11:01:33,11.55,-0.01,13,15015,卖盘
1883,11:01:30,11.56,0.01,26,30056,买盘
1884,11:01:27,11.55,--,23,26565,卖盘
1885,11:01:24,11.55,-0.01,49,56595,卖盘
1886,11:01:21,11.56,0.01,105,121380,买盘
1887,11:01:18,11.55,--,61,70455,卖盘
1888,11:01:15,11.55,--,144,166320,卖盘
1889,11:01:12,11.55,--,145,167475,卖盘
1890,11:01:09,11.55,-0.01,87,100485,卖盘
1891,11:01:06,11.56,--,2,2312,卖盘
1892,11:01:03,11.56,0.01,1,1156,中性盘
1893,11:01:00,11.55,-0.01,120,138600,卖盘
1894,11:00:57,11.56,0.01,71,82076,中性盘
1895,11:00:54,11.55,-0.02,23,26565,卖盘
1896,11:00:51,11.57,--,26,30082,买盘
1897,11:00:48,11.57,0.01,49,56693,买盘
1898,11:00:45,11.56,--,107,123692,卖盘
1899,11:00:42,11.56,-0.01,40,46240,卖盘
1900,11:00:39,11.57,0.01,104,120328,买盘
1901,11:00:36,11.56,--,85,98260,卖盘
1902,11:00:33,11.56,-0.01,91,105196,卖盘
1903,11:00:30,11.57,0.01,29,33553,买盘
1904,11:00:27,11.56,--,40,46240,卖盘
1905,11:00:24,11.56,--,172,198832,卖盘
1906,11:00:21,11.56,-0.02,1003,1159468,卖盘
1907,11:00:18,11.58,0.02,8,9264,买盘
1908,11:00:15,11.56,-0.01,433,500548,卖盘
1909,11:00:12,11.57,0.01,111,128427,中性盘
1910,11:00:09,11.56,-0.02,38,43928,卖盘
1911,11:00:06,11.58,--,105,121590,买盘
1912,11:00:03,11.58,--,86,99588,买盘
1913,11:00:00,11.58,0.01,7,8106,买盘
1914,10:59:57,11.57,--,45,52065,卖盘
1915,10:59:54,11.57,-0.01,6,6942,卖盘
1916,10:59:51,11.58,0.01,2,2316,买盘
1917,10:59:48,11.57,--,2,2314,卖盘
1918,10:59:45,11.57,--,1,1157,卖盘
1919,10:59:42,11.57,--,5,5785,买盘
1920,10:59:36,11.57,--,94,108758,卖盘
1921,10:59:33,11.57,--,5,5785,卖盘
1922,10:59:27,11.57,--,250,289250,买盘
1923,10:59:21,11.57,0.01,30,34710,买盘
1924,10:59:18,11.56,-0.01,150,173400,卖盘
1925,10:59:15,11.57,0.01,55,63635,买盘
1926,10:59:12,11.56,-0.01,67,77452,卖盘
1927,10:59:09,11.57,0.01,1,1157,买盘
1928,10:59:06,11.56,-0.01,39,45084,卖盘
1929,10:59:03,11.57,--,19,21983,买盘
1930,10:58:57,11.57,--,19,21983,买盘
1931,10:58:54,11.57,--,13,15041,买盘
1932,10:58:51,11.57,--,3,3471,买盘
1933,10:58:48,11.57,--,11,12727,买盘
1934,10:58:45,11.57,--,59,68263,买盘
1935,10:58:39,11.57,--,2,2314,买盘
1936,10:58:36,11.57,--,107,123799,买盘
1937,10:58:33,11.57,--,8,9256,买盘
1938,10:58:30,11.57,--,82,94874,卖盘
1939,10:58:27,11.57,--,20,23140,卖盘
1940,10:58:24,11.57,--,242,279994,卖盘
1941,10:58:21,11.57,-0.01,17,19669,卖盘
1942,10:58:15,11.58,0.01,84,97272,买盘
1943,10:58:12,11.57,--,401,463957,卖盘
1944,10:58:09,11.57,--,55,63635,卖盘
1945,10:57:57,11.57,--,2,2314,卖盘
1946,10:57:54,11.57,--,35,40495,卖盘
1947,10:57:51,11.57,-0.01,68,78676,卖盘
1948,10:57:48,11.58,--,31,35898,买盘
1949,10:57:45,11.58,--,81,93798,买盘
1950,10:57:42,11.58,--,56,64848,买盘
1951,10:57:39,11.58,--,22,25476,买盘
1952,10:57:36,11.58,--,25,28950,买盘
1953,10:57:33,11.58,--,10,11580,买盘
1954,10:57:30,11.58,0.01,21,24318,买盘
1955,10:57:27,11.57,--,5,5785,卖盘
1956,10:57:24,11.57,--,7,8099,卖盘
1957,10:57:21,11.57,-0.01,13,15041,卖盘
1958,10:57:15,11.58,0.01,10,11580,买盘
1959,10:57:12,11.57,--,1,1157,卖盘
1960,10:57:09,11.57,-0.01,1,1157,卖盘
1961,10:57:06,11.58,--,7,8106,买盘
1962,10:57:03,11.58,--,11,12738,买盘
1963,10:57:00,11.58,0.01,3,3474,买盘
1964,10:56:54,11.57,--,72,83304,卖盘
1965,10:56:51,11.57,-0.01,6,6942,卖盘
1966,10:56:48,11.58,--,1,1158,买盘
1967,10:56:45,11.58,0.01,4,4632,买盘
1968,10:56:27,11.57,--,19,21983,卖盘
1969,10:56:24,11.57,--,2,2314,卖盘
1970,10:56:21,11.57,--,1,1157,卖盘
1971,10:56:18,11.57,--,40,46280,卖盘
1972,10:56:15,11.57,--,4,4628,卖盘
1973,10:56:12,11.57,-0.01,1,1157,卖盘
1974,10:56:09,11.58,0.01,1,1158,买盘
1975,10:56:06,11.57,-0.01,51,59007,卖盘
1976,10:56:03,11.58,--,22,25476,买盘
1977,10:56:00,11.58,--,24,27792,买盘
1978,10:55:57,11.58,--,58,67164,买盘
1979,10:55:54,11.58,--,9,10422,买盘
1980,10:55:51,11.58,--,15,17370,买盘
1981,10:55:48,11.58,0.01,12,13896,买盘
1982,10:55:45,11.57,-0.01,1,1157,卖盘
1983,10:55:39,11.58,--,14,16212,卖盘
1984,10:55:36,11.58,0.01,37,42846,买盘
1985,10:55:33,11.57,-0.01,1,1157,卖盘
1986,10:55:30,11.58,--,11,12738,买盘
1987,10:55:27,11.58,--,24,27792,买盘
1988,10:55:24,11.58,--,20,23160,买盘
1989,10:55:21,11.58,--,34,39372,买盘
1990,10:55:18,11.58,0.02,10,11580,买盘
1991,10:55:15,11.56,--,50,57800,卖盘
1992,10:55:12,11.56,-0.02,40,46240,卖盘
1993,10:55:09,11.58,--,40,46320,买盘
1994,10:55:06,11.58,0.02,125,144750,买盘
1995,10:55:03,11.56,-0.02,6,6936,卖盘
1996,10:55:00,11.58,--,18,20844,买盘
1997,10:54:54,11.58,0.02,126,145908,买盘
1998,10:54:51,11.56,-0.02,40,46240,卖盘
1999,10:54:48,11.58,--,1,1158,买盘
2000,10:54:45,11.58,0.01,8,9264,买盘
2001,10:54:42,11.57,-0.01,26,30082,卖盘
2002,10:54:39,11.58,--,1,1158,买盘
2003,10:54:36,11.58,--,2,2316,买盘
2004,10:54:30,11.58,0.01,2,2316,买盘
2005,10:54:27,11.57,--,45,52065,中性盘
2006,10:54:24,11.57,--,22,25454,买盘
2007,10:54:21,11.57,--,11,12727,买盘
2008,10:54:12,11.57,0.01,2,2314,卖盘
2009,10:54:03,11.56,-0.01,20,23120,卖盘
2010,10:54:00,11.57,--,3,3471,卖盘
2011,10:53:57,11.57,0.01,398,460520,买盘
2012,10:53:54,11.56,-0.01,3,3468,卖盘
2013,10:53:48,11.57,--,52,60164,买盘
2014,10:53:45,11.57,0.01,80,92560,买盘
2015,10:53:42,11.56,--,4,4624,买盘
2016,10:53:39,11.56,--,267,309461,卖盘
2017,10:53:33,11.56,--,3,3468,卖盘
2018,10:53:30,11.56,-0.01,40,46240,卖盘
2019,10:53:27,11.57,0.01,1,1157,买盘
2020,10:53:24,11.56,--,18,20808,卖盘
2021,10:53:15,11.56,--,13,15028,卖盘
2022,10:53:12,11.56,--,3,3468,卖盘
2023,10:53:09,11.56,--,3,3468,卖盘
2024,10:53:06,11.56,--,774,895090,买盘
2025,10:53:03,11.56,--,1,1156,买盘
2026,10:53:00,11.56,--,20,23120,买盘
2027,10:52:57,11.56,--,17,19652,买盘
2028,10:52:54,11.56,--,306,354545,卖盘
2029,10:52:51,11.56,-0.01,49,56644,卖盘
2030,10:52:45,11.57,0.01,79,91403,买盘
2031,10:52:42,11.56,--,66,76296,卖盘
2032,10:52:39,11.56,-0.01,49,56644,卖盘
2033,10:52:36,11.57,0.01,30,34710,买盘
2034,10:52:33,11.56,-0.01,13,15028,卖盘
2035,10:52:30,11.57,0.01,8,9256,买盘
2036,10:52:24,11.56,-0.01,10,11560,卖盘
2037,10:52:21,11.57,0.01,151,174707,买盘
2038,10:52:18,11.56,--,1,1156,卖盘
2039,10:52:15,11.56,--,17,19652,卖盘
2040,10:52:12,11.56,--,1,1156,卖盘
2041,10:52:06,11.56,--,10,11560,卖盘
2042,10:52:03,11.56,--,48,55488,卖盘
2043,10:51:57,11.56,-0.01,206,238136,卖盘
2044,10:51:51,11.57,0.01,25,28925,买盘
2045,10:51:48,11.56,--,20,23120,卖盘
2046,10:51:45,11.56,--,1,1156,卖盘
2047,10:51:42,11.56,--,20,23120,卖盘
2048,10:51:39,11.56,-0.01,9,10404,卖盘
2049,10:51:36,11.57,0.01,152,175864,买盘
2050,10:51:33,11.56,--,2,2312,卖盘
2051,10:51:30,11.56,--,4,4624,卖盘
2052,10:51:27,11.56,--,12,13872,卖盘
2053,10:51:24,11.56,-0.01,14,16184,卖盘
2054,10:51:21,11.57,0.01,2,2314,买盘
2055,10:51:18,11.56,--,16,18496,卖盘
2056,10:51:15,11.56,--,124,143344,卖盘
2057,10:51:12,11.56,--,7,8092,卖盘
2058,10:51:09,11.56,--,80,92480,卖盘
2059,10:51:06,11.56,--,17,19652,卖盘
2060,10:51:03,11.56,--,403,465868,卖盘
2061,10:51:00,11.56,--,13,15028,卖盘
2062,10:50:57,11.56,--,50,57800,卖盘
2063,10:50:54,11.56,--,10,11560,卖盘
2064,10:50:51,11.56,--,328,379168,卖盘
2065,10:50:48,11.56,--,5,5780,卖盘
2066,10:50:45,11.56,--,21,24276,卖盘
2067,10:50:42,11.56,--,27,31212,卖盘
2068,10:50:39,11.56,-0.01,121,139876,卖盘
2069,10:50:36,11.57,0.01,3,3471,买盘
2070,10:50:33,11.56,--,375,433846,卖盘
2071,10:50:30,11.56,--,14,16184,卖盘
2072,10:50:24,11.56,-0.01,25,28900,卖盘
2073,10:50:21,11.57,0.01,21,24297,买盘
2074,10:50:18,11.56,--,1,1156,卖盘
2075,10:50:15,11.56,--,70,80920,卖盘
2076,10:50:12,11.56,--,215,248540,卖盘
2077,10:50:09,11.56,--,374,432344,卖盘
2078,10:50:06,11.56,-0.01,100,115600,卖盘
2079,10:50:03,11.57,0.01,55,63635,买盘
2080,10:50:00,11.56,--,20,23120,卖盘
2081,10:49:57,11.56,--,18,20808,卖盘
2082,10:49:54,11.56,-0.01,36,41616,卖盘
2083,10:49:51,11.57,0.01,206,238342,买盘
2084,10:49:48,11.56,--,93,107508,卖盘
2085,10:49:45,11.56,-0.01,42,48552,卖盘
2086,10:49:42,11.57,--,4,4628,买盘
2087,10:49:39,11.57,0.01,108,124956,买盘
2088,10:49:36,11.56,--,60,69360,卖盘
2089,10:49:33,11.56,--,81,93636,卖盘
2090,10:49:30,11.56,--,88,101728,卖盘
2091,10:49:27,11.56,--,34,39304,卖盘
2092,10:49:24,11.56,-0.01,2,2312,卖盘
2093,10:49:21,11.57,--,23,26611,买盘
2094,10:49:18,11.57,0.01,40,46280,买盘
2095,10:49:15,11.56,--,26,30056,卖盘
2096,10:49:12,11.56,--,94,108664,卖盘
2097,10:49:09,11.56,-0.02,1106,1278848,卖盘
2098,10:49:06,11.58,-0.01,24,27792,卖盘
2099,10:49:03,11.59,--,10,11590,买盘
2100,10:48:57,11.59,0.01,34,39406,买盘
2101,10:48:54,11.58,-0.01,9,10422,卖盘
2102,10:48:51,11.59,0.02,251,290909,买盘
2103,10:48:48,11.57,--,3,3471,卖盘
2104,10:48:45,11.57,-0.01,905,1047085,卖盘
2105,10:48:42,11.58,--,74,85692,卖盘
2106,10:48:39,11.58,--,8,9264,卖盘
2107,10:48:36,11.58,--,27,31266,卖盘
2108,10:48:33,11.58,-0.01,64,74112,卖盘
2109,10:48:30,11.59,0.01,35,40565,买盘
2110,10:48:24,11.58,--,132,152856,卖盘
2111,10:48:21,11.58,--,16,18528,卖盘
2112,10:48:18,11.58,--,8,9264,卖盘
2113,10:48:15,11.58,-0.01,531,614898,卖盘
2114,10:48:12,11.59,--,81,93879,买盘
2115,10:48:09,11.59,0.01,10,11590,买盘
2116,10:48:06,11.58,--,451,522258,卖盘
2117,10:48:03,11.58,-0.01,4,4632,卖盘
2118,10:48:00,11.59,--,112,129808,卖盘
2119,10:47:57,11.59,-0.01,1,1159,卖盘
2120,10:47:54,11.6,0.01,6,6960,买盘
2121,10:47:48,11.59,-0.01,20,23180,卖盘
2122,10:47:45,11.6,0.01,2,2320,买盘
2123,10:47:42,11.59,--,110,127490,卖盘
2124,10:47:39,11.59,-0.01,100,115900,卖盘
2125,10:47:36,11.6,0.01,4,4640,买盘
2126,10:47:33,11.59,--,115,133285,卖盘
2127,10:47:30,11.59,--,2,2318,卖盘
2128,10:47:24,11.59,-0.01,2,2318,卖盘
2129,10:47:18,11.6,0.01,100,116000,买盘
2130,10:47:12,11.59,--,17,19703,卖盘
2131,10:47:06,11.59,-0.01,11,12749,卖盘
2132,10:47:03,11.6,--,66,76560,买盘
2133,10:46:54,11.6,0.01,6,6960,买盘
2134,10:46:48,11.59,--,12,13908,买盘
2135,10:46:45,11.59,--,2,2318,买盘
2136,10:46:42,11.59,0.01,88,101992,买盘
2137,10:46:39,11.58,--,7,8106,卖盘
2138,10:46:36,11.58,-0.01,17,19686,卖盘
2139,10:46:33,11.59,--,23,26657,买盘
2140,10:46:30,11.59,0.01,5,5795,买盘
2141,10:46:27,11.58,--,60,69480,卖盘
2142,10:46:24,11.58,-0.01,60,69480,卖盘
2143,10:46:21,11.59,--,55,63745,买盘
2144,10:46:18,11.59,--,75,86925,卖盘
2145,10:46:15,11.59,--,46,53314,卖盘
2146,10:46:12,11.59,--,3,3477,卖盘
2147,10:46:09,11.59,--,38,44042,卖盘
2148,10:46:06,11.59,--,17,19703,卖盘
2149,10:46:03,11.59,--,10,11590,卖盘
2150,10:46:00,11.59,--,10,11590,卖盘
2151,10:45:57,11.59,--,86,99674,买盘
2152,10:45:54,11.59,0.01,33,38247,买盘
2153,10:45:51,11.58,-0.01,104,120432,卖盘
2154,10:45:48,11.59,0.01,1,1159,买盘
2155,10:45:45,11.58,-0.01,1,1158,卖盘
2156,10:45:42,11.59,0.01,61,70699,买盘
2157,10:45:39,11.58,-0.01,4,4632,卖盘
2158,10:45:36,11.59,--,22,25498,买盘
2159,10:45:33,11.59,-0.01,121,140239,卖盘
2160,10:45:30,11.6,--,26,30160,买盘
2161,10:45:27,11.6,0.01,153,177480,买盘
2162,10:45:24,11.59,-0.01,2,2318,卖盘
2163,10:45:21,11.6,--,4,4640,买盘
2164,10:45:15,11.6,--,132,153120,卖盘
2165,10:45:12,11.6,-0.01,1,1160,卖盘
2166,10:45:09,11.61,0.01,1,1161,买盘
2167,10:45:06,11.6,--,1,1160,卖盘
2168,10:45:03,11.6,--,1,1160,卖盘
2169,10:45:00,11.6,--,8,9280,卖盘
2170,10:44:48,11.6,--,1,1160,卖盘
2171,10:44:45,11.6,--,7,8120,买盘
2172,10:44:42,11.6,--,10,11600,买盘
2173,10:44:39,11.6,0.01,2,2320,买盘
2174,10:44:36,11.59,0.01,21,24339,中性盘
2175,10:44:24,11.58,--,11,12738,卖盘
2176,10:44:21,11.58,--,31,35898,卖盘
2177,10:44:15,11.58,--,30,35585,买盘
2178,10:44:12,11.58,--,46,53268,买盘
2179,10:44:09,11.58,0.01,61,70638,买盘
2180,10:44:03,11.57,-0.01,77,89089,卖盘
2181,10:44:00,11.58,--,202,233916,买盘
2182,10:43:57,11.58,--,31,35898,买盘
2183,10:43:54,11.58,--,2,2316,买盘
2184,10:43:51,11.58,--,43,49794,买盘
2185,10:43:48,11.58,--,75,86850,买盘
2186,10:43:45,11.58,--,34,39372,买盘
2187,10:43:42,11.58,--,75,86850,买盘
2188,10:43:39,11.58,--,58,67164,买盘
2189,10:43:36,11.58,--,7,8106,买盘
2190,10:43:33,11.58,-0.02,2789,3229662,卖盘
2191,10:43:30,11.6,0.01,251,291160,买盘
2192,10:43:27,11.59,--,195,226005,卖盘
2193,10:43:24,11.59,--,22,25498,卖盘
2194,10:43:18,11.59,-0.01,22,25498,卖盘
2195,10:43:15,11.6,0.01,14,16240,买盘
2196,10:43:12,11.59,--,265,307135,卖盘
2197,10:43:09,11.59,--,111,128649,卖盘
2198,10:43:06,11.59,--,37,42883,卖盘
2199,10:43:03,11.59,-0.01,2,2318,卖盘
2200,10:43:00,11.6,0.01,1,1160,买盘
2201,10:42:48,11.59,-0.01,8,9272,卖盘
2202,10:42:45,11.6,--,5,5800,买盘
2203,10:42:42,11.6,0.01,6,6960,买盘
2204,10:42:39,11.59,-0.01,101,117059,卖盘
2205,10:42:36,11.6,0.01,15,17400,买盘
2206,10:42:24,11.59,-0.01,2,2318,卖盘
2207,10:42:21,11.6,0.01,1,1160,买盘
2208,10:42:18,11.59,--,62,71858,卖盘
2209,10:42:12,11.59,-0.01,1001,1160159,卖盘
2210,10:42:09,11.6,0.01,62,71920,买盘
2211,10:42:03,11.59,-0.01,6,6954,卖盘
2212,10:42:00,11.6,0.01,58,67280,买盘
2213,10:41:51,11.59,-0.01,23,26657,卖盘
2214,10:41:48,11.6,--,65,75400,买盘
2215,10:41:45,11.6,--,6,6960,买盘
2216,10:41:42,11.6,--,33,38280,买盘
2217,10:41:39,11.6,--,18,20880,买盘
2218,10:41:36,11.6,0.01,1,1160,买盘
2219,10:41:33,11.59,-0.01,15,17385,卖盘
2220,10:41:30,11.6,0.01,8,9280,买盘
2221,10:41:27,11.59,--,53,61427,卖盘
2222,10:41:24,11.59,-0.01,13,15067,卖盘
2223,10:41:21,11.6,--,90,104400,买盘
2224,10:41:15,11.6,0.01,23,26680,买盘
2225,10:41:12,11.59,-0.01,9,10431,卖盘
2226,10:41:09,11.6,0.01,19,22040,买盘
2227,10:41:03,11.59,--,10,11590,卖盘
2228,10:41:00,11.59,-0.01,2,2318,卖盘
2229,10:40:57,11.6,--,5,5800,买盘
2230,10:40:54,11.6,-0.01,622,721775,卖盘
2231,10:40:51,11.61,--,101,117261,买盘
2232,10:40:48,11.61,--,2,2322,买盘
2233,10:40:45,11.61,0.01,3,3483,买盘
2234,10:40:42,11.6,--,2,2320,卖盘
2235,10:40:39,11.6,--,18,20880,卖盘
2236,10:40:30,11.6,--,31,35960,卖盘
2237,10:40:24,11.6,-0.01,2,2320,卖盘
2238,10:40:21,11.61,--,30,34830,买盘
2239,10:40:18,11.61,--,20,23220,买盘
2240,10:40:15,11.61,0.01,7,8127,买盘
2241,10:40:12,11.6,-0.01,72,83520,卖盘
2242,10:40:09,11.61,-0.01,1,1161,买盘
2243,10:40:06,11.62,0.01,1,1162,买盘
2244,10:40:03,11.61,-0.01,1,1161,卖盘
2245,10:40:00,11.62,0.01,18,20916,买盘
2246,10:39:57,11.61,0.01,10,11610,卖盘
2247,10:39:51,11.6,-0.02,1000,1160000,卖盘
2248,10:39:48,11.62,0.01,8,9296,买盘
2249,10:39:45,11.61,-0.01,1,1161,卖盘
2250,10:39:42,11.62,0.01,13,15105,买盘
2251,10:39:36,11.61,--,50,58050,卖盘
2252,10:39:33,11.61,0.01,17,19737,买盘
2253,10:39:30,11.6,-0.01,268,310880,卖盘
2254,10:39:27,11.61,--,501,581661,买盘
2255,10:39:24,11.61,--,4,4644,买盘
2256,10:39:21,11.61,0.01,11,12771,买盘
2257,10:39:18,11.6,-0.01,107,124120,卖盘
2258,10:39:15,11.61,0.01,12,13932,买盘
2259,10:39:12,11.6,--,1,1160,卖盘
2260,10:39:09,11.6,-0.01,2,2320,卖盘
2261,10:39:06,11.61,--,5,5805,买盘
2262,10:39:03,11.61,0.01,20,23220,买盘
2263,10:39:00,11.6,-0.01,10,11600,卖盘
2264,10:38:57,11.61,0.01,8,9288,买盘
2265,10:38:54,11.6,--,514,596240,卖盘
2266,10:38:51,11.6,-0.01,29,33640,卖盘
2267,10:38:48,11.61,0.01,7,8127,买盘
2268,10:38:45,11.6,-0.01,7,8120,卖盘
2269,10:38:42,11.61,0.01,5,5805,买盘
2270,10:38:39,11.6,--,50,58000,卖盘
2271,10:38:36,11.6,--,50,58000,卖盘
2272,10:38:30,11.6,--,27,31320,卖盘
2273,10:38:24,11.6,--,37,42920,卖盘
2274,10:38:21,11.6,--,2,2320,卖盘
2275,10:38:18,11.6,--,401,465160,卖盘
2276,10:38:15,11.6,--,406,470960,卖盘
2277,10:38:12,11.6,--,16,18560,卖盘
2278,10:38:06,11.6,--,4,4640,卖盘
2279,10:38:03,11.6,--,50,58000,卖盘
2280,10:38:00,11.6,--,50,58000,卖盘
2281,10:37:57,11.6,-0.01,4,4640,卖盘
2282,10:37:51,11.61,0.01,46,53406,买盘
2283,10:37:48,11.6,-0.01,4,4640,卖盘
2284,10:37:45,11.61,--,13,15093,买盘
2285,10:37:36,11.61,--,64,74304,买盘
2286,10:37:33,11.61,--,3,3483,买盘
2287,10:37:30,11.61,--,6,6966,买盘
2288,10:37:27,11.61,--,15,17415,买盘
2289,10:37:24,11.61,--,20,23220,买盘
2290,10:37:21,11.61,--,27,31347,买盘
2291,10:37:18,11.61,0.01,4,4644,买盘
2292,10:37:15,11.6,--,5,5800,卖盘
2293,10:37:12,11.6,-0.01,5,5800,卖盘
2294,10:37:09,11.61,0.01,56,65016,买盘
2295,10:37:06,11.6,-0.01,9,10440,卖盘
2296,10:37:03,11.61,--,100,116100,买盘
2297,10:37:00,11.61,-0.01,8,9288,卖盘
2298,10:36:57,11.62,--,21,24402,买盘
2299,10:36:54,11.62,0.01,90,104580,买盘
2300,10:36:51,11.61,--,50,58050,卖盘
2301,10:36:48,11.61,--,3,3483,卖盘
2302,10:36:45,11.61,-0.01,9,10449,卖盘
2303,10:36:42,11.62,0.01,1,1162,买盘
2304,10:36:39,11.61,--,30,34830,卖盘
2305,10:36:33,11.61,-0.01,2,2322,卖盘
2306,10:36:30,11.62,0.01,1,1162,买盘
2307,10:36:27,11.61,--,89,103329,卖盘
2308,10:36:24,11.61,0.01,14,16254,买盘
2309,10:36:21,11.6,--,12,13920,卖盘
2310,10:36:18,11.6,--,8,10184,卖盘
2311,10:36:12,11.6,-0.01,45,52200,卖盘
2312,10:36:09,11.61,0.01,1,1161,买盘
2313,10:36:06,11.6,--,10,11600,卖盘
2314,10:36:00,11.6,-0.01,27,31320,卖盘
2315,10:35:57,11.61,0.01,19,22059,买盘
2316,10:35:51,11.6,-0.01,48,55680,卖盘
2317,10:35:48,11.61,--,41,47601,卖盘
2318,10:35:45,11.61,--,13,15093,卖盘
2319,10:35:39,11.61,--,1,1161,卖盘
2320,10:35:36,11.61,--,14,16254,买盘
2321,10:35:33,11.61,-0.01,43,49923,卖盘
2322,10:35:30,11.62,--,16,18592,买盘
2323,10:35:27,11.62,0.01,497,577514,买盘
2324,10:35:24,11.61,-0.01,510,592110,卖盘
2325,10:35:21,11.62,--,62,72044,买盘
2326,10:35:18,11.62,--,4,4648,买盘
2327,10:35:15,11.62,--,48,55775,买盘
2328,10:35:12,11.62,--,6,6971,买盘
2329,10:35:06,11.62,0.01,10,11620,买盘
2330,10:35:03,11.61,-0.01,7,8127,卖盘
2331,10:35:00,11.62,--,23,26726,卖盘
2332,10:34:57,11.62,--,45,52290,卖盘
2333,10:34:54,11.62,--,99,115037,卖盘
2334,10:34:51,11.62,--,20,23240,卖盘
2335,10:34:48,11.62,-0.01,2,2324,卖盘
2336,10:34:45,11.63,0.01,5,5815,买盘
2337,10:34:42,11.62,--,7,8133,卖盘
2338,10:34:39,11.62,-0.01,6,6971,卖盘
2339,10:34:36,11.63,--,32,37216,买盘
2340,10:34:30,11.63,0.01,19,22097,买盘
2341,10:34:27,11.62,--,146,169652,卖盘
2342,10:34:24,11.62,--,48,55775,卖盘
2343,10:34:18,11.62,-0.01,4,4648,卖盘
2344,10:34:15,11.63,--,20,23260,买盘
2345,10:34:12,11.63,0.02,3,3489,买盘
2346,10:34:06,11.61,-0.01,200,232200,卖盘
2347,10:34:03,11.62,0.01,69,80178,买盘
2348,10:34:00,11.61,-0.02,7,8127,卖盘
2349,10:33:57,11.63,0.01,100,116300,买盘
2350,10:33:54,11.62,--,44,51128,买盘
2351,10:33:51,11.62,--,25,29049,买盘
2352,10:33:48,11.62,0.01,28,32535,买盘
2353,10:33:45,11.61,-0.01,106,123066,卖盘
2354,10:33:42,11.62,--,19,22078,买盘
2355,10:33:39,11.62,-0.01,449,521737,卖盘
2356,10:33:36,11.63,0.01,120,139560,买盘
2357,10:33:33,11.62,--,2,2324,卖盘
2358,10:33:30,11.62,--,37,42994,卖盘
2359,10:33:27,11.62,-0.01,100,116199,卖盘
2360,10:33:24,11.63,0.01,171,198873,买盘
2361,10:33:21,11.62,--,22,25564,卖盘
2362,10:33:15,11.62,-0.01,38,44156,卖盘
2363,10:33:12,11.63,--,41,47683,卖盘
2364,10:33:06,11.63,--,4,4652,卖盘
2365,10:33:03,11.63,-0.01,452,525676,卖盘
2366,10:33:00,11.64,--,30,34920,买盘
2367,10:32:51,11.64,--,2,2328,买盘
2368,10:32:45,11.64,0.01,356,414384,买盘
2369,10:32:42,11.63,--,20,23260,卖盘
2370,10:32:39,11.63,-0.01,93,108159,卖盘
2371,10:32:36,11.64,--,34,39576,买盘
2372,10:32:33,11.64,--,7,8148,买盘
2373,10:32:30,11.64,--,23,26772,买盘
2374,10:32:24,11.64,0.01,1,1164,买盘
2375,10:32:21,11.63,-0.01,25,29075,卖盘
2376,10:32:18,11.64,--,260,302640,买盘
2377,10:32:15,11.64,0.01,4,4656,买盘
2378,10:32:12,11.63,--,5,5815,卖盘
2379,10:32:09,11.63,-0.01,1,1163,卖盘
2380,10:32:06,11.64,--,6,6984,买盘
2381,10:32:03,11.64,--,2,2328,买盘
2382,10:32:00,11.64,--,7,8148,买盘
2383,10:31:54,11.64,--,5,5820,买盘
2384,10:31:51,11.64,--,73,84972,买盘
2385,10:31:48,11.64,--,3,3492,买盘
2386,10:31:45,11.64,0.01,3,3492,买盘
2387,10:31:42,11.63,-0.01,7,8141,卖盘
2388,10:31:39,11.64,0.01,10,11640,买盘
2389,10:31:33,11.63,-0.01,4,4652,卖盘
2390,10:31:30,11.64,0.01,7,8148,买盘
2391,10:31:27,11.63,-0.01,28,32564,卖盘
2392,10:31:24,11.64,--,4,4656,买盘
2393,10:31:15,11.64,--,10,11640,买盘
2394,10:31:12,11.64,--,36,41904,买盘
2395,10:31:09,11.64,0.01,2,2328,买盘
2396,10:31:06,11.63,-0.01,4,4652,卖盘
2397,10:31:03,11.64,--,1,1164,买盘
2398,10:30:54,11.64,0.01,4,4656,买盘
2399,10:30:48,11.63,--,9,10467,卖盘
2400,10:30:45,11.63,--,79,91877,卖盘
2401,10:30:42,11.63,--,8,9304,卖盘
2402,10:30:39,11.63,-0.01,1,1163,卖盘
2403,10:30:36,11.64,0.01,45,52380,买盘
2404,10:30:33,11.63,--,7,8141,卖盘
2405,10:30:30,11.63,--,4,4652,卖盘
2406,10:30:27,11.63,-0.01,402,467526,卖盘
2407,10:30:24,11.64,--,31,36084,卖盘
2408,10:30:21,11.64,--,1,1164,买盘
2409,10:30:18,11.64,--,50,58200,买盘
2410,10:30:15,11.64,0.01,2,2328,买盘
2411,10:30:12,11.63,--,1,1163,卖盘
2412,10:30:06,11.63,-0.01,31,36053,卖盘
2413,10:30:03,11.64,--,2,2328,买盘
2414,10:30:00,11.64,--,14,16296,买盘
2415,10:29:57,11.64,--,6,6984,买盘
2416,10:29:54,11.64,--,1,1164,买盘
2417,10:29:51,11.64,0.01,4,4656,买盘
2418,10:29:48,11.63,--,33,38379,卖盘
2419,10:29:45,11.63,-0.01,1,1163,卖盘
2420,10:29:42,11.64,--,108,125712,卖盘
2421,10:29:39,11.64,-0.01,22,25608,卖盘
2422,10:29:33,11.65,0.01,81,94365,买盘
2423,10:29:30,11.64,-0.01,110,128040,卖盘
2424,10:29:24,11.65,0.02,2,2330,买盘
2425,10:29:21,11.63,-0.01,5,5815,卖盘
2426,10:29:18,11.64,-0.01,2,2328,买盘
2427,10:29:15,11.65,--,28,32620,买盘
2428,10:29:12,11.65,0.02,10,11650,买盘
2429,10:29:09,11.63,-0.01,162,188638,卖盘
2430,10:29:06,11.64,0.01,5,5820,中性盘
2431,10:29:03,11.63,-0.01,31,36053,卖盘
2432,10:29:00,11.64,0.01,91,105924,买盘
2433,10:28:57,11.63,-0.01,61,70943,卖盘
2434,10:28:54,11.64,--,11,12804,买盘
2435,10:28:51,11.64,0.01,22,25608,买盘
2436,10:28:48,11.63,-0.01,5,5815,卖盘
2437,10:28:45,11.64,0.01,49,57036,买盘
2438,10:28:42,11.63,--,5,5815,卖盘
2439,10:28:33,11.63,-0.01,26,30238,卖盘
2440,10:28:30,11.64,--,13,15132,买盘
2441,10:28:27,11.64,--,12,13968,买盘
2442,10:28:24,11.64,0.01,30,34920,买盘
2443,10:28:21,11.63,-0.01,29,33727,卖盘
2444,10:28:18,11.64,0.01,95,110580,买盘
2445,10:28:15,11.63,-0.01,45,52335,卖盘
2446,10:28:12,11.64,0.01,25,29100,买盘
2447,10:28:09,11.63,--,2,2326,卖盘
2448,10:28:06,11.63,--,15,17445,卖盘
2449,10:28:00,11.63,--,53,61639,买盘
2450,10:27:57,11.63,--,25,29075,买盘
2451,10:27:54,11.63,0.01,62,72106,买盘
2452,10:27:51,11.62,-0.01,9,10458,卖盘
2453,10:27:48,11.63,--,21,24423,买盘
2454,10:27:45,11.63,0.01,6,6978,买盘
2455,10:27:42,11.62,--,22,25564,卖盘
2456,10:27:39,11.62,--,10,11620,卖盘
2457,10:27:36,11.62,--,17,19754,卖盘
2458,10:27:33,11.62,--,27,31373,卖盘
2459,10:27:27,11.62,--,20,23240,卖盘
2460,10:27:24,11.62,--,66,76692,卖盘
2461,10:27:21,11.62,-0.01,55,63909,卖盘
2462,10:27:18,11.63,--,20,23260,买盘
2463,10:27:15,11.63,--,51,59313,买盘
2464,10:27:12,11.63,--,66,76758,买盘
2465,10:27:09,11.63,-0.01,83,96529,卖盘
2466,10:27:06,11.64,0.01,42,48888,买盘
2467,10:27:03,11.63,--,24,27912,卖盘
2468,10:27:00,11.63,--,13,15119,卖盘
2469,10:26:57,11.63,-0.01,11,12793,卖盘
2470,10:26:54,11.64,--,269,313116,卖盘
2471,10:26:51,11.64,--,31,36084,卖盘
2472,10:26:48,11.64,--,10,11640,卖盘
2473,10:26:45,11.64,--,15,17460,卖盘
2474,10:26:39,11.64,--,53,61692,卖盘
2475,10:26:33,11.64,--,73,84972,买盘
2476,10:26:30,11.64,--,11,12804,卖盘
2477,10:26:27,11.64,-0.02,220,256080,卖盘
2478,10:26:24,11.66,0.01,1,1166,买盘
2479,10:26:21,11.65,--,10,11650,买盘
2480,10:26:18,11.65,-0.01,21,24465,卖盘
2481,10:26:15,11.66,0.01,42,48972,买盘
2482,10:26:12,11.65,--,503,585995,卖盘
2483,10:26:09,11.65,-0.01,25,29125,卖盘
2484,10:26:06,11.66,--,21,24486,买盘
2485,10:26:03,11.66,--,3,3498,买盘
2486,10:26:00,11.66,--,421,490886,卖盘
2487,10:25:57,11.66,--,20,23320,卖盘
2488,10:25:54,11.66,--,35,40810,卖盘
2489,10:25:51,11.66,--,10,11660,卖盘
2490,10:25:48,11.66,-0.01,12,13992,卖盘
2491,10:25:45,11.67,0.01,22,25674,买盘
2492,10:25:42,11.66,--,100,116600,卖盘
2493,10:25:39,11.66,--,4,4664,卖盘
2494,10:25:36,11.66,--,8,9328,卖盘
2495,10:25:27,11.66,--,30,34980,卖盘
2496,10:25:24,11.66,-0.01,9,10494,卖盘
2497,10:25:18,11.67,0.01,23,26841,买盘
2498,10:25:15,11.66,--,10,11660,卖盘
2499,10:25:12,11.66,--,511,595826,卖盘
2500,10:25:09,11.66,--,5,5830,卖盘
2501,10:25:06,11.66,--,42,48972,卖盘
2502,10:25:00,11.66,--,43,50138,卖盘
2503,10:24:57,11.66,--,1,1166,卖盘
2504,10:24:54,11.66,--,100,116600,卖盘
2505,10:24:51,11.66,-0.01,10,11660,卖盘
2506,10:24:48,11.67,--,7,8169,买盘
2507,10:24:39,11.67,0.01,115,134205,买盘
2508,10:24:36,11.66,-0.01,16,18656,卖盘
2509,10:24:33,11.67,0.01,31,36177,买盘
2510,10:24:30,11.66,-0.01,35,40810,卖盘
2511,10:24:24,11.67,0.01,26,30342,买盘
2512,10:24:18,11.66,-0.01,44,51304,卖盘
2513,10:24:15,11.67,0.01,20,23340,买盘
2514,10:24:12,11.66,--,4,4664,卖盘
2515,10:24:09,11.66,-0.01,40,46640,卖盘
2516,10:24:06,11.67,--,1,1167,买盘
2517,10:24:03,11.67,--,2,2334,买盘
2518,10:23:57,11.67,0.01,20,23340,买盘
2519,10:23:54,11.66,-0.01,3,3498,卖盘
2520,10:23:48,11.67,--,10,11670,买盘
2521,10:23:42,11.67,--,86,100362,买盘
2522,10:23:39,11.67,0.01,22,25674,买盘
2523,10:23:36,11.66,-0.01,15,17490,卖盘
2524,10:23:30,11.67,0.01,30,35010,买盘
2525,10:23:27,11.66,-0.01,35,40810,卖盘
2526,10:23:24,11.67,--,52,60684,买盘
2527,10:23:21,11.67,0.01,12,14004,买盘
2528,10:23:18,11.66,--,26,30316,卖盘
2529,10:23:15,11.66,--,4,4664,卖盘
2530,10:23:12,11.66,-0.01,25,29150,卖盘
2531,10:23:09,11.67,0.01,1,1167,买盘
2532,10:23:03,11.66,--,35,40810,卖盘
2533,10:22:54,11.66,--,33,38478,卖盘
2534,10:22:51,11.66,-0.01,37,43142,卖盘
2535,10:22:48,11.67,-0.01,10,11670,中性盘
2536,10:22:42,11.68,--,64,74752,买盘
2537,10:22:39,11.68,0.01,53,61904,买盘
2538,10:22:33,11.67,--,80,93360,卖盘
2539,10:22:30,11.67,-0.01,188,219396,卖盘
2540,10:22:27,11.68,--,4,4672,买盘
2541,10:22:24,11.68,0.01,10,11680,买盘
2542,10:22:21,11.67,--,3,3501,卖盘
2543,10:22:18,11.67,--,40,46680,卖盘
2544,10:22:12,11.67,--,22,25674,卖盘
2545,10:22:09,11.67,--,241,281247,卖盘
2546,10:22:03,11.67,--,10,11670,卖盘
2547,10:21:57,11.67,-0.01,24,28008,卖盘
2548,10:21:54,11.68,--,135,157680,买盘
2549,10:21:51,11.68,--,4,4672,买盘
2550,10:21:48,11.68,--,18,21024,买盘
2551,10:21:45,11.68,--,388,453184,卖盘
2552,10:21:42,11.68,--,22,25696,卖盘
2553,10:21:39,11.68,-0.01,131,153008,卖盘
2554,10:21:36,11.69,0.01,41,47929,买盘
2555,10:21:33,11.68,-0.01,10,11680,卖盘
2556,10:21:30,11.69,0.01,29,33901,买盘
2557,10:21:27,11.68,--,36,42048,卖盘
2558,10:21:24,11.68,-0.01,63,73584,卖盘
2559,10:21:21,11.69,0.01,10,11690,买盘
2560,10:21:18,11.68,-0.01,125,146000,卖盘
2561,10:21:15,11.69,0.01,10,11690,买盘
2562,10:21:12,11.68,-0.01,2,2336,卖盘
2563,10:21:06,11.69,0.01,27,31563,买盘
2564,10:21:03,11.68,--,23,26864,卖盘
2565,10:21:00,11.68,-0.01,10,11680,卖盘
2566,10:20:57,11.69,--,25,29225,买盘
2567,10:20:54,11.69,-0.01,95,111055,卖盘
2568,10:20:48,11.7,--,104,121679,买盘
2569,10:20:45,11.7,0.01,28,32759,买盘
2570,10:20:42,11.69,--,15,17535,卖盘
2571,10:20:39,11.69,-0.01,215,251335,卖盘
2572,10:20:33,11.7,0.01,204,238680,买盘
2573,10:20:30,11.69,-0.01,37,43253,卖盘
2574,10:20:27,11.7,0.01,25,29250,买盘
2575,10:20:24,11.69,--,84,98196,卖盘
2576,10:20:21,11.69,-0.01,61,71309,卖盘
2577,10:20:15,11.7,--,1,1170,买盘
2578,10:20:12,11.7,--,4,4680,买盘
2579,10:20:09,11.7,0.01,16,18720,买盘
2580,10:20:06,11.69,-0.01,4,4676,卖盘
2581,10:20:03,11.7,0.01,231,270270,买盘
2582,10:20:00,11.69,-0.01,4,4676,卖盘
2583,10:19:57,11.7,--,9,10530,买盘
2584,10:19:54,11.7,--,47,54990,买盘
2585,10:19:51,11.7,--,108,126359,卖盘
2586,10:19:48,11.7,--,75,87750,卖盘
2587,10:19:45,11.7,-0.01,1,1170,卖盘
2588,10:19:42,11.71,0.01,1,1171,买盘
2589,10:19:39,11.7,--,4,4680,卖盘
2590,10:19:30,11.7,-0.01,21,24570,卖盘
2591,10:19:24,11.71,--,44,51524,买盘
2592,10:19:21,11.71,0.01,10,11710,买盘
2593,10:19:18,11.7,-0.01,53,62009,卖盘
2594,10:19:15,11.71,0.01,26,30446,买盘
2595,10:19:12,11.7,-0.01,110,128699,卖盘
2596,10:19:09,11.71,0.01,10,11710,买盘
2597,10:19:06,11.7,--,16,18720,卖盘
2598,10:18:57,11.7,--,2,2340,卖盘
2599,10:18:54,11.7,--,33,38610,卖盘
2600,10:18:51,11.7,--,3,3510,卖盘
2601,10:18:45,11.7,-0.01,4,4680,卖盘
2602,10:18:39,11.71,0.01,95,111245,买盘
2603,10:18:36,11.7,--,18,21060,卖盘
2604,10:18:33,11.7,-0.01,2,2340,卖盘
2605,10:18:30,11.71,0.01,220,257620,买盘
2606,10:18:27,11.7,--,13,15209,卖盘
2607,10:18:24,11.7,-0.01,80,93600,卖盘
2608,10:18:21,11.71,0.01,30,35130,买盘
2609,10:18:18,11.7,-0.01,158,184860,卖盘
2610,10:18:15,11.71,--,128,149888,买盘
2611,10:18:09,11.71,--,23,26933,买盘
2612,10:18:06,11.71,--,55,64405,买盘
2613,10:18:03,11.71,--,12,14052,买盘
2614,10:18:00,11.71,--,7,8197,买盘
2615,10:17:57,11.71,--,82,96022,买盘
2616,10:17:54,11.71,0.01,153,179163,买盘
2617,10:17:48,11.7,-0.01,133,155610,卖盘
2618,10:17:45,11.71,--,18,21078,买盘
2619,10:17:39,11.71,0.01,88,103048,买盘
2620,10:17:36,11.7,--,2,2340,卖盘
2621,10:17:33,11.7,-0.01,35,40950,卖盘
2622,10:17:30,11.71,0.01,200,234200,买盘
2623,10:17:27,11.7,-0.01,14,16379,卖盘
2624,10:17:24,11.71,--,47,55037,买盘
2625,10:17:21,11.71,0.01,50,58550,买盘
2626,10:17:18,11.7,-0.01,5,5850,卖盘
2627,10:17:15,11.71,0.01,93,108903,买盘
2628,10:17:12,11.7,-0.01,100,117000,卖盘
2629,10:17:09,11.71,0.01,210,245910,买盘
2630,10:17:06,11.7,-0.01,78,91260,卖盘
2631,10:17:03,11.71,0.01,1,1171,买盘
2632,10:16:57,11.7,0.01,10,11700,买盘
2633,10:16:54,11.69,-0.01,26,30394,卖盘
2634,10:16:51,11.7,--,18,21060,卖盘
2635,10:16:48,11.7,-0.01,3,3510,中性盘
2636,10:16:45,11.71,0.01,678,793938,买盘
2637,10:16:42,11.7,-0.01,182,212940,卖盘
2638,10:16:39,11.71,--,10,11710,买盘
2639,10:16:36,11.71,0.01,4,4684,买盘
2640,10:16:30,11.7,--,17,19890,卖盘
2641,10:16:27,11.7,--,45,52650,卖盘
2642,10:16:24,11.7,--,67,78390,卖盘
2643,10:16:21,11.7,--,89,104130,卖盘
2644,10:16:15,11.7,--,260,304200,卖盘
2645,10:16:12,11.7,--,8,9360,卖盘
2646,10:16:09,11.7,-0.01,3,3510,卖盘
2647,10:16:06,11.71,--,12,14052,买盘
2648,10:16:03,11.71,--,59,69089,买盘
2649,10:16:00,11.71,0.01,23,26933,买盘
2650,10:15:57,11.7,--,30,35100,卖盘
2651,10:15:54,11.7,--,39,45630,卖盘
2652,10:15:51,11.7,--,85,99450,卖盘
2653,10:15:48,11.7,--,3,3510,卖盘
2654,10:15:42,11.7,-0.01,50,58500,卖盘
2655,10:15:39,11.71,0.01,113,132323,买盘
2656,10:15:36,11.7,-0.01,25,29250,卖盘
2657,10:15:33,11.71,--,38,44498,买盘
2658,10:15:30,11.71,--,15,17565,买盘
2659,10:15:27,11.71,-0.01,100,117100,中性盘
2660,10:15:24,11.72,--,511,598892,买盘
2661,10:15:21,11.72,0.01,70,82040,买盘
2662,10:15:18,11.71,--,124,145204,卖盘
2663,10:15:15,11.71,-0.01,27,31617,卖盘
2664,10:15:12,11.72,--,55,64460,买盘
2665,10:15:09,11.72,--,2,2344,买盘
2666,10:15:06,11.72,--,10,11720,买盘
2667,10:15:03,11.72,0.01,17,19924,买盘
2668,10:15:00,11.71,-0.01,52,60892,卖盘
2669,10:14:57,11.72,0.01,115,134780,买盘
2670,10:14:54,11.71,--,32,37472,卖盘
2671,10:14:51,11.71,--,25,29275,卖盘
2672,10:14:48,11.71,--,10,11710,卖盘
2673,10:14:45,11.71,--,252,295092,卖盘
2674,10:14:42,11.71,--,116,135836,卖盘
2675,10:14:39,11.71,--,24,28104,卖盘
2676,10:14:36,11.71,--,240,281040,卖盘
2677,10:14:33,11.71,--,15,17565,卖盘
2678,10:14:30,11.71,-0.01,3,3513,卖盘
2679,10:14:27,11.72,0.01,23,26956,买盘
2680,10:14:18,11.71,-0.01,15,17565,卖盘
2681,10:14:15,11.72,--,58,67976,买盘
2682,10:14:09,11.72,0.02,124,145328,买盘
2683,10:14:06,11.7,-0.01,9,10530,卖盘
2684,10:14:03,11.71,--,135,158085,卖盘
2685,10:14:00,11.71,--,116,135836,卖盘
2686,10:13:57,11.71,--,56,65576,卖盘
2687,10:13:54,11.71,-0.01,89,104219,卖盘
2688,10:13:51,11.72,0.01,13,15236,买盘
2689,10:13:48,11.71,--,41,48011,卖盘
2690,10:13:45,11.71,0.01,75,87825,买盘
2691,10:13:42,11.7,-0.01,37,43290,卖盘
2692,10:13:39,11.71,--,21,24591,卖盘
2693,10:13:36,11.71,--,22,25762,卖盘
2694,10:13:33,11.71,--,99,115929,卖盘
2695,10:13:30,11.71,--,64,74944,卖盘
2696,10:13:27,11.71,0.01,109,127639,买盘
2697,10:13:24,11.7,-0.01,14,16379,卖盘
2698,10:13:21,11.71,-0.01,170,199070,卖盘
2699,10:13:18,11.72,--,243,284796,买盘
2700,10:13:15,11.72,--,18,21096,买盘
2701,10:13:12,11.72,--,201,235572,买盘
2702,10:13:09,11.72,0.01,141,165252,买盘
2703,10:13:06,11.71,--,22,25762,卖盘
2704,10:13:03,11.71,--,106,124126,卖盘
2705,10:13:00,11.71,--,5,5855,卖盘
2706,10:12:57,11.71,--,42,49182,卖盘
2707,10:12:54,11.71,-0.01,35,40985,卖盘
2708,10:12:51,11.72,0.01,88,103136,买盘
2709,10:12:48,11.71,--,31,36301,卖盘
2710,10:12:45,11.71,-0.01,48,56208,卖盘
2711,10:12:42,11.72,0.01,14,16408,买盘
2712,10:12:39,11.71,--,41,48011,卖盘
2713,10:12:36,11.71,--,152,177992,卖盘
2714,10:12:33,11.71,-0.01,19,22249,卖盘
2715,10:12:30,11.72,0.01,161,188692,买盘
2716,10:12:27,11.71,--,116,135836,卖盘
2717,10:12:24,11.71,--,160,187360,卖盘
2718,10:12:21,11.71,--,73,85483,卖盘
2719,10:12:18,11.71,-0.01,29,33959,卖盘
2720,10:12:15,11.72,0.01,42,49224,买盘
2721,10:12:12,11.71,-0.01,241,282211,卖盘
2722,10:12:09,11.72,--,8,9376,买盘
2723,10:12:06,11.72,0.01,51,59772,买盘
2724,10:12:00,11.71,-0.01,19,22249,卖盘
2725,10:11:57,11.72,0.01,57,66804,买盘
2726,10:11:54,11.71,--,80,93680,卖盘
2727,10:11:51,11.71,-0.01,234,274014,卖盘
2728,10:11:48,11.72,0.01,307,359804,买盘
2729,10:11:45,11.71,-0.01,10,11710,卖盘
2730,10:11:42,11.72,0.01,152,178144,买盘
2731,10:11:39,11.71,-0.01,35,40985,卖盘
2732,10:11:36,11.72,--,10,11720,买盘
2733,10:11:30,11.72,0.01,120,140640,买盘
2734,10:11:27,11.71,-0.01,37,43327,卖盘
2735,10:11:24,11.72,--,121,141812,买盘
2736,10:11:18,11.72,0.01,21,24612,买盘
2737,10:11:15,11.71,-0.01,32,37472,卖盘
2738,10:11:12,11.72,--,125,146500,买盘
2739,10:11:09,11.72,--,210,246120,卖盘
2740,10:11:06,11.72,-0.01,442,519184,卖盘
2741,10:11:03,11.73,-0.01,146,171258,卖盘
2742,10:11:00,11.74,0.01,160,187840,买盘
2743,10:10:57,11.73,--,15,17595,卖盘
2744,10:10:54,11.73,-0.01,65,76245,卖盘
2745,10:10:51,11.74,--,46,54004,买盘
2746,10:10:48,11.74,0.01,47,55178,买盘
2747,10:10:45,11.73,-0.01,67,78591,卖盘
2748,10:10:42,11.74,--,55,64570,买盘
2749,10:10:39,11.74,--,122,143228,买盘
2750,10:10:36,11.74,--,78,91572,卖盘
2751,10:10:33,11.74,--,31,36394,买盘
2752,10:10:30,11.74,-0.01,35,41090,中性盘
2753,10:10:27,11.75,0.01,393,461775,买盘
2754,10:10:24,11.74,-0.01,42,49308,买盘
2755,10:10:21,11.75,0.01,1104,1297200,买盘
2756,10:10:18,11.74,-0.01,136,159664,卖盘
2757,10:10:15,11.75,0.01,165,193875,买盘
2758,10:10:12,11.74,-0.01,167,196058,卖盘
2759,10:10:09,11.75,--,34,39950,买盘
2760,10:10:06,11.75,--,23,27025,买盘
2761,10:10:03,11.75,--,12,14100,买盘
2762,10:10:00,11.75,--,294,345450,买盘
2763,10:09:57,11.75,--,73,85775,买盘
2764,10:09:54,11.75,-0.01,1,1175,买盘
2765,10:09:51,11.76,0.01,114,134064,买盘
2766,10:09:48,11.75,--,127,149225,卖盘
2767,10:09:45,11.75,--,136,159800,卖盘
2768,10:09:42,11.75,--,49,57575,卖盘
2769,10:09:39,11.75,--,293,344275,卖盘
2770,10:09:36,11.75,0.01,143,168025,买盘
2771,10:09:33,11.74,-0.01,155,181970,卖盘
2772,10:09:30,11.75,0.01,284,333700,买盘
2773,10:09:27,11.74,--,5,5870,买盘
2774,10:09:24,11.74,--,66,77484,买盘
2775,10:09:21,11.74,0.01,21,24654,中性盘
2776,10:09:18,11.73,-0.02,286,335478,卖盘
2777,10:09:15,11.75,--,189,222075,卖盘
2778,10:09:12,11.75,--,689,809575,卖盘
2779,10:09:09,11.75,0.02,865,1016386,买盘
2780,10:09:06,11.73,--,129,151317,买盘
2781,10:09:03,11.73,0.01,30,35190,买盘
2782,10:09:00,11.72,-0.03,22,25784,卖盘
2783,10:08:57,11.75,--,286,336050,买盘
2784,10:08:54,11.75,0.01,362,425350,买盘
2785,10:08:51,11.74,--,445,522430,买盘
2786,10:08:48,11.74,--,190,223060,买盘
2787,10:08:45,11.74,-0.01,113,132662,卖盘
2788,10:08:39,11.75,--,168,197400,买盘
2789,10:08:36,11.75,0.01,296,347800,买盘
2790,10:08:33,11.74,0.01,746,875897,买盘
2791,10:08:30,11.73,--,48,56304,卖盘
2792,10:08:27,11.73,--,157,184161,卖盘
2793,10:08:24,11.73,-0.01,200,234600,卖盘
2794,10:08:21,11.74,--,425,498950,买盘
2795,10:08:18,11.74,0.01,182,213668,买盘
2796,10:08:15,11.73,-0.01,260,304980,卖盘
2797,10:08:12,11.74,--,333,390942,买盘
2798,10:08:09,11.74,0.01,27,31698,买盘
2799,10:08:06,11.73,--,17,19941,卖盘
2800,10:08:03,11.73,--,40,46920,卖盘
2801,10:08:00,11.73,--,70,82110,卖盘
2802,10:07:57,11.73,0.01,81,95013,买盘
2803,10:07:54,11.72,-0.01,67,78524,卖盘
2804,10:07:51,11.73,0.01,297,348381,买盘
2805,10:07:48,11.72,--,48,56256,买盘
2806,10:07:45,11.72,0.02,20,23440,买盘
2807,10:07:42,11.7,--,262,306540,卖盘
2808,10:07:39,11.7,--,4,4680,卖盘
2809,10:07:36,11.7,0.01,318,372060,买盘
2810,10:07:33,11.69,-0.01,1517,1773373,卖盘
2811,10:07:30,11.7,0.01,13,15209,买盘
2812,10:07:27,11.69,-0.01,52,60788,卖盘
2813,10:07:24,11.7,--,358,418860,买盘
2814,10:07:21,11.7,--,37,43290,买盘
2815,10:07:18,11.7,0.01,247,288990,买盘
2816,10:07:15,11.69,-0.01,216,252504,卖盘
2817,10:07:12,11.7,0.01,216,252719,买盘
2818,10:07:09,11.69,--,13,15197,卖盘
2819,10:07:06,11.69,--,175,204575,卖盘
2820,10:07:03,11.69,--,105,122745,卖盘
2821,10:07:00,11.69,--,49,57281,卖盘
2822,10:06:57,11.69,--,83,97027,买盘
2823,10:06:54,11.69,--,494,577486,买盘
2824,10:06:51,11.69,0.01,89,104041,买盘
2825,10:06:48,11.68,--,55,64240,卖盘
2826,10:06:42,11.68,--,18,21024,卖盘
2827,10:06:39,11.68,-0.01,22,25696,卖盘
