,time,price,change,volume,amount,type
0,15:00:03,11.27,--,3088,3480176,买盘
1,14:57:00,11.27,--,0,0,买盘
2,14:56:57,11.27,0.01,41,46207,买盘
3,14:56:42,11.26,-0.01,50,56300,卖盘
4,14:56:39,11.27,--,166,187082,买盘
5,14:56:36,11.27,0.01,20,22540,买盘
6,14:56:33,11.26,--,27,30402,卖盘
7,14:56:30,11.26,--,172,193672,卖盘
8,14:56:27,11.26,--,24,27024,卖盘
9,14:56:21,11.26,--,3,3378,卖盘
10,14:56:18,11.26,--,15,16890,卖盘
11,14:56:12,11.26,-0.01,129,145254,卖盘
12,14:56:09,11.27,0.01,10,11270,买盘
13,14:56:03,11.26,--,15,16890,卖盘
14,14:56:00,11.26,--,20,22520,卖盘
15,14:55:57,11.26,--,210,236460,买盘
16,14:55:48,11.26,--,2,2252,买盘
17,14:55:45,11.26,--,22,24772,买盘
18,14:55:39,11.26,--,10,11260,买盘
19,14:55:36,11.26,--,1,1126,买盘
20,14:55:27,11.26,--,32,36032,买盘
21,14:55:21,11.26,--,167,188042,买盘
22,14:55:18,11.26,--,15,16890,买盘
23,14:55:12,11.26,0.01,41,46166,买盘
24,14:55:09,11.25,-0.01,120,135000,卖盘
25,14:55:06,11.26,-0.01,141,158766,卖盘
26,14:55:03,11.27,0.01,60,67620,买盘
27,14:55:00,11.26,--,13,14638,卖盘
28,14:54:57,11.26,--,8,9008,卖盘
29,14:54:54,11.26,0.01,24,27024,卖盘
30,14:54:48,11.25,-0.01,120,135000,卖盘
31,14:54:45,11.26,0.01,10,11260,中性盘
32,14:54:36,11.25,-0.01,110,123750,卖盘
33,14:54:33,11.26,0.01,10,11260,买盘
34,14:54:30,11.25,-0.01,55,61875,卖盘
35,14:54:24,11.26,--,26,29276,卖盘
36,14:54:18,11.26,--,70,78820,卖盘
37,14:54:15,11.26,--,29,32654,卖盘
38,14:54:12,11.26,--,500,563000,卖盘
39,14:54:06,11.26,--,20,22520,卖盘
40,14:53:57,11.26,--,37,41662,卖盘
41,14:53:54,11.26,--,92,103592,卖盘
42,14:53:48,11.26,-0.01,4,4504,卖盘
43,14:53:42,11.27,0.01,65,73255,买盘
44,14:53:39,11.26,--,158,178358,买盘
45,14:53:36,11.26,0.01,68,76568,买盘
46,14:53:33,11.25,--,81,91125,卖盘
47,14:53:30,11.25,-0.01,281,316642,卖盘
48,14:53:27,11.26,0.01,1,1126,中性盘
49,14:53:24,11.25,-0.01,186,209250,卖盘
50,14:53:21,11.26,--,26,29276,卖盘
51,14:53:18,11.26,0.01,12,13512,中性盘
52,14:53:12,11.25,-0.01,29,32625,卖盘
53,14:53:09,11.26,-0.01,83,93458,卖盘
54,14:53:06,11.27,0.01,217,244559,买盘
55,14:53:03,11.26,--,212,238712,买盘
56,14:53:00,11.26,0.01,62,69812,中性盘
57,14:52:54,11.25,-0.01,197,221625,卖盘
58,14:52:51,11.26,--,56,63056,卖盘
59,14:52:48,11.26,--,4,4504,买盘
60,14:52:45,11.26,--,176,198176,买盘
61,14:52:42,11.26,--,260,292760,卖盘
62,14:52:39,11.26,-0.01,262,295012,中性盘
63,14:52:33,11.27,--,51,57477,买盘
64,14:52:30,11.27,0.02,32,36064,买盘
65,14:52:24,11.25,-0.02,29,32625,卖盘
66,14:52:21,11.27,--,201,226527,买盘
67,14:52:18,11.27,0.01,73,82271,买盘
68,14:52:15,11.26,--,74,83324,卖盘
69,14:52:12,11.26,--,224,252224,卖盘
70,14:52:09,11.26,0.01,98,110348,买盘
71,14:52:06,11.25,-0.01,27,30375,卖盘
72,14:52:03,11.26,--,135,152010,卖盘
73,14:52:00,11.26,--,81,91206,买盘
74,14:51:57,11.26,0.01,29,32654,买盘
75,14:51:54,11.25,-0.01,38,42750,卖盘
76,14:51:51,11.26,--,72,81072,买盘
77,14:51:48,11.26,0.01,47,52922,买盘
78,14:51:45,11.25,-0.01,103,115875,卖盘
79,14:51:42,11.26,--,139,156514,卖盘
80,14:51:39,11.26,--,302,340052,卖盘
81,14:51:36,11.26,--,261,293886,卖盘
82,14:51:33,11.26,--,247,278122,卖盘
83,14:51:30,11.26,-0.01,224,252224,卖盘
84,14:51:27,11.27,0.01,111,125097,买盘
85,14:51:24,11.26,--,52,58552,买盘
86,14:51:21,11.26,--,10,11260,买盘
87,14:51:18,11.26,0.01,576,648576,买盘
88,14:51:15,11.25,--,87,97875,卖盘
89,14:51:03,11.25,-0.01,83,93375,卖盘
90,14:51:00,11.26,0.01,20,22520,买盘
91,14:50:54,11.25,--,8,9000,卖盘
92,14:50:51,11.25,-0.01,24,27000,卖盘
93,14:50:48,11.26,0.01,5,5630,买盘
94,14:50:33,11.25,--,184,207000,卖盘
95,14:50:30,11.25,--,6,6750,卖盘
96,14:50:27,11.25,--,9,10125,卖盘
97,14:50:21,11.25,--,112,126000,卖盘
98,14:50:18,11.25,0.01,83,93375,买盘
99,14:50:12,11.24,--,87,98035,买盘
100,14:50:09,11.24,--,2,2248,买盘
101,14:50:06,11.24,--,1,1124,买盘
102,14:50:03,11.24,--,37,41588,买盘
103,14:50:00,11.24,--,263,296646,卖盘
104,14:49:57,11.24,-0.01,10,11240,卖盘
105,14:49:51,11.25,--,11,12375,买盘
106,14:49:48,11.25,--,22,24750,买盘
107,14:49:42,11.25,0.01,315,354375,买盘
108,14:49:33,11.24,--,23,25852,卖盘
109,14:49:30,11.24,--,14,15736,卖盘
110,14:49:27,11.24,--,50,56200,卖盘
111,14:49:24,11.24,--,15,16860,卖盘
112,14:49:21,11.24,-0.01,5,5620,卖盘
113,14:49:18,11.25,0.01,244,274590,买盘
114,14:49:15,11.24,--,172,193328,买盘
115,14:49:12,11.24,-0.01,566,637218,卖盘
116,14:49:09,11.25,0.01,26,29250,买盘
117,14:49:03,11.24,-0.01,26,29224,卖盘
118,14:49:00,11.25,--,17,19125,买盘
119,14:48:57,11.25,--,41,46125,买盘
120,14:48:51,11.25,--,60,67500,买盘
121,14:48:48,11.25,0.01,6,6750,买盘
122,14:48:45,11.24,-0.01,5,5620,卖盘
123,14:48:42,11.25,--,109,122625,买盘
124,14:48:39,11.25,--,133,149625,买盘
125,14:48:33,11.25,0.01,147,165375,买盘
126,14:48:30,11.24,--,112,125888,卖盘
127,14:48:27,11.24,--,7,7868,卖盘
128,14:48:21,11.24,-0.01,10,11240,卖盘
129,14:48:09,11.25,0.01,50,56250,买盘
130,14:48:03,11.24,-0.01,24,26976,卖盘
131,14:48:00,11.25,--,38,42750,买盘
132,14:47:54,11.25,0.01,26,29250,买盘
133,14:47:51,11.24,--,5,5620,卖盘
134,14:47:45,11.24,--,16,17984,卖盘
135,14:47:39,11.24,--,20,22480,卖盘
136,14:47:36,11.24,0.01,463,520501,买盘
137,14:47:33,11.23,--,24,26952,卖盘
138,14:47:30,11.23,--,1,1123,卖盘
139,14:47:27,11.23,--,1,1123,卖盘
140,14:47:24,11.23,--,1,1123,卖盘
141,14:47:21,11.23,--,48,53904,卖盘
142,14:47:06,11.23,--,2,2246,卖盘
143,14:47:03,11.23,--,23,25829,卖盘
144,14:47:00,11.23,--,16,17968,卖盘
145,14:46:54,11.23,-0.01,5,5615,卖盘
146,14:46:51,11.24,--,3,3372,买盘
147,14:46:48,11.24,0.01,10,11240,买盘
148,14:46:42,11.23,--,30,33690,卖盘
149,14:46:36,11.23,--,20,22460,卖盘
150,14:46:33,11.23,--,23,25829,卖盘
151,14:46:30,11.23,--,2,2246,卖盘
152,14:46:27,11.23,--,2,2246,卖盘
153,14:46:24,11.23,--,4,4492,卖盘
154,14:46:18,11.23,--,2,2246,卖盘
155,14:46:15,11.23,-0.01,21,23583,卖盘
156,14:46:12,11.24,0.01,96,107904,买盘
157,14:46:09,11.23,--,2,2246,卖盘
158,14:46:03,11.23,-0.01,26,29198,卖盘
159,14:46:00,11.24,0.01,8,8992,买盘
160,14:45:54,11.23,--,1,1123,卖盘
161,14:45:51,11.23,-0.01,6,6738,卖盘
162,14:45:48,11.24,--,19,22390,卖盘
163,14:45:45,11.24,--,86,96753,买盘
164,14:45:42,11.24,0.01,63,70812,买盘
165,14:45:39,11.23,-0.01,24,26952,卖盘
166,14:45:33,11.24,-0.01,71,80838,卖盘
167,14:45:30,11.25,--,14,15750,买盘
168,14:45:27,11.25,--,3,3375,买盘
169,14:45:24,11.25,--,10,11250,买盘
170,14:45:21,11.25,0.01,12,13500,买盘
171,14:45:18,11.24,--,6,6744,卖盘
172,14:45:12,11.24,0.01,170,191169,买盘
173,14:45:03,11.23,-0.01,24,26952,卖盘
174,14:44:54,11.24,--,1,1124,买盘
175,14:44:51,11.24,0.01,221,248404,买盘
176,14:44:48,11.23,-0.01,4,4492,卖盘
177,14:44:45,11.24,--,17,19108,买盘
178,14:44:42,11.24,--,23,25852,买盘
179,14:44:39,11.24,0.01,1,1124,买盘
180,14:44:36,11.23,-0.01,85,95455,卖盘
181,14:44:33,11.24,0.01,88,98912,买盘
182,14:44:30,11.23,--,4,4492,卖盘
183,14:44:27,11.23,--,2,2246,卖盘
184,14:44:21,11.23,-0.01,5,5615,卖盘
185,14:44:18,11.24,0.01,91,102284,买盘
186,14:44:15,11.23,--,1,1123,卖盘
187,14:44:09,11.23,--,20,22460,卖盘
188,14:44:03,11.23,-0.01,23,25829,卖盘
189,14:44:00,11.24,0.01,2,2248,买盘
190,14:43:57,11.23,--,238,267274,卖盘
191,14:43:54,11.23,-0.01,2,2246,卖盘
192,14:43:51,11.24,0.01,5,5620,买盘
193,14:43:48,11.23,-0.01,1,1123,卖盘
194,14:43:42,11.24,--,2,2248,买盘
195,14:43:39,11.24,0.01,5,5620,买盘
196,14:43:36,11.23,--,1,1123,卖盘
197,14:43:33,11.23,--,31,34813,卖盘
198,14:43:30,11.23,-0.01,66,74118,卖盘
199,14:43:27,11.24,--,13,14612,买盘
200,14:43:24,11.24,0.01,33,37092,买盘
201,14:43:21,11.23,--,12,13476,卖盘
202,14:43:18,11.23,-0.01,20,22460,卖盘
203,14:43:12,11.24,0.01,25,28100,买盘
204,14:43:09,11.23,--,215,241894,卖盘
205,14:43:03,11.23,-0.01,25,28075,卖盘
206,14:43:00,11.24,-0.01,254,286530,卖盘
207,14:42:57,11.25,--,29,32625,买盘
208,14:42:51,11.25,--,10,11250,买盘
209,14:42:48,11.25,0.01,1,1125,买盘
210,14:42:33,11.24,--,24,26976,卖盘
211,14:42:27,11.24,-0.01,37,41588,卖盘
212,14:42:21,11.25,0.01,4,4500,买盘
213,14:42:18,11.24,-0.01,8,8992,卖盘
214,14:42:15,11.25,0.01,5,5625,买盘
215,14:42:06,11.24,--,10,11240,卖盘
216,14:42:03,11.24,--,23,25852,卖盘
217,14:42:00,11.24,-0.01,24,26976,卖盘
218,14:41:57,11.25,--,1,1125,买盘
219,14:41:54,11.25,--,12,13500,买盘
220,14:41:48,11.25,--,100,112500,买盘
221,14:41:45,11.25,--,20,22500,买盘
222,14:41:42,11.25,--,1,1125,买盘
223,14:41:39,11.25,0.01,30,33750,买盘
224,14:41:33,11.24,-0.01,26,29224,卖盘
225,14:41:27,11.25,--,65,73125,买盘
226,14:41:24,11.25,0.01,9,10125,买盘
227,14:41:18,11.24,-0.01,1,1124,卖盘
228,14:41:15,11.25,--,10,11250,买盘
229,14:41:12,11.25,--,5,5625,买盘
230,14:41:09,11.25,0.01,3,3375,买盘
231,14:41:03,11.24,-0.01,23,25852,卖盘
232,14:41:00,11.25,--,34,38250,买盘
233,14:40:51,11.25,0.01,17,19125,买盘
234,14:40:48,11.24,--,1,1124,卖盘
235,14:40:45,11.24,--,6,6833,买盘
236,14:40:33,11.24,-0.01,16,19018,卖盘
237,14:40:30,11.25,--,31,34875,买盘
238,14:40:27,11.25,0.02,74,83340,买盘
239,14:40:24,11.23,--,1,1123,卖盘
240,14:40:21,11.23,-0.01,5,5615,卖盘
241,14:40:18,11.24,--,24,26976,买盘
242,14:40:15,11.24,--,5,5620,买盘
243,14:40:09,11.24,0.01,15,16860,买盘
244,14:40:06,11.23,--,2,2246,卖盘
245,14:40:03,11.23,--,30,33690,卖盘
246,14:39:54,11.23,-0.01,43,48289,卖盘
247,14:39:48,11.24,0.01,105,118020,买盘
248,14:39:45,11.23,-0.01,3,3369,卖盘
249,14:39:39,11.24,--,3,3372,买盘
250,14:39:36,11.24,0.01,5,5620,买盘
251,14:39:33,11.23,-0.01,79,88717,卖盘
252,14:39:27,11.24,--,37,41588,买盘
253,14:39:21,11.24,--,1,1124,买盘
254,14:39:15,11.24,0.01,5,5620,买盘
255,14:39:12,11.23,--,6,6738,卖盘
256,14:39:03,11.23,-0.01,24,26952,卖盘
257,14:38:57,11.24,0.01,97,109028,买盘
258,14:38:42,11.23,-0.01,1,1123,卖盘
259,14:38:36,11.24,0.01,200,224800,买盘
260,14:38:33,11.23,-0.01,26,29198,卖盘
261,14:38:27,11.24,0.01,41,46084,买盘
262,14:38:24,11.23,-0.01,5,5615,卖盘
263,14:38:18,11.24,--,2,2248,买盘
264,14:38:12,11.24,--,5,5620,买盘
265,14:38:09,11.24,0.01,18,20232,买盘
266,14:38:03,11.23,-0.01,23,25829,卖盘
267,14:37:57,11.24,--,13,14612,买盘
268,14:37:51,11.24,0.01,3,3372,买盘
269,14:37:48,11.23,--,2,2313,买盘
270,14:37:42,11.23,--,10,11230,买盘
271,14:37:33,11.23,--,15,17900,卖盘
272,14:37:27,11.23,--,42,47166,卖盘
273,14:37:24,11.23,--,0,67,卖盘
274,14:37:06,11.23,--,11,12353,卖盘
275,14:37:03,11.23,--,23,25829,卖盘
276,14:37:00,11.23,--,53,59519,买盘
277,14:36:57,11.23,--,1,1123,买盘
278,14:36:39,11.23,0.01,303,340269,买盘
279,14:36:33,11.22,-0.01,29,32538,卖盘
280,14:36:30,11.23,-0.01,339,380697,卖盘
281,14:36:27,11.24,0.01,5,5620,买盘
282,14:36:15,11.23,-0.01,1,1123,卖盘
283,14:36:12,11.24,--,41,46084,买盘
284,14:36:06,11.24,0.01,10,11240,买盘
285,14:36:03,11.23,-0.01,27,30321,卖盘
286,14:35:54,11.24,--,2,2248,买盘
287,14:35:48,11.24,--,3,3372,买盘
288,14:35:45,11.24,--,20,22480,买盘
289,14:35:39,11.24,--,209,234916,买盘
290,14:35:36,11.24,--,409,459716,卖盘
291,14:35:33,11.24,--,164,184336,卖盘
292,14:35:30,11.24,-0.02,143,160732,卖盘
293,14:35:27,11.26,--,4,4504,买盘
294,14:35:21,11.26,--,6,6756,买盘
295,14:35:09,11.26,0.01,30,33780,买盘
296,14:35:06,11.25,--,7,7875,卖盘
297,14:35:03,11.25,--,24,27000,卖盘
298,14:35:00,11.25,--,102,114750,卖盘
299,14:34:51,11.25,0.01,266,299250,买盘
300,14:34:42,11.24,--,12,13488,买盘
301,14:34:39,11.24,--,1,1124,买盘
302,14:34:33,11.24,--,14,15736,卖盘
303,14:34:27,11.24,--,7,7868,卖盘
304,14:34:24,11.24,--,2,2248,买盘
305,14:34:09,11.24,--,10,11240,买盘
306,14:34:06,11.24,--,42,47208,买盘
307,14:34:03,11.24,--,24,26976,买盘
308,14:33:48,11.24,--,2,2248,买盘
309,14:33:39,11.24,--,7,7868,买盘
310,14:33:33,11.24,0.01,1,1124,卖盘
311,14:33:30,11.23,-0.01,352,395296,卖盘
312,14:33:27,11.24,--,60,67440,买盘
313,14:33:21,11.24,--,34,38216,买盘
314,14:33:15,11.24,0.01,1,1124,买盘
315,14:33:09,11.23,--,5,5615,卖盘
316,14:33:03,11.23,-0.01,29,32567,卖盘
317,14:33:00,11.24,0.01,127,142748,买盘
318,14:32:45,11.23,--,1,1123,卖盘
319,14:32:33,11.23,--,23,25829,卖盘
320,14:32:27,11.23,--,5,5615,卖盘
321,14:32:24,11.23,--,4,4492,卖盘
322,14:32:21,11.23,-0.01,10,11230,卖盘
323,14:32:18,11.24,--,1,1124,买盘
324,14:32:15,11.24,--,1,1124,买盘
325,14:32:12,11.24,--,4,4496,买盘
326,14:32:09,11.24,0.01,7,7868,买盘
327,14:32:03,11.23,-0.01,23,25829,卖盘
328,14:31:54,11.24,--,15,16860,买盘
329,14:31:51,11.24,0.01,67,75308,买盘
330,14:31:45,11.23,--,74,83102,卖盘
331,14:31:42,11.23,--,1,1123,卖盘
332,14:31:36,11.23,-0.01,81,90963,卖盘
333,14:31:33,11.24,--,332,373168,买盘
334,14:31:30,11.24,0.01,4,4496,买盘
335,14:31:27,11.23,--,26,29198,卖盘
336,14:31:21,11.23,--,7,7861,卖盘
337,14:31:18,11.23,--,5,5615,卖盘
338,14:31:12,11.23,--,18,20214,买盘
339,14:31:06,11.23,--,121,135883,买盘
340,14:31:03,11.23,--,285,320055,卖盘
341,14:31:00,11.23,-0.01,28,31444,卖盘
342,14:30:57,11.24,--,4,4496,卖盘
343,14:30:54,11.24,0.01,3,3372,买盘
344,14:30:48,11.23,-0.01,66,74118,卖盘
345,14:30:39,11.24,0.01,10,11240,中性盘
346,14:30:33,11.23,-0.02,23,25829,卖盘
347,14:30:30,11.25,0.02,3,3375,买盘
348,14:30:27,11.23,-0.01,49,55027,卖盘
349,14:30:24,11.24,0.01,1,1124,买盘
350,14:30:18,11.23,-0.01,6,6738,卖盘
351,14:30:12,11.24,--,35,39340,买盘
352,14:30:06,11.24,0.01,70,78680,买盘
353,14:30:03,11.23,-0.01,43,48289,卖盘
354,14:29:57,11.24,--,205,230420,买盘
355,14:29:51,11.24,--,30,33720,买盘
356,14:29:45,11.24,0.02,32,35968,买盘
357,14:29:33,11.22,--,71,79662,卖盘
358,14:29:30,11.22,--,108,121176,卖盘
359,14:29:27,11.22,--,5,5610,卖盘
360,14:29:24,11.22,--,1,1122,卖盘
361,14:29:18,11.22,--,397,446331,买盘
362,14:29:15,11.22,--,77,86394,买盘
363,14:29:12,11.22,--,1,1122,买盘
364,14:29:09,11.22,--,1068,1198520,卖盘
365,14:29:06,11.22,--,2,2244,卖盘
366,14:29:03,11.22,--,28,31416,卖盘
367,14:29:00,11.22,-0.01,100,112200,卖盘
368,14:28:45,11.23,0.01,1,1123,买盘
369,14:28:39,11.22,--,20,22440,卖盘
370,14:28:33,11.22,-0.01,27,30294,卖盘
371,14:28:27,11.23,0.01,4,4492,买盘
372,14:28:21,11.22,--,4,4488,卖盘
373,14:28:06,11.22,--,5,5610,卖盘
374,14:28:03,11.22,--,23,25806,卖盘
375,14:27:57,11.22,-0.01,23,25806,卖盘
376,14:27:54,11.23,--,12,13476,买盘
377,14:27:51,11.23,0.01,4,4492,买盘
378,14:27:48,11.22,-0.01,180,201960,卖盘
379,14:27:45,11.23,0.01,93,104439,买盘
380,14:27:39,11.22,--,10,11220,卖盘
381,14:27:36,11.22,--,4,4488,卖盘
382,14:27:33,11.22,--,23,25806,卖盘
383,14:27:30,11.22,-0.01,5,5610,卖盘
384,14:27:27,11.23,--,4,4492,买盘
385,14:27:21,11.23,0.01,7,7861,买盘
386,14:27:15,11.22,--,1,1122,卖盘
387,14:27:06,11.22,--,2,2244,卖盘
388,14:27:03,11.22,--,23,25806,卖盘
389,14:27:00,11.22,-0.01,5,5610,卖盘
390,14:26:54,11.23,--,200,224600,买盘
391,14:26:36,11.23,0.01,117,131391,买盘
392,14:26:33,11.22,--,23,25806,卖盘
393,14:26:30,11.22,--,2,2244,卖盘
394,14:26:27,11.22,--,1,1122,卖盘
395,14:26:21,11.22,-0.01,1,1122,卖盘
396,14:26:18,11.23,0.01,5,5615,买盘
397,14:26:12,11.22,--,9,10098,卖盘
398,14:26:09,11.22,-0.02,262,293964,卖盘
399,14:26:06,11.24,0.01,4,4496,买盘
400,14:26:03,11.23,--,23,25829,卖盘
401,14:26:00,11.23,-0.01,5,5615,卖盘
402,14:25:54,11.24,0.01,3,3372,买盘
403,14:25:45,11.23,0.01,226,254337,买盘
404,14:25:33,11.22,--,27,30294,卖盘
405,14:25:30,11.22,--,5,5610,卖盘
406,14:25:27,11.22,--,3,3366,卖盘
407,14:25:09,11.22,0.01,239,268517,买盘
408,14:25:03,11.21,-0.01,54,60534,卖盘
409,14:25:00,11.22,0.01,64,71808,买盘
410,14:24:57,11.21,--,48,53808,买盘
411,14:24:54,11.21,--,131,146851,卖盘
412,14:24:51,11.21,--,1,1121,卖盘
413,14:24:45,11.21,--,2,2242,卖盘
414,14:24:42,11.21,--,140,156940,卖盘
415,14:24:39,11.21,--,6,6726,卖盘
416,14:24:36,11.21,--,28,31388,卖盘
417,14:24:33,11.21,-0.01,27,30267,卖盘
418,14:24:27,11.22,--,20,22440,买盘
419,14:24:24,11.22,0.01,83,93126,买盘
420,14:24:09,11.21,--,390,437190,卖盘
421,14:24:06,11.21,--,2,2242,卖盘
422,14:24:03,11.21,--,28,31388,卖盘
423,14:23:57,11.21,--,5,5605,卖盘
424,14:23:54,11.21,--,1,1121,卖盘
425,14:23:51,11.21,-0.01,250,280250,卖盘
426,14:23:45,11.22,--,30,33660,买盘
427,14:23:42,11.22,0.01,5,5610,买盘
428,14:23:33,11.21,-0.01,23,25783,卖盘
429,14:23:30,11.22,--,29,32538,买盘
430,14:23:27,11.22,--,9,10098,买盘
431,14:23:21,11.22,0.01,8,8976,买盘
432,14:23:18,11.21,--,2,2242,卖盘
433,14:23:15,11.21,-0.01,1,1121,卖盘
434,14:23:12,11.22,--,5,5610,买盘
435,14:23:09,11.22,0.01,2,2244,买盘
436,14:23:06,11.21,--,2,2242,卖盘
437,14:23:03,11.21,--,26,29146,卖盘
438,14:22:57,11.21,--,198,221958,买盘
439,14:22:51,11.21,--,17,19057,卖盘
440,14:22:45,11.21,--,2,2242,买盘
441,14:22:39,11.21,--,10,11210,买盘
442,14:22:33,11.21,-0.01,32,35872,卖盘
443,14:22:30,11.22,--,3,3366,买盘
444,14:22:27,11.22,--,18,20196,买盘
445,14:22:18,11.22,0.01,201,225522,买盘
446,14:22:15,11.21,--,11,12331,买盘
447,14:22:09,11.21,--,6,6726,买盘
448,14:22:06,11.21,0.01,30,33630,买盘
449,14:22:03,11.2,-0.01,97,108640,卖盘
450,14:21:45,11.21,--,86,97515,卖盘
451,14:21:39,11.21,--,10,11210,卖盘
452,14:21:33,11.21,--,23,25783,卖盘
453,14:21:30,11.21,-0.01,5,5605,卖盘
454,14:21:27,11.22,0.01,9,10098,买盘
455,14:21:18,11.21,--,45,50445,卖盘
456,14:21:06,11.21,--,49,54929,卖盘
457,14:21:03,11.21,--,28,31388,卖盘
458,14:20:54,11.21,--,337,377788,买盘
459,14:20:51,11.21,0.01,15,16815,买盘
460,14:20:42,11.2,-0.01,4,4480,卖盘
461,14:20:33,11.21,0.01,27,30267,买盘
462,14:20:30,11.2,--,48,54521,买盘
463,14:20:27,11.2,--,10,11200,买盘
464,14:20:21,11.2,--,114,127679,买盘
465,14:20:18,11.2,--,162,181440,买盘
466,14:20:15,11.2,--,50,56000,买盘
467,14:20:12,11.2,--,10,11200,买盘
468,14:20:09,11.2,--,2,2240,买盘
469,14:20:06,11.2,--,9,10080,买盘
470,14:20:03,11.2,--,73,81760,买盘
471,14:19:54,11.2,0.01,11,12320,买盘
472,14:19:48,11.19,-0.01,10,11190,卖盘
473,14:19:45,11.2,--,8,8960,买盘
474,14:19:33,11.2,--,30,33600,买盘
475,14:19:21,11.2,--,648,726118,卖盘
476,14:19:18,11.2,-0.01,2,2240,卖盘
477,14:19:09,11.21,0.01,44,49324,买盘
478,14:19:06,11.2,-0.01,1,1120,卖盘
479,14:19:03,11.21,0.01,108,121068,买盘
480,14:18:57,11.2,--,9,10080,卖盘
481,14:18:51,11.2,--,4,4480,卖盘
482,14:18:48,11.2,-0.01,130,145600,卖盘
483,14:18:39,11.21,--,20,22420,买盘
484,14:18:33,11.21,--,47,52687,买盘
485,14:18:24,11.21,--,3,3363,买盘
486,14:18:21,11.21,--,72,80712,买盘
487,14:18:18,11.21,0.01,3,3363,买盘
488,14:18:12,11.2,--,5,5600,卖盘
489,14:18:06,11.2,--,2,2240,卖盘
490,14:18:03,11.2,--,23,25760,卖盘
491,14:17:51,11.2,-0.01,8,8960,卖盘
492,14:17:48,11.21,0.01,636,712956,买盘
493,14:17:36,11.2,--,10,11200,卖盘
494,14:17:33,11.2,-0.01,23,25760,卖盘
495,14:17:30,11.21,0.01,14,15694,买盘
496,14:17:27,11.2,--,2,2240,卖盘
497,14:17:24,11.2,--,20,22400,卖盘
498,14:17:21,11.2,-0.01,5,5600,卖盘
499,14:17:18,11.21,--,178,199851,买盘
500,14:17:09,11.21,0.01,6,6726,买盘
501,14:17:03,11.2,-0.01,23,25760,卖盘
502,14:16:54,11.21,0.01,3,3363,买盘
503,14:16:48,11.2,--,3,3360,卖盘
504,14:16:45,11.2,--,3,3807,卖盘
505,14:16:42,11.2,--,2,2240,卖盘
506,14:16:33,11.2,-0.01,23,25760,卖盘
507,14:16:30,11.21,--,4,4484,买盘
508,14:16:27,11.21,0.01,5,5605,买盘
509,14:16:24,11.2,-0.01,50,56000,卖盘
510,14:16:21,11.21,0.01,7,7847,买盘
511,14:16:18,11.2,-0.01,209,234079,卖盘
512,14:16:15,11.21,--,305,341905,买盘
513,14:16:09,11.21,--,1,1121,买盘
514,14:16:06,11.21,0.01,10,11210,买盘
515,14:16:03,11.2,-0.01,23,25760,卖盘
516,14:16:00,11.21,--,13,14573,买盘
517,14:15:51,11.21,--,90,100890,买盘
518,14:15:48,11.21,0.01,23,25783,买盘
519,14:15:45,11.2,-0.01,4,4480,卖盘
520,14:15:39,11.21,0.01,2,2242,买盘
521,14:15:33,11.2,-0.01,43,48160,卖盘
522,14:15:30,11.21,0.01,6,6726,买盘
523,14:15:21,11.2,-0.01,197,220640,卖盘
524,14:15:15,11.21,0.01,123,137883,买盘
525,14:15:06,11.2,--,30,33600,卖盘
526,14:15:03,11.2,--,23,25760,卖盘
527,14:14:57,11.2,-0.01,9,10080,卖盘
528,14:14:48,11.21,0.01,10,11210,买盘
529,14:14:33,11.2,--,23,25760,卖盘
530,14:14:27,11.2,--,5,5600,卖盘
531,14:14:18,11.2,--,1,1120,买盘
532,14:14:15,11.2,--,12,13440,买盘
533,14:14:09,11.2,--,4,4480,买盘
534,14:14:06,11.2,--,1,1120,买盘
535,14:14:03,11.2,--,7,7839,卖盘
536,14:14:00,11.2,--,104,116479,卖盘
537,14:13:57,11.2,-0.01,2,2240,卖盘
538,14:13:54,11.21,--,30,33630,买盘
539,14:13:51,11.21,0.02,5,5605,买盘
540,14:13:42,11.19,-0.01,50,55950,卖盘
541,14:13:33,11.2,--,27,30239,卖盘
542,14:13:27,11.2,--,447,500639,买盘
543,14:13:24,11.2,--,41,45920,买盘
544,14:13:21,11.2,--,100,112000,买盘
545,14:13:18,11.2,--,40,44800,买盘
546,14:13:15,11.2,--,10,11200,买盘
547,14:13:12,11.2,0.01,16,17920,买盘
548,14:13:09,11.19,-0.01,167,186873,卖盘
549,14:13:06,11.2,0.01,45,50400,买盘
550,14:13:03,11.19,-0.01,84,93996,卖盘
551,14:13:00,11.2,0.01,18,20160,买盘
552,14:12:57,11.19,-0.01,10,11190,卖盘
553,14:12:54,11.2,--,203,227360,买盘
554,14:12:51,11.2,--,1,1120,买盘
555,14:12:42,11.2,--,4,4480,买盘
556,14:12:39,11.2,0.01,105,117599,买盘
557,14:12:33,11.19,-0.01,23,25737,卖盘
558,14:12:30,11.2,--,328,367360,卖盘
559,14:12:27,11.2,--,21,23520,卖盘
560,14:12:21,11.2,--,1091,1221920,卖盘
561,14:12:18,11.2,-0.01,1,1120,卖盘
562,14:12:15,11.21,0.01,6,6726,买盘
563,14:12:06,11.2,--,2,2240,卖盘
564,14:12:03,11.2,--,25,28000,卖盘
565,14:12:00,11.2,--,5,5600,卖盘
566,14:11:57,11.2,--,101,113120,卖盘
567,14:11:51,11.2,--,61,68320,卖盘
568,14:11:45,11.2,--,4,4480,卖盘
569,14:11:42,11.2,--,20,22400,卖盘
570,14:11:39,11.2,--,50,56000,卖盘
571,14:11:36,11.2,--,7,7839,卖盘
572,14:11:33,11.2,--,23,25760,卖盘
573,14:11:27,11.2,--,2,2240,卖盘
574,14:11:24,11.2,-0.01,3,3360,卖盘
575,14:11:18,11.21,0.01,4,4484,买盘
576,14:11:09,11.2,--,5,5600,卖盘
577,14:11:06,11.2,-0.01,4,4480,卖盘
578,14:11:03,11.21,0.01,123,137883,买盘
579,14:11:00,11.2,-0.01,9,10080,卖盘
580,14:10:57,11.21,0.01,37,41477,买盘
581,14:10:42,11.2,--,601,673120,卖盘
582,14:10:39,11.2,--,44,49280,卖盘
583,14:10:33,11.2,-0.01,23,25760,卖盘
584,14:10:24,11.21,--,6,6726,买盘
585,14:10:18,11.21,0.01,37,41477,买盘
586,14:10:09,11.2,--,600,672000,卖盘
587,14:10:06,11.2,--,5,5600,卖盘
588,14:10:03,11.2,-0.01,25,28000,卖盘
589,14:10:00,11.21,--,49,54929,买盘
590,14:09:57,11.21,0.01,25,28025,买盘
591,14:09:48,11.2,-0.01,5,5600,卖盘
592,14:09:45,11.21,--,1,1121,买盘
593,14:09:39,11.21,0.01,17,19057,买盘
594,14:09:36,11.2,--,7,7839,卖盘
595,14:09:33,11.2,-0.01,23,25760,卖盘
596,14:09:30,11.21,--,132,147972,买盘
597,14:09:24,11.21,--,5,5605,买盘
598,14:09:21,11.21,--,115,128915,买盘
599,14:09:18,11.21,0.01,20,22420,买盘
600,14:09:15,11.2,--,36,40320,卖盘
601,14:09:09,11.2,--,3,3360,卖盘
602,14:09:03,11.2,-0.01,25,28000,卖盘
603,14:09:00,11.21,--,20,22420,买盘
604,14:08:51,11.21,--,1,1121,买盘
605,14:08:42,11.21,--,36,40356,买盘
606,14:08:39,11.21,--,46,51902,卖盘
607,14:08:33,11.21,--,61,69165,买盘
608,14:08:27,11.21,--,18,20178,买盘
609,14:08:21,11.21,-0.01,22,24998,卖盘
610,14:08:18,11.22,0.01,13,14586,买盘
611,14:08:15,11.21,--,4,4484,卖盘
612,14:08:12,11.21,--,579,649059,卖盘
613,14:08:03,11.21,-0.01,73,81833,卖盘
614,14:08:00,11.22,0.01,14,15708,买盘
615,14:07:57,11.21,-0.01,1,1905,卖盘
616,14:07:36,11.22,--,5,5610,买盘
617,14:07:33,11.22,0.01,58,65076,买盘
618,14:07:27,11.21,--,1,1121,卖盘
619,14:07:24,11.21,--,10,11210,卖盘
620,14:07:18,11.21,-0.01,5,5605,卖盘
621,14:07:15,11.22,0.01,36,40392,买盘
622,14:07:06,11.21,--,205,229805,卖盘
623,14:07:03,11.21,-0.01,27,30267,卖盘
624,14:06:57,11.22,0.01,15,16830,买盘
625,14:06:54,11.21,--,1,1121,卖盘
626,14:06:51,11.21,-0.01,46,51566,卖盘
627,14:06:48,11.22,0.01,63,70686,买盘
628,14:06:42,11.21,--,30,33630,卖盘
629,14:06:39,11.21,--,11,12331,卖盘
630,14:06:36,11.21,--,2,2242,卖盘
631,14:06:33,11.21,-0.01,23,25783,卖盘
632,14:06:30,11.22,0.01,29,32538,买盘
633,14:06:27,11.21,-0.01,10,11210,卖盘
634,14:06:21,11.22,0.01,8,8976,买盘
635,14:06:15,11.21,-0.01,2,2242,卖盘
636,14:06:12,11.22,0.01,5,5610,买盘
637,14:06:06,11.21,--,5,5605,卖盘
638,14:06:03,11.21,--,23,25783,卖盘
639,14:05:48,11.21,--,3,3363,卖盘
640,14:05:45,11.21,--,31,34751,卖盘
641,14:05:36,11.21,--,14,15694,卖盘
642,14:05:33,11.21,--,23,25783,卖盘
643,14:05:30,11.21,-0.01,588,659148,卖盘
644,14:05:27,11.22,0.01,38,42636,买盘
645,14:05:24,11.21,--,3,3363,卖盘
646,14:05:18,11.21,--,100,112100,卖盘
647,14:05:12,11.21,--,10,11210,卖盘
648,14:05:09,11.21,--,5,5605,卖盘
649,14:05:06,11.21,--,3,3363,卖盘
650,14:05:03,11.21,-0.01,26,29146,卖盘
651,14:04:51,11.22,--,23,25806,买盘
652,14:04:45,11.22,0.01,10,11220,买盘
653,14:04:42,11.21,--,4,4484,卖盘
654,14:04:39,11.21,--,5,5605,卖盘
655,14:04:36,11.21,--,8,8968,卖盘
656,14:04:33,11.21,-0.01,23,25783,卖盘
657,14:04:30,11.22,0.01,10,11220,买盘
658,14:04:24,11.21,--,1,1121,卖盘
659,14:04:15,11.21,--,19,21299,卖盘
660,14:04:09,11.21,--,10,11210,卖盘
661,14:04:06,11.21,--,8,8968,卖盘
662,14:04:03,11.21,-0.01,25,28025,卖盘
663,14:04:00,11.22,--,3,3366,买盘
664,14:03:54,11.22,--,5,5610,买盘
665,14:03:48,11.22,0.01,4,4488,买盘
666,14:03:45,11.21,-0.01,6,6726,卖盘
667,14:03:39,11.22,0.01,12,13464,买盘
668,14:03:33,11.21,-0.01,23,25783,卖盘
669,14:03:30,11.22,--,0,774,卖盘
670,14:03:27,11.22,--,5,5610,卖盘
671,14:03:24,11.22,--,1,1469,买盘
672,14:03:21,11.22,0.01,6,6732,买盘
673,14:03:15,11.21,--,3,3363,卖盘
674,14:03:09,11.21,-0.01,4,4484,卖盘
675,14:03:06,11.22,--,388,436110,卖盘
676,14:03:03,11.22,--,26,29172,卖盘
677,14:02:57,11.22,-0.01,4,4488,卖盘
678,14:02:42,11.23,0.01,124,139252,买盘
679,14:02:39,11.22,--,31,34782,卖盘
680,14:02:33,11.22,-0.01,27,30294,卖盘
681,14:02:18,11.23,0.01,7,7861,买盘
682,14:02:12,11.22,-0.01,4,4488,卖盘
683,14:02:09,11.23,0.01,33,37059,买盘
684,14:02:06,11.22,-0.01,40,44880,卖盘
685,14:02:03,11.23,--,35,39305,买盘
686,14:01:57,11.23,0.01,15,16845,买盘
687,14:01:54,11.22,-0.01,18,20196,卖盘
688,14:01:51,11.23,--,7,7861,买盘
689,14:01:48,11.23,--,10,11230,买盘
690,14:01:45,11.23,0.01,3,3369,买盘
691,14:01:42,11.22,-0.01,7,7854,卖盘
692,14:01:39,11.23,0.01,10,11230,买盘
693,14:01:36,11.22,--,39,43758,卖盘
694,14:01:33,11.22,--,23,25806,卖盘
695,14:01:27,11.22,-0.01,2,2244,卖盘
696,14:01:24,11.23,0.01,2,2246,买盘
697,14:01:15,11.22,--,4,4488,卖盘
698,14:01:12,11.22,--,37,41514,卖盘
699,14:01:06,11.22,--,32,35904,卖盘
700,14:01:03,11.22,--,24,26928,卖盘
701,14:00:54,11.22,-0.01,3,3366,卖盘
702,14:00:48,11.23,--,8,8984,买盘
703,14:00:45,11.23,0.01,7,7861,买盘
704,14:00:42,11.22,-0.01,12,13464,卖盘
705,14:00:39,11.23,0.01,4,4492,买盘
706,14:00:36,11.22,--,30,33660,卖盘
707,14:00:33,11.22,--,23,25806,卖盘
708,14:00:27,11.22,-0.01,6,6732,卖盘
709,14:00:21,11.23,0.01,4,4492,买盘
710,14:00:09,11.22,--,4,4488,卖盘
711,14:00:06,11.22,--,32,35904,卖盘
712,14:00:03,11.22,--,23,25806,卖盘
713,13:59:57,11.22,--,2,2244,卖盘
714,13:59:48,11.22,--,6,6956,卖盘
715,13:59:42,11.22,--,5,5610,卖盘
716,13:59:39,11.22,-0.01,7,7854,卖盘
717,13:59:36,11.23,0.01,71,79733,买盘
718,13:59:33,11.22,-0.01,23,25806,卖盘
719,13:59:21,11.23,0.01,5,5615,买盘
720,13:59:18,11.22,-0.01,3,3366,卖盘
721,13:59:15,11.23,0.01,28,31444,买盘
722,13:59:12,11.22,-0.01,4,4488,卖盘
723,13:59:09,11.23,0.01,6,6738,买盘
724,13:59:03,11.22,-0.01,53,59466,卖盘
725,13:58:57,11.23,0.01,3,3369,买盘
726,13:58:54,11.22,-0.01,4,4488,卖盘
727,13:58:51,11.23,0.01,7,7861,买盘
728,13:58:42,11.22,--,6,6732,卖盘
729,13:58:39,11.22,--,60,67320,卖盘
730,13:58:36,11.22,--,9,10098,卖盘
731,13:58:33,11.22,--,81,90882,卖盘
732,13:58:18,11.22,--,50,56100,卖盘
733,13:58:12,11.22,--,4,4488,卖盘
734,13:58:06,11.22,--,5,5610,卖盘
735,13:58:03,11.22,-0.01,53,59466,卖盘
736,13:58:00,11.23,--,2,2246,买盘
737,13:57:51,11.23,0.01,8,8984,买盘
738,13:57:48,11.22,--,7,7854,卖盘
739,13:57:42,11.22,--,12,13464,卖盘
740,13:57:39,11.22,--,10,11220,卖盘
741,13:57:33,11.22,-0.01,53,59466,卖盘
742,13:57:30,11.23,--,46,51658,买盘
743,13:57:27,11.23,0.01,25,28075,买盘
744,13:57:24,11.22,-0.01,10,11220,卖盘
745,13:57:21,11.23,0.01,14,15722,买盘
746,13:57:18,11.22,-0.01,6,6732,卖盘
747,13:57:15,11.23,0.01,3,3369,买盘
748,13:57:12,11.22,-0.01,4,4488,卖盘
749,13:57:06,11.23,0.01,10,11230,买盘
750,13:57:03,11.22,-0.01,53,59466,卖盘
751,13:56:48,11.23,0.01,18,20214,买盘
752,13:56:36,11.22,--,5,5610,卖盘
753,13:56:33,11.22,--,23,25806,卖盘
754,13:56:30,11.22,--,40,44880,卖盘
755,13:56:27,11.22,--,12,13464,卖盘
756,13:56:21,11.22,-0.01,7,7854,卖盘
757,13:56:18,11.23,0.01,16,17968,买盘
758,13:56:15,11.22,-0.01,47,52734,卖盘
759,13:56:09,11.23,0.01,1,1123,买盘
760,13:56:06,11.22,--,15,16830,卖盘
761,13:56:03,11.22,--,23,25806,卖盘
762,13:56:00,11.22,-0.01,30,33660,卖盘
763,13:55:57,11.23,--,3,3369,买盘
764,13:55:54,11.23,--,18,20214,买盘
765,13:55:51,11.23,0.01,10,11230,买盘
766,13:55:42,11.22,--,79,88761,卖盘
767,13:55:39,11.22,--,55,61710,卖盘
768,13:55:36,11.22,--,3,3366,卖盘
769,13:55:33,11.22,-0.01,23,25806,卖盘
770,13:55:30,11.23,0.01,32,35936,买盘
771,13:55:27,11.22,-0.01,40,44880,卖盘
772,13:55:24,11.23,--,60,67380,买盘
773,13:55:15,11.23,--,6,6738,买盘
774,13:55:12,11.23,--,10,11230,买盘
775,13:55:09,11.23,0.01,20,22460,买盘
776,13:55:06,11.22,--,50,56100,卖盘
777,13:55:03,11.22,-0.01,38,42636,卖盘
778,13:54:57,11.23,-0.01,200,224600,卖盘
779,13:54:48,11.24,--,14,15736,买盘
780,13:54:45,11.24,--,3,3372,买盘
781,13:54:42,11.24,0.01,10,11240,买盘
782,13:54:39,11.23,--,1,1123,卖盘
783,13:54:33,11.23,--,23,25829,卖盘
784,13:54:27,11.23,--,234,262782,买盘
785,13:54:21,11.23,--,6,6738,买盘
786,13:54:15,11.23,0.01,7,7861,买盘
787,13:54:09,11.22,--,3,3366,卖盘
788,13:54:06,11.22,--,1,1122,卖盘
789,13:54:03,11.22,-0.01,31,34782,卖盘
790,13:54:00,11.23,0.01,50,56150,买盘
791,13:53:51,11.22,-0.02,20,22440,卖盘
792,13:53:39,11.24,0.01,43,48332,买盘
793,13:53:36,11.23,0.01,7,7861,卖盘
794,13:53:33,11.22,-0.02,23,25806,卖盘
795,13:53:30,11.24,0.01,37,41588,买盘
796,13:53:27,11.23,--,5,5615,卖盘
797,13:53:21,11.23,--,1,1123,卖盘
798,13:53:15,11.23,--,21,23583,卖盘
799,13:53:12,11.23,-0.01,5,5615,卖盘
800,13:53:09,11.24,0.01,11,12364,买盘
801,13:53:06,11.23,--,2,2246,卖盘
802,13:53:03,11.23,--,48,53904,卖盘
803,13:53:00,11.23,--,5,5615,卖盘
804,13:52:57,11.23,--,540,606420,卖盘
805,13:52:54,11.23,-0.01,25,28075,卖盘
806,13:52:51,11.24,0.01,1,1124,中性盘
807,13:52:42,11.23,-0.02,83,93209,卖盘
808,13:52:39,11.25,0.01,1,1125,买盘
809,13:52:36,11.24,0.01,53,59572,买盘
810,13:52:33,11.23,--,23,25829,卖盘
811,13:52:30,11.23,--,4,4492,卖盘
812,13:52:27,11.23,-0.01,12,13476,卖盘
813,13:52:12,11.24,-0.01,189,212436,卖盘
814,13:52:06,11.25,0.01,72,81000,买盘
815,13:52:03,11.24,--,23,25852,卖盘
816,13:52:00,11.24,--,3,3372,卖盘
817,13:51:57,11.24,--,31,34844,卖盘
818,13:51:54,11.24,-0.01,30,33720,卖盘
819,13:51:51,11.25,--,7,7875,买盘
820,13:51:39,11.25,0.01,4,4500,买盘
821,13:51:33,11.24,-0.01,23,25852,卖盘
822,13:51:30,11.25,0.01,9,10125,买盘
823,13:51:24,11.24,--,40,44960,卖盘
824,13:51:21,11.24,--,32,35968,卖盘
825,13:51:18,11.24,--,8,8992,卖盘
826,13:51:09,11.24,--,110,123640,卖盘
827,13:51:03,11.24,-0.01,23,25852,卖盘
828,13:51:00,11.25,0.01,5,5625,买盘
829,13:50:57,11.24,-0.01,3,3372,卖盘
830,13:50:54,11.25,--,35,39375,买盘
831,13:50:42,11.25,--,16,18000,买盘
832,13:50:39,11.25,0.01,40,45000,买盘
833,13:50:36,11.24,--,1,1124,卖盘
834,13:50:33,11.24,--,23,25852,卖盘
835,13:50:30,11.24,--,9,10116,卖盘
836,13:50:27,11.24,--,2,2248,卖盘
837,13:50:24,11.24,-0.01,30,33720,卖盘
838,13:50:21,11.25,0.01,33,37125,买盘
839,13:50:15,11.24,-0.01,69,77556,卖盘
840,13:50:09,11.25,0.01,2,2250,买盘
841,13:50:03,11.24,-0.01,23,25852,卖盘
842,13:50:00,11.25,0.01,1,1125,买盘
843,13:49:57,11.24,--,5,5620,卖盘
844,13:49:54,11.24,-0.01,30,33720,卖盘
845,13:49:51,11.25,0.01,1,1125,买盘
846,13:49:33,11.24,--,23,25852,卖盘
847,13:49:30,11.24,--,3,3372,卖盘
848,13:49:21,11.24,--,38,42712,卖盘
849,13:49:18,11.24,--,71,79804,卖盘
850,13:49:15,11.24,--,62,69688,卖盘
851,13:49:06,11.24,-0.01,2,2248,卖盘
852,13:49:03,11.25,0.01,26,29250,买盘
853,13:49:00,11.24,-0.01,5,5620,卖盘
854,13:48:54,11.25,--,18,20250,买盘
855,13:48:51,11.25,--,55,61875,买盘
856,13:48:48,11.25,--,2,2250,买盘
857,13:48:45,11.25,0.01,12,13500,买盘
858,13:48:42,11.24,-0.01,9,10116,卖盘
859,13:48:39,11.25,--,21,23625,买盘
860,13:48:36,11.25,0.01,341,383625,买盘
861,13:48:33,11.24,--,23,25852,卖盘
862,13:48:30,11.24,--,96,107904,卖盘
863,13:48:21,11.24,-0.01,30,33720,卖盘
864,13:48:18,11.25,0.01,10,11250,买盘
865,13:48:06,11.24,--,2,2248,卖盘
866,13:48:03,11.24,--,23,25852,卖盘
867,13:48:00,11.24,--,4,4496,卖盘
868,13:47:51,11.24,--,40,44960,卖盘
869,13:47:33,11.24,--,26,29224,卖盘
870,13:47:27,11.24,-0.01,50,56200,卖盘
871,13:47:24,11.25,0.01,5,5625,买盘
872,13:47:21,11.24,-0.01,43,48332,卖盘
873,13:47:12,11.25,--,86,96750,买盘
874,13:47:09,11.25,0.01,10,11250,买盘
875,13:47:03,11.24,-0.01,28,31472,卖盘
876,13:46:57,11.25,--,15,16875,买盘
877,13:46:51,11.25,--,459,516375,卖盘
878,13:46:48,11.25,-0.01,30,33750,卖盘
879,13:46:39,11.26,0.01,10,11260,买盘
880,13:46:36,11.25,--,5,5625,卖盘
881,13:46:33,11.25,--,23,25875,卖盘
882,13:46:30,11.25,-0.01,132,149276,卖盘
883,13:46:21,11.26,0.01,106,119705,买盘
884,13:46:09,11.25,-0.01,5,5625,卖盘
885,13:46:06,11.26,--,27,31178,卖盘
886,13:46:03,11.26,--,36,40536,卖盘
887,13:45:48,11.26,--,30,33780,卖盘
888,13:45:42,11.26,--,56,63056,卖盘
889,13:45:33,11.26,-0.01,23,25898,卖盘
890,13:45:21,11.27,--,6,6762,买盘
891,13:45:18,11.27,0.01,53,59731,买盘
892,13:45:15,11.26,--,7,7882,卖盘
893,13:45:12,11.26,--,88,99437,买盘
894,13:45:06,11.26,--,41,46166,买盘
895,13:45:03,11.26,0.01,57,64182,买盘
896,13:44:48,11.25,-0.01,30,33750,卖盘
897,13:44:45,11.26,0.01,66,74316,买盘
898,13:44:42,11.25,--,47,52875,卖盘
899,13:44:39,11.25,--,2,2250,卖盘
900,13:44:33,11.25,-0.01,23,25875,卖盘
901,13:44:30,11.26,--,4,4504,买盘
902,13:44:24,11.26,0.01,4,4504,买盘
903,13:44:21,11.25,--,3,3375,卖盘
904,13:44:15,11.25,--,54,60750,卖盘
905,13:44:12,11.25,-0.01,3,3375,卖盘
906,13:44:09,11.26,0.01,2,2252,买盘
907,13:44:06,11.25,--,39,43875,卖盘
908,13:44:03,11.25,-0.01,24,27000,卖盘
909,13:44:00,11.26,0.01,104,117104,买盘
910,13:43:57,11.25,--,2,2250,卖盘
911,13:43:54,11.25,--,200,225000,卖盘
912,13:43:51,11.25,--,3,3375,卖盘
913,13:43:45,11.25,--,12,13500,卖盘
914,13:43:42,11.25,--,8,9000,卖盘
915,13:43:39,11.25,--,3,3375,卖盘
916,13:43:36,11.25,--,3,3375,卖盘
917,13:43:33,11.25,--,36,40500,卖盘
918,13:43:30,11.25,--,235,264375,卖盘
919,13:43:27,11.25,-0.01,18,20250,卖盘
920,13:43:24,11.26,0.01,99,111474,买盘
921,13:43:21,11.25,--,8,9000,卖盘
922,13:43:18,11.25,--,8,9000,卖盘
923,13:43:15,11.25,0.01,101,113625,买盘
924,13:43:12,11.24,--,4,4496,卖盘
925,13:43:09,11.24,-0.01,10,11240,卖盘
926,13:43:06,11.25,--,4,4500,买盘
927,13:43:03,11.25,--,25,28125,卖盘
928,13:43:00,11.25,--,14,15750,卖盘
929,13:42:57,11.25,--,52,58500,卖盘
930,13:42:54,11.25,--,51,57375,卖盘
931,13:42:51,11.25,-0.01,15,16875,卖盘
932,13:42:48,11.26,0.01,11,12386,买盘
933,13:42:45,11.25,--,15,16875,卖盘
934,13:42:39,11.25,--,61,68625,卖盘
935,13:42:36,11.25,--,22,24750,卖盘
936,13:42:33,11.25,--,68,76500,卖盘
937,13:42:30,11.25,--,29,32625,卖盘
938,13:42:27,11.25,-0.01,88,99000,卖盘
939,13:42:21,11.26,0.01,2,2252,买盘
940,13:42:18,11.25,-0.01,8,9000,卖盘
941,13:42:06,11.26,0.01,173,194798,买盘
942,13:42:03,11.25,--,23,25875,卖盘
943,13:41:54,11.25,--,2,2250,卖盘
944,13:41:48,11.25,--,2,2250,卖盘
945,13:41:33,11.25,--,23,25875,卖盘
946,13:41:27,11.25,--,3,3375,卖盘
947,13:41:24,11.25,--,5,5625,卖盘
948,13:41:18,11.25,-0.01,196,220500,卖盘
949,13:41:15,11.26,0.01,18,20268,买盘
950,13:41:12,11.25,-0.01,10,11250,卖盘
951,13:41:09,11.26,0.01,14,15764,买盘
952,13:41:06,11.25,--,2,2250,卖盘
953,13:41:03,11.25,--,23,25875,卖盘
954,13:40:48,11.25,--,4,4500,卖盘
955,13:40:39,11.25,--,6,6750,卖盘
956,13:40:33,11.25,--,23,25875,卖盘
957,13:40:30,11.25,--,1,1125,卖盘
958,13:40:21,11.25,--,5,5625,卖盘
959,13:40:15,11.25,--,1,1125,卖盘
960,13:40:09,11.25,-0.01,50,56250,卖盘
961,13:40:06,11.26,0.01,22,24772,买盘
962,13:40:03,11.25,-0.01,95,106875,卖盘
963,13:40:00,11.26,0.01,105,118230,买盘
964,13:39:51,11.25,-0.01,5,5625,卖盘
965,13:39:48,11.26,--,6,6756,买盘
966,13:39:42,11.26,--,2,2252,买盘
967,13:39:36,11.26,0.02,179,201554,买盘
968,13:39:33,11.24,-0.02,23,25852,卖盘
969,13:39:27,11.26,0.01,19,21394,买盘
970,13:39:21,11.25,--,10,11250,买盘
971,13:39:12,11.25,--,280,315000,卖盘
972,13:39:06,11.25,--,2,2250,卖盘
973,13:39:03,11.25,--,23,25875,卖盘
974,13:38:51,11.25,-0.01,4,4500,卖盘
975,13:38:42,11.26,0.01,4,4504,买盘
976,13:38:33,11.25,--,23,25875,卖盘
977,13:38:27,11.25,--,7,7875,卖盘
978,13:38:21,11.25,--,5,5625,卖盘
979,13:38:18,11.25,--,134,150750,买盘
980,13:38:12,11.25,0.01,14,15750,买盘
981,13:38:03,11.24,-0.01,23,25852,卖盘
982,13:37:54,11.25,--,10,11250,买盘
983,13:37:51,11.25,0.01,8,9000,买盘
984,13:37:48,11.24,-0.01,7,7868,卖盘
985,13:37:39,11.25,--,1,1125,买盘
986,13:37:33,11.25,0.01,27,30375,买盘
987,13:37:30,11.24,--,10,11240,卖盘
988,13:37:27,11.24,--,1,1124,卖盘
989,13:37:24,11.24,--,4,4496,卖盘
990,13:37:21,11.24,-0.01,6,6744,卖盘
991,13:37:18,11.25,--,1,1125,买盘
992,13:37:15,11.25,0.01,10,11250,买盘
993,13:37:06,11.24,--,9,10116,卖盘
994,13:37:03,11.24,-0.01,25,28100,卖盘
995,13:37:00,11.25,0.01,84,94500,买盘
996,13:36:54,11.24,--,85,95989,卖盘
997,13:36:51,11.24,-0.02,4,4496,卖盘
998,13:36:36,11.26,0.02,8,9008,买盘
999,13:36:33,11.24,--,23,25852,卖盘
1000,13:36:27,11.24,--,8,8992,买盘
1001,13:36:24,11.24,--,44,49456,买盘
1002,13:36:21,11.24,0.01,6,6744,买盘
1003,13:36:15,11.23,-0.01,5,5615,卖盘
1004,13:36:12,11.24,-0.01,267,300108,卖盘
1005,13:36:06,11.25,--,21,23625,卖盘
1006,13:36:03,11.25,--,24,27000,卖盘
1007,13:36:00,11.25,--,1,1125,卖盘
1008,13:35:54,11.25,--,29,32625,卖盘
1009,13:35:51,11.25,0.01,335,376875,买盘
1010,13:35:45,11.24,--,8,8992,卖盘
1011,13:35:36,11.24,--,20,22480,卖盘
1012,13:35:33,11.24,--,23,25852,卖盘
1013,13:35:27,11.24,--,1,1124,卖盘
1014,13:35:24,11.24,-0.01,5,5620,卖盘
1015,13:35:18,11.25,0.01,4,4500,买盘
1016,13:35:09,11.24,--,6,6744,卖盘
1017,13:35:06,11.24,--,2,2248,卖盘
1018,13:35:03,11.24,--,23,25852,卖盘
1019,13:34:54,11.24,--,4,4496,卖盘
1020,13:34:48,11.24,-0.01,26,29224,卖盘
1021,13:34:42,11.25,--,200,225000,买盘
1022,13:34:39,11.25,0.01,30,33750,买盘
1023,13:34:33,11.24,-0.01,23,25852,卖盘
1024,13:34:24,11.25,0.01,9,10125,买盘
1025,13:34:21,11.24,-0.01,4,4496,卖盘
1026,13:34:18,11.25,0.01,5,5625,买盘
1027,13:34:06,11.24,--,23,25852,卖盘
1028,13:34:03,11.24,--,32,35968,卖盘
1029,13:33:51,11.24,--,50,56200,卖盘
1030,13:33:48,11.24,-0.01,1,1124,卖盘
1031,13:33:39,11.25,0.01,2,2250,买盘
1032,13:33:33,11.24,--,23,25852,卖盘
1033,13:33:30,11.24,--,18,20232,卖盘
1034,13:33:27,11.24,--,121,136004,卖盘
1035,13:33:21,11.24,--,7,7868,卖盘
1036,13:33:18,11.24,--,8,8992,卖盘
1037,13:33:15,11.24,--,21,23604,卖盘
1038,13:33:12,11.24,--,404,454096,卖盘
1039,13:33:06,11.24,--,2,2248,卖盘
1040,13:33:03,11.24,--,23,25852,卖盘
1041,13:32:57,11.24,-0.01,2,2248,卖盘
1042,13:32:54,11.25,0.01,15,16875,买盘
1043,13:32:48,11.24,-0.01,14,15736,卖盘
1044,13:32:45,11.25,--,599,673875,卖盘
1045,13:32:42,11.25,--,3,3375,卖盘
1046,13:32:36,11.25,--,1,1125,卖盘
1047,13:32:33,11.25,-0.01,23,25875,卖盘
1048,13:32:30,11.26,--,26,29276,买盘
1049,13:32:27,11.26,0.01,1,1126,买盘
1050,13:32:18,11.25,--,6,6750,卖盘
1051,13:32:12,11.25,--,4,4500,卖盘
1052,13:32:09,11.25,--,43,48375,卖盘
1053,13:32:03,11.25,-0.01,38,42750,卖盘
1054,13:31:51,11.26,0.01,6,6756,买盘
1055,13:31:45,11.25,--,1,1125,卖盘
1056,13:31:42,11.25,--,20,22500,卖盘
1057,13:31:33,11.25,--,23,25875,卖盘
1058,13:31:30,11.25,-0.01,15,16875,卖盘
1059,13:31:24,11.26,--,1,1126,买盘
1060,13:31:18,11.26,-0.01,42,47292,卖盘
1061,13:31:15,11.27,0.01,5,5635,买盘
1062,13:31:12,11.26,--,7,7882,卖盘
1063,13:31:06,11.26,--,2,2252,卖盘
1064,13:31:03,11.26,--,24,27024,卖盘
1065,13:30:54,11.26,-0.01,10,11260,卖盘
1066,13:30:48,11.27,--,29,32683,买盘
1067,13:30:36,11.27,--,6,6762,买盘
1068,13:30:33,11.27,0.01,53,59731,买盘
1069,13:30:30,11.26,-0.01,5,5630,卖盘
1070,13:30:27,11.27,--,29,32683,买盘
1071,13:30:21,11.27,0.01,1,1127,买盘
1072,13:30:12,11.26,0.01,53,59678,买盘
1073,13:30:09,11.25,--,27,30375,卖盘
1074,13:30:06,11.25,--,41,46125,卖盘
1075,13:30:03,11.25,-0.01,23,25875,卖盘
1076,13:30:00,11.26,0.01,66,74316,买盘
1077,13:29:57,11.25,--,5,5625,卖盘
1078,13:29:54,11.25,--,8,9000,卖盘
1079,13:29:48,11.25,--,10,11250,卖盘
1080,13:29:33,11.25,-0.01,23,25875,卖盘
1081,13:29:27,11.26,0.01,4,4504,买盘
1082,13:29:24,11.25,-0.01,6,6750,卖盘
1083,13:29:15,11.26,--,15,16890,买盘
1084,13:29:06,11.26,0.01,7,7882,买盘
1085,13:29:03,11.25,--,23,25875,卖盘
1086,13:29:00,11.25,-0.01,91,102375,卖盘
1087,13:28:57,11.26,--,38,42788,买盘
1088,13:28:51,11.26,--,7,7882,买盘
1089,13:28:48,11.26,0.01,6,6756,买盘
1090,13:28:42,11.25,-0.01,15,16875,卖盘
1091,13:28:36,11.26,0.01,18,20268,买盘
1092,13:28:33,11.25,-0.01,30,33750,卖盘
1093,13:28:30,11.26,--,20,22520,买盘
1094,13:28:15,11.26,--,67,75442,买盘
1095,13:28:12,11.26,--,15,16890,买盘
1096,13:28:06,11.26,--,50,56300,买盘
1097,13:28:03,11.26,--,34,38284,买盘
1098,13:27:57,11.26,0.01,10,11260,买盘
1099,13:27:45,11.25,--,4,4500,卖盘
1100,13:27:39,11.25,-0.01,22,24750,卖盘
1101,13:27:36,11.26,0.01,54,60804,买盘
1102,13:27:33,11.25,--,43,48375,卖盘
1103,13:27:27,11.25,-0.01,5,5625,卖盘
1104,13:27:21,11.26,0.01,26,29276,买盘
1105,13:27:18,11.25,-0.01,4,4500,卖盘
1106,13:27:12,11.26,0.01,5,5630,买盘
1107,13:27:06,11.25,--,2,2250,卖盘
1108,13:27:03,11.25,--,54,60750,卖盘
1109,13:27:00,11.25,--,50,56250,卖盘
1110,13:26:48,11.25,-0.01,100,112500,卖盘
1111,13:26:45,11.26,--,88,99088,买盘
1112,13:26:42,11.26,--,10,11260,买盘
1113,13:26:33,11.26,0.01,36,40536,买盘
1114,13:26:18,11.25,-0.01,22,24750,卖盘
1115,13:26:15,11.26,--,21,23646,买盘
1116,13:26:06,11.26,--,40,45040,买盘
1117,13:26:03,11.26,0.01,50,56300,买盘
1118,13:26:00,11.25,--,2,2250,卖盘
1119,13:25:51,11.25,--,11,12375,卖盘
1120,13:25:42,11.25,-0.01,3,3375,卖盘
1121,13:25:36,11.26,0.01,12,13512,买盘
1122,13:25:33,11.25,-0.01,23,25875,卖盘
1123,13:25:30,11.26,0.01,10,11260,买盘
1124,13:25:18,11.25,-0.01,2,2250,卖盘
1125,13:25:12,11.26,0.01,74,83324,买盘
1126,13:25:09,11.25,--,50,56250,卖盘
1127,13:25:06,11.25,-0.01,17,19125,卖盘
1128,13:25:03,11.26,0.01,29,32654,买盘
1129,13:24:54,11.25,--,16,18000,卖盘
1130,13:24:51,11.25,--,13,14625,卖盘
1131,13:24:33,11.25,--,35,39375,卖盘
1132,13:24:30,11.25,-0.01,117,131625,卖盘
1133,13:24:27,11.26,--,2,2252,卖盘
1134,13:24:24,11.26,--,19,21394,买盘
1135,13:24:21,11.26,0.01,2,2252,买盘
1136,13:24:18,11.25,-0.01,109,122625,卖盘
1137,13:24:15,11.26,--,6,6756,卖盘
1138,13:24:12,11.26,--,45,50670,买盘
1139,13:24:06,11.26,0.01,12,13512,买盘
1140,13:24:03,11.25,-0.01,101,113625,卖盘
1141,13:24:00,11.26,0.01,38,42788,中性盘
1142,13:23:51,11.25,--,39,43875,卖盘
1143,13:23:36,11.25,--,12,13500,卖盘
1144,13:23:33,11.25,--,23,25875,卖盘
1145,13:23:30,11.25,-0.01,25,28125,卖盘
1146,13:23:27,11.26,0.01,100,112600,卖盘
1147,13:23:24,11.25,-0.01,77,86625,卖盘
1148,13:23:21,11.26,-0.01,38,42788,卖盘
1149,13:23:18,11.27,0.01,117,131859,买盘
1150,13:23:15,11.26,--,2,2252,卖盘
1151,13:23:12,11.26,0.01,18,20268,买盘
1152,13:23:06,11.25,-0.01,77,87075,卖盘
1153,13:23:03,11.26,--,238,268663,卖盘
1154,13:23:00,11.26,--,93,105168,买盘
1155,13:22:45,11.26,--,2,2252,买盘
1156,13:22:39,11.26,--,10,11260,买盘
1157,13:22:36,11.26,0.01,16,18016,买盘
1158,13:22:33,11.25,-0.01,23,25875,卖盘
1159,13:22:30,11.26,--,58,65308,买盘
1160,13:22:27,11.26,--,13,14638,买盘
1161,13:22:21,11.26,0.01,3,3378,买盘
1162,13:22:06,11.25,--,12,13500,卖盘
1163,13:22:03,11.25,--,23,25875,卖盘
1164,13:22:00,11.25,-0.01,28,31500,卖盘
1165,13:21:57,11.26,--,150,168900,买盘
1166,13:21:45,11.26,0.01,10,11260,买盘
1167,13:21:39,11.25,-0.01,7,7875,卖盘
1168,13:21:36,11.26,--,146,165071,卖盘
1169,13:21:33,11.26,--,23,25898,卖盘
1170,13:21:30,11.26,-0.01,30,33780,卖盘
1171,13:21:18,11.27,--,24,27048,买盘
1172,13:21:09,11.27,--,32,36064,买盘
1173,13:21:03,11.27,--,143,161161,买盘
1174,13:20:48,11.27,--,2,2254,买盘
1175,13:20:36,11.27,0.01,6,6762,买盘
1176,13:20:33,11.26,-0.01,23,25898,卖盘
1177,13:20:27,11.27,0.01,5,5635,买盘
1178,13:20:18,11.26,--,17,19142,卖盘
1179,13:20:12,11.26,--,3,3378,卖盘
1180,13:20:09,11.26,-0.01,47,52922,卖盘
1181,13:20:06,11.27,0.01,4,4508,买盘
1182,13:20:03,11.26,-0.01,25,28150,卖盘
1183,13:19:57,11.27,0.01,20,22540,买盘
1184,13:19:48,11.26,-0.01,12,13512,卖盘
1185,13:19:45,11.27,0.01,21,23667,买盘
1186,13:19:42,11.26,--,4,4504,卖盘
1187,13:19:39,11.26,-0.01,35,39410,卖盘
1188,13:19:36,11.27,0.01,20,22540,买盘
1189,13:19:33,11.26,-0.01,23,25898,卖盘
1190,13:19:30,11.27,--,63,71001,买盘
1191,13:19:27,11.27,0.01,3,3381,买盘
1192,13:19:24,11.26,-0.01,1,1126,卖盘
1193,13:19:18,11.27,0.01,15,16905,买盘
1194,13:19:12,11.26,-0.01,4,4504,卖盘
1195,13:19:06,11.27,0.01,47,52969,买盘
1196,13:19:03,11.26,-0.01,23,25898,卖盘
1197,13:18:57,11.27,--,39,43953,买盘
1198,13:18:48,11.27,--,33,37191,买盘
1199,13:18:42,11.27,--,2,2254,买盘
1200,13:18:36,11.27,--,11,12397,买盘
1201,13:18:33,11.27,--,135,152145,买盘
1202,13:18:27,11.27,0.01,6,6762,买盘
1203,13:18:24,11.26,-0.01,41,46166,卖盘
1204,13:18:18,11.27,--,32,36064,买盘
1205,13:18:12,11.27,0.01,101,113827,买盘
1206,13:18:06,11.26,--,61,68686,卖盘
1207,13:18:03,11.26,-0.01,199,224074,卖盘
1208,13:17:57,11.27,0.01,45,50715,买盘
1209,13:17:54,11.26,-0.01,39,43914,卖盘
1210,13:17:48,11.27,0.01,6,6762,买盘
1211,13:17:39,11.26,-0.01,4,4504,卖盘
1212,13:17:36,11.27,0.01,3,3381,买盘
1213,13:17:33,11.26,-0.01,23,25898,卖盘
1214,13:17:27,11.27,0.01,11,12397,买盘
1215,13:17:21,11.26,-0.01,42,47292,卖盘
1216,13:17:18,11.27,--,9,10143,买盘
1217,13:17:09,11.27,--,28,31556,买盘
1218,13:17:06,11.27,0.01,20,22540,买盘
1219,13:17:03,11.26,-0.01,3,3378,卖盘
1220,13:17:00,11.27,--,22,24794,买盘
1221,13:16:57,11.27,--,41,46207,买盘
1222,13:16:51,11.27,--,5,5635,买盘
1223,13:16:48,11.27,0.01,6,6762,买盘
1224,13:16:42,11.26,--,118,132868,卖盘
1225,13:16:39,11.26,-0.01,23,25898,卖盘
1226,13:16:36,11.27,0.01,3,3381,买盘
1227,13:16:33,11.26,-0.01,1,1126,卖盘
1228,13:16:27,11.27,--,13,14651,买盘
1229,13:16:24,11.27,--,1,1127,买盘
1230,13:16:21,11.27,--,2,2254,买盘
1231,13:16:18,11.27,0.01,54,60858,买盘
1232,13:16:15,11.26,--,1,1126,卖盘
1233,13:16:12,11.26,-0.01,4,4504,卖盘
1234,13:16:09,11.27,0.01,27,30429,买盘
1235,13:16:06,11.26,-0.01,104,117104,卖盘
1236,13:16:03,11.27,0.01,42,47334,买盘
1237,13:15:57,11.26,-0.01,325,365950,卖盘
1238,13:15:54,11.27,--,77,87229,买盘
1239,13:15:51,11.27,--,233,263267,卖盘
1240,13:15:48,11.27,-0.02,2,2254,卖盘
1241,13:15:45,11.29,0.02,18,20322,买盘
1242,13:15:39,11.27,-0.02,55,61985,卖盘
1243,13:15:36,11.29,0.02,26,29353,买盘
1244,13:15:30,11.27,--,40,45080,卖盘
1245,13:15:27,11.27,--,58,65366,卖盘
1246,13:15:24,11.27,-0.02,33,37191,卖盘
1247,13:15:21,11.29,--,45,50804,买盘
1248,13:15:15,11.29,--,32,36128,买盘
1249,13:15:12,11.29,0.02,6,6773,买盘
1250,13:15:09,11.27,-0.02,23,25921,卖盘
1251,13:15:06,11.29,--,7,7902,买盘
1252,13:14:57,11.29,0.02,7,7902,买盘
1253,13:14:51,11.27,--,27,30429,卖盘
1254,13:14:48,11.27,-0.02,3,3381,卖盘
1255,13:14:45,11.29,0.01,23,25966,买盘
1256,13:14:42,11.28,0.01,10,11280,卖盘
1257,13:14:39,11.27,--,29,32683,卖盘
1258,13:14:36,11.27,--,39,43953,卖盘
1259,13:14:30,11.27,-0.01,35,39445,卖盘
1260,13:14:27,11.28,0.01,41,46248,买盘
1261,13:14:24,11.27,-0.01,3,3831,卖盘
1262,13:14:15,11.28,--,30,33840,买盘
1263,13:14:12,11.28,--,18,20304,卖盘
1264,13:14:09,11.28,-0.01,51,57528,中性盘
1265,13:14:06,11.29,0.02,29,32740,买盘
1266,13:14:03,11.27,--,2,2254,卖盘
1267,13:14:00,11.27,-0.02,81,91287,卖盘
1268,13:13:57,11.29,0.02,12,13547,买盘
1269,13:13:54,11.27,-0.03,39,43953,卖盘
1270,13:13:51,11.3,--,5,5650,买盘
1271,13:13:45,11.3,0.03,60,67800,买盘
1272,13:13:39,11.27,-0.03,104,117208,卖盘
1273,13:13:36,11.3,0.01,95,107350,买盘
1274,13:13:33,11.29,--,98,110641,卖盘
1275,13:13:30,11.29,--,102,115157,买盘
1276,13:13:27,11.29,--,30,33870,买盘
1277,13:13:24,11.29,--,4,4516,买盘
1278,13:13:15,11.29,0.01,18,20322,买盘
1279,13:13:12,11.28,-0.01,27,30456,卖盘
1280,13:13:09,11.29,0.01,24,27095,中性盘
1281,13:13:06,11.28,-0.01,47,53016,卖盘
1282,13:13:03,11.29,0.01,20,22580,买盘
1283,13:13:00,11.28,-0.01,53,59784,卖盘
1284,13:12:57,11.29,--,14,15805,买盘
1285,13:12:54,11.29,0.01,30,33870,买盘
1286,13:12:51,11.28,-0.01,30,33840,卖盘
1287,13:12:45,11.29,0.01,35,39515,买盘
1288,13:12:42,11.28,--,26,29328,卖盘
1289,13:12:39,11.28,-0.01,66,74448,卖盘
1290,13:12:36,11.29,--,51,57578,买盘
1291,13:12:27,11.29,--,10,11290,买盘
1292,13:12:21,11.29,0.01,3,3386,买盘
1293,13:12:18,11.28,-0.01,39,43992,卖盘
1294,13:12:15,11.29,0.01,11,12418,买盘
1295,13:12:09,11.28,-0.02,23,25944,卖盘
1296,13:12:06,11.3,0.01,8,9040,买盘
1297,13:11:57,11.29,0.02,4,4516,买盘
1298,13:11:54,11.27,-0.03,39,43953,卖盘
1299,13:11:45,11.3,0.04,14,15820,买盘
1300,13:11:36,11.26,-0.01,61,68686,卖盘
1301,13:11:33,11.27,--,10,11270,买盘
1302,13:11:30,11.27,-0.02,39,43953,卖盘
1303,13:11:27,11.29,--,73,82417,卖盘
1304,13:11:24,11.29,-0.01,74,83546,卖盘
1305,13:11:21,11.3,--,22,24860,买盘
1306,13:11:18,11.3,--,62,70060,买盘
1307,13:11:15,11.3,0.01,147,166110,买盘
1308,13:11:12,11.29,--,146,164834,卖盘
1309,13:11:09,11.29,-0.01,23,25966,卖盘
1310,13:11:06,11.3,0.01,52,58760,买盘
1311,13:11:03,11.29,-0.01,42,47418,卖盘
1312,13:11:00,11.3,--,41,46330,买盘
1313,13:10:57,11.3,0.01,63,71190,买盘
1314,13:10:54,11.29,--,112,126447,卖盘
1315,13:10:51,11.29,0.02,283,319507,买盘
1316,13:10:45,11.27,0.01,32,36064,买盘
1317,13:10:39,11.26,-0.01,23,25898,卖盘
1318,13:10:36,11.27,--,33,37191,买盘
1319,13:10:33,11.27,0.01,7,7889,买盘
1320,13:10:27,11.26,--,123,138498,卖盘
1321,13:10:24,11.26,-0.01,39,43914,卖盘
1322,13:10:15,11.27,0.01,227,255829,买盘
1323,13:10:09,11.26,-0.03,25,28150,卖盘
1324,13:10:06,11.29,0.02,1104,1246416,买盘
1325,13:10:03,11.27,--,5,5635,买盘
1326,13:09:57,11.27,--,8,9016,买盘
1327,13:09:54,11.27,--,1,1127,买盘
1328,13:09:51,11.27,--,1,1127,买盘
1329,13:09:48,11.27,--,5,5635,买盘
1330,13:09:45,11.27,--,6,6762,买盘
1331,13:09:42,11.27,0.01,28,31556,买盘
1332,13:09:36,11.26,-0.01,26,29276,卖盘
1333,13:09:27,11.27,--,16,18032,买盘
1334,13:09:21,11.27,0.01,7,7889,买盘
1335,13:09:15,11.26,--,71,79946,卖盘
1336,13:09:09,11.26,--,28,31528,卖盘
1337,13:09:06,11.26,--,48,54048,卖盘
1338,13:09:03,11.26,-0.01,2,2252,卖盘
1339,13:08:57,11.27,0.01,2,2254,买盘
1340,13:08:54,11.26,-0.01,3,3378,卖盘
1341,13:08:45,11.27,0.01,6,6762,买盘
1342,13:08:36,11.26,-0.01,30,33780,卖盘
1343,13:08:30,11.27,--,2,2254,买盘
1344,13:08:27,11.27,--,26,29302,买盘
1345,13:08:24,11.27,0.01,5,5635,买盘
1346,13:08:21,11.26,-0.01,14,15764,卖盘
1347,13:08:18,11.27,--,3,3381,买盘
1348,13:08:15,11.27,--,112,126224,买盘
1349,13:08:09,11.27,-0.02,543,611961,卖盘
1350,13:08:06,11.29,0.02,16,18064,买盘
1351,13:07:57,11.27,--,43,48461,卖盘
1352,13:07:48,11.27,-0.03,1,1127,卖盘
1353,13:07:45,11.3,0.02,26,29380,买盘
1354,13:07:39,11.28,--,18,20304,卖盘
1355,13:07:36,11.28,--,56,63168,卖盘
1356,13:07:33,11.28,--,60,67680,买盘
1357,13:07:30,11.28,0.01,4,4512,卖盘
1358,13:07:27,11.27,-0.03,159,179193,卖盘
1359,13:07:21,11.3,0.03,712,804560,买盘
1360,13:07:18,11.27,-0.01,1,1127,卖盘
1361,13:07:15,11.28,0.01,62,69936,买盘
1362,13:07:12,11.27,0.01,67,75509,买盘
1363,13:07:06,11.26,-0.01,25,28150,卖盘
1364,13:06:57,11.27,--,7,7889,买盘
1365,13:06:45,11.27,--,24,27048,买盘
1366,13:06:39,11.27,--,11,12397,买盘
1367,13:06:36,11.27,-0.01,68,76636,卖盘
1368,13:06:27,11.28,--,3,3384,买盘
1369,13:06:15,11.28,0.01,14,15792,买盘
1370,13:06:09,11.27,--,23,25921,卖盘
1371,13:06:06,11.27,--,16,18032,卖盘
1372,13:06:03,11.27,--,28,31556,买盘
1373,13:05:57,11.27,-0.02,45,50715,中性盘
1374,13:05:45,11.29,0.01,36,40644,买盘
1375,13:05:42,11.28,0.01,131,147768,买盘
1376,13:05:39,11.27,-0.01,23,25921,卖盘
1377,13:05:36,11.28,--,16,18048,买盘
1378,13:05:30,11.28,--,70,78960,买盘
1379,13:05:27,11.28,--,16,18048,买盘
1380,13:05:24,11.28,--,13,14664,买盘
1381,13:05:21,11.28,--,50,56400,买盘
1382,13:05:18,11.28,--,7,7896,买盘
1383,13:05:15,11.28,0.01,13,14664,买盘
1384,13:05:12,11.27,-0.01,43,48461,卖盘
1385,13:05:09,11.28,0.01,26,29328,买盘
1386,13:05:06,11.27,--,40,45080,卖盘
1387,13:05:00,11.27,-0.01,2,2254,卖盘
1388,13:04:57,11.28,-0.01,8,9024,中性盘
1389,13:04:54,11.29,0.01,83,93707,买盘
1390,13:04:51,11.28,-0.02,3,3384,中性盘
1391,13:04:45,11.3,0.02,413,466690,买盘
1392,13:04:39,11.28,0.01,6,6768,买盘
1393,13:04:36,11.27,-0.03,57,64239,卖盘
1394,13:04:33,11.3,0.02,2005,2265650,买盘
1395,13:04:24,11.28,--,8,9024,买盘
1396,13:04:15,11.28,0.01,15,16920,买盘
1397,13:04:06,11.27,-0.01,74,83398,卖盘
1398,13:03:54,11.28,--,257,289896,买盘
1399,13:03:48,11.28,0.01,5,5640,买盘
1400,13:03:45,11.27,--,15,16905,卖盘
1401,13:03:39,11.27,--,39,43953,卖盘
1402,13:03:36,11.27,--,30,33810,卖盘
1403,13:03:33,11.27,-0.01,2,2254,卖盘
1404,13:03:24,11.28,--,32,36096,买盘
1405,13:03:21,11.28,--,2,2256,买盘
1406,13:03:15,11.28,0.01,45,50760,买盘
1407,13:03:12,11.27,-0.01,96,109093,卖盘
1408,13:03:09,11.28,--,24,27072,买盘
1409,13:03:06,11.28,0.01,3,3384,买盘
1410,13:02:57,11.27,-0.01,3,3381,卖盘
1411,13:02:54,11.28,--,6,6768,买盘
1412,13:02:45,11.28,0.01,4,4512,买盘
1413,13:02:42,11.27,--,20,22540,卖盘
1414,13:02:36,11.27,-0.01,25,28175,卖盘
1415,13:02:27,11.28,-0.01,2,2256,卖盘
1416,13:02:24,11.29,0.01,4,4516,买盘
1417,13:02:21,11.28,--,2,2256,买盘
1418,13:02:18,11.28,--,7,7896,买盘
1419,13:02:15,11.28,0.01,13,14664,买盘
1420,13:02:09,11.27,-0.01,38,42826,卖盘
1421,13:02:06,11.28,--,24,27072,卖盘
1422,13:02:03,11.28,-0.01,2,2256,卖盘
1423,13:01:57,11.29,--,2,2258,买盘
1424,13:01:54,11.29,0.01,30,33870,买盘
1425,13:01:51,11.28,--,7,7896,买盘
1426,13:01:48,11.28,--,2,2256,买盘
1427,13:01:45,11.28,0.01,18,20304,买盘
1428,13:01:42,11.27,--,20,22540,卖盘
1429,13:01:36,11.27,-0.01,42,47334,卖盘
1430,13:01:30,11.28,--,1,1128,买盘
1431,13:01:27,11.28,--,5,5640,买盘
1432,13:01:24,11.28,--,14,15792,买盘
1433,13:01:21,11.28,--,21,23688,买盘
1434,13:01:15,11.28,--,19,21432,买盘
1435,13:01:12,11.28,--,1,1128,买盘
1436,13:01:09,11.28,0.01,23,25944,买盘
1437,13:01:06,11.27,-0.01,54,61060,卖盘
1438,13:01:00,11.28,--,4,4512,买盘
1439,13:00:57,11.28,--,20,22560,买盘
1440,13:00:54,11.28,0.01,4,4512,买盘
1441,13:00:51,11.27,--,2,2254,卖盘
1442,13:00:48,11.27,-0.01,5,5635,卖盘
1443,13:00:45,11.28,0.01,10,11280,买盘
1444,13:00:36,11.27,-0.01,36,40572,卖盘
1445,13:00:24,11.28,--,66,74448,买盘
1446,13:00:15,11.28,--,191,215448,买盘
1447,13:00:12,11.28,--,9,10152,买盘
1448,13:00:09,11.28,0.01,27,30456,买盘
1449,13:00:06,11.27,-0.01,104,117208,卖盘
1450,13:00:03,11.28,--,910,1026480,买盘
1451,13:00:00,11.28,--,0,0,买盘
1452,11:30:00,11.28,--,0,0,买盘
1453,11:29:57,11.28,--,60,67680,买盘
1454,11:29:54,11.28,--,6,6768,买盘
1455,11:29:51,11.28,--,15,16920,买盘
1456,11:29:45,11.28,0.01,30,33840,买盘
1457,11:29:36,11.27,-0.01,31,34937,卖盘
1458,11:29:30,11.28,--,31,34968,买盘
1459,11:29:24,11.28,0.01,11,12408,买盘
1460,11:29:21,11.27,--,41,46207,买盘
1461,11:29:18,11.27,0.01,8,9016,买盘
1462,11:29:15,11.26,-0.01,4,4504,卖盘
1463,11:29:09,11.27,-0.01,8,9016,买盘
1464,11:29:06,11.28,--,6,6768,买盘
1465,11:29:03,11.28,0.01,3,3384,买盘
1466,11:28:57,11.27,-0.01,10,11270,卖盘
1467,11:28:54,11.28,0.01,2,2256,买盘
1468,11:28:51,11.27,-0.01,14,15778,中性盘
1469,11:28:45,11.28,0.02,9,10152,买盘
1470,11:28:36,11.26,-0.02,43,48418,卖盘
1471,11:28:24,11.28,0.01,99,111672,买盘
1472,11:28:15,11.27,--,496,558992,卖盘
1473,11:28:06,11.27,-0.01,25,28175,卖盘
1474,11:28:00,11.28,--,6,6768,买盘
1475,11:27:54,11.28,--,4,4512,买盘
1476,11:27:48,11.28,0.01,2,2256,买盘
1477,11:27:45,11.27,--,9,10143,卖盘
1478,11:27:36,11.27,-0.01,25,28175,卖盘
1479,11:27:33,11.28,0.01,6,6768,买盘
1480,11:27:30,11.27,-0.01,10,11270,卖盘
1481,11:27:24,11.28,0.01,2,2256,买盘
1482,11:27:15,11.27,--,12,13524,卖盘
1483,11:27:09,11.27,--,1,1127,卖盘
1484,11:27:06,11.27,-0.01,25,28175,卖盘
1485,11:27:03,11.28,--,14,15792,买盘
1486,11:26:54,11.28,--,5,5640,买盘
1487,11:26:45,11.28,0.01,15,16920,买盘
1488,11:26:42,11.27,--,9,10143,卖盘
1489,11:26:36,11.27,-0.01,23,25921,卖盘
1490,11:26:33,11.28,--,5,5640,买盘
1491,11:26:30,11.28,0.01,11,12408,买盘
1492,11:26:27,11.27,-0.01,1,1127,卖盘
1493,11:26:24,11.28,--,5,5640,买盘
1494,11:26:18,11.28,--,16,18048,买盘
1495,11:26:15,11.28,--,9,10152,买盘
1496,11:26:06,11.28,--,30,33840,买盘
1497,11:26:03,11.28,0.01,15,16920,买盘
1498,11:25:57,11.27,-0.01,17,19159,卖盘
1499,11:25:54,11.28,--,22,24816,买盘
1500,11:25:51,11.28,--,10,11280,买盘
1501,11:25:45,11.28,0.01,110,124080,买盘
1502,11:25:36,11.27,--,89,100303,卖盘
1503,11:25:33,11.27,--,335,377545,卖盘
1504,11:25:30,11.27,--,128,144256,卖盘
1505,11:25:27,11.27,--,1,1127,卖盘
1506,11:25:24,11.27,--,320,360640,买盘
1507,11:25:21,11.27,--,10,11270,买盘
1508,11:25:18,11.27,--,55,61985,买盘
1509,11:25:15,11.27,0.01,27,30429,买盘
1510,11:25:12,11.26,-0.01,2,2252,卖盘
1511,11:25:09,11.27,0.01,14,15778,买盘
1512,11:25:06,11.26,-0.01,59,66434,卖盘
1513,11:25:03,11.27,0.01,15,16905,买盘
1514,11:25:00,11.26,--,5,5630,卖盘
1515,11:24:54,11.26,-0.01,18,20268,卖盘
1516,11:24:51,11.27,--,9,10143,买盘
1517,11:24:48,11.27,--,2,2254,买盘
1518,11:24:45,11.27,0.01,13,14651,买盘
1519,11:24:42,11.26,-0.01,20,22520,卖盘
1520,11:24:36,11.27,--,56,63112,买盘
1521,11:24:33,11.27,0.01,13,14651,买盘
1522,11:24:27,11.26,-0.01,1,1126,卖盘
1523,11:24:24,11.27,--,2,2254,买盘
1524,11:24:21,11.27,--,1,1127,买盘
1525,11:24:15,11.27,0.01,11,12397,买盘
1526,11:24:06,11.26,-0.01,23,25898,卖盘
1527,11:24:03,11.27,--,33,37191,买盘
1528,11:23:57,11.27,--,2,2254,买盘
1529,11:23:54,11.27,--,3,3381,买盘
1530,11:23:51,11.27,--,83,93541,卖盘
1531,11:23:48,11.27,--,53,59731,卖盘
1532,11:23:45,11.27,--,16,18032,卖盘
1533,11:23:36,11.27,-0.01,23,25921,卖盘
1534,11:23:33,11.28,--,3,3384,买盘
1535,11:23:30,11.28,0.01,6,6768,买盘
1536,11:23:24,11.27,-0.01,12,13524,卖盘
1537,11:23:18,11.28,--,4,4512,买盘
1538,11:23:15,11.28,0.01,4,4512,买盘
1539,11:23:06,11.27,-0.01,23,25921,卖盘
1540,11:23:03,11.28,--,2,2256,买盘
1541,11:23:00,11.28,--,5,5640,买盘
1542,11:22:54,11.28,--,2,2256,买盘
1543,11:22:51,11.28,--,2,2256,买盘
1544,11:22:45,11.28,0.01,8,9024,买盘
1545,11:22:36,11.27,-0.01,26,29302,卖盘
1546,11:22:33,11.28,--,12,13536,买盘
1547,11:22:30,11.28,--,7,7896,买盘
1548,11:22:24,11.28,0.02,56,63168,买盘
1549,11:22:18,11.26,-0.01,188,211688,卖盘
1550,11:22:15,11.27,0.01,89,100303,买盘
1551,11:22:06,11.26,-0.01,23,25898,卖盘
1552,11:22:03,11.27,--,169,190463,买盘
1553,11:22:00,11.27,--,5,5635,买盘
1554,11:21:57,11.27,--,5,5635,买盘
1555,11:21:54,11.27,--,46,51842,买盘
1556,11:21:48,11.27,0.01,187,210749,买盘
1557,11:21:45,11.26,--,42,47292,卖盘
1558,11:21:39,11.26,--,8,9008,卖盘
1559,11:21:36,11.26,-0.01,40,45040,卖盘
1560,11:21:33,11.27,--,9,10143,买盘
1561,11:21:30,11.27,--,6,6762,买盘
1562,11:21:24,11.27,0.01,39,43953,买盘
1563,11:21:21,11.26,-0.01,11,12386,卖盘
1564,11:21:15,11.27,0.01,19,21413,买盘
1565,11:21:06,11.26,--,85,95710,买盘
1566,11:21:03,11.26,--,13,14638,买盘
1567,11:20:57,11.26,--,30,33780,买盘
1568,11:20:54,11.26,--,2,2252,买盘
1569,11:20:45,11.26,0.01,10,11260,买盘
1570,11:20:36,11.25,-0.01,23,25875,卖盘
1571,11:20:33,11.26,--,22,24772,买盘
1572,11:20:30,11.26,--,6,6756,买盘
1573,11:20:27,11.26,--,31,34906,买盘
1574,11:20:24,11.26,--,3,3378,买盘
1575,11:20:15,11.26,0.01,19,21394,买盘
1576,11:20:09,11.25,--,3,3375,买盘
1577,11:20:06,11.25,-0.01,4,4500,卖盘
1578,11:20:03,11.26,0.01,9,10134,买盘
1579,11:20:00,11.25,-0.01,76,85500,卖盘
1580,11:19:57,11.26,--,7,7882,买盘
1581,11:19:54,11.26,0.01,6,6756,买盘
1582,11:19:51,11.25,--,2,2250,买盘
1583,11:19:48,11.25,-0.01,7,7875,卖盘
1584,11:19:45,11.26,--,6,6756,买盘
1585,11:19:42,11.26,0.01,20,22520,买盘
1586,11:19:36,11.25,-0.01,23,25875,卖盘
1587,11:19:33,11.26,--,6,6756,买盘
1588,11:19:24,11.26,--,3,3378,买盘
1589,11:19:15,11.26,0.02,6,6756,买盘
1590,11:19:06,11.24,-0.02,23,25852,卖盘
1591,11:19:03,11.26,--,3,3378,买盘
1592,11:19:00,11.26,--,5,5630,买盘
1593,11:18:54,11.26,0.01,12,13512,买盘
1594,11:18:48,11.25,--,5,5625,买盘
1595,11:18:45,11.25,--,55,61875,卖盘
1596,11:18:39,11.25,--,20,22500,买盘
1597,11:18:36,11.25,-0.01,3,3375,卖盘
1598,11:18:33,11.26,0.01,17,19142,买盘
1599,11:18:30,11.25,--,15,16875,买盘
1600,11:18:27,11.25,--,43,48375,买盘
1601,11:18:24,11.25,--,9,10125,买盘
1602,11:18:21,11.25,0.01,3,3375,买盘
1603,11:18:15,11.24,-0.01,20,22480,卖盘
1604,11:18:12,11.25,--,1,1125,买盘
1605,11:18:09,11.25,0.01,5,5625,买盘
1606,11:18:06,11.24,-0.01,30,33720,卖盘
1607,11:18:03,11.25,--,19,21375,买盘
1608,11:18:00,11.25,--,15,16875,买盘
1609,11:17:57,11.25,--,31,34875,买盘
1610,11:17:54,11.25,0.01,38,42750,买盘
1611,11:17:51,11.24,-0.01,14,15736,卖盘
1612,11:17:42,11.25,--,12,13500,买盘
1613,11:17:39,11.25,0.01,37,41625,买盘
1614,11:17:36,11.24,-0.01,23,25852,卖盘
1615,11:17:33,11.25,--,10,11250,买盘
1616,11:17:30,11.25,--,29,32625,买盘
1617,11:17:24,11.25,--,13,14625,买盘
1618,11:17:21,11.25,--,5,5625,买盘
1619,11:17:18,11.25,--,1,1125,买盘
1620,11:17:15,11.25,--,5,5625,买盘
1621,11:17:09,11.25,0.01,60,67500,买盘
1622,11:17:06,11.24,-0.01,23,25852,卖盘
1623,11:17:03,11.25,--,7,7875,买盘
1624,11:16:54,11.25,--,3,3375,买盘
1625,11:16:51,11.25,--,3,3375,买盘
1626,11:16:42,11.25,0.01,15,16875,买盘
1627,11:16:36,11.24,-0.01,57,64068,卖盘
1628,11:16:33,11.25,--,7,7875,买盘
1629,11:16:30,11.25,--,8,9000,买盘
1630,11:16:24,11.25,0.01,27,30375,买盘
1631,11:16:21,11.24,-0.01,9,10116,卖盘
1632,11:16:18,11.25,--,68,76500,卖盘
1633,11:16:15,11.25,-0.01,6,6750,卖盘
1634,11:16:12,11.26,0.01,9,10134,买盘
1635,11:16:06,11.25,-0.01,24,27000,卖盘
1636,11:16:03,11.26,--,13,14638,买盘
1637,11:16:00,11.26,0.01,5,5630,中性盘
1638,11:15:57,11.25,-0.02,8,9000,卖盘
1639,11:15:54,11.27,--,58,65366,买盘
1640,11:15:48,11.27,0.02,98,110446,买盘
1641,11:15:45,11.25,-0.02,66,74250,卖盘
1642,11:15:42,11.27,--,125,140875,买盘
1643,11:15:39,11.27,0.02,3,3381,买盘
1644,11:15:36,11.25,-0.02,23,25875,卖盘
1645,11:15:33,11.27,--,602,678454,买盘
1646,11:15:30,11.27,--,6,6762,买盘
1647,11:15:24,11.27,--,2,2254,买盘
1648,11:15:21,11.27,--,2,2254,买盘
1649,11:15:12,11.27,0.01,5,5635,买盘
1650,11:15:06,11.26,-0.01,23,25898,卖盘
1651,11:15:00,11.27,--,5,5635,买盘
1652,11:14:57,11.27,--,1,1127,买盘
1653,11:14:54,11.27,--,2,2254,买盘
1654,11:14:42,11.27,0.01,8,9016,买盘
1655,11:14:36,11.26,-0.01,32,36032,卖盘
1656,11:14:33,11.27,--,8,9016,买盘
1657,11:14:24,11.27,--,5,5635,买盘
1658,11:14:18,11.27,--,3,3381,买盘
1659,11:14:12,11.27,--,18,20286,买盘
1660,11:14:09,11.27,0.01,6,6762,买盘
1661,11:14:06,11.26,-0.01,23,25898,卖盘
1662,11:14:03,11.27,--,46,51842,买盘
1663,11:13:54,11.27,--,7,7889,买盘
1664,11:13:51,11.27,0.01,1,1127,买盘
1665,11:13:48,11.26,--,200,225200,卖盘
1666,11:13:45,11.26,-0.01,1,1126,卖盘
1667,11:13:42,11.27,0.01,31,34937,买盘
1668,11:13:36,11.26,-0.01,154,173404,卖盘
1669,11:13:33,11.27,--,8,9016,买盘
1670,11:13:24,11.27,0.01,7,7889,买盘
1671,11:13:15,11.26,-0.01,1,1126,卖盘
1672,11:13:12,11.27,0.01,13,14651,买盘
1673,11:13:06,11.26,-0.01,23,25898,卖盘
1674,11:13:03,11.27,--,43,48461,买盘
1675,11:13:00,11.27,--,5,5635,买盘
1676,11:12:54,11.27,--,2,2254,买盘
1677,11:12:51,11.27,--,1,1127,买盘
1678,11:12:45,11.27,--,1,1127,买盘
1679,11:12:42,11.27,--,10,11270,买盘
1680,11:12:39,11.27,0.01,4,4508,买盘
1681,11:12:36,11.26,-0.01,23,25898,卖盘
1682,11:12:33,11.27,0.01,20,22540,买盘
1683,11:12:27,11.26,-0.01,5,5630,卖盘
1684,11:12:24,11.27,--,29,32683,买盘
1685,11:12:21,11.27,--,8,9016,买盘
1686,11:12:12,11.27,0.01,144,162288,买盘
1687,11:12:06,11.26,--,462,520212,买盘
1688,11:12:03,11.26,--,33,37158,买盘
1689,11:12:00,11.26,--,82,92332,买盘
1690,11:11:54,11.26,--,6,6756,买盘
1691,11:11:42,11.26,0.01,9,10134,买盘
1692,11:11:36,11.25,-0.01,23,25875,卖盘
1693,11:11:33,11.26,--,22,24772,买盘
1694,11:11:30,11.26,--,6,6756,买盘
1695,11:11:24,11.26,--,41,46166,买盘
1696,11:11:18,11.26,--,8,9008,买盘
1697,11:11:15,11.26,--,41,46166,买盘
1698,11:11:12,11.26,-0.01,160,180160,卖盘
1699,11:11:06,11.27,--,24,27048,买盘
1700,11:11:03,11.27,--,12,13524,买盘
1701,11:10:54,11.27,--,13,14651,买盘
1702,11:10:51,11.27,--,23,25921,买盘
1703,11:10:42,11.27,0.01,67,75509,买盘
1704,11:10:36,11.26,-0.01,28,31528,卖盘
1705,11:10:33,11.27,--,2,2254,买盘
1706,11:10:30,11.27,--,6,6762,买盘
1707,11:10:24,11.27,--,7,7889,买盘
1708,11:10:12,11.27,0.02,34,38318,买盘
1709,11:10:06,11.25,-0.01,162,182250,卖盘
1710,11:10:03,11.26,--,2,2252,买盘
1711,11:10:00,11.26,--,6,6756,买盘
1712,11:09:57,11.26,-0.01,11,12386,卖盘
1713,11:09:54,11.27,--,3,3381,买盘
1714,11:09:42,11.27,0.01,13,14651,买盘
1715,11:09:39,11.26,-0.01,5,5630,卖盘
1716,11:09:36,11.27,--,30,33810,买盘
1717,11:09:33,11.27,--,7,7889,买盘
1718,11:09:30,11.27,--,6,6762,买盘
1719,11:09:27,11.27,0.02,15,16905,买盘
1720,11:09:24,11.25,-0.02,21,23625,卖盘
1721,11:09:21,11.27,--,7,7889,买盘
1722,11:09:12,11.27,0.02,16,18032,买盘
1723,11:09:09,11.25,--,45,50625,卖盘
1724,11:09:06,11.25,-0.02,46,51750,卖盘
1725,11:09:03,11.27,--,19,21413,买盘
1726,11:09:00,11.27,0.02,12,13524,买盘
1727,11:08:57,11.25,--,24,27000,卖盘
1728,11:08:54,11.25,-0.01,24,27000,卖盘
1729,11:08:51,11.26,--,49,55174,卖盘
1730,11:08:48,11.26,--,27,30402,卖盘
1731,11:08:45,11.26,-0.01,32,36032,卖盘
1732,11:08:42,11.27,0.01,39,43953,买盘
1733,11:08:39,11.26,--,17,19142,卖盘
1734,11:08:36,11.26,--,132,148632,卖盘
1735,11:08:33,11.26,-0.01,39,43914,卖盘
1736,11:08:30,11.27,--,6,6762,买盘
1737,11:08:24,11.27,--,23,25921,买盘
1738,11:08:18,11.27,0.01,7,7889,买盘
1739,11:08:15,11.26,-0.01,10,11260,卖盘
1740,11:08:12,11.27,0.01,9,10143,买盘
1741,11:08:09,11.26,-0.01,44,49544,卖盘
1742,11:08:06,11.27,--,53,59731,买盘
1743,11:08:03,11.27,--,7,7889,买盘
1744,11:08:00,11.27,--,15,16905,买盘
1745,11:07:54,11.27,0.01,5,5635,买盘
1746,11:07:51,11.26,--,18,20268,卖盘
1747,11:07:48,11.26,--,10,11260,卖盘
1748,11:07:45,11.26,-0.01,4,4504,卖盘
1749,11:07:42,11.27,0.01,15,16905,买盘
1750,11:07:39,11.26,--,5,5630,卖盘
1751,11:07:36,11.26,-0.01,23,25898,卖盘
1752,11:07:33,11.27,--,4,4508,买盘
1753,11:07:30,11.27,0.01,6,6762,买盘
1754,11:07:24,11.26,--,14,15764,卖盘
1755,11:07:21,11.26,--,3,3378,卖盘
1756,11:07:15,11.26,-0.01,56,63056,卖盘
1757,11:07:12,11.27,--,10,11270,买盘
1758,11:07:06,11.27,--,24,27048,买盘
1759,11:07:03,11.27,--,22,24794,买盘
1760,11:07:00,11.27,0.01,5,5635,买盘
1761,11:06:57,11.26,-0.01,9,10134,卖盘
1762,11:06:54,11.27,0.01,49,55223,买盘
1763,11:06:51,11.26,-0.01,1,1126,卖盘
1764,11:06:48,11.27,0.01,1,1127,买盘
1765,11:06:45,11.26,-0.01,59,66434,卖盘
1766,11:06:42,11.27,0.01,29,32683,买盘
1767,11:06:36,11.26,-0.01,102,114852,卖盘
1768,11:06:33,11.27,--,37,41699,买盘
1769,11:06:30,11.27,0.01,6,6762,买盘
1770,11:06:27,11.26,--,5,5630,卖盘
1771,11:06:24,11.26,-0.01,21,23646,卖盘
1772,11:06:21,11.27,0.01,12,13524,买盘
1773,11:06:15,11.26,-0.01,9,10134,卖盘
1774,11:06:12,11.27,0.01,15,16905,买盘
1775,11:06:06,11.26,--,23,25898,卖盘
1776,11:06:03,11.26,--,13,14638,卖盘
1777,11:06:00,11.26,--,7,7882,卖盘
1778,11:05:57,11.26,-0.01,54,60804,卖盘
1779,11:05:51,11.27,--,4,4508,买盘
1780,11:05:42,11.27,0.01,12,13524,买盘
1781,11:05:39,11.26,--,9,10134,卖盘
1782,11:05:36,11.26,-0.01,23,25898,卖盘
1783,11:05:33,11.27,0.01,34,38318,买盘
1784,11:05:27,11.26,-0.01,30,33780,卖盘
1785,11:05:21,11.27,--,110,123970,买盘
1786,11:05:18,11.27,--,7,7889,买盘
1787,11:05:12,11.27,--,19,21413,买盘
1788,11:05:06,11.27,0.01,34,38318,买盘
1789,11:05:03,11.26,--,11,12386,卖盘
1790,11:05:00,11.26,-0.01,2,2252,卖盘
1791,11:04:51,11.27,0.01,22,24794,买盘
1792,11:04:45,11.26,-0.01,64,72064,卖盘
1793,11:04:42,11.27,0.01,46,51842,买盘
1794,11:04:36,11.26,--,23,25898,卖盘
1795,11:04:33,11.26,-0.01,204,229704,卖盘
1796,11:04:30,11.27,--,6,6762,买盘
1797,11:04:21,11.27,--,16,18032,买盘
1798,11:04:12,11.27,0.01,16,18032,买盘
1799,11:04:06,11.26,--,23,25898,卖盘
1800,11:04:03,11.26,-0.01,23,25898,卖盘
1801,11:04:00,11.27,--,35,39445,买盘
1802,11:03:54,11.27,--,20,22540,买盘
1803,11:03:51,11.27,0.01,22,24794,买盘
1804,11:03:45,11.26,-0.01,1,1126,卖盘
1805,11:03:42,11.27,--,2,2254,买盘
1806,11:03:39,11.27,--,1,1127,买盘
1807,11:03:36,11.27,0.01,26,29302,买盘
1808,11:03:33,11.26,-0.01,4,4504,卖盘
1809,11:03:30,11.27,0.01,6,6762,买盘
1810,11:03:27,11.26,-0.01,4,4504,卖盘
1811,11:03:21,11.27,--,9,10143,买盘
1812,11:03:12,11.27,0.01,9,10143,买盘
1813,11:03:06,11.26,--,23,25898,卖盘
1814,11:03:03,11.26,--,15,16890,卖盘
1815,11:03:00,11.26,-0.01,9,10134,卖盘
1816,11:02:51,11.27,0.01,6,6762,买盘
1817,11:02:48,11.26,-0.01,26,29276,卖盘
1818,11:02:42,11.27,0.01,11,12397,买盘
1819,11:02:39,11.26,--,23,25898,卖盘
1820,11:02:36,11.26,-0.01,23,25898,卖盘
1821,11:02:33,11.27,--,23,25921,买盘
1822,11:02:30,11.27,0.01,6,6762,买盘
1823,11:02:27,11.26,--,46,51796,卖盘
1824,11:02:24,11.26,-0.01,1,1126,卖盘
1825,11:02:21,11.27,--,53,59731,买盘
1826,11:02:18,11.27,0.01,14,15778,买盘
1827,11:02:12,11.26,-0.01,30,33780,卖盘
1828,11:02:09,11.27,--,8,9016,买盘
1829,11:02:06,11.27,0.01,33,37191,买盘
1830,11:02:03,11.26,-0.01,61,68686,卖盘
1831,11:02:00,11.27,--,5,5635,买盘
1832,11:01:51,11.27,--,2,2254,买盘
1833,11:01:42,11.27,0.01,8,9016,买盘
1834,11:01:36,11.26,-0.01,27,30402,卖盘
1835,11:01:33,11.27,--,2,2254,买盘
1836,11:01:30,11.27,--,6,6762,买盘
1837,11:01:27,11.27,--,1,1127,买盘
1838,11:01:21,11.27,0.01,3,3381,买盘
1839,11:01:12,11.26,--,18,20268,卖盘
1840,11:01:06,11.26,-0.01,25,28150,卖盘
1841,11:01:03,11.27,--,9,10143,买盘
1842,11:00:57,11.27,--,11,12397,买盘
1843,11:00:51,11.27,--,6,6762,买盘
1844,11:00:48,11.27,--,4,4508,买盘
1845,11:00:42,11.27,--,29,32683,买盘
1846,11:00:39,11.27,0.01,1,1127,买盘
1847,11:00:36,11.26,-0.01,23,25898,卖盘
1848,11:00:33,11.27,0.01,18,20286,买盘
1849,11:00:24,11.26,-0.01,10,11260,卖盘
1850,11:00:21,11.27,0.01,54,60858,买盘
1851,11:00:18,11.26,--,3,3378,卖盘
1852,11:00:15,11.26,-0.01,212,238712,卖盘
1853,11:00:12,11.27,0.01,2,2254,买盘
1854,11:00:06,11.26,-0.01,23,25898,卖盘
1855,11:00:03,11.27,--,2,2254,买盘
1856,11:00:00,11.27,0.01,7,7889,买盘
1857,10:59:57,11.26,-0.01,1,1126,卖盘
1858,10:59:51,11.27,0.01,3,3381,买盘
1859,10:59:45,11.26,-0.01,9,10134,卖盘
1860,10:59:42,11.27,0.01,8,9016,买盘
1861,10:59:36,11.26,-0.01,23,25898,卖盘
1862,10:59:33,11.27,0.01,8,9016,买盘
1863,10:59:30,11.26,--,5,5630,卖盘
1864,10:59:24,11.26,-0.01,4,4504,卖盘
1865,10:59:21,11.27,--,4,4508,买盘
1866,10:59:18,11.27,--,6,6762,买盘
1867,10:59:15,11.27,--,10,11270,买盘
1868,10:59:12,11.27,--,8,9016,买盘
1869,10:59:06,11.27,0.01,30,33810,买盘
1870,10:59:03,11.26,--,10,11260,卖盘
1871,10:59:00,11.26,-0.01,2,2252,卖盘
1872,10:58:51,11.27,--,10,11270,买盘
1873,10:58:48,11.27,0.01,4,4508,买盘
1874,10:58:42,11.26,--,49,55174,买盘
1875,10:58:36,11.26,--,24,27024,买盘
1876,10:58:33,11.26,--,34,38284,买盘
1877,10:58:27,11.26,--,20,22520,买盘
1878,10:58:21,11.26,0.01,8,9008,买盘
1879,10:58:18,11.25,--,69,77625,卖盘
1880,10:58:15,11.25,-0.01,4,4500,卖盘
1881,10:58:12,11.26,--,24,27024,买盘
1882,10:58:09,11.26,0.01,2,2252,买盘
1883,10:58:06,11.25,--,24,27000,卖盘
1884,10:58:03,11.25,--,22,24750,卖盘
1885,10:57:57,11.25,--,29,32625,卖盘
1886,10:57:54,11.25,-0.01,1,1125,卖盘
1887,10:57:51,11.26,--,2,2252,买盘
1888,10:57:42,11.26,--,5,5630,买盘
1889,10:57:39,11.26,0.01,1,1126,买盘
1890,10:57:36,11.25,-0.01,23,25875,卖盘
1891,10:57:33,11.26,-0.01,10,11260,中性盘
1892,10:57:21,11.27,--,3,3381,买盘
1893,10:57:12,11.27,0.02,13,14651,买盘
1894,10:57:09,11.25,--,9,10125,卖盘
1895,10:57:06,11.25,--,44,49500,卖盘
1896,10:57:03,11.25,--,13,14625,卖盘
1897,10:57:00,11.25,--,2,2250,卖盘
1898,10:56:54,11.25,-0.01,9,10125,卖盘
1899,10:56:51,11.26,--,5,5630,买盘
1900,10:56:39,11.26,--,10,11260,买盘
1901,10:56:36,11.26,--,15,16890,卖盘
1902,10:56:33,11.26,--,43,48418,卖盘
1903,10:56:30,11.26,--,16,18016,卖盘
1904,10:56:27,11.26,--,1,1126,卖盘
1905,10:56:24,11.26,--,1,1126,买盘
1906,10:56:21,11.26,--,2,2252,买盘
1907,10:56:18,11.26,--,7,7882,买盘
1908,10:56:09,11.26,0.01,7,7882,买盘
1909,10:56:06,11.25,--,23,25875,卖盘
1910,10:56:03,11.25,-0.01,8,9000,卖盘
1911,10:56:00,11.26,0.01,1,1126,买盘
1912,10:55:51,11.25,--,9,10125,卖盘
1913,10:55:42,11.25,-0.01,5,5625,卖盘
1914,10:55:36,11.26,-0.01,33,37158,卖盘
1915,10:55:33,11.27,--,61,68747,买盘
1916,10:55:30,11.27,--,6,6762,买盘
1917,10:55:18,11.27,0.02,6,6762,买盘
1918,10:55:06,11.25,-0.02,53,59625,卖盘
1919,10:55:00,11.27,0.01,5,5635,买盘
1920,10:54:54,11.26,--,5,5630,买盘
1921,10:54:48,11.26,--,8,9008,买盘
1922,10:54:45,11.26,--,4,4504,买盘
1923,10:54:42,11.26,-0.01,6,6756,中性盘
1924,10:54:36,11.27,0.02,30,33810,买盘
1925,10:54:33,11.25,-0.02,3,3375,卖盘
1926,10:54:30,11.27,--,6,6762,买盘
1927,10:54:24,11.27,--,10,11270,买盘
1928,10:54:15,11.27,0.02,2,2254,买盘
1929,10:54:06,11.25,--,24,27000,卖盘
1930,10:54:03,11.25,--,108,121500,卖盘
1931,10:54:00,11.25,--,22,24750,卖盘
1932,10:53:57,11.25,-0.01,2,2250,卖盘
1933,10:53:48,11.26,0.01,30,33780,买盘
1934,10:53:36,11.25,-0.02,95,106875,卖盘
1935,10:53:33,11.27,--,19,21413,买盘
1936,10:53:30,11.27,--,6,6762,买盘
1937,10:53:18,11.27,--,28,31556,买盘
1938,10:53:15,11.27,0.01,222,250194,买盘
1939,10:53:12,11.26,-0.01,43,48418,卖盘
1940,10:53:09,11.27,0.01,18,20286,买盘
1941,10:53:06,11.26,--,24,27024,卖盘
1942,10:53:03,11.26,--,9,10134,卖盘
1943,10:52:51,11.26,--,192,216192,卖盘
1944,10:52:48,11.26,-0.01,6,6756,卖盘
1945,10:52:42,11.27,0.01,8,9016,买盘
1946,10:52:36,11.26,-0.01,39,43914,卖盘
1947,10:52:30,11.27,--,68,76636,买盘
1948,10:52:24,11.27,0.01,31,34937,买盘
1949,10:52:21,11.26,-0.01,1,1126,卖盘
1950,10:52:09,11.27,0.01,11,12397,买盘
1951,10:52:06,11.26,-0.01,31,34906,卖盘
1952,10:52:03,11.27,--,5,5635,买盘
1953,10:52:00,11.27,0.01,4,4508,买盘
1954,10:51:57,11.26,--,8,9008,卖盘
1955,10:51:36,11.26,--,23,25898,卖盘
1956,10:51:33,11.26,-0.01,6,6756,卖盘
1957,10:51:30,11.27,--,6,6762,买盘
1958,10:51:27,11.27,--,82,92414,买盘
1959,10:51:24,11.27,--,82,92414,买盘
1960,10:51:21,11.27,0.01,31,34937,买盘
1961,10:51:18,11.26,--,13,14638,买盘
1962,10:51:12,11.26,0.01,1,1126,买盘
1963,10:51:06,11.25,-0.01,28,31500,卖盘
1964,10:51:03,11.26,--,5,5630,买盘
1965,10:50:57,11.26,--,31,34906,买盘
1966,10:50:54,11.26,--,82,92332,买盘
1967,10:50:51,11.26,--,10,11260,买盘
1968,10:50:48,11.26,--,21,23646,买盘
1969,10:50:45,11.26,0.01,112,126112,买盘
1970,10:50:36,11.25,-0.01,23,25875,卖盘
1971,10:50:30,11.26,--,6,6756,买盘
1972,10:50:27,11.26,--,16,18016,买盘
1973,10:50:24,11.26,--,31,34906,买盘
1974,10:50:18,11.26,0.01,88,99088,买盘
1975,10:50:15,11.25,-0.01,85,95625,卖盘
1976,10:50:09,11.26,0.01,17,19142,买盘
1977,10:50:06,11.25,--,127,143550,买盘
1978,10:50:00,11.25,0.01,7,7875,买盘
1979,10:49:57,11.24,-0.01,100,112400,卖盘
1980,10:49:54,11.25,0.01,30,33750,买盘
1981,10:49:51,11.24,-0.01,38,42712,卖盘
1982,10:49:48,11.25,--,5,5625,买盘
1983,10:49:45,11.25,0.01,32,36000,买盘
1984,10:49:42,11.24,-0.01,2,2248,卖盘
1985,10:49:39,11.25,--,83,93375,买盘
1986,10:49:36,11.25,--,25,28125,买盘
1987,10:49:30,11.25,0.01,6,6750,买盘
1988,10:49:27,11.24,--,2,2248,卖盘
1989,10:49:24,11.24,-0.01,59,66316,卖盘
1990,10:49:21,11.25,0.01,45,50625,买盘
1991,10:49:18,11.24,-0.01,5,5620,卖盘
1992,10:49:15,11.25,0.01,49,55125,买盘
1993,10:49:12,11.24,--,90,101160,卖盘
1994,10:49:06,11.24,--,28,31472,卖盘
1995,10:49:03,11.24,--,7,7868,卖盘
1996,10:49:00,11.24,--,7,7868,卖盘
1997,10:48:54,11.24,--,14,15736,卖盘
1998,10:48:48,11.24,--,5,5620,卖盘
1999,10:48:45,11.24,-0.01,5,5620,卖盘
2000,10:48:42,11.25,0.01,69,77625,买盘
2001,10:48:39,11.24,--,7,7868,卖盘
2002,10:48:36,11.24,-0.01,46,51704,卖盘
2003,10:48:33,11.25,--,6,6750,买盘
2004,10:48:21,11.25,--,3,3375,买盘
2005,10:48:18,11.25,0.01,10,11250,买盘
2006,10:48:09,11.24,--,80,89920,卖盘
2007,10:48:06,11.24,-0.01,53,59572,卖盘
2008,10:48:00,11.25,0.01,19,21375,买盘
2009,10:47:57,11.24,-0.01,9,10116,卖盘
2010,10:47:54,11.25,0.01,12,13500,买盘
2011,10:47:51,11.24,0.01,33,37092,买盘
2012,10:47:48,11.23,-0.01,8,8984,卖盘
2013,10:47:42,11.24,--,8,8992,买盘
2014,10:47:39,11.24,0.01,7,7868,买盘
2015,10:47:36,11.23,-0.01,23,25829,卖盘
2016,10:47:30,11.24,--,26,29224,买盘
2017,10:47:27,11.24,--,1,1124,买盘
2018,10:47:24,11.24,--,115,129260,卖盘
2019,10:47:09,11.24,--,23,25852,卖盘
2020,10:47:06,11.24,-0.01,143,160732,卖盘
2021,10:47:00,11.25,--,21,23625,买盘
2022,10:46:57,11.25,0.01,82,92250,买盘
2023,10:46:54,11.24,-0.01,20,22480,卖盘
2024,10:46:51,11.25,0.01,1,1125,买盘
2025,10:46:36,11.24,-0.01,23,25852,卖盘
2026,10:46:30,11.25,0.01,6,6750,买盘
2027,10:46:27,11.24,--,51,57324,卖盘
2028,10:46:24,11.24,-0.01,4,4496,卖盘
2029,10:46:18,11.25,--,20,22500,买盘
2030,10:46:15,11.25,0.01,5,5625,买盘
2031,10:46:06,11.24,-0.01,23,25852,卖盘
2032,10:46:03,11.25,--,1,1125,买盘
2033,10:46:00,11.25,--,18,20250,买盘
2034,10:45:51,11.25,--,5,5625,买盘
2035,10:45:48,11.25,0.01,3,3375,买盘
2036,10:45:42,11.24,-0.01,1,1124,卖盘
2037,10:45:39,11.25,--,11,12375,买盘
2038,10:45:36,11.25,--,33,37125,买盘
2039,10:45:33,11.25,0.01,6,6750,买盘
2040,10:45:27,11.24,-0.01,67,75757,卖盘
2041,10:45:24,11.25,-0.01,1,1125,卖盘
2042,10:45:21,11.26,--,2,2252,买盘
2043,10:45:18,11.26,--,7,7882,买盘
2044,10:45:12,11.26,0.01,3,3378,买盘
2045,10:45:09,11.25,-0.01,10,11250,卖盘
2046,10:45:06,11.26,--,85,96385,买盘
2047,10:45:00,11.26,--,7,7882,买盘
2048,10:44:54,11.26,0.01,18,20268,买盘
2049,10:44:48,11.25,--,12,13500,卖盘
2050,10:44:36,11.25,-0.01,23,25875,卖盘
2051,10:44:30,11.26,0.01,6,6756,买盘
2052,10:44:27,11.25,--,1,1125,卖盘
2053,10:44:24,11.25,--,16,18000,卖盘
2054,10:44:15,11.25,-0.01,1,1125,卖盘
2055,10:44:06,11.26,--,25,28150,买盘
2056,10:44:00,11.26,0.01,7,7882,买盘
2057,10:43:54,11.25,-0.01,50,56250,卖盘
2058,10:43:48,11.26,0.02,46,51796,买盘
2059,10:43:36,11.24,-0.01,23,25852,卖盘
2060,10:43:30,11.25,--,6,6750,中性盘
2061,10:43:09,11.25,0.01,20,22500,买盘
2062,10:43:06,11.24,-0.01,23,25852,卖盘
2063,10:43:00,11.25,0.01,7,7875,买盘
2064,10:42:54,11.24,--,39,43836,卖盘
2065,10:42:48,11.24,-0.01,14,15736,卖盘
2066,10:42:39,11.25,--,1,1125,买盘
2067,10:42:36,11.25,--,22,24750,卖盘
2068,10:42:33,11.25,-0.01,1,1125,卖盘
2069,10:42:30,11.26,0.01,16,18016,买盘
2070,10:42:21,11.25,-0.01,53,59625,卖盘
2071,10:42:12,11.26,--,58,65308,买盘
2072,10:42:09,11.26,0.01,28,31528,买盘
2073,10:42:06,11.25,-0.01,23,25875,卖盘
2074,10:42:00,11.26,0.01,5,5630,买盘
2075,10:41:57,11.25,--,164,184500,卖盘
2076,10:41:54,11.25,--,99,111375,卖盘
2077,10:41:48,11.25,--,75,84375,卖盘
2078,10:41:36,11.25,-0.01,103,115875,卖盘
2079,10:41:30,11.26,--,6,6756,买盘
2080,10:41:21,11.26,--,17,19142,买盘
2081,10:41:18,11.26,--,8,9008,买盘
2082,10:41:06,11.26,--,37,42236,卖盘
2083,10:41:03,11.26,-0.01,44,49544,卖盘
2084,10:41:00,11.27,0.01,5,5635,买盘
2085,10:40:57,11.26,--,5,5630,卖盘
2086,10:40:54,11.26,-0.01,50,56300,卖盘
2087,10:40:51,11.27,0.01,8,9016,买盘
2088,10:40:48,11.26,--,16,18016,卖盘
2089,10:40:45,11.26,--,3,3378,卖盘
2090,10:40:42,11.26,--,10,11260,卖盘
2091,10:40:36,11.26,-0.01,23,25898,卖盘
2092,10:40:33,11.27,0.01,6,6762,买盘
2093,10:40:27,11.26,--,2,2252,卖盘
2094,10:40:24,11.26,--,2,2252,卖盘
2095,10:40:06,11.26,--,33,37158,卖盘
2096,10:40:03,11.26,-0.01,6,6756,卖盘
2097,10:40:00,11.27,--,6,6762,买盘
2098,10:39:54,11.27,0.01,10,11270,买盘
2099,10:39:51,11.26,--,101,113726,卖盘
2100,10:39:48,11.26,--,4,4504,卖盘
2101,10:39:45,11.26,--,354,398604,卖盘
2102,10:39:36,11.26,-0.01,23,25898,卖盘
2103,10:39:33,11.27,--,8,9016,买盘
2104,10:39:30,11.27,--,12,13524,买盘
2105,10:39:27,11.27,--,23,25921,买盘
2106,10:39:21,11.27,--,6,6762,买盘
2107,10:39:18,11.27,0.01,6,6762,买盘
2108,10:39:15,11.26,-0.01,20,22520,卖盘
2109,10:39:06,11.27,--,26,29302,买盘
2110,10:39:00,11.27,0.01,7,7889,买盘
2111,10:38:57,11.26,--,150,168900,卖盘
2112,10:38:51,11.26,-0.01,1,1126,卖盘
2113,10:38:42,11.27,--,5,5635,买盘
2114,10:38:36,11.27,0.01,31,34937,买盘
2115,10:38:33,11.26,--,86,96836,卖盘
2116,10:38:27,11.26,--,2,2252,卖盘
2117,10:38:21,11.26,-0.01,1,1126,卖盘
2118,10:38:06,11.27,-0.01,20,22540,卖盘
2119,10:38:00,11.28,0.01,8,9024,买盘
2120,10:37:51,11.27,--,27,30429,卖盘
2121,10:37:39,11.27,--,42,47334,卖盘
2122,10:37:36,11.27,-0.01,23,25921,卖盘
2123,10:37:33,11.28,0.01,6,6768,买盘
2124,10:37:30,11.27,--,86,96922,卖盘
2125,10:37:27,11.27,--,1,1127,卖盘
2126,10:37:15,11.27,--,8,9016,卖盘
2127,10:37:06,11.27,--,25,28175,卖盘
2128,10:37:03,11.27,--,1,1127,卖盘
2129,10:37:00,11.27,--,9,10143,卖盘
2130,10:36:57,11.27,--,1,1127,卖盘
2131,10:36:51,11.27,-0.01,10,11270,卖盘
2132,10:36:48,11.28,--,6,6768,买盘
2133,10:36:36,11.28,0.01,27,30456,买盘
2134,10:36:33,11.27,-0.01,9,10143,卖盘
2135,10:36:30,11.28,0.01,65,73320,买盘
2136,10:36:27,11.27,-0.01,100,112700,卖盘
2137,10:36:21,11.28,--,4,4512,买盘
2138,10:36:12,11.28,--,2,2256,买盘
2139,10:36:09,11.28,0.01,8,9024,买盘
2140,10:36:06,11.27,-0.01,34,38318,卖盘
2141,10:36:03,11.28,--,11,12408,买盘
2142,10:36:00,11.28,--,8,9024,买盘
2143,10:35:51,11.28,--,81,91368,卖盘
2144,10:35:45,11.28,--,20,22560,卖盘
2145,10:35:39,11.28,-0.01,9,10152,卖盘
2146,10:35:36,11.29,--,70,79030,买盘
2147,10:35:30,11.29,--,6,6773,买盘
2148,10:35:24,11.29,0.01,10,11290,买盘
2149,10:35:21,11.28,-0.01,26,29328,卖盘
2150,10:35:18,11.29,0.01,4,4516,买盘
2151,10:35:15,11.28,--,2,2256,卖盘
2152,10:35:12,11.28,-0.01,200,225600,卖盘
2153,10:35:09,11.29,0.01,1,1129,买盘
2154,10:35:06,11.28,--,23,25944,卖盘
2155,10:35:03,11.28,--,2,2256,卖盘
2156,10:35:00,11.28,--,10,11280,卖盘
2157,10:34:51,11.28,-0.01,73,82344,卖盘
2158,10:34:48,11.29,0.01,3,3386,买盘
2159,10:34:45,11.28,--,30,33840,卖盘
2160,10:34:42,11.28,--,30,33840,卖盘
2161,10:34:39,11.28,--,8,9024,卖盘
2162,10:34:36,11.28,-0.01,31,34968,卖盘
2163,10:34:30,11.29,0.01,6,6773,买盘
2164,10:34:24,11.28,--,1,1128,卖盘
2165,10:34:12,11.28,--,51,57528,卖盘
2166,10:34:09,11.28,--,5,5640,卖盘
2167,10:34:06,11.28,--,23,25944,卖盘
2168,10:34:03,11.28,-0.01,3,3384,卖盘
2169,10:34:00,11.29,0.01,6,6773,买盘
2170,10:33:54,11.28,-0.01,9,10152,卖盘
2171,10:33:39,11.29,0.01,4,4516,买盘
2172,10:33:36,11.28,-0.01,23,25944,卖盘
2173,10:33:30,11.29,--,6,6773,买盘
2174,10:33:21,11.29,0.01,1,1129,买盘
2175,10:33:12,11.28,--,29,32711,卖盘
2176,10:33:09,11.28,--,1,1128,卖盘
2177,10:33:06,11.28,--,23,25944,卖盘
2178,10:33:03,11.28,--,8,9024,卖盘
2179,10:32:45,11.28,--,1,1128,卖盘
2180,10:32:39,11.28,--,9,10152,卖盘
2181,10:32:36,11.28,-0.01,23,25944,卖盘
2182,10:32:30,11.29,0.01,24,27095,买盘
2183,10:32:24,11.28,-0.01,80,90240,卖盘
2184,10:32:21,11.29,0.01,97,109512,买盘
2185,10:32:15,11.28,--,46,51888,卖盘
2186,10:32:12,11.28,-0.01,65,73320,卖盘
2187,10:32:06,11.29,0.01,39,44031,买盘
2188,10:32:03,11.28,-0.01,4,4512,卖盘
2189,10:32:00,11.29,0.01,46,51933,买盘
2190,10:31:57,11.28,--,35,39480,卖盘
2191,10:31:54,11.28,--,39,43992,卖盘
2192,10:31:51,11.28,--,52,58656,卖盘
2193,10:31:45,11.28,--,21,23688,卖盘
2194,10:31:42,11.28,--,34,38352,卖盘
2195,10:31:39,11.28,-0.01,23,25944,卖盘
2196,10:31:36,11.29,--,36,40644,买盘
2197,10:31:30,11.29,--,43,48546,买盘
2198,10:31:27,11.29,0.01,6,6773,买盘
2199,10:31:21,11.28,-0.01,418,471504,卖盘
2200,10:31:18,11.29,--,8,9032,卖盘
2201,10:31:15,11.29,--,60,67740,卖盘
2202,10:31:06,11.29,-0.01,23,25966,卖盘
2203,10:31:00,11.3,0.01,6,6780,买盘
2204,10:30:57,11.29,-0.01,6,6773,卖盘
2205,10:30:54,11.3,0.01,20,22600,买盘
2206,10:30:51,11.29,-0.01,134,151286,卖盘
2207,10:30:48,11.3,0.01,4,4520,买盘
2208,10:30:45,11.29,-0.01,50,56449,卖盘
2209,10:30:39,11.3,--,8,9040,买盘
2210,10:30:36,11.3,--,30,33900,买盘
2211,10:30:30,11.3,0.01,16,18080,买盘
2212,10:30:27,11.29,--,1,1129,卖盘
2213,10:30:24,11.29,--,1,1129,卖盘
2214,10:30:18,11.29,-0.01,200,225799,卖盘
2215,10:30:12,11.3,0.01,15,16950,买盘
2216,10:30:09,11.29,-0.01,36,40644,卖盘
2217,10:30:06,11.3,--,25,28250,买盘
2218,10:30:00,11.3,--,6,6780,买盘
2219,10:29:45,11.3,0.01,6,6780,买盘
2220,10:29:42,11.29,--,2,2258,卖盘
2221,10:29:39,11.29,--,5,5645,卖盘
2222,10:29:36,11.29,-0.01,23,25966,卖盘
2223,10:29:33,11.3,--,20,22600,买盘
2224,10:29:30,11.3,0.01,6,6780,买盘
2225,10:29:27,11.29,0.01,1134,1280286,买盘
2226,10:29:18,11.28,-0.01,10,11280,卖盘
2227,10:29:15,11.29,0.01,5,5645,买盘
2228,10:29:12,11.28,-0.01,2,2256,卖盘
2229,10:29:09,11.29,--,80,90320,买盘
2230,10:29:06,11.29,--,36,40644,买盘
2231,10:29:00,11.29,0.01,6,6773,买盘
2232,10:28:54,11.28,-0.01,8,9024,卖盘
2233,10:28:51,11.29,0.01,2,2258,买盘
2234,10:28:48,11.28,--,5,5640,卖盘
2235,10:28:45,11.28,--,681,768168,买盘
2236,10:28:42,11.28,0.01,3,3384,买盘
2237,10:28:39,11.27,--,3,3381,卖盘
2238,10:28:36,11.27,-0.01,23,25921,卖盘
2239,10:28:33,11.28,--,600,676800,买盘
2240,10:28:30,11.28,0.01,6,6768,买盘
2241,10:28:27,11.27,--,2,2254,卖盘
2242,10:28:21,11.27,--,30,33810,卖盘
2243,10:28:09,11.27,--,3,3381,卖盘
2244,10:28:06,11.27,--,23,25921,卖盘
2245,10:28:03,11.27,-0.01,41,46207,卖盘
2246,10:28:00,11.28,0.01,3,3384,买盘
2247,10:27:54,11.27,-0.01,2,2254,卖盘
2248,10:27:48,11.28,--,7,7896,买盘
2249,10:27:45,11.28,--,10,11280,买盘
2250,10:27:39,11.28,0.01,5,5640,买盘
2251,10:27:36,11.27,--,23,25921,卖盘
2252,10:27:24,11.27,-0.01,48,54096,卖盘
2253,10:27:18,11.28,--,133,150024,买盘
2254,10:27:15,11.28,--,2,2256,买盘
2255,10:27:09,11.28,--,6,6768,买盘
2256,10:27:06,11.28,--,33,37224,买盘
2257,10:27:03,11.28,--,17,19176,买盘
2258,10:27:00,11.28,--,10,11280,买盘
2259,10:26:54,11.28,0.01,1,1128,买盘
2260,10:26:51,11.27,-0.01,5,5635,卖盘
2261,10:26:45,11.28,--,8,9024,买盘
2262,10:26:39,11.28,--,10,11280,买盘
2263,10:26:36,11.28,--,25,28200,买盘
2264,10:26:30,11.28,0.01,11,12408,买盘
2265,10:26:27,11.27,-0.01,35,39445,卖盘
2266,10:26:18,11.28,0.01,6,6768,买盘
2267,10:26:06,11.27,-0.01,23,25921,卖盘
2268,10:25:57,11.28,--,11,12408,买盘
2269,10:25:48,11.28,0.01,5,5640,买盘
2270,10:25:45,11.27,--,20,22540,卖盘
2271,10:25:42,11.27,--,19,21413,卖盘
2272,10:25:36,11.27,-0.01,23,25921,卖盘
2273,10:25:18,11.28,--,30,33840,买盘
2274,10:25:15,11.28,0.01,1,1128,买盘
2275,10:25:12,11.27,--,280,315560,卖盘
2276,10:25:06,11.27,--,23,25921,卖盘
2277,10:25:03,11.27,--,2,2254,卖盘
2278,10:25:00,11.27,-0.01,10,11270,卖盘
2279,10:24:57,11.28,0.01,10,11280,买盘
2280,10:24:48,11.27,-0.01,20,22540,卖盘
2281,10:24:42,11.28,0.01,300,338400,买盘
2282,10:24:39,11.27,--,3,3381,卖盘
2283,10:24:36,11.27,--,23,25921,卖盘
2284,10:24:30,11.27,--,1,1127,卖盘
2285,10:24:27,11.27,--,1,1127,卖盘
2286,10:24:21,11.27,--,30,33810,卖盘
2287,10:24:15,11.27,--,50,56350,卖盘
2288,10:24:12,11.27,--,25,28175,卖盘
2289,10:24:06,11.27,--,24,27048,卖盘
2290,10:24:03,11.27,--,148,166796,卖盘
2291,10:24:00,11.27,--,272,306544,卖盘
2292,10:23:57,11.27,--,50,56350,卖盘
2293,10:23:51,11.27,-0.01,68,76636,卖盘
2294,10:23:48,11.28,--,20,22560,买盘
2295,10:23:42,11.28,--,3,3384,买盘
2296,10:23:39,11.28,0.01,21,23688,买盘
2297,10:23:36,11.27,--,23,25921,卖盘
2298,10:23:33,11.27,--,5,5635,卖盘
2299,10:23:27,11.27,-0.01,20,22540,卖盘
2300,10:23:18,11.28,0.01,6,6768,买盘
2301,10:23:15,11.27,--,13,14651,卖盘
2302,10:23:06,11.27,--,23,25921,卖盘
2303,10:23:03,11.27,--,2,2254,卖盘
2304,10:22:57,11.27,--,22,24794,卖盘
2305,10:22:54,11.27,-0.01,3,3381,卖盘
2306,10:22:48,11.28,0.01,50,56400,买盘
2307,10:22:45,11.27,--,1,1127,卖盘
2308,10:22:36,11.27,--,23,25921,卖盘
2309,10:22:33,11.27,--,33,37191,买盘
2310,10:22:18,11.27,0.01,133,149891,买盘
2311,10:22:06,11.26,--,23,25898,卖盘
2312,10:22:03,11.26,--,12,13512,卖盘
2313,10:21:57,11.26,-0.01,25,28150,卖盘
2314,10:21:54,11.27,--,26,29302,买盘
2315,10:21:51,11.27,--,7,7889,买盘
2316,10:21:48,11.27,0.01,51,57477,买盘
2317,10:21:42,11.26,-0.01,2,2252,卖盘
2318,10:21:36,11.27,0.01,57,64239,买盘
2319,10:21:30,11.26,-0.01,52,58552,卖盘
2320,10:21:27,11.27,0.01,31,34937,买盘
2321,10:21:24,11.26,--,12,13512,卖盘
2322,10:21:21,11.26,-0.01,4,5404,卖盘
2323,10:21:18,11.27,--,2,2254,买盘
2324,10:21:15,11.27,--,3,3381,买盘
2325,10:21:09,11.27,--,127,143129,卖盘
2326,10:21:06,11.27,-0.01,23,25921,卖盘
2327,10:21:03,11.28,--,5,5640,买盘
2328,10:21:00,11.28,0.01,24,27072,买盘
2329,10:20:57,11.27,--,9,10143,卖盘
2330,10:20:54,11.27,--,25,28175,卖盘
2331,10:20:51,11.27,--,8,9016,卖盘
2332,10:20:45,11.27,--,20,22540,卖盘
2333,10:20:42,11.27,-0.01,5,5635,卖盘
2334,10:20:39,11.28,0.01,14,15792,买盘
2335,10:20:36,11.27,--,47,52969,卖盘
2336,10:20:27,11.27,--,2,2254,卖盘
2337,10:20:18,11.27,--,8,9016,卖盘
2338,10:20:12,11.27,--,190,214130,卖盘
2339,10:20:09,11.27,--,5,5635,卖盘
2340,10:20:06,11.27,-0.01,23,25921,卖盘
2341,10:20:03,11.28,--,46,51888,买盘
2342,10:19:57,11.28,--,5,5640,买盘
2343,10:19:48,11.28,--,50,56400,买盘
2344,10:19:45,11.28,0.01,4,4512,买盘
2345,10:19:39,11.27,--,204,229908,卖盘
2346,10:19:36,11.27,-0.02,65,73255,卖盘
2347,10:19:30,11.29,0.02,63,71127,买盘
2348,10:19:27,11.27,-0.01,302,340354,卖盘
2349,10:19:24,11.28,--,20,22560,买盘
2350,10:19:21,11.28,--,48,54144,买盘
2351,10:19:15,11.28,--,3,3384,买盘
2352,10:19:12,11.28,--,7,7896,买盘
2353,10:19:09,11.28,-0.01,97,109416,中性盘
2354,10:19:06,11.29,--,24,27095,买盘
2355,10:19:00,11.29,--,5,5645,买盘
2356,10:18:57,11.29,--,10,11290,买盘
2357,10:18:51,11.29,--,20,22580,买盘
2358,10:18:42,11.29,0.01,19,21451,买盘
2359,10:18:39,11.28,0.01,120,135360,买盘
2360,10:18:36,11.27,--,30,33810,卖盘
2361,10:18:33,11.27,-0.01,5,5635,卖盘
2362,10:18:30,11.28,--,25,28200,买盘
2363,10:18:27,11.28,0.01,38,42864,买盘
2364,10:18:24,11.27,-0.01,19,21413,卖盘
2365,10:18:21,11.28,--,15,16920,买盘
2366,10:18:18,11.28,--,46,51888,买盘
2367,10:18:15,11.28,--,20,22560,买盘
2368,10:18:12,11.28,--,33,37224,买盘
2369,10:18:09,11.28,--,20,22560,买盘
2370,10:18:06,11.28,--,107,120696,买盘
2371,10:18:03,11.28,--,5,5640,买盘
2372,10:18:00,11.28,--,37,41736,买盘
2373,10:17:57,11.28,--,89,100392,买盘
2374,10:17:54,11.28,--,6,6768,买盘
2375,10:17:48,11.28,--,22,24816,买盘
2376,10:17:45,11.28,0.01,14,15792,买盘
2377,10:17:36,11.27,-0.01,44,49588,卖盘
2378,10:17:33,11.28,--,92,103776,买盘
2379,10:17:30,11.28,--,3,3384,买盘
2380,10:17:24,11.28,--,2,2256,买盘
2381,10:17:21,11.28,--,3,3384,买盘
2382,10:17:18,11.28,--,10,11280,买盘
2383,10:17:15,11.28,0.01,4,4512,买盘
2384,10:17:12,11.27,--,20,22540,卖盘
2385,10:17:06,11.27,--,35,39445,卖盘
2386,10:17:03,11.27,--,2,2254,卖盘
2387,10:16:57,11.27,-0.01,1,1127,卖盘
2388,10:16:42,11.28,0.01,4,4512,买盘
2389,10:16:36,11.27,-0.01,34,38318,卖盘
2390,10:16:33,11.28,--,9,10152,买盘
2391,10:16:30,11.28,--,17,19176,买盘
2392,10:16:27,11.28,--,84,94752,买盘
2393,10:16:24,11.28,--,3,3384,买盘
2394,10:16:18,11.28,0.01,21,23688,买盘
2395,10:16:15,11.27,-0.01,4,4508,卖盘
2396,10:16:09,11.28,0.01,20,22560,买盘
2397,10:16:06,11.27,-0.01,23,25921,卖盘
2398,10:16:03,11.28,--,1,1128,买盘
2399,10:16:00,11.28,--,1,1128,买盘
2400,10:15:54,11.28,0.01,10,11280,买盘
2401,10:15:51,11.27,-0.01,10,11270,卖盘
2402,10:15:45,11.28,--,93,104904,买盘
2403,10:15:42,11.28,--,5,5640,买盘
2404,10:15:39,11.28,0.01,62,69936,买盘
2405,10:15:36,11.27,--,50,56350,买盘
2406,10:15:33,11.27,--,106,119462,卖盘
2407,10:15:30,11.27,--,17,19159,卖盘
2408,10:15:27,11.27,--,3,3381,卖盘
2409,10:15:24,11.27,--,35,39445,卖盘
2410,10:15:21,11.27,-0.01,85,95795,买盘
2411,10:15:15,11.28,0.01,245,276360,买盘
2412,10:15:12,11.27,--,60,67620,卖盘
2413,10:15:09,11.27,--,36,40572,买盘
2414,10:15:06,11.27,0.01,24,27048,买盘
2415,10:15:03,11.26,-0.01,10,11260,卖盘
2416,10:15:00,11.27,0.01,6,6762,买盘
2417,10:14:54,11.26,-0.01,3,3378,卖盘
2418,10:14:51,11.27,--,23,25921,买盘
2419,10:14:42,11.27,--,67,75509,买盘
2420,10:14:39,11.27,--,124,139748,卖盘
2421,10:14:36,11.27,--,109,122843,卖盘
2422,10:14:30,11.27,--,14,15778,卖盘
2423,10:14:27,11.27,0.01,35,39445,买盘
2424,10:14:21,11.26,-0.01,10,11260,卖盘
2425,10:14:18,11.27,--,14,15778,买盘
2426,10:14:12,11.27,--,19,21413,买盘
2427,10:14:09,11.27,0.01,57,64239,买盘
2428,10:14:06,11.26,-0.01,23,25898,卖盘
2429,10:14:03,11.27,--,6,6762,买盘
2430,10:14:00,11.27,--,89,100303,买盘
2431,10:13:57,11.27,--,81,91287,买盘
2432,10:13:54,11.27,0.01,23,25921,买盘
2433,10:13:51,11.26,-0.01,52,58552,卖盘
2434,10:13:48,11.27,--,7,7889,买盘
2435,10:13:45,11.27,0.01,7,7889,买盘
2436,10:13:42,11.26,-0.01,10,11260,卖盘
2437,10:13:39,11.27,--,16,18032,买盘
2438,10:13:36,11.27,--,40,45080,买盘
2439,10:13:33,11.27,0.01,24,27048,买盘
2440,10:13:30,11.26,--,13,14638,卖盘
2441,10:13:27,11.26,-0.01,32,36032,卖盘
2442,10:13:24,11.27,--,26,29302,买盘
2443,10:13:21,11.27,--,4,4508,买盘
2444,10:13:15,11.27,--,3,3381,买盘
2445,10:13:12,11.27,--,49,55223,买盘
2446,10:13:06,11.27,--,28,31556,买盘
2447,10:13:00,11.27,--,2,2254,买盘
2448,10:12:57,11.27,--,1,1127,买盘
2449,10:12:54,11.27,--,20,22540,买盘
2450,10:12:51,11.27,--,6,6762,买盘
2451,10:12:48,11.27,0.01,7,7889,中性盘
2452,10:12:42,11.26,-0.01,31,34906,卖盘
2453,10:12:39,11.27,--,5,5635,卖盘
2454,10:12:36,11.27,-0.01,22,24794,卖盘
2455,10:12:33,11.28,0.01,26,29328,买盘
2456,10:12:30,11.27,--,35,39445,买盘
2457,10:12:27,11.27,--,6,6762,买盘
2458,10:12:24,11.27,0.01,105,118335,买盘
2459,10:12:21,11.26,-0.02,104,117104,卖盘
2460,10:12:18,11.28,0.01,33,37224,买盘
2461,10:12:15,11.27,--,9,10143,买盘
2462,10:12:12,11.27,--,65,73255,买盘
2463,10:12:09,11.27,0.01,12,13524,买盘
2464,10:12:06,11.26,-0.01,69,77694,卖盘
2465,10:12:03,11.27,--,13,14651,卖盘
2466,10:12:00,11.27,--,78,87906,买盘
2467,10:11:54,11.27,-0.01,105,118335,卖盘
2468,10:11:48,11.28,--,3,3384,买盘
2469,10:11:45,11.28,0.01,3,3384,买盘
2470,10:11:39,11.27,-0.01,19,21413,卖盘
2471,10:11:36,11.28,0.01,8,9024,买盘
2472,10:11:33,11.27,--,10,11270,买盘
2473,10:11:30,11.27,--,75,84525,买盘
2474,10:11:24,11.27,-0.01,322,362894,卖盘
2475,10:11:21,11.28,0.02,51,57528,买盘
2476,10:11:15,11.26,-0.02,306,344556,卖盘
2477,10:11:12,11.28,0.01,5,5640,买盘
2478,10:11:09,11.27,--,2,2254,买盘
2479,10:11:06,11.27,--,37,41699,卖盘
2480,10:11:03,11.27,--,10,11270,卖盘
2481,10:11:00,11.27,-0.01,10,11270,卖盘
2482,10:10:57,11.28,0.01,19,21432,买盘
2483,10:10:54,11.27,-0.01,27,30429,卖盘
2484,10:10:51,11.28,--,53,59784,买盘
2485,10:10:48,11.28,0.01,12,13536,买盘
2486,10:10:45,11.27,-0.01,13,14651,卖盘
2487,10:10:42,11.28,0.01,10,11280,买盘
2488,10:10:39,11.27,--,50,56350,卖盘
2489,10:10:36,11.27,-0.01,26,29302,卖盘
2490,10:10:33,11.28,0.01,3,3384,买盘
2491,10:10:30,11.27,--,66,74382,卖盘
2492,10:10:24,11.27,--,31,34937,卖盘
2493,10:10:21,11.27,-0.01,1,1127,卖盘
2494,10:10:18,11.28,0.01,3,3384,买盘
2495,10:10:15,11.27,-0.01,3,3381,卖盘
2496,10:10:09,11.28,0.01,6,6768,买盘
2497,10:10:06,11.27,--,24,27048,卖盘
2498,10:10:03,11.27,-0.01,1,1127,卖盘
2499,10:10:00,11.28,0.01,10,11280,买盘
2500,10:09:54,11.27,--,51,57477,卖盘
2501,10:09:51,11.27,-0.01,10,11270,卖盘
2502,10:09:45,11.28,--,12,13536,买盘
2503,10:09:39,11.28,--,62,69936,买盘
2504,10:09:36,11.28,--,27,30456,买盘
2505,10:09:30,11.28,0.01,4,4512,买盘
2506,10:09:27,11.27,--,10,11270,卖盘
2507,10:09:24,11.27,-0.01,32,36064,卖盘
2508,10:09:21,11.28,0.01,5,5640,买盘
2509,10:09:15,11.27,--,15,16905,卖盘
2510,10:09:06,11.27,0.01,113,127351,买盘
2511,10:09:03,11.26,--,2,2252,卖盘
2512,10:09:00,11.26,-0.01,2,2252,卖盘
2513,10:08:57,11.27,--,7,7889,买盘
2514,10:08:54,11.27,-0.01,324,365148,卖盘
2515,10:08:51,11.28,0.01,6,6768,买盘
2516,10:08:45,11.27,-0.01,3,3381,卖盘
2517,10:08:42,11.28,0.01,6,6768,买盘
2518,10:08:36,11.27,-0.01,26,29302,卖盘
2519,10:08:33,11.28,0.01,2,2256,买盘
2520,10:08:30,11.27,-0.01,51,57477,卖盘
2521,10:08:27,11.28,--,1,1128,买盘
2522,10:08:18,11.28,0.01,24,27072,买盘
2523,10:08:15,11.27,-0.01,3,3381,卖盘
2524,10:08:12,11.28,--,5,5640,买盘
2525,10:08:09,11.28,0.02,79,89112,买盘
2526,10:08:06,11.26,--,24,27024,卖盘
2527,10:08:03,11.26,--,10,11260,卖盘
2528,10:08:00,11.26,-0.01,438,493188,卖盘
2529,10:07:57,11.27,-0.01,256,288512,卖盘
2530,10:07:54,11.28,--,11,12408,买盘
2531,10:07:45,11.28,--,94,106032,卖盘
2532,10:07:42,11.28,-0.01,7,7896,卖盘
2533,10:07:39,11.29,0.01,12,13547,买盘
2534,10:07:36,11.28,--,23,25944,卖盘
2535,10:07:33,11.28,--,2,2256,卖盘
2536,10:07:30,11.28,-0.01,116,130847,卖盘
2537,10:07:21,11.29,0.01,1,1129,买盘
2538,10:07:15,11.28,--,9,10152,卖盘
2539,10:07:12,11.28,--,10,11280,卖盘
2540,10:07:06,11.28,--,26,29328,卖盘
2541,10:07:03,11.28,-0.01,35,39480,卖盘
2542,10:07:00,11.29,--,2,2258,买盘
2543,10:06:54,11.29,0.01,1,1129,买盘
2544,10:06:51,11.28,--,13,14664,卖盘
2545,10:06:45,11.28,-0.01,3,3384,卖盘
2546,10:06:42,11.29,--,33,37257,买盘
2547,10:06:39,11.29,0.01,22,24837,买盘
2548,10:06:36,11.28,-0.01,23,25944,卖盘
2549,10:06:33,11.29,--,114,128705,买盘
2550,10:06:27,11.29,0.01,2,2258,买盘
2551,10:06:24,11.28,--,2,2256,卖盘
2552,10:06:18,11.28,--,11,12408,卖盘
2553,10:06:15,11.28,-0.01,3,3384,卖盘
2554,10:06:09,11.29,--,13,14676,买盘
2555,10:06:06,11.29,0.01,64,72256,买盘
2556,10:06:03,11.28,-0.01,12,13536,卖盘
2557,10:05:48,11.29,--,7,7902,买盘
2558,10:05:45,11.29,--,5,5645,买盘
2559,10:05:39,11.29,0.01,9,10161,买盘
2560,10:05:36,11.28,-0.01,27,30456,卖盘
2561,10:05:33,11.29,--,7,7902,买盘
2562,10:05:27,11.29,-0.01,306,345474,卖盘
2563,10:05:18,11.3,0.01,20,22600,买盘
2564,10:05:15,11.29,--,10,11290,卖盘
2565,10:05:06,11.29,-0.01,263,296927,卖盘
2566,10:05:00,11.3,--,4,4520,买盘
2567,10:04:54,11.3,0.01,34,38420,买盘
2568,10:04:45,11.29,-0.01,3,3386,卖盘
2569,10:04:42,11.3,0.01,4,4520,买盘
2570,10:04:36,11.29,--,23,25966,卖盘
2571,10:04:24,11.29,-0.01,117,132093,卖盘
2572,10:04:21,11.3,0.01,20,22600,买盘
2573,10:04:15,11.29,--,3,3386,卖盘
2574,10:04:12,11.29,--,66,74514,卖盘
2575,10:04:06,11.29,-0.01,23,25966,卖盘
2576,10:04:00,11.3,--,6,6780,买盘
2577,10:03:54,11.3,0.01,29,32770,买盘
2578,10:03:51,11.29,--,12,13547,卖盘
2579,10:03:48,11.29,--,10,11290,卖盘
2580,10:03:45,11.29,-0.01,3,3386,卖盘
2581,10:03:42,11.3,--,50,56500,买盘
2582,10:03:39,11.3,0.01,18,20340,买盘
2583,10:03:36,11.29,--,50,56449,卖盘
2584,10:03:24,11.29,-0.01,2,2258,卖盘
2585,10:03:21,11.3,--,263,297190,买盘
2586,10:03:15,11.3,--,5,5650,买盘
2587,10:03:09,11.3,--,221,249730,卖盘
2588,10:03:06,11.3,--,23,25990,卖盘
2589,10:03:03,11.3,--,21,23730,卖盘
2590,10:03:00,11.3,--,10,11300,卖盘
2591,10:02:57,11.3,--,32,36160,卖盘
2592,10:02:54,11.3,0.01,1590,1796700,买盘
2593,10:02:51,11.29,0.01,100,112899,买盘
2594,10:02:48,11.28,--,7,7896,卖盘
2595,10:02:45,11.28,--,3,3384,卖盘
2596,10:02:42,11.28,--,1,1128,卖盘
2597,10:02:36,11.28,-0.01,147,165816,卖盘
2598,10:02:21,11.29,--,98,110641,中性盘
2599,10:02:15,11.29,--,3,3386,卖盘
2600,10:02:06,11.29,-0.01,23,25966,中性盘
2601,10:02:03,11.3,0.02,39,44070,买盘
2602,10:01:57,11.28,-0.02,7,7896,卖盘
2603,10:01:51,11.3,--,3,3390,买盘
2604,10:01:48,11.3,0.02,16,18080,买盘
2605,10:01:45,11.28,--,8,9024,中性盘
2606,10:01:36,11.28,-0.02,23,25944,卖盘
2607,10:01:33,11.3,--,13,14690,买盘
2608,10:01:27,11.3,0.03,20,22600,买盘
2609,10:01:24,11.27,-0.03,1,1127,卖盘
2610,10:01:18,11.3,0.03,7,7910,买盘
2611,10:01:15,11.27,--,3,3381,卖盘
2612,10:01:09,11.27,-0.03,7,7889,卖盘
2613,10:01:06,11.3,--,31,35030,买盘
2614,10:01:03,11.3,0.03,103,116390,买盘
2615,10:00:57,11.27,-0.03,92,104461,卖盘
2616,10:00:54,11.3,--,287,324660,卖盘
2617,10:00:51,11.3,--,623,703990,卖盘
2618,10:00:48,11.3,--,10,11300,卖盘
2619,10:00:45,11.3,--,163,184190,卖盘
2620,10:00:42,11.3,--,50,56500,卖盘
2621,10:00:39,11.3,--,1,1130,卖盘
2622,10:00:36,11.3,--,36,40680,卖盘
2623,10:00:33,11.3,0.02,1867,2110489,买盘
2624,10:00:24,11.28,--,32,36096,买盘
2625,10:00:21,11.28,0.01,31,34968,买盘
2626,10:00:18,11.27,-0.01,7,7889,卖盘
2627,10:00:15,11.28,--,572,645216,卖盘
2628,10:00:09,11.28,--,23,25944,卖盘
2629,10:00:06,11.28,--,23,25944,卖盘
2630,10:00:03,11.28,--,2,2256,卖盘
2631,10:00:00,11.28,--,10,11280,卖盘
2632,09:59:57,11.28,-0.01,4,4512,卖盘
2633,09:59:54,11.29,0.01,13,14676,买盘
2634,09:59:51,11.28,--,351,395928,买盘
2635,09:59:48,11.28,0.01,11,12408,买盘
2636,09:59:45,11.27,--,8,9016,卖盘
2637,09:59:36,11.27,-0.01,23,25921,卖盘
2638,09:59:33,11.28,0.01,50,56400,买盘
2639,09:59:30,11.27,-0.01,57,64239,卖盘
2640,09:59:27,11.28,0.01,4,4512,买盘
2641,09:59:24,11.27,-0.01,9,10143,卖盘
2642,09:59:21,11.28,0.01,5,5640,买盘
2643,09:59:18,11.27,--,20,22540,卖盘
2644,09:59:15,11.27,--,3,3381,卖盘
2645,09:59:12,11.27,-0.01,33,37191,卖盘
2646,09:59:06,11.28,0.01,242,272976,买盘
2647,09:59:03,11.27,--,24,27048,卖盘
2648,09:59:00,11.27,-0.01,44,49588,卖盘
2649,09:58:57,11.28,0.01,237,267336,买盘
2650,09:58:54,11.27,--,39,43953,卖盘
2651,09:58:48,11.27,--,8,9016,卖盘
2652,09:58:45,11.27,--,3,3381,卖盘
2653,09:58:42,11.27,--,41,46207,卖盘
2654,09:58:36,11.27,-0.01,35,39445,卖盘
2655,09:58:33,11.28,--,11,12408,买盘
2656,09:58:27,11.28,--,103,116184,买盘
2657,09:58:24,11.28,--,15,16920,买盘
2658,09:58:18,11.28,--,5,5640,买盘
2659,09:58:09,11.28,-0.01,161,181608,卖盘
2660,09:58:06,11.29,-0.01,14,15805,卖盘
2661,09:58:03,11.3,--,6,6780,买盘
2662,09:58:00,11.3,--,6,6780,买盘
2663,09:57:54,11.3,--,16,18080,买盘
2664,09:57:51,11.3,--,6,6780,卖盘
2665,09:57:48,11.3,0.01,67,75710,买盘
2666,09:57:45,11.29,--,3,3386,卖盘
2667,09:57:42,11.29,-0.01,1,1129,中性盘
2668,09:57:36,11.3,--,6,6780,卖盘
2669,09:57:33,11.3,--,13,14690,买盘
2670,09:57:30,11.3,0.02,31,35030,买盘
2671,09:57:24,11.28,-0.01,37,41736,卖盘
2672,09:57:21,11.29,-0.01,71,80159,卖盘
2673,09:57:18,11.3,-0.01,7,7910,卖盘
2674,09:57:15,11.31,0.01,873,987363,买盘
2675,09:57:12,11.3,--,6,6780,买盘
2676,09:57:09,11.3,--,70,79100,买盘
2677,09:57:06,11.3,--,3,3390,买盘
2678,09:57:03,11.3,0.01,77,87010,买盘
2679,09:56:57,11.29,--,812,916747,卖盘
2680,09:56:48,11.29,--,6,6773,卖盘
2681,09:56:45,11.29,0.01,16,18064,卖盘
2682,09:56:42,11.28,-0.02,6,6768,卖盘
2683,09:56:39,11.3,--,249,281370,买盘
2684,09:56:36,11.3,0.02,348,393240,买盘
2685,09:56:33,11.28,--,10,11280,卖盘
2686,09:56:27,11.28,-0.01,4,4512,中性盘
2687,09:56:15,11.29,0.01,93,104996,买盘
2688,09:56:09,11.28,-0.01,10,11280,买盘
2689,09:56:00,11.29,--,17,20096,卖盘
2690,09:55:57,11.29,0.02,1004,1133741,买盘
2691,09:55:51,11.27,--,1,1127,卖盘
2692,09:55:48,11.27,-0.01,11,12397,卖盘
2693,09:55:42,11.28,0.01,142,160176,买盘
2694,09:55:36,11.27,-0.01,50,56350,卖盘
2695,09:55:30,11.28,--,11,12408,买盘
2696,09:55:24,11.28,--,15,16920,买盘
2697,09:55:21,11.28,--,87,98136,买盘
2698,09:55:18,11.28,--,28,31584,卖盘
2699,09:55:15,11.28,--,32,36096,买盘
2700,09:55:12,11.28,--,5,5640,买盘
2701,09:55:09,11.28,--,25,28200,买盘
2702,09:55:06,11.28,-0.01,82,92496,卖盘
2703,09:55:03,11.29,0.01,115,129834,买盘
2704,09:54:57,11.28,--,6,6768,卖盘
2705,09:54:51,11.28,-0.01,10,11280,卖盘
2706,09:54:48,11.29,--,10,11290,买盘
2707,09:54:42,11.29,--,10,11290,买盘
2708,09:54:39,11.29,0.01,50,56449,买盘
2709,09:54:36,11.28,-0.01,35,39480,卖盘
2710,09:54:30,11.29,0.01,20,22580,买盘
2711,09:54:24,11.28,--,4,4512,卖盘
2712,09:54:21,11.28,--,9,10152,卖盘
2713,09:54:15,11.28,-0.01,10,11280,卖盘
2714,09:54:09,11.29,0.01,21,23709,买盘
2715,09:54:06,11.28,--,23,25944,卖盘
2716,09:54:03,11.28,--,2,2256,卖盘
2717,09:53:57,11.28,--,15,16920,卖盘
2718,09:53:54,11.28,--,10,11280,卖盘
2719,09:53:51,11.28,-0.01,8,9024,卖盘
2720,09:53:48,11.29,0.01,5,5645,买盘
2721,09:53:45,11.28,-0.01,107,120696,卖盘
2722,09:53:36,11.29,0.01,26,29353,买盘
2723,09:53:33,11.28,-0.01,6,6768,卖盘
2724,09:53:30,11.29,0.01,7,7902,买盘
2725,09:53:24,11.28,--,31,34968,卖盘
2726,09:53:21,11.28,--,1,1128,卖盘
2727,09:53:15,11.28,-0.01,26,29328,卖盘
2728,09:53:12,11.29,0.01,2,2258,买盘
2729,09:53:06,11.28,-0.01,27,30456,卖盘
2730,09:53:03,11.29,0.01,12,13547,买盘
2731,09:53:00,11.28,--,3,3384,卖盘
2732,09:52:57,11.28,-0.01,57,64295,卖盘
2733,09:52:54,11.29,0.01,5,5645,买盘
2734,09:52:51,11.28,-0.01,1,1128,卖盘
2735,09:52:48,11.29,--,64,72256,买盘
2736,09:52:45,11.29,--,4,4516,买盘
2737,09:52:42,11.29,0.01,7,7902,买盘
2738,09:52:39,11.28,--,20,22560,卖盘
2739,09:52:36,11.28,--,23,25944,卖盘
2740,09:52:30,11.28,-0.01,150,169200,卖盘
2741,09:52:27,11.29,0.01,8,9032,买盘
2742,09:52:24,11.28,--,2,2256,卖盘
2743,09:52:21,11.28,--,226,254928,卖盘
2744,09:52:18,11.28,-0.01,10,11280,卖盘
2745,09:52:12,11.29,0.01,26,29353,买盘
2746,09:52:09,11.28,-0.02,7,7896,卖盘
2747,09:52:06,11.3,0.01,6,6780,买盘
2748,09:52:03,11.29,-0.01,10,11290,卖盘
2749,09:52:00,11.3,--,30,33900,买盘
2750,09:51:51,11.3,--,5,5650,买盘
2751,09:51:42,11.3,0.02,20,22600,买盘
2752,09:51:36,11.28,--,23,25944,卖盘
2753,09:51:30,11.28,-0.01,45,50760,卖盘
2754,09:51:27,11.29,--,20,22580,买盘
2755,09:51:24,11.29,--,55,62094,买盘
2756,09:51:21,11.29,--,18,20322,买盘
2757,09:51:18,11.29,-0.01,13,14676,卖盘
2758,09:51:15,11.3,--,25,28250,买盘
2759,09:51:12,11.3,--,92,103960,买盘
2760,09:51:09,11.3,0.01,21,23730,买盘
2761,09:51:06,11.29,-0.01,82,92578,卖盘
2762,09:51:03,11.3,--,36,40680,买盘
2763,09:51:00,11.3,--,1,1130,买盘
2764,09:50:57,11.3,0.01,1,1130,买盘
2765,09:50:54,11.29,-0.01,17,19193,卖盘
2766,09:50:51,11.3,0.01,1,1130,买盘
2767,09:50:45,11.29,-0.01,6,6773,卖盘
2768,09:50:42,11.3,0.01,35,39550,买盘
2769,09:50:39,11.29,--,12,13547,卖盘
2770,09:50:36,11.29,--,78,88062,卖盘
2771,09:50:30,11.29,--,34,38386,卖盘
2772,09:50:27,11.29,--,33,37257,买盘
2773,09:50:18,11.29,--,9,10161,买盘
2774,09:50:15,11.29,--,5,5645,中性盘
2775,09:50:06,11.29,--,63,71127,卖盘
2776,09:50:03,11.29,--,2,2258,卖盘
2777,09:50:00,11.29,--,38,42902,卖盘
2778,09:49:54,11.29,--,150,169350,卖盘
2779,09:49:51,11.29,--,26,29353,卖盘
2780,09:49:48,11.29,--,34,38386,卖盘
2781,09:49:39,11.29,-0.01,8,9032,卖盘
2782,09:49:36,11.3,--,104,117520,买盘
2783,09:49:33,11.3,0.01,3,3390,买盘
2784,09:49:27,11.29,--,1,1129,卖盘
2785,09:49:24,11.29,--,28,31611,卖盘
2786,09:49:21,11.29,-0.01,25,28224,卖盘
2787,09:49:15,11.3,--,10,11300,买盘
2788,09:49:12,11.3,--,24,27120,卖盘
2789,09:49:09,11.3,--,60,67800,卖盘
2790,09:49:06,11.3,0.01,49,55370,买盘
2791,09:49:00,11.29,-0.01,77,86933,卖盘
2792,09:48:57,11.3,--,94,106220,买盘
2793,09:48:54,11.3,--,15,16950,买盘
2794,09:48:51,11.3,--,345,389850,卖盘
2795,09:48:48,11.3,--,1,1130,卖盘
2796,09:48:45,11.3,-0.01,32,36160,卖盘
2797,09:48:42,11.31,--,201,227331,买盘
2798,09:48:39,11.31,--,2,2262,买盘
2799,09:48:36,11.31,0.01,29,32799,买盘
2800,09:48:30,11.3,-0.01,50,56500,卖盘
2801,09:48:27,11.31,0.01,23,26013,买盘
2802,09:48:24,11.3,-0.01,55,62150,卖盘
2803,09:48:21,11.31,--,110,124410,买盘
2804,09:48:18,11.31,--,8,9048,买盘
2805,09:48:15,11.31,--,3,3393,买盘
2806,09:48:12,11.31,--,17,19227,买盘
2807,09:48:09,11.31,--,5,5655,买盘
2808,09:48:06,11.31,--,28,31668,买盘
2809,09:48:03,11.31,--,9,10179,买盘
2810,09:48:00,11.31,0.01,47,53157,买盘
2811,09:47:51,11.3,--,44,49720,卖盘
2812,09:47:48,11.3,--,10,11300,卖盘
2813,09:47:45,11.3,-0.01,24,27120,卖盘
2814,09:47:42,11.31,--,7,7917,买盘
2815,09:47:36,11.31,--,26,29406,买盘
2816,09:47:33,11.31,--,84,95004,中性盘
2817,09:47:30,11.31,--,119,134589,卖盘
2818,09:47:27,11.31,--,54,61074,卖盘
2819,09:47:24,11.31,--,35,39585,卖盘
2820,09:47:21,11.31,--,11,12441,买盘
2821,09:47:18,11.31,-0.01,97,109707,卖盘
2822,09:47:15,11.32,0.01,7,7924,买盘
2823,09:47:12,11.31,-0.01,10,11310,卖盘
2824,09:47:09,11.32,0.01,71,80372,买盘
2825,09:47:06,11.31,--,65,73515,买盘
2826,09:47:03,11.31,--,30,33930,买盘
2827,09:46:57,11.31,0.01,46,52026,买盘
2828,09:46:54,11.3,-0.01,20,22600,卖盘
2829,09:46:51,11.31,--,53,59943,卖盘
2830,09:46:48,11.31,--,304,343824,卖盘
2831,09:46:45,11.31,-0.01,185,209235,卖盘
2832,09:46:42,11.32,0.01,5,5660,买盘
2833,09:46:39,11.31,--,97,109707,卖盘
2834,09:46:36,11.31,--,154,174174,卖盘
2835,09:46:33,11.31,-0.01,45,50895,卖盘
2836,09:46:30,11.32,--,17,19244,买盘
2837,09:46:27,11.32,--,41,46412,买盘
