,time,price,change,volume,amount,type
0,15:00:03,7.75,0.01,16287,12622425,买盘
1,14:57:00,7.74,--,189,146286,卖盘
2,14:56:57,7.74,-0.01,203,157122,卖盘
3,14:56:54,7.75,0.01,85,65875,买盘
4,14:56:51,7.74,--,247,191178,卖盘
5,14:56:48,7.74,-0.01,1641,1270134,卖盘
6,14:56:45,7.75,0.01,165,127875,买盘
7,14:56:42,7.74,--,135,104490,卖盘
8,14:56:39,7.74,0.01,1180,913320,买盘
9,14:56:36,7.73,-0.01,313,241949,卖盘
10,14:56:33,7.74,--,1015,786089,买盘
11,14:56:30,7.74,--,1051,813474,买盘
12,14:56:27,7.74,--,123,95202,买盘
13,14:56:24,7.74,--,932,721368,买盘
14,14:56:21,7.74,0.01,383,296442,买盘
15,14:56:18,7.73,-0.01,158,122134,卖盘
16,14:56:15,7.74,0.01,238,184212,买盘
17,14:56:12,7.73,--,115,88895,卖盘
18,14:56:09,7.73,--,142,109766,卖盘
19,14:56:06,7.73,-0.01,244,188612,卖盘
20,14:56:03,7.74,--,117,90558,买盘
21,14:56:00,7.74,--,849,657126,买盘
22,14:55:57,7.74,0.01,1185,917190,买盘
23,14:55:54,7.73,-0.01,2,1546,卖盘
24,14:55:51,7.74,0.01,54,41796,买盘
25,14:55:48,7.73,--,451,348623,卖盘
26,14:55:45,7.73,--,356,275188,卖盘
27,14:55:42,7.73,-0.01,317,245041,卖盘
28,14:55:39,7.74,0.01,337,261418,买盘
29,14:55:36,7.73,-0.01,502,388046,卖盘
30,14:55:33,7.74,0.01,221,171054,买盘
31,14:55:30,7.73,-0.01,32,24736,卖盘
32,14:55:27,7.74,0.01,201,155574,买盘
33,14:55:24,7.73,--,84,64932,卖盘
34,14:55:21,7.73,--,1385,1070605,卖盘
35,14:55:18,7.73,--,84,64932,卖盘
36,14:55:15,7.73,-0.01,163,125999,卖盘
37,14:55:12,7.74,--,713,551862,买盘
38,14:55:09,7.74,0.01,517,400158,买盘
39,14:55:06,7.73,-0.01,206,159238,卖盘
40,14:55:03,7.74,--,699,541026,买盘
41,14:55:00,7.74,0.01,36,27864,买盘
42,14:54:57,7.73,--,747,577431,卖盘
43,14:54:54,7.73,-0.01,162,125226,卖盘
44,14:54:51,7.74,0.01,343,265482,买盘
45,14:54:48,7.73,-0.01,94,72662,卖盘
46,14:54:45,7.74,--,694,537156,买盘
47,14:54:42,7.74,0.01,1280,990720,买盘
48,14:54:39,7.73,-0.01,204,157692,卖盘
49,14:54:36,7.74,--,25,19350,买盘
50,14:54:33,7.74,--,306,236844,买盘
51,14:54:30,7.74,--,120,92880,买盘
52,14:54:27,7.74,--,114,88236,买盘
53,14:54:24,7.74,0.01,171,132354,买盘
54,14:54:21,7.73,-0.01,80,61840,卖盘
55,14:54:18,7.74,0.01,40,30960,买盘
56,14:54:15,7.73,--,46,35558,卖盘
57,14:54:12,7.73,-0.01,75,57975,卖盘
58,14:54:09,7.74,--,68,52632,买盘
59,14:54:06,7.74,0.01,234,181116,买盘
60,14:54:03,7.73,--,361,279053,卖盘
61,14:54:00,7.73,-0.01,154,119042,卖盘
62,14:53:57,7.74,--,637,493038,买盘
63,14:53:54,7.74,0.01,111,85914,买盘
64,14:53:51,7.73,-0.01,169,130637,卖盘
65,14:53:48,7.74,0.01,338,261612,买盘
66,14:53:45,7.73,--,50,38650,卖盘
67,14:53:42,7.73,--,12,9276,卖盘
68,14:53:39,7.73,--,57,44061,卖盘
69,14:53:36,7.73,--,85,65705,卖盘
70,14:53:33,7.73,--,111,85803,卖盘
71,14:53:30,7.73,-0.01,101,78073,卖盘
72,14:53:27,7.74,--,110,85140,买盘
73,14:53:24,7.74,--,187,144738,买盘
74,14:53:21,7.74,0.01,106,82044,买盘
75,14:53:18,7.73,--,68,52564,卖盘
76,14:53:15,7.73,-0.01,44,34012,卖盘
77,14:53:12,7.74,0.01,406,314244,买盘
78,14:53:09,7.73,-0.01,203,156919,卖盘
79,14:53:06,7.74,0.01,216,167184,买盘
80,14:53:03,7.73,--,22,17006,卖盘
81,14:53:00,7.73,--,34,26282,卖盘
82,14:52:57,7.73,--,23,17779,卖盘
83,14:52:54,7.73,--,47,36331,卖盘
84,14:52:51,7.73,--,341,263593,卖盘
85,14:52:48,7.73,--,190,146870,卖盘
86,14:52:45,7.73,--,181,139913,卖盘
87,14:52:42,7.73,--,460,355580,卖盘
88,14:52:39,7.73,--,166,128318,卖盘
89,14:52:36,7.73,-0.01,139,107447,卖盘
90,14:52:33,7.74,0.01,67,51858,买盘
91,14:52:30,7.73,--,456,352488,卖盘
92,14:52:27,7.73,--,211,163103,卖盘
93,14:52:24,7.73,--,355,274415,卖盘
94,14:52:21,7.73,--,57,44061,卖盘
95,14:52:18,7.73,-0.01,73,56429,卖盘
96,14:52:15,7.74,0.01,129,99846,买盘
97,14:52:12,7.73,--,382,295286,卖盘
98,14:52:09,7.73,-0.01,349,269777,卖盘
99,14:52:06,7.74,0.01,141,109134,买盘
100,14:52:03,7.73,--,104,80392,卖盘
101,14:52:00,7.73,--,113,87349,卖盘
102,14:51:57,7.73,--,633,489309,卖盘
103,14:51:54,7.73,--,808,624584,卖盘
104,14:51:51,7.73,--,33,25509,卖盘
105,14:51:48,7.73,--,179,138367,卖盘
106,14:51:45,7.73,--,12,9276,卖盘
107,14:51:42,7.73,--,76,58748,卖盘
108,14:51:39,7.73,-0.01,499,385727,卖盘
109,14:51:36,7.74,0.01,153,118422,买盘
110,14:51:33,7.73,--,311,240403,卖盘
111,14:51:30,7.73,--,13,10049,卖盘
112,14:51:27,7.73,-0.01,42,32466,卖盘
113,14:51:24,7.74,0.01,685,530190,买盘
114,14:51:21,7.73,--,64,49472,卖盘
115,14:51:18,7.73,--,187,144551,卖盘
116,14:51:15,7.73,-0.01,691,534143,卖盘
117,14:51:12,7.74,0.01,127,98298,买盘
118,14:51:09,7.73,--,15,11595,卖盘
119,14:51:06,7.73,--,27,20871,卖盘
120,14:51:03,7.73,--,121,93533,卖盘
121,14:51:00,7.73,-0.01,626,483898,卖盘
122,14:50:57,7.74,0.01,88,68112,买盘
123,14:50:54,7.73,--,882,681786,卖盘
124,14:50:51,7.73,--,38,29374,卖盘
125,14:50:48,7.73,--,597,461481,卖盘
126,14:50:45,7.73,-0.01,1033,798509,卖盘
127,14:50:42,7.74,0.01,42,32508,买盘
128,14:50:39,7.73,--,212,163876,卖盘
129,14:50:36,7.73,-0.01,424,327752,卖盘
130,14:50:33,7.74,0.01,474,366876,买盘
131,14:50:30,7.73,-0.01,174,134502,卖盘
132,14:50:27,7.74,0.01,187,144738,买盘
133,14:50:24,7.73,--,93,71889,卖盘
134,14:50:21,7.73,--,417,322341,卖盘
135,14:50:18,7.73,-0.01,509,393457,卖盘
136,14:50:15,7.74,0.01,747,578178,买盘
137,14:50:12,7.73,--,602,465346,卖盘
138,14:50:09,7.73,--,25,19325,卖盘
139,14:50:06,7.73,--,453,350169,卖盘
140,14:50:03,7.73,--,221,170833,卖盘
141,14:50:00,7.73,-0.01,104,80392,卖盘
142,14:49:57,7.74,0.01,83,64242,买盘
143,14:49:54,7.73,--,18,13914,卖盘
144,14:49:51,7.73,--,576,445248,卖盘
145,14:49:48,7.73,-0.01,324,250452,卖盘
146,14:49:45,7.74,--,473,366102,买盘
147,14:49:42,7.74,0.01,69,53406,买盘
148,14:49:39,7.73,--,531,410463,卖盘
149,14:49:36,7.73,--,274,211802,卖盘
150,14:49:33,7.73,-0.01,96,74208,卖盘
151,14:49:30,7.74,0.01,1039,804186,买盘
152,14:49:27,7.73,--,253,195569,卖盘
153,14:49:24,7.73,0.01,579,447567,买盘
154,14:49:21,7.72,--,501,386772,卖盘
155,14:49:18,7.72,--,717,553524,卖盘
156,14:49:15,7.72,-0.01,803,619916,卖盘
157,14:49:12,7.73,--,70,54110,买盘
158,14:49:09,7.73,0.01,853,659369,买盘
159,14:49:06,7.72,--,227,175244,卖盘
160,14:49:03,7.72,--,727,561244,卖盘
161,14:49:00,7.72,-0.01,634,489448,卖盘
162,14:48:57,7.73,0.01,786,607578,买盘
163,14:48:54,7.72,-0.01,201,155172,卖盘
164,14:48:51,7.73,0.01,597,461481,买盘
165,14:48:48,7.72,-0.01,157,121204,卖盘
166,14:48:45,7.73,--,246,190158,买盘
167,14:48:42,7.73,0.01,141,108993,买盘
168,14:48:39,7.72,-0.01,1790,1381880,卖盘
169,14:48:36,7.73,0.01,316,244268,买盘
170,14:48:33,7.72,--,156,120432,卖盘
171,14:48:30,7.72,--,145,111940,卖盘
172,14:48:27,7.72,--,806,622232,卖盘
173,14:48:24,7.72,--,357,275604,卖盘
174,14:48:21,7.72,--,481,371332,卖盘
175,14:48:18,7.72,--,85,65620,卖盘
176,14:48:15,7.72,--,135,104220,卖盘
177,14:48:12,7.72,-0.01,178,137416,卖盘
178,14:48:09,7.73,--,97,74981,买盘
179,14:48:06,7.73,--,405,313065,买盘
180,14:48:03,7.73,--,83,64159,买盘
181,14:48:00,7.73,0.01,92,71116,买盘
182,14:47:57,7.72,-0.01,13,10036,卖盘
183,14:47:54,7.73,0.01,401,309973,买盘
184,14:47:51,7.72,-0.01,12,9264,卖盘
185,14:47:48,7.73,0.01,75,57975,买盘
186,14:47:45,7.72,-0.01,20,15440,卖盘
187,14:47:42,7.73,0.01,20,15460,买盘
188,14:47:39,7.72,-0.01,88,67936,卖盘
189,14:47:36,7.73,0.01,70,54110,买盘
190,14:47:33,7.72,-0.01,303,233916,卖盘
191,14:47:30,7.73,0.01,52,40196,买盘
192,14:47:27,7.72,--,196,151312,卖盘
193,14:47:24,7.72,--,131,101132,卖盘
194,14:47:21,7.72,-0.01,341,263252,卖盘
195,14:47:18,7.73,--,104,80392,买盘
196,14:47:15,7.73,--,67,51791,买盘
197,14:47:12,7.73,0.01,67,51791,买盘
198,14:47:09,7.72,-0.01,515,397580,卖盘
199,14:47:06,7.73,--,31,23963,买盘
200,14:47:03,7.73,--,149,115177,买盘
201,14:47:00,7.73,--,1405,1086065,买盘
202,14:46:57,7.73,--,160,123680,买盘
203,14:46:54,7.73,--,745,575885,买盘
204,14:46:51,7.73,--,58,44834,买盘
205,14:46:48,7.73,--,602,465346,买盘
206,14:46:45,7.73,--,201,155373,买盘
207,14:46:42,7.73,--,44,34012,买盘
208,14:46:39,7.73,0.01,280,216440,买盘
209,14:46:36,7.72,-0.01,94,72568,卖盘
210,14:46:33,7.73,--,110,85030,买盘
211,14:46:30,7.73,--,136,105128,买盘
212,14:46:27,7.73,--,63,48699,买盘
213,14:46:24,7.73,--,408,315384,买盘
214,14:46:21,7.73,--,10,7730,买盘
215,14:46:18,7.73,0.01,140,108220,买盘
216,14:46:15,7.72,-0.01,121,93412,卖盘
217,14:46:12,7.73,--,201,155373,买盘
218,14:46:09,7.73,--,253,195569,买盘
219,14:46:06,7.73,--,110,85030,买盘
220,14:46:03,7.73,0.01,34,26282,买盘
221,14:46:00,7.72,-0.01,17,13124,卖盘
222,14:45:57,7.73,0.01,13,10049,买盘
223,14:45:54,7.72,-0.01,147,113484,卖盘
224,14:45:51,7.73,--,76,58748,买盘
225,14:45:48,7.73,--,138,106674,买盘
226,14:45:45,7.73,0.01,165,127545,买盘
227,14:45:42,7.72,-0.01,38,29336,卖盘
228,14:45:39,7.73,0.01,21,16233,买盘
229,14:45:36,7.72,-0.01,99,76428,卖盘
230,14:45:33,7.73,--,11,8503,买盘
231,14:45:30,7.73,--,169,130637,买盘
232,14:45:27,7.73,0.01,341,263593,买盘
233,14:45:24,7.72,--,318,245496,卖盘
234,14:45:21,7.72,--,108,83376,卖盘
235,14:45:18,7.72,--,320,247040,卖盘
236,14:45:15,7.72,--,40,30880,卖盘
237,14:45:12,7.72,--,251,193772,卖盘
238,14:45:09,7.72,--,90,69480,卖盘
239,14:45:06,7.72,--,125,96500,卖盘
240,14:45:03,7.72,--,196,151312,卖盘
241,14:45:00,7.72,--,197,152084,卖盘
242,14:44:57,7.72,-0.01,133,102676,卖盘
243,14:44:54,7.73,0.01,106,81938,买盘
244,14:44:51,7.72,-0.01,405,312660,卖盘
245,14:44:48,7.73,0.01,256,197888,买盘
246,14:44:45,7.72,-0.01,307,237004,卖盘
247,14:44:42,7.73,--,94,72662,买盘
248,14:44:39,7.73,0.01,39,30147,买盘
249,14:44:36,7.72,-0.01,132,101904,卖盘
250,14:44:33,7.73,0.01,46,35558,买盘
251,14:44:30,7.72,--,301,232372,卖盘
252,14:44:27,7.72,--,99,76428,卖盘
253,14:44:24,7.72,-0.01,70,54040,卖盘
254,14:44:21,7.73,--,33,25509,买盘
255,14:44:18,7.73,0.01,2,1546,买盘
256,14:44:15,7.72,--,73,56356,卖盘
257,14:44:12,7.72,--,275,212300,卖盘
258,14:44:09,7.72,-0.01,73,56356,卖盘
259,14:44:06,7.73,0.01,58,44834,买盘
260,14:44:03,7.72,--,52,40144,卖盘
261,14:44:00,7.72,--,60,46320,卖盘
262,14:43:57,7.72,-0.01,183,141276,卖盘
263,14:43:54,7.73,0.01,29,22417,买盘
264,14:43:51,7.72,--,381,294132,卖盘
265,14:43:48,7.72,--,30,23160,卖盘
266,14:43:45,7.72,-0.01,992,765824,卖盘
267,14:43:42,7.73,--,47,36331,买盘
268,14:43:39,7.73,--,115,88895,买盘
269,14:43:36,7.73,0.01,245,189385,买盘
270,14:43:33,7.72,--,86,66392,卖盘
271,14:43:30,7.72,--,344,265568,卖盘
272,14:43:27,7.72,--,424,327328,卖盘
273,14:43:24,7.72,--,112,86464,买盘
274,14:43:21,7.72,--,284,219248,卖盘
275,14:43:18,7.72,-0.01,178,137416,卖盘
276,14:43:15,7.73,--,109,84257,买盘
277,14:43:12,7.73,--,4109,3176257,买盘
278,14:43:09,7.73,0.01,91,70343,买盘
279,14:43:06,7.72,-0.01,259,199948,卖盘
280,14:43:03,7.73,0.01,101,78073,买盘
281,14:43:00,7.72,-0.01,35,27020,卖盘
282,14:42:57,7.73,--,116,89668,买盘
283,14:42:54,7.73,--,154,119042,买盘
284,14:42:51,7.73,--,41,31693,买盘
285,14:42:48,7.73,--,320,247360,买盘
286,14:42:45,7.73,--,267,206391,卖盘
287,14:42:42,7.73,0.01,297,229581,买盘
288,14:42:39,7.72,-0.01,20,15440,卖盘
289,14:42:36,7.73,--,22,17006,卖盘
290,14:42:33,7.73,--,302,233446,买盘
291,14:42:30,7.73,--,66,51018,买盘
292,14:42:27,7.73,--,162,125226,卖盘
293,14:42:24,7.73,--,183,141459,卖盘
294,14:42:21,7.73,--,82,63386,卖盘
295,14:42:18,7.73,--,375,290014,卖盘
296,14:42:15,7.73,--,67,51791,卖盘
297,14:42:12,7.73,--,261,201753,卖盘
298,14:42:09,7.73,0.01,112,87209,买盘
299,14:42:06,7.72,-0.01,212,163664,卖盘
300,14:42:03,7.73,0.01,36,27828,买盘
301,14:42:00,7.72,-0.01,79,60988,卖盘
302,14:41:57,7.73,--,296,228808,买盘
303,14:41:54,7.73,--,162,125226,买盘
304,14:41:51,7.73,--,162,125226,买盘
305,14:41:48,7.73,0.01,85,65705,买盘
306,14:41:45,7.72,-0.01,43,33196,卖盘
307,14:41:42,7.73,--,74,57202,买盘
308,14:41:39,7.73,--,110,85030,买盘
309,14:41:36,7.73,--,520,401960,买盘
310,14:41:33,7.73,--,53,40969,买盘
311,14:41:30,7.73,--,230,177790,买盘
312,14:41:27,7.73,--,87,67251,买盘
313,14:41:24,7.73,--,179,138367,买盘
314,14:41:21,7.73,0.01,159,122907,买盘
315,14:41:18,7.72,-0.01,213,164436,卖盘
316,14:41:15,7.73,--,70,54110,买盘
317,14:41:12,7.73,--,899,695545,卖盘
318,14:41:09,7.73,--,371,286783,卖盘
319,14:41:06,7.73,--,209,161711,买盘
320,14:41:03,7.73,--,537,415101,买盘
321,14:41:00,7.73,--,455,352333,卖盘
322,14:40:57,7.73,--,280,216440,卖盘
323,14:40:54,7.73,0.01,248,191858,买盘
324,14:40:51,7.72,-0.01,564,435408,卖盘
325,14:40:48,7.73,0.01,78,60294,买盘
326,14:40:45,7.72,-0.01,79,60988,卖盘
327,14:40:42,7.73,--,171,132183,买盘
328,14:40:39,7.73,--,379,292967,买盘
329,14:40:36,7.73,--,852,658596,买盘
330,14:40:33,7.73,--,952,735896,卖盘
331,14:40:30,7.73,-0.01,1151,889723,卖盘
332,14:40:27,7.74,--,268,207432,买盘
333,14:40:24,7.74,--,203,157122,买盘
334,14:40:21,7.74,--,294,227556,买盘
335,14:40:18,7.74,--,147,113778,买盘
336,14:40:15,7.74,--,180,139320,买盘
337,14:40:12,7.74,0.01,927,717498,买盘
338,14:40:09,7.73,-0.01,1781,1376713,卖盘
339,14:40:06,7.74,--,1416,1095984,卖盘
340,14:40:03,7.74,0.01,45,34830,卖盘
341,14:40:00,7.73,-0.01,756,584836,卖盘
342,14:39:57,7.74,--,366,283284,买盘
343,14:39:54,7.74,--,316,244584,买盘
344,14:39:51,7.74,--,539,417186,买盘
345,14:39:48,7.74,--,641,496134,买盘
346,14:39:45,7.74,--,360,278640,买盘
347,14:39:42,7.74,--,231,178794,买盘
348,14:39:39,7.74,--,835,646290,买盘
349,14:39:36,7.74,0.01,1393,1078182,买盘
350,14:39:33,7.73,-0.01,28,21644,卖盘
351,14:39:30,7.74,--,404,312696,买盘
352,14:39:27,7.74,--,87,67338,买盘
353,14:39:24,7.74,0.01,99,76626,买盘
354,14:39:21,7.73,--,1232,952336,卖盘
355,14:39:18,7.73,-0.01,2847,2200731,卖盘
356,14:39:15,7.74,0.01,237,183438,买盘
357,14:39:12,7.73,--,547,422831,卖盘
358,14:39:09,7.73,--,689,532597,卖盘
359,14:39:06,7.73,-0.01,375,289875,卖盘
360,14:39:03,7.74,0.01,204,157896,买盘
361,14:39:00,7.73,--,609,470757,卖盘
362,14:38:57,7.73,--,197,152281,卖盘
363,14:38:54,7.73,--,562,434426,买盘
364,14:38:51,7.73,--,2114,1634122,买盘
365,14:38:48,7.73,0.01,38,29374,买盘
366,14:38:45,7.72,-0.01,101,77972,卖盘
367,14:38:42,7.73,--,369,285237,买盘
368,14:38:39,7.73,--,326,251998,买盘
369,14:38:36,7.73,0.01,407,315074,买盘
370,14:38:33,7.72,--,734,566648,买盘
371,14:38:30,7.72,--,691,533452,买盘
372,14:38:27,7.72,--,820,633040,买盘
373,14:38:24,7.72,--,429,331188,买盘
374,14:38:21,7.72,--,301,232372,买盘
375,14:38:18,7.72,--,1072,827584,买盘
376,14:38:15,7.72,--,96,74112,买盘
377,14:38:12,7.72,--,634,489448,买盘
378,14:38:09,7.72,--,302,233144,买盘
379,14:38:06,7.72,--,50,38600,买盘
380,14:38:03,7.72,--,86,66392,买盘
381,14:38:00,7.72,0.01,305,235460,买盘
382,14:37:57,7.71,--,486,374706,卖盘
383,14:37:54,7.71,--,1354,1043934,卖盘
384,14:37:51,7.71,-0.01,281,216651,卖盘
385,14:37:48,7.72,--,143,110396,买盘
386,14:37:45,7.72,--,22,16984,买盘
387,14:37:42,7.72,0.01,339,261708,买盘
388,14:37:39,7.71,--,157,121047,卖盘
389,14:37:36,7.71,--,495,382354,买盘
390,14:37:33,7.71,0.01,1146,883566,买盘
391,14:37:30,7.7,-0.01,662,509740,卖盘
392,14:37:27,7.71,--,754,581334,买盘
393,14:37:24,7.71,--,536,413256,买盘
394,14:37:21,7.71,0.01,837,645327,买盘
395,14:37:18,7.7,-0.01,314,241780,卖盘
396,14:37:15,7.71,0.01,246,189666,买盘
397,14:37:12,7.7,-0.01,62,47740,卖盘
398,14:37:09,7.71,--,334,257514,买盘
399,14:37:06,7.71,0.01,509,392439,买盘
400,14:37:03,7.7,--,1971,1518162,买盘
401,14:37:00,7.7,--,5969,4596130,买盘
402,14:36:57,7.7,0.01,130,100100,买盘
403,14:36:54,7.69,-0.01,212,163028,卖盘
404,14:36:51,7.7,--,250,192500,买盘
405,14:36:48,7.7,0.01,370,284900,买盘
406,14:36:45,7.69,--,78,59982,卖盘
407,14:36:42,7.69,-0.01,224,172256,卖盘
408,14:36:39,7.7,--,131,100870,买盘
409,14:36:36,7.7,0.01,79,60830,买盘
410,14:36:33,7.69,-0.01,861,662109,卖盘
411,14:36:30,7.7,--,656,505120,买盘
412,14:36:27,7.7,0.01,705,542850,买盘
413,14:36:24,7.69,--,267,205323,卖盘
414,14:36:21,7.69,-0.01,298,229162,卖盘
415,14:36:18,7.7,--,903,695802,买盘
416,14:36:15,7.7,--,68,52360,买盘
417,14:36:12,7.7,--,82,63140,买盘
418,14:36:09,7.7,--,28,21560,买盘
419,14:36:06,7.7,--,130,100100,买盘
420,14:36:03,7.7,--,27,20790,买盘
421,14:36:00,7.7,0.01,321,247170,买盘
422,14:35:57,7.69,-0.01,145,111505,卖盘
423,14:35:54,7.7,0.01,160,123200,买盘
424,14:35:51,7.69,-0.01,537,412953,卖盘
425,14:35:48,7.7,0.01,1181,909370,买盘
426,14:35:45,7.69,--,1115,857435,卖盘
427,14:35:42,7.69,-0.01,76,58444,卖盘
428,14:35:39,7.7,0.01,41,31570,买盘
429,14:35:36,7.69,-0.01,253,194557,卖盘
430,14:35:33,7.7,0.01,42,32340,买盘
431,14:35:30,7.69,--,411,316059,卖盘
432,14:35:27,7.69,--,404,310676,卖盘
433,14:35:24,7.69,--,699,537531,卖盘
434,14:35:21,7.69,-0.01,48,36912,卖盘
435,14:35:18,7.7,0.01,448,344960,买盘
436,14:35:15,7.69,--,81,62289,卖盘
437,14:35:12,7.69,-0.01,50,38450,卖盘
438,14:35:09,7.7,--,10,7700,买盘
439,14:35:06,7.7,--,42,32340,买盘
440,14:35:03,7.7,--,435,334950,买盘
441,14:35:00,7.7,--,343,264110,买盘
442,14:34:57,7.7,--,204,157080,买盘
443,14:34:54,7.7,--,429,330330,买盘
444,14:34:51,7.7,--,108,83160,买盘
445,14:34:48,7.7,0.01,45,34650,买盘
446,14:34:45,7.69,--,639,491391,卖盘
447,14:34:42,7.69,--,122,93818,卖盘
448,14:34:39,7.69,-0.01,130,99970,卖盘
449,14:34:36,7.7,0.01,46,35420,买盘
450,14:34:33,7.69,-0.01,153,117657,卖盘
451,14:34:30,7.7,0.01,605,465850,买盘
452,14:34:27,7.69,-0.01,513,394497,卖盘
453,14:34:24,7.7,--,229,176330,买盘
454,14:34:21,7.7,--,65,50050,买盘
455,14:34:18,7.7,0.01,12,9240,买盘
456,14:34:15,7.69,--,70,53830,卖盘
457,14:34:12,7.69,-0.01,36,27684,卖盘
458,14:34:09,7.7,0.01,151,116270,买盘
459,14:34:06,7.69,--,142,109198,卖盘
460,14:34:03,7.69,--,167,128423,卖盘
461,14:34:00,7.69,--,15,11535,卖盘
462,14:33:57,7.69,--,123,94587,卖盘
463,14:33:54,7.69,--,1114,856666,买盘
464,14:33:51,7.69,--,282,216858,买盘
465,14:33:48,7.69,--,135,103815,买盘
466,14:33:45,7.69,0.01,240,184560,买盘
467,14:33:42,7.68,-0.01,1295,994560,卖盘
468,14:33:39,7.69,--,19,14611,买盘
469,14:33:36,7.69,0.01,13,9997,买盘
470,14:33:33,7.68,-0.01,221,169728,卖盘
471,14:33:30,7.69,--,196,150724,买盘
472,14:33:27,7.69,--,149,114581,买盘
473,14:33:24,7.69,0.01,27,20763,买盘
474,14:33:21,7.68,-0.01,292,224256,卖盘
475,14:33:18,7.69,--,311,239159,买盘
476,14:33:15,7.69,--,14,10766,买盘
477,14:33:12,7.69,--,100,76900,买盘
478,14:33:09,7.69,0.01,81,62289,买盘
479,14:33:06,7.68,--,30,23040,卖盘
480,14:33:03,7.68,--,285,218880,卖盘
481,14:33:00,7.68,--,113,86784,卖盘
482,14:32:57,7.68,-0.01,1696,1302528,卖盘
483,14:32:54,7.69,--,28,21532,买盘
484,14:32:51,7.69,0.01,169,129961,买盘
485,14:32:48,7.68,-0.01,515,395520,卖盘
486,14:32:45,7.69,--,7,5383,买盘
487,14:32:42,7.69,--,181,139189,买盘
488,14:32:39,7.69,0.01,205,157645,买盘
489,14:32:36,7.68,-0.01,247,189696,卖盘
490,14:32:33,7.69,--,407,312983,买盘
491,14:32:30,7.69,0.01,74,56906,买盘
492,14:32:27,7.68,--,50,38400,卖盘
493,14:32:24,7.68,-0.01,24,18432,卖盘
494,14:32:21,7.69,0.01,15,11535,买盘
495,14:32:18,7.68,-0.01,144,110592,卖盘
496,14:32:15,7.69,--,81,62289,买盘
497,14:32:12,7.69,--,49,37681,买盘
498,14:32:09,7.69,--,201,154569,买盘
499,14:32:06,7.69,--,181,139189,买盘
500,14:32:03,7.69,--,259,199171,买盘
501,14:32:00,7.69,--,1,769,买盘
502,14:31:57,7.69,--,53,40757,买盘
503,14:31:54,7.69,0.01,93,71517,买盘
504,14:31:51,7.68,-0.01,299,229632,卖盘
505,14:31:48,7.69,--,300,230700,买盘
506,14:31:45,7.69,0.01,82,63058,买盘
507,14:31:42,7.68,-0.01,108,82944,卖盘
508,14:31:39,7.69,--,254,195326,买盘
509,14:31:36,7.69,-0.01,886,681334,卖盘
510,14:31:33,7.7,0.01,313,241010,买盘
511,14:31:30,7.69,-0.01,621,477549,卖盘
512,14:31:27,7.7,--,150,115500,买盘
513,14:31:24,7.7,0.01,139,107030,买盘
514,14:31:21,7.69,-0.01,164,126116,卖盘
515,14:31:18,7.7,0.01,99,76230,买盘
516,14:31:15,7.69,--,146,112274,卖盘
517,14:31:12,7.69,-0.01,223,171487,中性盘
518,14:31:09,7.7,0.01,664,511280,买盘
519,14:31:06,7.69,--,481,369889,卖盘
520,14:31:03,7.69,--,979,752851,卖盘
521,14:31:00,7.69,-0.01,97,74593,卖盘
522,14:30:57,7.7,--,82,63140,买盘
523,14:30:54,7.7,0.01,547,421190,买盘
524,14:30:51,7.69,-0.01,81,62289,买盘
525,14:30:48,7.7,0.01,3341,2572570,买盘
526,14:30:45,7.69,--,289,222241,买盘
527,14:30:42,7.69,0.01,891,685179,买盘
528,14:30:39,7.68,-0.01,2249,1727232,卖盘
529,14:30:36,7.69,0.01,405,311445,买盘
530,14:30:33,7.68,-0.01,13,9984,卖盘
531,14:30:30,7.69,--,324,249156,买盘
532,14:30:27,7.69,0.01,293,225317,买盘
533,14:30:24,7.68,-0.01,1861,1429248,卖盘
534,14:30:21,7.69,--,44,33836,买盘
535,14:30:18,7.69,--,678,521382,买盘
536,14:30:15,7.69,--,2852,2193188,买盘
537,14:30:12,7.69,0.01,127,97663,买盘
538,14:30:09,7.68,--,657,504576,卖盘
539,14:30:06,7.68,--,453,347904,卖盘
540,14:30:03,7.68,-0.01,3042,2336256,卖盘
541,14:30:00,7.69,0.01,72,55368,买盘
542,14:29:57,7.68,--,661,507648,卖盘
543,14:29:54,7.68,--,36,27648,卖盘
544,14:29:51,7.68,-0.01,48,36864,卖盘
545,14:29:48,7.69,--,268,206092,买盘
546,14:29:45,7.69,--,45,34605,买盘
547,14:29:42,7.69,0.01,78,59982,买盘
548,14:29:39,7.68,--,373,286464,卖盘
549,14:29:36,7.68,--,116,89088,卖盘
550,14:29:33,7.68,-0.01,407,312576,卖盘
551,14:29:30,7.69,0.01,659,507124,买盘
552,14:29:27,7.68,--,1052,807936,买盘
553,14:29:24,7.68,--,856,657408,买盘
554,14:29:21,7.68,--,853,655104,买盘
555,14:29:18,7.68,--,302,231936,买盘
556,14:29:15,7.68,0.01,461,354048,买盘
557,14:29:12,7.67,--,345,264615,卖盘
558,14:29:09,7.67,-0.01,1113,853671,卖盘
559,14:29:06,7.68,--,270,207360,买盘
560,14:29:03,7.68,--,463,355584,买盘
561,14:29:00,7.68,--,514,394752,买盘
562,14:28:57,7.68,--,770,591360,买盘
563,14:28:54,7.68,--,450,345600,买盘
564,14:28:51,7.68,--,58,44544,买盘
565,14:28:48,7.68,--,216,165888,买盘
566,14:28:45,7.68,--,195,149760,买盘
567,14:28:42,7.68,--,583,447744,买盘
568,14:28:39,7.68,0.01,779,598272,买盘
569,14:28:36,7.67,-0.01,85,65195,卖盘
570,14:28:33,7.68,--,344,264192,买盘
571,14:28:30,7.68,--,664,509952,买盘
572,14:28:27,7.68,--,224,172032,买盘
573,14:28:24,7.68,--,405,311040,买盘
574,14:28:21,7.68,--,1553,1192704,买盘
575,14:28:18,7.68,0.01,243,186624,买盘
576,14:28:15,7.67,-0.01,132,101397,卖盘
577,14:28:12,7.68,--,237,182016,买盘
578,14:28:09,7.68,0.01,289,221952,买盘
579,14:28:06,7.67,-0.01,1536,1178112,卖盘
580,14:28:03,7.68,--,740,568320,买盘
581,14:28:00,7.68,--,204,156672,买盘
582,14:27:57,7.68,--,202,155136,买盘
583,14:27:54,7.68,--,1509,1158912,买盘
584,14:27:51,7.68,0.01,1094,840192,买盘
585,14:27:48,7.67,-0.01,74,56758,卖盘
586,14:27:45,7.68,0.01,294,225792,买盘
587,14:27:42,7.67,--,909,697203,卖盘
588,14:27:39,7.67,0.01,5663,4344073,买盘
589,14:27:36,7.66,-0.01,721,552286,卖盘
590,14:27:33,7.67,--,167,128089,买盘
591,14:27:30,7.67,--,683,523861,买盘
592,14:27:27,7.67,--,815,625105,买盘
593,14:27:24,7.67,--,1557,1194219,买盘
594,14:27:21,7.67,--,491,376597,买盘
595,14:27:18,7.67,--,11,8897,买盘
596,14:27:15,7.67,--,211,161837,买盘
597,14:27:12,7.67,--,1010,774670,买盘
598,14:27:09,7.67,0.01,10,7670,买盘
599,14:27:06,7.66,--,342,261972,卖盘
600,14:27:03,7.66,-0.01,36,27576,卖盘
601,14:27:00,7.67,0.01,5,3835,买盘
602,14:26:57,7.66,-0.01,24,18384,卖盘
603,14:26:54,7.67,0.01,36,27612,买盘
604,14:26:51,7.66,--,1762,1350151,买盘
605,14:26:48,7.66,--,405,310230,买盘
606,14:26:45,7.66,0.01,999,765234,买盘
607,14:26:42,7.65,-0.01,430,328950,卖盘
608,14:26:39,7.66,--,840,643440,买盘
609,14:26:36,7.66,0.01,360,275760,买盘
610,14:26:33,7.65,--,5,3825,卖盘
611,14:26:30,7.65,-0.01,22,16830,卖盘
612,14:26:27,7.66,--,738,565308,买盘
613,14:26:24,7.66,0.01,5,3830,买盘
614,14:26:21,7.65,-0.01,19,14535,卖盘
615,14:26:18,7.66,0.01,88,67408,买盘
616,14:26:15,7.65,--,259,198135,卖盘
617,14:26:12,7.65,-0.01,935,715275,卖盘
618,14:26:09,7.66,--,456,349296,买盘
619,14:26:06,7.66,--,240,183840,买盘
620,14:26:03,7.66,--,1160,888560,买盘
621,14:26:00,7.66,--,193,147838,买盘
622,14:25:57,7.66,--,11,8426,买盘
623,14:25:54,7.66,0.01,55,42130,买盘
624,14:25:51,7.65,--,44,33660,卖盘
625,14:25:48,7.65,-0.01,263,201195,卖盘
626,14:25:45,7.66,--,443,339338,买盘
627,14:25:42,7.66,--,829,635014,买盘
628,14:25:39,7.66,0.01,702,537732,买盘
629,14:25:36,7.65,-0.01,31,23715,卖盘
630,14:25:33,7.66,--,640,490240,买盘
631,14:25:30,7.66,--,594,455004,买盘
632,14:25:27,7.66,--,280,214480,买盘
633,14:25:24,7.66,--,7,5362,买盘
634,14:25:21,7.66,0.01,307,235162,买盘
635,14:25:18,7.65,-0.01,41,31365,卖盘
636,14:25:15,7.66,0.01,121,92686,买盘
637,14:25:12,7.65,-0.01,30,22950,卖盘
638,14:25:09,7.66,--,15,11490,买盘
639,14:25:06,7.66,0.01,26,19916,买盘
640,14:25:03,7.65,--,15,11475,卖盘
641,14:25:00,7.65,-0.01,38,29070,卖盘
642,14:24:57,7.66,--,51,39066,买盘
643,14:24:54,7.66,0.01,273,209118,买盘
644,14:24:51,7.65,--,16,12240,卖盘
645,14:24:48,7.65,--,716,547740,卖盘
646,14:24:45,7.65,--,47,35955,卖盘
647,14:24:42,7.65,--,1662,1272026,买盘
648,14:24:39,7.65,--,363,277695,买盘
649,14:24:36,7.65,--,1190,910350,买盘
650,14:24:33,7.65,--,279,213894,买盘
651,14:24:30,7.65,--,29,22185,买盘
652,14:24:27,7.65,--,5,3825,买盘
653,14:24:24,7.65,--,53,40545,买盘
654,14:24:21,7.65,--,6,4590,买盘
655,14:24:18,7.65,--,28,21420,买盘
656,14:24:15,7.65,--,26,19890,买盘
657,14:24:12,7.65,--,782,598230,买盘
658,14:24:09,7.65,0.01,3977,3042405,买盘
659,14:24:06,7.64,-0.01,233,178012,卖盘
660,14:24:03,7.65,--,95,72675,买盘
661,14:24:00,7.65,0.01,681,520965,买盘
662,14:23:57,7.64,--,4229,3230956,卖盘
663,14:23:54,7.64,-0.01,16,12224,卖盘
664,14:23:51,7.65,--,430,328950,买盘
665,14:23:48,7.65,--,307,234855,买盘
666,14:23:45,7.65,--,12,9180,买盘
667,14:23:42,7.65,--,108,82620,买盘
668,14:23:39,7.65,--,29,22185,买盘
669,14:23:36,7.65,--,200,153000,买盘
670,14:23:33,7.65,--,49,37485,买盘
671,14:23:30,7.65,--,58,44370,买盘
672,14:23:27,7.65,--,67,51255,买盘
673,14:23:24,7.65,0.01,304,232560,买盘
674,14:23:21,7.64,--,17,12988,卖盘
675,14:23:18,7.64,-0.01,306,233784,卖盘
676,14:23:12,7.65,0.01,5,3825,买盘
677,14:23:09,7.64,-0.01,66,50424,卖盘
678,14:23:06,7.65,--,41,31365,买盘
679,14:22:57,7.65,--,74,56610,买盘
680,14:22:54,7.65,0.01,217,166005,买盘
681,14:22:51,7.64,-0.01,34,25976,卖盘
682,14:22:48,7.65,--,213,162945,买盘
683,14:22:45,7.65,--,2,1530,买盘
684,14:22:39,7.65,--,13,9945,买盘
685,14:22:36,7.65,0.01,13,9945,买盘
686,14:22:33,7.64,--,66,50424,卖盘
687,14:22:30,7.64,--,19,14516,卖盘
688,14:22:27,7.64,--,8,6112,卖盘
689,14:22:24,7.64,--,5,3820,卖盘
690,14:22:21,7.64,-0.01,137,104668,卖盘
691,14:22:18,7.65,--,675,516375,买盘
692,14:22:15,7.65,0.01,14,10710,买盘
693,14:22:12,7.64,--,4,3056,卖盘
694,14:22:09,7.64,-0.01,61,46604,卖盘
695,14:22:06,7.65,--,89,68085,买盘
696,14:22:03,7.65,--,8,6120,买盘
697,14:22:00,7.65,--,38,29070,买盘
698,14:21:57,7.65,--,419,320535,买盘
699,14:21:54,7.65,--,360,275400,买盘
700,14:21:51,7.65,--,7,5355,买盘
701,14:21:48,7.65,--,35,26775,买盘
702,14:21:45,7.65,--,272,208080,买盘
703,14:21:42,7.65,--,18,13770,买盘
704,14:21:39,7.65,--,339,259335,买盘
705,14:21:33,7.65,0.01,13,9945,买盘
706,14:21:30,7.64,-0.01,8,6112,卖盘
707,14:21:27,7.65,--,14,10710,买盘
708,14:21:21,7.65,0.01,26,19890,买盘
709,14:21:18,7.64,-0.01,149,113836,卖盘
710,14:21:15,7.65,--,115,87975,买盘
711,14:21:09,7.65,--,35,26775,买盘
712,14:21:06,7.65,--,68,52020,买盘
713,14:21:03,7.65,--,219,167535,买盘
714,14:21:00,7.65,--,496,379440,买盘
715,14:20:57,7.65,--,26,19890,买盘
716,14:20:54,7.65,--,14,10710,买盘
717,14:20:51,7.65,--,123,94095,买盘
718,14:20:48,7.65,0.01,120,91800,买盘
719,14:20:45,7.64,-0.01,3,2292,卖盘
720,14:20:42,7.65,--,9,6885,买盘
721,14:20:39,7.65,--,240,183600,买盘
722,14:20:36,7.65,--,62,47430,买盘
723,14:20:33,7.65,0.01,1,765,买盘
724,14:20:30,7.64,-0.01,2,1528,卖盘
725,14:20:27,7.65,--,30,22950,买盘
726,14:20:24,7.65,--,459,351135,买盘
727,14:20:21,7.65,0.01,22,16830,买盘
728,14:20:18,7.64,--,1,764,卖盘
729,14:20:15,7.64,-0.01,185,141340,卖盘
730,14:20:12,7.65,0.01,10,7650,买盘
731,14:20:09,7.64,--,10,7640,卖盘
732,14:20:06,7.64,--,46,35144,卖盘
733,14:20:03,7.64,--,19,14516,卖盘
734,14:20:00,7.64,-0.01,122,93208,卖盘
735,14:19:57,7.65,0.01,30,22950,买盘
736,14:19:54,7.64,-0.01,124,94736,卖盘
737,14:19:51,7.65,0.01,46,35190,买盘
738,14:19:45,7.64,--,2,1528,卖盘
739,14:19:42,7.64,-0.01,20,15280,卖盘
740,14:19:39,7.65,0.01,106,81090,买盘
741,14:19:36,7.64,--,1,764,卖盘
742,14:19:33,7.64,-0.01,36,27504,卖盘
743,14:19:30,7.65,--,465,355725,买盘
744,14:19:27,7.65,--,3,2295,买盘
745,14:19:24,7.65,--,67,51255,买盘
746,14:19:21,7.65,--,13,9945,买盘
747,14:19:18,7.65,--,264,201960,买盘
748,14:19:15,7.65,--,2,1530,买盘
749,14:19:12,7.65,0.01,17,13005,买盘
750,14:19:09,7.64,-0.01,87,66468,卖盘
751,14:19:06,7.65,--,52,39780,买盘
752,14:19:03,7.65,--,106,81090,买盘
753,14:19:00,7.65,--,58,44370,买盘
754,14:18:57,7.65,--,115,87975,买盘
755,14:18:54,7.65,--,177,135405,买盘
756,14:18:51,7.65,0.01,15,11475,买盘
757,14:18:48,7.64,-0.01,56,42784,卖盘
758,14:18:45,7.65,--,11,8415,买盘
759,14:18:42,7.65,0.01,8,6120,买盘
760,14:18:36,7.64,-0.01,185,141340,卖盘
761,14:18:33,7.65,--,619,473535,买盘
762,14:18:30,7.65,0.01,1,765,买盘
763,14:18:27,7.64,--,8,6112,卖盘
764,14:18:24,7.64,-0.01,15,11460,卖盘
765,14:18:21,7.65,0.01,201,153765,买盘
766,14:18:18,7.64,--,198,151272,卖盘
767,14:18:15,7.64,--,8,6112,卖盘
768,14:18:12,7.64,--,20,15280,卖盘
769,14:18:09,7.64,-0.01,12,9168,卖盘
770,14:18:06,7.65,0.01,46,35190,买盘
771,14:18:03,7.64,-0.01,203,155092,卖盘
772,14:18:00,7.65,0.01,1,765,买盘
773,14:17:57,7.64,--,35,27351,卖盘
774,14:17:54,7.64,-0.01,114,87096,卖盘
775,14:17:51,7.65,0.01,74,56610,买盘
776,14:17:48,7.64,-0.01,2794,2134616,卖盘
777,14:17:45,7.65,--,2,1530,买盘
778,14:17:42,7.65,0.01,8,6120,买盘
779,14:17:39,7.64,-0.01,288,220032,卖盘
780,14:17:36,7.65,--,92,70380,买盘
781,14:17:33,7.65,--,31,23715,买盘
782,14:17:30,7.65,--,20,15300,买盘
783,14:17:27,7.65,--,47,35955,买盘
784,14:17:24,7.65,--,169,129285,买盘
785,14:17:21,7.65,--,8,6120,买盘
786,14:17:18,7.65,0.01,378,289170,买盘
787,14:17:15,7.64,--,149,113836,卖盘
788,14:17:09,7.64,-0.01,66,50424,卖盘
789,14:17:06,7.65,0.01,143,109395,买盘
790,14:17:03,7.64,-0.01,10,7640,卖盘
791,14:17:00,7.65,--,201,153765,买盘
792,14:16:54,7.65,--,56,42840,买盘
793,14:16:51,7.65,0.01,94,71910,买盘
794,14:16:48,7.64,-0.01,22,16808,卖盘
795,14:16:45,7.65,--,5,3825,买盘
796,14:16:42,7.65,0.01,7,5355,买盘
797,14:16:39,7.64,--,244,186416,卖盘
798,14:16:36,7.64,--,15,11460,卖盘
799,14:16:33,7.64,--,10,7640,卖盘
800,14:16:30,7.64,--,43,32852,卖盘
801,14:16:24,7.64,-0.01,67,51188,卖盘
802,14:16:21,7.65,0.01,77,58905,买盘
803,14:16:18,7.64,--,13,9932,卖盘
804,14:16:15,7.64,--,21,16044,卖盘
805,14:16:12,7.64,--,311,237604,卖盘
806,14:16:09,7.64,--,5,3820,卖盘
807,14:16:06,7.64,-0.01,48,36672,卖盘
808,14:16:00,7.65,0.01,5,3825,买盘
809,14:15:57,7.64,--,15,11460,卖盘
810,14:15:54,7.64,--,40,30560,卖盘
811,14:15:51,7.64,-0.01,7,5348,卖盘
812,14:15:48,7.65,--,134,102510,买盘
813,14:15:45,7.65,0.01,2,1530,买盘
814,14:15:42,7.64,--,27,20628,卖盘
815,14:15:39,7.64,-0.01,11,8404,卖盘
816,14:15:36,7.65,--,106,81090,买盘
817,14:15:33,7.65,--,38,29070,买盘
818,14:15:30,7.65,--,100,76500,买盘
819,14:15:27,7.65,--,15,11475,买盘
820,14:15:24,7.65,0.01,1,765,买盘
821,14:15:21,7.64,-0.01,11,8404,卖盘
822,14:15:18,7.65,--,100,76500,买盘
823,14:15:15,7.65,--,26,19890,买盘
824,14:15:12,7.65,--,1,765,买盘
825,14:15:09,7.65,--,48,36720,买盘
826,14:15:06,7.65,--,40,30600,买盘
827,14:15:03,7.65,0.01,51,39015,买盘
828,14:14:57,7.64,-0.01,17,12988,卖盘
829,14:14:54,7.65,--,19,14535,买盘
830,14:14:51,7.65,0.01,1,765,买盘
831,14:14:48,7.64,-0.01,126,96264,卖盘
832,14:14:45,7.65,0.01,184,140760,买盘
833,14:14:42,7.64,--,50,38200,卖盘
834,14:14:39,7.64,--,261,199404,卖盘
835,14:14:36,7.64,-0.01,2,1528,卖盘
836,14:14:33,7.65,--,14,10710,买盘
837,14:14:30,7.65,--,685,524025,买盘
838,14:14:27,7.65,0.01,18,13770,买盘
839,14:14:24,7.64,-0.01,20,15280,卖盘
840,14:14:21,7.65,--,59,45135,买盘
841,14:14:18,7.65,--,2,1530,买盘
842,14:14:15,7.65,0.01,1,765,买盘
843,14:14:12,7.64,--,71,54244,卖盘
844,14:14:09,7.64,-0.01,135,103140,卖盘
845,14:14:06,7.65,0.01,187,143055,买盘
846,14:14:03,7.64,--,20,15280,卖盘
847,14:14:00,7.64,-0.01,21,16044,卖盘
848,14:13:57,7.65,--,30,22950,买盘
849,14:13:54,7.65,--,743,568395,买盘
850,14:13:51,7.65,--,23,17595,买盘
851,14:13:48,7.65,--,598,457470,买盘
852,14:13:45,7.65,--,3,2295,买盘
853,14:13:42,7.65,0.01,29,22185,买盘
854,14:13:39,7.64,-0.01,2,1528,卖盘
855,14:13:36,7.65,0.01,5,3825,买盘
856,14:13:33,7.64,--,20,15280,卖盘
857,14:13:30,7.64,--,42,32088,卖盘
858,14:13:27,7.64,--,67,51188,卖盘
859,14:13:24,7.64,-0.01,10,7640,卖盘
860,14:13:21,7.65,--,1,765,买盘
861,14:13:15,7.65,--,32,24480,买盘
862,14:13:12,7.65,0.01,81,61965,买盘
863,14:13:09,7.64,--,101,77164,卖盘
864,14:13:06,7.64,-0.01,141,107724,卖盘
865,14:13:03,7.65,0.01,18,13770,买盘
866,14:13:00,7.64,-0.01,17,12988,卖盘
867,14:12:57,7.65,0.01,23,17595,买盘
868,14:12:54,7.64,--,1005,767820,卖盘
869,14:12:51,7.64,-0.01,7,5348,卖盘
870,14:12:48,7.65,0.01,1,765,买盘
871,14:12:45,7.64,-0.01,10,7640,卖盘
872,14:12:42,7.65,--,71,54315,买盘
873,14:12:39,7.65,0.01,70,53550,买盘
874,14:12:36,7.64,--,146,111544,卖盘
875,14:12:33,7.64,-0.01,55,42020,卖盘
876,14:12:30,7.65,--,113,86445,买盘
877,14:12:27,7.65,0.01,35,26775,买盘
878,14:12:24,7.64,-0.01,895,683780,卖盘
879,14:12:18,7.65,--,9,6885,买盘
880,14:12:15,7.65,0.01,51,39015,买盘
881,14:12:12,7.64,-0.01,9,6876,卖盘
882,14:12:09,7.65,--,215,164475,买盘
883,14:12:06,7.65,--,2,1530,买盘
884,14:12:03,7.65,--,187,143055,买盘
885,14:11:57,7.65,--,10,7650,买盘
886,14:11:54,7.65,0.01,18,13770,买盘
887,14:11:51,7.64,-0.01,28,21392,卖盘
888,14:11:48,7.65,--,14,10710,买盘
889,14:11:45,7.65,0.01,5,3825,买盘
890,14:11:42,7.64,-0.01,8,6112,卖盘
891,14:11:39,7.65,0.01,85,65025,买盘
892,14:11:36,7.64,--,52,39728,卖盘
893,14:11:33,7.64,-0.01,21,16044,卖盘
894,14:11:30,7.65,0.01,8,6120,买盘
895,14:11:27,7.64,-0.01,2,1528,卖盘
896,14:11:24,7.65,0.01,12,9180,买盘
897,14:11:21,7.64,--,63,48132,卖盘
898,14:11:18,7.64,-0.01,1,764,卖盘
899,14:11:15,7.65,--,68,52020,买盘
900,14:11:09,7.65,--,21,16065,买盘
901,14:11:06,7.65,--,112,85680,买盘
902,14:11:03,7.65,0.01,59,45135,买盘
903,14:11:00,7.64,-0.01,45,34380,卖盘
904,14:10:57,7.65,--,7,5355,买盘
905,14:10:54,7.65,0.01,148,113220,买盘
906,14:10:51,7.64,-0.01,2,1528,卖盘
907,14:10:48,7.65,0.01,12,9180,买盘
908,14:10:45,7.64,--,80,61120,卖盘
909,14:10:42,7.64,-0.01,1,764,卖盘
910,14:10:39,7.65,0.01,125,95625,买盘
911,14:10:36,7.64,--,21,16044,卖盘
912,14:10:33,7.64,-0.01,69,52716,卖盘
913,14:10:30,7.65,0.01,264,201960,买盘
914,14:10:27,7.64,-0.01,5,3820,卖盘
915,14:10:24,7.65,0.01,7,5355,买盘
916,14:10:21,7.64,-0.01,25,19100,卖盘
917,14:10:18,7.65,--,8,6120,买盘
918,14:10:15,7.65,--,178,136170,买盘
919,14:10:12,7.65,0.01,19,14535,买盘
920,14:10:06,7.64,--,81,61884,卖盘
921,14:10:03,7.64,--,69,52716,卖盘
922,14:10:00,7.64,--,102,77928,卖盘
923,14:09:57,7.64,--,7,5348,卖盘
924,14:09:54,7.64,--,60,45840,卖盘
925,14:09:51,7.64,-0.01,10,7640,卖盘
926,14:09:48,7.65,0.01,77,58905,买盘
927,14:09:45,7.64,--,183,139812,卖盘
928,14:09:42,7.64,-0.01,30,22920,卖盘
929,14:09:36,7.65,0.01,36,27540,买盘
930,14:09:33,7.64,-0.01,55,42020,卖盘
931,14:09:30,7.65,0.01,11,8415,买盘
932,14:09:27,7.64,--,27,20628,卖盘
933,14:09:24,7.64,--,197,150508,卖盘
934,14:09:21,7.64,-0.01,35,26740,卖盘
935,14:09:18,7.65,0.01,11,8415,买盘
936,14:09:15,7.64,--,18,13752,卖盘
937,14:09:12,7.64,--,30,22920,卖盘
938,14:09:09,7.64,-0.01,3,2292,卖盘
939,14:09:06,7.65,0.02,41,31365,买盘
940,14:09:03,7.63,-0.02,2,1526,卖盘
941,14:09:00,7.65,--,20,15300,买盘
942,14:08:57,7.65,0.01,78,59670,买盘
943,14:08:54,7.64,0.01,16,12224,卖盘
944,14:08:51,7.63,-0.01,512,390656,卖盘
945,14:08:48,7.64,-0.01,3822,2920008,卖盘
946,14:08:45,7.65,0.01,54,41310,买盘
947,14:08:42,7.64,--,569,434716,卖盘
948,14:08:39,7.64,--,537,410268,卖盘
949,14:08:36,7.64,-0.01,28,21392,卖盘
950,14:08:33,7.65,0.01,30,22950,买盘
951,14:08:30,7.64,--,19,14516,卖盘
952,14:08:27,7.64,-0.01,83,63412,卖盘
953,14:08:24,7.65,--,7,5355,买盘
954,14:08:21,7.65,--,10,7650,买盘
955,14:08:18,7.65,0.01,40,30600,买盘
956,14:08:15,7.64,-0.01,168,128352,卖盘
957,14:08:12,7.65,--,70,53550,买盘
958,14:08:09,7.65,--,30,22950,买盘
959,14:08:06,7.65,0.01,173,132345,买盘
960,14:08:03,7.64,-0.01,20,15280,卖盘
961,14:08:00,7.65,0.01,51,39015,买盘
962,14:07:57,7.64,--,100,76400,卖盘
963,14:07:54,7.64,-0.01,105,80220,卖盘
964,14:07:51,7.65,--,5,3825,买盘
965,14:07:48,7.65,0.01,10,7650,买盘
966,14:07:45,7.64,--,46,35144,卖盘
967,14:07:42,7.64,--,199,152036,卖盘
968,14:07:39,7.64,--,233,178012,卖盘
969,14:07:36,7.64,--,274,209336,卖盘
970,14:07:33,7.64,-0.01,14,10696,卖盘
971,14:07:30,7.65,--,58,44370,买盘
972,14:07:24,7.65,0.01,3,2295,买盘
973,14:07:21,7.64,-0.01,10,7640,卖盘
974,14:07:18,7.65,0.01,16,12240,买盘
975,14:07:15,7.64,--,50,38200,卖盘
976,14:07:12,7.64,--,86,65704,卖盘
977,14:07:09,7.64,--,3,2292,卖盘
978,14:07:06,7.64,-0.01,194,148216,卖盘
979,14:07:03,7.65,0.01,9,6885,买盘
980,14:07:00,7.64,--,71,54244,卖盘
981,14:06:54,7.64,-0.01,8,6112,卖盘
982,14:06:51,7.65,--,74,56610,买盘
983,14:06:48,7.65,--,107,81855,买盘
984,14:06:45,7.65,--,357,273105,买盘
985,14:06:42,7.65,0.01,732,559980,买盘
986,14:06:39,7.64,-0.01,206,157384,卖盘
987,14:06:36,7.65,--,133,101745,买盘
988,14:06:33,7.65,0.01,12,9180,买盘
989,14:06:30,7.64,-0.01,1,764,卖盘
990,14:06:24,7.65,0.01,7,5355,买盘
991,14:06:21,7.64,--,10,7640,卖盘
992,14:06:18,7.64,--,305,233020,卖盘
993,14:06:15,7.64,--,61,46604,卖盘
994,14:06:12,7.64,-0.01,6,4584,卖盘
995,14:06:09,7.65,--,108,82620,买盘
996,14:06:06,7.65,--,503,384795,买盘
997,14:06:03,7.65,0.01,404,309060,买盘
998,14:06:00,7.64,--,36,27504,卖盘
999,14:05:57,7.64,-0.01,1,764,卖盘
1000,14:05:54,7.65,--,11,8415,买盘
1001,14:05:51,7.65,--,104,79560,买盘
1002,14:05:48,7.65,0.01,26,19890,买盘
1003,14:05:45,7.64,--,67,51188,卖盘
1004,14:05:42,7.64,--,51,38964,卖盘
1005,14:05:39,7.64,--,28,21392,卖盘
1006,14:05:36,7.64,--,1,764,卖盘
1007,14:05:33,7.64,-0.01,81,61884,卖盘
1008,14:05:30,7.65,--,40,30600,买盘
1009,14:05:27,7.65,--,25,19125,买盘
1010,14:05:24,7.65,0.01,3,2295,买盘
1011,14:05:21,7.64,-0.01,105,80220,卖盘
1012,14:05:15,7.65,0.01,27,20655,买盘
1013,14:05:12,7.64,-0.01,43,32852,卖盘
1014,14:05:09,7.65,0.01,360,275400,买盘
1015,14:05:06,7.64,-0.01,70,53480,卖盘
1016,14:05:03,7.65,0.01,87,66555,买盘
1017,14:05:00,7.64,--,12,9168,卖盘
1018,14:04:57,7.64,--,9,6876,卖盘
1019,14:04:54,7.64,-0.01,79,60356,卖盘
1020,14:04:51,7.65,0.01,317,242505,买盘
1021,14:04:48,7.64,-0.01,3159,2413476,卖盘
1022,14:04:45,7.65,--,309,236385,买盘
1023,14:04:42,7.65,--,159,121635,买盘
1024,14:04:39,7.65,0.01,4,3060,买盘
1025,14:04:36,7.64,-0.01,181,138284,卖盘
1026,14:04:33,7.65,--,9,6885,买盘
1027,14:04:30,7.65,0.01,155,118575,买盘
1028,14:04:27,7.64,--,17,12988,卖盘
1029,14:04:24,7.64,0.01,251,191764,买盘
1030,14:04:21,7.63,-0.01,29,22127,卖盘
1031,14:04:18,7.64,--,1,764,买盘
1032,14:04:15,7.64,--,18,13752,买盘
1033,14:04:12,7.64,--,48,36672,买盘
1034,14:04:09,7.64,--,146,111544,买盘
1035,14:04:06,7.64,--,102,77928,买盘
1036,14:04:03,7.64,--,79,60356,买盘
1037,14:04:00,7.64,--,19,14516,买盘
1038,14:03:57,7.64,0.01,355,271220,买盘
1039,14:03:54,7.63,-0.01,129,98427,卖盘
1040,14:03:51,7.64,0.01,167,127588,买盘
1041,14:03:48,7.63,-0.01,30,22890,卖盘
1042,14:03:45,7.64,0.01,1,764,买盘
1043,14:03:42,7.63,--,13,9919,卖盘
1044,14:03:39,7.63,-0.01,161,122843,卖盘
1045,14:03:36,7.64,--,143,109252,买盘
1046,14:03:33,7.64,0.01,203,155092,买盘
1047,14:03:30,7.63,-0.01,1,763,卖盘
1048,14:03:27,7.64,0.01,5,3820,买盘
1049,14:03:24,7.63,-0.02,23,17549,卖盘
1050,14:03:21,7.65,0.02,18,13770,买盘
1051,14:03:18,7.63,--,635,484505,卖盘
1052,14:03:15,7.63,-0.01,1028,784364,卖盘
1053,14:03:12,7.64,--,107,81748,卖盘
1054,14:03:09,7.64,--,30,22920,卖盘
1055,14:03:06,7.64,-0.01,38,29032,卖盘
1056,14:03:03,7.65,--,66,50490,买盘
1057,14:03:00,7.65,0.01,650,497250,买盘
1058,14:02:57,7.64,--,251,191764,卖盘
1059,14:02:54,7.64,--,375,286500,卖盘
1060,14:02:51,7.64,--,31,23684,卖盘
1061,14:02:48,7.64,--,6,4584,卖盘
1062,14:02:45,7.64,--,27,20628,卖盘
1063,14:02:42,7.64,--,117,89388,卖盘
1064,14:02:39,7.64,--,232,177248,买盘
1065,14:02:36,7.64,--,285,217740,买盘
1066,14:02:33,7.64,0.01,913,697532,买盘
1067,14:02:30,7.63,-0.01,526,401338,卖盘
1068,14:02:27,7.64,0.01,25,19100,买盘
1069,14:02:24,7.63,-0.01,260,198380,卖盘
1070,14:02:21,7.64,0.01,103,78692,买盘
1071,14:02:18,7.63,-0.01,409,312067,卖盘
1072,14:02:15,7.64,0.01,73,55772,买盘
1073,14:02:12,7.63,-0.01,153,116739,卖盘
1074,14:02:09,7.64,--,557,425548,买盘
1075,14:02:06,7.64,--,2,1528,买盘
1076,14:02:03,7.64,--,48,36672,买盘
1077,14:02:00,7.64,--,162,123768,买盘
1078,14:01:57,7.64,--,383,292612,买盘
1079,14:01:54,7.64,0.01,80,61120,买盘
1080,14:01:51,7.63,-0.01,273,208909,卖盘
1081,14:01:48,7.64,0.01,61,46604,买盘
1082,14:01:45,7.63,--,392,299096,卖盘
1083,14:01:42,7.63,-0.01,175,133525,卖盘
1084,14:01:36,7.64,0.01,107,81748,买盘
1085,14:01:33,7.63,-0.01,801,611163,卖盘
1086,14:01:30,7.64,--,28,21392,买盘
1087,14:01:24,7.64,0.01,25,19100,买盘
1088,14:01:21,7.63,-0.01,3,2289,卖盘
1089,14:01:15,7.64,--,6,4584,买盘
1090,14:01:12,7.64,--,9,6876,买盘
1091,14:01:09,7.64,--,81,61884,卖盘
1092,14:01:06,7.64,--,128,97792,卖盘
1093,14:01:03,7.64,0.01,313,239132,买盘
1094,14:01:00,7.63,-0.01,88,67144,卖盘
1095,14:00:57,7.64,--,48,36672,买盘
1096,14:00:54,7.64,--,10,7640,买盘
1097,14:00:51,7.64,--,44,33616,买盘
1098,14:00:48,7.64,0.01,106,80984,买盘
1099,14:00:45,7.63,-0.01,1311,1000773,卖盘
1100,14:00:42,7.64,-0.01,147,112308,卖盘
1101,14:00:39,7.65,0.01,770,589662,买盘
1102,14:00:36,7.64,--,43,32852,卖盘
1103,14:00:33,7.64,-0.01,195,148980,卖盘
1104,14:00:30,7.65,--,198,151470,买盘
1105,14:00:27,7.65,0.01,288,220320,买盘
1106,14:00:24,7.64,--,233,178012,卖盘
1107,14:00:21,7.64,--,181,138284,卖盘
1108,14:00:18,7.64,--,130,99320,卖盘
1109,14:00:15,7.64,--,79,60356,卖盘
1110,14:00:12,7.64,--,851,650171,卖盘
1111,14:00:09,7.64,--,525,401100,卖盘
1112,14:00:06,7.64,-0.01,126,96264,卖盘
1113,14:00:03,7.65,0.01,43,32895,买盘
1114,14:00:00,7.64,-0.01,21,16044,卖盘
1115,13:59:57,7.65,--,45,34425,买盘
1116,13:59:54,7.65,--,288,220320,买盘
1117,13:59:51,7.65,0.01,62,47430,买盘
1118,13:59:48,7.64,-0.01,91,69524,卖盘
1119,13:59:45,7.65,--,228,174420,买盘
1120,13:59:42,7.65,--,34,26010,买盘
1121,13:59:39,7.65,--,183,139995,买盘
1122,13:59:36,7.65,--,309,236385,买盘
1123,13:59:33,7.65,0.01,151,115515,买盘
1124,13:59:30,7.64,--,4,3056,卖盘
1125,13:59:27,7.64,--,13,9932,卖盘
1126,13:59:24,7.64,-0.01,178,135992,卖盘
1127,13:59:21,7.65,0.01,319,244035,买盘
1128,13:59:18,7.64,--,54,41256,卖盘
1129,13:59:15,7.64,-0.01,24,18336,卖盘
1130,13:59:12,7.65,0.01,500,382500,买盘
1131,13:59:09,7.64,--,74,56536,卖盘
1132,13:59:06,7.64,--,161,123004,卖盘
1133,13:59:03,7.64,-0.01,81,61884,卖盘
1134,13:59:00,7.65,--,2,1530,买盘
1135,13:58:57,7.65,--,140,107100,买盘
1136,13:58:54,7.65,0.01,625,478125,买盘
1137,13:58:51,7.64,-0.01,315,240660,卖盘
1138,13:58:48,7.65,--,40,30600,买盘
1139,13:58:45,7.65,0.01,363,277695,买盘
1140,13:58:42,7.64,-0.01,14,10696,卖盘
1141,13:58:39,7.65,--,22,16830,买盘
1142,13:58:36,7.65,0.01,10,7650,买盘
1143,13:58:33,7.64,-0.01,17,12988,卖盘
1144,13:58:30,7.65,--,28,21420,买盘
1145,13:58:27,7.65,0.01,2,1530,买盘
1146,13:58:21,7.64,-0.01,31,23684,卖盘
1147,13:58:18,7.65,0.01,17,13005,买盘
1148,13:58:15,7.64,--,54,41867,卖盘
1149,13:58:12,7.64,-0.01,209,159676,卖盘
1150,13:58:09,7.65,--,50,38250,买盘
1151,13:58:06,7.65,--,221,169065,买盘
1152,13:58:03,7.65,0.01,50,38250,买盘
1153,13:58:00,7.64,-0.01,26,19864,卖盘
1154,13:57:57,7.65,0.01,830,634950,买盘
1155,13:57:54,7.64,--,1315,1004660,卖盘
1156,13:57:48,7.64,-0.01,36,27504,卖盘
1157,13:57:45,7.65,0.01,10,7650,买盘
1158,13:57:42,7.64,--,36,27504,卖盘
1159,13:57:39,7.64,-0.01,4,3056,卖盘
1160,13:57:36,7.65,--,5,3825,买盘
1161,13:57:33,7.65,--,26,19890,买盘
1162,13:57:30,7.65,0.01,39,29835,买盘
1163,13:57:27,7.64,-0.01,105,80220,卖盘
1164,13:57:24,7.65,0.01,28,21420,买盘
1165,13:57:21,7.64,--,398,304072,卖盘
1166,13:57:18,7.64,-0.01,222,169608,卖盘
1167,13:57:15,7.65,--,11,8415,买盘
1168,13:57:12,7.65,--,63,48195,买盘
1169,13:57:09,7.65,--,49,37485,买盘
1170,13:57:06,7.65,--,78,59670,买盘
1171,13:57:03,7.65,--,412,315180,买盘
1172,13:57:00,7.65,0.01,6,4590,买盘
1173,13:56:57,7.64,-0.01,69,52716,卖盘
1174,13:56:54,7.65,--,35,26775,买盘
1175,13:56:51,7.65,--,341,260865,买盘
1176,13:56:48,7.65,0.01,20,15300,买盘
1177,13:56:45,7.64,-0.01,106,80984,卖盘
1178,13:56:39,7.65,0.01,14,10710,买盘
1179,13:56:36,7.64,-0.01,212,161968,卖盘
1180,13:56:30,7.65,0.01,11,8415,买盘
1181,13:56:27,7.64,-0.01,210,160440,卖盘
1182,13:56:24,7.65,--,486,371790,买盘
1183,13:56:18,7.65,--,5,3825,买盘
1184,13:56:15,7.65,--,24,18360,买盘
1185,13:56:12,7.65,0.01,155,118575,买盘
1186,13:56:09,7.64,-0.01,165,126060,卖盘
1187,13:56:06,7.65,--,6,4590,买盘
1188,13:56:03,7.65,0.01,41,31365,买盘
1189,13:56:00,7.64,-0.01,1,764,卖盘
1190,13:55:57,7.65,--,19,14535,买盘
1191,13:55:54,7.65,--,253,193545,买盘
1192,13:55:51,7.65,0.01,11,8415,买盘
1193,13:55:48,7.64,--,15,11460,卖盘
1194,13:55:45,7.64,--,430,328520,卖盘
1195,13:55:42,7.64,-0.01,21,16044,卖盘
1196,13:55:39,7.65,0.01,529,404685,买盘
1197,13:55:36,7.64,--,2352,1797508,买盘
1198,13:55:33,7.64,--,45,34380,买盘
1199,13:55:30,7.64,0.01,1,764,买盘
1200,13:55:27,7.63,-0.01,2,1526,卖盘
1201,13:55:24,7.64,--,8,6112,买盘
1202,13:55:21,7.64,--,96,73344,买盘
1203,13:55:18,7.64,--,2248,1717472,买盘
1204,13:55:15,7.64,--,104,79456,买盘
1205,13:55:12,7.64,--,515,393460,买盘
1206,13:55:09,7.64,0.01,47,35908,买盘
1207,13:55:06,7.63,--,103,78589,卖盘
1208,13:55:03,7.63,-0.01,57,43491,卖盘
1209,13:55:00,7.64,--,70,53480,买盘
1210,13:54:57,7.64,0.01,49,37436,买盘
1211,13:54:54,7.63,--,2,1526,卖盘
1212,13:54:51,7.63,--,45,34335,卖盘
1213,13:54:48,7.63,-0.01,347,264761,卖盘
1214,13:54:45,7.64,--,68,51952,买盘
1215,13:54:42,7.64,0.01,231,176484,买盘
1216,13:54:39,7.63,-0.01,23,17549,卖盘
1217,13:54:36,7.64,0.01,31,23684,买盘
1218,13:54:30,7.63,-0.01,52,39676,卖盘
1219,13:54:27,7.64,--,5,3820,买盘
1220,13:54:24,7.64,0.01,18,13752,买盘
1221,13:54:21,7.63,-0.01,22,16786,卖盘
1222,13:54:18,7.64,--,98,74872,买盘
1223,13:54:15,7.64,--,1,764,买盘
1224,13:54:12,7.64,--,7,5348,买盘
1225,13:54:09,7.64,0.01,257,196348,买盘
1226,13:54:06,7.63,--,393,299935,卖盘
1227,13:54:03,7.63,-0.01,126,96138,卖盘
1228,13:54:00,7.64,--,196,149744,买盘
1229,13:53:57,7.64,--,235,179540,买盘
1230,13:53:54,7.64,--,42,32088,买盘
1231,13:53:51,7.64,--,29,22156,买盘
1232,13:53:45,7.64,0.01,39,29796,买盘
1233,13:53:42,7.63,--,298,227374,卖盘
1234,13:53:39,7.63,--,105,80115,卖盘
1235,13:53:36,7.63,--,27,20601,卖盘
1236,13:53:33,7.63,-0.01,37,28231,卖盘
1237,13:53:30,7.64,--,13,9932,买盘
1238,13:53:24,7.64,0.01,20,15280,买盘
1239,13:53:21,7.63,--,27,20601,卖盘
1240,13:53:18,7.63,--,12,9156,卖盘
1241,13:53:15,7.63,-0.01,161,122843,卖盘
1242,13:53:12,7.64,0.01,48,36672,买盘
1243,13:53:09,7.63,-0.01,323,246449,卖盘
1244,13:53:06,7.64,0.01,13,9932,买盘
1245,13:53:03,7.63,-0.01,96,73248,卖盘
1246,13:53:00,7.64,0.01,207,158148,买盘
1247,13:52:57,7.63,--,62,47306,卖盘
1248,13:52:54,7.63,--,31,23653,卖盘
1249,13:52:51,7.63,--,15,11445,卖盘
1250,13:52:48,7.63,--,74,56462,卖盘
1251,13:52:45,7.63,-0.01,98,74774,卖盘
1252,13:52:42,7.64,0.01,3053,2332492,买盘
1253,13:52:39,7.63,-0.01,100,76300,卖盘
1254,13:52:36,7.64,0.01,33,25212,买盘
1255,13:52:33,7.63,--,29,22127,卖盘
1256,13:52:30,7.63,-0.01,401,305963,卖盘
1257,13:52:27,7.64,0.01,12,9168,买盘
1258,13:52:24,7.63,--,402,306726,卖盘
1259,13:52:21,7.63,--,19,14497,卖盘
1260,13:52:18,7.63,-0.01,15,11445,卖盘
1261,13:52:15,7.64,--,137,104668,买盘
1262,13:52:12,7.64,--,455,348330,买盘
1263,13:52:09,7.64,--,13,9932,买盘
1264,13:52:06,7.64,0.01,69,52716,买盘
1265,13:52:03,7.63,-0.01,100,76300,卖盘
1266,13:52:00,7.64,--,22,16808,买盘
1267,13:51:57,7.64,--,7,5348,买盘
1268,13:51:51,7.64,--,6,4584,买盘
1269,13:51:48,7.64,0.01,15,11460,买盘
1270,13:51:45,7.63,--,211,160993,卖盘
1271,13:51:42,7.63,-0.01,661,504343,卖盘
1272,13:51:39,7.64,--,71,54244,卖盘
1273,13:51:36,7.64,--,277,211628,卖盘
1274,13:51:33,7.64,--,510,389640,卖盘
1275,13:51:30,7.64,-0.01,312,238368,卖盘
1276,13:51:27,7.65,0.01,50,38250,买盘
1277,13:51:24,7.64,--,1011,772404,卖盘
1278,13:51:21,7.64,-0.01,320,244480,卖盘
1279,13:51:18,7.65,--,13,9945,买盘
1280,13:51:15,7.65,0.01,158,120870,买盘
1281,13:51:09,7.64,-0.01,71,54244,卖盘
1282,13:51:06,7.65,0.01,52,39780,买盘
1283,13:51:03,7.64,--,155,118420,卖盘
1284,13:51:00,7.64,--,250,191000,卖盘
1285,13:50:57,7.64,--,16,12224,卖盘
1286,13:50:51,7.64,-0.01,57,43548,卖盘
1287,13:50:48,7.65,--,11,8415,买盘
1288,13:50:45,7.65,0.01,217,166005,买盘
1289,13:50:42,7.64,--,8,6112,卖盘
1290,13:50:39,7.64,--,102,77928,卖盘
1291,13:50:36,7.64,--,11,8404,卖盘
1292,13:50:33,7.64,-0.01,11,8404,卖盘
1293,13:50:30,7.65,--,8,6120,买盘
1294,13:50:27,7.65,0.01,94,71910,买盘
1295,13:50:24,7.64,--,29,22156,卖盘
1296,13:50:21,7.64,--,60,45840,卖盘
1297,13:50:18,7.64,-0.01,49,37436,卖盘
1298,13:50:15,7.65,--,100,76500,买盘
1299,13:50:12,7.65,0.01,5,3825,买盘
1300,13:50:09,7.64,-0.01,138,105432,卖盘
1301,13:50:06,7.65,0.01,139,106335,买盘
1302,13:50:03,7.64,-0.01,90,68760,卖盘
1303,13:50:00,7.65,--,17,13005,买盘
1304,13:49:57,7.65,0.01,5,3825,买盘
1305,13:49:54,7.64,--,15,11460,卖盘
1306,13:49:51,7.64,-0.01,6,4584,卖盘
1307,13:49:48,7.65,0.01,20,15300,买盘
1308,13:49:45,7.64,--,1,764,卖盘
1309,13:49:42,7.64,--,81,61884,卖盘
1310,13:49:39,7.64,-0.01,17,12988,卖盘
1311,13:49:36,7.65,--,226,172890,买盘
1312,13:49:33,7.65,0.01,22,16830,买盘
1313,13:49:30,7.64,-0.01,5,3820,卖盘
1314,13:49:27,7.65,--,39,29835,买盘
1315,13:49:24,7.65,--,268,205020,买盘
1316,13:49:21,7.65,0.01,62,47430,买盘
1317,13:49:18,7.64,-0.01,117,89388,卖盘
1318,13:49:15,7.65,--,1,765,买盘
1319,13:49:12,7.65,--,22,16830,买盘
1320,13:49:09,7.65,--,323,247095,买盘
1321,13:49:06,7.65,0.01,71,54315,买盘
1322,13:49:03,7.64,--,26,19864,卖盘
1323,13:49:00,7.64,--,21,16044,卖盘
1324,13:48:57,7.64,--,478,365192,卖盘
1325,13:48:54,7.64,-0.01,22,16808,卖盘
1326,13:48:48,7.65,0.01,3,2295,买盘
1327,13:48:45,7.64,-0.01,7,5348,卖盘
1328,13:48:42,7.65,0.01,41,31365,买盘
1329,13:48:39,7.64,--,126,96264,卖盘
1330,13:48:36,7.64,--,151,115364,卖盘
1331,13:48:33,7.64,--,12,9168,卖盘
1332,13:48:30,7.64,0.01,82,62648,买盘
1333,13:48:27,7.63,-0.01,25,19075,卖盘
1334,13:48:24,7.64,0.01,3,2292,买盘
1335,13:48:21,7.63,--,7,5341,卖盘
1336,13:48:18,7.63,-0.01,54,41202,卖盘
1337,13:48:15,7.64,0.01,6,4584,买盘
1338,13:48:12,7.63,--,29,22127,卖盘
1339,13:48:09,7.63,-0.01,65,49595,卖盘
1340,13:48:06,7.64,0.01,69,52716,买盘
1341,13:48:03,7.63,-0.01,50,38150,卖盘
1342,13:48:00,7.64,0.01,111,84804,买盘
1343,13:47:57,7.63,--,14,10682,卖盘
1344,13:47:54,7.63,--,158,120554,卖盘
1345,13:47:51,7.63,--,262,199906,卖盘
1346,13:47:48,7.63,--,6,4578,卖盘
1347,13:47:45,7.63,-0.01,20,15260,卖盘
1348,13:47:42,7.64,0.01,26,19864,买盘
1349,13:47:39,7.63,--,69,52647,卖盘
1350,13:47:36,7.63,--,24,18312,卖盘
1351,13:47:33,7.63,--,28,21364,卖盘
1352,13:47:30,7.63,--,450,343350,卖盘
1353,13:47:27,7.63,-0.01,50,38150,卖盘
1354,13:47:24,7.64,--,72,55008,买盘
1355,13:47:21,7.64,--,23,17572,买盘
1356,13:47:18,7.64,0.01,22,16808,买盘
1357,13:47:15,7.63,--,14,10682,卖盘
1358,13:47:12,7.63,-0.01,6,4578,卖盘
1359,13:47:09,7.64,--,7,5348,买盘
1360,13:47:06,7.64,0.01,67,51188,买盘
1361,13:47:03,7.63,-0.01,42,32046,卖盘
1362,13:47:00,7.64,--,11,8404,买盘
1363,13:46:57,7.64,--,51,38964,买盘
1364,13:46:54,7.64,0.01,110,84040,买盘
1365,13:46:51,7.63,-0.01,146,111398,卖盘
1366,13:46:48,7.64,0.01,330,252120,买盘
1367,13:46:45,7.63,-0.01,10,7630,卖盘
1368,13:46:42,7.64,0.01,16,12224,买盘
1369,13:46:39,7.63,--,121,92323,卖盘
1370,13:46:36,7.63,--,43,32809,卖盘
1371,13:46:33,7.63,--,11,8393,卖盘
1372,13:46:30,7.63,--,2,1526,卖盘
1373,13:46:27,7.63,-0.01,4,3052,卖盘
1374,13:46:24,7.64,--,6,4584,买盘
1375,13:46:18,7.64,--,11,8404,买盘
1376,13:46:15,7.64,0.01,139,106196,买盘
1377,13:46:12,7.63,--,98,74774,卖盘
1378,13:46:09,7.63,-0.01,1,763,卖盘
1379,13:46:06,7.64,--,70,53480,买盘
1380,13:46:03,7.64,0.01,3,2292,买盘
1381,13:45:57,7.63,--,55,41965,卖盘
1382,13:45:54,7.63,-0.01,2,1526,卖盘
1383,13:45:51,7.64,--,11,8404,买盘
1384,13:45:48,7.64,--,43,32852,买盘
1385,13:45:45,7.64,0.01,30,22920,买盘
1386,13:45:42,7.63,-0.01,4,3052,卖盘
1387,13:45:39,7.64,0.01,2,1528,买盘
1388,13:45:36,7.63,--,66,50358,卖盘
1389,13:45:33,7.63,-0.01,19,14497,卖盘
1390,13:45:30,7.64,0.01,100,76400,买盘
1391,13:45:27,7.63,-0.01,3,2289,卖盘
1392,13:45:24,7.64,--,71,54244,买盘
1393,13:45:21,7.64,--,10,7640,买盘
1394,13:45:18,7.64,--,15,11460,买盘
1395,13:45:15,7.64,--,513,391932,买盘
1396,13:45:12,7.64,--,384,293376,买盘
1397,13:45:09,7.64,--,21,16044,买盘
1398,13:45:06,7.64,0.01,63,48132,买盘
1399,13:45:03,7.63,-0.01,3,2289,卖盘
1400,13:45:00,7.64,0.01,1,764,买盘
1401,13:44:57,7.63,-0.01,14,10682,卖盘
1402,13:44:54,7.64,0.01,29,22156,买盘
1403,13:44:48,7.63,--,58,44254,卖盘
1404,13:44:45,7.63,--,7,5341,卖盘
1405,13:44:42,7.63,-0.01,55,41965,卖盘
1406,13:44:39,7.64,--,64,48896,买盘
1407,13:44:36,7.64,0.01,23,17572,买盘
1408,13:44:33,7.63,-0.01,1,763,卖盘
1409,13:44:30,7.64,--,5,3820,买盘
1410,13:44:27,7.64,--,144,110016,买盘
1411,13:44:24,7.64,--,9,6876,买盘
1412,13:44:21,7.64,--,16,12224,买盘
1413,13:44:12,7.64,--,7,5348,买盘
1414,13:44:09,7.64,--,8,6112,买盘
1415,13:44:06,7.64,--,141,107724,买盘
1416,13:44:03,7.64,--,134,102376,买盘
1417,13:44:00,7.64,0.01,602,459928,买盘
1418,13:43:57,7.63,-0.01,18,13734,卖盘
1419,13:43:54,7.64,--,12,9168,买盘
1420,13:43:51,7.64,0.01,202,154328,买盘
1421,13:43:48,7.63,--,2,1526,卖盘
1422,13:43:45,7.63,--,101,77063,卖盘
1423,13:43:42,7.63,-0.01,16,12208,卖盘
1424,13:43:39,7.64,0.01,13,9932,买盘
1425,13:43:36,7.63,-0.01,273,208299,卖盘
1426,13:43:30,7.64,--,1,764,买盘
1427,13:43:27,7.64,-0.01,114,87096,卖盘
1428,13:43:24,7.65,0.01,12,9180,买盘
1429,13:43:21,7.64,--,305,233020,买盘
1430,13:43:18,7.64,--,61,46604,买盘
1431,13:43:15,7.64,--,52,39728,买盘
1432,13:43:12,7.64,0.01,44,33616,买盘
1433,13:43:09,7.63,-0.01,5,3815,卖盘
1434,13:43:06,7.64,--,53,40492,买盘
1435,13:43:03,7.64,--,76,58064,买盘
1436,13:42:57,7.64,--,151,115364,卖盘
1437,13:42:54,7.64,0.01,1449,1107036,买盘
1438,13:42:51,7.63,--,342,260946,卖盘
1439,13:42:48,7.63,-0.01,14,10682,卖盘
1440,13:42:45,7.64,0.01,11,8404,买盘
1441,13:42:42,7.63,--,15,11445,卖盘
1442,13:42:39,7.63,-0.01,2,1526,卖盘
1443,13:42:33,7.64,0.01,18,13752,买盘
1444,13:42:27,7.63,-0.01,1,763,卖盘
1445,13:42:24,7.64,--,1,764,买盘
1446,13:42:21,7.64,--,60,45840,买盘
1447,13:42:18,7.64,--,13,9932,买盘
1448,13:42:15,7.64,--,20,15280,买盘
1449,13:42:12,7.64,--,515,393460,买盘
1450,13:42:06,7.64,--,67,51188,买盘
1451,13:42:03,7.64,--,86,65704,买盘
1452,13:42:00,7.64,--,491,375124,买盘
1453,13:41:57,7.64,--,5,3820,买盘
1454,13:41:54,7.64,--,6,4584,买盘
1455,13:41:51,7.64,--,48,36672,买盘
1456,13:41:48,7.64,--,108,82512,买盘
1457,13:41:45,7.64,--,6,4584,买盘
1458,13:41:42,7.64,--,70,53480,买盘
1459,13:41:39,7.64,0.01,8,6112,买盘
1460,13:41:33,7.63,--,91,69433,卖盘
1461,13:41:30,7.63,-0.01,1,763,卖盘
1462,13:41:27,7.64,0.01,10,7640,买盘
1463,13:41:24,7.63,--,22,16786,卖盘
1464,13:41:21,7.63,--,8,6104,卖盘
1465,13:41:18,7.63,--,103,78589,卖盘
1466,13:41:15,7.63,--,5,3815,卖盘
1467,13:41:09,7.63,-0.01,2,1526,卖盘
1468,13:41:06,7.64,0.01,53,40492,买盘
1469,13:41:03,7.63,--,20,15260,卖盘
1470,13:40:57,7.63,--,7,5341,卖盘
1471,13:40:54,7.63,-0.01,20,15260,卖盘
1472,13:40:51,7.64,--,7,5348,买盘
1473,13:40:48,7.64,--,75,57300,卖盘
1474,13:40:45,7.64,--,38,29032,卖盘
1475,13:40:42,7.64,--,2,1528,卖盘
1476,13:40:39,7.64,--,30,22920,卖盘
1477,13:40:36,7.64,-0.01,21,16044,卖盘
1478,13:40:33,7.65,0.01,8,6120,买盘
1479,13:40:30,7.64,--,24,18336,买盘
1480,13:40:27,7.64,0.01,108,82512,买盘
1481,13:40:24,7.63,--,3219,2456097,卖盘
1482,13:40:21,7.63,-0.01,6,4578,卖盘
1483,13:40:18,7.64,--,16,12224,买盘
1484,13:40:15,7.64,--,8,6112,买盘
1485,13:40:12,7.64,0.01,70,53480,买盘
1486,13:40:09,7.63,-0.01,1,763,卖盘
1487,13:40:06,7.64,--,41,31324,买盘
1488,13:40:03,7.64,-0.01,67,51188,卖盘
1489,13:40:00,7.65,--,68,52020,买盘
1490,13:39:57,7.65,0.01,92,70380,买盘
1491,13:39:54,7.64,--,36,27504,买盘
1492,13:39:51,7.64,--,1,764,买盘
1493,13:39:48,7.64,--,22,16808,买盘
1494,13:39:45,7.64,--,66,50424,卖盘
1495,13:39:42,7.64,--,3,2292,卖盘
1496,13:39:39,7.64,--,10,7640,卖盘
1497,13:39:36,7.64,--,18,13752,买盘
1498,13:39:33,7.64,--,18,13752,买盘
1499,13:39:30,7.64,--,173,132172,买盘
1500,13:39:27,7.64,0.01,76,58064,买盘
1501,13:39:24,7.63,-0.01,731,557753,卖盘
1502,13:39:21,7.64,-0.01,5,3820,卖盘
1503,13:39:15,7.65,0.01,50,38250,买盘
1504,13:39:12,7.64,-0.01,6,4584,卖盘
1505,13:39:09,7.65,--,37,28305,买盘
1506,13:39:06,7.65,--,1069,817785,买盘
1507,13:39:03,7.65,0.01,5,3825,买盘
1508,13:39:00,7.64,-0.01,15,11460,卖盘
1509,13:38:57,7.65,--,7,5355,买盘
1510,13:38:54,7.65,0.01,17,13005,买盘
1511,13:38:51,7.64,-0.01,11,8404,卖盘
1512,13:38:48,7.65,--,5,3825,买盘
1513,13:38:45,7.65,--,156,119340,买盘
1514,13:38:42,7.65,0.01,5,3825,买盘
1515,13:38:39,7.64,--,65,49660,卖盘
1516,13:38:36,7.64,--,28,21392,卖盘
1517,13:38:30,7.64,--,57,43548,卖盘
1518,13:38:27,7.64,--,72,55008,卖盘
1519,13:38:21,7.64,--,15,11460,卖盘
1520,13:38:18,7.64,--,1,764,卖盘
1521,13:38:15,7.64,-0.01,13,9932,卖盘
1522,13:38:06,7.65,--,42,32130,买盘
1523,13:38:00,7.65,--,16,12240,买盘
1524,13:37:57,7.65,0.01,220,168300,买盘
1525,13:37:54,7.64,--,59,45076,卖盘
1526,13:37:51,7.64,-0.01,2,1528,卖盘
1527,13:37:48,7.65,--,46,35190,买盘
1528,13:37:45,7.65,0.01,20,15300,买盘
1529,13:37:42,7.64,--,30,22920,卖盘
1530,13:37:39,7.64,--,16,12224,卖盘
1531,13:37:33,7.64,--,16,12224,卖盘
1532,13:37:30,7.64,--,2,1528,卖盘
1533,13:37:27,7.64,--,50,38200,卖盘
1534,13:37:24,7.64,--,5,3820,卖盘
1535,13:37:21,7.64,--,49,37436,卖盘
1536,13:37:18,7.64,--,18,13752,买盘
1537,13:37:15,7.64,0.01,330,252120,买盘
1538,13:37:09,7.63,-0.01,12,9156,卖盘
1539,13:37:06,7.64,--,61,46604,买盘
1540,13:37:03,7.64,--,27,20628,买盘
1541,13:37:00,7.64,0.01,483,369012,买盘
1542,13:36:57,7.63,-0.01,34,25942,卖盘
1543,13:36:54,7.64,0.01,541,413324,买盘
1544,13:36:45,7.63,-0.01,6,4578,卖盘
1545,13:36:42,7.64,0.01,84,64176,买盘
1546,13:36:39,7.63,-0.01,35,26705,卖盘
1547,13:36:36,7.64,0.01,5,3820,买盘
1548,13:36:33,7.63,-0.01,26,19838,卖盘
1549,13:36:30,7.64,--,5,3820,买盘
1550,13:36:27,7.64,--,60,45840,买盘
1551,13:36:24,7.64,0.01,40,30560,买盘
1552,13:36:21,7.63,-0.01,11,8393,卖盘
1553,13:36:15,7.64,--,7,5348,买盘
1554,13:36:12,7.64,0.01,74,56536,买盘
1555,13:36:09,7.63,-0.01,106,80878,卖盘
1556,13:36:06,7.64,--,63,48132,买盘
1557,13:36:03,7.64,--,39,29796,买盘
1558,13:36:00,7.64,0.01,18,13752,买盘
1559,13:35:57,7.63,-0.01,65,49595,卖盘
1560,13:35:54,7.64,0.01,28,21392,买盘
1561,13:35:51,7.63,--,878,669914,卖盘
1562,13:35:48,7.63,-0.01,6,4578,卖盘
1563,13:35:45,7.64,0.01,22,16808,买盘
1564,13:35:42,7.63,-0.01,1,763,卖盘
1565,13:35:39,7.64,0.01,139,106196,买盘
1566,13:35:36,7.63,-0.01,442,337246,卖盘
1567,13:35:33,7.64,0.01,6,4584,买盘
1568,13:35:30,7.63,--,143,109109,卖盘
1569,13:35:27,7.63,--,27,20601,卖盘
1570,13:35:24,7.63,-0.01,428,326564,卖盘
1571,13:35:21,7.64,--,1,764,买盘
1572,13:35:18,7.64,0.01,1,764,买盘
1573,13:35:15,7.63,--,2,1526,卖盘
1574,13:35:12,7.63,-0.01,7,5341,卖盘
1575,13:35:09,7.64,--,56,42784,买盘
1576,13:35:06,7.64,0.01,47,35908,买盘
1577,13:35:03,7.63,--,116,88508,卖盘
1578,13:35:00,7.63,--,6,4578,卖盘
1579,13:34:57,7.63,--,9,6867,卖盘
1580,13:34:54,7.63,--,12,9156,卖盘
1581,13:34:51,7.63,-0.01,6,4578,卖盘
1582,13:34:48,7.64,0.01,1,764,买盘
1583,13:34:45,7.63,-0.01,40,30520,卖盘
1584,13:34:42,7.64,0.01,159,121476,买盘
1585,13:34:39,7.63,-0.01,2,1526,卖盘
1586,13:34:36,7.64,0.01,1,764,买盘
1587,13:34:33,7.63,-0.01,31,23653,卖盘
1588,13:34:30,7.64,0.01,44,33616,买盘
1589,13:34:27,7.63,--,6,4578,卖盘
1590,13:34:24,7.63,--,22,16786,卖盘
1591,13:34:21,7.63,--,90,68670,卖盘
1592,13:34:18,7.63,-0.01,20,15260,卖盘
1593,13:34:15,7.64,0.01,5,3820,买盘
1594,13:34:12,7.63,--,64,48832,卖盘
1595,13:34:09,7.63,--,10,7630,卖盘
1596,13:34:06,7.63,--,98,74774,卖盘
1597,13:34:03,7.63,--,129,98427,卖盘
1598,13:34:00,7.63,-0.01,10,7630,卖盘
1599,13:33:57,7.64,--,19,14516,买盘
1600,13:33:54,7.64,0.01,326,249064,买盘
1601,13:33:51,7.63,--,8,6104,卖盘
1602,13:33:45,7.63,-0.01,5,3815,卖盘
1603,13:33:42,7.64,0.01,23,17572,买盘
1604,13:33:39,7.63,-0.01,55,41965,卖盘
1605,13:33:33,7.64,0.01,26,19864,买盘
1606,13:33:30,7.63,--,23,17549,卖盘
1607,13:33:27,7.63,--,250,190750,卖盘
1608,13:33:21,7.63,--,10,7630,卖盘
1609,13:33:15,7.63,-0.01,31,23653,卖盘
1610,13:33:12,7.64,--,25,19100,买盘
1611,13:33:09,7.64,--,57,43548,买盘
1612,13:33:06,7.64,--,49,37436,买盘
1613,13:33:03,7.64,0.01,61,46604,买盘
1614,13:33:00,7.63,-0.01,13,9919,卖盘
1615,13:32:57,7.64,--,164,125296,买盘
1616,13:32:45,7.64,--,20,15280,买盘
1617,13:32:42,7.64,0.01,51,38964,买盘
1618,13:32:39,7.63,-0.01,28,21364,卖盘
1619,13:32:36,7.64,--,109,83276,买盘
1620,13:32:33,7.64,--,15,11460,买盘
1621,13:32:30,7.64,--,21,16044,买盘
1622,13:32:27,7.64,--,671,512644,买盘
1623,13:32:24,7.64,--,127,97028,买盘
1624,13:32:18,7.64,0.01,130,99320,买盘
1625,13:32:15,7.63,-0.01,52,39676,卖盘
1626,13:32:12,7.64,--,25,19100,买盘
1627,13:32:09,7.64,0.01,108,82512,买盘
1628,13:32:06,7.63,-0.01,56,42728,卖盘
1629,13:32:03,7.64,0.01,31,23684,买盘
1630,13:32:00,7.63,-0.01,13,9919,卖盘
1631,13:31:57,7.64,--,68,51952,买盘
1632,13:31:54,7.64,0.01,1084,828176,买盘
1633,13:31:51,7.63,-0.01,264,201432,卖盘
1634,13:31:48,7.64,0.01,37,28268,买盘
1635,13:31:45,7.63,--,10,7630,卖盘
1636,13:31:42,7.63,--,89,67907,卖盘
1637,13:31:39,7.63,--,2,1526,卖盘
1638,13:31:36,7.63,--,2,1526,卖盘
1639,13:31:33,7.63,-0.01,12,9156,卖盘
1640,13:31:30,7.64,--,233,178012,买盘
1641,13:31:27,7.64,0.01,10,7640,买盘
1642,13:31:24,7.63,-0.01,3,2289,卖盘
1643,13:31:21,7.64,0.01,1,764,买盘
1644,13:31:18,7.63,--,81,61803,卖盘
1645,13:31:15,7.63,--,22,16786,卖盘
1646,13:31:12,7.63,--,8,6104,卖盘
1647,13:31:09,7.63,-0.01,41,31283,卖盘
1648,13:31:06,7.64,0.01,438,334884,买盘
1649,13:31:03,7.63,-0.01,1,763,卖盘
1650,13:30:57,7.64,0.01,6,4584,买盘
1651,13:30:51,7.63,-0.01,2,1526,卖盘
1652,13:30:48,7.64,--,6,4584,买盘
1653,13:30:45,7.64,--,6,4584,买盘
1654,13:30:42,7.64,0.01,18,13752,买盘
1655,13:30:39,7.63,-0.01,6,4578,卖盘
1656,13:30:36,7.64,0.01,6,4584,买盘
1657,13:30:33,7.63,-0.01,13,9919,卖盘
1658,13:30:30,7.64,--,26,19864,买盘
1659,13:30:27,7.64,-0.01,168,128352,卖盘
1660,13:30:24,7.65,0.01,42,32130,买盘
1661,13:30:21,7.64,--,3,2292,卖盘
1662,13:30:18,7.64,--,19,14516,买盘
1663,13:30:15,7.64,-0.01,3,2292,卖盘
1664,13:30:12,7.65,0.01,11,8415,买盘
1665,13:30:09,7.64,--,22,16808,买盘
1666,13:30:06,7.64,--,42,32088,买盘
1667,13:30:03,7.64,--,1,764,买盘
1668,13:30:00,7.64,-0.01,20,15280,买盘
1669,13:29:57,7.65,0.01,25,19270,买盘
1670,13:29:54,7.64,--,120,91680,卖盘
1671,13:29:51,7.64,--,51,38964,卖盘
1672,13:29:48,7.64,-0.01,183,139812,卖盘
1673,13:29:42,7.65,0.01,20,15300,买盘
1674,13:29:39,7.64,-0.01,202,154328,卖盘
1675,13:29:36,7.65,0.01,100,77119,买盘
1676,13:29:30,7.64,-0.01,112,85568,卖盘
1677,13:29:27,7.65,0.01,19,14535,买盘
1678,13:29:24,7.64,-0.01,413,315532,卖盘
1679,13:29:21,7.65,0.01,16,12240,买盘
1680,13:29:18,7.64,--,21,16044,卖盘
1681,13:29:15,7.64,-0.01,21,16044,卖盘
1682,13:29:09,7.65,--,55,42075,买盘
1683,13:29:06,7.65,--,102,78030,买盘
1684,13:29:03,7.65,0.01,1,765,买盘
1685,13:29:00,7.64,-0.01,11,8404,卖盘
1686,13:28:57,7.65,0.01,8,6120,买盘
1687,13:28:54,7.64,--,12,9168,卖盘
1688,13:28:51,7.64,-0.01,28,21392,卖盘
1689,13:28:48,7.65,0.01,14,10710,买盘
1690,13:28:45,7.64,-0.01,45,34380,卖盘
1691,13:28:42,7.65,0.01,211,161415,买盘
1692,13:28:39,7.64,--,117,89388,卖盘
1693,13:28:36,7.64,--,162,123768,卖盘
1694,13:28:33,7.64,-0.01,54,41256,卖盘
1695,13:28:27,7.65,--,5,3825,买盘
1696,13:28:24,7.65,--,39,29835,买盘
1697,13:28:21,7.65,0.01,21,16065,买盘
1698,13:28:18,7.64,--,30,22920,卖盘
1699,13:28:15,7.64,--,10,7640,卖盘
1700,13:28:12,7.64,0.01,44,33616,买盘
1701,13:28:09,7.63,-0.02,17,12971,卖盘
1702,13:28:06,7.65,--,43,33583,买盘
1703,13:28:03,7.65,0.01,5,3825,买盘
1704,13:28:00,7.64,--,33,25212,卖盘
1705,13:27:57,7.64,--,10,7716,买盘
1706,13:27:54,7.64,--,82,62648,买盘
1707,13:27:48,7.64,--,24,18336,买盘
1708,13:27:45,7.64,--,208,158912,买盘
1709,13:27:42,7.64,--,198,151959,卖盘
1710,13:27:39,7.64,--,84,64176,卖盘
1711,13:27:36,7.64,-0.01,16,12224,卖盘
1712,13:27:33,7.65,0.01,66,50490,买盘
1713,13:27:30,7.64,--,60,45840,卖盘
1714,13:27:27,7.64,-0.01,22,16808,卖盘
1715,13:27:24,7.65,0.01,9,6885,买盘
1716,13:27:21,7.64,-0.01,237,181068,卖盘
1717,13:27:18,7.65,0.01,49,37485,买盘
1718,13:27:15,7.64,-0.01,1,764,卖盘
1719,13:27:12,7.65,0.01,20,15300,买盘
1720,13:27:09,7.64,-0.01,95,72580,卖盘
1721,13:27:06,7.65,0.01,61,46665,买盘
1722,13:27:03,7.64,--,16,12224,卖盘
1723,13:27:00,7.64,-0.01,258,197112,卖盘
1724,13:26:57,7.65,0.01,42,32130,买盘
1725,13:26:54,7.64,--,67,51188,卖盘
1726,13:26:51,7.64,--,139,106196,卖盘
1727,13:26:48,7.64,--,5,3820,卖盘
1728,13:26:45,7.64,--,125,95500,卖盘
1729,13:26:42,7.64,--,216,165069,卖盘
1730,13:26:39,7.64,--,27,20628,卖盘
1731,13:26:36,7.64,--,270,206280,卖盘
1732,13:26:33,7.64,--,50,38200,卖盘
1733,13:26:30,7.64,--,2,1528,卖盘
1734,13:26:27,7.64,-0.01,1,764,卖盘
1735,13:26:24,7.65,0.01,3,2295,买盘
1736,13:26:21,7.64,-0.01,90,68760,卖盘
1737,13:26:18,7.65,--,5,3825,买盘
1738,13:26:15,7.65,0.01,18,13770,买盘
1739,13:26:12,7.64,-0.01,31,23684,卖盘
1740,13:26:09,7.65,0.01,444,339660,买盘
1741,13:26:06,7.64,--,60,45840,卖盘
1742,13:26:03,7.64,--,18,13752,卖盘
1743,13:26:00,7.64,--,30,22920,卖盘
1744,13:25:57,7.64,--,53,40492,卖盘
1745,13:25:54,7.64,-0.01,176,134464,卖盘
1746,13:25:51,7.65,0.01,48,36720,买盘
1747,13:25:48,7.64,-0.01,72,55008,卖盘
1748,13:25:45,7.65,--,68,52020,买盘
1749,13:25:42,7.65,--,436,333540,卖盘
1750,13:25:39,7.65,--,2000,1530000,卖盘
1751,13:25:36,7.65,--,11,8415,卖盘
1752,13:25:33,7.65,-0.01,101,77265,卖盘
1753,13:25:30,7.66,0.01,20,15320,买盘
1754,13:25:27,7.65,--,139,106335,卖盘
1755,13:25:24,7.65,--,181,138465,卖盘
1756,13:25:21,7.65,--,2063,1578195,买盘
1757,13:25:18,7.65,--,26,19890,买盘
1758,13:25:15,7.65,--,7,5355,买盘
1759,13:25:12,7.65,--,132,100980,卖盘
1760,13:25:09,7.65,-0.01,61,46665,卖盘
1761,13:25:06,7.66,0.01,240,183840,买盘
1762,13:25:03,7.65,-0.01,40,30600,卖盘
1763,13:25:00,7.66,0.01,10,7660,买盘
1764,13:24:57,7.65,--,341,260865,买盘
1765,13:24:54,7.65,--,803,614448,卖盘
1766,13:24:51,7.65,-0.01,520,397800,卖盘
1767,13:24:48,7.66,--,9,6894,买盘
1768,13:24:45,7.66,--,104,79664,买盘
1769,13:24:42,7.66,0.01,154,117964,买盘
1770,13:24:39,7.65,--,78,59670,卖盘
1771,13:24:36,7.65,--,87,66555,卖盘
1772,13:24:33,7.65,--,587,449055,卖盘
1773,13:24:30,7.65,--,124,94860,卖盘
1774,13:24:27,7.65,--,81,61965,卖盘
1775,13:24:24,7.65,--,123,94095,卖盘
1776,13:24:21,7.65,--,80,61200,卖盘
1777,13:24:18,7.65,--,47,35955,卖盘
1778,13:24:15,7.65,--,1175,898875,卖盘
1779,13:24:12,7.65,--,1000,765612,买盘
1780,13:24:09,7.65,--,92,70380,买盘
1781,13:24:06,7.65,--,122,93330,买盘
1782,13:24:03,7.65,0.01,18,13770,买盘
1783,13:24:00,7.64,-0.01,36,27504,卖盘
1784,13:23:57,7.65,--,380,290853,卖盘
1785,13:23:54,7.65,-0.01,104,79560,卖盘
1786,13:23:51,7.66,0.01,265,202990,买盘
1787,13:23:48,7.65,--,108,82620,卖盘
1788,13:23:45,7.65,--,283,216495,卖盘
1789,13:23:42,7.65,--,38,29070,卖盘
1790,13:23:39,7.65,--,150,114750,卖盘
1791,13:23:36,7.65,--,190,145350,卖盘
1792,13:23:33,7.65,--,103,78795,卖盘
1793,13:23:30,7.65,--,105,80325,卖盘
1794,13:23:27,7.65,--,41,31365,卖盘
1795,13:23:24,7.65,--,325,248625,卖盘
1796,13:23:21,7.65,--,217,166005,卖盘
1797,13:23:18,7.65,--,74,56610,卖盘
1798,13:23:15,7.65,--,149,113985,卖盘
1799,13:23:12,7.65,--,157,120105,卖盘
1800,13:23:09,7.65,--,561,429165,卖盘
1801,13:23:06,7.65,0.01,190,145962,买盘
1802,13:23:03,7.64,--,869,663916,卖盘
1803,13:23:00,7.64,--,120,91680,卖盘
1804,13:22:57,7.64,-0.01,1117,853388,卖盘
1805,13:22:54,7.65,--,88,67320,卖盘
1806,13:22:51,7.65,--,112,85680,卖盘
1807,13:22:48,7.65,--,105,80325,买盘
1808,13:22:45,7.65,--,395,302175,买盘
1809,13:22:42,7.65,0.01,45,34425,买盘
1810,13:22:39,7.64,-0.01,876,669264,卖盘
1811,13:22:36,7.65,--,218,166770,卖盘
1812,13:22:33,7.65,--,864,660960,卖盘
1813,13:22:30,7.65,-0.01,283,216495,卖盘
1814,13:22:27,7.66,--,370,283420,买盘
1815,13:22:24,7.66,--,185,141710,买盘
1816,13:22:21,7.66,--,266,203756,买盘
1817,13:22:18,7.66,0.01,1122,859452,买盘
1818,13:22:15,7.65,-0.01,220,168300,卖盘
1819,13:22:12,7.66,-0.01,220,168520,卖盘
1820,13:22:09,7.67,--,201,154167,买盘
1821,13:22:06,7.67,--,277,212459,买盘
1822,13:22:03,7.67,0.01,32,24544,买盘
1823,13:22:00,7.66,--,1019,780737,买盘
1824,13:21:57,7.66,--,401,307166,买盘
1825,13:21:54,7.66,--,76,58216,买盘
1826,13:21:51,7.66,--,422,323252,买盘
1827,13:21:48,7.66,--,83,63578,买盘
1828,13:21:45,7.66,--,398,304868,买盘
1829,13:21:42,7.66,--,260,199160,买盘
1830,13:21:39,7.66,--,409,313294,买盘
1831,13:21:36,7.66,--,40,30640,买盘
1832,13:21:33,7.66,--,208,159328,买盘
1833,13:21:30,7.66,--,178,136348,买盘
1834,13:21:27,7.66,0.01,422,323252,买盘
1835,13:21:24,7.65,-0.01,231,176715,卖盘
1836,13:21:21,7.66,0.01,265,202990,买盘
1837,13:21:18,7.65,-0.01,54,41310,卖盘
1838,13:21:15,7.66,--,202,154732,买盘
1839,13:21:12,7.66,0.01,281,215246,买盘
1840,13:21:09,7.65,-0.01,453,346545,卖盘
1841,13:21:06,7.66,0.01,237,181542,买盘
1842,13:21:03,7.65,--,78,59670,卖盘
1843,13:21:00,7.65,-0.01,111,84915,卖盘
1844,13:20:57,7.66,--,55,42130,买盘
1845,13:20:54,7.66,--,74,56684,买盘
1846,13:20:51,7.66,--,202,154732,买盘
1847,13:20:48,7.66,0.01,126,96516,买盘
1848,13:20:45,7.65,-0.01,582,445230,卖盘
1849,13:20:42,7.66,0.01,257,196862,买盘
1850,13:20:39,7.65,-0.01,99,75735,卖盘
1851,13:20:36,7.66,0.01,135,103410,买盘
1852,13:20:33,7.65,-0.01,729,557685,卖盘
1853,13:20:30,7.66,--,70,53620,买盘
1854,13:20:27,7.66,0.01,30,22980,买盘
1855,13:20:24,7.65,-0.01,135,103275,卖盘
1856,13:20:21,7.66,0.01,70,53620,买盘
1857,13:20:18,7.65,-0.01,29,22185,卖盘
1858,13:20:15,7.66,--,97,74302,买盘
1859,13:20:12,7.66,0.01,109,83494,买盘
1860,13:20:09,7.65,-0.01,383,292995,卖盘
1861,13:20:06,7.66,--,121,92686,买盘
1862,13:20:03,7.66,0.01,369,282654,买盘
1863,13:20:00,7.65,--,92,70380,卖盘
1864,13:19:57,7.65,-0.01,172,131580,卖盘
1865,13:19:54,7.66,0.01,756,579096,买盘
1866,13:19:51,7.65,--,167,127755,卖盘
1867,13:19:48,7.65,--,1683,1287495,卖盘
1868,13:19:45,7.65,-0.01,754,576810,卖盘
1869,13:19:42,7.66,--,436,333976,买盘
1870,13:19:39,7.66,--,453,346998,买盘
1871,13:19:36,7.66,--,162,124092,买盘
1872,13:19:33,7.66,--,764,585224,买盘
1873,13:19:30,7.66,--,227,173882,买盘
1874,13:19:27,7.66,--,157,120262,买盘
1875,13:19:24,7.66,--,102,78132,买盘
1876,13:19:21,7.66,-0.01,519,397554,卖盘
1877,13:19:18,7.67,--,1101,844773,买盘
1878,13:19:15,7.67,0.01,95,72865,买盘
1879,13:19:12,7.66,-0.01,402,307932,卖盘
1880,13:19:09,7.67,0.01,5317,4078599,买盘
1881,13:19:06,7.66,--,141,108006,买盘
1882,13:19:03,7.66,0.01,820,628120,买盘
1883,13:19:00,7.65,-0.01,123,94095,卖盘
1884,13:18:57,7.66,0.01,3491,2674106,买盘
1885,13:18:54,7.65,-0.01,34,26010,卖盘
1886,13:18:51,7.66,0.01,392,300884,买盘
1887,13:18:48,7.65,--,5541,4238865,买盘
1888,13:18:45,7.65,--,491,375615,买盘
1889,13:18:42,7.65,--,283,216495,买盘
1890,13:18:39,7.65,--,254,194310,买盘
1891,13:18:36,7.65,0.01,93,71145,买盘
1892,13:18:33,7.64,-0.01,363,277332,卖盘
1893,13:18:30,7.65,0.01,417,319005,买盘
1894,13:18:27,7.64,-0.01,882,673848,卖盘
1895,13:18:24,7.65,0.01,1105,845325,买盘
1896,13:18:21,7.64,--,2492,1903888,卖盘
1897,13:18:18,7.64,-0.01,113,86332,卖盘
1898,13:18:15,7.65,--,139,106335,买盘
1899,13:18:12,7.65,0.01,484,370260,买盘
1900,13:18:09,7.64,--,65,49660,卖盘
1901,13:18:06,7.64,-0.01,199,152036,卖盘
1902,13:18:03,7.65,--,140,107100,买盘
1903,13:18:00,7.65,0.01,1634,1250010,买盘
1904,13:17:57,7.64,-0.01,119,90916,卖盘
1905,13:17:54,7.65,0.01,209,159885,买盘
1906,13:17:51,7.64,-0.01,128,97792,卖盘
1907,13:17:48,7.65,--,72,55080,买盘
1908,13:17:45,7.65,--,343,262395,买盘
1909,13:17:42,7.65,0.01,4068,3112632,买盘
1910,13:17:39,7.64,--,117,89388,买盘
1911,13:17:36,7.64,--,212,161968,买盘
1912,13:17:33,7.64,0.01,70,53480,买盘
1913,13:17:30,7.63,-0.01,462,352506,卖盘
1914,13:17:27,7.64,--,224,171136,买盘
1915,13:17:24,7.64,--,349,266636,买盘
1916,13:17:21,7.64,--,383,292612,买盘
1917,13:17:18,7.64,--,638,487432,买盘
1918,13:17:15,7.64,--,170,129880,买盘
1919,13:17:12,7.64,--,268,204752,买盘
1920,13:17:09,7.64,--,114,87096,买盘
1921,13:17:06,7.64,0.01,64,48896,买盘
1922,13:17:03,7.63,--,152,115976,卖盘
1923,13:17:00,7.63,--,1314,1002582,买盘
1924,13:16:57,7.63,--,644,491372,买盘
1925,13:16:54,7.63,--,258,196854,买盘
1926,13:16:51,7.63,--,200,152600,买盘
1927,13:16:48,7.63,--,523,399049,买盘
1928,13:16:45,7.63,--,823,627949,买盘
1929,13:16:42,7.63,--,1078,822514,买盘
1930,13:16:39,7.63,0.01,245,186935,买盘
1931,13:16:36,7.62,-0.01,452,344424,卖盘
1932,13:16:33,7.63,0.01,775,591325,买盘
1933,13:16:30,7.62,-0.01,89,67818,卖盘
1934,13:16:27,7.63,--,250,190750,买盘
1935,13:16:24,7.63,0.01,230,175490,买盘
1936,13:16:21,7.62,--,31,23622,卖盘
1937,13:16:18,7.62,--,83,63246,卖盘
1938,13:16:15,7.62,-0.01,26,19812,卖盘
1939,13:16:12,7.63,0.01,83,63329,买盘
1940,13:16:09,7.62,--,1177,897171,买盘
1941,13:16:06,7.62,--,3118,2375916,买盘
1942,13:16:03,7.62,0.01,3353,2554986,买盘
1943,13:16:00,7.61,--,199,151439,卖盘
1944,13:15:57,7.61,-0.01,110,83710,卖盘
1945,13:15:54,7.62,--,3003,2288286,买盘
1946,13:15:51,7.62,--,1,762,买盘
1947,13:15:48,7.62,--,24,18288,买盘
1948,13:15:45,7.62,0.01,5,3810,买盘
1949,13:15:42,7.61,--,90,68490,卖盘
1950,13:15:39,7.61,--,53,40333,卖盘
1951,13:15:36,7.61,--,20,15220,卖盘
1952,13:15:33,7.61,--,18,13698,卖盘
1953,13:15:30,7.61,-0.01,222,168942,卖盘
1954,13:15:27,7.62,0.01,60,45720,买盘
1955,13:15:24,7.61,--,1252,952772,卖盘
1956,13:15:21,7.61,-0.01,10,7610,卖盘
1957,13:15:18,7.62,0.01,32,24384,买盘
1958,13:15:15,7.61,--,229,174269,卖盘
1959,13:15:12,7.61,--,45,34245,卖盘
1960,13:15:09,7.61,--,327,248847,卖盘
1961,13:15:06,7.61,--,410,312010,卖盘
1962,13:15:03,7.61,--,100,76100,卖盘
1963,13:15:00,7.61,-0.01,17,12937,卖盘
1964,13:14:57,7.62,--,4,3048,买盘
1965,13:14:54,7.62,0.01,23,17526,买盘
1966,13:14:51,7.61,--,7,5327,卖盘
1967,13:14:48,7.61,--,52,39572,卖盘
1968,13:14:45,7.61,--,34,25874,卖盘
1969,13:14:42,7.61,--,26,19786,卖盘
1970,13:14:39,7.61,--,48,36528,卖盘
1971,13:14:36,7.61,--,16,12176,卖盘
1972,13:14:33,7.61,--,70,53270,卖盘
1973,13:14:30,7.61,--,178,135458,卖盘
1974,13:14:27,7.61,--,323,245803,卖盘
1975,13:14:24,7.61,--,36,27396,卖盘
1976,13:14:21,7.61,--,41,31201,买盘
1977,13:14:18,7.61,--,7,5327,买盘
1978,13:14:12,7.61,--,44,33484,卖盘
1979,13:14:09,7.61,--,13,9893,卖盘
1980,13:14:06,7.61,--,49,37289,卖盘
1981,13:14:03,7.61,-0.01,20,15220,卖盘
1982,13:14:00,7.62,0.01,115,87744,买盘
1983,13:13:57,7.61,--,63,47943,买盘
1984,13:13:54,7.61,--,1392,1059958,卖盘
1985,13:13:51,7.61,-0.01,61,46421,卖盘
1986,13:13:48,7.62,--,324,246888,买盘
1987,13:13:45,7.62,--,130,99060,买盘
1988,13:13:42,7.62,--,43,32766,买盘
1989,13:13:39,7.62,--,94,71628,买盘
1990,13:13:36,7.62,--,26,19812,买盘
1991,13:13:33,7.62,0.01,100,76200,买盘
1992,13:13:30,7.61,-0.01,246,187206,卖盘
1993,13:13:27,7.62,0.01,36,27432,买盘
1994,13:13:24,7.61,--,53,40333,卖盘
1995,13:13:21,7.61,-0.01,662,503782,卖盘
1996,13:13:18,7.62,--,6,4572,买盘
1997,13:13:15,7.62,--,35,26670,买盘
1998,13:13:12,7.62,0.01,60,45720,买盘
1999,13:13:09,7.61,--,60,45660,卖盘
2000,13:13:06,7.61,--,228,173508,卖盘
2001,13:13:03,7.61,--,1,761,卖盘
2002,13:13:00,7.61,--,41,31201,卖盘
2003,13:12:57,7.61,--,547,416267,卖盘
2004,13:12:54,7.61,--,140,106540,卖盘
2005,13:12:51,7.61,--,25,19025,卖盘
2006,13:12:48,7.61,--,53,40333,卖盘
2007,13:12:45,7.61,-0.01,3,2283,卖盘
2008,13:12:42,7.62,0.01,26,19812,买盘
2009,13:12:39,7.61,--,26,19786,卖盘
2010,13:12:36,7.61,--,43,32723,卖盘
2011,13:12:33,7.61,--,90,68490,卖盘
2012,13:12:30,7.61,--,10,7610,卖盘
2013,13:12:24,7.61,-0.01,2,1522,卖盘
2014,13:12:21,7.62,0.01,20,15240,买盘
2015,13:12:18,7.61,-0.01,71,54031,卖盘
2016,13:12:15,7.62,0.01,365,278130,买盘
2017,13:12:12,7.61,-0.01,13,9893,卖盘
2018,13:12:09,7.62,--,96,73152,买盘
2019,13:12:06,7.62,0.01,41,31242,买盘
2020,13:12:03,7.61,--,83,63163,卖盘
2021,13:12:00,7.61,-0.01,179,136219,卖盘
2022,13:11:57,7.62,0.01,11,8465,买盘
2023,13:11:54,7.61,-0.01,152,115672,卖盘
2024,13:11:51,7.62,0.01,388,295656,买盘
2025,13:11:48,7.61,--,33,25113,卖盘
2026,13:11:45,7.61,--,2,1522,卖盘
2027,13:11:42,7.61,--,14,10654,卖盘
2028,13:11:39,7.61,--,211,160571,卖盘
2029,13:11:36,7.61,--,65,49465,卖盘
2030,13:11:33,7.61,--,158,120238,卖盘
2031,13:11:30,7.61,-0.01,150,114150,卖盘
2032,13:11:27,7.62,--,32,24384,买盘
2033,13:11:24,7.62,--,56,42672,买盘
2034,13:11:21,7.62,0.01,562,428244,买盘
2035,13:11:18,7.61,--,464,353104,卖盘
2036,13:11:15,7.61,--,95,72295,卖盘
2037,13:11:12,7.61,-0.01,87,66557,卖盘
2038,13:11:09,7.62,0.01,11,8382,买盘
2039,13:11:06,7.61,-0.01,68,51748,卖盘
2040,13:11:03,7.62,0.01,93,70866,买盘
2041,13:11:00,7.61,-0.01,40,30440,卖盘
2042,13:10:57,7.62,--,5,3810,买盘
2043,13:10:54,7.62,0.01,5,3810,买盘
2044,13:10:51,7.61,-0.01,82,62797,卖盘
2045,13:10:48,7.62,0.01,49,37338,买盘
2046,13:10:45,7.61,--,35,26635,卖盘
2047,13:10:42,7.61,--,38,28918,卖盘
2048,13:10:39,7.61,--,1,761,卖盘
2049,13:10:36,7.61,--,50,38050,卖盘
2050,13:10:33,7.61,-0.01,58,44138,卖盘
2051,13:10:30,7.62,0.01,28,21336,买盘
2052,13:10:27,7.61,-0.01,72,54792,卖盘
2053,13:10:24,7.62,0.01,48,36576,买盘
2054,13:10:21,7.61,-0.01,3,2283,卖盘
2055,13:10:18,7.62,0.01,47,35814,买盘
2056,13:10:15,7.61,-0.01,632,480952,卖盘
2057,13:10:12,7.62,--,597,454914,买盘
2058,13:10:09,7.62,0.01,87,66294,买盘
2059,13:10:06,7.61,-0.01,44,33484,卖盘
2060,13:10:03,7.62,--,8,6096,买盘
2061,13:10:00,7.62,--,229,174498,买盘
2062,13:09:57,7.62,0.01,49,37338,买盘
2063,13:09:54,7.61,-0.01,218,165898,卖盘
2064,13:09:51,7.62,--,313,238506,买盘
2065,13:09:48,7.62,0.01,5,3810,买盘
2066,13:09:45,7.61,--,30,22830,卖盘
2067,13:09:42,7.61,-0.01,22,16742,卖盘
2068,13:09:39,7.62,--,138,105156,买盘
2069,13:09:36,7.62,0.01,146,111252,买盘
2070,13:09:33,7.61,--,40,30440,卖盘
2071,13:09:30,7.61,--,13,10372,卖盘
2072,13:09:27,7.61,-0.01,53,40333,卖盘
2073,13:09:24,7.62,0.01,42,32004,买盘
2074,13:09:21,7.61,--,196,149156,卖盘
2075,13:09:18,7.61,--,15,11415,卖盘
2076,13:09:15,7.61,--,33,25440,买盘
2077,13:09:12,7.61,0.01,116,88276,买盘
2078,13:09:09,7.6,-0.01,2760,2097600,卖盘
2079,13:09:06,7.61,--,48,36528,买盘
2080,13:09:03,7.61,--,191,145351,买盘
2081,13:09:00,7.61,0.01,30,22830,买盘
2082,13:08:57,7.6,-0.01,247,187720,卖盘
2083,13:08:54,7.61,0.01,1,761,买盘
2084,13:08:51,7.6,-0.01,27,21143,卖盘
2085,13:08:48,7.61,--,156,118716,买盘
2086,13:08:45,7.61,0.01,723,550203,买盘
2087,13:08:42,7.6,-0.01,679,516040,卖盘
2088,13:08:39,7.61,0.01,55,41855,买盘
2089,13:08:36,7.6,--,2,1520,卖盘
2090,13:08:33,7.6,-0.01,16,12160,卖盘
2091,13:08:30,7.61,0.01,194,147634,买盘
2092,13:08:24,7.6,-0.01,9,6840,卖盘
2093,13:08:21,7.61,--,54,41094,买盘
2094,13:08:18,7.61,--,334,254174,买盘
2095,13:08:15,7.61,0.01,3,2283,买盘
2096,13:08:12,7.6,-0.01,2,1520,卖盘
2097,13:08:09,7.61,--,12,9132,买盘
2098,13:08:06,7.61,0.01,69,52509,买盘
2099,13:08:03,7.6,--,212,161728,卖盘
2100,13:08:00,7.6,-0.01,44,33440,卖盘
2101,13:07:57,7.61,--,295,224495,买盘
2102,13:07:54,7.61,0.01,22,16742,买盘
2103,13:07:51,7.6,--,6,4560,卖盘
2104,13:07:48,7.6,--,21,15960,卖盘
2105,13:07:45,7.6,--,93,70680,卖盘
2106,13:07:39,7.6,-0.01,14,10640,卖盘
2107,13:07:36,7.61,--,140,106540,买盘
2108,13:07:33,7.61,--,94,71534,买盘
2109,13:07:30,7.61,--,270,205470,买盘
2110,13:07:27,7.61,--,8,6088,买盘
2111,13:07:24,7.61,--,117,89037,买盘
2112,13:07:21,7.61,--,55,41855,买盘
2113,13:07:18,7.61,--,5,3805,买盘
2114,13:07:15,7.61,--,135,102735,买盘
2115,13:07:12,7.61,0.01,29,22069,买盘
2116,13:07:09,7.6,--,184,139840,卖盘
2117,13:07:06,7.6,-0.01,349,265240,卖盘
2118,13:07:03,7.61,--,53,40333,买盘
2119,13:07:00,7.61,--,249,189489,买盘
2120,13:06:57,7.61,--,17,12937,买盘
2121,13:06:54,7.61,--,41,31201,买盘
2122,13:06:51,7.61,--,97,73817,买盘
2123,13:06:48,7.61,--,292,222212,买盘
2124,13:06:42,7.61,--,23,17503,买盘
2125,13:06:39,7.61,0.01,31,23591,买盘
2126,13:06:36,7.6,--,342,259920,卖盘
2127,13:06:33,7.6,--,301,228760,卖盘
2128,13:06:30,7.6,-0.01,3,2280,卖盘
2129,13:06:27,7.61,0.01,29,22069,买盘
2130,13:06:24,7.6,--,4,3040,卖盘
2131,13:06:21,7.6,--,32,24320,卖盘
2132,13:06:18,7.6,--,252,191520,卖盘
2133,13:06:09,7.6,--,25,19000,卖盘
2134,13:06:06,7.6,--,555,421800,卖盘
2135,13:06:03,7.6,--,106,80560,卖盘
2136,13:06:00,7.6,--,44,33440,卖盘
2137,13:05:57,7.6,-0.01,32,24320,卖盘
2138,13:05:54,7.61,--,23,17503,买盘
2139,13:05:51,7.61,0.01,72,54792,买盘
2140,13:05:48,7.6,--,2241,1703768,买盘
2141,13:05:45,7.6,--,36,27360,买盘
2142,13:05:42,7.6,--,310,235600,买盘
2143,13:05:39,7.6,--,20,15200,买盘
2144,13:05:36,7.6,--,7,5320,买盘
2145,13:05:33,7.6,0.01,70,53200,买盘
2146,13:05:30,7.59,-0.01,62,47058,卖盘
2147,13:05:27,7.6,--,60,45600,买盘
2148,13:05:24,7.6,0.01,7,5320,买盘
2149,13:05:21,7.59,-0.01,181,137379,卖盘
2150,13:05:18,7.6,--,28,21280,买盘
2151,13:05:15,7.6,0.01,29,22040,买盘
2152,13:05:12,7.59,--,156,118404,卖盘
2153,13:05:09,7.59,-0.01,4049,3073191,卖盘
2154,13:05:06,7.6,--,63,47880,买盘
2155,13:05:03,7.6,--,75,57000,买盘
2156,13:05:00,7.6,--,62,47120,买盘
2157,13:04:57,7.6,--,265,201400,买盘
2158,13:04:54,7.6,0.01,94,71440,买盘
2159,13:04:51,7.59,--,47,35673,卖盘
2160,13:04:48,7.59,-0.01,63,47817,卖盘
2161,13:04:45,7.6,--,60,45600,买盘
2162,13:04:42,7.6,--,73,55480,买盘
2163,13:04:39,7.6,--,31,23560,买盘
2164,13:04:36,7.6,--,26,19760,买盘
2165,13:04:33,7.6,--,23,17480,买盘
2166,13:04:30,7.6,--,58,44080,买盘
2167,13:04:27,7.6,0.01,37,28120,买盘
2168,13:04:24,7.59,--,24,18216,卖盘
2169,13:04:21,7.59,-0.01,10,7590,卖盘
2170,13:04:18,7.6,--,17,12920,买盘
2171,13:04:15,7.6,0.01,35,26600,买盘
2172,13:04:12,7.59,--,29,22011,卖盘
2173,13:04:09,7.59,-0.01,47,35673,卖盘
2174,13:04:06,7.6,--,69,52440,买盘
2175,13:04:03,7.6,--,596,452960,买盘
2176,13:04:00,7.6,--,75,57000,买盘
2177,13:03:57,7.6,--,65,49400,买盘
2178,13:03:54,7.6,--,44,33440,买盘
2179,13:03:51,7.6,--,58,44080,买盘
2180,13:03:48,7.6,--,29,22040,买盘
2181,13:03:45,7.6,--,11,8360,买盘
2182,13:03:42,7.6,0.01,23,17480,买盘
2183,13:03:39,7.59,-0.01,50,37950,卖盘
2184,13:03:36,7.6,0.01,750,570000,买盘
2185,13:03:33,7.59,-0.01,13,9867,卖盘
2186,13:03:30,7.6,--,23,17480,买盘
2187,13:03:27,7.6,--,23,17480,买盘
2188,13:03:24,7.6,--,6,4560,买盘
2189,13:03:21,7.6,--,204,155040,买盘
2190,13:03:18,7.6,--,22,16720,买盘
2191,13:03:15,7.6,--,23,17480,买盘
2192,13:03:12,7.6,--,7,5320,买盘
2193,13:03:09,7.6,--,23,17480,买盘
2194,13:03:06,7.6,--,22,16720,买盘
2195,13:03:03,7.6,--,56,42560,买盘
2196,13:03:00,7.6,--,27,20520,买盘
2197,13:02:57,7.6,--,25,19000,买盘
2198,13:02:54,7.6,--,26,19760,买盘
2199,13:02:51,7.6,--,4,3040,买盘
2200,13:02:48,7.6,--,21,15960,买盘
2201,13:02:45,7.6,0.01,24,18240,买盘
2202,13:02:42,7.59,-0.01,1,759,卖盘
2203,13:02:39,7.6,--,1,760,买盘
2204,13:02:36,7.6,--,30,22800,买盘
2205,13:02:33,7.6,0.01,26,19760,买盘
2206,13:02:30,7.59,-0.01,7,5313,卖盘
2207,13:02:27,7.6,--,31,23560,买盘
2208,13:02:24,7.6,--,20,15200,买盘
2209,13:02:21,7.6,--,27,20520,买盘
2210,13:02:12,7.6,--,24,18240,买盘
2211,13:02:09,7.6,0.01,25,19000,买盘
2212,13:02:06,7.59,-0.01,6,4554,卖盘
2213,13:02:03,7.6,--,63,47880,买盘
2214,13:02:00,7.6,0.01,22,16720,买盘
2215,13:01:57,7.59,--,18,13662,卖盘
2216,13:01:54,7.59,--,837,635283,买盘
2217,13:01:51,7.59,--,24,18216,买盘
2218,13:01:48,7.59,0.01,24,18216,买盘
2219,13:01:45,7.58,-0.01,2,1516,卖盘
2220,13:01:42,7.59,--,218,165462,买盘
2221,13:01:39,7.59,--,30,22770,买盘
2222,13:01:36,7.59,0.01,26,19734,买盘
2223,13:01:33,7.58,-0.02,100,75800,卖盘
2224,13:01:30,7.6,--,25,19000,买盘
2225,13:01:27,7.6,0.01,21,15960,买盘
2226,13:01:24,7.59,-0.01,5,3795,卖盘
2227,13:01:21,7.6,--,1,760,买盘
2228,13:01:18,7.6,--,23,17480,买盘
2229,13:01:15,7.6,--,28,21280,买盘
2230,13:01:12,7.6,--,27,20520,买盘
2231,13:01:09,7.6,--,97,73720,买盘
2232,13:01:06,7.6,--,420,319200,买盘
2233,13:01:03,7.6,0.01,138,104880,买盘
2234,13:01:00,7.59,--,9,6831,卖盘
2235,13:00:57,7.59,--,44,33396,卖盘
2236,13:00:54,7.59,--,27,20493,卖盘
2237,13:00:48,7.59,-0.01,2,1518,卖盘
2238,13:00:45,7.6,--,21,15960,买盘
2239,13:00:42,7.6,0.01,25,19000,买盘
2240,13:00:39,7.59,-0.01,12,9108,中性盘
2241,13:00:36,7.6,--,375,285000,买盘
2242,13:00:33,7.6,--,2,1520,买盘
2243,13:00:30,7.6,--,26,19760,买盘
2244,13:00:27,7.6,--,23,17480,买盘
2245,13:00:24,7.6,--,22,16720,买盘
2246,13:00:21,7.6,0.01,26,19760,买盘
2247,13:00:18,7.59,--,19,14421,卖盘
2248,13:00:15,7.59,-0.01,5,3795,卖盘
2249,13:00:12,7.6,0.01,78,59280,买盘
2250,13:00:09,7.59,--,1961,1488399,卖盘
2251,13:00:06,7.59,--,193,146487,卖盘
2252,13:00:03,7.59,--,8333,6324747,买盘
2253,13:00:00,7.59,--,768,582912,买盘
2254,11:30:00,7.59,--,28,21252,买盘
2255,11:29:57,7.59,0.01,64,48576,买盘
2256,11:29:54,7.58,-0.01,1,758,卖盘
2257,11:29:51,7.59,--,19,14421,买盘
2258,11:29:48,7.59,--,43,32637,买盘
2259,11:29:42,7.59,--,3,2277,买盘
2260,11:29:39,7.59,--,123,93357,买盘
2261,11:29:36,7.59,0.01,23,17457,买盘
2262,11:29:33,7.58,-0.01,12,9096,卖盘
2263,11:29:30,7.59,0.01,107,81213,买盘
2264,11:29:27,7.58,-0.01,11,8338,卖盘
2265,11:29:24,7.59,0.01,23,17457,买盘
2266,11:29:21,7.58,--,29,21982,卖盘
2267,11:29:18,7.58,-0.01,83,62914,卖盘
2268,11:29:15,7.59,0.01,40,30360,买盘
2269,11:29:12,7.58,--,140,106120,卖盘
2270,11:29:09,7.58,--,10,7580,卖盘
2271,11:29:06,7.58,-0.01,28,21224,卖盘
2272,11:29:03,7.59,0.01,27,20493,买盘
2273,11:29:00,7.58,-0.01,117,88686,卖盘
2274,11:28:57,7.59,--,87,66033,买盘
2275,11:28:54,7.59,0.01,25,18975,买盘
2276,11:28:51,7.58,--,138,104604,卖盘
2277,11:28:48,7.58,--,6,4548,卖盘
2278,11:28:45,7.58,-0.01,12,9096,卖盘
2279,11:28:42,7.59,0.01,28,21252,买盘
2280,11:28:39,7.58,-0.01,15,11370,卖盘
2281,11:28:36,7.59,--,430,326370,买盘
2282,11:28:33,7.59,--,26,19734,买盘
2283,11:28:30,7.59,0.01,24,18216,买盘
2284,11:28:27,7.58,--,33,25014,卖盘
2285,11:28:24,7.58,--,3,2274,卖盘
2286,11:28:18,7.58,-0.01,29,21982,卖盘
2287,11:28:12,7.59,0.01,21,15939,买盘
2288,11:28:09,7.58,-0.01,78,59124,卖盘
2289,11:28:06,7.59,0.01,67,50853,买盘
2290,11:28:03,7.58,--,165,125070,卖盘
2291,11:28:00,7.58,-0.01,174,131892,卖盘
2292,11:27:57,7.59,--,88,66792,买盘
2293,11:27:51,7.59,--,51,38709,买盘
2294,11:27:48,7.59,--,347,263373,买盘
2295,11:27:45,7.59,--,85,64515,买盘
2296,11:27:42,7.59,0.01,5,3795,买盘
2297,11:27:39,7.58,-0.01,35,26530,卖盘
2298,11:27:36,7.59,0.01,88,66792,买盘
2299,11:27:33,7.58,-0.01,110,83380,卖盘
2300,11:27:30,7.59,--,6,4554,买盘
2301,11:27:27,7.59,0.01,21,15939,买盘
2302,11:27:24,7.58,--,41,31078,卖盘
2303,11:27:21,7.58,-0.01,158,119764,卖盘
2304,11:27:18,7.59,--,7,5313,买盘
2305,11:27:15,7.59,0.01,48,36432,买盘
2306,11:27:12,7.58,--,112,84896,卖盘
2307,11:27:09,7.58,--,1,758,卖盘
2308,11:27:06,7.58,-0.01,5,3790,卖盘
2309,11:27:03,7.59,--,47,35673,买盘
2310,11:27:00,7.59,--,30,22770,买盘
2311,11:26:57,7.59,0.01,255,193545,买盘
2312,11:26:54,7.58,-0.01,45,34110,卖盘
2313,11:26:51,7.59,0.01,99,75141,买盘
2314,11:26:48,7.58,-0.01,103,78074,卖盘
2315,11:26:45,7.59,0.01,1022,775698,买盘
2316,11:26:42,7.58,-0.01,146,110668,卖盘
2317,11:26:39,7.59,0.01,58,44022,买盘
2318,11:26:33,7.58,-0.01,22,16676,卖盘
2319,11:26:30,7.59,0.01,94,71346,买盘
2320,11:26:27,7.58,--,598,453284,买盘
2321,11:26:21,7.58,--,23,17434,买盘
2322,11:26:18,7.58,0.01,67,50786,买盘
2323,11:26:15,7.57,-0.01,1873,1417861,卖盘
2324,11:26:09,7.58,--,96,72768,买盘
2325,11:26:06,7.58,0.02,760,576080,买盘
2326,11:26:03,7.56,-0.01,20,15120,卖盘
2327,11:26:00,7.57,--,97,73429,买盘
2328,11:25:57,7.57,--,155,117335,买盘
2329,11:25:54,7.57,--,232,175624,买盘
2330,11:25:51,7.57,--,608,460256,买盘
2331,11:25:48,7.57,0.01,45,34065,买盘
2332,11:25:42,7.56,-0.01,15,11340,卖盘
2333,11:25:39,7.57,--,6,4542,买盘
2334,11:25:36,7.57,--,66,49962,买盘
2335,11:25:33,7.57,0.01,46,34822,买盘
2336,11:25:30,7.56,-0.01,1,756,卖盘
2337,11:25:27,7.57,0.01,64,48448,买盘
2338,11:25:24,7.56,--,39,29484,卖盘
2339,11:25:21,7.56,--,10,7560,卖盘
2340,11:25:18,7.56,--,52,39312,卖盘
2341,11:25:15,7.56,--,223,168588,卖盘
2342,11:25:12,7.56,--,63,47628,卖盘
2343,11:25:09,7.56,-0.01,1,756,卖盘
2344,11:25:06,7.57,--,52,39364,买盘
2345,11:25:03,7.57,--,91,68887,买盘
2346,11:25:00,7.57,--,29,21953,买盘
2347,11:24:57,7.57,0.01,47,35579,买盘
2348,11:24:54,7.56,--,31,23436,卖盘
2349,11:24:51,7.56,--,139,105084,卖盘
2350,11:24:48,7.56,--,15,11340,卖盘
2351,11:24:45,7.56,--,19,14364,卖盘
2352,11:24:42,7.56,-0.01,30,22680,卖盘
2353,11:24:39,7.57,0.01,33,24981,买盘
2354,11:24:33,7.56,-0.01,1,756,卖盘
2355,11:24:30,7.57,--,23,17411,买盘
2356,11:24:27,7.57,0.01,63,47691,买盘
2357,11:24:24,7.56,--,18,13608,卖盘
2358,11:24:21,7.56,-0.01,67,50652,卖盘
2359,11:24:18,7.57,--,26,19682,买盘
2360,11:24:15,7.57,0.01,115,87055,买盘
2361,11:24:12,7.56,-0.01,1,756,卖盘
2362,11:24:09,7.57,0.01,23,17411,买盘
2363,11:24:06,7.56,--,32,24192,卖盘
2364,11:24:00,7.56,-0.01,28,21168,卖盘
2365,11:23:57,7.57,0.01,78,59046,买盘
2366,11:23:54,7.56,-0.01,45,34020,卖盘
2367,11:23:51,7.57,0.01,75,56775,买盘
2368,11:23:48,7.56,-0.01,2,1512,卖盘
2369,11:23:45,7.57,--,27,20439,买盘
2370,11:23:42,7.57,0.01,62,46934,买盘
2371,11:23:39,7.56,-0.01,163,123228,卖盘
2372,11:23:36,7.57,--,30,22710,买盘
2373,11:23:33,7.57,0.01,25,18925,买盘
2374,11:23:27,7.56,-0.01,2,1512,卖盘
2375,11:23:24,7.57,0.01,22,16654,买盘
2376,11:23:21,7.56,--,54,40824,卖盘
2377,11:23:18,7.56,--,48,36288,卖盘
2378,11:23:15,7.56,-0.01,8,6048,卖盘
2379,11:23:12,7.57,--,112,84784,买盘
2380,11:23:09,7.57,--,27,20439,买盘
2381,11:23:06,7.57,0.01,43,32551,买盘
2382,11:23:03,7.56,-0.01,56,42336,卖盘
2383,11:23:00,7.57,--,41,31037,买盘
2384,11:22:57,7.57,0.01,45,34065,买盘
2385,11:22:54,7.56,-0.01,1,756,卖盘
2386,11:22:51,7.57,0.01,27,20439,买盘
2387,11:22:48,7.56,--,28,21168,卖盘
2388,11:22:45,7.56,--,18,13608,卖盘
2389,11:22:42,7.56,-0.01,77,58212,卖盘
2390,11:22:39,7.57,--,77,58289,买盘
2391,11:22:36,7.57,--,24,18168,买盘
2392,11:22:30,7.57,--,21,15897,买盘
2393,11:22:27,7.57,--,34,25738,买盘
2394,11:22:24,7.57,0.01,32,24224,买盘
2395,11:22:18,7.56,--,22,16632,卖盘
2396,11:22:15,7.56,-0.01,29,21924,卖盘
2397,11:22:12,7.57,--,16,12112,买盘
2398,11:22:09,7.57,0.01,760,575320,买盘
2399,11:22:06,7.56,-0.01,27,20412,卖盘
2400,11:22:03,7.57,0.01,29,21953,买盘
2401,11:22:00,7.56,-0.01,90,68040,卖盘
2402,11:21:57,7.57,0.01,84,63588,买盘
2403,11:21:54,7.56,--,49,37044,卖盘
2404,11:21:51,7.56,-0.01,131,99036,卖盘
2405,11:21:45,7.57,0.01,30,22710,买盘
2406,11:21:42,7.56,-0.01,35,26460,卖盘
2407,11:21:39,7.57,0.01,34,25738,买盘
2408,11:21:36,7.56,-0.01,48,36288,卖盘
2409,11:21:33,7.57,--,44,33308,买盘
2410,11:21:30,7.57,--,28,21196,买盘
2411,11:21:27,7.57,0.01,283,214231,买盘
2412,11:21:24,7.56,--,98,74088,卖盘
2413,11:21:21,7.56,--,23,17388,卖盘
2414,11:21:18,7.56,-0.01,17,12852,卖盘
2415,11:21:12,7.57,--,72,54504,买盘
2416,11:21:09,7.57,--,24,18168,买盘
2417,11:21:06,7.57,--,5,3785,买盘
2418,11:21:03,7.57,0.01,20,15140,买盘
2419,11:21:00,7.56,-0.01,63,47628,卖盘
2420,11:20:57,7.57,0.01,72,54504,买盘
2421,11:20:54,7.56,0.01,31,23436,买盘
2422,11:20:51,7.55,--,51,38505,卖盘
2423,11:20:48,7.55,-0.02,18,13590,卖盘
2424,11:20:45,7.57,0.01,27,20439,买盘
2425,11:20:42,7.56,0.01,10,7560,买盘
2426,11:20:39,7.55,-0.01,68,51340,卖盘
2427,11:20:36,7.56,-0.01,99,74844,卖盘
2428,11:20:33,7.57,--,6,4542,买盘
2429,11:20:30,7.57,0.01,306,231642,买盘
2430,11:20:27,7.56,--,229,173124,卖盘
2431,11:20:24,7.56,--,81,61236,卖盘
2432,11:20:21,7.56,--,70,52920,卖盘
2433,11:20:18,7.56,0.01,184,139104,买盘
2434,11:20:15,7.55,--,262,197810,卖盘
2435,11:20:12,7.55,-0.01,13,9815,卖盘
2436,11:20:09,7.56,0.01,93,70308,买盘
2437,11:20:06,7.55,--,193,145715,卖盘
2438,11:20:03,7.55,-0.01,48,36240,卖盘
2439,11:20:00,7.56,--,104,78624,买盘
2440,11:19:57,7.56,--,60,45360,买盘
2441,11:19:54,7.56,0.01,40,30240,买盘
2442,11:19:51,7.55,--,32,24160,卖盘
2443,11:19:48,7.55,--,50,37750,卖盘
2444,11:19:45,7.55,-0.01,81,61155,卖盘
2445,11:19:42,7.56,0.01,31,23436,买盘
2446,11:19:39,7.55,--,95,71725,卖盘
2447,11:19:36,7.55,-0.01,18,13590,卖盘
2448,11:19:33,7.56,0.01,153,115668,买盘
2449,11:19:30,7.55,-0.01,122,92110,卖盘
2450,11:19:27,7.56,0.01,76,57456,买盘
2451,11:19:24,7.55,-0.01,110,83050,卖盘
2452,11:19:21,7.56,0.01,62,46872,买盘
2453,11:19:18,7.55,--,76,57380,卖盘
2454,11:19:15,7.55,-0.01,50,37750,卖盘
2455,11:19:12,7.56,--,22,16632,买盘
2456,11:19:09,7.56,--,37,27972,买盘
2457,11:19:06,7.56,0.01,81,61236,买盘
2458,11:19:03,7.55,--,40,30200,卖盘
2459,11:19:00,7.55,--,34,25670,卖盘
2460,11:18:57,7.55,-0.01,112,84560,卖盘
2461,11:18:54,7.56,0.01,27,20412,买盘
2462,11:18:51,7.55,-0.01,189,142695,卖盘
2463,11:18:48,7.56,--,26,19656,买盘
2464,11:18:42,7.56,--,6,4536,买盘
2465,11:18:39,7.56,--,97,73332,买盘
2466,11:18:36,7.56,--,2467,1865203,卖盘
2467,11:18:33,7.56,--,21,15876,卖盘
2468,11:18:30,7.56,-0.01,144,108864,卖盘
2469,11:18:27,7.57,0.01,137,103709,买盘
2470,11:18:24,7.56,-0.01,67,50652,卖盘
2471,11:18:21,7.57,0.01,5,3785,买盘
2472,11:18:18,7.56,-0.01,50,37800,卖盘
2473,11:18:15,7.57,--,47,35579,买盘
2474,11:18:12,7.57,0.01,24,18168,买盘
2475,11:18:09,7.56,-0.01,18,13608,卖盘
2476,11:18:06,7.57,--,24,18168,买盘
2477,11:18:00,7.57,--,24,18168,买盘
2478,11:17:57,7.57,0.01,55,41635,买盘
2479,11:17:54,7.56,--,79,59724,卖盘
2480,11:17:51,7.56,-0.01,102,77112,卖盘
2481,11:17:48,7.57,0.01,83,62831,买盘
2482,11:17:45,7.56,--,517,390852,卖盘
2483,11:17:42,7.56,--,46,34776,卖盘
2484,11:17:39,7.56,--,433,327348,卖盘
2485,11:17:36,7.56,--,1,756,卖盘
2486,11:17:33,7.56,-0.01,22,16632,卖盘
2487,11:17:30,7.57,--,6,4542,买盘
2488,11:17:27,7.57,0.01,33,24981,买盘
2489,11:17:21,7.56,--,121,91476,卖盘
2490,11:17:18,7.56,--,1392,1052352,卖盘
2491,11:17:15,7.56,--,843,637308,卖盘
2492,11:17:12,7.56,-0.01,11,8316,卖盘
2493,11:17:09,7.57,--,43,32551,买盘
2494,11:17:06,7.57,0.01,733,554881,买盘
2495,11:17:03,7.56,-0.01,37,27972,卖盘
2496,11:17:00,7.57,--,27,20439,买盘
2497,11:16:57,7.57,0.01,71,53747,买盘
2498,11:16:54,7.56,-0.01,2,1512,卖盘
2499,11:16:51,7.57,--,42,31794,买盘
2500,11:16:48,7.57,--,22,16654,买盘
2501,11:16:45,7.57,0.01,26,19682,买盘
2502,11:16:42,7.56,--,31,23436,卖盘
2503,11:16:39,7.56,-0.01,48,36288,卖盘
2504,11:16:36,7.57,--,19,14383,买盘
2505,11:16:33,7.57,0.01,82,62074,买盘
2506,11:16:30,7.56,-0.01,33,24948,卖盘
2507,11:16:27,7.57,--,95,71915,买盘
2508,11:16:24,7.57,--,1,757,买盘
2509,11:16:21,7.57,--,31,23467,卖盘
2510,11:16:18,7.57,-0.01,50,37850,中性盘
2511,11:16:15,7.58,--,106,80348,买盘
2512,11:16:12,7.58,0.01,23,17434,买盘
2513,11:16:09,7.57,-0.01,7,5299,卖盘
2514,11:16:06,7.58,--,19,14402,买盘
2515,11:16:03,7.58,--,842,638236,买盘
2516,11:16:00,7.58,0.01,22,16676,买盘
2517,11:15:57,7.57,-0.01,50,37850,卖盘
2518,11:15:54,7.58,0.01,42,31836,买盘
2519,11:15:51,7.57,--,76,57532,卖盘
2520,11:15:48,7.57,--,1573,1190761,卖盘
2521,11:15:45,7.57,-0.01,1,757,卖盘
2522,11:15:42,7.58,--,23,17434,买盘
2523,11:15:39,7.58,0.01,56,42448,买盘
2524,11:15:36,7.57,-0.01,1,757,卖盘
2525,11:15:33,7.58,0.01,8,6064,买盘
2526,11:15:30,7.57,-0.01,362,274034,卖盘
2527,11:15:27,7.58,0.01,22,16676,买盘
2528,11:15:24,7.57,-0.01,12,9084,卖盘
2529,11:15:21,7.58,--,1,758,买盘
2530,11:15:18,7.58,--,30,22740,买盘
2531,11:15:15,7.58,0.01,270,204660,买盘
2532,11:15:12,7.57,-0.01,2,1514,卖盘
2533,11:15:09,7.58,--,23,17434,买盘
2534,11:15:06,7.58,--,27,20466,买盘
2535,11:15:03,7.58,--,26,19708,买盘
2536,11:15:00,7.58,0.01,12,9096,买盘
2537,11:14:57,7.57,-0.01,117,88569,卖盘
2538,11:14:54,7.58,--,136,103088,买盘
2539,11:14:51,7.58,-0.01,9,6822,买盘
2540,11:14:48,7.59,0.01,305,231495,买盘
2541,11:14:45,7.58,--,24,18192,买盘
2542,11:14:42,7.58,--,60,45480,卖盘
2543,11:14:39,7.58,--,43,32594,卖盘
2544,11:14:36,7.58,--,900,682200,买盘
2545,11:14:33,7.58,--,8,6064,买盘
2546,11:14:30,7.58,0.01,26,19708,买盘
2547,11:14:27,7.57,--,1,757,卖盘
2548,11:14:24,7.57,-0.01,42,31794,卖盘
2549,11:14:21,7.58,0.01,23,17434,买盘
2550,11:14:18,7.57,--,2,1514,卖盘
2551,11:14:15,7.57,-0.01,7,5299,卖盘
2552,11:14:12,7.58,--,23,17434,买盘
2553,11:14:09,7.58,0.01,96,72768,买盘
2554,11:14:06,7.57,-0.01,40,30280,卖盘
2555,11:14:03,7.58,--,19,14402,买盘
2556,11:14:00,7.58,--,41,31078,买盘
2557,11:13:57,7.58,0.01,72,54576,买盘
2558,11:13:54,7.57,-0.01,6,4542,卖盘
2559,11:13:51,7.58,0.01,21,15918,买盘
2560,11:13:48,7.57,--,55,41635,卖盘
2561,11:13:45,7.57,-0.01,2,1514,卖盘
2562,11:13:39,7.58,--,69,52302,买盘
2563,11:13:36,7.58,0.01,46,34868,买盘
2564,11:13:33,7.57,-0.01,69,52233,卖盘
2565,11:13:30,7.58,--,33,25014,买盘
2566,11:13:27,7.58,--,21,15918,买盘
2567,11:13:24,7.58,0.01,692,524536,买盘
2568,11:13:21,7.57,--,2305,1744885,卖盘
2569,11:13:18,7.57,-0.01,734,555638,卖盘
2570,11:13:15,7.58,0.01,118,89444,买盘
2571,11:13:09,7.57,-0.01,2,1514,卖盘
2572,11:13:06,7.58,--,28,21224,买盘
2573,11:13:03,7.58,--,164,124312,买盘
2574,11:13:00,7.58,--,7,5306,买盘
2575,11:12:57,7.58,--,119,90202,买盘
2576,11:12:54,7.58,--,1,758,买盘
2577,11:12:51,7.58,0.01,25,18950,买盘
2578,11:12:48,7.57,-0.01,2,1514,卖盘
2579,11:12:45,7.58,--,28,21224,买盘
2580,11:12:42,7.58,0.01,39,29562,买盘
2581,11:12:36,7.57,-0.01,42,31794,卖盘
2582,11:12:33,7.58,0.01,59,44722,买盘
2583,11:12:30,7.57,--,337,255109,卖盘
2584,11:12:27,7.57,-0.01,6,4542,卖盘
2585,11:12:24,7.58,--,23,17434,买盘
2586,11:12:21,7.58,--,5,3790,买盘
2587,11:12:18,7.58,--,123,93234,买盘
2588,11:12:15,7.58,--,5,3790,买盘
2589,11:12:12,7.58,--,23,17434,买盘
2590,11:12:09,7.58,--,48,36384,买盘
2591,11:12:06,7.58,0.01,121,91718,买盘
2592,11:12:03,7.57,-0.01,4,3028,卖盘
2593,11:12:00,7.58,--,20,15160,买盘
2594,11:11:57,7.58,--,80,60640,买盘
2595,11:11:54,7.58,0.01,238,180404,买盘
2596,11:11:51,7.57,-0.01,45,34065,卖盘
2597,11:11:48,7.58,--,233,176614,买盘
2598,11:11:45,7.58,--,5,3790,买盘
2599,11:11:42,7.58,--,123,93234,买盘
2600,11:11:39,7.58,--,25,18950,买盘
2601,11:11:36,7.58,--,63,47754,买盘
2602,11:11:33,7.58,0.01,1,758,买盘
2603,11:11:30,7.57,-0.01,3,2271,卖盘
2604,11:11:27,7.58,--,68,51544,买盘
2605,11:11:24,7.58,0.01,50,37900,买盘
2606,11:11:18,7.57,-0.01,32,24224,卖盘
2607,11:11:15,7.58,0.01,330,250140,买盘
2608,11:11:12,7.57,--,31,23467,卖盘
2609,11:11:09,7.57,-0.01,2,1514,卖盘
2610,11:11:06,7.58,--,23,17434,买盘
2611,11:11:03,7.58,--,23,17434,买盘
2612,11:11:00,7.58,--,16,12128,买盘
2613,11:10:57,7.58,--,540,409320,买盘
2614,11:10:54,7.58,0.01,22,16676,买盘
2615,11:10:51,7.57,-0.01,40,30280,卖盘
2616,11:10:48,7.58,0.01,1,758,买盘
2617,11:10:45,7.57,-0.01,22,16654,卖盘
2618,11:10:42,7.58,--,15,11370,买盘
2619,11:10:39,7.58,--,68,51544,买盘
2620,11:10:36,7.58,0.01,36,27288,买盘
2621,11:10:33,7.57,-0.01,67,50719,卖盘
2622,11:10:30,7.58,--,126,95508,买盘
2623,11:10:24,7.58,--,6,4548,买盘
2624,11:10:21,7.58,--,114,86412,买盘
2625,11:10:18,7.58,--,85,64430,买盘
2626,11:10:15,7.58,0.01,23,17434,买盘
2627,11:10:12,7.57,-0.01,42,31794,卖盘
2628,11:10:09,7.58,0.01,27,20466,买盘
2629,11:10:06,7.57,-0.01,17,12869,卖盘
2630,11:10:03,7.58,--,1,758,买盘
2631,11:10:00,7.58,--,24,18192,买盘
2632,11:09:57,7.58,--,168,127344,买盘
2633,11:09:51,7.58,--,2,1516,买盘
2634,11:09:48,7.58,--,23,17434,买盘
2635,11:09:45,7.58,--,26,19708,买盘
2636,11:09:42,7.58,--,3,2274,买盘
2637,11:09:39,7.58,--,41,31078,买盘
2638,11:09:36,7.58,--,42,31836,买盘
2639,11:09:33,7.58,0.01,180,136440,买盘
2640,11:09:27,7.57,-0.01,9,6813,卖盘
2641,11:09:24,7.58,--,22,16676,买盘
2642,11:09:18,7.58,--,5,3790,买盘
2643,11:09:15,7.58,--,52,39416,买盘
2644,11:09:12,7.58,--,70,53060,买盘
2645,11:09:06,7.58,--,67,50786,买盘
2646,11:09:03,7.58,--,27,20466,买盘
2647,11:09:00,7.58,--,28,21224,买盘
2648,11:08:57,7.58,--,72,54576,买盘
2649,11:08:54,7.58,0.01,20,15160,买盘
2650,11:08:51,7.57,-0.01,1,757,卖盘
2651,11:08:48,7.58,--,27,20466,买盘
2652,11:08:45,7.58,--,4,3032,买盘
2653,11:08:42,7.58,--,24,18192,买盘
2654,11:08:39,7.58,--,29,21982,买盘
2655,11:08:36,7.58,--,39,29562,买盘
2656,11:08:30,7.58,0.01,29,21982,买盘
2657,11:08:27,7.57,--,120,90840,卖盘
2658,11:08:24,7.57,--,35,26495,卖盘
2659,11:08:21,7.57,--,21,15897,卖盘
2660,11:08:18,7.57,-0.01,2,1514,卖盘
2661,11:08:15,7.58,--,55,41690,买盘
2662,11:08:12,7.58,0.01,57,43206,买盘
2663,11:08:09,7.57,-0.01,128,96896,卖盘
2664,11:08:03,7.58,--,25,18950,买盘
2665,11:07:57,7.58,0.01,80,60640,买盘
2666,11:07:54,7.57,-0.01,35,26495,卖盘
2667,11:07:48,7.58,0.01,20,15160,买盘
2668,11:07:45,7.57,-0.01,2,1514,卖盘
2669,11:07:42,7.58,--,37,28046,买盘
2670,11:07:39,7.58,0.01,13,9854,买盘
2671,11:07:36,7.57,-0.01,553,418621,卖盘
2672,11:07:33,7.58,0.01,61,46238,买盘
2673,11:07:30,7.57,-0.01,379,286903,卖盘
2674,11:07:27,7.58,-0.01,10,7580,卖盘
2675,11:07:24,7.59,0.01,29,22011,买盘
2676,11:07:18,7.58,--,30,22740,卖盘
2677,11:07:15,7.58,--,32,24256,卖盘
2678,11:07:12,7.58,-0.01,35,26530,卖盘
2679,11:07:03,7.59,--,23,17457,买盘
2680,11:07:00,7.59,--,5,3795,买盘
2681,11:06:57,7.59,--,53,40227,买盘
2682,11:06:51,7.59,0.01,24,18216,买盘
2683,11:06:48,7.58,-0.01,20,15160,卖盘
2684,11:06:42,7.59,0.01,21,15939,买盘
2685,11:06:39,7.58,-0.01,1,758,卖盘
2686,11:06:36,7.59,0.01,44,33396,买盘
2687,11:06:33,7.58,-0.01,1,758,卖盘
2688,11:06:30,7.59,0.01,25,18975,买盘
2689,11:06:27,7.58,-0.01,42,31836,卖盘
2690,11:06:21,7.59,--,11,8349,买盘
2691,11:06:18,7.59,0.01,401,304359,买盘
2692,11:06:12,7.58,-0.01,106,80348,卖盘
2693,11:06:09,7.59,0.01,22,16698,买盘
2694,11:06:06,7.58,-0.01,23,17434,卖盘
2695,11:06:03,7.59,0.01,920,698280,买盘
2696,11:06:00,7.58,-0.01,7,5306,卖盘
2697,11:05:57,7.59,0.01,78,59202,买盘
2698,11:05:54,7.58,--,2,1516,卖盘
2699,11:05:51,7.58,-0.01,20,15160,卖盘
2700,11:05:48,7.59,0.01,40,30360,买盘
2701,11:05:45,7.58,-0.01,1022,774676,卖盘
2702,11:05:42,7.59,--,8,6072,买盘
2703,11:05:39,7.59,--,294,223146,买盘
2704,11:05:36,7.59,0.01,69,52371,买盘
2705,11:05:33,7.58,--,2,1516,卖盘
2706,11:05:30,7.58,-0.01,10,7580,卖盘
2707,11:05:27,7.59,--,6,4554,买盘
2708,11:05:24,7.59,0.01,20,15180,买盘
2709,11:05:21,7.58,--,8,6064,卖盘
2710,11:05:18,7.58,--,193,146294,卖盘
2711,11:05:15,7.58,--,4,3032,卖盘
2712,11:05:12,7.58,--,34,25772,卖盘
2713,11:05:09,7.58,-0.01,17,12886,卖盘
2714,11:05:06,7.59,--,8,6072,买盘
2715,11:05:03,7.59,0.01,27,20493,买盘
2716,11:05:00,7.58,-0.01,22,16676,卖盘
2717,11:04:57,7.59,0.01,45,34155,买盘
2718,11:04:54,7.58,-0.01,62,46996,卖盘
2719,11:04:51,7.59,0.01,21,15939,买盘
2720,11:04:48,7.58,--,40,30320,卖盘
2721,11:04:45,7.58,--,34,25772,卖盘
2722,11:04:42,7.58,-0.01,4,3032,卖盘
2723,11:04:39,7.59,--,33,25047,买盘
2724,11:04:36,7.59,--,244,185196,买盘
2725,11:04:33,7.59,0.01,213,161667,买盘
2726,11:04:30,7.58,--,73,55334,卖盘
2727,11:04:27,7.58,--,2,1516,卖盘
2728,11:04:21,7.58,-0.01,10,7580,卖盘
2729,11:04:18,7.59,0.01,20,15180,买盘
2730,11:04:15,7.58,--,16,12128,卖盘
2731,11:04:09,7.58,-0.01,18,13644,卖盘
2732,11:04:06,7.59,0.01,41,31119,买盘
2733,11:04:03,7.58,--,2,1516,卖盘
2734,11:04:00,7.58,-0.01,1,758,卖盘
2735,11:03:57,7.59,0.01,69,52371,买盘
2736,11:03:54,7.58,-0.01,1,758,卖盘
2737,11:03:48,7.59,--,14,10626,买盘
2738,11:03:45,7.59,0.01,232,176088,买盘
2739,11:03:42,7.58,-0.01,8,6064,卖盘
2740,11:03:36,7.59,--,31,23529,买盘
2741,11:03:33,7.59,0.01,62,47058,买盘
2742,11:03:30,7.58,--,22,16676,卖盘
2743,11:03:27,7.58,--,98,74284,卖盘
2744,11:03:24,7.58,--,45,34110,卖盘
2745,11:03:21,7.58,--,1,758,卖盘
2746,11:03:18,7.58,--,3,2274,卖盘
2747,11:03:12,7.58,--,175,132650,卖盘
2748,11:03:09,7.58,-0.01,2,1516,卖盘
2749,11:03:06,7.59,0.01,23,17457,买盘
2750,11:03:03,7.58,-0.01,44,33352,卖盘
2751,11:03:00,7.59,--,51,38709,买盘
2752,11:02:57,7.59,0.01,57,43263,买盘
2753,11:02:54,7.58,--,6,4548,卖盘
2754,11:02:51,7.58,--,10,7580,卖盘
2755,11:02:48,7.58,--,41,31078,卖盘
2756,11:02:45,7.58,-0.01,15,11370,卖盘
2757,11:02:42,7.59,0.01,7,5313,买盘
2758,11:02:39,7.58,--,154,116732,卖盘
2759,11:02:36,7.58,--,3,2274,卖盘
2760,11:02:33,7.58,--,37,28046,卖盘
2761,11:02:30,7.58,-0.01,126,95508,卖盘
2762,11:02:27,7.59,--,21,15939,买盘
2763,11:02:24,7.59,--,13,9867,买盘
2764,11:02:21,7.59,--,490,371910,买盘
2765,11:02:18,7.59,--,21,15939,买盘
2766,11:02:15,7.59,0.01,31,23529,买盘
2767,11:02:12,7.58,--,76,57608,卖盘
2768,11:02:06,7.58,--,21,15918,卖盘
2769,11:02:03,7.58,-0.01,22,16676,卖盘
2770,11:01:57,7.59,0.01,77,58443,买盘
2771,11:01:54,7.58,--,315,238770,卖盘
2772,11:01:51,7.58,-0.01,3,2274,卖盘
2773,11:01:42,7.59,0.01,31,23529,买盘
2774,11:01:39,7.58,-0.01,104,78832,卖盘
2775,11:01:36,7.59,--,560,425040,买盘
2776,11:01:33,7.59,0.01,55,41745,买盘
2777,11:01:30,7.58,--,10,7580,卖盘
2778,11:01:27,7.58,-0.01,2,1516,卖盘
2779,11:01:24,7.59,0.01,5,3795,买盘
2780,11:01:21,7.58,--,60,45480,卖盘
2781,11:01:18,7.58,--,6,4548,卖盘
2782,11:01:15,7.58,--,39,29562,卖盘
2783,11:01:12,7.58,--,41,31078,卖盘
2784,11:01:09,7.58,--,96,72768,卖盘
2785,11:01:06,7.58,--,820,621560,买盘
2786,11:01:03,7.58,--,158,119764,买盘
2787,11:01:00,7.58,--,34,25772,买盘
2788,11:00:57,7.58,0.01,45,34110,买盘
2789,11:00:54,7.57,--,6,4542,卖盘
2790,11:00:51,7.57,-0.01,29,21953,卖盘
2791,11:00:48,7.58,0.01,45,34110,买盘
2792,11:00:45,7.57,--,1,757,卖盘
2793,11:00:39,7.57,-0.01,2,1514,卖盘
2794,11:00:36,7.58,--,51,38658,买盘
2795,11:00:33,7.58,--,142,107636,买盘
2796,11:00:30,7.58,0.01,5,3790,买盘
2797,11:00:27,7.57,--,33,24981,卖盘
2798,11:00:24,7.57,--,66,49962,卖盘
2799,11:00:21,7.57,--,1,757,卖盘
2800,11:00:18,7.57,--,20,15140,卖盘
2801,11:00:15,7.57,-0.01,72,54504,卖盘
2802,11:00:12,7.58,--,51,38658,买盘
2803,11:00:06,7.58,0.01,6,4548,买盘
2804,11:00:03,7.57,--,46,34822,卖盘
2805,11:00:00,7.57,--,10,7570,卖盘
2806,10:59:57,7.57,--,84,63588,卖盘
2807,10:59:54,7.57,-0.01,38,28766,卖盘
2808,10:59:51,7.58,0.01,25,18950,买盘
2809,10:59:48,7.57,--,11,8327,卖盘
2810,10:59:45,7.57,-0.01,3,2271,卖盘
2811,10:59:42,7.58,--,41,31078,买盘
2812,10:59:39,7.58,--,2,1516,买盘
2813,10:59:36,7.58,0.01,6,4548,买盘
2814,10:59:33,7.57,-0.01,25,18925,卖盘
2815,10:59:30,7.58,0.01,43,32594,买盘
2816,10:59:27,7.57,--,2,1514,卖盘
2817,10:59:21,7.57,-0.01,48,36336,卖盘
2818,10:59:18,7.58,0.01,90,68220,买盘
2819,10:59:15,7.57,-0.01,1,757,卖盘
2820,10:59:12,7.58,--,5,3790,买盘
2821,10:59:09,7.58,0.01,45,34110,中性盘
2822,10:59:03,7.57,-0.01,2,1514,卖盘
2823,10:59:00,7.58,-0.01,3,2274,卖盘
2824,10:58:57,7.59,0.02,87,66033,买盘
2825,10:58:54,7.57,--,2,1514,卖盘
2826,10:58:51,7.57,--,1,757,卖盘
2827,10:58:48,7.57,-0.02,62,46934,卖盘
2828,10:58:45,7.59,0.02,21,15939,买盘
2829,10:58:42,7.57,-0.01,21,15897,卖盘
2830,10:58:39,7.58,-0.01,28,21224,卖盘
2831,10:58:36,7.59,0.01,304,230736,买盘
2832,10:58:33,7.58,--,42,31836,卖盘
2833,10:58:30,7.58,-0.01,3,2274,中性盘
2834,10:58:27,7.59,--,25,18975,买盘
2835,10:58:24,7.59,0.02,138,104742,买盘
2836,10:58:21,7.57,--,1,757,卖盘
2837,10:58:18,7.57,-0.02,11,8327,卖盘
2838,10:58:15,7.59,0.02,74,56166,买盘
2839,10:58:12,7.57,--,73,55261,卖盘
2840,10:58:09,7.57,-0.01,123,93111,卖盘
2841,10:58:06,7.58,--,150,113700,买盘
2842,10:58:03,7.58,--,45,34110,买盘
2843,10:58:00,7.58,0.01,33,25014,买盘
2844,10:57:57,7.57,-0.01,47,35579,卖盘
