,time,price,change,volume,amount,type
0,15:00:03,11.9,-0.01,3126,3720499,卖盘
1,14:57:00,11.91,0.01,8,9528,买盘
2,14:56:57,11.9,--,119,141610,卖盘
3,14:56:54,11.9,--,193,229670,卖盘
4,14:56:48,11.9,--,158,188020,卖盘
5,14:56:45,11.9,-0.01,7,8330,卖盘
6,14:56:42,11.91,0.01,91,108381,买盘
7,14:56:39,11.9,0.02,2399,2855845,买盘
8,14:56:36,11.88,--,246,292248,卖盘
9,14:56:33,11.88,--,266,316506,卖盘
10,14:56:30,11.88,--,16,19008,卖盘
11,14:56:27,11.88,--,10,11880,卖盘
12,14:56:24,11.88,-0.01,10,12248,卖盘
13,14:56:21,11.89,0.01,25,29725,买盘
14,14:56:18,11.88,--,212,251856,卖盘
15,14:56:15,11.88,--,3,3564,卖盘
16,14:56:12,11.88,--,3,3564,卖盘
17,14:56:09,11.88,--,100,118800,卖盘
18,14:56:06,11.88,--,267,317196,买盘
19,14:56:03,11.88,--,48,57024,卖盘
20,14:56:00,11.88,--,33,39204,中性盘
21,14:55:57,11.88,--,10,11880,卖盘
22,14:55:51,11.88,--,140,166320,卖盘
23,14:55:48,11.88,--,43,51084,卖盘
24,14:55:45,11.88,--,10,11880,卖盘
25,14:55:42,11.88,--,64,76032,卖盘
26,14:55:39,11.88,--,244,289872,卖盘
27,14:55:36,11.88,--,13,15444,卖盘
28,14:55:33,11.88,-0.01,90,106920,卖盘
29,14:55:30,11.89,0.01,40,47560,买盘
30,14:55:27,11.88,--,26,30888,卖盘
31,14:55:24,11.88,-0.01,5,5940,卖盘
32,14:55:21,11.89,0.01,10,11890,买盘
33,14:55:18,11.88,-0.01,40,47520,卖盘
34,14:55:15,11.89,0.01,160,190240,买盘
35,14:55:12,11.88,-0.01,59,70911,卖盘
36,14:55:09,11.89,0.01,35,41615,买盘
37,14:55:06,11.88,-0.01,742,881496,卖盘
38,14:55:03,11.89,--,3,3567,买盘
39,14:55:00,11.89,--,5,5945,买盘
40,14:54:57,11.89,--,150,178350,买盘
41,14:54:51,11.89,--,19,22591,买盘
42,14:54:48,11.89,0.01,7,8323,买盘
43,14:54:45,11.88,-0.01,2,2839,卖盘
44,14:54:42,11.89,--,58,68962,买盘
45,14:54:39,11.89,0.01,52,61828,买盘
46,14:54:36,11.88,-0.01,111,131868,卖盘
47,14:54:33,11.89,--,97,115333,买盘
48,14:54:30,11.89,--,69,82041,买盘
49,14:54:27,11.89,--,5,5945,买盘
50,14:54:24,11.89,0.01,13,15457,买盘
51,14:54:21,11.88,-0.01,23,27324,卖盘
52,14:54:18,11.89,--,132,156948,买盘
53,14:54:15,11.89,0.01,104,123656,买盘
54,14:54:09,11.88,--,756,898128,卖盘
55,14:54:06,11.88,--,3,3564,卖盘
56,14:54:03,11.88,-0.01,4,5215,卖盘
57,14:54:00,11.89,--,34,40426,买盘
58,14:53:57,11.89,0.01,33,39237,买盘
59,14:53:54,11.88,--,223,264924,卖盘
60,14:53:45,11.88,-0.01,33,39667,卖盘
61,14:53:42,11.89,--,163,193807,买盘
62,14:53:39,11.89,0.01,501,595689,买盘
63,14:53:36,11.88,-0.01,1,1188,卖盘
64,14:53:33,11.89,0.01,11,13079,买盘
65,14:53:30,11.88,--,1,1188,卖盘
66,14:53:27,11.88,--,20,23760,卖盘
67,14:53:24,11.88,--,26,30888,卖盘
68,14:53:18,11.88,--,0,795,卖盘
69,14:53:15,11.88,--,42,50347,卖盘
70,14:53:12,11.88,--,233,277730,买盘
71,14:53:09,11.88,--,11,13792,卖盘
72,14:53:06,11.88,0.01,15,18283,买盘
73,14:53:03,11.87,--,1,1187,卖盘
74,14:53:00,11.87,-0.01,12,14968,卖盘
75,14:52:57,11.88,0.01,961,1142131,买盘
76,14:52:54,11.87,--,11,13057,卖盘
77,14:52:51,11.87,--,7,8309,卖盘
78,14:52:48,11.87,--,292,346604,卖盘
79,14:52:45,11.87,--,71,84277,卖盘
80,14:52:39,11.87,--,186,220782,卖盘
81,14:52:36,11.87,-0.01,10,11870,卖盘
82,14:52:33,11.88,0.01,42,49896,买盘
83,14:52:30,11.87,-0.01,92,109666,卖盘
84,14:52:27,11.88,--,5,5940,买盘
85,14:52:24,11.88,0.01,120,142560,买盘
86,14:52:21,11.87,--,2,2836,卖盘
87,14:52:15,11.87,-0.01,3,3560,卖盘
88,14:52:12,11.88,0.01,30,35640,买盘
89,14:52:09,11.87,--,9,10683,卖盘
90,14:52:06,11.87,--,94,111577,卖盘
91,14:52:03,11.87,-0.01,10,11870,卖盘
92,14:51:57,11.88,0.01,65,77220,买盘
93,14:51:54,11.87,-0.01,5,5935,卖盘
94,14:51:51,11.88,--,135,160380,买盘
95,14:51:48,11.88,0.01,65,77220,买盘
96,14:51:45,11.87,-0.01,12,14695,卖盘
97,14:51:42,11.88,--,30,35640,买盘
98,14:51:39,11.88,0.01,105,124740,买盘
99,14:51:36,11.87,-0.01,13,15893,卖盘
100,14:51:33,11.88,0.01,37,43956,买盘
101,14:51:30,11.87,--,5,5935,卖盘
102,14:51:24,11.87,-0.01,2,2374,卖盘
103,14:51:21,11.88,0.01,3,3564,买盘
104,14:51:18,11.87,--,10,11870,卖盘
105,14:51:15,11.87,-0.01,17,20641,卖盘
106,14:51:12,11.88,--,4,4752,买盘
107,14:51:09,11.88,--,16,19008,买盘
108,14:51:06,11.88,--,66,78408,买盘
109,14:51:00,11.88,--,13,15444,买盘
110,14:50:57,11.88,-0.01,50,60124,卖盘
111,14:50:54,11.89,0.01,19,22591,买盘
112,14:50:51,11.88,-0.01,58,68904,卖盘
113,14:50:48,11.89,0.01,5,6408,买盘
114,14:50:45,11.88,-0.01,38,45144,卖盘
115,14:50:42,11.89,0.01,12,14268,买盘
116,14:50:39,11.88,-0.01,34,40392,卖盘
117,14:50:36,11.89,-0.01,10,11890,中性盘
118,14:50:33,11.9,0.01,6,7140,买盘
119,14:50:30,11.89,-0.01,1,1926,卖盘
120,14:50:27,11.9,--,20,24252,买盘
121,14:50:24,11.9,--,30,35700,买盘
122,14:50:18,11.9,--,15,17850,买盘
123,14:50:15,11.9,0.01,77,91630,买盘
124,14:50:12,11.89,-0.01,41,48749,中性盘
125,14:50:06,11.9,--,1162,1383101,卖盘
126,14:50:03,11.9,--,131,155890,卖盘
127,14:50:00,11.9,--,214,254660,卖盘
128,14:49:57,11.9,-0.01,192,228480,卖盘
129,14:49:54,11.91,--,42,50486,买盘
130,14:49:51,11.91,0.01,11,13101,买盘
131,14:49:48,11.9,-0.01,21,24990,卖盘
132,14:49:45,11.91,0.01,1,1191,买盘
133,14:49:42,11.9,--,50,59500,卖盘
134,14:49:39,11.9,--,32,38080,卖盘
135,14:49:33,11.9,--,426,507130,卖盘
136,14:49:30,11.9,0.05,3323,3954584,买盘
137,14:49:27,11.85,--,49,58065,卖盘
138,14:49:24,11.85,--,82,97632,卖盘
139,14:49:21,11.85,-0.01,52,61620,卖盘
140,14:49:18,11.86,0.01,7,8302,买盘
141,14:49:15,11.85,--,26,30810,卖盘
142,14:49:09,11.85,-0.01,54,63990,卖盘
143,14:49:06,11.86,--,4,4744,买盘
144,14:49:03,11.86,--,73,86578,卖盘
145,14:48:57,11.86,0.02,29,34394,买盘
146,14:48:54,11.84,-0.02,24,28416,卖盘
147,14:48:51,11.86,--,8,9488,买盘
148,14:48:45,11.86,0.02,5,6024,买盘
149,14:48:42,11.84,-0.01,126,149184,卖盘
150,14:48:39,11.85,0.02,42,49770,卖盘
151,14:48:36,11.83,-0.05,1013,1198379,卖盘
152,14:48:33,11.88,0.04,5098,6056424,买盘
153,14:48:30,11.84,--,170,201280,买盘
154,14:48:27,11.84,--,486,575424,买盘
155,14:48:24,11.84,--,294,348096,买盘
156,14:48:21,11.84,--,57,67488,买盘
157,14:48:18,11.84,0.01,529,626336,买盘
158,14:48:15,11.83,-0.01,67,79343,卖盘
159,14:48:12,11.84,--,207,245088,买盘
160,14:48:09,11.84,--,114,135804,买盘
161,14:48:06,11.84,--,90,106560,买盘
162,14:48:03,11.84,--,34,40256,买盘
163,14:48:00,11.84,--,27,31968,买盘
164,14:47:57,11.84,--,240,284160,买盘
165,14:47:54,11.84,--,140,166588,买盘
166,14:47:51,11.84,--,205,242720,买盘
167,14:47:48,11.84,--,222,262848,买盘
168,14:47:45,11.84,--,62,73408,卖盘
169,14:47:42,11.84,0.01,1,1184,卖盘
170,14:47:39,11.83,-0.01,914,1081262,卖盘
171,14:47:36,11.84,--,10,11934,卖盘
172,14:47:33,11.84,--,121,143264,卖盘
173,14:47:30,11.84,--,33,39072,卖盘
174,14:47:27,11.84,--,18,21312,卖盘
175,14:47:24,11.84,--,4,5576,卖盘
176,14:47:21,11.84,--,427,505568,卖盘
177,14:47:18,11.84,-0.01,31,36704,卖盘
178,14:47:12,11.85,0.01,301,356685,买盘
179,14:47:09,11.84,--,8,9472,卖盘
180,14:47:06,11.84,-0.01,426,504384,卖盘
181,14:47:03,11.85,0.01,337,399439,买盘
182,14:47:00,11.84,--,41,48544,卖盘
183,14:46:57,11.84,--,206,243904,卖盘
184,14:46:54,11.84,-0.01,2,2368,卖盘
185,14:46:51,11.85,0.01,16,18960,买盘
186,14:46:45,11.84,-0.01,136,161379,卖盘
187,14:46:42,11.85,--,77,91245,卖盘
188,14:46:39,11.85,--,224,265440,卖盘
189,14:46:36,11.85,0.01,227,269824,买盘
190,14:46:33,11.84,--,3,3634,卖盘
191,14:46:30,11.84,-0.01,454,537547,卖盘
192,14:46:27,11.85,--,168,199080,卖盘
193,14:46:24,11.85,-0.01,369,437265,卖盘
194,14:46:21,11.86,0.01,28,33208,买盘
195,14:46:18,11.85,--,12,14220,卖盘
196,14:46:15,11.85,--,238,282030,卖盘
197,14:46:12,11.85,--,87,103095,卖盘
198,14:46:09,11.85,--,1231,1459908,卖盘
199,14:46:06,11.85,-0.01,5,5925,卖盘
200,14:46:03,11.86,--,28,33208,买盘
201,14:46:00,11.86,--,486,576502,卖盘
202,14:45:57,11.86,--,435,515910,卖盘
203,14:45:54,11.86,--,242,287012,卖盘
204,14:45:51,11.86,--,56,67246,卖盘
205,14:45:48,11.86,--,117,138762,卖盘
206,14:45:45,11.86,-0.01,12,14232,卖盘
207,14:45:42,11.87,0.01,15,17805,买盘
208,14:45:39,11.86,--,3,3652,卖盘
209,14:45:36,11.86,--,123,146720,卖盘
210,14:45:33,11.86,-0.01,10,11860,卖盘
211,14:45:30,11.87,0.01,149,176863,买盘
212,14:45:27,11.86,-0.01,36,42696,卖盘
213,14:45:24,11.87,0.01,60,71220,买盘
214,14:45:21,11.86,-0.01,10,11860,卖盘
215,14:45:18,11.87,0.01,100,118699,买盘
216,14:45:15,11.86,-0.01,607,720210,卖盘
217,14:45:12,11.87,--,30,35610,卖盘
218,14:45:09,11.87,-0.01,224,266718,卖盘
219,14:45:06,11.88,0.01,82,97416,买盘
220,14:45:03,11.87,0.01,14,16665,买盘
221,14:45:00,11.86,-0.01,23,28416,卖盘
222,14:44:57,11.87,0.01,311,369204,买盘
223,14:44:54,11.86,--,8,10330,卖盘
224,14:44:51,11.86,-0.01,1,1186,卖盘
225,14:44:48,11.87,--,122,144849,卖盘
226,14:44:42,11.87,0.01,511,607708,买盘
227,14:44:39,11.86,--,32,38782,卖盘
228,14:44:36,11.86,--,59,69974,卖盘
229,14:44:27,11.86,--,37,43882,卖盘
230,14:44:24,11.86,-0.01,91,107926,卖盘
231,14:44:21,11.87,0.01,512,607744,买盘
232,14:44:18,11.86,--,70,83020,卖盘
233,14:44:15,11.86,--,14,17446,卖盘
234,14:44:09,11.86,--,4,4744,卖盘
235,14:44:06,11.86,--,143,169598,卖盘
236,14:44:03,11.86,-0.01,56,66510,卖盘
237,14:44:00,11.87,--,85,100895,买盘
238,14:43:57,11.87,0.01,18,21366,买盘
239,14:43:54,11.86,-0.01,20,23720,卖盘
240,14:43:51,11.87,0.01,3,4403,买盘
241,14:43:48,11.86,--,11,13046,卖盘
242,14:43:45,11.86,--,236,279896,卖盘
243,14:43:42,11.86,--,32,37952,卖盘
244,14:43:39,11.86,--,100,118600,卖盘
245,14:43:36,11.86,--,31,36860,卖盘
246,14:43:30,11.86,--,2,3202,卖盘
247,14:43:27,11.86,--,126,149436,卖盘
248,14:43:21,11.86,-0.01,34,40324,卖盘
249,14:43:18,11.87,0.01,30,35610,买盘
250,14:43:15,11.86,--,20,23720,卖盘
251,14:43:12,11.86,--,12,15168,卖盘
252,14:43:09,11.86,--,108,128088,卖盘
253,14:43:06,11.86,--,1,1186,卖盘
254,14:43:03,11.86,-0.01,268,317848,卖盘
255,14:43:00,11.87,--,753,893846,卖盘
256,14:42:57,11.87,--,90,106830,卖盘
257,14:42:54,11.87,--,11,13887,卖盘
258,14:42:51,11.87,--,5,5935,卖盘
259,14:42:48,11.87,--,320,379840,卖盘
260,14:42:45,11.87,--,87,103269,卖盘
261,14:42:42,11.87,--,7,8309,卖盘
262,14:42:39,11.87,--,37,43919,卖盘
263,14:42:36,11.87,--,8,10338,卖盘
264,14:42:33,11.87,--,22,26114,卖盘
265,14:42:30,11.87,--,5,6018,卖盘
266,14:42:27,11.87,--,9,10683,卖盘
267,14:42:24,11.87,-0.01,270,320490,卖盘
268,14:42:21,11.88,--,282,335016,买盘
269,14:42:18,11.88,--,1,1188,买盘
270,14:42:15,11.88,0.01,4,4752,买盘
271,14:42:12,11.87,--,2,3204,卖盘
272,14:42:09,11.87,-0.01,119,141253,卖盘
273,14:42:06,11.88,0.01,233,276804,买盘
274,14:42:03,11.87,-0.01,10,11870,卖盘
275,14:42:00,11.88,0.01,11,13068,买盘
276,14:41:57,11.87,0.01,203,241898,买盘
277,14:41:54,11.86,-0.01,621,736506,卖盘
278,14:41:45,11.87,-0.01,23,27301,卖盘
279,14:41:42,11.88,0.01,66,78408,买盘
280,14:41:39,11.87,--,113,134225,卖盘
281,14:41:36,11.87,--,2,3204,卖盘
282,14:41:33,11.87,--,396,470989,买盘
283,14:41:30,11.87,-0.01,603,716010,卖盘
284,14:41:27,11.88,--,281,333828,买盘
285,14:41:24,11.88,0.01,55,65340,买盘
286,14:41:21,11.87,--,10,11870,卖盘
287,14:41:18,11.87,--,202,240616,卖盘
288,14:41:12,11.87,-0.01,7,8309,卖盘
289,14:41:06,11.88,0.01,3,3564,买盘
290,14:41:03,11.87,-0.01,10,11870,卖盘
291,14:41:00,11.88,-0.01,118,140659,卖盘
292,14:40:57,11.89,--,16,19107,买盘
293,14:40:54,11.89,0.01,6,7134,买盘
294,14:40:48,11.88,--,18,21384,卖盘
295,14:40:45,11.88,--,121,143748,卖盘
296,14:40:42,11.88,--,7,8316,卖盘
297,14:40:39,11.88,--,213,253673,买盘
298,14:40:36,11.88,0.01,10,11880,买盘
299,14:40:33,11.87,-0.01,50,59349,卖盘
300,14:40:30,11.88,0.01,9,10692,买盘
301,14:40:27,11.87,-0.01,10,11870,卖盘
302,14:40:24,11.88,0.01,8,9504,买盘
303,14:40:21,11.87,--,3,3655,卖盘
304,14:40:18,11.87,-0.01,549,651663,卖盘
305,14:40:15,11.88,0.01,17,20196,买盘
306,14:40:12,11.87,-0.01,1,1187,卖盘
307,14:40:09,11.88,--,1101,1308546,卖盘
308,14:40:06,11.88,--,213,253186,卖盘
309,14:40:03,11.88,-0.01,151,179388,卖盘
310,14:39:57,11.89,0.01,8,9512,买盘
311,14:39:51,11.88,-0.01,43,51179,卖盘
312,14:39:48,11.89,--,26,30914,买盘
313,14:39:45,11.89,--,21,24969,买盘
314,14:39:42,11.89,0.01,2,2378,买盘
315,14:39:39,11.88,--,41,48708,卖盘
316,14:39:30,11.88,-0.01,201,238788,卖盘
317,14:39:27,11.89,--,372,443306,卖盘
318,14:39:21,11.89,--,3,3662,卖盘
319,14:39:18,11.89,--,179,212926,买盘
320,14:39:12,11.89,--,518,615902,买盘
321,14:39:09,11.89,--,101,120089,买盘
322,14:39:03,11.89,0.01,49,58415,买盘
323,14:39:00,11.88,--,124,147395,卖盘
324,14:38:57,11.88,--,10,11880,卖盘
325,14:38:51,11.88,-0.01,187,222156,卖盘
326,14:38:48,11.89,0.01,8,9512,买盘
327,14:38:45,11.88,-0.01,1011,1201222,卖盘
328,14:38:42,11.89,0.01,7,8323,买盘
329,14:38:39,11.88,--,41,48708,卖盘
330,14:38:36,11.88,--,83,98604,卖盘
331,14:38:33,11.88,-0.01,3,3659,卖盘
332,14:38:30,11.89,0.01,210,249690,买盘
333,14:38:27,11.88,-0.01,1,1188,卖盘
334,14:38:24,11.89,--,13,15457,买盘
335,14:38:21,11.89,0.01,3,3567,买盘
336,14:38:18,11.88,-0.01,14,16632,卖盘
337,14:38:15,11.89,0.01,4,4756,买盘
338,14:38:12,11.88,-0.01,30,35640,卖盘
339,14:38:09,11.89,0.01,2,2378,买盘
340,14:38:06,11.88,-0.01,66,78408,卖盘
341,14:38:03,11.89,--,14,16646,买盘
342,14:38:00,11.89,--,6,7134,买盘
343,14:37:57,11.89,0.01,5,5945,买盘
344,14:37:54,11.88,-0.01,333,395604,卖盘
345,14:37:51,11.89,-0.01,20,23780,卖盘
346,14:37:48,11.9,0.01,2,2380,买盘
347,14:37:45,11.89,--,11,13079,卖盘
348,14:37:42,11.89,--,15,17835,卖盘
349,14:37:39,11.89,0.01,9,10701,卖盘
350,14:37:36,11.88,-0.02,5,5940,卖盘
351,14:37:30,11.9,0.02,2,2380,买盘
352,14:37:27,11.88,-0.02,115,136762,卖盘
353,14:37:24,11.9,--,5,5950,买盘
354,14:37:21,11.9,0.01,580,690330,买盘
355,14:37:18,11.89,-0.01,3,3567,卖盘
356,14:37:15,11.9,--,5,5950,买盘
357,14:37:09,11.9,--,4,4914,买盘
358,14:37:06,11.9,--,30,35700,买盘
359,14:37:03,11.9,--,129,153510,买盘
360,14:37:00,11.9,0.01,10,11900,买盘
361,14:36:57,11.89,--,13,15457,卖盘
362,14:36:54,11.89,--,53,63112,卖盘
363,14:36:51,11.89,-0.01,600,713400,卖盘
364,14:36:48,11.9,0.02,102,122189,买盘
365,14:36:45,11.88,-0.01,43,51084,卖盘
366,14:36:42,11.89,--,51,60639,买盘
367,14:36:39,11.89,--,4,4898,买盘
368,14:36:36,11.89,0.01,65,77285,买盘
369,14:36:33,11.88,-0.01,3,3659,卖盘
370,14:36:30,11.89,--,5,5945,买盘
371,14:36:27,11.89,--,99,117711,买盘
372,14:36:18,11.89,--,155,184295,买盘
373,14:36:15,11.89,--,111,131979,买盘
374,14:36:12,11.89,--,431,512459,买盘
375,14:36:09,11.89,--,2,2378,买盘
376,14:36:06,11.89,--,65,77285,买盘
377,14:36:03,11.89,0.01,8,9607,买盘
378,14:36:00,11.88,-0.01,30,35640,卖盘
379,14:35:57,11.89,--,10,11890,买盘
380,14:35:54,11.89,-0.01,118,140302,卖盘
381,14:35:51,11.9,--,4,4760,买盘
382,14:35:48,11.9,0.01,1,1190,买盘
383,14:35:45,11.89,--,218,259202,卖盘
384,14:35:42,11.89,--,50,59450,卖盘
385,14:35:39,11.89,0.01,174,207801,买盘
386,14:35:36,11.88,--,117,139150,卖盘
387,14:35:33,11.88,-0.01,67,79596,卖盘
388,14:35:30,11.89,0.01,378,449442,买盘
389,14:35:27,11.88,-0.01,70,83160,卖盘
390,14:35:24,11.89,0.01,16,19024,买盘
391,14:35:18,11.88,-0.01,40,47603,卖盘
392,14:35:15,11.89,0.01,32,38048,买盘
393,14:35:09,11.88,--,199,236412,卖盘
394,14:35:06,11.88,-0.01,1,1188,卖盘
395,14:35:03,11.89,0.01,71,84419,买盘
396,14:35:00,11.88,-0.01,14,16774,卖盘
397,14:34:57,11.89,0.01,17,20213,买盘
398,14:34:54,11.88,--,3,3659,卖盘
399,14:34:48,11.88,-0.01,18,21384,卖盘
400,14:34:39,11.89,0.01,21,24969,买盘
401,14:34:33,11.88,--,15,17820,卖盘
402,14:34:30,11.88,--,4,4752,卖盘
403,14:34:27,11.88,--,20,23760,卖盘
404,14:34:24,11.88,--,7,8411,卖盘
405,14:34:21,11.88,--,219,260350,卖盘
406,14:34:18,11.88,--,230,273240,卖盘
407,14:34:15,11.88,--,196,232848,卖盘
408,14:34:09,11.88,--,131,156352,买盘
409,14:34:06,11.88,--,65,77220,买盘
410,14:34:03,11.88,--,70,83160,买盘
411,14:34:00,11.88,--,184,219209,卖盘
412,14:33:57,11.88,--,33,39346,卖盘
413,14:33:54,11.88,--,15,17820,卖盘
414,14:33:51,11.88,--,31,36828,卖盘
415,14:33:48,11.88,-0.01,528,627347,卖盘
416,14:33:45,11.89,0.01,1,1189,买盘
417,14:33:42,11.88,-0.01,34,40392,卖盘
418,14:33:39,11.89,0.01,23,27347,买盘
419,14:33:36,11.88,--,56,66528,卖盘
420,14:33:33,11.88,--,64,76032,卖盘
421,14:33:30,11.88,--,125,148500,卖盘
422,14:33:27,11.88,--,15,17820,卖盘
423,14:33:24,11.88,--,1118,1328279,卖盘
424,14:33:15,11.88,--,134,159192,卖盘
425,14:33:12,11.88,--,124,147312,卖盘
426,14:33:09,11.88,--,119,141372,卖盘
427,14:33:06,11.88,--,54,64152,卖盘
428,14:33:03,11.88,--,23,27324,卖盘
429,14:33:00,11.88,--,36,42768,卖盘
430,14:32:57,11.88,-0.01,13,15598,卖盘
431,14:32:54,11.89,--,14,16646,买盘
432,14:32:51,11.89,--,5,5945,买盘
433,14:32:48,11.89,--,10,11890,买盘
434,14:32:45,11.89,--,132,157316,卖盘
435,14:32:42,11.89,--,112,133168,卖盘
436,14:32:39,11.89,0.01,227,270723,买盘
437,14:32:36,11.88,--,1,1188,卖盘
438,14:32:30,11.88,-0.01,15,17915,卖盘
439,14:32:27,11.89,--,9,10701,买盘
440,14:32:24,11.89,--,367,436363,买盘
441,14:32:21,11.89,--,228,271092,买盘
442,14:32:12,11.89,-0.01,1280,1522288,卖盘
443,14:32:09,11.9,--,2,2380,买盘
444,14:32:06,11.9,--,314,373660,买盘
445,14:32:03,11.9,0.01,5,5950,买盘
446,14:32:00,11.89,--,41,48891,卖盘
447,14:31:57,11.89,--,18,21402,卖盘
448,14:31:54,11.89,-0.01,63,74990,卖盘
449,14:31:51,11.9,0.01,101,120190,买盘
450,14:31:48,11.89,-0.01,23,27501,卖盘
451,14:31:45,11.9,--,31,36890,买盘
452,14:31:42,11.9,0.01,9,10710,买盘
453,14:31:39,11.89,--,111,131979,卖盘
454,14:31:33,11.89,--,3,3662,卖盘
455,14:31:30,11.89,-0.01,1,1189,卖盘
456,14:31:27,11.9,-0.01,1052,1252165,卖盘
457,14:31:24,11.91,0.01,1,1191,买盘
458,14:31:21,11.9,-0.01,427,508130,卖盘
459,14:31:15,11.91,0.01,480,571680,买盘
460,14:31:12,11.9,-0.01,70,83300,卖盘
461,14:31:09,11.91,0.01,1,1191,买盘
462,14:31:06,11.9,-0.01,16,19040,卖盘
463,14:31:03,11.91,0.01,6,7146,买盘
464,14:30:57,11.9,--,53,63212,卖盘
465,14:30:54,11.9,--,13,15565,卖盘
466,14:30:51,11.9,-0.01,210,249900,卖盘
467,14:30:45,11.91,0.01,1,1191,买盘
468,14:30:42,11.9,-0.01,9,10710,卖盘
469,14:30:39,11.91,0.01,7,8337,买盘
470,14:30:36,11.9,--,5,5950,卖盘
471,14:30:33,11.9,-0.01,66,78635,卖盘
472,14:30:30,11.91,--,6,7146,买盘
473,14:30:27,11.91,0.01,90,107190,买盘
474,14:30:24,11.9,-0.01,11,13090,卖盘
475,14:30:21,11.91,--,1,1191,买盘
476,14:30:15,11.91,0.01,62,73842,买盘
477,14:30:12,11.9,-0.01,9,10710,卖盘
478,14:30:09,11.91,0.01,21,25011,买盘
479,14:30:06,11.9,-0.01,2,2380,卖盘
480,14:30:03,11.91,0.01,30,35813,买盘
481,14:29:54,11.9,--,28,33320,卖盘
482,14:29:51,11.9,--,12,14280,卖盘
483,14:29:48,11.9,-0.01,100,119000,卖盘
484,14:29:45,11.91,0.01,1,1191,买盘
485,14:29:42,11.9,-0.01,100,119000,卖盘
486,14:29:39,11.91,0.01,523,622893,买盘
487,14:29:36,11.9,--,220,261800,卖盘
488,14:29:33,11.9,-0.01,92,109634,卖盘
489,14:29:27,11.91,--,4,4764,买盘
490,14:29:24,11.91,0.01,65,77415,买盘
491,14:29:21,11.9,--,4,4855,卖盘
492,14:29:12,11.9,-0.01,16,19040,卖盘
493,14:29:09,11.91,--,1,1191,买盘
494,14:29:03,11.91,0.01,7,8337,买盘
495,14:29:00,11.9,--,96,114478,买盘
496,14:28:57,11.9,--,16,19040,买盘
497,14:28:54,11.9,--,98,117572,卖盘
498,14:28:51,11.9,-0.01,48,57262,卖盘
499,14:28:48,11.91,0.01,5,5955,买盘
500,14:28:45,11.9,-0.01,64,76255,卖盘
501,14:28:39,11.91,0.01,2,2382,买盘
502,14:28:36,11.9,--,93,110670,买盘
503,14:28:33,11.9,--,5,5950,买盘
504,14:28:27,11.9,--,19,22610,买盘
505,14:28:24,11.9,--,7,8330,买盘
506,14:28:21,11.9,--,1,1190,买盘
507,14:28:18,11.9,--,9,10710,卖盘
508,14:28:15,11.9,0.01,224,266560,买盘
509,14:28:12,11.89,--,5,5945,卖盘
510,14:28:09,11.89,--,15,17918,卖盘
511,14:28:06,11.89,-0.01,54,64206,卖盘
512,14:28:03,11.9,--,47,56084,买盘
513,14:28:00,11.9,--,13,15470,买盘
514,14:27:57,11.9,0.01,101,120190,中性盘
515,14:27:51,11.89,-0.01,217,258013,卖盘
516,14:27:48,11.9,--,523,622370,买盘
517,14:27:45,11.9,0.01,16,19040,买盘
518,14:27:42,11.89,-0.01,77,91648,卖盘
519,14:27:39,11.9,0.01,17,20230,买盘
520,14:27:36,11.89,--,1,1189,卖盘
521,14:27:30,11.89,--,4,4756,卖盘
522,14:27:27,11.89,--,30,35670,卖盘
523,14:27:24,11.89,--,203,241462,卖盘
524,14:27:21,11.89,--,29,34623,卖盘
525,14:27:15,11.89,--,4,4756,卖盘
526,14:27:12,11.89,--,40,47560,卖盘
527,14:27:09,11.89,-0.01,14,16646,卖盘
528,14:27:06,11.9,--,302,359380,买盘
529,14:27:03,11.9,0.01,109,129710,买盘
530,14:26:57,11.89,-0.01,53,63017,卖盘
531,14:26:51,11.9,0.01,9,10710,买盘
532,14:26:48,11.89,--,10,11890,卖盘
533,14:26:45,11.89,--,343,407922,卖盘
534,14:26:42,11.89,--,96,114298,卖盘
535,14:26:39,11.89,--,42,49938,卖盘
536,14:26:36,11.89,--,90,107010,卖盘
537,14:26:33,11.89,--,211,250879,卖盘
538,14:26:30,11.89,--,310,369303,买盘
539,14:26:27,11.89,0.01,10,11890,买盘
540,14:26:24,11.88,-0.01,56,66528,卖盘
541,14:26:21,11.89,--,13,15457,买盘
542,14:26:18,11.89,--,15,17835,买盘
543,14:26:15,11.89,--,3,3567,买盘
544,14:26:12,11.89,-0.01,179,213389,卖盘
545,14:26:09,11.9,0.01,4,4902,买盘
546,14:26:06,11.89,-0.01,10,11890,卖盘
547,14:26:03,11.9,--,62,73780,买盘
548,14:26:00,11.9,0.01,10,11900,买盘
549,14:25:57,11.89,--,68,80852,卖盘
550,14:25:51,11.89,--,771,916719,卖盘
551,14:25:48,11.89,-0.01,21,24969,卖盘
552,14:25:45,11.9,--,1,1190,买盘
553,14:25:42,11.9,--,4,4760,买盘
554,14:25:39,11.9,0.01,10,12054,买盘
555,14:25:36,11.89,-0.01,69,82041,卖盘
556,14:25:33,11.9,0.01,500,595000,买盘
557,14:25:30,11.89,--,375,445970,卖盘
558,14:25:27,11.89,--,51,60639,卖盘
559,14:25:24,11.89,-0.01,9,10701,卖盘
560,14:25:21,11.9,0.01,1,1190,买盘
561,14:25:18,11.89,--,12,14268,卖盘
562,14:25:15,11.89,--,33,39237,卖盘
563,14:25:12,11.89,-0.01,48,57072,卖盘
564,14:25:09,11.9,0.01,1,1190,买盘
565,14:25:06,11.89,-0.01,93,110719,卖盘
566,14:25:03,11.9,0.01,377,448630,买盘
567,14:25:00,11.89,-0.01,18,21497,卖盘
568,14:24:57,11.9,--,5,5950,买盘
569,14:24:51,11.9,--,512,609280,买盘
570,14:24:45,11.9,--,568,676657,卖盘
571,14:24:42,11.9,-0.01,553,658153,卖盘
572,14:24:39,11.91,0.01,26,31120,买盘
573,14:24:36,11.9,--,123,146370,卖盘
574,14:24:33,11.9,--,200,238000,卖盘
575,14:24:30,11.9,--,9,10710,卖盘
576,14:24:27,11.9,--,121,143990,卖盘
577,14:24:24,11.9,-0.01,49,58310,卖盘
578,14:24:21,11.91,0.01,1,1191,买盘
579,14:24:18,11.9,-0.01,16,19040,卖盘
580,14:24:12,11.91,--,1290,1537342,卖盘
581,14:24:09,11.91,--,1,1191,卖盘
582,14:24:06,11.91,-0.01,5,6097,卖盘
583,14:24:03,11.92,--,8,9631,买盘
584,14:24:00,11.92,--,38,45296,买盘
585,14:23:57,11.92,--,80,95360,买盘
586,14:23:51,11.92,--,5,5960,买盘
587,14:23:48,11.92,--,1,1192,买盘
588,14:23:45,11.92,-0.01,49,59349,卖盘
589,14:23:42,11.93,0.01,150,179045,买盘
590,14:23:39,11.92,-0.01,20,23840,卖盘
591,14:23:36,11.93,0.01,10,11930,买盘
592,14:23:33,11.92,--,5,6114,卖盘
593,14:23:27,11.92,--,8,9536,卖盘
594,14:23:24,11.92,-0.01,3,3576,卖盘
595,14:23:21,11.93,--,1,1193,买盘
596,14:23:15,11.93,--,7,8351,买盘
597,14:23:12,11.93,0.01,13,15509,买盘
598,14:23:09,11.92,-0.01,82,98042,卖盘
599,14:23:03,11.93,0.01,7,8351,买盘
600,14:23:00,11.92,--,3,3576,卖盘
601,14:22:57,11.92,--,10,11920,卖盘
602,14:22:54,11.92,-0.01,2,2384,卖盘
603,14:22:48,11.93,--,526,627518,买盘
604,14:22:45,11.93,0.01,50,59650,买盘
605,14:22:42,11.92,-0.01,4,4851,卖盘
606,14:22:39,11.93,0.01,2,2386,买盘
607,14:22:33,11.92,--,68,81210,卖盘
608,14:22:27,11.92,-0.01,28,33376,卖盘
609,14:22:21,11.93,0.01,30,35790,买盘
610,14:22:15,11.92,--,38,45296,卖盘
611,14:22:12,11.92,--,10,11920,卖盘
612,14:22:09,11.92,-0.01,5,5960,卖盘
613,14:22:03,11.93,0.01,16,19183,买盘
614,14:22:00,11.92,--,71,84632,卖盘
615,14:21:57,11.92,--,200,238400,卖盘
616,14:21:54,11.92,-0.01,7,8344,卖盘
617,14:21:51,11.93,0.01,4,4772,买盘
618,14:21:48,11.92,-0.01,120,143040,卖盘
619,14:21:45,11.93,--,201,239793,买盘
620,14:21:42,11.93,0.01,145,172985,买盘
621,14:21:39,11.92,--,12,14304,卖盘
622,14:21:36,11.92,-0.01,23,27511,卖盘
623,14:21:33,11.93,--,40,47720,买盘
624,14:21:24,11.93,0.01,67,79931,买盘
625,14:21:21,11.92,--,32,38144,卖盘
626,14:21:18,11.92,--,13,15496,卖盘
627,14:21:12,11.92,--,48,57216,卖盘
628,14:21:09,11.92,-0.01,36,42912,卖盘
629,14:21:06,11.93,--,1,1193,买盘
630,14:21:03,11.93,--,86,102598,买盘
631,14:21:00,11.93,--,15,17895,买盘
632,14:20:54,11.93,--,375,447375,卖盘
633,14:20:51,11.93,--,15,17895,卖盘
634,14:20:48,11.93,0.01,108,128844,中性盘
635,14:20:42,11.92,--,10,11920,卖盘
636,14:20:39,11.92,--,23,27416,卖盘
637,14:20:36,11.92,-0.01,104,123968,卖盘
638,14:20:33,11.93,0.01,52,62036,买盘
639,14:20:30,11.92,-0.01,40,47680,卖盘
640,14:20:27,11.93,--,14,16702,卖盘
641,14:20:24,11.93,0.01,39,46622,买盘
642,14:20:21,11.92,-0.01,3,3576,卖盘
643,14:20:18,11.93,-0.01,21,25053,买盘
644,14:20:15,11.94,0.01,1100,1313400,买盘
645,14:20:12,11.93,--,54,64422,买盘
646,14:20:03,11.93,--,7,8351,买盘
647,14:20:00,11.93,0.01,21,25053,买盘
648,14:19:57,11.92,--,3,3671,卖盘
649,14:19:54,11.92,-0.01,33,39336,卖盘
650,14:19:48,11.93,0.01,5,5965,买盘
651,14:19:45,11.92,-0.01,35,41720,卖盘
652,14:19:39,11.93,--,2,2386,买盘
653,14:19:36,11.93,--,56,66808,买盘
654,14:19:33,11.93,0.01,58,69194,买盘
655,14:19:30,11.92,--,10,11920,卖盘
656,14:19:27,11.92,--,4,4768,卖盘
657,14:19:24,11.92,-0.01,3,3671,卖盘
658,14:19:18,11.93,0.01,93,110949,买盘
659,14:19:15,11.92,--,37,44104,卖盘
660,14:19:12,11.92,--,9,10728,卖盘
661,14:19:09,11.92,--,1,1192,卖盘
662,14:19:06,11.92,-0.01,32,38144,卖盘
663,14:19:03,11.93,0.01,8,9544,买盘
664,14:18:54,11.92,--,3,3659,卖盘
665,14:18:51,11.92,--,5,5960,卖盘
666,14:18:42,11.92,--,4,4768,卖盘
667,14:18:39,11.92,-0.01,285,339720,卖盘
668,14:18:27,11.93,0.01,4,4772,买盘
669,14:18:21,11.92,-0.01,3,3671,卖盘
670,14:18:18,11.93,--,70,83510,买盘
671,14:18:15,11.93,0.01,2,2386,买盘
672,14:18:06,11.92,-0.01,19,22648,卖盘
673,14:18:03,11.93,0.01,17,20281,买盘
674,14:17:57,11.92,-0.01,7,8439,卖盘
675,14:17:51,11.93,0.01,20,23860,买盘
676,14:17:48,11.92,-0.01,10,11920,中性盘
677,14:17:45,11.93,0.01,155,184915,买盘
678,14:17:42,11.92,--,48,58002,卖盘
679,14:17:39,11.92,-0.01,107,127544,卖盘
680,14:17:36,11.93,0.01,2,2386,买盘
681,14:17:33,11.92,--,21,25032,卖盘
682,14:17:30,11.92,-0.01,38,45391,卖盘
683,14:17:27,11.93,0.01,15,17895,买盘
684,14:17:21,11.92,-0.01,18,21456,卖盘
685,14:17:15,11.93,0.01,2,2386,买盘
686,14:17:09,11.92,-0.01,18,21456,卖盘
687,14:17:03,11.93,--,222,264846,买盘
688,14:17:00,11.93,0.01,926,1104718,买盘
689,14:16:54,11.92,--,46,54915,卖盘
690,14:16:51,11.92,-0.01,34,40528,卖盘
691,14:16:48,11.93,0.01,15,17895,买盘
692,14:16:42,11.92,-0.01,14,16688,卖盘
693,14:16:39,11.93,--,20,23860,买盘
694,14:16:36,11.93,--,77,91861,买盘
695,14:16:33,11.93,--,68,81219,买盘
696,14:16:30,11.93,0.01,7,8351,买盘
697,14:16:24,11.92,-0.01,91,108472,卖盘
698,14:16:21,11.93,0.01,63,75159,买盘
699,14:16:18,11.92,--,46,54832,卖盘
700,14:16:15,11.92,--,345,411240,卖盘
701,14:16:12,11.92,--,18,21456,卖盘
702,14:16:06,11.92,-0.01,142,170217,卖盘
703,14:16:03,11.93,--,7,8351,买盘
704,14:16:00,11.93,0.01,63,75254,买盘
705,14:15:57,11.92,--,1,1192,卖盘
706,14:15:54,11.92,--,18,21456,卖盘
707,14:15:48,11.92,-0.01,19,22648,卖盘
708,14:15:45,11.93,--,42,50106,卖盘
709,14:15:42,11.93,--,21,25053,卖盘
710,14:15:36,11.93,0.01,500,596500,买盘
711,14:15:33,11.92,-0.01,41,48872,卖盘
712,14:15:30,11.93,0.01,5,5965,买盘
713,14:15:27,11.92,--,3,3659,卖盘
714,14:15:24,11.92,--,27,32184,卖盘
715,14:15:21,11.92,-0.01,235,280120,卖盘
716,14:15:18,11.93,--,30,35790,买盘
717,14:15:12,11.93,0.01,17,20281,买盘
718,14:15:09,11.92,--,202,240784,卖盘
719,14:15:06,11.92,-0.01,12,14304,卖盘
720,14:15:03,11.93,--,271,323303,买盘
721,14:15:00,11.93,0.01,5,5965,买盘
722,14:14:54,11.92,-0.01,54,64368,卖盘
723,14:14:51,11.93,0.01,25,29920,买盘
724,14:14:48,11.92,--,22,26224,卖盘
725,14:14:39,11.92,--,59,70328,卖盘
726,14:14:36,11.92,-0.01,10,11920,卖盘
727,14:14:33,11.93,--,20,23860,买盘
728,14:14:30,11.93,0.01,4,4772,中性盘
729,14:14:24,11.92,-0.01,57,68230,卖盘
730,14:14:21,11.93,--,23,27439,买盘
731,14:14:18,11.93,--,8,10546,卖盘
732,14:14:12,11.93,-0.01,118,140774,卖盘
733,14:14:09,11.94,0.01,21,25074,买盘
734,14:14:06,11.93,--,5,5965,卖盘
735,14:14:03,11.93,--,68,81314,买盘
736,14:14:00,11.93,--,8,9544,买盘
737,14:13:54,11.93,--,1,1193,买盘
738,14:13:48,11.93,-0.01,15,18992,卖盘
739,14:13:45,11.94,0.01,5,5970,买盘
740,14:13:39,11.93,--,52,62131,买盘
741,14:13:36,11.93,0.01,2,2386,买盘
742,14:13:33,11.92,-0.01,116,138272,卖盘
743,14:13:30,11.93,--,110,131230,买盘
744,14:13:24,11.93,--,2,2386,买盘
745,14:13:21,11.93,0.01,5,6048,买盘
746,14:13:15,11.92,-0.01,184,220424,卖盘
747,14:13:12,11.93,--,12,14316,卖盘
748,14:13:09,11.93,--,174,207677,买盘
749,14:13:06,11.93,-0.01,51,61940,卖盘
750,14:13:03,11.94,--,139,165966,买盘
751,14:13:00,11.94,--,2,2388,买盘
752,14:12:57,11.94,0.01,5,5970,买盘
753,14:12:54,11.93,--,22,26341,卖盘
754,14:12:51,11.93,--,22,26246,卖盘
755,14:12:48,11.93,--,428,510604,买盘
756,14:12:45,11.93,--,7,8351,买盘
757,14:12:39,11.93,--,3,3579,买盘
758,14:12:36,11.93,--,1,1193,买盘
759,14:12:33,11.93,0.01,1,1193,买盘
760,14:12:30,11.92,-0.01,110,131120,卖盘
761,14:12:27,11.93,--,12,14316,买盘
762,14:12:24,11.93,0.01,54,64422,买盘
763,14:12:21,11.92,-0.01,7,8439,卖盘
764,14:12:15,11.93,--,2,2386,买盘
765,14:12:12,11.93,--,5,5965,买盘
766,14:12:09,11.93,--,1,1193,买盘
767,14:12:06,11.93,-0.01,5,5965,卖盘
768,14:12:03,11.94,0.02,72,86051,买盘
769,14:12:00,11.92,-0.01,36,42912,卖盘
770,14:11:57,11.93,-0.01,123,147848,卖盘
771,14:11:54,11.94,0.01,43,51342,买盘
772,14:11:51,11.93,-0.01,141,168213,卖盘
773,14:11:48,11.94,0.01,66,78887,买盘
774,14:11:45,11.93,--,103,122879,卖盘
775,14:11:42,11.93,--,51,60843,卖盘
776,14:11:39,11.93,0.01,17,20281,中性盘
777,14:11:36,11.92,-0.01,182,216944,卖盘
778,14:11:33,11.93,0.01,28,33404,买盘
779,14:11:30,11.92,--,6,7152,卖盘
780,14:11:24,11.92,-0.01,3,3671,卖盘
781,14:11:21,11.93,0.01,2,2386,买盘
782,14:11:15,11.92,-0.01,6,7152,卖盘
783,14:11:12,11.93,0.01,1,1193,买盘
784,14:11:09,11.92,-0.02,153,182376,卖盘
785,14:11:06,11.94,0.01,129,154026,买盘
786,14:11:03,11.93,-0.01,259,309857,卖盘
787,14:11:00,11.94,0.01,2,2388,买盘
788,14:10:57,11.93,--,5,5965,卖盘
789,14:10:54,11.93,0.01,182,217448,买盘
790,14:10:51,11.92,-0.01,15,17880,卖盘
791,14:10:48,11.93,0.01,505,602560,买盘
792,14:10:45,11.92,--,10,11920,卖盘
793,14:10:42,11.92,--,5,5960,卖盘
794,14:10:39,11.92,-0.01,10,11920,卖盘
795,14:10:36,11.93,--,257,306601,买盘
796,14:10:33,11.93,0.01,66,78738,买盘
797,14:10:30,11.92,--,16,19072,卖盘
798,14:10:27,11.92,--,216,257472,卖盘
799,14:10:24,11.92,--,643,766551,卖盘
800,14:10:21,11.92,--,19,22648,卖盘
801,14:10:18,11.92,-0.01,54,64368,卖盘
802,14:10:15,11.93,0.01,7,8351,买盘
803,14:10:12,11.92,--,241,287272,卖盘
804,14:10:09,11.92,--,100,119200,卖盘
805,14:10:06,11.92,-0.01,112,133504,卖盘
806,14:10:03,11.93,0.01,42,50106,买盘
807,14:10:00,11.92,--,12,14304,卖盘
808,14:09:57,11.92,--,8,9536,卖盘
809,14:09:54,11.92,--,15,17880,卖盘
810,14:09:51,11.92,--,74,88291,卖盘
811,14:09:45,11.92,--,15,17880,卖盘
812,14:09:42,11.92,--,400,477169,买盘
813,14:09:36,11.92,--,283,338158,卖盘
814,14:09:33,11.92,-0.01,81,96552,卖盘
815,14:09:30,11.93,0.01,79,94247,买盘
816,14:09:24,11.92,--,500,596000,卖盘
817,14:09:21,11.92,--,107,127544,卖盘
818,14:09:18,11.92,--,146,174127,卖盘
819,14:09:15,11.92,-0.01,19,22648,卖盘
820,14:09:12,11.93,--,1,1193,买盘
821,14:09:09,11.93,--,2,2386,买盘
822,14:09:06,11.93,--,121,144353,买盘
823,14:09:03,11.93,0.01,6,7158,买盘
824,14:09:00,11.92,--,9,10728,卖盘
825,14:08:57,11.92,--,7,8344,卖盘
826,14:08:54,11.92,--,1000,1192000,卖盘
827,14:08:51,11.92,--,66,78672,卖盘
828,14:08:48,11.92,--,180,214655,卖盘
829,14:08:45,11.92,--,98,116816,卖盘
830,14:08:42,11.92,--,16,19072,卖盘
831,14:08:39,11.92,-0.01,59,70328,卖盘
832,14:08:36,11.93,--,2,2386,买盘
833,14:08:33,11.93,0.01,10,11930,买盘
834,14:08:30,11.92,--,20,23840,卖盘
835,14:08:27,11.92,-0.01,1,1192,卖盘
836,14:08:24,11.93,0.01,19,22750,买盘
837,14:08:21,11.92,-0.01,27,32184,卖盘
838,14:08:18,11.93,--,1,1193,买盘
839,14:08:15,11.93,--,93,111819,卖盘
840,14:08:12,11.93,--,20,23860,卖盘
841,14:08:06,11.93,-0.01,1,1193,卖盘
842,14:08:03,11.94,0.01,72,85968,买盘
843,14:08:00,11.93,--,408,486744,卖盘
844,14:07:57,11.93,--,50,59650,卖盘
845,14:07:54,11.93,-0.01,48,57264,卖盘
846,14:07:51,11.94,0.01,36,42984,买盘
847,14:07:48,11.93,-0.01,3,3674,卖盘
848,14:07:42,11.94,0.01,2,2388,买盘
849,14:07:39,11.93,--,4,4772,卖盘
850,14:07:36,11.93,--,100,119300,卖盘
851,14:07:33,11.93,--,15,18121,买盘
852,14:07:30,11.93,--,92,109756,买盘
853,14:07:27,11.93,0.01,19,22667,买盘
854,14:07:24,11.92,-0.01,3,3671,卖盘
855,14:07:18,11.93,0.01,2,2386,买盘
856,14:07:12,11.92,-0.01,40,47680,卖盘
857,14:07:09,11.93,0.01,3,3579,买盘
858,14:07:03,11.92,-0.01,25,29800,卖盘
859,14:07:00,11.93,-0.01,484,578378,卖盘
860,14:06:57,11.94,0.01,2,2388,买盘
861,14:06:51,11.93,--,34,40562,卖盘
862,14:06:45,11.93,--,75,89570,卖盘
863,14:06:39,11.93,--,74,88413,买盘
864,14:06:36,11.93,-0.01,488,583245,卖盘
865,14:06:33,11.94,--,4,4776,买盘
866,14:06:27,11.94,0.01,6,7164,买盘
867,14:06:24,11.93,-0.01,32,38176,卖盘
868,14:06:21,11.94,--,5,5970,买盘
869,14:06:18,11.94,0.01,54,64476,买盘
870,14:06:15,11.93,-0.01,60,71663,卖盘
871,14:06:12,11.94,0.01,202,241188,买盘
872,14:06:09,11.93,--,11,13123,卖盘
873,14:06:06,11.93,-0.01,26,31018,卖盘
874,14:06:03,11.94,--,8,9552,买盘
875,14:06:00,11.94,--,10,11940,买盘
876,14:05:57,11.94,--,1,1194,买盘
877,14:05:54,11.94,--,453,540882,买盘
878,14:05:51,11.94,0.01,7,8358,买盘
879,14:05:48,11.93,-0.01,3,3674,卖盘
880,14:05:45,11.94,--,1,1194,买盘
881,14:05:42,11.94,--,88,105072,买盘
882,14:05:39,11.94,0.01,2,2388,买盘
883,14:05:36,11.93,-0.01,970,1157210,卖盘
884,14:05:33,11.94,0.01,1,1194,买盘
885,14:05:30,11.93,--,31,36983,卖盘
886,14:05:24,11.93,-0.01,107,127651,卖盘
887,14:05:18,11.94,0.01,13,15522,买盘
888,14:05:15,11.93,-0.01,4,4867,卖盘
889,14:05:12,11.94,--,47,56118,买盘
890,14:05:09,11.94,--,1,1194,买盘
891,14:05:06,11.94,--,2,2388,买盘
892,14:05:03,11.94,0.01,33,39402,买盘
893,14:05:00,11.93,-0.01,13,15509,卖盘
894,14:04:57,11.94,0.01,21,25074,买盘
895,14:04:54,11.93,--,19,22667,卖盘
896,14:04:51,11.93,--,50,59650,卖盘
897,14:04:48,11.93,--,76,90668,卖盘
898,14:04:45,11.93,--,15,17990,卖盘
899,14:04:42,11.93,--,133,158669,卖盘
900,14:04:39,11.93,-0.01,2,2386,卖盘
901,14:04:36,11.94,--,27,32238,买盘
902,14:04:33,11.94,0.01,3,3582,买盘
903,14:04:30,11.93,-0.01,1,1193,卖盘
904,14:04:27,11.94,0.01,1,1194,买盘
905,14:04:24,11.93,--,12,14316,卖盘
906,14:04:18,11.93,-0.01,7,8351,卖盘
907,14:04:12,11.94,0.01,6,7247,买盘
908,14:04:09,11.93,--,11,13123,卖盘
909,14:04:06,11.93,--,7,8351,卖盘
910,14:04:03,11.93,-0.01,6,7158,卖盘
911,14:04:00,11.94,--,5,5970,买盘
912,14:03:57,11.94,0.01,11,13134,买盘
913,14:03:54,11.93,--,148,176564,卖盘
914,14:03:51,11.93,--,8,9544,卖盘
915,14:03:48,11.93,--,23,27439,卖盘
916,14:03:45,11.93,--,3,3674,卖盘
917,14:03:39,11.93,-0.01,5,5965,卖盘
918,14:03:36,11.94,--,1,1194,买盘
919,14:03:33,11.94,--,42,50148,买盘
920,14:03:27,11.94,--,2,2388,买盘
921,14:03:24,11.94,0.01,47,56118,买盘
922,14:03:21,11.93,-0.01,2,2386,卖盘
923,14:03:18,11.94,0.01,2,2388,买盘
924,14:03:15,11.93,--,67,79931,卖盘
925,14:03:12,11.93,-0.01,68,81219,卖盘
926,14:03:09,11.94,0.01,10,11940,买盘
927,14:03:06,11.93,-0.01,5,5965,卖盘
928,14:03:03,11.94,0.01,6,7164,买盘
929,14:03:00,11.93,-0.01,41,48913,卖盘
930,14:02:57,11.94,--,29,34626,买盘
931,14:02:54,11.94,--,13,15522,买盘
932,14:02:45,11.94,--,11,13217,买盘
933,14:02:42,11.94,0.01,3,3582,买盘
934,14:02:39,11.93,-0.01,50,59650,卖盘
935,14:02:33,11.94,--,17,20298,卖盘
936,14:02:30,11.94,--,86,102684,买盘
937,14:02:27,11.94,--,5,5970,买盘
938,14:02:24,11.94,0.01,15,17910,买盘
939,14:02:21,11.93,--,3,3579,卖盘
940,14:02:15,11.93,--,3,3674,卖盘
941,14:02:12,11.93,-0.01,4,4772,卖盘
942,14:02:09,11.94,--,2,2388,买盘
943,14:02:06,11.94,--,87,103878,买盘
944,14:02:03,11.94,0.01,6,7164,买盘
945,14:02:00,11.93,-0.01,3,3579,卖盘
946,14:01:48,11.94,0.01,10,11940,买盘
947,14:01:42,11.93,-0.01,3,3674,卖盘
948,14:01:36,11.94,--,59,70446,买盘
949,14:01:33,11.94,0.01,3,3582,买盘
950,14:01:30,11.93,-0.01,1,1193,卖盘
951,14:01:27,11.94,0.01,186,222084,买盘
952,14:01:24,11.93,--,23,27439,卖盘
953,14:01:18,11.93,-0.01,1,1193,卖盘
954,14:01:15,11.94,0.01,5,6065,买盘
955,14:01:12,11.93,--,43,51299,卖盘
956,14:01:09,11.93,-0.01,1,1193,卖盘
957,14:01:06,11.94,-0.01,2,2388,中性盘
958,14:01:03,11.95,0.01,252,301140,买盘
959,14:01:00,11.94,--,95,113430,卖盘
960,14:00:57,11.94,--,23,27462,卖盘
961,14:00:54,11.94,--,68,81192,卖盘
962,14:00:51,11.94,--,70,83580,卖盘
963,14:00:48,11.94,-0.01,88,105072,卖盘
964,14:00:45,11.95,0.01,25,29875,买盘
965,14:00:42,11.94,--,15,17993,卖盘
966,14:00:39,11.94,--,8,9552,卖盘
967,14:00:36,11.94,-0.01,28,33432,卖盘
968,14:00:33,11.95,0.01,75,89625,买盘
969,14:00:30,11.94,-0.01,47,56118,卖盘
970,14:00:27,11.95,--,21,25095,买盘
971,14:00:24,11.95,0.01,241,287995,买盘
972,14:00:21,11.94,--,22,26268,卖盘
973,14:00:18,11.94,--,111,132534,卖盘
974,14:00:15,11.94,--,106,126564,卖盘
975,14:00:12,11.94,-0.01,55,65765,卖盘
976,14:00:09,11.95,0.01,27,32264,买盘
977,14:00:06,11.94,--,102,122743,卖盘
978,14:00:03,11.94,--,50,59700,卖盘
979,14:00:00,11.94,--,33,39402,卖盘
980,13:59:57,11.94,--,9,10746,卖盘
981,13:59:54,11.94,-0.01,107,127758,卖盘
982,13:59:48,11.95,0.01,52,62139,买盘
983,13:59:45,11.94,--,51,60894,卖盘
984,13:59:39,11.94,--,43,51342,卖盘
985,13:59:36,11.94,--,204,243576,卖盘
986,13:59:33,11.94,--,33,39402,卖盘
987,13:59:30,11.94,-0.01,43,51342,卖盘
988,13:59:24,11.95,0.01,4,4780,买盘
989,13:59:21,11.94,-0.01,12,14328,卖盘
990,13:59:15,11.95,0.01,2,2390,买盘
991,13:59:12,11.94,--,86,102684,卖盘
992,13:59:09,11.94,--,63,75222,卖盘
993,13:59:06,11.94,-0.01,56,66864,卖盘
994,13:59:03,11.95,0.01,41,48995,买盘
995,13:59:00,11.94,--,212,253128,卖盘
996,13:58:57,11.94,--,45,53730,卖盘
997,13:58:54,11.94,-0.01,41,48954,卖盘
998,13:58:51,11.95,0.01,6,7170,买盘
999,13:58:48,11.94,--,12,14328,卖盘
1000,13:58:45,11.94,-0.01,4,4776,卖盘
1001,13:58:42,11.95,0.01,12,14340,买盘
1002,13:58:39,11.94,-0.01,23,27462,卖盘
1003,13:58:36,11.95,--,1,1195,买盘
1004,13:58:33,11.95,--,1,1195,买盘
1005,13:58:30,11.95,--,85,101575,买盘
1006,13:58:27,11.95,--,10,11950,买盘
1007,13:58:24,11.95,--,9,10755,买盘
1008,13:58:21,11.95,0.01,20,23900,买盘
1009,13:58:18,11.94,-0.01,185,220890,卖盘
1010,13:58:15,11.95,--,17,21079,卖盘
1011,13:58:09,11.95,--,5,5975,卖盘
1012,13:58:06,11.95,--,4,4780,卖盘
1013,13:58:03,11.95,-0.01,7,8365,卖盘
1014,13:58:00,11.96,0.01,50,59800,买盘
1015,13:57:57,11.95,--,42,50190,卖盘
1016,13:57:54,11.95,--,237,283645,买盘
1017,13:57:48,11.95,--,5,5975,买盘
1018,13:57:45,11.95,0.01,280,334600,买盘
1019,13:57:39,11.94,--,1,1194,卖盘
1020,13:57:36,11.94,-0.01,4,4776,卖盘
1021,13:57:30,11.95,0.01,1,1195,买盘
1022,13:57:27,11.94,-0.01,14,16716,卖盘
1023,13:57:24,11.95,0.01,218,260509,买盘
1024,13:57:21,11.94,--,12,14328,卖盘
1025,13:57:12,11.94,-0.01,2,2388,卖盘
1026,13:57:09,11.95,--,5,5975,买盘
1027,13:57:06,11.95,--,3,3585,买盘
1028,13:57:03,11.95,--,16,19120,买盘
1029,13:57:00,11.95,--,34,41394,卖盘
1030,13:56:57,11.95,--,36,43020,卖盘
1031,13:56:54,11.95,--,11,13145,卖盘
1032,13:56:48,11.95,--,17,20315,卖盘
1033,13:56:45,11.95,--,42,50190,卖盘
1034,13:56:42,11.95,-0.01,106,126669,卖盘
1035,13:56:39,11.96,--,1,1196,买盘
1036,13:56:36,11.96,0.01,1,1196,买盘
1037,13:56:33,11.95,--,23,27485,卖盘
1038,13:56:30,11.95,-0.01,8,9560,卖盘
1039,13:56:24,11.96,0.01,1,1196,买盘
1040,13:56:21,11.95,--,8,9560,卖盘
1041,13:56:18,11.95,0.01,169,202385,买盘
1042,13:56:15,11.94,--,38,45372,卖盘
1043,13:56:12,11.94,-0.01,49,58506,卖盘
1044,13:56:06,11.95,0.01,157,187615,买盘
1045,13:56:03,11.94,-0.01,602,718788,卖盘
1046,13:55:57,11.95,0.01,2,2390,买盘
1047,13:55:54,11.94,-0.01,2,2388,卖盘
1048,13:55:51,11.95,0.01,244,291580,买盘
1049,13:55:48,11.94,-0.01,1,1194,卖盘
1050,13:55:45,11.95,--,173,206735,买盘
1051,13:55:39,11.95,--,13,15534,买盘
1052,13:55:36,11.95,--,1,1195,买盘
1053,13:55:30,11.95,0.01,2,2390,买盘
1054,13:55:27,11.94,--,4,4776,卖盘
1055,13:55:21,11.94,-0.01,5,5970,卖盘
1056,13:55:15,11.95,0.01,10,11950,买盘
1057,13:55:12,11.94,--,2,2388,卖盘
1058,13:55:06,11.94,-0.01,1,1194,卖盘
1059,13:55:03,11.95,0.01,10,11950,买盘
1060,13:55:00,11.94,-0.01,51,60894,卖盘
1061,13:54:57,11.95,--,23,27485,买盘
1062,13:54:54,11.95,0.01,90,107550,买盘
1063,13:54:48,11.94,-0.01,5,5970,卖盘
1064,13:54:45,11.95,0.01,10,11950,买盘
1065,13:54:39,11.94,--,10,11940,卖盘
1066,13:54:36,11.94,--,94,112236,卖盘
1067,13:54:33,11.94,--,10,11940,卖盘
1068,13:54:30,11.94,--,10,11940,卖盘
1069,13:54:27,11.94,--,1,1194,卖盘
1070,13:54:24,11.94,0.01,76,91269,买盘
1071,13:54:21,11.93,-0.01,114,136002,卖盘
1072,13:54:18,11.94,--,1,1194,买盘
1073,13:54:15,11.94,--,11,13134,买盘
1074,13:54:12,11.94,0.01,13,15522,买盘
1075,13:54:09,11.93,-0.01,27,32211,卖盘
1076,13:54:03,11.94,0.01,24,28656,买盘
1077,13:54:00,11.93,--,1,1193,卖盘
1078,13:53:57,11.93,--,110,131230,卖盘
1079,13:53:54,11.93,-0.01,18,21474,卖盘
1080,13:53:51,11.94,0.01,18,21492,买盘
1081,13:53:45,11.93,-0.01,2,2386,卖盘
1082,13:53:39,11.94,--,82,97908,买盘
1083,13:53:36,11.94,--,5,5970,买盘
1084,13:53:33,11.94,--,4,4776,买盘
1085,13:53:27,11.94,--,15,17910,买盘
1086,13:53:24,11.94,0.01,8,9552,买盘
1087,13:53:21,11.93,-0.01,6,7158,卖盘
1088,13:53:18,11.94,--,38,45372,买盘
1089,13:53:15,11.94,--,31,37014,买盘
1090,13:53:12,11.94,--,37,44178,买盘
1091,13:53:09,11.94,--,56,66864,买盘
1092,13:53:06,11.94,--,111,132534,买盘
1093,13:53:03,11.94,0.01,6,7164,买盘
1094,13:52:57,11.93,-0.01,3,3579,卖盘
1095,13:52:51,11.94,--,32,38208,买盘
1096,13:52:48,11.94,--,34,40596,买盘
1097,13:52:45,11.94,--,73,87162,买盘
1098,13:52:42,11.94,0.01,109,130146,买盘
1099,13:52:39,11.93,-0.01,25,29825,卖盘
1100,13:52:36,11.94,0.01,66,78804,买盘
1101,13:52:33,11.93,--,2,2386,卖盘
1102,13:52:27,11.93,--,110,131230,卖盘
1103,13:52:24,11.93,--,12,14316,卖盘
1104,13:52:21,11.93,--,1,1193,卖盘
1105,13:52:18,11.93,--,43,51299,卖盘
1106,13:52:15,11.93,--,103,122879,卖盘
1107,13:52:12,11.93,--,1,1193,卖盘
1108,13:52:09,11.93,--,12,14316,卖盘
1109,13:52:06,11.93,--,1,1193,卖盘
1110,13:52:03,11.93,0.01,1,2230,买盘
1111,13:52:00,11.92,-0.01,11,13112,卖盘
1112,13:51:57,11.93,--,2,2386,买盘
1113,13:51:54,11.93,--,34,40562,买盘
1114,13:51:48,11.93,--,32,38176,买盘
1115,13:51:42,11.93,0.01,58,69194,买盘
1116,13:51:39,11.92,-0.01,2,2384,卖盘
1117,13:51:30,11.93,0.01,26,31018,买盘
1118,13:51:27,11.92,-0.01,102,121584,卖盘
1119,13:51:24,11.93,--,7,8351,买盘
1120,13:51:21,11.93,--,30,35790,买盘
1121,13:51:18,11.93,--,113,134964,卖盘
1122,13:51:15,11.93,--,26,31018,卖盘
1123,13:51:09,11.93,--,29,35634,买盘
1124,13:51:03,11.93,--,6,7158,买盘
1125,13:51:00,11.93,0.01,17,20281,买盘
1126,13:50:57,11.92,-0.01,104,123968,卖盘
1127,13:50:54,11.93,0.01,245,292285,买盘
1128,13:50:48,11.92,--,156,185952,卖盘
1129,13:50:45,11.92,--,20,23840,卖盘
1130,13:50:42,11.92,-0.01,1,1192,卖盘
1131,13:50:39,11.93,--,20,23860,买盘
1132,13:50:33,11.93,--,2,2386,买盘
1133,13:50:24,11.93,0.01,137,163441,买盘
1134,13:50:18,11.92,-0.01,5,5960,卖盘
1135,13:50:15,11.93,--,20,23860,买盘
1136,13:50:12,11.93,0.01,54,64422,买盘
1137,13:50:09,11.92,--,1,1192,卖盘
1138,13:50:06,11.92,-0.01,112,133504,卖盘
1139,13:50:03,11.93,--,6,7158,买盘
1140,13:50:00,11.93,0.01,30,35790,买盘
1141,13:49:57,11.92,-0.01,3,3576,卖盘
1142,13:49:39,11.93,--,1,1193,买盘
1143,13:49:36,11.93,0.01,3,3579,买盘
1144,13:49:33,11.92,-0.01,23,27416,卖盘
1145,13:49:30,11.93,0.01,91,108563,买盘
1146,13:49:27,11.92,-0.01,1,1192,卖盘
1147,13:49:15,11.93,--,200,238600,买盘
1148,13:49:12,11.93,--,62,73966,买盘
1149,13:49:09,11.93,0.01,3,3579,买盘
1150,13:49:06,11.92,-0.01,1,1192,卖盘
1151,13:49:03,11.93,--,6,7158,买盘
1152,13:49:00,11.93,0.01,59,70387,买盘
1153,13:48:57,11.92,-0.01,16,19072,卖盘
1154,13:48:54,11.93,0.01,11,13123,买盘
1155,13:48:51,11.92,--,5,5960,卖盘
1156,13:48:48,11.92,--,1,1192,卖盘
1157,13:48:45,11.92,0.01,94,112048,买盘
1158,13:48:42,11.91,-0.01,19,22629,卖盘
1159,13:48:39,11.92,--,4,4768,买盘
1160,13:48:36,11.92,-0.01,3,3576,中性盘
1161,13:48:33,11.93,0.01,91,108563,买盘
1162,13:48:27,11.92,--,102,121584,卖盘
1163,13:48:24,11.92,--,5,5960,卖盘
1164,13:48:21,11.92,--,31,36952,卖盘
1165,13:48:18,11.92,-0.01,7,8344,卖盘
1166,13:48:15,11.93,0.01,103,122879,买盘
1167,13:48:12,11.92,-0.01,3,3576,卖盘
1168,13:48:09,11.93,0.01,5,5965,买盘
1169,13:48:06,11.92,-0.01,137,163304,卖盘
1170,13:48:03,11.93,--,16,19088,买盘
1171,13:48:00,11.93,0.01,93,110949,买盘
1172,13:47:57,11.92,-0.01,79,94168,卖盘
1173,13:47:54,11.93,0.01,2,2386,买盘
1174,13:47:48,11.92,--,23,27416,卖盘
1175,13:47:45,11.92,-0.01,107,127544,卖盘
1176,13:47:42,11.93,--,103,122879,买盘
1177,13:47:39,11.93,0.01,2,2386,买盘
1178,13:47:36,11.92,-0.01,18,21456,卖盘
1179,13:47:33,11.93,0.01,2,2386,买盘
1180,13:47:30,11.92,-0.01,101,120392,卖盘
1181,13:47:24,11.93,--,41,48913,买盘
1182,13:47:21,11.93,0.01,2,2386,买盘
1183,13:47:15,11.92,-0.01,21,25032,卖盘
1184,13:47:12,11.93,--,55,65615,买盘
1185,13:47:09,11.93,--,16,19088,买盘
1186,13:47:03,11.93,0.01,240,286320,买盘
1187,13:47:00,11.92,--,43,51256,卖盘
1188,13:46:57,11.92,--,3,3576,卖盘
1189,13:46:54,11.92,--,8,9536,卖盘
1190,13:46:51,11.92,-0.01,369,439848,卖盘
1191,13:46:48,11.93,--,3,3579,买盘
1192,13:46:45,11.93,--,10,11930,买盘
1193,13:46:42,11.93,--,56,66808,买盘
1194,13:46:39,11.93,--,25,29825,买盘
1195,13:46:33,11.93,--,511,609778,卖盘
1196,13:46:30,11.93,--,17,20281,卖盘
1197,13:46:27,11.93,0.01,73,88126,买盘
1198,13:46:18,11.92,-0.01,31,36952,卖盘
1199,13:46:15,11.93,--,1,1193,买盘
1200,13:46:09,11.93,0.01,64,76352,买盘
1201,13:46:06,11.92,-0.01,63,75096,卖盘
1202,13:46:03,11.93,--,44,52492,买盘
1203,13:46:00,11.93,--,131,156283,买盘
1204,13:45:57,11.93,0.01,191,227863,买盘
1205,13:45:54,11.92,--,240,286080,卖盘
1206,13:45:51,11.92,--,1,1192,卖盘
1207,13:45:48,11.92,--,2,2384,卖盘
1208,13:45:45,11.92,-0.01,39,46488,卖盘
1209,13:45:42,11.93,--,145,173521,卖盘
1210,13:45:39,11.93,-0.01,15,17895,卖盘
1211,13:45:36,11.94,0.01,42,50148,买盘
1212,13:45:33,11.93,-0.01,68,81124,卖盘
1213,13:45:30,11.94,0.01,2,2388,买盘
1214,13:45:27,11.93,-0.01,1,1193,卖盘
1215,13:45:24,11.94,0.01,49,58506,买盘
1216,13:45:21,11.93,-0.01,6,7158,卖盘
1217,13:45:18,11.94,0.01,1,1194,买盘
1218,13:45:12,11.93,--,24,29288,买盘
1219,13:45:09,11.93,0.01,63,75159,买盘
1220,13:45:06,11.92,-0.01,1,1192,卖盘
1221,13:45:03,11.93,--,26,31018,买盘
1222,13:45:00,11.93,0.01,33,39369,买盘
1223,13:44:57,11.92,-0.01,6,7152,卖盘
1224,13:44:51,11.93,--,960,1145816,卖盘
1225,13:44:48,11.93,-0.01,202,240986,卖盘
1226,13:44:45,11.94,--,40,47760,买盘
1227,13:44:42,11.94,--,17,20298,买盘
1228,13:44:39,11.94,0.01,118,140892,买盘
1229,13:44:36,11.93,-0.01,3,3579,卖盘
1230,13:44:30,11.94,--,79,94326,卖盘
1231,13:44:27,11.94,--,23,27462,卖盘
1232,13:44:24,11.94,-0.01,34,40596,卖盘
1233,13:44:21,11.95,--,32,38240,买盘
1234,13:44:18,11.95,--,2,2390,买盘
1235,13:44:15,11.95,0.01,5,5975,买盘
1236,13:44:09,11.94,-0.01,21,25074,卖盘
1237,13:44:06,11.95,--,89,106355,买盘
1238,13:44:03,11.95,0.01,9,10755,买盘
1239,13:44:00,11.94,-0.01,3,3582,卖盘
1240,13:43:57,11.95,--,211,252144,买盘
1241,13:43:54,11.95,0.01,30,35850,买盘
1242,13:43:51,11.94,--,7,8358,卖盘
1243,13:43:48,11.94,--,14,16716,卖盘
1244,13:43:45,11.94,--,5,5970,卖盘
1245,13:43:42,11.94,--,9,10746,卖盘
1246,13:43:39,11.94,--,13,15522,卖盘
1247,13:43:36,11.94,--,30,35820,卖盘
1248,13:43:33,11.94,0.01,186,222084,买盘
1249,13:43:30,11.93,-0.01,12,14316,卖盘
1250,13:43:27,11.94,--,10,11940,买盘
1251,13:43:24,11.94,0.01,3,3582,买盘
1252,13:43:21,11.93,-0.01,12,14316,卖盘
1253,13:43:18,11.94,--,2,2388,买盘
1254,13:43:15,11.94,--,6,7164,买盘
1255,13:43:12,11.94,--,54,64476,买盘
1256,13:43:06,11.94,0.01,17,20298,买盘
1257,13:43:03,11.93,--,8,9544,卖盘
1258,13:43:00,11.93,--,100,119300,卖盘
1259,13:42:57,11.93,-0.01,67,79931,卖盘
1260,13:42:54,11.94,0.01,1,1194,买盘
1261,13:42:48,11.93,-0.01,30,35790,卖盘
1262,13:42:45,11.94,0.01,2,2388,买盘
1263,13:42:39,11.93,-0.01,157,187301,卖盘
1264,13:42:33,11.94,--,16,19104,买盘
1265,13:42:30,11.94,0.01,10,11940,买盘
1266,13:42:27,11.93,--,1,1193,卖盘
1267,13:42:24,11.93,-0.01,14,16702,卖盘
1268,13:42:18,11.94,--,89,106266,买盘
1269,13:42:15,11.94,--,4,4776,买盘
1270,13:42:12,11.94,0.01,42,50148,买盘
1271,13:42:09,11.93,--,2,2386,卖盘
1272,13:42:06,11.93,-0.01,20,23860,卖盘
1273,13:42:03,11.94,--,40,47760,买盘
1274,13:42:00,11.94,--,3,3582,买盘
1275,13:41:57,11.94,0.01,3,3582,买盘
1276,13:41:54,11.93,-0.01,1,1193,卖盘
1277,13:41:51,11.94,0.01,2,2388,买盘
1278,13:41:48,11.93,-0.01,54,64422,卖盘
1279,13:41:45,11.94,--,10,11940,买盘
1280,13:41:39,11.94,0.01,4,4776,买盘
1281,13:41:36,11.93,--,1,1849,卖盘
1282,13:41:33,11.93,-0.01,234,279162,卖盘
1283,13:41:30,11.94,0.01,2,2388,买盘
1284,13:41:24,11.93,-0.01,6,7158,卖盘
1285,13:41:21,11.94,0.01,54,64476,买盘
1286,13:41:18,11.93,--,20,23860,卖盘
1287,13:41:15,11.93,--,100,119300,卖盘
1288,13:41:09,11.93,--,500,596500,卖盘
1289,13:41:06,11.93,-0.01,88,104984,卖盘
1290,13:41:03,11.94,--,19,22686,买盘
1291,13:41:00,11.94,0.01,5,5970,买盘
1292,13:40:57,11.93,--,25,29825,卖盘
1293,13:40:51,11.93,-0.01,210,250530,卖盘
1294,13:40:45,11.94,--,21,25074,买盘
1295,13:40:42,11.94,--,38,45372,买盘
1296,13:40:39,11.94,--,1,1194,买盘
1297,13:40:36,11.94,--,7,8358,买盘
1298,13:40:33,11.94,--,2,2388,买盘
1299,13:40:30,11.94,--,90,107460,买盘
1300,13:40:27,11.94,--,147,176246,卖盘
1301,13:40:24,11.94,--,11,13134,卖盘
1302,13:40:21,11.94,--,30,35820,卖盘
1303,13:40:18,11.94,-0.01,6,7164,卖盘
1304,13:40:15,11.95,--,3,3585,买盘
1305,13:40:12,11.95,0.01,7,8831,买盘
1306,13:40:09,11.94,--,35,41790,买盘
1307,13:40:06,11.94,--,3,3582,买盘
1308,13:40:03,11.94,-0.01,40,47760,卖盘
1309,13:40:00,11.95,0.02,19,22705,买盘
1310,13:39:57,11.93,-0.01,4,4772,卖盘
1311,13:39:54,11.94,-0.01,179,213726,卖盘
1312,13:39:51,11.95,0.01,1,1195,买盘
1313,13:39:48,11.94,--,10,11940,卖盘
1314,13:39:45,11.94,--,5,5970,卖盘
1315,13:39:39,11.94,-0.01,3,3582,卖盘
1316,13:39:33,11.95,0.01,5,5975,买盘
1317,13:39:30,11.94,--,24,28656,卖盘
1318,13:39:27,11.94,-0.01,8,9552,卖盘
1319,13:39:21,11.95,--,51,60945,买盘
1320,13:39:18,11.95,--,1,1195,买盘
1321,13:39:15,11.95,0.01,786,939270,买盘
1322,13:39:12,11.94,--,83,99102,卖盘
1323,13:39:09,11.94,-0.01,64,76416,卖盘
1324,13:39:06,11.95,--,2,2390,买盘
1325,13:39:03,11.95,0.01,10,11950,买盘
1326,13:39:00,11.94,-0.01,50,59700,卖盘
1327,13:38:57,11.95,--,3,3585,买盘
1328,13:38:54,11.95,--,3,3585,买盘
1329,13:38:51,11.95,0.01,112,133840,买盘
1330,13:38:48,11.94,-0.01,8,9552,卖盘
1331,13:38:45,11.95,0.01,2,2390,买盘
1332,13:38:42,11.94,-0.01,48,57312,中性盘
1333,13:38:39,11.95,0.02,7,8365,买盘
1334,13:38:36,11.93,-0.02,20,23860,卖盘
1335,13:38:33,11.95,0.01,16,19120,买盘
1336,13:38:30,11.94,--,2,2388,卖盘
1337,13:38:27,11.94,0.01,82,97908,买盘
1338,13:38:24,11.93,-0.02,5,5965,卖盘
1339,13:38:21,11.95,0.01,12,14340,买盘
1340,13:38:18,11.94,--,3,3582,卖盘
1341,13:38:15,11.94,--,25,29850,卖盘
1342,13:38:12,11.94,-0.01,47,56118,中性盘
1343,13:38:09,11.95,0.01,51,60945,买盘
1344,13:38:06,11.94,--,146,174324,卖盘
1345,13:38:03,11.94,0.01,163,194622,买盘
1346,13:38:00,11.93,-0.01,7,8351,卖盘
1347,13:37:57,11.94,--,3,3582,买盘
1348,13:37:54,11.94,--,26,31044,卖盘
1349,13:37:51,11.94,--,265,316410,卖盘
1350,13:37:48,11.94,--,74,88356,卖盘
1351,13:37:45,11.94,--,53,63282,卖盘
1352,13:37:42,11.94,--,58,69252,卖盘
1353,13:37:39,11.94,--,47,56118,卖盘
1354,13:37:36,11.94,-0.01,53,63282,卖盘
1355,13:37:27,11.95,0.01,100,119500,买盘
1356,13:37:24,11.94,-0.01,34,40596,卖盘
1357,13:37:18,11.95,--,1,1195,买盘
1358,13:37:15,11.95,--,7,9058,卖盘
1359,13:37:09,11.95,--,17,20816,买盘
1360,13:37:06,11.95,--,4,4780,买盘
1361,13:37:03,11.95,--,479,573504,卖盘
1362,13:37:00,11.95,-0.01,10,11950,卖盘
1363,13:36:57,11.96,0.01,57,68172,买盘
1364,13:36:54,11.95,--,140,167300,卖盘
1365,13:36:48,11.95,--,62,74090,卖盘
1366,13:36:45,11.95,--,25,29875,卖盘
1367,13:36:42,11.95,--,172,205540,卖盘
1368,13:36:36,11.95,-0.01,60,71700,卖盘
1369,13:36:33,11.96,--,12,14352,买盘
1370,13:36:30,11.96,0.01,28,33488,买盘
1371,13:36:27,11.95,--,79,94405,卖盘
1372,13:36:24,11.95,-0.01,214,255729,卖盘
1373,13:36:21,11.96,--,2,2392,买盘
1374,13:36:18,11.96,0.01,14,16744,买盘
1375,13:36:15,11.95,-0.01,1,1195,卖盘
1376,13:36:09,11.96,--,3,3588,买盘
1377,13:36:06,11.96,--,20,23920,买盘
1378,13:36:03,11.96,--,20,23920,买盘
1379,13:36:00,11.96,--,22,26312,买盘
1380,13:35:57,11.96,--,119,142324,买盘
1381,13:35:51,11.96,--,1,1196,买盘
1382,13:35:48,11.96,0.01,5,5980,买盘
1383,13:35:45,11.95,--,1,1195,卖盘
1384,13:35:39,11.95,-0.02,837,1000214,卖盘
1385,13:35:36,11.97,--,13,15561,买盘
1386,13:35:33,11.97,0.01,1,1197,买盘
1387,13:35:30,11.96,--,146,174616,卖盘
1388,13:35:27,11.96,-0.01,14,16744,卖盘
1389,13:35:24,11.97,0.01,3,3591,买盘
1390,13:35:21,11.96,--,39,46644,卖盘
1391,13:35:18,11.96,0.01,167,199732,买盘
1392,13:35:15,11.95,-0.01,414,494729,卖盘
1393,13:35:12,11.96,--,110,131560,卖盘
1394,13:35:09,11.96,--,170,203320,卖盘
1395,13:35:06,11.96,--,2,2392,卖盘
1396,13:35:03,11.96,--,76,90896,买盘
1397,13:35:00,11.96,--,2,2392,买盘
1398,13:34:57,11.96,--,40,47840,买盘
1399,13:34:54,11.96,0.01,30,35880,买盘
1400,13:34:51,11.95,--,191,228245,卖盘
1401,13:34:48,11.95,--,86,102770,卖盘
1402,13:34:45,11.95,--,4,4780,卖盘
1403,13:34:42,11.95,-0.01,56,66920,卖盘
1404,13:34:39,11.96,--,48,57408,卖盘
1405,13:34:36,11.96,--,56,66976,买盘
1406,13:34:33,11.96,--,372,444912,买盘
1407,13:34:30,11.96,0.01,107,127972,买盘
1408,13:34:27,11.95,--,1,1195,卖盘
1409,13:34:24,11.95,-0.01,40,47800,卖盘
1410,13:34:21,11.96,--,13,15548,买盘
1411,13:34:18,11.96,--,1,1196,买盘
1412,13:34:15,11.96,--,34,40664,买盘
1413,13:34:09,11.96,--,17,20332,买盘
1414,13:34:06,11.96,--,150,179400,买盘
1415,13:34:03,11.96,--,8,9568,买盘
1416,13:34:00,11.96,--,21,25116,买盘
1417,13:33:57,11.96,--,55,65780,买盘
1418,13:33:54,11.96,--,1,1196,买盘
1419,13:33:48,11.96,0.01,302,361192,买盘
1420,13:33:45,11.95,--,26,31069,卖盘
1421,13:33:39,11.95,--,6,7170,卖盘
1422,13:33:36,11.95,-0.01,28,33460,卖盘
1423,13:33:30,11.96,--,10,11960,买盘
1424,13:33:27,11.96,--,119,142324,卖盘
1425,13:33:24,11.96,--,3,3588,卖盘
1426,13:33:21,11.96,-0.01,10,11960,卖盘
1427,13:33:18,11.97,0.01,7,8379,买盘
1428,13:33:15,11.96,--,101,120796,买盘
1429,13:33:12,11.96,0.01,186,222456,买盘
1430,13:33:09,11.95,--,130,155350,卖盘
1431,13:33:06,11.95,--,101,120695,卖盘
1432,13:33:03,11.95,-0.01,9,10755,卖盘
1433,13:33:00,11.96,--,13,15548,买盘
1434,13:32:57,11.96,--,9,10764,买盘
1435,13:32:54,11.96,--,109,130364,买盘
1436,13:32:51,11.96,--,7,8372,买盘
1437,13:32:48,11.96,0.01,144,172224,买盘
1438,13:32:45,11.95,-0.01,34,40630,卖盘
1439,13:32:39,11.96,0.01,2,2392,买盘
1440,13:32:36,11.95,--,101,120695,卖盘
1441,13:32:33,11.95,--,58,69310,卖盘
1442,13:32:30,11.95,-0.01,37,44215,卖盘
1443,13:32:27,11.96,0.01,36,43056,买盘
1444,13:32:24,11.95,-0.01,70,83650,卖盘
1445,13:32:21,11.96,--,2,2392,买盘
1446,13:32:18,11.96,--,3,3588,买盘
1447,13:32:15,11.96,--,153,182988,买盘
1448,13:32:12,11.96,--,94,112424,买盘
1449,13:32:09,11.96,-0.01,82,98072,卖盘
1450,13:32:06,11.97,0.01,5,5985,买盘
1451,13:32:03,11.96,-0.01,26,31096,卖盘
1452,13:32:00,11.97,0.01,8,9576,买盘
1453,13:31:57,11.96,-0.01,28,33488,卖盘
1454,13:31:54,11.97,0.01,14,16758,买盘
1455,13:31:51,11.96,--,636,760656,买盘
1456,13:31:48,11.96,--,80,95680,买盘
1457,13:31:45,11.96,--,17,20332,买盘
1458,13:31:39,11.96,--,1,1196,买盘
1459,13:31:36,11.96,--,3,3588,买盘
1460,13:31:33,11.96,-0.01,52,62192,买盘
1461,13:31:30,11.97,--,86,102942,买盘
1462,13:31:27,11.97,--,214,256158,买盘
1463,13:31:24,11.97,0.01,47,56259,买盘
1464,13:31:21,11.96,-0.01,76,90896,卖盘
1465,13:31:18,11.97,0.01,41,49077,买盘
1466,13:31:15,11.96,--,143,171028,卖盘
1467,13:31:12,11.96,--,13,15548,卖盘
1468,13:31:09,11.96,--,162,193847,买盘
1469,13:31:06,11.96,--,474,566904,买盘
1470,13:31:03,11.96,--,221,264316,买盘
1471,13:31:00,11.96,--,72,86112,买盘
1472,13:30:57,11.96,--,224,267904,买盘
1473,13:30:54,11.96,--,58,69368,买盘
1474,13:30:51,11.96,--,25,29900,买盘
1475,13:30:48,11.96,--,4,4784,买盘
1476,13:30:45,11.96,0.01,46,55016,买盘
1477,13:30:42,11.95,-0.01,301,359695,卖盘
1478,13:30:39,11.96,--,57,68172,买盘
1479,13:30:36,11.96,0.01,124,148304,买盘
1480,13:30:30,11.95,--,2,2390,卖盘
1481,13:30:27,11.95,--,60,71700,买盘
1482,13:30:24,11.95,0.01,508,607060,买盘
1483,13:30:21,11.94,-0.01,156,186264,卖盘
1484,13:30:18,11.95,--,123,146985,买盘
1485,13:30:15,11.95,--,171,204345,买盘
1486,13:30:12,11.95,--,843,1007384,买盘
1487,13:30:09,11.95,--,52,62139,买盘
1488,13:30:06,11.95,--,68,81260,买盘
1489,13:30:03,11.95,--,1017,1215315,买盘
1490,13:30:00,11.95,--,46,54970,买盘
1491,13:29:57,11.95,--,8,9560,买盘
1492,13:29:54,11.95,--,6,7170,买盘
1493,13:29:51,11.95,0.01,1,1195,买盘
1494,13:29:48,11.94,-0.01,13,15522,卖盘
1495,13:29:45,11.95,0.01,105,125474,买盘
1496,13:29:42,11.94,-0.01,157,187458,卖盘
1497,13:29:39,11.95,0.01,83,99185,买盘
1498,13:29:36,11.94,--,29,34626,卖盘
1499,13:29:33,11.94,0.01,147,175518,买盘
1500,13:29:30,11.93,-0.01,55,65615,卖盘
1501,13:29:27,11.94,--,781,932514,买盘
1502,13:29:24,11.94,--,42,50148,买盘
1503,13:29:21,11.94,--,43,51342,买盘
1504,13:29:18,11.94,0.01,1,1194,买盘
1505,13:29:09,11.93,0.01,32,38176,买盘
1506,13:29:06,11.92,-0.01,1,1192,卖盘
1507,13:29:03,11.93,0.01,6,7158,买盘
1508,13:29:00,11.92,-0.01,8,9536,卖盘
1509,13:28:57,11.93,--,3,3579,买盘
1510,13:28:54,11.93,--,328,391304,买盘
1511,13:28:51,11.93,--,20,23860,买盘
1512,13:28:45,11.93,--,130,155090,买盘
1513,13:28:42,11.93,0.01,250,298369,买盘
1514,13:28:39,11.92,--,82,97744,卖盘
1515,13:28:36,11.92,-0.01,103,122776,卖盘
1516,13:28:33,11.93,0.01,4,4772,买盘
1517,13:28:30,11.92,--,332,395744,卖盘
1518,13:28:27,11.92,--,146,174032,卖盘
1519,13:28:24,11.92,-0.01,4,4768,卖盘
1520,13:28:21,11.93,0.01,11,13123,买盘
1521,13:28:18,11.92,-0.01,2,2384,卖盘
1522,13:28:15,11.93,0.01,1,1193,买盘
1523,13:28:03,11.92,--,368,439609,买盘
1524,13:28:00,11.92,--,3,3576,买盘
1525,13:27:57,11.92,--,18,21456,买盘
1526,13:27:54,11.92,--,112,133504,买盘
1527,13:27:51,11.92,--,105,125160,买盘
1528,13:27:42,11.92,0.01,52,61984,买盘
1529,13:27:39,11.91,--,1,1191,卖盘
1530,13:27:30,11.91,-0.01,25,29775,卖盘
1531,13:27:27,11.92,0.01,1,1192,买盘
1532,13:27:24,11.91,--,151,179841,卖盘
1533,13:27:21,11.91,-0.01,25,29775,卖盘
1534,13:27:18,11.92,0.01,1,1192,买盘
1535,13:27:12,11.91,-0.01,16,19056,卖盘
1536,13:27:09,11.92,--,1,1192,买盘
1537,13:27:06,11.92,--,3,3576,买盘
1538,13:27:03,11.92,--,6,7152,买盘
1539,13:27:00,11.92,--,75,89400,买盘
1540,13:26:57,11.92,--,4,4768,买盘
1541,13:26:54,11.92,--,9,10728,买盘
1542,13:26:48,11.92,0.01,1,1192,买盘
1543,13:26:42,11.91,--,6,7146,卖盘
1544,13:26:36,11.91,--,29,34539,卖盘
1545,13:26:33,11.91,-0.01,30,35730,卖盘
1546,13:26:24,11.92,--,1,1192,买盘
1547,13:26:18,11.92,--,16,19072,买盘
1548,13:26:09,11.92,--,200,238400,买盘
1549,13:26:06,11.92,--,128,152814,买盘
1550,13:26:03,11.92,--,7,8344,买盘
1551,13:26:00,11.92,--,3,3576,买盘
1552,13:25:57,11.92,0.01,3,3576,买盘
1553,13:25:54,11.91,-0.01,1,1191,卖盘
1554,13:25:45,11.92,--,35,41720,卖盘
1555,13:25:42,11.92,-0.01,20,23840,卖盘
1556,13:25:39,11.93,0.01,1,1193,买盘
1557,13:25:36,11.92,--,57,67944,卖盘
1558,13:25:27,11.92,-0.01,4,4768,卖盘
1559,13:25:24,11.93,--,24,28632,买盘
1560,13:25:21,11.93,0.01,47,56071,买盘
1561,13:25:18,11.92,0.02,87,103704,买盘
1562,13:25:06,11.9,-0.03,617,734230,卖盘
1563,13:25:03,11.93,--,6,7158,买盘
1564,13:25:00,11.93,0.01,3,3579,买盘
1565,13:24:57,11.92,--,23,27416,卖盘
1566,13:24:54,11.92,--,151,180015,买盘
1567,13:24:51,11.92,--,5,5960,买盘
1568,13:24:45,11.92,0.01,2,2384,买盘
1569,13:24:39,11.91,--,37,44067,卖盘
1570,13:24:36,11.91,-0.01,153,182223,卖盘
1571,13:24:33,11.92,--,1,1192,买盘
1572,13:24:27,11.92,--,2,2384,卖盘
1573,13:24:18,11.92,--,111,132312,买盘
1574,13:24:15,11.92,--,269,320648,买盘
1575,13:24:09,11.92,--,120,143040,买盘
1576,13:24:06,11.92,0.01,31,36952,买盘
1577,13:24:03,11.91,-0.01,7,8337,卖盘
1578,13:24:00,11.92,--,2,2384,买盘
1579,13:23:57,11.92,0.01,6,7152,买盘
1580,13:23:51,11.91,-0.01,15,17865,卖盘
1581,13:23:48,11.92,0.01,54,64368,中性盘
1582,13:23:39,11.91,-0.01,226,269166,卖盘
1583,13:23:36,11.92,0.01,343,409511,买盘
1584,13:23:30,11.91,--,1,1191,卖盘
1585,13:23:27,11.91,-0.01,2,2382,卖盘
1586,13:23:24,11.92,--,2,2384,买盘
1587,13:23:21,11.92,--,650,774800,买盘
1588,13:23:06,11.92,--,2,2384,买盘
1589,13:23:03,11.92,0.01,9,10728,买盘
1590,13:23:00,11.91,-0.01,26,30966,卖盘
1591,13:22:57,11.92,--,2,2384,买盘
1592,13:22:54,11.92,--,7,8344,买盘
1593,13:22:51,11.92,0.01,57,67944,买盘
1594,13:22:42,11.91,-0.01,57,67887,卖盘
1595,13:22:39,11.92,0.01,7,8344,买盘
1596,13:22:33,11.91,--,26,30966,卖盘
1597,13:22:30,11.91,-0.01,27,32157,卖盘
1598,13:22:27,11.92,--,139,165688,买盘
1599,13:22:21,11.92,--,1,1192,买盘
1600,13:22:18,11.92,0.01,12,14304,买盘
1601,13:22:15,11.91,--,3,3573,卖盘
1602,13:22:12,11.91,--,11,13101,卖盘
1603,13:22:09,11.91,-0.01,1,1191,卖盘
1604,13:22:03,11.92,--,6,7152,买盘
1605,13:22:00,11.92,0.01,134,159728,买盘
1606,13:21:57,11.91,0.01,397,473779,买盘
1607,13:21:54,11.9,--,4,4760,卖盘
1608,13:21:48,11.9,--,10,11900,卖盘
1609,13:21:45,11.9,--,32,38080,卖盘
1610,13:21:42,11.9,--,3,3570,卖盘
1611,13:21:39,11.9,0.01,57,68793,买盘
1612,13:21:36,11.89,-0.01,171,203319,卖盘
1613,13:21:33,11.9,0.01,13,15470,买盘
1614,13:21:27,11.89,-0.01,20,23780,卖盘
1615,13:21:24,11.9,--,30,35700,买盘
1616,13:21:21,11.9,0.01,70,83300,买盘
1617,13:21:18,11.89,-0.01,116,137924,卖盘
1618,13:21:09,11.9,0.01,1,1190,买盘
1619,13:21:03,11.89,-0.01,7,8323,卖盘
1620,13:21:00,11.9,0.01,2,2380,买盘
1621,13:20:57,11.89,-0.01,54,64206,卖盘
1622,13:20:54,11.9,--,7,8330,卖盘
1623,13:20:51,11.9,--,13,15470,买盘
1624,13:20:48,11.9,--,9,10710,买盘
1625,13:20:42,11.9,--,92,109480,买盘
1626,13:20:39,11.9,--,55,65450,买盘
1627,13:20:24,11.9,0.01,1,1190,买盘
1628,13:20:21,11.89,--,14,16646,卖盘
1629,13:20:15,11.89,-0.02,21,24969,卖盘
1630,13:20:12,11.91,0.01,51,60741,买盘
1631,13:20:09,11.9,--,72,85680,卖盘
1632,13:20:06,11.9,--,1,1190,卖盘
1633,13:20:03,11.9,-0.01,505,600950,卖盘
1634,13:20:00,11.91,--,3,3573,买盘
1635,13:19:57,11.91,--,10,11910,买盘
1636,13:19:54,11.91,0.01,26,30966,买盘
1637,13:19:51,11.9,-0.01,32,38080,卖盘
1638,13:19:48,11.91,--,10,11910,买盘
1639,13:19:42,11.91,0.01,5,5955,买盘
1640,13:19:27,11.9,-0.01,1,1190,卖盘
1641,13:19:21,11.91,--,3,3573,买盘
1642,13:19:18,11.91,--,5,5955,买盘
1643,13:19:12,11.91,--,104,123864,买盘
1644,13:19:06,11.91,--,3,3573,买盘
1645,13:19:03,11.91,--,9,10719,买盘
1646,13:19:00,11.91,--,9,10719,买盘
1647,13:18:57,11.91,--,1,1191,买盘
1648,13:18:54,11.91,--,2,2382,买盘
1649,13:18:51,11.91,0.01,177,210807,买盘
1650,13:18:48,11.9,--,25,29750,卖盘
1651,13:18:45,11.9,--,178,211820,买盘
1652,13:18:42,11.9,--,5,5950,买盘
1653,13:18:39,11.9,--,11,13090,买盘
1654,13:18:36,11.9,0.01,4,4760,买盘
1655,13:18:33,11.89,--,530,630170,卖盘
1656,13:18:30,11.89,-0.01,20,23780,卖盘
1657,13:18:24,11.9,--,50,59500,买盘
1658,13:18:15,11.9,--,5,5950,买盘
1659,13:18:12,11.9,0.01,4,4760,买盘
1660,13:18:09,11.89,--,18,21402,卖盘
1661,13:18:06,11.89,-0.01,104,123656,卖盘
1662,13:18:03,11.9,--,36,42840,买盘
1663,13:18:00,11.9,--,2,2380,买盘
1664,13:17:57,11.9,--,1,1190,买盘
1665,13:17:54,11.9,0.01,22,26180,买盘
1666,13:17:48,11.89,--,2,2378,卖盘
1667,13:17:45,11.89,-0.01,4,4756,卖盘
1668,13:17:39,11.9,0.01,14,16660,买盘
1669,13:17:36,11.89,--,37,43993,卖盘
1670,13:17:30,11.89,-0.01,12,14268,卖盘
1671,13:17:24,11.9,--,25,29750,买盘
1672,13:17:21,11.9,--,10,11900,买盘
1673,13:17:18,11.9,--,388,461720,卖盘
1674,13:17:15,11.9,--,8,9520,卖盘
1675,13:17:12,11.9,--,15,17850,卖盘
1676,13:17:09,11.9,-0.01,27,32130,卖盘
1677,13:17:03,11.91,--,98,116718,买盘
1678,13:17:00,11.91,0.01,50,59550,买盘
1679,13:16:57,11.9,-0.01,44,52360,卖盘
1680,13:16:54,11.91,0.01,14,16674,买盘
1681,13:16:51,11.9,--,4,4760,卖盘
1682,13:16:48,11.9,--,19,22610,卖盘
1683,13:16:45,11.9,--,6,7140,卖盘
1684,13:16:36,11.9,--,47,55930,卖盘
1685,13:16:33,11.9,--,6,7140,卖盘
1686,13:16:30,11.9,--,20,23800,卖盘
1687,13:16:24,11.9,--,13,15470,卖盘
1688,13:16:18,11.9,--,124,147560,买盘
1689,13:16:15,11.9,--,33,39270,买盘
1690,13:16:12,11.9,0.01,16,19040,买盘
1691,13:16:09,11.89,--,1,1189,卖盘
1692,13:16:06,11.89,-0.01,15,17835,卖盘
1693,13:16:03,11.9,--,9,10710,买盘
1694,13:15:57,11.9,-0.01,46,54740,卖盘
1695,13:15:54,11.91,0.01,3,3573,买盘
1696,13:15:51,11.9,-0.01,13,15470,卖盘
1697,13:15:48,11.91,0.01,61,72651,买盘
1698,13:15:45,11.9,--,49,58310,卖盘
1699,13:15:42,11.9,--,7,8330,卖盘
1700,13:15:39,11.9,--,18,21420,卖盘
1701,13:15:36,11.9,--,1,1190,卖盘
1702,13:15:33,11.9,-0.01,12,14280,卖盘
1703,13:15:30,11.91,0.01,102,121482,买盘
1704,13:15:27,11.9,--,42,49980,卖盘
1705,13:15:24,11.9,--,3,3570,卖盘
1706,13:15:21,11.9,-0.01,8,9520,卖盘
1707,13:15:18,11.91,0.01,92,109572,买盘
1708,13:15:15,11.9,--,76,90440,卖盘
1709,13:15:12,11.9,--,17,20230,卖盘
1710,13:15:09,11.9,--,352,418880,卖盘
1711,13:15:06,11.9,-0.01,1,1190,卖盘
1712,13:15:03,11.91,0.01,57,67887,买盘
1713,13:14:57,11.9,-0.01,218,259420,卖盘
1714,13:14:54,11.91,0.01,12,14292,买盘
1715,13:14:51,11.9,--,20,23800,买盘
1716,13:14:48,11.9,--,162,192780,卖盘
1717,13:14:42,11.9,--,21,24990,卖盘
1718,13:14:39,11.9,--,199,236810,卖盘
1719,13:14:36,11.9,-0.01,11,13090,卖盘
1720,13:14:33,11.91,0.01,7,8337,买盘
1721,13:14:27,11.9,--,61,72590,卖盘
1722,13:14:24,11.9,-0.01,1,1190,卖盘
1723,13:14:18,11.91,0.01,173,206043,买盘
1724,13:14:15,11.9,--,152,180880,卖盘
1725,13:14:12,11.9,--,4,4760,卖盘
1726,13:14:06,11.9,-0.01,10,11900,卖盘
1727,13:14:03,11.91,--,6,7146,买盘
1728,13:14:00,11.91,--,60,71460,买盘
1729,13:13:57,11.91,--,74,88134,买盘
1730,13:13:54,11.91,0.01,54,64314,买盘
1731,13:13:51,11.9,-0.01,19,22610,卖盘
1732,13:13:39,11.91,--,5,5955,买盘
1733,13:13:36,11.91,0.01,35,41685,买盘
1734,13:13:30,11.9,-0.01,3,3570,卖盘
1735,13:13:27,11.91,0.01,115,136965,买盘
1736,13:13:24,11.9,--,208,247520,卖盘
1737,13:13:18,11.9,-0.01,10,11900,卖盘
1738,13:13:15,11.91,--,215,256065,买盘
1739,13:13:12,11.91,0.01,4,4764,买盘
1740,13:13:09,11.9,--,2,2380,卖盘
1741,13:13:06,11.9,-0.01,10,11900,卖盘
1742,13:13:03,11.91,--,16,19056,买盘
1743,13:13:00,11.91,--,49,58359,买盘
1744,13:12:57,11.91,--,21,25011,买盘
1745,13:12:54,11.91,--,9,10719,买盘
1746,13:12:48,11.91,0.01,61,72651,买盘
1747,13:12:42,11.9,-0.01,131,155890,卖盘
1748,13:12:39,11.91,0.01,133,158403,买盘
1749,13:12:36,11.9,--,6,7140,卖盘
1750,13:12:33,11.9,--,28,33320,卖盘
1751,13:12:27,11.9,--,13,15470,卖盘
1752,13:12:21,11.9,-0.01,1,1190,卖盘
1753,13:12:18,11.91,--,1,1191,买盘
1754,13:12:15,11.91,--,5,5955,买盘
1755,13:12:06,11.91,--,21,25011,买盘
1756,13:12:03,11.91,0.01,477,568107,买盘
1757,13:12:00,11.9,-0.01,10,11900,卖盘
1758,13:11:54,11.91,--,4,4764,买盘
1759,13:11:51,11.91,0.01,3,3573,买盘
1760,13:11:48,11.9,-0.01,49,58310,卖盘
1761,13:11:45,11.91,0.01,27,32157,买盘
1762,13:11:42,11.9,-0.01,20,23800,卖盘
1763,13:11:39,11.91,0.01,85,101235,买盘
1764,13:11:36,11.9,--,30,35700,卖盘
1765,13:11:33,11.9,-0.01,3,3570,卖盘
1766,13:11:24,11.91,--,5,5955,买盘
1767,13:11:21,11.91,--,341,406131,卖盘
1768,13:11:15,11.91,-0.01,66,78606,卖盘
1769,13:11:12,11.92,0.01,54,64368,买盘
1770,13:11:06,11.91,-0.01,1,1191,卖盘
1771,13:11:03,11.92,0.01,6,7152,买盘
1772,13:11:00,11.91,-0.01,53,63123,卖盘
1773,13:10:57,11.92,--,50,59600,买盘
1774,13:10:54,11.92,0.01,54,64368,买盘
1775,13:10:51,11.91,--,41,48831,卖盘
1776,13:10:45,11.91,-0.01,42,50022,卖盘
1777,13:10:42,11.92,0.01,3,3576,买盘
1778,13:10:36,11.91,--,25,29775,卖盘
1779,13:10:33,11.91,--,3,3573,卖盘
1780,13:10:27,11.91,--,48,57168,卖盘
1781,13:10:24,11.91,--,1,1191,卖盘
1782,13:10:18,11.91,-0.01,55,65505,卖盘
1783,13:10:15,11.92,0.01,6,7152,买盘
1784,13:10:12,11.91,--,46,54786,卖盘
1785,13:10:06,11.91,-0.01,1,1191,卖盘
1786,13:10:03,11.92,0.01,6,7152,买盘
1787,13:10:00,11.91,--,3,3573,卖盘
1788,13:09:57,11.91,-0.01,242,288222,卖盘
1789,13:09:54,11.92,--,19,22648,买盘
1790,13:09:51,11.92,--,84,100128,买盘
1791,13:09:48,11.92,0.01,27,32184,买盘
1792,13:09:45,11.91,-0.01,1,1191,卖盘
1793,13:09:42,11.92,--,33,39336,买盘
1794,13:09:39,11.92,0.01,1,1192,买盘
1795,13:09:36,11.91,--,68,80988,卖盘
1796,13:09:30,11.91,--,10,11910,卖盘
1797,13:09:27,11.91,--,17,20247,卖盘
1798,13:09:24,11.91,--,51,60741,卖盘
1799,13:09:21,11.91,-0.01,10,11910,卖盘
1800,13:09:18,11.92,--,6,7152,买盘
1801,13:09:15,11.92,0.01,4,4768,买盘
1802,13:09:12,11.91,--,1,1191,卖盘
1803,13:09:06,11.91,--,6,7146,卖盘
1804,13:09:03,11.91,-0.01,7,8337,卖盘
1805,13:08:54,11.92,--,4,4768,买盘
1806,13:08:48,11.92,--,44,52448,买盘
1807,13:08:45,11.92,0.01,18,21456,买盘
1808,13:08:42,11.91,--,5,5955,卖盘
1809,13:08:36,11.91,--,30,35730,卖盘
1810,13:08:27,11.91,--,4,4764,卖盘
1811,13:08:24,11.91,--,7,8337,卖盘
1812,13:08:15,11.91,-0.01,13,15483,卖盘
1813,13:08:03,11.92,--,95,113240,买盘
1814,13:08:00,11.92,--,19,22648,买盘
1815,13:07:57,11.92,--,6,7152,买盘
1816,13:07:54,11.92,--,5,5960,买盘
1817,13:07:45,11.92,0.01,17,20264,买盘
1818,13:07:42,11.91,-0.01,107,127437,卖盘
1819,13:07:36,11.92,--,47,56024,买盘
1820,13:07:30,11.92,--,8,9536,买盘
1821,13:07:27,11.92,--,70,83440,买盘
1822,13:07:21,11.92,0.01,3,3576,买盘
1823,13:07:18,11.91,-0.01,100,119100,卖盘
1824,13:07:12,11.92,0.01,4,4768,买盘
1825,13:07:09,11.91,--,4,4764,卖盘
1826,13:07:06,11.91,--,2,2382,卖盘
1827,13:07:03,11.91,--,45,53595,买盘
1828,13:07:00,11.91,--,3,3573,买盘
1829,13:06:54,11.91,--,5,5955,买盘
1830,13:06:48,11.91,0.01,29,34539,买盘
1831,13:06:45,11.9,-0.01,9,10710,卖盘
1832,13:06:42,11.91,0.01,8,9528,买盘
1833,13:06:36,11.9,-0.01,9,10710,卖盘
1834,13:06:33,11.91,--,9,10719,卖盘
1835,13:06:27,11.91,0.01,23,27393,买盘
1836,13:06:24,11.9,-0.01,50,59500,卖盘
1837,13:06:18,11.91,-0.01,10,11910,卖盘
1838,13:06:15,11.92,--,93,110856,买盘
1839,13:06:12,11.92,0.01,25,29800,买盘
1840,13:06:09,11.91,-0.01,5,5955,卖盘
1841,13:06:06,11.92,0.01,19,22648,买盘
1842,13:06:03,11.91,-0.01,6,7146,买盘
1843,13:05:57,11.92,0.01,17,20264,买盘
1844,13:05:54,11.91,0.01,4,4764,买盘
1845,13:05:51,11.9,-0.02,50,59500,卖盘
1846,13:05:48,11.92,--,1,1192,买盘
1847,13:05:45,11.92,0.02,47,56024,买盘
1848,13:05:42,11.9,--,70,83300,卖盘
1849,13:05:36,11.9,--,31,36890,卖盘
1850,13:05:33,11.9,--,1,1190,卖盘
1851,13:05:24,11.9,-0.02,20,23800,卖盘
1852,13:05:18,11.92,0.01,6,7152,买盘
1853,13:05:15,11.91,0.01,10,11910,中性盘
1854,13:05:03,11.9,-0.01,40,47600,卖盘
1855,13:05:00,11.91,-0.01,16,19056,卖盘
1856,13:04:57,11.92,--,1,1192,买盘
1857,13:04:54,11.92,0.01,10,11920,买盘
1858,13:04:48,11.91,--,3,3573,卖盘
1859,13:04:36,11.91,-0.01,10,11910,卖盘
1860,13:04:30,11.92,--,10,11920,买盘
1861,13:04:27,11.92,--,99,118008,买盘
1862,13:04:24,11.92,--,1,1192,买盘
1863,13:04:21,11.92,--,5,5960,买盘
1864,13:04:18,11.92,--,8,9536,卖盘
1865,13:04:15,11.92,-0.01,1,1192,卖盘
1866,13:04:09,11.93,--,21,25053,买盘
1867,13:04:00,11.93,0.01,14,16702,买盘
1868,13:03:57,11.92,--,139,165688,卖盘
1869,13:03:54,11.92,--,15,17880,卖盘
1870,13:03:45,11.92,--,10,11920,卖盘
1871,13:03:42,11.92,0.01,33,39336,买盘
1872,13:03:30,11.91,-0.02,43,51213,卖盘
1873,13:03:27,11.93,0.01,185,220705,买盘
1874,13:03:24,11.92,--,1,1192,买盘
1875,13:03:21,11.92,0.01,6,7152,买盘
1876,13:03:18,11.91,--,10,11910,卖盘
1877,13:03:09,11.91,-0.01,16,19056,卖盘
1878,13:02:57,11.92,--,7,8344,买盘
1879,13:02:54,11.92,0.01,8,9536,买盘
1880,13:02:51,11.91,-0.01,15,17865,卖盘
1881,13:02:45,11.92,0.01,1,1192,买盘
1882,13:02:42,11.91,--,26,30966,卖盘
1883,13:02:39,11.91,--,13,15483,买盘
1884,13:02:36,11.91,--,3,3573,卖盘
1885,13:02:30,11.91,-0.01,20,23820,卖盘
1886,13:02:24,11.92,0.01,1,1192,买盘
1887,13:02:18,11.91,0.01,1,1191,买盘
1888,13:02:12,11.9,-0.03,4,4760,卖盘
1889,13:02:09,11.93,0.01,242,288706,买盘
1890,13:02:06,11.92,0.01,116,138272,买盘
1891,13:02:03,11.91,--,10,11910,卖盘
1892,13:02:00,11.91,-0.01,40,47640,卖盘
1893,13:01:54,11.92,--,13,15496,买盘
1894,13:01:51,11.92,--,17,20264,买盘
1895,13:01:48,11.92,--,70,83440,卖盘
1896,13:01:42,11.92,-0.01,1,1192,卖盘
1897,13:01:33,11.93,--,227,270811,买盘
1898,13:01:27,11.93,--,77,91861,买盘
1899,13:01:24,11.93,--,25,29825,买盘
1900,13:01:15,11.93,--,302,360286,买盘
1901,13:01:12,11.93,--,5,5965,买盘
1902,13:01:09,11.93,0.02,47,56071,买盘
1903,13:01:06,11.91,-0.02,8,9528,卖盘
1904,13:01:03,11.93,--,9,10737,买盘
1905,13:00:54,11.93,--,92,109756,买盘
1906,13:00:48,11.93,-0.01,69,82317,卖盘
1907,13:00:45,11.94,0.01,18,21492,买盘
1908,13:00:42,11.93,--,31,36983,卖盘
1909,13:00:39,11.93,--,1,1193,卖盘
1910,13:00:36,11.93,--,3,3579,卖盘
1911,13:00:33,11.93,--,51,60843,买盘
1912,13:00:30,11.93,--,14,16702,买盘
1913,13:00:24,11.93,0.01,1,1193,买盘
1914,13:00:21,11.92,--,25,29800,买盘
1915,13:00:18,11.92,0.02,14,16688,买盘
1916,13:00:12,11.9,--,334,397460,卖盘
1917,13:00:09,11.9,-0.01,378,449820,卖盘
1918,13:00:06,11.91,-0.02,263,313233,卖盘
1919,13:00:03,11.93,--,2345,2797585,买盘
1920,13:00:00,11.93,--,0,0,买盘
1921,11:30:00,11.93,--,16,19088,买盘
1922,11:29:54,11.93,--,2,2386,买盘
1923,11:29:48,11.93,--,63,75159,买盘
1924,11:29:45,11.93,0.01,15,17895,买盘
1925,11:29:39,11.92,-0.01,177,210984,卖盘
1926,11:29:33,11.93,0.01,49,58457,买盘
1927,11:29:30,11.92,-0.01,142,169264,卖盘
1928,11:29:27,11.93,--,20,23860,买盘
1929,11:29:24,11.93,--,2,2386,买盘
1930,11:29:18,11.93,--,6,7158,买盘
1931,11:29:15,11.93,0.01,1,1193,买盘
1932,11:29:12,11.92,-0.01,511,609112,卖盘
1933,11:29:06,11.93,--,27,32211,买盘
1934,11:29:03,11.93,--,96,114528,买盘
1935,11:28:54,11.93,--,2,2386,买盘
1936,11:28:42,11.93,--,11,13123,买盘
1937,11:28:39,11.93,0.01,40,47720,买盘
1938,11:28:36,11.92,-0.01,20,23840,卖盘
1939,11:28:33,11.93,0.01,65,77545,买盘
1940,11:28:30,11.92,--,201,239592,卖盘
1941,11:28:24,11.92,--,28,33376,买盘
1942,11:28:21,11.92,--,12,14304,卖盘
1943,11:28:18,11.92,-0.01,5,5960,买盘
1944,11:28:15,11.93,0.01,200,238600,买盘
1945,11:28:12,11.92,--,9,10728,买盘
1946,11:28:09,11.92,--,8,9536,买盘
1947,11:28:06,11.92,-0.01,14,16688,卖盘
1948,11:28:03,11.93,--,13,15509,买盘
1949,11:27:54,11.93,0.01,2,2386,买盘
1950,11:27:45,11.92,--,23,27416,买盘
1951,11:27:42,11.92,--,5,5960,买盘
1952,11:27:39,11.92,--,4,4768,买盘
1953,11:27:36,11.92,--,3,3576,买盘
1954,11:27:24,11.92,0.02,14,16688,买盘
1955,11:27:21,11.9,-0.01,7,8330,卖盘
1956,11:27:18,11.91,-0.01,292,347772,卖盘
1957,11:27:15,11.92,--,90,107280,买盘
1958,11:27:06,11.92,--,16,19072,买盘
1959,11:27:03,11.92,--,5,5960,买盘
1960,11:26:57,11.92,0.01,2306,2748752,买盘
1961,11:26:54,11.91,--,45,53595,买盘
1962,11:26:51,11.91,--,14,16674,买盘
1963,11:26:45,11.91,--,63,75033,买盘
1964,11:26:42,11.91,--,1,1191,买盘
1965,11:26:33,11.91,--,2,2382,买盘
1966,11:26:30,11.91,--,200,238200,买盘
1967,11:26:27,11.91,--,3,3573,买盘
1968,11:26:21,11.91,--,42,50022,买盘
1969,11:26:18,11.91,--,7,8337,买盘
1970,11:26:15,11.91,--,2,2382,买盘
1971,11:26:12,11.91,0.01,230,273930,买盘
1972,11:26:09,11.9,-0.01,83,98770,卖盘
1973,11:26:03,11.91,0.01,9,10719,买盘
1974,11:26:00,11.9,-0.01,5,5950,卖盘
1975,11:25:57,11.91,--,40,47640,买盘
1976,11:25:54,11.91,0.01,2,2382,买盘
1977,11:25:51,11.9,-0.01,236,280840,卖盘
1978,11:25:45,11.91,0.01,1,1191,买盘
1979,11:25:39,11.9,-0.01,85,101150,卖盘
1980,11:25:30,11.91,--,1,1191,买盘
1981,11:25:27,11.91,--,87,103617,买盘
1982,11:25:24,11.91,0.01,50,59550,买盘
1983,11:25:21,11.9,--,1,1190,卖盘
1984,11:25:18,11.9,-0.01,18,21420,卖盘
1985,11:25:15,11.91,--,14,16674,买盘
1986,11:25:12,11.91,--,2,2382,买盘
1987,11:25:09,11.91,--,129,153639,买盘
1988,11:25:03,11.91,--,6,7146,买盘
1989,11:24:57,11.91,--,48,57168,买盘
1990,11:24:54,11.91,--,2,2382,买盘
1991,11:24:51,11.91,0.01,9,10719,买盘
1992,11:24:48,11.9,-0.01,13,15470,卖盘
1993,11:24:42,11.91,0.01,12,14292,买盘
1994,11:24:39,11.9,-0.01,10,11900,卖盘
1995,11:24:33,11.91,--,24,28584,买盘
1996,11:24:27,11.91,0.01,8,9528,买盘
1997,11:24:24,11.9,--,30,35700,卖盘
1998,11:24:18,11.9,--,4,4760,卖盘
1999,11:24:09,11.9,--,4,4760,卖盘
2000,11:24:06,11.9,--,26,30940,卖盘
2001,11:24:03,11.9,--,7,8330,卖盘
2002,11:23:57,11.9,-0.01,12,14280,卖盘
2003,11:23:54,11.91,0.01,2,2382,买盘
2004,11:23:51,11.9,-0.01,18,21420,卖盘
2005,11:23:45,11.91,0.01,1,1191,买盘
2006,11:23:42,11.9,-0.01,30,35700,卖盘
2007,11:23:39,11.91,0.01,287,341817,买盘
2008,11:23:33,11.9,-0.01,26,30940,卖盘
2009,11:23:30,11.91,0.01,100,119100,买盘
2010,11:23:24,11.9,-0.01,30,35700,卖盘
2011,11:23:21,11.91,0.01,11,13101,买盘
2012,11:23:15,11.9,-0.01,12,14280,卖盘
2013,11:23:12,11.91,0.01,23,27393,买盘
2014,11:23:09,11.9,--,86,102340,卖盘
2015,11:23:06,11.9,--,3,3570,卖盘
2016,11:23:03,11.9,--,15,17850,卖盘
2017,11:23:00,11.9,-0.01,10,11900,卖盘
2018,11:22:54,11.91,--,23,27393,买盘
2019,11:22:51,11.91,0.01,10,11910,买盘
2020,11:22:48,11.9,--,25,29750,卖盘
2021,11:22:45,11.9,--,139,165410,卖盘
2022,11:22:42,11.9,--,40,47600,卖盘
2023,11:22:39,11.9,--,11,13090,卖盘
2024,11:22:36,11.9,--,3,3570,卖盘
2025,11:22:33,11.9,--,10,11900,卖盘
2026,11:22:21,11.9,--,1,1190,卖盘
2027,11:22:15,11.9,-0.01,9,10710,卖盘
2028,11:22:09,11.91,--,2,2382,买盘
2029,11:22:03,11.91,0.01,7,8337,买盘
2030,11:22:00,11.9,--,28,33320,卖盘
2031,11:21:57,11.9,-0.01,20,23800,卖盘
2032,11:21:54,11.91,0.01,2,2382,买盘
2033,11:21:51,11.9,--,88,104720,卖盘
2034,11:21:48,11.9,-0.01,1,1190,卖盘
2035,11:21:45,11.91,0.01,45,53595,买盘
2036,11:21:42,11.9,--,80,95200,卖盘
2037,11:21:39,11.9,--,8,9520,卖盘
2038,11:21:36,11.9,--,100,119000,卖盘
2039,11:21:33,11.9,--,5,5950,卖盘
2040,11:21:30,11.9,-0.01,12,14280,卖盘
2041,11:21:27,11.91,0.01,6,7146,买盘
2042,11:21:24,11.9,-0.01,40,47600,卖盘
2043,11:21:21,11.91,0.01,77,91707,买盘
2044,11:21:18,11.9,--,3,3570,卖盘
2045,11:21:15,11.9,--,35,41650,卖盘
2046,11:21:12,11.9,--,167,198730,买盘
2047,11:21:06,11.9,0.01,37,44030,买盘
2048,11:21:03,11.89,-0.01,8,9512,卖盘
2049,11:21:00,11.9,--,200,238000,买盘
2050,11:20:54,11.9,--,2,2380,买盘
2051,11:20:51,11.9,--,10,11900,买盘
2052,11:20:48,11.9,--,93,110670,买盘
2053,11:20:45,11.9,--,10,11900,买盘
2054,11:20:42,11.9,0.01,15,17850,买盘
2055,11:20:39,11.89,-0.01,65,77285,卖盘
2056,11:20:36,11.9,--,1,1190,买盘
2057,11:20:30,11.9,0.01,50,59500,买盘
2058,11:20:27,11.89,-0.01,43,51127,卖盘
2059,11:20:24,11.9,0.01,5,5950,买盘
2060,11:20:21,11.89,-0.01,2,2378,卖盘
2061,11:20:18,11.9,--,5,5950,买盘
2062,11:20:15,11.9,0.01,3,3570,买盘
2063,11:20:09,11.89,-0.01,3,3567,卖盘
2064,11:20:06,11.9,--,186,221340,买盘
2065,11:20:03,11.9,0.01,93,110670,买盘
2066,11:19:57,11.89,-0.01,20,23780,卖盘
2067,11:19:54,11.9,0.01,2,2380,买盘
2068,11:19:51,11.89,--,20,23780,卖盘
2069,11:19:48,11.89,-0.01,115,136735,卖盘
2070,11:19:42,11.9,--,2,2380,买盘
2071,11:19:39,11.9,--,1,1190,买盘
2072,11:19:33,11.9,--,112,133280,买盘
2073,11:19:30,11.9,--,1,1190,买盘
2074,11:19:24,11.9,--,5,5950,买盘
2075,11:19:15,11.9,0.01,1,1190,买盘
2076,11:19:12,11.89,--,15,17835,卖盘
2077,11:19:09,11.89,--,6,7134,卖盘
2078,11:19:06,11.89,-0.01,6,7134,卖盘
2079,11:19:03,11.9,0.01,23,27370,买盘
2080,11:19:00,11.89,-0.01,96,114144,卖盘
2081,11:18:54,11.9,0.01,2,2380,买盘
2082,11:18:51,11.89,-0.01,20,23780,卖盘
2083,11:18:48,11.9,0.01,6,7140,买盘
2084,11:18:39,11.89,-0.01,39,46371,卖盘
2085,11:18:36,11.9,0.01,1,1190,买盘
2086,11:18:30,11.89,-0.01,13,15457,卖盘
2087,11:18:27,11.9,--,54,64260,买盘
2088,11:18:24,11.9,--,18,21420,买盘
2089,11:18:21,11.9,--,19,22610,买盘
2090,11:18:18,11.9,--,4,4760,买盘
2091,11:18:15,11.9,--,93,110670,买盘
2092,11:18:09,11.9,0.01,142,168980,买盘
2093,11:18:06,11.89,-0.01,5,5945,卖盘
2094,11:18:03,11.9,0.01,6,7140,买盘
2095,11:18:00,11.89,--,1,1189,卖盘
2096,11:17:54,11.89,-0.01,10,11890,卖盘
2097,11:17:51,11.9,--,13,15470,买盘
2098,11:17:48,11.9,--,1,1190,买盘
2099,11:17:45,11.9,--,54,64260,买盘
2100,11:17:42,11.9,--,1,1190,买盘
2101,11:17:39,11.9,--,1,1190,买盘
2102,11:17:36,11.9,--,5,5950,买盘
2103,11:17:33,11.9,--,3,3570,买盘
2104,11:17:24,11.9,--,240,285600,买盘
2105,11:17:15,11.9,0.01,6,7140,买盘
2106,11:17:06,11.89,-0.01,18,21402,卖盘
2107,11:17:03,11.9,--,15,17850,买盘
2108,11:16:54,11.9,0.01,2,2380,买盘
2109,11:16:51,11.89,--,354,420906,卖盘
2110,11:16:48,11.89,-0.01,5,5945,卖盘
2111,11:16:39,11.9,0.01,7,8330,买盘
2112,11:16:30,11.89,-0.01,71,84419,卖盘
2113,11:16:27,11.9,--,87,103530,买盘
2114,11:16:21,11.9,--,14,16660,买盘
2115,11:16:18,11.9,--,1,1190,买盘
2116,11:16:15,11.9,--,2,2380,买盘
2117,11:16:12,11.9,0.01,30,35700,买盘
2118,11:16:09,11.89,--,3,3567,卖盘
2119,11:16:06,11.89,--,6,7134,卖盘
2120,11:16:03,11.89,--,26,30914,卖盘
2121,11:15:57,11.89,-0.01,55,65395,卖盘
2122,11:15:54,11.9,--,2,2380,买盘
2123,11:15:48,11.9,0.01,1,1190,买盘
2124,11:15:45,11.89,-0.01,6,7134,卖盘
2125,11:15:39,11.9,--,1,1190,买盘
2126,11:15:33,11.9,0.01,33,39270,买盘
2127,11:15:30,11.89,--,1,1189,卖盘
2128,11:15:24,11.89,--,1,1189,卖盘
2129,11:15:21,11.89,--,11,13079,卖盘
2130,11:15:18,11.89,--,12,14268,卖盘
2131,11:15:15,11.89,--,15,17835,卖盘
2132,11:15:12,11.89,-0.02,51,60639,卖盘
2133,11:15:09,11.91,0.02,6,7146,买盘
2134,11:15:06,11.89,-0.02,13,15457,卖盘
2135,11:15:03,11.91,0.01,5,5955,买盘
2136,11:15:00,11.9,--,208,248269,买盘
2137,11:14:54,11.9,0.01,282,335580,买盘
2138,11:14:51,11.89,--,71,84419,卖盘
2139,11:14:42,11.89,--,1,1189,卖盘
2140,11:14:39,11.89,--,99,117711,卖盘
2141,11:14:36,11.89,-0.01,63,74907,卖盘
2142,11:14:33,11.9,--,538,640422,卖盘
2143,11:14:30,11.9,-0.01,8,9520,卖盘
2144,11:14:27,11.91,--,5,5955,买盘
2145,11:14:24,11.91,0.01,110,131010,买盘
2146,11:14:21,11.9,--,80,95200,卖盘
2147,11:14:18,11.9,--,8,9520,卖盘
2148,11:14:15,11.9,-0.01,8,9520,卖盘
2149,11:14:09,11.91,--,374,445434,买盘
2150,11:14:06,11.91,0.01,55,65505,买盘
2151,11:14:03,11.9,-0.01,7,8330,卖盘
2152,11:13:54,11.91,--,2,2382,买盘
2153,11:13:51,11.91,0.01,230,274918,买盘
2154,11:13:48,11.9,-0.01,43,51170,卖盘
2155,11:13:45,11.91,--,10,11910,买盘
2156,11:13:42,11.91,--,6,7146,买盘
2157,11:13:39,11.91,--,1,1191,买盘
2158,11:13:36,11.91,0.01,19,22629,买盘
2159,11:13:33,11.9,--,3,3570,卖盘
2160,11:13:24,11.9,-0.01,30,35700,卖盘
2161,11:13:15,11.91,--,1,1191,买盘
2162,11:13:12,11.91,0.01,7,8337,买盘
2163,11:13:09,11.9,-0.01,20,23800,卖盘
2164,11:13:06,11.91,--,19,22629,买盘
2165,11:13:03,11.91,--,36,42876,买盘
2166,11:13:00,11.91,--,5,5955,买盘
2167,11:12:54,11.91,--,2,2382,买盘
2168,11:12:51,11.91,--,141,167931,买盘
2169,11:12:45,11.91,0.01,24,28584,买盘
2170,11:12:42,11.9,--,1,1190,卖盘
2171,11:12:39,11.9,-0.01,11,13090,卖盘
2172,11:12:36,11.91,--,10,11910,买盘
2173,11:12:33,11.91,0.01,7,8337,买盘
2174,11:12:30,11.9,-0.01,5,5950,卖盘
2175,11:12:21,11.91,--,79,94089,买盘
2176,11:12:18,11.91,0.01,4,4764,买盘
2177,11:12:15,11.9,-0.01,16,19040,卖盘
2178,11:12:06,11.91,--,25,29775,买盘
2179,11:12:03,11.91,--,6,7146,买盘
2180,11:11:54,11.91,0.01,2,2382,买盘
2181,11:11:48,11.9,-0.01,4,4760,卖盘
2182,11:11:36,11.91,0.01,1,1191,买盘
2183,11:11:33,11.9,--,6,7140,卖盘
2184,11:11:30,11.9,-0.01,78,92820,卖盘
2185,11:11:21,11.91,--,3,3573,买盘
2186,11:11:15,11.91,--,5,5955,买盘
2187,11:11:12,11.91,0.01,1,1191,买盘
2188,11:11:06,11.9,--,11,13090,卖盘
2189,11:11:03,11.9,-0.01,162,192780,卖盘
2190,11:11:00,11.91,--,22,26202,买盘
2191,11:10:57,11.91,--,145,172695,买盘
2192,11:10:54,11.91,--,2,2382,买盘
2193,11:10:48,11.91,0.01,2,2382,买盘
2194,11:10:45,11.9,-0.01,46,54740,卖盘
2195,11:10:42,11.91,--,23,27393,买盘
2196,11:10:36,11.91,0.01,8,9528,买盘
2197,11:10:33,11.9,-0.01,55,65450,卖盘
2198,11:10:30,11.91,0.01,2,2382,买盘
2199,11:10:27,11.9,--,3,3570,卖盘
2200,11:10:18,11.9,--,13,15470,卖盘
2201,11:10:15,11.9,-0.01,21,24990,卖盘
2202,11:10:12,11.91,0.01,5,5955,买盘
2203,11:10:06,11.9,-0.01,33,39270,卖盘
2204,11:10:03,11.91,0.01,6,7146,买盘
2205,11:09:57,11.9,-0.01,24,28560,卖盘
2206,11:09:54,11.91,0.01,5,5955,买盘
2207,11:09:51,11.9,-0.01,2,2380,卖盘
2208,11:09:48,11.91,0.01,8,9528,买盘
2209,11:09:45,11.9,-0.01,10,11900,卖盘
2210,11:09:39,11.91,0.01,2,2382,买盘
2211,11:09:36,11.9,--,5,5950,卖盘
2212,11:09:33,11.9,--,22,26180,卖盘
2213,11:09:30,11.9,-0.01,30,35700,卖盘
2214,11:09:24,11.91,0.01,6,7146,买盘
2215,11:09:15,11.9,-0.01,145,172550,卖盘
2216,11:09:12,11.91,--,3,3573,买盘
2217,11:09:09,11.91,0.01,3,3573,买盘
2218,11:09:06,11.9,-0.01,55,65450,卖盘
2219,11:09:03,11.91,0.01,6,7146,买盘
2220,11:09:00,11.9,--,13,15470,卖盘
2221,11:08:57,11.9,--,35,41650,买盘
2222,11:08:54,11.9,--,2,2380,买盘
2223,11:08:51,11.9,--,9,10710,买盘
2224,11:08:45,11.9,--,50,59500,买盘
2225,11:08:42,11.9,--,25,29750,买盘
2226,11:08:39,11.9,0.01,5,5950,买盘
2227,11:08:36,11.89,-0.01,2,2378,卖盘
2228,11:08:33,11.9,--,37,44030,买盘
2229,11:08:27,11.9,--,11,13090,买盘
2230,11:08:24,11.9,--,15,17850,买盘
2231,11:08:18,11.9,--,25,29750,买盘
2232,11:08:15,11.9,--,1,1190,买盘
2233,11:08:12,11.9,0.01,3,3570,买盘
2234,11:08:09,11.89,--,26,30914,卖盘
2235,11:08:06,11.89,-0.01,5,5945,卖盘
2236,11:08:03,11.9,--,6,7140,买盘
2237,11:07:54,11.9,--,2,2380,买盘
2238,11:07:51,11.9,--,16,19040,买盘
2239,11:07:48,11.9,0.01,1,1190,买盘
2240,11:07:45,11.89,-0.01,69,82041,卖盘
2241,11:07:42,11.9,0.01,30,35700,买盘
2242,11:07:39,11.89,-0.01,78,92742,卖盘
2243,11:07:36,11.9,--,1,1190,买盘
2244,11:07:30,11.9,-0.01,1,1190,买盘
2245,11:07:27,11.91,--,85,101235,买盘
2246,11:07:24,11.91,0.01,1000,1191000,买盘
2247,11:07:15,11.9,--,37,44970,卖盘
2248,11:07:12,11.9,--,32,38080,卖盘
2249,11:07:09,11.9,--,56,66889,买盘
2250,11:07:06,11.9,0.01,11,13090,买盘
2251,11:07:03,11.89,--,46,54694,卖盘
2252,11:06:57,11.89,-0.01,58,68962,卖盘
2253,11:06:54,11.9,--,5,5950,买盘
2254,11:06:51,11.9,--,1,1190,买盘
2255,11:06:39,11.9,--,22,27120,卖盘
2256,11:06:36,11.9,0.01,978,1164069,买盘
2257,11:06:33,11.89,--,1,1189,买盘
2258,11:06:24,11.89,--,5,5945,买盘
2259,11:06:12,11.89,--,14,16646,买盘
2260,11:06:06,11.89,--,105,124845,买盘
2261,11:06:03,11.89,--,6,7134,买盘
2262,11:06:00,11.89,--,1,1189,买盘
2263,11:05:57,11.89,--,5,5945,买盘
2264,11:05:54,11.89,--,8,9512,买盘
2265,11:05:48,11.89,--,50,59450,买盘
2266,11:05:45,11.89,--,1,1189,买盘
2267,11:05:39,11.89,--,90,107010,买盘
2268,11:05:36,11.89,--,37,43993,买盘
2269,11:05:27,11.89,--,100,118900,买盘
2270,11:05:24,11.89,--,5,5945,买盘
2271,11:05:15,11.89,0.01,8,9512,买盘
2272,11:05:12,11.88,-0.01,2,2376,卖盘
2273,11:05:09,11.89,0.01,53,63017,买盘
2274,11:05:06,11.88,-0.01,55,65340,卖盘
2275,11:05:03,11.89,--,9,10701,买盘
2276,11:05:00,11.89,0.01,1,1189,买盘
2277,11:04:57,11.88,--,3,3564,卖盘
2278,11:04:54,11.88,-0.01,31,36828,卖盘
2279,11:04:48,11.89,--,4,4756,买盘
2280,11:04:42,11.89,--,5,5945,买盘
2281,11:04:39,11.89,--,17,20213,买盘
2282,11:04:36,11.89,0.01,1,1189,买盘
2283,11:04:33,11.88,-0.01,39,46332,卖盘
2284,11:04:30,11.89,0.01,1,1189,买盘
2285,11:04:27,11.88,--,782,929681,卖盘
2286,11:04:24,11.88,--,34,40392,卖盘
2287,11:04:12,11.88,--,12,14256,卖盘
2288,11:04:06,11.88,-0.01,5,5940,卖盘
2289,11:04:03,11.89,0.01,6,7134,买盘
2290,11:04:00,11.88,-0.01,35,41580,卖盘
2291,11:03:57,11.89,--,1,1189,买盘
2292,11:03:54,11.89,--,2,2378,买盘
2293,11:03:51,11.89,0.01,96,114144,买盘
2294,11:03:42,11.88,--,5,5940,卖盘
2295,11:03:39,11.88,-0.01,54,64152,卖盘
2296,11:03:36,11.89,--,32,38048,买盘
2297,11:03:30,11.89,--,165,196185,买盘
2298,11:03:24,11.89,--,10,11890,买盘
2299,11:03:21,11.89,--,48,57072,买盘
2300,11:03:15,11.89,--,2,2378,买盘
2301,11:03:12,11.89,--,6,7134,买盘
2302,11:03:09,11.89,0.01,1,1189,买盘
2303,11:03:06,11.88,--,6,7128,卖盘
2304,11:03:03,11.88,-0.01,50,59400,卖盘
2305,11:03:00,11.89,--,52,61828,买盘
2306,11:02:57,11.89,--,10,11890,买盘
2307,11:02:54,11.89,--,2,2378,买盘
2308,11:02:48,11.89,0.01,2,2378,买盘
2309,11:02:45,11.88,-0.01,3,3564,卖盘
2310,11:02:42,11.89,0.01,72,85608,买盘
2311,11:02:39,11.88,-0.01,11,13068,卖盘
2312,11:02:36,11.89,--,67,79663,买盘
2313,11:02:33,11.89,0.01,10,11890,买盘
2314,11:02:30,11.88,-0.01,132,156816,卖盘
2315,11:02:21,11.89,--,8,9512,卖盘
2316,11:02:15,11.89,0.01,194,230666,买盘
2317,11:02:12,11.88,-0.01,60,71280,卖盘
2318,11:02:06,11.89,--,29,34481,卖盘
2319,11:02:03,11.89,0.01,108,128412,买盘
2320,11:02:00,11.88,--,48,57024,卖盘
2321,11:01:57,11.88,-0.01,17,20196,卖盘
2322,11:01:54,11.89,--,63,74907,卖盘
2323,11:01:51,11.89,--,8,9512,卖盘
2324,11:01:48,11.89,-0.01,49,58261,卖盘
2325,11:01:45,11.9,0.01,16,19040,买盘
2326,11:01:39,11.89,--,39,46371,卖盘
2327,11:01:36,11.89,-0.01,6,7134,卖盘
2328,11:01:33,11.9,--,55,65450,买盘
2329,11:01:27,11.9,0.01,6,7140,买盘
2330,11:01:24,11.89,0.01,37,43993,买盘
2331,11:01:21,11.88,--,31,36828,卖盘
2332,11:01:18,11.88,--,3,3564,卖盘
2333,11:01:09,11.88,--,2,2376,卖盘
2334,11:01:06,11.88,--,7,8316,卖盘
2335,11:01:03,11.88,-0.01,8,9504,卖盘
2336,11:01:00,11.89,--,230,273470,买盘
2337,11:00:57,11.89,--,6,7134,买盘
2338,11:00:54,11.89,--,3,3567,买盘
2339,11:00:51,11.89,--,19,22591,买盘
2340,11:00:48,11.89,0.01,84,99876,买盘
2341,11:00:45,11.88,--,8,9504,卖盘
2342,11:00:39,11.88,--,3,3564,卖盘
2343,11:00:36,11.88,-0.01,29,34452,卖盘
2344,11:00:33,11.89,0.01,100,118900,买盘
2345,11:00:30,11.88,-0.01,61,72468,卖盘
2346,11:00:27,11.89,0.01,6,7134,买盘
2347,11:00:24,11.88,--,1,1188,卖盘
2348,11:00:21,11.88,-0.01,328,389664,卖盘
2349,11:00:18,11.89,--,34,40426,买盘
2350,11:00:15,11.89,--,95,112955,买盘
2351,11:00:09,11.89,--,1,1189,买盘
2352,11:00:06,11.89,-0.01,163,193807,卖盘
2353,11:00:03,11.9,0.01,12,14280,买盘
2354,11:00:00,11.89,-0.01,8,9512,卖盘
2355,10:59:54,11.9,0.01,10,11900,买盘
2356,10:59:51,11.89,--,149,177161,卖盘
2357,10:59:48,11.89,-0.01,1,1189,卖盘
2358,10:59:45,11.9,0.01,53,63070,买盘
2359,10:59:42,11.89,-0.01,11,13079,卖盘
2360,10:59:39,11.9,--,516,614040,买盘
2361,10:59:36,11.9,--,33,39270,买盘
2362,10:59:33,11.9,0.01,4,4760,买盘
2363,10:59:30,11.89,--,14,16646,卖盘
2364,10:59:24,11.89,-0.01,1,1189,卖盘
2365,10:59:15,11.9,0.01,11,13090,买盘
2366,10:59:09,11.89,--,20,23780,卖盘
2367,10:59:06,11.89,-0.01,15,17835,卖盘
2368,10:59:03,11.9,0.01,5,5950,买盘
2369,10:58:57,11.89,--,14,16646,卖盘
2370,10:58:54,11.89,--,73,86797,卖盘
2371,10:58:48,11.89,-0.01,14,16646,卖盘
2372,10:58:45,11.9,--,7,8330,买盘
2373,10:58:42,11.9,0.01,94,111860,买盘
2374,10:58:39,11.89,-0.01,10,11890,卖盘
2375,10:58:33,11.9,--,277,329630,买盘
2376,10:58:27,11.9,--,86,102340,买盘
2377,10:58:21,11.9,0.01,129,153510,买盘
2378,10:58:18,11.89,-0.01,30,35670,卖盘
2379,10:58:15,11.9,--,1,1190,买盘
2380,10:58:06,11.9,0.01,15,17850,买盘
2381,10:58:03,11.89,--,7,8323,卖盘
2382,10:58:00,11.89,-0.02,23,27347,卖盘
2383,10:57:57,11.91,0.01,54,64314,买盘
2384,10:57:54,11.9,--,14,16660,卖盘
2385,10:57:51,11.9,--,9,10710,卖盘
2386,10:57:42,11.9,--,9,10710,买盘
2387,10:57:36,11.9,--,15,17850,买盘
2388,10:57:30,11.9,--,80,95200,买盘
2389,10:57:15,11.9,--,4,4760,买盘
2390,10:57:09,11.9,--,67,79730,卖盘
2391,10:57:06,11.9,--,30,35700,卖盘
2392,10:57:03,11.9,--,20,23800,卖盘
2393,10:57:00,11.9,--,28,33320,卖盘
2394,10:56:57,11.9,0.01,5,5950,中性盘
2395,10:56:54,11.89,-0.01,141,167649,卖盘
2396,10:56:51,11.9,--,49,58310,买盘
2397,10:56:48,11.9,--,34,40460,买盘
2398,10:56:42,11.9,-0.01,75,89250,中性盘
2399,10:56:39,11.91,0.01,95,113145,买盘
2400,10:56:36,11.9,--,8,9520,卖盘
2401,10:56:33,11.9,-0.01,25,29750,卖盘
2402,10:56:27,11.91,--,10,11910,买盘
2403,10:56:18,11.91,0.02,2,2382,买盘
2404,10:56:15,11.89,-0.01,20,23780,卖盘
2405,10:56:12,11.9,--,33,39270,卖盘
2406,10:56:09,11.9,--,60,71400,卖盘
2407,10:56:06,11.9,--,24,28560,卖盘
2408,10:56:03,11.9,-0.01,7,8330,卖盘
2409,10:56:00,11.91,0.01,58,69078,买盘
2410,10:55:57,11.9,--,359,427210,卖盘
2411,10:55:54,11.9,--,1,1190,卖盘
2412,10:55:51,11.9,-0.01,300,357000,卖盘
2413,10:55:45,11.91,--,3,3573,买盘
2414,10:55:42,11.91,0.01,2,2382,买盘
2415,10:55:33,11.9,-0.01,100,119000,卖盘
2416,10:55:30,11.91,--,16,19056,买盘
2417,10:55:27,11.91,--,31,36921,买盘
2418,10:55:24,11.91,--,12,14292,买盘
2419,10:55:15,11.91,--,26,30966,买盘
2420,10:55:09,11.91,0.01,25,29775,买盘
2421,10:55:06,11.9,--,41,48790,卖盘
2422,10:55:03,11.9,-0.01,10,11900,卖盘
2423,10:55:00,11.91,0.01,27,32157,买盘
2424,10:54:57,11.9,--,1,1190,卖盘
2425,10:54:54,11.9,-0.01,116,138040,卖盘
2426,10:54:51,11.91,--,107,127437,买盘
2427,10:54:45,11.91,0.01,39,46449,买盘
2428,10:54:42,11.9,-0.01,78,92820,卖盘
2429,10:54:36,11.91,0.01,17,20247,买盘
2430,10:54:33,11.9,--,50,59500,卖盘
2431,10:54:30,11.9,--,25,29750,卖盘
2432,10:54:27,11.9,-0.01,64,76160,卖盘
2433,10:54:21,11.91,--,61,72651,买盘
2434,10:54:18,11.91,--,24,28584,买盘
2435,10:54:15,11.91,0.01,4,4764,买盘
2436,10:54:12,11.9,-0.01,27,32130,卖盘
2437,10:54:03,11.91,0.01,11,13101,买盘
2438,10:54:00,11.9,-0.01,24,28560,卖盘
2439,10:53:57,11.91,0.01,3,3573,买盘
2440,10:53:54,11.9,-0.01,2,2380,卖盘
2441,10:53:45,11.91,0.01,36,42876,买盘
2442,10:53:42,11.9,--,8,9520,卖盘
2443,10:53:36,11.9,-0.01,8,9520,卖盘
2444,10:53:33,11.91,0.01,10,11910,买盘
2445,10:53:30,11.9,-0.01,5,5950,卖盘
2446,10:53:27,11.91,0.01,53,63123,买盘
2447,10:53:24,11.9,--,15,17850,卖盘
2448,10:53:21,11.9,--,20,23800,卖盘
2449,10:53:18,11.9,-0.01,15,17850,卖盘
2450,10:53:12,11.91,0.01,13,15483,买盘
2451,10:53:09,11.9,--,44,52360,卖盘
2452,10:53:06,11.9,--,5,5950,卖盘
2453,10:53:03,11.9,-0.01,148,176120,卖盘
2454,10:52:54,11.91,0.01,3,3573,买盘
2455,10:52:51,11.9,-0.01,9,10710,卖盘
2456,10:52:39,11.91,0.01,176,209616,买盘
2457,10:52:36,11.9,-0.01,19,22610,卖盘
2458,10:52:33,11.91,--,68,80988,买盘
2459,10:52:30,11.91,0.01,6,7146,买盘
2460,10:52:27,11.9,-0.01,56,66640,卖盘
2461,10:52:18,11.91,-0.01,17,20247,中性盘
2462,10:52:12,11.92,0.02,159,189528,买盘
2463,10:52:06,11.9,-0.01,147,174930,卖盘
2464,10:52:03,11.91,0.01,56,66696,买盘
2465,10:52:00,11.9,-0.01,100,119000,卖盘
2466,10:51:57,11.91,--,11,13101,买盘
2467,10:51:54,11.91,0.01,11,13101,买盘
2468,10:51:51,11.9,-0.01,3,3570,卖盘
2469,10:51:39,11.91,--,3,3573,卖盘
2470,10:51:33,11.91,--,5,5955,卖盘
2471,10:51:27,11.91,-0.01,32,38112,卖盘
2472,10:51:24,11.92,0.01,21,25032,买盘
2473,10:51:18,11.91,--,27,32157,卖盘
2474,10:51:15,11.91,--,23,27393,买盘
2475,10:51:12,11.91,--,36,42876,买盘
2476,10:51:09,11.91,--,3,3573,买盘
2477,10:51:06,11.91,--,4,4764,卖盘
2478,10:51:03,11.91,--,26,30966,卖盘
2479,10:50:57,11.91,--,1,1191,卖盘
2480,10:50:54,11.91,--,20,23820,卖盘
2481,10:50:51,11.91,-0.01,29,34539,卖盘
2482,10:50:48,11.92,0.01,2,2384,买盘
2483,10:50:45,11.91,--,23,27393,买盘
2484,10:50:42,11.91,--,15,17865,买盘
2485,10:50:36,11.91,-0.01,24,28584,卖盘
2486,10:50:33,11.92,--,2,2384,买盘
2487,10:50:30,11.92,0.01,37,44104,买盘
2488,10:50:27,11.91,--,21,25011,卖盘
2489,10:50:24,11.91,--,3,3573,卖盘
2490,10:50:21,11.91,0.01,183,217953,买盘
2491,10:50:15,11.9,-0.01,28,33320,卖盘
2492,10:50:12,11.91,0.01,7,8337,买盘
2493,10:50:06,11.9,-0.01,6,7140,卖盘
2494,10:50:03,11.91,--,6,7146,买盘
2495,10:50:00,11.91,--,10,11910,买盘
2496,10:49:57,11.91,--,4,4764,买盘
2497,10:49:54,11.91,0.01,135,160785,中性盘
2498,10:49:48,11.9,-0.02,82,97580,卖盘
2499,10:49:45,11.92,--,41,48872,买盘
2500,10:49:42,11.92,0.01,532,634144,买盘
2501,10:49:39,11.91,--,2,2382,卖盘
2502,10:49:33,11.91,0.01,19,22629,买盘
2503,10:49:30,11.9,-0.01,21,24990,卖盘
2504,10:49:27,11.91,--,257,306087,买盘
2505,10:49:24,11.91,--,1,1191,买盘
2506,10:49:21,11.91,--,35,41685,买盘
2507,10:49:18,11.91,0.01,4,4764,买盘
2508,10:49:15,11.9,--,30,35700,卖盘
2509,10:49:03,11.9,--,51,60690,卖盘
2510,10:49:00,11.9,-0.01,1,1190,卖盘
2511,10:48:57,11.91,--,90,107190,买盘
2512,10:48:51,11.91,--,301,358491,买盘
2513,10:48:48,11.91,--,6,7146,买盘
2514,10:48:45,11.91,0.01,57,67887,买盘
2515,10:48:42,11.9,--,7,8330,卖盘
2516,10:48:36,11.9,-0.01,2,2380,卖盘
2517,10:48:30,11.91,--,5,5955,买盘
2518,10:48:27,11.91,--,42,50022,买盘
2519,10:48:18,11.91,0.01,11,13101,买盘
2520,10:48:09,11.9,-0.01,84,99960,卖盘
2521,10:48:06,11.91,--,34,40494,买盘
2522,10:48:03,11.91,0.01,9,10719,买盘
2523,10:48:00,11.9,-0.01,1,1190,卖盘
2524,10:47:57,11.91,0.01,1,1191,买盘
2525,10:47:54,11.9,-0.01,10,11900,卖盘
2526,10:47:51,11.91,0.02,30,35730,买盘
2527,10:47:48,11.89,--,260,309140,卖盘
2528,10:47:45,11.89,-0.01,12,14268,卖盘
2529,10:47:39,11.9,--,96,114240,买盘
2530,10:47:33,11.9,--,174,207060,买盘
2531,10:47:27,11.9,--,49,58310,买盘
2532,10:47:24,11.9,0.01,2,2380,买盘
2533,10:47:21,11.89,-0.01,32,38048,卖盘
2534,10:47:15,11.9,--,32,38080,买盘
2535,10:47:12,11.9,--,485,577150,买盘
2536,10:47:09,11.9,0.01,70,83300,买盘
2537,10:47:06,11.89,-0.01,5,5945,卖盘
2538,10:47:03,11.9,--,105,124950,买盘
2539,10:46:57,11.9,0.01,92,109480,买盘
2540,10:46:54,11.89,-0.01,112,133168,卖盘
2541,10:46:51,11.9,-0.01,48,57120,卖盘
2542,10:46:48,11.91,0.01,217,258447,买盘
2543,10:46:42,11.9,-0.01,9,10710,卖盘
2544,10:46:39,11.91,0.01,40,47640,买盘
2545,10:46:36,11.9,--,3,3570,买盘
2546,10:46:27,11.9,--,5,5950,卖盘
2547,10:46:24,11.9,-0.01,507,603330,卖盘
2548,10:46:21,11.91,0.01,57,67887,买盘
2549,10:46:18,11.9,-0.01,111,132090,卖盘
2550,10:46:15,11.91,--,23,27393,买盘
2551,10:46:12,11.91,0.01,14,16674,买盘
2552,10:46:09,11.9,--,409,486710,卖盘
2553,10:46:06,11.9,--,21,24990,卖盘
2554,10:46:03,11.9,--,78,92820,卖盘
2555,10:45:57,11.9,-0.01,17,20230,卖盘
2556,10:45:54,11.91,--,33,39303,买盘
2557,10:45:51,11.91,--,96,114336,买盘
2558,10:45:45,11.91,--,128,152448,买盘
2559,10:45:42,11.91,--,310,369210,买盘
2560,10:45:36,11.91,0.01,320,381120,买盘
2561,10:45:30,11.9,--,47,55930,卖盘
2562,10:45:27,11.9,-0.01,34,40460,卖盘
2563,10:45:24,11.91,--,31,36921,买盘
2564,10:45:21,11.91,--,56,66696,买盘
2565,10:45:18,11.91,--,5,5955,买盘
2566,10:45:15,11.91,--,150,178650,买盘
2567,10:45:12,11.91,--,2,2382,买盘
2568,10:45:09,11.91,0.01,38,45258,买盘
2569,10:45:06,11.9,--,6,7140,卖盘
2570,10:45:03,11.9,--,7,8330,卖盘
2571,10:45:00,11.9,-0.01,1,1190,卖盘
2572,10:44:57,11.91,--,1,1191,买盘
2573,10:44:51,11.91,0.01,48,57168,买盘
2574,10:44:48,11.9,--,23,27905,卖盘
2575,10:44:45,11.9,--,81,96390,卖盘
2576,10:44:42,11.9,0.01,92,110134,买盘
2577,10:44:36,11.89,-0.01,22,26158,卖盘
2578,10:44:33,11.9,--,84,99960,买盘
2579,10:44:30,11.9,--,295,351050,买盘
2580,10:44:24,11.9,--,6,7140,买盘
2581,10:44:21,11.9,--,27,32130,买盘
2582,10:44:18,11.9,--,71,84490,买盘
2583,10:44:15,11.9,--,39,46410,买盘
2584,10:44:12,11.9,--,223,265370,买盘
2585,10:44:09,11.9,0.01,229,272510,买盘
2586,10:44:06,11.89,-0.01,5,5945,卖盘
2587,10:44:03,11.9,--,100,119000,买盘
2588,10:43:57,11.9,--,29,34510,买盘
2589,10:43:54,11.9,--,12,14280,买盘
2590,10:43:51,11.9,0.01,4,4760,买盘
2591,10:43:42,11.89,-0.01,4,4756,卖盘
2592,10:43:39,11.9,0.01,33,39270,买盘
2593,10:43:36,11.89,-0.01,106,126034,卖盘
2594,10:43:33,11.9,0.01,55,65450,买盘
2595,10:43:27,11.89,-0.01,25,29725,卖盘
2596,10:43:24,11.9,--,23,27370,买盘
2597,10:43:21,11.9,--,51,60690,买盘
2598,10:43:18,11.9,--,1,1190,买盘
2599,10:43:12,11.9,0.01,3,3570,买盘
2600,10:43:06,11.89,--,5,5945,卖盘
2601,10:43:03,11.89,--,54,64206,卖盘
2602,10:43:00,11.89,--,22,26158,卖盘
2603,10:42:57,11.89,-0.01,15,17835,卖盘
2604,10:42:51,11.9,0.01,17,20230,买盘
2605,10:42:48,11.89,-0.01,2,2378,卖盘
2606,10:42:45,11.9,0.01,545,648550,买盘
2607,10:42:42,11.89,-0.01,9,10701,卖盘
2608,10:42:36,11.9,--,14,16660,买盘
2609,10:42:27,11.9,0.01,48,57120,买盘
2610,10:42:24,11.89,--,11,13079,卖盘
2611,10:42:18,11.89,-0.01,4,4756,卖盘
2612,10:42:15,11.9,0.01,89,105910,买盘
2613,10:42:12,11.89,-0.01,6,7134,卖盘
2614,10:42:09,11.9,0.01,44,52360,买盘
2615,10:42:06,11.89,-0.01,18,21402,卖盘
2616,10:42:03,11.9,0.01,16,19040,买盘
2617,10:41:57,11.89,--,5,5945,卖盘
2618,10:41:54,11.89,-0.01,1,1189,卖盘
2619,10:41:51,11.9,0.01,48,57120,买盘
2620,10:41:48,11.89,-0.01,108,128412,卖盘
2621,10:41:45,11.9,0.01,52,61880,买盘
2622,10:41:42,11.89,--,32,38048,卖盘
2623,10:41:36,11.89,--,10,11890,卖盘
2624,10:41:33,11.89,--,64,76096,卖盘
2625,10:41:27,11.89,--,10,11890,卖盘
2626,10:41:24,11.89,-0.01,10,11890,卖盘
2627,10:41:21,11.9,0.01,73,86870,买盘
2628,10:41:15,11.89,--,3,3567,卖盘
2629,10:41:12,11.89,0.01,156,185484,买盘
2630,10:41:09,11.88,-0.01,9,10692,卖盘
2631,10:41:06,11.89,0.01,9,10701,买盘
2632,10:41:03,11.88,--,16,19008,卖盘
2633,10:41:00,11.88,-0.01,21,24948,卖盘
2634,10:40:57,11.89,--,251,298439,卖盘
2635,10:40:54,11.89,--,10,11890,卖盘
2636,10:40:51,11.89,--,10,11890,卖盘
2637,10:40:48,11.89,-0.01,3,3567,卖盘
2638,10:40:42,11.9,--,90,107100,买盘
2639,10:40:39,11.9,0.01,54,64260,买盘
2640,10:40:30,11.89,--,11,13079,卖盘
2641,10:40:27,11.89,-0.01,107,127223,卖盘
2642,10:40:24,11.9,--,7,8330,买盘
2643,10:40:21,11.9,--,28,33320,买盘
2644,10:40:06,11.9,--,65,77350,买盘
2645,10:40:03,11.9,--,73,86870,买盘
2646,10:39:57,11.9,--,62,73780,买盘
2647,10:39:54,11.9,--,39,46410,买盘
2648,10:39:45,11.9,--,41,48790,买盘
2649,10:39:33,11.9,0.02,586,697340,买盘
2650,10:39:30,11.88,-0.01,238,282744,卖盘
2651,10:39:27,11.89,--,55,65395,买盘
2652,10:39:24,11.89,0.01,36,42804,买盘
2653,10:39:21,11.88,-0.01,3,3564,卖盘
2654,10:39:18,11.89,--,15,17835,买盘
2655,10:39:15,11.89,--,3,3567,买盘
2656,10:39:09,11.89,0.01,51,60639,买盘
2657,10:39:06,11.88,--,48,57024,卖盘
2658,10:39:03,11.88,--,15,17820,卖盘
2659,10:39:00,11.88,-0.01,11,13068,卖盘
2660,10:38:57,11.89,0.01,20,23780,买盘
2661,10:38:54,11.88,--,12,14256,卖盘
2662,10:38:51,11.88,--,148,175824,卖盘
2663,10:38:48,11.88,-0.01,9,10692,卖盘
2664,10:38:39,11.89,--,104,123656,买盘
2665,10:38:36,11.89,0.01,2,2378,买盘
2666,10:38:33,11.88,--,84,99792,卖盘
2667,10:38:30,11.88,--,6,7128,卖盘
2668,10:38:27,11.88,-0.01,120,142560,卖盘
2669,10:38:24,11.89,0.01,46,54694,买盘
2670,10:38:21,11.88,-0.01,12,14256,卖盘
2671,10:38:18,11.89,0.01,11,13079,买盘
2672,10:38:15,11.88,-0.01,60,71280,卖盘
2673,10:38:09,11.89,0.01,52,61828,买盘
2674,10:38:06,11.88,--,41,48708,卖盘
2675,10:38:03,11.88,--,8,9504,卖盘
2676,10:37:57,11.88,--,171,203148,卖盘
2677,10:37:54,11.88,--,37,43956,卖盘
2678,10:37:51,11.88,--,109,129492,卖盘
2679,10:37:42,11.88,-0.01,164,194832,卖盘
2680,10:37:39,11.89,0.01,29,34481,买盘
2681,10:37:36,11.88,--,137,162756,卖盘
2682,10:37:33,11.88,--,35,41580,卖盘
2683,10:37:30,11.88,--,101,119988,卖盘
2684,10:37:27,11.88,--,26,30888,卖盘
2685,10:37:24,11.88,--,50,59400,卖盘
2686,10:37:21,11.88,--,88,104544,卖盘
2687,10:37:15,11.88,--,61,72468,卖盘
2688,10:37:06,11.88,-0.01,28,33264,卖盘
2689,10:37:03,11.89,0.01,45,53505,买盘
2690,10:37:00,11.88,--,37,43956,卖盘
2691,10:36:57,11.88,--,1,1188,卖盘
2692,10:36:54,11.88,-0.01,78,92664,卖盘
2693,10:36:51,11.89,--,115,136735,买盘
2694,10:36:48,11.89,--,124,147436,买盘
2695,10:36:45,11.89,0.01,80,95120,买盘
2696,10:36:42,11.88,--,12,14256,卖盘
2697,10:36:36,11.88,-0.01,18,21384,卖盘
2698,10:36:30,11.89,--,189,224721,买盘
2699,10:36:27,11.89,--,53,63017,买盘
2700,10:36:21,11.89,--,50,59450,买盘
2701,10:36:15,11.89,--,55,65395,买盘
2702,10:36:12,11.89,--,127,151003,卖盘
2703,10:36:09,11.89,--,63,74907,卖盘
2704,10:36:06,11.89,-0.01,6,7134,卖盘
2705,10:36:03,11.9,0.01,6,7140,买盘
2706,10:36:00,11.89,-0.01,28,33292,卖盘
2707,10:35:57,11.9,0.01,100,119000,买盘
2708,10:35:51,11.89,-0.01,35,41615,卖盘
2709,10:35:48,11.9,0.01,87,103530,买盘
2710,10:35:42,11.89,-0.01,129,153381,卖盘
2711,10:35:33,11.9,0.01,34,40460,买盘
2712,10:35:30,11.89,--,11,13079,卖盘
2713,10:35:24,11.89,-0.01,11,13079,卖盘
2714,10:35:21,11.9,0.01,4,4760,买盘
2715,10:35:15,11.89,--,85,101065,卖盘
2716,10:35:12,11.89,--,1,1189,卖盘
2717,10:35:06,11.89,-0.01,5,5945,卖盘
2718,10:35:03,11.9,0.01,95,113050,买盘
2719,10:35:00,11.89,-0.01,1,1189,卖盘
2720,10:34:57,11.9,0.01,195,232050,买盘
2721,10:34:54,11.89,-0.01,219,260391,卖盘
2722,10:34:51,11.9,--,5,5950,买盘
2723,10:34:39,11.9,--,67,79730,买盘
2724,10:34:33,11.9,0.01,98,116620,买盘
2725,10:34:30,11.89,-0.01,18,21402,卖盘
2726,10:34:27,11.9,0.01,7,8330,买盘
2727,10:34:24,11.89,-0.01,12,14268,卖盘
2728,10:34:21,11.9,--,57,67830,买盘
2729,10:34:18,11.9,--,9,10710,买盘
2730,10:34:15,11.9,--,12,14280,买盘
2731,10:34:06,11.9,--,63,74970,买盘
2732,10:34:03,11.9,0.01,55,65450,买盘
2733,10:34:00,11.89,-0.01,21,24969,卖盘
2734,10:33:54,11.9,--,224,266560,买盘
2735,10:33:51,11.9,--,4,4760,买盘
2736,10:33:48,11.9,0.01,1,1190,买盘
2737,10:33:45,11.89,--,80,95120,卖盘
2738,10:33:42,11.89,--,56,66584,卖盘
2739,10:33:39,11.89,--,5,5945,卖盘
2740,10:33:36,11.89,--,5,5945,卖盘
2741,10:33:33,11.89,--,201,238989,卖盘
2742,10:33:30,11.89,--,100,118900,卖盘
2743,10:33:27,11.89,--,72,85608,买盘
2744,10:33:24,11.89,--,75,89175,卖盘
2745,10:33:18,11.89,-0.01,9,10701,卖盘
2746,10:33:15,11.9,0.01,85,101150,买盘
2747,10:33:12,11.89,--,5,5945,卖盘
2748,10:33:09,11.89,0.01,22,26158,买盘
2749,10:33:06,11.88,--,26,30888,卖盘
2750,10:33:03,11.88,--,28,33264,卖盘
2751,10:33:00,11.88,--,1,1188,卖盘
2752,10:32:57,11.88,-0.01,5,5940,卖盘
2753,10:32:54,11.89,0.01,51,60639,买盘
2754,10:32:51,11.88,-0.01,90,106920,卖盘
2755,10:32:48,11.89,--,1,1189,买盘
2756,10:32:45,11.89,--,317,376913,买盘
2757,10:32:42,11.89,--,12,14268,买盘
2758,10:32:36,11.89,0.01,51,60639,买盘
2759,10:32:33,11.88,-0.01,32,38016,卖盘
2760,10:32:30,11.89,--,30,35670,买盘
2761,10:32:24,11.89,-0.01,116,137924,卖盘
2762,10:32:21,11.9,0.01,29,34510,买盘
2763,10:32:18,11.89,-0.01,9,10701,卖盘
2764,10:32:15,11.9,0.01,44,52360,买盘
2765,10:32:12,11.89,--,62,73718,卖盘
2766,10:32:09,11.89,--,219,260391,买盘
2767,10:32:06,11.89,--,13,15457,买盘
2768,10:32:03,11.89,0.01,6,7134,买盘
2769,10:32:00,11.88,-0.01,5,5940,卖盘
2770,10:31:57,11.89,--,50,59450,买盘
2771,10:31:54,11.89,--,36,42804,买盘
2772,10:31:48,11.89,--,13,15457,买盘
2773,10:31:45,11.89,0.01,6,7134,买盘
2774,10:31:42,11.88,-0.01,34,40392,卖盘
2775,10:31:39,11.89,--,53,63017,买盘
2776,10:31:36,11.89,0.01,58,68962,买盘
2777,10:31:33,11.88,--,10,11880,卖盘
2778,10:31:30,11.88,--,76,90288,卖盘
2779,10:31:27,11.88,-0.01,166,197208,卖盘
2780,10:31:21,11.89,0.01,143,170027,买盘
2781,10:31:18,11.88,-0.01,17,20196,卖盘
2782,10:31:15,11.89,--,60,71340,买盘
2783,10:31:12,11.89,0.01,19,22591,买盘
2784,10:31:09,11.88,--,13,15444,卖盘
2785,10:31:06,11.88,-0.01,159,188892,卖盘
2786,10:31:03,11.89,--,40,47560,买盘
2787,10:31:00,11.89,--,50,59450,买盘
2788,10:30:57,11.89,--,73,86797,买盘
2789,10:30:54,11.89,--,21,24969,买盘
2790,10:30:51,11.89,--,19,22591,买盘
2791,10:30:48,11.89,--,46,54694,买盘
2792,10:30:45,11.89,--,27,32103,买盘
2793,10:30:42,11.89,0.01,56,66584,买盘
2794,10:30:39,11.88,--,28,33264,卖盘
2795,10:30:36,11.88,-0.01,136,161568,卖盘
2796,10:30:33,11.89,--,56,66584,买盘
2797,10:30:30,11.89,--,520,618280,买盘
2798,10:30:27,11.89,--,76,90364,买盘
2799,10:30:24,11.89,--,43,51127,买盘
2800,10:30:21,11.89,--,17,20213,买盘
2801,10:30:18,11.89,0.01,41,48749,买盘
2802,10:30:15,11.88,--,34,40392,卖盘
2803,10:30:12,11.88,-0.01,19,22572,卖盘
2804,10:30:09,11.89,-0.01,265,315085,卖盘
2805,10:30:06,11.9,0.01,55,65450,买盘
2806,10:30:03,11.89,--,60,71340,卖盘
2807,10:29:57,11.89,--,72,85608,卖盘
2808,10:29:51,11.89,-0.01,22,26158,卖盘
2809,10:29:48,11.9,0.01,42,49980,买盘
2810,10:29:45,11.89,--,1,1189,卖盘
2811,10:29:42,11.89,--,24,28536,卖盘
2812,10:29:39,11.89,-0.01,92,109388,卖盘
2813,10:29:36,11.9,0.01,7,8330,买盘
2814,10:29:33,11.89,-0.01,88,104632,卖盘
2815,10:29:30,11.9,0.01,184,218960,买盘
2816,10:29:27,11.89,--,25,29725,卖盘
2817,10:29:24,11.89,--,34,40426,卖盘
2818,10:29:21,11.89,--,108,128412,卖盘
2819,10:29:18,11.89,-0.01,112,133168,卖盘
2820,10:29:15,11.9,0.01,250,297500,买盘
2821,10:29:12,11.89,--,52,61828,买盘
2822,10:29:09,11.89,--,77,91553,买盘
2823,10:29:06,11.89,-0.01,423,502947,卖盘
