,time,price,change,volume,amount,type
0,15:00:03,11.68,--,7366,8603488,买盘
1,14:57:00,11.68,0.01,82,95776,买盘
2,14:56:57,11.67,--,120,140040,卖盘
3,14:56:54,11.67,-0.01,75,87525,卖盘
4,14:56:51,11.68,--,309,361239,买盘
5,14:56:48,11.68,--,45,52560,买盘
6,14:56:45,11.68,--,114,133152,买盘
7,14:56:39,11.68,--,300,350400,卖盘
8,14:56:36,11.68,--,187,218416,卖盘
9,14:56:33,11.68,--,94,109792,卖盘
10,14:56:30,11.68,--,18,21024,卖盘
11,14:56:27,11.68,--,6,7008,卖盘
12,14:56:24,11.68,--,342,399456,卖盘
13,14:56:21,11.68,0.01,247,288496,买盘
14,14:56:18,11.67,-0.01,36,42012,卖盘
15,14:56:15,11.68,--,34,39712,卖盘
16,14:56:12,11.68,--,44,51392,买盘
17,14:56:09,11.68,--,68,79424,买盘
18,14:56:06,11.68,0.01,85,99280,买盘
19,14:56:03,11.67,-0.02,111,130167,卖盘
20,14:56:00,11.69,0.02,85,99365,买盘
21,14:55:57,11.67,-0.01,165,192660,卖盘
22,14:55:54,11.68,--,70,81760,卖盘
23,14:55:51,11.68,0.01,254,297734,买盘
24,14:55:48,11.67,--,23,26841,买盘
25,14:55:45,11.67,0.01,88,102696,买盘
26,14:55:42,11.66,-0.01,837,975942,卖盘
27,14:55:39,11.67,--,182,213000,买盘
28,14:55:36,11.67,--,58,67767,卖盘
29,14:55:33,11.67,-0.01,981,1144827,卖盘
30,14:55:30,11.68,--,261,305268,买盘
31,14:55:27,11.68,0.01,51,59568,买盘
32,14:55:24,11.67,-0.01,162,189054,卖盘
33,14:55:21,11.68,0.01,81,95273,买盘
34,14:55:18,11.67,--,41,47847,卖盘
35,14:55:15,11.67,--,151,176217,卖盘
36,14:55:12,11.67,--,36,42012,卖盘
37,14:55:09,11.67,--,50,58350,卖盘
38,14:55:06,11.67,--,103,120936,卖盘
39,14:55:03,11.67,--,305,356506,卖盘
40,14:55:00,11.67,-0.01,91,106197,卖盘
41,14:54:57,11.68,--,227,265136,买盘
42,14:54:54,11.68,0.01,83,97434,买盘
43,14:54:51,11.67,--,43,50181,卖盘
44,14:54:48,11.67,-0.01,183,213561,卖盘
45,14:54:45,11.68,--,143,167619,买盘
46,14:54:42,11.68,0.01,255,297840,买盘
47,14:54:39,11.67,-0.01,83,97479,卖盘
48,14:54:36,11.68,0.01,5,5840,买盘
49,14:54:33,11.67,-0.02,353,411951,卖盘
50,14:54:30,11.69,0.01,20,23380,买盘
51,14:54:27,11.68,--,170,198560,卖盘
52,14:54:24,11.68,--,10,11680,卖盘
53,14:54:21,11.68,--,11,12848,卖盘
54,14:54:18,11.68,--,185,216080,买盘
55,14:54:15,11.68,--,49,57232,买盘
56,14:54:12,11.68,0.01,9,10512,买盘
57,14:54:09,11.67,-0.01,337,393279,卖盘
58,14:54:06,11.68,0.01,118,137824,买盘
59,14:54:03,11.67,--,251,292917,卖盘
60,14:54:00,11.67,--,40,46680,卖盘
61,14:53:57,11.67,-0.01,276,322092,卖盘
62,14:53:54,11.68,--,76,88768,买盘
63,14:53:51,11.68,--,96,112128,买盘
64,14:53:48,11.68,--,71,82928,买盘
65,14:53:45,11.68,--,51,60058,买盘
66,14:53:42,11.68,-0.01,300,351229,卖盘
67,14:53:39,11.69,0.01,112,132003,买盘
68,14:53:36,11.68,-0.01,100,116800,卖盘
69,14:53:33,11.69,0.01,88,103304,买盘
70,14:53:30,11.68,--,97,113296,卖盘
71,14:53:27,11.68,--,31,36208,卖盘
72,14:53:24,11.68,--,58,67744,卖盘
73,14:53:18,11.68,--,4,4672,卖盘
74,14:53:15,11.68,--,11,12848,卖盘
75,14:53:12,11.68,-0.01,73,85264,卖盘
76,14:53:09,11.69,--,159,185871,买盘
77,14:53:06,11.69,0.03,53,61957,买盘
78,14:53:03,11.66,--,1,1166,卖盘
79,14:53:00,11.66,-0.02,549,640134,卖盘
80,14:52:57,11.68,0.02,43,50224,中性盘
81,14:52:54,11.66,-0.02,302,352132,卖盘
82,14:52:51,11.68,-0.01,10,11680,卖盘
83,14:52:48,11.69,-0.01,148,173012,中性盘
84,14:52:45,11.7,0.02,1813,2121210,买盘
85,14:52:42,11.68,-0.01,156,182208,卖盘
86,14:52:39,11.69,--,124,144956,买盘
87,14:52:36,11.69,--,110,128590,买盘
88,14:52:33,11.69,--,215,251335,买盘
89,14:52:30,11.69,--,192,224448,买盘
90,14:52:27,11.69,--,57,66633,买盘
91,14:52:24,11.69,--,49,57281,买盘
92,14:52:21,11.69,--,188,220321,买盘
93,14:52:18,11.69,--,24,28056,买盘
94,14:52:15,11.69,--,38,44422,买盘
95,14:52:12,11.69,0.01,71,83875,中性盘
96,14:52:09,11.68,-0.01,100,116800,卖盘
97,14:52:06,11.69,-0.01,35,41780,卖盘
98,14:52:03,11.7,--,20,23400,买盘
99,14:52:00,11.7,--,133,155610,买盘
100,14:51:57,11.7,--,50,59108,买盘
101,14:51:54,11.7,--,3044,3561480,买盘
102,14:51:51,11.7,--,36,42120,买盘
103,14:51:48,11.7,--,232,272083,卖盘
104,14:51:45,11.7,--,224,262079,卖盘
105,14:51:42,11.7,--,10,11700,卖盘
106,14:51:39,11.7,-0.01,15,17550,卖盘
107,14:51:36,11.71,0.01,1,1171,买盘
108,14:51:33,11.7,0.01,202,236866,买盘
109,14:51:30,11.69,-0.01,46,53774,卖盘
110,14:51:27,11.7,--,68,79969,卖盘
111,14:51:24,11.7,--,42,49140,卖盘
112,14:51:21,11.7,--,41,47970,卖盘
113,14:51:18,11.7,--,3,3510,卖盘
114,14:51:15,11.7,--,32,37440,卖盘
115,14:51:12,11.7,--,94,110740,买盘
116,14:51:09,11.7,--,29,33930,买盘
117,14:51:06,11.7,--,34,39780,买盘
118,14:51:03,11.7,--,511,597870,买盘
119,14:51:00,11.7,0.01,16,18720,买盘
120,14:50:57,11.69,-0.01,237,277497,卖盘
121,14:50:54,11.7,0.01,20,23400,买盘
122,14:50:51,11.69,--,86,100966,卖盘
123,14:50:48,11.69,-0.01,71,82999,卖盘
124,14:50:45,11.7,0.01,67,78705,买盘
125,14:50:42,11.69,--,211,246659,卖盘
126,14:50:39,11.69,-0.01,145,169505,卖盘
127,14:50:36,11.7,--,70,82344,买盘
128,14:50:33,11.7,0.01,942,1102140,买盘
129,14:50:30,11.69,--,35,40985,卖盘
130,14:50:27,11.69,--,32,38144,卖盘
131,14:50:24,11.69,--,25,29225,卖盘
132,14:50:21,11.69,--,47,55293,卖盘
133,14:50:18,11.69,-0.01,30,35070,卖盘
134,14:50:15,11.7,--,156,182520,买盘
135,14:50:12,11.7,--,4,4680,买盘
136,14:50:09,11.7,-0.02,560,655609,卖盘
137,14:50:06,11.72,0.01,251,294172,买盘
138,14:50:03,11.71,--,44,51524,卖盘
139,14:50:00,11.71,-0.01,561,657387,卖盘
140,14:49:57,11.72,--,22,25784,买盘
141,14:49:54,11.72,--,147,172975,买盘
142,14:49:51,11.72,0.01,24,28128,买盘
143,14:49:48,11.71,--,13,15223,卖盘
144,14:49:45,11.71,-0.01,55,64615,卖盘
145,14:49:42,11.72,--,95,111340,买盘
146,14:49:39,11.72,0.01,11,12892,买盘
147,14:49:36,11.71,--,15,17565,卖盘
148,14:49:33,11.71,--,131,153401,卖盘
149,14:49:30,11.71,--,67,78457,卖盘
150,14:49:27,11.71,0.01,544,637726,买盘
151,14:49:24,11.7,-0.01,130,152860,卖盘
152,14:49:21,11.71,--,37,43327,买盘
153,14:49:18,11.71,--,223,261133,买盘
154,14:49:15,11.71,0.01,356,416876,买盘
155,14:49:12,11.7,--,44,51480,卖盘
156,14:49:09,11.7,--,1,1170,卖盘
157,14:49:06,11.7,--,10,11700,卖盘
158,14:49:00,11.7,--,128,149760,卖盘
159,14:48:57,11.7,--,7,8189,卖盘
160,14:48:54,11.7,0.01,310,362700,买盘
161,14:48:51,11.69,-0.01,47,55924,卖盘
162,14:48:48,11.7,--,229,267930,买盘
163,14:48:45,11.7,0.01,158,185211,买盘
164,14:48:42,11.69,-0.01,18,21042,卖盘
165,14:48:39,11.7,--,189,221130,买盘
166,14:48:36,11.7,0.01,412,482039,买盘
167,14:48:33,11.69,-0.01,118,138070,卖盘
168,14:48:30,11.7,--,245,286650,买盘
169,14:48:27,11.7,--,13,15209,买盘
170,14:48:24,11.7,--,42,49140,买盘
171,14:48:21,11.7,-0.01,756,885093,卖盘
172,14:48:15,11.71,--,68,79709,卖盘
173,14:48:12,11.71,--,93,108903,卖盘
174,14:48:09,11.71,--,4,4684,卖盘
175,14:48:06,11.71,--,182,213461,买盘
176,14:48:03,11.71,0.01,50,58550,买盘
177,14:48:00,11.7,-0.01,80,93600,卖盘
178,14:47:57,11.71,--,69,80834,买盘
179,14:47:54,11.71,--,42,49182,买盘
180,14:47:51,11.71,0.01,66,77286,买盘
181,14:47:48,11.7,-0.01,21,24710,卖盘
182,14:47:45,11.71,0.01,44,51524,买盘
183,14:47:42,11.7,-0.01,479,560430,卖盘
184,14:47:39,11.71,0.01,2,2342,买盘
185,14:47:36,11.7,--,131,153270,卖盘
186,14:47:33,11.7,--,264,308880,买盘
187,14:47:30,11.7,--,50,58628,买盘
188,14:47:27,11.7,--,147,171990,买盘
189,14:47:24,11.7,--,108,126359,买盘
190,14:47:21,11.7,--,114,133380,买盘
191,14:47:18,11.7,--,53,62009,买盘
192,14:47:15,11.7,--,237,277360,买盘
193,14:47:12,11.7,--,80,93600,买盘
194,14:47:09,11.7,--,44,51480,买盘
195,14:47:06,11.7,--,145,170082,买盘
196,14:47:03,11.7,0.01,16,18720,买盘
197,14:47:00,11.69,--,56,65464,卖盘
198,14:46:57,11.69,--,118,138807,卖盘
199,14:46:54,11.69,--,14,16366,卖盘
200,14:46:51,11.69,--,55,64376,卖盘
201,14:46:48,11.69,--,5,5845,卖盘
202,14:46:45,11.69,--,957,1119235,卖盘
203,14:46:42,11.69,--,122,142618,卖盘
204,14:46:39,11.69,--,509,595021,卖盘
205,14:46:36,11.69,--,387,452905,卖盘
206,14:46:33,11.69,-0.01,19,22211,卖盘
207,14:46:30,11.7,0.01,133,155610,买盘
208,14:46:27,11.69,-0.01,33,38658,卖盘
209,14:46:24,11.7,--,6,7020,买盘
210,14:46:21,11.7,0.01,48,56885,买盘
211,14:46:18,11.69,--,78,91182,卖盘
212,14:46:15,11.69,-0.01,128,149748,卖盘
213,14:46:12,11.7,--,71,83070,买盘
214,14:46:09,11.7,--,85,99450,买盘
215,14:46:06,11.7,0.01,143,167310,买盘
216,14:46:03,11.69,-0.01,5,5845,卖盘
217,14:46:00,11.7,0.01,10,11700,买盘
218,14:45:57,11.69,-0.01,23,26887,卖盘
219,14:45:54,11.7,--,89,104130,买盘
220,14:45:51,11.7,0.01,45,52650,买盘
221,14:45:48,11.69,--,2,2338,卖盘
222,14:45:45,11.69,--,257,300433,买盘
223,14:45:42,11.69,--,100,116900,买盘
224,14:45:39,11.69,--,107,125083,买盘
225,14:45:36,11.69,0.01,53,61957,买盘
226,14:45:33,11.68,-0.01,73,85264,卖盘
227,14:45:27,11.69,--,151,176519,买盘
228,14:45:24,11.69,0.01,776,907144,买盘
229,14:45:21,11.68,--,36,43052,卖盘
230,14:45:18,11.68,-0.01,162,189216,卖盘
231,14:45:15,11.69,--,10,11690,买盘
232,14:45:12,11.69,0.01,12,14028,买盘
233,14:45:09,11.68,--,43,50224,卖盘
234,14:45:06,11.68,--,58,67744,卖盘
235,14:45:03,11.68,--,50,58400,卖盘
236,14:45:00,11.68,-0.01,104,121472,卖盘
237,14:44:57,11.69,--,26,30394,买盘
238,14:44:54,11.69,--,195,227955,卖盘
239,14:44:51,11.69,-0.01,95,111055,卖盘
240,14:44:48,11.7,--,84,98280,买盘
241,14:44:45,11.7,--,1116,1305720,卖盘
242,14:44:42,11.7,-0.01,364,425880,卖盘
243,14:44:39,11.71,--,82,96022,买盘
244,14:44:36,11.71,--,17,19907,买盘
245,14:44:33,11.71,--,28,32788,买盘
246,14:44:30,11.71,--,37,43327,卖盘
247,14:44:27,11.71,--,115,135051,卖盘
248,14:44:24,11.71,-0.01,348,407508,卖盘
249,14:44:21,11.72,--,22,25784,买盘
250,14:44:18,11.72,0.01,31,36332,买盘
251,14:44:15,11.71,-0.01,11,12881,卖盘
252,14:44:12,11.72,0.01,54,63288,中性盘
253,14:44:09,11.71,-0.01,136,159256,卖盘
254,14:44:06,11.72,--,388,455802,买盘
255,14:44:03,11.72,0.01,15,17580,买盘
256,14:44:00,11.71,-0.01,81,94851,卖盘
257,14:43:57,11.72,0.01,68,80586,买盘
258,14:43:54,11.71,-0.01,126,147546,卖盘
259,14:43:51,11.72,0.01,17,19924,买盘
260,14:43:48,11.71,--,74,86654,卖盘
261,14:43:45,11.71,--,29,33959,卖盘
262,14:43:42,11.71,--,43,50353,卖盘
263,14:43:39,11.71,-0.01,20,23420,卖盘
264,14:43:36,11.72,0.01,16,18752,买盘
265,14:43:33,11.71,0.01,164,192044,买盘
266,14:43:30,11.7,--,45,52650,卖盘
267,14:43:27,11.7,--,24,28080,卖盘
268,14:43:24,11.7,--,1059,1239720,买盘
269,14:43:21,11.7,0.02,50,58500,买盘
270,14:43:18,11.68,--,198,231264,卖盘
271,14:43:15,11.68,0.01,251,293168,买盘
272,14:43:12,11.67,--,230,268410,卖盘
273,14:43:09,11.67,--,7,8169,卖盘
274,14:43:06,11.67,--,334,389778,卖盘
275,14:43:03,11.67,--,347,404949,买盘
276,14:43:00,11.67,0.01,392,457464,中性盘
277,14:42:57,11.66,-0.01,635,740410,卖盘
278,14:42:54,11.67,--,214,250601,卖盘
279,14:42:51,11.67,--,40,46983,卖盘
280,14:42:48,11.67,--,122,142374,卖盘
281,14:42:45,11.67,-0.01,77,89859,卖盘
282,14:42:42,11.68,--,155,181040,买盘
283,14:42:39,11.68,--,40,46720,买盘
284,14:42:36,11.68,--,61,71248,买盘
285,14:42:33,11.68,-0.01,839,980828,卖盘
286,14:42:30,11.69,-0.01,715,836127,卖盘
287,14:42:27,11.7,0.01,87,101790,买盘
288,14:42:24,11.69,-0.01,230,268870,卖盘
289,14:42:21,11.7,--,545,638129,卖盘
290,14:42:18,11.7,--,631,738270,卖盘
291,14:42:15,11.7,-0.01,23,26910,卖盘
292,14:42:12,11.71,0.01,609,713560,买盘
293,14:42:09,11.7,--,3,3510,卖盘
294,14:42:06,11.7,--,475,555750,卖盘
295,14:42:03,11.7,--,234,273943,卖盘
296,14:42:00,11.7,-0.01,150,175500,卖盘
297,14:41:57,11.71,0.01,987,1155777,买盘
298,14:41:54,11.7,--,160,187305,卖盘
299,14:41:51,11.7,-0.01,133,155610,卖盘
300,14:41:48,11.71,--,3,3513,买盘
301,14:41:45,11.71,-0.01,1776,2079801,卖盘
302,14:41:42,11.72,--,547,641084,卖盘
303,14:41:39,11.72,--,50,58600,卖盘
304,14:41:36,11.72,-0.01,118,138296,卖盘
305,14:41:33,11.73,0.01,57,66861,买盘
306,14:41:30,11.72,--,464,543808,卖盘
307,14:41:27,11.72,-0.01,71,83786,卖盘
308,14:41:24,11.73,--,25,29325,买盘
309,14:41:21,11.73,-0.01,967,1135288,卖盘
310,14:41:15,11.74,0.01,10,11740,买盘
311,14:41:12,11.73,-0.01,36,42228,卖盘
312,14:41:09,11.74,--,432,507895,卖盘
313,14:41:06,11.74,-0.01,2,2348,卖盘
314,14:41:03,11.75,--,88,103400,买盘
315,14:41:00,11.75,0.01,15,17625,买盘
316,14:40:57,11.74,-0.01,85,99790,卖盘
317,14:40:54,11.75,0.01,21,24675,买盘
318,14:40:51,11.74,--,4,4696,卖盘
319,14:40:48,11.74,--,40,46960,卖盘
320,14:40:45,11.74,--,5,5870,卖盘
321,14:40:42,11.74,--,35,41090,卖盘
322,14:40:39,11.74,--,40,46960,卖盘
323,14:40:36,11.74,--,84,98616,卖盘
324,14:40:33,11.74,-0.01,75,88050,卖盘
325,14:40:30,11.75,0.01,7,8225,买盘
326,14:40:27,11.74,--,24,28176,卖盘
327,14:40:24,11.74,-0.01,261,306414,卖盘
328,14:40:21,11.75,0.01,14,16450,买盘
329,14:40:18,11.74,--,36,42264,卖盘
330,14:40:15,11.74,-0.01,129,151446,卖盘
331,14:40:12,11.75,0.01,12,14100,中性盘
332,14:40:09,11.74,-0.01,273,320502,卖盘
333,14:40:06,11.75,--,90,105750,卖盘
334,14:40:03,11.75,0.01,687,808270,买盘
335,14:40:00,11.74,--,6,7044,卖盘
336,14:39:57,11.74,--,34,40667,卖盘
337,14:39:54,11.74,--,60,70440,卖盘
338,14:39:51,11.74,-0.01,10,11740,卖盘
339,14:39:48,11.75,--,507,595854,卖盘
340,14:39:45,11.75,--,68,79900,卖盘
341,14:39:42,11.75,--,62,73061,卖盘
342,14:39:39,11.75,-0.01,501,588675,卖盘
343,14:39:33,11.76,0.01,5,5880,买盘
344,14:39:27,11.75,--,40,47599,卖盘
345,14:39:24,11.75,-0.01,23,27025,卖盘
346,14:39:18,11.76,0.01,55,64680,买盘
347,14:39:12,11.75,--,19,22947,卖盘
348,14:39:09,11.75,-0.01,259,304325,卖盘
349,14:39:06,11.76,--,56,65985,卖盘
350,14:39:03,11.76,--,8,9408,卖盘
351,14:38:57,11.76,--,40,47710,卖盘
352,14:38:54,11.76,--,20,23520,卖盘
353,14:38:51,11.76,--,2,2352,卖盘
354,14:38:48,11.76,--,34,40172,卖盘
355,14:38:42,11.76,-0.01,45,52920,卖盘
356,14:38:39,11.77,0.01,119,141051,买盘
357,14:38:36,11.76,-0.01,516,606816,卖盘
358,14:38:30,11.77,0.01,181,213037,买盘
359,14:38:27,11.76,--,8,9408,卖盘
360,14:38:24,11.76,-0.01,4,4704,卖盘
361,14:38:21,11.77,--,15,17655,买盘
362,14:38:18,11.77,--,55,64735,买盘
363,14:38:15,11.77,0.01,26,30602,买盘
364,14:38:12,11.76,--,30,35280,卖盘
365,14:38:09,11.76,--,13,15288,卖盘
366,14:38:06,11.76,--,3,3528,卖盘
367,14:38:03,11.76,--,201,236376,卖盘
368,14:37:57,11.76,--,39,46828,卖盘
369,14:37:54,11.76,--,11,12936,卖盘
370,14:37:51,11.76,--,2,2352,卖盘
371,14:37:48,11.76,-0.01,61,71736,卖盘
372,14:37:45,11.77,0.01,2,2354,买盘
373,14:37:42,11.76,-0.01,1,1176,卖盘
374,14:37:39,11.77,--,2,2354,买盘
375,14:37:36,11.77,--,71,83567,买盘
376,14:37:33,11.77,0.01,11,12947,买盘
377,14:37:30,11.76,-0.01,135,158760,卖盘
378,14:37:27,11.77,--,4,4708,买盘
379,14:37:24,11.77,--,49,57673,买盘
380,14:37:15,11.77,0.01,5,5885,买盘
381,14:37:12,11.76,-0.01,77,90552,卖盘
382,14:37:09,11.77,--,36,42372,卖盘
383,14:37:06,11.77,--,7,8239,卖盘
384,14:37:03,11.77,--,10,11770,卖盘
385,14:37:00,11.77,--,11,12947,卖盘
386,14:36:57,11.77,--,50,58850,卖盘
387,14:36:54,11.77,--,56,65912,卖盘
388,14:36:51,11.77,0.01,273,321321,买盘
389,14:36:48,11.76,-0.01,58,68772,卖盘
390,14:36:45,11.77,--,269,317766,卖盘
391,14:36:42,11.77,--,41,48257,卖盘
392,14:36:39,11.77,--,85,100045,卖盘
393,14:36:36,11.77,--,66,77682,卖盘
394,14:36:33,11.77,--,63,74151,卖盘
395,14:36:30,11.77,--,154,181858,卖盘
396,14:36:27,11.77,--,3,3531,卖盘
397,14:36:24,11.77,--,13,15301,卖盘
398,14:36:21,11.77,--,200,235400,卖盘
399,14:36:18,11.77,--,54,64146,卖盘
400,14:36:15,11.77,-0.01,100,117700,卖盘
401,14:36:12,11.78,0.01,429,505951,买盘
402,14:36:09,11.77,--,36,42372,卖盘
403,14:36:06,11.77,--,30,36110,卖盘
404,14:36:03,11.77,--,2,2354,卖盘
405,14:36:00,11.77,--,4,4708,卖盘
406,14:35:54,11.77,--,6,7062,卖盘
407,14:35:51,11.77,--,55,64735,卖盘
408,14:35:48,11.77,--,10,11770,卖盘
409,14:35:42,11.77,-0.01,1,1177,卖盘
410,14:35:39,11.78,0.01,2,2356,买盘
411,14:35:36,11.77,-0.01,51,60027,卖盘
412,14:35:33,11.78,0.01,382,449996,买盘
413,14:35:30,11.77,--,28,33085,卖盘
414,14:35:27,11.77,-0.01,107,125939,卖盘
415,14:35:24,11.78,0.01,30,35340,买盘
416,14:35:21,11.77,--,45,53047,卖盘
417,14:35:18,11.77,--,38,44726,卖盘
418,14:35:12,11.77,--,47,55330,卖盘
419,14:35:09,11.77,--,2,2354,卖盘
420,14:35:06,11.77,--,4,4708,卖盘
421,14:35:03,11.77,--,69,81460,卖盘
422,14:35:00,11.77,--,37,43549,卖盘
423,14:34:57,11.77,--,24,29013,卖盘
424,14:34:54,11.77,--,2,2354,卖盘
425,14:34:51,11.77,--,2,2354,卖盘
426,14:34:48,11.77,--,33,39241,卖盘
427,14:34:45,11.77,-0.01,2,2354,卖盘
428,14:34:42,11.78,--,91,107457,买盘
429,14:34:39,11.78,--,22,25916,买盘
430,14:34:36,11.78,--,2,2356,买盘
431,14:34:33,11.78,0.01,11,12958,买盘
432,14:34:30,11.77,-0.01,48,56943,卖盘
433,14:34:21,11.78,--,48,57533,买盘
434,14:34:18,11.78,--,620,730795,卖盘
435,14:34:15,11.78,--,20,23560,卖盘
436,14:34:12,11.78,-0.01,32,37696,卖盘
437,14:34:09,11.79,0.01,6,7073,买盘
438,14:34:06,11.78,--,3,3534,卖盘
439,14:34:03,11.78,-0.01,6,7068,卖盘
440,14:33:57,11.79,0.01,30,35370,买盘
441,14:33:48,11.78,--,4,4712,卖盘
442,14:33:45,11.78,-0.01,10,11780,卖盘
443,14:33:42,11.79,--,1,1179,买盘
444,14:33:39,11.79,0.01,7,8253,买盘
445,14:33:36,11.78,--,308,362824,卖盘
446,14:33:33,11.78,--,83,97774,卖盘
447,14:33:30,11.78,--,1,1178,卖盘
448,14:33:27,11.78,--,4,4712,卖盘
449,14:33:24,11.78,--,39,45942,卖盘
450,14:33:21,11.78,--,270,318802,买盘
451,14:33:18,11.78,--,5,5890,买盘
452,14:33:12,11.78,--,44,51832,买盘
453,14:33:09,11.78,--,78,92319,卖盘
454,14:33:06,11.78,--,16,18848,卖盘
455,14:33:03,11.78,--,3,3534,卖盘
456,14:33:00,11.78,--,69,81282,卖盘
457,14:32:54,11.78,0.01,198,233986,买盘
458,14:32:51,11.77,--,30,35310,卖盘
459,14:32:48,11.77,--,34,40018,卖盘
460,14:32:45,11.77,-0.01,62,72974,卖盘
461,14:32:42,11.78,--,6,7068,买盘
462,14:32:39,11.78,--,2,2356,买盘
463,14:32:36,11.78,--,21,24738,买盘
464,14:32:33,11.78,--,10,11780,买盘
465,14:32:30,11.78,0.01,338,398164,买盘
466,14:32:27,11.77,--,55,64735,卖盘
467,14:32:24,11.77,-0.01,64,75328,卖盘
468,14:32:21,11.78,--,10,11780,买盘
469,14:32:18,11.78,--,12,14136,买盘
470,14:32:15,11.78,--,6,7068,买盘
471,14:32:09,11.78,--,148,174344,买盘
472,14:32:06,11.78,0.01,5,5890,买盘
473,14:32:03,11.77,-0.01,60,70620,卖盘
474,14:32:00,11.78,--,8,9424,买盘
475,14:31:54,11.78,0.01,10,11780,买盘
476,14:31:51,11.77,-0.01,40,47080,卖盘
477,14:31:42,11.78,0.01,2,2356,买盘
478,14:31:39,11.77,--,195,229515,买盘
479,14:31:36,11.77,--,13,15301,买盘
480,14:31:33,11.77,--,6,7062,买盘
481,14:31:30,11.77,--,3,3531,买盘
482,14:31:27,11.77,--,201,236577,买盘
483,14:31:24,11.77,0.01,44,51788,买盘
484,14:31:18,11.76,--,60,70560,卖盘
485,14:31:15,11.76,--,50,58800,卖盘
486,14:31:12,11.76,--,1,1176,卖盘
487,14:31:06,11.76,-0.01,102,119952,卖盘
488,14:31:03,11.77,0.01,49,57673,买盘
489,14:31:00,11.76,-0.01,20,23520,卖盘
490,14:30:57,11.77,--,30,36145,买盘
491,14:30:54,11.77,--,92,109437,买盘
492,14:30:51,11.77,--,2,2354,买盘
493,14:30:42,11.77,-0.01,8,10569,卖盘
494,14:30:39,11.78,0.01,76,90329,买盘
495,14:30:33,11.77,--,215,253384,卖盘
496,14:30:30,11.77,-0.01,2,2354,卖盘
497,14:30:27,11.78,--,7,8246,买盘
498,14:30:24,11.78,0.01,28,33514,买盘
499,14:30:21,11.77,--,89,104753,卖盘
500,14:30:18,11.77,-0.01,61,72514,卖盘
501,14:30:12,11.78,--,20,23560,买盘
502,14:30:09,11.78,0.01,1,1178,买盘
503,14:30:06,11.77,-0.01,23,27071,卖盘
504,14:30:03,11.78,--,106,124868,卖盘
505,14:30:00,11.78,-0.01,20,23560,卖盘
506,14:29:57,11.79,--,6,7073,买盘
507,14:29:51,11.79,--,216,254663,买盘
508,14:29:42,11.79,--,7,8253,买盘
509,14:29:36,11.79,--,1,1179,买盘
510,14:29:33,11.79,--,5,5895,买盘
511,14:29:30,11.79,--,3,3536,买盘
512,14:29:27,11.79,0.01,10,11790,买盘
513,14:29:21,11.78,--,160,188480,买盘
514,14:29:18,11.78,--,32,37696,买盘
515,14:29:12,11.78,--,50,58900,买盘
516,14:29:09,11.78,0.01,819,964782,买盘
517,14:29:06,11.77,-0.01,36,42372,卖盘
518,14:29:03,11.78,--,2,2356,买盘
519,14:29:00,11.78,--,165,194370,买盘
520,14:28:57,11.78,0.01,83,97774,买盘
521,14:28:54,11.77,-0.01,203,238931,卖盘
522,14:28:51,11.78,--,179,210862,买盘
523,14:28:48,11.78,0.01,11,12958,买盘
524,14:28:45,11.77,-0.01,10,11770,卖盘
525,14:28:42,11.78,0.01,9,10602,买盘
526,14:28:36,11.77,--,200,235400,买盘
527,14:28:33,11.77,--,17,20009,买盘
528,14:28:30,11.77,--,62,72974,买盘
529,14:28:27,11.77,--,300,353100,买盘
530,14:28:24,11.77,-0.01,631,742687,卖盘
531,14:28:21,11.78,--,20,23560,买盘
532,14:28:18,11.78,--,133,156674,买盘
533,14:28:15,11.78,0.01,31,36518,买盘
534,14:28:09,11.77,--,51,60027,卖盘
535,14:28:06,11.77,-0.02,64,75328,卖盘
536,14:28:03,11.79,--,39,45981,买盘
537,14:28:00,11.79,0.03,108,127331,买盘
538,14:27:57,11.76,-0.02,90,105840,卖盘
539,14:27:54,11.78,--,1458,1717524,卖盘
540,14:27:51,11.78,0.01,761,896458,买盘
541,14:27:48,11.77,0.01,193,227161,买盘
542,14:27:45,11.76,-0.01,191,224616,卖盘
543,14:27:42,11.77,--,12,14124,买盘
544,14:27:39,11.77,-0.01,412,484924,卖盘
545,14:27:36,11.78,0.01,80,94240,买盘
546,14:27:33,11.77,0.01,14,16478,买盘
547,14:27:30,11.76,--,16,18816,卖盘
548,14:27:27,11.76,--,3,3528,卖盘
549,14:27:24,11.76,--,33,38808,卖盘
550,14:27:21,11.76,--,959,1127784,买盘
551,14:27:18,11.76,--,638,750288,买盘
552,14:27:15,11.76,0.01,39,45864,买盘
553,14:27:12,11.75,--,30,35250,卖盘
554,14:27:06,11.75,--,7,8225,卖盘
555,14:27:03,11.75,--,165,193875,买盘
556,14:27:00,11.75,0.01,673,790775,买盘
557,14:26:57,11.74,--,54,63396,卖盘
558,14:26:54,11.74,--,2,2348,卖盘
559,14:26:51,11.74,--,167,196058,卖盘
560,14:26:48,11.74,--,78,91572,卖盘
561,14:26:45,11.74,0.01,537,630438,买盘
562,14:26:42,11.73,-0.01,94,110262,卖盘
563,14:26:39,11.74,--,190,223060,买盘
564,14:26:36,11.74,--,188,220712,买盘
565,14:26:33,11.74,0.01,32,37568,买盘
566,14:26:30,11.73,--,322,377706,卖盘
567,14:26:27,11.73,--,911,1068603,卖盘
568,14:26:24,11.73,--,80,93840,卖盘
569,14:26:21,11.73,--,222,260898,买盘
570,14:26:18,11.73,--,352,413576,卖盘
571,14:26:15,11.73,--,148,173604,卖盘
572,14:26:12,11.73,--,271,317883,卖盘
573,14:26:09,11.73,--,343,402339,卖盘
574,14:26:06,11.73,--,110,129030,卖盘
575,14:26:03,11.73,--,77,90321,卖盘
576,14:26:00,11.73,-0.01,82,96186,卖盘
577,14:25:57,11.74,--,4,4696,买盘
578,14:25:54,11.74,0.01,292,342808,买盘
579,14:25:51,11.73,-0.01,89,104397,卖盘
580,14:25:48,11.74,0.01,51,59874,买盘
581,14:25:45,11.73,-0.01,221,259362,卖盘
582,14:25:42,11.74,0.01,3,3522,中性盘
583,14:25:39,11.73,-0.02,35,41055,卖盘
584,14:25:36,11.75,0.02,19,22325,买盘
585,14:25:33,11.73,-0.01,425,499463,卖盘
586,14:25:30,11.74,--,40,46960,卖盘
587,14:25:27,11.74,-0.01,61,72212,卖盘
588,14:25:24,11.75,--,150,177248,卖盘
589,14:25:21,11.75,--,20,23500,卖盘
590,14:25:18,11.75,-0.01,449,527575,卖盘
591,14:25:15,11.76,0.01,844,992544,买盘
592,14:25:12,11.75,--,136,160728,卖盘
593,14:25:09,11.75,--,86,101050,卖盘
594,14:25:06,11.75,--,37,43475,卖盘
595,14:25:03,11.75,--,245,288956,卖盘
596,14:25:00,11.75,--,90,105750,卖盘
597,14:24:57,11.75,--,181,212675,卖盘
598,14:24:54,11.75,-0.01,292,343852,卖盘
599,14:24:51,11.76,0.01,102,119952,买盘
600,14:24:48,11.75,-0.01,48,56400,卖盘
601,14:24:45,11.76,--,10,11760,买盘
602,14:24:42,11.76,--,421,495096,买盘
603,14:24:39,11.76,--,314,369264,卖盘
604,14:24:36,11.76,0.01,6,7056,卖盘
605,14:24:33,11.75,-0.02,889,1044575,卖盘
606,14:24:30,11.77,0.01,50,58850,买盘
607,14:24:27,11.76,-0.01,9,10584,中性盘
608,14:24:24,11.77,0.01,849,1000202,买盘
609,14:24:21,11.76,--,114,134064,卖盘
610,14:24:18,11.76,--,78,91728,卖盘
611,14:24:15,11.76,--,150,176400,卖盘
612,14:24:12,11.76,-0.01,35,41160,卖盘
613,14:24:09,11.77,--,99,116523,买盘
614,14:24:06,11.77,--,55,64735,买盘
615,14:24:03,11.77,--,34,40018,买盘
616,14:24:00,11.77,0.01,8,9416,买盘
617,14:23:57,11.76,-0.01,11,12936,卖盘
618,14:23:51,11.77,0.01,74,87098,中性盘
619,14:23:48,11.76,--,5,5880,卖盘
620,14:23:45,11.76,--,15,17640,卖盘
621,14:23:42,11.76,-0.01,158,185808,卖盘
622,14:23:39,11.77,0.01,155,183270,买盘
623,14:23:36,11.76,-0.01,1,1176,卖盘
624,14:23:33,11.77,--,34,40018,买盘
625,14:23:30,11.77,0.01,45,52965,买盘
626,14:23:27,11.76,--,212,249312,卖盘
627,14:23:24,11.76,-0.01,22,25872,卖盘
628,14:23:18,11.77,0.01,4,4708,买盘
629,14:23:15,11.76,-0.01,207,243432,卖盘
630,14:23:12,11.77,--,152,178904,买盘
631,14:23:09,11.77,0.01,19,22363,买盘
632,14:23:06,11.76,--,14,16464,卖盘
633,14:23:03,11.76,--,1,1176,卖盘
634,14:23:00,11.76,--,164,192864,卖盘
635,14:22:57,11.76,-0.01,20,23520,卖盘
636,14:22:54,11.77,0.01,52,61204,买盘
637,14:22:51,11.76,--,2,2352,卖盘
638,14:22:48,11.76,--,16,18816,卖盘
639,14:22:45,11.76,--,213,250488,卖盘
640,14:22:42,11.76,--,80,94080,卖盘
641,14:22:39,11.76,--,231,272526,卖盘
642,14:22:36,11.76,-0.01,178,209328,卖盘
643,14:22:30,11.77,0.01,5,5885,买盘
644,14:22:27,11.76,--,21,24696,卖盘
645,14:22:24,11.76,-0.01,37,43841,卖盘
646,14:22:21,11.77,--,901,1060477,卖盘
647,14:22:15,11.77,--,145,170665,卖盘
648,14:22:12,11.77,--,3,3531,卖盘
649,14:22:09,11.77,--,1,1177,卖盘
650,14:22:06,11.77,--,62,72974,卖盘
651,14:22:03,11.77,--,18,21186,卖盘
652,14:22:00,11.77,--,7,8239,卖盘
653,14:21:57,11.77,-0.01,31,36487,卖盘
654,14:21:54,11.78,0.01,117,137826,买盘
655,14:21:51,11.77,--,23,27071,卖盘
656,14:21:48,11.77,--,7,8239,卖盘
657,14:21:45,11.77,-0.01,16,18832,卖盘
658,14:21:42,11.78,0.01,84,98952,买盘
659,14:21:39,11.77,--,42,49434,卖盘
660,14:21:36,11.77,-0.01,183,215391,卖盘
661,14:21:33,11.78,--,5,5890,买盘
662,14:21:30,11.78,0.01,9,10602,买盘
663,14:21:27,11.77,--,58,68266,卖盘
664,14:21:24,11.77,-0.01,50,58850,卖盘
665,14:21:21,11.78,--,2,2356,买盘
666,14:21:18,11.78,--,35,41230,买盘
667,14:21:15,11.78,0.01,1,1178,中性盘
668,14:21:12,11.77,-0.01,283,333091,卖盘
669,14:21:09,11.78,--,8,9424,卖盘
670,14:21:06,11.78,--,15,17670,卖盘
671,14:21:03,11.78,0.01,50,58900,买盘
672,14:21:00,11.77,-0.01,6,7062,卖盘
673,14:20:57,11.78,--,275,323950,买盘
674,14:20:51,11.78,0.01,13,15314,买盘
675,14:20:48,11.77,-0.01,39,46750,卖盘
676,14:20:45,11.78,--,60,70680,买盘
677,14:20:42,11.78,--,16,18848,买盘
678,14:20:39,11.78,--,14,16492,卖盘
679,14:20:36,11.78,--,1,1178,卖盘
680,14:20:33,11.78,--,187,220286,卖盘
681,14:20:30,11.78,--,30,35340,卖盘
682,14:20:27,11.78,--,5,5890,卖盘
683,14:20:24,11.78,--,4,4712,卖盘
684,14:20:21,11.78,--,56,66003,卖盘
685,14:20:18,11.78,-0.01,197,232066,卖盘
686,14:20:15,11.79,--,5,5895,买盘
687,14:20:12,11.79,0.01,7,8253,买盘
688,14:20:09,11.78,-0.01,40,47991,卖盘
689,14:20:06,11.79,0.01,619,729801,买盘
690,14:20:03,11.78,--,10,11780,卖盘
691,14:19:51,11.78,--,201,236778,卖盘
692,14:19:48,11.78,--,24,28542,买盘
693,14:19:45,11.78,-0.01,195,230086,卖盘
694,14:19:42,11.79,0.01,90,106109,买盘
695,14:19:39,11.78,--,151,177878,卖盘
696,14:19:36,11.78,-0.01,12,14136,卖盘
697,14:19:33,11.79,0.01,297,350163,买盘
698,14:19:30,11.78,-0.01,35,41406,卖盘
699,14:19:24,11.79,0.01,14,16506,买盘
700,14:19:21,11.78,--,37,43633,卖盘
701,14:19:18,11.78,--,10,11780,卖盘
702,14:19:12,11.78,-0.01,47,55825,卖盘
703,14:19:09,11.79,0.01,23,27116,买盘
704,14:19:06,11.78,--,21,24738,卖盘
705,14:19:03,11.78,--,42,50206,卖盘
706,14:19:00,11.78,--,26,30628,卖盘
707,14:18:57,11.78,--,10,11780,卖盘
708,14:18:54,11.78,--,21,24738,卖盘
709,14:18:51,11.78,-0.01,72,85723,卖盘
710,14:18:48,11.79,0.01,5,5895,买盘
711,14:18:45,11.78,-0.01,58,69019,卖盘
712,14:18:42,11.79,0.01,53,62486,买盘
713,14:18:39,11.78,--,1,1178,卖盘
714,14:18:36,11.78,--,77,90706,卖盘
715,14:18:33,11.78,-0.01,35,41983,卖盘
716,14:18:30,11.79,--,193,227546,买盘
717,14:18:27,11.79,--,56,66024,买盘
718,14:18:24,11.79,0.01,19,22401,买盘
719,14:18:21,11.78,-0.01,274,322772,卖盘
720,14:18:15,11.79,--,24,28295,买盘
721,14:18:12,11.79,0.01,5,5895,买盘
722,14:18:09,11.78,--,2,2356,卖盘
723,14:18:06,11.78,--,67,78926,卖盘
724,14:18:03,11.78,--,24,28272,卖盘
725,14:17:57,11.78,-0.01,40,47120,卖盘
726,14:17:48,11.79,--,7,8253,买盘
727,14:17:45,11.79,0.01,55,64844,买盘
728,14:17:42,11.78,-0.01,20,23560,卖盘
729,14:17:39,11.79,0.01,21,24759,买盘
730,14:17:36,11.78,--,74,87172,卖盘
731,14:17:30,11.78,--,41,48298,卖盘
732,14:17:27,11.78,--,74,87737,买盘
733,14:17:24,11.78,0.01,108,127224,买盘
734,14:17:21,11.77,-0.01,31,36487,卖盘
735,14:17:18,11.78,-0.01,43,51266,卖盘
736,14:17:15,11.79,0.01,5,5895,买盘
737,14:17:12,11.78,-0.01,89,104842,卖盘
738,14:17:09,11.79,0.01,6,7073,买盘
739,14:17:06,11.78,--,50,58900,卖盘
740,14:17:03,11.78,--,32,37696,卖盘
741,14:16:57,11.78,--,56,65968,卖盘
742,14:16:54,11.78,--,329,387562,卖盘
743,14:16:48,11.78,--,15,17670,卖盘
744,14:16:45,11.78,--,103,121334,卖盘
745,14:16:42,11.78,0.01,283,333939,买盘
746,14:16:39,11.77,--,76,89452,买盘
747,14:16:36,11.77,--,11,12947,买盘
748,14:16:33,11.77,--,99,117135,卖盘
749,14:16:30,11.77,--,53,62381,卖盘
750,14:16:27,11.77,-0.01,346,407242,卖盘
751,14:16:24,11.78,--,280,329840,买盘
752,14:16:18,11.78,0.01,7,8246,买盘
753,14:16:15,11.77,--,21,24717,卖盘
754,14:16:09,11.77,--,11,12947,卖盘
755,14:16:06,11.77,-0.01,1250,1471250,卖盘
756,14:16:03,11.78,0.01,505,594890,买盘
757,14:16:00,11.77,-0.01,5,5885,卖盘
758,14:15:57,11.78,0.01,122,143716,买盘
759,14:15:54,11.77,-0.01,57,67089,卖盘
760,14:15:51,11.78,0.01,43,50654,买盘
761,14:15:48,11.77,--,2,2354,卖盘
762,14:15:45,11.77,--,78,92370,卖盘
763,14:15:42,11.77,--,53,62381,卖盘
764,14:15:39,11.77,-0.01,69,81213,卖盘
765,14:15:36,11.78,0.01,58,68324,买盘
766,14:15:33,11.77,--,19,22363,卖盘
767,14:15:27,11.77,0.01,44,51788,中性盘
768,14:15:24,11.76,-0.04,304,357504,卖盘
769,14:15:21,11.8,--,14,16520,买盘
770,14:15:18,11.8,--,1,1180,买盘
771,14:15:15,11.8,--,68,80240,买盘
772,14:15:12,11.8,--,158,186440,卖盘
773,14:15:09,11.8,0.04,178,210040,卖盘
774,14:15:06,11.76,-0.04,989,1163534,卖盘
775,14:15:03,11.8,--,35,41300,卖盘
776,14:15:00,11.8,--,181,214052,卖盘
777,14:14:57,11.8,--,99,116820,卖盘
778,14:14:54,11.8,-0.01,72,84960,卖盘
779,14:14:51,11.81,0.01,5094,6016014,买盘
780,14:14:48,11.8,--,178,210040,买盘
781,14:14:45,11.8,--,1322,1559960,卖盘
782,14:14:42,11.8,--,10,11800,卖盘
783,14:14:36,11.8,--,13,15340,卖盘
784,14:14:30,11.8,--,5,5900,卖盘
785,14:14:27,11.8,--,2,2360,卖盘
786,14:14:24,11.8,--,2,2360,卖盘
787,14:14:21,11.8,--,223,263140,卖盘
788,14:14:18,11.8,--,34,40804,卖盘
789,14:14:15,11.8,--,28,33040,卖盘
790,14:14:12,11.8,--,10,11800,卖盘
791,14:14:09,11.8,--,85,100465,卖盘
792,14:14:06,11.8,--,64,75520,卖盘
793,14:14:03,11.8,-0.01,2,2360,卖盘
794,14:13:57,11.81,--,6,7086,买盘
795,14:13:54,11.81,0.01,12,14172,中性盘
796,14:13:51,11.8,-0.01,18,21240,卖盘
797,14:13:48,11.81,--,192,226752,卖盘
798,14:13:45,11.81,--,10,11810,卖盘
799,14:13:42,11.81,--,143,168883,卖盘
800,14:13:39,11.81,--,45,53145,卖盘
801,14:13:36,11.81,-0.01,56,66136,卖盘
802,14:13:33,11.82,0.01,5,5910,买盘
803,14:13:27,11.81,-0.01,145,172118,卖盘
804,14:13:24,11.82,0.01,6,7092,买盘
805,14:13:21,11.81,-0.01,40,47240,卖盘
806,14:13:18,11.82,--,193,228126,买盘
807,14:13:15,11.82,0.01,37,44655,买盘
808,14:13:09,11.81,-0.01,5,5905,卖盘
809,14:13:03,11.82,--,24,29526,买盘
810,14:13:00,11.82,0.01,15,17730,买盘
811,14:12:54,11.81,--,26,30788,卖盘
812,14:12:51,11.81,--,203,239743,卖盘
813,14:12:48,11.81,-0.01,51,60573,卖盘
814,14:12:45,11.82,--,55,65010,买盘
815,14:12:39,11.82,0.01,11,13002,买盘
816,14:12:36,11.81,--,1,1181,卖盘
817,14:12:27,11.81,--,4,4724,卖盘
818,14:12:24,11.81,--,30,35430,卖盘
819,14:12:21,11.81,-0.01,42,49602,卖盘
820,14:12:18,11.82,--,179,211578,买盘
821,14:12:15,11.82,0.01,8,9456,买盘
822,14:12:12,11.81,--,10,11810,卖盘
823,14:12:09,11.81,--,113,133453,卖盘
824,14:12:06,11.81,--,1,1181,卖盘
825,14:12:03,11.81,--,31,37614,卖盘
826,14:11:57,11.81,--,34,40154,卖盘
827,14:11:54,11.81,--,2,2362,卖盘
828,14:11:51,11.81,--,2,2362,卖盘
829,14:11:48,11.81,-0.01,10,11810,卖盘
830,14:11:42,11.82,0.01,5,5910,买盘
831,14:11:39,11.81,--,60,70860,卖盘
832,14:11:36,11.81,--,1,1181,卖盘
833,14:11:33,11.81,-0.01,11,12991,卖盘
834,14:11:27,11.82,0.01,252,297864,买盘
835,14:11:21,11.81,-0.01,1,1181,卖盘
836,14:11:18,11.82,--,3,3546,买盘
837,14:11:15,11.82,--,179,211578,买盘
838,14:11:09,11.82,--,5,5910,买盘
839,14:11:06,11.82,--,176,208032,卖盘
840,14:11:03,11.82,--,17,20094,卖盘
841,14:11:00,11.82,0.01,68,80376,买盘
842,14:10:57,11.81,-0.01,1,1181,卖盘
843,14:10:54,11.82,0.01,1,1182,买盘
844,14:10:51,11.81,-0.01,74,87394,卖盘
845,14:10:48,11.82,--,103,121746,卖盘
846,14:10:45,11.82,0.01,164,193848,买盘
847,14:10:42,11.81,-0.01,78,92118,卖盘
848,14:10:39,11.82,--,59,69738,卖盘
849,14:10:36,11.82,0.01,1,1182,中性盘
850,14:10:33,11.81,--,51,60231,卖盘
851,14:10:27,11.81,--,3,3543,卖盘
852,14:10:24,11.81,-0.02,30,35430,卖盘
853,14:10:18,11.83,0.02,4,4732,买盘
854,14:10:12,11.81,-0.01,251,296431,卖盘
855,14:10:09,11.82,--,176,208032,卖盘
856,14:10:06,11.82,--,181,213942,买盘
857,14:10:00,11.82,--,86,101652,买盘
858,14:09:54,11.82,0.01,20,23640,买盘
859,14:09:51,11.81,--,369,435789,卖盘
860,14:09:48,11.81,-0.01,1,1181,卖盘
861,14:09:39,11.82,0.01,9,10638,买盘
862,14:09:36,11.81,-0.01,35,41335,卖盘
863,14:09:33,11.82,--,128,151296,买盘
864,14:09:30,11.82,--,35,41370,卖盘
865,14:09:27,11.82,-0.01,15,17730,中性盘
866,14:09:24,11.83,0.01,30,35490,买盘
867,14:09:21,11.82,--,43,50826,买盘
868,14:09:18,11.82,--,222,262404,卖盘
869,14:09:15,11.82,--,44,52008,买盘
870,14:09:12,11.82,--,219,258858,买盘
871,14:09:09,11.82,--,163,192666,买盘
872,14:09:06,11.82,--,31,36642,买盘
873,14:09:03,11.82,--,2,2364,买盘
874,14:09:00,11.82,0.01,2,2364,买盘
875,14:08:57,11.81,-0.01,107,126367,卖盘
876,14:08:54,11.82,--,147,173754,卖盘
877,14:08:51,11.82,--,358,423156,卖盘
878,14:08:48,11.82,--,266,314412,卖盘
879,14:08:45,11.82,0.01,50,59100,买盘
880,14:08:36,11.81,-0.01,127,149987,卖盘
881,14:08:33,11.82,--,144,170208,买盘
882,14:08:27,11.82,--,20,23640,买盘
883,14:08:24,11.82,--,98,115836,买盘
884,14:08:18,11.82,--,12,14184,买盘
885,14:08:12,11.82,--,264,312048,买盘
886,14:08:09,11.82,0.01,181,213942,买盘
887,14:08:06,11.81,-0.01,2,2362,卖盘
888,14:08:03,11.82,--,5,5910,买盘
889,14:08:00,11.82,0.01,23,27186,买盘
890,14:07:57,11.81,-0.01,12,14172,卖盘
891,14:07:54,11.82,--,18,21276,买盘
892,14:07:51,11.82,0.01,304,359328,买盘
893,14:07:48,11.81,-0.01,58,68498,卖盘
894,14:07:42,11.82,--,100,118200,买盘
895,14:07:39,11.82,0.01,6,7092,买盘
896,14:07:36,11.81,-0.01,14,16534,卖盘
897,14:07:24,11.82,--,158,186756,买盘
898,14:07:18,11.82,0.01,2,2364,买盘
899,14:07:12,11.81,--,52,61412,卖盘
900,14:07:09,11.81,-0.01,418,493658,卖盘
901,14:07:06,11.82,--,181,213942,买盘
902,14:07:03,11.82,--,11,13002,买盘
903,14:07:00,11.82,0.01,7,8274,买盘
904,14:06:57,11.81,-0.01,57,67317,卖盘
905,14:06:54,11.82,--,66,78012,买盘
906,14:06:42,11.82,0.01,13,15366,买盘
907,14:06:36,11.81,--,1,1181,卖盘
908,14:06:27,11.81,--,341,402721,卖盘
909,14:06:24,11.81,--,12,14172,卖盘
910,14:06:21,11.81,--,38,44878,卖盘
911,14:06:15,11.81,-0.01,140,165340,卖盘
912,14:06:12,11.82,0.01,1,1182,买盘
913,14:06:09,11.81,--,2,2362,卖盘
914,14:06:06,11.81,--,3,3543,卖盘
915,14:06:03,11.81,--,150,177976,买盘
916,14:05:51,11.81,0.01,3,3543,买盘
917,14:05:48,11.8,--,17,20060,卖盘
918,14:05:42,11.8,-0.01,302,356714,卖盘
919,14:05:39,11.81,-0.01,8,9448,卖盘
920,14:05:36,11.82,--,9,10638,买盘
921,14:05:33,11.82,0.01,15,17730,买盘
922,14:05:27,11.81,--,2,2362,卖盘
923,14:05:24,11.81,--,265,312965,卖盘
924,14:05:21,11.81,-0.01,4,5550,卖盘
925,14:05:18,11.82,0.01,1,1182,买盘
926,14:05:15,11.81,--,36,42516,卖盘
927,14:05:12,11.81,--,227,268087,买盘
928,14:05:09,11.81,--,182,214942,买盘
929,14:05:06,11.81,--,13,15353,买盘
930,14:05:03,11.81,--,426,503106,买盘
931,14:05:00,11.81,0.01,2,2362,买盘
932,14:04:54,11.8,--,12,14160,卖盘
933,14:04:51,11.8,-0.01,26,30750,卖盘
934,14:04:45,11.81,0.01,21,24801,买盘
935,14:04:42,11.8,-0.01,32,37960,卖盘
936,14:04:39,11.81,0.01,11,12991,买盘
937,14:04:36,11.8,--,60,70800,卖盘
938,14:04:30,11.8,--,2,2360,卖盘
939,14:04:27,11.8,--,5,5900,卖盘
940,14:04:24,11.8,-0.01,2,2360,卖盘
941,14:04:21,11.81,--,18,21258,买盘
942,14:04:12,11.81,0.01,3,3543,买盘
943,14:04:09,11.8,--,59,69620,卖盘
944,14:04:06,11.8,--,7,8260,卖盘
945,14:04:03,11.8,-0.01,21,24780,卖盘
946,14:04:00,11.81,--,179,211399,买盘
947,14:03:54,11.81,0.01,4,4724,买盘
948,14:03:51,11.8,--,26,30680,卖盘
949,14:03:48,11.8,-0.01,18,21240,卖盘
950,14:03:45,11.81,--,5,5905,买盘
951,14:03:42,11.81,--,5,5905,买盘
952,14:03:39,11.81,0.01,10,11810,买盘
953,14:03:36,11.8,-0.01,1,1180,卖盘
954,14:03:33,11.81,--,24,28344,买盘
955,14:03:30,11.81,0.01,58,68498,买盘
956,14:03:27,11.8,--,5,5900,卖盘
957,14:03:24,11.8,-0.01,31,36580,卖盘
958,14:03:21,11.81,--,13,15353,买盘
959,14:03:18,11.81,--,24,28344,买盘
960,14:03:15,11.81,--,12,14172,买盘
961,14:03:12,11.81,--,3,3543,买盘
962,14:03:09,11.81,--,5,5905,买盘
963,14:03:06,11.81,0.01,11,12991,买盘
964,14:03:03,11.8,-0.01,62,73160,卖盘
965,14:03:00,11.81,--,188,222028,买盘
966,14:02:57,11.81,--,19,22439,买盘
967,14:02:54,11.81,--,3,3543,买盘
968,14:02:51,11.81,--,10,11810,买盘
969,14:02:48,11.81,--,13,15353,买盘
970,14:02:45,11.81,--,11,12991,买盘
971,14:02:42,11.81,0.01,6,7086,买盘
972,14:02:39,11.8,--,40,47200,卖盘
973,14:02:36,11.8,-0.01,7,8260,卖盘
974,14:02:33,11.81,0.01,10,11810,买盘
975,14:02:30,11.8,--,183,215940,卖盘
976,14:02:27,11.8,-0.01,411,484980,卖盘
977,14:02:21,11.81,--,15,17715,买盘
978,14:02:15,11.81,--,35,41335,买盘
979,14:02:09,11.81,--,13,15353,买盘
980,14:02:06,11.81,0.01,37,43697,买盘
981,14:02:03,11.8,-0.01,8,9440,卖盘
982,14:02:00,11.81,--,20,23620,买盘
983,14:01:57,11.81,--,181,213761,买盘
984,14:01:54,11.81,0.01,5,5905,买盘
985,14:01:51,11.8,-0.01,30,35400,卖盘
986,14:01:48,11.81,--,18,21258,买盘
987,14:01:45,11.81,--,12,14172,买盘
988,14:01:42,11.81,--,4,4724,买盘
989,14:01:39,11.81,--,50,59050,买盘
990,14:01:36,11.81,--,2,2362,买盘
991,14:01:30,11.81,--,1,1181,买盘
992,14:01:27,11.81,0.01,12,14172,买盘
993,14:01:21,11.8,-0.01,3,3540,卖盘
994,14:01:18,11.81,--,37,43697,买盘
995,14:01:09,11.81,--,3,3543,买盘
996,14:01:06,11.81,0.01,1,1181,买盘
997,14:01:03,11.8,-0.01,105,123900,卖盘
998,14:01:00,11.81,--,103,121643,卖盘
999,14:00:57,11.81,--,170,200770,卖盘
1000,14:00:54,11.81,--,106,125186,买盘
1001,14:00:48,11.81,--,10,11810,买盘
1002,14:00:45,11.81,--,5,5905,买盘
1003,14:00:42,11.81,--,222,262182,买盘
1004,14:00:39,11.81,0.01,1,1181,买盘
1005,14:00:36,11.8,-0.01,1,1180,卖盘
1006,14:00:33,11.81,--,195,230295,买盘
1007,14:00:30,11.81,0.01,5,5905,买盘
1008,14:00:27,11.8,--,3,3540,卖盘
1009,14:00:24,11.8,--,140,165200,卖盘
1010,14:00:18,11.8,-0.01,190,224200,卖盘
1011,14:00:15,11.81,--,15,17715,买盘
1012,14:00:12,11.81,0.01,8,9448,买盘
1013,14:00:09,11.8,-0.01,75,88500,卖盘
1014,14:00:06,11.81,--,56,66136,卖盘
1015,14:00:03,11.81,0.01,13,15353,中性盘
1016,14:00:00,11.8,-0.01,27,31860,卖盘
1017,13:59:57,11.81,--,280,330680,卖盘
1018,13:59:54,11.81,0.01,183,216123,买盘
1019,13:59:48,11.8,-0.01,2,2360,卖盘
1020,13:59:45,11.81,0.01,31,36611,买盘
1021,13:59:39,11.8,--,11,12980,卖盘
1022,13:59:36,11.8,--,1,1180,卖盘
1023,13:59:33,11.8,--,7,8260,卖盘
1024,13:59:30,11.8,--,4,4720,卖盘
1025,13:59:27,11.8,--,1,1180,卖盘
1026,13:59:24,11.8,-0.01,103,121540,卖盘
1027,13:59:21,11.81,--,87,102747,卖盘
1028,13:59:18,11.81,--,32,37792,买盘
1029,13:59:15,11.81,--,6,7086,买盘
1030,13:59:12,11.81,--,1,1181,买盘
1031,13:59:09,11.81,--,3,3543,买盘
1032,13:59:06,11.81,0.01,1,1181,买盘
1033,13:59:03,11.8,-0.01,39,46020,卖盘
1034,13:59:00,11.81,--,216,255096,卖盘
1035,13:58:57,11.81,--,264,311784,卖盘
1036,13:58:54,11.81,--,63,74403,买盘
1037,13:58:51,11.81,--,179,211399,买盘
1038,13:58:45,11.81,0.01,2,2362,买盘
1039,13:58:36,11.8,-0.01,77,90860,卖盘
1040,13:58:33,11.81,--,177,209037,卖盘
1041,13:58:30,11.81,--,284,335404,卖盘
1042,13:58:27,11.81,--,105,124005,买盘
1043,13:58:24,11.81,--,1,1181,买盘
1044,13:58:21,11.81,--,88,103928,买盘
1045,13:58:18,11.81,--,79,93299,卖盘
1046,13:58:15,11.81,0.01,60,70860,买盘
1047,13:58:09,11.8,-0.01,57,67260,卖盘
1048,13:58:06,11.81,--,93,109833,卖盘
1049,13:58:03,11.81,--,271,320051,卖盘
1050,13:58:00,11.81,--,264,311784,卖盘
1051,13:57:57,11.81,--,137,161797,卖盘
1052,13:57:54,11.81,--,133,157073,卖盘
1053,13:57:51,11.81,--,22,25982,卖盘
1054,13:57:48,11.81,--,95,112195,买盘
1055,13:57:45,11.81,0.01,500,590500,买盘
1056,13:57:42,11.8,--,32,38243,卖盘
1057,13:57:36,11.8,--,1,1180,卖盘
1058,13:57:33,11.8,-0.01,4,4720,卖盘
1059,13:57:27,11.81,--,30,35430,买盘
1060,13:57:24,11.81,0.01,20,23620,买盘
1061,13:57:21,11.8,-0.01,40,47200,卖盘
1062,13:57:15,11.81,0.01,15,17715,买盘
1063,13:57:09,11.8,-0.01,12,14160,卖盘
1064,13:57:03,11.81,--,7,8267,买盘
1065,13:57:00,11.81,0.01,68,80308,买盘
1066,13:56:57,11.8,--,31,36580,卖盘
1067,13:56:54,11.8,--,2,2360,卖盘
1068,13:56:48,11.8,-0.01,181,213768,卖盘
1069,13:56:45,11.81,0.01,41,48421,买盘
1070,13:56:42,11.8,-0.01,10,11800,卖盘
1071,13:56:39,11.81,0.01,999,1179819,买盘
1072,13:56:33,11.8,--,7,8260,卖盘
1073,13:56:30,11.8,--,13,15340,卖盘
1074,13:56:27,11.8,-0.01,1,1180,卖盘
1075,13:56:24,11.81,0.01,7,8267,买盘
1076,13:56:21,11.8,--,1,1180,卖盘
1077,13:56:15,11.8,-0.01,50,59000,卖盘
1078,13:56:12,11.81,0.01,36,42516,买盘
1079,13:56:09,11.8,--,2,2360,卖盘
1080,13:56:06,11.8,0.01,325,383500,买盘
1081,13:56:03,11.79,-0.01,33,38907,卖盘
1082,13:56:00,11.8,0.01,769,907420,买盘
1083,13:55:54,11.79,--,5,5895,卖盘
1084,13:55:48,11.79,-0.01,4,4751,卖盘
1085,13:55:45,11.8,0.01,179,211220,买盘
1086,13:55:39,11.79,--,3,3536,卖盘
1087,13:55:36,11.79,-0.01,1,1179,卖盘
1088,13:55:33,11.8,0.01,15,17700,买盘
1089,13:55:27,11.79,--,3,3536,卖盘
1090,13:55:12,11.79,--,538,634302,卖盘
1091,13:55:09,11.79,-0.01,19,22401,卖盘
1092,13:55:06,11.8,0.01,14,16520,买盘
1093,13:55:03,11.79,--,8,9432,卖盘
1094,13:54:57,11.79,-0.01,52,61307,卖盘
1095,13:54:54,11.8,0.01,1,1180,买盘
1096,13:54:51,11.79,--,8,9432,卖盘
1097,13:54:48,11.79,--,136,160414,卖盘
1098,13:54:45,11.79,-0.01,3,4680,卖盘
1099,13:54:42,11.8,--,204,240720,买盘
1100,13:54:39,11.8,--,60,70800,买盘
1101,13:54:36,11.8,--,21,24780,买盘
1102,13:54:33,11.8,--,1,1180,买盘
1103,13:54:30,11.8,--,25,29500,买盘
1104,13:54:27,11.8,--,4,4720,买盘
1105,13:54:24,11.8,0.01,1,1180,买盘
1106,13:54:21,11.79,-0.01,27,31832,卖盘
1107,13:54:18,11.8,--,300,354000,买盘
1108,13:54:15,11.8,0.01,5,5900,买盘
1109,13:54:12,11.79,--,1,1179,卖盘
1110,13:54:09,11.79,--,13,15326,卖盘
1111,13:54:06,11.79,--,24,28295,卖盘
1112,13:54:03,11.79,--,2,2358,卖盘
1113,13:54:00,11.79,-0.01,30,35370,卖盘
1114,13:53:57,11.8,--,49,57820,买盘
1115,13:53:54,11.8,0.01,85,100300,买盘
1116,13:53:51,11.79,--,24,28637,卖盘
1117,13:53:48,11.79,--,2,2358,卖盘
1118,13:53:45,11.79,--,70,82565,卖盘
1119,13:53:42,11.79,--,211,249275,卖盘
1120,13:53:39,11.79,--,38,44802,卖盘
1121,13:53:36,11.79,--,1,1179,卖盘
1122,13:53:33,11.79,--,27,32222,卖盘
1123,13:53:30,11.79,--,17,20043,卖盘
1124,13:53:27,11.79,--,22,25937,卖盘
1125,13:53:24,11.79,--,56,66330,卖盘
1126,13:53:18,11.79,-0.01,100,117899,卖盘
1127,13:53:12,11.8,0.01,1,1180,买盘
1128,13:53:09,11.79,--,22,25937,卖盘
1129,13:53:06,11.79,--,2,2358,卖盘
1130,13:53:03,11.79,-0.01,142,167418,卖盘
1131,13:53:00,11.8,--,2,2360,买盘
1132,13:52:54,11.8,0.01,23,27140,买盘
1133,13:52:48,11.79,--,2,2358,卖盘
1134,13:52:45,11.79,--,10,12249,卖盘
1135,13:52:42,11.79,-0.01,4,5470,卖盘
1136,13:52:39,11.8,--,179,211220,买盘
1137,13:52:36,11.8,0.01,6,7080,买盘
1138,13:52:33,11.79,--,53,62486,卖盘
1139,13:52:30,11.79,--,13,15326,卖盘
1140,13:52:27,11.79,--,2,2358,卖盘
1141,13:52:24,11.79,--,1,1179,卖盘
1142,13:52:21,11.79,--,252,297108,买盘
1143,13:52:18,11.79,0.01,53,62486,买盘
1144,13:52:15,11.78,-0.01,55,65237,卖盘
1145,13:52:12,11.79,--,106,125704,卖盘
1146,13:52:09,11.79,--,262,308898,卖盘
1147,13:52:06,11.79,--,4,4716,卖盘
1148,13:52:03,11.79,--,77,90783,卖盘
1149,13:52:00,11.79,-0.01,173,203966,卖盘
1150,13:51:57,11.8,--,257,303260,买盘
1151,13:51:54,11.8,0.01,11,12980,买盘
1152,13:51:51,11.79,--,35,41265,卖盘
1153,13:51:48,11.79,--,14,16506,卖盘
1154,13:51:45,11.79,--,85,100215,卖盘
1155,13:51:42,11.79,--,111,130904,卖盘
1156,13:51:39,11.79,-0.01,192,226367,卖盘
1157,13:51:36,11.8,--,134,158120,买盘
1158,13:51:33,11.8,--,20,23600,卖盘
1159,13:51:30,11.8,0.01,35,41300,买盘
1160,13:51:24,11.79,-0.01,10,11790,卖盘
1161,13:51:21,11.8,--,132,155760,卖盘
1162,13:51:18,11.8,--,48,56640,买盘
1163,13:51:15,11.8,0.01,5,5900,买盘
1164,13:51:09,11.79,--,60,70740,卖盘
1165,13:51:06,11.79,-0.01,71,83709,卖盘
1166,13:51:03,11.8,--,13,15340,买盘
1167,13:51:00,11.8,0.01,4,4720,买盘
1168,13:50:57,11.79,--,34,40086,卖盘
1169,13:50:54,11.79,-0.01,125,147375,卖盘
1170,13:50:51,11.8,--,133,156940,卖盘
1171,13:50:48,11.8,--,190,224282,买盘
1172,13:50:45,11.8,--,94,111864,卖盘
1173,13:50:42,11.8,--,144,170132,卖盘
1174,13:50:39,11.8,-0.01,3,4543,卖盘
1175,13:50:36,11.81,--,180,212580,买盘
1176,13:50:33,11.81,0.01,1,1181,买盘
1177,13:50:30,11.8,-0.01,25,29500,卖盘
1178,13:50:27,11.81,0.01,33,38973,买盘
1179,13:50:24,11.8,--,2,2360,卖盘
1180,13:50:21,11.8,-0.01,15,17700,卖盘
1181,13:50:15,11.81,--,5,5905,买盘
1182,13:50:12,11.81,0.01,16,18896,买盘
1183,13:50:09,11.8,--,33,38940,卖盘
1184,13:50:06,11.8,--,51,60180,卖盘
1185,13:50:03,11.8,--,12,14160,卖盘
1186,13:50:00,11.8,--,138,162840,卖盘
1187,13:49:54,11.8,--,4,4720,卖盘
1188,13:49:51,11.8,--,1,1180,卖盘
1189,13:49:48,11.8,-0.01,5,5900,卖盘
1190,13:49:39,11.81,0.01,9,10664,买盘
1191,13:49:36,11.8,--,26,30680,卖盘
1192,13:49:33,11.8,0.01,298,351805,买盘
1193,13:49:30,11.79,--,20,23580,卖盘
1194,13:49:27,11.79,--,59,69561,卖盘
1195,13:49:24,11.79,-0.01,25,29474,卖盘
1196,13:49:21,11.8,--,13,15340,买盘
1197,13:49:15,11.8,0.01,18,21240,买盘
1198,13:49:06,11.79,-0.01,8,9432,卖盘
1199,13:49:03,11.8,0.01,61,71980,买盘
1200,13:49:00,11.79,-0.01,21,24759,卖盘
1201,13:48:54,11.8,0.01,1,1180,买盘
1202,13:48:51,11.79,-0.01,4,4716,卖盘
1203,13:48:45,11.8,0.01,54,63720,买盘
1204,13:48:42,11.79,-0.01,15,17685,卖盘
1205,13:48:39,11.8,--,39,47034,卖盘
1206,13:48:36,11.8,--,29,34255,卖盘
1207,13:48:33,11.8,-0.01,44,51920,卖盘
1208,13:48:30,11.81,--,189,223209,买盘
1209,13:48:27,11.81,0.01,41,48421,买盘
1210,13:48:21,11.8,--,85,100300,卖盘
1211,13:48:18,11.8,--,124,146320,卖盘
1212,13:48:15,11.8,--,13,15340,卖盘
1213,13:48:12,11.8,--,75,88500,卖盘
1214,13:48:09,11.8,--,67,79060,卖盘
1215,13:48:06,11.8,--,10,11800,卖盘
1216,13:48:03,11.8,--,1,1180,卖盘
1217,13:48:00,11.8,--,8,9440,卖盘
1218,13:47:57,11.8,--,1,1180,卖盘
1219,13:47:51,11.8,--,198,233769,买盘
1220,13:47:48,11.8,--,47,56510,卖盘
1221,13:47:45,11.8,--,118,139688,卖盘
1222,13:47:42,11.8,--,283,334152,卖盘
1223,13:47:39,11.8,--,257,303260,卖盘
1224,13:47:36,11.8,--,109,128938,卖盘
1225,13:47:33,11.8,--,328,387936,卖盘
1226,13:47:30,11.8,--,180,212400,卖盘
1227,13:47:27,11.8,--,3,3540,卖盘
1228,13:47:24,11.8,--,1,1180,卖盘
1229,13:47:18,11.8,-0.01,1,1180,卖盘
1230,13:47:12,11.81,0.01,5,5905,买盘
1231,13:47:09,11.8,--,119,140420,卖盘
1232,13:47:06,11.8,-0.01,29,34220,卖盘
1233,13:47:03,11.81,0.01,7,8267,买盘
1234,13:47:00,11.8,--,370,436600,卖盘
1235,13:46:51,11.8,--,41,48380,卖盘
1236,13:46:48,11.8,-0.01,3,3540,卖盘
1237,13:46:45,11.81,--,185,218485,买盘
1238,13:46:39,11.81,0.01,2,2362,买盘
1239,13:46:36,11.8,--,2,2619,卖盘
1240,13:46:33,11.8,--,37,44615,卖盘
1241,13:46:30,11.8,-0.01,61,71980,卖盘
1242,13:46:27,11.81,--,199,235196,买盘
1243,13:46:18,11.81,--,466,550641,卖盘
1244,13:46:12,11.81,--,26,30706,卖盘
1245,13:46:09,11.81,--,53,62593,卖盘
1246,13:46:06,11.81,--,2,2362,卖盘
1247,13:46:03,11.81,--,2,2362,卖盘
1248,13:45:57,11.81,--,31,36611,卖盘
1249,13:45:54,11.81,--,22,25982,卖盘
1250,13:45:48,11.81,--,8,9448,卖盘
1251,13:45:45,11.81,-0.01,291,343671,卖盘
1252,13:45:39,11.82,--,33,39006,买盘
1253,13:45:36,11.82,0.01,2,2364,买盘
1254,13:45:33,11.81,--,39,46059,卖盘
1255,13:45:30,11.81,-0.01,4,4759,卖盘
1256,13:45:24,11.82,--,204,241128,买盘
1257,13:45:21,11.82,0.01,123,146390,买盘
1258,13:45:15,11.81,-0.01,104,122824,卖盘
1259,13:45:12,11.82,0.01,10,11820,买盘
1260,13:45:09,11.81,--,35,42315,卖盘
1261,13:45:06,11.81,--,42,49602,卖盘
1262,13:45:03,11.81,--,30,35430,卖盘
1263,13:45:00,11.81,--,1,1181,卖盘
1264,13:44:54,11.81,--,21,25403,卖盘
1265,13:44:51,11.81,--,5,5905,卖盘
1266,13:44:48,11.81,-0.01,24,28473,卖盘
1267,13:44:42,11.82,0.01,3,3546,买盘
1268,13:44:39,11.81,--,40,47665,卖盘
1269,13:44:36,11.81,--,1,1181,卖盘
1270,13:44:33,11.81,--,0,165,卖盘
1271,13:44:30,11.81,-0.01,103,122694,卖盘
1272,13:44:24,11.82,--,178,210396,买盘
1273,13:44:21,11.82,--,2,2364,买盘
1274,13:44:15,11.82,0.01,5,5910,买盘
1275,13:44:09,11.81,--,2,2362,卖盘
1276,13:44:06,11.81,--,13,15353,卖盘
1277,13:44:03,11.81,--,16,18896,卖盘
1278,13:43:51,11.81,--,1,1181,卖盘
1279,13:43:48,11.81,--,2,2362,卖盘
1280,13:43:42,11.81,--,7,8267,卖盘
1281,13:43:39,11.81,--,1,1181,卖盘
1282,13:43:33,11.81,--,2,2362,卖盘
1283,13:43:27,11.81,--,37,43732,卖盘
1284,13:43:24,11.81,--,2,2362,卖盘
1285,13:43:21,11.81,--,178,210218,买盘
1286,13:43:15,11.81,0.01,100,118100,买盘
1287,13:43:12,11.8,-0.01,1,1180,卖盘
1288,13:43:09,11.81,0.01,8,9448,买盘
1289,13:43:06,11.8,--,424,500320,卖盘
1290,13:43:03,11.8,--,100,118000,卖盘
1291,13:43:00,11.8,-0.01,94,111911,卖盘
1292,13:42:57,11.81,-0.01,3,3543,卖盘
1293,13:42:54,11.82,0.01,50,59100,买盘
1294,13:42:51,11.81,--,5,5905,卖盘
1295,13:42:48,11.81,--,164,193684,卖盘
1296,13:42:42,11.81,--,5,5905,卖盘
1297,13:42:36,11.81,--,51,60231,卖盘
1298,13:42:30,11.81,-0.01,0,307,卖盘
1299,13:42:27,11.82,--,162,192394,买盘
1300,13:42:18,11.82,--,179,211578,买盘
1301,13:42:15,11.82,0.01,24,28368,买盘
1302,13:42:09,11.81,--,34,40815,卖盘
1303,13:42:03,11.81,--,2,2362,卖盘
1304,13:42:00,11.81,--,13,15353,卖盘
1305,13:41:57,11.81,--,1055,1245955,卖盘
1306,13:41:54,11.81,--,65,76765,卖盘
1307,13:41:48,11.81,--,114,134634,卖盘
1308,13:41:39,11.81,-0.01,1,1181,卖盘
1309,13:41:36,11.82,0.01,6,7092,买盘
1310,13:41:33,11.81,--,5,5905,卖盘
1311,13:41:27,11.81,--,1,1181,卖盘
1312,13:41:24,11.81,--,5,5940,卖盘
1313,13:41:21,11.81,-0.01,10,11810,卖盘
1314,13:41:18,11.82,--,179,211578,买盘
1315,13:41:15,11.82,0.01,2,2364,买盘
1316,13:41:12,11.81,--,1,1181,卖盘
1317,13:41:09,11.81,-0.01,92,108652,卖盘
1318,13:41:06,11.82,--,7,8274,买盘
1319,13:41:03,11.82,--,39,46098,买盘
1320,13:41:00,11.82,0.01,80,94560,买盘
1321,13:40:57,11.81,-0.01,15,17715,卖盘
1322,13:40:54,11.82,--,39,46098,买盘
1323,13:40:45,11.82,0.01,163,192666,买盘
1324,13:40:42,11.81,--,328,387368,卖盘
1325,13:40:36,11.81,--,6,7086,卖盘
1326,13:40:33,11.81,--,6,7086,卖盘
1327,13:40:30,11.81,--,10,11810,卖盘
1328,13:40:24,11.81,-0.01,37,43697,卖盘
1329,13:40:21,11.82,0.01,9,10673,买盘
1330,13:40:18,11.81,-0.01,9,10629,卖盘
1331,13:40:15,11.82,0.01,181,213942,买盘
1332,13:40:12,11.81,--,802,947162,卖盘
1333,13:40:09,11.81,--,35,41335,卖盘
1334,13:40:06,11.81,--,1,1181,卖盘
1335,13:40:03,11.81,--,1,1181,卖盘
1336,13:40:00,11.81,--,27,32926,卖盘
1337,13:39:51,11.81,--,3,3543,卖盘
1338,13:39:48,11.81,--,18,21258,卖盘
1339,13:39:39,11.81,--,100,118100,卖盘
1340,13:39:33,11.81,--,1,1181,卖盘
1341,13:39:30,11.81,--,29,34249,卖盘
1342,13:39:27,11.81,--,2,2362,卖盘
1343,13:39:24,11.81,-0.01,12,14172,卖盘
1344,13:39:21,11.82,--,14,16583,买盘
1345,13:39:15,11.82,0.01,5,5910,买盘
1346,13:39:12,11.81,-0.01,199,235019,卖盘
1347,13:39:09,11.82,0.01,5,5910,买盘
1348,13:39:03,11.81,--,43,51940,卖盘
1349,13:39:00,11.81,--,18,21258,卖盘
1350,13:38:57,11.81,--,5,5905,卖盘
1351,13:38:54,11.81,--,15,17715,卖盘
1352,13:38:51,11.81,--,11,12991,卖盘
1353,13:38:48,11.81,-0.01,29,34249,卖盘
1354,13:38:45,11.82,--,12,14184,买盘
1355,13:38:39,11.82,-0.01,10,11820,中性盘
1356,13:38:36,11.83,0.01,790,935220,买盘
1357,13:38:33,11.82,--,4,4728,卖盘
1358,13:38:30,11.82,--,2,2364,卖盘
1359,13:38:27,11.82,--,1,1182,卖盘
1360,13:38:24,11.82,--,1,1182,卖盘
1361,13:38:21,11.82,--,4,4728,卖盘
1362,13:38:18,11.82,-0.01,25,29585,卖盘
1363,13:38:15,11.83,--,6,7098,买盘
1364,13:38:12,11.83,0.01,178,210574,买盘
1365,13:38:09,11.82,--,3,3546,卖盘
1366,13:38:06,11.82,--,2,2364,卖盘
1367,13:38:03,11.82,--,1,1182,卖盘
1368,13:38:00,11.82,-0.01,8,9456,卖盘
1369,13:37:51,11.83,--,1,1183,买盘
1370,13:37:48,11.83,--,36,42588,买盘
1371,13:37:45,11.83,--,23,27209,买盘
1372,13:37:42,11.83,0.01,5,5915,买盘
1373,13:37:39,11.82,--,8,9456,卖盘
1374,13:37:36,11.82,--,43,51026,卖盘
1375,13:37:33,11.82,--,310,366420,卖盘
1376,13:37:27,11.82,--,1,1182,卖盘
1377,13:37:21,11.82,--,30,35755,卖盘
1378,13:37:18,11.82,--,10,12741,卖盘
1379,13:37:15,11.82,-0.01,6,7092,卖盘
1380,13:37:12,11.83,0.01,97,115437,买盘
1381,13:37:09,11.82,-0.01,712,841985,卖盘
1382,13:37:06,11.83,0.01,240,283920,买盘
1383,13:37:03,11.82,-0.01,3,3546,卖盘
1384,13:37:00,11.83,--,8,9464,买盘
1385,13:36:57,11.83,0.01,1,1183,买盘
1386,13:36:54,11.82,-0.01,19,22859,卖盘
1387,13:36:42,11.83,-0.01,227,268990,卖盘
1388,13:36:39,11.84,0.01,9,10656,买盘
1389,13:36:36,11.83,-0.01,1,1183,卖盘
1390,13:36:33,11.84,0.01,5,5920,买盘
1391,13:36:30,11.83,--,80,94640,卖盘
1392,13:36:27,11.83,--,86,102708,卖盘
1393,13:36:21,11.83,--,1,1183,卖盘
1394,13:36:18,11.83,-0.01,17,20335,卖盘
1395,13:36:15,11.84,0.01,42,50722,买盘
1396,13:36:09,11.83,-0.01,46,55447,卖盘
1397,13:36:06,11.84,0.01,179,211936,买盘
1398,13:36:03,11.83,--,56,66248,卖盘
1399,13:36:00,11.83,--,322,381186,卖盘
1400,13:35:57,11.83,--,37,43771,卖盘
1401,13:35:54,11.83,--,8,9464,卖盘
1402,13:35:51,11.83,--,39,46941,卖盘
1403,13:35:48,11.83,--,77,91091,卖盘
1404,13:35:45,11.83,0.01,10,11830,中性盘
1405,13:35:42,11.82,-0.01,34,40188,卖盘
1406,13:35:39,11.83,--,20,23884,卖盘
1407,13:35:36,11.83,--,10,11830,中性盘
1408,13:35:33,11.83,0.01,16,18928,卖盘
1409,13:35:30,11.82,-0.01,2,2364,卖盘
1410,13:35:24,11.83,0.01,1,1183,中性盘
1411,13:35:21,11.82,-0.02,551,651282,卖盘
1412,13:35:18,11.84,0.01,18,21560,买盘
1413,13:35:15,11.83,--,33,40009,卖盘
1414,13:35:09,11.83,--,143,169169,卖盘
1415,13:35:06,11.83,--,181,214123,卖盘
1416,13:35:03,11.83,--,1,1183,卖盘
1417,13:35:00,11.83,--,2,2366,卖盘
1418,13:34:57,11.83,--,3,3549,卖盘
1419,13:34:54,11.83,--,105,124841,卖盘
1420,13:34:51,11.83,--,300,354900,卖盘
1421,13:34:48,11.83,--,27,32059,卖盘
1422,13:34:39,11.83,-0.01,1,1183,卖盘
1423,13:34:36,11.84,0.01,152,180749,买盘
1424,13:34:33,11.83,--,36,42588,卖盘
1425,13:34:30,11.83,--,37,43771,卖盘
1426,13:34:27,11.83,--,54,64710,卖盘
1427,13:34:24,11.83,-0.01,3,3549,卖盘
1428,13:34:15,11.84,0.01,41,48544,买盘
1429,13:34:12,11.83,-0.01,43,51117,卖盘
1430,13:34:09,11.84,0.01,53,62752,买盘
1431,13:34:06,11.83,--,1,1183,卖盘
1432,13:34:03,11.83,--,190,224770,卖盘
1433,13:34:00,11.83,--,1,1183,卖盘
1434,13:33:57,11.83,-0.01,26,31266,卖盘
1435,13:33:51,11.84,--,774,917386,卖盘
1436,13:33:48,11.84,--,47,55944,卖盘
1437,13:33:42,11.84,--,1,1184,卖盘
1438,13:33:39,11.84,--,2,2368,卖盘
1439,13:33:36,11.84,--,1,1184,卖盘
1440,13:33:33,11.84,--,1,1184,卖盘
1441,13:33:30,11.84,--,24,28416,卖盘
1442,13:33:24,11.84,-0.01,3,3552,卖盘
1443,13:33:21,11.85,0.01,7,8295,买盘
1444,13:33:18,11.84,--,119,141961,卖盘
1445,13:33:15,11.84,-0.01,0,23,卖盘
1446,13:33:12,11.85,--,616,729971,买盘
1447,13:33:09,11.85,0.01,16,18960,买盘
1448,13:33:03,11.84,-0.01,23,27232,卖盘
1449,13:33:00,11.85,--,182,215670,买盘
1450,13:32:57,11.85,0.01,100,118500,买盘
1451,13:32:54,11.84,--,15,17760,卖盘
1452,13:32:48,11.84,--,2,2368,卖盘
1453,13:32:45,11.84,--,23,27232,卖盘
1454,13:32:42,11.84,0.01,63,74592,买盘
1455,13:32:39,11.83,-0.01,1,1183,卖盘
1456,13:32:36,11.84,0.01,80,94720,买盘
1457,13:32:33,11.83,-0.01,570,674310,卖盘
1458,13:32:30,11.84,--,15,17760,买盘
1459,13:32:27,11.84,--,28,33152,买盘
1460,13:32:21,11.84,0.01,5,5920,买盘
1461,13:32:18,11.83,-0.01,1,2247,卖盘
1462,13:32:15,11.84,0.01,46,54464,买盘
1463,13:32:12,11.83,--,0,212,卖盘
1464,13:32:09,11.83,--,9,11652,卖盘
1465,13:32:03,11.83,--,2,2366,卖盘
1466,13:32:00,11.83,--,85,100555,买盘
1467,13:31:57,11.83,0.01,37,43771,买盘
1468,13:31:51,11.82,--,1,1182,卖盘
1469,13:31:48,11.82,-0.01,29,34278,卖盘
1470,13:31:45,11.83,0.01,2,2366,买盘
1471,13:31:36,11.82,0.01,1128,1333331,买盘
1472,13:31:33,11.81,-0.01,34,41205,卖盘
1473,13:31:30,11.82,0.01,50,59100,买盘
1474,13:31:27,11.81,--,12,14172,卖盘
1475,13:31:21,11.81,--,8,9448,卖盘
1476,13:31:18,11.81,--,435,514797,卖盘
1477,13:31:15,11.81,-0.01,187,221968,卖盘
1478,13:31:12,11.82,--,5,6146,买盘
1479,13:31:09,11.82,0.01,10,12801,买盘
1480,13:31:06,11.81,--,1,1181,卖盘
1481,13:31:03,11.81,--,1,1181,卖盘
1482,13:31:00,11.81,--,19,23478,卖盘
1483,13:30:57,11.81,--,259,305879,卖盘
1484,13:30:51,11.81,--,30,35843,卖盘
1485,13:30:48,11.81,--,7,8267,卖盘
1486,13:30:39,11.81,--,12,14172,卖盘
1487,13:30:36,11.81,--,21,25533,卖盘
1488,13:30:33,11.81,--,26,30706,卖盘
1489,13:30:30,11.81,-0.01,4,4724,卖盘
1490,13:30:27,11.82,--,5,5910,买盘
1491,13:30:24,11.82,--,10,11820,买盘
1492,13:30:21,11.82,0.01,9,10638,买盘
1493,13:30:18,11.81,--,2,3424,卖盘
1494,13:30:12,11.81,-0.01,25,29525,卖盘
1495,13:30:09,11.82,0.01,4,4728,买盘
1496,13:30:06,11.81,--,4,4759,卖盘
1497,13:30:03,11.81,-0.01,11,12991,卖盘
1498,13:29:54,11.82,--,179,211578,买盘
1499,13:29:39,11.82,0.01,26,30732,买盘
1500,13:29:36,11.81,--,1,1181,卖盘
1501,13:29:33,11.81,--,12,14172,卖盘
1502,13:29:30,11.81,--,15,17715,卖盘
1503,13:29:27,11.81,--,1,1181,卖盘
1504,13:29:24,11.81,--,24,28344,卖盘
1505,13:29:21,11.81,-0.01,100,118100,卖盘
1506,13:29:18,11.82,--,6,8155,买盘
1507,13:29:15,11.82,--,42,49644,买盘
1508,13:29:06,11.82,-0.02,316,373535,卖盘
1509,13:29:03,11.84,--,4,5896,卖盘
1510,13:29:00,11.84,--,14,16576,卖盘
1511,13:28:57,11.84,--,30,35520,卖盘
1512,13:28:54,11.84,0.01,368,435712,买盘
1513,13:28:51,11.83,--,59,69797,卖盘
1514,13:28:48,11.83,--,1,1183,卖盘
1515,13:28:45,11.83,-0.01,1,1183,卖盘
1516,13:28:42,11.84,--,3,3552,买盘
1517,13:28:36,11.84,0.01,20,23680,买盘
1518,13:28:33,11.83,--,9,10647,卖盘
1519,13:28:30,11.83,--,5,5915,卖盘
1520,13:28:27,11.83,--,2,2366,卖盘
1521,13:28:21,11.83,--,1,1183,卖盘
1522,13:28:18,11.83,--,22,27090,卖盘
1523,13:28:15,11.83,--,82,97006,卖盘
1524,13:28:12,11.83,--,6,7098,卖盘
1525,13:28:09,11.83,-0.01,10,11830,卖盘
1526,13:28:06,11.84,0.01,8,9472,买盘
1527,13:28:03,11.83,--,2,2496,卖盘
1528,13:28:00,11.83,--,14,17650,卖盘
1529,13:27:57,11.83,-0.01,1,1183,卖盘
1530,13:27:54,11.84,0.01,1,1184,买盘
1531,13:27:51,11.83,--,236,279188,卖盘
1532,13:27:48,11.83,--,9,10647,卖盘
1533,13:27:45,11.83,--,200,236600,卖盘
1534,13:27:42,11.83,0.01,6,7098,卖盘
1535,13:27:33,11.82,-0.01,15,17730,卖盘
1536,13:27:30,11.83,0.01,16,18928,买盘
1537,13:27:27,11.82,--,26,30732,卖盘
1538,13:27:24,11.82,--,124,146568,卖盘
1539,13:27:18,11.82,-0.01,5,6973,卖盘
1540,13:27:15,11.83,--,15,17745,买盘
1541,13:27:12,11.83,0.01,63,74529,买盘
1542,13:27:09,11.82,--,4,4728,卖盘
1543,13:27:06,11.82,-0.01,6,7092,卖盘
1544,13:27:03,11.83,0.01,22,26026,买盘
1545,13:26:57,11.82,--,28,33096,卖盘
1546,13:26:54,11.82,--,4,4728,卖盘
1547,13:26:51,11.82,--,7,8274,卖盘
1548,13:26:48,11.82,--,20,23640,买盘
1549,13:26:45,11.82,--,8,9456,买盘
1550,13:26:42,11.82,--,4,4728,买盘
1551,13:26:39,11.82,--,5,5910,买盘
1552,13:26:36,11.82,--,2,2364,买盘
1553,13:26:33,11.82,0.01,52,61464,买盘
1554,13:26:30,11.81,--,91,107471,卖盘
1555,13:26:27,11.81,-0.01,1,1181,卖盘
1556,13:26:24,11.82,0.01,1,1997,买盘
1557,13:26:18,11.81,--,71,84984,买盘
1558,13:26:15,11.81,--,6,7086,买盘
1559,13:26:12,11.81,0.01,122,144082,买盘
1560,13:26:09,11.8,-0.01,2,2360,卖盘
1561,13:26:06,11.81,--,36,42516,买盘
1562,13:26:03,11.81,--,80,94480,买盘
1563,13:26:00,11.81,0.01,6,7086,买盘
1564,13:25:57,11.8,--,137,161660,卖盘
1565,13:25:54,11.8,--,1,1180,卖盘
1566,13:25:51,11.8,--,19,22420,卖盘
1567,13:25:48,11.8,-0.01,215,253700,卖盘
1568,13:25:45,11.81,0.01,33,38973,买盘
1569,13:25:42,11.8,-0.01,13,15340,卖盘
1570,13:25:39,11.81,0.01,5,5905,买盘
1571,13:25:33,11.8,--,1,1180,卖盘
1572,13:25:27,11.8,-0.01,5,5900,卖盘
1573,13:25:24,11.81,-0.01,727,859697,卖盘
1574,13:25:21,11.82,--,1,1182,卖盘
1575,13:25:18,11.82,-0.01,42,50707,卖盘
1576,13:25:15,11.83,--,16,18928,买盘
1577,13:25:12,11.83,0.01,2,2366,买盘
1578,13:25:09,11.82,--,2,2364,卖盘
1579,13:25:06,11.82,--,2,2364,卖盘
1580,13:25:03,11.82,--,12,14184,卖盘
1581,13:25:00,11.82,--,17,20094,卖盘
1582,13:24:57,11.82,0.01,38,44916,买盘
1583,13:24:54,11.81,--,4,4724,卖盘
1584,13:24:51,11.81,--,11,12991,卖盘
1585,13:24:48,11.81,--,252,297919,卖盘
1586,13:24:45,11.81,--,195,230295,卖盘
1587,13:24:42,11.81,--,43,50783,卖盘
1588,13:24:39,11.81,-0.01,71,83851,卖盘
1589,13:24:36,11.82,0.01,80,94560,买盘
1590,13:24:33,11.81,--,2,2362,卖盘
1591,13:24:30,11.81,--,14,16534,卖盘
1592,13:24:27,11.81,-0.01,3,3543,卖盘
1593,13:24:21,11.82,--,10,11820,买盘
1594,13:24:18,11.82,0.01,2,2364,买盘
1595,13:24:15,11.81,-0.01,31,37673,卖盘
1596,13:24:12,11.82,0.01,2,2364,买盘
1597,13:24:09,11.81,-0.01,2,2362,卖盘
1598,13:24:06,11.82,0.01,7,8274,买盘
1599,13:24:03,11.81,-0.01,124,146444,卖盘
1600,13:23:57,11.82,0.01,17,20094,买盘
1601,13:23:54,11.81,--,75,88575,买盘
1602,13:23:51,11.81,--,232,273992,买盘
1603,13:23:45,11.81,--,10,11810,买盘
1604,13:23:42,11.81,-0.01,454,536174,卖盘
1605,13:23:39,11.82,--,95,112290,买盘
1606,13:23:33,11.82,--,75,88650,买盘
1607,13:23:30,11.82,--,33,39006,卖盘
1608,13:23:27,11.82,--,84,99288,卖盘
1609,13:23:24,11.82,--,30,35460,卖盘
1610,13:23:21,11.82,-0.02,1,1182,中性盘
1611,13:23:18,11.84,-0.01,287,340684,卖盘
1612,13:23:12,11.85,0.01,16,18960,买盘
1613,13:23:09,11.84,--,30,35520,卖盘
1614,13:23:06,11.84,0.03,810,959347,买盘
1615,13:23:03,11.81,-0.01,41,48421,卖盘
1616,13:23:00,11.82,0.01,2,2364,买盘
1617,13:22:57,11.81,--,1,1181,卖盘
1618,13:22:54,11.81,-0.01,11,12991,卖盘
1619,13:22:48,11.82,--,5,5910,买盘
1620,13:22:45,11.82,--,6,7092,买盘
1621,13:22:42,11.82,--,185,218670,买盘
1622,13:22:36,11.82,0.01,10,11820,买盘
1623,13:22:33,11.81,--,65,76765,卖盘
1624,13:22:27,11.81,-0.01,27,31887,卖盘
1625,13:22:24,11.82,0.01,167,197677,买盘
1626,13:22:18,11.81,--,1,1181,卖盘
1627,13:22:12,11.81,--,192,226752,卖盘
1628,13:22:09,11.81,--,47,56333,卖盘
1629,13:22:03,11.81,-0.01,27,31887,卖盘
1630,13:21:57,11.82,--,65,76830,买盘
1631,13:21:54,11.82,--,6,7092,买盘
1632,13:21:51,11.82,0.01,126,148932,买盘
1633,13:21:48,11.81,-0.01,1000,1181000,卖盘
1634,13:21:42,11.82,--,39,46098,买盘
1635,13:21:39,11.82,--,179,211578,买盘
1636,13:21:36,11.82,0.01,200,236400,买盘
1637,13:21:33,11.81,-0.01,2,2362,卖盘
1638,13:21:30,11.82,0.01,3,3546,买盘
1639,13:21:27,11.81,--,25,29525,卖盘
1640,13:21:24,11.81,--,4,4724,卖盘
1641,13:21:18,11.81,--,21,24801,卖盘
1642,13:21:15,11.81,--,253,298793,买盘
1643,13:21:09,11.81,--,3,3543,买盘
1644,13:21:06,11.81,0.01,5,5905,买盘
1645,13:21:03,11.8,-0.01,57,67260,卖盘
1646,13:21:00,11.81,0.01,1,1181,买盘
1647,13:20:57,11.8,-0.01,29,34220,卖盘
1648,13:20:54,11.81,--,5,5905,买盘
1649,13:20:51,11.81,0.01,21,24801,买盘
1650,13:20:48,11.8,--,19,22420,卖盘
1651,13:20:45,11.8,--,30,35400,卖盘
1652,13:20:42,11.8,-0.01,15,17700,卖盘
1653,13:20:39,11.81,--,22,25982,买盘
1654,13:20:36,11.81,0.01,219,258639,买盘
1655,13:20:33,11.8,--,3,3540,卖盘
1656,13:20:30,11.8,--,3,3540,卖盘
1657,13:20:27,11.8,--,12,14160,卖盘
1658,13:20:18,11.8,-0.01,2,2360,卖盘
1659,13:20:15,11.81,--,2,2362,买盘
1660,13:20:12,11.81,0.01,2,2362,买盘
1661,13:20:09,11.8,-0.01,85,100300,卖盘
1662,13:20:06,11.81,0.01,99,116919,买盘
1663,13:20:03,11.8,--,2,2360,卖盘
1664,13:20:00,11.8,--,19,22420,卖盘
1665,13:19:57,11.8,--,15,17700,卖盘
1666,13:19:54,11.8,--,4,4720,卖盘
1667,13:19:51,11.8,--,27,31860,卖盘
1668,13:19:48,11.8,--,10,11800,卖盘
1669,13:19:45,11.8,-0.01,14,16520,卖盘
1670,13:19:42,11.81,--,21,24801,买盘
1671,13:19:39,11.81,--,13,15353,买盘
1672,13:19:36,11.81,0.01,179,211399,买盘
1673,13:19:33,11.8,-0.01,1,1180,卖盘
1674,13:19:30,11.81,0.01,19,22439,买盘
1675,13:19:27,11.8,--,132,155760,卖盘
1676,13:19:24,11.8,-0.01,20,23600,卖盘
1677,13:19:21,11.81,--,5,5905,买盘
1678,13:19:18,11.81,--,47,55507,买盘
1679,13:19:15,11.81,--,11,12991,买盘
1680,13:19:12,11.81,--,21,24801,买盘
1681,13:19:09,11.81,--,4,4724,买盘
1682,13:19:06,11.81,0.01,90,106290,买盘
1683,13:19:03,11.8,-0.01,1,1180,卖盘
1684,13:19:00,11.81,0.01,3,3543,买盘
1685,13:18:54,11.8,-0.01,14,16520,卖盘
1686,13:18:51,11.81,--,4,4724,买盘
1687,13:18:48,11.81,--,1,1181,买盘
1688,13:18:42,11.81,--,2,2362,买盘
1689,13:18:39,11.81,0.01,62,73222,买盘
1690,13:18:33,11.8,-0.01,183,215940,卖盘
1691,13:18:30,11.81,0.01,2,2362,买盘
1692,13:18:27,11.8,--,31,36580,卖盘
1693,13:18:24,11.8,--,221,261901,卖盘
1694,13:18:21,11.8,-0.01,2,2360,卖盘
1695,13:18:18,11.81,0.01,4,4724,买盘
1696,13:18:15,11.8,--,18,21240,卖盘
1697,13:18:12,11.8,--,2,2360,卖盘
1698,13:18:06,11.8,--,1,1180,卖盘
1699,13:18:03,11.8,-0.01,4,4720,卖盘
1700,13:18:00,11.81,0.01,101,119281,买盘
1701,13:17:57,11.8,--,64,75520,卖盘
1702,13:17:54,11.8,-0.01,21,24780,卖盘
1703,13:17:51,11.81,--,56,66136,买盘
1704,13:17:45,11.81,--,6,7086,买盘
1705,13:17:42,11.81,--,26,30706,买盘
1706,13:17:36,11.81,0.01,10,11810,买盘
1707,13:17:33,11.8,-0.01,1,1180,卖盘
1708,13:17:30,11.81,0.01,191,225571,买盘
1709,13:17:27,11.8,--,12,14160,卖盘
1710,13:17:24,11.8,-0.01,29,34220,卖盘
1711,13:17:21,11.81,--,33,38973,买盘
1712,13:17:18,11.81,0.01,19,22439,买盘
1713,13:17:15,11.8,--,8,9440,卖盘
1714,13:17:12,11.8,-0.01,1,1180,卖盘
1715,13:17:09,11.81,0.01,34,40154,买盘
1716,13:17:06,11.8,--,2,2360,卖盘
1717,13:17:03,11.8,--,13,15340,卖盘
1718,13:17:00,11.8,--,4,4720,卖盘
1719,13:16:57,11.8,--,5,5900,卖盘
1720,13:16:54,11.8,--,11,12980,卖盘
1721,13:16:51,11.8,-0.01,20,23600,卖盘
1722,13:16:48,11.81,--,6,7086,买盘
1723,13:16:45,11.81,0.01,128,151168,买盘
1724,13:16:39,11.8,-0.01,21,24780,卖盘
1725,13:16:36,11.81,0.01,8,9448,买盘
1726,13:16:33,11.8,-0.01,130,153400,卖盘
1727,13:16:30,11.81,0.01,179,211399,买盘
1728,13:16:27,11.8,--,8,9440,卖盘
1729,13:16:24,11.8,-0.01,5,5900,卖盘
1730,13:16:18,11.81,0.01,1,1181,买盘
1731,13:16:15,11.8,-0.01,1,1180,卖盘
1732,13:16:12,11.81,0.01,1,1181,买盘
1733,13:16:06,11.8,--,206,243080,卖盘
1734,13:16:03,11.8,--,2,2360,卖盘
1735,13:16:00,11.8,--,4,4720,卖盘
1736,13:15:51,11.8,-0.01,22,25960,卖盘
1737,13:15:48,11.81,--,13,15353,买盘
1738,13:15:45,11.81,--,7,8267,买盘
1739,13:15:42,11.81,--,10,11810,买盘
1740,13:15:36,11.81,0.02,7,8267,买盘
1741,13:15:33,11.79,--,368,433871,卖盘
1742,13:15:27,11.79,--,336,396474,卖盘
1743,13:15:24,11.79,--,101,119078,卖盘
1744,13:15:15,11.79,--,11,12968,卖盘
1745,13:15:09,11.79,--,32,37728,卖盘
1746,13:15:03,11.79,-0.01,76,89604,卖盘
1747,13:14:57,11.8,0.01,322,379960,买盘
1748,13:14:54,11.79,--,10,11790,卖盘
1749,13:14:51,11.79,--,12,14147,卖盘
1750,13:14:48,11.79,--,1,1179,卖盘
1751,13:14:45,11.79,-0.01,6,7073,卖盘
1752,13:14:42,11.8,--,121,142780,买盘
1753,13:14:39,11.8,0.01,10,11800,买盘
1754,13:14:36,11.79,--,4,4716,卖盘
1755,13:14:33,11.79,-0.01,29,34191,卖盘
1756,13:14:30,11.8,0.01,108,127440,买盘
1757,13:14:27,11.79,-0.01,3,3536,卖盘
1758,13:14:24,11.8,--,191,225380,买盘
1759,13:14:21,11.8,--,33,38940,买盘
1760,13:14:18,11.8,0.01,30,35400,买盘
1761,13:14:15,11.79,--,3,3536,卖盘
1762,13:14:12,11.79,-0.01,170,200430,卖盘
1763,13:14:09,11.8,0.01,5,5900,买盘
1764,13:14:06,11.79,--,6,7073,卖盘
1765,13:14:03,11.79,-0.01,1,1179,卖盘
1766,13:14:00,11.8,0.01,11,12980,买盘
1767,13:13:57,11.79,--,5,5895,卖盘
1768,13:13:51,11.79,--,11,12968,卖盘
1769,13:13:48,11.79,--,14,16506,卖盘
1770,13:13:42,11.79,--,6,7073,卖盘
1771,13:13:39,11.79,--,7,8253,卖盘
1772,13:13:33,11.79,--,11,12968,卖盘
1773,13:13:30,11.79,--,17,20043,卖盘
1774,13:13:27,11.79,-0.01,26,30653,卖盘
1775,13:13:24,11.8,0.01,179,211220,买盘
1776,13:13:21,11.79,--,70,82530,卖盘
1777,13:13:18,11.79,-0.01,45,53054,卖盘
1778,13:13:15,11.8,0.01,19,22420,买盘
1779,13:13:06,11.79,--,3,3536,卖盘
1780,13:13:03,11.79,--,8,9432,卖盘
1781,13:13:00,11.79,-0.01,11,12968,卖盘
1782,13:12:57,11.8,--,3,3540,买盘
1783,13:12:54,11.8,--,1,1180,买盘
1784,13:12:51,11.8,-0.01,171,201921,卖盘
1785,13:12:48,11.81,--,1,1181,买盘
1786,13:12:45,11.81,--,5,5905,买盘
1787,13:12:42,11.81,0.01,5,5905,买盘
1788,13:12:39,11.8,--,489,577020,卖盘
1789,13:12:36,11.8,--,35,41300,卖盘
1790,13:12:33,11.8,--,20,23600,卖盘
1791,13:12:30,11.8,--,30,35400,卖盘
1792,13:12:27,11.8,--,10,11800,卖盘
1793,13:12:24,11.8,--,2,2360,卖盘
1794,13:12:21,11.8,--,208,245440,卖盘
1795,13:12:18,11.8,--,32,37760,卖盘
1796,13:12:15,11.8,-0.01,46,54280,卖盘
1797,13:12:12,11.81,0.01,82,96842,买盘
1798,13:12:06,11.8,--,10,11800,卖盘
1799,13:12:03,11.8,-0.01,178,210040,卖盘
1800,13:11:57,11.81,0.01,10,11810,买盘
1801,13:11:54,11.8,-0.01,5,5900,卖盘
1802,13:11:51,11.81,0.01,16,18896,买盘
1803,13:11:48,11.8,--,2,2360,卖盘
1804,13:11:45,11.8,--,30,35400,卖盘
1805,13:11:39,11.8,--,1,1180,卖盘
1806,13:11:36,11.8,--,10,11800,卖盘
1807,13:11:33,11.8,--,1,1180,卖盘
1808,13:11:30,11.8,--,50,59000,卖盘
1809,13:11:27,11.8,--,5,5900,卖盘
1810,13:11:24,11.8,--,5,5900,卖盘
1811,13:11:21,11.8,--,5,5900,卖盘
1812,13:11:18,11.8,0.01,130,154438,买盘
1813,13:11:15,11.79,-0.01,161,189819,卖盘
1814,13:11:12,11.8,--,32,37760,买盘
1815,13:11:09,11.8,--,149,175820,买盘
1816,13:11:03,11.8,--,10,11800,买盘
1817,13:11:00,11.8,--,7,8260,买盘
1818,13:10:57,11.8,--,26,30680,买盘
1819,13:10:54,11.8,--,61,71980,买盘
1820,13:10:51,11.8,--,52,61360,买盘
1821,13:10:48,11.8,0.01,55,64900,买盘
1822,13:10:42,11.79,-0.01,16,18864,卖盘
1823,13:10:39,11.8,0.01,27,31860,买盘
1824,13:10:33,11.79,--,11,12968,卖盘
1825,13:10:27,11.79,-0.01,5,5895,卖盘
1826,13:10:24,11.8,--,20,23600,买盘
1827,13:10:21,11.8,--,1,1180,买盘
1828,13:10:18,11.8,--,189,223020,买盘
1829,13:10:15,11.8,--,2,2360,买盘
1830,13:10:12,11.8,0.01,40,47200,买盘
1831,13:10:09,11.79,--,70,82530,卖盘
1832,13:10:06,11.79,-0.01,5,5895,卖盘
1833,13:10:03,11.8,0.01,2,2360,买盘
1834,13:10:00,11.79,-0.01,14,16506,卖盘
1835,13:09:57,11.8,--,114,134520,买盘
1836,13:09:54,11.8,--,27,31860,买盘
1837,13:09:51,11.8,--,53,62540,买盘
1838,13:09:48,11.8,0.01,10,11800,买盘
1839,13:09:45,11.79,-0.01,62,73098,卖盘
1840,13:09:42,11.8,0.01,21,24780,买盘
1841,13:09:39,11.79,-0.01,7,8253,卖盘
1842,13:09:36,11.8,--,21,24780,买盘
1843,13:09:33,11.8,0.01,161,189980,买盘
1844,13:09:27,11.79,--,14,16506,卖盘
1845,13:09:24,11.79,--,37,43623,卖盘
1846,13:09:15,11.79,--,80,94320,买盘
1847,13:09:12,11.79,--,12,14147,买盘
1848,13:09:09,11.79,--,13,15326,买盘
1849,13:09:06,11.79,0.01,9,10611,买盘
1850,13:09:03,11.78,--,13,15314,卖盘
1851,13:09:00,11.78,--,22,25916,卖盘
1852,13:08:57,11.78,-0.01,5,5890,卖盘
1853,13:08:54,11.79,--,88,103751,卖盘
1854,13:08:51,11.79,--,1,1179,卖盘
1855,13:08:48,11.79,-0.01,1,1179,卖盘
1856,13:08:45,11.8,--,205,241900,买盘
1857,13:08:39,11.8,0.01,27,31860,买盘
1858,13:08:36,11.79,--,6,7073,卖盘
1859,13:08:33,11.79,--,7,8253,卖盘
1860,13:08:30,11.79,0.01,69,81351,买盘
1861,13:08:27,11.78,-0.01,3,3534,卖盘
1862,13:08:24,11.79,--,2,2358,买盘
1863,13:08:21,11.79,--,150,176850,买盘
1864,13:08:18,11.79,--,99,116720,买盘
1865,13:08:15,11.79,--,32,37728,买盘
1866,13:08:12,11.79,--,211,248768,买盘
1867,13:08:09,11.79,0.01,39,45981,买盘
1868,13:08:03,11.78,--,3,3534,卖盘
1869,13:08:00,11.78,--,2,2356,卖盘
1870,13:07:57,11.78,-0.01,35,41230,卖盘
1871,13:07:54,11.79,0.01,76,89604,买盘
1872,13:07:48,11.78,--,145,170810,卖盘
1873,13:07:45,11.78,-0.01,6,7068,卖盘
1874,13:07:42,11.79,--,35,41265,买盘
1875,13:07:39,11.79,--,21,24759,买盘
1876,13:07:36,11.79,0.01,20,23580,买盘
1877,13:07:33,11.78,-0.01,6,7068,卖盘
1878,13:07:27,11.79,--,306,360774,买盘
1879,13:07:24,11.79,--,4,4716,买盘
1880,13:07:21,11.79,--,12,14147,买盘
1881,13:07:15,11.79,0.01,30,35370,买盘
1882,13:07:12,11.78,--,203,239134,卖盘
1883,13:07:09,11.78,-0.01,25,29450,卖盘
1884,13:07:06,11.79,0.01,11,12968,买盘
1885,13:07:03,11.78,--,34,40052,卖盘
1886,13:06:54,11.78,--,7,8246,卖盘
1887,13:06:51,11.78,--,118,139004,卖盘
1888,13:06:48,11.78,--,8,9424,卖盘
1889,13:06:45,11.78,--,28,32984,卖盘
1890,13:06:42,11.78,--,97,114266,卖盘
1891,13:06:39,11.78,--,57,67146,卖盘
1892,13:06:36,11.78,--,620,730360,卖盘
1893,13:06:33,11.78,--,1,1178,卖盘
1894,13:06:30,11.78,--,19,22382,卖盘
1895,13:06:27,11.78,-0.01,513,604314,卖盘
1896,13:06:24,11.79,--,60,70740,买盘
1897,13:06:18,11.79,--,5,5895,买盘
1898,13:06:15,11.79,--,2,2358,买盘
1899,13:06:12,11.79,-0.01,321,378459,卖盘
1900,13:06:09,11.8,0.01,195,230100,买盘
1901,13:06:06,11.79,--,530,624870,卖盘
1902,13:06:03,11.79,-0.01,21,24759,卖盘
1903,13:06:00,11.8,--,8,9440,买盘
1904,13:05:57,11.8,--,40,47200,买盘
1905,13:05:54,11.8,--,525,619500,买盘
1906,13:05:48,11.8,--,100,118000,买盘
1907,13:05:45,11.8,--,5,5900,买盘
1908,13:05:42,11.8,0.01,40,47200,买盘
1909,13:05:39,11.79,--,19,22401,卖盘
1910,13:05:36,11.79,-0.01,8,9432,卖盘
1911,13:05:33,11.8,0.01,121,142780,买盘
1912,13:05:30,11.79,--,121,142659,卖盘
1913,13:05:27,11.79,-0.01,30,35370,卖盘
1914,13:05:18,11.8,0.01,12,14160,买盘
1915,13:05:15,11.79,-0.01,206,242873,卖盘
1916,13:05:12,11.8,0.01,31,36580,买盘
1917,13:05:09,11.79,-0.01,3,3536,卖盘
1918,13:05:06,11.8,0.01,180,212400,买盘
1919,13:05:03,11.79,--,11,12968,卖盘
1920,13:05:00,11.79,-0.01,167,196893,卖盘
1921,13:04:57,11.8,--,11,12980,买盘
1922,13:04:54,11.8,--,5,5900,买盘
1923,13:04:51,11.8,--,61,71980,卖盘
1924,13:04:48,11.8,--,16,18880,卖盘
1925,13:04:45,11.8,-0.01,140,165200,卖盘
1926,13:04:42,11.81,0.01,14,16534,买盘
1927,13:04:39,11.8,-0.01,204,240720,卖盘
1928,13:04:36,11.81,0.01,7,8267,买盘
1929,13:04:33,11.8,-0.01,1,1180,卖盘
1930,13:04:30,11.81,0.01,99,116919,买盘
1931,13:04:27,11.8,--,4,4720,卖盘
1932,13:04:24,11.8,--,23,27140,卖盘
1933,13:04:18,11.8,--,3,3540,卖盘
1934,13:04:12,11.8,--,3,3540,卖盘
1935,13:04:09,11.8,-0.01,15,17700,卖盘
1936,13:04:06,11.81,0.01,920,1086520,买盘
1937,13:04:03,11.8,-0.01,1,1180,卖盘
1938,13:04:00,11.81,--,112,132272,买盘
1939,13:03:54,11.81,0.01,1,1181,买盘
1940,13:03:51,11.8,--,101,119180,卖盘
1941,13:03:48,11.8,--,18,21240,卖盘
1942,13:03:45,11.8,-0.01,14,16520,卖盘
1943,13:03:42,11.81,0.01,12,14172,买盘
1944,13:03:39,11.8,--,49,57820,卖盘
1945,13:03:36,11.8,--,59,69620,卖盘
1946,13:03:33,11.8,--,1,1180,卖盘
1947,13:03:30,11.8,-0.01,85,100300,卖盘
1948,13:03:27,11.81,0.01,42,49602,买盘
1949,13:03:24,11.8,--,33,38940,卖盘
1950,13:03:21,11.8,-0.01,38,44840,卖盘
1951,13:03:15,11.81,0.01,21,24801,买盘
1952,13:03:12,11.8,--,68,80240,卖盘
1953,13:03:09,11.8,-0.01,1,1180,卖盘
1954,13:03:06,11.81,--,39,46059,买盘
1955,13:03:03,11.81,--,180,212580,买盘
1956,13:03:00,11.81,--,22,25982,买盘
1957,13:02:54,11.81,--,22,25982,买盘
1958,13:02:51,11.81,0.01,28,33068,买盘
1959,13:02:48,11.8,-0.01,74,87320,卖盘
1960,13:02:45,11.81,0.01,15,17715,买盘
1961,13:02:42,11.8,--,15,17700,卖盘
1962,13:02:39,11.8,--,1,1180,卖盘
1963,13:02:36,11.8,--,61,71980,卖盘
1964,13:02:33,11.8,--,123,145140,卖盘
1965,13:02:27,11.8,--,16,18880,卖盘
1966,13:02:24,11.8,--,369,435420,卖盘
1967,13:02:21,11.8,-0.02,236,278480,卖盘
1968,13:02:18,11.82,0.02,60,70920,买盘
1969,13:02:12,11.8,-0.02,84,99120,卖盘
1970,13:02:06,11.82,0.01,4513,5334531,买盘
1971,13:02:03,11.81,-0.01,1,1181,卖盘
1972,13:02:00,11.82,--,179,211578,买盘
1973,13:01:57,11.82,0.01,7,8274,买盘
1974,13:01:51,11.81,-0.01,3,3543,卖盘
1975,13:01:45,11.82,-0.01,468,553814,卖盘
1976,13:01:42,11.83,--,6,7098,买盘
1977,13:01:39,11.83,0.01,7,8281,买盘
1978,13:01:36,11.82,--,2,2364,卖盘
1979,13:01:30,11.82,--,104,122928,卖盘
1980,13:01:27,11.82,--,72,85104,卖盘
1981,13:01:24,11.82,--,327,386514,卖盘
1982,13:01:21,11.82,--,20,23640,卖盘
1983,13:01:18,11.82,-0.01,41,48462,卖盘
1984,13:01:12,11.83,0.01,28,33124,买盘
1985,13:01:09,11.82,--,22,26004,卖盘
1986,13:01:06,11.82,-0.01,26,30732,卖盘
1987,13:01:03,11.83,--,1,1183,买盘
1988,13:01:00,11.83,--,1,1183,买盘
1989,13:00:51,11.83,0.01,5,5915,买盘
1990,13:00:48,11.82,--,9,10638,卖盘
1991,13:00:39,11.82,-0.01,1,1182,卖盘
1992,13:00:36,11.83,0.01,6,7098,买盘
1993,13:00:33,11.82,-0.01,3,3593,卖盘
1994,13:00:27,11.83,0.01,4,4732,买盘
1995,13:00:24,11.82,--,35,41370,卖盘
1996,13:00:15,11.82,--,9,10638,卖盘
1997,13:00:12,11.82,-0.01,371,438522,卖盘
1998,13:00:09,11.83,--,41,48503,买盘
1999,13:00:06,11.83,--,49,57967,买盘
2000,13:00:03,11.83,-0.01,1199,1419434,卖盘
2001,13:00:00,11.84,--,0,0,买盘
2002,11:30:00,11.84,--,1,1184,买盘
2003,11:29:57,11.84,0.01,186,220224,买盘
2004,11:29:54,11.83,-0.01,3,3549,卖盘
2005,11:29:48,11.84,--,8,9472,买盘
2006,11:29:42,11.84,0.01,81,96732,买盘
2007,11:29:36,11.83,--,1,1183,卖盘
2008,11:29:33,11.83,--,34,40328,卖盘
2009,11:29:30,11.83,--,105,125078,卖盘
2010,11:29:24,11.83,-0.01,3,3549,卖盘
2011,11:29:18,11.84,0.01,67,79328,买盘
2012,11:29:12,11.83,--,1,1183,卖盘
2013,11:29:06,11.83,-0.01,20,23660,卖盘
2014,11:29:00,11.84,0.01,45,53516,买盘
2015,11:28:57,11.83,--,7,8281,卖盘
2016,11:28:54,11.83,--,127,150737,买盘
2017,11:28:45,11.83,0.01,29,34307,买盘
2018,11:28:42,11.82,--,5,5910,卖盘
2019,11:28:39,11.82,-0.01,107,126474,卖盘
2020,11:28:36,11.83,0.01,31,36673,买盘
2021,11:28:33,11.82,--,3,3758,卖盘
2022,11:28:30,11.82,-0.01,4,5484,卖盘
2023,11:28:27,11.83,0.01,142,167986,买盘
2024,11:28:24,11.82,--,22,26004,卖盘
2025,11:28:18,11.82,--,16,18912,卖盘
2026,11:28:09,11.82,--,4,4728,卖盘
2027,11:28:03,11.82,-0.01,5,6619,卖盘
2028,11:28:00,11.83,0.01,16,18928,买盘
2029,11:27:57,11.82,-0.01,1,1182,卖盘
2030,11:27:54,11.83,--,186,220038,买盘
2031,11:27:51,11.83,--,1022,1209712,卖盘
2032,11:27:48,11.83,--,2,2366,卖盘
2033,11:27:39,11.83,--,22,26026,卖盘
2034,11:27:36,11.83,--,1,1183,卖盘
2035,11:27:33,11.83,--,30,35490,卖盘
2036,11:27:30,11.83,--,6,7098,卖盘
2037,11:27:27,11.83,-0.01,3,4519,卖盘
2038,11:27:24,11.84,--,1,1184,买盘
2039,11:27:21,11.84,--,77,91168,买盘
2040,11:27:18,11.84,0.01,3,3552,买盘
2041,11:27:15,11.83,--,27,31941,卖盘
2042,11:27:06,11.83,-0.01,1,1183,卖盘
2043,11:27:03,11.84,--,46,54464,买盘
2044,11:26:57,11.84,--,205,243738,卖盘
2045,11:26:51,11.84,--,35,41605,买盘
2046,11:26:48,11.84,--,10,11840,买盘
2047,11:26:45,11.84,--,171,202464,买盘
2048,11:26:39,11.84,0.01,64,75776,买盘
2049,11:26:36,11.83,-0.01,1,1183,卖盘
2050,11:26:33,11.84,--,2,2368,买盘
2051,11:26:30,11.84,--,10,12171,买盘
2052,11:26:27,11.84,-0.01,422,500121,卖盘
2053,11:26:24,11.85,0.01,1,1185,买盘
2054,11:26:18,11.84,-0.01,5,5920,卖盘
2055,11:26:12,11.85,0.01,5,5925,买盘
2056,11:26:09,11.84,--,26,30784,卖盘
2057,11:26:06,11.84,-0.01,12,14208,卖盘
2058,11:26:03,11.85,0.01,5,5925,买盘
2059,11:26:00,11.84,--,1,1184,卖盘
2060,11:25:57,11.84,--,1,2285,卖盘
2061,11:25:54,11.84,--,11,13817,卖盘
2062,11:25:51,11.84,--,19,22496,卖盘
2063,11:25:48,11.84,0.01,88,104192,买盘
2064,11:25:45,11.83,-0.01,7,8281,卖盘
2065,11:25:39,11.84,0.01,200,236800,买盘
2066,11:25:36,11.83,--,21,24843,卖盘
2067,11:25:33,11.83,--,57,67431,卖盘
2068,11:25:30,11.83,--,1,1183,卖盘
2069,11:25:27,11.83,--,217,256758,卖盘
2070,11:25:24,11.83,-0.01,4,5654,卖盘
2071,11:25:18,11.84,0.01,14,16576,买盘
2072,11:25:15,11.83,-0.01,232,274456,卖盘
2073,11:25:12,11.84,0.01,15,17760,买盘
2074,11:25:06,11.83,--,1,1183,卖盘
2075,11:25:03,11.83,--,1,1183,卖盘
2076,11:25:00,11.83,--,10,11830,卖盘
2077,11:24:57,11.83,--,2,2366,卖盘
2078,11:24:54,11.83,-0.01,15,18454,卖盘
2079,11:24:51,11.84,0.01,2,2368,买盘
2080,11:24:48,11.83,--,181,214123,卖盘
2081,11:24:45,11.83,--,53,62699,卖盘
2082,11:24:42,11.83,--,15,17745,卖盘
2083,11:24:36,11.83,--,1,1183,卖盘
2084,11:24:33,11.83,-0.01,31,36673,卖盘
2085,11:24:30,11.84,--,2,2368,买盘
2086,11:24:27,11.84,-0.01,95,112480,买盘
2087,11:24:24,11.85,0.01,4,5711,买盘
2088,11:24:21,11.84,-0.01,504,597043,卖盘
2089,11:24:18,11.85,0.01,2,2370,买盘
2090,11:24:15,11.84,--,87,103008,卖盘
2091,11:24:12,11.84,--,5,5920,卖盘
2092,11:24:09,11.84,--,10,11840,卖盘
2093,11:24:06,11.84,--,1,1184,卖盘
2094,11:24:03,11.84,--,1,1184,卖盘
2095,11:23:57,11.84,-0.01,1,1184,卖盘
2096,11:23:54,11.85,0.01,13,15405,买盘
2097,11:23:51,11.84,--,32,38598,卖盘
2098,11:23:48,11.84,--,11,13024,卖盘
2099,11:23:45,11.84,--,184,217856,卖盘
2100,11:23:36,11.84,--,20,23680,卖盘
2101,11:23:33,11.84,--,20,23680,卖盘
2102,11:23:30,11.84,-0.01,11,13024,卖盘
2103,11:23:27,11.85,0.01,109,129165,买盘
2104,11:23:24,11.84,--,5,6890,卖盘
2105,11:23:21,11.84,--,204,241536,卖盘
2106,11:23:15,11.84,--,19,22496,卖盘
2107,11:23:12,11.84,--,21,24864,卖盘
2108,11:23:09,11.84,--,21,24864,卖盘
2109,11:23:06,11.84,--,21,24864,卖盘
2110,11:23:03,11.84,--,1,1184,卖盘
2111,11:23:00,11.84,--,49,58016,卖盘
2112,11:22:57,11.84,--,1,1184,卖盘
2113,11:22:51,11.84,--,34,40966,卖盘
2114,11:22:48,11.84,-0.01,51,60384,卖盘
2115,11:22:42,11.85,0.01,178,210930,买盘
2116,11:22:36,11.84,--,1,1184,卖盘
2117,11:22:30,11.84,--,120,142080,卖盘
2118,11:22:27,11.84,--,21,24864,卖盘
2119,11:22:24,11.84,-0.01,5,5920,卖盘
2120,11:22:21,11.85,0.01,11,13295,买盘
2121,11:22:18,11.84,--,3,4262,卖盘
2122,11:22:15,11.84,-0.01,6,7104,卖盘
2123,11:22:12,11.85,0.01,35,41475,买盘
2124,11:22:06,11.84,--,2,2368,卖盘
2125,11:22:03,11.84,--,2,2368,卖盘
2126,11:21:57,11.84,--,31,36704,卖盘
2127,11:21:54,11.84,--,100,118400,卖盘
2128,11:21:51,11.84,--,12,14586,卖盘
2129,11:21:48,11.84,--,12,14539,卖盘
2130,11:21:45,11.84,--,2,2368,卖盘
2131,11:21:42,11.84,--,260,307840,卖盘
2132,11:21:36,11.84,--,6,7104,卖盘
2133,11:21:30,11.84,--,1,1184,卖盘
2134,11:21:27,11.84,--,1,1184,卖盘
2135,11:21:24,11.84,-0.01,224,265216,卖盘
2136,11:21:21,11.85,0.01,1,1469,买盘
2137,11:21:18,11.84,--,3,4238,卖盘
2138,11:21:15,11.84,-0.01,1,1184,卖盘
2139,11:21:12,11.85,0.01,18,21330,买盘
2140,11:21:09,11.84,--,62,73408,卖盘
2141,11:21:06,11.84,--,17,20128,卖盘
2142,11:21:03,11.84,--,11,13024,卖盘
2143,11:21:00,11.84,--,6,7104,卖盘
2144,11:20:57,11.84,-0.01,1,1184,卖盘
2145,11:20:51,11.85,--,11,13307,买盘
2146,11:20:48,11.85,--,31,37173,买盘
2147,11:20:45,11.85,--,154,182490,买盘
2148,11:20:42,11.85,--,24,28440,买盘
2149,11:20:39,11.85,0.01,199,235815,买盘
2150,11:20:36,11.84,--,1,1184,卖盘
2151,11:20:30,11.84,--,1,1184,卖盘
2152,11:20:27,11.84,-0.01,56,66304,卖盘
2153,11:20:24,11.85,--,34,40290,买盘
2154,11:20:21,11.85,0.01,2,2370,买盘
2155,11:20:18,11.84,--,25,29600,卖盘
2156,11:20:15,11.84,--,3,4522,卖盘
2157,11:20:12,11.84,--,10,11840,卖盘
2158,11:20:06,11.84,-0.01,4,4736,卖盘
2159,11:20:03,11.85,--,17,20145,买盘
2160,11:20:00,11.85,0.01,2,2370,买盘
2161,11:19:54,11.84,-0.01,1,1184,卖盘
2162,11:19:51,11.85,0.01,46,54510,买盘
2163,11:19:48,11.84,--,3,3812,卖盘
2164,11:19:45,11.84,-0.01,12,14657,卖盘
2165,11:19:42,11.85,0.01,13,15405,买盘
2166,11:19:36,11.84,--,238,281792,卖盘
2167,11:19:33,11.84,--,254,300736,卖盘
2168,11:19:30,11.84,--,1,1184,卖盘
2169,11:19:27,11.84,-0.01,1,1184,卖盘
2170,11:19:24,11.85,0.01,192,227520,买盘
2171,11:19:21,11.84,-0.01,7,8288,卖盘
2172,11:19:18,11.85,--,15,17775,买盘
2173,11:19:15,11.85,0.01,161,190785,买盘
2174,11:19:12,11.84,--,15,18730,卖盘
2175,11:19:06,11.84,--,8,9472,卖盘
2176,11:19:03,11.84,--,4,4736,卖盘
2177,11:19:00,11.84,--,2,2368,卖盘
2178,11:18:54,11.84,--,11,13024,卖盘
2179,11:18:48,11.84,--,15,17760,卖盘
2180,11:18:45,11.84,-0.01,31,36704,卖盘
2181,11:18:42,11.85,0.01,20,23700,买盘
2182,11:18:36,11.84,-0.01,179,211936,卖盘
2183,11:18:33,11.85,0.01,37,43845,买盘
2184,11:18:30,11.84,-0.01,17,20128,卖盘
2185,11:18:27,11.85,--,2,2370,买盘
2186,11:18:21,11.85,0.01,561,664785,买盘
2187,11:18:18,11.84,--,1,1184,卖盘
2188,11:18:15,11.84,--,30,35650,卖盘
2189,11:18:12,11.84,--,38,45832,卖盘
2190,11:18:06,11.84,--,2,2368,卖盘
2191,11:18:03,11.84,--,6,7104,卖盘
2192,11:18:00,11.84,--,69,81696,卖盘
2193,11:17:54,11.84,-0.01,130,154630,卖盘
2194,11:17:51,11.85,0.01,6,7110,买盘
2195,11:17:48,11.84,--,2,2368,卖盘
2196,11:17:36,11.84,-0.01,1,1184,卖盘
2197,11:17:33,11.85,--,178,210930,买盘
2198,11:17:30,11.85,0.01,21,24885,买盘
2199,11:17:27,11.84,--,5,5920,卖盘
2200,11:17:24,11.84,--,60,71040,卖盘
2201,11:17:21,11.84,-0.01,6,7104,卖盘
2202,11:17:18,11.85,0.01,8,9480,买盘
2203,11:17:12,11.84,--,3,4522,卖盘
2204,11:17:09,11.84,--,321,380064,卖盘
2205,11:17:06,11.84,-0.01,11,13024,卖盘
2206,11:17:03,11.85,--,12,14220,买盘
2207,11:17:00,11.85,--,1,1185,买盘
2208,11:16:57,11.85,--,158,188272,卖盘
2209,11:16:54,11.85,--,14,16732,卖盘
2210,11:16:51,11.85,--,1,1185,卖盘
2211,11:16:48,11.85,--,2,2370,卖盘
2212,11:16:45,11.85,--,49,58065,卖盘
2213,11:16:42,11.85,--,10,11850,卖盘
2214,11:16:36,11.85,--,1,1185,卖盘
2215,11:16:33,11.85,-0.01,15,17775,卖盘
2216,11:16:30,11.86,0.01,219,259734,买盘
2217,11:16:27,11.85,-0.01,6,7110,卖盘
2218,11:16:24,11.86,0.01,1,1186,买盘
2219,11:16:21,11.85,--,15,17775,卖盘
2220,11:16:15,11.85,--,12,14220,卖盘
2221,11:16:12,11.85,--,2,2370,卖盘
2222,11:16:09,11.85,--,3,4526,卖盘
2223,11:16:06,11.85,--,1,1185,卖盘
2224,11:16:03,11.85,--,2,2370,卖盘
2225,11:15:57,11.85,0.01,4,4740,卖盘
2226,11:15:54,11.84,-0.02,1,1184,卖盘
2227,11:15:51,11.86,0.01,677,803633,买盘
2228,11:15:48,11.85,--,23,27255,卖盘
2229,11:15:42,11.85,--,1,1185,卖盘
2230,11:15:39,11.85,--,31,36735,卖盘
2231,11:15:36,11.85,--,35,41475,卖盘
2232,11:15:30,11.85,--,227,268995,卖盘
2233,11:15:27,11.85,-0.01,147,174195,卖盘
2234,11:15:21,11.86,0.01,1,1186,买盘
2235,11:15:18,11.85,--,53,62805,卖盘
2236,11:15:06,11.85,--,3,3555,卖盘
2237,11:15:00,11.85,--,100,118500,卖盘
2238,11:14:57,11.85,0.01,28,33180,买盘
2239,11:14:54,11.84,--,32,37888,卖盘
2240,11:14:51,11.84,--,72,85958,卖盘
2241,11:14:48,11.84,--,1,1184,卖盘
2242,11:14:42,11.84,--,1,1184,卖盘
2243,11:14:36,11.84,-0.02,1,1184,卖盘
2244,11:14:30,11.86,--,1,1186,买盘
2245,11:14:27,11.86,0.01,750,889523,买盘
2246,11:14:24,11.85,--,77,91245,卖盘
2247,11:14:21,11.85,--,4,5711,卖盘
2248,11:14:18,11.85,--,3,3555,卖盘
2249,11:14:15,11.85,--,1,1185,卖盘
2250,11:14:06,11.85,-0.01,1,1185,卖盘
2251,11:14:03,11.86,--,17,20162,买盘
2252,11:14:00,11.86,--,34,40324,买盘
2253,11:13:57,11.86,0.01,30,35580,买盘
2254,11:13:54,11.85,--,2,2370,卖盘
2255,11:13:51,11.85,0.01,283,335544,买盘
2256,11:13:48,11.84,--,16,19654,卖盘
2257,11:13:45,11.84,--,30,35520,卖盘
2258,11:13:36,11.84,--,1,1184,卖盘
2259,11:13:33,11.84,-0.01,5,5920,卖盘
2260,11:13:30,11.85,--,1,1185,买盘
2261,11:13:24,11.85,--,266,316205,卖盘
2262,11:13:21,11.85,-0.01,20,23830,卖盘
2263,11:13:18,11.86,0.01,4,5586,买盘
2264,11:13:15,11.85,--,3,3555,卖盘
2265,11:13:12,11.85,--,1,1185,卖盘
2266,11:13:06,11.85,--,6,7110,卖盘
2267,11:13:03,11.85,--,107,126795,卖盘
2268,11:12:54,11.85,--,2,2370,卖盘
2269,11:12:51,11.85,0.01,238,282432,买盘
2270,11:12:48,11.84,--,7,8299,卖盘
2271,11:12:45,11.84,--,43,51610,卖盘
2272,11:12:39,11.84,--,200,236800,卖盘
2273,11:12:36,11.84,-0.01,1,1184,卖盘
2274,11:12:33,11.85,0.01,27,31995,买盘
2275,11:12:30,11.84,--,1,1184,卖盘
2276,11:12:27,11.84,--,1,1184,卖盘
2277,11:12:24,11.84,0.01,23,27232,买盘
2278,11:12:18,11.83,--,233,275780,卖盘
2279,11:12:15,11.83,-0.01,3,4377,卖盘
2280,11:12:09,11.84,--,27,31968,卖盘
2281,11:12:06,11.84,-0.01,7,8288,买盘
2282,11:12:03,11.85,0.01,70,82950,买盘
2283,11:12:00,11.84,--,2,2368,买盘
2284,11:11:57,11.84,--,40,48141,卖盘
2285,11:11:54,11.84,--,2,2368,卖盘
2286,11:11:51,11.84,--,4,4736,卖盘
2287,11:11:48,11.84,--,28,33152,卖盘
2288,11:11:45,11.84,0.01,14,16978,卖盘
2289,11:11:42,11.83,-0.01,12,14503,卖盘
2290,11:11:36,11.84,-0.01,48,56832,卖盘
2291,11:11:33,11.85,0.01,67,79395,买盘
2292,11:11:27,11.84,--,3,3552,卖盘
2293,11:11:24,11.84,-0.01,26,30784,卖盘
2294,11:11:21,11.85,0.01,189,223965,买盘
2295,11:11:18,11.84,--,10,11982,卖盘
2296,11:11:15,11.84,-0.01,9,11484,卖盘
2297,11:11:12,11.85,0.01,67,79395,买盘
2298,11:11:06,11.84,--,1,1184,卖盘
2299,11:11:03,11.84,--,3,3552,卖盘
2300,11:11:00,11.84,--,2,2368,卖盘
2301,11:10:54,11.84,-0.01,51,60384,卖盘
2302,11:10:51,11.85,0.01,15,17775,买盘
2303,11:10:48,11.84,--,12,14208,卖盘
2304,11:10:45,11.84,--,3,3717,卖盘
2305,11:10:42,11.84,--,11,13568,卖盘
2306,11:10:36,11.84,--,1,1184,卖盘
2307,11:10:27,11.84,--,43,50912,卖盘
2308,11:10:24,11.84,-0.01,20,23680,卖盘
2309,11:10:21,11.85,--,28,33180,买盘
2310,11:10:18,11.85,0.01,228,270180,买盘
2311,11:10:15,11.84,--,62,73408,卖盘
2312,11:10:12,11.84,--,13,16362,卖盘
2313,11:10:09,11.84,-0.01,185,219040,卖盘
2314,11:10:06,11.85,--,4,4740,买盘
2315,11:10:03,11.85,0.01,39,46215,买盘
2316,11:10:00,11.84,--,192,227328,卖盘
2317,11:09:57,11.84,--,90,106560,卖盘
2318,11:09:54,11.84,--,2,2368,卖盘
2319,11:09:51,11.84,--,2,2368,卖盘
2320,11:09:48,11.84,--,30,35520,卖盘
2321,11:09:45,11.84,--,25,29600,卖盘
2322,11:09:42,11.84,--,0,544,卖盘
2323,11:09:39,11.84,--,12,14373,卖盘
2324,11:09:36,11.84,-0.01,12,14208,卖盘
2325,11:09:30,11.85,0.01,58,68730,买盘
2326,11:09:27,11.84,--,1,1184,卖盘
2327,11:09:24,11.84,--,14,16576,卖盘
2328,11:09:18,11.84,--,193,228512,卖盘
2329,11:09:15,11.84,--,85,100640,卖盘
2330,11:09:12,11.84,--,3,4522,卖盘
2331,11:09:09,11.84,--,26,30784,卖盘
2332,11:09:06,11.84,--,2,2368,卖盘
2333,11:09:03,11.84,--,2,2368,卖盘
2334,11:09:00,11.84,-0.01,9,10656,卖盘
2335,11:08:57,11.85,0.01,5,5925,买盘
2336,11:08:54,11.84,--,3,3552,卖盘
2337,11:08:51,11.84,--,55,65120,卖盘
2338,11:08:48,11.84,--,2,2368,卖盘
2339,11:08:42,11.84,--,4,5351,卖盘
2340,11:08:39,11.84,--,12,14302,卖盘
2341,11:08:36,11.84,-0.01,1,1184,卖盘
2342,11:08:30,11.85,0.01,39,46215,买盘
2343,11:08:27,11.84,--,46,54464,卖盘
2344,11:08:15,11.84,--,180,213534,卖盘
2345,11:08:12,11.84,--,1,1184,卖盘
2346,11:08:06,11.84,--,48,56832,卖盘
2347,11:08:03,11.84,--,18,21312,卖盘
2348,11:08:00,11.84,--,5,5920,卖盘
2349,11:07:57,11.84,--,26,30784,卖盘
2350,11:07:54,11.84,-0.01,31,36704,卖盘
2351,11:07:51,11.85,0.01,51,60435,买盘
2352,11:07:48,11.84,--,20,23680,卖盘
2353,11:07:39,11.84,-0.01,59,70921,卖盘
2354,11:07:36,11.85,--,31,37149,卖盘
2355,11:07:33,11.85,0.01,9,10665,中性盘
2356,11:07:24,11.84,-0.01,56,66304,卖盘
2357,11:07:21,11.85,--,23,28226,买盘
2358,11:07:18,11.85,--,2,2370,买盘
2359,11:07:15,11.85,-0.01,40,47400,中性盘
2360,11:07:12,11.86,0.01,178,211108,买盘
2361,11:07:09,11.85,--,31,36735,卖盘
2362,11:07:06,11.85,--,12,14220,卖盘
2363,11:07:03,11.85,--,2,2370,卖盘
2364,11:06:57,11.85,--,34,40290,卖盘
2365,11:06:54,11.85,-0.01,56,66360,卖盘
2366,11:06:51,11.86,0.01,253,300058,买盘
2367,11:06:48,11.85,--,95,112575,卖盘
2368,11:06:42,11.85,--,15,17775,卖盘
2369,11:06:36,11.85,--,2,2370,卖盘
2370,11:06:33,11.85,-0.01,18,22041,卖盘
2371,11:06:30,11.86,0.01,25,29650,买盘
2372,11:06:27,11.85,-0.01,2,2370,卖盘
2373,11:06:24,11.86,0.01,6,7116,买盘
2374,11:06:21,11.85,--,727,861921,卖盘
2375,11:06:18,11.85,-0.01,253,300350,卖盘
2376,11:06:15,11.86,--,10,11860,买盘
2377,11:06:12,11.86,--,178,211108,买盘
2378,11:06:09,11.86,0.01,2,2372,买盘
2379,11:06:06,11.85,-0.01,1,1185,卖盘
2380,11:06:00,11.86,--,2,2372,买盘
2381,11:05:51,11.86,--,19,22534,买盘
2382,11:05:48,11.86,--,200,237200,买盘
2383,11:05:45,11.86,0.01,120,142320,买盘
2384,11:05:42,11.85,-0.01,26,30810,卖盘
2385,11:05:39,11.86,0.02,255,302430,买盘
2386,11:05:36,11.84,--,4,5020,卖盘
2387,11:05:33,11.84,-0.01,18,21738,卖盘
2388,11:05:30,11.85,--,293,347205,买盘
2389,11:05:27,11.85,--,10,11850,买盘
2390,11:05:21,11.85,--,114,135338,买盘
2391,11:05:18,11.85,0.01,27,32717,买盘
2392,11:05:12,11.84,-0.01,54,63936,卖盘
2393,11:05:09,11.85,0.01,199,235815,买盘
2394,11:05:06,11.84,-0.01,37,43808,卖盘
2395,11:04:48,11.85,--,174,206190,买盘
2396,11:04:42,11.85,--,1,1185,买盘
2397,11:04:39,11.85,--,385,456580,卖盘
2398,11:04:36,11.85,--,7,8295,卖盘
2399,11:04:33,11.85,--,521,617657,卖盘
2400,11:04:30,11.85,--,16,19398,卖盘
2401,11:04:27,11.85,--,32,37920,卖盘
2402,11:04:24,11.85,--,11,13035,卖盘
2403,11:04:21,11.85,--,13,15405,卖盘
2404,11:04:15,11.85,-0.01,36,43631,卖盘
2405,11:04:09,11.86,0.01,6,7116,买盘
2406,11:04:06,11.85,-0.01,193,228705,卖盘
2407,11:04:03,11.86,--,26,30836,买盘
2408,11:04:00,11.86,0.01,9,10674,买盘
2409,11:03:54,11.85,--,6,7110,卖盘
2410,11:03:48,11.85,--,4,4740,卖盘
2411,11:03:45,11.85,--,12,14220,卖盘
2412,11:03:39,11.85,--,6,7110,卖盘
2413,11:03:36,11.85,--,12,14220,卖盘
2414,11:03:33,11.85,--,212,251966,卖盘
2415,11:03:30,11.85,--,470,558099,卖盘
2416,11:03:27,11.85,-0.01,20,23700,卖盘
2417,11:03:24,11.86,--,2,2372,买盘
2418,11:03:21,11.86,0.01,5,5930,买盘
2419,11:03:15,11.85,-0.01,3,4526,卖盘
2420,11:03:12,11.86,0.01,204,241944,买盘
2421,11:03:09,11.85,--,10,11850,卖盘
2422,11:03:06,11.85,--,181,214485,卖盘
2423,11:03:03,11.85,--,9,10665,卖盘
2424,11:03:00,11.85,--,5,5925,卖盘
2425,11:02:54,11.85,--,2,2370,卖盘
2426,11:02:51,11.85,-0.01,1,1185,卖盘
2427,11:02:45,11.86,--,28,33208,买盘
2428,11:02:39,11.86,0.01,22,26092,买盘
2429,11:02:36,11.85,-0.01,131,155235,卖盘
2430,11:02:33,11.86,0.01,223,264478,买盘
2431,11:02:30,11.85,--,3,3827,卖盘
2432,11:02:27,11.85,--,74,88128,卖盘
2433,11:02:24,11.85,--,2,2370,卖盘
2434,11:02:21,11.85,--,2,2370,卖盘
2435,11:02:18,11.85,--,427,505995,卖盘
2436,11:02:15,11.85,--,15,17775,卖盘
2437,11:02:12,11.85,--,29,34365,卖盘
2438,11:02:06,11.85,--,2,2370,卖盘
2439,11:02:03,11.85,--,219,259515,卖盘
2440,11:02:00,11.85,--,23,27255,卖盘
2441,11:01:57,11.85,--,31,36735,卖盘
2442,11:01:51,11.85,--,49,58065,卖盘
2443,11:01:48,11.85,--,21,24885,卖盘
2444,11:01:45,11.85,-0.01,20,23700,卖盘
2445,11:01:42,11.86,0.01,44,52184,买盘
2446,11:01:36,11.85,-0.01,95,112575,卖盘
2447,11:01:33,11.86,0.01,13,15418,买盘
2448,11:01:30,11.85,--,347,411195,卖盘
2449,11:01:27,11.85,-0.01,23,27752,卖盘
2450,11:01:24,11.86,0.01,2,2372,买盘
2451,11:01:21,11.85,-0.01,70,82950,卖盘
2452,11:01:18,11.86,--,27,32022,买盘
2453,11:01:12,11.86,--,90,106740,卖盘
2454,11:01:06,11.86,--,73,86578,卖盘
2455,11:01:03,11.86,--,2,2372,卖盘
2456,11:01:00,11.86,--,118,139948,买盘
2457,11:00:57,11.86,--,3,3558,买盘
2458,11:00:54,11.86,0.01,46,54556,买盘
2459,11:00:51,11.85,-0.01,391,463335,卖盘
2460,11:00:39,11.86,0.01,218,258548,买盘
2461,11:00:36,11.85,-0.01,113,133905,卖盘
2462,11:00:33,11.86,--,1,1186,买盘
2463,11:00:30,11.86,0.01,17,20162,买盘
2464,11:00:27,11.85,--,19,22609,卖盘
2465,11:00:24,11.85,--,18,21732,卖盘
2466,11:00:21,11.85,--,1,1185,卖盘
2467,11:00:18,11.85,-0.01,1,1185,卖盘
2468,11:00:09,11.86,--,2,2372,买盘
2469,11:00:06,11.86,--,37,43882,买盘
2470,11:00:03,11.86,--,21,24906,买盘
2471,11:00:00,11.86,--,183,217038,买盘
2472,10:59:57,11.86,--,230,272780,买盘
2473,10:59:54,11.86,--,521,617906,买盘
2474,10:59:51,11.86,0.01,55,65230,买盘
2475,10:59:48,11.85,--,5,5925,卖盘
2476,10:59:42,11.85,-0.01,50,59250,卖盘
2477,10:59:39,11.86,0.01,87,103182,买盘
2478,10:59:36,11.85,-0.01,1,1185,卖盘
2479,10:59:33,11.86,0.01,6,7116,买盘
2480,10:59:30,11.85,--,31,36735,卖盘
2481,10:59:27,11.85,--,1,1185,卖盘
2482,10:59:24,11.85,--,1,1860,卖盘
2483,10:59:21,11.85,-0.01,122,145577,卖盘
2484,10:59:18,11.86,0.01,36,42696,买盘
2485,10:59:15,11.85,-0.01,102,120870,卖盘
2486,10:59:09,11.86,0.01,11,13046,买盘
2487,10:59:06,11.85,--,2,2370,卖盘
2488,10:59:00,11.85,-0.01,2,2370,卖盘
2489,10:58:57,11.86,0.01,178,211108,买盘
2490,10:58:51,11.85,--,9,10665,卖盘
2491,10:58:48,11.85,--,35,41475,卖盘
2492,10:58:45,11.85,--,6,7110,卖盘
2493,10:58:36,11.85,--,45,53325,卖盘
2494,10:58:33,11.85,--,124,146940,卖盘
2495,10:58:30,11.85,--,5,5925,卖盘
2496,10:58:27,11.85,--,31,36735,卖盘
2497,10:58:24,11.85,--,222,263070,卖盘
2498,10:58:21,11.85,--,12,14220,卖盘
2499,10:58:18,11.85,-0.01,51,60435,卖盘
2500,10:58:15,11.86,--,8,9488,买盘
2501,10:58:09,11.86,--,112,132832,买盘
2502,10:58:06,11.86,--,5,5930,买盘
2503,10:58:03,11.86,--,34,40324,买盘
2504,10:58:00,11.86,--,28,33208,买盘
2505,10:57:57,11.86,--,15,17790,买盘
2506,10:57:54,11.86,-0.01,178,211108,中性盘
2507,10:57:51,11.87,0.01,90,106830,买盘
2508,10:57:48,11.86,--,2,2372,卖盘
2509,10:57:45,11.86,-0.01,80,94880,卖盘
2510,10:57:42,11.87,--,150,178050,买盘
2511,10:57:39,11.87,0.01,23,27301,买盘
2512,10:57:36,11.86,--,36,42696,卖盘
2513,10:57:30,11.86,-0.01,16,18976,卖盘
2514,10:57:27,11.87,--,45,53415,买盘
2515,10:57:24,11.87,--,23,27301,买盘
2516,10:57:21,11.87,0.01,36,42732,买盘
2517,10:57:18,11.86,-0.01,14,16604,卖盘
2518,10:57:15,11.87,--,25,29674,买盘
2519,10:57:12,11.87,--,31,36797,买盘
2520,10:57:09,11.87,0.01,10,11870,买盘
2521,10:57:06,11.86,--,25,29650,买盘
2522,10:57:03,11.86,--,48,56928,卖盘
2523,10:57:00,11.86,--,25,29650,卖盘
2524,10:56:57,11.86,--,29,34394,卖盘
2525,10:56:54,11.86,--,181,214666,卖盘
2526,10:56:51,11.86,--,3,3558,卖盘
2527,10:56:48,11.86,--,4,4744,卖盘
2528,10:56:45,11.86,--,34,40324,卖盘
2529,10:56:42,11.86,--,36,42696,卖盘
2530,10:56:39,11.86,--,56,66416,卖盘
2531,10:56:36,11.86,-0.01,50,59300,卖盘
2532,10:56:27,11.87,0.01,1,1187,买盘
2533,10:56:24,11.86,-0.01,85,100810,卖盘
2534,10:56:21,11.87,0.01,451,535337,买盘
2535,10:56:15,11.86,--,69,81834,卖盘
2536,10:56:12,11.86,-0.01,20,23720,卖盘
2537,10:56:09,11.87,0.01,24,28487,买盘
2538,10:56:06,11.86,--,2,2372,卖盘
2539,10:56:03,11.86,--,16,18976,卖盘
2540,10:56:00,11.86,-0.01,50,59300,卖盘
2541,10:55:57,11.87,--,20,23740,买盘
2542,10:55:54,11.87,--,12,14243,买盘
2543,10:55:51,11.87,0.01,179,212473,买盘
2544,10:55:48,11.86,--,2,2372,卖盘
2545,10:55:45,11.86,--,12,14232,卖盘
2546,10:55:42,11.86,-0.01,19,22534,卖盘
2547,10:55:39,11.87,--,32,37984,卖盘
2548,10:55:36,11.87,--,89,105643,卖盘
2549,10:55:33,11.87,0.01,50,59349,中性盘
2550,10:55:30,11.86,-0.02,531,629766,卖盘
2551,10:55:27,11.88,0.01,9,10692,买盘
2552,10:55:24,11.87,--,8,9496,卖盘
2553,10:55:21,11.87,-0.01,94,111577,卖盘
2554,10:55:18,11.88,--,105,124740,买盘
2555,10:55:15,11.88,--,49,58212,买盘
2556,10:55:12,11.88,--,86,102168,买盘
2557,10:55:06,11.88,0.01,28,33264,买盘
2558,10:55:03,11.87,--,15,17805,卖盘
2559,10:55:00,11.87,--,207,245708,卖盘
2560,10:54:51,11.87,--,7,8309,卖盘
2561,10:54:48,11.87,--,182,216034,卖盘
2562,10:54:45,11.87,--,1,1187,卖盘
2563,10:54:42,11.87,-0.01,56,66472,卖盘
2564,10:54:39,11.88,--,17,20196,买盘
2565,10:54:36,11.88,--,61,72468,买盘
2566,10:54:33,11.88,--,105,124740,买盘
2567,10:54:30,11.88,0.01,1,1188,买盘
2568,10:54:24,11.87,--,4,4748,卖盘
2569,10:54:21,11.87,-0.01,46,54602,卖盘
2570,10:54:12,11.88,0.01,29,34452,买盘
2571,10:54:09,11.87,-0.01,5,5935,卖盘
2572,10:54:06,11.88,--,3,3564,买盘
2573,10:54:03,11.88,--,16,19008,买盘
2574,10:54:00,11.88,--,51,60588,买盘
2575,10:53:57,11.88,--,16,19008,买盘
2576,10:53:51,11.88,--,67,79596,买盘
2577,10:53:48,11.88,--,2,2376,买盘
2578,10:53:45,11.88,--,178,211464,买盘
2579,10:53:42,11.88,--,10,11880,买盘
2580,10:53:39,11.88,0.01,218,258984,买盘
2581,10:53:33,11.87,--,25,29674,卖盘
2582,10:53:30,11.87,0.01,23,27301,中性盘
2583,10:53:24,11.86,-0.02,438,519468,卖盘
2584,10:53:21,11.88,--,43,51084,买盘
2585,10:53:18,11.88,--,5,5940,买盘
2586,10:53:15,11.88,--,45,53460,买盘
2587,10:53:12,11.88,0.01,15,17820,买盘
2588,10:53:06,11.87,--,21,24927,卖盘
2589,10:53:03,11.87,--,22,26114,卖盘
2590,10:53:00,11.87,--,1,1187,卖盘
2591,10:52:57,11.87,--,60,71220,卖盘
2592,10:52:51,11.87,--,42,49854,卖盘
2593,10:52:48,11.87,--,44,52228,卖盘
2594,10:52:45,11.87,--,174,206538,买盘
2595,10:52:42,11.87,--,42,49854,买盘
2596,10:52:36,11.87,--,3,3560,买盘
2597,10:52:33,11.87,0.01,1,1187,买盘
2598,10:52:30,11.86,-0.01,128,151808,卖盘
2599,10:52:27,11.87,0.01,155,183985,买盘
2600,10:52:21,11.86,--,47,55742,卖盘
2601,10:52:18,11.86,-0.01,33,39138,卖盘
2602,10:52:15,11.87,0.01,15,17805,买盘
2603,10:52:09,11.86,-0.01,11,13046,卖盘
2604,10:52:06,11.87,0.01,357,423759,买盘
2605,10:52:03,11.86,--,1,1186,卖盘
2606,10:52:00,11.86,-0.01,76,90136,卖盘
2607,10:51:54,11.87,0.01,15,17805,买盘
2608,10:51:48,11.86,-0.01,1,1186,卖盘
2609,10:51:42,11.87,--,178,211286,买盘
2610,10:51:39,11.87,0.01,15,17805,买盘
2611,10:51:36,11.86,-0.01,6,7116,卖盘
2612,10:51:33,11.87,--,47,55788,买盘
2613,10:51:30,11.87,--,15,17805,买盘
2614,10:51:27,11.87,--,26,30861,买盘
2615,10:51:24,11.87,0.01,79,93773,买盘
2616,10:51:21,11.86,-0.01,9,10674,卖盘
2617,10:51:18,11.87,0.01,27,32048,买盘
2618,10:51:06,11.86,-0.01,1,1186,卖盘
2619,10:51:03,11.87,--,18,21366,买盘
2620,10:51:00,11.87,--,16,18992,买盘
2621,10:50:57,11.87,0.01,40,47480,买盘
2622,10:50:54,11.86,--,22,26092,卖盘
2623,10:50:51,11.86,-0.01,46,54556,卖盘
2624,10:50:48,11.87,--,24,28487,买盘
2625,10:50:45,11.87,--,5,5935,买盘
2626,10:50:42,11.87,--,54,64097,买盘
2627,10:50:39,11.87,--,178,211286,买盘
2628,10:50:36,11.87,--,10,11870,买盘
2629,10:50:33,11.87,--,15,17805,买盘
2630,10:50:30,11.87,--,3,3560,买盘
2631,10:50:27,11.87,--,2,2374,买盘
2632,10:50:21,11.87,--,33,39171,买盘
2633,10:50:18,11.87,--,52,61723,买盘
2634,10:50:15,11.87,0.01,13,15430,买盘
2635,10:50:12,11.86,--,56,66416,卖盘
2636,10:50:09,11.86,--,85,100810,卖盘
2637,10:50:06,11.86,--,1,1186,卖盘
2638,10:50:00,11.86,-0.02,67,79462,卖盘
2639,10:49:57,11.88,0.01,60,71280,买盘
2640,10:49:54,11.87,-0.01,59,70033,卖盘
2641,10:49:48,11.88,0.01,26,30888,买盘
2642,10:49:45,11.87,--,7,8309,卖盘
2643,10:49:42,11.87,-0.01,221,262327,卖盘
2644,10:49:39,11.88,--,197,234036,买盘
2645,10:49:33,11.88,0.01,2,2376,买盘
2646,10:49:30,11.87,--,45,53415,卖盘
2647,10:49:27,11.87,--,40,47480,卖盘
2648,10:49:24,11.87,--,1,1187,卖盘
2649,10:49:21,11.87,--,69,81903,卖盘
2650,10:49:18,11.87,--,9,10683,卖盘
2651,10:49:15,11.87,-0.01,75,89025,卖盘
2652,10:49:12,11.88,0.01,68,80784,买盘
2653,10:49:09,11.87,-0.01,8,9496,卖盘
2654,10:49:03,11.88,--,20,23760,买盘
2655,10:49:00,11.88,--,108,128304,买盘
2656,10:48:51,11.88,--,31,36828,买盘
2657,10:48:48,11.88,--,56,66528,买盘
2658,10:48:45,11.88,--,31,36828,买盘
2659,10:48:39,11.88,--,35,41580,买盘
2660,10:48:36,11.88,--,179,212652,买盘
2661,10:48:33,11.88,--,15,17820,买盘
2662,10:48:30,11.88,0.01,87,103356,买盘
2663,10:48:27,11.87,-0.01,118,140066,卖盘
2664,10:48:21,11.88,--,15,17820,买盘
2665,10:48:15,11.88,--,43,51084,买盘
2666,10:48:12,11.88,--,82,97416,买盘
2667,10:48:09,11.88,0.01,120,142560,买盘
2668,10:48:06,11.87,-0.01,44,52228,卖盘
2669,10:48:03,11.88,0.01,324,384912,买盘
2670,10:47:57,11.87,-0.01,1,1187,卖盘
2671,10:47:54,11.88,0.01,10,11880,买盘
2672,10:47:51,11.87,--,43,51041,卖盘
2673,10:47:48,11.87,--,12,14243,卖盘
2674,10:47:45,11.87,-0.01,10,11870,卖盘
2675,10:47:42,11.88,0.01,213,253044,买盘
2676,10:47:39,11.87,-0.01,23,27301,卖盘
2677,10:47:33,11.88,0.01,178,211464,买盘
2678,10:47:30,11.87,-0.01,14,16618,卖盘
2679,10:47:27,11.88,0.01,10,11880,买盘
2680,10:47:24,11.87,--,12,14243,卖盘
2681,10:47:21,11.87,-0.01,101,119886,卖盘
2682,10:47:18,11.88,--,7,8316,买盘
2683,10:47:15,11.88,--,13,15444,买盘
2684,10:47:12,11.88,--,94,111672,买盘
2685,10:47:09,11.88,--,18,21384,买盘
2686,10:47:06,11.88,0.01,6,7128,买盘
2687,10:47:03,11.87,--,1,1187,卖盘
2688,10:47:00,11.87,-0.01,34,40358,卖盘
2689,10:46:57,11.88,--,1,1188,买盘
2690,10:46:54,11.88,0.01,264,313632,买盘
2691,10:46:48,11.87,--,143,169741,卖盘
2692,10:46:45,11.87,-0.01,3,3560,卖盘
2693,10:46:42,11.88,0.01,149,177012,买盘
2694,10:46:39,11.87,--,500,593500,卖盘
2695,10:46:36,11.87,-0.01,64,75968,卖盘
2696,10:46:33,11.88,--,181,215028,买盘
2697,10:46:30,11.88,0.01,4,4752,买盘
2698,10:46:27,11.87,-0.01,6,7121,卖盘
2699,10:46:24,11.88,--,46,54648,买盘
2700,10:46:21,11.88,--,11,13068,买盘
2701,10:46:15,11.88,0.01,54,64152,买盘
2702,10:46:12,11.87,-0.01,81,96147,卖盘
2703,10:46:09,11.88,0.01,52,61776,买盘
2704,10:46:06,11.87,-0.01,30,35610,卖盘
2705,10:46:03,11.88,--,133,158004,买盘
2706,10:46:00,11.88,--,111,131868,买盘
2707,10:45:57,11.88,--,6,7128,买盘
2708,10:45:54,11.88,--,77,91476,买盘
2709,10:45:51,11.88,--,32,38016,买盘
2710,10:45:45,11.88,0.01,60,71280,买盘
2711,10:45:42,11.87,--,12,14243,卖盘
2712,10:45:39,11.87,-0.01,8,9496,卖盘
2713,10:45:36,11.88,--,10,11880,买盘
2714,10:45:33,11.88,--,108,128304,买盘
2715,10:45:30,11.88,--,191,226908,买盘
2716,10:45:27,11.88,--,17,20196,买盘
2717,10:45:24,11.88,--,20,23760,买盘
2718,10:45:21,11.88,--,26,30888,买盘
2719,10:45:18,11.88,--,12,14256,买盘
2720,10:45:15,11.88,--,62,73656,买盘
2721,10:45:12,11.88,0.01,19,22572,买盘
2722,10:45:09,11.87,--,77,91399,卖盘
2723,10:45:06,11.87,--,30,35610,卖盘
2724,10:45:03,11.87,-0.01,1,1187,卖盘
2725,10:44:57,11.88,--,14,16632,买盘
2726,10:44:54,11.88,0.01,65,77220,买盘
2727,10:44:51,11.87,--,101,119886,买盘
2728,10:44:48,11.87,--,230,273010,买盘
2729,10:44:45,11.87,--,20,23740,买盘
2730,10:44:42,11.87,--,38,45106,买盘
2731,10:44:39,11.87,--,246,292002,买盘
2732,10:44:33,11.87,--,340,403580,买盘
2733,10:44:30,11.87,--,6,7121,买盘
2734,10:44:27,11.87,--,178,211286,买盘
2735,10:44:24,11.87,0.01,25,29674,买盘
2736,10:44:21,11.86,-0.01,39,46254,卖盘
2737,10:44:15,11.87,--,12,14243,买盘
2738,10:44:12,11.87,--,50,59349,买盘
2739,10:44:09,11.87,--,10,11870,买盘
2740,10:44:06,11.87,0.01,14,16618,买盘
2741,10:44:03,11.86,-0.01,507,601527,卖盘
2742,10:44:00,11.87,0.01,3,3560,买盘
2743,10:43:57,11.86,-0.01,5,5930,卖盘
2744,10:43:51,11.87,--,16,18992,买盘
2745,10:43:48,11.87,--,7,8309,买盘
2746,10:43:39,11.87,--,35,41545,买盘
2747,10:43:36,11.87,0.01,47,55788,买盘
2748,10:43:30,11.86,--,18,21348,卖盘
2749,10:43:27,11.86,--,178,211108,买盘
2750,10:43:24,11.86,--,56,66416,买盘
2751,10:43:18,11.86,--,30,35580,买盘
2752,10:43:15,11.86,0.01,2,2372,买盘
2753,10:43:12,11.85,-0.01,25,29625,卖盘
2754,10:43:09,11.86,--,10,11860,买盘
2755,10:43:06,11.86,--,53,62858,买盘
2756,10:43:03,11.86,--,60,71160,买盘
2757,10:42:57,11.86,--,40,47440,买盘
2758,10:42:54,11.86,--,200,237200,买盘
2759,10:42:51,11.86,0.01,140,166040,买盘
2760,10:42:48,11.85,-0.01,96,113760,卖盘
2761,10:42:45,11.86,--,50,59300,买盘
2762,10:42:39,11.86,--,13,15418,买盘
2763,10:42:36,11.86,--,4,4744,买盘
2764,10:42:33,11.86,--,18,21348,买盘
2765,10:42:30,11.86,--,38,45068,买盘
2766,10:42:27,11.86,--,35,41510,买盘
2767,10:42:24,11.86,--,317,375962,买盘
2768,10:42:21,11.86,--,10,11860,买盘
2769,10:42:18,11.86,--,13,15418,买盘
2770,10:42:15,11.86,--,20,23720,买盘
2771,10:42:12,11.86,--,67,79462,买盘
2772,10:42:09,11.86,--,7,8302,买盘
2773,10:42:06,11.86,--,154,182644,买盘
2774,10:42:03,11.86,--,82,97252,买盘
2775,10:42:00,11.86,--,29,34394,买盘
2776,10:41:57,11.86,--,178,211108,买盘
2777,10:41:54,11.86,--,41,48626,买盘
2778,10:41:51,11.86,-0.01,526,623836,卖盘
2779,10:41:48,11.87,--,22,26114,买盘
2780,10:41:45,11.87,--,1,1187,买盘
2781,10:41:42,11.87,0.01,4,4748,买盘
2782,10:41:39,11.86,-0.01,1,1186,卖盘
2783,10:41:33,11.87,0.01,13,15430,买盘
2784,10:41:30,11.86,-0.01,4,4744,中性盘
2785,10:41:21,11.87,0.01,633,752534,买盘
2786,10:41:18,11.86,0.01,546,647579,买盘
2787,10:41:15,11.85,--,23,27255,卖盘
2788,10:41:06,11.85,-0.01,3,3555,卖盘
2789,10:41:03,11.86,--,6,7116,买盘
2790,10:41:00,11.86,--,78,92508,买盘
2791,10:40:57,11.86,0.01,83,98438,买盘
2792,10:40:54,11.85,--,200,237000,卖盘
2793,10:40:51,11.85,--,3,3555,卖盘
2794,10:40:48,11.85,--,266,315210,买盘
2795,10:40:45,11.85,--,26,30810,买盘
2796,10:40:42,11.85,--,2,2370,买盘
2797,10:40:39,11.85,--,40,47400,买盘
2798,10:40:33,11.85,0.01,7,8295,买盘
2799,10:40:30,11.84,-0.01,3,3552,卖盘
2800,10:40:24,11.85,0.01,17,20145,买盘
2801,10:40:21,11.84,-0.01,181,214304,卖盘
2802,10:40:12,11.85,--,2,2370,买盘
2803,10:40:06,11.85,--,2,2370,买盘
2804,10:40:03,11.85,0.01,31,36735,买盘
2805,10:39:57,11.84,-0.01,44,52096,卖盘
2806,10:39:54,11.85,0.01,5,5925,买盘
2807,10:39:48,11.84,--,35,41440,卖盘
2808,10:39:45,11.84,-0.01,19,22496,卖盘
2809,10:39:42,11.85,--,40,47400,卖盘
2810,10:39:36,11.85,0.01,16,18960,买盘
2811,10:39:33,11.84,-0.01,25,29600,卖盘
2812,10:39:27,11.85,--,95,112575,卖盘
2813,10:39:24,11.85,--,1,1185,卖盘
2814,10:39:18,11.85,--,184,218040,卖盘
2815,10:39:15,11.85,--,5,5925,卖盘
2816,10:39:12,11.85,--,3,3555,卖盘
2817,10:39:09,11.85,--,105,124425,买盘
2818,10:39:06,11.85,--,16,18960,买盘
2819,10:38:57,11.85,0.01,19,22515,买盘
2820,10:38:54,11.84,--,8,9472,卖盘
2821,10:38:51,11.84,--,25,29600,卖盘
2822,10:38:48,11.84,--,22,26048,卖盘
