,time,price,change,volume,amount,type
0,15:00:03,14.32,--,18644,26698208,卖盘
1,14:57:00,14.32,-0.01,77,110264,卖盘
2,14:56:57,14.33,--,23,32959,买盘
3,14:56:54,14.33,0.02,200,286600,买盘
4,14:56:51,14.31,-0.02,5585,7992135,卖盘
5,14:56:48,14.33,--,817,1170761,买盘
6,14:56:45,14.33,--,109,156197,买盘
7,14:56:42,14.33,--,1894,2714102,买盘
8,14:56:39,14.33,--,129,184857,买盘
9,14:56:36,14.33,-0.01,1179,1690366,卖盘
10,14:56:33,14.34,0.01,327,468918,买盘
11,14:56:30,14.33,-0.01,76,108908,卖盘
12,14:56:27,14.34,--,97,139098,买盘
13,14:56:24,14.34,--,102,146268,买盘
14,14:56:21,14.34,--,1431,2052054,买盘
15,14:56:18,14.34,0.01,422,605148,买盘
16,14:56:15,14.33,-0.01,196,280868,卖盘
17,14:56:12,14.34,--,641,919194,买盘
18,14:56:09,14.34,--,24,34416,买盘
19,14:56:06,14.34,0.01,1525,2186850,买盘
20,14:56:03,14.33,--,226,323858,卖盘
21,14:56:00,14.33,0.01,748,1072457,买盘
22,14:55:57,14.32,-0.01,1089,1559448,卖盘
23,14:55:54,14.33,--,963,1379979,买盘
24,14:55:51,14.33,--,224,320992,买盘
25,14:55:48,14.33,--,287,411271,买盘
26,14:55:45,14.33,0.01,284,406972,买盘
27,14:55:42,14.32,-0.01,262,375184,卖盘
28,14:55:39,14.33,--,453,649149,买盘
29,14:55:36,14.33,--,1251,1792683,买盘
30,14:55:33,14.33,--,1246,1785518,买盘
31,14:55:30,14.33,--,221,316693,买盘
32,14:55:27,14.33,--,152,217816,买盘
33,14:55:24,14.33,0.01,110,157630,买盘
34,14:55:21,14.32,-0.01,123,176136,卖盘
35,14:55:18,14.33,0.02,443,634819,买盘
36,14:55:15,14.31,-0.01,81,115911,卖盘
37,14:55:12,14.32,--,334,478288,买盘
38,14:55:09,14.32,0.01,660,945120,买盘
39,14:55:06,14.31,--,62,88722,卖盘
40,14:55:03,14.31,-0.01,194,277614,卖盘
41,14:55:00,14.32,0.01,776,1111232,买盘
42,14:54:57,14.31,0.01,792,1133352,买盘
43,14:54:54,14.3,-0.01,227,324610,卖盘
44,14:54:51,14.31,0.01,733,1050039,买盘
45,14:54:48,14.3,-0.01,100,143000,卖盘
46,14:54:45,14.31,0.01,649,929291,买盘
47,14:54:42,14.3,-0.01,172,245960,卖盘
48,14:54:39,14.31,--,359,513729,买盘
49,14:54:36,14.31,0.01,1021,1461051,买盘
50,14:54:33,14.3,-0.01,661,945230,卖盘
51,14:54:30,14.31,0.01,621,888651,买盘
52,14:54:27,14.3,--,91,130130,卖盘
53,14:54:24,14.3,-0.01,530,757900,卖盘
54,14:54:21,14.31,0.01,625,894375,买盘
55,14:54:18,14.3,-0.01,262,374660,卖盘
56,14:54:15,14.31,--,135,193185,买盘
57,14:54:12,14.31,--,91,130221,买盘
58,14:54:09,14.31,--,170,243270,买盘
59,14:54:06,14.31,--,8,11448,买盘
60,14:54:03,14.31,0.01,101,144531,买盘
61,14:54:00,14.3,-0.01,419,599170,卖盘
62,14:53:57,14.31,0.01,247,353457,买盘
63,14:53:54,14.3,--,193,275990,卖盘
64,14:53:51,14.3,--,302,431860,卖盘
65,14:53:48,14.3,--,916,1310738,买盘
66,14:53:45,14.3,--,71,101530,买盘
67,14:53:42,14.3,--,108,154440,买盘
68,14:53:39,14.3,--,117,168454,买盘
69,14:53:36,14.3,--,72,102960,买盘
70,14:53:33,14.3,--,72,102960,买盘
71,14:53:30,14.3,0.01,6,8580,买盘
72,14:53:27,14.29,-0.01,682,974578,卖盘
73,14:53:24,14.3,--,133,190190,买盘
74,14:53:21,14.3,0.01,743,1062490,买盘
75,14:53:18,14.29,--,19,27151,卖盘
76,14:53:15,14.29,--,348,497291,卖盘
77,14:53:12,14.29,-0.01,183,261506,卖盘
78,14:53:09,14.3,--,310,443300,买盘
79,14:53:06,14.3,--,349,499070,买盘
80,14:53:03,14.3,0.01,254,363220,买盘
81,14:53:00,14.29,-0.01,78,111462,卖盘
82,14:52:57,14.3,--,21,30030,买盘
83,14:52:54,14.3,0.01,102,145860,买盘
84,14:52:51,14.29,--,160,228640,卖盘
85,14:52:48,14.29,--,276,394404,卖盘
86,14:52:45,14.29,--,15,21435,卖盘
87,14:52:42,14.29,--,445,635905,卖盘
88,14:52:39,14.29,--,248,354392,卖盘
89,14:52:36,14.29,--,15,21435,卖盘
90,14:52:33,14.29,-0.01,65,92885,卖盘
91,14:52:30,14.3,0.01,251,358930,买盘
92,14:52:27,14.29,--,52,74308,卖盘
93,14:52:24,14.29,-0.01,442,631618,卖盘
94,14:52:21,14.3,0.01,786,1123980,买盘
95,14:52:18,14.29,--,450,643050,买盘
96,14:52:15,14.29,--,66,94314,买盘
97,14:52:12,14.29,--,460,657340,买盘
98,14:52:09,14.29,--,1736,2480744,卖盘
99,14:52:06,14.29,--,517,738793,买盘
100,14:52:03,14.29,--,81,115749,买盘
101,14:52:00,14.29,--,232,331528,买盘
102,14:51:57,14.29,--,138,197202,买盘
103,14:51:54,14.29,--,248,354392,买盘
104,14:51:51,14.29,--,184,262936,买盘
105,14:51:48,14.29,--,24,34296,买盘
106,14:51:45,14.29,--,340,485860,买盘
107,14:51:42,14.29,--,47,67163,买盘
108,14:51:39,14.29,--,20,28580,买盘
109,14:51:36,14.29,--,337,481573,卖盘
110,14:51:33,14.29,-0.01,166,237214,卖盘
111,14:51:30,14.3,0.01,267,381810,买盘
112,14:51:27,14.29,--,48,68592,卖盘
113,14:51:24,14.29,-0.01,32,45728,卖盘
114,14:51:21,14.3,0.01,39,55770,买盘
115,14:51:18,14.29,0.01,173,247216,买盘
116,14:51:15,14.28,--,270,385560,卖盘
117,14:51:12,14.28,--,315,449820,卖盘
118,14:51:09,14.28,-0.01,110,157080,卖盘
119,14:51:06,14.29,--,85,121465,买盘
120,14:51:03,14.29,--,36,51444,买盘
121,14:51:00,14.29,--,26,37154,买盘
122,14:50:57,14.29,--,2707,3868303,买盘
123,14:50:54,14.29,--,46,65734,买盘
124,14:50:51,14.29,--,819,1170351,卖盘
125,14:50:48,14.29,--,14,20006,卖盘
126,14:50:45,14.29,--,431,615899,卖盘
127,14:50:42,14.29,-0.01,101,144329,卖盘
128,14:50:39,14.3,--,103,147290,买盘
129,14:50:36,14.3,--,83,118690,买盘
130,14:50:33,14.3,--,174,248820,买盘
131,14:50:30,14.3,--,194,277992,买盘
132,14:50:27,14.3,--,105,150150,买盘
133,14:50:24,14.3,--,366,523380,买盘
134,14:50:21,14.3,0.01,240,343200,买盘
135,14:50:18,14.29,-0.01,139,198631,卖盘
136,14:50:15,14.3,0.01,159,227370,买盘
137,14:50:12,14.29,--,37,52873,卖盘
138,14:50:09,14.29,--,65,92885,卖盘
139,14:50:06,14.29,-0.01,50,71450,卖盘
140,14:50:03,14.3,--,108,154440,买盘
141,14:50:00,14.3,0.01,7,10010,买盘
142,14:49:57,14.29,-0.01,34,48586,卖盘
143,14:49:54,14.3,0.02,396,567138,买盘
144,14:49:51,14.28,-0.01,592,845376,卖盘
145,14:49:48,14.29,--,120,171480,买盘
146,14:49:45,14.29,0.01,62,88598,买盘
147,14:49:42,14.28,-0.01,79,112812,卖盘
148,14:49:39,14.29,0.01,37,52873,买盘
149,14:49:36,14.28,-0.01,36,51408,卖盘
150,14:49:33,14.29,0.01,37,52873,买盘
151,14:49:30,14.28,-0.01,1,1428,卖盘
152,14:49:27,14.29,--,149,212921,买盘
153,14:49:24,14.29,--,42,60018,买盘
154,14:49:21,14.29,0.01,93,132897,买盘
155,14:49:18,14.28,-0.01,21,29988,卖盘
156,14:49:15,14.29,0.01,332,474428,买盘
157,14:49:12,14.28,-0.01,151,215628,卖盘
158,14:49:09,14.29,--,28,40012,买盘
159,14:49:06,14.29,0.01,341,487289,买盘
160,14:49:03,14.28,-0.01,459,655452,卖盘
161,14:49:00,14.29,0.01,54,77166,买盘
162,14:48:57,14.28,-0.01,29,41412,卖盘
163,14:48:54,14.29,--,1,1429,买盘
164,14:48:51,14.29,--,157,224353,买盘
165,14:48:48,14.29,--,364,520155,买盘
166,14:48:45,14.29,0.01,7,10003,买盘
167,14:48:42,14.28,-0.01,201,287028,卖盘
168,14:48:39,14.29,0.01,11,15718,买盘
169,14:48:36,14.28,-0.01,552,788256,卖盘
170,14:48:33,14.29,0.01,442,631618,买盘
171,14:48:30,14.28,-0.01,379,541212,卖盘
172,14:48:27,14.29,0.01,23,32867,买盘
173,14:48:24,14.28,--,685,978180,买盘
174,14:48:21,14.28,--,6,8568,买盘
175,14:48:18,14.28,--,44,62832,买盘
176,14:48:15,14.28,--,108,154224,买盘
177,14:48:12,14.28,--,136,194208,买盘
178,14:48:09,14.28,--,344,491232,买盘
179,14:48:06,14.28,--,324,462672,买盘
180,14:48:03,14.28,-0.01,234,334152,买盘
181,14:48:00,14.29,0.01,117,167193,买盘
182,14:47:57,14.28,--,57,81396,买盘
183,14:47:54,14.28,-0.01,893,1275204,卖盘
184,14:47:48,14.29,--,9,12861,买盘
185,14:47:45,14.29,0.01,130,185770,买盘
186,14:47:42,14.28,--,22,31416,卖盘
187,14:47:39,14.28,-0.01,46,65688,卖盘
188,14:47:36,14.29,--,32,45728,买盘
189,14:47:33,14.29,0.01,299,427271,买盘
190,14:47:30,14.28,-0.01,6,8568,卖盘
191,14:47:27,14.29,0.01,30,42870,买盘
192,14:47:24,14.28,--,61,87108,卖盘
193,14:47:21,14.28,-0.01,1,1428,卖盘
194,14:47:18,14.29,0.01,73,104317,买盘
195,14:47:15,14.28,-0.01,21,29988,卖盘
196,14:47:12,14.29,0.01,28,40012,买盘
197,14:47:09,14.28,-0.01,14,19992,卖盘
198,14:47:06,14.29,0.01,45,64304,买盘
199,14:47:03,14.28,--,32,45696,卖盘
200,14:47:00,14.28,-0.01,489,698292,卖盘
201,14:46:57,14.29,--,53,75737,买盘
202,14:46:54,14.29,--,81,115749,买盘
203,14:46:51,14.29,--,274,391546,买盘
204,14:46:48,14.29,-0.01,619,884551,卖盘
205,14:46:45,14.3,--,523,747890,买盘
206,14:46:42,14.3,--,268,383240,买盘
207,14:46:39,14.3,--,12,17160,买盘
208,14:46:36,14.3,--,48,68640,买盘
209,14:46:33,14.3,-0.01,112,160732,卖盘
210,14:46:30,14.31,0.01,423,605313,买盘
211,14:46:27,14.3,-0.01,866,1239238,卖盘
212,14:46:24,14.31,--,11,15741,买盘
213,14:46:21,14.31,-0.01,126,180306,买盘
214,14:46:18,14.32,0.01,264,378048,买盘
215,14:46:15,14.31,--,93,133083,卖盘
216,14:46:12,14.31,--,117,167427,卖盘
217,14:46:09,14.31,--,280,400680,卖盘
218,14:46:03,14.31,--,7,10017,卖盘
219,14:46:00,14.31,--,148,211788,买盘
220,14:45:57,14.31,0.01,591,845721,买盘
221,14:45:54,14.3,--,75,107250,卖盘
222,14:45:51,14.3,--,193,275990,卖盘
223,14:45:48,14.3,--,489,699270,卖盘
224,14:45:45,14.3,-0.01,145,207350,卖盘
225,14:45:42,14.31,--,126,180306,买盘
226,14:45:39,14.31,--,446,638226,买盘
227,14:45:36,14.31,--,626,895806,买盘
228,14:45:33,14.31,--,26,37206,买盘
229,14:45:30,14.31,--,367,525177,卖盘
230,14:45:27,14.31,-0.01,232,331992,卖盘
231,14:45:24,14.32,0.01,29,41528,买盘
232,14:45:21,14.31,--,8,11448,卖盘
233,14:45:18,14.31,-0.01,33,47223,买盘
234,14:45:15,14.32,0.01,1627,2329864,买盘
235,14:45:12,14.31,-0.01,183,261873,卖盘
236,14:45:09,14.32,0.01,141,201912,买盘
237,14:45:06,14.31,-0.01,2113,3023703,中性盘
238,14:45:03,14.32,0.02,2018,2889776,买盘
239,14:45:00,14.3,-0.02,211,301730,卖盘
240,14:44:57,14.32,0.01,2052,2938464,买盘
241,14:44:54,14.31,0.01,234,334854,买盘
242,14:44:51,14.3,-0.01,45,64350,卖盘
243,14:44:48,14.31,0.01,497,711207,买盘
244,14:44:45,14.3,-0.01,431,616330,卖盘
245,14:44:42,14.31,--,147,210357,买盘
246,14:44:39,14.31,0.01,173,247563,买盘
247,14:44:36,14.3,-0.01,87,124410,卖盘
248,14:44:33,14.31,--,158,226098,买盘
249,14:44:30,14.31,--,128,183168,买盘
250,14:44:27,14.31,0.01,68,97308,买盘
251,14:44:24,14.3,-0.01,4,5720,卖盘
252,14:44:21,14.31,0.01,94,134514,买盘
253,14:44:18,14.3,--,102,145860,卖盘
254,14:44:15,14.3,--,27,38610,卖盘
255,14:44:12,14.3,--,72,102960,卖盘
256,14:44:09,14.3,--,184,263120,买盘
257,14:44:06,14.3,--,310,443300,卖盘
258,14:44:03,14.3,--,262,374660,卖盘
259,14:44:00,14.3,--,63,90090,卖盘
260,14:43:57,14.3,--,77,110110,卖盘
261,14:43:54,14.3,--,23,32890,卖盘
262,14:43:51,14.3,-0.01,44,62920,卖盘
263,14:43:48,14.31,0.01,119,170289,买盘
264,14:43:45,14.3,--,232,331760,卖盘
265,14:43:42,14.3,--,35,50050,卖盘
266,14:43:39,14.3,--,136,194480,卖盘
267,14:43:36,14.3,--,59,84370,卖盘
268,14:43:33,14.3,--,564,806520,卖盘
269,14:43:30,14.3,-0.01,10,14300,卖盘
270,14:43:27,14.31,0.01,13,18603,买盘
271,14:43:24,14.3,--,31,44330,买盘
272,14:43:21,14.3,--,131,187330,卖盘
273,14:43:18,14.3,-0.01,127,181610,卖盘
274,14:43:15,14.31,--,12,17172,买盘
275,14:43:12,14.31,0.01,442,632502,买盘
276,14:43:09,14.3,--,113,161590,卖盘
277,14:43:06,14.3,--,102,145860,卖盘
278,14:43:03,14.3,--,207,296010,卖盘
279,14:43:00,14.3,--,106,151580,卖盘
280,14:42:57,14.3,--,362,517660,卖盘
281,14:42:54,14.3,-0.01,206,294580,卖盘
282,14:42:51,14.31,--,68,97308,买盘
283,14:42:48,14.31,--,119,170289,买盘
284,14:42:45,14.31,0.01,97,138807,买盘
285,14:42:42,14.3,--,40,57200,卖盘
286,14:42:39,14.3,--,87,124410,卖盘
287,14:42:36,14.3,-0.01,55,78650,卖盘
288,14:42:33,14.31,0.01,149,213219,买盘
289,14:42:30,14.3,--,107,153010,卖盘
290,14:42:27,14.3,--,42,60060,卖盘
291,14:42:24,14.3,0.01,420,600600,买盘
292,14:42:21,14.29,-0.01,126,180054,卖盘
293,14:42:18,14.3,0.01,74,105820,买盘
294,14:42:15,14.29,-0.01,534,763086,卖盘
295,14:42:12,14.3,--,30,42900,买盘
296,14:42:09,14.3,--,215,307450,买盘
297,14:42:06,14.3,--,73,104390,买盘
298,14:42:03,14.3,--,79,112970,买盘
299,14:42:00,14.3,-0.01,61,87230,卖盘
300,14:41:57,14.31,0.01,20,28620,买盘
301,14:41:54,14.3,--,243,347490,买盘
302,14:41:51,14.3,--,32,45760,买盘
303,14:41:45,14.3,--,101,144430,买盘
304,14:41:42,14.3,--,170,243100,买盘
305,14:41:39,14.3,0.01,44,62920,中性盘
306,14:41:36,14.29,-0.01,323,461567,卖盘
307,14:41:33,14.3,0.01,47,67210,买盘
308,14:41:30,14.29,-0.01,6,8574,卖盘
309,14:41:27,14.3,--,200,286286,卖盘
310,14:41:24,14.3,--,58,82940,卖盘
311,14:41:21,14.3,-0.01,178,254540,卖盘
312,14:41:18,14.31,0.01,20,28620,买盘
313,14:41:15,14.3,0.01,393,563134,买盘
314,14:41:12,14.29,--,32,45728,卖盘
315,14:41:09,14.29,--,83,118607,卖盘
316,14:41:06,14.29,-0.01,30,42870,卖盘
317,14:41:03,14.3,0.01,98,140140,买盘
318,14:41:00,14.29,-0.01,85,121465,卖盘
319,14:40:57,14.3,--,50,71500,买盘
320,14:40:54,14.3,--,72,102960,买盘
321,14:40:51,14.3,--,22,31460,买盘
322,14:40:48,14.3,0.01,13,18590,买盘
323,14:40:45,14.29,-0.01,30,42870,卖盘
324,14:40:42,14.3,-0.01,204,291720,卖盘
325,14:40:39,14.31,0.01,140,200340,买盘
326,14:40:36,14.3,--,92,131560,买盘
327,14:40:33,14.3,--,278,397540,卖盘
328,14:40:30,14.3,-0.01,14,20020,卖盘
329,14:40:27,14.31,0.01,46,65826,买盘
330,14:40:24,14.3,--,73,104390,卖盘
331,14:40:21,14.3,--,31,44330,卖盘
332,14:40:18,14.3,--,318,454740,买盘
333,14:40:15,14.3,0.01,39,55770,买盘
334,14:40:12,14.29,-0.01,98,140042,卖盘
335,14:40:09,14.3,--,23,32890,买盘
336,14:40:03,14.3,0.01,393,561990,买盘
337,14:40:00,14.29,--,169,241501,买盘
338,14:39:57,14.29,--,52,74308,买盘
339,14:39:54,14.29,--,328,468712,卖盘
340,14:39:51,14.29,-0.01,18,25722,卖盘
341,14:39:48,14.3,--,108,154440,卖盘
342,14:39:45,14.3,0.01,124,177320,卖盘
343,14:39:42,14.29,-0.01,219,312951,卖盘
344,14:39:39,14.3,--,75,107250,买盘
345,14:39:36,14.3,-0.01,39,55770,卖盘
346,14:39:33,14.31,0.01,6,8586,买盘
347,14:39:30,14.3,--,235,336050,买盘
348,14:39:27,14.3,--,7,10010,买盘
349,14:39:24,14.3,--,73,104390,卖盘
350,14:39:21,14.3,--,42,60060,卖盘
351,14:39:18,14.3,--,438,626340,买盘
352,14:39:15,14.3,--,36,51480,买盘
353,14:39:12,14.3,0.01,25,35750,买盘
354,14:39:09,14.29,--,60,85740,卖盘
355,14:39:06,14.29,-0.01,142,202918,卖盘
356,14:39:03,14.3,0.01,147,210210,买盘
357,14:39:00,14.29,--,35,50015,卖盘
358,14:38:57,14.29,-0.01,52,74308,卖盘
359,14:38:54,14.3,0.01,33,47190,买盘
360,14:38:51,14.29,-0.01,1,1429,卖盘
361,14:38:48,14.3,--,488,697840,买盘
362,14:38:45,14.3,--,48,68640,买盘
363,14:38:42,14.3,0.01,3,4290,买盘
364,14:38:39,14.29,--,30,42870,卖盘
365,14:38:36,14.29,-0.01,13,18577,卖盘
366,14:38:33,14.3,0.01,28,40040,买盘
367,14:38:30,14.29,0.01,32,45728,买盘
368,14:38:27,14.28,-0.02,92,131376,卖盘
369,14:38:24,14.3,0.01,107,153010,买盘
370,14:38:21,14.29,--,546,780234,买盘
371,14:38:18,14.29,--,55,78595,卖盘
372,14:38:15,14.29,--,16,22864,卖盘
373,14:38:12,14.29,--,343,490146,买盘
374,14:38:09,14.29,--,60,85740,买盘
375,14:38:06,14.29,--,863,1233227,买盘
376,14:38:03,14.29,0.01,36,51444,买盘
377,14:38:00,14.28,--,10,14280,卖盘
378,14:37:57,14.28,--,143,204204,买盘
379,14:37:54,14.28,--,333,475524,买盘
380,14:37:51,14.28,0.01,8,11424,买盘
381,14:37:48,14.27,--,75,107025,卖盘
382,14:37:45,14.27,-0.01,31,44237,卖盘
383,14:37:42,14.28,0.01,143,204204,买盘
384,14:37:39,14.27,--,263,375301,卖盘
385,14:37:36,14.27,-0.01,12,17124,卖盘
386,14:37:33,14.28,0.01,25,35700,买盘
387,14:37:30,14.27,-0.01,8,11416,卖盘
388,14:37:27,14.28,--,83,118524,买盘
389,14:37:24,14.28,--,15,21420,买盘
390,14:37:21,14.28,0.01,659,941052,买盘
391,14:37:18,14.27,--,35,49945,卖盘
392,14:37:15,14.27,-0.01,30,42810,中性盘
393,14:37:12,14.28,--,164,234192,买盘
394,14:37:09,14.28,--,422,602616,买盘
395,14:37:06,14.28,0.02,130,185640,买盘
396,14:37:03,14.26,-0.01,35,49910,卖盘
397,14:37:00,14.27,0.01,155,221185,买盘
398,14:36:57,14.26,-0.01,21,29946,卖盘
399,14:36:54,14.27,--,3,4281,买盘
400,14:36:51,14.27,-0.01,323,460921,卖盘
401,14:36:48,14.28,0.01,12,17136,买盘
402,14:36:45,14.27,0.01,85,121295,中性盘
403,14:36:42,14.26,-0.01,119,169694,卖盘
404,14:36:39,14.27,--,80,114160,卖盘
405,14:36:36,14.27,-0.01,138,196926,卖盘
406,14:36:33,14.28,--,145,207060,买盘
407,14:36:30,14.28,--,12,17136,买盘
408,14:36:27,14.28,0.01,52,74256,买盘
409,14:36:24,14.27,--,279,398133,买盘
410,14:36:21,14.27,--,262,373874,卖盘
411,14:36:18,14.27,-0.01,56,79912,卖盘
412,14:36:15,14.28,0.01,48,68544,买盘
413,14:36:12,14.27,--,210,299670,卖盘
414,14:36:09,14.27,--,31,44237,卖盘
415,14:36:06,14.27,--,120,171240,卖盘
416,14:36:03,14.27,-0.01,27,38529,卖盘
417,14:36:00,14.28,--,8,11424,买盘
418,14:35:57,14.28,-0.02,1405,2007596,卖盘
419,14:35:54,14.3,0.01,602,860860,买盘
420,14:35:51,14.29,--,1725,2465910,卖盘
421,14:35:48,14.29,-0.01,524,748796,卖盘
422,14:35:45,14.3,--,58,82940,买盘
423,14:35:42,14.3,--,218,311740,买盘
424,14:35:39,14.3,--,36,51480,买盘
425,14:35:36,14.3,--,228,326040,卖盘
426,14:35:33,14.3,--,338,483340,卖盘
427,14:35:30,14.3,--,139,198770,卖盘
428,14:35:27,14.3,--,30,42900,卖盘
429,14:35:24,14.3,0.01,124,177320,买盘
430,14:35:21,14.29,-0.01,13,18577,卖盘
431,14:35:18,14.3,--,31,44330,买盘
432,14:35:15,14.3,--,69,98670,买盘
433,14:35:12,14.3,--,28,40040,买盘
434,14:35:09,14.3,0.01,26,37180,中性盘
435,14:35:06,14.29,-0.02,30,42870,卖盘
436,14:35:03,14.31,0.01,53,75843,买盘
437,14:35:00,14.3,--,116,165880,卖盘
438,14:34:57,14.3,-0.01,113,161590,卖盘
439,14:34:54,14.31,0.01,89,127359,买盘
440,14:34:51,14.3,-0.01,60,85800,卖盘
441,14:34:48,14.31,0.01,44,62964,买盘
442,14:34:45,14.3,-0.01,112,160160,卖盘
443,14:34:42,14.31,--,118,168858,买盘
444,14:34:39,14.31,--,280,400680,买盘
445,14:34:36,14.31,--,27,38637,买盘
446,14:34:33,14.31,--,60,85860,买盘
447,14:34:30,14.31,--,57,81567,卖盘
448,14:34:27,14.31,--,499,714612,卖盘
449,14:34:24,14.31,-0.01,21,30051,卖盘
450,14:34:21,14.32,0.01,213,305016,买盘
451,14:34:18,14.31,--,143,204633,卖盘
452,14:34:15,14.31,-0.01,49,70119,卖盘
453,14:34:12,14.32,--,10,14320,买盘
454,14:34:09,14.32,--,144,206208,买盘
455,14:34:06,14.32,--,32,45824,买盘
456,14:34:03,14.32,--,49,70168,买盘
457,14:34:00,14.32,--,41,58712,买盘
458,14:33:57,14.32,--,219,313608,卖盘
459,14:33:54,14.32,--,185,264920,卖盘
460,14:33:51,14.32,--,89,127448,卖盘
461,14:33:48,14.32,--,24,34368,卖盘
462,14:33:45,14.32,--,80,114560,卖盘
463,14:33:42,14.32,--,19,27208,卖盘
464,14:33:39,14.32,--,78,111696,卖盘
465,14:33:36,14.32,--,2,2864,卖盘
466,14:33:33,14.32,--,108,154656,卖盘
467,14:33:30,14.32,--,50,71600,卖盘
468,14:33:27,14.32,0.01,18,25776,买盘
469,14:33:24,14.31,--,19,27189,卖盘
470,14:33:21,14.31,-0.01,11,15741,卖盘
471,14:33:18,14.32,--,604,864928,卖盘
472,14:33:15,14.32,-0.01,61,87352,卖盘
473,14:33:12,14.33,--,15,21495,买盘
474,14:33:09,14.33,--,21,30093,买盘
475,14:33:06,14.33,--,399,571767,买盘
476,14:33:03,14.33,--,21,30093,买盘
477,14:33:00,14.33,--,50,71650,买盘
478,14:32:57,14.33,--,147,210651,买盘
479,14:32:51,14.33,--,293,419869,买盘
480,14:32:45,14.33,--,22,31526,卖盘
481,14:32:42,14.33,--,593,849769,买盘
482,14:32:39,14.33,--,20,28660,买盘
483,14:32:36,14.33,-0.01,303,434199,卖盘
484,14:32:33,14.34,--,26,37284,买盘
485,14:32:30,14.34,--,479,686886,买盘
486,14:32:27,14.34,--,31,44454,买盘
487,14:32:24,14.34,0.01,146,209364,买盘
488,14:32:21,14.33,--,86,123238,卖盘
489,14:32:18,14.33,--,119,170527,卖盘
490,14:32:15,14.33,--,186,266538,买盘
491,14:32:12,14.33,--,280,401240,买盘
492,14:32:09,14.33,0.01,67,96011,买盘
493,14:32:06,14.32,-0.01,30,42960,卖盘
494,14:32:03,14.33,--,221,316693,买盘
495,14:32:00,14.33,--,39,55887,买盘
496,14:31:57,14.33,--,34,48722,买盘
497,14:31:54,14.33,0.01,56,80248,买盘
498,14:31:51,14.32,-0.01,87,124584,卖盘
499,14:31:48,14.33,--,16,22928,中性盘
500,14:31:45,14.33,--,360,515880,卖盘
501,14:31:42,14.33,--,227,326179,买盘
502,14:31:39,14.33,0.01,141,202053,买盘
503,14:31:36,14.32,--,1008,1443456,卖盘
504,14:31:33,14.32,--,550,787600,卖盘
505,14:31:30,14.32,-0.01,156,223392,卖盘
506,14:31:27,14.33,0.01,235,336755,买盘
507,14:31:24,14.32,--,99,141768,卖盘
508,14:31:21,14.32,-0.01,466,667312,卖盘
509,14:31:18,14.33,--,376,538808,买盘
510,14:31:15,14.33,0.01,60,85980,买盘
511,14:31:09,14.32,-0.01,151,216232,卖盘
512,14:31:06,14.33,--,4,5732,买盘
513,14:31:03,14.33,0.01,577,826841,买盘
514,14:31:00,14.32,--,218,312176,卖盘
515,14:30:57,14.32,--,99,141768,卖盘
516,14:30:54,14.32,--,16,22912,卖盘
517,14:30:51,14.32,--,102,146064,卖盘
518,14:30:48,14.32,--,53,75896,卖盘
519,14:30:45,14.32,--,268,383776,买盘
520,14:30:42,14.32,0.01,129,184728,买盘
521,14:30:39,14.31,-0.01,318,455058,卖盘
522,14:30:36,14.32,--,34,48688,买盘
523,14:30:33,14.32,--,561,803352,买盘
524,14:30:30,14.32,0.01,8,11456,买盘
525,14:30:27,14.31,--,173,247563,买盘
526,14:30:24,14.31,--,894,1279314,买盘
527,14:30:21,14.31,--,109,155979,买盘
528,14:30:18,14.31,--,6,8586,买盘
529,14:30:15,14.31,0.01,45,64395,买盘
530,14:30:12,14.3,-0.01,120,171600,卖盘
531,14:30:09,14.31,-0.02,678,970218,卖盘
532,14:30:06,14.33,0.02,1372,1966076,买盘
533,14:30:03,14.31,--,9,12879,卖盘
534,14:30:00,14.31,0.01,906,1296486,买盘
535,14:29:57,14.3,--,195,278850,卖盘
536,14:29:54,14.3,--,13,18590,卖盘
537,14:29:51,14.3,--,26,37180,卖盘
538,14:29:48,14.3,--,5,7150,卖盘
539,14:29:45,14.3,--,73,104390,卖盘
540,14:29:42,14.3,--,116,165880,卖盘
541,14:29:39,14.3,--,17,24310,卖盘
542,14:29:36,14.3,0.01,408,583440,买盘
543,14:29:33,14.29,--,222,317238,卖盘
544,14:29:30,14.29,-0.01,425,607325,卖盘
545,14:29:27,14.3,--,42,60060,买盘
546,14:29:24,14.3,--,39,55770,买盘
547,14:29:21,14.3,--,103,147290,买盘
548,14:29:18,14.3,-0.01,668,955240,卖盘
549,14:29:15,14.31,--,90,128790,买盘
550,14:29:12,14.31,--,30,42930,买盘
551,14:29:09,14.31,--,25,35775,买盘
552,14:29:06,14.31,--,24,34344,买盘
553,14:29:03,14.31,--,112,160272,买盘
554,14:29:00,14.31,--,10,14310,买盘
555,14:28:57,14.31,--,34,48654,卖盘
556,14:28:54,14.31,--,41,58671,卖盘
557,14:28:51,14.31,--,168,240408,买盘
558,14:28:48,14.31,--,3,4293,买盘
559,14:28:45,14.31,--,57,81567,买盘
560,14:28:42,14.31,--,59,84429,买盘
561,14:28:39,14.31,--,333,476523,买盘
562,14:28:36,14.31,0.01,526,752706,买盘
563,14:28:33,14.3,-0.01,21,30030,卖盘
564,14:28:30,14.31,--,264,377784,买盘
565,14:28:27,14.31,--,9,12879,买盘
566,14:28:24,14.31,--,4,5724,买盘
567,14:28:21,14.31,--,72,103032,买盘
568,14:28:18,14.31,0.01,175,250425,买盘
569,14:28:15,14.3,--,48,68640,卖盘
570,14:28:12,14.3,-0.01,35,50050,卖盘
571,14:28:09,14.31,--,67,95877,买盘
572,14:28:06,14.31,--,130,186030,买盘
573,14:28:03,14.31,--,3,4293,买盘
574,14:28:00,14.31,--,687,983097,卖盘
575,14:27:57,14.31,--,58,82998,卖盘
576,14:27:54,14.31,--,44,62964,卖盘
577,14:27:51,14.31,--,41,58671,卖盘
578,14:27:48,14.31,--,5,7155,卖盘
579,14:27:45,14.31,--,23,32913,卖盘
580,14:27:42,14.31,--,203,290493,买盘
581,14:27:39,14.31,--,491,702621,买盘
582,14:27:36,14.31,--,16,22896,买盘
583,14:27:33,14.31,--,220,314820,买盘
584,14:27:30,14.31,-0.01,517,739827,卖盘
585,14:27:27,14.32,--,64,91648,买盘
586,14:27:24,14.32,-0.01,173,247736,买盘
587,14:27:21,14.33,--,42,60186,买盘
588,14:27:18,14.33,0.01,133,190875,买盘
589,14:27:15,14.32,--,11,15752,卖盘
590,14:27:12,14.32,-0.01,157,224824,卖盘
591,14:27:09,14.33,0.01,25,35825,买盘
592,14:27:06,14.32,--,123,176136,卖盘
593,14:27:03,14.32,--,20,28640,卖盘
594,14:27:00,14.32,-0.01,59,85633,卖盘
595,14:26:57,14.33,0.01,72,103176,买盘
596,14:26:54,14.32,--,200,286400,卖盘
597,14:26:51,14.32,--,147,210504,卖盘
598,14:26:48,14.32,-0.01,13,18616,卖盘
599,14:26:45,14.33,--,3,4299,买盘
600,14:26:42,14.33,--,52,74516,买盘
601,14:26:39,14.33,0.01,381,545973,买盘
602,14:26:36,14.32,--,6,8592,买盘
603,14:26:33,14.32,0.01,5,7160,买盘
604,14:26:30,14.31,--,142,203202,买盘
605,14:26:27,14.31,--,56,80136,买盘
606,14:26:24,14.31,--,824,1179144,买盘
607,14:26:21,14.31,0.01,33,47223,买盘
608,14:26:18,14.3,-0.01,130,185900,卖盘
609,14:26:15,14.31,--,435,622485,买盘
610,14:26:12,14.31,--,18,25758,买盘
611,14:26:09,14.31,--,196,280476,买盘
612,14:26:06,14.31,--,23,32913,买盘
613,14:26:03,14.31,--,19,27189,买盘
614,14:26:00,14.31,--,95,135945,买盘
615,14:25:57,14.31,--,11,15741,买盘
616,14:25:54,14.31,-0.01,296,423576,卖盘
617,14:25:51,14.32,--,10,14320,买盘
618,14:25:48,14.32,0.01,19,27208,买盘
619,14:25:45,14.31,-0.01,166,237546,卖盘
620,14:25:42,14.32,--,67,95944,买盘
621,14:25:39,14.32,0.01,67,95944,买盘
622,14:25:36,14.31,--,140,200340,买盘
623,14:25:33,14.31,0.01,9,12879,卖盘
624,14:25:30,14.3,--,34,48620,卖盘
625,14:25:27,14.3,-0.02,221,316030,卖盘
626,14:25:24,14.32,--,33,47256,买盘
627,14:25:21,14.32,--,1050,1503600,买盘
628,14:25:18,14.32,-0.01,11,15752,卖盘
629,14:25:15,14.33,0.01,249,356817,买盘
630,14:25:12,14.32,--,75,107400,买盘
631,14:25:09,14.32,--,4,5728,买盘
632,14:25:06,14.32,--,3,4296,买盘
633,14:25:03,14.32,-0.01,18,25776,卖盘
634,14:25:00,14.33,0.01,34,48722,买盘
635,14:24:57,14.32,-0.01,392,561344,卖盘
636,14:24:54,14.33,--,51,73083,买盘
637,14:24:51,14.33,--,81,116073,买盘
638,14:24:48,14.33,--,28,40124,买盘
639,14:24:45,14.33,--,471,674943,买盘
640,14:24:42,14.33,--,50,71650,买盘
641,14:24:39,14.33,0.01,14,20062,买盘
642,14:24:36,14.32,--,27,38664,卖盘
643,14:24:33,14.32,-0.01,30,42960,卖盘
644,14:24:30,14.33,--,419,600427,买盘
645,14:24:27,14.33,--,151,216383,买盘
646,14:24:24,14.33,0.01,17,24361,买盘
647,14:24:21,14.32,--,6,8592,卖盘
648,14:24:18,14.32,-0.01,11,15752,卖盘
649,14:24:15,14.33,0.01,41,58753,卖盘
650,14:24:12,14.32,-0.02,4,5728,卖盘
651,14:24:09,14.34,0.01,195,279630,买盘
652,14:24:06,14.33,-0.01,181,259373,卖盘
653,14:24:03,14.34,--,83,119022,买盘
654,14:24:00,14.34,0.01,49,70266,买盘
655,14:23:57,14.33,-0.01,53,75949,卖盘
656,14:23:54,14.34,0.01,66,94644,买盘
657,14:23:51,14.33,--,120,171960,卖盘
658,14:23:48,14.33,--,140,200620,卖盘
659,14:23:45,14.33,--,570,816810,买盘
660,14:23:42,14.33,0.01,268,384044,买盘
661,14:23:39,14.32,-0.01,62,88784,卖盘
662,14:23:33,14.33,-0.01,627,898491,卖盘
663,14:23:30,14.34,--,44,63096,买盘
664,14:23:27,14.34,-0.01,24,34416,卖盘
665,14:23:24,14.35,--,104,149240,买盘
666,14:23:21,14.35,0.01,147,210945,买盘
667,14:23:18,14.34,--,228,326952,卖盘
668,14:23:15,14.34,-0.01,129,184986,卖盘
669,14:23:12,14.35,--,766,1099210,买盘
670,14:23:09,14.35,0.01,78,111930,买盘
671,14:23:06,14.34,-0.01,206,295404,卖盘
672,14:23:03,14.35,0.01,432,619920,买盘
673,14:23:00,14.34,-0.01,58,83172,卖盘
674,14:22:57,14.35,0.01,356,510860,买盘
675,14:22:54,14.34,-0.01,216,309744,卖盘
676,14:22:51,14.35,0.01,117,167895,买盘
677,14:22:48,14.34,--,617,884778,卖盘
678,14:22:45,14.34,-0.01,157,225138,卖盘
679,14:22:42,14.35,--,1017,1459395,买盘
680,14:22:39,14.35,--,618,886830,买盘
681,14:22:36,14.35,--,34,48790,买盘
682,14:22:33,14.35,--,2986,4284910,卖盘
683,14:22:30,14.35,-0.01,276,396060,卖盘
684,14:22:27,14.36,--,63,90468,买盘
685,14:22:24,14.36,--,471,676356,买盘
686,14:22:21,14.36,--,297,426492,买盘
687,14:22:18,14.36,--,571,819956,买盘
688,14:22:15,14.36,--,242,347512,买盘
689,14:22:12,14.36,--,656,942016,买盘
690,14:22:09,14.36,-0.01,445,639020,卖盘
691,14:22:06,14.37,--,20,28740,买盘
692,14:22:03,14.37,0.01,796,1143852,买盘
693,14:22:00,14.36,--,816,1171776,买盘
694,14:21:57,14.36,--,426,611736,买盘
695,14:21:54,14.36,0.01,1230,1766280,买盘
696,14:21:51,14.35,--,371,532385,买盘
697,14:21:48,14.35,0.01,1280,1836800,买盘
698,14:21:45,14.34,-0.01,154,220836,卖盘
699,14:21:42,14.35,0.01,1320,1894200,买盘
700,14:21:39,14.34,0.01,1634,2343156,买盘
701,14:21:36,14.33,-0.01,187,267971,卖盘
702,14:21:33,14.34,0.02,1377,1974618,买盘
703,14:21:30,14.32,--,2095,3000040,买盘
704,14:21:27,14.32,--,407,582824,买盘
705,14:21:24,14.32,--,1441,2063512,买盘
706,14:21:21,14.32,0.02,560,802034,买盘
707,14:21:18,14.3,-0.01,1114,1593020,卖盘
708,14:21:15,14.31,--,330,472230,买盘
709,14:21:12,14.31,--,257,367767,买盘
710,14:21:09,14.31,0.01,2728,3903768,买盘
711,14:21:06,14.3,0.02,2873,4108390,买盘
712,14:21:03,14.28,-0.02,1266,1807848,卖盘
713,14:21:00,14.3,0.02,10658,15240940,买盘
714,14:20:57,14.28,0.01,695,993174,买盘
715,14:20:54,14.27,--,5537,7901299,卖盘
716,14:20:51,14.27,-0.01,522,744894,卖盘
717,14:20:48,14.28,--,57,81396,买盘
718,14:20:45,14.28,0.01,311,444108,买盘
719,14:20:42,14.27,-0.01,90,128430,卖盘
720,14:20:39,14.28,0.01,34,48552,买盘
721,14:20:36,14.27,--,57,81339,卖盘
722,14:20:33,14.27,--,459,654993,买盘
723,14:20:30,14.27,--,282,402414,买盘
724,14:20:27,14.27,-0.01,56,79912,中性盘
725,14:20:24,14.28,0.02,22,31416,买盘
726,14:20:21,14.26,--,255,363630,卖盘
727,14:20:18,14.26,--,505,720130,卖盘
728,14:20:15,14.26,--,530,755780,卖盘
729,14:20:12,14.26,-0.01,233,332258,卖盘
730,14:20:09,14.27,--,245,349615,买盘
731,14:20:06,14.27,0.01,152,216904,买盘
732,14:20:03,14.26,--,525,748650,卖盘
733,14:20:00,14.26,--,28,39928,卖盘
734,14:19:57,14.26,--,110,156860,卖盘
735,14:19:54,14.26,--,216,308016,卖盘
736,14:19:51,14.26,--,796,1135096,卖盘
737,14:19:48,14.26,-0.01,20,28520,卖盘
738,14:19:45,14.27,--,27,38529,买盘
739,14:19:42,14.27,--,5,7135,买盘
740,14:19:39,14.27,0.01,125,179502,买盘
741,14:19:36,14.26,-0.01,231,329406,卖盘
742,14:19:33,14.27,0.01,530,756310,买盘
743,14:19:30,14.26,--,31,44206,卖盘
744,14:19:27,14.26,--,37,52762,卖盘
745,14:19:24,14.26,--,113,161138,卖盘
746,14:19:21,14.26,--,37,52961,买盘
747,14:19:18,14.26,--,484,691453,卖盘
748,14:19:15,14.26,--,426,607632,买盘
749,14:19:12,14.26,--,90,128340,买盘
750,14:19:09,14.26,--,122,173972,买盘
751,14:19:06,14.26,--,69,98394,买盘
752,14:19:03,14.26,--,35,49910,买盘
753,14:19:00,14.26,--,105,149730,买盘
754,14:18:57,14.26,--,222,316572,买盘
755,14:18:54,14.26,--,453,645978,买盘
756,14:18:51,14.26,--,262,374481,卖盘
757,14:18:48,14.26,-0.01,19,27094,卖盘
758,14:18:45,14.27,0.01,79,112733,买盘
759,14:18:42,14.26,-0.01,15,21390,卖盘
760,14:18:39,14.27,0.01,74,105598,买盘
761,14:18:36,14.26,--,325,464006,买盘
762,14:18:33,14.26,--,1,1426,买盘
763,14:18:30,14.26,0.01,141,201066,买盘
764,14:18:27,14.25,--,178,253650,卖盘
765,14:18:24,14.25,-0.01,627,893475,卖盘
766,14:18:21,14.26,--,50,71300,买盘
767,14:18:18,14.26,0.01,12,17112,买盘
768,14:18:15,14.25,--,20,28500,卖盘
769,14:18:12,14.25,--,39,55575,卖盘
770,14:18:09,14.25,-0.01,250,356250,卖盘
771,14:18:06,14.26,0.01,99,141174,买盘
772,14:18:03,14.25,-0.01,5,7125,卖盘
773,14:18:00,14.26,0.01,35,49910,买盘
774,14:17:54,14.25,-0.01,92,131912,买盘
775,14:17:51,14.26,0.02,3033,4325058,买盘
776,14:17:48,14.24,--,7,9968,卖盘
777,14:17:45,14.24,-0.01,57,81168,卖盘
778,14:17:42,14.25,--,213,303525,买盘
779,14:17:39,14.25,0.01,38,54150,买盘
780,14:17:36,14.24,-0.01,277,394448,卖盘
781,14:17:33,14.25,--,19,27075,买盘
782,14:17:30,14.25,--,32,45600,买盘
783,14:17:27,14.25,--,45,64125,买盘
784,14:17:24,14.25,--,5,7125,买盘
785,14:17:21,14.25,-0.01,9,12825,中性盘
786,14:17:18,14.26,0.01,20,28520,买盘
787,14:17:15,14.25,--,297,423795,卖盘
788,14:17:12,14.25,-0.01,61,88065,卖盘
789,14:17:09,14.26,0.01,5,7130,买盘
790,14:17:06,14.25,-0.01,117,166725,卖盘
791,14:17:03,14.26,--,221,315146,买盘
792,14:17:00,14.26,0.01,67,95542,买盘
793,14:16:57,14.25,-0.01,473,674025,卖盘
794,14:16:54,14.26,0.01,35,49910,买盘
795,14:16:51,14.25,--,115,163875,卖盘
796,14:16:48,14.25,-0.01,67,95475,卖盘
797,14:16:45,14.26,0.01,82,116932,买盘
798,14:16:42,14.25,-0.01,24,34200,卖盘
799,14:16:39,14.26,0.01,49,69874,买盘
800,14:16:36,14.25,-0.01,256,364800,卖盘
801,14:16:33,14.26,0.02,169,242134,买盘
802,14:16:30,14.24,-0.01,41,58384,卖盘
803,14:16:27,14.25,-0.01,808,1151400,卖盘
804,14:16:24,14.26,0.01,26,37076,买盘
805,14:16:21,14.25,-0.01,56,79800,卖盘
806,14:16:18,14.26,--,21,29946,买盘
807,14:16:15,14.26,--,6,8556,买盘
808,14:16:12,14.26,--,59,84134,买盘
809,14:16:09,14.26,--,60,85560,买盘
810,14:16:06,14.26,--,442,630292,买盘
811,14:16:03,14.26,0.01,504,718704,买盘
812,14:16:00,14.25,--,16,22800,卖盘
813,14:15:57,14.25,--,518,738150,卖盘
814,14:15:54,14.25,-0.01,528,752400,卖盘
815,14:15:51,14.26,--,8,11408,买盘
816,14:15:48,14.26,--,87,124062,买盘
817,14:15:45,14.26,0.01,8,11408,买盘
818,14:15:42,14.25,-0.01,274,390450,卖盘
819,14:15:39,14.26,0.01,59,84134,买盘
820,14:15:33,14.25,-0.01,130,185250,卖盘
821,14:15:30,14.26,0.01,26,37076,买盘
822,14:15:27,14.25,--,104,148200,卖盘
823,14:15:24,14.25,--,69,98325,卖盘
824,14:15:21,14.25,-0.01,21,29925,卖盘
825,14:15:18,14.26,--,1432,2042032,买盘
826,14:15:15,14.26,0.01,59,84134,买盘
827,14:15:12,14.25,--,193,275025,卖盘
828,14:15:09,14.25,-0.01,7,9975,卖盘
829,14:15:06,14.26,0.01,81,115506,买盘
830,14:15:03,14.25,--,148,210900,卖盘
831,14:15:00,14.25,--,547,779475,卖盘
832,14:14:57,14.25,-0.01,20,28500,卖盘
833,14:14:54,14.26,0.01,58,82708,买盘
834,14:14:51,14.25,--,50,71250,卖盘
835,14:14:48,14.25,--,33,47025,卖盘
836,14:14:45,14.25,-0.01,19,27075,卖盘
837,14:14:39,14.26,--,38,54188,买盘
838,14:14:36,14.26,-0.01,358,511648,卖盘
839,14:14:33,14.27,--,49,69923,买盘
840,14:14:30,14.27,0.01,174,248583,买盘
841,14:14:27,14.26,--,34,48484,卖盘
842,14:14:24,14.26,--,34,48484,卖盘
843,14:14:21,14.26,--,65,92690,卖盘
844,14:14:18,14.26,--,75,106950,卖盘
845,14:14:15,14.26,-0.01,33,47058,卖盘
846,14:14:12,14.27,0.01,114,162678,买盘
847,14:14:09,14.26,--,47,67022,买盘
848,14:14:03,14.26,--,518,738668,买盘
849,14:14:00,14.26,-0.01,187,266662,卖盘
850,14:13:57,14.27,0.01,905,1291435,买盘
851,14:13:54,14.26,--,19,27094,卖盘
852,14:13:51,14.26,-0.01,1,1426,卖盘
853,14:13:48,14.27,0.01,76,108452,买盘
854,14:13:45,14.26,-0.01,109,155434,卖盘
855,14:13:42,14.27,0.02,38,54226,买盘
856,14:13:39,14.25,-0.02,94,133950,卖盘
857,14:13:36,14.27,0.02,87,124149,买盘
858,14:13:33,14.25,-0.02,1,1425,卖盘
859,14:13:30,14.27,0.02,603,860481,买盘
860,14:13:27,14.25,--,145,206625,卖盘
861,14:13:24,14.25,-0.01,91,129675,卖盘
862,14:13:21,14.26,--,15,21390,买盘
863,14:13:18,14.26,--,185,263810,买盘
864,14:13:12,14.26,0.01,74,105524,买盘
865,14:13:09,14.25,--,2,2850,卖盘
866,14:13:06,14.25,--,30,42750,卖盘
867,14:13:03,14.25,--,104,148200,买盘
868,14:13:00,14.25,-0.01,101,143925,买盘
869,14:12:57,14.26,--,42,59892,买盘
870,14:12:51,14.26,0.03,31,44206,买盘
871,14:12:48,14.23,-0.03,503,715769,卖盘
872,14:12:45,14.26,0.01,5,7130,买盘
873,14:12:42,14.25,-0.01,304,433200,卖盘
874,14:12:39,14.26,--,53,75578,买盘
875,14:12:36,14.26,--,29,41354,买盘
876,14:12:33,14.26,--,50,71300,买盘
877,14:12:30,14.26,--,1,1426,买盘
878,14:12:27,14.26,--,16,22816,买盘
879,14:12:24,14.26,--,631,899806,买盘
880,14:12:21,14.26,--,56,79856,买盘
881,14:12:18,14.26,--,41,58466,买盘
882,14:12:15,14.26,--,24,34224,买盘
883,14:12:12,14.26,--,91,129766,卖盘
884,14:12:09,14.26,--,245,349370,卖盘
885,14:12:06,14.26,0.01,200,285200,买盘
886,14:12:03,14.25,0.01,24,34200,中性盘
887,14:12:00,14.24,-0.02,4,5696,卖盘
888,14:11:57,14.26,--,21,29946,买盘
889,14:11:54,14.26,0.03,21,29946,买盘
890,14:11:51,14.23,-0.01,73,105245,卖盘
891,14:11:48,14.24,--,117,166608,买盘
892,14:11:45,14.24,--,54,76896,买盘
893,14:11:42,14.24,--,7,9968,买盘
894,14:11:39,14.24,--,88,125312,买盘
895,14:11:36,14.24,--,601,855824,买盘
896,14:11:33,14.24,--,206,293344,买盘
897,14:11:30,14.24,-0.02,565,804616,卖盘
898,14:11:27,14.26,--,5,7130,卖盘
899,14:11:24,14.26,-0.01,861,1227786,卖盘
900,14:11:21,14.27,0.01,22,31394,买盘
901,14:11:18,14.26,--,270,385020,卖盘
902,14:11:15,14.26,--,193,275218,卖盘
903,14:11:12,14.26,0.02,2959,4220902,买盘
904,14:11:09,14.24,-0.01,12,17088,买盘
905,14:11:06,14.25,0.01,646,920550,买盘
906,14:11:03,14.24,--,8,11392,卖盘
907,14:11:00,14.24,--,21,29904,卖盘
908,14:10:57,14.24,-0.01,24,34176,卖盘
909,14:10:54,14.25,--,4,5700,买盘
910,14:10:51,14.25,--,21,29925,买盘
911,14:10:48,14.25,--,90,128250,买盘
912,14:10:45,14.25,--,91,129675,买盘
913,14:10:42,14.25,--,22,31350,买盘
914,14:10:39,14.25,--,6,8550,买盘
915,14:10:36,14.25,--,54,76950,买盘
916,14:10:33,14.25,--,27,38475,买盘
917,14:10:30,14.25,-0.01,11,15675,卖盘
918,14:10:27,14.26,0.01,165,235860,买盘
919,14:10:24,14.25,--,182,259350,卖盘
920,14:10:21,14.25,--,10,14250,卖盘
921,14:10:18,14.25,--,8,11400,卖盘
922,14:10:15,14.25,0.01,3714,5293305,买盘
923,14:10:12,14.24,--,10,14240,买盘
924,14:10:09,14.24,--,487,693488,买盘
925,14:10:06,14.24,--,56,79744,买盘
926,14:10:03,14.24,--,53,75472,买盘
927,14:10:00,14.24,--,10,14240,买盘
928,14:09:57,14.24,--,172,244928,卖盘
929,14:09:54,14.24,--,13,18512,卖盘
930,14:09:51,14.24,--,13,18512,卖盘
931,14:09:48,14.24,--,244,347456,卖盘
932,14:09:45,14.24,--,193,274832,卖盘
933,14:09:39,14.24,--,70,99680,卖盘
934,14:09:36,14.24,-0.01,97,138128,卖盘
935,14:09:33,14.25,--,41,58425,买盘
936,14:09:30,14.25,0.01,15,21375,买盘
937,14:09:27,14.24,-0.01,370,526880,卖盘
938,14:09:24,14.25,--,216,307800,买盘
939,14:09:21,14.25,--,87,123975,买盘
940,14:09:18,14.25,--,21,29925,买盘
941,14:09:15,14.25,--,146,208050,买盘
942,14:09:12,14.25,--,3,4275,买盘
943,14:09:09,14.25,--,455,648375,买盘
944,14:09:06,14.25,--,65,92625,买盘
945,14:09:03,14.25,--,1,1425,买盘
946,14:09:00,14.25,0.03,6,8550,买盘
947,14:08:57,14.22,--,2,2844,卖盘
948,14:08:54,14.22,-0.01,71,100962,卖盘
949,14:08:51,14.23,-0.02,544,774112,卖盘
950,14:08:48,14.25,--,96,136800,买盘
951,14:08:45,14.25,0.02,286,407550,买盘
952,14:08:42,14.23,-0.01,111,157953,卖盘
953,14:08:39,14.24,--,111,158064,卖盘
954,14:08:36,14.24,--,31,44144,买盘
955,14:08:33,14.24,0.01,293,417232,买盘
956,14:08:30,14.23,--,185,263255,卖盘
957,14:08:27,14.23,--,7,9961,卖盘
958,14:08:24,14.23,--,111,157953,买盘
959,14:08:21,14.23,--,21,29883,买盘
960,14:08:18,14.23,--,154,219142,买盘
961,14:08:15,14.23,0.01,139,197797,买盘
962,14:08:12,14.22,--,694,986868,卖盘
963,14:08:09,14.22,-0.01,9,12798,卖盘
964,14:08:06,14.23,0.01,5,7115,买盘
965,14:08:03,14.22,--,30,42660,卖盘
966,14:08:00,14.22,0.01,396,564249,买盘
967,14:07:57,14.21,-0.01,51,72471,卖盘
968,14:07:54,14.22,--,28,39816,买盘
969,14:07:51,14.22,--,76,108072,买盘
970,14:07:48,14.22,0.01,90,127980,买盘
971,14:07:45,14.21,-0.01,229,325409,卖盘
972,14:07:42,14.22,--,357,507654,买盘
973,14:07:39,14.22,0.01,58,82476,买盘
974,14:07:36,14.21,-0.01,128,181888,卖盘
975,14:07:33,14.22,0.01,391,556002,买盘
976,14:07:30,14.21,-0.01,93,132153,卖盘
977,14:07:27,14.22,0.01,142,201924,买盘
978,14:07:24,14.21,0.01,2,2842,买盘
979,14:07:21,14.2,-0.02,7,9940,卖盘
980,14:07:18,14.22,--,18,25596,买盘
981,14:07:15,14.22,--,192,273024,买盘
982,14:07:12,14.22,--,740,1052280,买盘
983,14:07:09,14.22,--,44,62568,买盘
984,14:07:06,14.22,--,113,160686,买盘
985,14:07:03,14.22,0.01,4,5688,买盘
986,14:06:57,14.21,-0.01,61,86681,卖盘
987,14:06:54,14.22,--,324,460728,买盘
988,14:06:51,14.22,0.01,29,41238,买盘
989,14:06:48,14.21,0.01,5,7105,中性盘
990,14:06:42,14.2,--,471,669941,卖盘
991,14:06:39,14.2,-0.01,302,428840,卖盘
992,14:06:36,14.21,--,114,161994,买盘
993,14:06:33,14.21,0.01,98,139258,买盘
994,14:06:30,14.2,-0.01,36,51120,卖盘
995,14:06:27,14.21,0.01,57,80997,买盘
996,14:06:24,14.2,--,60,85200,卖盘
997,14:06:21,14.2,-0.01,24,34080,卖盘
998,14:06:18,14.21,0.01,1190,1692069,买盘
999,14:06:12,14.2,0.01,171,242820,买盘
1000,14:06:09,14.19,--,98,139062,卖盘
1001,14:06:06,14.19,--,44,62436,卖盘
1002,14:06:03,14.19,--,50,70950,卖盘
1003,14:06:00,14.19,--,43,61017,卖盘
1004,14:05:57,14.19,--,15,21285,卖盘
1005,14:05:54,14.19,--,592,840048,买盘
1006,14:05:51,14.19,--,4,5676,买盘
1007,14:05:48,14.19,--,24,34056,买盘
1008,14:05:45,14.19,0.01,1,1419,买盘
1009,14:05:42,14.18,-0.01,12,17016,卖盘
1010,14:05:39,14.19,--,158,224202,买盘
1011,14:05:36,14.19,0.01,80,113520,买盘
1012,14:05:33,14.18,--,20,28360,卖盘
1013,14:05:30,14.18,--,77,109186,卖盘
1014,14:05:27,14.18,--,29,42341,买盘
1015,14:05:24,14.18,-0.01,209,296560,卖盘
1016,14:05:18,14.19,0.02,293,416987,买盘
1017,14:05:15,14.17,-0.01,10,14170,卖盘
1018,14:05:12,14.18,--,16,22688,买盘
1019,14:05:09,14.18,--,1,1418,买盘
1020,14:05:06,14.18,--,354,502170,卖盘
1021,14:05:03,14.18,--,37,52466,卖盘
1022,14:05:00,14.18,--,92,130456,卖盘
1023,14:04:57,14.18,--,25,35875,卖盘
1024,14:04:54,14.18,--,273,387468,卖盘
1025,14:04:51,14.18,--,112,158816,卖盘
1026,14:04:48,14.18,--,150,212700,卖盘
1027,14:04:45,14.18,-0.01,24,34032,卖盘
1028,14:04:42,14.19,--,5,7095,买盘
1029,14:04:39,14.19,--,392,556248,买盘
1030,14:04:36,14.19,--,49,69970,买盘
1031,14:04:33,14.19,0.01,56,79464,买盘
1032,14:04:30,14.18,--,10,14180,卖盘
1033,14:04:24,14.18,-0.01,255,361590,卖盘
1034,14:04:21,14.19,--,11,15609,卖盘
1035,14:04:18,14.19,--,264,374616,买盘
1036,14:04:15,14.19,--,4,5676,买盘
1037,14:04:12,14.19,--,10,14190,买盘
1038,14:04:09,14.19,-0.01,395,560505,卖盘
1039,14:04:06,14.2,--,266,377720,买盘
1040,14:04:03,14.2,--,2,2840,买盘
1041,14:04:00,14.2,--,20,28400,买盘
1042,14:03:57,14.2,--,27,38340,买盘
1043,14:03:54,14.2,--,2,2840,买盘
1044,14:03:51,14.2,--,109,154780,买盘
1045,14:03:48,14.2,--,30,42600,买盘
1046,14:03:45,14.2,--,1,1420,买盘
1047,14:03:42,14.2,--,67,95140,买盘
1048,14:03:39,14.2,--,92,131832,卖盘
1049,14:03:36,14.2,--,136,193120,卖盘
1050,14:03:33,14.2,-0.01,81,115020,卖盘
1051,14:03:30,14.21,-0.01,24,34402,卖盘
1052,14:03:27,14.22,0.01,217,308574,买盘
1053,14:03:24,14.21,--,3,4263,卖盘
1054,14:03:21,14.21,--,343,488525,买盘
1055,14:03:18,14.21,--,5,7105,买盘
1056,14:03:15,14.21,0.01,15,21542,买盘
1057,14:03:12,14.2,--,112,160232,卖盘
1058,14:03:09,14.2,-0.01,17,24140,卖盘
1059,14:03:06,14.21,0.01,324,460404,买盘
1060,14:03:03,14.2,-0.01,201,285420,卖盘
1061,14:03:00,14.21,0.01,150,213150,买盘
1062,14:02:57,14.2,--,267,379140,卖盘
1063,14:02:54,14.2,-0.01,29,41180,卖盘
1064,14:02:51,14.21,0.01,11,15631,买盘
1065,14:02:45,14.2,-0.01,3,4260,卖盘
1066,14:02:42,14.21,--,3,4263,买盘
1067,14:02:36,14.21,--,47,66787,买盘
1068,14:02:33,14.21,--,114,161994,买盘
1069,14:02:30,14.21,--,28,39788,买盘
1070,14:02:27,14.21,--,25,35525,买盘
1071,14:02:24,14.21,--,137,194677,买盘
1072,14:02:21,14.21,--,467,663607,买盘
1073,14:02:18,14.21,0.01,21,29841,买盘
1074,14:02:15,14.2,-0.01,20,28400,卖盘
1075,14:02:12,14.21,0.01,40,56840,买盘
1076,14:02:09,14.2,--,67,95140,卖盘
1077,14:02:06,14.2,--,49,69580,卖盘
1078,14:02:03,14.2,-0.01,80,113600,卖盘
1079,14:02:00,14.21,0.01,1,1421,买盘
1080,14:01:57,14.2,-0.01,44,62480,卖盘
1081,14:01:54,14.21,--,6,8526,买盘
1082,14:01:51,14.21,0.01,116,165063,买盘
1083,14:01:48,14.2,--,11,15620,买盘
1084,14:01:45,14.2,--,113,160460,买盘
1085,14:01:42,14.2,--,9,12780,买盘
1086,14:01:39,14.2,--,160,227285,卖盘
1087,14:01:36,14.2,-0.01,162,230040,卖盘
1088,14:01:33,14.21,0.01,81,115101,买盘
1089,14:01:30,14.2,--,111,157620,卖盘
1090,14:01:27,14.2,--,14,19880,卖盘
1091,14:01:24,14.2,0.01,198,282494,买盘
1092,14:01:21,14.19,--,47,66693,卖盘
1093,14:01:18,14.19,--,7,9933,卖盘
1094,14:01:15,14.19,-0.01,60,85140,卖盘
1095,14:01:12,14.2,--,2,2840,买盘
1096,14:01:09,14.2,0.01,24,34080,买盘
1097,14:01:06,14.19,--,6,8514,卖盘
1098,14:01:03,14.19,--,143,202917,卖盘
1099,14:01:00,14.19,-0.01,7,9933,卖盘
1100,14:00:57,14.2,--,1,1420,买盘
1101,14:00:54,14.2,--,78,110760,卖盘
1102,14:00:51,14.2,--,105,149100,买盘
1103,14:00:48,14.2,0.01,12,17040,买盘
1104,14:00:45,14.19,-0.01,69,97911,卖盘
1105,14:00:42,14.2,--,528,750342,买盘
1106,14:00:39,14.2,0.01,29,41180,买盘
1107,14:00:36,14.19,-0.01,29,41151,卖盘
1108,14:00:33,14.2,--,53,75260,买盘
1109,14:00:30,14.2,--,178,253597,卖盘
1110,14:00:27,14.2,--,45,63900,卖盘
1111,14:00:24,14.2,0.01,281,399602,买盘
1112,14:00:21,14.19,-0.01,20,28380,卖盘
1113,14:00:15,14.2,0.01,1,1420,买盘
1114,14:00:12,14.19,--,15,21285,卖盘
1115,14:00:09,14.19,-0.01,9,12771,卖盘
1116,14:00:06,14.2,0.01,142,201640,买盘
1117,14:00:03,14.19,--,32,45408,卖盘
1118,14:00:00,14.19,-0.02,96,137061,卖盘
1119,13:59:54,14.21,--,138,196098,买盘
1120,13:59:51,14.21,0.01,35,49735,买盘
1121,13:59:48,14.2,-0.01,31,44020,卖盘
1122,13:59:45,14.21,--,21,29841,买盘
1123,13:59:42,14.21,--,15,21315,买盘
1124,13:59:39,14.21,--,121,172026,卖盘
1125,13:59:36,14.21,-0.01,23,32683,卖盘
1126,13:59:33,14.22,0.01,51,72522,买盘
1127,13:59:30,14.21,--,44,62524,卖盘
1128,13:59:27,14.21,--,306,436161,买盘
1129,13:59:24,14.21,0.01,135,191835,买盘
1130,13:59:21,14.2,--,266,377805,卖盘
1131,13:59:18,14.2,--,26,36920,卖盘
1132,13:59:12,14.2,0.02,355,505434,买盘
1133,13:59:06,14.18,--,25,35450,卖盘
1134,13:59:03,14.18,--,5,7090,卖盘
1135,13:59:00,14.18,--,458,649444,买盘
1136,13:58:57,14.18,--,167,236806,买盘
1137,13:58:54,14.18,--,146,207028,买盘
1138,13:58:51,14.18,--,13,18434,买盘
1139,13:58:48,14.18,0.01,162,229716,买盘
1140,13:58:45,14.17,--,77,109109,卖盘
1141,13:58:42,14.17,--,89,126113,买盘
1142,13:58:39,14.17,--,207,293319,买盘
1143,13:58:36,14.17,--,1,1417,买盘
1144,13:58:33,14.17,0.01,117,165789,买盘
1145,13:58:30,14.16,-0.01,271,383736,中性盘
1146,13:58:27,14.17,0.02,116,164372,买盘
1147,13:58:24,14.15,-0.02,19,26885,卖盘
1148,13:58:21,14.17,0.02,58,82186,买盘
1149,13:58:18,14.15,-0.01,21,29715,卖盘
1150,13:58:15,14.16,0.01,46,65136,买盘
1151,13:58:12,14.15,0.03,140,198100,卖盘
1152,13:58:09,14.12,-0.04,2940,4151844,卖盘
1153,13:58:06,14.16,0.01,40,56640,中性盘
1154,13:58:03,14.15,--,83,117445,卖盘
1155,13:58:00,14.15,--,408,577320,买盘
1156,13:57:57,14.15,--,803,1136245,卖盘
1157,13:57:54,14.15,--,88,124520,卖盘
1158,13:57:51,14.15,--,61,86315,卖盘
1159,13:57:48,14.15,--,520,735800,卖盘
1160,13:57:45,14.15,--,8,11320,卖盘
1161,13:57:42,14.15,0.01,557,788155,买盘
1162,13:57:39,14.14,-0.01,95,134330,卖盘
1163,13:57:36,14.15,--,59,83485,买盘
1164,13:57:33,14.15,-0.02,392,554680,卖盘
1165,13:57:30,14.17,0.02,308,436436,买盘
1166,13:57:27,14.15,-0.02,363,513645,卖盘
1167,13:57:24,14.17,0.02,15,21255,买盘
1168,13:57:21,14.15,--,63,89145,卖盘
1169,13:57:18,14.15,-0.03,2184,3090360,卖盘
1170,13:57:15,14.18,--,1,1418,买盘
1171,13:57:12,14.18,0.01,74,104932,买盘
1172,13:57:09,14.17,--,68,96356,卖盘
1173,13:57:06,14.17,--,76,107692,卖盘
1174,13:57:03,14.17,--,81,114777,卖盘
1175,13:57:00,14.17,-0.01,125,177125,卖盘
1176,13:56:57,14.18,0.01,8,11344,买盘
1177,13:56:54,14.17,--,408,578136,卖盘
1178,13:56:51,14.17,--,2,2834,卖盘
1179,13:56:48,14.17,0.01,512,725504,买盘
1180,13:56:45,14.16,-0.01,25,35400,卖盘
1181,13:56:42,14.17,0.01,22,31174,买盘
1182,13:56:39,14.16,-0.01,29,41064,卖盘
1183,13:56:36,14.17,--,57,80769,买盘
1184,13:56:33,14.17,--,868,1229956,卖盘
1185,13:56:30,14.17,-0.01,26,36842,卖盘
1186,13:56:27,14.18,--,7,9926,买盘
1187,13:56:24,14.18,-0.02,514,728852,卖盘
1188,13:56:21,14.2,0.02,123,174660,买盘
1189,13:56:15,14.18,-0.02,1613,2287234,卖盘
1190,13:56:06,14.2,0.02,1310,1860200,买盘
1191,13:56:03,14.18,0.01,432,612576,买盘
1192,13:56:00,14.17,-0.01,21,29757,卖盘
1193,13:55:57,14.18,--,102,144636,买盘
1194,13:55:54,14.18,--,20,28360,买盘
1195,13:55:51,14.18,-0.03,4580,6494440,卖盘
1196,13:55:48,14.21,--,151,214571,卖盘
1197,13:55:45,14.21,--,250,355250,卖盘
1198,13:55:42,14.21,-0.01,6,8526,卖盘
1199,13:55:39,14.22,0.01,6,8532,买盘
1200,13:55:36,14.21,--,20,28420,卖盘
1201,13:55:33,14.21,--,530,753130,买盘
1202,13:55:30,14.21,0.01,44,62524,买盘
1203,13:55:27,14.2,-0.01,11,15620,卖盘
1204,13:55:24,14.21,--,634,900914,买盘
1205,13:55:21,14.21,--,15,21315,买盘
1206,13:55:18,14.21,--,118,167678,买盘
1207,13:55:15,14.21,--,59,83839,买盘
1208,13:55:12,14.21,--,53,75313,买盘
1209,13:55:06,14.21,-0.01,11,15631,卖盘
1210,13:55:03,14.22,0.01,97,137934,买盘
1211,13:55:00,14.21,-0.01,538,764498,卖盘
1212,13:54:57,14.22,--,144,204768,买盘
1213,13:54:54,14.22,0.01,341,484902,买盘
1214,13:54:51,14.21,-0.01,128,181888,卖盘
1215,13:54:48,14.22,0.01,17,24174,买盘
1216,13:54:42,14.21,-0.01,29,41209,卖盘
1217,13:54:39,14.22,0.01,8,11376,买盘
1218,13:54:36,14.21,-0.01,470,667870,卖盘
1219,13:54:33,14.22,--,40,56880,买盘
1220,13:54:30,14.22,0.01,72,102384,买盘
1221,13:54:27,14.21,-0.01,2,2842,卖盘
1222,13:54:24,14.22,0.01,26,36972,买盘
1223,13:54:21,14.21,-0.01,291,413511,卖盘
1224,13:54:18,14.22,0.01,2,2844,买盘
1225,13:54:15,14.21,-0.01,34,48314,卖盘
1226,13:54:12,14.22,0.01,52,73944,买盘
1227,13:54:09,14.21,-0.01,35,49735,卖盘
1228,13:54:06,14.22,--,16,22752,买盘
1229,13:54:03,14.22,0.01,11,15642,买盘
1230,13:54:00,14.21,-0.01,70,99470,卖盘
1231,13:53:57,14.22,--,19,27018,买盘
1232,13:53:54,14.22,0.01,1,1422,买盘
1233,13:53:51,14.21,--,124,176204,卖盘
1234,13:53:48,14.21,-0.01,77,109417,卖盘
1235,13:53:45,14.22,--,6,8532,买盘
1236,13:53:42,14.22,0.01,15,21330,买盘
1237,13:53:39,14.21,-0.01,374,531454,卖盘
1238,13:53:36,14.22,0.01,66,93852,买盘
1239,13:53:33,14.21,--,192,272832,卖盘
1240,13:53:30,14.21,--,60,85260,卖盘
1241,13:53:27,14.21,--,207,294147,卖盘
1242,13:53:24,14.21,-0.01,2,2842,卖盘
1243,13:53:21,14.22,0.01,10,14220,买盘
1244,13:53:18,14.21,--,27,38367,卖盘
1245,13:53:15,14.21,--,19,26999,卖盘
1246,13:53:12,14.21,--,439,623819,卖盘
1247,13:53:09,14.21,-0.01,104,147784,卖盘
1248,13:53:06,14.22,--,12,17064,买盘
1249,13:53:03,14.22,0.01,62,88164,买盘
1250,13:53:00,14.21,-0.01,41,58261,卖盘
1251,13:52:57,14.22,--,114,162108,买盘
1252,13:52:54,14.22,--,21,29862,买盘
1253,13:52:51,14.22,--,79,112338,买盘
1254,13:52:48,14.22,--,369,524718,买盘
1255,13:52:45,14.22,0.01,409,581598,买盘
1256,13:52:42,14.21,-0.01,13,18473,卖盘
1257,13:52:39,14.22,0.01,323,459306,买盘
1258,13:52:36,14.21,-0.01,10,14210,卖盘
1259,13:52:33,14.22,0.02,99,140778,买盘
1260,13:52:30,14.2,--,34,48280,卖盘
1261,13:52:24,14.2,--,8,11360,卖盘
1262,13:52:21,14.2,--,148,210160,买盘
1263,13:52:18,14.2,0.01,33,46860,买盘
1264,13:52:15,14.19,-0.01,115,163185,卖盘
1265,13:52:12,14.2,0.01,31,44020,中性盘
1266,13:52:09,14.19,-0.01,382,542058,卖盘
1267,13:52:06,14.2,0.01,901,1279420,买盘
1268,13:52:03,14.19,--,135,191565,卖盘
1269,13:52:00,14.19,--,132,187308,卖盘
1270,13:51:57,14.19,-0.01,490,695310,卖盘
1271,13:51:54,14.2,--,32,45440,卖盘
1272,13:51:51,14.2,--,67,95140,买盘
1273,13:51:48,14.2,0.01,8,11360,买盘
1274,13:51:45,14.19,--,324,459756,卖盘
1275,13:51:42,14.19,-0.01,1152,1634688,卖盘
1276,13:51:36,14.2,0.01,1,1420,买盘
1277,13:51:33,14.19,--,30,42570,卖盘
1278,13:51:30,14.19,--,64,91028,买盘
1279,13:51:27,14.19,--,35,49665,买盘
1280,13:51:24,14.19,--,153,217107,买盘
1281,13:51:21,14.19,--,143,202917,买盘
1282,13:51:18,14.19,--,433,614781,卖盘
1283,13:51:15,14.19,-0.01,2,2838,卖盘
1284,13:51:12,14.2,--,94,133480,买盘
1285,13:51:09,14.2,0.01,152,215840,买盘
1286,13:51:06,14.19,-0.01,50,70950,卖盘
1287,13:51:03,14.2,0.01,128,181760,买盘
1288,13:51:00,14.19,--,34,48246,卖盘
1289,13:50:57,14.19,-0.01,220,312180,卖盘
1290,13:50:51,14.2,--,249,353580,买盘
1291,13:50:48,14.2,--,18,25560,买盘
1292,13:50:45,14.2,--,34,48280,买盘
1293,13:50:42,14.2,0.01,506,718520,买盘
1294,13:50:39,14.19,--,129,183051,卖盘
1295,13:50:36,14.19,--,65,92235,卖盘
1296,13:50:33,14.19,-0.01,32,45408,卖盘
1297,13:50:30,14.2,--,63,89460,买盘
1298,13:50:27,14.2,--,1290,1831800,卖盘
1299,13:50:24,14.2,-0.01,5,7100,卖盘
1300,13:50:21,14.21,--,45,63945,买盘
1301,13:50:18,14.21,-0.01,374,531454,卖盘
1302,13:50:15,14.22,--,34,48348,买盘
1303,13:50:12,14.22,--,31,44082,买盘
1304,13:50:09,14.22,--,257,365454,卖盘
1305,13:50:06,14.22,--,46,65412,卖盘
1306,13:50:03,14.22,--,87,123714,卖盘
1307,13:50:00,14.22,-0.01,83,118026,卖盘
1308,13:49:57,14.23,0.01,4,5692,买盘
1309,13:49:51,14.22,-0.01,4,5688,卖盘
1310,13:49:48,14.23,--,57,81111,卖盘
1311,13:49:45,14.23,--,463,658849,卖盘
1312,13:49:42,14.23,0.01,79,112417,卖盘
1313,13:49:39,14.22,-0.01,214,304308,卖盘
1314,13:49:36,14.23,--,207,294561,卖盘
1315,13:49:33,14.23,-0.01,24,34152,卖盘
1316,13:49:30,14.24,0.01,159,226416,买盘
1317,13:49:27,14.23,--,24,34152,卖盘
1318,13:49:24,14.23,--,22,31306,卖盘
1319,13:49:21,14.23,-0.01,45,64035,卖盘
1320,13:49:18,14.24,--,1,1424,买盘
1321,13:49:15,14.24,--,115,163760,买盘
1322,13:49:12,14.24,0.01,57,81168,买盘
1323,13:49:09,14.23,-0.01,21,29883,卖盘
1324,13:49:06,14.24,--,85,121040,买盘
1325,13:49:03,14.24,--,146,207904,卖盘
1326,13:49:00,14.24,-0.01,331,471344,卖盘
1327,13:48:57,14.25,--,527,750975,买盘
1328,13:48:54,14.25,--,3,4275,买盘
1329,13:48:51,14.25,0.01,32,45600,买盘
1330,13:48:48,14.24,-0.01,53,75472,卖盘
1331,13:48:45,14.25,0.01,469,668325,买盘
1332,13:48:42,14.24,-0.01,28,39872,卖盘
1333,13:48:36,14.25,0.01,12,17100,买盘
1334,13:48:33,14.24,-0.01,170,242080,卖盘
1335,13:48:30,14.25,--,39,55575,买盘
1336,13:48:27,14.25,--,74,105450,买盘
1337,13:48:21,14.25,0.01,148,210900,买盘
1338,13:48:18,14.24,-0.01,20,28480,卖盘
1339,13:48:12,14.25,--,27,38475,买盘
1340,13:48:09,14.25,--,10,14250,买盘
1341,13:48:06,14.25,--,65,92625,卖盘
1342,13:48:03,14.25,--,17,24225,卖盘
1343,13:48:00,14.25,--,129,183825,卖盘
1344,13:47:54,14.25,-0.01,42,59850,卖盘
1345,13:47:51,14.26,0.01,368,524768,买盘
1346,13:47:48,14.25,--,456,649800,买盘
1347,13:47:45,14.25,--,11,15675,买盘
1348,13:47:39,14.25,--,331,471675,卖盘
1349,13:47:36,14.25,-0.01,19,27075,卖盘
1350,13:47:33,14.26,0.01,100,142600,买盘
1351,13:47:30,14.25,--,364,518700,卖盘
1352,13:47:27,14.25,-0.01,191,272175,卖盘
1353,13:47:24,14.26,--,75,106950,买盘
1354,13:47:21,14.26,--,60,85560,买盘
1355,13:47:18,14.26,--,35,49910,买盘
1356,13:47:09,14.26,--,26,37076,买盘
1357,13:47:06,14.26,--,263,375038,买盘
1358,13:47:00,14.26,-0.01,314,447764,卖盘
1359,13:46:57,14.27,0.01,489,697803,买盘
1360,13:46:54,14.26,--,20,28520,卖盘
1361,13:46:51,14.26,-0.01,495,705870,卖盘
1362,13:46:48,14.27,0.01,84,119868,买盘
1363,13:46:45,14.26,--,57,81282,卖盘
1364,13:46:42,14.26,--,177,252402,卖盘
1365,13:46:39,14.26,--,8,11408,卖盘
1366,13:46:36,14.26,-0.01,34,48484,卖盘
1367,13:46:33,14.27,0.01,48,68496,买盘
1368,13:46:30,14.26,--,89,126914,卖盘
1369,13:46:27,14.26,-0.01,330,470580,卖盘
1370,13:46:21,14.27,-0.01,2,2854,买盘
1371,13:46:18,14.28,0.01,200,285600,买盘
1372,13:46:15,14.27,--,1,1427,买盘
1373,13:46:12,14.27,-0.01,94,134138,卖盘
1374,13:46:09,14.28,--,360,514080,买盘
1375,13:46:06,14.28,0.01,1,1428,买盘
1376,13:46:03,14.27,-0.01,6,8562,卖盘
1377,13:46:00,14.28,--,492,702576,买盘
1378,13:45:57,14.28,--,29,41412,买盘
1379,13:45:54,14.28,0.01,19,27132,买盘
1380,13:45:51,14.27,-0.01,121,172667,卖盘
1381,13:45:48,14.28,0.01,13,18564,买盘
1382,13:45:45,14.27,-0.01,101,144127,卖盘
1383,13:45:42,14.28,0.01,74,105672,买盘
1384,13:45:39,14.27,--,196,280405,买盘
1385,13:45:36,14.27,--,12,17124,买盘
1386,13:45:33,14.27,--,79,112733,买盘
1387,13:45:30,14.27,0.01,76,108452,买盘
1388,13:45:27,14.26,-0.01,454,647404,卖盘
1389,13:45:24,14.27,--,40,57080,买盘
1390,13:45:21,14.27,--,38,54226,买盘
1391,13:45:18,14.27,--,30,42810,买盘
1392,13:45:15,14.27,--,1000,1427000,买盘
1393,13:45:12,14.27,--,2,2854,买盘
1394,13:45:09,14.27,-0.01,790,1127330,卖盘
1395,13:45:06,14.28,--,48,68544,买盘
1396,13:45:03,14.28,--,345,492660,买盘
1397,13:45:00,14.28,0.01,87,124236,买盘
1398,13:44:57,14.27,--,58,82766,卖盘
1399,13:44:54,14.27,--,237,338199,卖盘
1400,13:44:48,14.27,-0.01,50,71350,卖盘
1401,13:44:45,14.28,--,32,45696,买盘
1402,13:44:42,14.28,--,284,405552,买盘
1403,13:44:39,14.28,--,615,878220,买盘
1404,13:44:36,14.28,0.01,1,1428,买盘
1405,13:44:33,14.27,--,20,28540,卖盘
1406,13:44:30,14.27,-0.01,132,188364,卖盘
1407,13:44:27,14.28,0.01,24,34272,买盘
1408,13:44:24,14.27,-0.01,531,757737,卖盘
1409,13:44:21,14.28,0.01,43,61404,买盘
1410,13:44:18,14.27,-0.01,228,325356,卖盘
1411,13:44:15,14.28,0.01,17,24276,买盘
1412,13:44:12,14.27,-0.01,57,81339,卖盘
1413,13:44:09,14.28,--,348,496944,买盘
1414,13:44:06,14.28,0.01,142,202776,买盘
1415,13:44:03,14.27,--,516,736332,卖盘
1416,13:44:00,14.27,--,201,286827,卖盘
1417,13:43:57,14.27,-0.01,91,129857,卖盘
1418,13:43:54,14.28,0.01,558,796824,买盘
1419,13:43:51,14.27,-0.01,52,74204,卖盘
1420,13:43:48,14.28,--,20,28560,买盘
1421,13:43:45,14.28,0.01,18,25704,买盘
1422,13:43:42,14.27,-0.01,304,433808,卖盘
1423,13:43:39,14.28,0.01,294,419832,买盘
1424,13:43:36,14.27,-0.01,12,17124,卖盘
1425,13:43:33,14.28,--,119,169932,买盘
1426,13:43:30,14.28,--,139,198492,买盘
1427,13:43:27,14.28,--,45,64260,买盘
1428,13:43:24,14.28,-0.01,39,55692,卖盘
1429,13:43:21,14.29,0.01,5,7145,买盘
1430,13:43:18,14.28,--,1544,2204832,买盘
1431,13:43:15,14.28,--,307,438396,卖盘
1432,13:43:12,14.28,--,70,99960,买盘
1433,13:43:09,14.28,--,640,913920,买盘
1434,13:43:06,14.28,-0.01,312,445536,中性盘
1435,13:43:03,14.29,--,392,560168,买盘
1436,13:43:00,14.29,0.01,2573,3676817,买盘
1437,13:42:57,14.28,--,407,581196,买盘
1438,13:42:54,14.28,0.01,28,39984,买盘
1439,13:42:51,14.27,-0.01,361,515147,卖盘
1440,13:42:48,14.28,--,164,234192,买盘
1441,13:42:45,14.28,--,2,2856,买盘
1442,13:42:42,14.28,--,3388,4838578,买盘
1443,13:42:39,14.28,--,5,7140,买盘
1444,13:42:36,14.28,0.01,225,321300,买盘
1445,13:42:30,14.27,--,478,683019,买盘
1446,13:42:27,14.27,--,326,465202,买盘
1447,13:42:24,14.27,--,34,48518,买盘
1448,13:42:21,14.27,--,106,151262,买盘
1449,13:42:18,14.27,--,30,42810,买盘
1450,13:42:15,14.27,-0.02,5288,7546489,卖盘
1451,13:42:12,14.29,0.01,451,644479,买盘
1452,13:42:09,14.28,--,174,248472,卖盘
1453,13:42:06,14.28,--,442,631176,卖盘
1454,13:42:03,14.28,--,11,15708,卖盘
1455,13:42:00,14.28,0.01,413,590677,买盘
1456,13:41:57,14.27,--,16,22832,卖盘
1457,13:41:54,14.27,0.02,30,42810,卖盘
1458,13:41:51,14.25,-0.02,112,159600,卖盘
1459,13:41:48,14.27,--,114,162678,买盘
1460,13:41:45,14.27,0.01,387,552249,买盘
1461,13:41:42,14.26,-0.01,281,400706,卖盘
1462,13:41:39,14.27,--,644,918988,买盘
1463,13:41:36,14.27,-0.01,409,583643,卖盘
1464,13:41:33,14.28,0.01,104,148512,买盘
1465,13:41:30,14.27,--,543,774861,买盘
1466,13:41:27,14.27,--,128,182656,买盘
1467,13:41:24,14.27,-0.01,747,1066825,卖盘
1468,13:41:21,14.28,0.01,42,59976,买盘
1469,13:41:18,14.27,--,2560,3653120,卖盘
1470,13:41:15,14.27,--,413,589351,卖盘
1471,13:41:12,14.27,--,234,333918,卖盘
1472,13:41:09,14.27,--,96,136992,卖盘
1473,13:41:06,14.27,0.01,754,1076528,买盘
1474,13:41:03,14.26,--,181,258106,买盘
1475,13:41:00,14.26,--,276,393576,买盘
1476,13:40:57,14.26,--,56,79856,买盘
1477,13:40:54,14.26,-0.01,28,39928,卖盘
1478,13:40:51,14.27,--,15,21405,买盘
1479,13:40:48,14.27,--,386,551678,卖盘
1480,13:40:45,14.27,--,148,211766,买盘
1481,13:40:42,14.27,--,112,159824,买盘
1482,13:40:39,14.27,--,304,433808,买盘
1483,13:40:36,14.27,--,733,1046847,卖盘
1484,13:40:33,14.27,--,37,52799,卖盘
1485,13:40:30,14.27,--,629,898153,买盘
1486,13:40:27,14.27,--,37,52799,买盘
1487,13:40:24,14.27,--,3,4281,买盘
1488,13:40:21,14.27,0.02,939,1339953,买盘
1489,13:40:18,14.25,--,447,636975,买盘
1490,13:40:15,14.25,-0.02,595,847875,卖盘
1491,13:40:12,14.27,--,74,105598,买盘
1492,13:40:09,14.27,0.02,187,266849,买盘
1493,13:40:06,14.25,0.01,153,218025,买盘
1494,13:40:03,14.24,-0.01,69,98256,卖盘
1495,13:40:00,14.25,--,343,488775,买盘
1496,13:39:57,14.25,--,29,41325,买盘
1497,13:39:54,14.25,--,18,25650,买盘
1498,13:39:51,14.25,-0.01,412,587100,卖盘
1499,13:39:48,14.26,--,144,205344,买盘
1500,13:39:45,14.26,--,5,7130,买盘
1501,13:39:42,14.26,-0.01,190,270940,卖盘
1502,13:39:39,14.27,--,70,99890,买盘
1503,13:39:36,14.27,--,35,49945,买盘
1504,13:39:33,14.27,--,410,585926,卖盘
1505,13:39:30,14.27,0.01,587,838219,买盘
1506,13:39:27,14.26,--,51,72726,买盘
1507,13:39:24,14.26,0.01,1018,1451668,买盘
1508,13:39:21,14.25,--,100,142500,买盘
1509,13:39:18,14.25,-0.01,1367,1947975,卖盘
1510,13:39:15,14.26,-0.01,183,260958,买盘
1511,13:39:12,14.27,0.02,910,1298570,买盘
1512,13:39:09,14.25,--,18,25650,买盘
1513,13:39:06,14.25,-0.02,66,94050,买盘
1514,13:39:03,14.27,0.01,370,527990,买盘
1515,13:39:00,14.26,0.01,643,916918,买盘
1516,13:38:54,14.25,-0.01,426,607050,卖盘
1517,13:38:51,14.26,--,63,89838,卖盘
1518,13:38:48,14.26,0.01,131,186806,买盘
1519,13:38:45,14.25,0.01,5,7125,卖盘
1520,13:38:42,14.24,-0.01,1072,1526528,卖盘
1521,13:38:39,14.25,--,16,22800,买盘
1522,13:38:36,14.25,--,471,671175,买盘
1523,13:38:33,14.25,--,10,14250,买盘
1524,13:38:30,14.25,--,112,159600,买盘
1525,13:38:27,14.25,--,126,179550,买盘
1526,13:38:24,14.25,-0.01,356,507300,卖盘
1527,13:38:21,14.26,--,1,1426,买盘
1528,13:38:18,14.26,--,86,122636,买盘
1529,13:38:15,14.26,--,49,69874,买盘
1530,13:38:12,14.26,0.01,409,583234,买盘
1531,13:38:09,14.25,--,21,29925,卖盘
1532,13:38:06,14.25,--,292,416100,买盘
1533,13:38:03,14.25,--,264,376200,买盘
1534,13:38:00,14.25,--,481,685425,买盘
1535,13:37:57,14.25,--,9,12825,买盘
1536,13:37:54,14.25,--,75,106875,买盘
1537,13:37:51,14.25,--,387,551475,买盘
1538,13:37:48,14.25,--,2,2850,买盘
1539,13:37:45,14.25,-0.01,227,323475,卖盘
1540,13:37:42,14.26,0.01,78,111228,买盘
1541,13:37:33,14.25,--,28,39900,卖盘
1542,13:37:30,14.25,0.01,41,58425,买盘
1543,13:37:27,14.24,-0.01,61,86864,卖盘
1544,13:37:24,14.25,0.01,207,294975,买盘
1545,13:37:21,14.24,0.01,343,488432,买盘
1546,13:37:18,14.23,-0.01,69,98187,卖盘
1547,13:37:15,14.24,--,900,1281600,卖盘
1548,13:37:12,14.24,--,220,313280,卖盘
1549,13:37:09,14.24,--,85,121040,卖盘
1550,13:37:03,14.24,-0.01,998,1421152,卖盘
1551,13:37:00,14.25,--,24,34200,买盘
1552,13:36:57,14.25,0.01,800,1140000,买盘
1553,13:36:54,14.24,--,2,2848,卖盘
1554,13:36:51,14.24,--,159,226416,买盘
1555,13:36:48,14.24,--,194,276256,买盘
1556,13:36:45,14.24,0.01,703,1001926,买盘
1557,13:36:42,14.23,-0.01,74,105302,卖盘
1558,13:36:39,14.24,--,150,213600,买盘
1559,13:36:36,14.24,--,77,109648,买盘
1560,13:36:33,14.24,--,45,64080,买盘
1561,13:36:30,14.24,0.01,66,93984,买盘
1562,13:36:27,14.23,--,517,736260,买盘
1563,13:36:24,14.23,--,531,755613,买盘
1564,13:36:21,14.23,--,124,176452,买盘
1565,13:36:18,14.23,0.01,29,41267,买盘
1566,13:36:15,14.22,-0.01,296,420912,卖盘
1567,13:36:12,14.23,--,137,194951,买盘
1568,13:36:09,14.23,0.01,41,58343,买盘
1569,13:36:06,14.22,-0.01,6,8532,卖盘
1570,13:36:03,14.23,0.01,29,41267,买盘
1571,13:36:00,14.22,--,54,76788,卖盘
1572,13:35:57,14.22,--,40,56880,卖盘
1573,13:35:54,14.22,--,503,715337,买盘
1574,13:35:51,14.22,0.01,72,102384,买盘
1575,13:35:45,14.21,--,1082,1537522,卖盘
1576,13:35:42,14.21,-0.01,30,42630,买盘
1577,13:35:39,14.22,0.02,953,1355166,买盘
1578,13:35:36,14.2,-0.01,139,197380,卖盘
1579,13:35:33,14.21,0.01,18,25578,买盘
1580,13:35:30,14.2,-0.01,175,248500,卖盘
1581,13:35:27,14.21,--,42,59682,买盘
1582,13:35:24,14.21,0.01,20,28420,买盘
1583,13:35:18,14.2,-0.01,41,58220,卖盘
1584,13:35:15,14.21,0.01,604,858284,买盘
1585,13:35:12,14.2,--,214,303880,卖盘
1586,13:35:09,14.2,--,1,1420,卖盘
1587,13:35:06,14.2,--,163,231460,卖盘
1588,13:35:03,14.2,--,6,8520,卖盘
1589,13:35:00,14.2,--,10,14200,卖盘
1590,13:34:57,14.2,--,251,356420,买盘
1591,13:34:54,14.2,--,41,58220,买盘
1592,13:34:51,14.2,--,20,28400,买盘
1593,13:34:48,14.2,--,5,7100,买盘
1594,13:34:45,14.2,--,666,945720,卖盘
1595,13:34:42,14.2,--,1762,2502040,卖盘
1596,13:34:39,14.2,-0.01,54,76680,卖盘
1597,13:34:33,14.21,0.01,213,302673,买盘
1598,13:34:30,14.2,--,2,2840,买盘
1599,13:34:27,14.2,--,123,174660,买盘
1600,13:34:24,14.2,--,49,69580,卖盘
1601,13:34:21,14.2,--,68,96560,买盘
1602,13:34:18,14.2,-0.01,63,89460,卖盘
1603,13:34:15,14.21,0.01,2,2842,买盘
1604,13:34:12,14.2,--,171,242820,卖盘
1605,13:34:09,14.2,--,95,134900,卖盘
1606,13:34:06,14.2,--,12,17040,卖盘
1607,13:34:03,14.2,--,3,4260,卖盘
1608,13:34:00,14.2,-0.01,4,5680,卖盘
1609,13:33:57,14.21,0.01,241,343029,买盘
1610,13:33:54,14.2,-0.01,23,33512,卖盘
1611,13:33:51,14.21,0.01,1,1421,买盘
1612,13:33:48,14.2,-0.01,35,49700,卖盘
1613,13:33:45,14.21,0.01,116,164836,买盘
1614,13:33:42,14.2,--,16,22720,卖盘
1615,13:33:39,14.2,--,91,129220,卖盘
1616,13:33:36,14.2,--,45,63900,卖盘
1617,13:33:30,14.2,--,17,24140,卖盘
1618,13:33:27,14.2,--,148,210728,卖盘
1619,13:33:24,14.2,--,93,132060,卖盘
1620,13:33:18,14.2,-0.01,10,14200,卖盘
1621,13:33:15,14.21,--,11,15631,买盘
1622,13:33:12,14.21,0.01,48,68208,买盘
1623,13:33:09,14.2,-0.01,267,379140,卖盘
1624,13:33:06,14.21,0.01,35,49735,买盘
1625,13:33:03,14.2,-0.01,16,22720,卖盘
1626,13:33:00,14.21,0.01,507,720447,买盘
1627,13:32:57,14.2,--,4,5680,卖盘
1628,13:32:54,14.2,--,70,99400,卖盘
1629,13:32:51,14.2,0.01,44,62480,买盘
1630,13:32:48,14.19,--,267,378873,卖盘
1631,13:32:42,14.19,--,18,25542,卖盘
1632,13:32:39,14.19,-0.01,299,424281,卖盘
1633,13:32:36,14.2,--,1,1420,买盘
1634,13:32:33,14.2,--,103,146260,卖盘
1635,13:32:30,14.2,--,54,76680,卖盘
1636,13:32:27,14.2,-0.01,42,59640,卖盘
1637,13:32:24,14.21,0.01,43,61103,买盘
1638,13:32:21,14.2,--,57,80940,卖盘
1639,13:32:18,14.2,--,3,4260,卖盘
1640,13:32:15,14.2,--,45,63900,卖盘
1641,13:32:09,14.2,--,11,15620,卖盘
1642,13:32:06,14.2,--,133,188860,卖盘
1643,13:32:03,14.2,--,46,65320,买盘
1644,13:32:00,14.2,0.01,71,100820,买盘
1645,13:31:57,14.19,-0.01,35,49665,卖盘
1646,13:31:54,14.2,-0.01,51,72420,卖盘
1647,13:31:51,14.21,0.01,3,4263,买盘
1648,13:31:48,14.2,--,17,24140,卖盘
1649,13:31:45,14.2,0.01,4,5680,卖盘
1650,13:31:42,14.19,-0.01,312,443792,卖盘
1651,13:31:39,14.2,--,226,320920,卖盘
1652,13:31:36,14.2,--,59,83780,卖盘
1653,13:31:33,14.2,--,63,89460,卖盘
1654,13:31:30,14.2,-0.01,36,51120,卖盘
1655,13:31:27,14.21,--,143,203203,买盘
1656,13:31:24,14.21,--,118,167678,卖盘
1657,13:31:21,14.21,--,62,88102,卖盘
1658,13:31:18,14.21,--,72,102312,卖盘
1659,13:31:15,14.21,--,7,9947,卖盘
1660,13:31:12,14.21,--,23,32683,卖盘
1661,13:31:09,14.21,--,10,14210,卖盘
1662,13:31:06,14.21,--,17,24157,卖盘
1663,13:31:03,14.21,0.01,334,474614,买盘
1664,13:31:00,14.2,--,4,5680,卖盘
1665,13:30:57,14.2,--,46,65320,卖盘
1666,13:30:54,14.2,--,77,109340,卖盘
1667,13:30:51,14.2,-0.01,5,7100,卖盘
1668,13:30:48,14.21,0.01,114,161994,买盘
1669,13:30:45,14.2,--,31,44020,卖盘
1670,13:30:42,14.2,0.01,61,86620,买盘
1671,13:30:39,14.19,--,19,26961,卖盘
1672,13:30:36,14.19,-0.02,22,31218,卖盘
1673,13:30:33,14.21,0.02,35,49735,买盘
1674,13:30:30,14.19,--,124,175956,卖盘
1675,13:30:24,14.19,-0.02,311,441309,卖盘
1676,13:30:21,14.21,0.01,12,17052,买盘
1677,13:30:18,14.2,--,18,25560,卖盘
1678,13:30:15,14.2,--,92,130640,买盘
1679,13:30:12,14.2,--,36,51120,买盘
1680,13:30:09,14.2,--,154,218680,卖盘
1681,13:30:06,14.2,--,207,293940,卖盘
1682,13:30:03,14.2,0.01,130,184600,买盘
1683,13:30:00,14.19,--,215,305085,卖盘
1684,13:29:57,14.19,--,2,2838,卖盘
1685,13:29:54,14.19,--,46,65274,卖盘
1686,13:29:51,14.19,-0.01,21,29799,卖盘
1687,13:29:48,14.2,--,948,1346160,卖盘
1688,13:29:45,14.2,--,33,46860,卖盘
1689,13:29:42,14.2,--,52,73840,卖盘
1690,13:29:36,14.2,--,20,28400,卖盘
1691,13:29:33,14.2,--,43,61060,卖盘
1692,13:29:30,14.2,--,11,15620,卖盘
1693,13:29:27,14.2,-0.03,605,859909,卖盘
1694,13:29:24,14.23,0.01,108,154295,买盘
1695,13:29:21,14.22,0.02,276,392472,买盘
1696,13:29:18,14.2,-0.01,14,19880,卖盘
1697,13:29:15,14.21,-0.01,327,465476,卖盘
1698,13:29:12,14.22,--,64,91008,卖盘
1699,13:29:09,14.22,--,15,21330,卖盘
1700,13:29:06,14.22,0.01,204,290088,买盘
1701,13:29:03,14.21,--,6,8526,卖盘
1702,13:29:00,14.21,--,2,2842,卖盘
1703,13:28:57,14.21,--,404,574084,卖盘
1704,13:28:54,14.21,-0.01,298,423458,卖盘
1705,13:28:51,14.22,--,43,61146,买盘
1706,13:28:48,14.22,--,130,184860,买盘
1707,13:28:45,14.22,--,93,132246,买盘
1708,13:28:42,14.22,-0.01,23,32706,卖盘
1709,13:28:39,14.23,0.01,58,82534,买盘
1710,13:28:36,14.22,--,28,39816,卖盘
1711,13:28:30,14.22,--,304,432288,卖盘
1712,13:28:27,14.22,--,301,428022,买盘
1713,13:28:24,14.22,0.01,488,693936,买盘
1714,13:28:21,14.21,-0.01,1,1421,卖盘
1715,13:28:18,14.22,0.01,30,42660,买盘
1716,13:28:15,14.21,--,2,2842,卖盘
1717,13:28:12,14.21,--,49,69629,卖盘
1718,13:28:09,14.21,-0.01,528,750288,卖盘
1719,13:28:06,14.22,--,20,28440,卖盘
1720,13:28:03,14.22,--,6,8532,卖盘
1721,13:28:00,14.22,--,42,59724,卖盘
1722,13:27:57,14.22,--,134,190548,卖盘
1723,13:27:54,14.22,-0.01,83,118026,卖盘
1724,13:27:51,14.23,0.01,126,179298,买盘
1725,13:27:48,14.22,-0.01,12,17064,卖盘
1726,13:27:45,14.23,0.01,2,2846,买盘
1727,13:27:42,14.22,-0.01,56,79632,卖盘
1728,13:27:39,14.23,0.01,257,365711,买盘
1729,13:27:36,14.22,-0.01,54,76788,卖盘
1730,13:27:33,14.23,--,7,9961,买盘
1731,13:27:30,14.23,--,31,44113,买盘
1732,13:27:24,14.23,-0.01,247,352021,卖盘
1733,13:27:21,14.24,0.01,65,92560,买盘
1734,13:27:18,14.23,--,14,19922,卖盘
1735,13:27:12,14.23,--,33,46959,卖盘
1736,13:27:09,14.23,--,383,545891,买盘
1737,13:27:06,14.23,0.01,77,109571,买盘
1738,13:27:03,14.22,-0.01,63,89586,卖盘
1739,13:27:00,14.23,--,33,46959,买盘
1740,13:26:57,14.23,--,269,382787,买盘
1741,13:26:54,14.23,--,116,165068,买盘
1742,13:26:51,14.23,--,309,439707,买盘
1743,13:26:48,14.23,0.01,85,120955,买盘
1744,13:26:45,14.22,-0.01,9,12798,中性盘
1745,13:26:42,14.23,0.01,189,269487,买盘
1746,13:26:39,14.22,--,74,105228,卖盘
1747,13:26:36,14.22,-0.01,145,207071,卖盘
1748,13:26:30,14.23,0.01,48,68304,买盘
1749,13:26:27,14.22,--,32,45504,卖盘
1750,13:26:24,14.22,-0.01,16,22752,卖盘
1751,13:26:21,14.23,0.01,1,1423,买盘
1752,13:26:18,14.22,--,163,231786,卖盘
1753,13:26:15,14.22,-0.01,3,4266,卖盘
1754,13:26:12,14.23,0.01,134,190682,买盘
1755,13:26:09,14.22,--,25,35550,买盘
1756,13:26:06,14.22,--,36,51192,买盘
1757,13:26:03,14.22,0.01,183,260226,买盘
1758,13:26:00,14.21,-0.01,11,15631,卖盘
1759,13:25:57,14.22,0.01,119,169218,买盘
1760,13:25:54,14.21,--,4,5684,卖盘
1761,13:25:51,14.21,--,33,46893,卖盘
1762,13:25:48,14.21,--,476,677007,买盘
1763,13:25:45,14.21,0.01,18,25578,买盘
1764,13:25:42,14.2,-0.01,327,464340,卖盘
1765,13:25:39,14.21,--,230,326830,买盘
1766,13:25:36,14.21,--,36,51156,买盘
1767,13:25:33,14.21,--,492,699132,买盘
1768,13:25:30,14.21,--,40,56840,买盘
1769,13:25:27,14.21,--,16,22736,买盘
1770,13:25:24,14.21,--,10,14210,买盘
1771,13:25:21,14.21,0.01,86,122206,买盘
1772,13:25:18,14.2,-0.01,271,384820,卖盘
1773,13:25:15,14.21,0.01,24,34104,买盘
1774,13:25:12,14.2,--,463,657460,卖盘
1775,13:25:09,14.2,--,54,76680,卖盘
1776,13:25:06,14.2,--,43,61060,卖盘
1777,13:25:03,14.2,-0.01,40,56800,卖盘
1778,13:25:00,14.21,0.01,33,46893,买盘
1779,13:24:57,14.2,--,20,28400,卖盘
1780,13:24:54,14.2,--,75,106500,卖盘
1781,13:24:51,14.2,--,52,73840,卖盘
1782,13:24:48,14.2,-0.01,100,142000,卖盘
1783,13:24:45,14.21,--,11,15631,买盘
1784,13:24:42,14.21,0.01,9,12789,买盘
1785,13:24:39,14.2,--,375,532500,卖盘
1786,13:24:36,14.2,--,66,93720,卖盘
1787,13:24:33,14.2,--,700,994000,卖盘
1788,13:24:30,14.2,--,17,24140,卖盘
1789,13:24:27,14.2,--,56,79520,卖盘
1790,13:24:24,14.2,--,13,18460,卖盘
1791,13:24:21,14.2,--,12,17040,卖盘
1792,13:24:18,14.2,--,215,305300,卖盘
1793,13:24:15,14.2,--,396,562320,买盘
1794,13:24:12,14.2,--,15,21300,买盘
1795,13:24:09,14.2,--,102,144840,买盘
1796,13:24:06,14.2,--,130,184600,买盘
1797,13:24:03,14.2,0.01,4,5680,买盘
1798,13:24:00,14.19,-0.01,45,63855,卖盘
1799,13:23:57,14.2,--,95,134900,买盘
1800,13:23:54,14.2,0.01,21,29820,买盘
1801,13:23:51,14.19,--,8,11352,卖盘
1802,13:23:48,14.19,--,114,161766,卖盘
1803,13:23:45,14.19,--,168,238392,卖盘
1804,13:23:42,14.19,-0.01,8,11352,卖盘
1805,13:23:39,14.2,0.01,11,15620,买盘
1806,13:23:36,14.19,-0.01,140,198660,卖盘
1807,13:23:33,14.2,--,80,113600,卖盘
1808,13:23:30,14.2,-0.01,330,468600,卖盘
1809,13:23:27,14.21,0.02,6,8526,买盘
1810,13:23:24,14.19,--,29,41151,卖盘
1811,13:23:21,14.19,--,150,212850,卖盘
1812,13:23:18,14.19,-0.01,446,632874,卖盘
1813,13:23:15,14.2,0.01,109,154780,买盘
1814,13:23:12,14.19,-0.01,180,255420,卖盘
1815,13:23:09,14.2,-0.01,4,5680,中性盘
1816,13:23:06,14.21,0.01,124,176204,买盘
1817,13:23:03,14.2,--,195,277709,卖盘
1818,13:23:00,14.2,--,41,58220,卖盘
1819,13:22:57,14.2,--,10,14200,卖盘
1820,13:22:54,14.2,--,82,116440,卖盘
1821,13:22:51,14.2,--,66,93720,卖盘
1822,13:22:48,14.2,--,6,8520,卖盘
1823,13:22:45,14.2,-0.01,191,271220,卖盘
1824,13:22:42,14.21,--,75,106575,买盘
1825,13:22:33,14.21,--,14,19894,卖盘
1826,13:22:30,14.21,--,191,271411,卖盘
1827,13:22:27,14.21,--,27,38367,卖盘
1828,13:22:24,14.21,--,12,17052,卖盘
1829,13:22:21,14.21,--,131,186151,卖盘
1830,13:22:18,14.21,--,202,287042,买盘
1831,13:22:15,14.21,0.01,185,262885,买盘
1832,13:22:12,14.2,-0.01,78,110760,卖盘
1833,13:22:09,14.21,--,116,164836,卖盘
1834,13:22:03,14.21,--,43,61103,卖盘
1835,13:22:00,14.21,--,3,4263,卖盘
1836,13:21:57,14.21,--,5,7105,卖盘
1837,13:21:54,14.21,0.01,153,217413,买盘
1838,13:21:51,14.2,-0.01,16,22720,卖盘
1839,13:21:48,14.21,--,15,21315,买盘
1840,13:21:45,14.21,0.01,5,7105,买盘
1841,13:21:42,14.2,-0.01,224,318080,卖盘
1842,13:21:39,14.21,--,67,95207,买盘
1843,13:21:33,14.21,-0.01,179,254359,卖盘
1844,13:21:30,14.22,0.01,24,34128,买盘
1845,13:21:27,14.21,--,110,156310,卖盘
1846,13:21:24,14.21,-0.01,23,32683,卖盘
1847,13:21:21,14.22,0.01,407,578754,买盘
1848,13:21:18,14.21,--,23,32683,卖盘
1849,13:21:15,14.21,-0.01,32,45472,卖盘
1850,13:21:12,14.22,0.01,439,624258,买盘
1851,13:21:09,14.21,--,7,9947,卖盘
1852,13:21:06,14.21,--,16,22736,卖盘
1853,13:21:03,14.21,--,49,69629,卖盘
1854,13:21:00,14.21,-0.01,38,53998,卖盘
1855,13:20:57,14.22,--,19,27018,买盘
1856,13:20:54,14.22,--,2,2844,买盘
1857,13:20:51,14.22,--,12,17064,买盘
1858,13:20:48,14.22,0.02,63,89586,买盘
1859,13:20:45,14.2,--,26,36920,卖盘
1860,13:20:42,14.2,-0.02,207,293940,卖盘
1861,13:20:39,14.22,0.01,255,362610,买盘
1862,13:20:36,14.21,0.01,32,45472,卖盘
1863,13:20:33,14.2,--,130,184600,卖盘
1864,13:20:30,14.2,-0.01,2,2840,卖盘
1865,13:20:27,14.21,--,14,19894,卖盘
1866,13:20:24,14.21,--,88,125048,卖盘
1867,13:20:21,14.21,0.01,301,428005,买盘
1868,13:20:18,14.2,--,20,28400,卖盘
1869,13:20:15,14.2,--,34,48280,卖盘
1870,13:20:12,14.2,--,41,58220,卖盘
1871,13:20:09,14.2,-0.01,17,24140,卖盘
1872,13:20:06,14.21,--,307,436247,买盘
1873,13:20:03,14.21,--,4,5684,买盘
1874,13:20:00,14.21,--,97,137837,买盘
1875,13:19:57,14.21,-0.01,2,2842,中性盘
1876,13:19:54,14.22,0.01,914,1299708,买盘
1877,13:19:51,14.21,--,9,12789,卖盘
1878,13:19:48,14.21,--,26,36946,卖盘
1879,13:19:45,14.21,-0.01,57,80997,卖盘
1880,13:19:42,14.22,0.01,61,86742,买盘
1881,13:19:39,14.21,--,8,11368,卖盘
1882,13:19:36,14.21,--,306,434826,卖盘
1883,13:19:33,14.21,-0.01,20,28420,卖盘
1884,13:19:30,14.22,--,36,51192,买盘
1885,13:19:27,14.22,--,146,207612,卖盘
1886,13:19:24,14.22,0.01,243,345546,买盘
1887,13:19:21,14.21,--,35,49735,卖盘
1888,13:19:18,14.21,-0.01,20,28420,卖盘
1889,13:19:15,14.22,0.01,9,12798,买盘
1890,13:19:12,14.21,-0.01,53,75313,卖盘
1891,13:19:09,14.22,--,31,44082,买盘
1892,13:19:06,14.22,--,708,1006776,买盘
1893,13:19:03,14.22,0.01,25,35550,买盘
1894,13:19:00,14.21,-0.01,26,36946,卖盘
1895,13:18:57,14.22,--,1,1422,买盘
1896,13:18:54,14.22,--,11,15642,买盘
1897,13:18:51,14.22,0.01,401,570222,中性盘
1898,13:18:48,14.21,-0.01,121,171941,卖盘
1899,13:18:45,14.22,--,8,11376,卖盘
1900,13:18:42,14.22,--,80,113760,卖盘
1901,13:18:39,14.22,--,5,7110,卖盘
1902,13:18:36,14.22,--,67,95274,卖盘
1903,13:18:33,14.22,--,34,48348,卖盘
1904,13:18:30,14.22,--,156,221832,卖盘
1905,13:18:27,14.22,--,17,24174,卖盘
1906,13:18:24,14.22,--,184,262259,买盘
1907,13:18:21,14.22,-0.01,93,133056,卖盘
1908,13:18:18,14.23,--,225,320175,买盘
1909,13:18:15,14.23,--,655,932065,买盘
1910,13:18:12,14.23,--,49,69727,买盘
1911,13:18:09,14.23,0.01,124,176452,买盘
1912,13:18:06,14.22,--,332,472104,卖盘
1913,13:18:03,14.22,-0.01,67,95274,卖盘
1914,13:18:00,14.23,--,559,795457,买盘
1915,13:17:57,14.23,0.01,41,58343,买盘
1916,13:17:54,14.22,--,10,14220,卖盘
1917,13:17:51,14.22,-0.01,14,19908,卖盘
1918,13:17:48,14.23,0.01,113,160799,买盘
1919,13:17:45,14.22,--,1,1422,卖盘
1920,13:17:42,14.22,-0.01,116,164952,卖盘
1921,13:17:39,14.23,--,66,93918,卖盘
1922,13:17:36,14.23,0.01,47,66881,卖盘
1923,13:17:33,14.22,-0.01,359,510498,卖盘
1924,13:17:30,14.23,--,347,493781,卖盘
1925,13:17:27,14.23,0.01,170,241910,买盘
1926,13:17:24,14.22,-0.01,16,22752,卖盘
1927,13:17:21,14.23,-0.01,64,91072,卖盘
1928,13:17:18,14.24,0.01,23,32752,买盘
1929,13:17:15,14.23,0.01,33,46959,买盘
1930,13:17:12,14.22,-0.01,287,408114,卖盘
1931,13:17:09,14.23,--,165,234795,卖盘
1932,13:17:06,14.23,-0.01,9,12807,卖盘
1933,13:17:03,14.24,0.01,56,79744,买盘
1934,13:17:00,14.23,--,399,567777,卖盘
1935,13:16:54,14.23,-0.01,1,1423,卖盘
1936,13:16:51,14.24,--,105,149520,卖盘
1937,13:16:48,14.24,--,48,68352,卖盘
1938,13:16:45,14.24,--,109,155216,卖盘
1939,13:16:42,14.24,--,107,152368,卖盘
1940,13:16:36,14.24,-0.01,7,9968,卖盘
1941,13:16:33,14.25,0.02,13,18525,中性盘
1942,13:16:30,14.23,-0.01,508,722884,卖盘
1943,13:16:27,14.24,-0.01,137,195088,卖盘
1944,13:16:24,14.25,--,67,95475,买盘
1945,13:16:21,14.25,--,4,5700,买盘
1946,13:16:18,14.25,--,49,69825,买盘
1947,13:16:15,14.25,--,21,29925,买盘
1948,13:16:12,14.25,0.01,5,7125,中性盘
1949,13:16:09,14.24,-0.02,236,336064,卖盘
1950,13:16:06,14.26,--,203,289478,买盘
1951,13:16:03,14.26,0.01,22,31372,买盘
1952,13:16:00,14.25,-0.01,97,138225,卖盘
1953,13:15:57,14.26,--,87,124062,买盘
1954,13:15:54,14.26,--,4,5704,买盘
1955,13:15:51,14.26,--,67,95542,卖盘
1956,13:15:48,14.26,-0.01,75,106950,卖盘
1957,13:15:45,14.27,0.01,6,8562,买盘
1958,13:15:42,14.26,--,215,306590,卖盘
1959,13:15:39,14.26,--,21,29946,卖盘
1960,13:15:36,14.26,--,212,302312,卖盘
1961,13:15:33,14.26,--,62,88412,卖盘
1962,13:15:30,14.26,--,116,165416,买盘
1963,13:15:27,14.26,0.01,22,31372,中性盘
1964,13:15:24,14.25,--,61,86925,卖盘
1965,13:15:21,14.25,--,5,7125,卖盘
1966,13:15:18,14.25,-0.01,289,411825,卖盘
1967,13:15:15,14.26,--,5,7130,卖盘
1968,13:15:12,14.26,0.01,160,228160,买盘
1969,13:15:09,14.25,-0.01,34,48450,卖盘
1970,13:15:06,14.26,0.01,22,31372,卖盘
1971,13:15:03,14.25,-0.01,190,270750,卖盘
1972,13:15:00,14.26,--,43,61318,卖盘
1973,13:14:57,14.26,-0.01,6,8556,卖盘
1974,13:14:54,14.27,0.02,1,1427,买盘
1975,13:14:51,14.25,-0.01,70,99750,卖盘
1976,13:14:48,14.26,-0.01,50,71300,买盘
1977,13:14:45,14.27,--,166,236882,卖盘
1978,13:14:42,14.27,0.02,614,876178,买盘
1979,13:14:39,14.25,--,12,17100,卖盘
1980,13:14:36,14.25,-0.01,39,55575,卖盘
1981,13:14:33,14.26,0.01,174,248124,买盘
1982,13:14:30,14.25,--,61,86925,买盘
1983,13:14:27,14.25,-0.01,138,196650,卖盘
1984,13:14:24,14.26,--,43,61318,买盘
1985,13:14:21,14.26,--,20,28520,买盘
1986,13:14:18,14.26,-0.01,7,9982,卖盘
1987,13:14:15,14.27,0.01,200,285400,买盘
1988,13:14:12,14.26,--,11,15686,卖盘
1989,13:14:09,14.26,--,6,8556,卖盘
1990,13:14:06,14.26,-0.01,2,2852,卖盘
1991,13:14:03,14.27,0.01,26,37102,买盘
1992,13:14:00,14.26,--,194,276644,卖盘
1993,13:13:57,14.26,--,17,24242,卖盘
1994,13:13:54,14.26,-0.01,216,308016,卖盘
1995,13:13:48,14.27,--,130,185510,卖盘
1996,13:13:45,14.27,0.01,22,31394,中性盘
1997,13:13:42,14.26,-0.02,67,95542,卖盘
1998,13:13:39,14.28,0.02,43,61404,买盘
1999,13:13:36,14.26,-0.01,1,1426,卖盘
2000,13:13:33,14.27,--,453,646431,卖盘
2001,13:13:30,14.27,--,14,19978,卖盘
2002,13:13:27,14.27,-0.01,1,1427,卖盘
2003,13:13:24,14.28,--,61,87108,买盘
2004,13:13:21,14.28,--,37,52836,买盘
2005,13:13:18,14.28,--,5,7140,卖盘
2006,13:13:15,14.28,--,35,49980,卖盘
2007,13:13:12,14.28,--,10,14280,卖盘
2008,13:13:09,14.28,--,91,129948,卖盘
2009,13:13:06,14.28,-0.01,87,124236,卖盘
2010,13:13:03,14.29,--,142,202918,买盘
2011,13:13:00,14.29,--,9,12861,买盘
2012,13:12:54,14.29,-0.01,447,638763,卖盘
2013,13:12:51,14.3,0.01,210,300300,买盘
2014,13:12:48,14.29,--,168,240072,买盘
2015,13:12:45,14.29,--,167,238643,买盘
2016,13:12:42,14.29,--,18,25722,买盘
2017,13:12:39,14.29,--,32,45728,买盘
2018,13:12:36,14.29,--,663,947427,买盘
2019,13:12:33,14.29,--,120,171480,卖盘
2020,13:12:30,14.29,--,124,177196,卖盘
2021,13:12:27,14.29,0.01,562,803098,买盘
2022,13:12:24,14.28,--,50,71400,卖盘
2023,13:12:21,14.28,--,90,128520,卖盘
2024,13:12:18,14.28,-0.01,38,54264,卖盘
2025,13:12:15,14.29,0.01,863,1233227,买盘
2026,13:12:12,14.28,-0.02,140,199920,中性盘
2027,13:12:09,14.3,--,379,541970,买盘
2028,13:12:06,14.3,--,107,153010,买盘
2029,13:12:03,14.3,--,656,938080,买盘
2030,13:12:00,14.3,--,311,444730,买盘
2031,13:11:57,14.3,--,607,868010,买盘
2032,13:11:54,14.3,0.01,130,185900,买盘
2033,13:11:51,14.29,-0.01,87,124322,卖盘
2034,13:11:48,14.3,0.01,672,960960,买盘
2035,13:11:45,14.29,-0.01,714,1020305,卖盘
2036,13:11:42,14.3,--,547,782210,买盘
2037,13:11:39,14.3,0.01,32,45760,买盘
2038,13:11:36,14.29,--,384,548736,买盘
2039,13:11:33,14.29,--,83,118607,买盘
2040,13:11:30,14.29,0.01,569,813101,买盘
2041,13:11:27,14.28,-0.01,117,167076,卖盘
2042,13:11:24,14.29,--,562,803098,买盘
2043,13:11:21,14.29,--,259,370111,买盘
2044,13:11:18,14.29,0.01,150,214350,买盘
2045,13:11:15,14.28,0.01,1863,2660364,买盘
2046,13:11:12,14.27,-0.01,242,345334,卖盘
2047,13:11:09,14.28,--,648,925344,买盘
2048,13:11:06,14.28,0.01,406,579768,买盘
2049,13:11:03,14.27,-0.01,2196,3133692,卖盘
2050,13:11:00,14.28,0.02,2032,2901696,买盘
2051,13:10:57,14.26,--,30,42780,卖盘
2052,13:10:54,14.26,-0.01,155,221030,卖盘
2053,13:10:51,14.27,0.01,251,358177,买盘
2054,13:10:48,14.26,0.01,1698,2421348,买盘
2055,13:10:45,14.25,-0.01,24,34200,卖盘
2056,13:10:42,14.26,--,4,5704,买盘
2057,13:10:39,14.26,0.01,2386,3402436,买盘
2058,13:10:36,14.25,--,103,146775,买盘
2059,13:10:33,14.25,0.01,175,249375,买盘
2060,13:10:30,14.24,--,50,71200,卖盘
2061,13:10:27,14.24,--,30,42720,卖盘
2062,13:10:24,14.24,--,12,17088,卖盘
2063,13:10:21,14.24,0.01,737,1050627,买盘
2064,13:10:18,14.23,-0.01,2,2846,卖盘
2065,13:10:15,14.24,--,212,301888,买盘
2066,13:10:12,14.24,0.01,13,18512,买盘
2067,13:10:06,14.23,-0.01,10,14230,卖盘
2068,13:10:03,14.24,0.01,1,1424,买盘
2069,13:10:00,14.23,--,11,15653,卖盘
2070,13:09:57,14.23,-0.01,206,293138,卖盘
2071,13:09:54,14.24,0.01,81,115344,买盘
2072,13:09:51,14.23,--,225,320175,卖盘
2073,13:09:48,14.23,--,81,115263,卖盘
2074,13:09:45,14.23,--,76,108148,卖盘
2075,13:09:42,14.23,--,399,567777,卖盘
2076,13:09:39,14.23,--,1,1423,卖盘
2077,13:09:36,14.23,--,13,18499,卖盘
2078,13:09:33,14.23,-0.01,22,31306,卖盘
2079,13:09:30,14.24,0.01,27,38448,买盘
2080,13:09:27,14.23,--,338,480974,卖盘
2081,13:09:24,14.23,--,14,19922,卖盘
2082,13:09:21,14.23,--,241,342943,卖盘
2083,13:09:18,14.23,--,68,96764,卖盘
2084,13:09:15,14.23,-0.02,106,150838,卖盘
2085,13:09:12,14.25,0.02,337,480225,买盘
2086,13:09:09,14.23,-0.01,14,19922,卖盘
2087,13:09:06,14.24,--,5,7120,买盘
2088,13:09:03,14.24,--,121,172304,买盘
2089,13:09:00,14.24,--,528,751872,卖盘
2090,13:08:57,14.24,-0.01,216,307584,卖盘
2091,13:08:54,14.25,0.01,32,45600,买盘
2092,13:08:51,14.24,-0.01,361,514064,卖盘
2093,13:08:48,14.25,0.01,34,48450,买盘
2094,13:08:45,14.24,--,40,56960,卖盘
2095,13:08:42,14.24,--,411,585264,卖盘
2096,13:08:39,14.24,--,17,24208,卖盘
2097,13:08:36,14.24,--,38,54112,卖盘
2098,13:08:33,14.24,--,130,185120,卖盘
2099,13:08:30,14.24,--,41,58384,卖盘
2100,13:08:27,14.24,--,284,404416,卖盘
2101,13:08:24,14.24,--,72,102528,买盘
2102,13:08:21,14.24,0.01,18,25632,买盘
2103,13:08:18,14.23,-0.01,667,949141,卖盘
2104,13:08:15,14.24,-0.01,9,12816,买盘
2105,13:08:12,14.25,0.01,236,336300,买盘
2106,13:08:09,14.24,--,21,29904,买盘
2107,13:08:06,14.24,--,43,61232,卖盘
2108,13:08:03,14.24,--,94,133856,买盘
2109,13:08:00,14.24,--,6,8544,买盘
2110,13:07:57,14.24,--,32,45568,买盘
2111,13:07:54,14.24,--,69,98256,卖盘
2112,13:07:51,14.24,-0.01,254,361696,卖盘
2113,13:07:48,14.25,0.01,16,22800,买盘
2114,13:07:45,14.24,--,718,1022432,卖盘
2115,13:07:42,14.24,-0.01,67,95408,卖盘
2116,13:07:39,14.25,--,65,92625,买盘
2117,13:07:36,14.25,0.01,401,571425,买盘
2118,13:07:33,14.24,--,213,303312,卖盘
2119,13:07:30,14.24,--,60,85440,卖盘
2120,13:07:27,14.24,-0.01,73,103952,卖盘
2121,13:07:24,14.25,--,61,86925,买盘
2122,13:07:18,14.25,0.01,38,54150,买盘
2123,13:07:15,14.24,-0.01,197,280528,卖盘
2124,13:07:12,14.25,--,35,49875,买盘
2125,13:07:09,14.25,0.01,133,189525,买盘
2126,13:07:06,14.24,--,150,213600,卖盘
2127,13:07:03,14.24,-0.01,50,71200,卖盘
2128,13:07:00,14.25,0.01,314,447450,买盘
2129,13:06:57,14.24,--,134,190816,卖盘
2130,13:06:54,14.24,-0.01,152,216448,卖盘
2131,13:06:51,14.25,--,101,143925,买盘
2132,13:06:48,14.25,--,104,148200,买盘
2133,13:06:45,14.25,0.01,242,344850,买盘
2134,13:06:42,14.24,-0.01,20,28480,卖盘
2135,13:06:39,14.25,--,55,78375,卖盘
2136,13:06:36,14.25,-0.01,585,833625,卖盘
2137,13:06:33,14.26,--,18,25668,买盘
2138,13:06:30,14.26,--,488,695888,买盘
2139,13:06:27,14.26,--,108,154008,买盘
2140,13:06:24,14.26,--,10,14260,买盘
2141,13:06:21,14.26,--,33,47058,买盘
2142,13:06:18,14.26,--,54,77004,买盘
2143,13:06:15,14.26,--,153,218178,买盘
2144,13:06:12,14.26,0.01,84,119784,买盘
2145,13:06:09,14.25,--,41,58425,卖盘
2146,13:06:06,14.25,--,77,109725,卖盘
2147,13:06:03,14.25,--,1235,1759875,买盘
2148,13:06:00,14.25,--,95,135375,买盘
2149,13:05:57,14.25,--,40,57000,买盘
2150,13:05:54,14.25,--,26,37050,买盘
2151,13:05:51,14.25,--,152,216600,卖盘
2152,13:05:48,14.25,-0.01,214,304950,卖盘
2153,13:05:45,14.26,0.01,208,296608,买盘
2154,13:05:42,14.25,--,48,68400,卖盘
2155,13:05:39,14.25,-0.01,165,235125,卖盘
2156,13:05:36,14.26,0.01,482,687332,买盘
2157,13:05:33,14.25,-0.01,140,199500,卖盘
2158,13:05:30,14.26,0.01,44,62744,买盘
2159,13:05:27,14.25,-0.01,750,1068750,卖盘
2160,13:05:24,14.26,0.01,51,72726,买盘
2161,13:05:21,14.25,-0.01,76,108300,卖盘
2162,13:05:18,14.26,--,15,21390,买盘
2163,13:05:15,14.26,0.01,114,162564,买盘
2164,13:05:12,14.25,--,540,769500,卖盘
2165,13:05:09,14.25,--,176,250800,卖盘
2166,13:05:06,14.25,-0.02,302,430350,卖盘
2167,13:05:03,14.27,0.01,18,25686,买盘
2168,13:05:00,14.26,0.01,1218,1736868,买盘
2169,13:04:57,14.25,-0.01,56,79800,卖盘
2170,13:04:54,14.26,0.01,137,195362,买盘
2171,13:04:51,14.25,--,1449,2064825,买盘
2172,13:04:48,14.25,-0.01,135,192375,买盘
2173,13:04:45,14.26,0.02,95,135470,买盘
2174,13:04:42,14.24,-0.01,841,1198951,卖盘
2175,13:04:39,14.25,0.01,108,153900,买盘
2176,13:04:36,14.24,--,228,324672,卖盘
2177,13:04:33,14.24,-0.01,49,69776,卖盘
2178,13:04:30,14.25,0.01,575,819375,买盘
2179,13:04:27,14.24,--,58,82592,买盘
2180,13:04:24,14.24,0.01,16,23638,买盘
2181,13:04:21,14.23,0.01,71,101033,中性盘
2182,13:04:18,14.22,-0.01,64,91008,卖盘
2183,13:04:15,14.23,0.01,495,704385,买盘
2184,13:04:12,14.22,--,424,602928,卖盘
2185,13:04:09,14.22,--,162,230975,买盘
2186,13:04:06,14.22,0.01,202,287244,买盘
2187,13:04:03,14.21,--,14,19894,卖盘
2188,13:04:00,14.21,--,9,12789,卖盘
2189,13:03:57,14.21,-0.01,13,18473,卖盘
2190,13:03:54,14.22,--,9,12798,买盘
2191,13:03:51,14.22,-0.01,765,1087830,卖盘
2192,13:03:48,14.23,--,78,110994,买盘
2193,13:03:45,14.23,--,6,8538,买盘
2194,13:03:42,14.23,-0.01,425,605586,卖盘
2195,13:03:39,14.24,0.01,459,653616,中性盘
2196,13:03:36,14.23,-0.01,561,798303,卖盘
2197,13:03:33,14.24,-0.01,138,196512,卖盘
2198,13:03:30,14.25,0.01,25,35625,买盘
2199,13:03:27,14.24,--,44,62656,卖盘
2200,13:03:24,14.24,-0.01,287,408688,卖盘
2201,13:03:21,14.25,--,59,84075,买盘
2202,13:03:18,14.25,--,74,105450,买盘
2203,13:03:15,14.25,--,1236,1761300,买盘
2204,13:03:12,14.25,--,139,198075,买盘
2205,13:03:09,14.25,-0.01,972,1385100,卖盘
2206,13:03:06,14.26,0.01,219,312294,买盘
2207,13:03:03,14.25,-0.01,14,19950,卖盘
2208,13:03:00,14.26,--,52,74152,买盘
2209,13:02:57,14.26,--,38,54188,买盘
2210,13:02:54,14.26,--,90,128340,买盘
2211,13:02:51,14.26,0.01,103,146878,买盘
2212,13:02:48,14.25,-0.01,271,386175,卖盘
2213,13:02:45,14.26,--,43,61318,买盘
2214,13:02:42,14.26,--,13,18538,买盘
2215,13:02:39,14.26,-0.01,791,1127966,中性盘
2216,13:02:36,14.27,0.01,103,146981,买盘
2217,13:02:33,14.26,--,180,256965,卖盘
2218,13:02:30,14.26,--,166,236716,卖盘
2219,13:02:27,14.26,--,998,1423148,卖盘
2220,13:02:24,14.26,--,72,102672,卖盘
2221,13:02:21,14.26,--,181,258676,卖盘
2222,13:02:18,14.26,--,100,143170,买盘
2223,13:02:15,14.26,0.01,542,772892,买盘
2224,13:02:12,14.25,--,12,17100,卖盘
2225,13:02:09,14.25,--,462,658350,卖盘
2226,13:02:06,14.25,--,829,1181325,买盘
2227,13:02:03,14.25,--,25,35625,买盘
2228,13:02:00,14.25,--,530,755250,买盘
2229,13:01:57,14.25,0.01,205,292125,买盘
2230,13:01:54,14.24,--,106,150944,卖盘
2231,13:01:51,14.24,--,170,242080,卖盘
2232,13:01:48,14.24,-0.01,571,813104,卖盘
2233,13:01:45,14.25,--,104,148200,买盘
2234,13:01:42,14.25,--,148,210900,买盘
2235,13:01:39,14.25,--,683,973275,买盘
2236,13:01:36,14.25,--,401,571425,买盘
2237,13:01:33,14.25,0.01,357,509337,买盘
2238,13:01:30,14.24,0.01,415,590960,买盘
2239,13:01:27,14.23,-0.01,432,614736,卖盘
2240,13:01:24,14.24,--,93,132432,买盘
2241,13:01:21,14.24,--,2,2848,买盘
2242,13:01:18,14.24,0.01,26,37024,买盘
2243,13:01:15,14.23,--,20,28460,买盘
2244,13:01:12,14.23,--,200,284600,买盘
2245,13:01:09,14.23,--,920,1309160,买盘
2246,13:01:06,14.23,--,8,11384,买盘
2247,13:01:03,14.23,0.01,1704,2424792,买盘
2248,13:01:00,14.22,--,215,305730,卖盘
2249,13:00:57,14.22,-0.01,2,2844,卖盘
2250,13:00:54,14.23,0.02,544,774112,买盘
2251,13:00:51,14.21,-0.01,52,73892,卖盘
2252,13:00:48,14.22,--,177,251694,买盘
2253,13:00:45,14.22,0.01,53,75366,买盘
2254,13:00:42,14.21,-0.01,48,68208,卖盘
2255,13:00:39,14.22,0.02,1348,1916856,买盘
2256,13:00:36,14.2,-0.01,153,217260,卖盘
2257,13:00:33,14.21,--,89,126469,买盘
2258,13:00:30,14.21,--,56,79576,买盘
2259,13:00:27,14.21,0.01,26,36946,买盘
2260,13:00:21,14.2,--,161,228620,卖盘
2261,13:00:18,14.2,-0.01,1,1420,卖盘
2262,13:00:15,14.21,0.01,34,48314,买盘
2263,13:00:12,14.2,--,815,1157300,卖盘
2264,13:00:09,14.2,-0.01,328,465760,卖盘
2265,13:00:06,14.21,0.01,1805,2566041,买盘
2266,13:00:03,14.2,--,7546,10715320,买盘
2267,13:00:00,14.2,--,0,0,买盘
2268,11:30:00,14.2,-0.01,41,58220,卖盘
2269,11:29:57,14.21,0.01,256,363776,买盘
2270,11:29:54,14.2,--,88,124960,买盘
2271,11:29:51,14.2,--,433,614860,买盘
2272,11:29:48,14.2,--,267,379140,卖盘
2273,11:29:45,14.2,-0.01,276,391920,卖盘
2274,11:29:42,14.21,0.01,225,319725,买盘
2275,11:29:39,14.2,-0.01,150,213000,卖盘
2276,11:29:36,14.21,0.01,292,414932,买盘
2277,11:29:33,14.2,0.01,349,495580,买盘
2278,11:29:30,14.19,-0.01,841,1194187,卖盘
2279,11:29:27,14.2,--,615,873910,卖盘
2280,11:29:24,14.2,--,1157,1642940,卖盘
2281,11:29:21,14.2,--,85,120700,卖盘
2282,11:29:18,14.2,--,1949,2767580,买盘
2283,11:29:15,14.2,--,2355,3344100,买盘
2284,11:29:12,14.2,--,551,782420,买盘
2285,11:29:09,14.2,--,2965,4210300,买盘
2286,11:29:06,14.2,--,667,947140,买盘
2287,11:29:03,14.2,0.01,1539,2185380,买盘
2288,11:29:00,14.19,--,936,1328184,卖盘
2289,11:28:57,14.19,-0.01,682,967758,卖盘
2290,11:28:54,14.2,--,43,61060,买盘
2291,11:28:51,14.2,0.01,1167,1657140,买盘
2292,11:28:48,14.19,--,1106,1569414,买盘
2293,11:28:45,14.19,--,585,830115,买盘
2294,11:28:42,14.19,--,817,1159323,买盘
2295,11:28:39,14.19,--,360,510840,买盘
2296,11:28:36,14.19,0.01,2533,3594327,买盘
2297,11:28:33,14.18,--,345,489210,买盘
2298,11:28:30,14.18,0.01,272,385696,买盘
2299,11:28:27,14.17,--,5251,7440667,买盘
2300,11:28:24,14.17,--,833,1180361,买盘
2301,11:28:21,14.17,--,30,42510,买盘
2302,11:28:18,14.17,--,86,121862,买盘
2303,11:28:15,14.17,--,53,75101,买盘
2304,11:28:12,14.17,--,175,247975,买盘
2305,11:28:09,14.17,--,195,276315,买盘
2306,11:28:06,14.17,0.01,1811,2566187,买盘
2307,11:28:03,14.16,0.01,114,161424,中性盘
2308,11:28:00,14.15,--,104,147160,卖盘
2309,11:27:57,14.15,-0.01,67,94805,卖盘
2310,11:27:54,14.16,0.01,2069,2929704,买盘
2311,11:27:51,14.15,0.01,1793,2537661,买盘
2312,11:27:48,14.14,--,105,148470,卖盘
2313,11:27:45,14.14,-0.01,16,22624,卖盘
2314,11:27:42,14.15,--,357,505155,买盘
2315,11:27:39,14.15,--,355,502325,买盘
2316,11:27:36,14.15,0.01,22,31130,买盘
2317,11:27:33,14.14,--,2,2828,卖盘
2318,11:27:30,14.14,--,259,367258,买盘
2319,11:27:27,14.14,--,1,1414,买盘
2320,11:27:24,14.14,--,265,374710,买盘
2321,11:27:21,14.14,--,20,28280,买盘
2322,11:27:18,14.14,0.01,710,1003940,买盘
2323,11:27:15,14.13,--,31,43803,卖盘
2324,11:27:09,14.13,--,21,29673,卖盘
2325,11:27:06,14.13,-0.01,654,924102,卖盘
2326,11:27:03,14.14,0.01,78,110574,买盘
2327,11:27:00,14.13,-0.01,56,80258,卖盘
2328,11:26:57,14.14,0.01,121,171376,买盘
2329,11:26:54,14.13,--,86,122648,卖盘
2330,11:26:51,14.13,-0.01,345,487485,卖盘
2331,11:26:48,14.14,0.01,452,639128,买盘
2332,11:26:45,14.13,--,219,309729,买盘
2333,11:26:39,14.13,--,31,43803,买盘
2334,11:26:36,14.13,--,97,137061,卖盘
2335,11:26:33,14.13,--,43,60759,卖盘
2336,11:26:30,14.13,-0.01,29,40977,卖盘
2337,11:26:27,14.14,0.01,49,69286,买盘
2338,11:26:24,14.13,--,414,584982,买盘
2339,11:26:21,14.13,--,87,122931,买盘
2340,11:26:18,14.13,-0.01,1268,1791684,卖盘
2341,11:26:15,14.14,0.01,52,73528,买盘
2342,11:26:12,14.13,-0.01,69,97497,卖盘
2343,11:26:09,14.14,0.01,135,190890,买盘
2344,11:26:06,14.13,--,68,96084,卖盘
2345,11:26:03,14.13,-0.01,92,129996,卖盘
2346,11:26:00,14.14,0.01,84,118776,买盘
2347,11:25:57,14.13,--,37,52281,卖盘
2348,11:25:54,14.13,--,619,874647,买盘
2349,11:25:48,14.13,--,7,9891,买盘
2350,11:25:45,14.13,-0.01,97,137061,卖盘
2351,11:25:42,14.14,--,75,106050,买盘
2352,11:25:39,14.14,--,185,261590,买盘
2353,11:25:36,14.14,0.01,97,137158,买盘
2354,11:25:30,14.13,-0.01,88,124344,卖盘
2355,11:25:27,14.14,--,276,390264,买盘
2356,11:25:24,14.14,--,286,404404,买盘
2357,11:25:21,14.14,0.01,56,79184,买盘
2358,11:25:18,14.13,-0.01,8,11304,卖盘
2359,11:25:15,14.14,--,324,458136,买盘
2360,11:25:09,14.14,--,13,18382,买盘
2361,11:25:06,14.14,--,204,288456,买盘
2362,11:25:03,14.14,--,30,42420,买盘
2363,11:25:00,14.14,0.01,104,147056,买盘
2364,11:24:54,14.13,-0.01,230,324990,卖盘
2365,11:24:51,14.14,--,56,79184,买盘
2366,11:24:48,14.14,0.01,155,219170,买盘
2367,11:24:45,14.13,-0.01,17,24021,卖盘
2368,11:24:39,14.14,0.01,1,1414,买盘
2369,11:24:36,14.13,-0.01,61,86193,卖盘
2370,11:24:33,14.14,--,21,29694,买盘
2371,11:24:30,14.14,0.01,37,52318,买盘
2372,11:24:27,14.13,-0.01,5,7065,卖盘
2373,11:24:24,14.14,0.01,6,8484,买盘
2374,11:24:21,14.13,--,62,87606,卖盘
2375,11:24:18,14.13,--,151,213363,买盘
2376,11:24:15,14.13,--,14,19782,买盘
2377,11:24:12,14.13,--,38,53694,买盘
2378,11:24:09,14.13,0.01,7,9891,买盘
2379,11:24:06,14.12,-0.01,1,1412,卖盘
2380,11:24:00,14.13,--,566,799758,卖盘
2381,11:23:57,14.13,--,6,8478,卖盘
2382,11:23:51,14.13,--,1030,1455390,卖盘
2383,11:23:48,14.13,--,19,26847,卖盘
2384,11:23:45,14.13,--,17,24021,卖盘
2385,11:23:42,14.13,-0.01,6,8478,卖盘
2386,11:23:39,14.14,0.01,39,55146,买盘
2387,11:23:36,14.13,-0.01,80,113040,卖盘
2388,11:23:33,14.14,0.01,6,8484,买盘
2389,11:23:30,14.13,-0.01,42,59346,卖盘
2390,11:23:27,14.14,0.02,205,289870,买盘
2391,11:23:24,14.12,-0.01,100,141200,卖盘
2392,11:23:21,14.13,--,21,29673,买盘
2393,11:23:18,14.13,-0.01,505,713565,卖盘
2394,11:23:15,14.14,0.01,21,29694,买盘
2395,11:23:09,14.13,--,17,24586,买盘
2396,11:23:06,14.13,--,200,282600,买盘
2397,11:23:00,14.13,-0.01,140,198667,卖盘
2398,11:22:57,14.14,--,27,38178,卖盘
2399,11:22:54,14.14,--,75,106050,卖盘
2400,11:22:51,14.14,0.01,170,240380,买盘
2401,11:22:48,14.13,--,213,300969,卖盘
2402,11:22:45,14.13,-0.01,328,463464,卖盘
2403,11:22:42,14.14,--,12,16968,买盘
2404,11:22:39,14.14,--,243,343602,买盘
2405,11:22:30,14.14,0.01,23,32522,买盘
2406,11:22:27,14.13,--,69,98062,买盘
2407,11:22:24,14.13,--,2,2826,买盘
2408,11:22:21,14.13,--,226,319338,买盘
2409,11:22:18,14.13,-0.01,94,133669,卖盘
2410,11:22:15,14.14,--,107,151298,买盘
2411,11:22:12,14.14,--,13,18382,买盘
2412,11:22:06,14.14,--,94,132916,买盘
2413,11:22:03,14.14,--,19,26866,买盘
2414,11:22:00,14.14,--,761,1076054,卖盘
2415,11:21:57,14.14,--,25,35350,卖盘
2416,11:21:54,14.14,--,12,16968,卖盘
2417,11:21:51,14.14,0.01,796,1125544,买盘
2418,11:21:48,14.13,--,40,56520,卖盘
2419,11:21:45,14.13,-0.01,342,483246,卖盘
2420,11:21:42,14.14,--,229,323806,买盘
2421,11:21:39,14.14,--,24,33936,买盘
2422,11:21:36,14.14,0.01,4,5656,买盘
2423,11:21:33,14.13,--,32,45216,卖盘
2424,11:21:30,14.13,-0.01,42,59346,卖盘
2425,11:21:27,14.14,--,58,82012,买盘
2426,11:21:24,14.14,0.01,93,131502,买盘
2427,11:21:21,14.13,-0.01,229,323577,卖盘
2428,11:21:18,14.14,--,5,7070,买盘
2429,11:21:15,14.14,--,140,198808,卖盘
2430,11:21:12,14.14,--,105,148470,卖盘
2431,11:21:09,14.14,-0.01,153,216342,卖盘
2432,11:21:06,14.15,0.01,50,70750,买盘
2433,11:21:03,14.14,-0.01,95,134330,卖盘
2434,11:21:00,14.15,0.01,82,116030,买盘
2435,11:20:57,14.14,--,256,361984,卖盘
2436,11:20:54,14.14,--,25,35350,卖盘
2437,11:20:51,14.14,0.01,1583,2238927,买盘
2438,11:20:48,14.13,--,49,69237,卖盘
2439,11:20:45,14.13,--,345,487485,卖盘
2440,11:20:42,14.13,--,19,26847,卖盘
2441,11:20:39,14.13,--,81,114453,卖盘
2442,11:20:36,14.13,--,61,86193,卖盘
2443,11:20:33,14.13,--,20,29107,卖盘
2444,11:20:30,14.13,--,661,935123,买盘
2445,11:20:27,14.13,0.01,40,56520,买盘
2446,11:20:24,14.12,--,161,227332,卖盘
2447,11:20:21,14.12,-0.01,67,94604,卖盘
2448,11:20:18,14.13,0.01,100,141300,买盘
2449,11:20:15,14.12,--,121,170852,卖盘
2450,11:20:12,14.12,--,209,295108,卖盘
2451,11:20:09,14.12,--,127,179324,买盘
2452,11:20:06,14.12,--,41,57892,买盘
2453,11:20:03,14.12,--,86,121432,买盘
2454,11:20:00,14.12,--,21,29652,买盘
2455,11:19:57,14.12,--,108,152496,买盘
2456,11:19:54,14.12,--,61,86132,买盘
2457,11:19:51,14.12,--,234,330408,买盘
2458,11:19:48,14.12,0.01,25,35300,买盘
2459,11:19:45,14.11,-0.01,241,340051,卖盘
2460,11:19:42,14.12,0.01,88,124256,买盘
2461,11:19:39,14.11,--,37,52207,卖盘
2462,11:19:36,14.11,--,20,28220,卖盘
2463,11:19:33,14.11,--,235,331585,买盘
2464,11:19:30,14.11,--,6,8466,买盘
2465,11:19:27,14.11,--,12,16932,买盘
2466,11:19:24,14.11,-0.01,266,375326,卖盘
2467,11:19:21,14.12,0.01,57,80484,买盘
2468,11:19:18,14.11,--,176,248336,卖盘
2469,11:19:15,14.11,--,31,43741,卖盘
2470,11:19:12,14.11,--,26,36686,卖盘
2471,11:19:09,14.11,-0.01,15,21165,卖盘
2472,11:19:06,14.12,0.01,35,49420,买盘
2473,11:19:03,14.11,--,6,8466,卖盘
2474,11:19:00,14.11,--,111,156621,卖盘
2475,11:18:57,14.11,--,10,14110,卖盘
2476,11:18:54,14.11,--,516,728076,卖盘
2477,11:18:51,14.11,--,10,14110,卖盘
2478,11:18:48,14.11,--,582,821202,卖盘
2479,11:18:45,14.11,--,4,5644,卖盘
2480,11:18:42,14.11,--,137,193307,卖盘
2481,11:18:39,14.11,-0.02,196,276556,卖盘
2482,11:18:36,14.13,0.01,67,94671,买盘
2483,11:18:33,14.12,-0.01,151,213494,卖盘
2484,11:18:30,14.13,--,45,63585,买盘
2485,11:18:27,14.13,--,125,176625,买盘
2486,11:18:24,14.13,--,32,45216,买盘
2487,11:18:21,14.13,--,48,67824,买盘
2488,11:18:18,14.13,0.01,112,158256,买盘
2489,11:18:12,14.12,-0.01,200,282400,卖盘
2490,11:18:09,14.13,--,125,176625,卖盘
2491,11:18:06,14.13,--,187,264231,卖盘
2492,11:18:03,14.13,--,41,57933,卖盘
2493,11:18:00,14.13,-0.01,74,104562,卖盘
2494,11:17:57,14.14,--,91,128674,买盘
2495,11:17:54,14.14,--,35,49490,买盘
2496,11:17:51,14.14,--,64,90496,买盘
2497,11:17:48,14.14,0.02,255,360570,买盘
2498,11:17:45,14.12,-0.02,513,724356,卖盘
2499,11:17:42,14.14,--,40,56560,买盘
2500,11:17:39,14.14,0.01,41,57974,买盘
2501,11:17:33,14.13,-0.01,18,25434,卖盘
2502,11:17:30,14.14,0.01,21,29694,买盘
2503,11:17:27,14.13,--,26,36738,买盘
2504,11:17:24,14.13,--,75,105975,买盘
2505,11:17:21,14.13,-0.01,40,56520,中性盘
2506,11:17:18,14.14,0.01,406,574084,买盘
2507,11:17:15,14.13,--,122,172386,买盘
2508,11:17:12,14.13,--,40,56520,买盘
2509,11:17:09,14.13,-0.01,8,11304,买盘
2510,11:17:06,14.14,-0.01,80,113120,卖盘
2511,11:17:03,14.15,0.03,1460,2065900,买盘
2512,11:17:00,14.12,-0.02,601,848612,卖盘
2513,11:16:57,14.14,0.01,45,63630,买盘
2514,11:16:54,14.13,-0.02,183,258579,卖盘
2515,11:16:51,14.15,0.01,80,113200,买盘
2516,11:16:48,14.14,-0.01,44,62216,卖盘
2517,11:16:45,14.15,--,34,48110,买盘
2518,11:16:42,14.15,0.02,961,1359815,买盘
2519,11:16:39,14.13,--,79,111627,卖盘
2520,11:16:36,14.13,-0.01,211,298143,卖盘
2521,11:16:33,14.14,--,181,255934,买盘
2522,11:16:30,14.14,0.01,22,31108,买盘
2523,11:16:27,14.13,-0.01,45,63585,卖盘
2524,11:16:24,14.14,-0.02,17,24038,买盘
2525,11:16:21,14.16,0.02,730,1033680,买盘
2526,11:16:18,14.14,-0.02,123,173922,卖盘
2527,11:16:15,14.16,0.02,141,199656,买盘
2528,11:16:12,14.14,--,306,432684,买盘
2529,11:16:09,14.14,--,40,56560,买盘
2530,11:16:06,14.14,--,344,486416,卖盘
2531,11:16:03,14.14,-0.02,68,96152,卖盘
2532,11:16:00,14.16,--,13,18408,卖盘
2533,11:15:57,14.16,--,116,164256,买盘
2534,11:15:54,14.16,0.01,410,580560,买盘
2535,11:15:51,14.15,-0.01,146,206590,卖盘
2536,11:15:48,14.16,0.01,1820,2577120,买盘
2537,11:15:45,14.15,-0.01,202,285830,卖盘
2538,11:15:42,14.16,--,52,73632,买盘
2539,11:15:39,14.16,--,112,158592,买盘
2540,11:15:36,14.16,0.01,473,669768,买盘
2541,11:15:33,14.15,-0.01,167,236305,卖盘
2542,11:15:30,14.16,--,120,169920,买盘
2543,11:15:27,14.16,--,488,691008,卖盘
2544,11:15:24,14.16,--,139,196824,卖盘
2545,11:15:21,14.16,--,43,60888,卖盘
2546,11:15:18,14.16,--,339,480024,卖盘
2547,11:15:15,14.16,--,255,361080,卖盘
2548,11:15:12,14.16,--,13,18408,卖盘
2549,11:15:09,14.16,--,112,158592,卖盘
2550,11:15:06,14.16,--,6,8496,卖盘
2551,11:15:03,14.16,-0.01,130,184080,卖盘
2552,11:15:00,14.17,0.01,185,262145,买盘
2553,11:14:57,14.16,-0.01,68,96288,卖盘
2554,11:14:54,14.17,--,248,351416,买盘
2555,11:14:51,14.17,--,107,151619,买盘
2556,11:14:48,14.17,--,235,332995,买盘
2557,11:14:45,14.17,-0.01,136,192712,卖盘
2558,11:14:42,14.18,0.01,85,120530,买盘
2559,11:14:39,14.17,-0.01,30,42510,中性盘
2560,11:14:36,14.18,0.02,683,968494,买盘
2561,11:14:33,14.16,-0.01,519,734904,卖盘
2562,11:14:30,14.17,--,71,100607,买盘
2563,11:14:27,14.17,--,275,389675,买盘
2564,11:14:24,14.17,--,214,303238,买盘
2565,11:14:21,14.17,0.01,461,653237,买盘
2566,11:14:18,14.16,-0.01,3,4248,卖盘
2567,11:14:15,14.17,--,655,928418,卖盘
2568,11:14:12,14.17,--,630,893843,买盘
2569,11:14:09,14.17,--,365,517205,买盘
2570,11:14:06,14.17,0.01,1150,1629550,买盘
2571,11:14:03,14.16,-0.01,609,862344,卖盘
2572,11:14:00,14.17,--,276,391092,买盘
2573,11:13:57,14.17,0.01,2759,3909503,买盘
2574,11:13:54,14.16,-0.01,214,303024,卖盘
2575,11:13:51,14.17,0.01,69,97773,买盘
2576,11:13:48,14.16,--,170,240720,卖盘
2577,11:13:45,14.16,--,3572,5057952,买盘
2578,11:13:42,14.16,0.01,105,148680,买盘
2579,11:13:39,14.15,--,1243,1758845,卖盘
2580,11:13:36,14.15,-0.01,222,314130,卖盘
2581,11:13:33,14.16,--,295,417720,买盘
2582,11:13:30,14.16,0.01,80,113280,买盘
2583,11:13:27,14.15,--,71,100465,卖盘
2584,11:13:24,14.15,--,701,991915,卖盘
2585,11:13:21,14.15,-0.01,139,196685,卖盘
2586,11:13:18,14.16,0.01,54,76464,买盘
2587,11:13:15,14.15,--,50,70750,卖盘
2588,11:13:12,14.15,--,1246,1763090,卖盘
2589,11:13:09,14.15,-0.01,271,383465,卖盘
2590,11:13:06,14.16,0.01,55,77880,买盘
2591,11:13:03,14.15,0.01,271,383465,买盘
2592,11:13:00,14.14,-0.01,519,733866,卖盘
2593,11:12:57,14.15,--,156,220740,买盘
2594,11:12:54,14.15,--,44,62260,卖盘
2595,11:12:51,14.15,0.01,474,670710,买盘
2596,11:12:48,14.14,-0.01,1,1414,卖盘
2597,11:12:45,14.15,-0.01,127,179705,买盘
2598,11:12:42,14.16,--,346,489936,买盘
2599,11:12:39,14.16,--,56,79296,买盘
2600,11:12:36,14.16,--,93,131688,买盘
2601,11:12:33,14.16,0.01,330,467280,买盘
2602,11:12:30,14.15,-0.01,9,12735,中性盘
2603,11:12:27,14.16,--,442,625872,买盘
2604,11:12:24,14.16,--,566,801456,买盘
2605,11:12:21,14.16,--,146,206736,买盘
2606,11:12:18,14.16,--,217,307272,买盘
2607,11:12:15,14.16,--,197,278952,买盘
2608,11:12:12,14.16,--,484,685344,买盘
2609,11:12:09,14.16,--,413,584808,买盘
2610,11:12:06,14.16,--,106,150096,买盘
2611,11:12:03,14.16,--,564,798624,买盘
2612,11:12:00,14.16,--,644,911904,买盘
2613,11:11:57,14.16,--,73,103368,买盘
2614,11:11:54,14.16,--,459,650227,卖盘
2615,11:11:51,14.16,--,665,942772,买盘
2616,11:11:48,14.16,0.01,2648,3749568,买盘
2617,11:11:45,14.15,-0.01,640,905600,卖盘
2618,11:11:42,14.16,--,289,409224,买盘
2619,11:11:39,14.16,0.01,396,560736,买盘
2620,11:11:36,14.15,--,165,233475,卖盘
2621,11:11:33,14.15,-0.01,48,67920,卖盘
2622,11:11:30,14.16,0.01,251,355416,买盘
2623,11:11:27,14.15,-0.01,829,1173035,卖盘
2624,11:11:24,14.16,0.01,31,43896,买盘
2625,11:11:21,14.15,--,79,111785,买盘
2626,11:11:18,14.15,--,1738,2459270,买盘
2627,11:11:15,14.15,0.01,748,1058420,买盘
2628,11:11:12,14.14,-0.01,625,883750,卖盘
2629,11:11:09,14.15,--,1228,1737620,买盘
2630,11:11:06,14.15,--,1258,1780070,买盘
2631,11:11:03,14.15,--,292,413180,买盘
2632,11:11:00,14.15,0.01,1447,2047505,买盘
2633,11:10:57,14.14,0.01,1403,1983842,买盘
2634,11:10:54,14.13,-0.01,9,12717,卖盘
2635,11:10:51,14.14,0.01,576,814464,买盘
2636,11:10:48,14.13,--,250,353250,买盘
2637,11:10:45,14.13,--,1111,1569843,买盘
2638,11:10:42,14.13,--,272,384336,买盘
2639,11:10:39,14.13,--,411,580743,买盘
2640,11:10:36,14.13,--,19,26847,买盘
2641,11:10:33,14.13,0.01,224,316512,买盘
2642,11:10:30,14.12,-0.01,43,60716,卖盘
2643,11:10:27,14.13,0.01,166,234558,买盘
2644,11:10:24,14.12,--,128,181865,买盘
2645,11:10:21,14.12,0.01,140,197680,买盘
2646,11:10:18,14.11,-0.01,826,1165486,卖盘
2647,11:10:15,14.12,--,190,268280,买盘
2648,11:10:12,14.12,0.01,360,508320,买盘
2649,11:10:09,14.11,-0.01,148,208828,卖盘
2650,11:10:06,14.12,--,114,160968,买盘
2651,11:10:03,14.12,0.01,321,453252,买盘
2652,11:10:00,14.11,-0.01,6,8466,卖盘
2653,11:09:57,14.12,--,99,139788,买盘
2654,11:09:54,14.12,0.01,63,88956,买盘
2655,11:09:51,14.11,--,100,141100,卖盘
2656,11:09:48,14.11,--,63,88893,卖盘
2657,11:09:45,14.11,--,61,86071,卖盘
2658,11:09:42,14.11,--,1186,1673446,买盘
2659,11:09:39,14.11,--,19,26809,买盘
2660,11:09:36,14.11,--,58,81838,买盘
2661,11:09:33,14.11,0.01,182,256802,买盘
2662,11:09:30,14.1,-0.01,126,177660,卖盘
2663,11:09:27,14.11,--,13,18343,卖盘
2664,11:09:24,14.11,--,98,138278,买盘
2665,11:09:21,14.11,--,64,90304,卖盘
2666,11:09:18,14.11,--,64,90304,买盘
2667,11:09:15,14.11,--,1,1411,买盘
2668,11:09:12,14.11,0.01,48,67728,中性盘
2669,11:09:09,14.1,-0.02,332,468120,卖盘
2670,11:09:06,14.12,--,311,439132,买盘
2671,11:09:03,14.12,0.01,55,77660,买盘
2672,11:09:00,14.11,--,76,107236,卖盘
2673,11:08:57,14.11,0.01,78,110058,买盘
2674,11:08:54,14.1,-0.01,258,363780,卖盘
2675,11:08:51,14.11,0.01,36,50796,买盘
2676,11:08:48,14.1,-0.01,51,71910,卖盘
2677,11:08:45,14.11,--,131,184841,买盘
2678,11:08:42,14.11,0.01,96,135456,买盘
2679,11:08:39,14.1,--,50,70500,卖盘
2680,11:08:36,14.1,-0.02,50,70500,卖盘
2681,11:08:33,14.12,0.02,19,26828,买盘
2682,11:08:30,14.1,-0.01,119,167790,卖盘
2683,11:08:27,14.11,0.01,27,38097,买盘
2684,11:08:24,14.1,--,15,21150,买盘
2685,11:08:21,14.1,-0.01,455,641550,卖盘
2686,11:08:18,14.11,--,68,95948,买盘
2687,11:08:15,14.11,--,119,167909,买盘
2688,11:08:12,14.11,--,541,763351,卖盘
2689,11:08:09,14.11,-0.01,348,491028,卖盘
2690,11:08:06,14.12,0.01,60,84720,买盘
2691,11:08:03,14.11,-0.01,73,103003,卖盘
2692,11:08:00,14.12,0.01,48,67776,买盘
2693,11:07:57,14.11,-0.01,148,208828,卖盘
2694,11:07:54,14.12,--,97,136964,买盘
2695,11:07:51,14.12,0.01,180,254160,买盘
2696,11:07:48,14.11,-0.01,83,117113,卖盘
2697,11:07:45,14.12,--,9,12708,买盘
2698,11:07:42,14.12,--,217,306404,买盘
2699,11:07:39,14.12,--,99,139788,买盘
2700,11:07:36,14.12,--,94,132728,买盘
2701,11:07:33,14.12,--,66,93192,买盘
2702,11:07:30,14.12,--,105,148260,买盘
2703,11:07:27,14.12,--,51,72012,买盘
2704,11:07:24,14.12,--,108,152496,买盘
2705,11:07:21,14.12,0.01,28,39536,买盘
2706,11:07:18,14.11,--,449,633539,卖盘
2707,11:07:15,14.11,-0.01,19,26809,卖盘
2708,11:07:12,14.12,--,335,473020,买盘
2709,11:07:09,14.12,--,445,628340,买盘
2710,11:07:06,14.12,--,270,381240,买盘
2711,11:07:03,14.12,0.01,46,64952,买盘
2712,11:07:00,14.11,-0.01,42,59262,卖盘
2713,11:06:57,14.12,--,261,368532,买盘
2714,11:06:54,14.12,0.02,136,192032,买盘
2715,11:06:51,14.1,-0.02,268,377880,卖盘
2716,11:06:48,14.12,--,304,429248,买盘
2717,11:06:45,14.12,--,57,80484,买盘
2718,11:06:42,14.12,--,185,261220,买盘
2719,11:06:39,14.12,--,136,192032,买盘
2720,11:06:36,14.12,--,165,232980,买盘
2721,11:06:33,14.12,0.01,299,422188,买盘
2722,11:06:30,14.11,--,71,100181,买盘
2723,11:06:27,14.11,-0.01,717,1011687,卖盘
2724,11:06:24,14.12,0.01,187,264044,买盘
2725,11:06:21,14.11,-0.01,128,180608,卖盘
2726,11:06:18,14.12,0.01,114,160968,买盘
2727,11:06:15,14.11,--,92,129812,买盘
2728,11:06:12,14.11,--,419,591209,卖盘
2729,11:06:09,14.11,-0.01,252,355572,卖盘
2730,11:06:06,14.12,0.01,331,467372,买盘
2731,11:06:03,14.11,--,50,70550,卖盘
2732,11:06:00,14.11,--,347,489617,卖盘
2733,11:05:57,14.11,-0.01,261,368271,卖盘
2734,11:05:54,14.12,--,23,32476,买盘
2735,11:05:51,14.12,--,87,122844,买盘
