,time,price,change,volume,amount,type
0,15:00:03,6.91,0.01,14529,10039580,买盘
1,14:57:00,6.9,--,177,122212,买盘
2,14:56:57,6.9,0.01,151,104190,买盘
3,14:56:54,6.89,--,246,169494,卖盘
4,14:56:51,6.89,--,611,420979,卖盘
5,14:56:48,6.89,-0.01,107,73723,卖盘
6,14:56:45,6.9,--,143,98670,买盘
7,14:56:42,6.9,0.01,45,31050,买盘
8,14:56:39,6.89,-0.01,169,116441,卖盘
9,14:56:36,6.9,--,565,389850,买盘
10,14:56:33,6.9,0.01,28,19320,买盘
11,14:56:30,6.89,-0.01,388,267332,卖盘
12,14:56:27,6.9,--,1050,725107,卖盘
13,14:56:24,6.9,--,81,55890,卖盘
14,14:56:21,6.9,--,336,231840,卖盘
15,14:56:18,6.9,--,40,27600,卖盘
16,14:56:15,6.9,--,246,169740,卖盘
17,14:56:12,6.9,--,1047,723064,买盘
18,14:56:09,6.9,--,515,355350,买盘
19,14:56:06,6.9,--,179,123510,买盘
20,14:56:03,6.9,--,406,280140,买盘
21,14:56:00,6.9,0.01,123,84870,买盘
22,14:55:57,6.89,-0.01,71,48919,卖盘
23,14:55:54,6.9,--,685,472650,买盘
24,14:55:51,6.9,--,559,385710,买盘
25,14:55:48,6.9,--,188,129720,买盘
26,14:55:45,6.9,--,344,237360,买盘
27,14:55:42,6.9,--,672,463680,买盘
28,14:55:39,6.9,--,153,105570,买盘
29,14:55:36,6.9,--,2583,1782270,买盘
30,14:55:33,6.9,--,824,568560,买盘
31,14:55:30,6.9,--,45,31050,买盘
32,14:55:27,6.9,--,318,219420,买盘
33,14:55:24,6.9,--,52,35880,买盘
34,14:55:21,6.9,--,1607,1108830,买盘
35,14:55:18,6.9,0.01,145,100050,买盘
36,14:55:15,6.89,--,665,458185,卖盘
37,14:55:12,6.89,--,225,155025,卖盘
38,14:55:09,6.89,--,635,437515,卖盘
39,14:55:06,6.89,-0.01,486,334854,卖盘
40,14:55:03,6.9,0.01,160,110400,买盘
41,14:55:00,6.89,-0.01,137,94393,卖盘
42,14:54:57,6.9,--,165,113850,买盘
43,14:54:54,6.9,--,221,152490,买盘
44,14:54:51,6.9,--,130,89700,买盘
45,14:54:48,6.9,0.01,452,311880,买盘
46,14:54:45,6.89,--,270,186030,卖盘
47,14:54:42,6.89,-0.01,786,541554,卖盘
48,14:54:39,6.9,0.01,87,60030,买盘
49,14:54:36,6.89,-0.01,37,25493,卖盘
50,14:54:33,6.9,0.01,177,122130,买盘
51,14:54:30,6.89,--,570,392730,卖盘
52,14:54:27,6.89,-0.01,580,399620,卖盘
53,14:54:24,6.9,0.01,208,143520,买盘
54,14:54:21,6.89,-0.01,112,77168,卖盘
55,14:54:18,6.9,0.01,184,126960,买盘
56,14:54:15,6.89,--,170,117130,卖盘
57,14:54:12,6.89,--,224,154336,卖盘
58,14:54:09,6.89,--,832,573248,买盘
59,14:54:06,6.89,--,614,423046,买盘
60,14:54:03,6.89,--,1754,1208506,买盘
61,14:54:00,6.89,--,650,448263,买盘
62,14:53:57,6.89,--,1757,1210573,买盘
63,14:53:54,6.89,--,221,152269,买盘
64,14:53:51,6.89,--,621,427869,买盘
65,14:53:48,6.89,--,525,361725,买盘
66,14:53:45,6.89,0.01,144,99216,买盘
67,14:53:42,6.88,-0.01,260,178880,卖盘
68,14:53:39,6.89,--,370,254930,卖盘
69,14:53:36,6.89,--,3442,2371538,卖盘
70,14:53:33,6.89,--,733,505037,卖盘
71,14:53:30,6.89,--,139,95771,卖盘
72,14:53:27,6.89,--,1038,715182,卖盘
73,14:53:24,6.89,--,445,306605,卖盘
74,14:53:21,6.89,--,2359,1625351,卖盘
75,14:53:18,6.89,-0.01,97,66833,卖盘
76,14:53:15,6.9,0.01,676,466440,买盘
77,14:53:12,6.89,-0.01,181,124709,卖盘
78,14:53:09,6.9,0.01,446,307740,买盘
79,14:53:06,6.89,-0.01,2635,1815515,卖盘
80,14:53:03,6.9,--,77,53130,买盘
81,14:53:00,6.9,0.01,810,558900,买盘
82,14:52:57,6.89,-0.01,283,194987,卖盘
83,14:52:54,6.9,--,269,185610,买盘
84,14:52:51,6.9,--,553,381570,买盘
85,14:52:48,6.9,0.01,134,92460,买盘
86,14:52:45,6.89,-0.01,103,70967,卖盘
87,14:52:42,6.9,--,4,2760,买盘
88,14:52:39,6.9,0.01,26,17940,买盘
89,14:52:36,6.89,--,433,298337,卖盘
90,14:52:33,6.89,--,30,20670,卖盘
91,14:52:30,6.89,--,17,11713,卖盘
92,14:52:27,6.89,-0.01,106,73034,卖盘
93,14:52:24,6.9,0.01,604,416760,买盘
94,14:52:21,6.89,--,398,274222,卖盘
95,14:52:18,6.89,-0.01,678,467142,卖盘
96,14:52:15,6.9,--,295,203550,买盘
97,14:52:12,6.9,--,345,238050,买盘
98,14:52:09,6.9,--,341,235290,买盘
99,14:52:06,6.9,--,71,48990,买盘
100,14:52:03,6.9,--,301,207690,买盘
101,14:52:00,6.9,0.01,180,124200,买盘
102,14:51:57,6.89,-0.01,1071,737919,卖盘
103,14:51:54,6.9,--,267,184230,买盘
104,14:51:51,6.9,0.01,182,125580,买盘
105,14:51:48,6.89,--,65,44785,卖盘
106,14:51:45,6.89,-0.01,1549,1067261,卖盘
107,14:51:42,6.9,--,137,94530,买盘
108,14:51:39,6.9,--,68,46920,买盘
109,14:51:36,6.9,--,704,485760,买盘
110,14:51:33,6.9,0.01,303,209070,买盘
111,14:51:30,6.89,-0.01,151,104039,卖盘
112,14:51:27,6.9,--,1969,1358610,买盘
113,14:51:24,6.9,-0.01,563,388663,卖盘
114,14:51:21,6.91,0.01,19,13129,买盘
115,14:51:18,6.9,--,110,75900,卖盘
116,14:51:15,6.9,--,92,63480,卖盘
117,14:51:12,6.9,--,490,338100,卖盘
118,14:51:09,6.9,--,1098,757620,卖盘
119,14:51:06,6.9,--,170,117300,卖盘
120,14:51:03,6.9,--,596,411240,卖盘
121,14:51:00,6.9,--,248,171120,卖盘
122,14:50:57,6.9,-0.01,2091,1442790,卖盘
123,14:50:54,6.91,--,707,488537,买盘
124,14:50:51,6.91,0.01,354,244614,买盘
125,14:50:48,6.9,--,8507,5869830,卖盘
126,14:50:45,6.9,--,2736,1887840,卖盘
127,14:50:42,6.9,--,5681,3919890,卖盘
128,14:50:39,6.9,-0.01,257,177330,卖盘
129,14:50:36,6.91,--,300,207300,买盘
130,14:50:33,6.91,--,83,57353,买盘
131,14:50:30,6.91,--,158,109178,买盘
132,14:50:27,6.91,--,16,11056,买盘
133,14:50:24,6.91,--,66,45606,买盘
134,14:50:21,6.91,--,49,33859,买盘
135,14:50:18,6.91,--,235,162385,买盘
136,14:50:15,6.91,--,210,145110,买盘
137,14:50:12,6.91,--,11,7601,买盘
138,14:50:09,6.91,--,93,64263,买盘
139,14:50:06,6.91,--,55,38005,买盘
140,14:50:03,6.91,--,120,82920,买盘
141,14:50:00,6.91,--,1414,977074,卖盘
142,14:49:57,6.91,-0.01,60,41460,卖盘
143,14:49:54,6.92,--,30,20760,买盘
144,14:49:51,6.92,0.01,28,19376,买盘
145,14:49:48,6.91,--,67,46297,卖盘
146,14:49:45,6.91,--,131,90521,卖盘
147,14:49:42,6.91,--,92,63572,卖盘
148,14:49:39,6.91,--,30,20730,卖盘
149,14:49:36,6.91,-0.01,149,102959,卖盘
150,14:49:33,6.92,0.01,91,62972,买盘
151,14:49:30,6.91,-0.01,157,108487,卖盘
152,14:49:27,6.92,0.01,93,64356,买盘
153,14:49:24,6.91,-0.01,82,56662,卖盘
154,14:49:21,6.92,0.01,129,89268,买盘
155,14:49:18,6.91,--,92,63572,卖盘
156,14:49:15,6.91,-0.01,83,57353,卖盘
157,14:49:12,6.92,0.01,301,208292,买盘
158,14:49:09,6.91,--,30,20730,卖盘
159,14:49:06,6.91,-0.01,60,41460,卖盘
160,14:49:03,6.92,0.01,12,8304,买盘
161,14:49:00,6.91,0.01,22,15202,中性盘
162,14:48:57,6.9,-0.01,320,220800,卖盘
163,14:48:54,6.91,--,837,578367,买盘
164,14:48:51,6.91,0.01,22,15202,买盘
165,14:48:48,6.9,-0.01,96,66240,卖盘
166,14:48:45,6.91,0.01,258,178278,买盘
167,14:48:42,6.9,--,327,225630,卖盘
168,14:48:39,6.9,--,1582,1091580,卖盘
169,14:48:36,6.9,-0.01,374,258060,卖盘
170,14:48:33,6.91,0.01,122,84302,买盘
171,14:48:30,6.9,--,1105,762450,卖盘
172,14:48:27,6.9,-0.01,17,11730,卖盘
173,14:48:24,6.91,--,132,91212,买盘
174,14:48:21,6.91,--,71,49061,买盘
175,14:48:18,6.91,0.01,36,24876,买盘
176,14:48:15,6.9,--,219,151110,卖盘
177,14:48:12,6.9,-0.01,35,24150,卖盘
178,14:48:09,6.91,--,61,42151,买盘
179,14:48:06,6.91,--,168,116088,买盘
180,14:48:03,6.91,--,30,20730,买盘
181,14:48:00,6.91,--,628,433948,买盘
182,14:47:57,6.91,0.01,5,3455,买盘
183,14:47:54,6.9,-0.01,58,40020,卖盘
184,14:47:51,6.91,--,40,27640,买盘
185,14:47:48,6.91,--,33,22803,买盘
186,14:47:45,6.91,--,119,82229,买盘
187,14:47:42,6.91,--,81,55971,卖盘
188,14:47:39,6.91,--,118,81538,卖盘
189,14:47:36,6.91,--,48,33168,卖盘
190,14:47:33,6.91,--,171,118161,买盘
191,14:47:30,6.91,--,55,38005,买盘
192,14:47:27,6.91,--,178,122998,买盘
193,14:47:24,6.91,--,85,58735,买盘
194,14:47:21,6.91,0.01,137,94667,中性盘
195,14:47:18,6.9,-0.01,229,158010,卖盘
196,14:47:15,6.91,--,247,170677,买盘
197,14:47:12,6.91,--,225,155475,卖盘
198,14:47:09,6.91,--,92,63572,卖盘
199,14:47:06,6.91,0.01,27,18657,卖盘
200,14:47:03,6.9,--,610,420900,卖盘
201,14:47:00,6.9,-0.01,918,633420,卖盘
202,14:46:57,6.91,--,194,134054,买盘
203,14:46:54,6.91,--,644,445004,买盘
204,14:46:51,6.91,--,262,181042,买盘
205,14:46:48,6.91,--,88,60808,买盘
206,14:46:45,6.91,--,205,141655,买盘
207,14:46:42,6.91,--,274,189334,买盘
208,14:46:39,6.91,--,68,46988,买盘
209,14:46:36,6.91,--,224,154784,买盘
210,14:46:33,6.91,--,412,284692,卖盘
211,14:46:30,6.91,--,87,60117,买盘
212,14:46:27,6.91,--,214,147874,卖盘
213,14:46:24,6.91,--,10,6910,卖盘
214,14:46:21,6.91,0.01,73,50443,卖盘
215,14:46:18,6.9,-0.02,188,129720,卖盘
216,14:46:15,6.92,0.01,449,310708,买盘
217,14:46:12,6.91,-0.01,4448,3073844,卖盘
218,14:46:09,6.92,--,124,85808,买盘
219,14:46:03,6.92,0.01,19,13148,买盘
220,14:46:00,6.91,--,80,55280,卖盘
221,14:45:57,6.91,-0.01,4,2764,卖盘
222,14:45:54,6.92,--,108,74736,买盘
223,14:45:51,6.92,--,7,4844,买盘
224,14:45:48,6.92,--,1061,734419,买盘
225,14:45:45,6.92,--,75,51900,买盘
226,14:45:42,6.92,--,5,3460,买盘
227,14:45:39,6.92,--,66,45672,买盘
228,14:45:36,6.92,0.01,46,31832,买盘
229,14:45:33,6.91,-0.01,122,84302,卖盘
230,14:45:30,6.92,--,72,49824,买盘
231,14:45:27,6.92,0.01,293,202756,买盘
232,14:45:24,6.91,-0.01,106,73246,卖盘
233,14:45:21,6.92,--,361,249812,买盘
234,14:45:18,6.92,--,279,193068,买盘
235,14:45:15,6.92,--,85,58820,买盘
236,14:45:12,6.92,0.01,76,52592,买盘
237,14:45:09,6.91,-0.01,155,107105,卖盘
238,14:45:06,6.92,--,38,26296,买盘
239,14:45:03,6.92,--,21,14532,买盘
240,14:45:00,6.92,--,13,8996,买盘
241,14:44:57,6.92,--,14,9688,买盘
242,14:44:54,6.92,--,43,29756,买盘
243,14:44:51,6.92,--,87,60204,买盘
244,14:44:48,6.92,--,9,6228,买盘
245,14:44:45,6.92,--,63,43596,买盘
246,14:44:42,6.92,--,120,83040,买盘
247,14:44:39,6.92,--,85,58820,买盘
248,14:44:36,6.92,--,146,101032,买盘
249,14:44:33,6.92,--,44,30448,买盘
250,14:44:30,6.92,--,8,5536,买盘
251,14:44:27,6.92,--,27,18684,买盘
252,14:44:24,6.92,--,9,6228,买盘
253,14:44:21,6.92,--,322,223031,买盘
254,14:44:15,6.92,--,805,557433,卖盘
255,14:44:12,6.92,0.01,93,64674,买盘
256,14:44:09,6.91,-0.01,236,163076,卖盘
257,14:44:06,6.92,--,66,45672,买盘
258,14:44:03,6.92,--,258,178536,买盘
259,14:44:00,6.92,0.01,1025,709300,买盘
260,14:43:57,6.91,-0.01,125,86375,卖盘
261,14:43:54,6.92,--,45,31140,买盘
262,14:43:51,6.92,--,75,51900,买盘
263,14:43:48,6.92,--,116,80272,买盘
264,14:43:45,6.92,--,108,74736,买盘
265,14:43:42,6.92,--,54,37368,买盘
266,14:43:39,6.92,--,57,39444,买盘
267,14:43:36,6.92,--,7,4844,买盘
268,14:43:33,6.92,--,21,14532,买盘
269,14:43:30,6.92,--,98,67816,买盘
270,14:43:27,6.92,--,37,25604,买盘
271,14:43:24,6.92,--,33,22836,买盘
272,14:43:21,6.92,--,28,19376,买盘
273,14:43:18,6.92,--,367,253964,买盘
274,14:43:15,6.92,--,292,202437,卖盘
275,14:43:12,6.92,--,6,4152,卖盘
276,14:43:09,6.92,0.01,617,427282,买盘
277,14:43:06,6.91,--,34,23494,卖盘
278,14:43:03,6.91,-0.01,178,122998,卖盘
279,14:43:00,6.92,--,65,44980,买盘
280,14:42:57,6.92,--,175,121100,买盘
281,14:42:54,6.92,--,231,159852,买盘
282,14:42:51,6.92,--,52,35984,买盘
283,14:42:48,6.92,--,179,123868,买盘
284,14:42:45,6.92,--,28,19376,买盘
285,14:42:42,6.92,--,29,20068,买盘
286,14:42:39,6.92,--,72,49824,买盘
287,14:42:36,6.92,--,186,128712,买盘
288,14:42:33,6.92,--,115,79580,买盘
289,14:42:30,6.92,--,33,22836,买盘
290,14:42:27,6.92,-0.01,361,250185,卖盘
291,14:42:24,6.93,0.01,331,229383,买盘
292,14:42:21,6.92,-0.01,241,166772,卖盘
293,14:42:18,6.93,0.01,146,101178,买盘
294,14:42:15,6.92,--,170,117640,卖盘
295,14:42:12,6.92,--,17,11764,卖盘
296,14:42:09,6.92,--,27,18684,卖盘
297,14:42:06,6.92,0.01,612,423822,买盘
298,14:42:03,6.91,-0.01,9,6219,卖盘
299,14:42:00,6.92,--,3505,2425460,买盘
300,14:41:57,6.92,0.01,532,368144,买盘
301,14:41:54,6.91,-0.01,572,395252,卖盘
302,14:41:51,6.92,--,146,101032,买盘
303,14:41:48,6.92,--,178,123176,买盘
304,14:41:45,6.92,--,76,52592,买盘
305,14:41:42,6.92,--,1226,848392,买盘
306,14:41:39,6.92,--,801,554292,买盘
307,14:41:36,6.92,--,116,80272,买盘
308,14:41:33,6.92,--,74,51208,买盘
309,14:41:30,6.92,--,400,276800,买盘
310,14:41:27,6.92,--,230,159160,买盘
311,14:41:24,6.92,0.01,234,161928,买盘
312,14:41:21,6.91,-0.01,55,38005,卖盘
313,14:41:18,6.92,--,42,29064,买盘
314,14:41:15,6.92,--,11,7612,买盘
315,14:41:12,6.92,--,31,21452,买盘
316,14:41:09,6.92,--,84,58128,买盘
317,14:41:06,6.92,--,119,82348,买盘
318,14:41:03,6.92,0.01,96,66432,买盘
319,14:41:00,6.91,-0.01,955,659905,卖盘
320,14:40:57,6.92,0.01,255,176460,买盘
321,14:40:54,6.91,--,381,263271,卖盘
322,14:40:51,6.91,-0.01,148,102268,卖盘
323,14:40:48,6.92,--,191,132172,买盘
324,14:40:45,6.92,--,231,159852,买盘
325,14:40:42,6.92,--,652,451184,买盘
326,14:40:39,6.92,--,8,5536,买盘
327,14:40:36,6.92,--,103,71276,买盘
328,14:40:33,6.92,0.01,99,68508,买盘
329,14:40:30,6.91,-0.01,371,256361,卖盘
330,14:40:27,6.92,--,192,132864,买盘
331,14:40:24,6.92,--,44,30448,买盘
332,14:40:21,6.92,--,140,96880,买盘
333,14:40:18,6.92,--,40,27680,买盘
334,14:40:15,6.92,0.01,1373,950116,买盘
335,14:40:12,6.91,-0.01,52,35932,卖盘
336,14:40:09,6.92,0.01,11,7612,买盘
337,14:40:06,6.91,-0.01,92,63572,卖盘
338,14:40:03,6.92,0.01,482,333544,买盘
339,14:40:00,6.91,--,71,49061,卖盘
340,14:39:57,6.91,--,629,434639,买盘
341,14:39:54,6.91,--,1043,720713,买盘
342,14:39:51,6.91,--,313,216283,买盘
343,14:39:48,6.91,--,417,288644,买盘
344,14:39:45,6.91,--,1022,706202,买盘
345,14:39:42,6.91,--,1853,1280423,买盘
346,14:39:39,6.91,--,235,162385,买盘
347,14:39:36,6.91,--,526,363466,买盘
348,14:39:33,6.91,--,209,144419,买盘
349,14:39:30,6.91,--,767,529997,买盘
350,14:39:27,6.91,--,480,331680,买盘
351,14:39:24,6.91,--,173,119543,买盘
352,14:39:21,6.91,0.01,652,450532,买盘
353,14:39:18,6.9,-0.01,491,338790,卖盘
354,14:39:15,6.91,--,83,57353,买盘
355,14:39:12,6.91,--,1550,1071050,买盘
356,14:39:09,6.91,--,8,5528,买盘
357,14:39:06,6.91,--,823,568693,买盘
358,14:39:03,6.91,0.01,111,76701,买盘
359,14:39:00,6.9,--,74,51060,卖盘
360,14:38:57,6.9,--,60,41400,卖盘
361,14:38:54,6.9,--,581,400890,卖盘
362,14:38:51,6.9,-0.01,45,31050,卖盘
363,14:38:48,6.91,0.01,62,42842,买盘
364,14:38:45,6.9,-0.01,110,75900,卖盘
365,14:38:42,6.91,--,1226,847166,买盘
366,14:38:39,6.91,--,165,114015,买盘
367,14:38:36,6.91,0.01,15,10365,买盘
368,14:38:33,6.9,--,32,22080,卖盘
369,14:38:30,6.9,-0.01,111,76590,卖盘
370,14:38:27,6.91,--,106,73246,买盘
371,14:38:24,6.91,0.01,65,44915,买盘
372,14:38:21,6.9,-0.01,115,79350,卖盘
373,14:38:18,6.91,0.01,571,394561,买盘
374,14:38:15,6.9,-0.01,137,94530,卖盘
375,14:38:12,6.91,0.01,89,61499,买盘
376,14:38:09,6.9,-0.01,183,126270,卖盘
377,14:38:06,6.91,--,230,158930,买盘
378,14:38:03,6.91,--,43,29713,买盘
379,14:38:00,6.91,--,3911,2702501,卖盘
380,14:37:57,6.91,-0.01,259,178969,卖盘
381,14:37:54,6.92,0.01,527,364684,买盘
382,14:37:51,6.91,-0.01,304,210064,卖盘
383,14:37:48,6.92,0.01,639,442188,买盘
384,14:37:45,6.91,-0.01,162,111942,卖盘
385,14:37:42,6.92,0.01,1040,719680,买盘
386,14:37:39,6.91,--,240,165840,卖盘
387,14:37:36,6.91,-0.01,128,88448,卖盘
388,14:37:33,6.92,0.01,16,11072,买盘
389,14:37:30,6.91,-0.01,57,39387,卖盘
390,14:37:27,6.92,0.01,12,8304,买盘
391,14:37:24,6.91,-0.01,48,33168,卖盘
392,14:37:21,6.92,0.01,14,9688,买盘
393,14:37:18,6.91,-0.01,93,64263,卖盘
394,14:37:15,6.92,0.01,24,16608,买盘
395,14:37:09,6.91,-0.01,40,27640,卖盘
396,14:37:06,6.92,0.01,147,101724,买盘
397,14:37:03,6.91,--,27,18657,卖盘
398,14:37:00,6.91,-0.01,46,31786,卖盘
399,14:36:57,6.92,0.01,4048,2801216,买盘
400,14:36:54,6.91,-0.01,141,97431,卖盘
401,14:36:51,6.92,0.01,25,17300,买盘
402,14:36:48,6.91,-0.01,209,144419,卖盘
403,14:36:45,6.92,0.01,992,686464,买盘
404,14:36:42,6.91,--,99,68409,卖盘
405,14:36:39,6.91,-0.01,123,84993,卖盘
406,14:36:36,6.92,--,11,7612,买盘
407,14:36:33,6.92,0.01,138,95496,买盘
408,14:36:30,6.91,-0.01,366,252906,卖盘
409,14:36:27,6.92,--,74,51208,买盘
410,14:36:24,6.92,--,45,31140,买盘
411,14:36:21,6.92,--,45,31140,买盘
412,14:36:18,6.92,--,240,166080,买盘
413,14:36:15,6.92,--,2047,1416524,买盘
414,14:36:12,6.92,--,84,58128,买盘
415,14:36:09,6.92,--,5261,3640916,卖盘
416,14:36:06,6.92,-0.01,38,26296,卖盘
417,14:36:03,6.93,--,21,14553,买盘
418,14:36:00,6.93,--,32,22176,买盘
419,14:35:57,6.93,--,31,21483,买盘
420,14:35:54,6.93,--,235,162855,买盘
421,14:35:51,6.93,--,313,216909,卖盘
422,14:35:48,6.93,--,72,49896,买盘
423,14:35:45,6.93,--,198,137214,卖盘
424,14:35:36,6.93,--,20,13860,买盘
425,14:35:33,6.93,-0.01,38,26334,卖盘
426,14:35:30,6.94,--,149,103406,买盘
427,14:35:27,6.94,--,296,205424,买盘
428,14:35:24,6.94,--,67,46498,买盘
429,14:35:21,6.94,0.01,111,77034,买盘
430,14:35:18,6.93,--,41,28413,卖盘
431,14:35:15,6.93,--,9,6237,卖盘
432,14:35:12,6.93,--,52,36036,卖盘
433,14:35:09,6.93,--,36,24948,卖盘
434,14:35:06,6.93,--,9,6237,卖盘
435,14:35:00,6.93,--,489,338877,卖盘
436,14:34:57,6.93,--,270,187110,卖盘
437,14:34:54,6.93,-0.01,318,220374,卖盘
438,14:34:51,6.94,0.01,117,81198,买盘
439,14:34:48,6.93,-0.01,18,12474,卖盘
440,14:34:45,6.94,0.01,15,10410,买盘
441,14:34:42,6.93,--,79,54747,卖盘
442,14:34:39,6.93,--,142,98406,卖盘
443,14:34:36,6.93,--,331,229383,卖盘
444,14:34:33,6.93,-0.01,111,76923,卖盘
445,14:34:30,6.94,--,16,11104,买盘
446,14:34:27,6.94,0.01,327,226938,买盘
447,14:34:21,6.93,--,23,15939,卖盘
448,14:34:18,6.93,--,36,24948,卖盘
449,14:34:15,6.93,--,35,24255,卖盘
450,14:34:12,6.93,-0.01,423,293139,卖盘
451,14:34:09,6.94,--,24,16656,买盘
452,14:34:06,6.94,--,28,19432,买盘
453,14:34:03,6.94,--,44,30536,买盘
454,14:34:00,6.94,0.01,27,18738,买盘
455,14:33:57,6.93,-0.01,206,142758,卖盘
456,14:33:54,6.94,--,15,10410,买盘
457,14:33:51,6.94,--,67,46498,买盘
458,14:33:48,6.94,--,383,265802,买盘
459,14:33:45,6.94,--,286,198484,买盘
460,14:33:42,6.94,0.01,262,181828,买盘
461,14:33:39,6.93,--,2,1386,卖盘
462,14:33:33,6.93,-0.01,10,6930,卖盘
463,14:33:30,6.94,--,41,28454,买盘
464,14:33:27,6.94,--,40,27760,买盘
465,14:33:24,6.94,--,10,6940,买盘
466,14:33:21,6.94,--,625,433750,买盘
467,14:33:18,6.94,--,106,73564,买盘
468,14:33:15,6.94,0.01,61,42334,买盘
469,14:33:12,6.93,-0.01,92,63756,卖盘
470,14:33:09,6.94,0.01,2,1388,买盘
471,14:33:06,6.93,-0.01,338,234234,卖盘
472,14:33:03,6.94,--,185,128390,买盘
473,14:33:00,6.94,--,95,65930,买盘
474,14:32:57,6.94,0.01,236,163784,买盘
475,14:32:54,6.93,--,381,264033,卖盘
476,14:32:51,6.93,-0.01,46,31878,卖盘
477,14:32:48,6.94,0.01,17,11798,买盘
478,14:32:45,6.93,-0.01,150,103950,卖盘
479,14:32:42,6.94,--,59,40946,买盘
480,14:32:36,6.94,0.01,70,48580,买盘
481,14:32:33,6.93,--,48,33264,卖盘
482,14:32:30,6.93,--,584,404712,卖盘
483,14:32:24,6.93,-0.01,409,283437,卖盘
484,14:32:21,6.94,--,174,120756,买盘
485,14:32:18,6.94,0.01,66,45804,买盘
486,14:32:15,6.93,-0.01,31,21483,卖盘
487,14:32:12,6.94,0.01,2,1388,买盘
488,14:32:06,6.93,-0.01,816,565488,卖盘
489,14:32:03,6.94,--,10,6940,买盘
490,14:32:00,6.94,--,16,11104,买盘
491,14:31:57,6.94,-0.01,85,58990,卖盘
492,14:31:54,6.95,0.01,158,109810,买盘
493,14:31:51,6.94,-0.01,634,439996,卖盘
494,14:31:45,6.95,0.01,7,4865,买盘
495,14:31:42,6.94,--,321,222774,卖盘
496,14:31:39,6.94,--,48,33312,卖盘
497,14:31:36,6.94,--,282,195708,卖盘
498,14:31:33,6.94,--,46,31924,卖盘
499,14:31:24,6.94,--,38,26372,卖盘
500,14:31:21,6.94,-0.01,197,136718,卖盘
501,14:31:18,6.95,0.01,15,10425,买盘
502,14:31:15,6.94,--,251,174194,卖盘
503,14:31:09,6.94,-0.01,75,52050,卖盘
504,14:31:06,6.95,0.01,13,9035,买盘
505,14:31:03,6.94,-0.01,26,18044,卖盘
506,14:31:00,6.95,0.01,224,155680,买盘
507,14:30:51,6.94,--,8,5552,卖盘
508,14:30:45,6.94,-0.01,27,18738,卖盘
509,14:30:42,6.95,--,5,3475,买盘
510,14:30:33,6.95,--,40,27800,买盘
511,14:30:30,6.95,0.01,20,13900,买盘
512,14:30:27,6.94,-0.01,29,20126,卖盘
513,14:30:24,6.95,0.01,17,11815,买盘
514,14:30:21,6.94,--,1,694,卖盘
515,14:30:18,6.94,--,56,38864,卖盘
516,14:30:09,6.94,-0.01,24,16656,卖盘
517,14:30:03,6.95,--,27,18765,买盘
518,14:30:00,6.95,--,77,53515,买盘
519,14:29:54,6.95,0.01,22,15290,买盘
520,14:29:48,6.94,-0.01,11,7634,卖盘
521,14:29:45,6.95,0.02,55,38225,买盘
522,14:29:42,6.93,-0.01,308,213444,卖盘
523,14:29:39,6.94,--,6,4164,买盘
524,14:29:36,6.94,--,103,71482,卖盘
525,14:29:33,6.94,--,24,16656,卖盘
526,14:29:30,6.94,--,161,111734,买盘
527,14:29:27,6.94,0.01,35,24290,买盘
528,14:29:24,6.93,-0.01,323,223839,卖盘
529,14:29:18,6.94,--,220,152680,买盘
530,14:29:15,6.94,--,12,8328,买盘
531,14:29:12,6.94,0.01,4,2776,买盘
532,14:29:09,6.93,-0.01,55,38115,卖盘
533,14:29:06,6.94,--,1,694,买盘
534,14:29:03,6.94,0.01,2,1388,买盘
535,14:29:00,6.93,-0.01,316,218988,卖盘
536,14:28:57,6.94,--,1,694,买盘
537,14:28:54,6.94,0.01,81,56214,买盘
538,14:28:51,6.93,-0.01,32,22176,卖盘
539,14:28:48,6.94,0.01,130,90220,买盘
540,14:28:45,6.93,-0.01,413,286209,卖盘
541,14:28:42,6.94,--,187,129778,买盘
542,14:28:39,6.94,--,20,13880,买盘
543,14:28:36,6.94,0.01,387,268578,买盘
544,14:28:33,6.93,--,126,87318,卖盘
545,14:28:30,6.93,--,54,37810,卖盘
546,14:28:27,6.93,-0.01,43,29799,卖盘
547,14:28:24,6.94,0.01,177,122838,买盘
548,14:28:21,6.93,--,20,13860,卖盘
549,14:28:18,6.93,-0.01,42,29106,卖盘
550,14:28:15,6.94,--,26,18044,买盘
551,14:28:12,6.94,--,256,177664,买盘
552,14:28:09,6.94,--,3136,2176384,卖盘
553,14:28:06,6.94,--,142,98548,卖盘
554,14:28:03,6.94,-0.01,8,5552,卖盘
555,14:28:00,6.95,--,80,55600,买盘
556,14:27:54,6.95,--,1,695,买盘
557,14:27:51,6.95,--,1,695,买盘
558,14:27:48,6.95,--,107,74365,买盘
559,14:27:45,6.95,--,56,38920,买盘
560,14:27:42,6.95,--,177,123015,买盘
561,14:27:39,6.95,0.01,16,11120,买盘
562,14:27:36,6.94,-0.01,10,6940,卖盘
563,14:27:33,6.95,--,105,72975,买盘
564,14:27:30,6.95,0.01,113,78535,买盘
565,14:27:27,6.94,-0.01,115,79810,卖盘
566,14:27:24,6.95,--,13,9035,买盘
567,14:27:21,6.95,0.01,2,1390,买盘
568,14:27:18,6.94,-0.01,76,52744,卖盘
569,14:27:15,6.95,--,18,12510,买盘
570,14:27:12,6.95,0.01,71,49345,买盘
571,14:27:09,6.94,-0.01,37,25678,卖盘
572,14:27:03,6.95,0.01,20,13900,买盘
573,14:27:00,6.94,-0.01,26,18044,卖盘
574,14:26:57,6.95,--,196,136220,买盘
575,14:26:54,6.95,--,133,92435,买盘
576,14:26:51,6.95,0.01,64,44480,买盘
577,14:26:48,6.94,-0.01,23,15962,卖盘
578,14:26:42,6.95,--,1,695,买盘
579,14:26:36,6.95,0.01,106,73670,买盘
580,14:26:33,6.94,-0.01,53,36782,卖盘
581,14:26:27,6.95,--,2,1390,买盘
582,14:26:24,6.95,--,61,42395,买盘
583,14:26:21,6.95,-0.01,23,15985,中性盘
584,14:26:18,6.96,0.02,781,543576,买盘
585,14:26:15,6.94,-0.01,29,20126,卖盘
586,14:26:12,6.95,--,26,18070,买盘
587,14:26:09,6.95,--,1,695,买盘
588,14:26:03,6.95,-0.01,30,21406,卖盘
589,14:26:00,6.96,0.01,377,262392,买盘
590,14:25:57,6.95,-0.01,118,82010,卖盘
591,14:25:54,6.96,--,678,471888,买盘
592,14:25:51,6.96,0.01,11,7656,买盘
593,14:25:48,6.95,--,50,34750,卖盘
594,14:25:42,6.95,-0.01,243,169024,卖盘
595,14:25:39,6.96,--,1338,931248,买盘
596,14:25:36,6.96,0.01,15,10440,买盘
597,14:25:33,6.95,--,34,23630,卖盘
598,14:25:24,6.95,--,123,85485,卖盘
599,14:25:21,6.95,-0.01,501,348195,卖盘
600,14:25:18,6.96,--,55,38280,买盘
601,14:25:15,6.96,--,31,21576,买盘
602,14:25:09,6.96,0.01,60,41760,买盘
603,14:25:06,6.95,--,488,339160,卖盘
604,14:25:03,6.95,-0.01,25,17375,卖盘
605,14:25:00,6.96,--,17,11832,买盘
606,14:24:57,6.96,--,113,78648,买盘
607,14:24:51,6.96,--,26,18096,买盘
608,14:24:48,6.96,--,115,80040,买盘
609,14:24:45,6.96,--,42,29232,买盘
610,14:24:39,6.96,--,26,18096,买盘
611,14:24:36,6.96,--,44,30624,买盘
612,14:24:30,6.96,0.01,117,81432,买盘
613,14:24:27,6.95,-0.01,391,271745,卖盘
614,14:24:24,6.96,--,159,110664,买盘
615,14:24:21,6.96,--,413,287448,卖盘
616,14:24:18,6.96,-0.01,10,6960,卖盘
617,14:24:15,6.97,0.01,40,27880,买盘
618,14:24:12,6.96,--,48,33408,买盘
619,14:24:09,6.96,--,226,157296,卖盘
620,14:24:06,6.96,--,121,84216,卖盘
621,14:24:03,6.96,--,77,53592,卖盘
622,14:24:00,6.96,--,11,7656,卖盘
623,14:23:57,6.96,--,8,5568,卖盘
624,14:23:54,6.96,--,108,75168,卖盘
625,14:23:51,6.96,--,178,123888,买盘
626,14:23:48,6.96,--,64,44544,买盘
627,14:23:45,6.96,--,180,125280,买盘
628,14:23:42,6.96,--,338,235248,买盘
629,14:23:36,6.96,--,235,163560,买盘
630,14:23:33,6.96,--,48,33408,买盘
631,14:23:27,6.96,--,24,16704,买盘
632,14:23:24,6.96,--,16,11136,买盘
633,14:23:18,6.96,0.01,103,71688,买盘
634,14:23:15,6.95,-0.01,25,17375,卖盘
635,14:23:12,6.96,-0.01,921,641016,卖盘
636,14:23:09,6.97,0.01,369,257193,买盘
637,14:23:06,6.96,-0.01,1562,1087152,卖盘
638,14:23:03,6.97,0.01,87,60639,买盘
639,14:23:00,6.96,--,110,76560,卖盘
640,14:22:57,6.96,-0.01,22,15312,卖盘
641,14:22:54,6.97,0.01,41,28577,买盘
642,14:22:51,6.96,--,12,8352,卖盘
643,14:22:48,6.96,-0.01,27,18792,卖盘
644,14:22:45,6.97,0.01,12,8364,买盘
645,14:22:42,6.96,-0.01,104,72384,卖盘
646,14:22:39,6.97,0.01,121,84337,买盘
647,14:22:36,6.96,--,140,97440,卖盘
648,14:22:33,6.96,-0.01,94,65424,卖盘
649,14:22:30,6.97,--,59,41123,买盘
650,14:22:27,6.97,--,11,7667,买盘
651,14:22:24,6.97,0.01,116,80852,买盘
652,14:22:21,6.96,--,21,14616,卖盘
653,14:22:18,6.96,--,12,8352,卖盘
654,14:22:15,6.96,--,66,45936,卖盘
655,14:22:09,6.96,-0.01,707,492072,卖盘
656,14:22:06,6.97,--,224,156128,买盘
657,14:22:03,6.97,0.01,248,172856,买盘
658,14:22:00,6.96,-0.01,167,116232,卖盘
659,14:21:54,6.97,--,28,19516,买盘
660,14:21:51,6.97,0.01,1,697,买盘
661,14:21:48,6.96,--,114,79344,卖盘
662,14:21:45,6.96,-0.01,61,42456,卖盘
663,14:21:42,6.97,--,33,23001,买盘
664,14:21:39,6.97,--,451,314347,买盘
665,14:21:36,6.97,0.01,18,12546,买盘
666,14:21:33,6.96,-0.01,2,1392,卖盘
667,14:21:30,6.97,0.01,226,157522,买盘
668,14:21:27,6.96,-0.01,374,260304,卖盘
669,14:21:24,6.97,--,24,16728,买盘
670,14:21:21,6.97,--,8,5576,买盘
671,14:21:18,6.97,0.01,23,16031,买盘
672,14:21:15,6.96,--,61,42456,卖盘
673,14:21:12,6.96,--,326,226896,卖盘
674,14:21:09,6.96,-0.01,21,14616,卖盘
675,14:21:03,6.97,--,184,128248,买盘
676,14:21:00,6.97,--,12,8364,买盘
677,14:20:57,6.97,--,101,70397,买盘
678,14:20:54,6.97,0.01,110,76670,买盘
679,14:20:51,6.96,-0.01,36,25056,卖盘
680,14:20:48,6.97,--,61,42517,买盘
681,14:20:45,6.97,0.01,24,16728,买盘
682,14:20:39,6.96,-0.01,33,22968,卖盘
683,14:20:36,6.97,--,200,139400,买盘
684,14:20:33,6.97,--,35,24395,买盘
685,14:20:30,6.97,--,10,6970,买盘
686,14:20:27,6.97,--,11,7667,买盘
687,14:20:24,6.97,--,115,80155,买盘
688,14:20:21,6.97,--,4,2788,买盘
689,14:20:18,6.97,0.01,162,112914,买盘
690,14:20:15,6.96,-0.01,137,95352,卖盘
691,14:20:12,6.97,0.01,15,10455,买盘
692,14:20:09,6.96,--,20,13920,卖盘
693,14:20:06,6.96,--,10,6960,卖盘
694,14:20:03,6.96,--,40,27840,卖盘
695,14:20:00,6.96,-0.01,138,96048,卖盘
696,14:19:57,6.97,--,127,88519,买盘
697,14:19:54,6.97,--,32,22304,买盘
698,14:19:51,6.97,--,29,20213,买盘
699,14:19:48,6.97,--,17,11849,买盘
700,14:19:45,6.97,--,713,496961,买盘
701,14:19:42,6.97,0.01,187,130339,买盘
702,14:19:39,6.96,-0.01,71,49416,卖盘
703,14:19:36,6.97,--,7,4879,买盘
704,14:19:33,6.97,--,2,1394,买盘
705,14:19:27,6.97,0.01,104,72488,买盘
706,14:19:24,6.96,-0.01,86,59856,卖盘
707,14:19:21,6.97,--,256,178432,买盘
708,14:19:18,6.97,0.01,40,27880,买盘
709,14:19:15,6.96,--,83,57768,卖盘
710,14:19:12,6.96,--,53,36888,卖盘
711,14:19:09,6.96,-0.01,4,2784,卖盘
712,14:19:06,6.97,0.01,220,153340,买盘
713,14:19:03,6.96,-0.01,117,81432,卖盘
714,14:19:00,6.97,--,1,697,买盘
715,14:18:57,6.97,0.01,13,9061,买盘
716,14:18:48,6.96,--,104,72384,卖盘
717,14:18:45,6.96,-0.01,55,38280,卖盘
718,14:18:42,6.97,--,22,15334,买盘
719,14:18:39,6.97,0.01,5,3485,买盘
720,14:18:36,6.96,--,2,1392,卖盘
721,14:18:33,6.96,-0.01,59,41064,卖盘
722,14:18:30,6.97,0.01,94,65518,买盘
723,14:18:27,6.96,-0.01,1526,1062096,卖盘
724,14:18:21,6.97,0.01,20,13940,买盘
725,14:18:18,6.96,-0.01,5,3480,卖盘
726,14:18:15,6.97,--,120,83640,买盘
727,14:18:12,6.97,--,83,57851,买盘
728,14:18:09,6.97,0.01,67,46699,买盘
729,14:18:06,6.96,--,1,696,卖盘
730,14:18:03,6.96,--,3,2088,卖盘
731,14:18:00,6.96,--,34,23664,卖盘
732,14:17:57,6.96,--,81,56376,卖盘
733,14:17:54,6.96,--,606,421776,卖盘
734,14:17:51,6.96,--,27,18792,卖盘
735,14:17:48,6.96,-0.01,186,129456,卖盘
736,14:17:45,6.97,--,7,4879,买盘
737,14:17:42,6.97,0.01,31,21607,买盘
738,14:17:39,6.96,--,38,26448,买盘
739,14:17:36,6.96,0.01,272,189312,买盘
740,14:17:33,6.95,-0.02,34,23630,卖盘
741,14:17:30,6.97,0.02,1410,982770,买盘
742,14:17:27,6.95,-0.01,20,13900,卖盘
743,14:17:24,6.96,--,83,57768,买盘
744,14:17:21,6.96,0.01,20,13920,买盘
745,14:17:18,6.95,--,119,82705,卖盘
746,14:17:15,6.95,-0.01,21,14595,卖盘
747,14:17:12,6.96,--,57,39672,买盘
748,14:17:09,6.96,--,52,36192,买盘
749,14:17:06,6.96,--,394,274224,卖盘
750,14:17:03,6.96,--,16,11136,卖盘
751,14:17:00,6.96,-0.01,130,90480,中性盘
752,14:16:57,6.97,0.01,362,252314,买盘
753,14:16:54,6.96,--,35,24360,买盘
754,14:16:51,6.96,--,32,22272,卖盘
755,14:16:48,6.96,0.01,30,20880,买盘
756,14:16:45,6.95,-0.01,946,657470,卖盘
757,14:16:42,6.96,--,313,217848,卖盘
758,14:16:39,6.96,--,112,77952,卖盘
759,14:16:30,6.96,--,6,4176,卖盘
760,14:16:27,6.96,-0.01,49,34104,卖盘
761,14:16:24,6.97,0.01,121,84337,买盘
762,14:16:21,6.96,--,88,61248,卖盘
763,14:16:18,6.96,--,15,10440,卖盘
764,14:16:15,6.96,--,260,180960,卖盘
765,14:16:12,6.96,--,1691,1176936,买盘
766,14:16:09,6.96,--,51,35496,买盘
767,14:16:06,6.96,0.01,262,182352,买盘
768,14:16:03,6.95,-0.01,21,14595,卖盘
769,14:16:00,6.96,--,299,208104,买盘
770,14:15:57,6.96,--,155,107880,买盘
771,14:15:51,6.96,--,12,8352,买盘
772,14:15:48,6.96,0.01,192,133632,买盘
773,14:15:45,6.95,-0.01,28,19460,卖盘
774,14:15:42,6.96,--,532,370272,买盘
775,14:15:39,6.96,0.01,2,1392,买盘
776,14:15:36,6.95,-0.01,70,48650,卖盘
777,14:15:30,6.96,--,96,66816,买盘
778,14:15:27,6.96,--,34,23664,买盘
779,14:15:21,6.96,0.01,41,28536,买盘
780,14:15:18,6.95,-0.01,52,36140,卖盘
781,14:15:15,6.96,--,1,696,买盘
782,14:15:12,6.96,0.01,173,120408,买盘
783,14:15:09,6.95,-0.01,61,42395,卖盘
784,14:15:06,6.96,--,104,72384,买盘
785,14:15:03,6.96,--,19,13224,买盘
786,14:15:00,6.96,0.01,12,8352,买盘
787,14:14:57,6.95,-0.01,35,24742,卖盘
788,14:14:54,6.96,0.01,120,83520,买盘
789,14:14:51,6.95,-0.01,125,86875,卖盘
790,14:14:48,6.96,0.01,59,41064,买盘
791,14:14:45,6.95,--,288,200160,卖盘
792,14:14:42,6.95,-0.01,16,11120,卖盘
793,14:14:39,6.96,0.01,118,82128,买盘
794,14:14:36,6.95,--,116,80620,卖盘
795,14:14:33,6.95,--,122,84790,卖盘
796,14:14:30,6.95,--,65,45175,卖盘
797,14:14:27,6.95,--,224,155680,卖盘
798,14:14:24,6.95,--,21,14595,卖盘
799,14:14:21,6.95,-0.01,6,4170,卖盘
800,14:14:18,6.96,--,105,73080,买盘
801,14:14:15,6.96,--,21,14616,买盘
802,14:14:12,6.96,0.01,23,16008,买盘
803,14:14:09,6.95,--,60,41700,卖盘
804,14:14:06,6.95,-0.01,9,6255,卖盘
805,14:14:03,6.96,--,10,6960,买盘
806,14:14:00,6.96,0.01,89,61944,买盘
807,14:13:57,6.95,-0.01,71,49345,卖盘
808,14:13:54,6.96,--,35,24360,买盘
809,14:13:51,6.96,0.01,22,15312,买盘
810,14:13:48,6.95,-0.01,33,22935,卖盘
811,14:13:45,6.96,0.01,39,27144,买盘
812,14:13:42,6.95,-0.01,194,134830,卖盘
813,14:13:39,6.96,--,70,48720,买盘
814,14:13:33,6.96,--,231,160776,买盘
815,14:13:30,6.96,--,21,14616,买盘
816,14:13:27,6.96,--,76,52896,买盘
817,14:13:24,6.96,--,72,50112,买盘
818,14:13:18,6.96,--,100,69600,买盘
819,14:13:15,6.96,0.01,1,696,买盘
820,14:13:12,6.95,-0.01,35,24325,卖盘
821,14:13:09,6.96,--,61,42456,买盘
822,14:13:06,6.96,0.01,94,65424,买盘
823,14:13:00,6.95,--,1512,1050840,买盘
824,14:12:57,6.95,--,1,695,买盘
825,14:12:54,6.95,--,814,565730,买盘
826,14:12:51,6.95,--,122,84790,买盘
827,14:12:48,6.95,--,408,283560,买盘
828,14:12:45,6.95,--,170,118150,买盘
829,14:12:42,6.95,--,52,36140,买盘
830,14:12:39,6.95,--,1,695,买盘
831,14:12:36,6.95,--,173,120235,买盘
832,14:12:33,6.95,--,202,140390,买盘
833,14:12:30,6.95,--,106,73670,买盘
834,14:12:27,6.95,0.01,2,1390,买盘
835,14:12:24,6.94,-0.01,232,161008,卖盘
836,14:12:21,6.95,--,17,11815,买盘
837,14:12:15,6.95,--,20,13900,买盘
838,14:12:12,6.95,--,95,66025,买盘
839,14:12:09,6.95,0.01,196,136220,买盘
840,14:12:06,6.94,-0.01,75,52050,卖盘
841,14:12:03,6.95,--,3,2085,买盘
842,14:12:00,6.95,0.01,154,107030,买盘
843,14:11:57,6.94,-0.01,244,169336,卖盘
844,14:11:54,6.95,0.01,139,96605,买盘
845,14:11:51,6.94,-0.01,31,21514,卖盘
846,14:11:48,6.95,--,10,6950,买盘
847,14:11:45,6.95,--,41,28495,买盘
848,14:11:42,6.95,0.01,485,337075,买盘
849,14:11:39,6.94,-0.01,530,367820,卖盘
850,14:11:36,6.95,--,85,59075,买盘
851,14:11:33,6.95,--,29,20155,买盘
852,14:11:30,6.95,--,20,13900,买盘
853,14:11:27,6.95,--,7,4865,买盘
854,14:11:24,6.95,0.02,19,13205,买盘
855,14:11:18,6.93,-0.01,924,640332,卖盘
856,14:11:15,6.94,--,2,1388,买盘
857,14:11:12,6.94,--,174,120756,买盘
858,14:11:09,6.94,0.01,40,27760,买盘
859,14:11:06,6.93,-0.01,101,69993,卖盘
860,14:11:00,6.94,0.01,268,185992,买盘
861,14:10:57,6.93,--,206,142758,卖盘
862,14:10:51,6.93,--,95,65835,买盘
863,14:10:48,6.93,--,146,101178,买盘
864,14:10:45,6.93,--,250,173250,买盘
865,14:10:42,6.93,--,471,326403,卖盘
866,14:10:39,6.93,-0.02,13,9009,卖盘
867,14:10:36,6.95,0.02,550,382250,买盘
868,14:10:33,6.93,-0.01,42,29106,卖盘
869,14:10:30,6.94,--,79,54826,买盘
870,14:10:27,6.94,0.02,2,1388,买盘
871,14:10:24,6.92,-0.02,905,626260,卖盘
872,14:10:21,6.94,0.01,5,3470,买盘
873,14:10:18,6.93,--,1365,945945,买盘
874,14:10:15,6.93,--,111,76923,买盘
875,14:10:09,6.93,--,48,33264,买盘
876,14:10:06,6.93,--,19,13167,买盘
877,14:10:03,6.93,--,440,304920,买盘
878,14:10:00,6.93,--,1,693,买盘
879,14:09:57,6.93,--,535,370755,买盘
880,14:09:54,6.93,0.01,2,1386,买盘
881,14:09:51,6.92,-0.01,148,102416,卖盘
882,14:09:48,6.93,--,43,29799,买盘
883,14:09:45,6.93,--,328,227304,买盘
884,14:09:42,6.93,--,4,2772,买盘
885,14:09:33,6.93,0.01,120,83160,买盘
886,14:09:30,6.92,-0.01,110,76120,卖盘
887,14:09:27,6.93,--,49,33957,买盘
888,14:09:24,6.93,--,36,24948,买盘
889,14:09:21,6.93,--,20,13860,买盘
890,14:09:18,6.93,0.01,11,7623,买盘
891,14:09:15,6.92,-0.01,118,81656,卖盘
892,14:09:12,6.93,--,11,7623,买盘
893,14:09:09,6.93,--,250,173250,买盘
894,14:09:06,6.93,--,24,16632,买盘
895,14:09:03,6.93,--,161,111573,买盘
896,14:09:00,6.93,--,141,97713,买盘
897,14:08:57,6.93,--,325,225225,买盘
898,14:08:54,6.93,--,49,33957,买盘
899,14:08:51,6.93,--,354,245322,买盘
900,14:08:48,6.93,0.01,103,71379,买盘
901,14:08:45,6.92,--,128,88576,卖盘
902,14:08:42,6.92,--,173,119716,卖盘
903,14:08:39,6.92,--,45,31140,卖盘
904,14:08:36,6.92,--,72,49824,卖盘
905,14:08:33,6.92,-0.01,13,8996,卖盘
906,14:08:30,6.93,0.01,86,59598,买盘
907,14:08:27,6.92,-0.01,10,6920,卖盘
908,14:08:24,6.93,--,101,69993,买盘
909,14:08:21,6.93,--,14,9702,买盘
910,14:08:18,6.93,--,10,6930,买盘
911,14:08:15,6.93,--,33,22869,买盘
912,14:08:12,6.93,--,30,20790,买盘
913,14:08:09,6.93,0.01,32,22176,买盘
914,14:08:06,6.92,-0.01,102,70584,卖盘
915,14:08:03,6.93,--,42,29106,买盘
916,14:08:00,6.93,--,18,12474,买盘
917,14:07:57,6.93,--,23,15939,买盘
918,14:07:54,6.93,--,58,40194,买盘
919,14:07:51,6.93,--,28,19404,买盘
920,14:07:48,6.93,0.01,68,47124,买盘
921,14:07:45,6.92,--,30,20760,卖盘
922,14:07:36,6.92,0.01,1959,1355628,买盘
923,14:07:33,6.91,-0.01,40,27640,卖盘
924,14:07:30,6.92,--,36,24912,买盘
925,14:07:27,6.92,--,198,137016,买盘
926,14:07:24,6.92,--,336,232512,买盘
927,14:07:21,6.92,--,9,6228,买盘
928,14:07:18,6.92,--,35,24220,买盘
929,14:07:15,6.92,--,205,141860,买盘
930,14:07:12,6.92,--,213,147396,买盘
931,14:07:09,6.92,--,10,6920,买盘
932,14:07:06,6.92,0.01,19,13148,买盘
933,14:07:03,6.91,--,37,25567,卖盘
934,14:07:00,6.91,-0.01,73,50443,卖盘
935,14:06:57,6.92,0.01,9,6228,买盘
936,14:06:54,6.91,--,52,35932,卖盘
937,14:06:51,6.91,--,346,239086,卖盘
938,14:06:48,6.91,-0.01,60,41460,卖盘
939,14:06:45,6.92,--,40,27680,买盘
940,14:06:42,6.92,--,81,56052,买盘
941,14:06:39,6.92,--,133,92036,买盘
942,14:06:36,6.92,0.01,28,19376,买盘
943,14:06:33,6.91,-0.01,43,30265,卖盘
944,14:06:30,6.92,--,30,20760,买盘
945,14:06:27,6.92,--,61,42212,买盘
946,14:06:24,6.92,--,130,89960,买盘
947,14:06:21,6.92,--,100,69200,买盘
948,14:06:18,6.92,--,10,6920,买盘
949,14:06:15,6.92,--,2,1384,买盘
950,14:06:12,6.92,0.01,24,16608,买盘
951,14:06:09,6.91,--,63,43533,卖盘
952,14:06:06,6.91,-0.01,1,691,卖盘
953,14:06:03,6.92,--,313,216596,买盘
954,14:06:00,6.92,--,177,122484,买盘
955,14:05:57,6.92,0.01,27,18684,买盘
956,14:05:54,6.91,-0.01,30,20730,卖盘
957,14:05:51,6.92,0.01,124,85808,买盘
958,14:05:48,6.91,-0.01,9,6219,卖盘
959,14:05:45,6.92,--,36,24912,买盘
960,14:05:42,6.92,0.01,54,37368,买盘
961,14:05:39,6.91,-0.01,1,691,卖盘
962,14:05:36,6.92,--,26,17992,买盘
963,14:05:33,6.92,--,29,20068,买盘
964,14:05:30,6.92,0.01,27,18684,买盘
965,14:05:27,6.91,--,71,49061,卖盘
966,14:05:21,6.91,--,24,16584,卖盘
967,14:05:18,6.91,-0.01,240,165840,卖盘
968,14:05:15,6.92,--,192,132864,买盘
969,14:05:12,6.92,0.01,100,69200,买盘
970,14:05:09,6.91,-0.01,35,24185,卖盘
971,14:05:06,6.92,--,12,8304,买盘
972,14:05:00,6.92,--,94,65048,买盘
973,14:04:57,6.92,--,5,3460,买盘
974,14:04:54,6.92,--,263,181996,买盘
975,14:04:51,6.92,--,501,346692,卖盘
976,14:04:48,6.92,--,210,145320,买盘
977,14:04:45,6.92,--,51,35292,买盘
978,14:04:42,6.92,0.01,89,61588,买盘
979,14:04:39,6.91,-0.01,45,31095,卖盘
980,14:04:36,6.92,--,43,29756,买盘
981,14:04:33,6.92,0.01,1,692,买盘
982,14:04:30,6.91,-0.01,101,69791,卖盘
983,14:04:27,6.92,--,55,38060,买盘
984,14:04:24,6.92,--,119,82348,买盘
985,14:04:21,6.92,--,11,7612,买盘
986,14:04:18,6.92,--,218,150856,买盘
987,14:04:12,6.92,--,101,69892,买盘
988,14:04:09,6.92,--,75,51900,买盘
989,14:04:06,6.92,--,308,213136,买盘
990,14:04:03,6.92,--,1,692,买盘
991,14:04:00,6.92,0.01,10,6920,买盘
992,14:03:57,6.91,-0.01,43,29713,卖盘
993,14:03:54,6.92,--,1,692,买盘
994,14:03:51,6.92,--,42,29064,买盘
995,14:03:48,6.92,-0.01,2392,1655264,卖盘
996,14:03:45,6.93,0.01,17,11781,买盘
997,14:03:42,6.92,-0.01,10,6920,卖盘
998,14:03:39,6.93,--,12,8316,买盘
999,14:03:36,6.93,--,1,693,买盘
1000,14:03:33,6.93,0.01,13,9009,买盘
1001,14:03:30,6.92,--,139,96188,卖盘
1002,14:03:27,6.92,--,53,36676,卖盘
1003,14:03:24,6.92,-0.01,28,19376,卖盘
1004,14:03:21,6.93,0.01,74,51282,买盘
1005,14:03:18,6.92,--,50,34600,卖盘
1006,14:03:15,6.92,--,3,2076,卖盘
1007,14:03:12,6.92,-0.01,20,13840,卖盘
1008,14:03:09,6.93,--,58,40194,买盘
1009,14:03:06,6.93,0.01,2100,1455300,买盘
1010,14:03:03,6.92,-0.01,63,43596,卖盘
1011,14:03:00,6.93,--,201,139293,买盘
1012,14:02:57,6.93,--,250,173250,买盘
1013,14:02:54,6.93,0.01,104,72072,买盘
1014,14:02:51,6.92,--,200,138400,卖盘
1015,14:02:48,6.92,-0.01,8,5536,卖盘
1016,14:02:45,6.93,0.01,6,4158,买盘
1017,14:02:42,6.92,-0.01,11,7612,卖盘
1018,14:02:39,6.93,--,5,3465,买盘
1019,14:02:36,6.93,0.01,20,13860,买盘
1020,14:02:30,6.92,-0.01,41,28372,卖盘
1021,14:02:27,6.93,--,19,13167,买盘
1022,14:02:24,6.93,0.01,4,2772,买盘
1023,14:02:21,6.92,--,5,3460,卖盘
1024,14:02:18,6.92,-0.01,66,45672,卖盘
1025,14:02:15,6.93,0.01,178,123354,买盘
1026,14:02:12,6.92,--,62,42904,卖盘
1027,14:02:09,6.92,--,21,14532,卖盘
1028,14:02:06,6.92,--,28,19376,卖盘
1029,14:02:03,6.92,-0.01,16,11072,卖盘
1030,14:02:00,6.93,--,40,27720,买盘
1031,14:01:57,6.93,--,15,10395,买盘
1032,14:01:54,6.93,0.01,9,6237,买盘
1033,14:01:51,6.92,--,20,13840,卖盘
1034,14:01:48,6.92,--,38,26296,卖盘
1035,14:01:42,6.92,-0.01,30,20760,卖盘
1036,14:01:36,6.93,0.01,22,15246,买盘
1037,14:01:33,6.92,--,44,30448,卖盘
1038,14:01:30,6.92,--,17,11764,卖盘
1039,14:01:24,6.92,0.01,158,110021,买盘
1040,14:01:21,6.91,-0.01,50,34550,卖盘
1041,14:01:15,6.92,--,153,105876,买盘
1042,14:01:12,6.92,--,14,9688,买盘
1043,14:01:09,6.92,--,3,2076,买盘
1044,14:01:06,6.92,--,249,172308,买盘
1045,14:01:03,6.92,--,9,6228,买盘
1046,14:01:00,6.92,--,50,34600,买盘
1047,14:00:57,6.92,--,662,458104,买盘
1048,14:00:54,6.92,--,21,14532,买盘
1049,14:00:51,6.92,--,32,22144,买盘
1050,14:00:48,6.92,--,49,33908,买盘
1051,14:00:45,6.92,0.01,90,62280,买盘
1052,14:00:42,6.91,-0.01,54,37314,卖盘
1053,14:00:39,6.92,--,1060,733520,买盘
1054,14:00:36,6.92,--,156,107952,买盘
1055,14:00:33,6.92,--,42,29064,买盘
1056,14:00:30,6.92,--,49,33908,买盘
1057,14:00:27,6.92,--,1,692,买盘
1058,14:00:24,6.92,--,221,152932,买盘
1059,14:00:21,6.92,--,10,6920,买盘
1060,14:00:18,6.92,0.01,513,354996,买盘
1061,14:00:15,6.91,--,10,6910,卖盘
1062,14:00:12,6.91,--,70,48370,卖盘
1063,14:00:09,6.91,-0.01,24,16584,卖盘
1064,14:00:03,6.92,--,2,1384,买盘
1065,14:00:00,6.92,0.01,14,9688,买盘
1066,13:59:54,6.91,--,76,52516,卖盘
1067,13:59:51,6.91,-0.01,77,53207,卖盘
1068,13:59:48,6.92,0.01,50,34600,买盘
1069,13:59:45,6.91,-0.01,110,76010,卖盘
1070,13:59:36,6.92,0.01,12,8304,买盘
1071,13:59:33,6.91,-0.01,24,16584,卖盘
1072,13:59:30,6.92,--,234,161928,买盘
1073,13:59:27,6.92,--,3,2076,买盘
1074,13:59:24,6.92,--,343,237356,买盘
1075,13:59:21,6.92,--,8,5536,买盘
1076,13:59:18,6.92,--,1191,824172,买盘
1077,13:59:15,6.92,--,69,47748,买盘
1078,13:59:12,6.92,--,64,44288,买盘
1079,13:59:09,6.92,--,67,46364,买盘
1080,13:59:06,6.92,0.01,2,1384,买盘
1081,13:59:03,6.91,-0.01,53,36761,卖盘
1082,13:59:00,6.92,--,7,4844,买盘
1083,13:58:57,6.92,--,15,10380,买盘
1084,13:58:54,6.92,--,183,126636,买盘
1085,13:58:51,6.92,0.01,500,346000,买盘
1086,13:58:48,6.91,-0.01,2018,1394438,卖盘
1087,13:58:45,6.92,--,36,24912,买盘
1088,13:58:42,6.92,0.01,7,4844,买盘
1089,13:58:39,6.91,-0.01,65,44915,卖盘
1090,13:58:36,6.92,--,68,47056,买盘
1091,13:58:33,6.92,0.01,19,13148,买盘
1092,13:58:30,6.91,-0.01,9,6219,卖盘
1093,13:58:27,6.92,0.01,32,22144,买盘
1094,13:58:24,6.91,-0.01,32,22112,卖盘
1095,13:58:21,6.92,--,13,8996,买盘
1096,13:58:18,6.92,0.01,33,22836,买盘
1097,13:58:15,6.91,--,22,15202,卖盘
1098,13:58:12,6.91,-0.01,1,691,卖盘
1099,13:58:09,6.92,--,128,88576,买盘
1100,13:58:06,6.92,0.01,200,138400,买盘
1101,13:58:03,6.91,--,160,110560,卖盘
1102,13:58:00,6.91,-0.01,100,69100,卖盘
1103,13:57:57,6.92,0.01,35,24220,买盘
1104,13:57:54,6.91,-0.01,80,55280,卖盘
1105,13:57:51,6.92,0.01,89,61588,买盘
1106,13:57:48,6.91,--,39,26949,卖盘
1107,13:57:42,6.91,--,20,13820,卖盘
1108,13:57:39,6.91,-0.01,23,15893,卖盘
1109,13:57:36,6.92,--,6,4152,买盘
1110,13:57:33,6.92,--,1,692,买盘
1111,13:57:30,6.92,--,24,16608,买盘
1112,13:57:27,6.92,--,30,20760,买盘
1113,13:57:24,6.92,--,7,4844,买盘
1114,13:57:21,6.92,0.01,16,11072,买盘
1115,13:57:18,6.91,-0.01,3792,2620272,卖盘
1116,13:57:15,6.92,--,50,34600,买盘
1117,13:57:12,6.92,--,28,19376,买盘
1118,13:57:09,6.92,--,13,8996,买盘
1119,13:57:06,6.92,0.01,61,42212,买盘
1120,13:57:03,6.91,-0.01,301,208550,卖盘
1121,13:57:00,6.92,--,24,16608,卖盘
1122,13:56:54,6.92,--,20,13840,卖盘
1123,13:56:51,6.92,--,20,13840,卖盘
1124,13:56:48,6.92,--,10,7051,买盘
1125,13:56:45,6.92,--,120,83040,买盘
1126,13:56:42,6.92,--,950,657400,卖盘
1127,13:56:39,6.92,-0.01,516,357072,卖盘
1128,13:56:36,6.93,--,9,6237,买盘
1129,13:56:33,6.93,--,548,379764,买盘
1130,13:56:30,6.93,0.01,64,44352,买盘
1131,13:56:27,6.92,--,2,1384,卖盘
1132,13:56:24,6.92,--,20,13840,卖盘
1133,13:56:21,6.92,--,32,22144,卖盘
1134,13:56:18,6.92,--,587,406204,卖盘
1135,13:56:12,6.92,-0.01,59,40828,卖盘
1136,13:56:09,6.93,0.01,162,112266,买盘
1137,13:56:06,6.92,--,60,41520,卖盘
1138,13:56:03,6.92,--,82,56744,卖盘
1139,13:56:00,6.92,--,33,22836,卖盘
1140,13:55:57,6.92,--,35,24220,卖盘
1141,13:55:54,6.92,--,1000,692000,卖盘
1142,13:55:51,6.92,--,12,8304,卖盘
1143,13:55:45,6.92,--,63,43596,卖盘
1144,13:55:42,6.92,--,52,35984,买盘
1145,13:55:39,6.92,--,154,106568,买盘
1146,13:55:36,6.92,0.01,46,31832,买盘
1147,13:55:33,6.91,-0.01,2025,1399275,卖盘
1148,13:55:30,6.92,0.01,23,15916,买盘
1149,13:55:27,6.91,--,165,114015,卖盘
1150,13:55:24,6.91,-0.01,77,53207,卖盘
1151,13:55:21,6.92,0.01,60,41520,买盘
1152,13:55:18,6.91,--,1432,989512,买盘
1153,13:55:15,6.91,0.01,40,27640,买盘
1154,13:55:12,6.9,--,257,177330,卖盘
1155,13:55:09,6.9,-0.01,316,218040,卖盘
1156,13:55:06,6.91,--,188,129908,买盘
1157,13:55:03,6.91,--,32,22112,买盘
1158,13:55:00,6.91,--,129,89139,买盘
1159,13:54:57,6.91,--,150,103650,买盘
1160,13:54:54,6.91,--,2153,1487723,卖盘
1161,13:54:51,6.91,-0.01,27,18657,卖盘
1162,13:54:48,6.92,0.01,10050,6954600,买盘
1163,13:54:45,6.91,-0.01,208,143728,卖盘
1164,13:54:42,6.92,--,59,40828,买盘
1165,13:54:39,6.92,--,161,111412,买盘
1166,13:54:36,6.92,--,124,85808,买盘
1167,13:54:33,6.92,--,266,184072,买盘
1168,13:54:30,6.92,--,50,34600,买盘
1169,13:54:27,6.92,-0.01,35,24220,买盘
1170,13:54:24,6.93,0.01,179,124642,买盘
1171,13:54:21,6.92,--,110,76120,卖盘
1172,13:54:18,6.92,--,102,70680,买盘
1173,13:54:15,6.92,--,94,65048,买盘
1174,13:54:12,6.92,--,88,60896,买盘
1175,13:54:06,6.92,--,255,176460,买盘
1176,13:54:03,6.92,--,250,173622,卖盘
1177,13:54:00,6.92,--,309,213828,卖盘
1178,13:53:57,6.92,--,648,448416,卖盘
1179,13:53:54,6.92,--,80,55360,卖盘
1180,13:53:51,6.92,--,5471,3786001,卖盘
1181,13:53:48,6.92,--,467,323164,卖盘
1182,13:53:45,6.92,-0.01,8,5536,卖盘
1183,13:53:42,6.93,--,1013,702009,买盘
1184,13:53:39,6.93,--,50,34650,买盘
1185,13:53:36,6.93,--,51,35343,买盘
1186,13:53:33,6.93,--,135,93555,买盘
1187,13:53:30,6.93,--,69,47817,买盘
1188,13:53:24,6.93,--,471,326403,卖盘
1189,13:53:21,6.93,--,41,28413,买盘
1190,13:53:18,6.93,-0.01,1358,941094,卖盘
1191,13:53:15,6.94,0.01,33,22902,买盘
1192,13:53:12,6.93,--,5,3465,卖盘
1193,13:53:09,6.93,-0.01,6,4158,卖盘
1194,13:53:06,6.94,0.01,1,694,买盘
1195,13:53:03,6.93,--,47,32571,卖盘
1196,13:53:00,6.93,--,715,495495,卖盘
1197,13:52:57,6.93,--,20,13860,卖盘
1198,13:52:54,6.93,-0.01,994,688842,卖盘
1199,13:52:51,6.94,--,16,11104,买盘
1200,13:52:48,6.94,0.01,3,2082,买盘
1201,13:52:45,6.93,--,502,347886,卖盘
1202,13:52:42,6.93,--,110,76230,卖盘
1203,13:52:39,6.93,-0.01,21,14553,卖盘
1204,13:52:36,6.94,0.01,150,104100,买盘
1205,13:52:33,6.93,-0.01,12,8316,卖盘
1206,13:52:30,6.94,0.01,19,13186,买盘
1207,13:52:27,6.93,--,8,5544,卖盘
1208,13:52:24,6.93,-0.01,3433,2379069,卖盘
1209,13:52:18,6.94,0.01,9,6246,买盘
1210,13:52:15,6.93,-0.01,23,15939,卖盘
1211,13:52:12,6.94,0.01,22,15268,买盘
1212,13:52:09,6.93,--,470,325710,卖盘
1213,13:52:06,6.93,-0.01,63,43659,卖盘
1214,13:52:03,6.94,0.01,45,31230,买盘
1215,13:52:00,6.93,--,132,91476,卖盘
1216,13:51:54,6.93,-0.01,190,131670,卖盘
1217,13:51:48,6.94,0.01,4,2776,买盘
1218,13:51:45,6.93,-0.01,482,334026,卖盘
1219,13:51:42,6.94,0.01,20,13880,买盘
1220,13:51:39,6.93,-0.01,10,6930,卖盘
1221,13:51:36,6.94,0.01,6,4164,买盘
1222,13:51:33,6.93,--,70,48510,卖盘
1223,13:51:30,6.93,-0.01,50,34650,卖盘
1224,13:51:27,6.94,--,631,437914,买盘
1225,13:51:24,6.94,--,310,215140,买盘
1226,13:51:21,6.94,--,210,145740,买盘
1227,13:51:18,6.94,--,9,6246,买盘
1228,13:51:15,6.94,--,44,30536,买盘
1229,13:51:12,6.94,--,1,694,买盘
1230,13:51:09,6.94,--,597,414456,卖盘
1231,13:51:06,6.94,--,260,180440,卖盘
1232,13:51:03,6.94,-0.01,10,6940,卖盘
1233,13:51:00,6.95,--,139,96605,买盘
1234,13:50:57,6.95,--,4,2780,买盘
1235,13:50:48,6.95,0.01,4,2780,买盘
1236,13:50:42,6.94,-0.01,180,124920,卖盘
1237,13:50:39,6.95,--,40,27800,买盘
1238,13:50:36,6.95,--,17,11815,买盘
1239,13:50:33,6.95,--,1,695,买盘
1240,13:50:30,6.95,--,2,1390,买盘
1241,13:50:27,6.95,0.01,50,34750,买盘
1242,13:50:24,6.94,-0.01,10,6940,卖盘
1243,13:50:21,6.95,0.01,28,19460,买盘
1244,13:50:15,6.94,-0.01,46,31924,卖盘
1245,13:50:09,6.95,0.01,2,1390,买盘
1246,13:50:06,6.94,-0.01,2,1388,卖盘
1247,13:50:03,6.95,--,5,3475,买盘
1248,13:50:00,6.95,0.01,5,3475,买盘
1249,13:49:57,6.94,--,105,72870,卖盘
1250,13:49:54,6.94,-0.01,120,83280,卖盘
1251,13:49:51,6.95,0.01,157,109115,买盘
1252,13:49:48,6.94,-0.01,8,5552,卖盘
1253,13:49:42,6.95,--,296,205720,买盘
1254,13:49:39,6.95,0.01,1,695,买盘
1255,13:49:36,6.94,-0.01,22,15268,卖盘
1256,13:49:33,6.95,0.01,54,37530,买盘
1257,13:49:30,6.94,--,30,20820,卖盘
1258,13:49:21,6.94,-0.01,25,17350,卖盘
1259,13:49:18,6.95,--,33,22935,买盘
1260,13:49:15,6.95,--,158,109810,买盘
1261,13:49:03,6.95,0.01,51,36001,买盘
1262,13:49:00,6.94,-0.01,103,71482,卖盘
1263,13:48:54,6.95,--,81,56295,买盘
1264,13:48:45,6.95,0.01,328,227960,买盘
1265,13:48:42,6.94,-0.01,10,6940,中性盘
1266,13:48:39,6.95,0.01,527,366577,买盘
1267,13:48:36,6.94,-0.01,24,16656,卖盘
1268,13:48:33,6.95,0.01,11,7645,买盘
1269,13:48:30,6.94,--,50,34700,卖盘
1270,13:48:15,6.94,-0.01,244,169336,卖盘
1271,13:48:09,6.95,--,4,2780,买盘
1272,13:48:03,6.95,0.01,51,35445,买盘
1273,13:47:54,6.94,-0.01,1,694,卖盘
1274,13:47:45,6.95,0.01,20,13900,买盘
1275,13:47:39,6.94,--,100,69400,卖盘
1276,13:47:36,6.94,-0.01,4,2776,卖盘
1277,13:47:33,6.95,0.01,33,22935,买盘
1278,13:47:30,6.94,--,1,694,卖盘
1279,13:47:21,6.94,-0.01,28,19432,卖盘
1280,13:47:18,6.95,0.01,8,5560,买盘
1281,13:47:15,6.94,-0.01,121,83974,卖盘
1282,13:47:09,6.95,--,3,2085,买盘
1283,13:47:06,6.95,--,542,376690,买盘
1284,13:47:03,6.95,0.01,40,27800,买盘
1285,13:47:00,6.94,--,22,15268,卖盘
1286,13:46:57,6.94,-0.01,83,57602,卖盘
1287,13:46:54,6.95,0.01,11,7645,买盘
1288,13:46:48,6.94,--,94,65236,卖盘
1289,13:46:42,6.94,--,200,138800,卖盘
1290,13:46:39,6.94,--,118,81892,卖盘
1291,13:46:36,6.94,--,20,13880,卖盘
1292,13:46:33,6.94,--,12,8328,卖盘
1293,13:46:27,6.94,--,280,194701,买盘
1294,13:46:24,6.94,--,3,2082,买盘
1295,13:46:21,6.94,--,20,13880,买盘
1296,13:46:18,6.94,--,8,5552,买盘
1297,13:46:15,6.94,--,3,2082,买盘
1298,13:46:12,6.94,0.01,200,138800,买盘
1299,13:46:09,6.93,-0.01,62,42966,卖盘
1300,13:46:06,6.94,--,8,5552,买盘
1301,13:46:00,6.94,--,5,3470,买盘
1302,13:45:57,6.94,--,5,3470,买盘
1303,13:45:54,6.94,0.01,1,694,买盘
1304,13:45:51,6.93,-0.01,80,55440,卖盘
1305,13:45:48,6.94,0.01,70,48580,买盘
1306,13:45:45,6.93,--,41,28413,卖盘
1307,13:45:39,6.93,-0.01,49,33957,卖盘
1308,13:45:36,6.94,0.01,75,52050,买盘
1309,13:45:33,6.93,--,197,136521,卖盘
1310,13:45:30,6.93,-0.01,111,76923,卖盘
1311,13:45:27,6.94,--,6,4164,买盘
1312,13:45:21,6.94,--,21,14574,买盘
1313,13:45:18,6.94,--,56,38864,买盘
1314,13:45:15,6.94,--,119,82586,买盘
1315,13:45:09,6.94,0.01,312,216528,买盘
1316,13:45:06,6.93,--,50,34650,卖盘
1317,13:45:03,6.93,--,339,234927,卖盘
1318,13:45:00,6.93,-0.01,5,3465,卖盘
1319,13:44:57,6.94,0.01,30,20820,买盘
1320,13:44:54,6.93,--,20,13860,卖盘
1321,13:44:51,6.93,-0.01,1100,762300,卖盘
1322,13:44:48,6.94,0.01,2,1388,买盘
1323,13:44:42,6.93,--,250,173250,卖盘
1324,13:44:39,6.93,--,354,245322,卖盘
1325,13:44:36,6.93,-0.01,513,355509,卖盘
1326,13:44:33,6.94,0.01,27,18738,买盘
1327,13:44:30,6.93,-0.01,130,90090,卖盘
1328,13:44:27,6.94,--,116,80504,买盘
1329,13:44:24,6.94,--,3,2082,买盘
1330,13:44:21,6.94,--,131,90914,买盘
1331,13:44:18,6.94,--,17,11798,买盘
1332,13:44:15,6.94,--,65,45110,买盘
1333,13:44:12,6.94,--,161,111734,买盘
1334,13:44:09,6.94,--,80,55520,买盘
1335,13:44:06,6.94,--,81,56214,买盘
1336,13:44:03,6.94,0.01,1,694,买盘
1337,13:44:00,6.93,--,16,11088,卖盘
1338,13:43:57,6.93,-0.01,81,56133,卖盘
1339,13:43:54,6.94,--,160,111040,买盘
1340,13:43:51,6.94,--,21,14574,买盘
1341,13:43:48,6.94,--,104,72176,买盘
1342,13:43:45,6.94,--,509,353246,买盘
1343,13:43:42,6.94,--,27,18738,买盘
1344,13:43:39,6.94,--,55,38170,买盘
1345,13:43:36,6.94,0.01,25,17350,买盘
1346,13:43:33,6.93,--,362,250866,卖盘
1347,13:43:30,6.93,--,16,11088,卖盘
1348,13:43:27,6.93,-0.01,825,571725,卖盘
1349,13:43:24,6.94,0.01,23,15962,买盘
1350,13:43:21,6.93,--,14,9702,卖盘
1351,13:43:18,6.93,--,16,11088,卖盘
1352,13:43:15,6.93,-0.01,500,346500,卖盘
1353,13:43:12,6.94,--,20,13880,买盘
1354,13:43:09,6.94,0.01,3,2082,买盘
1355,13:43:06,6.93,--,500,346500,卖盘
1356,13:43:03,6.93,--,41,28413,卖盘
1357,13:43:00,6.93,-0.01,2,1386,卖盘
1358,13:42:57,6.94,0.01,21,14574,买盘
1359,13:42:54,6.93,--,385,266805,卖盘
1360,13:42:51,6.93,--,111,76923,卖盘
1361,13:42:48,6.93,--,546,378378,卖盘
1362,13:42:45,6.93,--,900,623700,卖盘
1363,13:42:42,6.93,-0.01,62,42966,卖盘
1364,13:42:39,6.94,0.01,5,3470,买盘
1365,13:42:36,6.93,--,1245,862785,卖盘
1366,13:42:33,6.93,--,312,216216,卖盘
1367,13:42:30,6.93,-0.01,168,116424,卖盘
1368,13:42:27,6.94,--,32,22208,买盘
1369,13:42:24,6.94,--,341,236654,买盘
1370,13:42:21,6.94,--,3,2082,买盘
1371,13:42:18,6.94,0.01,33,22902,买盘
1372,13:42:15,6.93,--,356,246708,卖盘
1373,13:42:12,6.93,-0.01,149,103257,卖盘
1374,13:42:09,6.94,0.01,208,144352,买盘
1375,13:42:06,6.93,-0.01,151,104643,卖盘
1376,13:42:03,6.94,--,2,1388,买盘
1377,13:42:00,6.94,-0.01,800,555512,卖盘
1378,13:41:57,6.95,0.01,506,351670,买盘
1379,13:41:54,6.94,-0.01,164,113816,卖盘
1380,13:41:51,6.95,0.01,323,224485,买盘
1381,13:41:48,6.94,-0.01,105,72870,卖盘
1382,13:41:45,6.95,--,30,20850,买盘
1383,13:41:42,6.95,0.01,1,695,买盘
1384,13:41:39,6.94,-0.01,266,184604,卖盘
1385,13:41:36,6.95,0.01,104,72280,买盘
1386,13:41:33,6.94,--,323,224162,卖盘
1387,13:41:30,6.94,-0.01,480,333120,卖盘
1388,13:41:27,6.95,--,21,14595,买盘
1389,13:41:24,6.95,0.01,498,346110,买盘
1390,13:41:21,6.94,--,286,198484,卖盘
1391,13:41:18,6.94,-0.01,706,489964,卖盘
1392,13:41:15,6.95,--,64,44480,买盘
1393,13:41:12,6.95,--,8,5560,买盘
1394,13:41:09,6.95,0.01,733,509435,买盘
1395,13:41:06,6.94,--,50,34700,卖盘
1396,13:41:03,6.94,-0.01,6,4164,卖盘
1397,13:41:00,6.95,0.01,20,13900,买盘
1398,13:40:57,6.94,-0.01,46,31924,卖盘
1399,13:40:54,6.95,0.01,10,6950,买盘
1400,13:40:51,6.94,-0.01,50,34700,卖盘
1401,13:40:48,6.95,--,88,61160,买盘
1402,13:40:45,6.95,--,44,30580,买盘
1403,13:40:42,6.95,--,5,3475,买盘
1404,13:40:39,6.95,--,493,342635,买盘
1405,13:40:36,6.95,-0.01,2721,1891512,卖盘
1406,13:40:33,6.96,--,91,63336,买盘
1407,13:40:30,6.96,--,529,368184,买盘
1408,13:40:27,6.96,0.01,17,11832,买盘
1409,13:40:24,6.95,--,70,48650,卖盘
1410,13:40:21,6.95,-0.01,1178,818710,卖盘
1411,13:40:18,6.96,0.01,1,696,买盘
1412,13:40:12,6.95,-0.01,32,22240,卖盘
1413,13:40:09,6.96,0.01,10,6960,买盘
1414,13:40:03,6.95,--,63,43785,卖盘
1415,13:40:00,6.95,--,20,13900,卖盘
1416,13:39:57,6.95,-0.01,405,281475,卖盘
1417,13:39:54,6.96,--,86,59856,买盘
1418,13:39:51,6.96,0.01,42,29232,买盘
1419,13:39:48,6.95,-0.01,34,23630,卖盘
1420,13:39:45,6.96,--,101,70296,买盘
1421,13:39:42,6.96,--,14,9744,买盘
1422,13:39:39,6.96,--,43,29928,买盘
1423,13:39:36,6.96,--,19,13224,买盘
1424,13:39:33,6.96,0.01,822,572112,买盘
1425,13:39:30,6.95,-0.01,15,10425,卖盘
1426,13:39:27,6.96,0.01,1573,1094808,买盘
1427,13:39:24,6.95,--,5,3475,卖盘
1428,13:39:21,6.95,-0.01,35,24325,卖盘
1429,13:39:18,6.96,--,3,2088,买盘
1430,13:39:15,6.96,--,4,2784,买盘
1431,13:39:12,6.96,--,71,49416,买盘
1432,13:39:09,6.96,--,55,38280,买盘
1433,13:39:03,6.96,-0.01,1823,1268808,卖盘
1434,13:39:00,6.97,0.01,12,8364,买盘
1435,13:38:57,6.96,-0.01,100,69600,卖盘
1436,13:38:54,6.97,--,10,6970,买盘
1437,13:38:48,6.97,0.01,20,13940,买盘
1438,13:38:45,6.96,-0.01,124,86304,卖盘
1439,13:38:42,6.97,--,9,6273,买盘
1440,13:38:39,6.97,--,220,153340,买盘
1441,13:38:33,6.97,0.01,2,1394,买盘
1442,13:38:30,6.96,--,2,1392,卖盘
1443,13:38:21,6.96,-0.01,360,250560,卖盘
1444,13:38:18,6.97,--,85,59245,买盘
1445,13:38:15,6.97,--,125,87125,买盘
1446,13:38:12,6.97,0.01,23,16031,买盘
1447,13:38:09,6.96,-0.01,104,72384,卖盘
1448,13:38:06,6.97,0.01,5,3485,买盘
1449,13:38:03,6.96,-0.01,93,64728,卖盘
1450,13:38:00,6.97,--,7,4879,买盘
1451,13:37:48,6.97,0.01,64,44608,买盘
1452,13:37:45,6.96,-0.01,1,696,卖盘
1453,13:37:42,6.97,0.01,1,697,买盘
1454,13:37:39,6.96,-0.01,1926,1340496,卖盘
1455,13:37:36,6.97,--,16,11152,买盘
1456,13:37:33,6.97,0.01,16,11152,买盘
1457,13:37:30,6.96,-0.01,457,318072,卖盘
1458,13:37:27,6.97,--,85,59245,买盘
1459,13:37:21,6.97,--,136,94792,买盘
1460,13:37:18,6.97,--,10,6970,买盘
1461,13:37:15,6.97,--,7,4879,买盘
1462,13:37:12,6.97,--,2,1394,买盘
1463,13:37:09,6.97,0.01,245,170765,买盘
1464,13:37:06,6.96,-0.01,106,73776,卖盘
1465,13:37:03,6.97,0.01,18,12546,买盘
1466,13:37:00,6.96,-0.01,15,10440,卖盘
1467,13:36:57,6.97,0.01,5,3485,买盘
1468,13:36:51,6.96,-0.01,49,34104,卖盘
1469,13:36:45,6.97,0.01,1,697,买盘
1470,13:36:42,6.96,-0.01,5,3480,卖盘
1471,13:36:36,6.97,--,3,2091,买盘
1472,13:36:33,6.97,--,3,2091,买盘
1473,13:36:27,6.97,--,3,2091,买盘
1474,13:36:24,6.97,--,14,9758,买盘
1475,13:36:21,6.97,--,10,6970,买盘
1476,13:36:18,6.97,--,24,16728,买盘
1477,13:36:15,6.97,0.01,83,57851,买盘
1478,13:36:12,6.96,-0.01,100,69600,卖盘
1479,13:36:09,6.97,--,37,25789,买盘
1480,13:36:03,6.97,0.01,782,545054,买盘
1481,13:36:00,6.96,-0.01,10,6960,卖盘
1482,13:35:57,6.97,--,2,1394,买盘
1483,13:35:54,6.97,0.01,30,20910,买盘
1484,13:35:48,6.96,-0.01,20,13920,卖盘
1485,13:35:45,6.97,0.01,15,10455,买盘
1486,13:35:39,6.96,-0.01,115,80040,卖盘
1487,13:35:36,6.97,--,20,13940,买盘
1488,13:35:33,6.97,--,1,697,买盘
1489,13:35:30,6.97,--,9,6273,买盘
1490,13:35:24,6.97,--,1,697,买盘
1491,13:35:21,6.97,--,10,6970,买盘
1492,13:35:18,6.97,0.01,21,14637,买盘
1493,13:35:15,6.96,--,29,20184,卖盘
1494,13:35:12,6.96,--,2150,1496400,卖盘
1495,13:35:09,6.96,--,20,13920,卖盘
1496,13:35:06,6.96,--,200,139200,卖盘
1497,13:35:03,6.96,-0.01,5,3480,卖盘
1498,13:34:57,6.97,--,28,19516,买盘
1499,13:34:54,6.97,0.01,64,44608,买盘
1500,13:34:51,6.96,-0.01,1,696,卖盘
1501,13:34:45,6.97,--,3,2091,买盘
1502,13:34:42,6.97,0.01,10,6970,买盘
1503,13:34:39,6.96,-0.01,100,69600,卖盘
1504,13:34:33,6.97,--,6,4182,买盘
1505,13:34:30,6.97,--,192,133824,买盘
1506,13:34:27,6.97,--,55,38335,买盘
1507,13:34:24,6.97,0.01,2,1394,买盘
1508,13:34:21,6.96,-0.01,40,27840,卖盘
1509,13:34:18,6.97,0.01,10,6970,买盘
1510,13:34:15,6.96,-0.01,22,15312,卖盘
1511,13:34:09,6.97,0.01,99,69003,买盘
1512,13:34:03,6.96,-0.01,26,18096,卖盘
1513,13:34:00,6.97,0.01,11,7667,买盘
1514,13:33:57,6.96,--,155,107880,卖盘
1515,13:33:54,6.96,-0.01,93,64728,卖盘
1516,13:33:51,6.97,0.01,20,13940,买盘
1517,13:33:48,6.96,-0.01,10,6960,卖盘
1518,13:33:45,6.97,--,11,7667,买盘
1519,13:33:42,6.97,--,2,1394,买盘
1520,13:33:36,6.97,--,67,46699,买盘
1521,13:33:33,6.97,--,5,3485,买盘
1522,13:33:30,6.97,0.01,1,697,买盘
1523,13:33:24,6.96,--,70,48720,卖盘
1524,13:33:15,6.96,-0.01,61,42456,卖盘
1525,13:33:12,6.97,--,5,3485,买盘
1526,13:33:09,6.97,0.01,22,15334,买盘
1527,13:33:03,6.96,--,48,33408,卖盘
1528,13:33:00,6.96,--,292,203232,卖盘
1529,13:32:57,6.96,--,5,3480,卖盘
1530,13:32:54,6.96,--,2,1392,卖盘
1531,13:32:48,6.96,-0.01,102,70992,卖盘
1532,13:32:45,6.97,--,1,697,买盘
1533,13:32:42,6.97,--,17,11849,买盘
1534,13:32:39,6.97,--,10,6970,买盘
1535,13:32:33,6.97,--,11,7667,买盘
1536,13:32:30,6.97,--,258,179826,买盘
1537,13:32:27,6.97,0.02,3,2091,买盘
1538,13:32:24,6.95,-0.01,98,68110,卖盘
1539,13:32:21,6.96,--,87,60552,卖盘
1540,13:32:18,6.96,-0.01,20,13920,卖盘
1541,13:32:15,6.97,--,11,7667,买盘
1542,13:32:09,6.97,--,10,6970,买盘
1543,13:32:06,6.97,0.02,50,34850,买盘
1544,13:32:03,6.95,-0.02,1385,962575,卖盘
1545,13:31:57,6.97,--,40,27880,买盘
1546,13:31:54,6.97,0.01,24,16728,买盘
1547,13:31:51,6.96,--,26,18096,卖盘
1548,13:31:48,6.96,-0.01,225,156600,卖盘
1549,13:31:42,6.97,0.01,5,3485,买盘
1550,13:31:39,6.96,-0.01,21,14616,卖盘
1551,13:31:36,6.97,0.01,1,697,买盘
1552,13:31:33,6.96,--,140,97440,买盘
1553,13:31:30,6.96,--,8,5568,买盘
1554,13:31:27,6.96,--,38,26448,买盘
1555,13:31:24,6.96,--,1,696,买盘
1556,13:31:21,6.96,--,15,10440,买盘
1557,13:31:18,6.96,-0.01,586,407856,卖盘
1558,13:31:15,6.97,0.01,608,423776,买盘
1559,13:31:12,6.96,-0.01,87,60552,卖盘
1560,13:31:09,6.97,--,385,268345,买盘
1561,13:31:06,6.97,0.01,52,36244,买盘
1562,13:31:03,6.96,-0.01,90,62640,卖盘
1563,13:31:00,6.97,--,113,78761,买盘
1564,13:30:57,6.97,--,58,40426,买盘
1565,13:30:54,6.97,--,81,56457,买盘
1566,13:30:51,6.97,--,199,138703,买盘
1567,13:30:48,6.97,0.01,120,83640,买盘
1568,13:30:45,6.96,--,15,10440,卖盘
1569,13:30:42,6.96,-0.01,35,24360,卖盘
1570,13:30:39,6.97,--,30,20910,买盘
1571,13:30:36,6.97,0.01,1,697,买盘
1572,13:30:33,6.96,-0.01,180,125280,卖盘
1573,13:30:30,6.97,--,227,158219,买盘
1574,13:30:27,6.97,--,80,55760,买盘
1575,13:30:24,6.97,--,3,2091,买盘
1576,13:30:21,6.97,--,1,697,买盘
1577,13:30:18,6.97,--,5,3485,买盘
1578,13:30:15,6.97,--,3,2091,买盘
1579,13:30:12,6.97,--,16,11152,买盘
1580,13:30:06,6.97,--,1,697,买盘
1581,13:30:03,6.97,0.01,291,202827,买盘
1582,13:29:57,6.96,-0.01,50,34800,卖盘
1583,13:29:54,6.97,--,24,16728,买盘
1584,13:29:48,6.97,--,42,29274,买盘
1585,13:29:45,6.97,--,8,5576,买盘
1586,13:29:42,6.97,0.01,1,697,买盘
1587,13:29:36,6.96,-0.01,6,4176,卖盘
1588,13:29:33,6.97,--,138,96186,买盘
1589,13:29:30,6.97,0.01,100,69700,买盘
1590,13:29:24,6.96,-0.01,40,27840,卖盘
1591,13:29:21,6.97,--,7,4879,买盘
1592,13:29:18,6.97,0.01,6,4182,买盘
1593,13:29:15,6.96,--,240,167040,卖盘
1594,13:29:12,6.96,--,189,131544,买盘
1595,13:29:09,6.96,--,86,59856,买盘
1596,13:29:06,6.96,--,58,40368,买盘
1597,13:29:03,6.96,--,46,32016,买盘
1598,13:29:00,6.96,-0.01,348,242208,卖盘
1599,13:28:57,6.97,--,20,13940,买盘
1600,13:28:45,6.97,--,16,11152,买盘
1601,13:28:42,6.97,--,8,5576,买盘
1602,13:28:39,6.97,--,586,408442,买盘
1603,13:28:36,6.97,0.01,20,13940,买盘
1604,13:28:33,6.96,--,5,3480,卖盘
1605,13:28:27,6.96,-0.01,74,51504,卖盘
1606,13:28:24,6.97,0.01,518,361046,买盘
1607,13:28:21,6.96,-0.01,17,11832,卖盘
1608,13:28:18,6.97,0.01,6,4182,买盘
1609,13:28:15,6.96,--,56,38976,买盘
1610,13:28:12,6.96,-0.01,647,450312,卖盘
1611,13:28:09,6.97,0.01,4,2788,买盘
1612,13:28:06,6.96,--,358,249168,卖盘
1613,13:28:03,6.96,--,60,41760,卖盘
1614,13:27:57,6.96,-0.01,44,30624,卖盘
1615,13:27:54,6.97,--,2,1394,买盘
1616,13:27:51,6.97,--,66,46002,买盘
1617,13:27:48,6.97,--,12,8364,买盘
1618,13:27:45,6.97,--,7,4879,买盘
1619,13:27:42,6.97,--,2,1394,买盘
1620,13:27:39,6.97,0.01,4,2788,买盘
1621,13:27:36,6.96,--,142,98832,卖盘
1622,13:27:33,6.96,--,1159,806664,卖盘
1623,13:27:30,6.96,-0.01,155,107880,卖盘
1624,13:27:24,6.97,--,16,11152,买盘
1625,13:27:21,6.97,--,46,32062,买盘
1626,13:27:15,6.97,--,105,73185,买盘
1627,13:27:12,6.97,--,10,6970,买盘
1628,13:27:09,6.97,--,543,378471,买盘
1629,13:27:06,6.97,--,25,17425,买盘
1630,13:27:03,6.97,--,16,11152,买盘
1631,13:27:00,6.97,--,3,2091,买盘
1632,13:26:57,6.97,--,51,35547,买盘
1633,13:26:54,6.97,--,211,147067,买盘
1634,13:26:51,6.97,--,37,25789,买盘
1635,13:26:48,6.97,--,5,3485,买盘
1636,13:26:45,6.97,--,7,4879,买盘
1637,13:26:42,6.97,--,210,146370,买盘
1638,13:26:39,6.97,--,11,7667,买盘
1639,13:26:36,6.97,--,36,25092,买盘
1640,13:26:33,6.97,--,70,48790,买盘
1641,13:26:30,6.97,--,26,18122,买盘
1642,13:26:27,6.97,0.01,110,76670,买盘
1643,13:26:24,6.96,-0.01,37,25752,卖盘
1644,13:26:21,6.97,--,111,77367,买盘
1645,13:26:18,6.97,0.01,5,3485,买盘
1646,13:26:15,6.96,-0.01,32,22682,卖盘
1647,13:26:12,6.97,--,10,6970,买盘
1648,13:26:09,6.97,--,4,2788,买盘
1649,13:26:06,6.97,0.01,16,11152,买盘
1650,13:26:03,6.96,-0.01,178,123888,卖盘
1651,13:26:00,6.97,--,216,150552,买盘
1652,13:25:54,6.97,--,114,79458,买盘
1653,13:25:51,6.97,0.01,3,2091,买盘
1654,13:25:48,6.96,--,471,328073,买盘
1655,13:25:45,6.96,--,7,4872,买盘
1656,13:25:42,6.96,--,25,17400,买盘
1657,13:25:39,6.96,--,29,20184,买盘
1658,13:25:36,6.96,--,1,696,买盘
1659,13:25:33,6.96,--,1,696,买盘
1660,13:25:30,6.96,0.01,625,435000,买盘
1661,13:25:27,6.95,-0.01,72,50040,卖盘
1662,13:25:24,6.96,--,10,6960,买盘
1663,13:25:21,6.96,--,20,13920,买盘
1664,13:25:18,6.96,0.01,247,171912,买盘
1665,13:25:15,6.95,--,16,11120,卖盘
1666,13:25:12,6.95,-0.01,5,3475,卖盘
1667,13:25:09,6.96,--,48,33408,买盘
1668,13:25:06,6.96,--,2,1392,买盘
1669,13:25:03,6.96,0.01,32,22272,买盘
1670,13:24:57,6.95,-0.01,10,6950,卖盘
1671,13:24:51,6.96,0.01,14,9744,买盘
1672,13:24:45,6.95,-0.01,138,95910,卖盘
1673,13:24:42,6.96,--,517,359832,买盘
1674,13:24:33,6.96,--,27,18792,买盘
1675,13:24:24,6.96,0.01,17,11832,买盘
1676,13:24:15,6.95,-0.01,22,15290,卖盘
1677,13:24:12,6.96,--,155,107880,买盘
1678,13:24:09,6.96,--,46,32016,买盘
1679,13:24:03,6.96,--,10,6960,买盘
1680,13:24:00,6.96,--,25,17400,买盘
1681,13:23:57,6.96,--,28,19488,买盘
1682,13:23:54,6.96,--,5,3480,买盘
1683,13:23:48,6.96,--,2,1392,买盘
1684,13:23:45,6.96,--,20,13920,买盘
1685,13:23:42,6.96,0.01,1,696,买盘
1686,13:23:39,6.95,--,20,13900,卖盘
1687,13:23:36,6.95,-0.01,26,18070,卖盘
1688,13:23:33,6.96,--,1521,1058616,买盘
1689,13:23:27,6.96,--,30,20880,买盘
1690,13:23:18,6.96,--,67,46632,买盘
1691,13:23:15,6.96,0.01,47,32712,买盘
1692,13:23:12,6.95,-0.01,10,6950,卖盘
1693,13:23:09,6.96,0.01,2,1392,买盘
1694,13:23:06,6.95,-0.01,22,15290,卖盘
1695,13:23:03,6.96,--,93,64728,买盘
1696,13:23:00,6.96,--,3,2088,买盘
1697,13:22:57,6.96,--,36,25056,买盘
1698,13:22:54,6.96,--,10,6960,买盘
1699,13:22:51,6.96,--,2,1392,买盘
1700,13:22:48,6.96,--,124,86304,买盘
1701,13:22:45,6.96,--,30,20880,买盘
1702,13:22:42,6.96,--,10,6960,买盘
1703,13:22:39,6.96,--,32,22272,买盘
1704,13:22:36,6.96,--,69,48024,买盘
1705,13:22:33,6.96,--,220,153120,买盘
1706,13:22:30,6.96,--,20,13920,买盘
1707,13:22:27,6.96,0.01,30,20880,买盘
1708,13:22:24,6.95,-0.01,300,208500,卖盘
1709,13:22:18,6.96,--,10,6960,买盘
1710,13:22:15,6.96,--,146,101616,买盘
1711,13:22:12,6.96,--,1200,835200,买盘
1712,13:22:06,6.96,--,1315,915240,买盘
1713,13:22:00,6.96,--,170,118320,买盘
1714,13:21:57,6.96,--,28,19488,买盘
1715,13:21:54,6.96,--,30,20880,买盘
1716,13:21:51,6.96,--,28,19488,买盘
1717,13:21:45,6.96,--,40,27840,买盘
1718,13:21:42,6.96,--,28,19488,买盘
1719,13:21:39,6.96,--,600,417600,买盘
1720,13:21:36,6.96,--,97,67512,买盘
1721,13:21:33,6.96,0.01,10,6960,买盘
1722,13:21:30,6.95,-0.01,22,15290,卖盘
1723,13:21:24,6.96,0.01,425,295800,买盘
1724,13:21:21,6.95,-0.01,135,93825,卖盘
1725,13:21:18,6.96,0.01,88,61248,买盘
1726,13:21:12,6.95,-0.01,23,15985,卖盘
1727,13:21:09,6.96,--,291,202536,买盘
1728,13:21:06,6.96,--,19,13224,买盘
1729,13:21:03,6.96,--,79,54984,买盘
1730,13:21:00,6.96,--,5,3480,买盘
1731,13:20:57,6.96,0.01,28,19488,买盘
1732,13:20:54,6.95,-0.01,15,10425,卖盘
1733,13:20:51,6.96,--,210,146160,买盘
1734,13:20:48,6.96,--,6,4176,买盘
1735,13:20:45,6.96,--,5,3480,买盘
1736,13:20:42,6.96,--,114,79344,买盘
1737,13:20:39,6.96,--,59,41064,买盘
1738,13:20:36,6.96,--,18,12528,买盘
1739,13:20:33,6.96,0.01,4,2784,买盘
1740,13:20:30,6.95,-0.01,122,84790,卖盘
1741,13:20:27,6.96,--,2038,1418448,买盘
1742,13:20:24,6.96,0.01,48,33408,买盘
1743,13:20:21,6.95,--,20,13900,卖盘
1744,13:20:18,6.95,--,20,13900,卖盘
1745,13:20:09,6.95,--,35,24325,卖盘
1746,13:20:00,6.95,-0.01,23,15985,卖盘
1747,13:19:57,6.96,0.01,13,9048,买盘
1748,13:19:54,6.95,-0.01,4,2780,卖盘
1749,13:19:51,6.96,--,113,78648,买盘
1750,13:19:48,6.96,--,100,69600,买盘
1751,13:19:45,6.96,0.01,53,36888,买盘
1752,13:19:42,6.95,--,5,3475,卖盘
1753,13:19:39,6.95,-0.01,26,18070,卖盘
1754,13:19:36,6.96,--,533,370968,买盘
1755,13:19:33,6.96,--,4,2784,买盘
1756,13:19:30,6.96,--,35,24360,买盘
1757,13:19:24,6.96,--,11,7656,买盘
1758,13:19:18,6.96,--,30,20880,买盘
1759,13:19:15,6.96,0.01,9,6264,买盘
1760,13:19:09,6.95,-0.01,7,4865,卖盘
1761,13:19:06,6.96,--,20,13920,买盘
1762,13:19:00,6.96,0.01,50,34800,买盘
1763,13:18:57,6.95,-0.01,10,6950,卖盘
1764,13:18:54,6.96,--,39,27144,买盘
1765,13:18:48,6.96,0.01,3,2088,买盘
1766,13:18:42,6.95,--,140,97300,卖盘
1767,13:18:36,6.95,--,26,18348,卖盘
1768,13:18:33,6.95,--,20,13900,卖盘
1769,13:18:30,6.95,--,391,271745,卖盘
1770,13:18:27,6.95,--,408,283560,卖盘
1771,13:18:21,6.95,--,30,20850,卖盘
1772,13:18:18,6.95,--,235,163325,卖盘
1773,13:18:15,6.95,--,830,576850,买盘
1774,13:18:12,6.95,--,72,50040,买盘
1775,13:18:09,6.95,--,5,3475,买盘
1776,13:18:06,6.95,--,12,8340,买盘
1777,13:18:03,6.95,--,13,9035,买盘
1778,13:18:00,6.95,0.01,188,130660,买盘
1779,13:17:57,6.94,-0.01,6,4164,卖盘
1780,13:17:51,6.95,--,16,11120,买盘
1781,13:17:42,6.95,0.01,287,199465,买盘
1782,13:17:39,6.94,-0.01,224,156038,卖盘
1783,13:17:36,6.95,0.01,8,5560,买盘
1784,13:17:33,6.94,-0.01,536,371984,卖盘
1785,13:17:30,6.95,-0.01,53,36835,卖盘
1786,13:17:24,6.96,0.01,24,16704,买盘
1787,13:17:21,6.95,--,6,4170,卖盘
1788,13:17:18,6.95,--,120,83400,卖盘
1789,13:17:15,6.95,--,591,410745,买盘
1790,13:17:12,6.95,--,6,4170,买盘
1791,13:17:09,6.95,--,35,24325,买盘
1792,13:17:06,6.95,--,89,61855,买盘
1793,13:17:03,6.95,--,34,23630,买盘
1794,13:17:00,6.95,--,848,589360,卖盘
1795,13:16:54,6.95,-0.01,150,104250,卖盘
1796,13:16:51,6.96,--,17,11832,买盘
1797,13:16:48,6.96,--,8,5568,买盘
1798,13:16:45,6.96,--,308,214368,买盘
1799,13:16:42,6.96,0.01,401,279096,买盘
1800,13:16:36,6.95,--,187,129965,卖盘
1801,13:16:30,6.95,-0.01,180,125100,卖盘
1802,13:16:27,6.96,--,58,40368,买盘
1803,13:16:24,6.96,0.01,240,167040,买盘
1804,13:16:21,6.95,-0.01,120,83400,卖盘
1805,13:16:15,6.96,--,138,96048,买盘
1806,13:16:09,6.96,0.01,21,14616,买盘
1807,13:16:06,6.95,--,500,347500,卖盘
1808,13:15:54,6.95,-0.01,52,36140,卖盘
1809,13:15:48,6.96,--,20,13920,买盘
1810,13:15:45,6.96,--,45,31320,买盘
1811,13:15:36,6.96,--,20,13920,买盘
1812,13:15:30,6.96,0.01,532,370571,买盘
1813,13:15:27,6.95,--,5,3475,卖盘
1814,13:15:24,6.95,--,19,13205,卖盘
1815,13:15:18,6.95,--,1086,755166,买盘
1816,13:15:15,6.95,--,4,2780,买盘
1817,13:15:12,6.95,--,151,104945,买盘
1818,13:15:09,6.95,--,2,1390,买盘
1819,13:15:03,6.95,--,29,20155,买盘
1820,13:15:00,6.95,--,105,72975,买盘
1821,13:14:57,6.95,--,2,1390,买盘
1822,13:14:48,6.95,--,175,121625,买盘
1823,13:14:45,6.95,--,220,152900,买盘
1824,13:14:42,6.95,--,279,193905,买盘
1825,13:14:39,6.95,--,1,695,买盘
1826,13:14:36,6.95,--,75,52125,买盘
1827,13:14:33,6.95,--,76,52820,买盘
1828,13:14:30,6.95,--,10,6950,买盘
1829,13:14:27,6.95,--,35,24325,买盘
1830,13:14:24,6.95,--,203,141085,买盘
1831,13:14:21,6.95,--,83,57685,买盘
1832,13:14:18,6.95,--,25,17375,买盘
1833,13:14:15,6.95,--,102,70890,买盘
1834,13:14:12,6.95,--,164,114014,卖盘
1835,13:14:09,6.95,-0.01,128,89585,卖盘
1836,13:14:06,6.96,0.01,70,48720,买盘
1837,13:13:54,6.95,-0.01,10,6950,卖盘
1838,13:13:51,6.96,--,1,696,买盘
1839,13:13:48,6.96,0.01,46,32050,买盘
1840,13:13:45,6.95,-0.01,273,190395,卖盘
1841,13:13:39,6.96,--,31,21576,买盘
1842,13:13:36,6.96,0.01,52,36226,买盘
1843,13:13:33,6.95,--,22,15950,卖盘
1844,13:13:30,6.95,0.01,257,178649,买盘
1845,13:13:27,6.94,-0.01,10,6940,卖盘
1846,13:13:24,6.95,--,524,364624,买盘
1847,13:13:21,6.95,--,125,86875,买盘
1848,13:13:18,6.95,--,434,301630,买盘
1849,13:13:15,6.95,0.01,158,109810,买盘
1850,13:13:12,6.94,-0.01,128,88832,卖盘
1851,13:13:09,6.95,--,167,116065,买盘
1852,13:13:06,6.95,0.01,4,2780,买盘
1853,13:13:03,6.94,-0.01,306,212364,卖盘
1854,13:13:00,6.95,--,25,17375,买盘
1855,13:12:57,6.95,--,19,13205,买盘
1856,13:12:54,6.95,--,7,4865,买盘
1857,13:12:51,6.95,--,12,8340,买盘
1858,13:12:48,6.95,--,57,39615,买盘
1859,13:12:45,6.95,--,205,142475,买盘
1860,13:12:42,6.95,--,81,56295,买盘
1861,13:12:39,6.95,--,11,7645,买盘
1862,13:12:36,6.95,--,9,6255,买盘
1863,13:12:33,6.95,--,233,161935,买盘
1864,13:12:30,6.95,--,255,177225,买盘
1865,13:12:27,6.95,--,242,168190,买盘
1866,13:12:24,6.95,0.01,20,13900,买盘
1867,13:12:21,6.94,-0.01,31,21514,卖盘
1868,13:12:18,6.95,--,8,5560,买盘
1869,13:12:15,6.95,--,30,20850,买盘
1870,13:12:12,6.95,--,3,2085,买盘
1871,13:12:09,6.95,--,3,2085,买盘
1872,13:12:06,6.95,--,54,37530,买盘
1873,13:12:00,6.95,--,500,347500,买盘
1874,13:11:57,6.95,0.01,50,34750,买盘
1875,13:11:54,6.94,-0.01,183,127002,卖盘
1876,13:11:51,6.95,--,14,9730,买盘
1877,13:11:48,6.95,--,15,10425,买盘
1878,13:11:45,6.95,--,146,101470,买盘
1879,13:11:42,6.95,0.01,2,1390,买盘
1880,13:11:39,6.94,-0.01,319,221386,卖盘
1881,13:11:36,6.95,0.01,47,32665,买盘
1882,13:11:33,6.94,-0.01,3,2082,卖盘
1883,13:11:30,6.95,--,10,6950,买盘
1884,13:11:27,6.95,--,59,41005,买盘
1885,13:11:24,6.95,0.01,72,50040,买盘
1886,13:11:21,6.94,--,26,18044,卖盘
1887,13:11:18,6.94,-0.01,110,76340,卖盘
1888,13:11:15,6.95,--,62,43090,买盘
1889,13:11:06,6.95,--,67,46565,买盘
1890,13:11:03,6.95,--,100,69500,买盘
1891,13:11:00,6.95,0.01,33,22935,买盘
1892,13:10:57,6.94,--,104,72176,卖盘
1893,13:10:54,6.94,-0.01,6,4164,卖盘
1894,13:10:51,6.95,--,72,50040,买盘
1895,13:10:48,6.95,--,54,37530,买盘
1896,13:10:45,6.95,--,42,29190,买盘
1897,13:10:42,6.95,0.01,153,106335,买盘
1898,13:10:36,6.94,-0.01,25,17350,卖盘
1899,13:10:33,6.95,--,49,34103,买盘
1900,13:10:30,6.95,--,100,69500,买盘
1901,13:10:27,6.95,0.01,21,14595,买盘
1902,13:10:21,6.94,-0.01,127,88138,卖盘
1903,13:10:18,6.95,--,15,10425,买盘
1904,13:10:15,6.95,--,113,78535,买盘
1905,13:10:12,6.95,--,13,9035,买盘
1906,13:10:06,6.95,--,32,22240,买盘
1907,13:10:03,6.95,--,11,7645,买盘
1908,13:10:00,6.95,--,24,16680,买盘
1909,13:09:57,6.95,--,1,695,买盘
1910,13:09:54,6.95,--,17,11815,买盘
1911,13:09:51,6.95,--,61,42395,买盘
1912,13:09:48,6.95,0.01,102,70890,买盘
1913,13:09:42,6.94,-0.01,206,142964,卖盘
1914,13:09:39,6.95,--,34,23630,买盘
1915,13:09:33,6.95,--,121,84095,买盘
1916,13:09:30,6.95,0.01,2,1390,买盘
1917,13:09:27,6.94,-0.01,24,16656,卖盘
1918,13:09:24,6.95,--,1,695,买盘
1919,13:09:21,6.95,--,230,159850,买盘
1920,13:09:18,6.95,--,3,2085,买盘
1921,13:09:15,6.95,--,2,1390,买盘
1922,13:09:06,6.95,0.01,26,18070,买盘
1923,13:09:03,6.94,-0.01,120,83280,卖盘
1924,13:09:00,6.95,--,1,695,买盘
1925,13:08:54,6.95,--,5,3475,买盘
1926,13:08:51,6.95,--,18,12510,买盘
1927,13:08:48,6.95,--,10,6950,买盘
1928,13:08:42,6.95,--,1,695,买盘
1929,13:08:39,6.95,0.01,23,15985,买盘
1930,13:08:36,6.94,-0.01,7,4858,卖盘
1931,13:08:33,6.95,--,12,8340,买盘
1932,13:08:30,6.95,--,6,4170,买盘
1933,13:08:27,6.95,--,17,11815,买盘
1934,13:08:24,6.95,--,2,1390,买盘
1935,13:08:21,6.95,--,453,314835,买盘
1936,13:08:18,6.95,--,25,17375,买盘
1937,13:08:15,6.95,0.01,50,34750,买盘
1938,13:08:12,6.94,--,47,32618,卖盘
1939,13:08:09,6.94,-0.01,36,24984,卖盘
1940,13:08:06,6.95,--,4,2780,买盘
1941,13:08:03,6.95,--,23,15985,买盘
1942,13:08:00,6.95,--,10,6950,买盘
1943,13:07:57,6.95,--,1,695,买盘
1944,13:07:54,6.95,--,457,317615,买盘
1945,13:07:48,6.95,--,1,695,买盘
1946,13:07:45,6.95,--,131,91045,买盘
1947,13:07:42,6.95,--,50,34750,买盘
1948,13:07:39,6.95,--,22,15290,买盘
1949,13:07:36,6.95,0.01,11,7645,买盘
1950,13:07:33,6.94,-0.01,9,6246,卖盘
1951,13:07:30,6.95,--,136,94520,买盘
1952,13:07:27,6.95,0.01,15,10425,买盘
1953,13:07:24,6.94,-0.01,6,4164,卖盘
1954,13:07:21,6.95,--,1,695,买盘
1955,13:07:18,6.95,--,10,6950,买盘
1956,13:07:15,6.95,--,151,104945,买盘
1957,13:07:09,6.95,0.01,102,70890,买盘
1958,13:07:06,6.94,-0.01,201,139494,卖盘
1959,13:07:03,6.95,--,56,38920,买盘
1960,13:07:00,6.95,--,21,14595,买盘
1961,13:06:57,6.95,--,31,21545,买盘
1962,13:06:51,6.95,--,6,4170,买盘
1963,13:06:48,6.95,--,5,3475,买盘
1964,13:06:45,6.95,0.01,94,65330,买盘
1965,13:06:42,6.94,--,201,139494,卖盘
1966,13:06:39,6.94,-0.01,5,3470,卖盘
1967,13:06:36,6.95,--,17,11815,买盘
1968,13:06:33,6.95,--,250,173750,买盘
1969,13:06:30,6.95,--,100,69500,买盘
1970,13:06:27,6.95,--,203,141085,买盘
1971,13:06:24,6.95,--,8,5560,买盘
1972,13:06:21,6.95,--,7,4865,买盘
1973,13:06:18,6.95,0.01,4,2780,买盘
1974,13:06:15,6.94,-0.01,5,3470,卖盘
1975,13:06:12,6.95,--,29,20155,买盘
1976,13:06:09,6.95,--,7,4865,买盘
1977,13:06:06,6.95,--,673,467735,买盘
1978,13:06:03,6.95,--,43,29885,买盘
1979,13:06:00,6.95,--,4,2780,买盘
1980,13:05:57,6.95,--,10,6950,买盘
1981,13:05:54,6.95,0.01,9,6255,买盘
1982,13:05:48,6.94,-0.01,2,1388,卖盘
1983,13:05:45,6.95,--,166,115370,买盘
1984,13:05:42,6.95,--,250,173750,买盘
1985,13:05:39,6.95,--,23,15985,买盘
1986,13:05:36,6.95,--,2,1390,买盘
1987,13:05:33,6.95,--,4,2780,买盘
1988,13:05:30,6.95,-0.01,15,10425,卖盘
1989,13:05:27,6.96,--,560,389760,买盘
1990,13:05:24,6.96,0.01,1,696,买盘
1991,13:05:21,6.95,-0.01,65,45175,卖盘
1992,13:05:15,6.96,0.01,16,11136,买盘
1993,13:05:12,6.95,0.01,541,375995,买盘
1994,13:05:09,6.94,-0.01,10,6940,卖盘
1995,13:05:06,6.95,--,2,1390,买盘
1996,13:05:03,6.95,--,2,1390,买盘
1997,13:05:00,6.95,--,3,2085,买盘
1998,13:04:57,6.95,0.01,1,695,买盘
1999,13:04:54,6.94,-0.01,43,29842,卖盘
2000,13:04:51,6.95,--,21,14595,买盘
2001,13:04:48,6.95,--,132,91740,买盘
2002,13:04:42,6.95,--,52,36140,买盘
2003,13:04:39,6.95,--,280,194600,买盘
2004,13:04:33,6.95,--,1,695,买盘
2005,13:04:30,6.95,0.01,6,4170,买盘
2006,13:04:27,6.94,-0.01,100,69400,卖盘
2007,13:04:24,6.95,0.01,11,7645,买盘
2008,13:04:18,6.94,-0.01,250,173500,卖盘
2009,13:04:15,6.95,--,20,13900,买盘
2010,13:04:12,6.95,--,24,16680,买盘
2011,13:04:06,6.95,0.01,22,15290,买盘
2012,13:04:03,6.94,-0.01,5,3470,卖盘
2013,13:04:00,6.95,0.01,28,19460,买盘
2014,13:03:54,6.94,-0.01,1,694,卖盘
2015,13:03:51,6.95,0.01,6,4170,买盘
2016,13:03:48,6.94,0.01,60,41640,卖盘
2017,13:03:42,6.93,-0.02,70,48510,卖盘
2018,13:03:39,6.95,0.01,15,10425,买盘
2019,13:03:36,6.94,-0.01,1,1110,中性盘
2020,13:03:33,6.95,--,29,20155,买盘
2021,13:03:30,6.95,--,3,2085,买盘
2022,13:03:27,6.95,0.01,50,34750,买盘
2023,13:03:24,6.94,--,56,38864,买盘
2024,13:03:21,6.94,--,3,2082,买盘
2025,13:03:18,6.94,--,36,24984,卖盘
2026,13:03:15,6.94,--,10,6940,卖盘
2027,13:03:09,6.94,--,20,13880,卖盘
2028,13:03:06,6.94,-0.01,8,5552,卖盘
2029,13:03:00,6.95,0.01,160,111200,买盘
2030,13:02:57,6.94,--,14,9716,卖盘
2031,13:02:48,6.94,--,73,50662,买盘
2032,13:02:45,6.94,--,1,694,买盘
2033,13:02:39,6.94,--,20,13880,买盘
2034,13:02:36,6.94,--,35,24290,买盘
2035,13:02:30,6.94,--,12,8328,买盘
2036,13:02:24,6.94,--,61,42334,买盘
2037,13:02:21,6.94,--,10,6940,买盘
2038,13:02:18,6.94,--,9,6246,买盘
2039,13:02:15,6.94,0.01,10,6940,买盘
2040,13:02:12,6.93,--,760,526680,卖盘
2041,13:02:09,6.93,--,133,92169,卖盘
2042,13:02:03,6.93,-0.01,4,2772,卖盘
2043,13:02:00,6.94,--,10,6940,买盘
2044,13:01:57,6.94,--,75,52050,买盘
2045,13:01:54,6.94,--,25,17350,买盘
2046,13:01:51,6.94,--,69,47886,买盘
2047,13:01:45,6.94,--,7,4858,买盘
2048,13:01:39,6.94,--,8,5552,买盘
2049,13:01:36,6.94,--,13,9022,买盘
2050,13:01:33,6.94,0.01,83,57602,买盘
2051,13:01:30,6.93,-0.01,37,25641,卖盘
2052,13:01:27,6.94,--,100,69400,买盘
2053,13:01:15,6.94,--,27,18738,买盘
2054,13:01:12,6.94,0.01,20,13880,买盘
2055,13:01:09,6.93,--,147,101871,卖盘
2056,13:01:06,6.93,--,110,76230,卖盘
2057,13:01:03,6.93,-0.01,32,22176,卖盘
2058,13:01:00,6.94,--,300,208200,买盘
2059,13:00:57,6.94,0.01,4,2776,买盘
2060,13:00:54,6.93,--,160,110880,卖盘
2061,13:00:48,6.93,--,5,3465,卖盘
2062,13:00:45,6.93,-0.01,28,19404,卖盘
2063,13:00:42,6.94,--,49,34006,卖盘
2064,13:00:39,6.94,--,30,20820,卖盘
2065,13:00:36,6.94,-0.01,61,42334,卖盘
2066,13:00:33,6.95,--,3,2085,买盘
2067,13:00:24,6.95,--,19,13205,买盘
2068,13:00:15,6.95,--,7,4865,买盘
2069,13:00:12,6.95,--,2,1390,买盘
2070,13:00:09,6.95,--,8,5560,买盘
2071,13:00:06,6.95,--,290,201550,买盘
2072,13:00:03,6.95,--,5883,4088740,卖盘
2073,13:00:00,6.95,--,6,4170,卖盘
2074,11:30:00,6.95,--,520,361400,卖盘
2075,11:29:57,6.95,--,8,5560,卖盘
2076,11:29:54,6.95,--,12,8340,卖盘
2077,11:29:48,6.95,--,43,29885,卖盘
2078,11:29:45,6.95,--,39,27105,卖盘
2079,11:29:42,6.95,--,8,5560,卖盘
2080,11:29:39,6.95,--,5039,3502105,卖盘
2081,11:29:36,6.95,--,4,2780,卖盘
2082,11:29:33,6.95,-0.01,13,9035,卖盘
2083,11:29:30,6.96,0.01,298,207408,买盘
2084,11:29:27,6.95,--,14,9730,卖盘
2085,11:29:24,6.95,--,116,80620,卖盘
2086,11:29:21,6.95,--,9,6255,卖盘
2087,11:29:18,6.95,-0.01,200,139000,卖盘
2088,11:29:15,6.96,0.01,96,66816,买盘
2089,11:29:12,6.95,-0.01,5,3475,卖盘
2090,11:29:03,6.96,0.01,62,43152,买盘
2091,11:29:00,6.95,-0.01,56,38920,卖盘
2092,11:28:57,6.96,--,85,59160,买盘
2093,11:28:54,6.96,--,67,46632,买盘
2094,11:28:51,6.96,--,22,15312,买盘
2095,11:28:48,6.96,--,24,16704,买盘
2096,11:28:45,6.96,--,49,34104,买盘
2097,11:28:42,6.96,--,6,4176,买盘
2098,11:28:39,6.96,--,20,13920,买盘
2099,11:28:36,6.96,--,72,50112,买盘
2100,11:28:33,6.96,--,12,8352,买盘
2101,11:28:30,6.96,--,20,13920,买盘
2102,11:28:27,6.96,--,2,1392,买盘
2103,11:28:24,6.96,--,18,12528,买盘
2104,11:28:21,6.96,--,21,14616,买盘
2105,11:28:18,6.96,--,148,103008,买盘
2106,11:28:15,6.96,--,2,1392,买盘
2107,11:28:12,6.96,0.01,52,36192,买盘
2108,11:28:09,6.95,--,84,58380,卖盘
2109,11:28:06,6.95,-0.01,203,141085,卖盘
2110,11:28:03,6.96,--,1688,1174848,买盘
2111,11:28:00,6.96,--,1,696,买盘
2112,11:27:57,6.96,--,77,53592,买盘
2113,11:27:54,6.96,0.01,84,58464,买盘
2114,11:27:51,6.95,-0.01,11,7645,卖盘
2115,11:27:45,6.96,0.01,59,41064,买盘
2116,11:27:42,6.95,-0.01,51,35445,卖盘
2117,11:27:39,6.96,--,5,3480,买盘
2118,11:27:36,6.96,--,163,113448,买盘
2119,11:27:33,6.96,--,182,126672,买盘
2120,11:27:30,6.96,--,8,5568,买盘
2121,11:27:27,6.96,--,15,10440,买盘
2122,11:27:24,6.96,--,58,40368,买盘
2123,11:27:21,6.96,--,12,8352,买盘
2124,11:27:18,6.96,--,160,111360,买盘
2125,11:27:15,6.96,--,10,6960,买盘
2126,11:27:09,6.96,--,10,6960,买盘
2127,11:27:03,6.96,0.01,21,14616,买盘
2128,11:27:00,6.95,-0.01,10,6950,卖盘
2129,11:26:54,6.96,--,11,7656,买盘
2130,11:26:51,6.96,--,10,6960,买盘
2131,11:26:45,6.96,--,15,10440,买盘
2132,11:26:42,6.96,--,14,9744,买盘
2133,11:26:36,6.96,--,16,11136,买盘
2134,11:26:33,6.96,--,2,1392,买盘
2135,11:26:30,6.96,0.01,47,32712,买盘
2136,11:26:24,6.95,--,7,4865,卖盘
2137,11:26:21,6.95,-0.01,36,25020,卖盘
2138,11:26:18,6.96,--,80,55680,买盘
2139,11:26:15,6.96,--,61,42456,买盘
2140,11:26:12,6.96,--,115,80040,买盘
2141,11:26:09,6.96,--,58,40368,买盘
2142,11:26:06,6.96,--,43,29928,买盘
2143,11:26:03,6.96,--,141,98136,买盘
2144,11:26:00,6.96,0.01,11,7656,买盘
2145,11:25:57,6.95,-0.01,10,6950,卖盘
2146,11:25:54,6.96,0.01,26,18096,买盘
2147,11:25:51,6.95,--,217,150815,卖盘
2148,11:25:48,6.95,-0.01,50,34750,卖盘
2149,11:25:45,6.96,--,149,103704,买盘
2150,11:25:42,6.96,0.01,22,15312,买盘
2151,11:25:39,6.95,--,448,311360,卖盘
2152,11:25:36,6.95,-0.01,1024,711680,卖盘
2153,11:25:30,6.96,--,32,22272,买盘
2154,11:25:27,6.96,--,2,1392,买盘
2155,11:25:24,6.96,0.01,866,602736,买盘
2156,11:25:21,6.95,-0.01,34,23630,卖盘
2157,11:25:15,6.96,--,384,267264,买盘
2158,11:25:12,6.96,--,23,16008,买盘
2159,11:25:09,6.96,--,567,394632,买盘
2160,11:25:06,6.96,--,21,14616,买盘
2161,11:25:03,6.96,--,1,696,买盘
2162,11:25:00,6.96,--,11,7656,买盘
2163,11:24:57,6.96,--,16,11136,买盘
2164,11:24:54,6.96,0.01,53,36888,买盘
2165,11:24:51,6.95,--,786,546270,卖盘
2166,11:24:48,6.95,--,67,46565,卖盘
2167,11:24:45,6.95,--,8,5560,卖盘
2168,11:24:39,6.95,--,200,139000,卖盘
2169,11:24:36,6.95,--,36,25020,卖盘
2170,11:24:33,6.95,--,27,18765,卖盘
2171,11:24:30,6.95,--,10,6950,卖盘
2172,11:24:24,6.95,-0.01,260,180700,卖盘
2173,11:24:21,6.96,0.01,1,696,买盘
2174,11:24:12,6.95,-0.01,440,305800,卖盘
2175,11:24:09,6.96,--,1,696,买盘
2176,11:24:03,6.96,--,1,696,买盘
2177,11:24:00,6.96,--,105,73080,买盘
2178,11:23:57,6.96,--,211,146856,买盘
2179,11:23:51,6.96,0.01,7,4872,买盘
2180,11:23:45,6.95,-0.01,54,37530,卖盘
2181,11:23:39,6.96,--,55,38280,买盘
2182,11:23:36,6.96,--,10,6960,买盘
2183,11:23:33,6.96,--,30,20880,买盘
2184,11:23:30,6.96,--,1,696,买盘
2185,11:23:27,6.96,--,71,49416,买盘
2186,11:23:21,6.96,--,10,6960,买盘
2187,11:23:15,6.96,--,8,5568,买盘
2188,11:23:12,6.96,--,16,11136,买盘
2189,11:23:06,6.96,--,192,133632,买盘
2190,11:23:00,6.96,--,107,74472,买盘
2191,11:22:54,6.96,--,24,16704,买盘
2192,11:22:51,6.96,-0.01,457,318072,卖盘
2193,11:22:48,6.97,0.01,26,18122,买盘
2194,11:22:45,6.96,-0.01,3,2088,卖盘
2195,11:22:39,6.97,--,3,2091,买盘
2196,11:22:36,6.97,0.01,29,20213,买盘
2197,11:22:33,6.96,-0.01,27,18792,卖盘
2198,11:22:30,6.97,--,30,20910,买盘
2199,11:22:27,6.97,--,8,5576,买盘
2200,11:22:24,6.97,--,53,36941,买盘
2201,11:22:18,6.97,--,16,11152,买盘
2202,11:22:15,6.97,--,164,114308,买盘
2203,11:22:12,6.97,0.01,1,697,买盘
2204,11:22:03,6.96,-0.01,1594,1109424,卖盘
2205,11:22:00,6.97,--,229,159613,买盘
2206,11:21:57,6.97,0.01,30,20910,买盘
2207,11:21:54,6.96,-0.01,22,15312,卖盘
2208,11:21:51,6.97,--,154,107338,买盘
2209,11:21:48,6.97,0.01,4,2788,买盘
2210,11:21:45,6.96,--,124,86304,卖盘
2211,11:21:42,6.96,--,530,368880,卖盘
2212,11:21:39,6.96,--,5,3480,卖盘
2213,11:21:36,6.96,--,24,16704,卖盘
2214,11:21:33,6.96,-0.01,17,11832,卖盘
2215,11:21:27,6.97,--,57,39729,买盘
2216,11:21:21,6.97,--,155,108035,买盘
2217,11:21:18,6.97,0.01,22,15334,买盘
2218,11:21:15,6.96,-0.01,74,51504,卖盘
2219,11:21:12,6.97,--,4,2788,买盘
2220,11:21:06,6.97,--,4,2788,买盘
2221,11:21:03,6.97,0.01,139,96883,买盘
2222,11:21:00,6.96,--,555,386280,卖盘
2223,11:20:57,6.96,-0.01,2,1392,卖盘
2224,11:20:54,6.97,--,40,27880,买盘
2225,11:20:51,6.97,0.01,20,13940,买盘
2226,11:20:48,6.96,--,20,13920,卖盘
2227,11:20:45,6.96,--,28,19488,卖盘
2228,11:20:36,6.96,--,1984,1380864,买盘
2229,11:20:33,6.96,0.01,134,93264,买盘
2230,11:20:30,6.95,-0.01,23,15985,卖盘
2231,11:20:27,6.96,0.01,30,20880,买盘
2232,11:20:21,6.95,-0.01,41,28495,卖盘
2233,11:20:18,6.96,0.01,5,3480,买盘
2234,11:20:15,6.95,-0.01,203,141085,卖盘
2235,11:20:12,6.96,--,14,9744,买盘
2236,11:20:09,6.96,--,83,57768,买盘
2237,11:20:06,6.96,--,20,13920,买盘
2238,11:20:03,6.96,--,106,73776,买盘
2239,11:20:00,6.96,--,107,74472,买盘
2240,11:19:57,6.96,--,85,59160,买盘
2241,11:19:54,6.96,--,64,44544,买盘
2242,11:19:51,6.96,--,27,18792,买盘
2243,11:19:48,6.96,--,82,57072,买盘
2244,11:19:45,6.96,--,570,396720,买盘
2245,11:19:42,6.96,--,24,16704,买盘
2246,11:19:39,6.96,--,169,117624,买盘
2247,11:19:33,6.96,--,49,34104,买盘
2248,11:19:30,6.96,--,59,41064,买盘
2249,11:19:27,6.96,0.01,140,97440,买盘
2250,11:19:21,6.95,-0.01,2,1390,卖盘
2251,11:19:18,6.96,--,2,1392,买盘
2252,11:19:15,6.96,--,10,6960,买盘
2253,11:19:12,6.96,--,2,1392,买盘
2254,11:19:09,6.96,0.01,4,2784,买盘
2255,11:19:06,6.95,--,6,4170,卖盘
2256,11:19:03,6.95,--,50,34750,卖盘
2257,11:19:00,6.95,--,21,14595,卖盘
2258,11:18:57,6.95,-0.01,10,6950,卖盘
2259,11:18:54,6.96,--,141,98136,买盘
2260,11:18:51,6.96,--,49,34104,买盘
2261,11:18:48,6.96,--,72,50112,买盘
2262,11:18:45,6.96,--,500,348000,买盘
2263,11:18:42,6.96,--,8,5568,买盘
2264,11:18:39,6.96,--,172,119712,买盘
2265,11:18:36,6.96,--,74,51504,买盘
2266,11:18:33,6.96,0.01,2,1392,买盘
2267,11:18:30,6.95,-0.01,5,3475,卖盘
2268,11:18:27,6.96,--,25,17400,买盘
2269,11:18:21,6.96,--,102,70992,买盘
2270,11:18:18,6.96,--,32,22272,买盘
2271,11:18:15,6.96,--,3,2088,买盘
2272,11:18:12,6.96,--,91,63336,买盘
2273,11:18:09,6.96,--,3,2088,买盘
2274,11:18:06,6.96,--,40,27840,买盘
2275,11:18:03,6.96,0.01,45,31320,买盘
2276,11:18:00,6.95,-0.01,110,76450,卖盘
2277,11:17:57,6.96,--,59,41064,卖盘
2278,11:17:54,6.96,--,1060,737760,卖盘
2279,11:17:51,6.96,-0.01,1022,711312,卖盘
2280,11:17:48,6.97,--,284,197948,买盘
2281,11:17:45,6.97,0.01,23,16031,买盘
2282,11:17:42,6.96,--,2,1392,卖盘
2283,11:17:39,6.96,-0.01,512,356352,卖盘
2284,11:17:36,6.97,--,64,44608,买盘
2285,11:17:33,6.97,--,17,11849,买盘
2286,11:17:30,6.97,0.01,7,4879,买盘
2287,11:17:27,6.96,-0.01,388,270048,卖盘
2288,11:17:24,6.97,0.01,632,440504,买盘
2289,11:17:18,6.96,--,645,448920,卖盘
2290,11:17:15,6.96,-0.01,6,4176,卖盘
2291,11:17:12,6.97,--,28,19516,买盘
2292,11:17:09,6.97,0.01,8,5576,买盘
2293,11:17:03,6.96,-0.01,27,18792,卖盘
2294,11:17:00,6.97,--,5,3485,买盘
2295,11:16:57,6.97,--,48,33456,买盘
2296,11:16:54,6.97,--,66,46002,买盘
2297,11:16:51,6.97,--,33,23001,买盘
2298,11:16:48,6.97,--,55,38335,买盘
2299,11:16:45,6.97,--,5,3485,买盘
2300,11:16:42,6.97,--,104,72488,买盘
2301,11:16:39,6.97,0.01,5,3485,买盘
2302,11:16:36,6.96,-0.01,34,23664,卖盘
2303,11:16:27,6.97,--,37,25789,买盘
2304,11:16:21,6.97,0.01,27,18819,买盘
2305,11:16:18,6.96,--,4,2784,卖盘
2306,11:16:15,6.96,-0.01,58,40368,卖盘
2307,11:16:12,6.97,0.01,1,697,买盘
2308,11:16:09,6.96,--,10,6960,卖盘
2309,11:16:03,6.96,--,20,13920,卖盘
2310,11:16:00,6.96,-0.01,4,2784,卖盘
2311,11:15:57,6.97,0.01,16,11152,买盘
2312,11:15:54,6.96,-0.01,48,33408,卖盘
2313,11:15:51,6.97,0.01,10,6970,买盘
2314,11:15:48,6.96,--,2,1392,卖盘
2315,11:15:45,6.96,--,46,32016,卖盘
2316,11:15:39,6.96,-0.01,17,11832,卖盘
2317,11:15:36,6.97,--,38,26486,买盘
2318,11:15:33,6.97,--,15,10455,买盘
2319,11:15:30,6.97,--,76,52972,买盘
2320,11:15:27,6.97,--,20,13940,买盘
2321,11:15:24,6.97,0.01,10,6970,买盘
2322,11:15:21,6.96,-0.01,11,7656,卖盘
2323,11:15:15,6.97,0.01,1015,707455,买盘
2324,11:15:12,6.96,-0.01,606,421776,卖盘
2325,11:15:06,6.97,--,5,3485,买盘
2326,11:15:03,6.97,--,2,1394,买盘
2327,11:15:00,6.97,--,130,90610,买盘
2328,11:14:57,6.97,--,48,33456,买盘
2329,11:14:54,6.97,--,115,80155,买盘
2330,11:14:51,6.97,--,46,32062,买盘
2331,11:14:48,6.97,--,15,10455,买盘
2332,11:14:42,6.97,0.01,10,6970,买盘
2333,11:14:39,6.96,-0.01,145,100920,卖盘
2334,11:14:36,6.97,--,9,6273,买盘
2335,11:14:33,6.97,--,127,88519,买盘
2336,11:14:27,6.97,--,3,2091,买盘
2337,11:14:24,6.97,0.01,12,8364,买盘
2338,11:14:09,6.96,-0.01,136,94656,卖盘
2339,11:14:06,6.97,--,10,6970,买盘
2340,11:14:03,6.97,0.01,16,11152,买盘
2341,11:14:00,6.96,-0.01,40,27840,卖盘
2342,11:13:57,6.97,0.01,6,4182,买盘
2343,11:13:54,6.96,-0.01,20,13920,卖盘
2344,11:13:51,6.97,--,86,59942,买盘
2345,11:13:48,6.97,--,6,4182,买盘
2346,11:13:45,6.97,--,2,1394,买盘
2347,11:13:42,6.97,--,21,14637,买盘
2348,11:13:39,6.97,--,215,149855,买盘
2349,11:13:36,6.97,--,37,25789,买盘
2350,11:13:33,6.97,--,121,84337,买盘
2351,11:13:30,6.97,0.01,55,38335,买盘
2352,11:13:27,6.96,-0.01,37,25752,卖盘
2353,11:13:24,6.97,--,313,218802,卖盘
2354,11:13:21,6.97,--,200,139400,卖盘
2355,11:13:18,6.97,--,36,25092,卖盘
2356,11:13:15,6.97,--,64,44608,卖盘
2357,11:13:12,6.97,--,70,48790,卖盘
2358,11:13:06,6.97,--,20,13940,卖盘
2359,11:13:03,6.97,--,286,199397,买盘
2360,11:13:00,6.97,--,56,39032,买盘
2361,11:12:57,6.97,--,13,9061,买盘
2362,11:12:54,6.97,0.01,213,148461,买盘
2363,11:12:51,6.96,-0.01,119,82824,卖盘
2364,11:12:48,6.97,0.01,203,141491,买盘
2365,11:12:45,6.96,-0.01,166,115536,卖盘
2366,11:12:39,6.97,0.01,26,18122,买盘
2367,11:12:36,6.96,-0.01,210,146160,卖盘
2368,11:12:33,6.97,--,290,202130,买盘
2369,11:12:30,6.97,--,123,85731,买盘
2370,11:12:27,6.97,--,2,1394,买盘
2371,11:12:24,6.97,0.01,2,1394,买盘
2372,11:12:21,6.96,-0.01,95,66120,卖盘
2373,11:12:18,6.97,--,21,14637,买盘
2374,11:12:15,6.97,0.01,10,6970,买盘
2375,11:12:12,6.96,-0.01,504,350784,卖盘
2376,11:12:09,6.97,0.01,90,62730,买盘
2377,11:12:06,6.96,-0.01,48,33408,卖盘
2378,11:12:03,6.97,0.01,150,104550,买盘
2379,11:12:00,6.96,--,17,11832,卖盘
2380,11:11:57,6.96,--,76,52896,卖盘
2381,11:11:54,6.96,-0.01,105,73080,卖盘
2382,11:11:51,6.97,0.01,50,34850,买盘
2383,11:11:48,6.96,--,46,32016,卖盘
2384,11:11:45,6.96,--,39,27144,卖盘
2385,11:11:42,6.96,--,69,48024,卖盘
2386,11:11:39,6.96,--,22,15312,卖盘
2387,11:11:36,6.96,-0.01,2,1392,卖盘
2388,11:11:30,6.97,--,23,16031,买盘
2389,11:11:27,6.97,--,1,697,买盘
2390,11:11:21,6.97,0.01,2,1394,买盘
2391,11:11:18,6.96,-0.01,20,13920,卖盘
2392,11:11:15,6.97,0.01,21,14637,买盘
2393,11:11:12,6.96,--,110,76560,卖盘
2394,11:11:09,6.96,--,100,69600,卖盘
2395,11:11:06,6.96,-0.01,1017,707832,卖盘
2396,11:11:03,6.97,0.01,157,109429,买盘
2397,11:11:00,6.96,--,136,94656,卖盘
2398,11:10:57,6.96,-0.01,103,71688,卖盘
2399,11:10:54,6.97,--,100,69700,买盘
2400,11:10:51,6.97,0.01,90,62730,买盘
2401,11:10:48,6.96,--,687,478152,卖盘
2402,11:10:45,6.96,--,1,696,卖盘
2403,11:10:39,6.96,-0.01,33,22968,卖盘
2404,11:10:36,6.97,--,82,57154,买盘
2405,11:10:33,6.97,--,169,117793,买盘
2406,11:10:30,6.97,0.01,22,15334,买盘
2407,11:10:27,6.96,-0.01,152,105792,卖盘
2408,11:10:21,6.97,0.01,67,46699,买盘
2409,11:10:15,6.96,-0.01,40,27840,卖盘
2410,11:10:12,6.97,--,81,56457,买盘
2411,11:10:09,6.97,0.01,15,10455,买盘
2412,11:10:06,6.96,-0.01,296,206016,卖盘
2413,11:10:03,6.97,0.01,3,2091,买盘
2414,11:10:00,6.96,-0.01,40,27840,卖盘
2415,11:09:57,6.97,0.01,38,26486,买盘
2416,11:09:54,6.96,-0.01,17,11832,卖盘
2417,11:09:51,6.97,--,18,12546,买盘
2418,11:09:48,6.97,--,234,163098,买盘
2419,11:09:45,6.97,--,7,4879,买盘
2420,11:09:42,6.97,--,1,697,买盘
2421,11:09:39,6.97,--,10,6970,买盘
2422,11:09:36,6.97,--,50,34850,买盘
2423,11:09:33,6.97,--,127,89160,卖盘
2424,11:09:30,6.97,--,9,6273,卖盘
2425,11:09:27,6.97,-0.01,26,18122,卖盘
2426,11:09:24,6.98,--,91,63518,买盘
2427,11:09:21,6.98,--,11,7678,买盘
2428,11:09:18,6.98,--,67,46766,买盘
2429,11:09:15,6.98,--,160,111680,买盘
2430,11:09:12,6.98,0.01,16,11168,买盘
2431,11:09:09,6.97,-0.01,8,5576,卖盘
2432,11:09:06,6.98,--,22,15356,买盘
2433,11:09:03,6.98,--,140,97720,买盘
2434,11:09:00,6.98,0.01,3038,2120859,买盘
2435,11:08:57,6.97,-0.01,105,73185,卖盘
2436,11:08:54,6.98,--,39,27222,买盘
2437,11:08:51,6.98,--,92,64216,买盘
2438,11:08:48,6.98,--,23,16054,买盘
2439,11:08:45,6.98,0.01,57,39786,买盘
2440,11:08:42,6.97,-0.01,52,36244,卖盘
2441,11:08:39,6.98,--,61,42578,买盘
2442,11:08:36,6.98,--,5,3490,买盘
2443,11:08:30,6.98,--,12,8376,买盘
2444,11:08:27,6.98,--,1,698,买盘
2445,11:08:24,6.98,--,26,18148,买盘
2446,11:08:21,6.98,--,5,3490,买盘
2447,11:08:18,6.98,--,6,4188,买盘
2448,11:08:15,6.98,--,50,34900,买盘
2449,11:08:12,6.98,--,27,18846,买盘
2450,11:08:09,6.98,--,39,27222,买盘
2451,11:08:06,6.98,--,24,16752,买盘
2452,11:08:03,6.98,--,3,2094,买盘
2453,11:08:00,6.98,-0.01,430,300698,卖盘
2454,11:07:54,6.99,--,126,88074,买盘
2455,11:07:51,6.99,--,20,13980,买盘
2456,11:07:48,6.99,0.01,66,46134,买盘
2457,11:07:42,6.98,-0.01,105,73290,卖盘
2458,11:07:39,6.99,0.01,202,141198,买盘
2459,11:07:33,6.98,--,2,1396,卖盘
2460,11:07:30,6.98,--,520,363099,买盘
2461,11:07:24,6.98,--,54,37692,买盘
2462,11:07:21,6.98,0.01,102,71196,买盘
2463,11:07:15,6.97,-0.01,36,25092,卖盘
2464,11:07:12,6.98,--,61,42578,买盘
2465,11:07:09,6.98,--,4,2792,买盘
2466,11:07:06,6.98,--,14,10190,买盘
2467,11:07:03,6.98,--,1003,700094,买盘
2468,11:07:00,6.98,0.01,30,20940,买盘
2469,11:06:57,6.97,-0.01,116,80852,卖盘
2470,11:06:54,6.98,--,23,16054,买盘
2471,11:06:51,6.98,--,10,6980,买盘
2472,11:06:48,6.98,0.01,56,39088,买盘
2473,11:06:45,6.97,--,50,34850,卖盘
2474,11:06:42,6.97,-0.01,33,23001,卖盘
2475,11:06:36,6.98,0.01,40,27920,买盘
2476,11:06:33,6.97,-0.01,28,19516,卖盘
2477,11:06:30,6.98,--,50,34900,买盘
2478,11:06:27,6.98,0.01,225,157050,买盘
2479,11:06:24,6.97,--,1057,736729,卖盘
2480,11:06:21,6.97,-0.01,61,42517,卖盘
2481,11:06:18,6.98,0.01,10,6980,买盘
2482,11:06:15,6.97,--,18,12546,卖盘
2483,11:06:12,6.97,-0.01,134,93398,卖盘
2484,11:06:09,6.98,--,25,17450,买盘
2485,11:06:06,6.98,--,6,4188,买盘
2486,11:06:03,6.98,0.01,160,111680,买盘
2487,11:06:00,6.97,-0.01,128,89216,卖盘
2488,11:05:57,6.98,--,128,89344,买盘
2489,11:05:54,6.98,--,61,42578,买盘
2490,11:05:51,6.98,--,166,115868,买盘
2491,11:05:48,6.98,0.01,122,85156,买盘
2492,11:05:45,6.97,-0.01,32,22304,卖盘
2493,11:05:42,6.98,--,22,15356,买盘
2494,11:05:39,6.98,0.01,57,39786,买盘
2495,11:05:36,6.97,--,16,11152,卖盘
2496,11:05:33,6.97,-0.01,35,24395,卖盘
2497,11:05:30,6.98,--,51,35598,买盘
2498,11:05:27,6.98,--,15,10470,买盘
2499,11:05:24,6.98,--,11,7678,买盘
2500,11:05:21,6.98,--,9,6282,买盘
2501,11:05:18,6.98,--,31,21638,买盘
2502,11:05:15,6.98,--,102,71196,买盘
2503,11:05:12,6.98,0.01,79,55142,买盘
2504,11:05:09,6.97,-0.01,51,35547,卖盘
2505,11:05:06,6.98,--,693,483714,买盘
2506,11:05:03,6.98,--,84,58632,买盘
2507,11:05:00,6.98,--,961,670778,买盘
2508,11:04:57,6.98,--,8,5584,买盘
2509,11:04:54,6.98,--,9,6282,买盘
2510,11:04:51,6.98,--,114,79572,买盘
2511,11:04:48,6.98,--,102,71196,买盘
2512,11:04:42,6.98,--,36,25128,买盘
2513,11:04:39,6.98,--,241,168218,买盘
2514,11:04:36,6.98,--,1,698,买盘
2515,11:04:33,6.98,-0.01,4051,2827598,卖盘
2516,11:04:30,6.99,--,62,43338,买盘
2517,11:04:27,6.99,--,130,90870,买盘
2518,11:04:24,6.99,0.01,51,35649,买盘
2519,11:04:21,6.98,-0.01,46,32108,卖盘
2520,11:04:18,6.99,--,115,80385,买盘
2521,11:04:15,6.99,0.01,5,3495,买盘
2522,11:04:12,6.98,--,33,23034,卖盘
2523,11:04:09,6.98,-0.01,73,50954,卖盘
2524,11:04:06,6.99,--,84,58716,买盘
2525,11:04:03,6.99,0.01,1,699,买盘
2526,11:04:00,6.98,--,220,153560,卖盘
2527,11:03:57,6.98,-0.01,1,698,卖盘
2528,11:03:54,6.99,--,10,6990,买盘
2529,11:03:51,6.99,--,34,23766,买盘
2530,11:03:48,6.99,--,50,34950,买盘
2531,11:03:42,6.99,--,51,35649,买盘
2532,11:03:36,6.99,0.01,20,13980,买盘
2533,11:03:33,6.98,--,30,20940,卖盘
2534,11:03:27,6.98,-0.01,9,6282,卖盘
2535,11:03:24,6.99,--,10,6990,买盘
2536,11:03:21,6.99,--,30,20970,买盘
2537,11:03:18,6.99,--,11,7689,买盘
2538,11:03:15,6.99,0.01,10,6990,买盘
2539,11:03:12,6.98,--,728,508144,卖盘
2540,11:03:09,6.98,--,58,40484,卖盘
2541,11:03:06,6.98,--,50,34900,卖盘
2542,11:03:03,6.98,-0.01,3,2094,卖盘
2543,11:03:00,6.99,--,51,35649,买盘
2544,11:02:57,6.99,--,10,6990,买盘
2545,11:02:54,6.99,--,116,81084,买盘
2546,11:02:51,6.99,--,2,1398,买盘
2547,11:02:48,6.99,--,36,25164,买盘
2548,11:02:45,6.99,--,27,18873,买盘
2549,11:02:42,6.99,--,222,155178,买盘
2550,11:02:39,6.99,--,14,9786,买盘
2551,11:02:36,6.99,--,21,14679,买盘
2552,11:02:30,6.99,--,7,4893,买盘
2553,11:02:24,6.99,--,125,87375,买盘
2554,11:02:21,6.99,--,51,35649,买盘
2555,11:02:18,6.99,--,2,1398,买盘
2556,11:02:15,6.99,--,6,4194,买盘
2557,11:02:12,6.99,0.01,139,97161,买盘
2558,11:02:09,6.98,-0.01,139,97022,卖盘
2559,11:02:06,6.99,--,130,90870,买盘
2560,11:02:03,6.99,--,234,163566,买盘
2561,11:02:00,6.99,--,36,25164,买盘
2562,11:01:57,6.99,0.01,123,85977,买盘
2563,11:01:51,6.98,-0.01,17,11866,卖盘
2564,11:01:48,6.99,--,82,57318,买盘
2565,11:01:45,6.99,--,3,2097,买盘
2566,11:01:42,6.99,--,46,32154,买盘
2567,11:01:39,6.99,--,20,13980,买盘
2568,11:01:36,6.99,--,20,13980,买盘
2569,11:01:30,6.99,--,64,44736,买盘
2570,11:01:24,6.99,--,20,13980,买盘
2571,11:01:18,6.99,--,16,11184,买盘
2572,11:01:15,6.99,0.01,39,27261,买盘
2573,11:01:12,6.98,--,98,68404,卖盘
2574,11:01:09,6.98,--,4,2792,卖盘
2575,11:01:06,6.98,-0.01,11,7678,卖盘
2576,11:01:03,6.99,--,183,127917,买盘
2577,11:01:00,6.99,--,20,13980,买盘
2578,11:00:57,6.99,--,501,350199,买盘
2579,11:00:54,6.99,--,32,22368,买盘
2580,11:00:51,6.99,--,30,20970,买盘
2581,11:00:48,6.99,--,26,18174,买盘
2582,11:00:45,6.99,--,183,127917,买盘
2583,11:00:42,6.99,0.01,11,7689,买盘
2584,11:00:39,6.98,-0.01,13,9074,卖盘
2585,11:00:36,6.99,--,2,1398,买盘
2586,11:00:33,6.99,--,274,191526,买盘
2587,11:00:30,6.99,0.01,28,19572,买盘
2588,11:00:27,6.98,-0.01,202,140996,卖盘
2589,11:00:24,6.99,0.01,56,39144,买盘
2590,11:00:21,6.98,-0.01,54,37692,卖盘
2591,11:00:18,6.99,0.01,223,155877,买盘
2592,11:00:15,6.98,-0.01,48,33504,卖盘
2593,11:00:12,6.99,--,49,34251,买盘
2594,11:00:09,6.99,--,47,32853,买盘
2595,11:00:06,6.99,--,502,350898,买盘
2596,11:00:03,6.99,--,120,83880,买盘
2597,11:00:00,6.99,--,36,25164,买盘
2598,10:59:57,6.99,--,76,53124,买盘
2599,10:59:54,6.99,--,16,11184,买盘
2600,10:59:51,6.99,--,63,44037,买盘
2601,10:59:48,6.99,--,5,3495,买盘
2602,10:59:45,6.99,0.01,239,167061,买盘
2603,10:59:42,6.98,-0.01,12,8376,卖盘
2604,10:59:39,6.99,--,140,97860,买盘
2605,10:59:36,6.99,--,113,78987,买盘
2606,10:59:30,6.99,--,41,28659,买盘
2607,10:59:27,6.99,--,463,323637,买盘
2608,10:59:24,6.99,--,151,105549,买盘
2609,10:59:21,6.99,--,113,78987,买盘
2610,10:59:18,6.99,--,236,164964,买盘
2611,10:59:15,6.99,--,185,129315,买盘
2612,10:59:12,6.99,--,236,164964,买盘
2613,10:59:09,6.99,--,21,14679,买盘
2614,10:59:06,6.99,--,98,68502,买盘
2615,10:59:03,6.99,--,14,9786,买盘
2616,10:59:00,6.99,--,184,128616,买盘
2617,10:58:57,6.99,--,14,9786,买盘
2618,10:58:54,6.99,--,27,18873,买盘
2619,10:58:51,6.99,--,194,135606,买盘
2620,10:58:48,6.99,--,16,11184,买盘
2621,10:58:45,6.99,--,65,45435,买盘
2622,10:58:42,6.99,--,1,699,买盘
2623,10:58:39,6.99,--,43,30057,买盘
2624,10:58:36,6.99,--,630,440370,买盘
2625,10:58:33,6.99,--,300,209700,买盘
2626,10:58:30,6.99,--,361,252339,买盘
2627,10:58:27,6.99,--,2,1398,买盘
2628,10:58:24,6.99,0.01,1,699,买盘
2629,10:58:21,6.98,-0.01,199,138902,卖盘
2630,10:58:18,6.99,--,17,11883,买盘
2631,10:58:15,6.99,--,60,41940,买盘
2632,10:58:12,6.99,--,239,167061,买盘
2633,10:58:09,6.99,--,18,12582,买盘
2634,10:58:06,6.99,--,647,452253,买盘
2635,10:58:03,6.99,--,43,30057,买盘
2636,10:58:00,6.99,--,1,699,买盘
2637,10:57:57,6.99,--,27,18873,买盘
2638,10:57:54,6.99,--,97,67803,买盘
2639,10:57:51,6.99,--,23,16077,买盘
2640,10:57:48,6.99,--,547,382353,买盘
2641,10:57:45,6.99,0.01,70,48930,买盘
2642,10:57:42,6.98,-0.01,77,53746,卖盘
2643,10:57:39,6.99,--,189,132111,买盘
2644,10:57:36,6.99,--,122,85278,买盘
2645,10:57:33,6.99,--,10,6990,买盘
2646,10:57:30,6.99,-0.01,333,232767,卖盘
2647,10:57:27,7.0,--,27,18900,买盘
2648,10:57:24,7.0,--,81,56700,买盘
2649,10:57:21,7.0,--,58,40600,买盘
2650,10:57:18,7.0,--,42,29400,买盘
2651,10:57:15,7.0,--,16,11200,买盘
2652,10:57:12,7.0,--,51,35700,买盘
2653,10:57:09,7.0,--,33,23100,买盘
2654,10:57:06,7.0,0.01,5,3500,买盘
2655,10:57:03,6.99,--,174,121626,买盘
2656,10:57:00,6.99,--,26,18174,买盘
2657,10:56:57,6.99,--,95,66405,买盘
2658,10:56:54,6.99,--,358,250242,卖盘
2659,10:56:51,6.99,-0.01,115,80385,卖盘
2660,10:56:48,7.0,--,97,67900,买盘
2661,10:56:45,7.0,--,57,39900,买盘
2662,10:56:42,7.0,--,6,4200,买盘
2663,10:56:39,7.0,0.01,27,18900,买盘
2664,10:56:33,6.99,-0.01,29,20271,卖盘
2665,10:56:30,7.0,--,464,324800,买盘
2666,10:56:27,7.0,--,43,30100,买盘
2667,10:56:24,7.0,--,16,11200,买盘
2668,10:56:21,7.0,--,282,197400,买盘
2669,10:56:18,7.0,0.01,16,11200,买盘
2670,10:56:15,6.99,--,20,13980,卖盘
2671,10:56:12,6.99,-0.01,27,18873,卖盘
2672,10:56:09,7.0,--,69,48300,买盘
2673,10:56:06,7.0,0.01,501,350700,买盘
2674,10:56:03,6.99,--,27,18873,卖盘
2675,10:56:00,6.99,-0.01,117,81783,卖盘
2676,10:55:57,7.0,0.01,62,43400,买盘
2677,10:55:54,6.99,--,28,19572,卖盘
2678,10:55:51,6.99,--,73,51027,卖盘
2679,10:55:48,6.99,-0.01,174,121626,卖盘
2680,10:55:45,7.0,--,17,11900,买盘
2681,10:55:42,7.0,0.01,10,7000,买盘
2682,10:55:39,6.99,--,504,352296,卖盘
2683,10:55:36,6.99,--,199,139101,卖盘
2684,10:55:33,6.99,-0.01,27,18873,卖盘
2685,10:55:30,7.0,--,4,2800,买盘
2686,10:55:27,7.0,--,7,4900,买盘
2687,10:55:24,7.0,--,111,77700,买盘
2688,10:55:21,7.0,--,8,5600,买盘
2689,10:55:18,7.0,0.01,1,700,买盘
2690,10:55:15,6.99,-0.01,155,108345,卖盘
2691,10:55:12,7.0,--,2,1400,买盘
2692,10:55:09,7.0,--,21,14700,买盘
2693,10:55:06,7.0,0.01,100,70000,买盘
2694,10:55:03,6.99,--,27,18873,卖盘
2695,10:55:00,6.99,--,11,7689,卖盘
2696,10:54:57,6.99,-0.01,82,57318,卖盘
2697,10:54:54,7.0,0.01,4,2800,买盘
2698,10:54:51,6.99,--,42,29358,卖盘
2699,10:54:48,6.99,--,74,51726,卖盘
2700,10:54:45,6.99,--,17,11883,卖盘
2701,10:54:42,6.99,--,375,262125,买盘
2702,10:54:39,6.99,-0.01,1675,1170825,卖盘
2703,10:54:36,7.0,0.01,100,70000,买盘
2704,10:54:33,6.99,-0.01,170,118830,卖盘
2705,10:54:30,7.0,--,158,110600,买盘
2706,10:54:24,7.0,0.01,23,16100,买盘
2707,10:54:21,6.99,-0.01,19,13281,卖盘
2708,10:54:18,7.0,0.01,15,10500,买盘
2709,10:54:15,6.99,--,48,33552,卖盘
2710,10:54:12,6.99,-0.01,36,25164,卖盘
2711,10:54:09,7.0,--,44,30800,买盘
2712,10:54:06,7.0,0.01,19,13300,买盘
2713,10:54:03,6.99,-0.01,33,23067,卖盘
2714,10:54:00,7.0,--,3,2100,买盘
2715,10:53:54,7.0,--,22,15400,买盘
2716,10:53:51,7.0,--,47,32900,买盘
2717,10:53:48,7.0,0.01,17,11900,买盘
2718,10:53:45,6.99,-0.01,46,32154,卖盘
2719,10:53:42,7.0,--,535,374500,买盘
2720,10:53:39,7.0,--,56,39200,买盘
2721,10:53:36,7.0,--,1,700,买盘
2722,10:53:33,7.0,--,40,28000,买盘
2723,10:53:30,7.0,--,104,72800,买盘
2724,10:53:27,7.0,--,722,505400,买盘
2725,10:53:24,7.0,--,1,700,买盘
2726,10:53:18,7.0,--,1001,700700,买盘
2727,10:53:15,7.0,0.01,24,16800,买盘
2728,10:53:12,6.99,--,1,699,卖盘
2729,10:53:09,6.99,--,22,15378,卖盘
2730,10:53:06,6.99,--,10,6990,卖盘
2731,10:53:03,6.99,-0.01,13,9087,卖盘
2732,10:53:00,7.0,--,22,15400,买盘
2733,10:52:57,7.0,--,41,28700,买盘
2734,10:52:54,7.0,--,92,64400,买盘
2735,10:52:51,7.0,--,37,25900,买盘
2736,10:52:48,7.0,--,39,27300,买盘
2737,10:52:45,7.0,--,156,109200,买盘
2738,10:52:42,7.0,--,17,11900,买盘
2739,10:52:39,7.0,--,1123,786100,卖盘
2740,10:52:36,7.0,--,187,130900,卖盘
2741,10:52:33,7.0,--,15,10500,卖盘
2742,10:52:30,7.0,-0.01,183,128100,卖盘
2743,10:52:27,7.01,--,81,56781,买盘
2744,10:52:24,7.01,0.01,64,44864,买盘
2745,10:52:21,7.0,-0.01,248,173600,卖盘
2746,10:52:18,7.01,--,66,46266,买盘
2747,10:52:15,7.01,0.01,24,16824,买盘
2748,10:52:12,7.0,--,4,2800,卖盘
2749,10:52:09,7.0,--,394,275800,卖盘
2750,10:52:06,7.0,--,2,1400,卖盘
2751,10:52:03,7.0,--,25,17500,卖盘
2752,10:52:00,7.0,--,13,9100,卖盘
2753,10:51:57,7.0,-0.01,85,59500,卖盘
2754,10:51:54,7.01,--,126,88326,买盘
2755,10:51:51,7.01,--,62,43462,买盘
2756,10:51:48,7.01,--,56,39256,买盘
2757,10:51:45,7.01,--,79,55379,买盘
2758,10:51:42,7.01,--,22,15422,买盘
2759,10:51:39,7.01,--,308,215908,买盘
2760,10:51:36,7.01,--,655,459155,买盘
2761,10:51:33,7.01,0.01,36,25236,买盘
2762,10:51:30,7.0,--,70,49000,卖盘
2763,10:51:27,7.0,-0.01,75,52500,卖盘
2764,10:51:24,7.01,--,21,14721,买盘
2765,10:51:21,7.01,--,4,2804,买盘
2766,10:51:18,7.01,0.01,78,54678,买盘
2767,10:51:15,7.0,-0.01,52,36400,卖盘
2768,10:51:12,7.01,--,1,701,买盘
2769,10:51:09,7.01,0.01,33,23133,买盘
2770,10:51:06,7.0,--,45,31500,卖盘
2771,10:51:03,7.0,--,319,223300,卖盘
2772,10:51:00,7.0,--,37,25900,卖盘
2773,10:50:54,7.0,-0.01,40,28000,卖盘
2774,10:50:48,7.01,--,30,21030,买盘
2775,10:50:45,7.01,0.01,39,27339,买盘
2776,10:50:39,7.0,-0.01,28,19600,卖盘
2777,10:50:36,7.01,0.01,16,11216,买盘
2778,10:50:33,7.0,--,20,14000,卖盘
2779,10:50:30,7.0,--,20,14000,卖盘
2780,10:50:27,7.0,--,489,342300,买盘
2781,10:50:24,7.0,--,1,700,买盘
2782,10:50:21,7.0,--,184,128800,卖盘
2783,10:50:18,7.0,--,181,126700,卖盘
2784,10:50:15,7.0,--,180,126000,卖盘
2785,10:50:12,7.0,-0.01,140,98000,卖盘
2786,10:50:09,7.01,0.01,4,2804,买盘
2787,10:50:06,7.0,--,48,33600,卖盘
2788,10:50:03,7.0,--,133,93100,卖盘
2789,10:50:00,7.0,--,385,269500,卖盘
2790,10:49:57,7.0,--,232,162400,卖盘
2791,10:49:54,7.0,--,191,133700,卖盘
2792,10:49:51,7.0,--,296,207200,卖盘
2793,10:49:48,7.0,--,420,294000,卖盘
2794,10:49:45,7.0,-0.01,523,366100,卖盘
2795,10:49:42,7.01,0.01,157,110057,买盘
2796,10:49:39,7.0,-0.01,38,26600,卖盘
2797,10:49:36,7.01,--,3,2103,买盘
2798,10:49:33,7.01,--,91,63791,买盘
2799,10:49:30,7.01,0.01,86,60286,买盘
2800,10:49:27,7.0,--,120,84000,卖盘
2801,10:49:24,7.0,-0.01,99,69300,卖盘
2802,10:49:21,7.01,--,36,25236,买盘
2803,10:49:18,7.01,--,185,129685,买盘
2804,10:49:15,7.01,--,231,161931,买盘
2805,10:49:12,7.01,--,458,321058,买盘
2806,10:49:09,7.01,0.01,305,213805,买盘
2807,10:49:06,7.0,-0.01,17,11900,卖盘
2808,10:49:03,7.01,0.01,150,105150,买盘
2809,10:49:00,7.0,-0.01,466,326200,卖盘
2810,10:48:57,7.01,--,31,21731,买盘
2811,10:48:54,7.01,--,97,67997,买盘
2812,10:48:51,7.01,0.01,25,17525,买盘
2813,10:48:48,7.0,-0.01,134,93800,卖盘
2814,10:48:45,7.01,--,134,93934,买盘
2815,10:48:42,7.01,--,26,18226,买盘
2816,10:48:39,7.01,--,264,185064,买盘
2817,10:48:36,7.01,--,381,267081,买盘
2818,10:48:33,7.01,0.01,889,623189,买盘
2819,10:48:30,7.0,-0.01,650,455000,卖盘
2820,10:48:27,7.01,--,765,536545,卖盘
2821,10:48:24,7.01,--,234,164034,卖盘
2822,10:48:21,7.01,--,746,522946,卖盘
2823,10:48:18,7.01,--,75,52575,卖盘
2824,10:48:15,7.01,-0.01,125,87625,卖盘
2825,10:48:12,7.02,0.01,235,164970,买盘
2826,10:48:09,7.01,--,17,11917,卖盘
2827,10:48:06,7.01,--,879,616179,卖盘
2828,10:48:03,7.01,-0.01,309,216609,卖盘
2829,10:48:00,7.02,--,6,4212,买盘
2830,10:47:57,7.02,--,555,389610,买盘
2831,10:47:54,7.02,0.01,510,358020,买盘
2832,10:47:51,7.01,--,185,129685,卖盘
2833,10:47:48,7.01,-0.01,505,354005,卖盘
2834,10:47:45,7.02,0.01,50,35100,买盘
2835,10:47:42,7.01,-0.01,137,96037,卖盘
2836,10:47:39,7.02,0.01,443,310986,买盘
2837,10:47:36,7.01,--,26,18226,卖盘
2838,10:47:33,7.01,--,1205,844705,卖盘
2839,10:47:30,7.01,--,1850,1297270,买盘
2840,10:47:27,7.01,--,33,23133,买盘
2841,10:47:24,7.01,--,427,299327,买盘
2842,10:47:21,7.01,--,425,297925,买盘
2843,10:47:18,7.01,--,23,16123,买盘
2844,10:47:15,7.01,--,1676,1175156,卖盘
2845,10:47:12,7.01,-0.01,424,297224,卖盘
2846,10:47:06,7.02,0.01,205,143910,买盘
2847,10:47:03,7.01,--,621,435321,卖盘
2848,10:47:00,7.01,--,1230,862230,卖盘
2849,10:46:57,7.01,--,13,9113,卖盘
2850,10:46:54,7.01,-0.01,125,87625,卖盘
2851,10:46:51,7.02,--,88,61775,买盘
2852,10:46:48,7.02,--,74,51948,买盘
2853,10:46:45,7.02,--,427,299754,买盘
2854,10:46:42,7.02,--,216,151632,买盘
2855,10:46:39,7.02,0.01,992,696384,买盘
2856,10:46:36,7.01,--,771,540471,卖盘
2857,10:46:33,7.01,--,186,130386,卖盘
2858,10:46:30,7.01,-0.01,340,238340,卖盘
2859,10:46:27,7.02,0.01,145,101790,买盘
2860,10:46:24,7.01,--,54,37854,卖盘
2861,10:46:21,7.01,-0.01,306,214506,卖盘
2862,10:46:18,7.02,--,36,25272,买盘
2863,10:46:15,7.02,0.01,325,228150,买盘
2864,10:46:12,7.01,--,250,175250,卖盘
2865,10:46:09,7.01,-0.01,135,94635,卖盘
2866,10:46:06,7.02,0.01,668,468936,买盘
2867,10:46:03,7.01,-0.01,506,354706,卖盘
2868,10:46:00,7.02,0.01,369,259037,买盘
2869,10:45:57,7.01,-0.01,118,82718,卖盘
2870,10:45:54,7.02,--,147,103194,买盘
