,time,price,change,volume,amount,type
0,15:00:03,11.0,0.03,4053,4458300,买盘
1,14:57:00,10.97,--,18,19746,卖盘
2,14:56:54,10.97,--,116,127252,卖盘
3,14:56:51,10.97,--,5,5528,卖盘
4,14:56:45,10.97,--,37,40589,卖盘
5,14:56:42,10.97,-0.01,2,2194,卖盘
6,14:56:39,10.98,0.01,27,29646,买盘
7,14:56:27,10.97,-0.01,61,66917,卖盘
8,14:56:24,10.98,0.01,103,113094,买盘
9,14:56:21,10.97,-0.01,439,481583,卖盘
10,14:56:18,10.98,--,50,54900,买盘
11,14:56:15,10.98,--,2,2196,买盘
12,14:56:12,10.98,--,61,66978,买盘
13,14:56:03,10.98,--,22,24156,买盘
14,14:55:57,10.98,--,242,265716,买盘
15,14:55:51,10.98,0.01,21,23058,买盘
16,14:55:45,10.97,--,130,142610,卖盘
17,14:55:42,10.97,--,80,87760,卖盘
18,14:55:39,10.97,-0.01,105,115185,卖盘
19,14:55:36,10.98,--,104,114192,买盘
20,14:55:33,10.98,--,28,30744,买盘
21,14:55:30,10.98,0.01,186,204228,买盘
22,14:55:27,10.97,--,10,10970,卖盘
23,14:55:24,10.97,-0.01,140,153580,卖盘
24,14:55:21,10.98,--,26,28548,买盘
25,14:55:12,10.98,--,300,329443,卖盘
26,14:55:09,10.98,--,50,54900,卖盘
27,14:55:06,10.98,--,91,99918,卖盘
28,14:55:00,10.98,--,77,84546,卖盘
29,14:54:54,10.98,--,21,23058,卖盘
30,14:54:51,10.98,-0.01,32,35136,卖盘
31,14:54:48,10.99,0.01,20,21980,买盘
32,14:54:45,10.98,--,55,60390,卖盘
33,14:54:39,10.98,-0.01,21,23058,卖盘
34,14:54:36,10.99,--,145,159706,卖盘
35,14:54:33,10.99,--,100,109900,卖盘
36,14:54:30,10.99,--,30,32970,卖盘
37,14:54:27,10.99,--,29,31871,卖盘
38,14:54:21,10.99,--,199,219448,买盘
39,14:54:18,10.99,--,19,20881,买盘
40,14:54:15,10.99,--,5,5495,买盘
41,14:54:12,10.99,0.01,5,5495,买盘
42,14:54:09,10.98,--,13,14274,卖盘
43,14:54:06,10.98,-0.01,105,115290,卖盘
44,14:54:03,10.99,0.01,4,4396,买盘
45,14:54:00,10.98,--,4,4392,卖盘
46,14:53:57,10.98,--,82,90036,卖盘
47,14:53:54,10.98,--,416,456768,卖盘
48,14:53:51,10.98,-0.01,8,8784,卖盘
49,14:53:48,10.99,0.01,4,4396,买盘
50,14:53:45,10.98,--,469,514962,卖盘
51,14:53:42,10.98,--,21,23058,卖盘
52,14:53:39,10.98,-0.01,140,153720,卖盘
53,14:53:36,10.99,--,8,8792,买盘
54,14:53:33,10.99,0.01,13,14287,买盘
55,14:53:30,10.98,--,10,10980,卖盘
56,14:53:27,10.98,--,107,117486,卖盘
57,14:53:21,10.98,--,83,91134,卖盘
58,14:53:15,10.98,--,5,5490,卖盘
59,14:53:12,10.98,--,30,32940,卖盘
60,14:53:06,10.98,-0.01,12,13176,卖盘
61,14:53:03,10.99,--,3,3297,买盘
62,14:52:57,10.99,--,517,568183,买盘
63,14:52:51,10.99,0.01,4,4396,买盘
64,14:52:48,10.98,--,10,10980,卖盘
65,14:52:39,10.98,--,30,32940,卖盘
66,14:52:36,10.98,--,57,62586,卖盘
67,14:52:33,10.98,--,47,51606,卖盘
68,14:52:27,10.98,-0.01,50,54900,卖盘
69,14:52:24,10.99,0.01,4,4396,买盘
70,14:52:21,10.98,--,15,16470,卖盘
71,14:52:15,10.98,-0.01,2,2196,卖盘
72,14:52:12,10.99,0.01,144,158256,买盘
73,14:52:06,10.98,--,70,76860,卖盘
74,14:52:03,10.98,--,3,3294,卖盘
75,14:52:00,10.98,--,76,83448,卖盘
76,14:51:54,10.98,-0.01,563,618174,卖盘
77,14:51:48,10.99,0.01,19,20881,买盘
78,14:51:45,10.98,-0.01,10,10980,卖盘
79,14:51:39,10.99,--,56,61544,买盘
80,14:51:36,10.99,0.01,1,1099,买盘
81,14:51:33,10.98,-0.01,7,7839,卖盘
82,14:51:30,10.99,0.01,2,2198,买盘
83,14:51:27,10.98,-0.01,17,18666,卖盘
84,14:51:24,10.99,0.01,55,60445,买盘
85,14:51:21,10.98,--,8,8784,卖盘
86,14:51:18,10.98,-0.01,0,197,卖盘
87,14:51:15,10.99,--,520,571480,买盘
88,14:51:12,10.99,--,64,70336,买盘
89,14:51:09,10.99,--,1,1099,买盘
90,14:51:06,10.99,--,47,52554,卖盘
91,14:51:03,10.99,--,0,197,卖盘
92,14:50:57,10.99,--,14,15386,买盘
93,14:50:51,10.99,0.01,110,120890,买盘
94,14:50:48,10.98,-0.01,4,4589,卖盘
95,14:50:42,10.99,--,4,4681,买盘
96,14:50:39,10.99,--,2,2198,买盘
97,14:50:33,10.99,0.01,11,12275,买盘
98,14:50:30,10.98,--,8,8784,卖盘
99,14:50:27,10.98,--,13,14471,卖盘
100,14:50:24,10.98,-0.01,19,20862,卖盘
101,14:50:21,10.99,--,7,7693,买盘
102,14:50:15,10.99,0.01,4,4396,买盘
103,14:50:12,10.98,--,4,4392,卖盘
104,14:50:09,10.98,--,10,10980,卖盘
105,14:50:06,10.98,-0.01,41,45215,卖盘
106,14:50:03,10.99,-0.01,51,56049,买盘
107,14:49:57,11.0,0.02,1,1100,买盘
108,14:49:54,10.98,-0.01,219,240462,卖盘
109,14:49:48,10.99,--,1,1099,买盘
110,14:49:45,10.99,0.01,1,1099,买盘
111,14:49:42,10.98,--,103,113774,卖盘
112,14:49:39,10.98,--,5,5687,卖盘
113,14:49:36,10.98,-0.01,14,15372,卖盘
114,14:49:33,10.99,--,38,41762,买盘
115,14:49:30,10.99,0.01,5,5495,买盘
116,14:49:27,10.98,--,122,133956,卖盘
117,14:49:24,10.98,--,7,7686,卖盘
118,14:49:21,10.98,-0.01,28,30744,卖盘
119,14:49:15,10.99,0.01,2,2198,买盘
120,14:49:12,10.98,-0.01,34,37332,卖盘
121,14:49:09,10.99,0.01,2,2198,买盘
122,14:49:03,10.98,--,3,3294,卖盘
123,14:48:57,10.98,-0.01,287,315169,卖盘
124,14:48:54,10.99,0.01,426,468174,买盘
125,14:48:51,10.98,-0.01,109,119682,卖盘
126,14:48:48,10.99,0.01,21,23079,买盘
127,14:48:45,10.98,-0.01,19,20862,卖盘
128,14:48:36,10.99,--,2,2198,买盘
129,14:48:33,10.99,0.01,56,61544,买盘
130,14:48:27,10.98,-0.01,12,13176,卖盘
131,14:48:24,10.99,--,72,79128,买盘
132,14:48:21,10.99,0.01,12,13188,买盘
133,14:48:18,10.98,-0.01,24,26352,卖盘
134,14:48:12,10.99,0.01,2,2198,买盘
135,14:48:09,10.98,--,10,11023,卖盘
136,14:47:57,10.98,-0.01,384,421632,卖盘
137,14:47:51,10.99,0.01,15,16485,买盘
138,14:47:48,10.98,-0.01,115,126270,卖盘
139,14:47:45,10.99,--,32,35168,买盘
140,14:47:42,10.99,--,5,5495,买盘
141,14:47:39,10.99,--,4,4396,买盘
142,14:47:36,10.99,--,104,114296,买盘
143,14:47:33,10.99,--,22,24221,买盘
144,14:47:30,10.99,--,1,1099,买盘
145,14:47:27,10.99,--,42,47213,卖盘
146,14:47:21,10.99,--,2,2198,卖盘
147,14:47:18,10.99,--,41,45059,卖盘
148,14:47:15,10.99,-0.01,24,26376,卖盘
149,14:47:12,11.0,--,3,3300,买盘
150,14:47:09,11.0,--,4,4400,买盘
151,14:47:06,11.0,0.01,4,4400,买盘
152,14:47:03,10.99,--,17,18726,卖盘
153,14:47:00,10.99,--,4,4396,卖盘
154,14:46:57,10.99,--,497,546246,买盘
155,14:46:54,10.99,--,5,5495,买盘
156,14:46:48,10.99,--,32,35168,买盘
157,14:46:42,10.99,--,127,139573,买盘
158,14:46:36,10.99,--,4,4396,买盘
159,14:46:33,10.99,0.01,5,5495,买盘
160,14:46:27,10.98,--,242,265716,卖盘
161,14:46:24,10.98,-0.01,500,549000,卖盘
162,14:46:21,10.99,--,10,10990,买盘
163,14:46:18,10.99,-0.01,134,147266,卖盘
164,14:46:15,11.0,0.01,1,1100,买盘
165,14:46:12,10.99,-0.01,5,5495,卖盘
166,14:46:06,11.0,--,6,6600,买盘
167,14:46:03,11.0,0.01,1,1100,买盘
168,14:45:57,10.99,--,41,45059,买盘
169,14:45:54,10.99,0.01,135,148365,买盘
170,14:45:51,10.98,-0.01,22,24156,卖盘
171,14:45:48,10.99,--,5,5495,买盘
172,14:45:45,10.99,--,3,3340,买盘
173,14:45:42,10.99,--,1,1099,买盘
174,14:45:39,10.99,0.01,6,6594,中性盘
175,14:45:30,10.98,--,6,6588,卖盘
176,14:45:27,10.98,-0.02,47,51606,卖盘
177,14:45:24,11.0,0.01,7,7744,买盘
178,14:45:21,10.99,--,1,1099,卖盘
179,14:45:18,10.99,--,34,37366,卖盘
180,14:45:12,10.99,-0.01,7,7693,卖盘
181,14:45:06,11.0,--,23,25300,买盘
182,14:45:03,11.0,0.02,105,115500,买盘
183,14:45:00,10.98,-0.01,22,24156,卖盘
184,14:44:57,10.99,-0.01,31,34244,卖盘
185,14:44:54,11.0,--,2,2200,买盘
186,14:44:51,11.0,0.02,204,224400,买盘
187,14:44:48,10.98,-0.02,1,1098,卖盘
188,14:44:45,11.0,--,5,5500,买盘
189,14:44:42,11.0,--,1,1144,买盘
190,14:44:36,11.0,0.02,1,1100,买盘
191,14:44:33,10.98,-0.02,77,84546,卖盘
192,14:44:30,11.0,0.01,20,22000,买盘
193,14:44:27,10.99,-0.01,63,69237,卖盘
194,14:44:24,11.0,0.01,11,12100,买盘
195,14:44:21,10.99,--,0,43,卖盘
196,14:44:12,10.99,--,7,7693,卖盘
197,14:44:06,10.99,-0.01,5,5495,卖盘
198,14:44:03,11.0,0.01,9,9900,买盘
199,14:43:57,10.99,--,303,332997,买盘
200,14:43:54,10.99,--,27,29673,买盘
201,14:43:45,10.99,--,2,2198,买盘
202,14:43:42,10.99,--,30,32970,买盘
203,14:43:39,10.99,--,22,24221,买盘
204,14:43:36,10.99,--,28,30772,买盘
205,14:43:33,10.99,--,2,2198,买盘
206,14:43:30,10.99,--,385,424038,卖盘
207,14:43:27,10.99,-0.01,24,26376,卖盘
208,14:43:24,11.0,0.01,9,9900,买盘
209,14:43:21,10.99,--,50,54950,卖盘
210,14:43:18,10.99,--,21,23079,卖盘
211,14:43:12,10.99,--,10,10990,卖盘
212,14:43:09,10.99,--,2,2198,卖盘
213,14:43:03,10.99,--,4,4396,卖盘
214,14:43:00,10.99,-0.01,30,32970,卖盘
215,14:42:57,11.0,--,18,19800,卖盘
216,14:42:54,11.0,0.01,8,8844,买盘
217,14:42:51,10.99,-0.01,5,5495,卖盘
218,14:42:48,11.0,--,12,13200,买盘
219,14:42:45,11.0,--,1,1100,买盘
220,14:42:39,11.0,--,24,26400,卖盘
221,14:42:36,11.0,-0.01,5,5500,卖盘
222,14:42:33,11.01,--,3,3303,买盘
223,14:42:30,11.01,0.02,24,26424,买盘
224,14:42:27,10.99,-0.02,21,23079,卖盘
225,14:42:24,11.01,--,7,7707,买盘
226,14:42:18,11.01,0.01,7,7707,买盘
227,14:42:15,11.0,-0.01,29,31900,中性盘
228,14:42:06,11.01,0.02,1,1101,买盘
229,14:42:03,10.99,-0.02,1,1099,卖盘
230,14:42:00,11.01,--,5,5505,买盘
231,14:41:57,11.01,--,21,23121,买盘
232,14:41:54,11.01,0.02,163,179463,买盘
233,14:41:51,10.99,--,1,1142,卖盘
234,14:41:45,10.99,--,30,32970,卖盘
235,14:41:42,10.99,-0.01,7,7693,卖盘
236,14:41:36,11.0,0.01,24,26400,买盘
237,14:41:33,10.99,--,0,43,卖盘
238,14:41:27,10.99,--,24,26376,卖盘
239,14:41:18,10.99,--,64,70336,卖盘
240,14:41:09,10.99,--,6,6594,卖盘
241,14:41:06,10.99,-0.01,2,2198,卖盘
242,14:41:03,11.0,0.01,12,13200,中性盘
243,14:41:00,10.99,-0.01,29,31871,卖盘
244,14:40:57,11.0,-0.01,22,24200,中性盘
245,14:40:54,11.01,0.02,67,73767,买盘
246,14:40:51,10.99,--,1,1099,卖盘
247,14:40:48,10.99,--,0,43,卖盘
248,14:40:36,10.99,-0.02,5,5495,卖盘
249,14:40:33,11.01,0.02,6,6606,买盘
250,14:40:27,10.99,--,14,15386,卖盘
251,14:40:24,10.99,-0.02,9,9891,卖盘
252,14:40:21,11.01,--,23,25323,买盘
253,14:40:18,11.01,0.02,36,39669,买盘
254,14:40:15,10.99,-0.01,20,21980,中性盘
255,14:40:12,11.0,0.01,22,24200,买盘
256,14:40:09,10.99,--,10,10990,卖盘
257,14:40:06,10.99,0.01,5,5495,中性盘
258,14:39:57,10.98,-0.01,137,150469,卖盘
259,14:39:51,10.99,--,8,8792,卖盘
260,14:39:45,10.99,-0.02,25,27475,卖盘
261,14:39:39,11.01,--,18,19818,买盘
262,14:39:33,11.01,0.02,8,8808,买盘
263,14:39:27,10.99,--,57,62643,卖盘
264,14:39:24,10.99,--,7,7693,卖盘
265,14:39:18,10.99,--,27,29673,卖盘
266,14:39:15,10.99,-0.01,61,67039,卖盘
267,14:39:12,11.0,-0.01,10,11000,卖盘
268,14:39:09,11.01,--,18,19818,买盘
269,14:39:06,11.01,0.01,28,30828,买盘
270,14:39:03,11.0,--,0,44,中性盘
271,14:38:57,11.0,--,568,624800,买盘
272,14:38:54,11.0,0.01,4,4400,买盘
273,14:38:51,10.99,--,90,98910,卖盘
274,14:38:48,10.99,--,13,14287,卖盘
275,14:38:39,10.99,--,25,27475,卖盘
276,14:38:30,10.99,--,245,269255,卖盘
277,14:38:27,10.99,--,13,14287,卖盘
278,14:38:21,10.99,--,0,43,卖盘
279,14:38:18,10.99,-0.02,7,7693,卖盘
280,14:38:15,11.01,--,23,25323,买盘
281,14:38:06,11.01,--,26,28626,买盘
282,14:38:03,11.01,0.02,32,35232,买盘
283,14:38:00,10.99,--,18,19782,卖盘
284,14:37:57,10.99,-0.01,171,187929,卖盘
285,14:37:54,11.0,--,26,28600,买盘
286,14:37:51,11.0,--,54,59400,买盘
287,14:37:48,11.0,0.01,7,7700,买盘
288,14:37:42,10.99,-0.01,0,43,卖盘
289,14:37:39,11.0,--,20,22000,买盘
290,14:37:36,11.0,0.01,30,33000,买盘
291,14:37:30,10.99,-0.01,20,21980,卖盘
292,14:37:27,11.0,0.01,79,86900,买盘
293,14:37:18,10.99,-0.01,230,252770,卖盘
294,14:37:15,11.0,-0.01,34,37400,中性盘
295,14:37:09,11.01,0.02,26,28626,买盘
296,14:37:06,10.99,-0.02,15,16485,卖盘
297,14:37:03,11.01,0.01,777,855477,买盘
298,14:37:00,11.0,--,102,112244,买盘
299,14:36:57,11.0,0.01,50,55000,买盘
300,14:36:54,10.99,-0.01,11,12089,卖盘
301,14:36:51,11.0,0.01,52,57200,买盘
302,14:36:42,10.99,--,245,269255,卖盘
303,14:36:39,10.99,--,375,412125,卖盘
304,14:36:36,10.99,-0.01,23,25277,卖盘
305,14:36:30,11.0,0.01,15,16544,买盘
306,14:36:27,10.99,-0.01,69,75831,卖盘
307,14:36:24,11.0,0.01,40,44000,买盘
308,14:36:21,10.99,--,16,17584,卖盘
309,14:36:18,10.99,--,9,9891,卖盘
310,14:36:12,10.99,-0.01,16,17584,卖盘
311,14:36:06,11.0,0.01,16,17600,买盘
312,14:36:03,10.99,-0.01,6,6594,卖盘
313,14:36:00,11.0,0.01,121,133100,买盘
314,14:35:57,10.99,-0.01,68,74732,卖盘
315,14:35:51,11.0,--,26,28600,买盘
316,14:35:48,11.0,0.01,33,36344,买盘
317,14:35:39,10.99,-0.01,70,76930,卖盘
318,14:35:36,11.0,0.01,8,8800,买盘
319,14:35:27,10.99,--,9,9891,卖盘
320,14:35:24,10.99,-0.01,161,176939,卖盘
321,14:35:21,11.0,0.01,19,20900,买盘
322,14:35:18,10.99,--,28,30772,卖盘
323,14:35:15,10.99,-0.01,45,49498,卖盘
324,14:35:12,11.0,--,2,2200,卖盘
325,14:35:06,11.0,--,5,5500,卖盘
326,14:35:03,11.0,0.01,5,5500,买盘
327,14:35:00,10.99,-0.01,77,84623,卖盘
328,14:34:57,11.0,--,65,71500,买盘
329,14:34:54,11.0,--,1,1100,买盘
330,14:34:51,11.0,0.01,20,22000,买盘
331,14:34:42,10.99,-0.01,0,43,卖盘
332,14:34:39,11.0,--,4,4400,买盘
333,14:34:36,11.0,--,8,8800,买盘
334,14:34:33,11.0,--,19,20900,买盘
335,14:34:27,11.0,--,2,2200,买盘
336,14:34:24,11.0,0.01,2,2200,买盘
337,14:34:21,10.99,-0.02,10,10990,卖盘
338,14:34:18,11.01,0.01,15,16515,买盘
339,14:34:15,11.0,--,20,22000,买盘
340,14:34:09,11.0,--,14,16412,卖盘
341,14:34:06,11.0,--,23,25344,卖盘
342,14:34:03,11.0,--,4,4400,卖盘
343,14:34:00,11.0,--,37,40744,买盘
344,14:33:57,11.0,--,394,433400,买盘
345,14:33:54,11.0,--,27,29700,买盘
346,14:33:48,11.0,0.01,1,1100,买盘
347,14:33:45,10.99,--,7,7693,卖盘
348,14:33:39,10.99,--,1,1099,卖盘
349,14:33:36,10.99,-0.01,9,9891,卖盘
350,14:33:33,11.0,0.01,3,3300,买盘
351,14:33:27,10.99,-0.01,120,131880,卖盘
352,14:33:21,11.0,0.01,9,9900,买盘
353,14:33:18,10.99,-0.01,33,36267,卖盘
354,14:33:15,11.0,0.01,9,9900,买盘
355,14:33:12,10.99,-0.01,1,1099,卖盘
356,14:33:09,11.0,--,130,143000,卖盘
357,14:33:06,11.0,-0.01,1000,1100000,卖盘
358,14:33:03,11.01,-0.01,21,23121,卖盘
359,14:33:00,11.02,0.02,79,87058,买盘
360,14:32:57,11.0,-0.01,127,139700,卖盘
361,14:32:54,11.01,--,25,27525,卖盘
362,14:32:51,11.01,-0.01,1,1101,卖盘
363,14:32:48,11.02,0.01,4,4408,买盘
364,14:32:45,11.01,--,7,7707,卖盘
365,14:32:42,11.01,-0.01,490,539490,卖盘
366,14:32:39,11.02,--,22,25301,卖盘
367,14:32:36,11.02,-0.01,8,8860,中性盘
368,14:32:33,11.03,0.01,4,4412,买盘
369,14:32:27,11.02,0.01,21,23142,卖盘
370,14:32:24,11.01,--,4,4404,卖盘
371,14:32:21,11.01,-0.02,10,11010,卖盘
372,14:32:18,11.03,--,252,277956,买盘
373,14:32:15,11.03,0.01,36,39708,买盘
374,14:32:12,11.02,0.01,1,1102,买盘
375,14:32:06,11.01,-0.01,0,44,卖盘
376,14:32:03,11.02,--,1,1102,买盘
377,14:32:00,11.02,--,168,186149,卖盘
378,14:31:57,11.02,-0.01,41,45182,卖盘
379,14:31:54,11.03,0.01,34,37502,买盘
380,14:31:51,11.02,--,17,18778,卖盘
381,14:31:45,11.02,-0.01,19,20938,卖盘
382,14:31:42,11.03,0.01,2,2206,买盘
383,14:31:39,11.02,--,1,1102,卖盘
384,14:31:36,11.02,--,12,13224,卖盘
385,14:31:33,11.02,--,10,11020,卖盘
386,14:31:30,11.02,--,14,15428,卖盘
387,14:31:27,11.02,--,16,17632,卖盘
388,14:31:24,11.02,--,18,19836,卖盘
389,14:31:21,11.02,--,65,71630,卖盘
390,14:31:12,11.02,--,50,55100,卖盘
391,14:31:09,11.02,-0.01,0,44,卖盘
392,14:31:03,11.03,--,33,36399,买盘
393,14:31:00,11.03,0.02,5,5515,买盘
394,14:30:57,11.01,-0.01,46,50646,卖盘
395,14:30:54,11.02,--,29,31958,买盘
396,14:30:51,11.02,--,12,13224,买盘
397,14:30:39,11.02,-0.01,0,1057,卖盘
398,14:30:36,11.03,0.01,18,19854,买盘
399,14:30:33,11.02,-0.02,0,44,中性盘
400,14:30:24,11.04,0.02,11,12143,买盘
401,14:30:21,11.02,--,4,4408,买盘
402,14:30:18,11.02,--,170,187340,买盘
403,14:30:15,11.02,--,122,134444,买盘
404,14:30:12,11.02,0.01,5,5510,买盘
405,14:30:06,11.01,--,1,1101,卖盘
406,14:30:03,11.01,-0.01,7,7707,卖盘
407,14:30:00,11.02,0.01,73,80446,买盘
408,14:29:57,11.01,--,32,35276,卖盘
409,14:29:54,11.01,-0.01,5,5505,卖盘
410,14:29:51,11.02,--,54,59508,买盘
411,14:29:48,11.02,-0.02,129,142158,卖盘
412,14:29:36,11.04,--,12,13247,买盘
413,14:29:30,11.04,--,37,40848,买盘
414,14:29:27,11.04,--,80,88320,买盘
415,14:29:21,11.04,0.03,15,16560,买盘
416,14:29:18,11.01,-0.03,31,34131,卖盘
417,14:29:12,11.04,--,31,34224,买盘
418,14:29:09,11.04,--,8,8832,买盘
419,14:29:03,11.04,--,4,4416,买盘
420,14:29:00,11.04,0.03,79,87216,买盘
421,14:28:57,11.01,-0.03,67,73767,卖盘
422,14:28:54,11.04,--,41,45264,买盘
423,14:28:51,11.04,--,7,7727,买盘
424,14:28:48,11.04,0.03,40,44160,买盘
425,14:28:45,11.01,-0.03,12,13256,卖盘
426,14:28:42,11.04,--,2,2208,买盘
427,14:28:39,11.04,--,1,1104,买盘
428,14:28:36,11.04,--,26,28703,买盘
429,14:28:33,11.04,--,7,7727,买盘
430,14:28:27,11.04,0.01,269,298035,买盘
431,14:28:24,11.03,-0.01,100,110300,卖盘
432,14:28:21,11.04,0.01,18,19872,买盘
433,14:28:15,11.03,--,0,44,卖盘
434,14:28:12,11.03,-0.01,9,9927,卖盘
435,14:28:06,11.04,0.01,10,11040,买盘
436,14:28:03,11.03,-0.01,16,17648,卖盘
437,14:28:00,11.04,0.02,48,52991,买盘
438,14:27:57,11.02,--,311,342722,卖盘
439,14:27:54,11.02,-0.01,1,1102,卖盘
440,14:27:51,11.03,0.01,11,12133,买盘
441,14:27:48,11.02,-0.01,49,54042,卖盘
442,14:27:42,11.03,--,27,29781,买盘
443,14:27:39,11.03,0.01,15,16545,买盘
444,14:27:36,11.02,--,13,14326,卖盘
445,14:27:33,11.02,--,8,8816,卖盘
446,14:27:30,11.02,--,1,1102,卖盘
447,14:27:27,11.02,--,85,93670,卖盘
448,14:27:21,11.02,-0.01,0,44,卖盘
449,14:27:18,11.03,0.01,18,19854,买盘
450,14:27:15,11.02,-0.01,33,36366,卖盘
451,14:27:12,11.03,0.01,10,11030,买盘
452,14:27:09,11.02,-0.01,4,4408,卖盘
453,14:27:06,11.03,0.01,7,7721,买盘
454,14:27:03,11.02,--,94,103676,买盘
455,14:27:00,11.02,0.01,74,81548,买盘
456,14:26:57,11.01,-0.01,40,44040,卖盘
457,14:26:54,11.02,-0.01,52,58317,卖盘
458,14:26:51,11.03,--,11,12133,买盘
459,14:26:48,11.03,--,24,26472,买盘
460,14:26:45,11.03,--,28,30884,买盘
461,14:26:42,11.03,--,11,12133,买盘
462,14:26:39,11.03,--,20,22060,买盘
463,14:26:36,11.03,0.01,8,8824,买盘
464,14:26:33,11.02,-0.01,82,90364,卖盘
465,14:26:30,11.03,--,24,26516,买盘
466,14:26:27,11.03,0.01,192,211776,买盘
467,14:26:24,11.02,-0.01,3,3306,卖盘
468,14:26:21,11.03,0.01,7,7721,买盘
469,14:26:18,11.02,-0.01,83,91466,卖盘
470,14:26:15,11.03,0.01,5,5559,买盘
471,14:26:12,11.02,-0.01,1,1102,卖盘
472,14:26:09,11.03,0.02,6,6618,买盘
473,14:26:06,11.01,-0.02,33,36333,卖盘
474,14:26:00,11.03,--,79,87137,买盘
475,14:25:57,11.03,--,48,52944,买盘
476,14:25:54,11.03,--,24,26472,买盘
477,14:25:51,11.03,0.01,15,16545,买盘
478,14:25:48,11.02,-0.01,13,14326,卖盘
479,14:25:45,11.03,--,19,21001,买盘
480,14:25:42,11.03,--,28,30884,买盘
481,14:25:36,11.03,--,20,22060,买盘
482,14:25:27,11.03,--,62,68386,买盘
483,14:25:24,11.03,--,12,13236,买盘
484,14:25:21,11.03,0.01,12,13236,买盘
485,14:25:18,11.02,-0.01,6,6612,卖盘
486,14:25:15,11.03,--,45,49635,买盘
487,14:25:12,11.03,--,5,5515,买盘
488,14:25:06,11.03,--,7,7721,买盘
489,14:25:03,11.03,--,20,22060,买盘
490,14:25:00,11.03,0.01,99,109197,买盘
491,14:24:57,11.02,-0.01,85,93670,卖盘
492,14:24:54,11.03,--,25,27575,买盘
493,14:24:51,11.03,--,33,36443,买盘
494,14:24:48,11.03,--,20,22060,买盘
495,14:24:45,11.03,--,33,36399,买盘
496,14:24:42,11.03,0.01,6,6618,买盘
497,14:24:39,11.02,-0.01,10,11020,卖盘
498,14:24:36,11.03,0.01,8,8824,买盘
499,14:24:30,11.02,--,7,7747,卖盘
500,14:24:27,11.02,-0.01,7,7714,卖盘
501,14:24:24,11.03,--,2,2206,买盘
502,14:24:21,11.03,--,18,19854,买盘
503,14:24:18,11.03,--,16,17648,买盘
504,14:24:15,11.03,--,9,9927,买盘
505,14:24:09,11.03,--,53,58503,买盘
506,14:24:06,11.03,0.01,68,75004,买盘
507,14:24:03,11.02,-0.01,5,5510,卖盘
508,14:24:00,11.03,0.02,74,81622,买盘
509,14:23:57,11.01,-0.02,41,45141,卖盘
510,14:23:54,11.03,--,7,7721,买盘
511,14:23:51,11.03,0.01,13,14383,买盘
512,14:23:48,11.02,-0.01,16,17632,卖盘
513,14:23:45,11.03,--,7,7721,买盘
514,14:23:42,11.03,--,44,48532,买盘
515,14:23:39,11.03,--,7,7721,买盘
516,14:23:36,11.03,--,12,13236,买盘
517,14:23:33,11.03,0.02,7,7721,买盘
518,14:23:30,11.01,--,7,7707,卖盘
519,14:23:27,11.01,-0.02,12,13212,卖盘
520,14:23:24,11.03,--,12,13280,买盘
521,14:23:18,11.03,--,34,37502,买盘
522,14:23:15,11.03,--,28,30884,买盘
523,14:23:12,11.03,--,25,27575,买盘
524,14:23:09,11.03,0.02,26,28678,买盘
525,14:23:06,11.01,-0.02,0,44,卖盘
526,14:23:00,11.03,--,80,88240,买盘
527,14:22:57,11.03,--,32,35296,买盘
528,14:22:54,11.03,--,2,2250,买盘
529,14:22:51,11.03,--,19,20957,买盘
530,14:22:48,11.03,--,45,49635,买盘
531,14:22:45,11.03,--,1,1103,买盘
532,14:22:42,11.03,0.01,6,6618,买盘
533,14:22:39,11.02,--,12,13224,买盘
534,14:22:36,11.02,--,8,8816,中性盘
535,14:22:27,11.02,-0.01,49,54042,卖盘
536,14:22:24,11.03,--,3,3309,买盘
537,14:22:21,11.03,0.01,29,31986,买盘
538,14:22:18,11.02,-0.01,29,31958,卖盘
539,14:22:15,11.03,0.01,5,5515,买盘
540,14:22:12,11.02,-0.01,15,16574,中性盘
541,14:22:06,11.03,--,37,40811,买盘
542,14:22:00,11.03,0.02,128,141184,买盘
543,14:21:57,11.01,-0.02,34,37434,卖盘
544,14:21:54,11.03,--,2,2206,买盘
545,14:21:48,11.03,--,97,107035,买盘
546,14:21:45,11.03,--,11,12133,买盘
547,14:21:42,11.03,--,30,33090,买盘
548,14:21:39,11.03,0.01,13,14339,买盘
549,14:21:36,11.02,--,27,29754,买盘
550,14:21:33,11.02,0.01,121,133342,买盘
551,14:21:30,11.01,--,33,36333,卖盘
552,14:21:27,11.01,-0.01,42,46242,卖盘
553,14:21:24,11.02,--,33,36366,买盘
554,14:21:21,11.02,--,15,16574,买盘
555,14:21:18,11.02,--,22,24244,买盘
556,14:21:15,11.02,--,20,22040,买盘
557,14:21:12,11.02,--,51,56202,买盘
558,14:21:06,11.02,0.01,11,12122,买盘
559,14:21:03,11.01,-0.01,4,4448,卖盘
560,14:21:00,11.02,0.01,80,88160,买盘
561,14:20:57,11.01,-0.02,3,3303,卖盘
562,14:20:54,11.03,--,338,372814,买盘
563,14:20:51,11.03,--,12,13236,买盘
564,14:20:48,11.03,--,24,26472,买盘
565,14:20:45,11.03,--,11,12133,买盘
566,14:20:42,11.03,0.01,15,16545,买盘
567,14:20:39,11.02,-0.01,8,8860,卖盘
568,14:20:36,11.03,--,28,30884,买盘
569,14:20:33,11.03,--,8,8824,买盘
570,14:20:30,11.03,--,18,19854,买盘
571,14:20:27,11.03,--,27,29781,买盘
572,14:20:24,11.03,-0.01,2,2206,中性盘
573,14:20:21,11.04,--,7,7926,买盘
574,14:20:18,11.04,0.01,33,37381,买盘
575,14:20:15,11.03,--,1,1103,买盘
576,14:20:12,11.03,-0.01,52,57554,卖盘
577,14:20:06,11.04,0.01,9,9936,买盘
578,14:20:03,11.03,--,14,15442,卖盘
579,14:20:00,11.03,--,84,92652,卖盘
580,14:19:57,11.03,-0.01,9,9971,卖盘
581,14:19:54,11.04,0.01,18,19872,买盘
582,14:19:51,11.03,--,4,4412,卖盘
583,14:19:48,11.03,--,26,29538,买盘
584,14:19:45,11.03,--,8,8824,买盘
585,14:19:42,11.03,--,15,16545,买盘
586,14:19:36,11.03,0.01,19,20957,买盘
587,14:19:33,11.02,--,35,38570,卖盘
588,14:19:27,11.02,-0.01,5,5510,卖盘
589,14:19:24,11.03,--,8,8824,买盘
590,14:19:21,11.03,--,7,7721,买盘
591,14:19:18,11.03,0.01,33,36399,买盘
592,14:19:15,11.02,--,28,30856,卖盘
593,14:19:12,11.02,--,27,29754,卖盘
594,14:19:03,11.02,-0.01,5,5510,卖盘
595,14:19:00,11.03,0.01,91,100373,买盘
596,14:18:57,11.02,-0.01,36,39672,卖盘
597,14:18:54,11.03,--,15,16545,买盘
598,14:18:48,11.03,--,18,19854,买盘
599,14:18:45,11.03,--,12,13236,买盘
600,14:18:42,11.03,--,33,36399,买盘
601,14:18:39,11.03,0.02,9,9927,买盘
602,14:18:36,11.01,-0.02,1,1101,卖盘
603,14:18:33,11.03,--,30,33090,买盘
604,14:18:30,11.03,0.02,3,3309,买盘
605,14:18:27,11.01,-0.02,61,67161,卖盘
606,14:18:24,11.03,--,22,24266,买盘
607,14:18:18,11.03,--,28,30884,买盘
608,14:18:15,11.03,0.02,13,14339,买盘
609,14:18:12,11.01,-0.02,42,46242,卖盘
610,14:18:09,11.03,0.01,3,3309,买盘
611,14:18:06,11.02,--,1,1102,卖盘
612,14:18:03,11.02,-0.01,37,40774,卖盘
613,14:18:00,11.03,--,83,91549,买盘
614,14:17:57,11.03,--,1,1103,买盘
615,14:17:54,11.03,0.02,6,6618,买盘
616,14:17:51,11.01,-0.01,10,11010,卖盘
617,14:17:48,11.02,--,42,46284,买盘
618,14:17:45,11.02,0.01,1,1102,买盘
619,14:17:42,11.01,-0.01,42,46242,卖盘
620,14:17:39,11.02,--,35,38570,卖盘
621,14:17:36,11.02,--,3,3306,卖盘
622,14:17:33,11.02,-0.01,13,14326,卖盘
623,14:17:30,11.03,0.01,7,7721,买盘
624,14:17:24,11.02,0.01,5,5510,买盘
625,14:17:21,11.01,-0.02,9,9909,卖盘
626,14:17:18,11.03,--,29,31986,买盘
627,14:17:15,11.03,--,28,30884,买盘
628,14:17:12,11.03,--,15,16545,买盘
629,14:17:09,11.03,--,8,8824,买盘
630,14:17:06,11.03,0.02,16,17648,买盘
631,14:17:03,11.01,-0.02,5,5505,卖盘
632,14:17:00,11.03,--,75,82725,买盘
633,14:16:57,11.03,--,48,52944,买盘
634,14:16:54,11.03,0.01,20,22060,买盘
635,14:16:51,11.02,-0.01,7,7714,卖盘
636,14:16:48,11.03,--,36,39708,买盘
637,14:16:45,11.03,--,1,1103,买盘
638,14:16:42,11.03,--,15,16545,买盘
639,14:16:36,11.03,--,9,9927,买盘
640,14:16:33,11.03,--,5,5515,买盘
641,14:16:30,11.03,0.01,28,30884,买盘
642,14:16:27,11.02,-0.01,33,36366,卖盘
643,14:16:24,11.03,0.01,23,25369,买盘
644,14:16:18,11.02,-0.01,111,122322,买盘
645,14:16:15,11.03,--,33,36399,买盘
646,14:16:12,11.03,--,27,29781,买盘
647,14:16:09,11.03,--,42,46326,买盘
648,14:16:06,11.03,--,9,9927,买盘
649,14:16:03,11.03,--,41,45223,买盘
650,14:16:00,11.03,0.01,91,100373,买盘
651,14:15:57,11.02,-0.01,20,22040,卖盘
652,14:15:54,11.03,--,2,2206,买盘
653,14:15:51,11.03,0.01,8,8824,买盘
654,14:15:48,11.02,--,112,123424,买盘
655,14:15:45,11.02,--,1,1102,买盘
656,14:15:42,11.02,--,7,7714,买盘
657,14:15:39,11.02,--,26,28652,买盘
658,14:15:36,11.02,--,6,6612,买盘
659,14:15:33,11.02,-0.01,1,1102,卖盘
660,14:15:30,11.03,--,35,38605,买盘
661,14:15:27,11.03,--,26,28678,买盘
662,14:15:24,11.03,--,2,2206,买盘
663,14:15:21,11.03,--,8,8824,买盘
664,14:15:18,11.03,--,12,13236,买盘
665,14:15:15,11.03,0.01,12,13236,买盘
666,14:15:12,11.02,-0.01,45,49590,中性盘
667,14:15:09,11.03,--,27,29781,买盘
668,14:15:06,11.03,0.02,18,19854,买盘
669,14:15:03,11.01,-0.02,4,4404,卖盘
670,14:15:00,11.03,--,77,84931,买盘
671,14:14:57,11.03,0.01,65,71695,买盘
672,14:14:54,11.02,0.01,13,14326,买盘
673,14:14:51,11.01,-0.01,1,1101,卖盘
674,14:14:48,11.02,-0.01,10,11020,卖盘
675,14:14:45,11.03,0.02,10,11030,买盘
676,14:14:42,11.01,-0.01,21,23121,卖盘
677,14:14:39,11.02,-0.01,33,36366,卖盘
678,14:14:36,11.03,0.01,7,7721,买盘
679,14:14:33,11.02,--,1,1102,卖盘
680,14:14:30,11.02,--,34,37468,买盘
681,14:14:27,11.02,--,44,48488,卖盘
682,14:14:24,11.02,0.01,8,8816,中性盘
683,14:14:21,11.01,-0.01,139,153039,卖盘
684,14:14:18,11.02,-0.01,9,9918,卖盘
685,14:14:15,11.03,0.01,20,22060,买盘
686,14:14:12,11.02,--,19,20938,卖盘
687,14:14:09,11.02,0.01,34,37468,买盘
688,14:14:03,11.01,-0.01,43,47343,卖盘
689,14:14:00,11.02,-0.01,138,152076,卖盘
690,14:13:57,11.03,0.01,67,73901,买盘
691,14:13:54,11.02,-0.01,15,16530,卖盘
692,14:13:51,11.03,--,6,6618,买盘
693,14:13:45,11.03,0.01,11,12133,买盘
694,14:13:42,11.02,--,19,20938,卖盘
695,14:13:39,11.02,-0.01,21,23142,卖盘
696,14:13:30,11.03,0.01,8,8824,买盘
697,14:13:27,11.02,-0.01,56,61712,卖盘
698,14:13:18,11.03,0.01,94,103682,买盘
699,14:13:15,11.02,--,66,72732,买盘
700,14:13:12,11.02,0.01,26,28652,买盘
701,14:13:09,11.01,-0.02,48,52848,卖盘
702,14:13:06,11.03,0.01,7,7721,买盘
703,14:13:03,11.02,-0.01,4,4408,卖盘
704,14:13:00,11.03,0.01,88,97064,买盘
705,14:12:57,11.02,--,45,49590,卖盘
706,14:12:54,11.02,-0.01,8,8816,卖盘
707,14:12:48,11.03,--,29,31986,买盘
708,14:12:45,11.03,--,19,20957,买盘
709,14:12:42,11.03,--,18,19854,买盘
710,14:12:39,11.03,--,40,44120,买盘
711,14:12:36,11.03,0.01,6,6618,买盘
712,14:12:27,11.02,-0.01,23,25346,卖盘
713,14:12:24,11.03,--,53,58459,买盘
714,14:12:18,11.03,--,18,19854,买盘
715,14:12:15,11.03,--,1,1103,买盘
716,14:12:12,11.03,0.01,52,57356,买盘
717,14:12:09,11.02,-0.01,6,6612,卖盘
718,14:12:00,11.03,0.01,91,100373,买盘
719,14:11:57,11.02,--,18,19836,买盘
720,14:11:54,11.02,-0.01,123,135546,卖盘
721,14:11:51,11.03,--,7,7721,买盘
722,14:11:48,11.03,0.01,19,20957,买盘
723,14:11:45,11.02,--,42,46284,买盘
724,14:11:39,11.02,--,42,46284,买盘
725,14:11:36,11.02,--,6,6612,买盘
726,14:11:33,11.02,--,2,2204,买盘
727,14:11:30,11.02,--,40,44080,买盘
728,14:11:27,11.02,--,29,31958,买盘
729,14:11:24,11.02,--,9,9918,买盘
730,14:11:18,11.02,--,6,6612,买盘
731,14:11:15,11.02,0.01,15,16530,买盘
732,14:11:12,11.01,--,41,45141,卖盘
733,14:11:09,11.01,-0.01,8,8808,卖盘
734,14:11:06,11.02,--,8,8816,买盘
735,14:11:03,11.02,0.01,28,30856,买盘
736,14:11:00,11.01,0.01,36,39636,买盘
737,14:10:57,11.0,-0.01,26,28600,卖盘
738,14:10:54,11.01,--,6,6606,买盘
739,14:10:48,11.01,--,46,50646,买盘
740,14:10:45,11.01,--,16,17616,买盘
741,14:10:42,11.01,-0.02,160,176160,卖盘
742,14:10:36,11.03,--,18,19854,买盘
743,14:10:33,11.03,--,6,6618,买盘
744,14:10:27,11.03,0.01,28,30884,买盘
745,14:10:24,11.02,-0.01,1,1102,卖盘
746,14:10:21,11.03,0.01,12,13236,买盘
747,14:10:18,11.02,-0.01,7,7714,卖盘
748,14:10:15,11.03,--,11,12133,买盘
749,14:10:12,11.03,0.02,7,7721,买盘
750,14:10:09,11.01,-0.02,30,33030,卖盘
751,14:10:00,11.03,0.02,81,89343,买盘
752,14:09:57,11.01,-0.01,36,39636,卖盘
753,14:09:54,11.02,-0.01,4,4408,卖盘
754,14:09:48,11.03,--,15,16545,买盘
755,14:09:45,11.03,--,1,1103,买盘
756,14:09:42,11.03,0.01,35,38605,买盘
757,14:09:39,11.02,-0.01,5,5510,卖盘
758,14:09:36,11.03,--,8,8824,买盘
759,14:09:30,11.03,--,5,5515,买盘
760,14:09:27,11.03,0.01,46,50738,买盘
761,14:09:24,11.02,--,5,5510,买盘
762,14:09:21,11.02,-0.01,32,35264,卖盘
763,14:09:15,11.03,0.01,20,22060,买盘
764,14:09:09,11.02,-0.01,4,4408,卖盘
765,14:09:06,11.03,--,7,7721,买盘
766,14:09:03,11.03,--,9,9927,买盘
767,14:09:00,11.03,--,99,109197,买盘
768,14:08:54,11.03,--,7,7721,买盘
769,14:08:51,11.03,--,28,30884,买盘
770,14:08:48,11.03,--,22,24266,买盘
771,14:08:42,11.03,0.01,32,35296,买盘
772,14:08:39,11.02,--,106,116812,买盘
773,14:08:33,11.02,--,8,8816,买盘
774,14:08:30,11.02,--,14,15428,买盘
775,14:08:27,11.02,--,4,4408,买盘
776,14:08:21,11.02,--,7,7714,买盘
777,14:08:18,11.02,--,14,15428,买盘
778,14:08:15,11.02,0.01,23,25346,买盘
779,14:08:12,11.01,--,49,53949,卖盘
780,14:08:09,11.01,--,4,4404,卖盘
781,14:08:06,11.01,-0.01,4,4404,卖盘
782,14:08:00,11.02,0.01,94,103588,买盘
783,14:07:57,11.01,-0.01,20,22020,卖盘
784,14:07:54,11.02,--,18,19836,买盘
785,14:07:51,11.02,--,17,18734,买盘
786,14:07:48,11.02,--,7,7714,买盘
787,14:07:45,11.02,--,26,28652,买盘
788,14:07:42,11.02,--,22,24244,买盘
789,14:07:39,11.02,0.02,7,7714,买盘
790,14:07:33,11.0,-0.02,23,25300,卖盘
791,14:07:30,11.02,--,16,17632,买盘
792,14:07:27,11.02,--,7,7714,买盘
793,14:07:24,11.02,--,63,69426,买盘
794,14:07:18,11.02,0.02,4,4408,买盘
795,14:07:15,11.0,-0.02,20,22000,卖盘
796,14:07:12,11.02,--,18,19836,买盘
797,14:07:09,11.02,--,18,19836,买盘
798,14:07:06,11.02,--,2,2204,买盘
799,14:07:03,11.02,--,20,22040,买盘
800,14:07:00,11.02,0.02,95,104690,买盘
801,14:06:57,11.0,-0.02,21,23100,卖盘
802,14:06:54,11.02,--,21,23142,买盘
803,14:06:48,11.02,--,27,29754,买盘
804,14:06:45,11.02,--,17,18734,买盘
805,14:06:42,11.02,0.01,17,18734,买盘
806,14:06:36,11.01,-0.01,2,2202,卖盘
807,14:06:30,11.02,0.01,8,8816,买盘
808,14:06:27,11.01,-0.01,4,4404,卖盘
809,14:06:24,11.02,--,16,17632,买盘
810,14:06:21,11.02,--,7,7714,买盘
811,14:06:15,11.02,--,12,13224,买盘
812,14:06:09,11.02,--,34,37468,买盘
813,14:06:06,11.02,--,33,36366,买盘
814,14:06:03,11.02,--,35,38570,买盘
815,14:06:00,11.02,0.02,10,11020,买盘
816,14:05:57,11.0,-0.01,38,41800,卖盘
817,14:05:54,11.01,--,4,4404,买盘
818,14:05:48,11.01,--,6,6606,中性盘
819,14:05:45,11.01,0.01,23,25323,买盘
820,14:05:42,11.0,--,2,2200,买盘
821,14:05:39,11.0,-0.02,5,5500,卖盘
822,14:05:36,11.02,--,14,15428,买盘
823,14:05:33,11.02,0.02,4,4408,买盘
824,14:05:27,11.0,-0.02,27,29700,卖盘
825,14:05:21,11.02,0.03,1,1102,买盘
826,14:05:18,10.99,-0.03,6,6594,卖盘
827,14:05:15,11.02,--,7,7714,买盘
828,14:05:12,11.02,--,29,31958,买盘
829,14:05:06,11.02,0.01,13,14326,买盘
830,14:05:03,11.01,0.01,41,45141,买盘
831,14:05:00,11.0,--,73,80300,买盘
832,14:04:57,11.0,-0.01,119,130900,卖盘
833,14:04:51,11.01,0.01,6,6606,买盘
834,14:04:48,11.0,-0.02,6,6600,卖盘
835,14:04:45,11.02,0.01,30,33060,买盘
836,14:04:42,11.01,-0.01,21,23121,卖盘
837,14:04:39,11.02,0.02,20,22040,买盘
838,14:04:36,11.0,-0.02,5,5500,卖盘
839,14:04:30,11.02,0.02,7,7714,买盘
840,14:04:27,11.0,-0.02,14,15400,卖盘
841,14:04:24,11.02,--,30,33060,买盘
842,14:04:18,11.02,--,34,37468,买盘
843,14:04:15,11.02,0.02,12,13224,买盘
844,14:04:09,11.0,-0.02,27,29700,卖盘
845,14:04:06,11.02,--,21,23142,买盘
846,14:04:00,11.02,0.03,74,81548,买盘
847,14:03:57,10.99,--,12,13188,卖盘
848,14:03:54,10.99,-0.03,10,10990,卖盘
849,14:03:51,11.02,0.03,2,2204,买盘
850,14:03:48,10.99,-0.02,53,58247,卖盘
851,14:03:45,11.01,0.02,17,18717,买盘
852,14:03:36,10.99,-0.03,10,10990,卖盘
853,14:03:33,11.02,0.03,5,5510,买盘
854,14:03:27,10.99,-0.03,4,4396,卖盘
855,14:03:24,11.02,--,24,26448,买盘
856,14:03:21,11.02,0.03,4,4408,买盘
857,14:03:18,10.99,--,5,5495,卖盘
858,14:03:15,10.99,-0.03,13,14287,卖盘
859,14:03:12,11.02,--,19,20938,买盘
860,14:03:09,11.02,--,19,20938,买盘
861,14:03:06,11.02,--,14,15428,买盘
862,14:03:03,11.02,0.02,30,33060,买盘
863,14:03:00,11.0,0.01,74,81400,中性盘
864,14:02:57,10.99,--,92,101108,卖盘
865,14:02:54,10.99,-0.03,32,35168,卖盘
866,14:02:51,11.02,0.03,13,14326,买盘
867,14:02:48,10.99,-0.03,6,6594,卖盘
868,14:02:45,11.02,0.01,19,20938,买盘
869,14:02:42,11.01,0.01,13,14313,买盘
870,14:02:39,11.0,--,43,47300,卖盘
871,14:02:36,11.0,-0.02,3,3300,卖盘
872,14:02:30,11.02,0.02,27,29754,买盘
873,14:02:27,11.0,-0.02,38,41800,卖盘
874,14:02:18,11.02,0.01,29,31958,买盘
875,14:02:15,11.01,-0.01,4,4404,卖盘
876,14:02:12,11.02,0.02,11,12122,买盘
877,14:02:09,11.0,-0.02,27,29700,卖盘
878,14:02:06,11.02,--,6,6612,买盘
879,14:02:00,11.02,0.02,95,104690,买盘
880,14:01:57,11.0,--,43,47300,卖盘
881,14:01:45,11.0,--,17,18700,卖盘
882,14:01:42,11.0,--,29,31900,卖盘
883,14:01:39,11.0,-0.02,130,143000,卖盘
884,14:01:36,11.02,0.01,36,39672,买盘
885,14:01:33,11.01,-0.01,6,6606,中性盘
886,14:01:24,11.02,0.01,15,16530,买盘
887,14:01:18,11.01,0.01,19,20919,买盘
888,14:01:15,11.0,-0.01,6,6600,卖盘
889,14:01:12,11.01,0.01,19,20919,买盘
890,14:01:09,11.0,-0.01,31,34100,卖盘
891,14:01:06,11.01,0.01,18,19818,买盘
892,14:01:03,11.0,-0.02,4,4400,卖盘
893,14:01:00,11.02,0.01,98,107996,买盘
894,14:00:57,11.01,0.01,8,8808,中性盘
895,14:00:51,11.0,--,36,39600,卖盘
896,14:00:45,11.0,-0.02,6,6600,卖盘
897,14:00:42,11.02,--,29,31958,买盘
898,14:00:39,11.02,0.01,26,28652,买盘
899,14:00:33,11.01,-0.01,1,1101,卖盘
900,14:00:30,11.02,0.02,7,7714,买盘
901,14:00:27,11.0,-0.01,29,31900,卖盘
902,14:00:21,11.01,-0.01,6,6606,中性盘
903,14:00:15,11.02,0.02,11,12122,买盘
904,14:00:12,11.0,--,74,81400,卖盘
905,14:00:09,11.0,-0.02,19,20900,卖盘
906,14:00:06,11.02,--,17,18734,买盘
907,14:00:00,11.02,--,74,81548,买盘
908,13:59:54,11.02,--,8,8816,买盘
909,13:59:48,11.02,--,18,19836,买盘
910,13:59:45,11.02,0.01,7,7714,买盘
911,13:59:42,11.01,--,21,23121,卖盘
912,13:59:39,11.01,0.01,8,8808,中性盘
913,13:59:33,11.0,-0.02,52,57200,卖盘
914,13:59:27,11.02,--,1,1102,买盘
915,13:59:24,11.02,--,4,4408,买盘
916,13:59:21,11.02,--,7,7714,买盘
917,13:59:18,11.02,--,18,19836,买盘
918,13:59:12,11.02,--,76,83752,买盘
919,13:59:06,11.02,0.01,30,33060,买盘
920,13:59:03,11.01,--,3,3303,卖盘
921,13:59:00,11.01,0.01,59,64959,买盘
922,13:58:57,11.0,-0.01,249,273900,卖盘
923,13:58:54,11.01,--,37,40737,买盘
924,13:58:51,11.01,0.01,11,12111,买盘
925,13:58:48,11.0,-0.01,11,12100,卖盘
926,13:58:42,11.01,--,21,23121,买盘
927,13:58:39,11.01,--,7,7707,买盘
928,13:58:36,11.01,0.01,4,4404,买盘
929,13:58:33,11.0,--,2,2200,卖盘
930,13:58:27,11.0,-0.01,10,11000,卖盘
931,13:58:24,11.01,--,28,30828,买盘
932,13:58:15,11.01,0.01,7,7707,买盘
933,13:58:12,11.0,-0.01,28,30800,卖盘
934,13:58:09,11.01,--,5,5505,卖盘
935,13:58:06,11.01,-0.01,36,39636,卖盘
936,13:58:03,11.02,--,4,4408,买盘
937,13:58:00,11.02,0.02,58,63916,买盘
938,13:57:57,11.0,-0.01,3,3300,卖盘
939,13:57:51,11.01,0.01,6,6606,买盘
940,13:57:48,11.0,--,6,6600,卖盘
941,13:57:42,11.0,-0.01,20,22000,卖盘
942,13:57:36,11.01,--,5,5505,买盘
943,13:57:33,11.01,--,4,4404,买盘
944,13:57:30,11.01,0.01,25,27525,买盘
945,13:57:27,11.0,--,248,272800,买盘
946,13:57:21,11.0,--,103,113300,买盘
947,13:57:18,11.0,--,4,4400,买盘
948,13:57:12,11.0,--,15,16500,买盘
949,13:57:09,11.0,0.01,7,7700,买盘
950,13:57:06,10.99,-0.01,31,34069,卖盘
951,13:57:03,11.0,--,1,1100,买盘
952,13:57:00,11.0,--,90,99000,买盘
953,13:56:54,11.0,--,6,6600,买盘
954,13:56:48,11.0,-0.02,201,221100,卖盘
955,13:56:42,11.02,--,11,12122,买盘
956,13:56:36,11.02,--,269,296438,买盘
957,13:56:33,11.02,0.01,1,1102,买盘
958,13:56:27,11.01,-0.01,12,13212,卖盘
959,13:56:24,11.02,--,1,1102,买盘
960,13:56:21,11.02,0.01,30,33060,买盘
961,13:56:15,11.01,0.01,6,6606,买盘
962,13:56:12,11.0,-0.01,31,34100,卖盘
963,13:56:03,11.01,--,7,7707,买盘
964,13:56:00,11.01,--,92,101292,买盘
965,13:55:51,11.01,--,7,7707,买盘
966,13:55:48,11.01,-0.01,225,247725,卖盘
967,13:55:42,11.02,0.01,35,38570,买盘
968,13:55:33,11.01,-0.01,8,8808,卖盘
969,13:55:30,11.02,--,6,6612,买盘
970,13:55:24,11.02,0.01,210,231420,买盘
971,13:55:21,11.01,--,13,14313,买盘
972,13:55:18,11.01,0.01,18,19818,买盘
973,13:55:15,11.0,-0.01,4,4400,卖盘
974,13:55:12,11.01,0.01,11,12111,买盘
975,13:55:09,11.0,--,8,8800,卖盘
976,13:55:06,11.0,-0.01,10,11000,卖盘
977,13:55:03,11.01,--,30,33030,买盘
978,13:55:00,11.01,0.01,74,81474,买盘
979,13:54:57,11.0,-0.01,9,9900,卖盘
980,13:54:48,11.01,--,117,128817,买盘
981,13:54:45,11.01,--,7,7707,买盘
982,13:54:42,11.01,0.01,12,13212,买盘
983,13:54:39,11.0,-0.01,129,142824,卖盘
984,13:54:36,11.01,-0.01,7,7883,卖盘
985,13:54:30,11.02,0.01,4,4408,买盘
986,13:54:27,11.01,-0.01,2,2202,卖盘
987,13:54:24,11.02,0.01,25,27550,买盘
988,13:54:21,11.01,--,46,50646,卖盘
989,13:54:18,11.01,--,67,73767,买盘
990,13:54:09,11.01,0.01,27,29727,买盘
991,13:54:06,11.0,-0.01,9,9900,卖盘
992,13:54:00,11.01,--,73,80373,买盘
993,13:53:54,11.01,0.01,18,19818,买盘
994,13:53:51,11.0,--,25,27500,买盘
995,13:53:48,11.0,--,99,108900,买盘
996,13:53:42,11.0,--,20,22000,买盘
997,13:53:39,11.0,--,47,51700,买盘
998,13:53:36,11.0,--,74,81400,买盘
999,13:53:30,11.0,--,18,19800,买盘
1000,13:53:27,11.0,--,5,5500,买盘
1001,13:53:24,11.0,--,4,4400,买盘
1002,13:53:21,11.0,-0.02,743,817300,卖盘
1003,13:53:18,11.02,0.02,6,6612,买盘
1004,13:53:12,11.0,--,10,11000,卖盘
1005,13:53:09,11.0,-0.01,17,18700,卖盘
1006,13:53:06,11.01,--,8,8808,买盘
1007,13:53:00,11.01,--,102,112302,买盘
1008,13:52:57,11.01,0.01,53,58353,买盘
1009,13:52:54,11.0,-0.01,50,55000,卖盘
1010,13:52:51,11.01,--,10,11010,买盘
1011,13:52:48,11.01,0.01,102,112302,买盘
1012,13:52:45,11.0,-0.01,101,111100,卖盘
1013,13:52:39,11.01,--,51,56151,买盘
1014,13:52:36,11.01,0.01,18,19818,买盘
1015,13:52:33,11.0,-0.01,1,1100,卖盘
1016,13:52:30,11.01,--,3,3303,买盘
1017,13:52:27,11.01,-0.01,372,409572,卖盘
1018,13:52:24,11.02,--,6,6612,买盘
1019,13:52:21,11.02,-0.01,2,2204,中性盘
1020,13:52:12,11.03,--,11,12133,买盘
1021,13:52:09,11.03,0.02,10,11030,买盘
1022,13:52:06,11.01,--,24,26424,卖盘
1023,13:52:03,11.01,-0.01,4,4404,卖盘
1024,13:52:00,11.02,-0.01,101,111302,卖盘
1025,13:51:51,11.03,--,12,13236,买盘
1026,13:51:45,11.03,-0.01,11,12133,卖盘
1027,13:51:42,11.04,--,18,19872,买盘
1028,13:51:39,11.04,--,25,27599,买盘
1029,13:51:33,11.04,0.01,6,6623,买盘
1030,13:51:27,11.03,-0.01,3,3309,卖盘
1031,13:51:24,11.04,--,14,15455,买盘
1032,13:51:21,11.04,0.01,310,342240,买盘
1033,13:51:18,11.03,-0.01,80,88692,卖盘
1034,13:51:12,11.04,--,19,20976,买盘
1035,13:51:09,11.04,--,97,107087,买盘
1036,13:51:03,11.04,0.01,13,14351,买盘
1037,13:51:00,11.03,0.01,805,888565,买盘
1038,13:50:54,11.02,--,7,7714,买盘
1039,13:50:51,11.02,0.01,20,22040,买盘
1040,13:50:48,11.01,-0.01,35,38535,卖盘
1041,13:50:39,11.02,--,17,18734,买盘
1042,13:50:24,11.02,--,66,72732,卖盘
1043,13:50:18,11.02,0.01,239,263378,买盘
1044,13:50:15,11.01,-0.01,24,26424,卖盘
1045,13:50:09,11.02,0.01,17,18734,买盘
1046,13:50:06,11.01,-0.01,1,1101,卖盘
1047,13:50:00,11.02,--,78,85956,买盘
1048,13:49:57,11.02,--,1,1102,买盘
1049,13:49:54,11.02,--,18,19836,买盘
1050,13:49:48,11.02,--,1,1102,买盘
1051,13:49:39,11.02,0.01,21,23142,买盘
1052,13:49:30,11.01,-0.01,64,70464,卖盘
1053,13:49:24,11.02,--,18,19836,买盘
1054,13:49:21,11.02,--,4,4408,买盘
1055,13:49:15,11.02,-0.01,229,252358,买盘
1056,13:49:12,11.03,0.02,11,12133,买盘
1057,13:49:09,11.01,-0.02,130,143130,卖盘
1058,13:49:03,11.03,0.01,14,15442,买盘
1059,13:49:00,11.02,--,35,38570,卖盘
1060,13:48:57,11.02,0.01,54,59508,买盘
1061,13:48:54,11.01,-0.01,50,55050,卖盘
1062,13:48:51,11.02,0.01,29,31958,买盘
1063,13:48:42,11.01,--,2,2202,卖盘
1064,13:48:39,11.01,-0.01,13,14313,卖盘
1065,13:48:36,11.02,0.01,3,3306,买盘
1066,13:48:33,11.01,-0.02,22,24222,卖盘
1067,13:48:30,11.03,0.01,22,24266,买盘
1068,13:48:27,11.02,0.01,19,20938,买盘
1069,13:48:24,11.01,--,100,110100,卖盘
1070,13:48:12,11.01,-0.01,29,31929,卖盘
1071,13:48:09,11.02,--,10,11020,买盘
1072,13:48:06,11.02,0.01,18,19836,买盘
1073,13:48:03,11.01,-0.01,10,11010,卖盘
1074,13:48:00,11.02,--,99,109098,卖盘
1075,13:47:57,11.02,--,24,26448,卖盘
1076,13:47:51,11.02,--,10,11020,卖盘
1077,13:47:45,11.02,--,3,3306,卖盘
1078,13:47:42,11.02,-0.01,17,18734,卖盘
1079,13:47:39,11.03,0.01,32,35296,买盘
1080,13:47:36,11.02,--,54,59508,卖盘
1081,13:47:33,11.02,--,9,9918,卖盘
1082,13:47:30,11.02,--,79,87058,卖盘
1083,13:47:27,11.02,-0.01,34,37468,卖盘
1084,13:47:24,11.03,--,20,22060,买盘
1085,13:47:21,11.03,0.01,20,22060,买盘
1086,13:47:18,11.02,--,3,3306,卖盘
1087,13:47:15,11.02,-0.01,24,26448,卖盘
1088,13:47:12,11.03,0.01,18,19854,买盘
1089,13:47:09,11.02,-0.01,27,29754,卖盘
1090,13:47:06,11.03,--,1,1103,买盘
1091,13:47:00,11.03,0.01,90,99270,买盘
1092,13:46:57,11.02,--,46,50692,卖盘
1093,13:46:51,11.02,--,1,1102,卖盘
1094,13:46:45,11.02,--,8,8816,卖盘
1095,13:46:42,11.02,-0.01,27,29754,卖盘
1096,13:46:39,11.03,0.01,12,13236,买盘
1097,13:46:36,11.02,--,60,66120,卖盘
1098,13:46:27,11.02,--,7,7714,卖盘
1099,13:46:21,11.02,-0.01,3,3306,卖盘
1100,13:46:18,11.03,0.01,27,29781,买盘
1101,13:46:15,11.02,0.01,1,1102,买盘
1102,13:46:12,11.01,-0.02,18,19818,卖盘
1103,13:46:06,11.03,0.02,14,15442,买盘
1104,13:46:03,11.01,-0.02,41,45141,卖盘
1105,13:46:00,11.03,0.02,77,84986,买盘
1106,13:45:51,11.01,--,348,383148,买盘
1107,13:45:48,11.01,0.01,18,19818,买盘
1108,13:45:42,11.0,--,31,34100,卖盘
1109,13:45:39,11.0,-0.01,16,17600,卖盘
1110,13:45:36,11.01,-0.01,11,12111,买盘
1111,13:45:33,11.02,--,33,37412,卖盘
1112,13:45:27,11.02,--,10,11020,卖盘
1113,13:45:24,11.02,0.02,711,783577,买盘
1114,13:45:21,11.0,-0.01,16,17600,卖盘
1115,13:45:18,11.01,0.01,4,4404,买盘
1116,13:45:15,11.0,--,4,4400,卖盘
1117,13:45:12,11.0,--,1,1100,卖盘
1118,13:45:09,11.0,-0.01,41,45100,卖盘
1119,13:45:03,11.01,0.01,8,8808,买盘
1120,13:45:00,11.0,-0.01,371,408100,卖盘
1121,13:44:54,11.01,0.01,24,26424,买盘
1122,13:44:51,11.0,0.01,4,4400,买盘
1123,13:44:42,10.99,--,51,56049,卖盘
1124,13:44:39,10.99,-0.02,14,15386,卖盘
1125,13:44:36,11.01,--,9,9909,买盘
1126,13:44:30,11.01,--,1,1101,买盘
1127,13:44:27,11.01,0.01,77,84777,买盘
1128,13:44:24,11.0,--,1,1100,买盘
1129,13:44:21,11.0,-0.01,18,19800,卖盘
1130,13:44:18,11.01,0.01,8,8808,买盘
1131,13:44:09,11.0,-0.01,6,6600,卖盘
1132,13:44:03,11.01,0.01,59,64959,买盘
1133,13:44:00,11.0,0.01,29,31900,买盘
1134,13:43:57,10.99,--,1,1099,卖盘
1135,13:43:48,10.99,-0.01,32,35168,卖盘
1136,13:43:42,11.0,--,10,11000,卖盘
1137,13:43:39,11.0,-0.01,6,6600,卖盘
1138,13:43:36,11.01,--,11,12111,买盘
1139,13:43:33,11.01,0.01,1,1101,买盘
1140,13:43:30,11.0,-0.01,84,92400,中性盘
1141,13:43:21,11.01,--,6,6606,买盘
1142,13:43:18,11.01,0.02,3,3303,买盘
1143,13:43:15,10.99,--,10,10990,卖盘
1144,13:43:09,10.99,-0.01,14,15386,卖盘
1145,13:43:06,11.0,--,32,35200,买盘
1146,13:43:03,11.0,--,20,22000,买盘
1147,13:43:00,11.0,--,1,1100,买盘
1148,13:42:57,11.0,0.01,775,852500,买盘
1149,13:42:45,10.99,-0.01,30,32970,卖盘
1150,13:42:39,11.0,0.02,29,31900,买盘
1151,13:42:36,10.98,-0.01,18,19764,卖盘
1152,13:42:33,10.99,--,27,29673,卖盘
1153,13:42:27,10.99,--,72,79128,卖盘
1154,13:42:24,10.99,--,30,32970,卖盘
1155,13:42:21,10.99,--,268,294532,卖盘
1156,13:42:18,10.99,--,4,4396,卖盘
1157,13:42:15,10.99,--,352,386848,买盘
1158,13:42:12,10.99,--,25,27475,买盘
1159,13:42:09,10.99,--,28,30772,卖盘
1160,13:42:06,10.99,--,12,13188,买盘
1161,13:42:00,10.99,0.01,73,80227,买盘
1162,13:41:54,10.98,-0.01,450,494100,卖盘
1163,13:41:48,10.99,-0.01,21,23079,卖盘
1164,13:41:45,11.0,--,40,44000,买盘
1165,13:41:39,11.0,--,37,40700,买盘
1166,13:41:36,11.0,--,8,8800,买盘
1167,13:41:33,11.0,--,29,31900,买盘
1168,13:41:30,11.0,--,163,179300,买盘
1169,13:41:27,11.0,--,34,37400,买盘
1170,13:41:18,11.0,--,19,20900,买盘
1171,13:41:15,11.0,--,16,17600,买盘
1172,13:41:12,11.0,--,85,93500,卖盘
1173,13:41:06,11.0,-0.01,25,27500,卖盘
1174,13:41:03,11.01,0.01,9,9909,买盘
1175,13:41:00,11.0,--,10,11000,卖盘
1176,13:40:57,11.0,--,29,31900,买盘
1177,13:40:54,11.0,--,11,12100,买盘
1178,13:40:48,11.0,--,14,15400,卖盘
1179,13:40:45,11.0,--,223,245300,买盘
1180,13:40:42,11.0,--,15,16500,买盘
1181,13:40:39,11.0,--,21,23100,买盘
1182,13:40:33,11.0,--,8,8800,买盘
1183,13:40:27,11.0,--,1,1100,买盘
1184,13:40:24,11.0,0.01,18,19800,买盘
1185,13:40:21,10.99,-0.01,32,35168,卖盘
1186,13:40:15,11.0,0.01,3,3300,买盘
1187,13:40:12,10.99,-0.01,26,28574,卖盘
1188,13:40:09,11.0,0.01,8,8800,买盘
1189,13:40:06,10.99,-0.01,3,3297,卖盘
1190,13:40:03,11.0,--,9,9900,买盘
1191,13:40:00,11.0,--,15,16500,买盘
1192,13:39:57,11.0,0.01,82,90200,买盘
1193,13:39:48,10.99,-0.01,23,25277,卖盘
1194,13:39:45,11.0,--,49,53900,买盘
1195,13:39:39,11.0,0.01,5,5500,买盘
1196,13:39:33,10.99,--,14,15386,卖盘
1197,13:39:30,10.99,--,26,28574,卖盘
1198,13:39:24,10.99,--,2,2198,卖盘
1199,13:39:21,10.99,-0.01,277,304423,卖盘
1200,13:39:18,11.0,0.01,8,8800,买盘
1201,13:39:09,10.99,--,32,35168,卖盘
1202,13:39:06,10.99,-0.01,85,93415,卖盘
1203,13:39:03,11.0,-0.01,950,1045000,卖盘
1204,13:38:57,11.01,--,15,16515,买盘
1205,13:38:54,11.01,--,659,725559,买盘
1206,13:38:48,11.01,0.01,21,23121,买盘
1207,13:38:45,11.0,-0.01,3,3300,卖盘
1208,13:38:42,11.01,-0.01,35,38535,卖盘
1209,13:38:39,11.02,--,6,6612,买盘
1210,13:38:36,11.02,--,19,20938,买盘
1211,13:38:33,11.02,0.01,9,9918,买盘
1212,13:38:30,11.01,--,15,16515,卖盘
1213,13:38:27,11.01,--,89,97989,买盘
1214,13:38:24,11.01,--,5,5505,买盘
1215,13:38:21,11.01,-0.01,742,816942,卖盘
1216,13:38:18,11.02,--,4,4408,买盘
1217,13:38:15,11.02,0.01,4,4408,买盘
1218,13:38:12,11.01,--,31,34131,卖盘
1219,13:38:09,11.01,-0.01,10,11010,卖盘
1220,13:38:03,11.02,--,9,9918,买盘
1221,13:38:00,11.02,--,74,81548,买盘
1222,13:37:54,11.02,--,4,4408,买盘
1223,13:37:48,11.02,--,1,1102,买盘
1224,13:37:45,11.02,0.01,12,13224,买盘
1225,13:37:42,11.01,-0.01,32,35232,卖盘
1226,13:37:39,11.02,--,1,1102,买盘
1227,13:37:33,11.02,--,6,6612,买盘
1228,13:37:30,11.02,0.01,9,9918,买盘
1229,13:37:27,11.01,-0.01,27,29727,卖盘
1230,13:37:18,11.02,--,1,1102,买盘
1231,13:37:15,11.02,0.01,8,8816,买盘
1232,13:37:09,11.01,-0.01,10,11010,卖盘
1233,13:37:03,11.02,--,29,31958,买盘
1234,13:37:00,11.02,--,73,80446,买盘
1235,13:36:57,11.02,--,5,5510,买盘
1236,13:36:51,11.02,--,35,38570,买盘
1237,13:36:48,11.02,--,19,20938,买盘
1238,13:36:45,11.02,--,1,1102,买盘
1239,13:36:42,11.02,--,35,38570,买盘
1240,13:36:39,11.02,0.01,1,1102,买盘
1241,13:36:33,11.01,-0.01,50,55050,卖盘
1242,13:36:30,11.02,-0.01,23,25346,卖盘
1243,13:36:27,11.03,0.01,20,22060,买盘
1244,13:36:24,11.02,0.01,5,5510,中性盘
1245,13:36:15,11.01,--,40,44040,卖盘
1246,13:36:12,11.01,-0.01,146,160746,卖盘
1247,13:36:09,11.02,--,18,20287,卖盘
1248,13:36:06,11.02,--,113,124526,卖盘
1249,13:36:03,11.02,--,18,19836,卖盘
1250,13:36:00,11.02,-0.01,95,104690,卖盘
1251,13:35:57,11.03,--,4,4412,买盘
1252,13:35:54,11.03,--,18,19854,买盘
1253,13:35:51,11.03,0.01,11,12133,买盘
1254,13:35:45,11.02,-0.01,47,51794,卖盘
1255,13:35:42,11.03,0.01,1,1103,买盘
1256,13:35:39,11.02,--,33,37027,卖盘
1257,13:35:36,11.02,-0.01,30,33060,卖盘
1258,13:35:33,11.03,0.01,8,8824,买盘
1259,13:35:24,11.02,-0.01,105,115710,卖盘
1260,13:35:12,11.03,--,10,11030,买盘
1261,13:35:09,11.03,0.01,1,1103,买盘
1262,13:35:06,11.02,--,35,38570,卖盘
1263,13:35:03,11.02,-0.01,24,26448,卖盘
1264,13:35:00,11.03,--,46,50738,买盘
1265,13:34:57,11.03,0.01,74,81622,买盘
1266,13:34:51,11.02,--,8,8816,卖盘
1267,13:34:48,11.02,--,11,12122,卖盘
1268,13:34:42,11.02,--,7,7714,卖盘
1269,13:34:36,11.02,--,8,8816,卖盘
1270,13:34:33,11.02,-0.01,86,94772,卖盘
1271,13:34:30,11.03,0.01,17,18751,买盘
1272,13:34:21,11.02,--,8,8816,卖盘
1273,13:34:18,11.02,--,19,20938,卖盘
1274,13:34:15,11.02,-0.01,86,94772,卖盘
1275,13:34:12,11.03,0.01,28,30884,买盘
1276,13:34:09,11.02,--,4,4408,卖盘
1277,13:34:06,11.02,--,58,63916,卖盘
1278,13:34:03,11.02,--,120,132240,卖盘
1279,13:34:00,11.02,-0.01,22,24244,卖盘
1280,13:33:57,11.03,--,185,204055,买盘
1281,13:33:54,11.03,--,40,44120,买盘
1282,13:33:51,11.03,0.01,48,52944,买盘
1283,13:33:48,11.02,--,30,33060,卖盘
1284,13:33:45,11.02,--,72,79344,卖盘
1285,13:33:42,11.02,--,373,411046,卖盘
1286,13:33:39,11.02,-0.01,152,167504,卖盘
1287,13:33:36,11.03,0.01,10,11030,买盘
1288,13:33:30,11.02,-0.01,42,46284,卖盘
1289,13:33:27,11.03,--,4,4412,买盘
1290,13:33:24,11.03,0.01,44,48532,买盘
1291,13:33:21,11.02,--,1,1102,卖盘
1292,13:33:18,11.02,--,1,1102,卖盘
1293,13:33:12,11.02,--,69,76038,卖盘
1294,13:33:09,11.02,--,14,15428,卖盘
1295,13:33:03,11.02,--,30,33060,卖盘
1296,13:33:00,11.02,-0.01,13,14326,卖盘
1297,13:32:57,11.03,--,75,82725,买盘
1298,13:32:54,11.03,-0.01,56,61768,卖盘
1299,13:32:48,11.04,0.01,4,4416,买盘
1300,13:32:45,11.03,--,100,110300,卖盘
1301,13:32:42,11.03,-0.01,13,14339,卖盘
1302,13:32:39,11.04,0.01,7,7727,买盘
1303,13:32:36,11.03,--,2,2206,卖盘
1304,13:32:30,11.03,--,35,38605,卖盘
1305,13:32:27,11.03,0.01,31,34193,买盘
1306,13:32:24,11.02,-0.01,7,7714,卖盘
1307,13:32:21,11.03,--,3,3309,买盘
1308,13:32:18,11.03,--,18,19854,买盘
1309,13:32:15,11.03,0.01,10,11030,买盘
1310,13:32:06,11.02,-0.01,10,11020,卖盘
1311,13:32:03,11.03,--,14,15442,买盘
1312,13:32:00,11.03,-0.01,54,59562,卖盘
1313,13:31:57,11.04,--,93,102671,买盘
1314,13:31:45,11.04,--,13,14351,买盘
1315,13:31:39,11.04,--,1,1104,买盘
1316,13:31:36,11.04,0.01,3,3311,买盘
1317,13:31:33,11.03,0.01,22,24266,中性盘
1318,13:31:27,11.02,-0.01,24,26448,卖盘
1319,13:31:24,11.03,--,22,24266,买盘
1320,13:31:21,11.03,--,5,5515,买盘
1321,13:31:15,11.03,--,4,4412,买盘
1322,13:31:12,11.03,--,20,22060,买盘
1323,13:31:09,11.03,--,10,11030,买盘
1324,13:31:06,11.03,--,17,18751,买盘
1325,13:31:03,11.03,--,85,93755,买盘
1326,13:30:57,11.03,--,115,126844,买盘
1327,13:30:54,11.03,--,9,9927,买盘
1328,13:30:51,11.03,--,2,2206,买盘
1329,13:30:48,11.03,--,3,3309,买盘
1330,13:30:39,11.03,--,1,1103,买盘
1331,13:30:36,11.03,0.01,94,103682,买盘
1332,13:30:30,11.02,--,23,25346,卖盘
1333,13:30:18,11.02,-0.01,10,11020,卖盘
1334,13:30:12,11.03,--,49,54047,买盘
1335,13:30:06,11.03,--,4,4412,买盘
1336,13:30:03,11.03,-0.01,34,37987,卖盘
1337,13:29:57,11.04,0.01,77,85008,买盘
1338,13:29:54,11.03,--,20,22677,买盘
1339,13:29:51,11.03,--,3,3794,卖盘
1340,13:29:48,11.03,0.01,15,17162,买盘
1341,13:29:45,11.02,-0.01,3,3306,卖盘
1342,13:29:42,11.03,--,20,22060,买盘
1343,13:29:39,11.03,--,5,5515,买盘
1344,13:29:36,11.03,--,18,19854,买盘
1345,13:29:33,11.03,0.01,5,5515,买盘
1346,13:29:27,11.02,--,1,1102,卖盘
1347,13:29:24,11.02,--,17,18734,卖盘
1348,13:29:15,11.02,-0.01,5,5510,卖盘
1349,13:29:12,11.03,0.01,51,56253,买盘
1350,13:29:09,11.02,-0.01,67,73834,卖盘
1351,13:29:06,11.03,0.01,61,67283,买盘
1352,13:29:03,11.02,-0.01,104,114608,卖盘
1353,13:28:57,11.03,0.01,74,81622,买盘
1354,13:28:54,11.02,-0.01,66,72732,卖盘
1355,13:28:51,11.03,0.01,4,4412,买盘
1356,13:28:48,11.02,-0.01,4,4408,卖盘
1357,13:28:45,11.03,--,1,1103,买盘
1358,13:28:42,11.03,--,48,52944,买盘
1359,13:28:39,11.03,--,99,110288,买盘
1360,13:28:36,11.03,0.01,89,98167,买盘
1361,13:28:33,11.02,-0.01,36,39672,卖盘
1362,13:28:30,11.03,0.01,289,318767,买盘
1363,13:28:27,11.02,--,30,33060,卖盘
1364,13:28:24,11.02,--,58,63916,卖盘
1365,13:28:21,11.02,--,36,39672,卖盘
1366,13:28:09,11.02,-0.01,40,44080,卖盘
1367,13:28:03,11.03,0.01,9,9927,买盘
1368,13:28:00,11.02,-0.01,49,53998,卖盘
1369,13:27:57,11.03,--,74,81622,买盘
1370,13:27:54,11.03,--,47,51841,买盘
1371,13:27:48,11.03,--,18,19854,买盘
1372,13:27:45,11.03,0.01,49,54047,买盘
1373,13:27:42,11.02,-0.01,15,16530,卖盘
1374,13:27:39,11.03,--,66,72798,买盘
1375,13:27:36,11.03,0.01,1,1103,买盘
1376,13:27:33,11.02,-0.01,5,5510,卖盘
1377,13:27:30,11.03,--,78,86034,买盘
1378,13:27:27,11.03,--,9,9927,买盘
1379,13:27:24,11.03,--,3,3309,买盘
1380,13:27:18,11.03,--,4,4412,买盘
1381,13:27:15,11.03,--,223,246255,卖盘
1382,13:27:12,11.03,--,0,882,卖盘
1383,13:27:09,11.03,-0.01,12,13236,卖盘
1384,13:27:06,11.04,--,11,12143,买盘
1385,13:27:03,11.04,0.01,1,1104,买盘
1386,13:27:00,11.03,-0.01,78,86034,卖盘
1387,13:26:57,11.04,0.02,58,65069,买盘
1388,13:26:54,11.02,--,33,36366,卖盘
1389,13:26:48,11.02,-0.01,82,90364,卖盘
1390,13:26:42,11.03,--,24,26472,买盘
1391,13:26:39,11.03,--,2,2206,买盘
1392,13:26:36,11.03,--,5,5515,买盘
1393,13:26:30,11.03,-0.01,28,30884,卖盘
1394,13:26:27,11.04,--,3,3311,买盘
1395,13:26:18,11.04,--,6,6623,买盘
1396,13:26:15,11.04,0.01,358,395231,买盘
1397,13:26:09,11.03,--,13,15221,卖盘
1398,13:26:03,11.03,--,17,18971,买盘
1399,13:26:00,11.03,-0.01,76,84710,卖盘
1400,13:25:57,11.04,0.01,76,83904,买盘
1401,13:25:54,11.03,-0.01,1,1103,卖盘
1402,13:25:48,11.04,--,13,14351,买盘
1403,13:25:45,11.04,0.01,25,27599,买盘
1404,13:25:42,11.03,-0.01,74,81842,卖盘
1405,13:25:39,11.04,0.01,1,1104,买盘
1406,13:25:33,11.03,--,4,4412,卖盘
1407,13:25:30,11.03,-0.01,101,111403,卖盘
1408,13:25:27,11.04,0.01,73,80592,买盘
1409,13:25:18,11.03,-0.01,23,25369,卖盘
1410,13:25:15,11.04,0.01,2,2208,买盘
1411,13:25:12,11.03,-0.01,30,33090,卖盘
1412,13:25:09,11.04,--,2,2208,买盘
1413,13:25:06,11.04,--,18,19872,买盘
1414,13:25:03,11.04,--,30,33120,买盘
1415,13:25:00,11.04,--,5,5520,买盘
1416,13:24:57,11.04,0.01,103,113711,买盘
1417,13:24:54,11.03,0.01,1,1103,卖盘
1418,13:24:51,11.02,-0.02,104,114608,卖盘
1419,13:24:48,11.04,--,2,2208,买盘
1420,13:24:39,11.04,--,1,1104,买盘
1421,13:24:33,11.04,--,18,19872,买盘
1422,13:24:30,11.04,0.01,1,1104,买盘
1423,13:24:27,11.03,-0.01,30,33090,卖盘
1424,13:24:15,11.04,--,105,115919,买盘
1425,13:24:12,11.04,0.01,28,30911,买盘
1426,13:24:06,11.03,-0.01,7,7721,卖盘
1427,13:24:03,11.04,0.01,12,13247,买盘
1428,13:24:00,11.03,--,4,4412,卖盘
1429,13:23:57,11.03,0.01,63,69489,买盘
1430,13:23:54,11.02,-0.01,1,1102,卖盘
1431,13:23:51,11.03,--,5,5515,买盘
1432,13:23:48,11.03,--,15,16545,买盘
1433,13:23:42,11.03,0.01,1,1103,卖盘
1434,13:23:39,11.02,-0.01,89,98078,卖盘
1435,13:23:36,11.03,--,15,16545,中性盘
1436,13:23:18,11.03,--,24,26472,买盘
1437,13:23:15,11.03,--,15,16545,买盘
1438,13:23:12,11.03,--,49,54047,卖盘
1439,13:23:09,11.03,--,16,17648,卖盘
1440,13:23:06,11.03,--,5,5515,卖盘
1441,13:22:57,11.03,--,9,9927,买盘
1442,13:22:54,11.03,0.01,42,46326,中性盘
1443,13:22:42,11.02,-0.02,101,111302,卖盘
1444,13:22:39,11.04,--,1,1104,买盘
1445,13:22:27,11.04,--,42,46368,买盘
1446,13:22:24,11.04,0.02,18,19872,买盘
1447,13:22:15,11.02,--,65,71630,卖盘
1448,13:22:06,11.02,-0.02,93,102486,卖盘
1449,13:22:03,11.04,--,11,12143,买盘
1450,13:21:57,11.04,0.01,125,138000,买盘
1451,13:21:54,11.03,-0.01,1,1103,卖盘
1452,13:21:45,11.04,--,6,6623,买盘
1453,13:21:42,11.04,--,1,1104,买盘
1454,13:21:39,11.04,0.02,10,11040,买盘
1455,13:21:36,11.02,-0.01,27,29754,卖盘
1456,13:21:33,11.03,--,114,125741,卖盘
1457,13:21:30,11.03,-0.01,28,30884,卖盘
1458,13:21:18,11.04,--,7,7727,买盘
1459,13:21:12,11.04,0.01,100,110399,买盘
1460,13:21:09,11.03,0.01,5,5515,买盘
1461,13:20:57,11.02,--,70,77140,买盘
1462,13:20:54,11.02,0.01,14,15428,卖盘
1463,13:20:51,11.01,-0.02,245,269745,卖盘
1464,13:20:48,11.03,-0.01,9,9927,买盘
1465,13:20:42,11.04,--,43,47471,卖盘
1466,13:20:36,11.04,--,21,23184,卖盘
1467,13:20:33,11.04,-0.01,39,43056,卖盘
1468,13:20:30,11.05,0.03,448,495040,买盘
1469,13:20:27,11.02,--,52,57304,卖盘
1470,13:20:24,11.02,-0.01,74,81548,卖盘
1471,13:20:21,11.03,--,2,2206,买盘
1472,13:20:15,11.03,0.01,28,30884,买盘
1473,13:20:09,11.02,--,3,3306,买盘
1474,13:20:06,11.02,--,5,5510,买盘
1475,13:20:00,11.02,-0.01,2,2204,中性盘
1476,13:19:57,11.03,--,166,183098,买盘
1477,13:19:54,11.03,--,76,83828,买盘
1478,13:19:48,11.03,0.01,28,30884,买盘
1479,13:19:42,11.02,--,5,5510,中性盘
1480,13:19:39,11.02,0.01,2,2204,买盘
1481,13:19:36,11.01,-0.02,27,29727,卖盘
1482,13:19:33,11.03,0.03,8,8824,买盘
1483,13:19:30,11.0,-0.01,1,1100,卖盘
1484,13:19:27,11.01,0.01,18,19818,买盘
1485,13:19:24,11.0,--,71,78100,卖盘
1486,13:19:21,11.0,-0.01,1,1100,卖盘
1487,13:19:15,11.01,--,27,29727,买盘
1488,13:19:12,11.01,--,20,22020,买盘
1489,13:19:03,11.01,--,78,85878,买盘
1490,13:19:00,11.01,--,111,122211,买盘
1491,13:18:57,11.01,--,74,81474,买盘
1492,13:18:54,11.01,0.01,3,3303,买盘
1493,13:18:51,11.0,-0.01,76,83600,卖盘
1494,13:18:48,11.01,--,21,23121,买盘
1495,13:18:45,11.01,--,26,28626,买盘
1496,13:18:39,11.01,--,80,88080,买盘
1497,13:18:33,11.01,--,29,31929,买盘
1498,13:18:30,11.01,--,2,2202,买盘
1499,13:18:27,11.01,-0.01,7,7707,买盘
1500,13:18:24,11.02,-0.01,4,4408,卖盘
1501,13:18:21,11.03,0.04,1,1103,买盘
1502,13:18:18,10.99,-0.03,178,195622,卖盘
1503,13:18:15,11.02,0.02,82,90364,买盘
1504,13:18:12,11.0,--,19,20900,买盘
1505,13:18:09,11.0,--,102,112200,买盘
1506,13:18:03,11.0,--,281,309100,买盘
1507,13:18:00,11.0,-0.02,52,57200,卖盘
1508,13:17:57,11.02,--,73,80446,买盘
1509,13:17:54,11.02,--,23,25346,买盘
1510,13:17:48,11.02,--,78,85956,买盘
1511,13:17:42,11.02,--,74,81548,买盘
1512,13:17:39,11.02,0.02,11,12122,买盘
1513,13:17:33,11.0,-0.01,23,25300,卖盘
1514,13:17:30,11.01,--,10,11010,卖盘
1515,13:17:15,11.01,0.03,6,6606,买盘
1516,13:17:09,10.98,-0.03,81,88938,卖盘
1517,13:17:06,11.01,-0.01,13,14313,卖盘
1518,13:17:03,11.02,--,1,1102,买盘
1519,13:17:00,11.02,0.01,1,1102,买盘
1520,13:16:57,11.01,0.01,75,82575,买盘
1521,13:16:54,11.0,--,1,1100,卖盘
1522,13:16:51,11.0,--,3,4092,买盘
1523,13:16:48,11.0,--,86,94600,卖盘
1524,13:16:45,11.0,-0.01,14,15400,卖盘
1525,13:16:42,11.01,--,20,22020,买盘
1526,13:16:39,11.01,0.03,1,1101,买盘
1527,13:16:33,10.98,-0.03,84,92232,卖盘
1528,13:16:30,11.01,--,6,6606,买盘
1529,13:16:24,11.01,-0.01,7,7707,中性盘
1530,13:16:21,11.02,0.01,20,22040,买盘
1531,13:16:06,11.01,-0.01,17,18717,卖盘
1532,13:16:03,11.02,0.01,1,1102,买盘
1533,13:16:00,11.01,--,26,28626,卖盘
1534,13:15:57,11.01,0.01,134,147534,买盘
1535,13:15:54,11.0,-0.02,2,2200,卖盘
1536,13:15:39,11.02,0.04,27,29754,买盘
1537,13:15:33,10.98,-0.01,517,567666,卖盘
1538,13:15:30,10.99,-0.03,4,4396,卖盘
1539,13:15:27,11.02,0.03,1,1102,买盘
1540,13:15:21,10.99,-0.03,13,14287,卖盘
1541,13:15:15,11.02,0.04,78,85956,买盘
1542,13:15:12,10.98,-0.02,97,106506,卖盘
1543,13:15:09,11.0,0.01,20,22000,买盘
1544,13:15:06,10.99,--,1,1099,买盘
1545,13:15:03,10.99,--,1,1099,买盘
1546,13:15:00,10.99,--,27,29673,卖盘
1547,13:14:57,10.99,0.01,47,51653,买盘
1548,13:14:51,10.98,--,3,3294,卖盘
1549,13:14:45,10.98,-0.01,5,5490,卖盘
1550,13:14:42,10.99,0.01,1,1099,买盘
1551,13:14:39,10.98,--,3,3294,卖盘
1552,13:14:36,10.98,-0.02,104,114192,卖盘
1553,13:14:33,11.0,0.01,29,31900,买盘
1554,13:14:18,10.99,-0.01,3,3297,卖盘
1555,13:14:15,11.0,0.01,2,2200,买盘
1556,13:14:12,10.99,0.01,3,3297,卖盘
1557,13:14:09,10.98,--,20,21960,卖盘
1558,13:14:03,10.98,-0.01,252,276696,卖盘
1559,13:14:00,10.99,--,105,116274,买盘
1560,13:13:57,10.99,--,74,81326,买盘
1561,13:13:54,10.99,0.01,28,30772,买盘
1562,13:13:51,10.98,--,1,1098,卖盘
1563,13:13:45,10.98,-0.01,5,5490,卖盘
1564,13:13:42,10.99,0.01,21,23079,买盘
1565,13:13:36,10.98,--,31,34038,卖盘
1566,13:13:33,10.98,--,31,34038,卖盘
1567,13:13:30,10.98,-0.01,101,110898,卖盘
1568,13:13:27,10.99,--,300,329700,买盘
1569,13:13:24,10.99,--,3,3297,买盘
1570,13:13:21,10.99,--,46,50554,买盘
1571,13:13:18,10.99,--,48,52752,买盘
1572,13:13:15,10.99,--,20,21980,买盘
1573,13:13:09,10.99,--,2,2198,买盘
1574,13:13:06,10.99,--,605,665114,卖盘
1575,13:13:03,10.99,-0.01,11,12968,卖盘
1576,13:13:00,11.0,--,32,35200,卖盘
1577,13:12:57,11.0,0.01,90,99000,买盘
1578,13:12:54,10.99,--,3,3297,卖盘
1579,13:12:51,10.99,-0.01,1,1099,卖盘
1580,13:12:48,11.0,--,5,5500,买盘
1581,13:12:45,11.0,--,2,2200,买盘
1582,13:12:42,11.0,--,1,1100,买盘
1583,13:12:39,11.0,--,1,1100,买盘
1584,13:12:36,11.0,0.01,12,13200,买盘
1585,13:12:33,10.99,-0.01,2,2198,卖盘
1586,13:12:30,11.0,--,107,117700,买盘
1587,13:12:27,11.0,--,27,29700,买盘
1588,13:12:21,11.0,0.01,27,29700,买盘
1589,13:12:18,10.99,--,5,5495,卖盘
1590,13:12:15,10.99,--,18,19782,卖盘
1591,13:12:06,10.99,-0.01,3,3297,卖盘
1592,13:12:03,11.0,--,75,82500,买盘
1593,13:12:00,11.0,--,28,30800,卖盘
1594,13:11:57,11.0,--,98,107800,买盘
1595,13:11:54,11.0,--,342,376200,卖盘
1596,13:11:51,11.0,--,9,9900,卖盘
1597,13:11:48,11.0,--,86,94600,卖盘
1598,13:11:45,11.0,--,1,1100,卖盘
1599,13:11:42,11.0,-0.01,72,79200,卖盘
1600,13:11:39,11.01,0.01,4,4404,买盘
1601,13:11:36,11.0,--,27,29700,卖盘
1602,13:11:33,11.0,-0.01,1,1100,卖盘
1603,13:11:30,11.01,--,8,9688,卖盘
1604,13:11:27,11.01,-0.01,3,3523,卖盘
1605,13:11:24,11.02,--,9,9918,买盘
1606,13:11:21,11.02,0.02,1,1102,买盘
1607,13:11:18,11.0,--,10,11000,卖盘
1608,13:11:15,11.0,-0.02,3,3300,卖盘
1609,13:11:12,11.02,--,3,3306,买盘
1610,13:11:03,11.02,--,7,7714,买盘
1611,13:11:00,11.02,--,130,143260,买盘
1612,13:10:57,11.02,--,1073,1182446,买盘
1613,13:10:54,11.02,--,38,41876,买盘
1614,13:10:51,11.02,--,1,1102,买盘
1615,13:10:48,11.02,0.01,35,38570,买盘
1616,13:10:45,11.01,-0.01,12,13212,卖盘
1617,13:10:36,11.02,0.01,4,4408,买盘
1618,13:10:33,11.01,0.01,1,1101,卖盘
1619,13:10:30,11.0,-0.01,85,93500,卖盘
1620,13:10:27,11.01,-0.01,4,4404,中性盘
1621,13:10:24,11.02,0.02,21,23142,买盘
1622,13:10:21,11.0,-0.02,37,40700,卖盘
1623,13:10:18,11.02,0.02,1,1102,买盘
1624,13:10:12,11.0,--,11,12100,卖盘
1625,13:10:09,11.0,--,40,44000,卖盘
1626,13:10:06,11.0,-0.02,19,20900,卖盘
1627,13:10:03,11.02,0.02,1,1102,买盘
1628,13:10:00,11.0,-0.02,107,117700,卖盘
1629,13:09:57,11.02,--,74,81548,买盘
1630,13:09:39,11.02,--,47,51794,买盘
1631,13:09:36,11.02,0.01,1,1102,买盘
1632,13:09:33,11.01,--,37,40737,卖盘
1633,13:09:24,11.01,--,35,38535,卖盘
1634,13:09:21,11.01,-0.01,77,84777,卖盘
1635,13:09:18,11.02,--,6,6612,买盘
1636,13:09:15,11.02,--,1,1102,买盘
1637,13:09:09,11.02,--,9,9918,买盘
1638,13:09:03,11.02,--,4,4408,买盘
1639,13:08:57,11.02,0.02,81,89262,买盘
1640,13:08:54,11.0,-0.01,21,23100,卖盘
1641,13:08:51,11.01,0.01,141,155241,买盘
1642,13:08:48,11.0,-0.01,3,3300,卖盘
1643,13:08:45,11.01,--,1,1101,买盘
1644,13:08:42,11.01,0.01,24,26424,买盘
1645,13:08:36,11.0,--,8,8800,卖盘
1646,13:08:33,11.0,-0.01,21,23100,卖盘
1647,13:08:30,11.01,--,29,31929,买盘
1648,13:08:27,11.01,--,12,13212,买盘
1649,13:08:24,11.01,--,16,17616,卖盘
1650,13:08:21,11.01,-0.01,76,83676,卖盘
1651,13:08:18,11.02,0.01,1,1102,买盘
1652,13:08:15,11.01,--,11,12111,卖盘
1653,13:08:12,11.01,--,40,44040,卖盘
1654,13:08:03,11.01,--,2,2202,卖盘
1655,13:07:57,11.01,--,15,16515,买盘
1656,13:07:54,11.01,--,4,4404,中性盘
1657,13:07:51,11.01,-0.01,79,86979,卖盘
1658,13:07:48,11.02,0.01,1,1102,买盘
1659,13:07:45,11.01,--,15,16515,买盘
1660,13:07:42,11.01,--,4,4404,买盘
1661,13:07:39,11.01,0.01,34,37434,买盘
1662,13:07:36,11.0,--,27,29700,卖盘
1663,13:07:33,11.0,-0.01,22,24200,卖盘
1664,13:07:30,11.01,0.01,5,5505,买盘
1665,13:07:24,11.0,-0.01,34,37411,卖盘
1666,13:07:21,11.01,-0.01,1,1101,卖盘
1667,13:07:18,11.02,0.01,1,1102,买盘
1668,13:07:15,11.01,--,101,111201,卖盘
1669,13:07:12,11.01,--,2,2202,卖盘
1670,13:07:03,11.01,--,19,22008,卖盘
1671,13:06:57,11.01,--,62,68262,买盘
1672,13:06:54,11.01,-0.01,22,24222,卖盘
1673,13:06:51,11.02,--,10,11020,买盘
1674,13:06:45,11.02,0.01,3,3306,买盘
1675,13:06:42,11.01,-0.01,22,24222,中性盘
1676,13:06:39,11.02,--,6,6612,买盘
1677,13:06:36,11.02,0.02,10,11020,买盘
1678,13:06:33,11.0,-0.02,1,1100,卖盘
1679,13:06:30,11.02,0.02,110,121220,买盘
1680,13:06:27,11.0,-0.01,10,11000,卖盘
1681,13:06:24,11.01,--,76,83676,卖盘
1682,13:06:21,11.01,-0.01,23,25323,卖盘
1683,13:06:18,11.02,--,2,2204,买盘
1684,13:06:15,11.02,0.01,1,1102,买盘
1685,13:06:12,11.01,-0.01,14,15414,卖盘
1686,13:06:09,11.02,--,27,29754,买盘
1687,13:06:03,11.02,0.01,1,1102,买盘
1688,13:06:00,11.01,-0.01,9,9909,卖盘
1689,13:05:57,11.02,--,74,81548,买盘
1690,13:05:54,11.02,--,89,98078,买盘
1691,13:05:51,11.02,0.01,40,44080,买盘
1692,13:05:48,11.01,-0.01,85,93585,卖盘
1693,13:05:45,11.02,--,6,6612,买盘
1694,13:05:42,11.02,--,2,2204,买盘
1695,13:05:36,11.02,0.01,45,49590,买盘
1696,13:05:33,11.01,--,1,1101,卖盘
1697,13:05:27,11.01,-0.01,18,19818,卖盘
1698,13:05:24,11.02,--,28,30856,买盘
1699,13:05:21,11.02,0.01,112,123424,买盘
1700,13:05:18,11.01,-0.01,32,35232,卖盘
1701,13:05:15,11.02,--,135,148770,买盘
1702,13:05:12,11.02,--,18,19836,买盘
1703,13:05:09,11.02,--,2,2204,买盘
1704,13:05:06,11.02,0.01,5,5510,买盘
1705,13:05:03,11.01,-0.01,23,25323,卖盘
1706,13:05:00,11.02,--,51,56202,卖盘
1707,13:04:57,11.02,0.01,26,28652,买盘
1708,13:04:54,11.01,--,452,497652,卖盘
1709,13:04:51,11.01,-0.01,14,15414,卖盘
1710,13:04:48,11.02,--,144,158688,买盘
1711,13:04:45,11.02,0.01,1,1102,买盘
1712,13:04:33,11.01,-0.01,7,7707,卖盘
1713,13:04:30,11.02,0.01,1,1102,买盘
1714,13:04:27,11.01,-0.01,3,3303,卖盘
1715,13:04:24,11.02,0.01,4,4408,买盘
1716,13:04:21,11.01,-0.01,11,12111,卖盘
1717,13:04:18,11.02,0.01,1,1102,买盘
1718,13:04:15,11.01,-0.01,20,22020,卖盘
1719,13:04:12,11.02,--,15,16530,买盘
1720,13:04:09,11.02,0.01,114,125628,买盘
1721,13:04:06,11.01,--,182,200382,卖盘
1722,13:04:03,11.01,-0.01,18,19818,卖盘
1723,13:04:00,11.02,--,29,31958,买盘
1724,13:03:57,11.02,0.01,74,81548,买盘
1725,13:03:39,11.01,-0.01,110,121110,卖盘
1726,13:03:36,11.02,0.01,8,8816,买盘
1727,13:03:33,11.01,--,21,23121,卖盘
1728,13:03:30,11.01,--,56,61656,卖盘
1729,13:03:27,11.01,--,3,3303,卖盘
1730,13:03:24,11.01,-0.01,11,12111,卖盘
1731,13:03:21,11.02,--,39,42978,买盘
1732,13:03:18,11.02,--,1,1102,买盘
1733,13:03:15,11.02,-0.01,212,233624,卖盘
1734,13:03:12,11.03,0.01,15,16545,买盘
1735,13:03:09,11.02,--,121,133342,卖盘
1736,13:03:06,11.02,-0.01,142,156484,卖盘
1737,13:03:00,11.03,-0.01,471,519512,卖盘
1738,13:02:57,11.04,--,39,43056,买盘
1739,13:02:54,11.04,0.01,55,60719,买盘
1740,13:02:51,11.03,--,24,26472,卖盘
1741,13:02:48,11.03,--,7,7721,卖盘
1742,13:02:36,11.03,--,110,121330,卖盘
1743,13:02:33,11.03,-0.01,21,23163,卖盘
1744,13:02:30,11.04,0.01,23,25391,买盘
1745,13:02:18,11.03,-0.01,25,27575,卖盘
1746,13:02:06,11.04,-0.01,151,166704,卖盘
1747,13:02:03,11.05,--,1,1105,买盘
1748,13:02:00,11.05,--,22,24310,买盘
1749,13:01:57,11.05,0.01,73,80665,买盘
1750,13:01:54,11.04,--,2,2208,卖盘
1751,13:01:48,11.04,--,5,5520,卖盘
1752,13:01:42,11.04,-0.01,43,47471,卖盘
1753,13:01:39,11.05,0.01,9,9945,买盘
1754,13:01:36,11.04,--,152,167808,卖盘
1755,13:01:33,11.04,-0.01,3,3311,卖盘
1756,13:01:27,11.05,--,43,47515,买盘
1757,13:01:24,11.05,--,10,11050,买盘
1758,13:01:21,11.05,0.01,5,5525,买盘
1759,13:01:18,11.04,--,6,6623,卖盘
1760,13:01:15,11.04,--,25,27599,卖盘
1761,13:01:12,11.04,-0.01,154,170016,卖盘
1762,13:01:06,11.05,--,6,6630,买盘
1763,13:01:03,11.05,-0.01,261,288405,卖盘
1764,13:01:00,11.06,--,31,34286,买盘
1765,13:00:57,11.06,--,9,9954,买盘
1766,13:00:54,11.06,--,21,23226,买盘
1767,13:00:48,11.06,--,11,12166,买盘
1768,13:00:42,11.06,--,4,4424,买盘
1769,13:00:36,11.06,0.01,9,9954,买盘
1770,13:00:30,11.05,--,40,44200,卖盘
1771,13:00:27,11.05,-0.01,3,3315,卖盘
1772,13:00:24,11.06,0.01,2,2212,买盘
1773,13:00:18,11.05,-0.01,16,17680,卖盘
1774,13:00:15,11.06,--,32,35392,卖盘
1775,13:00:12,11.06,--,3,3318,卖盘
1776,13:00:09,11.06,--,18,19908,卖盘
1777,13:00:06,11.06,0.01,9,9954,卖盘
1778,13:00:03,11.05,--,493,544765,卖盘
1779,13:00:00,11.05,--,0,0,卖盘
1780,11:30:00,11.05,-0.02,75,82875,卖盘
1781,11:29:57,11.07,--,50,55350,买盘
1782,11:29:51,11.07,--,17,18819,买盘
1783,11:29:42,11.07,0.02,6,6642,买盘
1784,11:29:39,11.05,--,11,12155,卖盘
1785,11:29:30,11.05,--,1,1105,卖盘
1786,11:29:27,11.05,-0.01,2,2210,卖盘
1787,11:29:24,11.06,-0.01,20,22120,卖盘
1788,11:29:18,11.07,--,6,6642,买盘
1789,11:29:15,11.07,0.01,323,357561,买盘
1790,11:29:12,11.06,0.01,6,6636,买盘
1791,11:29:09,11.05,-0.01,3,3315,卖盘
1792,11:29:06,11.06,--,2,2212,买盘
1793,11:29:03,11.06,--,38,42028,卖盘
1794,11:29:00,11.06,--,45,49770,买盘
1795,11:28:54,11.06,0.01,29,32074,买盘
1796,11:28:51,11.05,-0.01,43,47515,卖盘
1797,11:28:48,11.06,0.01,159,175854,买盘
1798,11:28:45,11.05,-0.01,23,25415,卖盘
1799,11:28:42,11.06,--,8,8848,买盘
1800,11:28:36,11.06,--,530,586180,买盘
1801,11:28:33,11.06,--,5,5530,买盘
1802,11:28:30,11.06,--,10,11060,买盘
1803,11:28:24,11.06,0.01,51,56406,买盘
1804,11:28:18,11.05,--,10,11050,卖盘
1805,11:28:15,11.05,--,36,39780,买盘
1806,11:28:06,11.05,0.01,22,24310,买盘
1807,11:28:03,11.04,-0.01,12,13247,卖盘
1808,11:28:00,11.05,0.01,149,164645,买盘
1809,11:27:57,11.04,--,10,11040,卖盘
1810,11:27:54,11.04,-0.01,24,26495,卖盘
1811,11:27:51,11.05,0.01,12,13260,买盘
1812,11:27:48,11.04,-0.01,56,61823,卖盘
1813,11:27:45,11.05,0.01,249,275145,买盘
1814,11:27:42,11.04,--,24,26495,买盘
1815,11:27:39,11.04,-0.01,1,1104,中性盘
1816,11:27:30,11.05,0.01,500,552500,买盘
1817,11:27:27,11.04,--,48,52991,买盘
1818,11:27:24,11.04,--,11,12143,买盘
1819,11:27:21,11.04,--,11,12143,买盘
1820,11:27:15,11.04,--,50,55199,卖盘
1821,11:27:12,11.04,-0.01,13,14351,卖盘
1822,11:27:09,11.05,--,25,27625,买盘
1823,11:27:06,11.05,0.01,371,409955,买盘
1824,11:27:03,11.04,0.01,100,110399,买盘
1825,11:27:00,11.03,-0.01,121,133463,卖盘
1826,11:26:54,11.04,--,42,46368,买盘
1827,11:26:48,11.04,--,46,50783,买盘
1828,11:26:45,11.04,--,8,8832,买盘
1829,11:26:42,11.04,--,5,5520,买盘
1830,11:26:39,11.04,--,130,143520,买盘
1831,11:26:33,11.04,--,2,2208,买盘
1832,11:26:24,11.04,--,51,56303,买盘
1833,11:26:21,11.04,--,21,23184,买盘
1834,11:26:18,11.04,--,208,229631,买盘
1835,11:26:15,11.04,0.01,25,27599,买盘
1836,11:26:09,11.03,--,60,66180,卖盘
1837,11:26:06,11.03,-0.01,100,110300,卖盘
1838,11:26:00,11.04,0.01,103,113711,买盘
1839,11:25:57,11.03,-0.01,3,3309,卖盘
1840,11:25:54,11.04,--,28,30911,买盘
1841,11:25:48,11.04,0.01,21,23184,买盘
1842,11:25:42,11.03,0.01,325,358475,买盘
1843,11:25:36,11.02,-0.01,25,27550,卖盘
1844,11:25:33,11.03,0.01,15,16545,买盘
1845,11:25:27,11.02,--,4,4408,卖盘
1846,11:25:24,11.02,-0.01,25,27550,卖盘
1847,11:25:15,11.03,0.01,148,163244,买盘
1848,11:25:12,11.02,-0.01,9,9918,卖盘
1849,11:25:06,11.03,0.01,35,38605,买盘
1850,11:25:00,11.02,-0.01,87,95874,卖盘
1851,11:24:57,11.03,--,9,9927,买盘
1852,11:24:54,11.03,--,20,22060,买盘
1853,11:24:51,11.03,--,1,1103,买盘
1854,11:24:42,11.03,--,17,18751,买盘
1855,11:24:39,11.03,--,11,12133,买盘
1856,11:24:33,11.03,0.01,10,11030,买盘
1857,11:24:30,11.02,0.01,3,3306,中性盘
1858,11:24:27,11.01,-0.02,8,8808,卖盘
1859,11:24:24,11.03,--,55,60665,买盘
1860,11:24:21,11.03,--,55,60665,买盘
1861,11:24:09,11.03,--,23,25369,买盘
1862,11:24:03,11.03,0.01,37,40811,买盘
1863,11:24:00,11.02,-0.01,221,243542,卖盘
1864,11:23:51,11.03,0.01,130,143390,买盘
1865,11:23:48,11.02,-0.01,22,24244,卖盘
1866,11:23:45,11.03,--,27,29781,买盘
1867,11:23:39,11.03,--,16,17648,买盘
1868,11:23:36,11.03,0.01,73,80519,买盘
1869,11:23:30,11.02,--,7,7714,卖盘
1870,11:23:27,11.02,-0.01,2,2204,卖盘
1871,11:23:24,11.03,--,19,20957,买盘
1872,11:23:21,11.03,--,45,49635,买盘
1873,11:23:18,11.03,0.01,11,12133,买盘
1874,11:23:12,11.02,--,10,11020,卖盘
1875,11:23:06,11.02,--,11,12122,卖盘
1876,11:23:03,11.02,0.01,113,124526,买盘
1877,11:23:00,11.01,-0.01,93,102393,卖盘
1878,11:22:57,11.02,--,10,11020,买盘
1879,11:22:48,11.02,--,260,286520,买盘
1880,11:22:42,11.02,--,2,2204,买盘
1881,11:22:39,11.02,--,18,19836,买盘
1882,11:22:36,11.02,--,53,58406,买盘
1883,11:22:33,11.02,--,60,66120,买盘
1884,11:22:27,11.02,--,17,18734,买盘
1885,11:22:24,11.02,--,11,12122,买盘
1886,11:22:18,11.02,--,76,83752,买盘
1887,11:22:15,11.02,--,123,135546,买盘
1888,11:22:12,11.02,0.01,204,224808,买盘
1889,11:22:03,11.01,-0.01,4,4404,卖盘
1890,11:22:00,11.02,0.02,74,81548,买盘
1891,11:21:36,11.0,--,11,12100,卖盘
1892,11:21:30,11.0,-0.01,22,24200,卖盘
1893,11:21:27,11.01,0.01,4,4404,买盘
1894,11:21:09,11.0,-0.01,13,14300,卖盘
1895,11:21:06,11.01,--,1,1101,买盘
1896,11:21:03,11.01,--,106,116706,买盘
1897,11:21:00,11.01,0.01,73,80373,买盘
1898,11:20:57,11.0,-0.01,4,4400,卖盘
1899,11:20:54,11.01,0.01,100,110100,买盘
1900,11:20:42,11.0,0.01,13,14300,中性盘
1901,11:20:39,10.99,-0.02,96,105504,卖盘
1902,11:20:36,11.01,--,8,8808,买盘
1903,11:20:33,11.01,--,25,27525,买盘
1904,11:20:30,11.01,--,7,7707,买盘
1905,11:20:27,11.01,0.02,21,23121,买盘
1906,11:20:24,10.99,-0.01,3,3297,卖盘
1907,11:20:21,11.0,-0.01,11,12100,买盘
1908,11:20:18,11.01,0.01,75,82575,买盘
1909,11:20:15,11.0,--,19,20900,买盘
1910,11:20:09,11.0,--,11,12100,买盘
1911,11:20:03,11.0,--,39,42900,买盘
1912,11:20:00,11.0,0.01,95,104500,买盘
1913,11:19:57,10.99,-0.01,4,4396,卖盘
1914,11:19:54,11.0,--,23,25300,买盘
1915,11:19:42,11.0,--,19,20900,买盘
1916,11:19:39,11.0,--,3,3300,买盘
1917,11:19:36,11.0,0.01,1,1100,买盘
1918,11:19:24,10.99,--,3,3297,卖盘
1919,11:19:21,10.99,-0.01,11,12089,卖盘
1920,11:19:15,11.0,0.01,21,23100,买盘
1921,11:19:09,10.99,0.01,8,8792,买盘
1922,11:19:00,10.98,-0.01,98,107604,卖盘
1923,11:18:54,10.99,0.01,50,54950,买盘
1924,11:18:48,10.98,-0.01,15,16470,卖盘
1925,11:18:42,10.99,--,4,4396,买盘
1926,11:18:39,10.99,--,17,18683,买盘
1927,11:18:36,10.99,0.01,16,17584,买盘
1928,11:18:33,10.98,-0.01,3,3294,卖盘
1929,11:18:30,10.99,--,374,411026,卖盘
1930,11:18:27,10.99,-0.01,19,20881,卖盘
1931,11:18:24,11.0,0.01,300,330000,买盘
1932,11:18:21,10.99,-0.01,89,97811,卖盘
1933,11:18:18,11.0,--,51,56100,买盘
1934,11:18:15,11.0,--,30,33000,买盘
1935,11:18:12,11.0,--,20,22000,买盘
1936,11:18:09,11.0,--,5,5500,买盘
1937,11:18:06,11.0,--,20,22000,买盘
1938,11:18:03,11.0,--,1,1100,买盘
1939,11:18:00,11.0,0.01,73,80300,买盘
1940,11:17:48,10.99,--,6,6594,卖盘
1941,11:17:42,10.99,-0.01,365,401135,卖盘
1942,11:17:39,11.0,--,9,9900,买盘
1943,11:17:36,11.0,0.01,1,1100,买盘
1944,11:17:30,10.99,-0.01,5,5495,卖盘
1945,11:17:27,11.0,0.01,16,17600,买盘
1946,11:17:24,10.99,--,29,31871,卖盘
1947,11:17:12,10.99,--,27,29673,买盘
1948,11:17:09,10.99,-0.01,12,13188,卖盘
1949,11:17:06,11.0,--,46,50600,买盘
1950,11:17:00,11.0,0.01,74,81400,买盘
1951,11:16:57,10.99,0.01,1,1099,中性盘
1952,11:16:54,10.98,-0.01,19,20862,卖盘
1953,11:16:51,10.99,--,27,29673,买盘
1954,11:16:48,10.99,--,8,8792,买盘
1955,11:16:42,10.99,0.01,100,109900,卖盘
1956,11:16:39,10.98,-0.02,120,131760,卖盘
1957,11:16:36,11.0,0.01,2,2200,买盘
1958,11:16:33,10.99,0.01,16,17584,买盘
1959,11:16:30,10.98,-0.01,146,160308,卖盘
1960,11:16:27,10.99,--,325,357175,买盘
1961,11:16:24,10.99,--,200,219800,买盘
1962,11:16:15,10.99,--,281,308819,买盘
1963,11:16:12,10.99,0.01,1,1099,买盘
1964,11:16:09,10.98,-0.01,1,1098,卖盘
1965,11:16:06,10.99,0.01,61,67039,买盘
1966,11:16:03,10.98,-0.01,4,4392,卖盘
1967,11:16:00,10.99,0.01,74,81326,买盘
1968,11:15:57,10.98,-0.01,12,13176,卖盘
1969,11:15:51,10.99,--,18,19782,买盘
1970,11:15:48,10.99,--,30,32970,买盘
1971,11:15:45,10.99,0.01,13,14287,买盘
1972,11:15:42,10.98,--,27,29646,卖盘
1973,11:15:39,10.98,-0.01,25,27450,卖盘
1974,11:15:36,10.99,--,1,1099,买盘
1975,11:15:33,10.99,--,34,37366,买盘
1976,11:15:27,10.99,0.01,250,274750,买盘
1977,11:15:24,10.98,--,7,7686,卖盘
1978,11:15:21,10.98,-0.01,19,20862,卖盘
1979,11:15:15,10.99,0.01,20,21980,买盘
1980,11:15:06,10.98,-0.01,44,48312,卖盘
1981,11:15:03,10.99,--,8,8792,买盘
1982,11:15:00,10.99,--,73,80227,买盘
1983,11:14:57,10.99,--,67,73633,买盘
1984,11:14:54,10.99,0.01,27,29673,买盘
1985,11:14:51,10.98,-0.01,19,20862,卖盘
1986,11:14:48,10.99,--,2,2198,买盘
1987,11:14:45,10.99,--,300,329700,买盘
1988,11:14:39,10.99,--,12,13188,买盘
1989,11:14:36,10.99,--,1,1099,买盘
1990,11:14:33,10.99,--,10,10990,买盘
1991,11:14:30,10.99,--,262,288509,卖盘
1992,11:14:27,10.99,-0.01,40,43960,卖盘
1993,11:14:24,11.0,0.01,623,685300,买盘
1994,11:14:18,10.99,--,15,16485,卖盘
1995,11:14:15,10.99,--,14,15386,卖盘
1996,11:14:12,10.99,--,114,125286,卖盘
1997,11:14:06,10.99,--,32,35695,买盘
1998,11:14:03,10.99,--,24,26376,买盘
1999,11:14:00,10.99,--,92,101108,买盘
2000,11:13:57,10.99,--,40,43960,买盘
2001,11:13:54,10.99,--,10,10990,买盘
2002,11:13:51,10.99,--,102,112098,买盘
2003,11:13:48,10.99,--,3,3297,买盘
2004,11:13:45,10.99,--,376,413224,买盘
2005,11:13:42,10.99,0.01,144,158256,买盘
2006,11:13:39,10.98,-0.01,10,10980,卖盘
2007,11:13:36,10.99,--,1,1099,买盘
2008,11:13:33,10.99,--,17,18683,买盘
2009,11:13:30,10.99,0.01,56,61544,买盘
2010,11:13:24,10.98,-0.01,24,26352,卖盘
2011,11:13:21,10.99,--,56,61544,买盘
2012,11:13:18,10.99,0.01,2,2198,买盘
2013,11:13:15,10.98,-0.01,46,50508,卖盘
2014,11:13:12,10.99,0.01,9,9891,买盘
2015,11:13:09,10.98,-0.01,22,24156,卖盘
2016,11:13:06,10.99,--,17,18683,买盘
2017,11:13:03,10.99,--,18,19782,买盘
2018,11:13:00,10.99,0.01,74,81326,买盘
2019,11:12:57,10.98,--,4,4392,卖盘
2020,11:12:51,10.98,--,57,62586,卖盘
2021,11:12:48,10.98,--,122,134801,买盘
2022,11:12:45,10.98,--,123,135054,买盘
2023,11:12:42,10.98,--,18,19764,买盘
2024,11:12:39,10.98,--,30,32940,买盘
2025,11:12:36,10.98,0.01,5,5490,买盘
2026,11:12:30,10.97,-0.01,6,6582,卖盘
2027,11:12:27,10.98,0.01,23,25254,买盘
2028,11:12:24,10.97,-0.01,16,17552,卖盘
2029,11:12:21,10.98,--,12,13176,买盘
2030,11:12:18,10.98,--,65,71370,买盘
2031,11:12:15,10.98,--,26,28548,买盘
2032,11:12:12,10.98,--,51,55998,买盘
2033,11:12:09,10.98,0.01,45,49410,买盘
2034,11:12:06,10.97,-0.01,5,5485,卖盘
2035,11:12:03,10.98,--,4,4392,买盘
2036,11:12:00,10.98,--,73,80154,买盘
2037,11:11:57,10.98,0.01,28,30744,买盘
2038,11:11:54,10.97,-0.01,25,27425,卖盘
2039,11:11:48,10.98,0.01,120,131760,买盘
2040,11:11:45,10.97,--,12,13164,卖盘
2041,11:11:39,10.97,-0.01,44,48268,卖盘
2042,11:11:36,10.98,--,1,1098,买盘
2043,11:11:33,10.98,--,50,54900,买盘
2044,11:11:30,10.98,--,19,20862,买盘
2045,11:11:27,10.98,0.01,36,39528,买盘
2046,11:11:21,10.97,--,32,35104,卖盘
2047,11:11:18,10.97,--,4,4388,卖盘
2048,11:11:15,10.97,-0.01,31,34007,卖盘
2049,11:11:12,10.98,0.02,32,35136,买盘
2050,11:11:03,10.96,-0.02,18,19980,卖盘
2051,11:11:00,10.98,0.01,182,200681,买盘
2052,11:10:57,10.97,-0.01,495,543015,卖盘
2053,11:10:54,10.98,--,12,13176,买盘
2054,11:10:51,10.98,0.01,17,18666,买盘
2055,11:10:39,10.97,-0.01,5,5485,卖盘
2056,11:10:36,10.98,--,1,1098,买盘
2057,11:10:33,10.98,--,24,26352,买盘
2058,11:10:30,10.98,0.01,6,6588,买盘
2059,11:10:21,10.97,--,30,32910,卖盘
2060,11:10:18,10.97,--,11,12067,卖盘
2061,11:10:15,10.97,--,86,94342,买盘
2062,11:10:12,10.97,--,1,1097,买盘
2063,11:10:09,10.97,--,60,65820,买盘
2064,11:10:06,10.97,--,100,109700,买盘
2065,11:10:00,10.97,--,76,83372,买盘
2066,11:09:57,10.97,--,239,262183,买盘
2067,11:09:54,10.97,-0.01,66,72402,卖盘
2068,11:09:51,10.98,--,5,5490,买盘
2069,11:09:48,10.98,0.01,6,6588,买盘
2070,11:09:45,10.97,-0.01,8,8776,卖盘
2071,11:09:42,10.98,--,185,203130,买盘
2072,11:09:39,10.98,--,17,18666,买盘
2073,11:09:36,10.98,0.01,3,3294,买盘
2074,11:09:33,10.97,-0.01,155,170035,卖盘
2075,11:09:30,10.98,--,6,6588,买盘
2076,11:09:27,10.98,--,19,20862,买盘
2077,11:09:24,10.98,--,1,1098,买盘
2078,11:09:21,10.98,--,10,10980,买盘
2079,11:09:15,10.98,--,11,12078,买盘
2080,11:09:09,10.98,--,5,5490,买盘
2081,11:08:57,10.98,--,10,10980,买盘
2082,11:08:51,10.98,--,2,2196,买盘
2083,11:08:45,10.98,--,425,466650,买盘
2084,11:08:42,10.98,0.01,1,1098,买盘
2085,11:08:39,10.97,-0.01,2,2194,卖盘
2086,11:08:36,10.98,0.01,1,1098,买盘
2087,11:08:33,10.97,-0.01,169,185393,卖盘
2088,11:08:30,10.98,--,10,10980,买盘
2089,11:08:27,10.98,0.01,8,8784,买盘
2090,11:08:24,10.97,-0.01,37,40589,卖盘
2091,11:08:21,10.98,--,5,5490,买盘
2092,11:08:18,10.98,--,31,34038,买盘
2093,11:08:12,10.98,--,25,27450,买盘
2094,11:08:09,10.98,--,8,8784,买盘
2095,11:08:06,10.98,0.01,68,74664,买盘
2096,11:08:03,10.97,-0.01,30,32910,卖盘
2097,11:08:00,10.98,--,10,10980,买盘
2098,11:07:57,10.98,--,1,1098,买盘
2099,11:07:54,10.98,--,9,9882,买盘
2100,11:07:45,10.98,--,6,6588,买盘
2101,11:07:42,10.98,--,28,30744,买盘
2102,11:07:39,10.98,--,27,29646,买盘
2103,11:07:33,10.98,0.01,6,6588,买盘
2104,11:07:27,10.97,--,55,60335,卖盘
2105,11:07:24,10.97,-0.01,29,31813,卖盘
2106,11:07:21,10.98,--,44,48312,买盘
2107,11:07:15,10.98,--,25,27450,买盘
2108,11:07:12,10.98,0.01,20,21960,买盘
2109,11:07:06,10.97,-0.01,8,8776,卖盘
2110,11:07:03,10.98,--,4,4392,买盘
2111,11:07:00,10.98,--,10,10980,买盘
2112,11:06:57,10.98,--,10,10980,买盘
2113,11:06:54,10.98,--,4,4392,买盘
2114,11:06:51,10.98,--,26,28548,买盘
2115,11:06:48,10.98,--,1,1098,买盘
2116,11:06:45,10.98,--,22,24156,买盘
2117,11:06:36,10.98,--,25,27450,买盘
2118,11:06:30,10.98,0.01,24,26352,买盘
2119,11:06:27,10.97,-0.01,20,21940,卖盘
2120,11:06:24,10.98,--,12,13176,买盘
2121,11:06:18,10.98,--,9,9882,买盘
2122,11:06:15,10.98,--,328,360144,买盘
2123,11:06:12,10.98,--,28,30744,买盘
2124,11:06:09,10.98,--,71,77958,买盘
2125,11:06:06,10.98,--,23,25254,买盘
2126,11:06:03,10.98,--,51,55998,买盘
2127,11:06:00,10.98,--,20,21960,买盘
2128,11:05:54,10.98,--,6,6588,买盘
2129,11:05:51,10.98,0.01,23,25254,买盘
2130,11:05:48,10.97,--,61,66917,卖盘
2131,11:05:45,10.97,-0.01,80,87760,卖盘
2132,11:05:42,10.98,0.01,29,31842,买盘
2133,11:05:39,10.97,--,92,100924,买盘
2134,11:05:36,10.97,--,23,25231,卖盘
2135,11:05:33,10.97,--,177,194169,买盘
2136,11:05:30,10.97,--,93,102021,买盘
2137,11:05:27,10.97,0.01,2,2194,买盘
2138,11:05:24,10.96,-0.01,138,151248,卖盘
2139,11:05:21,10.97,--,1,1097,买盘
2140,11:05:18,10.97,--,20,21940,买盘
2141,11:05:12,10.97,--,31,34007,买盘
2142,11:05:09,10.97,--,2,2194,买盘
2143,11:05:03,10.97,--,22,24134,买盘
2144,11:05:00,10.97,0.01,101,110797,中性盘
2145,11:04:57,10.96,-0.01,97,106312,卖盘
2146,11:04:54,10.97,--,24,26328,买盘
2147,11:04:51,10.97,0.01,19,20843,买盘
2148,11:04:48,10.96,--,1,1096,卖盘
2149,11:04:39,10.96,--,128,140288,买盘
2150,11:04:33,10.96,0.01,79,86584,买盘
2151,11:04:30,10.95,-0.01,18,19710,卖盘
2152,11:04:27,10.96,0.01,166,181936,买盘
2153,11:04:24,10.95,--,11,12045,买盘
2154,11:04:18,10.95,--,429,469754,买盘
2155,11:04:15,10.95,--,274,300030,买盘
2156,11:04:12,10.95,--,2,2190,买盘
2157,11:04:09,10.95,--,79,86505,买盘
2158,11:04:03,10.95,--,98,107310,买盘
2159,11:04:00,10.95,--,217,237614,买盘
2160,11:03:57,10.95,--,7,7664,买盘
2161,11:03:51,10.95,0.01,427,467564,买盘
2162,11:03:48,10.94,-0.01,7,7658,卖盘
2163,11:03:45,10.95,--,18,19710,买盘
2164,11:03:42,10.95,0.01,149,163155,买盘
2165,11:03:39,10.94,-0.01,43,47042,卖盘
2166,11:03:36,10.95,0.01,1,1095,买盘
2167,11:03:30,10.94,-0.01,5,5470,卖盘
2168,11:03:27,10.95,0.01,4,4380,买盘
2169,11:03:21,10.94,-0.01,41,45510,卖盘
2170,11:03:18,10.95,--,217,237614,买盘
2171,11:03:15,10.95,--,97,106215,买盘
2172,11:03:12,10.95,--,14,15329,买盘
2173,11:03:09,10.95,0.01,118,129209,买盘
2174,11:03:03,10.94,-0.01,32,35008,卖盘
2175,11:03:00,10.95,0.01,3,3285,买盘
2176,11:02:57,10.94,-0.01,3,3282,卖盘
2177,11:02:54,10.95,--,47,51465,买盘
2178,11:02:48,10.95,0.01,213,233234,买盘
2179,11:02:45,10.94,--,15,16410,卖盘
2180,11:02:42,10.94,--,66,72204,卖盘
2181,11:02:39,10.94,--,88,96272,卖盘
2182,11:02:33,10.94,--,10,10940,卖盘
2183,11:02:30,10.94,--,9,9846,卖盘
2184,11:02:27,10.94,--,48,52512,卖盘
2185,11:02:24,10.94,--,120,131280,卖盘
2186,11:02:21,10.94,--,1,1094,卖盘
2187,11:02:15,10.94,-0.01,80,87520,卖盘
2188,11:02:09,10.95,0.01,32,35040,买盘
2189,11:02:06,10.94,-0.01,31,33914,卖盘
2190,11:02:03,10.95,--,7,7664,买盘
2191,11:02:00,10.95,0.01,11,12045,买盘
2192,11:01:57,10.94,-0.01,27,29538,卖盘
2193,11:01:51,10.95,--,20,21900,中性盘
2194,11:01:45,10.95,-0.01,25,27375,中性盘
2195,11:01:42,10.96,0.02,4,4384,买盘
2196,11:01:39,10.94,-0.02,43,47042,卖盘
2197,11:01:36,10.96,--,18,19728,买盘
2198,11:01:33,10.96,--,62,67952,买盘
2199,11:01:30,10.96,0.02,3,3288,买盘
2200,11:01:27,10.94,-0.01,84,91896,卖盘
2201,11:01:21,10.95,-0.01,10,10950,卖盘
2202,11:01:18,10.96,0.02,50,54800,买盘
2203,11:01:12,10.94,-0.01,20,21880,卖盘
2204,11:01:09,10.95,--,45,49275,买盘
2205,11:01:06,10.95,--,1,1095,买盘
2206,11:01:03,10.95,-0.01,46,50370,卖盘
2207,11:00:54,10.96,--,4,4384,买盘
2208,11:00:48,10.96,0.01,20,21920,买盘
2209,11:00:45,10.95,--,13,14234,买盘
2210,11:00:36,10.95,--,21,22995,买盘
2211,11:00:33,10.95,0.01,204,223380,买盘
2212,11:00:30,10.94,-0.01,498,544812,卖盘
2213,11:00:27,10.95,--,21,22995,买盘
2214,11:00:24,10.95,--,110,120449,买盘
2215,11:00:18,10.95,--,13,14234,买盘
2216,11:00:12,10.95,--,279,305505,买盘
2217,11:00:09,10.95,--,14,15329,买盘
2218,11:00:03,10.95,0.01,2,2190,买盘
2219,11:00:00,10.94,-0.01,52,56888,卖盘
2220,10:59:57,10.95,--,96,105120,买盘
2221,10:59:54,10.95,--,20,21900,买盘
2222,10:59:51,10.95,--,19,20805,买盘
2223,10:59:48,10.95,0.01,9,9855,买盘
2224,10:59:45,10.94,-0.01,42,45948,卖盘
2225,10:59:42,10.95,--,48,52560,卖盘
2226,10:59:39,10.95,-0.01,28,30659,卖盘
2227,10:59:36,10.96,--,2,2192,买盘
2228,10:59:33,10.96,0.01,163,178648,买盘
2229,10:59:30,10.95,--,18,19710,买盘
2230,10:59:27,10.95,0.01,9,9855,买盘
2231,10:59:21,10.94,-0.01,7,7658,卖盘
2232,10:59:18,10.95,0.01,15,16425,买盘
2233,10:59:12,10.94,-0.01,93,101742,卖盘
2234,10:59:09,10.95,--,19,20805,买盘
2235,10:59:03,10.95,--,26,28480,卖盘
2236,10:59:00,10.95,--,75,82125,卖盘
2237,10:58:57,10.95,--,389,425955,卖盘
2238,10:58:54,10.95,--,23,25185,卖盘
2239,10:58:51,10.95,-0.01,27,29564,卖盘
2240,10:58:45,10.96,--,26,28496,买盘
2241,10:58:42,10.96,--,27,29592,买盘
2242,10:58:39,10.96,--,20,21920,买盘
2243,10:58:36,10.96,0.01,19,20824,买盘
2244,10:58:33,10.95,--,55,60224,卖盘
2245,10:58:30,10.95,--,254,278130,卖盘
2246,10:58:27,10.95,--,33,36135,卖盘
2247,10:58:24,10.95,--,71,77745,卖盘
2248,10:58:18,10.95,--,35,38325,卖盘
2249,10:58:15,10.95,--,31,33945,卖盘
2250,10:58:06,10.95,--,110,120449,卖盘
2251,10:58:00,10.95,-0.01,11,12045,卖盘
2252,10:57:57,10.96,--,61,66856,买盘
2253,10:57:54,10.96,--,41,44936,买盘
2254,10:57:51,10.96,--,18,19728,买盘
2255,10:57:42,10.96,0.01,18,19728,买盘
2256,10:57:39,10.95,--,37,40515,卖盘
2257,10:57:36,10.95,--,60,65700,卖盘
2258,10:57:33,10.95,-0.01,34,37230,卖盘
2259,10:57:27,10.96,--,27,29592,买盘
2260,10:57:24,10.96,--,29,31784,买盘
2261,10:57:15,10.96,0.01,19,20824,买盘
2262,10:57:12,10.95,-0.01,200,219000,卖盘
2263,10:57:09,10.96,0.01,2,2192,买盘
2264,10:57:06,10.95,--,42,45990,卖盘
2265,10:57:00,10.95,-0.01,12,13140,卖盘
2266,10:56:57,10.96,--,150,164400,买盘
2267,10:56:54,10.96,--,375,411000,买盘
2268,10:56:51,10.96,--,4,4384,买盘
2269,10:56:48,10.96,--,18,19728,买盘
2270,10:56:45,10.96,--,5,5480,买盘
2271,10:56:39,10.96,--,9,9864,买盘
2272,10:56:36,10.96,--,6,6576,买盘
2273,10:56:27,10.96,--,29,31784,买盘
2274,10:56:24,10.96,--,10,10960,买盘
2275,10:56:21,10.96,-0.01,97,106312,卖盘
2276,10:56:18,10.97,--,1,1097,买盘
2277,10:56:12,10.97,--,8,8776,买盘
2278,10:56:09,10.97,--,24,26328,买盘
2279,10:56:06,10.97,0.01,76,83372,买盘
2280,10:56:03,10.96,--,47,51512,卖盘
2281,10:56:00,10.96,--,46,50416,卖盘
2282,10:55:57,10.96,-0.01,11,12056,中性盘
2283,10:55:54,10.97,0.02,31,34007,买盘
2284,10:55:51,10.95,-0.01,45,49275,卖盘
2285,10:55:48,10.96,-0.01,18,19728,中性盘
2286,10:55:36,10.97,0.02,11,12067,买盘
2287,10:55:33,10.95,-0.01,114,124829,卖盘
2288,10:55:27,10.96,--,17,18632,买盘
2289,10:55:24,10.96,-0.01,60,65760,卖盘
2290,10:55:21,10.97,--,60,65820,买盘
2291,10:55:18,10.97,0.01,18,19746,买盘
2292,10:55:09,10.96,--,8,8768,买盘
2293,10:55:06,10.96,-0.01,19,20824,中性盘
2294,10:55:03,10.97,0.01,30,32910,买盘
2295,10:55:00,10.96,--,21,23016,买盘
2296,10:54:57,10.96,--,33,36168,买盘
2297,10:54:54,10.96,--,1,1096,买盘
2298,10:54:51,10.96,--,19,20824,买盘
2299,10:54:45,10.96,--,20,21920,买盘
2300,10:54:42,10.96,--,1,1096,买盘
2301,10:54:36,10.96,--,5,5480,买盘
2302,10:54:33,10.96,--,90,98640,卖盘
2303,10:54:30,10.96,0.01,328,359488,买盘
2304,10:54:21,10.95,--,6,6570,卖盘
2305,10:54:15,10.95,-0.01,16,17520,卖盘
2306,10:54:09,10.96,--,10,10960,买盘
2307,10:54:06,10.96,--,18,19728,买盘
2308,10:54:03,10.96,0.01,10,10960,买盘
2309,10:54:00,10.95,-0.01,12,13140,卖盘
2310,10:53:57,10.96,--,1,1096,买盘
2311,10:53:54,10.96,--,24,26304,买盘
2312,10:53:51,10.96,--,52,56992,买盘
2313,10:53:48,10.96,0.01,13,14248,买盘
2314,10:53:45,10.95,--,43,47085,卖盘
2315,10:53:42,10.95,--,2,2190,卖盘
2316,10:53:39,10.95,-0.01,4,4380,卖盘
2317,10:53:33,10.96,--,6,6576,买盘
2318,10:53:30,10.96,0.01,43,47128,买盘
2319,10:53:27,10.95,-0.01,27,29564,卖盘
2320,10:53:24,10.96,--,29,31784,买盘
2321,10:53:21,10.96,--,1,1096,买盘
2322,10:53:18,10.96,--,22,24112,买盘
2323,10:53:15,10.96,--,11,12056,买盘
2324,10:53:12,10.96,--,114,124944,买盘
2325,10:53:06,10.96,0.01,31,33976,买盘
2326,10:53:00,10.95,--,1,1095,卖盘
2327,10:52:57,10.95,-0.01,14,15329,卖盘
2328,10:52:51,10.96,0.01,25,27400,买盘
2329,10:52:42,10.95,--,0,1084,卖盘
2330,10:52:39,10.95,--,28,30659,卖盘
2331,10:52:36,10.95,-0.01,59,64604,卖盘
2332,10:52:33,10.96,--,131,143576,买盘
2333,10:52:30,10.96,--,150,164400,买盘
2334,10:52:27,10.96,0.01,2,2192,买盘
2335,10:52:24,10.95,-0.01,26,28469,卖盘
2336,10:52:21,10.96,--,1,1096,买盘
2337,10:52:18,10.96,0.01,18,19728,买盘
2338,10:52:15,10.95,--,106,116069,卖盘
2339,10:52:09,10.95,-0.01,617,675615,卖盘
2340,10:52:06,10.96,0.01,16,17536,买盘
2341,10:52:00,10.95,--,40,43800,卖盘
2342,10:51:57,10.95,--,12,13140,卖盘
2343,10:51:54,10.95,-0.01,20,21900,卖盘
2344,10:51:51,10.96,--,68,74528,买盘
2345,10:51:42,10.96,--,11,12056,买盘
2346,10:51:39,10.96,0.01,1,1096,买盘
2347,10:51:36,10.95,-0.01,6,6570,卖盘
2348,10:51:30,10.96,--,5,5480,买盘
2349,10:51:27,10.96,--,8,8768,买盘
2350,10:51:24,10.96,--,39,42744,买盘
2351,10:51:21,10.96,--,1,1096,买盘
2352,10:51:18,10.96,--,10,10960,买盘
2353,10:51:12,10.96,--,29,31784,买盘
2354,10:51:09,10.96,--,5,5480,买盘
2355,10:51:06,10.96,0.01,317,347432,买盘
2356,10:51:03,10.95,--,143,156585,卖盘
2357,10:51:00,10.95,--,1,1095,卖盘
2358,10:50:57,10.95,-0.01,27,29564,卖盘
2359,10:50:54,10.96,0.01,9,9864,买盘
2360,10:50:45,10.95,-0.01,11,12045,卖盘
2361,10:50:42,10.96,--,6,6576,买盘
2362,10:50:33,10.96,--,16,17536,买盘
2363,10:50:30,10.96,--,23,25208,买盘
2364,10:50:27,10.96,--,34,37264,买盘
2365,10:50:24,10.96,--,24,26304,买盘
2366,10:50:18,10.96,--,41,44936,买盘
2367,10:50:15,10.96,--,111,121656,卖盘
2368,10:50:12,10.96,--,231,253176,卖盘
2369,10:50:09,10.96,--,12,13152,卖盘
2370,10:50:00,10.96,-0.01,1,1096,中性盘
2371,10:49:51,10.97,0.01,90,98730,买盘
2372,10:49:48,10.96,-0.01,6,6576,中性盘
2373,10:49:45,10.97,0.01,68,74596,买盘
2374,10:49:36,10.96,--,18,19728,买盘
2375,10:49:33,10.96,0.01,12,13152,买盘
2376,10:49:27,10.95,-0.01,5,5475,卖盘
2377,10:49:24,10.96,0.01,61,66856,买盘
2378,10:49:21,10.95,-0.01,56,61319,卖盘
2379,10:49:18,10.96,--,20,21920,买盘
2380,10:49:15,10.96,0.01,12,13152,买盘
2381,10:49:12,10.95,-0.01,32,35040,卖盘
2382,10:49:06,10.96,-0.01,17,18632,卖盘
2383,10:49:03,10.97,0.01,1,1097,买盘
2384,10:49:00,10.96,--,1022,1120112,卖盘
2385,10:48:54,10.96,-0.01,8,8768,卖盘
2386,10:48:51,10.97,--,10,10970,买盘
2387,10:48:48,10.97,--,1,1097,买盘
2388,10:48:45,10.97,--,10,10970,买盘
2389,10:48:42,10.97,--,22,24134,买盘
2390,10:48:39,10.97,0.01,12,13164,买盘
2391,10:48:36,10.96,-0.02,13,14248,卖盘
2392,10:48:33,10.98,--,24,26352,买盘
2393,10:48:30,10.98,--,5,5490,买盘
2394,10:48:24,10.98,0.01,147,161406,买盘
2395,10:48:21,10.97,--,26,28522,卖盘
2396,10:48:15,10.97,-0.01,6,6582,卖盘
2397,10:48:12,10.98,--,2,2196,买盘
2398,10:48:09,10.98,0.01,102,111996,买盘
2399,10:48:06,10.97,-0.01,300,329100,卖盘
2400,10:48:00,10.98,0.01,15,16470,买盘
2401,10:47:51,10.97,-0.01,3,3291,卖盘
2402,10:47:48,10.98,--,18,19764,买盘
2403,10:47:45,10.98,--,69,75762,买盘
2404,10:47:42,10.98,--,119,130662,买盘
2405,10:47:36,10.98,--,32,35136,买盘
2406,10:47:33,10.98,0.01,148,162504,买盘
2407,10:47:30,10.97,-0.01,7,7679,卖盘
2408,10:47:24,10.98,--,121,132858,买盘
2409,10:47:15,10.98,--,50,54900,买盘
2410,10:47:12,10.98,--,3,3294,买盘
2411,10:47:06,10.98,--,43,47214,买盘
2412,10:47:03,10.98,--,6,6588,买盘
2413,10:47:00,10.98,--,5,5490,买盘
2414,10:46:57,10.98,--,100,109800,买盘
2415,10:46:54,10.98,--,35,38430,买盘
2416,10:46:51,10.98,--,177,194346,买盘
2417,10:46:39,10.98,0.01,1,1098,买盘
2418,10:46:36,10.97,-0.01,9,9873,卖盘
2419,10:46:33,10.98,0.01,48,52704,买盘
2420,10:46:27,10.97,-0.01,10,10970,卖盘
2421,10:46:24,10.98,0.01,50,54900,买盘
2422,10:46:21,10.97,--,11,12067,卖盘
2423,10:46:18,10.97,-0.01,16,17552,卖盘
2424,10:46:15,10.98,--,18,19764,买盘
2425,10:46:12,10.98,--,20,21960,买盘
2426,10:46:09,10.98,0.01,23,25254,买盘
2427,10:46:03,10.97,-0.01,1,1097,卖盘
2428,10:46:00,10.98,--,19,20862,买盘
2429,10:45:57,10.98,--,51,55998,买盘
2430,10:45:54,10.98,--,45,49410,买盘
2431,10:45:48,10.98,--,48,52704,买盘
2432,10:45:45,10.98,--,51,55998,买盘
2433,10:45:39,10.98,--,9,9882,买盘
2434,10:45:36,10.98,--,4,4392,买盘
2435,10:45:33,10.98,--,17,18666,买盘
2436,10:45:30,10.98,--,16,17568,买盘
2437,10:45:27,10.98,--,16,17568,买盘
2438,10:45:21,10.98,0.01,150,164700,买盘
2439,10:45:18,10.97,--,823,902831,买盘
2440,10:45:15,10.97,--,51,55947,买盘
2441,10:45:12,10.97,0.01,8,8776,买盘
2442,10:45:09,10.96,-0.01,5,5480,卖盘
2443,10:45:06,10.97,0.01,393,431121,买盘
2444,10:45:03,10.96,--,8,8768,卖盘
2445,10:44:54,10.96,--,5,5480,卖盘
2446,10:44:51,10.96,--,124,135904,买盘
2447,10:44:48,10.96,--,114,124944,买盘
2448,10:44:45,10.96,--,3,3288,买盘
2449,10:44:42,10.96,0.01,30,32880,买盘
2450,10:44:39,10.95,-0.01,15,16425,卖盘
2451,10:44:33,10.96,0.01,9,9864,买盘
2452,10:44:30,10.95,--,7,7664,卖盘
2453,10:44:27,10.95,-0.01,18,19710,卖盘
2454,10:44:24,10.96,--,48,52608,买盘
2455,10:44:21,10.96,0.01,1,1096,买盘
2456,10:44:18,10.95,--,21,22995,卖盘
2457,10:44:15,10.95,-0.01,10,10950,卖盘
2458,10:44:12,10.96,--,73,80008,买盘
2459,10:44:09,10.96,--,2,2192,买盘
2460,10:44:06,10.96,--,2,2192,买盘
2461,10:44:03,10.96,0.01,47,51512,买盘
2462,10:44:00,10.95,-0.01,2,2190,卖盘
2463,10:43:51,10.96,0.01,9,9864,买盘
2464,10:43:45,10.95,-0.01,38,41610,卖盘
2465,10:43:42,10.96,0.01,81,88776,买盘
2466,10:43:39,10.95,--,10,10950,卖盘
2467,10:43:33,10.95,--,25,27375,卖盘
2468,10:43:30,10.95,--,146,159870,卖盘
2469,10:43:27,10.95,--,48,52560,卖盘
2470,10:43:24,10.95,--,47,51465,卖盘
2471,10:43:21,10.95,-0.01,40,43800,卖盘
2472,10:43:18,10.96,--,18,19728,买盘
2473,10:43:12,10.96,0.01,512,561152,买盘
2474,10:43:09,10.95,--,2,2190,卖盘
2475,10:43:06,10.95,-0.01,2,2190,卖盘
2476,10:43:03,10.96,--,28,30688,买盘
2477,10:43:00,10.96,0.01,14,15344,买盘
2478,10:42:57,10.95,0.01,22,24090,卖盘
2479,10:42:54,10.94,--,209,228646,卖盘
2480,10:42:51,10.94,-0.01,838,916772,卖盘
2481,10:42:48,10.95,--,10,10950,卖盘
2482,10:42:45,10.95,-0.01,67,73365,卖盘
2483,10:42:42,10.96,0.01,78,85488,买盘
2484,10:42:39,10.95,-0.01,48,52560,卖盘
2485,10:42:30,10.96,--,32,35072,买盘
2486,10:42:27,10.96,0.01,18,19728,买盘
2487,10:42:24,10.95,--,57,62414,卖盘
2488,10:42:21,10.95,-0.01,22,24090,卖盘
2489,10:42:18,10.96,0.01,1,1096,买盘
2490,10:42:15,10.95,--,7,7664,卖盘
2491,10:42:03,10.95,--,11,12045,卖盘
2492,10:42:00,10.95,--,86,94170,卖盘
2493,10:41:57,10.95,0.01,155,170075,买盘
2494,10:41:54,10.94,--,133,145502,卖盘
2495,10:41:51,10.94,-0.01,1,1094,卖盘
2496,10:41:48,10.95,0.01,20,21900,买盘
2497,10:41:45,10.94,--,46,50324,卖盘
2498,10:41:42,10.94,-0.01,39,42666,卖盘
2499,10:41:39,10.95,--,10,10950,买盘
2500,10:41:36,10.95,--,58,63509,买盘
2501,10:41:33,10.95,--,37,40515,买盘
2502,10:41:30,10.95,0.01,18,19710,买盘
2503,10:41:27,10.94,-0.01,106,115964,卖盘
2504,10:41:24,10.95,--,17,18615,买盘
2505,10:41:18,10.95,-0.01,169,185799,卖盘
2506,10:41:15,10.96,0.01,87,95352,买盘
2507,10:41:12,10.95,--,14,15329,卖盘
2508,10:41:09,10.95,-0.01,109,119354,卖盘
2509,10:41:06,10.96,0.01,19,20824,买盘
2510,10:41:00,10.95,--,50,54750,卖盘
2511,10:40:57,10.95,--,2,2190,卖盘
2512,10:40:51,10.95,-0.01,36,39420,卖盘
2513,10:40:45,10.96,0.01,26,28496,买盘
2514,10:40:42,10.95,-0.01,47,51465,卖盘
2515,10:40:39,10.96,--,37,40552,买盘
2516,10:40:36,10.96,0.01,111,121656,买盘
2517,10:40:33,10.95,0.01,86,94520,买盘
2518,10:40:30,10.94,--,21,22974,卖盘
2519,10:40:27,10.94,-0.01,32,35008,卖盘
2520,10:40:24,10.95,--,18,19710,买盘
2521,10:40:21,10.95,0.01,87,95265,买盘
2522,10:40:18,10.94,-0.01,13,14222,卖盘
2523,10:40:09,10.95,--,1,1095,买盘
2524,10:40:06,10.95,0.01,40,43800,买盘
2525,10:40:03,10.94,--,42,45948,卖盘
2526,10:40:00,10.94,--,2,2188,卖盘
2527,10:39:57,10.94,-0.01,7,7658,卖盘
2528,10:39:54,10.95,0.01,45,49275,买盘
2529,10:39:51,10.94,--,66,72204,卖盘
2530,10:39:48,10.94,-0.01,59,64546,卖盘
2531,10:39:45,10.95,--,2,2190,买盘
2532,10:39:42,10.95,0.01,55,60224,买盘
2533,10:39:39,10.94,-0.01,21,22974,卖盘
2534,10:39:36,10.95,0.01,10,10950,买盘
2535,10:39:33,10.94,--,107,117058,卖盘
2536,10:39:30,10.94,--,28,30632,卖盘
2537,10:39:24,10.94,--,30,32820,卖盘
2538,10:39:18,10.94,--,13,14222,卖盘
2539,10:39:15,10.94,--,16,17504,卖盘
2540,10:39:12,10.94,-0.01,51,55794,卖盘
2541,10:39:09,10.95,0.01,3,3285,买盘
2542,10:39:06,10.94,-0.01,40,43760,卖盘
2543,10:39:03,10.95,0.01,6,6570,买盘
2544,10:39:00,10.94,--,8,8752,卖盘
2545,10:38:54,10.94,-0.01,58,63452,卖盘
2546,10:38:51,10.95,--,49,53655,买盘
2547,10:38:48,10.95,0.01,66,72270,买盘
2548,10:38:45,10.94,--,45,49230,卖盘
2549,10:38:42,10.94,0.01,110,120340,买盘
2550,10:38:39,10.93,-0.01,37,40441,卖盘
2551,10:38:36,10.94,0.01,184,201296,买盘
2552,10:38:33,10.93,--,30,32790,卖盘
2553,10:38:30,10.93,--,50,54650,卖盘
2554,10:38:27,10.93,--,5,5465,卖盘
2555,10:38:24,10.93,--,28,30604,卖盘
2556,10:38:21,10.93,-0.01,48,52464,卖盘
2557,10:38:18,10.94,--,10,10940,买盘
2558,10:38:15,10.94,0.01,20,21880,买盘
2559,10:38:12,10.93,-0.01,11,12023,卖盘
2560,10:38:09,10.94,--,66,72204,买盘
2561,10:38:06,10.94,--,31,33914,买盘
2562,10:38:00,10.94,--,47,51418,买盘
2563,10:37:57,10.94,--,21,22974,买盘
2564,10:37:54,10.94,0.01,18,19692,买盘
2565,10:37:42,10.93,--,22,24046,卖盘
2566,10:37:39,10.93,-0.01,106,115858,卖盘
2567,10:37:36,10.94,0.01,51,55794,买盘
2568,10:37:30,10.93,--,55,60115,卖盘
2569,10:37:24,10.93,-0.01,33,36069,卖盘
2570,10:37:21,10.94,--,116,126904,买盘
2571,10:37:00,10.94,0.02,140,153160,买盘
2572,10:36:57,10.92,-0.01,603,658476,卖盘
2573,10:36:54,10.93,--,214,233902,卖盘
2574,10:36:51,10.93,-0.01,6,6558,卖盘
2575,10:36:48,10.94,--,14,15316,买盘
2576,10:36:45,10.94,0.01,42,45948,买盘
2577,10:36:42,10.93,-0.01,20,21860,卖盘
2578,10:36:39,10.94,0.01,19,20786,买盘
2579,10:36:27,10.93,0.01,24,26232,中性盘
2580,10:36:24,10.92,--,46,50232,卖盘
2581,10:36:21,10.92,-0.01,105,114660,卖盘
2582,10:36:18,10.93,--,19,20767,买盘
2583,10:36:15,10.93,0.01,6,6558,买盘
2584,10:36:12,10.92,-0.01,23,25116,卖盘
2585,10:36:09,10.93,--,74,80882,卖盘
2586,10:36:06,10.93,--,112,122416,卖盘
2587,10:36:03,10.93,--,140,153020,卖盘
2588,10:36:00,10.93,--,136,148648,卖盘
2589,10:35:54,10.93,--,97,106021,卖盘
2590,10:35:45,10.93,-0.01,53,57929,卖盘
2591,10:35:42,10.94,0.01,5,5470,买盘
2592,10:35:39,10.93,--,21,22953,卖盘
2593,10:35:36,10.93,-0.01,31,33883,卖盘
2594,10:35:33,10.94,0.01,51,55794,买盘
2595,10:35:27,10.93,-0.01,11,12023,卖盘
2596,10:35:24,10.94,--,15,16410,买盘
2597,10:35:21,10.94,--,12,13128,买盘
2598,10:35:15,10.94,--,98,107212,买盘
2599,10:35:12,10.94,0.01,99,108306,买盘
2600,10:35:06,10.93,--,39,42627,卖盘
2601,10:35:00,10.93,-0.01,36,39348,卖盘
2602,10:34:57,10.94,0.01,42,45948,买盘
2603,10:34:54,10.93,--,12,13116,买盘
2604,10:34:48,10.93,-0.01,62,67766,卖盘
2605,10:34:45,10.94,--,38,41572,买盘
2606,10:34:42,10.94,--,105,114870,买盘
2607,10:34:39,10.94,--,35,38290,买盘
2608,10:34:33,10.94,--,9,9846,买盘
2609,10:34:30,10.94,0.02,51,55794,买盘
2610,10:34:27,10.92,--,34,37128,卖盘
2611,10:34:24,10.92,--,28,30576,卖盘
2612,10:34:21,10.92,-0.02,263,287196,卖盘
2613,10:34:18,10.94,0.01,30,32820,买盘
2614,10:34:15,10.93,-0.01,86,93998,卖盘
2615,10:34:12,10.94,--,315,344610,买盘
2616,10:34:06,10.94,--,47,51418,买盘
2617,10:33:57,10.94,--,18,19692,买盘
2618,10:33:54,10.94,--,15,16410,买盘
2619,10:33:51,10.94,0.01,1,1094,买盘
2620,10:33:48,10.93,0.01,96,104928,买盘
2621,10:33:45,10.92,-0.01,54,58968,卖盘
2622,10:33:42,10.93,0.01,5,5465,买盘
2623,10:33:39,10.92,-0.01,13,14196,卖盘
2624,10:33:36,10.93,--,37,40441,买盘
2625,10:33:33,10.93,--,76,83068,买盘
2626,10:33:30,10.93,--,96,104928,卖盘
2627,10:33:27,10.93,-0.01,4,4372,卖盘
2628,10:33:24,10.94,0.01,24,26256,买盘
2629,10:33:21,10.93,--,24,26232,卖盘
2630,10:33:18,10.93,-0.01,51,55743,中性盘
2631,10:33:15,10.94,0.02,51,55794,买盘
2632,10:33:12,10.92,-0.02,48,52416,卖盘
2633,10:33:09,10.94,0.02,33,36102,买盘
2634,10:33:06,10.92,--,48,52416,卖盘
2635,10:33:03,10.92,-0.01,19,20748,卖盘
2636,10:33:00,10.93,-0.01,68,74324,卖盘
2637,10:32:57,10.94,0.02,3,3282,买盘
2638,10:32:54,10.92,-0.01,50,54600,卖盘
2639,10:32:48,10.93,--,46,50278,买盘
2640,10:32:45,10.93,--,34,37162,买盘
2641,10:32:42,10.93,--,38,41534,买盘
2642,10:32:39,10.93,--,47,51371,卖盘
2643,10:32:36,10.93,-0.01,9,9837,卖盘
2644,10:32:33,10.94,--,19,20786,买盘
2645,10:32:30,10.94,0.01,45,49230,买盘
2646,10:32:27,10.93,--,53,57929,卖盘
2647,10:32:24,10.93,--,19,20767,卖盘
2648,10:32:18,10.93,-0.01,52,56836,卖盘
2649,10:32:15,10.94,0.01,1,1094,买盘
2650,10:32:12,10.93,-0.01,47,51371,卖盘
2651,10:32:09,10.94,--,107,117058,买盘
2652,10:32:06,10.94,0.01,54,59076,买盘
2653,10:32:03,10.93,--,20,21860,卖盘
2654,10:32:00,10.93,--,87,95091,卖盘
2655,10:31:57,10.93,-0.01,70,76510,卖盘
2656,10:31:51,10.94,0.01,41,44854,买盘
2657,10:31:45,10.93,--,15,16395,卖盘
2658,10:31:42,10.93,-0.01,84,91812,卖盘
2659,10:31:39,10.94,--,13,14222,买盘
2660,10:31:36,10.94,0.01,20,21880,买盘
2661,10:31:33,10.93,-0.01,50,54650,卖盘
2662,10:31:30,10.94,0.01,101,110494,买盘
2663,10:31:27,10.93,--,53,57929,卖盘
2664,10:31:24,10.93,-0.01,48,52464,卖盘
2665,10:31:21,10.94,--,54,59076,买盘
2666,10:31:18,10.94,0.01,12,13128,买盘
2667,10:31:15,10.93,-0.01,85,92905,卖盘
2668,10:31:12,10.94,0.01,154,168476,买盘
2669,10:31:09,10.93,-0.01,50,54650,卖盘
2670,10:31:06,10.94,0.01,39,42666,买盘
2671,10:31:03,10.93,--,28,30604,卖盘
2672,10:31:00,10.93,--,13,14209,卖盘
2673,10:30:57,10.93,--,16,17488,卖盘
2674,10:30:54,10.93,-0.01,1,1093,卖盘
2675,10:30:51,10.94,0.01,42,45948,买盘
2676,10:30:45,10.93,--,24,26232,卖盘
2677,10:30:42,10.93,--,36,39348,买盘
2678,10:30:39,10.93,--,34,37162,卖盘
2679,10:30:36,10.93,0.01,35,38255,买盘
2680,10:30:33,10.92,-0.01,31,33852,卖盘
2681,10:30:30,10.93,--,45,49185,买盘
2682,10:30:27,10.93,--,11,12023,买盘
2683,10:30:24,10.93,0.01,31,33883,买盘
2684,10:30:21,10.92,--,61,66612,卖盘
2685,10:30:18,10.92,--,70,76440,卖盘
2686,10:30:15,10.92,--,17,18564,卖盘
2687,10:30:12,10.92,-0.01,71,77532,卖盘
2688,10:30:09,10.93,--,307,335551,买盘
2689,10:30:06,10.93,0.01,146,159578,买盘
2690,10:30:03,10.92,--,1,1092,卖盘
2691,10:30:00,10.92,-0.01,86,93912,卖盘
2692,10:29:57,10.93,--,60,65580,买盘
2693,10:29:54,10.93,--,3,3279,买盘
2694,10:29:51,10.93,--,45,49185,买盘
2695,10:29:45,10.93,--,4,4372,买盘
2696,10:29:42,10.93,0.01,55,60115,买盘
2697,10:29:39,10.92,--,113,123396,卖盘
2698,10:29:36,10.92,--,439,479388,卖盘
2699,10:29:33,10.92,-0.01,1119,1221948,卖盘
2700,10:29:30,10.93,--,35,38255,买盘
2701,10:29:27,10.93,0.01,70,76510,买盘
2702,10:29:24,10.92,-0.01,89,97188,卖盘
2703,10:29:21,10.93,-0.01,61,66673,卖盘
2704,10:29:18,10.94,0.01,161,176134,买盘
2705,10:29:15,10.93,--,20,21860,买盘
2706,10:29:12,10.93,0.01,46,50278,买盘
2707,10:29:09,10.92,--,241,263172,卖盘
2708,10:29:06,10.92,-0.02,158,172536,卖盘
2709,10:29:03,10.94,0.01,1462,1599428,买盘
2710,10:29:00,10.93,--,356,389108,卖盘
2711,10:28:57,10.93,--,232,253576,卖盘
2712,10:28:54,10.93,--,521,569453,卖盘
2713,10:28:48,10.93,-0.01,19,20767,卖盘
2714,10:28:45,10.94,--,5,5470,买盘
2715,10:28:42,10.94,--,8,8752,买盘
2716,10:28:39,10.94,--,18,19692,买盘
2717,10:28:36,10.94,0.01,21,22974,买盘
2718,10:28:33,10.93,-0.01,5,5465,卖盘
2719,10:28:27,10.94,--,4,4376,买盘
2720,10:28:21,10.94,0.01,37,40478,买盘
2721,10:28:18,10.93,-0.01,50,54650,卖盘
2722,10:28:15,10.94,--,112,123271,卖盘
2723,10:28:12,10.94,--,413,451822,卖盘
2724,10:28:09,10.94,-0.01,1010,1104940,卖盘
2725,10:28:06,10.95,0.01,2,2190,买盘
2726,10:28:03,10.94,-0.01,11,12034,卖盘
2727,10:28:00,10.95,--,30,32850,买盘
2728,10:27:54,10.95,--,10,10950,买盘
2729,10:27:51,10.95,--,9,9855,买盘
2730,10:27:45,10.95,--,39,42705,买盘
2731,10:27:42,10.95,--,54,59129,买盘
2732,10:27:39,10.95,0.01,18,19710,买盘
2733,10:27:36,10.94,--,3,3282,卖盘
2734,10:27:33,10.94,-0.01,87,95178,卖盘
2735,10:27:27,10.95,0.01,24,26280,买盘
2736,10:27:24,10.94,-0.01,83,90802,卖盘
2737,10:27:21,10.95,0.01,18,19710,买盘
2738,10:27:18,10.94,-0.01,155,169570,卖盘
2739,10:27:15,10.95,0.01,86,94170,买盘
2740,10:27:12,10.94,--,144,157536,卖盘
2741,10:27:09,10.94,-0.01,451,493394,卖盘
2742,10:27:03,10.95,--,5,5475,买盘
2743,10:27:00,10.95,0.01,51,55845,买盘
2744,10:26:57,10.94,-0.01,8,8752,卖盘
2745,10:26:54,10.95,0.01,1,1095,买盘
2746,10:26:51,10.94,--,2,2188,卖盘
2747,10:26:48,10.94,--,8,8752,卖盘
2748,10:26:45,10.94,--,18,19692,卖盘
2749,10:26:42,10.94,--,20,21880,卖盘
2750,10:26:36,10.94,-0.01,32,35008,卖盘
2751,10:26:33,10.95,--,95,104025,卖盘
2752,10:26:30,10.95,--,6,6570,卖盘
2753,10:26:27,10.95,-0.01,11,12045,卖盘
2754,10:26:24,10.96,--,3,3288,买盘
2755,10:26:21,10.96,0.01,1,1096,买盘
2756,10:26:18,10.95,--,15,16425,卖盘
2757,10:26:15,10.95,--,41,44895,买盘
2758,10:26:12,10.95,--,52,56939,买盘
2759,10:26:09,10.95,--,6,6570,买盘
2760,10:26:06,10.95,0.01,10,10950,买盘
2761,10:26:03,10.94,-0.01,33,36102,卖盘
2762,10:26:00,10.95,-0.01,25,27375,卖盘
2763,10:25:57,10.96,--,137,150152,买盘
2764,10:25:54,10.96,0.02,17,18632,买盘
2765,10:25:51,10.94,--,26,28444,卖盘
2766,10:25:48,10.94,-0.02,52,56888,卖盘
2767,10:25:45,10.96,0.01,303,332088,买盘
2768,10:25:42,10.95,--,137,150015,卖盘
2769,10:25:39,10.95,-0.01,473,517934,卖盘
2770,10:25:36,10.96,--,6,6576,买盘
2771,10:25:27,10.96,0.01,19,20824,买盘
2772,10:25:24,10.95,-0.01,9,9855,卖盘
2773,10:25:21,10.96,0.01,51,55896,买盘
2774,10:25:15,10.95,--,36,39420,卖盘
2775,10:25:12,10.95,--,31,33945,卖盘
2776,10:25:09,10.95,--,39,42705,卖盘
2777,10:25:06,10.95,--,4,4380,卖盘
2778,10:25:03,10.95,--,72,78840,卖盘
2779,10:25:00,10.95,-0.01,32,35040,卖盘
2780,10:24:54,10.96,0.01,56,61376,买盘
2781,10:24:48,10.95,-0.01,8,8760,卖盘
2782,10:24:45,10.96,0.01,28,30688,买盘
2783,10:24:36,10.95,--,12,13140,卖盘
2784,10:24:33,10.95,-0.01,10,10950,卖盘
2785,10:24:30,10.96,--,1,1096,买盘
2786,10:24:27,10.96,0.01,4,4384,买盘
2787,10:24:24,10.95,-0.01,36,39420,卖盘
2788,10:24:18,10.96,0.01,9,9864,买盘
2789,10:24:15,10.95,-0.01,8,8760,卖盘
2790,10:24:09,10.96,--,28,30688,买盘
2791,10:24:06,10.96,-0.01,29,31784,卖盘
2792,10:24:00,10.97,--,23,25231,买盘
2793,10:23:57,10.97,0.01,72,78984,买盘
2794,10:23:48,10.96,--,32,35072,卖盘
2795,10:23:45,10.96,--,296,324416,卖盘
2796,10:23:42,10.96,-0.01,20,21920,卖盘
2797,10:23:36,10.97,0.01,14,15358,买盘
2798,10:23:33,10.96,--,21,23016,卖盘
2799,10:23:30,10.96,--,6,6576,卖盘
2800,10:23:24,10.96,--,70,76720,卖盘
2801,10:23:21,10.96,--,106,116176,卖盘
2802,10:23:12,10.96,--,27,29592,卖盘
2803,10:23:09,10.96,--,58,63568,卖盘
2804,10:23:06,10.96,--,72,78912,卖盘
2805,10:23:03,10.96,--,8,8768,卖盘
2806,10:23:00,10.96,--,666,729936,买盘
2807,10:22:57,10.96,--,10,10960,买盘
2808,10:22:54,10.96,0.01,19,20824,买盘
2809,10:22:51,10.95,-0.01,9,9855,卖盘
2810,10:22:48,10.96,0.01,12,13152,买盘
2811,10:22:42,10.95,-0.01,38,41610,卖盘
2812,10:22:39,10.96,0.01,1,1096,买盘
2813,10:22:36,10.95,-0.01,31,33945,卖盘
2814,10:22:33,10.96,--,38,41648,买盘
2815,10:22:18,10.96,--,6,6576,买盘
2816,10:22:15,10.96,0.01,110,120560,买盘
2817,10:22:12,10.95,--,25,27375,买盘
2818,10:22:09,10.95,0.01,11,12045,买盘
2819,10:22:06,10.94,--,31,33914,卖盘
2820,10:22:03,10.94,-0.01,125,136750,卖盘
2821,10:22:00,10.95,--,72,78840,买盘
2822,10:21:57,10.95,--,22,24090,买盘
2823,10:21:54,10.95,--,23,25185,买盘
2824,10:21:51,10.95,--,7,7664,买盘
