,time,price,change,volume,amount,type
0,15:00:03,9.0,0.01,13262,11935800,买盘
1,14:57:00,8.99,0.01,95,85405,买盘
2,14:56:57,8.98,--,57,51186,卖盘
3,14:56:54,8.98,--,36,32345,卖盘
4,14:56:51,8.98,-0.01,106,95188,卖盘
5,14:56:48,8.99,--,112,100688,买盘
6,14:56:45,8.99,--,57,51243,买盘
7,14:56:42,8.99,--,15,13485,买盘
8,14:56:39,8.99,--,9,8091,买盘
9,14:56:36,8.99,--,502,451298,买盘
10,14:56:33,8.99,0.01,42,37758,买盘
11,14:56:30,8.98,-0.01,129,115842,卖盘
12,14:56:27,8.99,0.01,85,76415,买盘
13,14:56:24,8.98,-0.01,382,343036,卖盘
14,14:56:21,8.99,0.01,193,173507,买盘
15,14:56:18,8.98,-0.01,1279,1148542,卖盘
16,14:56:15,8.99,0.01,18,16182,买盘
17,14:56:12,8.98,--,122,109556,卖盘
18,14:56:09,8.98,--,63,56574,卖盘
19,14:56:06,8.98,--,1073,963554,卖盘
20,14:56:03,8.98,--,227,203846,卖盘
21,14:56:00,8.98,-0.01,439,394222,卖盘
22,14:55:57,8.99,--,884,794716,买盘
23,14:55:54,8.99,--,21,18879,买盘
24,14:55:51,8.99,--,150,134850,买盘
25,14:55:48,8.99,--,56,50523,买盘
26,14:55:45,8.99,--,95,85405,买盘
27,14:55:42,8.99,--,26,23374,买盘
28,14:55:39,8.99,0.01,519,466581,买盘
29,14:55:36,8.98,-0.01,433,388834,卖盘
30,14:55:33,8.99,--,169,151931,买盘
31,14:55:30,8.99,--,87,78213,买盘
32,14:55:27,8.99,--,51,45849,买盘
33,14:55:24,8.99,0.01,374,336226,买盘
34,14:55:21,8.98,-0.01,169,151762,卖盘
35,14:55:18,8.99,-0.01,251,225649,卖盘
36,14:55:15,9.0,--,107,96300,买盘
37,14:55:12,9.0,0.01,87,78300,买盘
38,14:55:09,8.99,0.01,43,38657,中性盘
39,14:55:06,8.98,--,1333,1197034,卖盘
40,14:55:03,8.98,-0.01,860,772280,卖盘
41,14:55:00,8.99,--,928,834272,买盘
42,14:54:57,8.99,--,607,545693,买盘
43,14:54:54,8.99,0.01,191,171709,买盘
44,14:54:51,8.98,-0.01,48,43104,卖盘
45,14:54:48,8.99,0.01,209,188439,买盘
46,14:54:45,8.98,-0.01,268,240664,卖盘
47,14:54:42,8.99,0.01,20,17980,买盘
48,14:54:39,8.98,-0.01,9,8082,卖盘
49,14:54:36,8.99,--,98,88102,买盘
50,14:54:33,8.99,0.01,613,551087,买盘
51,14:54:30,8.98,-0.01,101,90698,卖盘
52,14:54:27,8.99,0.01,582,523218,买盘
53,14:54:24,8.98,--,49,44002,卖盘
54,14:54:21,8.98,-0.01,92,82616,卖盘
55,14:54:18,8.99,0.01,619,556481,买盘
56,14:54:15,8.98,--,81,72738,买盘
57,14:54:12,8.98,--,177,158946,买盘
58,14:54:09,8.98,--,185,166130,买盘
59,14:54:06,8.98,0.01,44,39512,中性盘
60,14:54:03,8.97,-0.02,306,274482,卖盘
61,14:54:00,8.99,0.01,169,152146,买盘
62,14:53:57,8.98,--,358,321484,买盘
63,14:53:54,8.98,--,137,123026,买盘
64,14:53:51,8.98,--,3,2694,买盘
65,14:53:48,8.98,0.01,143,128414,买盘
66,14:53:45,8.97,-0.01,23,20631,卖盘
67,14:53:42,8.98,0.01,24,21552,买盘
68,14:53:39,8.97,-0.01,543,487071,卖盘
69,14:53:36,8.98,0.01,35,31430,买盘
70,14:53:33,8.97,-0.01,16,14352,卖盘
71,14:53:30,8.98,0.01,43,38614,买盘
72,14:53:27,8.97,--,179,160563,卖盘
73,14:53:24,8.97,-0.01,172,154284,卖盘
74,14:53:21,8.98,0.01,206,184988,买盘
75,14:53:18,8.97,-0.01,776,696072,卖盘
76,14:53:15,8.98,--,235,211030,买盘
77,14:53:12,8.98,0.01,42,37716,买盘
78,14:53:09,8.97,--,150,134550,卖盘
79,14:53:06,8.97,-0.01,43,38571,卖盘
80,14:53:03,8.98,--,500,449000,买盘
81,14:53:00,8.98,--,219,196662,买盘
82,14:52:57,8.98,--,13,11674,买盘
83,14:52:54,8.98,--,93,83514,买盘
84,14:52:51,8.98,--,195,175110,买盘
85,14:52:48,8.98,0.01,75,67350,买盘
86,14:52:45,8.97,-0.01,292,261924,卖盘
87,14:52:42,8.98,0.01,192,172416,买盘
88,14:52:39,8.97,--,151,135447,卖盘
89,14:52:36,8.97,-0.01,200,179400,卖盘
90,14:52:33,8.98,0.01,109,97882,买盘
91,14:52:30,8.97,-0.01,194,174018,卖盘
92,14:52:27,8.98,--,262,235276,买盘
93,14:52:24,8.98,--,252,226296,买盘
94,14:52:21,8.98,--,30,26940,买盘
95,14:52:18,8.98,--,31,27838,买盘
96,14:52:15,8.98,0.01,307,275686,买盘
97,14:52:12,8.97,--,83,74451,卖盘
98,14:52:09,8.97,-0.01,348,312156,卖盘
99,14:52:06,8.98,--,70,62860,买盘
100,14:52:03,8.98,--,278,249644,买盘
101,14:52:00,8.98,0.01,187,167926,买盘
102,14:51:57,8.97,--,32,28704,卖盘
103,14:51:54,8.97,--,1096,983112,买盘
104,14:51:51,8.97,--,168,150696,买盘
105,14:51:48,8.97,--,67,60099,买盘
106,14:51:45,8.97,--,580,520260,买盘
107,14:51:42,8.97,0.01,188,168636,买盘
108,14:51:39,8.96,-0.01,124,111104,卖盘
109,14:51:36,8.97,--,51,45747,买盘
110,14:51:33,8.97,0.01,100,89700,买盘
111,14:51:30,8.96,-0.01,87,77952,卖盘
112,14:51:27,8.97,0.01,540,484380,买盘
113,14:51:24,8.96,--,121,108416,卖盘
114,14:51:21,8.96,--,40,35840,卖盘
115,14:51:18,8.96,--,219,196224,卖盘
116,14:51:15,8.96,--,340,304640,买盘
117,14:51:12,8.96,--,236,211456,买盘
118,14:51:09,8.96,0.01,112,100352,买盘
119,14:51:06,8.95,--,117,104714,卖盘
120,14:51:03,8.95,-0.01,619,554005,卖盘
121,14:51:00,8.96,0.01,442,396032,买盘
122,14:50:57,8.95,-0.01,25,22375,卖盘
123,14:50:54,8.96,--,298,267008,买盘
124,14:50:51,8.96,0.01,144,129024,买盘
125,14:50:48,8.95,--,26,23269,卖盘
126,14:50:45,8.95,--,52,46539,卖盘
127,14:50:42,8.95,--,66,59069,卖盘
128,14:50:39,8.95,--,2007,1796837,买盘
129,14:50:36,8.95,--,125,111874,买盘
130,14:50:33,8.95,--,404,361580,买盘
131,14:50:30,8.95,0.01,210,187949,买盘
132,14:50:27,8.94,--,214,191316,卖盘
133,14:50:24,8.94,-0.01,8,7152,卖盘
134,14:50:21,8.95,--,874,782229,买盘
135,14:50:18,8.95,--,59,52804,买盘
136,14:50:15,8.95,0.01,13,11634,买盘
137,14:50:12,8.94,--,213,190422,卖盘
138,14:50:09,8.94,-0.01,274,244956,卖盘
139,14:50:06,8.95,--,39,34905,买盘
140,14:50:03,8.95,0.01,262,234489,买盘
141,14:50:00,8.94,--,197,176118,卖盘
142,14:49:57,8.94,--,65,58110,卖盘
143,14:49:54,8.94,--,343,306642,卖盘
144,14:49:51,8.94,--,114,101916,卖盘
145,14:49:48,8.94,--,3,2682,卖盘
146,14:49:45,8.94,--,324,289656,买盘
147,14:49:42,8.94,--,50,44700,买盘
148,14:49:39,8.94,--,190,169860,买盘
149,14:49:36,8.94,--,2174,1943556,买盘
150,14:49:33,8.94,0.01,231,206514,买盘
151,14:49:30,8.93,--,574,512582,卖盘
152,14:49:27,8.93,--,106,94658,卖盘
153,14:49:24,8.93,--,351,313443,卖盘
154,14:49:21,8.93,--,2207,1970851,卖盘
155,14:49:18,8.93,-0.01,122,108946,卖盘
156,14:49:15,8.94,--,465,415710,买盘
157,14:49:12,8.94,--,483,431802,买盘
158,14:49:09,8.94,--,1955,1747770,买盘
159,14:49:06,8.94,--,595,531930,买盘
160,14:49:03,8.94,0.01,164,146616,买盘
161,14:49:00,8.93,-0.02,964,860852,卖盘
162,14:48:57,8.95,--,761,681095,买盘
163,14:48:54,8.95,0.01,190,170050,买盘
164,14:48:51,8.94,--,99,88506,卖盘
165,14:48:48,8.94,--,230,205620,卖盘
166,14:48:45,8.94,--,202,180588,卖盘
167,14:48:42,8.94,--,5,4470,卖盘
168,14:48:39,8.94,-0.01,42,37548,卖盘
169,14:48:36,8.95,--,13,11634,买盘
170,14:48:33,8.95,0.01,167,149465,买盘
171,14:48:30,8.94,--,35,31290,卖盘
172,14:48:27,8.94,-0.01,78,69732,卖盘
173,14:48:24,8.95,--,765,684675,买盘
174,14:48:21,8.95,0.01,82,73390,买盘
175,14:48:18,8.94,--,45,40230,卖盘
176,14:48:15,8.94,-0.01,857,766158,卖盘
177,14:48:12,8.95,--,98,87710,买盘
178,14:48:09,8.95,--,29,25954,买盘
179,14:48:06,8.95,--,160,143200,买盘
180,14:48:03,8.95,--,179,160205,买盘
181,14:48:00,8.95,0.01,612,547740,买盘
182,14:47:57,8.94,-0.01,7,6258,卖盘
183,14:47:54,8.95,--,282,252389,买盘
184,14:47:51,8.95,0.01,24,21480,买盘
185,14:47:48,8.94,-0.01,291,260154,卖盘
186,14:47:45,8.95,--,160,143200,买盘
187,14:47:42,8.95,0.01,435,389324,买盘
188,14:47:39,8.94,--,71,63474,卖盘
189,14:47:36,8.94,-0.01,57,50958,卖盘
190,14:47:33,8.95,0.01,107,95764,买盘
191,14:47:30,8.94,-0.01,131,117114,卖盘
192,14:47:27,8.95,0.01,14,12529,买盘
193,14:47:24,8.94,--,209,186846,买盘
194,14:47:21,8.94,--,236,210984,买盘
195,14:47:18,8.94,-0.01,94,84036,卖盘
196,14:47:15,8.95,0.01,51,45645,买盘
197,14:47:12,8.94,-0.01,171,152874,买盘
198,14:47:09,8.95,0.01,246,220169,买盘
199,14:47:06,8.94,--,154,137676,卖盘
200,14:47:03,8.94,0.01,802,717604,买盘
201,14:47:00,8.93,--,431,384883,卖盘
202,14:46:57,8.93,--,2701,2411993,卖盘
203,14:46:54,8.93,-0.01,136,121448,卖盘
204,14:46:51,8.94,--,1223,1093362,买盘
205,14:46:48,8.94,0.01,552,493488,买盘
206,14:46:45,8.93,-0.01,207,184851,卖盘
207,14:46:42,8.94,0.01,141,126054,买盘
208,14:46:39,8.93,--,235,209855,卖盘
209,14:46:36,8.93,--,173,154489,卖盘
210,14:46:33,8.93,--,1023,913539,卖盘
211,14:46:30,8.93,-0.01,321,286653,卖盘
212,14:46:27,8.94,0.01,80,71520,买盘
213,14:46:24,8.93,--,320,285760,卖盘
214,14:46:21,8.93,--,374,333982,卖盘
215,14:46:18,8.93,--,384,342912,卖盘
216,14:46:15,8.93,--,309,275937,卖盘
217,14:46:12,8.93,--,814,726902,卖盘
218,14:46:09,8.93,--,171,152703,卖盘
219,14:46:06,8.93,-0.01,548,489364,卖盘
220,14:46:03,8.94,0.01,174,155556,买盘
221,14:46:00,8.93,--,299,267007,卖盘
222,14:45:57,8.93,--,56,50008,卖盘
223,14:45:54,8.93,-0.01,32,28576,卖盘
224,14:45:51,8.94,0.01,1338,1196172,买盘
225,14:45:48,8.93,-0.01,824,735832,卖盘
226,14:45:45,8.94,--,260,232440,买盘
227,14:45:42,8.94,--,47,42018,买盘
228,14:45:39,8.94,--,642,573948,卖盘
229,14:45:36,8.94,--,757,676758,卖盘
230,14:45:33,8.94,--,173,154662,卖盘
231,14:45:30,8.94,--,110,98340,卖盘
232,14:45:27,8.94,0.01,198,177012,买盘
233,14:45:24,8.93,-0.01,66,58938,卖盘
234,14:45:21,8.94,--,696,622224,买盘
235,14:45:18,8.94,--,47,42018,买盘
236,14:45:15,8.94,--,747,667818,卖盘
237,14:45:12,8.94,--,723,646362,卖盘
238,14:45:09,8.94,--,158,141252,卖盘
239,14:45:06,8.94,-0.01,307,274458,卖盘
240,14:45:03,8.95,0.01,211,188844,买盘
241,14:45:00,8.94,-0.01,73,65262,卖盘
242,14:44:57,8.95,0.01,322,288190,买盘
243,14:44:54,8.94,--,251,224394,卖盘
244,14:44:51,8.94,--,213,190422,卖盘
245,14:44:48,8.94,--,74,66156,卖盘
246,14:44:45,8.94,0.01,213,190422,买盘
247,14:44:42,8.93,-0.01,98,87514,卖盘
248,14:44:39,8.94,--,174,155556,买盘
249,14:44:36,8.94,--,630,563220,买盘
250,14:44:33,8.94,--,241,215454,买盘
251,14:44:30,8.94,--,69,61686,买盘
252,14:44:27,8.94,-0.01,83,74202,卖盘
253,14:44:24,8.95,--,1235,1105325,买盘
254,14:44:21,8.95,--,102,91290,买盘
255,14:44:18,8.95,--,102,91290,买盘
256,14:44:15,8.95,--,247,221064,买盘
257,14:44:12,8.95,--,155,138725,买盘
258,14:44:09,8.95,--,700,626500,买盘
259,14:44:06,8.95,--,446,399169,买盘
260,14:44:03,8.95,--,307,274765,买盘
261,14:44:00,8.95,--,312,279240,买盘
262,14:43:57,8.95,0.01,678,606810,买盘
263,14:43:54,8.94,-0.01,596,532824,卖盘
264,14:43:51,8.95,--,507,454284,买盘
265,14:43:48,8.95,0.01,393,351735,买盘
266,14:43:45,8.94,-0.01,79,70626,卖盘
267,14:43:42,8.95,0.01,204,182580,买盘
268,14:43:39,8.94,--,145,129630,卖盘
269,14:43:36,8.94,0.01,1001,895501,买盘
270,14:43:33,8.93,--,203,181279,卖盘
271,14:43:30,8.93,--,153,136629,卖盘
272,14:43:27,8.93,--,593,529549,卖盘
273,14:43:24,8.93,--,162,144666,卖盘
274,14:43:21,8.93,--,66,58938,卖盘
275,14:43:18,8.93,--,193,172349,卖盘
276,14:43:15,8.93,-0.01,141,125913,卖盘
277,14:43:12,8.94,0.02,635,567690,买盘
278,14:43:09,8.92,--,559,498628,卖盘
279,14:43:06,8.92,--,11,9812,卖盘
280,14:43:03,8.92,-0.01,402,358584,卖盘
281,14:43:00,8.93,0.02,879,784947,买盘
282,14:42:57,8.91,--,240,213840,卖盘
283,14:42:54,8.91,-0.01,845,752895,卖盘
284,14:42:51,8.92,0.01,301,268492,买盘
285,14:42:48,8.91,--,63,56133,卖盘
286,14:42:45,8.91,--,162,144342,卖盘
287,14:42:42,8.91,--,220,196020,卖盘
288,14:42:39,8.91,0.01,1977,1761507,买盘
289,14:42:36,8.9,--,503,447670,卖盘
290,14:42:33,8.9,-0.01,512,455680,卖盘
291,14:42:30,8.91,0.01,709,631719,买盘
292,14:42:27,8.9,--,679,604310,卖盘
293,14:42:24,8.9,-0.01,1111,988790,卖盘
294,14:42:21,8.91,0.01,1134,1010394,买盘
295,14:42:18,8.9,--,2180,1940200,卖盘
296,14:42:15,8.9,-0.01,149,132610,卖盘
297,14:42:12,8.91,--,720,641520,买盘
298,14:42:09,8.91,--,2410,2147310,买盘
299,14:42:06,8.91,-0.01,1973,1757943,卖盘
300,14:42:03,8.92,-0.01,598,533416,中性盘
301,14:42:00,8.93,0.02,1247,1113571,买盘
302,14:41:57,8.91,-0.01,119,106029,卖盘
303,14:41:54,8.92,--,1538,1371896,卖盘
304,14:41:51,8.92,--,1135,1012420,卖盘
305,14:41:48,8.92,--,885,789420,卖盘
306,14:41:45,8.92,--,618,551256,卖盘
307,14:41:42,8.92,-0.01,383,341636,卖盘
308,14:41:39,8.93,--,739,659927,买盘
309,14:41:36,8.93,--,408,364344,买盘
310,14:41:33,8.93,--,196,175028,卖盘
311,14:41:30,8.93,--,1813,1619009,卖盘
312,14:41:27,8.93,--,547,488471,卖盘
313,14:41:24,8.93,--,164,146452,卖盘
314,14:41:21,8.93,-0.01,253,225929,卖盘
315,14:41:18,8.94,0.01,750,670500,买盘
316,14:41:15,8.93,-0.01,521,465253,卖盘
317,14:41:12,8.94,--,157,140358,买盘
318,14:41:09,8.94,0.01,403,360282,买盘
319,14:41:06,8.93,-0.01,199,177707,卖盘
320,14:41:03,8.94,--,249,222892,卖盘
321,14:41:00,8.94,-0.01,385,344190,卖盘
322,14:40:57,8.95,0.01,246,220169,买盘
323,14:40:54,8.94,--,859,767946,卖盘
324,14:40:51,8.94,-0.01,1163,1040329,卖盘
325,14:40:48,8.95,--,90,80550,买盘
326,14:40:45,8.95,0.01,25,22375,买盘
327,14:40:42,8.94,-0.01,2168,1938192,卖盘
328,14:40:39,8.95,--,386,345470,卖盘
329,14:40:36,8.95,--,418,374109,卖盘
330,14:40:33,8.95,--,700,626500,卖盘
331,14:40:30,8.95,--,1549,1386355,卖盘
332,14:40:27,8.95,--,590,528050,卖盘
333,14:40:24,8.95,--,151,135145,卖盘
334,14:40:21,8.95,--,10,8950,卖盘
335,14:40:18,8.95,-0.01,152,136040,卖盘
336,14:40:15,8.96,--,105,94080,买盘
337,14:40:12,8.96,--,107,95872,买盘
338,14:40:09,8.96,--,744,666624,卖盘
339,14:40:06,8.96,-0.01,579,518784,卖盘
340,14:40:03,8.97,0.01,365,327405,买盘
341,14:40:00,8.96,--,401,359296,卖盘
342,14:39:57,8.96,-0.01,484,433664,卖盘
343,14:39:54,8.97,0.01,652,584844,买盘
344,14:39:51,8.96,-0.01,164,146944,卖盘
345,14:39:48,8.97,--,32,28704,买盘
346,14:39:45,8.97,0.01,33,29601,买盘
347,14:39:42,8.96,-0.01,86,77056,卖盘
348,14:39:39,8.97,0.01,591,530127,买盘
349,14:39:36,8.96,-0.01,332,297472,卖盘
350,14:39:33,8.97,0.01,101,90597,买盘
351,14:39:30,8.96,-0.01,119,106624,卖盘
352,14:39:27,8.97,--,271,243087,买盘
353,14:39:24,8.97,-0.01,877,787171,卖盘
354,14:39:21,8.98,0.01,29,26042,买盘
355,14:39:18,8.97,-0.01,87,78039,卖盘
356,14:39:15,8.98,0.01,36,32328,买盘
357,14:39:12,8.97,--,193,173121,卖盘
358,14:39:09,8.97,-0.01,251,225147,卖盘
359,14:39:06,8.98,--,55,49390,买盘
360,14:39:03,8.98,--,25,22450,买盘
361,14:39:00,8.98,--,13,11674,买盘
362,14:38:57,8.98,--,33,29634,买盘
363,14:38:54,8.98,--,144,129312,卖盘
364,14:38:51,8.98,--,1,898,卖盘
365,14:38:48,8.98,--,267,239766,卖盘
366,14:38:45,8.98,--,139,124822,卖盘
367,14:38:42,8.98,--,197,176906,买盘
368,14:38:39,8.98,0.01,168,150864,买盘
369,14:38:36,8.97,--,236,211692,卖盘
370,14:38:33,8.97,-0.01,592,531024,卖盘
371,14:38:30,8.98,0.01,1048,941499,买盘
372,14:38:27,8.97,--,107,95979,卖盘
373,14:38:24,8.97,--,155,139035,卖盘
374,14:38:21,8.97,--,133,119301,卖盘
375,14:38:18,8.97,-0.01,337,302289,卖盘
376,14:38:15,8.98,0.01,35,31430,买盘
377,14:38:12,8.97,--,199,178503,卖盘
378,14:38:09,8.97,--,54,48438,卖盘
379,14:38:06,8.97,--,139,124683,买盘
380,14:38:03,8.97,-0.01,144,129168,卖盘
381,14:38:00,8.98,0.01,216,193968,买盘
382,14:37:57,8.97,--,978,877266,卖盘
383,14:37:54,8.97,--,120,107640,卖盘
384,14:37:51,8.97,0.01,86,77142,中性盘
385,14:37:48,8.96,-0.01,310,277760,卖盘
386,14:37:45,8.97,--,75,67275,卖盘
387,14:37:42,8.97,--,61,54717,买盘
388,14:37:39,8.97,--,186,167523,卖盘
389,14:37:36,8.97,--,92,82524,卖盘
390,14:37:33,8.97,--,158,141941,买盘
391,14:37:30,8.97,0.01,65,58305,买盘
392,14:37:27,8.96,--,1173,1051008,卖盘
393,14:37:24,8.96,--,175,156800,卖盘
394,14:37:21,8.96,--,888,795648,买盘
395,14:37:18,8.96,-0.02,537,481832,卖盘
396,14:37:15,8.98,0.01,1119,1004862,买盘
397,14:37:12,8.97,-0.01,112,100464,中性盘
398,14:37:09,8.98,0.01,220,197560,买盘
399,14:37:06,8.97,--,105,94185,卖盘
400,14:37:03,8.97,0.01,626,561737,买盘
401,14:37:00,8.96,-0.01,73,65408,卖盘
402,14:36:57,8.97,0.01,109,97773,买盘
403,14:36:54,8.96,--,380,340480,卖盘
404,14:36:51,8.96,-0.01,514,460544,卖盘
405,14:36:48,8.97,--,354,317538,买盘
406,14:36:45,8.97,--,669,600093,买盘
407,14:36:42,8.97,--,107,95979,买盘
408,14:36:39,8.97,0.01,140,125580,买盘
409,14:36:36,8.96,--,191,171136,卖盘
410,14:36:33,8.96,--,168,150528,卖盘
411,14:36:30,8.96,--,1032,924672,卖盘
412,14:36:27,8.96,--,71,63616,卖盘
413,14:36:24,8.96,--,1158,1037568,卖盘
414,14:36:21,8.96,--,210,188160,卖盘
415,14:36:18,8.96,-0.01,183,163968,卖盘
416,14:36:15,8.97,0.01,359,322023,买盘
417,14:36:12,8.96,--,86,77056,卖盘
418,14:36:09,8.96,--,86,77056,卖盘
419,14:36:06,8.96,--,232,207872,卖盘
420,14:36:03,8.96,--,1331,1192576,买盘
421,14:36:00,8.96,--,749,671104,买盘
422,14:35:57,8.96,--,1507,1350952,卖盘
423,14:35:54,8.96,-0.01,255,228480,卖盘
424,14:35:51,8.97,0.01,132,118404,买盘
425,14:35:48,8.96,-0.01,389,348544,卖盘
426,14:35:45,8.97,0.01,1261,1131332,买盘
427,14:35:42,8.96,--,1667,1493632,卖盘
428,14:35:39,8.96,--,304,272384,卖盘
429,14:35:36,8.96,-0.01,1103,988288,卖盘
430,14:35:33,8.97,0.01,157,140829,买盘
431,14:35:30,8.96,--,23,20608,卖盘
432,14:35:27,8.96,-0.01,74,66304,卖盘
433,14:35:24,8.97,0.01,116,104052,买盘
434,14:35:21,8.96,-0.01,241,215936,卖盘
435,14:35:18,8.97,--,362,324714,卖盘
436,14:35:15,8.97,--,311,278967,卖盘
437,14:35:12,8.97,--,586,525642,卖盘
438,14:35:09,8.97,--,282,252954,卖盘
439,14:35:06,8.97,--,766,687102,卖盘
440,14:35:03,8.97,--,90,80730,卖盘
441,14:35:00,8.97,-0.01,38,34086,卖盘
442,14:34:57,8.98,--,284,255032,买盘
443,14:34:54,8.98,--,78,70044,卖盘
444,14:34:51,8.98,--,685,615130,卖盘
445,14:34:48,8.98,--,2371,2129158,卖盘
446,14:34:45,8.98,--,159,142782,卖盘
447,14:34:42,8.98,--,553,496594,卖盘
448,14:34:39,8.98,--,146,131108,卖盘
449,14:34:36,8.98,--,94,84412,卖盘
450,14:34:33,8.98,--,412,369976,卖盘
451,14:34:30,8.98,--,322,289156,卖盘
452,14:34:27,8.98,-0.01,21,18858,卖盘
453,14:34:24,8.99,0.01,296,266104,买盘
454,14:34:21,8.98,-0.01,655,588190,卖盘
455,14:34:18,8.99,--,86,77314,买盘
456,14:34:15,8.99,0.01,1317,1183983,买盘
457,14:34:12,8.98,--,66,59268,卖盘
458,14:34:09,8.98,-0.01,36,32328,卖盘
459,14:34:06,8.99,--,852,765948,卖盘
460,14:34:03,8.99,--,342,307458,卖盘
461,14:34:00,8.99,-0.01,291,261609,卖盘
462,14:33:57,9.0,--,387,348300,买盘
463,14:33:54,9.0,--,1022,919800,买盘
464,14:33:51,9.0,0.01,162,145800,买盘
465,14:33:48,8.99,-0.01,23,20677,卖盘
466,14:33:45,9.0,--,201,180900,买盘
467,14:33:42,9.0,--,1392,1252800,卖盘
468,14:33:39,9.0,--,1760,1584000,卖盘
469,14:33:36,9.0,--,7533,6779700,卖盘
470,14:33:33,9.0,--,311,279900,卖盘
471,14:33:30,9.0,--,2148,1933200,卖盘
472,14:33:27,9.0,-0.01,3068,2761200,卖盘
473,14:33:24,9.01,0.01,7,6307,买盘
474,14:33:21,9.0,--,1529,1376100,卖盘
475,14:33:18,9.0,--,77,69300,卖盘
476,14:33:15,9.0,-0.01,6,5400,卖盘
477,14:33:12,9.01,--,89,80189,买盘
478,14:33:09,9.01,0.01,4,3604,买盘
479,14:33:06,9.0,-0.02,141,126900,卖盘
480,14:33:03,9.02,0.01,321,289542,买盘
481,14:33:00,9.01,-0.01,5760,5189760,卖盘
482,14:32:57,9.02,0.01,260,234520,买盘
483,14:32:54,9.01,-0.01,13,11713,卖盘
484,14:32:51,9.02,--,403,363506,买盘
485,14:32:48,9.02,0.01,63,56826,买盘
486,14:32:45,9.01,--,47,42347,卖盘
487,14:32:42,9.01,-0.01,10,9010,卖盘
488,14:32:39,9.02,0.01,7,6314,买盘
489,14:32:36,9.01,-0.01,107,96407,卖盘
490,14:32:33,9.02,0.01,87,78474,买盘
491,14:32:30,9.01,-0.01,89,80189,卖盘
492,14:32:27,9.02,--,70,63140,买盘
493,14:32:24,9.02,--,340,306680,买盘
494,14:32:21,9.02,0.01,37,33374,买盘
495,14:32:18,9.01,-0.01,564,508164,卖盘
496,14:32:15,9.02,0.01,28,25256,买盘
497,14:32:12,9.01,-0.01,121,109021,卖盘
498,14:32:09,9.02,--,116,104632,买盘
499,14:32:06,9.02,--,14,12628,买盘
500,14:32:03,9.02,--,154,138908,买盘
501,14:32:00,9.02,--,140,126280,买盘
502,14:31:57,9.02,0.01,52,46904,买盘
503,14:31:54,9.01,--,33,29733,卖盘
504,14:31:51,9.01,-0.01,56,50456,卖盘
505,14:31:48,9.02,0.01,179,161458,买盘
506,14:31:45,9.01,-0.01,194,174794,卖盘
507,14:31:42,9.02,--,113,101926,买盘
508,14:31:39,9.02,--,1,902,买盘
509,14:31:36,9.02,0.01,24,21648,买盘
510,14:31:33,9.01,-0.01,104,93704,卖盘
511,14:31:30,9.02,0.01,4,3608,买盘
512,14:31:27,9.01,--,415,373915,卖盘
513,14:31:24,9.01,--,212,191012,卖盘
514,14:31:21,9.01,-0.01,445,400945,卖盘
515,14:31:18,9.02,0.01,74,66748,买盘
516,14:31:15,9.01,-0.01,50,45050,卖盘
517,14:31:12,9.02,0.01,56,50512,买盘
518,14:31:09,9.01,-0.01,103,92803,卖盘
519,14:31:06,9.02,--,66,59532,买盘
520,14:31:03,9.02,--,16,14432,买盘
521,14:31:00,9.02,--,32,28864,买盘
522,14:30:57,9.02,--,184,165968,买盘
523,14:30:54,9.02,--,965,870430,买盘
524,14:30:51,9.02,0.01,599,540298,买盘
525,14:30:48,9.01,--,71,63971,卖盘
526,14:30:45,9.01,--,9,8109,卖盘
527,14:30:42,9.01,--,13,11713,卖盘
528,14:30:39,9.01,--,9,8109,卖盘
529,14:30:36,9.01,--,1,901,卖盘
530,14:30:33,9.01,-0.01,134,120734,卖盘
531,14:30:30,9.02,0.01,301,271502,买盘
532,14:30:27,9.01,-0.01,122,109922,卖盘
533,14:30:24,9.02,--,16,14432,买盘
534,14:30:21,9.02,0.01,513,462726,买盘
535,14:30:18,9.01,-0.01,27,24327,卖盘
536,14:30:15,9.02,--,9,8118,买盘
537,14:30:12,9.02,--,23,20746,买盘
538,14:30:09,9.02,--,389,350878,买盘
539,14:30:06,9.02,0.01,182,164164,买盘
540,14:30:03,9.01,--,122,109922,卖盘
541,14:30:00,9.01,--,1,901,卖盘
542,14:29:57,9.01,-0.01,2,1802,卖盘
543,14:29:54,9.02,0.01,12,10824,买盘
544,14:29:51,9.01,--,58,52258,卖盘
545,14:29:48,9.01,-0.01,181,163081,卖盘
546,14:29:45,9.02,0.01,108,97416,买盘
547,14:29:42,9.01,--,23,20723,卖盘
548,14:29:39,9.01,--,98,88298,卖盘
549,14:29:36,9.01,--,848,764048,卖盘
550,14:29:33,9.01,-0.01,111,100011,卖盘
551,14:29:30,9.02,--,150,135300,买盘
552,14:29:27,9.02,0.01,55,49610,买盘
553,14:29:24,9.01,--,24,21624,卖盘
554,14:29:21,9.01,-0.01,15,13515,卖盘
555,14:29:18,9.02,--,158,142516,买盘
556,14:29:15,9.02,0.01,65,58630,买盘
557,14:29:12,9.01,-0.01,3,2703,卖盘
558,14:29:09,9.02,--,22,19844,买盘
559,14:29:06,9.02,--,11,9922,买盘
560,14:29:03,9.02,--,15,13530,买盘
561,14:29:00,9.02,--,17,15334,买盘
562,14:28:54,9.02,0.01,128,115456,买盘
563,14:28:51,9.01,--,318,286518,卖盘
564,14:28:48,9.01,-0.01,49,44149,卖盘
565,14:28:45,9.02,--,135,121770,买盘
566,14:28:42,9.02,--,124,111848,买盘
567,14:28:39,9.02,0.01,25,22550,买盘
568,14:28:36,9.01,-0.01,30,27030,卖盘
569,14:28:33,9.02,0.01,95,85690,买盘
570,14:28:30,9.01,--,130,117130,卖盘
571,14:28:27,9.01,--,151,136051,卖盘
572,14:28:24,9.01,--,76,68476,卖盘
573,14:28:21,9.01,-0.01,401,361301,卖盘
574,14:28:18,9.02,0.01,129,116358,买盘
575,14:28:15,9.01,-0.01,394,354994,卖盘
576,14:28:12,9.02,0.01,24,21648,买盘
577,14:28:09,9.01,--,4,3604,卖盘
578,14:28:06,9.01,--,383,345083,卖盘
579,14:28:03,9.01,--,111,100011,卖盘
580,14:28:00,9.01,-0.01,106,95506,卖盘
581,14:27:57,9.02,--,90,81180,买盘
582,14:27:54,9.02,0.01,39,35178,买盘
583,14:27:51,9.01,-0.01,420,378420,卖盘
584,14:27:48,9.02,--,54,48708,卖盘
585,14:27:45,9.02,0.01,2591,2337082,买盘
586,14:27:42,9.01,--,21,18921,卖盘
587,14:27:39,9.01,--,58,52258,卖盘
588,14:27:36,9.01,--,17,15317,卖盘
589,14:27:33,9.01,--,9,8109,卖盘
590,14:27:30,9.01,-0.01,384,345984,卖盘
591,14:27:27,9.02,0.01,51,46002,买盘
592,14:27:24,9.01,--,345,310845,卖盘
593,14:27:21,9.01,--,137,123437,卖盘
594,14:27:18,9.01,--,160,144160,卖盘
595,14:27:15,9.01,--,32,28832,卖盘
596,14:27:12,9.01,--,23,20723,卖盘
597,14:27:09,9.01,--,50,45050,卖盘
598,14:27:06,9.01,--,144,129744,卖盘
599,14:27:03,9.01,--,95,85595,卖盘
600,14:27:00,9.01,--,74,66674,卖盘
601,14:26:57,9.01,--,226,203626,卖盘
602,14:26:54,9.01,-0.01,208,187408,卖盘
603,14:26:51,9.02,0.01,84,75768,买盘
604,14:26:48,9.01,--,270,243270,卖盘
605,14:26:45,9.01,--,19,17119,卖盘
606,14:26:42,9.01,--,1905,1716405,卖盘
607,14:26:39,9.01,-0.01,61,54961,卖盘
608,14:26:36,9.02,0.01,405,365310,买盘
609,14:26:33,9.01,--,188,169388,卖盘
610,14:26:30,9.01,--,15,13515,卖盘
611,14:26:27,9.01,--,8,7208,卖盘
612,14:26:24,9.01,-0.01,161,145061,卖盘
613,14:26:21,9.02,0.01,275,248050,买盘
614,14:26:18,9.01,-0.01,30,27030,卖盘
615,14:26:15,9.02,0.01,65,58630,买盘
616,14:26:12,9.01,-0.01,19,17119,卖盘
617,14:26:09,9.02,0.01,85,76670,买盘
618,14:26:06,9.01,--,114,102714,卖盘
619,14:26:03,9.01,--,12,10812,卖盘
620,14:26:00,9.01,--,40,36040,卖盘
621,14:25:57,9.01,--,219,197319,卖盘
622,14:25:54,9.01,-0.01,8,7208,卖盘
623,14:25:51,9.02,--,292,263384,买盘
624,14:25:48,9.02,0.01,7,6314,买盘
625,14:25:45,9.01,-0.01,228,205428,卖盘
626,14:25:42,9.02,--,53,47806,买盘
627,14:25:39,9.02,0.01,138,124476,买盘
628,14:25:36,9.01,--,116,104516,卖盘
629,14:25:33,9.01,--,25,22525,卖盘
630,14:25:30,9.01,--,265,238765,卖盘
631,14:25:27,9.01,--,163,146863,卖盘
632,14:25:24,9.01,--,53,47753,卖盘
633,14:25:21,9.01,--,318,286518,卖盘
634,14:25:18,9.01,-0.01,14,12614,卖盘
635,14:25:15,9.02,0.01,34,30668,买盘
636,14:25:12,9.01,-0.01,369,332469,卖盘
637,14:25:09,9.02,--,35,31570,买盘
638,14:25:06,9.02,--,80,72160,买盘
639,14:25:03,9.02,0.01,26,23452,买盘
640,14:25:00,9.01,--,59,53159,卖盘
641,14:24:57,9.01,--,275,247775,卖盘
642,14:24:51,9.01,-0.01,334,300934,卖盘
643,14:24:48,9.02,--,44,39688,买盘
644,14:24:45,9.02,--,8,7216,买盘
645,14:24:42,9.02,0.01,158,142516,买盘
646,14:24:36,9.01,-0.01,134,120734,卖盘
647,14:24:33,9.02,0.01,1069,964238,买盘
648,14:24:30,9.01,--,195,175695,卖盘
649,14:24:27,9.01,--,73,65773,卖盘
650,14:24:24,9.01,--,108,97308,卖盘
651,14:24:21,9.01,-0.01,76,68476,卖盘
652,14:24:18,9.02,0.01,26,23452,买盘
653,14:24:15,9.01,-0.01,30,27030,卖盘
654,14:24:12,9.02,--,19,17138,买盘
655,14:24:09,9.02,--,74,66748,买盘
656,14:24:06,9.02,0.01,55,49610,买盘
657,14:24:03,9.01,--,28,25228,卖盘
658,14:24:00,9.01,--,125,112625,卖盘
659,14:23:57,9.01,-0.01,731,658631,卖盘
660,14:23:54,9.02,--,46,41492,买盘
661,14:23:51,9.02,0.01,211,190322,买盘
662,14:23:48,9.01,-0.01,213,191913,卖盘
663,14:23:45,9.02,0.01,10,9020,买盘
664,14:23:42,9.01,-0.01,91,81991,卖盘
665,14:23:39,9.02,--,38,34276,买盘
666,14:23:36,9.02,0.01,150,135300,买盘
667,14:23:33,9.01,--,136,122536,卖盘
668,14:23:30,9.01,-0.01,119,107219,卖盘
669,14:23:27,9.02,-0.01,106,95612,卖盘
670,14:23:24,9.03,0.01,483,436148,买盘
671,14:23:21,9.02,--,1,902,卖盘
672,14:23:18,9.02,--,169,152438,卖盘
673,14:23:15,9.02,--,251,226402,卖盘
674,14:23:12,9.02,--,434,391468,卖盘
675,14:23:09,9.02,-0.01,102,92004,卖盘
676,14:23:06,9.03,--,51,46053,买盘
677,14:23:03,9.03,0.01,444,400932,买盘
678,14:23:00,9.02,--,44,39688,卖盘
679,14:22:57,9.02,--,9,8118,卖盘
680,14:22:54,9.02,-0.01,31,27962,卖盘
681,14:22:48,9.03,0.01,21,18963,买盘
682,14:22:45,9.02,--,6,5412,卖盘
683,14:22:42,9.02,-0.01,10,9020,卖盘
684,14:22:39,9.03,0.01,33,29798,买盘
685,14:22:36,9.02,-0.01,23,20746,卖盘
686,14:22:33,9.03,0.01,544,491231,买盘
687,14:22:30,9.02,-0.01,48,43296,卖盘
688,14:22:27,9.03,--,82,74046,买盘
689,14:22:24,9.03,0.01,69,62306,买盘
690,14:22:21,9.02,-0.01,411,370722,卖盘
691,14:22:18,9.03,0.01,146,131838,买盘
692,14:22:15,9.02,--,35,31570,卖盘
693,14:22:09,9.02,-0.01,43,38786,卖盘
694,14:22:06,9.03,0.01,264,238391,买盘
695,14:22:03,9.02,--,256,230912,卖盘
696,14:22:00,9.02,-0.01,7,6314,卖盘
697,14:21:57,9.03,--,42,37926,买盘
698,14:21:54,9.03,0.01,12,10836,买盘
699,14:21:51,9.02,--,162,146124,卖盘
700,14:21:48,9.02,--,20,18040,卖盘
701,14:21:45,9.02,--,4,3608,卖盘
702,14:21:42,9.02,--,352,317504,卖盘
703,14:21:39,9.02,--,95,85690,买盘
704,14:21:36,9.02,--,219,197538,买盘
705,14:21:33,9.02,0.01,205,184910,买盘
706,14:21:30,9.01,--,64,57664,卖盘
707,14:21:27,9.01,-0.01,2,1802,卖盘
708,14:21:24,9.02,--,13,11726,买盘
709,14:21:21,9.02,--,254,229108,买盘
710,14:21:18,9.02,--,201,181302,买盘
711,14:21:15,9.02,0.01,19,17138,买盘
712,14:21:12,9.01,--,102,91902,卖盘
713,14:21:09,9.01,-0.01,102,91902,卖盘
714,14:21:06,9.02,--,117,105534,买盘
715,14:21:03,9.02,0.01,1058,954316,买盘
716,14:21:00,9.01,-0.01,53,47753,卖盘
717,14:20:57,9.02,--,17,15334,买盘
718,14:20:54,9.02,--,103,92906,买盘
719,14:20:51,9.02,0.01,158,142516,买盘
720,14:20:48,9.01,-0.01,20,18020,卖盘
721,14:20:45,9.02,0.01,20,18040,买盘
722,14:20:42,9.01,--,15,13515,卖盘
723,14:20:39,9.01,--,22,19822,卖盘
724,14:20:36,9.01,--,68,61268,卖盘
725,14:20:33,9.01,--,54,48654,卖盘
726,14:20:30,9.01,--,26,23426,卖盘
727,14:20:27,9.01,-0.01,150,135150,卖盘
728,14:20:21,9.02,0.01,10,9020,买盘
729,14:20:18,9.01,-0.01,30,27030,卖盘
730,14:20:15,9.02,--,38,34276,买盘
731,14:20:12,9.02,--,157,141614,买盘
732,14:20:09,9.02,--,17,15334,买盘
733,14:20:06,9.02,0.01,111,100122,买盘
734,14:20:03,9.01,--,323,291023,卖盘
735,14:20:00,9.01,--,47,42347,卖盘
736,14:19:57,9.01,-0.01,108,97308,卖盘
737,14:19:54,9.02,0.01,102,92004,买盘
738,14:19:51,9.01,-0.01,54,48654,卖盘
739,14:19:48,9.02,0.01,13,11726,买盘
740,14:19:45,9.01,-0.01,191,172091,卖盘
741,14:19:42,9.02,--,51,46002,买盘
742,14:19:39,9.02,--,27,24354,买盘
743,14:19:36,9.02,--,23,20746,买盘
744,14:19:33,9.02,0.01,45,40590,买盘
745,14:19:30,9.01,-0.01,21,18921,卖盘
746,14:19:27,9.02,0.01,93,83886,买盘
747,14:19:21,9.01,--,254,228854,卖盘
748,14:19:18,9.01,-0.01,4,3604,卖盘
749,14:19:15,9.02,--,88,79376,买盘
750,14:19:12,9.02,0.01,96,86592,买盘
751,14:19:09,9.01,-0.01,26,23426,卖盘
752,14:19:06,9.02,--,11,9922,买盘
753,14:19:03,9.02,0.01,747,673794,买盘
754,14:19:00,9.01,-0.01,58,52258,卖盘
755,14:18:57,9.02,0.01,2,1804,买盘
756,14:18:54,9.01,-0.01,12,10812,卖盘
757,14:18:51,9.02,--,39,35178,卖盘
758,14:18:48,9.02,0.01,22,19844,卖盘
759,14:18:45,9.01,-0.01,447,402747,卖盘
760,14:18:42,9.02,--,46,41492,卖盘
761,14:18:39,9.02,--,5,4510,卖盘
762,14:18:36,9.02,-0.01,7,6314,中性盘
763,14:18:33,9.03,0.02,1109,1001426,买盘
764,14:18:30,9.01,--,58,52258,卖盘
765,14:18:27,9.01,-0.01,9,8109,卖盘
766,14:18:24,9.02,--,476,429352,买盘
767,14:18:21,9.02,--,22,19844,买盘
768,14:18:18,9.02,0.01,531,478962,买盘
769,14:18:15,9.01,--,5,4505,卖盘
770,14:18:12,9.01,--,127,114427,卖盘
771,14:18:09,9.01,-0.01,2367,2132667,卖盘
772,14:18:06,9.02,0.01,75,67650,买盘
773,14:18:03,9.01,-0.01,86,77486,卖盘
774,14:18:00,9.02,0.01,566,510532,买盘
775,14:17:57,9.01,-0.01,10,9010,卖盘
776,14:17:54,9.02,--,270,243540,买盘
777,14:17:51,9.02,--,77,69454,买盘
778,14:17:48,9.02,--,2600,2345714,卖盘
779,14:17:45,9.02,-0.01,20,18040,卖盘
780,14:17:42,9.03,0.01,363,327789,买盘
781,14:17:39,9.02,-0.01,29,26158,卖盘
782,14:17:36,9.03,--,336,303408,买盘
783,14:17:33,9.03,0.01,67,60500,买盘
784,14:17:30,9.02,-0.01,185,166870,卖盘
785,14:17:27,9.03,0.01,30,27089,买盘
786,14:17:24,9.02,--,85,76670,卖盘
787,14:17:21,9.02,--,237,213774,卖盘
788,14:17:18,9.02,-0.01,116,104632,卖盘
789,14:17:15,9.03,0.01,209,188727,买盘
790,14:17:12,9.02,-0.01,280,252560,卖盘
791,14:17:09,9.03,--,25,22575,买盘
792,14:17:06,9.03,--,179,161637,买盘
793,14:17:03,9.03,0.01,56,50568,买盘
794,14:17:00,9.02,--,73,65846,卖盘
795,14:16:57,9.02,-0.01,359,323818,卖盘
796,14:16:51,9.03,--,329,297087,买盘
797,14:16:48,9.03,--,123,111068,买盘
798,14:16:45,9.03,--,29,26186,买盘
799,14:16:42,9.03,--,136,122807,买盘
800,14:16:39,9.03,0.01,56,50568,买盘
801,14:16:36,9.02,--,42,37884,卖盘
802,14:16:33,9.02,--,181,163262,卖盘
803,14:16:30,9.02,-0.01,23,20746,卖盘
804,14:16:27,9.03,--,151,136353,买盘
805,14:16:24,9.03,0.01,217,195951,买盘
806,14:16:21,9.02,-0.01,165,148830,卖盘
807,14:16:18,9.03,0.01,76,68628,买盘
808,14:16:15,9.02,-0.01,23,20746,卖盘
809,14:16:12,9.03,0.01,19,17157,买盘
810,14:16:09,9.02,-0.01,206,185812,卖盘
811,14:16:06,9.03,0.01,338,305214,买盘
812,14:16:03,9.02,--,149,134398,卖盘
813,14:16:00,9.02,--,120,108240,卖盘
814,14:15:57,9.02,0.01,335,302557,买盘
815,14:15:54,9.01,-0.01,93,83793,卖盘
816,14:15:51,9.02,0.01,210,189420,买盘
817,14:15:48,9.01,-0.01,27,24327,卖盘
818,14:15:45,9.02,--,97,87494,买盘
819,14:15:42,9.02,0.01,266,239932,买盘
820,14:15:39,9.01,-0.01,63,56763,卖盘
821,14:15:36,9.02,--,147,132594,买盘
822,14:15:33,9.02,0.01,89,80278,买盘
823,14:15:30,9.01,--,7,6307,卖盘
824,14:15:27,9.01,--,225,202725,卖盘
825,14:15:24,9.01,-0.01,83,74783,卖盘
826,14:15:21,9.02,--,30,27060,买盘
827,14:15:18,9.02,0.01,64,57728,买盘
828,14:15:15,9.01,--,205,184705,卖盘
829,14:15:12,9.01,--,336,302736,卖盘
830,14:15:09,9.01,--,14,12614,卖盘
831,14:15:06,9.01,--,66,59466,卖盘
832,14:15:03,9.01,--,360,324360,卖盘
833,14:15:00,9.01,--,20,18020,卖盘
834,14:14:57,9.01,-0.01,451,406351,卖盘
835,14:14:54,9.02,0.01,175,157850,买盘
836,14:14:51,9.01,-0.01,120,108120,卖盘
837,14:14:48,9.02,0.01,52,46904,买盘
838,14:14:45,9.01,-0.01,271,244171,卖盘
839,14:14:42,9.02,--,524,472648,买盘
840,14:14:39,9.02,--,255,230010,买盘
841,14:14:36,9.02,0.01,81,73062,买盘
842,14:14:33,9.01,--,230,207230,卖盘
843,14:14:30,9.01,--,57,51357,卖盘
844,14:14:27,9.01,--,40,36040,卖盘
845,14:14:24,9.01,--,298,268498,卖盘
846,14:14:21,9.01,--,107,96407,卖盘
847,14:14:18,9.01,--,3,2703,卖盘
848,14:14:15,9.01,--,586,527986,卖盘
849,14:14:12,9.01,--,16,14416,卖盘
850,14:14:09,9.01,--,167,150467,卖盘
851,14:14:06,9.01,--,362,326162,买盘
852,14:14:03,9.01,--,298,268498,买盘
853,14:14:00,9.01,0.01,2298,2070498,买盘
854,14:13:57,9.0,-0.01,7,6300,卖盘
855,14:13:54,9.01,--,39,35139,买盘
856,14:13:51,9.01,--,214,192814,卖盘
857,14:13:48,9.01,--,76,68476,卖盘
858,14:13:45,9.01,0.01,318,286518,卖盘
859,14:13:42,9.0,--,230,207000,卖盘
860,14:13:39,9.0,--,118,106200,卖盘
861,14:13:36,9.0,-0.01,208,187200,卖盘
862,14:13:33,9.01,--,221,199886,卖盘
863,14:13:30,9.01,-0.02,50,45050,卖盘
864,14:13:27,9.03,0.01,561,506582,买盘
865,14:13:24,9.02,--,11,9922,买盘
866,14:13:21,9.02,0.01,2587,2333474,买盘
867,14:13:18,9.01,--,127,114427,卖盘
868,14:13:15,9.01,-0.01,73,65773,卖盘
869,14:13:12,9.02,0.01,493,444686,买盘
870,14:13:09,9.01,-0.01,71,63971,卖盘
871,14:13:06,9.02,--,2334,2105664,买盘
872,14:13:03,9.02,--,275,248050,买盘
873,14:13:00,9.02,0.01,24,21648,买盘
874,14:12:57,9.01,-0.01,1064,958664,卖盘
875,14:12:54,9.02,0.01,202,182204,买盘
876,14:12:51,9.01,--,73,65773,卖盘
877,14:12:48,9.01,-0.01,247,222547,卖盘
878,14:12:45,9.02,0.01,25,22550,买盘
879,14:12:42,9.01,-0.01,182,163982,卖盘
880,14:12:39,9.02,0.01,160,144320,买盘
881,14:12:36,9.01,-0.01,22,19822,卖盘
882,14:12:33,9.02,--,284,256168,卖盘
883,14:12:30,9.02,0.01,52,46904,买盘
884,14:12:27,9.01,--,55,49555,卖盘
885,14:12:24,9.01,--,131,118031,卖盘
886,14:12:21,9.01,-0.01,91,81991,卖盘
887,14:12:18,9.02,-0.01,12,10824,买盘
888,14:12:15,9.03,0.01,448,404544,买盘
889,14:12:12,9.02,0.01,57,51414,买盘
890,14:12:09,9.01,--,239,215339,卖盘
891,14:12:06,9.01,-0.01,18,16218,卖盘
892,14:12:03,9.02,--,727,655754,买盘
893,14:12:00,9.02,0.01,30,27060,买盘
894,14:11:57,9.01,-0.01,29,26129,卖盘
895,14:11:54,9.02,--,54,48708,买盘
896,14:11:51,9.02,0.01,197,177694,买盘
897,14:11:48,9.01,-0.01,32,28832,卖盘
898,14:11:45,9.02,-0.01,317,285934,中性盘
899,14:11:42,9.03,0.01,435,392805,买盘
900,14:11:39,9.02,--,50,45100,卖盘
901,14:11:36,9.02,--,61,55022,卖盘
902,14:11:33,9.02,0.01,137,123574,买盘
903,14:11:30,9.01,-0.01,51,45951,卖盘
904,14:11:27,9.02,--,812,732424,卖盘
905,14:11:24,9.02,--,17,15334,卖盘
906,14:11:21,9.02,--,323,291346,卖盘
907,14:11:18,9.02,-0.01,18,16236,中性盘
908,14:11:15,9.03,0.02,568,512903,买盘
909,14:11:12,9.01,-0.02,448,403648,卖盘
910,14:11:09,9.03,--,32,28895,卖盘
911,14:11:06,9.03,-0.01,126,113777,卖盘
912,14:11:03,9.04,0.01,571,516183,买盘
913,14:11:00,9.03,0.01,1,902,买盘
914,14:10:57,9.02,-0.02,32,28864,卖盘
915,14:10:54,9.04,0.01,2548,2303392,买盘
916,14:10:51,9.03,-0.01,172,155316,卖盘
917,14:10:48,9.04,0.02,144,130175,买盘
918,14:10:45,9.02,-0.02,16,14432,卖盘
919,14:10:42,9.04,0.01,237,214247,买盘
920,14:10:39,9.03,--,32,28895,卖盘
921,14:10:36,9.03,--,11,9933,卖盘
922,14:10:33,9.03,--,128,115583,卖盘
923,14:10:30,9.03,0.01,33,29798,买盘
924,14:10:27,9.02,-0.01,171,154242,卖盘
925,14:10:24,9.03,--,15,13544,买盘
926,14:10:21,9.03,-0.01,106,95718,卖盘
927,14:10:18,9.04,0.01,1,903,买盘
928,14:10:15,9.03,--,5,4515,卖盘
929,14:10:12,9.03,--,7,6321,卖盘
930,14:10:09,9.03,--,187,168861,买盘
931,14:10:06,9.03,--,215,194145,买盘
932,14:10:03,9.03,-0.01,31,27992,买盘
933,14:10:00,9.04,0.01,54,48815,买盘
934,14:09:57,9.03,--,130,117389,买盘
935,14:09:54,9.03,--,140,126419,买盘
936,14:09:51,9.03,--,18,16253,卖盘
937,14:09:48,9.03,-0.01,28,25284,卖盘
938,14:09:45,9.04,0.01,132,119327,买盘
939,14:09:42,9.03,--,9,8126,卖盘
940,14:09:39,9.03,-0.01,49,44247,卖盘
941,14:09:36,9.04,0.01,216,195263,买盘
942,14:09:33,9.03,0.01,47,42441,买盘
943,14:09:30,9.02,-0.02,126,113652,卖盘
944,14:09:27,9.04,0.01,271,244983,买盘
945,14:09:24,9.03,-0.01,88,79464,卖盘
946,14:09:21,9.04,0.01,7,6327,买盘
947,14:09:18,9.03,-0.01,46,41538,卖盘
948,14:09:15,9.04,0.02,73,65992,买盘
949,14:09:12,9.02,-0.01,522,470844,卖盘
950,14:09:09,9.03,--,17,15350,买盘
951,14:09:06,9.03,-0.01,59,53276,中性盘
952,14:09:03,9.04,--,2915,2635159,买盘
953,14:09:00,9.04,-0.01,40,36160,卖盘
954,14:08:57,9.05,--,70,63350,买盘
955,14:08:54,9.05,0.02,378,342090,买盘
956,14:08:51,9.03,--,634,572502,卖盘
957,14:08:48,9.03,-0.01,210,189630,卖盘
958,14:08:45,9.04,-0.01,37,33448,卖盘
959,14:08:39,9.05,0.01,40,36200,买盘
960,14:08:36,9.04,--,17,15367,卖盘
961,14:08:33,9.04,-0.01,21,18984,卖盘
962,14:08:30,9.05,--,113,102265,买盘
963,14:08:27,9.05,0.02,174,157470,买盘
964,14:08:24,9.03,-0.01,253,228458,卖盘
965,14:08:21,9.04,--,44,39775,卖盘
966,14:08:18,9.04,0.01,66,59663,卖盘
967,14:08:15,9.03,--,417,376551,卖盘
968,14:08:12,9.03,--,21,18963,卖盘
969,14:08:09,9.03,-0.01,23,20769,卖盘
970,14:08:06,9.04,--,22,19887,买盘
971,14:08:03,9.04,--,364,329055,买盘
972,14:08:00,9.04,0.01,589,532456,买盘
973,14:07:57,9.03,-0.01,5,4515,卖盘
974,14:07:54,9.04,--,8,7231,买盘
975,14:07:51,9.04,-0.01,13,11751,卖盘
976,14:07:48,9.05,0.02,18,16290,买盘
977,14:07:45,9.03,-0.02,121,109262,卖盘
978,14:07:42,9.05,0.02,124,112220,买盘
979,14:07:39,9.03,-0.01,32,28895,卖盘
980,14:07:36,9.04,-0.01,34,30735,卖盘
981,14:07:33,9.05,0.01,241,218105,买盘
982,14:07:30,9.04,-0.01,8,7231,卖盘
983,14:07:27,9.05,0.01,274,247970,买盘
984,14:07:24,9.04,--,45,40679,卖盘
985,14:07:21,9.04,--,245,221479,卖盘
986,14:07:18,9.04,--,58,52431,卖盘
987,14:07:15,9.04,-0.01,42,37968,卖盘
988,14:07:12,9.05,--,269,243445,买盘
989,14:07:09,9.05,--,254,229870,买盘
990,14:07:06,9.05,--,3,2715,买盘
991,14:07:03,9.05,0.01,130,117650,买盘
992,14:07:00,9.04,-0.01,7,6327,卖盘
993,14:06:57,9.05,--,2,1810,买盘
994,14:06:54,9.05,0.01,314,284170,买盘
995,14:06:51,9.04,--,28,25311,卖盘
996,14:06:48,9.04,-0.01,277,250407,卖盘
997,14:06:45,9.05,0.01,214,193670,买盘
998,14:06:42,9.04,--,29,26215,卖盘
999,14:06:39,9.04,-0.01,405,366119,卖盘
1000,14:06:36,9.05,--,75,67875,买盘
1001,14:06:33,9.05,--,62,56110,买盘
1002,14:06:30,9.05,--,32,28960,买盘
1003,14:06:27,9.05,0.01,46,41630,买盘
1004,14:06:24,9.04,-0.02,12,10847,卖盘
1005,14:06:21,9.06,0.01,252,228312,买盘
1006,14:06:18,9.05,0.01,120,108600,中性盘
1007,14:06:15,9.04,-0.01,303,273912,卖盘
1008,14:06:12,9.05,0.01,9,8145,买盘
1009,14:06:09,9.04,-0.01,470,424879,中性盘
1010,14:06:06,9.05,--,2,1810,买盘
1011,14:06:03,9.05,0.01,757,685085,买盘
1012,14:06:00,9.04,--,145,131080,买盘
1013,14:05:57,9.04,--,85,76840,买盘
1014,14:05:54,9.04,-0.01,197,178087,卖盘
1015,14:05:51,9.05,0.01,72,65160,买盘
1016,14:05:48,9.04,0.01,1295,1170680,买盘
1017,14:05:45,9.03,-0.01,4,3611,卖盘
1018,14:05:42,9.04,--,219,197975,买盘
1019,14:05:39,9.04,0.01,17,15367,买盘
1020,14:05:36,9.03,-0.01,29,26186,卖盘
1021,14:05:33,9.04,--,423,382391,买盘
1022,14:05:30,9.04,0.01,236,213343,买盘
1023,14:05:27,9.03,--,17,15350,卖盘
1024,14:05:24,9.03,0.01,440,397320,买盘
1025,14:05:21,9.02,-0.01,157,141614,卖盘
1026,14:05:18,9.03,--,137,123710,买盘
1027,14:05:15,9.03,--,305,275415,买盘
1028,14:05:12,9.03,0.01,96,86688,买盘
1029,14:05:09,9.02,-0.01,15,13530,卖盘
1030,14:05:06,9.03,--,41,37023,买盘
1031,14:05:03,9.03,--,161,145383,买盘
1032,14:05:00,9.03,0.01,11,9933,买盘
1033,14:04:57,9.02,-0.01,248,223696,卖盘
1034,14:04:54,9.03,--,159,143577,买盘
1035,14:04:48,9.03,--,36,32507,买盘
1036,14:04:45,9.03,--,239,215816,买盘
1037,14:04:42,9.03,0.01,215,194145,买盘
1038,14:04:39,9.02,--,271,244442,卖盘
1039,14:04:36,9.02,--,84,75768,卖盘
1040,14:04:33,9.02,--,63,56826,卖盘
1041,14:04:30,9.02,--,227,204754,卖盘
1042,14:04:27,9.02,--,21,18942,卖盘
1043,14:04:24,9.02,--,126,113652,卖盘
1044,14:04:21,9.02,--,11,9922,卖盘
1045,14:04:18,9.02,--,78,70356,卖盘
1046,14:04:15,9.02,--,178,160556,卖盘
1047,14:04:12,9.02,-0.01,108,97416,卖盘
1048,14:04:09,9.03,0.01,20,18060,买盘
1049,14:04:06,9.02,--,32,28864,卖盘
1050,14:04:03,9.02,-0.01,88,79376,卖盘
1051,14:04:00,9.03,0.01,11,9933,买盘
1052,14:03:57,9.02,--,126,113652,卖盘
1053,14:03:54,9.02,--,3,2706,卖盘
1054,14:03:51,9.02,--,94,84788,卖盘
1055,14:03:48,9.02,--,39,35178,卖盘
1056,14:03:45,9.02,--,1,902,卖盘
1057,14:03:42,9.02,--,11,9922,卖盘
1058,14:03:39,9.02,--,190,171380,卖盘
1059,14:03:36,9.02,--,22,19844,卖盘
1060,14:03:33,9.02,--,157,141614,买盘
1061,14:03:30,9.02,--,237,213774,买盘
1062,14:03:27,9.02,--,297,267894,买盘
1063,14:03:24,9.02,--,32,28864,买盘
1064,14:03:21,9.02,0.01,82,73964,买盘
1065,14:03:18,9.01,-0.01,79,71179,卖盘
1066,14:03:15,9.02,--,98,88396,买盘
1067,14:03:12,9.02,--,183,165066,买盘
1068,14:03:09,9.02,--,351,316602,买盘
1069,14:03:06,9.02,--,135,121770,买盘
1070,14:03:03,9.02,0.01,39,35178,买盘
1071,14:03:00,9.01,--,177,159477,卖盘
1072,14:02:57,9.01,--,112,100912,卖盘
1073,14:02:54,9.01,--,100,90100,卖盘
1074,14:02:51,9.01,--,15,13515,卖盘
1075,14:02:48,9.01,-0.01,367,330667,卖盘
1076,14:02:45,9.02,--,5,4510,买盘
1077,14:02:42,9.02,0.01,176,158752,买盘
1078,14:02:39,9.01,-0.01,24,21624,卖盘
1079,14:02:36,9.02,--,70,63140,买盘
1080,14:02:33,9.02,--,51,46002,买盘
1081,14:02:30,9.02,--,118,106436,买盘
1082,14:02:27,9.02,--,1,902,买盘
1083,14:02:24,9.02,0.01,70,63140,卖盘
1084,14:02:21,9.01,-0.01,344,309944,卖盘
1085,14:02:18,9.02,--,64,57728,卖盘
1086,14:02:15,9.02,--,38,34276,卖盘
1087,14:02:12,9.02,0.01,386,348893,买盘
1088,14:02:09,9.01,--,12,10812,卖盘
1089,14:02:06,9.01,-0.01,42,37842,卖盘
1090,14:02:03,9.02,--,442,398684,买盘
1091,14:02:00,9.02,--,26,23452,买盘
1092,14:01:57,9.02,0.01,22,19844,买盘
1093,14:01:54,9.01,--,425,382925,卖盘
1094,14:01:51,9.01,--,195,175695,卖盘
1095,14:01:48,9.01,--,388,349588,卖盘
1096,14:01:45,9.01,--,215,193715,卖盘
1097,14:01:42,9.01,-0.01,571,514471,卖盘
1098,14:01:39,9.02,--,13,11726,买盘
1099,14:01:36,9.02,--,116,104632,买盘
1100,14:01:33,9.02,0.01,132,119064,买盘
1101,14:01:30,9.01,--,45,40545,卖盘
1102,14:01:24,9.01,--,38,34238,卖盘
1103,14:01:21,9.01,--,4,3604,卖盘
1104,14:01:18,9.01,-0.01,463,417163,卖盘
1105,14:01:15,9.02,0.01,55,49610,买盘
1106,14:01:12,9.01,-0.01,78,70278,卖盘
1107,14:01:09,9.02,0.01,76,68552,买盘
1108,14:01:06,9.01,-0.01,76,68476,卖盘
1109,14:01:03,9.02,0.01,35,31570,买盘
1110,14:01:00,9.01,--,152,136952,卖盘
1111,14:00:57,9.01,--,234,210834,卖盘
1112,14:00:54,9.01,-0.01,33,29733,卖盘
1113,14:00:51,9.02,0.01,79,71258,买盘
1114,14:00:48,9.01,--,513,462213,卖盘
1115,14:00:45,9.01,-0.01,163,146863,卖盘
1116,14:00:42,9.02,--,286,257972,买盘
1117,14:00:39,9.02,0.01,49,44198,买盘
1118,14:00:36,9.01,--,66,59466,卖盘
1119,14:00:33,9.01,--,82,73882,卖盘
1120,14:00:30,9.01,--,211,190111,卖盘
1121,14:00:24,9.01,--,323,291023,卖盘
1122,14:00:21,9.01,-0.01,20,18020,卖盘
1123,14:00:18,9.02,0.01,5,4510,买盘
1124,14:00:15,9.01,--,144,129744,卖盘
1125,14:00:12,9.01,-0.01,137,123437,卖盘
1126,14:00:09,9.02,0.01,107,96514,买盘
1127,14:00:06,9.01,--,317,285617,卖盘
1128,14:00:03,9.01,--,1662,1497822,卖盘
1129,14:00:00,9.01,--,117,105417,卖盘
1130,13:59:57,9.01,-0.01,161,145061,卖盘
1131,13:59:54,9.02,--,74,66748,买盘
1132,13:59:51,9.02,--,9,8118,买盘
1133,13:59:48,9.02,-0.01,456,411853,卖盘
1134,13:59:45,9.03,0.01,52,46956,买盘
1135,13:59:42,9.02,-0.01,2845,2566190,卖盘
1136,13:59:39,9.03,0.01,580,523739,买盘
1137,13:59:36,9.02,--,123,110946,卖盘
1138,13:59:33,9.02,-0.01,220,198440,卖盘
1139,13:59:30,9.03,--,47,42441,买盘
1140,13:59:27,9.03,--,34,30701,买盘
1141,13:59:24,9.03,--,76,68628,卖盘
1142,13:59:21,9.03,--,97,87591,卖盘
1143,13:59:18,9.03,-0.01,125,112874,卖盘
1144,13:59:15,9.04,0.01,68,61471,买盘
1145,13:59:12,9.03,--,61,55082,卖盘
1146,13:59:09,9.03,--,352,317856,卖盘
1147,13:59:06,9.03,-0.01,8,7223,卖盘
1148,13:59:03,9.04,--,24,21695,买盘
1149,13:59:00,9.04,--,148,133792,买盘
1150,13:58:57,9.04,--,8,7231,买盘
1151,13:58:54,9.04,--,3,2711,买盘
1152,13:58:51,9.04,--,18,16271,买盘
1153,13:58:48,9.04,0.01,5,4520,买盘
1154,13:58:45,9.03,-0.01,16,14447,卖盘
1155,13:58:42,9.04,0.01,52,47007,买盘
1156,13:58:39,9.03,--,81,73143,卖盘
1157,13:58:36,9.03,-0.01,3,2709,卖盘
1158,13:58:33,9.04,0.01,520,470079,买盘
1159,13:58:30,9.03,-0.01,25,22575,卖盘
1160,13:58:27,9.04,--,12,10847,买盘
1161,13:58:24,9.04,0.01,217,196167,买盘
1162,13:58:21,9.03,--,175,158025,卖盘
1163,13:58:18,9.03,--,206,186018,卖盘
1164,13:58:15,9.03,-0.01,164,148092,卖盘
1165,13:58:12,9.04,--,76,68704,买盘
1166,13:58:09,9.04,--,456,412223,买盘
1167,13:58:06,9.04,0.01,62,56047,买盘
1168,13:58:03,9.03,--,247,223040,卖盘
1169,13:58:00,9.03,--,8,7223,卖盘
1170,13:57:57,9.03,--,30,27089,卖盘
1171,13:57:54,9.03,--,60,54179,卖盘
1172,13:57:51,9.03,--,4,3611,卖盘
1173,13:57:48,9.03,--,60,54179,卖盘
1174,13:57:45,9.03,-0.01,24,21672,卖盘
1175,13:57:42,9.04,0.01,562,508047,买盘
1176,13:57:39,9.03,--,269,242906,卖盘
1177,13:57:36,9.03,-0.01,3,2709,卖盘
1178,13:57:33,9.04,0.01,344,310975,买盘
1179,13:57:30,9.03,-0.01,38,34314,卖盘
1180,13:57:27,9.04,0.01,21,18984,买盘
1181,13:57:24,9.03,--,45,40635,卖盘
1182,13:57:21,9.03,-0.01,2,1805,卖盘
1183,13:57:18,9.04,0.01,110,99439,买盘
1184,13:57:15,9.03,--,163,147189,卖盘
1185,13:57:12,9.03,-0.01,52,46956,卖盘
1186,13:57:09,9.04,0.01,56,50623,买盘
1187,13:57:06,9.03,-0.01,70,63209,卖盘
1188,13:57:03,9.04,0.01,298,269392,买盘
1189,13:57:00,9.03,-0.01,34,31063,卖盘
1190,13:56:57,9.04,0.01,1,903,买盘
1191,13:56:54,9.03,--,113,102039,买盘
1192,13:56:51,9.03,--,77,69531,卖盘
1193,13:56:48,9.03,--,24,21672,卖盘
1194,13:56:45,9.03,-0.01,31,27992,卖盘
1195,13:56:42,9.04,0.01,139,125655,买盘
1196,13:56:36,9.03,--,21,18963,买盘
1197,13:56:33,9.03,--,467,421700,买盘
1198,13:56:30,9.03,--,262,236585,买盘
1199,13:56:27,9.03,0.01,209,188727,买盘
1200,13:56:24,9.02,-0.01,22,19844,卖盘
1201,13:56:21,9.03,0.01,481,434342,买盘
1202,13:56:18,9.02,--,1718,1549636,卖盘
1203,13:56:15,9.02,--,9,8118,卖盘
1204,13:56:12,9.02,-0.01,57,51414,卖盘
1205,13:56:09,9.03,0.01,23,20769,买盘
1206,13:56:06,9.02,-0.01,24,21648,卖盘
1207,13:56:03,9.03,0.01,199,179697,买盘
1208,13:56:00,9.02,--,204,184008,卖盘
1209,13:55:57,9.02,--,26,23452,卖盘
1210,13:55:54,9.02,--,69,62238,卖盘
1211,13:55:51,9.02,--,622,561044,卖盘
1212,13:55:48,9.02,--,81,73062,卖盘
1213,13:55:45,9.02,--,12,10824,卖盘
1214,13:55:42,9.02,--,278,250756,卖盘
1215,13:55:39,9.02,-0.01,55,49610,卖盘
1216,13:55:36,9.03,--,133,120098,买盘
1217,13:55:33,9.03,0.01,24,21672,买盘
1218,13:55:30,9.02,-0.01,169,152438,卖盘
1219,13:55:27,9.03,0.01,54,48762,买盘
1220,13:55:24,9.02,-0.01,84,75768,卖盘
1221,13:55:21,9.03,0.01,46,41538,买盘
1222,13:55:18,9.02,-0.01,71,64042,卖盘
1223,13:55:15,9.03,--,32,28895,买盘
1224,13:55:12,9.03,0.01,149,134547,买盘
1225,13:55:09,9.02,--,82,73964,卖盘
1226,13:55:06,9.02,--,65,58630,卖盘
1227,13:55:03,9.02,--,129,116358,卖盘
1228,13:55:00,9.02,--,16,14432,卖盘
1229,13:54:57,9.02,--,13,11726,卖盘
1230,13:54:54,9.02,--,7,6314,卖盘
1231,13:54:51,9.02,--,26,23452,卖盘
1232,13:54:48,9.02,--,134,120868,卖盘
1233,13:54:45,9.02,--,75,67650,卖盘
1234,13:54:42,9.02,--,131,118162,卖盘
1235,13:54:39,9.02,--,38,34276,卖盘
1236,13:54:36,9.02,--,59,53218,卖盘
1237,13:54:33,9.02,--,4,3608,卖盘
1238,13:54:30,9.02,--,90,81180,卖盘
1239,13:54:27,9.02,--,23,20746,卖盘
1240,13:54:24,9.02,--,86,77572,卖盘
1241,13:54:21,9.02,--,427,385154,卖盘
1242,13:54:18,9.02,--,211,190322,卖盘
1243,13:54:15,9.02,--,141,127182,卖盘
1244,13:54:12,9.02,--,103,92906,卖盘
1245,13:54:09,9.02,--,80,72160,卖盘
1246,13:54:06,9.02,--,241,217382,买盘
1247,13:54:03,9.02,--,395,356290,买盘
1248,13:54:00,9.02,--,222,200244,买盘
1249,13:53:57,9.02,0.01,126,113652,买盘
1250,13:53:54,9.01,-0.01,7,6307,卖盘
1251,13:53:51,9.02,0.01,117,105534,买盘
1252,13:53:48,9.01,--,670,603670,卖盘
1253,13:53:45,9.01,-0.01,109,98209,卖盘
1254,13:53:42,9.02,--,13,11726,买盘
1255,13:53:39,9.02,--,86,77572,买盘
1256,13:53:36,9.02,--,235,211970,卖盘
1257,13:53:33,9.02,--,458,413116,卖盘
1258,13:53:30,9.02,--,561,506022,卖盘
1259,13:53:27,9.02,--,83,74866,卖盘
1260,13:53:24,9.02,-0.01,119,107338,卖盘
1261,13:53:21,9.03,0.01,200,180600,买盘
1262,13:53:18,9.02,-0.01,25,22550,卖盘
1263,13:53:15,9.03,0.01,87,78561,买盘
1264,13:53:12,9.02,-0.01,48,43296,卖盘
1265,13:53:09,9.03,--,15,13544,买盘
1266,13:53:06,9.03,0.01,512,462335,买盘
1267,13:53:03,9.02,--,25,22550,卖盘
1268,13:53:00,9.02,-0.01,10,9020,卖盘
1269,13:52:57,9.03,0.01,107,96621,买盘
1270,13:52:54,9.02,-0.01,261,235422,卖盘
1271,13:52:51,9.03,--,1737,1568511,买盘
1272,13:52:48,9.03,0.01,56,50568,买盘
1273,13:52:45,9.02,-0.01,46,41492,卖盘
1274,13:52:42,9.03,0.01,175,158025,买盘
1275,13:52:39,9.02,--,11,9922,卖盘
1276,13:52:36,9.02,-0.01,50,45100,卖盘
1277,13:52:33,9.03,0.01,154,139062,买盘
1278,13:52:30,9.02,--,41,36982,卖盘
1279,13:52:27,9.02,-0.01,11,9922,卖盘
1280,13:52:24,9.03,0.01,514,464141,买盘
1281,13:52:21,9.02,-0.01,114,102828,卖盘
1282,13:52:18,9.03,--,82,74046,买盘
1283,13:52:15,9.03,--,137,123710,买盘
1284,13:52:12,9.03,--,45,40635,买盘
1285,13:52:09,9.03,--,163,147189,买盘
1286,13:52:06,9.03,--,390,352170,买盘
1287,13:52:03,9.03,0.01,45,40635,买盘
1288,13:52:00,9.02,--,188,169576,卖盘
1289,13:51:57,9.02,-0.01,133,119966,卖盘
1290,13:51:54,9.03,--,565,510194,卖盘
1291,13:51:51,9.03,--,10,9030,卖盘
1292,13:51:48,9.03,--,163,147189,卖盘
1293,13:51:45,9.03,-0.01,225,203175,卖盘
1294,13:51:42,9.04,0.01,2,1807,买盘
1295,13:51:39,9.03,--,201,181503,卖盘
1296,13:51:36,9.03,--,53,47859,卖盘
1297,13:51:33,9.03,--,131,118292,卖盘
1298,13:51:30,9.03,--,134,121001,卖盘
1299,13:51:27,9.03,--,758,684474,卖盘
1300,13:51:24,9.03,--,15,13544,卖盘
1301,13:51:21,9.03,--,75,67725,卖盘
1302,13:51:18,9.03,--,120,108359,卖盘
1303,13:51:15,9.03,--,63,56888,卖盘
1304,13:51:12,9.03,--,85,76755,卖盘
1305,13:51:09,9.03,--,42,37926,中性盘
1306,13:51:06,9.03,0.01,28,25284,中性盘
1307,13:51:03,9.02,-0.01,119,107338,卖盘
1308,13:51:00,9.03,0.01,101,91203,买盘
1309,13:50:57,9.02,-0.01,40,36080,卖盘
1310,13:50:54,9.03,0.01,78,70434,买盘
1311,13:50:51,9.02,-0.01,447,403194,卖盘
1312,13:50:48,9.03,--,135,121904,卖盘
1313,13:50:45,9.03,0.01,189,170667,买盘
1314,13:50:42,9.02,-0.01,23,20746,卖盘
1315,13:50:39,9.03,0.01,53,47859,买盘
1316,13:50:36,9.02,--,135,121770,卖盘
1317,13:50:33,9.02,-0.01,53,47806,卖盘
1318,13:50:30,9.03,--,190,171570,买盘
1319,13:50:27,9.03,0.01,55,49665,卖盘
1320,13:50:24,9.02,-0.01,440,396880,卖盘
1321,13:50:21,9.03,-0.01,744,672680,卖盘
1322,13:50:18,9.04,0.01,5,4520,买盘
1323,13:50:15,9.03,--,597,539091,卖盘
1324,13:50:12,9.03,--,70,63209,卖盘
1325,13:50:09,9.03,--,13,11739,卖盘
1326,13:50:06,9.03,--,107,96621,卖盘
1327,13:50:03,9.03,--,254,229361,卖盘
1328,13:50:00,9.03,--,122,110165,卖盘
1329,13:49:57,9.03,--,7,6321,卖盘
1330,13:49:54,9.03,-0.01,834,753102,卖盘
1331,13:49:51,9.04,--,35,31639,买盘
1332,13:49:48,9.04,-0.01,229,207015,卖盘
1333,13:49:45,9.05,--,24,21720,买盘
1334,13:49:42,9.05,0.01,7,6335,买盘
1335,13:49:39,9.04,-0.01,103,93111,买盘
1336,13:49:36,9.05,--,730,660650,买盘
1337,13:49:33,9.05,0.01,38,34390,买盘
1338,13:49:30,9.04,--,12,10847,买盘
1339,13:49:27,9.04,--,45,40679,买盘
1340,13:49:24,9.04,--,219,197975,卖盘
1341,13:49:21,9.04,-0.01,211,190743,卖盘
1342,13:49:18,9.05,0.01,15,13575,买盘
1343,13:49:15,9.04,-0.01,600,542400,卖盘
1344,13:49:12,9.05,--,41,37105,卖盘
1345,13:49:09,9.05,0.01,242,219010,买盘
1346,13:49:06,9.04,-0.01,166,150064,卖盘
1347,13:49:03,9.05,--,136,123080,买盘
1348,13:49:00,9.05,--,33,29865,买盘
1349,13:48:57,9.05,--,266,240730,买盘
1350,13:48:54,9.05,--,1,905,买盘
1351,13:48:51,9.05,--,265,239825,卖盘
1352,13:48:45,9.05,--,42,38010,卖盘
1353,13:48:42,9.05,--,413,373765,卖盘
1354,13:48:39,9.05,-0.01,36,32580,卖盘
1355,13:48:36,9.06,--,152,137712,买盘
1356,13:48:33,9.06,--,29,26274,买盘
1357,13:48:30,9.06,0.01,107,96942,买盘
1358,13:48:27,9.05,--,42,38010,卖盘
1359,13:48:24,9.05,-0.01,55,49775,卖盘
1360,13:48:21,9.06,0.01,494,447564,买盘
1361,13:48:18,9.05,-0.01,22,19910,卖盘
1362,13:48:15,9.06,0.01,96,86976,买盘
1363,13:48:12,9.05,-0.01,44,39820,卖盘
1364,13:48:09,9.06,--,12,10872,买盘
1365,13:48:06,9.06,-0.01,243,220402,卖盘
1366,13:48:03,9.07,--,29,26303,卖盘
1367,13:48:00,9.07,--,133,120631,卖盘
1368,13:47:57,9.07,--,44,39908,买盘
1369,13:47:54,9.07,0.01,89,80723,买盘
1370,13:47:51,9.06,--,535,484710,卖盘
1371,13:47:48,9.06,-0.01,353,319818,卖盘
1372,13:47:45,9.07,--,41,37187,买盘
1373,13:47:42,9.07,0.01,247,224029,买盘
1374,13:47:39,9.06,--,12,10872,卖盘
1375,13:47:36,9.06,--,30,27180,卖盘
1376,13:47:33,9.06,--,26,23556,卖盘
1377,13:47:30,9.06,--,6,5436,卖盘
1378,13:47:27,9.06,--,58,52548,卖盘
1379,13:47:24,9.06,0.01,376,341317,买盘
1380,13:47:21,9.05,--,181,163805,买盘
1381,13:47:18,9.05,--,716,647980,买盘
1382,13:47:15,9.05,0.01,196,177380,买盘
1383,13:47:12,9.04,-0.01,42,37968,卖盘
1384,13:47:09,9.05,--,34,30770,买盘
1385,13:47:06,9.05,--,304,275120,买盘
1386,13:47:03,9.05,--,221,200005,买盘
1387,13:47:00,9.05,--,419,379439,卖盘
1388,13:46:57,9.05,-0.01,47,42535,卖盘
1389,13:46:54,9.06,--,51,46206,买盘
1390,13:46:51,9.06,0.01,433,392298,买盘
1391,13:46:48,9.05,--,277,250685,卖盘
1392,13:46:45,9.05,-0.01,216,195480,卖盘
1393,13:46:42,9.06,--,34,30804,买盘
1394,13:46:39,9.06,--,28,25368,买盘
1395,13:46:36,9.06,--,24,21744,买盘
1396,13:46:33,9.06,0.01,30,27180,买盘
1397,13:46:30,9.05,--,23,20815,卖盘
1398,13:46:27,9.05,-0.01,29,26245,卖盘
1399,13:46:24,9.06,0.01,27,24462,买盘
1400,13:46:21,9.05,--,53,47965,卖盘
1401,13:46:18,9.05,--,538,486890,卖盘
1402,13:46:15,9.05,-0.01,122,110410,卖盘
1403,13:46:12,9.06,0.01,7,6342,买盘
1404,13:46:09,9.05,--,227,205435,卖盘
1405,13:46:06,9.05,--,64,57920,卖盘
1406,13:46:03,9.05,--,140,127360,买盘
1407,13:46:00,9.05,0.01,443,400915,买盘
1408,13:45:57,9.04,-0.01,671,606584,卖盘
1409,13:45:54,9.05,--,26,23530,买盘
1410,13:45:51,9.05,--,7,6335,买盘
1411,13:45:48,9.05,--,197,178285,买盘
1412,13:45:45,9.05,--,119,107695,买盘
1413,13:45:42,9.05,0.01,12,10860,买盘
1414,13:45:39,9.04,--,43,38871,卖盘
1415,13:45:36,9.04,--,60,54239,卖盘
1416,13:45:33,9.04,-0.01,31,28023,卖盘
1417,13:45:30,9.05,--,286,258830,买盘
1418,13:45:27,9.05,0.01,1688,1527640,买盘
1419,13:45:24,9.04,--,16,14463,卖盘
1420,13:45:18,9.04,--,97,87687,卖盘
1421,13:45:15,9.04,-0.01,511,461943,卖盘
1422,13:45:12,9.05,0.01,59,53395,买盘
1423,13:45:09,9.04,--,185,167239,卖盘
1424,13:45:06,9.04,-0.01,23,20791,卖盘
1425,13:45:03,9.05,0.01,20,18100,买盘
1426,13:45:00,9.04,-0.01,961,868743,卖盘
1427,13:44:57,9.05,--,13,11765,买盘
1428,13:44:54,9.05,--,47,42535,买盘
1429,13:44:51,9.05,0.02,69,62445,买盘
1430,13:44:48,9.03,-0.01,363,327789,卖盘
1431,13:44:45,9.04,-0.01,63,56951,卖盘
1432,13:44:42,9.05,0.02,121,109505,买盘
1433,13:44:39,9.03,-0.01,550,496649,卖盘
1434,13:44:36,9.04,--,13,11751,卖盘
1435,13:44:33,9.04,0.01,7,6327,卖盘
1436,13:44:30,9.03,-0.01,371,335013,卖盘
1437,13:44:27,9.04,--,434,392390,买盘
1438,13:44:24,9.04,--,115,103959,买盘
1439,13:44:21,9.04,0.01,267,241367,买盘
1440,13:44:18,9.03,-0.01,64,57791,卖盘
1441,13:44:15,9.04,--,336,303744,买盘
1442,13:44:12,9.04,--,838,758365,买盘
1443,13:44:09,9.04,0.01,35,31639,买盘
1444,13:44:06,9.03,-0.01,52,46956,卖盘
1445,13:44:03,9.04,--,371,335383,买盘
1446,13:44:00,9.04,0.01,230,207919,买盘
1447,13:43:57,9.03,-0.01,20,18060,卖盘
1448,13:43:54,9.04,--,899,812695,买盘
1449,13:43:51,9.04,--,44,39775,买盘
1450,13:43:48,9.04,0.01,15,13559,买盘
1451,13:43:45,9.03,-0.01,853,770259,卖盘
1452,13:43:42,9.04,0.01,61,55143,买盘
1453,13:43:39,9.03,--,84,75852,卖盘
1454,13:43:36,9.03,--,466,420888,买盘
1455,13:43:33,9.03,--,27,24381,买盘
1456,13:43:30,9.03,0.01,441,398223,买盘
1457,13:43:27,9.02,--,126,113652,卖盘
1458,13:43:24,9.02,--,94,84788,卖盘
1459,13:43:21,9.02,--,68,61336,卖盘
1460,13:43:18,9.02,--,82,73964,卖盘
1461,13:43:15,9.02,--,106,95612,卖盘
1462,13:43:12,9.02,--,42,37884,卖盘
1463,13:43:09,9.02,--,43,38786,买盘
1464,13:43:06,9.02,--,61,55022,买盘
1465,13:43:03,9.02,--,192,173184,卖盘
1466,13:43:00,9.02,--,272,245344,买盘
1467,13:42:57,9.02,0.01,52,46904,买盘
1468,13:42:54,9.01,-0.01,634,571234,卖盘
1469,13:42:51,9.02,--,67,60434,买盘
1470,13:42:48,9.02,--,25,22550,买盘
1471,13:42:45,9.02,-0.01,1807,1629914,卖盘
1472,13:42:42,9.03,--,583,527261,卖盘
1473,13:42:39,9.03,--,175,158025,卖盘
1474,13:42:36,9.03,--,197,177891,卖盘
1475,13:42:33,9.03,--,41,37023,卖盘
1476,13:42:30,9.03,--,10,9030,卖盘
1477,13:42:27,9.03,--,90,81270,卖盘
1478,13:42:24,9.03,-0.01,31,27992,卖盘
1479,13:42:21,9.04,--,303,273912,买盘
1480,13:42:18,9.04,0.01,87,78647,买盘
1481,13:42:15,9.03,-0.01,58,52373,卖盘
1482,13:42:12,9.04,0.01,22,19887,买盘
1483,13:42:09,9.03,-0.01,427,385581,卖盘
1484,13:42:06,9.04,0.01,248,224191,买盘
1485,13:42:03,9.03,--,89,80367,卖盘
1486,13:42:00,9.03,--,38,34314,卖盘
1487,13:41:57,9.03,--,163,147189,卖盘
1488,13:41:54,9.03,0.01,1738,1569504,买盘
1489,13:41:51,9.02,--,131,118162,卖盘
1490,13:41:48,9.02,--,120,108240,卖盘
1491,13:41:45,9.02,-0.01,116,104632,卖盘
1492,13:41:42,9.03,0.01,45,40635,买盘
1493,13:41:39,9.02,--,125,112750,卖盘
1494,13:41:36,9.02,--,103,92906,卖盘
1495,13:41:33,9.02,--,165,148830,卖盘
1496,13:41:30,9.02,0.01,99,89298,买盘
1497,13:41:27,9.01,-0.01,54,48654,卖盘
1498,13:41:24,9.02,--,89,80278,买盘
1499,13:41:21,9.02,--,244,220088,买盘
1500,13:41:18,9.02,--,609,549318,买盘
1501,13:41:15,9.02,--,92,82984,买盘
1502,13:41:12,9.02,--,92,82984,买盘
1503,13:41:09,9.02,--,123,110946,买盘
1504,13:41:06,9.02,0.01,163,147026,买盘
1505,13:41:03,9.01,-0.01,76,68476,卖盘
1506,13:41:00,9.02,-0.01,295,266090,卖盘
1507,13:40:57,9.03,0.01,330,297990,买盘
1508,13:40:54,9.02,--,98,88396,卖盘
1509,13:40:51,9.02,0.01,201,181302,买盘
1510,13:40:48,9.01,--,768,691968,卖盘
1511,13:40:45,9.01,--,217,195976,卖盘
1512,13:40:42,9.01,-0.01,225,202725,卖盘
1513,13:40:39,9.02,--,144,130329,卖盘
1514,13:40:36,9.02,0.01,41,37442,买盘
1515,13:40:33,9.01,-0.01,237,213537,卖盘
1516,13:40:30,9.02,--,151,136202,买盘
1517,13:40:27,9.02,-0.01,266,240373,卖盘
1518,13:40:24,9.03,0.01,1343,1212729,买盘
1519,13:40:21,9.02,--,93,83886,卖盘
1520,13:40:18,9.02,--,98,88396,卖盘
1521,13:40:15,9.02,--,255,230010,卖盘
1522,13:40:12,9.02,-0.01,79,71258,卖盘
1523,13:40:09,9.03,--,100,90300,买盘
1524,13:40:06,9.03,--,44,39732,买盘
1525,13:40:03,9.03,0.01,498,449693,买盘
1526,13:40:00,9.02,--,42,37884,卖盘
1527,13:39:57,9.02,--,121,109142,卖盘
1528,13:39:54,9.02,-0.01,209,188518,卖盘
1529,13:39:51,9.03,0.01,12,10836,买盘
1530,13:39:48,9.02,--,448,404556,卖盘
1531,13:39:45,9.02,--,126,113652,卖盘
1532,13:39:42,9.02,-0.01,27,24354,卖盘
1533,13:39:39,9.03,0.01,97,87591,买盘
1534,13:39:36,9.02,--,705,635910,买盘
1535,13:39:33,9.02,--,587,529474,卖盘
1536,13:39:30,9.02,--,128,115456,卖盘
1537,13:39:27,9.02,-0.01,231,208362,卖盘
1538,13:39:24,9.03,0.01,54,48762,买盘
1539,13:39:21,9.02,--,89,80278,卖盘
1540,13:39:18,9.02,--,187,168674,卖盘
1541,13:39:15,9.02,--,48,43296,卖盘
1542,13:39:12,9.02,-0.01,49,44198,卖盘
1543,13:39:09,9.03,0.02,80,72240,买盘
1544,13:39:06,9.01,--,186,167586,卖盘
1545,13:39:03,9.01,-0.01,605,545546,卖盘
1546,13:39:00,9.02,-0.01,398,358996,卖盘
1547,13:38:57,9.03,0.01,105,94815,买盘
1548,13:38:54,9.02,-0.01,367,331034,卖盘
1549,13:38:51,9.03,--,260,234779,买盘
1550,13:38:48,9.03,0.01,33,29798,买盘
1551,13:38:45,9.02,-0.01,41,36982,卖盘
1552,13:38:42,9.03,--,296,267288,买盘
1553,13:38:39,9.03,--,230,207689,卖盘
1554,13:38:36,9.03,-0.01,828,747684,卖盘
1555,13:38:33,9.04,0.02,84,75936,买盘
1556,13:38:30,9.02,--,162,146124,卖盘
1557,13:38:27,9.02,-0.01,1278,1152756,卖盘
1558,13:38:24,9.03,--,276,249227,卖盘
1559,13:38:21,9.03,--,75,67725,卖盘
1560,13:38:18,9.03,--,252,227555,买盘
1561,13:38:15,9.03,--,1065,961694,买盘
1562,13:38:12,9.03,0.01,18,16253,买盘
1563,13:38:09,9.02,-0.01,85,76670,卖盘
1564,13:38:06,9.03,--,269,242906,买盘
1565,13:38:03,9.03,0.01,281,253742,买盘
1566,13:38:00,9.02,-0.01,449,404998,卖盘
1567,13:37:57,9.03,--,198,178794,买盘
1568,13:37:54,9.03,--,38,34314,买盘
1569,13:37:51,9.03,0.01,240,216719,买盘
1570,13:37:48,9.02,-0.01,170,153340,卖盘
1571,13:37:45,9.03,--,1066,963428,卖盘
1572,13:37:42,9.03,--,1855,1675064,买盘
1573,13:37:39,9.03,--,800,722400,卖盘
1574,13:37:36,9.03,-0.01,702,633906,卖盘
1575,13:37:33,9.04,0.01,154,139216,买盘
1576,13:37:30,9.03,-0.01,623,562569,卖盘
1577,13:37:27,9.04,--,191,172663,买盘
1578,13:37:24,9.04,0.01,47,42487,买盘
1579,13:37:21,9.03,--,376,339528,卖盘
1580,13:37:18,9.03,--,89,80367,卖盘
1581,13:37:15,9.03,--,486,438857,卖盘
1582,13:37:12,9.03,-0.01,552,498455,卖盘
1583,13:37:09,9.04,0.01,358,323631,买盘
1584,13:37:06,9.03,--,203,183309,卖盘
1585,13:37:03,9.03,-0.01,799,721497,卖盘
1586,13:37:00,9.04,0.01,111,100343,买盘
1587,13:36:57,9.03,-0.01,69,62306,卖盘
1588,13:36:54,9.04,--,146,131984,买盘
1589,13:36:51,9.04,--,69,62375,买盘
1590,13:36:48,9.04,--,44,40417,卖盘
1591,13:36:45,9.04,0.01,626,566166,买盘
1592,13:36:42,9.03,-0.01,39,35217,卖盘
1593,13:36:39,9.04,--,20,18080,买盘
1594,13:36:36,9.04,--,14,12655,买盘
1595,13:36:33,9.04,0.01,208,188031,买盘
1596,13:36:30,9.03,-0.01,139,125516,卖盘
1597,13:36:27,9.04,0.01,881,796423,买盘
1598,13:36:24,9.03,--,1198,1081794,卖盘
1599,13:36:21,9.03,--,76,68628,卖盘
1600,13:36:18,9.03,--,189,170667,卖盘
1601,13:36:15,9.03,--,34,30701,卖盘
1602,13:36:12,9.03,--,112,101136,卖盘
1603,13:36:09,9.03,--,333,300699,买盘
1604,13:36:06,9.03,0.01,119,107456,买盘
1605,13:36:03,9.02,-0.01,188,169576,卖盘
1606,13:36:00,9.03,--,329,297087,买盘
1607,13:35:57,9.03,--,490,442469,卖盘
1608,13:35:54,9.03,--,301,271803,卖盘
1609,13:35:51,9.03,--,418,377454,卖盘
1610,13:35:48,9.03,--,62,55985,卖盘
1611,13:35:45,9.03,--,109,98427,买盘
1612,13:35:42,9.03,0.01,248,223943,买盘
1613,13:35:39,9.02,-0.01,342,308484,卖盘
1614,13:35:36,9.03,--,257,232070,买盘
1615,13:35:33,9.03,0.01,150,135450,买盘
1616,13:35:30,9.02,-0.02,28,25256,卖盘
1617,13:35:27,9.04,0.01,373,337191,买盘
1618,13:35:24,9.03,--,56,50568,卖盘
1619,13:35:21,9.03,--,136,122807,卖盘
1620,13:35:18,9.03,0.01,3029,2735719,买盘
1621,13:35:15,9.02,0.01,146,131692,买盘
1622,13:35:12,9.01,-0.01,1938,1746507,卖盘
1623,13:35:09,9.02,--,329,296758,卖盘
1624,13:35:06,9.02,--,269,243530,卖盘
1625,13:35:03,9.02,--,713,643126,卖盘
1626,13:35:00,9.02,-0.01,893,805486,卖盘
1627,13:34:57,9.03,0.01,608,549565,买盘
1628,13:34:54,9.02,-0.01,498,449196,卖盘
1629,13:34:51,9.03,0.01,74,66822,买盘
1630,13:34:48,9.02,-0.01,2453,2212606,卖盘
1631,13:34:45,9.03,-0.01,268,242003,卖盘
1632,13:34:42,9.04,0.01,219,197975,买盘
1633,13:34:39,9.03,-0.01,32,28895,卖盘
1634,13:34:36,9.04,--,28,25311,买盘
1635,13:34:33,9.04,--,740,669032,卖盘
1636,13:34:30,9.04,-0.01,1641,1483463,卖盘
1637,13:34:27,9.05,0.01,184,166520,买盘
1638,13:34:24,9.04,-0.01,642,580368,卖盘
1639,13:34:21,9.05,--,5,4525,买盘
1640,13:34:18,9.05,--,252,228874,卖盘
1641,13:34:15,9.05,--,3272,2961160,卖盘
1642,13:34:12,9.05,--,135,122175,卖盘
1643,13:34:09,9.05,--,144,130320,卖盘
1644,13:34:06,9.05,--,2223,2011815,卖盘
1645,13:34:03,9.05,--,339,307012,卖盘
1646,13:34:00,9.05,-0.01,8581,7766221,卖盘
1647,13:33:57,9.06,--,115,104190,买盘
1648,13:33:54,9.06,--,507,459704,卖盘
1649,13:33:51,9.06,--,183,165798,卖盘
1650,13:33:48,9.06,-0.01,89,80634,卖盘
1651,13:33:45,9.07,0.01,53,48071,买盘
1652,13:33:42,9.06,--,874,791844,卖盘
1653,13:33:39,9.06,-0.01,2129,1928874,卖盘
1654,13:33:36,9.07,--,75,68025,买盘
1655,13:33:33,9.07,0.01,51,46257,买盘
1656,13:33:30,9.06,--,34,30804,卖盘
1657,13:33:27,9.06,-0.01,2839,2572134,卖盘
1658,13:33:24,9.07,0.01,113,102491,买盘
1659,13:33:21,9.06,-0.01,157,142242,卖盘
1660,13:33:18,9.07,--,59,53513,买盘
1661,13:33:15,9.07,--,10,9070,买盘
1662,13:33:12,9.07,--,61,55327,买盘
1663,13:33:09,9.07,-0.01,339,307473,卖盘
1664,13:33:06,9.08,--,126,114408,买盘
1665,13:33:03,9.08,0.01,24,21792,买盘
1666,13:33:00,9.07,-0.01,46,41722,卖盘
1667,13:32:57,9.08,0.01,427,387716,买盘
1668,13:32:54,9.07,-0.01,53,48071,卖盘
1669,13:32:51,9.08,0.01,51,46308,买盘
1670,13:32:48,9.07,--,133,120631,卖盘
1671,13:32:45,9.07,--,143,129701,卖盘
1672,13:32:42,9.07,-0.01,21,19047,卖盘
1673,13:32:39,9.08,--,7,6356,买盘
1674,13:32:36,9.08,0.01,55,49940,买盘
1675,13:32:33,9.07,--,44,39908,卖盘
1676,13:32:30,9.07,-0.01,26,23582,卖盘
1677,13:32:27,9.08,0.01,178,161624,买盘
1678,13:32:24,9.07,--,55,49885,卖盘
1679,13:32:21,9.07,--,30,27210,卖盘
1680,13:32:18,9.07,--,105,95235,卖盘
1681,13:32:15,9.07,--,12,10884,卖盘
1682,13:32:12,9.07,--,124,112468,卖盘
1683,13:32:09,9.07,-0.01,49,44443,卖盘
1684,13:32:06,9.08,--,121,109868,买盘
1685,13:32:03,9.08,0.01,52,47216,买盘
1686,13:32:00,9.07,-0.01,80,72560,卖盘
1687,13:31:57,9.08,0.01,218,197944,买盘
1688,13:31:54,9.07,--,43,39001,卖盘
1689,13:31:51,9.07,--,92,83444,卖盘
1690,13:31:48,9.07,--,33,29931,卖盘
1691,13:31:45,9.07,--,143,129701,卖盘
1692,13:31:42,9.07,--,207,187749,卖盘
1693,13:31:39,9.07,--,20,18140,卖盘
1694,13:31:36,9.07,-0.01,22,19954,卖盘
1695,13:31:33,9.08,0.02,72,65376,买盘
1696,13:31:30,9.06,-0.01,70,63420,卖盘
1697,13:31:27,9.07,0.01,4751,4309157,买盘
1698,13:31:24,9.06,-0.01,51,46206,卖盘
1699,13:31:21,9.07,--,34,30838,买盘
1700,13:31:18,9.07,--,134,121538,卖盘
1701,13:31:15,9.07,--,78,70746,买盘
1702,13:31:12,9.07,--,139,126073,买盘
1703,13:31:09,9.07,--,107,97049,买盘
1704,13:31:06,9.07,--,25,22675,买盘
1705,13:31:03,9.07,--,129,117003,买盘
1706,13:31:00,9.07,--,49,44443,买盘
1707,13:30:57,9.07,--,198,179586,卖盘
1708,13:30:54,9.07,--,287,260309,卖盘
1709,13:30:51,9.07,--,75,68025,卖盘
1710,13:30:48,9.07,--,113,102491,买盘
1711,13:30:45,9.07,--,27,24489,买盘
1712,13:30:42,9.07,--,415,376405,卖盘
1713,13:30:39,9.07,--,316,286612,卖盘
1714,13:30:36,9.07,-0.01,118,107026,卖盘
1715,13:30:33,9.08,0.01,43,39044,买盘
1716,13:30:30,9.07,-0.01,17,15419,卖盘
1717,13:30:27,9.08,0.01,104,94432,买盘
1718,13:30:24,9.07,-0.01,436,395452,卖盘
1719,13:30:21,9.08,0.01,13,11804,买盘
1720,13:30:18,9.07,--,148,134236,卖盘
1721,13:30:15,9.07,--,60,54420,卖盘
1722,13:30:12,9.07,--,102,92514,卖盘
1723,13:30:09,9.07,--,68,61676,卖盘
1724,13:30:06,9.07,--,292,264844,买盘
1725,13:30:03,9.07,--,34,30838,买盘
1726,13:30:00,9.07,--,298,270286,卖盘
1727,13:29:57,9.07,--,35,31745,卖盘
1728,13:29:54,9.07,--,90,81630,卖盘
1729,13:29:51,9.07,0.01,42,38094,中性盘
1730,13:29:48,9.06,-0.02,42,38052,卖盘
1731,13:29:45,9.08,0.02,182,165256,买盘
1732,13:29:42,9.06,-0.02,1015,919590,卖盘
1733,13:29:39,9.08,--,44,39952,买盘
1734,13:29:36,9.08,--,42,38136,买盘
1735,13:29:33,9.08,0.01,13,11804,买盘
1736,13:29:30,9.07,-0.01,114,103398,卖盘
1737,13:29:27,9.08,--,10,9080,买盘
1738,13:29:24,9.08,--,396,359568,买盘
1739,13:29:21,9.08,0.01,69,62652,买盘
1740,13:29:18,9.07,-0.01,150,136050,卖盘
1741,13:29:15,9.08,--,80,72640,买盘
1742,13:29:12,9.08,0.01,649,589564,买盘
1743,13:29:09,9.07,-0.01,630,571410,卖盘
1744,13:29:06,9.08,--,121,109868,买盘
1745,13:29:03,9.08,--,94,85352,买盘
1746,13:29:00,9.08,--,60,54480,买盘
1747,13:28:57,9.08,--,15,13620,买盘
1748,13:28:54,9.08,--,476,432208,买盘
1749,13:28:51,9.08,--,4,3632,买盘
1750,13:28:48,9.08,--,65,59020,买盘
1751,13:28:45,9.08,0.01,86,78088,买盘
1752,13:28:42,9.07,0.01,136,123352,买盘
1753,13:28:39,9.06,-0.01,91,82446,卖盘
1754,13:28:36,9.07,--,144,130608,卖盘
1755,13:28:33,9.07,--,766,695306,卖盘
1756,13:28:30,9.07,--,233,211331,卖盘
1757,13:28:27,9.07,-0.01,82,74374,卖盘
1758,13:28:24,9.08,--,158,143464,买盘
1759,13:28:21,9.08,--,96,87168,买盘
1760,13:28:18,9.08,0.01,253,229724,买盘
1761,13:28:15,9.07,--,20,18140,卖盘
1762,13:28:12,9.07,--,84,76188,卖盘
1763,13:28:09,9.07,0.01,735,666645,买盘
1764,13:28:06,9.06,-0.01,182,164892,卖盘
1765,13:28:03,9.07,0.01,197,178679,买盘
1766,13:28:00,9.06,--,752,681312,卖盘
1767,13:27:57,9.06,--,79,71574,卖盘
1768,13:27:54,9.06,--,244,221064,卖盘
1769,13:27:51,9.06,-0.01,698,632388,卖盘
1770,13:27:48,9.07,0.01,98,88886,买盘
1771,13:27:45,9.06,--,835,756510,卖盘
1772,13:27:42,9.06,--,196,177576,卖盘
1773,13:27:39,9.06,--,59,53454,卖盘
1774,13:27:36,9.06,--,96,86976,买盘
1775,13:27:33,9.06,-0.01,424,384144,卖盘
1776,13:27:30,9.07,--,63,57141,买盘
1777,13:27:27,9.07,0.02,596,540572,买盘
1778,13:27:24,9.05,-0.01,4280,3873400,卖盘
1779,13:27:21,9.06,-0.01,32,28992,卖盘
1780,13:27:18,9.07,--,189,171423,买盘
1781,13:27:15,9.07,--,144,130608,买盘
1782,13:27:12,9.07,--,2508,2274756,卖盘
1783,13:27:09,9.07,-0.01,288,261216,卖盘
1784,13:27:06,9.08,0.01,154,139832,买盘
1785,13:27:03,9.07,--,121,109747,卖盘
1786,13:27:00,9.07,--,278,252146,卖盘
1787,13:26:57,9.07,-0.01,482,437174,卖盘
1788,13:26:54,9.08,0.01,114,103512,买盘
1789,13:26:51,9.07,--,1989,1804023,卖盘
1790,13:26:48,9.07,--,47,42629,卖盘
1791,13:26:45,9.07,-0.01,172,156004,卖盘
1792,13:26:42,9.08,--,124,112592,买盘
1793,13:26:39,9.08,--,411,373188,卖盘
1794,13:26:36,9.08,--,96,87168,卖盘
1795,13:26:33,9.08,--,177,160716,卖盘
1796,13:26:30,9.08,--,291,264228,买盘
1797,13:26:27,9.08,-0.01,630,572040,卖盘
1798,13:26:24,9.09,0.01,69,62721,买盘
1799,13:26:21,9.08,--,581,527548,卖盘
1800,13:26:18,9.08,--,325,295100,卖盘
1801,13:26:15,9.08,--,264,239712,卖盘
1802,13:26:12,9.08,-0.01,178,161624,卖盘
1803,13:26:09,9.09,--,314,285426,买盘
1804,13:26:06,9.09,0.01,309,280881,买盘
1805,13:26:03,9.08,--,190,172520,卖盘
1806,13:26:00,9.08,-0.01,194,176152,卖盘
1807,13:25:57,9.09,0.01,301,273609,买盘
1808,13:25:54,9.08,-0.01,158,143464,卖盘
1809,13:25:51,9.09,0.01,1657,1506213,买盘
1810,13:25:48,9.08,--,233,211564,卖盘
1811,13:25:45,9.08,--,95,86260,卖盘
1812,13:25:42,9.08,--,92,83536,卖盘
1813,13:25:39,9.08,--,10,9080,卖盘
1814,13:25:36,9.08,-0.01,32,29056,卖盘
1815,13:25:33,9.09,-0.01,68,61812,卖盘
1816,13:25:30,9.1,0.01,319,290290,买盘
1817,13:25:27,9.09,--,431,391779,卖盘
1818,13:25:24,9.09,--,116,105444,卖盘
1819,13:25:21,9.09,--,858,779922,卖盘
1820,13:25:18,9.09,--,84,76356,卖盘
1821,13:25:15,9.09,--,120,109080,卖盘
1822,13:25:12,9.09,--,109,99081,卖盘
1823,13:25:09,9.09,--,363,329967,卖盘
1824,13:25:06,9.09,--,299,271791,卖盘
1825,13:25:03,9.09,--,28,25452,卖盘
1826,13:25:00,9.09,-0.01,120,109080,卖盘
1827,13:24:57,9.1,0.01,109,99190,买盘
1828,13:24:54,9.09,--,7,6363,卖盘
1829,13:24:51,9.09,--,1123,1020807,卖盘
1830,13:24:48,9.09,-0.01,13,11817,卖盘
1831,13:24:45,9.1,--,270,246064,卖盘
1832,13:24:42,9.1,--,293,266630,卖盘
1833,13:24:39,9.1,--,77,70070,卖盘
1834,13:24:36,9.1,--,86,78260,卖盘
1835,13:24:33,9.1,--,13,11830,卖盘
1836,13:24:30,9.1,--,35,31850,卖盘
1837,13:24:27,9.1,--,48,43680,卖盘
1838,13:24:24,9.1,--,18,16380,卖盘
1839,13:24:21,9.1,--,132,120120,卖盘
1840,13:24:18,9.1,-0.01,512,465920,卖盘
1841,13:24:15,9.11,0.01,25,22775,买盘
1842,13:24:12,9.1,--,30,27300,卖盘
1843,13:24:09,9.1,-0.01,11,10010,卖盘
1844,13:24:06,9.11,--,38,34618,买盘
1845,13:24:03,9.11,--,165,150315,卖盘
1846,13:24:00,9.11,--,3,2733,卖盘
1847,13:23:57,9.11,-0.01,94,85634,卖盘
1848,13:23:54,9.12,0.01,52,47423,买盘
1849,13:23:51,9.11,0.01,14,12754,中性盘
1850,13:23:48,9.1,-0.01,796,724360,卖盘
1851,13:23:45,9.11,--,12,10932,卖盘
1852,13:23:42,9.11,--,190,173090,卖盘
1853,13:23:39,9.11,--,317,288787,买盘
1854,13:23:36,9.11,--,55,50105,买盘
1855,13:23:33,9.11,--,98,89278,卖盘
1856,13:23:30,9.11,--,14,12754,卖盘
1857,13:23:27,9.11,0.01,343,312473,买盘
1858,13:23:24,9.1,--,13,11830,卖盘
1859,13:23:21,9.1,-0.01,275,250250,卖盘
1860,13:23:18,9.11,0.01,1579,1438469,买盘
1861,13:23:15,9.1,-0.01,325,295750,卖盘
1862,13:23:12,9.11,--,503,458233,买盘
1863,13:23:09,9.11,--,118,107498,买盘
1864,13:23:06,9.11,--,203,184933,买盘
1865,13:23:03,9.11,--,2939,2677429,买盘
1866,13:23:00,9.11,-0.01,236,214996,卖盘
1867,13:22:57,9.12,0.01,49,44687,买盘
1868,13:22:54,9.11,--,58,52838,卖盘
1869,13:22:51,9.11,--,361,329417,买盘
1870,13:22:48,9.11,--,1304,1188308,卖盘
1871,13:22:45,9.11,-0.01,556,506515,卖盘
1872,13:22:42,9.12,0.01,27,24623,买盘
1873,13:22:39,9.11,--,6,5466,卖盘
1874,13:22:36,9.11,--,2,1822,卖盘
1875,13:22:33,9.11,-0.01,261,237770,卖盘
1876,13:22:30,9.12,0.01,59,53807,买盘
1877,13:22:27,9.11,--,122,111688,买盘
1878,13:22:24,9.11,--,56,51016,买盘
1879,13:22:21,9.11,--,53,48647,卖盘
1880,13:22:18,9.11,--,298,271478,卖盘
1881,13:22:15,9.11,--,135,122984,卖盘
1882,13:22:12,9.11,--,671,611827,买盘
1883,13:22:09,9.11,--,293,266923,买盘
1884,13:22:06,9.11,0.01,38,34618,买盘
1885,13:22:03,9.1,-0.01,26,23660,卖盘
1886,13:22:00,9.11,0.01,187,170357,买盘
1887,13:21:57,9.1,-0.01,24,21840,卖盘
1888,13:21:54,9.11,-0.01,1028,936872,卖盘
1889,13:21:51,9.12,--,2,1823,买盘
1890,13:21:48,9.12,--,8,7295,卖盘
1891,13:21:42,9.12,0.01,123,112175,买盘
1892,13:21:39,9.11,--,143,130272,卖盘
1893,13:21:36,9.11,--,18,16398,卖盘
1894,13:21:33,9.11,-0.01,214,194954,卖盘
1895,13:21:30,9.12,-0.01,24,21887,卖盘
1896,13:21:27,9.13,0.01,14,12782,买盘
1897,13:21:24,9.12,--,37,33744,卖盘
1898,13:21:21,9.12,0.01,65,59279,买盘
1899,13:21:18,9.11,-0.01,526,479185,卖盘
1900,13:21:15,9.12,0.01,27,24623,买盘
1901,13:21:12,9.11,--,46,41906,卖盘
1902,13:21:09,9.11,--,26,23686,卖盘
1903,13:21:06,9.11,-0.02,229,208619,卖盘
1904,13:21:03,9.13,0.01,82,74866,买盘
1905,13:21:00,9.12,0.01,40,36480,买盘
1906,13:20:57,9.11,-0.01,18,16398,卖盘
1907,13:20:54,9.12,--,167,152304,买盘
1908,13:20:51,9.12,0.01,50,45599,买盘
1909,13:20:48,9.11,--,733,667763,卖盘
1910,13:20:45,9.11,-0.01,25,22775,卖盘
1911,13:20:42,9.12,--,44,40128,买盘
1912,13:20:39,9.12,0.01,37,33744,买盘
1913,13:20:36,9.11,--,4,3644,卖盘
1914,13:20:33,9.11,-0.01,117,106587,卖盘
1915,13:20:30,9.12,0.01,54,49247,买盘
1916,13:20:27,9.11,-0.01,74,67414,卖盘
1917,13:20:24,9.12,--,163,148656,买盘
1918,13:20:21,9.12,0.01,15,13679,中性盘
1919,13:20:18,9.11,-0.01,1523,1387453,卖盘
1920,13:20:15,9.12,--,15,13679,买盘
1921,13:20:12,9.12,0.01,453,413683,买盘
1922,13:20:09,9.11,-0.01,179,163069,卖盘
1923,13:20:06,9.12,0.01,14,12767,买盘
1924,13:20:03,9.11,--,116,105676,卖盘
1925,13:20:00,9.11,-0.01,105,95655,卖盘
1926,13:19:57,9.12,--,192,175103,买盘
1927,13:19:54,9.12,-0.01,529,482812,卖盘
1928,13:19:51,9.13,--,629,574277,买盘
1929,13:19:48,9.13,0.01,992,905696,买盘
1930,13:19:45,9.12,--,4,3647,卖盘
1931,13:19:42,9.12,--,42,38304,卖盘
1932,13:19:39,9.12,--,47,42863,卖盘
1933,13:19:36,9.12,-0.01,329,300048,卖盘
1934,13:19:33,9.13,--,54,49302,买盘
1935,13:19:30,9.13,--,63,57519,买盘
1936,13:19:27,9.13,0.01,24,21912,买盘
1937,13:19:24,9.12,-0.01,53,48335,卖盘
1938,13:19:21,9.13,--,34,31042,买盘
1939,13:19:18,9.13,--,153,139689,卖盘
1940,13:19:15,9.13,--,15,13695,卖盘
1941,13:19:12,9.13,--,34,31042,卖盘
1942,13:19:09,9.13,--,50,45650,卖盘
1943,13:19:06,9.13,--,11,10043,卖盘
1944,13:19:03,9.13,-0.01,24,21912,卖盘
1945,13:19:00,9.14,--,30,27420,买盘
1946,13:18:57,9.14,0.01,4,3656,买盘
1947,13:18:54,9.13,--,9,8217,卖盘
1948,13:18:51,9.13,--,297,271161,卖盘
1949,13:18:48,9.13,-0.01,416,379808,卖盘
1950,13:18:45,9.14,0.01,45,41130,买盘
1951,13:18:42,9.13,--,98,89474,卖盘
1952,13:18:39,9.13,--,69,62997,卖盘
1953,13:18:36,9.13,-0.01,216,197208,卖盘
1954,13:18:33,9.14,0.01,70,63980,买盘
1955,13:18:30,9.13,-0.01,9,8217,卖盘
1956,13:18:27,9.14,0.01,24,21936,买盘
1957,13:18:24,9.13,--,23,20999,卖盘
1958,13:18:21,9.13,-0.01,115,104995,卖盘
1959,13:18:18,9.14,--,53,48442,卖盘
1960,13:18:12,9.14,--,227,207478,买盘
1961,13:18:09,9.14,--,105,95970,买盘
1962,13:18:06,9.14,--,38,34732,买盘
1963,13:18:03,9.14,0.01,3,2742,买盘
1964,13:18:00,9.13,-0.01,36,32868,卖盘
1965,13:17:57,9.14,--,60,54840,买盘
1966,13:17:54,9.14,--,3,2742,买盘
1967,13:17:51,9.14,-0.01,278,254092,卖盘
1968,13:17:48,9.15,0.02,18,16470,买盘
1969,13:17:45,9.13,--,706,644578,卖盘
1970,13:17:42,9.13,-0.01,54,49302,卖盘
1971,13:17:39,9.14,--,122,111508,卖盘
1972,13:17:36,9.14,--,3,2742,卖盘
1973,13:17:33,9.14,--,363,331782,买盘
1974,13:17:30,9.14,--,67,61238,卖盘
1975,13:17:27,9.14,--,1,914,卖盘
1976,13:17:24,9.14,--,66,60324,卖盘
1977,13:17:21,9.14,-0.01,12,10968,买盘
1978,13:17:18,9.15,0.01,19,17385,买盘
1979,13:17:15,9.14,-0.01,9,8226,卖盘
1980,13:17:12,9.15,0.01,9,8235,买盘
1981,13:17:09,9.14,-0.01,1,914,中性盘
1982,13:17:06,9.15,0.02,15,13725,买盘
1983,13:17:03,9.13,--,117,106821,卖盘
1984,13:17:00,9.13,-0.02,13,11869,卖盘
1985,13:16:57,9.15,--,26,23790,买盘
1986,13:16:54,9.15,0.01,38,34770,买盘
1987,13:16:51,9.14,-0.01,174,159036,卖盘
1988,13:16:48,9.15,--,78,71370,买盘
1989,13:16:45,9.15,0.01,19,17385,买盘
1990,13:16:42,9.14,-0.01,21,19194,卖盘
1991,13:16:39,9.15,0.01,42,38430,买盘
1992,13:16:33,9.14,--,44,40216,卖盘
1993,13:16:30,9.14,--,20,18280,卖盘
1994,13:16:27,9.14,--,23,21022,卖盘
1995,13:16:24,9.14,--,12,10968,卖盘
1996,13:16:21,9.14,--,16,14624,卖盘
1997,13:16:18,9.14,-0.01,102,93228,卖盘
1998,13:16:15,9.15,0.01,50,45750,买盘
1999,13:16:12,9.14,--,2,1828,卖盘
2000,13:16:09,9.14,0.01,170,155380,买盘
2001,13:16:06,9.13,--,321,293073,卖盘
2002,13:16:03,9.13,--,48,43824,卖盘
2003,13:16:00,9.13,--,51,46563,卖盘
2004,13:15:57,9.13,-0.01,16,14608,卖盘
2005,13:15:54,9.14,--,17,15538,买盘
2006,13:15:51,9.14,0.01,5,4570,中性盘
2007,13:15:48,9.13,-0.01,387,353331,卖盘
2008,13:15:45,9.14,0.01,53,48442,买盘
2009,13:15:42,9.13,--,395,360635,卖盘
2010,13:15:39,9.13,--,128,116864,卖盘
2011,13:15:36,9.13,--,9,8217,卖盘
2012,13:15:33,9.13,--,12,10956,卖盘
2013,13:15:30,9.13,--,32,29216,卖盘
2014,13:15:27,9.13,--,51,46563,卖盘
2015,13:15:24,9.13,--,25,22825,卖盘
2016,13:15:21,9.13,--,304,277552,卖盘
2017,13:15:18,9.13,-0.01,106,96778,卖盘
2018,13:15:15,9.14,--,69,63066,卖盘
2019,13:15:09,9.14,--,70,63980,买盘
2020,13:15:06,9.14,0.01,205,187370,买盘
2021,13:15:03,9.13,--,34,31042,卖盘
2022,13:15:00,9.13,-0.01,18,16434,卖盘
2023,13:14:57,9.14,-0.01,372,340008,卖盘
2024,13:14:54,9.15,0.01,1,915,买盘
2025,13:14:51,9.14,-0.01,1,914,卖盘
2026,13:14:48,9.15,0.01,499,456585,买盘
2027,13:14:45,9.14,--,20,18280,卖盘
2028,13:14:42,9.14,--,74,67636,买盘
2029,13:14:39,9.14,0.01,16,14624,买盘
2030,13:14:36,9.13,--,15,13695,卖盘
2031,13:14:33,9.13,--,55,50215,卖盘
2032,13:14:30,9.13,-0.01,72,65736,卖盘
2033,13:14:27,9.14,0.01,40,36560,买盘
2034,13:14:24,9.13,-0.01,38,34694,卖盘
2035,13:14:21,9.14,0.01,32,29248,买盘
2036,13:14:18,9.13,--,45,41085,卖盘
2037,13:14:15,9.13,--,97,88561,卖盘
2038,13:14:12,9.13,-0.01,33,30129,卖盘
2039,13:14:09,9.14,-0.01,1,914,中性盘
2040,13:14:03,9.15,0.01,902,825330,买盘
2041,13:14:00,9.14,--,13,11882,卖盘
2042,13:13:57,9.14,-0.01,50,45700,卖盘
2043,13:13:54,9.15,0.01,10,9150,买盘
2044,13:13:51,9.14,--,12,10968,卖盘
2045,13:13:48,9.14,--,189,172746,卖盘
2046,13:13:45,9.14,--,97,88658,卖盘
2047,13:13:42,9.14,--,1,914,卖盘
2048,13:13:39,9.14,0.01,43,39302,买盘
2049,13:13:33,9.13,--,101,92213,卖盘
2050,13:13:30,9.13,-0.01,19,17347,卖盘
2051,13:13:27,9.14,0.01,111,101454,买盘
2052,13:13:24,9.13,--,11,10043,卖盘
2053,13:13:21,9.13,-0.01,20,18260,卖盘
2054,13:13:18,9.14,0.01,81,74034,买盘
2055,13:13:15,9.13,--,27,24651,卖盘
2056,13:13:12,9.13,--,20,18260,卖盘
2057,13:13:09,9.13,--,42,38346,买盘
2058,13:13:06,9.13,0.01,30,27390,买盘
2059,13:13:03,9.12,-0.01,514,468767,卖盘
2060,13:13:00,9.13,--,182,166166,卖盘
2061,13:12:57,9.13,-0.01,6,5478,卖盘
2062,13:12:54,9.14,0.01,15,13710,买盘
2063,13:12:51,9.13,-0.01,3,2739,卖盘
2064,13:12:48,9.14,0.01,68,62152,买盘
2065,13:12:45,9.13,--,201,183513,卖盘
2066,13:12:42,9.13,--,14,12782,卖盘
2067,13:12:39,9.13,-0.01,24,21912,卖盘
2068,13:12:36,9.14,--,13,11882,买盘
2069,13:12:33,9.14,0.01,140,127960,买盘
2070,13:12:30,9.13,--,36,32868,卖盘
2071,13:12:27,9.13,-0.01,45,41085,卖盘
2072,13:12:24,9.14,--,73,66722,买盘
2073,13:12:21,9.14,0.01,13,11882,买盘
2074,13:12:18,9.13,-0.01,32,29216,卖盘
2075,13:12:15,9.14,--,289,264146,买盘
2076,13:12:12,9.14,--,177,161778,买盘
2077,13:12:09,9.14,0.01,62,56668,买盘
2078,13:12:06,9.13,-0.01,87,79431,卖盘
2079,13:12:03,9.14,0.01,55,50270,买盘
2080,13:12:00,9.13,-0.01,13,11869,卖盘
2081,13:11:57,9.14,--,111,101454,买盘
2082,13:11:54,9.14,0.01,1,914,买盘
2083,13:11:51,9.13,--,9,8217,卖盘
2084,13:11:48,9.13,-0.01,127,115951,卖盘
2085,13:11:45,9.14,0.01,19,17366,买盘
2086,13:11:42,9.13,-0.01,421,384373,卖盘
2087,13:11:39,9.14,0.01,29,26506,买盘
2088,13:11:36,9.13,-0.01,2,1826,卖盘
2089,13:11:33,9.14,--,206,189015,卖盘
2090,13:11:30,9.14,-0.01,51,46614,卖盘
2091,13:11:27,9.15,0.01,12,10980,买盘
2092,13:11:24,9.14,--,33,30162,卖盘
2093,13:11:21,9.14,--,11,10054,卖盘
2094,13:11:18,9.14,0.01,221,202176,买盘
2095,13:11:15,9.13,--,20,18260,卖盘
2096,13:11:12,9.13,-0.01,602,549626,卖盘
2097,13:11:09,9.14,--,97,89389,卖盘
2098,13:11:06,9.14,-0.01,10,9140,卖盘
2099,13:11:03,9.15,0.01,67,61305,买盘
2100,13:11:00,9.14,-0.01,111,101454,卖盘
2101,13:10:57,9.15,--,121,110715,买盘
2102,13:10:54,9.15,--,51,46665,买盘
2103,13:10:51,9.15,0.01,144,131760,买盘
2104,13:10:48,9.14,-0.01,218,199252,卖盘
2105,13:10:45,9.15,0.01,61,55815,买盘
2106,13:10:42,9.14,-0.01,394,360116,卖盘
2107,13:10:39,9.15,0.01,25,22875,买盘
2108,13:10:36,9.14,--,96,87744,卖盘
2109,13:10:33,9.14,-0.01,2,1828,卖盘
2110,13:10:30,9.15,0.01,51,46665,买盘
2111,13:10:27,9.14,--,31,28334,卖盘
2112,13:10:24,9.14,-0.01,62,56668,卖盘
2113,13:10:21,9.15,--,54,49410,买盘
2114,13:10:18,9.15,--,11,10065,买盘
2115,13:10:15,9.15,0.01,26,23790,买盘
2116,13:10:12,9.14,-0.01,384,350976,卖盘
2117,13:10:09,9.15,--,92,84180,买盘
2118,13:10:06,9.15,--,46,42090,买盘
2119,13:10:03,9.15,0.01,162,148230,买盘
2120,13:10:00,9.14,--,18,16452,卖盘
2121,13:09:57,9.14,-0.01,121,110594,卖盘
2122,13:09:54,9.15,0.01,23,21045,买盘
2123,13:09:51,9.14,--,23,21022,卖盘
2124,13:09:48,9.14,-0.01,13,11882,卖盘
2125,13:09:45,9.15,0.01,18,16470,买盘
2126,13:09:42,9.14,--,2,1828,卖盘
2127,13:09:39,9.14,-0.01,118,107852,卖盘
2128,13:09:36,9.15,--,82,75030,买盘
2129,13:09:33,9.15,--,119,108885,买盘
2130,13:09:30,9.15,0.02,97,88938,买盘
2131,13:09:27,9.13,-0.01,16,14608,卖盘
2132,13:09:24,9.14,--,270,247511,卖盘
2133,13:09:21,9.14,--,61,55754,卖盘
2134,13:09:18,9.14,0.01,1316,1203006,买盘
2135,13:09:15,9.13,--,65,59345,卖盘
2136,13:09:12,9.13,--,100,91300,卖盘
2137,13:09:06,9.13,--,8,7304,卖盘
2138,13:09:03,9.13,--,39,35607,卖盘
2139,13:09:00,9.13,--,27,24651,卖盘
2140,13:08:57,9.13,-0.01,109,99517,卖盘
2141,13:08:48,9.14,0.01,21,19194,买盘
2142,13:08:45,9.13,--,296,270914,买盘
2143,13:08:42,9.13,--,168,153384,买盘
2144,13:08:39,9.13,--,31,28303,买盘
2145,13:08:36,9.13,--,163,148819,买盘
2146,13:08:33,9.13,--,16,14608,买盘
2147,13:08:30,9.13,0.01,149,136037,买盘
2148,13:08:27,9.12,--,10,9120,卖盘
2149,13:08:24,9.12,-0.01,21,19152,卖盘
2150,13:08:21,9.13,0.01,114,104082,买盘
2151,13:08:18,9.12,-0.01,275,250799,卖盘
2152,13:08:15,9.13,0.01,6,5478,买盘
2153,13:08:12,9.12,--,60,54719,卖盘
2154,13:08:09,9.12,--,44,40128,卖盘
2155,13:08:06,9.12,-0.01,52,47423,卖盘
2156,13:08:03,9.13,--,12,10956,买盘
2157,13:08:00,9.13,--,465,424545,买盘
2158,13:07:57,9.13,--,241,220033,买盘
2159,13:07:54,9.13,0.01,146,133298,买盘
2160,13:07:51,9.12,--,13,11855,卖盘
2161,13:07:48,9.12,--,16,14591,卖盘
2162,13:07:45,9.12,-0.01,3,2735,卖盘
2163,13:07:42,9.13,--,13,11869,买盘
2164,13:07:39,9.13,0.01,8,7304,买盘
2165,13:07:36,9.12,-0.01,21,19152,卖盘
2166,13:07:33,9.13,0.01,37,33781,买盘
2167,13:07:30,9.12,-0.01,318,290636,卖盘
2168,13:07:27,9.13,-0.01,4,3652,卖盘
2169,13:07:24,9.14,0.01,137,125218,买盘
2170,13:07:21,9.13,--,21,19173,卖盘
2171,13:07:18,9.13,-0.01,61,55693,卖盘
2172,13:07:15,9.14,0.01,18,16452,买盘
2173,13:07:12,9.13,-0.01,51,46563,卖盘
2174,13:07:09,9.14,--,92,84088,买盘
2175,13:07:06,9.14,0.01,21,19194,买盘
2176,13:07:03,9.13,--,27,24651,卖盘
2177,13:07:00,9.13,-0.01,7,6391,卖盘
2178,13:06:57,9.14,--,293,267802,买盘
2179,13:06:54,9.14,0.01,10,9140,买盘
2180,13:06:51,9.13,-0.01,14,12782,卖盘
2181,13:06:48,9.14,0.01,87,79518,买盘
2182,13:06:45,9.13,-0.01,150,136950,卖盘
2183,13:06:42,9.14,--,30,27420,买盘
2184,13:06:39,9.14,--,37,33818,买盘
2185,13:06:36,9.14,0.01,20,18280,买盘
2186,13:06:33,9.13,--,134,122342,卖盘
2187,13:06:30,9.13,--,12,10956,卖盘
2188,13:06:27,9.13,--,21,19173,卖盘
2189,13:06:24,9.13,-0.01,155,141515,卖盘
2190,13:06:21,9.14,0.01,40,36560,买盘
2191,13:06:18,9.13,--,25,22825,卖盘
2192,13:06:15,9.13,-0.01,146,133298,卖盘
2193,13:06:12,9.14,--,3,2742,买盘
2194,13:06:09,9.14,--,12,10968,买盘
2195,13:06:06,9.14,--,8,7312,买盘
2196,13:06:03,9.14,--,24,21936,买盘
2197,13:06:00,9.14,--,18,16452,买盘
2198,13:05:57,9.14,--,93,85002,卖盘
2199,13:05:54,9.14,--,163,148982,卖盘
2200,13:05:51,9.14,--,10,9140,卖盘
2201,13:05:48,9.14,--,279,255006,卖盘
2202,13:05:45,9.14,--,2,1828,卖盘
2203,13:05:42,9.14,--,44,40216,卖盘
2204,13:05:39,9.14,--,17,15538,卖盘
2205,13:05:33,9.14,--,239,218446,买盘
2206,13:05:27,9.14,--,2,1828,买盘
2207,13:05:24,9.14,0.01,50,45700,买盘
2208,13:05:21,9.13,-0.01,16,14608,卖盘
2209,13:05:18,9.14,--,26,23764,买盘
2210,13:05:15,9.14,0.01,46,42044,买盘
2211,13:05:12,9.13,--,71,64823,卖盘
2212,13:05:09,9.13,--,4,3652,卖盘
2213,13:05:06,9.13,-0.01,112,102256,卖盘
2214,13:05:03,9.14,--,43,39302,买盘
2215,13:05:00,9.14,--,72,65808,买盘
2216,13:04:57,9.14,--,1104,1009056,买盘
2217,13:04:54,9.14,--,30,27420,买盘
2218,13:04:51,9.14,0.01,227,207478,买盘
2219,13:04:48,9.13,-0.01,18,16434,卖盘
2220,13:04:45,9.14,--,9,8226,买盘
2221,13:04:42,9.14,--,2,1828,买盘
2222,13:04:39,9.14,0.01,10,9140,买盘
2223,13:04:36,9.13,-0.01,130,118690,卖盘
2224,13:04:33,9.14,--,29,26506,买盘
2225,13:04:30,9.14,0.01,529,483506,买盘
2226,13:04:27,9.13,-0.01,83,75779,卖盘
2227,13:04:24,9.14,--,16,14624,买盘
2228,13:04:21,9.14,--,14,12796,买盘
2229,13:04:18,9.14,0.01,37,33818,买盘
2230,13:04:15,9.13,-0.01,79,72127,卖盘
2231,13:04:12,9.14,--,16,14624,买盘
2232,13:04:09,9.14,0.01,35,31990,买盘
2233,13:04:06,9.13,-0.01,107,97691,卖盘
2234,13:04:03,9.14,--,23,21022,买盘
2235,13:04:00,9.14,0.01,11,10054,买盘
2236,13:03:57,9.13,-0.01,56,51128,卖盘
2237,13:03:54,9.14,0.01,17,15538,买盘
2238,13:03:51,9.13,--,6,5478,卖盘
2239,13:03:48,9.13,--,46,41998,卖盘
2240,13:03:45,9.13,-0.01,2,1826,卖盘
2241,13:03:42,9.14,--,65,59410,买盘
2242,13:03:39,9.14,0.01,60,54840,买盘
2243,13:03:36,9.13,-0.02,48,43824,卖盘
2244,13:03:33,9.15,0.01,55,50325,买盘
2245,13:03:30,9.14,0.01,35,32830,买盘
2246,13:03:27,9.13,-0.01,99,90460,卖盘
2247,13:03:24,9.14,-0.01,19,17366,卖盘
2248,13:03:21,9.15,0.01,524,479460,买盘
2249,13:03:18,9.14,--,47,42958,卖盘
2250,13:03:15,9.14,--,4,3656,卖盘
2251,13:03:12,9.14,--,38,34732,卖盘
2252,13:03:09,9.14,--,414,378871,卖盘
2253,13:03:06,9.14,-0.01,106,96884,卖盘
2254,13:03:03,9.15,--,32,29280,买盘
2255,13:03:00,9.15,0.01,12,10980,买盘
2256,13:02:57,9.14,--,21,19194,卖盘
2257,13:02:54,9.14,--,42,38388,卖盘
2258,13:02:51,9.14,-0.01,122,111508,卖盘
2259,13:02:48,9.15,0.01,28,25620,买盘
2260,13:02:45,9.14,-0.01,15,13710,卖盘
2261,13:02:42,9.15,--,58,53070,卖盘
2262,13:02:39,9.15,0.01,34,31110,卖盘
2263,13:02:36,9.14,-0.01,490,447860,卖盘
2264,13:02:33,9.15,0.01,12,10980,买盘
2265,13:02:30,9.14,-0.01,1,914,卖盘
2266,13:02:27,9.15,--,142,129930,买盘
2267,13:02:24,9.15,--,80,73200,买盘
2268,13:02:21,9.15,--,64,58560,买盘
2269,13:02:18,9.15,--,31,28365,买盘
2270,13:02:15,9.15,--,1,915,买盘
2271,13:02:12,9.15,--,201,183915,买盘
2272,13:02:09,9.15,-0.01,179,163785,卖盘
2273,13:02:06,9.16,0.01,30,27480,买盘
2274,13:02:03,9.15,--,113,103395,卖盘
2275,13:02:00,9.15,--,109,99735,卖盘
2276,13:01:57,9.15,-0.01,23,21045,卖盘
2277,13:01:54,9.16,0.01,448,410368,买盘
2278,13:01:51,9.15,0.01,32,29280,买盘
2279,13:01:48,9.14,-0.01,55,50270,卖盘
2280,13:01:45,9.15,-0.01,69,63135,卖盘
2281,13:01:42,9.16,--,1,916,买盘
2282,13:01:39,9.16,0.01,23,21068,买盘
2283,13:01:36,9.15,--,159,145485,卖盘
2284,13:01:33,9.15,-0.01,161,147315,卖盘
2285,13:01:30,9.16,0.01,47,43052,买盘
2286,13:01:27,9.15,--,3,2745,卖盘
2287,13:01:24,9.15,--,18,16470,卖盘
2288,13:01:21,9.15,-0.01,109,99735,卖盘
2289,13:01:18,9.16,0.02,10,9160,买盘
2290,13:01:15,9.14,-0.01,33,30162,卖盘
2291,13:01:12,9.15,--,126,115290,买盘
2292,13:01:09,9.15,--,10,9150,买盘
2293,13:01:06,9.15,-0.01,320,292800,卖盘
2294,13:01:03,9.16,--,47,43052,买盘
2295,13:01:00,9.16,0.01,42,38472,买盘
2296,13:00:57,9.15,--,503,460245,卖盘
2297,13:00:51,9.15,--,4,3660,卖盘
2298,13:00:48,9.15,-0.01,564,516060,卖盘
2299,13:00:42,9.16,0.01,204,186864,买盘
2300,13:00:39,9.15,--,18,16470,卖盘
2301,13:00:36,9.15,--,234,214110,卖盘
2302,13:00:33,9.15,-0.01,8,7320,卖盘
2303,13:00:30,9.16,0.01,183,167628,买盘
2304,13:00:27,9.15,-0.01,36,32940,卖盘
2305,13:00:24,9.16,0.01,36,32976,买盘
2306,13:00:21,9.15,--,96,87840,卖盘
2307,13:00:18,9.15,-0.01,4,3660,卖盘
2308,13:00:15,9.16,--,126,115416,买盘
2309,13:00:12,9.16,0.01,12,10992,买盘
2310,13:00:09,9.15,--,100,91500,卖盘
2311,13:00:06,9.15,-0.01,606,554490,卖盘
2312,13:00:03,9.16,0.02,6988,6401557,买盘
2313,13:00:00,9.14,--,0,0,卖盘
2314,11:30:00,9.14,--,0,0,卖盘
2315,11:29:57,9.14,--,10,9140,卖盘
2316,11:29:54,9.14,--,138,126132,卖盘
2317,11:29:48,9.14,--,520,475280,卖盘
2318,11:29:45,9.14,-0.01,146,133444,卖盘
2319,11:29:42,9.15,0.01,30,27450,买盘
2320,11:29:39,9.14,--,1,914,卖盘
2321,11:29:36,9.14,-0.01,105,95970,卖盘
2322,11:29:33,9.15,0.01,16,14640,买盘
2323,11:29:27,9.14,--,1,914,卖盘
2324,11:29:24,9.14,0.01,600,549131,买盘
2325,11:29:21,9.13,-0.01,237,216381,卖盘
2326,11:29:18,9.14,--,54,49356,买盘
2327,11:29:15,9.14,0.01,93,85002,买盘
2328,11:29:12,9.13,-0.01,14,12782,卖盘
2329,11:29:06,9.14,0.01,15,13710,买盘
2330,11:29:03,9.13,--,51,46563,卖盘
2331,11:29:00,9.13,-0.01,507,462891,卖盘
2332,11:28:57,9.14,0.01,442,403988,买盘
2333,11:28:51,9.13,-0.01,16,14608,卖盘
2334,11:28:48,9.14,--,20,18280,买盘
2335,11:28:45,9.14,--,23,21022,买盘
2336,11:28:42,9.14,--,12,10968,买盘
2337,11:28:39,9.14,--,45,41130,买盘
2338,11:28:36,9.14,0.01,1,914,买盘
2339,11:28:33,9.13,-0.01,55,50215,卖盘
2340,11:28:30,9.14,0.01,10,9140,买盘
2341,11:28:27,9.13,-0.01,4,3652,卖盘
2342,11:28:24,9.14,0.01,66,60324,买盘
2343,11:28:21,9.13,--,90,82170,卖盘
2344,11:28:18,9.13,-0.01,137,125081,卖盘
2345,11:28:15,9.14,0.01,114,104196,买盘
2346,11:28:12,9.13,-0.01,50,45650,卖盘
2347,11:28:06,9.14,0.01,528,482592,买盘
2348,11:28:03,9.13,--,19,17347,卖盘
2349,11:28:00,9.13,-0.01,24,21912,卖盘
2350,11:27:57,9.14,--,3,2742,买盘
2351,11:27:54,9.14,0.01,14,12796,买盘
2352,11:27:51,9.13,-0.01,107,97691,卖盘
2353,11:27:48,9.14,0.01,35,31990,买盘
2354,11:27:45,9.13,-0.01,49,44737,卖盘
2355,11:27:42,9.14,0.01,119,108766,买盘
2356,11:27:39,9.13,-0.01,4,3652,卖盘
2357,11:27:36,9.14,0.01,89,81346,买盘
2358,11:27:33,9.13,-0.01,364,332332,卖盘
2359,11:27:30,9.14,--,6,5484,买盘
2360,11:27:27,9.14,0.01,489,446946,买盘
2361,11:27:24,9.13,--,319,291247,卖盘
2362,11:27:21,9.13,--,5,4565,卖盘
2363,11:27:18,9.13,--,10,9130,卖盘
2364,11:27:12,9.13,-0.01,40,36520,卖盘
2365,11:27:09,9.14,--,30,27420,买盘
2366,11:27:06,9.14,0.01,158,144412,买盘
2367,11:27:03,9.13,--,56,51128,卖盘
2368,11:27:00,9.13,-0.01,277,252901,卖盘
2369,11:26:57,9.14,--,2,1828,买盘
2370,11:26:54,9.14,--,16,14624,买盘
2371,11:26:48,9.14,--,51,46614,买盘
2372,11:26:45,9.14,0.01,31,28334,买盘
2373,11:26:42,9.13,-0.01,14,12782,卖盘
2374,11:26:39,9.14,--,30,27420,买盘
2375,11:26:36,9.14,0.01,1,914,买盘
2376,11:26:33,9.13,--,18,16434,卖盘
2377,11:26:30,9.13,0.01,229,209442,买盘
2378,11:26:27,9.12,-0.01,1,911,卖盘
2379,11:26:24,9.13,--,58,52954,买盘
2380,11:26:21,9.13,--,500,456500,买盘
2381,11:26:18,9.13,--,19,17347,买盘
2382,11:26:15,9.13,--,1,913,买盘
2383,11:26:12,9.13,0.01,38,34694,买盘
2384,11:26:09,9.12,-0.01,15,14227,卖盘
2385,11:26:06,9.13,0.01,1217,1111121,买盘
2386,11:26:03,9.12,-0.01,37,33744,卖盘
2387,11:26:00,9.13,0.01,5,4565,买盘
2388,11:25:57,9.12,--,25,22799,卖盘
2389,11:25:54,9.12,-0.01,62,56543,卖盘
2390,11:25:51,9.13,--,3,2739,买盘
2391,11:25:48,9.13,0.01,4,3652,买盘
2392,11:25:45,9.12,-0.01,16,14591,卖盘
2393,11:25:42,9.13,--,22,20086,买盘
2394,11:25:39,9.13,--,31,28303,买盘
2395,11:25:36,9.13,0.01,69,62997,买盘
2396,11:25:33,9.12,--,7,6383,卖盘
2397,11:25:30,9.12,--,20,18240,卖盘
2398,11:25:27,9.12,--,17,15503,卖盘
2399,11:25:24,9.12,--,25,22799,卖盘
2400,11:25:21,9.12,--,69,62927,卖盘
2401,11:25:18,9.12,--,136,124031,卖盘
2402,11:25:15,9.12,--,61,55631,卖盘
2403,11:25:12,9.12,--,106,96671,卖盘
2404,11:25:09,9.12,-0.01,5,4560,卖盘
2405,11:25:06,9.13,--,27,24651,买盘
2406,11:25:03,9.13,0.01,29,26477,买盘
2407,11:25:00,9.12,--,130,118559,卖盘
2408,11:24:57,9.12,-0.01,42,38304,卖盘
2409,11:24:54,9.13,--,52,47476,买盘
2410,11:24:51,9.13,--,289,263857,买盘
2411,11:24:48,9.13,0.01,111,101343,买盘
2412,11:24:39,9.12,-0.01,63,57455,卖盘
2413,11:24:36,9.13,0.01,19,17347,买盘
2414,11:24:33,9.12,-0.01,19,17328,卖盘
2415,11:24:30,9.13,0.01,108,98604,买盘
2416,11:24:27,9.12,-0.01,28,25535,卖盘
2417,11:24:24,9.13,--,61,55693,买盘
2418,11:24:21,9.13,--,112,102256,买盘
2419,11:24:18,9.13,--,27,24651,买盘
2420,11:24:15,9.13,--,26,23738,买盘
2421,11:24:12,9.13,--,6,5478,买盘
2422,11:24:06,9.13,--,5,4565,买盘
2423,11:24:03,9.13,--,37,33781,买盘
2424,11:24:00,9.13,0.01,100,91300,买盘
2425,11:23:57,9.12,--,27,24623,卖盘
2426,11:23:54,9.12,-0.01,4,3647,卖盘
2427,11:23:51,9.13,0.01,26,23738,买盘
2428,11:23:48,9.12,--,38,34656,卖盘
2429,11:23:45,9.12,--,236,215231,卖盘
2430,11:23:42,9.12,-0.01,5,4560,卖盘
2431,11:23:39,9.13,0.01,42,38346,买盘
2432,11:23:36,9.12,--,9,8208,卖盘
2433,11:23:33,9.12,-0.01,34,31007,卖盘
2434,11:23:30,9.13,0.01,47,42911,买盘
2435,11:23:27,9.12,--,43,39216,卖盘
2436,11:23:24,9.12,-0.01,18,16416,卖盘
2437,11:23:21,9.13,0.01,54,49302,买盘
2438,11:23:18,9.12,--,9,8208,卖盘
2439,11:23:12,9.12,--,1,911,卖盘
2440,11:23:09,9.12,--,40,36480,卖盘
2441,11:23:06,9.12,-0.01,10,9120,卖盘
2442,11:23:03,9.13,--,64,58432,买盘
2443,11:23:00,9.13,0.01,272,248336,买盘
2444,11:22:57,9.12,-0.01,587,535344,卖盘
2445,11:22:51,9.13,--,42,38346,买盘
2446,11:22:48,9.13,--,26,23738,买盘
2447,11:22:45,9.13,--,69,62997,买盘
2448,11:22:42,9.13,--,32,29216,买盘
2449,11:22:39,9.13,0.01,32,29216,买盘
2450,11:22:36,9.12,-0.01,112,102143,卖盘
2451,11:22:33,9.13,--,2,1826,买盘
2452,11:22:30,9.13,--,20,18260,买盘
2453,11:22:27,9.13,0.01,1,913,买盘
2454,11:22:24,9.12,--,35,31919,卖盘
2455,11:22:21,9.12,-0.01,70,63839,卖盘
2456,11:22:18,9.13,0.01,176,160688,买盘
2457,11:22:15,9.12,--,54,49247,卖盘
2458,11:22:09,9.12,--,22,20064,卖盘
2459,11:22:06,9.12,0.01,94,85727,买盘
2460,11:22:03,9.11,-0.01,13,11843,卖盘
2461,11:22:00,9.12,--,8,7295,卖盘
2462,11:21:57,9.12,--,32,29183,卖盘
2463,11:21:54,9.12,--,12,10943,卖盘
2464,11:21:51,9.12,--,4,3647,卖盘
2465,11:21:48,9.12,--,10,9120,卖盘
2466,11:21:45,9.12,--,100,91199,买盘
2467,11:21:42,9.12,0.01,13,11855,买盘
2468,11:21:39,9.11,-0.01,105,95655,卖盘
2469,11:21:36,9.12,--,29,26447,卖盘
2470,11:21:33,9.12,--,21,19152,卖盘
2471,11:21:30,9.12,--,36,32832,买盘
2472,11:21:27,9.12,0.01,22,20064,买盘
2473,11:21:24,9.11,--,24,21864,卖盘
2474,11:21:21,9.11,-0.02,40,36440,卖盘
2475,11:21:18,9.13,--,42,38346,买盘
2476,11:21:15,9.13,--,33,30129,买盘
2477,11:21:12,9.13,0.01,59,53867,买盘
2478,11:21:09,9.12,--,20,18240,卖盘
2479,11:21:06,9.12,--,28,25535,卖盘
2480,11:21:03,9.12,--,17,15503,卖盘
2481,11:21:00,9.12,0.01,84,76608,买盘
2482,11:20:57,9.11,--,11,10021,卖盘
2483,11:20:54,9.11,--,71,64680,卖盘
2484,11:20:51,9.11,-0.01,239,217729,卖盘
2485,11:20:48,9.12,--,64,58367,买盘
2486,11:20:45,9.12,--,24,21887,买盘
2487,11:20:42,9.12,0.01,40,36480,卖盘
2488,11:20:39,9.11,-0.02,22,20042,卖盘
2489,11:20:36,9.13,0.01,368,335984,买盘
2490,11:20:33,9.12,-0.01,21,19152,买盘
2491,11:20:30,9.13,0.01,11,10043,买盘
2492,11:20:27,9.12,--,417,380303,卖盘
2493,11:20:24,9.12,--,25,22799,卖盘
2494,11:20:21,9.12,--,4,3647,卖盘
2495,11:20:18,9.12,--,37,33744,卖盘
2496,11:20:15,9.12,0.01,130,118559,买盘
2497,11:20:12,9.11,--,64,58304,卖盘
2498,11:20:09,9.11,--,12,10932,卖盘
2499,11:20:06,9.11,-0.01,29,26419,卖盘
2500,11:20:03,9.12,0.01,29,26447,买盘
2501,11:20:00,9.11,--,49,44639,买盘
2502,11:19:57,9.11,--,230,209530,卖盘
2503,11:19:54,9.11,-0.01,510,464610,卖盘
2504,11:19:51,9.12,0.01,106,96671,买盘
2505,11:19:48,9.11,--,45,40995,卖盘
2506,11:19:45,9.11,--,125,113875,卖盘
2507,11:19:42,9.11,-0.01,10,9110,卖盘
2508,11:19:39,9.12,--,47,42863,买盘
2509,11:19:36,9.12,--,184,167808,买盘
2510,11:19:33,9.12,--,5,4560,买盘
2511,11:19:30,9.12,0.01,17,15503,买盘
2512,11:19:24,9.11,-0.01,38,34618,卖盘
2513,11:19:21,9.12,--,24,21887,卖盘
2514,11:19:18,9.12,--,101,92111,卖盘
2515,11:19:15,9.12,--,90,82080,卖盘
2516,11:19:12,9.12,0.01,303,276336,买盘
2517,11:19:06,9.11,--,1152,1049472,卖盘
2518,11:19:03,9.11,-0.01,16,14576,卖盘
2519,11:18:57,9.12,0.01,37,33744,买盘
2520,11:18:54,9.11,--,43,39173,卖盘
2521,11:18:51,9.11,-0.01,30,27330,卖盘
2522,11:18:48,9.12,-0.01,423,385775,卖盘
2523,11:18:45,9.13,0.01,1,913,买盘
2524,11:18:42,9.12,--,34,31007,卖盘
2525,11:18:39,9.12,-0.01,10,9120,卖盘
2526,11:18:36,9.13,0.01,434,396242,买盘
2527,11:18:33,9.12,--,24,21887,卖盘
2528,11:18:30,9.12,--,76,69312,卖盘
2529,11:18:27,9.12,-0.01,33,30643,卖盘
2530,11:18:24,9.13,-0.01,3,2739,卖盘
2531,11:18:21,9.14,0.01,112,102368,买盘
2532,11:18:18,9.13,--,11,10408,买盘
2533,11:18:15,9.13,--,81,74500,卖盘
2534,11:18:12,9.13,--,60,55327,卖盘
2535,11:18:09,9.13,--,4,3652,卖盘
2536,11:18:06,9.13,--,56,51858,买盘
2537,11:18:03,9.13,--,100,91482,卖盘
2538,11:17:57,9.13,-0.01,58,52954,卖盘
2539,11:17:54,9.14,0.01,14,12796,买盘
2540,11:17:51,9.13,--,73,66649,卖盘
2541,11:17:48,9.13,--,15,13695,卖盘
2542,11:17:45,9.13,--,251,229893,买盘
2543,11:17:39,9.13,0.01,16,14608,买盘
2544,11:17:36,9.12,-0.01,104,94847,卖盘
2545,11:17:33,9.13,--,661,603493,买盘
2546,11:17:30,9.13,--,9,8217,买盘
2547,11:17:27,9.13,--,20,18260,买盘
2548,11:17:24,9.13,-0.02,1195,1091400,卖盘
2549,11:17:21,9.15,0.02,103,94245,买盘
2550,11:17:18,9.13,-0.02,6,5478,卖盘
2551,11:17:15,9.15,--,4,3660,买盘
2552,11:17:12,9.15,0.02,166,151890,买盘
2553,11:17:09,9.13,-0.02,1,913,卖盘
2554,11:17:06,9.15,--,66,60390,买盘
2555,11:17:03,9.15,0.02,110,100650,买盘
2556,11:17:00,9.13,--,380,346940,卖盘
2557,11:16:57,9.13,--,3,2739,卖盘
2558,11:16:54,9.13,-0.01,14,12782,卖盘
2559,11:16:51,9.14,--,45,41130,卖盘
2560,11:16:48,9.14,--,104,95056,卖盘
2561,11:16:45,9.14,--,20,18280,卖盘
2562,11:16:42,9.14,--,2,1828,卖盘
2563,11:16:39,9.14,-0.01,15,13710,卖盘
2564,11:16:33,9.15,0.01,790,722850,买盘
2565,11:16:30,9.14,-0.01,175,159950,卖盘
2566,11:16:27,9.15,--,70,64050,买盘
2567,11:16:24,9.15,0.01,85,77775,买盘
2568,11:16:21,9.14,-0.01,36,32904,卖盘
2569,11:16:18,9.15,0.01,61,55815,买盘
2570,11:16:15,9.14,--,80,73120,卖盘
2571,11:16:12,9.14,--,87,79518,卖盘
2572,11:16:09,9.14,-0.01,83,75862,卖盘
2573,11:16:06,9.15,0.02,240,219600,买盘
2574,11:16:03,9.13,--,29,26477,卖盘
2575,11:16:00,9.13,--,235,214555,卖盘
2576,11:15:57,9.13,--,95,86735,卖盘
2577,11:15:54,9.13,-0.02,7,6391,卖盘
2578,11:15:51,9.15,0.01,64,58560,买盘
2579,11:15:48,9.14,0.01,42,38388,卖盘
2580,11:15:45,9.13,--,6,5478,卖盘
2581,11:15:42,9.13,-0.01,37,33781,卖盘
2582,11:15:39,9.14,0.01,380,347320,买盘
2583,11:15:36,9.13,-0.01,141,128733,卖盘
2584,11:15:33,9.14,0.01,53,48442,买盘
2585,11:15:30,9.13,--,382,348766,卖盘
2586,11:15:27,9.13,--,12,10956,卖盘
2587,11:15:24,9.13,--,230,209990,卖盘
2588,11:15:21,9.13,--,14,12782,卖盘
2589,11:15:18,9.13,--,32,29216,卖盘
2590,11:15:15,9.13,--,4,3652,卖盘
2591,11:15:12,9.13,--,24,21912,卖盘
2592,11:15:09,9.13,-0.01,103,94039,卖盘
2593,11:15:06,9.14,--,60,54840,卖盘
2594,11:15:03,9.14,--,27,24678,卖盘
2595,11:15:00,9.14,--,205,187370,卖盘
2596,11:14:57,9.14,--,79,72206,卖盘
2597,11:14:54,9.14,--,88,80432,卖盘
2598,11:14:51,9.14,-0.01,118,107852,卖盘
2599,11:14:48,9.15,0.01,224,204960,买盘
2600,11:14:45,9.14,--,203,185542,卖盘
2601,11:14:42,9.14,--,265,242210,卖盘
2602,11:14:39,9.14,--,255,233070,卖盘
2603,11:14:36,9.14,--,5,4570,卖盘
2604,11:14:33,9.14,--,57,52098,卖盘
2605,11:14:30,9.14,0.01,650,594100,买盘
2606,11:14:27,9.13,--,41,37433,卖盘
2607,11:14:24,9.13,-0.01,22,20086,卖盘
2608,11:14:21,9.14,--,12,10968,买盘
2609,11:14:18,9.14,0.01,14,12796,买盘
2610,11:14:15,9.13,-0.01,31,28303,卖盘
2611,11:14:12,9.14,--,28,25592,买盘
2612,11:14:09,9.14,--,14,12796,买盘
2613,11:14:06,9.14,0.01,5,4570,买盘
2614,11:14:03,9.13,-0.01,20,18260,卖盘
2615,11:14:00,9.14,--,748,683672,卖盘
2616,11:13:57,9.14,0.01,497,454258,买盘
2617,11:13:54,9.13,--,5,4565,卖盘
2618,11:13:51,9.13,--,106,96778,卖盘
2619,11:13:48,9.13,-0.01,33,30129,卖盘
2620,11:13:45,9.14,0.01,139,127046,买盘
2621,11:13:42,9.13,--,29,26477,卖盘
2622,11:13:39,9.13,-0.01,116,105908,卖盘
2623,11:13:36,9.14,--,62,56668,买盘
2624,11:13:33,9.14,0.01,51,46614,买盘
2625,11:13:30,9.13,--,1015,926695,卖盘
2626,11:13:27,9.13,--,28,25564,卖盘
2627,11:13:24,9.13,--,21,19173,卖盘
2628,11:13:21,9.13,--,2,1826,卖盘
2629,11:13:18,9.13,-0.01,11,10043,卖盘
2630,11:13:15,9.14,0.01,17,15538,买盘
2631,11:13:12,9.13,-0.01,10,9130,卖盘
2632,11:13:09,9.14,0.01,18,16452,买盘
2633,11:13:06,9.13,--,237,216381,卖盘
2634,11:13:03,9.13,--,18,16434,卖盘
2635,11:13:00,9.13,--,40,36520,卖盘
2636,11:12:57,9.13,-0.02,375,342375,卖盘
2637,11:12:54,9.15,0.01,208,190320,买盘
2638,11:12:51,9.14,--,36,32904,卖盘
2639,11:12:48,9.14,--,78,71292,买盘
2640,11:12:45,9.14,-0.01,87,79518,卖盘
2641,11:12:42,9.15,0.01,10,9150,买盘
2642,11:12:39,9.14,-0.01,18,16452,卖盘
2643,11:12:36,9.15,--,3,2745,买盘
2644,11:12:33,9.15,--,85,77775,买盘
2645,11:12:30,9.15,0.01,6,5490,买盘
2646,11:12:27,9.14,-0.01,62,56668,卖盘
2647,11:12:24,9.15,0.01,71,64965,买盘
2648,11:12:21,9.14,--,19,17366,卖盘
2649,11:12:18,9.14,-0.01,13,11882,卖盘
2650,11:12:15,9.15,0.01,12,10980,买盘
2651,11:12:12,9.14,--,6,5484,卖盘
2652,11:12:09,9.14,--,373,340922,买盘
2653,11:12:06,9.14,0.01,114,104196,买盘
2654,11:12:03,9.13,--,11,10043,卖盘
2655,11:12:00,9.13,-0.01,21,19173,卖盘
2656,11:11:57,9.14,--,13,11882,卖盘
2657,11:11:54,9.14,--,20,18280,卖盘
2658,11:11:51,9.14,--,28,25592,买盘
2659,11:11:48,9.14,0.01,23,21022,买盘
2660,11:11:45,9.13,-0.01,93,84909,卖盘
2661,11:11:42,9.14,-0.01,167,152638,卖盘
2662,11:11:39,9.15,--,106,96990,卖盘
2663,11:11:36,9.15,--,653,597495,卖盘
2664,11:11:33,9.15,--,178,162870,买盘
2665,11:11:30,9.15,0.01,10,9150,买盘
2666,11:11:27,9.14,-0.01,584,533776,卖盘
2667,11:11:24,9.15,--,20,18300,买盘
2668,11:11:21,9.15,0.01,176,161040,买盘
2669,11:11:18,9.14,--,21,19194,卖盘
2670,11:11:15,9.14,-0.01,8,7312,卖盘
2671,11:11:06,9.15,--,435,398025,卖盘
2672,11:11:03,9.15,--,617,564555,卖盘
2673,11:11:00,9.15,--,257,235155,卖盘
2674,11:10:57,9.15,0.02,922,843630,买盘
2675,11:10:54,9.13,-0.01,412,376156,卖盘
2676,11:10:51,9.14,--,117,106938,买盘
2677,11:10:48,9.14,-0.01,439,401246,卖盘
2678,11:10:45,9.15,--,161,147315,买盘
2679,11:10:42,9.15,0.01,27,24705,买盘
2680,11:10:39,9.14,--,48,43872,卖盘
2681,11:10:36,9.14,--,24,21936,卖盘
2682,11:10:33,9.14,--,4,3656,卖盘
2683,11:10:30,9.14,-0.01,108,98712,卖盘
2684,11:10:27,9.15,0.01,120,109800,买盘
2685,11:10:24,9.14,-0.01,17,15538,卖盘
2686,11:10:21,9.15,--,107,97905,买盘
2687,11:10:18,9.15,--,225,205875,买盘
2688,11:10:15,9.15,0.01,46,42090,买盘
2689,11:10:12,9.14,--,3,2742,卖盘
2690,11:10:09,9.14,--,38,34732,卖盘
2691,11:10:06,9.14,--,14,12796,卖盘
2692,11:10:03,9.14,-0.01,273,249522,卖盘
2693,11:10:00,9.15,0.01,36,32940,买盘
2694,11:09:57,9.14,-0.01,21,19194,卖盘
2695,11:09:54,9.15,--,113,103395,买盘
2696,11:09:51,9.15,--,116,106140,买盘
2697,11:09:48,9.15,0.01,24,21960,买盘
2698,11:09:45,9.14,-0.01,85,77690,卖盘
2699,11:09:42,9.15,--,39,35685,买盘
2700,11:09:39,9.15,0.01,57,52155,买盘
2701,11:09:36,9.14,-0.01,113,103282,卖盘
2702,11:09:33,9.15,--,97,88755,买盘
2703,11:09:30,9.15,--,25,22875,买盘
2704,11:09:27,9.15,0.01,1,915,买盘
2705,11:09:24,9.14,--,37,33818,卖盘
2706,11:09:21,9.14,-0.02,26,23764,卖盘
2707,11:09:18,9.16,0.02,363,332508,买盘
2708,11:09:15,9.14,-0.01,6,5484,卖盘
2709,11:09:12,9.15,-0.01,20,18300,中性盘
2710,11:09:09,9.16,0.01,84,76944,买盘
2711,11:09:06,9.15,0.01,60,54900,买盘
2712,11:09:03,9.14,-0.01,73,66904,卖盘
2713,11:09:00,9.15,-0.01,107,97905,卖盘
2714,11:08:57,9.16,0.01,198,181368,买盘
2715,11:08:54,9.15,-0.01,111,101565,卖盘
2716,11:08:51,9.16,0.01,96,87936,买盘
2717,11:08:48,9.15,--,97,88755,卖盘
2718,11:08:45,9.15,--,243,222345,卖盘
2719,11:08:42,9.15,0.01,1792,1640412,买盘
2720,11:08:36,9.14,-0.01,126,115164,卖盘
2721,11:08:33,9.15,0.01,5,4575,买盘
2722,11:08:30,9.14,-0.01,8,7312,卖盘
2723,11:08:27,9.15,--,1,915,买盘
2724,11:08:24,9.15,0.01,79,72285,买盘
2725,11:08:21,9.14,0.01,100,91400,买盘
2726,11:08:18,9.13,-0.01,34,31042,卖盘
2727,11:08:15,9.14,--,34,31076,买盘
2728,11:08:12,9.14,--,13,11882,买盘
2729,11:08:09,9.14,--,60,54840,卖盘
2730,11:08:06,9.14,-0.01,97,88658,卖盘
2731,11:08:03,9.15,0.01,82,75030,买盘
2732,11:07:57,9.14,-0.01,142,129788,卖盘
2733,11:07:54,9.15,0.01,14,12810,买盘
2734,11:07:51,9.14,0.01,91,83174,中性盘
2735,11:07:48,9.13,--,130,118690,卖盘
2736,11:07:45,9.13,-0.01,1097,1001561,卖盘
2737,11:07:42,9.14,--,3107,2839798,卖盘
2738,11:07:39,9.14,--,482,441096,买盘
2739,11:07:36,9.14,0.01,117,106938,买盘
2740,11:07:33,9.13,-0.01,86,78518,卖盘
2741,11:07:30,9.14,--,57,52098,买盘
2742,11:07:27,9.14,0.01,62,56668,买盘
2743,11:07:24,9.13,-0.01,34,31042,卖盘
2744,11:07:21,9.14,--,87,79518,买盘
2745,11:07:18,9.14,0.01,156,142584,买盘
2746,11:07:15,9.13,-0.01,23,20999,卖盘
2747,11:07:12,9.14,--,30,27420,买盘
2748,11:07:09,9.14,--,202,184628,买盘
2749,11:07:06,9.14,0.01,173,158122,买盘
2750,11:07:03,9.13,--,74,67562,卖盘
2751,11:07:00,9.13,--,12,10956,卖盘
2752,11:06:57,9.13,-0.01,156,142428,卖盘
2753,11:06:54,9.14,--,463,423182,买盘
2754,11:06:51,9.14,--,231,211134,买盘
2755,11:06:48,9.14,--,19,17366,买盘
2756,11:06:45,9.14,0.01,23,21022,买盘
2757,11:06:42,9.13,-0.01,15,13695,卖盘
2758,11:06:39,9.14,--,178,162692,买盘
2759,11:06:36,9.14,0.01,19,17366,买盘
2760,11:06:33,9.13,--,521,475673,卖盘
2761,11:06:30,9.13,-0.01,170,155210,卖盘
2762,11:06:27,9.14,--,12,10968,买盘
2763,11:06:24,9.14,--,44,40216,买盘
2764,11:06:21,9.14,0.01,280,255920,买盘
2765,11:06:18,9.13,--,18,16434,卖盘
2766,11:06:15,9.13,-0.01,583,532279,卖盘
2767,11:06:12,9.14,0.01,45,41130,买盘
2768,11:06:09,9.13,--,48,43824,卖盘
2769,11:06:06,9.13,--,4,3652,卖盘
2770,11:06:03,9.13,--,16,14608,卖盘
2771,11:06:00,9.13,--,29,26477,买盘
2772,11:05:57,9.13,0.01,125,114125,买盘
2773,11:05:54,9.12,--,36,32832,卖盘
2774,11:05:48,9.12,-0.01,21,19152,卖盘
2775,11:05:45,9.13,0.01,6,5478,买盘
2776,11:05:42,9.12,-0.02,20,18240,卖盘
2777,11:05:39,9.14,0.01,123,112422,买盘
2778,11:05:36,9.13,0.02,59,53867,买盘
2779,11:05:33,9.11,-0.01,99,90189,卖盘
2780,11:05:30,9.12,--,30,27359,卖盘
2781,11:05:24,9.12,--,56,51071,卖盘
2782,11:05:21,9.12,-0.02,147,134064,卖盘
2783,11:05:18,9.14,0.02,54,49356,买盘
2784,11:05:15,9.12,-0.01,248,226175,卖盘
2785,11:05:12,9.13,--,30,27390,卖盘
2786,11:05:09,9.13,--,45,41085,卖盘
2787,11:05:06,9.13,0.01,163,149184,买盘
2788,11:05:03,9.12,-0.01,30,27359,卖盘
2789,11:05:00,9.13,0.01,36,32868,买盘
2790,11:04:57,9.12,-0.01,40,36480,卖盘
2791,11:04:54,9.13,--,56,51128,买盘
2792,11:04:51,9.13,--,641,585233,买盘
2793,11:04:48,9.13,--,147,134211,买盘
2794,11:04:45,9.13,--,41,37433,买盘
2795,11:04:42,9.13,0.01,16,14608,买盘
2796,11:04:39,9.12,--,10,9120,卖盘
2797,11:04:36,9.12,--,18,16416,卖盘
2798,11:04:33,9.12,--,30,27359,卖盘
2799,11:04:30,9.12,--,503,458735,卖盘
2800,11:04:27,9.12,--,99,90287,卖盘
2801,11:04:24,9.12,-0.01,53,48335,卖盘
2802,11:04:21,9.13,0.01,531,484803,买盘
2803,11:04:18,9.12,--,529,482447,卖盘
2804,11:04:15,9.12,-0.01,10,9120,卖盘
2805,11:04:12,9.13,--,915,835395,买盘
2806,11:04:09,9.13,0.01,3,2739,买盘
2807,11:04:03,9.12,--,17,15503,卖盘
2808,11:04:00,9.12,--,7,6383,卖盘
