,time,price,change,volume,amount,type
0,15:00:03,6.98,0.01,3463,2417174,买盘
1,14:57:00,6.97,--,68,47396,卖盘
2,14:56:57,6.97,--,36,25092,卖盘
3,14:56:54,6.97,--,134,93398,卖盘
4,14:56:51,6.97,-0.01,162,112914,卖盘
5,14:56:48,6.98,--,79,55142,买盘
6,14:56:45,6.98,0.01,21,14658,买盘
7,14:56:42,6.97,--,14,9758,卖盘
8,14:56:39,6.97,-0.01,26,18122,卖盘
9,14:56:33,6.98,0.01,26,18148,买盘
10,14:56:30,6.97,-0.01,17,11849,卖盘
11,14:56:27,6.98,0.01,256,178688,买盘
12,14:56:24,6.97,--,108,75276,买盘
13,14:56:21,6.97,--,40,27880,卖盘
14,14:56:18,6.97,--,119,82943,卖盘
15,14:56:15,6.97,0.01,196,136612,买盘
16,14:56:12,6.96,--,10,6960,卖盘
17,14:56:09,6.96,-0.01,268,186528,卖盘
18,14:56:06,6.97,0.01,98,68306,买盘
19,14:56:03,6.96,--,39,27144,卖盘
20,14:55:57,6.96,--,46,32016,卖盘
21,14:55:54,6.96,--,30,20880,卖盘
22,14:55:51,6.96,--,1079,750984,卖盘
23,14:55:48,6.96,-0.01,18,12528,卖盘
24,14:55:45,6.97,--,39,27183,买盘
25,14:55:42,6.97,0.01,30,20910,买盘
26,14:55:39,6.96,-0.01,25,17400,卖盘
27,14:55:36,6.97,0.01,21,14637,卖盘
28,14:55:33,6.96,--,776,540096,卖盘
29,14:55:30,6.96,-0.01,68,47328,卖盘
30,14:55:27,6.97,0.01,2,1394,买盘
31,14:55:24,6.96,--,20,13920,卖盘
32,14:55:21,6.96,--,25,17400,卖盘
33,14:55:18,6.96,--,92,64032,卖盘
34,14:55:15,6.96,--,120,83520,买盘
35,14:55:12,6.96,--,466,324336,买盘
36,14:55:09,6.96,--,29,20184,买盘
37,14:55:06,6.96,--,120,83520,买盘
38,14:55:03,6.96,0.01,21,14616,买盘
39,14:55:00,6.95,-0.03,1344,934080,卖盘
40,14:54:57,6.98,--,262,182876,买盘
41,14:54:54,6.98,--,138,96324,买盘
42,14:54:51,6.98,0.01,23,16054,买盘
43,14:54:48,6.97,--,68,47396,买盘
44,14:54:45,6.97,0.01,94,65518,卖盘
45,14:54:42,6.96,-0.02,18,12528,卖盘
46,14:54:36,6.98,0.02,29,20242,买盘
47,14:54:33,6.96,-0.03,18,12528,卖盘
48,14:54:30,6.99,0.03,483,337617,买盘
49,14:54:27,6.96,-0.01,34,23664,卖盘
50,14:54:24,6.97,-0.01,356,248132,卖盘
51,14:54:18,6.98,-0.01,42,29316,中性盘
52,14:54:15,6.99,0.02,283,197817,买盘
53,14:54:12,6.97,0.02,6,4182,买盘
54,14:54:06,6.95,-0.02,99,68805,卖盘
55,14:54:03,6.97,--,10,6970,卖盘
56,14:54:00,6.97,-0.02,10,6970,卖盘
57,14:53:57,6.99,0.02,46,32154,买盘
58,14:53:54,6.97,0.01,34,23698,卖盘
59,14:53:51,6.96,--,5010,3486960,卖盘
60,14:53:48,6.96,0.01,87,60552,中性盘
61,14:53:45,6.95,-0.02,5,3475,卖盘
62,14:53:42,6.97,0.02,10,6970,买盘
63,14:53:39,6.95,--,1,695,卖盘
64,14:53:33,6.95,-0.01,570,396163,卖盘
65,14:53:30,6.96,0.01,114,79344,买盘
66,14:53:24,6.95,-0.01,200,139000,卖盘
67,14:53:21,6.96,0.01,2,1392,中性盘
68,14:53:18,6.95,--,231,160545,卖盘
69,14:53:15,6.95,-0.02,65,45175,卖盘
70,14:53:12,6.97,0.02,9,6273,买盘
71,14:53:06,6.95,-0.02,130,90350,卖盘
72,14:53:03,6.97,0.01,503,350591,买盘
73,14:53:00,6.96,0.01,42,29232,买盘
74,14:52:57,6.95,--,11,7645,卖盘
75,14:52:54,6.95,--,173,120235,卖盘
76,14:52:48,6.95,-0.01,35,24325,卖盘
77,14:52:45,6.96,0.01,3,2088,中性盘
78,14:52:39,6.95,--,1605,1115475,卖盘
79,14:52:33,6.95,-0.01,20,13900,卖盘
80,14:52:30,6.96,--,94,65424,买盘
81,14:52:27,6.96,0.01,3,2088,买盘
82,14:52:24,6.95,-0.01,8,5560,卖盘
83,14:52:21,6.96,0.01,553,384888,买盘
84,14:52:15,6.95,--,43,29885,卖盘
85,14:52:09,6.95,-0.01,159,110505,卖盘
86,14:52:03,6.96,0.01,483,336168,买盘
87,14:52:00,6.95,--,70,48650,卖盘
88,14:51:57,6.95,--,27,18765,卖盘
89,14:51:51,6.95,--,78,54210,买盘
90,14:51:48,6.95,--,194,134830,卖盘
91,14:51:45,6.95,--,7,4865,买盘
92,14:51:42,6.95,--,488,339160,买盘
93,14:51:36,6.95,-0.01,378,262710,卖盘
94,14:51:33,6.96,0.01,1061,738456,买盘
95,14:51:30,6.95,0.01,275,191125,卖盘
96,14:51:24,6.94,-0.01,1605,1113870,卖盘
97,14:51:21,6.95,--,20,13900,买盘
98,14:51:18,6.95,--,301,209195,买盘
99,14:51:15,6.95,--,42,29190,买盘
100,14:51:12,6.95,--,106,73670,买盘
101,14:51:09,6.95,0.01,300,208500,买盘
102,14:51:06,6.94,-0.01,40,27760,卖盘
103,14:51:03,6.95,0.01,51,35445,买盘
104,14:51:00,6.94,--,204,141576,卖盘
105,14:50:57,6.94,-0.01,34,23596,卖盘
106,14:50:54,6.95,--,184,127880,买盘
107,14:50:51,6.95,--,503,349585,买盘
108,14:50:48,6.95,--,120,83400,买盘
109,14:50:45,6.95,--,3,2085,买盘
110,14:50:42,6.95,--,120,83400,买盘
111,14:50:39,6.95,--,178,123710,买盘
112,14:50:36,6.95,0.01,545,378775,买盘
113,14:50:33,6.94,--,11,7634,卖盘
114,14:50:30,6.94,-0.01,7,4858,卖盘
115,14:50:27,6.95,--,10,6950,买盘
116,14:50:24,6.95,--,20,13900,买盘
117,14:50:21,6.95,--,90,62550,买盘
118,14:50:18,6.95,--,2,1390,买盘
119,14:50:15,6.95,--,71,49345,买盘
120,14:50:12,6.95,0.01,14,9730,买盘
121,14:50:09,6.94,-0.01,66,45804,卖盘
122,14:50:06,6.95,--,908,631060,买盘
123,14:50:03,6.95,0.01,117,81315,买盘
124,14:50:00,6.94,-0.01,58,40252,卖盘
125,14:49:57,6.95,--,200,139000,买盘
126,14:49:48,6.95,-0.01,305,211975,卖盘
127,14:49:45,6.96,0.01,2,1392,买盘
128,14:49:39,6.95,--,305,211975,卖盘
129,14:49:36,6.95,--,23,15985,卖盘
130,14:49:33,6.95,--,61,42395,卖盘
131,14:49:30,6.95,--,105,72975,买盘
132,14:49:27,6.95,--,29,20155,买盘
133,14:49:24,6.95,--,71,49345,买盘
134,14:49:21,6.95,--,166,115370,买盘
135,14:49:18,6.95,--,16,11120,买盘
136,14:49:12,6.95,--,10,6950,买盘
137,14:49:09,6.95,--,521,362095,卖盘
138,14:49:03,6.95,--,215,149425,卖盘
139,14:48:54,6.95,--,17,11815,卖盘
140,14:48:51,6.95,0.01,203,141085,买盘
141,14:48:48,6.94,--,45,31230,卖盘
142,14:48:45,6.94,-0.01,35,24290,卖盘
143,14:48:42,6.95,0.01,42,29190,买盘
144,14:48:39,6.94,--,213,147822,卖盘
145,14:48:36,6.94,-0.01,60,41640,卖盘
146,14:48:33,6.95,--,52,36140,买盘
147,14:48:27,6.95,--,20,13900,买盘
148,14:48:24,6.95,--,99,68805,卖盘
149,14:48:21,6.95,--,3,2085,卖盘
150,14:48:18,6.95,--,203,141085,卖盘
151,14:48:15,6.95,--,50,34750,卖盘
152,14:48:12,6.95,-0.01,1,695,卖盘
153,14:48:06,6.96,0.01,15,10440,买盘
154,14:48:00,6.95,--,59,41005,卖盘
155,14:47:57,6.95,--,230,159850,买盘
156,14:47:54,6.95,--,33,22935,买盘
157,14:47:51,6.95,0.01,37,25715,中性盘
158,14:47:48,6.94,-0.01,29,20126,卖盘
159,14:47:45,6.95,--,30,20850,卖盘
160,14:47:42,6.95,0.01,80,55600,买盘
161,14:47:39,6.94,-0.01,3,2082,卖盘
162,14:47:36,6.95,0.01,69,47955,中性盘
163,14:47:33,6.94,-0.01,282,196200,卖盘
164,14:47:30,6.95,--,26,18070,买盘
165,14:47:27,6.95,0.01,75,52125,买盘
166,14:47:24,6.94,-0.01,310,215140,卖盘
167,14:47:21,6.95,0.01,426,296070,买盘
168,14:47:18,6.94,-0.01,47,32618,卖盘
169,14:47:15,6.95,--,7,4865,买盘
170,14:47:12,6.95,--,8,5560,买盘
171,14:47:09,6.95,--,36,25020,买盘
172,14:47:03,6.95,--,24,16680,买盘
173,14:47:00,6.95,--,15,10425,买盘
174,14:46:57,6.95,-0.01,2197,1527116,卖盘
175,14:46:54,6.96,--,34,23664,买盘
176,14:46:48,6.96,--,20,13920,买盘
177,14:46:39,6.96,--,118,82128,买盘
178,14:46:36,6.96,--,7,4872,买盘
179,14:46:33,6.96,--,480,334080,买盘
180,14:46:30,6.96,--,10,6960,买盘
181,14:46:27,6.96,0.01,30,20880,买盘
182,14:46:21,6.95,-0.01,69,47955,卖盘
183,14:46:18,6.96,--,25,17400,买盘
184,14:46:12,6.96,0.01,114,79344,买盘
185,14:46:06,6.95,--,155,107725,卖盘
186,14:46:03,6.95,-0.01,57,39615,卖盘
187,14:46:00,6.96,--,75,52200,买盘
188,14:45:57,6.96,0.01,9,6264,买盘
189,14:45:54,6.95,--,9,6255,卖盘
190,14:45:48,6.95,-0.01,52,36140,卖盘
191,14:45:45,6.96,--,1,696,买盘
192,14:45:42,6.96,--,16,11136,买盘
193,14:45:39,6.96,--,198,137808,买盘
194,14:45:36,6.96,--,3,2088,买盘
195,14:45:33,6.96,0.01,158,109968,买盘
196,14:45:30,6.95,-0.01,395,274525,卖盘
197,14:45:27,6.96,0.01,22,15312,买盘
198,14:45:21,6.95,--,34,23630,卖盘
199,14:45:18,6.95,-0.01,30,21343,卖盘
200,14:45:15,6.96,0.01,32,22272,买盘
201,14:45:06,6.95,--,20,13900,卖盘
202,14:45:03,6.95,--,280,194600,卖盘
203,14:45:00,6.95,--,8,5560,卖盘
204,14:44:57,6.95,--,6,4170,卖盘
205,14:44:54,6.95,-0.01,7,4865,卖盘
206,14:44:51,6.96,0.01,832,579072,买盘
207,14:44:48,6.95,--,36,25020,卖盘
208,14:44:45,6.95,--,100,69500,卖盘
209,14:44:42,6.95,--,57,39615,卖盘
210,14:44:36,6.95,--,5,3475,卖盘
211,14:44:33,6.95,--,212,147340,卖盘
212,14:44:30,6.95,--,5,3475,卖盘
213,14:44:27,6.95,-0.01,2,1390,卖盘
214,14:44:24,6.96,0.01,33,22968,买盘
215,14:44:21,6.95,-0.01,535,371825,卖盘
216,14:44:18,6.96,0.01,32,22272,买盘
217,14:44:15,6.95,--,13,9035,卖盘
218,14:44:12,6.95,-0.01,76,52820,卖盘
219,14:44:09,6.96,0.01,10,6960,买盘
220,14:44:06,6.95,--,20,13900,卖盘
221,14:44:03,6.95,--,19,13205,卖盘
222,14:44:00,6.95,-0.01,160,111200,卖盘
223,14:43:57,6.96,0.01,7,4872,买盘
224,14:43:54,6.95,--,7,4865,卖盘
225,14:43:51,6.95,-0.01,17,11815,卖盘
226,14:43:48,6.96,0.01,3,2088,买盘
227,14:43:45,6.95,--,44,30580,卖盘
228,14:43:42,6.95,--,1,695,卖盘
229,14:43:39,6.95,-0.01,27,18765,卖盘
230,14:43:33,6.96,0.01,266,185136,买盘
231,14:43:30,6.95,--,163,113285,卖盘
232,14:43:27,6.95,--,30,20850,卖盘
233,14:43:24,6.95,--,20,13900,卖盘
234,14:43:21,6.95,--,11,7645,卖盘
235,14:43:18,6.95,--,53,36835,卖盘
236,14:43:12,6.95,-0.01,204,141780,卖盘
237,14:43:09,6.96,0.01,60,41760,买盘
238,14:43:06,6.95,--,70,48650,卖盘
239,14:43:03,6.95,--,3,2085,卖盘
240,14:43:00,6.95,--,20,13900,卖盘
241,14:42:57,6.95,--,2100,1459500,卖盘
242,14:42:54,6.95,-0.01,5,3475,卖盘
243,14:42:51,6.96,--,34,23664,买盘
244,14:42:48,6.96,--,4,2784,买盘
245,14:42:45,6.96,--,4,2784,买盘
246,14:42:39,6.96,0.01,10,6960,买盘
247,14:42:36,6.95,--,5,3475,卖盘
248,14:42:33,6.95,--,225,156375,卖盘
249,14:42:30,6.95,-0.01,270,187650,卖盘
250,14:42:18,6.96,--,11,7656,买盘
251,14:42:15,6.96,-0.01,6,4176,中性盘
252,14:42:12,6.97,0.01,122,85034,买盘
253,14:42:09,6.96,-0.01,30,20880,卖盘
254,14:42:06,6.97,0.01,50,34850,买盘
255,14:42:03,6.96,--,234,162864,买盘
256,14:42:00,6.96,--,103,71688,买盘
257,14:41:57,6.96,--,211,146856,卖盘
258,14:41:54,6.96,-0.01,22,15312,卖盘
259,14:41:51,6.97,0.01,44,30668,买盘
260,14:41:48,6.96,-0.01,1,696,卖盘
261,14:41:42,6.97,0.01,90,62730,买盘
262,14:41:39,6.96,--,2950,2053200,卖盘
263,14:41:36,6.96,-0.01,24,16704,卖盘
264,14:41:33,6.97,--,21,14637,买盘
265,14:41:30,6.97,--,15,10455,买盘
266,14:41:24,6.97,--,1,697,买盘
267,14:41:18,6.97,--,21,14637,买盘
268,14:41:15,6.97,0.01,2,1394,买盘
269,14:41:12,6.96,--,33,22968,卖盘
270,14:41:09,6.96,--,15,10440,卖盘
271,14:41:06,6.96,-0.01,10,6960,卖盘
272,14:41:03,6.97,--,64,44608,买盘
273,14:41:00,6.97,0.01,38,26486,买盘
274,14:40:54,6.96,--,2,1392,卖盘
275,14:40:51,6.96,-0.01,29,20184,卖盘
276,14:40:45,6.97,--,14,9758,买盘
277,14:40:39,6.97,0.01,2,1394,买盘
278,14:40:36,6.96,-0.01,2,1392,卖盘
279,14:40:33,6.97,0.01,3,2091,买盘
280,14:40:30,6.96,--,5,3480,卖盘
281,14:40:27,6.96,-0.01,75,52200,卖盘
282,14:40:21,6.97,--,5,3485,买盘
283,14:40:15,6.97,0.01,133,92701,买盘
284,14:40:12,6.96,-0.01,2,1392,卖盘
285,14:40:06,6.97,-0.01,95,66215,卖盘
286,14:40:03,6.98,0.01,138,96324,买盘
287,14:40:00,6.97,-0.01,121,84337,卖盘
288,14:39:57,6.98,0.01,32,22336,买盘
289,14:39:54,6.97,--,2,1394,卖盘
290,14:39:51,6.97,--,3,2091,卖盘
291,14:39:48,6.97,--,90,62730,卖盘
292,14:39:45,6.97,--,40,27880,卖盘
293,14:39:42,6.97,--,121,84337,卖盘
294,14:39:36,6.97,--,39,27183,卖盘
295,14:39:33,6.97,--,62,43214,卖盘
296,14:39:30,6.97,--,3,2091,卖盘
297,14:39:27,6.97,--,100,69700,卖盘
298,14:39:24,6.97,--,293,204221,卖盘
299,14:39:18,6.97,--,11,7667,卖盘
300,14:39:15,6.97,--,10,6970,卖盘
301,14:39:12,6.97,--,20,13940,卖盘
302,14:39:06,6.97,--,17,11849,卖盘
303,14:39:03,6.97,--,83,57851,卖盘
304,14:39:00,6.97,-0.01,10,6970,卖盘
305,14:38:57,6.98,0.01,66,46068,买盘
306,14:38:54,6.97,-0.01,95,66215,卖盘
307,14:38:51,6.98,0.01,1,698,买盘
308,14:38:48,6.97,--,20,13940,卖盘
309,14:38:45,6.97,--,59,41123,卖盘
310,14:38:42,6.97,--,120,83640,卖盘
311,14:38:39,6.97,--,16,11152,卖盘
312,14:38:36,6.97,-0.01,12,8364,卖盘
313,14:38:33,6.98,--,10,6980,买盘
314,14:38:30,6.98,0.01,3,2094,买盘
315,14:38:27,6.97,--,50,34850,卖盘
316,14:38:24,6.97,-0.01,12,8364,卖盘
317,14:38:18,6.98,0.01,300,209400,买盘
318,14:38:15,6.97,--,20,13940,卖盘
319,14:38:12,6.97,-0.01,54,37638,卖盘
320,14:38:03,6.98,0.01,32,22336,买盘
321,14:38:00,6.97,--,100,69700,卖盘
322,14:37:54,6.97,-0.01,81,56457,卖盘
323,14:37:51,6.98,0.01,182,127036,买盘
324,14:37:48,6.97,--,176,122672,卖盘
325,14:37:45,6.97,--,34,23698,卖盘
326,14:37:42,6.97,--,20,13940,卖盘
327,14:37:39,6.97,--,15,10455,卖盘
328,14:37:36,6.97,--,112,78064,卖盘
329,14:37:30,6.97,--,5,3485,卖盘
330,14:37:24,6.97,--,38,26486,卖盘
331,14:37:21,6.97,0.01,188,131036,买盘
332,14:37:18,6.96,-0.01,11,7656,卖盘
333,14:37:15,6.97,--,729,508113,买盘
334,14:37:12,6.97,--,4,2788,买盘
335,14:37:03,6.97,--,504,351288,买盘
336,14:37:00,6.97,--,32,22304,买盘
337,14:36:57,6.97,0.01,32,22304,买盘
338,14:36:54,6.96,--,234,162864,卖盘
339,14:36:51,6.96,--,234,162864,卖盘
340,14:36:48,6.96,--,103,71688,卖盘
341,14:36:45,6.96,-0.01,174,121104,卖盘
342,14:36:39,6.97,0.01,1,697,买盘
343,14:36:33,6.96,-0.01,51,35496,卖盘
344,14:36:27,6.97,0.01,1,697,买盘
345,14:36:24,6.96,-0.01,1,696,卖盘
346,14:36:21,6.97,--,30,20910,买盘
347,14:36:18,6.97,0.01,20,13940,买盘
348,14:36:15,6.96,--,25,17400,卖盘
349,14:36:12,6.96,--,6,4176,卖盘
350,14:36:09,6.96,-0.01,50,34800,卖盘
351,14:36:06,6.97,0.01,10,6970,买盘
352,14:36:00,6.96,--,200,139200,卖盘
353,14:35:54,6.96,-0.01,47,32712,卖盘
354,14:35:51,6.97,0.01,36,25092,买盘
355,14:35:48,6.96,--,107,74472,卖盘
356,14:35:39,6.96,--,300,208800,卖盘
357,14:35:33,6.96,--,105,73080,卖盘
358,14:35:09,6.96,--,2,1392,卖盘
359,14:35:06,6.96,-0.01,6,4176,卖盘
360,14:35:03,6.97,--,2,1394,买盘
361,14:34:57,6.97,0.01,27,18819,买盘
362,14:34:54,6.96,-0.01,57,39672,卖盘
363,14:34:51,6.97,0.01,22,15334,买盘
364,14:34:48,6.96,0.01,40,27840,买盘
365,14:34:45,6.95,-0.01,108,75060,卖盘
366,14:34:42,6.96,--,194,135024,卖盘
367,14:34:39,6.96,--,381,265593,买盘
368,14:34:33,6.96,--,8,5568,买盘
369,14:34:30,6.96,--,79,54984,买盘
370,14:34:27,6.96,--,55,38280,买盘
371,14:34:21,6.96,0.01,84,58464,买盘
372,14:34:18,6.95,-0.01,1,695,卖盘
373,14:34:15,6.96,0.01,195,135720,买盘
374,14:34:12,6.95,--,52,36140,卖盘
375,14:34:09,6.95,--,12,8340,卖盘
376,14:34:06,6.95,-0.01,21,14595,卖盘
377,14:34:03,6.96,0.01,5,3480,买盘
378,14:34:00,6.95,-0.01,22,15290,卖盘
379,14:33:57,6.96,0.01,46,32016,买盘
380,14:33:54,6.95,--,45,31275,卖盘
381,14:33:51,6.95,--,66,45870,卖盘
382,14:33:48,6.95,--,3,2085,卖盘
383,14:33:45,6.95,-0.01,5,3475,卖盘
384,14:33:42,6.96,0.01,5,3480,买盘
385,14:33:39,6.95,--,44,30580,卖盘
386,14:33:36,6.95,0.01,4882,3393003,买盘
387,14:33:33,6.94,-0.01,3,2082,卖盘
388,14:33:30,6.95,0.01,5,3475,买盘
389,14:33:27,6.94,--,2,1388,卖盘
390,14:33:24,6.94,-0.01,314,217916,卖盘
391,14:33:18,6.95,--,150,104250,买盘
392,14:33:15,6.95,--,27,18765,买盘
393,14:33:12,6.95,--,52,36140,买盘
394,14:33:09,6.95,0.01,23,15985,买盘
395,14:33:06,6.94,-0.01,8,5552,卖盘
396,14:33:03,6.95,0.01,101,70195,买盘
397,14:33:00,6.94,-0.01,52,36088,卖盘
398,14:32:57,6.95,0.01,150,104250,买盘
399,14:32:54,6.94,-0.01,296,205424,卖盘
400,14:32:48,6.95,0.01,52,36140,买盘
401,14:32:45,6.94,-0.01,150,104100,卖盘
402,14:32:39,6.95,0.01,55,38225,买盘
403,14:32:33,6.94,--,50,34700,卖盘
404,14:32:30,6.94,--,12,8328,卖盘
405,14:32:27,6.94,-0.01,43,29842,卖盘
406,14:32:24,6.95,0.01,70,48650,买盘
407,14:32:21,6.94,--,52,36088,卖盘
408,14:32:18,6.94,-0.01,50,34700,卖盘
409,14:32:15,6.95,0.01,21,14595,买盘
410,14:32:12,6.94,--,29,20126,卖盘
411,14:32:09,6.94,--,47,32618,卖盘
412,14:32:06,6.94,--,20,13880,卖盘
413,14:32:03,6.94,-0.01,7,4858,卖盘
414,14:32:00,6.95,0.01,75,52125,买盘
415,14:31:57,6.94,--,111,77034,卖盘
416,14:31:54,6.94,--,4,2776,卖盘
417,14:31:51,6.94,--,72,49968,卖盘
418,14:31:48,6.94,--,5,3470,卖盘
419,14:31:45,6.94,-0.01,30,20820,卖盘
420,14:31:42,6.95,0.01,480,333600,买盘
421,14:31:39,6.94,--,113,78422,卖盘
422,14:31:36,6.94,-0.01,100,69400,卖盘
423,14:31:33,6.95,0.01,6,4170,买盘
424,14:31:30,6.94,-0.01,11,7634,卖盘
425,14:31:27,6.95,--,60,41700,买盘
426,14:31:21,6.95,0.01,9,6255,买盘
427,14:31:15,6.94,--,41,28454,卖盘
428,14:31:12,6.94,-0.01,22,15268,卖盘
429,14:31:09,6.95,--,10,6950,买盘
430,14:31:06,6.95,--,136,94520,买盘
431,14:31:03,6.95,--,3,2085,买盘
432,14:31:00,6.95,0.01,5,3475,买盘
433,14:30:54,6.94,-0.01,94,65236,卖盘
434,14:30:51,6.95,0.01,37,25715,买盘
435,14:30:45,6.94,-0.01,52,36088,卖盘
436,14:30:42,6.95,0.01,236,164020,买盘
437,14:30:39,6.94,-0.01,34,23596,卖盘
438,14:30:36,6.95,0.01,13,9035,买盘
439,14:30:33,6.94,--,304,210976,卖盘
440,14:30:30,6.94,-0.01,43,29842,卖盘
441,14:30:27,6.95,0.01,15,10425,买盘
442,14:30:24,6.94,-0.01,27,18738,卖盘
443,14:30:21,6.95,--,200,139000,买盘
444,14:30:18,6.95,0.01,2,1390,买盘
445,14:30:15,6.94,--,100,69400,卖盘
446,14:30:12,6.94,-0.01,27,18738,卖盘
447,14:30:09,6.95,0.01,71,49345,买盘
448,14:30:06,6.94,-0.01,3,2082,卖盘
449,14:30:03,6.95,0.01,1,695,买盘
450,14:30:00,6.94,-0.01,76,52744,卖盘
451,14:29:57,6.95,0.01,122,84790,买盘
452,14:29:54,6.94,--,2,1388,卖盘
453,14:29:51,6.94,-0.01,107,74258,卖盘
454,14:29:48,6.95,0.01,15,10425,买盘
455,14:29:45,6.94,-0.01,157,108958,卖盘
456,14:29:42,6.95,0.01,9,6255,买盘
457,14:29:39,6.94,-0.01,66,45804,卖盘
458,14:29:36,6.95,--,37,25715,买盘
459,14:29:33,6.95,--,30,20850,买盘
460,14:29:30,6.95,--,50,34750,买盘
461,14:29:27,6.95,--,116,80620,买盘
462,14:29:24,6.95,--,8,5560,买盘
463,14:29:21,6.95,0.01,7,4865,买盘
464,14:29:15,6.94,-0.01,4,2776,卖盘
465,14:29:12,6.95,--,467,324565,买盘
466,14:29:09,6.95,--,21,14595,买盘
467,14:29:06,6.95,0.01,108,75060,买盘
468,14:29:03,6.94,--,15,10410,卖盘
469,14:28:57,6.94,-0.01,2,1388,卖盘
470,14:28:54,6.95,--,4,2780,买盘
471,14:28:51,6.95,--,29,20155,买盘
472,14:28:45,6.95,0.01,1,695,买盘
473,14:28:42,6.94,-0.01,53,36782,卖盘
474,14:28:39,6.95,0.01,83,57685,买盘
475,14:28:36,6.94,-0.01,118,81892,卖盘
476,14:28:33,6.95,--,132,91740,买盘
477,14:28:30,6.95,0.01,29,20155,买盘
478,14:28:27,6.94,-0.01,4,2776,卖盘
479,14:28:24,6.95,0.01,5,3475,买盘
480,14:28:18,6.94,--,65,45110,卖盘
481,14:28:15,6.94,-0.01,8,5552,卖盘
482,14:28:12,6.95,0.01,35,24325,买盘
483,14:28:09,6.94,-0.01,154,106876,卖盘
484,14:28:06,6.95,--,103,71585,买盘
485,14:28:03,6.95,--,574,398930,买盘
486,14:28:00,6.95,--,90,62550,买盘
487,14:27:57,6.95,0.01,42,29190,买盘
488,14:27:54,6.94,--,2,1388,卖盘
489,14:27:51,6.94,-0.01,69,47886,卖盘
490,14:27:48,6.95,0.01,10,6950,买盘
491,14:27:45,6.94,-0.01,112,77728,卖盘
492,14:27:39,6.95,0.01,121,84095,买盘
493,14:27:36,6.94,-0.01,25,17350,卖盘
494,14:27:33,6.95,--,326,226570,买盘
495,14:27:30,6.95,--,10,6950,买盘
496,14:27:21,6.95,--,10,6950,买盘
497,14:27:18,6.95,0.01,9,6255,买盘
498,14:27:15,6.94,-0.01,5,3470,卖盘
499,14:27:12,6.95,--,5,3475,买盘
500,14:27:09,6.95,--,5,3475,买盘
501,14:27:06,6.95,0.01,37,25715,买盘
502,14:27:03,6.94,-0.01,306,212364,卖盘
503,14:27:00,6.95,--,70,48650,买盘
504,14:26:57,6.95,0.01,386,268270,买盘
505,14:26:54,6.94,--,14,9716,卖盘
506,14:26:51,6.94,-0.01,141,97854,卖盘
507,14:26:48,6.95,0.01,119,82705,买盘
508,14:26:45,6.94,--,26,18044,卖盘
509,14:26:42,6.94,--,8,5552,卖盘
510,14:26:39,6.94,-0.01,90,62460,卖盘
511,14:26:36,6.95,--,63,43785,买盘
512,14:26:33,6.95,--,1212,842340,买盘
513,14:26:30,6.95,0.01,35,24325,买盘
514,14:26:27,6.94,--,78,54132,卖盘
515,14:26:24,6.94,-0.01,88,61072,卖盘
516,14:26:21,6.95,--,4,2780,买盘
517,14:26:18,6.95,--,53,36835,买盘
518,14:26:15,6.95,--,208,144560,买盘
519,14:26:12,6.95,--,21,14595,买盘
520,14:26:09,6.95,--,1,695,买盘
521,14:26:06,6.95,--,261,181395,买盘
522,14:26:03,6.95,--,105,72975,买盘
523,14:26:00,6.95,--,11,7645,买盘
524,14:25:57,6.95,0.01,132,91740,买盘
525,14:25:54,6.94,-0.01,2,1388,卖盘
526,14:25:48,6.95,--,105,72975,买盘
527,14:25:45,6.95,--,73,50735,买盘
528,14:25:39,6.95,--,275,191125,买盘
529,14:25:33,6.95,--,54,37530,买盘
530,14:25:27,6.95,--,10,6950,买盘
531,14:25:24,6.95,0.01,10,6950,买盘
532,14:25:21,6.94,-0.01,6,4164,卖盘
533,14:25:18,6.95,0.01,49,34055,买盘
534,14:25:15,6.94,-0.01,501,347694,卖盘
535,14:25:12,6.95,--,18,12510,买盘
536,14:25:09,6.95,0.01,1,695,买盘
537,14:25:06,6.94,-0.01,21,14574,卖盘
538,14:25:03,6.95,0.01,77,53515,买盘
539,14:25:00,6.94,-0.01,2,1388,卖盘
540,14:24:57,6.95,--,110,76450,买盘
541,14:24:54,6.95,--,174,120930,买盘
542,14:24:51,6.95,--,25,17375,买盘
543,14:24:48,6.95,--,60,41700,买盘
544,14:24:45,6.95,--,52,36140,买盘
545,14:24:42,6.95,0.01,2,1390,买盘
546,14:24:39,6.94,--,371,257474,卖盘
547,14:24:36,6.94,-0.01,60,41640,卖盘
548,14:24:33,6.95,0.01,30,20850,买盘
549,14:24:30,6.94,--,89,61766,卖盘
550,14:24:27,6.94,-0.01,102,70788,卖盘
551,14:24:21,6.95,--,3,2085,买盘
552,14:24:18,6.95,--,20,13900,买盘
553,14:24:12,6.95,--,14,9730,买盘
554,14:24:09,6.95,0.01,8,5560,买盘
555,14:24:06,6.94,--,61,42334,卖盘
556,14:24:03,6.94,-0.01,271,188074,卖盘
557,14:24:00,6.95,0.01,50,34750,买盘
558,14:23:57,6.94,--,70,48580,卖盘
559,14:23:54,6.94,--,96,66624,卖盘
560,14:23:51,6.94,-0.01,1037,719678,卖盘
561,14:23:48,6.95,--,94,65330,买盘
562,14:23:45,6.95,0.01,36,25020,买盘
563,14:23:42,6.94,--,20,13880,卖盘
564,14:23:39,6.94,--,108,74952,卖盘
565,14:23:36,6.94,--,3,2082,卖盘
566,14:23:33,6.94,-0.01,170,117980,卖盘
567,14:23:24,6.95,--,12,8340,买盘
568,14:23:21,6.95,0.01,31,21545,买盘
569,14:23:15,6.94,--,466,323404,卖盘
570,14:23:12,6.94,--,100,69400,卖盘
571,14:23:09,6.94,--,338,234572,卖盘
572,14:23:06,6.94,-0.01,2335,1620490,卖盘
573,14:23:03,6.95,--,1,695,买盘
574,14:23:00,6.95,--,16,11120,买盘
575,14:22:57,6.95,0.01,75,52125,买盘
576,14:22:54,6.94,-0.01,2,1388,卖盘
577,14:22:51,6.95,0.01,32,22240,买盘
578,14:22:48,6.94,-0.01,81,56214,卖盘
579,14:22:45,6.95,--,305,211975,买盘
580,14:22:42,6.95,--,40,27800,买盘
581,14:22:39,6.95,--,607,421865,买盘
582,14:22:36,6.95,0.01,1,695,买盘
583,14:22:33,6.94,-0.01,91,63154,卖盘
584,14:22:30,6.95,0.01,202,140390,买盘
585,14:22:27,6.94,--,30,20820,卖盘
586,14:22:24,6.94,--,3,2082,卖盘
587,14:22:21,6.94,--,148,102712,卖盘
588,14:22:18,6.94,-0.01,93,64542,卖盘
589,14:22:15,6.95,--,90,62550,买盘
590,14:22:06,6.95,0.01,27,18765,买盘
591,14:22:03,6.94,-0.01,43,29842,卖盘
592,14:22:00,6.95,--,14,9730,买盘
593,14:21:57,6.95,0.01,31,21545,买盘
594,14:21:54,6.94,-0.01,750,520500,卖盘
595,14:21:48,6.95,--,101,70195,买盘
596,14:21:45,6.95,0.01,139,96605,买盘
597,14:21:42,6.94,--,63,43722,卖盘
598,14:21:39,6.94,-0.01,87,60378,卖盘
599,14:21:36,6.95,0.01,71,49345,买盘
600,14:21:33,6.94,--,31,21514,卖盘
601,14:21:30,6.94,--,16,11104,卖盘
602,14:21:27,6.94,-0.01,998,692612,卖盘
603,14:21:24,6.95,0.01,10,6950,买盘
604,14:21:18,6.94,--,36,24984,卖盘
605,14:21:15,6.94,--,7,4858,卖盘
606,14:21:12,6.94,--,602,417788,卖盘
607,14:21:09,6.94,--,1,694,卖盘
608,14:21:06,6.94,-0.01,185,128390,卖盘
609,14:21:03,6.95,--,135,93825,买盘
610,14:20:57,6.95,0.01,107,74365,买盘
611,14:20:54,6.94,-0.01,1,694,卖盘
612,14:20:51,6.95,0.01,32,22240,买盘
613,14:20:48,6.94,--,49,34006,卖盘
614,14:20:45,6.94,-0.01,268,185992,卖盘
615,14:20:42,6.95,0.01,32,22240,买盘
616,14:20:39,6.94,-0.01,171,118674,卖盘
617,14:20:33,6.95,0.01,1,695,买盘
618,14:20:30,6.94,--,119,82586,卖盘
619,14:20:27,6.94,-0.01,1038,720372,卖盘
620,14:20:21,6.95,--,800,556000,买盘
621,14:20:18,6.95,0.01,1,695,买盘
622,14:20:15,6.94,-0.01,22,15268,卖盘
623,14:20:12,6.95,0.01,15,10425,买盘
624,14:20:09,6.94,--,559,387946,买盘
625,14:20:06,6.94,--,231,160314,买盘
626,14:20:03,6.94,--,33,22902,买盘
627,14:20:00,6.94,--,70,48580,买盘
628,14:19:57,6.94,0.01,222,154068,买盘
629,14:19:54,6.93,-0.01,2,1386,卖盘
630,14:19:51,6.94,-0.01,1065,739110,卖盘
631,14:19:48,6.95,--,70,48650,买盘
632,14:19:45,6.95,--,18,12510,买盘
633,14:19:42,6.95,--,26,18070,买盘
634,14:19:39,6.95,0.01,261,181395,买盘
635,14:19:36,6.94,-0.01,131,90914,卖盘
636,14:19:33,6.95,0.01,317,220315,买盘
637,14:19:30,6.94,--,103,71482,卖盘
638,14:19:27,6.94,--,340,235960,卖盘
639,14:19:24,6.94,--,457,317158,卖盘
640,14:19:21,6.94,--,149,103406,卖盘
641,14:19:18,6.94,--,34,23596,卖盘
642,14:19:15,6.94,0.02,20,13880,卖盘
643,14:19:12,6.92,-0.02,2400,1660800,卖盘
644,14:19:09,6.94,--,5665,3931510,卖盘
645,14:19:06,6.94,--,582,403908,卖盘
646,14:19:03,6.94,0.01,1383,959802,买盘
647,14:19:00,6.93,-0.01,380,263340,卖盘
648,14:18:57,6.94,--,931,646114,买盘
649,14:18:54,6.94,--,3103,2153482,买盘
650,14:18:51,6.94,--,2862,1986228,买盘
651,14:18:48,6.94,--,148,102712,买盘
652,14:18:45,6.94,--,1243,862642,买盘
653,14:18:42,6.94,0.01,2416,1676704,买盘
654,14:18:39,6.93,-0.01,498,345114,卖盘
655,14:18:36,6.94,--,1140,791160,买盘
656,14:18:33,6.94,--,107,74258,买盘
657,14:18:30,6.94,--,267,185298,买盘
658,14:18:27,6.94,--,177,122838,买盘
659,14:18:24,6.94,--,109,75646,买盘
660,14:18:21,6.94,--,220,152680,买盘
661,14:18:18,6.94,-0.01,217,150598,卖盘
662,14:18:15,6.95,0.02,1,695,买盘
663,14:18:12,6.93,-0.01,616,426888,卖盘
664,14:18:09,6.94,--,1075,746050,卖盘
665,14:18:06,6.94,-0.01,37,25678,卖盘
666,14:18:03,6.95,0.01,4,2780,买盘
667,14:18:00,6.94,-0.01,45,31230,卖盘
668,14:17:57,6.95,0.01,10,6950,买盘
669,14:17:54,6.94,-0.01,455,315770,卖盘
670,14:17:51,6.95,0.01,740,514300,买盘
671,14:17:48,6.94,-0.01,50,34700,卖盘
672,14:17:45,6.95,--,60,41700,买盘
673,14:17:42,6.95,0.01,19,13205,买盘
674,14:17:39,6.94,-0.01,250,173500,卖盘
675,14:17:36,6.95,--,342,237690,买盘
676,14:17:33,6.95,0.01,115,79925,买盘
677,14:17:30,6.94,--,70,48580,卖盘
678,14:17:27,6.94,--,141,97854,买盘
679,14:17:24,6.94,--,37,25678,卖盘
680,14:17:21,6.94,--,931,646114,买盘
681,14:17:18,6.94,--,2109,1463646,卖盘
682,14:17:15,6.94,--,124,86056,卖盘
683,14:17:12,6.94,--,351,243594,卖盘
684,14:17:09,6.94,-0.01,73,50662,卖盘
685,14:17:06,6.95,--,10,6950,买盘
686,14:17:03,6.95,--,32,22240,买盘
687,14:17:00,6.95,0.01,100,69500,买盘
688,14:16:57,6.94,--,144,99936,卖盘
689,14:16:54,6.94,--,62,43028,卖盘
690,14:16:51,6.94,--,104,72176,卖盘
691,14:16:48,6.94,--,89,61766,买盘
692,14:16:45,6.94,--,1144,793936,卖盘
693,14:16:42,6.94,--,2556,1773864,卖盘
694,14:16:39,6.94,--,46,31924,卖盘
695,14:16:36,6.94,-0.01,167,115898,卖盘
696,14:16:33,6.95,0.01,133,92435,买盘
697,14:16:30,6.94,--,273,189462,卖盘
698,14:16:27,6.94,-0.01,322,223468,卖盘
699,14:16:24,6.95,0.01,182,126490,买盘
700,14:16:21,6.94,--,151,104794,卖盘
701,14:16:18,6.94,-0.01,45,31230,卖盘
702,14:16:15,6.95,--,252,175140,买盘
703,14:16:12,6.95,0.01,210,145950,买盘
704,14:16:09,6.94,--,348,241512,卖盘
705,14:16:06,6.94,-0.01,1020,707880,卖盘
706,14:16:03,6.95,--,1319,916705,买盘
707,14:16:00,6.95,0.01,200,139000,买盘
708,14:15:57,6.94,-0.01,205,142270,卖盘
709,14:15:54,6.95,0.01,232,161240,买盘
710,14:15:51,6.94,-0.01,191,132554,卖盘
711,14:15:48,6.95,--,532,369740,买盘
712,14:15:45,6.95,--,125,86875,买盘
713,14:15:42,6.95,0.01,264,183480,买盘
714,14:15:39,6.94,-0.02,100,69400,卖盘
715,14:15:36,6.96,0.01,157,109272,买盘
716,14:15:33,6.95,--,137,95215,买盘
717,14:15:30,6.95,--,403,280085,买盘
718,14:15:27,6.95,--,130,90350,买盘
719,14:15:24,6.95,--,64,44480,买盘
720,14:15:21,6.95,--,10,6950,买盘
721,14:15:18,6.95,0.01,57,39615,买盘
722,14:15:15,6.94,-0.01,11,7634,卖盘
723,14:15:12,6.95,--,58,40310,买盘
724,14:15:09,6.95,0.01,11,7645,买盘
725,14:15:06,6.94,-0.01,121,83974,卖盘
726,14:15:03,6.95,--,170,118428,卖盘
727,14:15:00,6.95,--,46,32387,买盘
728,14:14:57,6.95,--,147,102443,卖盘
729,14:14:54,6.95,--,67,46565,卖盘
730,14:14:51,6.95,--,155,108142,买盘
731,14:14:48,6.95,--,44,30580,买盘
732,14:14:45,6.95,--,148,102860,买盘
733,14:14:42,6.95,--,101,70195,买盘
734,14:14:39,6.95,--,62,43090,卖盘
735,14:14:36,6.95,-0.01,29,20155,卖盘
736,14:14:33,6.96,0.01,1,696,买盘
737,14:14:30,6.95,--,295,205025,买盘
738,14:14:27,6.95,0.01,375,260625,买盘
739,14:14:24,6.94,-0.01,103,71482,卖盘
740,14:14:21,6.95,--,243,168885,买盘
741,14:14:18,6.95,--,439,305105,卖盘
742,14:14:15,6.95,0.01,2,1390,卖盘
743,14:14:12,6.94,-0.01,330,229020,卖盘
744,14:14:09,6.95,-0.01,440,305800,卖盘
745,14:14:06,6.96,--,79,54984,买盘
746,14:14:03,6.96,0.01,3,2088,买盘
747,14:14:00,6.95,--,61,42395,买盘
748,14:13:57,6.95,--,181,125795,买盘
749,14:13:54,6.95,--,258,179310,卖盘
750,14:13:51,6.95,--,204,141780,卖盘
751,14:13:48,6.95,--,166,115370,卖盘
752,14:13:45,6.95,-0.01,42,29190,卖盘
753,14:13:39,6.96,0.01,62,43152,买盘
754,14:13:36,6.95,--,283,196685,买盘
755,14:13:33,6.95,-0.01,433,300935,卖盘
756,14:13:30,6.96,--,266,185136,买盘
757,14:13:27,6.96,--,379,263784,买盘
758,14:13:24,6.96,0.01,203,141288,买盘
759,14:13:21,6.95,-0.01,202,140390,卖盘
760,14:13:18,6.96,0.01,48,33408,买盘
761,14:13:15,6.95,-0.01,57,39615,卖盘
762,14:13:09,6.96,0.01,11,7656,买盘
763,14:13:06,6.95,--,219,152205,卖盘
764,14:13:03,6.95,-0.01,244,169580,卖盘
765,14:13:00,6.96,0.01,175,121800,买盘
766,14:12:57,6.95,-0.01,353,245335,卖盘
767,14:12:54,6.96,--,149,103704,买盘
768,14:12:51,6.96,0.01,19,13224,买盘
769,14:12:48,6.95,--,199,138305,买盘
770,14:12:45,6.95,--,105,72975,卖盘
771,14:12:42,6.95,--,357,248115,卖盘
772,14:12:39,6.95,--,684,475380,卖盘
773,14:12:36,6.95,-0.01,451,313445,卖盘
774,14:12:33,6.96,--,102,70992,买盘
775,14:12:30,6.96,--,364,253344,买盘
776,14:12:27,6.96,--,153,106488,买盘
777,14:12:24,6.96,--,31,21576,买盘
778,14:12:21,6.96,0.01,61,42456,买盘
779,14:12:18,6.95,--,43,29885,卖盘
780,14:12:15,6.95,--,174,120930,卖盘
781,14:12:12,6.95,-0.01,312,216840,卖盘
782,14:12:09,6.96,0.01,18,12528,买盘
783,14:12:06,6.95,0.01,5,3475,买盘
784,14:12:03,6.94,-0.01,197,136718,卖盘
785,14:12:00,6.95,--,265,184175,买盘
786,14:11:57,6.95,-0.01,1191,827745,卖盘
787,14:11:54,6.96,0.01,2396,1667616,买盘
788,14:11:51,6.95,--,520,361400,卖盘
789,14:11:48,6.95,--,946,657470,卖盘
790,14:11:45,6.95,-0.01,1924,1337180,卖盘
791,14:11:42,6.96,-0.02,3433,2389368,卖盘
792,14:11:39,6.98,0.02,189,131922,买盘
793,14:11:36,6.96,--,280,194880,卖盘
794,14:11:33,6.96,-0.02,653,454488,卖盘
795,14:11:30,6.98,--,167,116566,买盘
796,14:11:27,6.98,--,179,124942,买盘
797,14:11:24,6.98,0.01,12,8376,买盘
798,14:11:12,6.97,-0.01,67,46699,卖盘
799,14:11:09,6.98,0.01,26,18148,买盘
800,14:11:06,6.97,-0.01,3,2091,卖盘
801,14:11:03,6.98,--,1,698,买盘
802,14:11:00,6.98,0.01,29,20242,买盘
803,14:10:51,6.97,--,19,13243,卖盘
804,14:10:48,6.97,-0.01,20,13940,卖盘
805,14:10:45,6.98,0.01,4,2792,买盘
806,14:10:42,6.97,--,138,96186,卖盘
807,14:10:39,6.97,--,47,32759,卖盘
808,14:10:36,6.97,--,8,5576,卖盘
809,14:10:33,6.97,--,62,43214,卖盘
810,14:10:30,6.97,--,131,91307,卖盘
811,14:10:27,6.97,-0.01,200,139400,卖盘
812,14:10:24,6.98,--,330,230340,买盘
813,14:10:21,6.98,0.01,32,22336,买盘
814,14:10:18,6.97,-0.01,108,75276,卖盘
815,14:10:09,6.98,--,1,698,买盘
816,14:10:06,6.98,0.01,72,50256,买盘
817,14:10:03,6.97,--,201,140097,卖盘
818,14:10:00,6.97,--,470,327590,卖盘
819,14:09:57,6.97,--,198,138006,卖盘
820,14:09:54,6.97,-0.01,592,412624,卖盘
821,14:09:51,6.98,0.01,80,55840,买盘
822,14:09:48,6.97,--,14,9758,卖盘
823,14:09:33,6.97,-0.01,7,4879,卖盘
824,14:09:27,6.98,0.01,32,22336,买盘
825,14:09:24,6.97,-0.01,14,9758,卖盘
826,14:09:18,6.98,--,32,22336,买盘
827,14:09:15,6.98,--,104,72592,买盘
828,14:09:09,6.98,0.01,132,92136,买盘
829,14:09:06,6.97,-0.01,112,78064,卖盘
830,14:09:03,6.98,0.01,27,18846,买盘
831,14:08:57,6.97,-0.01,219,152643,卖盘
832,14:08:54,6.98,--,49,34202,买盘
833,14:08:51,6.98,--,80,55840,买盘
834,14:08:42,6.98,--,80,55840,买盘
835,14:08:39,6.98,0.01,17,11866,买盘
836,14:08:36,6.97,-0.01,117,81549,卖盘
837,14:08:33,6.98,0.01,50,34900,买盘
838,14:08:27,6.97,--,10,6970,卖盘
839,14:08:24,6.97,-0.01,37,25789,卖盘
840,14:08:21,6.98,--,32,22336,买盘
841,14:08:15,6.98,0.01,18,12564,买盘
842,14:08:12,6.97,--,12,8364,卖盘
843,14:08:09,6.97,-0.01,186,129642,卖盘
844,14:08:06,6.98,0.01,117,81666,买盘
845,14:08:03,6.97,--,30,20910,卖盘
846,14:08:00,6.97,--,46,32062,卖盘
847,14:07:57,6.97,--,192,133824,卖盘
848,14:07:54,6.97,--,83,57851,卖盘
849,14:07:51,6.97,-0.01,147,102459,卖盘
850,14:07:48,6.98,--,30,20940,卖盘
851,14:07:45,6.98,--,12,8376,卖盘
852,14:07:42,6.98,--,258,180084,卖盘
853,14:07:39,6.98,--,561,391578,买盘
854,14:07:36,6.98,0.01,116,80968,卖盘
855,14:07:33,6.97,--,118,82246,卖盘
856,14:07:27,6.97,-0.01,454,316438,卖盘
857,14:07:24,6.98,--,570,397860,买盘
858,14:07:18,6.98,--,140,97720,买盘
859,14:07:15,6.98,0.01,32,22336,买盘
860,14:07:12,6.97,--,43,29971,卖盘
861,14:07:09,6.97,-0.01,10,6970,卖盘
862,14:07:06,6.98,0.01,1,698,中性盘
863,14:06:54,6.97,-0.01,12,8364,卖盘
864,14:06:51,6.98,--,82,57236,买盘
865,14:06:48,6.98,0.01,68,47464,买盘
866,14:06:45,6.97,-0.01,609,424473,卖盘
867,14:06:42,6.98,--,130,90740,买盘
868,14:06:39,6.98,--,56,39088,买盘
869,14:06:36,6.98,--,200,139600,买盘
870,14:06:30,6.98,--,20,13960,买盘
871,14:06:27,6.98,--,274,191252,卖盘
872,14:06:21,6.98,--,150,104700,卖盘
873,14:06:18,6.98,--,201,140298,买盘
874,14:06:15,6.98,0.01,22,15356,买盘
875,14:06:12,6.97,-0.01,1742,1214174,卖盘
876,14:06:09,6.98,0.01,77,53746,买盘
877,14:06:06,6.97,-0.01,1,697,卖盘
878,14:06:03,6.98,0.01,1,698,买盘
879,14:06:00,6.97,-0.01,50,34850,卖盘
880,14:05:57,6.98,--,519,362262,卖盘
881,14:05:51,6.98,--,46,32108,卖盘
882,14:05:48,6.98,--,573,399954,买盘
883,14:05:45,6.98,0.01,10,6980,买盘
884,14:05:39,6.97,--,20,13940,卖盘
885,14:05:36,6.97,--,57,39729,卖盘
886,14:05:33,6.97,--,41,28577,卖盘
887,14:05:27,6.97,-0.01,100,69700,卖盘
888,14:05:24,6.98,0.01,13,9074,买盘
889,14:05:21,6.97,-0.01,134,93398,卖盘
890,14:05:18,6.98,0.01,2,1396,买盘
891,14:05:15,6.97,-0.01,35,24395,卖盘
892,14:05:12,6.98,--,58,40895,卖盘
893,14:05:09,6.98,--,10,6980,卖盘
894,14:05:03,6.98,--,3,2094,卖盘
895,14:05:00,6.98,--,126,88234,买盘
896,14:04:57,6.98,--,1724,1203763,卖盘
897,14:04:54,6.98,-0.01,10,6980,卖盘
898,14:04:48,6.99,--,33,23067,买盘
899,14:04:45,6.99,--,31,21669,买盘
900,14:04:42,6.99,0.01,11,7689,买盘
901,14:04:39,6.98,--,20,13960,卖盘
902,14:04:36,6.98,-0.01,100,69800,卖盘
903,14:04:27,6.99,0.01,12,8388,买盘
904,14:04:18,6.98,--,530,369940,卖盘
905,14:04:15,6.98,--,5,3490,卖盘
906,14:04:12,6.98,-0.01,72,50256,卖盘
907,14:04:09,6.99,0.01,32,22368,买盘
908,14:04:06,6.98,-0.01,51,35598,卖盘
909,14:04:03,6.99,--,37,25863,买盘
910,14:04:00,6.99,--,464,324336,买盘
911,14:03:57,6.99,0.01,42,29358,买盘
912,14:03:54,6.98,--,100,69800,卖盘
913,14:03:51,6.98,--,242,168916,卖盘
914,14:03:39,6.98,-0.01,25,17450,卖盘
915,14:03:36,6.99,0.01,70,48930,买盘
916,14:03:33,6.98,--,50,34900,卖盘
917,14:03:30,6.98,--,38,26524,卖盘
918,14:03:24,6.98,-0.01,134,93532,卖盘
919,14:03:21,6.99,--,28,19572,买盘
920,14:03:18,6.99,0.01,438,306162,买盘
921,14:03:15,6.98,--,79,55142,卖盘
922,14:03:12,6.98,-0.01,40,27920,卖盘
923,14:03:09,6.99,0.01,15,10485,买盘
924,14:03:06,6.98,-0.01,10,6980,卖盘
925,14:03:03,6.99,0.01,121,84579,买盘
926,14:02:57,6.98,--,72,50256,卖盘
927,14:02:54,6.98,--,20,14630,卖盘
928,14:02:51,6.98,--,2,1396,卖盘
929,14:02:48,6.98,--,395,275710,卖盘
930,14:02:45,6.98,--,35,24430,卖盘
931,14:02:36,6.98,--,118,82364,卖盘
932,14:02:27,6.98,--,11,7678,卖盘
933,14:02:24,6.98,--,3,2094,卖盘
934,14:02:15,6.98,--,1,698,卖盘
935,14:02:12,6.98,-0.01,1,698,卖盘
936,14:02:09,6.99,0.01,41,28659,买盘
937,14:02:06,6.98,--,33,23034,卖盘
938,14:02:03,6.98,--,132,92136,卖盘
939,14:01:57,6.98,-0.01,6,4188,卖盘
940,14:01:51,6.99,--,11,7689,买盘
941,14:01:48,6.99,0.01,5,3495,买盘
942,14:01:45,6.98,--,100,69800,卖盘
943,14:01:39,6.98,--,10,6980,卖盘
944,14:01:36,6.98,-0.01,20,13960,卖盘
945,14:01:33,6.99,0.01,26,18174,买盘
946,14:01:30,6.98,--,150,104700,卖盘
947,14:01:24,6.98,--,8,5584,卖盘
948,14:01:18,6.98,--,29,20242,卖盘
949,14:01:15,6.98,--,92,64216,卖盘
950,14:01:12,6.98,--,15,10470,卖盘
951,14:01:09,6.98,-0.01,164,114472,卖盘
952,14:01:06,6.99,--,33,23067,买盘
953,14:01:03,6.99,0.01,74,51726,买盘
954,14:00:57,6.98,-0.01,50,34900,卖盘
955,14:00:54,6.99,0.01,32,22368,买盘
956,14:00:51,6.98,--,30,20940,卖盘
957,14:00:45,6.98,--,50,34900,卖盘
958,14:00:42,6.98,--,45,31410,卖盘
959,14:00:39,6.98,-0.01,35,24430,卖盘
960,14:00:36,6.99,--,15,10485,买盘
961,14:00:33,6.99,0.01,3,2097,买盘
962,14:00:30,6.98,--,10,6980,卖盘
963,14:00:27,6.98,--,89,62122,卖盘
964,14:00:24,6.98,-0.01,1,698,卖盘
965,14:00:18,6.99,--,4,2796,买盘
966,14:00:15,6.99,--,85,59415,买盘
967,14:00:09,6.99,0.01,10,6990,买盘
968,14:00:06,6.98,-0.01,2,1396,卖盘
969,14:00:00,6.99,--,32,22368,买盘
970,13:59:57,6.99,--,22,15378,买盘
971,13:59:54,6.99,0.01,43,30057,买盘
972,13:59:48,6.98,-0.01,1360,949280,卖盘
973,13:59:45,6.99,--,14,9786,买盘
974,13:59:42,6.99,--,1,699,买盘
975,13:59:36,6.99,--,15,10485,买盘
976,13:59:33,6.99,0.01,10,6990,买盘
977,13:59:30,6.98,--,20,13960,卖盘
978,13:59:27,6.98,--,28,19544,卖盘
979,13:59:24,6.98,-0.01,14,10086,卖盘
980,13:59:21,6.99,--,39,27261,买盘
981,13:59:15,6.99,0.01,7,4893,买盘
982,13:59:12,6.98,-0.01,100,69800,卖盘
983,13:59:09,6.99,0.01,18,12582,买盘
984,13:59:06,6.98,--,38,26524,卖盘
985,13:59:03,6.98,-0.01,33,23034,卖盘
986,13:59:00,6.99,--,4,2796,买盘
987,13:58:57,6.99,--,48,33552,买盘
988,13:58:54,6.99,--,74,51726,买盘
989,13:58:51,6.99,--,10,6990,买盘
990,13:58:48,6.99,0.01,7,4893,买盘
991,13:58:45,6.98,--,11,7678,卖盘
992,13:58:42,6.98,--,60,41880,卖盘
993,13:58:39,6.98,--,46,32108,卖盘
994,13:58:36,6.98,-0.01,862,601676,卖盘
995,13:58:33,6.99,--,14,9786,买盘
996,13:58:27,6.99,0.01,10,6990,买盘
997,13:58:24,6.98,--,4,2792,卖盘
998,13:58:21,6.98,--,2000,1396000,卖盘
999,13:58:18,6.98,-0.01,120,83760,卖盘
1000,13:58:15,6.99,--,14,9786,买盘
1001,13:58:12,6.99,--,1083,757017,买盘
1002,13:58:06,6.99,--,10,6990,买盘
1003,13:58:03,6.99,--,29,20271,买盘
1004,13:57:54,6.99,--,43,30057,买盘
1005,13:57:48,6.99,--,8,5592,买盘
1006,13:57:45,6.99,--,40,27960,买盘
1007,13:57:42,6.99,0.01,23,16077,买盘
1008,13:57:39,6.98,-0.01,76,53048,卖盘
1009,13:57:33,6.99,--,95,66405,买盘
1010,13:57:30,6.99,--,300,209700,买盘
1011,13:57:27,6.99,--,10,6990,买盘
1012,13:57:21,6.99,0.01,11,7689,买盘
1013,13:57:18,6.98,-0.01,117,81666,卖盘
1014,13:57:12,6.99,--,29,20271,买盘
1015,13:57:09,6.99,--,140,97860,买盘
1016,13:57:06,6.99,0.01,13,9087,买盘
1017,13:57:03,6.98,-0.01,45,31410,卖盘
1018,13:57:00,6.99,0.01,439,306861,买盘
1019,13:56:57,6.98,--,20,13960,卖盘
1020,13:56:54,6.98,--,18,12564,卖盘
1021,13:56:51,6.98,-0.01,307,214286,卖盘
1022,13:56:48,6.99,0.01,68,47532,买盘
1023,13:56:45,6.98,--,5,3490,卖盘
1024,13:56:39,6.98,--,107,74686,卖盘
1025,13:56:36,6.98,--,300,209400,卖盘
1026,13:56:33,6.98,--,26,18148,卖盘
1027,13:56:30,6.98,--,56,39088,卖盘
1028,13:56:27,6.98,-0.01,5,3490,卖盘
1029,13:56:24,6.99,0.01,49,34251,买盘
1030,13:56:21,6.98,--,1,698,卖盘
1031,13:56:18,6.98,--,21,14658,卖盘
1032,13:56:15,6.98,-0.01,35,24430,卖盘
1033,13:56:09,6.99,0.01,6,4194,买盘
1034,13:56:06,6.98,-0.01,74,51652,卖盘
1035,13:56:03,6.99,--,9,6291,买盘
1036,13:55:54,6.99,--,3,2097,买盘
1037,13:55:51,6.99,0.01,11,7689,买盘
1038,13:55:48,6.98,-0.01,22,15356,卖盘
1039,13:55:45,6.99,0.01,64,44736,买盘
1040,13:55:42,6.98,-0.01,25,17450,卖盘
1041,13:55:39,6.99,--,150,104850,买盘
1042,13:55:36,6.99,--,116,81084,买盘
1043,13:55:33,6.99,0.01,30,20970,买盘
1044,13:55:30,6.98,-0.01,43,30014,卖盘
1045,13:55:27,6.99,--,78,54522,买盘
1046,13:55:24,6.99,0.01,17,11883,买盘
1047,13:55:21,6.98,-0.01,18,12564,卖盘
1048,13:55:18,6.99,0.01,39,27261,买盘
1049,13:55:15,6.98,--,610,425780,卖盘
1050,13:55:12,6.98,--,21,14658,卖盘
1051,13:55:09,6.98,--,13,9074,卖盘
1052,13:55:06,6.98,-0.01,2,1396,卖盘
1053,13:55:03,6.99,0.01,10,6990,买盘
1054,13:55:00,6.98,-0.01,22,15356,卖盘
1055,13:54:57,6.99,0.01,289,202011,买盘
1056,13:54:54,6.98,--,35,24430,卖盘
1057,13:54:48,6.98,-0.01,16,11168,卖盘
1058,13:54:45,6.99,0.01,52,36348,买盘
1059,13:54:39,6.98,--,48,33504,卖盘
1060,13:54:36,6.98,-0.01,58,40484,卖盘
1061,13:54:33,6.99,0.01,92,64308,买盘
1062,13:54:30,6.98,--,55,38390,卖盘
1063,13:54:27,6.98,-0.01,21,14658,卖盘
1064,13:54:24,6.99,--,10,6990,买盘
1065,13:54:21,6.99,--,1062,742338,买盘
1066,13:54:12,6.99,0.01,9,6291,买盘
1067,13:54:09,6.98,--,2,1396,卖盘
1068,13:54:06,6.98,-0.01,2,1396,卖盘
1069,13:54:03,6.99,0.01,16,11184,买盘
1070,13:53:57,6.98,--,50,34900,卖盘
1071,13:53:54,6.98,-0.01,10,6980,卖盘
1072,13:53:51,6.99,--,20,13980,买盘
1073,13:53:48,6.99,0.01,18,12582,买盘
1074,13:53:45,6.98,-0.01,55,38390,卖盘
1075,13:53:42,6.99,--,64,44736,买盘
1076,13:53:39,6.99,--,11,7689,买盘
1077,13:53:36,6.99,0.01,15,10485,买盘
1078,13:53:33,6.98,-0.01,43,30014,卖盘
1079,13:53:30,6.99,0.01,9,6291,买盘
1080,13:53:24,6.98,-0.01,71,49558,卖盘
1081,13:53:21,6.99,0.01,220,153780,买盘
1082,13:53:18,6.98,-0.01,926,646348,卖盘
1083,13:53:15,6.99,0.01,25,17475,买盘
1084,13:53:12,6.98,-0.01,1,698,卖盘
1085,13:53:06,6.99,0.01,31,21669,买盘
1086,13:53:03,6.98,-0.01,1,698,卖盘
1087,13:53:00,6.99,--,8,5592,买盘
1088,13:52:57,6.99,--,18,12582,买盘
1089,13:52:54,6.99,--,67,46833,买盘
1090,13:52:51,6.99,--,5,3495,买盘
1091,13:52:45,6.99,--,8,5592,买盘
1092,13:52:42,6.99,-0.01,1874,1309926,卖盘
1093,13:52:39,7.0,0.01,37,25900,买盘
1094,13:52:36,6.99,-0.01,112,78288,卖盘
1095,13:52:33,7.0,0.01,86,60200,买盘
1096,13:52:30,6.99,-0.01,10,6990,卖盘
1097,13:52:21,7.0,0.01,9,6300,买盘
1098,13:52:18,6.99,--,11,7689,卖盘
1099,13:52:15,6.99,-0.01,100,69900,卖盘
1100,13:52:12,7.0,0.01,10,7000,买盘
1101,13:52:09,6.99,-0.01,132,92268,卖盘
1102,13:52:06,7.0,0.01,10,7000,买盘
1103,13:52:03,6.99,--,52,36348,卖盘
1104,13:52:00,6.99,-0.01,14,9786,卖盘
1105,13:51:57,7.0,0.01,16,11200,买盘
1106,13:51:54,6.99,-0.01,30,20970,卖盘
1107,13:51:51,7.0,--,44,30800,买盘
1108,13:51:48,7.0,--,30,21000,买盘
1109,13:51:39,7.0,0.01,11,7700,买盘
1110,13:51:36,6.99,-0.01,32,22368,卖盘
1111,13:51:33,7.0,--,62,43400,买盘
1112,13:51:30,7.0,0.01,32,22400,买盘
1113,13:51:27,6.99,--,88,61512,卖盘
1114,13:51:21,6.99,-0.01,399,278901,卖盘
1115,13:51:18,7.0,0.01,50,35000,买盘
1116,13:51:15,6.99,-0.01,176,123024,卖盘
1117,13:51:09,7.0,0.01,10,7000,买盘
1118,13:51:06,6.99,-0.01,21,14679,卖盘
1119,13:51:00,7.0,0.01,38,26600,买盘
1120,13:50:57,6.99,-0.01,24,16776,卖盘
1121,13:50:54,7.0,0.01,27,18900,买盘
1122,13:50:51,6.99,--,1,699,卖盘
1123,13:50:48,6.99,-0.01,16,11184,卖盘
1124,13:50:45,7.0,--,67,46900,买盘
1125,13:50:42,7.0,0.01,25,17500,买盘
1126,13:50:39,6.99,--,16,11184,卖盘
1127,13:50:36,6.99,-0.01,5,3495,卖盘
1128,13:50:33,7.0,0.01,77,53900,买盘
1129,13:50:30,6.99,--,3,2097,卖盘
1130,13:50:27,6.99,-0.01,10,6990,卖盘
1131,13:50:24,7.0,0.01,10,7000,买盘
1132,13:50:21,6.99,-0.01,49,34251,卖盘
1133,13:50:09,7.0,--,13,9100,买盘
1134,13:50:06,7.0,--,25,17500,买盘
1135,13:50:03,7.0,--,40,28000,买盘
1136,13:50:00,7.0,0.01,10,7000,买盘
1137,13:49:57,6.99,--,26,18174,卖盘
1138,13:49:54,6.99,-0.01,4,2796,卖盘
1139,13:49:48,7.0,0.01,53,37100,买盘
1140,13:49:45,6.99,-0.01,50,34950,卖盘
1141,13:49:39,7.0,--,11,7700,买盘
1142,13:49:33,7.0,0.01,32,22400,买盘
1143,13:49:30,6.99,-0.01,29,20271,卖盘
1144,13:49:27,7.0,0.01,47,32900,买盘
1145,13:49:24,6.99,--,29,20271,卖盘
1146,13:49:21,6.99,-0.01,22,15378,卖盘
1147,13:49:18,7.0,0.01,9,6300,买盘
1148,13:49:15,6.99,-0.01,39,27261,卖盘
1149,13:49:12,7.0,--,2,1400,买盘
1150,13:49:09,7.0,0.01,12,8400,买盘
1151,13:49:06,6.99,-0.01,14,9786,卖盘
1152,13:49:03,7.0,--,18,12600,买盘
1153,13:49:00,7.0,0.01,82,57400,买盘
1154,13:48:57,6.99,-0.01,64,44736,卖盘
1155,13:48:54,7.0,0.01,10,7000,买盘
1156,13:48:51,6.99,-0.01,2,1398,卖盘
1157,13:48:42,7.0,0.01,14,9800,买盘
1158,13:48:39,6.99,--,46,32154,卖盘
1159,13:48:36,6.99,-0.01,20,13980,卖盘
1160,13:48:33,7.0,0.01,42,29400,买盘
1161,13:48:30,6.99,-0.01,5,3495,卖盘
1162,13:48:27,7.0,0.01,37,25900,买盘
1163,13:48:24,6.99,--,23,16077,卖盘
1164,13:48:21,6.99,-0.01,49,34251,卖盘
1165,13:48:15,7.0,0.01,11,7700,买盘
1166,13:48:12,6.99,--,3,2097,卖盘
1167,13:48:09,6.99,--,110,76890,卖盘
1168,13:48:06,6.99,--,1,699,卖盘
1169,13:48:00,6.99,--,52,36348,卖盘
1170,13:47:51,6.99,-0.01,2,1398,卖盘
1171,13:47:48,7.0,0.01,234,163800,买盘
1172,13:47:42,6.99,-0.01,40,27960,卖盘
1173,13:47:36,7.0,0.01,29,20300,买盘
1174,13:47:33,6.99,--,25,17475,卖盘
1175,13:47:30,6.99,-0.01,18,12582,卖盘
1176,13:47:27,7.0,--,53,37100,买盘
1177,13:47:24,7.0,--,44,30800,买盘
1178,13:47:21,7.0,0.01,105,73500,买盘
1179,13:47:18,6.99,--,1848,1291752,卖盘
1180,13:47:15,6.99,--,40,27960,卖盘
1181,13:47:12,6.99,--,2,1398,卖盘
1182,13:47:06,6.99,-0.01,41,28659,卖盘
1183,13:47:03,7.0,--,59,41300,买盘
1184,13:46:54,7.0,0.01,10,7000,买盘
1185,13:46:51,6.99,--,2,1398,卖盘
1186,13:46:42,6.99,-0.01,59,41241,卖盘
1187,13:46:36,7.0,0.01,4,2800,买盘
1188,13:46:33,6.99,-0.01,12,8388,卖盘
1189,13:46:24,7.0,0.01,37,25900,买盘
1190,13:46:21,6.99,-0.01,483,337617,卖盘
1191,13:46:18,7.0,--,32,22400,买盘
1192,13:46:15,7.0,0.01,84,58800,买盘
1193,13:46:12,6.99,-0.01,2,1398,卖盘
1194,13:46:09,7.0,0.01,10,7000,买盘
1195,13:46:06,6.99,-0.01,2,1398,卖盘
1196,13:46:03,7.0,0.01,1,700,买盘
1197,13:46:00,6.99,--,60,41940,卖盘
1198,13:45:57,6.99,-0.01,333,232767,卖盘
1199,13:45:54,7.0,0.01,77,53900,买盘
1200,13:45:51,6.99,--,24,16776,卖盘
1201,13:45:48,6.99,-0.01,14,9786,卖盘
1202,13:45:45,7.0,0.01,9,6300,买盘
1203,13:45:39,6.99,-0.01,10,6990,卖盘
1204,13:45:36,7.0,--,32,22400,买盘
1205,13:45:33,7.0,--,57,39900,买盘
1206,13:45:30,7.0,0.01,330,231000,买盘
1207,13:45:27,6.99,-0.01,15,10485,卖盘
1208,13:45:24,7.0,0.01,25,17500,买盘
1209,13:45:21,6.99,-0.01,654,457146,卖盘
1210,13:45:18,7.0,--,69,48300,买盘
1211,13:45:15,7.0,--,32,22400,买盘
1212,13:45:12,7.0,--,80,56000,买盘
1213,13:45:09,7.0,0.01,10,7000,买盘
1214,13:45:06,6.99,-0.01,77,53823,卖盘
1215,13:45:03,7.0,--,1,700,买盘
1216,13:45:00,7.0,0.01,27,18900,买盘
1217,13:44:57,6.99,-0.01,11,7689,卖盘
1218,13:44:54,7.0,--,12,8400,买盘
1219,13:44:51,7.0,--,11,7700,买盘
1220,13:44:48,7.0,--,29,20300,买盘
1221,13:44:45,7.0,--,16,11200,买盘
1222,13:44:39,7.0,--,9,6300,买盘
1223,13:44:36,7.0,--,22,15400,买盘
1224,13:44:30,7.0,--,31,21700,买盘
1225,13:44:27,7.0,0.01,15,10500,买盘
1226,13:44:24,6.99,-0.01,105,73395,卖盘
1227,13:44:21,7.0,--,443,310100,买盘
1228,13:44:18,7.0,0.01,41,28700,买盘
1229,13:44:15,6.99,-0.01,23,16077,卖盘
1230,13:44:12,7.0,0.01,35,24500,买盘
1231,13:44:09,6.99,-0.01,39,27261,卖盘
1232,13:44:06,7.0,--,10,7000,买盘
1233,13:44:03,7.0,--,19,13300,买盘
1234,13:43:57,7.0,0.01,15,10500,买盘
1235,13:43:51,6.99,--,5,3495,卖盘
1236,13:43:45,6.99,-0.01,243,169857,卖盘
1237,13:43:42,7.0,--,32,22400,买盘
1238,13:43:39,7.0,--,1223,856100,买盘
1239,13:43:36,7.0,0.01,12,8400,买盘
1240,13:43:30,6.99,--,2,1398,卖盘
1241,13:43:27,6.99,-0.01,140,97860,卖盘
1242,13:43:24,7.0,--,20,14000,买盘
1243,13:43:21,7.0,0.01,70,49000,买盘
1244,13:43:18,6.99,--,37,25863,卖盘
1245,13:43:15,6.99,-0.01,2,1398,卖盘
1246,13:43:12,7.0,--,36,25200,买盘
1247,13:43:09,7.0,--,59,41300,买盘
1248,13:43:06,7.0,--,50,35000,卖盘
1249,13:43:00,7.0,0.01,12,8400,中性盘
1250,13:42:54,6.99,-0.01,1649,1152651,卖盘
1251,13:42:51,7.0,-0.01,93,65100,卖盘
1252,13:42:48,7.01,0.01,49,34349,买盘
1253,13:42:45,7.0,-0.01,53,37100,卖盘
1254,13:42:39,7.01,--,92,64492,买盘
1255,13:42:33,7.01,--,10,7010,买盘
1256,13:42:30,7.01,0.01,46,32246,买盘
1257,13:42:27,7.0,-0.01,4096,2867200,卖盘
1258,13:42:21,7.01,0.01,179,125479,买盘
1259,13:42:18,7.0,-0.01,65,45500,卖盘
1260,13:42:15,7.01,--,60,42060,买盘
1261,13:42:12,7.01,--,64,44864,买盘
1262,13:42:09,7.01,0.01,265,185765,买盘
1263,13:42:06,7.0,--,61,42700,卖盘
1264,13:42:03,7.0,-0.01,112,78400,卖盘
1265,13:41:57,7.01,0.01,60,42060,买盘
1266,13:41:54,7.0,-0.01,47,32900,卖盘
1267,13:41:51,7.01,--,34,23834,买盘
1268,13:41:48,7.01,--,30,21030,买盘
1269,13:41:45,7.01,--,9,6309,买盘
1270,13:41:36,7.01,--,60,42060,卖盘
1271,13:41:33,7.01,0.01,147,103047,买盘
1272,13:41:30,7.0,--,60,42000,卖盘
1273,13:41:27,7.0,--,37,25900,卖盘
1274,13:41:24,7.0,-0.01,55,38500,卖盘
1275,13:41:21,7.01,--,297,208197,买盘
1276,13:41:18,7.01,0.01,113,79213,买盘
1277,13:41:15,7.0,-0.01,5,3500,卖盘
1278,13:41:12,7.01,--,51,35751,买盘
1279,13:41:09,7.01,--,35,24535,买盘
1280,13:41:06,7.01,0.01,43,30143,买盘
1281,13:41:03,7.0,--,51,35700,卖盘
1282,13:41:00,7.0,-0.01,74,51800,卖盘
1283,13:40:57,7.01,0.01,30,21030,买盘
1284,13:40:54,7.0,--,2,1400,卖盘
1285,13:40:48,7.0,--,506,354200,卖盘
1286,13:40:45,7.0,--,32,22400,卖盘
1287,13:40:42,7.0,-0.01,1,700,卖盘
1288,13:40:39,7.01,--,10,7010,买盘
1289,13:40:36,7.01,--,15,10515,买盘
1290,13:40:33,7.01,--,437,306337,卖盘
1291,13:40:30,7.01,--,42,29442,卖盘
1292,13:40:27,7.01,-0.01,80,56080,卖盘
1293,13:40:24,7.02,0.01,761,534222,买盘
1294,13:40:21,7.01,--,655,459155,卖盘
1295,13:40:18,7.01,--,26,18226,卖盘
1296,13:40:15,7.01,--,108,75708,卖盘
1297,13:40:12,7.01,-0.01,399,279699,卖盘
1298,13:40:09,7.02,--,60,42120,买盘
1299,13:40:06,7.02,--,27,18954,买盘
1300,13:40:03,7.02,0.01,121,84942,买盘
1301,13:40:00,7.01,--,16,11216,卖盘
1302,13:39:57,7.01,-0.01,151,105851,卖盘
1303,13:39:54,7.02,--,156,109512,买盘
1304,13:39:51,7.02,0.01,17,11934,买盘
1305,13:39:48,7.01,--,99,69399,卖盘
1306,13:39:45,7.01,-0.01,34,23834,卖盘
1307,13:39:42,7.02,0.01,40,28080,买盘
1308,13:39:39,7.01,--,215,150715,卖盘
1309,13:39:36,7.01,-0.01,46,32246,卖盘
1310,13:39:33,7.02,0.01,4,2808,买盘
1311,13:39:30,7.01,-0.01,12,8412,卖盘
1312,13:39:27,7.02,--,14,9828,买盘
1313,13:39:24,7.02,--,78,54756,买盘
1314,13:39:18,7.02,--,12,8424,买盘
1315,13:39:15,7.02,0.01,15,10530,买盘
1316,13:39:09,7.01,--,17,11917,卖盘
1317,13:39:06,7.01,-0.01,594,416394,卖盘
1318,13:39:03,7.02,0.01,33,23166,买盘
1319,13:39:00,7.01,-0.01,3,2103,卖盘
1320,13:38:57,7.02,--,9,6318,买盘
1321,13:38:54,7.02,--,3,2106,买盘
1322,13:38:51,7.02,--,39,27378,买盘
1323,13:38:48,7.02,0.01,16,11232,买盘
1324,13:38:42,7.01,--,51,35751,卖盘
1325,13:38:39,7.01,--,68,47668,卖盘
1326,13:38:36,7.01,--,60,42060,卖盘
1327,13:38:30,7.01,-0.01,22,15422,卖盘
1328,13:38:27,7.02,--,26,18252,买盘
1329,13:38:24,7.02,--,160,112320,买盘
1330,13:38:21,7.02,--,216,151632,买盘
1331,13:38:18,7.02,--,19,13338,买盘
1332,13:38:15,7.02,0.01,10,7020,买盘
1333,13:38:09,7.01,--,28,19628,卖盘
1334,13:38:06,7.01,-0.01,42,29442,卖盘
1335,13:38:03,7.02,0.01,44,30887,买盘
1336,13:37:57,7.01,--,2,1402,卖盘
1337,13:37:54,7.01,-0.01,4,2804,卖盘
1338,13:37:51,7.02,--,29,20358,买盘
1339,13:37:39,7.02,0.01,77,54054,买盘
1340,13:37:36,7.01,--,87,60987,卖盘
1341,13:37:33,7.01,-0.01,52,36452,卖盘
1342,13:37:30,7.02,0.01,96,67392,买盘
1343,13:37:27,7.01,--,10,7010,卖盘
1344,13:37:24,7.01,-0.01,19,13319,卖盘
1345,13:37:21,7.02,--,35,24570,买盘
1346,13:37:18,7.02,0.01,20,14040,买盘
1347,13:37:12,7.01,--,10,7010,卖盘
1348,13:37:09,7.01,-0.01,2,1402,卖盘
1349,13:37:06,7.02,--,16,11232,买盘
1350,13:37:03,7.02,--,114,80028,买盘
1351,13:37:00,7.02,--,32,22464,买盘
1352,13:36:57,7.02,0.01,43,30185,买盘
1353,13:36:54,7.01,--,105,73605,卖盘
1354,13:36:51,7.01,-0.01,2,1402,卖盘
1355,13:36:45,7.02,--,9,6318,买盘
1356,13:36:42,7.02,--,27,18954,买盘
1357,13:36:39,7.02,--,1,702,买盘
1358,13:36:36,7.02,--,25,17550,买盘
1359,13:36:33,7.02,0.01,12,8424,买盘
1360,13:36:27,7.01,-0.01,3,2103,卖盘
1361,13:36:24,7.02,--,10,7020,买盘
1362,13:36:21,7.02,--,79,55458,买盘
1363,13:36:15,7.02,0.01,11,7721,买盘
1364,13:36:12,7.01,-0.01,3,2103,卖盘
1365,13:36:09,7.02,0.01,82,57564,买盘
1366,13:36:06,7.01,--,16,11216,卖盘
1367,13:36:03,7.01,-0.01,96,67296,卖盘
1368,13:36:00,7.02,0.01,32,22464,买盘
1369,13:35:57,7.01,-0.01,1,701,卖盘
1370,13:35:54,7.02,0.01,37,25974,买盘
1371,13:35:51,7.01,--,28,19628,卖盘
1372,13:35:48,7.01,--,716,501916,卖盘
1373,13:35:45,7.01,--,32,22432,卖盘
1374,13:35:42,7.01,--,19,13319,卖盘
1375,13:35:39,7.01,-0.01,123,86223,卖盘
1376,13:35:33,7.02,0.01,1,702,买盘
1377,13:35:30,7.01,--,27,18927,卖盘
1378,13:35:27,7.01,--,17,11917,卖盘
1379,13:35:24,7.01,--,16,11216,卖盘
1380,13:35:21,7.01,-0.01,26,18226,卖盘
1381,13:35:18,7.02,0.01,10,7020,买盘
1382,13:35:15,7.01,--,3,2103,卖盘
1383,13:35:12,7.01,--,18,12618,卖盘
1384,13:35:09,7.01,-0.01,2,1402,卖盘
1385,13:35:06,7.02,--,30,21060,买盘
1386,13:35:03,7.02,--,1,702,买盘
1387,13:35:00,7.02,--,38,26676,买盘
1388,13:34:57,7.02,--,32,22464,买盘
1389,13:34:54,7.02,0.01,9,6318,买盘
1390,13:34:48,7.01,--,62,43462,卖盘
1391,13:34:45,7.01,-0.01,105,73605,卖盘
1392,13:34:42,7.02,0.01,100,70200,买盘
1393,13:34:39,7.01,-0.01,64,44864,卖盘
1394,13:34:36,7.02,0.01,527,369954,买盘
1395,13:34:33,7.01,--,204,143004,卖盘
1396,13:34:30,7.01,--,40,28040,卖盘
1397,13:34:27,7.01,-0.01,1,701,卖盘
1398,13:34:21,7.02,0.01,29,20358,买盘
1399,13:34:18,7.01,-0.01,20,14020,卖盘
1400,13:34:12,7.02,0.01,9,6318,买盘
1401,13:34:09,7.01,--,128,89728,卖盘
1402,13:34:03,7.01,-0.01,202,141602,卖盘
1403,13:34:00,7.02,0.01,11,7721,买盘
1404,13:33:57,7.01,-0.01,69,48369,卖盘
1405,13:33:54,7.02,--,32,22464,买盘
1406,13:33:51,7.02,--,59,41418,买盘
1407,13:33:48,7.02,--,7,4914,买盘
1408,13:33:42,7.02,--,67,47034,买盘
1409,13:33:39,7.02,--,71,49842,买盘
1410,13:33:33,7.02,--,15,10530,买盘
1411,13:33:30,7.02,--,122,85644,买盘
1412,13:33:27,7.02,--,59,41418,买盘
1413,13:33:24,7.02,0.01,19,13338,买盘
1414,13:33:18,7.01,-0.01,23,16123,卖盘
1415,13:33:15,7.02,--,30,21060,买盘
1416,13:33:12,7.02,0.01,229,160758,买盘
1417,13:33:09,7.01,--,2,1402,卖盘
1418,13:33:06,7.01,-0.01,6,4206,卖盘
1419,13:33:03,7.02,--,13,9126,买盘
1420,13:33:00,7.02,0.01,10,7020,买盘
1421,13:32:57,7.01,--,201,140901,卖盘
1422,13:32:54,7.01,-0.01,8,5608,卖盘
1423,13:32:51,7.02,--,53,37206,买盘
1424,13:32:42,7.02,--,20,14040,买盘
1425,13:32:36,7.02,0.01,99,69498,买盘
1426,13:32:33,7.01,-0.01,22,15422,卖盘
1427,13:32:30,7.02,0.01,55,38610,买盘
1428,13:32:24,7.01,-0.01,7,4907,卖盘
1429,13:32:21,7.02,0.01,71,49842,买盘
1430,13:32:18,7.01,-0.01,46,32246,卖盘
1431,13:32:12,7.02,0.01,16,11232,买盘
1432,13:32:09,7.01,--,2,1402,卖盘
1433,13:32:06,7.01,-0.01,2,1402,卖盘
1434,13:32:03,7.02,--,25,17550,买盘
1435,13:32:00,7.02,--,22,15443,买盘
1436,13:31:57,7.02,0.01,10,7020,买盘
1437,13:31:54,7.01,--,15,10515,卖盘
1438,13:31:51,7.01,-0.01,7,4907,卖盘
1439,13:31:48,7.02,--,71,49842,买盘
1440,13:31:45,7.02,--,10,7020,买盘
1441,13:31:42,7.02,-0.01,1579,1108654,卖盘
1442,13:31:39,7.03,0.01,19,13357,买盘
1443,13:31:36,7.02,-0.01,110,77220,卖盘
1444,13:31:33,7.03,0.01,1,703,买盘
1445,13:31:27,7.02,-0.01,2,1404,卖盘
1446,13:31:24,7.03,--,41,28823,买盘
1447,13:31:18,7.03,--,10,7030,买盘
1448,13:31:12,7.03,0.01,9,6327,买盘
1449,13:31:09,7.02,--,3,2106,卖盘
1450,13:31:03,7.02,--,16,11232,卖盘
1451,13:31:00,7.02,-0.01,170,119340,卖盘
1452,13:30:57,7.03,0.01,5,3515,买盘
1453,13:30:54,7.02,--,23,16145,卖盘
1454,13:30:51,7.02,--,14,9828,卖盘
1455,13:30:45,7.02,-0.01,20,14040,卖盘
1456,13:30:42,7.03,--,9,6327,买盘
1457,13:30:39,7.03,--,442,310726,买盘
1458,13:30:36,7.03,--,89,62567,买盘
1459,13:30:33,7.03,--,69,48507,买盘
1460,13:30:30,7.03,--,62,43586,买盘
1461,13:30:27,7.03,--,27,18981,买盘
1462,13:30:24,7.03,--,32,22496,买盘
1463,13:30:21,7.03,--,43,30229,买盘
1464,13:30:18,7.03,--,156,109668,买盘
1465,13:30:09,7.03,0.01,315,221445,买盘
1466,13:30:06,7.02,--,18,12636,卖盘
1467,13:30:03,7.02,-0.01,17,11934,卖盘
1468,13:29:57,7.03,--,13,9139,买盘
1469,13:29:54,7.03,0.01,20,14060,买盘
1470,13:29:51,7.02,--,47,32994,卖盘
1471,13:29:48,7.02,-0.01,5,3510,卖盘
1472,13:29:45,7.03,0.01,9,6327,买盘
1473,13:29:39,7.02,-0.01,5,3510,卖盘
1474,13:29:36,7.03,--,38,26714,买盘
1475,13:29:33,7.03,0.01,66,46398,买盘
1476,13:29:30,7.02,-0.01,520,365040,卖盘
1477,13:29:27,7.03,0.01,21,14763,买盘
1478,13:29:21,7.02,-0.01,16,11232,卖盘
1479,13:29:15,7.03,--,23,16169,买盘
1480,13:29:09,7.03,--,7,4921,买盘
1481,13:29:06,7.03,0.01,1,703,买盘
1482,13:29:03,7.02,-0.01,382,268164,卖盘
1483,13:28:57,7.03,--,45,31635,买盘
1484,13:28:54,7.03,--,7,4921,买盘
1485,13:28:51,7.03,0.01,24,16872,买盘
1486,13:28:48,7.02,--,3,2106,卖盘
1487,13:28:45,7.02,-0.01,5,3510,卖盘
1488,13:28:42,7.03,--,1,703,买盘
1489,13:28:39,7.03,--,67,47101,买盘
1490,13:28:36,7.03,--,33,23199,买盘
1491,13:28:33,7.03,--,78,54834,买盘
1492,13:28:30,7.03,0.01,12,8436,买盘
1493,13:28:27,7.02,-0.01,97,68094,卖盘
1494,13:28:24,7.03,--,6,4218,买盘
1495,13:28:21,7.03,--,1,703,买盘
1496,13:28:15,7.03,--,57,40071,买盘
1497,13:28:12,7.03,--,1,703,买盘
1498,13:28:09,7.03,0.01,3,2109,买盘
1499,13:28:06,7.02,-0.01,197,138855,卖盘
1500,13:28:00,7.03,0.01,5,3515,买盘
1501,13:27:57,7.02,--,102,71604,卖盘
1502,13:27:51,7.02,--,5,3510,卖盘
1503,13:27:48,7.02,-0.01,105,73710,卖盘
1504,13:27:45,7.03,0.01,11,7733,买盘
1505,13:27:42,7.02,--,66,46332,卖盘
1506,13:27:39,7.02,--,2722,1911489,买盘
1507,13:27:33,7.02,--,1001,702702,买盘
1508,13:27:30,7.02,--,38,26676,买盘
1509,13:27:27,7.02,0.01,99,69498,买盘
1510,13:27:24,7.01,-0.01,619,433919,卖盘
1511,13:27:18,7.02,0.01,78,54756,买盘
1512,13:27:15,7.01,--,7,4907,卖盘
1513,13:27:12,7.01,-0.01,59,41359,卖盘
1514,13:27:09,7.02,0.01,61,42822,买盘
1515,13:27:06,7.01,-0.01,2,1402,卖盘
1516,13:27:03,7.02,0.01,3,2106,买盘
1517,13:27:00,7.01,--,115,80615,卖盘
1518,13:26:54,7.01,-0.01,150,105150,卖盘
1519,13:26:51,7.02,0.01,75,52650,买盘
1520,13:26:48,7.01,-0.01,10,7010,卖盘
1521,13:26:45,7.02,0.01,77,54054,买盘
1522,13:26:39,7.01,-0.01,5,3505,卖盘
1523,13:26:36,7.02,--,64,44928,买盘
1524,13:26:33,7.02,--,88,61775,买盘
1525,13:26:30,7.02,0.01,536,376272,买盘
1526,13:26:27,7.01,--,136,95336,卖盘
1527,13:26:24,7.01,-0.01,120,84120,卖盘
1528,13:26:21,7.02,0.01,18,12636,买盘
1529,13:26:18,7.01,-0.01,91,63791,卖盘
1530,13:26:15,7.02,--,500,351000,买盘
1531,13:26:12,7.02,--,32,22464,买盘
1532,13:26:09,7.02,--,74,51948,买盘
1533,13:26:06,7.02,--,3,2106,买盘
1534,13:26:03,7.02,--,1,702,买盘
1535,13:26:00,7.02,--,10,7020,买盘
1536,13:25:57,7.02,--,83,58266,买盘
1537,13:25:51,7.02,--,5,3510,买盘
1538,13:25:48,7.02,0.01,14,9828,买盘
1539,13:25:45,7.01,--,100,70100,卖盘
1540,13:25:42,7.01,--,3,2103,卖盘
1541,13:25:39,7.01,--,78,54678,买盘
1542,13:25:36,7.01,--,48,33648,买盘
1543,13:25:33,7.01,--,76,53276,买盘
1544,13:25:30,7.01,--,60,42060,买盘
1545,13:25:27,7.01,--,126,88326,买盘
1546,13:25:24,7.01,--,12,8412,买盘
1547,13:25:21,7.01,--,636,445836,卖盘
1548,13:25:18,7.01,--,232,162632,卖盘
1549,13:25:15,7.01,-0.01,15,10515,卖盘
1550,13:25:12,7.02,--,55,38610,买盘
1551,13:25:09,7.02,0.01,6,4212,买盘
1552,13:25:06,7.01,-0.01,86,60286,卖盘
1553,13:25:03,7.02,--,80,56160,买盘
1554,13:25:00,7.02,--,12,8424,买盘
1555,13:24:57,7.02,0.01,9,6318,买盘
1556,13:24:54,7.01,--,375,262875,卖盘
1557,13:24:51,7.01,-0.01,10,7010,卖盘
1558,13:24:48,7.02,--,63,44226,买盘
1559,13:24:42,7.02,--,33,23166,买盘
1560,13:24:39,7.02,0.01,569,399438,买盘
1561,13:24:36,7.01,--,37,25937,卖盘
1562,13:24:33,7.01,-0.01,121,84821,卖盘
1563,13:24:30,7.02,--,220,154440,买盘
1564,13:24:27,7.02,--,59,41418,买盘
1565,13:24:24,7.02,--,32,22464,买盘
1566,13:24:21,7.02,--,69,48438,买盘
1567,13:24:18,7.02,--,54,37908,买盘
1568,13:24:15,7.02,--,6,4212,买盘
1569,13:24:12,7.02,--,5,3510,买盘
1570,13:24:09,7.02,--,11,7721,买盘
1571,13:24:06,7.02,--,88,61775,买盘
1572,13:24:03,7.02,--,10,7020,买盘
1573,13:24:00,7.02,--,171,120041,买盘
1574,13:23:57,7.02,--,61,42822,买盘
1575,13:23:54,7.02,--,112,78624,买盘
1576,13:23:48,7.02,--,140,98280,买盘
1577,13:23:45,7.02,--,10,7020,买盘
1578,13:23:42,7.02,--,73,51246,买盘
1579,13:23:36,7.02,0.01,117,82134,买盘
1580,13:23:33,7.01,--,84,58884,卖盘
1581,13:23:30,7.01,-0.01,5,3505,卖盘
1582,13:23:27,7.02,0.01,74,51948,买盘
1583,13:23:24,7.01,-0.01,105,73605,卖盘
1584,13:23:21,7.02,0.01,10,7020,买盘
1585,13:23:18,7.01,-0.01,18,12618,卖盘
1586,13:23:15,7.02,0.01,14,9828,买盘
1587,13:23:12,7.01,--,71,49771,买盘
1588,13:23:09,7.01,--,25,17525,买盘
1589,13:23:06,7.01,-0.01,84,58884,卖盘
1590,13:23:03,7.02,0.01,25,17550,买盘
1591,13:23:00,7.01,-0.01,12,8412,卖盘
1592,13:22:57,7.02,--,69,48438,买盘
1593,13:22:54,7.02,--,126,88452,买盘
1594,13:22:51,7.02,--,29,20358,买盘
1595,13:22:48,7.02,--,68,47736,买盘
1596,13:22:42,7.02,--,6,4212,买盘
1597,13:22:39,7.02,--,123,86346,买盘
1598,13:22:30,7.02,--,106,74412,买盘
1599,13:22:27,7.02,0.01,282,197964,买盘
1600,13:22:24,7.01,-0.01,20,14020,卖盘
1601,13:22:21,7.02,--,33,23166,买盘
1602,13:22:18,7.02,--,9,6318,买盘
1603,13:22:15,7.02,0.01,103,72306,买盘
1604,13:22:12,7.01,--,34,23834,买盘
1605,13:22:09,7.01,0.01,688,482288,买盘
1606,13:22:06,7.0,-0.01,30,21000,卖盘
1607,13:22:03,7.01,0.01,281,196981,买盘
1608,13:22:00,7.0,-0.01,194,135800,卖盘
1609,13:21:57,7.01,--,106,74306,买盘
1610,13:21:54,7.01,--,82,57482,买盘
1611,13:21:51,7.01,--,5,3505,买盘
1612,13:21:45,7.01,--,85,59585,买盘
1613,13:21:42,7.01,--,83,58183,买盘
1614,13:21:36,7.01,--,73,51173,买盘
1615,13:21:33,7.01,--,138,96738,买盘
1616,13:21:30,7.01,--,2,1402,买盘
1617,13:21:27,7.01,--,19,13319,买盘
1618,13:21:24,7.01,--,114,79914,买盘
1619,13:21:21,7.01,--,179,125479,买盘
1620,13:21:18,7.01,--,83,58183,买盘
1621,13:21:15,7.01,--,97,67997,买盘
1622,13:21:12,7.01,--,10,7010,买盘
1623,13:21:06,7.01,--,124,86924,买盘
1624,13:21:03,7.01,--,12,8412,买盘
1625,13:21:00,7.01,--,4,2804,买盘
1626,13:20:57,7.01,--,90,63090,买盘
1627,13:20:54,7.01,0.01,11,7711,买盘
1628,13:20:51,7.0,--,200,140000,卖盘
1629,13:20:48,7.0,--,83,58100,卖盘
1630,13:20:45,7.0,-0.01,43,30100,卖盘
1631,13:20:39,7.01,0.01,102,71502,买盘
1632,13:20:36,7.0,-0.01,5,3500,卖盘
1633,13:20:33,7.01,--,248,173848,买盘
1634,13:20:30,7.01,0.01,10,7010,买盘
1635,13:20:27,7.0,-0.01,12,8400,卖盘
1636,13:20:24,7.01,0.01,7,4907,买盘
1637,13:20:21,7.0,-0.01,46,32200,卖盘
1638,13:20:18,7.01,--,11,7711,买盘
1639,13:20:15,7.01,--,32,22432,买盘
1640,13:20:12,7.01,0.01,100,70100,买盘
1641,13:20:09,7.0,--,27,18900,卖盘
1642,13:20:06,7.0,--,25,17500,卖盘
1643,13:20:03,7.0,-0.01,2,1400,卖盘
1644,13:20:00,7.01,--,44,30844,买盘
1645,13:19:57,7.01,--,24,16824,买盘
1646,13:19:54,7.01,0.01,1,701,买盘
1647,13:19:51,7.0,--,2,1400,卖盘
1648,13:19:48,7.0,--,161,112700,卖盘
1649,13:19:45,7.0,--,179,125300,卖盘
1650,13:19:39,7.0,--,44,30800,卖盘
1651,13:19:36,7.0,-0.01,30,21000,卖盘
1652,13:19:33,7.01,0.01,15,10515,买盘
1653,13:19:30,7.0,-0.01,42,29400,卖盘
1654,13:19:24,7.01,--,10,7010,买盘
1655,13:19:21,7.01,0.01,461,323161,买盘
1656,13:19:18,7.0,--,15,10500,卖盘
1657,13:19:15,7.0,-0.01,27,18900,卖盘
1658,13:19:12,7.01,--,261,182961,买盘
1659,13:19:09,7.01,0.01,21,14721,买盘
1660,13:19:06,7.0,-0.01,137,95900,卖盘
1661,13:19:00,7.01,0.01,44,30844,买盘
1662,13:18:57,7.0,--,688,481600,卖盘
1663,13:18:54,7.0,-0.01,14,9800,卖盘
1664,13:18:51,7.01,--,33,23133,买盘
1665,13:18:48,7.01,--,10,7010,买盘
1666,13:18:42,7.01,--,7,4907,买盘
1667,13:18:39,7.01,--,10,7010,买盘
1668,13:18:30,7.01,--,1,701,买盘
1669,13:18:27,7.01,--,15,10515,买盘
1670,13:18:24,7.01,--,413,289513,买盘
1671,13:18:21,7.01,--,32,22432,买盘
1672,13:18:18,7.01,--,20,14020,买盘
1673,13:18:15,7.01,--,53,37153,买盘
1674,13:18:12,7.01,0.01,50,35050,买盘
1675,13:18:09,7.0,-0.01,5,3500,卖盘
1676,13:18:06,7.01,--,104,72904,买盘
1677,13:18:03,7.01,0.01,59,41359,买盘
1678,13:18:00,7.0,-0.01,5,3500,卖盘
1679,13:17:57,7.01,--,72,50472,买盘
1680,13:17:48,7.01,0.01,63,44163,买盘
1681,13:17:45,7.0,-0.01,4,2800,卖盘
1682,13:17:42,7.01,--,10,7010,买盘
1683,13:17:39,7.01,--,88,61688,买盘
1684,13:17:36,7.01,--,33,23133,买盘
1685,13:17:33,7.01,0.01,110,77110,买盘
1686,13:17:30,7.0,--,3,2100,卖盘
1687,13:17:27,7.0,-0.01,40,28000,卖盘
1688,13:17:24,7.01,--,128,89728,买盘
1689,13:17:21,7.01,--,20,14020,买盘
1690,13:17:18,7.01,--,24,16824,买盘
1691,13:17:15,7.01,0.01,95,66595,买盘
1692,13:17:12,7.0,-0.01,16,11200,卖盘
1693,13:17:06,7.01,0.01,2,1402,买盘
1694,13:17:03,7.0,-0.01,93,65100,卖盘
1695,13:17:00,7.01,--,77,53977,买盘
1696,13:16:57,7.01,--,90,63090,买盘
1697,13:16:54,7.01,--,1,701,买盘
1698,13:16:51,7.01,--,76,53276,买盘
1699,13:16:48,7.01,--,133,93233,买盘
1700,13:16:45,7.01,--,205,143705,买盘
1701,13:16:42,7.01,--,66,46266,买盘
1702,13:16:39,7.01,0.01,1,701,买盘
1703,13:16:36,7.0,-0.01,66,46200,卖盘
1704,13:16:27,7.01,0.01,93,65193,买盘
1705,13:16:24,7.0,-0.01,56,39200,卖盘
1706,13:16:21,7.01,--,32,22432,买盘
1707,13:16:18,7.01,--,65,45565,买盘
1708,13:16:15,7.01,--,10,7010,买盘
1709,13:16:12,7.01,0.01,32,22432,买盘
1710,13:16:09,7.0,--,69,48300,卖盘
1711,13:16:06,7.0,-0.01,151,105700,卖盘
1712,13:16:03,7.01,--,12,8412,买盘
1713,13:16:00,7.01,--,7,4907,买盘
1714,13:15:57,7.01,--,99,69399,买盘
1715,13:15:54,7.01,--,9,6309,买盘
1716,13:15:51,7.01,--,5,3505,买盘
1717,13:15:48,7.01,--,66,46266,买盘
1718,13:15:42,7.01,-0.01,32,22432,卖盘
1719,13:15:39,7.02,0.02,5,3510,买盘
1720,13:15:33,7.0,-0.02,67,46900,卖盘
1721,13:15:30,7.02,0.01,49,34398,买盘
1722,13:15:27,7.01,--,11,7711,买盘
1723,13:15:24,7.01,--,8,5608,买盘
1724,13:15:21,7.01,--,42,29442,买盘
1725,13:15:18,7.01,--,63,44163,买盘
1726,13:15:15,7.01,--,10,7010,买盘
1727,13:15:12,7.01,--,161,112861,买盘
1728,13:15:09,7.01,--,47,32947,买盘
1729,13:15:06,7.01,--,22,15422,买盘
1730,13:15:03,7.01,--,49,34349,卖盘
1731,13:15:00,7.01,--,8,5608,卖盘
1732,13:14:57,7.01,-0.01,61,42761,卖盘
1733,13:14:54,7.02,0.01,86,60371,买盘
1734,13:14:48,7.01,-0.01,200,140200,卖盘
1735,13:14:45,7.02,0.01,80,56160,买盘
1736,13:14:42,7.01,-0.01,250,175250,卖盘
1737,13:14:39,7.02,--,18,12636,买盘
1738,13:14:36,7.02,--,77,54054,买盘
1739,13:14:27,7.02,--,131,91962,买盘
1740,13:14:24,7.02,--,294,206388,买盘
1741,13:14:21,7.02,--,5,3510,买盘
1742,13:14:18,7.02,0.01,95,66690,买盘
1743,13:14:15,7.01,--,8,5608,卖盘
1744,13:14:12,7.01,--,134,93934,卖盘
1745,13:14:09,7.01,--,952,667352,卖盘
1746,13:14:06,7.01,--,12,8412,卖盘
1747,13:14:03,7.01,-0.01,15,10515,卖盘
1748,13:13:57,7.02,--,99,69498,买盘
1749,13:13:51,7.02,--,28,19656,买盘
1750,13:13:48,7.02,--,101,70902,买盘
1751,13:13:45,7.02,--,19,13338,买盘
1752,13:13:42,7.02,--,17,11934,买盘
1753,13:13:39,7.02,0.01,11,7721,买盘
1754,13:13:33,7.01,--,15,10515,卖盘
1755,13:13:30,7.01,--,23,16123,卖盘
1756,13:13:27,7.01,--,13,9113,卖盘
1757,13:13:21,7.01,--,314,220114,卖盘
1758,13:13:18,7.01,-0.01,14,9814,卖盘
1759,13:13:15,7.02,--,32,22464,买盘
1760,13:13:09,7.02,--,53,37206,买盘
1761,13:13:06,7.02,0.01,11,7721,买盘
1762,13:13:03,7.01,--,173,121273,卖盘
1763,13:13:00,7.01,-0.01,42,29442,卖盘
1764,13:12:57,7.02,0.01,9,6318,买盘
1765,13:12:54,7.01,--,100,70100,卖盘
1766,13:12:48,7.01,--,27,18927,卖盘
1767,13:12:45,7.01,-0.01,242,169642,卖盘
1768,13:12:39,7.02,--,23,16145,买盘
1769,13:12:33,7.02,0.01,11,7721,买盘
1770,13:12:30,7.01,-0.01,3,2103,卖盘
1771,13:12:24,7.02,--,40,28080,买盘
1772,13:12:15,7.02,0.01,42,29484,买盘
1773,13:12:12,7.01,-0.01,50,35050,卖盘
1774,13:12:06,7.02,--,52,36504,买盘
1775,13:12:03,7.02,--,3,2106,买盘
1776,13:12:00,7.02,0.01,19,13338,买盘
1777,13:11:57,7.01,--,5,3505,卖盘
1778,13:11:51,7.01,-0.01,23,16123,卖盘
1779,13:11:45,7.02,--,30,21060,买盘
1780,13:11:42,7.02,--,11,7721,买盘
1781,13:11:36,7.02,--,3,2106,买盘
1782,13:11:30,7.02,--,10,7020,买盘
1783,13:11:27,7.02,0.01,11,7721,买盘
1784,13:11:24,7.01,--,144,100944,卖盘
1785,13:11:21,7.01,--,200,140200,卖盘
1786,13:11:18,7.01,--,11,7711,卖盘
1787,13:11:15,7.01,-0.01,4,2804,卖盘
1788,13:11:12,7.02,0.01,32,22464,买盘
1789,13:11:09,7.01,-0.01,263,184363,卖盘
1790,13:11:06,7.02,0.01,59,41418,买盘
1791,13:11:03,7.01,--,6,4206,卖盘
1792,13:11:00,7.01,-0.01,10,7010,卖盘
1793,13:10:57,7.02,0.01,10,7020,买盘
1794,13:10:54,7.01,--,49,34349,卖盘
1795,13:10:51,7.01,--,1,701,卖盘
1796,13:10:48,7.01,-0.01,40,28040,卖盘
1797,13:10:45,7.02,0.01,86,60371,买盘
1798,13:10:39,7.01,--,20,14020,卖盘
1799,13:10:36,7.01,-0.01,5,3505,卖盘
1800,13:10:33,7.02,0.01,9,6318,买盘
1801,13:10:30,7.01,--,2,1402,卖盘
1802,13:10:27,7.01,-0.01,9,6309,卖盘
1803,13:10:24,7.02,0.01,10,7020,买盘
1804,13:10:21,7.01,--,10,7010,卖盘
1805,13:10:18,7.01,--,1,701,卖盘
1806,13:10:12,7.01,--,2249,1576549,买盘
1807,13:10:09,7.01,--,32,22432,买盘
1808,13:10:06,7.01,--,3,2103,买盘
1809,13:10:03,7.01,--,1,701,买盘
1810,13:10:00,7.01,--,87,60987,买盘
1811,13:09:57,7.01,0.01,232,162632,买盘
1812,13:09:51,7.0,-0.01,5,3500,卖盘
1813,13:09:48,7.01,0.01,10,7010,买盘
1814,13:09:42,7.0,-0.01,3,2100,卖盘
1815,13:09:39,7.01,0.01,9,6309,买盘
1816,13:09:36,7.0,--,41,28700,卖盘
1817,13:09:27,7.0,-0.01,13,9100,卖盘
1818,13:09:24,7.01,--,8,5608,买盘
1819,13:09:18,7.01,--,37,25937,买盘
1820,13:09:15,7.01,--,15,10515,买盘
1821,13:09:12,7.01,--,32,22432,买盘
1822,13:09:06,7.01,--,9,6309,买盘
1823,13:09:03,7.01,--,37,25937,买盘
1824,13:08:54,7.01,0.01,10,7010,买盘
1825,13:08:51,7.0,--,50,35000,卖盘
1826,13:08:45,7.0,-0.01,5,3500,卖盘
1827,13:08:42,7.01,--,10,7010,买盘
1828,13:08:39,7.01,--,253,177353,卖盘
1829,13:08:33,7.01,-0.01,25,17525,卖盘
1830,13:08:30,7.02,--,9,6318,买盘
1831,13:08:21,7.02,0.01,10,7020,买盘
1832,13:08:18,7.01,--,87,60987,卖盘
1833,13:08:12,7.01,-0.01,236,165436,卖盘
1834,13:08:09,7.02,--,10,7020,买盘
1835,13:08:06,7.02,--,232,162864,买盘
1836,13:08:03,7.02,--,341,239382,买盘
1837,13:08:00,7.02,0.01,42,29484,买盘
1838,13:07:57,7.01,--,110,77110,卖盘
1839,13:07:51,7.01,-0.01,25,17525,卖盘
1840,13:07:48,7.02,0.01,10,7020,买盘
1841,13:07:45,7.01,--,25,17525,卖盘
1842,13:07:42,7.01,--,5,3505,卖盘
1843,13:07:39,7.01,--,200,140200,卖盘
1844,13:07:33,7.01,--,26,18226,卖盘
1845,13:07:27,7.01,-0.01,2,1402,卖盘
1846,13:07:24,7.02,0.01,11,7721,买盘
1847,13:07:18,7.01,--,214,150014,买盘
1848,13:07:15,7.01,--,9,6309,买盘
1849,13:07:06,7.01,--,92,64492,买盘
1850,13:07:03,7.01,0.01,41,28741,买盘
1851,13:06:57,7.0,--,93,65100,卖盘
1852,13:06:54,7.0,-0.01,49,34300,卖盘
1853,13:06:51,7.01,--,79,55379,买盘
1854,13:06:48,7.01,--,20,14020,买盘
1855,13:06:42,7.01,0.01,34,23834,买盘
1856,13:06:36,7.0,--,196,137200,卖盘
1857,13:06:30,7.0,-0.01,19,13300,卖盘
1858,13:06:24,7.01,--,1633,1144733,卖盘
1859,13:06:21,7.01,--,60,42060,卖盘
1860,13:06:18,7.01,--,11,7711,卖盘
1861,13:06:15,7.01,--,12,8412,卖盘
1862,13:06:12,7.01,-0.01,11,7711,卖盘
1863,13:06:09,7.02,--,21,14742,买盘
1864,13:06:03,7.02,0.01,1,702,买盘
1865,13:06:00,7.01,-0.01,33,23133,卖盘
1866,13:05:57,7.02,--,21,14742,买盘
1867,13:05:54,7.02,0.01,96,67392,买盘
1868,13:05:48,7.01,-0.01,20,14020,卖盘
1869,13:05:45,7.02,--,29,20358,买盘
1870,13:05:36,7.02,--,10,7020,买盘
1871,13:05:33,7.02,--,6,4212,买盘
1872,13:05:30,7.02,--,5,3510,买盘
1873,13:05:24,7.02,0.01,101,70902,买盘
1874,13:05:21,7.01,-0.01,2,1402,卖盘
1875,13:05:15,7.02,--,10,7020,买盘
1876,13:05:12,7.02,0.01,30,21060,买盘
1877,13:05:09,7.01,--,14,9814,卖盘
1878,13:05:06,7.01,--,1,701,卖盘
1879,13:05:03,7.01,-0.01,17,11917,卖盘
1880,13:05:00,7.02,--,32,22464,买盘
1881,13:04:57,7.02,--,32,22464,买盘
1882,13:04:54,7.02,--,146,102492,买盘
1883,13:04:51,7.02,--,9,6318,买盘
1884,13:04:39,7.02,--,10,7020,买盘
1885,13:04:36,7.02,--,200,140400,买盘
1886,13:04:30,7.02,0.01,9,6318,买盘
1887,13:04:27,7.01,-0.01,5,3505,卖盘
1888,13:04:21,7.02,--,5,3510,买盘
1889,13:04:18,7.02,--,310,217620,买盘
1890,13:04:15,7.02,--,40,28080,买盘
1891,13:04:09,7.02,--,14,9828,买盘
1892,13:04:06,7.02,--,82,57564,买盘
1893,13:04:00,7.02,--,32,22464,买盘
1894,13:03:54,7.02,--,12,8424,买盘
1895,13:03:51,7.02,--,185,129869,买盘
1896,13:03:48,7.02,--,1830,1284716,卖盘
1897,13:03:45,7.02,--,26,18252,卖盘
1898,13:03:36,7.02,--,13,9126,卖盘
1899,13:03:33,7.02,--,5,3510,卖盘
1900,13:03:30,7.02,-0.01,22,15443,卖盘
1901,13:03:24,7.03,0.01,10,7030,买盘
1902,13:03:21,7.02,-0.01,5,3510,卖盘
1903,13:03:18,7.03,--,8,5624,买盘
1904,13:03:12,7.03,0.01,10,7030,买盘
1905,13:03:09,7.02,-0.02,6,4212,卖盘
1906,13:03:06,7.04,--,1,704,买盘
1907,13:03:03,7.04,0.01,26,18304,买盘
1908,13:03:00,7.03,-0.01,20,14060,中性盘
1909,13:02:57,7.04,--,20,14080,买盘
1910,13:02:54,7.04,0.01,39,27456,买盘
1911,13:02:51,7.03,0.01,10,7030,买盘
1912,13:02:45,7.02,--,30,21060,卖盘
1913,13:02:42,7.02,-0.01,58,40716,卖盘
1914,13:02:39,7.03,0.01,83,58995,买盘
1915,13:02:36,7.02,--,5,3510,卖盘
1916,13:02:33,7.02,-0.01,34,23868,卖盘
1917,13:02:30,7.03,--,300,210900,买盘
1918,13:02:27,7.03,0.01,319,224257,买盘
1919,13:02:18,7.02,-0.01,25,17550,卖盘
1920,13:02:15,7.03,0.01,30,21090,买盘
1921,13:02:06,7.02,-0.01,55,38610,卖盘
1922,13:02:00,7.03,0.01,16,11248,买盘
1923,13:01:57,7.02,-0.01,156,109512,卖盘
1924,13:01:54,7.03,-0.01,56,39368,卖盘
1925,13:01:48,7.04,0.01,62,43648,买盘
1926,13:01:45,7.03,--,22,15466,卖盘
1927,13:01:42,7.03,-0.01,112,78736,卖盘
1928,13:01:39,7.04,0.01,200,140800,买盘
1929,13:01:36,7.03,--,4,2812,卖盘
1930,13:01:33,7.03,--,130,91390,卖盘
1931,13:01:30,7.03,-0.01,10,7030,卖盘
1932,13:01:24,7.04,--,16,11264,买盘
1933,13:01:21,7.04,0.01,120,84480,买盘
1934,13:01:18,7.03,-0.01,100,70300,卖盘
1935,13:01:15,7.04,--,12,8448,买盘
1936,13:01:12,7.04,--,15,10560,买盘
1937,13:01:09,7.04,--,1,704,买盘
1938,13:01:03,7.04,0.01,79,55616,买盘
1939,13:01:00,7.03,-0.01,122,85766,卖盘
1940,13:00:54,7.04,0.01,32,22528,买盘
1941,13:00:51,7.03,-0.01,5,3515,卖盘
1942,13:00:48,7.04,0.01,42,29568,买盘
1943,13:00:42,7.03,--,3,2109,卖盘
1944,13:00:39,7.03,-0.01,22,15466,卖盘
1945,13:00:33,7.04,0.01,1,704,买盘
1946,13:00:30,7.03,-0.01,5,3515,卖盘
1947,13:00:27,7.04,--,20,14080,买盘
1948,13:00:18,7.04,--,3,2112,买盘
1949,13:00:15,7.04,--,64,45056,买盘
1950,13:00:12,7.04,--,286,201344,买盘
1951,13:00:09,7.04,--,301,211904,买盘
1952,13:00:06,7.04,0.01,282,198528,买盘
1953,13:00:03,7.03,--,1994,1401782,卖盘
1954,13:00:00,7.03,--,0,0,卖盘
1955,11:30:00,7.03,-0.01,34,23902,卖盘
1956,11:29:57,7.04,--,91,64064,买盘
1957,11:29:54,7.04,--,34,23936,买盘
1958,11:29:51,7.04,0.01,103,72512,买盘
1959,11:29:48,7.03,-0.01,73,51319,卖盘
1960,11:29:45,7.04,--,47,33088,买盘
1961,11:29:42,7.04,--,5,3520,买盘
1962,11:29:39,7.04,--,41,28864,买盘
1963,11:29:36,7.04,--,206,145024,买盘
1964,11:29:33,7.04,--,72,50688,买盘
1965,11:29:30,7.04,--,31,21824,买盘
1966,11:29:27,7.04,--,68,47872,买盘
1967,11:29:24,7.04,0.01,120,84480,买盘
1968,11:29:21,7.03,-0.01,44,30932,卖盘
1969,11:29:18,7.04,0.01,144,101376,买盘
1970,11:29:15,7.03,-0.01,57,40071,卖盘
1971,11:29:12,7.04,0.01,153,107712,买盘
1972,11:29:09,7.03,--,138,97014,卖盘
1973,11:29:06,7.03,-0.01,200,140600,中性盘
1974,11:29:03,7.04,0.01,42,29568,买盘
1975,11:29:00,7.03,--,90,63270,买盘
1976,11:28:57,7.03,0.01,23,16169,买盘
1977,11:28:54,7.02,--,52,36504,卖盘
1978,11:28:51,7.02,-0.01,152,106704,卖盘
1979,11:28:48,7.03,--,194,136382,买盘
1980,11:28:45,7.03,--,165,115995,买盘
1981,11:28:42,7.03,--,8,5624,买盘
1982,11:28:39,7.03,0.01,9,6327,买盘
1983,11:28:36,7.02,-0.01,50,35100,卖盘
1984,11:28:33,7.03,--,208,146224,买盘
1985,11:28:30,7.03,--,21,14763,买盘
1986,11:28:27,7.03,--,39,27417,买盘
1987,11:28:24,7.03,--,106,74518,买盘
1988,11:28:21,7.03,--,27,18981,买盘
1989,11:28:18,7.03,0.01,17,11951,买盘
1990,11:28:15,7.02,-0.01,75,52650,卖盘
1991,11:28:12,7.03,--,315,221445,买盘
1992,11:28:06,7.03,--,17,11951,买盘
1993,11:28:03,7.03,--,39,27417,买盘
1994,11:28:00,7.03,0.01,43,30229,买盘
1995,11:27:57,7.02,--,128,89856,卖盘
1996,11:27:54,7.02,--,14,9828,卖盘
1997,11:27:51,7.02,-0.01,2,1404,卖盘
1998,11:27:48,7.03,--,17,11951,买盘
1999,11:27:45,7.03,--,32,22496,买盘
2000,11:27:42,7.03,--,63,44289,买盘
2001,11:27:39,7.03,--,221,155363,买盘
2002,11:27:36,7.03,0.01,20,14060,买盘
2003,11:27:33,7.02,-0.01,90,63179,卖盘
2004,11:27:30,7.03,--,118,82954,买盘
2005,11:27:27,7.03,--,81,56943,买盘
2006,11:27:24,7.03,--,265,186295,买盘
2007,11:27:21,7.03,0.01,261,183483,买盘
2008,11:27:18,7.02,-0.01,1233,865566,卖盘
2009,11:27:15,7.03,--,330,231990,买盘
2010,11:27:12,7.03,--,659,463277,买盘
2011,11:27:09,7.03,--,675,474525,买盘
2012,11:27:06,7.03,0.01,24,16872,买盘
2013,11:27:03,7.02,-0.01,62,43524,卖盘
2014,11:27:00,7.03,--,118,82954,买盘
2015,11:26:57,7.03,0.01,266,186998,买盘
2016,11:26:54,7.02,-0.01,140,98280,卖盘
2017,11:26:51,7.03,--,77,54131,买盘
2018,11:26:48,7.03,--,214,150442,买盘
2019,11:26:45,7.03,--,351,246753,买盘
2020,11:26:42,7.03,--,80,56240,买盘
2021,11:26:39,7.03,--,221,155363,买盘
2022,11:26:36,7.03,--,26,18278,买盘
2023,11:26:33,7.03,--,74,52022,买盘
2024,11:26:30,7.03,--,87,61161,买盘
2025,11:26:27,7.03,--,234,164502,买盘
2026,11:26:24,7.03,--,46,32338,买盘
2027,11:26:21,7.03,0.01,100,70300,买盘
2028,11:26:18,7.02,--,110,77220,卖盘
2029,11:26:15,7.02,-0.01,90,63179,卖盘
2030,11:26:12,7.03,--,88,61864,买盘
2031,11:26:09,7.03,0.01,101,71003,买盘
2032,11:26:06,7.02,-0.01,277,194454,卖盘
2033,11:26:03,7.03,--,27,18981,买盘
2034,11:26:00,7.03,--,49,34447,买盘
2035,11:25:57,7.03,--,33,23199,买盘
2036,11:25:54,7.03,0.01,219,153957,买盘
2037,11:25:51,7.02,-0.01,44,30887,中性盘
2038,11:25:48,7.03,--,127,89281,买盘
2039,11:25:45,7.03,0.01,314,220742,买盘
2040,11:25:42,7.02,-0.01,66,46332,卖盘
2041,11:25:39,7.03,--,58,40774,买盘
2042,11:25:36,7.03,--,71,49913,买盘
2043,11:25:33,7.03,0.01,203,142709,买盘
2044,11:25:30,7.02,--,22,15443,卖盘
2045,11:25:27,7.02,-0.01,50,35100,卖盘
2046,11:25:24,7.03,0.01,38,26714,买盘
2047,11:25:21,7.02,--,109,76518,买盘
2048,11:25:18,7.02,0.01,332,233064,买盘
2049,11:25:15,7.01,-0.01,29,20329,卖盘
2050,11:25:12,7.02,0.01,30,21060,买盘
2051,11:25:09,7.01,-0.01,39,27339,卖盘
2052,11:25:06,7.02,0.01,109,76518,买盘
2053,11:25:03,7.01,-0.01,120,84120,卖盘
2054,11:25:00,7.02,--,39,27378,买盘
2055,11:24:57,7.02,--,114,80028,买盘
2056,11:24:54,7.02,--,317,222534,买盘
2057,11:24:51,7.02,--,4,2808,买盘
2058,11:24:48,7.02,--,16,11232,买盘
2059,11:24:45,7.02,0.01,47,32994,买盘
2060,11:24:42,7.01,-0.01,127,89027,卖盘
2061,11:24:39,7.02,--,216,151632,买盘
2062,11:24:36,7.02,--,318,223236,买盘
2063,11:24:33,7.02,--,42,29484,买盘
2064,11:24:30,7.02,--,34,23868,买盘
2065,11:24:27,7.02,--,6,4212,买盘
2066,11:24:24,7.02,--,18,12636,买盘
2067,11:24:21,7.02,0.01,27,18954,买盘
2068,11:24:18,7.01,--,81,56781,买盘
2069,11:24:15,7.01,--,5,3505,买盘
2070,11:24:12,7.01,--,15,10515,买盘
2071,11:24:09,7.01,0.01,31,21731,买盘
2072,11:24:06,7.0,-0.02,87,60900,卖盘
2073,11:24:03,7.02,0.01,28,19656,买盘
2074,11:24:00,7.01,--,103,72735,卖盘
2075,11:23:57,7.01,-0.01,8,5608,卖盘
2076,11:23:54,7.02,--,37,25974,买盘
2077,11:23:51,7.02,--,2,1404,买盘
2078,11:23:48,7.02,--,17,11934,买盘
2079,11:23:45,7.02,--,7,4914,买盘
2080,11:23:42,7.02,--,11,7721,买盘
2081,11:23:39,7.02,0.01,73,51246,买盘
2082,11:23:36,7.01,-0.01,82,57482,卖盘
2083,11:23:33,7.02,--,327,229554,买盘
2084,11:23:30,7.02,--,39,27378,买盘
2085,11:23:27,7.02,--,11,7721,买盘
2086,11:23:24,7.02,--,13,9126,买盘
2087,11:23:21,7.02,--,92,64583,买盘
2088,11:23:18,7.02,--,60,42120,买盘
2089,11:23:15,7.02,--,32,22464,买盘
2090,11:23:12,7.02,0.01,130,91260,买盘
2091,11:23:09,7.01,--,865,606533,买盘
2092,11:23:06,7.01,--,114,79914,买盘
2093,11:23:03,7.01,--,233,163333,买盘
2094,11:23:00,7.01,--,10,7010,买盘
2095,11:22:57,7.01,--,42,29442,买盘
2096,11:22:54,7.01,--,12,8412,买盘
2097,11:22:51,7.01,--,18,12618,买盘
2098,11:22:48,7.01,--,111,77811,买盘
2099,11:22:45,7.01,--,331,232031,买盘
2100,11:22:42,7.01,--,10,7010,买盘
2101,11:22:39,7.01,--,51,35751,买盘
2102,11:22:36,7.01,--,128,89728,买盘
2103,11:22:33,7.01,-0.01,812,569744,卖盘
2104,11:22:30,7.02,--,14,9828,中性盘
2105,11:22:27,7.02,--,82,57564,卖盘
2106,11:22:24,7.02,-0.01,319,223938,卖盘
2107,11:22:21,7.03,0.01,25,17575,买盘
2108,11:22:18,7.02,--,31,21762,卖盘
2109,11:22:15,7.02,-0.01,91,63881,卖盘
2110,11:22:12,7.03,--,75,52725,买盘
2111,11:22:09,7.03,0.01,20,14060,买盘
2112,11:22:06,7.02,-0.01,2,1404,卖盘
2113,11:22:03,7.03,--,7,4921,买盘
2114,11:22:00,7.03,0.01,24,16872,买盘
2115,11:21:57,7.02,--,59,41418,卖盘
2116,11:21:54,7.02,--,71,49842,买盘
2117,11:21:51,7.02,--,94,65988,卖盘
2118,11:21:48,7.02,--,27,18954,卖盘
2119,11:21:45,7.02,--,36,25272,卖盘
2120,11:21:42,7.02,--,42,29484,卖盘
2121,11:21:39,7.02,-0.01,110,77220,卖盘
2122,11:21:36,7.03,0.01,4,2812,买盘
2123,11:21:33,7.02,--,288,202176,买盘
2124,11:21:30,7.02,0.01,15,10530,买盘
2125,11:21:27,7.01,-0.01,62,43462,卖盘
2126,11:21:24,7.02,--,53,37206,买盘
2127,11:21:21,7.02,--,107,75114,买盘
2128,11:21:18,7.02,--,30,21060,买盘
2129,11:21:15,7.02,--,11,7721,买盘
2130,11:21:12,7.02,--,13,9126,买盘
2131,11:21:09,7.02,--,10,7020,买盘
2132,11:21:06,7.02,--,30,21060,买盘
2133,11:21:03,7.02,--,17,11934,买盘
2134,11:20:57,7.02,0.01,1,702,中性盘
2135,11:20:54,7.01,-0.02,49,34349,卖盘
2136,11:20:51,7.03,0.02,26,18278,买盘
2137,11:20:48,7.01,-0.01,1247,874147,卖盘
2138,11:20:45,7.02,--,104,73008,买盘
2139,11:20:42,7.02,--,105,73710,买盘
2140,11:20:39,7.02,--,18,12636,买盘
2141,11:20:33,7.02,-0.01,682,478764,卖盘
2142,11:20:30,7.03,0.01,11,7733,买盘
2143,11:20:27,7.02,--,50,35100,卖盘
2144,11:20:24,7.02,--,451,316602,卖盘
2145,11:20:21,7.02,-0.01,279,195858,卖盘
2146,11:20:18,7.03,--,6,4218,买盘
2147,11:20:15,7.03,0.01,197,138491,买盘
2148,11:20:12,7.02,-0.01,15,10530,卖盘
2149,11:20:09,7.03,--,11,7733,买盘
2150,11:20:06,7.03,--,83,58349,买盘
2151,11:20:03,7.03,--,302,212306,买盘
2152,11:19:57,7.03,0.01,13,9139,买盘
2153,11:19:54,7.02,--,4,2808,卖盘
2154,11:19:51,7.02,-0.01,102,71604,卖盘
2155,11:19:48,7.03,0.01,10,7030,买盘
2156,11:19:45,7.02,-0.01,71,49842,卖盘
2157,11:19:42,7.03,--,3,2109,买盘
2158,11:19:39,7.03,--,530,372590,买盘
2159,11:19:36,7.03,--,59,41477,买盘
2160,11:19:33,7.03,--,3,2109,买盘
2161,11:19:30,7.03,--,30,21090,买盘
2162,11:19:27,7.03,--,105,73815,买盘
2163,11:19:24,7.03,--,24,16872,买盘
2164,11:19:21,7.03,--,312,219336,买盘
2165,11:19:18,7.03,--,28,19684,买盘
2166,11:19:15,7.03,--,21,14763,买盘
2167,11:19:09,7.03,--,22,15466,买盘
2168,11:19:06,7.03,--,18,12654,买盘
2169,11:19:03,7.03,--,17,11951,买盘
2170,11:19:00,7.03,--,7,4921,买盘
2171,11:18:57,7.03,--,64,44992,买盘
2172,11:18:51,7.03,--,29,20387,买盘
2173,11:18:45,7.03,0.01,20,14060,买盘
2174,11:18:42,7.02,--,614,431028,买盘
2175,11:18:39,7.02,--,9,6318,买盘
2176,11:18:36,7.02,--,375,263250,买盘
2177,11:18:30,7.02,--,59,41418,买盘
2178,11:18:27,7.02,--,39,27378,卖盘
2179,11:18:24,7.02,--,47,32994,卖盘
2180,11:18:21,7.02,--,30,21060,卖盘
2181,11:18:18,7.02,--,559,392418,买盘
2182,11:18:15,7.02,--,225,157950,买盘
2183,11:18:12,7.02,--,46,32291,买盘
2184,11:18:09,7.02,--,70,49140,买盘
2185,11:18:06,7.02,--,205,143910,买盘
2186,11:18:03,7.02,0.01,27,18954,买盘
2187,11:17:57,7.01,-0.01,39,27339,卖盘
2188,11:17:54,7.02,0.01,32,22632,买盘
2189,11:17:51,7.01,--,31,21731,买盘
2190,11:17:45,7.01,-0.01,533,374165,卖盘
2191,11:17:42,7.02,--,320,224640,买盘
2192,11:17:39,7.02,--,154,108108,买盘
2193,11:17:36,7.02,--,426,299052,买盘
2194,11:17:33,7.02,--,68,47736,买盘
2195,11:17:27,7.02,0.01,32,22464,买盘
2196,11:17:24,7.01,-0.01,1295,907795,卖盘
2197,11:17:21,7.02,0.01,33,23166,买盘
2198,11:17:18,7.01,--,40,28040,卖盘
2199,11:17:15,7.01,--,20,14020,卖盘
2200,11:17:12,7.01,-0.01,11,7711,卖盘
2201,11:17:09,7.02,0.01,50,35100,买盘
2202,11:17:06,7.01,--,30,21030,卖盘
2203,11:17:03,7.01,--,250,175250,卖盘
2204,11:17:00,7.01,0.01,256,179624,买盘
2205,11:16:57,7.0,--,80,56000,卖盘
2206,11:16:54,7.0,-0.01,28,19600,卖盘
2207,11:16:51,7.01,--,47,32947,买盘
2208,11:16:48,7.01,--,32,22432,买盘
2209,11:16:39,7.01,--,1241,869941,买盘
2210,11:16:33,7.01,0.01,189,132489,买盘
2211,11:16:30,7.0,-0.01,7,4900,卖盘
2212,11:16:27,7.01,--,10,7010,买盘
2213,11:16:24,7.01,0.01,1000,701000,买盘
2214,11:16:21,7.0,-0.01,37,25900,卖盘
2215,11:16:18,7.01,--,125,87625,买盘
2216,11:16:15,7.01,--,79,55379,买盘
2217,11:16:12,7.01,0.01,5,3505,买盘
2218,11:16:09,7.0,-0.01,1,700,卖盘
2219,11:16:06,7.01,0.01,11,7711,买盘
2220,11:16:00,7.0,-0.01,416,291200,卖盘
2221,11:15:57,7.01,--,60,42060,买盘
2222,11:15:54,7.01,--,10,7010,买盘
2223,11:15:51,7.01,--,10,7010,买盘
2224,11:15:48,7.01,--,28,19628,买盘
2225,11:15:45,7.01,--,11,7711,买盘
2226,11:15:39,7.01,0.01,14,9814,买盘
2227,11:15:36,7.0,-0.01,56,39200,卖盘
2228,11:15:33,7.01,--,10,7010,买盘
2229,11:15:27,7.01,--,6,4206,买盘
2230,11:15:24,7.01,--,32,22432,买盘
2231,11:15:21,7.01,--,9,6309,买盘
2232,11:15:15,7.01,0.01,32,22432,买盘
2233,11:15:12,7.0,-0.01,16,11200,卖盘
2234,11:15:09,7.01,0.01,30,21030,买盘
2235,11:15:03,7.0,-0.01,7,4900,卖盘
2236,11:15:00,7.01,0.01,15,10515,买盘
2237,11:14:54,7.0,--,333,233100,卖盘
2238,11:14:51,7.0,--,19,13300,卖盘
2239,11:14:48,7.0,-0.01,10,7000,卖盘
2240,11:14:42,7.01,--,5,3505,买盘
2241,11:14:39,7.01,--,10,7010,买盘
2242,11:14:33,7.01,--,400,280400,买盘
2243,11:14:27,7.01,0.01,9,6309,买盘
2244,11:14:21,7.0,--,181,126798,买盘
2245,11:14:18,7.0,--,99,69300,买盘
2246,11:14:15,7.0,--,91,63700,买盘
2247,11:14:12,7.0,--,15,10500,买盘
2248,11:14:09,7.0,--,3,2100,买盘
2249,11:14:06,7.0,-0.01,15,11102,卖盘
2250,11:13:54,7.01,0.01,9,6309,买盘
2251,11:13:48,7.0,-0.01,48,33600,卖盘
2252,11:13:45,7.01,--,20,14020,买盘
2253,11:13:42,7.01,0.01,15,10515,买盘
2254,11:13:39,7.0,--,65,45500,卖盘
2255,11:13:36,7.0,--,12,8400,卖盘
2256,11:13:33,7.0,-0.01,62,43400,卖盘
2257,11:13:30,7.01,0.01,137,96037,买盘
2258,11:13:24,7.0,--,42,29400,卖盘
2259,11:13:21,7.0,-0.01,609,426300,卖盘
2260,11:13:18,7.01,--,46,32246,买盘
2261,11:13:15,7.01,--,47,32947,买盘
2262,11:13:12,7.01,0.01,11,7711,买盘
2263,11:13:03,7.0,-0.01,8,5600,卖盘
2264,11:13:00,7.01,0.01,9,6309,买盘
2265,11:12:54,7.0,--,2776,1943298,买盘
2266,11:12:51,7.0,--,301,210700,买盘
2267,11:12:48,7.0,0.01,80,56000,买盘
2268,11:12:45,6.99,-0.01,32,22368,卖盘
2269,11:12:42,7.0,--,313,219100,买盘
2270,11:12:39,7.0,--,30,21000,买盘
2271,11:12:36,7.0,0.01,90,63000,买盘
2272,11:12:30,6.99,-0.01,1,699,卖盘
2273,11:12:27,7.0,0.01,10,7000,买盘
2274,11:12:18,6.99,-0.01,1,699,卖盘
2275,11:12:15,7.0,--,29,20300,买盘
2276,11:12:12,7.0,0.01,62,43400,买盘
2277,11:12:09,6.99,--,38,26562,卖盘
2278,11:12:06,6.99,--,26,18174,卖盘
2279,11:11:57,6.99,-0.01,6,4194,卖盘
2280,11:11:54,7.0,0.01,21,14700,买盘
2281,11:11:51,6.99,--,8,5592,卖盘
2282,11:11:48,6.99,--,2,1398,卖盘
2283,11:11:45,6.99,-0.01,53,37047,卖盘
2284,11:11:42,7.0,--,59,41300,买盘
2285,11:11:30,7.0,0.01,10,7000,买盘
2286,11:11:27,6.99,--,1,699,卖盘
2287,11:11:24,6.99,-0.01,77,53823,卖盘
2288,11:11:21,7.0,--,502,351400,买盘
2289,11:11:18,7.0,0.01,9,6300,买盘
2290,11:11:12,6.99,-0.01,16,11184,卖盘
2291,11:11:09,7.0,0.01,73,51100,买盘
2292,11:11:06,6.99,-0.01,100,69900,卖盘
2293,11:11:03,7.0,0.01,5,3500,买盘
2294,11:10:57,6.99,--,26,18174,卖盘
2295,11:10:54,6.99,--,7,4893,卖盘
2296,11:10:51,6.99,-0.01,3,2097,卖盘
2297,11:10:48,7.0,--,500,350000,买盘
2298,11:10:45,7.0,--,10,7000,买盘
2299,11:10:42,7.0,0.01,310,217000,买盘
2300,11:10:39,6.99,-0.01,5,3495,卖盘
2301,11:10:36,7.0,--,9,6300,买盘
2302,11:10:24,7.0,0.01,15,10500,买盘
2303,11:10:21,6.99,--,120,83880,买盘
2304,11:10:15,6.99,--,11,7689,买盘
2305,11:10:12,6.99,0.01,11,7689,买盘
2306,11:10:09,6.98,-0.02,3,2094,卖盘
2307,11:10:06,7.0,--,35,24500,买盘
2308,11:10:03,7.0,--,164,114800,买盘
2309,11:10:00,7.0,--,34,23800,买盘
2310,11:09:57,7.0,0.01,535,374500,买盘
2311,11:09:51,6.99,--,21,14679,买盘
2312,11:09:42,6.99,0.01,20,13980,买盘
2313,11:09:39,6.98,-0.01,1,698,卖盘
2314,11:09:36,6.99,--,388,271212,卖盘
2315,11:09:30,6.99,-0.01,130,90870,卖盘
2316,11:09:27,7.0,--,310,217000,买盘
2317,11:09:21,7.0,--,7,4900,买盘
2318,11:09:18,7.0,0.01,10,7000,买盘
2319,11:09:12,6.99,--,500,349500,卖盘
2320,11:09:09,6.99,--,55,38445,卖盘
2321,11:09:06,6.99,--,5,3495,卖盘
2322,11:09:03,6.99,-0.01,381,266319,中性盘
2323,11:08:57,7.0,0.02,73,51100,买盘
2324,11:08:54,6.98,--,1,698,卖盘
2325,11:08:51,6.98,-0.02,304,212192,卖盘
2326,11:08:48,7.0,--,200,140000,买盘
2327,11:08:45,7.0,0.02,81,56700,买盘
2328,11:08:42,6.98,-0.01,56,39088,卖盘
2329,11:08:39,6.99,--,3,2097,卖盘
2330,11:08:36,6.99,--,35,24465,卖盘
2331,11:08:33,6.99,-0.01,2,1398,卖盘
2332,11:08:27,7.0,--,10,7000,买盘
2333,11:08:24,7.0,--,9,6300,买盘
2334,11:08:21,7.0,--,406,284200,买盘
2335,11:08:18,7.0,--,71,49700,买盘
2336,11:08:15,7.0,--,52,36400,买盘
2337,11:08:12,7.0,--,9,6300,买盘
2338,11:08:03,7.0,--,82,57400,买盘
2339,11:08:00,7.0,--,46,32200,买盘
2340,11:07:57,7.0,0.01,32,22400,买盘
2341,11:07:54,6.99,-0.01,7,4893,卖盘
2342,11:07:51,7.0,0.01,10,7000,买盘
2343,11:07:48,6.99,-0.01,13,9087,卖盘
2344,11:07:42,7.0,0.01,10,7000,买盘
2345,11:07:39,6.99,--,16,11184,卖盘
2346,11:07:33,6.99,--,4,2796,卖盘
2347,11:07:30,6.99,--,362,253038,买盘
2348,11:07:18,6.99,0.01,11,7689,买盘
2349,11:07:12,6.98,--,1,698,卖盘
2350,11:07:09,6.98,-0.01,126,87948,卖盘
2351,11:07:06,6.99,--,9,6291,买盘
2352,11:07:03,6.99,-0.01,168,117432,卖盘
2353,11:07:00,7.0,0.01,32,22400,买盘
2354,11:06:54,6.99,--,80,55920,卖盘
2355,11:06:48,6.99,-0.01,5,3495,卖盘
2356,11:06:45,7.0,0.01,9,6300,买盘
2357,11:06:42,6.99,-0.01,21,14679,卖盘
2358,11:06:33,7.0,0.01,317,221900,买盘
2359,11:06:27,6.99,-0.01,2,1398,卖盘
2360,11:06:24,7.0,0.01,9,6300,买盘
2361,11:06:18,6.99,--,107,74793,买盘
2362,11:06:15,6.99,--,9,6291,买盘
2363,11:06:12,6.99,0.01,10,6990,买盘
2364,11:06:09,6.98,--,105,73290,卖盘
2365,11:06:06,6.98,-0.01,1,698,卖盘
2366,11:06:03,6.99,-0.01,18,12582,买盘
2367,11:06:00,7.0,0.01,41,28700,买盘
2368,11:05:57,6.99,-0.01,4,2796,卖盘
2369,11:05:54,7.0,0.02,51,35700,买盘
2370,11:05:51,6.98,-0.02,341,238018,卖盘
2371,11:05:48,7.0,--,304,212800,买盘
2372,11:05:45,7.0,0.01,18,12600,买盘
2373,11:05:42,6.99,-0.01,58,40542,卖盘
2374,11:05:39,7.0,--,10,7000,买盘
2375,11:05:33,7.0,--,18,12600,买盘
2376,11:05:30,7.0,0.01,45,31500,买盘
2377,11:05:27,6.99,-0.01,31,21669,卖盘
2378,11:05:24,7.0,--,37,25900,买盘
2379,11:05:21,7.0,--,1,700,买盘
2380,11:05:18,7.0,0.01,18,12600,买盘
2381,11:05:15,6.99,-0.01,11,7689,卖盘
2382,11:05:12,7.0,--,318,222600,买盘
2383,11:05:06,7.0,0.01,10,7000,买盘
2384,11:05:03,6.99,--,7,4893,卖盘
2385,11:05:00,6.99,--,2,1398,卖盘
2386,11:04:54,6.99,-0.01,74,51726,卖盘
2387,11:04:51,7.0,0.01,183,128100,买盘
2388,11:04:48,6.99,-0.01,20,13980,卖盘
2389,11:04:45,7.0,--,305,213500,买盘
2390,11:04:42,7.0,0.01,27,18900,买盘
2391,11:04:39,6.99,-0.01,66,46134,卖盘
2392,11:04:36,7.0,--,20,14000,买盘
2393,11:04:30,7.0,--,20,14000,买盘
2394,11:04:21,7.0,--,10,7000,买盘
2395,11:04:18,7.0,0.01,118,82600,买盘
2396,11:04:15,6.99,--,1,699,卖盘
2397,11:04:12,6.99,--,2,1398,卖盘
2398,11:04:09,6.99,--,11,7689,卖盘
2399,11:04:06,6.99,-0.01,24,16776,中性盘
2400,11:04:03,7.0,--,20,14000,买盘
2401,11:04:00,7.0,--,16,11200,买盘
2402,11:03:57,7.0,0.02,12,8400,买盘
2403,11:03:54,6.98,-0.01,51,35598,卖盘
2404,11:03:51,6.99,--,24,16776,买盘
2405,11:03:48,6.99,--,41,28659,买盘
2406,11:03:45,6.99,--,84,58716,卖盘
2407,11:03:42,6.99,--,11,7689,卖盘
2408,11:03:39,6.99,--,71,49629,卖盘
2409,11:03:36,6.99,--,18,12582,卖盘
2410,11:03:33,6.99,--,341,238359,卖盘
2411,11:03:30,6.99,--,8,5592,卖盘
2412,11:03:27,6.99,-0.01,30,20970,卖盘
2413,11:03:24,7.0,0.01,10,7000,买盘
2414,11:03:18,6.99,--,16,11184,卖盘
2415,11:03:15,6.99,--,11,7689,卖盘
2416,11:03:12,6.99,--,29,20271,卖盘
2417,11:03:09,6.99,--,10,6990,卖盘
2418,11:03:06,6.99,-0.01,29,20271,卖盘
2419,11:03:03,7.0,0.01,10,7000,买盘
2420,11:03:00,6.99,0.01,170,118830,买盘
2421,11:02:57,6.98,-0.01,21,14658,卖盘
2422,11:02:54,6.99,--,11,7689,买盘
2423,11:02:51,6.99,--,162,113238,卖盘
2424,11:02:48,6.99,--,26,18174,卖盘
2425,11:02:45,6.99,-0.01,29,20271,卖盘
2426,11:02:42,7.0,0.01,62,43400,买盘
2427,11:02:39,6.99,--,11,7689,卖盘
2428,11:02:36,6.99,--,77,53823,买盘
2429,11:02:33,6.99,0.01,3,2097,买盘
2430,11:02:30,6.98,-0.02,1114,777572,卖盘
2431,11:02:27,7.0,0.01,26,18200,买盘
2432,11:02:24,6.99,--,1,699,卖盘
2433,11:02:18,6.99,--,16,11184,卖盘
2434,11:02:15,6.99,-0.01,8,5592,卖盘
2435,11:02:09,7.0,--,10,7000,买盘
2436,11:02:06,7.0,0.01,17,11900,买盘
2437,11:02:03,6.99,-0.01,6,4194,卖盘
2438,11:01:57,7.0,0.01,89,62300,买盘
2439,11:01:54,6.99,-0.01,1,699,卖盘
2440,11:01:48,7.0,--,64,44800,买盘
2441,11:01:45,7.0,0.01,311,217700,买盘
2442,11:01:42,6.99,--,45,31455,卖盘
2443,11:01:36,6.99,-0.01,25,17475,卖盘
2444,11:01:27,7.0,--,12,8400,买盘
2445,11:01:24,7.0,0.01,10,7000,买盘
2446,11:01:21,6.99,--,61,42639,卖盘
2447,11:01:18,6.99,--,70,48930,买盘
2448,11:01:15,6.99,--,10,6990,买盘
2449,11:01:12,6.99,--,31,21669,买盘
2450,11:01:09,6.99,--,10,6990,买盘
2451,11:01:06,6.99,--,6,4194,买盘
2452,11:01:03,6.99,0.01,27,18873,买盘
2453,11:00:54,6.98,--,65,45370,卖盘
2454,11:00:51,6.98,--,15,10470,卖盘
2455,11:00:45,6.98,-0.01,43,30014,卖盘
2456,11:00:42,6.99,--,310,216690,买盘
2457,11:00:39,6.99,0.01,377,263523,买盘
2458,11:00:36,6.98,-0.01,29,20242,卖盘
2459,11:00:30,6.99,--,10,6990,买盘
2460,11:00:27,6.99,--,60,41940,买盘
2461,11:00:18,6.99,0.01,317,221583,买盘
2462,11:00:09,6.98,-0.01,2,1396,卖盘
2463,11:00:06,6.99,--,46,32154,买盘
2464,10:59:57,6.99,0.01,9,6291,买盘
2465,10:59:54,6.98,--,1,698,卖盘
2466,10:59:51,6.98,-0.01,80,55840,卖盘
2467,10:59:48,6.99,--,310,216690,买盘
2468,10:59:45,6.99,--,10,6990,买盘
2469,10:59:42,6.99,0.01,74,51726,买盘
2470,10:59:39,6.98,--,100,69800,卖盘
2471,10:59:36,6.98,-0.01,26,18148,卖盘
2472,10:59:33,6.99,0.01,9,6291,买盘
2473,10:59:27,6.98,-0.01,35,24430,卖盘
2474,10:59:24,6.99,--,10,6990,买盘
2475,10:59:21,6.99,0.01,8,5592,买盘
2476,10:59:15,6.98,-0.01,4,2792,卖盘
2477,10:59:12,6.99,0.01,11,7689,买盘
2478,10:59:09,6.98,--,232,161936,卖盘
2479,10:59:06,6.98,-0.01,7,4886,卖盘
2480,10:59:00,6.99,0.01,9,6291,买盘
2481,10:58:57,6.98,--,50,34900,卖盘
2482,10:58:51,6.98,-0.01,274,191252,卖盘
2483,10:58:48,6.99,0.01,9,6291,买盘
2484,10:58:42,6.98,-0.01,97,67706,卖盘
2485,10:58:39,6.99,0.01,104,72696,买盘
2486,10:58:33,6.98,-0.01,65,45370,卖盘
2487,10:58:30,6.99,--,58,40542,买盘
2488,10:58:27,6.99,--,20,13980,买盘
2489,10:58:24,6.99,--,8,5592,买盘
2490,10:58:18,6.99,--,33,23067,买盘
2491,10:58:15,6.99,--,9,6291,买盘
2492,10:58:06,6.99,--,11,7689,买盘
2493,10:58:03,6.99,--,32,22368,卖盘
2494,10:58:00,6.99,--,20,13980,卖盘
2495,10:57:57,6.99,--,32,22368,买盘
2496,10:57:54,6.99,0.01,209,146091,买盘
2497,10:57:51,6.98,-0.01,20,13960,卖盘
2498,10:57:48,6.99,--,2,1398,买盘
2499,10:57:45,6.99,--,49,34251,买盘
2500,10:57:42,6.99,--,46,32154,卖盘
2501,10:57:39,6.99,0.01,26,18174,中性盘
2502,10:57:36,6.98,-0.02,71,49558,卖盘
2503,10:57:33,7.0,0.01,32,22400,买盘
2504,10:57:30,6.99,0.01,121,84579,买盘
2505,10:57:27,6.98,-0.01,93,64914,卖盘
2506,10:57:24,6.99,--,36,25164,买盘
2507,10:57:21,6.99,--,380,265620,买盘
2508,10:57:18,6.99,--,308,215292,买盘
2509,10:57:15,6.99,0.01,56,39144,买盘
2510,10:57:12,6.98,-0.01,208,145184,卖盘
2511,10:57:09,6.99,--,80,55920,买盘
2512,10:57:06,6.99,--,11,7689,买盘
2513,10:57:03,6.99,0.01,88,61512,买盘
2514,10:57:00,6.98,-0.01,25,17450,卖盘
2515,10:56:54,6.99,0.01,72,50328,买盘
2516,10:56:51,6.98,-0.01,149,104002,卖盘
2517,10:56:48,6.99,0.01,271,189429,买盘
2518,10:56:42,6.98,-0.01,110,76780,卖盘
2519,10:56:39,6.99,--,53,37047,买盘
2520,10:56:36,6.99,0.01,10,6990,买盘
2521,10:56:33,6.98,-0.01,40,27920,卖盘
2522,10:56:30,6.99,--,169,118131,买盘
2523,10:56:27,6.99,0.01,107,74793,买盘
2524,10:56:24,6.98,-0.01,1002,699396,卖盘
2525,10:56:21,6.99,0.01,256,178944,买盘
2526,10:56:18,6.98,-0.01,46,32108,卖盘
2527,10:56:15,6.99,0.01,73,51027,买盘
2528,10:56:12,6.98,--,37,25826,卖盘
2529,10:56:09,6.98,-0.01,3,2094,卖盘
2530,10:56:06,6.99,--,1060,740940,买盘
2531,10:56:03,6.99,0.01,9,6291,买盘
2532,10:55:57,6.98,-0.01,569,397162,卖盘
2533,10:55:54,6.99,--,88,61512,买盘
2534,10:55:42,6.99,--,75,52425,买盘
2535,10:55:39,6.99,0.01,7,4893,买盘
2536,10:55:36,6.98,--,50,34900,卖盘
2537,10:55:33,6.98,-0.01,520,362960,卖盘
2538,10:55:30,6.99,--,42,29358,买盘
2539,10:55:27,6.99,--,15,10485,买盘
2540,10:55:21,6.99,--,42,29358,买盘
2541,10:55:18,6.99,0.01,5,3495,买盘
2542,10:55:15,6.98,-0.01,8,5584,卖盘
2543,10:55:12,6.99,0.01,10,6990,买盘
2544,10:55:09,6.98,--,70,48860,卖盘
2545,10:55:06,6.98,-0.01,5,3490,卖盘
2546,10:55:00,6.99,--,200,139800,买盘
2547,10:54:57,6.99,0.01,52,36348,买盘
2548,10:54:54,6.98,-0.01,17,11866,卖盘
2549,10:54:48,6.99,--,10,6990,买盘
2550,10:54:42,6.99,--,93,65007,买盘
2551,10:54:39,6.99,--,10,6990,买盘
2552,10:54:36,6.99,0.01,49,34251,买盘
2553,10:54:30,6.98,-0.01,67,46766,卖盘
2554,10:54:27,6.99,--,34,23766,买盘
2555,10:54:24,6.99,--,41,28659,买盘
2556,10:54:21,6.99,0.01,56,39144,买盘
2557,10:54:18,6.98,--,5,3490,卖盘
2558,10:54:15,6.98,-0.01,34,23732,卖盘
2559,10:54:12,6.99,--,53,37047,买盘
2560,10:54:06,6.99,--,64,44736,买盘
2561,10:54:03,6.99,--,10,6990,买盘
2562,10:54:00,6.99,--,120,83880,买盘
2563,10:53:57,6.99,0.01,110,76890,买盘
2564,10:53:48,6.98,-0.01,6,4188,卖盘
2565,10:53:45,6.99,0.01,61,42639,买盘
2566,10:53:42,6.98,-0.01,38,26524,卖盘
2567,10:53:39,6.99,--,99,69201,买盘
2568,10:53:33,6.99,--,89,62211,买盘
2569,10:53:30,6.99,--,95,66405,买盘
2570,10:53:24,6.99,--,57,39843,买盘
2571,10:53:21,6.99,--,38,26562,买盘
2572,10:53:18,6.99,--,152,106248,买盘
2573,10:53:15,6.99,0.01,61,42639,买盘
2574,10:53:12,6.98,--,5,3490,卖盘
2575,10:53:09,6.98,-0.01,1,698,卖盘
2576,10:53:06,6.99,--,94,65706,买盘
2577,10:53:03,6.99,0.01,7,4893,买盘
2578,10:53:00,6.98,-0.01,110,76780,卖盘
2579,10:52:57,6.99,0.01,89,62211,买盘
2580,10:52:54,6.98,--,5,3490,卖盘
2581,10:52:51,6.98,-0.01,228,159144,卖盘
2582,10:52:48,6.99,0.01,69,48231,买盘
2583,10:52:42,6.98,-0.01,12,8376,卖盘
2584,10:52:39,6.99,--,98,68502,买盘
2585,10:52:33,6.99,--,112,78288,买盘
2586,10:52:30,6.99,--,554,387246,买盘
2587,10:52:27,6.99,0.01,60,41940,买盘
2588,10:52:24,6.98,-0.01,19,13262,卖盘
2589,10:52:21,6.99,--,2,1398,买盘
2590,10:52:18,6.99,--,74,51726,买盘
2591,10:52:15,6.99,0.01,53,37047,买盘
2592,10:52:09,6.98,--,81,56538,卖盘
2593,10:52:06,6.98,-0.01,424,295952,卖盘
2594,10:52:00,6.99,--,15,10485,买盘
2595,10:51:57,6.99,0.01,9,6291,买盘
2596,10:51:54,6.98,-0.01,31,21638,卖盘
2597,10:51:51,6.99,0.01,52,36348,买盘
2598,10:51:48,6.98,-0.01,1,698,卖盘
2599,10:51:45,6.99,--,11,7689,买盘
2600,10:51:42,6.99,0.01,279,195021,买盘
2601,10:51:39,6.98,-0.01,2,1396,卖盘
2602,10:51:36,6.99,--,92,64308,买盘
2603,10:51:33,6.99,0.01,10,6990,买盘
2604,10:51:30,6.98,-0.01,12,8376,卖盘
2605,10:51:27,6.99,--,161,112539,买盘
2606,10:51:21,6.99,--,96,67104,买盘
2607,10:51:18,6.99,0.01,346,241854,买盘
2608,10:51:15,6.98,-0.01,14,9772,卖盘
2609,10:51:12,6.99,--,30,20970,买盘
2610,10:51:09,6.99,0.01,78,54522,买盘
2611,10:51:06,6.98,--,36,25128,卖盘
2612,10:51:03,6.98,-0.01,44,30712,卖盘
2613,10:51:00,6.99,0.01,95,66405,买盘
2614,10:50:57,6.98,--,5,3490,卖盘
2615,10:50:54,6.98,-0.01,67,46766,卖盘
2616,10:50:51,6.99,0.01,11,7689,买盘
2617,10:50:48,6.98,-0.01,1,698,卖盘
2618,10:50:45,6.99,--,85,59415,买盘
2619,10:50:42,6.99,0.01,10,6990,买盘
2620,10:50:39,6.98,--,295,205910,卖盘
2621,10:50:36,6.98,--,82,57236,卖盘
2622,10:50:33,6.98,-0.01,50,34900,卖盘
2623,10:50:30,6.99,--,1,699,买盘
2624,10:50:27,6.99,0.01,143,99957,买盘
2625,10:50:24,6.98,-0.01,24,16752,卖盘
2626,10:50:21,6.99,0.01,30,20970,买盘
2627,10:50:18,6.98,-0.01,90,62820,卖盘
2628,10:50:15,6.99,--,9,6291,买盘
2629,10:50:12,6.99,0.01,129,90171,买盘
2630,10:50:09,6.98,-0.01,112,78176,卖盘
2631,10:50:06,6.99,0.01,22,15378,买盘
2632,10:50:03,6.98,--,36,25128,卖盘
2633,10:49:57,6.98,-0.01,8,5584,卖盘
2634,10:49:54,6.99,--,13,9087,买盘
2635,10:49:51,6.99,0.01,71,49629,买盘
2636,10:49:48,6.98,-0.01,1,698,卖盘
2637,10:49:45,6.99,--,141,98559,买盘
2638,10:49:42,6.99,0.01,117,81783,买盘
2639,10:49:39,6.98,-0.01,205,143090,卖盘
2640,10:49:33,6.99,--,59,41241,买盘
2641,10:49:27,6.99,--,70,48930,买盘
2642,10:49:24,6.99,-0.01,95,66405,卖盘
2643,10:49:21,7.0,--,85,59500,买盘
2644,10:49:18,7.0,--,14,9800,买盘
2645,10:49:15,7.0,0.01,23,16100,买盘
2646,10:49:12,6.99,0.01,37,25863,买盘
2647,10:49:09,6.98,-0.01,42,29316,卖盘
2648,10:49:06,6.99,--,365,255135,买盘
2649,10:49:00,6.99,--,73,51027,买盘
2650,10:48:57,6.99,--,528,369072,卖盘
2651,10:48:51,6.99,--,11,7689,卖盘
2652,10:48:48,6.99,--,29,20271,卖盘
2653,10:48:45,6.99,--,496,346983,买盘
2654,10:48:42,6.99,0.01,96,67104,买盘
2655,10:48:39,6.98,-0.01,330,230340,卖盘
2656,10:48:36,6.99,--,66,46134,买盘
2657,10:48:30,6.99,0.01,91,63609,买盘
2658,10:48:27,6.98,-0.01,25,17450,卖盘
2659,10:48:24,6.99,--,200,139800,买盘
2660,10:48:21,6.99,--,85,59415,买盘
2661,10:48:15,6.99,--,82,57318,买盘
2662,10:48:12,6.99,0.01,53,37047,买盘
2663,10:48:09,6.98,-0.01,35,24430,卖盘
2664,10:48:06,6.99,--,89,62211,买盘
2665,10:48:03,6.99,0.01,14,9786,买盘
2666,10:48:00,6.98,-0.01,15,10470,卖盘
2667,10:47:57,6.99,0.01,172,120228,买盘
2668,10:47:54,6.98,--,12,8376,卖盘
2669,10:47:51,6.98,-0.01,58,40484,卖盘
2670,10:47:48,6.99,--,88,61512,买盘
2671,10:47:42,6.99,--,46,32154,买盘
2672,10:47:39,6.99,--,201,140499,买盘
2673,10:47:36,6.99,--,113,78987,买盘
2674,10:47:33,6.99,0.01,21,14679,买盘
2675,10:47:27,6.98,--,76,53048,卖盘
2676,10:47:21,6.98,-0.01,124,86552,卖盘
2677,10:47:18,6.99,--,20,13980,买盘
2678,10:47:15,6.99,0.01,30,20970,买盘
2679,10:47:09,6.98,-0.01,11,7678,卖盘
2680,10:47:06,6.99,0.01,2,1398,买盘
2681,10:47:03,6.98,-0.01,14,9772,卖盘
2682,10:47:00,6.99,-0.01,718,502301,卖盘
2683,10:46:57,7.0,0.01,27,18900,买盘
2684,10:46:51,6.99,--,34,23766,卖盘
2685,10:46:48,6.99,--,24,16776,卖盘
2686,10:46:45,6.99,--,245,171255,卖盘
2687,10:46:42,6.99,--,24,16776,卖盘
2688,10:46:39,6.99,--,67,46833,卖盘
2689,10:46:36,6.99,--,123,85977,卖盘
2690,10:46:33,6.99,--,6,4194,卖盘
2691,10:46:30,6.99,--,5,3495,卖盘
2692,10:46:27,6.99,--,16,11463,买盘
2693,10:46:24,6.99,--,93,65426,卖盘
2694,10:46:21,6.99,-0.01,30,20970,卖盘
2695,10:46:18,7.0,--,202,141400,买盘
2696,10:46:15,7.0,0.01,71,49700,买盘
2697,10:46:12,6.99,--,93,65007,卖盘
2698,10:46:09,6.99,--,28,19572,卖盘
2699,10:46:06,6.99,--,15,10485,卖盘
2700,10:46:03,6.99,--,170,118830,卖盘
2701,10:46:00,6.99,--,47,32853,卖盘
2702,10:45:57,6.99,--,55,38445,卖盘
2703,10:45:54,6.99,-0.01,28,19572,卖盘
2704,10:45:51,7.0,0.01,29,20300,买盘
2705,10:45:48,6.99,--,30,20970,卖盘
2706,10:45:45,6.99,-0.01,102,71298,卖盘
2707,10:45:42,7.0,0.01,30,21000,买盘
2708,10:45:39,6.99,-0.01,114,79686,卖盘
2709,10:45:36,7.0,--,31,21700,买盘
2710,10:45:33,7.0,--,505,353500,买盘
2711,10:45:30,7.0,0.01,10,7000,买盘
2712,10:45:27,6.99,-0.01,205,143295,卖盘
2713,10:45:24,7.0,--,251,175700,买盘
2714,10:45:18,7.0,--,146,102200,买盘
2715,10:45:15,7.0,--,27,18900,买盘
2716,10:45:12,7.0,--,20,14000,买盘
2717,10:45:09,7.0,0.01,14,9800,买盘
2718,10:45:00,6.99,-0.01,27,18873,卖盘
2719,10:44:57,7.0,0.01,11,7700,买盘
2720,10:44:48,6.99,-0.01,1,978,卖盘
2721,10:44:45,7.0,0.01,282,197400,买盘
2722,10:44:42,6.99,-0.01,26,18174,卖盘
2723,10:44:39,7.0,--,50,35000,买盘
2724,10:44:36,7.0,--,17,11900,买盘
2725,10:44:33,7.0,--,31,21700,买盘
2726,10:44:30,7.0,0.01,2036,1425200,买盘
2727,10:44:27,6.99,-0.01,507,354393,卖盘
2728,10:44:24,7.0,--,83,58100,买盘
2729,10:44:21,7.0,--,37,25900,买盘
2730,10:44:18,7.0,--,1,700,买盘
2731,10:44:12,7.0,0.01,110,77000,买盘
2732,10:44:09,6.99,-0.01,10,6990,卖盘
2733,10:44:03,7.0,0.01,242,169400,买盘
2734,10:43:57,6.99,--,10,6990,卖盘
2735,10:43:54,6.99,-0.01,32,22368,卖盘
2736,10:43:51,7.0,--,12,8400,买盘
2737,10:43:48,7.0,0.01,200,140000,买盘
2738,10:43:42,6.99,-0.01,16,11184,卖盘
2739,10:43:39,7.0,--,9,6300,买盘
2740,10:43:36,7.0,--,20,14000,买盘
2741,10:43:30,7.0,--,42,29400,买盘
2742,10:43:27,7.0,0.01,209,146300,买盘
2743,10:43:24,6.99,-0.01,15,10485,卖盘
2744,10:43:21,7.0,--,127,88900,买盘
2745,10:43:18,7.0,--,189,132300,买盘
2746,10:43:15,7.0,0.01,45,31500,买盘
2747,10:43:12,6.99,--,10,6990,卖盘
2748,10:43:09,6.99,-0.01,6,4194,卖盘
2749,10:43:06,7.0,--,24,16800,买盘
2750,10:43:03,7.0,0.01,73,51100,买盘
2751,10:43:00,6.99,-0.01,2,1398,卖盘
2752,10:42:57,7.0,0.01,169,118300,买盘
2753,10:42:48,6.99,-0.01,106,74094,卖盘
2754,10:42:45,7.0,--,9,6300,买盘
2755,10:42:42,7.0,0.01,31,21700,买盘
2756,10:42:39,6.99,-0.01,64,44736,卖盘
2757,10:42:36,7.0,--,13,9100,买盘
2758,10:42:33,7.0,--,13,9100,买盘
2759,10:42:30,7.0,--,75,52500,买盘
2760,10:42:27,7.0,--,31,21700,买盘
2761,10:42:24,7.0,--,15,10500,买盘
2762,10:42:21,7.0,--,230,161000,买盘
2763,10:42:18,7.0,--,167,116900,买盘
2764,10:42:15,7.0,--,175,122500,买盘
2765,10:42:12,7.0,--,9,6300,买盘
2766,10:42:09,7.0,--,5,3500,买盘
2767,10:42:06,7.0,--,50,35000,买盘
2768,10:42:03,7.0,--,7,4900,买盘
2769,10:42:00,7.0,0.01,15,10500,买盘
2770,10:41:57,6.99,--,11,7689,卖盘
2771,10:41:54,6.99,-0.01,2,1398,卖盘
2772,10:41:51,7.0,--,45,31500,买盘
2773,10:41:48,7.0,--,10,7000,买盘
2774,10:41:42,7.0,0.01,219,153300,买盘
2775,10:41:39,6.99,--,275,192225,卖盘
2776,10:41:33,6.99,--,99,69201,卖盘
2777,10:41:30,6.99,-0.01,90,62910,卖盘
2778,10:41:27,7.0,--,33,23100,买盘
2779,10:41:24,7.0,--,31,21700,买盘
2780,10:41:21,7.0,--,9,6300,买盘
2781,10:41:18,7.0,0.01,9,6300,买盘
2782,10:41:15,6.99,-0.01,231,161469,卖盘
2783,10:41:09,7.0,--,150,105000,买盘
2784,10:41:06,7.0,--,9,6300,买盘
2785,10:41:03,7.0,0.01,3,2100,买盘
2786,10:40:54,6.99,-0.01,22,15378,卖盘
2787,10:40:51,7.0,--,300,210000,买盘
2788,10:40:48,7.0,0.01,137,95900,买盘
2789,10:40:45,6.99,--,155,108345,卖盘
2790,10:40:42,6.99,--,121,84579,卖盘
2791,10:40:39,6.99,-0.01,64,44736,卖盘
2792,10:40:36,7.0,0.01,54,37800,买盘
2793,10:40:33,6.99,-0.01,19,13281,卖盘
2794,10:40:27,7.0,--,42,29400,买盘
2795,10:40:24,7.0,--,151,105700,买盘
2796,10:40:21,7.0,--,160,112000,买盘
2797,10:40:18,7.0,0.01,100,70000,买盘
2798,10:40:15,6.99,-0.01,51,35649,卖盘
2799,10:40:12,7.0,--,9,6300,买盘
2800,10:40:06,7.0,0.01,43,30100,买盘
2801,10:40:03,6.99,-0.01,75,52425,卖盘
2802,10:40:00,7.0,--,10,7000,买盘
2803,10:39:57,7.0,0.01,1,700,买盘
2804,10:39:54,6.99,--,6,4194,卖盘
2805,10:39:51,6.99,-0.01,60,41940,卖盘
2806,10:39:48,7.0,0.01,9,6300,买盘
2807,10:39:45,6.99,-0.01,105,73395,卖盘
2808,10:39:42,7.0,0.01,25,17500,买盘
2809,10:39:39,6.99,-0.01,35,24465,卖盘
2810,10:39:36,7.0,0.01,310,217000,买盘
2811,10:39:27,6.99,-0.01,93,65007,卖盘
2812,10:39:24,7.0,--,135,94500,买盘
2813,10:39:21,7.0,0.01,82,57400,买盘
2814,10:39:15,6.99,-0.01,30,20970,卖盘
2815,10:39:12,7.0,--,31,21700,买盘
2816,10:39:09,7.0,0.01,50,35000,买盘
2817,10:39:06,6.99,-0.01,144,100656,卖盘
2818,10:39:03,7.0,--,61,42700,买盘
2819,10:38:57,7.0,0.01,281,196700,买盘
2820,10:38:54,6.99,--,10,6990,卖盘
2821,10:38:51,6.99,-0.01,20,13980,卖盘
2822,10:38:48,7.0,0.01,5,3500,买盘
2823,10:38:45,6.99,-0.01,260,181740,卖盘
2824,10:38:42,7.0,0.01,30,21000,买盘
2825,10:38:39,6.99,--,37,25863,卖盘
2826,10:38:36,6.99,--,8,5592,卖盘
2827,10:38:33,6.99,-0.01,84,58716,卖盘
2828,10:38:30,7.0,0.01,62,43400,买盘
2829,10:38:27,6.99,--,70,48930,卖盘
2830,10:38:24,6.99,-0.01,72,50328,卖盘
2831,10:38:21,7.0,0.01,51,35700,买盘
2832,10:38:15,6.99,-0.01,123,85977,卖盘
2833,10:38:12,7.0,--,31,21700,买盘
2834,10:38:09,7.0,0.01,65,45500,买盘
2835,10:38:06,6.99,0.01,119,83181,买盘
2836,10:38:03,6.98,-0.01,9,6282,卖盘
2837,10:37:57,6.99,--,95,66405,买盘
2838,10:37:54,6.99,--,69,48231,买盘
2839,10:37:51,6.99,-0.01,130,90870,卖盘
2840,10:37:48,7.0,0.02,9,6300,买盘
2841,10:37:45,6.98,--,2,1396,卖盘
2842,10:37:42,6.98,-0.01,70,48860,卖盘
2843,10:37:39,6.99,-0.01,57,39843,卖盘
2844,10:37:36,7.0,0.01,10,7000,买盘
2845,10:37:33,6.99,0.01,106,74094,中性盘
2846,10:37:27,6.98,--,50,34900,卖盘
2847,10:37:24,6.98,-0.02,58,40484,卖盘
2848,10:37:18,7.0,0.01,81,56700,买盘
2849,10:37:15,6.99,--,20,13980,买盘
2850,10:37:09,6.99,--,68,47532,买盘
2851,10:37:03,6.99,--,170,118830,卖盘
2852,10:37:00,6.99,--,840,587160,买盘
2853,10:36:57,6.99,0.01,100,69900,买盘
2854,10:36:54,6.98,-0.01,110,76780,卖盘
2855,10:36:51,6.99,0.01,519,362781,买盘
2856,10:36:48,6.98,--,1,698,卖盘
2857,10:36:45,6.98,--,90,62820,卖盘
2858,10:36:42,6.98,-0.01,37,25826,卖盘
2859,10:36:39,6.99,--,119,83181,买盘
2860,10:36:36,6.99,0.01,93,65007,买盘
2861,10:36:30,6.98,--,19,13262,卖盘
2862,10:36:27,6.98,--,196,136808,卖盘
2863,10:36:24,6.98,-0.01,5,3490,卖盘
2864,10:36:18,6.99,--,14,9786,买盘
2865,10:36:15,6.99,--,31,21669,买盘
2866,10:36:12,6.99,--,117,81783,买盘
2867,10:36:09,6.99,--,100,69900,买盘
2868,10:36:06,6.99,0.01,40,27960,买盘
2869,10:36:03,6.98,-0.01,1006,702188,卖盘
2870,10:36:00,6.99,--,489,341811,买盘
2871,10:35:57,6.99,--,12,8388,买盘
2872,10:35:54,6.99,0.01,200,139800,买盘
2873,10:35:48,6.98,-0.01,15,10470,卖盘
2874,10:35:45,6.99,0.01,9,6291,买盘
2875,10:35:42,6.98,--,57,39786,卖盘
2876,10:35:39,6.98,-0.01,127,88646,卖盘
2877,10:35:36,6.99,--,10,6990,买盘
2878,10:35:33,6.99,0.01,38,26562,买盘
2879,10:35:30,6.98,-0.01,53,36994,卖盘
