,time,price,change,volume,amount,type
0,15:00:03,10.48,0.02,2790,2923920,买盘
1,14:57:00,10.46,-0.01,154,161084,卖盘
2,14:56:57,10.47,0.01,94,98418,买盘
3,14:56:54,10.46,-0.01,3,3138,卖盘
4,14:56:48,10.47,--,91,95277,买盘
5,14:56:42,10.47,0.01,24,25128,买盘
6,14:56:39,10.46,0.01,455,475930,买盘
7,14:56:36,10.45,-0.01,284,296780,卖盘
8,14:56:33,10.46,--,10,10460,买盘
9,14:56:30,10.46,--,55,57530,买盘
10,14:56:27,10.46,-0.01,274,286604,卖盘
11,14:56:24,10.47,0.01,67,70149,买盘
12,14:56:21,10.46,--,47,49162,卖盘
13,14:56:18,10.46,-0.01,26,27196,卖盘
14,14:56:15,10.47,0.01,260,272220,买盘
15,14:56:12,10.46,--,85,88910,卖盘
16,14:56:09,10.46,--,77,80542,卖盘
17,14:56:06,10.46,--,174,182004,卖盘
18,14:56:03,10.46,--,55,57530,卖盘
19,14:56:00,10.46,--,3,3138,卖盘
20,14:55:57,10.46,0.01,362,378652,买盘
21,14:55:54,10.45,-0.01,133,138985,卖盘
22,14:55:51,10.46,--,150,156900,买盘
23,14:55:45,10.46,0.01,14,14644,买盘
24,14:55:42,10.45,--,266,277970,卖盘
25,14:55:39,10.45,-0.01,142,148390,卖盘
26,14:55:36,10.46,--,50,52300,买盘
27,14:55:33,10.46,0.01,18,18828,买盘
28,14:55:30,10.45,--,6,6270,卖盘
29,14:55:27,10.45,--,22,22990,卖盘
30,14:55:24,10.45,--,4,4180,卖盘
31,14:55:18,10.45,--,48,50160,卖盘
32,14:55:15,10.45,-0.01,36,37620,卖盘
33,14:55:12,10.46,0.01,37,38702,买盘
34,14:55:09,10.45,--,27,28214,卖盘
35,14:55:06,10.45,-0.01,65,67925,卖盘
36,14:55:03,10.46,0.01,85,88910,买盘
37,14:55:00,10.45,-0.01,49,51205,卖盘
38,14:54:57,10.46,--,22,23012,买盘
39,14:54:54,10.46,0.01,156,163176,买盘
40,14:54:51,10.45,-0.01,11,11495,卖盘
41,14:54:48,10.46,0.01,12,12552,买盘
42,14:54:45,10.45,--,3,3135,卖盘
43,14:54:42,10.45,-0.01,8,8360,卖盘
44,14:54:39,10.46,0.01,85,88910,买盘
45,14:54:36,10.45,--,5,5225,卖盘
46,14:54:33,10.45,--,55,57474,卖盘
47,14:54:30,10.45,--,1,1045,卖盘
48,14:54:27,10.45,--,6,6270,卖盘
49,14:54:24,10.45,-0.01,13,13584,卖盘
50,14:54:21,10.46,0.01,478,499988,买盘
51,14:54:18,10.45,--,10,10450,卖盘
52,14:54:15,10.45,--,47,49115,卖盘
53,14:54:12,10.45,--,62,64789,卖盘
54,14:54:09,10.45,--,14,14629,卖盘
55,14:54:06,10.45,--,523,546535,卖盘
56,14:54:03,10.45,--,4,4180,卖盘
57,14:54:00,10.45,-0.01,38,39710,卖盘
58,14:53:57,10.46,--,24,25104,买盘
59,14:53:54,10.46,0.01,65,67990,买盘
60,14:53:51,10.45,-0.01,92,96140,卖盘
61,14:53:48,10.46,--,21,21966,买盘
62,14:53:45,10.46,--,1,1046,买盘
63,14:53:42,10.46,0.01,2,2092,买盘
64,14:53:33,10.45,--,10,10450,卖盘
65,14:53:30,10.45,--,14,14629,卖盘
66,14:53:27,10.45,-0.01,8,8360,卖盘
67,14:53:24,10.46,0.01,11,11506,买盘
68,14:53:21,10.45,-0.01,73,76285,卖盘
69,14:53:18,10.46,--,18,18828,买盘
70,14:53:15,10.46,0.01,132,138072,卖盘
71,14:53:12,10.45,--,22,22990,卖盘
72,14:53:09,10.45,--,3,3135,卖盘
73,14:53:06,10.45,--,6,6270,卖盘
74,14:53:03,10.45,--,500,522499,卖盘
75,14:53:00,10.45,-0.01,25,26125,卖盘
76,14:52:57,10.46,--,23,24058,卖盘
77,14:52:54,10.46,-0.01,10,10460,卖盘
78,14:52:51,10.47,0.02,85,88995,买盘
79,14:52:48,10.45,-0.01,1,1045,卖盘
80,14:52:39,10.46,--,24,25104,卖盘
81,14:52:30,10.46,--,7,7322,卖盘
82,14:52:27,10.46,--,38,39748,卖盘
83,14:52:24,10.46,0.01,5,5230,卖盘
84,14:52:21,10.45,-0.01,259,270655,卖盘
85,14:52:18,10.46,--,2,2092,买盘
86,14:52:15,10.46,0.01,67,70082,买盘
87,14:52:12,10.45,-0.01,4,4180,卖盘
88,14:52:09,10.46,--,206,215476,买盘
89,14:52:03,10.46,--,185,193510,买盘
90,14:52:00,10.46,0.01,20,20920,买盘
91,14:51:54,10.45,-0.01,4,4180,卖盘
92,14:51:51,10.46,--,114,119244,卖盘
93,14:51:48,10.46,--,206,215476,卖盘
94,14:51:45,10.46,-0.01,2,2092,卖盘
95,14:51:42,10.47,0.01,54,56538,买盘
96,14:51:36,10.46,-0.01,44,46024,卖盘
97,14:51:30,10.47,0.01,65,68055,买盘
98,14:51:27,10.46,-0.01,142,148532,卖盘
99,14:51:21,10.47,--,5,5235,买盘
100,14:51:18,10.47,-0.01,59,61773,卖盘
101,14:51:15,10.48,0.01,60,62880,买盘
102,14:51:12,10.47,--,130,136110,卖盘
103,14:51:09,10.47,--,170,177990,卖盘
104,14:51:06,10.47,--,14,14658,卖盘
105,14:51:03,10.47,-0.01,118,123546,卖盘
106,14:51:00,10.48,--,4,4192,买盘
107,14:50:57,10.48,0.01,9,9432,买盘
108,14:50:54,10.47,-0.01,30,31410,卖盘
109,14:50:51,10.48,0.01,125,131000,买盘
110,14:50:48,10.47,-0.01,4,4188,卖盘
111,14:50:45,10.48,0.01,76,79648,买盘
112,14:50:42,10.47,--,11,11517,卖盘
113,14:50:39,10.47,--,21,21987,卖盘
114,14:50:33,10.47,--,50,52350,卖盘
115,14:50:30,10.47,--,30,31410,卖盘
116,14:50:24,10.47,0.01,71,74337,买盘
117,14:50:21,10.46,--,62,64852,卖盘
118,14:50:18,10.46,--,342,357732,卖盘
119,14:50:15,10.46,-0.01,529,553334,卖盘
120,14:50:12,10.47,0.01,2,2094,买盘
121,14:50:09,10.46,--,14,14644,卖盘
122,14:50:03,10.46,--,14,14644,卖盘
123,14:50:00,10.46,--,38,39748,卖盘
124,14:49:57,10.46,--,2,2092,卖盘
125,14:49:54,10.46,--,33,34518,卖盘
126,14:49:48,10.46,-0.01,18,18828,卖盘
127,14:49:45,10.47,0.01,10,10470,买盘
128,14:49:42,10.46,--,42,43932,卖盘
129,14:49:39,10.46,--,42,43932,卖盘
130,14:49:36,10.46,--,36,37656,卖盘
131,14:49:33,10.46,-0.01,392,410032,卖盘
132,14:49:30,10.47,0.01,20,20940,买盘
133,14:49:27,10.46,--,108,112968,卖盘
134,14:49:21,10.46,--,21,21966,卖盘
135,14:49:18,10.46,-0.01,20,20920,卖盘
136,14:49:15,10.47,0.01,8,8376,买盘
137,14:49:09,10.46,--,33,34518,卖盘
138,14:49:06,10.46,--,5,5230,卖盘
139,14:49:03,10.46,0.01,449,469654,买盘
140,14:49:00,10.45,-0.01,104,108679,卖盘
141,14:48:57,10.46,0.01,203,212338,买盘
142,14:48:54,10.45,-0.01,42,43890,卖盘
143,14:48:48,10.46,--,224,234304,买盘
144,14:48:45,10.46,--,1,1046,买盘
145,14:48:42,10.46,--,26,27196,买盘
146,14:48:39,10.46,-0.02,1544,1615024,卖盘
147,14:48:36,10.48,0.01,22,23056,买盘
148,14:48:33,10.47,-0.01,13,13611,卖盘
149,14:48:30,10.48,--,23,24104,买盘
150,14:48:27,10.48,0.01,27,28296,买盘
151,14:48:24,10.47,--,12,12564,卖盘
152,14:48:21,10.47,-0.01,89,93183,卖盘
153,14:48:18,10.48,--,6,6288,买盘
154,14:48:15,10.48,--,59,61832,买盘
155,14:48:12,10.48,0.01,221,231608,买盘
156,14:48:09,10.47,-0.01,41,42927,卖盘
157,14:48:06,10.48,--,144,150912,买盘
158,14:48:03,10.48,--,150,157200,买盘
159,14:48:00,10.48,--,5,5240,买盘
160,14:47:57,10.48,0.01,42,44016,买盘
161,14:47:54,10.47,-0.01,2,2094,卖盘
162,14:47:51,10.48,--,188,197024,买盘
163,14:47:45,10.48,--,6,6288,买盘
164,14:47:42,10.48,--,50,52400,买盘
165,14:47:39,10.48,--,108,113184,买盘
166,14:47:36,10.48,--,389,407672,卖盘
167,14:47:33,10.48,--,10,10480,卖盘
168,14:47:27,10.48,-0.01,13,13624,卖盘
169,14:47:24,10.49,0.01,61,63989,买盘
170,14:47:21,10.48,-0.01,129,135192,卖盘
171,14:47:18,10.49,0.01,427,447923,买盘
172,14:47:15,10.48,--,100,104800,卖盘
173,14:47:09,10.48,-0.01,10,10480,卖盘
174,14:47:06,10.49,0.01,3,3147,买盘
175,14:47:03,10.48,--,36,37728,卖盘
176,14:47:00,10.48,--,22,23056,卖盘
177,14:46:57,10.48,0.01,51,53448,买盘
178,14:46:54,10.47,-0.01,12,12564,卖盘
179,14:46:51,10.48,--,231,242088,买盘
180,14:46:48,10.48,-0.01,430,450640,卖盘
181,14:46:45,10.49,0.01,16,16784,买盘
182,14:46:42,10.48,--,29,30392,卖盘
183,14:46:39,10.48,-0.01,6,6288,卖盘
184,14:46:36,10.49,--,151,158399,买盘
185,14:46:33,10.49,--,15,15735,买盘
186,14:46:30,10.49,--,150,157350,买盘
187,14:46:27,10.49,0.01,205,215045,买盘
188,14:46:24,10.48,-0.01,58,60784,卖盘
189,14:46:21,10.49,--,18,18882,买盘
190,14:46:18,10.49,0.01,674,707026,买盘
191,14:46:15,10.48,0.01,383,401384,买盘
192,14:46:12,10.47,--,1,1047,卖盘
193,14:46:09,10.47,-0.01,8,8376,卖盘
194,14:46:06,10.48,0.01,1,1048,买盘
195,14:46:03,10.47,--,1,1047,卖盘
196,14:45:57,10.47,-0.01,27,28269,卖盘
197,14:45:54,10.48,--,475,497800,卖盘
198,14:45:51,10.48,--,115,120520,卖盘
199,14:45:48,10.48,--,51,53448,买盘
200,14:45:45,10.48,--,659,690632,买盘
201,14:45:42,10.48,--,31,32488,中性盘
202,14:45:39,10.48,0.01,1,1048,中性盘
203,14:45:36,10.47,-0.02,32,33504,卖盘
204,14:45:33,10.49,--,33,34617,买盘
205,14:45:30,10.49,0.02,991,1039559,买盘
206,14:45:27,10.47,-0.01,5,5235,卖盘
207,14:45:24,10.48,--,114,119472,买盘
208,14:45:21,10.48,0.01,5,5240,买盘
209,14:45:18,10.47,--,50,52350,卖盘
210,14:45:15,10.47,-0.01,40,41880,卖盘
211,14:45:12,10.48,--,49,51352,买盘
212,14:45:09,10.48,--,66,69168,买盘
213,14:45:06,10.48,0.01,12,12576,买盘
214,14:45:03,10.47,-0.01,107,112029,卖盘
215,14:45:00,10.48,--,8,8384,买盘
216,14:44:54,10.48,0.01,7,7336,买盘
217,14:44:51,10.47,-0.01,7,7329,卖盘
218,14:44:48,10.48,--,389,407672,买盘
219,14:44:45,10.48,0.02,41,42968,买盘
220,14:44:42,10.46,-0.02,11,11506,卖盘
221,14:44:39,10.48,0.01,105,110040,买盘
222,14:44:36,10.47,--,10,10470,买盘
223,14:44:30,10.47,--,38,39786,买盘
224,14:44:27,10.47,--,73,76431,买盘
225,14:44:21,10.47,-0.01,13,13611,卖盘
226,14:44:18,10.48,--,2,2096,买盘
227,14:44:15,10.48,0.01,17,17816,买盘
228,14:44:12,10.47,-0.01,31,32457,卖盘
229,14:44:09,10.48,0.02,320,335360,买盘
230,14:44:06,10.46,-0.01,1,1046,卖盘
231,14:44:03,10.47,--,6,6282,买盘
232,14:44:00,10.47,0.01,150,157050,买盘
233,14:43:57,10.46,--,10,10460,卖盘
234,14:43:54,10.46,--,20,20920,卖盘
235,14:43:51,10.46,-0.01,35,36610,卖盘
236,14:43:48,10.47,--,215,225105,买盘
237,14:43:45,10.47,--,257,269079,买盘
238,14:43:42,10.47,--,2,2094,买盘
239,14:43:36,10.47,--,6,6282,买盘
240,14:43:30,10.47,0.01,5,5235,买盘
241,14:43:27,10.46,-0.01,46,48116,卖盘
242,14:43:24,10.47,0.01,28,29316,买盘
243,14:43:21,10.46,--,5,5230,卖盘
244,14:43:18,10.46,--,6,6276,卖盘
245,14:43:15,10.46,-0.01,5,5230,卖盘
246,14:43:12,10.47,0.01,108,113076,买盘
247,14:43:09,10.46,--,14,14644,卖盘
248,14:43:06,10.46,--,58,60668,卖盘
249,14:43:03,10.46,-0.01,5,5230,卖盘
250,14:43:00,10.47,--,1,1047,买盘
251,14:42:57,10.47,0.01,28,29316,买盘
252,14:42:54,10.46,--,42,43932,卖盘
253,14:42:51,10.46,--,45,47070,卖盘
254,14:42:48,10.46,--,48,50208,卖盘
255,14:42:45,10.46,-0.01,111,116106,卖盘
256,14:42:42,10.47,0.01,1,1047,买盘
257,14:42:39,10.46,--,40,41840,卖盘
258,14:42:33,10.46,--,24,25104,卖盘
259,14:42:30,10.46,--,5,5230,卖盘
260,14:42:27,10.46,--,13,13598,卖盘
261,14:42:24,10.46,--,49,51254,卖盘
262,14:42:21,10.46,--,32,33472,卖盘
263,14:42:15,10.46,--,10,10460,卖盘
264,14:42:12,10.46,--,26,27196,卖盘
265,14:42:06,10.46,--,15,15690,卖盘
266,14:42:03,10.46,--,11,11506,卖盘
267,14:42:00,10.46,--,31,32426,卖盘
268,14:41:57,10.46,-0.01,210,219660,卖盘
269,14:41:54,10.47,0.01,37,38739,买盘
270,14:41:51,10.46,--,5,5230,卖盘
271,14:41:48,10.46,--,40,41840,卖盘
272,14:41:45,10.46,-0.01,10,10460,卖盘
273,14:41:42,10.47,0.01,87,91089,买盘
274,14:41:39,10.46,--,12,12552,卖盘
275,14:41:36,10.46,--,17,17782,卖盘
276,14:41:33,10.46,-0.01,12,12552,卖盘
277,14:41:24,10.47,0.01,100,104700,买盘
278,14:41:21,10.46,--,6,6276,卖盘
279,14:41:18,10.46,-0.01,30,31380,卖盘
280,14:41:15,10.47,--,1,1047,买盘
281,14:41:12,10.47,0.01,5,5235,买盘
282,14:41:09,10.46,--,3,3138,卖盘
283,14:41:06,10.46,-0.01,10,10460,卖盘
284,14:41:03,10.47,--,1,1047,买盘
285,14:41:00,10.47,--,31,32457,买盘
286,14:40:57,10.47,0.01,8,8376,买盘
287,14:40:54,10.46,-0.01,19,19874,卖盘
288,14:40:48,10.47,0.01,10,10470,买盘
289,14:40:42,10.46,-0.01,86,89956,卖盘
290,14:40:39,10.47,--,106,110982,卖盘
291,14:40:36,10.47,--,63,65961,卖盘
292,14:40:33,10.47,-0.01,402,420894,卖盘
293,14:40:30,10.48,0.01,1,1048,买盘
294,14:40:27,10.47,-0.01,40,41880,卖盘
295,14:40:18,10.48,--,5,5240,买盘
296,14:40:12,10.48,--,9,9432,买盘
297,14:40:06,10.48,0.01,57,59736,买盘
298,14:40:03,10.47,-0.01,51,53397,卖盘
299,14:40:00,10.48,--,22,23056,买盘
300,14:39:57,10.48,--,1,1048,买盘
301,14:39:51,10.48,--,20,20960,买盘
302,14:39:48,10.48,0.01,369,386712,买盘
303,14:39:45,10.47,--,41,42927,卖盘
304,14:39:42,10.47,-0.01,38,39786,卖盘
305,14:39:39,10.48,--,103,107944,买盘
306,14:39:36,10.48,--,20,20960,买盘
307,14:39:33,10.48,--,89,93272,买盘
308,14:39:30,10.48,-0.01,25,26200,卖盘
309,14:39:27,10.49,0.01,600,629400,买盘
310,14:39:24,10.48,--,75,78600,卖盘
311,14:39:21,10.48,--,20,20960,卖盘
312,14:39:18,10.48,--,19,19912,卖盘
313,14:39:12,10.48,--,10,10480,中性盘
314,14:39:09,10.48,--,979,1025992,买盘
315,14:39:06,10.48,--,8,8384,买盘
316,14:39:00,10.48,--,18,18864,买盘
317,14:38:57,10.48,--,16,16768,买盘
318,14:38:54,10.48,--,8,8384,买盘
319,14:38:48,10.48,0.01,44,46112,买盘
320,14:38:45,10.47,-0.01,79,82713,卖盘
321,14:38:42,10.48,0.01,434,454832,买盘
322,14:38:39,10.47,-0.01,15,15705,中性盘
323,14:38:36,10.48,0.01,205,214840,买盘
324,14:38:33,10.47,0.01,14,14658,中性盘
325,14:38:30,10.46,--,709,741614,卖盘
326,14:38:27,10.46,--,37,38702,卖盘
327,14:38:24,10.46,--,118,123428,卖盘
328,14:38:21,10.46,--,12,12552,卖盘
329,14:38:18,10.46,-0.01,53,55438,卖盘
330,14:38:15,10.47,0.01,34,35598,买盘
331,14:38:12,10.46,-0.01,60,62760,卖盘
332,14:38:09,10.47,--,61,63867,买盘
333,14:38:00,10.47,--,360,376920,买盘
334,14:37:57,10.47,--,4,4188,买盘
335,14:37:54,10.47,--,6,6282,买盘
336,14:37:51,10.47,--,1,1047,买盘
337,14:37:48,10.47,--,26,27222,买盘
338,14:37:45,10.47,0.01,235,246045,买盘
339,14:37:42,10.46,--,5,5230,卖盘
340,14:37:39,10.46,-0.01,1,1046,卖盘
341,14:37:36,10.47,0.01,81,84807,买盘
342,14:37:33,10.46,-0.01,8,8368,卖盘
343,14:37:30,10.47,0.01,15,15705,买盘
344,14:37:27,10.46,-0.02,200,209200,卖盘
345,14:37:24,10.48,0.01,24,25152,买盘
346,14:37:21,10.47,--,1,1047,卖盘
347,14:37:18,10.47,--,67,70149,买盘
348,14:37:15,10.47,--,8,8376,卖盘
349,14:37:12,10.47,--,14,14658,卖盘
350,14:37:06,10.47,--,51,53397,卖盘
351,14:37:03,10.47,--,14,14658,卖盘
352,14:37:00,10.47,-0.01,15,15705,卖盘
353,14:36:57,10.48,0.01,77,80696,买盘
354,14:36:54,10.47,0.01,22,23034,买盘
355,14:36:51,10.46,-0.01,50,52300,卖盘
356,14:36:48,10.47,--,31,32457,买盘
357,14:36:45,10.47,--,45,47115,买盘
358,14:36:42,10.47,--,3,3141,买盘
359,14:36:39,10.47,--,52,54444,卖盘
360,14:36:36,10.47,--,52,54444,卖盘
361,14:36:33,10.47,-0.01,52,54444,卖盘
362,14:36:30,10.48,0.01,11,11528,买盘
363,14:36:27,10.47,--,40,41880,卖盘
364,14:36:24,10.47,-0.01,36,37692,卖盘
365,14:36:21,10.48,--,34,35632,买盘
366,14:36:18,10.48,--,38,39824,买盘
367,14:36:15,10.48,--,32,33536,买盘
368,14:36:12,10.48,--,35,36680,卖盘
369,14:36:09,10.48,-0.01,45,47160,卖盘
370,14:36:06,10.49,--,119,124831,买盘
371,14:36:03,10.49,0.01,418,438482,买盘
372,14:36:00,10.48,-0.01,83,86984,卖盘
373,14:35:57,10.49,0.01,46,48254,买盘
374,14:35:54,10.48,0.01,107,112136,中性盘
375,14:35:51,10.47,-0.01,20,20940,卖盘
376,14:35:48,10.48,--,55,57640,买盘
377,14:35:45,10.48,0.01,7,7336,买盘
378,14:35:42,10.47,--,69,72243,买盘
379,14:35:39,10.47,0.01,1,1047,买盘
380,14:35:36,10.46,-0.03,160,167360,卖盘
381,14:35:33,10.49,0.03,2690,2821810,买盘
382,14:35:30,10.46,--,155,162130,卖盘
383,14:35:27,10.46,--,162,169452,卖盘
384,14:35:24,10.46,--,26,27196,卖盘
385,14:35:21,10.46,--,40,41840,卖盘
386,14:35:18,10.46,--,29,30334,卖盘
387,14:35:15,10.46,-0.01,16,16736,卖盘
388,14:35:12,10.47,0.01,73,76431,买盘
389,14:35:09,10.46,--,46,48116,卖盘
390,14:35:06,10.46,--,373,390158,卖盘
391,14:35:03,10.46,--,25,26150,卖盘
392,14:35:00,10.46,--,198,207108,买盘
393,14:34:57,10.46,0.01,148,154808,买盘
394,14:34:54,10.45,--,91,95095,卖盘
395,14:34:51,10.45,--,315,329175,卖盘
396,14:34:48,10.45,--,11,11495,卖盘
397,14:34:45,10.45,--,80,83600,卖盘
398,14:34:42,10.45,-0.01,45,47025,卖盘
399,14:34:36,10.46,0.01,1,1046,买盘
400,14:34:33,10.45,--,65,67925,卖盘
401,14:34:30,10.45,-0.01,115,120174,卖盘
402,14:34:27,10.46,0.01,84,87864,买盘
403,14:34:24,10.45,--,10,10450,卖盘
404,14:34:21,10.45,-0.01,5,5225,卖盘
405,14:34:18,10.46,--,20,20920,买盘
406,14:34:15,10.46,--,505,528230,买盘
407,14:34:12,10.46,--,76,79496,买盘
408,14:34:09,10.46,--,101,105646,卖盘
409,14:34:06,10.46,--,103,107738,买盘
410,14:34:03,10.46,--,70,73220,买盘
411,14:34:00,10.46,-0.01,551,576346,卖盘
412,14:33:57,10.47,--,8,8376,买盘
413,14:33:54,10.47,--,21,21987,买盘
414,14:33:51,10.47,--,1,1047,买盘
415,14:33:48,10.47,0.01,32,33504,买盘
416,14:33:45,10.46,--,1,1046,卖盘
417,14:33:42,10.46,--,262,274052,买盘
418,14:33:39,10.46,0.01,33,34518,买盘
419,14:33:33,10.45,--,50,52250,卖盘
420,14:33:30,10.45,--,121,126821,买盘
421,14:33:27,10.45,--,53,55384,买盘
422,14:33:24,10.45,--,1537,1606165,买盘
423,14:33:21,10.45,0.01,22,22990,买盘
424,14:33:18,10.44,-0.01,175,182700,卖盘
425,14:33:15,10.45,--,52,54339,买盘
426,14:33:12,10.45,0.01,30,31349,买盘
427,14:33:09,10.44,--,302,315288,卖盘
428,14:33:06,10.44,--,73,76212,卖盘
429,14:33:03,10.44,0.03,1226,1280862,买盘
430,14:33:00,10.41,-0.01,2558,2662878,卖盘
431,14:32:57,10.42,--,60,62520,买盘
432,14:32:54,10.42,0.01,54,56268,买盘
433,14:32:51,10.41,--,21,21861,卖盘
434,14:32:45,10.41,--,12,12492,卖盘
435,14:32:42,10.41,--,35,36684,买盘
436,14:32:39,10.41,-0.01,168,175679,卖盘
437,14:32:36,10.42,0.01,1,1042,买盘
438,14:32:33,10.41,-0.01,7,7287,卖盘
439,14:32:30,10.42,0.01,147,153174,买盘
440,14:32:27,10.41,--,21,21861,卖盘
441,14:32:12,10.41,-0.01,30,31230,卖盘
442,14:32:09,10.42,0.01,44,45848,买盘
443,14:32:06,10.41,--,10,10410,卖盘
444,14:32:03,10.41,--,1,1041,卖盘
445,14:32:00,10.41,--,5,5205,卖盘
446,14:31:57,10.41,--,50,52050,卖盘
447,14:31:54,10.41,--,54,56214,卖盘
448,14:31:51,10.41,-0.01,4,4164,卖盘
449,14:31:48,10.42,0.01,54,56268,买盘
450,14:31:42,10.41,--,37,38517,卖盘
451,14:31:39,10.41,--,50,52050,卖盘
452,14:31:21,10.41,-0.01,60,62460,卖盘
453,14:31:18,10.42,0.01,30,31260,买盘
454,14:31:15,10.41,--,3,3123,卖盘
455,14:31:12,10.41,--,100,104100,卖盘
456,14:31:06,10.41,-0.01,20,20820,卖盘
457,14:31:00,10.42,--,111,115662,买盘
458,14:30:57,10.42,0.01,6,6252,买盘
459,14:30:51,10.41,-0.01,42,43722,卖盘
460,14:30:48,10.42,--,85,88570,买盘
461,14:30:45,10.42,--,8,8336,买盘
462,14:30:42,10.42,0.01,50,52100,买盘
463,14:30:39,10.41,-0.01,0,249,卖盘
464,14:30:36,10.42,0.01,2,2084,买盘
465,14:30:33,10.41,-0.01,8,8328,中性盘
466,14:30:27,10.42,--,364,379288,买盘
467,14:30:24,10.42,0.03,260,270920,买盘
468,14:30:12,10.39,-0.03,0,644,卖盘
469,14:30:06,10.42,0.03,1847,1924574,买盘
470,14:30:03,10.39,-0.02,213,221307,卖盘
471,14:29:57,10.41,0.02,2201,2291241,买盘
472,14:29:42,10.39,-0.01,11,11429,中性盘
473,14:29:33,10.4,0.01,37,38480,买盘
474,14:29:30,10.39,--,19,19741,买盘
475,14:29:24,10.39,--,137,142343,买盘
476,14:29:21,10.39,0.01,32,33248,买盘
477,14:29:18,10.38,--,9,9342,卖盘
478,14:29:06,10.38,--,1,1038,卖盘
479,14:29:00,10.38,--,1,1038,卖盘
480,14:28:57,10.38,-0.01,1,1038,卖盘
481,14:28:54,10.39,--,1,1039,买盘
482,14:28:48,10.39,0.01,61,63379,买盘
483,14:28:45,10.38,--,5,5190,卖盘
484,14:28:42,10.38,--,20,20760,卖盘
485,14:28:39,10.38,-0.01,64,66432,卖盘
486,14:28:36,10.39,--,30,31170,买盘
487,14:28:27,10.39,0.01,19,19741,买盘
488,14:28:24,10.38,-0.01,1,1038,卖盘
489,14:28:18,10.39,--,20,20780,买盘
490,14:28:15,10.39,--,30,31170,买盘
491,14:28:00,10.39,--,4,4156,买盘
492,14:27:57,10.39,--,2,2078,买盘
493,14:27:54,10.39,-0.01,123,128752,卖盘
494,14:27:48,10.4,0.01,2,2080,买盘
495,14:27:45,10.39,-0.01,6,6234,卖盘
496,14:27:42,10.4,0.01,58,60320,买盘
497,14:27:39,10.39,-0.01,5,5195,卖盘
498,14:27:36,10.4,0.01,322,334880,买盘
499,14:27:30,10.39,--,13,13507,卖盘
500,14:27:27,10.39,--,5,5195,卖盘
501,14:27:24,10.39,--,190,197410,卖盘
502,14:27:12,10.39,--,22,22858,卖盘
503,14:27:09,10.39,-0.01,10,10390,卖盘
504,14:26:57,10.4,--,58,60320,买盘
505,14:26:54,10.4,--,34,35360,买盘
506,14:26:48,10.4,--,78,81120,买盘
507,14:26:42,10.4,0.01,32,33280,买盘
508,14:26:39,10.39,-0.01,3,3117,卖盘
509,14:26:36,10.4,--,20,20800,买盘
510,14:26:33,10.4,0.01,4,4160,买盘
511,14:26:30,10.39,--,1,1039,卖盘
512,14:26:27,10.39,--,27,28136,卖盘
513,14:26:24,10.39,--,200,207800,卖盘
514,14:26:12,10.39,-0.01,30,31170,卖盘
515,14:26:09,10.4,0.01,14,14560,买盘
516,14:26:03,10.39,-0.01,1,1039,卖盘
517,14:26:00,10.4,0.01,4,4160,买盘
518,14:25:57,10.39,-0.01,2,2078,卖盘
519,14:25:54,10.4,--,33,34320,买盘
520,14:25:51,10.4,--,61,63440,买盘
521,14:25:45,10.4,--,20,20800,买盘
522,14:25:39,10.4,0.01,31,32240,中性盘
523,14:25:36,10.39,-0.01,80,83120,卖盘
524,14:25:33,10.4,0.01,10,10400,买盘
525,14:25:30,10.39,-0.01,80,83120,卖盘
526,14:25:27,10.4,--,3,3120,买盘
527,14:25:24,10.4,-0.01,1,1040,中性盘
528,14:25:18,10.41,0.01,586,610026,买盘
529,14:25:15,10.4,--,102,106080,买盘
530,14:25:12,10.4,--,71,73840,买盘
531,14:25:09,10.4,--,2,2080,买盘
532,14:25:03,10.4,--,305,317200,买盘
533,14:25:00,10.4,0.01,537,558480,买盘
534,14:24:57,10.39,--,604,627556,卖盘
535,14:24:54,10.39,0.01,500,519500,买盘
536,14:24:48,10.38,--,1,1038,卖盘
537,14:24:45,10.38,--,12,12456,卖盘
538,14:24:42,10.38,-0.02,622,645636,卖盘
539,14:24:36,10.4,0.01,970,1008800,买盘
540,14:24:33,10.39,-0.01,1,1039,中性盘
541,14:24:27,10.4,--,2,2080,买盘
542,14:24:24,10.4,0.02,297,308880,买盘
543,14:24:21,10.38,--,3,3114,买盘
544,14:24:18,10.38,--,71,73698,买盘
545,14:24:15,10.38,--,50,51900,买盘
546,14:24:12,10.38,-0.02,373,387174,卖盘
547,14:24:06,10.4,0.01,252,262080,买盘
548,14:24:03,10.39,-0.01,1,1039,中性盘
549,14:24:00,10.4,0.01,58,60320,买盘
550,14:23:54,10.39,--,1,1039,买盘
551,14:23:51,10.39,--,419,435341,买盘
552,14:23:48,10.39,--,3,3117,买盘
553,14:23:45,10.39,0.01,80,83120,买盘
554,14:23:39,10.38,--,10,10380,卖盘
555,14:23:36,10.38,-0.01,40,41520,卖盘
556,14:23:30,10.39,0.01,34,35326,买盘
557,14:23:27,10.38,-0.01,51,52938,卖盘
558,14:23:24,10.39,--,50,51950,买盘
559,14:23:15,10.39,0.01,3,3117,买盘
560,14:23:12,10.38,-0.01,23,23874,卖盘
561,14:23:09,10.39,--,1,1039,买盘
562,14:23:06,10.39,--,52,54028,买盘
563,14:23:03,10.39,--,56,58184,买盘
564,14:23:00,10.39,0.01,5,5195,买盘
565,14:22:57,10.38,-0.01,61,63318,卖盘
566,14:22:54,10.39,0.01,1,1039,买盘
567,14:22:45,10.38,-0.01,17,17646,卖盘
568,14:22:42,10.39,0.01,3,3117,买盘
569,14:22:36,10.38,-0.01,10,10380,卖盘
570,14:22:33,10.39,--,31,32209,买盘
571,14:22:30,10.39,0.01,1,1039,买盘
572,14:22:27,10.38,--,1,1038,卖盘
573,14:22:24,10.38,--,24,24912,卖盘
574,14:22:15,10.38,--,5,5190,卖盘
575,14:22:12,10.38,-0.01,17,17646,卖盘
576,14:22:09,10.39,0.01,3,3117,买盘
577,14:22:06,10.38,-0.01,2,2076,卖盘
578,14:22:03,10.39,0.01,37,38443,买盘
579,14:22:00,10.38,-0.01,1,1038,卖盘
580,14:21:57,10.39,--,12,12468,买盘
581,14:21:54,10.39,--,2,2078,买盘
582,14:21:45,10.39,--,35,36365,买盘
583,14:21:39,10.39,--,80,83120,买盘
584,14:21:36,10.39,0.01,13,13507,买盘
585,14:21:33,10.38,0.01,16,16608,买盘
586,14:21:30,10.37,-0.01,98,101625,卖盘
587,14:21:18,10.38,0.01,1,1038,买盘
588,14:21:15,10.37,--,4,4148,卖盘
589,14:21:03,10.37,-0.01,8,8296,卖盘
590,14:20:57,10.38,-0.01,4,4152,卖盘
591,14:20:54,10.39,--,2,2078,买盘
592,14:20:51,10.39,--,127,131953,买盘
593,14:20:48,10.39,0.01,1,1039,买盘
594,14:20:45,10.38,0.01,39,40482,卖盘
595,14:20:42,10.37,--,60,62219,卖盘
596,14:20:39,10.37,--,3,3110,卖盘
597,14:20:36,10.37,--,196,203251,卖盘
598,14:20:33,10.37,-0.01,90,93848,卖盘
599,14:20:30,10.38,0.01,4,4152,买盘
600,14:20:27,10.37,-0.01,11,11407,卖盘
601,14:20:24,10.38,0.01,5,5190,买盘
602,14:20:21,10.37,-0.01,11,11407,卖盘
603,14:20:18,10.38,--,78,80964,买盘
604,14:20:12,10.38,0.01,1,1038,买盘
605,14:20:09,10.37,--,37,38369,卖盘
606,14:20:03,10.37,-0.01,43,44591,卖盘
607,14:20:00,10.38,-0.01,133,138676,卖盘
608,14:19:57,10.39,-0.01,4,4156,买盘
609,14:19:54,10.4,0.01,130,135200,买盘
610,14:19:51,10.39,--,47,49248,买盘
611,14:19:39,10.39,0.01,37,38443,买盘
612,14:19:36,10.38,--,36,37368,买盘
613,14:19:30,10.38,--,1,1038,买盘
614,14:19:27,10.38,0.01,3,3114,中性盘
615,14:19:21,10.37,-0.02,13,13480,卖盘
616,14:19:18,10.39,0.01,35,36365,买盘
617,14:19:12,10.38,--,97,100686,卖盘
618,14:19:09,10.38,--,67,69546,卖盘
619,14:19:06,10.38,--,53,55014,卖盘
620,14:19:03,10.38,--,3,3114,卖盘
621,14:19:00,10.38,--,6,6228,卖盘
622,14:18:57,10.38,-0.01,10,10380,卖盘
623,14:18:51,10.39,0.01,105,109095,买盘
624,14:18:48,10.38,-0.01,30,31140,卖盘
625,14:18:45,10.39,0.01,87,90393,买盘
626,14:18:39,10.38,--,42,43596,卖盘
627,14:18:36,10.38,--,45,46710,卖盘
628,14:18:33,10.38,-0.01,2,2076,卖盘
629,14:18:30,10.39,0.01,1,1039,买盘
630,14:18:27,10.38,--,20,20760,卖盘
631,14:18:21,10.38,-0.01,11,11418,卖盘
632,14:18:18,10.39,-0.01,33,34287,买盘
633,14:18:15,10.4,--,2,2080,买盘
634,14:18:12,10.4,--,64,66560,买盘
635,14:18:09,10.4,0.02,93,96720,买盘
636,14:18:00,10.38,-0.02,3,3114,卖盘
637,14:17:51,10.4,--,62,64480,买盘
638,14:17:45,10.4,0.01,3,3120,买盘
639,14:17:33,10.39,--,1,1039,中性盘
640,14:17:30,10.39,--,1,1039,买盘
641,14:17:24,10.39,--,49,50911,卖盘
642,14:17:21,10.39,-0.01,20,20780,卖盘
643,14:17:12,10.4,--,107,111280,买盘
644,14:17:06,10.4,0.01,1,1040,买盘
645,14:17:03,10.39,-0.01,105,109095,卖盘
646,14:16:57,10.4,--,7,7280,买盘
647,14:16:54,10.4,--,1,1040,买盘
648,14:16:48,10.4,0.01,5,5200,买盘
649,14:16:45,10.39,--,1,1039,卖盘
650,14:16:42,10.39,-0.01,6,6234,卖盘
651,14:16:39,10.4,--,3,3120,买盘
652,14:16:36,10.4,--,136,141440,买盘
653,14:16:33,10.4,--,41,42640,买盘
654,14:16:27,10.4,--,12,12480,买盘
655,14:16:21,10.4,--,6,6240,买盘
656,14:16:15,10.4,0.01,6,6240,买盘
657,14:16:12,10.39,-0.01,50,51950,卖盘
658,14:16:06,10.4,--,3,3120,买盘
659,14:15:54,10.4,--,15,15600,买盘
660,14:15:51,10.4,0.01,1,1040,买盘
661,14:15:36,10.39,-0.01,2,2078,卖盘
662,14:15:33,10.4,0.01,3,3120,买盘
663,14:15:30,10.39,-0.01,2,2078,卖盘
664,14:15:27,10.4,--,13,13520,买盘
665,14:15:00,10.4,--,3,3120,买盘
666,14:14:54,10.4,--,7,7280,买盘
667,14:14:51,10.4,--,1,1040,买盘
668,14:14:39,10.4,--,3,3120,买盘
669,14:14:30,10.4,--,11,11440,买盘
670,14:14:27,10.4,--,3,3120,买盘
671,14:14:21,10.4,--,10,10400,买盘
672,14:14:18,10.4,--,9,9360,买盘
673,14:14:15,10.4,--,1,1040,买盘
674,14:14:12,10.4,--,8,8320,买盘
675,14:14:03,10.4,--,11,11440,买盘
676,14:13:57,10.4,--,3,3120,买盘
677,14:13:54,10.4,--,87,90480,买盘
678,14:13:51,10.4,-0.01,191,198640,卖盘
679,14:13:39,10.41,0.01,45,46845,买盘
680,14:13:36,10.4,-0.01,2,2080,卖盘
681,14:13:33,10.41,0.01,94,97854,买盘
682,14:13:24,10.4,-0.01,3,3120,卖盘
683,14:13:21,10.41,--,3,3123,买盘
684,14:13:06,10.41,--,21,21861,买盘
685,14:13:03,10.41,--,1,1041,买盘
686,14:13:00,10.41,--,13,13533,买盘
687,14:12:51,10.41,--,74,77034,买盘
688,14:12:48,10.41,0.01,112,116592,买盘
689,14:12:45,10.4,--,20,20800,卖盘
690,14:12:42,10.4,--,1,1040,卖盘
691,14:12:39,10.4,--,2,2080,卖盘
692,14:12:36,10.4,--,99,102960,卖盘
693,14:12:33,10.4,--,19,19760,买盘
694,14:12:24,10.4,-0.01,1,1040,买盘
695,14:12:21,10.41,--,182,189462,买盘
696,14:12:15,10.41,--,32,33312,买盘
697,14:12:12,10.41,0.01,389,404949,买盘
698,14:12:00,10.4,0.01,79,82160,中性盘
699,14:11:54,10.39,-0.01,705,732495,卖盘
700,14:11:51,10.4,--,1,1040,买盘
701,14:11:48,10.4,--,8,8320,买盘
702,14:11:45,10.4,--,1,1040,买盘
703,14:11:42,10.4,--,5,5200,买盘
704,14:11:39,10.4,--,6,6240,买盘
705,14:11:27,10.4,-0.01,104,108160,卖盘
706,14:11:21,10.41,0.01,61,63501,买盘
707,14:11:18,10.4,--,4,4160,卖盘
708,14:11:12,10.4,-0.01,42,43680,卖盘
709,14:11:09,10.41,0.01,3,3123,买盘
710,14:11:06,10.4,-0.01,1,1040,卖盘
711,14:11:03,10.41,--,2,2082,买盘
712,14:11:00,10.41,--,44,45804,买盘
713,14:10:51,10.41,0.01,39,40599,买盘
714,14:10:45,10.4,-0.01,20,20800,卖盘
715,14:10:39,10.41,--,105,109305,买盘
716,14:10:36,10.41,0.01,70,72870,买盘
717,14:10:30,10.4,-0.01,29,30160,卖盘
718,14:10:27,10.41,--,122,127002,买盘
719,14:10:24,10.41,--,25,26025,买盘
720,14:10:21,10.41,0.01,38,39558,买盘
721,14:10:12,10.4,-0.01,64,66560,中性盘
722,14:10:06,10.41,--,46,47886,买盘
723,14:10:03,10.41,--,158,164478,买盘
724,14:09:57,10.41,--,20,20820,买盘
725,14:09:54,10.41,0.01,6,6246,买盘
726,14:09:48,10.4,--,67,69680,卖盘
727,14:09:45,10.4,-0.01,63,65520,卖盘
728,14:09:42,10.41,0.01,2,2082,买盘
729,14:09:39,10.4,-0.01,60,62400,卖盘
730,14:09:30,10.41,--,97,100977,买盘
731,14:09:27,10.41,0.01,4,4164,买盘
732,14:09:24,10.4,--,120,124800,卖盘
733,14:09:18,10.4,-0.01,1,1040,卖盘
734,14:09:15,10.41,--,2,2082,买盘
735,14:09:12,10.41,0.01,62,64542,买盘
736,14:09:06,10.4,--,10,10400,卖盘
737,14:09:03,10.4,-0.01,75,78000,卖盘
738,14:09:00,10.41,--,6,6246,买盘
739,14:08:57,10.41,0.01,3,3123,买盘
740,14:08:51,10.4,-0.01,6,6240,卖盘
741,14:08:48,10.41,0.01,1,1041,买盘
742,14:08:45,10.4,--,11,11440,卖盘
743,14:08:42,10.4,--,17,17680,卖盘
744,14:08:36,10.4,-0.01,66,68640,卖盘
745,14:08:30,10.41,--,20,20820,买盘
746,14:08:27,10.41,--,6,6246,买盘
747,14:08:24,10.41,--,21,21861,买盘
748,14:08:21,10.41,--,74,77034,买盘
749,14:08:18,10.41,--,89,92649,买盘
750,14:08:12,10.41,--,11,11451,买盘
751,14:08:09,10.41,--,54,56214,买盘
752,14:08:06,10.41,--,99,103059,买盘
753,14:08:03,10.41,0.01,123,128043,买盘
754,14:08:00,10.4,--,3,3120,卖盘
755,14:07:57,10.4,--,6,6240,卖盘
756,14:07:54,10.4,-0.01,11,11440,卖盘
757,14:07:51,10.41,0.01,3,3123,买盘
758,14:07:48,10.4,--,86,89440,卖盘
759,14:07:45,10.4,--,23,23920,卖盘
760,14:07:42,10.4,--,396,411840,卖盘
761,14:07:36,10.4,0.01,556,578240,买盘
762,14:07:33,10.39,--,39,40521,卖盘
763,14:07:30,10.39,-0.01,10,10390,卖盘
764,14:07:24,10.4,-0.01,310,322400,中性盘
765,14:07:18,10.41,0.04,60,62460,买盘
766,14:07:09,10.37,-0.03,869,901152,卖盘
767,14:07:03,10.4,--,16,16640,买盘
768,14:07:00,10.4,--,155,161200,买盘
769,14:06:57,10.4,--,8,8320,买盘
770,14:06:54,10.4,0.03,2217,2305680,买盘
771,14:06:48,10.37,--,41,42517,买盘
772,14:06:45,10.37,0.01,6,6221,买盘
773,14:06:42,10.36,-0.01,17,17612,卖盘
774,14:06:39,10.37,--,16,16592,买盘
775,14:06:33,10.37,--,3,3110,买盘
776,14:06:27,10.37,0.01,1,1037,买盘
777,14:06:24,10.36,-0.01,51,52836,卖盘
778,14:06:21,10.37,0.01,1,1037,买盘
779,14:06:18,10.36,-0.01,1,1036,卖盘
780,14:06:15,10.37,--,66,68442,买盘
781,14:06:12,10.37,0.01,3,3110,买盘
782,14:06:03,10.36,0.01,60,62160,买盘
783,14:05:57,10.35,-0.01,100,103500,卖盘
784,14:05:54,10.36,--,36,37296,买盘
785,14:05:51,10.36,--,8,8288,买盘
786,14:05:48,10.36,0.01,2,2072,中性盘
787,14:05:39,10.35,-0.02,13,13455,卖盘
788,14:05:27,10.37,--,20,20740,买盘
789,14:05:24,10.37,0.02,219,227102,买盘
790,14:05:21,10.35,-0.02,78,80730,卖盘
791,14:05:18,10.37,--,328,340136,买盘
792,14:05:09,10.37,0.01,4,4148,买盘
793,14:05:06,10.36,-0.01,10,10360,卖盘
794,14:05:00,10.37,--,41,42517,买盘
795,14:04:57,10.37,--,82,85034,买盘
796,14:04:51,10.37,0.01,1,1037,买盘
797,14:04:45,10.36,-0.01,2,2072,卖盘
798,14:04:42,10.37,0.01,34,35258,买盘
799,14:04:39,10.36,-0.01,12,12432,卖盘
800,14:04:33,10.37,0.01,26,26961,买盘
801,14:04:27,10.36,--,1,1036,买盘
802,14:04:24,10.36,--,1,1036,买盘
803,14:04:21,10.36,--,35,36260,卖盘
804,14:04:12,10.36,-0.01,9,9324,卖盘
805,14:04:09,10.37,0.01,39,40443,买盘
806,14:04:03,10.36,-0.02,5,5180,卖盘
807,14:04:00,10.38,0.02,34,35292,买盘
808,14:03:57,10.36,--,18,18648,卖盘
809,14:03:51,10.36,-0.01,1,1036,卖盘
810,14:03:48,10.37,0.01,82,85034,买盘
811,14:03:45,10.36,--,42,43512,买盘
812,14:03:42,10.36,--,158,163688,卖盘
813,14:03:39,10.36,-0.01,1,1036,卖盘
814,14:03:33,10.37,--,10,10370,买盘
815,14:03:27,10.37,0.01,3,3110,买盘
816,14:03:18,10.36,--,8,8288,买盘
817,14:03:15,10.36,--,8,8288,买盘
818,14:03:09,10.36,-0.01,5,5180,卖盘
819,14:03:06,10.37,0.01,28,29035,买盘
820,14:03:03,10.36,-0.01,1,1036,卖盘
821,14:03:00,10.37,--,1,1037,买盘
822,14:02:57,10.37,0.01,9,9333,买盘
823,14:02:54,10.36,-0.01,15,15540,卖盘
824,14:02:48,10.37,--,1,1037,买盘
825,14:02:39,10.37,0.01,1,1037,买盘
826,14:02:36,10.36,-0.01,8,8288,卖盘
827,14:02:21,10.37,-0.01,3,3110,买盘
828,14:02:18,10.38,0.03,82,85116,买盘
829,14:02:15,10.35,-0.01,32,33120,卖盘
830,14:02:12,10.36,--,30,31080,买盘
831,14:02:09,10.36,-0.01,168,174048,卖盘
832,14:01:57,10.37,0.01,38,39406,买盘
833,14:01:51,10.36,-0.01,52,53872,卖盘
834,14:01:48,10.37,--,4,4148,买盘
835,14:01:45,10.37,0.01,7,7258,买盘
836,14:01:27,10.36,-0.01,1,1036,卖盘
837,14:01:24,10.37,-0.01,22,22814,卖盘
838,14:01:18,10.38,--,4,4152,买盘
839,14:01:15,10.38,-0.01,3,3114,中性盘
840,14:00:54,10.39,0.01,124,128836,买盘
841,14:00:48,10.38,0.01,95,98610,买盘
842,14:00:42,10.37,-0.01,3,3110,中性盘
843,14:00:39,10.38,0.01,237,246006,买盘
844,14:00:36,10.37,-0.01,30,31109,卖盘
845,14:00:33,10.38,0.01,1,1038,买盘
846,14:00:30,10.37,-0.01,10,10370,卖盘
847,14:00:21,10.38,0.01,1,1038,买盘
848,14:00:12,10.37,-0.01,8,8296,卖盘
849,14:00:09,10.38,--,3,3114,买盘
850,14:00:03,10.38,--,2,2076,买盘
851,13:59:57,10.38,0.01,1,1038,买盘
852,13:59:54,10.37,-0.02,5,5185,卖盘
853,13:59:48,10.39,--,1,1039,买盘
854,13:59:39,10.39,0.01,10,10390,买盘
855,13:59:36,10.38,-0.02,3,3114,中性盘
856,13:59:15,10.4,0.02,169,175760,买盘
857,13:59:12,10.38,--,22,22836,买盘
858,13:59:09,10.38,0.01,4,4152,买盘
859,13:59:06,10.37,-0.01,1,1037,卖盘
860,13:59:03,10.38,--,34,35292,买盘
861,13:58:57,10.38,--,166,172308,买盘
862,13:58:54,10.38,-0.02,262,271956,卖盘
863,13:58:45,10.4,0.01,1,1040,买盘
864,13:58:39,10.39,--,185,192215,买盘
865,13:58:36,10.39,0.01,1,1039,买盘
866,13:58:33,10.38,-0.01,53,55014,卖盘
867,13:58:30,10.39,--,3,3117,买盘
868,13:58:27,10.39,--,30,31170,买盘
869,13:58:21,10.39,0.01,58,60262,买盘
870,13:58:18,10.38,--,29,30102,卖盘
871,13:58:15,10.38,--,13,13494,卖盘
872,13:58:09,10.38,--,10,10380,卖盘
873,13:58:06,10.38,-0.01,1,1038,卖盘
874,13:58:00,10.39,--,1,1039,买盘
875,13:57:57,10.39,0.01,3,3117,买盘
876,13:57:51,10.38,-0.01,1,1038,卖盘
877,13:57:45,10.39,0.01,1,1039,买盘
878,13:57:27,10.38,-0.01,4,4152,卖盘
879,13:57:24,10.39,--,1,1039,买盘
880,13:57:21,10.39,0.01,10,10390,买盘
881,13:57:12,10.38,--,19,19722,卖盘
882,13:57:03,10.38,-0.01,6,6228,卖盘
883,13:56:51,10.39,0.01,3,3117,买盘
884,13:56:48,10.38,-0.01,2,2076,卖盘
885,13:56:45,10.39,0.01,1,1039,买盘
886,13:56:30,10.38,-0.01,3,3114,卖盘
887,13:56:18,10.39,-0.01,3,3117,中性盘
888,13:56:12,10.4,0.01,40,41600,买盘
889,13:56:06,10.39,--,1,1039,买盘
890,13:56:03,10.39,--,51,52989,买盘
891,13:55:51,10.39,-0.01,7,7273,卖盘
892,13:55:48,10.4,--,1,1040,买盘
893,13:55:45,10.4,0.01,3,3120,买盘
894,13:55:39,10.39,--,5,5195,卖盘
895,13:55:30,10.39,-0.01,7,7273,卖盘
896,13:55:27,10.4,0.01,1,1040,买盘
897,13:55:24,10.39,--,8,8312,买盘
898,13:55:15,10.39,--,10,10390,买盘
899,13:55:12,10.39,-0.01,3,3117,中性盘
900,13:55:03,10.4,0.01,34,35360,买盘
901,13:54:54,10.39,--,48,49872,买盘
902,13:54:45,10.39,--,1,1039,买盘
903,13:54:42,10.39,--,20,20780,买盘
904,13:54:39,10.39,0.01,3,3117,买盘
905,13:54:30,10.38,--,5,5190,卖盘
906,13:54:12,10.38,-0.01,1,1038,卖盘
907,13:54:09,10.39,--,1,1039,买盘
908,13:54:06,10.39,-0.01,3,3117,中性盘
909,13:53:45,10.4,0.01,37,38480,买盘
910,13:53:39,10.39,--,27,28053,买盘
911,13:53:33,10.39,--,10,10390,买盘
912,13:53:30,10.39,--,1,1039,卖盘
913,13:53:24,10.39,--,1,1039,卖盘
914,13:53:21,10.39,--,11,11429,卖盘
915,13:53:18,10.39,--,20,20780,卖盘
916,13:53:09,10.39,-0.01,4,4156,卖盘
917,13:53:06,10.4,0.01,60,62400,买盘
918,13:53:03,10.39,-0.01,10,10390,卖盘
919,13:53:00,10.4,0.01,103,107120,买盘
920,13:52:57,10.39,-0.01,6,6234,卖盘
921,13:52:54,10.4,--,8,8320,买盘
922,13:52:51,10.4,--,19,19760,买盘
923,13:52:48,10.4,--,85,88400,买盘
924,13:52:45,10.4,--,1,1040,买盘
925,13:52:39,10.4,--,97,100880,买盘
926,13:52:36,10.4,0.03,18,18720,买盘
927,13:52:33,10.37,-0.03,58,60145,卖盘
928,13:52:30,10.4,--,20,20800,买盘
929,13:52:27,10.4,--,70,72800,买盘
930,13:52:18,10.4,--,38,39520,买盘
931,13:52:15,10.4,--,54,56160,买盘
932,13:52:06,10.4,--,294,305760,买盘
933,13:52:03,10.4,--,48,49920,买盘
934,13:51:57,10.4,--,3,3120,买盘
935,13:51:48,10.4,--,848,881920,买盘
936,13:51:45,10.4,--,4,4160,买盘
937,13:51:42,10.4,0.04,2500,2600000,买盘
938,13:51:30,10.36,-0.01,3,3108,卖盘
939,13:51:24,10.37,--,1,1037,买盘
940,13:51:21,10.37,0.01,9,9333,买盘
941,13:51:03,10.36,0.01,7,7252,买盘
942,13:51:00,10.35,-0.01,1,1035,卖盘
943,13:50:57,10.36,0.01,1,1036,买盘
944,13:50:51,10.35,-0.01,10,10350,卖盘
945,13:50:48,10.36,-0.01,5,5180,买盘
946,13:50:45,10.37,--,4,4148,买盘
947,13:50:24,10.37,--,35,36295,买盘
948,13:50:21,10.37,--,60,62219,买盘
949,13:50:18,10.37,--,14,14517,买盘
950,13:50:15,10.37,0.02,3,3110,买盘
951,13:50:06,10.35,--,38,39330,卖盘
952,13:50:00,10.35,-0.02,20,20700,卖盘
953,13:49:54,10.37,0.01,29,30072,买盘
954,13:49:51,10.36,--,1,1036,买盘
955,13:49:45,10.36,--,1,1036,买盘
956,13:49:42,10.36,--,13,13468,买盘
957,13:49:39,10.36,0.01,146,151256,买盘
958,13:49:30,10.35,--,328,339480,卖盘
959,13:49:24,10.35,-0.01,11,11385,卖盘
960,13:49:21,10.36,0.01,33,34188,买盘
961,13:49:15,10.35,-0.01,39,40365,卖盘
962,13:49:09,10.36,0.01,27,27972,买盘
963,13:49:06,10.35,--,13,13455,卖盘
964,13:49:03,10.35,--,100,103707,买盘
965,13:48:57,10.35,0.01,236,244260,买盘
966,13:48:54,10.34,-0.01,3,3102,卖盘
967,13:48:48,10.35,--,1,1035,买盘
968,13:48:45,10.35,0.01,54,55890,买盘
969,13:48:39,10.34,--,1,1034,卖盘
970,13:48:36,10.34,-0.01,92,95128,卖盘
971,13:48:30,10.35,--,207,214245,买盘
972,13:48:27,10.35,--,163,168705,买盘
973,13:48:24,10.35,--,237,246123,卖盘
974,13:48:12,10.35,-0.01,9,9315,卖盘
975,13:48:09,10.36,0.01,30,31080,买盘
976,13:48:06,10.35,-0.01,30,31050,卖盘
977,13:48:03,10.36,--,3,3108,买盘
978,13:47:54,10.36,0.01,7,7252,买盘
979,13:47:48,10.35,-0.01,1,1035,卖盘
980,13:47:45,10.36,0.01,1,1036,买盘
981,13:47:30,10.35,--,4,4140,卖盘
982,13:47:27,10.35,-0.01,5,5175,卖盘
983,13:47:18,10.36,-0.01,22,22792,中性盘
984,13:47:12,10.37,--,55,57034,买盘
985,13:47:06,10.37,0.02,21,21777,买盘
986,13:47:03,10.35,-0.02,30,31050,卖盘
987,13:46:57,10.37,0.02,23,23851,买盘
988,13:46:54,10.35,-0.02,94,97290,卖盘
989,13:46:42,10.37,--,1,1037,买盘
990,13:46:39,10.37,--,65,67405,买盘
991,13:46:30,10.37,0.01,118,122365,买盘
992,13:46:27,10.36,0.01,3,3108,买盘
993,13:46:24,10.35,--,75,77625,卖盘
994,13:46:21,10.35,--,1,1035,卖盘
995,13:46:18,10.35,--,100,103707,买盘
996,13:46:15,10.35,--,115,119853,卖盘
997,13:46:12,10.35,--,1,1035,卖盘
998,13:46:09,10.35,--,5,5175,卖盘
999,13:46:06,10.35,--,3,3105,卖盘
1000,13:46:00,10.35,--,96,99360,卖盘
1001,13:45:54,10.35,-0.01,50,51750,卖盘
1002,13:45:51,10.36,0.01,3,3108,买盘
1003,13:45:48,10.35,-0.01,100,103500,卖盘
1004,13:45:42,10.36,0.01,1,1036,买盘
1005,13:45:21,10.35,-0.01,1,1035,卖盘
1006,13:45:18,10.36,0.01,31,32116,买盘
1007,13:45:06,10.35,--,10,10350,卖盘
1008,13:45:03,10.35,--,2,2070,卖盘
1009,13:44:48,10.35,-0.01,48,49680,卖盘
1010,13:44:45,10.36,--,3,3108,买盘
1011,13:44:42,10.36,0.01,48,49728,买盘
1012,13:44:36,10.35,--,20,20700,卖盘
1013,13:44:33,10.35,--,11,11385,卖盘
1014,13:44:30,10.35,--,15,15732,卖盘
1015,13:44:27,10.35,--,1,1035,卖盘
1016,13:44:15,10.35,-0.01,58,60030,卖盘
1017,13:44:12,10.36,--,133,137788,买盘
1018,13:44:03,10.36,0.01,5,5180,买盘
1019,13:44:00,10.35,--,205,212175,卖盘
1020,13:43:57,10.35,-0.01,100,103500,卖盘
1021,13:43:54,10.36,0.01,189,195804,买盘
1022,13:43:51,10.35,--,92,95220,卖盘
1023,13:43:48,10.35,-0.01,298,308430,卖盘
1024,13:43:45,10.36,--,1,1036,买盘
1025,13:43:39,10.36,0.01,3,3108,买盘
1026,13:43:33,10.35,--,3,3105,卖盘
1027,13:43:18,10.35,-0.01,34,35190,卖盘
1028,13:43:15,10.36,0.01,72,74592,买盘
1029,13:43:09,10.35,-0.01,5,5175,卖盘
1030,13:43:06,10.36,0.01,36,37296,买盘
1031,13:43:00,10.35,--,20,20700,卖盘
1032,13:42:57,10.35,--,62,64170,卖盘
1033,13:42:54,10.35,--,125,129375,卖盘
1034,13:42:45,10.35,--,101,104535,卖盘
1035,13:42:39,10.35,--,8,8280,卖盘
1036,13:42:36,10.35,-0.01,72,74520,卖盘
1037,13:42:33,10.36,0.01,50,51800,买盘
1038,13:42:24,10.35,--,42,43470,卖盘
1039,13:42:21,10.35,-0.01,28,28980,卖盘
1040,13:42:18,10.36,--,45,46620,买盘
1041,13:42:15,10.36,0.01,60,62160,买盘
1042,13:42:12,10.35,--,121,125235,卖盘
1043,13:42:09,10.35,--,1,1035,卖盘
1044,13:42:06,10.35,-0.01,20,20700,卖盘
1045,13:42:00,10.36,--,3,3108,买盘
1046,13:41:45,10.36,--,33,34188,买盘
1047,13:41:42,10.36,--,52,53872,卖盘
1048,13:41:36,10.36,-0.01,5,5180,卖盘
1049,13:41:33,10.37,0.01,4,4148,买盘
1050,13:41:30,10.36,-0.01,1,1036,卖盘
1051,13:41:27,10.37,0.01,15,15554,买盘
1052,13:41:15,10.36,-0.01,5,5180,卖盘
1053,13:41:09,10.37,0.01,39,40443,买盘
1054,13:41:06,10.36,-0.01,15,15540,卖盘
1055,13:41:03,10.37,--,30,31109,买盘
1056,13:41:00,10.37,--,9,9333,买盘
1057,13:40:57,10.37,0.01,3,3110,买盘
1058,13:40:54,10.36,--,10,10360,卖盘
1059,13:40:45,10.36,-0.01,1,1036,卖盘
1060,13:40:42,10.37,--,2,2074,买盘
1061,13:40:27,10.37,--,7,7258,买盘
1062,13:40:21,10.37,--,3,3110,买盘
1063,13:39:48,10.37,--,3,3110,买盘
1064,13:39:42,10.37,0.02,1,1037,买盘
1065,13:39:33,10.35,-0.02,11,11385,卖盘
1066,13:39:24,10.37,--,41,42517,买盘
1067,13:39:15,10.37,--,51,53301,买盘
1068,13:39:12,10.37,--,33,34221,买盘
1069,13:39:09,10.37,0.01,5,5185,买盘
1070,13:39:06,10.36,-0.01,10,10360,卖盘
1071,13:38:48,10.37,0.01,50,51849,买盘
1072,13:38:42,10.36,--,102,106293,卖盘
1073,13:38:36,10.36,--,20,20720,卖盘
1074,13:38:30,10.36,-0.01,1,1036,卖盘
1075,13:38:27,10.37,0.01,32,33184,买盘
1076,13:38:18,10.36,--,20,20720,卖盘
1077,13:38:12,10.36,-0.01,1,1036,卖盘
1078,13:38:09,10.37,0.01,3,3110,买盘
1079,13:37:57,10.36,-0.01,10,10360,卖盘
1080,13:37:54,10.37,--,1,1037,买盘
1081,13:37:42,10.37,0.01,1,1037,买盘
1082,13:37:39,10.36,-0.01,11,11396,卖盘
1083,13:37:36,10.37,0.01,19,19703,买盘
1084,13:37:27,10.36,--,1,1036,卖盘
1085,13:37:24,10.36,-0.01,2,2072,卖盘
1086,13:37:03,10.37,--,3,3110,买盘
1087,13:36:51,10.37,-0.01,4,4148,卖盘
1088,13:36:45,10.38,--,36,37368,买盘
1089,13:36:42,10.38,0.01,51,52938,买盘
1090,13:36:33,10.37,-0.01,3,3110,卖盘
1091,13:36:30,10.38,0.01,23,23874,买盘
1092,13:36:21,10.37,-0.01,5,5185,卖盘
1093,13:35:57,10.38,--,3,3114,买盘
1094,13:35:54,10.38,0.01,39,40482,买盘
1095,13:35:51,10.37,--,3,3110,买盘
1096,13:35:48,10.37,0.01,2,2074,买盘
1097,13:35:45,10.36,-0.01,16,16576,卖盘
1098,13:35:42,10.37,-0.01,79,81923,卖盘
1099,13:35:33,10.38,--,67,69546,买盘
1100,13:35:27,10.38,--,3,3114,买盘
1101,13:35:24,10.38,0.01,100,103800,买盘
1102,13:35:15,10.37,--,4,4148,卖盘
1103,13:35:03,10.37,-0.01,5,5185,卖盘
1104,13:34:54,10.38,0.01,42,43596,买盘
1105,13:34:51,10.37,--,3,3110,买盘
1106,13:34:45,10.37,--,2,2074,买盘
1107,13:34:39,10.37,-0.01,1,1037,买盘
1108,13:34:24,10.38,0.01,37,38406,买盘
1109,13:34:18,10.37,0.01,3,3110,买盘
1110,13:34:15,10.36,-0.01,39,40404,卖盘
1111,13:34:12,10.37,-0.01,3,3110,卖盘
1112,13:34:09,10.38,0.01,4,4152,买盘
1113,13:34:06,10.37,--,11,11407,卖盘
1114,13:34:03,10.37,--,10,10370,卖盘
1115,13:33:57,10.37,--,12,12443,卖盘
1116,13:33:48,10.37,-0.01,6,6221,卖盘
1117,13:33:45,10.38,--,3,3114,买盘
1118,13:33:42,10.38,--,1,1038,买盘
1119,13:33:33,10.38,0.01,26,26988,买盘
1120,13:33:30,10.37,--,1,1037,卖盘
1121,13:33:27,10.37,--,1,1037,卖盘
1122,13:33:24,10.37,--,11,11407,买盘
1123,13:33:12,10.37,--,3,3110,买盘
1124,13:33:06,10.37,--,6,6221,买盘
1125,13:33:03,10.37,--,43,44591,买盘
1126,13:33:00,10.37,0.01,37,38369,买盘
1127,13:32:57,10.36,-0.01,10,10360,卖盘
1128,13:32:54,10.37,--,29,30072,买盘
1129,13:32:45,10.37,--,1,1037,买盘
1130,13:32:39,10.37,--,3,3110,买盘
1131,13:32:36,10.37,0.01,20,20740,买盘
1132,13:32:33,10.36,--,1,1036,卖盘
1133,13:32:30,10.36,-0.01,27,27972,卖盘
1134,13:32:09,10.37,0.01,76,78812,买盘
1135,13:32:06,10.36,--,54,55944,卖盘
1136,13:32:03,10.36,-0.01,130,134680,卖盘
1137,13:31:54,10.37,0.01,30,31109,买盘
1138,13:31:51,10.36,--,30,31080,卖盘
1139,13:31:45,10.36,-0.01,5,5180,卖盘
1140,13:31:42,10.37,--,1,1037,买盘
1141,13:31:33,10.37,0.01,3,3110,买盘
1142,13:31:15,10.36,--,6,6216,卖盘
1143,13:31:03,10.36,-0.01,1,1036,卖盘
1144,13:31:00,10.37,0.01,3,3110,买盘
1145,13:30:48,10.36,--,10,10360,卖盘
1146,13:30:42,10.36,-0.01,10,10360,卖盘
1147,13:30:27,10.37,0.01,3,3110,买盘
1148,13:30:12,10.36,--,1,1036,卖盘
1149,13:30:09,10.36,-0.01,2,2072,卖盘
1150,13:30:00,10.37,--,30,31109,买盘
1151,13:29:57,10.37,--,3,3110,买盘
1152,13:29:48,10.37,0.01,29,30072,买盘
1153,13:29:24,10.36,-0.01,27,27972,卖盘
1154,13:29:21,10.37,0.01,3,3110,买盘
1155,13:29:18,10.36,--,5,5180,卖盘
1156,13:29:15,10.36,-0.01,4,4972,卖盘
1157,13:28:57,10.37,0.01,34,35258,买盘
1158,13:28:51,10.36,-0.01,9,9324,卖盘
1159,13:28:48,10.37,--,3,3110,买盘
1160,13:28:42,10.37,0.01,10,10370,买盘
1161,13:28:39,10.36,--,1,1036,卖盘
1162,13:28:36,10.36,--,4,4144,卖盘
1163,13:28:21,10.36,-0.01,6,6216,卖盘
1164,13:28:15,10.37,0.01,3,3110,买盘
1165,13:28:12,10.36,--,18,18648,卖盘
1166,13:27:45,10.36,-0.01,1,1036,卖盘
1167,13:27:42,10.37,--,3,3110,买盘
1168,13:27:27,10.37,--,31,32146,买盘
1169,13:27:24,10.37,0.01,26,26961,买盘
1170,13:27:21,10.36,--,10,10360,卖盘
1171,13:27:15,10.36,-0.01,20,20720,卖盘
1172,13:27:09,10.37,0.01,21,21777,买盘
1173,13:27:00,10.36,--,1,1036,卖盘
1174,13:26:51,10.36,-0.01,1,1036,卖盘
1175,13:26:48,10.37,--,4,4148,买盘
1176,13:26:42,10.37,--,64,66368,买盘
1177,13:26:36,10.37,0.01,3,3110,买盘
1178,13:26:33,10.36,--,45,46620,卖盘
1179,13:26:27,10.36,--,10,10360,卖盘
1180,13:26:24,10.36,-0.01,46,47656,卖盘
1181,13:26:18,10.37,0.01,32,33184,买盘
1182,13:26:15,10.36,--,10,10360,卖盘
1183,13:26:12,10.36,--,5,5180,卖盘
1184,13:26:06,10.36,-0.01,12,12432,卖盘
1185,13:26:03,10.37,0.01,4,4148,买盘
1186,13:25:42,10.36,-0.01,16,16576,卖盘
1187,13:25:33,10.37,--,2,2074,买盘
1188,13:25:30,10.37,--,3,3110,买盘
1189,13:24:57,10.37,0.01,3,3110,买盘
1190,13:24:45,10.36,-0.02,25,25900,卖盘
1191,13:24:30,10.38,--,4,4152,买盘
1192,13:24:27,10.38,--,3,3114,买盘
1193,13:24:18,10.38,0.01,115,119370,买盘
1194,13:24:12,10.37,-0.01,220,228139,卖盘
1195,13:23:51,10.38,--,3,3114,买盘
1196,13:23:45,10.38,0.01,29,30102,买盘
1197,13:23:42,10.37,--,46,47702,卖盘
1198,13:23:39,10.37,--,11,11407,卖盘
1199,13:23:36,10.37,--,10,10370,卖盘
1200,13:23:33,10.37,--,50,51849,卖盘
1201,13:23:27,10.37,-0.01,2,2074,卖盘
1202,13:23:18,10.38,0.01,3,3114,买盘
1203,13:23:15,10.37,-0.01,182,188734,卖盘
1204,13:23:12,10.38,0.01,10,10380,买盘
1205,13:23:09,10.37,-0.01,1,1037,卖盘
1206,13:23:06,10.38,--,6,6228,买盘
1207,13:22:45,10.38,0.01,3,3114,买盘
1208,13:22:39,10.37,-0.01,11,11407,卖盘
1209,13:22:24,10.38,0.01,9,9342,买盘
1210,13:22:12,10.37,--,14,14517,卖盘
1211,13:22:09,10.37,-0.01,4,4148,卖盘
1212,13:22:03,10.38,--,5,5190,买盘
1213,13:22:00,10.38,--,4,4152,买盘
1214,13:21:39,10.38,0.01,3,3114,买盘
1215,13:21:21,10.37,--,1,1037,卖盘
1216,13:21:18,10.37,-0.01,20,20740,卖盘
1217,13:21:06,10.38,-0.01,3,3114,中性盘
1218,13:20:51,10.39,0.02,35,36365,买盘
1219,13:20:48,10.37,-0.01,1,1037,卖盘
1220,13:20:42,10.38,--,11,11418,买盘
1221,13:20:33,10.38,0.01,342,354996,买盘
1222,13:20:30,10.37,--,55,57034,卖盘
1223,13:20:27,10.37,--,385,399244,卖盘
1224,13:20:24,10.37,--,20,20740,卖盘
1225,13:20:21,10.37,--,1,1037,卖盘
1226,13:20:09,10.37,--,67,69479,卖盘
1227,13:20:06,10.37,--,50,51849,卖盘
1228,13:20:03,10.37,-0.01,78,80886,卖盘
1229,13:20:00,10.38,0.01,13,13494,买盘
1230,13:19:57,10.37,--,101,104736,卖盘
1231,13:19:54,10.37,-0.01,20,20740,卖盘
1232,13:19:33,10.38,0.01,29,30102,买盘
1233,13:19:30,10.37,-0.01,10,10370,卖盘
1234,13:19:27,10.38,--,53,55014,买盘
1235,13:19:24,10.38,0.01,4,4152,买盘
1236,13:19:12,10.37,--,40,41480,卖盘
1237,13:19:06,10.37,-0.01,20,20740,卖盘
1238,13:19:03,10.38,-0.01,7,7266,买盘
1239,13:19:00,10.39,0.01,160,166240,买盘
1240,13:18:57,10.38,--,142,147396,卖盘
1241,13:18:54,10.38,--,20,20760,卖盘
1242,13:18:51,10.38,--,301,312438,卖盘
1243,13:18:48,10.38,--,10,10380,卖盘
1244,13:18:36,10.38,--,25,25950,卖盘
1245,13:18:33,10.38,--,5,5190,卖盘
1246,13:18:24,10.38,-0.01,2,2076,卖盘
1247,13:18:21,10.39,0.01,3,3117,买盘
1248,13:18:12,10.38,--,10,10380,卖盘
1249,13:18:09,10.38,--,12,12456,卖盘
1250,13:18:03,10.38,--,20,20760,卖盘
1251,13:18:00,10.38,--,38,39444,卖盘
1252,13:17:57,10.38,-0.01,3,3114,卖盘
1253,13:17:48,10.39,0.01,4,4156,买盘
1254,13:17:42,10.38,-0.01,6,6228,卖盘
1255,13:17:15,10.39,--,4,4156,买盘
1256,13:17:12,10.39,0.01,1,1039,买盘
1257,13:17:06,10.38,-0.01,10,10380,卖盘
1258,13:16:57,10.39,0.01,4,4156,买盘
1259,13:16:54,10.38,--,17,17646,卖盘
1260,13:16:45,10.38,-0.01,3,3114,卖盘
1261,13:16:42,10.39,0.01,3,3117,买盘
1262,13:16:36,10.38,-0.01,1,1038,卖盘
1263,13:16:33,10.39,-0.01,7,7273,卖盘
1264,13:16:09,10.4,--,10,10400,买盘
1265,13:16:06,10.4,0.01,7,7280,买盘
1266,13:16:03,10.39,--,70,72730,卖盘
1267,13:16:00,10.39,-0.01,88,91432,卖盘
1268,13:15:57,10.4,--,29,30160,买盘
1269,13:15:45,10.4,0.01,17,17680,买盘
1270,13:15:42,10.39,-0.01,5,5195,卖盘
1271,13:15:36,10.4,0.01,11,11440,买盘
1272,13:15:33,10.39,--,9,9351,卖盘
1273,13:15:27,10.39,--,45,46755,卖盘
1274,13:15:15,10.39,--,14,14546,卖盘
1275,13:15:12,10.39,-0.01,3,3117,卖盘
1276,13:15:03,10.4,--,3,3120,买盘
1277,13:14:54,10.4,0.01,14,14560,买盘
1278,13:14:51,10.39,-0.01,3,3117,卖盘
1279,13:14:36,10.4,--,15,15600,买盘
1280,13:14:30,10.4,--,3,3120,买盘
1281,13:14:27,10.4,0.01,4,4160,买盘
1282,13:14:24,10.39,--,5,5195,卖盘
1283,13:14:12,10.39,-0.01,9,9351,卖盘
1284,13:14:09,10.4,0.01,40,41600,买盘
1285,13:14:03,10.39,--,10,10390,卖盘
1286,13:14:00,10.39,-0.01,1,1039,卖盘
1287,13:13:57,10.4,0.01,3,3120,买盘
1288,13:13:51,10.39,--,47,48833,卖盘
1289,13:13:30,10.39,-0.01,1,1039,卖盘
1290,13:13:27,10.4,--,10,10400,买盘
1291,13:13:24,10.4,--,3,3120,买盘
1292,13:13:21,10.4,--,3,3120,买盘
1293,13:13:18,10.4,--,8,8320,买盘
1294,13:12:51,10.4,0.01,3,3120,买盘
1295,13:12:27,10.39,-0.01,4,4156,卖盘
1296,13:12:24,10.4,--,38,39520,买盘
1297,13:12:18,10.4,--,3,3120,买盘
1298,13:12:12,10.4,0.01,4,4160,买盘
1299,13:12:09,10.39,-0.01,25,25975,卖盘
1300,13:12:00,10.4,0.01,4,4160,买盘
1301,13:11:48,10.39,-0.01,1,1039,卖盘
1302,13:11:45,10.4,--,4,4160,买盘
1303,13:11:12,10.4,0.01,3,3120,买盘
1304,13:10:51,10.39,-0.01,1,1039,卖盘
1305,13:10:48,10.4,--,20,20800,买盘
1306,13:10:39,10.4,0.01,38,39520,买盘
1307,13:10:33,10.39,-0.01,60,62340,卖盘
1308,13:10:06,10.4,0.01,3,3120,买盘
1309,13:10:00,10.39,--,1,1039,卖盘
1310,13:09:57,10.39,-0.01,7,7273,卖盘
1311,13:09:36,10.4,--,4,4160,买盘
1312,13:09:33,10.4,--,3,3120,买盘
1313,13:09:21,10.4,0.01,11,11440,买盘
1314,13:09:18,10.39,--,4,4156,卖盘
1315,13:09:12,10.39,--,1,1039,卖盘
1316,13:09:09,10.39,-0.01,10,10390,卖盘
1317,13:09:00,10.4,--,11,11440,买盘
1318,13:08:48,10.4,0.01,34,35360,买盘
1319,13:08:42,10.39,--,6,6234,卖盘
1320,13:08:33,10.39,-0.01,5,5195,卖盘
1321,13:08:27,10.4,--,3,3120,买盘
1322,13:08:24,10.4,0.01,6,6240,买盘
1323,13:08:21,10.39,-0.01,3,3117,卖盘
1324,13:08:18,10.4,--,18,18720,买盘
1325,13:08:12,10.4,0.01,10,10400,买盘
1326,13:08:09,10.39,-0.01,15,15585,卖盘
1327,13:07:57,10.4,--,4,4160,买盘
1328,13:07:48,10.4,0.01,37,38480,买盘
1329,13:07:45,10.39,--,1,1039,卖盘
1330,13:07:42,10.39,--,30,31170,卖盘
1331,13:07:27,10.39,-0.01,10,10390,卖盘
1332,13:07:21,10.4,0.01,5,5200,买盘
1333,13:07:15,10.39,-0.01,42,43638,卖盘
1334,13:07:09,10.4,0.01,4,4160,买盘
1335,13:07:06,10.39,--,8,8312,卖盘
1336,13:06:51,10.39,-0.01,1,1039,卖盘
1337,13:06:48,10.4,--,3,3120,买盘
1338,13:06:18,10.4,--,34,35360,买盘
1339,13:06:15,10.4,--,3,3120,买盘
1340,13:06:09,10.4,--,19,19760,买盘
1341,13:06:06,10.4,0.01,56,58240,买盘
1342,13:06:03,10.39,-0.01,7,7273,卖盘
1343,13:05:48,10.4,--,5,5200,买盘
1344,13:05:42,10.4,--,22,22880,买盘
1345,13:05:39,10.4,--,50,52000,买盘
1346,13:05:27,10.4,--,10,10400,买盘
1347,13:05:24,10.4,--,52,54080,买盘
1348,13:05:18,10.4,--,18,18720,买盘
1349,13:05:15,10.4,0.01,77,80080,买盘
1350,13:05:12,10.39,-0.01,1,1039,卖盘
1351,13:05:09,10.4,--,3,3120,买盘
1352,13:05:03,10.4,0.01,3,3120,买盘
1353,13:04:57,10.39,-0.01,5,5195,卖盘
1354,13:04:54,10.4,0.01,19,19760,买盘
1355,13:04:51,10.39,--,30,31170,卖盘
1356,13:04:45,10.39,-0.01,12,12468,卖盘
1357,13:04:39,10.4,--,1,1040,买盘
1358,13:04:36,10.4,0.01,7,7280,买盘
1359,13:04:33,10.39,-0.01,1,1039,卖盘
1360,13:04:30,10.4,--,7,7280,买盘
1361,13:04:27,10.4,-0.01,38,39520,卖盘
1362,13:04:24,10.41,0.01,32,33312,买盘
1363,13:04:21,10.4,-0.01,1,1040,卖盘
1364,13:04:18,10.41,--,11,11451,买盘
1365,13:04:15,10.41,--,60,62460,买盘
1366,13:04:06,10.41,--,36,37476,买盘
1367,13:04:03,10.41,0.01,170,176970,买盘
1368,13:04:00,10.4,--,5,5200,卖盘
1369,13:03:51,10.4,--,13,13520,卖盘
1370,13:03:39,10.4,--,5,5200,卖盘
1371,13:03:33,10.4,-0.01,23,23920,卖盘
1372,13:03:30,10.41,0.01,125,130125,买盘
1373,13:03:27,10.4,--,18,18720,卖盘
1374,13:03:12,10.4,--,10,10400,卖盘
1375,13:03:03,10.4,--,21,21840,卖盘
1376,13:03:00,10.4,--,107,111280,买盘
1377,13:02:36,10.4,--,9,9360,买盘
1378,13:02:33,10.4,--,4,4160,买盘
1379,13:02:03,10.4,0.01,3,3120,买盘
1380,13:01:57,10.39,-0.01,1,1039,卖盘
1381,13:01:54,10.4,-0.01,3,3120,中性盘
1382,13:01:24,10.41,0.01,3,3123,买盘
1383,13:01:03,10.4,-0.01,8,8320,中性盘
1384,13:00:54,10.41,--,3,3123,买盘
1385,13:00:30,10.41,--,14,14574,买盘
1386,13:00:27,10.41,0.01,55,57255,买盘
1387,13:00:24,10.4,--,3,3120,买盘
1388,13:00:15,10.4,--,20,20800,买盘
1389,13:00:09,10.4,--,27,28080,买盘
1390,13:00:06,10.4,0.02,167,173680,买盘
1391,13:00:03,10.38,-0.02,166,172308,卖盘
1392,13:00:00,10.4,--,338,351520,买盘
1393,11:30:00,10.4,--,0,0,买盘
1394,11:29:51,10.4,0.02,11,11440,买盘
1395,11:29:48,10.38,-0.02,63,65394,卖盘
1396,11:29:45,10.4,--,34,35360,买盘
1397,11:29:39,10.4,0.01,11,11440,买盘
1398,11:29:36,10.39,0.01,50,51950,买盘
1399,11:29:21,10.38,-0.01,5,5190,卖盘
1400,11:29:06,10.39,--,10,10390,买盘
1401,11:29:03,10.39,--,30,31170,买盘
1402,11:28:24,10.39,0.01,2,2078,买盘
1403,11:28:15,10.38,-0.01,6,6228,卖盘
1404,11:28:12,10.39,0.01,7,7273,买盘
1405,11:28:09,10.38,-0.01,20,20760,卖盘
1406,11:28:00,10.39,--,21,21819,买盘
1407,11:27:57,10.39,0.01,5,5195,买盘
1408,11:27:54,10.38,-0.01,13,13494,卖盘
1409,11:27:36,10.39,-0.01,15,15585,买盘
1410,11:27:33,10.4,--,34,35360,买盘
1411,11:27:27,10.4,0.01,10,10400,买盘
1412,11:27:24,10.39,--,53,55067,买盘
1413,11:27:18,10.39,0.01,6,6234,买盘
1414,11:27:15,10.38,-0.01,11,11418,卖盘
1415,11:27:12,10.39,--,35,36365,买盘
1416,11:27:09,10.39,--,63,65457,买盘
1417,11:27:06,10.39,--,33,34287,买盘
1418,11:27:03,10.39,--,11,11429,买盘
1419,11:27:00,10.39,--,23,23897,买盘
1420,11:26:54,10.39,--,25,25975,买盘
1421,11:26:33,10.39,0.01,8,8312,买盘
1422,11:26:30,10.38,-0.01,39,40482,卖盘
1423,11:26:24,10.39,--,3,3117,买盘
1424,11:26:18,10.39,0.01,13,13507,买盘
1425,11:26:15,10.38,-0.01,50,51900,卖盘
1426,11:26:00,10.39,--,14,14546,买盘
1427,11:25:54,10.39,0.01,3,3117,买盘
1428,11:25:51,10.38,-0.01,4,4152,卖盘
1429,11:25:48,10.39,--,6,6234,买盘
1430,11:25:45,10.39,--,32,33248,买盘
1431,11:25:42,10.39,--,9,9351,买盘
1432,11:25:39,10.39,--,30,31170,买盘
1433,11:25:24,10.39,--,3,3117,买盘
1434,11:25:15,10.39,--,3,3117,买盘
1435,11:24:54,10.39,--,3,3117,买盘
1436,11:24:51,10.39,--,15,15585,买盘
1437,11:24:48,10.39,--,4,4156,买盘
1438,11:24:45,10.39,--,12,12468,买盘
1439,11:24:36,10.39,--,2,2078,买盘
1440,11:24:27,10.39,0.01,19,19741,买盘
1441,11:24:24,10.38,-0.01,33,34254,卖盘
1442,11:24:15,10.39,--,1,1039,中性盘
1443,11:23:57,10.39,-0.01,16,16624,卖盘
1444,11:23:54,10.4,--,39,40560,买盘
1445,11:23:51,10.4,0.01,4,4160,买盘
1446,11:23:48,10.39,-0.01,20,20780,卖盘
1447,11:23:42,10.4,--,7,7280,买盘
1448,11:23:39,10.4,--,29,30160,买盘
1449,11:23:36,10.4,--,5,5200,买盘
1450,11:23:24,10.4,--,3,3120,买盘
1451,11:23:15,10.4,0.01,20,20800,买盘
1452,11:23:12,10.39,-0.01,105,109095,卖盘
1453,11:23:09,10.4,--,3,3120,买盘
1454,11:23:06,10.4,--,6,6240,买盘
1455,11:23:03,10.4,--,31,32240,买盘
1456,11:22:57,10.4,0.01,6,6240,买盘
1457,11:22:54,10.39,--,11,11429,卖盘
1458,11:22:39,10.39,--,10,10390,卖盘
1459,11:22:24,10.39,-0.02,14,14546,卖盘
1460,11:22:06,10.41,0.01,5,5205,买盘
1461,11:22:03,10.4,0.01,5,5200,买盘
1462,11:21:57,10.39,-0.01,17,17663,卖盘
1463,11:21:54,10.4,--,5,5200,买盘
1464,11:21:48,10.4,--,2,2080,买盘
1465,11:21:45,10.4,0.01,13,13520,买盘
1466,11:21:42,10.39,-0.01,52,54028,卖盘
1467,11:21:36,10.4,0.01,10,10400,买盘
1468,11:21:27,10.39,-0.02,18,18702,卖盘
1469,11:21:24,10.41,0.01,63,65583,买盘
1470,11:21:18,10.4,-0.01,2,2080,买盘
1471,11:21:15,10.41,--,5,5205,买盘
1472,11:21:12,10.41,--,12,12492,买盘
1473,11:21:09,10.41,--,106,110346,买盘
1474,11:21:06,10.41,--,233,242553,买盘
1475,11:21:03,10.41,--,34,35394,买盘
1476,11:21:00,10.41,0.02,187,194667,买盘
1477,11:20:57,10.39,-0.01,1186,1232254,卖盘
1478,11:20:54,10.4,--,3,3120,买盘
1479,11:20:51,10.4,--,18,18720,买盘
1480,11:20:48,10.4,--,109,113360,买盘
1481,11:20:45,10.4,--,57,59280,买盘
1482,11:20:42,10.4,--,66,68640,买盘
1483,11:20:39,10.4,--,46,47840,买盘
1484,11:20:36,10.4,--,5,5200,买盘
1485,11:20:33,10.4,0.01,8,8320,买盘
1486,11:20:24,10.39,-0.01,15,15585,卖盘
1487,11:20:21,10.4,--,5,5200,买盘
1488,11:20:18,10.4,--,5,5200,买盘
1489,11:20:15,10.4,--,19,19760,买盘
1490,11:20:03,10.4,--,1,1040,卖盘
1491,11:19:57,10.4,--,3,3120,买盘
1492,11:19:54,10.4,--,3,3120,买盘
1493,11:19:45,10.4,-0.01,7,7280,买盘
1494,11:19:42,10.41,0.01,16,16656,买盘
1495,11:19:39,10.4,-0.01,10,10400,卖盘
1496,11:19:24,10.41,0.01,3,3123,买盘
1497,11:19:21,10.4,-0.01,3,3120,中性盘
1498,11:19:12,10.41,0.02,5,5205,买盘
1499,11:19:09,10.39,-0.02,30,31170,卖盘
1500,11:19:03,10.41,--,6,6246,买盘
1501,11:19:00,10.41,0.01,34,35394,买盘
1502,11:18:57,10.4,--,5,5200,买盘
1503,11:18:54,10.4,0.01,3,3120,买盘
1504,11:18:51,10.39,-0.01,18,18702,卖盘
1505,11:18:45,10.4,--,6,6240,买盘
1506,11:18:42,10.4,--,10,10400,买盘
1507,11:18:39,10.4,--,54,56160,买盘
1508,11:18:36,10.4,0.01,5,5200,买盘
1509,11:18:33,10.39,-0.01,10,10390,卖盘
1510,11:18:30,10.4,-0.01,16,16640,卖盘
1511,11:18:27,10.41,--,5,5205,买盘
1512,11:18:24,10.41,0.02,3,3123,买盘
1513,11:18:21,10.39,-0.01,23,23897,卖盘
1514,11:18:15,10.4,-0.01,1,1040,中性盘
1515,11:18:06,10.41,0.02,5,5205,买盘
1516,11:18:03,10.39,-0.02,2,2078,卖盘
1517,11:18:00,10.41,--,2,2082,买盘
1518,11:17:54,10.41,0.02,3,3123,买盘
1519,11:17:51,10.39,-0.02,1,1039,卖盘
1520,11:17:48,10.41,0.02,5,5205,买盘
1521,11:17:45,10.39,-0.02,9,9351,卖盘
1522,11:17:36,10.41,--,3,3123,买盘
1523,11:17:33,10.41,--,6,6246,买盘
1524,11:17:30,10.41,0.01,33,34353,买盘
1525,11:17:27,10.4,--,5,5200,买盘
1526,11:17:24,10.4,--,10,10400,买盘
1527,11:17:21,10.4,--,4,4160,买盘
1528,11:17:18,10.4,-0.01,11,11440,卖盘
1529,11:17:15,10.41,0.01,12,12492,买盘
1530,11:17:12,10.4,-0.01,44,45760,卖盘
1531,11:17:03,10.41,0.01,6,6246,买盘
1532,11:16:57,10.4,-0.01,9,9360,卖盘
1533,11:16:54,10.41,0.01,3,3123,买盘
1534,11:16:51,10.4,0.01,1,1040,买盘
1535,11:16:45,10.39,-0.01,4,4156,卖盘
1536,11:16:42,10.4,-0.01,8,8320,中性盘
1537,11:16:39,10.41,--,33,34353,买盘
1538,11:16:36,10.41,--,21,21861,买盘
1539,11:16:33,10.41,--,118,122838,买盘
1540,11:16:30,10.41,--,13,13533,买盘
1541,11:16:27,10.41,--,69,71829,买盘
1542,11:16:24,10.41,0.01,439,456999,买盘
1543,11:16:18,10.4,--,21,21840,买盘
1544,11:16:15,10.4,-0.01,111,115440,卖盘
1545,11:16:12,10.41,--,7,7287,买盘
1546,11:16:09,10.41,0.01,34,35394,买盘
1547,11:16:06,10.4,-0.01,5,5200,卖盘
1548,11:15:54,10.41,--,9,9369,买盘
1549,11:15:51,10.41,0.01,10,10410,买盘
1550,11:15:45,10.4,--,20,20800,买盘
1551,11:15:42,10.4,--,11,11440,买盘
1552,11:15:39,10.4,-0.01,60,62400,中性盘
1553,11:15:27,10.41,0.01,6,6246,买盘
1554,11:15:24,10.4,--,13,13520,买盘
1555,11:15:21,10.4,--,1,1040,买盘
1556,11:15:18,10.4,--,6,6240,卖盘
1557,11:15:12,10.4,--,4,4160,买盘
1558,11:15:09,10.4,-0.01,6,6240,卖盘
1559,11:15:06,10.41,--,13,13533,买盘
1560,11:15:03,10.41,--,69,71829,买盘
1561,11:14:57,10.41,0.01,13,13533,买盘
1562,11:14:54,10.4,--,80,83200,买盘
1563,11:14:51,10.4,-0.01,92,95680,卖盘
1564,11:14:42,10.41,--,2,2082,买盘
1565,11:14:27,10.41,-0.01,3,3123,卖盘
1566,11:14:24,10.42,0.01,8,8336,买盘
1567,11:14:21,10.41,--,16,16656,买盘
1568,11:14:15,10.41,--,21,21861,买盘
1569,11:14:12,10.41,-0.01,57,59337,买盘
1570,11:14:06,10.42,--,5,5210,买盘
1571,11:13:57,10.42,--,12,12504,买盘
1572,11:13:54,10.42,--,89,92738,买盘
1573,11:13:51,10.42,0.02,163,169846,买盘
1574,11:13:48,10.4,--,85,88400,买盘
1575,11:13:45,10.4,-0.02,307,319280,中性盘
1576,11:13:42,10.42,--,41,42722,买盘
1577,11:13:39,10.42,0.01,260,270920,买盘
1578,11:13:36,10.41,0.01,289,300849,买盘
1579,11:13:33,10.4,0.01,185,192857,买盘
1580,11:13:30,10.39,-0.01,11,11429,卖盘
1581,11:13:27,10.4,--,34,35360,买盘
1582,11:13:24,10.4,--,10,10400,买盘
1583,11:13:21,10.4,0.01,21,21840,买盘
1584,11:13:18,10.39,-0.01,96,99744,卖盘
1585,11:13:15,10.4,--,10,10400,买盘
1586,11:13:03,10.4,--,21,21840,买盘
1587,11:13:00,10.4,0.01,120,124800,买盘
1588,11:12:57,10.39,-0.01,2,2078,卖盘
1589,11:12:54,10.4,--,13,13520,买盘
1590,11:12:48,10.4,0.01,12,12480,买盘
1591,11:12:45,10.39,-0.01,51,52989,中性盘
1592,11:12:42,10.4,--,11,11440,买盘
1593,11:12:39,10.4,0.01,70,72800,买盘
1594,11:12:36,10.39,-0.01,79,82081,卖盘
1595,11:12:33,10.4,0.03,382,397280,买盘
1596,11:12:30,10.37,-0.03,191,198066,卖盘
1597,11:12:24,10.4,--,3,3120,买盘
1598,11:12:12,10.4,--,6,6240,买盘
1599,11:12:09,10.4,--,29,30160,买盘
1600,11:12:03,10.4,0.01,9,9360,买盘
1601,11:12:00,10.39,--,45,46755,买盘
1602,11:11:54,10.39,--,3,3117,买盘
1603,11:11:51,10.39,--,1,1039,买盘
1604,11:11:39,10.39,0.01,11,11429,买盘
1605,11:11:36,10.38,-0.01,56,58128,卖盘
1606,11:11:27,10.39,--,14,14546,买盘
1607,11:11:24,10.39,--,89,92471,买盘
1608,11:11:21,10.39,--,200,207800,买盘
1609,11:11:15,10.39,--,3,3117,买盘
1610,11:11:12,10.39,--,22,22858,买盘
1611,11:11:09,10.39,--,14,14546,买盘
1612,11:11:06,10.39,--,1,1039,买盘
1613,11:10:57,10.39,--,2,2078,买盘
1614,11:10:54,10.39,--,15,15585,买盘
1615,11:10:51,10.39,-0.01,74,76886,卖盘
1616,11:10:48,10.4,0.01,3,3120,买盘
1617,11:10:45,10.39,-0.01,15,15585,卖盘
1618,11:10:42,10.4,0.01,34,35360,买盘
1619,11:10:39,10.39,--,10,10390,卖盘
1620,11:10:24,10.39,--,4,4156,卖盘
1621,11:10:21,10.39,-0.01,4,4156,卖盘
1622,11:10:18,10.4,0.01,19,19760,买盘
1623,11:10:09,10.39,-0.01,12,12468,卖盘
1624,11:10:06,10.4,--,29,30160,买盘
1625,11:10:03,10.4,0.01,5,5200,买盘
1626,11:10:00,10.39,-0.01,19,19741,卖盘
1627,11:09:57,10.4,--,4,4160,买盘
1628,11:09:54,10.4,0.01,68,70720,买盘
1629,11:09:48,10.39,--,236,245204,买盘
1630,11:09:45,10.39,--,25,25975,买盘
1631,11:09:39,10.39,--,1,1039,买盘
1632,11:09:33,10.39,0.01,1,1039,卖盘
1633,11:09:30,10.38,-0.01,100,103800,卖盘
1634,11:09:27,10.39,--,3,3117,买盘
1635,11:09:24,10.39,-0.01,3,3117,中性盘
1636,11:09:15,10.4,0.02,29,30160,买盘
1637,11:09:06,10.38,-0.01,5,5190,卖盘
1638,11:09:00,10.39,--,68,70652,卖盘
1639,11:08:54,10.39,0.01,44,45716,买盘
1640,11:08:51,10.38,-0.01,14,14532,卖盘
1641,11:08:48,10.39,--,2,2078,买盘
1642,11:08:45,10.39,0.01,84,87276,买盘
1643,11:08:42,10.38,-0.01,1,1038,卖盘
1644,11:08:39,10.39,--,200,207800,买盘
1645,11:08:36,10.39,0.01,1,1039,买盘
1646,11:08:30,10.38,-0.01,2,2076,卖盘
1647,11:08:24,10.39,0.01,3,3117,买盘
1648,11:08:21,10.38,--,12,12456,卖盘
1649,11:08:18,10.38,--,1,1038,卖盘
1650,11:08:06,10.38,-0.01,33,34254,卖盘
1651,11:07:57,10.39,--,15,15585,买盘
1652,11:07:54,10.39,--,3,3117,买盘
1653,11:07:51,10.39,--,56,58184,买盘
1654,11:07:48,10.39,--,17,17663,买盘
1655,11:07:45,10.39,--,34,35326,买盘
1656,11:07:42,10.39,-0.01,224,232736,卖盘
1657,11:07:36,10.4,--,30,31200,买盘
1658,11:07:33,10.4,--,29,30160,买盘
1659,11:07:30,10.4,--,4,4160,买盘
1660,11:07:27,10.4,--,3,3120,买盘
1661,11:07:24,10.4,0.01,3,3120,买盘
1662,11:07:21,10.39,-0.01,8,8312,卖盘
1663,11:07:18,10.4,--,5,5200,买盘
1664,11:07:15,10.4,--,44,45760,买盘
1665,11:07:12,10.4,--,144,149760,买盘
1666,11:07:06,10.4,--,20,20800,买盘
1667,11:07:03,10.4,0.01,99,102960,买盘
1668,11:07:00,10.39,-0.01,9,9351,卖盘
1669,11:06:54,10.4,0.01,3,3120,买盘
1670,11:06:42,10.39,0.01,10,10390,中性盘
1671,11:06:39,10.38,-0.01,80,83040,卖盘
1672,11:06:30,10.39,--,85,88315,买盘
1673,11:06:24,10.39,--,313,325207,买盘
1674,11:06:21,10.39,--,2,2078,买盘
1675,11:06:00,10.39,0.01,99,102861,买盘
1676,11:05:57,10.38,--,418,433884,买盘
1677,11:05:54,10.38,--,3,3114,买盘
1678,11:05:51,10.38,--,3,3114,买盘
1679,11:05:45,10.38,--,21,21798,买盘
1680,11:05:36,10.38,--,50,51900,买盘
1681,11:05:30,10.38,--,4,4152,买盘
1682,11:05:24,10.38,0.01,3,3114,买盘
1683,11:05:18,10.37,--,6,6221,买盘
1684,11:05:15,10.37,--,19,19703,买盘
1685,11:05:12,10.37,--,28,29035,买盘
1686,11:05:06,10.37,--,61,63256,买盘
1687,11:05:03,10.37,0.01,4,4148,买盘
1688,11:05:00,10.36,-0.01,6,6216,卖盘
1689,11:04:57,10.37,0.01,7,7258,买盘
1690,11:04:54,10.36,-0.01,4,4144,卖盘
1691,11:04:51,10.37,0.01,361,374357,买盘
1692,11:04:45,10.36,--,5,5180,卖盘
1693,11:04:33,10.36,--,50,51800,卖盘
1694,11:04:24,10.36,-0.01,107,110852,卖盘
1695,11:04:09,10.37,--,34,35258,买盘
1696,11:04:03,10.37,--,150,155550,买盘
1697,11:03:54,10.37,0.01,3,3110,买盘
1698,11:03:48,10.36,--,20,20720,卖盘
1699,11:03:30,10.36,-0.01,10,10360,卖盘
1700,11:03:24,10.37,0.01,3,3110,买盘
1701,11:03:21,10.36,--,2,2072,卖盘
1702,11:03:09,10.36,-0.01,7,7252,卖盘
1703,11:03:00,10.37,--,31,32146,买盘
1704,11:02:54,10.37,--,3,3110,买盘
1705,11:02:51,10.37,--,20,20740,买盘
1706,11:02:36,10.37,--,4,4148,买盘
1707,11:02:24,10.37,--,3,3110,买盘
1708,11:02:21,10.37,0.01,28,29035,买盘
1709,11:02:18,10.36,--,1,1036,卖盘
1710,11:01:57,10.36,-0.01,30,31080,卖盘
1711,11:01:54,10.37,0.01,3,3110,买盘
1712,11:01:42,10.36,-0.01,3,3108,卖盘
1713,11:01:39,10.37,--,40,41480,买盘
1714,11:01:33,10.37,--,3,3110,买盘
1715,11:01:24,10.37,--,3,3110,买盘
1716,11:01:15,10.37,--,22,22814,买盘
1717,11:00:57,10.37,--,4,4148,买盘
1718,11:00:54,10.37,0.01,3,3110,买盘
1719,11:00:45,10.36,-0.02,4,4144,卖盘
1720,11:00:42,10.38,0.01,34,35292,买盘
1721,11:00:36,10.37,--,39,40443,买盘
1722,11:00:24,10.37,0.01,3,3110,买盘
1723,11:00:12,10.36,--,19,20098,买盘
1724,11:00:09,10.36,--,4,4144,买盘
1725,11:00:00,10.36,-0.01,9,9945,卖盘
1726,10:59:54,10.37,0.01,3,3110,买盘
1727,10:59:45,10.36,--,1,1450,买盘
1728,10:59:39,10.36,--,10,10981,卖盘
1729,10:59:33,10.36,-0.01,58,60088,卖盘
1730,10:59:24,10.37,0.01,3,3110,买盘
1731,10:59:21,10.36,--,38,39368,卖盘
1732,10:59:18,10.36,-0.01,40,41440,卖盘
1733,10:59:12,10.37,--,100,103699,买盘
1734,10:59:09,10.37,--,50,51849,买盘
1735,10:59:06,10.37,--,19,19703,买盘
1736,10:59:03,10.37,0.01,32,33184,买盘
1737,10:59:00,10.36,-0.01,40,41440,卖盘
1738,10:58:54,10.37,0.01,18,18666,买盘
1739,10:58:51,10.36,--,20,20720,卖盘
1740,10:58:45,10.36,--,6,6216,卖盘
1741,10:58:39,10.36,--,40,41440,卖盘
1742,10:58:30,10.36,--,3,3522,卖盘
1743,10:58:24,10.36,--,9,9324,卖盘
1744,10:58:06,10.36,-0.01,10,10360,卖盘
1745,10:57:54,10.37,--,3,3110,买盘
1746,10:57:42,10.37,0.01,6,6221,买盘
1747,10:57:27,10.36,-0.01,10,10360,卖盘
1748,10:57:24,10.37,0.01,3,3110,买盘
1749,10:57:18,10.36,-0.01,1,1036,卖盘
1750,10:56:54,10.37,0.01,3,3110,买盘
1751,10:56:45,10.36,-0.01,5,5180,中性盘
1752,10:56:24,10.37,--,3,3110,买盘
1753,10:56:03,10.37,-0.01,170,176290,卖盘
1754,10:55:57,10.38,0.01,283,293754,买盘
1755,10:55:54,10.37,0.01,378,391985,买盘
1756,10:55:51,10.36,--,2,2072,买盘
1757,10:55:36,10.36,--,6,6216,卖盘
1758,10:55:33,10.36,-0.01,5,5180,卖盘
1759,10:55:24,10.37,--,3,3110,买盘
1760,10:55:18,10.37,--,4,4148,买盘
1761,10:54:54,10.37,--,3,3110,买盘
1762,10:54:48,10.37,0.02,10,10370,买盘
1763,10:54:36,10.35,--,10,10350,卖盘
1764,10:54:30,10.35,-0.03,1,1035,卖盘
1765,10:54:24,10.38,0.03,4,4152,买盘
1766,10:54:18,10.35,--,4,4140,卖盘
1767,10:54:12,10.35,-0.03,34,35190,卖盘
1768,10:54:03,10.38,--,287,297906,买盘
1769,10:53:54,10.38,--,3,3114,买盘
1770,10:53:42,10.38,0.01,48,49824,买盘
1771,10:53:33,10.37,--,64,66368,买盘
1772,10:53:24,10.37,0.02,3,3110,买盘
1773,10:53:15,10.35,-0.02,10,10350,卖盘
1774,10:53:00,10.37,-0.01,69,71553,卖盘
1775,10:52:57,10.38,0.01,10,10380,买盘
1776,10:52:54,10.37,-0.01,7,7258,卖盘
1777,10:52:51,10.38,0.01,4,4152,买盘
1778,10:52:48,10.37,--,417,432428,买盘
1779,10:52:24,10.37,--,3,3110,买盘
1780,10:52:21,10.37,0.02,24,24887,买盘
1781,10:52:15,10.35,-0.02,196,202860,卖盘
1782,10:52:12,10.37,0.03,2,2074,买盘
1783,10:51:57,10.34,-0.03,4,4136,买盘
1784,10:51:54,10.37,0.04,3,3110,买盘
1785,10:51:48,10.33,-0.04,250,258250,卖盘
1786,10:51:42,10.37,0.04,10,10370,买盘
1787,10:51:24,10.33,-0.03,153,158049,卖盘
1788,10:51:21,10.36,--,1,1036,卖盘
1789,10:51:18,10.36,0.02,97,100492,买盘
1790,10:51:09,10.34,-0.02,204,210936,卖盘
1791,10:50:57,10.36,--,21,21756,买盘
1792,10:50:54,10.36,--,3,3108,买盘
1793,10:50:42,10.36,--,238,246568,买盘
1794,10:50:27,10.36,--,70,72520,买盘
1795,10:50:24,10.36,0.01,8,8288,中性盘
1796,10:50:15,10.35,-0.03,100,103500,卖盘
1797,10:50:06,10.38,0.01,661,686118,买盘
1798,10:49:54,10.37,0.02,126,130661,买盘
1799,10:49:51,10.35,--,4,4140,买盘
1800,10:49:42,10.35,-0.01,119,123165,卖盘
1801,10:49:24,10.36,--,13,13468,买盘
1802,10:49:18,10.36,--,34,35224,买盘
1803,10:49:03,10.36,-0.01,5,5180,中性盘
1804,10:48:54,10.37,0.01,3,3110,买盘
1805,10:48:51,10.36,--,100,103600,买盘
1806,10:48:48,10.36,-0.01,39,40404,卖盘
1807,10:48:45,10.37,--,7,7258,买盘
1808,10:48:42,10.37,--,5,5185,买盘
1809,10:48:30,10.37,0.01,10,10370,买盘
1810,10:48:27,10.36,-0.01,4,4144,中性盘
1811,10:48:24,10.37,--,3,3110,买盘
1812,10:48:18,10.37,--,382,396133,买盘
1813,10:48:03,10.37,0.01,20,20740,买盘
1814,10:48:00,10.36,--,25,25900,买盘
1815,10:47:57,10.36,--,37,38332,卖盘
1816,10:47:54,10.36,-0.01,38,39368,卖盘
1817,10:47:51,10.37,--,13,13480,买盘
1818,10:47:48,10.37,0.01,4,4148,买盘
1819,10:47:42,10.36,-0.01,6,6216,卖盘
1820,10:47:24,10.37,--,3,3110,买盘
1821,10:47:18,10.37,0.01,8,8296,买盘
1822,10:47:12,10.36,-0.01,6,6216,卖盘
1823,10:47:03,10.37,-0.01,13,13480,中性盘
1824,10:46:54,10.38,0.03,3,3114,买盘
1825,10:46:51,10.35,-0.02,10,10350,卖盘
1826,10:46:48,10.37,--,3,3110,买盘
1827,10:46:45,10.37,--,15,15554,买盘
1828,10:46:42,10.37,--,3,3110,买盘
1829,10:46:33,10.37,-0.01,5,5185,卖盘
1830,10:46:24,10.38,0.04,3,3114,买盘
1831,10:46:21,10.34,-0.04,43,44462,卖盘
1832,10:46:18,10.38,0.01,500,519000,买盘
1833,10:46:12,10.37,--,31,32146,买盘
1834,10:46:09,10.37,0.01,1504,1559647,买盘
1835,10:46:06,10.36,--,15,15540,买盘
1836,10:46:03,10.36,0.01,80,82880,买盘
1837,10:46:00,10.35,--,513,530965,买盘
1838,10:45:57,10.35,0.01,196,202860,买盘
1839,10:45:54,10.34,--,3,3102,买盘
1840,10:45:51,10.34,--,3,3102,买盘
1841,10:45:45,10.34,--,14,14476,买盘
1842,10:45:39,10.34,--,8,8272,买盘
1843,10:45:36,10.34,--,59,61006,买盘
1844,10:45:33,10.34,0.02,72,74448,买盘
1845,10:45:30,10.32,--,455,469890,买盘
1846,10:45:27,10.32,--,11,11352,买盘
1847,10:45:24,10.32,--,60,61920,买盘
1848,10:45:21,10.32,-0.01,191,197112,卖盘
1849,10:45:18,10.33,--,97,100201,买盘
1850,10:45:12,10.33,--,7,7231,买盘
1851,10:45:09,10.33,-0.01,47,48551,卖盘
1852,10:45:06,10.34,--,48,49632,买盘
1853,10:45:03,10.34,--,6,6204,买盘
1854,10:45:00,10.34,--,30,31020,买盘
1855,10:44:57,10.34,--,192,198528,买盘
1856,10:44:54,10.34,--,8,8272,买盘
1857,10:44:51,10.34,--,25,25850,买盘
1858,10:44:48,10.34,0.01,153,158202,买盘
1859,10:44:45,10.33,-0.01,20,20660,卖盘
1860,10:44:33,10.34,0.01,18,18612,买盘
1861,10:44:30,10.33,-0.01,101,104333,卖盘
1862,10:44:24,10.34,0.01,20,20680,买盘
1863,10:44:21,10.33,-0.01,30,30990,卖盘
1864,10:44:18,10.34,--,9,9306,买盘
1865,10:44:15,10.34,--,56,57904,买盘
1866,10:44:12,10.34,0.01,109,112706,买盘
1867,10:44:09,10.33,--,10,10330,卖盘
1868,10:43:57,10.33,-0.01,3,3099,卖盘
1869,10:43:54,10.34,0.01,3,3102,买盘
1870,10:43:51,10.33,--,5,5165,卖盘
1871,10:43:48,10.33,-0.01,10,10330,卖盘
1872,10:43:42,10.34,--,6,6204,买盘
1873,10:43:39,10.34,0.01,13,13442,买盘
1874,10:43:36,10.33,-0.01,22,22726,中性盘
1875,10:43:33,10.34,--,52,53768,买盘
1876,10:43:27,10.34,0.01,26,26884,买盘
1877,10:43:24,10.33,-0.01,111,114663,卖盘
1878,10:43:21,10.34,--,23,23782,买盘
1879,10:43:18,10.34,-0.01,58,59972,中性盘
1880,10:42:54,10.35,--,3,3105,买盘
1881,10:42:51,10.35,--,7,7245,买盘
1882,10:42:48,10.35,--,8,8280,买盘
1883,10:42:45,10.35,--,47,48645,买盘
1884,10:42:42,10.35,0.01,136,140760,买盘
1885,10:42:39,10.34,0.02,429,443586,买盘
1886,10:42:36,10.32,--,8,8256,买盘
1887,10:42:24,10.32,--,3,3096,买盘
1888,10:42:18,10.32,--,5,5160,买盘
1889,10:42:15,10.32,0.01,7,7224,买盘
1890,10:42:12,10.31,-0.01,15,15465,卖盘
1891,10:42:00,10.32,0.01,10,10320,买盘
1892,10:41:54,10.31,-0.01,12,12372,卖盘
1893,10:41:45,10.32,--,5,5160,买盘
1894,10:41:42,10.32,--,30,30960,买盘
1895,10:41:36,10.32,--,10,10320,买盘
1896,10:41:33,10.32,0.01,33,34056,买盘
1897,10:41:27,10.31,-0.01,5,5155,中性盘
1898,10:41:24,10.32,--,7,7224,买盘
1899,10:41:21,10.32,0.02,13,13416,买盘
1900,10:41:18,10.3,-0.02,43,44290,卖盘
1901,10:41:15,10.32,--,43,44376,买盘
1902,10:41:12,10.32,0.01,223,230136,买盘
1903,10:41:09,10.31,--,11,11341,买盘
1904,10:41:03,10.31,--,5,5155,买盘
1905,10:41:00,10.31,0.01,8,8248,买盘
1906,10:40:54,10.3,-0.01,6,6180,卖盘
1907,10:40:48,10.31,--,5,5155,买盘
1908,10:40:45,10.31,0.01,4,4124,买盘
1909,10:40:39,10.3,-0.01,3,3090,卖盘
1910,10:40:36,10.31,--,2,2062,买盘
1911,10:40:27,10.31,0.02,36,37116,买盘
1912,10:40:24,10.29,-0.01,196,201683,卖盘
1913,10:40:21,10.3,--,10,10300,买盘
1914,10:40:18,10.3,--,54,55620,买盘
1915,10:40:12,10.3,--,40,41200,买盘
1916,10:40:09,10.3,0.01,200,206000,买盘
1917,10:40:03,10.29,-0.01,11,11318,卖盘
1918,10:40:00,10.3,0.01,5,5150,买盘
1919,10:39:57,10.29,-0.01,37,38073,卖盘
1920,10:39:54,10.3,0.01,55,56650,买盘
1921,10:39:51,10.29,-0.01,110,113189,卖盘
1922,10:39:48,10.3,--,15,15450,买盘
1923,10:39:45,10.3,--,79,81370,买盘
1924,10:39:42,10.3,0.01,500,515000,买盘
1925,10:39:30,10.29,-0.01,14,14405,卖盘
1926,10:39:27,10.3,0.01,33,33990,买盘
1927,10:39:24,10.29,-0.01,14,14405,卖盘
1928,10:39:12,10.3,--,18,18540,买盘
1929,10:39:09,10.3,--,64,65920,买盘
1930,10:39:06,10.3,0.01,15,15450,买盘
1931,10:39:03,10.29,-0.01,4,4116,卖盘
1932,10:38:54,10.3,--,3,3090,买盘
1933,10:38:45,10.3,--,40,41200,买盘
1934,10:38:42,10.3,--,105,108150,买盘
1935,10:38:33,10.3,--,6,6180,买盘
1936,10:38:30,10.3,0.01,23,23690,买盘
1937,10:38:27,10.29,-0.01,5,5145,卖盘
1938,10:38:24,10.3,0.01,13,13390,买盘
1939,10:38:21,10.29,-0.01,47,48362,卖盘
1940,10:38:18,10.3,--,7,7210,买盘
1941,10:38:12,10.3,--,12,12360,买盘
1942,10:38:09,10.3,--,53,54590,卖盘
1943,10:38:06,10.3,-0.01,11,11330,卖盘
1944,10:38:03,10.31,0.01,8,8248,买盘
1945,10:38:00,10.3,--,56,57680,卖盘
1946,10:37:57,10.3,0.01,47,48410,买盘
1947,10:37:54,10.29,-0.01,28,28811,卖盘
1948,10:37:51,10.3,0.01,102,105060,买盘
1949,10:37:48,10.29,-0.01,5,5145,卖盘
1950,10:37:45,10.3,0.01,9,9270,买盘
1951,10:37:42,10.29,-0.01,52,53507,卖盘
1952,10:37:39,10.3,0.01,66,67980,买盘
1953,10:37:36,10.29,-0.01,103,105986,卖盘
1954,10:37:24,10.3,0.01,3,3090,买盘
1955,10:37:18,10.29,-0.01,5,5145,卖盘
1956,10:37:15,10.3,0.01,22,22660,买盘
1957,10:37:12,10.29,--,46,47333,卖盘
1958,10:37:06,10.29,--,9,9261,卖盘
1959,10:37:03,10.29,-0.01,10,10290,卖盘
1960,10:37:00,10.3,0.01,9,9270,买盘
1961,10:36:57,10.29,-0.01,30,30869,卖盘
1962,10:36:54,10.3,0.01,26,26780,买盘
1963,10:36:51,10.29,--,39,40131,卖盘
1964,10:36:48,10.29,--,35,36015,卖盘
1965,10:36:45,10.29,--,47,48362,卖盘
1966,10:36:42,10.29,--,192,197567,卖盘
1967,10:36:39,10.29,-0.01,2,2058,卖盘
1968,10:36:36,10.3,--,15,15450,买盘
1969,10:36:33,10.3,0.01,86,88580,买盘
1970,10:36:30,10.29,--,35,36015,卖盘
1971,10:36:27,10.29,-0.01,110,113189,卖盘
1972,10:36:24,10.3,--,4,4120,买盘
1973,10:36:18,10.3,--,11,11330,买盘
1974,10:36:12,10.3,--,11,11330,买盘
1975,10:36:09,10.3,--,65,66950,买盘
1976,10:36:06,10.3,0.01,35,36050,买盘
1977,10:36:03,10.29,-0.01,50,51449,卖盘
1978,10:36:00,10.3,--,1,1030,买盘
1979,10:35:57,10.3,0.01,10,10300,买盘
1980,10:35:54,10.29,-0.01,32,32928,卖盘
1981,10:35:48,10.3,--,17,17510,买盘
1982,10:35:45,10.3,-0.01,97,99910,卖盘
1983,10:35:42,10.31,0.01,16,16496,买盘
1984,10:35:39,10.3,-0.01,100,103000,卖盘
1985,10:35:36,10.31,--,5,5155,买盘
1986,10:35:33,10.31,0.01,27,27837,买盘
1987,10:35:30,10.3,-0.01,115,118450,卖盘
1988,10:35:27,10.31,0.01,4,4124,买盘
1989,10:35:24,10.3,-0.01,23,23690,卖盘
1990,10:35:21,10.31,0.01,12,12372,买盘
1991,10:35:18,10.3,-0.01,41,42230,卖盘
1992,10:35:12,10.31,0.01,27,27837,买盘
1993,10:35:09,10.3,-0.01,19,19570,卖盘
1994,10:35:06,10.31,0.01,19,19589,买盘
1995,10:35:03,10.3,--,100,103000,卖盘
1996,10:34:54,10.3,-0.01,23,23690,卖盘
1997,10:34:51,10.31,0.01,11,11341,买盘
1998,10:34:48,10.3,-0.01,59,60770,卖盘
1999,10:34:45,10.31,--,233,240223,卖盘
2000,10:34:36,10.31,-0.01,1,1031,卖盘
2001,10:34:33,10.32,--,10,10320,买盘
2002,10:34:27,10.32,--,1,1032,买盘
2003,10:34:24,10.32,--,3,3096,买盘
2004,10:34:18,10.32,--,1,1032,买盘
2005,10:34:09,10.32,0.01,5,5160,买盘
2006,10:34:06,10.31,--,20,20620,卖盘
2007,10:33:57,10.31,--,13,13403,卖盘
2008,10:33:54,10.31,-0.01,5,5155,卖盘
2009,10:33:48,10.32,--,10,10320,买盘
2010,10:33:45,10.32,0.01,10,10320,买盘
2011,10:33:42,10.31,--,31,31961,卖盘
2012,10:33:33,10.31,-0.01,10,10310,卖盘
2013,10:33:24,10.32,--,10,10320,买盘
2014,10:33:21,10.32,-0.01,42,43344,卖盘
2015,10:33:12,10.33,--,3,3099,买盘
2016,10:33:09,10.33,-0.01,2,2066,卖盘
2017,10:33:06,10.34,--,6,6204,买盘
2018,10:33:03,10.34,--,31,32054,买盘
2019,10:33:00,10.34,0.01,204,210936,买盘
2020,10:32:57,10.33,--,5,5165,买盘
2021,10:32:54,10.33,-0.01,3,3099,中性盘
2022,10:32:42,10.34,0.01,16,16544,买盘
2023,10:32:39,10.33,-0.01,96,99168,卖盘
2024,10:32:24,10.34,0.01,8,8272,买盘
2025,10:32:21,10.33,-0.01,20,20660,卖盘
2026,10:32:12,10.34,0.01,2,2068,买盘
2027,10:32:00,10.33,-0.01,2,2066,卖盘
2028,10:31:57,10.34,--,6,6204,买盘
2029,10:31:54,10.34,0.01,23,23782,买盘
2030,10:31:33,10.33,-0.01,2,2066,卖盘
2031,10:31:27,10.34,0.01,12,12408,买盘
2032,10:31:24,10.33,--,78,80574,买盘
2033,10:31:21,10.33,0.01,14,14462,买盘
2034,10:31:18,10.32,-0.01,12,12384,卖盘
2035,10:31:15,10.33,--,5,5165,买盘
2036,10:31:03,10.33,0.01,3,3099,买盘
2037,10:31:00,10.32,-0.01,10,10320,卖盘
2038,10:30:54,10.33,--,3,3099,买盘
2039,10:30:33,10.33,--,6,6198,买盘
2040,10:30:30,10.33,-0.01,4,4132,中性盘
2041,10:30:24,10.34,--,4,4136,买盘
2042,10:30:21,10.34,0.02,9,9306,买盘
2043,10:30:18,10.32,0.01,55,56760,卖盘
2044,10:30:15,10.31,-0.02,20,20620,卖盘
2045,10:30:12,10.33,0.01,2,2066,买盘
2046,10:30:09,10.32,--,12,12384,买盘
2047,10:30:06,10.32,0.01,1,1032,买盘
2048,10:30:03,10.31,-0.02,3,3093,卖盘
2049,10:29:57,10.33,0.02,2,2066,买盘
2050,10:29:54,10.31,--,12,12372,卖盘
2051,10:29:51,10.31,-0.02,50,51550,卖盘
2052,10:29:48,10.33,0.01,52,53716,买盘
2053,10:29:39,10.32,--,5,5160,卖盘
2054,10:29:30,10.32,-0.01,39,40248,卖盘
2055,10:29:27,10.33,0.01,58,59914,买盘
2056,10:29:21,10.32,0.01,9,9288,买盘
2057,10:29:15,10.31,-0.01,6,6186,卖盘
2058,10:29:06,10.32,--,4,4128,买盘
2059,10:28:57,10.32,0.01,10,10320,买盘
2060,10:28:51,10.31,--,39,40209,卖盘
2061,10:28:45,10.31,0.01,1,1031,中性盘
2062,10:28:42,10.3,-0.02,12,12360,卖盘
2063,10:28:39,10.32,0.01,10,10320,买盘
2064,10:28:33,10.31,--,4,4124,卖盘
2065,10:28:30,10.31,--,15,15465,卖盘
2066,10:28:24,10.31,--,119,122689,买盘
2067,10:28:21,10.31,--,126,129906,买盘
2068,10:28:18,10.31,0.01,10,10310,买盘
2069,10:28:15,10.3,--,2,2060,卖盘
2070,10:28:09,10.3,-0.01,8,8240,卖盘
2071,10:28:06,10.31,0.01,4,4124,买盘
2072,10:28:03,10.3,--,20,20600,卖盘
2073,10:28:00,10.3,-0.01,15,15450,卖盘
2074,10:27:54,10.31,--,122,125782,买盘
2075,10:27:51,10.31,--,2,2062,买盘
2076,10:27:48,10.31,--,52,53612,买盘
2077,10:27:45,10.31,0.01,2,2062,买盘
2078,10:27:39,10.3,-0.01,22,22660,卖盘
2079,10:27:36,10.31,0.01,7,7217,买盘
2080,10:27:30,10.3,--,10,10300,卖盘
2081,10:27:27,10.3,--,50,51500,卖盘
2082,10:27:24,10.3,-0.01,16,16480,卖盘
2083,10:27:21,10.31,0.01,31,31961,买盘
2084,10:27:15,10.3,--,29,29870,卖盘
2085,10:26:57,10.3,-0.01,7,7210,卖盘
2086,10:26:54,10.31,0.01,3,3093,买盘
2087,10:26:51,10.3,-0.01,30,30900,卖盘
2088,10:26:48,10.31,--,52,53612,买盘
2089,10:26:42,10.31,--,9,9279,买盘
2090,10:26:36,10.31,--,2,2062,买盘
2091,10:26:24,10.31,0.01,479,493849,买盘
2092,10:26:21,10.3,--,20,20600,卖盘
2093,10:26:09,10.3,--,54,55620,卖盘
2094,10:26:06,10.3,--,12,12360,卖盘
2095,10:26:03,10.3,-0.01,11,11330,卖盘
2096,10:25:57,10.31,--,1,1031,买盘
2097,10:25:54,10.31,--,3,3093,买盘
2098,10:25:36,10.31,0.01,4,4124,买盘
2099,10:25:33,10.3,--,189,194742,卖盘
2100,10:25:30,10.3,--,175,180250,卖盘
2101,10:25:27,10.3,-0.01,4,4120,卖盘
2102,10:25:24,10.31,--,13,13403,买盘
2103,10:25:15,10.31,--,14,14434,买盘
2104,10:25:09,10.31,--,71,73201,卖盘
2105,10:25:06,10.31,-0.01,10,10310,卖盘
2106,10:25:00,10.32,0.01,1,1032,买盘
2107,10:24:57,10.31,-0.01,150,154650,卖盘
2108,10:24:54,10.32,--,3,3096,买盘
2109,10:24:33,10.32,--,54,55728,买盘
2110,10:24:27,10.32,--,3,3096,买盘
2111,10:24:24,10.32,--,3,3096,买盘
2112,10:24:21,10.32,--,1,1032,买盘
2113,10:24:18,10.32,--,76,78432,卖盘
2114,10:24:15,10.32,--,1,1032,卖盘
2115,10:24:09,10.32,--,8,8256,卖盘
2116,10:24:03,10.32,--,46,47472,卖盘
2117,10:23:57,10.32,-0.01,3,3096,卖盘
2118,10:23:54,10.33,--,3,3099,买盘
2119,10:23:48,10.33,--,51,52683,买盘
2120,10:23:45,10.33,--,17,17561,卖盘
2121,10:23:42,10.33,--,5,5165,卖盘
2122,10:23:39,10.33,--,3,3099,卖盘
2123,10:23:33,10.33,--,6,6198,卖盘
2124,10:23:27,10.33,--,35,36155,卖盘
2125,10:23:24,10.33,-0.01,8,8264,卖盘
2126,10:23:21,10.34,0.01,10,10340,买盘
2127,10:23:15,10.33,-0.01,15,15495,卖盘
2128,10:23:09,10.34,--,4,4136,买盘
2129,10:23:06,10.34,0.01,7,7238,买盘
2130,10:22:57,10.33,-0.01,35,36155,卖盘
2131,10:22:54,10.34,0.01,55,56870,买盘
2132,10:22:36,10.33,-0.01,6,6198,卖盘
2133,10:22:30,10.34,-0.02,867,897098,卖盘
2134,10:22:27,10.36,0.01,656,679616,买盘
2135,10:22:24,10.35,0.01,3,3105,买盘
2136,10:22:21,10.34,-0.01,967,1000570,卖盘
2137,10:22:15,10.35,0.01,31,32085,买盘
2138,10:22:12,10.34,--,6,6204,卖盘
2139,10:21:57,10.34,-0.01,20,20680,卖盘
2140,10:21:54,10.35,0.01,3,3105,买盘
2141,10:21:51,10.34,-0.01,4,4136,卖盘
2142,10:21:48,10.35,0.01,6,6210,买盘
2143,10:21:42,10.34,-0.01,5,5170,卖盘
2144,10:21:39,10.35,0.01,20,20700,买盘
2145,10:21:36,10.34,--,21,21714,卖盘
2146,10:21:27,10.34,-0.01,33,34122,卖盘
2147,10:21:24,10.35,0.01,24,24840,买盘
2148,10:21:18,10.34,-0.01,32,33088,卖盘
2149,10:21:09,10.35,0.01,3,3105,买盘
2150,10:21:03,10.34,--,10,10340,卖盘
2151,10:21:00,10.34,-0.01,7,7238,卖盘
2152,10:20:54,10.35,--,3,3105,买盘
2153,10:20:45,10.35,--,19,19665,买盘
2154,10:20:42,10.35,0.01,24,24840,买盘
2155,10:20:36,10.34,-0.01,22,22748,卖盘
2156,10:20:30,10.35,0.01,36,37260,买盘
2157,10:20:27,10.34,-0.01,1,1034,卖盘
2158,10:20:24,10.35,--,3,3105,买盘
2159,10:20:21,10.35,0.01,1,1035,买盘
2160,10:20:15,10.34,--,19,19646,卖盘
2161,10:20:06,10.34,-0.01,8,8272,卖盘
2162,10:20:00,10.35,--,5,5175,买盘
2163,10:19:54,10.35,0.01,54,55890,买盘
2164,10:19:51,10.34,-0.01,12,12408,卖盘
2165,10:19:48,10.35,0.01,171,176985,买盘
2166,10:19:45,10.34,-0.01,50,51700,卖盘
2167,10:19:42,10.35,--,13,13455,买盘
2168,10:19:39,10.35,0.01,5,5175,买盘
2169,10:19:36,10.34,-0.01,30,31020,卖盘
2170,10:19:33,10.35,--,20,20700,买盘
2171,10:19:24,10.35,--,3,3105,买盘
2172,10:19:18,10.35,--,11,11592,卖盘
2173,10:19:06,10.35,--,23,24633,买盘
2174,10:19:03,10.35,-0.01,58,60237,卖盘
2175,10:18:54,10.36,0.01,3,3108,买盘
2176,10:18:51,10.35,--,19,20493,卖盘
2177,10:18:48,10.35,-0.01,4,4140,卖盘
2178,10:18:45,10.36,--,7,7252,买盘
2179,10:18:39,10.36,0.01,4,4144,买盘
2180,10:18:33,10.35,--,42,43470,买盘
2181,10:18:30,10.35,-0.01,168,173880,卖盘
2182,10:18:24,10.36,0.01,3,3108,买盘
2183,10:18:21,10.35,--,1,1035,卖盘
2184,10:18:18,10.35,-0.01,1,1035,卖盘
2185,10:18:15,10.36,--,4,4144,买盘
2186,10:18:12,10.36,--,5,5180,买盘
2187,10:18:06,10.36,0.01,26,26936,买盘
2188,10:18:00,10.35,-0.01,2,2070,卖盘
2189,10:17:57,10.36,--,3,3108,买盘
2190,10:17:54,10.36,0.01,3,3108,买盘
2191,10:17:51,10.35,--,23,23805,卖盘
2192,10:17:45,10.35,-0.01,29,30015,卖盘
2193,10:17:36,10.36,--,7,7252,买盘
2194,10:17:24,10.36,--,3,3108,买盘
2195,10:17:09,10.36,0.01,26,26936,买盘
2196,10:17:06,10.35,-0.01,28,28980,卖盘
2197,10:17:00,10.36,--,3,3108,买盘
2198,10:16:54,10.36,0.01,3,3108,买盘
2199,10:16:51,10.35,-0.01,8,8280,卖盘
2200,10:16:48,10.36,0.01,73,75628,买盘
2201,10:16:42,10.35,--,2,2070,卖盘
2202,10:16:39,10.35,-0.01,60,62100,卖盘
2203,10:16:36,10.36,--,10,10360,买盘
2204,10:16:33,10.36,0.01,20,20720,买盘
2205,10:16:30,10.35,-0.01,47,48645,卖盘
2206,10:16:24,10.36,0.01,3,3108,买盘
2207,10:16:12,10.35,-0.01,10,10350,卖盘
2208,10:16:03,10.36,--,25,25900,买盘
2209,10:15:54,10.36,--,3,3108,买盘
2210,10:15:48,10.36,--,4,4144,买盘
2211,10:15:24,10.36,--,3,3108,买盘
2212,10:15:21,10.36,--,6,6216,买盘
2213,10:15:18,10.36,--,27,27972,买盘
2214,10:15:15,10.36,--,255,264180,买盘
2215,10:15:06,10.36,--,26,26936,买盘
2216,10:15:00,10.36,--,44,45584,买盘
2217,10:14:54,10.36,0.01,3,3108,买盘
2218,10:14:48,10.35,-0.01,1,1035,卖盘
2219,10:14:24,10.36,0.01,3,3108,买盘
2220,10:14:18,10.35,--,20,21010,买盘
2221,10:14:15,10.35,--,27,27945,买盘
2222,10:14:09,10.35,0.01,2,2070,买盘
2223,10:14:06,10.34,-0.01,5,5170,卖盘
2224,10:14:03,10.35,--,2,2070,买盘
2225,10:14:00,10.35,--,43,44505,买盘
2226,10:13:57,10.35,--,7,7245,买盘
2227,10:13:54,10.35,--,181,188059,卖盘
2228,10:13:51,10.35,-0.01,33,34155,卖盘
2229,10:13:48,10.36,--,28,29008,买盘
2230,10:13:42,10.36,0.01,224,232374,买盘
2231,10:13:39,10.35,--,975,1009849,卖盘
2232,10:13:33,10.35,-0.01,87,90045,卖盘
2233,10:13:27,10.36,0.01,12,12432,买盘
2234,10:13:24,10.35,-0.01,16,16560,卖盘
2235,10:13:21,10.36,0.01,4,4144,买盘
2236,10:13:06,10.35,-0.01,27,27945,卖盘
2237,10:13:00,10.36,0.01,1,1036,买盘
2238,10:12:57,10.35,-0.01,20,20700,卖盘
2239,10:12:54,10.36,0.01,76,78736,买盘
2240,10:12:48,10.35,--,10,10350,卖盘
2241,10:12:45,10.35,--,307,317745,卖盘
2242,10:12:39,10.35,--,249,257715,卖盘
2243,10:12:36,10.35,--,13,13455,卖盘
2244,10:12:33,10.35,-0.01,95,98325,卖盘
2245,10:12:24,10.36,0.01,20,20720,买盘
2246,10:12:15,10.35,-0.01,5,5175,卖盘
2247,10:12:09,10.36,--,1,1036,买盘
2248,10:12:06,10.36,0.01,30,31080,买盘
2249,10:12:00,10.35,-0.01,12,12420,卖盘
2250,10:11:57,10.36,--,84,87024,买盘
2251,10:11:54,10.36,0.01,8,8288,买盘
2252,10:11:51,10.35,--,2,2070,卖盘
2253,10:11:45,10.35,--,98,101430,卖盘
2254,10:11:42,10.35,--,21,21735,卖盘
2255,10:11:39,10.35,--,43,44505,卖盘
2256,10:11:36,10.35,--,5,5175,卖盘
2257,10:11:33,10.35,--,65,67275,卖盘
2258,10:11:30,10.35,--,9,9315,卖盘
2259,10:11:27,10.35,--,90,93460,卖盘
2260,10:11:24,10.35,-0.01,8,8280,卖盘
2261,10:11:21,10.36,0.01,63,65268,买盘
2262,10:11:15,10.35,-0.01,30,31050,卖盘
2263,10:11:12,10.36,--,18,18648,买盘
2264,10:11:09,10.36,--,10,10360,买盘
2265,10:11:00,10.36,--,3,3108,买盘
2266,10:10:57,10.36,--,3,3108,买盘
2267,10:10:54,10.36,--,56,58844,卖盘
2268,10:10:51,10.36,--,201,208236,卖盘
2269,10:10:45,10.36,--,3,3108,卖盘
2270,10:10:42,10.36,--,4,4144,卖盘
2271,10:10:39,10.36,--,4,4144,卖盘
2272,10:10:33,10.36,--,37,38332,卖盘
2273,10:10:30,10.36,--,3,3108,卖盘
2274,10:10:27,10.36,-0.01,29,30044,卖盘
2275,10:10:24,10.37,0.01,3,3110,买盘
2276,10:10:21,10.36,--,51,52836,卖盘
2277,10:10:18,10.36,--,114,118104,卖盘
2278,10:10:15,10.36,--,267,276612,卖盘
2279,10:10:12,10.36,--,50,51800,卖盘
2280,10:10:09,10.36,-0.01,118,122248,卖盘
2281,10:10:03,10.37,0.01,214,221917,买盘
2282,10:10:00,10.36,-0.01,10,10360,卖盘
2283,10:09:54,10.37,0.01,242,250953,买盘
2284,10:09:48,10.36,--,113,117068,卖盘
2285,10:09:45,10.36,-0.01,100,103600,卖盘
2286,10:09:42,10.37,0.01,10,10370,买盘
2287,10:09:39,10.36,--,40,41440,卖盘
2288,10:09:36,10.36,--,14,14504,卖盘
2289,10:09:30,10.36,--,10,10360,卖盘
2290,10:09:27,10.36,--,60,62160,卖盘
2291,10:09:24,10.36,--,55,56980,卖盘
2292,10:09:21,10.36,--,31,32116,卖盘
2293,10:09:18,10.36,--,137,141932,卖盘
2294,10:09:15,10.36,--,85,88060,卖盘
2295,10:09:12,10.36,--,19,19684,卖盘
2296,10:09:09,10.36,--,10,10360,卖盘
2297,10:09:06,10.36,--,10,10360,卖盘
2298,10:09:03,10.36,--,100,103600,卖盘
2299,10:09:00,10.36,--,100,103600,卖盘
2300,10:08:57,10.36,-0.01,4,4351,卖盘
2301,10:08:54,10.37,--,3,3110,买盘
2302,10:08:45,10.37,--,4,4148,买盘
2303,10:08:39,10.37,--,1,1037,买盘
2304,10:08:36,10.37,-0.01,254,263398,卖盘
2305,10:08:30,10.38,0.01,210,217980,买盘
2306,10:08:24,10.37,--,17,17629,卖盘
2307,10:08:21,10.37,--,83,86071,卖盘
2308,10:08:15,10.37,--,31,32146,卖盘
2309,10:08:12,10.37,-0.01,147,152439,卖盘
2310,10:08:09,10.38,0.01,108,112104,买盘
2311,10:08:03,10.37,--,50,51849,卖盘
2312,10:08:00,10.37,--,150,155550,卖盘
2313,10:07:57,10.37,--,39,40443,卖盘
2314,10:07:54,10.37,--,177,183549,卖盘
2315,10:07:51,10.37,--,31,32146,卖盘
2316,10:07:45,10.37,-0.01,28,29035,卖盘
2317,10:07:42,10.38,0.01,13,13494,买盘
2318,10:07:36,10.37,-0.01,10,10370,卖盘
2319,10:07:33,10.38,--,40,41520,买盘
2320,10:07:30,10.38,0.01,4,4152,买盘
2321,10:07:24,10.37,--,14,14517,卖盘
2322,10:07:21,10.37,--,220,228139,卖盘
2323,10:07:12,10.37,--,408,423095,买盘
2324,10:07:09,10.37,--,20,20740,买盘
2325,10:07:06,10.37,--,2,2074,买盘
2326,10:07:00,10.37,--,3,3110,买盘
2327,10:06:57,10.37,--,26,26961,买盘
2328,10:06:54,10.37,--,49,50812,买盘
2329,10:06:51,10.37,--,100,103699,买盘
2330,10:06:45,10.37,0.01,140,145180,买盘
2331,10:06:36,10.36,-0.01,36,37296,卖盘
2332,10:06:33,10.37,--,111,115106,买盘
2333,10:06:30,10.37,0.01,136,141032,买盘
2334,10:06:27,10.36,--,305,315980,买盘
2335,10:06:24,10.36,0.01,3,3108,买盘
2336,10:06:21,10.35,--,37,38295,卖盘
2337,10:06:15,10.35,--,48,49680,卖盘
2338,10:06:12,10.35,--,5,5175,卖盘
2339,10:06:03,10.35,0.01,471,487485,买盘
2340,10:06:00,10.34,--,37,38258,卖盘
2341,10:05:54,10.34,-0.01,17,17578,卖盘
2342,10:05:51,10.35,--,38,39330,买盘
2343,10:05:48,10.35,0.01,20,20700,买盘
2344,10:05:42,10.34,-0.01,38,39292,卖盘
2345,10:05:30,10.35,0.01,130,134550,买盘
2346,10:05:27,10.34,-0.01,3,3102,卖盘
2347,10:05:24,10.35,0.01,17,17595,买盘
2348,10:05:21,10.34,--,15,15510,卖盘
2349,10:05:12,10.34,-0.01,11,11374,卖盘
2350,10:05:03,10.35,--,73,75555,买盘
2351,10:04:54,10.35,0.01,3,3105,买盘
2352,10:04:48,10.34,--,183,189976,买盘
2353,10:04:45,10.34,0.02,144,148896,买盘
2354,10:04:42,10.32,-0.01,66,68112,卖盘
2355,10:04:39,10.33,0.01,200,206600,买盘
2356,10:04:36,10.32,--,113,116616,卖盘
2357,10:04:24,10.32,--,53,54696,卖盘
2358,10:04:21,10.32,--,81,83592,卖盘
2359,10:04:18,10.32,-0.01,86,88752,卖盘
2360,10:04:09,10.33,0.01,37,38221,买盘
2361,10:04:00,10.32,--,77,79464,卖盘
2362,10:03:57,10.32,-0.01,65,67080,卖盘
2363,10:03:54,10.33,0.01,3,3099,买盘
2364,10:03:51,10.32,--,13,13416,卖盘
2365,10:03:48,10.32,--,83,85656,卖盘
2366,10:03:45,10.32,0.01,365,376680,买盘
2367,10:03:36,10.31,-0.01,23,23713,卖盘
2368,10:03:27,10.32,--,4,4128,买盘
2369,10:03:24,10.32,0.01,3,3096,买盘
2370,10:03:21,10.31,-0.01,22,22682,卖盘
2371,10:03:00,10.32,--,10,10320,买盘
2372,10:02:57,10.32,-0.01,118,121776,卖盘
2373,10:02:54,10.33,0.01,3,3099,买盘
2374,10:02:48,10.32,--,15,15480,卖盘
2375,10:02:45,10.32,--,7,7224,卖盘
2376,10:02:42,10.32,--,15,15480,卖盘
2377,10:02:39,10.32,-0.01,60,61920,卖盘
2378,10:02:24,10.33,--,3,3099,买盘
2379,10:02:12,10.33,--,165,170445,卖盘
2380,10:02:09,10.33,--,3,3099,卖盘
2381,10:02:06,10.33,--,31,32023,卖盘
2382,10:02:00,10.33,--,20,20660,卖盘
2383,10:01:57,10.33,--,30,30990,卖盘
2384,10:01:54,10.33,--,46,47518,卖盘
2385,10:01:51,10.33,--,21,21693,卖盘
2386,10:01:48,10.33,--,126,130158,卖盘
2387,10:01:42,10.33,--,4,4132,卖盘
2388,10:01:39,10.33,0.01,130,134290,买盘
2389,10:01:36,10.32,--,228,235296,卖盘
2390,10:01:33,10.32,-0.01,1,1032,卖盘
2391,10:01:27,10.33,0.01,1,1033,买盘
2392,10:01:24,10.32,--,15,15480,卖盘
2393,10:01:18,10.32,--,2,2064,卖盘
2394,10:01:15,10.32,--,10,10320,卖盘
2395,10:01:12,10.32,--,24,24768,卖盘
2396,10:01:09,10.32,--,5,5160,卖盘
2397,10:01:03,10.32,-0.01,8,8256,卖盘
2398,10:01:00,10.33,0.01,4,4132,买盘
2399,10:00:57,10.32,--,8,8256,卖盘
2400,10:00:54,10.32,--,36,37152,卖盘
2401,10:00:51,10.32,-0.02,1,1032,卖盘
2402,10:00:39,10.34,0.02,29,29986,买盘
2403,10:00:36,10.32,-0.02,16,16512,卖盘
2404,10:00:27,10.34,0.01,50,51700,买盘
2405,10:00:24,10.33,--,67,69211,卖盘
2406,10:00:18,10.33,--,18,18594,卖盘
2407,10:00:15,10.33,--,5,5165,卖盘
2408,10:00:12,10.33,--,1,1033,卖盘
2409,10:00:09,10.33,--,33,34089,卖盘
2410,10:00:06,10.33,--,50,51650,卖盘
2411,10:00:00,10.33,-0.01,1,1033,卖盘
2412,09:59:54,10.34,0.01,3,3102,买盘
2413,09:59:48,10.33,-0.01,51,52683,卖盘
2414,09:59:45,10.34,--,20,20680,买盘
2415,09:59:42,10.34,--,1,1034,买盘
2416,09:59:39,10.34,--,14,14476,卖盘
2417,09:59:33,10.34,-0.01,13,13442,卖盘
2418,09:59:24,10.35,0.01,3,3105,买盘
2419,09:59:21,10.34,-0.01,2,2068,卖盘
2420,09:59:18,10.35,0.01,30,31050,买盘
2421,09:59:15,10.34,--,6,6204,卖盘
2422,09:59:09,10.34,--,6,6204,卖盘
2423,09:59:06,10.34,--,40,41360,卖盘
2424,09:59:03,10.34,--,15,15510,卖盘
2425,09:58:54,10.34,--,9,9306,卖盘
2426,09:58:51,10.34,-0.01,25,25850,卖盘
2427,09:58:48,10.35,0.01,55,56925,买盘
2428,09:58:45,10.34,--,2,2068,卖盘
2429,09:58:33,10.34,-0.01,1,1034,卖盘
2430,09:58:30,10.35,0.01,4,4140,买盘
2431,09:58:27,10.34,--,8,8272,卖盘
2432,09:58:24,10.34,--,18,18612,卖盘
2433,09:58:18,10.34,0.01,47,48598,买盘
2434,09:58:12,10.33,--,3,3099,卖盘
2435,09:58:06,10.33,--,20,20660,卖盘
2436,09:58:03,10.33,0.01,184,190072,卖盘
2437,09:57:57,10.32,-0.01,262,270497,卖盘
2438,09:57:54,10.33,--,603,622899,买盘
2439,09:57:51,10.33,--,3,3099,买盘
2440,09:57:48,10.33,--,141,146479,卖盘
2441,09:57:45,10.33,--,57,58881,卖盘
2442,09:57:42,10.33,--,1,1033,卖盘
2443,09:57:36,10.33,--,8,8264,卖盘
2444,09:57:30,10.33,-0.01,0,206,卖盘
2445,09:57:24,10.34,0.01,3,3102,买盘
2446,09:57:12,10.33,--,5,5165,卖盘
2447,09:57:09,10.33,--,31,32023,卖盘
2448,09:57:00,10.33,--,37,38221,买盘
2449,09:56:57,10.33,0.01,1,1033,买盘
2450,09:56:54,10.32,-0.01,13,13416,卖盘
2451,09:56:51,10.33,--,15,15495,买盘
2452,09:56:48,10.33,-0.02,15,15495,中性盘
2453,09:56:36,10.35,0.03,122,126270,买盘
2454,09:56:30,10.32,0.01,10,10320,中性盘
2455,09:56:24,10.31,--,202,208262,卖盘
2456,09:56:21,10.31,--,55,56705,卖盘
2457,09:56:18,10.31,-0.01,3,3093,卖盘
2458,09:56:15,10.32,--,160,165120,买盘
2459,09:56:12,10.32,0.01,41,42312,买盘
2460,09:56:09,10.31,--,2,2062,卖盘
2461,09:56:03,10.31,--,142,146402,卖盘
2462,09:55:57,10.31,-0.01,49,50519,卖盘
2463,09:55:54,10.32,--,11,11352,买盘
2464,09:55:51,10.32,--,28,28896,买盘
2465,09:55:48,10.32,-0.03,489,504648,卖盘
2466,09:55:45,10.35,--,79,81765,买盘
2467,09:55:42,10.35,0.01,54,55890,买盘
2468,09:55:39,10.34,--,96,99264,卖盘
2469,09:55:33,10.34,-0.01,60,62040,卖盘
2470,09:55:30,10.35,--,108,111780,买盘
2471,09:55:27,10.35,-0.01,947,981066,卖盘
2472,09:55:24,10.36,--,119,123284,卖盘
2473,09:55:21,10.36,--,78,80808,卖盘
2474,09:55:18,10.36,-0.01,7,7252,卖盘
2475,09:55:15,10.37,0.01,2,2074,买盘
2476,09:55:09,10.36,--,4,4144,卖盘
2477,09:55:06,10.36,-0.01,83,85988,卖盘
2478,09:55:03,10.37,0.01,11,11407,买盘
2479,09:55:00,10.36,-0.01,5,5180,卖盘
2480,09:54:54,10.37,0.01,3,3110,买盘
2481,09:54:45,10.36,--,10,10360,卖盘
2482,09:54:42,10.36,--,8,8288,卖盘
2483,09:54:36,10.36,-0.01,8,8288,卖盘
2484,09:54:24,10.37,--,14,14517,买盘
2485,09:54:15,10.37,0.01,1,1037,买盘
2486,09:54:12,10.36,-0.01,8,8288,卖盘
2487,09:54:06,10.37,0.01,20,20740,买盘
2488,09:54:00,10.36,-0.01,5,5180,卖盘
2489,09:53:57,10.37,--,117,121328,买盘
2490,09:53:54,10.37,0.01,7,7258,买盘
2491,09:53:51,10.36,-0.01,5,5180,卖盘
2492,09:53:45,10.37,--,5,5185,买盘
2493,09:53:42,10.37,0.01,30,31109,买盘
2494,09:53:39,10.36,-0.01,20,20720,卖盘
2495,09:53:36,10.37,--,62,64293,买盘
2496,09:53:30,10.37,--,12,12443,买盘
2497,09:53:24,10.37,--,3,3110,买盘
2498,09:53:21,10.37,--,1,1037,买盘
2499,09:53:09,10.37,0.01,7,7258,买盘
2500,09:52:54,10.36,--,13,13468,卖盘
2501,09:52:51,10.36,-0.01,15,15540,卖盘
2502,09:52:48,10.37,0.01,15,15554,买盘
2503,09:52:45,10.36,--,5,5180,卖盘
2504,09:52:42,10.36,--,16,16576,卖盘
2505,09:52:36,10.36,--,43,44548,卖盘
2506,09:52:33,10.36,--,6,6216,卖盘
2507,09:52:27,10.36,--,3,3108,卖盘
2508,09:52:24,10.36,--,14,14504,卖盘
2509,09:52:09,10.36,-0.01,2,2072,卖盘
2510,09:52:06,10.37,0.01,42,43554,买盘
2511,09:52:03,10.36,--,2,2072,卖盘
2512,09:51:57,10.36,-0.01,4,4144,卖盘
2513,09:51:54,10.37,0.01,3,3110,买盘
2514,09:51:51,10.36,--,13,13468,卖盘
2515,09:51:48,10.36,--,42,43512,卖盘
2516,09:51:45,10.36,--,4,4144,卖盘
2517,09:51:42,10.36,--,8,8288,卖盘
2518,09:51:39,10.36,--,31,32116,卖盘
2519,09:51:36,10.36,--,12,12432,卖盘
2520,09:51:30,10.36,-0.01,4,4144,卖盘
2521,09:51:27,10.37,--,7,7258,买盘
2522,09:51:24,10.37,--,3,3110,买盘
2523,09:51:21,10.37,--,76,78812,买盘
2524,09:51:09,10.37,0.01,4,4148,买盘
2525,09:51:06,10.36,-0.01,10,10360,卖盘
2526,09:51:03,10.37,0.01,10,10370,买盘
2527,09:50:57,10.36,-0.01,101,104636,卖盘
2528,09:50:54,10.37,0.01,3,3110,买盘
2529,09:50:51,10.36,-0.01,10,10360,卖盘
2530,09:50:42,10.37,--,10,10370,买盘
2531,09:50:27,10.37,--,12,12443,买盘
2532,09:50:24,10.37,0.01,3,3110,买盘
2533,09:50:18,10.36,--,10,10360,卖盘
2534,09:50:12,10.36,-0.01,20,20720,卖盘
2535,09:50:09,10.37,--,3,3110,买盘
2536,09:50:03,10.37,--,1,1037,买盘
2537,09:49:57,10.37,--,1,1037,买盘
2538,09:49:54,10.37,-0.01,18,18666,卖盘
2539,09:49:51,10.38,0.01,12,12456,买盘
2540,09:49:48,10.37,--,34,35258,卖盘
2541,09:49:45,10.37,--,1,1037,卖盘
2542,09:49:42,10.37,--,16,16592,卖盘
2543,09:49:30,10.37,--,7,7258,卖盘
2544,09:49:27,10.37,--,5,5185,卖盘
2545,09:49:24,10.37,--,5,5185,卖盘
2546,09:49:21,10.37,-0.01,50,51849,中性盘
2547,09:49:15,10.38,0.01,550,570900,买盘
2548,09:49:12,10.37,--,16,16592,买盘
2549,09:49:09,10.37,0.01,113,117180,买盘
2550,09:49:03,10.36,-0.01,26,26936,卖盘
2551,09:49:00,10.37,--,9,9333,买盘
2552,09:48:57,10.37,--,1,1037,买盘
2553,09:48:54,10.37,--,3,3110,买盘
2554,09:48:51,10.37,--,11,11407,买盘
2555,09:48:48,10.37,--,45,46665,中性盘
2556,09:48:39,10.37,--,19,19703,买盘
2557,09:48:36,10.37,--,18,18666,买盘
2558,09:48:33,10.37,--,3,3110,买盘
2559,09:48:30,10.37,0.01,11,11407,买盘
2560,09:48:27,10.36,-0.01,5,5180,卖盘
2561,09:48:24,10.37,--,3,3110,买盘
2562,09:48:21,10.37,0.01,10,10370,买盘
2563,09:48:18,10.36,-0.01,2,2072,卖盘
2564,09:48:12,10.37,--,100,103699,买盘
2565,09:48:09,10.37,0.01,4,4148,买盘
2566,09:48:00,10.36,--,4,4144,买盘
2567,09:47:57,10.36,--,44,45584,卖盘
2568,09:47:54,10.36,-0.01,58,60088,卖盘
2569,09:47:51,10.37,--,7,7258,买盘
2570,09:47:48,10.37,0.01,5,5185,买盘
2571,09:47:45,10.36,-0.01,94,97384,卖盘
2572,09:47:39,10.37,0.01,10,10370,买盘
2573,09:47:36,10.36,-0.02,10,10360,卖盘
2574,09:47:33,10.38,0.02,18,18684,买盘
2575,09:47:30,10.36,-0.02,71,73556,卖盘
2576,09:47:24,10.38,0.01,52,53976,买盘
2577,09:47:21,10.37,-0.01,10,10370,中性盘
2578,09:47:18,10.38,--,69,71622,买盘
2579,09:47:09,10.38,--,1,1038,买盘
2580,09:47:06,10.38,--,37,38406,买盘
2581,09:47:03,10.38,--,20,20760,买盘
2582,09:47:00,10.38,--,122,126636,买盘
2583,09:46:57,10.38,--,6,6228,买盘
2584,09:46:54,10.38,--,18,18684,买盘
2585,09:46:51,10.38,--,2,2076,买盘
2586,09:46:48,10.38,--,20,20760,买盘
2587,09:46:45,10.38,--,5,5190,买盘
2588,09:46:42,10.38,0.02,10,10380,买盘
2589,09:46:39,10.36,-0.01,100,103600,卖盘
2590,09:46:36,10.37,-0.01,18,18666,卖盘
2591,09:46:30,10.38,--,20,20760,买盘
2592,09:46:24,10.38,0.02,3,3114,买盘
2593,09:46:21,10.36,--,7,7252,卖盘
2594,09:46:18,10.36,-0.02,23,23828,卖盘
2595,09:46:15,10.38,0.02,435,451530,买盘
2596,09:46:12,10.36,--,24,24864,买盘
2597,09:46:09,10.36,--,30,31080,买盘
2598,09:46:03,10.36,0.01,27,27972,买盘
2599,09:45:57,10.35,-0.01,11,11385,卖盘
2600,09:45:54,10.36,--,18,18648,买盘
2601,09:45:48,10.36,0.01,10,10360,买盘
2602,09:45:45,10.35,-0.01,11,11385,卖盘
2603,09:45:42,10.36,0.01,523,541828,买盘
2604,09:45:39,10.35,-0.01,28,28980,卖盘
2605,09:45:33,10.36,--,6,6216,买盘
2606,09:45:30,10.36,--,6,6216,买盘
2607,09:45:27,10.36,--,20,20720,买盘
2608,09:45:24,10.36,0.01,3,3108,买盘
2609,09:45:18,10.35,--,4,4140,卖盘
2610,09:45:15,10.35,--,5,5175,卖盘
2611,09:45:12,10.35,--,13,13568,买盘
2612,09:45:06,10.35,--,22,22770,买盘
2613,09:44:57,10.35,--,5,6096,卖盘
2614,09:44:54,10.35,-0.01,13,13455,卖盘
2615,09:44:45,10.36,0.01,9,9324,买盘
2616,09:44:42,10.35,--,105,108675,卖盘
2617,09:44:39,10.35,-0.01,5,5175,卖盘
2618,09:44:36,10.36,0.01,16,16576,买盘
2619,09:44:33,10.35,--,5,5175,卖盘
2620,09:44:24,10.35,--,102,105570,卖盘
2621,09:44:21,10.35,--,10,10350,卖盘
2622,09:44:15,10.35,--,3,3105,卖盘
2623,09:44:12,10.35,--,10,10350,卖盘
2624,09:44:09,10.35,--,5,5288,买盘
2625,09:44:06,10.35,--,15,15525,买盘
2626,09:44:03,10.35,0.01,18,18630,买盘
2627,09:44:00,10.34,-0.01,12,12408,卖盘
2628,09:43:57,10.35,--,50,51750,买盘
2629,09:43:54,10.35,--,3,3105,买盘
2630,09:43:51,10.35,--,10,10350,买盘
2631,09:43:48,10.35,0.02,98,101430,买盘
2632,09:43:45,10.33,-0.02,274,283042,卖盘
2633,09:43:42,10.35,--,96,99360,买盘
2634,09:43:39,10.35,--,21,21735,买盘
2635,09:43:36,10.35,0.01,1,1035,买盘
2636,09:43:30,10.34,--,33,34122,卖盘
2637,09:43:27,10.34,--,12,12408,卖盘
2638,09:43:24,10.34,--,11,11374,卖盘
2639,09:43:21,10.34,--,1,1034,卖盘
2640,09:43:15,10.34,-0.01,11,11374,卖盘
2641,09:43:06,10.35,--,3,4026,卖盘
2642,09:43:03,10.35,--,6,6210,卖盘
2643,09:42:57,10.35,--,18,18743,买盘
2644,09:42:54,10.35,--,16,16560,买盘
2645,09:42:45,10.35,--,5,5175,买盘
2646,09:42:39,10.35,--,19,19665,买盘
2647,09:42:36,10.35,--,58,60951,卖盘
2648,09:42:33,10.35,--,13,13455,卖盘
2649,09:42:30,10.35,-0.01,22,22770,卖盘
2650,09:42:24,10.36,0.01,3,3108,买盘
2651,09:42:21,10.35,--,53,54968,买盘
2652,09:42:18,10.35,--,207,215166,卖盘
2653,09:42:12,10.35,--,2,2070,卖盘
2654,09:42:09,10.35,0.01,539,557978,买盘
2655,09:42:00,10.34,-0.01,1,1034,卖盘
2656,09:41:57,10.35,--,203,210105,买盘
2657,09:41:54,10.35,0.01,3,3105,买盘
2658,09:41:48,10.34,--,3,3102,卖盘
2659,09:41:42,10.34,-0.01,5,5170,卖盘
2660,09:41:36,10.35,--,223,230805,买盘
2661,09:41:33,10.35,0.01,100,103500,买盘
2662,09:41:30,10.34,--,3,3102,买盘
2663,09:41:27,10.34,--,7,7238,买盘
2664,09:41:24,10.34,--,13,13442,买盘
2665,09:41:18,10.34,--,16,16544,买盘
2666,09:41:15,10.34,0.01,14,14476,买盘
2667,09:41:09,10.33,--,202,208666,卖盘
2668,09:41:03,10.33,--,100,103300,卖盘
2669,09:41:00,10.33,--,50,51650,卖盘
2670,09:40:54,10.33,--,11,11363,卖盘
2671,09:40:48,10.33,--,29,29957,买盘
2672,09:40:45,10.33,0.01,2,2066,买盘
2673,09:40:36,10.32,-0.01,11,11352,卖盘
2674,09:40:33,10.33,0.01,14,14462,买盘
2675,09:40:30,10.32,-0.01,1,1032,卖盘
2676,09:40:24,10.33,--,3,3099,买盘
2677,09:40:21,10.33,0.01,200,206600,买盘
2678,09:40:12,10.32,--,102,105264,买盘
2679,09:40:09,10.32,--,110,113520,买盘
2680,09:40:03,10.32,--,29,29928,买盘
2681,09:40:00,10.32,--,2,2064,买盘
2682,09:39:57,10.32,-0.01,6,6192,卖盘
2683,09:39:54,10.33,0.01,3,3099,买盘
2684,09:39:51,10.32,--,42,43344,卖盘
2685,09:39:48,10.32,--,180,185760,卖盘
2686,09:39:45,10.32,-0.01,29,29928,卖盘
2687,09:39:42,10.33,--,6,6198,买盘
2688,09:39:39,10.33,--,6,6198,买盘
2689,09:39:36,10.33,--,30,30990,买盘
2690,09:39:24,10.33,--,23,23759,买盘
2691,09:39:21,10.33,--,113,116729,买盘
2692,09:39:15,10.33,0.01,8,8264,买盘
2693,09:39:09,10.32,--,189,195048,卖盘
2694,09:39:06,10.32,--,45,46440,卖盘
2695,09:39:03,10.32,--,17,17544,买盘
2696,09:39:00,10.32,0.01,137,141384,买盘
2697,09:38:57,10.31,-0.01,22,22682,卖盘
2698,09:38:54,10.32,0.01,3,3096,买盘
2699,09:38:51,10.31,--,3,3093,卖盘
2700,09:38:48,10.31,--,54,55674,卖盘
2701,09:38:45,10.31,--,15,15465,卖盘
2702,09:38:42,10.31,-0.01,20,20620,卖盘
2703,09:38:39,10.32,--,105,108360,买盘
2704,09:38:33,10.32,0.01,44,45408,买盘
2705,09:38:30,10.31,--,71,73201,卖盘
2706,09:38:27,10.31,--,50,51550,卖盘
2707,09:38:24,10.31,-0.01,36,37116,卖盘
2708,09:38:21,10.32,--,1,1032,买盘
2709,09:38:18,10.32,--,22,22704,买盘
2710,09:38:06,10.32,0.02,20,20640,买盘
2711,09:38:03,10.3,-0.02,273,281190,卖盘
2712,09:38:00,10.32,0.01,20,20640,买盘
2713,09:37:57,10.31,--,41,42271,卖盘
2714,09:37:54,10.31,-0.01,24,24744,卖盘
2715,09:37:48,10.32,0.01,18,18576,买盘
2716,09:37:42,10.31,--,3,3093,卖盘
2717,09:37:39,10.31,--,17,17527,卖盘
2718,09:37:36,10.31,--,7,7217,买盘
2719,09:37:33,10.31,--,56,57736,买盘
2720,09:37:30,10.31,0.01,45,46395,买盘
2721,09:37:27,10.3,-0.01,8,8240,卖盘
2722,09:37:24,10.31,0.01,14,14434,买盘
2723,09:37:21,10.3,-0.01,11,11330,卖盘
2724,09:37:18,10.31,--,5,5155,买盘
2725,09:37:06,10.31,-0.01,27,27837,卖盘
2726,09:37:03,10.32,--,48,49536,买盘
2727,09:37:00,10.32,--,9,9288,买盘
2728,09:36:57,10.32,-0.01,50,51600,卖盘
2729,09:36:54,10.33,--,63,65079,买盘
2730,09:36:51,10.33,--,17,17561,买盘
2731,09:36:48,10.33,-0.01,1,1033,中性盘
2732,09:36:42,10.34,0.01,23,23782,买盘
2733,09:36:39,10.33,--,14,14462,卖盘
2734,09:36:36,10.33,-0.01,20,20660,卖盘
2735,09:36:30,10.34,-0.01,4,4136,卖盘
2736,09:36:27,10.35,--,15,15525,买盘
2737,09:36:24,10.35,--,3,3105,买盘
2738,09:36:18,10.35,--,109,112815,买盘
2739,09:36:15,10.35,0.01,20,20700,买盘
2740,09:36:12,10.34,--,12,12408,卖盘
2741,09:36:09,10.34,-0.01,10,10340,卖盘
2742,09:36:06,10.35,0.01,12,12420,买盘
2743,09:36:03,10.34,0.03,9,9306,买盘
2744,09:36:00,10.31,-0.05,100,103100,卖盘
2745,09:35:54,10.36,--,94,97384,买盘
2746,09:35:51,10.36,0.03,20,20720,买盘
2747,09:35:45,10.33,--,22,22726,卖盘
2748,09:35:42,10.33,-0.01,13,13429,卖盘
2749,09:35:33,10.34,0.01,63,65142,中性盘
2750,09:35:27,10.33,-0.03,10,10330,卖盘
2751,09:35:24,10.36,0.02,673,697228,买盘
2752,09:35:21,10.34,0.01,5,5170,买盘
2753,09:35:18,10.33,--,5,5165,卖盘
2754,09:35:15,10.33,--,124,128092,买盘
2755,09:35:12,10.33,--,7,7231,买盘
2756,09:35:06,10.33,--,8,8264,买盘
2757,09:35:03,10.33,--,19,19627,买盘
2758,09:35:00,10.33,0.02,21,21693,买盘
2759,09:34:54,10.31,-0.02,48,49488,卖盘
2760,09:34:51,10.33,--,353,364649,卖盘
2761,09:34:45,10.33,--,65,67145,卖盘
2762,09:34:42,10.33,0.02,283,292339,买盘
2763,09:34:33,10.31,--,3,3093,卖盘
2764,09:34:30,10.31,0.01,57,58767,买盘
2765,09:34:27,10.3,0.01,170,175100,买盘
2766,09:34:24,10.29,0.01,261,269587,买盘
2767,09:34:21,10.28,0.01,104,106912,买盘
2768,09:34:15,10.27,--,494,507338,买盘
2769,09:34:12,10.27,--,104,106808,买盘
2770,09:34:06,10.27,--,10,10270,买盘
2771,09:34:03,10.27,0.01,9,9243,买盘
2772,09:34:00,10.26,-0.01,53,54378,卖盘
2773,09:33:57,10.27,--,2,2054,买盘
2774,09:33:54,10.27,0.01,17,17459,买盘
2775,09:33:51,10.26,--,10,10260,卖盘
2776,09:33:48,10.26,--,54,55404,买盘
2777,09:33:42,10.26,--,5,5130,买盘
2778,09:33:39,10.26,--,1,1026,卖盘
2779,09:33:36,10.26,--,39,40014,买盘
2780,09:33:33,10.26,--,29,29754,卖盘
2781,09:33:30,10.26,0.01,171,175446,买盘
2782,09:33:27,10.25,--,5,5125,卖盘
2783,09:33:24,10.25,-0.01,4,4100,卖盘
2784,09:33:21,10.26,0.01,88,90288,买盘
2785,09:33:12,10.25,-0.01,73,74825,卖盘
2786,09:33:09,10.26,--,85,87210,买盘
2787,09:33:03,10.26,--,38,38988,买盘
2788,09:33:00,10.26,--,59,60534,卖盘
2789,09:32:54,10.26,--,40,41040,卖盘
2790,09:32:48,10.26,--,4,4104,卖盘
2791,09:32:42,10.26,--,21,21546,卖盘
2792,09:32:39,10.26,--,139,142614,卖盘
2793,09:32:36,10.26,-0.01,10,10260,卖盘
2794,09:32:30,10.27,0.01,10,10270,买盘
2795,09:32:24,10.26,-0.01,35,35910,卖盘
2796,09:32:21,10.27,-0.01,98,100646,卖盘
2797,09:32:15,10.28,--,2,2056,买盘
2798,09:32:06,10.28,--,5,5140,买盘
2799,09:32:03,10.28,--,42,43176,买盘
2800,09:32:00,10.28,--,5,5140,买盘
2801,09:31:54,10.28,--,3,3084,买盘
2802,09:31:48,10.28,0.01,50,51400,买盘
2803,09:31:45,10.27,--,5,5135,买盘
2804,09:31:42,10.27,--,9,9243,买盘
2805,09:31:39,10.27,--,418,429286,卖盘
2806,09:31:36,10.27,-0.01,27,27729,卖盘
2807,09:31:33,10.28,0.01,170,174760,买盘
2808,09:31:30,10.27,-0.01,15,15405,卖盘
2809,09:31:27,10.28,0.01,109,112052,买盘
2810,09:31:24,10.27,--,10,10270,卖盘
2811,09:31:21,10.27,--,4,4108,卖盘
2812,09:31:18,10.27,--,100,102700,买盘
2813,09:31:12,10.27,--,50,51350,买盘
2814,09:31:09,10.27,--,120,123240,买盘
2815,09:31:06,10.27,--,6,6162,买盘
2816,09:31:03,10.27,0.01,211,216697,买盘
2817,09:31:00,10.26,--,6,6156,卖盘
2818,09:30:57,10.26,0.01,10,10260,中性盘
2819,09:30:54,10.25,--,41,42025,买盘
2820,09:30:48,10.25,-0.02,524,537100,卖盘
2821,09:30:45,10.27,--,5,5135,买盘
2822,09:30:39,10.27,0.02,3,3081,买盘
2823,09:30:36,10.25,-0.02,56,57400,中性盘
2824,09:30:24,10.27,--,3,3081,买盘
2825,09:30:21,10.27,0.03,6,6162,中性盘
2826,09:30:15,10.24,-0.01,98,100352,卖盘
2827,09:30:06,10.25,--,16,16400,买盘
2828,09:30:03,10.25,--,223,228575,买盘
2829,09:30:00,10.25,-0.04,79,80975,卖盘
2830,09:25:03,10.29,10.29,270,277830,买盘
