,time,price,change,volume,amount,type
0,15:00:03,7.5,--,2866,2149500,买盘
1,14:57:00,7.5,--,50,37500,买盘
2,14:56:57,7.5,--,70,52500,买盘
3,14:56:54,7.5,--,13,9750,买盘
4,14:56:51,7.5,--,17,12750,买盘
5,14:56:48,7.5,0.01,39,29250,买盘
6,14:56:45,7.49,-0.01,8,5992,卖盘
7,14:56:42,7.5,0.01,385,288750,买盘
8,14:56:39,7.49,--,94,70406,卖盘
9,14:56:33,7.49,--,24,17976,卖盘
10,14:56:27,7.49,-0.01,100,74900,卖盘
11,14:56:24,7.5,--,42,31500,买盘
12,14:56:21,7.5,--,209,156750,买盘
13,14:56:18,7.5,--,10,7500,买盘
14,14:56:15,7.5,--,1,750,买盘
15,14:56:09,7.5,0.01,40,30000,买盘
16,14:56:06,7.49,-0.01,32,23968,卖盘
17,14:56:03,7.5,--,3,2250,买盘
18,14:56:00,7.5,0.01,1,750,买盘
19,14:55:57,7.49,--,51,38199,卖盘
20,14:55:54,7.49,--,6,4494,卖盘
21,14:55:51,7.49,-0.01,56,41944,卖盘
22,14:55:48,7.5,--,48,36000,买盘
23,14:55:45,7.5,0.01,54,40500,买盘
24,14:55:42,7.49,--,8,5992,卖盘
25,14:55:39,7.49,-0.01,50,37450,卖盘
26,14:55:33,7.5,0.01,2,1500,买盘
27,14:55:30,7.49,-0.01,8,5992,买盘
28,14:55:27,7.5,--,46,34500,买盘
29,14:55:24,7.5,0.01,805,603750,买盘
30,14:55:21,7.49,--,1,749,买盘
31,14:55:18,7.49,--,87,65163,卖盘
32,14:55:15,7.49,--,33,24717,卖盘
33,14:55:12,7.49,--,68,50932,卖盘
34,14:55:09,7.49,--,13,9737,卖盘
35,14:55:06,7.49,--,6,4494,卖盘
36,14:55:03,7.49,--,52,38948,买盘
37,14:55:00,7.49,0.01,51,38199,买盘
38,14:54:57,7.48,--,15,11220,卖盘
39,14:54:48,7.48,--,6,4488,卖盘
40,14:54:45,7.48,--,99,74052,卖盘
41,14:54:42,7.48,--,8,5984,卖盘
42,14:54:39,7.48,--,159,118932,卖盘
43,14:54:36,7.48,-0.01,5,3740,卖盘
44,14:54:33,7.49,--,57,42693,买盘
45,14:54:30,7.49,--,11,8239,买盘
46,14:54:27,7.49,--,130,97370,买盘
47,14:54:24,7.49,--,1,749,买盘
48,14:54:21,7.49,--,65,48685,买盘
49,14:54:18,7.49,0.01,109,81641,买盘
50,14:54:15,7.48,--,74,55352,卖盘
51,14:54:12,7.48,--,8,5984,卖盘
52,14:54:09,7.48,-0.01,36,26928,卖盘
53,14:54:06,7.49,--,220,164780,买盘
54,14:54:03,7.49,--,45,33705,买盘
55,14:54:00,7.49,--,6,4494,买盘
56,14:53:57,7.49,--,14,10486,买盘
57,14:53:51,7.49,--,26,19474,买盘
58,14:53:48,7.49,--,317,237433,买盘
59,14:53:45,7.49,--,8,5992,卖盘
60,14:53:42,7.49,--,87,65163,卖盘
61,14:53:39,7.49,0.01,97,72653,中性盘
62,14:53:33,7.48,-0.02,75,56100,卖盘
63,14:53:30,7.5,0.01,3448,2586000,买盘
64,14:53:24,7.49,0.01,51,38199,买盘
65,14:53:15,7.48,-0.02,15,11220,卖盘
66,14:53:12,7.5,0.01,609,456750,买盘
67,14:53:09,7.49,0.01,89,66661,买盘
68,14:53:06,7.48,-0.01,22,16456,卖盘
69,14:53:03,7.49,-0.01,200,149800,卖盘
70,14:53:00,7.5,0.01,6,4500,买盘
71,14:52:57,7.49,-0.01,43,32207,卖盘
72,14:52:54,7.5,0.02,516,387000,买盘
73,14:52:51,7.48,--,34,25432,卖盘
74,14:52:48,7.48,-0.01,1340,1002320,卖盘
75,14:52:45,7.49,--,18,13482,买盘
76,14:52:42,7.49,--,601,450149,买盘
77,14:52:39,7.49,--,62,46438,买盘
78,14:52:33,7.49,--,3,2247,买盘
79,14:52:27,7.49,0.01,2,1498,买盘
80,14:52:21,7.48,-0.01,50,37400,卖盘
81,14:52:18,7.49,--,3,2247,买盘
82,14:52:15,7.49,--,16,11984,买盘
83,14:52:12,7.49,--,2,1498,买盘
84,14:52:09,7.49,--,13,9737,买盘
85,14:52:06,7.49,0.01,21,15729,买盘
86,14:52:03,7.48,-0.01,9,6732,卖盘
87,14:52:00,7.49,0.01,19,14231,买盘
88,14:51:57,7.48,--,16,12596,买盘
89,14:51:48,7.48,--,174,130271,卖盘
90,14:51:45,7.48,--,39,29172,卖盘
91,14:51:42,7.48,--,1215,908820,卖盘
92,14:51:39,7.48,-0.01,120,89760,卖盘
93,14:51:36,7.49,--,94,70406,买盘
94,14:51:33,7.49,0.01,30,22470,买盘
95,14:51:30,7.48,--,10,7480,卖盘
96,14:51:27,7.48,--,31,23816,卖盘
97,14:51:24,7.48,--,1,748,卖盘
98,14:51:21,7.48,--,16,11968,卖盘
99,14:51:18,7.48,--,67,50116,卖盘
100,14:51:15,7.48,--,66,49368,卖盘
101,14:51:12,7.48,--,145,108460,卖盘
102,14:51:09,7.48,-0.01,123,92004,卖盘
103,14:51:06,7.49,--,190,142310,买盘
104,14:51:03,7.49,--,272,203728,买盘
105,14:51:00,7.49,0.01,6,4494,买盘
106,14:50:54,7.48,--,11,8228,卖盘
107,14:50:51,7.48,--,415,310420,买盘
108,14:50:48,7.48,--,17,12716,买盘
109,14:50:45,7.48,-0.01,97,72556,卖盘
110,14:50:42,7.49,--,525,393225,买盘
111,14:50:36,7.49,--,47,35203,买盘
112,14:50:33,7.49,0.01,249,186501,买盘
113,14:50:21,7.48,--,2,1496,买盘
114,14:50:18,7.48,0.01,16,11968,买盘
115,14:50:15,7.47,-0.01,24,17928,卖盘
116,14:50:12,7.48,--,99,74052,买盘
117,14:50:09,7.48,--,34,25432,买盘
118,14:50:06,7.48,--,412,308176,买盘
119,14:50:03,7.48,0.01,13,9724,买盘
120,14:50:00,7.47,-0.01,6,4482,卖盘
121,14:49:57,7.48,--,123,92004,买盘
122,14:49:54,7.48,--,35,26180,买盘
123,14:49:51,7.48,--,18,13464,买盘
124,14:49:48,7.48,--,8,5984,卖盘
125,14:49:45,7.48,--,21,15708,卖盘
126,14:49:42,7.48,-0.01,4,2992,卖盘
127,14:49:39,7.49,0.01,9,6741,买盘
128,14:49:36,7.48,--,44,32912,买盘
129,14:49:33,7.48,0.01,2,1496,买盘
130,14:49:30,7.47,-0.01,1,747,卖盘
131,14:49:27,7.48,--,42,31416,买盘
132,14:49:24,7.48,--,959,717332,卖盘
133,14:49:21,7.48,-0.01,2,1496,卖盘
134,14:49:18,7.49,--,55,41195,买盘
135,14:49:15,7.49,--,63,47187,买盘
136,14:49:12,7.49,--,10,7490,买盘
137,14:49:06,7.49,--,3,2247,买盘
138,14:49:03,7.49,0.01,54,40446,买盘
139,14:49:00,7.48,-0.01,101,75548,卖盘
140,14:48:57,7.49,--,6,4494,买盘
141,14:48:51,7.49,0.01,3,2247,买盘
142,14:48:48,7.48,-0.01,6,4488,卖盘
143,14:48:42,7.49,0.01,19,14231,买盘
144,14:48:39,7.48,-0.01,30,22440,卖盘
145,14:48:33,7.49,--,56,41944,买盘
146,14:48:30,7.49,--,27,20223,买盘
147,14:48:27,7.49,0.01,123,92127,买盘
148,14:48:24,7.48,--,809,605132,卖盘
149,14:48:21,7.48,--,5,3740,卖盘
150,14:48:18,7.48,--,137,102476,卖盘
151,14:48:15,7.48,--,70,52360,卖盘
152,14:48:12,7.48,-0.01,4,2992,卖盘
153,14:48:09,7.49,0.01,56,41944,买盘
154,14:48:06,7.48,-0.01,73,54604,卖盘
155,14:48:03,7.49,--,4,2996,买盘
156,14:47:57,7.49,--,5,3745,买盘
157,14:47:54,7.49,0.01,8,5992,买盘
158,14:47:51,7.48,-0.01,10,7480,卖盘
159,14:47:48,7.49,0.01,2,1498,买盘
160,14:47:45,7.48,--,15,11220,卖盘
161,14:47:39,7.48,-0.01,8,5984,卖盘
162,14:47:36,7.49,0.01,98,73402,买盘
163,14:47:33,7.48,-0.01,37,27676,卖盘
164,14:47:30,7.49,--,238,178262,买盘
165,14:47:27,7.49,--,34,25466,买盘
166,14:47:24,7.49,--,1,749,买盘
167,14:47:21,7.49,0.01,30,22470,买盘
168,14:47:18,7.48,-0.01,100,74800,卖盘
169,14:47:15,7.49,--,34,25466,买盘
170,14:47:09,7.49,--,1,749,买盘
171,14:47:06,7.49,0.01,58,43442,买盘
172,14:47:03,7.48,-0.01,66,49368,卖盘
173,14:46:57,7.49,0.01,2,1498,买盘
174,14:46:54,7.48,-0.01,4,2992,卖盘
175,14:46:51,7.49,0.01,38,28462,买盘
176,14:46:48,7.48,--,80,59840,买盘
177,14:46:42,7.48,0.01,50,37400,买盘
178,14:46:39,7.47,-0.01,16,11952,卖盘
179,14:46:36,7.48,--,132,98736,买盘
180,14:46:33,7.48,--,12,8976,买盘
181,14:46:30,7.48,--,68,50864,买盘
182,14:46:27,7.48,--,10,7480,买盘
183,14:46:18,7.48,-0.01,61,45628,卖盘
184,14:46:15,7.49,--,21,15729,买盘
185,14:46:12,7.49,0.01,31,23219,买盘
186,14:46:09,7.48,--,40,29920,卖盘
187,14:46:06,7.48,-0.01,6,4488,卖盘
188,14:46:03,7.49,0.01,42,31458,买盘
189,14:46:00,7.48,--,79,59092,买盘
190,14:45:57,7.48,--,24,17952,中性盘
191,14:45:54,7.48,0.01,751,561748,买盘
192,14:45:48,7.47,-0.01,6,4482,卖盘
193,14:45:45,7.48,0.01,10,7480,买盘
194,14:45:39,7.47,-0.01,14,10458,卖盘
195,14:45:36,7.48,--,16,11968,买盘
196,14:45:33,7.48,--,12,8976,买盘
197,14:45:27,7.48,0.01,20,14960,买盘
198,14:45:24,7.47,--,48,35856,卖盘
199,14:45:21,7.47,--,60,44820,卖盘
200,14:45:18,7.47,--,7,5229,卖盘
201,14:45:15,7.47,--,77,57519,卖盘
202,14:45:12,7.47,--,60,44820,卖盘
203,14:45:09,7.47,-0.01,7,5229,卖盘
204,14:45:06,7.48,--,18,13464,买盘
205,14:45:03,7.48,--,24,17952,买盘
206,14:45:00,7.48,--,2,1496,买盘
207,14:44:57,7.48,--,6,4488,买盘
208,14:44:51,7.48,--,58,43384,买盘
209,14:44:48,7.48,--,1,748,买盘
210,14:44:42,7.48,0.01,25,18700,买盘
211,14:44:39,7.47,--,6,4482,卖盘
212,14:44:36,7.47,-0.01,63,47061,卖盘
213,14:44:33,7.48,0.01,3,2244,买盘
214,14:44:30,7.47,-0.01,40,29880,卖盘
215,14:44:27,7.48,--,52,38896,买盘
216,14:44:24,7.48,0.01,99,74052,买盘
217,14:44:21,7.47,--,9,6723,卖盘
218,14:44:18,7.47,-0.01,67,50049,卖盘
219,14:44:15,7.48,--,24,17952,买盘
220,14:44:12,7.48,--,24,17952,买盘
221,14:44:09,7.48,0.01,17,12716,买盘
222,14:44:06,7.47,-0.01,86,64242,卖盘
223,14:44:03,7.48,--,2,1496,买盘
224,14:44:00,7.48,0.01,2,1496,买盘
225,14:43:57,7.47,--,6,4482,卖盘
226,14:43:51,7.47,-0.01,24,17928,卖盘
227,14:43:42,7.48,--,27,20196,买盘
228,14:43:39,7.48,--,229,171292,卖盘
229,14:43:36,7.48,--,539,403172,卖盘
230,14:43:33,7.48,--,1,748,卖盘
231,14:43:30,7.48,--,17,12716,卖盘
232,14:43:27,7.48,--,692,517616,卖盘
233,14:43:24,7.48,-0.01,60,44880,卖盘
234,14:43:21,7.49,--,23,17227,买盘
235,14:43:18,7.49,0.01,42,31458,买盘
236,14:43:15,7.48,-0.01,1007,753236,卖盘
237,14:43:06,7.49,--,37,27713,买盘
238,14:43:03,7.49,--,57,42693,买盘
239,14:43:00,7.49,0.01,9,6741,买盘
240,14:42:57,7.48,-0.01,4,2992,卖盘
241,14:42:51,7.49,0.01,39,29211,买盘
242,14:42:48,7.48,--,5,3740,卖盘
243,14:42:45,7.48,-0.01,92,68816,卖盘
244,14:42:39,7.49,--,66,49434,买盘
245,14:42:36,7.49,--,9,6741,买盘
246,14:42:33,7.49,0.01,7,5243,买盘
247,14:42:27,7.48,-0.01,79,59092,卖盘
248,14:42:24,7.49,0.01,21,15729,买盘
249,14:42:21,7.48,--,5,3740,卖盘
250,14:42:18,7.48,--,22,16456,卖盘
251,14:42:15,7.48,--,24,17952,卖盘
252,14:42:09,7.48,-0.01,3,2244,卖盘
253,14:42:06,7.49,--,51,38199,买盘
254,14:42:03,7.49,--,124,92876,买盘
255,14:42:00,7.49,--,26,19474,买盘
256,14:41:57,7.49,0.01,120,89880,买盘
257,14:41:54,7.48,-0.01,9,6732,卖盘
258,14:41:51,7.49,--,13,9737,买盘
259,14:41:48,7.49,--,6,4494,买盘
260,14:41:45,7.49,0.01,70,52430,买盘
261,14:41:42,7.48,--,16,11968,卖盘
262,14:41:39,7.48,-0.01,12,8976,卖盘
263,14:41:36,7.49,--,52,38948,买盘
264,14:41:33,7.49,0.01,378,283122,买盘
265,14:41:30,7.48,-0.01,32,23936,卖盘
266,14:41:27,7.49,--,77,57673,买盘
267,14:41:24,7.49,0.01,23,17227,买盘
268,14:41:18,7.48,--,57,42636,卖盘
269,14:41:15,7.48,--,7,5236,卖盘
270,14:41:09,7.48,--,13,9724,卖盘
271,14:41:06,7.48,--,50,37400,卖盘
272,14:41:03,7.48,-0.01,95,71060,卖盘
273,14:40:57,7.49,--,20,14980,买盘
274,14:40:51,7.49,0.01,40,29960,买盘
275,14:40:48,7.48,-0.01,6,4488,卖盘
276,14:40:45,7.49,0.01,176,131824,买盘
277,14:40:42,7.48,-0.01,1,748,卖盘
278,14:40:39,7.49,--,3,2247,买盘
279,14:40:36,7.49,--,25,18725,买盘
280,14:40:33,7.49,--,17,12733,买盘
281,14:40:30,7.49,0.01,89,66661,买盘
282,14:40:24,7.48,--,6,4488,卖盘
283,14:40:21,7.48,--,188,140624,卖盘
284,14:40:18,7.48,-0.01,100,74800,卖盘
285,14:40:15,7.49,--,19,14231,买盘
286,14:40:12,7.49,0.01,55,41195,买盘
287,14:40:09,7.48,-0.01,18,13464,卖盘
288,14:40:06,7.49,--,49,36701,买盘
289,14:40:03,7.49,--,13,9737,买盘
290,14:39:57,7.49,0.01,101,75649,买盘
291,14:39:54,7.48,-0.01,100,74800,卖盘
292,14:39:51,7.49,0.01,18,13482,买盘
293,14:39:48,7.48,-0.01,110,82280,卖盘
294,14:39:45,7.49,--,17,12733,买盘
295,14:39:42,7.49,--,1,749,买盘
296,14:39:36,7.49,--,10,7490,买盘
297,14:39:33,7.49,--,72,53928,买盘
298,14:39:30,7.49,--,1,749,买盘
299,14:39:27,7.49,--,16,11984,买盘
300,14:39:24,7.49,--,25,18725,买盘
301,14:39:21,7.49,0.01,146,109354,买盘
302,14:39:18,7.48,--,12,8976,卖盘
303,14:39:15,7.48,--,5,3740,卖盘
304,14:39:12,7.48,-0.01,30,22440,卖盘
305,14:39:09,7.49,0.01,19,14231,买盘
306,14:39:06,7.48,-0.01,101,75548,卖盘
307,14:39:03,7.49,--,29,21721,买盘
308,14:39:00,7.49,--,1,749,买盘
309,14:38:57,7.49,--,5,3745,买盘
310,14:38:54,7.49,--,2,1498,买盘
311,14:38:51,7.49,0.01,58,43442,买盘
312,14:38:48,7.48,--,248,185504,卖盘
313,14:38:45,7.48,--,41,30668,卖盘
314,14:38:42,7.48,-0.01,1012,756976,卖盘
315,14:38:39,7.49,--,25,18725,买盘
316,14:38:36,7.49,0.01,5,3745,买盘
317,14:38:33,7.48,--,80,59840,卖盘
318,14:38:30,7.48,-0.01,12,8976,卖盘
319,14:38:27,7.49,0.01,44,32956,买盘
320,14:38:24,7.48,--,1323,989738,买盘
321,14:38:21,7.48,0.01,177,132396,买盘
322,14:38:18,7.47,-0.01,68,50796,卖盘
323,14:38:15,7.48,--,1065,796620,买盘
324,14:38:12,7.48,--,101,75548,买盘
325,14:38:06,7.48,0.01,1,748,买盘
326,14:38:03,7.47,--,15,11205,卖盘
327,14:38:00,7.47,--,30,22410,卖盘
328,14:37:57,7.47,-0.01,820,612540,卖盘
329,14:37:54,7.48,0.01,2,1496,买盘
330,14:37:51,7.47,-0.01,170,126990,卖盘
331,14:37:48,7.48,0.01,21,15708,买盘
332,14:37:45,7.47,--,131,97857,卖盘
333,14:37:42,7.47,--,20,14940,卖盘
334,14:37:36,7.47,--,11,8217,卖盘
335,14:37:33,7.47,--,72,53784,卖盘
336,14:37:30,7.47,-0.01,496,370512,卖盘
337,14:37:27,7.48,0.01,47,35156,买盘
338,14:37:21,7.47,--,6,4482,卖盘
339,14:37:18,7.47,--,7,5229,卖盘
340,14:37:15,7.47,-0.01,79,59013,卖盘
341,14:37:12,7.48,--,100,74800,买盘
342,14:37:09,7.48,--,41,30668,买盘
343,14:37:06,7.48,--,32,23936,买盘
344,14:37:03,7.48,--,18,13464,买盘
345,14:36:57,7.48,--,94,70312,买盘
346,14:36:54,7.48,--,14,10472,买盘
347,14:36:51,7.48,--,2,1496,买盘
348,14:36:48,7.48,0.01,31,23188,买盘
349,14:36:45,7.47,-0.01,3,2241,卖盘
350,14:36:42,7.48,--,48,35904,买盘
351,14:36:39,7.48,0.01,23,17204,买盘
352,14:36:36,7.47,--,79,59013,卖盘
353,14:36:33,7.47,--,5,3735,卖盘
354,14:36:30,7.47,-0.01,208,155846,卖盘
355,14:36:27,7.48,--,5,3740,买盘
356,14:36:24,7.48,0.01,22,16456,买盘
357,14:36:21,7.47,-0.01,106,79182,卖盘
358,14:36:15,7.48,0.01,2,1496,买盘
359,14:36:12,7.47,--,21,15687,卖盘
360,14:36:09,7.47,-0.01,1,747,卖盘
361,14:36:06,7.48,0.01,1,748,买盘
362,14:36:03,7.47,-0.01,2,1494,卖盘
363,14:36:00,7.48,--,1,748,买盘
364,14:35:54,7.48,--,17,12716,买盘
365,14:35:48,7.48,--,1,748,买盘
366,14:35:45,7.48,0.01,40,29920,买盘
367,14:35:42,7.47,-0.01,106,79182,卖盘
368,14:35:39,7.48,0.01,100,74800,买盘
369,14:35:36,7.47,--,16,11952,卖盘
370,14:35:33,7.47,-0.01,8,5976,卖盘
371,14:35:30,7.48,0.01,29,21692,买盘
372,14:35:27,7.47,--,4,2988,卖盘
373,14:35:24,7.47,-0.01,83,62001,卖盘
374,14:35:21,7.48,--,9,6732,买盘
375,14:35:15,7.48,--,22,16456,买盘
376,14:35:12,7.48,0.01,39,29172,买盘
377,14:35:09,7.47,-0.01,5,3735,卖盘
378,14:35:06,7.48,--,26,19448,买盘
379,14:35:03,7.48,0.01,12,8976,买盘
380,14:35:00,7.47,-0.01,2,1494,卖盘
381,14:34:57,7.48,--,2,1496,买盘
382,14:34:51,7.48,--,4,2992,买盘
383,14:34:48,7.48,--,24,17952,买盘
384,14:34:45,7.48,0.01,1,748,买盘
385,14:34:39,7.47,-0.01,65,48555,卖盘
386,14:34:36,7.48,--,50,37400,买盘
387,14:34:33,7.48,--,6,4488,买盘
388,14:34:30,7.48,--,23,17204,买盘
389,14:34:27,7.48,0.01,24,17952,买盘
390,14:34:24,7.47,--,111,82917,卖盘
391,14:34:21,7.47,-0.01,7,5229,卖盘
392,14:34:18,7.48,--,23,17204,买盘
393,14:34:15,7.48,--,50,37400,买盘
394,14:34:12,7.48,0.01,39,29172,买盘
395,14:34:09,7.47,-0.01,3,2241,卖盘
396,14:34:06,7.48,0.01,1,748,买盘
397,14:34:03,7.47,--,6,4482,卖盘
398,14:34:00,7.47,-0.01,36,26892,卖盘
399,14:33:57,7.48,0.01,39,29172,买盘
400,14:33:54,7.47,-0.01,175,130725,卖盘
401,14:33:51,7.48,0.01,56,41888,买盘
402,14:33:48,7.47,-0.01,9,6723,卖盘
403,14:33:45,7.48,0.01,138,103224,买盘
404,14:33:42,7.47,-0.01,331,247257,卖盘
405,14:33:39,7.48,--,38,28424,买盘
406,14:33:36,7.48,--,5,3740,买盘
407,14:33:33,7.48,--,5,3740,买盘
408,14:33:30,7.48,0.01,11,8228,买盘
409,14:33:24,7.47,--,110,82170,卖盘
410,14:33:21,7.47,--,56,41832,卖盘
411,14:33:18,7.47,-0.01,7,5229,卖盘
412,14:33:15,7.48,--,17,12716,买盘
413,14:33:09,7.48,--,19,14212,买盘
414,14:33:06,7.48,0.01,54,40392,买盘
415,14:33:03,7.47,-0.01,141,105327,卖盘
416,14:33:00,7.48,0.01,1,748,买盘
417,14:32:57,7.47,--,7,5229,卖盘
418,14:32:54,7.47,--,147,109809,卖盘
419,14:32:51,7.47,-0.01,12,8964,卖盘
420,14:32:48,7.48,0.01,72,53856,买盘
421,14:32:45,7.47,-0.01,60,44820,卖盘
422,14:32:42,7.48,--,18,13464,买盘
423,14:32:39,7.48,--,1,748,买盘
424,14:32:36,7.48,--,1,748,买盘
425,14:32:33,7.48,--,4,2992,买盘
426,14:32:30,7.48,0.01,2,1496,买盘
427,14:32:27,7.47,--,13,9711,卖盘
428,14:32:24,7.47,--,16,11952,卖盘
429,14:32:21,7.47,--,5,3735,卖盘
430,14:32:18,7.47,-0.01,40,29880,卖盘
431,14:32:15,7.48,--,12,8976,买盘
432,14:32:06,7.48,--,28,20944,买盘
433,14:32:03,7.48,--,85,63580,买盘
434,14:31:57,7.48,0.01,6,4488,买盘
435,14:31:54,7.47,--,62,46314,卖盘
436,14:31:51,7.47,--,67,50049,卖盘
437,14:31:48,7.47,-0.01,28,20916,卖盘
438,14:31:45,7.48,0.01,170,127160,买盘
439,14:31:39,7.47,--,18,13446,卖盘
440,14:31:36,7.47,--,61,45567,卖盘
441,14:31:33,7.47,-0.01,32,23904,卖盘
442,14:31:30,7.48,--,9,6732,买盘
443,14:31:27,7.48,--,2,1496,买盘
444,14:31:18,7.48,0.01,23,17204,买盘
445,14:31:12,7.47,--,6,4482,买盘
446,14:31:09,7.47,-0.01,22,16434,中性盘
447,14:31:06,7.48,0.01,109,81532,买盘
448,14:31:03,7.47,-0.01,63,47061,卖盘
449,14:31:00,7.48,--,1,748,买盘
450,14:30:57,7.48,--,50,37400,买盘
451,14:30:54,7.48,0.01,1,748,买盘
452,14:30:51,7.47,--,116,86652,卖盘
453,14:30:48,7.47,--,237,177039,买盘
454,14:30:45,7.47,0.01,39,29133,买盘
455,14:30:42,7.46,-0.01,214,159644,卖盘
456,14:30:39,7.47,--,486,363042,买盘
457,14:30:36,7.47,--,175,130725,买盘
458,14:30:33,7.47,--,30,22410,买盘
459,14:30:30,7.47,-0.01,530,395910,卖盘
460,14:30:27,7.48,--,25,18700,买盘
461,14:30:24,7.48,0.01,11,8228,买盘
462,14:30:18,7.47,-0.01,84,62748,卖盘
463,14:30:15,7.48,--,21,15708,买盘
464,14:30:12,7.48,--,10,7480,买盘
465,14:30:09,7.48,0.01,18,13464,买盘
466,14:30:03,7.47,--,2,1494,卖盘
467,14:29:57,7.47,-0.01,30,22410,卖盘
468,14:29:54,7.48,--,19,14212,买盘
469,14:29:51,7.48,0.01,16,11968,买盘
470,14:29:48,7.47,--,94,70218,卖盘
471,14:29:30,7.47,0.01,5,3735,卖盘
472,14:29:27,7.46,-0.02,180,134280,卖盘
473,14:29:24,7.48,--,83,62084,买盘
474,14:29:21,7.48,0.02,28,20944,买盘
475,14:29:18,7.46,-0.02,706,526676,卖盘
476,14:29:15,7.48,--,61,45628,买盘
477,14:29:12,7.48,--,105,78540,买盘
478,14:29:09,7.48,--,20,14960,买盘
479,14:29:06,7.48,--,2,1496,买盘
480,14:29:03,7.48,0.01,31,23188,买盘
481,14:29:00,7.47,-0.01,28,20916,卖盘
482,14:28:57,7.48,0.01,8,5984,买盘
483,14:28:54,7.47,-0.01,2,1494,卖盘
484,14:28:51,7.48,--,76,56848,买盘
485,14:28:45,7.48,0.01,2,1496,买盘
486,14:28:42,7.47,-0.01,25,18675,卖盘
487,14:28:36,7.48,0.01,38,28424,买盘
488,14:28:33,7.47,-0.01,13,9711,卖盘
489,14:28:30,7.48,--,219,163812,买盘
490,14:28:27,7.48,--,1,748,买盘
491,14:28:24,7.48,--,19,14212,买盘
492,14:28:21,7.48,--,16,11968,买盘
493,14:28:09,7.48,--,50,37400,买盘
494,14:28:06,7.48,0.01,10,7480,买盘
495,14:28:03,7.47,--,1,747,卖盘
496,14:27:57,7.47,-0.01,9,6723,卖盘
497,14:27:54,7.48,0.01,1,748,买盘
498,14:27:51,7.47,-0.01,62,46314,卖盘
499,14:27:48,7.48,--,3,2244,买盘
500,14:27:45,7.48,0.01,16,11968,买盘
501,14:27:39,7.47,-0.01,52,38844,卖盘
502,14:27:36,7.48,--,44,32912,买盘
503,14:27:33,7.48,--,1,748,买盘
504,14:27:27,7.48,0.01,1,748,买盘
505,14:27:18,7.47,-0.01,8,5976,卖盘
506,14:27:15,7.48,0.01,36,26928,买盘
507,14:27:12,7.47,--,771,575937,卖盘
508,14:27:09,7.47,-0.01,363,271161,卖盘
509,14:27:06,7.48,--,1,748,买盘
510,14:27:03,7.48,--,21,15708,买盘
511,14:27:00,7.48,--,11,8228,买盘
512,14:26:57,7.48,0.01,3,2244,买盘
513,14:26:54,7.47,-0.01,61,45567,卖盘
514,14:26:51,7.48,--,1,748,买盘
515,14:26:48,7.48,0.01,2,1496,买盘
516,14:26:39,7.47,-0.01,10,7470,卖盘
517,14:26:33,7.48,--,40,29920,买盘
518,14:26:30,7.48,0.01,24,17952,买盘
519,14:26:27,7.47,-0.01,84,62748,卖盘
520,14:26:24,7.48,--,1,748,买盘
521,14:26:21,7.48,0.01,11,8228,买盘
522,14:26:12,7.47,-0.01,206,153882,卖盘
523,14:26:09,7.48,--,67,50116,买盘
524,14:26:06,7.48,--,54,40392,买盘
525,14:26:03,7.48,--,12,8976,买盘
526,14:26:00,7.48,--,61,45628,买盘
527,14:25:57,7.48,0.01,37,27676,买盘
528,14:25:54,7.47,--,60,44820,卖盘
529,14:25:48,7.47,--,26,19422,卖盘
530,14:25:45,7.47,--,550,410850,卖盘
531,14:25:39,7.47,-0.01,15,11205,卖盘
532,14:25:36,7.48,--,19,14212,买盘
533,14:25:33,7.48,--,5,3740,买盘
534,14:25:27,7.48,0.01,22,16456,买盘
535,14:25:24,7.47,-0.01,708,528876,卖盘
536,14:25:21,7.48,--,15,11220,买盘
537,14:25:18,7.48,0.01,16,11968,买盘
538,14:25:15,7.47,-0.01,142,106074,卖盘
539,14:25:09,7.48,--,1,748,买盘
540,14:25:06,7.48,0.01,27,20196,买盘
541,14:25:03,7.47,-0.01,60,44820,卖盘
542,14:25:00,7.48,--,1,748,买盘
543,14:24:57,7.48,0.01,33,24684,买盘
544,14:24:48,7.47,-0.01,12,8964,卖盘
545,14:24:45,7.48,--,3,2244,买盘
546,14:24:42,7.48,--,61,45628,买盘
547,14:24:39,7.48,--,2,1496,买盘
548,14:24:33,7.48,--,1,748,买盘
549,14:24:27,7.48,--,18,13464,买盘
550,14:24:24,7.48,0.01,40,29920,买盘
551,14:24:21,7.47,-0.01,10,7470,卖盘
552,14:24:15,7.48,--,7,5236,买盘
553,14:24:09,7.48,0.01,103,77044,买盘
554,14:24:06,7.47,--,89,66483,买盘
555,14:24:03,7.47,0.01,17,12699,买盘
556,14:24:00,7.46,--,61,45506,卖盘
557,14:23:57,7.46,-0.01,31,23126,卖盘
558,14:23:51,7.47,-0.01,26,19422,卖盘
559,14:23:48,7.48,--,13,9724,买盘
560,14:23:45,7.48,0.01,46,34408,买盘
561,14:23:42,7.47,--,2,1494,买盘
562,14:23:36,7.47,-0.01,7,5229,卖盘
563,14:23:33,7.48,0.02,2,1496,买盘
564,14:23:30,7.46,-0.01,9,6714,卖盘
565,14:23:27,7.47,--,250,186750,卖盘
566,14:23:24,7.47,--,41,30627,卖盘
567,14:23:21,7.47,-0.01,6,4482,卖盘
568,14:23:18,7.48,--,10,7480,买盘
569,14:23:15,7.48,0.01,1,748,买盘
570,14:23:12,7.47,--,57,42579,卖盘
571,14:23:09,7.47,-0.01,20,14940,卖盘
572,14:23:06,7.48,--,2,1496,买盘
573,14:23:03,7.48,0.01,52,38896,买盘
574,14:23:00,7.47,--,82,61254,卖盘
575,14:22:57,7.47,--,9,6723,卖盘
576,14:22:54,7.47,-0.01,10,7470,卖盘
577,14:22:51,7.48,0.01,2,1496,买盘
578,14:22:48,7.47,-0.01,7,5229,卖盘
579,14:22:45,7.48,--,6,4488,买盘
580,14:22:39,7.48,--,31,23188,买盘
581,14:22:36,7.48,0.01,13,9724,买盘
582,14:22:33,7.47,-0.01,43,32121,卖盘
583,14:22:30,7.48,--,9,6732,买盘
584,14:22:27,7.48,--,59,44132,买盘
585,14:22:24,7.48,0.01,44,32912,买盘
586,14:22:12,7.47,-0.01,7,5229,卖盘
587,14:22:09,7.48,0.01,12,8976,买盘
588,14:22:06,7.47,--,1,747,卖盘
589,14:22:03,7.47,-0.01,60,44820,卖盘
590,14:22:00,7.48,0.01,69,51612,买盘
591,14:21:57,7.47,-0.01,2,1494,卖盘
592,14:21:54,7.48,0.01,24,17952,买盘
593,14:21:45,7.47,-0.01,13,9711,卖盘
594,14:21:42,7.48,--,614,459272,买盘
595,14:21:39,7.48,--,33,24684,买盘
596,14:21:36,7.48,--,2,1496,买盘
597,14:21:33,7.48,--,15,11220,买盘
598,14:21:30,7.48,0.01,1,748,买盘
599,14:21:27,7.47,-0.01,3,2241,卖盘
600,14:21:24,7.48,--,32,23936,买盘
601,14:21:21,7.48,--,44,32912,买盘
602,14:21:18,7.48,0.01,94,70312,买盘
603,14:21:15,7.47,-0.01,5,3735,卖盘
604,14:21:12,7.48,0.01,19,14212,买盘
605,14:21:09,7.47,-0.01,3,2241,卖盘
606,14:21:06,7.48,--,153,114444,买盘
607,14:21:03,7.48,0.01,15,11220,买盘
608,14:21:00,7.47,-0.01,12,8964,卖盘
609,14:20:57,7.48,0.01,22,16456,买盘
610,14:20:54,7.47,-0.01,12,8964,卖盘
611,14:20:51,7.48,--,104,77792,买盘
612,14:20:48,7.48,0.01,24,17952,买盘
613,14:20:45,7.47,--,122,91134,卖盘
614,14:20:42,7.47,-0.01,5,3735,卖盘
615,14:20:39,7.48,0.01,240,179520,买盘
616,14:20:33,7.47,-0.01,9,6723,卖盘
617,14:20:30,7.48,--,104,77792,买盘
618,14:20:27,7.48,--,50,37400,买盘
619,14:20:18,7.48,0.01,14,10472,买盘
620,14:20:15,7.47,-0.01,18,13446,卖盘
621,14:20:12,7.48,0.01,1,748,买盘
622,14:20:06,7.47,-0.01,97,72459,卖盘
623,14:20:03,7.48,--,11,8228,买盘
624,14:20:00,7.48,0.01,1,748,买盘
625,14:19:57,7.47,-0.01,6,4482,卖盘
626,14:19:54,7.48,--,17,12716,买盘
627,14:19:48,7.48,--,3,2244,买盘
628,14:19:45,7.48,0.01,49,36652,买盘
629,14:19:39,7.47,--,9,6723,卖盘
630,14:19:33,7.47,--,124,92628,卖盘
631,14:19:30,7.47,-0.01,3,2241,卖盘
632,14:19:27,7.48,--,2,1496,买盘
633,14:19:21,7.48,0.01,15,11220,买盘
634,14:19:18,7.47,-0.01,5,3735,卖盘
635,14:19:15,7.48,0.01,57,42636,买盘
636,14:19:12,7.47,--,74,55278,卖盘
637,14:19:09,7.47,-0.01,61,45567,卖盘
638,14:19:06,7.48,--,7,5236,买盘
639,14:19:03,7.48,--,10,7480,买盘
640,14:19:00,7.48,0.01,30,22440,买盘
641,14:18:57,7.47,--,7,5229,卖盘
642,14:18:54,7.47,--,5,3735,卖盘
643,14:18:51,7.47,-0.01,29,21663,卖盘
644,14:18:48,7.48,0.01,21,15708,买盘
645,14:18:42,7.47,-0.01,5,3735,卖盘
646,14:18:39,7.48,0.01,14,10472,买盘
647,14:18:36,7.47,-0.01,7,5229,卖盘
648,14:18:33,7.48,0.01,6,4488,买盘
649,14:18:27,7.47,--,33,24651,卖盘
650,14:18:21,7.47,--,6,4482,卖盘
651,14:18:18,7.47,-0.01,12,8964,卖盘
652,14:18:15,7.48,0.01,12,8976,买盘
653,14:18:12,7.47,-0.01,5,3735,卖盘
654,14:18:09,7.48,--,6,4488,买盘
655,14:18:06,7.48,0.01,26,19448,买盘
656,14:18:03,7.47,-0.01,11,8217,卖盘
657,14:18:00,7.48,--,17,12716,买盘
658,14:17:57,7.48,--,21,15708,买盘
659,14:17:54,7.48,--,111,83028,买盘
660,14:17:51,7.48,--,38,28424,买盘
661,14:17:48,7.48,--,42,31416,买盘
662,14:17:42,7.48,0.01,30,22440,买盘
663,14:17:39,7.47,-0.01,26,19422,卖盘
664,14:17:36,7.48,--,32,23936,买盘
665,14:17:33,7.48,0.01,19,14212,买盘
666,14:17:30,7.47,-0.01,41,30627,卖盘
667,14:17:27,7.48,--,39,29172,买盘
668,14:17:24,7.48,--,21,15708,买盘
669,14:17:21,7.48,0.01,21,15708,买盘
670,14:17:18,7.47,-0.01,5,3735,卖盘
671,14:17:12,7.48,0.01,44,32912,买盘
672,14:17:09,7.47,-0.01,1,747,卖盘
673,14:17:06,7.48,--,17,12716,买盘
674,14:17:03,7.48,0.01,19,14212,买盘
675,14:17:00,7.47,-0.01,23,17181,卖盘
676,14:16:57,7.48,--,9,6732,买盘
677,14:16:54,7.48,0.01,12,8976,买盘
678,14:16:51,7.47,-0.01,3,2241,卖盘
679,14:16:48,7.48,--,43,32164,买盘
680,14:16:45,7.48,--,2,1496,买盘
681,14:16:42,7.48,--,6,4488,买盘
682,14:16:39,7.48,--,2,1496,买盘
683,14:16:36,7.48,0.02,66,49368,买盘
684,14:16:33,7.46,-0.01,5,3730,卖盘
685,14:16:30,7.47,--,3,2241,买盘
686,14:16:27,7.47,0.01,19,14193,买盘
687,14:16:24,7.46,-0.01,72,53712,卖盘
688,14:16:21,7.47,--,67,50049,买盘
689,14:16:18,7.47,--,14,10458,买盘
690,14:16:15,7.47,--,1,747,买盘
691,14:16:12,7.47,--,64,47808,买盘
692,14:16:09,7.47,--,13,9711,买盘
693,14:16:06,7.47,-0.01,58,43326,卖盘
694,14:16:03,7.48,0.01,19,14212,买盘
695,14:16:00,7.47,-0.01,123,91881,卖盘
696,14:15:54,7.48,0.01,13,9724,买盘
697,14:15:51,7.47,-0.01,50,37350,卖盘
698,14:15:48,7.48,0.01,17,12716,买盘
699,14:15:45,7.47,-0.01,7,5229,卖盘
700,14:15:42,7.48,--,38,28424,买盘
701,14:15:30,7.48,0.01,19,14212,买盘
702,14:15:27,7.47,0.01,1,747,买盘
703,14:15:24,7.46,-0.02,2,1492,卖盘
704,14:15:21,7.48,0.01,28,20944,买盘
705,14:15:15,7.47,--,21,15687,买盘
706,14:15:09,7.47,--,42,31374,买盘
707,14:15:06,7.47,--,105,78435,买盘
708,14:15:03,7.47,--,26,19422,买盘
709,14:15:00,7.47,0.01,16,11952,买盘
710,14:14:57,7.46,-0.01,49,36554,卖盘
711,14:14:54,7.47,-0.01,71,53037,卖盘
712,14:14:48,7.48,0.01,38,28424,买盘
713,14:14:45,7.47,-0.01,12,8964,卖盘
714,14:14:42,7.48,--,477,356796,买盘
715,14:14:39,7.48,--,3,2244,买盘
716,14:14:36,7.48,--,16,11968,买盘
717,14:14:30,7.48,0.02,50,37400,买盘
718,14:14:27,7.46,-0.01,8,5968,卖盘
719,14:14:24,7.47,--,14,10458,买盘
720,14:14:21,7.47,--,1,747,买盘
721,14:14:18,7.47,0.01,12,8964,中性盘
722,14:14:15,7.46,--,39,29094,卖盘
723,14:14:12,7.46,-0.01,1171,873566,卖盘
724,14:14:09,7.47,-0.01,30,22410,卖盘
725,14:14:06,7.48,0.01,38,28424,买盘
726,14:14:03,7.47,-0.01,51,38097,卖盘
727,14:14:00,7.48,--,1,748,买盘
728,14:13:54,7.48,--,1,748,买盘
729,14:13:51,7.48,--,15,11220,买盘
730,14:13:48,7.48,--,2,1496,买盘
731,14:13:45,7.48,--,25,18700,买盘
732,14:13:39,7.48,--,18,13464,买盘
733,14:13:36,7.48,0.01,82,61336,买盘
734,14:13:33,7.47,-0.01,13,9711,卖盘
735,14:13:30,7.48,--,14,10472,买盘
736,14:13:27,7.48,0.01,107,80036,买盘
737,14:13:15,7.47,--,115,85905,卖盘
738,14:13:12,7.47,-0.01,6,4482,卖盘
739,14:13:06,7.48,0.01,1,748,买盘
740,14:13:03,7.47,-0.01,10,7470,卖盘
741,14:13:00,7.48,--,2,1496,买盘
742,14:12:57,7.48,0.01,47,35156,买盘
743,14:12:54,7.47,--,676,504972,买盘
744,14:12:51,7.47,--,10,7470,买盘
745,14:12:42,7.47,0.01,22,16434,买盘
746,14:12:39,7.46,-0.01,30,22380,卖盘
747,14:12:36,7.47,--,290,216630,买盘
748,14:12:33,7.47,0.01,10,7470,买盘
749,14:12:24,7.46,--,5,3730,卖盘
750,14:12:18,7.46,-0.01,42,31332,卖盘
751,14:12:15,7.47,--,1052,785844,买盘
752,14:12:12,7.47,0.01,2,1494,买盘
753,14:12:09,7.46,-0.01,27,20142,卖盘
754,14:12:06,7.47,-0.01,1252,935244,卖盘
755,14:12:03,7.48,--,21,15708,买盘
756,14:12:00,7.48,--,163,121924,买盘
757,14:11:57,7.48,--,9,6732,买盘
758,14:11:54,7.48,--,74,55352,卖盘
759,14:11:51,7.48,--,81,60588,卖盘
760,14:11:48,7.48,--,1364,1020272,买盘
761,14:11:42,7.48,--,11,8228,买盘
762,14:11:39,7.48,0.01,2,1496,买盘
763,14:11:33,7.47,-0.01,20,14940,卖盘
764,14:11:30,7.48,--,12,8976,买盘
765,14:11:27,7.48,--,24,17952,买盘
766,14:11:21,7.48,--,135,100980,买盘
767,14:11:18,7.48,0.01,1,748,买盘
768,14:11:15,7.47,-0.01,73,54531,卖盘
769,14:11:12,7.48,--,70,52360,买盘
770,14:11:09,7.48,--,2,1496,买盘
771,14:11:03,7.48,0.01,3,2244,买盘
772,14:11:00,7.47,--,3,2241,卖盘
773,14:10:48,7.47,-0.01,28,20916,卖盘
774,14:10:45,7.48,--,45,33660,买盘
775,14:10:42,7.48,--,2,1496,买盘
776,14:10:39,7.48,--,124,92752,买盘
777,14:10:36,7.48,--,27,20196,买盘
778,14:10:33,7.48,--,1002,749496,买盘
779,14:10:27,7.48,--,100,74800,买盘
780,14:10:24,7.48,--,12,8976,买盘
781,14:10:21,7.48,--,1,748,买盘
782,14:10:18,7.48,--,9,6732,买盘
783,14:10:09,7.48,--,1,748,买盘
784,14:10:06,7.48,--,2,1496,买盘
785,14:10:03,7.48,--,1,748,买盘
786,14:10:00,7.48,--,4,2992,买盘
787,14:09:57,7.48,--,28,20944,买盘
788,14:09:54,7.48,--,16,11968,买盘
789,14:09:51,7.48,--,232,173536,卖盘
790,14:09:48,7.48,--,16,11968,卖盘
791,14:09:45,7.48,-0.01,5,3740,卖盘
792,14:09:42,7.49,--,34,25466,买盘
793,14:09:33,7.49,0.01,85,63665,买盘
794,14:09:30,7.48,-0.01,10,7480,卖盘
795,14:09:27,7.49,0.01,100,74900,买盘
796,14:09:24,7.48,--,226,169048,买盘
797,14:09:15,7.48,--,25,18700,买盘
798,14:09:09,7.48,--,5,3740,买盘
799,14:09:06,7.48,--,24,17952,卖盘
800,14:09:03,7.48,0.01,340,254320,买盘
801,14:09:00,7.47,-0.02,105,78435,卖盘
802,14:08:57,7.49,0.01,219,164031,买盘
803,14:08:48,7.48,-0.01,9,6732,卖盘
804,14:08:45,7.49,--,9,6741,买盘
805,14:08:36,7.49,0.01,40,29960,买盘
806,14:08:33,7.48,--,656,490688,买盘
807,14:08:30,7.48,--,23,17204,买盘
808,14:08:27,7.48,0.01,3,2244,买盘
809,14:08:21,7.47,--,2,1494,卖盘
810,14:08:18,7.47,--,48,35856,卖盘
811,14:08:09,7.47,--,11,8217,卖盘
812,14:08:06,7.47,-0.01,76,56772,卖盘
813,14:08:03,7.48,--,2,1496,买盘
814,14:07:57,7.48,--,11,8228,买盘
815,14:07:54,7.48,0.01,246,184008,买盘
816,14:07:51,7.47,-0.01,17,12699,卖盘
817,14:07:45,7.48,0.01,38,28424,买盘
818,14:07:42,7.47,-0.01,52,38844,卖盘
819,14:07:39,7.48,--,12,8976,买盘
820,14:07:33,7.48,--,51,38148,买盘
821,14:07:30,7.48,--,22,16456,买盘
822,14:07:27,7.48,0.01,5,3740,买盘
823,14:07:24,7.47,--,6,4482,卖盘
824,14:07:21,7.47,-0.01,51,38097,卖盘
825,14:07:18,7.48,--,1,748,买盘
826,14:07:15,7.48,0.01,5,3740,买盘
827,14:07:12,7.47,--,26,19422,卖盘
828,14:07:09,7.47,--,28,20916,卖盘
829,14:07:03,7.47,--,1,747,卖盘
830,14:07:00,7.47,-0.01,37,27639,卖盘
831,14:06:57,7.48,--,75,56100,买盘
832,14:06:51,7.48,--,1,748,买盘
833,14:06:48,7.48,0.01,20,14960,买盘
834,14:06:45,7.47,-0.01,10,7470,卖盘
835,14:06:42,7.48,0.01,23,17204,买盘
836,14:06:36,7.47,-0.01,5,3735,卖盘
837,14:06:33,7.48,--,21,15708,买盘
838,14:06:30,7.48,--,5,3740,买盘
839,14:06:24,7.48,--,101,75548,买盘
840,14:06:18,7.48,--,3,2244,买盘
841,14:06:15,7.48,--,8,5984,买盘
842,14:06:06,7.48,0.01,2,1496,买盘
843,14:06:03,7.47,-0.01,1,747,卖盘
844,14:06:00,7.48,--,61,45628,买盘
845,14:05:51,7.48,--,10,7480,买盘
846,14:05:48,7.48,0.01,1,748,买盘
847,14:05:39,7.47,-0.01,22,16434,卖盘
848,14:05:36,7.48,0.02,1081,808588,买盘
849,14:05:33,7.46,-0.01,6,4476,卖盘
850,14:05:30,7.47,--,182,135954,买盘
851,14:05:27,7.47,0.01,2,1494,买盘
852,14:05:24,7.46,--,76,56696,卖盘
853,14:05:21,7.46,--,18,13428,卖盘
854,14:05:18,7.46,-0.01,895,667670,卖盘
855,14:05:15,7.47,-0.01,181,135207,卖盘
856,14:05:12,7.48,--,1,748,买盘
857,14:05:06,7.48,0.01,2,1496,买盘
858,14:05:03,7.47,--,1,747,卖盘
859,14:04:57,7.47,--,1,747,卖盘
860,14:04:54,7.47,--,17,12699,卖盘
861,14:04:48,7.47,-0.01,51,38097,卖盘
862,14:04:45,7.48,--,798,596904,买盘
863,14:04:42,7.48,--,2,1496,买盘
864,14:04:39,7.48,0.01,8,5984,买盘
865,14:04:36,7.47,-0.01,5,3735,卖盘
866,14:04:33,7.48,--,54,40392,买盘
867,14:04:30,7.48,--,18,13464,买盘
868,14:04:27,7.48,--,70,52360,买盘
869,14:04:21,7.48,--,4,2992,买盘
870,14:04:12,7.48,--,12,8976,买盘
871,14:04:09,7.48,--,30,22440,买盘
872,14:04:06,7.48,--,2,1496,买盘
873,14:04:03,7.48,--,15,11220,买盘
874,14:04:00,7.48,--,1,748,买盘
875,14:03:51,7.48,0.01,10,7480,买盘
876,14:03:39,7.47,-0.01,54,40338,卖盘
877,14:03:36,7.48,--,201,150348,买盘
878,14:03:33,7.48,--,6,4488,买盘
879,14:03:27,7.48,--,25,18700,买盘
880,14:03:24,7.48,--,9,6732,买盘
881,14:03:21,7.48,--,24,17952,买盘
882,14:03:18,7.48,--,1,748,买盘
883,14:03:15,7.48,-0.01,186,139128,卖盘
884,14:03:12,7.49,--,18,13482,买盘
885,14:03:09,7.49,--,1,749,买盘
886,14:03:06,7.49,0.02,2,1498,买盘
887,14:03:03,7.47,-0.02,25,18675,卖盘
888,14:03:00,7.49,0.01,1000,749000,买盘
889,14:02:57,7.48,--,30,22440,买盘
890,14:02:51,7.48,0.02,10,7480,买盘
891,14:02:48,7.46,--,1,746,卖盘
892,14:02:39,7.46,-0.02,106,79076,卖盘
893,14:02:36,7.48,--,5209,3896332,买盘
894,14:02:33,7.48,0.01,32,23936,买盘
895,14:02:30,7.47,-0.01,900,672300,卖盘
896,14:02:27,7.48,--,26,19448,买盘
897,14:02:21,7.48,--,1,748,买盘
898,14:02:18,7.48,0.01,1,748,买盘
899,14:02:15,7.47,--,22,16434,卖盘
900,14:02:12,7.47,--,565,422055,买盘
901,14:02:06,7.47,--,1,747,买盘
902,14:02:00,7.47,0.01,1,747,买盘
903,14:01:57,7.46,-0.01,5,3730,卖盘
904,14:01:54,7.47,0.01,18,13446,买盘
905,14:01:51,7.46,--,9,6714,卖盘
906,14:01:48,7.46,-0.01,256,190976,卖盘
907,14:01:42,7.47,--,105,78435,买盘
908,14:01:39,7.47,--,1,747,买盘
909,14:01:33,7.47,--,2,1494,买盘
910,14:01:30,7.47,--,52,38844,买盘
911,14:01:27,7.47,--,3,2241,买盘
912,14:01:18,7.47,--,38,28386,买盘
913,14:01:15,7.47,--,1,747,买盘
914,14:01:12,7.47,0.01,6,4482,买盘
915,14:01:09,7.46,--,8,5968,卖盘
916,14:01:06,7.46,--,195,145470,买盘
917,14:01:03,7.46,--,1,746,买盘
918,14:01:00,7.46,0.01,168,125328,买盘
919,14:00:57,7.45,-0.01,325,242125,卖盘
920,14:00:54,7.46,--,41,30586,买盘
921,14:00:51,7.46,--,28,20888,买盘
922,14:00:39,7.46,--,13,9698,买盘
923,14:00:36,7.46,--,8,5968,买盘
924,14:00:33,7.46,--,2,1492,买盘
925,14:00:30,7.46,--,31,23126,买盘
926,14:00:27,7.46,--,22,16412,买盘
927,14:00:18,7.46,0.01,9,6714,买盘
928,14:00:15,7.45,--,31,23095,卖盘
929,14:00:12,7.45,-0.01,270,201150,卖盘
930,14:00:06,7.46,--,1,746,买盘
931,14:00:00,7.46,0.01,45,33570,买盘
932,13:59:57,7.45,--,1,745,卖盘
933,13:59:54,7.45,--,120,89400,卖盘
934,13:59:51,7.45,-0.01,15,11175,卖盘
935,13:59:48,7.46,0.01,12,8952,买盘
936,13:59:42,7.45,-0.01,3,2235,卖盘
937,13:59:39,7.46,--,6,4476,买盘
938,13:59:36,7.46,--,93,69378,买盘
939,13:59:33,7.46,--,49,36554,买盘
940,13:59:30,7.46,0.01,66,49236,买盘
941,13:59:27,7.45,-0.01,27,20115,卖盘
942,13:59:24,7.46,--,378,281988,卖盘
943,13:59:21,7.46,--,4,2984,卖盘
944,13:59:15,7.46,-0.01,5,3730,卖盘
945,13:59:12,7.47,--,121,90387,买盘
946,13:59:06,7.47,0.01,57,42579,买盘
947,13:59:03,7.46,-0.01,4,2984,卖盘
948,13:58:57,7.47,0.01,36,26892,买盘
949,13:58:54,7.46,-0.01,6,4476,卖盘
950,13:58:51,7.47,0.01,100,74700,买盘
951,13:58:48,7.46,--,36,26856,卖盘
952,13:58:42,7.46,-0.01,75,55950,卖盘
953,13:58:39,7.47,--,20,14940,买盘
954,13:58:33,7.47,0.01,55,41085,买盘
955,13:58:30,7.46,-0.01,11,8206,卖盘
956,13:58:27,7.47,--,414,309258,买盘
957,13:58:21,7.47,--,56,41832,买盘
958,13:58:18,7.47,0.01,15,11205,买盘
959,13:58:15,7.46,--,60,44760,卖盘
960,13:58:12,7.46,-0.01,5,3730,卖盘
961,13:58:09,7.47,0.02,120,89640,买盘
962,13:58:06,7.45,-0.01,132,98340,卖盘
963,13:58:03,7.46,--,500,373000,买盘
964,13:58:00,7.46,--,1,746,买盘
965,13:57:57,7.46,0.01,13,9698,买盘
966,13:57:54,7.45,-0.01,8,5960,卖盘
967,13:57:51,7.46,0.01,185,138010,买盘
968,13:57:45,7.45,--,2,1490,卖盘
969,13:57:42,7.45,-0.01,29,21605,卖盘
970,13:57:39,7.46,--,12,8952,买盘
971,13:57:36,7.46,--,1,746,买盘
972,13:57:33,7.46,0.01,2,1492,买盘
973,13:57:24,7.45,-0.01,163,121941,卖盘
974,13:57:21,7.46,0.01,27,20142,买盘
975,13:57:18,7.45,-0.01,26,19370,卖盘
976,13:57:15,7.46,0.01,3,2238,买盘
977,13:57:09,7.45,-0.01,100,74500,卖盘
978,13:57:06,7.46,--,2,1492,买盘
979,13:57:03,7.46,0.01,33,24618,买盘
980,13:57:00,7.45,--,57,42465,卖盘
981,13:56:57,7.45,-0.01,21,15645,卖盘
982,13:56:54,7.46,0.01,77,57442,买盘
983,13:56:51,7.45,--,26,19370,卖盘
984,13:56:48,7.45,-0.01,13,9685,卖盘
985,13:56:45,7.46,--,68,50728,买盘
986,13:56:42,7.46,--,10,7460,买盘
987,13:56:39,7.46,0.01,8,5968,买盘
988,13:56:36,7.45,-0.01,98,73010,卖盘
989,13:56:33,7.46,--,767,572182,买盘
990,13:56:30,7.46,--,57,42522,买盘
991,13:56:27,7.46,0.01,37,27602,买盘
992,13:56:24,7.45,-0.01,1,745,卖盘
993,13:56:21,7.46,--,91,67886,买盘
994,13:56:18,7.46,--,1,746,买盘
995,13:56:15,7.46,0.01,28,20888,买盘
996,13:56:12,7.45,--,5,3725,卖盘
997,13:56:09,7.45,-0.01,62,46190,卖盘
998,13:56:06,7.46,--,97,72362,买盘
999,13:56:03,7.46,--,59,44014,买盘
1000,13:56:00,7.46,0.01,4,2984,买盘
1001,13:55:57,7.45,--,5,3725,卖盘
1002,13:55:54,7.45,-0.01,22,16390,卖盘
1003,13:55:51,7.46,--,97,72362,买盘
1004,13:55:48,7.46,0.01,27,20142,买盘
1005,13:55:45,7.45,-0.01,68,50660,卖盘
1006,13:55:42,7.46,--,34,25364,买盘
1007,13:55:39,7.46,--,100,74600,买盘
1008,13:55:33,7.46,--,13,9698,买盘
1009,13:55:30,7.46,--,3,2238,买盘
1010,13:55:24,7.46,0.01,5,3730,买盘
1011,13:55:21,7.45,-0.01,128,95360,卖盘
1012,13:55:18,7.46,0.01,94,70124,买盘
1013,13:55:12,7.45,-0.01,33,24585,卖盘
1014,13:55:06,7.46,0.01,171,127566,买盘
1015,13:55:03,7.45,-0.01,27,20115,卖盘
1016,13:55:00,7.46,0.01,1016,757936,买盘
1017,13:54:57,7.45,--,79,58855,卖盘
1018,13:54:54,7.45,--,90,67050,卖盘
1019,13:54:51,7.45,-0.01,9,6705,卖盘
1020,13:54:48,7.46,--,93,69378,买盘
1021,13:54:45,7.46,--,2,1492,买盘
1022,13:54:39,7.46,--,7,5222,买盘
1023,13:54:36,7.46,--,10,7460,买盘
1024,13:54:33,7.46,0.01,108,80568,买盘
1025,13:54:30,7.45,-0.01,65,48425,卖盘
1026,13:54:27,7.46,--,59,44014,买盘
1027,13:54:24,7.46,0.01,16,11936,买盘
1028,13:54:21,7.45,-0.01,37,27565,卖盘
1029,13:54:18,7.46,--,41,30586,买盘
1030,13:54:15,7.46,--,15,11190,买盘
1031,13:54:12,7.46,0.01,28,20888,买盘
1032,13:54:09,7.45,-0.01,24,17880,卖盘
1033,13:54:06,7.46,0.01,385,287210,买盘
1034,13:54:03,7.45,--,2,1490,卖盘
1035,13:53:57,7.45,-0.01,59,43955,卖盘
1036,13:53:54,7.46,0.01,459,342414,买盘
1037,13:53:48,7.45,-0.01,14,10430,卖盘
1038,13:53:42,7.46,0.01,30,22380,买盘
1039,13:53:39,7.45,--,38,28310,卖盘
1040,13:53:36,7.45,-0.01,11,8195,卖盘
1041,13:53:33,7.46,--,34,25364,买盘
1042,13:53:30,7.46,--,123,91758,买盘
1043,13:53:27,7.46,0.01,50,37300,买盘
1044,13:53:21,7.45,--,172,128140,卖盘
1045,13:53:18,7.45,--,336,250320,卖盘
1046,13:53:15,7.45,--,89,66305,卖盘
1047,13:53:12,7.45,--,3,2235,卖盘
1048,13:53:09,7.45,--,10,7450,卖盘
1049,13:53:06,7.45,--,32,23840,卖盘
1050,13:53:03,7.45,--,3,2235,卖盘
1051,13:53:00,7.45,--,51,37995,卖盘
1052,13:52:57,7.45,--,1,745,卖盘
1053,13:52:51,7.45,-0.01,84,62580,卖盘
1054,13:52:48,7.46,--,10,7460,买盘
1055,13:52:45,7.46,0.01,6,4476,买盘
1056,13:52:42,7.45,-0.01,73,54385,卖盘
1057,13:52:33,7.46,--,14,10444,买盘
1058,13:52:30,7.46,0.01,44,32824,买盘
1059,13:52:24,7.45,-0.01,60,44700,卖盘
1060,13:52:21,7.46,--,10,7460,买盘
1061,13:52:18,7.46,0.01,43,32078,买盘
1062,13:52:09,7.45,-0.01,13,9685,卖盘
1063,13:52:06,7.46,-0.01,426,317796,卖盘
1064,13:52:03,7.47,0.01,1,747,买盘
1065,13:52:00,7.46,--,96,71616,卖盘
1066,13:51:57,7.46,-0.01,4,2984,卖盘
1067,13:51:54,7.47,0.01,1,747,买盘
1068,13:51:51,7.46,--,29,21634,卖盘
1069,13:51:42,7.46,-0.01,1,746,卖盘
1070,13:51:39,7.47,0.01,52,38844,买盘
1071,13:51:36,7.46,-0.01,47,35062,卖盘
1072,13:51:33,7.47,--,50,37350,买盘
1073,13:51:30,7.47,--,1,747,买盘
1074,13:51:27,7.47,0.01,12,8964,买盘
1075,13:51:24,7.46,-0.01,8,5968,卖盘
1076,13:51:21,7.47,--,10,7470,买盘
1077,13:51:18,7.47,0.01,1,747,买盘
1078,13:51:15,7.46,-0.01,1,746,卖盘
1079,13:51:12,7.47,0.01,23,17181,买盘
1080,13:51:09,7.46,--,108,80568,卖盘
1081,13:51:06,7.46,--,15,11190,卖盘
1082,13:51:03,7.46,--,58,43268,卖盘
1083,13:50:54,7.46,--,166,123836,卖盘
1084,13:50:48,7.46,-0.01,6,4476,卖盘
1085,13:50:45,7.47,0.01,302,225594,买盘
1086,13:50:39,7.46,--,6,4476,卖盘
1087,13:50:36,7.46,--,302,225292,卖盘
1088,13:50:30,7.46,-0.01,16,11936,卖盘
1089,13:50:27,7.47,0.01,748,558756,买盘
1090,13:50:24,7.46,-0.01,126,93996,卖盘
1091,13:50:21,7.47,0.01,109,81423,买盘
1092,13:50:18,7.46,-0.01,65,48490,卖盘
1093,13:50:15,7.47,0.01,81,60507,买盘
1094,13:50:12,7.46,-0.01,62,46252,卖盘
1095,13:50:06,7.47,0.01,3,2241,买盘
1096,13:50:03,7.46,-0.01,11,8206,卖盘
1097,13:50:00,7.47,0.01,94,70218,买盘
1098,13:49:57,7.46,--,11,8206,卖盘
1099,13:49:54,7.46,--,221,164866,卖盘
1100,13:49:51,7.46,--,190,141740,卖盘
1101,13:49:39,7.46,--,48,35808,卖盘
1102,13:49:36,7.46,--,353,263338,买盘
1103,13:49:33,7.46,--,51,38046,买盘
1104,13:49:30,7.46,0.01,12,8952,买盘
1105,13:49:27,7.45,-0.01,56,41720,卖盘
1106,13:49:24,7.46,0.01,75,55950,买盘
1107,13:49:21,7.45,-0.01,53,39485,卖盘
1108,13:49:18,7.46,--,59,44014,买盘
1109,13:49:15,7.46,--,28,20888,买盘
1110,13:49:12,7.46,--,57,42522,买盘
1111,13:49:09,7.46,0.01,11,8206,买盘
1112,13:49:06,7.45,-0.01,93,69285,卖盘
1113,13:49:03,7.46,--,1,746,买盘
1114,13:49:00,7.46,0.01,6,4476,买盘
1115,13:48:57,7.45,--,57,42465,卖盘
1116,13:48:48,7.45,-0.01,141,105045,卖盘
1117,13:48:42,7.46,0.01,39,29094,买盘
1118,13:48:39,7.45,-0.01,114,84930,卖盘
1119,13:48:36,7.46,--,5,3730,买盘
1120,13:48:33,7.46,--,135,100710,买盘
1121,13:48:24,7.46,--,11,8206,买盘
1122,13:48:21,7.46,--,25,18650,买盘
1123,13:48:18,7.46,0.01,111,82806,买盘
1124,13:48:15,7.45,--,133,99085,卖盘
1125,13:48:09,7.45,-0.01,6,4470,卖盘
1126,13:48:06,7.46,--,64,47744,买盘
1127,13:48:00,7.46,--,12,8952,买盘
1128,13:47:57,7.46,--,40,29840,买盘
1129,13:47:54,7.46,--,1,746,买盘
1130,13:47:51,7.46,--,86,64156,买盘
1131,13:47:48,7.46,--,19,14174,买盘
1132,13:47:42,7.46,--,53,39538,买盘
1133,13:47:39,7.46,0.01,9,6714,买盘
1134,13:47:36,7.45,-0.01,5,3725,卖盘
1135,13:47:33,7.46,--,196,146216,买盘
1136,13:47:30,7.46,0.01,5,3730,买盘
1137,13:47:27,7.45,--,16,11920,卖盘
1138,13:47:24,7.45,-0.01,619,461155,卖盘
1139,13:47:21,7.46,--,1,746,买盘
1140,13:47:12,7.46,0.01,16,11936,买盘
1141,13:47:09,7.45,-0.01,1,745,卖盘
1142,13:47:06,7.46,--,25,18650,买盘
1143,13:47:03,7.46,0.01,3,2238,买盘
1144,13:47:00,7.45,--,48,35760,卖盘
1145,13:46:57,7.45,--,20,14900,卖盘
1146,13:46:51,7.45,-0.01,72,53640,卖盘
1147,13:46:48,7.46,0.01,199,148454,买盘
1148,13:46:45,7.45,--,24,17880,卖盘
1149,13:46:42,7.45,--,5,3725,卖盘
1150,13:46:39,7.45,--,1,745,卖盘
1151,13:46:36,7.45,--,104,77480,卖盘
1152,13:46:33,7.45,-0.01,8,5960,卖盘
1153,13:46:30,7.46,--,200,149200,买盘
1154,13:46:27,7.46,0.01,22,16412,买盘
1155,13:46:24,7.45,-0.01,12,8940,卖盘
1156,13:46:21,7.46,0.01,299,223054,买盘
1157,13:46:18,7.45,-0.01,100,74500,卖盘
1158,13:46:15,7.46,--,24,17904,买盘
1159,13:46:12,7.46,--,20,14920,买盘
1160,13:46:09,7.46,--,20,14920,买盘
1161,13:46:06,7.46,0.01,13,9698,买盘
1162,13:46:03,7.45,-0.01,6,4470,卖盘
1163,13:45:51,7.46,0.01,1,746,买盘
1164,13:45:48,7.45,--,24,17880,卖盘
1165,13:45:45,7.45,--,162,120690,卖盘
1166,13:45:42,7.45,--,294,219030,卖盘
1167,13:45:39,7.45,--,1050,782250,卖盘
1168,13:45:36,7.45,--,114,84930,卖盘
1169,13:45:33,7.45,-0.01,1,745,卖盘
1170,13:45:30,7.46,0.01,12,8952,买盘
1171,13:45:21,7.45,--,7,5215,卖盘
1172,13:45:18,7.45,-0.01,127,94615,卖盘
1173,13:45:15,7.46,--,1,746,买盘
1174,13:45:12,7.46,--,110,82060,买盘
1175,13:45:09,7.46,--,1,746,买盘
1176,13:45:06,7.46,--,22,16412,买盘
1177,13:45:03,7.46,0.01,2,1492,买盘
1178,13:45:00,7.45,-0.01,83,61835,卖盘
1179,13:44:57,7.46,0.01,501,373746,买盘
1180,13:44:54,7.45,--,87,64815,卖盘
1181,13:44:45,7.45,--,50,37250,卖盘
1182,13:44:42,7.45,--,3,2235,卖盘
1183,13:44:36,7.45,--,1,745,卖盘
1184,13:44:33,7.45,-0.01,7,5215,卖盘
1185,13:44:30,7.46,--,96,71616,买盘
1186,13:44:27,7.46,--,15,11190,买盘
1187,13:44:24,7.46,0.01,72,53712,买盘
1188,13:44:21,7.45,-0.01,83,61835,卖盘
1189,13:44:09,7.46,--,17,12682,买盘
1190,13:44:06,7.46,--,94,70124,买盘
1191,13:44:03,7.46,0.01,2,1492,买盘
1192,13:43:57,7.45,--,204,151980,卖盘
1193,13:43:54,7.45,--,557,414965,卖盘
1194,13:43:51,7.45,--,81,60345,卖盘
1195,13:43:48,7.45,--,63,46935,卖盘
1196,13:43:45,7.45,-0.01,1,745,卖盘
1197,13:43:42,7.46,0.01,66,49236,买盘
1198,13:43:36,7.45,--,21,15645,卖盘
1199,13:43:33,7.45,-0.01,778,579610,卖盘
1200,13:43:30,7.46,0.01,1,746,买盘
1201,13:43:18,7.45,--,13,9685,卖盘
1202,13:43:15,7.45,--,141,105045,卖盘
1203,13:43:12,7.45,-0.01,16,11920,卖盘
1204,13:43:09,7.46,0.01,9,6714,买盘
1205,13:43:06,7.45,-0.01,205,152725,卖盘
1206,13:43:03,7.46,-0.01,1053,785538,卖盘
1207,13:43:00,7.47,--,2,1494,买盘
1208,13:42:57,7.47,0.01,1,747,买盘
1209,13:42:54,7.46,--,17,12682,卖盘
1210,13:42:51,7.46,--,81,60426,卖盘
1211,13:42:48,7.46,-0.01,15,11190,卖盘
1212,13:42:45,7.47,-0.01,169,126243,卖盘
1213,13:42:42,7.48,0.01,829,620092,买盘
1214,13:42:36,7.47,--,50,37350,卖盘
1215,13:42:33,7.47,--,3,2241,卖盘
1216,13:42:30,7.47,--,1,747,卖盘
1217,13:42:27,7.47,--,56,41832,卖盘
1218,13:42:24,7.47,-0.01,125,93375,卖盘
1219,13:42:21,7.48,--,84,62832,买盘
1220,13:42:18,7.48,0.01,18,13464,买盘
1221,13:42:15,7.47,-0.01,2,1494,卖盘
1222,13:42:06,7.48,--,11,8228,买盘
1223,13:42:03,7.48,--,24,17952,买盘
1224,13:42:00,7.48,0.01,1,748,买盘
1225,13:41:57,7.47,--,27,20169,卖盘
1226,13:41:54,7.47,--,836,624492,卖盘
1227,13:41:51,7.47,--,13,9711,卖盘
1228,13:41:48,7.47,--,5,3735,卖盘
1229,13:41:45,7.47,-0.01,6,4482,卖盘
1230,13:41:42,7.48,0.01,1,748,买盘
1231,13:41:39,7.47,--,22,16434,卖盘
1232,13:41:36,7.47,--,136,101592,卖盘
1233,13:41:33,7.47,-0.01,2,1494,卖盘
1234,13:41:30,7.48,--,9,6732,买盘
1235,13:41:27,7.48,0.01,64,47872,买盘
1236,13:41:24,7.47,-0.01,6,4482,卖盘
1237,13:41:21,7.48,--,68,50864,买盘
1238,13:41:18,7.48,--,1,748,买盘
1239,13:41:15,7.48,0.01,54,40392,买盘
1240,13:41:09,7.47,-0.01,10,7470,卖盘
1241,13:41:06,7.48,0.01,11,8228,买盘
1242,13:41:03,7.47,--,1,747,卖盘
1243,13:41:00,7.47,--,122,91134,卖盘
1244,13:40:57,7.47,-0.01,2,1494,卖盘
1245,13:40:54,7.48,--,3,2244,买盘
1246,13:40:51,7.48,0.01,1,748,买盘
1247,13:40:48,7.47,-0.01,5,3735,卖盘
1248,13:40:45,7.48,0.01,140,104720,买盘
1249,13:40:39,7.47,--,12,8964,卖盘
1250,13:40:33,7.47,--,16,11952,卖盘
1251,13:40:30,7.47,0.01,59,44073,买盘
1252,13:40:27,7.46,-0.01,207,154422,卖盘
1253,13:40:24,7.47,--,4,2988,中性盘
1254,13:40:12,7.47,--,20,14940,卖盘
1255,13:40:06,7.47,-0.01,11,8217,卖盘
1256,13:40:03,7.48,0.01,494,369512,买盘
1257,13:40:00,7.47,0.01,28,20916,买盘
1258,13:39:57,7.46,--,117,87282,卖盘
1259,13:39:54,7.46,--,150,111900,卖盘
1260,13:39:51,7.46,-0.01,5,3730,卖盘
1261,13:39:48,7.47,--,70,52290,卖盘
1262,13:39:45,7.47,--,99,73953,卖盘
1263,13:39:42,7.47,--,106,79182,卖盘
1264,13:39:39,7.47,--,68,50796,卖盘
1265,13:39:36,7.47,--,1,747,卖盘
1266,13:39:33,7.47,-0.01,78,58266,卖盘
1267,13:39:30,7.48,0.01,5,3740,买盘
1268,13:39:21,7.47,--,19,14193,卖盘
1269,13:39:18,7.47,0.01,6,4482,买盘
1270,13:39:15,7.46,--,35,26110,卖盘
1271,13:39:12,7.46,-0.01,1,746,卖盘
1272,13:39:09,7.47,--,20,14940,买盘
1273,13:39:06,7.47,--,136,101592,买盘
1274,13:39:03,7.47,--,2,1494,买盘
1275,13:39:00,7.47,--,20,14940,买盘
1276,13:38:57,7.47,--,79,59013,卖盘
1277,13:38:54,7.47,-0.01,5,3735,卖盘
1278,13:38:51,7.48,--,66,49368,买盘
1279,13:38:48,7.48,--,28,20944,买盘
1280,13:38:45,7.48,--,8,5984,买盘
1281,13:38:42,7.48,0.01,6,4488,买盘
1282,13:38:39,7.47,-0.01,128,95616,卖盘
1283,13:38:36,7.48,--,18,13464,买盘
1284,13:38:33,7.48,0.01,102,76296,买盘
1285,13:38:30,7.47,--,6,4482,卖盘
1286,13:38:27,7.47,--,142,106074,卖盘
1287,13:38:15,7.47,-0.01,2,1494,卖盘
1288,13:38:12,7.48,--,6,4488,买盘
1289,13:38:09,7.48,0.01,1,748,买盘
1290,13:38:06,7.47,-0.01,62,46314,卖盘
1291,13:38:03,7.48,0.01,2,1496,买盘
1292,13:38:00,7.47,--,6,4482,卖盘
1293,13:37:57,7.47,--,14,10458,卖盘
1294,13:37:54,7.47,--,64,47808,卖盘
1295,13:37:51,7.47,--,36,26892,卖盘
1296,13:37:48,7.47,--,136,101592,卖盘
1297,13:37:42,7.47,--,48,35856,卖盘
1298,13:37:39,7.47,--,5,3735,卖盘
1299,13:37:36,7.47,--,192,143424,买盘
1300,13:37:33,7.47,--,1,747,买盘
1301,13:37:30,7.47,0.01,1,747,买盘
1302,13:37:27,7.46,-0.01,3,2238,卖盘
1303,13:37:21,7.47,--,4,2988,买盘
1304,13:37:18,7.47,0.01,1,747,买盘
1305,13:37:15,7.46,--,30,22380,卖盘
1306,13:37:12,7.46,--,12,8952,卖盘
1307,13:37:09,7.46,-0.01,35,26110,卖盘
1308,13:37:06,7.47,0.01,3,2241,买盘
1309,13:37:00,7.46,-0.01,134,99964,卖盘
1310,13:36:57,7.47,0.01,10,7470,买盘
1311,13:36:51,7.46,-0.01,50,37300,卖盘
1312,13:36:45,7.47,--,1,747,买盘
1313,13:36:42,7.47,0.01,10,7470,买盘
1314,13:36:36,7.46,-0.01,28,20888,卖盘
1315,13:36:33,7.47,--,488,364536,买盘
1316,13:36:30,7.47,--,11,8217,买盘
1317,13:36:27,7.47,--,365,272655,卖盘
1318,13:36:24,7.47,--,2,1494,卖盘
1319,13:36:21,7.47,-0.01,100,74700,卖盘
1320,13:36:18,7.48,--,2,1496,买盘
1321,13:36:12,7.48,0.01,8,5984,买盘
1322,13:36:09,7.47,-0.01,162,121014,卖盘
1323,13:36:03,7.48,0.01,12,8976,买盘
1324,13:36:00,7.47,-0.01,52,38844,卖盘
1325,13:35:57,7.48,--,7,5236,买盘
1326,13:35:42,7.48,--,1,748,买盘
1327,13:35:39,7.48,--,2,1496,买盘
1328,13:35:36,7.48,--,44,32912,买盘
1329,13:35:33,7.48,0.01,16,11968,买盘
1330,13:35:30,7.47,--,1,747,卖盘
1331,13:35:24,7.47,--,33,24651,卖盘
1332,13:35:21,7.47,--,1637,1222839,卖盘
1333,13:35:18,7.47,-0.01,157,117279,卖盘
1334,13:35:15,7.48,0.01,139,103972,买盘
1335,13:35:12,7.47,--,46,34362,卖盘
1336,13:35:03,7.47,-0.01,2,1494,卖盘
1337,13:35:00,7.48,--,2,1496,买盘
1338,13:34:57,7.48,--,3,2244,买盘
1339,13:34:54,7.48,0.01,10,7480,买盘
1340,13:34:51,7.47,-0.01,8,5976,卖盘
1341,13:34:48,7.48,--,16,11968,买盘
1342,13:34:42,7.48,--,1,748,买盘
1343,13:34:39,7.48,0.01,1,748,买盘
1344,13:34:36,7.47,--,5,3735,卖盘
1345,13:34:33,7.47,--,81,60507,卖盘
1346,13:34:30,7.47,--,153,114291,卖盘
1347,13:34:27,7.47,--,447,333909,买盘
1348,13:34:24,7.47,0.01,89,66483,买盘
1349,13:34:21,7.46,--,1,746,卖盘
1350,13:34:18,7.46,-0.01,12,8952,卖盘
1351,13:34:06,7.47,0.01,11,8217,买盘
1352,13:34:03,7.46,-0.01,84,62664,卖盘
1353,13:34:00,7.47,--,56,41832,买盘
1354,13:33:57,7.47,0.01,126,94122,买盘
1355,13:33:54,7.46,--,28,20888,卖盘
1356,13:33:51,7.46,--,15,11190,卖盘
1357,13:33:39,7.46,-0.01,38,28348,卖盘
1358,13:33:33,7.47,0.01,1,747,买盘
1359,13:33:27,7.46,-0.01,1,746,卖盘
1360,13:33:21,7.47,--,19,14193,买盘
1361,13:33:18,7.47,0.01,1,747,中性盘
1362,13:33:12,7.46,-0.02,6,4476,卖盘
1363,13:33:09,7.48,0.02,40,29920,买盘
1364,13:33:06,7.46,-0.01,52,38792,卖盘
1365,13:33:03,7.47,-0.01,1,747,中性盘
1366,13:33:00,7.48,0.01,10,7480,买盘
1367,13:32:57,7.47,--,14,10458,卖盘
1368,13:32:54,7.47,--,30,22410,卖盘
1369,13:32:51,7.47,--,70,52290,卖盘
1370,13:32:48,7.47,--,1634,1220598,卖盘
1371,13:32:45,7.47,--,37,27639,卖盘
1372,13:32:39,7.47,-0.01,5,3735,卖盘
1373,13:32:36,7.48,0.01,21,15708,买盘
1374,13:32:33,7.47,-0.01,20,14940,卖盘
1375,13:32:30,7.48,0.01,64,47872,买盘
1376,13:32:27,7.47,--,2,1494,卖盘
1377,13:32:24,7.47,-0.01,113,84411,卖盘
1378,13:32:21,7.48,0.01,8,5984,买盘
1379,13:32:18,7.47,--,5,3735,卖盘
1380,13:32:15,7.47,-0.01,56,41832,卖盘
1381,13:32:09,7.48,0.01,1,748,买盘
1382,13:32:06,7.47,--,19,14193,卖盘
1383,13:32:03,7.47,-0.01,3,2241,卖盘
1384,13:32:00,7.48,0.01,65,48620,买盘
1385,13:31:57,7.47,-0.01,3,2241,卖盘
1386,13:31:51,7.48,--,8,5984,买盘
1387,13:31:48,7.48,--,29,21692,买盘
1388,13:31:45,7.48,--,1,748,买盘
1389,13:31:42,7.48,--,1,748,买盘
1390,13:31:39,7.48,--,18,13464,买盘
1391,13:31:36,7.48,0.01,34,25432,买盘
1392,13:31:33,7.47,--,9,6723,卖盘
1393,13:31:30,7.47,-0.01,300,224100,卖盘
1394,13:31:21,7.48,--,29,21692,买盘
1395,13:31:15,7.48,--,28,20944,买盘
1396,13:31:12,7.48,--,57,42636,买盘
1397,13:31:09,7.48,--,109,81532,买盘
1398,13:31:06,7.48,--,77,57596,买盘
1399,13:31:03,7.48,0.01,2,1496,买盘
1400,13:31:00,7.47,-0.01,98,73206,卖盘
1401,13:30:57,7.48,--,2,1496,买盘
1402,13:30:54,7.48,--,5,3740,买盘
1403,13:30:51,7.48,--,17,12716,买盘
1404,13:30:45,7.48,--,82,61336,买盘
1405,13:30:42,7.48,--,4,2992,买盘
1406,13:30:39,7.48,--,10,7480,买盘
1407,13:30:36,7.48,--,74,55352,买盘
1408,13:30:33,7.48,0.01,17,12716,买盘
1409,13:30:30,7.47,--,12,8964,卖盘
1410,13:30:27,7.47,--,583,435501,卖盘
1411,13:30:24,7.47,-0.01,6,4482,卖盘
1412,13:30:21,7.48,0.01,105,78540,买盘
1413,13:30:18,7.47,--,145,108315,卖盘
1414,13:30:15,7.47,-0.01,20,14940,卖盘
1415,13:30:12,7.48,--,795,594660,买盘
1416,13:30:09,7.48,--,59,44132,买盘
1417,13:30:06,7.48,0.01,31,23188,买盘
1418,13:30:03,7.47,--,3,2241,卖盘
1419,13:30:00,7.47,--,5,3735,卖盘
1420,13:29:57,7.47,-0.01,29,21663,卖盘
1421,13:29:54,7.48,--,139,103972,买盘
1422,13:29:51,7.48,0.01,138,103224,买盘
1423,13:29:45,7.47,--,38,28386,卖盘
1424,13:29:42,7.47,--,35,26145,卖盘
1425,13:29:39,7.47,-0.01,1209,903123,卖盘
1426,13:29:36,7.48,0.01,89,66572,买盘
1427,13:29:33,7.47,--,22,16434,卖盘
1428,13:29:30,7.47,-0.01,96,71712,卖盘
1429,13:29:27,7.48,0.01,61,45628,买盘
1430,13:29:24,7.47,--,60,44820,卖盘
1431,13:29:21,7.47,--,19,14193,卖盘
1432,13:29:15,7.47,--,10,7470,卖盘
1433,13:29:06,7.47,--,18,13446,卖盘
1434,13:29:03,7.47,--,3,2241,卖盘
1435,13:28:57,7.47,-0.01,46,34362,卖盘
1436,13:28:51,7.48,0.01,18,13464,买盘
1437,13:28:48,7.47,-0.01,80,59760,卖盘
1438,13:28:45,7.48,0.01,3,2244,买盘
1439,13:28:42,7.47,--,6,4482,卖盘
1440,13:28:39,7.47,-0.01,156,116532,卖盘
1441,13:28:36,7.48,--,8,5984,买盘
1442,13:28:33,7.48,--,28,20944,买盘
1443,13:28:27,7.48,--,2,1496,买盘
1444,13:28:21,7.48,0.01,45,33660,买盘
1445,13:28:12,7.47,-0.01,39,29133,卖盘
1446,13:28:09,7.48,--,2,1496,买盘
1447,13:28:06,7.48,--,45,33660,买盘
1448,13:28:03,7.48,--,8,5984,买盘
1449,13:28:00,7.48,--,92,68816,买盘
1450,13:27:57,7.48,0.01,16,11968,买盘
1451,13:27:51,7.47,--,140,104580,卖盘
1452,13:27:48,7.47,--,167,124749,卖盘
1453,13:27:45,7.47,--,20,14940,卖盘
1454,13:27:42,7.47,-0.01,93,69471,卖盘
1455,13:27:39,7.48,0.01,6,4488,买盘
1456,13:27:36,7.47,--,17,12699,卖盘
1457,13:27:33,7.47,--,24,17928,卖盘
1458,13:27:24,7.47,-0.01,23,17181,卖盘
1459,13:27:21,7.48,0.01,78,58344,买盘
1460,13:27:12,7.47,-0.01,14,10458,卖盘
1461,13:27:06,7.48,0.01,22,16456,买盘
1462,13:27:03,7.47,--,2,1494,卖盘
1463,13:27:00,7.47,--,50,37350,卖盘
1464,13:26:54,7.47,--,7,5229,卖盘
1465,13:26:51,7.47,-0.01,118,88146,卖盘
1466,13:26:48,7.48,--,13,9724,买盘
1467,13:26:45,7.48,0.01,27,20196,买盘
1468,13:26:36,7.47,-0.01,131,97857,卖盘
1469,13:26:33,7.48,--,191,142868,买盘
1470,13:26:30,7.48,0.01,12,8976,买盘
1471,13:26:27,7.47,--,24,17928,卖盘
1472,13:26:24,7.47,-0.01,23,17181,卖盘
1473,13:26:21,7.48,0.01,1020,762960,买盘
1474,13:26:15,7.47,-0.01,21,15687,卖盘
1475,13:26:12,7.48,--,56,41888,买盘
1476,13:26:09,7.48,--,62,46376,买盘
1477,13:26:06,7.48,--,25,18700,买盘
1478,13:26:03,7.48,0.01,3,2244,买盘
1479,13:26:00,7.47,-0.01,50,37350,卖盘
1480,13:25:57,7.48,--,2,1496,买盘
1481,13:25:54,7.48,--,1,748,买盘
1482,13:25:51,7.48,0.01,25,18700,买盘
1483,13:25:48,7.47,--,6,4482,卖盘
1484,13:25:45,7.47,-0.01,100,74700,卖盘
1485,13:25:39,7.48,0.01,15,11220,买盘
1486,13:25:36,7.47,-0.01,110,82170,卖盘
1487,13:25:33,7.48,--,2,1496,买盘
1488,13:25:30,7.48,0.01,46,34408,买盘
1489,13:25:27,7.47,--,46,34362,卖盘
1490,13:25:24,7.47,-0.01,9,6723,卖盘
1491,13:25:21,7.48,0.01,67,50116,买盘
1492,13:25:09,7.47,-0.01,142,106074,卖盘
1493,13:25:06,7.48,0.01,526,393448,买盘
1494,13:25:03,7.47,0.01,106,79182,买盘
1495,13:24:57,7.46,-0.01,3,2238,卖盘
1496,13:24:54,7.47,--,1,747,买盘
1497,13:24:51,7.47,--,7,5229,买盘
1498,13:24:45,7.47,--,11,8217,买盘
1499,13:24:36,7.47,--,34,25398,买盘
1500,13:24:33,7.47,0.01,17,12699,买盘
1501,13:24:30,7.46,--,164,122344,卖盘
1502,13:24:24,7.46,--,63,46998,卖盘
1503,13:24:21,7.46,-0.01,97,72362,卖盘
1504,13:24:15,7.47,--,1,747,买盘
1505,13:24:09,7.47,--,3,2241,买盘
1506,13:24:06,7.47,--,59,44073,买盘
1507,13:24:03,7.47,--,18,13446,买盘
1508,13:23:57,7.47,--,9,6723,买盘
1509,13:23:54,7.47,--,1,747,买盘
1510,13:23:51,7.47,0.01,33,24651,买盘
1511,13:23:48,7.46,-0.01,8,5968,卖盘
1512,13:23:42,7.47,0.01,32,23904,买盘
1513,13:23:39,7.46,--,174,129804,卖盘
1514,13:23:36,7.46,-0.01,112,83552,卖盘
1515,13:23:33,7.47,--,5,3735,买盘
1516,13:23:27,7.47,--,11,8217,买盘
1517,13:23:21,7.47,--,27,20169,买盘
1518,13:23:15,7.47,--,7,5229,买盘
1519,13:23:12,7.47,--,172,128484,买盘
1520,13:23:09,7.47,0.01,1,747,买盘
1521,13:23:06,7.46,-0.01,84,62664,卖盘
1522,13:23:03,7.47,--,1,747,买盘
1523,13:23:00,7.47,--,3,2241,买盘
1524,13:22:57,7.47,0.01,2,1494,买盘
1525,13:22:54,7.46,-0.01,6,4476,卖盘
1526,13:22:51,7.47,0.01,19,14193,买盘
1527,13:22:48,7.46,-0.01,129,96234,卖盘
1528,13:22:45,7.47,0.01,25,18675,买盘
1529,13:22:39,7.46,-0.01,49,36554,卖盘
1530,13:22:36,7.47,--,112,83664,买盘
1531,13:22:30,7.47,--,5,3735,买盘
1532,13:22:24,7.47,--,11,8217,买盘
1533,13:22:21,7.47,0.01,89,66483,买盘
1534,13:22:18,7.46,--,12,8952,买盘
1535,13:22:15,7.46,--,4,2984,买盘
1536,13:22:12,7.46,0.01,3,2238,买盘
1537,13:22:09,7.45,--,18,13410,卖盘
1538,13:22:06,7.45,--,232,172840,买盘
1539,13:22:03,7.45,--,115,85675,买盘
1540,13:22:00,7.45,0.01,600,447000,买盘
1541,13:21:57,7.44,-0.01,1021,759624,卖盘
1542,13:21:54,7.45,--,48,35760,买盘
1543,13:21:51,7.45,0.01,8,5960,买盘
1544,13:21:48,7.44,-0.01,33,24552,卖盘
1545,13:21:45,7.45,--,29,21605,买盘
1546,13:21:42,7.45,0.01,201,149745,买盘
1547,13:21:39,7.44,-0.01,16,11904,卖盘
1548,13:21:36,7.45,0.01,2,1490,买盘
1549,13:21:33,7.44,-0.01,97,72168,卖盘
1550,13:21:30,7.45,--,62,46190,买盘
1551,13:21:27,7.45,0.01,8,5960,买盘
1552,13:21:24,7.44,-0.01,127,94488,卖盘
1553,13:21:21,7.45,--,21,15645,买盘
1554,13:21:18,7.45,0.01,6,4470,买盘
1555,13:21:15,7.44,--,16,11904,卖盘
1556,13:21:09,7.44,-0.01,72,53568,卖盘
1557,13:21:06,7.45,--,1,745,买盘
1558,13:21:03,7.45,0.01,1,745,买盘
1559,13:21:00,7.44,--,3,2232,卖盘
1560,13:20:57,7.44,--,53,39432,卖盘
1561,13:20:54,7.44,-0.01,12,8928,卖盘
1562,13:20:51,7.45,0.01,237,176565,买盘
1563,13:20:48,7.44,-0.01,17,12648,卖盘
1564,13:20:45,7.45,--,105,78225,买盘
1565,13:20:42,7.45,--,1,745,买盘
1566,13:20:36,7.45,0.01,77,57365,买盘
1567,13:20:33,7.44,--,444,330336,卖盘
1568,13:20:30,7.44,-0.01,40,29760,卖盘
1569,13:20:27,7.45,--,103,76735,买盘
1570,13:20:24,7.45,0.01,5,3725,买盘
1571,13:20:21,7.44,--,6,4464,卖盘
1572,13:20:18,7.44,-0.01,127,94488,卖盘
1573,13:20:15,7.45,--,4,2980,买盘
1574,13:20:12,7.45,--,5,3725,买盘
1575,13:20:09,7.45,--,1,745,买盘
1576,13:20:06,7.45,0.01,12,8940,买盘
1577,13:20:03,7.44,-0.01,2,1488,卖盘
1578,13:20:00,7.45,--,1,745,买盘
1579,13:19:54,7.45,0.01,1,745,买盘
1580,13:19:51,7.44,--,2,1488,卖盘
1581,13:19:45,7.44,--,46,34224,卖盘
1582,13:19:42,7.44,-0.01,86,63984,卖盘
1583,13:19:39,7.45,--,40,29800,买盘
1584,13:19:33,7.45,--,12,8940,买盘
1585,13:19:30,7.45,0.01,191,142295,买盘
1586,13:19:27,7.44,-0.01,200,148800,卖盘
1587,13:19:24,7.45,0.01,2,1490,买盘
1588,13:19:21,7.44,-0.01,25,18600,卖盘
1589,13:19:18,7.45,0.01,310,230950,买盘
1590,13:19:12,7.44,--,27,20088,卖盘
1591,13:19:06,7.44,--,7,5208,卖盘
1592,13:19:03,7.44,-0.01,94,69936,卖盘
1593,13:19:00,7.45,0.01,50,37250,买盘
1594,13:18:57,7.44,-0.01,186,138384,卖盘
1595,13:18:54,7.45,--,103,76735,买盘
1596,13:18:51,7.45,0.01,150,111750,买盘
1597,13:18:42,7.44,-0.01,8,5952,卖盘
1598,13:18:39,7.45,--,10,7450,买盘
1599,13:18:36,7.45,0.01,67,49915,买盘
1600,13:18:33,7.44,-0.01,150,111600,卖盘
1601,13:18:30,7.45,--,19,14155,买盘
1602,13:18:24,7.45,--,11,8195,买盘
1603,13:18:21,7.45,--,151,112495,买盘
1604,13:18:18,7.45,0.01,52,38740,买盘
1605,13:18:15,7.44,-0.01,2,1488,卖盘
1606,13:18:06,7.45,0.01,62,46190,买盘
1607,13:18:03,7.44,-0.01,1,744,卖盘
1608,13:17:57,7.45,--,5,3725,买盘
1609,13:17:54,7.45,0.01,1,745,买盘
1610,13:17:51,7.44,--,14,10416,卖盘
1611,13:17:48,7.44,--,198,147312,卖盘
1612,13:17:45,7.44,-0.01,1,744,卖盘
1613,13:17:39,7.45,0.01,10,7450,买盘
1614,13:17:33,7.44,-0.01,30,22320,卖盘
1615,13:17:30,7.45,--,8,5960,买盘
1616,13:17:27,7.45,0.01,138,102810,买盘
1617,13:17:21,7.44,-0.01,50,37200,卖盘
1618,13:17:18,7.45,--,5,3725,买盘
1619,13:17:15,7.45,0.01,11,8195,买盘
1620,13:17:09,7.44,-0.01,49,36456,卖盘
1621,13:17:06,7.45,--,1,745,买盘
1622,13:17:03,7.45,--,4,2980,买盘
1623,13:17:00,7.45,--,1,745,买盘
1624,13:16:57,7.45,--,1,745,买盘
1625,13:16:54,7.45,--,1,745,买盘
1626,13:16:51,7.45,0.01,113,84185,买盘
1627,13:16:48,7.44,--,5,3720,卖盘
1628,13:16:45,7.44,-0.01,20,14880,卖盘
1629,13:16:42,7.45,--,1,745,买盘
1630,13:16:39,7.45,--,201,149745,买盘
1631,13:16:36,7.45,0.01,7,5215,买盘
1632,13:16:33,7.44,-0.01,171,127224,卖盘
1633,13:16:30,7.45,--,2,1490,买盘
1634,13:16:27,7.45,0.01,32,23840,买盘
1635,13:16:24,7.44,-0.01,2,1488,卖盘
1636,13:16:21,7.45,--,48,35760,买盘
1637,13:16:18,7.45,--,39,29055,买盘
1638,13:16:15,7.45,--,233,173585,买盘
1639,13:16:12,7.45,--,5,3725,买盘
1640,13:16:06,7.45,0.01,2,1490,买盘
1641,13:16:03,7.44,-0.01,23,17112,卖盘
1642,13:15:57,7.45,--,2,1490,买盘
1643,13:15:54,7.45,0.01,1,745,买盘
1644,13:15:45,7.44,--,43,31992,卖盘
1645,13:15:42,7.44,-0.01,175,130200,卖盘
1646,13:15:39,7.45,0.01,3,2235,买盘
1647,13:15:36,7.44,--,60,44640,卖盘
1648,13:15:27,7.44,--,0,424,卖盘
1649,13:15:24,7.44,-0.01,28,20832,卖盘
1650,13:15:18,7.45,0.01,5,3725,买盘
1651,13:15:15,7.44,--,5,3720,卖盘
1652,13:15:12,7.44,--,211,156984,卖盘
1653,13:15:06,7.44,--,29,21576,卖盘
1654,13:15:03,7.44,-0.01,3,2232,卖盘
1655,13:15:00,7.45,0.01,2,1490,买盘
1656,13:14:57,7.44,-0.01,18,13392,卖盘
1657,13:14:54,7.45,0.01,150,111750,买盘
1658,13:14:51,7.44,--,14,10416,卖盘
1659,13:14:45,7.44,-0.01,54,40176,卖盘
1660,13:14:42,7.45,--,20,14900,买盘
1661,13:14:33,7.45,--,2,1490,买盘
1662,13:14:30,7.45,0.01,17,12665,买盘
1663,13:14:27,7.44,-0.01,75,55800,卖盘
1664,13:14:24,7.45,--,7,5215,买盘
1665,13:14:21,7.45,--,11,8195,买盘
1666,13:14:18,7.45,0.01,117,87165,买盘
1667,13:14:15,7.44,-0.01,100,74400,卖盘
1668,13:14:12,7.45,--,12,8940,买盘
1669,13:14:06,7.45,0.01,2,1490,买盘
1670,13:14:03,7.44,--,1,744,卖盘
1671,13:14:00,7.44,--,33,24552,卖盘
1672,13:13:57,7.44,--,16,11904,卖盘
1673,13:13:54,7.44,--,553,411432,卖盘
1674,13:13:51,7.44,-0.01,2,1488,卖盘
1675,13:13:48,7.45,--,100,74500,买盘
1676,13:13:42,7.45,0.01,7,5215,买盘
1677,13:13:39,7.44,-0.01,180,133920,卖盘
1678,13:13:36,7.45,0.01,23,17135,买盘
1679,13:13:30,7.44,--,1,744,卖盘
1680,13:13:27,7.44,--,28,20832,卖盘
1681,13:13:24,7.44,--,27,20088,卖盘
1682,13:13:21,7.44,-0.01,514,382416,卖盘
1683,13:13:15,7.45,0.01,16,11920,买盘
1684,13:13:12,7.44,--,79,58776,卖盘
1685,13:13:09,7.44,-0.01,10,7440,卖盘
1686,13:13:06,7.45,0.01,509,379205,买盘
1687,13:13:03,7.44,-0.01,3,2232,卖盘
1688,13:13:00,7.45,0.01,25,18625,买盘
1689,13:12:54,7.44,--,1,744,卖盘
1690,13:12:42,7.44,--,52,38688,卖盘
1691,13:12:39,7.44,-0.01,111,82584,卖盘
1692,13:12:36,7.45,--,8,5960,买盘
1693,13:12:33,7.45,--,1,745,买盘
1694,13:12:30,7.45,--,3,2235,买盘
1695,13:12:27,7.45,--,8,5960,买盘
1696,13:12:24,7.45,--,276,205620,买盘
1697,13:12:18,7.45,0.01,3,2235,买盘
1698,13:12:15,7.44,--,53,39432,卖盘
1699,13:12:12,7.44,-0.01,32,23808,卖盘
1700,13:12:09,7.45,-0.01,1124,837380,卖盘
1701,13:12:06,7.46,0.01,94,70124,买盘
1702,13:12:03,7.45,-0.01,19,14155,卖盘
1703,13:11:57,7.46,0.01,8,5968,买盘
1704,13:11:54,7.45,-0.01,10,7450,卖盘
1705,13:11:45,7.46,--,1,746,买盘
1706,13:11:39,7.46,0.01,1,746,买盘
1707,13:11:36,7.45,--,5,3725,卖盘
1708,13:11:33,7.45,-0.01,130,96850,卖盘
1709,13:11:30,7.46,--,77,57442,买盘
1710,13:11:27,7.46,0.01,2,1492,买盘
1711,13:11:21,7.45,--,21,15645,卖盘
1712,13:11:12,7.45,-0.01,4,2980,卖盘
1713,13:11:09,7.46,--,46,34316,买盘
1714,13:11:06,7.46,0.01,1,746,买盘
1715,13:11:03,7.45,-0.01,11,8195,卖盘
1716,13:11:00,7.46,--,94,70124,买盘
1717,13:10:57,7.46,--,2,1492,买盘
1718,13:10:54,7.46,--,1,746,买盘
1719,13:10:51,7.46,0.02,17,12682,买盘
1720,13:10:39,7.44,--,2,1488,卖盘
1721,13:10:36,7.44,--,60,44640,卖盘
1722,13:10:30,7.44,-0.02,7,5208,卖盘
1723,13:10:27,7.46,0.01,256,190976,买盘
1724,13:10:24,7.45,0.01,65,48425,买盘
1725,13:10:21,7.44,--,9,6696,卖盘
1726,13:10:18,7.44,-0.01,264,196416,卖盘
1727,13:10:12,7.45,--,23,17135,买盘
1728,13:10:09,7.45,0.01,1,745,买盘
1729,13:10:06,7.44,-0.01,11,8184,卖盘
1730,13:10:03,7.45,0.01,12,8940,买盘
1731,13:10:00,7.44,--,89,66216,卖盘
1732,13:09:51,7.44,-0.01,35,26040,卖盘
1733,13:09:48,7.45,--,109,81205,买盘
1734,13:09:45,7.45,--,100,74500,买盘
1735,13:09:42,7.45,-0.01,3815,2842175,卖盘
1736,13:09:39,7.46,--,1,746,买盘
1737,13:09:33,7.46,--,21,15666,买盘
1738,13:09:30,7.46,0.01,5,3730,买盘
1739,13:09:27,7.45,-0.01,170,126650,卖盘
1740,13:09:24,7.46,0.01,17,12682,买盘
1741,13:09:21,7.45,--,96,71520,卖盘
1742,13:09:15,7.45,-0.01,2,1490,卖盘
1743,13:09:12,7.46,0.01,40,29840,买盘
1744,13:09:06,7.45,--,78,58110,卖盘
1745,13:09:03,7.45,-0.01,262,195190,卖盘
1746,13:09:00,7.46,0.01,10,7460,买盘
1747,13:08:54,7.45,--,42,31290,卖盘
1748,13:08:51,7.45,--,1,745,卖盘
1749,13:08:48,7.45,--,35,26075,卖盘
1750,13:08:45,7.45,--,40,29800,卖盘
1751,13:08:42,7.45,--,3,2235,卖盘
1752,13:08:39,7.45,--,130,96850,卖盘
1753,13:08:33,7.45,-0.01,7,5215,卖盘
1754,13:08:30,7.46,0.01,4,2984,买盘
1755,13:08:27,7.45,--,39,29055,卖盘
1756,13:08:24,7.45,--,8,5960,卖盘
1757,13:08:18,7.45,-0.01,51,37995,卖盘
1758,13:08:15,7.46,--,10,7460,买盘
1759,13:08:09,7.46,0.01,10,7460,买盘
1760,13:08:06,7.45,--,91,67795,卖盘
1761,13:08:03,7.45,-0.01,4,2980,卖盘
1762,13:08:00,7.46,--,10,7460,买盘
1763,13:07:54,7.46,0.01,5,3730,买盘
1764,13:07:51,7.45,-0.01,3,2235,卖盘
1765,13:07:48,7.46,0.01,148,110408,买盘
1766,13:07:45,7.45,-0.01,49,36505,卖盘
1767,13:07:42,7.46,0.01,117,87282,买盘
1768,13:07:39,7.45,-0.01,19,14155,卖盘
1769,13:07:33,7.46,0.01,2,1492,买盘
1770,13:07:30,7.45,--,15,11175,卖盘
1771,13:07:27,7.45,--,738,549810,卖盘
1772,13:07:24,7.45,--,42,31290,卖盘
1773,13:07:21,7.45,--,21,15645,卖盘
1774,13:07:18,7.45,-0.01,1,745,卖盘
1775,13:07:15,7.46,--,18,13428,买盘
1776,13:07:12,7.46,0.01,25,18650,买盘
1777,13:07:09,7.45,-0.01,2,1490,卖盘
1778,13:07:06,7.46,-0.01,91,67886,卖盘
1779,13:07:03,7.47,0.01,18,13446,买盘
1780,13:07:00,7.46,--,2,1492,卖盘
1781,13:06:57,7.46,--,88,65648,卖盘
1782,13:06:54,7.46,--,14,10444,卖盘
1783,13:06:51,7.46,--,80,59680,卖盘
1784,13:06:48,7.46,--,1,746,卖盘
1785,13:06:45,7.46,--,48,35808,卖盘
1786,13:06:39,7.46,--,1,746,卖盘
1787,13:06:36,7.46,--,64,47744,卖盘
1788,13:06:33,7.46,--,40,29840,卖盘
1789,13:06:30,7.46,--,1,746,卖盘
1790,13:06:27,7.46,--,35,26110,卖盘
1791,13:06:24,7.46,--,1,746,卖盘
1792,13:06:21,7.46,--,66,49236,卖盘
1793,13:06:18,7.46,--,26,19396,卖盘
1794,13:06:12,7.46,--,1,746,卖盘
1795,13:06:09,7.46,--,7,5222,卖盘
1796,13:06:06,7.46,--,35,26110,卖盘
1797,13:06:03,7.46,-0.01,1,746,卖盘
1798,13:05:57,7.47,0.01,13,9711,买盘
1799,13:05:48,7.46,--,3,2238,卖盘
1800,13:05:45,7.46,--,135,100710,卖盘
1801,13:05:39,7.46,--,3,2238,卖盘
1802,13:05:36,7.46,-0.01,107,79822,卖盘
1803,13:05:33,7.47,--,2,1494,买盘
1804,13:05:30,7.47,--,2,1494,买盘
1805,13:05:27,7.47,0.01,37,27639,买盘
1806,13:05:21,7.46,--,8,5968,卖盘
1807,13:05:18,7.46,--,388,289448,卖盘
1808,13:05:09,7.46,--,1,746,卖盘
1809,13:05:06,7.46,--,44,32824,卖盘
1810,13:05:03,7.46,--,1,746,卖盘
1811,13:05:00,7.46,-0.01,69,51474,卖盘
1812,13:04:57,7.47,0.01,3,2241,买盘
1813,13:04:51,7.46,-0.01,1,746,卖盘
1814,13:04:48,7.47,0.01,26,19422,买盘
1815,13:04:45,7.46,-0.01,37,27602,卖盘
1816,13:04:42,7.47,0.01,1,747,买盘
1817,13:04:33,7.46,--,1,746,卖盘
1818,13:04:30,7.46,--,3,2238,卖盘
1819,13:04:27,7.46,-0.01,186,138756,卖盘
1820,13:04:24,7.47,0.01,3,2241,买盘
1821,13:04:18,7.46,-0.01,2,1492,卖盘
1822,13:04:15,7.47,--,100,74700,买盘
1823,13:04:12,7.47,0.01,4,2988,买盘
1824,13:04:06,7.46,--,36,26856,卖盘
1825,13:04:03,7.46,-0.01,5,3730,卖盘
1826,13:04:00,7.47,--,108,80676,买盘
1827,13:03:57,7.47,--,33,24651,买盘
1828,13:03:48,7.47,0.01,2,1494,买盘
1829,13:03:45,7.46,--,35,26110,卖盘
1830,13:03:42,7.46,--,7,5222,卖盘
1831,13:03:33,7.46,-0.01,2,1492,卖盘
1832,13:03:30,7.47,0.01,73,54531,买盘
1833,13:03:27,7.46,--,42,31332,卖盘
1834,13:03:15,7.46,--,50,37300,卖盘
1835,13:03:12,7.46,--,180,134280,卖盘
1836,13:03:09,7.46,--,12,8952,卖盘
1837,13:03:06,7.46,-0.01,35,26110,卖盘
1838,13:03:00,7.47,--,18,13446,买盘
1839,13:02:57,7.47,0.01,19,14193,买盘
1840,13:02:51,7.46,--,8,5968,卖盘
1841,13:02:45,7.46,-0.01,85,63410,卖盘
1842,13:02:42,7.47,0.01,1,747,买盘
1843,13:02:36,7.46,--,6,4476,卖盘
1844,13:02:33,7.46,-0.01,60,44760,卖盘
1845,13:02:30,7.47,--,2,1494,买盘
1846,13:02:27,7.47,0.01,91,67977,买盘
1847,13:02:21,7.46,--,8,5968,卖盘
1848,13:02:18,7.46,-0.01,155,115630,卖盘
1849,13:02:12,7.47,0.01,30,22410,买盘
1850,13:02:09,7.46,-0.01,2,1492,卖盘
1851,13:02:06,7.47,0.01,38,28386,买盘
1852,13:02:03,7.46,-0.01,4,2984,卖盘
1853,13:02:00,7.47,--,6,4482,买盘
1854,13:01:54,7.47,0.01,11,8217,买盘
1855,13:01:51,7.46,--,8,5968,卖盘
1856,13:01:48,7.46,--,21,15666,卖盘
1857,13:01:45,7.46,-0.02,71,52966,卖盘
1858,13:01:42,7.48,0.02,301,225148,买盘
1859,13:01:36,7.46,-0.02,100,74600,卖盘
1860,13:01:33,7.48,--,22,16456,买盘
1861,13:01:30,7.48,0.01,194,145112,买盘
1862,13:01:27,7.47,--,43,32121,卖盘
1863,13:01:24,7.47,--,8,5976,卖盘
1864,13:01:18,7.47,--,5,3735,卖盘
1865,13:01:15,7.47,-0.01,83,62001,卖盘
1866,13:01:12,7.48,0.01,4,2992,买盘
1867,13:01:06,7.47,--,58,43326,卖盘
1868,13:01:03,7.47,-0.01,25,18675,卖盘
1869,13:01:00,7.48,--,5,3740,买盘
1870,13:00:54,7.48,0.01,11,8228,买盘
1871,13:00:51,7.47,--,8,5976,卖盘
1872,13:00:45,7.47,-0.01,35,26145,卖盘
1873,13:00:42,7.48,--,17,12716,买盘
1874,13:00:39,7.48,0.01,8,5984,买盘
1875,13:00:36,7.47,--,40,29880,卖盘
1876,13:00:33,7.47,-0.01,30,22410,卖盘
1877,13:00:30,7.48,--,2,1496,买盘
1878,13:00:27,7.48,0.01,38,28424,买盘
1879,13:00:21,7.47,-0.01,8,5976,卖盘
1880,13:00:18,7.48,--,2,1496,买盘
1881,13:00:12,7.48,--,1,748,买盘
1882,13:00:09,7.48,--,46,34408,买盘
1883,13:00:06,7.48,--,101,75548,买盘
1884,13:00:03,7.48,0.01,1893,1415964,买盘
1885,13:00:00,7.47,-0.01,7,5229,卖盘
1886,11:30:00,7.48,--,41,30668,买盘
1887,11:29:57,7.48,0.01,12,8976,买盘
1888,11:29:54,7.47,-0.01,44,32868,卖盘
1889,11:29:51,7.48,--,11,8228,买盘
1890,11:29:48,7.48,0.01,18,13464,买盘
1891,11:29:45,7.47,-0.01,155,115785,卖盘
1892,11:29:42,7.48,--,91,68068,买盘
1893,11:29:36,7.48,--,48,35904,买盘
1894,11:29:33,7.48,--,10,7480,买盘
1895,11:29:30,7.48,--,66,49368,买盘
1896,11:29:27,7.48,--,54,40392,买盘
1897,11:29:24,7.48,0.01,72,53856,买盘
1898,11:29:18,7.47,-0.01,62,46314,卖盘
1899,11:29:12,7.48,0.01,5,3740,买盘
1900,11:29:09,7.47,--,1,747,卖盘
1901,11:29:06,7.47,-0.01,35,26145,卖盘
1902,11:29:03,7.48,--,10,7480,买盘
1903,11:29:00,7.48,--,1,748,买盘
1904,11:28:54,7.48,0.01,4,2992,买盘
1905,11:28:51,7.47,-0.01,82,61254,卖盘
1906,11:28:48,7.48,0.01,11,8228,买盘
1907,11:28:45,7.47,-0.01,35,26145,卖盘
1908,11:28:42,7.48,0.01,1,748,买盘
1909,11:28:39,7.47,-0.01,84,62748,卖盘
1910,11:28:36,7.48,0.01,18,13464,买盘
1911,11:28:30,7.47,-0.01,15,11205,卖盘
1912,11:28:27,7.48,--,138,103224,买盘
1913,11:28:18,7.48,0.01,18,13464,买盘
1914,11:28:15,7.47,-0.01,231,172557,卖盘
1915,11:28:12,7.48,0.01,4,2992,买盘
1916,11:28:06,7.47,-0.01,36,26892,卖盘
1917,11:28:03,7.48,--,2,1496,买盘
1918,11:28:00,7.48,--,100,74800,买盘
1919,11:27:54,7.48,--,11,8228,买盘
1920,11:27:51,7.48,--,124,92752,买盘
1921,11:27:48,7.48,0.01,17,12716,买盘
1922,11:27:45,7.47,-0.01,35,26145,卖盘
1923,11:27:42,7.48,--,1,748,买盘
1924,11:27:39,7.48,--,30,22440,买盘
1925,11:27:36,7.48,--,3,2244,买盘
1926,11:27:30,7.48,0.01,11,8228,买盘
1927,11:27:27,7.47,-0.01,35,26145,卖盘
1928,11:27:24,7.48,0.01,9,6732,买盘
1929,11:27:21,7.47,--,50,37350,卖盘
1930,11:27:15,7.47,-0.01,100,74700,卖盘
1931,11:27:12,7.48,0.01,18,13464,买盘
1932,11:27:06,7.47,--,35,26145,卖盘
1933,11:27:03,7.47,--,7,5229,卖盘
1934,11:27:00,7.47,--,220,164340,卖盘
1935,11:26:57,7.47,-0.01,2,1494,卖盘
1936,11:26:51,7.48,--,115,86020,买盘
1937,11:26:48,7.48,0.01,13,9724,买盘
1938,11:26:45,7.47,-0.01,35,26145,卖盘
1939,11:26:42,7.48,0.01,1,748,买盘
1940,11:26:39,7.47,--,2,1494,卖盘
1941,11:26:33,7.47,--,2,1494,卖盘
1942,11:26:30,7.47,--,26,19422,卖盘
1943,11:26:27,7.47,--,107,79929,卖盘
1944,11:26:24,7.47,--,55,41085,卖盘
1945,11:26:18,7.47,--,15,11205,卖盘
1946,11:26:15,7.47,--,6,4482,卖盘
1947,11:26:12,7.47,0.01,402,300294,买盘
1948,11:26:09,7.46,--,102,76092,卖盘
1949,11:26:06,7.46,--,35,26110,卖盘
1950,11:26:03,7.46,-0.01,6,4476,卖盘
1951,11:26:00,7.47,0.01,1,747,买盘
1952,11:25:57,7.46,-0.01,5,3730,卖盘
1953,11:25:54,7.47,--,11,8217,买盘
1954,11:25:51,7.47,0.01,5,3735,买盘
1955,11:25:48,7.46,-0.01,29,21634,卖盘
1956,11:25:45,7.47,0.01,36,26892,买盘
1957,11:25:42,7.46,--,6,4476,卖盘
1958,11:25:39,7.46,-0.01,2,1492,卖盘
1959,11:25:36,7.47,0.01,21,15687,买盘
1960,11:25:33,7.46,--,11,8206,卖盘
1961,11:25:27,7.46,--,4,2984,卖盘
1962,11:25:24,7.46,--,36,26856,卖盘
1963,11:25:21,7.46,--,177,132042,卖盘
1964,11:25:18,7.46,--,47,35062,卖盘
1965,11:25:15,7.46,--,13,9698,卖盘
1966,11:25:12,7.46,--,3,2238,买盘
1967,11:25:09,7.46,--,7,5222,买盘
1968,11:25:06,7.46,-0.01,134,99964,中性盘
1969,11:25:03,7.47,0.02,267,199449,买盘
1970,11:24:57,7.45,--,57,42465,卖盘
1971,11:24:54,7.45,-0.01,109,81205,卖盘
1972,11:24:48,7.46,-0.01,3,2238,卖盘
1973,11:24:45,7.47,--,82,61254,买盘
1974,11:24:42,7.47,0.01,67,50049,买盘
1975,11:24:39,7.46,--,513,382698,卖盘
1976,11:24:33,7.46,--,1,746,卖盘
1977,11:24:30,7.46,--,133,99218,卖盘
1978,11:24:27,7.46,--,3,2238,卖盘
1979,11:24:24,7.46,-0.01,35,26110,卖盘
1980,11:24:21,7.47,0.01,40,29880,买盘
1981,11:24:18,7.46,0.01,8,5968,中性盘
1982,11:24:15,7.45,-0.02,19,14155,卖盘
1983,11:24:12,7.47,0.02,37,27639,买盘
1984,11:24:09,7.45,--,3,2235,卖盘
1985,11:24:06,7.45,--,35,26075,卖盘
1986,11:24:03,7.45,--,3,2235,卖盘
1987,11:24:00,7.45,--,2,1490,卖盘
1988,11:23:48,7.45,--,10,7450,卖盘
1989,11:23:45,7.45,-0.01,81,60345,卖盘
1990,11:23:42,7.46,-0.01,59,44014,卖盘
1991,11:23:39,7.47,0.01,104,77688,买盘
1992,11:23:33,7.46,--,50,37300,卖盘
1993,11:23:30,7.46,0.01,4,2984,买盘
1994,11:23:27,7.45,-0.01,225,167625,卖盘
1995,11:23:24,7.46,-0.01,36,26856,卖盘
1996,11:23:21,7.47,0.01,1,747,买盘
1997,11:23:18,7.46,--,8,5968,卖盘
1998,11:23:15,7.46,--,216,161136,卖盘
1999,11:23:12,7.46,--,100,74600,卖盘
2000,11:23:09,7.46,--,3,2238,卖盘
2001,11:23:06,7.46,--,35,26110,卖盘
2002,11:22:57,7.46,--,2,1492,卖盘
2003,11:22:51,7.46,-0.01,39,29094,卖盘
2004,11:22:48,7.47,0.01,7,5229,买盘
2005,11:22:45,7.46,-0.01,47,35062,卖盘
2006,11:22:42,7.47,0.01,13,9711,买盘
2007,11:22:39,7.46,--,2,1492,卖盘
2008,11:22:36,7.46,-0.01,57,42522,卖盘
2009,11:22:33,7.47,0.01,1,747,买盘
2010,11:22:30,7.46,--,19,14174,卖盘
2011,11:22:24,7.46,-0.01,35,26110,卖盘
2012,11:22:21,7.47,0.01,1,747,买盘
2013,11:22:18,7.46,0.01,9,6714,中性盘
2014,11:22:09,7.45,--,3,2235,卖盘
2015,11:22:06,7.45,--,35,26075,卖盘
2016,11:22:03,7.45,--,7,5215,卖盘
2017,11:22:00,7.45,-0.01,300,223500,卖盘
2018,11:21:57,7.46,-0.01,2,1492,卖盘
2019,11:21:54,7.47,0.01,27,20169,买盘
2020,11:21:51,7.46,--,14,10444,卖盘
2021,11:21:48,7.46,--,10,7460,卖盘
2022,11:21:45,7.46,-0.01,36,26856,卖盘
2023,11:21:42,7.47,0.01,12,8964,买盘
2024,11:21:39,7.46,-0.01,2,1492,卖盘
2025,11:21:36,7.47,0.01,2,1494,买盘
2026,11:21:27,7.46,--,3,2238,卖盘
2027,11:21:24,7.46,-0.01,35,26110,卖盘
2028,11:21:21,7.47,0.02,1,747,买盘
2029,11:21:18,7.45,-0.01,2,1490,卖盘
2030,11:21:12,7.46,--,135,100710,买盘
2031,11:21:09,7.46,--,13,9698,买盘
2032,11:21:06,7.46,-0.01,21,15666,卖盘
2033,11:21:00,7.47,0.01,31,23157,买盘
2034,11:20:57,7.46,--,5,3730,买盘
2035,11:20:54,7.46,0.01,8,5968,买盘
2036,11:20:51,7.45,-0.01,37,27565,卖盘
2037,11:20:48,7.46,--,23,17158,卖盘
2038,11:20:45,7.46,0.01,98,73108,卖盘
2039,11:20:42,7.45,--,334,248830,卖盘
2040,11:20:39,7.45,-0.02,738,549810,卖盘
2041,11:20:36,7.47,--,17,12699,买盘
2042,11:20:30,7.47,0.01,39,29133,买盘
2043,11:20:27,7.46,--,15,11190,卖盘
2044,11:20:24,7.46,-0.01,40,29840,卖盘
2045,11:20:21,7.47,0.01,255,190485,买盘
2046,11:20:18,7.46,-0.01,19,14174,卖盘
2047,11:20:12,7.47,0.01,141,105327,买盘
2048,11:20:09,7.46,--,16,11936,卖盘
2049,11:20:06,7.46,-0.01,35,26110,卖盘
2050,11:20:03,7.47,0.01,10,7470,买盘
2051,11:20:00,7.46,--,5,3730,卖盘
2052,11:19:57,7.46,--,59,44014,卖盘
2053,11:19:51,7.46,--,13,9698,卖盘
2054,11:19:48,7.46,-0.01,3,2238,卖盘
2055,11:19:45,7.47,--,51,38097,买盘
2056,11:19:42,7.47,0.01,1,747,买盘
2057,11:19:39,7.46,-0.01,2,1492,卖盘
2058,11:19:33,7.47,--,10,7470,买盘
2059,11:19:30,7.47,0.01,61,45567,买盘
2060,11:19:27,7.46,--,82,61172,卖盘
2061,11:19:24,7.46,-0.01,53,39538,卖盘
2062,11:19:21,7.47,0.01,11,8217,买盘
2063,11:19:18,7.46,--,2,1492,卖盘
2064,11:19:15,7.46,-0.01,60,44760,卖盘
2065,11:19:12,7.47,--,51,38097,买盘
2066,11:19:09,7.47,0.01,55,41085,买盘
2067,11:19:06,7.46,--,343,255878,卖盘
2068,11:19:03,7.46,--,100,74600,卖盘
2069,11:18:57,7.46,--,3,2238,卖盘
2070,11:18:54,7.46,-0.01,12,8952,卖盘
2071,11:18:51,7.47,0.01,28,20916,买盘
2072,11:18:48,7.46,-0.01,37,27602,卖盘
2073,11:18:45,7.47,--,100,74700,买盘
2074,11:18:42,7.47,0.01,6,4482,买盘
2075,11:18:39,7.46,-0.01,105,78330,卖盘
2076,11:18:36,7.47,0.01,18,13446,买盘
2077,11:18:33,7.46,--,21,15666,卖盘
2078,11:18:27,7.46,--,4,2984,卖盘
2079,11:18:24,7.46,-0.01,48,35808,卖盘
2080,11:18:21,7.47,0.01,16,11952,买盘
2081,11:18:18,7.46,--,2,1492,卖盘
2082,11:18:15,7.46,--,135,100710,卖盘
2083,11:18:09,7.46,--,8,5968,卖盘
2084,11:18:06,7.46,-0.01,35,26110,卖盘
2085,11:18:03,7.47,0.01,4,2988,买盘
2086,11:18:00,7.46,--,2,1492,卖盘
2087,11:17:57,7.46,-0.01,2,1492,卖盘
2088,11:17:54,7.47,0.01,17,12699,买盘
2089,11:17:51,7.46,--,14,10444,卖盘
2090,11:17:48,7.46,--,75,55950,卖盘
2091,11:17:45,7.46,-0.01,41,30586,卖盘
2092,11:17:42,7.47,0.01,1,747,买盘
2093,11:17:39,7.46,-0.01,56,41776,卖盘
2094,11:17:36,7.47,0.01,16,11952,买盘
2095,11:17:27,7.46,--,139,103694,卖盘
2096,11:17:24,7.46,-0.01,53,39538,卖盘
2097,11:17:21,7.47,0.01,1,747,买盘
2098,11:17:18,7.46,--,2,1492,卖盘
2099,11:17:15,7.46,--,5,3730,卖盘
2100,11:17:12,7.46,-0.01,241,179786,卖盘
2101,11:17:09,7.47,0.01,230,171810,买盘
2102,11:17:06,7.46,--,35,26110,卖盘
2103,11:17:03,7.46,--,5,3730,卖盘
2104,11:17:00,7.46,--,84,62664,卖盘
2105,11:16:57,7.46,--,2,1492,卖盘
2106,11:16:51,7.46,--,12,8952,卖盘
2107,11:16:48,7.46,-0.01,3,2238,卖盘
2108,11:16:45,7.47,--,45,33615,买盘
2109,11:16:42,7.47,0.01,4,2988,买盘
2110,11:16:39,7.46,--,2,1492,卖盘
2111,11:16:36,7.46,--,64,47744,卖盘
2112,11:16:33,7.46,--,75,55950,卖盘
2113,11:16:27,7.46,--,4,2984,卖盘
2114,11:16:24,7.46,-0.01,97,72362,卖盘
2115,11:16:21,7.47,--,1,747,买盘
2116,11:16:18,7.47,--,13,9711,买盘
2117,11:16:12,7.47,0.01,2,1494,买盘
2118,11:16:09,7.46,--,27,20142,卖盘
2119,11:16:06,7.46,-0.01,35,26110,卖盘
2120,11:16:03,7.47,0.01,10,7470,买盘
2121,11:16:00,7.46,--,6,4476,卖盘
2122,11:15:57,7.46,-0.01,158,117868,卖盘
2123,11:15:54,7.47,0.01,18,13446,买盘
2124,11:15:51,7.46,-0.01,13,9698,卖盘
2125,11:15:48,7.47,--,23,17181,买盘
2126,11:15:45,7.47,--,85,63495,买盘
2127,11:15:42,7.47,--,1,747,买盘
2128,11:15:39,7.47,--,231,172557,卖盘
2129,11:15:36,7.47,--,3,2241,卖盘
2130,11:15:33,7.47,-0.01,74,55278,卖盘
2131,11:15:30,7.48,0.01,11,8228,买盘
2132,11:15:27,7.47,--,40,29880,卖盘
2133,11:15:24,7.47,-0.01,55,41085,卖盘
2134,11:15:21,7.48,0.01,195,145860,买盘
2135,11:15:18,7.47,--,80,59760,卖盘
2136,11:15:09,7.47,--,3,2241,卖盘
2137,11:15:03,7.47,-0.01,85,63495,卖盘
2138,11:15:00,7.48,0.01,17,12716,买盘
2139,11:14:57,7.47,--,2,1494,卖盘
2140,11:14:51,7.47,--,13,9711,卖盘
2141,11:14:48,7.47,-0.01,8,5976,卖盘
2142,11:14:45,7.48,0.01,46,34408,买盘
2143,11:14:39,7.47,--,2,1494,卖盘
2144,11:14:30,7.47,--,25,18675,卖盘
2145,11:14:27,7.47,--,9,6723,卖盘
2146,11:14:24,7.47,--,35,26145,卖盘
2147,11:14:21,7.47,--,8,5976,卖盘
2148,11:14:18,7.47,-0.01,2,1494,卖盘
2149,11:14:15,7.48,0.01,10,7480,买盘
2150,11:14:12,7.47,--,5,3735,卖盘
2151,11:14:09,7.47,--,3,2241,卖盘
2152,11:14:06,7.47,--,92,68724,卖盘
2153,11:14:03,7.47,-0.01,130,97110,卖盘
2154,11:14:00,7.48,0.01,1,748,买盘
2155,11:13:57,7.47,--,3,2241,卖盘
2156,11:13:54,7.47,--,109,81423,卖盘
2157,11:13:51,7.47,--,107,79929,卖盘
2158,11:13:48,7.47,0.01,166,124002,买盘
2159,11:13:45,7.46,--,35,26110,卖盘
2160,11:13:39,7.46,--,57,42522,卖盘
2161,11:13:27,7.46,-0.01,62,46252,卖盘
2162,11:13:24,7.47,--,129,96363,买盘
2163,11:13:21,7.47,0.01,5,3735,买盘
2164,11:13:18,7.46,--,47,35062,卖盘
2165,11:13:15,7.46,-0.01,50,37300,卖盘
2166,11:13:12,7.47,0.01,13,9711,买盘
2167,11:13:09,7.46,--,3,2238,卖盘
2168,11:13:03,7.46,--,162,120852,卖盘
2169,11:12:57,7.46,-0.01,22,16412,卖盘
2170,11:12:54,7.47,0.01,15,11205,买盘
2171,11:12:51,7.46,--,12,8952,卖盘
2172,11:12:48,7.46,-0.01,5,3730,卖盘
2173,11:12:45,7.47,--,46,34362,卖盘
2174,11:12:39,7.47,--,7,5229,卖盘
2175,11:12:36,7.47,-0.01,457,341379,卖盘
2176,11:12:30,7.48,0.01,1,748,买盘
2177,11:12:27,7.47,--,3,2241,卖盘
2178,11:12:24,7.47,--,40,29880,卖盘
2179,11:12:18,7.47,--,6,4482,卖盘
2180,11:12:15,7.47,--,9,6723,卖盘
2181,11:12:09,7.47,--,3,2241,卖盘
2182,11:12:06,7.47,--,114,85158,卖盘
2183,11:12:03,7.47,--,40,29880,卖盘
2184,11:12:00,7.47,0.01,439,328231,买盘
2185,11:11:57,7.46,--,2,1492,卖盘
2186,11:11:51,7.46,--,13,9698,卖盘
2187,11:11:48,7.46,--,3,2238,卖盘
2188,11:11:45,7.46,-0.01,35,26110,卖盘
2189,11:11:42,7.47,0.01,6,4482,买盘
2190,11:11:39,7.46,--,8,5968,卖盘
2191,11:11:36,7.46,--,401,299146,卖盘
2192,11:11:33,7.46,-0.01,237,176802,卖盘
2193,11:11:30,7.47,--,6,4482,买盘
2194,11:11:27,7.47,--,103,76941,买盘
2195,11:11:24,7.47,--,40,29880,买盘
2196,11:11:18,7.47,--,12,8964,买盘
2197,11:11:12,7.47,0.01,11,8217,买盘
2198,11:11:09,7.46,--,68,50728,卖盘
2199,11:11:06,7.46,--,11,8206,卖盘
2200,11:11:03,7.46,-0.01,53,39538,卖盘
2201,11:11:00,7.47,0.01,1,747,买盘
2202,11:10:57,7.46,--,102,76092,卖盘
2203,11:10:51,7.46,--,12,8952,卖盘
2204,11:10:48,7.46,--,16,11936,卖盘
2205,11:10:45,7.46,-0.01,1007,751222,卖盘
2206,11:10:42,7.47,--,3,2241,买盘
2207,11:10:39,7.47,--,26,19422,买盘
2208,11:10:30,7.47,--,1,747,买盘
2209,11:10:27,7.47,0.01,20,14940,买盘
2210,11:10:24,7.46,--,36,26856,卖盘
2211,11:10:18,7.46,-0.01,2,1492,卖盘
2212,11:10:15,7.47,0.01,25,18675,买盘
2213,11:10:12,7.46,--,2,1492,卖盘
2214,11:10:09,7.46,--,32,23872,卖盘
2215,11:10:06,7.46,-0.01,26,19396,卖盘
2216,11:10:03,7.47,0.01,67,50049,买盘
2217,11:10:00,7.46,--,16,11936,卖盘
2218,11:09:57,7.46,--,366,273036,卖盘
2219,11:09:54,7.46,--,252,187992,卖盘
2220,11:09:51,7.46,--,13,9698,卖盘
2221,11:09:48,7.46,--,5,3730,卖盘
2222,11:09:45,7.46,-0.01,59,44014,卖盘
2223,11:09:42,7.47,--,10,7470,买盘
2224,11:09:39,7.47,--,52,38844,买盘
2225,11:09:36,7.47,0.01,5,3735,买盘
2226,11:09:33,7.46,-0.01,7,5222,卖盘
2227,11:09:30,7.47,0.01,396,295812,买盘
2228,11:09:27,7.46,--,3,2238,卖盘
2229,11:09:24,7.46,--,35,26110,卖盘
2230,11:09:18,7.46,-0.01,2,1492,卖盘
2231,11:09:15,7.47,--,1,1195,卖盘
2232,11:09:12,7.47,--,18,13744,买盘
2233,11:09:09,7.47,--,107,80377,卖盘
2234,11:09:06,7.47,--,110,82170,卖盘
2235,11:09:03,7.47,--,788,588934,买盘
2236,11:09:00,7.47,--,757,565927,卖盘
2237,11:08:57,7.47,-0.01,229,171063,卖盘
2238,11:08:54,7.48,0.01,1,748,买盘
2239,11:08:51,7.47,--,12,8964,卖盘
2240,11:08:48,7.47,-0.01,3,2241,卖盘
2241,11:08:45,7.48,0.01,64,47872,买盘
2242,11:08:42,7.47,--,8,5976,卖盘
2243,11:08:39,7.47,-0.01,582,434754,卖盘
2244,11:08:36,7.48,--,11,8228,买盘
2245,11:08:33,7.48,--,47,35156,买盘
2246,11:08:30,7.48,0.01,1,748,买盘
2247,11:08:27,7.47,--,3,2241,卖盘
2248,11:08:24,7.47,--,35,26145,卖盘
2249,11:08:18,7.47,--,59,44073,卖盘
2250,11:08:15,7.47,-0.01,552,412344,卖盘
2251,11:08:12,7.48,--,1,748,买盘
2252,11:08:09,7.48,0.01,5,3740,买盘
2253,11:08:06,7.47,--,205,153135,卖盘
2254,11:08:03,7.47,--,35,26145,卖盘
2255,11:07:57,7.47,--,35,26145,卖盘
2256,11:07:51,7.47,--,370,276390,卖盘
2257,11:07:48,7.47,--,118,88146,卖盘
2258,11:07:45,7.47,--,35,26145,卖盘
2259,11:07:39,7.47,-0.01,2,1494,卖盘
2260,11:07:30,7.48,0.01,13,9724,买盘
2261,11:07:27,7.47,-0.01,18,13446,卖盘
2262,11:07:24,7.48,--,72,53856,买盘
2263,11:07:21,7.48,--,17,12716,买盘
2264,11:07:18,7.48,0.01,65,48620,买盘
2265,11:07:09,7.47,-0.01,3,2241,卖盘
2266,11:07:06,7.48,0.01,7,5236,买盘
2267,11:07:03,7.47,--,36,26892,卖盘
2268,11:07:00,7.47,--,23,17181,卖盘
2269,11:06:57,7.47,--,2,1494,卖盘
2270,11:06:51,7.47,--,12,8964,卖盘
2271,11:06:48,7.47,--,3,2241,卖盘
2272,11:06:45,7.47,--,55,41085,卖盘
2273,11:06:39,7.47,--,26,19422,卖盘
2274,11:06:36,7.47,--,800,597600,卖盘
2275,11:06:33,7.47,-0.01,306,228582,卖盘
2276,11:06:30,7.48,0.01,2,1496,买盘
2277,11:06:27,7.47,--,3,2241,卖盘
2278,11:06:18,7.47,--,2,1494,卖盘
2279,11:06:15,7.47,--,118,88146,卖盘
2280,11:06:09,7.47,-0.01,141,105327,卖盘
2281,11:06:03,7.48,0.01,1,748,买盘
2282,11:05:57,7.47,--,2,1494,卖盘
2283,11:05:51,7.47,--,13,9711,卖盘
2284,11:05:48,7.47,--,10,7470,卖盘
2285,11:05:45,7.47,--,468,349596,卖盘
2286,11:05:39,7.47,-0.01,43,32121,卖盘
2287,11:05:36,7.48,0.01,1,748,买盘
2288,11:05:33,7.47,-0.01,20,14940,卖盘
2289,11:05:30,7.48,0.01,18,13464,买盘
2290,11:05:27,7.47,--,132,98604,卖盘
2291,11:05:24,7.47,--,6,4482,卖盘
2292,11:05:21,7.47,--,286,213642,卖盘
2293,11:05:18,7.47,--,256,191232,卖盘
2294,11:05:09,7.47,--,3,2241,卖盘
2295,11:05:03,7.47,--,28,20916,卖盘
2296,11:04:57,7.47,--,9,6723,卖盘
2297,11:04:54,7.47,--,442,330174,卖盘
2298,11:04:51,7.47,--,13,9711,卖盘
2299,11:04:48,7.47,--,3,2241,卖盘
2300,11:04:42,7.47,--,5,3735,卖盘
2301,11:04:39,7.47,--,190,141930,卖盘
2302,11:04:36,7.47,-0.01,5,3735,卖盘
2303,11:04:33,7.48,0.01,112,83776,买盘
2304,11:04:27,7.47,-0.01,3,2241,卖盘
2305,11:04:21,7.48,0.01,12,8976,买盘
2306,11:04:18,7.47,-0.01,22,16434,卖盘
2307,11:04:09,7.48,0.01,51,38148,买盘
2308,11:04:06,7.47,-0.01,343,256221,卖盘
2309,11:04:03,7.48,--,165,123420,买盘
2310,11:04:00,7.48,--,35,26180,买盘
2311,11:03:57,7.48,--,10,7480,买盘
2312,11:03:54,7.48,0.01,1,748,买盘
2313,11:03:51,7.47,--,13,9711,卖盘
2314,11:03:48,7.47,-0.01,3,2241,卖盘
2315,11:03:45,7.48,0.01,1,748,买盘
2316,11:03:42,7.47,--,30,22410,卖盘
2317,11:03:39,7.47,--,218,162846,卖盘
2318,11:03:27,7.47,-0.01,3,2241,卖盘
2319,11:03:24,7.48,0.01,18,13464,买盘
2320,11:03:18,7.47,--,9,6723,卖盘
2321,11:03:15,7.47,-0.01,527,393669,卖盘
2322,11:03:12,7.48,0.01,20,14960,买盘
2323,11:03:09,7.47,-0.01,11,8217,卖盘
2324,11:03:06,7.48,--,1,748,买盘
2325,11:03:00,7.48,0.01,58,43384,买盘
2326,11:02:57,7.47,-0.01,19,14193,卖盘
2327,11:02:54,7.48,--,6,4488,买盘
2328,11:02:51,7.48,0.01,49,36652,买盘
2329,11:02:48,7.47,-0.01,3,2241,卖盘
2330,11:02:45,7.48,--,60,44880,买盘
2331,11:02:42,7.48,0.01,52,38896,买盘
2332,11:02:39,7.47,--,10,7470,卖盘
2333,11:02:36,7.47,-0.01,2,1494,卖盘
2334,11:02:33,7.48,--,300,224400,买盘
2335,11:02:30,7.48,0.01,1,748,买盘
2336,11:02:27,7.47,--,16,11952,卖盘
2337,11:02:24,7.47,-0.01,1080,806760,卖盘
2338,11:02:21,7.48,0.01,3,2244,买盘
2339,11:02:18,7.47,--,2,1494,卖盘
2340,11:02:15,7.47,--,10,7470,卖盘
2341,11:02:09,7.47,-0.01,3,2241,卖盘
2342,11:02:06,7.48,0.01,148,110704,买盘
2343,11:02:03,7.47,--,5,3735,卖盘
2344,11:02:00,7.47,--,133,99351,卖盘
2345,11:01:57,7.47,-0.01,4,2988,卖盘
2346,11:01:54,7.48,0.01,3,2244,买盘
2347,11:01:51,7.47,--,13,9711,卖盘
2348,11:01:48,7.47,-0.01,19,14193,卖盘
2349,11:01:39,7.48,--,12,8976,买盘
2350,11:01:36,7.48,0.01,1,748,买盘
2351,11:01:33,7.47,--,191,142677,卖盘
2352,11:01:27,7.47,--,3,2241,卖盘
2353,11:01:24,7.47,-0.01,107,79929,卖盘
2354,11:01:18,7.48,0.01,24,17952,买盘
2355,11:01:12,7.47,--,8,5976,卖盘
2356,11:01:09,7.47,--,621,463887,卖盘
2357,11:01:06,7.47,-0.01,4,3286,卖盘
2358,11:01:03,7.48,0.01,117,87516,买盘
2359,11:00:57,7.47,-0.01,10,7470,卖盘
2360,11:00:54,7.48,0.01,1,748,买盘
2361,11:00:51,7.47,-0.01,82,61254,卖盘
2362,11:00:48,7.48,0.01,26,19448,买盘
2363,11:00:45,7.47,--,276,206172,卖盘
2364,11:00:39,7.47,--,2,1494,卖盘
2365,11:00:33,7.47,-0.01,98,73206,卖盘
2366,11:00:30,7.48,0.01,33,24684,买盘
2367,11:00:27,7.47,-0.01,9,6723,卖盘
2368,11:00:24,7.48,0.01,200,149600,买盘
2369,11:00:21,7.47,-0.01,438,327186,卖盘
2370,11:00:18,7.48,--,281,210188,买盘
2371,11:00:12,7.48,--,76,56848,买盘
2372,11:00:09,7.48,--,4,2992,买盘
2373,11:00:03,7.48,--,28,20944,买盘
2374,11:00:00,7.48,0.01,1,748,买盘
2375,10:59:57,7.47,-0.01,27,20169,卖盘
2376,10:59:54,7.48,0.01,13,9724,买盘
2377,10:59:48,7.47,--,84,62748,卖盘
2378,10:59:39,7.47,--,2,1494,卖盘
2379,10:59:36,7.47,--,31,23157,卖盘
2380,10:59:33,7.47,--,12,8964,卖盘
2381,10:59:30,7.47,--,950,709650,卖盘
2382,10:59:27,7.47,--,3,2241,卖盘
2383,10:59:21,7.47,--,2,1494,卖盘
2384,10:59:18,7.47,--,30,22410,卖盘
2385,10:59:12,7.47,-0.01,198,147906,卖盘
2386,10:59:09,7.48,--,992,742464,卖盘
2387,10:59:06,7.48,-0.01,55,41140,卖盘
2388,10:59:03,7.49,0.01,278,208222,买盘
2389,10:58:57,7.48,--,42,31416,卖盘
2390,10:58:54,7.48,--,134,100232,卖盘
2391,10:58:51,7.48,--,79,59092,卖盘
2392,10:58:48,7.48,--,3,2244,卖盘
2393,10:58:42,7.48,--,6,4488,卖盘
2394,10:58:39,7.48,--,532,397936,卖盘
2395,10:58:36,7.48,-0.01,2,1496,卖盘
2396,10:58:30,7.49,0.01,74,55426,买盘
2397,10:58:27,7.48,-0.01,1260,942480,卖盘
2398,10:58:21,7.49,0.01,1,749,买盘
2399,10:58:18,7.48,-0.01,3,2244,卖盘
2400,10:58:12,7.49,0.01,11,8239,买盘
2401,10:58:09,7.48,--,4,2992,卖盘
2402,10:58:06,7.48,-0.01,102,76296,卖盘
2403,10:58:03,7.49,0.01,65,48685,买盘
2404,10:58:00,7.48,--,10,7480,卖盘
2405,10:57:57,7.48,-0.01,2,1496,卖盘
2406,10:57:54,7.49,0.01,54,40446,买盘
2407,10:57:51,7.48,-0.01,620,463760,卖盘
2408,10:57:48,7.49,0.01,332,248668,买盘
2409,10:57:45,7.48,--,16,11968,卖盘
2410,10:57:39,7.48,--,63,47124,卖盘
2411,10:57:36,7.48,-0.01,12,8976,卖盘
2412,10:57:33,7.49,0.01,1,749,买盘
2413,10:57:30,7.48,--,22,16456,卖盘
2414,10:57:27,7.48,--,3,2244,卖盘
2415,10:57:24,7.48,-0.01,210,157080,卖盘
2416,10:57:21,7.49,0.01,1,749,买盘
2417,10:57:18,7.48,--,25,18700,卖盘
2418,10:57:15,7.48,--,11,8228,卖盘
2419,10:57:09,7.48,--,3,2244,卖盘
2420,10:57:06,7.48,--,103,77044,卖盘
2421,10:57:03,7.48,--,34,25432,卖盘
2422,10:57:00,7.48,--,353,264044,卖盘
2423,10:56:57,7.48,-0.01,2,1496,卖盘
2424,10:56:54,7.49,0.01,1,749,买盘
2425,10:56:51,7.48,--,13,9724,卖盘
2426,10:56:48,7.48,--,3,2244,卖盘
2427,10:56:45,7.48,--,60,44880,卖盘
2428,10:56:42,7.48,-0.01,2,1496,卖盘
2429,10:56:39,7.49,0.01,262,196238,买盘
2430,10:56:36,7.48,--,9,6732,卖盘
2431,10:56:33,7.48,--,510,381480,卖盘
2432,10:56:27,7.48,-0.01,3,2244,卖盘
2433,10:56:24,7.49,--,1,749,买盘
2434,10:56:21,7.49,--,1,749,买盘
2435,10:56:18,7.49,0.01,78,58422,买盘
2436,10:56:09,7.48,--,3,2244,卖盘
2437,10:56:06,7.48,-0.01,14,10472,卖盘
2438,10:56:03,7.49,--,143,107107,买盘
2439,10:56:00,7.49,0.01,94,70406,买盘
2440,10:55:57,7.48,-0.01,3,2244,卖盘
2441,10:55:54,7.49,0.01,1,749,买盘
2442,10:55:51,7.48,--,12,8976,卖盘
2443,10:55:48,7.48,--,12,8976,卖盘
2444,10:55:45,7.48,-0.01,858,641784,卖盘
2445,10:55:42,7.49,0.01,18,13482,买盘
2446,10:55:39,7.48,-0.01,2,1496,卖盘
2447,10:55:33,7.49,--,11,8239,买盘
2448,10:55:30,7.49,--,754,564746,卖盘
2449,10:55:27,7.49,--,12,8988,卖盘
2450,10:55:24,7.49,--,106,79394,卖盘
2451,10:55:21,7.49,--,25,18725,卖盘
2452,10:55:18,7.49,--,454,340046,卖盘
2453,10:55:15,7.49,-0.01,5,3745,卖盘
2454,10:55:12,7.5,0.01,501,375750,买盘
2455,10:55:09,7.49,-0.01,9,6741,卖盘
2456,10:55:06,7.5,0.01,177,132750,买盘
2457,10:55:03,7.49,--,475,355775,买盘
2458,10:55:00,7.49,--,599,448651,卖盘
2459,10:54:57,7.49,--,70,52430,卖盘
2460,10:54:54,7.49,--,419,313831,卖盘
2461,10:54:51,7.49,--,14,10486,卖盘
2462,10:54:48,7.49,-0.01,53,39697,卖盘
2463,10:54:45,7.5,0.01,14,10500,买盘
2464,10:54:42,7.49,-0.01,3,2247,卖盘
2465,10:54:39,7.5,0.01,18,13500,买盘
2466,10:54:36,7.49,--,8,5992,卖盘
2467,10:54:33,7.49,--,656,491344,卖盘
2468,10:54:30,7.49,--,6,4494,卖盘
2469,10:54:27,7.49,--,252,188748,卖盘
2470,10:54:24,7.49,--,14,10486,卖盘
2471,10:54:21,7.49,--,35,26215,卖盘
2472,10:54:18,7.49,-0.01,3,2247,卖盘
2473,10:54:15,7.5,--,38,28500,买盘
2474,10:54:12,7.5,--,116,87000,买盘
2475,10:54:09,7.5,0.01,72,54000,买盘
2476,10:54:06,7.49,-0.01,831,622419,卖盘
2477,10:54:03,7.5,--,10,7500,买盘
2478,10:54:00,7.5,0.01,54,40500,买盘
2479,10:53:57,7.49,-0.01,2,1498,卖盘
2480,10:53:54,7.5,0.01,1,750,买盘
2481,10:53:51,7.49,--,12,8988,卖盘
2482,10:53:48,7.49,--,3,2247,卖盘
2483,10:53:42,7.49,--,27,20223,卖盘
2484,10:53:39,7.49,-0.01,158,118342,卖盘
2485,10:53:36,7.5,--,32,24000,买盘
2486,10:53:33,7.5,--,1,750,买盘
2487,10:53:30,7.5,0.01,1,750,买盘
2488,10:53:27,7.49,-0.01,3,2247,卖盘
2489,10:53:24,7.5,0.01,26,19500,买盘
2490,10:53:21,7.49,--,21,15729,卖盘
2491,10:53:18,7.49,--,2,1498,卖盘
2492,10:53:15,7.49,--,5,3745,卖盘
2493,10:53:12,7.49,--,186,139314,卖盘
2494,10:53:09,7.49,-0.01,3,2247,卖盘
2495,10:53:06,7.5,--,30,22500,买盘
2496,10:53:00,7.5,0.01,1,750,买盘
2497,10:52:57,7.49,-0.01,6,4494,卖盘
2498,10:52:54,7.5,0.01,11,8250,买盘
2499,10:52:51,7.49,--,737,552013,卖盘
2500,10:52:48,7.49,--,24,17976,卖盘
2501,10:52:45,7.49,-0.01,9,6741,卖盘
2502,10:52:42,7.5,0.01,759,569250,买盘
2503,10:52:39,7.49,--,23,17227,卖盘
2504,10:52:36,7.49,--,13,9737,卖盘
2505,10:52:33,7.49,-0.01,10,7490,卖盘
2506,10:52:30,7.5,--,27,20250,买盘
2507,10:52:27,7.5,0.01,537,402750,买盘
2508,10:52:24,7.49,--,197,147553,卖盘
2509,10:52:21,7.49,--,171,128079,卖盘
2510,10:52:18,7.49,--,8,5992,卖盘
2511,10:52:15,7.49,--,293,219457,卖盘
2512,10:52:09,7.49,--,6,4494,卖盘
2513,10:52:06,7.49,--,94,70406,卖盘
2514,10:52:03,7.49,-0.01,72,53928,卖盘
2515,10:52:00,7.5,--,528,396000,买盘
2516,10:51:57,7.5,--,122,91500,买盘
2517,10:51:54,7.5,0.01,24,18000,买盘
2518,10:51:51,7.49,--,12,8988,卖盘
2519,10:51:48,7.49,-0.01,13,9737,卖盘
2520,10:51:45,7.5,--,323,242250,买盘
2521,10:51:42,7.5,0.01,50,37500,买盘
2522,10:51:39,7.49,--,32,23968,卖盘
2523,10:51:36,7.49,--,1205,902545,买盘
2524,10:51:33,7.49,--,292,218708,买盘
2525,10:51:30,7.49,0.01,19,14231,买盘
2526,10:51:27,7.48,--,27,20196,卖盘
2527,10:51:24,7.48,-0.01,14,10472,卖盘
2528,10:51:21,7.49,0.01,49,36701,买盘
2529,10:51:18,7.48,-0.01,22,16456,卖盘
2530,10:51:12,7.49,--,48,35952,买盘
2531,10:51:09,7.49,--,23,17227,买盘
2532,10:51:06,7.49,--,23,17227,买盘
2533,10:51:00,7.49,0.01,1,749,买盘
2534,10:50:57,7.48,-0.01,2,1496,卖盘
2535,10:50:54,7.49,--,17,12733,买盘
2536,10:50:51,7.49,0.01,34,25466,买盘
2537,10:50:48,7.48,-0.01,33,24684,卖盘
2538,10:50:45,7.49,0.01,409,306341,买盘
2539,10:50:42,7.48,--,196,146608,卖盘
2540,10:50:39,7.48,--,35,26180,卖盘
2541,10:50:36,7.48,--,2,1496,卖盘
2542,10:50:33,7.48,-0.01,7,5236,卖盘
2543,10:50:30,7.49,0.01,7,5243,买盘
2544,10:50:27,7.48,--,5,3740,卖盘
2545,10:50:21,7.48,-0.01,321,240108,卖盘
2546,10:50:18,7.49,--,174,130326,买盘
2547,10:50:15,7.49,0.01,18,13482,买盘
2548,10:50:12,7.48,--,2,1496,卖盘
2549,10:50:06,7.48,-0.01,4,2992,卖盘
2550,10:50:03,7.49,--,228,170772,买盘
2551,10:50:00,7.49,0.01,61,45689,买盘
2552,10:49:57,7.48,-0.01,53,39644,卖盘
2553,10:49:54,7.49,0.01,252,188748,买盘
2554,10:49:51,7.48,-0.01,12,8976,卖盘
2555,10:49:48,7.49,--,23,17227,买盘
2556,10:49:42,7.49,0.01,28,20972,买盘
2557,10:49:39,7.48,--,18,13464,卖盘
2558,10:49:36,7.48,--,75,56399,买盘
2559,10:49:33,7.48,--,54,40392,买盘
2560,10:49:30,7.48,--,702,525096,买盘
2561,10:49:27,7.48,--,159,118932,买盘
2562,10:49:24,7.48,--,152,113696,买盘
2563,10:49:21,7.48,0.01,2,1496,买盘
2564,10:49:18,7.47,-0.01,21,15687,卖盘
2565,10:49:15,7.48,0.01,201,150348,买盘
2566,10:49:09,7.47,-0.01,10,7470,卖盘
2567,10:49:06,7.48,--,591,442068,买盘
2568,10:49:03,7.48,0.01,41,30668,买盘
2569,10:49:00,7.47,--,55,41085,卖盘
2570,10:48:57,7.47,--,97,72459,卖盘
2571,10:48:54,7.47,--,7,5229,卖盘
2572,10:48:51,7.47,--,33,24651,卖盘
2573,10:48:48,7.47,-0.01,176,131472,卖盘
2574,10:48:45,7.48,--,15,11220,买盘
2575,10:48:42,7.48,--,164,122672,买盘
2576,10:48:39,7.48,0.01,239,178772,买盘
2577,10:48:36,7.47,-0.01,24,17928,卖盘
2578,10:48:30,7.48,0.01,2,1496,买盘
2579,10:48:27,7.47,--,23,17181,卖盘
2580,10:48:24,7.47,--,16,11952,卖盘
2581,10:48:21,7.47,-0.01,378,282366,卖盘
2582,10:48:18,7.48,0.01,9,6732,买盘
2583,10:48:15,7.47,--,5,3735,卖盘
2584,10:48:12,7.47,--,418,312246,卖盘
2585,10:48:09,7.47,-0.01,3,2241,卖盘
2586,10:48:06,7.48,0.01,1,748,买盘
2587,10:47:57,7.47,--,2,1494,卖盘
2588,10:47:54,7.47,--,8,5976,卖盘
2589,10:47:51,7.47,-0.01,665,496755,卖盘
2590,10:47:48,7.48,--,178,133144,买盘
2591,10:47:45,7.48,0.01,110,82280,买盘
2592,10:47:39,7.47,-0.01,52,38844,卖盘
2593,10:47:36,7.48,--,9,6732,买盘
2594,10:47:33,7.48,--,1,748,买盘
2595,10:47:30,7.48,0.01,2,1496,买盘
2596,10:47:27,7.47,-0.01,3,2241,卖盘
2597,10:47:24,7.48,--,204,152592,买盘
2598,10:47:21,7.48,0.01,26,19448,买盘
2599,10:47:18,7.47,-0.01,3,2241,卖盘
2600,10:47:12,7.48,0.01,1,748,买盘
2601,10:47:09,7.47,--,5,3735,卖盘
2602,10:47:06,7.47,--,3,2241,卖盘
2603,10:47:03,7.47,--,7,5229,卖盘
2604,10:47:00,7.47,--,384,286848,卖盘
2605,10:46:57,7.47,--,219,163593,卖盘
2606,10:46:54,7.47,--,35,26145,卖盘
2607,10:46:51,7.47,--,13,9711,卖盘
2608,10:46:48,7.47,--,103,76941,卖盘
2609,10:46:42,7.47,--,7,5229,卖盘
2610,10:46:39,7.47,--,611,456417,卖盘
2611,10:46:36,7.47,-0.01,436,325692,卖盘
2612,10:46:33,7.48,--,10,7480,买盘
2613,10:46:30,7.48,0.01,76,56848,买盘
2614,10:46:27,7.47,--,3,2241,卖盘
2615,10:46:24,7.47,--,56,41832,卖盘
2616,10:46:18,7.47,--,4,2988,卖盘
2617,10:46:15,7.47,--,40,29880,卖盘
2618,10:46:09,7.47,-0.01,63,47061,卖盘
2619,10:46:06,7.48,--,2,1496,买盘
2620,10:46:03,7.48,0.01,4,2992,买盘
2621,10:46:00,7.47,--,50,37350,卖盘
2622,10:45:57,7.47,-0.01,36,26892,卖盘
2623,10:45:51,7.48,--,37,27676,买盘
2624,10:45:48,7.48,0.01,29,21692,买盘
2625,10:45:45,7.47,--,825,616275,卖盘
2626,10:45:42,7.47,--,368,274896,卖盘
2627,10:45:39,7.47,-0.01,32,23904,卖盘
2628,10:45:33,7.48,--,11,8228,买盘
2629,10:45:30,7.48,0.01,27,20196,买盘
2630,10:45:27,7.47,-0.01,23,17181,卖盘
2631,10:45:24,7.48,--,9,6732,买盘
2632,10:45:21,7.48,0.01,20,14960,买盘
2633,10:45:18,7.47,--,203,151641,卖盘
2634,10:45:15,7.47,--,10,7470,卖盘
2635,10:45:12,7.47,--,13,9711,卖盘
2636,10:45:09,7.47,--,66,49302,卖盘
2637,10:45:06,7.47,-0.01,64,47808,卖盘
2638,10:45:00,7.48,0.01,2,1496,买盘
2639,10:44:57,7.47,-0.01,13,9711,卖盘
2640,10:44:54,7.48,0.01,206,154088,买盘
2641,10:44:51,7.47,-0.01,82,61254,卖盘
2642,10:44:48,7.48,--,107,80036,买盘
2643,10:44:42,7.48,0.01,84,62832,买盘
2644,10:44:39,7.47,-0.01,2,1494,卖盘
2645,10:44:36,7.48,0.01,1,748,买盘
2646,10:44:33,7.47,--,11,8217,卖盘
2647,10:44:30,7.47,--,673,502731,卖盘
2648,10:44:27,7.47,-0.01,112,83664,卖盘
2649,10:44:24,7.48,--,2,1496,买盘
2650,10:44:21,7.48,0.01,1,748,买盘
2651,10:44:18,7.47,--,35,26145,卖盘
2652,10:44:15,7.47,-0.01,32,23904,卖盘
2653,10:44:09,7.48,0.01,151,112948,买盘
2654,10:44:06,7.47,--,6,4482,卖盘
2655,10:43:57,7.47,--,24,17928,卖盘
2656,10:43:54,7.47,0.01,172,128603,买盘
2657,10:43:51,7.46,-0.01,12,8952,卖盘
2658,10:43:48,7.47,--,284,212148,买盘
2659,10:43:45,7.47,--,10,7470,买盘
2660,10:43:42,7.47,0.01,78,58266,买盘
2661,10:43:39,7.46,-0.01,817,609482,卖盘
2662,10:43:36,7.47,--,140,104580,买盘
2663,10:43:33,7.47,--,39,29133,买盘
2664,10:43:30,7.47,--,12,8964,买盘
2665,10:43:27,7.47,--,488,364536,买盘
2666,10:43:24,7.47,--,34,25398,买盘
2667,10:43:21,7.47,0.01,1,747,买盘
2668,10:43:18,7.46,--,32,23872,卖盘
2669,10:43:15,7.46,-0.01,30,22380,卖盘
2670,10:43:12,7.47,--,6,4482,买盘
2671,10:43:09,7.47,0.01,4,2988,买盘
2672,10:43:06,7.46,-0.01,6,4476,卖盘
2673,10:43:00,7.47,0.01,27,20169,买盘
2674,10:42:57,7.46,--,2,1492,卖盘
2675,10:42:54,7.46,-0.01,8,5968,卖盘
2676,10:42:51,7.47,0.01,166,124002,买盘
2677,10:42:48,7.46,--,693,516978,卖盘
2678,10:42:45,7.46,-0.01,16,11936,卖盘
2679,10:42:42,7.47,0.01,9,6723,买盘
2680,10:42:39,7.46,--,20,14920,卖盘
2681,10:42:36,7.46,-0.01,2,1492,卖盘
2682,10:42:33,7.47,--,17,12699,买盘
2683,10:42:30,7.47,0.01,12,8964,买盘
2684,10:42:27,7.46,-0.01,9,6714,卖盘
2685,10:42:24,7.47,--,470,351090,买盘
2686,10:42:21,7.47,0.01,21,15687,买盘
2687,10:42:18,7.46,-0.01,75,55950,卖盘
2688,10:42:15,7.47,--,7,5229,买盘
2689,10:42:09,7.47,--,70,52290,买盘
2690,10:42:03,7.47,0.01,1,747,买盘
2691,10:42:00,7.46,--,7,5222,卖盘
2692,10:41:57,7.46,-0.01,321,239466,卖盘
2693,10:41:51,7.47,--,18,13446,买盘
2694,10:41:48,7.47,0.01,18,13446,买盘
2695,10:41:45,7.46,--,9,6714,卖盘
2696,10:41:42,7.46,--,23,17158,卖盘
2697,10:41:39,7.46,--,7,5222,卖盘
2698,10:41:36,7.46,--,133,99218,卖盘
2699,10:41:33,7.46,--,514,383444,卖盘
2700,10:41:30,7.46,--,9,6714,卖盘
2701,10:41:27,7.46,--,3,2238,卖盘
2702,10:41:21,7.46,--,3,2238,卖盘
2703,10:41:18,7.46,-0.01,18,13428,卖盘
2704,10:41:12,7.47,0.01,69,51543,买盘
2705,10:41:09,7.46,-0.01,2,1492,卖盘
2706,10:41:06,7.47,0.01,18,13446,买盘
2707,10:40:57,7.46,--,8,5968,卖盘
2708,10:40:54,7.46,-0.01,1,746,卖盘
2709,10:40:51,7.47,0.01,27,20169,买盘
2710,10:40:48,7.46,--,43,32078,卖盘
2711,10:40:45,7.46,-0.01,638,475948,卖盘
2712,10:40:42,7.47,--,29,21663,买盘
2713,10:40:39,7.47,--,6,4482,买盘
2714,10:40:33,7.47,--,3,2241,买盘
2715,10:40:30,7.47,0.01,150,112050,买盘
2716,10:40:27,7.46,--,10,7460,卖盘
2717,10:40:21,7.46,--,20,14920,卖盘
2718,10:40:18,7.46,--,380,283480,卖盘
2719,10:40:12,7.46,-0.01,55,41030,卖盘
2720,10:40:09,7.47,0.01,64,47808,买盘
2721,10:40:06,7.46,-0.01,2,1492,卖盘
2722,10:40:03,7.47,--,2,1494,买盘
2723,10:40:00,7.47,0.01,1,747,买盘
2724,10:39:57,7.46,--,9,6714,卖盘
2725,10:39:54,7.46,--,524,390904,卖盘
2726,10:39:51,7.46,--,57,42522,卖盘
2727,10:39:48,7.46,-0.01,2,1492,卖盘
2728,10:39:39,7.47,0.01,10,7470,买盘
2729,10:39:36,7.46,-0.01,47,35062,卖盘
2730,10:39:33,7.47,0.01,52,38844,买盘
2731,10:39:30,7.46,--,13,9698,卖盘
2732,10:39:27,7.46,-0.01,123,91758,卖盘
2733,10:39:24,7.47,--,67,50049,买盘
2734,10:39:21,7.47,0.01,25,18675,买盘
2735,10:39:18,7.46,-0.01,2,1492,卖盘
2736,10:39:15,7.47,0.01,60,44820,买盘
2737,10:39:12,7.46,--,140,104440,卖盘
2738,10:39:09,7.46,--,2,1492,卖盘
2739,10:39:06,7.46,--,55,41030,卖盘
2740,10:39:03,7.46,-0.01,513,382698,卖盘
2741,10:39:00,7.47,0.01,51,38097,买盘
2742,10:38:57,7.46,-0.01,1209,901914,卖盘
2743,10:38:54,7.47,0.01,672,501984,买盘
2744,10:38:51,7.46,--,21,15666,卖盘
2745,10:38:48,7.46,--,4,2984,卖盘
2746,10:38:42,7.46,-0.01,5,3730,卖盘
2747,10:38:39,7.47,--,306,228582,买盘
2748,10:38:36,7.47,--,30,22410,买盘
2749,10:38:33,7.47,--,3,2241,买盘
2750,10:38:30,7.47,0.01,2,1494,买盘
2751,10:38:27,7.46,-0.01,10,7460,卖盘
2752,10:38:24,7.47,--,3,2241,买盘
2753,10:38:21,7.47,0.01,1,747,买盘
2754,10:38:18,7.46,--,170,126820,卖盘
2755,10:38:15,7.46,--,425,317050,卖盘
2756,10:38:09,7.46,--,34,25364,卖盘
2757,10:38:06,7.46,-0.01,53,39538,卖盘
2758,10:38:03,7.47,0.01,46,34362,买盘
2759,10:37:57,7.46,--,19,14174,卖盘
2760,10:37:54,7.46,--,50,37300,卖盘
2761,10:37:51,7.46,--,17,12682,卖盘
2762,10:37:48,7.46,-0.01,411,306606,卖盘
2763,10:37:45,7.47,0.01,46,34362,买盘
2764,10:37:42,7.46,--,6,4476,卖盘
2765,10:37:39,7.46,--,2,1492,卖盘
2766,10:37:33,7.46,--,29,21634,卖盘
2767,10:37:30,7.46,--,495,369270,卖盘
2768,10:37:27,7.46,--,237,176802,卖盘
2769,10:37:21,7.46,--,33,24618,卖盘
2770,10:37:18,7.46,0.01,2886,2152956,买盘
2771,10:37:15,7.45,-0.01,13,9685,卖盘
2772,10:37:12,7.46,0.01,28,20888,买盘
2773,10:37:09,7.45,--,9,6705,卖盘
2774,10:37:03,7.45,-0.01,69,51405,卖盘
2775,10:37:00,7.46,0.01,5,3730,买盘
2776,10:36:57,7.45,-0.01,207,154215,卖盘
2777,10:36:54,7.46,0.01,6,4476,买盘
2778,10:36:51,7.45,--,6,4470,卖盘
2779,10:36:48,7.45,-0.01,50,37250,卖盘
2780,10:36:45,7.46,--,51,38046,买盘
2781,10:36:42,7.46,--,22,16412,买盘
2782,10:36:39,7.46,0.01,100,74600,买盘
2783,10:36:36,7.45,--,249,185505,卖盘
2784,10:36:33,7.45,-0.01,878,654110,卖盘
2785,10:36:30,7.46,0.01,123,91758,买盘
2786,10:36:27,7.45,-0.01,3,2235,卖盘
2787,10:36:21,7.46,0.01,1,746,买盘
2788,10:36:18,7.45,--,8,5960,卖盘
2789,10:36:12,7.45,--,16,11920,卖盘
2790,10:36:09,7.45,--,10,7450,卖盘
2791,10:36:06,7.45,-0.01,64,47680,卖盘
2792,10:36:03,7.46,--,67,49982,买盘
2793,10:36:00,7.46,0.01,1,746,买盘
2794,10:35:57,7.45,-0.01,56,41720,卖盘
2795,10:35:54,7.46,0.01,26,19396,买盘
2796,10:35:51,7.45,--,161,119945,卖盘
2797,10:35:48,7.45,--,23,17135,卖盘
2798,10:35:45,7.45,--,557,414965,卖盘
2799,10:35:42,7.45,--,175,130375,卖盘
2800,10:35:39,7.45,-0.01,2,1490,卖盘
2801,10:35:33,7.46,--,3,2238,买盘
2802,10:35:30,7.46,0.01,95,70870,买盘
2803,10:35:27,7.45,--,9,6705,卖盘
2804,10:35:24,7.45,--,5,3725,卖盘
2805,10:35:21,7.45,--,341,254045,卖盘
2806,10:35:18,7.45,-0.01,3,2235,卖盘
2807,10:35:15,7.46,--,43,32078,买盘
2808,10:35:12,7.46,--,17,12682,买盘
2809,10:35:09,7.46,--,36,26856,买盘
2810,10:35:00,7.46,0.01,1,746,买盘
2811,10:34:57,7.45,--,66,49170,卖盘
2812,10:34:54,7.45,--,527,392615,卖盘
2813,10:34:51,7.45,--,392,292040,卖盘
2814,10:34:48,7.45,--,3,2235,卖盘
2815,10:34:45,7.45,--,90,67050,卖盘
2816,10:34:42,7.45,-0.01,6,4470,卖盘
2817,10:34:39,7.46,0.01,179,133534,买盘
2818,10:34:36,7.45,-0.01,63,46935,卖盘
2819,10:34:33,7.46,0.01,33,24618,买盘
2820,10:34:30,7.45,--,190,141550,卖盘
2821,10:34:27,7.45,--,3,2235,卖盘
2822,10:34:24,7.45,-0.01,32,23840,卖盘
2823,10:34:21,7.46,0.01,7,5222,买盘
2824,10:34:18,7.45,--,2,1490,卖盘
2825,10:34:09,7.45,-0.01,10,7450,卖盘
2826,10:34:06,7.46,0.02,74,55204,买盘
2827,10:34:03,7.44,-0.01,249,185256,卖盘
2828,10:34:00,7.45,--,3,2235,买盘
2829,10:33:57,7.45,--,18,13410,买盘
2830,10:33:54,7.45,0.01,185,137825,买盘
2831,10:33:51,7.44,--,14,10416,卖盘
2832,10:33:48,7.44,--,9,6696,卖盘
2833,10:33:45,7.44,-0.01,564,419616,卖盘
2834,10:33:42,7.45,0.01,18,13410,买盘
2835,10:33:39,7.44,-0.01,2,1488,卖盘
2836,10:33:36,7.45,--,1,745,买盘
2837,10:33:33,7.45,--,3,2235,买盘
2838,10:33:30,7.45,0.01,6,4470,买盘
2839,10:33:27,7.44,--,81,60264,卖盘
2840,10:33:24,7.44,--,21,15624,卖盘
2841,10:33:21,7.44,--,738,549072,卖盘
2842,10:33:18,7.44,-0.01,19,14136,卖盘
2843,10:33:12,7.45,--,3,2235,买盘
2844,10:33:09,7.45,0.01,11,8195,买盘
2845,10:33:06,7.44,-0.01,100,74400,卖盘
2846,10:33:03,7.45,0.01,22,16390,买盘
2847,10:32:57,7.44,-0.01,186,138384,卖盘
2848,10:32:51,7.45,0.01,33,24585,买盘
2849,10:32:48,7.44,-0.01,14,10416,卖盘
2850,10:32:45,7.45,0.01,55,40975,买盘
2851,10:32:42,7.44,--,18,13392,卖盘
2852,10:32:39,7.44,--,91,67704,卖盘
2853,10:32:36,7.44,-0.01,168,124992,卖盘
2854,10:32:33,7.45,0.01,27,20115,买盘
2855,10:32:30,7.44,-0.01,302,225134,卖盘
2856,10:32:27,7.45,--,8,5960,卖盘
2857,10:32:24,7.45,--,377,281163,买盘
2858,10:32:21,7.45,--,18,13857,卖盘
2859,10:32:18,7.45,--,2,1490,卖盘
2860,10:32:15,7.45,--,12,8940,卖盘
2861,10:32:12,7.45,--,1237,921565,卖盘
2862,10:32:09,7.45,--,9,6705,卖盘
2863,10:32:06,7.45,--,807,601215,卖盘
2864,10:32:03,7.45,-0.01,22,16390,卖盘
2865,10:32:00,7.46,0.01,20,14920,买盘
2866,10:31:57,7.45,--,2,1490,卖盘
2867,10:31:54,7.45,--,10,7450,卖盘
2868,10:31:51,7.45,--,37,27565,卖盘
2869,10:31:48,7.45,--,273,203385,卖盘
2870,10:31:42,7.45,-0.01,264,196680,卖盘
2871,10:31:39,7.46,0.01,8,5968,买盘
2872,10:31:36,7.45,-0.01,8,5960,卖盘
2873,10:31:30,7.46,0.01,2,1492,买盘
2874,10:31:27,7.45,-0.01,13,9685,卖盘
2875,10:31:24,7.46,0.01,2,1492,买盘
2876,10:31:21,7.45,--,7,5215,卖盘
2877,10:31:18,7.45,--,324,241380,卖盘
2878,10:31:09,7.45,--,208,154960,卖盘
2879,10:30:57,7.45,-0.01,127,94615,卖盘
2880,10:30:54,7.46,0.01,17,12682,买盘
2881,10:30:51,7.45,--,5,3725,卖盘
2882,10:30:48,7.45,--,114,84930,卖盘
2883,10:30:45,7.45,-0.01,10,7450,卖盘
2884,10:30:42,7.46,0.01,6,4476,买盘
2885,10:30:39,7.45,-0.01,8,5960,卖盘
2886,10:30:36,7.46,0.01,7,5222,买盘
2887,10:30:33,7.45,--,396,295020,卖盘
2888,10:30:30,7.45,--,409,305003,卖盘
2889,10:30:27,7.45,-0.01,3,2235,卖盘
2890,10:30:24,7.46,--,128,95488,买盘
2891,10:30:21,7.46,0.01,50,37300,买盘
2892,10:30:18,7.45,-0.01,123,91635,卖盘
2893,10:30:15,7.46,0.01,20,14920,买盘
2894,10:30:12,7.45,--,6,4470,卖盘
2895,10:30:09,7.45,-0.01,2,1490,卖盘
2896,10:30:06,7.46,0.01,323,240958,买盘
2897,10:30:03,7.45,--,476,354620,卖盘
2898,10:30:00,7.45,--,21,15645,卖盘
2899,10:29:57,7.45,-0.01,184,137080,卖盘
2900,10:29:54,7.46,--,81,60426,买盘
2901,10:29:51,7.46,0.01,71,52966,买盘
2902,10:29:48,7.45,-0.01,17,12665,卖盘
2903,10:29:45,7.46,0.01,5,3730,买盘
2904,10:29:42,7.45,--,33,24585,卖盘
2905,10:29:36,7.45,-0.01,8,5960,卖盘
2906,10:29:30,7.46,0.01,1,746,买盘
2907,10:29:27,7.45,-0.01,33,24585,卖盘
2908,10:29:24,7.46,0.01,238,177548,买盘
2909,10:29:21,7.45,--,45,33525,买盘
2910,10:29:18,7.45,--,7,5215,买盘
2911,10:29:12,7.45,0.01,3,2235,买盘
