,time,price,change,volume,amount,type
0,15:00:03,6.78,0.01,11851,8034978,买盘
1,14:57:00,6.77,-0.01,183,123890,卖盘
2,14:56:57,6.78,--,28,18984,买盘
3,14:56:54,6.78,--,44,29832,买盘
4,14:56:51,6.78,--,806,546468,买盘
5,14:56:48,6.78,--,72,48816,买盘
6,14:56:45,6.78,--,61,41358,买盘
7,14:56:42,6.78,--,11,7458,买盘
8,14:56:39,6.78,--,827,560706,卖盘
9,14:56:36,6.78,--,180,122040,卖盘
10,14:56:33,6.78,-0.01,10,6780,卖盘
11,14:56:30,6.79,--,61,41419,买盘
12,14:56:27,6.79,--,4,2716,买盘
13,14:56:24,6.79,--,1,679,买盘
14,14:56:18,6.79,0.01,647,439313,买盘
15,14:56:15,6.78,--,40,27120,卖盘
16,14:56:12,6.78,--,22,14916,卖盘
17,14:56:06,6.78,--,454,307812,卖盘
18,14:56:03,6.78,--,32,21696,卖盘
19,14:56:00,6.78,--,411,278658,买盘
20,14:55:57,6.78,--,136,92208,买盘
21,14:55:54,6.78,--,115,77970,买盘
22,14:55:51,6.78,--,165,111870,买盘
23,14:55:48,6.78,--,269,182382,买盘
24,14:55:45,6.78,--,196,132888,买盘
25,14:55:42,6.78,--,113,76614,买盘
26,14:55:39,6.78,--,40,27120,买盘
27,14:55:36,6.78,--,17,11526,买盘
28,14:55:33,6.78,--,431,292218,卖盘
29,14:55:30,6.78,-0.01,22,14916,中性盘
30,14:55:27,6.79,0.01,429,291291,买盘
31,14:55:24,6.78,--,20,13560,卖盘
32,14:55:21,6.78,--,148,100344,买盘
33,14:55:18,6.78,--,277,188267,卖盘
34,14:55:15,6.78,--,74,50172,卖盘
35,14:55:12,6.78,--,11,7458,卖盘
36,14:55:09,6.78,--,221,150054,买盘
37,14:55:06,6.78,--,54,36612,买盘
38,14:55:03,6.78,0.01,119,80682,买盘
39,14:55:00,6.77,--,1160,785320,卖盘
40,14:54:57,6.77,-0.01,40,27080,卖盘
41,14:54:54,6.78,--,5,3390,买盘
42,14:54:51,6.78,--,43,29154,买盘
43,14:54:48,6.78,--,76,51528,买盘
44,14:54:45,6.78,--,109,73902,买盘
45,14:54:42,6.78,0.01,18,12204,买盘
46,14:54:39,6.77,-0.01,160,108320,卖盘
47,14:54:36,6.78,0.01,42,28476,买盘
48,14:54:33,6.77,-0.01,280,189560,卖盘
49,14:54:30,6.78,0.01,357,242046,买盘
50,14:54:27,6.77,--,75,50775,卖盘
51,14:54:24,6.77,-0.01,777,526029,卖盘
52,14:54:21,6.78,--,10,6780,买盘
53,14:54:18,6.78,0.01,292,197976,买盘
54,14:54:15,6.77,-0.01,240,162480,卖盘
55,14:54:12,6.78,--,486,329508,买盘
56,14:54:09,6.78,0.01,36,24408,买盘
57,14:54:06,6.77,-0.01,297,201069,卖盘
58,14:54:03,6.78,0.01,48,32544,买盘
59,14:54:00,6.77,-0.01,82,55514,卖盘
60,14:53:57,6.78,0.01,172,116616,买盘
61,14:53:54,6.77,--,112,75824,卖盘
62,14:53:51,6.77,-0.01,94,63637,卖盘
63,14:53:48,6.78,--,289,195942,买盘
64,14:53:45,6.78,--,167,113226,买盘
65,14:53:42,6.78,--,352,238656,买盘
66,14:53:39,6.78,--,31,21018,买盘
67,14:53:36,6.78,--,167,113226,买盘
68,14:53:33,6.78,--,561,380358,买盘
69,14:53:30,6.78,--,405,274590,买盘
70,14:53:27,6.78,--,107,72546,买盘
71,14:53:24,6.78,0.01,31,21018,买盘
72,14:53:21,6.77,--,426,288402,卖盘
73,14:53:18,6.77,--,260,176020,卖盘
74,14:53:15,6.77,-0.01,44,29787,卖盘
75,14:53:12,6.78,0.01,310,210180,买盘
76,14:53:06,6.77,--,1,677,卖盘
77,14:53:03,6.77,--,129,87333,卖盘
78,14:53:00,6.77,--,27,18279,卖盘
79,14:52:57,6.77,--,15,10155,买盘
80,14:52:54,6.77,--,308,208516,卖盘
81,14:52:51,6.77,-0.01,163,110351,卖盘
82,14:52:48,6.78,0.01,1062,720036,买盘
83,14:52:45,6.77,--,376,254551,买盘
84,14:52:42,6.77,--,14,9478,买盘
85,14:52:39,6.77,0.01,28,18956,买盘
86,14:52:36,6.76,-0.02,129,87204,卖盘
87,14:52:33,6.78,0.01,86,58308,买盘
88,14:52:30,6.77,--,47,31818,买盘
89,14:52:27,6.77,--,15,10155,买盘
90,14:52:24,6.77,--,257,173989,买盘
91,14:52:21,6.77,-0.01,132,89364,卖盘
92,14:52:18,6.78,0.01,31,21018,买盘
93,14:52:15,6.77,-0.01,65,44005,中性盘
94,14:52:12,6.78,0.01,153,103734,买盘
95,14:52:09,6.77,-0.01,65,44005,中性盘
96,14:52:06,6.78,--,468,317304,买盘
97,14:52:03,6.78,0.01,74,50172,买盘
98,14:52:00,6.77,--,185,125244,买盘
99,14:51:57,6.77,--,999,676918,卖盘
100,14:51:54,6.77,--,140,94780,卖盘
101,14:51:51,6.77,-0.01,750,507749,卖盘
102,14:51:48,6.78,0.01,60,40680,买盘
103,14:51:45,6.77,--,5,3385,卖盘
104,14:51:42,6.77,--,145,98165,卖盘
105,14:51:39,6.77,--,34,23018,卖盘
106,14:51:36,6.77,--,7,4739,卖盘
107,14:51:33,6.77,-0.01,132,89364,卖盘
108,14:51:27,6.78,--,56,37968,买盘
109,14:51:24,6.78,--,185,125430,买盘
110,14:51:21,6.78,0.01,104,70512,买盘
111,14:51:18,6.77,--,78,52806,卖盘
112,14:51:15,6.77,-0.01,310,209870,卖盘
113,14:51:12,6.78,0.01,61,41358,买盘
114,14:51:09,6.77,-0.01,106,71762,卖盘
115,14:51:06,6.78,0.01,98,66444,买盘
116,14:51:03,6.77,--,167,113059,卖盘
117,14:51:00,6.77,--,163,110351,卖盘
118,14:50:57,6.77,--,20,13540,卖盘
119,14:50:54,6.77,--,571,386567,卖盘
120,14:50:51,6.77,--,165,111705,卖盘
121,14:50:48,6.77,-0.01,28,18956,卖盘
122,14:50:45,6.78,0.01,2,1356,买盘
123,14:50:42,6.77,--,319,216044,买盘
124,14:50:39,6.77,--,30,20310,买盘
125,14:50:36,6.77,0.01,48,32495,买盘
126,14:50:33,6.76,-0.01,13,8788,卖盘
127,14:50:30,6.77,0.01,7,4739,买盘
128,14:50:27,6.76,-0.01,388,262288,卖盘
129,14:50:24,6.77,--,253,171281,买盘
130,14:50:21,6.77,--,50,33850,买盘
131,14:50:18,6.77,0.01,935,632995,买盘
132,14:50:15,6.76,-0.01,94,63544,卖盘
133,14:50:12,6.77,--,114,77178,买盘
134,14:50:09,6.77,--,80,54160,买盘
135,14:50:06,6.77,--,174,117797,买盘
136,14:50:03,6.77,--,237,160449,买盘
137,14:50:00,6.77,--,153,103581,买盘
138,14:49:57,6.77,-0.01,739,500898,卖盘
139,14:49:54,6.78,--,42,28476,买盘
140,14:49:51,6.78,--,15,10170,买盘
141,14:49:48,6.78,0.01,127,86106,买盘
142,14:49:45,6.77,-0.01,28,18956,卖盘
143,14:49:42,6.78,--,25,16950,买盘
144,14:49:39,6.78,0.01,60,40680,买盘
145,14:49:36,6.77,--,61,41297,卖盘
146,14:49:33,6.77,-0.01,1119,757563,卖盘
147,14:49:30,6.78,0.01,228,154584,买盘
148,14:49:27,6.77,--,150,101577,卖盘
149,14:49:24,6.77,--,1089,737253,卖盘
150,14:49:21,6.77,-0.01,644,435988,卖盘
151,14:49:18,6.78,0.01,66,44748,买盘
152,14:49:15,6.77,-0.01,91,61606,卖盘
153,14:49:12,6.78,--,110,74580,买盘
154,14:49:09,6.78,0.01,210,142380,买盘
155,14:49:06,6.77,--,137,92749,卖盘
156,14:49:03,6.77,-0.01,1017,688509,卖盘
157,14:49:00,6.78,--,30,20340,买盘
158,14:48:57,6.78,0.01,71,48138,买盘
159,14:48:54,6.77,--,152,102904,卖盘
160,14:48:51,6.77,-0.01,1788,1210476,卖盘
161,14:48:48,6.78,--,177,120006,买盘
162,14:48:45,6.78,--,8,5424,买盘
163,14:48:42,6.78,--,156,105768,买盘
164,14:48:39,6.78,--,147,99666,买盘
165,14:48:36,6.78,-0.01,1949,1321828,卖盘
166,14:48:33,6.79,--,81,54999,买盘
167,14:48:30,6.79,--,1,679,买盘
168,14:48:27,6.79,0.01,2224,1510096,买盘
169,14:48:24,6.78,-0.01,4,2712,卖盘
170,14:48:21,6.79,--,112,76048,买盘
171,14:48:18,6.79,0.01,1,679,买盘
172,14:48:15,6.78,--,356,241368,卖盘
173,14:48:12,6.78,--,126,85428,卖盘
174,14:48:09,6.78,-0.01,1,678,卖盘
175,14:48:06,6.79,0.01,5,3395,买盘
176,14:48:03,6.78,-0.01,487,330186,卖盘
177,14:48:00,6.79,--,32,21728,买盘
178,14:47:57,6.79,0.01,316,214564,买盘
179,14:47:51,6.78,-0.01,200,135600,卖盘
180,14:47:48,6.79,0.01,46,31234,买盘
181,14:47:45,6.78,-0.01,1132,767496,卖盘
182,14:47:42,6.79,--,154,104566,买盘
183,14:47:39,6.79,--,31,21049,买盘
184,14:47:36,6.79,--,82,55678,买盘
185,14:47:33,6.79,--,12,8148,买盘
186,14:47:30,6.79,--,110,74690,买盘
187,14:47:27,6.79,--,5,3395,买盘
188,14:47:24,6.79,0.01,27,18333,买盘
189,14:47:21,6.78,-0.01,318,215604,卖盘
190,14:47:18,6.79,0.01,46,31234,买盘
191,14:47:15,6.78,-0.01,2,1356,卖盘
192,14:47:12,6.79,0.01,1012,687148,买盘
193,14:47:09,6.78,--,2,1356,卖盘
194,14:47:06,6.78,-0.01,178,120684,卖盘
195,14:47:03,6.79,--,3451,2343229,买盘
196,14:47:00,6.79,--,655,444745,买盘
197,14:46:57,6.79,--,166,112714,买盘
198,14:46:54,6.79,--,6,4074,买盘
199,14:46:51,6.79,--,130,88270,买盘
200,14:46:48,6.79,0.01,74,50246,买盘
201,14:46:45,6.78,--,10,6780,卖盘
202,14:46:42,6.78,--,8,5424,卖盘
203,14:46:39,6.78,-0.01,22,14916,卖盘
204,14:46:36,6.79,--,76,51604,买盘
205,14:46:33,6.79,--,3,2037,买盘
206,14:46:30,6.79,--,5,3395,买盘
207,14:46:27,6.79,--,86,58394,买盘
208,14:46:24,6.79,--,40,27160,买盘
209,14:46:21,6.79,0.01,35,23765,买盘
210,14:46:18,6.78,--,538,364764,卖盘
211,14:46:15,6.78,-0.01,10,6780,卖盘
212,14:46:12,6.79,--,40,27160,买盘
213,14:46:09,6.79,0.01,16,10864,买盘
214,14:46:06,6.78,-0.01,52,35256,卖盘
215,14:46:03,6.79,--,5,3395,买盘
216,14:46:00,6.79,--,45,30555,买盘
217,14:45:57,6.79,--,5,3395,买盘
218,14:45:54,6.79,--,795,539805,买盘
219,14:45:51,6.79,0.01,414,281106,买盘
220,14:45:48,6.78,-0.01,229,155262,卖盘
221,14:45:45,6.79,--,182,123578,买盘
222,14:45:42,6.79,0.01,4,2716,买盘
223,14:45:39,6.78,-0.01,291,197298,卖盘
224,14:45:36,6.79,--,3181,2159899,买盘
225,14:45:33,6.79,--,491,333389,买盘
226,14:45:30,6.79,--,2,1358,买盘
227,14:45:27,6.79,0.01,521,353759,买盘
228,14:45:24,6.78,-0.01,18,12204,卖盘
229,14:45:21,6.79,--,302,205058,买盘
230,14:45:18,6.79,0.01,76,51604,买盘
231,14:45:15,6.78,--,1,678,卖盘
232,14:45:12,6.78,-0.01,100,67800,卖盘
233,14:45:09,6.79,--,727,493633,买盘
234,14:45:03,6.79,--,411,279069,买盘
235,14:45:00,6.79,--,35,23765,买盘
236,14:44:57,6.79,--,104,70616,买盘
237,14:44:54,6.79,--,2,1358,买盘
238,14:44:51,6.79,0.01,50,33950,买盘
239,14:44:48,6.78,--,2,1356,卖盘
240,14:44:45,6.78,--,60,40680,卖盘
241,14:44:42,6.78,--,167,113226,卖盘
242,14:44:39,6.78,--,42,28476,卖盘
243,14:44:36,6.78,-0.01,71,48138,卖盘
244,14:44:33,6.79,0.01,20,13580,买盘
245,14:44:30,6.78,--,19,12882,卖盘
246,14:44:27,6.78,--,173,117294,卖盘
247,14:44:24,6.78,--,9,6102,卖盘
248,14:44:21,6.78,-0.01,31,21018,卖盘
249,14:44:18,6.79,0.01,63,42777,买盘
250,14:44:15,6.78,--,85,57630,卖盘
251,14:44:12,6.78,--,824,558672,卖盘
252,14:44:09,6.78,-0.01,55,37290,卖盘
253,14:44:06,6.79,--,8,5432,买盘
254,14:44:03,6.79,--,134,90986,买盘
255,14:44:00,6.79,--,20,13580,买盘
256,14:43:54,6.79,--,785,533015,买盘
257,14:43:51,6.79,-0.01,1529,1038326,卖盘
258,14:43:48,6.8,0.01,241,163880,买盘
259,14:43:45,6.79,--,15,10185,卖盘
260,14:43:36,6.79,--,44,29876,卖盘
261,14:43:33,6.79,--,12,8148,卖盘
262,14:43:27,6.79,-0.01,16,10864,卖盘
263,14:43:21,6.8,--,18,12240,买盘
264,14:43:18,6.8,0.01,5,3400,买盘
265,14:43:15,6.79,-0.01,244,165676,卖盘
266,14:43:09,6.8,0.01,1,680,买盘
267,14:43:06,6.79,-0.01,9,6111,卖盘
268,14:43:03,6.8,0.01,500,340000,买盘
269,14:43:00,6.79,--,124,84739,买盘
270,14:42:57,6.79,--,42,28518,买盘
271,14:42:54,6.79,--,39,26481,买盘
272,14:42:51,6.79,--,192,130368,买盘
273,14:42:48,6.79,-0.01,117,79578,卖盘
274,14:42:42,6.8,0.01,1261,858024,买盘
275,14:42:39,6.79,-0.01,65,44135,卖盘
276,14:42:36,6.8,--,198,134776,卖盘
277,14:42:33,6.8,--,228,155040,卖盘
278,14:42:27,6.8,--,20,14144,买盘
279,14:42:24,6.8,--,128,87040,买盘
280,14:42:21,6.8,--,458,311440,买盘
281,14:42:18,6.8,--,558,379440,买盘
282,14:42:15,6.8,--,629,427720,买盘
283,14:42:12,6.8,--,770,523600,买盘
284,14:42:09,6.8,0.01,271,184280,买盘
285,14:42:06,6.79,-0.01,1768,1200472,卖盘
286,14:42:03,6.8,--,922,626960,买盘
287,14:42:00,6.8,0.01,569,386920,买盘
288,14:41:57,6.79,--,55,37345,卖盘
289,14:41:54,6.79,-0.01,16,10864,卖盘
290,14:41:51,6.8,0.01,10,6800,买盘
291,14:41:48,6.79,--,272,184688,卖盘
292,14:41:39,6.79,--,16,10864,卖盘
293,14:41:36,6.79,--,83,56628,买盘
294,14:41:33,6.79,--,112,76048,买盘
295,14:41:30,6.79,--,820,556780,买盘
296,14:41:27,6.79,--,532,361228,买盘
297,14:41:24,6.79,--,2,1358,买盘
298,14:41:21,6.79,--,50,33950,买盘
299,14:41:18,6.79,--,4,2716,买盘
300,14:41:15,6.79,--,413,280427,买盘
301,14:41:12,6.79,--,26,17654,买盘
302,14:41:09,6.79,--,1,679,买盘
303,14:41:06,6.79,0.01,13,8827,买盘
304,14:41:03,6.78,--,104,70512,卖盘
305,14:41:00,6.78,--,161,109158,卖盘
306,14:40:57,6.78,-0.01,100,67800,卖盘
307,14:40:54,6.79,0.01,343,232897,买盘
308,14:40:51,6.78,--,20,13560,卖盘
309,14:40:48,6.78,-0.01,5,3390,卖盘
310,14:40:45,6.79,--,13,8827,买盘
311,14:40:42,6.79,0.01,3,2037,买盘
312,14:40:36,6.78,-0.01,85,57630,卖盘
313,14:40:27,6.79,0.01,10,6790,买盘
314,14:40:24,6.78,--,2,1356,卖盘
315,14:40:18,6.78,--,2056,1393968,买盘
316,14:40:15,6.78,--,309,209502,买盘
317,14:40:12,6.78,--,64,43392,买盘
318,14:40:09,6.78,--,338,229164,买盘
319,14:40:06,6.78,--,727,492906,买盘
320,14:40:03,6.78,--,120,81360,买盘
321,14:40:00,6.78,--,88,59664,买盘
322,14:39:57,6.78,--,50,33900,买盘
323,14:39:54,6.78,--,26,17628,买盘
324,14:39:51,6.78,-0.01,576,390528,卖盘
325,14:39:48,6.79,0.01,1000,679000,买盘
326,14:39:45,6.78,-0.01,260,176280,卖盘
327,14:39:42,6.79,0.01,20,13580,买盘
328,14:39:39,6.78,--,300,203400,卖盘
329,14:39:30,6.78,--,32,21696,卖盘
330,14:39:21,6.78,-0.01,105,71190,卖盘
331,14:39:18,6.79,--,1,679,买盘
332,14:39:09,6.79,0.01,466,316414,买盘
333,14:39:06,6.78,-0.01,30,20340,卖盘
334,14:39:03,6.79,--,44,29876,买盘
335,14:39:00,6.79,0.01,6,4074,买盘
336,14:38:57,6.78,-0.01,10,6780,卖盘
337,14:38:54,6.79,0.01,54,36666,买盘
338,14:38:51,6.78,-0.01,291,197298,卖盘
339,14:38:48,6.79,--,621,421659,买盘
340,14:38:45,6.79,0.01,11,7469,买盘
341,14:38:42,6.78,-0.01,14,9492,卖盘
342,14:38:39,6.79,0.01,61,41419,买盘
343,14:38:36,6.78,-0.01,129,87462,卖盘
344,14:38:27,6.79,0.01,216,146664,买盘
345,14:38:24,6.78,-0.01,1,678,卖盘
346,14:38:21,6.79,--,1,679,买盘
347,14:38:18,6.79,--,1,679,买盘
348,14:38:15,6.79,0.01,8,5432,买盘
349,14:38:12,6.78,--,28,18984,卖盘
350,14:38:09,6.78,-0.01,422,286116,卖盘
351,14:38:06,6.79,0.01,1,679,买盘
352,14:38:03,6.78,-0.01,30,20340,卖盘
353,14:38:00,6.79,0.01,8,5432,买盘
354,14:37:57,6.78,--,104,70512,卖盘
355,14:37:51,6.78,--,69,46782,卖盘
356,14:37:48,6.78,-0.01,46,31188,卖盘
357,14:37:42,6.79,--,40,27160,买盘
358,14:37:39,6.79,0.01,7,4753,买盘
359,14:37:36,6.78,-0.01,116,78648,卖盘
360,14:37:33,6.79,--,954,647766,卖盘
361,14:37:27,6.79,--,94,63826,卖盘
362,14:37:24,6.79,--,10,6790,卖盘
363,14:37:21,6.79,--,1,679,卖盘
364,14:37:18,6.79,-0.01,265,179935,卖盘
365,14:37:09,6.8,0.01,303,206040,买盘
366,14:37:06,6.79,-0.01,16,10864,卖盘
367,14:37:03,6.8,--,643,437240,买盘
368,14:37:00,6.8,--,893,607240,买盘
369,14:36:57,6.8,--,5,3400,买盘
370,14:36:54,6.8,0.01,8,5440,买盘
371,14:36:51,6.79,-0.01,20,13580,卖盘
372,14:36:48,6.8,--,13,8840,买盘
373,14:36:42,6.8,--,2,1360,买盘
374,14:36:39,6.8,--,303,206040,买盘
375,14:36:36,6.8,--,5,3400,买盘
376,14:36:33,6.8,--,11,7480,买盘
377,14:36:30,6.8,--,1050,714000,买盘
378,14:36:27,6.8,--,3,2040,买盘
379,14:36:24,6.8,0.01,245,166600,买盘
380,14:36:21,6.79,--,168,114072,卖盘
381,14:36:18,6.79,--,1,679,卖盘
382,14:36:15,6.79,--,117,79443,卖盘
383,14:36:12,6.79,-0.01,15,10185,卖盘
384,14:36:09,6.8,--,15,10200,买盘
385,14:36:06,6.8,--,121,82280,买盘
386,14:36:00,6.8,--,20,13600,买盘
387,14:35:57,6.8,--,35,23800,买盘
388,14:35:54,6.8,0.01,58,39440,买盘
389,14:35:51,6.79,-0.01,11,7469,卖盘
390,14:35:48,6.8,--,2,1360,买盘
391,14:35:45,6.8,0.01,555,377400,买盘
392,14:35:39,6.79,-0.01,25,16975,卖盘
393,14:35:36,6.8,--,10,6800,买盘
394,14:35:33,6.8,--,5,3400,买盘
395,14:35:30,6.8,--,13,8840,买盘
396,14:35:27,6.8,--,1840,1251336,卖盘
397,14:35:24,6.8,-0.01,57,38760,卖盘
398,14:35:21,6.81,--,73,49713,买盘
399,14:35:15,6.81,--,781,531861,买盘
400,14:35:09,6.81,--,6,4085,买盘
401,14:35:06,6.81,--,1,681,买盘
402,14:35:03,6.81,--,1,681,买盘
403,14:35:00,6.81,0.01,96,65375,买盘
404,14:34:57,6.8,-0.01,17,11560,卖盘
405,14:34:54,6.81,0.01,100,68100,买盘
406,14:34:51,6.8,-0.01,22,14960,卖盘
407,14:34:45,6.81,--,99,67419,买盘
408,14:34:42,6.81,--,307,209067,买盘
409,14:34:39,6.81,0.01,72,49032,买盘
410,14:34:36,6.8,-0.01,59,40120,卖盘
411,14:34:33,6.81,--,20,13620,买盘
412,14:34:30,6.81,0.01,501,341181,买盘
413,14:34:27,6.8,-0.01,5,3400,卖盘
414,14:34:18,6.81,0.01,324,220644,买盘
415,14:34:15,6.8,--,3,2040,卖盘
416,14:34:12,6.8,--,119,80920,卖盘
417,14:34:06,6.8,--,361,245480,卖盘
418,14:34:03,6.8,--,600,408000,卖盘
419,14:33:57,6.8,-0.01,100,68000,卖盘
420,14:33:54,6.81,--,80,54480,买盘
421,14:33:51,6.81,--,88,59928,买盘
422,14:33:48,6.81,--,27,18387,买盘
423,14:33:45,6.81,--,293,199533,买盘
424,14:33:42,6.81,--,174,118494,买盘
425,14:33:39,6.81,0.01,50,34050,买盘
426,14:33:36,6.8,-0.01,87,59160,卖盘
427,14:33:33,6.81,--,220,149820,买盘
428,14:33:30,6.81,0.01,212,144372,买盘
429,14:33:27,6.8,-0.01,256,174080,卖盘
430,14:33:21,6.81,0.01,192,130751,买盘
431,14:33:18,6.8,-0.01,18,12240,卖盘
432,14:33:15,6.81,0.01,302,205662,买盘
433,14:33:09,6.8,--,106,72080,卖盘
434,14:33:06,6.8,-0.01,80,54400,卖盘
435,14:33:03,6.81,--,850,578850,买盘
436,14:33:00,6.81,0.01,41,27921,买盘
437,14:32:54,6.8,--,55,37400,卖盘
438,14:32:51,6.8,--,223,151640,卖盘
439,14:32:48,6.8,--,5,3400,卖盘
440,14:32:45,6.8,--,40,27200,卖盘
441,14:32:39,6.8,-0.01,12,8160,卖盘
442,14:32:36,6.81,0.01,255,173655,买盘
443,14:32:33,6.8,--,81,55080,卖盘
444,14:32:30,6.8,--,347,235960,卖盘
445,14:32:27,6.8,-0.01,16,10880,卖盘
446,14:32:24,6.81,--,150,102150,买盘
447,14:32:18,6.81,--,12,8171,买盘
448,14:32:15,6.81,--,10,6810,买盘
449,14:32:12,6.81,--,312,212472,买盘
450,14:32:09,6.81,--,33,22473,买盘
451,14:32:06,6.81,--,234,159354,买盘
452,14:32:03,6.81,--,15,10215,买盘
453,14:32:00,6.81,--,404,275124,买盘
454,14:31:57,6.81,--,40,27240,买盘
455,14:31:54,6.81,--,30,20430,买盘
456,14:31:51,6.81,--,57,38817,买盘
457,14:31:48,6.81,--,358,243798,买盘
458,14:31:45,6.81,0.01,10,6810,买盘
459,14:31:42,6.8,-0.01,92,62560,卖盘
460,14:31:39,6.81,--,54,36774,买盘
461,14:31:36,6.81,0.01,504,343224,买盘
462,14:31:33,6.8,-0.01,27,18360,卖盘
463,14:31:30,6.81,0.01,202,137562,买盘
464,14:31:24,6.8,--,104,70720,卖盘
465,14:31:21,6.8,--,4,2720,卖盘
466,14:31:15,6.8,--,1878,1277584,买盘
467,14:31:12,6.8,--,58,39440,买盘
468,14:31:09,6.8,--,359,244120,买盘
469,14:31:06,6.8,--,1009,686120,买盘
470,14:31:03,6.8,--,582,395760,买盘
471,14:31:00,6.8,0.01,62,42160,买盘
472,14:30:57,6.79,-0.01,415,281785,卖盘
473,14:30:51,6.8,--,147,99960,买盘
474,14:30:48,6.8,--,86,58480,买盘
475,14:30:45,6.8,0.01,33,22440,买盘
476,14:30:42,6.79,-0.01,424,287896,卖盘
477,14:30:39,6.8,--,40,27200,买盘
478,14:30:36,6.8,--,575,391000,买盘
479,14:30:33,6.8,--,542,368560,买盘
480,14:30:30,6.8,--,561,381480,买盘
481,14:30:27,6.8,0.01,4,2720,买盘
482,14:30:24,6.79,--,288,195552,卖盘
483,14:30:21,6.79,-0.01,43,29197,卖盘
484,14:30:18,6.8,0.01,66,44880,买盘
485,14:30:15,6.79,0.01,1476,1002204,买盘
486,14:30:12,6.78,-0.01,1191,807498,卖盘
487,14:30:09,6.79,0.01,289,196231,买盘
488,14:30:06,6.78,-0.01,238,161364,卖盘
489,14:30:03,6.79,--,310,210490,买盘
490,14:30:00,6.79,--,706,479374,买盘
491,14:29:57,6.79,--,2,1358,买盘
492,14:29:54,6.79,0.01,116,78764,买盘
493,14:29:51,6.78,--,10,6780,卖盘
494,14:29:48,6.78,--,240,162720,卖盘
495,14:29:42,6.78,--,33,22374,卖盘
496,14:29:39,6.78,--,23,15594,卖盘
497,14:29:36,6.78,--,58,39324,卖盘
498,14:29:33,6.78,-0.01,12,8136,卖盘
499,14:29:27,6.79,--,5,3395,买盘
500,14:29:24,6.79,--,10,6790,买盘
501,14:29:21,6.79,--,113,76727,买盘
502,14:29:18,6.79,0.01,52,35308,买盘
503,14:29:15,6.78,--,490,332220,卖盘
504,14:29:09,6.78,-0.01,1,678,卖盘
505,14:29:06,6.79,--,12,8148,买盘
506,14:29:03,6.79,--,3,2037,买盘
507,14:29:00,6.79,0.01,30,20370,买盘
508,14:28:57,6.78,-0.01,33,22374,卖盘
509,14:28:54,6.79,--,22,14938,买盘
510,14:28:51,6.79,0.01,44,29876,买盘
511,14:28:48,6.78,-0.01,11,7458,卖盘
512,14:28:45,6.79,0.01,3,2037,买盘
513,14:28:42,6.78,--,4,2712,卖盘
514,14:28:39,6.78,-0.01,36,24408,卖盘
515,14:28:33,6.79,--,406,275674,买盘
516,14:28:30,6.79,0.01,78,52962,买盘
517,14:28:27,6.78,-0.01,4,2712,卖盘
518,14:28:24,6.79,--,32,21728,买盘
519,14:28:21,6.79,0.01,348,236292,买盘
520,14:28:18,6.78,-0.01,89,60342,卖盘
521,14:28:15,6.79,0.01,19,12901,买盘
522,14:28:12,6.78,-0.01,72,48816,卖盘
523,14:28:06,6.79,0.01,5,3395,买盘
524,14:28:03,6.78,--,10,6780,卖盘
525,14:28:00,6.78,--,8,5424,卖盘
526,14:27:57,6.78,--,63,42714,卖盘
527,14:27:54,6.78,--,154,104412,卖盘
528,14:27:51,6.78,--,14,9492,卖盘
529,14:27:45,6.78,--,83,56274,卖盘
530,14:27:42,6.78,--,434,294252,卖盘
531,14:27:39,6.78,--,22,14916,卖盘
532,14:27:36,6.78,--,547,370866,卖盘
533,14:27:33,6.78,--,16,10848,卖盘
534,14:27:30,6.78,--,136,92208,卖盘
535,14:27:27,6.78,-0.01,72,48816,卖盘
536,14:27:24,6.79,0.01,32,21728,买盘
537,14:27:21,6.78,--,12,8136,卖盘
538,14:27:18,6.78,--,48,32544,卖盘
539,14:27:15,6.78,-0.01,4,2712,卖盘
540,14:27:12,6.79,0.01,35,23765,买盘
541,14:27:09,6.78,--,41,27798,卖盘
542,14:27:06,6.78,--,88,59664,卖盘
543,14:26:57,6.78,--,289,195942,卖盘
544,14:26:54,6.78,--,12,8136,卖盘
545,14:26:51,6.78,--,434,294252,卖盘
546,14:26:48,6.78,--,1,678,卖盘
547,14:26:45,6.78,-0.01,30,20340,卖盘
548,14:26:42,6.79,--,30,20370,买盘
549,14:26:39,6.79,0.01,54,36666,买盘
550,14:26:36,6.78,--,114,77292,卖盘
551,14:26:33,6.78,--,5,3390,卖盘
552,14:26:30,6.78,-0.01,183,124074,卖盘
553,14:26:27,6.79,--,8,5432,买盘
554,14:26:24,6.79,0.01,4,2716,买盘
555,14:26:21,6.78,--,12,8136,卖盘
556,14:26:18,6.78,--,427,289506,卖盘
557,14:26:12,6.78,-0.01,82,55596,卖盘
558,14:26:09,6.79,--,43,29197,买盘
559,14:26:06,6.79,--,24,16296,买盘
560,14:26:03,6.79,0.01,1,679,买盘
561,14:26:00,6.78,--,81,54918,卖盘
562,14:25:54,6.78,-0.01,18,12204,卖盘
563,14:25:51,6.79,--,37,25123,买盘
564,14:25:48,6.79,0.01,74,50246,买盘
565,14:25:45,6.78,--,106,71868,卖盘
566,14:25:42,6.78,--,121,82038,卖盘
567,14:25:39,6.78,--,58,39324,卖盘
568,14:25:33,6.78,--,18,12204,卖盘
569,14:25:30,6.78,--,1465,993270,买盘
570,14:25:24,6.78,--,63,42714,买盘
571,14:25:18,6.78,0.01,50,33900,买盘
572,14:25:15,6.77,-0.01,4,2708,卖盘
573,14:25:12,6.78,0.01,3,2034,中性盘
574,14:25:09,6.77,-0.01,225,152325,卖盘
575,14:25:06,6.78,--,12,8136,卖盘
576,14:25:03,6.78,--,65,44070,买盘
577,14:25:00,6.78,0.01,5,3390,中性盘
578,14:24:57,6.77,-0.02,118,79886,卖盘
579,14:24:54,6.79,0.01,5,3395,买盘
580,14:24:51,6.78,--,81,54918,卖盘
581,14:24:48,6.78,--,66,44748,卖盘
582,14:24:45,6.78,--,184,124752,卖盘
583,14:24:42,6.78,--,31,21018,卖盘
584,14:24:39,6.78,-0.01,82,55596,卖盘
585,14:24:36,6.79,0.01,463,314377,买盘
586,14:24:33,6.78,--,1008,683424,卖盘
587,14:24:30,6.78,--,26,17628,卖盘
588,14:24:27,6.78,--,50,33900,卖盘
589,14:24:24,6.78,--,20,13560,卖盘
590,14:24:21,6.78,--,127,86106,卖盘
591,14:24:18,6.78,-0.01,108,73224,卖盘
592,14:24:12,6.79,--,46,31234,买盘
593,14:24:09,6.79,0.01,14,9506,买盘
594,14:24:06,6.78,--,74,50172,卖盘
595,14:24:03,6.78,--,5,3390,卖盘
596,14:24:00,6.78,--,48,32544,卖盘
597,14:23:57,6.78,--,26,17628,卖盘
598,14:23:54,6.78,--,55,37290,卖盘
599,14:23:51,6.78,--,20,13560,卖盘
600,14:23:48,6.78,-0.01,20,13560,卖盘
601,14:23:45,6.79,0.01,134,90986,买盘
602,14:23:42,6.78,--,64,43392,卖盘
603,14:23:39,6.78,-0.01,190,128820,卖盘
604,14:23:36,6.79,--,108,73332,买盘
605,14:23:33,6.79,0.01,3,2037,买盘
606,14:23:30,6.78,--,26,17628,卖盘
607,14:23:27,6.78,0.01,2861,1939947,买盘
608,14:23:24,6.77,--,143,96811,卖盘
609,14:23:21,6.77,--,1,677,卖盘
610,14:23:18,6.77,-0.01,122,82594,卖盘
611,14:23:15,6.78,0.01,200,135600,买盘
612,14:23:12,6.77,--,36,24372,卖盘
613,14:23:09,6.77,--,24,16247,卖盘
614,14:23:06,6.77,-0.01,200,135400,卖盘
615,14:23:03,6.78,0.01,58,39324,买盘
616,14:23:00,6.77,-0.01,56,37912,卖盘
617,14:22:57,6.78,--,24,16272,买盘
618,14:22:54,6.78,--,733,497190,卖盘
619,14:22:51,6.78,--,223,151194,卖盘
620,14:22:48,6.78,--,260,176280,卖盘
621,14:22:45,6.78,--,103,69834,卖盘
622,14:22:42,6.78,--,227,153906,卖盘
623,14:22:39,6.78,--,301,204078,卖盘
624,14:22:36,6.78,--,639,433242,卖盘
625,14:22:33,6.78,--,5,3390,卖盘
626,14:22:30,6.78,--,72,48816,卖盘
627,14:22:27,6.78,--,18,12204,卖盘
628,14:22:24,6.78,--,40,27120,卖盘
629,14:22:21,6.78,--,600,406800,卖盘
630,14:22:18,6.78,--,34,23052,卖盘
631,14:22:15,6.78,-0.01,5,3390,卖盘
632,14:22:12,6.79,--,51,34629,买盘
633,14:22:09,6.79,--,364,247156,买盘
634,14:22:06,6.79,0.01,131,88949,买盘
635,14:22:00,6.78,--,12,8136,卖盘
636,14:21:57,6.78,--,43,29154,卖盘
637,14:21:54,6.78,--,306,207468,卖盘
638,14:21:51,6.78,-0.01,20,13560,卖盘
639,14:21:48,6.79,0.01,142,96418,买盘
640,14:21:45,6.78,-0.01,461,312558,卖盘
641,14:21:42,6.79,0.01,8,5432,买盘
642,14:21:39,6.78,--,24,16272,卖盘
643,14:21:36,6.78,--,123,83394,卖盘
644,14:21:33,6.78,-0.01,4,2712,卖盘
645,14:21:30,6.79,--,34,23086,买盘
646,14:21:24,6.79,--,112,76048,买盘
647,14:21:21,6.79,0.01,93,63147,买盘
648,14:21:18,6.78,--,34,23052,卖盘
649,14:21:15,6.78,--,64,43392,卖盘
650,14:21:12,6.78,--,128,86784,卖盘
651,14:21:09,6.78,--,31,21018,卖盘
652,14:21:06,6.78,-0.01,7,4746,卖盘
653,14:21:03,6.79,0.01,100,67900,买盘
654,14:21:00,6.78,--,244,165432,卖盘
655,14:20:54,6.78,--,91,61698,卖盘
656,14:20:48,6.78,-0.01,102,69156,卖盘
657,14:20:45,6.79,0.01,28,19012,买盘
658,14:20:42,6.78,-0.01,29,19662,卖盘
659,14:20:39,6.79,--,97,65863,买盘
660,14:20:36,6.79,0.01,9,6111,买盘
661,14:20:33,6.78,--,8,5424,卖盘
662,14:20:30,6.78,-0.01,4,2712,卖盘
663,14:20:27,6.79,--,41,27839,买盘
664,14:20:24,6.79,--,2,1358,买盘
665,14:20:21,6.79,0.01,392,266168,买盘
666,14:20:18,6.78,--,10,6780,卖盘
667,14:20:15,6.78,--,64,43392,卖盘
668,14:20:12,6.78,--,140,94920,卖盘
669,14:20:06,6.78,-0.01,1,678,卖盘
670,14:20:03,6.79,--,16,10864,买盘
671,14:20:00,6.79,0.01,6,4074,买盘
672,14:19:57,6.78,-0.01,42,28476,卖盘
673,14:19:54,6.79,0.01,3,2037,买盘
674,14:19:48,6.78,--,94,63732,卖盘
675,14:19:45,6.78,--,30,20340,卖盘
676,14:19:42,6.78,-0.01,34,23052,卖盘
677,14:19:39,6.79,--,23,15617,买盘
678,14:19:36,6.79,--,25,16975,买盘
679,14:19:30,6.79,0.01,10,6790,买盘
680,14:19:27,6.78,--,50,33900,卖盘
681,14:19:15,6.78,-0.01,700,474600,卖盘
682,14:19:12,6.79,--,32,21728,买盘
683,14:19:09,6.79,0.01,388,263452,买盘
684,14:19:06,6.78,-0.01,7,4746,卖盘
685,14:19:03,6.79,--,5,3395,买盘
686,14:19:00,6.79,--,43,29197,买盘
687,14:18:57,6.79,--,19,12901,买盘
688,14:18:54,6.79,--,4,2716,买盘
689,14:18:51,6.79,0.01,14,9506,买盘
690,14:18:48,6.78,-0.01,40,27120,卖盘
691,14:18:45,6.79,0.01,100,67900,买盘
692,14:18:39,6.78,-0.01,24,16272,卖盘
693,14:18:36,6.79,--,15,10185,买盘
694,14:18:30,6.79,0.01,1,679,买盘
695,14:18:27,6.78,--,170,115260,卖盘
696,14:18:24,6.78,-0.01,301,204078,卖盘
697,14:18:21,6.79,0.01,29,19691,买盘
698,14:18:18,6.78,--,21,14238,卖盘
699,14:18:12,6.78,-0.01,38,25764,卖盘
700,14:18:09,6.79,0.01,1,679,买盘
701,14:18:06,6.78,--,1200,814061,买盘
702,14:17:57,6.78,--,20,13560,买盘
703,14:17:54,6.78,--,204,138528,卖盘
704,14:17:51,6.78,--,65,44070,卖盘
705,14:17:48,6.78,--,219,148482,卖盘
706,14:17:45,6.78,--,101,68478,卖盘
707,14:17:42,6.78,--,196,132888,卖盘
708,14:17:39,6.78,--,72,48816,卖盘
709,14:17:36,6.78,--,1180,800040,卖盘
710,14:17:33,6.78,-0.01,7,4746,卖盘
711,14:17:30,6.79,--,12,8148,买盘
712,14:17:27,6.79,--,73,49567,买盘
713,14:17:24,6.79,--,36,24444,买盘
714,14:17:21,6.79,--,18,12222,买盘
715,14:17:18,6.79,0.01,207,140553,买盘
716,14:17:15,6.78,--,7,4746,卖盘
717,14:17:12,6.78,-0.01,31,21018,卖盘
718,14:17:09,6.79,0.01,36,24444,买盘
719,14:17:06,6.78,-0.01,1,678,卖盘
720,14:17:03,6.79,0.01,30,20370,买盘
721,14:16:57,6.78,-0.01,17,11526,卖盘
722,14:16:54,6.79,0.01,89,60431,买盘
723,14:16:51,6.78,--,1,678,卖盘
724,14:16:45,6.78,--,4,2712,卖盘
725,14:16:42,6.78,-0.01,22,14916,卖盘
726,14:16:39,6.79,0.01,42,28518,买盘
727,14:16:36,6.78,--,2,1356,卖盘
728,14:16:33,6.78,-0.01,1,678,卖盘
729,14:16:30,6.79,--,55,37345,买盘
730,14:16:24,6.79,0.01,24,16296,买盘
731,14:16:21,6.78,--,8,5424,卖盘
732,14:16:18,6.78,-0.01,700,474600,卖盘
733,14:16:15,6.79,0.01,40,27160,买盘
734,14:16:12,6.78,-0.01,30,20340,卖盘
735,14:16:09,6.79,0.01,1,679,买盘
736,14:16:06,6.78,--,117,79326,卖盘
737,14:16:03,6.78,--,40,27120,卖盘
738,14:16:00,6.78,-0.01,10,6780,卖盘
739,14:15:57,6.79,0.01,8,5432,买盘
740,14:15:54,6.78,--,52,35256,卖盘
741,14:15:51,6.78,--,65,44070,卖盘
742,14:15:48,6.78,-0.01,12,8136,卖盘
743,14:15:45,6.79,0.01,31,21049,买盘
744,14:15:42,6.78,--,329,223062,卖盘
745,14:15:39,6.78,--,102,69156,卖盘
746,14:15:36,6.78,--,5,3390,卖盘
747,14:15:30,6.78,--,80,54240,卖盘
748,14:15:27,6.78,--,33,22374,卖盘
749,14:15:24,6.78,--,129,87462,卖盘
750,14:15:21,6.78,--,341,231198,卖盘
751,14:15:15,6.78,--,219,148482,卖盘
752,14:15:12,6.78,-0.01,44,29832,卖盘
753,14:15:09,6.79,--,5,3395,买盘
754,14:15:06,6.79,--,167,113393,买盘
755,14:15:03,6.79,--,10,6790,买盘
756,14:15:00,6.79,--,2,1358,买盘
757,14:14:57,6.79,0.01,48,32592,买盘
758,14:14:54,6.78,-0.01,1,678,卖盘
759,14:14:51,6.79,--,6,4074,买盘
760,14:14:48,6.79,--,49,33271,买盘
761,14:14:39,6.79,0.01,28,19012,买盘
762,14:14:36,6.78,-0.01,12,8136,卖盘
763,14:14:33,6.79,--,207,140553,买盘
764,14:14:30,6.79,--,23,15617,卖盘
765,14:14:27,6.79,-0.01,32,21728,卖盘
766,14:14:24,6.8,0.01,14,9520,买盘
767,14:14:21,6.79,--,35,23765,卖盘
768,14:14:18,6.79,--,8,5432,买盘
769,14:14:15,6.79,--,5,3395,买盘
770,14:14:12,6.79,--,10,6790,买盘
771,14:14:09,6.79,-0.01,79,53641,卖盘
772,14:14:06,6.8,--,20,13600,买盘
773,14:14:03,6.8,0.01,149,101320,买盘
774,14:14:00,6.79,--,51,34629,卖盘
775,14:13:54,6.79,-0.01,10,6790,卖盘
776,14:13:51,6.8,0.01,44,29920,买盘
777,14:13:48,6.79,--,532,361228,卖盘
778,14:13:45,6.79,--,20,13580,卖盘
779,14:13:42,6.79,--,30,20370,卖盘
780,14:13:39,6.79,--,176,119504,买盘
781,14:13:33,6.79,--,1008,684432,买盘
782,14:13:30,6.79,--,264,179256,买盘
783,14:13:27,6.79,--,61,41419,买盘
784,14:13:24,6.79,--,45,30555,买盘
785,14:13:21,6.79,--,2,1358,买盘
786,14:13:18,6.79,0.01,78,52962,买盘
787,14:13:15,6.78,-0.01,289,195942,卖盘
788,14:13:12,6.79,--,10,6790,买盘
789,14:13:09,6.79,--,8,5432,买盘
790,14:13:06,6.79,--,477,323883,买盘
791,14:13:00,6.79,0.01,111,75369,买盘
792,14:12:57,6.78,--,515,349170,卖盘
793,14:12:54,6.78,-0.01,1,678,卖盘
794,14:12:51,6.79,--,201,136479,买盘
795,14:12:48,6.79,--,250,169750,买盘
796,14:12:45,6.79,--,5,3395,买盘
797,14:12:42,6.79,--,37,25123,买盘
798,14:12:39,6.79,0.01,176,119504,买盘
799,14:12:36,6.78,--,3,2034,卖盘
800,14:12:33,6.78,-0.01,163,110514,卖盘
801,14:12:30,6.79,0.01,106,71974,买盘
802,14:12:27,6.78,-0.01,417,282726,卖盘
803,14:12:24,6.79,0.01,66,44814,买盘
804,14:12:21,6.78,--,10,6780,卖盘
805,14:12:18,6.78,--,512,347597,买盘
806,14:12:12,6.78,--,8,5424,买盘
807,14:12:09,6.78,--,194,131532,买盘
808,14:12:06,6.78,--,14,9492,买盘
809,14:12:03,6.78,--,26,17628,买盘
810,14:12:00,6.78,--,41,27798,买盘
811,14:11:57,6.78,0.01,167,113226,买盘
812,14:11:54,6.77,--,382,258613,卖盘
813,14:11:51,6.77,--,2,1354,卖盘
814,14:11:48,6.77,-0.01,6,4061,卖盘
815,14:11:45,6.78,0.01,129,87462,买盘
816,14:11:42,6.77,-0.01,36,24372,卖盘
817,14:11:33,6.78,0.01,152,103056,买盘
818,14:11:30,6.77,-0.01,2,1354,卖盘
819,14:11:27,6.78,--,43,29154,买盘
820,14:11:24,6.78,--,32,21696,买盘
821,14:11:21,6.78,--,30,20340,买盘
822,14:11:18,6.78,--,411,278658,买盘
823,14:11:15,6.78,0.01,8,5424,买盘
824,14:11:12,6.77,--,3,2030,卖盘
825,14:11:09,6.77,--,97,65669,卖盘
826,14:11:06,6.77,-0.01,185,125244,卖盘
827,14:11:03,6.78,0.01,809,548502,买盘
828,14:11:00,6.77,--,22,14893,卖盘
829,14:10:57,6.77,-0.01,19,12863,卖盘
830,14:10:54,6.78,0.01,186,126108,买盘
831,14:10:51,6.77,--,26,17602,卖盘
832,14:10:48,6.77,--,11,7446,卖盘
833,14:10:45,6.77,-0.01,97,65669,卖盘
834,14:10:42,6.78,0.01,24,16272,买盘
835,14:10:39,6.77,-0.01,234,158418,卖盘
836,14:10:36,6.78,--,78,52884,买盘
837,14:10:33,6.78,--,5,3390,买盘
838,14:10:30,6.78,--,4,2712,买盘
839,14:10:27,6.78,--,5,3390,买盘
840,14:10:24,6.78,--,16,10848,买盘
841,14:10:21,6.78,0.01,127,86106,买盘
842,14:10:18,6.77,-0.01,113,76501,卖盘
843,14:10:15,6.78,--,6,4068,买盘
844,14:10:12,6.78,0.01,255,172890,买盘
845,14:10:09,6.77,-0.01,61,41297,卖盘
846,14:10:06,6.78,--,108,73224,买盘
847,14:10:00,6.78,0.01,38,25764,买盘
848,14:09:57,6.77,-0.01,81,54837,卖盘
849,14:09:54,6.78,0.01,17,11526,买盘
850,14:09:51,6.77,--,60,40620,卖盘
851,14:09:48,6.77,--,4,2708,卖盘
852,14:09:45,6.77,-0.01,2,1354,卖盘
853,14:09:42,6.78,--,4,2712,买盘
854,14:09:39,6.78,0.01,186,126108,买盘
855,14:09:36,6.77,-0.01,35,23695,卖盘
856,14:09:33,6.78,0.01,110,74580,买盘
857,14:09:30,6.77,-0.01,4,2708,卖盘
858,14:09:27,6.78,--,125,84750,买盘
859,14:09:21,6.78,--,57,38646,买盘
860,14:09:18,6.78,0.01,307,208146,买盘
861,14:09:15,6.77,--,44,30329,买盘
862,14:09:12,6.77,--,465,314805,买盘
863,14:09:09,6.77,--,528,357456,买盘
864,14:09:06,6.77,--,31,20987,买盘
865,14:09:03,6.77,--,542,366934,买盘
866,14:09:00,6.77,0.01,610,412970,买盘
867,14:08:57,6.76,-0.01,5,3380,卖盘
868,14:08:54,6.77,--,149,100873,买盘
869,14:08:51,6.77,--,170,115090,买盘
870,14:08:48,6.77,--,100,67700,买盘
871,14:08:45,6.77,--,110,74470,买盘
872,14:08:39,6.77,0.01,39,26403,买盘
873,14:08:36,6.76,--,65,43940,卖盘
874,14:08:33,6.76,-0.01,102,68952,卖盘
875,14:08:27,6.77,--,90,60929,买盘
876,14:08:24,6.77,0.01,11,7446,买盘
877,14:08:21,6.76,--,39,26364,卖盘
878,14:08:18,6.76,--,5,3380,卖盘
879,14:08:15,6.76,--,16,11356,卖盘
880,14:08:12,6.76,--,132,89232,卖盘
881,14:08:09,6.76,--,21,14196,卖盘
882,14:08:06,6.76,--,15,10140,卖盘
883,14:08:03,6.76,-0.01,8,5408,卖盘
884,14:08:00,6.77,0.01,33,22341,买盘
885,14:07:57,6.76,--,216,146016,卖盘
886,14:07:54,6.76,--,60,40560,卖盘
887,14:07:51,6.76,--,24,16224,卖盘
888,14:07:48,6.76,--,14,9464,卖盘
889,14:07:45,6.76,-0.01,28,18928,卖盘
890,14:07:42,6.77,--,27,18279,买盘
891,14:07:39,6.77,--,117,79209,买盘
892,14:07:36,6.77,--,14,9478,买盘
893,14:07:33,6.77,--,183,123890,买盘
894,14:07:30,6.77,--,22,14893,买盘
895,14:07:27,6.77,0.01,188,127275,买盘
896,14:07:24,6.76,--,58,39208,卖盘
897,14:07:21,6.76,-0.01,29,19604,卖盘
898,14:07:18,6.77,--,43,29110,买盘
899,14:07:12,6.77,0.01,89,60252,买盘
900,14:07:09,6.76,--,31,20956,卖盘
901,14:07:06,6.76,-0.01,6,4056,卖盘
902,14:07:03,6.77,0.01,25,16925,买盘
903,14:06:54,6.76,--,41,27716,卖盘
904,14:06:51,6.76,-0.01,22,14872,卖盘
905,14:06:48,6.77,--,12,8123,买盘
906,14:06:45,6.77,0.01,158,106966,买盘
907,14:06:42,6.76,--,37,25012,卖盘
908,14:06:39,6.76,-0.01,136,91936,卖盘
909,14:06:36,6.77,0.01,2,1354,买盘
910,14:06:33,6.76,-0.01,38,25688,卖盘
911,14:06:30,6.77,--,25,16925,买盘
912,14:06:27,6.77,0.01,34,23018,买盘
913,14:06:24,6.76,-0.01,127,85852,卖盘
914,14:06:21,6.77,0.01,132,89364,买盘
915,14:06:18,6.76,-0.01,244,164944,卖盘
916,14:06:15,6.77,0.01,48,32495,买盘
917,14:06:12,6.76,--,60,40560,卖盘
918,14:06:09,6.76,--,4,2704,卖盘
919,14:06:06,6.76,--,111,75036,卖盘
920,14:06:03,6.76,--,140,94640,卖盘
921,14:06:00,6.76,--,703,475606,买盘
922,14:05:57,6.76,--,44,29744,买盘
923,14:05:54,6.76,--,48,32448,买盘
924,14:05:51,6.76,--,42,28392,买盘
925,14:05:48,6.76,--,23,15548,买盘
926,14:05:45,6.76,--,118,79768,买盘
927,14:05:42,6.76,0.01,261,176436,买盘
928,14:05:39,6.75,--,37,24975,卖盘
929,14:05:36,6.75,-0.01,208,140400,卖盘
930,14:05:33,6.76,0.01,167,112892,买盘
931,14:05:30,6.75,-0.01,126,85050,卖盘
932,14:05:27,6.76,0.01,268,181168,买盘
933,14:05:24,6.75,--,571,385425,买盘
934,14:05:21,6.75,0.01,61,41175,卖盘
935,14:05:18,6.74,--,442,297908,卖盘
936,14:05:15,6.74,--,110,74140,卖盘
937,14:05:12,6.74,--,136,92135,卖盘
938,14:05:09,6.74,--,1220,822280,卖盘
939,14:05:06,6.74,--,187,126038,卖盘
940,14:05:03,6.74,--,1310,882940,卖盘
941,14:05:00,6.74,--,1727,1163998,卖盘
942,14:04:57,6.74,--,1656,1116144,卖盘
943,14:04:54,6.74,--,454,305996,卖盘
944,14:04:51,6.74,-0.01,49,33026,卖盘
945,14:04:48,6.75,0.01,44,29700,买盘
946,14:04:45,6.74,-0.01,2427,1636000,卖盘
947,14:04:42,6.75,--,1744,1177200,卖盘
948,14:04:39,6.75,--,3684,2486700,卖盘
949,14:04:36,6.75,--,628,423900,卖盘
950,14:04:33,6.75,--,859,579825,卖盘
951,14:04:30,6.75,--,3938,2658757,卖盘
952,14:04:27,6.75,--,182,122850,卖盘
953,14:04:24,6.75,--,1832,1236600,卖盘
954,14:04:21,6.75,-0.01,10052,6785100,卖盘
955,14:04:18,6.76,0.01,223,150748,买盘
956,14:04:15,6.75,--,507,342765,卖盘
957,14:04:12,6.75,--,99,66825,卖盘
958,14:04:09,6.75,--,81,54675,卖盘
959,14:04:06,6.75,--,15,10125,卖盘
960,14:04:03,6.75,-0.01,93,62775,卖盘
961,14:04:00,6.76,--,145,98020,买盘
962,14:03:57,6.76,0.01,25,16900,买盘
963,14:03:54,6.75,--,13,8775,卖盘
964,14:03:51,6.75,-0.01,260,175500,卖盘
965,14:03:48,6.76,--,14,9464,买盘
966,14:03:45,6.76,--,47,31772,买盘
967,14:03:42,6.76,--,485,327995,卖盘
968,14:03:39,6.76,--,6014,4065464,卖盘
969,14:03:36,6.76,--,218,147368,卖盘
970,14:03:33,6.76,--,720,486720,卖盘
971,14:03:30,6.76,--,109,73684,卖盘
972,14:03:27,6.76,--,1530,1034280,卖盘
973,14:03:24,6.76,--,208,140608,卖盘
974,14:03:21,6.76,--,1528,1032928,卖盘
975,14:03:18,6.76,--,182,123032,卖盘
976,14:03:15,6.76,-0.01,18,12168,卖盘
977,14:03:12,6.77,--,282,190914,买盘
978,14:03:09,6.77,0.01,36,24372,买盘
979,14:03:06,6.76,--,17,11492,卖盘
980,14:03:03,6.76,--,110,74360,卖盘
981,14:03:00,6.76,--,1409,952484,卖盘
982,14:02:57,6.76,--,164,110864,卖盘
983,14:02:54,6.76,-0.01,1611,1089036,卖盘
984,14:02:51,6.77,0.01,42,28434,买盘
985,14:02:48,6.76,--,30,20280,卖盘
986,14:02:45,6.76,-0.01,149,100724,卖盘
987,14:02:42,6.77,0.01,410,277570,买盘
988,14:02:39,6.76,--,79,53404,卖盘
989,14:02:36,6.76,--,106,71656,卖盘
990,14:02:33,6.76,--,120,81120,卖盘
991,14:02:30,6.76,--,367,248092,卖盘
992,14:02:27,6.76,--,348,235248,卖盘
993,14:02:24,6.76,--,313,211588,卖盘
994,14:02:21,6.76,--,71,47996,卖盘
995,14:02:18,6.76,--,963,650988,卖盘
996,14:02:15,6.76,--,334,225784,卖盘
997,14:02:12,6.76,-0.01,512,346112,卖盘
998,14:02:09,6.77,0.01,25,16925,买盘
999,14:02:06,6.76,--,302,204152,卖盘
1000,14:02:00,6.76,--,170,114920,卖盘
1001,14:01:54,6.76,-0.01,80,54080,卖盘
1002,14:01:51,6.77,--,650,440050,买盘
1003,14:01:48,6.77,0.01,116,78532,买盘
1004,14:01:45,6.76,--,4,2704,卖盘
1005,14:01:42,6.76,-0.01,110,74360,卖盘
1006,14:01:39,6.77,0.01,97,65669,买盘
1007,14:01:36,6.76,-0.01,463,312988,卖盘
1008,14:01:33,6.77,0.01,4,2708,买盘
1009,14:01:30,6.76,--,66,44616,卖盘
1010,14:01:27,6.76,--,59,39884,卖盘
1011,14:01:24,6.76,--,79,53404,卖盘
1012,14:01:21,6.76,--,234,158184,卖盘
1013,14:01:18,6.76,-0.01,100,67600,卖盘
1014,14:01:15,6.77,--,161,108997,买盘
1015,14:01:12,6.77,--,27,18279,买盘
1016,14:01:09,6.77,0.01,857,580189,买盘
1017,14:01:06,6.76,--,411,277836,卖盘
1018,14:01:03,6.76,-0.01,116,78416,卖盘
1019,14:01:00,6.77,--,370,250489,买盘
1020,14:00:57,6.77,0.01,187,126598,买盘
1021,14:00:54,6.76,--,260,175760,卖盘
1022,14:00:51,6.76,--,168,113568,卖盘
1023,14:00:48,6.76,--,1511,1021436,卖盘
1024,14:00:45,6.76,-0.01,32,21632,卖盘
1025,14:00:42,6.77,--,19,12863,买盘
1026,14:00:39,6.77,0.01,37,25049,买盘
1027,14:00:36,6.76,-0.01,236,159536,卖盘
1028,14:00:33,6.77,0.01,114,77719,买盘
1029,14:00:30,6.76,-0.01,25,16900,卖盘
1030,14:00:27,6.77,--,76,51452,买盘
1031,14:00:21,6.77,--,27,18279,买盘
1032,14:00:18,6.77,--,357,241688,买盘
1033,14:00:15,6.77,--,466,315617,卖盘
1034,14:00:12,6.77,-0.01,1848,1251096,卖盘
1035,14:00:09,6.78,0.01,80,54240,买盘
1036,14:00:06,6.77,-0.01,90,60929,卖盘
1037,14:00:03,6.78,0.01,70,47460,买盘
1038,14:00:00,6.77,-0.01,44,29787,卖盘
1039,13:59:57,6.78,0.01,42,28476,买盘
1040,13:59:54,6.77,-0.01,15,10155,卖盘
1041,13:59:51,6.78,0.01,16,10848,买盘
1042,13:59:48,6.77,-0.01,25,16925,卖盘
1043,13:59:45,6.78,--,275,186450,买盘
1044,13:59:42,6.78,--,19,12882,买盘
1045,13:59:39,6.78,--,373,252894,买盘
1046,13:59:36,6.78,--,119,80682,买盘
1047,13:59:33,6.78,--,58,39324,买盘
1048,13:59:30,6.78,--,61,41358,买盘
1049,13:59:27,6.78,--,41,27798,买盘
1050,13:59:24,6.78,0.01,85,57630,买盘
1051,13:59:21,6.77,--,61,41297,卖盘
1052,13:59:18,6.77,-0.01,21,14217,卖盘
1053,13:59:15,6.78,--,3,2034,买盘
1054,13:59:12,6.78,0.01,7,4746,买盘
1055,13:59:09,6.77,-0.01,5,3385,卖盘
1056,13:59:06,6.78,--,22,14916,买盘
1057,13:59:03,6.78,--,70,47460,买盘
1058,13:59:00,6.78,--,66,44748,买盘
1059,13:58:57,6.78,--,6,4068,买盘
1060,13:58:51,6.78,0.01,6,4068,买盘
1061,13:58:48,6.77,-0.01,14,9478,卖盘
1062,13:58:45,6.78,--,24,16272,买盘
1063,13:58:42,6.78,--,20,13560,买盘
1064,13:58:39,6.78,0.01,804,545112,买盘
1065,13:58:36,6.77,--,20,13540,卖盘
1066,13:58:33,6.77,--,237,160449,卖盘
1067,13:58:30,6.77,-0.01,111,75147,卖盘
1068,13:58:27,6.78,--,2,1356,买盘
1069,13:58:21,6.78,--,250,169500,买盘
1070,13:58:18,6.78,--,3,2034,买盘
1071,13:58:15,6.78,0.01,120,81360,买盘
1072,13:58:12,6.77,--,9,6093,卖盘
1073,13:58:09,6.77,--,6,4061,卖盘
1074,13:58:06,6.77,--,448,303837,买盘
1075,13:58:03,6.77,--,5,3385,买盘
1076,13:58:00,6.77,--,21,14217,买盘
1077,13:57:57,6.77,--,256,173312,买盘
1078,13:57:54,6.77,--,261,176697,买盘
1079,13:57:51,6.77,--,114,77178,买盘
1080,13:57:48,6.77,-0.01,1307,884974,卖盘
1081,13:57:45,6.78,--,1,678,买盘
1082,13:57:42,6.78,0.01,42,28476,买盘
1083,13:57:39,6.77,-0.01,199,134723,卖盘
1084,13:57:36,6.78,0.01,29,19662,买盘
1085,13:57:33,6.77,-0.01,169,114954,卖盘
1086,13:57:30,6.78,0.01,144,97632,买盘
1087,13:57:27,6.77,--,6,4061,卖盘
1088,13:57:24,6.77,--,502,339854,卖盘
1089,13:57:21,6.77,--,10,6770,卖盘
1090,13:57:18,6.77,-0.01,31,20987,卖盘
1091,13:57:15,6.78,0.01,309,209502,买盘
1092,13:57:12,6.77,--,52,35204,卖盘
1093,13:57:09,6.77,0.01,368,249135,卖盘
1094,13:57:03,6.76,-0.01,1563,1056588,卖盘
1095,13:57:00,6.77,--,110,74470,买盘
1096,13:56:57,6.77,--,158,106966,买盘
1097,13:56:54,6.77,--,496,335792,买盘
1098,13:56:51,6.77,--,662,448174,买盘
1099,13:56:48,6.77,0.01,116,78532,买盘
1100,13:56:45,6.76,--,505,341380,卖盘
1101,13:56:42,6.76,-0.01,489,330564,卖盘
1102,13:56:39,6.77,--,125,84625,买盘
1103,13:56:36,6.77,--,65,44005,买盘
1104,13:56:33,6.77,--,80,54160,买盘
1105,13:56:30,6.77,--,110,74470,买盘
1106,13:56:27,6.77,--,66,44682,买盘
1107,13:56:24,6.77,--,3,2030,买盘
1108,13:56:21,6.77,--,1069,723713,买盘
1109,13:56:18,6.77,--,986,667522,买盘
1110,13:56:15,6.77,--,522,353394,买盘
1111,13:56:12,6.77,--,538,364226,买盘
1112,13:56:09,6.77,--,22,14893,买盘
1113,13:56:06,6.77,--,251,169927,买盘
1114,13:56:00,6.77,0.01,40,27080,买盘
1115,13:55:54,6.76,-0.01,34,22984,卖盘
1116,13:55:51,6.77,--,70,47390,买盘
1117,13:55:48,6.77,--,82,55514,买盘
1118,13:55:45,6.77,0.01,116,78532,买盘
1119,13:55:42,6.76,-0.01,384,259584,卖盘
1120,13:55:39,6.77,0.01,141,95457,买盘
1121,13:55:36,6.76,--,381,257556,卖盘
1122,13:55:33,6.76,-0.01,178,120328,卖盘
1123,13:55:30,6.77,0.01,42,28434,买盘
1124,13:55:27,6.76,--,200,135200,卖盘
1125,13:55:24,6.76,-0.01,50,33800,卖盘
1126,13:55:21,6.77,0.01,200,135400,买盘
1127,13:55:18,6.76,--,18,12168,卖盘
1128,13:55:15,6.76,-0.01,554,374504,卖盘
1129,13:55:12,6.77,--,864,585550,卖盘
1130,13:55:09,6.77,--,572,387244,卖盘
1131,13:55:06,6.77,--,332,224764,卖盘
1132,13:55:03,6.77,--,711,481346,卖盘
1133,13:55:00,6.77,-0.01,695,470514,卖盘
1134,13:54:57,6.78,0.01,5,3390,买盘
1135,13:54:54,6.77,--,812,549724,卖盘
1136,13:54:51,6.77,-0.01,141,95457,卖盘
1137,13:54:48,6.78,0.01,965,654270,买盘
1138,13:54:45,6.77,--,1205,815785,卖盘
1139,13:54:42,6.77,--,19,12863,卖盘
1140,13:54:39,6.77,--,2022,1368894,卖盘
1141,13:54:36,6.77,--,329,222733,卖盘
1142,13:54:33,6.77,--,952,644504,卖盘
1143,13:54:30,6.77,--,50,33850,卖盘
1144,13:54:27,6.77,--,164,111028,卖盘
1145,13:54:24,6.77,--,95,64314,卖盘
1146,13:54:21,6.77,--,464,314128,卖盘
1147,13:54:18,6.77,--,30,20310,卖盘
1148,13:54:15,6.77,--,107,72439,卖盘
1149,13:54:12,6.77,--,50,33850,卖盘
1150,13:54:09,6.77,-0.01,1501,1016176,卖盘
1151,13:54:06,6.78,--,41,27798,买盘
1152,13:54:03,6.78,0.01,2,1356,买盘
1153,13:54:00,6.77,-0.01,66,44682,卖盘
1154,13:53:57,6.78,0.01,177,120006,买盘
1155,13:53:54,6.77,--,1048,709496,卖盘
1156,13:53:51,6.77,--,325,220025,卖盘
1157,13:53:48,6.77,--,11,7446,卖盘
1158,13:53:45,6.77,--,3282,2221914,卖盘
1159,13:53:42,6.77,--,1,677,卖盘
1160,13:53:39,6.77,-0.01,422,285694,卖盘
1161,13:53:36,6.78,0.01,25,16950,买盘
1162,13:53:33,6.77,--,36,24372,卖盘
1163,13:53:30,6.77,-0.01,134,90718,卖盘
1164,13:53:27,6.78,0.01,854,579012,买盘
1165,13:53:21,6.77,-0.01,63,42651,卖盘
1166,13:53:18,6.78,0.01,108,73224,买盘
1167,13:53:15,6.77,--,41,27757,卖盘
1168,13:53:12,6.77,--,33,22341,卖盘
1169,13:53:09,6.77,-0.01,7,4739,卖盘
1170,13:53:06,6.78,0.01,32,21696,买盘
1171,13:53:03,6.77,-0.01,600,406200,卖盘
1172,13:52:57,6.78,--,11,7458,买盘
1173,13:52:54,6.78,--,21,14238,买盘
1174,13:52:51,6.78,--,2126,1441997,卖盘
1175,13:52:48,6.78,--,1035,701730,卖盘
1176,13:52:45,6.78,--,1875,1271250,卖盘
1177,13:52:39,6.78,-0.01,39,26442,卖盘
1178,13:52:36,6.79,--,15,10185,买盘
1179,13:52:33,6.79,0.01,3,2037,买盘
1180,13:52:30,6.78,-0.01,44,29832,卖盘
1181,13:52:27,6.79,0.01,776,526904,买盘
1182,13:52:21,6.78,-0.01,10,6780,卖盘
1183,13:52:18,6.79,--,50,33950,买盘
1184,13:52:12,6.79,--,3,2037,买盘
1185,13:52:09,6.79,0.01,31,21049,买盘
1186,13:52:03,6.78,-0.01,1,678,卖盘
1187,13:52:00,6.79,--,1,679,买盘
1188,13:51:54,6.79,--,2,1358,买盘
1189,13:51:51,6.79,--,50,33950,买盘
1190,13:51:48,6.79,--,11,7469,买盘
1191,13:51:42,6.79,0.01,3,2037,买盘
1192,13:51:39,6.78,--,133,90174,卖盘
1193,13:51:36,6.78,--,620,420360,卖盘
1194,13:51:33,6.78,-0.01,4,2712,卖盘
1195,13:51:30,6.79,--,40,27160,买盘
1196,13:51:24,6.79,--,2,1358,买盘
1197,13:51:21,6.79,--,22,14938,买盘
1198,13:51:18,6.79,0.01,10,6790,买盘
1199,13:51:12,6.78,-0.01,8,5424,卖盘
1200,13:51:06,6.79,--,13,8827,买盘
1201,13:51:00,6.79,0.01,723,490917,买盘
1202,13:50:57,6.78,--,41,27798,卖盘
1203,13:50:54,6.78,-0.01,260,176280,卖盘
1204,13:50:51,6.79,--,5,3395,买盘
1205,13:50:48,6.79,--,20,13580,买盘
1206,13:50:45,6.79,--,7,4753,买盘
1207,13:50:42,6.79,0.01,100,67900,买盘
1208,13:50:39,6.78,-0.01,22,14916,卖盘
1209,13:50:36,6.79,0.01,2,1358,买盘
1210,13:50:33,6.78,--,2,1356,卖盘
1211,13:50:30,6.78,-0.01,33,22374,卖盘
1212,13:50:24,6.79,--,6,4074,买盘
1213,13:50:21,6.79,--,5,3395,买盘
1214,13:50:18,6.79,0.01,45,30555,买盘
1215,13:50:15,6.78,-0.01,185,125430,卖盘
1216,13:50:12,6.79,0.01,11,7469,买盘
1217,13:50:09,6.78,-0.01,11,7458,卖盘
1218,13:50:06,6.79,0.01,346,234934,买盘
1219,13:50:03,6.78,--,40,27120,卖盘
1220,13:50:00,6.78,--,50,33900,卖盘
1221,13:49:54,6.78,--,78,52884,卖盘
1222,13:49:48,6.78,-0.01,8,5424,卖盘
1223,13:49:45,6.79,0.01,9,6111,买盘
1224,13:49:42,6.78,-0.01,120,81360,卖盘
1225,13:49:39,6.79,--,42,28518,买盘
1226,13:49:36,6.79,0.01,529,359191,买盘
1227,13:49:33,6.78,-0.01,2,1356,卖盘
1228,13:49:30,6.79,0.01,15,10185,买盘
1229,13:49:27,6.78,--,43,29154,卖盘
1230,13:49:24,6.78,-0.01,31,21018,卖盘
1231,13:49:18,6.79,0.01,35,23765,买盘
1232,13:49:12,6.78,-0.01,3,2034,卖盘
1233,13:49:09,6.79,0.01,11,7469,买盘
1234,13:49:06,6.78,--,21,14238,卖盘
1235,13:49:03,6.78,-0.01,120,81360,卖盘
1236,13:48:48,6.79,--,5,3395,买盘
1237,13:48:45,6.79,0.01,34,23086,买盘
1238,13:48:42,6.78,--,5,3390,卖盘
1239,13:48:39,6.78,-0.01,27,18306,卖盘
1240,13:48:36,6.79,0.01,60,40740,买盘
1241,13:48:33,6.78,-0.01,1,678,卖盘
1242,13:48:30,6.79,--,162,109998,买盘
1243,13:48:27,6.79,--,10,6790,买盘
1244,13:48:24,6.79,0.01,549,372771,买盘
1245,13:48:21,6.78,-0.01,267,181405,卖盘
1246,13:48:18,6.79,--,1,679,买盘
1247,13:48:12,6.79,0.01,3,2037,买盘
1248,13:48:09,6.78,-0.01,14,9492,卖盘
1249,13:48:03,6.79,--,18,12222,买盘
1250,13:47:57,6.79,--,63,42777,买盘
1251,13:47:54,6.79,--,4353,2955687,买盘
1252,13:47:51,6.79,--,5,3395,买盘
1253,13:47:45,6.79,--,7,4753,买盘
1254,13:47:42,6.79,0.01,101,68579,买盘
1255,13:47:39,6.78,-0.01,82,55596,卖盘
1256,13:47:36,6.79,--,23,15617,买盘
1257,13:47:33,6.79,--,80,54320,买盘
1258,13:47:30,6.79,--,69,46851,买盘
1259,13:47:27,6.79,-0.01,2628,1784412,卖盘
1260,13:47:21,6.8,0.01,1,680,买盘
1261,13:47:18,6.79,--,16,10864,卖盘
1262,13:47:15,6.79,-0.01,5,3395,卖盘
1263,13:47:09,6.8,0.01,31,21080,买盘
1264,13:47:06,6.79,--,8,5432,卖盘
1265,13:47:03,6.79,-0.01,100,67900,卖盘
1266,13:47:00,6.8,--,10,6800,买盘
1267,13:46:57,6.8,0.01,2,1360,买盘
1268,13:46:54,6.79,-0.01,52,35308,卖盘
1269,13:46:51,6.8,0.01,20,13600,买盘
1270,13:46:48,6.79,--,5,3395,卖盘
1271,13:46:39,6.79,--,23,15617,卖盘
1272,13:46:33,6.79,--,59,40061,卖盘
1273,13:46:30,6.79,-0.01,10,6790,卖盘
1274,13:46:27,6.8,--,10,6800,买盘
1275,13:46:21,6.8,--,31,21080,买盘
1276,13:46:18,6.8,--,2,1360,买盘
1277,13:46:15,6.8,--,40,27200,买盘
1278,13:46:09,6.8,--,3,2040,买盘
1279,13:46:06,6.8,0.01,26,17680,买盘
1280,13:46:03,6.79,-0.01,102,69258,卖盘
1281,13:45:57,6.8,0.01,25,17000,买盘
1282,13:45:54,6.79,-0.01,30,20370,卖盘
1283,13:45:51,6.8,0.01,8,5440,买盘
1284,13:45:45,6.79,--,1,679,卖盘
1285,13:45:42,6.79,--,25,16975,卖盘
1286,13:45:39,6.79,--,45,30555,卖盘
1287,13:45:36,6.79,--,24,16296,卖盘
1288,13:45:33,6.79,-0.01,5,3395,卖盘
1289,13:45:30,6.8,--,2,1360,买盘
1290,13:45:27,6.8,--,1,680,买盘
1291,13:45:21,6.8,0.01,9,6120,买盘
1292,13:45:18,6.79,--,92,62468,卖盘
1293,13:45:12,6.79,0.01,38,25802,买盘
1294,13:45:09,6.78,-0.01,2,1356,卖盘
1295,13:45:06,6.79,--,1926,1307754,买盘
1296,13:45:03,6.79,--,19,12901,买盘
1297,13:45:00,6.79,--,31,21049,买盘
1298,13:44:48,6.79,--,51,34629,买盘
1299,13:44:45,6.79,0.01,38,25802,买盘
1300,13:44:39,6.78,-0.01,22,14916,卖盘
1301,13:44:36,6.79,0.01,1,679,买盘
1302,13:44:33,6.78,--,34,23052,卖盘
1303,13:44:30,6.78,-0.01,1,678,卖盘
1304,13:44:24,6.79,--,59,40061,买盘
1305,13:44:21,6.79,--,30,20370,买盘
1306,13:44:18,6.79,--,60,40740,买盘
1307,13:44:15,6.79,--,5,3395,买盘
1308,13:44:12,6.79,--,9,6111,买盘
1309,13:44:09,6.79,0.01,29,19691,买盘
1310,13:44:06,6.78,-0.01,1,678,卖盘
1311,13:44:03,6.79,0.01,187,126973,买盘
1312,13:44:00,6.78,-0.01,11,7458,卖盘
1313,13:43:57,6.79,--,70,47530,买盘
1314,13:43:54,6.79,--,11,7469,买盘
1315,13:43:48,6.79,0.01,91,61789,买盘
1316,13:43:45,6.78,-0.01,139,94242,卖盘
1317,13:43:42,6.79,--,59,40061,买盘
1318,13:43:39,6.79,--,28,19012,买盘
1319,13:43:36,6.79,0.01,1,679,买盘
1320,13:43:33,6.78,--,32,21696,卖盘
1321,13:43:30,6.78,--,28,18984,卖盘
1322,13:43:27,6.78,-0.01,1002,679356,卖盘
1323,13:43:15,6.79,0.01,5,3395,买盘
1324,13:43:12,6.78,-0.01,106,71868,卖盘
1325,13:43:09,6.79,0.01,2,1358,买盘
1326,13:43:00,6.78,--,12,8136,卖盘
1327,13:42:57,6.78,-0.01,10,6780,卖盘
1328,13:42:51,6.79,--,9,6111,买盘
1329,13:42:48,6.79,--,40,27160,买盘
1330,13:42:45,6.79,--,3,2037,买盘
1331,13:42:42,6.79,--,2,1358,买盘
1332,13:42:39,6.79,0.01,42,28518,买盘
1333,13:42:33,6.78,-0.01,1,678,卖盘
1334,13:42:30,6.79,--,14,9506,买盘
1335,13:42:27,6.79,0.01,10,6790,买盘
1336,13:42:24,6.78,--,31,21018,卖盘
1337,13:42:21,6.78,-0.01,13,8814,卖盘
1338,13:42:15,6.79,0.01,2,1358,买盘
1339,13:42:12,6.78,--,3,2034,卖盘
1340,13:42:09,6.78,-0.01,5,3390,卖盘
1341,13:42:06,6.79,0.01,1,679,买盘
1342,13:42:03,6.78,-0.01,21,14238,卖盘
1343,13:42:00,6.79,--,167,113393,买盘
1344,13:41:57,6.79,--,70,47530,买盘
1345,13:41:54,6.79,--,70,47530,买盘
1346,13:41:51,6.79,--,20,13580,买盘
1347,13:41:48,6.79,--,20,13580,买盘
1348,13:41:45,6.79,--,5,3395,买盘
1349,13:41:42,6.79,--,1099,746221,卖盘
1350,13:41:39,6.79,--,44,29876,卖盘
1351,13:41:36,6.79,-0.01,32,21728,卖盘
1352,13:41:33,6.8,--,37,25160,买盘
1353,13:41:30,6.8,--,50,34000,买盘
1354,13:41:27,6.8,0.01,22,14960,买盘
1355,13:41:21,6.79,-0.01,35,23765,卖盘
1356,13:41:12,6.8,--,3,2040,买盘
1357,13:41:09,6.8,--,20,13600,买盘
1358,13:41:06,6.8,0.01,39,26520,买盘
1359,13:41:03,6.79,--,56,38024,卖盘
1360,13:41:00,6.79,-0.01,3007,2041753,卖盘
1361,13:40:57,6.8,--,89,60520,买盘
1362,13:40:54,6.8,--,24,16320,买盘
1363,13:40:51,6.8,--,27,18360,买盘
1364,13:40:48,6.8,--,2,1360,买盘
1365,13:40:42,6.8,0.01,22,14960,买盘
1366,13:40:39,6.79,--,53,35987,卖盘
1367,13:40:36,6.79,-0.01,332,225428,卖盘
1368,13:40:33,6.8,--,29,19720,买盘
1369,13:40:30,6.8,--,259,176120,买盘
1370,13:40:27,6.8,--,18,12240,买盘
1371,13:40:24,6.8,--,6,4080,买盘
1372,13:40:21,6.8,0.01,5,3400,买盘
1373,13:40:18,6.79,-0.01,37,25123,卖盘
1374,13:40:15,6.8,--,3,2040,买盘
1375,13:40:12,6.8,--,30,20400,买盘
1376,13:40:09,6.8,--,195,132600,买盘
1377,13:40:06,6.8,--,16,10880,买盘
1378,13:40:03,6.8,--,125,85000,买盘
1379,13:40:00,6.8,--,44,29920,买盘
1380,13:39:54,6.8,--,11,7480,买盘
1381,13:39:42,6.8,0.01,71,48280,买盘
1382,13:39:39,6.79,--,34,23086,卖盘
1383,13:39:36,6.79,-0.01,15,10185,卖盘
1384,13:39:33,6.8,--,144,97920,买盘
1385,13:39:30,6.8,--,3,2040,买盘
1386,13:39:27,6.8,--,5,3400,买盘
1387,13:39:24,6.8,--,68,46240,买盘
1388,13:39:21,6.8,--,122,82960,买盘
1389,13:39:15,6.8,--,19,12920,买盘
1390,13:39:12,6.8,0.01,2,1360,买盘
1391,13:39:09,6.79,--,30,20370,卖盘
1392,13:39:03,6.79,-0.01,37,25123,卖盘
1393,13:38:57,6.8,--,15,10200,买盘
1394,13:38:54,6.8,--,23,15640,买盘
1395,13:38:51,6.8,--,143,97240,买盘
1396,13:38:48,6.8,--,74,50320,买盘
1397,13:38:45,6.8,--,21,14280,买盘
1398,13:38:39,6.8,--,23,15640,买盘
1399,13:38:36,6.8,--,10,6800,买盘
1400,13:38:33,6.8,0.01,75,51000,买盘
1401,13:38:30,6.79,-0.01,100,67900,卖盘
1402,13:38:27,6.8,--,128,87040,买盘
1403,13:38:24,6.8,--,107,72760,买盘
1404,13:38:18,6.8,--,15,10200,买盘
1405,13:38:12,6.8,--,32,21760,买盘
1406,13:38:09,6.8,0.01,133,90440,买盘
1407,13:38:06,6.79,-0.01,155,105245,卖盘
1408,13:38:03,6.8,--,4,2720,买盘
1409,13:38:00,6.8,--,55,37400,买盘
1410,13:37:57,6.8,--,35,23800,买盘
1411,13:37:51,6.8,0.01,5,3400,买盘
1412,13:37:48,6.79,-0.01,659,447461,卖盘
1413,13:37:45,6.8,--,6,4080,买盘
1414,13:37:42,6.8,--,13,8840,买盘
1415,13:37:39,6.8,--,46,31280,买盘
1416,13:37:36,6.8,0.01,14,9520,买盘
1417,13:37:33,6.79,-0.01,20,13580,卖盘
1418,13:37:30,6.8,--,11,7480,买盘
1419,13:37:27,6.8,0.01,6,4080,买盘
1420,13:37:24,6.79,-0.01,133,90307,卖盘
1421,13:37:21,6.8,--,10,6800,买盘
1422,13:37:18,6.8,--,482,327760,买盘
1423,13:37:12,6.8,--,771,524280,买盘
1424,13:37:09,6.8,--,39,26520,买盘
1425,13:37:03,6.8,0.01,28,19040,买盘
1426,13:36:57,6.79,--,5,3395,卖盘
1427,13:36:54,6.79,-0.01,19,12901,卖盘
1428,13:36:48,6.8,--,75,51000,买盘
1429,13:36:42,6.8,--,13,8840,买盘
1430,13:36:39,6.8,--,29,19720,买盘
1431,13:36:36,6.8,--,59,40120,买盘
1432,13:36:30,6.8,--,10,6800,买盘
1433,13:36:27,6.8,0.01,4,2720,买盘
1434,13:36:24,6.79,-0.01,25,16975,卖盘
1435,13:36:18,6.8,0.01,84,57120,买盘
1436,13:36:15,6.79,-0.01,13,8827,卖盘
1437,13:36:12,6.8,--,20,13600,买盘
1438,13:36:06,6.8,--,2,1360,买盘
1439,13:36:03,6.8,--,2,1360,买盘
1440,13:36:00,6.8,0.01,7,4760,买盘
1441,13:35:57,6.79,-0.01,6,4074,卖盘
1442,13:35:54,6.8,--,7,4760,买盘
1443,13:35:51,6.8,--,6,4080,买盘
1444,13:35:45,6.8,0.01,307,208760,买盘
1445,13:35:42,6.79,--,62,42098,卖盘
1446,13:35:39,6.79,--,23,15617,卖盘
1447,13:35:33,6.79,-0.01,1,679,卖盘
1448,13:35:30,6.8,--,4,2720,买盘
1449,13:35:27,6.8,--,159,108120,买盘
1450,13:35:21,6.8,0.01,565,384200,买盘
1451,13:35:18,6.79,-0.01,62,42098,卖盘
1452,13:35:12,6.8,--,11,7480,买盘
1453,13:35:09,6.8,--,29,19720,买盘
1454,13:35:06,6.8,--,53,36040,买盘
1455,13:35:03,6.8,--,121,82280,买盘
1456,13:35:00,6.8,--,55,37400,买盘
1457,13:34:57,6.8,--,15,10200,买盘
1458,13:34:51,6.8,--,13,8840,买盘
1459,13:34:48,6.8,0.01,222,150960,买盘
1460,13:34:45,6.79,--,309,209811,卖盘
1461,13:34:42,6.79,-0.01,1017,690543,卖盘
1462,13:34:39,6.8,0.01,322,218960,买盘
1463,13:34:36,6.79,-0.01,30,20370,卖盘
1464,13:34:33,6.8,0.01,42,28560,买盘
1465,13:34:30,6.79,-0.01,129,87591,卖盘
1466,13:34:27,6.8,--,8,5440,买盘
1467,13:34:18,6.8,0.01,17,11560,买盘
1468,13:34:06,6.79,--,2226,1511481,买盘
1469,13:34:03,6.79,--,1,679,买盘
1470,13:33:57,6.79,--,30,20370,买盘
1471,13:33:51,6.79,--,23,15617,买盘
1472,13:33:48,6.79,--,5,3395,买盘
1473,13:33:45,6.79,--,163,111084,买盘
1474,13:33:42,6.79,--,20,13580,买盘
1475,13:33:39,6.79,--,57,38703,买盘
1476,13:33:33,6.79,0.01,13,8827,买盘
1477,13:33:30,6.78,-0.01,120,81360,卖盘
1478,13:33:27,6.79,--,5,3395,买盘
1479,13:33:24,6.79,--,2001,1358679,买盘
1480,13:33:21,6.79,0.01,20,13580,买盘
1481,13:33:18,6.78,-0.01,31,21018,卖盘
1482,13:33:15,6.79,--,10,6790,买盘
1483,13:33:12,6.79,0.01,11,7469,买盘
1484,13:33:09,6.78,-0.01,124,84072,卖盘
1485,13:33:06,6.79,--,51,34629,买盘
1486,13:33:03,6.79,0.01,234,158886,买盘
1487,13:33:00,6.78,--,54,36612,卖盘
1488,13:32:57,6.78,-0.01,112,75936,卖盘
1489,13:32:54,6.79,0.01,10,6790,买盘
1490,13:32:48,6.78,-0.01,637,431886,卖盘
1491,13:32:42,6.79,0.01,30,20370,买盘
1492,13:32:39,6.78,--,79,53562,卖盘
1493,13:32:36,6.78,--,26,17628,卖盘
1494,13:32:33,6.78,-0.01,22,14916,卖盘
1495,13:32:30,6.79,0.01,10,6790,买盘
1496,13:32:27,6.78,-0.01,112,75936,卖盘
1497,13:32:24,6.79,--,48,32592,买盘
1498,13:32:21,6.79,--,9,6111,买盘
1499,13:32:18,6.79,--,134,90986,买盘
1500,13:32:12,6.79,0.01,2,1358,买盘
1501,13:32:09,6.78,--,135,91530,卖盘
1502,13:32:06,6.78,-0.01,39,26442,卖盘
1503,13:32:03,6.79,--,32,21728,买盘
1504,13:32:00,6.79,--,10,6790,买盘
1505,13:31:57,6.79,--,216,146664,买盘
1506,13:31:54,6.79,--,5,3395,买盘
1507,13:31:51,6.79,--,11,7469,买盘
1508,13:31:42,6.79,--,20,13580,买盘
1509,13:31:39,6.79,0.01,22,14938,买盘
1510,13:31:36,6.78,-0.01,523,354594,卖盘
1511,13:31:33,6.79,0.01,162,109998,买盘
1512,13:31:30,6.78,--,5,3390,卖盘
1513,13:31:27,6.78,--,371,251538,卖盘
1514,13:31:24,6.78,--,1,678,卖盘
1515,13:31:21,6.78,-0.01,50,33900,卖盘
1516,13:31:18,6.79,0.01,3,2037,买盘
1517,13:31:15,6.78,--,40,27120,卖盘
1518,13:31:12,6.78,-0.01,58,39324,卖盘
1519,13:31:09,6.79,--,1,679,买盘
1520,13:31:06,6.79,--,20,13580,买盘
1521,13:31:03,6.79,--,63,42777,买盘
1522,13:31:00,6.79,0.01,34,23086,买盘
1523,13:30:57,6.78,--,133,90174,卖盘
1524,13:30:54,6.78,--,21,14238,卖盘
1525,13:30:51,6.78,-0.01,70,47460,卖盘
1526,13:30:48,6.79,0.01,50,33950,买盘
1527,13:30:45,6.78,--,58,39324,卖盘
1528,13:30:42,6.78,--,10,6780,卖盘
1529,13:30:39,6.78,-0.01,84,56952,卖盘
1530,13:30:36,6.79,0.01,50,33950,买盘
1531,13:30:33,6.78,--,1400,949200,卖盘
1532,13:30:27,6.78,-0.01,86,58308,卖盘
1533,13:30:24,6.79,--,35,23765,买盘
1534,13:30:21,6.79,--,40,27160,买盘
1535,13:30:18,6.79,0.01,66,44814,买盘
1536,13:30:15,6.78,-0.01,40,27120,卖盘
1537,13:30:12,6.79,--,178,120862,买盘
1538,13:30:09,6.79,0.01,83,56357,买盘
1539,13:30:06,6.78,-0.01,528,357984,卖盘
1540,13:30:03,6.79,0.01,275,186725,买盘
1541,13:29:57,6.78,--,8,5424,卖盘
1542,13:29:54,6.78,--,100,67800,卖盘
1543,13:29:51,6.78,--,59,40002,买盘
1544,13:29:48,6.78,--,110,74580,买盘
1545,13:29:45,6.78,--,62,42036,买盘
1546,13:29:42,6.78,--,431,292218,买盘
1547,13:29:39,6.78,--,198,134244,买盘
1548,13:29:36,6.78,--,288,195264,买盘
1549,13:29:33,6.78,0.01,488,330864,买盘
1550,13:29:30,6.77,-0.01,22,14893,卖盘
1551,13:29:27,6.78,0.01,608,412224,买盘
1552,13:29:24,6.77,-0.01,605,409585,卖盘
1553,13:29:21,6.78,--,87,58986,买盘
1554,13:29:18,6.78,--,616,417648,买盘
1555,13:29:12,6.78,--,26,17628,买盘
1556,13:29:09,6.78,--,128,86784,买盘
1557,13:29:06,6.78,--,1,678,买盘
1558,13:29:03,6.78,0.01,13,8814,买盘
1559,13:29:00,6.77,-0.01,480,324960,卖盘
1560,13:28:57,6.78,0.01,69,46782,买盘
1561,13:28:54,6.77,--,59,39943,卖盘
1562,13:28:51,6.77,-0.01,80,54160,卖盘
1563,13:28:48,6.78,--,100,67800,买盘
1564,13:28:45,6.78,--,5,3390,买盘
1565,13:28:42,6.78,--,83,56274,买盘
1566,13:28:39,6.78,--,127,86106,买盘
1567,13:28:36,6.78,--,25,16950,买盘
1568,13:28:33,6.78,--,219,148482,买盘
1569,13:28:30,6.78,0.01,53,35934,买盘
1570,13:28:27,6.77,-0.01,306,207162,卖盘
1571,13:28:24,6.78,--,60,40680,买盘
1572,13:28:18,6.78,--,72,48816,买盘
1573,13:28:15,6.78,--,704,477312,买盘
1574,13:28:12,6.78,0.01,33,22374,买盘
1575,13:28:09,6.77,-0.01,412,278924,卖盘
1576,13:28:06,6.78,--,31,21018,买盘
1577,13:28:03,6.78,--,70,47460,买盘
1578,13:28:00,6.78,--,343,232554,买盘
1579,13:27:57,6.78,--,1280,867840,买盘
1580,13:27:54,6.78,--,20,13560,买盘
1581,13:27:51,6.78,--,29,19662,买盘
1582,13:27:48,6.78,--,135,91530,买盘
1583,13:27:45,6.78,--,502,340356,买盘
1584,13:27:42,6.78,0.01,100,67800,买盘
1585,13:27:39,6.77,--,48,32495,卖盘
1586,13:27:36,6.77,-0.01,549,371673,卖盘
1587,13:27:33,6.78,0.01,59,40002,买盘
1588,13:27:30,6.77,-0.01,1,677,卖盘
1589,13:27:27,6.78,--,13,8814,买盘
1590,13:27:24,6.78,--,5,3390,买盘
1591,13:27:21,6.78,0.01,36,24408,买盘
1592,13:27:18,6.77,-0.01,69,46713,卖盘
1593,13:27:15,6.78,--,913,619014,卖盘
1594,13:27:12,6.78,--,3030,2054340,卖盘
1595,13:27:09,6.78,--,2,1356,卖盘
1596,13:27:06,6.78,--,12,8136,卖盘
1597,13:27:03,6.78,--,303,205434,卖盘
1598,13:26:54,6.78,--,214,145092,卖盘
1599,13:26:51,6.78,--,5,3390,卖盘
1600,13:26:48,6.78,--,1164,789192,买盘
1601,13:26:45,6.78,--,510,345780,买盘
1602,13:26:42,6.78,0.01,271,183738,买盘
1603,13:26:39,6.77,-0.01,188,127275,卖盘
1604,13:26:36,6.78,--,157,106446,买盘
1605,13:26:33,6.78,--,16,10848,买盘
1606,13:26:30,6.78,--,1662,1126836,卖盘
1607,13:26:27,6.78,-0.01,13,8814,卖盘
1608,13:26:24,6.79,0.01,1,679,买盘
1609,13:26:21,6.78,--,2,1356,卖盘
1610,13:26:18,6.78,--,20,13560,卖盘
1611,13:26:15,6.78,--,41,27798,买盘
1612,13:26:12,6.78,--,25,16950,买盘
1613,13:26:09,6.78,--,43,29154,买盘
1614,13:26:06,6.78,--,387,262386,买盘
1615,13:26:03,6.78,--,33,22374,买盘
1616,13:26:00,6.78,--,27,18306,买盘
1617,13:25:57,6.78,--,2433,1649574,买盘
1618,13:25:54,6.78,--,54,36612,买盘
1619,13:25:51,6.78,--,5,3390,买盘
1620,13:25:48,6.78,--,10,6780,买盘
1621,13:25:45,6.78,-0.01,2278,1544484,卖盘
1622,13:25:42,6.79,0.01,10,6790,买盘
1623,13:25:39,6.78,--,2072,1404816,卖盘
1624,13:25:36,6.78,-0.01,9,6102,卖盘
1625,13:25:30,6.79,--,5,3395,买盘
1626,13:25:21,6.79,--,95,64505,买盘
1627,13:25:18,6.79,0.01,10,6790,买盘
1628,13:25:12,6.78,--,31,21018,卖盘
1629,13:25:09,6.78,--,5,3390,卖盘
1630,13:25:06,6.78,-0.01,3,2034,卖盘
1631,13:25:03,6.79,0.01,11,7469,买盘
1632,13:25:00,6.78,--,38,25764,卖盘
1633,13:24:57,6.78,--,4,2712,卖盘
1634,13:24:54,6.78,--,457,309846,卖盘
1635,13:24:51,6.78,-0.01,22,14916,卖盘
1636,13:24:48,6.79,0.01,16,10864,买盘
1637,13:24:45,6.78,-0.01,29,19662,卖盘
1638,13:24:42,6.79,0.01,17,11543,买盘
1639,13:24:39,6.78,-0.01,501,339678,卖盘
1640,13:24:36,6.79,--,2030,1378370,买盘
1641,13:24:33,6.79,0.01,20,13580,买盘
1642,13:24:30,6.78,-0.01,77,52206,卖盘
1643,13:24:15,6.79,--,50,34601,卖盘
1644,13:24:12,6.79,--,1,706,买盘
1645,13:24:09,6.79,--,118,80773,卖盘
1646,13:24:06,6.79,0.01,114,77433,买盘
1647,13:24:03,6.78,-0.01,2000,1356000,卖盘
1648,13:24:00,6.79,--,32,21728,买盘
1649,13:23:57,6.79,0.01,200,135800,买盘
1650,13:23:51,6.78,--,40,27120,卖盘
1651,13:23:42,6.78,--,26,17628,卖盘
1652,13:23:39,6.78,-0.01,62,42036,卖盘
1653,13:23:36,6.79,--,122,83489,卖盘
1654,13:23:33,6.79,--,51,34629,卖盘
1655,13:23:30,6.79,--,2,1358,卖盘
1656,13:23:27,6.79,--,150,101850,卖盘
1657,13:23:24,6.79,--,8,5432,卖盘
1658,13:23:21,6.79,--,50,33950,卖盘
1659,13:23:09,6.79,0.01,344,233603,买盘
1660,13:23:06,6.78,-0.01,128,86784,卖盘
1661,13:23:03,6.79,--,1,679,买盘
1662,13:23:00,6.79,--,2,1358,买盘
1663,13:22:57,6.79,--,139,94381,买盘
1664,13:22:51,6.79,--,42,28518,买盘
1665,13:22:45,6.79,--,10,6790,买盘
1666,13:22:42,6.79,--,23,15617,买盘
1667,13:22:39,6.79,--,62,42098,买盘
1668,13:22:36,6.79,--,2,1358,买盘
1669,13:22:30,6.79,0.01,558,378882,买盘
1670,13:22:27,6.78,--,1005,681390,卖盘
1671,13:22:24,6.78,-0.01,1410,955980,卖盘
1672,13:22:21,6.79,0.01,21,14259,买盘
1673,13:22:18,6.78,--,16,10848,卖盘
1674,13:22:15,6.78,--,67,45426,卖盘
1675,13:22:12,6.78,-0.01,126,85428,卖盘
1676,13:22:09,6.79,0.01,62,42098,买盘
1677,13:22:06,6.78,-0.01,75,50850,卖盘
1678,13:22:03,6.79,--,1,679,买盘
1679,13:22:00,6.79,--,605,410795,买盘
1680,13:21:57,6.79,--,7,4753,买盘
1681,13:21:54,6.79,--,10,6790,买盘
1682,13:21:51,6.79,--,52,35308,买盘
1683,13:21:48,6.79,--,25,16975,买盘
1684,13:21:45,6.79,0.01,36,24444,买盘
1685,13:21:42,6.78,--,70,47460,卖盘
1686,13:21:39,6.78,-0.01,22,14916,卖盘
1687,13:21:36,6.79,0.01,10,6790,买盘
1688,13:21:33,6.78,-0.01,27,18306,卖盘
1689,13:21:30,6.79,0.01,40,27160,买盘
1690,13:21:27,6.78,--,30,20340,卖盘
1691,13:21:21,6.78,--,1,678,卖盘
1692,13:21:18,6.78,-0.01,97,65766,卖盘
1693,13:21:15,6.79,--,12,8148,买盘
1694,13:21:09,6.79,-0.01,4044,2746527,卖盘
1695,13:21:06,6.8,--,20,13600,买盘
1696,13:21:00,6.8,--,501,340680,买盘
1697,13:20:57,6.8,--,15,10200,买盘
1698,13:20:51,6.8,--,10,6800,买盘
1699,13:20:48,6.8,--,3,2040,买盘
1700,13:20:45,6.8,0.01,10,6800,买盘
1701,13:20:42,6.79,--,12,8148,卖盘
1702,13:20:39,6.79,-0.01,148,100492,卖盘
1703,13:20:36,6.8,--,18,12240,买盘
1704,13:20:33,6.8,--,2,1360,买盘
1705,13:20:30,6.8,--,26,17680,买盘
1706,13:20:27,6.8,--,115,78200,买盘
1707,13:20:24,6.8,--,508,345440,买盘
1708,13:20:21,6.8,--,10,6800,买盘
1709,13:20:18,6.8,--,97,65960,买盘
1710,13:20:12,6.8,--,649,441320,买盘
1711,13:20:09,6.8,0.01,5,3400,买盘
1712,13:20:06,6.79,-0.01,42,28518,卖盘
1713,13:20:03,6.8,--,1003,682040,买盘
1714,13:20:00,6.8,--,5,3400,买盘
1715,13:19:54,6.8,--,5,3400,买盘
1716,13:19:51,6.8,--,181,123080,买盘
1717,13:19:42,6.8,0.01,79,53720,买盘
1718,13:19:39,6.79,--,23,15617,卖盘
1719,13:19:36,6.79,-0.01,1,679,卖盘
1720,13:19:33,6.8,0.01,45,30600,买盘
1721,13:19:30,6.79,--,22,14938,卖盘
1722,13:19:27,6.79,-0.01,7,4753,卖盘
1723,13:19:15,6.8,--,307,208760,买盘
1724,13:19:09,6.8,--,26,17680,买盘
1725,13:19:00,6.8,--,12,8160,买盘
1726,13:18:57,6.8,0.01,20,13600,买盘
1727,13:18:54,6.79,--,42,28518,卖盘
1728,13:18:51,6.79,-0.01,2,1358,卖盘
1729,13:18:45,6.8,--,43,29240,买盘
1730,13:18:42,6.8,0.01,39,26520,买盘
1731,13:18:39,6.79,-0.01,62,42098,卖盘
1732,13:18:33,6.8,0.01,1,680,买盘
1733,13:18:27,6.79,--,936,635544,卖盘
1734,13:18:24,6.79,-0.01,148,100492,卖盘
1735,13:18:21,6.8,--,22,14960,买盘
1736,13:18:15,6.8,0.01,479,325720,买盘
1737,13:18:12,6.79,-0.01,66,44814,卖盘
1738,13:18:09,6.8,0.01,3,2040,买盘
1739,13:18:06,6.79,-0.01,1,679,卖盘
1740,13:18:03,6.8,--,1,680,买盘
1741,13:18:00,6.8,0.01,7,4760,买盘
1742,13:17:57,6.79,-0.01,467,317093,卖盘
1743,13:17:54,6.8,--,8,5440,买盘
1744,13:17:51,6.8,--,10,6800,买盘
1745,13:17:45,6.8,0.01,20,13600,买盘
1746,13:17:42,6.79,--,52,35308,卖盘
1747,13:17:39,6.79,--,43,29197,卖盘
1748,13:17:36,6.79,--,1,679,卖盘
1749,13:17:33,6.79,-0.01,222,150738,卖盘
1750,13:17:27,6.8,0.01,10,6800,买盘
1751,13:17:15,6.79,--,17,11543,卖盘
1752,13:17:12,6.79,-0.01,110,74690,卖盘
1753,13:17:09,6.8,0.01,10,6800,买盘
1754,13:17:06,6.79,-0.01,9,6111,卖盘
1755,13:17:03,6.8,--,84,57120,买盘
1756,13:16:54,6.8,--,72,48960,买盘
1757,13:16:51,6.8,--,41,27880,买盘
1758,13:16:48,6.8,--,1,680,买盘
1759,13:16:45,6.8,--,5,3400,买盘
1760,13:16:42,6.8,--,59,40120,买盘
1761,13:16:39,6.8,--,23,15640,买盘
1762,13:16:36,6.8,--,40,27200,买盘
1763,13:16:33,6.8,--,31,21080,买盘
1764,13:16:30,6.8,0.01,50,34000,买盘
1765,13:16:27,6.79,--,114,77406,卖盘
1766,13:16:24,6.79,--,25,16975,卖盘
1767,13:16:21,6.79,-0.01,85,57715,卖盘
1768,13:16:18,6.8,--,43,29240,买盘
1769,13:16:15,6.8,0.01,1,680,买盘
1770,13:16:12,6.79,-0.01,40,27160,卖盘
1771,13:16:09,6.8,0.01,73,49640,买盘
1772,13:16:06,6.79,--,1,679,卖盘
1773,13:16:03,6.79,-0.01,6,4074,卖盘
1774,13:16:00,6.8,0.01,2,1360,买盘
1775,13:15:57,6.79,-0.01,6,4074,卖盘
1776,13:15:54,6.8,0.01,4,2720,买盘
1777,13:15:51,6.79,-0.01,37,25123,卖盘
1778,13:15:45,6.8,--,10,6800,买盘
1779,13:15:42,6.8,0.01,7,4760,买盘
1780,13:15:39,6.79,-0.01,532,361228,卖盘
1781,13:15:33,6.8,--,74,50320,买盘
1782,13:15:30,6.8,--,80,54400,买盘
1783,13:15:24,6.8,0.01,16,10880,买盘
1784,13:15:18,6.79,--,74,50246,卖盘
1785,13:15:15,6.79,--,5,3395,卖盘
1786,13:15:12,6.79,--,39,26481,卖盘
1787,13:15:09,6.79,-0.01,1332,904428,卖盘
1788,13:15:03,6.8,--,100,68000,买盘
1789,13:15:00,6.8,--,12,8160,买盘
1790,13:14:54,6.8,--,1,680,买盘
1791,13:14:48,6.8,0.01,2,1360,买盘
1792,13:14:45,6.79,--,13,8827,卖盘
1793,13:14:42,6.79,--,56,38024,卖盘
1794,13:14:39,6.79,-0.01,22,14938,卖盘
1795,13:14:36,6.8,--,4,2720,买盘
1796,13:14:33,6.8,--,2,1360,买盘
1797,13:14:30,6.8,--,12,8160,买盘
1798,13:14:24,6.8,--,651,442680,买盘
1799,13:14:21,6.8,--,20,13600,买盘
1800,13:14:18,6.8,0.01,5,3400,买盘
1801,13:14:15,6.79,-0.01,20,13580,卖盘
1802,13:14:12,6.8,0.01,20,13600,买盘
1803,13:14:06,6.79,-0.01,19,12901,卖盘
1804,13:14:03,6.8,0.01,74,50320,买盘
1805,13:14:00,6.79,--,123,83517,卖盘
1806,13:13:57,6.79,-0.01,226,153454,卖盘
1807,13:13:54,6.8,--,36,24480,买盘
1808,13:13:51,6.8,--,53,36040,买盘
1809,13:13:45,6.8,0.01,12,8160,买盘
1810,13:13:39,6.79,--,86,58394,卖盘
1811,13:13:36,6.79,--,61,41419,卖盘
1812,13:13:33,6.79,-0.01,20,13580,卖盘
1813,13:13:30,6.8,--,100,68000,买盘
1814,13:13:27,6.8,--,7,4760,买盘
1815,13:13:24,6.8,--,5,3400,买盘
1816,13:13:21,6.8,0.01,1,680,买盘
1817,13:13:18,6.79,-0.01,75,50925,卖盘
1818,13:13:12,6.8,--,10,6800,买盘
1819,13:13:09,6.8,0.01,50,34000,买盘
1820,13:13:06,6.79,--,100,67900,卖盘
1821,13:13:03,6.79,--,33,22407,卖盘
1822,13:13:00,6.79,--,100,67900,卖盘
1823,13:12:54,6.79,-0.01,173,117467,卖盘
1824,13:12:51,6.8,--,12,8160,买盘
1825,13:12:48,6.8,--,23,15640,买盘
1826,13:12:45,6.8,--,53,36040,买盘
1827,13:12:39,6.8,0.01,198,134640,买盘
1828,13:12:33,6.79,--,2,1358,卖盘
1829,13:12:24,6.79,-0.01,30,20370,卖盘
1830,13:12:18,6.8,--,2,1360,买盘
1831,13:12:15,6.8,--,11,7480,买盘
1832,13:12:12,6.8,--,5,3400,买盘
1833,13:12:09,6.8,0.01,1,680,买盘
1834,13:12:06,6.79,--,1,679,卖盘
1835,13:12:03,6.79,-0.01,1,679,卖盘
1836,13:12:00,6.8,--,10,6800,买盘
1837,13:11:57,6.8,0.01,63,42840,买盘
1838,13:11:51,6.79,-0.01,173,117467,卖盘
1839,13:11:48,6.8,--,1,680,买盘
1840,13:11:45,6.8,0.01,230,156400,买盘
1841,13:11:42,6.79,-0.01,403,273637,卖盘
1842,13:11:39,6.8,--,706,480080,买盘
1843,13:11:36,6.8,--,2,1360,买盘
1844,13:11:33,6.8,0.01,17,11560,买盘
1845,13:11:30,6.79,-0.01,41,27839,卖盘
1846,13:11:24,6.8,--,5,3400,买盘
1847,13:11:21,6.8,--,8,5440,买盘
1848,13:11:18,6.8,0.01,20,13600,买盘
1849,13:11:15,6.79,--,8,5432,卖盘
1850,13:11:03,6.79,-0.01,9,6111,卖盘
1851,13:10:57,6.8,--,60,40800,买盘
1852,13:10:54,6.8,0.01,14,9520,买盘
1853,13:10:48,6.79,--,6,4074,卖盘
1854,13:10:45,6.79,--,3,2037,卖盘
1855,13:10:42,6.79,--,51,34629,卖盘
1856,13:10:39,6.79,-0.01,138,93702,卖盘
1857,13:10:36,6.8,0.01,22,14960,买盘
1858,13:10:33,6.79,-0.01,94,63826,卖盘
1859,13:10:30,6.8,--,76,51680,买盘
1860,13:10:24,6.8,--,75,51000,买盘
1861,13:10:18,6.8,--,866,588880,买盘
1862,13:10:15,6.8,--,40,27825,买盘
1863,13:10:12,6.8,--,23,15640,买盘
1864,13:10:06,6.8,--,15,10200,买盘
1865,13:10:03,6.8,0.01,6,4080,买盘
1866,13:10:00,6.79,-0.01,7,4753,卖盘
1867,13:09:54,6.8,--,1,680,买盘
1868,13:09:51,6.8,--,671,456280,买盘
1869,13:09:48,6.8,0.01,9,6120,买盘
1870,13:09:45,6.79,--,211,143269,卖盘
1871,13:09:39,6.79,-0.01,27,18333,卖盘
1872,13:09:36,6.8,--,10,6800,买盘
1873,13:09:33,6.8,--,5,3400,买盘
1874,13:09:30,6.8,--,863,586840,买盘
1875,13:09:21,6.8,0.01,9,6120,买盘
1876,13:09:18,6.79,-0.01,62,42098,卖盘
1877,13:09:15,6.8,--,6,4080,买盘
1878,13:09:12,6.8,--,30,20400,买盘
1879,13:09:09,6.8,--,10,6800,买盘
1880,13:09:06,6.8,0.01,1,680,买盘
1881,13:09:03,6.79,-0.01,30,20370,卖盘
1882,13:08:57,6.8,--,10,6800,买盘
1883,13:08:54,6.8,--,100,68000,买盘
1884,13:08:51,6.8,--,179,121720,买盘
1885,13:08:48,6.8,--,717,487560,买盘
1886,13:08:45,6.8,--,5,3400,买盘
1887,13:08:42,6.8,--,3,2040,买盘
1888,13:08:39,6.8,0.01,108,73440,买盘
1889,13:08:36,6.79,-0.01,514,349006,卖盘
1890,13:08:33,6.8,0.01,30,20400,买盘
1891,13:08:30,6.79,-0.01,17,11543,卖盘
1892,13:08:27,6.8,--,15,10200,买盘
1893,13:08:18,6.8,0.01,100,68000,买盘
1894,13:08:15,6.79,-0.01,120,81480,卖盘
1895,13:08:12,6.8,--,21,14280,买盘
1896,13:08:09,6.8,0.01,46,31280,买盘
1897,13:08:06,6.79,-0.01,45,30555,卖盘
1898,13:08:03,6.8,--,259,176120,买盘
1899,13:08:00,6.8,0.01,20,13600,买盘
1900,13:07:57,6.79,-0.01,11,7469,卖盘
1901,13:07:54,6.8,--,10,6800,买盘
1902,13:07:48,6.8,--,200,136000,买盘
1903,13:07:45,6.8,--,64,43520,买盘
1904,13:07:39,6.8,0.01,25,17000,买盘
1905,13:07:36,6.79,--,22,14938,卖盘
1906,13:07:33,6.79,--,328,222712,卖盘
1907,13:07:24,6.79,-0.01,20,13580,卖盘
1908,13:07:21,6.8,--,2,1360,买盘
1909,13:07:18,6.8,0.01,47,31960,买盘
1910,13:07:15,6.79,-0.01,6,4074,卖盘
1911,13:07:12,6.8,--,7,4760,买盘
1912,13:07:06,6.8,--,150,102000,买盘
1913,13:07:00,6.8,0.01,40,27200,买盘
1914,13:06:54,6.79,-0.01,23,15617,卖盘
1915,13:06:45,6.8,--,10,6800,买盘
1916,13:06:42,6.8,0.01,30,20400,买盘
1917,13:06:39,6.79,-0.01,22,14938,卖盘
1918,13:06:36,6.8,0.01,26,17680,买盘
1919,13:06:33,6.79,-0.01,1,679,卖盘
1920,13:06:27,6.8,--,6,4080,买盘
1921,13:06:24,6.8,--,12,8160,买盘
1922,13:06:18,6.8,--,516,350880,买盘
1923,13:06:15,6.8,--,8,5440,买盘
1924,13:06:12,6.8,0.01,120,81600,买盘
1925,13:06:09,6.79,-0.01,44,29876,卖盘
1926,13:06:06,6.8,--,5,3400,买盘
1927,13:06:03,6.8,--,2,1360,买盘
1928,13:05:57,6.8,--,17,11560,买盘
1929,13:05:54,6.8,--,3,2040,买盘
1930,13:05:51,6.8,--,10,6800,买盘
1931,13:05:48,6.8,--,2,1360,买盘
1932,13:05:45,6.8,0.01,2,1360,买盘
1933,13:05:42,6.79,-0.01,19,12901,卖盘
1934,13:05:39,6.8,--,23,15640,买盘
1935,13:05:36,6.8,--,38,25840,买盘
1936,13:05:33,6.8,--,12,8160,买盘
1937,13:05:30,6.8,--,12,8160,买盘
1938,13:05:24,6.8,--,9,6120,买盘
1939,13:05:21,6.8,0.01,415,282200,买盘
1940,13:05:15,6.79,-0.01,70,47530,卖盘
1941,13:05:12,6.8,--,8,5440,买盘
1942,13:05:09,6.8,--,60,40800,买盘
1943,13:05:06,6.8,--,24,16320,买盘
1944,13:05:03,6.8,0.01,5,3400,买盘
1945,13:05:00,6.79,--,82,55678,卖盘
1946,13:04:57,6.79,-0.01,1,679,卖盘
1947,13:04:54,6.8,--,28,19040,买盘
1948,13:04:51,6.8,--,10,6800,买盘
1949,13:04:45,6.8,--,51,34680,买盘
1950,13:04:42,6.8,--,89,60520,买盘
1951,13:04:39,6.8,0.01,40,27200,买盘
1952,13:04:36,6.79,--,22,14938,卖盘
1953,13:04:30,6.79,--,181,122899,卖盘
1954,13:04:27,6.79,-0.01,6,4074,卖盘
1955,13:04:24,6.8,--,63,42840,买盘
1956,13:04:18,6.8,--,7,4760,买盘
1957,13:04:15,6.8,0.01,2,1360,买盘
1958,13:04:09,6.79,-0.01,2,1358,卖盘
1959,13:04:06,6.8,0.01,30,20400,买盘
1960,13:03:48,6.79,-0.01,41,27839,卖盘
1961,13:03:45,6.8,--,10,6800,买盘
1962,13:03:42,6.8,0.01,6,4080,买盘
1963,13:03:39,6.79,-0.01,22,14938,卖盘
1964,13:03:36,6.8,--,22,14960,买盘
1965,13:03:24,6.8,0.01,1,680,买盘
1966,13:03:21,6.79,--,48,32592,卖盘
1967,13:03:18,6.79,--,160,108640,卖盘
1968,13:03:15,6.79,-0.01,3,2037,卖盘
1969,13:03:12,6.8,--,201,136680,买盘
1970,13:03:09,6.8,--,1,680,买盘
1971,13:03:03,6.8,--,55,37400,买盘
1972,13:03:00,6.8,--,11,7480,买盘
1973,13:02:57,6.8,0.01,31,21080,买盘
1974,13:02:51,6.79,--,23,15617,卖盘
1975,13:02:42,6.79,--,4,2716,卖盘
1976,13:02:39,6.79,-0.01,33,22407,卖盘
1977,13:02:36,6.8,0.01,10,6800,买盘
1978,13:02:24,6.79,-0.01,81,54999,卖盘
1979,13:02:18,6.8,--,59,40120,买盘
1980,13:02:15,6.8,0.01,160,108800,买盘
1981,13:02:09,6.79,--,1,679,卖盘
1982,13:02:06,6.79,-0.01,22,14938,卖盘
1983,13:02:03,6.8,0.01,1,680,买盘
1984,13:02:00,6.79,-0.01,220,149380,卖盘
1985,13:01:54,6.8,--,7,4760,买盘
1986,13:01:48,6.8,0.01,1,680,买盘
1987,13:01:42,6.79,--,3,2037,卖盘
1988,13:01:39,6.79,-0.01,22,14938,卖盘
1989,13:01:33,6.8,--,14,9520,买盘
1990,13:01:24,6.8,0.01,20,13600,买盘
1991,13:01:21,6.79,-0.01,6,4074,卖盘
1992,13:01:15,6.8,0.01,28,19040,买盘
1993,13:01:12,6.79,-0.01,89,60431,卖盘
1994,13:01:09,6.8,--,14,9520,买盘
1995,13:01:06,6.8,0.01,3,2040,买盘
1996,13:00:54,6.79,--,174,118146,卖盘
1997,13:00:51,6.79,--,4,2716,卖盘
1998,13:00:42,6.79,--,6,4074,卖盘
1999,13:00:39,6.79,-0.01,52,35308,卖盘
2000,13:00:36,6.8,0.01,1,680,买盘
2001,13:00:33,6.79,--,124,84196,卖盘
2002,13:00:21,6.79,--,116,78764,卖盘
2003,13:00:15,6.79,--,70,47530,卖盘
2004,13:00:12,6.79,--,44,29876,卖盘
2005,13:00:09,6.79,-0.01,551,374210,卖盘
2006,13:00:06,6.8,--,167,113560,买盘
2007,13:00:03,6.8,--,4240,2883200,买盘
2008,13:00:00,6.8,--,0,0,买盘
2009,11:30:00,6.8,--,3,2040,买盘
2010,11:29:57,6.8,--,70,47600,买盘
2011,11:29:54,6.8,0.01,3,2040,买盘
2012,11:29:51,6.79,--,37,25123,卖盘
2013,11:29:45,6.79,--,118,80122,卖盘
2014,11:29:42,6.79,-0.01,523,355117,卖盘
2015,11:29:39,6.8,--,94,63920,买盘
2016,11:29:36,6.8,0.01,5,3400,买盘
2017,11:29:33,6.79,--,93,63147,卖盘
2018,11:29:30,6.79,-0.01,8,5432,卖盘
2019,11:29:27,6.8,--,168,114240,买盘
2020,11:29:24,6.8,--,88,59840,买盘
2021,11:29:21,6.8,0.01,21,14280,买盘
2022,11:29:18,6.79,-0.01,2,1358,卖盘
2023,11:29:15,6.8,--,20,13600,买盘
2024,11:29:12,6.8,--,9,6120,买盘
2025,11:29:09,6.8,--,10,6800,买盘
2026,11:29:06,6.8,--,5,3400,买盘
2027,11:29:03,6.8,--,31,21080,买盘
2028,11:28:57,6.8,--,70,47600,买盘
2029,11:28:54,6.8,--,83,56440,买盘
2030,11:28:45,6.8,0.01,26,17680,买盘
2031,11:28:42,6.79,--,1,679,卖盘
2032,11:28:39,6.79,-0.01,23,15617,卖盘
2033,11:28:36,6.8,--,41,27880,买盘
2034,11:28:33,6.8,0.01,3,2040,买盘
2035,11:28:30,6.79,-0.01,29,19691,卖盘
2036,11:28:24,6.8,--,12,8160,买盘
2037,11:28:21,6.8,0.01,76,51680,买盘
2038,11:28:18,6.79,-0.01,300,203700,卖盘
2039,11:28:15,6.8,--,222,150960,买盘
2040,11:28:12,6.8,0.01,3,2040,买盘
2041,11:28:09,6.79,-0.01,180,122220,卖盘
2042,11:28:06,6.8,0.01,503,342040,买盘
2043,11:28:03,6.79,-0.01,5,3395,卖盘
2044,11:28:00,6.8,--,62,42160,买盘
2045,11:27:57,6.8,--,11,7480,买盘
2046,11:27:54,6.8,0.01,1,680,买盘
2047,11:27:51,6.79,-0.01,12,8148,卖盘
2048,11:27:48,6.8,0.01,738,501840,买盘
2049,11:27:45,6.79,--,1,679,卖盘
2050,11:27:42,6.79,--,10,6790,卖盘
2051,11:27:39,6.79,-0.01,78,52962,卖盘
2052,11:27:36,6.8,--,334,227120,买盘
2053,11:27:33,6.8,--,60,40800,买盘
2054,11:27:30,6.8,--,7,4760,买盘
2055,11:27:27,6.8,--,21,14280,买盘
2056,11:27:21,6.8,--,21,14280,买盘
2057,11:27:18,6.8,0.01,103,70040,买盘
2058,11:27:15,6.79,--,309,209811,卖盘
2059,11:27:12,6.79,-0.01,2,1358,卖盘
2060,11:27:06,6.8,-0.01,700,476000,卖盘
2061,11:27:00,6.81,0.01,30,20430,买盘
2062,11:26:57,6.8,-0.01,1,680,卖盘
2063,11:26:54,6.81,0.01,51,34731,买盘
2064,11:26:51,6.8,-0.01,2,1360,卖盘
2065,11:26:48,6.81,0.01,52,35412,买盘
2066,11:26:39,6.8,-0.01,96,65280,卖盘
2067,11:26:36,6.81,0.01,39,26559,买盘
2068,11:26:33,6.8,--,6,4080,卖盘
2069,11:26:30,6.8,0.01,23,15640,中性盘
2070,11:26:18,6.79,--,149,101171,卖盘
2071,11:26:15,6.79,--,29,19691,卖盘
2072,11:26:12,6.79,-0.01,34,23086,卖盘
2073,11:26:06,6.8,--,28,19040,买盘
2074,11:26:03,6.8,--,110,74800,买盘
2075,11:26:00,6.8,0.01,3,2040,买盘
2076,11:25:57,6.79,-0.01,149,101171,卖盘
2077,11:25:54,6.8,0.01,25,17000,买盘
2078,11:25:51,6.79,-0.01,102,69258,卖盘
2079,11:25:48,6.8,--,10,6800,买盘
2080,11:25:45,6.8,--,3,2040,买盘
2081,11:25:42,6.8,--,13,8840,买盘
2082,11:25:39,6.8,0.01,53,36040,买盘
2083,11:25:36,6.79,-0.01,4,2716,卖盘
2084,11:25:33,6.8,--,20,13600,买盘
2085,11:25:30,6.8,0.01,21,14280,买盘
2086,11:25:27,6.79,-0.01,47,31913,卖盘
2087,11:25:21,6.8,--,2,1360,买盘
2088,11:25:18,6.8,0.01,12,8160,买盘
2089,11:25:15,6.79,-0.01,12,8148,卖盘
2090,11:25:12,6.8,--,3,2040,买盘
2091,11:25:09,6.8,--,100,68000,买盘
2092,11:25:06,6.8,--,8,5440,买盘
2093,11:25:03,6.8,--,48,32640,买盘
2094,11:25:00,6.8,--,40,27200,买盘
2095,11:24:57,6.8,0.01,63,42840,买盘
2096,11:24:54,6.79,--,77,52283,卖盘
2097,11:24:51,6.79,--,202,137158,卖盘
2098,11:24:42,6.79,--,40,27160,卖盘
2099,11:24:39,6.79,-0.01,23,15617,卖盘
2100,11:24:33,6.8,0.01,20,13600,买盘
2101,11:24:30,6.79,--,2,1358,卖盘
2102,11:24:21,6.79,-0.01,32,21728,卖盘
2103,11:24:18,6.8,0.01,92,62560,买盘
2104,11:24:15,6.79,--,31,21049,卖盘
2105,11:24:12,6.79,--,130,88270,卖盘
2106,11:24:09,6.79,-0.01,666,452214,卖盘
2107,11:24:06,6.8,0.01,15,10200,买盘
2108,11:24:03,6.79,-0.01,1,679,卖盘
2109,11:24:00,6.8,--,3,2040,买盘
2110,11:23:57,6.8,0.01,10,6800,买盘
2111,11:23:54,6.79,-0.01,3,2037,卖盘
2112,11:23:51,6.8,0.01,147,99960,买盘
2113,11:23:48,6.79,-0.01,11,7469,卖盘
2114,11:23:45,6.8,--,10,6800,买盘
2115,11:23:42,6.8,0.01,28,19040,买盘
2116,11:23:39,6.79,-0.01,33,22407,卖盘
2117,11:23:36,6.8,--,27,18360,买盘
2118,11:23:33,6.8,--,28,19040,买盘
2119,11:23:30,6.8,--,154,104720,买盘
2120,11:23:27,6.8,--,13,8894,卖盘
2121,11:23:21,6.8,--,6,4080,卖盘
2122,11:23:18,6.8,--,2,1360,卖盘
2123,11:23:15,6.8,0.01,43,29865,买盘
2124,11:23:12,6.79,-0.01,201,136479,卖盘
2125,11:23:09,6.8,--,30,20400,买盘
2126,11:23:06,6.8,--,4,2720,买盘
2127,11:23:03,6.8,--,201,136680,买盘
2128,11:22:57,6.8,--,31,21080,买盘
2129,11:22:54,6.8,--,310,210800,买盘
2130,11:22:51,6.8,--,10,6800,买盘
2131,11:22:48,6.8,--,39,26520,买盘
2132,11:22:45,6.8,0.01,12,8160,买盘
2133,11:22:39,6.79,-0.01,25,16975,卖盘
2134,11:22:36,6.8,--,30,20400,买盘
2135,11:22:33,6.8,--,8,5440,买盘
2136,11:22:30,6.8,--,33,22440,买盘
2137,11:22:27,6.8,--,7,4760,买盘
2138,11:22:24,6.8,0.01,7,4760,买盘
2139,11:22:18,6.79,-0.01,11,7469,卖盘
2140,11:22:15,6.8,--,22,14960,买盘
2141,11:22:09,6.8,--,101,68680,买盘
2142,11:22:06,6.8,0.01,2,1360,买盘
2143,11:22:03,6.79,-0.01,1,679,卖盘
2144,11:22:00,6.8,--,55,37400,买盘
2145,11:21:57,6.8,--,48,32640,买盘
2146,11:21:54,6.8,--,31,21080,买盘
2147,11:21:51,6.8,--,200,136000,买盘
2148,11:21:42,6.8,0.01,14,9520,买盘
2149,11:21:39,6.79,--,7,4753,卖盘
2150,11:21:36,6.79,-0.01,32,21728,卖盘
2151,11:21:33,6.8,--,11,7480,买盘
2152,11:21:30,6.8,--,30,20400,买盘
2153,11:21:27,6.8,--,1,680,买盘
2154,11:21:24,6.8,--,39,26574,卖盘
2155,11:21:18,6.8,--,28,19040,卖盘
2156,11:21:15,6.8,--,30,20400,卖盘
2157,11:21:12,6.8,--,80,54400,卖盘
2158,11:21:03,6.8,-0.01,14,9520,卖盘
2159,11:21:00,6.81,0.01,3,2042,买盘
2160,11:20:57,6.8,--,110,74800,卖盘
2161,11:20:54,6.8,--,14,9520,卖盘
2162,11:20:45,6.8,--,630,428400,卖盘
2163,11:20:39,6.8,-0.01,54,36720,卖盘
2164,11:20:36,6.81,--,1,681,买盘
2165,11:20:33,6.81,0.01,4,2724,买盘
2166,11:20:30,6.8,--,172,116960,卖盘
2167,11:20:27,6.8,--,90,61200,卖盘
2168,11:20:24,6.8,--,26,17680,卖盘
2169,11:20:21,6.8,--,4,2720,卖盘
2170,11:20:15,6.8,--,59,40120,卖盘
2171,11:20:12,6.8,--,45,30600,卖盘
2172,11:20:09,6.8,-0.01,2,1360,卖盘
2173,11:20:06,6.81,0.01,2027,1380387,买盘
2174,11:20:00,6.8,--,60,40800,卖盘
2175,11:19:57,6.8,--,2,1360,卖盘
2176,11:19:54,6.8,--,1,680,卖盘
2177,11:19:51,6.8,--,15,10200,卖盘
2178,11:19:48,6.8,--,20,13600,卖盘
2179,11:19:42,6.8,--,57,39385,买盘
2180,11:19:39,6.8,--,293,199240,买盘
2181,11:19:36,6.8,--,19,12920,买盘
2182,11:19:33,6.8,--,54,36720,买盘
2183,11:19:30,6.8,--,768,522294,卖盘
2184,11:19:24,6.8,-0.01,1,680,卖盘
2185,11:19:15,6.81,--,30,20430,买盘
2186,11:19:09,6.81,0.01,10,6810,买盘
2187,11:19:03,6.8,--,96,65280,卖盘
2188,11:19:00,6.8,--,23,15640,卖盘
2189,11:18:57,6.8,--,100,68000,卖盘
2190,11:18:54,6.8,--,24,16320,卖盘
2191,11:18:51,6.8,--,23,15640,卖盘
2192,11:18:48,6.8,-0.01,220,149600,卖盘
2193,11:18:45,6.81,0.01,40,27240,买盘
2194,11:18:39,6.8,-0.01,24,16320,卖盘
2195,11:18:36,6.81,0.01,4,2724,买盘
2196,11:18:30,6.8,-0.01,121,82280,卖盘
2197,11:18:27,6.81,--,2,1362,买盘
2198,11:18:24,6.81,0.01,44,29964,买盘
2199,11:18:18,6.8,-0.01,9,6120,卖盘
2200,11:18:09,6.81,--,10,6810,买盘
2201,11:18:03,6.81,0.01,116,78996,买盘
2202,11:17:51,6.8,--,500,340000,卖盘
2203,11:17:42,6.8,--,19,12920,卖盘
2204,11:17:39,6.8,-0.01,41,27880,卖盘
2205,11:17:36,6.81,--,20,13620,买盘
2206,11:17:27,6.81,--,150,102150,买盘
2207,11:17:18,6.81,0.01,95,64694,买盘
2208,11:17:15,6.8,-0.01,24,16320,卖盘
2209,11:17:06,6.81,0.01,8,5448,买盘
2210,11:17:03,6.8,-0.01,1,680,卖盘
2211,11:16:57,6.81,0.01,12,8171,买盘
2212,11:16:48,6.8,--,50,34000,卖盘
2213,11:16:39,6.8,--,500,340000,卖盘
2214,11:16:36,6.8,--,387,263160,卖盘
2215,11:16:33,6.8,-0.01,88,59840,卖盘
2216,11:16:30,6.81,0.01,193,131433,买盘
2217,11:16:27,6.8,-0.01,28,19040,卖盘
2218,11:16:24,6.81,--,26,17706,买盘
2219,11:16:21,6.81,0.01,3,2042,买盘
2220,11:16:18,6.8,--,10,6800,卖盘
2221,11:16:15,6.8,--,3,2040,卖盘
2222,11:16:12,6.8,-0.01,1,680,卖盘
2223,11:16:09,6.81,0.01,135,91935,买盘
2224,11:16:03,6.8,--,106,72080,卖盘
2225,11:15:54,6.8,--,10,6800,卖盘
2226,11:15:51,6.8,--,10,6800,卖盘
2227,11:15:48,6.8,--,401,273305,买盘
2228,11:15:45,6.8,--,141,95880,买盘
2229,11:15:42,6.8,--,15,10200,买盘
2230,11:15:39,6.8,--,1349,917320,买盘
2231,11:15:36,6.8,--,28,19040,买盘
2232,11:15:33,6.8,--,2,1360,买盘
2233,11:15:30,6.8,--,174,118320,买盘
2234,11:15:27,6.8,0.01,1,680,买盘
2235,11:15:24,6.79,-0.01,111,75369,卖盘
2236,11:15:21,6.8,--,89,60520,买盘
2237,11:15:18,6.8,--,53,36040,买盘
2238,11:15:15,6.8,--,21,14280,买盘
2239,11:15:12,6.8,--,792,538560,买盘
2240,11:15:09,6.8,--,114,77520,买盘
2241,11:15:06,6.8,--,11,7480,买盘
2242,11:15:03,6.8,--,13,8840,买盘
2243,11:15:00,6.8,--,105,71400,买盘
2244,11:14:57,6.8,--,40,27200,买盘
2245,11:14:54,6.8,--,11,7480,买盘
2246,11:14:51,6.8,--,101,68680,买盘
2247,11:14:45,6.8,--,43,29240,买盘
2248,11:14:42,6.8,-0.01,2169,1474974,卖盘
2249,11:14:39,6.81,--,26,17706,买盘
2250,11:14:36,6.81,--,122,83082,买盘
2251,11:14:33,6.81,0.01,30,20430,买盘
2252,11:14:30,6.8,-0.01,45,30600,卖盘
2253,11:14:21,6.81,0.01,2,1362,买盘
2254,11:14:18,6.8,--,2,1360,卖盘
2255,11:14:15,6.8,-0.02,1,680,卖盘
2256,11:14:09,6.82,0.02,265,180730,买盘
2257,11:14:06,6.8,-0.01,18,12240,卖盘
2258,11:14:03,6.81,--,3,2669,中性盘
2259,11:14:00,6.81,--,40,27240,买盘
2260,11:13:54,6.81,--,65,44265,买盘
2261,11:13:45,6.81,--,1,681,买盘
2262,11:13:42,6.81,0.01,104,70824,买盘
2263,11:13:39,6.8,-0.01,22,14960,卖盘
2264,11:13:36,6.81,--,51,34731,买盘
2265,11:13:33,6.81,--,51,34731,买盘
2266,11:13:30,6.81,-0.01,88,59928,卖盘
2267,11:13:27,6.82,--,10,6820,买盘
2268,11:13:24,6.82,--,353,240746,买盘
2269,11:13:21,6.82,--,1,682,买盘
2270,11:13:15,6.82,--,16,10912,买盘
2271,11:13:12,6.82,--,14,9548,买盘
2272,11:13:09,6.82,--,14,9548,买盘
2273,11:13:06,6.82,--,56,38192,买盘
2274,11:12:57,6.82,0.01,10,6820,买盘
2275,11:12:54,6.81,--,104,70824,卖盘
2276,11:12:51,6.81,-0.01,18,12258,卖盘
2277,11:12:48,6.82,0.01,196,133672,买盘
2278,11:12:45,6.81,-0.01,503,342543,卖盘
2279,11:12:42,6.82,--,8,5456,买盘
2280,11:12:39,6.82,0.01,40,27280,买盘
2281,11:12:36,6.81,--,1,681,买盘
2282,11:12:33,6.81,--,12,8171,买盘
2283,11:12:30,6.81,--,65,44265,买盘
2284,11:12:24,6.81,-0.01,47,32006,卖盘
2285,11:12:18,6.82,--,50,34100,买盘
2286,11:12:15,6.82,--,655,446710,买盘
2287,11:12:12,6.82,--,68,46376,买盘
2288,11:12:09,6.82,--,10,6820,买盘
2289,11:12:03,6.82,--,3902,2661164,买盘
2290,11:12:00,6.82,0.01,383,261206,买盘
2291,11:11:54,6.81,--,578,393618,买盘
2292,11:11:51,6.81,--,1,681,买盘
2293,11:11:48,6.81,--,520,354120,买盘
2294,11:11:45,6.81,0.01,10,6810,买盘
2295,11:11:42,6.8,--,44,29920,卖盘
2296,11:11:39,6.8,-0.01,23,15640,卖盘
2297,11:11:36,6.81,0.01,116,78996,买盘
2298,11:11:33,6.8,-0.01,100,68000,卖盘
2299,11:11:30,6.81,0.01,68,46308,买盘
2300,11:11:27,6.8,-0.01,10,6800,卖盘
2301,11:11:24,6.81,0.01,18,12258,买盘
2302,11:11:21,6.8,--,2000,1360000,卖盘
2303,11:11:18,6.8,-0.01,170,115600,卖盘
2304,11:11:15,6.81,0.01,165,112365,买盘
2305,11:11:12,6.8,--,39,26520,卖盘
2306,11:11:09,6.8,-0.01,8,5440,卖盘
2307,11:11:06,6.81,0.01,12,8171,买盘
2308,11:11:03,6.8,-0.01,122,82960,卖盘
2309,11:11:00,6.81,0.01,168,114408,买盘
2310,11:10:57,6.8,--,31,21080,买盘
2311,11:10:54,6.8,0.01,13,8840,买盘
2312,11:10:51,6.79,--,27,18333,卖盘
2313,11:10:48,6.79,-0.01,506,343574,卖盘
2314,11:10:45,6.8,--,62,42160,买盘
2315,11:10:42,6.8,--,11,7480,买盘
2316,11:10:39,6.8,0.01,32,21760,买盘
2317,11:10:36,6.79,--,22,14938,卖盘
2318,11:10:33,6.79,--,765,519435,卖盘
2319,11:10:30,6.79,--,66,44814,卖盘
2320,11:10:27,6.79,-0.01,71,48209,卖盘
2321,11:10:24,6.8,0.01,10,6800,中性盘
2322,11:10:21,6.79,-0.01,15,10185,卖盘
2323,11:10:18,6.8,--,45,30600,卖盘
2324,11:10:15,6.8,0.01,22,14960,买盘
2325,11:10:12,6.79,-0.01,2,1358,卖盘
2326,11:10:09,6.8,0.01,23,15640,买盘
2327,11:10:06,6.79,-0.01,43,29197,卖盘
2328,11:10:03,6.8,0.01,6,4080,买盘
2329,11:10:00,6.79,-0.01,104,70616,卖盘
2330,11:09:57,6.8,--,78,53040,买盘
2331,11:09:54,6.8,--,5,3400,买盘
2332,11:09:51,6.8,0.01,43,29240,买盘
2333,11:09:48,6.79,-0.01,480,325920,卖盘
2334,11:09:45,6.8,0.01,1,680,买盘
2335,11:09:39,6.79,-0.01,39,26481,卖盘
2336,11:09:33,6.8,--,107,72760,买盘
2337,11:09:30,6.8,0.01,54,36720,买盘
2338,11:09:27,6.79,-0.01,21,14259,卖盘
2339,11:09:24,6.8,--,324,220320,买盘
2340,11:09:21,6.8,0.01,10,6800,买盘
2341,11:09:18,6.79,--,79,53641,卖盘
2342,11:09:15,6.79,-0.01,29,19691,卖盘
2343,11:09:12,6.8,--,61,41480,买盘
2344,11:09:09,6.8,--,76,51680,买盘
2345,11:09:06,6.8,--,20,13600,买盘
2346,11:09:03,6.8,--,203,138040,买盘
2347,11:09:00,6.8,0.01,9,6120,买盘
2348,11:08:54,6.79,--,112,76048,卖盘
2349,11:08:51,6.79,--,11,7469,卖盘
2350,11:08:45,6.79,--,442,300118,卖盘
2351,11:08:39,6.79,-0.01,22,14938,卖盘
2352,11:08:33,6.8,0.01,430,292400,买盘
2353,11:08:30,6.79,-0.01,44,29876,卖盘
2354,11:08:27,6.8,--,5,3400,买盘
2355,11:08:24,6.8,--,109,74120,买盘
2356,11:08:21,6.8,--,10,6800,买盘
2357,11:08:18,6.8,0.01,2700,1836000,买盘
2358,11:08:15,6.79,--,9,6111,卖盘
2359,11:08:12,6.79,-0.01,20,13580,卖盘
2360,11:08:06,6.8,0.01,88,59840,买盘
2361,11:08:03,6.79,-0.01,3,2037,卖盘
2362,11:08:00,6.8,--,510,346800,买盘
2363,11:07:57,6.8,--,40,27200,买盘
2364,11:07:54,6.8,--,25,17000,买盘
2365,11:07:51,6.8,--,19,12920,买盘
2366,11:07:48,6.8,--,8,5440,买盘
2367,11:07:42,6.8,0.01,15,10200,买盘
2368,11:07:36,6.79,-0.01,83,56357,卖盘
2369,11:07:33,6.8,--,44,29920,买盘
2370,11:07:30,6.8,--,122,82960,卖盘
2371,11:07:24,6.8,--,710,482800,卖盘
2372,11:07:21,6.8,-0.01,32,21760,卖盘
2373,11:07:18,6.81,0.01,26,17706,买盘
2374,11:07:15,6.8,-0.01,26,17680,卖盘
2375,11:07:12,6.81,0.01,38,25878,买盘
2376,11:07:09,6.8,--,20,13600,卖盘
2377,11:07:03,6.8,--,8,5440,卖盘
2378,11:07:00,6.8,--,582,395760,买盘
2379,11:06:57,6.8,--,2036,1384480,卖盘
2380,11:06:51,6.8,--,56,38080,卖盘
2381,11:06:48,6.8,-0.01,38,25840,卖盘
2382,11:06:39,6.81,0.01,340,231540,买盘
2383,11:06:27,6.8,-0.01,6,4080,卖盘
2384,11:06:18,6.81,0.01,105,71505,买盘
2385,11:06:15,6.8,-0.01,81,55080,卖盘
2386,11:06:12,6.81,0.01,20,13620,买盘
2387,11:06:09,6.8,-0.01,92,62560,卖盘
2388,11:06:06,6.81,--,11,7491,买盘
2389,11:06:03,6.81,0.01,100,68100,买盘
2390,11:06:00,6.8,-0.01,1,680,卖盘
2391,11:05:57,6.81,0.01,43,29283,买盘
2392,11:05:54,6.8,-0.01,2,1360,卖盘
2393,11:05:51,6.81,0.01,4,2724,买盘
2394,11:05:48,6.8,--,27,18360,卖盘
2395,11:05:45,6.8,--,17,11560,卖盘
2396,11:05:42,6.8,-0.01,44,29920,卖盘
2397,11:05:39,6.81,--,58,39498,买盘
2398,11:05:36,6.81,--,60,40860,买盘
2399,11:05:33,6.81,--,34,23154,买盘
2400,11:05:30,6.81,--,450,306450,买盘
2401,11:05:27,6.81,0.01,2194,1494114,买盘
2402,11:05:21,6.8,--,313,212840,卖盘
2403,11:05:18,6.8,-0.01,50,34000,卖盘
2404,11:05:15,6.81,--,38,25878,买盘
2405,11:05:12,6.81,--,502,341862,卖盘
2406,11:05:06,6.81,0.01,2,1362,中性盘
2407,11:05:00,6.8,-0.01,599,407320,卖盘
2408,11:04:57,6.81,--,2005,1365405,买盘
2409,11:04:45,6.81,0.01,442,301002,买盘
2410,11:04:42,6.8,-0.01,13,8840,卖盘
2411,11:04:39,6.81,0.01,12,8171,买盘
2412,11:04:36,6.8,0.01,22,14960,卖盘
2413,11:04:33,6.79,-0.01,65,44135,卖盘
2414,11:04:30,6.8,-0.01,53,36040,卖盘
2415,11:04:24,6.81,0.01,8,5448,买盘
2416,11:04:21,6.8,--,421,286280,卖盘
2417,11:04:18,6.8,-0.01,1358,923440,卖盘
2418,11:04:15,6.81,--,289,196809,买盘
2419,11:04:06,6.81,0.01,47,32006,买盘
2420,11:04:00,6.8,-0.01,452,307360,卖盘
2421,11:03:57,6.81,0.01,1031,702111,买盘
2422,11:03:54,6.8,--,768,522240,买盘
2423,11:03:51,6.8,--,43,29240,买盘
2424,11:03:48,6.8,0.01,10,6800,买盘
2425,11:03:45,6.79,-0.01,22,14938,卖盘
2426,11:03:42,6.8,--,91,61880,买盘
2427,11:03:39,6.8,0.01,133,90440,买盘
2428,11:03:36,6.79,-0.01,50,33950,卖盘
2429,11:03:30,6.8,--,743,505240,买盘
2430,11:03:27,6.8,0.01,172,116960,买盘
2431,11:03:24,6.79,-0.01,486,329994,卖盘
2432,11:03:21,6.8,--,56,38080,买盘
2433,11:03:18,6.8,--,72,48960,买盘
2434,11:03:15,6.8,0.01,71,48280,买盘
2435,11:03:12,6.79,--,274,186046,卖盘
2436,11:03:09,6.79,--,170,115430,卖盘
2437,11:03:06,6.79,-0.01,64,43456,卖盘
2438,11:03:03,6.8,--,64,43520,买盘
2439,11:03:00,6.8,0.01,2,1360,买盘
2440,11:02:57,6.79,--,230,156170,卖盘
2441,11:02:54,6.79,-0.01,101,68579,卖盘
2442,11:02:51,6.8,0.01,264,179520,买盘
2443,11:02:48,6.79,--,1650,1120350,卖盘
2444,11:02:45,6.79,-0.01,225,152775,卖盘
2445,11:02:42,6.8,0.01,92,62560,买盘
2446,11:02:39,6.79,--,125,84875,卖盘
2447,11:02:36,6.79,--,60,40740,卖盘
2448,11:02:33,6.79,-0.01,51,34629,卖盘
2449,11:02:30,6.8,0.01,20,13600,买盘
2450,11:02:27,6.79,--,4009,2722111,卖盘
2451,11:02:21,6.79,--,501,340179,卖盘
2452,11:02:18,6.79,--,30,20370,卖盘
2453,11:02:15,6.79,--,347,235613,卖盘
2454,11:02:09,6.79,--,280,190120,卖盘
2455,11:02:06,6.79,--,224,152096,卖盘
2456,11:02:03,6.79,--,10,6790,卖盘
2457,11:02:00,6.79,--,11,7469,卖盘
2458,11:01:57,6.79,--,20,13580,卖盘
2459,11:01:54,6.79,--,265,179935,卖盘
2460,11:01:51,6.79,-0.01,172,116788,卖盘
2461,11:01:42,6.8,0.01,25,17000,买盘
2462,11:01:39,6.79,-0.01,145,98455,卖盘
2463,11:01:36,6.8,0.01,72,48960,买盘
2464,11:01:33,6.79,-0.01,3600,2444400,卖盘
2465,11:01:30,6.8,--,3,2040,买盘
2466,11:01:27,6.8,--,50,34000,买盘
2467,11:01:24,6.8,--,21,14280,买盘
2468,11:01:21,6.8,0.01,2,1360,买盘
2469,11:01:18,6.79,--,49,33271,卖盘
2470,11:01:15,6.79,-0.01,53,35987,卖盘
2471,11:01:12,6.8,--,1,680,买盘
2472,11:01:09,6.8,0.01,86,58480,买盘
2473,11:01:06,6.79,-0.01,249,169071,卖盘
2474,11:01:03,6.8,--,3,2040,买盘
2475,11:00:57,6.8,--,1,680,买盘
2476,11:00:54,6.8,0.01,4,2720,买盘
2477,11:00:51,6.79,--,26,17654,卖盘
2478,11:00:48,6.79,--,1228,833812,买盘
2479,11:00:45,6.79,0.01,10,6790,买盘
2480,11:00:42,6.78,-0.01,64,43392,卖盘
2481,11:00:39,6.79,0.01,100,67900,买盘
2482,11:00:36,6.78,-0.01,109,73902,卖盘
2483,11:00:33,6.79,--,32,21728,买盘
2484,11:00:30,6.79,-0.01,1397,948563,卖盘
2485,11:00:27,6.8,--,330,224400,买盘
2486,11:00:24,6.8,0.01,2,1360,买盘
2487,11:00:21,6.79,--,248,168392,卖盘
2488,11:00:18,6.79,--,20,13580,卖盘
2489,11:00:15,6.79,--,20,13580,卖盘
2490,11:00:09,6.79,--,66,44814,卖盘
2491,11:00:06,6.79,--,23,15617,卖盘
2492,11:00:03,6.79,--,30,20370,卖盘
2493,11:00:00,6.79,-0.01,210,142590,卖盘
2494,10:59:57,6.8,0.01,4,2720,买盘
2495,10:59:54,6.79,--,1840,1249360,卖盘
2496,10:59:51,6.79,-0.01,33,22407,卖盘
2497,10:59:45,6.8,0.01,101,68680,买盘
2498,10:59:42,6.79,--,120,81480,卖盘
2499,10:59:39,6.79,--,25,16975,卖盘
2500,10:59:36,6.79,--,118,80122,卖盘
2501,10:59:33,6.79,-0.01,420,285180,中性盘
2502,10:59:30,6.8,0.01,300,204000,买盘
2503,10:59:27,6.79,0.01,60,40740,买盘
2504,10:59:24,6.78,-0.01,3,2034,卖盘
2505,10:59:21,6.79,--,170,115430,买盘
2506,10:59:18,6.79,--,69,46851,买盘
2507,10:59:15,6.79,--,12,8148,买盘
2508,10:59:12,6.79,-0.01,79,53641,卖盘
2509,10:59:09,6.8,0.01,648,440640,买盘
2510,10:59:06,6.79,--,705,478695,卖盘
2511,10:59:03,6.79,-0.01,76,51604,卖盘
2512,10:59:00,6.8,--,810,550800,买盘
2513,10:58:57,6.8,--,4,2720,买盘
2514,10:58:54,6.8,0.01,25,17000,买盘
2515,10:58:45,6.79,-0.01,50,33950,卖盘
2516,10:58:42,6.8,--,103,70040,买盘
2517,10:58:39,6.8,--,388,263840,买盘
2518,10:58:36,6.8,--,67,45560,买盘
2519,10:58:33,6.8,0.01,1,680,买盘
2520,10:58:30,6.79,-0.01,80,54320,卖盘
2521,10:58:27,6.8,0.01,4,2720,买盘
2522,10:58:24,6.79,-0.01,86,58394,卖盘
2523,10:58:21,6.8,0.01,1,680,买盘
2524,10:58:18,6.79,--,39,26481,卖盘
2525,10:58:15,6.79,-0.01,14,9506,卖盘
2526,10:58:12,6.8,--,10,6800,买盘
2527,10:58:09,6.8,--,17,11560,买盘
2528,10:58:06,6.8,--,31,21080,买盘
2529,10:58:03,6.8,--,32,21760,买盘
2530,10:58:00,6.8,--,40,27200,买盘
2531,10:57:57,6.8,--,73,49640,买盘
2532,10:57:51,6.8,--,3,2040,买盘
2533,10:57:48,6.8,0.01,1,680,买盘
2534,10:57:39,6.79,-0.01,22,14938,卖盘
2535,10:57:36,6.8,0.01,35,23800,买盘
2536,10:57:33,6.79,--,58,39382,卖盘
2537,10:57:30,6.79,--,898,609742,买盘
2538,10:57:27,6.79,--,153,103887,买盘
2539,10:57:24,6.79,--,55,37345,买盘
2540,10:57:21,6.79,--,4,2716,买盘
2541,10:57:18,6.79,--,483,327957,买盘
2542,10:57:15,6.79,--,12,8148,买盘
2543,10:57:12,6.79,0.01,22,14938,买盘
2544,10:57:09,6.78,-0.01,93,63054,卖盘
2545,10:57:06,6.79,--,65,44135,买盘
2546,10:57:03,6.79,--,22,14938,买盘
2547,10:57:00,6.79,--,39,26481,买盘
2548,10:56:57,6.79,--,69,46851,买盘
2549,10:56:54,6.79,--,197,133763,买盘
2550,10:56:51,6.79,--,15,10185,买盘
2551,10:56:48,6.79,0.01,43,29197,买盘
2552,10:56:45,6.78,-0.01,712,482736,卖盘
2553,10:56:42,6.79,0.01,197,133763,买盘
2554,10:56:39,6.78,-0.01,22,14916,卖盘
2555,10:56:36,6.79,--,9,6111,买盘
2556,10:56:33,6.79,--,1,679,买盘
2557,10:56:30,6.79,--,187,126973,买盘
2558,10:56:27,6.79,0.01,56,38024,买盘
2559,10:56:24,6.78,-0.01,95,64410,卖盘
2560,10:56:21,6.79,0.01,50,33950,买盘
2561,10:56:18,6.78,--,7,4746,卖盘
2562,10:56:15,6.78,-0.01,18,12204,卖盘
2563,10:56:12,6.79,--,5,3395,买盘
2564,10:56:09,6.79,--,1,679,买盘
2565,10:56:06,6.79,0.01,174,118146,买盘
2566,10:56:03,6.78,--,32,21696,卖盘
2567,10:56:00,6.78,-0.01,9,6102,卖盘
2568,10:55:57,6.79,0.01,3,2037,买盘
2569,10:55:54,6.78,-0.01,102,69156,卖盘
2570,10:55:51,6.79,--,10,6790,买盘
2571,10:55:48,6.79,0.01,5,3395,买盘
2572,10:55:42,6.78,-0.01,103,69834,卖盘
2573,10:55:39,6.79,--,44,29876,买盘
2574,10:55:36,6.79,0.01,12,8148,买盘
2575,10:55:33,6.78,--,23,15594,卖盘
2576,10:55:30,6.78,-0.01,116,78648,卖盘
2577,10:55:27,6.79,--,239,162281,买盘
2578,10:55:24,6.79,0.01,101,68579,买盘
2579,10:55:18,6.78,-0.01,12,8136,卖盘
2580,10:55:15,6.79,0.01,50,33950,买盘
2581,10:55:12,6.78,-0.01,45,30510,卖盘
2582,10:55:09,6.79,0.01,22,14938,买盘
2583,10:55:06,6.78,--,11,7458,卖盘
2584,10:55:03,6.78,--,122,82716,卖盘
2585,10:55:00,6.78,--,230,155940,卖盘
2586,10:54:57,6.78,-0.01,100,67800,卖盘
2587,10:54:54,6.79,0.01,5,3395,买盘
2588,10:54:51,6.78,-0.01,6031,4089018,卖盘
2589,10:54:48,6.79,0.01,140,95060,买盘
2590,10:54:45,6.78,--,635,430530,卖盘
2591,10:54:42,6.78,--,71,48138,卖盘
2592,10:54:39,6.78,-0.01,139,94242,卖盘
2593,10:54:36,6.79,0.01,64,43456,买盘
2594,10:54:33,6.78,--,139,94242,卖盘
2595,10:54:30,6.78,-0.01,82,55596,卖盘
2596,10:54:27,6.79,0.01,823,558817,买盘
2597,10:54:24,6.78,-0.01,5,3390,卖盘
2598,10:54:21,6.79,--,101,68579,买盘
2599,10:54:18,6.79,0.01,8,5432,买盘
2600,10:54:15,6.78,-0.01,320,216960,卖盘
2601,10:54:12,6.79,--,10,6790,买盘
2602,10:54:09,6.79,0.01,55,37345,买盘
2603,10:54:06,6.78,--,83,56274,卖盘
2604,10:54:03,6.78,--,72,48816,卖盘
2605,10:54:00,6.78,--,6,4068,卖盘
2606,10:53:57,6.78,--,1409,955302,卖盘
2607,10:53:54,6.78,--,12,8136,卖盘
2608,10:53:51,6.78,-0.01,11,7458,卖盘
2609,10:53:48,6.79,0.01,314,213206,买盘
2610,10:53:45,6.78,--,65,44070,卖盘
2611,10:53:42,6.78,-0.01,48,32544,卖盘
2612,10:53:39,6.79,0.01,761,516719,买盘
2613,10:53:36,6.78,--,61,41358,卖盘
2614,10:53:33,6.78,--,1,678,卖盘
2615,10:53:30,6.78,-0.01,10,6780,卖盘
2616,10:53:27,6.79,--,154,104566,买盘
2617,10:53:24,6.79,0.01,41,27839,买盘
2618,10:53:21,6.78,--,607,411546,卖盘
2619,10:53:18,6.78,--,14,9492,卖盘
2620,10:53:15,6.78,-0.01,716,485448,卖盘
2621,10:53:12,6.79,0.01,84,57090,买盘
2622,10:53:09,6.78,--,12,8136,买盘
2623,10:53:06,6.78,--,212,144359,卖盘
2624,10:53:03,6.78,-0.01,1,678,卖盘
2625,10:53:00,6.79,--,3,2037,买盘
2626,10:52:57,6.79,0.01,4420,3001180,买盘
2627,10:52:54,6.78,-0.01,3607,2445546,卖盘
2628,10:52:51,6.79,--,266,180614,买盘
2629,10:52:48,6.79,0.01,21,14259,买盘
2630,10:52:45,6.78,--,110,74580,卖盘
2631,10:52:42,6.78,-0.01,117,79326,卖盘
2632,10:52:39,6.79,0.01,366,248514,买盘
2633,10:52:36,6.78,--,42,28476,卖盘
2634,10:52:33,6.78,--,33,22374,卖盘
2635,10:52:30,6.78,-0.01,39,26442,卖盘
2636,10:52:27,6.79,--,15,10185,买盘
2637,10:52:24,6.79,--,4,2716,买盘
2638,10:52:21,6.79,--,10,6790,买盘
2639,10:52:18,6.79,--,55,37345,买盘
2640,10:52:15,6.79,--,64,43456,买盘
2641,10:52:12,6.79,--,86,58394,买盘
2642,10:52:09,6.79,--,21,14259,买盘
2643,10:52:03,6.79,0.01,49,33271,买盘
2644,10:52:00,6.78,-0.01,22,14916,卖盘
2645,10:51:57,6.79,0.01,13,8827,买盘
2646,10:51:54,6.78,--,118,80004,卖盘
2647,10:51:51,6.78,--,56,37968,卖盘
2648,10:51:48,6.78,-0.01,70,47460,卖盘
2649,10:51:45,6.79,--,53,35987,买盘
2650,10:51:42,6.79,--,10,6790,买盘
2651,10:51:39,6.79,--,140,95060,买盘
2652,10:51:36,6.79,--,118,80122,买盘
2653,10:51:30,6.79,--,204,138516,买盘
2654,10:51:27,6.79,0.01,188,127652,买盘
2655,10:51:24,6.78,-0.01,158,107124,卖盘
2656,10:51:21,6.79,--,45,30555,买盘
2657,10:51:18,6.79,0.01,69,46851,买盘
2658,10:51:15,6.78,-0.01,94,63732,卖盘
2659,10:51:12,6.79,--,30,20370,买盘
2660,10:51:09,6.79,--,10,6790,买盘
2661,10:51:06,6.79,--,279,189441,卖盘
2662,10:51:03,6.79,-0.01,2,1358,卖盘
2663,10:51:00,6.8,0.01,6,4080,买盘
2664,10:50:57,6.79,--,219,148701,卖盘
2665,10:50:54,6.79,-0.01,39,26481,卖盘
2666,10:50:51,6.8,0.01,10,6800,买盘
2667,10:50:45,6.79,--,1011,686469,卖盘
2668,10:50:39,6.79,--,273,185367,卖盘
2669,10:50:36,6.79,--,33,22407,卖盘
2670,10:50:33,6.79,-0.01,55,37345,卖盘
2671,10:50:30,6.8,--,1564,1063520,买盘
2672,10:50:27,6.8,0.01,51,34680,买盘
2673,10:50:24,6.79,--,3,2037,卖盘
2674,10:50:21,6.79,--,1073,728567,卖盘
2675,10:50:18,6.79,--,200,135800,卖盘
2676,10:50:15,6.79,--,480,325920,买盘
2677,10:50:12,6.79,0.01,30,20370,买盘
2678,10:50:09,6.78,--,3,2034,卖盘
2679,10:50:06,6.78,-0.01,83,56274,卖盘
2680,10:50:03,6.79,--,30,20370,买盘
2681,10:49:57,6.79,--,127,86233,买盘
2682,10:49:54,6.79,--,405,274995,买盘
2683,10:49:51,6.79,--,149,101171,买盘
2684,10:49:48,6.79,--,148,100492,买盘
2685,10:49:45,6.79,--,63,42777,买盘
2686,10:49:42,6.79,--,26,17654,买盘
2687,10:49:39,6.79,--,37,25123,买盘
2688,10:49:36,6.79,-0.01,985,668815,卖盘
2689,10:49:30,6.8,0.01,1,680,买盘
2690,10:49:24,6.79,--,10,6790,卖盘
2691,10:49:21,6.79,--,106,71974,买盘
2692,10:49:18,6.79,0.01,195,132405,买盘
2693,10:49:15,6.78,--,11,7458,卖盘
2694,10:49:12,6.78,-0.01,52,35256,卖盘
2695,10:49:09,6.79,0.01,60,40740,买盘
2696,10:49:06,6.78,-0.01,36,24408,卖盘
2697,10:49:03,6.79,0.01,3,2037,买盘
2698,10:49:00,6.78,--,158,107124,卖盘
2699,10:48:57,6.78,-0.01,41,27798,卖盘
2700,10:48:54,6.79,--,10,6790,买盘
2701,10:48:51,6.79,0.01,3,2037,中性盘
2702,10:48:45,6.78,-0.01,145,98310,卖盘
2703,10:48:42,6.79,--,289,196231,卖盘
2704,10:48:39,6.79,-0.01,24,16296,卖盘
2705,10:48:36,6.8,0.01,21,14280,买盘
2706,10:48:33,6.79,--,177,120183,买盘
2707,10:48:30,6.79,--,226,153454,买盘
2708,10:48:27,6.79,--,28,19012,买盘
2709,10:48:24,6.79,-0.01,55,37345,卖盘
2710,10:48:21,6.8,0.01,128,87040,买盘
2711,10:48:18,6.79,-0.01,54,36666,卖盘
2712,10:48:15,6.8,0.01,10,6800,买盘
2713,10:48:12,6.79,-0.01,106,71974,卖盘
2714,10:48:09,6.8,--,10,6800,买盘
2715,10:48:06,6.8,--,39,26520,买盘
2716,10:48:03,6.8,--,90,61200,买盘
2717,10:48:00,6.8,--,105,71400,买盘
2718,10:47:57,6.8,--,198,134640,买盘
2719,10:47:54,6.8,--,21,14280,买盘
2720,10:47:51,6.8,--,211,143480,买盘
2721,10:47:48,6.8,--,18,12240,买盘
2722,10:47:45,6.8,--,300,204000,买盘
2723,10:47:42,6.8,--,26,17680,买盘
2724,10:47:39,6.8,--,23,15640,买盘
2725,10:47:36,6.8,--,40,27200,买盘
2726,10:47:33,6.8,0.01,20,13600,买盘
2727,10:47:30,6.79,-0.01,436,296044,卖盘
2728,10:47:27,6.8,--,8,5440,买盘
2729,10:47:24,6.8,0.01,50,34000,买盘
2730,10:47:21,6.79,--,43,29197,卖盘
2731,10:47:18,6.79,-0.01,538,365302,卖盘
2732,10:47:15,6.8,--,2,1360,买盘
2733,10:47:12,6.8,--,12,8160,买盘
2734,10:47:09,6.8,--,6,4080,买盘
2735,10:47:06,6.8,--,20,13600,买盘
2736,10:47:03,6.8,--,320,217600,买盘
2737,10:47:00,6.8,--,1944,1321920,买盘
2738,10:46:57,6.8,--,10,6800,买盘
2739,10:46:54,6.8,--,2,1360,买盘
2740,10:46:51,6.8,0.01,10,6800,买盘
2741,10:46:48,6.79,-0.01,90,61110,卖盘
2742,10:46:45,6.8,--,14,9520,卖盘
2743,10:46:42,6.8,--,21,14280,卖盘
2744,10:46:39,6.8,--,1023,695640,卖盘
2745,10:46:36,6.8,0.01,1494,1015974,买盘
2746,10:46:30,6.79,--,19,12901,卖盘
2747,10:46:27,6.79,--,27,18333,买盘
2748,10:46:24,6.79,0.01,30,20370,中性盘
2749,10:46:21,6.78,-0.01,2661,1804158,卖盘
2750,10:46:18,6.79,--,301,204379,买盘
2751,10:46:15,6.79,--,560,380240,买盘
2752,10:46:12,6.79,--,640,434560,买盘
2753,10:46:09,6.79,--,40,27160,买盘
2754,10:46:06,6.79,--,1052,714308,买盘
2755,10:46:03,6.79,--,54,36666,买盘
2756,10:46:00,6.79,--,105,71295,买盘
2757,10:45:57,6.79,--,466,317038,卖盘
2758,10:45:54,6.79,--,125,84929,买盘
2759,10:45:51,6.79,--,93,63147,买盘
2760,10:45:48,6.79,--,286,194194,买盘
2761,10:45:45,6.79,0.01,67,45493,买盘
2762,10:45:42,6.78,--,515,349170,卖盘
2763,10:45:39,6.78,-0.01,221,149838,卖盘
2764,10:45:36,6.79,--,501,340179,买盘
2765,10:45:33,6.79,--,1012,687148,买盘
2766,10:45:30,6.79,--,211,143269,买盘
2767,10:45:27,6.79,--,241,163639,买盘
2768,10:45:24,6.79,--,90,61110,买盘
2769,10:45:21,6.79,0.01,133,90307,买盘
2770,10:45:18,6.78,-0.01,279,189162,卖盘
2771,10:45:15,6.79,0.01,52,35308,买盘
2772,10:45:12,6.78,-0.01,2,1356,卖盘
2773,10:45:09,6.79,0.01,158,107282,买盘
2774,10:45:06,6.78,--,568,385104,卖盘
2775,10:45:03,6.78,--,78,52884,卖盘
2776,10:45:00,6.78,--,16,10848,卖盘
2777,10:44:57,6.78,--,859,582402,买盘
2778,10:44:54,6.78,--,53,35934,买盘
2779,10:44:51,6.78,--,35,23730,买盘
2780,10:44:48,6.78,--,2,1356,买盘
2781,10:44:45,6.78,--,1401,949878,卖盘
2782,10:44:42,6.78,--,1100,745800,卖盘
2783,10:44:39,6.78,--,327,221706,卖盘
2784,10:44:36,6.78,0.01,2703,1832634,买盘
2785,10:44:33,6.77,--,2512,1700624,卖盘
2786,10:44:30,6.77,--,141,95457,卖盘
2787,10:44:24,6.77,--,60,40620,卖盘
2788,10:44:21,6.77,--,89,60252,卖盘
2789,10:44:18,6.77,--,361,244396,买盘
2790,10:44:15,6.77,--,562,380474,买盘
2791,10:44:12,6.77,--,754,510457,买盘
2792,10:44:09,6.77,--,6456,4370712,卖盘
2793,10:44:06,6.77,--,107,72439,卖盘
2794,10:44:03,6.77,--,191,129306,卖盘
2795,10:44:00,6.77,--,416,281632,卖盘
2796,10:43:57,6.77,--,146,98842,卖盘
2797,10:43:54,6.77,--,1136,769072,卖盘
2798,10:43:51,6.77,--,597,404169,卖盘
2799,10:43:48,6.77,-0.01,244,165188,卖盘
2800,10:43:45,6.78,0.01,188,127464,买盘
2801,10:43:42,6.77,--,748,506395,卖盘
2802,10:43:39,6.77,--,1597,1081169,买盘
2803,10:43:36,6.77,--,1244,842188,买盘
2804,10:43:33,6.77,--,657,444789,买盘
2805,10:43:30,6.77,0.01,1143,773811,买盘
2806,10:43:27,6.76,-0.01,1200,811200,卖盘
2807,10:43:24,6.77,0.01,118,79886,买盘
2808,10:43:21,6.76,-0.01,4425,2991300,卖盘
2809,10:43:18,6.77,-0.01,52,35204,卖盘
2810,10:43:15,6.78,0.01,355,240690,买盘
2811,10:43:12,6.77,--,611,413647,买盘
2812,10:43:09,6.77,-0.01,221,149617,卖盘
2813,10:43:06,6.78,--,8025,5440950,买盘
2814,10:43:03,6.78,--,343,232554,买盘
2815,10:43:00,6.78,--,13,8814,买盘
2816,10:42:57,6.78,--,302,204756,卖盘
2817,10:42:54,6.78,--,8,5424,卖盘
2818,10:42:51,6.78,--,155,105090,卖盘
2819,10:42:48,6.78,--,82,55596,买盘
2820,10:42:45,6.78,--,2112,1431936,卖盘
2821,10:42:42,6.78,--,45,30510,卖盘
2822,10:42:39,6.78,--,381,258318,卖盘
2823,10:42:36,6.78,--,2320,1572960,卖盘
2824,10:42:33,6.78,--,1263,856314,卖盘
2825,10:42:30,6.78,-0.01,1202,814956,卖盘
2826,10:42:27,6.79,--,535,363265,买盘
2827,10:42:24,6.79,--,31,21049,买盘
2828,10:42:21,6.79,0.01,549,372771,买盘
2829,10:42:18,6.78,-0.01,59,40002,卖盘
2830,10:42:15,6.79,0.01,22,14938,买盘
2831,10:42:12,6.78,-0.01,1335,905130,卖盘
2832,10:42:09,6.79,0.01,337,228823,买盘
2833,10:42:06,6.78,-0.01,18,12204,卖盘
2834,10:42:03,6.79,--,46,31234,买盘
2835,10:42:00,6.79,-0.01,4915,3337692,卖盘
2836,10:41:57,6.8,--,1,680,买盘
2837,10:41:54,6.8,0.01,147,99960,买盘
2838,10:41:51,6.79,-0.01,44,29876,卖盘
2839,10:41:48,6.8,--,79,53720,买盘
2840,10:41:45,6.8,--,601,408680,卖盘
2841,10:41:42,6.8,-0.01,826,561680,卖盘
2842,10:41:39,6.81,--,128,87168,买盘
2843,10:41:36,6.81,--,95,64694,买盘
2844,10:41:33,6.81,--,126,85806,买盘
2845,10:41:27,6.81,--,336,228816,买盘
2846,10:41:24,6.81,--,74,50394,买盘
2847,10:41:21,6.81,0.01,116,78996,买盘
2848,10:41:18,6.8,--,47,31960,卖盘
2849,10:41:15,6.8,--,129,87720,卖盘
2850,10:41:09,6.8,--,42,28560,卖盘
2851,10:41:06,6.8,--,160,108800,买盘
2852,10:41:03,6.8,--,12,8160,买盘
2853,10:41:00,6.8,0.01,20,13600,买盘
2854,10:40:57,6.79,--,605,410795,卖盘
2855,10:40:54,6.79,--,839,569681,卖盘
2856,10:40:51,6.79,-0.01,289,196231,卖盘
2857,10:40:48,6.8,0.01,19,12920,买盘
2858,10:40:42,6.79,--,266,180614,卖盘
2859,10:40:39,6.79,-0.01,22,14938,卖盘
2860,10:40:36,6.8,--,604,410720,卖盘
2861,10:40:33,6.8,0.01,69,46920,卖盘
2862,10:40:30,6.79,-0.02,996,676284,卖盘
2863,10:40:27,6.81,0.01,240,163916,买盘
2864,10:40:24,6.8,--,302,205564,卖盘
2865,10:40:21,6.8,--,14,9520,卖盘
2866,10:40:18,6.8,--,103,70040,卖盘
2867,10:40:15,6.8,0.01,300,204476,买盘
2868,10:40:12,6.79,--,244,166151,卖盘
2869,10:40:09,6.79,--,1791,1216089,卖盘
2870,10:40:06,6.79,-0.01,128,86912,卖盘
2871,10:40:03,6.8,0.01,117,79560,买盘
2872,10:39:57,6.79,-0.01,1458,989982,卖盘
2873,10:39:54,6.8,0.01,1427,970360,买盘
2874,10:39:51,6.79,--,66,44814,卖盘
2875,10:39:48,6.79,-0.01,44,29876,卖盘
2876,10:39:45,6.8,0.01,125,85000,买盘
2877,10:39:42,6.79,--,390,264810,卖盘
2878,10:39:39,6.79,--,53,35987,卖盘
2879,10:39:36,6.79,--,82,55678,卖盘
2880,10:39:33,6.79,--,77,52283,卖盘
2881,10:39:30,6.79,--,54,36666,卖盘
2882,10:39:27,6.79,--,179,121541,卖盘
2883,10:39:24,6.79,0.01,56,38024,买盘
2884,10:39:21,6.78,-0.01,215,145770,卖盘
2885,10:39:18,6.79,0.01,668,453572,买盘
2886,10:39:15,6.78,-0.01,238,161364,卖盘
