,time,price,change,volume,amount,type
0,15:00:03,6.63,--,2853,1891539,买盘
1,14:57:00,6.63,0.01,1496,991848,买盘
2,14:56:57,6.62,-0.01,1010,668620,卖盘
3,14:56:54,6.63,0.01,260,172380,买盘
4,14:56:51,6.62,-0.01,74,48988,卖盘
5,14:56:48,6.63,--,5,3315,买盘
6,14:56:45,6.63,--,115,76245,买盘
7,14:56:42,6.63,--,39,25857,买盘
8,14:56:39,6.63,0.01,94,62322,买盘
9,14:56:36,6.62,-0.01,20,13240,卖盘
10,14:56:33,6.63,0.01,111,73593,买盘
11,14:56:30,6.62,-0.01,609,403158,卖盘
12,14:56:27,6.63,--,370,245310,买盘
13,14:56:24,6.63,--,1,663,买盘
14,14:56:21,6.63,0.01,97,64311,买盘
15,14:56:18,6.62,-0.01,220,145640,卖盘
16,14:56:15,6.63,--,103,68289,买盘
17,14:56:12,6.63,--,76,50388,买盘
18,14:56:09,6.63,--,29,19227,买盘
19,14:56:06,6.63,--,144,95472,买盘
20,14:56:03,6.63,--,56,37128,买盘
21,14:56:00,6.63,--,21,13923,买盘
22,14:55:57,6.63,--,86,57018,买盘
23,14:55:54,6.63,0.01,228,151164,买盘
24,14:55:51,6.62,-0.01,551,364762,卖盘
25,14:55:48,6.63,--,19,12597,卖盘
26,14:55:45,6.63,--,117,77571,卖盘
27,14:55:42,6.63,--,66,43758,卖盘
28,14:55:33,6.63,--,668,442884,卖盘
29,14:55:30,6.63,--,28,18564,卖盘
30,14:55:27,6.63,-0.01,30,19890,卖盘
31,14:55:24,6.64,--,78,51792,买盘
32,14:55:18,6.64,0.01,17,11288,买盘
33,14:55:15,6.63,-0.01,76,50388,卖盘
34,14:55:12,6.64,0.01,110,73040,买盘
35,14:55:09,6.63,--,95,62985,卖盘
36,14:55:03,6.63,--,94,62322,买盘
37,14:55:00,6.63,--,83,55029,买盘
38,14:54:57,6.63,--,5,3315,买盘
39,14:54:54,6.63,--,14,9282,买盘
40,14:54:51,6.63,--,358,237354,卖盘
41,14:54:48,6.63,-0.01,45,29835,卖盘
42,14:54:45,6.64,0.01,61,40504,买盘
43,14:54:42,6.63,--,20,13260,卖盘
44,14:54:36,6.63,-0.01,37,24531,卖盘
45,14:54:33,6.64,--,37,24568,买盘
46,14:54:30,6.64,0.01,2,1328,买盘
47,14:54:24,6.63,-0.01,20,13260,卖盘
48,14:54:21,6.64,--,212,140768,买盘
49,14:54:18,6.64,0.01,13,8632,买盘
50,14:54:15,6.63,0.02,59,39117,卖盘
51,14:54:12,6.61,-0.03,5158,3409438,卖盘
52,14:54:09,6.64,--,88,58432,买盘
53,14:54:06,6.64,--,130,86320,买盘
54,14:54:03,6.64,--,33,21912,买盘
55,14:54:00,6.64,0.01,2,1328,买盘
56,14:53:57,6.63,-0.01,51,33813,卖盘
57,14:53:54,6.64,0.01,38,25232,买盘
58,14:53:51,6.63,--,56,37128,买盘
59,14:53:48,6.63,--,47,31161,买盘
60,14:53:45,6.63,--,134,88842,卖盘
61,14:53:42,6.63,--,84,55692,卖盘
62,14:53:39,6.63,--,30,19890,卖盘
63,14:53:36,6.63,--,100,66300,卖盘
64,14:53:27,6.63,0.01,30,19890,卖盘
65,14:53:24,6.62,-0.02,1004,664648,卖盘
66,14:53:18,6.64,--,4,2656,买盘
67,14:53:15,6.64,0.02,146,96944,买盘
68,14:53:12,6.62,-0.01,86,56932,卖盘
69,14:53:09,6.63,--,130,86190,买盘
70,14:53:06,6.63,--,293,194259,买盘
71,14:53:03,6.63,--,603,399789,买盘
72,14:53:00,6.63,0.01,56,37128,买盘
73,14:52:57,6.62,-0.01,177,117174,卖盘
74,14:52:54,6.63,--,207,137241,买盘
75,14:52:51,6.63,--,213,141219,买盘
76,14:52:48,6.63,--,116,76908,买盘
77,14:52:45,6.63,--,216,143208,买盘
78,14:52:42,6.63,--,1,663,买盘
79,14:52:39,6.63,--,79,52377,买盘
80,14:52:36,6.63,--,3050,2022150,买盘
81,14:52:33,6.63,--,18,11934,买盘
82,14:52:30,6.63,--,126,83538,买盘
83,14:52:27,6.63,--,101,66963,买盘
84,14:52:24,6.63,--,5,3315,买盘
85,14:52:21,6.63,--,5,3315,买盘
86,14:52:18,6.63,--,144,95472,买盘
87,14:52:15,6.63,0.01,272,180336,买盘
88,14:52:12,6.62,--,61,40382,卖盘
89,14:52:09,6.62,-0.01,26,17212,卖盘
90,14:52:06,6.63,--,77,51051,买盘
91,14:52:00,6.63,0.01,8,5304,买盘
92,14:51:57,6.62,-0.01,591,391242,卖盘
93,14:51:54,6.63,--,47,31161,卖盘
94,14:51:51,6.63,--,48,31824,买盘
95,14:51:48,6.63,--,14,9282,买盘
96,14:51:45,6.63,--,1,663,买盘
97,14:51:42,6.63,--,3163,2097069,买盘
98,14:51:39,6.63,0.01,155,102765,买盘
99,14:51:36,6.62,-0.01,11,7282,卖盘
100,14:51:33,6.63,0.01,50,33150,买盘
101,14:51:30,6.62,-0.01,15,9930,卖盘
102,14:51:27,6.63,--,112,74256,买盘
103,14:51:24,6.63,--,29,19227,买盘
104,14:51:21,6.63,0.01,44,29172,买盘
105,14:51:18,6.62,-0.01,119,78778,卖盘
106,14:51:15,6.63,--,2,1326,买盘
107,14:51:12,6.63,--,105,69615,买盘
108,14:51:09,6.63,--,14,9282,买盘
109,14:51:06,6.63,--,10,6630,买盘
110,14:51:03,6.63,--,32,21216,买盘
111,14:51:00,6.63,--,303,200889,卖盘
112,14:50:57,6.63,--,49,32487,卖盘
113,14:50:54,6.63,--,60,39780,卖盘
114,14:50:51,6.63,-0.01,100,66300,卖盘
115,14:50:48,6.64,0.01,94,62416,买盘
116,14:50:45,6.63,-0.01,20,13260,买盘
117,14:50:42,6.64,0.02,122,81008,买盘
118,14:50:39,6.62,-0.01,87,57594,卖盘
119,14:50:36,6.63,--,170,112710,卖盘
120,14:50:33,6.63,--,40,26520,卖盘
121,14:50:30,6.63,--,73,48399,卖盘
122,14:50:27,6.63,--,20,13260,卖盘
123,14:50:24,6.63,--,52,34476,买盘
124,14:50:21,6.63,--,272,180336,买盘
125,14:50:18,6.63,--,31,20553,买盘
126,14:50:15,6.63,--,30,19890,买盘
127,14:50:12,6.63,--,55,36465,买盘
128,14:50:06,6.63,--,26,17238,买盘
129,14:50:03,6.63,--,43,28509,卖盘
130,14:50:00,6.63,0.01,88,58344,买盘
131,14:49:57,6.62,-0.01,53,35086,卖盘
132,14:49:54,6.63,-0.01,1968,1304784,卖盘
133,14:49:48,6.64,0.01,116,77024,买盘
134,14:49:45,6.63,--,2019,1338597,卖盘
135,14:49:42,6.63,-0.01,180,119340,卖盘
136,14:49:39,6.64,--,52,34528,买盘
137,14:49:36,6.64,--,2,1328,买盘
138,14:49:30,6.64,0.01,62,41168,买盘
139,14:49:27,6.63,-0.01,109,72267,卖盘
140,14:49:24,6.64,--,103,68392,买盘
141,14:49:21,6.64,0.01,18,11952,买盘
142,14:49:18,6.63,-0.01,80,53040,卖盘
143,14:49:15,6.64,--,398,264272,买盘
144,14:49:12,6.64,0.01,12,7968,买盘
145,14:49:09,6.63,--,71,47073,卖盘
146,14:49:06,6.63,-0.01,12,7956,卖盘
147,14:49:03,6.64,--,36,23904,买盘
148,14:49:00,6.64,--,43,28552,买盘
149,14:48:57,6.64,0.01,191,126824,买盘
150,14:48:54,6.63,--,7,4641,卖盘
151,14:48:51,6.63,--,10,6630,卖盘
152,14:48:48,6.63,-0.01,31,20553,卖盘
153,14:48:45,6.64,--,20,13280,买盘
154,14:48:42,6.64,0.01,50,33200,买盘
155,14:48:36,6.63,-0.01,36,23868,卖盘
156,14:48:30,6.64,0.01,381,252984,买盘
157,14:48:27,6.63,--,169,112047,卖盘
158,14:48:21,6.63,--,54,35802,卖盘
159,14:48:18,6.63,-0.01,16,10608,卖盘
160,14:48:15,6.64,--,2,1328,买盘
161,14:48:12,6.64,--,152,100928,买盘
162,14:48:06,6.64,--,32,21248,买盘
163,14:48:03,6.64,--,3,1992,买盘
164,14:48:00,6.64,0.01,1871,1242344,买盘
165,14:47:57,6.63,--,2,1326,卖盘
166,14:47:54,6.63,--,135,89505,卖盘
167,14:47:51,6.63,-0.01,42,27846,卖盘
168,14:47:48,6.64,--,12,7968,买盘
169,14:47:42,6.64,0.01,20,13280,买盘
170,14:47:39,6.63,--,1015,672945,卖盘
171,14:47:36,6.63,--,14,9282,卖盘
172,14:47:33,6.63,-0.01,1010,669630,卖盘
173,14:47:30,6.64,--,51,33864,买盘
174,14:47:24,6.64,0.01,18,11952,买盘
175,14:47:21,6.63,-0.01,40,26520,卖盘
176,14:47:18,6.64,0.01,5,3320,买盘
177,14:47:15,6.63,--,47,31161,卖盘
178,14:47:12,6.63,-0.01,4,2652,卖盘
179,14:47:09,6.64,--,102,67728,买盘
180,14:47:06,6.64,--,201,133464,买盘
181,14:47:03,6.64,--,66,43824,买盘
182,14:47:00,6.64,--,196,130144,买盘
183,14:46:57,6.64,0.01,100,66400,买盘
184,14:46:54,6.63,-0.01,250,165750,卖盘
185,14:46:51,6.64,--,50,33200,买盘
186,14:46:48,6.64,0.01,4,2656,买盘
187,14:46:45,6.63,-0.01,61,40443,卖盘
188,14:46:42,6.64,--,6,3984,买盘
189,14:46:39,6.64,--,1,664,买盘
190,14:46:36,6.64,--,439,291496,买盘
191,14:46:33,6.64,--,217,144453,卖盘
192,14:46:30,6.64,-0.01,503,333992,卖盘
193,14:46:27,6.65,--,229,152285,买盘
194,14:46:24,6.65,0.01,96,63840,买盘
195,14:46:21,6.64,--,100,66400,卖盘
196,14:46:18,6.64,-0.01,22,14608,卖盘
197,14:46:15,6.65,0.01,30,19950,买盘
198,14:46:12,6.64,--,50,33200,卖盘
199,14:46:06,6.64,-0.01,225,149400,卖盘
200,14:46:03,6.65,--,5,3325,买盘
201,14:46:00,6.65,0.01,48,31920,买盘
202,14:45:57,6.64,--,59,39176,卖盘
203,14:45:51,6.64,-0.01,15,9960,卖盘
204,14:45:48,6.65,--,7,4655,买盘
205,14:45:45,6.65,0.01,2,1330,买盘
206,14:45:42,6.64,--,8,5312,卖盘
207,14:45:33,6.64,--,24,15936,卖盘
208,14:45:30,6.64,--,186,123504,卖盘
209,14:45:24,6.64,0.01,394,261914,买盘
210,14:45:21,6.63,-0.01,14,9282,卖盘
211,14:45:18,6.64,0.01,4,2656,买盘
212,14:45:15,6.63,-0.01,34,22542,卖盘
213,14:45:12,6.64,--,6,3984,买盘
214,14:45:09,6.64,--,538,357232,买盘
215,14:45:06,6.64,0.01,2,1328,买盘
216,14:45:00,6.63,-0.01,62,41106,卖盘
217,14:44:57,6.64,0.01,57,37848,买盘
218,14:44:54,6.63,-0.01,145,96135,卖盘
219,14:44:51,6.64,0.01,274,181936,买盘
220,14:44:48,6.63,-0.01,111,73593,卖盘
221,14:44:42,6.64,0.01,190,126160,买盘
222,14:44:39,6.63,--,163,108069,卖盘
223,14:44:36,6.63,-0.01,43,28535,卖盘
224,14:44:27,6.64,--,19,12616,买盘
225,14:44:24,6.64,--,10,6640,买盘
226,14:44:21,6.64,--,29,19256,买盘
227,14:44:18,6.64,--,14,9296,买盘
228,14:44:12,6.64,--,14,9296,买盘
229,14:44:09,6.64,--,10,6640,买盘
230,14:44:06,6.64,--,48,31872,买盘
231,14:44:00,6.64,-0.01,684,454541,卖盘
232,14:43:57,6.65,--,60,39900,买盘
233,14:43:54,6.65,0.01,20,13300,买盘
234,14:43:51,6.64,-0.01,68,45152,卖盘
235,14:43:48,6.65,--,9,5985,买盘
236,14:43:45,6.65,--,61,40565,买盘
237,14:43:42,6.65,0.01,5,3325,买盘
238,14:43:39,6.64,--,122,81008,卖盘
239,14:43:36,6.64,--,13,8632,卖盘
240,14:43:33,6.64,-0.01,8,5312,卖盘
241,14:43:30,6.65,--,92,61180,买盘
242,14:43:27,6.65,0.01,834,554610,买盘
243,14:43:24,6.64,-0.01,15,9960,卖盘
244,14:43:21,6.65,0.01,30,19950,买盘
245,14:43:18,6.64,-0.01,82,54448,卖盘
246,14:43:15,6.65,--,119,79135,买盘
247,14:43:12,6.65,--,14,9310,买盘
248,14:43:09,6.65,--,17,11305,买盘
249,14:43:06,6.65,0.01,22,14630,买盘
250,14:43:03,6.64,--,25,16600,卖盘
251,14:43:00,6.64,--,217,144088,卖盘
252,14:42:57,6.64,--,35,23240,卖盘
253,14:42:54,6.64,-0.01,38,25232,卖盘
254,14:42:51,6.65,0.01,30,19950,买盘
255,14:42:48,6.64,--,35,23538,买盘
256,14:42:45,6.64,--,60,40205,卖盘
257,14:42:42,6.64,--,270,179280,卖盘
258,14:42:39,6.64,-0.01,8,5312,卖盘
259,14:42:36,6.65,0.01,13,8645,买盘
260,14:42:33,6.64,--,80,53120,卖盘
261,14:42:30,6.64,-0.01,56,37184,卖盘
262,14:42:27,6.65,0.01,2,1330,买盘
263,14:42:24,6.64,-0.01,25,16600,卖盘
264,14:42:21,6.65,--,20,13300,买盘
265,14:42:18,6.65,--,5,3325,买盘
266,14:42:15,6.65,0.01,73,48545,买盘
267,14:42:12,6.64,--,100,66400,卖盘
268,14:42:09,6.64,-0.01,63,41832,卖盘
269,14:42:06,6.65,0.01,1,665,买盘
270,14:42:00,6.64,-0.01,44,29216,卖盘
271,14:41:54,6.65,--,149,99085,买盘
272,14:41:51,6.65,0.01,47,31554,买盘
273,14:41:48,6.64,--,98,65072,买盘
274,14:41:42,6.64,--,98,65072,买盘
275,14:41:36,6.64,--,25,16965,卖盘
276,14:41:33,6.64,--,152,100928,卖盘
277,14:41:30,6.64,--,70,46480,卖盘
278,14:41:27,6.64,--,16,10624,卖盘
279,14:41:24,6.64,--,44,29216,卖盘
280,14:41:21,6.64,--,101,67064,卖盘
281,14:41:18,6.64,--,1005,667320,卖盘
282,14:41:15,6.64,--,49,32536,卖盘
283,14:41:12,6.64,--,110,73040,卖盘
284,14:41:09,6.64,-0.01,220,146080,卖盘
285,14:41:06,6.65,0.01,3,1995,买盘
286,14:41:00,6.64,-0.01,3,1992,卖盘
287,14:40:57,6.65,0.01,126,83790,买盘
288,14:40:54,6.64,-0.01,13,8632,卖盘
289,14:40:51,6.65,0.01,20,13300,买盘
290,14:40:48,6.64,--,56,37184,卖盘
291,14:40:45,6.64,--,11,7304,卖盘
292,14:40:42,6.64,--,10,6640,卖盘
293,14:40:39,6.64,--,32,21248,卖盘
294,14:40:36,6.64,--,30,19920,卖盘
295,14:40:33,6.64,--,50,33200,卖盘
296,14:40:30,6.64,--,61,40504,卖盘
297,14:40:24,6.64,--,15,9960,卖盘
298,14:40:21,6.64,--,103,68392,卖盘
299,14:40:18,6.64,--,64,42794,卖盘
300,14:40:15,6.64,--,9,5976,卖盘
301,14:40:12,6.64,-0.01,110,73040,卖盘
302,14:40:09,6.65,--,16,10640,买盘
303,14:40:06,6.65,0.01,2,1330,买盘
304,14:40:00,6.64,--,34,22576,卖盘
305,14:39:57,6.64,-0.01,100,66400,卖盘
306,14:39:54,6.65,--,7,4655,买盘
307,14:39:51,6.65,--,23,15295,买盘
308,14:39:48,6.65,0.01,4,2660,买盘
309,14:39:45,6.64,--,40,26560,买盘
310,14:39:42,6.64,--,10,6640,买盘
311,14:39:39,6.64,--,376,249664,买盘
312,14:39:36,6.64,--,71,47144,买盘
313,14:39:33,6.64,--,31,20584,买盘
314,14:39:30,6.64,--,73,48472,买盘
315,14:39:27,6.64,--,15,9960,买盘
316,14:39:24,6.64,0.01,33,21912,买盘
317,14:39:21,6.63,-0.01,39,25857,卖盘
318,14:39:18,6.64,--,55,36520,买盘
319,14:39:15,6.64,0.01,84,55776,买盘
320,14:39:12,6.63,-0.01,25,16575,卖盘
321,14:39:09,6.64,--,75,49800,买盘
322,14:39:06,6.64,--,126,83664,买盘
323,14:39:03,6.64,0.01,1120,743680,买盘
324,14:39:00,6.63,-0.01,88,58344,卖盘
325,14:38:57,6.64,0.01,28,18592,买盘
326,14:38:54,6.63,--,110,72930,卖盘
327,14:38:51,6.63,-0.01,10,6630,卖盘
328,14:38:48,6.64,--,107,71048,买盘
329,14:38:45,6.64,0.01,141,93624,买盘
330,14:38:42,6.63,--,38,25194,卖盘
331,14:38:39,6.63,-0.01,7,4641,卖盘
332,14:38:36,6.64,--,43,28552,买盘
333,14:38:33,6.64,0.01,20,13280,买盘
334,14:38:30,6.63,-0.01,5,3315,卖盘
335,14:38:24,6.64,--,164,108896,买盘
336,14:38:18,6.64,--,74,49136,买盘
337,14:38:15,6.64,0.01,114,75696,买盘
338,14:38:12,6.63,-0.01,1079,715377,卖盘
339,14:38:09,6.64,--,1,664,买盘
340,14:38:03,6.64,0.01,6,3984,买盘
341,14:38:00,6.63,-0.01,30,19890,卖盘
342,14:37:57,6.64,0.01,4,2656,买盘
343,14:37:54,6.63,--,6,3978,卖盘
344,14:37:51,6.63,-0.01,2,1326,卖盘
345,14:37:48,6.64,0.01,14,9296,买盘
346,14:37:45,6.63,-0.01,50,33150,卖盘
347,14:37:39,6.64,--,15,9960,买盘
348,14:37:30,6.64,--,71,47144,买盘
349,14:37:27,6.64,--,2,1328,买盘
350,14:37:24,6.64,--,70,46480,买盘
351,14:37:21,6.64,0.01,4,2656,买盘
352,14:37:18,6.63,--,27,17901,卖盘
353,14:37:15,6.63,-0.01,185,122655,卖盘
354,14:37:12,6.64,--,50,33200,买盘
355,14:37:09,6.64,--,220,146080,买盘
356,14:37:06,6.64,0.01,8,5312,买盘
357,14:37:03,6.63,--,12,7956,卖盘
358,14:36:57,6.63,-0.01,101,66963,卖盘
359,14:36:54,6.64,0.01,10,6640,买盘
360,14:36:51,6.63,--,50,33150,卖盘
361,14:36:48,6.63,-0.01,209,138567,卖盘
362,14:36:45,6.64,0.01,83,55112,买盘
363,14:36:42,6.63,--,154,102102,卖盘
364,14:36:39,6.63,-0.01,50,33150,卖盘
365,14:36:36,6.64,--,74,49136,买盘
366,14:36:33,6.64,0.01,11,7304,买盘
367,14:36:30,6.63,-0.01,19,12597,卖盘
368,14:36:27,6.64,--,5,3320,买盘
369,14:36:18,6.64,--,4,2656,买盘
370,14:36:15,6.64,--,5,3320,买盘
371,14:36:12,6.64,--,6,3984,买盘
372,14:36:09,6.64,--,137,90968,买盘
373,14:36:06,6.64,0.01,20,13280,买盘
374,14:36:00,6.63,-0.01,119,78897,卖盘
375,14:35:51,6.64,--,33,21912,买盘
376,14:35:48,6.64,--,4,2656,买盘
377,14:35:45,6.64,--,62,41168,买盘
378,14:35:42,6.64,0.01,1,664,买盘
379,14:35:39,6.63,-0.01,20,13260,卖盘
380,14:35:36,6.64,--,30,19920,买盘
381,14:35:33,6.64,0.01,45,29880,买盘
382,14:35:30,6.63,--,10,6630,卖盘
383,14:35:27,6.63,--,31,20553,卖盘
384,14:35:24,6.63,--,108,71604,卖盘
385,14:35:21,6.63,-0.01,44,29172,卖盘
386,14:35:18,6.64,--,4,2656,买盘
387,14:35:15,6.64,--,69,45816,买盘
388,14:35:09,6.64,0.01,8,5312,买盘
389,14:35:06,6.63,--,30,19890,卖盘
390,14:35:03,6.63,--,17,11271,卖盘
391,14:35:00,6.63,-0.01,30,19890,卖盘
392,14:34:57,6.64,--,249,165336,买盘
393,14:34:54,6.64,--,104,69056,买盘
394,14:34:51,6.64,--,10,6640,买盘
395,14:34:48,6.64,0.01,106,70384,买盘
396,14:34:45,6.63,-0.01,28,18564,卖盘
397,14:34:42,6.64,--,20,13280,买盘
398,14:34:39,6.64,--,15,9960,买盘
399,14:34:33,6.64,--,28,18592,买盘
400,14:34:30,6.64,--,5,3320,买盘
401,14:34:24,6.64,0.01,69,45816,买盘
402,14:34:21,6.63,-0.01,13,8619,卖盘
403,14:34:18,6.64,--,6,3984,买盘
404,14:34:15,6.64,--,6,3984,买盘
405,14:34:12,6.64,--,51,33864,买盘
406,14:34:09,6.64,--,44,29216,买盘
407,14:34:06,6.64,--,37,24568,买盘
408,14:34:03,6.64,--,19,12616,买盘
409,14:34:00,6.64,--,55,36520,买盘
410,14:33:57,6.64,--,19,12616,买盘
411,14:33:51,6.64,--,111,73704,买盘
412,14:33:48,6.64,--,431,286184,买盘
413,14:33:45,6.64,0.01,36,23904,买盘
414,14:33:42,6.63,--,48,31824,卖盘
415,14:33:39,6.63,-0.01,277,183651,卖盘
416,14:33:36,6.64,--,8,5312,买盘
417,14:33:33,6.64,0.01,2,1328,买盘
418,14:33:30,6.63,--,193,127959,卖盘
419,14:33:27,6.63,-0.01,13,8619,卖盘
420,14:33:24,6.64,--,460,305440,买盘
421,14:33:21,6.64,--,110,73040,买盘
422,14:33:18,6.64,--,606,402384,买盘
423,14:33:15,6.64,0.01,10,6640,买盘
424,14:33:09,6.63,-0.01,8,5304,卖盘
425,14:33:06,6.64,--,6,3984,买盘
426,14:33:00,6.64,--,2,1328,买盘
427,14:32:57,6.64,0.01,5,3320,买盘
428,14:32:54,6.63,-0.01,218,144534,卖盘
429,14:32:51,6.64,--,34,22576,买盘
430,14:32:48,6.64,--,5,3320,买盘
431,14:32:42,6.64,0.01,15,9960,买盘
432,14:32:39,6.63,-0.01,10,6630,卖盘
433,14:32:36,6.64,--,29,19256,买盘
434,14:32:33,6.64,0.01,27,17928,买盘
435,14:32:30,6.63,--,29,19227,卖盘
436,14:32:27,6.63,-0.01,11,7293,卖盘
437,14:32:24,6.64,--,397,263608,买盘
438,14:32:21,6.64,--,570,378480,买盘
439,14:32:18,6.64,0.01,13,8632,买盘
440,14:32:15,6.63,-0.01,95,62985,卖盘
441,14:32:09,6.64,--,208,138112,买盘
442,14:32:06,6.64,--,92,61088,买盘
443,14:32:03,6.64,0.01,16,10624,买盘
444,14:32:00,6.63,-0.01,520,344760,卖盘
445,14:31:57,6.64,--,35,23240,买盘
446,14:31:48,6.64,--,29,19256,买盘
447,14:31:45,6.64,--,23,15272,买盘
448,14:31:42,6.64,--,20,13280,买盘
449,14:31:39,6.64,--,1,664,买盘
450,14:31:36,6.64,--,10,6640,买盘
451,14:31:33,6.64,0.01,67,44488,买盘
452,14:31:27,6.63,-0.01,13,8619,卖盘
453,14:31:24,6.64,0.01,15,9960,买盘
454,14:31:21,6.63,-0.01,30,19890,卖盘
455,14:31:18,6.64,--,41,27224,买盘
456,14:31:15,6.64,0.01,19,12616,买盘
457,14:31:12,6.63,-0.01,166,110058,卖盘
458,14:31:09,6.64,--,2,1328,买盘
459,14:31:06,6.64,--,3,1992,买盘
460,14:31:03,6.64,0.01,81,53784,买盘
461,14:30:57,6.63,-0.01,6,3978,卖盘
462,14:30:54,6.64,--,32,21248,买盘
463,14:30:51,6.64,0.01,31,20584,买盘
464,14:30:48,6.63,--,131,86853,卖盘
465,14:30:45,6.63,-0.01,29,19227,卖盘
466,14:30:42,6.64,--,54,35856,买盘
467,14:30:39,6.64,--,49,32536,买盘
468,14:30:36,6.64,0.01,260,172640,买盘
469,14:30:33,6.63,-0.01,186,123318,卖盘
470,14:30:30,6.64,--,3,1992,买盘
471,14:30:27,6.64,--,25,16600,买盘
472,14:30:18,6.64,--,10,6640,买盘
473,14:30:15,6.64,0.01,33,21912,买盘
474,14:30:09,6.63,-0.01,76,50388,卖盘
475,14:30:06,6.64,0.01,70,46480,买盘
476,14:30:03,6.63,-0.01,1,663,卖盘
477,14:30:00,6.64,--,2,1328,买盘
478,14:29:57,6.64,0.01,4,2656,买盘
479,14:29:51,6.63,-0.01,100,66300,卖盘
480,14:29:48,6.64,--,5,3320,买盘
481,14:29:45,6.64,0.01,108,72356,买盘
482,14:29:39,6.63,-0.01,45,29854,卖盘
483,14:29:36,6.64,--,2,1328,买盘
484,14:29:33,6.64,0.01,1866,1239668,买盘
485,14:29:24,6.63,--,207,137241,买盘
486,14:29:18,6.63,--,11,7293,买盘
487,14:29:15,6.63,--,32,21216,买盘
488,14:29:12,6.63,--,4,2652,买盘
489,14:29:09,6.63,0.01,43,28509,买盘
490,14:29:06,6.62,-0.01,109,72158,卖盘
491,14:29:03,6.63,--,26,17238,买盘
492,14:29:00,6.63,--,313,207519,买盘
493,14:28:57,6.63,0.01,15,9945,买盘
494,14:28:54,6.62,-0.01,185,122470,卖盘
495,14:28:51,6.63,--,29,19227,买盘
496,14:28:48,6.63,--,12,7956,买盘
497,14:28:45,6.63,0.01,490,324870,买盘
498,14:28:39,6.62,-0.01,7,4634,卖盘
499,14:28:36,6.63,0.01,49,32487,买盘
500,14:28:33,6.62,--,2,1324,卖盘
501,14:28:30,6.62,-0.01,6,3972,卖盘
502,14:28:27,6.63,--,13,8619,买盘
503,14:28:24,6.63,--,10,6630,买盘
504,14:28:21,6.63,--,92,60996,买盘
505,14:28:18,6.63,--,11,7293,买盘
506,14:28:15,6.63,--,7,4641,买盘
507,14:28:12,6.63,--,104,68952,买盘
508,14:28:09,6.63,--,44,29172,买盘
509,14:28:06,6.63,--,6,3978,买盘
510,14:28:03,6.63,--,16,10608,买盘
511,14:27:57,6.63,--,14,9282,买盘
512,14:27:54,6.63,0.01,46,30498,买盘
513,14:27:48,6.62,-0.01,151,99962,卖盘
514,14:27:45,6.63,--,4,2652,买盘
515,14:27:39,6.63,0.01,11,7293,买盘
516,14:27:36,6.62,--,55,36410,卖盘
517,14:27:33,6.62,--,162,107244,卖盘
518,14:27:30,6.62,--,2,1324,卖盘
519,14:27:27,6.62,-0.01,17,11254,卖盘
520,14:27:24,6.63,--,24,15912,买盘
521,14:27:21,6.63,0.01,4,2652,买盘
522,14:27:18,6.62,-0.01,38,25156,卖盘
523,14:27:12,6.63,--,9,5967,买盘
524,14:27:06,6.63,0.01,54,35802,买盘
525,14:27:03,6.62,-0.01,50,33100,卖盘
526,14:27:00,6.63,--,4,2652,买盘
527,14:26:57,6.63,0.01,66,43758,买盘
528,14:26:51,6.62,-0.01,130,86060,卖盘
529,14:26:48,6.63,--,19,12597,买盘
530,14:26:45,6.63,--,1,663,买盘
531,14:26:42,6.63,0.01,10,6630,买盘
532,14:26:39,6.62,-0.01,24,15888,卖盘
533,14:26:33,6.63,--,25,16575,买盘
534,14:26:30,6.63,--,54,35802,买盘
535,14:26:27,6.63,0.01,4,2652,买盘
536,14:26:21,6.62,-0.01,1,662,卖盘
537,14:26:18,6.63,--,9,5967,买盘
538,14:26:15,6.63,0.01,15,9945,买盘
539,14:26:12,6.62,-0.01,3,1986,卖盘
540,14:26:09,6.63,--,1,663,买盘
541,14:26:06,6.63,0.01,110,72930,买盘
542,14:26:03,6.62,--,51,33762,卖盘
543,14:26:00,6.62,--,56,37072,卖盘
544,14:25:57,6.62,-0.01,69,45678,卖盘
545,14:25:54,6.63,0.01,4,2652,买盘
546,14:25:51,6.62,-0.01,100,66200,卖盘
547,14:25:48,6.63,--,22,14586,买盘
548,14:25:45,6.63,--,1,663,买盘
549,14:25:42,6.63,0.01,14,9282,买盘
550,14:25:39,6.62,--,29,19198,卖盘
551,14:25:36,6.62,-0.01,37,24494,卖盘
552,14:25:33,6.63,--,19,12597,买盘
553,14:25:30,6.63,--,11,7293,买盘
554,14:25:27,6.63,--,4,2652,买盘
555,14:25:24,6.63,0.01,5,3315,买盘
556,14:25:21,6.62,-0.01,59,39058,卖盘
557,14:25:18,6.63,--,68,45084,买盘
558,14:25:15,6.63,--,10,6630,买盘
559,14:25:12,6.63,--,27,17901,买盘
560,14:25:09,6.63,--,29,19227,买盘
561,14:25:06,6.63,0.01,21,13923,买盘
562,14:25:03,6.62,-0.01,30,19860,卖盘
563,14:25:00,6.63,--,13,8619,买盘
564,14:24:57,6.63,0.01,3,1989,买盘
565,14:24:54,6.62,-0.01,108,71496,卖盘
566,14:24:51,6.63,--,39,25857,买盘
567,14:24:48,6.63,--,195,129285,买盘
568,14:24:45,6.63,0.01,500,331500,买盘
569,14:24:42,6.62,-0.01,230,152260,卖盘
570,14:24:39,6.63,--,157,104091,买盘
571,14:24:36,6.63,0.01,4,2652,买盘
572,14:24:33,6.62,--,1,754,卖盘
573,14:24:27,6.62,--,404,267448,卖盘
574,14:24:24,6.62,--,13,8606,卖盘
575,14:24:21,6.62,--,2,1324,卖盘
576,14:24:15,6.62,-0.01,96,63552,卖盘
577,14:24:12,6.63,--,79,52377,买盘
578,14:24:09,6.63,--,125,82875,买盘
579,14:24:06,6.63,0.01,68,45084,买盘
580,14:24:03,6.62,-0.01,1646,1089652,卖盘
581,14:24:00,6.63,--,27,17901,买盘
582,14:23:54,6.63,--,20,13260,买盘
583,14:23:51,6.63,0.01,14,9282,买盘
584,14:23:48,6.62,-0.01,30,19860,卖盘
585,14:23:45,6.63,--,15,9945,买盘
586,14:23:42,6.63,0.01,8,5304,买盘
587,14:23:39,6.62,--,84,55608,卖盘
588,14:23:33,6.62,-0.01,1138,753356,卖盘
589,14:23:30,6.63,--,16,10608,买盘
590,14:23:24,6.63,--,41,27183,买盘
591,14:23:21,6.63,--,30,19890,买盘
592,14:23:18,6.63,0.01,1014,672282,买盘
593,14:23:15,6.62,--,136,90032,卖盘
594,14:23:12,6.62,-0.01,123,81426,卖盘
595,14:23:09,6.63,0.01,9,5967,买盘
596,14:23:06,6.62,-0.01,25,16550,卖盘
597,14:23:03,6.63,0.01,19,12597,买盘
598,14:23:00,6.62,-0.01,1,662,卖盘
599,14:22:57,6.63,--,41,27183,买盘
600,14:22:54,6.63,--,73,48399,买盘
601,14:22:45,6.63,--,481,318903,买盘
602,14:22:42,6.63,--,14,9282,买盘
603,14:22:39,6.63,--,27,17901,买盘
604,14:22:36,6.63,0.01,73,48399,买盘
605,14:22:33,6.62,--,212,140344,卖盘
606,14:22:30,6.62,-0.01,412,272744,卖盘
607,14:22:27,6.63,--,29,19227,买盘
608,14:22:24,6.63,--,10,6630,买盘
609,14:22:21,6.63,0.01,27,17901,买盘
610,14:22:15,6.62,-0.01,47,31114,卖盘
611,14:22:12,6.63,0.01,400,265200,买盘
612,14:22:06,6.62,--,12,7944,卖盘
613,14:22:03,6.62,--,106,70172,卖盘
614,14:22:00,6.62,--,2,1324,卖盘
615,14:21:57,6.62,-0.01,176,116512,卖盘
616,14:21:51,6.63,0.01,3,1989,买盘
617,14:21:48,6.62,--,458,303196,卖盘
618,14:21:45,6.62,--,10,6620,卖盘
619,14:21:42,6.62,-0.01,219,144978,卖盘
620,14:21:39,6.63,--,46,30498,买盘
621,14:21:36,6.63,0.01,769,509847,买盘
622,14:21:33,6.62,--,255,168810,卖盘
623,14:21:30,6.62,-0.01,204,135048,卖盘
624,14:21:27,6.63,0.01,36,23868,买盘
625,14:21:24,6.62,--,53,35086,卖盘
626,14:21:21,6.62,-0.01,852,564024,卖盘
627,14:21:18,6.63,0.01,130,86190,买盘
628,14:21:12,6.62,--,2060,1363720,卖盘
629,14:21:09,6.62,-0.01,133,88046,卖盘
630,14:21:06,6.63,0.01,5,3315,买盘
631,14:21:03,6.62,--,60,39720,卖盘
632,14:21:00,6.62,--,42,27804,卖盘
633,14:20:57,6.62,-0.01,505,334310,卖盘
634,14:20:54,6.63,--,199,131937,买盘
635,14:20:51,6.63,--,2,1326,买盘
636,14:20:48,6.63,--,108,71604,买盘
637,14:20:45,6.63,--,21,13923,买盘
638,14:20:42,6.63,--,12,7956,买盘
639,14:20:39,6.63,--,273,180999,买盘
640,14:20:33,6.63,--,134,88842,买盘
641,14:20:30,6.63,0.01,54,35802,买盘
642,14:20:27,6.62,-0.01,12,7944,卖盘
643,14:20:24,6.63,0.01,14,9282,买盘
644,14:20:21,6.62,-0.01,312,206544,卖盘
645,14:20:18,6.63,--,11,7293,买盘
646,14:20:15,6.63,--,44,29172,买盘
647,14:20:12,6.63,--,4,2652,买盘
648,14:20:09,6.63,0.01,26,17238,买盘
649,14:20:06,6.62,-0.01,76,50312,卖盘
650,14:20:03,6.63,0.01,4,2652,买盘
651,14:19:57,6.62,-0.01,52,34424,卖盘
652,14:19:54,6.63,--,18,11934,买盘
653,14:19:51,6.63,--,7,4641,买盘
654,14:19:48,6.63,--,31,20553,买盘
655,14:19:45,6.63,--,10,6630,买盘
656,14:19:42,6.63,0.01,9,5967,买盘
657,14:19:39,6.62,-0.01,51,33762,卖盘
658,14:19:36,6.63,--,5,3315,买盘
659,14:19:33,6.63,0.01,30,19890,买盘
660,14:19:30,6.62,-0.01,64,42368,卖盘
661,14:19:27,6.63,0.01,23,15249,买盘
662,14:19:21,6.62,--,14,9268,卖盘
663,14:19:18,6.62,--,87,57594,卖盘
664,14:19:15,6.62,-0.01,225,148950,卖盘
665,14:19:09,6.63,0.01,134,88842,买盘
666,14:19:06,6.62,-0.01,125,82750,卖盘
667,14:19:03,6.63,--,5,3315,买盘
668,14:19:00,6.63,0.01,23,15249,买盘
669,14:18:57,6.62,-0.01,77,50974,卖盘
670,14:18:54,6.63,--,118,78234,买盘
671,14:18:51,6.63,0.01,99,65637,买盘
672,14:18:48,6.62,-0.01,30,19860,卖盘
673,14:18:45,6.63,--,14,9282,买盘
674,14:18:42,6.63,0.01,4,2652,买盘
675,14:18:39,6.62,--,53,35086,卖盘
676,14:18:36,6.62,-0.01,55,36410,卖盘
677,14:18:33,6.63,0.01,4,2652,买盘
678,14:18:30,6.62,--,36,23832,卖盘
679,14:18:27,6.62,-0.01,24,15888,卖盘
680,14:18:24,6.63,--,26,17238,买盘
681,14:18:21,6.63,--,38,25194,买盘
682,14:18:18,6.63,0.01,62,41106,买盘
683,14:18:15,6.62,-0.01,1,662,卖盘
684,14:18:12,6.63,--,14,9282,买盘
685,14:18:09,6.63,0.01,27,17901,买盘
686,14:18:06,6.62,-0.01,25,16550,卖盘
687,14:18:03,6.63,--,56,37128,买盘
688,14:18:00,6.63,--,81,53703,买盘
689,14:17:54,6.63,--,12,7956,买盘
690,14:17:48,6.63,--,5,3315,买盘
691,14:17:45,6.63,0.01,11,7293,买盘
692,14:17:42,6.62,-0.01,51,33762,卖盘
693,14:17:39,6.63,--,100,66300,买盘
694,14:17:36,6.63,0.01,595,394485,买盘
695,14:17:33,6.62,--,60,39720,卖盘
696,14:17:30,6.62,--,104,68848,卖盘
697,14:17:27,6.62,--,10,6620,卖盘
698,14:17:24,6.62,-0.01,67,44354,卖盘
699,14:17:21,6.63,--,59,39117,买盘
700,14:17:18,6.63,0.01,10,6630,买盘
701,14:17:15,6.62,-0.01,29,19198,卖盘
702,14:17:12,6.63,--,10,6630,买盘
703,14:17:09,6.63,--,108,71604,买盘
704,14:17:06,6.63,--,10,6630,买盘
705,14:17:03,6.63,--,9,5967,买盘
706,14:17:00,6.63,--,40,26520,买盘
707,14:16:57,6.63,--,51,33813,买盘
708,14:16:54,6.63,--,9,5967,买盘
709,14:16:51,6.63,--,210,139230,买盘
710,14:16:48,6.63,--,2,1326,买盘
711,14:16:45,6.63,--,58,38454,买盘
712,14:16:42,6.63,-0.01,1129,749103,卖盘
713,14:16:39,6.64,0.01,63,41832,买盘
714,14:16:36,6.63,--,40,26520,卖盘
715,14:16:33,6.63,-0.01,4,2652,卖盘
716,14:16:30,6.64,0.01,24,15936,买盘
717,14:16:24,6.63,-0.01,80,53040,卖盘
718,14:16:21,6.64,--,29,19256,买盘
719,14:16:18,6.64,0.01,413,274232,买盘
720,14:16:12,6.63,-0.01,41,27183,卖盘
721,14:16:09,6.64,--,45,29880,买盘
722,14:16:06,6.64,0.01,1,664,买盘
723,14:16:03,6.63,--,83,55029,卖盘
724,14:16:00,6.63,-0.01,54,35802,卖盘
725,14:15:57,6.64,--,4,2656,买盘
726,14:15:54,6.64,0.01,15,9960,买盘
727,14:15:51,6.63,-0.01,4,2652,卖盘
728,14:15:48,6.64,--,18,11952,买盘
729,14:15:45,6.64,0.01,30,19920,买盘
730,14:15:39,6.63,-0.01,131,86853,卖盘
731,14:15:36,6.64,--,12,7968,买盘
732,14:15:33,6.64,--,13,8632,买盘
733,14:15:27,6.64,--,9,5976,买盘
734,14:15:24,6.64,--,308,204512,买盘
735,14:15:18,6.64,--,3,1992,买盘
736,14:15:15,6.64,--,5,3320,买盘
737,14:15:09,6.64,0.01,1,664,买盘
738,14:15:06,6.63,--,202,133926,卖盘
739,14:15:03,6.63,-0.01,208,137904,卖盘
740,14:15:00,6.64,--,2,1328,买盘
741,14:14:57,6.64,0.01,496,329344,买盘
742,14:14:51,6.63,-0.01,50,33150,卖盘
743,14:14:48,6.64,--,3,1992,买盘
744,14:14:42,6.64,--,54,35856,买盘
745,14:14:36,6.64,--,471,312744,买盘
746,14:14:33,6.64,--,5,3320,买盘
747,14:14:30,6.64,--,320,212480,买盘
748,14:14:27,6.64,0.01,19,12616,买盘
749,14:14:21,6.63,-0.01,260,172380,卖盘
750,14:14:18,6.64,0.01,7,4648,买盘
751,14:14:15,6.63,-0.01,109,72267,卖盘
752,14:14:12,6.64,--,1,664,买盘
753,14:14:09,6.64,--,14,9296,买盘
754,14:14:06,6.64,0.01,1,664,买盘
755,14:14:03,6.63,-0.01,388,257244,卖盘
756,14:14:00,6.64,--,4,2656,买盘
757,14:13:57,6.64,0.01,13,8632,买盘
758,14:13:51,6.63,-0.01,162,107406,卖盘
759,14:13:48,6.64,--,29,19256,买盘
760,14:13:45,6.64,--,4,2656,买盘
761,14:13:42,6.64,--,4,2656,买盘
762,14:13:39,6.64,--,27,17928,买盘
763,14:13:36,6.64,0.01,65,43160,买盘
764,14:13:33,6.63,--,17,11271,卖盘
765,14:13:30,6.63,--,47,31161,卖盘
766,14:13:27,6.63,--,10,6630,卖盘
767,14:13:24,6.63,--,54,35802,卖盘
768,14:13:21,6.63,-0.01,15,9945,卖盘
769,14:13:18,6.64,--,3,1992,买盘
770,14:13:12,6.64,--,214,142096,买盘
771,14:13:09,6.64,--,21,13944,买盘
772,14:13:06,6.64,--,9,5976,买盘
773,14:13:03,6.64,--,27,17928,买盘
774,14:13:00,6.64,--,34,22576,买盘
775,14:12:57,6.64,0.01,65,43160,买盘
776,14:12:54,6.63,-0.01,108,71604,卖盘
777,14:12:51,6.64,--,14,9296,买盘
778,14:12:48,6.64,--,5,3320,买盘
779,14:12:45,6.64,--,33,21912,买盘
780,14:12:42,6.64,--,2,1328,买盘
781,14:12:39,6.64,--,4,2656,买盘
782,14:12:36,6.64,--,69,45816,买盘
783,14:12:33,6.64,--,5,3320,买盘
784,14:12:30,6.64,--,26,17264,买盘
785,14:12:27,6.64,0.01,9,5976,买盘
786,14:12:24,6.63,-0.01,36,23868,卖盘
787,14:12:18,6.64,0.01,47,31208,买盘
788,14:12:12,6.63,-0.01,118,78234,卖盘
789,14:12:09,6.64,--,231,153384,买盘
790,14:12:06,6.64,0.01,6,3984,买盘
791,14:12:03,6.63,-0.01,270,179010,卖盘
792,14:12:00,6.64,--,29,19256,买盘
793,14:11:57,6.64,0.01,19,12616,买盘
794,14:11:54,6.63,-0.01,6,3978,卖盘
795,14:11:48,6.64,--,8,5312,买盘
796,14:11:45,6.64,0.01,20,13280,买盘
797,14:11:39,6.63,-0.01,44,29172,卖盘
798,14:11:36,6.64,--,103,68392,买盘
799,14:11:33,6.64,--,17,11288,买盘
800,14:11:30,6.64,--,19,12616,买盘
801,14:11:27,6.64,--,9,5976,买盘
802,14:11:21,6.64,0.01,47,31208,买盘
803,14:11:18,6.63,-0.01,18,11934,卖盘
804,14:11:15,6.64,--,17,11288,买盘
805,14:11:12,6.64,--,28,18592,买盘
806,14:11:06,6.64,--,43,28552,买盘
807,14:11:03,6.64,--,54,35856,买盘
808,14:11:00,6.64,--,23,15272,买盘
809,14:10:57,6.64,--,15,9960,买盘
810,14:10:54,6.64,--,26,17264,买盘
811,14:10:51,6.64,--,7,4648,买盘
812,14:10:48,6.64,--,4,2656,买盘
813,14:10:45,6.64,--,5,3320,买盘
814,14:10:42,6.64,--,71,47144,买盘
815,14:10:39,6.64,0.01,31,20584,买盘
816,14:10:36,6.63,-0.01,155,102765,卖盘
817,14:10:33,6.64,--,137,90968,买盘
818,14:10:30,6.64,--,75,49800,买盘
819,14:10:27,6.64,--,24,15936,买盘
820,14:10:24,6.64,--,15,9960,买盘
821,14:10:21,6.64,--,34,22576,买盘
822,14:10:18,6.64,--,180,119520,买盘
823,14:10:15,6.64,--,21,13944,买盘
824,14:10:12,6.64,--,9,5976,买盘
825,14:10:09,6.64,--,1,664,买盘
826,14:10:06,6.64,--,4,2656,买盘
827,14:10:03,6.64,--,52,34528,买盘
828,14:10:00,6.64,--,48,31872,买盘
829,14:09:54,6.64,--,64,42496,买盘
830,14:09:48,6.64,0.01,48,31872,买盘
831,14:09:45,6.63,-0.01,48,31824,卖盘
832,14:09:42,6.64,0.01,4,2656,买盘
833,14:09:39,6.63,-0.01,44,29172,卖盘
834,14:09:36,6.64,--,105,69720,买盘
835,14:09:33,6.64,--,18,11952,买盘
836,14:09:30,6.64,--,365,242360,买盘
837,14:09:27,6.64,0.01,18,11952,买盘
838,14:09:24,6.63,-0.01,35,23205,卖盘
839,14:09:21,6.64,--,4,2656,买盘
840,14:09:18,6.64,--,13,8632,买盘
841,14:09:15,6.64,--,4,2656,买盘
842,14:09:12,6.64,--,43,28552,买盘
843,14:09:09,6.64,--,49,32536,买盘
844,14:09:06,6.64,--,119,79016,买盘
845,14:09:03,6.64,--,39,25896,买盘
846,14:09:00,6.64,0.01,57,37848,买盘
847,14:08:57,6.63,-0.01,17,11271,卖盘
848,14:08:54,6.64,0.01,13,8632,买盘
849,14:08:51,6.63,-0.01,209,138567,卖盘
850,14:08:48,6.64,--,7,4648,买盘
851,14:08:42,6.64,--,4,2656,买盘
852,14:08:39,6.64,--,9,5976,买盘
853,14:08:36,6.64,--,302,200528,买盘
854,14:08:33,6.64,--,61,40504,买盘
855,14:08:30,6.64,--,19,12616,买盘
856,14:08:27,6.64,--,4,2656,买盘
857,14:08:24,6.64,--,9,5976,买盘
858,14:08:21,6.64,--,18,11952,买盘
859,14:08:18,6.64,--,135,89640,买盘
860,14:08:15,6.64,--,4,2656,买盘
861,14:08:09,6.64,--,132,87648,买盘
862,14:08:06,6.64,--,58,38512,买盘
863,14:08:03,6.64,--,61,40504,买盘
864,14:08:00,6.64,--,23,15272,买盘
865,14:07:57,6.64,--,34,22576,买盘
866,14:07:54,6.64,--,13,8632,买盘
867,14:07:48,6.64,0.01,17,11288,买盘
868,14:07:45,6.63,-0.01,24,15912,卖盘
869,14:07:42,6.64,--,30,19920,买盘
870,14:07:39,6.64,--,2,1328,买盘
871,14:07:36,6.64,--,31,20584,买盘
872,14:07:33,6.64,--,72,47808,买盘
873,14:07:30,6.64,0.01,357,237048,买盘
874,14:07:27,6.63,-0.01,24,15912,卖盘
875,14:07:24,6.64,0.01,15,9960,买盘
876,14:07:21,6.63,--,5,3315,卖盘
877,14:07:18,6.63,--,202,133926,卖盘
878,14:07:15,6.63,-0.01,107,70941,卖盘
879,14:07:12,6.64,--,97,64408,买盘
880,14:07:09,6.64,--,19,12616,买盘
881,14:07:03,6.64,--,62,41168,买盘
882,14:07:00,6.64,0.01,19,12616,买盘
883,14:06:57,6.63,-0.01,1,663,卖盘
884,14:06:54,6.64,0.01,31,20584,买盘
885,14:06:51,6.63,-0.01,704,466752,卖盘
886,14:06:48,6.64,--,5,3320,买盘
887,14:06:45,6.64,0.01,10,6640,买盘
888,14:06:42,6.63,-0.01,422,279786,卖盘
889,14:06:39,6.64,--,38,25232,买盘
890,14:06:33,6.64,--,47,31208,买盘
891,14:06:30,6.64,--,43,28552,买盘
892,14:06:27,6.64,--,14,9296,买盘
893,14:06:24,6.64,--,9,5976,买盘
894,14:06:21,6.64,--,4,2656,买盘
895,14:06:18,6.64,--,59,39176,买盘
896,14:06:15,6.64,--,21,13944,买盘
897,14:06:12,6.64,--,133,88312,买盘
898,14:06:09,6.64,--,76,50464,买盘
899,14:06:06,6.64,-0.01,19,12616,卖盘
900,14:06:03,6.65,--,39,25935,买盘
901,14:06:00,6.65,0.01,26,17290,买盘
902,14:05:57,6.64,--,164,108896,卖盘
903,14:05:54,6.64,--,244,162673,买盘
904,14:05:51,6.64,--,17,11288,买盘
905,14:05:48,6.64,--,22,14608,买盘
906,14:05:45,6.64,--,50,33200,买盘
907,14:05:39,6.64,--,12,7968,买盘
908,14:05:36,6.64,--,31,20584,买盘
909,14:05:33,6.64,0.01,40,26560,买盘
910,14:05:30,6.63,-0.01,334,221442,卖盘
911,14:05:24,6.64,--,20,13280,买盘
912,14:05:18,6.64,--,3,1992,买盘
913,14:05:15,6.64,--,20,13280,买盘
914,14:05:12,6.64,--,4,2656,买盘
915,14:05:09,6.64,--,77,51128,买盘
916,14:05:06,6.64,--,11,7304,买盘
917,14:05:03,6.64,-0.01,467,310094,卖盘
918,14:05:00,6.65,--,1561,1038065,买盘
919,14:04:57,6.65,0.01,1,665,买盘
920,14:04:54,6.64,-0.01,10,6640,卖盘
921,14:04:51,6.65,--,5,3325,买盘
922,14:04:48,6.65,--,112,74480,买盘
923,14:04:45,6.65,0.01,6,3990,买盘
924,14:04:42,6.64,-0.01,42,27888,卖盘
925,14:04:39,6.65,--,66,43890,买盘
926,14:04:36,6.65,--,50,33250,买盘
927,14:04:33,6.65,0.01,58,38570,买盘
928,14:04:30,6.64,-0.01,34,22576,卖盘
929,14:04:27,6.65,--,4,2660,买盘
930,14:04:24,6.65,0.01,9,5985,买盘
931,14:04:21,6.64,-0.01,317,210488,卖盘
932,14:04:18,6.65,--,9,5985,买盘
933,14:04:15,6.65,--,8,5320,买盘
934,14:04:06,6.65,--,15,9975,买盘
935,14:04:03,6.65,--,251,166915,买盘
936,14:04:00,6.65,--,19,12635,买盘
937,14:03:57,6.65,0.01,5,3325,买盘
938,14:03:54,6.64,-0.01,185,122840,卖盘
939,14:03:51,6.65,0.01,2,1330,买盘
940,14:03:48,6.64,-0.01,105,69720,卖盘
941,14:03:45,6.65,--,78,51870,买盘
942,14:03:42,6.65,--,22,14630,买盘
943,14:03:39,6.65,--,2,1330,买盘
944,14:03:36,6.65,--,27,17955,买盘
945,14:03:33,6.65,0.01,62,41230,买盘
946,14:03:30,6.64,-0.01,30,19920,卖盘
947,14:03:27,6.65,--,50,33250,买盘
948,14:03:24,6.65,--,13,8645,买盘
949,14:03:21,6.65,--,64,42560,买盘
950,14:03:18,6.65,--,5,3325,买盘
951,14:03:15,6.65,--,23,15295,买盘
952,14:03:12,6.65,0.01,198,131670,买盘
953,14:03:09,6.64,-0.01,840,557760,卖盘
954,14:03:06,6.65,--,25,16625,买盘
955,14:03:03,6.65,--,43,28595,买盘
956,14:03:00,6.65,--,37,24605,买盘
957,14:02:54,6.65,--,19,12635,买盘
958,14:02:51,6.65,--,4,2660,买盘
959,14:02:48,6.65,--,219,145635,买盘
960,14:02:42,6.65,--,1,665,买盘
961,14:02:39,6.65,--,4,2660,买盘
962,14:02:36,6.65,0.01,193,128345,买盘
963,14:02:33,6.64,-0.01,47,31208,卖盘
964,14:02:30,6.65,--,21,13965,买盘
965,14:02:27,6.65,--,5,3325,买盘
966,14:02:24,6.65,--,9,5985,买盘
967,14:02:21,6.65,--,100,66500,买盘
968,14:02:18,6.65,--,7,4655,买盘
969,14:02:12,6.65,0.01,29,19285,买盘
970,14:02:09,6.64,-0.01,102,67728,卖盘
971,14:02:06,6.65,--,11,7315,买盘
972,14:02:03,6.65,--,111,73815,买盘
973,14:02:00,6.65,--,24,15960,买盘
974,14:01:54,6.65,--,77,51205,买盘
975,14:01:51,6.65,--,11,7315,买盘
976,14:01:48,6.65,--,16,10640,买盘
977,14:01:45,6.65,--,8,5320,买盘
978,14:01:42,6.65,--,126,83790,买盘
979,14:01:36,6.65,--,27,17955,买盘
980,14:01:33,6.65,--,66,43890,买盘
981,14:01:30,6.65,--,37,24605,买盘
982,14:01:27,6.65,--,51,33915,买盘
983,14:01:24,6.65,--,19,12635,买盘
984,14:01:21,6.65,--,24,15960,买盘
985,14:01:18,6.65,0.01,3,1995,买盘
986,14:01:15,6.64,-0.01,20,13333,卖盘
987,14:01:12,6.65,--,131,87115,买盘
988,14:01:09,6.65,--,63,41895,买盘
989,14:01:06,6.65,--,4,2660,买盘
990,14:01:03,6.65,--,8,5320,买盘
991,14:01:00,6.65,--,45,29925,买盘
992,14:00:57,6.65,--,56,37240,买盘
993,14:00:54,6.65,--,169,112385,买盘
994,14:00:51,6.65,--,22,14630,买盘
995,14:00:48,6.65,0.01,170,113050,买盘
996,14:00:45,6.64,--,31,20584,卖盘
997,14:00:42,6.64,-0.01,53,35192,卖盘
998,14:00:39,6.65,--,4,2660,买盘
999,14:00:36,6.65,0.01,27,17955,买盘
1000,14:00:33,6.64,-0.01,21,13944,卖盘
1001,14:00:30,6.65,--,149,99085,买盘
1002,14:00:27,6.65,--,94,62510,买盘
1003,14:00:24,6.65,--,209,138985,买盘
1004,14:00:18,6.65,--,5,3325,买盘
1005,14:00:15,6.65,0.01,14,9310,买盘
1006,14:00:12,6.64,-0.01,84,55776,卖盘
1007,14:00:09,6.65,0.01,3,1995,买盘
1008,14:00:06,6.64,-0.01,18,11952,卖盘
1009,14:00:03,6.65,--,156,103740,买盘
1010,14:00:00,6.65,--,39,25935,买盘
1011,13:59:57,6.65,--,90,59850,买盘
1012,13:59:54,6.65,0.01,12,7980,买盘
1013,13:59:51,6.64,-0.01,1,664,卖盘
1014,13:59:48,6.65,--,3,1995,买盘
1015,13:59:45,6.65,--,60,39900,买盘
1016,13:59:42,6.65,--,14,9310,买盘
1017,13:59:39,6.65,--,9,5985,买盘
1018,13:59:36,6.65,--,27,17955,买盘
1019,13:59:33,6.65,--,4,2660,买盘
1020,13:59:30,6.65,--,1484,986860,买盘
1021,13:59:27,6.65,--,89,59185,买盘
1022,13:59:24,6.65,--,9,5985,买盘
1023,13:59:21,6.65,--,30,19950,买盘
1024,13:59:18,6.65,--,5,3325,买盘
1025,13:59:15,6.65,0.01,15,9975,买盘
1026,13:59:12,6.64,-0.01,1,664,卖盘
1027,13:59:09,6.65,0.01,6,3990,买盘
1028,13:59:06,6.64,-0.01,12,7968,卖盘
1029,13:59:03,6.65,--,16,10640,买盘
1030,13:59:00,6.65,--,39,25935,买盘
1031,13:58:57,6.65,0.01,52,34580,买盘
1032,13:58:54,6.64,--,11,7304,卖盘
1033,13:58:48,6.64,--,180,119520,卖盘
1034,13:58:39,6.64,-0.01,48,31872,卖盘
1035,13:58:36,6.65,0.01,131,87115,买盘
1036,13:58:33,6.64,-0.01,2,1328,卖盘
1037,13:58:30,6.65,0.01,47,31255,买盘
1038,13:58:27,6.64,--,2298,1526476,买盘
1039,13:58:24,6.64,--,22,14608,买盘
1040,13:58:21,6.64,--,52,34528,买盘
1041,13:58:18,6.64,0.01,3,1992,买盘
1042,13:58:15,6.63,--,96,63648,卖盘
1043,13:58:12,6.63,-0.01,1,663,卖盘
1044,13:58:09,6.64,--,4,2656,买盘
1045,13:58:03,6.64,--,24,15936,买盘
1046,13:58:00,6.64,--,39,25896,买盘
1047,13:57:57,6.64,--,25,16600,买盘
1048,13:57:54,6.64,--,20,13280,买盘
1049,13:57:51,6.64,--,329,218456,买盘
1050,13:57:48,6.64,-0.01,929,616856,卖盘
1051,13:57:45,6.65,--,160,106400,买盘
1052,13:57:42,6.65,--,4,2660,买盘
1053,13:57:36,6.65,0.01,77,51205,买盘
1054,13:57:33,6.64,-0.01,30,19920,卖盘
1055,13:57:30,6.65,--,53,35245,买盘
1056,13:57:27,6.65,--,22,14630,买盘
1057,13:57:24,6.65,--,12,7980,买盘
1058,13:57:21,6.65,--,2,1330,买盘
1059,13:57:18,6.65,--,99,65835,买盘
1060,13:57:09,6.65,--,5,3325,买盘
1061,13:57:06,6.65,--,52,34580,买盘
1062,13:57:00,6.65,--,194,129010,买盘
1063,13:56:57,6.65,--,237,157605,买盘
1064,13:56:54,6.65,--,54,35910,买盘
1065,13:56:48,6.65,--,113,75145,买盘
1066,13:56:45,6.65,0.01,4,2660,买盘
1067,13:56:42,6.64,--,36,24010,卖盘
1068,13:56:39,6.64,-0.01,114,75696,卖盘
1069,13:56:36,6.65,0.01,82,54530,买盘
1070,13:56:30,6.64,--,199,132136,卖盘
1071,13:56:27,6.64,-0.01,27,17928,卖盘
1072,13:56:24,6.65,--,12,7980,买盘
1073,13:56:21,6.65,--,100,66500,买盘
1074,13:56:18,6.65,--,5,3325,买盘
1075,13:56:12,6.65,0.01,27,17955,买盘
1076,13:56:09,6.64,--,2,1328,卖盘
1077,13:56:06,6.64,--,12,7968,卖盘
1078,13:56:03,6.64,-0.01,154,102256,卖盘
1079,13:56:00,6.65,0.01,42,27930,买盘
1080,13:55:57,6.64,-0.01,29,19256,卖盘
1081,13:55:54,6.65,--,20,13300,买盘
1082,13:55:51,6.65,0.01,10,7201,买盘
1083,13:55:48,6.64,0.01,8,5312,中性盘
1084,13:55:45,6.63,-0.01,84,55692,卖盘
1085,13:55:42,6.64,-0.01,10,6640,卖盘
1086,13:55:39,6.65,0.01,46,30590,买盘
1087,13:55:36,6.64,--,82,54448,卖盘
1088,13:55:33,6.64,--,300,199200,卖盘
1089,13:55:30,6.64,-0.01,55,36520,卖盘
1090,13:55:27,6.65,--,79,52535,买盘
1091,13:55:24,6.65,--,19,12635,买盘
1092,13:55:21,6.65,--,312,207480,买盘
1093,13:55:18,6.65,0.01,1382,919030,买盘
1094,13:55:15,6.64,--,18,11952,卖盘
1095,13:55:12,6.64,--,10,6640,卖盘
1096,13:55:09,6.64,-0.01,29,19256,卖盘
1097,13:55:06,6.65,--,507,337155,买盘
1098,13:55:03,6.65,--,3,1995,买盘
1099,13:55:00,6.65,--,49,32585,买盘
1100,13:54:57,6.65,--,47,31255,买盘
1101,13:54:54,6.65,--,19,12635,买盘
1102,13:54:51,6.65,--,27,17955,买盘
1103,13:54:48,6.65,--,8,5320,买盘
1104,13:54:45,6.65,--,6,3990,买盘
1105,13:54:36,6.65,--,32,21280,买盘
1106,13:54:33,6.65,--,12,7980,买盘
1107,13:54:30,6.65,0.01,256,170240,买盘
1108,13:54:27,6.64,-0.01,61,40504,卖盘
1109,13:54:24,6.65,--,13,8645,买盘
1110,13:54:21,6.65,0.01,331,220115,买盘
1111,13:54:18,6.64,-0.01,61,40504,卖盘
1112,13:54:15,6.65,--,226,150290,买盘
1113,13:54:12,6.65,--,33,21945,买盘
1114,13:54:09,6.65,--,2,1330,买盘
1115,13:54:06,6.65,--,2,1330,买盘
1116,13:54:03,6.65,0.01,56,37240,买盘
1117,13:54:00,6.64,-0.01,74,49136,卖盘
1118,13:53:57,6.65,0.01,28,18620,买盘
1119,13:53:51,6.64,-0.01,128,84992,卖盘
1120,13:53:48,6.65,--,8,5320,买盘
1121,13:53:45,6.65,--,7,4655,买盘
1122,13:53:42,6.65,--,86,57190,买盘
1123,13:53:39,6.65,--,31,20615,买盘
1124,13:53:36,6.65,--,47,31255,买盘
1125,13:53:33,6.65,--,1,665,买盘
1126,13:53:30,6.65,0.01,39,25935,买盘
1127,13:53:27,6.64,--,31,20584,卖盘
1128,13:53:24,6.64,-0.01,12,8120,卖盘
1129,13:53:18,6.65,0.01,7,4655,买盘
1130,13:53:15,6.64,--,20,13280,卖盘
1131,13:53:12,6.64,-0.01,15,9960,卖盘
1132,13:53:09,6.65,0.01,21,13965,买盘
1133,13:53:06,6.64,-0.01,43,29103,卖盘
1134,13:53:03,6.65,0.01,4,2660,买盘
1135,13:53:00,6.64,--,167,110888,卖盘
1136,13:52:57,6.64,--,58,38512,卖盘
1137,13:52:54,6.64,--,80,53120,卖盘
1138,13:52:51,6.64,-0.01,15,9960,卖盘
1139,13:52:48,6.65,--,124,82460,买盘
1140,13:52:45,6.65,0.01,5,3325,买盘
1141,13:52:42,6.64,-0.01,6,4156,卖盘
1142,13:52:36,6.65,--,27,17955,买盘
1143,13:52:33,6.65,0.01,27,17955,买盘
1144,13:52:30,6.64,-0.01,16,10624,卖盘
1145,13:52:27,6.65,--,47,31255,买盘
1146,13:52:24,6.65,--,28,18620,买盘
1147,13:52:21,6.65,--,14,9310,买盘
1148,13:52:18,6.65,--,25,16625,买盘
1149,13:52:15,6.65,--,14,9310,买盘
1150,13:52:12,6.65,--,5,3325,买盘
1151,13:52:09,6.65,--,5,3325,买盘
1152,13:52:06,6.65,--,23,15295,买盘
1153,13:52:03,6.65,--,10,6650,买盘
1154,13:52:00,6.65,--,46,30590,买盘
1155,13:51:57,6.65,--,62,41230,买盘
1156,13:51:54,6.65,0.01,28,18620,买盘
1157,13:51:51,6.64,-0.01,41,27356,卖盘
1158,13:51:48,6.65,0.01,66,43890,买盘
1159,13:51:45,6.64,-0.01,52,34528,卖盘
1160,13:51:42,6.65,0.01,10,6650,买盘
1161,13:51:39,6.64,-0.01,8,5312,卖盘
1162,13:51:36,6.65,0.01,4,2660,买盘
1163,13:51:33,6.64,--,37,24568,卖盘
1164,13:51:30,6.64,-0.01,53,35782,卖盘
1165,13:51:27,6.65,--,43,28595,买盘
1166,13:51:24,6.65,0.01,36,23940,买盘
1167,13:51:18,6.64,--,95,63080,卖盘
1168,13:51:15,6.64,--,45,29880,卖盘
1169,13:51:12,6.64,-0.01,160,106240,卖盘
1170,13:51:09,6.65,0.01,15,9975,买盘
1171,13:51:06,6.64,-0.01,216,143424,卖盘
1172,13:51:03,6.65,--,142,94430,买盘
1173,13:51:00,6.65,--,140,93100,买盘
1174,13:50:57,6.65,--,39,25935,买盘
1175,13:50:54,6.65,0.01,37,24605,买盘
1176,13:50:51,6.64,--,200,132800,卖盘
1177,13:50:48,6.64,-0.01,5,3778,卖盘
1178,13:50:45,6.65,0.01,40,26600,买盘
1179,13:50:42,6.64,--,45,29880,卖盘
1180,13:50:39,6.64,-0.01,630,418320,卖盘
1181,13:50:36,6.65,--,5,3325,买盘
1182,13:50:33,6.65,--,22,14630,买盘
1183,13:50:30,6.65,0.01,128,85120,买盘
1184,13:50:27,6.64,--,55,36732,卖盘
1185,13:50:24,6.64,--,14,9667,买盘
1186,13:50:21,6.64,--,118,78352,买盘
1187,13:50:18,6.64,--,43,28552,买盘
1188,13:50:15,6.64,--,5,3320,买盘
1189,13:50:12,6.64,--,48,31872,买盘
1190,13:50:09,6.64,--,223,148364,卖盘
1191,13:50:06,6.64,-0.01,59,39176,卖盘
1192,13:50:03,6.65,0.01,4,2660,买盘
1193,13:50:00,6.64,-0.01,7,4648,卖盘
1194,13:49:57,6.65,--,72,48252,买盘
1195,13:49:54,6.65,0.01,81,53865,买盘
1196,13:49:51,6.64,-0.01,7,4648,卖盘
1197,13:49:48,6.65,0.02,4,2660,买盘
1198,13:49:45,6.63,-0.01,524,347412,卖盘
1199,13:49:42,6.64,--,157,104248,买盘
1200,13:49:36,6.64,--,107,71048,买盘
1201,13:49:33,6.64,--,24,15936,买盘
1202,13:49:30,6.64,0.01,120,79680,买盘
1203,13:49:27,6.63,-0.01,46,30498,卖盘
1204,13:49:24,6.64,--,63,41832,买盘
1205,13:49:21,6.64,--,26,17264,买盘
1206,13:49:18,6.64,--,13,8632,买盘
1207,13:49:15,6.64,--,211,140104,买盘
1208,13:49:12,6.64,--,93,61752,买盘
1209,13:49:09,6.64,--,85,56440,买盘
1210,13:49:06,6.64,--,20,13280,买盘
1211,13:49:03,6.64,--,15,9960,买盘
1212,13:49:00,6.64,--,382,253648,卖盘
1213,13:48:57,6.64,-0.01,296,196544,卖盘
1214,13:48:54,6.65,--,119,79135,买盘
1215,13:48:51,6.65,0.01,13,8645,买盘
1216,13:48:48,6.64,-0.01,128,84992,卖盘
1217,13:48:45,6.65,0.01,50,33250,买盘
1218,13:48:42,6.64,--,105,69720,卖盘
1219,13:48:36,6.64,--,20,13280,卖盘
1220,13:48:33,6.64,--,7,4648,卖盘
1221,13:48:30,6.64,--,20,13280,卖盘
1222,13:48:27,6.64,--,47,31208,卖盘
1223,13:48:24,6.64,--,96,63744,卖盘
1224,13:48:21,6.64,--,260,172640,买盘
1225,13:48:18,6.64,0.01,1016,674624,买盘
1226,13:48:15,6.63,--,59,39117,卖盘
1227,13:48:12,6.63,-0.01,199,131937,卖盘
1228,13:48:09,6.64,--,487,323368,买盘
1229,13:48:06,6.64,--,67,44488,买盘
1230,13:48:03,6.64,0.01,14,9296,买盘
1231,13:48:00,6.63,--,4,2652,卖盘
1232,13:47:57,6.63,-0.01,51,33813,卖盘
1233,13:47:54,6.64,--,19,12616,买盘
1234,13:47:51,6.64,--,32,21248,买盘
1235,13:47:48,6.64,--,19,12616,买盘
1236,13:47:45,6.64,--,76,50464,买盘
1237,13:47:42,6.64,0.01,2,1328,买盘
1238,13:47:39,6.63,--,9,5967,卖盘
1239,13:47:36,6.63,--,152,100776,卖盘
1240,13:47:33,6.63,--,34,22542,卖盘
1241,13:47:27,6.63,-0.01,47,31161,卖盘
1242,13:47:24,6.64,--,12,7968,买盘
1243,13:47:21,6.64,--,34,22576,买盘
1244,13:47:18,6.64,0.01,85,56440,买盘
1245,13:47:15,6.63,-0.01,19,12597,卖盘
1246,13:47:12,6.64,--,311,206504,买盘
1247,13:47:09,6.64,--,10,6640,买盘
1248,13:47:06,6.64,0.01,29,19256,买盘
1249,13:47:03,6.63,--,15,9945,卖盘
1250,13:47:00,6.63,-0.01,44,29172,卖盘
1251,13:46:57,6.64,--,39,25896,买盘
1252,13:46:51,6.64,0.01,24,15936,买盘
1253,13:46:48,6.63,--,5,3315,卖盘
1254,13:46:45,6.63,-0.01,46,30498,卖盘
1255,13:46:42,6.64,--,9,5976,买盘
1256,13:46:39,6.64,0.01,40,26560,买盘
1257,13:46:36,6.63,--,10,6630,卖盘
1258,13:46:33,6.63,-0.01,30,19890,卖盘
1259,13:46:27,6.64,--,11,7304,买盘
1260,13:46:24,6.64,0.01,9,5976,买盘
1261,13:46:18,6.63,-0.01,24,15912,卖盘
1262,13:46:09,6.64,--,33,21912,买盘
1263,13:46:06,6.64,--,24,15936,买盘
1264,13:46:03,6.64,--,1,664,买盘
1265,13:46:00,6.64,0.01,10,6640,买盘
1266,13:45:57,6.63,-0.01,21,13923,卖盘
1267,13:45:54,6.64,0.01,99,65736,买盘
1268,13:45:51,6.63,-0.01,132,87516,卖盘
1269,13:45:48,6.64,--,16,10624,买盘
1270,13:45:45,6.64,--,4,2656,买盘
1271,13:45:42,6.64,0.01,32,21248,买盘
1272,13:45:39,6.63,-0.01,333,220779,卖盘
1273,13:45:36,6.64,0.01,23,15272,买盘
1274,13:45:33,6.63,--,284,188292,卖盘
1275,13:45:30,6.63,--,18,11934,卖盘
1276,13:45:27,6.63,--,8,5304,卖盘
1277,13:45:24,6.63,-0.01,21,13923,卖盘
1278,13:45:21,6.64,--,4,2656,买盘
1279,13:45:15,6.64,--,10,6640,买盘
1280,13:45:12,6.64,--,9,5976,买盘
1281,13:45:09,6.64,0.01,75,49800,买盘
1282,13:45:06,6.63,-0.01,13,8619,卖盘
1283,13:45:03,6.64,0.01,11,7304,买盘
1284,13:45:00,6.63,--,264,175515,卖盘
1285,13:44:57,6.63,--,9,5967,卖盘
1286,13:44:54,6.63,-0.01,214,141882,卖盘
1287,13:44:48,6.64,--,124,82336,买盘
1288,13:44:42,6.64,0.01,24,15936,买盘
1289,13:44:39,6.63,-0.01,204,135252,卖盘
1290,13:44:36,6.64,0.01,9,5976,买盘
1291,13:44:30,6.63,-0.01,130,86190,卖盘
1292,13:44:27,6.64,0.01,923,612872,买盘
1293,13:44:21,6.63,--,29,19227,买盘
1294,13:44:18,6.63,--,6,3978,买盘
1295,13:44:15,6.63,--,12,7956,买盘
1296,13:44:09,6.63,0.01,21,13923,买盘
1297,13:44:06,6.62,-0.01,10,6620,卖盘
1298,13:44:03,6.63,--,59,39117,买盘
1299,13:44:00,6.63,--,14,9282,买盘
1300,13:43:57,6.63,--,10,6630,买盘
1301,13:43:54,6.63,0.01,16,10608,买盘
1302,13:43:51,6.62,-0.01,27,17874,卖盘
1303,13:43:45,6.63,--,5,3315,买盘
1304,13:43:42,6.63,0.01,28,18564,买盘
1305,13:43:39,6.62,-0.01,30,19860,卖盘
1306,13:43:36,6.63,0.01,10,6630,买盘
1307,13:43:33,6.62,-0.01,13,8606,卖盘
1308,13:43:30,6.63,0.01,50,33150,买盘
1309,13:43:27,6.62,-0.01,127,84074,卖盘
1310,13:43:24,6.63,0.01,2,1326,买盘
1311,13:43:21,6.62,--,11,7282,卖盘
1312,13:43:18,6.62,-0.01,37,24494,卖盘
1313,13:43:15,6.63,--,68,45084,买盘
1314,13:43:12,6.63,--,10,6630,买盘
1315,13:43:09,6.63,--,40,26520,买盘
1316,13:43:03,6.63,--,1,663,买盘
1317,13:43:00,6.63,--,69,45747,买盘
1318,13:42:57,6.63,--,10,6630,买盘
1319,13:42:54,6.63,--,107,70941,买盘
1320,13:42:51,6.63,--,25,16575,买盘
1321,13:42:48,6.63,--,4,2652,买盘
1322,13:42:45,6.63,--,9,5967,买盘
1323,13:42:42,6.63,0.01,2,1326,买盘
1324,13:42:39,6.62,-0.01,1004,664648,卖盘
1325,13:42:36,6.63,--,37,24531,买盘
1326,13:42:33,6.63,0.01,153,101439,买盘
1327,13:42:30,6.62,-0.01,108,71496,卖盘
1328,13:42:27,6.63,--,35,23205,买盘
1329,13:42:24,6.63,--,64,42432,买盘
1330,13:42:18,6.63,--,271,179673,买盘
1331,13:42:15,6.63,--,370,245310,买盘
1332,13:42:12,6.63,--,32,21216,买盘
1333,13:42:09,6.63,--,6,3978,买盘
1334,13:42:03,6.63,0.01,5,3315,买盘
1335,13:41:57,6.62,--,23,15226,卖盘
1336,13:41:54,6.62,-0.01,28,18536,卖盘
1337,13:41:51,6.63,--,4,2652,买盘
1338,13:41:48,6.63,--,44,29172,买盘
1339,13:41:42,6.63,--,153,101439,买盘
1340,13:41:39,6.63,0.01,70,46410,买盘
1341,13:41:36,6.62,-0.01,99,65538,卖盘
1342,13:41:33,6.63,--,1,663,买盘
1343,13:41:30,6.63,0.01,4,2652,买盘
1344,13:41:24,6.62,-0.01,28,18536,卖盘
1345,13:41:21,6.63,0.01,1,663,买盘
1346,13:41:18,6.62,--,5,3310,卖盘
1347,13:41:15,6.62,-0.01,90,59580,卖盘
1348,13:41:12,6.63,0.01,1,663,买盘
1349,13:41:09,6.62,-0.01,37,24494,卖盘
1350,13:41:06,6.63,--,28,18564,买盘
1351,13:41:03,6.63,--,10,6630,买盘
1352,13:41:00,6.63,0.01,3,1989,买盘
1353,13:40:57,6.62,--,16,10592,卖盘
1354,13:40:54,6.62,-0.01,6,3972,卖盘
1355,13:40:48,6.63,0.01,209,138567,买盘
1356,13:40:45,6.62,-0.01,122,80764,卖盘
1357,13:40:42,6.63,0.01,1,663,买盘
1358,13:40:39,6.62,--,1,662,卖盘
1359,13:40:36,6.62,--,107,70834,卖盘
1360,13:40:33,6.62,-0.01,18,11916,卖盘
1361,13:40:30,6.63,0.01,14,9282,买盘
1362,13:40:24,6.62,-0.01,53,35086,卖盘
1363,13:40:21,6.63,--,50,33150,买盘
1364,13:40:18,6.63,0.01,20,13260,买盘
1365,13:40:15,6.62,-0.01,30,19860,卖盘
1366,13:40:12,6.63,0.01,106,70278,买盘
1367,13:40:09,6.62,-0.01,70,46340,卖盘
1368,13:40:06,6.63,--,22,14586,买盘
1369,13:40:03,6.63,--,14,9282,买盘
1370,13:40:00,6.63,--,20,13260,买盘
1371,13:39:51,6.63,--,11,7293,买盘
1372,13:39:48,6.63,--,18,11934,买盘
1373,13:39:45,6.63,--,10,6630,买盘
1374,13:39:42,6.63,0.01,40,26520,买盘
1375,13:39:39,6.62,-0.01,4,2648,卖盘
1376,13:39:36,6.63,--,196,129948,买盘
1377,13:39:33,6.63,--,100,66300,买盘
1378,13:39:30,6.63,--,102,67626,买盘
1379,13:39:27,6.63,0.01,4,2652,买盘
1380,13:39:24,6.62,--,19,12578,卖盘
1381,13:39:21,6.62,-0.01,1,662,卖盘
1382,13:39:18,6.63,--,91,60333,买盘
1383,13:39:15,6.63,--,87,57681,买盘
1384,13:39:12,6.63,--,206,136578,买盘
1385,13:39:09,6.63,--,3,1989,买盘
1386,13:39:06,6.63,0.01,96,63648,买盘
1387,13:39:03,6.62,-0.01,50,33100,卖盘
1388,13:39:00,6.63,--,9,5967,买盘
1389,13:38:57,6.63,--,782,518466,买盘
1390,13:38:54,6.63,--,24,15912,买盘
1391,13:38:51,6.63,--,10,6630,买盘
1392,13:38:48,6.63,--,260,172380,买盘
1393,13:38:45,6.63,--,23,15249,买盘
1394,13:38:42,6.63,--,22,14586,买盘
1395,13:38:36,6.63,--,30,19890,买盘
1396,13:38:33,6.63,--,11,7293,买盘
1397,13:38:30,6.63,--,140,92820,买盘
1398,13:38:27,6.63,0.01,50,33150,买盘
1399,13:38:24,6.62,-0.01,8,5296,卖盘
1400,13:38:21,6.63,--,4,2652,买盘
1401,13:38:18,6.63,--,41,27183,卖盘
1402,13:38:15,6.63,--,59,39117,买盘
1403,13:38:12,6.63,--,132,87516,买盘
1404,13:38:09,6.63,-0.01,873,578799,卖盘
1405,13:38:06,6.64,--,91,60424,买盘
1406,13:38:03,6.64,0.01,70,46480,买盘
1407,13:38:00,6.63,-0.01,514,340782,卖盘
1408,13:37:51,6.64,0.01,18,11952,买盘
1409,13:37:48,6.63,--,59,39117,买盘
1410,13:37:45,6.63,--,80,53040,买盘
1411,13:37:42,6.63,--,10,6630,买盘
1412,13:37:36,6.63,--,350,232050,买盘
1413,13:37:33,6.63,0.01,6,3978,买盘
1414,13:37:30,6.62,-0.01,557,368734,卖盘
1415,13:37:27,6.63,0.01,66,43758,买盘
1416,13:37:24,6.62,-0.01,7,4634,卖盘
1417,13:37:21,6.63,--,22,14586,买盘
1418,13:37:18,6.63,--,18,11934,买盘
1419,13:37:15,6.63,--,65,43095,买盘
1420,13:37:12,6.63,--,5,3315,买盘
1421,13:37:09,6.63,--,9,5967,买盘
1422,13:37:06,6.63,--,10,6630,买盘
1423,13:37:03,6.63,--,155,102765,卖盘
1424,13:37:00,6.63,-0.01,586,388518,卖盘
1425,13:36:54,6.64,0.01,4,2656,买盘
1426,13:36:51,6.63,--,45,29835,卖盘
1427,13:36:45,6.63,-0.01,223,147849,卖盘
1428,13:36:42,6.64,0.01,4,2656,买盘
1429,13:36:36,6.63,--,134,88842,买盘
1430,13:36:33,6.63,--,50,33150,买盘
1431,13:36:30,6.63,0.01,204,135252,买盘
1432,13:36:24,6.62,-0.01,149,98638,卖盘
1433,13:36:21,6.63,--,71,47073,买盘
1434,13:36:15,6.63,--,14,9282,买盘
1435,13:36:09,6.63,--,171,113373,卖盘
1436,13:36:06,6.63,--,306,202878,卖盘
1437,13:36:03,6.63,--,20,13260,卖盘
1438,13:36:00,6.63,-0.01,149,98787,卖盘
1439,13:35:57,6.64,0.01,32,21248,买盘
1440,13:35:54,6.63,-0.01,900,596700,卖盘
1441,13:35:51,6.64,--,31,20584,买盘
1442,13:35:48,6.64,--,23,15272,买盘
1443,13:35:42,6.64,--,242,160688,买盘
1444,13:35:39,6.64,--,17,11288,买盘
1445,13:35:36,6.64,--,4,2656,买盘
1446,13:35:33,6.64,--,117,77688,买盘
1447,13:35:30,6.64,--,149,98936,买盘
1448,13:35:27,6.64,--,57,37848,买盘
1449,13:35:24,6.64,--,54,35856,买盘
1450,13:35:18,6.64,--,13,8632,买盘
1451,13:35:15,6.64,--,9,5976,买盘
1452,13:35:12,6.64,--,79,52456,买盘
1453,13:35:09,6.64,--,43,28552,买盘
1454,13:35:06,6.64,--,4,2656,买盘
1455,13:35:03,6.64,0.01,40,26560,买盘
1456,13:35:00,6.63,-0.01,340,225420,卖盘
1457,13:34:57,6.64,--,26,17264,买盘
1458,13:34:54,6.64,--,41,27224,买盘
1459,13:34:51,6.64,--,6,3984,买盘
1460,13:34:48,6.64,--,35,23240,买盘
1461,13:34:45,6.64,0.01,27,17928,买盘
1462,13:34:42,6.63,-0.01,7,4641,卖盘
1463,13:34:39,6.64,0.01,3,1992,买盘
1464,13:34:33,6.63,-0.01,10,6630,卖盘
1465,13:34:30,6.64,--,145,96280,买盘
1466,13:34:27,6.64,0.01,50,33200,买盘
1467,13:34:24,6.63,--,8,5304,卖盘
1468,13:34:21,6.63,--,12,7956,卖盘
1469,13:34:18,6.63,--,218,144534,卖盘
1470,13:34:15,6.63,-0.01,100,66300,卖盘
1471,13:34:12,6.64,--,10,6640,买盘
1472,13:34:09,6.64,0.01,39,25896,买盘
1473,13:34:06,6.63,-0.01,41,27183,卖盘
1474,13:34:03,6.64,0.01,10,6640,买盘
1475,13:34:00,6.63,-0.01,139,92157,卖盘
1476,13:33:57,6.64,0.01,6,3984,买盘
1477,13:33:54,6.63,-0.01,22,14586,卖盘
1478,13:33:48,6.64,--,10,6640,买盘
1479,13:33:45,6.64,0.01,123,81672,买盘
1480,13:33:42,6.63,-0.01,15,9945,卖盘
1481,13:33:39,6.64,0.01,125,83000,买盘
1482,13:33:36,6.63,--,206,136578,卖盘
1483,13:33:33,6.63,-0.01,42,27846,卖盘
1484,13:33:30,6.64,--,168,111552,买盘
1485,13:33:27,6.64,--,1,664,买盘
1486,13:33:24,6.64,--,29,19256,买盘
1487,13:33:21,6.64,0.01,246,163344,买盘
1488,13:33:18,6.63,-0.01,70,46410,卖盘
1489,13:33:15,6.64,--,2,1328,买盘
1490,13:33:12,6.64,0.01,4,2656,买盘
1491,13:33:09,6.63,-0.01,3,1989,卖盘
1492,13:33:06,6.64,0.01,27,17928,买盘
1493,13:33:03,6.63,-0.01,124,82212,卖盘
1494,13:33:00,6.64,--,164,108896,买盘
1495,13:32:57,6.64,--,5,3320,买盘
1496,13:32:54,6.64,--,83,55112,买盘
1497,13:32:51,6.64,--,48,31872,买盘
1498,13:32:48,6.64,0.01,33,21912,买盘
1499,13:32:45,6.63,--,159,105417,卖盘
1500,13:32:42,6.63,-0.01,18,11934,卖盘
1501,13:32:39,6.64,--,4,2656,买盘
1502,13:32:33,6.64,--,8,5312,买盘
1503,13:32:30,6.64,0.01,145,96280,买盘
1504,13:32:27,6.63,--,190,125970,买盘
1505,13:32:24,6.63,--,59,39117,买盘
1506,13:32:21,6.63,--,36,23868,买盘
1507,13:32:18,6.63,0.01,18,11934,买盘
1508,13:32:15,6.62,-0.01,535,354170,卖盘
1509,13:32:12,6.63,--,192,127296,买盘
1510,13:32:06,6.63,--,4,2652,买盘
1511,13:32:03,6.63,0.01,134,88842,买盘
1512,13:32:00,6.62,-0.01,186,123132,卖盘
1513,13:31:57,6.63,--,50,33150,买盘
1514,13:31:54,6.63,--,39,25857,买盘
1515,13:31:51,6.63,-0.01,131,86853,卖盘
1516,13:31:48,6.64,0.01,28,18592,买盘
1517,13:31:45,6.63,-0.01,154,102102,卖盘
1518,13:31:42,6.64,--,30,19920,买盘
1519,13:31:39,6.64,0.01,93,61752,买盘
1520,13:31:36,6.63,--,248,164424,卖盘
1521,13:31:33,6.63,-0.01,276,182988,卖盘
1522,13:31:30,6.64,--,759,503976,买盘
1523,13:31:27,6.64,--,17,11288,买盘
1524,13:31:24,6.64,0.01,34,22576,买盘
1525,13:31:21,6.63,--,922,611286,卖盘
1526,13:31:18,6.63,-0.01,1,663,卖盘
1527,13:31:15,6.64,--,3,1992,买盘
1528,13:31:12,6.64,0.01,30,19920,买盘
1529,13:31:09,6.63,-0.01,20,13260,卖盘
1530,13:31:06,6.64,--,2,1328,买盘
1531,13:31:03,6.64,--,25,16600,买盘
1532,13:31:00,6.64,--,167,110888,买盘
1533,13:30:57,6.64,--,37,24568,买盘
1534,13:30:54,6.64,--,116,77024,买盘
1535,13:30:51,6.64,--,30,19920,买盘
1536,13:30:48,6.64,--,111,73704,买盘
1537,13:30:45,6.64,--,401,266264,买盘
1538,13:30:42,6.64,--,9,5976,买盘
1539,13:30:39,6.64,--,87,57768,买盘
1540,13:30:36,6.64,--,4,2656,买盘
1541,13:30:33,6.64,--,61,40504,买盘
1542,13:30:30,6.64,--,160,106240,买盘
1543,13:30:27,6.64,--,65,43160,买盘
1544,13:30:24,6.64,0.01,44,29216,买盘
1545,13:30:21,6.63,-0.01,852,564876,卖盘
1546,13:30:18,6.64,--,5,3320,买盘
1547,13:30:15,6.64,0.01,180,119520,买盘
1548,13:30:09,6.63,-0.01,22,14586,卖盘
1549,13:30:06,6.64,--,5,3320,买盘
1550,13:30:03,6.64,0.01,3,1992,买盘
1551,13:30:00,6.63,-0.01,138,91494,卖盘
1552,13:29:54,6.64,--,55,36520,买盘
1553,13:29:51,6.64,--,15,9960,买盘
1554,13:29:45,6.64,--,16,10624,买盘
1555,13:29:42,6.64,0.01,10,6640,买盘
1556,13:29:39,6.63,-0.01,23,15249,卖盘
1557,13:29:36,6.64,0.01,15,9960,买盘
1558,13:29:33,6.63,-0.01,9,5967,卖盘
1559,13:29:30,6.64,--,256,169984,买盘
1560,13:29:27,6.64,0.01,1,664,买盘
1561,13:29:24,6.63,-0.01,8,5304,卖盘
1562,13:29:21,6.64,--,25,16600,买盘
1563,13:29:18,6.64,--,1,664,买盘
1564,13:29:15,6.64,--,32,21248,买盘
1565,13:29:12,6.64,--,27,17928,买盘
1566,13:29:09,6.64,--,216,143424,买盘
1567,13:29:06,6.64,--,130,86320,买盘
1568,13:29:03,6.64,--,5,3320,买盘
1569,13:29:00,6.64,--,173,114872,买盘
1570,13:28:57,6.64,--,100,66400,买盘
1571,13:28:51,6.64,--,113,75032,买盘
1572,13:28:48,6.64,0.01,15,9960,买盘
1573,13:28:45,6.63,--,158,104754,卖盘
1574,13:28:42,6.63,-0.01,572,379236,卖盘
1575,13:28:39,6.64,--,111,73704,买盘
1576,13:28:36,6.64,--,23,15272,买盘
1577,13:28:33,6.64,--,152,100928,买盘
1578,13:28:30,6.64,--,246,163344,买盘
1579,13:28:27,6.64,--,103,68392,买盘
1580,13:28:24,6.64,--,320,212480,买盘
1581,13:28:21,6.64,--,75,49800,买盘
1582,13:28:18,6.64,--,8,5312,买盘
1583,13:28:15,6.64,--,35,23240,买盘
1584,13:28:12,6.64,--,109,72376,买盘
1585,13:28:06,6.64,--,12,7968,买盘
1586,13:28:03,6.64,--,207,137448,买盘
1587,13:28:00,6.64,0.01,5,3320,买盘
1588,13:27:57,6.63,--,151,100113,卖盘
1589,13:27:54,6.63,--,138,91494,卖盘
1590,13:27:51,6.63,-0.01,10,6630,卖盘
1591,13:27:48,6.64,0.01,72,47808,买盘
1592,13:27:45,6.63,--,294,194922,卖盘
1593,13:27:42,6.63,-0.01,719,476697,卖盘
1594,13:27:39,6.64,--,46,30544,买盘
1595,13:27:36,6.64,0.01,3,1992,买盘
1596,13:27:33,6.63,-0.01,20,13260,卖盘
1597,13:27:30,6.64,0.01,52,34528,买盘
1598,13:27:27,6.63,-0.01,196,129948,卖盘
1599,13:27:24,6.64,0.01,26,17264,买盘
1600,13:27:21,6.63,-0.01,41,27183,卖盘
1601,13:27:18,6.64,0.01,6,3984,买盘
1602,13:27:15,6.63,-0.01,50,33150,卖盘
1603,13:27:12,6.64,--,50,33200,买盘
1604,13:27:09,6.64,--,22,14608,买盘
1605,13:27:06,6.64,--,1,664,买盘
1606,13:27:03,6.64,0.01,28,18592,买盘
1607,13:27:00,6.63,0.01,83,55029,买盘
1608,13:26:57,6.62,-0.01,164,108568,卖盘
1609,13:26:54,6.63,--,28,18564,买盘
1610,13:26:51,6.63,--,14,9282,买盘
1611,13:26:48,6.63,-0.01,21,13923,买盘
1612,13:26:45,6.64,0.01,2064,1370496,买盘
1613,13:26:42,6.63,--,92,60996,买盘
1614,13:26:39,6.63,--,175,116025,买盘
1615,13:26:36,6.63,--,109,72267,买盘
1616,13:26:33,6.63,--,37,24531,买盘
1617,13:26:30,6.63,0.01,15,9945,买盘
1618,13:26:27,6.62,-0.01,432,285984,卖盘
1619,13:26:24,6.63,--,41,27183,买盘
1620,13:26:21,6.63,--,40,26520,买盘
1621,13:26:18,6.63,--,18,11934,买盘
1622,13:26:15,6.63,--,1,663,买盘
1623,13:26:12,6.63,--,7,4641,买盘
1624,13:26:06,6.63,--,26,17238,买盘
1625,13:26:03,6.63,0.01,4,2652,买盘
1626,13:26:00,6.62,--,317,209854,卖盘
1627,13:25:57,6.62,-0.01,140,92680,卖盘
1628,13:25:54,6.63,--,15,9945,买盘
1629,13:25:51,6.63,--,5,3315,买盘
1630,13:25:48,6.63,--,26,17238,买盘
1631,13:25:39,6.63,--,194,128622,买盘
1632,13:25:36,6.63,--,52,34476,买盘
1633,13:25:33,6.63,--,37,24531,买盘
1634,13:25:30,6.63,0.01,14,9282,买盘
1635,13:25:27,6.62,-0.01,141,93342,卖盘
1636,13:25:24,6.63,0.01,45,29835,买盘
1637,13:25:21,6.62,-0.01,47,31114,卖盘
1638,13:25:18,6.63,0.01,95,62985,买盘
1639,13:25:15,6.62,-0.01,105,69510,卖盘
1640,13:25:12,6.63,--,48,31824,买盘
1641,13:25:09,6.63,--,48,31824,买盘
1642,13:25:06,6.63,--,26,17238,买盘
1643,13:25:03,6.63,--,2,1326,买盘
1644,13:25:00,6.63,0.01,2,1326,买盘
1645,13:24:57,6.62,--,145,95990,卖盘
1646,13:24:54,6.62,--,70,46340,卖盘
1647,13:24:51,6.62,--,20,13240,卖盘
1648,13:24:48,6.62,--,5,3707,买盘
1649,13:24:45,6.62,--,108,71760,卖盘
1650,13:24:42,6.62,--,11,7679,买盘
1651,13:24:39,6.62,--,72,47664,买盘
1652,13:24:36,6.62,--,101,66862,买盘
1653,13:24:33,6.62,--,225,148950,买盘
1654,13:24:30,6.62,--,38,25156,买盘
1655,13:24:27,6.62,--,117,77718,卖盘
1656,13:24:24,6.62,--,69,45678,卖盘
1657,13:24:21,6.62,--,25,16550,卖盘
1658,13:24:15,6.62,--,19,12578,卖盘
1659,13:24:12,6.62,-0.01,94,62228,卖盘
1660,13:24:09,6.63,0.01,101,66963,买盘
1661,13:24:06,6.62,--,1610,1066217,买盘
1662,13:24:03,6.62,--,1,662,买盘
1663,13:24:00,6.62,0.01,28,18536,买盘
1664,13:23:57,6.61,-0.01,180,118980,卖盘
1665,13:23:54,6.62,--,20,13240,买盘
1666,13:23:51,6.62,--,492,325704,买盘
1667,13:23:48,6.62,--,92,60904,买盘
1668,13:23:45,6.62,--,17,11254,买盘
1669,13:23:42,6.62,--,501,331662,买盘
1670,13:23:39,6.62,--,155,102610,买盘
1671,13:23:30,6.62,0.01,35,23170,买盘
1672,13:23:27,6.61,-0.01,245,161945,卖盘
1673,13:23:24,6.62,-0.01,1015,671930,卖盘
1674,13:23:21,6.63,--,255,169065,买盘
1675,13:23:18,6.63,0.01,42,27846,买盘
1676,13:23:15,6.62,-0.01,525,347550,卖盘
1677,13:23:12,6.63,--,38,25194,买盘
1678,13:23:09,6.63,--,28,18564,买盘
1679,13:23:06,6.63,0.01,68,45084,买盘
1680,13:23:03,6.62,--,12,7944,卖盘
1681,13:22:57,6.62,-0.01,316,209192,卖盘
1682,13:22:54,6.63,--,9,5967,买盘
1683,13:22:48,6.63,--,5,3315,买盘
1684,13:22:45,6.63,0.01,14,9282,买盘
1685,13:22:42,6.62,--,222,146964,卖盘
1686,13:22:36,6.62,-0.01,139,92018,卖盘
1687,13:22:33,6.63,0.01,104,68952,买盘
1688,13:22:30,6.62,--,80,52960,卖盘
1689,13:22:27,6.62,-0.01,147,97314,卖盘
1690,13:22:24,6.63,--,3,1989,买盘
1691,13:22:21,6.63,--,12,7956,买盘
1692,13:22:18,6.63,--,93,61659,买盘
1693,13:22:12,6.63,0.01,53,35139,买盘
1694,13:22:03,6.62,--,142,94004,买盘
1695,13:22:00,6.62,--,68,45016,卖盘
1696,13:21:57,6.62,-0.01,418,276716,卖盘
1697,13:21:54,6.63,0.01,300,198900,买盘
1698,13:21:51,6.62,-0.01,2,1324,卖盘
1699,13:21:48,6.63,0.01,5,3315,买盘
1700,13:21:42,6.62,-0.01,40,26480,卖盘
1701,13:21:39,6.63,0.01,110,72930,买盘
1702,13:21:36,6.62,--,30,19860,卖盘
1703,13:21:33,6.62,--,200,132400,卖盘
1704,13:21:30,6.62,--,92,60904,卖盘
1705,13:21:27,6.62,--,328,217136,卖盘
1706,13:21:24,6.62,--,58,38396,卖盘
1707,13:21:21,6.62,--,8,5296,卖盘
1708,13:21:15,6.62,--,7,4634,卖盘
1709,13:21:12,6.62,-0.01,10,6620,卖盘
1710,13:21:09,6.63,--,93,61659,买盘
1711,13:21:06,6.63,0.01,70,46410,买盘
1712,13:21:00,6.62,--,17,11254,卖盘
1713,13:20:57,6.62,-0.01,235,155570,卖盘
1714,13:20:54,6.63,0.01,5,3315,买盘
1715,13:20:51,6.62,--,50,33100,卖盘
1716,13:20:48,6.62,--,36,23832,卖盘
1717,13:20:45,6.62,-0.01,145,95990,卖盘
1718,13:20:42,6.63,0.01,3,1989,买盘
1719,13:20:36,6.62,--,196,129752,买盘
1720,13:20:30,6.62,0.01,30,19860,买盘
1721,13:20:27,6.61,-0.01,243,160623,卖盘
1722,13:20:24,6.62,--,1,662,卖盘
1723,13:20:21,6.62,0.01,15,9930,买盘
1724,13:20:18,6.61,-0.02,2407,1591027,卖盘
1725,13:20:12,6.63,--,120,79560,买盘
1726,13:20:09,6.63,0.01,6,3978,买盘
1727,13:20:06,6.62,-0.01,46,30452,卖盘
1728,13:20:03,6.63,0.01,31,20553,买盘
1729,13:20:00,6.62,--,1300,860600,卖盘
1730,13:19:57,6.62,--,142,94004,卖盘
1731,13:19:54,6.62,--,160,105920,卖盘
1732,13:19:51,6.62,--,72,47664,卖盘
1733,13:19:48,6.62,--,45,29790,卖盘
1734,13:19:45,6.62,-0.01,110,72820,卖盘
1735,13:19:39,6.63,0.01,129,85527,买盘
1736,13:19:36,6.62,--,14,9268,买盘
1737,13:19:33,6.62,--,545,360790,卖盘
1738,13:19:30,6.62,--,40,26480,卖盘
1739,13:19:27,6.62,--,315,208530,卖盘
1740,13:19:24,6.62,--,64,42368,卖盘
1741,13:19:21,6.62,--,7,4634,卖盘
1742,13:19:18,6.62,-0.01,4,2648,卖盘
1743,13:19:15,6.63,0.01,102,67626,买盘
1744,13:19:09,6.62,-0.01,15,9930,卖盘
1745,13:19:06,6.63,--,20,13260,买盘
1746,13:19:03,6.63,--,4,2652,买盘
1747,13:19:00,6.63,0.01,5,3315,买盘
1748,13:18:57,6.62,--,171,113202,卖盘
1749,13:18:54,6.62,-0.01,150,99300,卖盘
1750,13:18:51,6.63,--,72,47736,买盘
1751,13:18:48,6.63,--,13,8619,买盘
1752,13:18:45,6.63,--,709,470067,买盘
1753,13:18:42,6.63,--,43,28509,买盘
1754,13:18:39,6.63,--,1,663,买盘
1755,13:18:33,6.63,--,206,136578,买盘
1756,13:18:30,6.63,0.01,7,4641,买盘
1757,13:18:27,6.62,--,254,168148,卖盘
1758,13:18:24,6.62,--,121,80102,卖盘
1759,13:18:21,6.62,-0.01,20,13240,卖盘
1760,13:18:18,6.63,0.01,54,35802,买盘
1761,13:18:15,6.62,-0.01,600,397200,卖盘
1762,13:18:12,6.63,--,16,10608,买盘
1763,13:18:09,6.63,0.01,79,52377,买盘
1764,13:18:06,6.62,--,172,113864,卖盘
1765,13:18:03,6.62,-0.01,326,215812,卖盘
1766,13:17:57,6.63,0.01,4,2652,买盘
1767,13:17:54,6.62,--,10,6620,卖盘
1768,13:17:51,6.62,-0.01,137,90694,卖盘
1769,13:17:48,6.63,--,54,35802,买盘
1770,13:17:45,6.63,0.01,9,5967,买盘
1771,13:17:42,6.62,--,6,3972,卖盘
1772,13:17:39,6.62,0.01,276,182712,买盘
1773,13:17:36,6.61,--,98,64778,卖盘
1774,13:17:30,6.61,-0.01,226,149386,卖盘
1775,13:17:27,6.62,--,53,35086,买盘
1776,13:17:24,6.62,--,629,416398,买盘
1777,13:17:21,6.62,--,287,189994,买盘
1778,13:17:18,6.62,0.01,18,11916,买盘
1779,13:17:15,6.61,-0.01,51,33711,卖盘
1780,13:17:12,6.62,--,99,65538,买盘
1781,13:17:09,6.62,--,112,74144,买盘
1782,13:17:03,6.62,--,73,48326,买盘
1783,13:17:00,6.62,--,57,37734,买盘
1784,13:16:54,6.62,--,10,6620,买盘
1785,13:16:51,6.62,-0.01,324,214488,卖盘
1786,13:16:48,6.63,0.01,44,29172,买盘
1787,13:16:45,6.62,-0.01,213,141006,卖盘
1788,13:16:42,6.63,--,15,9945,买盘
1789,13:16:39,6.63,0.01,5,3315,买盘
1790,13:16:36,6.62,--,42,27804,卖盘
1791,13:16:33,6.62,-0.01,7,4634,卖盘
1792,13:16:30,6.63,0.01,3,1989,买盘
1793,13:16:27,6.62,-0.01,32,21184,卖盘
1794,13:16:21,6.63,--,26,17238,买盘
1795,13:16:18,6.63,0.01,48,31824,买盘
1796,13:16:15,6.62,--,40,26480,卖盘
1797,13:16:12,6.62,-0.01,116,76792,卖盘
1798,13:16:09,6.63,--,21,13923,买盘
1799,13:16:06,6.63,--,11,7293,买盘
1800,13:16:03,6.63,--,46,30498,买盘
1801,13:16:00,6.63,0.01,12,7956,买盘
1802,13:15:57,6.62,--,49,32438,卖盘
1803,13:15:54,6.62,-0.01,63,41706,卖盘
1804,13:15:48,6.63,0.01,5,3315,买盘
1805,13:15:45,6.62,-0.01,6,3972,卖盘
1806,13:15:42,6.63,--,59,39117,买盘
1807,13:15:36,6.63,0.01,400,265200,买盘
1808,13:15:33,6.62,--,41,27142,买盘
1809,13:15:30,6.62,--,3,1986,卖盘
1810,13:15:27,6.62,--,5,3310,卖盘
1811,13:15:24,6.62,--,74,48988,卖盘
1812,13:15:21,6.62,--,85,56270,买盘
1813,13:15:18,6.62,--,231,152922,卖盘
1814,13:15:12,6.62,-0.01,163,107906,卖盘
1815,13:15:09,6.63,0.01,2,1326,买盘
1816,13:15:00,6.62,--,14,9268,卖盘
1817,13:14:54,6.62,--,166,109892,卖盘
1818,13:14:51,6.62,--,58,38396,卖盘
1819,13:14:48,6.62,--,231,152922,卖盘
1820,13:14:42,6.62,-0.01,18,11916,卖盘
1821,13:14:39,6.63,--,43,28509,买盘
1822,13:14:36,6.63,--,270,179010,买盘
1823,13:14:30,6.63,0.01,51,33813,买盘
1824,13:14:27,6.62,--,74,48988,卖盘
1825,13:14:18,6.62,--,43,28466,卖盘
1826,13:14:12,6.62,--,138,91356,卖盘
1827,13:14:06,6.62,--,465,307830,买盘
1828,13:14:03,6.62,--,55,36410,买盘
1829,13:14:00,6.62,--,210,139020,买盘
1830,13:13:57,6.62,--,20,13240,买盘
1831,13:13:54,6.62,--,15,9930,买盘
1832,13:13:48,6.62,0.01,35,23170,买盘
1833,13:13:42,6.61,--,42,27762,卖盘
1834,13:13:39,6.61,-0.01,10,6610,卖盘
1835,13:13:36,6.62,0.01,181,119822,买盘
1836,13:13:33,6.61,--,412,272332,卖盘
1837,13:13:24,6.61,--,39,25779,卖盘
1838,13:13:18,6.61,-0.01,12,7932,卖盘
1839,13:13:15,6.62,--,52,34424,买盘
1840,13:13:12,6.62,0.01,86,56932,买盘
1841,13:13:06,6.61,-0.01,77,50897,卖盘
1842,13:13:03,6.62,--,54,35748,买盘
1843,13:13:00,6.62,--,35,23170,买盘
1844,13:12:54,6.62,0.01,70,46340,买盘
1845,13:12:51,6.61,-0.01,19,12559,卖盘
1846,13:12:48,6.62,0.01,25,16550,买盘
1847,13:12:45,6.61,-0.01,108,71388,卖盘
1848,13:12:42,6.62,--,21,13902,买盘
1849,13:12:39,6.62,--,31,20522,买盘
1850,13:12:36,6.62,0.01,12,7944,买盘
1851,13:12:33,6.61,-0.01,50,33050,卖盘
1852,13:12:30,6.62,0.01,35,23170,买盘
1853,13:12:27,6.61,-0.01,588,388668,卖盘
1854,13:12:24,6.62,--,8,5296,买盘
1855,13:12:21,6.62,--,1,662,买盘
1856,13:12:18,6.62,0.01,59,39058,买盘
1857,13:12:12,6.61,-0.01,692,457412,卖盘
1858,13:12:09,6.62,--,24,15888,买盘
1859,13:12:06,6.62,--,20,13240,买盘
1860,13:12:03,6.62,0.01,390,258180,买盘
1861,13:12:00,6.61,-0.01,20,13220,卖盘
1862,13:11:57,6.62,--,20,13240,买盘
1863,13:11:54,6.62,--,10,6620,买盘
1864,13:11:51,6.62,--,47,31114,买盘
1865,13:11:48,6.62,0.01,62,41044,买盘
1866,13:11:45,6.61,-0.01,2,1322,卖盘
1867,13:11:42,6.62,0.01,29,19198,买盘
1868,13:11:39,6.61,-0.01,1000,661000,卖盘
1869,13:11:36,6.62,--,15,9930,买盘
1870,13:11:33,6.62,--,88,58256,买盘
1871,13:11:30,6.62,0.01,46,30452,买盘
1872,13:11:27,6.61,-0.01,16,10576,卖盘
1873,13:11:24,6.62,--,6,3972,买盘
1874,13:11:21,6.62,0.01,10,6620,买盘
1875,13:11:18,6.61,-0.01,113,74693,卖盘
1876,13:11:15,6.62,--,11,7282,买盘
1877,13:11:09,6.62,0.01,4,2648,买盘
1878,13:11:06,6.61,--,349,230689,卖盘
1879,13:11:03,6.61,-0.01,215,142115,卖盘
1880,13:11:00,6.62,--,1,662,买盘
1881,13:10:57,6.62,0.01,23,15226,买盘
1882,13:10:54,6.61,-0.01,407,269027,卖盘
1883,13:10:51,6.62,--,37,24494,买盘
1884,13:10:45,6.62,0.01,10,6620,买盘
1885,13:10:42,6.61,--,40,26440,卖盘
1886,13:10:39,6.61,-0.01,62,40982,卖盘
1887,13:10:36,6.62,--,53,35086,买盘
1888,13:10:30,6.62,--,93,61566,买盘
1889,13:10:27,6.62,0.01,30,19860,买盘
1890,13:10:21,6.61,--,130,85930,卖盘
1891,13:10:18,6.61,-0.01,10,6610,卖盘
1892,13:10:15,6.62,--,22,14564,买盘
1893,13:10:12,6.62,--,12,7944,买盘
1894,13:10:09,6.62,--,2,1324,买盘
1895,13:10:03,6.62,--,69,45678,买盘
1896,13:10:00,6.62,0.01,110,72820,买盘
1897,13:09:57,6.61,-0.01,25,16525,卖盘
1898,13:09:54,6.62,--,20,13240,买盘
1899,13:09:51,6.62,--,12,7944,买盘
1900,13:09:48,6.62,--,513,339606,卖盘
1901,13:09:33,6.62,--,20,13240,卖盘
1902,13:09:24,6.62,-0.01,80,52960,卖盘
1903,13:09:21,6.63,--,361,239343,买盘
1904,13:09:18,6.63,--,4,2652,买盘
1905,13:09:09,6.63,--,48,31824,买盘
1906,13:09:06,6.63,--,9,5967,买盘
1907,13:09:03,6.63,0.01,1,663,买盘
1908,13:09:00,6.62,-0.01,54,35748,卖盘
1909,13:08:57,6.63,--,236,156468,买盘
1910,13:08:54,6.63,--,1100,729300,买盘
1911,13:08:48,6.63,0.01,22,14586,买盘
1912,13:08:45,6.62,-0.01,108,71496,卖盘
1913,13:08:36,6.63,--,10,6630,买盘
1914,13:08:30,6.63,--,738,489294,买盘
1915,13:08:24,6.63,0.01,5,3315,买盘
1916,13:08:21,6.62,-0.01,186,123132,卖盘
1917,13:08:06,6.63,--,22,14586,买盘
1918,13:08:03,6.63,--,1,663,买盘
1919,13:08:00,6.63,0.01,754,499902,买盘
1920,13:07:54,6.62,-0.01,70,46340,卖盘
1921,13:07:42,6.63,--,77,51051,买盘
1922,13:07:39,6.63,--,15,9945,买盘
1923,13:07:27,6.63,0.01,172,114036,买盘
1924,13:07:24,6.62,--,154,101948,买盘
1925,13:07:12,6.62,--,30,19860,买盘
1926,13:07:09,6.62,--,10,6620,买盘
1927,13:07:03,6.62,--,4,2648,买盘
1928,13:07:00,6.62,0.01,524,346888,买盘
1929,13:06:57,6.61,-0.01,40,26440,卖盘
1930,13:06:54,6.62,--,1,662,买盘
1931,13:06:51,6.62,0.01,25,16550,买盘
1932,13:06:48,6.61,-0.01,16,10576,卖盘
1933,13:06:42,6.62,--,5,3310,买盘
1934,13:06:39,6.62,--,273,180726,卖盘
1935,13:06:33,6.62,-0.01,11,7282,卖盘
1936,13:06:30,6.63,0.01,6,3978,买盘
1937,13:06:21,6.62,-0.01,20,13240,卖盘
1938,13:06:18,6.63,0.01,262,173706,买盘
1939,13:06:12,6.62,0.01,43,28466,买盘
1940,13:06:09,6.61,-0.01,15,9915,卖盘
1941,13:06:06,6.62,--,1,662,买盘
1942,13:06:03,6.62,--,22,14564,买盘
1943,13:06:00,6.62,--,323,213826,卖盘
1944,13:05:57,6.62,-0.01,29,19198,卖盘
1945,13:05:51,6.63,--,2,1326,买盘
1946,13:05:48,6.63,--,10,6630,买盘
1947,13:05:45,6.63,0.01,10,6630,买盘
1948,13:05:42,6.62,-0.01,80,52960,卖盘
1949,13:05:39,6.63,--,97,64311,买盘
1950,13:05:36,6.63,0.01,7,4641,买盘
1951,13:05:33,6.62,-0.01,70,46340,卖盘
1952,13:05:30,6.63,--,214,141882,买盘
1953,13:05:24,6.63,--,5,3315,买盘
1954,13:05:18,6.63,0.01,1,663,买盘
1955,13:05:15,6.62,-0.01,28,18536,卖盘
1956,13:05:12,6.63,0.01,57,37791,买盘
1957,13:05:06,6.62,-0.01,30,19860,卖盘
1958,13:05:03,6.63,0.01,59,39117,买盘
1959,13:05:00,6.62,--,48,31776,卖盘
1960,13:04:54,6.62,--,204,135048,卖盘
1961,13:04:51,6.62,--,7,4634,卖盘
1962,13:04:45,6.62,--,50,33100,卖盘
1963,13:04:42,6.62,-0.01,168,111216,卖盘
1964,13:04:39,6.63,--,6,3978,买盘
1965,13:04:36,6.63,--,88,58344,买盘
1966,13:04:33,6.63,--,132,87516,买盘
1967,13:04:30,6.63,--,8,5304,买盘
1968,13:04:27,6.63,0.01,20,13260,买盘
1969,13:04:21,6.62,-0.01,6,3972,卖盘
1970,13:04:18,6.63,--,6,3978,买盘
1971,13:04:12,6.63,--,1,663,买盘
1972,13:04:09,6.63,--,1,663,买盘
1973,13:04:06,6.63,--,6,3978,买盘
1974,13:04:03,6.63,--,54,35802,买盘
1975,13:04:00,6.63,--,21,13923,买盘
1976,13:03:57,6.63,0.01,6,3978,买盘
1977,13:03:54,6.62,-0.01,127,84074,卖盘
1978,13:03:51,6.63,0.01,27,17901,买盘
1979,13:03:45,6.62,--,100,66200,卖盘
1980,13:03:42,6.62,-0.01,2,1324,卖盘
1981,13:03:36,6.63,--,39,25857,买盘
1982,13:03:33,6.63,0.01,6,3978,买盘
1983,13:03:27,6.62,-0.01,10,6620,卖盘
1984,13:03:24,6.63,--,7,4641,买盘
1985,13:03:15,6.63,--,3,1989,买盘
1986,13:03:12,6.63,--,5,3315,买盘
1987,13:03:09,6.63,--,2,1326,买盘
1988,13:03:06,6.63,--,2,1326,买盘
1989,13:03:03,6.63,--,46,30498,买盘
1990,13:03:00,6.63,--,8,5304,买盘
1991,13:02:57,6.63,0.01,5,3315,买盘
1992,13:02:51,6.62,-0.01,36,23832,卖盘
1993,13:02:48,6.63,--,13,8619,买盘
1994,13:02:45,6.63,--,65,43095,买盘
1995,13:02:42,6.63,--,20,13260,买盘
1996,13:02:39,6.63,--,115,76245,买盘
1997,13:02:33,6.63,--,35,23205,买盘
1998,13:02:27,6.63,0.01,26,17238,买盘
1999,13:02:21,6.62,-0.01,37,24494,卖盘
2000,13:02:18,6.63,--,6,3978,买盘
2001,13:02:15,6.63,--,273,180999,买盘
2002,13:02:12,6.63,0.01,50,33150,买盘
2003,13:02:09,6.62,-0.01,92,60904,卖盘
2004,13:02:06,6.63,--,15,9945,买盘
2005,13:02:03,6.63,--,24,15912,买盘
2006,13:02:00,6.63,--,42,27846,买盘
2007,13:01:57,6.63,--,23,15249,买盘
2008,13:01:54,6.63,0.01,17,11271,买盘
2009,13:01:45,6.62,--,11,7282,卖盘
2010,13:01:39,6.62,-0.01,1179,780498,卖盘
2011,13:01:33,6.63,--,56,37128,买盘
2012,13:01:21,6.63,--,15,9945,买盘
2013,13:01:15,6.63,0.01,1,663,买盘
2014,13:01:12,6.62,-0.01,88,58256,卖盘
2015,13:01:09,6.63,--,4,2652,买盘
2016,13:01:03,6.63,--,49,32487,买盘
2017,13:01:00,6.63,--,206,136578,买盘
2018,13:00:57,6.63,--,500,331500,买盘
2019,13:00:48,6.63,0.01,6,3978,买盘
2020,13:00:45,6.62,--,40,26480,卖盘
2021,13:00:42,6.62,--,115,76130,卖盘
2022,13:00:39,6.62,--,59,39058,卖盘
2023,13:00:36,6.62,--,16,10592,卖盘
2024,13:00:30,6.62,-0.01,9,5958,卖盘
2025,13:00:27,6.63,0.01,5,3315,买盘
2026,13:00:21,6.62,--,30,19860,卖盘
2027,13:00:15,6.62,--,75,49650,卖盘
2028,13:00:09,6.62,--,46,30452,卖盘
2029,13:00:06,6.62,--,633,419046,卖盘
2030,13:00:03,6.62,--,1488,985056,买盘
2031,13:00:00,6.62,--,150,99300,买盘
2032,11:30:00,6.62,--,1,662,买盘
2033,11:29:54,6.62,--,60,39720,卖盘
2034,11:29:48,6.62,-0.01,500,331000,卖盘
2035,11:29:42,6.63,--,56,37128,买盘
2036,11:29:39,6.63,0.01,7,4641,买盘
2037,11:29:33,6.62,-0.01,36,23832,卖盘
2038,11:29:30,6.63,--,7,4641,买盘
2039,11:29:21,6.63,--,6,3978,买盘
2040,11:29:18,6.63,0.01,1,663,买盘
2041,11:29:12,6.62,-0.01,5,3310,卖盘
2042,11:29:09,6.63,0.01,46,30498,买盘
2043,11:29:06,6.62,-0.01,65,43030,卖盘
2044,11:29:00,6.63,--,1,663,买盘
2045,11:28:57,6.63,--,106,70278,买盘
2046,11:28:54,6.63,0.01,74,49062,买盘
2047,11:28:51,6.62,-0.01,126,83412,卖盘
2048,11:28:48,6.63,0.01,6,3978,买盘
2049,11:28:45,6.62,--,29,19198,卖盘
2050,11:28:42,6.62,--,34,22508,卖盘
2051,11:28:39,6.62,-0.01,40,26480,卖盘
2052,11:28:36,6.63,0.01,11,7293,买盘
2053,11:28:33,6.62,--,26,17212,卖盘
2054,11:28:30,6.62,--,200,132400,卖盘
2055,11:28:27,6.62,-0.01,31,20522,卖盘
2056,11:28:24,6.63,0.01,207,137241,买盘
2057,11:28:18,6.62,-0.01,100,66200,卖盘
2058,11:28:15,6.63,0.01,6,3978,买盘
2059,11:28:12,6.62,--,6,3972,卖盘
2060,11:28:09,6.62,-0.01,46,30452,卖盘
2061,11:28:03,6.63,--,7,4641,买盘
2062,11:28:00,6.63,--,30,19890,买盘
2063,11:27:57,6.63,--,11,7293,买盘
2064,11:27:54,6.63,--,36,23868,买盘
2065,11:27:51,6.63,--,5,3315,买盘
2066,11:27:48,6.63,0.01,33,21879,买盘
2067,11:27:45,6.62,--,17,11254,卖盘
2068,11:27:42,6.62,--,132,87384,卖盘
2069,11:27:36,6.62,-0.01,130,86060,卖盘
2070,11:27:33,6.63,--,2,1326,买盘
2071,11:27:30,6.63,--,6,3978,买盘
2072,11:27:27,6.63,--,138,91494,买盘
2073,11:27:21,6.63,--,101,66963,买盘
2074,11:27:18,6.63,--,45,29835,买盘
2075,11:27:15,6.63,0.01,2,1326,买盘
2076,11:27:12,6.62,--,40,26480,卖盘
2077,11:27:09,6.62,--,17,11254,卖盘
2078,11:27:06,6.62,-0.01,43,28466,卖盘
2079,11:27:00,6.63,--,22,14586,买盘
2080,11:26:57,6.63,--,6,3978,买盘
2081,11:26:45,6.63,0.01,48,31824,买盘
2082,11:26:39,6.62,-0.01,2,1324,卖盘
2083,11:26:36,6.63,--,142,94146,买盘
2084,11:26:33,6.63,--,1,663,买盘
2085,11:26:30,6.63,--,55,36465,买盘
2086,11:26:27,6.63,--,5,3315,买盘
2087,11:26:24,6.63,--,21,13923,买盘
2088,11:26:21,6.63,0.01,26,17238,买盘
2089,11:26:18,6.62,--,2,1324,卖盘
2090,11:26:15,6.62,--,4,2648,卖盘
2091,11:26:12,6.62,-0.01,45,29790,卖盘
2092,11:26:09,6.63,--,1,663,买盘
2093,11:26:06,6.63,0.01,10,6630,买盘
2094,11:26:03,6.62,-0.01,43,28466,卖盘
2095,11:26:00,6.63,0.01,15,9945,买盘
2096,11:25:57,6.62,--,54,35748,卖盘
2097,11:25:54,6.62,-0.01,72,47664,卖盘
2098,11:25:51,6.63,--,306,202878,买盘
2099,11:25:45,6.63,--,2,1326,买盘
2100,11:25:42,6.63,--,15,9945,买盘
2101,11:25:39,6.63,0.01,7,4641,买盘
2102,11:25:36,6.62,-0.01,143,94666,卖盘
2103,11:25:33,6.63,--,102,67626,买盘
2104,11:25:30,6.63,--,25,16575,买盘
2105,11:25:24,6.63,--,10,6630,买盘
2106,11:25:18,6.63,--,10,6630,买盘
2107,11:25:15,6.63,--,13,8619,买盘
2108,11:25:12,6.63,--,102,67626,买盘
2109,11:25:09,6.63,--,130,86190,买盘
2110,11:25:06,6.63,--,6,3978,买盘
2111,11:25:03,6.63,--,55,36465,买盘
2112,11:25:00,6.63,--,1,663,买盘
2113,11:24:57,6.63,--,28,18564,买盘
2114,11:24:54,6.63,--,12,7956,买盘
2115,11:24:48,6.63,--,220,145860,买盘
2116,11:24:45,6.63,0.01,32,21216,买盘
2117,11:24:42,6.62,--,40,26480,卖盘
2118,11:24:36,6.62,-0.01,321,212502,卖盘
2119,11:24:33,6.63,--,7,4641,买盘
2120,11:24:27,6.63,--,4,2652,买盘
2121,11:24:24,6.63,--,10,6630,买盘
2122,11:24:21,6.63,--,5,3315,买盘
2123,11:24:18,6.63,0.01,104,68952,买盘
2124,11:24:15,6.62,-0.01,20,13240,卖盘
2125,11:24:12,6.63,0.01,6,3978,买盘
2126,11:24:09,6.62,-0.01,50,33100,卖盘
2127,11:24:06,6.63,0.01,98,64974,买盘
2128,11:24:03,6.62,-0.01,219,144978,卖盘
2129,11:24:00,6.63,0.01,10,6630,买盘
2130,11:23:57,6.62,--,40,26480,卖盘
2131,11:23:54,6.62,-0.01,16,10592,卖盘
2132,11:23:51,6.63,--,18,11934,买盘
2133,11:23:48,6.63,0.01,14,9282,买盘
2134,11:23:39,6.62,-0.01,209,138358,卖盘
2135,11:23:36,6.63,--,132,87516,买盘
2136,11:23:33,6.63,--,6,3978,买盘
2137,11:23:30,6.63,--,1,663,买盘
2138,11:23:27,6.63,0.01,106,70278,买盘
2139,11:23:24,6.62,-0.01,80,52960,卖盘
2140,11:23:21,6.63,--,93,61659,买盘
2141,11:23:18,6.63,--,8,5304,买盘
2142,11:23:15,6.63,--,37,24531,买盘
2143,11:23:09,6.63,--,30,19890,买盘
2144,11:23:06,6.63,--,6,3978,买盘
2145,11:23:03,6.63,--,199,131937,买盘
2146,11:22:57,6.63,0.01,4,2652,买盘
2147,11:22:54,6.62,--,120,79440,买盘
2148,11:22:51,6.62,--,39,25818,买盘
2149,11:22:45,6.62,-0.01,85,56270,中性盘
2150,11:22:42,6.63,0.01,124,82212,买盘
2151,11:22:39,6.62,-0.01,30,19860,中性盘
2152,11:22:33,6.63,0.01,164,108732,买盘
2153,11:22:30,6.62,--,384,254208,卖盘
2154,11:22:27,6.62,--,100,66200,卖盘
2155,11:22:24,6.62,--,6,3972,卖盘
2156,11:22:21,6.62,--,35,23170,卖盘
2157,11:22:18,6.62,-0.01,161,106582,卖盘
2158,11:22:15,6.63,--,1,663,买盘
2159,11:22:12,6.63,--,1,663,买盘
2160,11:22:09,6.63,0.01,26,17238,买盘
2161,11:22:03,6.62,-0.01,175,115850,卖盘
2162,11:22:00,6.63,0.01,37,24531,买盘
2163,11:21:57,6.62,-0.01,50,33100,卖盘
2164,11:21:51,6.63,--,56,37128,买盘
2165,11:21:48,6.63,--,6,3978,买盘
2166,11:21:45,6.63,--,3,1989,买盘
2167,11:21:39,6.63,--,209,138567,买盘
2168,11:21:36,6.63,--,46,30498,买盘
2169,11:21:33,6.63,--,142,94146,买盘
2170,11:21:30,6.63,--,1,663,买盘
2171,11:21:27,6.63,--,12,7956,买盘
2172,11:21:21,6.63,--,193,127959,买盘
2173,11:21:18,6.63,0.02,1,663,买盘
2174,11:21:15,6.61,-0.02,465,307365,卖盘
2175,11:21:06,6.63,--,38,25194,买盘
2176,11:21:03,6.63,0.01,166,110058,买盘
2177,11:21:00,6.62,--,25,16550,卖盘
2178,11:20:57,6.62,--,936,619632,买盘
2179,11:20:54,6.62,--,78,51636,买盘
2180,11:20:51,6.62,--,1,662,买盘
2181,11:20:48,6.62,--,1,662,买盘
2182,11:20:45,6.62,--,70,46340,买盘
2183,11:20:42,6.62,--,227,150274,买盘
2184,11:20:39,6.62,--,68,45016,买盘
2185,11:20:36,6.62,--,29,19198,买盘
2186,11:20:33,6.62,--,177,117174,买盘
2187,11:20:30,6.62,--,373,246926,买盘
2188,11:20:27,6.62,--,1273,842726,买盘
2189,11:20:21,6.62,--,6,3972,买盘
2190,11:20:18,6.62,0.01,50,33100,买盘
2191,11:20:15,6.61,--,1300,859300,卖盘
2192,11:20:12,6.61,-0.01,367,242587,卖盘
2193,11:20:09,6.62,--,94,62228,买盘
2194,11:20:06,6.62,--,75,49650,买盘
2195,11:20:03,6.62,--,3,1986,买盘
2196,11:20:00,6.62,--,98,64876,买盘
2197,11:19:57,6.62,--,6,3972,买盘
2198,11:19:54,6.62,--,18,11916,买盘
2199,11:19:51,6.62,--,15,9930,买盘
2200,11:19:48,6.62,0.01,6,3972,买盘
2201,11:19:45,6.61,--,11,7271,卖盘
2202,11:19:42,6.61,--,1043,689423,买盘
2203,11:19:39,6.61,--,402,265722,买盘
2204,11:19:36,6.61,--,17,11237,买盘
2205,11:19:33,6.61,0.01,91,60151,买盘
2206,11:19:30,6.6,-0.01,342,225720,卖盘
2207,11:19:27,6.61,--,1178,778658,买盘
2208,11:19:24,6.61,--,60,39660,买盘
2209,11:19:21,6.61,--,71,46931,买盘
2210,11:19:18,6.61,--,30,19830,买盘
2211,11:19:15,6.61,0.01,61,40321,买盘
2212,11:19:12,6.6,-0.01,1622,1070520,卖盘
2213,11:19:09,6.61,--,19,12559,买盘
2214,11:19:03,6.61,0.01,8,5288,买盘
2215,11:19:00,6.6,-0.01,100,66000,卖盘
2216,11:18:57,6.61,0.01,2,1322,买盘
2217,11:18:54,6.6,--,12,7920,卖盘
2218,11:18:48,6.6,-0.01,300,198000,卖盘
2219,11:18:42,6.61,0.01,57,37677,买盘
2220,11:18:39,6.6,-0.01,4,2640,卖盘
2221,11:18:36,6.61,0.01,109,72049,买盘
2222,11:18:33,6.6,-0.01,24,15840,卖盘
2223,11:18:30,6.61,0.01,134,88706,买盘
2224,11:18:27,6.6,--,15,9900,买盘
2225,11:18:21,6.6,--,32,21120,买盘
2226,11:18:18,6.6,--,35,23100,买盘
2227,11:18:15,6.6,--,318,209880,买盘
2228,11:18:12,6.6,--,2,1320,买盘
2229,11:18:09,6.6,--,30,19800,买盘
2230,11:18:06,6.6,--,38,25080,买盘
2231,11:18:03,6.6,--,101,66660,买盘
2232,11:18:00,6.6,--,823,543180,买盘
2233,11:17:57,6.6,--,110,72600,买盘
2234,11:17:54,6.6,--,10,6600,买盘
2235,11:17:51,6.6,--,11,7260,买盘
2236,11:17:48,6.6,--,30,19800,买盘
2237,11:17:45,6.6,--,13,8580,买盘
2238,11:17:42,6.6,--,62,40920,买盘
2239,11:17:39,6.6,--,25,16500,买盘
2240,11:17:36,6.6,--,107,70620,买盘
2241,11:17:33,6.6,--,4,2640,买盘
2242,11:17:30,6.6,--,9,5940,买盘
2243,11:17:27,6.6,--,480,316800,买盘
2244,11:17:24,6.6,--,2,1320,买盘
2245,11:17:21,6.6,--,4,2640,买盘
2246,11:17:18,6.6,--,41,27060,买盘
2247,11:17:12,6.6,0.01,10,6600,买盘
2248,11:17:09,6.59,-0.01,62,40858,卖盘
2249,11:17:06,6.6,0.01,48,31680,买盘
2250,11:17:03,6.59,--,17,11203,卖盘
2251,11:17:00,6.59,-0.01,36,23724,卖盘
2252,11:16:57,6.6,--,98,64680,买盘
2253,11:16:54,6.6,0.01,163,107580,买盘
2254,11:16:51,6.59,-0.01,55,36245,卖盘
2255,11:16:48,6.6,--,4,2640,买盘
2256,11:16:45,6.6,--,13,8580,买盘
2257,11:16:42,6.6,--,35,23100,买盘
2258,11:16:36,6.6,0.01,60,39600,买盘
2259,11:16:33,6.59,-0.01,61,40199,卖盘
2260,11:16:30,6.6,--,103,67980,买盘
2261,11:16:27,6.6,--,1192,786720,买盘
2262,11:16:24,6.6,--,165,108900,买盘
2263,11:16:21,6.6,0.01,76,50160,买盘
2264,11:16:18,6.59,-0.01,17,11203,卖盘
2265,11:16:15,6.6,--,9,5940,买盘
2266,11:16:12,6.6,--,5,3300,买盘
2267,11:16:09,6.6,--,30,19800,买盘
2268,11:16:06,6.6,0.01,6,3960,买盘
2269,11:16:03,6.59,-0.01,12,7908,卖盘
2270,11:16:00,6.6,--,51,33660,买盘
2271,11:15:57,6.6,--,15,9900,买盘
2272,11:15:54,6.6,0.01,248,163680,买盘
2273,11:15:51,6.59,-0.01,66,43494,卖盘
2274,11:15:45,6.6,0.01,396,261360,买盘
2275,11:15:42,6.59,-0.01,160,105440,卖盘
2276,11:15:39,6.6,--,25,16500,买盘
2277,11:15:36,6.6,--,98,64680,买盘
2278,11:15:33,6.6,0.01,18,11880,买盘
2279,11:15:30,6.59,--,18,11862,卖盘
2280,11:15:27,6.59,-0.01,5,3295,卖盘
2281,11:15:24,6.6,--,125,82500,买盘
2282,11:15:12,6.6,0.01,129,85140,买盘
2283,11:15:09,6.59,-0.01,5,3295,卖盘
2284,11:15:06,6.6,--,23,15180,买盘
2285,11:15:03,6.6,--,1,660,买盘
2286,11:15:00,6.6,0.01,6,3960,买盘
2287,11:14:57,6.59,-0.01,100,65900,卖盘
2288,11:14:54,6.6,0.01,98,64680,买盘
2289,11:14:51,6.59,--,73,48107,卖盘
2290,11:14:45,6.59,--,36,23724,买盘
2291,11:14:39,6.59,0.01,116,76444,中性盘
2292,11:14:33,6.58,-0.01,252,165816,卖盘
2293,11:14:30,6.59,--,1,659,买盘
2294,11:14:27,6.59,-0.01,85,56015,中性盘
2295,11:14:21,6.6,--,137,90420,买盘
2296,11:14:18,6.6,0.01,16,10560,买盘
2297,11:14:15,6.59,--,34,22406,买盘
2298,11:14:06,6.59,0.01,9,5931,买盘
2299,11:14:03,6.58,--,26,17108,卖盘
2300,11:14:00,6.58,--,60,39480,卖盘
2301,11:13:54,6.58,-0.01,103,67774,卖盘
2302,11:13:51,6.59,--,105,69195,买盘
2303,11:13:48,6.59,-0.01,19,12521,中性盘
2304,11:13:45,6.6,0.01,29,19140,买盘
2305,11:13:42,6.59,--,22,14498,买盘
2306,11:13:39,6.59,--,213,140367,卖盘
2307,11:13:36,6.59,-0.01,10,6590,卖盘
2308,11:13:33,6.6,0.01,105,69300,买盘
2309,11:13:30,6.59,-0.01,81,53379,卖盘
2310,11:13:27,6.6,0.01,150,99000,买盘
2311,11:13:24,6.59,-0.01,87,57333,卖盘
2312,11:13:21,6.6,0.01,105,69300,买盘
2313,11:13:18,6.59,--,40,26360,卖盘
2314,11:13:15,6.59,--,4,2636,卖盘
2315,11:13:12,6.59,--,16,10544,买盘
2316,11:13:09,6.59,--,12,7908,买盘
2317,11:13:03,6.59,--,2,1318,买盘
2318,11:13:00,6.59,--,219,144321,卖盘
2319,11:12:57,6.59,--,120,79080,卖盘
2320,11:12:51,6.59,--,49,32291,买盘
2321,11:12:48,6.59,--,13,8567,买盘
2322,11:12:45,6.59,--,20,13180,买盘
2323,11:12:42,6.59,--,56,36904,买盘
2324,11:12:39,6.59,--,8,5272,买盘
2325,11:12:36,6.59,--,190,125210,卖盘
2326,11:12:33,6.59,--,353,232627,买盘
2327,11:12:30,6.59,--,79,52061,买盘
2328,11:12:27,6.59,--,59,38881,买盘
2329,11:12:24,6.59,--,65,42835,买盘
2330,11:12:21,6.59,-0.01,578,380902,卖盘
2331,11:12:18,6.6,--,657,433620,买盘
2332,11:12:15,6.6,0.01,6,3960,买盘
2333,11:12:12,6.59,--,112,73808,卖盘
2334,11:12:09,6.59,-0.01,20,13180,卖盘
2335,11:12:06,6.6,--,51,33660,买盘
2336,11:12:03,6.6,--,7,4620,买盘
2337,11:12:00,6.6,0.01,10,6600,买盘
2338,11:11:54,6.59,--,155,102145,卖盘
2339,11:11:48,6.59,--,130,85670,卖盘
2340,11:11:45,6.59,-0.01,52,34268,卖盘
2341,11:11:42,6.6,--,56,36960,买盘
2342,11:11:39,6.6,--,8,5280,买盘
2343,11:11:36,6.6,0.02,77,50820,买盘
2344,11:11:33,6.58,-0.02,117,76986,卖盘
2345,11:11:30,6.6,0.01,29,19140,买盘
2346,11:11:27,6.59,--,28,18452,买盘
2347,11:11:24,6.59,--,25,16475,卖盘
2348,11:11:21,6.59,-0.01,12,7908,卖盘
2349,11:11:18,6.6,0.01,204,134640,买盘
2350,11:11:15,6.59,-0.01,50,32950,卖盘
2351,11:11:09,6.6,--,5,3300,买盘
2352,11:11:06,6.6,--,8,5280,买盘
2353,11:10:57,6.6,0.01,7,4620,买盘
2354,11:10:54,6.59,--,20,13180,卖盘
2355,11:10:51,6.59,--,8,5272,卖盘
2356,11:10:48,6.59,0.01,79,52061,中性盘
2357,11:10:42,6.58,-0.01,51,33558,卖盘
2358,11:10:39,6.59,--,17,11203,中性盘
2359,11:10:36,6.59,--,7,4613,买盘
2360,11:10:33,6.59,--,16,10544,买盘
2361,11:10:30,6.59,0.01,22,14498,买盘
2362,11:10:27,6.58,-0.01,5,3290,卖盘
2363,11:10:24,6.59,--,6,3954,买盘
2364,11:10:21,6.59,--,70,46130,买盘
2365,11:10:18,6.59,--,226,148934,卖盘
2366,11:10:15,6.59,--,61,40199,买盘
2367,11:10:12,6.59,-0.01,243,160137,卖盘
2368,11:10:09,6.6,0.01,76,50160,买盘
2369,11:10:06,6.59,--,50,32950,卖盘
2370,11:10:03,6.59,--,110,72490,卖盘
2371,11:09:57,6.59,--,100,65900,卖盘
2372,11:09:54,6.59,-0.01,25,16475,卖盘
2373,11:09:51,6.6,--,47,31020,买盘
2374,11:09:45,6.6,--,98,64680,买盘
2375,11:09:42,6.6,0.01,55,36300,买盘
2376,11:09:39,6.59,-0.01,599,394872,卖盘
2377,11:09:33,6.6,--,65,42900,买盘
2378,11:09:30,6.6,--,26,17160,买盘
2379,11:09:27,6.6,--,1,660,买盘
2380,11:09:24,6.6,--,10,6600,买盘
2381,11:09:18,6.6,--,6,3960,买盘
2382,11:09:15,6.6,--,98,64680,买盘
2383,11:09:12,6.6,0.01,65,42900,买盘
2384,11:09:09,6.59,--,36,23724,卖盘
2385,11:09:03,6.59,--,112,74335,买盘
2386,11:09:00,6.59,--,4706,3101254,买盘
2387,11:08:57,6.59,--,44,28996,买盘
2388,11:08:54,6.59,--,273,179907,买盘
2389,11:08:51,6.59,--,36,23724,买盘
2390,11:08:48,6.59,--,198,130482,买盘
2391,11:08:45,6.59,--,181,119279,买盘
2392,11:08:42,6.59,--,100,65900,买盘
2393,11:08:39,6.59,--,770,507430,买盘
2394,11:08:36,6.59,--,15,9885,买盘
2395,11:08:33,6.59,--,43,28337,买盘
2396,11:08:30,6.59,--,69,45471,买盘
2397,11:08:24,6.59,--,26,17134,买盘
2398,11:08:21,6.59,--,111,73149,买盘
2399,11:08:18,6.59,0.01,51,33609,买盘
2400,11:08:15,6.58,-0.01,50,32900,卖盘
2401,11:08:12,6.59,--,104,68536,买盘
2402,11:08:09,6.59,0.01,20,13180,买盘
2403,11:08:06,6.58,--,192,126336,卖盘
2404,11:08:03,6.58,--,56,36848,卖盘
2405,11:08:00,6.58,--,63,41454,卖盘
2406,11:07:54,6.58,--,1013,666554,买盘
2407,11:07:51,6.58,--,44,28952,买盘
2408,11:07:48,6.58,--,95,62510,买盘
2409,11:07:45,6.58,--,15,9870,买盘
2410,11:07:42,6.58,--,476,313208,买盘
2411,11:07:39,6.58,--,90,59220,买盘
2412,11:07:36,6.58,--,887,583646,买盘
2413,11:07:30,6.58,--,20,13160,买盘
2414,11:07:27,6.58,--,85,55930,买盘
2415,11:07:24,6.58,--,55,36190,买盘
2416,11:07:21,6.58,--,61,40138,买盘
2417,11:07:18,6.58,--,141,92778,买盘
2418,11:07:15,6.58,--,1090,717220,卖盘
2419,11:07:12,6.58,--,129,84882,卖盘
2420,11:07:09,6.58,-0.01,95,62510,卖盘
2421,11:07:06,6.59,0.01,169,111371,买盘
2422,11:07:03,6.58,-0.01,200,131600,卖盘
2423,11:07:00,6.59,0.01,51,33609,买盘
2424,11:06:57,6.58,-0.01,201,132258,卖盘
2425,11:06:54,6.59,0.01,285,187815,买盘
2426,11:06:51,6.58,-0.01,20,13160,卖盘
2427,11:06:48,6.59,0.01,26,17134,买盘
2428,11:06:45,6.58,--,39,25662,卖盘
2429,11:06:42,6.58,--,20,13160,卖盘
2430,11:06:39,6.58,0.01,467,307286,买盘
2431,11:06:36,6.57,-0.01,56,36792,卖盘
2432,11:06:33,6.58,--,99,65142,买盘
2433,11:06:30,6.58,0.01,55,36190,买盘
2434,11:06:27,6.57,-0.01,294,193158,卖盘
2435,11:06:24,6.58,--,118,77644,买盘
2436,11:06:21,6.58,--,14,9212,买盘
2437,11:06:18,6.58,--,45,29610,买盘
2438,11:06:15,6.58,--,40,26320,买盘
2439,11:06:12,6.58,--,204,134232,买盘
2440,11:06:09,6.58,0.01,98,64484,买盘
2441,11:06:06,6.57,-0.01,86,56502,卖盘
2442,11:06:00,6.58,--,35,23030,买盘
2443,11:05:57,6.58,--,646,425068,买盘
2444,11:05:54,6.58,--,22,14476,买盘
2445,11:05:51,6.58,--,20,13160,买盘
2446,11:05:48,6.58,--,11,7238,买盘
2447,11:05:45,6.58,--,61,40138,买盘
2448,11:05:39,6.58,0.01,181,119098,买盘
2449,11:05:36,6.57,--,3,1971,卖盘
2450,11:05:33,6.57,--,104,68328,卖盘
2451,11:05:30,6.57,-0.01,6,3942,卖盘
2452,11:05:27,6.58,--,106,69748,买盘
2453,11:05:24,6.58,--,250,164500,买盘
2454,11:05:21,6.58,0.01,23,15134,买盘
2455,11:05:18,6.57,-0.01,17,11169,卖盘
2456,11:05:15,6.58,--,200,131600,买盘
2457,11:05:12,6.58,0.01,510,335580,买盘
2458,11:05:09,6.57,-0.01,191,125487,卖盘
2459,11:05:06,6.58,--,50,32900,买盘
2460,11:05:03,6.58,0.01,321,211218,买盘
2461,11:05:00,6.57,-0.01,813,534141,卖盘
2462,11:04:57,6.58,--,240,157920,买盘
2463,11:04:54,6.58,--,14,9212,买盘
2464,11:04:48,6.58,0.01,45,29610,买盘
2465,11:04:45,6.57,-0.01,362,237834,卖盘
2466,11:04:42,6.58,0.01,547,359926,买盘
2467,11:04:39,6.57,--,201,132057,卖盘
2468,11:04:36,6.57,-0.01,210,137970,卖盘
2469,11:04:33,6.58,0.01,159,104622,买盘
2470,11:04:30,6.57,--,144,94608,卖盘
2471,11:04:27,6.57,-0.01,55,36135,卖盘
2472,11:04:24,6.58,0.01,10,6580,买盘
2473,11:04:21,6.57,-0.01,90,59130,卖盘
2474,11:04:18,6.58,--,230,151340,买盘
2475,11:04:15,6.58,0.01,25,16450,买盘
2476,11:04:12,6.57,-0.01,46,30222,卖盘
2477,11:04:09,6.58,--,182,119756,买盘
2478,11:04:06,6.58,--,185,121730,买盘
2479,11:04:03,6.58,--,46,30268,买盘
2480,11:04:00,6.58,--,366,240828,买盘
2481,11:03:57,6.58,--,53,34874,买盘
2482,11:03:54,6.58,--,6,3948,买盘
2483,11:03:51,6.58,--,5,3290,买盘
2484,11:03:48,6.58,--,57,37506,买盘
2485,11:03:45,6.58,0.01,53,34874,卖盘
2486,11:03:42,6.57,-0.01,300,197100,卖盘
2487,11:03:36,6.58,--,64,42112,买盘
2488,11:03:33,6.58,--,120,78960,买盘
2489,11:03:30,6.58,-0.01,90,59220,卖盘
2490,11:03:27,6.59,--,82,54038,买盘
2491,11:03:24,6.59,0.01,119,78421,买盘
2492,11:03:21,6.58,-0.01,515,338870,卖盘
2493,11:03:18,6.59,--,187,123233,买盘
2494,11:03:15,6.59,--,58,38222,买盘
2495,11:03:12,6.59,--,5,3295,买盘
2496,11:03:09,6.59,--,462,304458,买盘
2497,11:03:06,6.59,--,146,96214,买盘
2498,11:03:03,6.59,0.01,143,94237,买盘
2499,11:03:00,6.58,--,154,101332,卖盘
2500,11:02:57,6.58,-0.01,110,72380,卖盘
2501,11:02:54,6.59,--,28,18452,买盘
2502,11:02:51,6.59,0.01,56,36904,买盘
2503,11:02:48,6.58,--,50,32900,卖盘
2504,11:02:45,6.58,-0.01,177,116466,卖盘
2505,11:02:42,6.59,0.01,76,50084,买盘
2506,11:02:39,6.58,-0.01,106,69748,卖盘
2507,11:02:36,6.59,0.01,129,85011,买盘
2508,11:02:33,6.58,-0.01,10,6580,卖盘
2509,11:02:30,6.59,0.01,23,15157,买盘
2510,11:02:27,6.58,0.01,206,135548,中性盘
2511,11:02:24,6.57,-0.01,722,474354,卖盘
2512,11:02:21,6.58,--,69,45402,买盘
2513,11:02:18,6.58,0.01,193,126994,买盘
2514,11:02:15,6.57,--,17,11169,卖盘
2515,11:02:12,6.57,-0.01,70,45990,卖盘
2516,11:02:09,6.58,0.01,64,42112,买盘
2517,11:02:06,6.57,-0.01,359,235863,卖盘
2518,11:02:03,6.58,0.01,299,196742,买盘
2519,11:02:00,6.57,--,10,6570,卖盘
2520,11:01:57,6.57,--,230,151110,卖盘
2521,11:01:54,6.57,--,645,423765,卖盘
2522,11:01:51,6.57,--,824,541368,买盘
2523,11:01:48,6.57,--,67,44019,买盘
2524,11:01:45,6.57,--,52,34164,买盘
2525,11:01:42,6.57,--,30,19710,买盘
2526,11:01:39,6.57,--,67,44019,买盘
2527,11:01:36,6.57,--,124,81468,买盘
2528,11:01:33,6.57,--,314,206298,买盘
2529,11:01:30,6.57,--,158,103806,买盘
2530,11:01:27,6.57,--,123,80811,买盘
2531,11:01:24,6.57,0.01,115,75555,买盘
2532,11:01:21,6.56,--,98,64287,卖盘
2533,11:01:18,6.56,--,122,80032,卖盘
2534,11:01:15,6.56,--,336,220416,卖盘
2535,11:01:12,6.56,--,216,141696,卖盘
2536,11:01:09,6.56,--,661,433616,卖盘
2537,11:01:06,6.56,-0.01,92,60352,卖盘
2538,11:01:03,6.57,0.01,484,317988,买盘
2539,11:01:00,6.56,-0.01,40,26240,卖盘
2540,11:00:57,6.57,0.01,330,216810,买盘
2541,11:00:54,6.56,--,1324,868544,卖盘
2542,11:00:51,6.56,--,294,192864,卖盘
2543,11:00:48,6.56,-0.01,175,114800,卖盘
2544,11:00:45,6.57,0.01,193,126801,买盘
2545,11:00:42,6.56,-0.01,58,38048,卖盘
2546,11:00:39,6.57,--,108,70956,买盘
2547,11:00:36,6.57,--,245,160965,买盘
2548,11:00:33,6.57,0.01,293,192501,买盘
2549,11:00:30,6.56,-0.01,83,54448,卖盘
2550,11:00:27,6.57,0.01,111,72927,买盘
2551,11:00:24,6.56,-0.01,128,83968,卖盘
2552,11:00:21,6.57,--,42,27594,买盘
2553,11:00:18,6.57,--,58,38106,买盘
2554,11:00:15,6.57,--,90,59130,卖盘
2555,11:00:12,6.57,--,423,277911,卖盘
2556,11:00:09,6.57,-0.01,595,390915,卖盘
2557,11:00:06,6.58,--,1046,688268,买盘
2558,11:00:03,6.58,--,5,3290,买盘
2559,11:00:00,6.58,--,98,64484,买盘
2560,10:59:57,6.58,--,146,96068,买盘
2561,10:59:54,6.58,--,79,51982,买盘
2562,10:59:51,6.58,--,88,57904,买盘
2563,10:59:48,6.58,0.01,166,109228,买盘
2564,10:59:45,6.57,-0.01,220,144540,卖盘
2565,10:59:42,6.58,--,189,124362,买盘
2566,10:59:39,6.58,--,136,89488,买盘
2567,10:59:36,6.58,-0.01,886,583514,卖盘
2568,10:59:33,6.59,--,264,173976,买盘
2569,10:59:30,6.59,0.01,130,85670,买盘
2570,10:59:27,6.58,--,420,276360,卖盘
2571,10:59:24,6.58,--,43,28294,卖盘
2572,10:59:21,6.58,--,20,13160,卖盘
2573,10:59:18,6.58,-0.01,5,3290,卖盘
2574,10:59:15,6.59,--,131,86460,买盘
2575,10:59:12,6.59,0.01,6,3954,买盘
2576,10:59:09,6.58,-0.01,178,117124,卖盘
2577,10:59:06,6.59,0.01,45,29655,买盘
2578,10:59:03,6.58,--,253,166474,买盘
2579,10:59:00,6.58,--,242,159236,买盘
2580,10:58:57,6.58,--,212,139496,买盘
2581,10:58:54,6.58,--,74,48692,卖盘
2582,10:58:51,6.58,-0.01,69,45402,卖盘
2583,10:58:48,6.59,0.01,86,56674,买盘
2584,10:58:45,6.58,--,213,140154,买盘
2585,10:58:42,6.58,--,1125,740250,买盘
2586,10:58:39,6.58,--,99,65142,买盘
2587,10:58:36,6.58,--,11,7238,买盘
2588,10:58:33,6.58,--,89,58562,买盘
2589,10:58:30,6.58,--,231,151998,买盘
2590,10:58:27,6.58,--,106,69748,买盘
2591,10:58:24,6.58,--,69,45402,买盘
2592,10:58:21,6.58,--,27,17766,买盘
2593,10:58:18,6.58,--,156,102648,买盘
2594,10:58:15,6.58,--,60,39480,买盘
2595,10:58:12,6.58,-0.01,626,411908,卖盘
2596,10:58:09,6.59,--,22,14498,买盘
2597,10:58:06,6.59,--,1029,678111,买盘
2598,10:58:03,6.59,--,17,11203,买盘
2599,10:58:00,6.59,0.01,79,52061,买盘
2600,10:57:57,6.58,-0.01,116,76328,卖盘
2601,10:57:54,6.59,--,9,5931,买盘
2602,10:57:51,6.59,-0.01,41,27019,卖盘
2603,10:57:48,6.6,--,7,4620,买盘
2604,10:57:45,6.6,--,150,99000,买盘
2605,10:57:42,6.6,--,134,88440,买盘
2606,10:57:39,6.6,--,161,106260,买盘
2607,10:57:36,6.6,--,9,5940,买盘
2608,10:57:33,6.6,0.02,3,1980,买盘
2609,10:57:30,6.58,-0.02,8308,5466664,卖盘
2610,10:57:27,6.6,--,63,41580,买盘
2611,10:57:24,6.6,--,110,72600,买盘
2612,10:57:18,6.6,--,110,72600,卖盘
2613,10:57:15,6.6,--,827,545820,卖盘
2614,10:57:12,6.6,--,42,27720,卖盘
2615,10:57:09,6.6,-0.01,100,66000,卖盘
2616,10:57:06,6.61,--,110,72710,买盘
2617,10:57:03,6.61,--,40,26440,买盘
2618,10:57:00,6.61,0.01,15,9915,买盘
2619,10:56:57,6.6,-0.01,381,251460,卖盘
2620,10:56:54,6.61,0.01,146,96506,买盘
2621,10:56:51,6.6,-0.01,20,13200,卖盘
2622,10:56:48,6.61,--,48,31728,买盘
2623,10:56:45,6.61,--,35,23135,买盘
2624,10:56:42,6.61,--,320,211520,买盘
2625,10:56:39,6.61,0.01,41,27101,买盘
2626,10:56:36,6.6,-0.01,22,14520,卖盘
2627,10:56:33,6.61,--,5,3305,买盘
2628,10:56:30,6.61,--,66,43626,买盘
2629,10:56:27,6.61,0.01,138,91218,买盘
2630,10:56:24,6.6,--,71,46860,卖盘
2631,10:56:21,6.6,--,69,45540,卖盘
2632,10:56:18,6.6,--,39,25740,卖盘
2633,10:56:15,6.6,-0.01,15,9900,卖盘
2634,10:56:12,6.61,--,5,3305,买盘
2635,10:56:06,6.61,0.01,54,35694,买盘
2636,10:56:03,6.6,-0.01,178,117480,卖盘
2637,10:56:00,6.61,0.01,11,7271,买盘
2638,10:55:57,6.6,-0.01,31,20460,卖盘
2639,10:55:54,6.61,0.01,226,149386,买盘
2640,10:55:51,6.6,-0.01,59,38940,卖盘
2641,10:55:48,6.61,0.01,80,52880,买盘
2642,10:55:45,6.6,-0.01,72,47520,卖盘
2643,10:55:39,6.61,0.01,4,2644,买盘
2644,10:55:33,6.6,-0.01,573,378180,卖盘
2645,10:55:30,6.61,--,21,13881,买盘
2646,10:55:27,6.61,--,122,80642,买盘
2647,10:55:24,6.61,--,111,73371,买盘
2648,10:55:21,6.61,0.01,15,9915,买盘
2649,10:55:18,6.6,--,982,648120,卖盘
2650,10:55:15,6.6,-0.01,100,66000,卖盘
2651,10:55:12,6.61,0.01,12,7932,买盘
2652,10:55:09,6.6,--,393,259512,卖盘
2653,10:55:06,6.6,-0.01,120,79200,卖盘
2654,10:55:03,6.61,0.01,51,33711,买盘
2655,10:54:57,6.6,-0.01,68,44880,卖盘
2656,10:54:54,6.61,0.01,40,26592,买盘
2657,10:54:51,6.6,--,783,516780,买盘
2658,10:54:48,6.6,--,151,99660,买盘
2659,10:54:45,6.6,--,87,57420,买盘
2660,10:54:42,6.6,--,186,122760,买盘
2661,10:54:39,6.6,--,267,176220,买盘
2662,10:54:36,6.6,--,4,2640,买盘
2663,10:54:33,6.6,--,17,11220,买盘
2664,10:54:30,6.6,--,56,36960,买盘
2665,10:54:27,6.6,--,152,100320,买盘
2666,10:54:24,6.6,--,122,80520,买盘
2667,10:54:21,6.6,--,857,565620,买盘
2668,10:54:18,6.6,--,85,56100,买盘
2669,10:54:15,6.6,--,438,289080,买盘
2670,10:54:12,6.6,--,138,91080,买盘
2671,10:54:09,6.6,--,256,168960,买盘
2672,10:54:06,6.6,--,81,53460,买盘
2673,10:54:03,6.6,--,234,154440,买盘
2674,10:54:00,6.6,0.01,42,27720,买盘
2675,10:53:57,6.59,--,1035,682065,卖盘
2676,10:53:54,6.59,-0.01,41,27019,卖盘
2677,10:53:51,6.6,--,400,264000,买盘
2678,10:53:48,6.6,0.01,247,163020,买盘
2679,10:53:45,6.59,-0.01,32,21088,卖盘
2680,10:53:42,6.6,--,18,11880,买盘
2681,10:53:39,6.6,--,7,4620,买盘
2682,10:53:36,6.6,--,5,3300,买盘
2683,10:53:33,6.6,--,36,23760,买盘
2684,10:53:30,6.6,0.01,29,19140,买盘
2685,10:53:27,6.59,-0.01,142,93578,卖盘
2686,10:53:24,6.6,--,159,105448,卖盘
2687,10:53:21,6.6,--,94,62191,买盘
2688,10:53:18,6.6,--,5,3300,买盘
2689,10:53:15,6.6,-0.01,192,127228,卖盘
2690,10:53:12,6.61,0.01,67,44287,买盘
2691,10:53:09,6.6,-0.01,584,385440,卖盘
2692,10:53:03,6.61,0.01,161,106421,买盘
2693,10:53:00,6.6,--,1715,1131900,卖盘
2694,10:52:57,6.6,--,28,18480,卖盘
2695,10:52:54,6.6,-0.01,188,124080,卖盘
2696,10:52:51,6.61,--,256,169216,买盘
2697,10:52:48,6.61,0.01,58,38338,买盘
2698,10:52:45,6.6,--,141,93060,卖盘
2699,10:52:42,6.6,--,209,137940,卖盘
2700,10:52:39,6.6,-0.01,640,422400,卖盘
2701,10:52:36,6.61,0.01,20,13220,买盘
2702,10:52:33,6.6,--,420,277200,卖盘
2703,10:52:30,6.6,--,269,177540,卖盘
2704,10:52:27,6.6,--,23,15180,卖盘
2705,10:52:24,6.6,--,310,204600,卖盘
2706,10:52:21,6.6,-0.01,57,37620,卖盘
2707,10:52:18,6.61,0.02,1096,724608,买盘
2708,10:52:15,6.59,-0.01,25,16475,卖盘
2709,10:52:12,6.6,--,91,60060,买盘
2710,10:52:09,6.6,-0.01,212,140428,卖盘
2711,10:52:06,6.61,0.01,66,43626,买盘
2712,10:52:03,6.6,--,129,85140,卖盘
2713,10:52:00,6.6,-0.01,204,134640,卖盘
2714,10:51:57,6.61,0.01,125,82625,买盘
2715,10:51:54,6.6,--,2564,1692240,卖盘
2716,10:51:51,6.6,--,88,58080,卖盘
2717,10:51:48,6.6,-0.01,3244,2141040,卖盘
2718,10:51:45,6.61,0.01,113,74693,买盘
2719,10:51:42,6.6,--,26,17160,卖盘
2720,10:51:39,6.6,--,3718,2453880,卖盘
2721,10:51:36,6.6,--,38,25080,卖盘
2722,10:51:33,6.6,-0.01,10,6600,卖盘
2723,10:51:30,6.61,--,110,72710,买盘
2724,10:51:27,6.61,--,1,661,买盘
2725,10:51:24,6.61,--,76,50236,买盘
2726,10:51:21,6.61,--,165,109065,买盘
2727,10:51:18,6.61,--,124,81964,买盘
2728,10:51:15,6.61,--,58,38338,买盘
2729,10:51:09,6.61,--,10,6610,买盘
2730,10:51:06,6.61,--,42,27762,买盘
2731,10:51:03,6.61,--,1128,745608,卖盘
2732,10:51:00,6.61,--,117,77337,卖盘
2733,10:50:57,6.61,-0.01,99,65439,卖盘
2734,10:50:54,6.62,--,12,7944,买盘
2735,10:50:51,6.62,--,53,35086,买盘
2736,10:50:48,6.62,0.01,165,109230,买盘
2737,10:50:45,6.61,--,62,40982,卖盘
2738,10:50:42,6.61,-0.01,92,60812,卖盘
2739,10:50:39,6.62,--,13,8606,买盘
2740,10:50:36,6.62,--,19,12578,买盘
2741,10:50:30,6.62,--,7,4634,买盘
2742,10:50:27,6.62,0.01,163,107906,买盘
2743,10:50:24,6.61,--,16,10576,卖盘
2744,10:50:21,6.61,--,8,5288,卖盘
2745,10:50:18,6.61,-0.01,293,193673,卖盘
2746,10:50:15,6.62,--,20,13240,买盘
2747,10:50:12,6.62,0.01,68,45016,买盘
2748,10:50:09,6.61,-0.01,321,212181,卖盘
2749,10:50:06,6.62,--,143,94666,买盘
2750,10:50:03,6.62,--,22,14564,买盘
2751,10:49:57,6.62,--,323,213826,买盘
2752,10:49:54,6.62,0.01,48,31776,买盘
2753,10:49:51,6.61,-0.01,34,22474,卖盘
2754,10:49:48,6.62,--,35,23170,买盘
2755,10:49:45,6.62,0.01,236,156232,买盘
2756,10:49:39,6.61,--,63,41643,卖盘
2757,10:49:36,6.61,-0.01,121,79981,卖盘
2758,10:49:33,6.62,0.01,34,22508,买盘
2759,10:49:30,6.61,--,210,138810,卖盘
2760,10:49:27,6.61,-0.01,428,282908,卖盘
2761,10:49:24,6.62,0.01,19,12578,买盘
2762,10:49:18,6.61,-0.01,99,65439,卖盘
2763,10:49:15,6.62,0.01,1360,900320,买盘
2764,10:49:12,6.61,--,99,65439,卖盘
2765,10:49:09,6.61,0.01,260,171860,卖盘
2766,10:49:06,6.6,-0.01,84,55440,卖盘
2767,10:49:03,6.61,-0.01,13,8593,卖盘
2768,10:49:00,6.62,0.01,137,90694,买盘
2769,10:48:57,6.61,--,450,297450,卖盘
2770,10:48:54,6.61,--,107,70727,卖盘
2771,10:48:51,6.61,--,169,111709,卖盘
2772,10:48:48,6.61,--,17,11237,卖盘
2773,10:48:45,6.61,-0.01,224,148064,卖盘
2774,10:48:42,6.62,--,86,56932,买盘
2775,10:48:39,6.62,0.01,55,36410,买盘
2776,10:48:36,6.61,--,40,26440,卖盘
2777,10:48:33,6.61,--,9,6140,买盘
2778,10:48:30,6.61,--,3432,2268552,买盘
2779,10:48:27,6.61,--,143,94523,买盘
2780,10:48:24,6.61,--,45,29745,买盘
2781,10:48:21,6.61,--,44,29084,卖盘
2782,10:48:18,6.61,-0.01,7,4627,卖盘
2783,10:48:15,6.62,0.01,112,74144,买盘
2784,10:48:12,6.61,-0.01,37,24457,卖盘
2785,10:48:09,6.62,0.01,136,90032,买盘
2786,10:48:06,6.61,--,296,196277,买盘
2787,10:48:03,6.61,--,1873,1238092,卖盘
2788,10:48:00,6.61,--,20,13220,卖盘
2789,10:47:57,6.61,-0.01,470,310670,卖盘
2790,10:47:54,6.62,--,5,3310,买盘
2791,10:47:51,6.62,--,9,5958,买盘
2792,10:47:48,6.62,--,7,4634,买盘
2793,10:47:45,6.62,--,166,109892,买盘
2794,10:47:42,6.62,--,161,106582,买盘
2795,10:47:39,6.62,--,220,145640,买盘
2796,10:47:36,6.62,--,12,7944,买盘
2797,10:47:33,6.62,--,283,187346,买盘
2798,10:47:30,6.62,--,80,52960,买盘
2799,10:47:27,6.62,--,5,3310,买盘
2800,10:47:24,6.62,--,583,385946,买盘
2801,10:47:21,6.62,0.01,15,9930,买盘
2802,10:47:18,6.61,-0.01,280,185080,卖盘
2803,10:47:15,6.62,--,309,204558,买盘
2804,10:47:12,6.62,0.01,157,103934,买盘
2805,10:47:09,6.61,-0.01,15,9915,卖盘
2806,10:47:06,6.62,--,8,5296,买盘
2807,10:47:03,6.62,--,2,1324,买盘
2808,10:47:00,6.62,--,140,92680,买盘
2809,10:46:57,6.62,--,20,13240,买盘
2810,10:46:54,6.62,0.01,2,1324,买盘
2811,10:46:51,6.61,-0.01,66,43626,卖盘
2812,10:46:48,6.62,0.01,35,23170,买盘
2813,10:46:45,6.61,-0.01,50,33050,卖盘
2814,10:46:42,6.62,--,118,78116,买盘
2815,10:46:39,6.62,0.01,24,15888,买盘
2816,10:46:36,6.61,-0.01,38,25118,卖盘
2817,10:46:33,6.62,--,25,16550,买盘
2818,10:46:30,6.62,--,1,662,买盘
2819,10:46:27,6.62,--,5,3310,买盘
2820,10:46:24,6.62,0.01,129,85398,买盘
2821,10:46:21,6.61,-0.01,41,27101,卖盘
2822,10:46:18,6.62,--,644,426328,买盘
2823,10:46:15,6.62,--,179,118498,买盘
2824,10:46:12,6.62,--,114,75468,买盘
2825,10:46:09,6.62,0.01,102,67524,买盘
2826,10:46:06,6.61,-0.01,32,21152,卖盘
2827,10:46:03,6.62,--,2940,1946902,买盘
2828,10:46:00,6.62,--,6,3972,买盘
2829,10:45:57,6.62,0.01,331,219122,买盘
2830,10:45:54,6.61,-0.01,155,102455,卖盘
2831,10:45:51,6.62,0.01,62,41044,买盘
2832,10:45:48,6.61,-0.01,473,312653,卖盘
2833,10:45:45,6.62,--,77,50974,买盘
2834,10:45:42,6.62,0.01,181,119822,买盘
2835,10:45:39,6.61,-0.01,75,49575,卖盘
2836,10:45:36,6.62,--,148,97976,买盘
2837,10:45:33,6.62,--,19,12578,买盘
2838,10:45:30,6.62,--,20,13240,买盘
2839,10:45:24,6.62,--,7,4634,买盘
2840,10:45:21,6.62,0.01,24,15888,买盘
2841,10:45:18,6.61,-0.01,67,44287,卖盘
2842,10:45:15,6.62,--,60,39720,买盘
2843,10:45:12,6.62,--,130,86060,买盘
2844,10:45:09,6.62,--,5,3310,买盘
2845,10:45:06,6.62,--,40,26480,买盘
2846,10:45:03,6.62,--,10,6620,买盘
2847,10:45:00,6.62,0.01,15,9930,买盘
2848,10:44:57,6.61,-0.01,72,47592,卖盘
2849,10:44:54,6.62,--,205,135710,买盘
2850,10:44:51,6.62,0.01,308,203896,买盘
2851,10:44:48,6.61,-0.01,165,109065,卖盘
2852,10:44:45,6.62,--,102,67524,买盘
2853,10:44:39,6.62,--,120,79440,买盘
2854,10:44:36,6.62,--,34,22508,买盘
2855,10:44:33,6.62,-0.01,1073,710326,卖盘
2856,10:44:30,6.63,--,13,8619,买盘
2857,10:44:27,6.63,--,85,56355,买盘
2858,10:44:24,6.63,--,5,3315,买盘
2859,10:44:21,6.63,0.01,26,17238,买盘
2860,10:44:18,6.62,-0.01,164,108568,卖盘
2861,10:44:15,6.63,--,15,9945,买盘
2862,10:44:12,6.63,--,6,3978,买盘
2863,10:44:09,6.63,0.01,103,68289,买盘
2864,10:44:06,6.62,--,36,23832,卖盘
2865,10:44:03,6.62,-0.01,29,19198,卖盘
2866,10:44:00,6.63,--,30,19890,买盘
2867,10:43:57,6.63,--,1315,871845,买盘
2868,10:43:54,6.63,--,156,103428,买盘
2869,10:43:51,6.63,--,37,24537,卖盘
2870,10:43:45,6.63,--,99,66293,买盘
2871,10:43:42,6.63,--,87,57681,买盘
2872,10:43:39,6.63,--,239,158457,买盘
2873,10:43:36,6.63,--,1011,670293,买盘
2874,10:43:33,6.63,--,34,22542,买盘
2875,10:43:30,6.63,--,207,137241,买盘
2876,10:43:27,6.63,0.01,4052,2686476,买盘
2877,10:43:24,6.62,-0.01,15,9930,卖盘
2878,10:43:21,6.63,--,12,7956,买盘
2879,10:43:18,6.63,0.01,5,3315,买盘
2880,10:43:15,6.62,-0.01,71,47002,卖盘
2881,10:43:12,6.63,--,44,29172,买盘
2882,10:43:09,6.63,--,134,88842,买盘
2883,10:43:06,6.63,--,212,140556,买盘
2884,10:43:03,6.63,--,78,51714,买盘
2885,10:43:00,6.63,--,69,45747,买盘
2886,10:42:57,6.63,--,15,9945,买盘
2887,10:42:54,6.63,--,58,38454,买盘
2888,10:42:51,6.63,--,11,7293,买盘
