,time,price,change,volume,amount,type
0,15:00:03,11.49,--,2346,2695737,买盘
1,14:57:00,11.49,--,201,230949,买盘
2,14:56:57,11.49,0.01,133,152817,买盘
3,14:56:54,11.48,-0.01,256,293888,卖盘
4,14:56:51,11.49,0.01,88,102146,买盘
5,14:56:45,11.48,-0.01,37,42476,卖盘
6,14:56:42,11.49,--,107,122943,买盘
7,14:56:39,11.49,0.01,10,11490,买盘
8,14:56:36,11.48,-0.01,14,16072,卖盘
9,14:56:33,11.49,--,82,94218,买盘
10,14:56:27,11.49,--,28,32172,买盘
11,14:56:24,11.49,--,207,237843,买盘
12,14:56:21,11.49,--,128,147072,买盘
13,14:56:18,11.49,0.01,88,101112,买盘
14,14:56:15,11.48,--,13,14924,卖盘
15,14:56:12,11.48,-0.01,129,148092,卖盘
16,14:56:09,11.49,0.01,33,37917,买盘
17,14:56:06,11.48,--,346,397208,卖盘
18,14:56:03,11.48,--,42,48216,卖盘
19,14:56:00,11.48,--,244,280112,卖盘
20,14:55:57,11.48,-0.01,104,119392,卖盘
21,14:55:54,11.49,--,18,20682,买盘
22,14:55:51,11.49,0.01,15,17235,买盘
23,14:55:48,11.48,--,108,123984,卖盘
24,14:55:45,11.48,-0.01,58,66584,卖盘
25,14:55:42,11.49,--,35,40215,买盘
26,14:55:39,11.49,--,9,10341,买盘
27,14:55:33,11.49,--,15,17235,买盘
28,14:55:30,11.49,--,85,97665,买盘
29,14:55:27,11.49,--,79,90771,买盘
30,14:55:24,11.49,--,30,34470,买盘
31,14:55:21,11.49,0.01,7,8043,买盘
32,14:55:18,11.48,-0.01,11,12628,卖盘
33,14:55:15,11.49,0.01,12,13788,买盘
34,14:55:12,11.48,--,10,11480,卖盘
35,14:55:09,11.48,-0.01,25,28700,卖盘
36,14:55:06,11.49,--,2,2298,买盘
37,14:55:03,11.49,--,27,31023,买盘
38,14:55:00,11.49,0.01,176,202224,买盘
39,14:54:57,11.48,--,4,4592,卖盘
40,14:54:54,11.48,-0.01,44,50512,卖盘
41,14:54:51,11.49,0.01,73,83877,买盘
42,14:54:48,11.48,--,5,5740,卖盘
43,14:54:45,11.48,-0.01,281,322588,卖盘
44,14:54:42,11.49,--,10,11490,买盘
45,14:54:39,11.49,--,28,32172,买盘
46,14:54:36,11.49,--,11,12639,买盘
47,14:54:33,11.49,--,29,33321,买盘
48,14:54:27,11.49,--,38,43662,卖盘
49,14:54:24,11.49,--,98,112602,卖盘
50,14:54:18,11.49,--,63,72387,卖盘
51,14:54:15,11.49,--,23,26427,卖盘
52,14:54:12,11.49,-0.01,33,37917,卖盘
53,14:54:09,11.5,0.01,134,154100,买盘
54,14:54:06,11.49,--,3,3447,卖盘
55,14:54:03,11.49,-0.01,45,51705,卖盘
56,14:54:00,11.5,0.01,195,224250,买盘
57,14:53:57,11.49,-0.01,30,34470,卖盘
58,14:53:54,11.5,0.01,182,209300,买盘
59,14:53:51,11.49,--,20,22980,卖盘
60,14:53:48,11.49,--,10,11490,卖盘
61,14:53:45,11.49,--,106,121794,卖盘
62,14:53:42,11.49,--,9,10341,卖盘
63,14:53:39,11.49,--,27,31023,卖盘
64,14:53:36,11.49,0.01,180,206820,买盘
65,14:53:33,11.48,--,232,266336,卖盘
66,14:53:30,11.48,--,2,2755,卖盘
67,14:53:27,11.48,-0.01,68,78064,卖盘
68,14:53:24,11.49,0.01,44,50556,买盘
69,14:53:21,11.48,--,63,72324,卖盘
70,14:53:18,11.48,-0.01,21,24108,卖盘
71,14:53:15,11.49,--,52,59748,买盘
72,14:53:12,11.49,--,33,37917,买盘
73,14:53:09,11.49,0.01,27,31023,买盘
74,14:53:06,11.48,-0.01,35,40180,卖盘
75,14:53:03,11.49,0.01,2,2298,买盘
76,14:53:00,11.48,--,6,6888,卖盘
77,14:52:57,11.48,--,29,33292,卖盘
78,14:52:54,11.48,--,63,72324,卖盘
79,14:52:51,11.48,-0.01,44,50512,卖盘
80,14:52:48,11.49,0.01,60,68940,中性盘
81,14:52:45,11.48,-0.01,2047,2349956,卖盘
82,14:52:42,11.49,--,34,39066,买盘
83,14:52:39,11.49,--,12,13788,买盘
84,14:52:36,11.49,0.01,54,62046,买盘
85,14:52:33,11.48,--,635,728980,卖盘
86,14:52:30,11.48,--,94,107912,卖盘
87,14:52:27,11.48,--,5,5740,卖盘
88,14:52:24,11.48,-0.01,502,576296,卖盘
89,14:52:21,11.49,--,62,71238,买盘
90,14:52:18,11.49,--,9,10341,买盘
91,14:52:12,11.49,--,37,42513,买盘
92,14:52:09,11.49,0.01,50,57450,买盘
93,14:52:06,11.48,-0.01,27,30996,卖盘
94,14:52:03,11.49,--,10,11490,买盘
95,14:51:57,11.49,--,50,57450,买盘
96,14:51:54,11.49,--,33,37917,买盘
97,14:51:48,11.49,--,1,1149,买盘
98,14:51:45,11.49,--,92,105708,买盘
99,14:51:42,11.49,0.01,38,43662,买盘
100,14:51:39,11.48,-0.01,240,275520,卖盘
101,14:51:36,11.49,0.01,28,32172,买盘
102,14:51:33,11.48,-0.01,48,55104,卖盘
103,14:51:30,11.49,--,10,11490,买盘
104,14:51:27,11.49,--,301,345849,买盘
105,14:51:24,11.49,0.01,39,44811,买盘
106,14:51:21,11.48,-0.01,10,11480,卖盘
107,14:51:15,11.49,--,5,5745,买盘
108,14:51:12,11.49,--,47,54003,买盘
109,14:51:09,11.49,0.01,1,1149,买盘
110,14:51:06,11.48,-0.01,7,8036,卖盘
111,14:51:00,11.49,0.01,1,1149,买盘
112,14:50:57,11.48,--,22,25256,卖盘
113,14:50:54,11.48,--,50,57400,卖盘
114,14:50:45,11.48,-0.01,3,3444,卖盘
115,14:50:42,11.49,0.01,200,229800,买盘
116,14:50:39,11.48,--,6,6888,买盘
117,14:50:33,11.48,--,41,47068,买盘
118,14:50:24,11.48,--,20,22960,买盘
119,14:50:21,11.48,--,14,16072,买盘
120,14:50:18,11.48,--,18,20664,买盘
121,14:50:15,11.48,--,1,1148,买盘
122,14:50:12,11.48,--,50,57400,买盘
123,14:50:09,11.48,--,17,19516,买盘
124,14:50:06,11.48,--,20,22960,买盘
125,14:49:57,11.48,--,2,2296,买盘
126,14:49:51,11.48,--,20,22960,买盘
127,14:49:42,11.48,0.01,37,42476,买盘
128,14:49:39,11.47,--,10,11470,卖盘
129,14:49:36,11.47,--,20,22940,卖盘
130,14:49:33,11.47,-0.01,177,203019,卖盘
131,14:49:30,11.48,0.01,65,74620,买盘
132,14:49:27,11.47,--,25,28675,卖盘
133,14:49:18,11.47,--,150,172050,卖盘
134,14:49:15,11.47,-0.01,53,60791,卖盘
135,14:49:12,11.48,0.01,2,2296,买盘
136,14:49:09,11.47,-0.01,35,40145,卖盘
137,14:49:06,11.48,0.01,37,42476,买盘
138,14:48:51,11.47,-0.01,315,361305,卖盘
139,14:48:48,11.48,-0.01,68,78064,买盘
140,14:48:45,11.49,--,100,114900,买盘
141,14:48:42,11.49,0.01,345,396405,买盘
142,14:48:39,11.48,--,94,107912,卖盘
143,14:48:30,11.48,--,105,120540,买盘
144,14:48:27,11.48,--,16,18586,卖盘
145,14:48:24,11.48,--,28,32144,卖盘
146,14:48:18,11.48,-0.01,15,17220,卖盘
147,14:48:15,11.49,0.01,102,117198,买盘
148,14:48:12,11.48,0.01,37,43405,买盘
149,14:48:09,11.47,--,24,27528,卖盘
150,14:48:06,11.47,-0.01,87,99789,卖盘
151,14:48:03,11.48,0.01,11,12628,买盘
152,14:48:00,11.47,--,4,4588,卖盘
153,14:47:57,11.47,--,1,1147,卖盘
154,14:47:54,11.47,--,8,9176,卖盘
155,14:47:51,11.47,--,19,21793,卖盘
156,14:47:48,11.47,--,8,9176,卖盘
157,14:47:45,11.47,-0.01,400,458800,卖盘
158,14:47:42,11.48,-0.01,2,2296,卖盘
159,14:47:39,11.49,--,140,160860,买盘
160,14:47:36,11.49,0.01,37,42513,买盘
161,14:47:33,11.48,--,23,26404,买盘
162,14:47:30,11.48,-0.01,27,30996,卖盘
163,14:47:27,11.49,--,7,8043,买盘
164,14:47:21,11.49,0.01,121,139029,买盘
165,14:47:18,11.48,--,1,1148,卖盘
166,14:47:15,11.48,--,21,24108,卖盘
167,14:47:09,11.48,--,1,1148,卖盘
168,14:47:06,11.48,--,50,57400,卖盘
169,14:47:03,11.48,--,7,8036,卖盘
170,14:46:57,11.48,0.01,62,71176,中性盘
171,14:46:51,11.47,-0.02,7,8029,卖盘
172,14:46:48,11.49,--,1,1149,买盘
173,14:46:45,11.49,0.02,20,22980,买盘
174,14:46:42,11.47,-0.02,3,3441,卖盘
175,14:46:39,11.49,0.02,90,103410,买盘
176,14:46:33,11.47,--,57,65379,卖盘
177,14:46:30,11.47,-0.02,11,12617,卖盘
178,14:46:24,11.49,0.01,13,14937,买盘
179,14:46:18,11.48,-0.01,11,12628,买盘
180,14:46:15,11.49,--,1,1149,买盘
181,14:46:09,11.49,0.01,61,70089,买盘
182,14:46:03,11.48,-0.01,44,50512,卖盘
183,14:46:00,11.49,--,96,110304,买盘
184,14:45:57,11.49,--,29,33321,买盘
185,14:45:54,11.49,0.01,23,26427,买盘
186,14:45:51,11.48,-0.01,19,21812,买盘
187,14:45:48,11.49,--,487,559563,买盘
188,14:45:45,11.49,0.01,39,44811,买盘
189,14:45:42,11.48,--,14,16072,卖盘
190,14:45:36,11.48,--,2,2296,卖盘
191,14:45:33,11.48,0.01,12,13776,中性盘
192,14:45:30,11.47,-0.01,69,79143,卖盘
193,14:45:27,11.48,--,24,27552,买盘
194,14:45:21,11.48,0.01,11,12628,买盘
195,14:45:18,11.47,-0.01,1,1147,卖盘
196,14:45:12,11.48,--,37,42476,买盘
197,14:45:03,11.48,--,33,37884,买盘
198,14:44:57,11.48,--,37,42476,买盘
199,14:44:54,11.48,-0.01,27,30996,卖盘
200,14:44:51,11.49,0.01,19,21831,买盘
201,14:44:45,11.48,--,82,94136,卖盘
202,14:44:42,11.48,-0.01,10,11480,卖盘
203,14:44:36,11.49,--,9,10341,卖盘
204,14:44:33,11.49,0.01,52,59748,买盘
205,14:44:30,11.48,--,4,4592,卖盘
206,14:44:27,11.48,--,47,53956,卖盘
207,14:44:24,11.48,--,4,4592,卖盘
208,14:44:18,11.48,-0.01,498,571704,卖盘
209,14:44:15,11.49,--,7,8043,买盘
210,14:44:09,11.49,0.01,29,33321,买盘
211,14:44:06,11.48,-0.01,23,26404,卖盘
212,14:43:57,11.49,--,20,22980,买盘
213,14:43:54,11.49,0.01,29,33321,买盘
214,14:43:51,11.48,-0.01,5,5740,卖盘
215,14:43:48,11.49,--,3,3447,买盘
216,14:43:45,11.49,--,26,29874,卖盘
217,14:43:42,11.49,--,20,22980,卖盘
218,14:43:36,11.49,--,25,28725,卖盘
219,14:43:30,11.49,--,7,8043,卖盘
220,14:43:27,11.49,-0.01,1,1149,中性盘
221,14:43:24,11.5,0.01,40,46000,买盘
222,14:43:21,11.49,--,108,124092,买盘
223,14:43:18,11.49,--,25,28725,买盘
224,14:43:15,11.49,0.01,13,14937,买盘
225,14:43:12,11.48,--,14,16072,卖盘
226,14:43:06,11.48,-0.01,27,30996,卖盘
227,14:43:03,11.49,--,55,63195,买盘
228,14:42:45,11.49,0.01,20,22980,买盘
229,14:42:36,11.48,-0.01,10,11480,卖盘
230,14:42:33,11.49,0.01,6,6894,买盘
231,14:42:30,11.48,--,9,10332,卖盘
232,14:42:27,11.48,--,4,4592,卖盘
233,14:42:24,11.48,--,8,9184,卖盘
234,14:42:21,11.48,-0.01,13,14924,卖盘
235,14:42:18,11.49,--,17,19533,买盘
236,14:42:15,11.49,0.01,16,18384,买盘
237,14:42:12,11.48,-0.02,9,10332,卖盘
238,14:42:09,11.5,0.02,31,35650,买盘
239,14:42:06,11.48,-0.02,5,5740,卖盘
240,14:42:03,11.5,0.02,30,34500,买盘
241,14:41:54,11.48,-0.01,41,47068,卖盘
242,14:41:51,11.49,--,5,5745,卖盘
243,14:41:48,11.49,--,12,13788,卖盘
244,14:41:45,11.49,0.01,10,11490,买盘
245,14:41:42,11.48,-0.01,8,9184,卖盘
246,14:41:39,11.49,--,3,3447,买盘
247,14:41:36,11.49,0.01,11,12639,买盘
248,14:41:30,11.48,--,18,20664,卖盘
249,14:41:27,11.48,--,35,40180,卖盘
250,14:41:24,11.48,--,10,11480,卖盘
251,14:41:21,11.48,-0.01,50,57400,卖盘
252,14:41:12,11.49,--,1,1149,卖盘
253,14:41:09,11.49,--,25,28725,买盘
254,14:41:06,11.49,0.01,17,19533,买盘
255,14:41:03,11.48,-0.01,10,11480,卖盘
256,14:41:00,11.49,0.01,3,3447,买盘
257,14:40:57,11.48,-0.01,3,3444,卖盘
258,14:40:54,11.49,--,87,99963,买盘
259,14:40:48,11.49,--,2,2298,买盘
260,14:40:45,11.49,--,6,6894,买盘
261,14:40:42,11.49,--,4,4596,买盘
262,14:40:39,11.49,--,84,96516,买盘
263,14:40:36,11.49,--,41,47109,买盘
264,14:40:33,11.49,--,3,3447,买盘
265,14:40:30,11.49,--,40,45960,买盘
266,14:40:15,11.49,--,12,13788,买盘
267,14:40:12,11.49,0.01,6,6894,买盘
268,14:40:09,11.48,--,92,105616,卖盘
269,14:40:06,11.48,-0.01,6,6888,卖盘
270,14:40:03,11.49,0.01,6,6894,买盘
271,14:40:00,11.48,--,8,9184,卖盘
272,14:39:54,11.48,--,7,8036,卖盘
273,14:39:51,11.48,--,9,10332,卖盘
274,14:39:48,11.48,--,30,34440,卖盘
275,14:39:42,11.48,-0.01,22,25256,卖盘
276,14:39:39,11.49,--,2,2298,买盘
277,14:39:33,11.49,0.01,30,34470,买盘
278,14:39:30,11.48,--,1,1148,卖盘
279,14:39:27,11.48,--,6,6888,卖盘
280,14:39:09,11.48,--,20,22960,卖盘
281,14:39:06,11.48,-0.01,26,29848,卖盘
282,14:39:03,11.49,0.01,42,48258,买盘
283,14:39:00,11.48,-0.01,110,126280,卖盘
284,14:38:54,11.49,0.01,19,21831,买盘
285,14:38:51,11.48,--,6,6888,卖盘
286,14:38:48,11.48,-0.01,1,1148,卖盘
287,14:38:42,11.49,--,2,2298,买盘
288,14:38:39,11.49,0.01,33,37917,中性盘
289,14:38:30,11.48,-0.02,7,8036,卖盘
290,14:38:27,11.5,0.02,12,13800,买盘
291,14:38:21,11.48,--,1839,2111172,卖盘
292,14:38:15,11.48,--,10,11480,卖盘
293,14:38:09,11.48,--,31,35588,卖盘
294,14:38:06,11.48,-0.01,6,6888,卖盘
295,14:38:03,11.49,0.01,30,34470,买盘
296,14:37:57,11.48,-0.01,14,16072,卖盘
297,14:37:54,11.49,--,10,11490,买盘
298,14:37:45,11.49,--,14,16086,买盘
299,14:37:39,11.49,--,6,6894,买盘
300,14:37:36,11.49,--,37,42513,卖盘
301,14:37:33,11.49,--,21,24129,卖盘
302,14:37:30,11.49,0.01,32,36768,买盘
303,14:37:27,11.48,--,13,14924,卖盘
304,14:37:24,11.48,-0.01,6,6888,卖盘
305,14:37:21,11.49,--,13,14937,买盘
306,14:37:18,11.49,--,35,40215,买盘
307,14:37:12,11.49,0.01,39,44811,买盘
308,14:37:09,11.48,--,20,22960,卖盘
309,14:37:06,11.48,--,14,16072,卖盘
310,14:37:00,11.48,--,37,42476,卖盘
311,14:36:57,11.48,-0.01,1,1148,卖盘
312,14:36:54,11.49,0.01,10,11490,买盘
313,14:36:51,11.48,-0.01,30,34440,卖盘
314,14:36:45,11.49,0.01,3,3447,买盘
315,14:36:30,11.48,0.01,6,6888,卖盘
316,14:36:24,11.47,-0.02,8,9176,卖盘
317,14:36:15,11.49,0.02,800,919200,买盘
318,14:36:12,11.47,-0.01,3,3441,卖盘
319,14:36:09,11.48,0.01,15,17220,买盘
320,14:36:06,11.47,--,2,2294,卖盘
321,14:36:03,11.47,-0.01,20,22940,卖盘
322,14:35:54,11.48,0.01,4,4592,买盘
323,14:35:51,11.47,-0.01,2,2294,卖盘
324,14:35:48,11.48,--,105,120540,买盘
325,14:35:42,11.48,--,2,2296,买盘
326,14:35:21,11.48,0.02,61,70028,买盘
327,14:35:09,11.46,-0.01,38,43548,卖盘
328,14:35:06,11.47,--,31,35557,买盘
329,14:34:54,11.47,--,82,94054,卖盘
330,14:34:51,11.47,--,57,65379,买盘
331,14:34:48,11.47,-0.01,148,169756,卖盘
332,14:34:45,11.48,0.01,2,2296,买盘
333,14:34:42,11.47,--,3,3441,卖盘
334,14:34:39,11.47,-0.01,15,17205,卖盘
335,14:34:33,11.48,0.01,2,2296,买盘
336,14:34:30,11.47,--,11,12617,卖盘
337,14:34:27,11.47,--,6,6882,卖盘
338,14:34:24,11.47,--,208,238576,卖盘
339,14:34:09,11.47,-0.01,14,16058,卖盘
340,14:34:06,11.48,--,26,29848,买盘
341,14:34:03,11.48,0.01,6,6888,买盘
342,14:34:00,11.47,-0.01,5,5735,卖盘
343,14:33:57,11.48,--,3,3444,买盘
344,14:33:54,11.48,--,4,4592,买盘
345,14:33:51,11.48,--,3,3444,买盘
346,14:33:48,11.48,--,65,74620,买盘
347,14:33:42,11.48,0.01,4,4592,买盘
348,14:33:39,11.47,--,45,51615,卖盘
349,14:33:30,11.47,--,107,122729,买盘
350,14:33:27,11.47,0.01,44,50468,买盘
351,14:33:24,11.46,--,6,6876,卖盘
352,14:33:21,11.46,--,41,46986,卖盘
353,14:33:18,11.46,-0.01,9,10314,卖盘
354,14:33:12,11.47,--,25,28675,买盘
355,14:33:00,11.47,--,11,12617,买盘
356,14:32:57,11.47,--,102,116994,买盘
357,14:32:54,11.47,-0.01,9,10323,买盘
358,14:32:51,11.48,0.02,2002,2298296,买盘
359,14:32:48,11.46,-0.01,30,34380,卖盘
360,14:32:45,11.47,-0.01,1,1147,买盘
361,14:32:36,11.48,0.02,38,43624,买盘
362,14:32:33,11.46,--,10,11460,卖盘
363,14:32:30,11.46,0.01,41,46986,买盘
364,14:32:27,11.45,-0.01,10,11450,卖盘
365,14:32:15,11.46,--,2,2292,买盘
366,14:32:12,11.46,--,1,1146,买盘
367,14:32:06,11.46,--,13,14898,买盘
368,14:32:03,11.46,-0.01,36,41256,卖盘
369,14:32:00,11.47,--,1,1147,买盘
370,14:31:57,11.47,-0.01,4,4588,卖盘
371,14:31:54,11.48,--,23,26404,买盘
372,14:31:51,11.48,--,12,13776,买盘
373,14:31:48,11.48,--,63,72324,卖盘
374,14:31:45,11.48,--,32,36736,卖盘
375,14:31:42,11.48,0.01,101,115948,买盘
376,14:31:39,11.47,-0.01,5,5735,中性盘
377,14:31:30,11.48,0.01,30,34440,买盘
378,14:31:24,11.47,--,7,8029,卖盘
379,14:31:21,11.47,--,18,20646,卖盘
380,14:31:18,11.47,--,29,33263,卖盘
381,14:31:15,11.47,--,44,50468,卖盘
382,14:31:12,11.47,--,17,19499,卖盘
383,14:31:09,11.47,0.02,92,105524,买盘
384,14:31:06,11.45,--,30,34350,买盘
385,14:31:03,11.45,--,25,28625,买盘
386,14:31:00,11.45,--,30,34350,买盘
387,14:30:57,11.45,--,70,80150,买盘
388,14:30:54,11.45,--,52,59539,买盘
389,14:30:51,11.45,--,7,8014,买盘
390,14:30:45,11.45,-0.05,90,103050,卖盘
391,14:30:42,11.5,0.04,2040,2346000,买盘
392,14:30:39,11.46,0.02,20,22920,买盘
393,14:30:30,11.44,--,1,1144,卖盘
394,14:30:27,11.44,--,20,22880,卖盘
395,14:30:24,11.44,-0.04,20,22880,卖盘
396,14:30:21,11.48,0.04,20,22960,卖盘
397,14:30:18,11.44,-0.05,170,194480,卖盘
398,14:30:15,11.49,0.05,2031,2333619,买盘
399,14:30:12,11.44,--,41,46904,卖盘
400,14:30:09,11.44,--,103,117832,卖盘
401,14:30:06,11.44,--,196,224224,卖盘
402,14:30:03,11.44,--,5,5720,卖盘
403,14:30:00,11.44,-0.01,40,45760,卖盘
404,14:29:57,11.45,0.01,5,5725,买盘
405,14:29:48,11.44,-0.01,8,9152,卖盘
406,14:29:45,11.45,--,20,22900,买盘
407,14:29:42,11.45,--,8,9160,买盘
408,14:29:33,11.45,--,10,11450,买盘
409,14:29:27,11.45,--,1,1145,买盘
410,14:29:24,11.45,-0.01,22,25190,买盘
411,14:29:06,11.46,--,10,11460,买盘
412,14:29:03,11.46,0.01,30,34380,买盘
413,14:29:00,11.45,-0.01,4,4580,中性盘
414,14:28:57,11.46,--,2,2292,买盘
415,14:28:51,11.46,0.02,1,1146,买盘
416,14:28:48,11.44,--,5,5720,卖盘
417,14:28:39,11.44,-0.02,406,464464,卖盘
418,14:28:36,11.46,--,231,264726,买盘
419,14:28:33,11.46,0.01,40,45840,买盘
420,14:28:30,11.45,--,100,114500,卖盘
421,14:28:27,11.45,-0.01,50,57250,卖盘
422,14:28:24,11.46,--,1,1146,买盘
423,14:28:12,11.46,--,23,26358,买盘
424,14:28:09,11.46,--,24,27504,买盘
425,14:28:06,11.46,--,32,36672,买盘
426,14:28:03,11.46,--,14,16044,买盘
427,14:27:57,11.46,0.01,12,13752,买盘
428,14:27:54,11.45,-0.01,4,4580,卖盘
429,14:27:51,11.46,--,1,1146,买盘
430,14:27:48,11.46,--,3,3438,买盘
431,14:27:42,11.46,0.01,3,3438,中性盘
432,14:27:39,11.45,-0.01,434,496929,卖盘
433,14:27:36,11.46,--,10,11460,卖盘
434,14:27:33,11.46,-0.01,5,5730,卖盘
435,14:27:30,11.47,0.01,10,11470,买盘
436,14:27:27,11.46,0.01,130,148980,中性盘
437,14:27:15,11.45,-0.02,1741,1994166,卖盘
438,14:27:03,11.47,--,10,11470,买盘
439,14:27:00,11.47,0.01,2,2294,买盘
440,14:26:57,11.46,--,17,19482,卖盘
441,14:26:51,11.46,--,8,9168,卖盘
442,14:26:48,11.46,--,20,22920,卖盘
443,14:26:42,11.46,--,7,8847,买盘
444,14:26:36,11.46,--,10,11460,买盘
445,14:26:30,11.46,--,20,22920,买盘
446,14:26:27,11.46,--,30,34380,买盘
447,14:26:21,11.46,-0.01,44,50744,卖盘
448,14:26:15,11.47,--,50,57350,买盘
449,14:26:06,11.47,--,3,3441,买盘
450,14:26:03,11.47,--,1,1147,买盘
451,14:26:00,11.47,--,3,3441,买盘
452,14:25:57,11.47,--,24,27528,买盘
453,14:25:54,11.47,0.01,57,65379,买盘
454,14:25:51,11.46,-0.01,1,1146,卖盘
455,14:25:48,11.47,0.01,1,1147,买盘
456,14:25:45,11.46,--,5,5730,卖盘
457,14:25:42,11.46,-0.01,1,1146,卖盘
458,14:25:36,11.47,0.01,50,57350,买盘
459,14:25:33,11.46,--,3,3438,卖盘
460,14:25:30,11.46,--,28,32913,买盘
461,14:25:24,11.46,--,15,17190,买盘
462,14:25:18,11.46,--,15,17190,买盘
463,14:25:15,11.46,0.01,2,2292,买盘
464,14:25:12,11.45,-0.01,64,73280,卖盘
465,14:25:09,11.46,0.01,14,16044,买盘
466,14:25:03,11.45,-0.01,5,5725,卖盘
467,14:24:54,11.46,--,19,21774,买盘
468,14:24:48,11.46,--,12,14072,卖盘
469,14:24:30,11.46,--,1,1971,买盘
470,14:24:27,11.46,--,5,5730,买盘
471,14:24:24,11.46,--,5,5730,买盘
472,14:24:21,11.46,--,4,4584,买盘
473,14:24:18,11.46,--,52,59592,买盘
474,14:24:15,11.46,--,54,61884,买盘
475,14:24:12,11.46,--,28,32408,卖盘
476,14:24:09,11.46,--,219,250974,卖盘
477,14:24:06,11.46,-0.01,111,127206,卖盘
478,14:24:03,11.47,0.01,72,82584,买盘
479,14:24:00,11.46,--,15,17190,卖盘
480,14:23:57,11.46,--,3,3438,卖盘
481,14:23:54,11.46,--,10,11460,卖盘
482,14:23:51,11.46,--,30,34380,卖盘
483,14:23:48,11.46,--,4,4584,卖盘
484,14:23:27,11.46,-0.01,4,4584,卖盘
485,14:23:24,11.47,0.01,13,14911,买盘
486,14:23:21,11.46,-0.01,15,17190,卖盘
487,14:23:18,11.47,--,15,17205,买盘
488,14:23:12,11.47,0.01,4,4588,买盘
489,14:23:09,11.46,--,204,233784,卖盘
490,14:23:06,11.46,--,134,153564,卖盘
491,14:23:03,11.46,--,200,229200,卖盘
492,14:23:00,11.46,-0.01,10,11460,卖盘
493,14:22:57,11.47,0.01,14,16058,买盘
494,14:22:51,11.46,--,4,4584,卖盘
495,14:22:48,11.46,-0.01,28,32088,卖盘
496,14:22:45,11.47,0.01,4,4588,买盘
497,14:22:42,11.46,--,55,63030,卖盘
498,14:22:33,11.46,-0.01,109,124914,卖盘
499,14:22:27,11.47,--,17,19499,买盘
500,14:22:24,11.47,--,545,625539,卖盘
501,14:22:21,11.47,--,30,34410,卖盘
502,14:22:12,11.47,-0.01,7,8029,卖盘
503,14:22:09,11.48,0.01,1,1148,买盘
504,14:22:06,11.47,-0.02,10,11470,卖盘
505,14:21:57,11.49,0.01,300,344700,买盘
506,14:21:48,11.48,--,2,2296,买盘
507,14:21:42,11.48,--,6,7565,卖盘
508,14:21:36,11.48,--,1,1148,卖盘
509,14:21:30,11.48,--,9,10332,卖盘
510,14:21:27,11.48,--,52,60166,买盘
511,14:21:24,11.48,--,60,68880,买盘
512,14:21:18,11.48,--,32,36736,买盘
513,14:21:15,11.48,--,122,140056,买盘
514,14:21:12,11.48,-0.01,230,264040,卖盘
515,14:21:09,11.49,0.01,31,35619,买盘
516,14:21:06,11.48,--,45,51660,卖盘
517,14:21:03,11.48,--,6,6888,卖盘
518,14:21:00,11.48,--,60,68880,卖盘
519,14:20:54,11.48,--,4,4592,卖盘
520,14:20:51,11.48,-0.01,4,4592,卖盘
521,14:20:48,11.49,--,13,14937,买盘
522,14:20:45,11.49,0.01,4,4596,买盘
523,14:20:42,11.48,--,102,117096,卖盘
524,14:20:27,11.48,--,15,17220,卖盘
525,14:20:24,11.48,-0.01,1,1148,卖盘
526,14:20:21,11.49,0.01,10,11490,买盘
527,14:20:18,11.48,-0.01,106,121688,卖盘
528,14:20:15,11.49,--,21,24129,买盘
529,14:20:12,11.49,0.01,5,5745,买盘
530,14:20:09,11.48,--,57,65436,卖盘
531,14:20:06,11.48,--,5,5740,卖盘
532,14:20:03,11.48,--,8,9184,卖盘
533,14:19:57,11.48,--,11,12628,卖盘
534,14:19:51,11.48,--,1,1148,卖盘
535,14:19:48,11.48,-0.01,9,10332,卖盘
536,14:19:45,11.49,--,2,2298,买盘
537,14:19:15,11.49,--,3,3447,买盘
538,14:19:12,11.49,0.01,21,24129,买盘
539,14:19:09,11.48,--,4,4592,卖盘
540,14:19:06,11.48,--,1,1148,卖盘
541,14:19:03,11.48,--,6,6888,卖盘
542,14:19:00,11.48,-0.01,90,103320,卖盘
543,14:18:51,11.49,0.01,2,2298,买盘
544,14:18:48,11.48,-0.01,4,4592,卖盘
545,14:18:36,11.49,0.01,10,11490,买盘
546,14:18:30,11.48,-0.01,10,11480,卖盘
547,14:18:24,11.49,0.01,4,4596,买盘
548,14:18:18,11.48,-0.01,8,9184,卖盘
549,14:18:09,11.49,0.01,25,28725,买盘
550,14:18:06,11.48,-0.01,300,344400,卖盘
551,14:18:03,11.49,--,148,170052,卖盘
552,14:17:57,11.49,--,1,1149,卖盘
553,14:17:48,11.49,--,4,4596,卖盘
554,14:17:45,11.49,--,94,108006,卖盘
555,14:17:39,11.49,--,55,63195,买盘
556,14:17:33,11.49,--,4,4596,买盘
557,14:17:30,11.49,-0.01,11,12639,卖盘
558,14:17:27,11.5,0.01,93,106950,买盘
559,14:17:24,11.49,--,214,245886,卖盘
560,14:17:18,11.49,--,5,5745,卖盘
561,14:17:09,11.49,--,1,1149,卖盘
562,14:17:06,11.49,-0.01,5,5745,卖盘
563,14:17:03,11.5,0.01,87,100050,买盘
564,14:16:57,11.49,--,5,5745,卖盘
565,14:16:54,11.49,--,90,103410,卖盘
566,14:16:51,11.49,--,4,4596,卖盘
567,14:16:45,11.49,--,1,1149,卖盘
568,14:16:30,11.49,--,7,8043,卖盘
569,14:16:27,11.49,--,11,12639,卖盘
570,14:16:21,11.49,--,27,31023,卖盘
571,14:16:18,11.49,--,8,9192,卖盘
572,14:16:15,11.49,-0.01,2,2298,卖盘
573,14:16:00,11.5,--,200,230000,买盘
574,14:15:54,11.5,--,37,42550,买盘
575,14:15:48,11.5,0.01,10,11500,买盘
576,14:15:45,11.49,--,11,12639,卖盘
577,14:15:42,11.49,-0.01,203,233247,卖盘
578,14:15:39,11.5,0.01,8,9200,买盘
579,14:15:36,11.49,-0.01,103,118347,卖盘
580,14:15:33,11.5,--,30,34500,买盘
581,14:15:24,11.5,--,4,4600,买盘
582,14:15:18,11.5,0.01,62,71300,买盘
583,14:15:15,11.49,--,5,5745,卖盘
584,14:15:09,11.49,--,1,1149,卖盘
585,14:15:06,11.49,--,4,4596,卖盘
586,14:15:03,11.49,--,36,41364,卖盘
587,14:15:00,11.49,--,4,4596,卖盘
588,14:14:33,11.49,--,30,34470,卖盘
589,14:14:27,11.49,--,5,5745,卖盘
590,14:14:24,11.49,-0.01,40,45960,卖盘
591,14:14:21,11.5,--,3,3450,买盘
592,14:14:18,11.5,--,58,66700,买盘
593,14:14:12,11.5,--,30,34500,买盘
594,14:14:09,11.5,--,3,3450,买盘
595,14:13:57,11.5,0.01,1,1150,买盘
596,14:13:51,11.49,-0.01,2,2298,卖盘
597,14:13:42,11.5,0.01,5,5750,买盘
598,14:13:39,11.49,-0.01,26,29874,卖盘
599,14:13:33,11.5,--,19,21850,买盘
600,14:13:30,11.5,--,3,3450,买盘
601,14:13:27,11.5,--,12,13800,买盘
602,14:13:24,11.5,--,36,41400,买盘
603,14:13:21,11.5,-0.01,197,226550,卖盘
604,14:13:18,11.51,0.01,70,80570,买盘
605,14:13:15,11.5,--,82,94300,卖盘
606,14:13:12,11.5,-0.01,10,11500,卖盘
607,14:13:06,11.51,--,20,23020,买盘
608,14:13:03,11.51,--,5,5755,买盘
609,14:13:00,11.51,0.01,5,5755,买盘
610,14:12:57,11.5,--,6,6900,卖盘
611,14:12:48,11.5,--,1,1150,卖盘
612,14:12:45,11.5,--,66,75900,卖盘
613,14:12:42,11.5,--,12,13800,卖盘
614,14:12:33,11.5,-0.01,36,41400,卖盘
615,14:12:30,11.51,0.01,3,3453,买盘
616,14:12:27,11.5,-0.01,112,128800,卖盘
617,14:12:24,11.51,--,9,10359,买盘
618,14:12:21,11.51,--,2,2302,买盘
619,14:12:18,11.51,0.01,5,5755,买盘
620,14:12:15,11.5,-0.01,64,73600,卖盘
621,14:12:09,11.51,0.01,10,11510,买盘
622,14:12:06,11.5,-0.01,2,2300,卖盘
623,14:12:03,11.51,0.01,712,819512,买盘
624,14:12:00,11.5,--,19,21850,卖盘
625,14:11:54,11.5,-0.01,10,11500,卖盘
626,14:11:51,11.51,--,4,4604,买盘
627,14:11:48,11.51,--,6,6906,买盘
628,14:11:39,11.51,--,23,26473,买盘
629,14:11:36,11.51,0.01,4,4604,买盘
630,14:11:33,11.5,-0.01,105,120750,卖盘
631,14:11:30,11.51,0.01,30,34530,买盘
632,14:11:27,11.5,--,32,36800,卖盘
633,14:11:21,11.5,--,65,74750,卖盘
634,14:11:18,11.5,--,1305,1500750,买盘
635,14:11:12,11.5,--,61,70150,买盘
636,14:11:09,11.5,0.01,62,71300,买盘
637,14:11:06,11.49,--,2,2298,卖盘
638,14:11:03,11.49,--,55,63195,卖盘
639,14:10:57,11.49,--,12,13788,卖盘
640,14:10:51,11.49,--,6,6894,买盘
641,14:10:48,11.49,0.01,8,9192,买盘
642,14:10:45,11.48,-0.02,41,47068,卖盘
643,14:10:42,11.5,0.01,31,35650,买盘
644,14:10:39,11.49,-0.01,10,11490,中性盘
645,14:10:36,11.5,0.01,2000,2300000,买盘
646,14:10:33,11.49,--,4,4596,买盘
647,14:10:15,11.49,--,2,2298,买盘
648,14:10:12,11.49,--,8,9192,买盘
649,14:10:09,11.49,0.01,66,75834,买盘
650,14:10:06,11.48,-0.01,10,11480,卖盘
651,14:10:03,11.49,--,44,50556,买盘
652,14:10:00,11.49,--,100,114900,买盘
653,14:09:48,11.49,0.01,55,63195,买盘
654,14:09:45,11.48,--,5,5740,卖盘
655,14:09:39,11.48,-0.01,35,40180,卖盘
656,14:09:36,11.49,0.01,3,3447,买盘
657,14:09:33,11.48,--,23,26404,卖盘
658,14:09:30,11.48,--,2,2296,卖盘
659,14:09:27,11.48,-0.01,2,2296,卖盘
660,14:09:24,11.49,--,30,34470,买盘
661,14:09:21,11.49,--,8,9192,买盘
662,14:09:18,11.49,--,3,3447,买盘
663,14:09:09,11.49,--,224,257376,买盘
664,14:09:06,11.49,0.01,63,72387,买盘
665,14:09:00,11.48,-0.01,50,57400,卖盘
666,14:08:54,11.49,--,62,71238,买盘
667,14:08:51,11.49,0.01,104,119496,买盘
668,14:08:45,11.48,--,37,42476,卖盘
669,14:08:42,11.48,-0.01,18,20664,卖盘
670,14:08:36,11.49,0.01,39,44811,买盘
671,14:08:27,11.48,--,62,71176,卖盘
672,14:08:15,11.48,-0.01,4,4592,卖盘
673,14:08:12,11.49,--,18,20682,买盘
674,14:08:09,11.49,--,1,1149,买盘
675,14:08:06,11.49,0.01,60,68940,买盘
676,14:08:03,11.48,-0.01,5,5740,卖盘
677,14:08:00,11.49,0.01,7,8043,买盘
678,14:07:51,11.48,--,3,3444,卖盘
679,14:07:39,11.48,--,105,120540,卖盘
680,14:07:30,11.48,--,5,5740,卖盘
681,14:07:27,11.48,-0.01,14,16072,卖盘
682,14:07:24,11.49,--,66,75834,买盘
683,14:07:06,11.49,0.01,124,142476,买盘
684,14:07:03,11.48,--,11,12628,买盘
685,14:06:51,11.48,0.01,2,2296,买盘
686,14:06:45,11.47,-0.01,5,5735,卖盘
687,14:06:24,11.48,--,52,60017,买盘
688,14:06:21,11.48,--,150,172200,买盘
689,14:06:18,11.48,--,10,11480,买盘
690,14:06:09,11.48,--,42,48216,买盘
691,14:06:06,11.48,--,61,70028,买盘
692,14:06:03,11.48,--,15,17220,买盘
693,14:05:57,11.48,--,3,3444,买盘
694,14:05:54,11.48,0.01,45,51660,买盘
695,14:05:51,11.47,--,3,3441,卖盘
696,14:05:42,11.47,--,1,1147,卖盘
697,14:05:36,11.47,--,3,3441,卖盘
698,14:05:33,11.47,--,90,103230,卖盘
699,14:05:30,11.47,-0.01,5,5735,卖盘
700,14:05:27,11.48,0.01,502,576296,买盘
701,14:05:18,11.47,-0.01,5,5735,卖盘
702,14:05:12,11.48,0.01,17,19516,买盘
703,14:05:09,11.47,-0.01,7,8029,卖盘
704,14:05:06,11.48,--,3,3444,买盘
705,14:05:03,11.48,--,72,82656,买盘
706,14:05:00,11.48,0.01,102,117096,买盘
707,14:04:42,11.47,--,4,4588,卖盘
708,14:04:39,11.47,--,5,5735,卖盘
709,14:04:27,11.47,--,34,39101,卖盘
710,14:04:21,11.47,--,6,6882,卖盘
711,14:04:18,11.47,--,4,4588,卖盘
712,14:04:15,11.47,--,2,2294,卖盘
713,14:04:06,11.47,-0.01,10,11470,卖盘
714,14:04:03,11.48,--,4,4592,买盘
715,14:04:00,11.48,0.01,58,66584,买盘
716,14:03:48,11.47,--,0,298,卖盘
717,14:03:42,11.47,--,8,9176,卖盘
718,14:03:36,11.47,--,3,3441,卖盘
719,14:03:33,11.47,--,272,311984,买盘
720,14:03:30,11.47,--,97,111259,买盘
721,14:03:27,11.47,--,25,28675,买盘
722,14:03:15,11.47,--,10,11470,买盘
723,14:03:12,11.47,--,11,12617,买盘
724,14:03:06,11.47,--,5,5735,买盘
725,14:03:03,11.47,--,2,2294,买盘
726,14:03:00,11.47,0.01,79,90613,买盘
727,14:02:42,11.46,--,72,82512,卖盘
728,14:02:39,11.46,-0.01,4,4584,卖盘
729,14:02:36,11.47,0.01,107,122729,买盘
730,14:02:33,11.46,--,5,5730,卖盘
731,14:02:27,11.46,--,62,71052,卖盘
732,14:02:21,11.46,-0.01,3,3438,卖盘
733,14:02:12,11.47,0.01,17,19499,买盘
734,14:02:09,11.46,--,1,1146,卖盘
735,14:02:03,11.46,-0.01,55,63030,卖盘
736,14:02:00,11.47,0.01,74,84878,买盘
737,14:01:57,11.46,-0.01,4,4584,卖盘
738,14:01:54,11.47,0.01,12,13764,买盘
739,14:01:39,11.46,--,10,11460,卖盘
740,14:01:33,11.46,--,35,40110,卖盘
741,14:01:30,11.46,--,3,3438,卖盘
742,14:01:27,11.46,--,3,3438,卖盘
743,14:01:21,11.46,-0.01,13,14898,卖盘
744,14:01:18,11.47,0.01,28,32116,买盘
745,14:01:15,11.46,-0.01,20,22920,卖盘
746,14:01:09,11.47,0.01,17,19499,买盘
747,14:01:06,11.46,-0.01,5,5730,卖盘
748,14:01:00,11.47,--,6,6882,买盘
749,14:00:57,11.47,--,75,86025,买盘
750,14:00:51,11.47,0.01,29,33263,买盘
751,14:00:45,11.46,--,4,4584,卖盘
752,14:00:42,11.46,--,4,4584,卖盘
753,14:00:36,11.46,--,5,5730,卖盘
754,14:00:30,11.46,--,30,34380,卖盘
755,14:00:27,11.46,--,2,2292,卖盘
756,14:00:21,11.46,-0.01,49,56154,卖盘
757,14:00:18,11.47,--,2,2294,买盘
758,14:00:09,11.47,--,1,1147,买盘
759,13:59:57,11.47,--,5,5735,买盘
760,13:59:54,11.47,0.01,60,68820,买盘
761,13:59:48,11.46,--,4,4584,卖盘
762,13:59:33,11.46,-0.01,4,4584,卖盘
763,13:59:30,11.47,--,130,149110,买盘
764,13:59:27,11.47,0.01,5,5735,买盘
765,13:59:24,11.46,--,45,52349,卖盘
766,13:59:18,11.46,-0.01,30,34380,卖盘
767,13:59:15,11.47,0.01,9,10323,买盘
768,13:59:12,11.46,-0.01,4,4584,卖盘
769,13:59:06,11.47,--,3,3441,买盘
770,13:58:54,11.47,0.01,80,91760,买盘
771,13:58:48,11.46,--,5,5730,卖盘
772,13:58:45,11.46,--,30,34380,卖盘
773,13:58:33,11.46,--,10,11460,卖盘
774,13:58:27,11.46,--,85,97410,卖盘
775,13:58:24,11.46,-0.01,5,5730,卖盘
776,13:58:18,11.47,0.01,2,2294,买盘
777,13:58:12,11.46,--,4,4584,卖盘
778,13:58:03,11.46,-0.01,5,5730,卖盘
779,13:57:57,11.47,--,7,8029,买盘
780,13:57:54,11.47,--,56,64232,买盘
781,13:57:51,11.47,--,98,112406,买盘
782,13:57:45,11.47,0.01,14,16058,买盘
783,13:57:39,11.46,--,4,4584,卖盘
784,13:57:33,11.46,-0.01,50,57300,卖盘
785,13:57:30,11.47,0.01,2,2294,买盘
786,13:57:27,11.46,--,41,46986,卖盘
787,13:57:15,11.46,-0.01,3,3438,卖盘
788,13:57:12,11.47,--,59,67673,买盘
789,13:57:00,11.47,0.01,8,9176,买盘
790,13:56:57,11.46,-0.01,12,13752,卖盘
791,13:56:54,11.47,--,5,5735,买盘
792,13:56:51,11.47,0.01,60,68820,买盘
793,13:56:45,11.46,-0.01,40,45840,卖盘
794,13:56:42,11.47,0.01,20,22940,买盘
795,13:56:33,11.46,--,42,48132,卖盘
796,13:56:30,11.46,--,3,3438,卖盘
797,13:56:27,11.46,--,6,6876,卖盘
798,13:56:24,11.46,-0.01,60,68760,卖盘
799,13:56:21,11.47,--,41,47027,买盘
800,13:56:12,11.47,--,211,242017,买盘
801,13:56:06,11.47,0.01,7,8029,买盘
802,13:56:03,11.46,-0.01,4,4584,卖盘
803,13:56:00,11.47,--,4,4588,买盘
804,13:55:51,11.47,--,73,83731,买盘
805,13:55:48,11.47,0.01,58,66526,买盘
806,13:55:45,11.46,--,87,99702,卖盘
807,13:55:39,11.46,--,4,4584,卖盘
808,13:55:36,11.46,--,43,49278,卖盘
809,13:55:33,11.46,--,2,2292,卖盘
810,13:55:27,11.46,-0.01,13,14898,卖盘
811,13:55:21,11.47,0.01,64,73408,买盘
812,13:55:15,11.46,--,4,4584,卖盘
813,13:55:12,11.46,--,1,1146,卖盘
814,13:55:09,11.46,--,2,2292,卖盘
815,13:55:06,11.46,-0.01,5,5730,卖盘
816,13:55:00,11.47,--,6,6882,买盘
817,13:54:54,11.47,--,302,346394,买盘
818,13:54:51,11.47,0.01,541,620527,买盘
819,13:54:48,11.46,--,61,69906,卖盘
820,13:54:42,11.46,--,1,1146,卖盘
821,13:54:39,11.46,-0.01,19,21774,卖盘
822,13:54:36,11.47,0.01,30,34410,买盘
823,13:54:33,11.46,--,15,17190,卖盘
824,13:54:27,11.46,--,6,6876,卖盘
825,13:54:18,11.46,--,1,1146,卖盘
826,13:54:15,11.46,--,1,1146,卖盘
827,13:54:12,11.46,-0.01,2,2292,卖盘
828,13:54:09,11.47,--,10,11470,买盘
829,13:54:06,11.47,0.01,2,2294,买盘
830,13:54:03,11.46,-0.01,4,4584,卖盘
831,13:53:57,11.47,--,45,51615,买盘
832,13:53:54,11.47,--,13,14911,买盘
833,13:53:48,11.47,--,4,4588,买盘
834,13:53:45,11.47,0.01,57,65379,买盘
835,13:53:39,11.46,--,2,2292,卖盘
836,13:53:36,11.46,--,3,3438,卖盘
837,13:53:30,11.46,-0.01,50,57300,卖盘
838,13:53:27,11.47,0.01,7,8029,买盘
839,13:53:21,11.46,--,1,1146,卖盘
840,13:53:18,11.46,-0.01,3,3438,卖盘
841,13:53:15,11.47,--,1,1147,买盘
842,13:53:09,11.47,0.01,10,11470,买盘
843,13:53:03,11.46,-0.01,2,2292,卖盘
844,13:53:00,11.47,--,12,13764,买盘
845,13:52:54,11.47,--,15,17205,买盘
846,13:52:45,11.47,0.01,411,471417,买盘
847,13:52:42,11.46,-0.01,19,21774,卖盘
848,13:52:30,11.47,0.01,2,2294,买盘
849,13:52:27,11.46,--,93,106578,卖盘
850,13:52:21,11.46,--,103,118038,卖盘
851,13:52:18,11.46,-0.01,20,22920,卖盘
852,13:52:09,11.47,--,5,5735,买盘
853,13:52:00,11.47,--,5,5735,买盘
854,13:51:42,11.47,0.01,61,69967,买盘
855,13:51:30,11.46,--,1,1283,卖盘
856,13:51:27,11.46,--,1,1146,卖盘
857,13:51:18,11.46,-0.01,30,34380,卖盘
858,13:51:12,11.47,0.01,12,13764,买盘
859,13:51:09,11.46,--,65,74490,卖盘
860,13:51:06,11.46,-0.01,1,1146,卖盘
861,13:51:03,11.47,0.01,59,67673,买盘
862,13:50:57,11.46,--,8,9168,卖盘
863,13:50:51,11.46,--,10,11460,卖盘
864,13:50:48,11.46,-0.01,10,11460,卖盘
865,13:50:45,11.47,--,3,3441,买盘
866,13:50:42,11.47,--,4,4588,买盘
867,13:50:39,11.47,0.01,57,65379,买盘
868,13:50:27,11.46,--,102,116892,卖盘
869,13:50:24,11.46,-0.01,2,2292,卖盘
870,13:50:18,11.47,0.01,13,14911,买盘
871,13:50:15,11.46,--,0,492,卖盘
872,13:50:12,11.46,--,55,63030,卖盘
873,13:50:06,11.46,--,2,2292,卖盘
874,13:50:03,11.46,--,1,1146,卖盘
875,13:49:57,11.46,--,5,5730,卖盘
876,13:49:45,11.46,-0.02,38,43548,卖盘
877,13:49:39,11.48,0.01,61,70028,买盘
878,13:49:36,11.47,--,46,53691,买盘
879,13:49:33,11.47,0.01,30,34410,买盘
880,13:49:27,11.46,--,562,644831,卖盘
881,13:49:09,11.46,--,4,4584,卖盘
882,13:49:06,11.46,-0.01,12,13752,卖盘
883,13:49:03,11.47,0.01,53,60791,买盘
884,13:48:57,11.46,-0.01,1,1146,卖盘
885,13:48:51,11.47,--,2,2294,买盘
886,13:48:45,11.47,--,22,25234,买盘
887,13:48:39,11.47,--,1,1147,买盘
888,13:48:36,11.47,--,60,68820,买盘
889,13:48:30,11.47,--,40,45880,买盘
890,13:48:27,11.47,--,68,78580,卖盘
891,13:48:18,11.47,-0.01,1,1147,卖盘
892,13:48:15,11.48,0.01,37,42476,买盘
893,13:48:12,11.47,--,2,2294,卖盘
894,13:48:06,11.47,-0.01,100,114700,卖盘
895,13:48:03,11.48,--,50,57400,买盘
896,13:47:51,11.48,0.01,12,13776,买盘
897,13:47:39,11.47,-0.01,1,1147,卖盘
898,13:47:36,11.48,--,20,22960,买盘
899,13:47:33,11.48,0.01,75,86100,买盘
900,13:47:27,11.47,--,119,137055,买盘
901,13:47:06,11.47,0.01,42,48174,买盘
902,13:47:00,11.46,-0.01,1,1146,卖盘
903,13:46:54,11.47,--,7,8029,买盘
904,13:46:51,11.47,--,90,103814,卖盘
905,13:46:48,11.47,--,28,32116,卖盘
906,13:46:45,11.47,--,100,114700,卖盘
907,13:46:42,11.47,--,63,72261,卖盘
908,13:46:39,11.47,-0.01,14,16058,卖盘
909,13:46:33,11.48,0.01,111,127428,买盘
910,13:46:30,11.47,--,1,1147,卖盘
911,13:46:27,11.47,--,7,8029,卖盘
912,13:46:24,11.47,--,80,91760,卖盘
913,13:46:21,11.47,-0.01,100,115262,卖盘
914,13:46:18,11.48,--,157,180236,买盘
915,13:46:12,11.48,0.01,50,57400,买盘
916,13:46:09,11.47,--,100,114700,卖盘
917,13:46:06,11.47,--,5,5735,卖盘
918,13:46:03,11.47,-0.01,11,12617,卖盘
919,13:46:00,11.48,0.01,5,5740,买盘
920,13:45:57,11.47,--,53,60791,卖盘
921,13:45:54,11.47,--,20,22940,卖盘
922,13:45:48,11.47,-0.01,56,64232,卖盘
923,13:45:45,11.48,0.01,7,8036,买盘
924,13:45:42,11.47,--,30,34410,卖盘
925,13:45:39,11.47,-0.01,1,1147,卖盘
926,13:45:36,11.48,--,6,6888,买盘
927,13:45:33,11.48,0.01,56,64288,买盘
928,13:45:30,11.47,--,147,168609,卖盘
929,13:45:27,11.47,--,7,8029,卖盘
930,13:45:24,11.47,--,1,1147,卖盘
931,13:45:21,11.47,--,210,240870,卖盘
932,13:45:15,11.47,--,150,172050,卖盘
933,13:45:06,11.47,--,108,123876,卖盘
934,13:45:03,11.47,--,10,11470,卖盘
935,13:45:00,11.47,--,35,40145,卖盘
936,13:44:48,11.47,--,5,5735,卖盘
937,13:44:45,11.47,-0.01,5,5735,卖盘
938,13:44:36,11.48,--,8,9184,买盘
939,13:44:30,11.48,--,5,5740,买盘
940,13:44:27,11.48,0.01,58,66584,买盘
941,13:44:21,11.47,--,28,32116,卖盘
942,13:44:18,11.47,--,131,150257,卖盘
943,13:44:15,11.47,-0.01,30,34410,卖盘
944,13:44:12,11.48,0.01,41,47068,买盘
945,13:44:09,11.47,--,10,11470,卖盘
946,13:44:06,11.47,--,2,2294,卖盘
947,13:44:03,11.47,--,2,2294,卖盘
948,13:44:00,11.47,--,3,3441,卖盘
949,13:43:57,11.47,-0.01,5,5735,卖盘
950,13:43:54,11.48,--,37,42476,买盘
951,13:43:42,11.48,--,67,76916,买盘
952,13:43:30,11.48,0.01,2,2296,买盘
953,13:43:27,11.47,-0.01,60,68820,卖盘
954,13:43:21,11.48,0.01,23,26404,买盘
955,13:43:18,11.47,-0.01,1,1147,卖盘
956,13:43:06,11.48,--,8,9184,卖盘
957,13:43:03,11.48,--,664,762272,卖盘
958,13:43:00,11.48,--,327,375396,卖盘
959,13:42:54,11.48,--,80,91840,卖盘
960,13:42:51,11.48,--,10,11480,卖盘
961,13:42:39,11.48,--,17,19516,卖盘
962,13:42:30,11.48,--,2,2296,卖盘
963,13:42:27,11.48,-0.01,1,1148,卖盘
964,13:42:24,11.49,0.01,62,71238,买盘
965,13:42:15,11.48,--,300,344400,卖盘
966,13:42:12,11.48,--,2,2296,卖盘
967,13:42:06,11.48,--,21,24108,卖盘
968,13:42:03,11.48,--,323,370804,卖盘
969,13:41:51,11.48,--,11,12628,卖盘
970,13:41:48,11.48,-0.01,30,34440,卖盘
971,13:41:45,11.49,0.01,12,13788,买盘
972,13:41:42,11.48,--,2,2296,卖盘
973,13:41:39,11.48,--,30,34440,卖盘
974,13:41:33,11.48,--,180,206640,卖盘
975,13:41:30,11.48,-0.01,14,16072,卖盘
976,13:41:27,11.49,0.01,9,10341,买盘
977,13:41:24,11.48,--,57,65436,卖盘
978,13:41:18,11.48,--,1,1148,卖盘
979,13:41:15,11.48,--,14,16072,卖盘
980,13:41:12,11.48,--,21,24108,卖盘
981,13:41:06,11.48,--,20,22960,卖盘
982,13:41:03,11.48,--,30,34440,卖盘
983,13:41:00,11.48,--,20,22960,卖盘
984,13:40:57,11.48,-0.01,2,2296,卖盘
985,13:40:54,11.49,0.01,20,22980,买盘
986,13:40:51,11.48,-0.01,16,18368,卖盘
987,13:40:48,11.49,--,12,13788,买盘
988,13:40:45,11.49,0.01,10,11490,买盘
989,13:40:39,11.48,-0.01,5,5740,卖盘
990,13:40:36,11.49,0.01,30,34470,买盘
991,13:40:27,11.48,-0.01,2,2296,卖盘
992,13:40:24,11.49,--,4,4596,买盘
993,13:40:21,11.49,--,57,65493,买盘
994,13:40:15,11.49,--,20,22980,买盘
995,13:40:09,11.49,--,6,6894,买盘
996,13:40:03,11.49,-0.01,92,106535,卖盘
997,13:40:00,11.5,0.01,29,33350,买盘
998,13:39:57,11.49,-0.01,50,57450,卖盘
999,13:39:51,11.5,0.01,20,23000,买盘
1000,13:39:48,11.49,--,35,40215,卖盘
1001,13:39:27,11.49,--,3,3447,卖盘
1002,13:39:24,11.49,-0.01,4,4596,卖盘
1003,13:39:21,11.5,0.01,58,66700,买盘
1004,13:39:18,11.49,-0.01,1,1149,卖盘
1005,13:39:15,11.5,0.01,112,128800,买盘
1006,13:39:09,11.49,--,2,2298,卖盘
1007,13:39:06,11.49,-0.01,19,21831,卖盘
1008,13:38:57,11.5,--,9,10350,买盘
1009,13:38:51,11.5,0.01,30,34500,买盘
1010,13:38:45,11.49,--,10,11490,卖盘
1011,13:38:42,11.49,-0.01,36,41364,卖盘
1012,13:38:39,11.5,0.01,17,19550,买盘
1013,13:38:33,11.49,--,1,1149,卖盘
1014,13:38:30,11.49,-0.01,4,4596,卖盘
1015,13:38:27,11.5,--,25,28750,买盘
1016,13:38:24,11.5,--,1,1150,买盘
1017,13:38:21,11.5,--,1,1150,买盘
1018,13:38:18,11.5,0.01,60,69000,买盘
1019,13:38:12,11.49,--,14,16086,卖盘
1020,13:38:09,11.49,--,5,5745,卖盘
1021,13:38:06,11.49,--,21,24129,卖盘
1022,13:37:57,11.49,--,6,6894,卖盘
1023,13:37:54,11.49,--,1,1149,卖盘
1024,13:37:51,11.49,-0.01,10,11490,卖盘
1025,13:37:48,11.5,0.01,25,28750,买盘
1026,13:37:27,11.49,-0.01,10,11490,卖盘
1027,13:37:24,11.5,--,421,484150,买盘
1028,13:37:15,11.5,0.01,84,96600,买盘
1029,13:37:03,11.49,-0.01,9,10341,卖盘
1030,13:36:54,11.5,0.01,26,29900,买盘
1031,13:36:51,11.49,--,1,1149,卖盘
1032,13:36:45,11.49,-0.01,1,1149,卖盘
1033,13:36:42,11.5,0.01,2,2300,买盘
1034,13:36:39,11.49,-0.01,1,1149,卖盘
1035,13:36:36,11.5,--,5,5750,买盘
1036,13:36:33,11.5,--,1,1150,买盘
1037,13:36:27,11.5,--,34,39100,买盘
1038,13:36:15,11.5,0.01,61,70150,买盘
1039,13:36:03,11.49,-0.01,1,1149,卖盘
1040,13:35:57,11.5,0.01,24,27600,买盘
1041,13:35:54,11.49,--,5,5745,卖盘
1042,13:35:51,11.49,-0.01,5,5745,卖盘
1043,13:35:48,11.5,0.01,2,2300,买盘
1044,13:35:45,11.49,--,0,321,卖盘
1045,13:35:39,11.49,--,7,8043,卖盘
1046,13:35:30,11.49,-0.01,4,4596,卖盘
1047,13:35:24,11.5,--,19,21850,买盘
1048,13:35:15,11.5,--,20,23000,买盘
1049,13:35:12,11.5,0.01,658,756700,买盘
1050,13:35:06,11.49,--,29,33321,卖盘
1051,13:35:03,11.49,--,1,1149,卖盘
1052,13:34:57,11.49,--,16,18384,买盘
1053,13:34:54,11.49,0.01,40,45960,买盘
1054,13:34:51,11.48,-0.01,20,22960,卖盘
1055,13:34:48,11.49,--,14,16086,买盘
1056,13:34:39,11.49,--,71,81579,卖盘
1057,13:34:36,11.49,--,19,21831,卖盘
1058,13:34:33,11.49,--,54,62046,卖盘
1059,13:34:18,11.49,-0.01,1,1149,卖盘
1060,13:34:15,11.5,--,3,3450,买盘
1061,13:34:12,11.5,0.01,70,80500,买盘
1062,13:34:06,11.49,-0.01,40,45960,卖盘
1063,13:34:00,11.5,0.01,1,1150,买盘
1064,13:33:54,11.49,-0.01,24,27576,卖盘
1065,13:33:51,11.5,0.01,12,13800,买盘
1066,13:33:48,11.49,--,9,10341,卖盘
1067,13:33:42,11.49,--,50,57450,卖盘
1068,13:33:36,11.49,-0.01,50,57450,卖盘
1069,13:33:21,11.5,0.01,15,17250,买盘
1070,13:33:18,11.49,--,1,1149,卖盘
1071,13:33:15,11.49,-0.01,3,3447,卖盘
1072,13:33:12,11.5,0.01,103,118450,买盘
1073,13:33:06,11.49,-0.01,19,21831,卖盘
1074,13:33:03,11.5,0.01,6,6900,买盘
1075,13:33:00,11.49,--,43,49407,卖盘
1076,13:32:45,11.49,--,6,6894,卖盘
1077,13:32:42,11.49,--,10,11490,卖盘
1078,13:32:39,11.49,--,54,62046,卖盘
1079,13:32:36,11.49,--,1,1149,卖盘
1080,13:32:33,11.49,0.01,6,6894,买盘
1081,13:32:27,11.48,-0.02,17,19516,卖盘
1082,13:32:15,11.5,--,3,3450,买盘
1083,13:32:09,11.5,--,102,117300,买盘
1084,13:31:57,11.5,0.02,7,8050,买盘
1085,13:31:48,11.48,-0.01,722,828856,卖盘
1086,13:31:42,11.49,0.01,1,1149,买盘
1087,13:31:39,11.48,-0.01,100,114800,卖盘
1088,13:31:33,11.49,0.01,80,91920,买盘
1089,13:31:30,11.48,--,111,127428,卖盘
1090,13:31:27,11.48,--,1,1148,卖盘
1091,13:31:18,11.48,-0.01,9,10332,卖盘
1092,13:31:12,11.49,--,63,72387,买盘
1093,13:31:06,11.49,0.01,61,70089,买盘
1094,13:31:03,11.48,-0.01,5,5740,卖盘
1095,13:31:00,11.49,0.01,30,34470,买盘
1096,13:30:54,11.48,-0.01,57,65436,卖盘
1097,13:30:48,11.49,0.01,10,11490,买盘
1098,13:30:42,11.48,-0.01,100,114800,卖盘
1099,13:30:30,11.49,-0.01,378,435195,卖盘
1100,13:30:27,11.5,--,27,31050,买盘
1101,13:30:18,11.5,--,25,28750,买盘
1102,13:30:06,11.5,0.01,6,6900,买盘
1103,13:30:03,11.49,--,60,68940,卖盘
1104,13:29:54,11.49,--,71,81579,卖盘
1105,13:29:48,11.49,--,11,12639,卖盘
1106,13:29:45,11.49,--,200,229800,卖盘
1107,13:29:33,11.49,-0.01,2,2298,卖盘
1108,13:29:27,11.5,0.01,19,21850,买盘
1109,13:29:18,11.49,--,1,1149,卖盘
1110,13:29:12,11.49,--,104,119496,卖盘
1111,13:29:06,11.49,-0.01,2,2298,卖盘
1112,13:29:03,11.5,--,65,74750,买盘
1113,13:28:54,11.5,--,100,115000,买盘
1114,13:28:48,11.5,--,100,115000,买盘
1115,13:28:42,11.5,0.01,6,6900,买盘
1116,13:28:39,11.49,--,4,4596,卖盘
1117,13:28:33,11.49,-0.01,5,5745,卖盘
1118,13:28:30,11.5,--,7,8050,买盘
1119,13:28:27,11.5,0.01,6,6900,买盘
1120,13:28:12,11.49,--,83,95367,卖盘
1121,13:28:09,11.49,-0.01,10,11490,卖盘
1122,13:28:03,11.5,--,10,11500,买盘
1123,13:28:00,11.5,0.01,67,77050,买盘
1124,13:27:57,11.49,--,30,34470,卖盘
1125,13:27:54,11.49,-0.01,10,11490,卖盘
1126,13:27:51,11.5,0.01,5,5750,买盘
1127,13:27:45,11.49,--,4,4596,卖盘
1128,13:27:33,11.49,-0.01,9,10341,卖盘
1129,13:27:27,11.5,--,10,11500,买盘
1130,13:27:24,11.5,--,20,23000,买盘
1131,13:27:21,11.5,--,1,1150,买盘
1132,13:27:18,11.5,--,42,48300,买盘
1133,13:27:15,11.5,0.01,14,16100,买盘
1134,13:27:12,11.49,-0.01,5,5745,卖盘
1135,13:27:09,11.5,--,4,4600,买盘
1136,13:27:06,11.5,--,10,11500,买盘
1137,13:27:03,11.5,--,5,5750,买盘
1138,13:27:00,11.5,--,60,69000,买盘
1139,13:26:48,11.5,--,12,13800,买盘
1140,13:26:42,11.5,0.01,100,115000,买盘
1141,13:26:39,11.49,--,3,3447,卖盘
1142,13:26:36,11.49,-0.01,10,11490,卖盘
1143,13:26:33,11.5,--,10,11500,买盘
1144,13:26:30,11.5,--,27,31050,买盘
1145,13:26:27,11.5,--,13,14950,买盘
1146,13:26:15,11.5,0.01,11,12650,买盘
1147,13:26:09,11.49,-0.01,19,21831,卖盘
1148,13:26:06,11.5,--,7,8050,卖盘
1149,13:26:03,11.5,-0.01,10,11500,卖盘
1150,13:25:57,11.51,0.01,87,100137,买盘
1151,13:25:54,11.5,-0.01,47,54050,卖盘
1152,13:25:36,11.51,--,6,6906,买盘
1153,13:25:33,11.51,0.01,22,25322,买盘
1154,13:25:21,11.5,0.01,47,54050,买盘
1155,13:25:18,11.49,-0.01,2,2298,卖盘
1156,13:25:12,11.5,--,14,16100,买盘
1157,13:25:09,11.5,0.01,48,55200,买盘
1158,13:25:06,11.49,--,29,33321,卖盘
1159,13:25:03,11.49,--,6,6894,卖盘
1160,13:25:00,11.49,-0.01,11,12639,卖盘
1161,13:24:57,11.5,--,25,28750,买盘
1162,13:24:54,11.5,0.01,63,72450,买盘
1163,13:24:51,11.49,--,4,4596,卖盘
1164,13:24:48,11.49,--,10,11490,卖盘
1165,13:24:45,11.49,-0.01,1,1149,卖盘
1166,13:24:36,11.5,--,10,11500,买盘
1167,13:24:33,11.5,0.01,100,115000,中性盘
1168,13:24:27,11.49,-0.02,1,1149,卖盘
1169,13:24:24,11.51,0.02,18,20718,买盘
1170,13:24:21,11.49,--,5,5745,卖盘
1171,13:24:18,11.49,--,24,27576,卖盘
1172,13:24:15,11.49,-0.01,10,11490,卖盘
1173,13:24:12,11.5,-0.01,15,17250,卖盘
1174,13:24:09,11.51,0.01,12,13812,买盘
1175,13:24:06,11.5,--,11,12650,卖盘
1176,13:24:03,11.5,--,4,4600,卖盘
1177,13:24:00,11.5,0.01,26,29900,买盘
1178,13:23:57,11.49,-0.01,21,24129,卖盘
1179,13:23:54,11.5,-0.01,3,3450,中性盘
1180,13:23:51,11.51,0.01,71,81721,买盘
1181,13:23:45,11.5,0.01,5,5750,买盘
1182,13:23:42,11.49,-0.01,10,11490,卖盘
1183,13:23:39,11.5,0.01,13,14950,买盘
1184,13:23:36,11.49,-0.01,35,40215,卖盘
1185,13:23:33,11.5,0.01,20,23000,买盘
1186,13:23:30,11.49,-0.01,9,10341,卖盘
1187,13:23:27,11.5,--,28,32200,买盘
1188,13:23:18,11.5,0.01,15,17250,买盘
1189,13:23:15,11.49,-0.01,0,275,卖盘
1190,13:23:09,11.5,--,212,243800,买盘
1191,13:23:06,11.5,--,24,27600,买盘
1192,13:23:00,11.5,--,34,39100,买盘
1193,13:22:57,11.5,--,18,20700,买盘
1194,13:22:51,11.5,0.01,91,104650,买盘
1195,13:22:48,11.49,--,57,65493,卖盘
1196,13:22:45,11.49,-0.01,17,19533,卖盘
1197,13:22:39,11.5,0.01,49,56350,买盘
1198,13:22:36,11.49,-0.01,10,11490,卖盘
1199,13:22:33,11.5,0.01,2,2300,买盘
1200,13:22:30,11.49,-0.01,6,6894,卖盘
1201,13:22:24,11.5,--,14,16100,买盘
1202,13:22:18,11.5,0.01,27,31050,买盘
1203,13:22:03,11.49,-0.01,4,4596,卖盘
1204,13:22:00,11.5,0.01,39,44850,买盘
1205,13:21:57,11.49,-0.01,40,45960,卖盘
1206,13:21:51,11.5,--,11,12650,买盘
1207,13:21:48,11.5,--,61,70150,买盘
1208,13:21:45,11.5,0.01,286,328900,买盘
1209,13:21:42,11.49,--,26,29874,卖盘
1210,13:21:39,11.49,--,5,5745,卖盘
1211,13:21:30,11.49,--,30,34470,卖盘
1212,13:21:27,11.49,-0.01,3,3573,卖盘
1213,13:21:21,11.5,--,36,41400,买盘
1214,13:21:15,11.5,0.01,30,34500,买盘
1215,13:21:12,11.49,-0.01,55,63195,卖盘
1216,13:21:09,11.5,--,3,3450,买盘
1217,13:21:03,11.5,--,96,110400,买盘
1218,13:20:57,11.5,0.01,122,140300,买盘
1219,13:20:54,11.49,--,6,6894,卖盘
1220,13:20:48,11.49,-0.01,79,90771,卖盘
1221,13:20:45,11.5,0.01,10,11500,买盘
1222,13:20:39,11.49,-0.01,10,11490,卖盘
1223,13:20:33,11.5,0.01,24,27600,买盘
1224,13:20:27,11.49,-0.01,10,11490,卖盘
1225,13:20:24,11.5,--,126,144900,买盘
1226,13:20:15,11.5,--,42,48300,买盘
1227,13:20:12,11.5,--,9,10350,买盘
1228,13:20:00,11.5,--,5,5750,买盘
1229,13:19:51,11.5,--,10,11500,买盘
1230,13:19:48,11.5,0.01,73,83950,买盘
1231,13:19:42,11.49,-0.01,61,70089,卖盘
1232,13:19:39,11.5,--,20,23000,买盘
1233,13:19:36,11.5,0.01,1,1150,买盘
1234,13:19:30,11.49,-0.01,30,34470,卖盘
1235,13:19:27,11.5,--,15,17250,买盘
1236,13:19:24,11.5,0.01,3,3450,买盘
1237,13:19:21,11.49,-0.01,2,2596,卖盘
1238,13:19:09,11.5,--,32,36800,买盘
1239,13:19:06,11.5,--,10,11500,买盘
1240,13:18:57,11.5,--,9,10350,买盘
1241,13:18:54,11.5,--,33,37950,买盘
1242,13:18:51,11.5,--,40,46000,买盘
1243,13:18:48,11.5,0.01,30,34500,买盘
1244,13:18:45,11.49,-0.01,82,94218,卖盘
1245,13:18:39,11.5,0.01,29,33350,买盘
1246,13:18:27,11.49,-0.01,5,5745,卖盘
1247,13:18:24,11.5,--,228,262200,买盘
1248,13:18:18,11.5,--,14,16100,买盘
1249,13:18:09,11.5,0.01,12,13800,买盘
1250,13:18:06,11.49,--,56,64344,卖盘
1251,13:18:03,11.49,--,1,1149,卖盘
1252,13:17:54,11.49,-0.01,4,4596,卖盘
1253,13:17:45,11.5,--,33,37950,买盘
1254,13:17:42,11.5,--,63,72450,买盘
1255,13:17:36,11.5,0.01,30,34500,买盘
1256,13:17:30,11.49,--,3,3447,卖盘
1257,13:17:27,11.49,-0.01,4,4596,卖盘
1258,13:17:24,11.5,--,95,109250,买盘
1259,13:17:15,11.5,0.01,100,115000,买盘
1260,13:17:06,11.49,--,56,64344,卖盘
1261,13:17:03,11.49,--,1,1149,卖盘
1262,13:17:00,11.49,-0.01,20,22980,卖盘
1263,13:16:57,11.5,--,3,3450,买盘
1264,13:16:48,11.5,0.01,211,242650,买盘
1265,13:16:45,11.49,--,111,127539,卖盘
1266,13:16:42,11.49,-0.01,9,10341,卖盘
1267,13:16:39,11.5,0.01,91,104650,买盘
1268,13:16:36,11.49,--,20,22980,卖盘
1269,13:16:30,11.49,--,40,45960,卖盘
1270,13:16:27,11.49,-0.01,3,3447,卖盘
1271,13:16:21,11.5,--,12,13800,买盘
1272,13:16:12,11.5,0.01,44,50600,买盘
1273,13:16:06,11.49,-0.01,2,2298,卖盘
1274,13:16:03,11.5,0.01,21,24150,买盘
1275,13:15:57,11.49,-0.01,13,14937,卖盘
1276,13:15:51,11.5,0.01,12,13800,买盘
1277,13:15:45,11.49,-0.01,10,11490,卖盘
1278,13:15:42,11.5,--,50,57500,买盘
1279,13:15:39,11.5,0.01,61,70150,买盘
1280,13:15:36,11.49,-0.01,3,3447,卖盘
1281,13:15:33,11.5,--,22,25300,买盘
1282,13:15:30,11.5,--,41,47150,买盘
1283,13:15:21,11.5,--,12,13800,买盘
1284,13:15:15,11.5,0.01,2,2300,买盘
1285,13:15:09,11.49,--,2,2298,卖盘
1286,13:15:06,11.49,--,22,25278,卖盘
1287,13:15:00,11.49,--,28,32172,卖盘
1288,13:14:51,11.49,--,22,25278,卖盘
1289,13:14:48,11.49,-0.01,4,4596,卖盘
1290,13:14:45,11.5,0.01,30,34500,买盘
1291,13:14:27,11.49,--,31,35619,卖盘
1292,13:14:24,11.49,--,4,4596,卖盘
1293,13:14:21,11.49,--,34,39066,卖盘
1294,13:14:18,11.49,--,3,3447,卖盘
1295,13:14:15,11.49,--,10,11490,卖盘
1296,13:14:06,11.49,--,2,2298,卖盘
1297,13:14:00,11.49,--,7,8043,卖盘
1298,13:13:48,11.49,-0.01,1,1149,卖盘
1299,13:13:45,11.5,--,12,13800,买盘
1300,13:13:42,11.5,--,18,20700,买盘
1301,13:13:39,11.5,0.01,9,10350,买盘
1302,13:13:30,11.49,-0.01,18,20682,卖盘
1303,13:13:27,11.5,--,20,23000,卖盘
1304,13:13:24,11.5,-0.01,5,5750,中性盘
1305,13:13:18,11.51,0.01,24,27624,买盘
1306,13:13:15,11.5,--,34,39100,买盘
1307,13:13:12,11.5,-0.01,118,136505,卖盘
1308,13:13:09,11.51,0.01,26,29926,买盘
1309,13:13:06,11.5,--,74,85100,卖盘
1310,13:13:03,11.5,--,7,8050,卖盘
1311,13:12:57,11.5,--,25,28750,卖盘
1312,13:12:54,11.5,-0.01,17,19550,卖盘
1313,13:12:51,11.51,0.01,53,61003,买盘
1314,13:12:48,11.5,--,17,19550,卖盘
1315,13:12:45,11.5,-0.01,1,1150,卖盘
1316,13:12:33,11.51,0.01,2,2302,买盘
1317,13:12:27,11.5,-0.01,1,1150,卖盘
1318,13:12:24,11.51,0.01,1,1151,买盘
1319,13:12:18,11.5,-0.01,4,4600,卖盘
1320,13:12:09,11.51,0.01,62,71707,买盘
1321,13:12:06,11.5,--,329,379155,卖盘
1322,13:12:00,11.5,--,2,2300,卖盘
1323,13:11:57,11.5,--,8,9200,卖盘
1324,13:11:54,11.5,-0.01,4,4600,卖盘
1325,13:11:51,11.51,0.01,5,5755,买盘
1326,13:11:48,11.5,-0.01,1,1495,卖盘
1327,13:11:45,11.51,0.01,74,85174,买盘
1328,13:11:42,11.5,-0.01,7,8050,卖盘
1329,13:11:39,11.51,0.01,28,32228,买盘
1330,13:11:33,11.5,--,4,4600,卖盘
1331,13:11:30,11.5,--,2,2300,卖盘
1332,13:11:27,11.5,-0.01,1,1150,卖盘
1333,13:11:24,11.51,0.01,32,36832,买盘
1334,13:11:18,11.5,--,28,32200,卖盘
1335,13:11:09,11.5,-0.01,4,4600,卖盘
1336,13:11:06,11.51,0.01,94,108194,买盘
1337,13:11:00,11.5,--,2,2300,卖盘
1338,13:10:57,11.5,-0.01,3,3450,卖盘
1339,13:10:51,11.51,0.01,3,3453,买盘
1340,13:10:48,11.5,-0.01,4,4600,卖盘
1341,13:10:39,11.51,--,50,57550,买盘
1342,13:10:33,11.51,0.01,6,6906,买盘
1343,13:10:27,11.5,--,20,23000,卖盘
1344,13:10:24,11.5,-0.01,4,4600,卖盘
1345,13:10:15,11.51,--,20,23020,买盘
1346,13:10:12,11.51,0.01,9,10359,买盘
1347,13:10:09,11.5,-0.01,2,2300,卖盘
1348,13:10:06,11.51,--,63,72513,买盘
1349,13:10:03,11.51,0.01,3,3453,买盘
1350,13:10:00,11.5,-0.01,19,21850,卖盘
1351,13:09:54,11.51,--,60,69060,买盘
1352,13:09:48,11.51,0.01,10,11510,买盘
1353,13:09:42,11.5,-0.01,36,41400,卖盘
1354,13:09:39,11.51,--,175,201425,买盘
1355,13:09:36,11.51,0.01,8,9208,买盘
1356,13:09:33,11.5,--,4,4600,卖盘
1357,13:09:30,11.5,--,15,17250,卖盘
1358,13:09:27,11.5,--,1,1150,卖盘
1359,13:09:18,11.5,--,1,1150,卖盘
1360,13:09:15,11.5,--,2,2300,卖盘
1361,13:09:12,11.5,-0.01,5,5750,卖盘
1362,13:09:09,11.51,0.01,4,4604,买盘
1363,13:09:06,11.5,-0.01,33,37950,卖盘
1364,13:09:03,11.51,--,58,66758,买盘
1365,13:08:54,11.51,0.01,89,102439,买盘
1366,13:08:51,11.5,--,30,34500,卖盘
1367,13:08:48,11.5,--,14,16100,卖盘
1368,13:08:45,11.5,-0.01,8,9200,卖盘
1369,13:08:42,11.51,0.01,30,34530,买盘
1370,13:08:33,11.5,--,10,11500,卖盘
1371,13:08:27,11.5,--,11,12650,卖盘
1372,13:08:24,11.5,--,23,26450,卖盘
1373,13:08:21,11.5,--,22,25300,卖盘
1374,13:08:15,11.5,-0.01,5,5750,卖盘
1375,13:08:09,11.51,0.01,6,6906,买盘
1376,13:08:03,11.5,-0.01,84,96600,卖盘
1377,13:08:00,11.51,0.01,1,1151,买盘
1378,13:07:54,11.5,-0.01,20,23000,卖盘
1379,13:07:51,11.51,0.01,48,55248,买盘
1380,13:07:48,11.5,--,37,42550,卖盘
1381,13:07:42,11.5,--,3,3450,卖盘
1382,13:07:39,11.5,--,30,34500,卖盘
1383,13:07:36,11.5,--,50,57500,卖盘
1384,13:07:33,11.5,--,24,27600,卖盘
1385,13:07:30,11.5,-0.01,20,23000,卖盘
1386,13:07:27,11.51,0.01,31,35681,买盘
1387,13:07:24,11.5,--,19,21850,卖盘
1388,13:07:12,11.5,--,51,58650,卖盘
1389,13:07:06,11.5,--,1,1150,卖盘
1390,13:07:03,11.5,--,2,2300,卖盘
1391,13:07:00,11.5,-0.01,62,71300,卖盘
1392,13:06:57,11.51,--,52,59852,买盘
1393,13:06:51,11.51,0.01,74,85174,买盘
1394,13:06:48,11.5,-0.01,4,4600,卖盘
1395,13:06:42,11.51,0.01,46,52946,买盘
1396,13:06:36,11.5,--,7,8050,卖盘
1397,13:06:33,11.5,-0.01,10,11500,卖盘
1398,13:06:30,11.51,0.01,1,1151,买盘
1399,13:06:27,11.5,--,4,4600,卖盘
1400,13:06:21,11.5,--,523,601450,卖盘
1401,13:06:09,11.5,--,20,23000,卖盘
1402,13:06:06,11.5,--,11,12650,卖盘
1403,13:06:03,11.5,--,6,6900,卖盘
1404,13:06:00,11.5,-0.01,13,14950,卖盘
1405,13:05:57,11.51,0.01,58,66758,买盘
1406,13:05:51,11.5,0.01,12,13800,买盘
1407,13:05:48,11.49,-0.01,4,4596,卖盘
1408,13:05:45,11.5,--,12,13800,买盘
1409,13:05:39,11.5,--,159,183482,卖盘
1410,13:05:33,11.5,--,137,158067,买盘
1411,13:05:27,11.5,0.01,4,4600,买盘
1412,13:05:24,11.49,-0.01,3,3447,卖盘
1413,13:05:18,11.5,0.01,43,49450,买盘
1414,13:05:12,11.49,-0.01,4,4596,卖盘
1415,13:05:09,11.5,--,136,156400,买盘
1416,13:05:06,11.5,0.01,6,6900,买盘
1417,13:05:03,11.49,--,2,2298,卖盘
1418,13:05:00,11.49,-0.01,1,1149,卖盘
1419,13:04:57,11.5,0.01,61,70150,买盘
1420,13:04:54,11.49,-0.01,5,5745,卖盘
1421,13:04:42,11.5,--,119,136850,买盘
1422,13:04:36,11.5,--,12,13800,买盘
1423,13:04:27,11.5,--,48,55200,买盘
1424,13:04:24,11.5,--,15,17882,卖盘
1425,13:04:15,11.5,--,27,31050,卖盘
1426,13:04:12,11.5,--,32,36800,卖盘
1427,13:04:09,11.5,--,25,28750,卖盘
1428,13:04:06,11.5,--,98,113217,买盘
1429,13:03:57,11.5,--,5,5750,买盘
1430,13:03:54,11.5,--,56,64400,买盘
1431,13:03:51,11.5,--,31,35650,买盘
1432,13:03:48,11.5,--,60,69000,买盘
1433,13:03:45,11.5,0.01,50,57500,买盘
1434,13:03:42,11.49,--,4,4596,卖盘
1435,13:03:27,11.49,-0.01,1,1149,卖盘
1436,13:03:24,11.5,0.01,5,5750,买盘
1437,13:03:18,11.49,-0.01,4,4596,卖盘
1438,13:03:12,11.5,--,10,11500,买盘
1439,13:03:09,11.5,-0.01,255,293250,卖盘
1440,13:03:06,11.51,0.01,51,58701,买盘
1441,13:03:00,11.5,-0.01,1,1150,卖盘
1442,13:02:54,11.51,--,10,11510,买盘
1443,13:02:51,11.51,0.01,55,63305,买盘
1444,13:02:45,11.5,--,60,69000,卖盘
1445,13:02:30,11.5,-0.01,24,27600,卖盘
1446,13:02:27,11.51,--,18,20718,买盘
1447,13:02:18,11.51,0.01,8,9208,买盘
1448,13:02:09,11.5,-0.01,3,3450,卖盘
1449,13:01:54,11.51,--,25,28775,买盘
1450,13:01:51,11.51,0.01,64,73664,买盘
1451,13:01:45,11.5,--,26,29900,卖盘
1452,13:01:39,11.5,-0.01,50,57500,卖盘
1453,13:01:36,11.51,0.01,3,3453,买盘
1454,13:01:33,11.5,-0.01,9,10350,中性盘
1455,13:01:27,11.51,0.01,87,100137,买盘
1456,13:01:24,11.5,--,235,270250,卖盘
1457,13:01:18,11.5,--,8,9200,卖盘
1458,13:01:12,11.5,--,4,4600,卖盘
1459,13:01:09,11.5,--,18,20700,卖盘
1460,13:01:06,11.5,--,1,1150,卖盘
1461,13:01:03,11.5,--,1,1150,卖盘
1462,13:00:54,11.5,-0.01,3,3450,卖盘
1463,13:00:51,11.51,--,3,3453,买盘
1464,13:00:48,11.51,--,58,66758,买盘
1465,13:00:45,11.51,--,22,25322,买盘
1466,13:00:42,11.51,--,5,5755,买盘
1467,13:00:36,11.51,0.01,88,101288,买盘
1468,13:00:33,11.5,-0.01,2,2300,卖盘
1469,13:00:21,11.51,--,27,31077,买盘
1470,13:00:15,11.51,--,18,20718,买盘
1471,13:00:12,11.51,--,5,5755,买盘
1472,13:00:09,11.51,--,85,97835,买盘
1473,13:00:06,11.51,0.01,209,240559,买盘
1474,13:00:03,11.5,-0.01,1095,1259250,卖盘
1475,13:00:00,11.51,--,0,0,买盘
1476,11:30:00,11.51,--,0,0,买盘
1477,11:29:57,11.51,0.01,50,57550,买盘
1478,11:29:54,11.5,--,5,5750,卖盘
1479,11:29:51,11.5,-0.01,10,11500,卖盘
1480,11:29:48,11.51,--,9,10359,买盘
1481,11:29:45,11.51,--,57,65607,买盘
1482,11:29:42,11.51,0.01,5,5755,买盘
1483,11:29:39,11.5,--,8,9200,卖盘
1484,11:29:33,11.5,--,2,2300,卖盘
1485,11:29:24,11.5,-0.01,5,5750,卖盘
1486,11:29:21,11.51,0.01,20,23020,买盘
1487,11:29:18,11.5,--,60,69000,卖盘
1488,11:29:15,11.5,--,58,66700,卖盘
1489,11:29:09,11.5,--,196,225400,卖盘
1490,11:29:06,11.5,--,78,89700,卖盘
1491,11:29:03,11.5,--,1,1150,卖盘
1492,11:28:57,11.5,--,8,9200,卖盘
1493,11:28:54,11.5,--,3,3450,卖盘
1494,11:28:48,11.5,-0.01,13,14950,卖盘
1495,11:28:45,11.51,0.01,58,66758,买盘
1496,11:28:36,11.5,0.01,516,593400,买盘
1497,11:28:30,11.49,--,66,75834,卖盘
1498,11:28:27,11.49,0.01,146,168477,买盘
1499,11:28:24,11.48,-0.01,1,1148,卖盘
1500,11:28:21,11.49,0.01,19,21831,买盘
1501,11:28:18,11.48,--,890,1021720,卖盘
1502,11:28:09,11.48,-0.01,18,20664,卖盘
1503,11:28:06,11.49,--,14,16086,买盘
1504,11:27:54,11.49,--,28,32172,买盘
1505,11:27:48,11.49,--,24,27576,买盘
1506,11:27:45,11.49,--,4,4596,买盘
1507,11:27:42,11.49,--,87,99963,买盘
1508,11:27:39,11.49,--,15,17235,买盘
1509,11:27:36,11.49,--,65,74685,买盘
1510,11:27:27,11.49,--,2,2298,买盘
1511,11:27:24,11.49,0.01,20,22980,买盘
1512,11:27:15,11.48,--,3,3444,卖盘
1513,11:27:06,11.48,--,6,6888,卖盘
1514,11:27:03,11.48,--,1,1148,卖盘
1515,11:27:00,11.48,-0.01,22,25256,卖盘
1516,11:26:54,11.49,0.01,60,68940,买盘
1517,11:26:45,11.48,-0.01,42,48216,卖盘
1518,11:26:42,11.49,0.01,61,70089,买盘
1519,11:26:36,11.48,--,3,3444,卖盘
1520,11:26:33,11.48,-0.01,27,30996,卖盘
1521,11:26:30,11.49,0.01,57,65493,买盘
1522,11:26:24,11.48,--,21,24108,卖盘
1523,11:26:21,11.48,--,5,5740,卖盘
1524,11:26:06,11.48,--,1,1148,卖盘
1525,11:26:03,11.48,--,51,58548,卖盘
1526,11:26:00,11.48,--,1,1148,卖盘
1527,11:25:57,11.48,-0.01,145,166460,卖盘
1528,11:25:42,11.49,--,61,70089,买盘
1529,11:25:39,11.49,0.01,5,5745,买盘
1530,11:25:36,11.48,--,3,3444,卖盘
1531,11:25:30,11.48,--,60,68880,卖盘
1532,11:25:27,11.48,--,1,1148,卖盘
1533,11:25:24,11.48,--,2,2296,卖盘
1534,11:25:21,11.48,--,3,3444,卖盘
1535,11:25:06,11.48,--,1,1148,卖盘
1536,11:25:03,11.48,--,1,1148,卖盘
1537,11:25:00,11.48,-0.01,101,115948,卖盘
1538,11:24:54,11.49,0.01,24,27576,买盘
1539,11:24:48,11.48,-0.01,5,5740,卖盘
1540,11:24:45,11.49,0.01,10,11490,买盘
1541,11:24:42,11.48,-0.01,7,8036,卖盘
1542,11:24:39,11.49,0.01,59,67791,买盘
1543,11:24:33,11.48,-0.01,11,12628,卖盘
1544,11:24:30,11.49,0.01,10,11490,买盘
1545,11:24:24,11.48,-0.01,24,27552,卖盘
1546,11:24:21,11.49,0.01,34,39066,买盘
1547,11:24:15,11.48,--,45,51660,卖盘
1548,11:24:12,11.48,-0.01,110,126280,卖盘
1549,11:24:00,11.49,0.01,12,13788,买盘
1550,11:23:54,11.48,-0.01,3,3444,卖盘
1551,11:23:45,11.49,-0.01,147,168903,中性盘
1552,11:23:36,11.5,--,69,79350,买盘
1553,11:23:33,11.5,0.02,85,97750,买盘
1554,11:23:27,11.48,-0.02,9,10332,卖盘
1555,11:23:18,11.5,--,8,9200,买盘
1556,11:23:15,11.5,0.02,1849,2126350,买盘
1557,11:23:12,11.48,--,183,210084,卖盘
1558,11:23:09,11.48,--,1,1148,卖盘
1559,11:23:06,11.48,--,1014,1164072,卖盘
1560,11:23:03,11.48,--,1,1148,卖盘
1561,11:23:00,11.48,--,20,22960,卖盘
1562,11:22:54,11.48,--,101,115948,卖盘
1563,11:22:51,11.48,--,2,2296,卖盘
1564,11:22:48,11.48,--,33,37884,卖盘
1565,11:22:45,11.48,-0.01,5,5740,卖盘
1566,11:22:42,11.49,--,12,13788,买盘
1567,11:22:39,11.49,--,6,6894,买盘
1568,11:22:36,11.49,--,55,63195,买盘
1569,11:22:27,11.49,0.01,127,145923,买盘
1570,11:22:21,11.48,-0.01,2,2296,卖盘
1571,11:22:18,11.49,0.01,6,6894,买盘
1572,11:22:15,11.48,-0.01,2,2296,卖盘
1573,11:22:09,11.49,--,247,283803,卖盘
1574,11:22:06,11.49,--,1,1149,卖盘
1575,11:22:03,11.49,--,2,2298,卖盘
1576,11:21:57,11.49,--,34,39066,卖盘
1577,11:21:51,11.49,-0.01,1,1149,卖盘
1578,11:21:48,11.5,--,20,23000,买盘
1579,11:21:36,11.5,--,61,70150,买盘
1580,11:21:30,11.5,-0.01,1160,1334000,卖盘
1581,11:21:27,11.51,--,139,159989,买盘
1582,11:21:24,11.51,0.01,7,8057,买盘
1583,11:21:21,11.5,--,4,4600,卖盘
1584,11:21:15,11.5,--,113,129950,卖盘
1585,11:21:12,11.5,-0.01,3,3450,卖盘
1586,11:21:09,11.51,0.01,177,203727,买盘
1587,11:21:06,11.5,-0.01,40,46000,卖盘
1588,11:21:03,11.51,0.01,21,24171,买盘
1589,11:20:57,11.5,-0.01,1,1150,卖盘
1590,11:20:48,11.51,--,1,1151,买盘
1591,11:20:45,11.51,--,54,62154,买盘
1592,11:20:42,11.51,--,4,4604,买盘
1593,11:20:39,11.51,0.01,114,131214,买盘
1594,11:20:36,11.5,-0.01,20,23000,卖盘
1595,11:20:33,11.51,--,58,66758,买盘
1596,11:20:30,11.51,0.01,18,20718,买盘
1597,11:20:27,11.5,-0.01,4,4600,卖盘
1598,11:20:24,11.51,0.01,2,2302,买盘
1599,11:20:18,11.5,--,2,2300,卖盘
1600,11:20:15,11.5,-0.01,4,4600,卖盘
1601,11:20:12,11.51,0.01,73,84023,买盘
1602,11:20:09,11.5,--,73,83950,卖盘
1603,11:20:06,11.5,--,4,4600,卖盘
1604,11:20:03,11.5,--,109,125350,卖盘
1605,11:19:51,11.5,--,5,5750,卖盘
1606,11:19:48,11.5,--,21,24150,卖盘
1607,11:19:45,11.5,--,12,13800,卖盘
1608,11:19:42,11.5,--,1,1150,卖盘
1609,11:19:39,11.5,--,8,9200,卖盘
1610,11:19:36,11.5,-0.01,105,120750,卖盘
1611,11:19:33,11.51,--,7,8057,买盘
1612,11:19:30,11.51,0.01,106,122006,买盘
1613,11:19:27,11.5,--,16,18400,卖盘
1614,11:19:24,11.5,--,100,115000,卖盘
1615,11:19:21,11.5,--,10,11500,卖盘
1616,11:19:18,11.5,0.01,71,81650,买盘
1617,11:19:15,11.49,--,200,229800,卖盘
1618,11:19:06,11.49,-0.01,2,2298,卖盘
1619,11:19:03,11.5,0.01,20,23000,买盘
1620,11:18:48,11.49,-0.01,1,1149,卖盘
1621,11:18:42,11.5,--,21,24150,买盘
1622,11:18:39,11.5,--,8,9200,买盘
1623,11:18:33,11.5,--,80,92000,卖盘
1624,11:18:30,11.5,-0.01,14,16100,卖盘
1625,11:18:27,11.51,0.01,77,88627,买盘
1626,11:18:24,11.5,--,2,2300,卖盘
1627,11:18:21,11.5,--,10,11500,卖盘
1628,11:18:18,11.5,--,4,4600,卖盘
1629,11:18:09,11.5,--,100,115000,卖盘
1630,11:18:06,11.5,--,1,1150,卖盘
1631,11:18:03,11.5,0.01,39,44850,买盘
1632,11:18:00,11.49,--,2,2298,卖盘
1633,11:17:54,11.49,-0.01,4,4596,卖盘
1634,11:17:51,11.5,0.01,6,6900,买盘
1635,11:17:36,11.49,-0.01,4,4596,卖盘
1636,11:17:33,11.5,--,10,11500,卖盘
1637,11:17:30,11.5,-0.01,185,212750,卖盘
1638,11:17:27,11.51,--,15,17265,买盘
1639,11:17:24,11.51,0.01,56,64456,买盘
1640,11:17:21,11.5,-0.01,10,11500,卖盘
1641,11:17:18,11.51,0.01,8,9208,买盘
1642,11:17:09,11.5,--,4,4600,卖盘
1643,11:17:03,11.5,-0.01,70,80500,卖盘
1644,11:16:57,11.51,--,10,11510,买盘
1645,11:16:54,11.51,--,12,13812,买盘
1646,11:16:51,11.51,0.01,24,27624,买盘
1647,11:16:48,11.5,--,75,86250,卖盘
1648,11:16:42,11.5,--,19,21850,卖盘
1649,11:16:36,11.5,-0.01,3,3450,卖盘
1650,11:16:33,11.51,0.01,1,1151,买盘
1651,11:16:30,11.5,-0.01,63,72450,卖盘
1652,11:16:27,11.51,0.01,22,25322,买盘
1653,11:16:24,11.5,--,64,73600,卖盘
1654,11:16:21,11.5,-0.01,287,330050,卖盘
1655,11:16:18,11.51,0.01,13,14963,买盘
1656,11:16:12,11.5,-0.01,5,5750,卖盘
1657,11:16:09,11.51,0.01,14,16114,买盘
1658,11:16:06,11.5,--,1,1150,卖盘
1659,11:16:03,11.5,--,1,1150,卖盘
1660,11:16:00,11.5,--,1,1150,卖盘
1661,11:15:57,11.5,-0.01,2,2300,卖盘
1662,11:15:54,11.51,0.01,26,29926,买盘
1663,11:15:48,11.5,--,56,64400,卖盘
1664,11:15:45,11.5,--,53,60950,卖盘
1665,11:15:36,11.5,--,8,9200,卖盘
1666,11:15:33,11.5,--,30,34500,卖盘
1667,11:15:27,11.5,-0.01,1,1150,卖盘
1668,11:15:24,11.51,--,81,93231,买盘
1669,11:15:21,11.51,0.01,1,1151,买盘
1670,11:15:18,11.5,-0.01,17,19550,卖盘
1671,11:15:15,11.51,0.01,66,75966,买盘
1672,11:15:12,11.5,--,4,4600,卖盘
1673,11:15:09,11.5,--,1,1150,卖盘
1674,11:15:06,11.5,-0.01,202,232300,卖盘
1675,11:15:03,11.51,0.01,2,2302,买盘
1676,11:14:51,11.5,-0.01,5,5750,卖盘
1677,11:14:48,11.51,0.01,4,4604,买盘
1678,11:14:45,11.5,-0.01,558,641700,卖盘
1679,11:14:42,11.51,0.01,13,14963,买盘
1680,11:14:30,11.5,-0.01,79,90850,卖盘
1681,11:14:27,11.51,0.01,43,49493,买盘
1682,11:14:24,11.5,-0.01,82,94300,卖盘
1683,11:14:21,11.51,--,61,70211,买盘
1684,11:14:15,11.51,0.01,4,4604,买盘
1685,11:14:09,11.5,--,172,197800,卖盘
1686,11:14:06,11.5,--,5,5750,卖盘
1687,11:14:03,11.5,--,1,1150,卖盘
1688,11:14:00,11.5,--,44,50600,卖盘
1689,11:13:57,11.5,-0.01,12,13800,卖盘
1690,11:13:54,11.51,--,35,40285,买盘
1691,11:13:51,11.51,--,142,163442,卖盘
1692,11:13:48,11.51,--,231,265881,卖盘
1693,11:13:45,11.51,-0.01,548,630748,卖盘
1694,11:13:42,11.52,0.01,10,11520,买盘
1695,11:13:39,11.51,--,22,25322,卖盘
1696,11:13:36,11.51,--,10,11510,卖盘
1697,11:13:33,11.51,--,47,54097,卖盘
1698,11:13:27,11.51,-0.01,15,17265,卖盘
1699,11:13:24,11.52,0.01,21,24192,买盘
1700,11:13:21,11.51,-0.01,523,601973,卖盘
1701,11:13:18,11.52,--,62,71424,买盘
1702,11:13:15,11.52,0.01,53,61056,买盘
1703,11:13:12,11.51,-0.01,50,57550,卖盘
1704,11:13:09,11.52,0.01,12,13824,买盘
1705,11:13:06,11.51,--,2,2302,卖盘
1706,11:13:03,11.51,--,5,5755,卖盘
1707,11:13:00,11.51,--,213,245163,卖盘
1708,11:12:57,11.51,-0.01,106,122006,卖盘
1709,11:12:54,11.52,--,5,5760,买盘
1710,11:12:51,11.52,0.01,70,80640,买盘
1711,11:12:48,11.51,--,10,11510,卖盘
1712,11:12:45,11.51,-0.01,2,2302,卖盘
1713,11:12:39,11.52,--,16,18432,买盘
1714,11:12:36,11.52,--,10,11520,买盘
1715,11:12:33,11.52,--,63,72576,买盘
1716,11:12:24,11.52,0.01,20,23040,买盘
1717,11:12:21,11.51,-0.01,10,11510,卖盘
1718,11:12:18,11.52,--,92,105984,买盘
1719,11:12:15,11.52,0.01,67,77184,买盘
1720,11:12:09,11.51,--,55,63305,卖盘
1721,11:12:06,11.51,--,1,1151,卖盘
1722,11:12:03,11.51,--,772,888572,买盘
1723,11:12:00,11.51,--,8,9208,买盘
1724,11:11:57,11.51,--,30,34530,买盘
1725,11:11:54,11.51,--,33,37983,买盘
1726,11:11:51,11.51,0.01,80,92080,买盘
1727,11:11:48,11.5,--,923,1061450,卖盘
1728,11:11:42,11.5,-0.01,45,51750,卖盘
1729,11:11:36,11.51,0.01,10,11510,买盘
1730,11:11:33,11.5,--,35,40250,卖盘
1731,11:11:27,11.5,--,10,11500,卖盘
1732,11:11:24,11.5,--,54,62100,卖盘
1733,11:11:21,11.5,--,4,4600,卖盘
1734,11:11:18,11.5,-0.01,6,6900,卖盘
1735,11:11:15,11.51,--,56,64456,买盘
1736,11:11:12,11.51,0.01,20,23020,买盘
1737,11:11:09,11.5,--,22,25300,卖盘
1738,11:11:03,11.5,-0.01,952,1094800,卖盘
1739,11:11:00,11.51,--,193,222143,买盘
1740,11:10:57,11.51,--,66,75966,买盘
1741,11:10:54,11.51,--,110,126610,买盘
1742,11:10:48,11.51,--,8,9208,买盘
1743,11:10:39,11.51,0.01,1,1151,买盘
1744,11:10:36,11.5,--,96,110400,卖盘
1745,11:10:33,11.5,-0.01,18,20700,卖盘
1746,11:10:30,11.51,0.01,15,17265,买盘
1747,11:10:27,11.5,--,1,1150,卖盘
1748,11:10:18,11.5,--,210,241500,买盘
1749,11:10:15,11.5,--,132,151800,买盘
1750,11:10:12,11.5,--,72,82800,买盘
1751,11:10:09,11.5,0.01,34,39100,买盘
1752,11:10:06,11.49,--,9,10341,卖盘
1753,11:10:00,11.49,-0.01,1,1149,卖盘
1754,11:09:54,11.5,--,6,6900,买盘
1755,11:09:51,11.5,--,27,31050,买盘
1756,11:09:42,11.5,--,22,25300,买盘
1757,11:09:27,11.5,0.01,5,5750,买盘
1758,11:09:24,11.49,-0.01,5,5745,卖盘
1759,11:09:18,11.5,-0.01,6,6900,卖盘
1760,11:09:15,11.51,--,1,1151,买盘
1761,11:09:12,11.51,0.01,66,75966,买盘
1762,11:09:09,11.5,--,11,12650,买盘
1763,11:09:06,11.5,--,3,3450,买盘
1764,11:09:03,11.5,--,276,317400,卖盘
1765,11:08:57,11.5,--,116,133400,卖盘
1766,11:08:54,11.5,--,25,28750,卖盘
1767,11:08:51,11.5,--,22,25300,卖盘
1768,11:08:48,11.5,--,280,322000,卖盘
1769,11:08:45,11.5,--,149,171350,卖盘
1770,11:08:42,11.5,--,22,25300,卖盘
1771,11:08:39,11.5,--,35,40250,卖盘
1772,11:08:36,11.5,--,67,77050,卖盘
1773,11:08:33,11.5,--,98,112700,卖盘
1774,11:08:30,11.5,-0.01,33,37950,卖盘
1775,11:08:27,11.51,0.01,34,39134,买盘
1776,11:08:24,11.5,--,23,26450,卖盘
1777,11:08:21,11.5,--,33,37950,卖盘
1778,11:08:18,11.5,--,21,24150,卖盘
1779,11:08:15,11.5,-0.01,57,65550,卖盘
1780,11:08:12,11.51,--,115,132365,买盘
1781,11:08:09,11.51,0.01,35,40285,买盘
1782,11:08:06,11.5,--,59,67850,卖盘
1783,11:08:03,11.5,--,60,69000,卖盘
1784,11:08:00,11.5,--,31,35650,买盘
1785,11:07:48,11.5,--,89,102350,卖盘
1786,11:07:45,11.5,--,22,25300,卖盘
1787,11:07:42,11.5,--,202,232300,卖盘
1788,11:07:39,11.5,--,32,36800,卖盘
1789,11:07:36,11.5,0.02,231,265650,中性盘
1790,11:07:30,11.48,--,68,78064,卖盘
1791,11:07:27,11.48,--,103,118244,卖盘
1792,11:07:24,11.48,-0.02,37,42476,卖盘
1793,11:07:21,11.5,--,42,48300,卖盘
1794,11:07:18,11.5,--,22,25300,卖盘
1795,11:07:15,11.5,--,21,24150,卖盘
1796,11:07:12,11.5,-0.01,33,37950,卖盘
1797,11:07:09,11.51,0.01,84,96684,买盘
1798,11:07:06,11.5,--,107,123050,卖盘
1799,11:07:03,11.5,--,66,75900,卖盘
1800,11:07:00,11.5,--,153,175950,卖盘
1801,11:06:57,11.5,--,25,28750,卖盘
1802,11:06:54,11.5,--,30,34500,卖盘
1803,11:06:51,11.5,--,32,36800,卖盘
1804,11:06:48,11.5,-0.01,23,26450,卖盘
1805,11:06:45,11.51,0.01,74,85174,买盘
1806,11:06:42,11.5,--,52,59800,卖盘
1807,11:06:39,11.5,--,73,83950,卖盘
1808,11:06:36,11.5,--,130,149500,卖盘
1809,11:06:33,11.5,--,58,66700,卖盘
1810,11:06:30,11.5,--,42,48300,卖盘
1811,11:06:27,11.5,--,37,42550,卖盘
1812,11:06:24,11.5,--,307,353050,卖盘
1813,11:06:21,11.5,--,22,25300,卖盘
1814,11:06:18,11.5,--,308,354200,卖盘
1815,11:06:15,11.5,--,112,128800,卖盘
1816,11:06:12,11.5,--,22,25300,卖盘
1817,11:06:09,11.5,--,45,51750,卖盘
1818,11:06:06,11.5,-0.01,22,25300,卖盘
1819,11:06:03,11.51,0.01,97,111647,买盘
1820,11:06:00,11.5,--,22,25300,卖盘
1821,11:05:57,11.5,--,245,281750,卖盘
1822,11:05:54,11.5,--,33,37950,卖盘
1823,11:05:51,11.5,--,41,47150,卖盘
1824,11:05:48,11.5,--,21,24150,卖盘
1825,11:05:45,11.5,--,33,37950,卖盘
1826,11:05:42,11.5,--,22,25300,卖盘
1827,11:05:39,11.5,--,121,139150,卖盘
1828,11:05:36,11.5,--,35,40250,卖盘
1829,11:05:33,11.5,--,22,25300,卖盘
1830,11:05:30,11.5,--,84,96600,卖盘
1831,11:05:27,11.5,--,33,37950,卖盘
1832,11:05:24,11.5,--,27,31050,卖盘
1833,11:05:21,11.5,--,21,24150,卖盘
1834,11:05:18,11.5,--,47,54050,卖盘
1835,11:05:15,11.5,0.02,927,1066050,买盘
1836,11:05:12,11.48,-0.01,1501,1723148,卖盘
1837,11:05:09,11.49,0.01,38,43662,买盘
1838,11:05:06,11.48,--,23,26404,卖盘
1839,11:05:03,11.48,--,98,112504,卖盘
1840,11:05:00,11.48,--,40,45920,卖盘
1841,11:04:57,11.48,--,33,37884,卖盘
1842,11:04:54,11.48,--,31,35588,卖盘
1843,11:04:51,11.48,--,24,27552,卖盘
1844,11:04:48,11.48,--,27,30996,卖盘
1845,11:04:45,11.48,--,52,59696,卖盘
1846,11:04:42,11.48,--,22,25256,卖盘
1847,11:04:39,11.48,--,22,25256,卖盘
1848,11:04:36,11.48,--,42,48216,卖盘
1849,11:04:33,11.48,--,27,30996,卖盘
1850,11:04:30,11.48,--,34,39032,卖盘
1851,11:04:27,11.48,--,32,36736,卖盘
1852,11:04:24,11.48,--,26,29848,卖盘
1853,11:04:21,11.48,--,23,26404,卖盘
1854,11:04:18,11.48,--,32,36736,卖盘
1855,11:04:15,11.48,--,22,25256,卖盘
1856,11:04:12,11.48,--,22,25256,卖盘
1857,11:04:09,11.48,-0.01,21,24108,卖盘
1858,11:04:06,11.49,--,5,5745,买盘
1859,11:04:03,11.49,--,75,86175,买盘
1860,11:04:00,11.49,--,37,42513,卖盘
1861,11:03:57,11.49,--,61,70089,卖盘
1862,11:03:54,11.49,--,22,25278,卖盘
1863,11:03:51,11.49,--,21,24129,卖盘
1864,11:03:48,11.49,--,16,18384,买盘
1865,11:03:39,11.49,--,17,19533,卖盘
1866,11:03:36,11.49,--,43,49407,卖盘
1867,11:03:33,11.49,--,21,24129,卖盘
1868,11:03:30,11.49,--,222,255078,卖盘
1869,11:03:27,11.49,--,22,25278,卖盘
1870,11:03:24,11.49,-0.01,37,42513,卖盘
1871,11:03:21,11.5,0.01,71,81650,买盘
1872,11:03:18,11.49,--,42,48258,卖盘
1873,11:03:15,11.49,--,32,36768,卖盘
1874,11:03:12,11.49,--,88,101112,卖盘
1875,11:03:09,11.49,--,22,25278,卖盘
1876,11:03:06,11.49,--,232,266568,卖盘
1877,11:03:03,11.49,--,28,32172,卖盘
1878,11:03:00,11.49,--,77,88473,卖盘
1879,11:02:57,11.49,-0.01,66,75834,卖盘
1880,11:02:54,11.5,--,30,34500,买盘
1881,11:02:51,11.5,0.01,122,140300,买盘
1882,11:02:48,11.49,--,32,36768,卖盘
1883,11:02:45,11.49,--,43,49407,卖盘
1884,11:02:42,11.49,--,22,25278,卖盘
1885,11:02:39,11.49,--,32,36768,卖盘
1886,11:02:36,11.49,--,22,25278,卖盘
1887,11:02:33,11.49,--,22,25278,卖盘
1888,11:02:30,11.49,--,37,42513,卖盘
1889,11:02:27,11.49,--,58,66642,卖盘
1890,11:02:24,11.49,--,391,449259,买盘
1891,11:02:21,11.49,--,31,35619,买盘
1892,11:02:12,11.49,-0.01,15,17235,中性盘
1893,11:02:09,11.5,--,37,42550,卖盘
1894,11:02:06,11.5,--,259,297850,卖盘
1895,11:02:03,11.5,0.01,732,841800,买盘
1896,11:02:00,11.49,--,64,73536,买盘
1897,11:01:57,11.49,0.01,2,2298,买盘
1898,11:01:54,11.48,-0.01,3,3444,卖盘
1899,11:01:45,11.49,--,51,58599,买盘
1900,11:01:42,11.49,--,29,33321,买盘
1901,11:01:33,11.49,--,5,5745,买盘
1902,11:01:30,11.49,--,6,6894,买盘
1903,11:01:27,11.49,--,24,27576,买盘
1904,11:01:24,11.49,0.01,19,21831,买盘
1905,11:01:18,11.48,--,27,30996,卖盘
1906,11:01:12,11.48,-0.01,37,42476,卖盘
1907,11:01:09,11.49,--,20,22980,买盘
1908,11:01:06,11.49,--,20,22980,买盘
1909,11:01:03,11.49,--,1,1149,买盘
1910,11:01:00,11.49,--,10,11490,买盘
1911,11:00:57,11.49,--,65,74685,买盘
1912,11:00:51,11.49,--,155,178095,买盘
1913,11:00:45,11.49,--,23,26427,买盘
1914,11:00:42,11.49,--,79,90771,卖盘
1915,11:00:39,11.49,-0.01,16,18384,卖盘
1916,11:00:36,11.5,--,8,9200,卖盘
1917,11:00:33,11.5,--,11,12650,卖盘
1918,11:00:30,11.5,0.02,48,55200,买盘
1919,11:00:27,11.48,-0.01,4,4592,卖盘
1920,11:00:24,11.49,-0.01,35,40215,卖盘
1921,11:00:21,11.5,--,5,5750,买盘
1922,11:00:18,11.5,--,11,12650,卖盘
1923,11:00:15,11.5,-0.01,19,21850,卖盘
1924,11:00:12,11.51,0.01,258,296958,买盘
1925,11:00:09,11.5,--,115,132250,卖盘
1926,11:00:06,11.5,-0.01,58,66700,卖盘
1927,11:00:03,11.51,0.01,27,31077,买盘
1928,11:00:00,11.5,--,100,115000,卖盘
1929,10:59:57,11.5,--,93,106950,卖盘
1930,10:59:54,11.5,--,11,12650,卖盘
1931,10:59:51,11.5,0.01,1511,1737650,买盘
1932,10:59:48,11.49,--,23,26427,买盘
1933,10:59:45,11.49,0.01,10,11490,买盘
1934,10:59:39,11.48,--,30,34440,卖盘
1935,10:59:36,11.48,--,7,8036,卖盘
1936,10:59:33,11.48,--,17,19516,卖盘
1937,10:59:30,11.48,--,313,359324,卖盘
1938,10:59:27,11.48,0.01,18,20664,买盘
1939,10:59:24,11.47,-0.01,223,255781,卖盘
1940,10:59:21,11.48,--,40,45920,卖盘
1941,10:59:18,11.48,-0.01,15,17220,卖盘
1942,10:59:15,11.49,--,19,21831,买盘
1943,10:59:12,11.49,--,63,72387,买盘
1944,10:59:00,11.49,--,2,2298,买盘
1945,10:58:57,11.49,--,13,14937,买盘
1946,10:58:54,11.49,--,71,81579,买盘
1947,10:58:51,11.49,0.02,28,32172,买盘
1948,10:58:48,11.47,-0.01,187,214489,卖盘
1949,10:58:45,11.48,--,22,25256,买盘
1950,10:58:42,11.48,--,8,9184,买盘
1951,10:58:39,11.48,--,23,26404,买盘
1952,10:58:36,11.48,0.01,245,281260,买盘
1953,10:58:33,11.47,-0.01,141,161727,卖盘
1954,10:58:30,11.48,--,13,14924,买盘
1955,10:58:27,11.48,0.01,68,78064,买盘
1956,10:58:24,11.47,-0.01,3,3441,卖盘
1957,10:58:21,11.48,--,6,6888,买盘
1958,10:58:18,11.48,0.01,17,19516,买盘
1959,10:58:15,11.47,-0.01,11,12617,卖盘
1960,10:58:12,11.48,--,20,22960,买盘
1961,10:58:09,11.48,--,30,34440,买盘
1962,10:58:06,11.48,--,35,40180,买盘
1963,10:58:03,11.48,--,20,22960,卖盘
1964,10:58:00,11.48,--,2,2296,卖盘
1965,10:57:54,11.48,--,8,9184,中性盘
1966,10:57:51,11.48,--,577,662396,卖盘
1967,10:57:48,11.48,--,151,173348,卖盘
1968,10:57:45,11.48,--,309,354732,买盘
1969,10:57:39,11.48,0.01,151,173348,买盘
1970,10:57:36,11.47,-0.01,5,5735,卖盘
1971,10:57:33,11.48,--,5,5740,买盘
1972,10:57:30,11.48,0.01,3,3444,买盘
1973,10:57:24,11.47,-0.01,668,766196,卖盘
1974,10:57:21,11.48,0.01,2,2296,买盘
1975,10:57:18,11.47,-0.01,5,5735,卖盘
1976,10:57:09,11.48,--,1,1148,买盘
1977,10:57:06,11.48,0.01,7,8036,买盘
1978,10:57:03,11.47,--,12,13764,卖盘
1979,10:56:54,11.47,-0.01,8,9176,卖盘
1980,10:56:51,11.48,0.01,56,64288,买盘
1981,10:56:42,11.47,--,602,690494,卖盘
1982,10:56:39,11.47,-0.01,30,34410,卖盘
1983,10:56:33,11.48,0.01,56,64288,买盘
1984,10:56:27,11.47,--,3,3441,卖盘
1985,10:56:21,11.47,-0.01,3,3441,卖盘
1986,10:56:18,11.48,0.01,13,14924,买盘
1987,10:56:15,11.47,--,3,3441,卖盘
1988,10:56:06,11.47,-0.01,20,22940,卖盘
1989,10:55:57,11.48,0.01,20,22960,买盘
1990,10:55:54,11.47,-0.01,16,18352,卖盘
1991,10:55:51,11.48,0.01,1,1148,买盘
1992,10:55:48,11.47,--,66,75702,卖盘
1993,10:55:45,11.47,-0.01,158,181226,卖盘
1994,10:55:42,11.48,--,492,564816,卖盘
1995,10:55:39,11.48,0.01,408,468384,买盘
1996,10:55:27,11.47,--,17,19499,卖盘
1997,10:55:24,11.47,--,1,1147,卖盘
1998,10:55:21,11.47,--,34,38998,卖盘
1999,10:55:18,11.47,-0.01,207,237429,卖盘
2000,10:55:15,11.48,--,529,607292,卖盘
2001,10:55:12,11.48,--,471,540708,买盘
2002,10:55:09,11.48,--,3,3444,买盘
2003,10:55:06,11.48,--,7,8036,买盘
2004,10:54:57,11.48,-0.01,22,25256,中性盘
2005,10:54:48,11.49,0.02,61,70089,买盘
2006,10:54:45,11.47,--,776,890072,卖盘
2007,10:54:39,11.47,-0.01,92,105524,卖盘
2008,10:54:36,11.48,0.01,10,11480,买盘
2009,10:54:33,11.47,--,67,76849,卖盘
2010,10:54:30,11.47,--,74,84878,卖盘
2011,10:54:27,11.47,-0.01,53,60791,卖盘
2012,10:54:24,11.48,--,435,499380,卖盘
2013,10:54:18,11.48,--,25,28700,卖盘
2014,10:54:15,11.48,-0.01,19,21812,卖盘
2015,10:54:12,11.49,0.01,83,95367,中性盘
2016,10:54:03,11.48,-0.01,512,587776,卖盘
2017,10:54:00,11.49,0.01,24,27576,买盘
2018,10:53:57,11.48,-0.01,23,26404,卖盘
2019,10:53:54,11.49,0.01,4,4596,买盘
2020,10:53:51,11.48,-0.01,19,21812,卖盘
2021,10:53:48,11.49,0.01,74,85026,买盘
2022,10:53:42,11.48,--,13,14924,卖盘
2023,10:53:33,11.48,--,19,21812,卖盘
2024,10:53:27,11.48,--,1,1148,卖盘
2025,10:53:24,11.48,--,1,1148,卖盘
2026,10:53:18,11.48,--,1,1148,卖盘
2027,10:53:12,11.48,--,3,3444,卖盘
2028,10:53:06,11.48,-0.01,28,32144,卖盘
2029,10:53:03,11.49,-0.01,2,2298,中性盘
2030,10:52:57,11.5,0.01,1154,1327100,买盘
2031,10:52:54,11.49,--,28,32172,买盘
2032,10:52:48,11.49,0.01,81,93069,买盘
2033,10:52:45,11.48,--,396,454608,买盘
2034,10:52:42,11.48,0.02,61,70028,买盘
2035,10:52:33,11.46,-0.02,10,11460,卖盘
2036,10:52:30,11.48,0.02,28,32144,买盘
2037,10:52:27,11.46,--,1,1146,卖盘
2038,10:52:24,11.46,--,96,110016,卖盘
2039,10:52:21,11.46,--,195,223470,卖盘
2040,10:52:18,11.46,-0.01,24,27504,卖盘
2041,10:52:15,11.47,--,5,5735,买盘
2042,10:52:12,11.47,0.01,3,3441,买盘
2043,10:52:09,11.46,--,24,27504,卖盘
2044,10:52:06,11.46,--,11,12606,卖盘
2045,10:52:03,11.46,--,1,1146,卖盘
2046,10:51:57,11.46,--,5,5730,卖盘
2047,10:51:48,11.46,--,199,228054,卖盘
2048,10:51:45,11.46,--,13,14898,卖盘
2049,10:51:42,11.46,--,99,113454,卖盘
2050,10:51:39,11.46,-0.01,26,29796,卖盘
2051,10:51:36,11.47,0.01,30,34410,买盘
2052,10:51:33,11.46,--,75,85950,卖盘
2053,10:51:27,11.46,--,1,1146,卖盘
2054,10:51:24,11.46,--,153,175338,卖盘
2055,10:51:18,11.46,--,3,3438,卖盘
2056,10:51:15,11.46,--,1,1146,卖盘
2057,10:51:09,11.46,-0.02,99,113454,卖盘
2058,10:51:06,11.48,-0.01,2,2296,卖盘
2059,10:51:03,11.49,0.03,641,736509,买盘
2060,10:51:00,11.46,-0.01,132,151272,卖盘
2061,10:50:57,11.47,--,22,25234,卖盘
2062,10:50:51,11.47,--,13,14911,买盘
2063,10:50:48,11.47,--,51,58497,卖盘
2064,10:50:45,11.47,--,10,11470,卖盘
2065,10:50:42,11.47,-0.02,2,2294,卖盘
2066,10:50:39,11.49,0.02,63,72387,买盘
2067,10:50:30,11.47,--,42,48174,买盘
2068,10:50:27,11.47,--,10,11470,买盘
2069,10:50:21,11.47,--,25,28675,买盘
2070,10:50:18,11.47,--,1,1147,买盘
2071,10:50:15,11.47,--,1,1147,买盘
2072,10:50:12,11.47,--,8,9176,买盘
2073,10:50:09,11.47,-0.02,182,208754,卖盘
2074,10:50:06,11.49,0.01,229,263121,买盘
2075,10:50:03,11.48,0.01,4,4592,买盘
2076,10:50:00,11.47,--,4,4588,卖盘
2077,10:49:54,11.47,--,93,106671,卖盘
2078,10:49:51,11.47,-0.01,2,2294,卖盘
2079,10:49:48,11.48,0.01,10,11480,买盘
2080,10:49:45,11.47,--,1,1147,卖盘
2081,10:49:42,11.47,-0.01,31,35557,卖盘
2082,10:49:39,11.48,--,111,127428,买盘
2083,10:49:36,11.48,0.01,15,17220,买盘
2084,10:49:33,11.47,-0.01,147,168609,卖盘
2085,10:49:27,11.48,--,1,1148,卖盘
2086,10:49:24,11.48,-0.01,38,43624,卖盘
2087,10:49:21,11.49,0.01,103,118347,买盘
2088,10:49:18,11.48,-0.01,3,3444,卖盘
2089,10:49:15,11.49,0.01,1,1149,买盘
2090,10:49:12,11.48,-0.01,2,2296,卖盘
2091,10:49:09,11.49,0.01,30,34470,买盘
2092,10:49:03,11.48,-0.01,50,57400,卖盘
2093,10:48:57,11.49,0.01,1,1149,中性盘
2094,10:48:51,11.48,-0.02,10,11480,卖盘
2095,10:48:48,11.5,0.01,10,11500,买盘
2096,10:48:45,11.49,-0.01,1,1149,中性盘
2097,10:48:36,11.5,--,86,98900,买盘
2098,10:48:33,11.5,0.02,3,3450,买盘
2099,10:48:30,11.48,--,74,84952,卖盘
2100,10:48:24,11.48,-0.02,2,2296,卖盘
2101,10:48:18,11.5,--,18,20700,买盘
2102,10:48:15,11.5,-0.01,5,5750,中性盘
2103,10:48:09,11.51,--,77,88627,买盘
2104,10:48:06,11.51,0.01,63,72513,买盘
2105,10:48:03,11.5,-0.01,2,2300,卖盘
2106,10:48:00,11.51,0.01,12,13812,买盘
2107,10:47:57,11.5,--,10,11500,卖盘
2108,10:47:54,11.5,--,4,4600,卖盘
2109,10:47:51,11.5,--,30,34500,卖盘
2110,10:47:48,11.5,--,6,6900,卖盘
2111,10:47:45,11.5,-0.01,24,27600,卖盘
2112,10:47:39,11.51,0.01,1,1151,买盘
2113,10:47:36,11.5,-0.01,10,11500,卖盘
2114,10:47:33,11.51,--,263,302713,买盘
2115,10:47:30,11.51,0.01,28,32228,买盘
2116,10:47:27,11.5,--,51,58650,卖盘
2117,10:47:24,11.5,--,6,6900,卖盘
2118,10:47:21,11.5,--,1,1150,卖盘
2119,10:47:12,11.5,--,36,41400,卖盘
2120,10:47:09,11.5,--,21,24150,卖盘
2121,10:47:06,11.5,--,293,336950,卖盘
2122,10:47:03,11.5,--,48,55200,卖盘
2123,10:46:57,11.5,--,330,379500,卖盘
2124,10:46:54,11.5,--,116,133400,卖盘
2125,10:46:51,11.5,--,32,36800,卖盘
2126,10:46:48,11.5,--,10,11500,卖盘
2127,10:46:45,11.5,-0.01,12,13800,卖盘
2128,10:46:36,11.51,--,9,10359,买盘
2129,10:46:33,11.51,--,2,2302,买盘
2130,10:46:30,11.51,0.01,59,67909,买盘
2131,10:46:27,11.5,-0.01,2,2300,卖盘
2132,10:46:24,11.51,--,112,128912,买盘
2133,10:46:21,11.51,--,12,13812,买盘
2134,10:46:18,11.51,--,110,126610,买盘
2135,10:46:09,11.51,--,104,119704,买盘
2136,10:46:06,11.51,0.01,45,51795,买盘
2137,10:46:03,11.5,-0.01,72,82800,卖盘
2138,10:46:00,11.51,0.01,84,96684,买盘
2139,10:45:57,11.5,--,55,63250,卖盘
2140,10:45:54,11.5,-0.01,150,172500,卖盘
2141,10:45:48,11.51,0.01,8,9208,买盘
2142,10:45:42,11.5,-0.01,194,223100,卖盘
2143,10:45:39,11.51,--,1,1151,买盘
2144,10:45:36,11.51,--,15,17265,买盘
2145,10:45:30,11.51,--,76,87476,买盘
2146,10:45:27,11.51,0.01,51,58701,买盘
2147,10:45:24,11.5,--,20,23000,卖盘
2148,10:45:21,11.5,--,102,117300,卖盘
2149,10:45:09,11.5,-0.01,80,92000,卖盘
2150,10:45:06,11.51,--,5,5755,买盘
2151,10:45:03,11.51,--,271,311921,买盘
2152,10:45:00,11.51,--,106,122006,买盘
2153,10:44:57,11.51,--,1,1151,买盘
2154,10:44:54,11.51,--,26,30846,卖盘
2155,10:44:51,11.51,--,2,2302,卖盘
2156,10:44:48,11.51,-0.01,39,44889,卖盘
2157,10:44:45,11.52,--,51,58752,买盘
2158,10:44:42,11.52,0.01,50,57600,买盘
2159,10:44:39,11.51,--,264,303864,卖盘
2160,10:44:36,11.51,--,40,46040,卖盘
2161,10:44:33,11.51,-0.01,22,25322,卖盘
2162,10:44:30,11.52,--,26,29952,买盘
2163,10:44:27,11.52,0.01,74,85248,买盘
2164,10:44:24,11.51,--,35,40285,卖盘
2165,10:44:21,11.51,--,17,19567,卖盘
2166,10:44:18,11.51,--,9,10359,卖盘
2167,10:44:15,11.51,--,50,57550,卖盘
2168,10:44:12,11.51,--,30,34530,卖盘
2169,10:44:09,11.51,--,200,230200,卖盘
2170,10:44:06,11.51,--,1,1151,卖盘
2171,10:44:03,11.51,--,11,12661,卖盘
2172,10:44:00,11.51,0.01,425,489405,买盘
2173,10:43:54,11.5,-0.01,240,276000,卖盘
2174,10:43:51,11.51,0.01,1,1151,买盘
2175,10:43:45,11.5,--,39,44850,卖盘
2176,10:43:42,11.5,-0.01,100,115000,卖盘
2177,10:43:39,11.51,--,5,5755,买盘
2178,10:43:36,11.51,0.01,10,11510,买盘
2179,10:43:30,11.5,--,6,6900,卖盘
2180,10:43:27,11.5,-0.01,192,220800,卖盘
2181,10:43:24,11.51,0.01,204,234804,买盘
2182,10:43:21,11.5,-0.01,8,9200,卖盘
2183,10:43:18,11.51,0.01,40,46040,买盘
2184,10:43:15,11.5,-0.01,3,3450,卖盘
2185,10:43:12,11.51,--,2,2302,买盘
2186,10:43:09,11.51,--,19,21869,买盘
2187,10:43:06,11.51,--,50,57550,买盘
2188,10:43:03,11.51,--,869,1000219,买盘
2189,10:43:00,11.51,--,23,26473,买盘
2190,10:42:57,11.51,--,21,24171,买盘
2191,10:42:54,11.51,0.01,6,6906,买盘
2192,10:42:51,11.5,-0.01,210,241500,卖盘
2193,10:42:48,11.51,0.01,841,967991,买盘
2194,10:42:45,11.5,--,8,9200,卖盘
2195,10:42:42,11.5,-0.01,5,5750,卖盘
2196,10:42:39,11.51,0.01,341,392491,买盘
2197,10:42:36,11.5,--,8,9200,卖盘
2198,10:42:33,11.5,-0.01,10,11500,卖盘
2199,10:42:30,11.51,--,1,1151,买盘
2200,10:42:27,11.51,--,60,69060,买盘
2201,10:42:24,11.51,0.01,355,408605,买盘
2202,10:42:21,11.5,--,50,57500,卖盘
2203,10:42:18,11.5,--,10,11500,卖盘
2204,10:42:15,11.5,--,1329,1528350,卖盘
2205,10:42:03,11.5,--,7,8050,卖盘
2206,10:42:00,11.5,--,196,225400,卖盘
2207,10:41:57,11.5,--,5,5750,卖盘
2208,10:41:51,11.5,--,12,13800,卖盘
2209,10:41:48,11.5,--,29,33350,卖盘
2210,10:41:45,11.5,--,80,92000,卖盘
2211,10:41:42,11.5,--,117,134550,买盘
2212,10:41:39,11.5,-0.01,1,1150,买盘
2213,10:41:36,11.51,0.01,471,542121,买盘
2214,10:41:33,11.5,-0.01,944,1085600,卖盘
2215,10:41:27,11.51,0.01,105,120855,买盘
2216,10:41:24,11.5,--,1,1150,卖盘
2217,10:41:21,11.5,--,10,11500,卖盘
2218,10:41:18,11.5,--,14,16100,卖盘
2219,10:41:12,11.5,--,8,9200,卖盘
2220,10:41:09,11.5,--,319,366850,买盘
2221,10:41:06,11.5,--,5,5750,买盘
2222,10:41:03,11.5,0.02,44,50600,买盘
2223,10:40:54,11.48,-0.02,126,144648,卖盘
2224,10:40:48,11.5,--,67,77050,卖盘
2225,10:40:45,11.5,--,3,3450,卖盘
2226,10:40:42,11.5,--,173,198950,卖盘
2227,10:40:39,11.5,-0.01,1,1150,卖盘
2228,10:40:36,11.51,--,115,132365,买盘
2229,10:40:33,11.51,0.01,128,147328,买盘
2230,10:40:30,11.5,--,78,89700,卖盘
2231,10:40:27,11.5,--,3,3450,卖盘
2232,10:40:24,11.5,--,664,763600,买盘
2233,10:40:18,11.5,0.01,36,41400,买盘
2234,10:40:15,11.49,--,172,197628,卖盘
2235,10:40:12,11.49,-0.01,85,97665,卖盘
2236,10:40:09,11.5,0.01,49,56350,买盘
2237,10:40:06,11.49,--,45,51705,卖盘
2238,10:40:03,11.49,--,28,32172,卖盘
2239,10:39:57,11.49,--,7,8043,买盘
2240,10:39:54,11.49,0.01,11,12639,买盘
2241,10:39:45,11.48,-0.02,6,6888,中性盘
2242,10:39:42,11.5,--,90,103500,买盘
2243,10:39:39,11.5,0.03,28,32200,买盘
2244,10:39:33,11.47,-0.01,44,50468,卖盘
2245,10:39:30,11.48,--,4,4592,买盘
2246,10:39:27,11.48,-0.02,1,1148,买盘
2247,10:39:24,11.5,0.02,1000,1150000,买盘
2248,10:39:21,11.48,0.02,68,78064,买盘
2249,10:39:18,11.46,-0.02,110,126060,卖盘
2250,10:39:15,11.48,--,27,30996,买盘
2251,10:39:12,11.48,0.01,27,30996,买盘
2252,10:39:09,11.47,0.01,29,33263,买盘
2253,10:39:03,11.46,--,2,2292,卖盘
2254,10:39:00,11.46,-0.01,1,1146,卖盘
2255,10:38:54,11.47,-0.01,361,414067,卖盘
2256,10:38:51,11.48,-0.01,16,18368,买盘
2257,10:38:48,11.49,--,7,8043,买盘
2258,10:38:45,11.49,--,27,31023,买盘
2259,10:38:42,11.49,0.01,38,43662,买盘
2260,10:38:39,11.48,--,86,98728,买盘
2261,10:38:36,11.48,--,10,11480,买盘
2262,10:38:33,11.48,-0.02,90,103320,卖盘
2263,10:38:18,11.5,--,57,65550,买盘
2264,10:38:12,11.5,--,16,18400,卖盘
2265,10:38:09,11.5,--,300,345000,卖盘
2266,10:38:06,11.5,-0.01,500,575000,卖盘
2267,10:38:03,11.51,0.01,32,36832,买盘
2268,10:37:57,11.5,--,30,34500,卖盘
2269,10:37:54,11.5,0.04,173,198950,买盘
2270,10:37:48,11.46,-0.02,3,3438,卖盘
2271,10:37:42,11.48,--,68,78064,卖盘
2272,10:37:39,11.48,0.02,60,68880,买盘
2273,10:37:33,11.46,--,11,12606,卖盘
2274,10:37:30,11.46,--,2003,2295438,卖盘
2275,10:37:27,11.46,--,1,1146,卖盘
2276,10:37:24,11.46,-0.01,63,72198,卖盘
2277,10:37:21,11.47,0.01,25,28675,买盘
2278,10:37:18,11.46,--,5,5730,卖盘
2279,10:37:15,11.46,-0.01,10,11460,卖盘
2280,10:37:12,11.47,0.01,30,34410,买盘
2281,10:37:03,11.46,--,82,93972,卖盘
2282,10:37:00,11.46,--,10,11460,卖盘
2283,10:36:57,11.46,--,10,11460,卖盘
2284,10:36:54,11.46,-0.01,3,3438,卖盘
2285,10:36:51,11.47,0.01,22,25234,买盘
2286,10:36:48,11.46,--,1,1146,卖盘
2287,10:36:45,11.46,--,4,4584,卖盘
2288,10:36:42,11.46,--,121,138666,卖盘
2289,10:36:39,11.46,--,14,16066,卖盘
2290,10:36:36,11.46,-0.01,315,360990,卖盘
2291,10:36:33,11.47,-0.01,103,118141,中性盘
2292,10:36:30,11.48,0.01,10,11480,买盘
2293,10:36:27,11.47,--,5,5735,买盘
2294,10:36:24,11.47,--,45,51615,卖盘
2295,10:36:21,11.47,--,3,3441,卖盘
2296,10:36:15,11.47,--,10,11470,卖盘
2297,10:36:12,11.47,--,24,27528,卖盘
2298,10:36:09,11.47,--,17,19499,买盘
2299,10:36:03,11.47,0.01,7,8029,买盘
2300,10:35:57,11.46,-0.01,9,10314,卖盘
2301,10:35:54,11.47,--,5,5735,买盘
2302,10:35:51,11.47,--,82,94054,卖盘
2303,10:35:48,11.47,--,74,84878,卖盘
2304,10:35:42,11.47,--,30,34410,卖盘
2305,10:35:39,11.47,-0.01,12,13764,卖盘
2306,10:35:36,11.48,0.01,123,141204,买盘
2307,10:35:33,11.47,--,273,313131,买盘
2308,10:35:27,11.47,--,1,1147,买盘
2309,10:35:21,11.47,--,14,16058,买盘
2310,10:35:12,11.47,0.01,37,42439,买盘
2311,10:35:09,11.46,-0.01,323,370158,卖盘
2312,10:35:06,11.47,--,179,205313,卖盘
2313,10:35:03,11.47,--,37,42439,卖盘
2314,10:35:00,11.47,--,65,74555,卖盘
2315,10:34:57,11.47,--,60,68820,卖盘
2316,10:34:54,11.47,-0.01,6,6882,卖盘
2317,10:34:51,11.48,--,39,45897,卖盘
2318,10:34:48,11.48,--,35,40180,卖盘
2319,10:34:45,11.48,--,64,73472,卖盘
2320,10:34:42,11.48,--,28,32144,卖盘
2321,10:34:39,11.48,--,124,142352,卖盘
2322,10:34:36,11.48,--,116,133168,卖盘
2323,10:34:30,11.48,--,92,105616,卖盘
2324,10:34:27,11.48,--,59,67732,卖盘
2325,10:34:24,11.48,--,80,91840,卖盘
2326,10:34:21,11.48,--,83,95284,卖盘
2327,10:34:15,11.48,--,73,83804,卖盘
2328,10:34:12,11.48,--,40,45920,卖盘
2329,10:34:09,11.48,--,60,68880,卖盘
2330,10:34:06,11.48,--,70,80360,卖盘
2331,10:34:03,11.48,--,1,1148,卖盘
2332,10:34:00,11.48,-0.01,60,68880,卖盘
2333,10:33:57,11.49,--,34,39066,买盘
2334,10:33:54,11.49,0.01,80,91920,中性盘
2335,10:33:51,11.48,-0.02,62,71176,卖盘
2336,10:33:48,11.5,0.01,11,12650,买盘
2337,10:33:45,11.49,--,60,68940,卖盘
2338,10:33:42,11.49,--,15,17235,卖盘
2339,10:33:39,11.49,--,67,76983,卖盘
2340,10:33:36,11.49,--,70,80430,卖盘
2341,10:33:33,11.49,--,4,4596,卖盘
2342,10:33:30,11.49,--,87,99963,卖盘
2343,10:33:27,11.49,-0.01,14,16086,卖盘
2344,10:33:24,11.5,0.01,84,96600,买盘
2345,10:33:15,11.49,-0.01,4,4596,卖盘
2346,10:33:12,11.5,0.01,42,48300,买盘
2347,10:33:09,11.49,--,5,5745,卖盘
2348,10:33:06,11.49,--,12,13788,卖盘
2349,10:33:03,11.49,-0.01,102,117198,卖盘
2350,10:32:51,11.5,--,14,16100,买盘
2351,10:32:48,11.5,--,15,17250,买盘
2352,10:32:45,11.5,--,25,28750,买盘
2353,10:32:39,11.5,--,3,3450,买盘
2354,10:32:36,11.5,-0.01,10,11500,中性盘
2355,10:32:30,11.51,0.01,125,144795,买盘
2356,10:32:27,11.5,--,202,232300,卖盘
2357,10:32:24,11.5,--,20,23000,卖盘
2358,10:32:21,11.5,--,54,62100,卖盘
2359,10:32:18,11.5,--,1,1150,卖盘
2360,10:32:15,11.5,--,20,23000,卖盘
2361,10:32:12,11.5,-0.01,3,3450,卖盘
2362,10:32:03,11.51,--,1,1151,买盘
2363,10:31:57,11.51,0.01,107,123157,买盘
2364,10:31:54,11.5,--,49,56350,卖盘
2365,10:31:48,11.5,--,11,12650,卖盘
2366,10:31:45,11.5,--,22,25300,卖盘
2367,10:31:42,11.5,--,97,111550,卖盘
2368,10:31:39,11.5,--,52,59800,卖盘
2369,10:31:36,11.5,--,32,36800,卖盘
2370,10:31:33,11.5,--,35,40250,卖盘
2371,10:31:30,11.5,--,130,149500,卖盘
2372,10:31:27,11.5,--,15,17250,卖盘
2373,10:31:24,11.5,--,12,13800,卖盘
2374,10:31:21,11.5,--,25,28750,卖盘
2375,10:31:18,11.5,--,2,2300,卖盘
2376,10:31:15,11.5,--,14,16100,卖盘
2377,10:31:12,11.5,--,23,26450,卖盘
2378,10:31:09,11.5,--,58,66700,卖盘
2379,10:31:06,11.5,--,105,120750,卖盘
2380,10:31:03,11.5,--,1,1150,卖盘
2381,10:31:00,11.5,--,1,1150,卖盘
2382,10:30:57,11.5,--,31,35650,卖盘
2383,10:30:51,11.5,-0.01,26,29900,卖盘
2384,10:30:48,11.51,--,86,98986,买盘
2385,10:30:45,11.51,0.01,115,132365,买盘
2386,10:30:42,11.5,--,38,43700,卖盘
2387,10:30:39,11.5,-0.01,37,42550,卖盘
2388,10:30:36,11.51,0.01,234,269334,买盘
2389,10:30:33,11.5,-0.01,1,1150,卖盘
2390,10:30:30,11.51,0.01,5,5755,买盘
2391,10:30:27,11.5,--,31,35650,卖盘
2392,10:30:24,11.5,--,37,42550,卖盘
2393,10:30:21,11.5,-0.01,20,23000,卖盘
2394,10:30:18,11.51,--,45,51795,买盘
2395,10:30:15,11.51,--,10,11510,买盘
2396,10:30:12,11.51,0.01,5,5755,买盘
2397,10:30:09,11.5,--,86,98900,卖盘
2398,10:30:06,11.5,--,8,9200,卖盘
2399,10:30:03,11.5,--,45,51750,卖盘
2400,10:30:00,11.5,-0.01,16,18400,卖盘
2401,10:29:57,11.51,0.01,11,12661,买盘
2402,10:29:54,11.5,--,206,236900,卖盘
2403,10:29:51,11.5,--,10,11500,卖盘
2404,10:29:48,11.5,--,238,273700,卖盘
2405,10:29:45,11.5,--,25,28750,卖盘
2406,10:29:42,11.5,--,13,14950,卖盘
2407,10:29:39,11.5,--,31,35650,卖盘
2408,10:29:33,11.5,--,5,5750,卖盘
2409,10:29:30,11.5,--,76,87400,卖盘
2410,10:29:27,11.5,--,24,27600,卖盘
2411,10:29:24,11.5,--,6,6900,卖盘
2412,10:29:21,11.5,--,22,25300,卖盘
2413,10:29:18,11.5,-0.01,15,17250,卖盘
2414,10:29:15,11.51,0.01,35,40285,买盘
2415,10:29:12,11.5,--,150,172500,卖盘
2416,10:29:09,11.5,--,48,55200,卖盘
2417,10:29:06,11.5,--,10,11500,卖盘
2418,10:29:03,11.5,--,23,26450,卖盘
2419,10:29:00,11.5,--,53,60950,卖盘
2420,10:28:57,11.5,--,30,34500,卖盘
2421,10:28:54,11.5,--,17,19550,卖盘
2422,10:28:51,11.5,--,132,151800,卖盘
2423,10:28:48,11.5,-0.01,3,3450,卖盘
2424,10:28:45,11.51,0.01,9,10359,买盘
2425,10:28:42,11.5,--,153,175950,卖盘
2426,10:28:39,11.5,--,9,10350,卖盘
2427,10:28:36,11.5,--,90,103500,卖盘
2428,10:28:33,11.5,--,151,173650,卖盘
2429,10:28:30,11.5,--,27,31050,卖盘
2430,10:28:27,11.5,--,522,600300,卖盘
2431,10:28:24,11.5,--,124,142600,卖盘
2432,10:28:21,11.5,--,6,6900,卖盘
2433,10:28:18,11.5,--,273,313950,卖盘
2434,10:28:15,11.5,-0.01,20,23000,卖盘
2435,10:28:12,11.51,0.01,9,10359,买盘
2436,10:28:09,11.5,--,37,42550,卖盘
2437,10:28:06,11.5,--,21,24150,卖盘
2438,10:28:03,11.5,--,1,1150,卖盘
2439,10:28:00,11.5,--,22,25300,卖盘
2440,10:27:54,11.5,-0.01,363,417450,卖盘
2441,10:27:51,11.51,0.01,3,3453,买盘
2442,10:27:48,11.5,--,21,24150,卖盘
2443,10:27:45,11.5,-0.01,55,63250,卖盘
2444,10:27:42,11.51,0.01,62,71362,买盘
2445,10:27:39,11.5,--,15,17250,卖盘
2446,10:27:36,11.5,0.01,106,122130,买盘
2447,10:27:33,11.49,--,2,2298,卖盘
2448,10:27:30,11.49,-0.01,40,45960,卖盘
2449,10:27:27,11.5,0.01,13,14950,买盘
2450,10:27:24,11.49,-0.01,22,25278,卖盘
2451,10:27:21,11.5,--,182,209300,买盘
2452,10:27:18,11.5,--,834,959100,买盘
2453,10:27:15,11.5,--,3,3450,买盘
2454,10:27:12,11.5,0.01,13,14950,买盘
2455,10:27:09,11.49,--,6,6894,卖盘
2456,10:27:06,11.49,-0.01,55,63195,卖盘
2457,10:27:03,11.5,0.01,122,140300,买盘
2458,10:26:57,11.49,--,64,73536,卖盘
2459,10:26:54,11.49,-0.01,3,3447,卖盘
2460,10:26:51,11.5,0.01,2,2300,买盘
2461,10:26:48,11.49,--,8,9192,卖盘
2462,10:26:45,11.49,-0.01,74,85026,卖盘
2463,10:26:39,11.5,0.01,381,438150,买盘
2464,10:26:36,11.49,--,30,34492,买盘
2465,10:26:33,11.49,0.01,30,34470,买盘
2466,10:26:30,11.48,-0.02,1,1148,卖盘
2467,10:26:24,11.5,0.01,604,694600,买盘
2468,10:26:21,11.49,--,77,88473,买盘
2469,10:26:18,11.49,0.01,100,114900,买盘
2470,10:26:15,11.48,-0.01,269,308812,卖盘
2471,10:26:09,11.49,--,182,209118,买盘
2472,10:26:06,11.49,0.01,28,32172,买盘
2473,10:26:03,11.48,--,22,25256,卖盘
2474,10:26:00,11.48,--,12,13776,卖盘
2475,10:25:57,11.48,--,22,25256,卖盘
2476,10:25:54,11.48,-0.01,20,22960,卖盘
2477,10:25:51,11.49,--,350,402150,买盘
2478,10:25:45,11.49,--,15,17235,买盘
2479,10:25:42,11.49,--,30,34470,买盘
2480,10:25:39,11.49,0.01,1,1149,买盘
2481,10:25:36,11.48,-0.01,116,133168,卖盘
2482,10:25:30,11.49,-0.01,1,1149,卖盘
2483,10:25:24,11.5,--,8,9200,买盘
2484,10:25:21,11.5,--,397,456550,卖盘
2485,10:25:18,11.5,--,334,384100,卖盘
2486,10:25:15,11.5,-0.01,209,240350,卖盘
2487,10:25:12,11.51,0.01,29,33379,买盘
2488,10:25:09,11.5,--,1613,1854950,卖盘
2489,10:25:06,11.5,--,80,92000,卖盘
2490,10:25:03,11.5,-0.01,567,652050,卖盘
2491,10:25:00,11.51,--,76,87476,买盘
2492,10:24:54,11.51,0.01,1030,1185530,买盘
2493,10:24:51,11.5,--,200,230000,卖盘
2494,10:24:48,11.5,--,201,231150,卖盘
2495,10:24:45,11.5,-0.01,177,203550,卖盘
2496,10:24:42,11.51,--,100,115100,买盘
2497,10:24:39,11.51,0.01,29,33379,中性盘
2498,10:24:36,11.5,-0.01,421,484150,卖盘
2499,10:24:33,11.51,--,160,184160,卖盘
2500,10:24:30,11.51,--,75,86325,卖盘
2501,10:24:27,11.51,--,3,3453,卖盘
2502,10:24:24,11.51,--,53,61003,卖盘
2503,10:24:21,11.51,--,24,27624,卖盘
2504,10:24:18,11.51,--,54,62154,卖盘
2505,10:24:15,11.51,-0.01,96,110496,卖盘
2506,10:24:12,11.52,0.01,17,19584,买盘
2507,10:24:09,11.51,--,12,13812,卖盘
2508,10:24:06,11.51,--,9,10359,卖盘
2509,10:24:03,11.51,-0.01,5,5755,卖盘
2510,10:24:00,11.52,--,21,24192,买盘
2511,10:23:57,11.52,0.01,110,126720,买盘
2512,10:23:54,11.51,-0.01,94,108194,卖盘
2513,10:23:51,11.52,0.01,5,5760,买盘
2514,10:23:48,11.51,--,10,11510,卖盘
2515,10:23:45,11.51,-0.01,87,100137,卖盘
2516,10:23:42,11.52,0.01,59,67968,买盘
2517,10:23:39,11.51,-0.01,116,133516,卖盘
2518,10:23:36,11.52,--,30,34560,买盘
2519,10:23:33,11.52,--,46,52992,卖盘
2520,10:23:30,11.52,-0.01,18,20736,卖盘
2521,10:23:27,11.53,--,52,59956,买盘
2522,10:23:24,11.53,--,5,5765,买盘
2523,10:23:21,11.53,0.02,14,16142,买盘
2524,10:23:15,11.51,-0.01,158,181858,卖盘
2525,10:23:12,11.52,0.01,56,64512,买盘
2526,10:23:09,11.51,-0.01,105,120855,卖盘
2527,10:23:06,11.52,-0.01,34,39168,卖盘
2528,10:23:03,11.53,--,9,10377,买盘
2529,10:23:00,11.53,--,197,227141,买盘
2530,10:22:57,11.53,0.01,2,2306,买盘
2531,10:22:54,11.52,--,51,58752,卖盘
2532,10:22:51,11.52,--,30,34560,卖盘
2533,10:22:48,11.52,-0.01,8,9216,卖盘
2534,10:22:45,11.53,0.01,106,122218,买盘
2535,10:22:42,11.52,--,64,73728,卖盘
2536,10:22:39,11.52,-0.01,30,34560,卖盘
2537,10:22:36,11.53,--,74,85322,买盘
2538,10:22:33,11.53,0.01,18,20754,买盘
2539,10:22:30,11.52,--,22,25344,卖盘
2540,10:22:27,11.52,--,55,63360,卖盘
2541,10:22:24,11.52,-0.01,5,5760,卖盘
2542,10:22:21,11.53,0.01,27,31131,买盘
2543,10:22:18,11.52,--,20,23040,卖盘
2544,10:22:15,11.52,--,21,24192,卖盘
2545,10:22:12,11.52,--,304,350208,买盘
2546,10:22:09,11.52,--,29,33408,买盘
2547,10:22:06,11.52,--,2,2304,买盘
2548,10:22:00,11.52,--,114,131328,卖盘
2549,10:21:57,11.52,-0.01,2,2304,卖盘
2550,10:21:54,11.53,--,30,34590,买盘
2551,10:21:51,11.53,--,1,1153,买盘
2552,10:21:48,11.53,--,9,10377,买盘
2553,10:21:45,11.53,--,98,112994,买盘
2554,10:21:42,11.53,--,2,2306,买盘
2555,10:21:39,11.53,-0.01,315,363195,卖盘
2556,10:21:36,11.54,0.01,47,54237,买盘
2557,10:21:33,11.53,--,30,34590,卖盘
2558,10:21:30,11.53,--,105,121065,卖盘
2559,10:21:27,11.53,--,115,132595,卖盘
2560,10:21:24,11.53,--,42,48426,卖盘
2561,10:21:18,11.53,--,133,153349,买盘
2562,10:21:15,11.53,0.01,133,153349,买盘
2563,10:21:12,11.52,--,1179,1358208,卖盘
2564,10:21:09,11.52,-0.01,66,76032,卖盘
2565,10:21:06,11.53,0.01,20,23060,买盘
2566,10:21:03,11.52,0.01,375,432829,买盘
2567,10:21:00,11.51,-0.01,11,12661,卖盘
2568,10:20:57,11.52,--,22,25344,买盘
2569,10:20:54,11.52,0.01,545,627840,买盘
2570,10:20:51,11.51,--,15,17265,卖盘
2571,10:20:48,11.51,--,5,5755,卖盘
2572,10:20:45,11.51,-0.01,97,111647,卖盘
2573,10:20:42,11.52,--,7,8064,买盘
2574,10:20:36,11.52,--,32,36864,买盘
2575,10:20:33,11.52,--,11,12672,买盘
2576,10:20:30,11.52,0.01,8,9216,买盘
2577,10:20:27,11.51,-0.01,76,87476,卖盘
2578,10:20:24,11.52,--,102,117504,买盘
2579,10:20:21,11.52,--,53,61056,买盘
2580,10:20:18,11.52,--,200,230400,买盘
2581,10:20:15,11.52,--,115,132480,买盘
2582,10:20:12,11.52,--,33,38016,买盘
2583,10:20:09,11.52,0.01,72,82944,买盘
2584,10:20:06,11.51,-0.01,14,16114,卖盘
2585,10:20:03,11.52,--,149,171648,卖盘
2586,10:20:00,11.52,--,15,17280,卖盘
2587,10:19:57,11.52,0.01,157,180864,买盘
2588,10:19:54,11.51,-0.01,73,84023,卖盘
2589,10:19:51,11.52,--,10,11520,买盘
2590,10:19:48,11.52,--,40,46080,买盘
2591,10:19:45,11.52,--,91,104832,买盘
2592,10:19:42,11.52,--,25,28800,买盘
2593,10:19:39,11.52,--,24,27648,买盘
2594,10:19:36,11.52,--,210,241920,买盘
2595,10:19:33,11.52,-0.01,12,13824,中性盘
2596,10:19:30,11.53,0.02,137,157961,买盘
2597,10:19:27,11.51,-0.02,10,11510,卖盘
2598,10:19:24,11.53,--,27,31131,买盘
2599,10:19:21,11.53,0.01,390,449670,买盘
2600,10:19:18,11.52,--,108,124416,买盘
2601,10:19:15,11.52,0.01,82,94464,买盘
2602,10:19:12,11.51,-0.01,157,180707,卖盘
2603,10:19:09,11.52,--,15,17280,卖盘
2604,10:19:06,11.52,0.01,215,247680,买盘
2605,10:19:03,11.51,-0.01,58,66758,卖盘
2606,10:19:00,11.52,0.01,360,414720,买盘
2607,10:18:57,11.51,-0.01,10,11510,卖盘
2608,10:18:54,11.52,--,166,191232,买盘
2609,10:18:51,11.52,--,2,2304,买盘
2610,10:18:48,11.52,--,48,55296,买盘
2611,10:18:45,11.52,--,161,185472,卖盘
2612,10:18:42,11.52,-0.01,43,49536,卖盘
2613,10:18:39,11.53,--,61,70333,买盘
2614,10:18:36,11.53,0.01,157,181021,买盘
2615,10:18:33,11.52,-0.01,257,296064,卖盘
2616,10:18:30,11.53,--,53,61109,卖盘
2617,10:18:27,11.53,0.01,173,199469,买盘
2618,10:18:24,11.52,--,68,78336,卖盘
2619,10:18:21,11.52,--,53,61056,卖盘
2620,10:18:18,11.52,-0.01,119,137088,卖盘
2621,10:18:15,11.53,--,5,5765,买盘
2622,10:18:12,11.53,--,308,355124,买盘
2623,10:18:09,11.53,0.01,90,103770,中性盘
2624,10:18:06,11.52,-0.01,458,527616,卖盘
2625,10:18:03,11.53,0.01,1024,1180672,买盘
2626,10:18:00,11.52,-0.01,374,430848,卖盘
2627,10:17:57,11.53,0.01,8,9224,买盘
2628,10:17:54,11.52,-0.01,75,86400,卖盘
2629,10:17:51,11.53,--,80,92240,买盘
2630,10:17:48,11.53,0.01,16,18448,买盘
2631,10:17:45,11.52,-0.01,36,41472,卖盘
2632,10:17:42,11.53,--,165,190245,卖盘
2633,10:17:39,11.53,--,65,74945,卖盘
2634,10:17:36,11.53,--,53,61109,卖盘
2635,10:17:33,11.53,--,154,177562,卖盘
2636,10:17:30,11.53,-0.01,64,73792,卖盘
2637,10:17:27,11.54,0.01,364,420055,买盘
2638,10:17:24,11.53,--,129,148737,卖盘
2639,10:17:21,11.53,--,39,44967,卖盘
2640,10:17:18,11.53,--,157,181021,买盘
2641,10:17:15,11.53,0.01,1032,1189896,买盘
2642,10:17:12,11.52,-0.01,175,201600,卖盘
2643,10:17:09,11.53,0.01,65,74945,买盘
2644,10:17:06,11.52,--,323,372096,卖盘
2645,10:17:03,11.52,--,1000,1152000,买盘
2646,10:17:00,11.52,--,178,205056,买盘
2647,10:16:57,11.52,--,41,47232,买盘
2648,10:16:54,11.52,--,514,592128,买盘
2649,10:16:51,11.52,0.01,288,331776,买盘
2650,10:16:48,11.51,--,58,66758,卖盘
2651,10:16:45,11.51,-0.01,95,109345,卖盘
2652,10:16:42,11.52,0.01,227,261504,买盘
2653,10:16:39,11.51,-0.01,59,67909,卖盘
2654,10:16:36,11.52,--,124,142848,买盘
2655,10:16:33,11.52,--,6,6912,买盘
2656,10:16:30,11.52,--,38,43776,买盘
2657,10:16:27,11.52,0.01,33,38016,买盘
2658,10:16:24,11.51,-0.01,25,28775,中性盘
2659,10:16:21,11.52,--,95,109440,买盘
2660,10:16:18,11.52,--,247,284544,买盘
2661,10:16:15,11.52,--,135,155520,买盘
2662,10:16:12,11.52,0.01,1105,1272960,买盘
2663,10:16:09,11.51,0.01,406,467306,买盘
2664,10:16:06,11.5,--,353,405950,卖盘
2665,10:16:03,11.5,0.01,4255,4893917,买盘
2666,10:16:00,11.49,--,14,16086,卖盘
2667,10:15:57,11.49,--,318,365382,买盘
2668,10:15:54,11.49,--,571,656079,买盘
2669,10:15:51,11.49,--,370,425130,买盘
2670,10:15:45,11.49,--,655,752595,买盘
2671,10:15:42,11.49,0.01,420,482580,买盘
2672,10:15:39,11.48,-0.01,30,34440,买盘
2673,10:15:36,11.49,0.02,55,63195,买盘
2674,10:15:33,11.47,--,2001,2295147,卖盘
2675,10:15:27,11.47,--,1,1147,卖盘
2676,10:15:24,11.47,--,1,1147,卖盘
2677,10:15:21,11.47,--,30,34410,卖盘
2678,10:15:18,11.47,0.02,881,1010507,买盘
2679,10:15:12,11.45,-0.01,110,125949,卖盘
2680,10:15:09,11.46,--,5,5730,卖盘
2681,10:15:06,11.46,--,18,20628,买盘
2682,10:15:03,11.46,--,27,30942,卖盘
2683,10:15:00,11.46,0.01,200,229200,买盘
2684,10:14:57,11.45,-0.01,20,22900,卖盘
2685,10:14:54,11.46,--,50,57300,买盘
2686,10:14:51,11.46,--,30,34380,买盘
2687,10:14:48,11.46,--,10,11460,买盘
2688,10:14:45,11.46,--,6,6876,买盘
2689,10:14:42,11.46,--,63,72198,买盘
2690,10:14:39,11.46,--,91,104286,买盘
2691,10:14:36,11.46,0.01,1,1146,买盘
2692,10:14:33,11.45,-0.01,1,1145,卖盘
2693,10:14:30,11.46,--,27,30942,买盘
2694,10:14:27,11.46,0.01,251,287646,买盘
2695,10:14:24,11.45,--,1,1145,卖盘
2696,10:14:21,11.45,--,53,60684,卖盘
2697,10:14:15,11.45,--,13,14884,卖盘
2698,10:14:12,11.45,--,60,68700,卖盘
2699,10:14:09,11.45,-0.01,99,113355,卖盘
2700,10:14:06,11.46,--,41,46986,买盘
2701,10:14:03,11.46,0.01,3,3438,买盘
2702,10:14:00,11.45,-0.01,42,48090,卖盘
2703,10:13:57,11.46,0.01,40,45840,买盘
2704,10:13:54,11.45,--,114,130529,卖盘
2705,10:13:51,11.45,-0.01,69,79005,卖盘
2706,10:13:45,11.46,--,76,87096,买盘
2707,10:13:42,11.46,0.01,71,81366,买盘
2708,10:13:39,11.45,--,87,99615,卖盘
2709,10:13:36,11.45,-0.02,69,79005,卖盘
2710,10:13:33,11.47,0.02,248,284456,买盘
2711,10:13:30,11.45,-0.01,65,74425,卖盘
2712,10:13:27,11.46,--,79,90534,买盘
2713,10:13:24,11.46,--,61,69906,买盘
2714,10:13:21,11.46,--,124,142104,买盘
2715,10:13:18,11.46,0.01,11,12606,买盘
2716,10:13:15,11.45,-0.01,85,97325,卖盘
2717,10:13:12,11.46,0.01,50,57300,中性盘
2718,10:13:09,11.45,-0.01,107,122514,卖盘
2719,10:13:06,11.46,--,62,71052,卖盘
2720,10:13:03,11.46,-0.01,8,9168,卖盘
2721,10:13:00,11.47,--,43,49321,卖盘
2722,10:12:57,11.47,0.01,143,164021,买盘
2723,10:12:54,11.46,--,21,24066,卖盘
2724,10:12:51,11.46,-0.01,189,216594,卖盘
2725,10:12:48,11.47,0.01,51,58497,买盘
2726,10:12:45,11.46,--,75,85950,卖盘
2727,10:12:42,11.46,--,89,101994,卖盘
2728,10:12:39,11.46,-0.01,97,111162,卖盘
2729,10:12:36,11.47,--,80,91760,买盘
2730,10:12:33,11.47,--,22,25234,买盘
2731,10:12:30,11.47,--,123,141081,卖盘
2732,10:12:27,11.47,--,74,84878,卖盘
2733,10:12:24,11.47,--,11,12617,卖盘
2734,10:12:21,11.47,-0.01,66,75702,中性盘
2735,10:12:18,11.48,0.01,100,114800,买盘
2736,10:12:15,11.47,--,34,38998,卖盘
2737,10:12:12,11.47,0.01,150,172050,买盘
2738,10:12:09,11.46,-0.01,135,154710,卖盘
2739,10:12:06,11.47,--,133,152551,卖盘
2740,10:12:03,11.47,--,50,57350,卖盘
2741,10:12:00,11.47,-0.01,10,11470,卖盘
2742,10:11:57,11.48,0.01,87,99876,买盘
2743,10:11:54,11.47,--,17,19499,买盘
2744,10:11:51,11.47,--,20,22940,买盘
2745,10:11:48,11.47,--,1,1147,买盘
2746,10:11:45,11.47,0.01,114,130758,买盘
2747,10:11:42,11.46,-0.01,92,105432,卖盘
2748,10:11:39,11.47,-0.01,146,167462,买盘
2749,10:11:36,11.48,--,2013,2310924,买盘
2750,10:11:33,11.48,--,54,61992,买盘
2751,10:11:30,11.48,--,61,70028,买盘
2752,10:11:27,11.48,0.01,16,18368,买盘
2753,10:11:24,11.47,--,16,18352,卖盘
2754,10:11:18,11.47,-0.01,15,17205,买盘
2755,10:11:15,11.48,--,200,229600,买盘
2756,10:11:12,11.48,0.02,40,45920,买盘
2757,10:11:09,11.46,--,88,100848,卖盘
2758,10:11:06,11.46,--,65,74490,卖盘
2759,10:11:03,11.46,--,3,3438,卖盘
2760,10:11:00,11.46,--,2,2292,卖盘
2761,10:10:54,11.46,-0.02,134,153564,买盘
2762,10:10:48,11.48,0.02,2013,2310924,买盘
2763,10:10:45,11.46,--,199,228054,买盘
2764,10:10:42,11.46,--,1,1146,买盘
2765,10:10:39,11.46,--,150,171900,买盘
2766,10:10:36,11.46,0.01,30,34380,买盘
2767,10:10:33,11.45,-0.01,44,50380,卖盘
2768,10:10:30,11.46,--,1,1146,买盘
2769,10:10:27,11.46,0.01,36,41256,买盘
2770,10:10:24,11.45,--,34,38930,卖盘
2771,10:10:21,11.45,-0.01,57,65264,卖盘
2772,10:10:18,11.46,--,60,68760,买盘
2773,10:10:15,11.46,--,17,19482,买盘
2774,10:10:12,11.46,--,218,249828,卖盘
2775,10:10:09,11.46,--,89,101994,卖盘
2776,10:10:06,11.46,--,172,197112,卖盘
2777,10:10:03,11.46,-0.01,20,22920,卖盘
2778,10:10:00,11.47,0.01,59,67673,买盘
2779,10:09:57,11.46,--,33,37818,卖盘
2780,10:09:54,11.46,--,100,114600,卖盘
2781,10:09:51,11.46,-0.01,217,248682,卖盘
2782,10:09:48,11.47,0.01,34,38998,买盘
2783,10:09:45,11.46,-0.01,5,5730,卖盘
2784,10:09:42,11.47,0.01,4,4588,买盘
2785,10:09:39,11.46,-0.01,441,505386,卖盘
2786,10:09:36,11.47,--,212,243164,买盘
2787,10:09:33,11.47,--,4,4588,买盘
2788,10:09:30,11.47,--,34,38998,买盘
2789,10:09:27,11.47,--,18,20646,买盘
2790,10:09:24,11.47,--,85,97495,买盘
2791,10:09:21,11.47,0.01,18,20646,买盘
2792,10:09:18,11.46,--,52,59592,卖盘
2793,10:09:15,11.46,--,58,66468,买盘
2794,10:09:12,11.46,--,89,101994,买盘
2795,10:09:09,11.46,--,103,118038,买盘
2796,10:09:06,11.46,0.01,74,84804,买盘
2797,10:09:03,11.45,--,8,9160,卖盘
2798,10:09:00,11.45,--,132,151140,卖盘
2799,10:08:57,11.45,--,12,13740,中性盘
2800,10:08:54,11.45,--,3,3435,卖盘
2801,10:08:51,11.45,--,149,170605,买盘
2802,10:08:48,11.45,--,48,54960,买盘
2803,10:08:45,11.45,--,61,69845,买盘
2804,10:08:42,11.45,0.01,18,20610,中性盘
2805,10:08:39,11.44,-0.02,2028,2320032,卖盘
2806,10:08:36,11.46,0.02,207,237222,买盘
2807,10:08:33,11.44,-0.01,160,183040,卖盘
2808,10:08:30,11.45,--,59,67555,卖盘
2809,10:08:27,11.45,-0.01,86,98470,卖盘
2810,10:08:24,11.46,0.01,56,64176,买盘
2811,10:08:21,11.45,--,232,265640,卖盘
2812,10:08:18,11.45,--,8,9160,卖盘
2813,10:08:15,11.45,0.01,254,290830,买盘
2814,10:08:12,11.44,--,1,1144,卖盘
2815,10:08:09,11.44,0.01,52,59488,卖盘
2816,10:08:06,11.43,--,13,14859,卖盘
2817,10:08:03,11.43,--,16,18288,卖盘
2818,10:07:57,11.43,-0.03,26,29718,中性盘
2819,10:07:51,11.46,0.04,204,233784,买盘
2820,10:07:48,11.42,-0.02,88,100496,卖盘
2821,10:07:45,11.44,0.02,125,143000,中性盘
2822,10:07:39,11.42,-0.01,31,35402,卖盘
2823,10:07:36,11.43,-0.02,8,9144,中性盘
2824,10:07:33,11.45,-0.01,3,3435,中性盘
2825,10:07:30,11.46,0.01,730,836580,买盘
2826,10:07:27,11.45,0.02,1870,2141150,买盘
2827,10:07:24,11.43,-0.01,73,83439,卖盘
2828,10:07:21,11.44,0.02,1717,1964534,买盘
2829,10:07:18,11.42,--,10,11420,卖盘
2830,10:07:15,11.42,--,2,2284,卖盘
2831,10:07:12,11.42,-0.01,8,9136,卖盘
2832,10:07:09,11.43,0.01,99,113157,买盘
2833,10:07:06,11.42,0.01,2,2284,买盘
2834,10:07:03,11.41,--,8,9128,卖盘
2835,10:07:00,11.41,-0.01,7,7987,卖盘
