,time,price,change,volume,amount,type
0,15:00:03,8.19,--,11773,9642087,买盘
1,14:57:00,8.19,--,610,499589,买盘
2,14:56:57,8.19,--,82,67158,买盘
3,14:56:54,8.19,--,50,40950,买盘
4,14:56:51,8.19,0.01,287,235053,买盘
5,14:56:48,8.18,--,301,246218,卖盘
6,14:56:45,8.18,-0.01,30,24540,卖盘
7,14:56:42,8.19,0.01,534,437346,买盘
8,14:56:39,8.18,-0.01,31,25358,卖盘
9,14:56:36,8.19,0.01,104,85176,买盘
10,14:56:33,8.18,-0.01,180,147240,卖盘
11,14:56:30,8.19,0.01,56,45864,买盘
12,14:56:27,8.18,-0.01,257,210684,卖盘
13,14:56:24,8.19,--,258,211302,卖盘
14,14:56:21,8.19,0.01,82,67518,买盘
15,14:56:18,8.18,--,26,21268,卖盘
16,14:56:15,8.18,--,1088,889984,卖盘
17,14:56:12,8.18,-0.01,63,51534,卖盘
18,14:56:09,8.19,0.01,3,2457,买盘
19,14:56:06,8.18,-0.01,14,11452,卖盘
20,14:56:03,8.19,0.01,916,750204,买盘
21,14:56:00,8.18,--,80,65440,卖盘
22,14:55:57,8.18,--,2,1636,卖盘
23,14:55:54,8.18,--,287,234766,买盘
24,14:55:51,8.18,0.01,46,37628,买盘
25,14:55:48,8.17,-0.01,168,137256,卖盘
26,14:55:45,8.18,--,26,21268,买盘
27,14:55:42,8.18,--,106,86708,卖盘
28,14:55:39,8.18,--,507,414726,买盘
29,14:55:36,8.18,--,146,119428,买盘
30,14:55:33,8.18,--,174,142332,买盘
31,14:55:30,8.18,-0.01,1489,1218460,卖盘
32,14:55:27,8.19,0.01,35,28665,买盘
33,14:55:24,8.18,--,91,74438,卖盘
34,14:55:21,8.18,-0.01,552,451536,卖盘
35,14:55:18,8.19,--,125,102375,卖盘
36,14:55:15,8.19,--,391,320229,买盘
37,14:55:12,8.19,--,253,207207,买盘
38,14:55:09,8.19,--,593,485666,卖盘
39,14:55:06,8.19,--,187,153153,买盘
40,14:55:03,8.19,-0.01,49,40131,卖盘
41,14:55:00,8.2,0.01,49,40180,买盘
42,14:54:57,8.19,--,468,383292,卖盘
43,14:54:54,8.19,-0.01,262,214578,卖盘
44,14:54:51,8.2,--,20,16400,买盘
45,14:54:48,8.2,--,50,41000,买盘
46,14:54:45,8.2,--,561,460019,买盘
47,14:54:42,8.2,0.01,123,100859,买盘
48,14:54:39,8.19,--,72,58968,卖盘
49,14:54:36,8.19,--,546,447174,卖盘
50,14:54:33,8.19,--,38,31121,卖盘
51,14:54:30,8.19,-0.01,31,25389,卖盘
52,14:54:27,8.2,0.01,265,217299,买盘
53,14:54:24,8.19,--,3060,2506140,买盘
54,14:54:21,8.19,0.01,237,194103,买盘
55,14:54:18,8.18,-0.01,41,33538,卖盘
56,14:54:15,8.19,--,33,27027,买盘
57,14:54:12,8.19,--,116,95004,买盘
58,14:54:09,8.19,--,136,111384,买盘
59,14:54:06,8.19,--,249,203931,买盘
60,14:54:03,8.19,--,49,40131,买盘
61,14:54:00,8.19,0.01,27,22113,买盘
62,14:53:57,8.18,-0.01,41,33538,卖盘
63,14:53:54,8.19,0.01,31,25389,买盘
64,14:53:51,8.18,-0.01,1516,1240088,卖盘
65,14:53:48,8.19,0.01,53,43407,买盘
66,14:53:45,8.18,-0.01,443,362374,卖盘
67,14:53:42,8.19,--,409,334971,卖盘
68,14:53:39,8.19,--,29,23751,卖盘
69,14:53:36,8.19,--,172,140868,卖盘
70,14:53:33,8.19,--,110,90090,卖盘
71,14:53:30,8.19,--,193,158067,买盘
72,14:53:27,8.19,--,339,277641,卖盘
73,14:53:24,8.19,--,143,117117,卖盘
74,14:53:21,8.19,-0.01,103,84357,卖盘
75,14:53:18,8.2,0.01,657,538740,买盘
76,14:53:15,8.19,--,145,118755,卖盘
77,14:53:12,8.19,-0.01,60,49140,卖盘
78,14:53:09,8.2,0.01,134,109879,买盘
79,14:53:06,8.19,0.01,56,45864,买盘
80,14:53:03,8.18,-0.01,247,202046,卖盘
81,14:53:00,8.19,--,30,24570,买盘
82,14:52:57,8.19,--,751,615069,买盘
83,14:52:54,8.19,--,1921,1573299,卖盘
84,14:52:51,8.19,--,129,105651,卖盘
85,14:52:48,8.19,--,23,18837,卖盘
86,14:52:45,8.19,--,838,686322,卖盘
87,14:52:42,8.19,-0.01,39,31940,卖盘
88,14:52:39,8.2,--,57,46739,买盘
89,14:52:36,8.2,0.01,1081,886419,买盘
90,14:52:33,8.19,--,629,515150,卖盘
91,14:52:30,8.19,--,84,68796,卖盘
92,14:52:27,8.19,--,125,102375,卖盘
93,14:52:24,8.19,--,137,112203,卖盘
94,14:52:21,8.19,--,651,533169,卖盘
95,14:52:18,8.19,--,41,33579,卖盘
96,14:52:15,8.19,-0.01,102,83538,卖盘
97,14:52:12,8.2,0.01,10,8200,买盘
98,14:52:09,8.19,--,49,40131,卖盘
99,14:52:06,8.19,--,2,1638,卖盘
100,14:52:03,8.19,--,23,18837,卖盘
101,14:52:00,8.19,--,538,440622,卖盘
102,14:51:57,8.19,-0.01,23,18837,卖盘
103,14:51:54,8.2,--,389,318980,买盘
104,14:51:51,8.2,0.01,58,47559,买盘
105,14:51:48,8.19,--,786,643734,卖盘
106,14:51:45,8.19,--,60,49140,卖盘
107,14:51:42,8.19,--,65,53235,卖盘
108,14:51:39,8.19,--,52,42588,卖盘
109,14:51:36,8.19,--,40,32759,卖盘
110,14:51:33,8.19,--,27,22113,卖盘
111,14:51:30,8.19,--,24,19656,卖盘
112,14:51:27,8.19,--,21,17199,卖盘
113,14:51:24,8.19,-0.01,554,453726,卖盘
114,14:51:21,8.2,--,189,154980,买盘
115,14:51:18,8.2,0.01,55,45099,买盘
116,14:51:15,8.19,--,13,10647,卖盘
117,14:51:12,8.19,-0.01,62,50778,卖盘
118,14:51:09,8.2,0.01,50,41000,买盘
119,14:51:06,8.19,--,359,294021,卖盘
120,14:51:03,8.19,-0.01,58,47502,卖盘
121,14:51:00,8.2,0.01,71,58219,买盘
122,14:50:54,8.19,-0.01,161,131859,卖盘
123,14:50:51,8.2,--,136,111519,买盘
124,14:50:48,8.2,0.01,16,13119,买盘
125,14:50:45,8.19,-0.01,238,194922,卖盘
126,14:50:42,8.2,--,183,150060,买盘
127,14:50:39,8.2,0.01,126,103319,买盘
128,14:50:36,8.19,--,713,583947,卖盘
129,14:50:33,8.19,--,19,15560,卖盘
130,14:50:30,8.19,--,23,18837,卖盘
131,14:50:27,8.19,--,117,95823,卖盘
132,14:50:24,8.19,--,14,11466,卖盘
133,14:50:21,8.19,--,2,1638,卖盘
134,14:50:18,8.19,--,437,357903,卖盘
135,14:50:15,8.19,-0.01,29,23751,卖盘
136,14:50:12,8.2,0.01,12,9840,买盘
137,14:50:09,8.19,-0.01,1055,864045,卖盘
138,14:50:06,8.2,0.01,121,99219,买盘
139,14:50:03,8.19,--,12,9828,卖盘
140,14:50:00,8.19,--,70,57330,卖盘
141,14:49:57,8.19,--,563,461097,卖盘
142,14:49:54,8.19,-0.01,86,70434,卖盘
143,14:49:51,8.2,0.01,135,110699,买盘
144,14:49:48,8.19,-0.01,229,187551,卖盘
145,14:49:45,8.2,0.01,538,441159,买盘
146,14:49:42,8.19,-0.01,10,8189,卖盘
147,14:49:39,8.2,--,218,178759,买盘
148,14:49:36,8.2,--,18,14759,买盘
149,14:49:33,8.2,--,116,95119,买盘
150,14:49:30,8.2,0.01,31,25419,买盘
151,14:49:27,8.19,-0.01,34,27846,卖盘
152,14:49:24,8.2,0.01,8,6559,买盘
153,14:49:21,8.19,--,10,8189,卖盘
154,14:49:18,8.19,--,30,24570,卖盘
155,14:49:15,8.19,-0.01,22,18018,卖盘
156,14:49:12,8.2,--,80,65600,买盘
157,14:49:09,8.2,0.01,15,12299,买盘
158,14:49:06,8.19,--,67,54873,卖盘
159,14:49:03,8.19,--,128,104832,卖盘
160,14:49:00,8.19,-0.01,17,13923,卖盘
161,14:48:57,8.2,0.01,25,20500,买盘
162,14:48:54,8.19,-0.01,17,13923,卖盘
163,14:48:51,8.2,0.01,8,6559,买盘
164,14:48:48,8.19,-0.01,81,66339,卖盘
165,14:48:45,8.2,0.01,7,5739,买盘
166,14:48:42,8.19,-0.01,49,40131,卖盘
167,14:48:39,8.2,--,173,141860,买盘
168,14:48:36,8.2,0.01,77,63139,买盘
169,14:48:33,8.19,--,32,26208,卖盘
170,14:48:30,8.19,--,56,45864,卖盘
171,14:48:27,8.19,--,10,8189,卖盘
172,14:48:24,8.19,-0.01,148,121211,卖盘
173,14:48:21,8.2,--,29,23779,买盘
174,14:48:18,8.2,0.01,270,221399,买盘
175,14:48:15,8.19,0.01,65,53235,买盘
176,14:48:12,8.18,-0.01,12,9979,卖盘
177,14:48:09,8.19,0.01,248,203767,买盘
178,14:48:06,8.18,-0.01,6,4908,卖盘
179,14:48:03,8.19,--,1,819,买盘
180,14:48:00,8.19,--,83,67977,买盘
181,14:47:57,8.19,--,479,392464,卖盘
182,14:47:54,8.19,-0.01,214,175266,卖盘
183,14:47:51,8.2,0.01,2,1639,买盘
184,14:47:48,8.19,--,227,185913,卖盘
185,14:47:45,8.19,-0.01,74,60605,卖盘
186,14:47:42,8.2,--,54,44279,买盘
187,14:47:39,8.2,--,33,27059,买盘
188,14:47:36,8.2,0.01,40,32800,买盘
189,14:47:33,8.19,--,3,3112,卖盘
190,14:47:30,8.19,-0.01,5,4094,卖盘
191,14:47:27,8.2,--,20,16400,买盘
192,14:47:24,8.2,0.01,440,360799,买盘
193,14:47:21,8.19,--,146,119574,卖盘
194,14:47:18,8.19,-0.01,25,20475,卖盘
195,14:47:15,8.2,--,269,220579,买盘
196,14:47:12,8.2,0.01,157,128739,买盘
197,14:47:09,8.19,-0.01,1,819,卖盘
198,14:47:06,8.2,0.02,240,196799,买盘
199,14:47:03,8.18,-0.02,542,443356,卖盘
200,14:47:00,8.2,0.02,348,285720,买盘
201,14:46:57,8.18,-0.01,122,99796,卖盘
202,14:46:54,8.19,--,1009,826371,买盘
203,14:46:48,8.19,--,2,1638,买盘
204,14:46:45,8.19,--,136,111384,买盘
205,14:46:42,8.19,--,4,3276,买盘
206,14:46:39,8.19,--,36,29484,买盘
207,14:46:33,8.19,--,50,40950,买盘
208,14:46:30,8.19,--,64,52416,买盘
209,14:46:27,8.19,0.01,133,108927,买盘
210,14:46:24,8.18,-0.01,13,10634,卖盘
211,14:46:21,8.19,--,11,9009,买盘
212,14:46:18,8.19,--,115,94185,买盘
213,14:46:15,8.19,0.01,108,88452,买盘
214,14:46:12,8.18,-0.01,56,45808,卖盘
215,14:46:09,8.19,--,75,61424,买盘
216,14:46:06,8.19,0.01,43,35217,买盘
217,14:46:00,8.18,-0.01,10,8180,卖盘
218,14:45:54,8.19,0.01,1200,982799,买盘
219,14:45:51,8.18,--,194,158692,卖盘
220,14:45:48,8.18,--,123,100614,卖盘
221,14:45:45,8.18,--,89,72802,卖盘
222,14:45:42,8.18,--,138,112884,卖盘
223,14:45:39,8.18,-0.01,4,3272,卖盘
224,14:45:36,8.19,0.01,20,16379,买盘
225,14:45:33,8.18,--,123,100614,卖盘
226,14:45:30,8.18,-0.01,53,43354,卖盘
227,14:45:27,8.19,0.01,24,19656,买盘
228,14:45:24,8.18,--,41,33538,卖盘
229,14:45:21,8.18,--,35,28630,卖盘
230,14:45:18,8.18,--,1498,1225364,卖盘
231,14:45:15,8.18,--,30,24540,卖盘
232,14:45:12,8.18,-0.01,60,49080,卖盘
233,14:45:09,8.19,0.01,68,55692,买盘
234,14:45:06,8.18,-0.01,22,17996,卖盘
235,14:45:03,8.19,--,36,29484,买盘
236,14:45:00,8.19,--,133,108927,买盘
237,14:44:57,8.19,--,1,819,买盘
238,14:44:54,8.19,--,45,36855,买盘
239,14:44:51,8.19,--,251,206027,卖盘
240,14:44:48,8.19,--,52,42588,卖盘
241,14:44:45,8.19,--,20,16379,卖盘
242,14:44:42,8.19,-0.01,116,95004,卖盘
243,14:44:39,8.2,0.01,14,11479,买盘
244,14:44:36,8.19,--,30,24570,卖盘
245,14:44:33,8.19,--,199,162981,卖盘
246,14:44:30,8.19,--,76,62243,卖盘
247,14:44:27,8.19,--,65,53235,卖盘
248,14:44:24,8.19,--,179,146601,卖盘
249,14:44:21,8.19,-0.01,500,409500,卖盘
250,14:44:18,8.2,0.01,12,9840,买盘
251,14:44:15,8.19,--,843,690417,卖盘
252,14:44:12,8.19,-0.01,30,24570,卖盘
253,14:44:09,8.2,0.01,3,2460,买盘
254,14:44:06,8.19,-0.01,18,14742,卖盘
255,14:44:03,8.2,0.01,40,32800,买盘
256,14:44:00,8.19,--,269,220311,卖盘
257,14:43:57,8.19,-0.01,115,94185,卖盘
258,14:43:54,8.2,--,7,5739,买盘
259,14:43:51,8.2,0.01,1,819,买盘
260,14:43:48,8.19,-0.01,29,23751,卖盘
261,14:43:45,8.2,--,49,40180,买盘
262,14:43:42,8.2,0.01,7,5739,买盘
263,14:43:39,8.19,--,330,270270,卖盘
264,14:43:36,8.19,-0.01,103,84357,卖盘
265,14:43:33,8.2,0.01,13,10659,买盘
266,14:43:30,8.19,--,10,8189,卖盘
267,14:43:27,8.19,-0.01,23,18837,卖盘
268,14:43:24,8.2,--,70,57399,买盘
269,14:43:18,8.2,--,4,3279,买盘
270,14:43:15,8.2,--,53,43459,买盘
271,14:43:12,8.2,0.01,777,637140,买盘
272,14:43:09,8.19,--,254,208353,卖盘
273,14:43:06,8.19,-0.01,14,11466,卖盘
274,14:43:03,8.2,--,40,32800,买盘
275,14:43:00,8.2,--,5,4100,买盘
276,14:42:57,8.2,--,21,17220,买盘
277,14:42:54,8.2,0.01,45,36900,买盘
278,14:42:48,8.19,-0.01,20,16379,卖盘
279,14:42:45,8.2,0.01,75,61499,买盘
280,14:42:42,8.19,-0.01,63,51597,卖盘
281,14:42:39,8.2,--,21,17220,买盘
282,14:42:36,8.2,0.01,56,45919,买盘
283,14:42:33,8.19,-0.01,5,4094,卖盘
284,14:42:30,8.2,--,24,19680,买盘
285,14:42:27,8.2,--,14,11479,买盘
286,14:42:24,8.2,--,85,69700,买盘
287,14:42:21,8.2,--,49,40180,买盘
288,14:42:18,8.2,--,19,15579,买盘
289,14:42:12,8.2,--,54,44279,买盘
290,14:42:09,8.2,--,11,9020,买盘
291,14:42:06,8.2,--,172,141040,买盘
292,14:42:03,8.2,0.01,58,47559,买盘
293,14:42:00,8.19,--,182,149058,卖盘
294,14:41:57,8.19,--,38,31121,卖盘
295,14:41:54,8.19,-0.01,33,27027,卖盘
296,14:41:51,8.2,--,45,36900,买盘
297,14:41:48,8.2,--,12,9840,买盘
298,14:41:45,8.2,--,11,9020,买盘
299,14:41:42,8.2,0.01,52,42639,买盘
300,14:41:39,8.19,--,32,26208,卖盘
301,14:41:36,8.19,--,151,123668,卖盘
302,14:41:30,8.19,-0.01,10,8189,卖盘
303,14:41:27,8.2,--,39,31979,买盘
304,14:41:24,8.2,0.01,23,18860,买盘
305,14:41:21,8.19,-0.01,8,6552,卖盘
306,14:41:15,8.2,0.01,134,109879,买盘
307,14:41:12,8.19,-0.01,49,40131,卖盘
308,14:41:09,8.2,0.01,3,2460,买盘
309,14:41:06,8.19,-0.01,2,1638,卖盘
310,14:41:03,8.2,0.01,20,16400,买盘
311,14:40:57,8.19,--,178,145782,卖盘
312,14:40:54,8.19,-0.01,81,66339,卖盘
313,14:40:51,8.2,0.01,200,164000,买盘
314,14:40:48,8.19,-0.01,25,20475,卖盘
315,14:40:45,8.2,0.01,30,24599,买盘
316,14:40:42,8.19,-0.01,150,122849,卖盘
317,14:40:39,8.2,0.01,2,1639,买盘
318,14:40:36,8.19,--,131,107289,卖盘
319,14:40:33,8.19,-0.01,15,12285,卖盘
320,14:40:30,8.2,--,22,18040,买盘
321,14:40:27,8.2,0.01,66,54119,买盘
322,14:40:24,8.19,-0.01,114,93366,卖盘
323,14:40:21,8.2,--,10,8200,买盘
324,14:40:18,8.2,--,10,8200,买盘
325,14:40:15,8.2,--,4,3279,买盘
326,14:40:09,8.2,0.01,4,3279,买盘
327,14:40:06,8.19,-0.01,10,8189,卖盘
328,14:40:03,8.2,0.01,26,21319,买盘
329,14:40:00,8.19,--,19,15560,卖盘
330,14:39:54,8.19,-0.01,29,23751,卖盘
331,14:39:51,8.2,0.01,68,55759,买盘
332,14:39:48,8.19,--,5,4094,卖盘
333,14:39:45,8.19,-0.01,71,58149,卖盘
334,14:39:39,8.2,0.01,52,42639,买盘
335,14:39:36,8.19,-0.01,10,8189,卖盘
336,14:39:33,8.2,0.01,6,4920,买盘
337,14:39:30,8.19,--,6,4914,卖盘
338,14:39:27,8.19,--,28,22932,卖盘
339,14:39:24,8.19,--,221,180999,卖盘
340,14:39:21,8.19,-0.01,40,32759,卖盘
341,14:39:15,8.2,--,31,25419,买盘
342,14:39:09,8.2,--,37,30339,买盘
343,14:39:06,8.2,0.01,10,8200,买盘
344,14:39:03,8.19,-0.01,3,2457,卖盘
345,14:39:00,8.2,0.01,137,112339,买盘
346,14:38:57,8.19,--,16,13104,卖盘
347,14:38:54,8.19,-0.01,20,16379,卖盘
348,14:38:51,8.2,--,47,38540,买盘
349,14:38:48,8.2,--,62,50839,买盘
350,14:38:45,8.2,--,26,21319,买盘
351,14:38:42,8.2,--,67,54939,买盘
352,14:38:39,8.2,--,13,10659,买盘
353,14:38:36,8.2,0.01,1,819,买盘
354,14:38:33,8.19,-0.01,51,41769,卖盘
355,14:38:30,8.2,--,51,41820,买盘
356,14:38:27,8.2,--,58,47559,买盘
357,14:38:24,8.2,--,194,159080,卖盘
358,14:38:21,8.2,--,52,42639,卖盘
359,14:38:18,8.2,--,72,59039,卖盘
360,14:38:15,8.2,--,361,296020,卖盘
361,14:38:12,8.2,--,322,264040,卖盘
362,14:38:09,8.2,--,90,73800,卖盘
363,14:38:06,8.2,--,111,91019,卖盘
364,14:38:03,8.2,--,117,95939,卖盘
365,14:38:00,8.2,-0.01,5,4100,卖盘
366,14:37:57,8.21,0.01,391,321011,买盘
367,14:37:54,8.2,0.01,862,706839,买盘
368,14:37:51,8.19,--,412,337428,卖盘
369,14:37:48,8.19,-0.01,47,38493,卖盘
370,14:37:45,8.2,--,89,72980,买盘
371,14:37:42,8.2,--,320,262400,买盘
372,14:37:39,8.2,0.01,71,58219,买盘
373,14:37:36,8.19,-0.01,30,24570,卖盘
374,14:37:33,8.2,--,1,819,买盘
375,14:37:30,8.2,0.01,534,437879,买盘
376,14:37:27,8.19,-0.01,52,42588,卖盘
377,14:37:24,8.2,--,42,34440,买盘
378,14:37:21,8.2,--,88,72160,买盘
379,14:37:18,8.2,--,4,3279,买盘
380,14:37:15,8.2,--,6,4920,买盘
381,14:37:12,8.2,--,285,233699,买盘
382,14:37:09,8.2,--,401,328820,买盘
383,14:37:06,8.2,--,181,148420,买盘
384,14:37:03,8.2,--,63,51659,买盘
385,14:36:57,8.2,0.01,54,44279,买盘
386,14:36:54,8.19,-0.01,32,26208,卖盘
387,14:36:51,8.2,--,70,57399,买盘
388,14:36:45,8.2,--,62,50839,买盘
389,14:36:42,8.2,0.01,99,81180,买盘
390,14:36:39,8.19,--,62,50778,卖盘
391,14:36:33,8.19,--,6,4914,卖盘
392,14:36:30,8.19,--,680,556952,买盘
393,14:36:27,8.19,--,22,18018,买盘
394,14:36:24,8.19,--,3,2457,买盘
395,14:36:21,8.19,--,1,819,买盘
396,14:36:18,8.19,0.01,338,276822,买盘
397,14:36:15,8.18,-0.01,4,3272,卖盘
398,14:36:12,8.19,--,71,58149,买盘
399,14:36:09,8.19,--,6,4914,买盘
400,14:36:06,8.19,--,34,27846,买盘
401,14:36:03,8.19,--,158,129401,买盘
402,14:35:57,8.19,--,5,4094,买盘
403,14:35:51,8.19,--,40,32759,买盘
404,14:35:48,8.19,--,30,24570,买盘
405,14:35:45,8.19,--,277,226863,买盘
406,14:35:42,8.19,--,241,197379,买盘
407,14:35:39,8.19,--,5,4094,买盘
408,14:35:36,8.19,--,4,3276,买盘
409,14:35:30,8.19,--,176,144144,买盘
410,14:35:27,8.19,--,48,39312,买盘
411,14:35:24,8.19,--,16,13104,买盘
412,14:35:21,8.19,--,34,27846,买盘
413,14:35:18,8.19,--,21,17199,买盘
414,14:35:15,8.19,--,307,251432,买盘
415,14:35:12,8.19,--,22,18018,买盘
416,14:35:06,8.19,--,147,120392,买盘
417,14:35:03,8.19,0.01,18,14742,买盘
418,14:35:00,8.18,-0.01,1,818,卖盘
419,14:34:57,8.19,--,200,163800,买盘
420,14:34:54,8.19,--,28,22932,买盘
421,14:34:51,8.19,--,3,2457,买盘
422,14:34:48,8.19,--,47,38493,买盘
423,14:34:42,8.19,--,5,4094,买盘
424,14:34:39,8.19,0.01,49,40131,买盘
425,14:34:36,8.18,-0.01,1,818,卖盘
426,14:34:33,8.19,0.01,3,2457,买盘
427,14:34:30,8.18,-0.01,3,2454,卖盘
428,14:34:27,8.19,--,48,39312,买盘
429,14:34:24,8.19,--,2,1638,买盘
430,14:34:21,8.19,0.01,15,12285,买盘
431,14:34:18,8.18,--,11,8998,卖盘
432,14:34:15,8.18,-0.01,22,17996,卖盘
433,14:34:12,8.19,--,2,1638,买盘
434,14:34:09,8.19,0.01,3,2457,买盘
435,14:34:06,8.18,-0.01,208,170144,卖盘
436,14:34:03,8.19,0.01,66,54054,买盘
437,14:34:00,8.18,-0.01,19,15542,卖盘
438,14:33:57,8.19,0.01,6,4914,买盘
439,14:33:54,8.18,-0.01,43,35174,卖盘
440,14:33:51,8.19,0.01,366,299754,买盘
441,14:33:48,8.18,-0.01,36,29448,卖盘
442,14:33:45,8.19,--,685,561015,买盘
443,14:33:42,8.19,0.01,5,4094,买盘
444,14:33:39,8.18,--,45,36810,卖盘
445,14:33:30,8.18,-0.01,16,13088,卖盘
446,14:33:27,8.19,--,1,819,买盘
447,14:33:24,8.19,0.01,5,4094,买盘
448,14:33:21,8.18,--,116,94888,卖盘
449,14:33:18,8.18,--,2,1636,卖盘
450,14:33:15,8.18,-0.01,29,23722,卖盘
451,14:33:12,8.19,0.01,27,22113,买盘
452,14:33:09,8.18,-0.01,12,9816,卖盘
453,14:33:06,8.19,--,2,1638,买盘
454,14:33:03,8.19,0.01,34,27846,买盘
455,14:33:00,8.18,-0.01,16,13088,卖盘
456,14:32:57,8.19,--,1014,830466,买盘
457,14:32:54,8.19,--,2,1638,买盘
458,14:32:51,8.19,0.01,1,819,买盘
459,14:32:48,8.18,-0.01,39,31902,卖盘
460,14:32:45,8.19,--,27,22113,买盘
461,14:32:42,8.19,--,50,40950,买盘
462,14:32:39,8.19,--,14,11466,买盘
463,14:32:36,8.19,--,14,11466,买盘
464,14:32:33,8.19,--,17,13923,买盘
465,14:32:30,8.19,0.01,14,11466,买盘
466,14:32:27,8.18,--,11,8998,卖盘
467,14:32:24,8.18,0.01,81,66258,卖盘
468,14:32:21,8.17,-0.01,13,10621,卖盘
469,14:32:18,8.18,--,756,618408,买盘
470,14:32:15,8.18,--,3,2454,买盘
471,14:32:12,8.18,--,1,818,买盘
472,14:32:09,8.18,0.01,1,818,买盘
473,14:32:06,8.17,-0.01,19,15523,卖盘
474,14:32:03,8.18,--,35,28630,买盘
475,14:32:00,8.18,--,100,81800,买盘
476,14:31:57,8.18,--,28,22904,买盘
477,14:31:54,8.18,--,41,33538,买盘
478,14:31:51,8.18,0.01,1,818,买盘
479,14:31:45,8.17,-0.01,32,26144,卖盘
480,14:31:42,8.18,--,1023,836814,买盘
481,14:31:39,8.18,0.01,73,59714,买盘
482,14:31:36,8.17,-0.01,1,817,卖盘
483,14:31:33,8.18,0.01,51,41718,买盘
484,14:31:30,8.17,--,57,46569,卖盘
485,14:31:27,8.17,-0.01,100,81700,卖盘
486,14:31:24,8.18,--,82,67076,买盘
487,14:31:21,8.18,0.01,1,818,买盘
488,14:31:18,8.17,0.01,199,162958,买盘
489,14:31:15,8.16,-0.01,30,24480,卖盘
490,14:31:12,8.17,--,75,61275,买盘
491,14:31:09,8.17,--,89,72713,买盘
492,14:31:06,8.17,--,21,17157,买盘
493,14:31:03,8.17,--,68,55556,买盘
494,14:31:00,8.17,--,108,88236,买盘
495,14:30:57,8.17,--,143,116831,买盘
496,14:30:51,8.17,--,22,17974,买盘
497,14:30:48,8.17,--,59,48203,买盘
498,14:30:45,8.17,0.01,13,10621,买盘
499,14:30:42,8.16,-0.01,73,59568,卖盘
500,14:30:39,8.17,--,1,817,买盘
501,14:30:36,8.17,--,74,60458,买盘
502,14:30:33,8.17,0.01,3,2451,买盘
503,14:30:30,8.16,-0.01,1,816,卖盘
504,14:30:27,8.17,--,126,102942,买盘
505,14:30:24,8.17,--,58,47386,买盘
506,14:30:21,8.17,0.01,50,40850,买盘
507,14:30:18,8.16,-0.01,14,11424,卖盘
508,14:30:15,8.17,--,33,26961,买盘
509,14:30:12,8.17,-0.01,31,25768,卖盘
510,14:30:09,8.18,--,2,1636,买盘
511,14:30:06,8.18,--,1017,831906,买盘
512,14:30:03,8.18,0.01,84,68712,买盘
513,14:30:00,8.17,--,1,817,卖盘
514,14:29:57,8.17,--,14,11438,卖盘
515,14:29:54,8.17,-0.01,55,44935,卖盘
516,14:29:48,8.18,--,454,371372,买盘
517,14:29:45,8.18,--,64,52352,买盘
518,14:29:42,8.18,--,1,818,买盘
519,14:29:39,8.18,--,27,22086,买盘
520,14:29:36,8.18,--,53,43354,买盘
521,14:29:33,8.18,0.01,103,84254,买盘
522,14:29:30,8.17,--,6,4902,卖盘
523,14:29:27,8.17,-0.01,49,40033,卖盘
524,14:29:24,8.18,0.01,44,35992,买盘
525,14:29:21,8.17,--,35,28595,卖盘
526,14:29:18,8.17,--,14,11438,卖盘
527,14:29:15,8.17,--,2,1634,卖盘
528,14:29:12,8.17,-0.01,166,135622,卖盘
529,14:29:09,8.18,--,607,496526,买盘
530,14:29:06,8.18,--,17,13906,买盘
531,14:29:03,8.18,0.01,42,34356,买盘
532,14:29:00,8.17,-0.01,201,164217,卖盘
533,14:28:57,8.18,0.01,27,22086,买盘
534,14:28:51,8.17,--,16,13072,卖盘
535,14:28:48,8.17,--,8,6536,卖盘
536,14:28:45,8.17,--,17,13889,卖盘
537,14:28:42,8.17,-0.01,53,43301,卖盘
538,14:28:39,8.18,0.01,69,56605,买盘
539,14:28:36,8.17,--,1,817,卖盘
540,14:28:33,8.17,--,88,71896,卖盘
541,14:28:30,8.17,--,1,817,卖盘
542,14:28:27,8.17,--,20,16340,卖盘
543,14:28:24,8.17,--,414,338238,卖盘
544,14:28:21,8.17,--,52,42484,卖盘
545,14:28:18,8.17,--,13,10621,卖盘
546,14:28:15,8.17,--,163,133383,买盘
547,14:28:12,8.17,--,8,6536,买盘
548,14:28:09,8.17,--,3,2451,买盘
549,14:28:06,8.17,0.01,14,11438,买盘
550,14:28:03,8.16,-0.01,2,1632,卖盘
551,14:28:00,8.17,--,5,4085,买盘
552,14:27:57,8.17,--,2,1634,买盘
553,14:27:54,8.17,0.01,42,34314,买盘
554,14:27:51,8.16,-0.01,11,8976,卖盘
555,14:27:48,8.17,-0.01,142,116618,卖盘
556,14:27:45,8.18,0.01,21,17178,买盘
557,14:27:42,8.17,-0.01,11,8987,卖盘
558,14:27:39,8.18,0.01,28,22904,买盘
559,14:27:36,8.17,--,8,6536,卖盘
560,14:27:33,8.17,--,410,335182,买盘
561,14:27:30,8.17,0.01,48,39216,买盘
562,14:27:27,8.16,--,14,11424,卖盘
563,14:27:24,8.16,-0.01,30,24480,卖盘
564,14:27:15,8.17,0.01,2,1634,买盘
565,14:27:12,8.16,-0.01,289,235824,卖盘
566,14:27:09,8.17,--,8,6536,买盘
567,14:27:03,8.17,0.01,509,415853,买盘
568,14:27:00,8.16,--,43,35088,买盘
569,14:26:57,8.16,--,12,9792,买盘
570,14:26:54,8.16,--,234,190944,买盘
571,14:26:51,8.16,--,139,113424,买盘
572,14:26:48,8.16,--,10,8160,买盘
573,14:26:45,8.16,--,6,4896,买盘
574,14:26:42,8.16,-0.01,17,13872,卖盘
575,14:26:39,8.17,--,441,360297,买盘
576,14:26:36,8.17,--,104,84968,买盘
577,14:26:33,8.17,0.01,52,42484,买盘
578,14:26:30,8.16,-0.01,16,13056,卖盘
579,14:26:27,8.17,0.01,45,36765,买盘
580,14:26:21,8.16,--,12,9792,卖盘
581,14:26:18,8.16,--,229,186864,买盘
582,14:26:12,8.16,-0.01,23,18768,中性盘
583,14:26:09,8.17,--,2,1634,买盘
584,14:26:06,8.17,--,21,17157,买盘
585,14:26:03,8.17,0.01,7,5719,买盘
586,14:26:00,8.16,0.01,4,3264,中性盘
587,14:25:57,8.15,--,472,384680,卖盘
588,14:25:54,8.15,--,20,16300,卖盘
589,14:25:51,8.15,-0.01,1530,1246950,卖盘
590,14:25:48,8.16,0.01,25,20400,买盘
591,14:25:45,8.15,-0.01,15,12225,卖盘
592,14:25:42,8.16,0.01,2,1811,买盘
593,14:25:39,8.15,--,11,8965,卖盘
594,14:25:36,8.15,-0.01,389,317556,卖盘
595,14:25:33,8.16,0.01,2,1632,买盘
596,14:25:30,8.15,-0.01,61,49715,卖盘
597,14:25:27,8.16,--,53,43248,买盘
598,14:25:24,8.16,0.01,64,52224,买盘
599,14:25:21,8.15,--,2,1630,卖盘
600,14:25:18,8.15,--,81,66015,卖盘
601,14:25:15,8.15,-0.01,4,3260,卖盘
602,14:25:12,8.16,--,23,18768,买盘
603,14:25:09,8.16,0.01,12,9792,买盘
604,14:25:06,8.15,-0.01,22,17930,卖盘
605,14:25:03,8.16,--,35,28560,买盘
606,14:25:00,8.16,0.01,144,117504,买盘
607,14:24:57,8.15,-0.01,623,507745,卖盘
608,14:24:54,8.16,0.01,24,19584,买盘
609,14:24:51,8.15,-0.01,17,13855,卖盘
610,14:24:48,8.16,--,73,59568,买盘
611,14:24:45,8.16,0.01,2,1632,买盘
612,14:24:42,8.15,-0.01,12,9780,卖盘
613,14:24:39,8.16,--,4,3264,买盘
614,14:24:36,8.16,--,166,135456,买盘
615,14:24:33,8.16,0.01,83,67728,买盘
616,14:24:30,8.15,--,12,9780,买盘
617,14:24:27,8.15,--,18,14670,卖盘
618,14:24:24,8.15,-0.01,49,39935,中性盘
619,14:24:18,8.16,--,2,1632,买盘
620,14:24:12,8.16,--,87,70992,买盘
621,14:24:09,8.16,0.01,544,443904,买盘
622,14:24:03,8.15,-0.01,36,29340,卖盘
623,14:24:00,8.16,--,140,114982,卖盘
624,14:23:57,8.16,--,510,416160,卖盘
625,14:23:54,8.16,0.01,1702,1388832,卖盘
626,14:23:51,8.15,--,184,150033,买盘
627,14:23:48,8.15,-0.01,538,438567,卖盘
628,14:23:45,8.16,--,81,66096,买盘
629,14:23:42,8.16,0.01,2,1632,买盘
630,14:23:39,8.15,-0.01,384,312960,卖盘
631,14:23:36,8.16,0.01,78,63648,买盘
632,14:23:33,8.15,--,74,60310,卖盘
633,14:23:30,8.15,-0.01,312,254280,卖盘
634,14:23:27,8.16,--,8,6528,买盘
635,14:23:24,8.16,--,160,130560,买盘
636,14:23:21,8.16,0.01,13,10608,买盘
637,14:23:18,8.15,--,728,593320,卖盘
638,14:23:15,8.15,--,140,114100,卖盘
639,14:23:12,8.15,-0.01,23,18745,卖盘
640,14:23:09,8.16,0.01,44,35904,买盘
641,14:23:03,8.15,--,429,349635,卖盘
642,14:23:00,8.15,--,713,581095,卖盘
643,14:22:57,8.15,--,10,8150,卖盘
644,14:22:54,8.15,--,1769,1442452,买盘
645,14:22:51,8.15,--,16,13040,买盘
646,14:22:48,8.15,0.01,113,92095,买盘
647,14:22:45,8.14,-0.01,10,8140,卖盘
648,14:22:42,8.15,0.01,29,23635,买盘
649,14:22:39,8.14,--,18,14692,买盘
650,14:22:36,8.14,--,4,3256,买盘
651,14:22:33,8.14,--,24,19536,买盘
652,14:22:30,8.14,--,4,3256,买盘
653,14:22:27,8.14,--,351,285714,买盘
654,14:22:24,8.14,--,22,17908,买盘
655,14:22:21,8.14,0.01,67,54538,买盘
656,14:22:18,8.13,-0.01,97,78861,卖盘
657,14:22:15,8.14,--,125,101750,买盘
658,14:22:12,8.14,--,6,4884,买盘
659,14:22:09,8.14,0.01,3017,2455838,买盘
660,14:22:06,8.13,-0.01,14,11382,卖盘
661,14:22:03,8.14,0.01,17,13838,买盘
662,14:22:00,8.13,0.01,1956,1590228,买盘
663,14:21:57,8.12,-0.01,495,401939,卖盘
664,14:21:54,8.13,--,90,73170,买盘
665,14:21:51,8.13,0.01,275,223575,买盘
666,14:21:48,8.12,-0.01,128,103935,卖盘
667,14:21:45,8.13,--,1022,830886,买盘
668,14:21:42,8.13,--,260,211380,买盘
669,14:21:39,8.13,0.01,14,11382,买盘
670,14:21:36,8.12,--,6,4871,卖盘
671,14:21:33,8.12,-0.01,60,48719,卖盘
672,14:21:30,8.13,--,75,60975,买盘
673,14:21:27,8.13,--,169,137397,买盘
674,14:21:24,8.13,--,1,813,买盘
675,14:21:21,8.13,0.01,111,90243,买盘
676,14:21:18,8.12,-0.01,84,68208,卖盘
677,14:21:15,8.13,--,36,29268,买盘
678,14:21:12,8.13,--,123,99999,买盘
679,14:21:09,8.13,--,129,104877,买盘
680,14:21:06,8.13,--,1036,842268,买盘
681,14:21:03,8.13,--,10,8130,买盘
682,14:21:00,8.13,-0.01,1785,1451205,卖盘
683,14:20:57,8.14,--,2,1628,买盘
684,14:20:54,8.14,--,14,11396,买盘
685,14:20:51,8.14,--,24,19536,买盘
686,14:20:48,8.14,--,4,3256,买盘
687,14:20:45,8.14,0.01,152,123728,买盘
688,14:20:42,8.13,-0.01,36,29268,卖盘
689,14:20:39,8.14,--,170,138380,买盘
690,14:20:36,8.14,--,25,20350,买盘
691,14:20:33,8.14,--,46,37444,买盘
692,14:20:30,8.14,--,129,105006,买盘
693,14:20:27,8.14,--,3,2442,买盘
694,14:20:24,8.14,0.01,123,100122,买盘
695,14:20:21,8.13,-0.01,52,42276,卖盘
696,14:20:18,8.14,0.01,48,39072,买盘
697,14:20:15,8.13,--,31,25203,卖盘
698,14:20:12,8.13,--,89,72357,卖盘
699,14:20:09,8.13,-0.01,40,32520,卖盘
700,14:20:06,8.14,--,3,2442,买盘
701,14:20:03,8.14,--,2,1628,买盘
702,14:20:00,8.14,0.01,4,3256,买盘
703,14:19:57,8.13,-0.01,3,2439,卖盘
704,14:19:54,8.14,0.01,23,18722,买盘
705,14:19:51,8.13,--,1183,961779,卖盘
706,14:19:48,8.13,--,70,56910,卖盘
707,14:19:45,8.13,-0.01,516,419508,卖盘
708,14:19:42,8.14,--,136,110704,买盘
709,14:19:39,8.14,--,10,8140,买盘
710,14:19:36,8.14,--,2288,1862432,买盘
711,14:19:33,8.14,--,20,16280,买盘
712,14:19:30,8.14,--,206,167684,买盘
713,14:19:27,8.14,--,44,35816,买盘
714,14:19:24,8.14,--,73,59422,买盘
715,14:19:21,8.14,--,78,63492,买盘
716,14:19:18,8.14,--,183,148962,买盘
717,14:19:15,8.14,--,2,1628,买盘
718,14:19:12,8.14,--,82,66748,买盘
719,14:19:09,8.14,--,23,18722,买盘
720,14:19:06,8.14,--,2,1628,买盘
721,14:19:03,8.14,-0.01,52,42328,卖盘
722,14:19:00,8.15,0.01,16,13040,买盘
723,14:18:57,8.14,-0.01,1326,1079364,卖盘
724,14:18:54,8.15,--,40,32600,买盘
725,14:18:51,8.15,--,13,10595,买盘
726,14:18:48,8.15,--,37,30155,买盘
727,14:18:45,8.15,--,5,4075,买盘
728,14:18:42,8.15,--,14,11410,买盘
729,14:18:39,8.15,--,2,1630,买盘
730,14:18:36,8.15,--,1,815,买盘
731,14:18:33,8.15,--,5,4075,买盘
732,14:18:30,8.15,--,53,43195,买盘
733,14:18:27,8.15,--,2,1630,买盘
734,14:18:24,8.15,--,102,83130,买盘
735,14:18:21,8.15,0.01,84,68460,买盘
736,14:18:18,8.14,-0.01,29,23606,卖盘
737,14:18:15,8.15,0.01,60,48900,买盘
738,14:18:12,8.14,-0.01,150,122100,卖盘
739,14:18:09,8.15,--,2,1630,买盘
740,14:18:06,8.15,--,15,12225,买盘
741,14:18:03,8.15,--,54,44010,买盘
742,14:18:00,8.15,--,24,19560,买盘
743,14:17:57,8.15,--,21,17115,买盘
744,14:17:54,8.15,--,27,22005,买盘
745,14:17:51,8.15,0.01,447,364305,买盘
746,14:17:48,8.14,-0.01,79,64306,卖盘
747,14:17:45,8.15,0.01,2,1630,买盘
748,14:17:42,8.14,--,1,814,卖盘
749,14:17:39,8.14,--,32,26048,卖盘
750,14:17:36,8.14,-0.01,3,2442,卖盘
751,14:17:33,8.15,0.01,2,1630,买盘
752,14:17:30,8.14,-0.01,29,23606,卖盘
753,14:17:27,8.15,--,1,815,买盘
754,14:17:24,8.15,--,56,45640,买盘
755,14:17:21,8.15,--,23,18745,买盘
756,14:17:18,8.15,0.01,74,60310,买盘
757,14:17:15,8.14,--,3,2442,卖盘
758,14:17:12,8.14,--,207,168498,卖盘
759,14:17:09,8.14,--,114,92796,卖盘
760,14:17:06,8.14,--,107,87098,卖盘
761,14:17:03,8.14,--,92,74888,卖盘
762,14:17:00,8.14,-0.01,146,118844,卖盘
763,14:16:57,8.15,0.01,63,51345,买盘
764,14:16:54,8.14,-0.01,1,814,卖盘
765,14:16:48,8.15,0.01,12,9780,买盘
766,14:16:45,8.14,-0.01,28,22792,卖盘
767,14:16:39,8.15,0.01,109,88835,买盘
768,14:16:36,8.14,-0.01,13,10582,卖盘
769,14:16:33,8.15,0.01,2,1630,买盘
770,14:16:30,8.14,-0.02,48,39072,卖盘
771,14:16:27,8.16,--,31,25296,买盘
772,14:16:24,8.16,0.01,220,179520,买盘
773,14:16:21,8.15,0.01,46,37490,买盘
774,14:16:18,8.14,--,31,25234,卖盘
775,14:16:15,8.14,--,71,57794,卖盘
776,14:16:12,8.14,--,29,23931,卖盘
777,14:16:06,8.14,-0.01,24,19536,卖盘
778,14:16:03,8.15,--,19,15485,买盘
779,14:16:00,8.15,--,5,4075,买盘
780,14:15:57,8.15,0.01,1,815,买盘
781,14:15:54,8.14,--,1,814,买盘
782,14:15:51,8.14,-0.01,54,43956,卖盘
783,14:15:48,8.15,0.01,11,8965,买盘
784,14:15:45,8.14,--,27,21978,卖盘
785,14:15:42,8.14,-0.01,4,3256,卖盘
786,14:15:39,8.15,0.01,597,486555,买盘
787,14:15:36,8.14,--,134,109076,买盘
788,14:15:33,8.14,--,26,21164,买盘
789,14:15:30,8.14,--,27,21978,买盘
790,14:15:27,8.14,-0.01,367,298738,卖盘
791,14:15:24,8.15,0.01,1681,1370015,买盘
792,14:15:21,8.14,-0.01,50,40700,卖盘
793,14:15:18,8.15,--,150,122250,买盘
794,14:15:15,8.15,--,4,3260,买盘
795,14:15:12,8.15,--,46,37490,买盘
796,14:15:09,8.15,--,29,23635,买盘
797,14:15:06,8.15,--,30,24450,买盘
798,14:15:03,8.15,--,22,17930,买盘
799,14:15:00,8.15,--,2,1630,买盘
800,14:14:57,8.15,--,22,17930,买盘
801,14:14:54,8.15,--,42,34230,买盘
802,14:14:51,8.15,--,50,40750,买盘
803,14:14:48,8.15,--,19,15485,买盘
804,14:14:45,8.15,0.01,2,1630,买盘
805,14:14:42,8.14,-0.01,4,3256,卖盘
806,14:14:39,8.15,--,30,24450,买盘
807,14:14:36,8.15,0.01,17,13855,买盘
808,14:14:30,8.14,-0.01,7,5698,卖盘
809,14:14:27,8.15,--,19,15485,买盘
810,14:14:24,8.15,0.01,46,37490,买盘
811,14:14:21,8.14,--,321,261294,卖盘
812,14:14:18,8.14,-0.01,21,17094,卖盘
813,14:14:15,8.15,0.01,45,36675,买盘
814,14:14:12,8.14,-0.01,3,2442,卖盘
815,14:14:09,8.15,--,49,39935,买盘
816,14:14:06,8.15,--,32,26080,买盘
817,14:14:03,8.15,--,22,17930,买盘
818,14:14:00,8.15,0.01,191,155665,买盘
819,14:13:57,8.14,-0.01,31,25234,卖盘
820,14:13:54,8.15,0.01,2,1630,买盘
821,14:13:51,8.14,-0.01,53,43142,卖盘
822,14:13:48,8.15,0.01,19,15485,买盘
823,14:13:45,8.14,0.01,101,82214,买盘
824,14:13:42,8.13,-0.01,134,108942,卖盘
825,14:13:39,8.14,--,22,17908,买盘
826,14:13:36,8.14,--,80,65120,买盘
827,14:13:33,8.14,--,4,3256,买盘
828,14:13:30,8.14,--,650,529100,卖盘
829,14:13:27,8.14,-0.01,7,5698,卖盘
830,14:13:24,8.15,--,18,14670,买盘
831,14:13:21,8.15,0.01,18,14670,买盘
832,14:13:18,8.14,-0.01,249,202686,卖盘
833,14:13:15,8.15,0.01,153,124695,买盘
834,14:13:12,8.14,-0.01,1026,835164,卖盘
835,14:13:09,8.15,--,132,107580,买盘
836,14:13:06,8.15,--,3,2445,买盘
837,14:13:03,8.15,--,26,21190,买盘
838,14:13:00,8.15,--,13,10595,买盘
839,14:12:57,8.15,--,1,815,买盘
840,14:12:54,8.15,--,299,243685,卖盘
841,14:12:51,8.15,-0.01,30,24450,卖盘
842,14:12:45,8.16,--,81,66096,买盘
843,14:12:39,8.16,--,6,4896,买盘
844,14:12:36,8.16,0.01,32,26112,买盘
845,14:12:30,8.15,--,3,2445,卖盘
846,14:12:27,8.15,-0.01,18,14670,卖盘
847,14:12:24,8.16,--,4,3264,买盘
848,14:12:21,8.16,0.01,125,102000,买盘
849,14:12:18,8.15,0.01,24,19560,买盘
850,14:12:15,8.14,--,35,28490,卖盘
851,14:12:12,8.14,-0.01,47,38258,卖盘
852,14:12:09,8.15,0.01,61,49715,买盘
853,14:12:06,8.14,-0.01,656,533984,卖盘
854,14:12:03,8.15,--,13,10595,买盘
855,14:12:00,8.15,--,35,28525,买盘
856,14:11:57,8.15,--,97,79055,买盘
857,14:11:54,8.15,0.01,16,13040,买盘
858,14:11:51,8.14,-0.01,49,39886,卖盘
859,14:11:48,8.15,--,25,20375,买盘
860,14:11:45,8.15,0.01,13,10595,买盘
861,14:11:42,8.14,-0.01,4,3256,卖盘
862,14:11:36,8.15,0.01,118,96170,买盘
863,14:11:33,8.14,-0.01,1568,1276352,卖盘
864,14:11:30,8.15,--,8,6520,买盘
865,14:11:27,8.15,--,55,44825,买盘
866,14:11:24,8.15,--,106,86390,买盘
867,14:11:21,8.15,-0.01,1682,1370830,卖盘
868,14:11:18,8.16,--,10,8160,买盘
869,14:11:15,8.16,0.01,115,93840,买盘
870,14:11:12,8.15,-0.01,672,547680,卖盘
871,14:11:09,8.16,--,39,31824,买盘
872,14:11:06,8.16,0.01,69,56304,买盘
873,14:11:03,8.15,-0.01,161,131215,卖盘
874,14:11:00,8.16,0.01,1,816,买盘
875,14:10:57,8.15,--,26,21190,卖盘
876,14:10:54,8.15,--,36,29340,卖盘
877,14:10:51,8.15,-0.01,3,2445,卖盘
878,14:10:48,8.16,--,16,13056,买盘
879,14:10:45,8.16,0.01,5,4080,买盘
880,14:10:42,8.15,-0.01,14,11410,卖盘
881,14:10:36,8.16,--,3,2448,买盘
882,14:10:33,8.16,--,12,9792,买盘
883,14:10:30,8.16,--,463,377808,买盘
884,14:10:27,8.16,--,2,1632,买盘
885,14:10:24,8.16,0.01,780,636480,买盘
886,14:10:21,8.15,-0.01,100,81500,卖盘
887,14:10:18,8.16,--,5,4080,买盘
888,14:10:15,8.16,0.01,29,23664,买盘
889,14:10:12,8.15,--,722,588430,卖盘
890,14:10:09,8.15,--,114,92910,卖盘
891,14:10:06,8.15,-0.01,57,46455,卖盘
892,14:10:03,8.16,0.01,15,12240,买盘
893,14:10:00,8.15,-0.01,30,24450,卖盘
894,14:09:57,8.16,0.01,4,3264,买盘
895,14:09:54,8.15,--,47,38305,卖盘
896,14:09:48,8.15,-0.01,671,546865,卖盘
897,14:09:45,8.16,--,827,674832,买盘
898,14:09:42,8.16,--,33,26928,买盘
899,14:09:39,8.16,-0.01,566,462345,卖盘
900,14:09:36,8.17,0.01,1,817,买盘
901,14:09:33,8.16,-0.01,33,26928,卖盘
902,14:09:30,8.17,0.01,2,1634,买盘
903,14:09:27,8.16,--,698,569568,卖盘
904,14:09:24,8.16,--,221,180336,卖盘
905,14:09:21,8.16,-0.01,132,107712,卖盘
906,14:09:18,8.17,--,2,1634,买盘
907,14:09:15,8.17,--,5,4085,买盘
908,14:09:12,8.17,0.01,38,31046,买盘
909,14:09:09,8.16,-0.01,1416,1155456,卖盘
910,14:09:06,8.17,--,66,53922,买盘
911,14:09:03,8.17,--,74,60458,买盘
912,14:09:00,8.17,--,2,1634,买盘
913,14:08:57,8.17,--,3,2451,买盘
914,14:08:54,8.17,--,2,1634,买盘
915,14:08:51,8.17,--,19,15523,买盘
916,14:08:48,8.17,0.01,118,96406,买盘
917,14:08:45,8.16,-0.01,7,5712,卖盘
918,14:08:42,8.17,--,54,44118,买盘
919,14:08:39,8.17,0.01,47,38399,买盘
920,14:08:36,8.16,-0.01,191,155856,卖盘
921,14:08:33,8.17,--,43,35131,买盘
922,14:08:30,8.17,--,2,1634,买盘
923,14:08:27,8.17,-0.01,95,77615,卖盘
924,14:08:24,8.18,--,17,13906,买盘
925,14:08:18,8.18,--,1,818,买盘
926,14:08:15,8.18,--,5,4090,买盘
927,14:08:12,8.18,0.01,57,46626,买盘
928,14:08:09,8.17,--,24,19608,卖盘
929,14:08:06,8.17,-0.01,3,2451,卖盘
930,14:08:03,8.18,--,64,52352,买盘
931,14:08:00,8.18,0.01,2,1636,买盘
932,14:07:57,8.17,--,3,2451,卖盘
933,14:07:54,8.17,0.01,21,17157,中性盘
934,14:07:51,8.16,-0.01,135,110486,卖盘
935,14:07:48,8.17,--,71,58007,买盘
936,14:07:45,8.17,0.01,8,6536,买盘
937,14:07:42,8.16,-0.01,799,651984,卖盘
938,14:07:39,8.17,--,78,63726,买盘
939,14:07:36,8.17,0.01,114,93138,买盘
940,14:07:33,8.16,--,746,608736,卖盘
941,14:07:30,8.16,-0.01,25,20400,卖盘
942,14:07:27,8.17,--,79,64543,买盘
943,14:07:24,8.17,--,22,17974,买盘
944,14:07:21,8.17,0.01,651,531867,买盘
945,14:07:18,8.16,-0.01,1,816,卖盘
946,14:07:15,8.17,-0.01,314,257028,卖盘
947,14:07:12,8.18,--,35,28630,买盘
948,14:07:06,8.18,--,1,818,买盘
949,14:07:03,8.18,0.01,153,125481,买盘
950,14:07:00,8.17,--,30,24510,买盘
951,14:06:57,8.17,--,4,3268,买盘
952,14:06:54,8.17,-0.01,70,57190,卖盘
953,14:06:51,8.18,0.01,27,22086,买盘
954,14:06:48,8.17,-0.01,3,2451,卖盘
955,14:06:45,8.18,--,5,4090,买盘
956,14:06:42,8.18,--,179,146422,买盘
957,14:06:39,8.18,0.01,69,56442,买盘
958,14:06:36,8.17,--,858,700986,卖盘
959,14:06:33,8.17,-0.01,107,87419,卖盘
960,14:06:30,8.18,--,33,26994,买盘
961,14:06:27,8.18,-0.01,38,31084,卖盘
962,14:06:24,8.19,--,52,42588,买盘
963,14:06:21,8.19,0.01,2,1638,买盘
964,14:06:18,8.18,-0.01,20,16360,卖盘
965,14:06:15,8.19,--,21,17199,买盘
966,14:06:12,8.19,0.01,2,1638,买盘
967,14:06:09,8.18,-0.01,13,10634,卖盘
968,14:06:06,8.19,--,37,30302,买盘
969,14:06:03,8.19,0.01,45,36855,买盘
970,14:06:00,8.18,--,19,15542,买盘
971,14:05:57,8.18,--,8,6544,买盘
972,14:05:54,8.18,0.01,8,6544,买盘
973,14:05:51,8.17,-0.02,7,5719,卖盘
974,14:05:48,8.19,0.02,33,27027,买盘
975,14:05:45,8.17,-0.02,146,119282,卖盘
976,14:05:42,8.19,--,66,54054,买盘
977,14:05:39,8.19,0.02,551,451269,买盘
978,14:05:36,8.17,-0.01,541,441997,卖盘
979,14:05:33,8.18,--,50,40900,买盘
980,14:05:30,8.18,0.01,33,26994,买盘
981,14:05:27,8.17,-0.01,1,817,卖盘
982,14:05:24,8.18,--,284,232312,买盘
983,14:05:21,8.18,--,207,169326,卖盘
984,14:05:18,8.18,-0.01,24,19632,卖盘
985,14:05:15,8.19,--,13,10647,买盘
986,14:05:12,8.19,--,10,8189,买盘
987,14:05:09,8.19,0.02,20,16379,买盘
988,14:05:06,8.17,-0.02,191,156047,卖盘
989,14:05:03,8.19,0.01,22,18018,买盘
990,14:05:00,8.18,0.01,106,86708,买盘
991,14:04:57,8.17,-0.01,183,149511,卖盘
992,14:04:54,8.18,--,30,24540,买盘
993,14:04:51,8.18,--,30,24540,买盘
994,14:04:48,8.18,--,102,83436,买盘
995,14:04:45,8.18,--,49,40082,买盘
996,14:04:42,8.18,--,97,79346,买盘
997,14:04:39,8.18,--,388,317384,卖盘
998,14:04:36,8.18,-0.01,102,83436,卖盘
999,14:04:33,8.19,--,5,4094,买盘
1000,14:04:30,8.19,--,6,4914,买盘
1001,14:04:27,8.19,--,45,36855,买盘
1002,14:04:24,8.19,0.01,38,31121,买盘
1003,14:04:21,8.18,--,214,175052,卖盘
1004,14:04:18,8.18,-0.01,1,818,卖盘
1005,14:04:15,8.19,--,2,1638,买盘
1006,14:04:12,8.19,0.01,94,76986,买盘
1007,14:04:09,8.18,--,2,1636,卖盘
1008,14:04:06,8.18,-0.01,50,40900,卖盘
1009,14:04:03,8.19,0.01,73,59787,买盘
1010,14:04:00,8.18,-0.01,52,42536,卖盘
1011,14:03:57,8.19,0.01,16,13104,买盘
1012,14:03:54,8.18,-0.01,16,13088,卖盘
1013,14:03:51,8.19,0.01,6,4914,买盘
1014,14:03:45,8.18,0.01,2,1636,买盘
1015,14:03:42,8.17,-0.01,428,349676,卖盘
1016,14:03:39,8.18,0.01,802,656036,买盘
1017,14:03:36,8.17,-0.01,149,121733,卖盘
1018,14:03:33,8.18,--,65,53170,买盘
1019,14:03:27,8.18,--,6,4908,买盘
1020,14:03:24,8.18,0.01,18,14724,买盘
1021,14:03:21,8.17,-0.01,178,145426,卖盘
1022,14:03:18,8.18,0.01,291,238038,买盘
1023,14:03:15,8.17,-0.01,14,11438,卖盘
1024,14:03:12,8.18,--,527,431086,买盘
1025,14:03:09,8.18,0.01,502,410636,买盘
1026,14:03:06,8.17,-0.01,1,817,卖盘
1027,14:03:03,8.18,--,36,29448,买盘
1028,14:03:00,8.18,0.01,179,146422,买盘
1029,14:02:57,8.17,-0.01,81,66177,卖盘
1030,14:02:54,8.18,--,75,61350,买盘
1031,14:02:51,8.18,--,68,55624,买盘
1032,14:02:48,8.18,--,24,19632,买盘
1033,14:02:45,8.18,0.01,52,42536,买盘
1034,14:02:42,8.17,-0.01,837,683829,卖盘
1035,14:02:39,8.18,--,300,245400,买盘
1036,14:02:36,8.18,0.01,180,147240,买盘
1037,14:02:33,8.17,-0.01,93,75981,卖盘
1038,14:02:30,8.18,-0.01,1530,1251540,卖盘
1039,14:02:24,8.19,--,56,45864,买盘
1040,14:02:21,8.19,--,2,1638,买盘
1041,14:02:18,8.19,0.01,54,44226,买盘
1042,14:02:15,8.18,-0.01,35,28630,卖盘
1043,14:02:12,8.19,0.01,3,2457,买盘
1044,14:02:09,8.18,-0.01,16,13088,卖盘
1045,14:02:06,8.19,--,21,17199,买盘
1046,14:02:03,8.19,0.01,69,56511,买盘
1047,14:02:00,8.18,-0.01,1,818,卖盘
1048,14:01:57,8.19,--,1,819,买盘
1049,14:01:54,8.19,0.01,97,79443,买盘
1050,14:01:51,8.18,-0.01,71,58863,卖盘
1051,14:01:48,8.19,0.01,979,801833,买盘
1052,14:01:45,8.18,--,1777,1454371,卖盘
1053,14:01:42,8.18,-0.01,200,163600,卖盘
1054,14:01:39,8.19,--,327,267813,买盘
1055,14:01:36,8.19,--,113,92547,买盘
1056,14:01:33,8.19,--,20,16379,买盘
1057,14:01:30,8.19,--,50,40950,买盘
1058,14:01:27,8.19,--,5,4094,买盘
1059,14:01:24,8.19,0.01,74,60605,买盘
1060,14:01:21,8.18,-0.01,17,13906,卖盘
1061,14:01:18,8.19,--,648,530712,卖盘
1062,14:01:15,8.19,--,41,33579,卖盘
1063,14:01:12,8.19,-0.01,5,4094,卖盘
1064,14:01:09,8.2,0.01,54,44279,买盘
1065,14:01:06,8.19,-0.01,10,8189,卖盘
1066,14:01:03,8.2,--,56,45919,买盘
1067,14:01:00,8.2,0.01,100,82000,买盘
1068,14:00:57,8.19,-0.01,146,119574,卖盘
1069,14:00:54,8.2,0.01,352,288640,买盘
1070,14:00:51,8.19,--,75,61424,买盘
1071,14:00:48,8.19,--,246,201474,买盘
1072,14:00:45,8.19,--,321,262899,卖盘
1073,14:00:42,8.19,-0.01,6,4914,卖盘
1074,14:00:39,8.2,0.01,8,6559,买盘
1075,14:00:36,8.19,--,140,114660,卖盘
1076,14:00:33,8.19,-0.01,22,18018,卖盘
1077,14:00:30,8.2,0.02,790,647800,买盘
1078,14:00:27,8.18,--,31,25358,卖盘
1079,14:00:24,8.18,-0.01,202,165236,卖盘
1080,14:00:21,8.19,--,139,113841,买盘
1081,14:00:18,8.19,--,10,8189,买盘
1082,14:00:12,8.19,--,11,9009,买盘
1083,14:00:09,8.19,0.01,4,3276,中性盘
1084,14:00:06,8.18,-0.01,93,76074,卖盘
1085,14:00:03,8.19,--,2,1638,卖盘
1086,14:00:00,8.19,--,100,81932,买盘
1087,13:59:57,8.19,--,28,22932,买盘
1088,13:59:54,8.19,0.01,169,138411,买盘
1089,13:59:51,8.18,--,145,118610,买盘
1090,13:59:48,8.18,--,594,486677,卖盘
1091,13:59:45,8.18,-0.01,160,130880,卖盘
1092,13:59:42,8.19,--,10,8189,买盘
1093,13:59:39,8.19,-0.01,27,22113,卖盘
1094,13:59:36,8.2,0.01,155,127099,买盘
1095,13:59:30,8.19,--,52,42588,卖盘
1096,13:59:27,8.19,--,161,131859,卖盘
1097,13:59:24,8.19,--,14,11466,卖盘
1098,13:59:21,8.19,--,28,22932,卖盘
1099,13:59:18,8.19,--,7,5733,卖盘
1100,13:59:12,8.19,--,77,63062,买盘
1101,13:59:09,8.19,0.01,40,32759,买盘
1102,13:59:06,8.18,-0.01,4037,3302266,卖盘
1103,13:59:03,8.19,0.01,105,85995,买盘
1104,13:59:00,8.18,-0.01,50,40900,卖盘
1105,13:58:57,8.19,--,23,18837,买盘
1106,13:58:51,8.19,0.01,467,382473,买盘
1107,13:58:48,8.18,--,497,406546,卖盘
1108,13:58:45,8.18,--,44,35992,卖盘
1109,13:58:42,8.18,-0.01,101,82618,卖盘
1110,13:58:39,8.19,0.01,24,19656,买盘
1111,13:58:36,8.18,--,1,818,卖盘
1112,13:58:33,8.18,-0.01,155,126790,卖盘
1113,13:58:30,8.19,--,13,10647,买盘
1114,13:58:27,8.19,--,21,17199,买盘
1115,13:58:24,8.19,0.01,46,37674,买盘
1116,13:58:21,8.18,--,54,44172,卖盘
1117,13:58:18,8.18,--,10,8180,卖盘
1118,13:58:15,8.18,-0.01,1025,838450,卖盘
1119,13:58:12,8.19,0.01,25,20475,买盘
1120,13:58:09,8.18,--,155,126822,买盘
1121,13:58:06,8.18,--,258,211044,买盘
1122,13:58:03,8.18,--,166,135788,买盘
1123,13:58:00,8.18,--,58,47444,买盘
1124,13:57:57,8.18,--,50,40900,买盘
1125,13:57:54,8.18,0.01,444,363192,买盘
1126,13:57:51,8.17,-0.01,508,415036,卖盘
1127,13:57:48,8.18,--,1235,1010230,买盘
1128,13:57:39,8.18,--,2,1636,买盘
1129,13:57:36,8.18,--,5,4090,买盘
1130,13:57:33,8.18,0.01,99,80982,买盘
1131,13:57:30,8.17,-0.01,29,23693,卖盘
1132,13:57:24,8.18,--,37,30315,买盘
1133,13:57:21,8.18,0.01,2,1636,买盘
1134,13:57:18,8.17,--,14,11438,卖盘
1135,13:57:15,8.17,--,5,4852,买盘
1136,13:57:12,8.17,--,46,37582,买盘
1137,13:57:09,8.17,--,20,16340,买盘
1138,13:57:06,8.17,--,20,16340,买盘
1139,13:57:03,8.17,--,51,41667,买盘
1140,13:57:00,8.17,--,28,22876,买盘
1141,13:56:57,8.17,--,146,119282,买盘
1142,13:56:54,8.17,--,258,210835,卖盘
1143,13:56:51,8.17,--,598,488566,卖盘
1144,13:56:48,8.17,--,61,50604,买盘
1145,13:56:45,8.17,--,5,4085,买盘
1146,13:56:42,8.17,--,16,13072,买盘
1147,13:56:39,8.17,0.01,101,82517,买盘
1148,13:56:36,8.16,--,1778,1450848,卖盘
1149,13:56:33,8.16,--,2,1632,卖盘
1150,13:56:30,8.16,-0.01,32,26112,卖盘
1151,13:56:27,8.17,--,17,13889,买盘
1152,13:56:24,8.17,--,20,16340,买盘
1153,13:56:21,8.17,0.01,19,15808,买盘
1154,13:56:18,8.16,--,36,29376,买盘
1155,13:56:15,8.16,0.01,1,816,买盘
1156,13:56:12,8.15,-0.01,103,83945,卖盘
1157,13:56:09,8.16,--,34,27744,买盘
1158,13:56:06,8.16,0.01,530,432480,买盘
1159,13:56:03,8.15,--,520,423800,卖盘
1160,13:56:00,8.15,-0.01,23,18745,卖盘
1161,13:55:57,8.16,0.01,1384,1129344,买盘
1162,13:55:54,8.15,--,742,604730,卖盘
1163,13:55:51,8.15,--,229,186635,卖盘
1164,13:55:48,8.15,-0.01,159,129585,卖盘
1165,13:55:45,8.16,--,50,40800,买盘
1166,13:55:42,8.16,0.01,2,1632,买盘
1167,13:55:39,8.15,--,100,81500,卖盘
1168,13:55:36,8.15,--,50,40750,卖盘
1169,13:55:33,8.15,-0.01,1,815,卖盘
1170,13:55:30,8.16,0.01,8,6528,买盘
1171,13:55:27,8.15,-0.01,20,16300,卖盘
1172,13:55:24,8.16,0.01,22,17952,买盘
1173,13:55:21,8.15,--,11,8965,卖盘
1174,13:55:18,8.15,-0.01,147,119805,卖盘
1175,13:55:15,8.16,0.01,5,4080,买盘
1176,13:55:12,8.15,--,12,9780,卖盘
1177,13:55:09,8.15,--,399,325185,买盘
1178,13:55:06,8.15,--,180,146700,买盘
1179,13:55:03,8.15,0.01,128,104320,买盘
1180,13:55:00,8.14,-0.01,2,1628,卖盘
1181,13:54:57,8.15,-0.01,308,251020,卖盘
1182,13:54:54,8.16,--,82,66912,买盘
1183,13:54:51,8.16,--,42,34272,买盘
1184,13:54:48,8.16,0.01,65,53040,买盘
1185,13:54:45,8.15,-0.01,15,12225,卖盘
1186,13:54:42,8.16,0.01,118,96288,买盘
1187,13:54:39,8.15,--,356,290140,买盘
1188,13:54:36,8.15,--,168,136920,买盘
1189,13:54:33,8.15,--,179,145885,买盘
1190,13:54:30,8.15,--,102,83130,买盘
1191,13:54:27,8.15,--,119,96985,买盘
1192,13:54:24,8.15,--,330,268950,买盘
1193,13:54:21,8.15,--,13,10595,买盘
1194,13:54:18,8.15,0.01,19,15485,买盘
1195,13:54:15,8.14,--,12,9768,卖盘
1196,13:54:12,8.14,-0.01,12,9768,卖盘
1197,13:54:09,8.15,0.01,38,30970,买盘
1198,13:54:03,8.14,-0.01,12,9768,卖盘
1199,13:54:00,8.15,--,21,17115,买盘
1200,13:53:57,8.15,0.01,96,78240,买盘
1201,13:53:54,8.14,-0.01,89,72446,卖盘
1202,13:53:51,8.15,0.01,44,35860,买盘
1203,13:53:48,8.14,-0.01,8,6512,卖盘
1204,13:53:45,8.15,--,105,85575,买盘
1205,13:53:42,8.15,--,19,15485,买盘
1206,13:53:39,8.15,--,86,70090,买盘
1207,13:53:36,8.15,0.01,169,137735,买盘
1208,13:53:30,8.14,-0.01,13,10582,卖盘
1209,13:53:27,8.15,--,3,2445,买盘
1210,13:53:24,8.15,--,62,50530,买盘
1211,13:53:21,8.15,0.01,16,13040,买盘
1212,13:53:18,8.14,-0.01,1,814,卖盘
1213,13:53:15,8.15,--,4,3260,买盘
1214,13:53:12,8.15,--,77,62755,买盘
1215,13:53:09,8.15,--,4,3260,买盘
1216,13:53:06,8.15,--,55,44825,买盘
1217,13:53:03,8.15,--,54,44010,买盘
1218,13:53:00,8.15,--,222,180930,卖盘
1219,13:52:57,8.15,0.01,8,6520,卖盘
1220,13:52:54,8.14,-0.02,204,166056,卖盘
1221,13:52:51,8.16,0.01,25,20400,买盘
1222,13:52:48,8.15,--,17,13855,买盘
1223,13:52:45,8.15,0.01,64,52160,买盘
1224,13:52:42,8.14,--,48,39072,卖盘
1225,13:52:39,8.14,--,68,55352,卖盘
1226,13:52:36,8.14,--,3,2442,卖盘
1227,13:52:33,8.14,--,75,61050,卖盘
1228,13:52:30,8.14,-0.01,147,119658,卖盘
1229,13:52:27,8.15,0.01,6,4890,买盘
1230,13:52:24,8.14,-0.01,87,70818,卖盘
1231,13:52:21,8.15,0.01,114,92910,买盘
1232,13:52:18,8.14,-0.01,3,2442,卖盘
1233,13:52:15,8.15,--,52,42380,买盘
1234,13:52:12,8.15,--,67,54605,买盘
1235,13:52:09,8.15,--,1553,1265695,买盘
1236,13:52:06,8.15,0.01,10,8150,买盘
1237,13:52:03,8.14,--,19,15466,卖盘
1238,13:52:00,8.14,-0.01,20,16280,卖盘
1239,13:51:54,8.15,0.01,3,2445,买盘
1240,13:51:51,8.14,--,27,21978,卖盘
1241,13:51:48,8.14,-0.01,34,27676,卖盘
1242,13:51:45,8.15,0.01,23,18745,买盘
1243,13:51:42,8.14,-0.01,8,6512,卖盘
1244,13:51:39,8.15,--,48,39120,买盘
1245,13:51:36,8.15,0.01,182,148330,买盘
1246,13:51:33,8.14,-0.01,380,309320,卖盘
1247,13:51:30,8.15,0.01,109,88835,买盘
1248,13:51:27,8.14,--,33,26862,卖盘
1249,13:51:24,8.14,-0.01,19,15466,卖盘
1250,13:51:21,8.15,0.01,103,83945,买盘
1251,13:51:18,8.14,--,4,3256,卖盘
1252,13:51:15,8.14,--,3,2442,卖盘
1253,13:51:12,8.14,-0.01,101,82214,卖盘
1254,13:51:09,8.15,0.01,22,17930,买盘
1255,13:51:06,8.14,-0.01,190,154660,卖盘
1256,13:51:03,8.15,--,37,30155,卖盘
1257,13:51:00,8.15,--,1738,1416470,卖盘
1258,13:50:57,8.15,--,107,87205,卖盘
1259,13:50:54,8.15,--,24,19560,卖盘
1260,13:50:51,8.15,-0.01,67,54605,卖盘
1261,13:50:48,8.16,0.01,35,28560,买盘
1262,13:50:45,8.15,--,59,48085,卖盘
1263,13:50:42,8.15,-0.01,6,4890,卖盘
1264,13:50:39,8.16,0.01,45,36720,买盘
1265,13:50:36,8.15,-0.01,111,90465,中性盘
1266,13:50:33,8.16,0.01,129,105264,买盘
1267,13:50:30,8.15,--,101,82315,买盘
1268,13:50:27,8.15,--,52,42380,买盘
1269,13:50:24,8.15,--,31,25265,买盘
1270,13:50:21,8.15,--,46,37490,买盘
1271,13:50:18,8.15,--,157,127955,买盘
1272,13:50:15,8.15,0.01,7,5705,买盘
1273,13:50:12,8.14,-0.01,8,6512,卖盘
1274,13:50:09,8.15,--,209,170335,买盘
1275,13:50:06,8.15,--,264,215160,卖盘
1276,13:50:03,8.15,--,257,209455,卖盘
1277,13:50:00,8.15,--,5,4075,卖盘
1278,13:49:57,8.15,--,50,40750,卖盘
1279,13:49:51,8.15,--,50,40750,卖盘
1280,13:49:48,8.15,-0.01,9,7335,卖盘
1281,13:49:45,8.16,--,15,12240,买盘
1282,13:49:42,8.16,0.01,48,39168,买盘
1283,13:49:39,8.15,-0.01,75,61125,卖盘
1284,13:49:36,8.16,--,10,8160,买盘
1285,13:49:33,8.16,0.02,108,88128,买盘
1286,13:49:30,8.14,--,9,7326,卖盘
1287,13:49:27,8.14,-0.01,671,546194,卖盘
1288,13:49:24,8.15,--,15,12225,卖盘
1289,13:49:21,8.15,--,56,45640,买盘
1290,13:49:18,8.15,--,55,44825,买盘
1291,13:49:15,8.15,--,486,396090,买盘
1292,13:49:12,8.15,--,2,1630,买盘
1293,13:49:09,8.15,0.01,19,15485,买盘
1294,13:49:06,8.14,-0.02,363,295482,卖盘
1295,13:49:03,8.16,0.01,53,43248,买盘
1296,13:49:00,8.15,--,1799,1466185,买盘
1297,13:48:57,8.15,--,6,4890,买盘
1298,13:48:54,8.15,0.01,53,43195,买盘
1299,13:48:51,8.14,--,110,89540,卖盘
1300,13:48:48,8.14,--,7,5698,卖盘
1301,13:48:45,8.14,--,29,23606,卖盘
1302,13:48:42,8.14,-0.01,14,11396,卖盘
1303,13:48:39,8.15,--,32,26080,买盘
1304,13:48:36,8.15,0.01,46,37490,买盘
1305,13:48:33,8.14,-0.02,2020,1644280,卖盘
1306,13:48:30,8.16,0.01,6,4896,买盘
1307,13:48:27,8.15,-0.01,21,17115,卖盘
1308,13:48:24,8.16,0.01,89,72624,买盘
1309,13:48:21,8.15,-0.01,28,22820,卖盘
1310,13:48:18,8.16,0.01,9,7344,买盘
1311,13:48:15,8.15,--,2,1630,卖盘
1312,13:48:12,8.15,--,102,83130,卖盘
1313,13:48:09,8.15,-0.01,358,291770,卖盘
1314,13:48:06,8.16,-0.01,266,217056,卖盘
1315,13:48:03,8.17,0.01,61,49837,买盘
1316,13:48:00,8.16,-0.01,2,1632,卖盘
1317,13:47:57,8.17,--,13,10621,买盘
1318,13:47:54,8.17,--,22,17974,买盘
1319,13:47:51,8.17,--,7,5719,买盘
1320,13:47:48,8.17,--,37,30229,买盘
1321,13:47:45,8.17,0.01,5,4085,买盘
1322,13:47:42,8.16,-0.01,1,816,卖盘
1323,13:47:39,8.17,0.01,46,37582,买盘
1324,13:47:36,8.16,-0.01,3,2448,卖盘
1325,13:47:33,8.17,--,44,35948,买盘
1326,13:47:30,8.17,0.01,149,121733,买盘
1327,13:47:27,8.16,--,43,35088,买盘
1328,13:47:24,8.16,--,51,41616,买盘
1329,13:47:18,8.16,--,112,91392,买盘
1330,13:47:15,8.16,--,244,199104,买盘
1331,13:47:12,8.16,--,1,816,买盘
1332,13:47:09,8.16,--,598,487968,卖盘
1333,13:47:06,8.16,-0.01,101,82416,卖盘
1334,13:47:03,8.17,--,34,27778,买盘
1335,13:47:00,8.17,--,14,11438,买盘
1336,13:46:57,8.17,0.01,18,14706,买盘
1337,13:46:54,8.16,--,105,85680,卖盘
1338,13:46:51,8.16,-0.01,3,2448,卖盘
1339,13:46:48,8.17,0.01,82,66994,买盘
1340,13:46:45,8.16,--,64,52224,卖盘
1341,13:46:42,8.16,-0.01,347,283152,卖盘
1342,13:46:39,8.17,0.01,90,73530,买盘
1343,13:46:36,8.16,--,36,29376,买盘
1344,13:46:33,8.16,0.01,123,100368,买盘
1345,13:46:30,8.15,-0.01,56,45640,卖盘
1346,13:46:27,8.16,--,227,185232,买盘
1347,13:46:24,8.16,--,99,80784,买盘
1348,13:46:21,8.16,0.01,30,24480,买盘
1349,13:46:18,8.15,-0.01,44,35860,卖盘
1350,13:46:15,8.16,--,53,43248,买盘
1351,13:46:12,8.16,--,504,411264,卖盘
1352,13:46:09,8.16,--,387,315792,卖盘
1353,13:46:06,8.16,--,314,256224,卖盘
1354,13:46:03,8.16,--,29,23664,卖盘
1355,13:46:00,8.16,--,46,37536,卖盘
1356,13:45:57,8.16,-0.01,11,8976,卖盘
1357,13:45:54,8.17,0.01,1,817,买盘
1358,13:45:51,8.16,--,16,13056,卖盘
1359,13:45:48,8.16,--,5,4080,卖盘
1360,13:45:45,8.16,--,13,10608,卖盘
1361,13:45:42,8.16,-0.01,30,24480,卖盘
1362,13:45:39,8.17,0.01,13,10621,买盘
1363,13:45:36,8.16,--,24,19584,卖盘
1364,13:45:33,8.16,-0.01,29,23664,卖盘
1365,13:45:30,8.17,0.01,131,107027,买盘
1366,13:45:27,8.16,--,82,66912,买盘
1367,13:45:24,8.16,0.01,55,44880,买盘
1368,13:45:21,8.15,-0.01,25,20375,卖盘
1369,13:45:18,8.16,--,12,9792,买盘
1370,13:45:15,8.16,--,120,97920,卖盘
1371,13:45:12,8.16,--,690,563040,卖盘
1372,13:45:09,8.16,--,8,6528,卖盘
1373,13:45:03,8.16,-0.01,12,9792,卖盘
1374,13:45:00,8.17,--,27,22059,买盘
1375,13:44:57,8.17,--,10,8170,买盘
1376,13:44:54,8.17,0.01,132,107844,买盘
1377,13:44:51,8.16,--,3,2448,卖盘
1378,13:44:48,8.16,-0.01,24,19584,卖盘
1379,13:44:45,8.17,--,3,2451,买盘
1380,13:44:42,8.17,0.01,94,76798,买盘
1381,13:44:39,8.16,-0.01,5,4080,卖盘
1382,13:44:36,8.17,--,61,49837,买盘
1383,13:44:33,8.17,0.01,605,494285,买盘
1384,13:44:30,8.16,--,186,151776,卖盘
1385,13:44:27,8.16,--,3,2448,卖盘
1386,13:44:24,8.16,--,11,8976,卖盘
1387,13:44:21,8.16,--,12,9792,卖盘
1388,13:44:18,8.16,--,178,145248,卖盘
1389,13:44:15,8.16,-0.01,946,771936,卖盘
1390,13:44:12,8.17,--,158,129086,买盘
1391,13:44:09,8.17,--,58,47386,买盘
1392,13:44:06,8.17,--,323,263891,买盘
1393,13:44:03,8.17,--,1,817,买盘
1394,13:44:00,8.17,--,202,165034,买盘
1395,13:43:57,8.17,--,30,24510,买盘
1396,13:43:54,8.17,--,33,26961,买盘
1397,13:43:51,8.17,0.01,53,43301,买盘
1398,13:43:48,8.16,--,6,4896,卖盘
1399,13:43:45,8.16,-0.01,154,125664,卖盘
1400,13:43:42,8.17,--,17,13889,买盘
1401,13:43:39,8.17,--,18,14706,买盘
1402,13:43:36,8.17,0.01,12,9804,买盘
1403,13:43:33,8.16,-0.01,14,11424,卖盘
1404,13:43:30,8.17,--,95,77615,买盘
1405,13:43:27,8.17,0.01,60,49020,买盘
1406,13:43:24,8.16,0.01,33,26928,买盘
1407,13:43:21,8.15,-0.01,208,169520,卖盘
1408,13:43:18,8.16,--,597,487152,卖盘
1409,13:43:15,8.16,--,271,221136,卖盘
1410,13:43:12,8.16,--,3,2448,卖盘
1411,13:43:09,8.16,--,20,16320,卖盘
1412,13:43:06,8.16,-0.01,72,58752,卖盘
1413,13:43:03,8.17,0.01,76,62092,买盘
1414,13:43:00,8.16,-0.01,3,2448,卖盘
1415,13:42:57,8.17,--,22,17974,买盘
1416,13:42:54,8.17,0.01,2,1634,买盘
1417,13:42:51,8.16,--,1,816,卖盘
1418,13:42:48,8.16,-0.01,24,19584,卖盘
1419,13:42:45,8.17,0.01,351,286767,买盘
1420,13:42:42,8.16,--,2,1632,卖盘
1421,13:42:39,8.16,-0.01,5,4080,卖盘
1422,13:42:36,8.17,0.01,101,82517,买盘
1423,13:42:33,8.16,--,47,38352,卖盘
1424,13:42:30,8.16,-0.01,3,2448,卖盘
1425,13:42:27,8.17,0.01,147,120099,买盘
1426,13:42:24,8.16,--,33,26928,买盘
1427,13:42:21,8.16,0.01,327,266832,买盘
1428,13:42:18,8.15,-0.01,550,448250,卖盘
1429,13:42:15,8.16,-0.01,587,478992,卖盘
1430,13:42:12,8.17,--,7,5719,买盘
1431,13:42:09,8.17,0.01,107,87419,买盘
1432,13:42:06,8.16,-0.01,3,2448,卖盘
1433,13:42:03,8.17,0.01,225,183825,买盘
1434,13:42:00,8.16,--,62,50592,卖盘
1435,13:41:57,8.16,-0.01,12,9792,卖盘
1436,13:41:54,8.17,0.01,8,6536,买盘
1437,13:41:51,8.16,-0.01,2,1632,卖盘
1438,13:41:48,8.17,--,42,34314,买盘
1439,13:41:45,8.17,0.01,259,211603,买盘
1440,13:41:42,8.16,--,76,62016,买盘
1441,13:41:39,8.16,--,53,43248,买盘
1442,13:41:36,8.16,0.01,30,24480,买盘
1443,13:41:33,8.15,--,6,4890,卖盘
1444,13:41:30,8.15,--,57,46455,卖盘
1445,13:41:27,8.15,-0.01,18,14670,卖盘
1446,13:41:24,8.16,--,25,20400,买盘
1447,13:41:21,8.16,--,370,301920,买盘
1448,13:41:18,8.16,-0.01,428,349248,卖盘
1449,13:41:15,8.17,--,55,44935,买盘
1450,13:41:12,8.17,0.01,54,44118,买盘
1451,13:41:09,8.16,--,88,71808,卖盘
1452,13:41:03,8.16,--,22,17952,中性盘
1453,13:41:00,8.16,--,17,13872,卖盘
1454,13:40:57,8.16,-0.01,10,8160,卖盘
1455,13:40:54,8.17,0.01,114,93138,买盘
1456,13:40:51,8.16,--,70,57120,卖盘
1457,13:40:48,8.16,--,35,28560,卖盘
1458,13:40:42,8.16,0.01,67,54672,买盘
1459,13:40:39,8.15,--,36,29340,卖盘
1460,13:40:36,8.15,-0.01,3,2445,卖盘
1461,13:40:33,8.16,0.01,3,2448,买盘
1462,13:40:30,8.15,0.01,1,815,卖盘
1463,13:40:27,8.14,-0.01,590,480260,卖盘
1464,13:40:24,8.15,--,92,74980,买盘
1465,13:40:21,8.15,-0.01,340,277100,卖盘
1466,13:40:18,8.16,0.01,46,37536,买盘
1467,13:40:15,8.15,-0.01,6,4890,卖盘
1468,13:40:12,8.16,--,7,5712,买盘
1469,13:40:09,8.16,--,48,39168,买盘
1470,13:40:06,8.16,0.01,94,76704,买盘
1471,13:40:03,8.15,--,859,700085,买盘
1472,13:40:00,8.15,0.01,17,13855,买盘
1473,13:39:57,8.14,--,42,34188,卖盘
1474,13:39:54,8.14,--,45,36630,卖盘
1475,13:39:51,8.14,--,84,68376,卖盘
1476,13:39:48,8.14,-0.01,148,120472,卖盘
1477,13:39:45,8.15,0.01,32,26080,买盘
1478,13:39:42,8.14,-0.01,3,2442,卖盘
1479,13:39:39,8.15,--,119,96985,买盘
1480,13:39:33,8.15,0.01,164,133660,买盘
1481,13:39:30,8.14,-0.01,63,51282,卖盘
1482,13:39:27,8.15,--,106,86390,买盘
1483,13:39:24,8.15,--,127,103505,买盘
1484,13:39:21,8.15,--,2186,1781590,卖盘
1485,13:39:18,8.15,--,3,2445,卖盘
1486,13:39:12,8.15,--,15,12225,卖盘
1487,13:39:09,8.15,-0.02,3,2445,卖盘
1488,13:39:06,8.17,0.02,101,82517,买盘
1489,13:39:03,8.15,-0.01,2,1630,卖盘
1490,13:39:00,8.16,0.01,10,8160,买盘
1491,13:38:57,8.15,-0.01,339,276285,卖盘
1492,13:38:54,8.16,0.01,30,24480,买盘
1493,13:38:48,8.15,--,9,7335,卖盘
1494,13:38:45,8.15,-0.01,527,429920,卖盘
1495,13:38:42,8.16,--,5,4080,卖盘
1496,13:38:39,8.16,--,2,1632,卖盘
1497,13:38:36,8.16,--,38,31008,卖盘
1498,13:38:30,8.16,-0.01,2,1632,卖盘
1499,13:38:27,8.17,--,108,88236,卖盘
1500,13:38:24,8.17,--,714,583338,卖盘
1501,13:38:21,8.17,-0.01,4,3268,卖盘
1502,13:38:18,8.18,0.01,34,27812,买盘
1503,13:38:15,8.17,--,44,35948,卖盘
1504,13:38:12,8.17,-0.01,58,47386,卖盘
1505,13:38:09,8.18,0.01,2,1636,买盘
1506,13:38:06,8.17,-0.01,53,43301,卖盘
1507,13:38:03,8.18,--,136,111248,买盘
1508,13:38:00,8.18,0.01,14,11452,买盘
1509,13:37:57,8.17,--,33,26961,卖盘
1510,13:37:54,8.17,0.01,12,9804,买盘
1511,13:37:51,8.16,--,3,2448,卖盘
1512,13:37:48,8.16,-0.01,35,28560,卖盘
1513,13:37:45,8.17,--,81,66177,买盘
1514,13:37:42,8.17,--,162,132354,买盘
1515,13:37:39,8.17,--,58,47386,买盘
1516,13:37:36,8.17,0.01,57,46569,买盘
1517,13:37:30,8.16,-0.01,24,19584,卖盘
1518,13:37:27,8.17,--,158,129086,买盘
1519,13:37:24,8.17,--,30,24510,买盘
1520,13:37:21,8.17,0.01,542,442814,买盘
1521,13:37:18,8.16,--,6,4896,卖盘
1522,13:37:15,8.16,-0.01,47,38352,卖盘
1523,13:37:12,8.17,--,104,84968,买盘
1524,13:37:09,8.17,0.01,31,25327,买盘
1525,13:37:06,8.16,-0.01,86,70176,卖盘
1526,13:37:03,8.17,0.01,28,22876,买盘
1527,13:37:00,8.16,--,402,328032,卖盘
1528,13:36:57,8.16,-0.01,3,2448,卖盘
1529,13:36:54,8.17,0.01,54,44118,买盘
1530,13:36:51,8.16,--,4,3264,卖盘
1531,13:36:48,8.16,--,33,26928,卖盘
1532,13:36:45,8.16,-0.01,3,2448,卖盘
1533,13:36:42,8.17,0.01,6,4902,买盘
1534,13:36:39,8.16,-0.01,14,11424,卖盘
1535,13:36:36,8.17,0.01,20,16340,买盘
1536,13:36:33,8.16,-0.01,199,162384,卖盘
1537,13:36:30,8.17,0.01,91,74347,买盘
1538,13:36:27,8.16,-0.01,59,48144,卖盘
1539,13:36:24,8.17,--,1305,1066185,卖盘
1540,13:36:18,8.17,-0.01,270,220590,卖盘
1541,13:36:15,8.18,0.01,11,8998,买盘
1542,13:36:12,8.17,-0.01,7,5719,卖盘
1543,13:36:09,8.18,--,12,9816,买盘
1544,13:36:06,8.18,0.01,7,5726,买盘
1545,13:36:03,8.17,--,79,64543,卖盘
1546,13:36:00,8.17,--,61,49837,卖盘
1547,13:35:57,8.17,--,102,83334,卖盘
1548,13:35:54,8.17,--,17,13889,卖盘
1549,13:35:51,8.17,--,10,8170,卖盘
1550,13:35:48,8.17,--,120,98040,卖盘
1551,13:35:45,8.17,-0.01,2,1634,卖盘
1552,13:35:42,8.18,0.01,16,13088,买盘
1553,13:35:39,8.17,-0.01,56,45752,卖盘
1554,13:35:36,8.18,0.01,14,11452,买盘
1555,13:35:33,8.17,-0.01,85,69445,卖盘
1556,13:35:30,8.18,0.01,10,8180,买盘
1557,13:35:27,8.17,-0.01,342,279414,卖盘
1558,13:35:24,8.18,--,4,3272,买盘
1559,13:35:18,8.18,--,61,49898,买盘
1560,13:35:15,8.18,--,77,62986,买盘
1561,13:35:12,8.18,--,8,6544,买盘
1562,13:35:09,8.18,--,36,29448,卖盘
1563,13:35:06,8.18,--,15,12270,卖盘
1564,13:35:00,8.18,--,89,72802,卖盘
1565,13:34:57,8.18,--,27,22086,卖盘
1566,13:34:54,8.18,--,69,56442,卖盘
1567,13:34:51,8.18,--,49,40082,卖盘
1568,13:34:48,8.18,--,239,195502,卖盘
1569,13:34:45,8.18,--,35,28630,卖盘
1570,13:34:42,8.18,--,153,125154,买盘
1571,13:34:39,8.18,0.01,3,2454,买盘
1572,13:34:33,8.17,-0.01,33,26961,卖盘
1573,13:34:30,8.18,0.01,2,1636,买盘
1574,13:34:27,8.17,-0.01,343,280231,卖盘
1575,13:34:24,8.18,0.01,65,53170,中性盘
1576,13:34:21,8.17,--,173,141341,卖盘
1577,13:34:18,8.17,--,2,1634,卖盘
1578,13:34:15,8.17,-0.02,394,321898,卖盘
1579,13:34:12,8.19,0.01,12,9828,买盘
1580,13:34:09,8.18,-0.01,27,22086,卖盘
1581,13:34:06,8.19,0.01,24,19656,买盘
1582,13:34:03,8.18,--,31,25358,卖盘
1583,13:34:00,8.18,--,113,92434,卖盘
1584,13:33:57,8.18,-0.01,71,58078,卖盘
1585,13:33:54,8.19,--,51,41769,买盘
1586,13:33:51,8.19,--,104,85176,买盘
1587,13:33:48,8.19,0.01,160,131039,买盘
1588,13:33:42,8.18,--,45,36810,卖盘
1589,13:33:39,8.18,--,35,28630,卖盘
1590,13:33:36,8.18,-0.01,73,59714,卖盘
1591,13:33:33,8.19,0.01,15,12285,买盘
1592,13:33:30,8.18,-0.01,61,49898,卖盘
1593,13:33:27,8.19,--,85,69615,买盘
1594,13:33:24,8.19,--,161,131859,买盘
1595,13:33:21,8.19,0.01,74,60605,买盘
1596,13:33:18,8.18,--,136,111248,卖盘
1597,13:33:15,8.18,-0.01,4,3272,卖盘
1598,13:33:12,8.19,0.01,502,411138,买盘
1599,13:33:09,8.18,--,61,49898,卖盘
1600,13:33:06,8.18,--,32,26176,卖盘
1601,13:33:03,8.18,--,79,64622,卖盘
1602,13:32:57,8.18,-0.01,11,8998,卖盘
1603,13:32:54,8.19,0.01,374,306306,买盘
1604,13:32:51,8.18,--,31,25358,卖盘
1605,13:32:48,8.18,--,147,120246,买盘
1606,13:32:45,8.18,0.01,122,99796,买盘
1607,13:32:42,8.17,-0.01,35,28595,卖盘
1608,13:32:39,8.18,--,3,2454,买盘
1609,13:32:36,8.18,0.01,202,165236,买盘
1610,13:32:33,8.17,0.01,502,410134,买盘
1611,13:32:30,8.16,--,493,402288,卖盘
1612,13:32:27,8.16,-0.01,600,489600,卖盘
1613,13:32:24,8.17,--,68,55556,卖盘
1614,13:32:21,8.17,-0.01,135,110295,卖盘
1615,13:32:18,8.18,--,426,348468,买盘
1616,13:32:15,8.18,0.01,136,111248,买盘
1617,13:32:12,8.17,-0.01,75,61275,卖盘
1618,13:32:09,8.18,--,37,30266,买盘
1619,13:32:06,8.18,0.01,2,1636,买盘
1620,13:32:03,8.17,--,30,24510,卖盘
1621,13:32:00,8.17,--,17,13889,卖盘
1622,13:31:57,8.17,-0.01,39,31863,卖盘
1623,13:31:54,8.18,0.01,121,98978,买盘
1624,13:31:51,8.17,--,2,1634,卖盘
1625,13:31:48,8.17,-0.01,18,14706,卖盘
1626,13:31:45,8.18,0.01,50,40900,买盘
1627,13:31:42,8.17,-0.01,28,22876,卖盘
1628,13:31:39,8.18,0.01,13,10634,买盘
1629,13:31:36,8.17,--,145,118465,卖盘
1630,13:31:33,8.17,--,245,200165,卖盘
1631,13:31:30,8.17,--,6,4902,卖盘
1632,13:31:27,8.17,-0.01,11,8987,卖盘
1633,13:31:24,8.18,--,3,2454,买盘
1634,13:31:21,8.18,0.01,61,49898,买盘
1635,13:31:18,8.17,--,74,60458,卖盘
1636,13:31:15,8.17,-0.01,33,26961,卖盘
1637,13:31:12,8.18,0.01,176,143968,买盘
1638,13:31:09,8.17,--,228,186676,买盘
1639,13:31:06,8.17,0.01,72,58824,买盘
1640,13:31:03,8.16,-0.01,6,4896,卖盘
1641,13:30:57,8.17,--,5,4085,买盘
1642,13:30:54,8.17,--,28,22876,买盘
1643,13:30:51,8.17,0.01,116,94772,买盘
1644,13:30:48,8.16,-0.01,6,4896,卖盘
1645,13:30:45,8.17,0.01,108,88236,买盘
1646,13:30:42,8.16,--,4,3264,卖盘
1647,13:30:39,8.16,-0.01,80,65280,卖盘
1648,13:30:36,8.17,--,47,38399,买盘
1649,13:30:33,8.17,0.01,9,7353,买盘
1650,13:30:30,8.16,-0.01,1,816,卖盘
1651,13:30:27,8.17,--,25,20425,买盘
1652,13:30:24,8.17,0.01,101,82517,买盘
1653,13:30:21,8.16,-0.01,16,13056,中性盘
1654,13:30:18,8.17,--,904,738568,买盘
1655,13:30:15,8.17,0.01,321,262257,买盘
1656,13:30:12,8.16,-0.01,42,34272,卖盘
1657,13:30:09,8.17,--,43,35131,买盘
1658,13:30:06,8.17,--,81,66177,买盘
1659,13:30:03,8.17,--,33,26961,买盘
1660,13:30:00,8.17,--,55,44935,买盘
1661,13:29:57,8.17,0.01,47,38399,买盘
1662,13:29:54,8.16,-0.01,101,82416,卖盘
1663,13:29:51,8.17,--,338,276146,买盘
1664,13:29:48,8.17,--,9,7353,买盘
1665,13:29:45,8.17,--,104,84968,买盘
1666,13:29:42,8.17,--,144,117648,买盘
1667,13:29:39,8.17,0.01,178,145426,买盘
1668,13:29:36,8.16,-0.01,184,150144,卖盘
1669,13:29:30,8.17,--,161,131537,买盘
1670,13:29:27,8.17,0.01,45,36765,买盘
1671,13:29:24,8.16,-0.01,14,11424,卖盘
1672,13:29:21,8.17,--,5,4085,买盘
1673,13:29:18,8.17,--,5,4085,买盘
1674,13:29:15,8.17,0.01,74,60458,买盘
1675,13:29:12,8.16,--,17,13872,买盘
1676,13:29:09,8.16,0.01,32,26112,买盘
1677,13:29:06,8.15,--,61,49715,卖盘
1678,13:29:03,8.15,-0.01,504,410760,卖盘
1679,13:29:00,8.16,0.01,85,69360,买盘
1680,13:28:57,8.15,-0.01,530,431950,卖盘
1681,13:28:54,8.16,--,17,13872,买盘
1682,13:28:51,8.16,--,91,74256,买盘
1683,13:28:48,8.16,0.01,205,167280,买盘
1684,13:28:45,8.15,--,96,78240,卖盘
1685,13:28:42,8.15,--,12,9780,卖盘
1686,13:28:39,8.15,--,87,70905,买盘
1687,13:28:36,8.15,--,96,78240,买盘
1688,13:28:33,8.15,--,73,59495,买盘
1689,13:28:30,8.15,--,1,815,买盘
1690,13:28:27,8.15,0.01,12,9780,买盘
1691,13:28:24,8.14,-0.01,707,575498,卖盘
1692,13:28:21,8.15,0.01,2,1630,买盘
1693,13:28:18,8.14,--,73,59422,卖盘
1694,13:28:15,8.14,-0.01,38,30932,卖盘
1695,13:28:12,8.15,--,31,25265,买盘
1696,13:28:09,8.15,--,42,34230,买盘
1697,13:28:06,8.15,--,72,58680,买盘
1698,13:28:03,8.15,--,178,145070,买盘
1699,13:28:00,8.15,--,47,38305,买盘
1700,13:27:57,8.15,0.01,2,1630,买盘
1701,13:27:54,8.14,-0.01,4,3256,卖盘
1702,13:27:51,8.15,0.01,13,10595,买盘
1703,13:27:48,8.14,--,26,21164,卖盘
1704,13:27:45,8.14,-0.01,4,3256,卖盘
1705,13:27:42,8.15,--,507,413205,买盘
1706,13:27:39,8.15,--,3,2445,买盘
1707,13:27:36,8.15,--,119,96985,买盘
1708,13:27:33,8.15,0.01,28,22820,买盘
1709,13:27:30,8.14,--,14,11396,卖盘
1710,13:27:27,8.14,-0.01,2,1628,卖盘
1711,13:27:24,8.15,--,50,40750,买盘
1712,13:27:21,8.15,--,7,5705,买盘
1713,13:27:18,8.15,0.01,232,189080,买盘
1714,13:27:15,8.14,-0.01,891,725274,卖盘
1715,13:27:12,8.15,0.01,2,1630,买盘
1716,13:27:09,8.14,--,37,30118,卖盘
1717,13:27:06,8.14,-0.01,153,124542,卖盘
1718,13:27:03,8.15,--,2,1630,买盘
1719,13:27:00,8.15,--,1,815,买盘
1720,13:26:57,8.15,--,14,11410,买盘
1721,13:26:54,8.15,0.01,136,110840,买盘
1722,13:26:51,8.14,--,41,33374,买盘
1723,13:26:48,8.14,-0.01,569,463166,卖盘
1724,13:26:45,8.15,--,9,7335,买盘
1725,13:26:42,8.15,0.01,71,57865,买盘
1726,13:26:39,8.14,-0.01,120,97680,卖盘
1727,13:26:36,8.15,--,20,16300,买盘
1728,13:26:33,8.15,--,59,48085,买盘
1729,13:26:30,8.15,--,14,11410,买盘
1730,13:26:27,8.15,--,50,40750,买盘
1731,13:26:24,8.15,--,4,3260,买盘
1732,13:26:21,8.15,0.01,79,64385,买盘
1733,13:26:18,8.14,--,508,413512,买盘
1734,13:26:15,8.14,--,117,95238,买盘
1735,13:26:12,8.14,0.01,2,1628,买盘
1736,13:26:09,8.13,-0.01,65,52845,卖盘
1737,13:26:03,8.14,--,96,78144,买盘
1738,13:26:00,8.14,0.01,145,118030,买盘
1739,13:25:57,8.13,-0.01,39,31707,卖盘
1740,13:25:54,8.14,--,112,91168,买盘
1741,13:25:51,8.14,0.01,5,4070,买盘
1742,13:25:48,8.13,-0.01,33,26829,卖盘
1743,13:25:45,8.14,0.01,41,33374,买盘
1744,13:25:42,8.13,-0.01,12,9756,卖盘
1745,13:25:39,8.14,0.01,2,1628,买盘
1746,13:25:36,8.13,0.01,124,100812,中性盘
1747,13:25:33,8.12,--,189,153744,卖盘
1748,13:25:30,8.12,--,622,505063,卖盘
1749,13:25:27,8.12,-0.01,1,811,卖盘
1750,13:25:24,8.13,--,110,89430,买盘
1751,13:25:21,8.13,--,23,18699,买盘
1752,13:25:18,8.13,--,251,204063,买盘
1753,13:25:15,8.13,--,11,8943,买盘
1754,13:25:12,8.13,--,155,126015,买盘
1755,13:25:09,8.13,0.01,218,177234,买盘
1756,13:25:06,8.12,-0.01,107,86883,卖盘
1757,13:25:03,8.13,--,621,504873,买盘
1758,13:25:00,8.13,--,511,415443,买盘
1759,13:24:57,8.13,--,71,57723,买盘
1760,13:24:54,8.13,--,92,74796,买盘
1761,13:24:51,8.13,--,25,20325,买盘
1762,13:24:48,8.13,--,64,52032,买盘
1763,13:24:45,8.13,--,9,7317,买盘
1764,13:24:42,8.13,--,302,245526,买盘
1765,13:24:39,8.13,--,2,1626,买盘
1766,13:24:36,8.13,--,167,135771,买盘
1767,13:24:33,8.13,0.01,22,17886,买盘
1768,13:24:30,8.12,-0.01,1,811,卖盘
1769,13:24:27,8.13,--,26,21138,买盘
1770,13:24:24,8.13,0.01,56,45528,买盘
1771,13:24:21,8.12,-0.01,36,29231,卖盘
1772,13:24:18,8.13,--,600,487800,买盘
1773,13:24:15,8.13,--,1,813,买盘
1774,13:24:12,8.13,0.01,1,813,买盘
1775,13:24:09,8.12,--,84,68208,卖盘
1776,13:24:06,8.12,-0.01,12,9743,卖盘
1777,13:24:03,8.13,0.01,29,23577,买盘
1778,13:24:00,8.12,--,227,184323,卖盘
1779,13:23:57,8.12,--,38,30855,卖盘
1780,13:23:54,8.12,-0.01,2571,2087651,卖盘
1781,13:23:51,8.13,0.01,3,2439,买盘
1782,13:23:48,8.12,--,6,4871,卖盘
1783,13:23:45,8.12,-0.01,2,1623,卖盘
1784,13:23:42,8.13,--,29,23577,买盘
1785,13:23:39,8.13,--,302,245526,买盘
1786,13:23:36,8.13,--,23,18699,买盘
1787,13:23:33,8.13,--,15,12195,买盘
1788,13:23:30,8.13,--,61,49593,买盘
1789,13:23:27,8.13,0.01,66,53658,买盘
1790,13:23:24,8.12,--,13,10555,卖盘
1791,13:23:21,8.12,-0.01,18,14615,卖盘
1792,13:23:18,8.13,--,4,3252,买盘
1793,13:23:15,8.13,0.01,3,2439,买盘
1794,13:23:12,8.12,-0.01,279,226547,卖盘
1795,13:23:09,8.13,-0.01,2,1626,卖盘
1796,13:23:06,8.14,0.01,168,136752,买盘
1797,13:23:03,8.13,-0.01,638,518694,卖盘
1798,13:23:00,8.14,--,1,814,买盘
1799,13:22:57,8.14,--,20,16280,买盘
1800,13:22:54,8.14,0.01,2,1628,买盘
1801,13:22:51,8.13,--,87,70731,卖盘
1802,13:22:48,8.13,--,3,2439,卖盘
1803,13:22:45,8.13,--,1,813,卖盘
1804,13:22:42,8.13,--,13,10569,卖盘
1805,13:22:39,8.13,-0.01,160,130080,卖盘
1806,13:22:36,8.14,--,11,8954,买盘
1807,13:22:33,8.14,0.01,42,34188,买盘
1808,13:22:30,8.13,--,257,208941,卖盘
1809,13:22:27,8.13,-0.01,37,30081,卖盘
1810,13:22:24,8.14,--,51,41514,买盘
1811,13:22:21,8.14,--,6,4884,买盘
1812,13:22:18,8.14,--,518,421652,买盘
1813,13:22:15,8.14,--,12,9768,买盘
1814,13:22:12,8.14,--,5,4070,买盘
1815,13:22:09,8.14,0.01,2,1628,买盘
1816,13:22:06,8.13,-0.01,10,8130,卖盘
1817,13:22:03,8.14,--,23,18722,买盘
1818,13:22:00,8.14,0.01,9,7326,买盘
1819,13:21:57,8.13,-0.01,110,89430,卖盘
1820,13:21:54,8.14,--,6,4884,买盘
1821,13:21:51,8.14,0.01,1,814,买盘
1822,13:21:48,8.13,--,31,25203,卖盘
1823,13:21:45,8.13,-0.01,53,43089,卖盘
1824,13:21:42,8.14,--,19,15466,买盘
1825,13:21:39,8.14,--,90,73260,买盘
1826,13:21:36,8.14,0.01,27,21978,买盘
1827,13:21:33,8.13,-0.01,98,79674,卖盘
1828,13:21:30,8.14,--,88,71632,买盘
1829,13:21:27,8.14,-0.01,101,82214,卖盘
1830,13:21:24,8.15,--,28,22820,买盘
1831,13:21:21,8.15,0.01,103,83945,买盘
1832,13:21:18,8.14,-0.01,1,814,中性盘
1833,13:21:15,8.15,0.02,138,112470,买盘
1834,13:21:12,8.13,-0.01,16,13008,卖盘
1835,13:21:09,8.14,--,13,10582,买盘
1836,13:21:06,8.14,--,144,117216,买盘
1837,13:21:03,8.14,0.01,137,111518,买盘
1838,13:21:00,8.13,-0.01,20,16260,卖盘
1839,13:20:57,8.14,-0.01,571,464794,卖盘
1840,13:20:54,8.15,0.01,32,26080,买盘
1841,13:20:51,8.14,-0.01,211,171754,卖盘
1842,13:20:48,8.15,--,65,52975,买盘
1843,13:20:45,8.15,--,1054,859010,买盘
1844,13:20:42,8.15,--,112,91280,买盘
1845,13:20:39,8.15,0.01,9,7335,买盘
1846,13:20:36,8.14,-0.01,7,5698,卖盘
1847,13:20:30,8.15,0.01,4,3260,买盘
1848,13:20:27,8.14,-0.01,40,32560,卖盘
1849,13:20:24,8.15,--,580,472700,买盘
1850,13:20:21,8.15,--,99,80685,买盘
1851,13:20:18,8.15,0.01,77,62755,买盘
1852,13:20:09,8.14,-0.01,15,12210,卖盘
1853,13:20:06,8.15,0.01,10,8150,买盘
1854,13:20:03,8.14,-0.01,42,34188,卖盘
1855,13:20:00,8.15,0.01,2,1630,买盘
1856,13:19:57,8.14,--,12,9768,卖盘
1857,13:19:54,8.14,-0.01,3,2442,卖盘
1858,13:19:51,8.15,0.01,76,61940,买盘
1859,13:19:48,8.14,-0.01,24,19536,卖盘
1860,13:19:45,8.15,--,33,26895,买盘
1861,13:19:42,8.15,0.01,113,92095,买盘
1862,13:19:39,8.14,--,207,168498,买盘
1863,13:19:36,8.14,0.01,30,24420,买盘
1864,13:19:33,8.13,-0.01,6,4878,卖盘
1865,13:19:30,8.14,--,34,27676,买盘
1866,13:19:27,8.14,--,1,814,买盘
1867,13:19:24,8.14,0.01,2,1628,买盘
1868,13:19:21,8.13,-0.01,77,62601,卖盘
1869,13:19:18,8.14,--,13,10582,买盘
1870,13:19:15,8.14,--,101,82214,买盘
1871,13:19:12,8.14,0.01,151,122914,买盘
1872,13:19:09,8.13,-0.01,107,86991,卖盘
1873,13:19:06,8.14,--,1,814,买盘
1874,13:19:03,8.14,--,50,40700,买盘
1875,13:19:00,8.14,0.01,52,42328,买盘
1876,13:18:57,8.13,-0.01,47,38211,卖盘
1877,13:18:54,8.14,--,10,8140,买盘
1878,13:18:51,8.14,--,189,153846,买盘
1879,13:18:48,8.14,0.01,6,4884,买盘
1880,13:18:45,8.13,-0.01,46,37398,卖盘
1881,13:18:42,8.14,0.01,254,207293,买盘
1882,13:18:39,8.13,-0.01,2012,1636032,卖盘
1883,13:18:36,8.14,--,1,814,买盘
1884,13:18:33,8.14,--,4,3256,买盘
1885,13:18:30,8.14,--,90,73260,买盘
1886,13:18:27,8.14,--,49,39886,买盘
1887,13:18:24,8.14,--,28,22792,买盘
1888,13:18:21,8.14,--,96,78144,买盘
1889,13:18:18,8.14,0.01,137,111518,买盘
1890,13:18:15,8.13,-0.01,193,156909,卖盘
1891,13:18:12,8.14,-0.01,124,101627,卖盘
1892,13:18:09,8.15,--,20,16300,买盘
1893,13:18:06,8.15,0.01,516,420540,买盘
1894,13:18:03,8.14,-0.01,3,2442,卖盘
1895,13:18:00,8.15,--,156,127140,买盘
1896,13:17:57,8.15,0.01,63,51345,买盘
1897,13:17:54,8.14,-0.01,4,3256,卖盘
1898,13:17:51,8.15,0.01,114,93032,买盘
1899,13:17:48,8.14,0.01,349,284086,买盘
1900,13:17:45,8.13,-0.01,57,46341,卖盘
1901,13:17:42,8.14,--,84,68376,买盘
1902,13:17:39,8.14,--,22,17908,买盘
1903,13:17:36,8.14,0.01,1,814,买盘
1904,13:17:33,8.13,-0.01,199,161787,卖盘
1905,13:17:30,8.14,0.01,93,75702,买盘
1906,13:17:27,8.13,-0.01,62,50406,卖盘
1907,13:17:24,8.14,--,103,83842,买盘
1908,13:17:21,8.14,--,69,56166,买盘
1909,13:17:18,8.14,--,203,165242,买盘
1910,13:17:15,8.14,--,29,23606,买盘
1911,13:17:12,8.14,0.01,31,25234,买盘
1912,13:17:09,8.13,-0.01,2,1626,卖盘
1913,13:17:06,8.14,0.01,10,8140,买盘
1914,13:17:03,8.13,-0.01,27,21951,卖盘
1915,13:17:00,8.14,0.01,4,3256,买盘
1916,13:16:57,8.13,--,194,157722,卖盘
1917,13:16:54,8.13,-0.01,665,540645,卖盘
1918,13:16:51,8.14,0.01,48,39072,买盘
1919,13:16:48,8.13,-0.01,46,37398,卖盘
1920,13:16:45,8.14,--,41,33374,买盘
1921,13:16:39,8.14,--,128,104192,买盘
1922,13:16:33,8.14,--,86,70004,买盘
1923,13:16:30,8.14,0.01,278,226292,买盘
1924,13:16:27,8.13,-0.01,37,30081,卖盘
1925,13:16:24,8.14,0.01,32,26048,买盘
1926,13:16:21,8.13,-0.01,154,125202,卖盘
1927,13:16:18,8.14,--,87,70818,买盘
1928,13:16:15,8.14,0.01,34,27676,买盘
1929,13:16:12,8.13,-0.01,81,65853,卖盘
1930,13:16:09,8.14,--,8,6512,买盘
1931,13:16:06,8.14,0.01,11,8954,买盘
1932,13:16:03,8.13,--,50,40650,卖盘
1933,13:16:00,8.13,--,2,1626,卖盘
1934,13:15:57,8.13,--,77,63137,买盘
1935,13:15:54,8.13,0.01,213,173169,买盘
1936,13:15:51,8.12,--,239,194067,卖盘
1937,13:15:48,8.12,-0.01,16,12991,卖盘
1938,13:15:45,8.13,--,310,252030,买盘
1939,13:15:42,8.13,--,115,93495,买盘
1940,13:15:39,8.13,-0.01,248,201900,卖盘
1941,13:15:36,8.14,--,9,7326,买盘
1942,13:15:33,8.14,0.01,30,24420,买盘
1943,13:15:30,8.13,--,4,3252,卖盘
1944,13:15:27,8.13,--,31,25203,卖盘
1945,13:15:24,8.13,--,71,58259,买盘
1946,13:15:21,8.13,0.01,26,21138,买盘
1947,13:15:18,8.12,-0.01,87,70644,卖盘
1948,13:15:15,8.13,--,331,269379,卖盘
1949,13:15:12,8.13,-0.01,5,4065,卖盘
1950,13:15:09,8.14,--,2,1628,买盘
1951,13:15:06,8.14,0.01,1,814,买盘
1952,13:15:03,8.13,--,132,107852,买盘
1953,13:15:00,8.13,0.01,30,24390,买盘
1954,13:14:57,8.12,-0.01,13,10555,卖盘
1955,13:14:54,8.13,--,25,20325,买盘
1956,13:14:51,8.13,0.01,3,2439,买盘
1957,13:14:48,8.12,--,101,82011,卖盘
1958,13:14:45,8.12,-0.01,13,10555,卖盘
1959,13:14:42,8.13,--,11,8943,买盘
1960,13:14:39,8.13,--,438,356094,买盘
1961,13:14:36,8.13,-0.01,464,377508,卖盘
1962,13:14:33,8.14,0.01,10,8140,买盘
1963,13:14:30,8.13,0.01,0,536,买盘
1964,13:14:27,8.12,--,46,37352,卖盘
1965,13:14:24,8.12,-0.01,1371,1113252,卖盘
1966,13:14:21,8.13,0.01,16,13008,买盘
1967,13:14:18,8.12,--,83,67396,卖盘
1968,13:14:15,8.12,--,121,98251,卖盘
1969,13:14:12,8.12,--,448,363775,买盘
1970,13:14:09,8.12,--,276,224111,卖盘
1971,13:14:06,8.12,--,533,432795,买盘
1972,13:14:03,8.12,--,1792,1455103,卖盘
1973,13:14:00,8.12,-0.01,2,1623,卖盘
1974,13:13:57,8.13,--,13,10569,买盘
1975,13:13:54,8.13,--,150,121950,买盘
1976,13:13:51,8.13,0.01,40,32520,买盘
1977,13:13:48,8.12,-0.01,987,801443,卖盘
1978,13:13:45,8.13,--,4,3252,买盘
1979,13:13:42,8.13,--,45,36585,买盘
1980,13:13:39,8.13,--,35,28455,买盘
1981,13:13:36,8.13,0.01,215,174795,买盘
1982,13:13:30,8.12,-0.01,39,31667,卖盘
1983,13:13:27,8.13,--,131,106503,买盘
1984,13:13:24,8.13,-0.01,1186,964218,卖盘
1985,13:13:21,8.14,0.01,38,30932,买盘
1986,13:13:18,8.13,--,89,72357,卖盘
1987,13:13:15,8.13,--,548,445524,卖盘
1988,13:13:12,8.13,--,52,42276,卖盘
1989,13:13:09,8.13,--,247,200811,卖盘
1990,13:13:06,8.13,--,2,1626,卖盘
1991,13:13:03,8.13,--,36,29268,卖盘
1992,13:13:00,8.13,-0.01,7,5691,卖盘
1993,13:12:57,8.14,0.01,35,28490,买盘
1994,13:12:54,8.13,-0.01,119,96747,卖盘
1995,13:12:51,8.14,--,1809,1473217,卖盘
1996,13:12:48,8.14,--,40,32560,卖盘
1997,13:12:45,8.14,--,114,92796,卖盘
1998,13:12:42,8.14,--,51,41514,卖盘
1999,13:12:39,8.14,-0.01,20,16280,卖盘
2000,13:12:36,8.15,0.01,3,2445,买盘
2001,13:12:33,8.14,-0.01,47,38258,卖盘
2002,13:12:27,8.15,0.01,531,432765,买盘
2003,13:12:24,8.14,-0.01,66,53724,卖盘
2004,13:12:21,8.15,--,3,2445,买盘
2005,13:12:18,8.15,--,420,342300,卖盘
2006,13:12:15,8.15,--,1,815,卖盘
2007,13:12:12,8.15,--,192,156480,卖盘
2008,13:12:06,8.15,-0.01,212,172780,卖盘
2009,13:12:03,8.16,0.01,36,29376,买盘
2010,13:12:00,8.15,--,17,13855,卖盘
2011,13:11:57,8.15,-0.01,150,122250,卖盘
2012,13:11:54,8.16,--,25,20400,买盘
2013,13:11:51,8.16,--,5,4080,买盘
2014,13:11:48,8.16,0.01,46,37536,买盘
2015,13:11:39,8.15,-0.01,4,3260,卖盘
2016,13:11:36,8.16,--,37,30192,买盘
2017,13:11:33,8.16,--,57,46512,买盘
2018,13:11:30,8.16,0.01,103,84048,买盘
2019,13:11:27,8.15,-0.01,38,30970,卖盘
2020,13:11:24,8.16,--,32,26112,买盘
2021,13:11:21,8.16,-0.01,46,37536,卖盘
2022,13:11:18,8.17,0.01,39,31863,买盘
2023,13:11:15,8.16,--,158,128928,卖盘
2024,13:11:12,8.16,--,11,8976,卖盘
2025,13:11:09,8.16,--,1,816,卖盘
2026,13:11:06,8.16,-0.01,12,9792,卖盘
2027,13:11:03,8.17,--,39,31863,买盘
2028,13:11:00,8.17,0.02,72,58824,买盘
2029,13:10:54,8.15,-0.02,3,2445,卖盘
2030,13:10:51,8.17,0.02,57,46569,买盘
2031,13:10:48,8.15,-0.01,6,4890,卖盘
2032,13:10:45,8.16,--,28,22848,买盘
2033,13:10:42,8.16,0.01,57,46512,买盘
2034,13:10:39,8.15,-0.02,57,46455,卖盘
2035,13:10:36,8.17,0.02,7,5719,买盘
2036,13:10:33,8.15,-0.02,4,3260,卖盘
2037,13:10:30,8.17,0.02,48,39216,买盘
2038,13:10:27,8.15,-0.02,32,26080,卖盘
2039,13:10:24,8.17,0.02,182,148694,买盘
2040,13:10:21,8.15,--,78,63570,卖盘
2041,13:10:15,8.15,-0.01,3,2445,卖盘
2042,13:10:12,8.16,0.02,108,88128,买盘
2043,13:10:09,8.14,-0.01,158,128612,卖盘
2044,13:10:06,8.15,--,44,35860,买盘
2045,13:10:03,8.15,-0.01,568,462920,卖盘
2046,13:10:00,8.16,--,42,34272,买盘
2047,13:09:54,8.16,--,55,44880,买盘
2048,13:09:51,8.16,--,68,55488,卖盘
2049,13:09:48,8.16,--,62,50592,卖盘
2050,13:09:45,8.16,--,128,104448,卖盘
2051,13:09:42,8.16,--,3,2448,卖盘
2052,13:09:39,8.16,--,2,1632,卖盘
2053,13:09:36,8.16,-0.01,1,816,卖盘
2054,13:09:33,8.17,0.03,42,34314,买盘
2055,13:09:30,8.14,-0.03,1173,954822,卖盘
2056,13:09:27,8.17,0.01,2,1634,买盘
2057,13:09:24,8.16,-0.01,99,80784,卖盘
2058,13:09:21,8.17,--,71,58007,买盘
2059,13:09:18,8.17,0.01,77,62909,买盘
2060,13:09:15,8.16,--,612,499392,卖盘
2061,13:09:12,8.16,-0.01,8,6528,卖盘
2062,13:09:09,8.17,--,10,8170,买盘
2063,13:09:06,8.17,0.01,36,29412,买盘
2064,13:09:03,8.16,--,3,2448,卖盘
2065,13:09:00,8.16,-0.01,50,40800,卖盘
2066,13:08:57,8.17,--,82,66994,买盘
2067,13:08:54,8.17,--,52,42484,买盘
2068,13:08:51,8.17,0.01,35,28595,买盘
2069,13:08:48,8.16,-0.02,5,4080,卖盘
2070,13:08:45,8.18,0.01,65,53170,买盘
2071,13:08:42,8.17,--,11,8987,卖盘
2072,13:08:39,8.17,-0.01,34,27778,卖盘
2073,13:08:36,8.18,0.02,101,82618,买盘
2074,13:08:30,8.16,-0.02,82,66912,卖盘
2075,13:08:27,8.18,0.01,46,37628,买盘
2076,13:08:24,8.17,--,37,30229,卖盘
2077,13:08:21,8.17,-0.01,6,4902,卖盘
2078,13:08:18,8.18,--,37,30266,买盘
2079,13:08:12,8.18,0.01,104,85072,买盘
2080,13:08:09,8.17,--,8,6536,卖盘
2081,13:08:06,8.17,0.01,88,71896,买盘
2082,13:08:03,8.16,-0.01,269,219504,卖盘
2083,13:08:00,8.17,0.01,613,500821,买盘
2084,13:07:57,8.16,-0.01,14,11424,卖盘
2085,13:07:51,8.17,0.01,1,817,买盘
2086,13:07:48,8.16,-0.01,6,4896,卖盘
2087,13:07:45,8.17,--,40,32680,买盘
2088,13:07:42,8.17,--,20,16340,买盘
2089,13:07:39,8.17,0.01,46,37582,买盘
2090,13:07:36,8.16,-0.01,4,3264,卖盘
2091,13:07:33,8.17,0.01,36,29412,买盘
2092,13:07:27,8.16,--,601,490416,卖盘
2093,13:07:24,8.16,-0.01,39,31824,卖盘
2094,13:07:15,8.17,0.01,14,11438,买盘
2095,13:07:12,8.16,--,112,91392,卖盘
2096,13:07:09,8.16,--,200,163200,买盘
2097,13:07:03,8.16,--,130,106080,卖盘
2098,13:07:00,8.16,--,27,22032,买盘
2099,13:06:57,8.16,--,144,117504,买盘
2100,13:06:54,8.16,0.01,47,38352,买盘
2101,13:06:51,8.15,-0.01,11,8965,卖盘
2102,13:06:48,8.16,--,117,95472,卖盘
2103,13:06:45,8.16,-0.01,1,816,卖盘
2104,13:06:42,8.17,--,7,5719,买盘
2105,13:06:39,8.17,--,36,29412,买盘
2106,13:06:33,8.17,0.01,36,29412,买盘
2107,13:06:30,8.16,--,37,30192,卖盘
2108,13:06:27,8.16,--,36,29376,卖盘
2109,13:06:24,8.16,-0.01,415,338640,卖盘
2110,13:06:21,8.17,0.01,100,81700,买盘
2111,13:06:18,8.16,--,46,37536,卖盘
2112,13:06:15,8.16,-0.01,127,103632,卖盘
2113,13:06:12,8.17,--,82,66994,买盘
2114,13:06:09,8.17,0.02,80,65360,买盘
2115,13:06:03,8.15,--,131,106765,卖盘
2116,13:06:00,8.15,-0.01,40,32600,卖盘
2117,13:05:57,8.16,--,3,2448,卖盘
2118,13:05:54,8.16,-0.01,33,26928,中性盘
2119,13:05:51,8.17,0.02,66,53922,买盘
2120,13:05:48,8.15,--,34,27710,卖盘
2121,13:05:45,8.15,-0.02,1,815,卖盘
2122,13:05:42,8.17,--,36,29412,买盘
2123,13:05:39,8.17,0.02,38,31046,买盘
2124,13:05:36,8.15,-0.02,2,1630,卖盘
2125,13:05:33,8.17,0.01,210,171570,买盘
2126,13:05:30,8.16,--,57,46512,买盘
2127,13:05:27,8.16,-0.01,44,35904,卖盘
2128,13:05:24,8.17,0.02,64,52288,买盘
2129,13:05:21,8.15,-0.01,917,747355,卖盘
2130,13:05:18,8.16,--,118,96288,买盘
2131,13:05:15,8.16,0.01,36,29376,买盘
2132,13:05:12,8.15,-0.01,109,88835,卖盘
2133,13:05:09,8.16,--,239,195024,买盘
2134,13:05:06,8.16,--,1,816,买盘
2135,13:05:03,8.16,-0.01,265,216240,卖盘
2136,13:05:00,8.17,0.01,70,57190,买盘
2137,13:04:54,8.16,--,380,310080,卖盘
2138,13:04:51,8.16,--,40,32640,卖盘
2139,13:04:48,8.16,--,105,85680,买盘
2140,13:04:45,8.16,0.01,217,177072,买盘
2141,13:04:39,8.15,-0.02,294,239610,卖盘
2142,13:04:36,8.17,0.01,19,15523,买盘
2143,13:04:30,8.16,-0.01,39,31824,卖盘
2144,13:04:27,8.17,--,10,8170,买盘
2145,13:04:24,8.17,--,63,51471,买盘
2146,13:04:21,8.17,0.01,67,54739,买盘
2147,13:04:18,8.16,-0.01,1,816,卖盘
2148,13:04:12,8.17,0.02,105,85785,买盘
2149,13:04:09,8.15,-0.01,12,9780,卖盘
2150,13:04:06,8.16,--,39,31824,卖盘
2151,13:04:03,8.16,--,165,134640,买盘
2152,13:03:57,8.16,--,17,13872,买盘
2153,13:03:54,8.16,--,36,29376,买盘
2154,13:03:51,8.16,--,811,661776,卖盘
2155,13:03:48,8.16,-0.01,114,93024,卖盘
2156,13:03:45,8.17,--,63,51471,买盘
2157,13:03:42,8.17,--,42,34314,买盘
2158,13:03:39,8.17,0.01,44,35948,买盘
2159,13:03:33,8.16,-0.01,36,29376,卖盘
2160,13:03:30,8.17,--,36,29412,买盘
2161,13:03:24,8.17,--,48,39216,买盘
2162,13:03:21,8.17,-0.01,39,31863,买盘
2163,13:03:18,8.18,0.02,83,67894,买盘
2164,13:03:15,8.16,-0.02,2,1632,卖盘
2165,13:03:12,8.18,0.02,119,97342,买盘
2166,13:03:09,8.16,-0.02,100,81600,卖盘
2167,13:03:06,8.18,--,2,1636,买盘
2168,13:03:03,8.18,0.01,88,71984,买盘
2169,13:03:00,8.17,-0.01,2,1634,卖盘
2170,13:02:51,8.18,0.02,38,31084,买盘
2171,13:02:48,8.16,-0.02,42,34272,卖盘
2172,13:02:42,8.18,--,5,4090,买盘
2173,13:02:39,8.18,0.01,80,65440,买盘
2174,13:02:36,8.17,-0.01,465,379905,卖盘
2175,13:02:30,8.18,0.01,36,29448,买盘
2176,13:02:27,8.17,--,6,4902,卖盘
2177,13:02:24,8.17,-0.01,63,51471,卖盘
2178,13:02:21,8.18,0.01,70,57260,买盘
2179,13:02:18,8.17,--,38,31046,卖盘
2180,13:02:15,8.17,-0.01,124,101308,卖盘
2181,13:02:09,8.18,--,51,41718,买盘
2182,13:02:06,8.18,--,5,4090,买盘
2183,13:02:03,8.18,0.01,68,55624,买盘
2184,13:02:00,8.17,-0.01,50,40850,卖盘
2185,13:01:57,8.18,0.01,37,30266,买盘
2186,13:01:54,8.17,0.01,8,6536,买盘
2187,13:01:51,8.16,--,36,29376,卖盘
2188,13:01:48,8.16,--,4,3264,卖盘
2189,13:01:45,8.16,-0.02,5,4080,卖盘
2190,13:01:42,8.18,0.01,111,90798,买盘
2191,13:01:39,8.17,--,26,21242,买盘
2192,13:01:36,8.17,-0.01,38,31046,买盘
2193,13:01:33,8.18,0.01,39,31902,买盘
2194,13:01:30,8.17,--,31,25327,买盘
2195,13:01:27,8.17,0.01,17,13889,买盘
2196,13:01:24,8.16,-0.01,36,29376,卖盘
2197,13:01:21,8.17,-0.01,73,59641,中性盘
2198,13:01:18,8.18,0.02,49,40082,买盘
2199,13:01:15,8.16,-0.01,344,280704,卖盘
2200,13:01:12,8.17,-0.01,50,40850,中性盘
2201,13:01:09,8.18,--,60,49080,买盘
2202,13:01:03,8.18,0.01,636,520248,买盘
2203,13:01:00,8.17,--,524,428108,买盘
2204,13:00:57,8.17,0.01,277,226309,买盘
2205,13:00:54,8.16,-0.01,45,36720,卖盘
2206,13:00:51,8.17,--,38,31046,买盘
2207,13:00:48,8.17,--,37,30229,买盘
2208,13:00:45,8.17,--,141,115197,买盘
2209,13:00:42,8.17,0.02,47,38399,买盘
2210,13:00:39,8.15,-0.01,6,4890,卖盘
2211,13:00:36,8.16,--,48,39168,买盘
2212,13:00:33,8.16,--,45,36720,卖盘
2213,13:00:27,8.16,-0.01,42,34272,卖盘
2214,13:00:24,8.17,--,34,27778,买盘
2215,13:00:21,8.17,0.01,137,111929,买盘
2216,13:00:18,8.16,--,39,31824,买盘
2217,13:00:15,8.16,--,786,641376,买盘
2218,13:00:12,8.16,0.01,1090,889440,买盘
2219,13:00:09,8.15,--,173,140995,买盘
2220,13:00:06,8.15,--,177,144255,买盘
2221,13:00:03,8.15,--,4353,3547695,卖盘
2222,13:00:00,8.15,-0.01,1203,980779,卖盘
2223,11:30:00,8.16,--,39,31824,买盘
2224,11:29:57,8.16,--,1,816,买盘
2225,11:29:54,8.16,--,43,35088,买盘
2226,11:29:51,8.16,--,20,16320,买盘
2227,11:29:48,8.16,-0.02,2536,2069588,卖盘
2228,11:29:45,8.18,--,93,76074,买盘
2229,11:29:42,8.18,--,72,58896,买盘
2230,11:29:39,8.18,--,71,58078,买盘
2231,11:29:36,8.18,--,40,32720,买盘
2232,11:29:33,8.18,--,262,214316,卖盘
2233,11:29:30,8.18,--,88,71984,卖盘
2234,11:29:27,8.18,-0.01,190,155420,卖盘
2235,11:29:24,8.19,--,1186,971333,买盘
2236,11:29:21,8.19,--,18,14742,买盘
2237,11:29:15,8.19,0.01,36,29484,买盘
2238,11:29:12,8.18,--,47,38446,卖盘
2239,11:29:09,8.18,-0.01,7,5726,卖盘
2240,11:29:03,8.19,--,87,71253,卖盘
2241,11:29:00,8.19,--,4,3276,卖盘
2242,11:28:57,8.19,-0.01,37,30302,卖盘
2243,11:28:54,8.2,--,17,13939,买盘
2244,11:28:51,8.2,0.02,38,31159,买盘
2245,11:28:48,8.18,-0.01,4,3272,卖盘
2246,11:28:45,8.19,-0.01,36,29484,中性盘
2247,11:28:42,8.2,--,102,83640,买盘
2248,11:28:39,8.2,--,87,71340,买盘
2249,11:28:36,8.2,--,180,147600,买盘
2250,11:28:33,8.2,0.01,52,42639,买盘
2251,11:28:30,8.19,--,89,72891,卖盘
2252,11:28:24,8.19,-0.01,42,34398,卖盘
2253,11:28:21,8.2,0.01,37,30339,买盘
2254,11:28:18,8.19,-0.01,36,29484,卖盘
2255,11:28:15,8.2,--,58,47559,买盘
2256,11:28:12,8.2,0.01,36,29519,买盘
2257,11:28:09,8.19,-0.01,24,19656,卖盘
2258,11:28:06,8.2,--,3,2460,买盘
2259,11:28:03,8.2,--,58,47559,买盘
2260,11:28:00,8.2,0.01,46,37720,买盘
2261,11:27:54,8.19,-0.01,14,11466,卖盘
2262,11:27:51,8.2,--,44,36080,买盘
2263,11:27:48,8.2,--,13,10659,买盘
2264,11:27:45,8.2,--,37,30339,买盘
2265,11:27:42,8.2,0.01,246,201719,买盘
2266,11:27:39,8.19,--,25,20475,卖盘
2267,11:27:36,8.19,--,5,4094,卖盘
2268,11:27:33,8.19,--,31,25389,卖盘
2269,11:27:30,8.19,-0.01,2,1638,卖盘
2270,11:27:27,8.2,--,12,9840,买盘
2271,11:27:24,8.2,--,96,78720,买盘
2272,11:27:21,8.2,--,5,4100,买盘
2273,11:27:18,8.2,--,4,3279,买盘
2274,11:27:15,8.2,0.01,26,21319,买盘
2275,11:27:12,8.19,-0.01,12,9828,卖盘
2276,11:27:09,8.2,--,58,47559,买盘
2277,11:27:06,8.2,--,131,107419,买盘
2278,11:27:03,8.2,0.01,27,22139,买盘
2279,11:27:00,8.19,-0.01,121,99099,卖盘
2280,11:26:57,8.2,0.01,60,49199,买盘
2281,11:26:54,8.19,-0.01,113,92547,卖盘
2282,11:26:51,8.2,--,3,2460,买盘
2283,11:26:48,8.2,0.01,73,59859,买盘
2284,11:26:45,8.19,-0.01,2,1638,卖盘
2285,11:26:39,8.2,--,107,87739,买盘
2286,11:26:36,8.2,0.01,23,18860,买盘
2287,11:26:33,8.19,-0.01,64,52416,卖盘
2288,11:26:27,8.2,--,32,26239,买盘
2289,11:26:24,8.2,--,78,63959,买盘
2290,11:26:21,8.2,0.01,2,1639,买盘
2291,11:26:12,8.19,-0.01,3,2457,卖盘
2292,11:26:09,8.2,0.01,14,11479,买盘
2293,11:26:06,8.19,-0.01,9,7371,卖盘
2294,11:26:03,8.2,0.01,22,18040,买盘
2295,11:26:00,8.19,--,348,285012,卖盘
2296,11:25:57,8.19,-0.01,2,1638,卖盘
2297,11:25:54,8.2,--,30,24599,买盘
2298,11:25:51,8.2,--,4,3279,买盘
2299,11:25:48,8.2,--,107,87739,买盘
2300,11:25:45,8.2,--,36,29519,买盘
2301,11:25:42,8.2,0.01,4,3279,买盘
2302,11:25:39,8.19,-0.01,22,18018,卖盘
2303,11:25:36,8.2,--,12,9840,买盘
2304,11:25:33,8.2,0.01,2,1639,买盘
2305,11:25:27,8.19,-0.01,1,819,卖盘
2306,11:25:24,8.2,0.01,32,26239,买盘
2307,11:25:21,8.19,--,40,32759,卖盘
2308,11:25:18,8.19,--,5,4094,卖盘
2309,11:25:15,8.19,--,10,8189,卖盘
2310,11:25:12,8.19,--,97,79443,卖盘
2311,11:25:09,8.19,--,4,3276,卖盘
2312,11:25:06,8.19,-0.01,3,2457,卖盘
2313,11:25:03,8.2,--,47,38540,买盘
2314,11:25:00,8.2,0.01,5,4100,买盘
2315,11:24:57,8.19,-0.01,10,8189,卖盘
2316,11:24:54,8.2,--,60,49199,买盘
2317,11:24:51,8.2,0.01,32,26239,买盘
2318,11:24:48,8.19,--,6,4914,卖盘
2319,11:24:45,8.19,-0.01,31,25389,卖盘
2320,11:24:39,8.2,0.01,63,51659,买盘
2321,11:24:36,8.19,0.01,27,22113,卖盘
2322,11:24:33,8.18,-0.01,15,12270,卖盘
2323,11:24:30,8.19,--,1,819,卖盘
2324,11:24:24,8.19,-0.01,23,18837,中性盘
2325,11:24:21,8.2,--,113,92659,买盘
2326,11:24:15,8.2,--,1,819,买盘
2327,11:24:12,8.2,0.01,38,31159,买盘
2328,11:24:09,8.19,--,122,99950,买盘
2329,11:24:06,8.19,0.01,42,34398,买盘
2330,11:24:03,8.18,--,119,97342,卖盘
2331,11:24:00,8.18,--,1,818,卖盘
2332,11:23:57,8.18,--,1,818,卖盘
2333,11:23:54,8.18,-0.01,4,3272,卖盘
2334,11:23:51,8.19,0.01,2,1638,买盘
2335,11:23:48,8.18,--,2,1636,卖盘
2336,11:23:45,8.18,-0.01,7,5726,卖盘
2337,11:23:42,8.19,0.01,700,573300,买盘
2338,11:23:39,8.18,-0.01,17,13906,卖盘
2339,11:23:36,8.19,0.01,10,8189,买盘
2340,11:23:33,8.18,--,2,1636,卖盘
2341,11:23:30,8.18,--,8,6544,卖盘
2342,11:23:27,8.18,-0.01,1,818,卖盘
2343,11:23:24,8.19,0.01,74,60605,买盘
2344,11:23:21,8.18,-0.01,87,71166,卖盘
2345,11:23:18,8.19,0.01,87,71253,买盘
2346,11:23:15,8.18,-0.01,3,2454,卖盘
2347,11:23:12,8.19,0.01,100,81900,买盘
2348,11:23:09,8.18,-0.01,13,10634,卖盘
2349,11:23:06,8.19,0.01,64,52416,买盘
2350,11:22:54,8.18,-0.01,9,7362,卖盘
2351,11:22:48,8.19,0.01,1,819,买盘
2352,11:22:45,8.18,--,2,1636,卖盘
2353,11:22:42,8.18,--,16,13088,卖盘
2354,11:22:39,8.18,--,3,2454,卖盘
2355,11:22:36,8.18,-0.01,8,6544,卖盘
2356,11:22:33,8.19,0.01,10,8189,买盘
2357,11:22:30,8.18,--,50,40900,卖盘
2358,11:22:24,8.18,-0.01,33,26994,卖盘
2359,11:22:21,8.19,--,74,60605,买盘
2360,11:22:18,8.19,--,38,31121,买盘
2361,11:22:15,8.19,0.01,69,56511,买盘
2362,11:22:09,8.18,-0.01,40,32720,卖盘
2363,11:22:03,8.19,0.01,3,2457,买盘
2364,11:22:00,8.18,--,43,35174,卖盘
2365,11:21:57,8.18,-0.01,2,1636,卖盘
2366,11:21:51,8.19,--,1,819,买盘
2367,11:21:48,8.19,--,21,17199,买盘
2368,11:21:45,8.19,--,70,57330,买盘
2369,11:21:42,8.19,0.01,16,13104,买盘
2370,11:21:39,8.18,-0.01,12,9816,卖盘
2371,11:21:36,8.19,--,4,3276,买盘
2372,11:21:33,8.19,0.01,4,3276,买盘
2373,11:21:30,8.18,-0.01,98,80164,卖盘
2374,11:21:27,8.19,--,3,2457,买盘
2375,11:21:24,8.19,0.01,11,9009,买盘
2376,11:21:21,8.18,--,103,84254,卖盘
2377,11:21:18,8.18,--,5,4090,卖盘
2378,11:21:15,8.18,--,71,58078,卖盘
2379,11:21:12,8.18,-0.01,144,117792,卖盘
2380,11:21:09,8.19,0.01,6,4914,买盘
2381,11:21:06,8.18,--,53,43354,卖盘
2382,11:21:03,8.18,-0.01,4,3272,卖盘
2383,11:21:00,8.19,0.01,110,90090,买盘
2384,11:20:57,8.18,--,11,8998,卖盘
2385,11:20:54,8.18,-0.01,58,47444,卖盘
2386,11:20:51,8.19,--,3,2457,买盘
2387,11:20:48,8.19,--,24,19656,买盘
2388,11:20:45,8.19,--,65,53235,买盘
2389,11:20:42,8.19,--,72,58968,买盘
2390,11:20:39,8.19,--,22,18018,买盘
2391,11:20:36,8.19,--,33,27027,买盘
2392,11:20:33,8.19,--,37,30302,买盘
2393,11:20:30,8.19,0.01,83,67977,买盘
2394,11:20:27,8.18,-0.01,56,45808,卖盘
2395,11:20:24,8.19,0.01,84,68796,买盘
2396,11:20:21,8.18,--,123,100614,卖盘
2397,11:20:18,8.18,-0.01,2,1636,卖盘
2398,11:20:15,8.19,--,5,4094,买盘
2399,11:20:12,8.19,--,117,95823,买盘
2400,11:20:09,8.19,--,55,45045,买盘
2401,11:20:06,8.19,--,31,25389,买盘
2402,11:20:03,8.19,--,204,167076,买盘
2403,11:20:00,8.19,0.01,39,31940,买盘
2404,11:19:57,8.18,-0.01,2,1636,卖盘
2405,11:19:54,8.19,--,32,26208,买盘
2406,11:19:51,8.19,--,221,180999,买盘
2407,11:19:48,8.19,0.01,49,40131,买盘
2408,11:19:45,8.18,--,104,85072,买盘
2409,11:19:42,8.18,--,188,153784,买盘
2410,11:19:39,8.18,-0.01,1,818,买盘
2411,11:19:36,8.19,--,3,2457,买盘
2412,11:19:33,8.19,0.02,1,819,买盘
2413,11:19:30,8.17,-0.02,2,1634,卖盘
2414,11:19:24,8.19,--,28,22932,买盘
2415,11:19:21,8.19,0.01,53,43407,买盘
2416,11:19:18,8.18,--,8,6544,买盘
2417,11:19:15,8.18,--,2,1636,卖盘
2418,11:19:12,8.18,0.01,71,58078,买盘
2419,11:19:09,8.17,-0.02,68,55556,卖盘
2420,11:19:06,8.19,0.01,3,2653,买盘
2421,11:19:03,8.18,0.01,36,29448,买盘
2422,11:18:57,8.17,-0.01,2,1634,卖盘
2423,11:18:54,8.18,--,50,40900,买盘
2424,11:18:51,8.18,--,21,17178,买盘
2425,11:18:45,8.18,--,37,30266,买盘
2426,11:18:42,8.18,0.01,64,52352,买盘
2427,11:18:39,8.17,-0.01,3,2451,卖盘
2428,11:18:36,8.18,--,18,14724,买盘
2429,11:18:33,8.18,--,13,10634,买盘
2430,11:18:30,8.18,--,52,42536,买盘
2431,11:18:27,8.18,-0.01,44,36613,卖盘
2432,11:18:24,8.19,0.01,76,62243,买盘
2433,11:18:21,8.18,--,355,290390,卖盘
2434,11:18:18,8.18,--,4,3272,卖盘
2435,11:18:15,8.18,--,167,136606,卖盘
2436,11:18:12,8.18,-0.01,12,9816,卖盘
2437,11:18:09,8.19,0.01,155,126944,买盘
2438,11:18:06,8.18,-0.01,52,42536,卖盘
2439,11:18:03,8.19,0.01,95,77805,买盘
2440,11:18:00,8.18,--,128,104704,卖盘
2441,11:17:57,8.18,-0.01,127,103886,卖盘
2442,11:17:54,8.19,--,86,70434,买盘
2443,11:17:51,8.19,0.01,2,1638,买盘
2444,11:17:48,8.18,--,72,58896,卖盘
2445,11:17:45,8.18,--,2,1636,卖盘
2446,11:17:42,8.18,--,12,9816,卖盘
2447,11:17:36,8.18,--,26,21268,卖盘
2448,11:17:33,8.18,--,2,1636,卖盘
2449,11:17:30,8.18,--,1,818,卖盘
2450,11:17:27,8.18,--,2,1636,卖盘
2451,11:17:24,8.18,--,20,16360,卖盘
2452,11:17:21,8.18,--,37,30266,卖盘
2453,11:17:18,8.18,-0.01,5,4090,卖盘
2454,11:17:15,8.19,0.01,14,11466,买盘
2455,11:17:12,8.18,--,1,818,卖盘
2456,11:17:09,8.18,--,4,3272,卖盘
2457,11:17:06,8.18,-0.01,133,108794,卖盘
2458,11:17:03,8.19,0.01,3,2457,买盘
2459,11:17:00,8.18,-0.01,3,2454,卖盘
2460,11:16:57,8.19,0.01,12,9828,买盘
2461,11:16:51,8.18,-0.01,185,151330,卖盘
2462,11:16:48,8.19,0.01,2,1638,买盘
2463,11:16:45,8.18,--,19,15542,卖盘
2464,11:16:39,8.18,-0.01,3,2454,卖盘
2465,11:16:36,8.19,--,3,2457,买盘
2466,11:16:33,8.19,0.01,13,10647,买盘
2467,11:16:30,8.18,--,16,13088,卖盘
2468,11:16:27,8.18,--,5,4090,卖盘
2469,11:16:24,8.18,--,150,122700,卖盘
2470,11:16:21,8.18,-0.01,31,25358,卖盘
2471,11:16:18,8.19,0.01,6,4946,买盘
2472,11:16:15,8.18,--,13,10634,卖盘
2473,11:16:12,8.18,-0.01,90,73620,卖盘
2474,11:16:09,8.19,0.01,13,10647,买盘
2475,11:16:06,8.18,-0.01,9,8016,卖盘
2476,11:16:03,8.19,0.01,2,1638,买盘
2477,11:15:54,8.18,-0.01,2,1636,卖盘
2478,11:15:51,8.19,0.01,76,62243,买盘
2479,11:15:48,8.18,--,30,24540,卖盘
2480,11:15:45,8.18,-0.01,1,818,卖盘
2481,11:15:36,8.19,--,11,9009,中性盘
2482,11:15:33,8.19,--,7,5733,买盘
2483,11:15:30,8.19,--,2,1638,买盘
2484,11:15:27,8.19,--,3,2457,买盘
2485,11:15:24,8.19,0.01,36,29484,买盘
2486,11:15:21,8.18,--,3,2454,卖盘
2487,11:15:18,8.18,-0.01,68,55624,卖盘
2488,11:15:15,8.19,--,88,72072,卖盘
2489,11:15:12,8.19,--,1,819,卖盘
2490,11:15:09,8.19,-0.01,8,6552,卖盘
2491,11:15:06,8.2,0.01,85,69700,买盘
2492,11:15:03,8.19,-0.01,51,41769,卖盘
2493,11:15:00,8.2,--,54,44279,买盘
2494,11:14:57,8.2,0.01,100,82000,买盘
2495,11:14:54,8.19,-0.01,10,8189,卖盘
2496,11:14:51,8.2,0.01,83,68060,买盘
2497,11:14:48,8.19,--,33,27027,卖盘
2498,11:14:45,8.19,-0.01,10,8189,卖盘
2499,11:14:42,8.2,0.01,46,37720,买盘
2500,11:14:39,8.19,--,3,2457,卖盘
2501,11:14:36,8.19,--,8,6552,买盘
2502,11:14:30,8.19,--,31,25716,卖盘
2503,11:14:27,8.19,-0.01,8,6552,卖盘
2504,11:14:24,8.2,0.01,19,15579,买盘
2505,11:14:21,8.19,-0.01,50,40950,卖盘
2506,11:14:18,8.2,--,35,28699,买盘
2507,11:14:15,8.2,0.01,113,92659,买盘
2508,11:14:12,8.19,-0.01,44,36036,卖盘
2509,11:14:09,8.2,--,62,50839,买盘
2510,11:14:06,8.2,0.01,16,13119,买盘
2511,11:14:03,8.19,--,56,45864,卖盘
2512,11:14:00,8.19,--,100,81900,卖盘
2513,11:13:57,8.19,--,12,9828,卖盘
2514,11:13:54,8.19,--,2,1638,卖盘
2515,11:13:51,8.19,--,294,240785,卖盘
2516,11:13:48,8.19,-0.01,109,89271,卖盘
2517,11:13:45,8.2,0.01,1,819,买盘
2518,11:13:42,8.19,--,19,15560,卖盘
2519,11:13:39,8.19,-0.01,17,13923,卖盘
2520,11:13:36,8.2,--,9,7379,买盘
2521,11:13:33,8.2,0.01,5,4100,买盘
2522,11:13:30,8.19,-0.01,31,25389,卖盘
2523,11:13:27,8.2,0.01,2,1639,买盘
2524,11:13:24,8.19,-0.01,40,32759,卖盘
2525,11:13:21,8.2,--,48,39360,买盘
2526,11:13:18,8.2,0.01,704,577772,买盘
2527,11:13:15,8.19,--,6,4914,买盘
2528,11:13:12,8.19,0.01,3,2457,买盘
2529,11:13:09,8.18,--,56,45808,卖盘
2530,11:13:06,8.18,--,3,2454,卖盘
2531,11:13:03,8.18,--,29,23722,卖盘
2532,11:13:00,8.18,--,3,2454,卖盘
2533,11:12:57,8.18,--,26,21268,卖盘
2534,11:12:51,8.18,-0.01,86,70348,卖盘
2535,11:12:48,8.19,--,102,83538,买盘
2536,11:12:45,8.19,0.01,120,98280,买盘
2537,11:12:42,8.18,--,194,158692,卖盘
2538,11:12:39,8.18,-0.01,17,13906,卖盘
2539,11:12:36,8.19,0.01,3,2457,买盘
2540,11:12:33,8.18,--,12,9816,卖盘
2541,11:12:30,8.18,-0.01,2,1636,卖盘
2542,11:12:27,8.19,0.01,4,3276,买盘
2543,11:12:24,8.18,--,21,17178,卖盘
2544,11:12:21,8.18,-0.01,49,40082,卖盘
2545,11:12:18,8.19,0.01,49,40131,买盘
2546,11:12:15,8.18,--,356,291208,卖盘
2547,11:12:12,8.18,--,27,22086,卖盘
2548,11:12:09,8.18,--,96,78528,卖盘
2549,11:12:06,8.18,--,30,24540,卖盘
2550,11:12:03,8.18,-0.01,32,26176,卖盘
2551,11:12:00,8.19,0.01,135,110565,买盘
2552,11:11:57,8.18,-0.01,4,3272,卖盘
2553,11:11:54,8.19,0.01,2,1638,买盘
2554,11:11:51,8.18,--,107,87526,卖盘
2555,11:11:48,8.18,--,19,15542,卖盘
2556,11:11:45,8.18,--,4,3272,卖盘
2557,11:11:42,8.18,--,2,1636,卖盘
2558,11:11:39,8.18,-0.01,74,60532,卖盘
2559,11:11:36,8.19,--,2,1638,买盘
2560,11:11:33,8.19,--,2,1638,买盘
2561,11:11:30,8.19,0.01,37,30302,买盘
2562,11:11:24,8.18,-0.01,2,1636,卖盘
2563,11:11:21,8.19,0.01,57,46683,买盘
2564,11:11:18,8.18,-0.01,36,29448,卖盘
2565,11:11:12,8.19,0.01,21,17199,买盘
2566,11:11:09,8.18,-0.01,77,62986,卖盘
2567,11:11:06,8.19,--,5,4094,买盘
2568,11:11:03,8.19,--,3,2457,买盘
2569,11:11:00,8.19,0.01,3,2457,买盘
2570,11:10:57,8.18,--,31,25358,卖盘
2571,11:10:54,8.18,-0.01,11,8998,卖盘
2572,11:10:51,8.19,--,1,819,买盘
2573,11:10:48,8.19,0.01,2,1638,买盘
2574,11:10:45,8.18,-0.01,2,1636,卖盘
2575,11:10:39,8.19,--,74,60605,买盘
2576,11:10:36,8.19,--,7,5733,买盘
2577,11:10:33,8.19,--,10,8189,买盘
2578,11:10:30,8.19,--,8,6552,买盘
2579,11:10:27,8.19,-0.01,161,132186,卖盘
2580,11:10:24,8.2,0.01,78,63959,买盘
2581,11:10:21,8.19,--,55,45045,卖盘
2582,11:10:15,8.19,--,19,15560,卖盘
2583,11:10:12,8.19,--,3,2457,卖盘
2584,11:10:09,8.19,-0.01,77,63062,卖盘
2585,11:10:06,8.2,--,2,1639,买盘
2586,11:10:03,8.2,--,70,57399,买盘
2587,11:10:00,8.2,0.01,30,24599,买盘
2588,11:09:54,8.19,--,581,476330,买盘
2589,11:09:51,8.19,--,103,84357,买盘
2590,11:09:48,8.19,-0.01,1,819,买盘
2591,11:09:45,8.2,0.01,35,28699,买盘
2592,11:09:42,8.19,0.01,5,4094,中性盘
2593,11:09:39,8.18,-0.02,36,29448,卖盘
2594,11:09:36,8.2,--,71,58219,买盘
2595,11:09:33,8.2,0.01,2,1639,买盘
2596,11:09:30,8.19,--,20,16379,卖盘
2597,11:09:27,8.19,-0.01,58,47502,卖盘
2598,11:09:24,8.2,0.01,28,22959,买盘
2599,11:09:21,8.19,--,31,25389,卖盘
2600,11:09:18,8.19,-0.01,37,30302,卖盘
2601,11:09:15,8.2,--,1,819,买盘
2602,11:09:12,8.2,0.01,19,15579,买盘
2603,11:09:09,8.19,--,5,4094,卖盘
2604,11:09:06,8.19,--,4,3276,卖盘
2605,11:09:03,8.19,-0.01,342,280098,卖盘
2606,11:09:00,8.2,0.01,41,33620,买盘
2607,11:08:57,8.19,-0.01,94,76986,卖盘
2608,11:08:54,8.2,--,5,4100,买盘
2609,11:08:51,8.2,--,1,819,买盘
2610,11:08:48,8.2,--,80,65600,买盘
2611,11:08:45,8.2,0.01,7,5739,买盘
2612,11:08:39,8.19,-0.01,71,58149,卖盘
2613,11:08:36,8.2,0.01,21,17220,买盘
2614,11:08:33,8.19,-0.01,14,11466,卖盘
2615,11:08:30,8.2,--,5,4100,买盘
2616,11:08:24,8.2,--,32,26239,买盘
2617,11:08:21,8.2,--,18,14759,买盘
2618,11:08:18,8.2,0.01,536,439519,买盘
2619,11:08:15,8.19,--,42,34398,卖盘
2620,11:08:12,8.19,-0.01,4,3276,卖盘
2621,11:08:09,8.2,--,19,15579,买盘
2622,11:08:06,8.2,--,1,819,买盘
2623,11:08:03,8.2,0.01,29,23779,买盘
2624,11:08:00,8.19,-0.01,48,39312,卖盘
2625,11:07:57,8.2,--,51,41820,卖盘
2626,11:07:54,8.2,-0.01,277,227139,卖盘
2627,11:07:51,8.21,0.01,17,13957,买盘
2628,11:07:48,8.2,--,36,29519,卖盘
2629,11:07:45,8.2,--,4,3279,卖盘
2630,11:07:42,8.2,-0.01,505,414099,卖盘
2631,11:07:39,8.21,0.01,6,4926,买盘
2632,11:07:36,8.2,--,47,38540,卖盘
2633,11:07:33,8.2,--,22,18040,卖盘
2634,11:07:30,8.2,-0.01,17,13939,卖盘
2635,11:07:27,8.21,0.01,29,23809,买盘
2636,11:07:24,8.2,-0.01,23,18860,卖盘
2637,11:07:21,8.21,0.01,173,142033,买盘
2638,11:07:18,8.2,-0.01,54,44279,卖盘
2639,11:07:15,8.21,0.01,11,9031,买盘
2640,11:07:09,8.2,--,32,26239,卖盘
2641,11:07:06,8.2,--,101,82820,卖盘
2642,11:07:00,8.2,--,214,175479,卖盘
2643,11:06:57,8.2,-0.01,5,4100,卖盘
2644,11:06:54,8.21,--,28,22988,买盘
2645,11:06:51,8.21,0.01,15,12315,买盘
2646,11:06:48,8.2,-0.01,20,16400,卖盘
2647,11:06:45,8.21,0.01,13,10673,买盘
2648,11:06:42,8.2,-0.01,7,5739,卖盘
2649,11:06:39,8.21,--,1,821,买盘
2650,11:06:33,8.21,0.01,11,9031,买盘
2651,11:06:30,8.2,--,11,9020,卖盘
2652,11:06:24,8.2,--,8,6559,卖盘
2653,11:06:21,8.2,-0.01,32,26239,卖盘
2654,11:06:18,8.21,--,109,89489,买盘
2655,11:06:15,8.21,--,8,6568,买盘
2656,11:06:12,8.21,0.01,77,63217,买盘
2657,11:06:09,8.2,-0.01,5,4100,卖盘
2658,11:06:06,8.21,-0.01,768,630528,卖盘
2659,11:06:03,8.22,--,1,822,买盘
2660,11:06:00,8.22,--,4,3288,买盘
2661,11:05:57,8.22,--,161,132342,买盘
2662,11:05:51,8.22,0.01,2,1644,买盘
2663,11:05:48,8.21,--,7,5747,卖盘
2664,11:05:45,8.21,-0.01,11,9031,卖盘
2665,11:05:42,8.22,--,2,1644,买盘
2666,11:05:39,8.22,0.01,79,64938,买盘
2667,11:05:36,8.21,--,48,39408,卖盘
2668,11:05:30,8.21,-0.01,1,821,卖盘
2669,11:05:27,8.22,--,4,3288,买盘
2670,11:05:24,8.22,--,194,159468,买盘
2671,11:05:18,8.22,0.01,126,103572,买盘
2672,11:05:15,8.21,-0.01,38,31198,卖盘
2673,11:05:12,8.22,--,72,59184,买盘
2674,11:05:09,8.22,--,280,230160,买盘
2675,11:05:06,8.22,0.01,7,5754,买盘
2676,11:05:03,8.21,-0.01,42,34482,卖盘
2677,11:05:00,8.22,--,90,73980,买盘
2678,11:04:57,8.22,--,4,3288,买盘
2679,11:04:54,8.22,0.01,5,4110,买盘
2680,11:04:48,8.21,--,14,11494,买盘
2681,11:04:45,8.21,-0.01,318,261078,中性盘
2682,11:04:42,8.22,0.01,60,50133,买盘
2683,11:04:33,8.21,--,30,24630,卖盘
2684,11:04:30,8.21,-0.01,55,45155,卖盘
2685,11:04:27,8.22,--,178,146316,买盘
2686,11:04:24,8.22,--,76,62472,买盘
2687,11:04:21,8.22,0.01,4,3288,买盘
2688,11:04:18,8.21,--,112,91952,卖盘
2689,11:04:15,8.21,-0.01,11,9031,卖盘
2690,11:04:12,8.22,0.01,87,71514,买盘
2691,11:04:09,8.21,--,6,4926,卖盘
2692,11:04:06,8.21,-0.01,2,1642,卖盘
2693,11:04:03,8.22,--,126,103572,买盘
2694,11:04:00,8.22,0.01,22,18084,买盘
2695,11:03:57,8.21,--,16,13136,卖盘
2696,11:03:51,8.21,-0.01,10,8210,卖盘
2697,11:03:48,8.22,0.01,20,16440,买盘
2698,11:03:42,8.21,0.01,464,380952,买盘
2699,11:03:39,8.2,-0.01,15,12299,卖盘
2700,11:03:36,8.21,0.01,20,16420,买盘
2701,11:03:33,8.2,-0.01,43,35260,卖盘
2702,11:03:30,8.21,--,24,19704,买盘
2703,11:03:27,8.21,0.01,38,31198,买盘
2704,11:03:24,8.2,--,29,23779,卖盘
2705,11:03:21,8.2,--,100,82000,卖盘
2706,11:03:18,8.2,-0.01,331,271420,卖盘
2707,11:03:15,8.21,--,21,17241,买盘
2708,11:03:12,8.21,0.01,20,16420,买盘
2709,11:03:09,8.2,-0.01,3,2460,卖盘
2710,11:03:06,8.21,--,99,81279,买盘
2711,11:03:03,8.21,--,21,17241,买盘
2712,11:03:00,8.21,--,269,220849,买盘
2713,11:02:57,8.21,--,66,54186,买盘
2714,11:02:54,8.21,0.01,850,697850,买盘
2715,11:02:51,8.2,--,7,5739,卖盘
2716,11:02:48,8.2,-0.01,69,56579,卖盘
2717,11:02:42,8.21,--,4,3284,买盘
2718,11:02:39,8.21,--,38,31198,买盘
2719,11:02:36,8.21,--,13,10673,买盘
2720,11:02:33,8.21,--,60,49260,买盘
2721,11:02:30,8.21,0.01,30,24630,买盘
2722,11:02:27,8.2,-0.01,8,6559,卖盘
2723,11:02:24,8.21,--,27,22167,买盘
2724,11:02:21,8.21,--,2,1642,买盘
2725,11:02:18,8.21,0.01,123,100983,买盘
2726,11:02:15,8.2,-0.01,3,2460,卖盘
2727,11:02:12,8.21,0.01,29,23809,买盘
2728,11:02:09,8.2,--,407,333740,卖盘
2729,11:02:03,8.2,-0.01,25,20500,卖盘
2730,11:01:57,8.21,0.01,4,3284,买盘
2731,11:01:54,8.2,-0.01,65,53299,卖盘
2732,11:01:51,8.21,0.01,1,821,买盘
2733,11:01:48,8.2,--,28,22959,卖盘
2734,11:01:45,8.2,0.01,2,1639,中性盘
2735,11:01:39,8.19,-0.01,34,27846,卖盘
2736,11:01:36,8.2,--,258,211559,买盘
2737,11:01:33,8.2,--,109,89379,买盘
2738,11:01:27,8.2,--,56,45919,买盘
2739,11:01:24,8.2,--,37,30339,买盘
2740,11:01:21,8.2,--,214,175479,买盘
2741,11:01:18,8.2,0.01,49,40180,买盘
2742,11:01:15,8.19,--,29,23751,卖盘
2743,11:01:12,8.19,-0.01,26,21294,卖盘
2744,11:01:09,8.2,--,6,4920,买盘
2745,11:01:03,8.2,--,126,103319,买盘
2746,11:01:00,8.2,--,37,30339,买盘
2747,11:00:57,8.2,0.01,73,59859,买盘
2748,11:00:54,8.19,-0.01,3,2457,卖盘
2749,11:00:51,8.2,--,12,9840,买盘
2750,11:00:48,8.2,--,69,56579,买盘
2751,11:00:42,8.2,0.01,2,1639,买盘
2752,11:00:39,8.19,-0.01,2,1638,卖盘
2753,11:00:36,8.2,--,31,25419,买盘
2754,11:00:33,8.2,--,33,27059,买盘
2755,11:00:30,8.2,0.01,24,19680,买盘
2756,11:00:27,8.19,-0.01,3,2457,卖盘
2757,11:00:24,8.2,--,49,40180,买盘
2758,11:00:21,8.2,--,21,17220,买盘
2759,11:00:18,8.2,--,20,16400,买盘
2760,11:00:15,8.2,--,60,49199,买盘
2761,11:00:12,8.2,--,426,349319,买盘
2762,11:00:09,8.2,0.01,33,27059,买盘
2763,11:00:06,8.19,-0.01,2,1638,卖盘
2764,11:00:03,8.2,--,29,23779,买盘
2765,11:00:00,8.2,--,1,819,买盘
2766,10:59:57,8.2,0.01,52,42639,买盘
2767,10:59:54,8.19,-0.01,7,5733,卖盘
2768,10:59:51,8.2,0.01,92,75440,买盘
2769,10:59:48,8.19,-0.01,153,125306,卖盘
2770,10:59:45,8.2,0.01,11,9020,买盘
2771,10:59:42,8.19,--,13,10647,卖盘
2772,10:59:39,8.19,-0.01,43,35217,卖盘
2773,10:59:36,8.2,--,2,1639,买盘
2774,10:59:33,8.2,0.01,75,61499,买盘
2775,10:59:30,8.19,--,98,80262,卖盘
2776,10:59:27,8.19,--,30,24570,卖盘
2777,10:59:24,8.19,--,117,95823,买盘
2778,10:59:21,8.19,--,14,11466,买盘
2779,10:59:18,8.19,0.01,46,37674,买盘
2780,10:59:15,8.18,-0.01,331,270758,卖盘
2781,10:59:12,8.19,--,4,3276,买盘
2782,10:59:09,8.19,--,91,74529,买盘
2783,10:59:06,8.19,--,25,20475,买盘
2784,10:59:03,8.19,--,57,46683,买盘
2785,10:59:00,8.19,--,10,8189,买盘
2786,10:58:51,8.19,0.01,98,80262,买盘
2787,10:58:48,8.18,--,2,1636,卖盘
2788,10:58:45,8.18,--,10,8180,卖盘
2789,10:58:42,8.18,--,16,13088,卖盘
2790,10:58:39,8.18,-0.01,4,3272,卖盘
2791,10:58:33,8.19,--,1,819,买盘
2792,10:58:30,8.19,--,27,22113,买盘
2793,10:58:27,8.19,--,71,58149,买盘
2794,10:58:24,8.19,--,2,1638,买盘
2795,10:58:18,8.19,--,13,10647,卖盘
2796,10:58:15,8.19,--,254,208026,卖盘
2797,10:58:09,8.19,-0.01,106,86814,卖盘
2798,10:58:06,8.2,--,3,2460,买盘
2799,10:58:03,8.2,0.01,89,72980,买盘
2800,10:58:00,8.19,-0.01,116,95004,卖盘
2801,10:57:57,8.2,0.01,12,9840,买盘
2802,10:57:54,8.19,--,12,9828,卖盘
2803,10:57:51,8.19,-0.01,32,26208,卖盘
2804,10:57:48,8.2,0.01,3,2460,买盘
2805,10:57:45,8.19,-0.01,72,58968,卖盘
2806,10:57:42,8.2,--,8,6559,买盘
2807,10:57:36,8.2,--,2,1639,买盘
2808,10:57:33,8.2,0.01,5,4100,买盘
2809,10:57:30,8.19,-0.01,4,3276,卖盘
2810,10:57:27,8.2,--,72,59039,买盘
2811,10:57:21,8.2,0.01,38,31159,买盘
2812,10:57:18,8.19,--,11,9009,卖盘
2813,10:57:15,8.19,-0.01,35,28665,卖盘
2814,10:57:12,8.2,0.01,6,4920,买盘
2815,10:57:09,8.19,-0.01,8,6552,卖盘
2816,10:57:03,8.2,--,2,1639,买盘
2817,10:57:00,8.2,--,3,2460,买盘
2818,10:56:57,8.2,--,41,33620,买盘
2819,10:56:54,8.2,--,60,49199,买盘
2820,10:56:51,8.2,--,5,4100,买盘
2821,10:56:48,8.2,0.01,89,72980,买盘
2822,10:56:45,8.19,-0.01,1,819,卖盘
2823,10:56:39,8.2,0.01,53,43459,买盘
2824,10:56:36,8.19,--,4,3276,卖盘
2825,10:56:33,8.19,--,10,8189,卖盘
2826,10:56:27,8.19,-0.01,96,78624,卖盘
2827,10:56:21,8.2,--,1,819,买盘
2828,10:56:18,8.2,--,44,36080,买盘
2829,10:56:15,8.2,--,15,12299,买盘
2830,10:56:09,8.2,--,13,10659,买盘
2831,10:56:06,8.2,--,4,3279,买盘
2832,10:56:03,8.2,--,15,12299,买盘
2833,10:56:00,8.2,--,153,125459,买盘
2834,10:55:54,8.2,--,2,1639,买盘
2835,10:55:51,8.2,--,8,6559,买盘
2836,10:55:48,8.2,-0.01,94,77080,卖盘
2837,10:55:42,8.21,0.01,19,15599,买盘
2838,10:55:39,8.2,-0.01,30,24599,卖盘
2839,10:55:36,8.21,--,1,821,买盘
2840,10:55:33,8.21,0.01,2,1642,买盘
2841,10:55:30,8.2,--,18,14759,卖盘
2842,10:55:27,8.2,--,96,78720,卖盘
2843,10:55:24,8.2,--,267,218939,卖盘
2844,10:55:21,8.2,--,11,9020,卖盘
2845,10:55:18,8.2,--,10,8200,卖盘
2846,10:55:15,8.2,0.01,626,513319,买盘
2847,10:55:12,8.19,0.01,20,16379,买盘
2848,10:55:09,8.18,-0.01,6,4908,卖盘
2849,10:55:06,8.19,-0.01,63,51597,卖盘
2850,10:55:03,8.2,0.01,1054,864279,买盘
2851,10:54:57,8.19,-0.01,14,11466,卖盘
2852,10:54:51,8.2,--,11,9020,买盘
2853,10:54:48,8.2,--,43,35260,买盘
2854,10:54:45,8.2,--,182,149240,买盘
2855,10:54:42,8.2,--,3,2460,买盘
2856,10:54:36,8.2,0.01,26,21319,买盘
2857,10:54:33,8.19,--,281,230139,卖盘
2858,10:54:30,8.19,--,3,2457,卖盘
2859,10:54:27,8.19,-0.01,48,39312,卖盘
2860,10:54:24,8.2,0.01,44,36080,买盘
2861,10:54:21,8.19,-0.01,201,164619,卖盘
2862,10:54:18,8.2,0.01,46,37720,买盘
2863,10:54:15,8.19,--,17,13923,卖盘
2864,10:54:12,8.19,--,13,10647,卖盘
2865,10:54:09,8.19,-0.01,14,11466,卖盘
2866,10:54:03,8.2,0.01,40,32800,买盘
2867,10:54:00,8.19,-0.01,8,6552,卖盘
2868,10:53:57,8.2,--,2,1639,买盘
2869,10:53:54,8.2,0.01,63,51659,买盘
2870,10:53:51,8.19,-0.01,117,95823,卖盘
2871,10:53:48,8.2,0.01,24,19680,买盘
2872,10:53:45,8.19,--,32,26208,卖盘
2873,10:53:39,8.19,--,1,819,卖盘
2874,10:53:36,8.19,-0.01,30,24570,卖盘
2875,10:53:33,8.2,0.01,47,38540,买盘
2876,10:53:30,8.19,--,3,2457,卖盘
2877,10:53:24,8.19,-0.01,63,51597,卖盘
2878,10:53:21,8.2,0.01,12,9840,买盘
2879,10:53:18,8.19,-0.01,1,819,卖盘
