,time,price,change,volume,amount,type
0,15:00:03,8.17,--,4515,3689130,买盘
1,14:57:00,8.17,--,329,268793,买盘
2,14:56:57,8.17,0.01,123,100491,买盘
3,14:56:54,8.16,--,71,57936,卖盘
4,14:56:51,8.16,-0.01,58,47328,卖盘
5,14:56:48,8.17,0.01,259,211603,买盘
6,14:56:45,8.16,--,124,101184,卖盘
7,14:56:42,8.16,-0.01,84,68544,卖盘
8,14:56:39,8.17,--,147,120099,买盘
9,14:56:36,8.17,--,313,255721,买盘
10,14:56:33,8.17,--,21,17157,买盘
11,14:56:30,8.17,--,37,30229,买盘
12,14:56:27,8.17,0.01,556,454252,买盘
13,14:56:24,8.16,-0.01,10,8160,卖盘
14,14:56:21,8.17,0.01,48,39216,买盘
15,14:56:18,8.16,-0.01,33,26928,卖盘
16,14:56:15,8.17,-0.01,180,147060,卖盘
17,14:56:12,8.18,0.01,60,49080,买盘
18,14:56:09,8.17,--,180,147060,卖盘
19,14:56:06,8.17,--,2,1634,卖盘
20,14:56:03,8.17,--,64,52288,卖盘
21,14:56:00,8.17,0.01,159,129903,买盘
22,14:55:57,8.16,--,13,10608,卖盘
23,14:55:54,8.16,-0.01,136,110976,卖盘
24,14:55:51,8.17,0.01,30,24510,买盘
25,14:55:48,8.16,-0.01,28,22848,卖盘
26,14:55:45,8.17,--,5,4085,买盘
27,14:55:42,8.17,--,102,83334,买盘
28,14:55:39,8.17,-0.01,8,6536,买盘
29,14:55:33,8.18,--,202,165236,买盘
30,14:55:30,8.18,0.01,1,818,买盘
31,14:55:27,8.17,--,463,378271,买盘
32,14:55:24,8.17,0.01,40,32680,买盘
33,14:55:21,8.16,-0.01,92,75072,卖盘
34,14:55:18,8.17,0.01,100,81700,买盘
35,14:55:15,8.16,--,8,6528,卖盘
36,14:55:12,8.16,--,60,48960,卖盘
37,14:55:09,8.16,--,4,3264,卖盘
38,14:55:06,8.16,--,143,116688,卖盘
39,14:55:03,8.16,--,199,162384,卖盘
40,14:55:00,8.16,-0.01,1080,881280,卖盘
41,14:54:57,8.17,0.01,1,817,买盘
42,14:54:54,8.16,--,122,99552,卖盘
43,14:54:48,8.16,-0.01,1,816,卖盘
44,14:54:45,8.17,0.01,3,2451,买盘
45,14:54:42,8.16,--,81,66096,卖盘
46,14:54:39,8.16,-0.02,91,74256,卖盘
47,14:54:36,8.18,0.01,6,4908,买盘
48,14:54:33,8.17,--,887,724679,卖盘
49,14:54:30,8.17,-0.01,78,63726,卖盘
50,14:54:27,8.18,--,53,43354,买盘
51,14:54:24,8.18,0.01,70,57260,买盘
52,14:54:21,8.17,--,32,26144,卖盘
53,14:54:18,8.17,-0.01,31,25327,卖盘
54,14:54:15,8.18,--,87,71166,买盘
55,14:54:12,8.18,0.01,31,25358,买盘
56,14:54:09,8.17,--,20,16340,卖盘
57,14:54:03,8.17,--,20,16340,卖盘
58,14:54:00,8.17,--,217,177289,卖盘
59,14:53:57,8.17,--,11,8987,卖盘
60,14:53:54,8.17,-0.01,347,283499,卖盘
61,14:53:48,8.18,0.01,7,5726,买盘
62,14:53:45,8.17,--,40,32680,卖盘
63,14:53:39,8.17,--,204,166668,卖盘
64,14:53:36,8.17,--,82,66994,卖盘
65,14:53:33,8.17,--,20,16340,卖盘
66,14:53:30,8.17,-0.01,160,130720,卖盘
67,14:53:27,8.18,--,6,4908,买盘
68,14:53:24,8.18,0.01,1,818,买盘
69,14:53:21,8.17,--,6,4902,卖盘
70,14:53:18,8.17,--,219,178923,卖盘
71,14:53:15,8.17,-0.01,160,130720,卖盘
72,14:53:12,8.18,--,36,29448,买盘
73,14:53:09,8.18,0.01,16,13088,买盘
74,14:53:06,8.17,-0.01,106,86602,卖盘
75,14:53:03,8.18,--,5,4090,买盘
76,14:53:00,8.18,--,66,53988,买盘
77,14:52:57,8.18,--,177,144786,买盘
78,14:52:54,8.18,0.01,101,82618,买盘
79,14:52:51,8.17,--,30,24510,卖盘
80,14:52:48,8.17,--,77,62909,卖盘
81,14:52:45,8.17,--,23,18791,卖盘
82,14:52:42,8.17,-0.01,24,19608,卖盘
83,14:52:39,8.18,0.01,115,94070,买盘
84,14:52:36,8.17,-0.01,15,12255,卖盘
85,14:52:33,8.18,0.01,118,96524,买盘
86,14:52:30,8.17,-0.01,108,88236,卖盘
87,14:52:24,8.18,--,11,8998,买盘
88,14:52:21,8.18,0.01,15,12270,买盘
89,14:52:18,8.17,-0.01,50,40850,卖盘
90,14:52:15,8.18,--,13,10634,买盘
91,14:52:09,8.18,0.01,60,49080,买盘
92,14:52:06,8.17,-0.01,25,20425,卖盘
93,14:52:03,8.18,0.01,8,6544,买盘
94,14:52:00,8.17,-0.01,1,817,卖盘
95,14:51:54,8.18,--,211,172598,买盘
96,14:51:51,8.18,--,34,27812,买盘
97,14:51:48,8.18,--,10,8180,买盘
98,14:51:45,8.18,--,10,8180,买盘
99,14:51:39,8.18,--,101,82618,卖盘
100,14:51:36,8.18,--,204,166872,卖盘
101,14:51:33,8.18,--,3,2454,卖盘
102,14:51:30,8.18,--,12,9816,卖盘
103,14:51:27,8.18,--,5,4090,卖盘
104,14:51:24,8.18,--,21,17178,卖盘
105,14:51:21,8.18,--,155,126790,卖盘
106,14:51:18,8.18,-0.01,30,24540,卖盘
107,14:51:15,8.19,0.01,34,27846,买盘
108,14:51:12,8.18,--,23,18814,卖盘
109,14:51:09,8.18,--,38,31084,卖盘
110,14:51:06,8.18,--,203,166054,中性盘
111,14:51:03,8.18,--,508,415544,卖盘
112,14:51:00,8.18,--,120,98773,卖盘
113,14:50:57,8.18,--,37,30266,卖盘
114,14:50:54,8.18,--,98,80164,卖盘
115,14:50:51,8.18,--,35,28630,卖盘
116,14:50:48,8.18,--,37,30266,卖盘
117,14:50:45,8.18,--,81,66258,卖盘
118,14:50:42,8.18,-0.01,30,24540,卖盘
119,14:50:39,8.19,0.01,51,41769,买盘
120,14:50:33,8.18,-0.01,19,15542,卖盘
121,14:50:30,8.19,--,95,77805,买盘
122,14:50:27,8.19,0.01,23,18837,买盘
123,14:50:24,8.18,-0.01,44,35992,卖盘
124,14:50:21,8.19,0.01,42,34398,买盘
125,14:50:18,8.18,-0.01,62,50716,卖盘
126,14:50:15,8.19,0.01,51,41769,买盘
127,14:50:12,8.18,--,112,91616,卖盘
128,14:50:09,8.18,--,4,3272,卖盘
129,14:50:03,8.18,--,27,22086,卖盘
130,14:50:00,8.18,--,102,83436,卖盘
131,14:49:54,8.18,--,20,16360,卖盘
132,14:49:51,8.18,--,1,818,卖盘
133,14:49:48,8.18,--,2,1636,卖盘
134,14:49:45,8.18,-0.01,17,13906,卖盘
135,14:49:42,8.19,0.01,1,819,买盘
136,14:49:39,8.18,-0.01,67,54806,卖盘
137,14:49:36,8.19,--,1,819,买盘
138,14:49:33,8.19,0.01,45,36855,买盘
139,14:49:30,8.18,-0.01,2,1636,卖盘
140,14:49:27,8.19,--,41,33579,买盘
141,14:49:24,8.19,0.01,17,13923,买盘
142,14:49:21,8.18,-0.01,11,8998,卖盘
143,14:49:18,8.19,--,21,17199,买盘
144,14:49:15,8.19,--,106,86814,买盘
145,14:49:12,8.19,0.01,22,18018,买盘
146,14:49:06,8.18,-0.01,37,30266,卖盘
147,14:49:03,8.19,--,60,49140,买盘
148,14:49:00,8.19,--,1,819,买盘
149,14:48:57,8.19,0.01,126,103194,买盘
150,14:48:54,8.18,-0.01,95,77710,卖盘
151,14:48:51,8.19,0.01,46,37674,买盘
152,14:48:45,8.18,-0.01,27,22086,卖盘
153,14:48:42,8.19,--,13,10647,买盘
154,14:48:39,8.19,0.01,19,15560,买盘
155,14:48:36,8.18,--,40,32720,卖盘
156,14:48:33,8.18,--,526,430268,卖盘
157,14:48:30,8.18,--,186,152148,卖盘
158,14:48:27,8.18,-0.01,50,40900,卖盘
159,14:48:24,8.19,--,50,40950,买盘
160,14:48:21,8.19,--,45,36855,买盘
161,14:48:18,8.19,--,14,11466,买盘
162,14:48:15,8.19,--,12,9828,买盘
163,14:48:12,8.19,0.01,157,128582,买盘
164,14:48:09,8.18,--,512,418816,卖盘
165,14:48:06,8.18,-0.01,3,2454,卖盘
166,14:48:03,8.19,--,7,5733,买盘
167,14:48:00,8.19,--,5,4094,买盘
168,14:47:57,8.19,0.01,198,162162,买盘
169,14:47:54,8.18,--,1,818,卖盘
170,14:47:51,8.18,--,25,20450,卖盘
171,14:47:48,8.18,--,6,4908,卖盘
172,14:47:45,8.18,--,25,20450,卖盘
173,14:47:42,8.18,-0.01,14,11452,卖盘
174,14:47:39,8.19,--,1,819,买盘
175,14:47:36,8.19,0.01,20,16379,买盘
176,14:47:33,8.18,--,51,41718,卖盘
177,14:47:30,8.18,--,30,24540,卖盘
178,14:47:27,8.18,-0.01,50,40900,卖盘
179,14:47:24,8.19,--,52,42588,买盘
180,14:47:21,8.19,--,13,10647,买盘
181,14:47:15,8.19,0.01,82,67158,买盘
182,14:47:12,8.18,--,137,112066,买盘
183,14:47:09,8.18,--,15,12270,买盘
184,14:47:06,8.18,--,74,60532,买盘
185,14:47:03,8.18,--,82,67076,买盘
186,14:46:57,8.18,--,16,13088,买盘
187,14:46:51,8.18,-0.01,466,381188,卖盘
188,14:46:48,8.19,--,35,28665,买盘
189,14:46:45,8.19,--,56,45864,买盘
190,14:46:42,8.19,0.01,17,13923,买盘
191,14:46:39,8.18,--,18,14724,卖盘
192,14:46:36,8.18,--,40,32720,卖盘
193,14:46:33,8.18,--,62,50716,卖盘
194,14:46:30,8.18,--,2,1636,卖盘
195,14:46:27,8.18,-0.01,39,31902,卖盘
196,14:46:24,8.19,0.01,33,27027,买盘
197,14:46:21,8.18,--,123,100614,卖盘
198,14:46:18,8.18,--,2,1636,卖盘
199,14:46:15,8.18,--,1034,845975,买盘
200,14:46:12,8.18,0.01,104,85072,买盘
201,14:46:09,8.17,--,19,15523,卖盘
202,14:46:06,8.17,-0.01,241,196897,卖盘
203,14:46:03,8.18,--,12,9816,买盘
204,14:46:00,8.18,--,5,4090,买盘
205,14:45:57,8.18,--,19,15542,买盘
206,14:45:54,8.18,0.01,37,30266,买盘
207,14:45:51,8.17,-0.01,10,8170,卖盘
208,14:45:48,8.18,--,164,134152,买盘
209,14:45:45,8.18,0.01,15,12270,买盘
210,14:45:42,8.17,--,15,12255,卖盘
211,14:45:39,8.17,--,12,9804,卖盘
212,14:45:36,8.17,-0.01,10,8170,卖盘
213,14:45:33,8.18,--,1,818,买盘
214,14:45:30,8.18,--,21,17178,买盘
215,14:45:24,8.18,--,5,4090,买盘
216,14:45:21,8.18,0.01,7,5726,买盘
217,14:45:18,8.17,--,44,35948,卖盘
218,14:45:15,8.17,-0.01,27,22059,卖盘
219,14:45:12,8.18,0.01,479,391822,买盘
220,14:45:09,8.17,--,1,817,卖盘
221,14:45:06,8.17,-0.01,51,41667,卖盘
222,14:45:03,8.18,0.01,12,9816,买盘
223,14:44:54,8.17,--,3,2451,卖盘
224,14:44:51,8.17,-0.01,81,66177,卖盘
225,14:44:48,8.18,0.01,63,51534,买盘
226,14:44:45,8.17,--,185,151145,卖盘
227,14:44:42,8.17,--,44,36111,卖盘
228,14:44:39,8.17,-0.01,10,8170,卖盘
229,14:44:36,8.18,0.01,1,818,买盘
230,14:44:33,8.17,--,12,9804,卖盘
231,14:44:30,8.17,--,840,686280,卖盘
232,14:44:27,8.17,-0.01,1,817,卖盘
233,14:44:24,8.18,0.01,52,42536,买盘
234,14:44:21,8.17,--,97,79249,卖盘
235,14:44:18,8.17,-0.01,10,8170,卖盘
236,14:44:12,8.18,--,161,131698,买盘
237,14:44:09,8.18,--,52,42536,买盘
238,14:44:06,8.18,--,8,6544,买盘
239,14:44:03,8.18,0.01,6,4908,买盘
240,14:44:00,8.17,-0.01,45,36765,卖盘
241,14:43:48,8.18,--,253,206954,买盘
242,14:43:45,8.18,0.01,36,29448,买盘
243,14:43:42,8.17,-0.01,41,33497,卖盘
244,14:43:39,8.18,0.01,5,4090,买盘
245,14:43:36,8.17,--,4,3268,卖盘
246,14:43:33,8.17,--,166,135622,卖盘
247,14:43:30,8.17,-0.01,25,20425,卖盘
248,14:43:27,8.18,--,20,16360,买盘
249,14:43:24,8.18,0.01,24,19632,买盘
250,14:43:21,8.17,--,10,8170,卖盘
251,14:43:18,8.17,-0.01,26,21242,卖盘
252,14:43:15,8.18,--,32,26176,买盘
253,14:43:12,8.18,--,122,99796,买盘
254,14:43:09,8.18,--,9,7362,买盘
255,14:43:06,8.18,--,51,41718,买盘
256,14:43:03,8.18,0.01,7,5726,买盘
257,14:42:57,8.17,-0.01,14,11438,卖盘
258,14:42:54,8.18,0.01,6,4908,买盘
259,14:42:48,8.17,-0.01,34,27778,卖盘
260,14:42:45,8.18,0.01,76,62168,买盘
261,14:42:42,8.17,--,57,46569,卖盘
262,14:42:39,8.17,--,56,45752,卖盘
263,14:42:33,8.17,-0.01,2,1634,卖盘
264,14:42:30,8.18,--,114,93252,买盘
265,14:42:27,8.18,--,30,24540,买盘
266,14:42:24,8.18,--,84,68712,买盘
267,14:42:21,8.18,--,5,4090,买盘
268,14:42:18,8.18,0.01,5,4090,买盘
269,14:42:15,8.17,-0.01,1,817,卖盘
270,14:42:12,8.18,0.01,96,78528,买盘
271,14:42:09,8.17,-0.01,36,29412,卖盘
272,14:42:06,8.18,--,1060,867080,买盘
273,14:42:03,8.18,--,15,12270,买盘
274,14:42:00,8.18,-0.01,10,8180,中性盘
275,14:41:51,8.19,0.01,240,196560,买盘
276,14:41:48,8.18,-0.01,77,62986,卖盘
277,14:41:45,8.19,--,191,156429,买盘
278,14:41:42,8.19,--,73,59787,买盘
279,14:41:39,8.19,0.01,57,46683,买盘
280,14:41:36,8.18,-0.01,79,64622,卖盘
281,14:41:33,8.19,0.01,2,1638,买盘
282,14:41:30,8.18,--,86,70348,卖盘
283,14:41:27,8.18,-0.01,50,40900,卖盘
284,14:41:24,8.19,--,187,153153,买盘
285,14:41:21,8.19,--,26,21294,买盘
286,14:41:18,8.19,0.01,34,27846,买盘
287,14:41:15,8.18,-0.01,154,125972,卖盘
288,14:41:12,8.19,0.01,118,96642,买盘
289,14:41:09,8.18,-0.01,100,81800,卖盘
290,14:41:03,8.19,0.01,4,3276,买盘
291,14:41:00,8.18,-0.01,2,1636,卖盘
292,14:40:57,8.19,0.01,13,10647,买盘
293,14:40:54,8.18,--,2,1636,卖盘
294,14:40:51,8.18,-0.01,47,38446,卖盘
295,14:40:48,8.19,0.01,5,4094,买盘
296,14:40:45,8.18,--,33,26994,卖盘
297,14:40:42,8.18,--,42,34356,卖盘
298,14:40:39,8.18,--,21,17178,卖盘
299,14:40:33,8.18,-0.01,11,8998,卖盘
300,14:40:30,8.19,0.01,55,45045,买盘
301,14:40:27,8.18,-0.01,18,14724,卖盘
302,14:40:24,8.19,--,27,22113,买盘
303,14:40:21,8.19,--,117,95823,买盘
304,14:40:18,8.19,--,53,43407,买盘
305,14:40:15,8.19,--,95,77805,买盘
306,14:40:12,8.19,0.01,134,109746,买盘
307,14:40:09,8.18,-0.01,447,365752,卖盘
308,14:40:06,8.19,--,2,1638,买盘
309,14:40:03,8.19,--,5,4094,买盘
310,14:40:00,8.19,0.01,46,37674,买盘
311,14:39:57,8.18,--,18,14724,卖盘
312,14:39:54,8.18,-0.01,34,27812,卖盘
313,14:39:48,8.19,0.01,2,1638,买盘
314,14:39:45,8.18,--,250,205211,买盘
315,14:39:42,8.18,--,87,71166,买盘
316,14:39:39,8.18,--,1,818,买盘
317,14:39:36,8.18,--,6,4908,买盘
318,14:39:33,8.18,--,618,505524,买盘
319,14:39:30,8.18,--,7,5726,买盘
320,14:39:24,8.18,--,43,35174,买盘
321,14:39:21,8.18,--,4,3272,买盘
322,14:39:18,8.18,0.01,118,96524,买盘
323,14:39:15,8.17,-0.01,3,2451,卖盘
324,14:39:12,8.18,--,107,87526,买盘
325,14:39:09,8.18,0.01,67,54806,买盘
326,14:39:06,8.17,-0.01,103,84151,卖盘
327,14:39:03,8.18,--,7,5726,买盘
328,14:38:57,8.18,--,19,15542,买盘
329,14:38:54,8.18,--,690,564420,买盘
330,14:38:51,8.18,--,11,8998,买盘
331,14:38:48,8.18,--,123,100614,买盘
332,14:38:45,8.18,--,15,12270,买盘
333,14:38:42,8.18,--,3,2454,买盘
334,14:38:39,8.18,--,6,4908,买盘
335,14:38:36,8.18,0.01,4,3272,买盘
336,14:38:33,8.17,-0.01,136,111112,卖盘
337,14:38:24,8.18,0.01,37,30266,买盘
338,14:38:21,8.17,--,40,32680,卖盘
339,14:38:18,8.17,--,12,9804,卖盘
340,14:38:15,8.17,-0.01,27,22059,卖盘
341,14:38:12,8.18,--,96,78528,买盘
342,14:38:09,8.18,0.01,34,27812,买盘
343,14:38:06,8.17,-0.01,2,1634,卖盘
344,14:38:03,8.18,--,124,101432,买盘
345,14:37:57,8.18,0.01,2,1636,买盘
346,14:37:54,8.17,-0.01,3,2451,卖盘
347,14:37:51,8.18,0.01,194,158692,买盘
348,14:37:48,8.17,--,61,49837,买盘
349,14:37:45,8.17,--,15,12255,买盘
350,14:37:42,8.17,--,352,287584,买盘
351,14:37:39,8.17,--,37,30229,买盘
352,14:37:36,8.17,--,3,2451,买盘
353,14:37:30,8.17,--,3256,2660152,买盘
354,14:37:27,8.17,--,6,4902,买盘
355,14:37:24,8.17,--,28,22876,买盘
356,14:37:21,8.17,--,53,43301,买盘
357,14:37:15,8.17,--,117,95589,买盘
358,14:37:12,8.17,--,156,127452,买盘
359,14:37:09,8.17,--,70,57190,买盘
360,14:37:06,8.17,--,7,5719,买盘
361,14:37:03,8.17,0.01,210,171570,买盘
362,14:37:00,8.16,-0.01,305,248880,卖盘
363,14:36:54,8.17,-0.01,100,81700,卖盘
364,14:36:51,8.18,--,2,1636,买盘
365,14:36:48,8.18,0.01,109,89162,买盘
366,14:36:45,8.17,--,46,37582,卖盘
367,14:36:42,8.17,-0.01,184,150328,卖盘
368,14:36:39,8.18,0.01,22,17996,买盘
369,14:36:36,8.17,--,1,817,卖盘
370,14:36:33,8.17,-0.01,1,817,卖盘
371,14:36:30,8.18,--,118,96524,买盘
372,14:36:24,8.18,0.01,25,20450,买盘
373,14:36:21,8.17,--,19,15523,卖盘
374,14:36:18,8.17,--,160,130720,卖盘
375,14:36:12,8.17,-0.01,143,116831,卖盘
376,14:36:09,8.18,0.01,18,14724,买盘
377,14:36:06,8.17,--,36,29412,买盘
378,14:36:03,8.17,0.01,14,11438,买盘
379,14:35:57,8.16,-0.01,38,31008,卖盘
380,14:35:54,8.17,--,2,1634,买盘
381,14:35:51,8.17,--,12,9804,买盘
382,14:35:48,8.17,--,20,16340,买盘
383,14:35:45,8.17,-0.01,397,324349,卖盘
384,14:35:42,8.18,--,10,8180,买盘
385,14:35:39,8.18,0.01,121,98978,买盘
386,14:35:36,8.17,--,591,482847,卖盘
387,14:35:33,8.17,--,27,22059,卖盘
388,14:35:27,8.17,-0.01,16,13072,卖盘
389,14:35:24,8.18,--,24,19632,买盘
390,14:35:15,8.18,0.01,19,15542,买盘
391,14:35:12,8.17,-0.01,139,113563,卖盘
392,14:35:09,8.18,--,11,8998,买盘
393,14:35:06,8.18,--,205,167690,买盘
394,14:35:03,8.18,0.01,41,33538,买盘
395,14:35:00,8.17,-0.01,9,7353,卖盘
396,14:34:57,8.18,0.01,121,98978,买盘
397,14:34:51,8.17,-0.01,1,817,卖盘
398,14:34:48,8.18,0.01,1,818,买盘
399,14:34:45,8.17,-0.01,56,45752,卖盘
400,14:34:42,8.18,--,5,4090,买盘
401,14:34:39,8.18,--,64,52352,买盘
402,14:34:36,8.18,0.01,6,4908,买盘
403,14:34:27,8.17,-0.01,244,199348,卖盘
404,14:34:24,8.18,--,10,8180,买盘
405,14:34:21,8.18,--,1,818,买盘
406,14:34:15,8.18,--,198,161964,买盘
407,14:34:12,8.18,--,102,83436,买盘
408,14:34:09,8.18,--,28,22904,买盘
409,14:34:06,8.18,--,9,7362,买盘
410,14:34:03,8.18,--,6,4908,买盘
411,14:34:00,8.18,--,19,15542,买盘
412,14:33:54,8.18,0.01,10,8180,买盘
413,14:33:51,8.17,-0.01,19,15523,卖盘
414,14:33:48,8.18,0.01,538,440084,买盘
415,14:33:45,8.17,-0.01,404,330068,卖盘
416,14:33:42,8.18,--,5,4090,买盘
417,14:33:39,8.18,--,40,32720,买盘
418,14:33:36,8.18,--,24,19632,买盘
419,14:33:33,8.18,--,7,5726,买盘
420,14:33:30,8.18,0.01,68,55624,买盘
421,14:33:27,8.17,-0.01,172,140524,卖盘
422,14:33:24,8.18,--,72,58896,买盘
423,14:33:21,8.18,--,3,2454,买盘
424,14:33:18,8.18,0.01,13,10634,买盘
425,14:33:15,8.17,-0.01,27,22059,卖盘
426,14:33:12,8.18,--,335,274030,买盘
427,14:33:09,8.18,--,12,9816,买盘
428,14:33:06,8.18,--,23,18814,买盘
429,14:33:03,8.18,0.01,5,4090,买盘
430,14:33:00,8.17,-0.01,6,4902,卖盘
431,14:32:57,8.18,--,17,13906,买盘
432,14:32:51,8.18,--,3,2454,买盘
433,14:32:48,8.18,--,26,21268,买盘
434,14:32:45,8.18,--,41,33538,买盘
435,14:32:42,8.18,--,16,13088,买盘
436,14:32:39,8.18,--,142,116156,买盘
437,14:32:36,8.18,--,10,8180,买盘
438,14:32:33,8.18,--,2,1636,买盘
439,14:32:30,8.18,--,31,25358,买盘
440,14:32:27,8.18,--,2,1636,买盘
441,14:32:24,8.18,0.01,5,4090,买盘
442,14:32:21,8.17,-0.01,228,186276,卖盘
443,14:32:15,8.18,--,774,633132,买盘
444,14:32:12,8.18,--,101,82618,买盘
445,14:32:09,8.18,--,149,121882,买盘
446,14:32:03,8.18,--,85,69530,买盘
447,14:32:00,8.18,--,9,7362,买盘
448,14:31:54,8.18,0.01,117,95706,买盘
449,14:31:51,8.17,-0.01,29,23693,卖盘
450,14:31:48,8.18,--,120,98160,买盘
451,14:31:45,8.18,0.01,6,4908,买盘
452,14:31:42,8.17,-0.01,499,407683,卖盘
453,14:31:39,8.18,0.01,64,52352,买盘
454,14:31:36,8.17,--,73,59641,卖盘
455,14:31:33,8.17,--,3,2451,卖盘
456,14:31:30,8.17,--,11,8987,卖盘
457,14:31:27,8.17,-0.01,34,27778,卖盘
458,14:31:24,8.18,0.01,6,4908,买盘
459,14:31:21,8.17,--,82,66994,买盘
460,14:31:18,8.17,-0.01,4,3268,中性盘
461,14:31:15,8.18,0.01,123,100614,买盘
462,14:31:12,8.17,--,164,133988,买盘
463,14:31:09,8.17,--,67,54739,买盘
464,14:31:06,8.17,0.01,37,30229,买盘
465,14:31:03,8.16,-0.01,318,259488,卖盘
466,14:31:00,8.17,--,24,19608,买盘
467,14:30:57,8.17,--,2,1634,买盘
468,14:30:54,8.17,0.01,60,49020,买盘
469,14:30:51,8.16,--,127,103632,买盘
470,14:30:48,8.16,--,10,8160,买盘
471,14:30:45,8.16,--,56,45696,买盘
472,14:30:42,8.16,--,4,3264,买盘
473,14:30:36,8.16,--,43,35088,买盘
474,14:30:33,8.16,--,134,109344,买盘
475,14:30:30,8.16,--,37,30192,买盘
476,14:30:24,8.16,--,59,48144,买盘
477,14:30:21,8.16,--,208,169728,买盘
478,14:30:15,8.16,--,66,53856,买盘
479,14:30:12,8.16,--,101,82416,买盘
480,14:30:09,8.16,--,3,2448,买盘
481,14:30:06,8.16,--,61,49776,买盘
482,14:30:03,8.16,--,11,8976,买盘
483,14:29:57,8.16,--,18,14688,买盘
484,14:29:54,8.16,--,46,37536,买盘
485,14:29:51,8.16,0.01,19,15504,买盘
486,14:29:48,8.15,-0.01,310,252650,卖盘
487,14:29:45,8.16,--,6,4896,买盘
488,14:29:42,8.16,--,13,10608,买盘
489,14:29:39,8.16,--,8,6528,买盘
490,14:29:33,8.16,--,1,816,买盘
491,14:29:30,8.16,--,17,13872,买盘
492,14:29:27,8.16,--,1,816,买盘
493,14:29:24,8.16,0.01,10,8160,买盘
494,14:29:21,8.15,-0.01,4,3260,卖盘
495,14:29:18,8.16,--,4,3264,买盘
496,14:29:15,8.16,--,205,167280,卖盘
497,14:29:12,8.16,--,110,89760,卖盘
498,14:29:09,8.16,-0.01,6,4896,卖盘
499,14:29:06,8.17,--,11,8987,买盘
500,14:29:03,8.17,0.01,25,20425,买盘
501,14:29:00,8.16,-0.01,1502,1225632,卖盘
502,14:28:54,8.17,--,105,85785,买盘
503,14:28:51,8.17,--,19,15523,买盘
504,14:28:48,8.17,0.01,10,8170,买盘
505,14:28:45,8.16,--,17,13872,卖盘
506,14:28:42,8.16,-0.01,67,54672,卖盘
507,14:28:39,8.17,--,10,8170,买盘
508,14:28:36,8.17,--,9,7353,买盘
509,14:28:33,8.17,0.01,1,817,买盘
510,14:28:30,8.16,-0.01,3,2448,卖盘
511,14:28:24,8.17,0.01,7,5719,买盘
512,14:28:21,8.16,--,6,4896,卖盘
513,14:28:18,8.16,-0.01,2,1632,卖盘
514,14:28:15,8.17,--,2,1634,买盘
515,14:28:12,8.17,--,113,92321,买盘
516,14:28:09,8.17,0.01,1,817,买盘
517,14:28:06,8.16,-0.01,33,26928,卖盘
518,14:28:03,8.17,0.01,11,8987,买盘
519,14:28:00,8.16,-0.01,8,6528,卖盘
520,14:27:54,8.17,--,63,51471,买盘
521,14:27:48,8.17,--,3,2451,买盘
522,14:27:45,8.17,--,26,21242,买盘
523,14:27:42,8.17,0.01,1,817,买盘
524,14:27:39,8.16,--,20,16320,卖盘
525,14:27:36,8.16,--,27,22032,卖盘
526,14:27:33,8.16,-0.01,18,14688,卖盘
527,14:27:30,8.17,--,1,817,买盘
528,14:27:27,8.17,--,10,8170,买盘
529,14:27:24,8.17,0.01,7,5719,买盘
530,14:27:18,8.16,-0.01,19,15504,卖盘
531,14:27:15,8.17,-0.01,17,13889,卖盘
532,14:27:12,8.18,--,97,79346,买盘
533,14:27:09,8.18,0.01,2,1636,买盘
534,14:27:06,8.17,--,34,27778,买盘
535,14:27:03,8.17,--,11,8987,买盘
536,14:27:00,8.17,--,18,14706,买盘
537,14:26:57,8.17,--,13,10621,卖盘
538,14:26:54,8.17,-0.01,38,31046,卖盘
539,14:26:51,8.18,--,29,23722,买盘
540,14:26:48,8.18,0.01,9,7362,买盘
541,14:26:45,8.17,-0.01,44,35948,卖盘
542,14:26:42,8.18,--,16,13088,买盘
543,14:26:39,8.18,--,474,387732,买盘
544,14:26:36,8.18,--,11,8998,买盘
545,14:26:33,8.18,0.01,25,20450,买盘
546,14:26:30,8.17,-0.01,76,62092,卖盘
547,14:26:27,8.18,--,8,6544,买盘
548,14:26:24,8.18,0.01,6,4908,买盘
549,14:26:21,8.17,-0.01,9,7353,卖盘
550,14:26:18,8.18,--,52,42536,买盘
551,14:26:12,8.18,--,96,78528,买盘
552,14:26:09,8.18,--,7,5726,买盘
553,14:26:06,8.18,--,172,140696,买盘
554,14:26:03,8.18,--,8,6544,买盘
555,14:26:00,8.18,--,1,818,买盘
556,14:25:57,8.18,--,5,4090,买盘
557,14:25:54,8.18,--,21,17178,买盘
558,14:25:48,8.18,0.01,19,15542,买盘
559,14:25:45,8.17,--,43,35131,卖盘
560,14:25:42,8.17,--,15,12255,卖盘
561,14:25:39,8.17,--,26,21242,卖盘
562,14:25:36,8.17,--,5,4085,卖盘
563,14:25:33,8.17,--,26,21242,买盘
564,14:25:30,8.17,--,9,7353,买盘
565,14:25:27,8.17,--,29,23693,买盘
566,14:25:24,8.17,--,15,12255,买盘
567,14:25:21,8.17,--,10,8170,买盘
568,14:25:18,8.17,--,21,17157,买盘
569,14:25:15,8.17,--,61,49837,买盘
570,14:25:12,8.17,--,112,91504,买盘
571,14:25:09,8.17,--,9,7353,买盘
572,14:25:06,8.17,--,11,8987,买盘
573,14:25:03,8.17,--,4,3268,买盘
574,14:25:00,8.17,--,2,1634,买盘
575,14:24:57,8.17,--,15,12255,买盘
576,14:24:54,8.17,0.01,13,10621,买盘
577,14:24:51,8.16,-0.01,70,57120,卖盘
578,14:24:48,8.17,0.01,26,21242,买盘
579,14:24:45,8.16,-0.01,17,13872,卖盘
580,14:24:42,8.17,--,3,2451,买盘
581,14:24:39,8.17,--,5,4085,买盘
582,14:24:36,8.17,--,14,11438,买盘
583,14:24:33,8.17,--,11,8987,买盘
584,14:24:30,8.17,--,1174,959158,卖盘
585,14:24:27,8.17,--,52,42484,卖盘
586,14:24:24,8.17,--,77,62909,卖盘
587,14:24:18,8.17,-0.01,24,19608,卖盘
588,14:24:15,8.18,--,10,8180,买盘
589,14:24:12,8.18,--,97,79346,买盘
590,14:24:09,8.18,--,70,57260,买盘
591,14:24:06,8.18,--,12,9816,买盘
592,14:24:03,8.18,--,4,3272,买盘
593,14:23:57,8.18,--,5,4090,买盘
594,14:23:54,8.18,--,2,1636,买盘
595,14:23:51,8.18,--,66,53988,买盘
596,14:23:48,8.18,--,62,50716,买盘
597,14:23:45,8.18,--,13,10634,买盘
598,14:23:42,8.18,--,30,24540,买盘
599,14:23:39,8.18,--,22,17996,买盘
600,14:23:36,8.18,--,14,11452,买盘
601,14:23:33,8.18,0.01,3,2454,买盘
602,14:23:27,8.17,--,28,22876,卖盘
603,14:23:24,8.17,--,14,11438,卖盘
604,14:23:21,8.17,-0.01,13,10621,卖盘
605,14:23:18,8.18,0.01,9,7362,买盘
606,14:23:15,8.17,-0.01,116,94772,卖盘
607,14:23:12,8.18,--,15,12270,买盘
608,14:23:09,8.18,0.01,216,176688,买盘
609,14:23:06,8.17,-0.01,59,48203,卖盘
610,14:23:03,8.18,0.01,8,6544,买盘
611,14:23:00,8.17,-0.01,525,428925,卖盘
612,14:22:57,8.18,--,9,7362,买盘
613,14:22:51,8.18,--,5,4090,买盘
614,14:22:48,8.18,--,193,157874,买盘
615,14:22:45,8.18,--,71,58078,买盘
616,14:22:39,8.18,--,10,8180,买盘
617,14:22:36,8.18,0.01,10,8180,买盘
618,14:22:33,8.17,--,1,817,卖盘
619,14:22:30,8.17,-0.01,20,16340,卖盘
620,14:22:27,8.18,--,2,1636,买盘
621,14:22:24,8.18,--,5,4090,买盘
622,14:22:21,8.18,0.01,1,818,买盘
623,14:22:18,8.17,-0.01,43,35131,卖盘
624,14:22:15,8.18,--,63,51534,买盘
625,14:22:12,8.18,--,99,80982,买盘
626,14:22:09,8.18,--,12,9816,买盘
627,14:22:06,8.18,--,16,13088,买盘
628,14:22:03,8.18,0.01,7,5726,买盘
629,14:22:00,8.17,-0.01,156,127452,卖盘
630,14:21:57,8.18,--,64,52352,买盘
631,14:21:51,8.18,--,46,37628,买盘
632,14:21:48,8.18,--,9,7362,买盘
633,14:21:45,8.18,--,18,14724,买盘
634,14:21:42,8.18,--,206,168508,买盘
635,14:21:39,8.18,--,40,32720,买盘
636,14:21:36,8.18,--,12,9816,买盘
637,14:21:33,8.18,0.01,42,34356,买盘
638,14:21:30,8.17,-0.01,56,45752,卖盘
639,14:21:27,8.18,--,8,6544,买盘
640,14:21:24,8.18,0.01,535,437630,买盘
641,14:21:21,8.17,-0.01,101,82517,卖盘
642,14:21:18,8.18,0.01,29,23722,买盘
643,14:21:15,8.17,-0.01,20,16340,卖盘
644,14:21:12,8.18,--,105,85890,买盘
645,14:21:09,8.18,--,24,19632,买盘
646,14:21:06,8.18,--,17,13906,买盘
647,14:21:03,8.18,--,211,172598,买盘
648,14:20:57,8.18,--,23,18814,买盘
649,14:20:54,8.18,0.01,3,2454,买盘
650,14:20:51,8.17,--,1,817,卖盘
651,14:20:48,8.17,-0.01,12,9804,卖盘
652,14:20:45,8.18,--,33,26994,买盘
653,14:20:39,8.18,--,3,2454,买盘
654,14:20:36,8.18,--,7,5726,买盘
655,14:20:33,8.18,0.01,7,5726,买盘
656,14:20:30,8.17,-0.01,312,254904,卖盘
657,14:20:27,8.18,0.01,50,40900,买盘
658,14:20:24,8.17,-0.01,106,86602,卖盘
659,14:20:21,8.18,--,20,16360,买盘
660,14:20:18,8.18,--,25,20450,买盘
661,14:20:15,8.18,--,30,24540,买盘
662,14:20:12,8.18,--,148,121064,买盘
663,14:20:09,8.18,--,18,14724,买盘
664,14:20:06,8.18,--,7,5726,买盘
665,14:20:03,8.18,--,26,21268,买盘
666,14:19:57,8.18,--,51,41718,买盘
667,14:19:54,8.18,--,674,551332,买盘
668,14:19:51,8.18,--,54,44172,买盘
669,14:19:48,8.18,--,9,7362,买盘
670,14:19:45,8.18,--,21,17178,买盘
671,14:19:42,8.18,--,15,12270,买盘
672,14:19:39,8.18,--,5,4090,买盘
673,14:19:36,8.18,--,7,5726,买盘
674,14:19:33,8.18,--,18,14724,买盘
675,14:19:30,8.18,--,29,23722,买盘
676,14:19:27,8.18,--,50,40900,买盘
677,14:19:24,8.18,--,11,8998,买盘
678,14:19:21,8.18,0.01,2,1636,买盘
679,14:19:18,8.17,-0.01,18,14706,卖盘
680,14:19:15,8.18,--,9,7362,买盘
681,14:19:12,8.18,--,106,86708,买盘
682,14:19:09,8.18,--,1000,818000,买盘
683,14:19:06,8.18,--,7,5726,买盘
684,14:19:03,8.18,0.01,33,26994,买盘
685,14:19:00,8.17,--,1,817,卖盘
686,14:18:57,8.17,-0.01,4,3268,卖盘
687,14:18:51,8.18,--,41,33538,买盘
688,14:18:48,8.18,--,117,95706,买盘
689,14:18:45,8.18,--,29,23722,买盘
690,14:18:42,8.18,--,15,12270,买盘
691,14:18:39,8.18,--,3,2454,买盘
692,14:18:36,8.18,--,46,37628,买盘
693,14:18:33,8.18,--,3,2454,买盘
694,14:18:30,8.18,--,11,8998,买盘
695,14:18:27,8.18,--,202,165236,买盘
696,14:18:24,8.18,--,17,13906,买盘
697,14:18:21,8.18,--,1,818,买盘
698,14:18:15,8.18,--,91,74438,买盘
699,14:18:12,8.18,0.01,167,136606,买盘
700,14:18:09,8.17,-0.01,95,77615,卖盘
701,14:18:06,8.18,--,14,11452,买盘
702,14:18:03,8.18,0.01,14,11452,买盘
703,14:18:00,8.17,--,58,47386,卖盘
704,14:17:57,8.17,-0.01,2,1634,卖盘
705,14:17:54,8.18,0.01,10,8180,买盘
706,14:17:51,8.17,-0.01,27,22059,卖盘
707,14:17:48,8.18,--,20,16360,买盘
708,14:17:45,8.18,--,40,32720,买盘
709,14:17:42,8.18,--,17,13906,买盘
710,14:17:39,8.18,--,112,91616,买盘
711,14:17:36,8.18,--,64,52352,买盘
712,14:17:33,8.18,--,37,30266,买盘
713,14:17:30,8.18,--,21,17178,买盘
714,14:17:27,8.18,--,15,12270,买盘
715,14:17:24,8.18,--,6,4908,买盘
716,14:17:21,8.18,0.01,17,13906,买盘
717,14:17:18,8.17,-0.01,64,52288,卖盘
718,14:17:15,8.18,--,29,23722,买盘
719,14:17:12,8.18,0.01,97,79346,买盘
720,14:17:09,8.17,-0.01,1,817,卖盘
721,14:17:06,8.18,--,7,5726,买盘
722,14:17:03,8.18,0.01,58,47444,买盘
723,14:17:00,8.17,--,8,6536,卖盘
724,14:16:57,8.17,--,311,254087,买盘
725,14:16:54,8.17,0.01,53,43301,买盘
726,14:16:51,8.16,--,3,2448,卖盘
727,14:16:48,8.16,--,8,6528,买盘
728,14:16:45,8.16,--,118,96288,买盘
729,14:16:42,8.16,-0.01,31,25296,买盘
730,14:16:39,8.17,0.01,155,126635,买盘
731,14:16:36,8.16,--,116,94656,买盘
732,14:16:33,8.16,--,476,388416,卖盘
733,14:16:30,8.16,-0.01,2,1632,卖盘
734,14:16:27,8.17,--,5,4085,买盘
735,14:16:24,8.17,0.01,263,214871,买盘
736,14:16:21,8.16,-0.01,1,816,卖盘
737,14:16:15,8.17,0.01,25,20425,买盘
738,14:16:12,8.16,--,138,112608,卖盘
739,14:16:09,8.16,--,34,27744,买盘
740,14:16:06,8.16,--,37,30192,买盘
741,14:16:03,8.16,0.01,16,13056,买盘
742,14:16:00,8.15,-0.01,40,32600,卖盘
743,14:15:57,8.16,--,17,13872,买盘
744,14:15:51,8.16,0.01,7,5712,买盘
745,14:15:48,8.15,-0.01,101,82315,卖盘
746,14:15:45,8.16,--,89,72624,买盘
747,14:15:42,8.16,--,16,13056,买盘
748,14:15:39,8.16,--,5,4080,买盘
749,14:15:36,8.16,--,7,5712,买盘
750,14:15:33,8.16,--,14,11424,买盘
751,14:15:30,8.16,0.01,9,7344,买盘
752,14:15:27,8.15,-0.01,17,13855,卖盘
753,14:15:24,8.16,--,5,4080,买盘
754,14:15:21,8.16,--,3,2448,买盘
755,14:15:18,8.16,--,35,28560,买盘
756,14:15:15,8.16,--,36,29376,买盘
757,14:15:12,8.16,--,96,78336,买盘
758,14:15:09,8.16,--,2,1632,买盘
759,14:15:06,8.16,--,7,5712,买盘
760,14:15:03,8.16,--,14,11424,买盘
761,14:15:00,8.16,0.01,16,13056,买盘
762,14:14:57,8.15,--,4,3260,卖盘
763,14:14:54,8.15,-0.01,2,1630,卖盘
764,14:14:51,8.16,0.01,6,4896,买盘
765,14:14:48,8.15,-0.01,24,19560,卖盘
766,14:14:45,8.16,0.01,26,21216,买盘
767,14:14:42,8.15,--,57,46455,买盘
768,14:14:39,8.15,-0.01,43,35045,卖盘
769,14:14:36,8.16,--,9,7344,买盘
770,14:14:33,8.16,--,190,155040,买盘
771,14:14:30,8.16,0.01,7,5712,买盘
772,14:14:27,8.15,-0.01,5,4075,卖盘
773,14:14:24,8.16,--,20,16320,买盘
774,14:14:21,8.16,--,55,44880,买盘
775,14:14:18,8.16,--,16,13056,买盘
776,14:14:15,8.16,--,17,13872,买盘
777,14:14:12,8.16,--,97,79152,买盘
778,14:14:09,8.16,--,15,12240,买盘
779,14:14:06,8.16,--,14,11424,买盘
780,14:14:00,8.16,--,42,34272,买盘
781,14:13:57,8.16,0.01,3,2448,买盘
782,14:13:54,8.15,-0.01,2,1630,卖盘
783,14:13:51,8.16,--,60,48960,买盘
784,14:13:48,8.16,--,35,28560,买盘
785,14:13:45,8.16,--,10,8160,买盘
786,14:13:42,8.16,--,10,8160,买盘
787,14:13:39,8.16,--,3,2448,买盘
788,14:13:36,8.16,0.01,7,5712,买盘
789,14:13:33,8.15,-0.01,11,8965,卖盘
790,14:13:30,8.16,0.01,8,6528,买盘
791,14:13:27,8.15,-0.01,1309,1066835,卖盘
792,14:13:24,8.16,--,10,8160,买盘
793,14:13:21,8.16,--,29,23664,买盘
794,14:13:18,8.16,--,21,17136,买盘
795,14:13:15,8.16,--,9,7344,买盘
796,14:13:12,8.16,--,97,79152,买盘
797,14:13:09,8.16,-0.01,18,14688,卖盘
798,14:13:06,8.17,0.01,58,47386,买盘
799,14:13:03,8.16,-0.01,22,17952,卖盘
800,14:13:00,8.17,--,37,30229,买盘
801,14:12:57,8.17,0.01,717,585789,买盘
802,14:12:54,8.16,-0.01,14,11424,卖盘
803,14:12:51,8.17,--,16,13072,买盘
804,14:12:48,8.17,0.01,1,817,买盘
805,14:12:45,8.16,-0.01,37,30192,卖盘
806,14:12:42,8.17,--,15,12255,买盘
807,14:12:36,8.17,--,9,7353,买盘
808,14:12:33,8.17,--,21,17157,买盘
809,14:12:30,8.17,--,2,1634,买盘
810,14:12:27,8.17,--,12,9804,买盘
811,14:12:24,8.17,--,9,7353,买盘
812,14:12:21,8.17,--,1,817,买盘
813,14:12:18,8.17,0.01,236,192812,买盘
814,14:12:15,8.16,-0.01,15,12240,卖盘
815,14:12:12,8.17,--,97,79249,买盘
816,14:12:09,8.17,0.01,20,16340,买盘
817,14:12:06,8.16,--,19,15504,卖盘
818,14:12:03,8.16,-0.01,34,27744,卖盘
819,14:12:00,8.17,0.01,15,12255,买盘
820,14:11:57,8.16,-0.01,12,9792,卖盘
821,14:11:54,8.17,--,2,1634,买盘
822,14:11:51,8.17,0.01,5,4085,买盘
823,14:11:48,8.16,-0.01,31,25296,卖盘
824,14:11:45,8.17,--,11,8987,买盘
825,14:11:42,8.17,0.01,10,8170,买盘
826,14:11:39,8.16,--,244,199104,买盘
827,14:11:36,8.16,--,15,12240,买盘
828,14:11:33,8.16,--,36,29376,买盘
829,14:11:30,8.16,--,9,7344,买盘
830,14:11:27,8.16,--,5,4080,买盘
831,14:11:24,8.16,--,2,1632,买盘
832,14:11:21,8.16,--,25,20400,买盘
833,14:11:15,8.16,--,33,26928,买盘
834,14:11:12,8.16,--,8,6528,买盘
835,14:11:09,8.16,--,102,83232,买盘
836,14:11:06,8.16,--,18,14688,买盘
837,14:11:03,8.16,--,14,11424,买盘
838,14:11:00,8.16,0.01,9,7344,买盘
839,14:10:57,8.15,-0.01,14,11410,卖盘
840,14:10:54,8.16,--,7,5712,买盘
841,14:10:51,8.16,--,18,14688,买盘
842,14:10:48,8.16,--,19,15504,买盘
843,14:10:45,8.16,--,58,47328,买盘
844,14:10:36,8.16,--,310,252960,买盘
845,14:10:33,8.16,--,7,5712,买盘
846,14:10:30,8.16,0.01,2,1632,买盘
847,14:10:27,8.15,-0.01,88,71720,卖盘
848,14:10:24,8.16,--,23,18768,买盘
849,14:10:21,8.16,--,1,816,买盘
850,14:10:18,8.16,--,46,37536,买盘
851,14:10:15,8.16,--,30,24480,买盘
852,14:10:12,8.16,--,1,816,买盘
853,14:10:09,8.16,--,97,79152,买盘
854,14:10:03,8.16,--,52,42432,买盘
855,14:10:00,8.16,0.01,8,6528,买盘
856,14:09:57,8.15,-0.01,1,815,卖盘
857,14:09:54,8.16,--,4,3264,买盘
858,14:09:51,8.16,--,22,17952,买盘
859,14:09:48,8.16,0.01,16,13056,买盘
860,14:09:45,8.15,--,45,36675,卖盘
861,14:09:42,8.15,--,241,196415,卖盘
862,14:09:39,8.15,-0.01,1,815,卖盘
863,14:09:36,8.16,--,3,2448,买盘
864,14:09:33,8.16,--,10,8160,买盘
865,14:09:30,8.16,--,10,8160,买盘
866,14:09:24,8.16,--,2,1632,买盘
867,14:09:18,8.16,--,3,2448,买盘
868,14:09:15,8.16,--,17,13872,买盘
869,14:09:12,8.16,--,97,79152,买盘
870,14:09:09,8.16,--,34,27744,买盘
871,14:09:06,8.16,0.01,1,816,买盘
872,14:09:03,8.15,-0.01,2,1630,卖盘
873,14:09:00,8.16,0.01,192,156672,买盘
874,14:08:54,8.15,--,2,1630,卖盘
875,14:08:51,8.15,--,122,99430,买盘
876,14:08:48,8.15,--,16,13040,买盘
877,14:08:45,8.15,-0.01,173,140995,卖盘
878,14:08:39,8.16,--,2,1632,买盘
879,14:08:36,8.16,--,6,4896,买盘
880,14:08:33,8.16,--,9,7344,买盘
881,14:08:30,8.16,0.01,2,1632,买盘
882,14:08:27,8.15,-0.01,2,1630,卖盘
883,14:08:24,8.16,0.01,10,8160,买盘
884,14:08:21,8.15,-0.01,200,163000,卖盘
885,14:08:18,8.16,--,22,17952,买盘
886,14:08:15,8.16,--,1,816,买盘
887,14:08:12,8.16,0.01,116,94656,买盘
888,14:08:09,8.15,--,51,41565,卖盘
889,14:08:06,8.15,-0.01,3,2445,卖盘
890,14:08:03,8.16,--,13,10608,买盘
891,14:08:00,8.16,--,9,7344,买盘
892,14:07:57,8.16,0.01,50,40800,买盘
893,14:07:51,8.15,--,1,815,卖盘
894,14:07:48,8.15,--,10,8150,卖盘
895,14:07:45,8.15,-0.01,108,88020,卖盘
896,14:07:39,8.16,--,1,816,买盘
897,14:07:36,8.16,--,4,3264,买盘
898,14:07:33,8.16,--,930,758880,买盘
899,14:07:30,8.16,--,14,11424,买盘
900,14:07:24,8.16,--,2,1632,买盘
901,14:07:18,8.16,--,5,4080,买盘
902,14:07:15,8.16,--,18,14688,买盘
903,14:07:12,8.16,0.01,110,89760,买盘
904,14:07:06,8.15,-0.01,270,220050,卖盘
905,14:07:03,8.16,--,15,12240,买盘
906,14:07:00,8.16,--,10,8160,买盘
907,14:06:57,8.16,0.01,1,816,买盘
908,14:06:54,8.15,-0.01,2,1630,卖盘
909,14:06:48,8.16,--,22,17952,买盘
910,14:06:42,8.16,--,20,16320,买盘
911,14:06:39,8.16,--,193,157488,买盘
912,14:06:36,8.16,--,4,3264,买盘
913,14:06:33,8.16,--,107,87312,买盘
914,14:06:30,8.16,0.01,7,5712,买盘
915,14:06:27,8.15,-0.01,2,1630,卖盘
916,14:06:24,8.16,--,2,1632,买盘
917,14:06:21,8.16,0.01,23,18768,买盘
918,14:06:18,8.15,--,8,6520,买盘
919,14:06:15,8.15,-0.01,123,100245,卖盘
920,14:06:09,8.16,--,126,102816,买盘
921,14:06:06,8.16,0.01,44,35904,买盘
922,14:06:00,8.15,--,10,8150,买盘
923,14:05:57,8.15,0.01,4,3260,买盘
924,14:05:54,8.14,-0.01,291,236874,卖盘
925,14:05:51,8.15,--,84,68460,卖盘
926,14:05:48,8.15,--,105,85575,卖盘
927,14:05:42,8.15,-0.01,12,9780,卖盘
928,14:05:39,8.16,0.01,10,8160,买盘
929,14:05:36,8.15,-0.01,57,46455,卖盘
930,14:05:33,8.16,--,13,10608,买盘
931,14:05:30,8.16,0.01,11,8976,买盘
932,14:05:24,8.15,-0.01,14,11410,卖盘
933,14:05:21,8.16,--,12,9792,买盘
934,14:05:18,8.16,--,7,5712,买盘
935,14:05:15,8.16,--,21,17136,买盘
936,14:05:12,8.16,0.01,97,79152,买盘
937,14:05:09,8.15,0.01,17,13855,买盘
938,14:05:06,8.14,--,75,61050,卖盘
939,14:05:03,8.14,-0.01,18,14652,卖盘
940,14:05:00,8.15,-0.01,165,134475,卖盘
941,14:04:57,8.16,--,21,17136,买盘
942,14:04:54,8.16,--,12,9792,买盘
943,14:04:48,8.16,--,10,8160,买盘
944,14:04:45,8.16,-0.01,8,6528,买盘
945,14:04:42,8.17,0.02,32,26144,买盘
946,14:04:39,8.15,--,55,44825,买盘
947,14:04:36,8.15,--,6,4890,卖盘
948,14:04:33,8.15,-0.01,41,33415,卖盘
949,14:04:30,8.16,-0.01,313,255408,中性盘
950,14:04:27,8.17,0.01,613,500821,买盘
951,14:04:24,8.16,0.01,6,4896,买盘
952,14:04:21,8.15,-0.01,26,21190,卖盘
953,14:04:18,8.16,--,15,12240,买盘
954,14:04:15,8.16,--,37,30192,买盘
955,14:04:12,8.16,--,31,25296,买盘
956,14:04:09,8.16,0.01,268,218688,买盘
957,14:04:03,8.15,--,3004,2448260,买盘
958,14:04:00,8.15,0.01,10,8150,买盘
959,14:03:57,8.14,--,27,21978,卖盘
960,14:03:54,8.14,--,12,9768,卖盘
961,14:03:51,8.14,0.01,110,89540,买盘
962,14:03:48,8.13,-0.01,2,1626,卖盘
963,14:03:45,8.14,--,256,208384,买盘
964,14:03:42,8.14,0.01,18,14652,买盘
965,14:03:39,8.13,--,132,107316,卖盘
966,14:03:36,8.13,-0.01,7,5691,卖盘
967,14:03:33,8.14,0.01,74,60236,买盘
968,14:03:30,8.13,0.01,29,23577,买盘
969,14:03:24,8.12,-0.01,96,77951,卖盘
970,14:03:21,8.13,--,70,56910,买盘
971,14:03:18,8.13,--,44,35772,买盘
972,14:03:15,8.13,--,257,208941,买盘
973,14:03:12,8.13,--,121,98373,买盘
974,14:03:06,8.13,0.01,31,25203,买盘
975,14:03:03,8.12,-0.01,81,65772,卖盘
976,14:03:00,8.13,--,2,1626,买盘
977,14:02:57,8.13,0.01,53,43089,买盘
978,14:02:54,8.12,-0.01,60,48719,卖盘
979,14:02:51,8.13,0.01,12,9756,买盘
980,14:02:48,8.12,--,77,62523,卖盘
981,14:02:45,8.12,-0.01,64,51967,卖盘
982,14:02:42,8.13,--,30,24390,买盘
983,14:02:39,8.13,0.01,6,4878,买盘
984,14:02:36,8.12,-0.01,56,45471,卖盘
985,14:02:33,8.13,--,9,7317,买盘
986,14:02:30,8.13,--,321,260973,买盘
987,14:02:24,8.13,--,31,25203,买盘
988,14:02:21,8.13,--,47,38211,买盘
989,14:02:15,8.13,0.01,57,46341,买盘
990,14:02:12,8.12,--,707,574084,卖盘
991,14:02:09,8.12,-0.01,50,40599,卖盘
992,14:02:06,8.13,0.01,108,87804,买盘
993,14:02:03,8.12,-0.01,10,8119,卖盘
994,14:02:00,8.13,--,19,15447,买盘
995,14:01:57,8.13,--,17,13821,买盘
996,14:01:54,8.13,0.01,6,4878,买盘
997,14:01:51,8.12,-0.01,1,811,卖盘
998,14:01:48,8.13,--,58,47154,卖盘
999,14:01:45,8.13,--,5,4065,卖盘
1000,14:01:42,8.13,--,1,813,卖盘
1001,14:01:39,8.13,--,993,807309,卖盘
1002,14:01:36,8.13,--,12,9756,卖盘
1003,14:01:33,8.13,-0.01,10,8130,卖盘
1004,14:01:30,8.14,0.01,9,7326,买盘
1005,14:01:27,8.13,--,214,173982,卖盘
1006,14:01:24,8.13,--,15,12195,卖盘
1007,14:01:21,8.13,-0.01,7,5691,卖盘
1008,14:01:18,8.14,--,6,4884,买盘
1009,14:01:15,8.14,--,37,30118,买盘
1010,14:01:12,8.14,--,127,103378,买盘
1011,14:01:09,8.14,--,1,814,买盘
1012,14:01:06,8.14,0.01,4,3256,买盘
1013,14:01:03,8.13,-0.01,48,39024,卖盘
1014,14:01:00,8.14,--,78,63492,买盘
1015,14:00:57,8.14,0.01,1,814,买盘
1016,14:00:54,8.13,-0.01,12,9756,卖盘
1017,14:00:48,8.14,0.01,57,46398,买盘
1018,14:00:45,8.13,-0.01,18,14634,卖盘
1019,14:00:42,8.14,--,3,2442,买盘
1020,14:00:39,8.14,--,22,17908,买盘
1021,14:00:36,8.14,--,3,2442,买盘
1022,14:00:33,8.14,--,70,56980,买盘
1023,14:00:30,8.14,--,90,73260,买盘
1024,14:00:27,8.14,--,1,814,买盘
1025,14:00:24,8.14,0.01,7,5698,买盘
1026,14:00:21,8.13,-0.01,1,813,卖盘
1027,14:00:18,8.14,--,196,159544,买盘
1028,14:00:15,8.14,--,36,29304,买盘
1029,14:00:12,8.14,--,11,8954,买盘
1030,14:00:09,8.14,--,127,103378,买盘
1031,14:00:06,8.14,--,3,2442,买盘
1032,14:00:03,8.14,--,43,35002,买盘
1033,14:00:00,8.14,--,8,6512,买盘
1034,13:59:57,8.14,0.01,6,4884,买盘
1035,13:59:54,8.13,--,5,4065,卖盘
1036,13:59:51,8.13,--,19,15447,卖盘
1037,13:59:48,8.13,--,52,42276,卖盘
1038,13:59:42,8.13,-0.01,5,4065,卖盘
1039,13:59:39,8.14,--,1,814,买盘
1040,13:59:36,8.14,0.01,10,8140,买盘
1041,13:59:33,8.13,-0.01,17,13821,卖盘
1042,13:59:30,8.14,0.01,186,151404,买盘
1043,13:59:27,8.13,--,11,8943,卖盘
1044,13:59:24,8.13,0.01,1032,839016,买盘
1045,13:59:21,8.12,-0.01,0,649,卖盘
1046,13:59:18,8.13,--,76,61788,买盘
1047,13:59:15,8.13,0.01,5,4065,买盘
1048,13:59:12,8.12,-0.01,102,82823,卖盘
1049,13:59:06,8.13,0.01,16,13008,买盘
1050,13:59:03,8.12,-0.01,57,46535,卖盘
1051,13:59:00,8.13,--,15,12195,买盘
1052,13:58:57,8.13,0.01,143,116259,买盘
1053,13:58:54,8.12,--,7,5683,卖盘
1054,13:58:48,8.12,--,32,25983,卖盘
1055,13:58:45,8.12,--,324,263088,卖盘
1056,13:58:42,8.12,-0.01,213,172955,卖盘
1057,13:58:39,8.13,0.01,41,33333,买盘
1058,13:58:36,8.12,-0.01,13,10555,卖盘
1059,13:58:33,8.13,--,92,74796,买盘
1060,13:58:30,8.13,--,17,13821,买盘
1061,13:58:27,8.13,--,1,813,买盘
1062,13:58:24,8.13,--,7,5691,买盘
1063,13:58:21,8.13,--,230,186990,买盘
1064,13:58:15,8.13,--,18,14634,买盘
1065,13:58:12,8.13,0.01,132,107316,买盘
1066,13:58:09,8.12,--,300,243599,卖盘
1067,13:58:03,8.12,-0.01,5,4059,卖盘
1068,13:58:00,8.13,--,7,5691,买盘
1069,13:57:57,8.13,--,2,1626,买盘
1070,13:57:54,8.13,0.01,10,8130,买盘
1071,13:57:51,8.12,--,1,811,卖盘
1072,13:57:45,8.12,--,17,13803,卖盘
1073,13:57:42,8.12,-0.01,15,12179,卖盘
1074,13:57:36,8.13,--,18,14634,买盘
1075,13:57:33,8.13,--,180,146340,买盘
1076,13:57:30,8.13,0.01,103,83739,买盘
1077,13:57:27,8.12,-0.01,33,26795,卖盘
1078,13:57:24,8.13,--,10,8130,买盘
1079,13:57:21,8.13,--,5,4065,买盘
1080,13:57:18,8.13,--,2,1626,买盘
1081,13:57:15,8.13,--,83,67479,卖盘
1082,13:57:12,8.13,-0.01,118,95934,卖盘
1083,13:57:09,8.14,--,97,78958,买盘
1084,13:57:03,8.14,--,39,31746,买盘
1085,13:57:00,8.14,--,7,5698,买盘
1086,13:56:57,8.14,0.01,190,154660,买盘
1087,13:56:54,8.13,-0.01,52,42276,卖盘
1088,13:56:51,8.14,0.01,421,342694,买盘
1089,13:56:48,8.13,--,1,813,卖盘
1090,13:56:45,8.13,--,97,78861,卖盘
1091,13:56:42,8.13,--,30,24390,卖盘
1092,13:56:36,8.13,-0.01,152,123576,卖盘
1093,13:56:33,8.14,--,12,9768,买盘
1094,13:56:30,8.14,0.01,7,5698,买盘
1095,13:56:24,8.13,-0.01,5,4065,卖盘
1096,13:56:18,8.14,--,3,2442,买盘
1097,13:56:15,8.14,0.01,49,39886,买盘
1098,13:56:12,8.13,-0.01,5,4065,卖盘
1099,13:56:09,8.14,--,242,196988,买盘
1100,13:56:06,8.14,0.01,1,814,买盘
1101,13:56:03,8.13,-0.01,356,289428,卖盘
1102,13:56:00,8.14,0.01,8,6512,买盘
1103,13:55:57,8.13,--,3,2439,卖盘
1104,13:55:54,8.13,--,7,5691,卖盘
1105,13:55:51,8.13,-0.01,11,8943,卖盘
1106,13:55:48,8.14,0.01,2,1628,买盘
1107,13:55:45,8.13,--,70,56910,卖盘
1108,13:55:42,8.13,-0.01,5,4065,卖盘
1109,13:55:33,8.14,0.01,21,17094,买盘
1110,13:55:30,8.13,--,9,7317,卖盘
1111,13:55:27,8.13,--,6,4878,卖盘
1112,13:55:24,8.13,--,55,44715,卖盘
1113,13:55:18,8.13,-0.01,2,1626,卖盘
1114,13:55:15,8.14,0.01,36,29304,买盘
1115,13:55:12,8.13,--,105,85365,卖盘
1116,13:55:06,8.13,--,10,8130,卖盘
1117,13:55:03,8.13,--,15,12195,卖盘
1118,13:55:00,8.13,-0.01,52,42276,卖盘
1119,13:54:57,8.14,0.01,2,1628,买盘
1120,13:54:54,8.13,-0.01,94,76422,卖盘
1121,13:54:51,8.14,0.01,43,35002,买盘
1122,13:54:45,8.13,--,23,18699,卖盘
1123,13:54:42,8.13,0.01,66,53658,买盘
1124,13:54:39,8.12,-0.01,2035,1652419,卖盘
1125,13:54:36,8.13,--,309,251217,买盘
1126,13:54:33,8.13,--,8,6504,买盘
1127,13:54:30,8.13,--,7,5691,买盘
1128,13:54:27,8.13,0.01,22,17886,中性盘
1129,13:54:21,8.12,-0.01,13,10555,卖盘
1130,13:54:18,8.13,-0.01,49,39837,卖盘
1131,13:54:15,8.14,--,45,36630,买盘
1132,13:54:12,8.14,--,215,175010,买盘
1133,13:54:06,8.14,--,5,4070,买盘
1134,13:54:03,8.14,0.01,10,8140,买盘
1135,13:54:00,8.13,-0.01,936,760968,卖盘
1136,13:53:57,8.14,--,38,30932,买盘
1137,13:53:54,8.14,0.01,1,814,买盘
1138,13:53:51,8.13,--,21,17073,卖盘
1139,13:53:48,8.13,-0.01,93,75609,卖盘
1140,13:53:45,8.14,0.01,3,2442,买盘
1141,13:53:42,8.13,-0.01,23,18699,卖盘
1142,13:53:39,8.14,0.01,3,2442,买盘
1143,13:53:33,8.13,-0.01,8,6504,卖盘
1144,13:53:30,8.14,--,23,18722,买盘
1145,13:53:27,8.14,--,107,87098,买盘
1146,13:53:24,8.14,0.01,48,39072,买盘
1147,13:53:21,8.13,--,170,138210,卖盘
1148,13:53:18,8.13,-0.01,92,74796,卖盘
1149,13:53:15,8.14,0.01,27,21978,买盘
1150,13:53:12,8.13,-0.01,325,264225,卖盘
1151,13:53:09,8.14,--,130,105820,买盘
1152,13:53:06,8.14,--,20,16280,买盘
1153,13:53:03,8.14,--,118,96052,买盘
1154,13:53:00,8.14,--,10,8140,买盘
1155,13:52:57,8.14,--,11,8954,买盘
1156,13:52:54,8.14,0.01,70,56980,买盘
1157,13:52:51,8.13,-0.01,67,54471,卖盘
1158,13:52:48,8.14,0.01,2,1628,买盘
1159,13:52:45,8.13,--,39,31707,卖盘
1160,13:52:42,8.13,--,188,152844,卖盘
1161,13:52:39,8.13,--,39,31707,卖盘
1162,13:52:33,8.13,--,90,73170,买盘
1163,13:52:30,8.13,-0.01,65,52845,卖盘
1164,13:52:27,8.14,0.01,67,54538,买盘
1165,13:52:24,8.13,0.01,9,7317,买盘
1166,13:52:21,8.12,--,15,12179,卖盘
1167,13:52:18,8.12,-0.01,229,185947,卖盘
1168,13:52:15,8.13,--,69,56097,买盘
1169,13:52:12,8.13,--,110,89430,买盘
1170,13:52:09,8.13,--,76,61788,买盘
1171,13:52:06,8.13,0.01,1,813,买盘
1172,13:52:03,8.12,-0.01,5,4059,卖盘
1173,13:52:00,8.13,--,19,15447,买盘
1174,13:51:57,8.13,--,1121,912039,卖盘
1175,13:51:54,8.13,--,80,65040,卖盘
1176,13:51:51,8.13,-0.01,132,107316,卖盘
1177,13:51:48,8.14,--,16,13024,买盘
1178,13:51:45,8.14,0.02,14,11396,买盘
1179,13:51:42,8.12,--,34,27607,卖盘
1180,13:51:39,8.12,-0.02,20,16239,卖盘
1181,13:51:36,8.14,--,19,15466,买盘
1182,13:51:33,8.14,--,6,4884,买盘
1183,13:51:30,8.14,--,155,126170,买盘
1184,13:51:27,8.14,--,27,21978,买盘
1185,13:51:24,8.14,0.02,2,1628,买盘
1186,13:51:21,8.12,--,5,4059,卖盘
1187,13:51:18,8.12,-0.02,4232,3436383,卖盘
1188,13:51:12,8.14,-0.01,110,89540,卖盘
1189,13:51:09,8.15,0.01,43,35045,买盘
1190,13:51:06,8.14,--,211,171754,卖盘
1191,13:51:03,8.14,-0.01,27,21978,卖盘
1192,13:51:00,8.15,--,6,4890,买盘
1193,13:50:57,8.15,0.01,10,8150,买盘
1194,13:50:54,8.14,--,1,814,卖盘
1195,13:50:51,8.14,--,5,4070,卖盘
1196,13:50:48,8.14,--,23,18722,卖盘
1197,13:50:42,8.14,-0.01,18,14652,卖盘
1198,13:50:39,8.15,--,145,118175,买盘
1199,13:50:36,8.15,0.01,137,111655,买盘
1200,13:50:33,8.14,-0.01,5,4070,卖盘
1201,13:50:30,8.15,--,10,8150,买盘
1202,13:50:27,8.15,0.01,7,5705,买盘
1203,13:50:24,8.14,--,5,4070,卖盘
1204,13:50:21,8.14,--,46,37444,卖盘
1205,13:50:15,8.14,--,14,11396,卖盘
1206,13:50:12,8.14,-0.01,103,83842,卖盘
1207,13:50:06,8.15,0.01,15,12225,买盘
1208,13:50:03,8.14,-0.01,5,4070,卖盘
1209,13:50:00,8.15,--,1,815,买盘
1210,13:49:57,8.15,-0.01,694,565756,卖盘
1211,13:49:54,8.16,0.01,25,20400,买盘
1212,13:49:51,8.15,--,129,105135,卖盘
1213,13:49:45,8.15,--,260,211900,卖盘
1214,13:49:42,8.15,--,318,259170,卖盘
1215,13:49:39,8.15,-0.01,14,11410,卖盘
1216,13:49:36,8.16,0.01,3,2448,买盘
1217,13:49:33,8.15,-0.01,19,15485,卖盘
1218,13:49:30,8.16,--,7,5712,买盘
1219,13:49:27,8.16,0.01,7,5712,买盘
1220,13:49:24,8.15,--,1,815,卖盘
1221,13:49:21,8.15,-0.01,6,4890,卖盘
1222,13:49:18,8.16,--,3,2448,买盘
1223,13:49:15,8.16,0.01,32,26112,买盘
1224,13:49:12,8.15,-0.01,53,43195,卖盘
1225,13:49:09,8.16,0.01,96,78336,买盘
1226,13:49:03,8.15,--,130,105950,卖盘
1227,13:49:00,8.15,-0.01,46,37490,卖盘
1228,13:48:57,8.16,0.01,10,8160,买盘
1229,13:48:54,8.15,--,7,5705,卖盘
1230,13:48:51,8.15,--,103,83945,卖盘
1231,13:48:48,8.15,--,2,1630,卖盘
1232,13:48:45,8.15,-0.01,14,11410,卖盘
1233,13:48:42,8.16,0.01,2,1632,买盘
1234,13:48:39,8.15,-0.01,13,10595,卖盘
1235,13:48:36,8.16,0.01,51,41616,买盘
1236,13:48:30,8.15,-0.01,59,48085,卖盘
1237,13:48:27,8.16,0.01,16,13056,买盘
1238,13:48:24,8.15,--,117,95355,卖盘
1239,13:48:15,8.15,-0.01,107,87205,卖盘
1240,13:48:12,8.16,--,150,122400,买盘
1241,13:48:06,8.16,--,80,65280,买盘
1242,13:48:03,8.16,--,28,23517,卖盘
1243,13:48:00,8.16,--,15,12240,卖盘
1244,13:47:57,8.16,--,107,87312,卖盘
1245,13:47:51,8.16,--,7,5712,卖盘
1246,13:47:48,8.16,--,100,81600,卖盘
1247,13:47:45,8.16,--,32,26112,卖盘
1248,13:47:42,8.16,-0.01,93,75888,卖盘
1249,13:47:39,8.17,0.01,20,16340,买盘
1250,13:47:36,8.16,--,96,78336,卖盘
1251,13:47:33,8.16,-0.01,5,4080,卖盘
1252,13:47:30,8.17,0.01,3,2451,买盘
1253,13:47:27,8.16,--,553,451248,卖盘
1254,13:47:24,8.16,--,1,816,卖盘
1255,13:47:18,8.16,--,3,2448,卖盘
1256,13:47:15,8.16,-0.01,12,9792,卖盘
1257,13:47:12,8.17,0.01,130,106210,买盘
1258,13:47:09,8.16,-0.01,97,79152,卖盘
1259,13:47:03,8.17,--,1,817,买盘
1260,13:47:00,8.17,--,73,59641,买盘
1261,13:46:57,8.17,0.01,9,7353,买盘
1262,13:46:54,8.16,-0.01,15,12240,卖盘
1263,13:46:51,8.17,0.01,3,2451,买盘
1264,13:46:48,8.16,--,34,27744,卖盘
1265,13:46:45,8.16,--,29,23664,卖盘
1266,13:46:39,8.16,-0.01,21,17136,卖盘
1267,13:46:36,8.17,0.01,6,4902,买盘
1268,13:46:30,8.16,-0.01,7,5712,卖盘
1269,13:46:27,8.17,--,7,5719,买盘
1270,13:46:24,8.17,--,31,25327,买盘
1271,13:46:18,8.17,--,1,817,买盘
1272,13:46:15,8.17,0.01,7,5719,买盘
1273,13:46:12,8.16,--,196,159936,卖盘
1274,13:46:06,8.16,--,1,816,卖盘
1275,13:46:03,8.16,--,40,32640,卖盘
1276,13:46:00,8.16,--,42,34272,卖盘
1277,13:45:57,8.16,--,20,16320,卖盘
1278,13:45:54,8.16,--,9,7344,卖盘
1279,13:45:51,8.16,-0.01,107,87312,卖盘
1280,13:45:48,8.17,--,62,50654,买盘
1281,13:45:45,8.17,--,17,13889,买盘
1282,13:45:33,8.17,--,308,251636,买盘
1283,13:45:30,8.17,--,36,29412,买盘
1284,13:45:24,8.17,0.01,8,6536,买盘
1285,13:45:21,8.16,-0.01,50,40800,卖盘
1286,13:45:15,8.17,--,36,29412,买盘
1287,13:45:12,8.17,0.01,98,80066,买盘
1288,13:45:09,8.16,-0.01,25,20400,卖盘
1289,13:45:06,8.17,--,7,5719,买盘
1290,13:45:00,8.17,--,23,18791,买盘
1291,13:44:57,8.17,--,7,5719,买盘
1292,13:44:54,8.17,--,7,5719,买盘
1293,13:44:51,8.17,--,87,71079,卖盘
1294,13:44:48,8.17,-0.01,1,817,卖盘
1295,13:44:45,8.18,--,20,16360,买盘
1296,13:44:42,8.18,0.01,33,26994,买盘
1297,13:44:36,8.17,-0.01,15,12255,卖盘
1298,13:44:33,8.18,0.01,1,818,买盘
1299,13:44:30,8.17,-0.01,27,22059,卖盘
1300,13:44:27,8.18,--,1,818,买盘
1301,13:44:24,8.18,--,11,8998,买盘
1302,13:44:18,8.18,0.01,38,31084,买盘
1303,13:44:15,8.17,--,6,4902,买盘
1304,13:44:12,8.17,-0.01,106,86602,卖盘
1305,13:44:09,8.18,0.01,4,3272,买盘
1306,13:44:06,8.17,--,87,71079,卖盘
1307,13:44:03,8.17,--,54,44118,卖盘
1308,13:44:00,8.17,--,32,26144,卖盘
1309,13:43:57,8.17,--,44,35948,卖盘
1310,13:43:54,8.17,--,41,33497,卖盘
1311,13:43:51,8.17,--,17,13889,卖盘
1312,13:43:48,8.17,--,71,58007,买盘
1313,13:43:45,8.17,--,2,1634,买盘
1314,13:43:42,8.17,--,180,147060,买盘
1315,13:43:36,8.17,0.01,1,817,买盘
1316,13:43:30,8.16,-0.02,5,4080,卖盘
1317,13:43:27,8.18,--,13,10634,买盘
1318,13:43:24,8.18,0.01,60,49080,买盘
1319,13:43:21,8.17,--,10,8170,买盘
1320,13:43:18,8.17,--,1,817,买盘
1321,13:43:15,8.17,--,45,36765,卖盘
1322,13:43:12,8.17,-0.01,15,12255,中性盘
1323,13:43:09,8.18,--,157,128426,买盘
1324,13:43:06,8.18,0.02,1325,1083850,买盘
1325,13:43:03,8.16,--,38,31008,卖盘
1326,13:43:00,8.16,--,600,489600,卖盘
1327,13:42:57,8.16,--,13,10608,卖盘
1328,13:42:54,8.16,-0.01,5,4080,卖盘
1329,13:42:51,8.17,--,7,5719,买盘
1330,13:42:48,8.17,--,7,5719,买盘
1331,13:42:45,8.17,--,140,114380,买盘
1332,13:42:42,8.17,--,43,35131,买盘
1333,13:42:36,8.17,0.01,11,8987,买盘
1334,13:42:33,8.16,-0.01,7,5712,卖盘
1335,13:42:30,8.17,0.01,47,38399,买盘
1336,13:42:24,8.16,-0.01,2,1632,卖盘
1337,13:42:21,8.17,0.01,30,24510,买盘
1338,13:42:15,8.16,-0.01,113,92208,卖盘
1339,13:42:12,8.17,--,276,225492,买盘
1340,13:42:06,8.17,0.01,1,817,买盘
1341,13:42:03,8.16,-0.01,73,59568,卖盘
1342,13:42:00,8.17,0.01,45,36765,买盘
1343,13:41:54,8.16,-0.01,5,4080,卖盘
1344,13:41:51,8.17,--,26,21242,买盘
1345,13:41:48,8.17,--,1,817,买盘
1346,13:41:39,8.17,--,116,94772,买盘
1347,13:41:36,8.17,--,2,1634,买盘
1348,13:41:33,8.17,--,15,12255,买盘
1349,13:41:30,8.17,--,136,111112,买盘
1350,13:41:27,8.17,--,96,78432,买盘
1351,13:41:24,8.17,--,26,21242,买盘
1352,13:41:21,8.17,--,6,4902,买盘
1353,13:41:15,8.17,--,10,8170,买盘
1354,13:41:09,8.17,0.01,243,198531,买盘
1355,13:41:03,8.16,-0.01,93,75888,卖盘
1356,13:41:00,8.17,--,38,31046,买盘
1357,13:40:57,8.17,0.01,3,2451,买盘
1358,13:40:54,8.16,-0.01,15,12240,卖盘
1359,13:40:51,8.17,0.01,51,41667,买盘
1360,13:40:48,8.16,-0.01,2,1632,卖盘
1361,13:40:45,8.17,--,141,115197,买盘
1362,13:40:42,8.17,-0.01,435,355395,卖盘
1363,13:40:39,8.18,--,104,85072,买盘
1364,13:40:36,8.18,0.01,31,25358,买盘
1365,13:40:33,8.17,-0.01,19,15523,卖盘
1366,13:40:30,8.18,0.01,89,72802,买盘
1367,13:40:24,8.17,-0.01,165,134805,卖盘
1368,13:40:15,8.18,0.01,1,818,买盘
1369,13:40:12,8.17,--,103,84151,卖盘
1370,13:40:09,8.17,-0.01,23,18791,卖盘
1371,13:40:06,8.18,0.01,5,4090,买盘
1372,13:40:03,8.17,-0.01,5,4085,卖盘
1373,13:40:00,8.18,--,3,2454,买盘
1374,13:39:57,8.18,0.01,359,293662,买盘
1375,13:39:54,8.17,--,134,109478,卖盘
1376,13:39:51,8.17,--,5,4085,卖盘
1377,13:39:48,8.17,--,1,817,卖盘
1378,13:39:45,8.17,--,89,72713,卖盘
1379,13:39:42,8.17,-0.01,4,3268,卖盘
1380,13:39:39,8.18,--,5,4090,买盘
1381,13:39:36,8.18,0.01,1,818,买盘
1382,13:39:30,8.17,-0.01,71,58007,卖盘
1383,13:39:27,8.18,0.01,3,2454,买盘
1384,13:39:24,8.17,0.01,173,141341,买盘
1385,13:39:21,8.16,-0.01,40,32640,卖盘
1386,13:39:15,8.17,--,10,8170,买盘
1387,13:39:12,8.17,--,103,84151,买盘
1388,13:39:09,8.17,--,1,817,买盘
1389,13:39:06,8.17,0.01,1,817,买盘
1390,13:39:03,8.16,-0.01,36,29376,卖盘
1391,13:39:00,8.17,0.01,155,126635,买盘
1392,13:38:57,8.16,--,4,3264,卖盘
1393,13:38:54,8.16,--,29,23664,卖盘
1394,13:38:51,8.16,--,7,5712,卖盘
1395,13:38:48,8.16,-0.01,1,816,卖盘
1396,13:38:45,8.17,--,3,2451,买盘
1397,13:38:42,8.17,0.01,2,1634,买盘
1398,13:38:30,8.16,-0.01,5,4080,卖盘
1399,13:38:27,8.17,--,48,39216,买盘
1400,13:38:24,8.17,-0.01,135,110295,卖盘
1401,13:38:21,8.18,0.01,20,16360,买盘
1402,13:38:18,8.17,--,50,40850,卖盘
1403,13:38:15,8.17,--,5,4085,卖盘
1404,13:38:12,8.17,-0.01,219,178923,卖盘
1405,13:38:09,8.18,--,5,4090,买盘
1406,13:38:03,8.18,0.01,57,46626,买盘
1407,13:37:57,8.17,-0.01,94,76798,卖盘
1408,13:37:54,8.18,0.01,11,8998,买盘
1409,13:37:51,8.17,-0.01,10,8170,卖盘
1410,13:37:48,8.18,--,7,5726,买盘
1411,13:37:42,8.18,0.01,161,131698,买盘
1412,13:37:39,8.17,--,61,49837,卖盘
1413,13:37:36,8.17,--,100,81700,卖盘
1414,13:37:30,8.17,-0.01,95,77615,卖盘
1415,13:37:27,8.18,--,4,3272,买盘
1416,13:37:24,8.18,--,5,4090,买盘
1417,13:37:21,8.18,--,4,3272,买盘
1418,13:37:15,8.18,--,45,36810,买盘
1419,13:37:12,8.18,0.01,116,94888,买盘
1420,13:37:06,8.17,-0.01,139,113563,卖盘
1421,13:36:57,8.18,0.01,2,1636,买盘
1422,13:36:54,8.17,--,138,112746,卖盘
1423,13:36:51,8.17,-0.01,18,14706,卖盘
1424,13:36:48,8.18,0.01,104,85072,买盘
1425,13:36:45,8.17,-0.01,120,98040,卖盘
1426,13:36:42,8.18,0.01,45,36810,买盘
1427,13:36:39,8.17,-0.01,10,8170,卖盘
1428,13:36:36,8.18,0.01,1,818,买盘
1429,13:36:33,8.17,-0.01,5,4085,卖盘
1430,13:36:30,8.18,--,44,35992,买盘
1431,13:36:27,8.18,0.01,3,2454,买盘
1432,13:36:21,8.17,--,418,341506,买盘
1433,13:36:18,8.17,--,1,817,买盘
1434,13:36:15,8.17,--,30,24510,买盘
1435,13:36:12,8.17,0.01,118,96406,买盘
1436,13:36:06,8.16,-0.01,5,4080,卖盘
1437,13:36:03,8.17,--,2,1634,买盘
1438,13:35:57,8.17,0.01,10,8170,买盘
1439,13:35:54,8.16,--,5,4080,卖盘
1440,13:35:51,8.16,-0.01,9,7344,卖盘
1441,13:35:48,8.17,--,1,817,买盘
1442,13:35:45,8.17,--,13,10621,买盘
1443,13:35:42,8.17,-0.01,15,12255,卖盘
1444,13:35:36,8.18,0.01,50,40900,买盘
1445,13:35:33,8.17,0.01,5,4085,卖盘
1446,13:35:30,8.16,-0.01,1000,816000,卖盘
1447,13:35:27,8.17,0.01,9,7353,买盘
1448,13:35:24,8.16,-0.01,15,12240,卖盘
1449,13:35:21,8.17,--,15,12255,买盘
1450,13:35:18,8.17,0.01,56,45752,买盘
1451,13:35:15,8.16,-0.01,5,4080,卖盘
1452,13:35:12,8.17,--,214,174838,买盘
1453,13:35:06,8.17,--,16,13072,买盘
1454,13:35:03,8.17,--,39,31863,卖盘
1455,13:35:00,8.17,-0.01,29,23693,卖盘
1456,13:34:57,8.18,0.01,86,70348,买盘
1457,13:34:54,8.17,--,5,4085,卖盘
1458,13:34:51,8.17,--,101,82517,卖盘
1459,13:34:48,8.17,--,2,1634,卖盘
1460,13:34:45,8.17,-0.01,25,20425,卖盘
1461,13:34:39,8.18,0.02,7,5726,买盘
1462,13:34:33,8.16,-0.02,5,4080,卖盘
1463,13:34:30,8.18,--,110,89980,买盘
1464,13:34:27,8.18,--,45,36810,买盘
1465,13:34:24,8.18,0.01,50,40900,买盘
1466,13:34:18,8.17,0.01,3,2451,中性盘
1467,13:34:15,8.16,--,271,221136,买盘
1468,13:34:12,8.16,0.01,121,98736,买盘
1469,13:34:09,8.15,-0.01,229,186635,卖盘
1470,13:34:06,8.16,--,23,18768,买盘
1471,13:34:03,8.16,--,45,36720,买盘
1472,13:34:00,8.16,-0.02,517,421872,卖盘
1473,13:33:57,8.18,0.01,100,81800,买盘
1474,13:33:54,8.17,-0.01,5,4085,卖盘
1475,13:33:51,8.18,0.01,72,58896,买盘
1476,13:33:48,8.17,0.01,6,4902,卖盘
1477,13:33:45,8.16,--,5,4080,卖盘
1478,13:33:42,8.16,-0.02,93,75888,卖盘
1479,13:33:39,8.18,0.02,8,6544,买盘
1480,13:33:33,8.16,--,12,9792,卖盘
1481,13:33:30,8.16,-0.02,108,88128,卖盘
1482,13:33:27,8.18,--,50,40900,买盘
1483,13:33:24,8.18,0.02,124,101432,买盘
1484,13:33:21,8.16,-0.02,20,16320,卖盘
1485,13:33:15,8.18,0.02,59,48262,买盘
1486,13:33:12,8.16,-0.03,125,102000,卖盘
1487,13:33:06,8.19,0.03,1325,1085175,买盘
1488,13:33:03,8.16,--,7,5712,买盘
1489,13:33:00,8.16,-0.01,75,61200,卖盘
1490,13:32:57,8.17,0.01,102,83334,买盘
1491,13:32:54,8.16,--,39,31824,卖盘
1492,13:32:51,8.16,--,2,1632,卖盘
1493,13:32:45,8.16,-0.01,104,84864,卖盘
1494,13:32:42,8.17,0.01,35,28595,买盘
1495,13:32:36,8.16,-0.01,261,212976,卖盘
1496,13:32:33,8.17,0.01,72,58824,买盘
1497,13:32:30,8.16,--,104,84864,卖盘
1498,13:32:27,8.16,0.01,41,33456,买盘
1499,13:32:24,8.15,-0.01,25,20375,卖盘
1500,13:32:21,8.16,0.02,105,85680,买盘
1501,13:32:18,8.14,-0.01,177,144078,卖盘
1502,13:32:15,8.15,--,37,30155,卖盘
1503,13:32:12,8.15,--,226,184190,买盘
1504,13:32:09,8.15,--,62,50530,买盘
1505,13:32:06,8.15,--,12,9780,买盘
1506,13:32:03,8.15,--,13,10595,买盘
1507,13:32:00,8.15,--,63,51345,买盘
1508,13:31:57,8.15,--,65,52975,买盘
1509,13:31:54,8.15,0.01,109,88835,买盘
1510,13:31:51,8.14,-0.01,106,86284,卖盘
1511,13:31:48,8.15,--,2,1630,买盘
1512,13:31:45,8.15,--,176,143440,买盘
1513,13:31:42,8.15,--,2205,1797075,卖盘
1514,13:31:39,8.15,-0.01,6,4890,卖盘
1515,13:31:36,8.16,0.01,47,38352,买盘
1516,13:31:33,8.15,--,5,4075,卖盘
1517,13:31:30,8.15,-0.01,7,5705,卖盘
1518,13:31:27,8.16,0.01,72,58752,买盘
1519,13:31:24,8.15,--,94,76610,买盘
1520,13:31:21,8.15,0.01,75,61125,买盘
1521,13:31:12,8.14,--,215,175010,买盘
1522,13:31:09,8.14,--,181,147334,买盘
1523,13:31:06,8.14,--,30,24420,买盘
1524,13:31:03,8.14,--,163,132682,买盘
1525,13:31:00,8.14,--,825,671550,卖盘
1526,13:30:57,8.14,--,133,108262,卖盘
1527,13:30:54,8.14,--,99,80586,卖盘
1528,13:30:51,8.14,-0.01,6,4884,卖盘
1529,13:30:48,8.15,0.01,92,74980,买盘
1530,13:30:45,8.14,--,49,39886,卖盘
1531,13:30:42,8.14,-0.01,6,4884,卖盘
1532,13:30:39,8.15,--,107,87205,买盘
1533,13:30:36,8.15,0.01,368,299920,买盘
1534,13:30:33,8.14,--,184,149776,买盘
1535,13:30:30,8.14,-0.01,695,565730,卖盘
1536,13:30:27,8.15,0.01,113,92095,买盘
1537,13:30:24,8.14,--,765,622710,卖盘
1538,13:30:21,8.14,--,5,4070,卖盘
1539,13:30:18,8.14,-0.01,95,77330,卖盘
1540,13:30:15,8.15,0.01,8,6520,买盘
1541,13:30:12,8.14,-0.01,722,587708,卖盘
1542,13:30:09,8.15,--,78,63570,买盘
1543,13:30:06,8.15,--,65,52975,买盘
1544,13:30:03,8.15,0.01,225,183375,买盘
1545,13:30:00,8.14,-0.01,2,1628,卖盘
1546,13:29:57,8.15,0.01,159,129585,买盘
1547,13:29:54,8.14,--,123,100122,卖盘
1548,13:29:51,8.14,--,60,48840,卖盘
1549,13:29:48,8.14,--,52,42328,卖盘
1550,13:29:45,8.14,--,5,4070,卖盘
1551,13:29:42,8.14,--,16,13024,卖盘
1552,13:29:39,8.14,--,91,74074,卖盘
1553,13:29:36,8.14,--,60,48840,卖盘
1554,13:29:33,8.14,-0.01,10,8140,卖盘
1555,13:29:27,8.15,--,154,125510,买盘
1556,13:29:24,8.15,0.01,50,40750,买盘
1557,13:29:21,8.14,--,3,2442,卖盘
1558,13:29:18,8.14,--,123,100122,卖盘
1559,13:29:15,8.14,--,177,144078,卖盘
1560,13:29:12,8.14,-0.01,117,95238,卖盘
1561,13:29:09,8.15,0.01,26,21190,买盘
1562,13:29:06,8.14,--,306,249084,卖盘
1563,13:29:03,8.14,-0.01,55,44770,卖盘
1564,13:29:00,8.15,0.01,31,25265,买盘
1565,13:28:57,8.14,--,29,23606,卖盘
1566,13:28:54,8.14,--,6,4884,卖盘
1567,13:28:51,8.14,--,7,5698,卖盘
1568,13:28:48,8.14,--,15,12210,卖盘
1569,13:28:45,8.14,-0.01,5,4070,卖盘
1570,13:28:42,8.15,--,122,99430,买盘
1571,13:28:39,8.15,0.01,2,1630,买盘
1572,13:28:36,8.14,--,70,56980,卖盘
1573,13:28:33,8.14,-0.01,10,8140,卖盘
1574,13:28:30,8.15,--,45,36675,买盘
1575,13:28:27,8.15,0.01,43,35045,买盘
1576,13:28:24,8.14,--,6,4884,卖盘
1577,13:28:21,8.14,-0.01,3,2442,卖盘
1578,13:28:18,8.15,--,2,1630,买盘
1579,13:28:15,8.15,--,77,62755,买盘
1580,13:28:12,8.15,--,112,91280,买盘
1581,13:28:09,8.15,0.01,20,16300,买盘
1582,13:28:06,8.14,--,59,48026,卖盘
1583,13:28:03,8.14,--,62,50468,卖盘
1584,13:27:57,8.14,-0.01,61,49654,卖盘
1585,13:27:54,8.15,0.01,110,89650,买盘
1586,13:27:51,8.14,-0.01,6,4884,卖盘
1587,13:27:48,8.15,--,4,3260,买盘
1588,13:27:45,8.15,0.01,1,815,买盘
1589,13:27:42,8.14,-0.01,7,5698,卖盘
1590,13:27:39,8.15,--,260,211900,买盘
1591,13:27:36,8.15,0.01,10,8150,买盘
1592,13:27:33,8.14,--,14,11396,卖盘
1593,13:27:30,8.14,-0.01,35,28490,卖盘
1594,13:27:27,8.15,--,43,35045,买盘
1595,13:27:24,8.15,0.01,16,13040,买盘
1596,13:27:21,8.14,--,34,27676,卖盘
1597,13:27:15,8.14,--,5,4070,卖盘
1598,13:27:12,8.14,--,141,114774,卖盘
1599,13:27:06,8.14,--,100,81400,卖盘
1600,13:27:03,8.14,--,107,87098,卖盘
1601,13:27:00,8.14,--,38,30932,卖盘
1602,13:26:57,8.14,-0.01,382,310948,卖盘
1603,13:26:54,8.15,0.01,4,3260,买盘
1604,13:26:51,8.14,-0.01,1630,1326820,卖盘
1605,13:26:48,8.15,0.01,10,8150,买盘
1606,13:26:45,8.14,--,2,1628,卖盘
1607,13:26:42,8.14,--,6,4884,卖盘
1608,13:26:36,8.14,--,101,82214,卖盘
1609,13:26:33,8.14,--,5,4070,卖盘
1610,13:26:30,8.14,-0.01,6,4884,卖盘
1611,13:26:27,8.15,0.01,44,35860,买盘
1612,13:26:24,8.14,-0.01,5,4070,卖盘
1613,13:26:21,8.15,--,17,13855,买盘
1614,13:26:15,8.15,0.01,13,10595,买盘
1615,13:26:12,8.14,--,117,95238,卖盘
1616,13:26:09,8.14,-0.01,8,6512,卖盘
1617,13:26:06,8.15,0.01,10,8150,买盘
1618,13:26:03,8.14,-0.01,53,43142,卖盘
1619,13:26:00,8.15,0.01,60,48900,买盘
1620,13:25:57,8.14,--,6,4884,卖盘
1621,13:25:54,8.14,--,10,8140,卖盘
1622,13:25:51,8.14,--,90,73260,卖盘
1623,13:25:48,8.14,-0.01,20,16280,卖盘
1624,13:25:45,8.15,0.01,31,25265,买盘
1625,13:25:42,8.14,-0.01,5,4070,卖盘
1626,13:25:39,8.15,0.01,14,11410,买盘
1627,13:25:36,8.14,--,14,11396,卖盘
1628,13:25:33,8.14,-0.01,10,8140,卖盘
1629,13:25:30,8.15,--,19,15485,买盘
1630,13:25:24,8.15,0.01,49,39935,买盘
1631,13:25:21,8.14,-0.01,78,63492,卖盘
1632,13:25:18,8.15,--,153,124695,买盘
1633,13:25:15,8.15,-0.01,2063,1681345,卖盘
1634,13:25:12,8.16,-0.02,151,123216,卖盘
1635,13:25:09,8.18,0.02,4,3272,买盘
1636,13:25:06,8.16,0.01,5,4080,买盘
1637,13:25:03,8.15,--,40,32600,卖盘
1638,13:24:57,8.15,--,95,77425,卖盘
1639,13:24:54,8.15,-0.03,11,8965,卖盘
1640,13:24:51,8.18,--,8,6544,买盘
1641,13:24:48,8.18,0.03,12,9816,买盘
1642,13:24:45,8.15,--,31,25265,卖盘
1643,13:24:42,8.15,-0.01,7,5705,卖盘
1644,13:24:39,8.16,--,11,8976,买盘
1645,13:24:36,8.16,--,46,37536,卖盘
1646,13:24:33,8.16,--,6,4896,卖盘
1647,13:24:27,8.16,-0.02,33,26928,卖盘
1648,13:24:24,8.18,0.02,46,37628,买盘
1649,13:24:21,8.16,--,349,284784,卖盘
1650,13:24:18,8.16,--,7,5712,卖盘
1651,13:24:12,8.16,--,147,119952,卖盘
1652,13:24:09,8.16,--,5,4080,卖盘
1653,13:24:06,8.16,--,36,29376,卖盘
1654,13:24:03,8.16,--,40,32640,卖盘
1655,13:23:57,8.16,-0.01,21,17136,卖盘
1656,13:23:54,8.17,0.01,16,13072,买盘
1657,13:23:51,8.16,--,3,2448,卖盘
1658,13:23:48,8.16,--,25,20400,卖盘
1659,13:23:42,8.16,--,5,4080,卖盘
1660,13:23:39,8.16,--,1,816,卖盘
1661,13:23:36,8.16,--,6,4896,卖盘
1662,13:23:33,8.16,--,5,4080,卖盘
1663,13:23:30,8.16,-0.01,15,12240,卖盘
1664,13:23:27,8.17,0.01,10,8170,买盘
1665,13:23:24,8.16,--,320,261120,卖盘
1666,13:23:21,8.16,-0.01,27,22032,卖盘
1667,13:23:18,8.17,--,39,31863,买盘
1668,13:23:15,8.17,--,38,31046,买盘
1669,13:23:12,8.17,0.01,117,95589,买盘
1670,13:23:06,8.16,-0.01,65,53040,卖盘
1671,13:23:03,8.17,--,16,13072,买盘
1672,13:22:57,8.17,0.01,46,37582,买盘
1673,13:22:54,8.16,--,60,48960,卖盘
1674,13:22:51,8.16,--,5,4080,卖盘
1675,13:22:48,8.16,--,13,10608,卖盘
1676,13:22:42,8.16,-0.01,6,4896,卖盘
1677,13:22:39,8.17,0.01,1,817,买盘
1678,13:22:36,8.16,--,61,49776,卖盘
1679,13:22:33,8.16,--,5,4080,卖盘
1680,13:22:30,8.16,--,5,4080,卖盘
1681,13:22:24,8.16,--,7,5712,卖盘
1682,13:22:21,8.16,-0.01,18,14688,卖盘
1683,13:22:18,8.17,--,508,415036,买盘
1684,13:22:15,8.17,--,19,15523,买盘
1685,13:22:12,8.17,0.01,115,93955,买盘
1686,13:22:09,8.16,-0.01,30,24480,卖盘
1687,13:22:06,8.17,--,16,13072,买盘
1688,13:22:03,8.17,0.01,133,108661,买盘
1689,13:22:00,8.16,--,17,13872,卖盘
1690,13:21:57,8.16,--,1,816,卖盘
1691,13:21:54,8.16,--,5,4080,卖盘
1692,13:21:51,8.16,--,13,10608,卖盘
1693,13:21:48,8.16,--,5,4080,卖盘
1694,13:21:45,8.16,--,3,2448,卖盘
1695,13:21:42,8.16,-0.01,5,4080,卖盘
1696,13:21:39,8.17,--,10,8170,买盘
1697,13:21:36,8.17,0.01,1,817,买盘
1698,13:21:33,8.16,-0.01,10,8160,卖盘
1699,13:21:27,8.17,-0.01,148,120916,卖盘
1700,13:21:24,8.18,0.01,1,818,买盘
1701,13:21:21,8.17,--,7,5719,卖盘
1702,13:21:18,8.17,-0.01,7,5719,卖盘
1703,13:21:15,8.18,0.01,8,6544,买盘
1704,13:21:12,8.17,-0.01,122,99674,卖盘
1705,13:21:06,8.18,0.01,8,6544,买盘
1706,13:21:03,8.17,--,36,29412,卖盘
1707,13:21:00,8.17,--,5,4085,卖盘
1708,13:20:54,8.17,-0.01,53,43301,卖盘
1709,13:20:51,8.18,--,1,818,买盘
1710,13:20:45,8.18,0.01,4,3272,买盘
1711,13:20:42,8.17,0.01,227,185459,买盘
1712,13:20:39,8.16,-0.01,452,368832,卖盘
1713,13:20:36,8.17,0.01,6,4902,买盘
1714,13:20:33,8.16,--,5,4080,卖盘
1715,13:20:30,8.16,-0.01,87,70992,卖盘
1716,13:20:27,8.17,--,53,43301,卖盘
1717,13:20:21,8.17,--,16,13072,卖盘
1718,13:20:18,8.17,-0.01,29,23693,卖盘
1719,13:20:15,8.18,0.01,1,818,买盘
1720,13:20:12,8.17,--,117,95589,卖盘
1721,13:20:09,8.17,--,119,97223,卖盘
1722,13:20:06,8.17,--,13,10621,卖盘
1723,13:20:03,8.17,-0.01,68,55556,卖盘
1724,13:20:00,8.18,0.01,100,81800,买盘
1725,13:19:57,8.17,--,9,7353,卖盘
1726,13:19:54,8.17,-0.01,10,8170,卖盘
1727,13:19:51,8.18,--,14,11452,买盘
1728,13:19:48,8.18,--,7,5726,买盘
1729,13:19:45,8.18,--,1,818,买盘
1730,13:19:42,8.18,0.01,33,26994,买盘
1731,13:19:39,8.17,0.01,2,1634,卖盘
1732,13:19:36,8.16,-0.01,81,66096,卖盘
1733,13:19:33,8.17,--,1201,981217,卖盘
1734,13:19:30,8.17,-0.01,11,8987,卖盘
1735,13:19:27,8.18,--,65,53170,买盘
1736,13:19:24,8.18,--,3,2454,买盘
1737,13:19:21,8.18,--,122,99796,买盘
1738,13:19:18,8.18,--,35,28630,卖盘
1739,13:19:15,8.18,--,75,61350,买盘
1740,13:19:12,8.18,0.01,137,112066,买盘
1741,13:19:09,8.17,--,165,134805,卖盘
1742,13:19:06,8.17,--,24,19608,买盘
1743,13:19:03,8.17,-0.01,129,105393,卖盘
1744,13:19:00,8.18,--,75,61350,买盘
1745,13:18:57,8.18,0.01,13,10634,买盘
1746,13:18:54,8.17,--,49,40033,卖盘
1747,13:18:51,8.17,--,596,486932,卖盘
1748,13:18:48,8.17,--,5,4085,卖盘
1749,13:18:45,8.17,--,6,4902,卖盘
1750,13:18:36,8.17,--,12,9804,卖盘
1751,13:18:33,8.17,-0.01,10,8170,卖盘
1752,13:18:30,8.18,--,20,16360,买盘
1753,13:18:27,8.18,--,6,4908,买盘
1754,13:18:21,8.18,--,31,25358,卖盘
1755,13:18:18,8.18,-0.01,31,25358,卖盘
1756,13:18:12,8.19,0.01,112,91728,买盘
1757,13:18:09,8.18,--,80,65440,买盘
1758,13:18:06,8.18,--,6,4908,买盘
1759,13:18:03,8.18,--,66,53988,买盘
1760,13:18:00,8.18,--,31,25358,买盘
1761,13:17:57,8.18,--,31,25358,买盘
1762,13:17:54,8.18,--,392,320656,卖盘
1763,13:17:51,8.18,--,108,88344,卖盘
1764,13:17:48,8.18,--,27,22086,卖盘
1765,13:17:45,8.18,-0.01,2,1636,卖盘
1766,13:17:36,8.19,0.01,1,819,买盘
1767,13:17:33,8.18,--,5,4090,卖盘
1768,13:17:30,8.18,-0.01,25,20450,卖盘
1769,13:17:24,8.19,0.01,15,12285,买盘
1770,13:17:21,8.18,--,2,1636,卖盘
1771,13:17:18,8.18,-0.01,7,5726,卖盘
1772,13:17:15,8.19,0.01,35,28665,买盘
1773,13:17:12,8.18,--,15,12270,买盘
1774,13:17:09,8.18,--,278,227404,买盘
1775,13:17:06,8.18,0.01,1,818,买盘
1776,13:17:03,8.17,--,42,34314,卖盘
1777,13:17:00,8.17,-0.01,27,22059,卖盘
1778,13:16:54,8.18,0.01,143,116974,买盘
1779,13:16:51,8.17,-0.01,18,14706,卖盘
1780,13:16:48,8.18,0.01,23,18814,买盘
1781,13:16:42,8.17,-0.01,2,1634,卖盘
1782,13:16:39,8.18,0.01,3,2454,买盘
1783,13:16:36,8.17,-0.01,36,29412,卖盘
1784,13:16:33,8.18,0.01,1,818,买盘
1785,13:16:30,8.17,-0.01,20,16340,卖盘
1786,13:16:27,8.18,--,1,818,买盘
1787,13:16:18,8.18,--,35,28630,买盘
1788,13:16:15,8.18,--,2,1636,买盘
1789,13:16:12,8.18,--,203,166054,买盘
1790,13:16:09,8.18,--,20,16360,买盘
1791,13:16:06,8.18,--,10,8180,买盘
1792,13:16:03,8.18,0.01,62,50716,买盘
1793,13:15:54,8.17,-0.01,1,817,卖盘
1794,13:15:51,8.18,--,14,11452,卖盘
1795,13:15:48,8.18,--,5,4090,卖盘
1796,13:15:45,8.18,--,13,10634,卖盘
1797,13:15:42,8.18,0.01,5,4090,买盘
1798,13:15:39,8.17,-0.01,1,817,卖盘
1799,13:15:33,8.18,-0.01,6,4908,中性盘
1800,13:15:27,8.19,0.02,18,14742,买盘
1801,13:15:21,8.17,--,4,3268,卖盘
1802,13:15:18,8.17,--,90,73530,卖盘
1803,13:15:15,8.17,-0.01,28,22876,卖盘
1804,13:15:12,8.18,--,1,818,买盘
1805,13:15:09,8.18,0.01,150,122700,买盘
1806,13:15:03,8.17,-0.01,37,30229,卖盘
1807,13:15:00,8.18,--,1,818,买盘
1808,13:14:57,8.18,--,27,22086,买盘
1809,13:14:54,8.18,0.01,20,16360,买盘
1810,13:14:51,8.17,--,7,5719,卖盘
1811,13:14:48,8.17,--,7,5719,卖盘
1812,13:14:45,8.17,-0.01,2,1634,卖盘
1813,13:14:42,8.18,0.01,1,818,买盘
1814,13:14:39,8.17,--,7,5719,卖盘
1815,13:14:33,8.17,-0.01,40,32680,卖盘
1816,13:14:30,8.18,--,1,818,买盘
1817,13:14:27,8.18,0.01,81,66258,买盘
1818,13:14:24,8.17,--,25,20425,卖盘
1819,13:14:18,8.17,-0.01,5,4085,卖盘
1820,13:14:15,8.18,--,11,8998,买盘
1821,13:14:09,8.18,0.01,135,110430,买盘
1822,13:14:06,8.17,--,228,186276,卖盘
1823,13:14:03,8.17,--,5,4085,卖盘
1824,13:14:00,8.17,-0.01,18,14706,卖盘
1825,13:13:57,8.18,--,3,2454,买盘
1826,13:13:54,8.18,0.01,3,2454,买盘
1827,13:13:51,8.17,--,18,14706,卖盘
1828,13:13:48,8.17,--,5,4085,卖盘
1829,13:13:45,8.17,--,14,11438,卖盘
1830,13:13:42,8.17,-0.01,7,5719,卖盘
1831,13:13:39,8.18,--,40,32720,卖盘
1832,13:13:36,8.18,--,56,45808,卖盘
1833,13:13:33,8.18,-0.01,5,4090,卖盘
1834,13:13:30,8.19,0.01,7,5733,买盘
1835,13:13:27,8.18,--,52,42536,卖盘
1836,13:13:24,8.18,--,5,4090,卖盘
1837,13:13:21,8.18,--,107,87526,卖盘
1838,13:13:15,8.18,-0.01,1,818,卖盘
1839,13:13:12,8.19,0.01,112,91728,买盘
1840,13:13:09,8.18,--,5,4090,卖盘
1841,13:13:03,8.18,--,5,4090,卖盘
1842,13:12:57,8.18,--,131,107158,卖盘
1843,13:12:54,8.18,--,89,72802,买盘
1844,13:12:51,8.18,0.01,30,24540,买盘
1845,13:12:48,8.17,--,30,24510,卖盘
1846,13:12:42,8.17,-0.01,1,817,卖盘
1847,13:12:39,8.18,--,1,818,买盘
1848,13:12:36,8.18,0.01,1,818,买盘
1849,13:12:33,8.17,-0.01,5,4085,卖盘
1850,13:12:30,8.18,--,13,10634,买盘
1851,13:12:27,8.18,0.01,2,1636,买盘
1852,13:12:21,8.17,-0.02,95,77615,卖盘
1853,13:12:18,8.19,0.01,3,2457,买盘
1854,13:12:15,8.18,--,131,107158,卖盘
1855,13:12:12,8.18,-0.01,175,143150,卖盘
1856,13:12:09,8.19,0.01,168,137592,买盘
1857,13:12:06,8.18,--,252,206136,卖盘
1858,13:12:03,8.18,--,1,818,卖盘
1859,13:12:00,8.18,--,10,8180,卖盘
1860,13:11:51,8.18,--,3,2454,卖盘
1861,13:11:48,8.18,--,5,4090,卖盘
1862,13:11:42,8.18,-0.01,33,26994,卖盘
1863,13:11:39,8.19,0.01,1,819,买盘
1864,13:11:33,8.18,--,5,4090,卖盘
1865,13:11:30,8.18,--,13,10634,卖盘
1866,13:11:21,8.18,--,3,2454,卖盘
1867,13:11:18,8.18,-0.01,25,20450,卖盘
1868,13:11:15,8.19,--,25,20475,买盘
1869,13:11:12,8.19,--,3,2457,买盘
1870,13:11:09,8.19,--,111,90909,买盘
1871,13:11:06,8.19,--,6,4914,买盘
1872,13:11:03,8.19,--,62,50778,买盘
1873,13:10:51,8.19,--,6,4914,买盘
1874,13:10:48,8.19,0.01,32,26208,买盘
1875,13:10:45,8.18,--,1,818,卖盘
1876,13:10:42,8.18,-0.01,9,7362,卖盘
1877,13:10:39,8.19,0.01,1,819,买盘
1878,13:10:36,8.18,--,5,4090,卖盘
1879,13:10:33,8.18,--,53,43354,卖盘
1880,13:10:27,8.18,-0.01,8,6544,卖盘
1881,13:10:21,8.19,0.01,20,16379,买盘
1882,13:10:18,8.18,--,5,4090,卖盘
1883,13:10:15,8.18,-0.01,1,818,卖盘
1884,13:10:12,8.19,--,4,3276,买盘
1885,13:10:09,8.19,--,113,92547,买盘
1886,13:10:06,8.19,0.01,11,9009,买盘
1887,13:10:03,8.18,-0.01,19,15542,卖盘
1888,13:10:00,8.19,0.02,2,1638,买盘
1889,13:09:54,8.17,-0.01,36,29412,卖盘
1890,13:09:51,8.18,--,105,86675,买盘
1891,13:09:48,8.18,--,11,8998,买盘
1892,13:09:45,8.18,--,6,4908,买盘
1893,13:09:42,8.18,--,24,19632,买盘
1894,13:09:39,8.18,--,1,818,买盘
1895,13:09:36,8.18,--,2,1636,买盘
1896,13:09:33,8.18,0.01,1,818,买盘
1897,13:09:30,8.17,-0.01,6,4902,卖盘
1898,13:09:27,8.18,0.01,2,1636,买盘
1899,13:09:21,8.17,--,14,11438,卖盘
1900,13:09:18,8.17,--,1,817,卖盘
1901,13:09:15,8.17,-0.01,6,4902,卖盘
1902,13:09:09,8.18,--,119,97342,买盘
1903,13:09:06,8.18,--,44,35992,买盘
1904,13:09:03,8.18,--,31,25358,买盘
1905,13:08:57,8.18,--,106,86708,买盘
1906,13:08:54,8.18,0.01,101,82618,买盘
1907,13:08:51,8.17,0.01,66,53922,买盘
1908,13:08:48,8.16,-0.01,6,4896,卖盘
1909,13:08:45,8.17,--,19,15523,买盘
1910,13:08:42,8.17,--,8,6536,买盘
1911,13:08:39,8.17,--,22,17974,买盘
1912,13:08:36,8.17,0.01,54,44118,买盘
1913,13:08:30,8.16,-0.01,6,4896,卖盘
1914,13:08:24,8.17,0.01,3,2451,买盘
1915,13:08:21,8.16,--,114,93024,卖盘
1916,13:08:18,8.16,-0.01,5,4080,卖盘
1917,13:08:15,8.17,0.01,1,817,中性盘
1918,13:08:12,8.16,-0.01,297,242352,卖盘
1919,13:08:09,8.17,--,16,13072,买盘
1920,13:08:03,8.17,--,6,4902,买盘
1921,13:08:00,8.17,--,6,4902,买盘
1922,13:07:57,8.17,-0.01,3,2451,中性盘
1923,13:07:48,8.18,0.03,1006,822908,买盘
1924,13:07:45,8.15,--,6,4890,卖盘
1925,13:07:42,8.15,-0.01,1,815,卖盘
1926,13:07:39,8.16,0.01,22,17952,买盘
1927,13:07:33,8.15,-0.01,27,22005,卖盘
1928,13:07:30,8.16,-0.01,2,1632,中性盘
1929,13:07:24,8.17,0.02,265,216505,买盘
1930,13:07:21,8.15,--,2,1630,卖盘
1931,13:07:18,8.15,--,8,6520,卖盘
1932,13:07:15,8.15,-0.02,11,8965,卖盘
1933,13:07:09,8.17,0.01,307,250925,买盘
1934,13:07:06,8.16,-0.01,6,4896,卖盘
1935,13:07:03,8.17,--,3,2451,买盘
1936,13:07:00,8.17,0.01,18,14706,买盘
1937,13:06:57,8.16,-0.01,23,18768,卖盘
1938,13:06:54,8.17,--,1,817,买盘
1939,13:06:51,8.17,0.01,209,170753,买盘
1940,13:06:48,8.16,-0.01,6,4896,卖盘
1941,13:06:45,8.17,0.01,25,20425,买盘
1942,13:06:42,8.16,-0.01,1,816,卖盘
1943,13:06:39,8.17,--,1,817,买盘
1944,13:06:33,8.17,0.01,13,10621,买盘
1945,13:06:27,8.16,-0.01,105,85680,卖盘
1946,13:06:24,8.17,0.01,1,817,买盘
1947,13:06:21,8.16,--,2,1632,卖盘
1948,13:06:15,8.16,-0.01,110,89760,卖盘
1949,13:06:12,8.17,--,1,817,买盘
1950,13:06:09,8.17,--,143,116831,买盘
1951,13:06:06,8.17,0.01,1,817,买盘
1952,13:06:03,8.16,--,505,412080,卖盘
1953,13:06:00,8.16,--,15,12240,卖盘
1954,13:05:57,8.16,--,89,72624,卖盘
1955,13:05:54,8.16,--,23,18768,卖盘
1956,13:05:51,8.16,--,2,1632,卖盘
1957,13:05:48,8.16,--,5,4080,卖盘
1958,13:05:45,8.16,--,65,53040,卖盘
1959,13:05:42,8.16,-0.01,201,164016,卖盘
1960,13:05:39,8.17,0.01,95,77615,买盘
1961,13:05:33,8.16,--,5,4080,卖盘
1962,13:05:30,8.16,--,5,4080,卖盘
1963,13:05:21,8.16,-0.01,57,46512,卖盘
1964,13:05:18,8.17,0.01,1,817,买盘
1965,13:05:15,8.16,-0.01,5,4080,卖盘
1966,13:05:12,8.17,--,1,817,买盘
1967,13:05:09,8.17,0.01,140,114380,买盘
1968,13:05:03,8.16,--,5,4080,卖盘
1969,13:05:00,8.16,-0.01,5,4080,卖盘
1970,13:04:57,8.17,--,1,817,买盘
1971,13:04:54,8.17,-0.01,28,22876,卖盘
1972,13:04:51,8.18,0.01,49,40082,买盘
1973,13:04:45,8.17,--,16,13072,卖盘
1974,13:04:39,8.17,--,2,1634,卖盘
1975,13:04:33,8.17,-0.01,37,30229,卖盘
1976,13:04:30,8.18,--,32,26176,买盘
1977,13:04:24,8.18,--,2,1636,买盘
1978,13:04:18,8.18,0.01,14,11452,买盘
1979,13:04:15,8.17,-0.01,5,4085,卖盘
1980,13:04:09,8.18,0.01,122,99796,买盘
1981,13:04:03,8.17,--,42,34314,卖盘
1982,13:03:57,8.17,--,5,4085,卖盘
1983,13:03:51,8.17,--,2,1634,卖盘
1984,13:03:48,8.17,--,133,108661,卖盘
1985,13:03:45,8.17,--,5,4085,卖盘
1986,13:03:42,8.17,-0.01,2,1634,卖盘
1987,13:03:39,8.18,0.01,2,1636,买盘
1988,13:03:36,8.17,--,33,26961,卖盘
1989,13:03:33,8.17,--,5,4085,卖盘
1990,13:03:30,8.17,--,5,4085,卖盘
1991,13:03:21,8.17,-0.01,66,53922,卖盘
1992,13:03:18,8.18,0.01,68,55624,买盘
1993,13:03:15,8.17,--,5,4085,卖盘
1994,13:03:12,8.17,-0.01,28,22876,卖盘
1995,13:03:09,8.18,0.01,157,128426,买盘
1996,13:03:03,8.17,--,5,4085,卖盘
1997,13:03:00,8.17,-0.01,5,4085,卖盘
1998,13:02:57,8.18,0.01,3,2454,买盘
1999,13:02:54,8.17,-0.01,4,3268,卖盘
2000,13:02:48,8.18,0.01,2,1636,买盘
2001,13:02:45,8.17,--,10,8170,卖盘
2002,13:02:39,8.17,-0.01,2,1634,卖盘
2003,13:02:36,8.18,0.01,1,818,买盘
2004,13:02:33,8.17,-0.01,6,4902,卖盘
2005,13:02:30,8.18,0.01,26,21268,买盘
2006,13:02:27,8.17,-0.01,7,5719,卖盘
2007,13:02:18,8.18,--,105,85890,买盘
2008,13:02:15,8.18,0.01,42,34356,买盘
2009,13:02:12,8.17,-0.01,5,4085,卖盘
2010,13:02:09,8.18,--,118,96524,买盘
2011,13:02:03,8.18,0.01,1,818,买盘
2012,13:02:00,8.17,--,107,87419,卖盘
2013,13:01:57,8.17,-0.01,249,203433,卖盘
2014,13:01:54,8.18,0.01,61,49898,买盘
2015,13:01:51,8.17,--,11,8987,卖盘
2016,13:01:42,8.17,-0.01,20,16340,卖盘
2017,13:01:39,8.18,--,14,11452,买盘
2018,13:01:36,8.18,--,1,818,买盘
2019,13:01:30,8.18,--,8,6544,买盘
2020,13:01:27,8.18,0.01,1,818,买盘
2021,13:01:24,8.17,-0.01,10,8170,卖盘
2022,13:01:15,8.18,--,28,22904,买盘
2023,13:01:09,8.18,--,112,91616,买盘
2024,13:01:06,8.18,0.01,1,818,买盘
2025,13:00:57,8.17,--,5,4085,卖盘
2026,13:00:51,8.17,-0.01,1,817,卖盘
2027,13:00:48,8.18,0.01,3,2454,买盘
2028,13:00:45,8.17,--,1,817,卖盘
2029,13:00:42,8.17,--,15,12255,卖盘
2030,13:00:39,8.17,--,1,817,卖盘
2031,13:00:36,8.17,--,3,2451,卖盘
2032,13:00:33,8.17,--,5,4085,卖盘
2033,13:00:27,8.17,-0.01,7,5719,卖盘
2034,13:00:24,8.18,--,11,8998,买盘
2035,13:00:18,8.18,0.01,9,7362,买盘
2036,13:00:15,8.17,--,6,4902,卖盘
2037,13:00:12,8.17,-0.01,1,817,卖盘
2038,13:00:09,8.18,--,100,81800,买盘
2039,13:00:06,8.18,0.01,619,506342,买盘
2040,13:00:03,8.17,-0.01,626,511442,卖盘
2041,13:00:00,8.18,--,0,0,买盘
2042,11:30:00,8.18,0.01,15,12270,买盘
2043,11:29:57,8.17,-0.01,55,44935,卖盘
2044,11:29:54,8.18,--,25,20450,买盘
2045,11:29:42,8.18,--,6,4908,买盘
2046,11:29:39,8.18,--,5,4090,买盘
2047,11:29:27,8.18,--,10,8180,买盘
2048,11:29:24,8.18,--,3,2454,买盘
2049,11:29:18,8.18,0.01,22,17996,买盘
2050,11:29:15,8.17,--,6,4902,卖盘
2051,11:29:12,8.17,-0.01,1,817,卖盘
2052,11:29:06,8.18,-0.01,1,818,买盘
2053,11:29:03,8.19,0.02,116,95004,买盘
2054,11:28:57,8.17,-0.01,12,9804,卖盘
2055,11:28:54,8.18,--,15,12270,买盘
2056,11:28:48,8.18,--,13,10634,买盘
2057,11:28:45,8.18,--,8,6544,买盘
2058,11:28:42,8.18,--,2,1636,买盘
2059,11:28:39,8.18,--,13,10634,卖盘
2060,11:28:36,8.18,--,2,1636,卖盘
2061,11:28:33,8.18,-0.01,517,422906,卖盘
2062,11:28:30,8.19,0.01,5,4094,买盘
2063,11:28:27,8.18,--,32,26176,买盘
2064,11:28:24,8.18,--,10,8180,买盘
2065,11:28:21,8.18,0.01,18,14724,买盘
2066,11:28:18,8.17,-0.01,19,15523,卖盘
2067,11:28:12,8.18,--,11,8998,卖盘
2068,11:28:09,8.18,--,7,5726,买盘
2069,11:28:06,8.18,0.01,1,818,中性盘
2070,11:28:03,8.17,-0.01,535,437095,卖盘
2071,11:28:00,8.18,0.01,34,27812,买盘
2072,11:27:57,8.17,-0.01,26,21242,卖盘
2073,11:27:54,8.18,0.01,45,36810,买盘
2074,11:27:51,8.17,--,44,35948,卖盘
2075,11:27:48,8.17,--,80,65360,卖盘
2076,11:27:45,8.17,--,7,5719,卖盘
2077,11:27:42,8.17,--,1,817,卖盘
2078,11:27:39,8.17,-0.01,10,8170,卖盘
2079,11:27:36,8.18,--,8,6544,买盘
2080,11:27:33,8.18,0.01,1,818,买盘
2081,11:27:30,8.17,--,5,4085,卖盘
2082,11:27:27,8.17,-0.01,5,4085,卖盘
2083,11:27:24,8.18,--,66,53988,买盘
2084,11:27:21,8.18,--,1,818,买盘
2085,11:27:15,8.18,--,1,818,买盘
2086,11:27:12,8.18,0.01,8,6544,买盘
2087,11:27:03,8.17,--,397,324349,卖盘
2088,11:27:00,8.17,--,5,4085,卖盘
2089,11:26:57,8.17,--,31,25327,卖盘
2090,11:26:54,8.17,-0.01,30,24510,卖盘
2091,11:26:48,8.18,0.01,3,2454,买盘
2092,11:26:45,8.17,--,1,817,卖盘
2093,11:26:42,8.17,--,9,7353,卖盘
2094,11:26:27,8.17,-0.01,6,4902,卖盘
2095,11:26:21,8.18,--,8,6544,买盘
2096,11:26:18,8.18,--,3,2454,买盘
2097,11:26:15,8.18,--,6,4908,买盘
2098,11:26:12,8.18,-0.01,85,69530,卖盘
2099,11:26:03,8.19,--,96,78624,买盘
2100,11:26:00,8.19,0.01,44,36036,买盘
2101,11:25:57,8.18,--,6,4908,卖盘
2102,11:25:54,8.18,-0.01,32,26176,卖盘
2103,11:25:51,8.19,0.01,7,5733,买盘
2104,11:25:45,8.18,--,1,818,卖盘
2105,11:25:42,8.18,--,39,31902,卖盘
2106,11:25:39,8.18,-0.01,9,7362,卖盘
2107,11:25:36,8.19,--,1,819,买盘
2108,11:25:33,8.19,0.01,27,22113,买盘
2109,11:25:27,8.18,-0.01,5,4090,卖盘
2110,11:25:21,8.19,--,18,14742,买盘
2111,11:25:12,8.19,0.01,16,13104,中性盘
2112,11:25:06,8.18,-0.02,96,78528,卖盘
2113,11:25:03,8.2,0.01,116,95119,买盘
2114,11:25:00,8.19,--,13,10647,中性盘
2115,11:24:57,8.19,--,6,4914,买盘
2116,11:24:54,8.19,0.01,19,15560,买盘
2117,11:24:51,8.18,--,23,18814,卖盘
2118,11:24:45,8.18,--,1,818,卖盘
2119,11:24:42,8.18,-0.01,7,5726,卖盘
2120,11:24:39,8.19,--,1,819,买盘
2121,11:24:36,8.19,-0.01,8,6552,卖盘
2122,11:24:33,8.2,0.01,9,7379,买盘
2123,11:24:30,8.19,0.01,27,22113,买盘
2124,11:24:27,8.18,-0.01,5,4090,卖盘
2125,11:24:24,8.19,--,1,819,买盘
2126,11:24:15,8.19,-0.01,31,25389,卖盘
2127,11:24:12,8.2,--,9,7379,买盘
2128,11:24:09,8.2,--,1,819,买盘
2129,11:24:03,8.2,0.01,124,101679,买盘
2130,11:24:00,8.19,--,5,4094,卖盘
2131,11:23:57,8.19,-0.01,1,819,卖盘
2132,11:23:54,8.2,--,22,18040,买盘
2133,11:23:51,8.2,0.01,5,4100,买盘
2134,11:23:48,8.19,--,10,8189,卖盘
2135,11:23:45,8.19,--,2,1638,卖盘
2136,11:23:42,8.19,--,19,15560,卖盘
2137,11:23:39,8.19,-0.01,50,40950,卖盘
2138,11:23:30,8.2,0.01,27,22139,买盘
2139,11:23:27,8.19,--,15,12285,卖盘
2140,11:23:15,8.19,--,85,69615,卖盘
2141,11:23:12,8.19,--,2,1638,卖盘
2142,11:23:06,8.19,--,3,2457,卖盘
2143,11:23:03,8.19,-0.01,117,95823,卖盘
2144,11:23:00,8.2,0.01,47,38540,买盘
2145,11:22:57,8.19,-0.01,5,4094,卖盘
2146,11:22:54,8.2,0.01,41,33620,买盘
2147,11:22:51,8.19,-0.01,20,16379,卖盘
2148,11:22:48,8.2,0.01,7,5739,买盘
2149,11:22:45,8.19,-0.01,5,4094,卖盘
2150,11:22:42,8.2,0.01,29,23779,买盘
2151,11:22:39,8.19,0.01,9,7371,买盘
2152,11:22:33,8.18,--,1,818,卖盘
2153,11:22:27,8.18,-0.01,5,4090,卖盘
2154,11:22:24,8.19,0.01,236,193284,买盘
2155,11:22:15,8.18,--,101,82618,卖盘
2156,11:22:12,8.18,--,764,624952,卖盘
2157,11:22:06,8.18,-0.01,27,22086,中性盘
2158,11:22:03,8.19,0.01,100,81900,买盘
2159,11:22:00,8.18,--,15,12270,卖盘
2160,11:21:57,8.18,--,99,80982,买盘
2161,11:21:54,8.18,--,15,12270,买盘
2162,11:21:51,8.18,--,14,11452,卖盘
2163,11:21:48,8.18,--,5,4090,卖盘
2164,11:21:45,8.18,--,5,4090,卖盘
2165,11:21:39,8.18,-0.01,23,18814,买盘
2166,11:21:33,8.19,0.02,1,819,买盘
2167,11:21:30,8.17,-0.01,5,4085,卖盘
2168,11:21:27,8.18,0.01,12,9816,买盘
2169,11:21:24,8.17,-0.01,3,2451,卖盘
2170,11:21:21,8.18,-0.01,36,29448,卖盘
2171,11:21:15,8.19,0.02,29,23751,买盘
2172,11:21:12,8.17,-0.01,30,24510,卖盘
2173,11:21:09,8.18,--,35,28630,卖盘
2174,11:21:03,8.18,--,103,84254,卖盘
2175,11:20:57,8.18,--,5,4090,卖盘
2176,11:20:54,8.18,-0.01,16,13088,卖盘
2177,11:20:48,8.19,0.01,3,2457,买盘
2178,11:20:45,8.18,-0.01,5,4090,卖盘
2179,11:20:42,8.19,--,2,1638,买盘
2180,11:20:39,8.19,--,1,819,买盘
2181,11:20:36,8.19,0.01,2,1638,买盘
2182,11:20:33,8.18,--,84,68712,卖盘
2183,11:20:30,8.18,-0.01,35,28630,卖盘
2184,11:20:24,8.19,0.01,15,12285,买盘
2185,11:20:18,8.18,--,5,4090,卖盘
2186,11:20:15,8.18,-0.01,5,4090,卖盘
2187,11:20:12,8.19,0.01,3,2457,买盘
2188,11:20:06,8.18,-0.01,7,5726,卖盘
2189,11:20:03,8.19,--,103,84357,买盘
2190,11:20:00,8.19,--,18,14742,买盘
2191,11:19:54,8.19,0.01,15,12285,买盘
2192,11:19:51,8.18,--,13,10634,卖盘
2193,11:19:48,8.18,--,1,818,卖盘
2194,11:19:45,8.18,--,10,8180,卖盘
2195,11:19:42,8.18,--,56,45808,卖盘
2196,11:19:39,8.18,--,5,4090,卖盘
2197,11:19:36,8.18,0.02,32,26176,买盘
2198,11:19:33,8.16,--,3,2448,卖盘
2199,11:19:30,8.16,--,1,816,卖盘
2200,11:19:27,8.16,-0.02,5,4080,卖盘
2201,11:19:21,8.18,--,2,1636,买盘
2202,11:19:18,8.18,0.02,14,11452,中性盘
2203,11:19:15,8.16,-0.03,6,4896,卖盘
2204,11:19:12,8.19,--,2,1638,买盘
2205,11:19:09,8.19,--,5,4094,买盘
2206,11:19:06,8.19,0.03,3,2457,买盘
2207,11:19:03,8.16,--,178,145248,卖盘
2208,11:18:57,8.16,-0.02,6,4896,卖盘
2209,11:18:54,8.18,0.02,16,13088,买盘
2210,11:18:42,8.16,-0.02,5,4080,卖盘
2211,11:18:39,8.18,--,175,143150,卖盘
2212,11:18:36,8.18,--,11,8998,卖盘
2213,11:18:33,8.18,--,2,1636,卖盘
2214,11:18:30,8.18,--,20,16360,卖盘
2215,11:18:18,8.18,--,314,256852,买盘
2216,11:18:15,8.18,0.02,160,130880,买盘
2217,11:18:12,8.16,-0.02,6,4896,卖盘
2218,11:18:03,8.18,0.01,113,92434,买盘
2219,11:18:00,8.17,0.01,3,2451,卖盘
2220,11:17:57,8.16,-0.01,41,33456,卖盘
2221,11:17:54,8.17,--,408,333336,买盘
2222,11:17:51,8.17,0.01,91,74347,买盘
2223,11:17:48,8.16,-0.01,1,816,卖盘
2224,11:17:45,8.17,0.01,34,27778,买盘
2225,11:17:42,8.16,--,40,32640,卖盘
2226,11:17:39,8.16,-0.01,62,50592,卖盘
2227,11:17:36,8.17,--,53,43301,买盘
2228,11:17:33,8.17,0.01,60,49020,买盘
2229,11:17:30,8.16,--,5,4080,卖盘
2230,11:17:27,8.16,-0.01,207,168912,卖盘
2231,11:17:24,8.17,--,18,14706,买盘
2232,11:17:21,8.17,--,73,59641,买盘
2233,11:17:18,8.17,--,24,19608,买盘
2234,11:17:12,8.17,0.01,21,17157,买盘
2235,11:17:06,8.16,-0.01,101,82416,卖盘
2236,11:17:03,8.17,0.01,146,119282,买盘
2237,11:17:00,8.16,--,22,17952,卖盘
2238,11:16:57,8.16,--,2,1632,卖盘
2239,11:16:54,8.16,--,17,13872,卖盘
2240,11:16:51,8.16,--,194,158304,卖盘
2241,11:16:48,8.16,-0.01,7,5712,卖盘
2242,11:16:42,8.17,0.01,16,13072,买盘
2243,11:16:39,8.16,--,90,73440,卖盘
2244,11:16:36,8.16,--,1,816,卖盘
2245,11:16:33,8.16,--,170,138720,卖盘
2246,11:16:27,8.16,-0.01,6,4896,卖盘
2247,11:16:24,8.17,0.01,20,16340,买盘
2248,11:16:21,8.16,-0.01,6,4896,卖盘
2249,11:16:18,8.17,--,1,817,买盘
2250,11:16:15,8.17,0.01,24,19608,买盘
2251,11:16:12,8.16,-0.01,6,4896,卖盘
2252,11:16:09,8.17,--,24,19608,买盘
2253,11:16:06,8.17,-0.01,181,147877,卖盘
2254,11:16:03,8.18,0.01,97,79346,买盘
2255,11:16:00,8.17,--,10,8170,卖盘
2256,11:15:57,8.17,--,6,4902,卖盘
2257,11:15:54,8.17,--,33,26961,卖盘
2258,11:15:48,8.17,-0.01,22,17974,卖盘
2259,11:15:45,8.18,0.01,8,6544,买盘
2260,11:15:42,8.17,--,5,4085,卖盘
2261,11:15:33,8.17,0.01,100,81700,中性盘
2262,11:15:30,8.16,-0.02,7,5712,卖盘
2263,11:15:27,8.18,--,33,26994,买盘
2264,11:15:24,8.18,--,2,1636,买盘
2265,11:15:18,8.18,--,187,152966,买盘
2266,11:15:15,8.18,0.01,1,818,买盘
2267,11:15:12,8.17,-0.01,5,4085,卖盘
2268,11:15:06,8.18,--,35,28630,买盘
2269,11:15:03,8.18,--,281,229858,买盘
2270,11:15:00,8.18,0.01,3,2454,买盘
2271,11:14:57,8.17,--,3,2451,卖盘
2272,11:14:54,8.17,-0.01,51,41667,卖盘
2273,11:14:51,8.18,--,2,1636,买盘
2274,11:14:45,8.18,0.01,25,20450,买盘
2275,11:14:42,8.17,-0.01,5,4085,卖盘
2276,11:14:36,8.18,0.01,1,818,买盘
2277,11:14:33,8.17,--,1,817,卖盘
2278,11:14:30,8.17,--,21,17157,卖盘
2279,11:14:27,8.17,--,5,4085,卖盘
2280,11:14:21,8.17,0.01,5,4085,买盘
2281,11:14:15,8.16,-0.01,1,816,卖盘
2282,11:14:12,8.17,-0.01,6,4902,卖盘
2283,11:14:09,8.18,0.01,1,818,买盘
2284,11:14:03,8.17,0.01,101,82517,中性盘
2285,11:13:57,8.16,-0.02,6,4896,卖盘
2286,11:13:54,8.18,0.02,15,12270,买盘
2287,11:13:51,8.16,-0.02,5,4080,卖盘
2288,11:13:48,8.18,0.02,2,1636,买盘
2289,11:13:45,8.16,-0.01,37,30192,卖盘
2290,11:13:42,8.17,--,98,80066,买盘
2291,11:13:39,8.17,-0.01,27,22059,卖盘
2292,11:13:36,8.18,--,3,2454,买盘
2293,11:13:33,8.18,--,30,24540,买盘
2294,11:13:30,8.18,0.01,1,818,买盘
2295,11:13:27,8.17,--,5,4085,卖盘
2296,11:13:21,8.17,0.01,6,4902,中性盘
2297,11:13:18,8.16,-0.01,500,408000,卖盘
2298,11:13:12,8.17,--,7,5719,卖盘
2299,11:13:09,8.17,-0.01,50,40850,卖盘
2300,11:13:06,8.18,0.01,1,818,买盘
2301,11:13:03,8.17,--,134,109478,卖盘
2302,11:13:00,8.17,--,2,1634,卖盘
2303,11:12:57,8.17,--,6,4902,卖盘
2304,11:12:54,8.17,--,47,38399,卖盘
2305,11:12:51,8.17,-0.01,1,817,卖盘
2306,11:12:48,8.18,0.01,1,818,买盘
2307,11:12:45,8.17,--,1,817,卖盘
2308,11:12:42,8.17,--,7,5719,卖盘
2309,11:12:39,8.17,--,2,1634,卖盘
2310,11:12:36,8.17,--,25,20425,卖盘
2311,11:12:33,8.17,--,2,1634,卖盘
2312,11:12:30,8.17,--,33,27671,买盘
2313,11:12:27,8.17,--,53,43301,买盘
2314,11:12:24,8.17,--,50,40850,买盘
2315,11:12:21,8.17,--,1,817,买盘
2316,11:12:15,8.17,0.01,3,2451,买盘
2317,11:12:12,8.16,-0.02,48,39274,卖盘
2318,11:12:09,8.18,0.01,101,82618,买盘
2319,11:12:06,8.17,--,27,22769,卖盘
2320,11:12:03,8.17,--,297,242649,卖盘
2321,11:12:00,8.17,-0.01,19,15523,卖盘
2322,11:11:57,8.18,0.01,5,4090,买盘
2323,11:11:54,8.17,--,46,37582,卖盘
2324,11:11:48,8.17,--,1,817,卖盘
2325,11:11:45,8.17,--,35,28595,卖盘
2326,11:11:42,8.17,-0.01,2,1634,卖盘
2327,11:11:36,8.18,--,2,1636,买盘
2328,11:11:33,8.18,--,30,24540,买盘
2329,11:11:30,8.18,--,1,818,买盘
2330,11:11:27,8.18,--,1,818,买盘
2331,11:11:24,8.18,--,20,16360,买盘
2332,11:11:21,8.18,0.01,4,3272,买盘
2333,11:11:18,8.17,-0.01,2,1634,卖盘
2334,11:11:15,8.18,--,145,118610,买盘
2335,11:11:12,8.18,0.01,22,17996,买盘
2336,11:11:09,8.17,--,5,4085,卖盘
2337,11:11:03,8.17,0.01,227,185459,买盘
2338,11:11:00,8.16,-0.01,1,816,卖盘
2339,11:10:57,8.17,0.01,1,817,买盘
2340,11:10:54,8.16,--,19,15504,卖盘
2341,11:10:51,8.16,--,4,3264,卖盘
2342,11:10:48,8.16,--,10,8160,卖盘
2343,11:10:42,8.16,-0.01,3,2448,卖盘
2344,11:10:36,8.17,0.02,13,10621,买盘
2345,11:10:33,8.15,-0.02,86,70090,卖盘
2346,11:10:27,8.17,0.01,20,16340,买盘
2347,11:10:24,8.16,--,15,12240,卖盘
2348,11:10:21,8.16,--,26,21216,卖盘
2349,11:10:18,8.16,--,16,13056,卖盘
2350,11:10:12,8.16,--,109,88944,买盘
2351,11:10:06,8.16,--,3,2448,买盘
2352,11:10:03,8.16,0.01,177,144432,买盘
2353,11:10:00,8.15,--,41,33415,卖盘
2354,11:09:57,8.15,--,13,10595,卖盘
2355,11:09:54,8.15,--,230,187450,卖盘
2356,11:09:51,8.15,--,40,32600,卖盘
2357,11:09:48,8.15,--,1,815,卖盘
2358,11:09:45,8.15,--,3,2445,卖盘
2359,11:09:42,8.15,--,40,32600,卖盘
2360,11:09:39,8.15,-0.01,1,815,卖盘
2361,11:09:36,8.16,0.01,25,20400,买盘
2362,11:09:33,8.15,-0.01,1,815,卖盘
2363,11:09:30,8.16,0.01,42,34272,买盘
2364,11:09:27,8.15,-0.01,23,18745,卖盘
2365,11:09:24,8.16,0.01,1,816,买盘
2366,11:09:21,8.15,--,100,81500,卖盘
2367,11:09:18,8.15,--,1,815,卖盘
2368,11:09:15,8.15,-0.01,56,45640,卖盘
2369,11:09:12,8.16,0.02,20,16320,买盘
2370,11:09:09,8.14,-0.01,150,122100,卖盘
2371,11:09:06,8.15,--,100,81500,卖盘
2372,11:09:03,8.15,--,120,97800,卖盘
2373,11:09:00,8.15,--,50,40750,卖盘
2374,11:08:57,8.15,-0.01,1,815,卖盘
2375,11:08:54,8.16,0.01,15,12240,买盘
2376,11:08:51,8.15,-0.01,5,4075,卖盘
2377,11:08:48,8.16,0.01,49,39984,买盘
2378,11:08:42,8.15,--,36,29340,卖盘
2379,11:08:36,8.15,--,10,8150,卖盘
2380,11:08:33,8.15,--,243,198045,卖盘
2381,11:08:30,8.15,--,78,63570,卖盘
2382,11:08:27,8.15,--,665,541975,卖盘
2383,11:08:24,8.15,-0.01,7,5705,卖盘
2384,11:08:21,8.16,--,449,366384,买盘
2385,11:08:18,8.16,0.01,110,89760,买盘
2386,11:08:15,8.15,-0.01,26,21190,卖盘
2387,11:08:12,8.16,--,10,8160,买盘
2388,11:08:09,8.16,-0.01,34,27744,卖盘
2389,11:08:06,8.17,--,3,2451,买盘
2390,11:08:03,8.17,0.01,240,196080,买盘
2391,11:08:00,8.16,--,191,155856,买盘
2392,11:07:57,8.16,--,126,102816,买盘
2393,11:07:54,8.16,--,115,93840,买盘
2394,11:07:51,8.16,--,30,24480,买盘
2395,11:07:48,8.16,--,284,231744,卖盘
2396,11:07:45,8.16,--,53,43248,卖盘
2397,11:07:42,8.16,--,548,447168,卖盘
2398,11:07:39,8.16,--,301,245616,卖盘
2399,11:07:36,8.16,--,21,17136,卖盘
2400,11:07:33,8.16,-0.01,130,106080,卖盘
2401,11:07:30,8.17,--,25,20425,买盘
2402,11:07:27,8.17,--,312,254904,买盘
2403,11:07:24,8.17,--,225,183825,买盘
2404,11:07:21,8.17,-0.01,1837,1500829,卖盘
2405,11:07:18,8.18,0.01,91,74438,买盘
2406,11:07:15,8.17,-0.01,72,58824,卖盘
2407,11:07:12,8.18,0.01,184,150512,买盘
2408,11:07:09,8.17,-0.01,53,43301,卖盘
2409,11:07:06,8.18,0.01,123,100614,买盘
2410,11:07:03,8.17,-0.01,136,111112,卖盘
2411,11:07:00,8.18,--,1,818,买盘
2412,11:06:57,8.18,--,3,2454,买盘
2413,11:06:54,8.18,--,15,12270,买盘
2414,11:06:51,8.18,--,63,51534,卖盘
2415,11:06:48,8.18,-0.01,3,2454,卖盘
2416,11:06:45,8.19,0.01,108,88452,买盘
2417,11:06:42,8.18,--,128,104704,买盘
2418,11:06:39,8.18,--,2,1636,买盘
2419,11:06:36,8.18,0.01,17,13906,买盘
2420,11:06:33,8.17,-0.01,1,817,卖盘
2421,11:06:30,8.18,--,1,818,买盘
2422,11:06:27,8.18,--,2,1636,买盘
2423,11:06:24,8.18,-0.01,30,24540,中性盘
2424,11:06:21,8.19,0.01,108,88452,买盘
2425,11:06:18,8.18,--,335,274030,买盘
2426,11:06:15,8.18,-0.01,753,615954,卖盘
2427,11:06:12,8.19,0.01,161,131859,买盘
2428,11:06:09,8.18,-0.01,1,818,卖盘
2429,11:06:06,8.19,--,1,819,买盘
2430,11:06:03,8.19,--,97,79443,买盘
2431,11:05:54,8.19,--,61,49959,买盘
2432,11:05:51,8.19,0.01,4,3276,买盘
2433,11:05:48,8.18,--,201,164418,卖盘
2434,11:05:45,8.18,-0.01,92,75256,卖盘
2435,11:05:42,8.19,0.01,2,1638,买盘
2436,11:05:39,8.18,--,32,26176,卖盘
2437,11:05:33,8.18,-0.01,179,146422,卖盘
2438,11:05:30,8.19,--,21,17199,买盘
2439,11:05:27,8.19,--,83,67977,买盘
2440,11:05:24,8.19,--,17,13923,买盘
2441,11:05:21,8.19,--,11,9009,买盘
2442,11:05:18,8.19,--,1,819,买盘
2443,11:05:15,8.19,--,28,22932,买盘
2444,11:05:12,8.19,0.01,100,81900,买盘
2445,11:05:09,8.18,--,2,1636,卖盘
2446,11:05:03,8.18,--,130,106340,卖盘
2447,11:04:57,8.18,-0.01,7,5726,卖盘
2448,11:04:54,8.19,0.01,15,12285,买盘
2449,11:04:51,8.18,-0.01,43,35174,卖盘
2450,11:04:48,8.19,--,61,49959,买盘
2451,11:04:39,8.19,0.01,1,819,买盘
2452,11:04:33,8.18,-0.01,19,15542,卖盘
2453,11:04:27,8.19,0.01,109,89271,买盘
2454,11:04:24,8.18,-0.01,54,44172,卖盘
2455,11:04:21,8.19,0.01,1,819,买盘
2456,11:04:18,8.18,--,50,40900,卖盘
2457,11:04:15,8.18,-0.01,49,40082,卖盘
2458,11:04:12,8.19,0.01,2,1638,买盘
2459,11:04:09,8.18,--,56,45808,卖盘
2460,11:04:06,8.18,-0.01,32,26176,卖盘
2461,11:04:03,8.19,--,161,131859,买盘
2462,11:04:00,8.19,0.01,50,40950,买盘
2463,11:03:54,8.18,--,65,53170,卖盘
2464,11:03:48,8.18,--,22,17996,卖盘
2465,11:03:45,8.18,--,46,37628,卖盘
2466,11:03:42,8.18,--,2,1636,卖盘
2467,11:03:39,8.18,-0.01,1,818,卖盘
2468,11:03:36,8.19,0.01,9,7371,买盘
2469,11:03:30,8.18,-0.01,1000,818000,卖盘
2470,11:03:27,8.19,--,24,19656,买盘
2471,11:03:24,8.19,--,1,819,买盘
2472,11:03:21,8.19,--,6,4914,买盘
2473,11:03:18,8.19,--,16,13104,卖盘
2474,11:03:15,8.19,--,34,27846,卖盘
2475,11:03:12,8.19,--,75,61424,卖盘
2476,11:03:09,8.19,--,2,1638,卖盘
2477,11:03:06,8.19,-0.01,19,15560,卖盘
2478,11:03:03,8.2,--,203,166460,买盘
2479,11:03:00,8.2,--,4,3279,买盘
2480,11:02:54,8.2,-0.01,206,168919,卖盘
2481,11:02:51,8.21,--,21,17241,买盘
2482,11:02:48,8.21,--,3,2463,买盘
2483,11:02:39,8.21,0.01,17,13957,买盘
2484,11:02:36,8.2,-0.02,31,25419,卖盘
2485,11:02:33,8.22,0.01,35,28770,买盘
2486,11:02:30,8.21,--,1,821,卖盘
2487,11:02:27,8.21,--,21,17241,卖盘
2488,11:02:24,8.21,--,15,12315,卖盘
2489,11:02:21,8.21,-0.01,16,13136,卖盘
2490,11:02:18,8.22,0.01,33,27126,买盘
2491,11:02:12,8.21,--,1,821,卖盘
2492,11:02:09,8.21,-0.01,13,10673,卖盘
2493,11:02:06,8.22,--,84,69048,买盘
2494,11:02:03,8.22,--,106,87132,买盘
2495,11:02:00,8.22,0.01,16,13152,买盘
2496,11:01:57,8.21,-0.01,212,174052,卖盘
2497,11:01:54,8.22,0.01,161,132342,买盘
2498,11:01:51,8.21,--,100,82100,卖盘
2499,11:01:48,8.21,--,50,41050,卖盘
2500,11:01:45,8.21,--,1,821,卖盘
2501,11:01:42,8.21,--,2,1642,卖盘
2502,11:01:39,8.21,--,51,41871,卖盘
2503,11:01:36,8.21,0.01,204,167484,买盘
2504,11:01:30,8.2,-0.01,5,4100,卖盘
2505,11:01:24,8.21,--,10,8210,买盘
2506,11:01:21,8.21,--,2,1642,买盘
2507,11:01:18,8.21,0.01,5,4105,买盘
2508,11:01:15,8.2,-0.01,41,33620,卖盘
2509,11:01:12,8.21,0.01,46,37766,买盘
2510,11:01:09,8.2,-0.01,209,171871,卖盘
2511,11:01:06,8.21,0.01,94,77174,买盘
2512,11:01:03,8.2,--,102,83640,卖盘
2513,11:01:00,8.2,--,2,1639,卖盘
2514,11:00:57,8.2,-0.01,42,34440,卖盘
2515,11:00:54,8.21,--,24,19704,买盘
2516,11:00:51,8.21,0.01,63,51723,买盘
2517,11:00:48,8.2,-0.01,15,12299,卖盘
2518,11:00:45,8.21,0.01,10,8210,买盘
2519,11:00:42,8.2,-0.01,263,215659,卖盘
2520,11:00:33,8.21,0.01,1,821,买盘
2521,11:00:30,8.2,-0.01,1,819,卖盘
2522,11:00:27,8.21,--,15,12315,买盘
2523,11:00:24,8.21,--,15,12315,买盘
2524,11:00:21,8.21,--,1,821,买盘
2525,11:00:15,8.21,0.01,2,1642,买盘
2526,11:00:12,8.2,--,102,83640,卖盘
2527,11:00:09,8.2,-0.01,19,15579,卖盘
2528,11:00:06,8.21,--,84,68964,买盘
2529,11:00:03,8.21,0.01,99,81279,买盘
2530,11:00:00,8.2,-0.01,20,16400,买盘
2531,10:59:54,8.21,0.02,23,18883,买盘
2532,10:59:51,8.19,-0.01,9,7371,卖盘
2533,10:59:48,8.2,0.01,404,331280,买盘
2534,10:59:45,8.19,-0.01,4,3276,卖盘
2535,10:59:39,8.2,--,44,36080,买盘
2536,10:59:36,8.2,0.02,42,34440,买盘
2537,10:59:33,8.18,-0.01,32,26176,卖盘
2538,10:59:27,8.19,--,42,34398,买盘
2539,10:59:24,8.19,--,12,9828,买盘
2540,10:59:21,8.19,--,30,24570,买盘
2541,10:59:15,8.19,-0.01,76,62243,卖盘
2542,10:59:12,8.2,0.01,106,86919,买盘
2543,10:59:09,8.19,-0.01,2,1638,卖盘
2544,10:59:06,8.2,0.01,8,6559,买盘
2545,10:59:03,8.19,--,105,85995,卖盘
2546,10:59:00,8.19,-0.01,7,5733,卖盘
2547,10:58:57,8.2,--,4,3279,买盘
2548,10:58:54,8.2,0.01,15,12299,买盘
2549,10:58:51,8.19,--,3,2457,卖盘
2550,10:58:48,8.19,--,9,7371,买盘
2551,10:58:45,8.19,0.01,61,49959,买盘
2552,10:58:42,8.18,--,3,2454,卖盘
2553,10:58:39,8.18,-0.01,42,34356,卖盘
2554,10:58:33,8.19,--,16,13104,买盘
2555,10:58:30,8.19,--,30,24570,买盘
2556,10:58:24,8.19,--,10,8189,买盘
2557,10:58:21,8.19,--,71,58149,买盘
2558,10:58:18,8.19,--,201,164619,买盘
2559,10:58:12,8.19,0.01,84,68796,买盘
2560,10:58:09,8.18,-0.01,2,1636,卖盘
2561,10:58:06,8.19,--,10,8189,买盘
2562,10:58:03,8.19,--,123,100737,买盘
2563,10:58:00,8.19,0.01,3,2457,买盘
2564,10:57:54,8.18,-0.01,66,53988,卖盘
2565,10:57:48,8.19,--,12,9828,买盘
2566,10:57:45,8.19,--,769,629811,卖盘
2567,10:57:39,8.19,--,9,7371,卖盘
2568,10:57:33,8.19,-0.01,3,2457,卖盘
2569,10:57:30,8.2,0.02,1,819,买盘
2570,10:57:27,8.18,-0.01,169,138242,卖盘
2571,10:57:24,8.19,-0.01,5,4094,中性盘
2572,10:57:18,8.2,0.01,15,12299,买盘
2573,10:57:15,8.19,--,26,21294,买盘
2574,10:57:12,8.19,--,65,53235,卖盘
2575,10:57:09,8.19,0.01,6,4914,中性盘
2576,10:57:06,8.18,-0.01,233,190594,卖盘
2577,10:57:03,8.19,0.01,122,99918,买盘
2578,10:57:00,8.18,-0.01,77,62986,卖盘
2579,10:56:57,8.19,--,1,819,买盘
2580,10:56:54,8.19,--,46,37674,买盘
2581,10:56:51,8.19,--,121,99099,买盘
2582,10:56:48,8.19,--,42,34398,买盘
2583,10:56:45,8.19,--,9,7371,买盘
2584,10:56:42,8.19,--,557,456183,卖盘
2585,10:56:39,8.19,--,2,1638,卖盘
2586,10:56:36,8.19,-0.01,20,16379,卖盘
2587,10:56:33,8.2,0.01,35,28699,买盘
2588,10:56:30,8.19,-0.01,51,41769,卖盘
2589,10:56:27,8.2,0.01,1,819,买盘
2590,10:56:24,8.19,-0.01,2,1638,卖盘
2591,10:56:18,8.2,--,105,86099,买盘
2592,10:56:15,8.2,0.01,134,109879,买盘
2593,10:56:12,8.19,--,37,30302,买盘
2594,10:56:09,8.19,-0.01,47,38493,卖盘
2595,10:56:06,8.2,0.01,32,26239,买盘
2596,10:56:03,8.19,--,239,195741,买盘
2597,10:56:00,8.19,--,41,33579,买盘
2598,10:55:57,8.19,--,114,93366,买盘
2599,10:55:54,8.19,0.01,105,85995,买盘
2600,10:55:48,8.18,-0.01,4,3272,卖盘
2601,10:55:45,8.19,--,157,128582,买盘
2602,10:55:42,8.19,--,3,2457,买盘
2603,10:55:39,8.19,--,71,58149,买盘
2604,10:55:36,8.19,--,2,1638,买盘
2605,10:55:33,8.19,--,1,819,买盘
2606,10:55:30,8.19,--,4,3276,买盘
2607,10:55:27,8.19,0.01,20,16379,买盘
2608,10:55:24,8.18,-0.01,7,5726,卖盘
2609,10:55:21,8.19,--,24,19656,买盘
2610,10:55:18,8.19,0.01,2,1638,买盘
2611,10:55:15,8.18,--,110,89980,卖盘
2612,10:55:12,8.18,-0.01,13,10634,卖盘
2613,10:55:09,8.19,0.01,30,24570,买盘
2614,10:55:06,8.18,-0.01,6,4908,卖盘
2615,10:55:03,8.19,0.01,306,250613,买盘
2616,10:55:00,8.18,-0.01,406,332108,卖盘
2617,10:54:57,8.19,--,73,59787,买盘
2618,10:54:54,8.19,0.01,17,13923,买盘
2619,10:54:51,8.18,--,118,96524,卖盘
2620,10:54:48,8.18,-0.01,42,34356,卖盘
2621,10:54:45,8.19,0.01,132,108108,买盘
2622,10:54:42,8.18,-0.01,47,38446,卖盘
2623,10:54:39,8.19,0.01,19,15560,买盘
2624,10:54:36,8.18,--,24,19632,卖盘
2625,10:54:30,8.18,-0.01,1,818,卖盘
2626,10:54:27,8.19,--,46,37674,买盘
2627,10:54:24,8.19,--,5,4094,买盘
2628,10:54:21,8.19,0.01,16,13104,买盘
2629,10:54:18,8.18,-0.01,4,3272,卖盘
2630,10:54:15,8.19,--,2,1638,买盘
2631,10:54:12,8.19,0.01,1,819,买盘
2632,10:54:09,8.18,--,304,248672,卖盘
2633,10:54:06,8.18,-0.01,11,8998,卖盘
2634,10:54:03,8.19,--,96,78624,买盘
2635,10:54:00,8.19,0.01,102,83538,买盘
2636,10:53:57,8.18,--,63,51534,卖盘
2637,10:53:54,8.18,-0.01,22,17996,卖盘
2638,10:53:51,8.19,--,42,34398,买盘
2639,10:53:48,8.19,0.01,12,9828,买盘
2640,10:53:45,8.18,--,2,1636,卖盘
2641,10:53:42,8.18,-0.01,1,818,卖盘
2642,10:53:39,8.19,-0.01,301,246518,卖盘
2643,10:53:36,8.2,--,2,1639,买盘
2644,10:53:30,8.2,0.01,48,39360,买盘
2645,10:53:24,8.19,-0.01,1,819,卖盘
2646,10:53:21,8.2,0.01,66,54119,买盘
2647,10:53:18,8.19,--,431,352989,买盘
2648,10:53:12,8.19,-0.01,269,220311,卖盘
2649,10:53:09,8.2,--,6,4920,买盘
2650,10:53:06,8.2,--,2,1639,买盘
2651,10:53:03,8.2,0.01,100,82000,买盘
2652,10:53:00,8.19,--,4,3276,卖盘
2653,10:52:54,8.19,-0.01,64,52416,卖盘
2654,10:52:51,8.2,0.01,50,41000,买盘
2655,10:52:48,8.19,--,52,42588,买盘
2656,10:52:45,8.19,0.01,32,26208,买盘
2657,10:52:42,8.18,--,18,14724,卖盘
2658,10:52:39,8.18,--,84,68712,卖盘
2659,10:52:36,8.18,-0.01,1,818,卖盘
2660,10:52:33,8.19,0.01,10,8189,买盘
2661,10:52:30,8.18,-0.01,1,818,卖盘
2662,10:52:27,8.19,--,34,27846,卖盘
2663,10:52:24,8.19,--,115,94185,买盘
2664,10:52:21,8.19,--,466,381654,买盘
2665,10:52:15,8.19,--,4,3276,买盘
2666,10:52:12,8.19,--,28,22932,买盘
2667,10:52:09,8.19,--,16,13104,买盘
2668,10:52:06,8.19,-0.01,5,4094,卖盘
2669,10:52:03,8.2,0.01,97,79540,买盘
2670,10:52:00,8.19,--,24,19656,买盘
2671,10:51:57,8.19,-0.01,2,1638,中性盘
2672,10:51:51,8.2,0.01,60,49199,买盘
2673,10:51:48,8.19,0.01,125,102375,买盘
2674,10:51:45,8.18,--,11,8998,卖盘
2675,10:51:42,8.18,-0.01,2,1636,卖盘
2676,10:51:39,8.19,--,25,20475,买盘
2677,10:51:36,8.19,--,13,10647,买盘
2678,10:51:33,8.19,0.01,65,53235,买盘
2679,10:51:30,8.18,-0.01,13,10634,卖盘
2680,10:51:27,8.19,--,507,415233,卖盘
2681,10:51:24,8.19,-0.01,1,819,卖盘
2682,10:51:21,8.2,--,1,819,买盘
2683,10:51:18,8.2,--,45,36900,买盘
2684,10:51:15,8.2,--,45,36900,买盘
2685,10:51:09,8.2,-0.02,4,3279,中性盘
2686,10:51:06,8.22,0.02,601,494022,买盘
2687,10:51:03,8.2,0.01,98,80360,买盘
2688,10:51:00,8.19,-0.01,1,819,卖盘
2689,10:50:57,8.2,--,65,53299,买盘
2690,10:50:54,8.2,--,17,13939,买盘
2691,10:50:51,8.2,--,1,819,买盘
2692,10:50:48,8.2,0.01,57,46739,买盘
2693,10:50:45,8.19,--,24,19656,卖盘
2694,10:50:42,8.19,-0.01,109,89271,卖盘
2695,10:50:39,8.2,0.01,78,63959,买盘
2696,10:50:36,8.19,-0.01,1,819,卖盘
2697,10:50:33,8.2,0.01,1,819,买盘
2698,10:50:30,8.19,-0.01,1,819,卖盘
2699,10:50:27,8.2,-0.01,410,336199,中性盘
2700,10:50:24,8.21,0.01,34,27914,买盘
2701,10:50:21,8.2,-0.01,58,47559,卖盘
2702,10:50:18,8.21,--,102,83742,买盘
2703,10:50:15,8.21,--,7,5747,买盘
2704,10:50:12,8.21,--,4,3284,买盘
2705,10:50:09,8.21,--,7,5747,买盘
2706,10:50:03,8.21,--,142,116582,买盘
2707,10:50:00,8.21,--,5,4105,买盘
2708,10:49:57,8.21,0.01,53,43513,买盘
2709,10:49:54,8.2,-0.01,99,81180,卖盘
2710,10:49:51,8.21,0.01,74,60754,买盘
2711,10:49:48,8.2,--,5,4100,卖盘
2712,10:49:45,8.2,--,3,2460,卖盘
2713,10:49:42,8.2,-0.01,18,14759,卖盘
2714,10:49:39,8.21,0.01,2,1642,买盘
2715,10:49:36,8.2,--,190,155800,买盘
2716,10:49:33,8.2,0.01,57,46739,买盘
2717,10:49:30,8.19,-0.01,34,27846,卖盘
2718,10:49:27,8.2,--,17,13939,卖盘
2719,10:49:24,8.2,-0.01,63,51659,卖盘
2720,10:49:21,8.21,--,2,1642,买盘
2721,10:49:15,8.21,--,57,46797,买盘
2722,10:49:09,8.21,0.01,111,91131,买盘
2723,10:49:06,8.2,--,2,1639,买盘
2724,10:49:03,8.2,--,150,122999,买盘
2725,10:49:00,8.2,0.01,156,127919,买盘
2726,10:48:57,8.19,--,25,20475,卖盘
2727,10:48:54,8.19,-0.02,121,99099,卖盘
2728,10:48:51,8.21,0.02,44,36124,买盘
2729,10:48:48,8.19,-0.01,30,24570,卖盘
2730,10:48:45,8.2,--,3,2460,买盘
2731,10:48:42,8.2,--,6,4920,买盘
2732,10:48:39,8.2,0.01,132,108239,买盘
2733,10:48:36,8.19,-0.01,1,819,卖盘
2734,10:48:33,8.2,0.01,2,1639,买盘
2735,10:48:30,8.19,-0.01,15,12285,卖盘
2736,10:48:27,8.2,--,118,96759,买盘
2737,10:48:21,8.2,--,40,32800,买盘
2738,10:48:18,8.2,--,105,86099,买盘
2739,10:48:15,8.2,--,8,6559,买盘
2740,10:48:12,8.2,--,6,4920,买盘
2741,10:48:09,8.2,--,12,9840,买盘
2742,10:48:06,8.2,--,12,9840,买盘
2743,10:48:03,8.2,--,227,186139,买盘
2744,10:48:00,8.2,--,13,10659,买盘
2745,10:47:57,8.2,--,1,819,买盘
2746,10:47:54,8.2,--,20,16400,买盘
2747,10:47:51,8.2,--,11,9020,买盘
2748,10:47:45,8.2,--,10,8200,买盘
2749,10:47:42,8.2,0.01,2301,1886819,买盘
2750,10:47:39,8.19,--,45,36855,买盘
2751,10:47:33,8.19,--,44,36036,买盘
2752,10:47:30,8.19,--,65,53235,买盘
2753,10:47:27,8.19,--,50,40950,买盘
2754,10:47:24,8.19,--,8,6552,买盘
2755,10:47:21,8.19,--,2,1638,买盘
2756,10:47:18,8.19,--,11,9009,买盘
2757,10:47:15,8.19,--,9,7371,买盘
2758,10:47:09,8.19,0.01,5,4094,买盘
2759,10:47:06,8.18,-0.02,13,10634,卖盘
2760,10:47:03,8.2,0.02,201,164820,买盘
2761,10:47:00,8.18,-0.01,46,37628,卖盘
2762,10:46:57,8.19,--,79,64700,买盘
2763,10:46:54,8.19,--,58,47502,买盘
2764,10:46:51,8.19,0.01,328,268632,买盘
2765,10:46:48,8.18,-0.01,300,245400,卖盘
2766,10:46:45,8.19,--,5,4094,买盘
2767,10:46:39,8.19,--,48,39312,买盘
2768,10:46:36,8.19,0.01,53,43407,买盘
2769,10:46:33,8.18,-0.01,358,292844,卖盘
2770,10:46:30,8.19,--,2,1638,买盘
2771,10:46:27,8.19,0.01,42,34398,买盘
2772,10:46:24,8.18,-0.01,43,35174,卖盘
2773,10:46:21,8.19,0.01,2,1638,买盘
2774,10:46:18,8.18,--,56,45808,卖盘
2775,10:46:15,8.18,--,9,7362,卖盘
2776,10:46:12,8.18,-0.01,44,35992,卖盘
2777,10:46:09,8.19,0.01,39,31940,买盘
2778,10:46:06,8.18,--,55,44990,买盘
2779,10:46:03,8.18,--,285,233130,买盘
2780,10:46:00,8.18,--,31,25358,买盘
2781,10:45:57,8.18,--,63,51534,买盘
2782,10:45:54,8.18,--,27,22086,买盘
2783,10:45:51,8.18,0.01,98,80164,买盘
2784,10:45:48,8.17,--,71,58007,卖盘
2785,10:45:45,8.17,-0.01,22,17974,卖盘
2786,10:45:42,8.18,--,23,18814,买盘
2787,10:45:39,8.18,-0.01,135,110430,卖盘
2788,10:45:36,8.19,--,66,54054,买盘
2789,10:45:33,8.19,0.01,256,209664,买盘
2790,10:45:30,8.18,--,97,79346,卖盘
2791,10:45:27,8.18,-0.01,2,1636,卖盘
2792,10:45:24,8.19,0.01,2,1638,买盘
2793,10:45:21,8.18,-0.01,42,34356,卖盘
2794,10:45:15,8.19,--,105,85995,买盘
2795,10:45:12,8.19,0.01,4,3276,买盘
2796,10:45:09,8.18,-0.01,495,404910,卖盘
2797,10:45:03,8.19,--,104,85176,买盘
2798,10:45:00,8.19,--,81,66339,买盘
2799,10:44:54,8.19,--,17,13923,买盘
2800,10:44:51,8.19,--,52,42588,买盘
2801,10:44:48,8.19,--,122,99918,买盘
2802,10:44:45,8.19,--,13,10647,买盘
2803,10:44:42,8.19,--,358,293202,卖盘
2804,10:44:39,8.19,--,55,45045,卖盘
2805,10:44:36,8.19,--,16,13104,卖盘
2806,10:44:30,8.19,--,108,88452,卖盘
2807,10:44:27,8.19,--,115,94185,卖盘
2808,10:44:21,8.19,--,127,104013,卖盘
2809,10:44:18,8.19,-0.01,214,175266,卖盘
2810,10:44:15,8.2,0.01,1,819,买盘
2811,10:44:12,8.19,--,89,72891,卖盘
2812,10:44:09,8.19,-0.01,2,1638,卖盘
2813,10:44:06,8.2,--,152,124639,买盘
2814,10:44:03,8.2,0.01,108,88559,买盘
2815,10:44:00,8.19,--,31,25389,卖盘
2816,10:43:57,8.19,-0.01,38,31121,卖盘
2817,10:43:54,8.2,--,28,22959,买盘
2818,10:43:51,8.2,--,108,88559,买盘
2819,10:43:48,8.2,-0.01,127,104139,卖盘
2820,10:43:45,8.21,0.01,52,42692,买盘
2821,10:43:42,8.2,--,10,8200,卖盘
2822,10:43:39,8.2,-0.01,585,479699,卖盘
2823,10:43:36,8.21,0.01,71,58291,买盘
2824,10:43:33,8.2,--,738,605160,卖盘
2825,10:43:30,8.2,--,31,25419,卖盘
2826,10:43:27,8.2,-0.01,85,69700,卖盘
2827,10:43:24,8.21,--,3,2463,买盘
2828,10:43:21,8.21,--,159,130539,买盘
2829,10:43:18,8.21,--,65,53365,卖盘
2830,10:43:15,8.21,--,4,3284,卖盘
2831,10:43:12,8.21,--,143,117403,卖盘
2832,10:43:09,8.21,--,96,78816,卖盘
2833,10:43:03,8.21,-0.01,121,99341,卖盘
2834,10:43:00,8.22,--,78,64116,买盘
2835,10:42:54,8.22,--,83,68226,买盘
2836,10:42:51,8.22,0.01,50,41100,买盘
2837,10:42:48,8.21,--,112,91952,卖盘
2838,10:42:45,8.21,--,10,8210,卖盘
2839,10:42:39,8.21,--,37,30377,卖盘
2840,10:42:36,8.21,--,7,5747,卖盘
2841,10:42:33,8.21,--,143,117403,卖盘
2842,10:42:30,8.21,-0.01,1,821,卖盘
2843,10:42:24,8.22,0.01,8,6576,买盘
2844,10:42:21,8.21,--,57,46797,卖盘
2845,10:42:18,8.21,--,95,77995,卖盘
2846,10:42:15,8.21,-0.01,56,45976,卖盘
2847,10:42:12,8.22,0.01,71,58362,买盘
2848,10:42:09,8.21,--,92,75532,卖盘
2849,10:42:06,8.21,-0.01,2,1642,卖盘
2850,10:42:03,8.22,0.01,97,79734,买盘
2851,10:42:00,8.21,--,23,18883,卖盘
2852,10:41:57,8.21,-0.01,51,41871,卖盘
2853,10:41:54,8.22,--,46,37812,买盘
2854,10:41:51,8.22,0.01,12,9864,买盘
2855,10:41:48,8.21,--,2,1642,卖盘
2856,10:41:45,8.21,--,1,821,卖盘
2857,10:41:42,8.21,--,109,89489,卖盘
2858,10:41:39,8.21,--,44,36124,卖盘
2859,10:41:36,8.21,--,32,26272,卖盘
2860,10:41:33,8.21,-0.01,30,24630,卖盘
2861,10:41:24,8.22,0.01,22,18084,买盘
2862,10:41:21,8.21,--,1,821,卖盘
2863,10:41:18,8.21,-0.01,2,1642,卖盘
2864,10:41:09,8.22,0.01,5,4110,买盘
2865,10:41:06,8.21,-0.01,12,9852,卖盘
2866,10:41:03,8.22,0.01,97,79734,买盘
2867,10:41:00,8.21,-0.01,301,247121,卖盘
2868,10:40:57,8.22,--,1,822,买盘
2869,10:40:54,8.22,-0.01,36,29592,中性盘
2870,10:40:51,8.23,0.01,149,122627,买盘
2871,10:40:48,8.22,--,69,56718,买盘
2872,10:40:42,8.22,--,160,131520,买盘
2873,10:40:39,8.22,0.01,5,4110,买盘
2874,10:40:36,8.21,--,31,25451,卖盘
2875,10:40:33,8.21,--,155,127255,卖盘
2876,10:40:30,8.21,-0.01,1,821,卖盘
2877,10:40:27,8.22,--,27,22194,买盘
2878,10:40:21,8.22,--,30,24660,卖盘
2879,10:40:18,8.22,--,60,49320,卖盘
2880,10:40:12,8.22,--,46,37812,卖盘
2881,10:40:09,8.22,--,5,4110,卖盘
2882,10:40:06,8.22,--,6,4932,买盘
2883,10:40:03,8.22,--,106,87132,买盘
2884,10:40:00,8.22,--,12,9864,买盘
2885,10:39:57,8.22,--,7,5754,买盘
2886,10:39:54,8.22,--,60,49320,买盘
2887,10:39:51,8.22,--,255,209610,买盘
2888,10:39:48,8.22,--,61,50142,买盘
2889,10:39:45,8.22,--,323,265506,买盘
2890,10:39:42,8.22,0.01,6,4932,买盘
2891,10:39:36,8.21,-0.01,56,45976,卖盘
2892,10:39:33,8.22,0.01,1,822,买盘
2893,10:39:30,8.21,-0.01,88,72248,卖盘
2894,10:39:21,8.22,0.01,55,45210,买盘
2895,10:39:18,8.21,-0.01,1,821,卖盘
2896,10:39:15,8.22,--,72,59184,买盘
2897,10:39:12,8.22,0.01,25,20550,买盘
2898,10:39:09,8.21,--,2,1642,卖盘
2899,10:39:06,8.21,-0.01,2,1642,卖盘
2900,10:39:03,8.22,--,98,80556,买盘
2901,10:39:00,8.22,--,31,25482,买盘
2902,10:38:57,8.22,0.01,12,9864,买盘
2903,10:38:54,8.21,-0.01,80,65680,卖盘
2904,10:38:51,8.22,--,19,15618,买盘
2905,10:38:48,8.22,0.01,31,25482,买盘
2906,10:38:39,8.21,--,44,36124,卖盘
2907,10:38:36,8.21,--,2,1642,卖盘
2908,10:38:33,8.21,-0.01,311,255331,卖盘
2909,10:38:30,8.22,0.01,3,2466,买盘
2910,10:38:27,8.21,--,41,33661,卖盘
2911,10:38:24,8.21,--,5,4105,中性盘
2912,10:38:15,8.21,--,171,140391,买盘
2913,10:38:12,8.21,--,152,124792,买盘
2914,10:38:09,8.21,0.01,20,16420,买盘
