,time,price,change,volume,amount,type
0,15:00:03,13.2,0.02,11993,15830760,买盘
1,14:57:00,13.18,--,75,98850,卖盘
2,14:56:57,13.18,--,570,751260,卖盘
3,14:56:54,13.18,--,3791,4996538,买盘
4,14:56:51,13.18,--,113,149184,买盘
5,14:56:48,13.18,0.01,110,144980,买盘
6,14:56:45,13.17,-0.01,420,553140,卖盘
7,14:56:42,13.18,0.01,115,151570,买盘
8,14:56:39,13.17,--,165,217305,卖盘
9,14:56:36,13.17,-0.01,297,391149,中性盘
10,14:56:33,13.18,0.01,404,532472,买盘
11,14:56:30,13.17,--,1854,2441718,卖盘
12,14:56:27,13.17,--,1753,2308701,买盘
13,14:56:24,13.17,--,286,376662,卖盘
14,14:56:21,13.17,0.01,128,168576,买盘
15,14:56:18,13.16,-0.01,214,282150,卖盘
16,14:56:15,13.17,0.01,2150,2832669,买盘
17,14:56:12,13.16,--,63,82908,卖盘
18,14:56:09,13.16,--,505,664580,买盘
19,14:56:06,13.16,--,112,147392,买盘
20,14:56:03,13.16,-0.01,539,709324,卖盘
21,14:56:00,13.17,0.01,373,491241,买盘
22,14:55:57,13.16,--,420,552720,卖盘
23,14:55:54,13.16,--,70,92120,卖盘
24,14:55:51,13.16,--,342,450072,卖盘
25,14:55:48,13.16,0.01,740,973840,买盘
26,14:55:45,13.15,-0.01,1261,1658215,卖盘
27,14:55:42,13.16,0.01,491,646156,买盘
28,14:55:39,13.15,-0.01,147,193305,卖盘
29,14:55:36,13.16,0.01,220,289520,买盘
30,14:55:33,13.15,-0.01,106,139390,卖盘
31,14:55:30,13.16,0.01,111,146076,买盘
32,14:55:27,13.15,--,121,159115,卖盘
33,14:55:24,13.15,--,225,295875,买盘
34,14:55:21,13.15,-0.01,430,565450,卖盘
35,14:55:18,13.16,--,398,523768,买盘
36,14:55:15,13.16,--,244,321104,买盘
37,14:55:12,13.16,0.01,312,410592,买盘
38,14:55:09,13.15,-0.01,166,218290,卖盘
39,14:55:06,13.16,--,387,509292,买盘
40,14:55:03,13.16,0.01,303,398748,买盘
41,14:55:00,13.15,--,2013,2647095,卖盘
42,14:54:57,13.15,--,227,298505,卖盘
43,14:54:54,13.15,--,207,272205,卖盘
44,14:54:51,13.15,--,396,520740,卖盘
45,14:54:48,13.15,-0.01,475,624625,卖盘
46,14:54:45,13.16,0.01,129,169764,买盘
47,14:54:42,13.15,-0.01,122,160430,卖盘
48,14:54:39,13.16,--,231,303996,买盘
49,14:54:36,13.16,--,372,489552,买盘
50,14:54:33,13.16,--,106,139496,买盘
51,14:54:30,13.16,--,711,935676,卖盘
52,14:54:27,13.16,--,217,285572,卖盘
53,14:54:24,13.16,--,232,305312,买盘
54,14:54:21,13.16,-0.01,185,243460,卖盘
55,14:54:18,13.17,0.02,1386,1825362,买盘
56,14:54:15,13.15,-0.02,489,643824,卖盘
57,14:54:12,13.17,0.01,925,1218225,买盘
58,14:54:09,13.16,-0.01,88,115808,卖盘
59,14:54:06,13.17,0.01,332,437244,买盘
60,14:54:03,13.16,--,291,382956,卖盘
61,14:54:00,13.16,--,503,662474,买盘
62,14:53:57,13.16,--,223,293468,买盘
63,14:53:54,13.16,--,934,1229144,买盘
64,14:53:51,13.16,0.01,429,564564,买盘
65,14:53:48,13.15,-0.01,521,685115,卖盘
66,14:53:45,13.16,0.01,1311,1725276,买盘
67,14:53:42,13.15,0.01,34,44710,中性盘
68,14:53:39,13.14,--,2416,3174624,卖盘
69,14:53:36,13.14,0.01,7097,9325458,买盘
70,14:53:33,13.13,--,714,937482,买盘
71,14:53:30,13.13,--,918,1205334,买盘
72,14:53:27,13.13,--,9,11817,买盘
73,14:53:24,13.13,0.01,362,475306,买盘
74,14:53:21,13.12,0.01,1527,2003961,买盘
75,14:53:18,13.11,-0.01,747,979317,卖盘
76,14:53:15,13.12,0.01,1061,1392032,买盘
77,14:53:12,13.11,--,340,445740,卖盘
78,14:53:09,13.11,0.01,95,124545,买盘
79,14:53:06,13.1,--,68,89080,卖盘
80,14:53:03,13.1,--,263,344530,买盘
81,14:53:00,13.1,0.01,167,218770,买盘
82,14:52:57,13.09,--,5794,7584346,卖盘
83,14:52:54,13.09,-0.01,75,98175,卖盘
84,14:52:51,13.1,0.01,8,10480,买盘
85,14:52:48,13.09,--,66,86394,卖盘
86,14:52:45,13.09,--,1235,1616615,卖盘
87,14:52:42,13.09,--,387,506583,卖盘
88,14:52:39,13.09,--,226,295834,卖盘
89,14:52:36,13.09,--,52,68068,卖盘
90,14:52:30,13.09,--,146,191114,卖盘
91,14:52:27,13.09,0.01,189,247401,买盘
92,14:52:24,13.08,--,2173,2842284,卖盘
93,14:52:21,13.08,--,61,79788,卖盘
94,14:52:18,13.08,--,37,48396,卖盘
95,14:52:15,13.08,-0.01,90,117720,卖盘
96,14:52:12,13.09,0.01,130,170170,买盘
97,14:52:09,13.08,-0.01,929,1215132,卖盘
98,14:52:06,13.09,0.01,123,161007,买盘
99,14:52:03,13.08,-0.01,54,70632,卖盘
100,14:52:00,13.09,--,230,301070,买盘
101,14:51:57,13.09,--,15,19635,买盘
102,14:51:54,13.09,0.01,173,226457,买盘
103,14:51:51,13.08,-0.01,361,472188,卖盘
104,14:51:48,13.09,--,100,130900,买盘
105,14:51:45,13.09,0.01,11,14399,买盘
106,14:51:42,13.08,-0.01,11,14388,卖盘
107,14:51:39,13.09,--,67,87703,买盘
108,14:51:33,13.09,--,30,39270,买盘
109,14:51:30,13.09,--,42,54978,买盘
110,14:51:27,13.09,0.01,26,34034,买盘
111,14:51:24,13.08,--,70,91560,卖盘
112,14:51:21,13.08,--,25,32700,卖盘
113,14:51:18,13.08,--,325,425100,买盘
114,14:51:12,13.08,--,52,68016,买盘
115,14:51:06,13.08,0.01,177,231516,买盘
116,14:51:03,13.07,--,25,32675,卖盘
117,14:51:00,13.07,-0.02,308,402556,卖盘
118,14:50:57,13.09,0.01,29,37961,买盘
119,14:50:54,13.08,--,268,350544,卖盘
120,14:50:51,13.08,--,165,215820,卖盘
121,14:50:48,13.08,--,264,345312,卖盘
122,14:50:45,13.08,--,20,26160,卖盘
123,14:50:42,13.08,--,100,130800,卖盘
124,14:50:39,13.08,-0.01,123,160884,卖盘
125,14:50:36,13.09,--,58,75922,买盘
126,14:50:30,13.09,--,15,19635,买盘
127,14:50:27,13.09,--,140,183260,买盘
128,14:50:24,13.09,--,47,61523,买盘
129,14:50:21,13.09,--,8,10472,买盘
130,14:50:15,13.09,-0.01,140,183260,卖盘
131,14:50:12,13.1,0.01,98,128380,买盘
132,14:50:09,13.09,--,85,111265,卖盘
133,14:50:06,13.09,--,875,1145375,卖盘
134,14:50:03,13.09,--,35,45815,卖盘
135,14:50:00,13.09,--,320,418880,卖盘
136,14:49:57,13.09,-0.01,117,153153,卖盘
137,14:49:54,13.1,0.01,68,89080,买盘
138,14:49:48,13.09,-0.01,112,146608,中性盘
139,14:49:45,13.1,0.01,67,87770,买盘
140,14:49:42,13.09,--,60,78540,卖盘
141,14:49:39,13.09,-0.01,86,112574,卖盘
142,14:49:36,13.1,0.01,65,85150,买盘
143,14:49:33,13.09,--,146,191114,卖盘
144,14:49:27,13.09,0.01,255,333795,买盘
145,14:49:24,13.08,-0.01,34,44472,卖盘
146,14:49:21,13.09,--,152,198968,卖盘
147,14:49:18,13.09,--,50,65450,卖盘
148,14:49:15,13.09,--,33,43197,卖盘
149,14:49:12,13.09,--,22,28798,卖盘
150,14:49:09,13.09,--,53,69377,卖盘
151,14:49:06,13.09,--,24,31416,中性盘
152,14:49:03,13.09,0.01,30,39270,买盘
153,14:49:00,13.08,-0.01,50,65400,卖盘
154,14:48:57,13.09,0.01,294,384846,买盘
155,14:48:54,13.08,-0.01,29,37932,卖盘
156,14:48:51,13.09,-0.01,123,161007,买盘
157,14:48:48,13.1,0.01,150,196500,买盘
158,14:48:45,13.09,--,34,44506,卖盘
159,14:48:42,13.09,-0.01,13,17017,卖盘
160,14:48:39,13.1,0.01,18,23580,买盘
161,14:48:36,13.09,--,4,5236,卖盘
162,14:48:33,13.09,0.01,520,680680,买盘
163,14:48:30,13.08,-0.01,37,48396,卖盘
164,14:48:27,13.09,--,51,66759,买盘
165,14:48:24,13.09,0.01,43,56287,买盘
166,14:48:21,13.08,-0.01,14,18312,卖盘
167,14:48:18,13.09,--,194,253946,卖盘
168,14:48:15,13.09,-0.01,316,413644,卖盘
169,14:48:09,13.1,--,130,170300,买盘
170,14:48:06,13.1,--,17,22270,买盘
171,14:48:03,13.1,--,152,200299,买盘
172,14:48:00,13.1,0.01,158,206980,买盘
173,14:47:57,13.09,--,544,712096,卖盘
174,14:47:54,13.09,--,10,13220,卖盘
175,14:47:51,13.09,--,27,35343,卖盘
176,14:47:48,13.09,-0.01,151,197659,卖盘
177,14:47:45,13.1,--,378,495690,卖盘
178,14:47:42,13.1,--,154,201740,卖盘
179,14:47:39,13.1,--,126,165859,买盘
180,14:47:36,13.1,--,78,102180,买盘
181,14:47:33,13.1,--,12,15720,买盘
182,14:47:30,13.1,-0.01,165,216660,卖盘
183,14:47:27,13.11,0.01,39,51129,买盘
184,14:47:24,13.1,0.01,36,47959,买盘
185,14:47:21,13.09,-0.01,33,43707,卖盘
186,14:47:18,13.1,-0.01,88,115280,卖盘
187,14:47:15,13.11,--,348,456228,买盘
188,14:47:12,13.11,0.01,127,166497,买盘
189,14:47:09,13.1,--,224,293440,卖盘
190,14:47:06,13.1,-0.01,143,187330,卖盘
191,14:47:03,13.11,0.01,94,123234,买盘
192,14:47:00,13.1,--,35,45850,卖盘
193,14:46:57,13.1,--,231,302610,卖盘
194,14:46:54,13.1,0.01,1377,1804669,买盘
195,14:46:51,13.09,-0.01,320,418880,卖盘
196,14:46:48,13.1,0.01,14,18340,买盘
197,14:46:42,13.09,--,10,13090,卖盘
198,14:46:39,13.09,-0.01,66,86394,卖盘
199,14:46:36,13.1,--,32,41920,买盘
200,14:46:33,13.1,--,2,2620,买盘
201,14:46:30,13.1,--,86,112660,买盘
202,14:46:27,13.1,-0.01,138,181317,卖盘
203,14:46:24,13.11,--,108,141588,买盘
204,14:46:21,13.11,--,583,764313,买盘
205,14:46:18,13.11,--,288,377568,买盘
206,14:46:15,13.11,--,995,1304445,买盘
207,14:46:12,13.11,0.01,701,919011,买盘
208,14:46:09,13.1,--,270,353700,卖盘
209,14:46:06,13.1,--,822,1076820,卖盘
210,14:46:03,13.1,-0.01,57,74670,卖盘
211,14:46:00,13.11,--,29,38019,买盘
212,14:45:57,13.11,--,23,30153,买盘
213,14:45:54,13.11,0.01,104,136344,买盘
214,14:45:51,13.1,-0.01,39,51090,卖盘
215,14:45:48,13.11,--,11,14421,买盘
216,14:45:45,13.11,0.01,19,24909,买盘
217,14:45:42,13.1,--,136,178160,卖盘
218,14:45:39,13.1,--,703,920930,卖盘
219,14:45:36,13.1,--,45,58950,卖盘
220,14:45:33,13.1,-0.01,29,37990,卖盘
221,14:45:30,13.11,0.01,120,157320,买盘
222,14:45:27,13.1,--,253,331430,卖盘
223,14:45:24,13.1,--,148,193880,卖盘
224,14:45:21,13.1,--,120,157200,卖盘
225,14:45:18,13.1,--,111,145410,卖盘
226,14:45:15,13.1,--,104,137012,买盘
227,14:45:12,13.1,--,480,628800,买盘
228,14:45:09,13.1,--,150,196500,买盘
229,14:45:06,13.1,0.01,12,15720,买盘
230,14:45:03,13.09,-0.01,124,162316,卖盘
231,14:45:00,13.1,0.01,168,220080,买盘
232,14:44:57,13.09,-0.01,26,34034,卖盘
233,14:44:54,13.1,0.01,280,366800,买盘
234,14:44:51,13.09,-0.01,230,301070,卖盘
235,14:44:48,13.1,--,108,141480,买盘
236,14:44:45,13.1,--,135,176850,买盘
237,14:44:42,13.1,0.01,380,497800,买盘
238,14:44:39,13.09,--,56,73304,卖盘
239,14:44:36,13.09,-0.01,77,100793,卖盘
240,14:44:33,13.1,0.01,780,1021800,买盘
241,14:44:30,13.09,-0.01,2,2618,卖盘
242,14:44:27,13.1,--,132,172920,买盘
243,14:44:24,13.1,--,24,31440,买盘
244,14:44:21,13.1,0.01,29,37990,买盘
245,14:44:18,13.09,--,52,68068,卖盘
246,14:44:15,13.09,--,156,204204,卖盘
247,14:44:12,13.09,-0.01,83,108647,卖盘
248,14:44:09,13.1,0.01,15,19650,买盘
249,14:44:06,13.09,-0.01,68,89012,卖盘
250,14:44:03,13.1,0.01,13,17030,买盘
251,14:44:00,13.09,--,10,13090,卖盘
252,14:43:57,13.09,--,134,175406,卖盘
253,14:43:54,13.09,--,291,380919,买盘
254,14:43:51,13.09,0.01,10,13090,买盘
255,14:43:48,13.08,-0.01,982,1284456,卖盘
256,14:43:45,13.09,-0.01,205,268345,卖盘
257,14:43:42,13.1,--,52,68120,买盘
258,14:43:39,13.1,0.01,133,174230,买盘
259,14:43:36,13.09,-0.01,77,100793,卖盘
260,14:43:33,13.1,--,153,200430,买盘
261,14:43:30,13.1,--,408,535017,卖盘
262,14:43:27,13.1,-0.01,440,576400,卖盘
263,14:43:24,13.11,--,29,38019,买盘
264,14:43:21,13.11,--,55,72105,买盘
265,14:43:18,13.11,--,744,975384,卖盘
266,14:43:15,13.11,--,12,15732,卖盘
267,14:43:12,13.11,0.01,103,135819,买盘
268,14:43:09,13.1,--,108,141480,卖盘
269,14:43:06,13.1,-0.01,75,98250,卖盘
270,14:43:03,13.11,0.01,98,128478,买盘
271,14:43:00,13.1,-0.01,520,681200,卖盘
272,14:42:57,13.11,0.01,102,135019,买盘
273,14:42:54,13.1,0.02,272,356320,买盘
274,14:42:51,13.08,--,8059,10541172,卖盘
275,14:42:48,13.08,--,86,112488,卖盘
276,14:42:45,13.08,-0.01,60,78480,卖盘
277,14:42:42,13.09,0.01,544,712357,买盘
278,14:42:39,13.08,--,421,550668,买盘
279,14:42:36,13.08,0.01,1281,1675548,买盘
280,14:42:30,13.07,--,52,67964,卖盘
281,14:42:27,13.07,--,19,25669,买盘
282,14:42:24,13.07,--,2185,2855795,买盘
283,14:42:21,13.07,--,108,141156,买盘
284,14:42:18,13.07,--,17,22219,买盘
285,14:42:15,13.07,--,40,52280,买盘
286,14:42:12,13.07,--,10,13070,买盘
287,14:42:09,13.07,0.01,2,2614,买盘
288,14:42:06,13.06,-0.01,24,31344,卖盘
289,14:42:03,13.07,0.01,115,150305,买盘
290,14:42:00,13.06,--,173,226982,买盘
291,14:41:57,13.06,--,110,143921,卖盘
292,14:41:54,13.06,--,20,26120,卖盘
293,14:41:51,13.06,--,3,3918,卖盘
294,14:41:48,13.06,--,82,107092,卖盘
295,14:41:45,13.06,--,60,78360,卖盘
296,14:41:42,13.06,--,149,194594,卖盘
297,14:41:39,13.06,--,80,104480,卖盘
298,14:41:36,13.06,--,122,159332,卖盘
299,14:41:33,13.06,--,964,1260028,买盘
300,14:41:30,13.06,--,323,421838,买盘
301,14:41:27,13.06,--,17,22202,买盘
302,14:41:24,13.06,0.01,1,1306,买盘
303,14:41:21,13.05,-0.01,30,39150,卖盘
304,14:41:18,13.06,--,89,116234,买盘
305,14:41:12,13.06,--,25,32650,买盘
306,14:41:09,13.06,0.01,147,191982,买盘
307,14:41:06,13.05,-0.01,16,20880,卖盘
308,14:41:03,13.06,0.01,41,53546,买盘
309,14:41:00,13.05,--,14,18270,卖盘
310,14:40:57,13.05,--,44,57420,卖盘
311,14:40:54,13.05,--,188,245340,卖盘
312,14:40:51,13.05,--,71,92655,卖盘
313,14:40:48,13.05,-0.01,81,105705,卖盘
314,14:40:45,13.06,0.01,5,6530,买盘
315,14:40:42,13.05,--,102,133110,卖盘
316,14:40:39,13.05,--,87,113535,卖盘
317,14:40:36,13.05,--,469,612045,卖盘
318,14:40:30,13.05,--,110,143550,卖盘
319,14:40:27,13.05,-0.01,43,56115,卖盘
320,14:40:21,13.06,0.01,40,52240,买盘
321,14:40:18,13.05,-0.01,70,91350,卖盘
322,14:40:12,13.06,--,12,15672,买盘
323,14:40:09,13.06,0.01,66,86196,买盘
324,14:40:06,13.05,-0.01,26,34060,卖盘
325,14:40:03,13.06,0.01,14,18284,买盘
326,14:40:00,13.05,-0.01,20,26100,卖盘
327,14:39:57,13.06,0.01,15,19590,买盘
328,14:39:54,13.05,--,22,28710,卖盘
329,14:39:51,13.05,-0.01,43,56115,卖盘
330,14:39:48,13.06,0.01,20,26120,买盘
331,14:39:45,13.05,--,66,86130,卖盘
332,14:39:42,13.05,-0.01,13,16965,卖盘
333,14:39:36,13.06,0.01,10,13060,买盘
334,14:39:33,13.05,--,30,39150,卖盘
335,14:39:30,13.05,-0.02,62,80910,卖盘
336,14:39:27,13.07,0.01,22,28754,买盘
337,14:39:24,13.06,--,97,126682,卖盘
338,14:39:21,13.06,--,4,5224,卖盘
339,14:39:18,13.06,--,183,238998,卖盘
340,14:39:15,13.06,-0.01,40,52240,卖盘
341,14:39:09,13.07,--,6,7842,买盘
342,14:39:06,13.07,0.01,160,209120,买盘
343,14:39:03,13.06,--,218,284708,买盘
344,14:39:00,13.06,--,30,39180,买盘
345,14:38:57,13.06,0.01,71,92726,买盘
346,14:38:54,13.05,-0.01,5,6525,卖盘
347,14:38:51,13.06,-0.01,201,262506,卖盘
348,14:38:48,13.07,--,33,43131,买盘
349,14:38:45,13.07,0.01,183,239181,买盘
350,14:38:42,13.06,-0.01,41,53546,卖盘
351,14:38:39,13.07,0.01,45,58815,买盘
352,14:38:36,13.06,-0.01,118,154108,卖盘
353,14:38:33,13.07,0.01,39,50973,买盘
354,14:38:30,13.06,--,10,13060,买盘
355,14:38:27,13.06,--,28,36568,卖盘
356,14:38:24,13.06,-0.01,10,13060,卖盘
357,14:38:21,13.07,0.01,1,1307,买盘
358,14:38:18,13.06,--,3,3918,卖盘
359,14:38:15,13.06,--,38,49628,卖盘
360,14:38:12,13.06,--,254,331724,卖盘
361,14:38:09,13.06,--,152,198512,买盘
362,14:38:06,13.06,--,85,111010,买盘
363,14:38:03,13.06,--,1221,1595670,卖盘
364,14:38:00,13.06,--,64,83584,卖盘
365,14:37:57,13.06,0.01,395,516131,买盘
366,14:37:54,13.05,-0.01,19,24795,卖盘
367,14:37:51,13.06,--,46,60076,买盘
368,14:37:48,13.06,--,96,125376,买盘
369,14:37:45,13.06,--,101,131906,买盘
370,14:37:42,13.06,--,176,229856,买盘
371,14:37:39,13.06,--,5,6530,买盘
372,14:37:36,13.06,--,57,74442,买盘
373,14:37:30,13.06,--,74,96644,买盘
374,14:37:27,13.06,--,180,235080,买盘
375,14:37:24,13.06,--,94,122764,买盘
376,14:37:21,13.06,--,147,191982,买盘
377,14:37:18,13.06,--,58,75748,买盘
378,14:37:15,13.06,--,94,122764,买盘
379,14:37:12,13.06,--,17,22202,买盘
380,14:37:09,13.06,--,1573,2054338,买盘
381,14:37:06,13.06,--,26,33956,买盘
382,14:37:03,13.06,0.01,54,70524,买盘
383,14:37:00,13.05,--,249,324945,买盘
384,14:36:57,13.05,--,31,40455,买盘
385,14:36:54,13.05,--,129,168345,买盘
386,14:36:51,13.05,--,47,61335,买盘
387,14:36:48,13.05,0.01,47,61335,买盘
388,14:36:45,13.04,-0.01,239,311656,卖盘
389,14:36:42,13.05,--,186,242730,买盘
390,14:36:39,13.05,--,127,165735,买盘
391,14:36:36,13.05,--,1990,2596950,买盘
392,14:36:33,13.05,0.01,25,32625,买盘
393,14:36:30,13.04,--,4,5216,卖盘
394,14:36:27,13.04,-0.01,205,267320,卖盘
395,14:36:24,13.05,0.01,142,185310,买盘
396,14:36:21,13.04,--,2,2608,卖盘
397,14:36:18,13.04,--,39,50856,买盘
398,14:36:15,13.04,--,194,252975,卖盘
399,14:36:12,13.04,--,1,1304,卖盘
400,14:36:09,13.04,-0.01,26,33904,卖盘
401,14:36:06,13.05,--,15,19575,买盘
402,14:36:03,13.05,0.01,54,70470,买盘
403,14:36:00,13.04,--,158,206032,买盘
404,14:35:57,13.04,0.01,5,6520,买盘
405,14:35:51,13.03,-0.01,126,165037,卖盘
406,14:35:48,13.04,-0.01,1164,1518299,卖盘
407,14:35:45,13.05,--,64,83520,买盘
408,14:35:42,13.05,--,8,10440,买盘
409,14:35:39,13.05,0.01,30,39150,买盘
410,14:35:33,13.04,--,88,114751,卖盘
411,14:35:30,13.04,--,43,56071,卖盘
412,14:35:27,13.04,--,10,13040,卖盘
413,14:35:24,13.04,-0.01,134,174736,卖盘
414,14:35:18,13.05,0.01,86,112230,买盘
415,14:35:12,13.04,--,9,11736,卖盘
416,14:35:09,13.04,-0.01,6,7823,卖盘
417,14:35:06,13.05,--,1,1305,买盘
418,14:35:03,13.05,0.01,24,31320,买盘
419,14:35:00,13.04,--,41,53464,卖盘
420,14:34:57,13.04,--,339,442916,买盘
421,14:34:54,13.04,--,220,286880,买盘
422,14:34:51,13.04,0.01,124,161696,买盘
423,14:34:48,13.03,-0.01,32,41696,卖盘
424,14:34:45,13.04,--,37,48248,买盘
425,14:34:42,13.04,--,2,2608,买盘
426,14:34:36,13.04,0.01,28,36512,买盘
427,14:34:33,13.03,--,50,65150,卖盘
428,14:34:27,13.03,--,12,15636,卖盘
429,14:34:21,13.03,--,20,26060,卖盘
430,14:34:18,13.03,-0.01,35,45605,卖盘
431,14:34:15,13.04,--,40,52160,买盘
432,14:34:12,13.04,--,183,238631,买盘
433,14:34:09,13.04,--,5,6520,买盘
434,14:34:06,13.04,--,1,1304,买盘
435,14:34:03,13.04,--,35,45640,买盘
436,14:34:00,13.04,0.01,10,13040,买盘
437,14:33:54,13.03,--,38,49514,卖盘
438,14:33:51,13.03,--,134,174602,卖盘
439,14:33:48,13.03,--,226,294478,买盘
440,14:33:45,13.03,--,16,20848,买盘
441,14:33:42,13.03,--,756,985068,买盘
442,14:33:39,13.03,0.01,104,135512,买盘
443,14:33:36,13.02,-0.01,20,26040,卖盘
444,14:33:33,13.03,--,38,49514,买盘
445,14:33:30,13.03,0.01,32,41696,买盘
446,14:33:27,13.02,-0.01,31,40362,卖盘
447,14:33:24,13.03,--,44,57332,买盘
448,14:33:21,13.03,0.01,34,44302,买盘
449,14:33:18,13.02,--,8,10416,卖盘
450,14:33:15,13.02,-0.01,158,205716,卖盘
451,14:33:12,13.03,--,325,423475,买盘
452,14:33:09,13.03,--,31,40393,买盘
453,14:33:06,13.03,--,37,48211,买盘
454,14:33:03,13.03,0.01,77,100331,买盘
455,14:33:00,13.02,--,12,15624,卖盘
456,14:32:57,13.02,-0.01,13,16926,卖盘
457,14:32:54,13.03,0.01,22,28666,买盘
458,14:32:51,13.02,--,23,29946,卖盘
459,14:32:48,13.02,-0.01,1,1302,卖盘
460,14:32:45,13.03,0.01,100,130300,买盘
461,14:32:42,13.02,-0.01,19,24738,卖盘
462,14:32:39,13.03,--,59,76877,买盘
463,14:32:30,13.03,0.01,14,18242,买盘
464,14:32:27,13.02,-0.01,30,39060,卖盘
465,14:32:24,13.03,--,152,198056,买盘
466,14:32:15,13.03,0.01,30,39090,买盘
467,14:32:12,13.02,-0.01,33,42966,卖盘
468,14:32:09,13.03,--,3,3909,买盘
469,14:32:06,13.03,--,4,5212,买盘
470,14:32:03,13.03,0.01,30,39090,买盘
471,14:31:57,13.02,-0.01,36,46872,卖盘
472,14:31:54,13.03,0.01,5,6515,买盘
473,14:31:51,13.02,--,146,190092,卖盘
474,14:31:48,13.02,--,106,138012,卖盘
475,14:31:45,13.02,-0.01,15,19530,卖盘
476,14:31:42,13.03,0.01,3,3909,买盘
477,14:31:39,13.02,-0.01,119,154938,卖盘
478,14:31:33,13.03,--,75,97725,买盘
479,14:31:30,13.03,0.01,60,78180,买盘
480,14:31:27,13.02,--,67,87234,卖盘
481,14:31:24,13.02,--,13,16926,卖盘
482,14:31:21,13.02,-0.01,26,33852,卖盘
483,14:31:18,13.03,--,2,2606,买盘
484,14:31:15,13.03,0.01,69,89907,买盘
485,14:31:12,13.02,-0.01,2,2604,卖盘
486,14:31:06,13.03,0.01,115,149845,买盘
487,14:31:03,13.02,--,16,20832,卖盘
488,14:31:00,13.02,--,17,22134,卖盘
489,14:30:57,13.02,--,218,283836,卖盘
490,14:30:51,13.02,-0.01,4,5208,卖盘
491,14:30:45,13.03,0.01,10,13030,买盘
492,14:30:42,13.02,--,5,6510,卖盘
493,14:30:39,13.02,--,26,33852,卖盘
494,14:30:33,13.02,--,115,149730,卖盘
495,14:30:24,13.02,--,50,65100,卖盘
496,14:30:18,13.02,--,26,33852,卖盘
497,14:30:15,13.02,--,150,195300,卖盘
498,14:30:12,13.02,0.01,398,518196,买盘
499,14:30:09,13.01,--,229,297929,卖盘
500,14:30:06,13.01,-0.01,35,45535,卖盘
501,14:30:03,13.02,--,42,54684,买盘
502,14:30:00,13.02,--,12,15624,买盘
503,14:29:48,13.02,--,63,82026,买盘
504,14:29:45,13.02,--,25,32550,买盘
505,14:29:39,13.02,--,10,13020,买盘
506,14:29:36,13.02,--,2,2604,买盘
507,14:29:33,13.02,--,85,110670,卖盘
508,14:29:30,13.02,--,2,2604,卖盘
509,14:29:27,13.02,--,2,2604,卖盘
510,14:29:24,13.02,--,21,27342,卖盘
511,14:29:21,13.02,--,99,128898,卖盘
512,14:29:18,13.02,0.01,10,13020,中性盘
513,14:29:09,13.01,-0.02,66,85866,卖盘
514,14:29:06,13.03,0.01,489,637167,买盘
515,14:29:03,13.02,--,34,44268,买盘
516,14:28:57,13.02,0.01,2,2604,买盘
517,14:28:51,13.01,-0.01,13,16913,卖盘
518,14:28:48,13.02,--,66,85932,买盘
519,14:28:45,13.02,--,30,39060,买盘
520,14:28:42,13.02,--,5,6510,买盘
521,14:28:39,13.02,--,45,58590,买盘
522,14:28:36,13.02,--,41,53382,买盘
523,14:28:30,13.02,--,22,28644,买盘
524,14:28:27,13.02,--,20,26040,买盘
525,14:28:24,13.02,-0.01,287,373674,卖盘
526,14:28:21,13.03,--,12,15636,买盘
527,14:28:18,13.03,--,80,104240,买盘
528,14:28:15,13.03,--,33,42999,买盘
529,14:28:12,13.03,--,18,23454,买盘
530,14:28:06,13.03,--,33,42999,买盘
531,14:28:03,13.03,--,33,42999,买盘
532,14:28:00,13.03,0.01,6,7818,买盘
533,14:27:54,13.02,--,47,61194,卖盘
534,14:27:51,13.02,--,40,52080,卖盘
535,14:27:48,13.02,-0.01,38,49476,卖盘
536,14:27:45,13.03,0.01,84,109452,买盘
537,14:27:39,13.02,--,13,16926,卖盘
538,14:27:36,13.02,--,170,221340,买盘
539,14:27:33,13.02,--,140,182280,卖盘
540,14:27:30,13.02,--,10,13020,卖盘
541,14:27:27,13.02,--,358,466116,卖盘
542,14:27:24,13.02,--,166,216132,买盘
543,14:27:21,13.02,0.01,5,6510,买盘
544,14:27:18,13.01,--,17,22117,卖盘
545,14:27:15,13.01,-0.01,75,97575,卖盘
546,14:27:12,13.02,--,944,1229088,买盘
547,14:27:09,13.02,--,34,44268,买盘
548,14:27:06,13.02,--,91,118482,买盘
549,14:27:03,13.02,0.01,13,16926,买盘
550,14:27:00,13.01,-0.01,34,44234,卖盘
551,14:26:57,13.02,--,11,14322,买盘
552,14:26:54,13.02,0.01,125,162750,买盘
553,14:26:51,13.01,-0.01,19,24719,卖盘
554,14:26:48,13.02,--,57,74214,买盘
555,14:26:45,13.02,--,113,147126,买盘
556,14:26:39,13.02,0.01,12,15624,买盘
557,14:26:36,13.01,--,2,2602,卖盘
558,14:26:33,13.01,-0.01,20,26020,卖盘
559,14:26:30,13.02,--,50,65100,买盘
560,14:26:24,13.02,0.01,9,11718,买盘
561,14:26:21,13.01,-0.01,1,1301,卖盘
562,14:26:12,13.02,--,4,5208,买盘
563,14:26:09,13.02,0.01,7,9114,买盘
564,14:26:06,13.01,-0.01,26,33826,卖盘
565,14:26:03,13.02,0.01,55,71610,买盘
566,14:26:00,13.01,--,23,29923,买盘
567,14:25:57,13.01,--,2,2602,买盘
568,14:25:54,13.01,--,207,269307,买盘
569,14:25:51,13.01,0.01,1,1301,买盘
570,14:25:48,13.0,-0.01,28,36400,卖盘
571,14:25:45,13.01,--,32,41632,买盘
572,14:25:36,13.01,0.01,35,45535,买盘
573,14:25:33,13.0,-0.01,20,26000,卖盘
574,14:25:30,13.01,--,20,26020,买盘
575,14:25:27,13.01,--,86,111886,买盘
576,14:25:21,13.01,0.01,35,45535,买盘
577,14:25:18,13.0,--,1,1300,卖盘
578,14:25:12,13.0,-0.01,14,18200,卖盘
579,14:25:09,13.01,0.01,95,123595,买盘
580,14:25:06,13.0,-0.01,28,36400,卖盘
581,14:25:03,13.01,0.01,13,16913,买盘
582,14:25:00,13.0,--,50,65000,卖盘
583,14:24:57,13.0,--,8,10400,卖盘
584,14:24:54,13.0,--,30,39000,卖盘
585,14:24:51,13.0,--,24,31200,卖盘
586,14:24:45,13.0,--,27,35100,卖盘
587,14:24:42,13.0,--,2,2600,卖盘
588,14:24:39,13.0,--,2,2600,卖盘
589,14:24:30,13.0,-0.01,39,50700,卖盘
590,14:24:27,13.01,0.01,48,62448,买盘
591,14:24:24,13.0,--,37,48100,卖盘
592,14:24:18,13.0,--,1,1300,卖盘
593,14:24:12,13.0,-0.01,16,20800,卖盘
594,14:24:09,13.01,--,291,379046,买盘
595,14:24:06,13.01,--,11,14311,买盘
596,14:24:03,13.01,0.01,14,18214,买盘
597,14:24:00,13.0,--,43,55900,卖盘
598,14:23:57,13.0,--,21,27300,卖盘
599,14:23:54,13.0,-0.01,7,9100,卖盘
600,14:23:51,13.01,0.01,58,75458,买盘
601,14:23:48,13.0,--,54,70200,卖盘
602,14:23:39,13.0,--,26,33800,卖盘
603,14:23:36,13.0,--,9,11700,卖盘
604,14:23:33,13.0,--,40,52000,买盘
605,14:23:30,13.0,0.01,40,52000,买盘
606,14:23:24,12.99,-0.01,19,24681,卖盘
607,14:23:21,13.0,--,172,223600,卖盘
608,14:23:18,13.0,--,6,7800,卖盘
609,14:23:15,13.0,0.01,24,31200,买盘
610,14:23:12,12.99,-0.01,8,10392,卖盘
611,14:23:09,13.0,--,6,7800,买盘
612,14:23:06,13.0,--,2,2600,买盘
613,14:23:03,13.0,--,40,52000,买盘
614,14:23:00,13.0,--,18,23400,买盘
615,14:22:57,13.0,0.01,10,13000,买盘
616,14:22:54,12.99,-0.01,70,90930,卖盘
617,14:22:51,13.0,0.01,50,65000,买盘
618,14:22:45,12.99,-0.01,44,57156,卖盘
619,14:22:42,13.0,--,21,27300,买盘
620,14:22:39,13.0,0.01,33,42900,买盘
621,14:22:36,12.99,-0.01,39,50661,卖盘
622,14:22:33,13.0,--,100,130000,买盘
623,14:22:27,13.0,0.01,10,13000,买盘
624,14:22:24,12.99,--,125,162375,卖盘
625,14:22:21,12.99,--,227,294873,买盘
626,14:22:18,12.99,0.01,52,67548,买盘
627,14:22:15,12.98,-0.01,60,77880,卖盘
628,14:22:12,12.99,--,514,667686,买盘
629,14:22:09,12.99,--,1,1299,买盘
630,14:22:06,12.99,--,74,96126,买盘
631,14:22:03,12.99,--,53,68847,买盘
632,14:22:00,12.99,0.01,12,15588,买盘
633,14:21:57,12.98,-0.01,17,22066,卖盘
634,14:21:54,12.99,0.01,1,1299,买盘
635,14:21:51,12.98,--,20,25960,卖盘
636,14:21:48,12.98,-0.01,41,53218,卖盘
637,14:21:45,12.99,0.01,30,38970,买盘
638,14:21:42,12.98,-0.02,826,1072148,卖盘
639,14:21:39,13.0,0.01,237,308100,买盘
640,14:21:36,12.99,--,41,53259,卖盘
641,14:21:33,12.99,--,3,3897,卖盘
642,14:21:30,12.99,-0.01,15,19485,卖盘
643,14:21:27,13.0,0.01,126,163800,买盘
644,14:21:24,12.99,-0.01,4,5196,卖盘
645,14:21:21,13.0,--,16,20800,买盘
646,14:21:18,13.0,--,5,6500,买盘
647,14:21:15,13.0,0.01,10,13000,买盘
648,14:21:12,12.99,-0.01,30,38970,卖盘
649,14:21:09,13.0,--,48,62400,买盘
650,14:21:06,13.0,--,222,288600,买盘
651,14:21:03,13.0,--,388,505245,卖盘
652,14:21:00,13.0,--,92,119600,卖盘
653,14:20:57,13.0,--,5,6500,卖盘
654,14:20:54,13.0,-0.01,170,221455,卖盘
655,14:20:51,13.01,--,157,204257,买盘
656,14:20:48,13.01,--,84,109284,买盘
657,14:20:45,13.01,0.01,10,13010,买盘
658,14:20:39,13.0,--,20,26000,卖盘
659,14:20:36,13.0,--,26,33800,卖盘
660,14:20:33,13.0,--,47,61100,卖盘
661,14:20:30,13.0,--,20,26000,卖盘
662,14:20:21,13.0,--,34,44200,卖盘
663,14:20:18,13.0,--,6,7800,卖盘
664,14:20:12,13.0,--,14,18200,卖盘
665,14:20:09,13.0,-0.01,296,384800,卖盘
666,14:20:06,13.01,--,27,35127,买盘
667,14:20:03,13.01,0.01,48,62448,买盘
668,14:20:00,13.0,-0.01,91,118300,卖盘
669,14:19:51,13.01,--,41,53341,卖盘
670,14:19:48,13.01,--,30,39030,卖盘
671,14:19:42,13.01,--,18,23418,卖盘
672,14:19:39,13.01,--,43,55943,卖盘
673,14:19:36,13.01,--,44,57244,卖盘
674,14:19:33,13.01,-0.01,20,26020,卖盘
675,14:19:27,13.02,--,10,13020,买盘
676,14:19:18,13.02,0.01,51,66402,买盘
677,14:19:15,13.01,--,10,13010,卖盘
678,14:19:09,13.01,-0.01,37,48137,卖盘
679,14:19:06,13.02,0.01,1,1302,买盘
680,14:19:03,13.01,--,58,75458,卖盘
681,14:18:57,13.01,-0.01,51,66351,卖盘
682,14:18:54,13.02,0.01,1,1302,买盘
683,14:18:48,13.01,--,57,74157,卖盘
684,14:18:45,13.01,-0.01,135,175635,卖盘
685,14:18:42,13.02,0.01,50,65100,买盘
686,14:18:39,13.01,-0.01,6,7806,卖盘
687,14:18:36,13.02,0.01,44,57288,买盘
688,14:18:33,13.01,--,3,3903,卖盘
689,14:18:30,13.01,-0.01,32,41632,卖盘
690,14:18:27,13.02,0.01,5,6510,买盘
691,14:18:24,13.01,--,15,19515,卖盘
692,14:18:18,13.01,--,47,61147,卖盘
693,14:18:15,13.01,--,2,2602,卖盘
694,14:18:12,13.01,-0.01,2,2602,卖盘
695,14:18:09,13.02,--,25,32550,买盘
696,14:18:06,13.02,--,7,9114,买盘
697,14:18:03,13.02,0.01,38,49476,买盘
698,14:18:00,13.01,-0.01,5,6505,卖盘
699,14:17:57,13.02,--,8,10416,买盘
700,14:17:51,13.02,0.01,21,27342,买盘
701,14:17:48,13.01,--,27,35127,卖盘
702,14:17:45,13.01,0.01,20,26020,中性盘
703,14:17:39,13.0,-0.01,21,27300,卖盘
704,14:17:36,13.01,-0.01,59,76759,卖盘
705,14:17:27,13.02,-0.01,4,5208,买盘
706,14:17:24,13.03,0.02,26,33878,买盘
707,14:17:21,13.01,-0.01,12,16392,卖盘
708,14:17:15,13.02,--,11,14322,卖盘
709,14:17:12,13.02,-0.01,11,14322,卖盘
710,14:17:09,13.03,--,79,102937,买盘
711,14:17:06,13.03,--,34,44302,买盘
712,14:17:03,13.03,--,36,46908,买盘
713,14:17:00,13.03,0.01,72,94337,买盘
714,14:16:57,13.02,--,2,2604,卖盘
715,14:16:54,13.02,--,2,2604,卖盘
716,14:16:51,13.02,0.01,4,5208,买盘
717,14:16:48,13.01,--,18,23418,卖盘
718,14:16:45,13.01,--,5,6505,卖盘
719,14:16:42,13.01,--,15,19515,卖盘
720,14:16:36,13.01,0.01,70,91070,中性盘
721,14:16:33,13.0,-0.04,27,35100,卖盘
722,14:16:30,13.04,0.02,561,731544,买盘
723,14:16:24,13.02,--,157,204856,买盘
724,14:16:21,13.02,0.01,2,2604,买盘
725,14:16:18,13.01,--,49,63749,卖盘
726,14:16:15,13.01,-0.01,64,83264,卖盘
727,14:16:12,13.02,--,30,39060,买盘
728,14:16:09,13.02,--,111,144522,买盘
729,14:16:06,13.02,--,41,53382,买盘
730,14:16:03,13.02,0.01,195,253890,买盘
731,14:16:00,13.01,-0.01,1,1301,卖盘
732,14:15:57,13.02,0.01,46,59892,买盘
733,14:15:51,13.01,--,23,29923,卖盘
734,14:15:48,13.01,0.01,483,629241,买盘
735,14:15:45,13.0,-0.01,26,33800,卖盘
736,14:15:42,13.01,0.01,40,52040,买盘
737,14:15:39,13.0,--,25,32500,卖盘
738,14:15:36,13.0,--,39,50700,卖盘
739,14:15:33,13.0,--,12,15600,卖盘
740,14:15:30,13.0,--,46,59800,卖盘
741,14:15:27,13.0,--,83,107900,卖盘
742,14:15:24,13.0,0.02,522,678600,买盘
743,14:15:21,12.98,-0.01,57,73986,卖盘
744,14:15:15,12.99,0.01,13,16887,买盘
745,14:15:12,12.98,--,25,32450,卖盘
746,14:15:09,12.98,-0.01,7,9086,卖盘
747,14:15:06,12.99,--,2,2598,买盘
748,14:15:03,12.99,0.01,32,41568,买盘
749,14:15:00,12.98,--,24,31152,卖盘
750,14:14:57,12.98,--,61,79178,卖盘
751,14:14:54,12.98,--,4,5192,买盘
752,14:14:51,12.98,--,2,2596,买盘
753,14:14:48,12.98,--,14,18172,买盘
754,14:14:45,12.98,--,4,5192,买盘
755,14:14:42,12.98,--,8,10384,卖盘
756,14:14:39,12.98,--,26,33748,卖盘
757,14:14:36,12.98,-0.01,50,64900,卖盘
758,14:14:33,12.99,0.01,6,7794,买盘
759,14:14:30,12.98,--,20,25960,卖盘
760,14:14:27,12.98,0.01,26,33748,中性盘
761,14:14:24,12.97,--,223,289775,卖盘
762,14:14:18,12.97,-0.01,28,36316,卖盘
763,14:14:15,12.98,0.01,170,220660,买盘
764,14:14:12,12.97,-0.01,1,1297,卖盘
765,14:14:09,12.98,--,162,210276,卖盘
766,14:14:06,12.98,-0.01,15,19470,卖盘
767,14:14:03,12.99,0.01,27,35073,买盘
768,14:14:00,12.98,-0.01,31,40238,卖盘
769,14:13:57,12.99,--,110,142890,买盘
770,14:13:51,12.99,--,34,44166,买盘
771,14:13:48,12.99,--,12,15588,买盘
772,14:13:45,12.99,0.01,68,88332,买盘
773,14:13:42,12.98,-0.01,168,218064,卖盘
774,14:13:39,12.99,0.01,25,32475,买盘
775,14:13:36,12.98,--,39,50622,卖盘
776,14:13:33,12.98,-0.01,31,40238,卖盘
777,14:13:30,12.99,0.01,52,67548,买盘
778,14:13:27,12.98,--,4,5192,卖盘
779,14:13:24,12.98,--,1,1298,卖盘
780,14:13:21,12.98,-0.01,26,33748,卖盘
781,14:13:18,12.99,--,19,24681,买盘
782,14:13:15,12.99,0.01,17,22083,买盘
783,14:13:12,12.98,-0.01,30,38940,卖盘
784,14:13:09,12.99,--,71,92229,买盘
785,14:13:06,12.99,--,21,27279,买盘
786,14:13:03,12.99,0.01,28,36372,买盘
787,14:13:00,12.98,--,24,31152,卖盘
788,14:12:57,12.98,-0.01,10,12980,卖盘
789,14:12:54,12.99,0.01,80,103920,买盘
790,14:12:51,12.98,0.01,62,80476,买盘
791,14:12:48,12.97,--,9,11673,卖盘
792,14:12:42,12.97,--,16,20752,卖盘
793,14:12:39,12.97,--,8,10376,卖盘
794,14:12:36,12.97,-0.01,58,75226,卖盘
795,14:12:33,12.98,-0.01,23,29854,卖盘
796,14:12:30,12.99,0.01,10,12990,买盘
797,14:12:27,12.98,--,9,11682,卖盘
798,14:12:21,12.98,--,4,5192,卖盘
799,14:12:18,12.98,--,16,20768,卖盘
800,14:12:15,12.98,0.02,282,366036,卖盘
801,14:12:12,12.96,-0.02,19,24624,卖盘
802,14:12:09,12.98,0.01,28,36344,买盘
803,14:12:06,12.97,--,307,398179,卖盘
804,14:12:03,12.97,-0.02,152,197144,卖盘
805,14:12:00,12.99,0.01,42,54558,买盘
806,14:11:57,12.98,--,4,5192,卖盘
807,14:11:54,12.98,0.01,104,134992,买盘
808,14:11:48,12.97,--,73,94681,卖盘
809,14:11:45,12.97,-0.01,6,7782,卖盘
810,14:11:42,12.98,0.01,4,5192,买盘
811,14:11:39,12.97,--,14,18158,卖盘
812,14:11:36,12.97,-0.01,96,124512,卖盘
813,14:11:33,12.98,--,45,58410,卖盘
814,14:11:30,12.98,--,1,1298,卖盘
815,14:11:21,12.98,--,9,11682,卖盘
816,14:11:18,12.98,--,23,29854,卖盘
817,14:11:15,12.98,-0.01,26,33748,卖盘
818,14:11:12,12.99,--,100,129900,买盘
819,14:11:06,12.99,--,8,10392,买盘
820,14:11:03,12.99,0.01,24,31176,买盘
821,14:11:00,12.98,--,98,127204,卖盘
822,14:10:54,12.98,--,26,33748,卖盘
823,14:10:51,12.98,--,6,7788,卖盘
824,14:10:48,12.98,--,35,45430,卖盘
825,14:10:45,12.98,--,6,7788,卖盘
826,14:10:42,12.98,0.01,199,258302,买盘
827,14:10:39,12.97,--,18,23346,卖盘
828,14:10:36,12.97,-0.01,209,271073,卖盘
829,14:10:33,12.98,--,61,79178,买盘
830,14:10:30,12.98,0.01,64,83072,买盘
831,14:10:18,12.97,-0.01,47,60959,卖盘
832,14:10:15,12.98,--,5,6490,买盘
833,14:10:12,12.98,0.01,4,5192,买盘
834,14:10:09,12.97,-0.01,3,3891,卖盘
835,14:10:06,12.98,0.01,17,22066,买盘
836,14:09:57,12.97,--,20,25940,卖盘
837,14:09:54,12.97,--,14,18158,卖盘
838,14:09:51,12.97,--,23,29831,卖盘
839,14:09:48,12.97,--,47,60959,卖盘
840,14:09:45,12.97,0.01,108,140076,买盘
841,14:09:42,12.96,--,8,10368,卖盘
842,14:09:33,12.96,--,8,10368,卖盘
843,14:09:30,12.96,--,52,67392,卖盘
844,14:09:27,12.96,-0.01,16,20736,卖盘
845,14:09:24,12.97,--,58,75226,买盘
846,14:09:21,12.97,--,8,10376,买盘
847,14:09:18,12.97,--,55,71335,卖盘
848,14:09:12,12.97,--,162,210114,卖盘
849,14:09:09,12.97,-0.01,25,32425,卖盘
850,14:09:06,12.98,0.01,42,54516,买盘
851,14:09:03,12.97,--,105,136185,卖盘
852,14:08:57,12.97,--,19,24643,卖盘
853,14:08:54,12.97,--,200,259400,卖盘
854,14:08:51,12.97,-0.01,180,233460,卖盘
855,14:08:48,12.98,0.01,42,54516,买盘
856,14:08:45,12.97,-0.01,54,70038,卖盘
857,14:08:42,12.98,--,5,6490,买盘
858,14:08:39,12.98,0.01,11,14278,买盘
859,14:08:36,12.97,-0.01,48,62256,卖盘
860,14:08:33,12.98,--,68,88264,买盘
861,14:08:30,12.98,--,230,298540,买盘
862,14:08:24,12.98,--,24,31152,卖盘
863,14:08:21,12.98,--,5,6490,卖盘
864,14:08:18,12.98,--,18,23364,卖盘
865,14:08:15,12.98,--,47,61006,卖盘
866,14:08:12,12.98,-0.01,10,12980,卖盘
867,14:08:09,12.99,--,120,155880,买盘
868,14:08:06,12.99,--,2,2598,买盘
869,14:08:03,12.99,0.01,18,23382,买盘
870,14:08:00,12.98,--,47,61006,买盘
871,14:07:57,12.98,0.01,99,128502,买盘
872,14:07:54,12.97,--,2,2594,卖盘
873,14:07:51,12.97,--,7,9079,卖盘
874,14:07:48,12.97,--,20,25940,卖盘
875,14:07:39,12.97,--,7,9079,卖盘
876,14:07:36,12.97,-0.01,6,7782,卖盘
877,14:07:33,12.98,--,10,13083,卖盘
878,14:07:27,12.98,-0.01,33,42834,卖盘
879,14:07:24,12.99,0.01,3,3897,买盘
880,14:07:18,12.98,--,12,15576,卖盘
881,14:07:15,12.98,-0.01,20,25960,卖盘
882,14:07:12,12.99,--,18,23382,买盘
883,14:07:09,12.99,0.01,24,32371,买盘
884,14:07:06,12.98,--,1,1298,买盘
885,14:07:03,12.98,0.01,42,54516,买盘
886,14:07:00,12.97,--,3,3891,卖盘
887,14:06:57,12.97,--,3,3891,卖盘
888,14:06:54,12.97,-0.01,14,18158,卖盘
889,14:06:51,12.98,--,219,284262,买盘
890,14:06:48,12.98,--,58,75284,买盘
891,14:06:45,12.98,0.01,70,90860,买盘
892,14:06:42,12.97,--,113,146561,卖盘
893,14:06:30,12.97,--,29,37613,卖盘
894,14:06:27,12.97,--,9,11673,卖盘
895,14:06:24,12.97,--,20,25940,卖盘
896,14:06:21,12.97,--,24,31128,卖盘
897,14:06:18,12.97,--,84,108948,卖盘
898,14:06:15,12.97,0.01,810,1050570,买盘
899,14:06:12,12.96,--,51,66096,卖盘
900,14:06:09,12.96,-0.01,18,23328,卖盘
901,14:06:06,12.97,--,54,70038,买盘
902,14:06:03,12.97,0.01,22,28534,买盘
903,14:06:00,12.96,-0.01,14,18144,卖盘
904,14:05:57,12.97,0.01,276,357972,买盘
905,14:05:54,12.96,--,3,3888,卖盘
906,14:05:51,12.96,-0.01,39,50544,卖盘
907,14:05:48,12.97,--,52,67444,买盘
908,14:05:45,12.97,--,15,19455,买盘
909,14:05:42,12.97,-0.01,12,15564,买盘
910,14:05:39,12.98,0.01,57,73986,买盘
911,14:05:36,12.97,0.01,8,10376,中性盘
912,14:05:33,12.96,-0.02,28,36288,卖盘
913,14:05:30,12.98,--,491,637318,买盘
914,14:05:27,12.98,--,12,15576,买盘
915,14:05:24,12.98,0.01,43,55814,买盘
916,14:05:18,12.97,--,25,32425,卖盘
917,14:05:15,12.97,-0.01,77,99869,卖盘
918,14:05:12,12.98,--,10,12980,买盘
919,14:05:09,12.98,--,27,35046,买盘
920,14:05:06,12.98,--,33,42834,买盘
921,14:05:03,12.98,0.01,46,59708,买盘
922,14:05:00,12.97,-0.01,20,25940,卖盘
923,14:04:54,12.98,0.01,5,6490,买盘
924,14:04:51,12.97,--,14,18158,卖盘
925,14:04:48,12.97,--,25,32425,卖盘
926,14:04:45,12.97,-0.01,18,23346,中性盘
927,14:04:42,12.98,0.02,7,9086,买盘
928,14:04:39,12.96,--,60,77760,卖盘
929,14:04:36,12.96,-0.01,1129,1463184,卖盘
930,14:04:33,12.97,-0.01,2,2594,卖盘
931,14:04:30,12.98,--,4,5192,买盘
932,14:04:27,12.98,0.01,10,12980,买盘
933,14:04:24,12.97,--,54,70038,卖盘
934,14:04:21,12.97,-0.01,26,33722,卖盘
935,14:04:18,12.98,--,101,131098,买盘
936,14:04:15,12.98,0.01,40,51920,买盘
937,14:04:12,12.97,-0.01,13,16861,卖盘
938,14:04:09,12.98,0.01,10,12980,买盘
939,14:04:06,12.97,-0.01,9,11673,卖盘
940,14:04:03,12.98,--,90,116820,买盘
941,14:04:00,12.98,0.01,16,20768,买盘
942,14:03:57,12.97,--,35,45395,卖盘
943,14:03:54,12.97,--,199,258103,卖盘
944,14:03:51,12.97,-0.01,83,107651,卖盘
945,14:03:48,12.98,--,32,41536,买盘
946,14:03:45,12.98,0.01,34,44132,买盘
947,14:03:42,12.97,-0.01,96,124512,卖盘
948,14:03:39,12.98,--,1020,1324063,卖盘
949,14:03:33,12.98,-0.01,1300,1687400,卖盘
950,14:03:18,12.99,--,21,27279,卖盘
951,14:03:15,12.99,--,10,12990,卖盘
952,14:03:12,12.99,-0.01,42,54558,卖盘
953,14:03:09,13.0,--,1,1300,买盘
954,14:03:03,13.0,0.01,12,15600,买盘
955,14:02:57,12.99,--,18,23382,卖盘
956,14:02:54,12.99,0.01,96,124704,买盘
957,14:02:51,12.98,-0.01,9,11682,卖盘
958,14:02:48,12.99,0.01,6,7794,买盘
959,14:02:45,12.98,-0.01,20,25960,卖盘
960,14:02:39,12.99,0.01,1,1299,买盘
961,14:02:33,12.98,-0.01,12,15576,卖盘
962,14:02:30,12.99,0.01,5,6495,买盘
963,14:02:24,12.98,-0.02,17,22066,卖盘
964,14:02:21,13.0,0.02,5,6500,买盘
965,14:02:18,12.98,-0.01,4,5192,卖盘
966,14:02:15,12.99,--,20,25980,卖盘
967,14:02:12,12.99,--,75,97425,卖盘
968,14:02:09,12.99,-0.01,10,12990,卖盘
969,14:02:06,13.0,--,54,70200,买盘
970,14:02:03,13.0,0.01,34,44200,买盘
971,14:02:00,12.99,-0.01,28,36372,卖盘
972,14:01:57,13.0,0.01,10,13000,买盘
973,14:01:45,12.99,0.01,42,54558,买盘
974,14:01:42,12.98,-0.01,13,16874,卖盘
975,14:01:39,12.99,0.01,49,63651,中性盘
976,14:01:36,12.98,-0.01,35,45430,卖盘
977,14:01:33,12.99,--,21,28474,买盘
978,14:01:30,12.99,0.01,129,167571,买盘
979,14:01:27,12.98,-0.01,302,392099,卖盘
980,14:01:24,12.99,--,20,25980,卖盘
981,14:01:21,12.99,--,6,7794,卖盘
982,14:01:18,12.99,--,24,31176,卖盘
983,14:01:15,12.99,--,40,51960,卖盘
984,14:01:12,12.99,-0.01,27,35073,卖盘
985,14:01:09,13.0,--,35,45500,买盘
986,14:01:06,13.0,--,12,15600,买盘
987,14:01:03,13.0,0.01,38,49400,买盘
988,14:01:00,12.99,--,68,88332,卖盘
989,14:00:54,12.99,--,26,33774,卖盘
990,14:00:51,12.99,--,6,7794,卖盘
991,14:00:36,12.99,-0.01,2,2598,卖盘
992,14:00:33,13.0,0.01,14,18200,买盘
993,14:00:30,12.99,--,32,41568,卖盘
994,14:00:24,12.99,--,21,27279,卖盘
995,14:00:18,12.99,--,1,1299,卖盘
996,14:00:15,12.99,-0.01,20,25980,卖盘
997,14:00:12,13.0,--,20,26000,买盘
998,14:00:09,13.0,--,1,1300,买盘
999,14:00:03,13.0,--,12,15600,买盘
1000,14:00:00,13.0,--,10,13000,买盘
1001,13:59:57,13.0,0.01,12,15600,买盘
1002,13:59:54,12.99,--,26,33774,卖盘
1003,13:59:51,12.99,-0.01,39,50661,卖盘
1004,13:59:42,13.0,0.01,50,65000,买盘
1005,13:59:39,12.99,-0.01,65,84435,卖盘
1006,13:59:36,13.0,--,10,13000,买盘
1007,13:59:30,13.0,--,3,3900,卖盘
1008,13:59:27,13.0,--,2,2600,中性盘
1009,13:59:24,13.0,--,26,33800,卖盘
1010,13:59:21,13.0,--,16,20800,卖盘
1011,13:59:18,13.0,--,6,7800,卖盘
1012,13:59:15,13.0,0.01,116,151996,买盘
1013,13:59:12,12.99,--,20,25980,卖盘
1014,13:59:06,12.99,-0.01,47,61053,卖盘
1015,13:59:03,13.0,0.01,55,71500,买盘
1016,13:59:00,12.99,--,8,10392,卖盘
1017,13:58:57,12.99,--,46,59754,卖盘
1018,13:58:54,12.99,-0.01,30,40191,卖盘
1019,13:58:51,13.0,--,357,464178,卖盘
1020,13:58:42,13.0,--,24,31200,卖盘
1021,13:58:39,13.0,--,9,11700,卖盘
1022,13:58:30,13.0,0.01,104,135200,买盘
1023,13:58:27,12.99,-0.01,4,5196,卖盘
1024,13:58:24,13.0,--,103,133900,卖盘
1025,13:58:21,13.0,--,21,27300,卖盘
1026,13:58:12,13.0,--,20,26000,卖盘
1027,13:58:09,13.0,-0.01,2,2600,卖盘
1028,13:58:03,13.01,0.01,27,35127,买盘
1029,13:58:00,13.0,--,6,7800,卖盘
1030,13:57:57,13.0,--,6,7800,卖盘
1031,13:57:54,13.0,--,29,37700,卖盘
1032,13:57:51,13.0,-0.01,3,3900,卖盘
1033,13:57:42,13.01,--,1,1301,买盘
1034,13:57:39,13.01,--,42,54642,买盘
1035,13:57:33,13.01,0.01,6,7806,买盘
1036,13:57:30,13.0,--,10,13000,卖盘
1037,13:57:27,13.0,--,6,7800,卖盘
1038,13:57:24,13.0,--,42,54600,卖盘
1039,13:57:21,13.0,--,1,1300,卖盘
1040,13:57:18,13.0,--,11,14300,卖盘
1041,13:57:15,13.0,--,5,6500,卖盘
1042,13:57:12,13.0,--,5,6500,卖盘
1043,13:57:09,13.0,-0.01,53,68900,卖盘
1044,13:57:06,13.01,--,2,2602,买盘
1045,13:57:03,13.01,--,19,24719,买盘
1046,13:57:00,13.01,0.01,14,18214,买盘
1047,13:56:57,13.0,0.01,409,531700,买盘
1048,13:56:54,12.99,-0.01,46,59754,卖盘
1049,13:56:51,13.0,0.01,96,124800,买盘
1050,13:56:39,12.99,-0.01,6,7794,卖盘
1051,13:56:36,13.0,--,2,2600,买盘
1052,13:56:33,13.0,0.01,3,3900,买盘
1053,13:56:30,12.99,-0.01,7,9093,卖盘
1054,13:56:27,13.0,0.01,151,196300,买盘
1055,13:56:24,12.99,--,24,31176,卖盘
1056,13:56:21,12.99,--,20,25980,卖盘
1057,13:56:12,12.99,--,26,33774,卖盘
1058,13:56:09,12.99,--,2,2598,卖盘
1059,13:56:06,12.99,-0.01,33,42867,卖盘
1060,13:56:03,13.0,--,279,362700,买盘
1061,13:56:00,13.0,0.01,48,62400,买盘
1062,13:55:57,12.99,--,24,31176,卖盘
1063,13:55:54,12.99,--,5,6495,卖盘
1064,13:55:51,12.99,-0.01,20,25980,卖盘
1065,13:55:48,13.0,0.01,30,39000,买盘
1066,13:55:39,12.99,-0.01,9,11691,卖盘
1067,13:55:33,13.0,0.01,51,66300,买盘
1068,13:55:30,12.99,-0.01,1,1299,卖盘
1069,13:55:24,13.0,0.01,3,3900,买盘
1070,13:55:21,12.99,--,28,36372,卖盘
1071,13:55:18,12.99,-0.01,16,20784,卖盘
1072,13:55:15,13.0,--,5,6500,买盘
1073,13:55:12,13.0,0.01,5,6500,买盘
1074,13:55:09,12.99,--,8,10392,卖盘
1075,13:55:06,12.99,-0.01,44,57156,卖盘
1076,13:55:03,13.0,--,12,15600,买盘
1077,13:55:00,13.0,0.01,13,16900,买盘
1078,13:54:57,12.99,--,17,22083,卖盘
1079,13:54:54,12.99,-0.01,6,7794,卖盘
1080,13:54:51,13.0,--,39,50700,买盘
1081,13:54:48,13.0,--,1,1300,买盘
1082,13:54:45,13.0,--,227,295100,买盘
1083,13:54:42,13.0,0.01,39,50700,买盘
1084,13:54:39,12.99,--,3,3897,卖盘
1085,13:54:36,12.99,--,2,2598,卖盘
1086,13:54:33,12.99,--,26,33774,卖盘
1087,13:54:30,12.99,--,12,15588,卖盘
1088,13:54:27,12.99,--,15,19485,卖盘
1089,13:54:24,12.99,--,96,124704,卖盘
1090,13:54:21,12.99,--,26,33774,卖盘
1091,13:54:18,12.99,-0.01,14,18186,卖盘
1092,13:54:15,13.0,0.01,63,81900,买盘
1093,13:54:12,12.99,--,2,2598,卖盘
1094,13:54:09,12.99,--,3,3897,卖盘
1095,13:54:06,12.99,-0.01,1,1299,卖盘
1096,13:54:03,13.0,0.01,462,600600,买盘
1097,13:54:00,12.99,-0.01,3,3897,卖盘
1098,13:53:57,13.0,0.01,12,15600,买盘
1099,13:53:54,12.99,--,30,38970,卖盘
1100,13:53:51,12.99,-0.01,12,15588,卖盘
1101,13:53:48,13.0,0.01,6,7800,买盘
1102,13:53:45,12.99,--,50,64950,卖盘
1103,13:53:39,12.99,--,10,12990,卖盘
1104,13:53:33,12.99,--,26,33774,卖盘
1105,13:53:30,12.99,--,2,2598,卖盘
1106,13:53:24,12.99,--,25,32475,卖盘
1107,13:53:21,12.99,--,2,2598,卖盘
1108,13:53:18,12.99,--,11,14289,卖盘
1109,13:53:09,12.99,-0.01,42,54558,卖盘
1110,13:53:06,13.0,--,8,10400,买盘
1111,13:53:03,13.0,0.01,14,18200,买盘
1112,13:53:00,12.99,-0.01,44,57156,卖盘
1113,13:52:57,13.0,0.01,1,1300,买盘
1114,13:52:54,12.99,--,27,35073,卖盘
1115,13:52:51,12.99,--,11,14289,卖盘
1116,13:52:45,12.99,--,10,12990,卖盘
1117,13:52:39,12.99,-0.01,3,3897,卖盘
1118,13:52:33,13.0,0.01,60,78000,买盘
1119,13:52:30,12.99,-0.01,6,7794,卖盘
1120,13:52:27,13.0,-0.01,147,191100,卖盘
1121,13:52:24,13.01,0.01,30,39030,买盘
1122,13:52:21,13.0,--,1,1300,卖盘
1123,13:52:18,13.0,-0.01,30,39000,卖盘
1124,13:52:09,13.01,--,3,3903,买盘
1125,13:52:03,13.01,0.01,28,36428,买盘
1126,13:52:00,13.0,-0.01,30,39000,卖盘
1127,13:51:57,13.01,--,10,13010,买盘
1128,13:51:54,13.01,0.01,9,11709,买盘
1129,13:51:51,13.0,-0.01,20,26000,卖盘
1130,13:51:48,13.01,--,7,9107,买盘
1131,13:51:45,13.01,0.01,58,75458,买盘
1132,13:51:39,13.0,--,18,23400,卖盘
1133,13:51:36,13.0,0.01,98,127400,买盘
1134,13:51:33,12.99,-0.01,5,6495,卖盘
1135,13:51:30,13.0,-0.01,171,222300,卖盘
1136,13:51:24,13.01,--,26,33826,买盘
1137,13:51:21,13.01,0.01,11,14311,买盘
1138,13:51:18,13.0,-0.01,207,269100,卖盘
1139,13:51:15,13.01,--,84,109284,买盘
1140,13:51:12,13.01,0.01,60,78060,买盘
1141,13:51:09,13.0,--,11,14300,卖盘
1142,13:51:06,13.0,-0.01,2,2600,卖盘
1143,13:51:03,13.01,0.01,33,42933,买盘
1144,13:51:00,13.0,--,5,6500,卖盘
1145,13:50:57,13.0,--,40,52000,卖盘
1146,13:50:54,13.0,--,6,7800,卖盘
1147,13:50:45,13.0,-0.01,11,14300,卖盘
1148,13:50:42,13.01,0.01,47,61147,买盘
1149,13:50:36,13.0,-0.01,6,7800,卖盘
1150,13:50:33,13.01,0.01,9,11709,买盘
1151,13:50:30,13.0,--,11,14300,卖盘
1152,13:50:27,13.0,--,25,32500,卖盘
1153,13:50:24,13.0,-0.01,1,1300,卖盘
1154,13:50:12,13.01,0.01,1,1301,买盘
1155,13:50:09,13.0,--,8,10400,卖盘
1156,13:50:06,13.0,--,4,5200,卖盘
1157,13:50:03,13.0,--,23,29900,卖盘
1158,13:50:00,13.0,--,59,76700,卖盘
1159,13:49:57,13.0,-0.01,20,26000,卖盘
1160,13:49:51,13.01,0.01,7,9107,买盘
1161,13:49:48,13.0,-0.01,330,429000,卖盘
1162,13:49:42,13.01,0.01,10,13010,买盘
1163,13:49:39,13.0,--,6,7800,卖盘
1164,13:49:36,13.0,-0.01,2,2600,卖盘
1165,13:49:30,13.01,0.01,1,1301,买盘
1166,13:49:24,13.0,-0.01,49,63700,卖盘
1167,13:49:21,13.01,0.01,3,3903,买盘
1168,13:49:18,13.0,--,6,7800,卖盘
1169,13:49:15,13.0,-0.01,35,45500,卖盘
1170,13:49:12,13.01,0.01,10,13010,买盘
1171,13:49:09,13.0,--,12,15600,买盘
1172,13:49:06,13.0,--,3,3900,买盘
1173,13:49:03,13.0,0.01,15,19500,买盘
1174,13:49:00,12.99,--,35,45465,卖盘
1175,13:48:57,12.99,--,17,22083,卖盘
1176,13:48:54,12.99,-0.01,47,61053,卖盘
1177,13:48:51,13.0,--,10,13000,买盘
1178,13:48:48,13.0,0.01,27,35100,买盘
1179,13:48:45,12.99,-0.01,20,25980,卖盘
1180,13:48:42,13.0,--,15,19500,买盘
1181,13:48:39,13.0,0.01,47,61100,买盘
1182,13:48:36,12.99,-0.01,6,7794,卖盘
1183,13:48:33,13.0,0.01,1,1300,买盘
1184,13:48:30,12.99,-0.02,7,9093,卖盘
1185,13:48:27,13.01,0.01,119,154819,买盘
1186,13:48:24,13.0,-0.01,120,156000,卖盘
1187,13:48:18,13.01,0.01,12,15612,买盘
1188,13:48:15,13.0,--,42,54600,卖盘
1189,13:48:09,13.0,--,2,2600,卖盘
1190,13:48:06,13.0,-0.01,3,3900,卖盘
1191,13:48:03,13.01,-0.01,273,355173,卖盘
1192,13:48:00,13.02,0.01,10,13020,买盘
1193,13:47:57,13.01,--,118,153518,卖盘
1194,13:47:54,13.01,-0.01,25,32525,卖盘
1195,13:47:51,13.02,0.01,9,11718,买盘
1196,13:47:48,13.01,--,38,49438,卖盘
1197,13:47:45,13.01,--,20,26020,卖盘
1198,13:47:39,13.01,--,6,7806,卖盘
1199,13:47:36,13.01,-0.01,30,39030,卖盘
1200,13:47:24,13.02,0.01,20,26040,买盘
1201,13:47:21,13.01,--,50,65050,卖盘
1202,13:47:18,13.01,--,25,32525,卖盘
1203,13:47:15,13.01,--,46,59846,卖盘
1204,13:47:12,13.01,--,46,59846,卖盘
1205,13:47:09,13.01,--,30,39030,卖盘
1206,13:47:06,13.01,--,22,28622,卖盘
1207,13:47:03,13.01,-0.01,36,46836,卖盘
1208,13:47:00,13.02,--,11,14322,买盘
1209,13:46:57,13.02,--,99,128898,卖盘
1210,13:46:54,13.02,--,30,39060,卖盘
1211,13:46:51,13.02,--,52,67704,卖盘
1212,13:46:48,13.02,-0.01,25,32550,卖盘
1213,13:46:45,13.03,0.01,80,104240,买盘
1214,13:46:42,13.02,--,202,263004,卖盘
1215,13:46:39,13.02,--,41,53382,卖盘
1216,13:46:36,13.02,-0.01,17,22134,卖盘
1217,13:46:33,13.03,--,10,13030,买盘
1218,13:46:30,13.03,0.01,17,22151,买盘
1219,13:46:27,13.02,0.01,58,75516,买盘
1220,13:46:24,13.01,-0.02,85,110585,卖盘
1221,13:46:21,13.03,0.01,19,24757,买盘
1222,13:46:18,13.02,--,98,127596,卖盘
1223,13:46:15,13.02,-0.01,78,101556,卖盘
1224,13:46:12,13.03,--,14,18242,买盘
1225,13:46:09,13.03,0.01,1,1303,买盘
1226,13:46:06,13.02,--,5,6510,卖盘
1227,13:46:03,13.02,--,20,26040,卖盘
1228,13:45:57,13.02,--,5,6510,卖盘
1229,13:45:54,13.02,0.01,297,386694,买盘
1230,13:45:51,13.01,--,40,52040,卖盘
1231,13:45:48,13.01,-0.01,31,40331,卖盘
1232,13:45:45,13.02,0.01,20,26040,买盘
1233,13:45:39,13.01,--,6,7806,卖盘
1234,13:45:36,13.01,-0.01,6,7806,卖盘
1235,13:45:24,13.02,--,22,28644,买盘
1236,13:45:21,13.02,0.01,163,212226,买盘
1237,13:45:18,13.01,0.01,53,69785,买盘
1238,13:45:15,13.0,-0.01,42,54600,卖盘
1239,13:45:12,13.01,--,112,145712,买盘
1240,13:45:09,13.01,0.01,19,24719,买盘
1241,13:45:06,13.0,-0.01,2,2600,卖盘
1242,13:45:03,13.01,--,16,20816,买盘
1243,13:45:00,13.01,--,40,52040,买盘
1244,13:44:57,13.01,0.01,354,460554,买盘
1245,13:44:54,13.0,--,16,20800,买盘
1246,13:44:51,13.0,--,101,131300,买盘
1247,13:44:48,13.0,--,50,65000,买盘
1248,13:44:45,13.0,--,1,1300,买盘
1249,13:44:42,13.0,--,41,53300,卖盘
1250,13:44:39,13.0,0.01,85,110500,买盘
1251,13:44:36,12.99,-0.01,2,2598,卖盘
1252,13:44:33,13.0,0.02,75,97500,买盘
1253,13:44:30,12.98,--,6,7788,卖盘
1254,13:44:24,12.98,-0.02,35,45430,卖盘
1255,13:44:21,13.0,0.02,12,15600,买盘
1256,13:44:18,12.98,--,3,3894,卖盘
1257,13:44:15,12.98,-0.01,103,133694,卖盘
1258,13:44:12,12.99,--,29,37671,买盘
1259,13:44:09,12.99,0.01,4,5196,买盘
1260,13:44:06,12.98,-0.01,26,33748,卖盘
1261,13:44:03,12.99,--,92,119508,买盘
1262,13:43:57,12.99,0.01,11,14289,买盘
1263,13:43:54,12.98,--,15,19470,卖盘
1264,13:43:51,12.98,--,23,29854,买盘
1265,13:43:48,12.98,0.01,36,46728,买盘
1266,13:43:45,12.97,-0.01,99,128403,卖盘
1267,13:43:42,12.98,0.01,123,159654,买盘
1268,13:43:39,12.97,-0.01,9,11673,卖盘
1269,13:43:36,12.98,0.01,14,18172,买盘
1270,13:43:33,12.97,-0.01,13,16861,卖盘
1271,13:43:24,12.98,0.01,60,77880,买盘
1272,13:43:21,12.97,-0.01,102,132294,卖盘
1273,13:43:18,12.98,0.01,22,28556,买盘
1274,13:43:15,12.97,--,48,62256,卖盘
1275,13:43:12,12.97,--,68,88196,卖盘
1276,13:43:06,12.97,-0.01,66,85602,卖盘
1277,13:43:03,12.98,0.01,13,16874,买盘
1278,13:42:54,12.97,--,8,10376,卖盘
1279,13:42:48,12.97,-0.01,80,103760,卖盘
1280,13:42:45,12.98,--,123,159654,买盘
1281,13:42:42,12.98,0.01,13,16874,买盘
1282,13:42:39,12.97,-0.01,20,25940,卖盘
1283,13:42:36,12.98,0.01,36,46728,买盘
1284,13:42:30,12.97,--,11,14267,卖盘
1285,13:42:24,12.97,--,28,36316,卖盘
1286,13:42:21,12.97,--,3,3891,卖盘
1287,13:42:18,12.97,--,18,23346,买盘
1288,13:42:15,12.97,--,72,93384,卖盘
1289,13:42:12,12.97,--,2,2594,卖盘
1290,13:42:09,12.97,-0.03,7,9079,中性盘
1291,13:42:03,13.0,0.04,45,58500,买盘
1292,13:42:00,12.96,-0.01,77,99792,卖盘
1293,13:41:54,12.97,-0.04,83,107651,卖盘
1294,13:41:51,13.01,0.04,1118,1454518,买盘
1295,13:41:45,12.97,--,20,25940,卖盘
1296,13:41:42,12.97,--,122,158234,卖盘
1297,13:41:39,12.97,-0.01,6,7782,卖盘
1298,13:41:36,12.98,0.01,1,1298,中性盘
1299,13:41:30,12.97,-0.01,224,290528,卖盘
1300,13:41:27,12.98,0.01,144,186912,买盘
1301,13:41:24,12.97,-0.01,31,40207,卖盘
1302,13:41:21,12.98,0.01,10,12980,买盘
1303,13:41:18,12.97,--,6,7782,卖盘
1304,13:41:15,12.97,-0.01,21,27237,卖盘
1305,13:41:12,12.98,0.01,14,18172,买盘
1306,13:41:09,12.97,--,87,112839,卖盘
1307,13:41:06,12.97,-0.01,60,77820,卖盘
1308,13:41:03,12.98,0.01,61,79178,买盘
1309,13:41:00,12.97,--,89,115433,卖盘
1310,13:40:57,12.97,0.01,147,190659,买盘
1311,13:40:54,12.96,--,19,24624,卖盘
1312,13:40:51,12.96,--,4,5184,卖盘
1313,13:40:48,12.96,-0.01,25,32400,卖盘
1314,13:40:45,12.97,0.01,20,25940,买盘
1315,13:40:42,12.96,-0.01,21,27216,卖盘
1316,13:40:39,12.97,0.01,305,395585,买盘
1317,13:40:36,12.96,-0.01,46,59616,卖盘
1318,13:40:33,12.97,--,3,3891,买盘
1319,13:40:30,12.97,0.01,27,35019,买盘
1320,13:40:24,12.96,--,4,5184,卖盘
1321,13:40:21,12.96,-0.01,22,28512,卖盘
1322,13:40:18,12.97,0.01,50,64850,买盘
1323,13:40:15,12.96,--,20,25920,卖盘
1324,13:40:12,12.96,-0.02,32,41472,卖盘
1325,13:40:03,12.98,0.01,282,366036,买盘
1326,13:39:57,12.97,--,86,111542,卖盘
1327,13:39:54,12.97,--,13,16861,卖盘
1328,13:39:51,12.97,--,4,5188,卖盘
1329,13:39:45,12.97,--,452,586244,卖盘
1330,13:39:42,12.97,--,151,195847,卖盘
1331,13:39:39,12.97,--,26,33722,卖盘
1332,13:39:36,12.97,--,14,18158,卖盘
1333,13:39:33,12.97,-0.01,7,9079,卖盘
1334,13:39:30,12.98,--,6,7788,卖盘
1335,13:39:27,12.98,-0.01,12,15576,卖盘
1336,13:39:24,12.99,0.01,176,228624,买盘
1337,13:39:21,12.98,--,25,32450,卖盘
1338,13:39:18,12.98,--,10,12980,卖盘
1339,13:39:12,12.98,--,30,38940,卖盘
1340,13:39:09,12.98,--,32,41536,卖盘
1341,13:39:06,12.98,--,29,37642,卖盘
1342,13:39:03,12.98,--,28,36344,卖盘
1343,13:38:57,12.98,--,17,22066,卖盘
1344,13:38:54,12.98,--,84,109032,卖盘
1345,13:38:51,12.98,--,9,11682,卖盘
1346,13:38:48,12.98,--,10,12980,卖盘
1347,13:38:45,12.98,--,58,75284,卖盘
1348,13:38:42,12.98,--,12,15576,卖盘
1349,13:38:39,12.98,--,20,25960,卖盘
1350,13:38:36,12.98,--,109,141482,卖盘
1351,13:38:33,12.98,--,3,3894,卖盘
1352,13:38:30,12.98,--,6,7788,卖盘
1353,13:38:24,12.98,-0.01,11,14278,卖盘
1354,13:38:21,12.99,0.01,15,19485,买盘
1355,13:38:18,12.98,-0.01,35,45430,卖盘
1356,13:38:15,12.99,0.01,7,9093,买盘
1357,13:38:12,12.98,--,72,93456,卖盘
1358,13:38:09,12.98,--,67,86966,卖盘
1359,13:38:06,12.98,--,80,103840,卖盘
1360,13:38:03,12.98,-0.01,22,28556,卖盘
1361,13:38:00,12.99,0.01,1,1299,买盘
1362,13:37:57,12.98,-0.01,283,367334,卖盘
1363,13:37:54,12.99,--,5,6495,卖盘
1364,13:37:48,12.99,--,60,77940,卖盘
1365,13:37:42,12.99,--,72,93528,卖盘
1366,13:37:39,12.99,-0.01,56,72744,卖盘
1367,13:37:36,13.0,0.01,32,41600,买盘
1368,13:37:33,12.99,--,2,2598,卖盘
1369,13:37:30,12.99,--,9,11691,卖盘
1370,13:37:27,12.99,--,23,29877,卖盘
1371,13:37:24,12.99,0.01,122,158478,买盘
1372,13:37:21,12.98,--,10,12980,卖盘
1373,13:37:18,12.98,--,171,221958,卖盘
1374,13:37:15,12.98,-0.01,73,94754,卖盘
1375,13:37:12,12.99,0.01,183,238626,买盘
1376,13:37:09,12.98,-0.01,241,313233,卖盘
1377,13:37:06,12.99,--,13,16887,买盘
1378,13:37:03,12.99,0.01,28,36372,买盘
1379,13:37:00,12.98,--,90,116820,卖盘
1380,13:36:57,12.98,--,8,10384,卖盘
1381,13:36:54,12.98,--,73,94754,卖盘
1382,13:36:51,12.98,--,53,68794,卖盘
1383,13:36:48,12.98,--,398,517097,卖盘
1384,13:36:45,12.98,--,43,55814,卖盘
1385,13:36:42,12.98,--,62,80476,卖盘
1386,13:36:39,12.98,-0.01,31,40238,卖盘
1387,13:36:36,12.99,0.01,15,19485,买盘
1388,13:36:33,12.98,-0.01,123,159654,卖盘
1389,13:36:30,12.99,--,6,7794,卖盘
1390,13:36:27,12.99,--,22,28578,卖盘
1391,13:36:21,12.99,--,94,122106,买盘
1392,13:36:18,12.99,--,9,11691,卖盘
1393,13:36:15,12.99,-0.01,169,219531,卖盘
1394,13:36:12,13.0,0.01,118,153400,买盘
1395,13:36:09,12.99,--,12,15588,买盘
1396,13:36:06,12.99,--,50,64950,买盘
1397,13:36:03,12.99,--,45,58455,买盘
1398,13:36:00,12.99,--,239,311032,卖盘
1399,13:35:57,12.99,--,32,41568,卖盘
1400,13:35:54,12.99,--,71,92229,卖盘
1401,13:35:51,12.99,--,24,31176,卖盘
1402,13:35:48,12.99,--,68,88332,卖盘
1403,13:35:42,12.99,--,6,7794,卖盘
1404,13:35:39,12.99,--,178,231222,卖盘
1405,13:35:36,12.99,--,41,53259,卖盘
1406,13:35:33,12.99,-0.01,22,28578,卖盘
1407,13:35:30,13.0,0.01,6,7800,买盘
1408,13:35:24,12.99,--,72,93528,卖盘
1409,13:35:21,12.99,--,38,49362,卖盘
1410,13:35:18,12.99,--,26,33774,卖盘
1411,13:35:15,12.99,-0.02,3,3897,卖盘
1412,13:35:09,13.01,0.01,186,241986,买盘
1413,13:35:06,13.0,--,40,52000,买盘
1414,13:35:03,13.0,--,15,19500,买盘
1415,13:35:00,13.0,0.01,1,1300,买盘
1416,13:34:57,12.99,--,118,153957,卖盘
1417,13:34:54,12.99,--,6,7794,卖盘
1418,13:34:51,12.99,--,140,181860,卖盘
1419,13:34:48,12.99,--,23,29877,卖盘
1420,13:34:45,12.99,--,81,105219,卖盘
1421,13:34:36,12.99,--,109,141642,买盘
1422,13:34:33,12.99,0.01,150,194850,买盘
1423,13:34:30,12.98,--,26,33748,卖盘
1424,13:34:27,12.98,-0.01,100,129800,卖盘
1425,13:34:21,12.99,0.02,159,207268,买盘
1426,13:34:18,12.97,-0.01,88,114136,卖盘
1427,13:34:15,12.98,0.01,10,12980,买盘
1428,13:34:12,12.97,-0.02,300,389100,卖盘
1429,13:34:09,12.99,0.01,1,1299,买盘
1430,13:34:03,12.98,--,39,50622,卖盘
1431,13:33:57,12.98,-0.01,1,1298,卖盘
1432,13:33:54,12.99,--,102,132498,卖盘
1433,13:33:51,12.99,--,12,15588,卖盘
1434,13:33:48,12.99,--,27,35073,卖盘
1435,13:33:45,12.99,--,1,1299,买盘
1436,13:33:42,12.99,-0.01,110,142890,卖盘
1437,13:33:39,13.0,0.01,47,61100,买盘
1438,13:33:36,12.99,--,26,33774,卖盘
1439,13:33:33,12.99,--,2,2598,卖盘
1440,13:33:30,12.99,-0.01,88,114312,中性盘
1441,13:33:27,13.0,0.01,36,46800,买盘
1442,13:33:24,12.99,-0.01,82,106518,卖盘
1443,13:33:21,13.0,0.01,47,61100,买盘
1444,13:33:18,12.99,--,38,49362,卖盘
1445,13:33:15,12.99,0.01,51,66249,中性盘
1446,13:33:09,12.98,--,153,198594,买盘
1447,13:33:06,12.98,-0.01,148,192104,卖盘
1448,13:33:03,12.99,--,21,27279,买盘
1449,13:33:00,12.99,0.01,212,275388,买盘
1450,13:32:57,12.98,0.01,24,31152,买盘
1451,13:32:54,12.97,-0.02,6,7782,卖盘
1452,13:32:51,12.99,0.01,130,168870,买盘
1453,13:32:48,12.98,--,87,112926,卖盘
1454,13:32:42,12.98,--,16,21676,卖盘
1455,13:32:39,12.98,0.01,58,75284,买盘
1456,13:32:36,12.97,--,84,108948,卖盘
1457,13:32:33,12.97,0.01,3,3891,中性盘
1458,13:32:30,12.96,--,6,7776,卖盘
1459,13:32:27,12.96,--,222,287712,买盘
1460,13:32:24,12.96,0.01,70,90720,买盘
1461,13:32:21,12.95,--,750,971768,卖盘
1462,13:32:18,12.95,--,624,808080,卖盘
1463,13:32:15,12.95,--,57,73815,卖盘
1464,13:32:12,12.95,-0.01,6,7770,卖盘
1465,13:32:09,12.96,--,530,686880,买盘
1466,13:32:06,12.96,--,5,6480,买盘
1467,13:32:03,12.96,-0.02,2556,3312576,卖盘
1468,13:32:00,12.98,--,71,92158,卖盘
1469,13:31:57,12.98,--,203,263494,卖盘
1470,13:31:51,12.98,--,120,155760,卖盘
1471,13:31:48,12.98,--,20,25960,卖盘
1472,13:31:45,12.98,--,50,64900,卖盘
1473,13:31:42,12.98,--,149,193402,卖盘
1474,13:31:39,12.98,--,6,7788,卖盘
1475,13:31:36,12.98,--,402,521796,卖盘
1476,13:31:33,12.98,--,23,29854,卖盘
1477,13:31:30,12.98,-0.01,330,428340,卖盘
1478,13:31:24,12.99,0.01,25,32475,买盘
1479,13:31:21,12.98,--,25,32450,卖盘
1480,13:31:18,12.98,--,26,33748,卖盘
1481,13:31:12,12.98,-0.01,3,3894,卖盘
1482,13:31:06,12.99,--,20,25980,买盘
1483,13:31:03,12.99,--,68,88332,买盘
1484,13:31:00,12.99,--,1,1299,买盘
1485,13:30:57,12.99,--,597,776061,卖盘
1486,13:30:54,12.99,--,56,72744,卖盘
1487,13:30:51,12.99,--,543,706097,买盘
1488,13:30:48,12.99,0.01,378,491022,买盘
1489,13:30:45,12.98,--,34,44132,卖盘
1490,13:30:39,12.98,-0.01,6,7788,卖盘
1491,13:30:36,12.99,0.01,91,118209,买盘
1492,13:30:33,12.98,-0.01,97,125906,卖盘
1493,13:30:30,12.99,0.01,37,48063,买盘
1494,13:30:21,12.98,--,45,58410,卖盘
1495,13:30:18,12.98,--,25,32450,卖盘
1496,13:30:12,12.98,-0.01,13,16874,卖盘
1497,13:30:09,12.99,0.01,13,16887,买盘
1498,13:30:06,12.98,-0.01,290,376978,卖盘
1499,13:30:03,12.99,-0.01,130,169610,卖盘
1500,13:30:00,13.0,0.01,2,2600,买盘
1501,13:29:57,12.99,--,720,935280,卖盘
1502,13:29:54,12.99,--,7,9093,卖盘
1503,13:29:51,12.99,--,5,6495,卖盘
1504,13:29:48,12.99,--,21,27279,卖盘
1505,13:29:39,12.99,-0.01,6,7794,卖盘
1506,13:29:36,13.0,--,1,1300,买盘
1507,13:29:33,13.0,--,3,3900,买盘
1508,13:29:30,13.0,0.01,1,1300,买盘
1509,13:29:27,12.99,-0.01,22,28578,卖盘
1510,13:29:24,13.0,--,32,41600,卖盘
1511,13:29:21,13.0,--,20,26000,卖盘
1512,13:29:18,13.0,--,42,54600,卖盘
1513,13:29:15,13.0,--,121,157300,买盘
1514,13:29:09,13.0,--,19,24700,买盘
1515,13:29:06,13.0,-0.01,424,551200,卖盘
1516,13:29:03,13.01,--,31,40331,买盘
1517,13:28:54,13.01,--,79,102779,买盘
1518,13:28:48,13.01,0.01,50,65050,买盘
1519,13:28:45,13.0,-0.01,4,5200,卖盘
1520,13:28:42,13.01,--,38,49438,买盘
1521,13:28:36,13.01,0.01,61,79361,买盘
1522,13:28:33,13.0,-0.01,2,2600,卖盘
1523,13:28:30,13.01,--,18,23418,买盘
1524,13:28:24,13.01,--,98,127498,买盘
1525,13:28:21,13.01,0.01,10,13010,买盘
1526,13:28:18,13.0,--,45,58500,卖盘
1527,13:28:12,13.0,-0.01,13,16900,卖盘
1528,13:28:03,13.01,0.01,121,157421,买盘
1529,13:28:00,13.0,-0.01,24,31200,卖盘
1530,13:27:57,13.01,--,10,13010,买盘
1531,13:27:51,13.01,0.01,16,20816,买盘
1532,13:27:48,13.0,-0.01,13,16900,卖盘
1533,13:27:42,13.01,0.01,11,14311,买盘
1534,13:27:39,13.0,-0.01,10,13000,卖盘
1535,13:27:36,13.01,0.01,1,1301,买盘
1536,13:27:33,13.0,--,2,2600,卖盘
1537,13:27:30,13.0,--,14,18200,卖盘
1538,13:27:24,13.0,--,13,16900,卖盘
1539,13:27:18,13.0,--,53,68900,卖盘
1540,13:27:15,13.0,--,17,22100,卖盘
1541,13:27:12,13.0,-0.01,53,68900,卖盘
1542,13:27:03,13.01,0.01,65,84565,买盘
1543,13:27:00,13.0,-0.01,67,87100,卖盘
1544,13:26:57,13.01,--,50,65050,买盘
1545,13:26:54,13.01,0.01,22,28622,买盘
1546,13:26:51,13.0,-0.01,8,10400,卖盘
1547,13:26:42,13.01,0.01,5,6505,买盘
1548,13:26:39,13.0,-0.01,66,85800,卖盘
1549,13:26:36,13.01,--,75,97575,买盘
1550,13:26:33,13.01,0.01,71,92371,买盘
1551,13:26:30,13.0,-0.01,458,595400,卖盘
1552,13:26:24,13.01,--,10,13010,买盘
1553,13:26:21,13.01,0.01,1,1301,买盘
1554,13:26:18,13.0,--,34,44200,卖盘
1555,13:26:15,13.0,--,20,26000,卖盘
1556,13:26:12,13.0,--,69,89700,卖盘
1557,13:26:06,13.0,--,5,6500,卖盘
1558,13:26:03,13.0,--,33,42900,卖盘
1559,13:26:00,13.0,--,13,16900,卖盘
1560,13:25:57,13.0,-0.01,149,193700,卖盘
1561,13:25:54,13.01,0.01,70,91070,买盘
1562,13:25:51,13.0,-0.01,9,11700,卖盘
1563,13:25:48,13.01,0.01,80,104080,买盘
1564,13:25:42,13.0,--,59,77376,卖盘
1565,13:25:39,13.0,--,6,7800,卖盘
1566,13:25:30,13.0,--,13,16900,卖盘
1567,13:25:24,13.0,--,24,31200,卖盘
1568,13:25:21,13.0,-0.01,203,265109,卖盘
1569,13:25:18,13.01,--,6,7806,卖盘
1570,13:25:15,13.01,--,16,20816,卖盘
1571,13:25:12,13.01,-0.01,70,91070,卖盘
1572,13:25:09,13.02,0.01,21,27342,买盘
1573,13:25:06,13.01,-0.01,1,1301,卖盘
1574,13:25:03,13.02,0.01,12,15624,买盘
1575,13:25:00,13.01,-0.01,42,54642,卖盘
1576,13:24:57,13.02,0.01,13,16926,买盘
1577,13:24:54,13.01,-0.01,6,7806,卖盘
1578,13:24:45,13.02,0.01,14,18228,买盘
1579,13:24:39,13.01,--,218,284502,卖盘
1580,13:24:36,13.01,--,17,22117,卖盘
1581,13:24:30,13.01,--,111,144411,卖盘
1582,13:24:27,13.01,--,17,22117,卖盘
1583,13:24:24,13.01,--,81,105381,卖盘
1584,13:24:21,13.01,--,15,20035,卖盘
1585,13:24:18,13.01,--,11,14311,卖盘
1586,13:24:15,13.01,--,3,3903,卖盘
1587,13:24:12,13.01,-0.01,20,26020,卖盘
1588,13:24:03,13.02,0.01,33,42966,买盘
1589,13:24:00,13.01,-0.01,102,133573,卖盘
1590,13:23:57,13.02,0.01,6,7812,买盘
1591,13:23:54,13.01,--,6,7806,卖盘
1592,13:23:48,13.01,--,9,11709,卖盘
1593,13:23:39,13.01,-0.01,6,7806,卖盘
1594,13:23:36,13.02,0.01,181,236547,买盘
1595,13:23:33,13.01,-0.02,8,10408,卖盘
1596,13:23:30,13.03,0.02,5,6515,买盘
1597,13:23:27,13.01,--,2,2602,卖盘
1598,13:23:24,13.01,--,20,26020,卖盘
1599,13:23:21,13.01,--,6,7806,卖盘
1600,13:23:18,13.01,--,71,92371,卖盘
1601,13:23:15,13.01,--,28,36428,卖盘
1602,13:23:12,13.01,--,91,118391,卖盘
1603,13:23:09,13.01,--,2,2602,卖盘
1604,13:23:06,13.01,-0.02,3,3903,卖盘
1605,13:23:03,13.03,0.01,43,56029,买盘
1606,13:23:00,13.02,0.01,3,3906,中性盘
1607,13:22:54,13.01,--,6,7806,卖盘
1608,13:22:51,13.01,-0.01,171,222471,卖盘
1609,13:22:48,13.02,--,36,46872,买盘
1610,13:22:45,13.02,0.01,20,26040,买盘
1611,13:22:42,13.01,-0.01,68,88468,卖盘
1612,13:22:39,13.02,0.01,187,243474,买盘
1613,13:22:36,13.01,--,2,2602,卖盘
1614,13:22:33,13.01,--,1,1301,卖盘
1615,13:22:30,13.01,-0.01,9,11709,卖盘
1616,13:22:27,13.02,--,6,7812,买盘
1617,13:22:24,13.02,-0.01,42,54684,中性盘
1618,13:22:18,13.03,0.01,77,100331,买盘
1619,13:22:09,13.02,--,50,65100,卖盘
1620,13:22:06,13.02,--,20,26040,卖盘
1621,13:22:03,13.02,--,20,26040,卖盘
1622,13:22:00,13.02,0.01,5,6510,买盘
1623,13:21:57,13.01,--,29,37729,卖盘
1624,13:21:54,13.01,--,79,102779,卖盘
1625,13:21:51,13.01,-0.01,24,31224,卖盘
1626,13:21:45,13.02,--,16,20832,卖盘
1627,13:21:42,13.02,0.01,25,32550,买盘
1628,13:21:39,13.01,-0.01,11,14311,卖盘
1629,13:21:36,13.02,0.01,15,19530,买盘
1630,13:21:33,13.01,-0.01,203,264103,卖盘
1631,13:21:30,13.02,0.01,52,67704,买盘
1632,13:21:27,13.01,--,68,88468,卖盘
1633,13:21:24,13.01,--,23,29923,卖盘
1634,13:21:21,13.01,--,21,27321,卖盘
1635,13:21:18,13.01,-0.01,6,7806,卖盘
1636,13:21:09,13.02,0.01,29,37758,买盘
1637,13:21:06,13.01,-0.01,342,444942,卖盘
1638,13:21:03,13.02,0.01,80,104160,买盘
1639,13:21:00,13.01,-0.01,5,6505,卖盘
1640,13:20:57,13.02,--,5,6510,买盘
1641,13:20:54,13.02,--,14,18228,买盘
1642,13:20:48,13.02,--,22,28644,买盘
1643,13:20:42,13.02,--,150,195300,买盘
1644,13:20:39,13.02,0.01,24,31248,买盘
1645,13:20:36,13.01,--,28,36428,卖盘
1646,13:20:33,13.01,-0.01,1,1301,卖盘
1647,13:20:30,13.02,0.01,28,36456,买盘
1648,13:20:27,13.01,-0.01,10,13010,卖盘
1649,13:20:24,13.02,0.01,34,44268,买盘
1650,13:20:18,13.01,--,148,193380,买盘
1651,13:20:15,13.01,-0.01,10,13010,卖盘
1652,13:20:12,13.02,0.01,53,69006,买盘
1653,13:20:06,13.01,--,20,26020,卖盘
1654,13:20:03,13.01,--,27,35127,中性盘
1655,13:20:00,13.01,0.01,2,2602,中性盘
1656,13:19:57,13.0,-0.01,20,26000,卖盘
1657,13:19:54,13.01,--,5,6505,买盘
1658,13:19:51,13.01,0.01,7,9107,买盘
1659,13:19:48,13.0,-0.01,22,28600,卖盘
1660,13:19:45,13.01,0.01,317,412417,买盘
1661,13:19:42,13.0,-0.01,5,6500,卖盘
1662,13:19:39,13.01,0.01,18,23418,买盘
1663,13:19:36,13.0,--,20,26000,卖盘
1664,13:19:30,13.0,0.01,85,110630,买盘
1665,13:19:27,12.99,--,40,51960,卖盘
1666,13:19:24,12.99,-0.01,81,105219,卖盘
1667,13:19:21,13.0,0.01,18,23400,买盘
1668,13:19:18,12.99,--,106,137694,卖盘
1669,13:19:15,12.99,--,63,81837,卖盘
1670,13:19:12,12.99,--,86,111714,卖盘
1671,13:19:06,12.99,--,75,97425,卖盘
1672,13:19:03,12.99,-0.01,95,123405,卖盘
1673,13:19:00,13.0,0.01,32,41600,买盘
1674,13:18:57,12.99,--,47,61053,卖盘
1675,13:18:54,12.99,-0.01,18,23382,卖盘
1676,13:18:51,13.0,0.01,102,132600,买盘
1677,13:18:48,12.99,-0.01,346,449454,卖盘
1678,13:18:45,13.0,--,24,31200,买盘
1679,13:18:39,13.0,0.01,13,16900,买盘
1680,13:18:36,12.99,--,29,37671,买盘
1681,13:18:33,12.99,--,29,37671,买盘
1682,13:18:30,12.99,--,124,161076,卖盘
1683,13:18:27,12.99,--,10,12990,卖盘
1684,13:18:21,12.99,--,19,24681,卖盘
1685,13:18:18,12.99,-0.01,70,90930,卖盘
1686,13:18:15,13.0,--,50,65000,买盘
1687,13:18:12,13.0,0.01,10,13000,买盘
1688,13:18:09,12.99,-0.01,30,38970,卖盘
1689,13:18:06,13.0,0.01,1,1300,买盘
1690,13:18:03,12.99,--,54,70146,卖盘
1691,13:18:00,12.99,--,388,504012,卖盘
1692,13:17:57,12.99,-0.01,73,94827,卖盘
1693,13:17:54,13.0,--,3,3900,买盘
1694,13:17:51,13.0,0.01,11,14300,买盘
1695,13:17:48,12.99,--,5,6495,卖盘
1696,13:17:45,12.99,--,39,50661,卖盘
1697,13:17:42,12.99,--,6,7794,卖盘
1698,13:17:39,12.99,--,26,33774,卖盘
1699,13:17:36,12.99,-0.01,90,116910,卖盘
1700,13:17:30,13.0,0.01,357,464100,买盘
1701,13:17:27,12.99,-0.01,28,36372,卖盘
1702,13:17:24,13.0,0.01,443,575900,买盘
1703,13:17:21,12.99,--,22,28578,卖盘
1704,13:17:18,12.99,--,123,159777,买盘
1705,13:17:09,12.99,--,38,49362,买盘
1706,13:17:06,12.99,-0.01,422,548178,卖盘
1707,13:17:03,13.0,0.01,331,430300,买盘
1708,13:17:00,12.99,--,24,31176,卖盘
1709,13:16:54,12.99,--,126,163674,卖盘
1710,13:16:51,12.99,--,3,3897,卖盘
1711,13:16:48,12.99,--,50,64950,卖盘
1712,13:16:45,12.99,--,67,87033,卖盘
1713,13:16:42,12.99,--,62,80538,卖盘
1714,13:16:39,12.99,-0.01,68,88332,卖盘
1715,13:16:36,13.0,0.01,16,20800,买盘
1716,13:16:30,12.99,-0.01,215,279285,卖盘
1717,13:16:27,13.0,0.01,123,159900,买盘
1718,13:16:24,12.99,-0.01,3,3897,卖盘
1719,13:16:21,13.0,0.01,10,13000,买盘
1720,13:16:18,12.99,-0.01,1,1299,卖盘
1721,13:16:15,13.0,--,42,54600,买盘
1722,13:16:12,13.0,--,78,101400,买盘
1723,13:16:09,13.0,--,469,609700,卖盘
1724,13:16:06,13.0,--,102,132600,卖盘
1725,13:16:03,13.0,--,37,48100,卖盘
1726,13:16:00,13.0,--,136,176800,卖盘
1727,13:15:57,13.0,-0.01,93,120900,卖盘
1728,13:15:54,13.01,0.01,20,26020,买盘
1729,13:15:48,13.0,--,215,279500,卖盘
1730,13:15:45,13.0,--,315,409500,卖盘
1731,13:15:39,13.0,--,6,7800,卖盘
1732,13:15:30,13.0,--,2,2600,卖盘
1733,13:15:21,13.0,--,18,23400,卖盘
1734,13:15:18,13.0,--,8,10400,卖盘
1735,13:15:15,13.0,0.01,295,383500,买盘
1736,13:15:12,12.99,-0.01,35,45465,卖盘
1737,13:15:09,13.0,--,10,13000,买盘
1738,13:15:06,13.0,-0.01,242,314600,卖盘
1739,13:15:03,13.01,0.01,13,16913,买盘
1740,13:15:00,13.0,--,181,235300,卖盘
1741,13:14:57,13.0,--,56,72800,卖盘
1742,13:14:54,13.0,--,6,7800,卖盘
1743,13:14:48,13.0,0.01,625,812500,买盘
1744,13:14:45,12.99,-0.01,10,12990,卖盘
1745,13:14:42,13.0,0.01,12,15600,买盘
1746,13:14:39,12.99,--,2,2598,卖盘
1747,13:14:30,12.99,-0.01,46,59754,卖盘
1748,13:14:27,13.0,--,72,93600,买盘
1749,13:14:21,13.0,--,72,93600,买盘
1750,13:14:18,13.0,0.01,4,5200,买盘
1751,13:14:15,12.99,--,21,27279,卖盘
1752,13:14:09,12.99,--,1,1299,卖盘
1753,13:14:06,12.99,--,6,7794,卖盘
1754,13:14:03,12.99,-0.01,43,55857,卖盘
1755,13:14:00,13.0,0.01,16,20800,买盘
1756,13:13:54,12.99,--,30,38970,卖盘
1757,13:13:45,12.99,-0.01,63,81837,卖盘
1758,13:13:42,13.0,0.01,1,1300,买盘
1759,13:13:39,12.99,-0.01,6,7794,卖盘
1760,13:13:36,13.0,0.01,3,3900,买盘
1761,13:13:33,12.99,--,18,23382,卖盘
1762,13:13:30,12.99,--,2,2598,卖盘
1763,13:13:27,12.99,--,13,16887,卖盘
1764,13:13:24,12.99,--,15,19485,卖盘
1765,13:13:21,12.99,--,10,12990,卖盘
1766,13:13:18,12.99,--,37,48063,卖盘
1767,13:13:15,12.99,--,4,5196,卖盘
1768,13:13:09,12.99,-0.01,28,36372,卖盘
1769,13:13:03,13.0,0.01,13,16900,买盘
1770,13:13:00,12.99,--,73,94827,卖盘
1771,13:12:57,12.99,--,31,40269,卖盘
1772,13:12:54,12.99,-0.01,26,33774,卖盘
1773,13:12:45,13.0,--,26,33800,买盘
1774,13:12:42,13.0,0.01,30,39000,买盘
1775,13:12:39,12.99,--,38,49362,卖盘
1776,13:12:33,12.99,--,29,37671,卖盘
1777,13:12:30,12.99,--,14,18186,卖盘
1778,13:12:27,12.99,--,51,66249,买盘
1779,13:12:24,12.99,--,181,235119,卖盘
1780,13:12:21,12.99,--,24,31176,卖盘
1781,13:12:15,12.99,--,111,144189,买盘
1782,13:12:12,12.99,--,51,66249,卖盘
1783,13:12:06,12.99,--,10,12990,卖盘
1784,13:12:03,12.99,--,31,40269,卖盘
1785,13:12:00,12.99,-0.01,18,23382,卖盘
1786,13:11:57,13.0,0.01,92,119600,买盘
1787,13:11:54,12.99,-0.01,4,5196,卖盘
1788,13:11:51,13.0,--,51,66300,买盘
1789,13:11:48,13.0,--,86,111800,买盘
1790,13:11:45,13.0,--,12,15600,买盘
1791,13:11:42,13.0,--,1,1300,买盘
1792,13:11:39,13.0,0.01,38,49400,买盘
1793,13:11:36,12.99,--,8,10392,卖盘
1794,13:11:33,12.99,-0.01,10,12990,卖盘
1795,13:11:30,13.0,--,1,1300,卖盘
1796,13:11:27,13.0,0.01,2,2600,卖盘
1797,13:11:24,12.99,-0.01,372,483228,卖盘
1798,13:11:18,13.0,--,61,79300,买盘
1799,13:11:15,13.0,0.01,6,7800,买盘
1800,13:11:09,12.99,-0.01,113,146787,卖盘
1801,13:11:06,13.0,-0.01,63,81900,卖盘
1802,13:11:03,13.01,0.01,13,16913,买盘
1803,13:11:00,13.0,-0.01,14,18200,卖盘
1804,13:10:57,13.01,0.01,116,150916,买盘
1805,13:10:54,13.0,--,8,10400,卖盘
1806,13:10:51,13.0,--,5,6500,卖盘
1807,13:10:48,13.0,0.01,20,26000,中性盘
1808,13:10:42,12.99,-0.01,11,14289,卖盘
1809,13:10:39,13.0,0.01,47,61100,买盘
1810,13:10:36,12.99,-0.02,21,27279,卖盘
1811,13:10:30,13.01,--,18,23418,卖盘
1812,13:10:27,13.01,0.01,50,65050,买盘
1813,13:10:21,13.0,-0.01,867,1127100,卖盘
1814,13:10:18,13.01,-0.01,10,13010,卖盘
1815,13:10:15,13.02,--,9,11718,买盘
1816,13:10:12,13.02,0.01,9,11718,买盘
1817,13:10:09,13.01,--,2,2602,卖盘
1818,13:10:06,13.01,--,112,145712,卖盘
1819,13:10:03,13.01,--,70,91070,卖盘
1820,13:10:00,13.01,--,3,3903,卖盘
1821,13:09:48,13.01,--,22,28622,卖盘
1822,13:09:45,13.01,-0.01,7,9107,卖盘
1823,13:09:42,13.02,--,11,14322,买盘
1824,13:09:39,13.02,--,11,14322,买盘
1825,13:09:36,13.02,--,5,6510,买盘
1826,13:09:33,13.02,0.01,32,41664,买盘
1827,13:09:30,13.01,-0.01,8,10408,卖盘
1828,13:09:27,13.02,--,10,13020,买盘
1829,13:09:24,13.02,0.01,1,1302,买盘
1830,13:09:18,13.01,--,6,7806,卖盘
1831,13:09:12,13.01,--,67,87167,卖盘
1832,13:09:09,13.01,-0.01,21,27321,卖盘
1833,13:09:03,13.02,0.01,39,50778,买盘
1834,13:09:00,13.01,-0.01,2,2602,卖盘
1835,13:08:57,13.02,0.01,1,1302,买盘
1836,13:08:54,13.01,--,6,7806,卖盘
1837,13:08:51,13.01,--,5,6505,卖盘
1838,13:08:48,13.01,--,18,23418,卖盘
1839,13:08:45,13.01,-0.01,5,6505,卖盘
1840,13:08:42,13.02,0.01,8,10416,买盘
1841,13:08:39,13.01,-0.01,5,6505,卖盘
1842,13:08:36,13.02,0.01,634,825468,买盘
1843,13:08:30,13.01,-0.01,8,10408,卖盘
1844,13:08:27,13.02,0.02,15,19530,买盘
1845,13:08:24,13.0,-0.02,8,10400,卖盘
1846,13:08:21,13.02,0.01,25,32550,买盘
1847,13:08:18,13.01,--,2,2602,卖盘
1848,13:08:12,13.01,--,17,22117,卖盘
1849,13:08:09,13.01,0.01,37,48137,中性盘
1850,13:08:03,13.0,-0.01,70,91000,卖盘
1851,13:08:00,13.01,0.01,34,44234,买盘
1852,13:07:57,13.0,--,30,39000,卖盘
1853,13:07:54,13.0,-0.01,416,540800,卖盘
1854,13:07:51,13.01,0.01,52,67652,买盘
1855,13:07:45,13.0,-0.01,56,72800,卖盘
1856,13:07:42,13.01,0.01,31,40331,买盘
1857,13:07:39,13.0,--,52,67600,卖盘
1858,13:07:36,13.0,-0.01,183,237900,卖盘
1859,13:07:33,13.01,--,10,13010,买盘
1860,13:07:30,13.01,--,307,399407,买盘
1861,13:07:27,13.01,0.01,2,2602,买盘
1862,13:07:24,13.0,-0.01,571,742300,卖盘
1863,13:07:21,13.01,0.01,111,144411,买盘
1864,13:07:18,13.0,--,434,564200,卖盘
1865,13:07:15,13.0,-0.01,194,252200,卖盘
1866,13:07:12,13.01,0.01,200,260200,买盘
1867,13:07:09,13.0,-0.01,32,41600,卖盘
1868,13:07:06,13.01,--,6,7806,买盘
1869,13:07:03,13.01,--,112,145712,买盘
1870,13:07:00,13.01,--,46,59846,买盘
1871,13:06:57,13.01,0.01,45,58545,买盘
1872,13:06:54,13.0,--,69,89700,卖盘
1873,13:06:51,13.0,-0.01,26,33800,卖盘
1874,13:06:48,13.01,--,61,79361,买盘
1875,13:06:45,13.01,0.01,404,525604,买盘
1876,13:06:42,13.0,--,51,66300,卖盘
1877,13:06:39,13.0,-0.01,21,27300,卖盘
1878,13:06:36,13.01,--,33,42933,买盘
1879,13:06:33,13.01,0.01,626,814426,买盘
1880,13:06:30,13.0,--,6,7800,卖盘
1881,13:06:27,13.0,--,22,28600,卖盘
1882,13:06:24,13.0,-0.01,8,10400,卖盘
1883,13:06:18,13.01,--,15,19515,买盘
1884,13:06:15,13.01,--,19,24719,买盘
1885,13:06:09,13.01,0.01,60,78060,买盘
1886,13:06:06,13.0,--,102,132600,卖盘
1887,13:06:03,13.0,--,29,37700,卖盘
1888,13:06:00,13.0,--,1,1300,卖盘
1889,13:05:57,13.0,-0.01,168,218400,卖盘
1890,13:05:54,13.01,--,411,534711,买盘
1891,13:05:51,13.01,0.01,77,100177,买盘
1892,13:05:48,13.0,--,1,1300,卖盘
1893,13:05:45,13.0,-0.01,4,5200,卖盘
1894,13:05:42,13.01,0.01,32,41632,买盘
1895,13:05:39,13.0,--,7,9100,卖盘
1896,13:05:33,13.0,--,62,80600,卖盘
1897,13:05:30,13.0,--,142,184600,卖盘
1898,13:05:27,13.0,-0.01,28,36400,卖盘
1899,13:05:21,13.01,0.01,11,14311,买盘
1900,13:05:18,13.0,-0.01,286,371800,卖盘
1901,13:05:15,13.01,--,22,28622,卖盘
1902,13:05:09,13.01,--,20,26020,卖盘
1903,13:05:06,13.01,-0.01,39,50739,卖盘
1904,13:05:03,13.02,--,13,16926,买盘
1905,13:05:00,13.02,0.01,1,1302,买盘
1906,13:04:57,13.01,--,13,16913,卖盘
1907,13:04:54,13.01,--,16,20816,卖盘
1908,13:04:51,13.01,--,59,76759,卖盘
1909,13:04:48,13.01,--,55,71555,卖盘
1910,13:04:45,13.01,-0.01,3,3903,卖盘
1911,13:04:42,13.02,0.01,8,10416,买盘
1912,13:04:39,13.01,--,22,28622,卖盘
1913,13:04:36,13.01,--,14,18214,卖盘
1914,13:04:33,13.01,--,52,67652,卖盘
1915,13:04:30,13.01,--,16,20816,卖盘
1916,13:04:27,13.01,--,22,28622,卖盘
1917,13:04:21,13.01,--,16,20816,卖盘
1918,13:04:18,13.01,-0.01,14,18214,卖盘
1919,13:04:15,13.02,--,212,276024,卖盘
1920,13:04:12,13.02,--,27,35154,卖盘
1921,13:04:09,13.02,--,9,11718,卖盘
1922,13:04:06,13.02,--,41,53382,卖盘
1923,13:04:03,13.02,--,70,91140,卖盘
1924,13:04:00,13.02,--,146,190092,卖盘
1925,13:03:57,13.02,--,20,26040,卖盘
1926,13:03:54,13.02,--,8,10416,卖盘
1927,13:03:51,13.02,--,106,138012,卖盘
1928,13:03:48,13.02,--,11,14322,卖盘
1929,13:03:45,13.02,--,6,7812,卖盘
1930,13:03:39,13.02,--,8,10416,卖盘
1931,13:03:33,13.02,-0.01,12,15624,卖盘
1932,13:03:30,13.03,0.01,1,1303,买盘
1933,13:03:27,13.02,--,34,44268,卖盘
1934,13:03:24,13.02,--,109,141918,卖盘
1935,13:03:21,13.02,--,18,23436,卖盘
1936,13:03:18,13.02,-0.01,21,27342,卖盘
1937,13:03:12,13.03,0.01,1,1303,买盘
1938,13:03:09,13.02,-0.01,1,1302,卖盘
1939,13:03:06,13.03,-0.01,258,336174,卖盘
1940,13:03:03,13.04,0.01,17,22168,买盘
1941,13:02:57,13.03,--,76,99028,卖盘
1942,13:02:54,13.03,-0.01,8,10424,卖盘
1943,13:02:42,13.04,0.01,1,1304,买盘
1944,13:02:39,13.03,-0.01,37,48211,卖盘
1945,13:02:33,13.04,0.01,28,36512,买盘
1946,13:02:30,13.03,--,32,41696,卖盘
1947,13:02:27,13.03,--,2,2606,卖盘
1948,13:02:24,13.03,--,151,196753,卖盘
1949,13:02:18,13.03,--,82,106846,买盘
1950,13:02:15,13.03,0.01,47,61241,中性盘
1951,13:02:12,13.02,-0.01,37,48174,卖盘
1952,13:02:09,13.03,--,408,531624,卖盘
1953,13:02:03,13.03,--,18,23454,卖盘
1954,13:02:00,13.03,-0.01,17,22151,卖盘
1955,13:01:57,13.04,0.01,28,36512,买盘
1956,13:01:54,13.03,--,21,27363,卖盘
1957,13:01:51,13.03,--,113,147239,卖盘
1958,13:01:48,13.03,--,20,26060,卖盘
1959,13:01:45,13.03,-0.01,50,65150,卖盘
1960,13:01:42,13.04,0.01,122,159088,买盘
1961,13:01:39,13.03,--,46,59938,卖盘
1962,13:01:33,13.03,--,124,161572,卖盘
1963,13:01:30,13.03,--,2,2606,卖盘
1964,13:01:27,13.03,--,113,147239,卖盘
1965,13:01:24,13.03,--,72,93816,卖盘
1966,13:01:21,13.03,--,1,1303,卖盘
1967,13:01:18,13.03,-0.01,20,26060,卖盘
1968,13:01:15,13.04,--,36,46944,买盘
1969,13:01:12,13.04,--,1,1304,买盘
1970,13:01:09,13.04,0.01,169,220376,买盘
1971,13:01:06,13.03,-0.01,1,1303,卖盘
1972,13:01:03,13.04,--,229,298928,卖盘
1973,13:01:00,13.04,--,75,97800,卖盘
1974,13:00:57,13.04,--,2,2608,卖盘
1975,13:00:54,13.04,--,14,18256,卖盘
1976,13:00:48,13.04,-0.01,70,91280,卖盘
1977,13:00:42,13.05,--,2,2610,买盘
1978,13:00:36,13.05,0.01,69,90045,买盘
1979,13:00:30,13.04,--,37,48248,卖盘
1980,13:00:27,13.04,--,30,40111,卖盘
1981,13:00:24,13.04,-0.01,31,40424,卖盘
1982,13:00:21,13.05,0.01,10,13050,买盘
1983,13:00:18,13.04,--,9,11736,卖盘
1984,13:00:15,13.04,--,3,3911,卖盘
1985,13:00:12,13.04,-0.01,71,92896,卖盘
1986,13:00:09,13.05,-0.01,121,157905,卖盘
1987,13:00:06,13.06,--,10,13060,买盘
1988,13:00:03,13.06,--,2565,3349890,卖盘
1989,13:00:00,13.06,--,0,0,卖盘
1990,11:30:00,13.06,--,100,130600,卖盘
1991,11:29:57,13.06,--,80,104480,卖盘
1992,11:29:54,13.06,--,6,7836,卖盘
1993,11:29:51,13.06,--,1,1306,卖盘
1994,11:29:45,13.06,-0.01,18,23508,卖盘
1995,11:29:42,13.07,0.01,57,74499,买盘
1996,11:29:39,13.06,-0.01,4,5224,卖盘
1997,11:29:36,13.07,--,30,39210,买盘
1998,11:29:33,13.07,--,3,3921,买盘
1999,11:29:30,13.07,0.01,7,9149,买盘
2000,11:29:27,13.06,-0.01,2,2612,卖盘
2001,11:29:15,13.07,-0.01,207,270549,卖盘
2002,11:29:12,13.08,0.01,23,30084,买盘
2003,11:29:09,13.07,--,24,31368,卖盘
2004,11:29:06,13.07,--,69,90183,卖盘
2005,11:29:03,13.07,--,30,39210,卖盘
2006,11:29:00,13.07,-0.01,37,48359,卖盘
2007,11:28:57,13.08,0.01,3,3924,买盘
2008,11:28:54,13.07,--,17,22219,卖盘
2009,11:28:51,13.07,0.01,43,56201,中性盘
2010,11:28:48,13.06,-0.02,245,319970,卖盘
2011,11:28:45,13.08,--,11,14388,买盘
2012,11:28:42,13.08,0.01,11,14388,买盘
2013,11:28:39,13.07,--,279,364653,卖盘
2014,11:28:36,13.07,--,114,148998,卖盘
2015,11:28:30,13.07,--,117,152919,卖盘
2016,11:28:27,13.07,--,22,28754,卖盘
2017,11:28:24,13.07,0.01,312,407784,买盘
2018,11:28:21,13.06,--,66,86196,卖盘
2019,11:28:18,13.06,-0.01,47,61382,卖盘
2020,11:28:15,13.07,--,1,1307,买盘
2021,11:28:12,13.07,--,12,15684,买盘
2022,11:28:03,13.07,--,20,26140,买盘
2023,11:27:57,13.07,--,24,31368,买盘
2024,11:27:54,13.07,--,32,41824,买盘
2025,11:27:51,13.07,-0.01,13,16991,中性盘
2026,11:27:42,13.08,0.02,11,14388,买盘
2027,11:27:39,13.06,--,30,39180,卖盘
2028,11:27:36,13.06,-0.01,35,45710,卖盘
2029,11:27:33,13.07,--,19,24833,卖盘
2030,11:27:30,13.07,0.01,20,26140,买盘
2031,11:27:27,13.06,-0.02,16,20896,卖盘
2032,11:27:21,13.08,0.01,126,164808,买盘
2033,11:27:18,13.07,--,158,206506,卖盘
2034,11:27:15,13.07,--,53,69271,卖盘
2035,11:27:12,13.07,-0.01,113,147691,卖盘
2036,11:27:09,13.08,0.01,33,43164,买盘
2037,11:27:03,13.07,-0.01,33,43131,卖盘
2038,11:26:57,13.08,0.01,3,3924,买盘
2039,11:26:54,13.07,--,38,49666,卖盘
2040,11:26:51,13.07,--,6,7842,卖盘
2041,11:26:48,13.07,-0.01,37,48359,卖盘
2042,11:26:45,13.08,0.01,15,19620,买盘
2043,11:26:42,13.07,--,105,137235,卖盘
2044,11:26:39,13.07,--,28,36596,卖盘
2045,11:26:36,13.07,-0.01,57,74499,卖盘
2046,11:26:33,13.08,--,54,70632,买盘
2047,11:26:30,13.08,0.01,5,6540,买盘
2048,11:26:27,13.07,-0.01,73,95411,卖盘
2049,11:26:24,13.08,--,8,10464,买盘
2050,11:26:21,13.08,0.01,81,105948,买盘
2051,11:26:18,13.07,-0.01,98,128086,卖盘
2052,11:26:15,13.08,0.01,234,306072,买盘
2053,11:26:12,13.07,-0.01,87,113709,卖盘
2054,11:26:09,13.08,--,53,69324,卖盘
2055,11:26:06,13.08,--,75,98100,买盘
2056,11:26:03,13.08,--,1,1308,买盘
2057,11:26:00,13.08,--,45,58860,买盘
2058,11:25:57,13.08,-0.01,13,17004,中性盘
2059,11:25:54,13.09,0.01,101,132209,买盘
2060,11:25:51,13.08,--,8,10464,卖盘
2061,11:25:48,13.08,--,18,23544,卖盘
2062,11:25:45,13.08,--,54,70632,卖盘
2063,11:25:42,13.08,--,73,95484,卖盘
2064,11:25:39,13.08,--,348,455184,买盘
2065,11:25:33,13.08,--,5,6540,买盘
2066,11:25:30,13.08,--,7,9156,买盘
2067,11:25:27,13.08,0.01,11,14388,买盘
2068,11:25:24,13.07,-0.01,12,15684,卖盘
2069,11:25:21,13.08,0.01,164,214512,买盘
2070,11:25:18,13.07,-0.01,3,3921,卖盘
2071,11:25:15,13.08,--,10,13080,买盘
2072,11:25:12,13.08,--,363,474804,买盘
2073,11:25:09,13.08,--,135,176580,买盘
2074,11:25:06,13.08,0.01,59,77172,买盘
2075,11:25:03,13.07,-0.01,6,7842,卖盘
2076,11:25:00,13.08,--,84,109872,买盘
2077,11:24:57,13.08,--,46,60168,买盘
2078,11:24:54,13.08,--,63,82404,买盘
2079,11:24:51,13.08,--,20,26160,买盘
2080,11:24:48,13.08,--,98,128184,买盘
2081,11:24:45,13.08,--,102,133416,买盘
2082,11:24:42,13.08,--,74,96792,买盘
2083,11:24:39,13.08,--,110,143880,买盘
2084,11:24:36,13.08,--,77,100716,买盘
2085,11:24:33,13.08,--,121,158268,买盘
2086,11:24:30,13.08,--,72,94176,买盘
2087,11:24:27,13.08,--,374,489192,买盘
2088,11:24:24,13.08,--,402,525816,买盘
2089,11:24:21,13.08,0.01,13,17004,买盘
2090,11:24:18,13.07,-0.01,7,9149,卖盘
2091,11:24:15,13.08,--,168,219744,买盘
2092,11:24:12,13.08,--,57,74556,买盘
2093,11:24:09,13.08,--,17,22236,买盘
2094,11:24:06,13.08,--,14,18312,买盘
2095,11:24:03,13.08,--,84,109872,买盘
2096,11:24:00,13.08,0.01,23,30084,买盘
2097,11:23:57,13.07,--,54,70578,卖盘
2098,11:23:54,13.07,-0.01,93,121551,卖盘
2099,11:23:51,13.08,--,21,27468,买盘
2100,11:23:48,13.08,--,66,86328,买盘
2101,11:23:45,13.08,--,198,258984,买盘
2102,11:23:42,13.08,--,105,137340,买盘
2103,11:23:36,13.08,0.01,32,41856,买盘
2104,11:23:33,13.07,-0.01,215,281005,卖盘
2105,11:23:30,13.08,0.01,77,100716,买盘
2106,11:23:27,13.07,--,23,30061,卖盘
2107,11:23:24,13.07,--,189,247023,买盘
2108,11:23:21,13.07,--,203,265321,买盘
2109,11:23:18,13.07,-0.01,287,375109,卖盘
2110,11:23:12,13.08,0.01,371,485268,买盘
2111,11:23:09,13.07,--,487,636509,买盘
2112,11:23:03,13.07,--,235,307145,买盘
2113,11:23:00,13.07,0.01,139,181673,买盘
2114,11:22:54,13.06,--,8,10448,卖盘
2115,11:22:51,13.06,--,2,2612,卖盘
2116,11:22:48,13.06,--,700,915192,买盘
2117,11:22:45,13.06,--,12,15672,买盘
2118,11:22:42,13.06,--,1,1306,买盘
2119,11:22:39,13.06,--,16,20896,买盘
2120,11:22:36,13.06,--,50,65300,买盘
2121,11:22:33,13.06,0.01,1,1306,买盘
2122,11:22:27,13.05,--,6,7830,卖盘
2123,11:22:24,13.05,--,4,5220,卖盘
2124,11:22:21,13.05,--,20,26100,卖盘
2125,11:22:18,13.05,-0.01,8,10440,卖盘
2126,11:22:15,13.06,--,22,28732,买盘
2127,11:22:12,13.06,0.02,13,16978,买盘
2128,11:22:09,13.04,-0.01,61,79544,卖盘
2129,11:22:06,13.05,-0.01,2,2610,中性盘
2130,11:22:03,13.06,0.01,121,158026,买盘
2131,11:22:00,13.05,0.01,30,39150,中性盘
2132,11:21:57,13.04,-0.01,144,187776,卖盘
2133,11:21:54,13.05,-0.01,19,24795,卖盘
2134,11:21:45,13.06,--,100,130600,买盘
2135,11:21:42,13.06,--,18,23508,买盘
2136,11:21:36,13.06,--,200,261200,买盘
2137,11:21:33,13.06,--,1,1306,买盘
2138,11:21:30,13.06,0.01,49,63994,买盘
2139,11:21:27,13.05,--,18,23490,卖盘
2140,11:21:24,13.05,-0.01,36,46980,卖盘
2141,11:21:18,13.06,0.01,5,6530,买盘
2142,11:21:15,13.05,0.01,5,6525,中性盘
2143,11:21:12,13.04,-0.02,107,139528,卖盘
2144,11:21:09,13.06,0.02,19,24814,买盘
2145,11:21:06,13.04,-0.01,34,44336,卖盘
2146,11:21:03,13.05,--,116,151380,买盘
2147,11:21:00,13.05,--,12,15660,买盘
2148,11:20:57,13.05,--,30,39150,买盘
2149,11:20:54,13.05,--,103,134415,买盘
2150,11:20:51,13.05,--,34,44370,买盘
2151,11:20:48,13.05,--,531,692955,买盘
2152,11:20:45,13.05,--,106,138330,买盘
2153,11:20:42,13.05,0.01,68,88740,买盘
2154,11:20:39,13.04,-0.01,196,255583,卖盘
2155,11:20:36,13.05,--,20,26100,买盘
2156,11:20:33,13.05,--,11,14355,卖盘
2157,11:20:30,13.05,--,2,2610,买盘
2158,11:20:27,13.05,--,14,18270,买盘
2159,11:20:24,13.05,--,13,16965,买盘
2160,11:20:21,13.05,0.01,81,105705,买盘
2161,11:20:18,13.04,-0.01,27,35208,卖盘
2162,11:20:15,13.05,--,8,10440,买盘
2163,11:20:12,13.05,--,81,105705,买盘
2164,11:20:06,13.05,0.01,170,221850,买盘
2165,11:20:03,13.04,-0.01,50,65199,卖盘
2166,11:20:00,13.05,0.01,95,123975,买盘
2167,11:19:57,13.04,--,72,93888,卖盘
2168,11:19:54,13.04,--,107,139528,卖盘
2169,11:19:51,13.04,-0.01,8,10432,卖盘
2170,11:19:48,13.05,0.01,454,592470,买盘
2171,11:19:45,13.04,-0.01,10,13040,卖盘
2172,11:19:42,13.05,0.01,2,2610,买盘
2173,11:19:39,13.04,-0.01,2,2608,卖盘
2174,11:19:36,13.05,--,10,13050,买盘
2175,11:19:33,13.05,--,17,22185,买盘
2176,11:19:30,13.05,--,44,57420,买盘
2177,11:19:27,13.05,--,135,176175,买盘
2178,11:19:24,13.05,0.01,22,28710,买盘
2179,11:19:21,13.04,-0.01,7,9128,卖盘
2180,11:19:18,13.05,0.01,57,74385,买盘
2181,11:19:15,13.04,--,46,59983,卖盘
2182,11:19:12,13.04,--,118,153872,卖盘
2183,11:19:09,13.04,-0.01,4,5216,卖盘
2184,11:19:06,13.05,0.01,16,20880,买盘
2185,11:19:03,13.04,-0.01,56,73024,卖盘
2186,11:19:00,13.05,0.01,28,36540,买盘
2187,11:18:57,13.04,--,69,89976,卖盘
2188,11:18:54,13.04,--,28,36512,卖盘
2189,11:18:51,13.04,--,150,195600,卖盘
2190,11:18:48,13.04,--,262,341648,卖盘
2191,11:18:45,13.04,--,52,67808,卖盘
2192,11:18:42,13.04,--,70,91280,卖盘
2193,11:18:39,13.04,--,6,7823,卖盘
2194,11:18:33,13.04,--,80,104320,卖盘
2195,11:18:30,13.04,-0.01,20,26080,卖盘
2196,11:18:27,13.05,0.01,50,65250,买盘
2197,11:18:24,13.04,--,343,447271,卖盘
2198,11:18:21,13.04,-0.01,10,13040,卖盘
2199,11:18:18,13.05,--,85,110925,买盘
2200,11:18:15,13.05,0.01,169,220545,买盘
2201,11:18:12,13.04,--,291,379464,买盘
2202,11:18:09,13.04,--,33,43032,买盘
2203,11:18:06,13.04,--,327,426408,买盘
2204,11:18:03,13.04,0.01,17,22168,买盘
2205,11:18:00,13.03,-0.01,46,59938,卖盘
2206,11:17:57,13.04,0.01,7,9128,买盘
2207,11:17:54,13.03,--,20,26060,卖盘
2208,11:17:51,13.03,--,86,112058,卖盘
2209,11:17:48,13.03,-0.01,3,3909,卖盘
2210,11:17:45,13.04,--,11,14343,买盘
2211,11:17:42,13.04,-0.01,516,672864,卖盘
2212,11:17:36,13.05,0.01,23,30015,买盘
2213,11:17:33,13.04,--,48,62591,卖盘
2214,11:17:30,13.04,-0.01,6,7823,卖盘
2215,11:17:27,13.05,0.01,369,481545,买盘
2216,11:17:24,13.04,-0.01,305,397720,卖盘
2217,11:17:18,13.05,--,60,78300,买盘
2218,11:17:15,13.05,--,44,57420,买盘
2219,11:17:12,13.05,0.01,225,293625,买盘
2220,11:17:09,13.04,-0.01,110,143440,卖盘
2221,11:17:06,13.05,0.01,806,1051830,买盘
2222,11:17:03,13.04,-0.01,262,341648,卖盘
2223,11:17:00,13.05,--,280,365400,买盘
2224,11:16:57,13.05,0.01,33,43065,买盘
2225,11:16:54,13.04,-0.01,3,3911,卖盘
2226,11:16:51,13.05,0.01,102,133110,买盘
2227,11:16:48,13.04,-0.01,3,3911,卖盘
2228,11:16:45,13.05,0.01,76,99180,买盘
2229,11:16:42,13.04,--,8,10432,卖盘
2230,11:16:39,13.04,0.02,1348,1757792,买盘
2231,11:16:36,13.02,--,2,2604,卖盘
2232,11:16:33,13.02,--,76,98952,卖盘
2233,11:16:27,13.02,-0.01,6,7812,卖盘
2234,11:16:24,13.03,0.01,18,23454,买盘
2235,11:16:18,13.02,-0.01,6,7812,卖盘
2236,11:16:15,13.03,--,5,6515,买盘
2237,11:16:12,13.03,--,63,82089,买盘
2238,11:16:09,13.03,0.01,21,27363,买盘
2239,11:16:06,13.02,--,2,2604,卖盘
2240,11:16:03,13.02,--,72,93744,卖盘
2241,11:16:00,13.02,--,435,566370,卖盘
2242,11:15:57,13.02,--,48,62496,卖盘
2243,11:15:54,13.02,-0.01,8,10416,卖盘
2244,11:15:48,13.03,0.01,14,18242,买盘
2245,11:15:45,13.02,--,10,13020,卖盘
2246,11:15:42,13.02,--,2,2604,卖盘
2247,11:15:39,13.02,--,1,1302,卖盘
2248,11:15:36,13.02,--,57,74214,买盘
2249,11:15:33,13.02,0.01,50,65100,买盘
2250,11:15:30,13.01,--,27,35127,卖盘
2251,11:15:27,13.01,-0.01,8,10408,卖盘
2252,11:15:24,13.02,0.01,47,61194,买盘
2253,11:15:21,13.01,--,5,6505,卖盘
2254,11:15:18,13.01,-0.01,6,7806,卖盘
2255,11:15:15,13.02,--,2,2604,买盘
2256,11:15:12,13.02,0.01,22,28644,买盘
2257,11:15:09,13.01,-0.01,22,28622,卖盘
2258,11:15:03,13.02,--,17,22134,卖盘
2259,11:14:57,13.02,0.01,11,14322,买盘
2260,11:14:54,13.01,--,51,66351,卖盘
2261,11:14:51,13.01,-0.01,81,105381,卖盘
2262,11:14:48,13.02,--,103,134106,买盘
2263,11:14:45,13.02,0.01,263,342426,买盘
2264,11:14:39,13.01,0.01,680,884680,买盘
2265,11:14:36,13.0,-0.01,68,88400,卖盘
2266,11:14:33,13.01,0.01,300,390300,买盘
2267,11:14:30,13.0,--,20,26000,卖盘
2268,11:14:27,13.0,--,13,16900,卖盘
2269,11:14:24,13.0,-0.01,3,3900,卖盘
2270,11:14:21,13.01,0.01,38,49438,买盘
2271,11:14:18,13.0,-0.01,7,9100,卖盘
2272,11:14:15,13.01,0.01,41,53341,买盘
2273,11:14:12,13.0,--,15,19500,卖盘
2274,11:14:09,13.0,--,13,16900,卖盘
2275,11:14:06,13.0,-0.01,24,31200,卖盘
2276,11:14:03,13.01,--,120,156120,买盘
2277,11:14:00,13.01,--,93,120993,买盘
2278,11:13:57,13.01,0.01,36,46836,买盘
2279,11:13:54,13.0,--,372,483886,买盘
2280,11:13:51,13.0,--,205,266500,买盘
2281,11:13:48,13.0,0.01,280,364000,买盘
2282,11:13:42,12.99,-0.01,226,293574,卖盘
2283,11:13:39,13.0,--,20,26000,买盘
2284,11:13:36,13.0,--,396,514800,买盘
2285,11:13:33,13.0,--,73,94900,买盘
2286,11:13:30,13.0,0.01,339,440700,买盘
2287,11:13:27,12.99,--,11,14289,卖盘
2288,11:13:24,12.99,--,3,3897,卖盘
2289,11:13:21,12.99,--,15,19485,卖盘
2290,11:13:18,12.99,-0.01,2,2598,卖盘
2291,11:13:15,13.0,0.01,90,117000,买盘
2292,11:13:12,12.99,-0.01,22,28578,卖盘
2293,11:13:09,13.0,0.01,19,24700,买盘
2294,11:13:06,12.99,--,5,6495,卖盘
2295,11:13:03,12.99,--,38,49362,卖盘
2296,11:13:00,12.99,--,143,185757,卖盘
2297,11:12:54,12.99,--,2,2598,卖盘
2298,11:12:51,12.99,--,33,42867,卖盘
2299,11:12:48,12.99,--,11,14289,卖盘
2300,11:12:45,12.99,-0.01,16,20784,卖盘
2301,11:12:42,13.0,0.01,1,1300,买盘
2302,11:12:39,12.99,--,6,7794,卖盘
2303,11:12:36,12.99,--,67,87033,买盘
2304,11:12:33,12.99,--,107,139252,卖盘
2305,11:12:30,12.99,0.01,69,90670,买盘
2306,11:12:27,12.98,-0.01,82,106695,卖盘
2307,11:12:24,12.99,--,16,20784,卖盘
2308,11:12:21,12.99,--,55,71445,卖盘
2309,11:12:18,12.99,-0.01,141,183159,卖盘
2310,11:12:12,13.0,0.01,22,28600,买盘
2311,11:12:09,12.99,--,40,51960,卖盘
2312,11:12:03,12.99,--,15,19485,卖盘
2313,11:12:00,12.99,-0.01,20,25980,卖盘
2314,11:11:57,13.0,0.01,9,11700,买盘
2315,11:11:54,12.99,--,10,12990,卖盘
2316,11:11:51,12.99,--,59,76641,卖盘
2317,11:11:48,12.99,--,28,36372,卖盘
2318,11:11:45,12.99,-0.01,182,236418,卖盘
2319,11:11:42,13.0,0.01,39,50700,买盘
2320,11:11:39,12.99,--,2,2598,卖盘
2321,11:11:36,12.99,--,30,38970,卖盘
2322,11:11:30,12.99,--,26,33774,卖盘
2323,11:11:27,12.99,--,97,126003,卖盘
2324,11:11:24,12.99,--,31,40269,卖盘
2325,11:11:21,12.99,--,183,237717,卖盘
2326,11:11:18,12.99,--,9,11691,卖盘
2327,11:11:15,12.99,-0.01,20,25980,卖盘
2328,11:11:12,13.0,0.01,13,16900,买盘
2329,11:11:09,12.99,--,28,36372,卖盘
2330,11:11:06,12.99,--,75,97425,卖盘
2331,11:11:03,12.99,--,112,145488,卖盘
2332,11:11:00,12.99,--,20,25980,卖盘
2333,11:10:57,12.99,--,61,79239,卖盘
2334,11:10:54,12.99,--,24,31176,卖盘
2335,11:10:51,12.99,--,2,2598,卖盘
2336,11:10:48,12.99,-0.01,30,38970,卖盘
2337,11:10:45,13.0,--,21,27300,买盘
2338,11:10:42,13.0,0.01,1,1300,买盘
2339,11:10:39,12.99,--,120,155880,卖盘
2340,11:10:36,12.99,--,13,16887,卖盘
2341,11:10:30,12.99,-0.01,27,35073,卖盘
2342,11:10:27,13.0,--,7,9100,买盘
2343,11:10:24,13.0,0.01,2,2600,买盘
2344,11:10:21,12.99,--,10,12990,卖盘
2345,11:10:18,12.99,-0.01,6,7794,卖盘
2346,11:10:15,13.0,--,123,159900,买盘
2347,11:10:12,13.0,0.01,52,67600,买盘
2348,11:10:09,12.99,--,12,15588,卖盘
2349,11:10:06,12.99,--,192,249408,卖盘
2350,11:10:00,12.99,--,40,51960,卖盘
2351,11:09:57,12.99,--,8,10392,卖盘
2352,11:09:54,12.99,--,6,7794,卖盘
2353,11:09:51,12.99,--,2,2598,卖盘
2354,11:09:48,12.99,--,18,24421,卖盘
2355,11:09:45,12.99,-0.01,25,32475,卖盘
2356,11:09:42,13.0,--,1,1300,买盘
2357,11:09:39,13.0,--,21,27300,买盘
2358,11:09:36,13.0,--,21,27300,买盘
2359,11:09:33,13.0,0.01,408,530400,买盘
2360,11:09:30,12.99,--,26,33774,卖盘
2361,11:09:27,12.99,--,11,14289,卖盘
2362,11:09:24,12.99,--,1,1299,卖盘
2363,11:09:21,12.99,-0.01,23,29877,卖盘
2364,11:09:12,13.0,0.01,12,15600,买盘
2365,11:09:09,12.99,--,39,50661,卖盘
2366,11:09:06,12.99,-0.01,10,12990,卖盘
2367,11:09:03,13.0,--,93,120900,买盘
2368,11:09:00,13.0,0.01,14,18200,买盘
2369,11:08:51,12.99,-0.01,8,10392,卖盘
2370,11:08:48,13.0,0.01,1,1300,买盘
2371,11:08:45,12.99,--,79,102621,卖盘
2372,11:08:42,12.99,--,41,53259,卖盘
2373,11:08:39,12.99,-0.01,12,15588,卖盘
2374,11:08:36,13.0,0.01,6,7800,买盘
2375,11:08:33,12.99,--,18,23382,卖盘
2376,11:08:30,12.99,--,30,38970,卖盘
2377,11:08:27,12.99,-0.01,23,29877,卖盘
2378,11:08:24,13.0,0.01,5,6500,买盘
2379,11:08:21,12.99,--,6,7794,卖盘
2380,11:08:18,12.99,-0.01,6,7794,卖盘
2381,11:08:15,13.0,0.01,1,1300,买盘
2382,11:08:12,12.99,-0.01,36,46764,卖盘
2383,11:08:09,13.0,0.01,3,3900,买盘
2384,11:08:06,12.99,--,20,25980,卖盘
2385,11:08:03,12.99,--,1,1299,卖盘
2386,11:07:57,12.99,--,20,25980,卖盘
2387,11:07:54,12.99,--,8,10392,卖盘
2388,11:07:51,12.99,-0.01,3,3897,卖盘
2389,11:07:48,13.0,0.01,1,1300,买盘
2390,11:07:42,12.99,-0.01,48,62352,卖盘
2391,11:07:39,13.0,0.01,20,26000,买盘
2392,11:07:30,12.99,--,15,19485,卖盘
2393,11:07:27,12.99,-0.01,8,10392,卖盘
2394,11:07:24,13.0,0.01,6,7800,买盘
2395,11:07:21,12.99,-0.01,2,2598,卖盘
2396,11:07:18,13.0,0.01,1,1300,买盘
2397,11:07:15,12.99,-0.01,27,35073,卖盘
2398,11:07:12,13.0,0.01,614,798200,买盘
2399,11:07:06,12.99,--,2,2598,卖盘
2400,11:07:03,12.99,-0.01,6,7794,卖盘
2401,11:06:54,13.0,0.01,100,130000,买盘
2402,11:06:51,12.99,-0.01,22,28578,卖盘
2403,11:06:48,13.0,0.01,11,14300,买盘
2404,11:06:42,12.99,-0.01,56,72744,卖盘
2405,11:06:39,13.0,0.01,116,150800,买盘
2406,11:06:36,12.99,-0.01,24,31176,卖盘
2407,11:06:33,13.0,--,9,11700,卖盘
2408,11:06:27,13.0,--,138,179400,卖盘
2409,11:06:24,13.0,0.01,26,33800,买盘
2410,11:06:21,12.99,--,227,294873,卖盘
2411,11:06:18,12.99,-0.01,6,7794,卖盘
2412,11:06:15,13.0,--,60,78000,买盘
2413,11:06:12,13.0,--,38,49400,买盘
2414,11:06:09,13.0,--,23,29900,买盘
2415,11:06:06,13.0,--,1,1300,买盘
2416,11:06:03,13.0,--,92,119600,买盘
2417,11:06:00,13.0,0.01,4,5200,买盘
2418,11:05:54,12.99,--,6,7794,卖盘
2419,11:05:51,12.99,--,10,12990,卖盘
2420,11:05:48,12.99,--,67,87033,卖盘
2421,11:05:45,12.99,--,5,6495,卖盘
2422,11:05:42,12.99,-0.01,28,36372,卖盘
2423,11:05:39,13.0,0.01,328,426400,买盘
2424,11:05:33,12.99,-0.01,80,103920,卖盘
2425,11:05:30,13.0,0.01,50,65000,买盘
2426,11:05:27,12.99,--,6,7794,卖盘
2427,11:05:24,12.99,--,1,1299,卖盘
2428,11:05:21,12.99,--,37,48063,卖盘
2429,11:05:18,12.99,--,70,90930,卖盘
2430,11:05:15,12.99,-0.01,8,10392,卖盘
2431,11:05:12,13.0,0.01,46,59800,买盘
2432,11:05:09,12.99,--,24,31176,卖盘
2433,11:05:06,12.99,--,20,25980,卖盘
2434,11:05:03,12.99,--,6,7794,卖盘
2435,11:05:00,12.99,--,58,75342,卖盘
2436,11:04:54,12.99,--,40,51960,卖盘
2437,11:04:51,12.99,--,2,2598,卖盘
2438,11:04:45,12.99,--,4,5196,卖盘
2439,11:04:42,12.99,-0.01,9,11691,卖盘
2440,11:04:39,13.0,0.01,78,101400,买盘
2441,11:04:36,12.99,--,35,45465,卖盘
2442,11:04:24,12.99,0.01,243,315657,买盘
2443,11:04:21,12.98,--,40,51920,卖盘
2444,11:04:18,12.98,-0.01,8,10384,卖盘
2445,11:04:12,12.99,0.01,12,15588,买盘
2446,11:04:09,12.98,--,124,160952,卖盘
2447,11:04:06,12.98,--,15,19470,卖盘
2448,11:04:03,12.98,-0.01,104,134992,卖盘
2449,11:04:00,12.99,0.01,10,12990,买盘
2450,11:03:57,12.98,--,79,102542,卖盘
2451,11:03:54,12.98,--,10,12980,卖盘
2452,11:03:51,12.98,--,31,40238,卖盘
2453,11:03:48,12.98,-0.01,101,131098,卖盘
2454,11:03:42,12.99,0.01,158,205242,买盘
2455,11:03:39,12.98,-0.01,27,35046,卖盘
2456,11:03:36,12.99,0.01,246,319554,买盘
2457,11:03:30,12.98,--,54,70092,卖盘
2458,11:03:27,12.98,--,25,32450,卖盘
2459,11:03:24,12.98,--,1,1298,卖盘
2460,11:03:21,12.98,-0.01,3,3894,卖盘
2461,11:03:18,12.99,0.01,12,15588,买盘
2462,11:03:15,12.98,-0.01,27,35046,卖盘
2463,11:03:12,12.99,0.01,13,16887,买盘
2464,11:03:06,12.98,--,10,12980,卖盘
2465,11:03:03,12.98,--,12,15576,卖盘
2466,11:03:00,12.98,--,9,11682,卖盘
2467,11:02:54,12.98,--,5,6490,卖盘
2468,11:02:51,12.98,-0.01,3,3894,卖盘
2469,11:02:48,12.99,-0.01,8,10392,买盘
2470,11:02:42,13.0,0.01,157,204100,买盘
2471,11:02:39,12.99,--,4,5196,卖盘
2472,11:02:36,12.99,--,50,64950,卖盘
2473,11:02:33,12.99,0.01,68,88332,买盘
2474,11:02:30,12.98,-0.01,24,31152,卖盘
2475,11:02:27,12.99,0.01,32,41568,买盘
2476,11:02:21,12.98,--,2,2596,卖盘
2477,11:02:18,12.98,-0.01,10,12980,卖盘
2478,11:02:12,12.99,0.01,12,15588,买盘
2479,11:02:09,12.98,-0.01,15,19470,卖盘
2480,11:02:06,12.99,--,22,28578,买盘
2481,11:02:03,12.99,0.01,4,5196,买盘
2482,11:02:00,12.98,--,122,158356,卖盘
2483,11:01:57,12.98,-0.01,35,45430,卖盘
2484,11:01:54,12.99,--,40,51960,买盘
2485,11:01:51,12.99,--,30,38970,买盘
2486,11:01:48,12.99,0.01,1,1299,买盘
2487,11:01:45,12.98,-0.01,125,162250,卖盘
2488,11:01:42,12.99,--,149,193551,买盘
2489,11:01:39,12.99,0.01,28,36372,买盘
2490,11:01:36,12.98,-0.01,26,33748,卖盘
2491,11:01:33,12.99,--,422,548178,卖盘
2492,11:01:30,12.99,--,7,9093,卖盘
2493,11:01:24,12.99,--,11,14289,卖盘
2494,11:01:21,12.99,--,3,3897,卖盘
2495,11:01:18,12.99,--,21,27279,卖盘
2496,11:01:15,12.99,-0.01,289,375411,卖盘
2497,11:01:12,13.0,0.01,16,20800,买盘
2498,11:01:09,12.99,--,38,49362,卖盘
2499,11:01:06,12.99,-0.01,49,63651,卖盘
2500,11:01:03,13.0,0.01,7,9100,买盘
2501,11:00:54,12.99,--,21,27279,卖盘
2502,11:00:51,12.99,-0.01,97,126003,卖盘
2503,11:00:48,13.0,0.01,1,1300,买盘
2504,11:00:45,12.99,-0.01,26,33774,卖盘
2505,11:00:42,13.0,0.01,1,1300,买盘
2506,11:00:39,12.99,--,152,197448,卖盘
2507,11:00:36,12.99,-0.01,55,71445,卖盘
2508,11:00:33,13.0,--,100,130000,卖盘
2509,11:00:30,13.0,-0.01,50,65000,卖盘
2510,11:00:27,13.01,0.01,19,24719,买盘
2511,11:00:21,13.0,--,12,15600,卖盘
2512,11:00:18,13.0,-0.01,276,358800,卖盘
2513,11:00:12,13.01,0.01,13,16913,买盘
2514,11:00:09,13.0,--,8,10400,卖盘
2515,11:00:06,13.0,--,19,24700,卖盘
2516,11:00:03,13.0,--,3,3900,卖盘
2517,11:00:00,13.0,--,24,31200,卖盘
2518,10:59:57,13.0,--,23,29900,卖盘
2519,10:59:54,13.0,--,194,252200,卖盘
2520,10:59:51,13.0,-0.01,2,2600,卖盘
2521,10:59:42,13.01,0.01,12,15612,买盘
2522,10:59:39,13.0,-0.01,154,200200,卖盘
2523,10:59:36,13.01,0.01,182,236782,买盘
2524,10:59:33,13.0,--,60,78000,卖盘
2525,10:59:30,13.0,--,34,44200,卖盘
2526,10:59:27,13.0,--,25,32500,卖盘
2527,10:59:21,13.0,--,2,2600,卖盘
2528,10:59:18,13.0,--,57,74100,卖盘
2529,10:59:15,13.0,--,19,24700,卖盘
2530,10:59:12,13.0,--,52,67600,卖盘
2531,10:59:09,13.0,--,3,3900,卖盘
2532,10:59:06,13.0,--,8,10400,卖盘
2533,10:59:03,13.0,--,91,118300,卖盘
2534,10:59:00,13.0,--,55,71500,买盘
2535,10:58:57,13.0,0.01,20,26000,买盘
2536,10:58:54,12.99,--,81,105219,卖盘
2537,10:58:51,12.99,--,65,84435,卖盘
2538,10:58:48,12.99,--,11,14289,卖盘
2539,10:58:42,12.99,--,7,9093,卖盘
2540,10:58:39,12.99,--,152,197448,卖盘
2541,10:58:36,12.99,--,4,5196,卖盘
2542,10:58:30,12.99,--,51,66249,卖盘
2543,10:58:27,12.99,-0.01,170,220830,卖盘
2544,10:58:21,13.0,--,2,2600,卖盘
2545,10:58:18,13.0,--,6,7800,卖盘
2546,10:58:15,13.0,-0.01,8,10400,卖盘
2547,10:58:12,13.01,0.01,15,19515,买盘
2548,10:58:09,13.0,--,40,52000,卖盘
2549,10:57:57,13.0,--,34,44200,卖盘
2550,10:57:54,13.0,--,15,19500,卖盘
2551,10:57:51,13.0,--,2,2600,卖盘
2552,10:57:48,13.0,--,20,26000,卖盘
2553,10:57:45,13.0,-0.01,46,59800,卖盘
2554,10:57:42,13.01,0.01,163,212063,买盘
2555,10:57:39,13.0,-0.01,1,1300,卖盘
2556,10:57:36,13.01,0.01,7,9107,买盘
2557,10:57:33,13.0,--,9,11700,卖盘
2558,10:57:30,13.0,--,6,7800,卖盘
2559,10:57:27,13.0,--,100,130000,卖盘
2560,10:57:24,13.0,--,37,48100,卖盘
2561,10:57:21,13.0,--,75,97500,卖盘
2562,10:57:18,13.0,--,4,5200,卖盘
2563,10:57:15,13.0,-0.01,42,54600,卖盘
2564,10:57:12,13.01,--,17,22117,买盘
2565,10:57:09,13.01,0.02,72,93672,买盘
2566,10:57:06,12.99,--,11,14289,卖盘
2567,10:57:03,12.99,-0.01,213,276687,卖盘
2568,10:57:00,13.0,0.01,26,33800,买盘
2569,10:56:57,12.99,-0.01,25,32475,卖盘
2570,10:56:54,13.0,--,22,28600,买盘
2571,10:56:51,13.0,0.01,9,11700,买盘
2572,10:56:48,12.99,-0.01,13,16887,卖盘
2573,10:56:45,13.0,-0.01,70,91000,买盘
2574,10:56:42,13.01,--,158,205558,买盘
2575,10:56:36,13.01,--,30,39030,买盘
2576,10:56:33,13.01,0.01,21,27321,买盘
2577,10:56:27,13.0,--,41,53300,卖盘
2578,10:56:24,13.0,-0.01,660,858000,卖盘
2579,10:56:21,13.01,0.01,12,15612,买盘
2580,10:56:18,13.0,-0.01,8,10400,卖盘
2581,10:56:15,13.01,--,52,67652,买盘
2582,10:56:12,13.01,0.01,22,28622,买盘
2583,10:56:06,13.0,--,13,16900,卖盘
2584,10:56:03,13.0,--,4,5200,卖盘
2585,10:55:57,13.0,-0.01,22,28600,卖盘
2586,10:55:54,13.01,--,97,126197,卖盘
2587,10:55:51,13.01,--,2,2602,卖盘
2588,10:55:48,13.01,--,40,52040,卖盘
2589,10:55:45,13.01,-0.01,149,193849,卖盘
2590,10:55:42,13.02,0.01,65,84630,买盘
2591,10:55:39,13.01,--,153,199053,卖盘
2592,10:55:36,13.01,--,69,89769,卖盘
2593,10:55:33,13.01,-0.01,4,5204,卖盘
2594,10:55:30,13.02,0.01,20,26040,买盘
2595,10:55:27,13.01,-0.01,115,149615,卖盘
2596,10:55:24,13.02,0.01,45,58590,买盘
2597,10:55:21,13.01,-0.01,42,54642,卖盘
2598,10:55:18,13.02,--,1,1302,买盘
2599,10:55:15,13.02,--,152,197904,买盘
2600,10:55:12,13.02,--,32,41664,买盘
2601,10:55:06,13.02,0.01,29,37758,买盘
2602,10:55:03,13.01,--,6,7806,卖盘
2603,10:55:00,13.01,-0.01,8,10408,卖盘
2604,10:54:57,13.02,0.01,6,7812,买盘
2605,10:54:54,13.01,--,4,5204,卖盘
2606,10:54:51,13.01,-0.01,7,9107,卖盘
2607,10:54:48,13.02,0.01,53,69006,买盘
2608,10:54:45,13.01,--,5,6505,卖盘
2609,10:54:42,13.01,--,27,35127,卖盘
2610,10:54:39,13.01,--,186,241986,卖盘
2611,10:54:36,13.01,--,99,128799,卖盘
2612,10:54:30,13.01,-0.01,10,13010,中性盘
2613,10:54:27,13.02,0.02,37,48174,买盘
2614,10:54:24,13.0,--,14,18200,卖盘
2615,10:54:21,13.0,-0.01,46,59800,卖盘
2616,10:54:18,13.01,--,60,78060,卖盘
2617,10:54:15,13.01,-0.01,12,15612,卖盘
2618,10:54:12,13.02,--,56,72912,买盘
2619,10:54:03,13.02,--,4,5208,买盘
2620,10:53:57,13.02,--,4,5208,买盘
2621,10:53:54,13.02,0.01,148,192696,买盘
2622,10:53:51,13.01,-0.01,75,97575,卖盘
2623,10:53:48,13.02,--,115,149730,买盘
2624,10:53:42,13.02,--,77,100254,买盘
2625,10:53:36,13.02,--,1001,1303302,买盘
2626,10:53:33,13.02,0.01,28,36456,买盘
2627,10:53:30,13.01,--,4,5204,卖盘
2628,10:53:27,13.01,--,87,113187,卖盘
2629,10:53:24,13.01,--,143,186043,买盘
2630,10:53:21,13.01,0.01,3,3903,买盘
2631,10:53:18,13.0,-0.01,36,46800,卖盘
2632,10:53:15,13.01,--,14,18214,买盘
2633,10:53:12,13.01,0.01,137,178237,买盘
2634,10:53:09,13.0,-0.01,101,131300,卖盘
2635,10:53:06,13.01,0.01,27,35127,买盘
2636,10:53:03,13.0,--,7,9100,卖盘
2637,10:53:00,13.0,-0.01,154,200200,卖盘
2638,10:52:57,13.01,--,16,20816,买盘
2639,10:52:54,13.01,0.01,1,1301,买盘
2640,10:52:51,13.0,--,21,27300,卖盘
2641,10:52:48,13.0,-0.01,15,19500,卖盘
2642,10:52:45,13.01,0.01,38,49438,买盘
2643,10:52:42,13.0,0.01,15,19500,中性盘
2644,10:52:39,12.99,-0.02,19,24681,卖盘
2645,10:52:36,13.01,0.01,13,16913,买盘
2646,10:52:33,13.0,--,54,70200,卖盘
2647,10:52:30,13.0,--,158,205400,买盘
2648,10:52:27,13.0,--,5,6500,买盘
2649,10:52:24,13.0,--,169,219700,买盘
2650,10:52:21,13.0,0.01,4,5200,买盘
2651,10:52:18,12.99,-0.01,25,32475,卖盘
2652,10:52:15,13.0,--,26,33800,买盘
2653,10:52:12,13.0,--,737,958100,卖盘
2654,10:52:09,13.0,--,28,36400,卖盘
2655,10:52:06,13.0,-0.01,42,54600,卖盘
2656,10:52:03,13.01,0.01,49,63749,买盘
2657,10:52:00,13.0,--,19,24700,买盘
2658,10:51:57,13.0,0.01,94,122200,买盘
2659,10:51:54,12.99,--,27,35073,卖盘
2660,10:51:51,12.99,--,1,1299,卖盘
2661,10:51:48,12.99,--,4,5196,卖盘
2662,10:51:45,12.99,-0.01,59,76641,卖盘
2663,10:51:42,13.0,0.01,28,36400,买盘
2664,10:51:39,12.99,-0.01,11,14289,卖盘
2665,10:51:36,13.0,0.01,1,1300,买盘
2666,10:51:33,12.99,--,1,1299,卖盘
2667,10:51:27,12.99,-0.01,45,58455,卖盘
2668,10:51:24,13.0,--,40,52000,买盘
2669,10:51:21,13.0,--,42,54600,买盘
2670,10:51:18,13.0,0.01,8,10400,买盘
2671,10:51:15,12.99,-0.01,36,46764,卖盘
2672,10:51:12,13.0,--,17,22100,卖盘
2673,10:51:06,13.0,0.01,71,92300,买盘
2674,10:51:03,12.99,-0.01,10,12990,卖盘
2675,10:51:00,13.0,--,32,41600,买盘
2676,10:50:51,13.0,--,180,234000,卖盘
2677,10:50:48,13.0,--,4,5200,卖盘
2678,10:50:45,13.0,0.01,25,32500,买盘
2679,10:50:42,12.99,-0.01,37,48063,卖盘
2680,10:50:33,13.0,--,4,5200,买盘
2681,10:50:30,13.0,--,44,57200,卖盘
2682,10:50:27,13.0,0.01,9,11700,卖盘
2683,10:50:24,12.99,--,14,18186,卖盘
2684,10:50:21,12.99,-0.01,43,55857,卖盘
2685,10:50:18,13.0,--,9,11700,卖盘
2686,10:50:15,13.0,--,106,137800,卖盘
2687,10:50:12,13.0,-0.01,37,48100,中性盘
2688,10:50:09,13.01,0.01,219,284919,买盘
2689,10:50:06,13.0,--,8,10400,卖盘
2690,10:50:03,13.0,-0.01,12,15600,卖盘
2691,10:50:00,13.01,--,54,70254,买盘
2692,10:49:57,13.01,0.02,221,287521,买盘
2693,10:49:54,12.99,-0.01,1021,1326279,卖盘
2694,10:49:48,13.0,-0.01,56,72800,卖盘
2695,10:49:45,13.01,--,13,16913,买盘
2696,10:49:42,13.01,--,1,1301,买盘
2697,10:49:39,13.01,0.01,30,39030,买盘
2698,10:49:36,13.0,--,12,15600,卖盘
2699,10:49:33,13.0,--,217,282100,买盘
2700,10:49:30,13.0,0.01,10,13000,买盘
2701,10:49:27,12.99,-0.01,72,93528,卖盘
2702,10:49:24,13.0,--,46,59800,卖盘
2703,10:49:21,13.0,--,26,33800,卖盘
2704,10:49:18,13.0,-0.01,9,11700,中性盘
2705,10:49:15,13.01,--,121,158474,买盘
2706,10:49:12,13.01,0.01,188,244588,买盘
2707,10:49:09,13.0,--,49,63700,卖盘
2708,10:49:03,13.0,-0.01,8,10400,卖盘
2709,10:49:00,13.01,0.01,26,33826,买盘
2710,10:48:57,13.0,--,4,5200,卖盘
2711,10:48:54,13.0,-0.01,98,127400,卖盘
2712,10:48:51,13.01,0.01,31,40331,买盘
2713,10:48:48,13.0,-0.01,198,257400,卖盘
2714,10:48:45,13.01,0.01,11,14311,买盘
2715,10:48:42,13.0,-0.01,8,10400,卖盘
2716,10:48:39,13.01,--,100,130100,买盘
2717,10:48:36,13.01,0.01,30,39030,买盘
2718,10:48:33,13.0,--,15,19500,卖盘
2719,10:48:27,13.0,--,23,29900,卖盘
2720,10:48:24,13.0,--,36,46800,卖盘
2721,10:48:21,13.0,-0.01,54,70200,卖盘
2722,10:48:18,13.01,--,17,22117,买盘
2723,10:48:15,13.01,--,61,79361,买盘
2724,10:48:12,13.01,0.01,28,36428,买盘
2725,10:48:09,13.0,--,40,52000,卖盘
2726,10:48:06,13.0,--,30,39000,卖盘
2727,10:48:03,13.0,--,929,1207947,买盘
2728,10:48:00,13.0,0.01,77,100100,买盘
2729,10:47:54,12.99,-0.01,6,7794,卖盘
2730,10:47:51,13.0,--,99,128700,买盘
2731,10:47:48,13.0,--,34,44200,买盘
2732,10:47:45,13.0,--,1,1300,买盘
2733,10:47:42,13.0,0.01,5,6500,买盘
2734,10:47:39,12.99,-0.01,40,51960,卖盘
2735,10:47:33,13.0,0.01,64,83200,买盘
2736,10:47:30,12.99,--,78,101322,卖盘
2737,10:47:27,12.99,--,6,7794,卖盘
2738,10:47:24,12.99,-0.01,3,3897,卖盘
2739,10:47:21,13.0,--,105,136500,买盘
2740,10:47:18,13.0,0.01,43,55900,买盘
2741,10:47:15,12.99,--,384,498816,买盘
2742,10:47:12,12.99,--,103,133797,买盘
2743,10:47:09,12.99,0.01,321,416979,买盘
2744,10:47:06,12.98,--,25,32450,卖盘
2745,10:47:03,12.98,--,8,10384,卖盘
2746,10:47:00,12.98,--,1,1298,卖盘
2747,10:46:54,12.98,--,22,28556,卖盘
2748,10:46:51,12.98,--,5,6490,卖盘
2749,10:46:48,12.98,--,84,109032,卖盘
2750,10:46:45,12.98,--,111,144078,卖盘
2751,10:46:42,12.98,-0.01,7,9086,卖盘
2752,10:46:39,12.99,0.01,17,22083,买盘
2753,10:46:36,12.98,--,11,14278,卖盘
2754,10:46:30,12.98,--,55,71390,卖盘
2755,10:46:27,12.98,--,4,5192,卖盘
2756,10:46:24,12.98,--,15,19470,卖盘
2757,10:46:21,12.98,-0.01,6,7788,卖盘
2758,10:46:18,12.99,--,50,64950,买盘
2759,10:46:15,12.99,0.01,2,2598,买盘
2760,10:46:12,12.98,-0.01,38,49324,卖盘
2761,10:46:09,12.99,--,1,1299,买盘
2762,10:46:06,12.99,--,39,50661,买盘
2763,10:46:03,12.99,0.02,34,44166,买盘
2764,10:46:00,12.97,--,18,23346,卖盘
2765,10:45:57,12.97,--,2,2594,卖盘
2766,10:45:54,12.97,-0.02,6,7782,卖盘
2767,10:45:51,12.99,--,3,3897,买盘
2768,10:45:48,12.99,--,13,16887,买盘
2769,10:45:45,12.99,--,1,1299,买盘
2770,10:45:42,12.99,--,14,18186,买盘
2771,10:45:39,12.99,0.02,10,12990,买盘
2772,10:45:36,12.97,-0.03,79,102463,卖盘
2773,10:45:33,13.0,--,17,22100,买盘
2774,10:45:30,13.0,0.01,1,1300,买盘
2775,10:45:27,12.99,--,7,9093,卖盘
2776,10:45:24,12.99,--,12,15588,卖盘
2777,10:45:21,12.99,-0.01,102,132498,卖盘
2778,10:45:18,13.0,-0.01,22,29653,卖盘
2779,10:45:15,13.01,0.01,13,16913,买盘
2780,10:45:12,13.0,--,59,76700,卖盘
2781,10:45:09,13.0,--,29,37700,卖盘
2782,10:45:06,13.0,--,31,40300,卖盘
2783,10:45:03,13.0,-0.01,54,70200,卖盘
2784,10:45:00,13.01,0.01,75,97575,买盘
2785,10:44:57,13.0,--,6,7800,卖盘
2786,10:44:54,13.0,--,506,657800,卖盘
2787,10:44:48,13.0,--,34,44200,卖盘
2788,10:44:45,13.0,--,24,31200,卖盘
2789,10:44:42,13.0,0.04,1254,1630447,买盘
2790,10:44:39,12.96,--,46,59616,卖盘
2791,10:44:36,12.96,--,81,104976,卖盘
2792,10:44:33,12.96,--,45,58320,卖盘
2793,10:44:30,12.96,--,83,107568,买盘
2794,10:44:27,12.96,--,42,54432,买盘
2795,10:44:24,12.96,--,175,226800,买盘
2796,10:44:21,12.96,0.01,128,165888,买盘
2797,10:44:18,12.95,-0.01,15,19425,卖盘
2798,10:44:15,12.96,0.01,40,51840,买盘
2799,10:44:12,12.95,--,67,86765,卖盘
2800,10:44:09,12.95,-0.01,62,80290,卖盘
2801,10:44:06,12.96,--,10,12960,买盘
