,time,price,change,volume,amount,type
0,15:00:03,11.48,--,914,1049272,买盘
1,14:57:00,11.48,0.01,14,16072,买盘
2,14:56:57,11.47,-0.01,2,2294,卖盘
3,14:56:54,11.48,--,15,17220,买盘
4,14:56:51,11.48,--,2,2296,买盘
5,14:56:48,11.48,0.01,5,5740,买盘
6,14:56:42,11.47,--,29,33263,卖盘
7,14:56:39,11.47,--,37,42439,卖盘
8,14:56:36,11.47,--,6,6882,卖盘
9,14:56:33,11.47,-0.01,4,4588,卖盘
10,14:56:30,11.48,0.01,4,4592,买盘
11,14:56:27,11.47,--,18,20646,卖盘
12,14:56:24,11.47,--,41,47027,卖盘
13,14:56:21,11.47,--,21,24087,卖盘
14,14:56:18,11.47,-0.01,180,206460,卖盘
15,14:56:15,11.48,0.01,318,365064,买盘
16,14:56:12,11.47,-0.01,8,9176,卖盘
17,14:56:09,11.48,--,14,16072,买盘
18,14:56:06,11.48,--,5,5740,买盘
19,14:56:03,11.48,0.02,63,72324,买盘
20,14:56:00,11.46,-0.02,219,250974,卖盘
21,14:55:57,11.48,0.01,2,2296,买盘
22,14:55:54,11.47,--,14,16058,卖盘
23,14:55:51,11.47,--,53,60791,卖盘
24,14:55:48,11.47,--,24,27528,卖盘
25,14:55:45,11.47,--,5,5735,卖盘
26,14:55:42,11.47,--,42,48174,卖盘
27,14:55:39,11.47,--,7,8029,卖盘
28,14:55:36,11.47,--,18,20646,卖盘
29,14:55:33,11.47,--,6,6882,卖盘
30,14:55:30,11.47,-0.01,32,36704,卖盘
31,14:55:24,11.48,0.01,8,9184,买盘
32,14:55:21,11.47,--,15,17205,卖盘
33,14:55:18,11.47,--,68,77996,卖盘
34,14:55:15,11.47,--,201,230547,卖盘
35,14:55:12,11.47,-0.01,5,5735,卖盘
36,14:55:09,11.48,0.01,3,3444,买盘
37,14:55:06,11.47,--,3,3441,卖盘
38,14:55:03,11.47,0.01,46,52762,买盘
39,14:55:00,11.46,-0.01,121,138666,卖盘
40,14:54:57,11.47,--,2,2294,卖盘
41,14:54:54,11.47,--,5,5735,卖盘
42,14:54:51,11.47,--,8,9176,卖盘
43,14:54:48,11.47,--,3,3441,卖盘
44,14:54:45,11.47,--,2,2294,卖盘
45,14:54:42,11.47,--,17,19499,卖盘
46,14:54:39,11.47,--,15,17205,卖盘
47,14:54:36,11.47,--,8,9176,卖盘
48,14:54:33,11.47,--,35,40145,卖盘
49,14:54:30,11.47,-0.01,4,4588,卖盘
50,14:54:27,11.48,--,71,81508,买盘
51,14:54:24,11.48,0.02,265,304220,买盘
52,14:54:21,11.46,--,106,121476,卖盘
53,14:54:18,11.46,--,66,75636,卖盘
54,14:54:15,11.46,--,11,12606,卖盘
55,14:54:12,11.46,--,65,74490,卖盘
56,14:54:09,11.46,--,2,2292,卖盘
57,14:54:06,11.46,--,73,83658,卖盘
58,14:54:03,11.46,--,51,58446,卖盘
59,14:54:00,11.46,-0.01,6,6876,卖盘
60,14:53:57,11.47,0.01,5,5735,买盘
61,14:53:54,11.46,--,6,6876,卖盘
62,14:53:51,11.46,--,11,12606,卖盘
63,14:53:48,11.46,-0.01,1,1146,卖盘
64,14:53:45,11.47,0.01,27,30969,买盘
65,14:53:42,11.46,--,16,18336,卖盘
66,14:53:39,11.46,--,4,4584,卖盘
67,14:53:36,11.46,--,1,1146,卖盘
68,14:53:33,11.46,--,3,3438,卖盘
69,14:53:30,11.46,--,6,6876,卖盘
70,14:53:27,11.46,--,5,5730,卖盘
71,14:53:24,11.46,--,1,1146,卖盘
72,14:53:21,11.46,--,52,59592,卖盘
73,14:53:18,11.46,--,2,2292,卖盘
74,14:53:15,11.46,-0.01,2,2292,卖盘
75,14:53:12,11.47,0.01,20,22940,买盘
76,14:53:09,11.46,-0.01,7,8022,卖盘
77,14:53:06,11.47,0.01,21,24087,买盘
78,14:53:03,11.46,--,2,2292,卖盘
79,14:53:00,11.46,--,2,2292,卖盘
80,14:52:54,11.46,-0.01,15,17190,卖盘
81,14:52:51,11.47,0.01,63,72261,买盘
82,14:52:48,11.46,-0.01,6,6876,卖盘
83,14:52:45,11.47,0.01,15,17205,买盘
84,14:52:42,11.46,-0.01,3,3438,卖盘
85,14:52:39,11.47,--,80,91760,卖盘
86,14:52:36,11.47,--,17,19499,卖盘
87,14:52:33,11.47,--,2,2294,卖盘
88,14:52:30,11.47,--,4,4588,卖盘
89,14:52:27,11.47,--,1,1147,卖盘
90,14:52:24,11.47,-0.01,38,43586,卖盘
91,14:52:21,11.48,0.01,80,91840,买盘
92,14:52:15,11.47,-0.01,15,17205,卖盘
93,14:52:12,11.48,0.01,62,71176,买盘
94,14:52:09,11.47,--,2,2294,卖盘
95,14:52:03,11.47,-0.01,27,30969,卖盘
96,14:52:00,11.48,--,54,61992,卖盘
97,14:51:57,11.48,--,41,47068,卖盘
98,14:51:54,11.48,-0.01,3,3444,卖盘
99,14:51:51,11.49,0.01,174,199926,买盘
100,14:51:48,11.48,--,8,9184,卖盘
101,14:51:45,11.48,0.02,107,122836,买盘
102,14:51:42,11.46,--,13,14898,卖盘
103,14:51:39,11.46,--,4,4584,卖盘
104,14:51:36,11.46,0.01,38,43548,买盘
105,14:51:33,11.45,--,4,4580,卖盘
106,14:51:30,11.45,--,25,28625,卖盘
107,14:51:27,11.45,-0.01,47,53815,卖盘
108,14:51:24,11.46,0.01,57,65322,买盘
109,14:51:18,11.45,--,51,58395,卖盘
110,14:51:15,11.45,--,9,10305,卖盘
111,14:51:12,11.45,--,83,95149,卖盘
112,14:51:09,11.45,--,102,116790,卖盘
113,14:51:06,11.45,-0.02,1017,1164465,卖盘
114,14:51:03,11.47,--,87,99789,买盘
115,14:51:00,11.47,0.01,50,57350,买盘
116,14:50:57,11.46,--,2,2292,卖盘
117,14:50:54,11.46,--,9,10314,卖盘
118,14:50:51,11.46,--,2,2292,卖盘
119,14:50:48,11.46,--,46,52716,买盘
120,14:50:45,11.46,--,82,93972,买盘
121,14:50:42,11.46,--,189,217625,卖盘
122,14:50:39,11.46,--,20,22920,卖盘
123,14:50:36,11.46,--,64,73344,卖盘
124,14:50:33,11.46,--,2,2292,卖盘
125,14:50:30,11.46,--,2,2292,卖盘
126,14:50:27,11.46,--,3,3438,卖盘
127,14:50:24,11.46,--,83,95118,卖盘
128,14:50:21,11.46,-0.02,45,51570,卖盘
129,14:50:18,11.48,0.02,5,5740,买盘
130,14:50:15,11.46,-0.02,7,8022,卖盘
131,14:50:12,11.48,0.02,65,74620,买盘
132,14:50:09,11.46,--,58,66582,卖盘
133,14:50:06,11.46,--,9,10314,卖盘
134,14:50:03,11.46,-0.01,2,2292,卖盘
135,14:50:00,11.47,--,130,149110,卖盘
136,14:49:57,11.47,-0.01,2,2294,卖盘
137,14:49:54,11.48,0.01,7,8036,买盘
138,14:49:51,11.47,-0.01,27,30969,卖盘
139,14:49:48,11.48,0.01,146,167608,买盘
140,14:49:45,11.47,--,3,3441,卖盘
141,14:49:42,11.47,0.01,49,56203,卖盘
142,14:49:39,11.46,-0.01,59,67614,卖盘
143,14:49:36,11.47,--,19,21793,卖盘
144,14:49:33,11.47,-0.01,25,28675,卖盘
145,14:49:30,11.48,0.01,33,37884,买盘
146,14:49:27,11.47,--,1,1147,卖盘
147,14:49:24,11.47,0.01,19,21793,买盘
148,14:49:18,11.46,--,1,1146,卖盘
149,14:49:15,11.46,--,35,40110,卖盘
150,14:49:12,11.46,--,7,8022,卖盘
151,14:49:09,11.46,--,87,99828,卖盘
152,14:49:06,11.46,--,100,114600,卖盘
153,14:49:03,11.46,--,62,71052,卖盘
154,14:48:57,11.46,--,4,4584,卖盘
155,14:48:54,11.46,--,19,21774,卖盘
156,14:48:48,11.46,--,6,6876,卖盘
157,14:48:45,11.46,--,9,10314,卖盘
158,14:48:42,11.46,--,1,1146,卖盘
159,14:48:39,11.46,-0.02,2,2292,卖盘
160,14:48:36,11.48,0.01,20,22960,买盘
161,14:48:33,11.47,-0.01,64,73408,中性盘
162,14:48:30,11.48,--,43,49364,买盘
163,14:48:27,11.48,0.01,51,58548,买盘
164,14:48:24,11.47,0.01,22,25234,中性盘
165,14:48:21,11.46,-0.01,2,2292,卖盘
166,14:48:18,11.47,--,65,74555,卖盘
167,14:48:15,11.47,--,21,24201,卖盘
168,14:48:12,11.47,-0.01,1,1147,卖盘
169,14:48:09,11.48,0.01,68,78064,买盘
170,14:48:06,11.47,--,6,6882,卖盘
171,14:48:03,11.47,--,71,81437,卖盘
172,14:48:00,11.47,0.01,3,3441,中性盘
173,14:47:57,11.46,-0.02,2,2292,卖盘
174,14:47:54,11.48,--,77,88396,买盘
175,14:47:51,11.48,0.02,138,158424,买盘
176,14:47:48,11.46,-0.01,379,434334,卖盘
177,14:47:45,11.47,--,806,924482,卖盘
178,14:47:42,11.47,--,81,93251,买盘
179,14:47:39,11.47,--,223,255781,买盘
180,14:47:36,11.47,0.01,216,247752,买盘
181,14:47:33,11.46,--,39,44694,卖盘
182,14:47:30,11.46,--,206,236076,卖盘
183,14:47:27,11.46,--,16,18336,卖盘
184,14:47:24,11.46,--,2,2292,卖盘
185,14:47:21,11.46,-0.01,32,36672,卖盘
186,14:47:18,11.47,0.01,93,106671,买盘
187,14:47:15,11.46,-0.01,23,26472,卖盘
188,14:47:12,11.47,0.01,4,4588,买盘
189,14:47:09,11.46,--,5,5730,卖盘
190,14:47:06,11.46,-0.01,68,77928,卖盘
191,14:47:03,11.47,--,4,4588,买盘
192,14:47:00,11.47,0.01,308,353276,买盘
193,14:46:57,11.46,-0.01,793,908778,卖盘
194,14:46:54,11.47,0.01,10,11470,买盘
195,14:46:51,11.46,-0.01,86,98556,卖盘
196,14:46:48,11.47,--,107,122729,买盘
197,14:46:45,11.47,--,74,84878,买盘
198,14:46:42,11.47,--,54,61938,买盘
199,14:46:39,11.47,0.01,8,9176,买盘
200,14:46:36,11.46,--,5,5730,卖盘
201,14:46:33,11.46,--,2,2292,卖盘
202,14:46:30,11.46,-0.01,76,87096,卖盘
203,14:46:27,11.47,0.01,19,21793,买盘
204,14:46:21,11.46,--,1,1146,卖盘
205,14:46:18,11.46,-0.01,25,28764,卖盘
206,14:46:15,11.47,0.01,3,3441,买盘
207,14:46:12,11.46,-0.01,71,81366,卖盘
208,14:46:09,11.47,--,63,72261,买盘
209,14:46:06,11.47,0.01,35,40145,买盘
210,14:46:03,11.46,--,13,14898,卖盘
211,14:46:00,11.46,--,62,71052,卖盘
212,14:45:57,11.46,--,90,103140,卖盘
213,14:45:54,11.46,--,57,65322,卖盘
214,14:45:51,11.46,-0.01,65,74490,卖盘
215,14:45:48,11.47,0.01,31,35557,买盘
216,14:45:45,11.46,--,2,2292,卖盘
217,14:45:42,11.46,--,2,2292,卖盘
218,14:45:39,11.46,-0.02,54,61884,卖盘
219,14:45:36,11.48,0.02,94,107912,买盘
220,14:45:33,11.46,-0.01,266,304836,卖盘
221,14:45:30,11.47,0.01,2,2294,买盘
222,14:45:27,11.46,-0.01,1,1146,卖盘
223,14:45:24,11.47,0.01,281,322307,买盘
224,14:45:21,11.46,--,17,19608,卖盘
225,14:45:18,11.46,--,166,190236,卖盘
226,14:45:15,11.46,--,6,6876,卖盘
227,14:45:12,11.46,--,554,634884,卖盘
228,14:45:09,11.46,--,7,8022,卖盘
229,14:45:06,11.46,-0.01,96,110016,卖盘
230,14:45:03,11.47,--,1,1330,买盘
231,14:44:57,11.47,--,55,63085,买盘
232,14:44:54,11.47,--,15,17205,买盘
233,14:44:51,11.47,--,66,75702,买盘
234,14:44:48,11.47,0.01,36,41292,买盘
235,14:44:45,11.46,--,14,16044,卖盘
236,14:44:42,11.46,--,125,143582,买盘
237,14:44:39,11.46,--,3,3438,买盘
238,14:44:36,11.46,0.01,59,67614,买盘
239,14:44:33,11.45,-0.01,5,5725,卖盘
240,14:44:30,11.46,--,158,181881,卖盘
241,14:44:27,11.46,-0.01,28,32088,卖盘
242,14:44:24,11.47,0.01,132,151404,买盘
243,14:44:21,11.46,--,177,202956,卖盘
244,14:44:18,11.46,-0.01,54,61884,卖盘
245,14:44:15,11.47,0.01,110,126170,买盘
246,14:44:12,11.46,--,274,314107,卖盘
247,14:44:09,11.46,--,59,67614,卖盘
248,14:44:06,11.46,--,209,239514,卖盘
249,14:44:03,11.46,--,16,18336,卖盘
250,14:44:00,11.46,--,1,1146,卖盘
251,14:43:57,11.46,--,40,45840,卖盘
252,14:43:54,11.46,--,39,44694,卖盘
253,14:43:51,11.46,-0.01,27,30942,卖盘
254,14:43:48,11.47,0.01,147,168609,买盘
255,14:43:45,11.46,--,49,56154,卖盘
256,14:43:42,11.46,--,113,129498,卖盘
257,14:43:33,11.46,--,3,3438,卖盘
258,14:43:30,11.46,--,82,93972,卖盘
259,14:43:27,11.46,--,1,1146,卖盘
260,14:43:24,11.46,-0.01,21,24180,卖盘
261,14:43:21,11.47,0.01,71,81437,买盘
262,14:43:18,11.46,--,110,126060,卖盘
263,14:43:15,11.46,-0.01,5,5730,卖盘
264,14:43:12,11.47,--,82,94054,买盘
265,14:43:09,11.47,0.01,16,18352,买盘
266,14:43:06,11.46,--,15,17190,卖盘
267,14:43:03,11.46,-0.01,2,2292,卖盘
268,14:42:54,11.47,0.01,46,52762,买盘
269,14:42:51,11.46,-0.01,4,4584,卖盘
270,14:42:48,11.47,--,17,19499,买盘
271,14:42:45,11.47,0.01,34,38998,买盘
272,14:42:42,11.46,--,1,1146,买盘
273,14:42:39,11.46,0.01,77,88242,买盘
274,14:42:33,11.45,--,38,43510,卖盘
275,14:42:30,11.45,--,1,1145,卖盘
276,14:42:24,11.45,-0.01,22,25304,卖盘
277,14:42:18,11.46,--,18,20788,卖盘
278,14:42:15,11.46,--,11,12606,卖盘
279,14:42:09,11.46,--,10,11460,卖盘
280,14:42:06,11.46,-0.01,7,8022,卖盘
281,14:42:03,11.47,0.01,60,68820,买盘
282,14:42:00,11.46,--,53,60898,卖盘
283,14:41:54,11.46,--,10,11460,卖盘
284,14:41:51,11.46,-0.01,300,343800,卖盘
285,14:41:48,11.47,0.01,45,51615,买盘
286,14:41:42,11.46,--,42,48132,卖盘
287,14:41:39,11.46,--,1,1146,卖盘
288,14:41:33,11.46,-0.01,6,6876,卖盘
289,14:41:30,11.47,--,5,5735,买盘
290,14:41:27,11.47,--,80,91886,买盘
291,14:41:24,11.47,0.01,45,51615,买盘
292,14:41:18,11.46,--,5,5730,卖盘
293,14:41:15,11.46,--,8,9168,卖盘
294,14:41:12,11.46,--,1,1146,卖盘
295,14:41:06,11.46,--,4,4584,卖盘
296,14:41:03,11.46,-0.01,7,8022,卖盘
297,14:40:54,11.47,0.01,94,107818,买盘
298,14:40:51,11.46,-0.01,10,11460,卖盘
299,14:40:48,11.47,0.01,25,28675,买盘
300,14:40:45,11.46,-0.01,29,33234,卖盘
301,14:40:42,11.47,0.01,39,44733,买盘
302,14:40:39,11.46,--,25,28650,卖盘
303,14:40:30,11.46,--,1,1146,卖盘
304,14:40:27,11.46,-0.01,77,88356,卖盘
305,14:40:21,11.47,--,14,16058,买盘
306,14:40:18,11.47,0.01,62,71114,买盘
307,14:40:15,11.46,--,70,80220,卖盘
308,14:40:12,11.46,--,167,191382,卖盘
309,14:40:09,11.46,--,28,32088,卖盘
310,14:40:06,11.46,--,6,6876,卖盘
311,14:40:00,11.46,-0.01,259,296814,卖盘
312,14:39:57,11.47,0.01,9,10323,买盘
313,14:39:54,11.46,--,103,118038,卖盘
314,14:39:51,11.46,--,1,1146,卖盘
315,14:39:48,11.46,--,2,2292,卖盘
316,14:39:45,11.46,-0.02,128,146688,卖盘
317,14:39:42,11.48,0.01,60,68880,买盘
318,14:39:39,11.47,0.01,94,107818,买盘
319,14:39:36,11.46,-0.01,1,1146,卖盘
320,14:39:33,11.47,0.01,61,69967,买盘
321,14:39:30,11.46,-0.01,25,28764,卖盘
322,14:39:27,11.47,--,82,94054,卖盘
323,14:39:24,11.47,-0.01,7,8029,卖盘
324,14:39:21,11.48,0.01,5,5740,买盘
325,14:39:18,11.47,--,14,16058,卖盘
326,14:39:12,11.47,--,5,5735,卖盘
327,14:39:09,11.47,-0.01,13,14911,卖盘
328,14:39:06,11.48,0.01,119,136612,买盘
329,14:39:03,11.47,0.01,3,3441,中性盘
330,14:38:54,11.46,--,2,2292,卖盘
331,14:38:51,11.46,-0.02,1,1146,卖盘
332,14:38:48,11.48,0.02,1325,1521100,买盘
333,14:38:45,11.46,--,2,2292,卖盘
334,14:38:42,11.46,--,10,11460,卖盘
335,14:38:39,11.46,--,167,191851,买盘
336,14:38:33,11.46,--,83,95118,买盘
337,14:38:30,11.46,-0.01,478,548578,卖盘
338,14:38:27,11.47,0.01,26,29822,买盘
339,14:38:24,11.46,--,47,53862,卖盘
340,14:38:21,11.46,-0.01,2,2292,卖盘
341,14:38:18,11.47,0.01,36,41292,买盘
342,14:38:15,11.46,-0.01,100,114600,卖盘
343,14:38:12,11.47,0.01,6,6882,买盘
344,14:38:09,11.46,--,27,30942,卖盘
345,14:38:06,11.46,--,24,27504,卖盘
346,14:38:03,11.46,--,4,4584,卖盘
347,14:38:00,11.46,--,30,34380,卖盘
348,14:37:57,11.46,--,61,69906,卖盘
349,14:37:54,11.46,--,223,255558,卖盘
350,14:37:51,11.46,--,1,1146,卖盘
351,14:37:48,11.46,--,7,8022,卖盘
352,14:37:45,11.46,--,17,19482,卖盘
353,14:37:42,11.46,-0.01,10,11460,卖盘
354,14:37:39,11.47,--,46,52762,买盘
355,14:37:36,11.47,0.01,36,41292,买盘
356,14:37:33,11.46,--,45,51696,卖盘
357,14:37:30,11.46,--,48,55237,买盘
358,14:37:27,11.46,--,14,16044,买盘
359,14:37:21,11.46,--,59,67614,买盘
360,14:37:18,11.46,0.01,13,14898,买盘
361,14:37:15,11.45,-0.01,1,1145,卖盘
362,14:37:12,11.46,0.01,19,21774,买盘
363,14:37:06,11.45,--,5,5725,卖盘
364,14:37:03,11.45,--,100,114500,卖盘
365,14:37:00,11.45,-0.01,11,12595,卖盘
366,14:36:54,11.46,--,41,46986,买盘
367,14:36:51,11.46,--,44,50424,买盘
368,14:36:48,11.46,0.01,50,57300,买盘
369,14:36:45,11.45,-0.01,2,2290,卖盘
370,14:36:39,11.46,--,14,16044,买盘
371,14:36:36,11.46,--,10,11460,买盘
372,14:36:33,11.46,0.01,139,159408,买盘
373,14:36:30,11.45,--,10,11450,卖盘
374,14:36:27,11.45,-0.01,4,4580,卖盘
375,14:36:24,11.46,--,14,16044,买盘
376,14:36:21,11.46,--,216,247536,买盘
377,14:36:12,11.46,--,76,87096,买盘
378,14:36:09,11.46,--,85,98326,卖盘
379,14:36:06,11.46,0.01,70,80449,买盘
380,14:36:03,11.45,-0.01,41,46945,卖盘
381,14:36:00,11.46,--,190,217740,买盘
382,14:35:57,11.46,0.01,17,19482,买盘
383,14:35:54,11.45,--,2,2290,卖盘
384,14:35:51,11.45,--,4,4580,卖盘
385,14:35:48,11.45,-0.01,1,1145,卖盘
386,14:35:45,11.46,--,6,6876,买盘
387,14:35:42,11.46,0.01,20,22920,买盘
388,14:35:39,11.45,-0.01,16,18320,卖盘
389,14:35:36,11.46,-0.01,382,438803,卖盘
390,14:35:33,11.47,0.01,23,26381,买盘
391,14:35:30,11.46,--,3,3438,卖盘
392,14:35:24,11.46,--,49,56154,卖盘
393,14:35:21,11.46,--,145,166170,卖盘
394,14:35:18,11.46,--,6,6876,卖盘
395,14:35:09,11.46,--,78,89388,卖盘
396,14:35:06,11.46,--,3,3438,卖盘
397,14:35:03,11.46,--,59,67614,卖盘
398,14:34:57,11.46,--,6,6876,卖盘
399,14:34:54,11.46,--,2,2292,卖盘
400,14:34:51,11.46,--,6,6876,卖盘
401,14:34:45,11.46,-0.01,2,2292,卖盘
402,14:34:42,11.47,0.01,8,9176,买盘
403,14:34:39,11.46,--,18,20742,卖盘
404,14:34:36,11.46,--,16,18336,卖盘
405,14:34:33,11.46,--,9,10314,卖盘
406,14:34:30,11.46,-0.01,8,9168,卖盘
407,14:34:27,11.47,0.01,79,90613,买盘
408,14:34:24,11.46,--,1,1146,卖盘
409,14:34:21,11.46,--,37,42402,卖盘
410,14:34:18,11.46,0.01,3,3438,中性盘
411,14:34:15,11.45,--,2,2290,卖盘
412,14:34:12,11.45,-0.01,156,179226,卖盘
413,14:34:09,11.46,0.01,1,1146,买盘
414,14:34:06,11.45,-0.01,3,3435,卖盘
415,14:34:03,11.46,--,6,6876,卖盘
416,14:34:00,11.46,0.01,61,69906,买盘
417,14:33:57,11.45,--,161,184345,卖盘
418,14:33:54,11.45,-0.01,37,42365,卖盘
419,14:33:51,11.46,0.01,46,52716,买盘
420,14:33:45,11.45,--,7,8014,卖盘
421,14:33:42,11.45,--,1,1145,卖盘
422,14:33:39,11.45,-0.01,17,19590,卖盘
423,14:33:33,11.46,0.01,13,14898,买盘
424,14:33:30,11.45,-0.01,5,5725,卖盘
425,14:33:27,11.46,0.01,69,79074,买盘
426,14:33:21,11.45,-0.01,40,45800,卖盘
427,14:33:18,11.46,0.01,92,105432,买盘
428,14:33:12,11.45,--,2,2290,卖盘
429,14:33:09,11.45,--,1,1145,卖盘
430,14:33:06,11.45,--,9,10305,卖盘
431,14:32:54,11.45,--,27,30914,卖盘
432,14:32:51,11.45,-0.01,5,5725,卖盘
433,14:32:45,11.46,0.01,27,31056,买盘
434,14:32:42,11.45,--,72,82440,卖盘
435,14:32:36,11.45,-0.01,1,1145,卖盘
436,14:32:33,11.46,--,12,13752,买盘
437,14:32:30,11.46,-0.01,88,100848,卖盘
438,14:32:27,11.47,--,22,25234,买盘
439,14:32:24,11.47,--,1,1147,买盘
440,14:32:18,11.47,0.01,3,3441,买盘
441,14:32:15,11.46,--,2,2292,卖盘
442,14:32:12,11.46,--,19,21774,卖盘
443,14:32:09,11.46,-0.01,1,1146,卖盘
444,14:32:06,11.47,--,52,59644,买盘
445,14:32:00,11.47,0.01,16,18352,买盘
446,14:31:57,11.46,--,10,11460,卖盘
447,14:31:54,11.46,--,87,99702,卖盘
448,14:31:51,11.46,--,11,12606,卖盘
449,14:31:45,11.46,0.01,77,88242,买盘
450,14:31:42,11.45,--,17,19579,卖盘
451,14:31:39,11.45,-0.01,16,18320,卖盘
452,14:31:33,11.46,--,87,99702,买盘
453,14:31:30,11.46,--,14,16044,买盘
454,14:31:27,11.46,0.01,19,21774,买盘
455,14:31:24,11.45,-0.01,3,3435,卖盘
456,14:31:18,11.46,--,13,14898,买盘
457,14:31:12,11.46,0.01,4,4584,买盘
458,14:31:06,11.45,-0.01,17,19465,卖盘
459,14:31:03,11.46,0.01,3,3438,买盘
460,14:31:00,11.45,-0.02,4,4580,卖盘
461,14:30:57,11.47,0.01,70,81322,买盘
462,14:30:54,11.46,--,3,3438,卖盘
463,14:30:51,11.46,--,2,2292,卖盘
464,14:30:48,11.46,--,17,19596,卖盘
465,14:30:45,11.46,--,1,1146,卖盘
466,14:30:42,11.46,--,22,25212,卖盘
467,14:30:39,11.46,--,20,22920,卖盘
468,14:30:33,11.46,0.01,1,1146,卖盘
469,14:30:30,11.45,-0.01,11,12595,卖盘
470,14:30:27,11.46,0.01,24,27504,买盘
471,14:30:24,11.45,-0.01,3,3435,卖盘
472,14:30:21,11.46,--,54,61884,买盘
473,14:30:06,11.46,--,181,208445,卖盘
474,14:30:03,11.46,--,43,49278,卖盘
475,14:30:00,11.46,--,35,40110,卖盘
476,14:29:54,11.46,--,1,1146,卖盘
477,14:29:48,11.46,0.01,59,67740,买盘
478,14:29:45,11.45,--,21,24045,卖盘
479,14:29:42,11.45,--,5,5725,卖盘
480,14:29:36,11.45,--,115,131675,卖盘
481,14:29:30,11.45,--,10,11450,卖盘
482,14:29:27,11.45,-0.01,40,45800,中性盘
483,14:29:24,11.46,0.02,24,27504,买盘
484,14:29:18,11.44,-0.02,95,108680,卖盘
485,14:29:15,11.46,0.01,117,134082,买盘
486,14:29:12,11.45,0.01,24,27709,买盘
487,14:29:09,11.44,--,19,21736,卖盘
488,14:29:06,11.44,--,2,2288,卖盘
489,14:28:57,11.44,--,1,1144,卖盘
490,14:28:54,11.44,-0.01,1,1144,卖盘
491,14:28:48,11.45,--,15,18205,卖盘
492,14:28:45,11.45,--,66,75570,卖盘
493,14:28:42,11.45,--,9,10305,卖盘
494,14:28:39,11.45,-0.01,30,34350,卖盘
495,14:28:36,11.46,--,58,66468,买盘
496,14:28:33,11.46,--,3,3438,买盘
497,14:28:30,11.46,0.01,11,12606,买盘
498,14:28:27,11.45,--,11,12595,卖盘
499,14:28:24,11.45,-0.01,93,106485,卖盘
500,14:28:21,11.46,0.01,5,5730,买盘
501,14:28:18,11.45,--,44,50380,卖盘
502,14:28:15,11.45,--,25,28625,卖盘
503,14:28:12,11.45,--,24,27480,卖盘
504,14:28:09,11.45,--,8,9160,卖盘
505,14:28:06,11.45,--,3,3435,卖盘
506,14:28:03,11.45,--,61,69845,卖盘
507,14:28:00,11.45,-0.01,24,27480,卖盘
508,14:27:57,11.46,0.01,22,25212,买盘
509,14:27:54,11.45,--,54,61829,卖盘
510,14:27:51,11.45,--,201,230145,卖盘
511,14:27:48,11.45,--,18,20724,卖盘
512,14:27:45,11.45,-0.01,1,1145,卖盘
513,14:27:42,11.46,0.01,6,6876,买盘
514,14:27:39,11.45,--,68,77860,卖盘
515,14:27:36,11.45,-0.01,13,14884,卖盘
516,14:27:33,11.46,0.01,1,1146,买盘
517,14:27:30,11.45,-0.01,28,32059,卖盘
518,14:27:27,11.46,-0.01,91,104286,卖盘
519,14:27:24,11.47,--,35,40145,买盘
520,14:27:21,11.47,0.02,21,24087,买盘
521,14:27:12,11.45,--,6,6870,卖盘
522,14:27:09,11.45,--,17,19465,卖盘
523,14:27:06,11.45,-0.02,1,1145,卖盘
524,14:27:03,11.47,--,28,32116,卖盘
525,14:27:00,11.47,--,47,53909,卖盘
526,14:26:57,11.47,--,7,8029,卖盘
527,14:26:54,11.47,--,15,17205,卖盘
528,14:26:51,11.47,0.01,110,126284,买盘
529,14:26:48,11.46,-0.01,15,17190,卖盘
530,14:26:45,11.47,--,4,4588,买盘
531,14:26:42,11.47,0.01,27,30969,买盘
532,14:26:39,11.46,-0.01,3,3438,卖盘
533,14:26:36,11.47,0.01,3,3441,买盘
534,14:26:33,11.46,-0.01,20,22920,卖盘
535,14:26:27,11.47,--,30,34410,买盘
536,14:26:24,11.47,--,20,22940,买盘
537,14:26:18,11.47,--,73,83731,买盘
538,14:26:15,11.47,0.01,16,18352,买盘
539,14:26:12,11.46,-0.01,6,6876,卖盘
540,14:26:09,11.47,0.01,3,3441,买盘
541,14:26:06,11.46,--,20,22920,卖盘
542,14:26:03,11.46,--,4,4584,卖盘
543,14:26:00,11.46,--,9,10314,卖盘
544,14:25:57,11.46,--,1,1146,卖盘
545,14:25:54,11.46,--,323,370284,卖盘
546,14:25:51,11.46,--,162,185652,卖盘
547,14:25:48,11.46,--,15,17190,卖盘
548,14:25:42,11.46,-0.01,99,113454,卖盘
549,14:25:39,11.47,--,36,41292,买盘
550,14:25:33,11.47,0.01,9,10323,买盘
551,14:25:30,11.46,-0.01,10,11460,卖盘
552,14:25:27,11.47,--,11,12617,买盘
553,14:25:24,11.47,--,63,72261,买盘
554,14:25:18,11.47,0.01,25,28675,买盘
555,14:25:09,11.46,-0.01,1,1146,卖盘
556,14:25:06,11.47,0.01,81,92907,买盘
557,14:25:03,11.46,--,6,6876,卖盘
558,14:25:00,11.46,-0.01,7,8022,卖盘
559,14:24:57,11.47,0.01,1,1147,买盘
560,14:24:54,11.46,-0.01,21,24180,卖盘
561,14:24:48,11.47,0.01,64,73408,买盘
562,14:24:45,11.46,--,2,2292,卖盘
563,14:24:42,11.46,--,10,11460,卖盘
564,14:24:39,11.46,-0.01,5,5730,卖盘
565,14:24:36,11.47,--,3,3441,买盘
566,14:24:33,11.47,0.01,82,94054,买盘
567,14:24:30,11.46,-0.01,4,4584,卖盘
568,14:24:24,11.47,0.01,31,35557,买盘
569,14:24:21,11.46,-0.01,15,17190,卖盘
570,14:24:18,11.47,0.01,63,72261,买盘
571,14:24:15,11.46,--,6,6876,卖盘
572,14:24:12,11.46,--,12,13752,卖盘
573,14:24:06,11.46,-0.01,1,1146,卖盘
574,14:24:00,11.47,0.01,1,1147,买盘
575,14:23:57,11.46,--,99,113568,卖盘
576,14:23:54,11.46,--,1,1146,卖盘
577,14:23:51,11.46,--,16,18336,卖盘
578,14:23:48,11.46,--,2,2292,卖盘
579,14:23:45,11.46,-0.01,10,11460,卖盘
580,14:23:42,11.47,--,5,5735,买盘
581,14:23:39,11.47,--,3,3441,买盘
582,14:23:36,11.47,--,3,3441,买盘
583,14:23:33,11.47,--,9,10323,买盘
584,14:23:21,11.47,--,52,59644,买盘
585,14:23:18,11.47,--,11,12617,买盘
586,14:23:15,11.47,0.01,21,24087,买盘
587,14:23:12,11.46,--,1,1146,卖盘
588,14:23:09,11.46,--,1,1146,卖盘
589,14:23:06,11.46,--,4,4584,卖盘
590,14:23:03,11.46,--,92,105432,卖盘
591,14:23:00,11.46,-0.01,18,20742,卖盘
592,14:22:57,11.47,0.01,51,58497,买盘
593,14:22:54,11.46,--,23,26358,卖盘
594,14:22:51,11.46,--,1,1146,卖盘
595,14:22:48,11.46,-0.01,91,104286,卖盘
596,14:22:45,11.47,0.01,1,1147,买盘
597,14:22:42,11.46,-0.01,20,22920,卖盘
598,14:22:39,11.47,--,217,248899,买盘
599,14:22:36,11.47,0.01,5,5735,买盘
600,14:22:33,11.46,-0.01,45,51570,卖盘
601,14:22:27,11.47,0.01,4,4588,买盘
602,14:22:24,11.46,-0.01,17,19482,卖盘
603,14:22:18,11.47,--,9,10323,买盘
604,14:22:15,11.47,--,5,5735,买盘
605,14:22:12,11.47,0.01,69,79143,买盘
606,14:22:09,11.46,-0.01,1,1146,卖盘
607,14:22:06,11.47,0.01,4,4588,买盘
608,14:22:00,11.46,-0.01,17,19608,卖盘
609,14:21:54,11.47,--,4,4588,买盘
610,14:21:51,11.47,--,8,9176,买盘
611,14:21:48,11.47,0.01,3,3441,买盘
612,14:21:42,11.46,--,23,26358,卖盘
613,14:21:39,11.46,--,31,35526,卖盘
614,14:21:36,11.46,-0.01,90,103140,卖盘
615,14:21:33,11.47,0.01,13,14911,买盘
616,14:21:30,11.46,--,16,18336,卖盘
617,14:21:27,11.46,--,40,45840,卖盘
618,14:21:24,11.46,-0.01,21,24066,卖盘
619,14:21:21,11.47,--,15,17205,买盘
620,14:21:18,11.47,--,12,13764,买盘
621,14:21:15,11.47,--,4,4588,买盘
622,14:21:12,11.47,0.01,39,44733,买盘
623,14:21:09,11.46,--,1,1146,卖盘
624,14:21:06,11.46,--,3,3438,卖盘
625,14:21:03,11.46,-0.01,28,32202,卖盘
626,14:21:00,11.47,0.01,80,91760,买盘
627,14:20:57,11.46,--,1,1146,卖盘
628,14:20:54,11.46,--,13,14898,卖盘
629,14:20:45,11.46,--,21,24066,卖盘
630,14:20:42,11.46,--,15,17190,卖盘
631,14:20:36,11.46,--,9,10314,卖盘
632,14:20:33,11.46,-0.01,5,5730,卖盘
633,14:20:30,11.47,--,7,8029,买盘
634,14:20:27,11.47,--,2,2294,买盘
635,14:20:24,11.47,0.01,27,31083,买盘
636,14:20:18,11.46,--,94,108755,卖盘
637,14:20:15,11.46,-0.01,12,13752,卖盘
638,14:20:09,11.47,0.01,30,34410,买盘
639,14:20:06,11.46,--,16,18336,卖盘
640,14:20:03,11.46,-0.01,21,24180,卖盘
641,14:20:00,11.47,--,4,4588,买盘
642,14:19:57,11.47,0.01,20,22940,买盘
643,14:19:54,11.46,-0.01,1,1146,卖盘
644,14:19:51,11.47,0.01,77,88319,买盘
645,14:19:45,11.46,--,1,1146,卖盘
646,14:19:42,11.46,--,23,26358,卖盘
647,14:19:39,11.46,-0.01,233,267018,卖盘
648,14:19:36,11.47,--,517,593790,卖盘
649,14:19:30,11.47,-0.01,21,24087,卖盘
650,14:19:24,11.48,--,3,3444,买盘
651,14:19:21,11.48,--,1,1148,买盘
652,14:19:18,11.48,0.01,8,9184,买盘
653,14:19:15,11.47,--,127,145669,卖盘
654,14:19:12,11.47,--,72,82584,卖盘
655,14:19:09,11.47,--,23,26381,卖盘
656,14:19:06,11.47,--,22,25348,卖盘
657,14:19:03,11.47,--,224,256928,卖盘
658,14:18:54,11.47,-0.01,16,18352,卖盘
659,14:18:51,11.48,--,3,3444,买盘
660,14:18:48,11.48,0.01,57,65436,买盘
661,14:18:45,11.47,-0.01,1,1147,卖盘
662,14:18:42,11.48,--,57,65436,买盘
663,14:18:39,11.48,--,138,158424,卖盘
664,14:18:36,11.48,-0.01,2,2296,卖盘
665,14:18:33,11.49,0.01,42,48258,买盘
666,14:18:30,11.48,--,123,141204,买盘
667,14:18:27,11.48,0.01,333,382284,买盘
668,14:18:24,11.47,-0.01,6,6882,卖盘
669,14:18:21,11.48,0.01,32,36736,买盘
670,14:18:12,11.47,-0.01,5,5735,卖盘
671,14:18:09,11.48,0.01,58,66710,买盘
672,14:18:06,11.47,--,113,129611,卖盘
673,14:18:03,11.47,--,2,2294,卖盘
674,14:18:00,11.47,--,6,6882,卖盘
675,14:17:57,11.47,--,24,27528,卖盘
676,14:17:54,11.47,-0.01,72,82584,卖盘
677,14:17:51,11.48,0.01,6,6888,买盘
678,14:17:48,11.47,--,7,8029,卖盘
679,14:17:45,11.47,-0.01,11,12617,卖盘
680,14:17:42,11.48,--,5,5740,买盘
681,14:17:39,11.48,0.01,14,16072,买盘
682,14:17:36,11.47,-0.01,11,12617,卖盘
683,14:17:30,11.48,--,69,79212,买盘
684,14:17:27,11.48,0.01,6,6888,买盘
685,14:17:24,11.47,-0.01,38,43586,卖盘
686,14:17:18,11.48,0.01,127,145796,买盘
687,14:17:15,11.47,-0.01,8,9176,卖盘
688,14:17:12,11.48,0.01,11,12628,买盘
689,14:17:09,11.47,-0.01,42,48288,卖盘
690,14:17:06,11.48,0.01,11,12628,买盘
691,14:17:03,11.47,-0.01,2,2294,卖盘
692,14:17:00,11.48,--,23,26404,买盘
693,14:16:57,11.48,--,174,200463,卖盘
694,14:16:54,11.48,--,11,12628,卖盘
695,14:16:51,11.48,--,1,1148,卖盘
696,14:16:48,11.48,-0.01,2,2296,卖盘
697,14:16:45,11.49,0.01,5,5745,买盘
698,14:16:42,11.48,--,3,3444,卖盘
699,14:16:39,11.48,--,3,3444,卖盘
700,14:16:36,11.48,--,3,3444,卖盘
701,14:16:30,11.48,-0.01,5,5740,卖盘
702,14:16:27,11.49,--,4,4596,买盘
703,14:16:24,11.49,0.01,52,59748,买盘
704,14:16:21,11.48,--,86,98728,卖盘
705,14:16:15,11.48,-0.01,33,37884,卖盘
706,14:16:12,11.49,0.01,31,35733,买盘
707,14:16:09,11.48,-0.01,8,9184,卖盘
708,14:16:06,11.49,--,36,41364,买盘
709,14:16:03,11.49,0.01,12,13788,买盘
710,14:15:57,11.48,--,5,5740,卖盘
711,14:15:54,11.48,--,48,55104,卖盘
712,14:15:51,11.48,--,6,6888,卖盘
713,14:15:48,11.48,-0.01,10,11480,卖盘
714,14:15:45,11.49,--,59,67791,买盘
715,14:15:39,11.49,0.01,9,10341,买盘
716,14:15:36,11.48,-0.01,8,9184,卖盘
717,14:15:24,11.49,--,240,275760,买盘
718,14:15:21,11.49,--,5,5745,买盘
719,14:15:18,11.49,0.01,4,4596,买盘
720,14:15:15,11.48,--,18,20778,卖盘
721,14:15:12,11.48,--,80,91840,卖盘
722,14:15:09,11.48,-0.01,16,18368,卖盘
723,14:15:06,11.49,--,7,8043,买盘
724,14:15:03,11.49,-0.01,142,163158,卖盘
725,14:15:00,11.5,0.01,17,19550,买盘
726,14:14:57,11.49,--,47,54003,卖盘
727,14:14:54,11.49,--,17,19533,卖盘
728,14:14:45,11.49,--,2,2298,卖盘
729,14:14:39,11.49,--,40,45960,卖盘
730,14:14:36,11.49,--,48,55152,买盘
731,14:14:33,11.49,--,6,6894,买盘
732,14:14:30,11.49,--,34,39066,买盘
733,14:14:24,11.49,0.01,7,8043,中性盘
734,14:14:21,11.48,--,5,5740,卖盘
735,14:14:18,11.48,--,2,2296,卖盘
736,14:14:15,11.48,-0.02,18,20790,卖盘
737,14:14:12,11.5,0.02,24,27600,买盘
738,14:14:09,11.48,--,22,25256,卖盘
739,14:14:06,11.48,-0.01,114,131985,卖盘
740,14:14:03,11.49,--,4,4596,买盘
741,14:14:00,11.49,0.01,99,113751,买盘
742,14:13:57,11.48,-0.01,2,2296,卖盘
743,14:13:54,11.49,0.01,44,50556,买盘
744,14:13:51,11.48,--,110,126280,卖盘
745,14:13:48,11.48,--,6,6888,卖盘
746,14:13:45,11.48,-0.01,2,2296,卖盘
747,14:13:42,11.49,0.01,10,11490,买盘
748,14:13:39,11.48,--,56,64288,卖盘
749,14:13:36,11.48,-0.01,2,2296,卖盘
750,14:13:30,11.49,--,4,4596,买盘
751,14:13:27,11.49,--,71,81579,买盘
752,14:13:24,11.49,--,6,6894,买盘
753,14:13:21,11.49,--,3,3447,买盘
754,14:13:18,11.49,0.01,21,24243,买盘
755,14:13:15,11.48,-0.01,1,1148,卖盘
756,14:13:12,11.49,--,14,16086,买盘
757,14:13:09,11.49,0.01,12,13788,买盘
758,14:13:06,11.48,-0.01,59,67732,卖盘
759,14:13:03,11.49,--,3,3447,买盘
760,14:13:00,11.49,--,344,395256,买盘
761,14:12:57,11.49,0.01,1,1149,买盘
762,14:12:54,11.48,-0.01,4,4592,卖盘
763,14:12:51,11.49,--,115,132135,买盘
764,14:12:48,11.49,--,5,5745,买盘
765,14:12:45,11.49,--,147,168937,卖盘
766,14:12:36,11.49,-0.01,10,11490,卖盘
767,14:12:33,11.5,--,3,3450,买盘
768,14:12:30,11.5,0.01,20,23000,买盘
769,14:12:24,11.49,-0.01,171,196479,卖盘
770,14:12:21,11.5,0.01,3,3450,买盘
771,14:12:18,11.49,-0.01,7,8043,卖盘
772,14:12:15,11.5,--,81,93150,买盘
773,14:12:12,11.5,0.01,9,10350,买盘
774,14:12:09,11.49,--,1,1149,卖盘
775,14:12:06,11.49,-0.01,6,6894,卖盘
776,14:12:03,11.5,0.01,55,63250,买盘
777,14:11:57,11.49,--,36,41364,卖盘
778,14:11:54,11.49,--,1,1149,卖盘
779,14:11:51,11.49,--,9,10341,卖盘
780,14:11:48,11.49,--,1,1149,卖盘
781,14:11:45,11.49,-0.01,11,12639,卖盘
782,14:11:42,11.5,--,50,57500,买盘
783,14:11:39,11.5,0.01,5,5750,买盘
784,14:11:36,11.49,--,30,34470,卖盘
785,14:11:33,11.49,-0.01,20,22980,卖盘
786,14:11:30,11.5,0.01,24,27600,买盘
787,14:11:24,11.49,-0.01,3,3447,卖盘
788,14:11:21,11.5,0.01,4,4600,买盘
789,14:11:18,11.49,-0.01,5,5745,卖盘
790,14:11:15,11.5,0.01,5,5750,买盘
791,14:11:09,11.49,--,2,2298,卖盘
792,14:11:06,11.49,-0.01,16,19498,卖盘
793,14:11:03,11.5,0.01,17,19550,买盘
794,14:11:00,11.49,--,32,36768,买盘
795,14:10:57,11.49,0.01,21,24129,买盘
796,14:10:54,11.48,--,93,106764,卖盘
797,14:10:51,11.48,--,147,168756,卖盘
798,14:10:48,11.48,--,5,5740,卖盘
799,14:10:45,11.48,-0.02,11,12628,卖盘
800,14:10:42,11.5,--,8,9200,买盘
801,14:10:39,11.5,0.02,19,21850,买盘
802,14:10:36,11.48,-0.01,278,319144,卖盘
803,14:10:30,11.49,--,106,121794,买盘
804,14:10:27,11.49,--,3,3447,买盘
805,14:10:24,11.49,0.01,25,28725,买盘
806,14:10:21,11.48,--,14,16072,卖盘
807,14:10:15,11.48,--,5,5740,卖盘
808,14:10:12,11.48,-0.01,36,41328,卖盘
809,14:10:09,11.49,0.01,4,4596,买盘
810,14:10:06,11.48,--,3,3444,卖盘
811,14:10:03,11.48,-0.01,9,10332,卖盘
812,14:10:00,11.49,0.01,10,11490,买盘
813,14:09:57,11.48,--,106,121688,卖盘
814,14:09:54,11.48,-0.01,3,3444,卖盘
815,14:09:51,11.49,--,4,4596,买盘
816,14:09:48,11.49,0.01,2,2298,买盘
817,14:09:45,11.48,--,1,1148,卖盘
818,14:09:42,11.48,--,3,3444,卖盘
819,14:09:39,11.48,--,19,21812,卖盘
820,14:09:36,11.48,-0.01,15,17220,卖盘
821,14:09:30,11.49,--,5,5745,买盘
822,14:09:27,11.49,0.01,6,6894,买盘
823,14:09:24,11.48,--,25,28700,卖盘
824,14:09:21,11.48,-0.01,63,72324,卖盘
825,14:09:18,11.49,--,126,144774,卖盘
826,14:09:15,11.49,-0.01,1,1149,卖盘
827,14:09:12,11.5,--,4,4600,买盘
828,14:09:09,11.5,--,1,1150,买盘
829,14:09:06,11.5,--,5,5750,买盘
830,14:09:03,11.5,--,17,19550,买盘
831,14:09:00,11.5,0.01,9,10350,买盘
832,14:08:57,11.49,-0.01,21,24129,卖盘
833,14:08:54,11.5,0.01,210,241500,买盘
834,14:08:51,11.49,--,4,4596,卖盘
835,14:08:48,11.49,-0.01,131,150519,卖盘
836,14:08:45,11.5,0.01,50,57500,买盘
837,14:08:42,11.49,0.01,51,59253,买盘
838,14:08:39,11.48,-0.01,11,12628,卖盘
839,14:08:36,11.49,0.01,7,8043,买盘
840,14:08:33,11.48,-0.01,1,1148,卖盘
841,14:08:30,11.49,--,35,40215,买盘
842,14:08:27,11.49,0.01,26,29874,买盘
843,14:08:21,11.48,--,5,5740,卖盘
844,14:08:15,11.48,-0.01,4,4592,卖盘
845,14:08:12,11.49,--,61,70089,买盘
846,14:08:09,11.49,--,13,14937,买盘
847,14:08:06,11.49,0.01,1,1149,买盘
848,14:08:03,11.48,-0.01,2,2296,卖盘
849,14:08:00,11.49,--,31,35619,买盘
850,14:07:57,11.49,--,4,4596,买盘
851,14:07:54,11.49,0.01,22,25278,买盘
852,14:07:51,11.48,-0.01,9,10332,卖盘
853,14:07:48,11.49,0.01,5,5745,买盘
854,14:07:45,11.48,--,4,4592,卖盘
855,14:07:42,11.48,-0.01,5,5740,卖盘
856,14:07:39,11.49,--,13,14937,买盘
857,14:07:36,11.49,--,95,109155,买盘
858,14:07:30,11.49,--,1,1149,买盘
859,14:07:27,11.49,--,3,3447,买盘
860,14:07:24,11.49,--,41,47109,买盘
861,14:07:21,11.49,--,6,6894,买盘
862,14:07:18,11.49,0.01,2,2298,买盘
863,14:07:12,11.48,-0.01,1,1148,卖盘
864,14:07:09,11.49,0.01,3,3447,买盘
865,14:07:06,11.48,--,128,146944,买盘
866,14:07:00,11.48,--,107,122836,买盘
867,14:06:57,11.48,0.01,11,12628,中性盘
868,14:06:54,11.47,-0.01,299,342953,卖盘
869,14:06:51,11.48,-0.01,9,10332,卖盘
870,14:06:48,11.49,--,6,6894,买盘
871,14:06:42,11.49,--,13,14937,买盘
872,14:06:36,11.49,0.01,5,5745,买盘
873,14:06:30,11.48,--,22,25256,卖盘
874,14:06:27,11.48,-0.01,136,156128,卖盘
875,14:06:24,11.49,0.01,8,9192,买盘
876,14:06:21,11.48,--,1,1148,中性盘
877,14:06:09,11.48,-0.01,9,10332,卖盘
878,14:06:06,11.49,--,5,5745,买盘
879,14:06:03,11.49,--,113,129837,买盘
880,14:06:00,11.49,0.02,30,34470,买盘
881,14:05:57,11.47,-0.02,14,16058,卖盘
882,14:05:54,11.49,0.01,20,22980,买盘
883,14:05:51,11.48,-0.01,93,106764,卖盘
884,14:05:48,11.49,--,230,264270,买盘
885,14:05:45,11.49,0.01,133,152817,买盘
886,14:05:42,11.48,-0.01,958,1099784,卖盘
887,14:05:39,11.49,0.01,72,82728,买盘
888,14:05:36,11.48,--,153,175644,卖盘
889,14:05:33,11.48,--,264,303072,卖盘
890,14:05:30,11.48,-0.01,1,1148,卖盘
891,14:05:27,11.49,--,3,3447,买盘
892,14:05:24,11.49,0.01,5,5745,买盘
893,14:05:21,11.48,-0.01,6,6888,卖盘
894,14:05:15,11.49,--,77,88473,买盘
895,14:05:09,11.49,--,8,9192,买盘
896,14:05:06,11.49,--,1,1149,买盘
897,14:05:00,11.49,--,19,21831,买盘
898,14:04:54,11.49,--,239,274611,买盘
899,14:04:51,11.49,0.01,23,26427,买盘
900,14:04:45,11.48,-0.01,8,9184,卖盘
901,14:04:42,11.49,--,167,191883,买盘
902,14:04:39,11.49,0.01,49,56301,买盘
903,14:04:36,11.48,-0.01,34,39032,卖盘
904,14:04:33,11.49,--,3,3447,买盘
905,14:04:30,11.49,--,9,10341,买盘
906,14:04:27,11.49,0.01,8,9192,买盘
907,14:04:18,11.48,-0.01,22,25256,卖盘
908,14:04:15,11.49,--,7,8043,买盘
909,14:04:09,11.49,--,31,35619,买盘
910,14:04:06,11.49,0.01,60,68940,买盘
911,14:04:03,11.48,-0.01,21,24108,卖盘
912,14:04:00,11.49,0.01,19,21831,买盘
913,14:03:57,11.48,-0.01,1,1148,卖盘
914,14:03:54,11.49,0.01,12,13788,买盘
915,14:03:51,11.48,-0.01,130,149240,卖盘
916,14:03:48,11.49,--,24,27576,买盘
917,14:03:42,11.49,--,4,4596,买盘
918,14:03:39,11.49,--,101,116049,买盘
919,14:03:36,11.49,--,1,1149,买盘
920,14:03:33,11.49,--,5,5745,买盘
921,14:03:30,11.49,0.01,93,106857,买盘
922,14:03:27,11.48,--,63,72324,卖盘
923,14:03:24,11.48,-0.01,231,265188,卖盘
924,14:03:18,11.49,--,696,799704,买盘
925,14:03:15,11.49,--,10,11490,买盘
926,14:03:12,11.49,--,91,104559,买盘
927,14:03:09,11.49,--,100,114900,买盘
928,14:03:03,11.49,--,2,2298,买盘
929,14:03:00,11.49,--,6,6894,买盘
930,14:02:54,11.49,--,72,82728,买盘
931,14:02:51,11.49,0.01,13,14937,买盘
932,14:02:48,11.48,-0.01,3,3444,卖盘
933,14:02:45,11.49,--,31,35619,买盘
934,14:02:42,11.49,--,4,4596,买盘
935,14:02:39,11.49,--,115,132135,买盘
936,14:02:36,11.49,0.01,57,65493,买盘
937,14:02:33,11.48,--,67,76916,买盘
938,14:02:30,11.48,--,11,12628,买盘
939,14:02:27,11.48,-0.01,6,6888,中性盘
940,14:02:24,11.49,--,10,11490,买盘
941,14:02:21,11.49,0.03,51,58599,买盘
942,14:02:18,11.46,--,9,10314,卖盘
943,14:02:12,11.46,--,2,2292,卖盘
944,14:02:09,11.46,-0.01,3,3438,卖盘
945,14:02:06,11.47,0.01,25,28675,买盘
946,14:02:03,11.46,-0.01,10,11460,卖盘
947,14:02:00,11.47,--,3,3441,买盘
948,14:01:54,11.47,0.01,2,2294,买盘
949,14:01:51,11.46,-0.01,12,13752,卖盘
950,14:01:48,11.47,-0.01,34,38998,买盘
951,14:01:45,11.48,0.02,88,101024,买盘
952,14:01:42,11.46,-0.02,3,3438,卖盘
953,14:01:39,11.48,0.02,50,57400,买盘
954,14:01:30,11.46,-0.01,262,300252,卖盘
955,14:01:27,11.47,--,18,20646,卖盘
956,14:01:24,11.47,-0.01,64,73408,卖盘
957,14:01:21,11.48,0.02,179,205492,买盘
958,14:01:15,11.46,--,2,2292,卖盘
959,14:01:12,11.46,-0.02,1,1146,卖盘
960,14:01:09,11.48,0.02,72,82656,买盘
961,14:01:06,11.46,--,40,45840,卖盘
962,14:01:00,11.46,-0.02,2,2292,卖盘
963,14:00:54,11.48,0.02,5,5740,买盘
964,14:00:51,11.46,-0.02,1,1146,卖盘
965,14:00:48,11.48,--,19,21812,买盘
966,14:00:45,11.48,--,29,33292,买盘
967,14:00:39,11.48,0.01,5,5740,买盘
968,14:00:36,11.47,--,66,75702,买盘
969,14:00:33,11.47,0.01,3,3441,买盘
970,14:00:30,11.46,-0.01,10,11460,卖盘
971,14:00:27,11.47,--,3,3441,买盘
972,14:00:24,11.47,0.01,4,4588,买盘
973,14:00:21,11.46,-0.01,2,2292,卖盘
974,14:00:18,11.47,0.01,5,5735,买盘
975,14:00:15,11.46,--,1,1146,卖盘
976,14:00:12,11.46,--,15,17190,卖盘
977,14:00:09,11.46,-0.01,1,1146,卖盘
978,14:00:06,11.47,0.01,3,3441,买盘
979,14:00:03,11.46,-0.01,1,1146,卖盘
980,14:00:00,11.47,0.01,72,82584,买盘
981,13:59:57,11.46,--,120,137520,卖盘
982,13:59:54,11.46,-0.01,3,3438,卖盘
983,13:59:51,11.47,--,13,14911,买盘
984,13:59:45,11.47,--,20,22940,买盘
985,13:59:36,11.47,--,5,5735,买盘
986,13:59:33,11.47,--,740,848780,买盘
987,13:59:27,11.47,--,8,9176,买盘
988,13:59:24,11.47,--,77,88319,买盘
989,13:59:21,11.47,--,14,16058,买盘
990,13:59:18,11.47,--,6,6882,买盘
991,13:59:12,11.47,--,5,5735,买盘
992,13:59:09,11.47,0.01,1,1147,买盘
993,13:59:06,11.46,--,6,6876,卖盘
994,13:59:03,11.46,-0.01,3,3438,卖盘
995,13:59:00,11.47,--,10,11470,买盘
996,13:58:57,11.47,--,15,17939,买盘
997,13:58:54,11.47,-0.01,238,272986,卖盘
998,13:58:51,11.48,--,90,103320,买盘
999,13:58:48,11.48,--,11,12628,买盘
1000,13:58:45,11.48,--,10,11480,买盘
1001,13:58:42,11.48,0.01,23,26404,买盘
1002,13:58:39,11.47,--,5,5735,卖盘
1003,13:58:36,11.47,-0.01,7,8029,卖盘
1004,13:58:33,11.48,0.01,8,9184,买盘
1005,13:58:30,11.47,-0.01,3,3441,卖盘
1006,13:58:27,11.48,--,264,303072,买盘
1007,13:58:24,11.48,--,8,9184,买盘
1008,13:58:21,11.48,0.01,398,456904,买盘
1009,13:58:18,11.47,-0.01,11,12617,卖盘
1010,13:58:15,11.48,--,186,213528,买盘
1011,13:58:12,11.48,--,1,1148,买盘
1012,13:58:09,11.48,--,29,33292,买盘
1013,13:58:03,11.48,0.01,1,1148,买盘
1014,13:58:00,11.47,--,10,11470,买盘
1015,13:57:57,11.47,-0.01,1,1147,卖盘
1016,13:57:54,11.48,--,10,11480,买盘
1017,13:57:45,11.48,0.02,10,11480,买盘
1018,13:57:42,11.46,-0.01,35,41233,卖盘
1019,13:57:39,11.47,--,88,100936,买盘
1020,13:57:36,11.47,--,6,6882,买盘
1021,13:57:33,11.47,--,4,4588,买盘
1022,13:57:30,11.47,--,43,49321,买盘
1023,13:57:27,11.47,--,3,3441,买盘
1024,13:57:24,11.47,0.01,9,10323,买盘
1025,13:57:21,11.46,-0.01,7,8022,卖盘
1026,13:57:12,11.47,--,61,69967,买盘
1027,13:57:09,11.47,--,3,3441,买盘
1028,13:57:06,11.47,0.01,75,86025,买盘
1029,13:57:03,11.46,-0.01,12,13752,卖盘
1030,13:56:57,11.47,--,4,4588,买盘
1031,13:56:51,11.47,--,176,201872,买盘
1032,13:56:48,11.47,0.01,108,123876,买盘
1033,13:56:45,11.46,-0.01,44,50424,卖盘
1034,13:56:42,11.47,--,4,4588,买盘
1035,13:56:39,11.47,--,22,25234,买盘
1036,13:56:36,11.47,--,21,24087,买盘
1037,13:56:33,11.47,--,6,6882,买盘
1038,13:56:30,11.47,--,84,96348,买盘
1039,13:56:27,11.47,--,3,3441,买盘
1040,13:56:24,11.47,--,13,14911,买盘
1041,13:56:21,11.47,--,28,32116,买盘
1042,13:56:18,11.47,--,1,1147,买盘
1043,13:56:06,11.47,--,32,36704,买盘
1044,13:55:57,11.47,--,5,5735,买盘
1045,13:55:54,11.47,0.01,68,77996,买盘
1046,13:55:51,11.46,-0.01,14,16044,卖盘
1047,13:55:45,11.47,--,5,5735,买盘
1048,13:55:42,11.47,0.01,242,277574,买盘
1049,13:55:39,11.46,--,54,62697,买盘
1050,13:55:36,11.46,--,274,314004,买盘
1051,13:55:33,11.46,--,70,80220,买盘
1052,13:55:30,11.46,--,3,3438,买盘
1053,13:55:27,11.46,--,4,4584,买盘
1054,13:55:24,11.46,0.01,11,12606,买盘
1055,13:55:21,11.45,-0.01,54,61829,卖盘
1056,13:55:18,11.46,0.01,3,3438,买盘
1057,13:55:12,11.45,-0.01,1,1145,卖盘
1058,13:55:09,11.46,--,32,36672,买盘
1059,13:55:03,11.46,0.01,4,4584,买盘
1060,13:55:00,11.45,--,10,11450,卖盘
1061,13:54:54,11.45,--,1,1145,卖盘
1062,13:54:51,11.45,-0.01,27,30914,卖盘
1063,13:54:48,11.46,0.01,53,60738,买盘
1064,13:54:45,11.45,-0.01,76,87020,卖盘
1065,13:54:42,11.46,--,5,5730,买盘
1066,13:54:39,11.46,0.01,24,27504,买盘
1067,13:54:36,11.45,-0.01,13,14884,卖盘
1068,13:54:30,11.46,--,4,4584,买盘
1069,13:54:27,11.46,--,33,37818,买盘
1070,13:54:24,11.46,0.01,41,46986,买盘
1071,13:54:21,11.45,0.01,6,6870,中性盘
1072,13:54:15,11.44,-0.01,80,92057,卖盘
1073,13:54:12,11.45,--,43,49235,买盘
1074,13:54:09,11.45,--,120,137400,买盘
1075,13:54:06,11.45,--,3,3435,买盘
1076,13:54:03,11.45,--,3,3435,买盘
1077,13:54:00,11.45,--,35,40075,买盘
1078,13:53:57,11.45,--,17,19465,买盘
1079,13:53:51,11.45,--,222,254189,买盘
1080,13:53:48,11.45,0.01,198,226710,中性盘
1081,13:53:45,11.44,-0.02,912,1043328,卖盘
1082,13:53:42,11.46,--,18,20628,买盘
1083,13:53:39,11.46,--,232,265872,买盘
1084,13:53:36,11.46,--,627,718542,买盘
1085,13:53:33,11.46,0.01,170,194820,买盘
1086,13:53:30,11.45,-0.01,6,6870,卖盘
1087,13:53:27,11.46,--,23,26358,买盘
1088,13:53:24,11.46,--,2,2292,买盘
1089,13:53:21,11.46,--,12,13752,买盘
1090,13:53:18,11.46,--,39,44694,买盘
1091,13:53:15,11.46,--,89,102406,卖盘
1092,13:53:09,11.46,-0.01,10,11460,卖盘
1093,13:53:06,11.47,0.01,24,27757,买盘
1094,13:53:03,11.46,--,7,8022,卖盘
1095,13:53:00,11.46,0.01,135,155214,买盘
1096,13:52:57,11.45,-0.01,14,16029,卖盘
1097,13:52:54,11.46,--,45,51570,买盘
1098,13:52:51,11.46,--,7,8022,买盘
1099,13:52:48,11.46,0.01,3,3438,买盘
1100,13:52:45,11.45,--,15,17175,卖盘
1101,13:52:42,11.45,-0.01,30,34350,卖盘
1102,13:52:39,11.46,--,23,26358,买盘
1103,13:52:36,11.46,--,1,1146,买盘
1104,13:52:33,11.46,0.01,23,26358,买盘
1105,13:52:30,11.45,-0.01,30,34350,卖盘
1106,13:52:27,11.46,0.01,41,46986,买盘
1107,13:52:24,11.45,--,142,162590,卖盘
1108,13:52:21,11.45,-0.01,2,2290,卖盘
1109,13:52:18,11.46,0.01,5,5730,买盘
1110,13:52:15,11.45,--,0,618,买盘
1111,13:52:12,11.45,0.01,4,4580,买盘
1112,13:52:09,11.44,-0.02,4,4576,卖盘
1113,13:52:03,11.46,0.01,94,108090,买盘
1114,13:52:00,11.45,--,238,272510,卖盘
1115,13:51:57,11.45,--,36,41998,买盘
1116,13:51:54,11.45,--,173,198085,买盘
1117,13:51:51,11.45,--,67,76715,买盘
1118,13:51:48,11.45,--,3,3435,买盘
1119,13:51:45,11.45,--,255,291975,买盘
1120,13:51:39,11.45,--,22,25190,买盘
1121,13:51:36,11.45,--,2,2290,买盘
1122,13:51:33,11.45,--,14,16029,买盘
1123,13:51:30,11.45,--,162,185490,买盘
1124,13:51:27,11.45,--,7,8014,买盘
1125,13:51:24,11.45,--,363,416768,卖盘
1126,13:51:21,11.45,-0.01,70,80459,卖盘
1127,13:51:18,11.46,0.01,10,11460,买盘
1128,13:51:15,11.45,--,83,95035,卖盘
1129,13:51:09,11.45,--,32,36640,卖盘
1130,13:51:06,11.45,--,3,3435,卖盘
1131,13:51:03,11.45,--,19,21755,卖盘
1132,13:51:00,11.45,--,10,12297,卖盘
1133,13:50:57,11.45,-0.01,45,51525,卖盘
1134,13:50:54,11.46,0.01,220,252120,买盘
1135,13:50:51,11.45,--,23,26335,卖盘
1136,13:50:48,11.45,--,11,12595,卖盘
1137,13:50:45,11.45,--,121,138545,卖盘
1138,13:50:42,11.45,--,27,30914,卖盘
1139,13:50:39,11.45,-0.01,130,148850,卖盘
1140,13:50:36,11.46,--,28,32088,买盘
1141,13:50:30,11.46,0.01,22,25212,买盘
1142,13:50:27,11.45,-0.01,10,11450,卖盘
1143,13:50:24,11.46,0.01,3,3438,买盘
1144,13:50:21,11.45,-0.01,20,22900,卖盘
1145,13:50:18,11.46,--,603,691038,卖盘
1146,13:50:15,11.46,--,309,354114,卖盘
1147,13:50:12,11.46,--,227,260142,卖盘
1148,13:50:09,11.46,-0.01,15,17190,卖盘
1149,13:50:06,11.47,--,78,89466,买盘
1150,13:50:03,11.47,0.01,52,59644,买盘
1151,13:50:00,11.46,-0.01,71,81366,卖盘
1152,13:49:57,11.47,0.01,9,10323,买盘
1153,13:49:54,11.46,--,27,30942,卖盘
1154,13:49:51,11.46,-0.01,170,194820,卖盘
1155,13:49:42,11.47,0.01,23,26381,买盘
1156,13:49:36,11.46,-0.01,14,16044,卖盘
1157,13:49:33,11.47,--,11,12617,买盘
1158,13:49:30,11.47,0.01,94,107818,买盘
1159,13:49:27,11.46,-0.01,17,19482,卖盘
1160,13:49:24,11.47,0.01,1,1147,买盘
1161,13:49:21,11.46,-0.01,1,1146,卖盘
1162,13:49:18,11.47,--,15,17205,买盘
1163,13:49:15,11.47,0.01,25,28675,买盘
1164,13:49:12,11.46,--,75,85950,卖盘
1165,13:49:09,11.46,-0.01,11,12606,卖盘
1166,13:49:00,11.47,--,117,134199,买盘
1167,13:48:57,11.47,--,4,4588,买盘
1168,13:48:54,11.47,0.01,85,97495,买盘
1169,13:48:48,11.46,-0.01,1,1146,卖盘
1170,13:48:42,11.47,-0.01,743,852243,卖盘
1171,13:48:39,11.48,--,6,7347,买盘
1172,13:48:33,11.48,0.01,10,11480,买盘
1173,13:48:30,11.47,-0.01,10,11470,卖盘
1174,13:48:27,11.48,0.01,33,37884,买盘
1175,13:48:21,11.47,-0.01,101,115847,卖盘
1176,13:48:18,11.48,--,2,2296,买盘
1177,13:48:15,11.48,--,5,5740,买盘
1178,13:48:06,11.48,0.01,1,1148,买盘
1179,13:48:03,11.47,--,2,2294,卖盘
1180,13:48:00,11.47,-0.01,5,5735,卖盘
1181,13:47:57,11.48,-0.01,220,252560,卖盘
1182,13:47:54,11.49,0.01,8,9192,买盘
1183,13:47:51,11.48,--,7,8036,卖盘
1184,13:47:48,11.48,-0.01,1,1148,卖盘
1185,13:47:45,11.49,--,63,72387,买盘
1186,13:47:36,11.49,--,12,13788,买盘
1187,13:47:33,11.49,0.01,5,5745,买盘
1188,13:47:27,11.48,--,30,34440,卖盘
1189,13:47:21,11.48,-0.01,1,1148,卖盘
1190,13:47:18,11.49,--,8,9192,买盘
1191,13:47:15,11.49,--,5,5745,买盘
1192,13:47:12,11.49,--,6,6894,买盘
1193,13:47:09,11.49,--,75,86175,买盘
1194,13:47:06,11.49,--,3,3447,买盘
1195,13:47:00,11.49,--,5,5745,买盘
1196,13:46:57,11.49,--,5,5745,买盘
1197,13:46:54,11.49,-0.01,289,332555,卖盘
1198,13:46:51,11.5,0.01,3,3450,买盘
1199,13:46:48,11.49,--,1,1149,卖盘
1200,13:46:45,11.49,--,5,5745,卖盘
1201,13:46:42,11.49,-0.01,37,42513,卖盘
1202,13:46:39,11.5,--,6,6900,买盘
1203,13:46:36,11.5,0.02,27,31705,买盘
1204,13:46:33,11.48,-0.01,3,3444,卖盘
1205,13:46:30,11.49,0.01,9,10341,买盘
1206,13:46:27,11.48,--,8,9184,卖盘
1207,13:46:24,11.48,-0.01,40,45920,卖盘
1208,13:46:21,11.49,--,5,5745,买盘
1209,13:46:18,11.49,--,3,3447,买盘
1210,13:46:12,11.49,0.01,5,5745,买盘
1211,13:46:06,11.48,--,17,19516,卖盘
1212,13:46:03,11.48,-0.01,9,10332,卖盘
1213,13:46:00,11.49,0.01,60,68940,买盘
1214,13:45:57,11.48,-0.01,6,6888,卖盘
1215,13:45:54,11.49,0.01,1,1149,买盘
1216,13:45:51,11.48,-0.01,179,205492,卖盘
1217,13:45:48,11.49,--,1,1149,卖盘
1218,13:45:42,11.49,--,5,5745,卖盘
1219,13:45:39,11.49,-0.01,124,142476,卖盘
1220,13:45:36,11.5,--,43,49450,买盘
1221,13:45:33,11.5,0.01,16,18400,买盘
1222,13:45:30,11.49,-0.01,150,172350,卖盘
1223,13:45:27,11.5,0.01,39,44850,买盘
1224,13:45:24,11.49,--,78,89622,卖盘
1225,13:45:18,11.49,-0.01,6,6894,卖盘
1226,13:45:15,11.5,--,3,3450,买盘
1227,13:45:12,11.5,0.01,49,56350,买盘
1228,13:45:09,11.49,-0.01,72,82728,中性盘
1229,13:44:57,11.5,--,20,23000,买盘
1230,13:44:54,11.5,--,1,1150,买盘
1231,13:44:51,11.5,--,9,10350,买盘
1232,13:44:48,11.5,0.02,73,83950,买盘
1233,13:44:39,11.48,-0.01,7,8036,卖盘
1234,13:44:36,11.49,--,1,1149,买盘
1235,13:44:33,11.49,0.01,2,2298,中性盘
1236,13:44:30,11.48,-0.01,51,58548,卖盘
1237,13:44:27,11.49,--,28,32172,买盘
1238,13:44:21,11.49,0.01,54,62046,买盘
1239,13:44:15,11.48,-0.01,73,83804,卖盘
1240,13:44:12,11.49,--,10,11490,买盘
1241,13:44:09,11.49,--,5,5745,买盘
1242,13:44:06,11.49,--,1,1149,买盘
1243,13:44:03,11.49,0.01,3,3447,买盘
1244,13:44:00,11.48,-0.01,2,2296,卖盘
1245,13:43:57,11.49,0.01,14,16086,买盘
1246,13:43:54,11.48,--,20,22960,卖盘
1247,13:43:51,11.48,--,4,4592,卖盘
1248,13:43:48,11.48,-0.01,1,1148,卖盘
1249,13:43:45,11.49,--,6,6894,买盘
1250,13:43:42,11.49,--,2,2298,买盘
1251,13:43:39,11.49,--,55,63195,买盘
1252,13:43:36,11.49,--,32,37434,买盘
1253,13:43:33,11.49,--,13,14937,买盘
1254,13:43:30,11.49,--,3,3447,买盘
1255,13:43:27,11.49,0.01,7,8043,买盘
1256,13:43:21,11.48,-0.01,30,34440,卖盘
1257,13:43:18,11.49,0.01,31,35619,买盘
1258,13:43:09,11.48,--,20,22960,卖盘
1259,13:43:06,11.48,-0.01,14,16072,卖盘
1260,13:43:03,11.49,--,83,95367,买盘
1261,13:42:57,11.49,--,7,8043,买盘
1262,13:42:54,11.49,0.01,39,44811,买盘
1263,13:42:51,11.48,--,5,5740,卖盘
1264,13:42:48,11.48,--,1,1148,卖盘
1265,13:42:45,11.48,--,4,4592,卖盘
1266,13:42:39,11.48,--,234,268632,卖盘
1267,13:42:36,11.48,0.01,7,8036,买盘
1268,13:42:33,11.47,-0.02,5,5735,卖盘
1269,13:42:30,11.49,0.02,81,93069,买盘
1270,13:42:27,11.47,-0.02,18,20646,卖盘
1271,13:42:24,11.49,0.02,21,24129,买盘
1272,13:42:21,11.47,-0.01,10,11470,卖盘
1273,13:42:18,11.48,0.01,10,11480,买盘
1274,13:42:12,11.47,-0.01,1,1147,卖盘
1275,13:42:09,11.48,0.02,7,8036,买盘
1276,13:42:06,11.46,--,22,25212,卖盘
1277,13:42:03,11.46,-0.02,1,1146,卖盘
1278,13:42:00,11.48,--,2,2296,买盘
1279,13:41:57,11.48,--,4,4592,买盘
1280,13:41:54,11.48,0.02,58,66584,买盘
1281,13:41:51,11.46,-0.02,17,19482,卖盘
1282,13:41:48,11.48,--,4,4592,买盘
1283,13:41:42,11.48,--,4,4592,买盘
1284,13:41:39,11.48,0.01,3,3444,卖盘
1285,13:41:36,11.47,-0.02,14,16058,卖盘
1286,13:41:33,11.49,0.01,12,13788,买盘
1287,13:41:30,11.48,--,6,6888,卖盘
1288,13:41:27,11.48,-0.01,42,48216,卖盘
1289,13:41:24,11.49,--,8,9192,买盘
1290,13:41:21,11.49,--,29,33321,买盘
1291,13:41:18,11.49,--,235,270015,买盘
1292,13:41:12,11.49,--,1,1149,买盘
1293,13:41:09,11.49,--,3,3447,买盘
1294,13:41:06,11.49,0.01,14,16086,买盘
1295,13:40:57,11.48,-0.01,3,3444,卖盘
1296,13:40:54,11.49,0.01,8,9192,买盘
1297,13:40:51,11.48,--,5,5740,卖盘
1298,13:40:48,11.48,-0.01,1,1148,卖盘
1299,13:40:45,11.49,0.01,74,85026,买盘
1300,13:40:42,11.48,-0.01,19,21812,卖盘
1301,13:40:39,11.49,--,34,39066,买盘
1302,13:40:36,11.49,0.01,1,1149,买盘
1303,13:40:33,11.48,--,1,1148,卖盘
1304,13:40:30,11.48,-0.01,23,26404,卖盘
1305,13:40:27,11.49,--,15,17235,买盘
1306,13:40:24,11.49,0.01,6,6894,买盘
1307,13:40:21,11.48,--,49,56252,卖盘
1308,13:40:18,11.48,--,11,12628,卖盘
1309,13:40:15,11.48,--,2,2296,卖盘
1310,13:40:12,11.48,--,31,35588,卖盘
1311,13:40:09,11.48,0.01,3,4098,买盘
1312,13:40:03,11.47,--,10,11470,卖盘
1313,13:39:57,11.47,-0.02,8,9176,卖盘
1314,13:39:54,11.49,0.02,6,6894,买盘
1315,13:39:48,11.47,--,6,6882,卖盘
1316,13:39:45,11.47,--,2,2294,卖盘
1317,13:39:42,11.47,--,2,2294,卖盘
1318,13:39:39,11.47,-0.03,3,3441,卖盘
1319,13:39:36,11.5,--,21,24150,买盘
1320,13:39:33,11.5,--,51,58650,买盘
1321,13:39:30,11.5,--,3,3450,买盘
1322,13:39:27,11.5,0.03,14,16100,买盘
1323,13:39:24,11.47,-0.03,2,2294,卖盘
1324,13:39:21,11.5,0.03,24,27600,买盘
1325,13:39:18,11.47,-0.03,173,198431,卖盘
1326,13:39:15,11.5,0.01,5,5750,买盘
1327,13:39:12,11.49,--,271,312217,买盘
1328,13:39:09,11.49,--,20,22980,买盘
1329,13:39:06,11.49,--,10,11490,买盘
1330,13:39:03,11.49,0.01,88,101112,买盘
1331,13:39:00,11.48,--,82,94136,卖盘
1332,13:38:57,11.48,-0.01,18,20664,卖盘
1333,13:38:54,11.49,--,6,6894,买盘
1334,13:38:48,11.49,--,6,6894,买盘
1335,13:38:42,11.49,--,13,14937,买盘
1336,13:38:39,11.49,0.01,3,3447,买盘
1337,13:38:36,11.48,-0.01,4,4592,卖盘
1338,13:38:27,11.49,--,133,152817,买盘
1339,13:38:24,11.49,0.01,50,57450,买盘
1340,13:38:21,11.48,-0.01,4,4592,卖盘
1341,13:38:18,11.49,0.01,27,31023,买盘
1342,13:38:12,11.48,--,2,2296,卖盘
1343,13:38:09,11.48,--,8,9184,卖盘
1344,13:38:06,11.48,-0.01,4,4592,卖盘
1345,13:38:03,11.49,--,6,6894,买盘
1346,13:37:54,11.49,--,14,16086,买盘
1347,13:37:48,11.49,0.01,341,391809,买盘
1348,13:37:42,11.48,0.01,2,2296,买盘
1349,13:37:36,11.47,-0.01,52,59644,卖盘
1350,13:37:33,11.48,0.01,302,346696,买盘
1351,13:37:27,11.47,-0.01,5,5735,卖盘
1352,13:37:24,11.48,-0.01,40,45920,中性盘
1353,13:37:21,11.49,0.02,15,17235,买盘
1354,13:37:18,11.47,--,26,29822,卖盘
1355,13:37:15,11.47,--,69,79143,卖盘
1356,13:37:12,11.47,--,21,24087,卖盘
1357,13:37:09,11.47,-0.02,12,13764,卖盘
1358,13:37:06,11.49,0.01,14,16086,买盘
1359,13:37:03,11.48,-0.01,14,16072,卖盘
1360,13:37:00,11.49,--,3,3447,买盘
1361,13:36:54,11.49,--,33,37917,买盘
1362,13:36:51,11.49,--,9,10341,买盘
1363,13:36:48,11.49,0.01,5,5745,买盘
1364,13:36:39,11.48,0.02,106,121688,中性盘
1365,13:36:36,11.46,-0.02,210,240660,卖盘
1366,13:36:33,11.48,-0.01,126,144648,卖盘
1367,13:36:24,11.49,--,4,4596,买盘
1368,13:36:21,11.49,--,17,19533,买盘
1369,13:36:12,11.49,--,45,51705,买盘
1370,13:36:09,11.49,--,3,3447,买盘
1371,13:36:06,11.49,--,7,8043,买盘
1372,13:36:03,11.49,--,70,80430,买盘
1373,13:36:00,11.49,--,4,4596,买盘
1374,13:35:57,11.49,--,8,9192,买盘
1375,13:35:54,11.49,0.01,6,6894,买盘
1376,13:35:51,11.48,--,4,4592,卖盘
1377,13:35:48,11.48,--,10,11480,卖盘
1378,13:35:45,11.48,--,30,34440,卖盘
1379,13:35:39,11.48,-0.01,5,5740,卖盘
1380,13:35:33,11.49,0.01,6,6894,买盘
1381,13:35:30,11.48,0.01,51,58548,买盘
1382,13:35:27,11.47,-0.01,1,1147,卖盘
1383,13:35:24,11.48,--,46,52808,买盘
1384,13:35:21,11.48,--,31,35588,买盘
1385,13:35:15,11.48,--,16,18368,买盘
1386,13:35:12,11.48,0.01,3,3444,买盘
1387,13:35:09,11.47,-0.02,30,34410,卖盘
1388,13:35:06,11.49,0.01,241,277563,买盘
1389,13:35:03,11.48,--,23,26404,买盘
1390,13:35:00,11.48,--,17,19516,卖盘
1391,13:34:57,11.48,--,82,94136,卖盘
1392,13:34:54,11.48,0.01,50,57400,买盘
1393,13:34:51,11.47,--,202,231694,卖盘
1394,13:34:48,11.47,--,4,4588,卖盘
1395,13:34:45,11.47,-0.01,1,1147,卖盘
1396,13:34:36,11.48,--,13,14924,卖盘
1397,13:34:33,11.48,-0.01,1,1148,卖盘
1398,13:34:30,11.49,--,1,1149,买盘
1399,13:34:24,11.49,--,60,68940,买盘
1400,13:34:18,11.49,--,64,73536,买盘
1401,13:34:15,11.49,0.01,63,72387,买盘
1402,13:34:12,11.48,--,32,36736,卖盘
1403,13:34:09,11.48,-0.01,45,51660,卖盘
1404,13:34:06,11.49,0.01,2,2298,买盘
1405,13:34:03,11.48,--,3,3444,卖盘
1406,13:34:00,11.48,-0.01,10,11480,卖盘
1407,13:33:54,11.49,0.01,11,12639,买盘
1408,13:33:51,11.48,--,3,3444,卖盘
1409,13:33:48,11.48,--,1,1148,卖盘
1410,13:33:45,11.48,0.02,33,37884,买盘
1411,13:33:36,11.46,-0.02,1,1146,卖盘
1412,13:33:33,11.48,0.02,1,1148,买盘
1413,13:33:30,11.46,-0.02,52,59592,卖盘
1414,13:33:27,11.48,-0.01,4,4592,卖盘
1415,13:33:24,11.49,--,16,18384,买盘
1416,13:33:18,11.49,0.01,1,1149,买盘
1417,13:33:15,11.48,--,23,26404,卖盘
1418,13:33:12,11.48,--,1,1148,卖盘
1419,13:33:09,11.48,-0.01,123,141204,卖盘
1420,13:33:06,11.49,0.01,444,510822,买盘
1421,13:33:03,11.48,0.01,3,3444,买盘
1422,13:33:00,11.47,--,1,1147,卖盘
1423,13:32:57,11.47,-0.01,65,74555,卖盘
1424,13:32:54,11.48,0.01,5,5740,中性盘
1425,13:32:51,11.47,--,10,11470,卖盘
1426,13:32:48,11.47,--,1,1147,卖盘
1427,13:32:39,11.47,-0.02,3,3441,卖盘
1428,13:32:33,11.49,--,86,98814,买盘
1429,13:32:30,11.49,--,10,11490,买盘
1430,13:32:24,11.49,0.02,5,5745,买盘
1431,13:32:21,11.47,-0.02,51,58497,卖盘
1432,13:32:18,11.49,0.01,3,3447,买盘
1433,13:32:15,11.48,-0.01,253,290444,买盘
1434,13:32:12,11.49,0.02,53,60897,买盘
1435,13:32:09,11.47,-0.01,66,75702,卖盘
1436,13:32:06,11.48,--,86,98728,买盘
1437,13:32:03,11.48,-0.01,110,126280,卖盘
1438,13:32:00,11.49,0.01,73,83877,买盘
1439,13:31:57,11.48,--,53,60844,卖盘
1440,13:31:54,11.48,-0.01,159,182532,卖盘
1441,13:31:48,11.49,0.01,170,195330,买盘
1442,13:31:42,11.48,-0.01,2,2296,卖盘
1443,13:31:36,11.49,0.01,1,1149,买盘
1444,13:31:33,11.48,-0.01,74,84952,卖盘
1445,13:31:30,11.49,--,295,338955,买盘
1446,13:31:27,11.49,-0.02,1031,1185595,卖盘
1447,13:31:24,11.51,--,93,107043,买盘
1448,13:31:21,11.51,--,5,5755,买盘
1449,13:31:18,11.51,--,74,85174,买盘
1450,13:31:15,11.51,--,1,1151,买盘
1451,13:31:12,11.51,--,3,3453,买盘
1452,13:31:09,11.51,--,19,21869,买盘
1453,13:31:06,11.51,0.01,4,4604,买盘
1454,13:31:03,11.5,-0.01,8,9200,卖盘
1455,13:30:57,11.51,0.01,4,4604,买盘
1456,13:30:51,11.5,-0.01,47,54050,卖盘
1457,13:30:48,11.51,--,113,130063,买盘
1458,13:30:45,11.51,--,1,1151,买盘
1459,13:30:42,11.51,--,4,4604,买盘
1460,13:30:39,11.51,0.01,14,16114,买盘
1461,13:30:36,11.5,--,2,2300,卖盘
1462,13:30:33,11.5,-0.01,50,57500,卖盘
1463,13:30:30,11.51,0.01,27,31077,买盘
1464,13:30:27,11.5,--,10,11500,卖盘
1465,13:30:24,11.5,-0.01,4,4600,卖盘
1466,13:30:21,11.51,--,4,4604,买盘
1467,13:30:18,11.51,--,71,81721,买盘
1468,13:30:15,11.51,--,68,78268,买盘
1469,13:30:12,11.51,--,18,20718,买盘
1470,13:30:09,11.51,--,10,11510,买盘
1471,13:30:06,11.51,0.01,35,40285,买盘
1472,13:30:03,11.5,-0.01,22,25300,卖盘
1473,13:30:00,11.51,0.01,1,1151,买盘
1474,13:29:57,11.5,-0.01,35,40250,卖盘
1475,13:29:51,11.51,0.01,11,13317,买盘
1476,13:29:45,11.5,-0.01,38,43700,卖盘
1477,13:29:42,11.51,0.01,5,5755,买盘
1478,13:29:39,11.5,-0.01,272,312800,卖盘
1479,13:29:33,11.51,--,2,2302,买盘
1480,13:29:30,11.51,0.01,34,39134,买盘
1481,13:29:27,11.5,--,20,23000,卖盘
1482,13:29:24,11.5,-0.01,18,20700,卖盘
1483,13:29:21,11.51,--,7,8057,买盘
1484,13:29:15,11.51,--,3,3453,买盘
1485,13:29:12,11.51,--,11,12661,买盘
1486,13:29:09,11.51,--,8,9208,买盘
1487,13:29:06,11.51,0.01,28,32228,买盘
1488,13:29:03,11.5,0.01,80,92000,买盘
1489,13:28:57,11.49,--,3,3447,卖盘
1490,13:28:54,11.49,-0.02,5,5745,卖盘
1491,13:28:51,11.51,--,7,8057,买盘
1492,13:28:42,11.51,--,6,6906,买盘
1493,13:28:36,11.51,0.01,14,16114,买盘
1494,13:28:30,11.5,-0.01,6,6900,卖盘
1495,13:28:27,11.51,0.01,90,103590,买盘
1496,13:28:24,11.5,-0.01,2,2300,卖盘
1497,13:28:21,11.51,--,14,16114,买盘
1498,13:28:15,11.51,--,4,4604,买盘
1499,13:28:12,11.51,0.02,10,11510,买盘
1500,13:28:09,11.49,-0.01,213,244737,卖盘
1501,13:28:06,11.5,-0.01,100,115000,卖盘
1502,13:28:03,11.51,--,10,11510,买盘
1503,13:28:00,11.51,0.01,124,142724,买盘
1504,13:27:57,11.5,-0.01,5,5750,卖盘
1505,13:27:54,11.51,0.01,148,170348,买盘
1506,13:27:51,11.5,--,7,8050,卖盘
1507,13:27:45,11.5,-0.01,39,44850,卖盘
1508,13:27:42,11.51,--,5,5755,买盘
1509,13:27:36,11.51,--,1,1151,买盘
1510,13:27:33,11.51,--,6,6906,买盘
1511,13:27:27,11.51,--,35,40285,买盘
1512,13:27:24,11.51,--,14,16114,买盘
1513,13:27:21,11.51,--,9,10359,买盘
1514,13:27:18,11.51,0.01,83,95533,买盘
1515,13:27:12,11.5,--,1,1150,卖盘
1516,13:27:09,11.5,-0.01,50,57500,卖盘
1517,13:27:06,11.51,--,10,11510,买盘
1518,13:27:03,11.51,--,227,261277,买盘
1519,13:27:00,11.51,--,24,27624,买盘
1520,13:26:57,11.51,0.01,43,49493,买盘
1521,13:26:54,11.5,-0.01,5,5750,卖盘
1522,13:26:51,11.51,--,8,9208,买盘
1523,13:26:48,11.51,--,41,47191,买盘
1524,13:26:42,11.51,--,105,120855,买盘
1525,13:26:39,11.51,--,4,4604,买盘
1526,13:26:33,11.51,0.01,1,1151,买盘
1527,13:26:30,11.5,-0.01,4,4600,卖盘
1528,13:26:27,11.51,--,13,14963,买盘
1529,13:26:24,11.51,0.01,32,36832,买盘
1530,13:26:21,11.5,-0.01,16,18400,卖盘
1531,13:26:18,11.51,--,5,5755,买盘
1532,13:26:12,11.51,--,3,3453,买盘
1533,13:26:09,11.51,0.01,76,87476,买盘
1534,13:26:06,11.5,-0.01,33,37950,卖盘
1535,13:26:03,11.51,--,11,12661,买盘
1536,13:26:00,11.51,--,6,6906,买盘
1537,13:25:57,11.51,--,23,26473,买盘
1538,13:25:54,11.51,--,1,1151,买盘
1539,13:25:51,11.51,--,27,31077,买盘
1540,13:25:42,11.51,0.01,14,16114,买盘
1541,13:25:39,11.5,-0.01,13,14950,卖盘
1542,13:25:36,11.51,--,5,5755,买盘
1543,13:25:33,11.51,--,84,96684,买盘
1544,13:25:30,11.51,--,3,3453,买盘
1545,13:25:27,11.51,--,8,9208,买盘
1546,13:25:21,11.51,--,5,5755,买盘
1547,13:25:18,11.51,--,21,24171,买盘
1548,13:25:15,11.51,0.01,5,5755,买盘
1549,13:25:12,11.5,-0.01,2,2300,卖盘
1550,13:25:09,11.51,--,3,3453,买盘
1551,13:25:06,11.51,-0.01,143,164593,卖盘
1552,13:25:03,11.52,--,74,85248,买盘
1553,13:25:00,11.52,--,4,5276,买盘
1554,13:24:57,11.52,0.01,96,110592,买盘
1555,13:24:54,11.51,-0.01,13,14963,卖盘
1556,13:24:51,11.52,--,5,5760,买盘
1557,13:24:48,11.52,--,2,2304,买盘
1558,13:24:39,11.52,--,6,6912,买盘
1559,13:24:36,11.52,--,12,13824,买盘
1560,13:24:33,11.52,--,10,11520,买盘
1561,13:24:30,11.52,--,2,2304,买盘
1562,13:24:27,11.52,0.01,3,3456,买盘
1563,13:24:24,11.51,-0.01,68,78268,卖盘
1564,13:24:21,11.52,--,7,8064,买盘
1565,13:24:15,11.52,0.01,1,1152,买盘
1566,13:24:12,11.51,-0.01,4,4604,卖盘
1567,13:24:09,11.52,0.01,62,71424,买盘
1568,13:24:06,11.51,--,26,29926,卖盘
1569,13:24:03,11.51,-0.01,5,5755,卖盘
1570,13:24:00,11.52,--,226,260352,买盘
1571,13:23:54,11.52,--,30,34560,买盘
1572,13:23:51,11.52,0.01,9,10368,买盘
1573,13:23:48,11.51,--,96,110496,卖盘
1574,13:23:45,11.51,--,55,63305,卖盘
1575,13:23:42,11.51,-0.01,2,2785,卖盘
1576,13:23:33,11.52,--,1,1152,买盘
1577,13:23:30,11.52,0.02,1,1152,买盘
1578,13:23:27,11.5,-0.01,1,1150,卖盘
1579,13:23:24,11.51,--,34,39134,买盘
1580,13:23:21,11.51,--,32,36832,买盘
1581,13:23:15,11.51,--,1,1151,买盘
1582,13:23:12,11.51,--,83,95533,买盘
1583,13:23:09,11.51,--,6,6906,买盘
1584,13:23:06,11.51,--,14,16114,买盘
1585,13:23:03,11.51,--,4,4604,买盘
1586,13:22:54,11.51,0.01,4,4604,买盘
1587,13:22:51,11.5,--,33,37950,卖盘
1588,13:22:48,11.5,-0.01,3,3450,卖盘
1589,13:22:42,11.51,--,1,1151,买盘
1590,13:22:39,11.51,--,71,81721,买盘
1591,13:22:36,11.51,--,1,1151,买盘
1592,13:22:33,11.51,--,12,13812,买盘
1593,13:22:27,11.51,--,100,115100,卖盘
1594,13:22:24,11.51,-0.01,5,5755,卖盘
1595,13:22:21,11.52,--,5,5760,买盘
1596,13:22:18,11.52,--,2,2304,买盘
1597,13:22:15,11.52,0.01,15,17280,买盘
1598,13:22:12,11.51,0.01,16,18416,中性盘
1599,13:22:09,11.5,-0.02,10,11500,卖盘
1600,13:22:06,11.52,0.01,53,61056,买盘
1601,13:22:03,11.51,0.01,98,112798,买盘
1602,13:22:00,11.5,-0.01,37,42550,卖盘
1603,13:21:57,11.51,0.01,42,48342,买盘
1604,13:21:54,11.5,-0.01,1,1150,卖盘
1605,13:21:51,11.51,--,52,60519,买盘
1606,13:21:48,11.51,--,25,28775,买盘
1607,13:21:36,11.51,0.01,1,1151,买盘
1608,13:21:33,11.5,-0.01,2,2300,卖盘
1609,13:21:30,11.51,--,2,2302,买盘
1610,13:21:27,11.51,--,61,70211,买盘
1611,13:21:24,11.51,0.01,57,65607,买盘
1612,13:21:15,11.5,-0.01,8,9200,卖盘
1613,13:21:06,11.51,--,91,104741,卖盘
1614,13:21:03,11.51,--,260,299260,卖盘
1615,13:21:00,11.51,--,17,19567,卖盘
1616,13:20:57,11.51,--,72,82872,卖盘
1617,13:20:54,11.51,--,81,93231,卖盘
1618,13:20:51,11.51,-0.01,384,441984,卖盘
1619,13:20:48,11.52,0.01,1,1152,买盘
1620,13:20:45,11.51,-0.01,5,5755,卖盘
1621,13:20:42,11.52,0.01,3,3456,买盘
1622,13:20:36,11.51,-0.01,2,2302,卖盘
1623,13:20:30,11.52,0.01,33,38016,买盘
1624,13:20:27,11.51,--,10,11510,卖盘
1625,13:20:24,11.51,-0.01,20,23020,卖盘
1626,13:20:21,11.52,0.01,1,1152,买盘
1627,13:20:18,11.51,--,108,124308,卖盘
1628,13:20:15,11.51,--,8,9208,卖盘
1629,13:20:12,11.51,--,21,24171,卖盘
1630,13:20:09,11.51,--,37,42587,卖盘
1631,13:20:06,11.51,-0.01,16,18416,卖盘
1632,13:20:03,11.52,--,66,76032,买盘
1633,13:20:00,11.52,--,14,16128,买盘
1634,13:19:54,11.52,0.01,4,4608,买盘
1635,13:19:51,11.51,-0.01,10,11510,卖盘
1636,13:19:48,11.52,0.01,25,28800,买盘
1637,13:19:45,11.51,--,5,5755,卖盘
1638,13:19:42,11.51,0.01,76,87476,买盘
1639,13:19:39,11.5,--,15,18170,卖盘
1640,13:19:36,11.5,-0.01,175,201250,卖盘
1641,13:19:33,11.51,--,3,3453,买盘
1642,13:19:18,11.51,0.01,42,48342,买盘
1643,13:19:15,11.5,--,1,1150,卖盘
1644,13:19:12,11.5,-0.01,3,3450,卖盘
1645,13:19:09,11.51,0.01,73,84023,买盘
1646,13:19:06,11.5,-0.01,10,11500,卖盘
1647,13:19:03,11.51,--,62,71362,买盘
1648,13:19:00,11.51,0.01,152,174952,买盘
1649,13:18:57,11.5,--,1,1150,卖盘
1650,13:18:54,11.5,-0.01,20,23000,卖盘
1651,13:18:48,11.51,--,350,402850,买盘
1652,13:18:45,11.51,--,74,85174,买盘
1653,13:18:42,11.51,0.01,4,4604,买盘
1654,13:18:36,11.5,-0.01,38,43700,卖盘
1655,13:18:33,11.51,0.01,228,262428,买盘
1656,13:18:27,11.5,--,7,8050,卖盘
1657,13:18:24,11.5,--,1,1150,卖盘
1658,13:18:21,11.5,-0.01,60,69000,卖盘
1659,13:18:18,11.51,--,369,424719,买盘
1660,13:18:15,11.51,--,22,25322,买盘
1661,13:18:12,11.51,--,23,26473,买盘
1662,13:18:06,11.51,0.01,21,24171,买盘
1663,13:18:03,11.5,--,14,16100,卖盘
1664,13:18:00,11.5,--,2,2300,卖盘
1665,13:17:57,11.5,-0.01,99,113850,卖盘
1666,13:17:54,11.51,0.01,235,270485,买盘
1667,13:17:51,11.5,--,23,26450,卖盘
1668,13:17:48,11.5,--,30,34500,卖盘
1669,13:17:45,11.5,--,10,11500,卖盘
1670,13:17:42,11.5,-0.01,30,34500,卖盘
1671,13:17:39,11.51,0.01,3,3453,买盘
1672,13:17:36,11.5,-0.01,14,16100,卖盘
1673,13:17:33,11.51,0.01,1,1151,买盘
1674,13:17:30,11.5,--,13,14950,卖盘
1675,13:17:27,11.5,--,41,47150,卖盘
1676,13:17:24,11.5,--,237,272596,买盘
1677,13:17:21,11.5,0.01,32,36800,买盘
1678,13:17:18,11.49,--,158,181542,卖盘
1679,13:17:15,11.49,--,1302,1495998,卖盘
1680,13:17:06,11.49,-0.01,37,42513,卖盘
1681,13:17:03,11.5,--,3,3450,买盘
1682,13:16:57,11.5,0.01,15,17250,买盘
1683,13:16:54,11.49,--,10,11490,卖盘
1684,13:16:51,11.49,-0.01,1,1149,卖盘
1685,13:16:48,11.5,--,89,102350,买盘
1686,13:16:45,11.5,0.01,28,32200,买盘
1687,13:16:42,11.49,-0.01,5,6089,卖盘
1688,13:16:39,11.5,0.01,19,21850,买盘
1689,13:16:36,11.49,--,3,3447,卖盘
1690,13:16:30,11.49,-0.01,33,37917,卖盘
1691,13:16:27,11.5,--,3,3450,买盘
1692,13:16:24,11.5,--,1,1150,买盘
1693,13:16:21,11.5,--,23,26450,买盘
1694,13:16:15,11.5,0.01,54,62100,买盘
1695,13:16:12,11.49,--,161,184989,卖盘
1696,13:16:09,11.49,--,13,14937,卖盘
1697,13:16:06,11.49,--,4,4596,卖盘
1698,13:16:03,11.49,--,5,5745,卖盘
1699,13:16:00,11.49,--,6,6894,卖盘
1700,13:15:57,11.49,--,138,158562,卖盘
1701,13:15:54,11.49,--,1,1149,卖盘
1702,13:15:51,11.49,-0.01,84,96516,卖盘
1703,13:15:48,11.5,-0.01,387,445050,卖盘
1704,13:15:42,11.51,0.01,21,24171,买盘
1705,13:15:39,11.5,--,93,106950,卖盘
1706,13:15:36,11.5,-0.01,102,117300,卖盘
1707,13:15:33,11.51,--,309,355659,买盘
1708,13:15:30,11.51,0.01,8,9208,买盘
1709,13:15:27,11.5,--,28,32200,卖盘
1710,13:15:24,11.5,--,3,3450,卖盘
1711,13:15:21,11.5,--,10,11500,卖盘
1712,13:15:18,11.5,-0.01,51,58650,卖盘
1713,13:15:15,11.51,--,11,12661,买盘
1714,13:15:12,11.51,0.01,3,3453,买盘
1715,13:15:09,11.5,-0.01,4,4600,卖盘
1716,13:15:06,11.51,--,1,1151,买盘
1717,13:15:03,11.51,0.01,68,78268,买盘
1718,13:14:57,11.5,-0.01,14,16100,卖盘
1719,13:14:54,11.51,--,9,10359,买盘
1720,13:14:51,11.51,--,1,1151,买盘
1721,13:14:48,11.51,0.02,3,3453,买盘
1722,13:14:45,11.49,-0.01,47,54003,卖盘
1723,13:14:42,11.5,0.01,69,79350,买盘
1724,13:14:36,11.49,--,5,5745,卖盘
1725,13:14:33,11.49,-0.01,5,5745,卖盘
1726,13:14:27,11.5,0.01,60,69000,买盘
1727,13:14:21,11.49,--,2,2298,卖盘
1728,13:14:15,11.49,--,1,1149,卖盘
1729,13:14:12,11.49,--,1,1149,卖盘
1730,13:14:09,11.49,-0.01,1,1149,卖盘
1731,13:14:00,11.5,0.01,154,177100,中性盘
1732,13:13:57,11.49,-0.02,268,307932,卖盘
1733,13:13:54,11.51,0.01,67,77117,买盘
1734,13:13:51,11.5,-0.01,9,10350,买盘
1735,13:13:48,11.51,--,1,1151,买盘
1736,13:13:45,11.51,0.01,4,4604,买盘
1737,13:13:42,11.5,0.01,25,28750,买盘
1738,13:13:36,11.49,-0.01,23,26427,卖盘
1739,13:13:24,11.5,0.01,2,2300,买盘
1740,13:13:21,11.49,-0.01,68,78132,卖盘
1741,13:13:18,11.5,0.01,71,81650,买盘
1742,13:13:15,11.49,--,8,9192,卖盘
1743,13:13:12,11.49,--,2,2298,卖盘
1744,13:13:06,11.49,-0.01,1,1149,卖盘
1745,13:13:03,11.5,--,1,1150,买盘
1746,13:13:00,11.5,-0.01,37,42550,卖盘
1747,13:12:57,11.51,0.01,223,256673,买盘
1748,13:12:54,11.5,--,4,4600,卖盘
1749,13:12:51,11.5,--,83,95450,卖盘
1750,13:12:48,11.5,--,18,20700,卖盘
1751,13:12:45,11.5,--,43,49450,卖盘
1752,13:12:42,11.5,-0.01,23,26450,买盘
1753,13:12:39,11.51,0.01,67,77117,买盘
1754,13:12:36,11.5,0.01,200,230000,买盘
1755,13:12:33,11.49,--,1,1149,卖盘
1756,13:12:27,11.49,-0.01,1,1149,卖盘
1757,13:12:24,11.5,--,51,58650,买盘
1758,13:12:18,11.5,--,1,1150,买盘
1759,13:12:15,11.5,0.01,4,4600,买盘
1760,13:12:09,11.49,--,111,127539,卖盘
1761,13:12:06,11.49,-0.01,1,1149,卖盘
1762,13:12:00,11.5,--,5,5750,买盘
1763,13:11:57,11.5,0.01,6,6900,买盘
1764,13:11:54,11.49,--,20,22980,卖盘
1765,13:11:51,11.49,--,16,18384,卖盘
1766,13:11:48,11.49,-0.01,14,16086,卖盘
1767,13:11:45,11.5,--,3,3450,买盘
1768,13:11:39,11.5,0.01,20,23000,买盘
1769,13:11:36,11.49,--,1,1149,卖盘
1770,13:11:33,11.49,--,106,121794,卖盘
1771,13:11:30,11.49,-0.01,5,5745,卖盘
1772,13:11:27,11.5,--,3,3450,买盘
1773,13:11:21,11.5,0.01,1,1150,买盘
1774,13:11:15,11.49,-0.01,1,1149,卖盘
1775,13:11:09,11.5,--,43,49450,卖盘
1776,13:11:06,11.5,-0.01,1,1150,卖盘
1777,13:11:03,11.51,0.01,1,1151,买盘
1778,13:11:00,11.5,--,63,72450,卖盘
1779,13:10:57,11.5,--,95,109250,卖盘
1780,13:10:54,11.5,--,23,26450,卖盘
1781,13:10:51,11.5,-0.01,14,16100,卖盘
1782,13:10:48,11.51,--,4,4604,买盘
1783,13:10:42,11.51,--,95,109345,买盘
1784,13:10:36,11.51,0.01,26,29926,买盘
1785,13:10:33,11.5,--,9,10350,卖盘
1786,13:10:27,11.5,--,1,1150,卖盘
1787,13:10:24,11.5,-0.01,128,147200,卖盘
1788,13:10:21,11.51,-0.01,20,23020,卖盘
1789,13:10:18,11.52,0.01,246,283392,买盘
1790,13:10:15,11.51,--,5,5755,卖盘
1791,13:10:12,11.51,--,95,109345,卖盘
1792,13:10:09,11.51,--,22,25322,卖盘
1793,13:10:06,11.51,--,8,9208,卖盘
1794,13:10:03,11.51,--,1,1151,卖盘
1795,13:10:00,11.51,0.01,17,19567,中性盘
1796,13:09:57,11.5,-0.02,62,71300,卖盘
1797,13:09:51,11.52,--,36,41472,买盘
1798,13:09:48,11.52,0.01,91,104832,买盘
1799,13:09:45,11.51,--,11,12661,买盘
1800,13:09:42,11.51,--,9,10359,买盘
1801,13:09:39,11.51,--,70,80570,买盘
1802,13:09:36,11.51,0.01,3,3453,买盘
1803,13:09:33,11.5,-0.01,50,57500,卖盘
1804,13:09:30,11.51,0.01,1,1151,买盘
1805,13:09:27,11.5,--,11,12650,卖盘
1806,13:09:24,11.5,--,1,1150,卖盘
1807,13:09:21,11.5,-0.01,27,31050,卖盘
1808,13:09:18,11.51,0.01,2,2302,买盘
1809,13:09:15,11.5,-0.02,2,2300,卖盘
1810,13:09:12,11.52,0.02,193,222336,买盘
1811,13:09:09,11.5,-0.02,19,21850,卖盘
1812,13:09:06,11.52,0.01,142,163584,买盘
1813,13:09:03,11.51,--,144,165744,买盘
1814,13:09:00,11.51,--,2,2302,买盘
1815,13:08:57,11.51,--,165,189915,买盘
1816,13:08:54,11.51,0.01,493,567443,买盘
1817,13:08:51,11.5,-0.01,1,1150,卖盘
1818,13:08:48,11.51,--,2,2302,买盘
1819,13:08:45,11.51,0.01,1,1151,买盘
1820,13:08:42,11.5,-0.01,95,109250,卖盘
1821,13:08:39,11.51,--,249,286599,买盘
1822,13:08:36,11.51,0.01,95,109345,买盘
1823,13:08:33,11.5,0.01,1390,1598523,买盘
1824,13:08:30,11.49,--,2,3424,卖盘
1825,13:08:24,11.49,--,4,4596,卖盘
1826,13:08:21,11.49,--,27,31023,卖盘
1827,13:08:15,11.49,-0.01,1,1149,卖盘
1828,13:08:12,11.5,0.01,100,115000,买盘
1829,13:08:09,11.49,--,137,157413,卖盘
1830,13:08:06,11.49,-0.01,1,1149,卖盘
1831,13:08:03,11.5,--,74,85100,买盘
1832,13:08:00,11.5,0.01,1,1150,买盘
1833,13:07:57,11.49,-0.01,95,109155,卖盘
1834,13:07:54,11.5,0.01,228,262200,买盘
1835,13:07:51,11.49,-0.01,22,25278,卖盘
1836,13:07:48,11.5,--,3,3450,买盘
1837,13:07:45,11.5,0.01,4,4600,买盘
1838,13:07:42,11.49,--,16,18384,卖盘
1839,13:07:39,11.49,-0.01,3,3447,卖盘
1840,13:07:36,11.5,0.01,776,892423,买盘
1841,13:07:33,11.49,--,23,26427,买盘
1842,13:07:27,11.49,0.01,87,99963,买盘
1843,13:07:21,11.48,--,28,32144,卖盘
1844,13:07:18,11.48,--,11,12628,卖盘
1845,13:07:15,11.48,--,1,1148,卖盘
1846,13:07:12,11.48,--,11,12628,卖盘
1847,13:07:09,11.48,--,10,11480,卖盘
1848,13:07:03,11.48,0.01,43,49364,买盘
1849,13:06:57,11.47,-0.02,10,11470,卖盘
1850,13:06:51,11.49,0.02,59,67791,买盘
1851,13:06:48,11.47,-0.02,250,286750,卖盘
1852,13:06:45,11.49,--,41,47109,买盘
1853,13:06:42,11.49,0.01,22,25278,买盘
1854,13:06:36,11.48,-0.01,1,1148,卖盘
1855,13:06:33,11.49,0.01,6,6894,买盘
1856,13:06:30,11.48,--,48,55104,卖盘
1857,13:06:27,11.48,--,51,58548,卖盘
1858,13:06:21,11.48,--,25,28700,卖盘
1859,13:06:18,11.48,--,3,3444,卖盘
1860,13:06:15,11.48,-0.01,1,1148,卖盘
1861,13:06:12,11.49,--,52,59748,买盘
1862,13:06:06,11.49,--,2,2298,买盘
1863,13:06:03,11.49,--,2,2298,买盘
1864,13:05:57,11.49,0.01,4,4596,买盘
1865,13:05:54,11.48,--,2,2296,卖盘
1866,13:05:51,11.48,-0.01,3,3444,卖盘
1867,13:05:45,11.49,--,4,4596,买盘
1868,13:05:42,11.49,--,21,24129,买盘
1869,13:05:39,11.49,--,52,59748,买盘
1870,13:05:36,11.49,--,3,3447,买盘
1871,13:05:33,11.49,--,10,11490,买盘
1872,13:05:30,11.49,--,23,26427,买盘
1873,13:05:27,11.49,--,28,32172,买盘
1874,13:05:24,11.49,--,88,101112,卖盘
1875,13:05:21,11.49,-0.01,27,31023,卖盘
1876,13:05:18,11.5,0.01,9,10350,买盘
1877,13:05:15,11.49,-0.01,1,1149,卖盘
1878,13:05:09,11.5,--,12,13800,买盘
1879,13:05:00,11.5,0.01,1,1150,买盘
1880,13:04:57,11.49,--,48,55152,卖盘
1881,13:04:54,11.49,--,2,2298,卖盘
1882,13:04:51,11.49,-0.01,3,3447,卖盘
1883,13:04:48,11.5,--,1,1150,买盘
1884,13:04:45,11.5,0.01,158,181700,买盘
1885,13:04:42,11.49,0.01,3,3447,买盘
1886,13:04:39,11.48,-0.01,7,8036,卖盘
1887,13:04:36,11.49,0.01,22,25278,买盘
1888,13:04:33,11.48,-0.01,6,6888,卖盘
1889,13:04:30,11.49,--,54,62046,买盘
1890,13:04:27,11.49,0.01,28,32172,买盘
1891,13:04:24,11.48,--,12,13776,卖盘
1892,13:04:21,11.48,-0.01,39,44772,卖盘
1893,13:04:18,11.49,0.01,1,1149,买盘
1894,13:04:15,11.48,-0.01,1,1148,卖盘
1895,13:04:09,11.49,--,11,12639,买盘
1896,13:04:06,11.49,0.01,6,6894,买盘
1897,13:04:03,11.48,-0.01,43,49364,卖盘
1898,13:04:00,11.49,0.01,1,1149,买盘
1899,13:03:57,11.48,--,1,1148,卖盘
1900,13:03:51,11.48,--,1,1148,卖盘
1901,13:03:48,11.48,-0.01,6,6888,卖盘
1902,13:03:42,11.49,--,3,3447,买盘
1903,13:03:39,11.49,0.01,13,14937,买盘
1904,13:03:33,11.48,-0.01,7,8036,卖盘
1905,13:03:30,11.49,--,20,22980,买盘
1906,13:03:27,11.49,0.01,2,2298,买盘
1907,13:03:21,11.48,-0.01,28,32144,卖盘
1908,13:03:18,11.49,0.01,1,1149,买盘
1909,13:03:15,11.48,--,31,35588,卖盘
1910,13:03:06,11.48,-0.01,1,1148,卖盘
1911,13:03:03,11.49,0.01,26,29874,买盘
1912,13:03:00,11.48,--,3,3444,卖盘
1913,13:02:57,11.48,--,8,9184,卖盘
1914,13:02:54,11.48,--,48,55104,买盘
1915,13:02:51,11.48,0.01,11,12628,买盘
1916,13:02:42,11.47,-0.01,19,21793,卖盘
1917,13:02:39,11.48,--,12,13776,买盘
1918,13:02:36,11.48,0.01,3,3444,买盘
1919,13:02:33,11.47,-0.01,4,4588,卖盘
1920,13:02:30,11.48,0.01,24,27552,买盘
1921,13:02:24,11.47,0.01,1,1147,卖盘
1922,13:02:21,11.46,-0.02,26,29796,卖盘
1923,13:02:18,11.48,--,3,3444,买盘
1924,13:02:15,11.48,--,76,88005,卖盘
1925,13:02:12,11.48,--,53,60844,卖盘
1926,13:02:09,11.48,--,0,390,买盘
1927,13:02:06,11.48,0.01,1,1148,买盘
1928,13:02:00,11.47,--,11,12617,卖盘
1929,13:01:57,11.47,--,10,11470,卖盘
1930,13:01:54,11.47,-0.01,4,4588,卖盘
1931,13:01:51,11.48,--,2,2296,买盘
1932,13:01:48,11.48,--,4,4592,买盘
1933,13:01:45,11.48,--,29,33292,买盘
1934,13:01:39,11.48,--,3,3444,买盘
1935,13:01:36,11.48,--,16,18368,买盘
1936,13:01:33,11.48,0.01,25,28700,买盘
1937,13:01:30,11.47,-0.01,5,5735,卖盘
1938,13:01:27,11.48,--,19,21812,买盘
1939,13:01:21,11.48,--,30,34440,买盘
1940,13:01:18,11.48,0.01,1,1148,买盘
1941,13:01:15,11.47,--,1,1147,卖盘
1942,13:01:12,11.47,--,10,11470,卖盘
1943,13:01:06,11.47,--,17,19499,卖盘
1944,13:01:03,11.47,--,59,67673,买盘
1945,13:00:57,11.47,0.01,48,55056,买盘
1946,13:00:54,11.46,--,75,85950,卖盘
1947,13:00:51,11.46,-0.01,2,2292,卖盘
1948,13:00:48,11.47,0.01,53,60791,买盘
1949,13:00:45,11.46,--,9,10314,卖盘
1950,13:00:39,11.46,-0.01,11,12606,卖盘
1951,13:00:36,11.47,--,3,3441,买盘
1952,13:00:33,11.47,0.01,52,59644,买盘
1953,13:00:30,11.46,-0.01,12,13752,卖盘
1954,13:00:27,11.47,0.01,26,29822,买盘
1955,13:00:24,11.46,--,33,37818,卖盘
1956,13:00:15,11.46,-0.01,1,1146,卖盘
1957,13:00:12,11.47,0.01,75,86025,买盘
1958,13:00:06,11.46,--,17,19482,卖盘
1959,13:00:03,11.46,-0.02,326,374352,卖盘
1960,13:00:00,11.48,0.01,3,3444,买盘
1961,11:30:00,11.47,--,0,0,卖盘
1962,11:29:57,11.47,--,1,1147,卖盘
1963,11:29:51,11.47,--,24,27528,卖盘
1964,11:29:45,11.47,--,54,61938,卖盘
1965,11:29:36,11.47,--,19,21793,卖盘
1966,11:29:33,11.47,--,35,40534,买盘
1967,11:29:30,11.47,--,6,6882,买盘
1968,11:29:27,11.47,--,3,3441,买盘
1969,11:29:24,11.47,0.01,28,32116,买盘
1970,11:29:21,11.46,--,28,32088,卖盘
1971,11:29:15,11.46,-0.01,2,2292,卖盘
1972,11:29:09,11.47,0.01,22,25234,买盘
1973,11:29:06,11.46,--,3,3438,卖盘
1974,11:29:03,11.46,--,1,1146,卖盘
1975,11:28:57,11.46,--,1,1146,卖盘
1976,11:28:51,11.46,-0.01,5,5730,卖盘
1977,11:28:48,11.47,--,3,3441,买盘
1978,11:28:42,11.47,-0.01,22,25991,卖盘
1979,11:28:36,11.48,0.01,3,3444,买盘
1980,11:28:33,11.47,-0.01,5,5735,卖盘
1981,11:28:30,11.48,--,3,3444,买盘
1982,11:28:27,11.48,--,174,199752,买盘
1983,11:28:24,11.48,0.01,21,24108,买盘
1984,11:28:21,11.47,--,40,45880,卖盘
1985,11:28:15,11.47,-0.01,1,1147,卖盘
1986,11:28:12,11.48,--,3,3444,买盘
1987,11:28:09,11.48,0.01,34,39032,买盘
1988,11:28:06,11.47,--,1,1147,卖盘
1989,11:28:03,11.47,--,2,2294,卖盘
1990,11:28:00,11.47,--,13,14911,卖盘
1991,11:27:51,11.47,-0.01,1,1147,卖盘
1992,11:27:48,11.48,0.01,3,3444,买盘
1993,11:27:45,11.47,-0.01,12,13764,卖盘
1994,11:27:42,11.48,0.01,1,1148,买盘
1995,11:27:36,11.47,-0.01,20,22940,卖盘
1996,11:27:33,11.48,0.01,4,4592,买盘
1997,11:27:27,11.47,-0.01,29,33263,卖盘
1998,11:27:24,11.48,0.01,12,13776,买盘
1999,11:27:21,11.47,-0.01,29,33263,卖盘
2000,11:27:18,11.48,0.01,32,36736,买盘
2001,11:27:15,11.47,--,1,1147,卖盘
2002,11:27:12,11.47,-0.01,2,2294,卖盘
2003,11:27:03,11.48,0.01,2,2296,中性盘
2004,11:27:00,11.47,-0.01,58,66526,卖盘
2005,11:26:51,11.48,-0.01,1,1148,中性盘
2006,11:26:48,11.49,--,5,5745,买盘
2007,11:26:42,11.49,0.01,251,288399,买盘
2008,11:26:39,11.48,--,1,1148,买盘
2009,11:26:36,11.48,--,3,3444,买盘
2010,11:26:33,11.48,0.01,26,29848,买盘
2011,11:26:30,11.47,-0.01,7,8029,卖盘
2012,11:26:27,11.48,--,10,11480,买盘
2013,11:26:24,11.48,--,1,1148,买盘
2014,11:26:21,11.48,0.01,36,41328,买盘
2015,11:26:18,11.47,--,26,29822,卖盘
2016,11:26:15,11.47,-0.01,1,1147,卖盘
2017,11:26:06,11.48,--,11,12628,卖盘
2018,11:26:03,11.48,--,3,3444,卖盘
2019,11:26:00,11.48,--,17,19516,卖盘
2020,11:25:57,11.48,--,22,25256,卖盘
2021,11:25:54,11.48,-0.01,3,3444,卖盘
2022,11:25:51,11.49,0.01,1,1149,买盘
2023,11:25:48,11.48,--,50,57400,卖盘
2024,11:25:45,11.48,--,32,36736,卖盘
2025,11:25:42,11.48,--,18,20664,卖盘
2026,11:25:39,11.48,--,13,14924,卖盘
2027,11:25:36,11.48,--,19,21812,卖盘
2028,11:25:33,11.48,-0.01,12,13776,卖盘
2029,11:25:30,11.49,0.01,8,9192,买盘
2030,11:25:27,11.48,-0.01,18,20664,卖盘
2031,11:25:24,11.49,0.01,9,10341,买盘
2032,11:25:21,11.48,--,68,78064,卖盘
2033,11:25:18,11.48,--,56,64288,卖盘
2034,11:25:15,11.48,--,1,1148,卖盘
2035,11:25:12,11.48,-0.01,1,1148,卖盘
2036,11:25:09,11.49,0.01,1,1149,买盘
2037,11:25:06,11.48,--,16,18368,卖盘
2038,11:25:03,11.48,--,3,3444,卖盘
2039,11:24:51,11.48,--,5,5740,卖盘
2040,11:24:48,11.48,--,5,5740,卖盘
2041,11:24:45,11.48,-0.01,5,5740,卖盘
2042,11:24:42,11.49,0.01,20,22980,买盘
2043,11:24:39,11.48,-0.01,10,11480,卖盘
2044,11:24:33,11.49,--,32,36768,买盘
2045,11:24:27,11.49,--,3,3447,买盘
2046,11:24:24,11.49,0.01,11,12639,买盘
2047,11:24:21,11.48,--,29,33292,卖盘
2048,11:24:18,11.48,--,26,29848,卖盘
2049,11:24:15,11.48,--,1,1148,卖盘
2050,11:24:12,11.48,--,14,16072,卖盘
2051,11:24:09,11.48,-0.01,120,137760,卖盘
2052,11:24:06,11.49,0.01,2,2298,买盘
2053,11:24:03,11.48,-0.01,1,1148,卖盘
2054,11:23:54,11.49,--,108,124092,买盘
2055,11:23:51,11.49,--,5,5745,买盘
2056,11:23:48,11.49,--,1,1149,买盘
2057,11:23:42,11.49,--,104,119496,买盘
2058,11:23:39,11.49,--,1,1149,买盘
2059,11:23:30,11.49,0.01,83,95367,买盘
2060,11:23:27,11.48,-0.01,11,12628,卖盘
2061,11:23:24,11.49,0.01,9,10341,买盘
2062,11:23:21,11.48,-0.01,28,32144,卖盘
2063,11:23:18,11.49,--,2,2298,买盘
2064,11:23:15,11.49,--,112,128688,买盘
2065,11:23:09,11.49,0.01,4,4596,买盘
2066,11:23:06,11.48,-0.01,1,1148,卖盘
2067,11:23:03,11.49,--,131,150519,买盘
2068,11:23:00,11.49,--,49,57427,卖盘
2069,11:22:57,11.49,--,1,1149,卖盘
2070,11:22:54,11.49,-0.01,5,5745,卖盘
2071,11:22:51,11.5,0.01,136,156423,买盘
2072,11:22:45,11.49,-0.01,30,34470,卖盘
2073,11:22:39,11.5,0.01,13,14950,买盘
2074,11:22:36,11.49,0.01,190,218310,中性盘
2075,11:22:33,11.48,--,1,1148,卖盘
2076,11:22:30,11.48,-0.02,1,1148,卖盘
2077,11:22:24,11.5,0.02,86,98900,买盘
2078,11:22:21,11.48,0.01,37,42476,中性盘
2079,11:22:15,11.47,-0.01,73,83731,卖盘
2080,11:22:12,11.48,--,89,102172,卖盘
2081,11:22:06,11.48,--,13,14924,卖盘
2082,11:22:03,11.48,--,4,4592,卖盘
2083,11:21:57,11.48,--,87,99876,卖盘
2084,11:21:54,11.48,-0.01,1,1148,卖盘
2085,11:21:51,11.49,--,1,1149,买盘
2086,11:21:48,11.49,--,6,7376,买盘
2087,11:21:45,11.49,0.01,76,87324,买盘
2088,11:21:42,11.48,--,3,3444,卖盘
2089,11:21:36,11.48,--,1,1148,卖盘
2090,11:21:33,11.48,--,174,199752,卖盘
2091,11:21:30,11.48,--,1,1148,卖盘
2092,11:21:24,11.48,--,113,129724,卖盘
2093,11:21:21,11.48,-0.02,27,30996,卖盘
2094,11:21:18,11.5,--,96,110400,买盘
2095,11:21:15,11.5,0.02,39,44850,买盘
2096,11:21:12,11.48,--,1,1148,卖盘
2097,11:21:09,11.48,-0.02,39,44772,中性盘
2098,11:21:06,11.5,0.03,101,116150,买盘
2099,11:20:54,11.47,-0.03,1,1147,卖盘
2100,11:20:51,11.5,0.03,109,125350,买盘
2101,11:20:45,11.47,-0.01,22,25234,卖盘
2102,11:20:42,11.48,-0.02,200,229600,卖盘
2103,11:20:39,11.5,0.01,111,127650,买盘
2104,11:20:36,11.49,0.01,1,1149,买盘
2105,11:20:33,11.48,--,211,242228,卖盘
2106,11:20:30,11.48,-0.01,3,3444,卖盘
2107,11:20:27,11.49,0.01,74,85026,买盘
2108,11:20:24,11.48,--,1,1148,卖盘
2109,11:20:21,11.48,-0.01,70,80360,卖盘
2110,11:20:18,11.49,0.01,52,60805,买盘
2111,11:20:15,11.48,-0.01,21,24108,卖盘
2112,11:20:12,11.49,0.01,84,96516,买盘
2113,11:20:09,11.48,--,7,8036,卖盘
2114,11:20:06,11.48,--,28,32144,卖盘
2115,11:20:03,11.48,--,122,140056,卖盘
2116,11:20:00,11.48,--,96,110208,卖盘
2117,11:19:57,11.48,-0.01,49,56252,卖盘
2118,11:19:54,11.49,-0.01,22,25278,买盘
2119,11:19:51,11.5,0.02,411,472650,买盘
2120,11:19:48,11.48,--,307,352436,卖盘
2121,11:19:45,11.48,-0.02,4,4592,卖盘
2122,11:19:42,11.5,0.02,2,2300,买盘
2123,11:19:36,11.48,-0.02,38,43624,卖盘
2124,11:19:33,11.5,0.02,161,185150,买盘
2125,11:19:30,11.48,-0.02,1,1148,卖盘
2126,11:19:27,11.5,0.02,1,1150,买盘
2127,11:19:24,11.48,--,11,12628,卖盘
2128,11:19:21,11.48,-0.02,115,132020,卖盘
2129,11:19:18,11.5,0.03,3,3450,买盘
2130,11:19:15,11.47,-0.03,42,48174,卖盘
2131,11:19:12,11.5,--,26,29900,买盘
2132,11:19:09,11.5,0.01,87,100050,买盘
2133,11:19:06,11.49,-0.01,2,2298,卖盘
2134,11:19:03,11.5,--,53,60950,买盘
2135,11:18:57,11.5,--,9,10350,买盘
2136,11:18:54,11.5,0.02,390,448500,买盘
2137,11:18:51,11.48,-0.02,2,2296,卖盘
2138,11:18:42,11.5,0.02,93,106950,买盘
2139,11:18:39,11.48,-0.02,25,28700,卖盘
2140,11:18:36,11.5,--,1,1150,买盘
2141,11:18:30,11.5,0.02,96,110400,买盘
2142,11:18:21,11.48,-0.02,61,70028,卖盘
2143,11:18:18,11.5,-0.01,10,11500,买盘
2144,11:18:15,11.51,--,99,113949,买盘
2145,11:18:09,11.51,0.01,23,26473,买盘
2146,11:18:06,11.5,0.02,1,1150,买盘
2147,11:18:03,11.48,--,202,231896,卖盘
2148,11:17:57,11.48,-0.02,12,13776,卖盘
2149,11:17:54,11.5,0.02,9,10350,买盘
2150,11:17:51,11.48,-0.01,153,175644,卖盘
2151,11:17:48,11.49,--,4,4596,买盘
2152,11:17:45,11.49,--,40,45960,买盘
2153,11:17:42,11.49,-0.02,13,14937,买盘
2154,11:17:39,11.51,--,1,1151,买盘
2155,11:17:36,11.51,0.03,105,120855,买盘
2156,11:17:33,11.48,--,39,44772,卖盘
2157,11:17:30,11.48,-0.03,4,4592,卖盘
2158,11:17:24,11.51,0.03,90,103590,买盘
2159,11:17:21,11.48,-0.02,29,33292,卖盘
2160,11:17:18,11.5,0.01,8,9200,买盘
2161,11:17:15,11.49,--,16,18384,卖盘
2162,11:17:12,11.49,--,150,172350,卖盘
2163,11:17:09,11.49,-0.01,36,41364,卖盘
2164,11:17:06,11.5,0.01,14,16100,买盘
2165,11:17:03,11.49,-0.02,1,1149,卖盘
2166,11:16:57,11.51,0.01,80,92080,买盘
2167,11:16:54,11.5,--,1,1150,买盘
2168,11:16:48,11.5,--,4,4600,买盘
2169,11:16:45,11.5,0.01,82,94300,买盘
2170,11:16:42,11.49,-0.01,53,60897,卖盘
2171,11:16:39,11.5,0.01,23,26450,买盘
2172,11:16:36,11.49,--,10,11490,卖盘
2173,11:16:33,11.49,-0.01,86,98814,卖盘
2174,11:16:27,11.5,0.01,3,3450,买盘
2175,11:16:24,11.49,-0.01,1,1149,卖盘
2176,11:16:21,11.5,--,36,41400,买盘
2177,11:16:18,11.5,-0.01,159,182850,卖盘
2178,11:16:15,11.51,0.01,24,27624,买盘
2179,11:16:09,11.5,-0.01,4,4600,卖盘
2180,11:16:06,11.51,0.01,191,219841,买盘
2181,11:16:03,11.5,-0.01,16,18400,卖盘
2182,11:16:00,11.51,0.01,6,6906,买盘
2183,11:15:57,11.5,--,4,4600,卖盘
2184,11:15:54,11.5,-0.01,93,106950,卖盘
2185,11:15:51,11.51,0.01,3,3453,买盘
2186,11:15:48,11.5,0.01,4,4600,买盘
2187,11:15:42,11.49,-0.02,108,124092,卖盘
2188,11:15:39,11.51,0.02,92,105892,买盘
2189,11:15:36,11.49,-0.01,4,4596,卖盘
2190,11:15:33,11.5,--,11,12650,买盘
2191,11:15:30,11.5,0.01,3,3450,买盘
2192,11:15:27,11.49,--,110,126390,卖盘
2193,11:15:21,11.49,-0.01,27,31023,卖盘
2194,11:15:18,11.5,0.01,28,32200,中性盘
2195,11:15:15,11.49,-0.01,98,112602,卖盘
2196,11:15:12,11.5,-0.01,39,44850,中性盘
2197,11:15:03,11.51,0.02,21,24171,买盘
2198,11:15:00,11.49,-0.01,101,116049,卖盘
2199,11:14:57,11.5,0.01,1,1150,买盘
2200,11:14:54,11.49,-0.02,1,1149,卖盘
2201,11:14:48,11.51,--,102,117402,买盘
2202,11:14:36,11.51,--,120,138120,买盘
2203,11:14:33,11.51,0.01,12,13812,买盘
2204,11:14:30,11.5,-0.01,19,21850,卖盘
2205,11:14:27,11.51,--,17,19567,买盘
2206,11:14:24,11.51,-0.01,86,98986,买盘
2207,11:14:21,11.52,0.01,154,177408,买盘
2208,11:14:18,11.51,--,113,130063,买盘
2209,11:14:15,11.51,0.02,16,18416,买盘
2210,11:14:09,11.49,-0.02,107,122943,卖盘
2211,11:14:06,11.51,0.02,392,451192,买盘
2212,11:14:03,11.49,--,28,32172,卖盘
2213,11:14:00,11.49,-0.01,10,11490,卖盘
2214,11:13:57,11.5,-0.01,14,17020,卖盘
2215,11:13:54,11.51,0.01,295,339545,买盘
2216,11:13:51,11.5,-0.01,65,74750,卖盘
2217,11:13:48,11.51,--,10,11510,买盘
2218,11:13:45,11.51,--,13,14963,买盘
2219,11:13:42,11.51,--,84,96684,买盘
2220,11:13:36,11.51,--,2,2302,买盘
2221,11:13:33,11.51,--,53,61003,买盘
2222,11:13:30,11.51,--,151,173801,买盘
2223,11:13:27,11.51,0.01,122,140422,买盘
2224,11:13:24,11.5,-0.01,10,11500,卖盘
2225,11:13:21,11.51,--,33,37983,买盘
2226,11:13:18,11.51,--,1,1151,买盘
2227,11:13:15,11.51,--,93,107043,买盘
2228,11:13:09,11.51,0.01,15,17265,买盘
2229,11:13:06,11.5,-0.01,3,3450,卖盘
2230,11:13:03,11.51,0.02,1448,1666878,买盘
2231,11:13:00,11.49,--,26,29874,卖盘
2232,11:12:54,11.49,-0.01,23,26427,卖盘
2233,11:12:51,11.5,--,93,106950,买盘
2234,11:12:48,11.5,0.01,2,2300,买盘
2235,11:12:45,11.49,-0.01,16,18384,中性盘
2236,11:12:36,11.5,0.01,93,106950,买盘
2237,11:12:30,11.49,--,31,35619,买盘
2238,11:12:27,11.49,--,3,3447,买盘
2239,11:12:24,11.49,0.02,106,121794,买盘
2240,11:12:21,11.47,-0.02,28,32116,卖盘
2241,11:12:18,11.49,0.01,15,17235,买盘
2242,11:12:15,11.48,-0.01,3,3444,卖盘
2243,11:12:12,11.49,--,434,498666,买盘
2244,11:12:06,11.49,--,2,2298,买盘
2245,11:12:03,11.49,--,23,26427,买盘
2246,11:11:57,11.49,0.02,103,118347,买盘
2247,11:11:54,11.47,--,34,38998,卖盘
2248,11:11:45,11.47,-0.01,104,119288,卖盘
2249,11:11:42,11.48,-0.01,2,2525,卖盘
2250,11:11:39,11.49,--,153,175797,买盘
2251,11:11:36,11.49,--,202,232098,买盘
2252,11:11:33,11.49,0.01,76,87324,买盘
2253,11:11:30,11.48,--,5,6658,卖盘
2254,11:11:27,11.48,--,8,9184,卖盘
2255,11:11:21,11.48,-0.01,34,39032,卖盘
2256,11:11:18,11.49,0.01,78,89622,买盘
2257,11:11:15,11.48,--,1,1148,卖盘
2258,11:11:09,11.48,-0.01,3,3444,卖盘
2259,11:11:06,11.49,--,88,101112,买盘
2260,11:11:03,11.49,0.01,22,25278,买盘
2261,11:11:00,11.48,0.01,1,1148,买盘
2262,11:10:57,11.47,--,10,11470,卖盘
2263,11:10:54,11.47,-0.01,84,96348,卖盘
2264,11:10:51,11.48,--,21,24108,买盘
2265,11:10:48,11.48,--,100,114800,买盘
2266,11:10:45,11.48,0.01,1,1148,买盘
2267,11:10:42,11.47,-0.01,13,14911,卖盘
2268,11:10:39,11.48,0.01,83,95284,买盘
2269,11:10:33,11.47,-0.01,1,1147,卖盘
2270,11:10:30,11.48,--,2,2296,买盘
2271,11:10:27,11.48,--,85,97580,买盘
2272,11:10:24,11.48,0.01,3,3444,买盘
2273,11:10:21,11.47,-0.01,31,35557,卖盘
2274,11:10:18,11.48,--,23,26404,买盘
2275,11:10:15,11.48,0.01,103,118244,买盘
2276,11:10:12,11.47,-0.01,5,5735,卖盘
2277,11:10:09,11.48,0.01,3,3444,买盘
2278,11:10:06,11.47,-0.01,11,12617,卖盘
2279,11:10:03,11.48,--,5,5740,买盘
2280,11:10:00,11.48,0.01,104,119392,买盘
2281,11:09:57,11.47,--,30,34410,卖盘
2282,11:09:51,11.47,-0.01,6,6882,卖盘
2283,11:09:48,11.48,0.01,99,113652,买盘
2284,11:09:45,11.47,--,34,38998,买盘
2285,11:09:42,11.47,--,7,8029,买盘
2286,11:09:36,11.47,0.01,77,88319,买盘
2287,11:09:33,11.46,-0.01,8,9168,卖盘
2288,11:09:30,11.47,--,1,1147,买盘
2289,11:09:27,11.47,--,6,6882,买盘
2290,11:09:24,11.47,0.01,71,81437,买盘
2291,11:09:21,11.46,--,24,27504,卖盘
2292,11:09:12,11.46,-0.01,158,181068,卖盘
2293,11:09:09,11.47,--,3,3441,买盘
2294,11:09:06,11.47,--,3,3441,买盘
2295,11:09:03,11.47,--,26,29822,买盘
2296,11:08:57,11.47,0.01,20,22940,买盘
2297,11:08:54,11.46,--,59,67614,卖盘
2298,11:08:51,11.46,0.01,994,1139124,买盘
2299,11:08:48,11.45,-0.01,1,1145,卖盘
2300,11:08:45,11.46,0.01,1,1146,买盘
2301,11:08:42,11.45,-0.01,65,74425,卖盘
2302,11:08:36,11.46,--,1,1146,买盘
2303,11:08:33,11.46,--,10,11460,买盘
2304,11:08:30,11.46,--,5,5730,买盘
2305,11:08:27,11.46,0.01,3,3438,买盘
2306,11:08:21,11.45,--,92,105340,买盘
2307,11:08:18,11.45,0.01,4,4580,买盘
2308,11:08:15,11.44,-0.01,12,13728,卖盘
2309,11:08:12,11.45,-0.01,82,93890,卖盘
2310,11:08:09,11.46,--,4,4584,买盘
2311,11:08:06,11.46,--,14,16044,买盘
2312,11:07:57,11.46,0.01,24,27504,买盘
2313,11:07:51,11.45,--,36,41220,买盘
2314,11:07:48,11.45,--,20,22900,买盘
2315,11:07:45,11.45,--,92,105340,买盘
2316,11:07:39,11.45,0.01,10,11450,买盘
2317,11:07:36,11.44,-0.01,6,6864,卖盘
2318,11:07:33,11.45,--,1,1145,买盘
2319,11:07:30,11.45,--,21,24045,买盘
2320,11:07:24,11.45,0.01,4,4580,买盘
2321,11:07:21,11.44,-0.01,27,30888,卖盘
2322,11:07:18,11.45,--,12,13740,买盘
2323,11:07:15,11.45,--,2,2290,买盘
2324,11:07:12,11.45,0.01,6,6870,买盘
2325,11:07:09,11.44,--,1,1144,卖盘
2326,11:07:03,11.44,-0.01,6,6864,卖盘
2327,11:07:00,11.45,0.01,12,13740,买盘
2328,11:06:57,11.44,-0.01,1,1144,卖盘
2329,11:06:51,11.45,--,33,37785,买盘
2330,11:06:48,11.45,--,3,3435,买盘
2331,11:06:45,11.45,--,1,1145,买盘
2332,11:06:39,11.45,--,140,160300,买盘
2333,11:06:36,11.45,0.01,3,3435,买盘
2334,11:06:33,11.44,--,2,2288,卖盘
2335,11:06:30,11.44,--,29,33176,卖盘
2336,11:06:27,11.44,-0.01,3,3432,卖盘
2337,11:06:21,11.45,--,52,59539,买盘
2338,11:06:18,11.45,--,61,69845,买盘
2339,11:06:15,11.45,--,28,32059,买盘
2340,11:06:12,11.45,--,2,2290,买盘
2341,11:06:06,11.45,0.01,4,4580,买盘
2342,11:06:03,11.44,-0.01,44,50336,卖盘
2343,11:05:57,11.45,0.01,35,40075,买盘
2344,11:05:54,11.44,0.01,6,6864,买盘
2345,11:05:51,11.43,-0.02,22,25146,卖盘
2346,11:05:45,11.45,0.02,33,37785,买盘
2347,11:05:39,11.43,-0.02,1,1143,卖盘
2348,11:05:36,11.45,--,117,133965,买盘
2349,11:05:33,11.45,0.02,25,28625,买盘
2350,11:05:30,11.43,--,21,24003,卖盘
2351,11:05:27,11.43,-0.01,5,5715,卖盘
2352,11:05:24,11.44,-0.01,5,5720,卖盘
2353,11:05:21,11.45,0.01,36,41220,买盘
2354,11:05:18,11.44,0.01,142,163237,买盘
2355,11:05:15,11.43,-0.01,3,3429,卖盘
2356,11:05:12,11.44,0.01,4,4576,买盘
2357,11:05:06,11.43,--,100,114300,卖盘
2358,11:05:03,11.43,-0.01,4,4572,卖盘
2359,11:05:00,11.44,0.02,89,101816,买盘
2360,11:04:57,11.42,-0.01,151,172442,卖盘
2361,11:04:51,11.43,--,25,28575,买盘
2362,11:04:48,11.43,--,3,3429,买盘
2363,11:04:45,11.43,-0.01,240,274320,卖盘
2364,11:04:42,11.44,--,4,4576,买盘
2365,11:04:39,11.44,0.01,8,9152,买盘
2366,11:04:36,11.43,--,1,1143,卖盘
2367,11:04:33,11.43,-0.01,4,4572,卖盘
2368,11:04:30,11.44,0.01,5,5720,买盘
2369,11:04:24,11.43,--,1,1143,卖盘
2370,11:04:21,11.43,-0.01,29,33147,卖盘
2371,11:04:18,11.44,--,4,4576,买盘
2372,11:04:15,11.44,--,5,5720,买盘
2373,11:04:12,11.44,--,3,3432,买盘
2374,11:04:09,11.44,--,4,4576,买盘
2375,11:04:06,11.44,--,12,13728,买盘
2376,11:04:03,11.44,--,1,1144,买盘
2377,11:03:57,11.44,--,4,4576,买盘
2378,11:03:54,11.44,0.01,26,29744,买盘
2379,11:03:51,11.43,--,50,57150,卖盘
2380,11:03:48,11.43,-0.01,4,4572,卖盘
2381,11:03:45,11.44,0.02,221,252824,买盘
2382,11:03:42,11.42,--,49,55958,卖盘
2383,11:03:36,11.42,-0.01,16,18272,卖盘
2384,11:03:33,11.43,0.01,3,3429,买盘
2385,11:03:27,11.42,-0.01,21,23982,卖盘
2386,11:03:24,11.43,--,3,3429,买盘
2387,11:03:21,11.43,--,37,42291,买盘
2388,11:03:18,11.43,--,38,43434,卖盘
2389,11:03:15,11.43,-0.01,3,3429,卖盘
2390,11:03:12,11.44,0.01,5,5720,买盘
2391,11:03:09,11.43,--,33,37719,买盘
2392,11:03:06,11.43,-0.01,5,5715,卖盘
2393,11:03:03,11.44,--,3,3432,买盘
2394,11:03:00,11.44,--,1,1144,买盘
2395,11:02:54,11.44,0.02,33,37752,买盘
2396,11:02:51,11.42,-0.02,9,10278,卖盘
2397,11:02:48,11.44,--,23,26312,买盘
2398,11:02:45,11.44,--,1,1144,买盘
2399,11:02:39,11.44,0.02,3,3432,买盘
2400,11:02:36,11.42,-0.02,1,1142,卖盘
2401,11:02:33,11.44,0.01,572,654368,买盘
2402,11:02:30,11.43,0.01,3,3429,买盘
2403,11:02:27,11.42,--,1,1142,卖盘
2404,11:02:24,11.42,-0.01,131,149602,卖盘
2405,11:02:21,11.43,--,58,66294,买盘
2406,11:02:18,11.43,--,54,61722,买盘
2407,11:02:15,11.43,0.01,7,8001,买盘
2408,11:02:09,11.42,-0.01,2,2284,卖盘
2409,11:02:06,11.43,0.01,68,77724,买盘
2410,11:02:03,11.42,--,20,22840,卖盘
2411,11:02:00,11.42,-0.01,12,13704,卖盘
2412,11:01:57,11.43,--,4,4572,买盘
2413,11:01:54,11.43,--,15,17145,买盘
2414,11:01:51,11.43,--,26,29718,买盘
2415,11:01:45,11.43,--,4,4572,买盘
2416,11:01:42,11.43,--,3,3429,买盘
2417,11:01:36,11.43,--,40,45720,买盘
2418,11:01:33,11.43,--,3,3429,买盘
2419,11:01:27,11.43,--,2,2286,买盘
2420,11:01:24,11.43,--,4,4572,买盘
2421,11:01:21,11.43,0.01,73,83873,买盘
2422,11:01:15,11.42,--,1,1142,卖盘
2423,11:01:12,11.42,--,207,236394,卖盘
2424,11:01:03,11.42,-0.01,6,6852,卖盘
2425,11:01:00,11.43,0.01,7,8001,买盘
2426,11:00:54,11.42,--,243,277506,卖盘
2427,11:00:51,11.42,-0.01,1,1142,卖盘
2428,11:00:48,11.43,--,6,6858,买盘
2429,11:00:45,11.43,0.01,56,64008,买盘
2430,11:00:42,11.42,-0.01,1,1142,卖盘
2431,11:00:39,11.43,--,7,8001,买盘
2432,11:00:30,11.43,--,10,11430,买盘
2433,11:00:27,11.43,0.01,9,10287,买盘
2434,11:00:24,11.42,-0.01,2,2284,卖盘
2435,11:00:21,11.43,--,49,56007,买盘
2436,11:00:18,11.43,0.01,4,4572,买盘
2437,11:00:15,11.42,-0.01,1,1142,卖盘
2438,11:00:12,11.43,--,2,2286,买盘
2439,11:00:09,11.43,--,1,1143,买盘
2440,11:00:06,11.43,0.01,3,3429,买盘
2441,11:00:03,11.42,--,15,17130,卖盘
2442,11:00:00,11.42,-0.01,4,4568,卖盘
2443,10:59:57,11.43,--,2,2286,买盘
2444,10:59:54,11.43,0.01,10,11430,买盘
2445,10:59:51,11.42,-0.01,13,14846,卖盘
2446,10:59:48,11.43,0.01,26,29718,买盘
2447,10:59:45,11.42,-0.01,44,50956,卖盘
2448,10:59:42,11.43,--,29,33147,买盘
2449,10:59:33,11.43,--,10,11430,买盘
2450,10:59:30,11.43,0.01,1,1143,买盘
2451,10:59:27,11.42,--,2,2284,卖盘
2452,10:59:24,11.42,-0.01,1,1142,卖盘
2453,10:59:21,11.43,--,77,88011,卖盘
2454,10:59:15,11.43,--,7,8001,卖盘
2455,10:59:12,11.43,--,8,9144,卖盘
2456,10:59:09,11.43,--,57,65151,买盘
2457,10:59:06,11.43,--,1,1143,买盘
2458,10:59:03,11.43,--,1,1143,买盘
2459,10:59:00,11.43,--,272,310896,买盘
2460,10:58:54,11.43,0.01,1,1143,买盘
2461,10:58:51,11.42,-0.01,16,18272,卖盘
2462,10:58:48,11.43,0.01,27,30861,买盘
2463,10:58:45,11.42,-0.01,21,23982,卖盘
2464,10:58:42,11.43,0.01,1,1143,买盘
2465,10:58:39,11.42,-0.01,1029,1175118,卖盘
2466,10:58:36,11.43,--,13,14859,买盘
2467,10:58:33,11.43,--,3,3429,买盘
2468,10:58:30,11.43,--,5,5715,买盘
2469,10:58:27,11.43,0.01,3,3429,买盘
2470,10:58:21,11.42,-0.01,29,33118,卖盘
2471,10:58:15,11.43,--,5,5715,买盘
2472,10:58:09,11.43,--,1,1143,买盘
2473,10:58:06,11.43,--,16,18288,买盘
2474,10:58:03,11.43,--,5,5715,买盘
2475,10:57:57,11.43,--,4,4572,买盘
2476,10:57:54,11.43,--,4,4572,买盘
2477,10:57:51,11.43,-0.01,931,1064133,卖盘
2478,10:57:48,11.44,0.01,12,13728,买盘
2479,10:57:45,11.43,-0.01,2,2286,卖盘
2480,10:57:42,11.44,0.01,28,32032,买盘
2481,10:57:39,11.43,--,3,3429,卖盘
2482,10:57:36,11.43,-0.01,2,2286,卖盘
2483,10:57:33,11.44,0.01,1,1144,买盘
2484,10:57:30,11.43,--,6,6858,卖盘
2485,10:57:27,11.43,-0.01,51,58293,卖盘
2486,10:57:24,11.44,--,1,1144,买盘
2487,10:57:21,11.44,--,33,37752,买盘
2488,10:57:15,11.44,-0.01,111,128047,卖盘
2489,10:57:12,11.45,--,2,2290,买盘
2490,10:57:09,11.45,0.01,6,6870,买盘
2491,10:57:06,11.44,-0.01,13,14872,卖盘
2492,10:57:03,11.45,0.01,11,12595,买盘
2493,10:57:00,11.44,--,15,17160,卖盘
2494,10:56:57,11.44,-0.01,4,4576,卖盘
2495,10:56:48,11.45,--,25,28625,买盘
2496,10:56:45,11.45,--,55,62974,买盘
2497,10:56:42,11.45,0.01,23,26335,买盘
2498,10:56:39,11.44,-0.01,24,27456,卖盘
2499,10:56:36,11.45,0.01,7,8014,买盘
2500,10:56:30,11.44,-0.01,11,12584,卖盘
2501,10:56:27,11.45,0.01,4,4580,买盘
2502,10:56:24,11.44,--,2,2288,卖盘
2503,10:56:21,11.44,-0.01,45,51480,卖盘
2504,10:56:18,11.45,--,1,1145,买盘
2505,10:56:15,11.45,0.01,4,4580,买盘
2506,10:56:09,11.44,-0.01,1,1144,卖盘
2507,10:56:06,11.45,-0.01,11,12595,中性盘
2508,10:56:03,11.46,--,3,3438,买盘
2509,10:56:00,11.46,0.02,7,8022,买盘
2510,10:55:57,11.44,--,118,134992,卖盘
2511,10:55:54,11.44,--,4,4576,卖盘
2512,10:55:51,11.44,-0.02,1,1144,卖盘
2513,10:55:45,11.46,--,11,12606,买盘
2514,10:55:42,11.46,--,4,4584,买盘
2515,10:55:39,11.46,--,24,27504,买盘
2516,10:55:33,11.46,0.01,2,2292,买盘
2517,10:55:30,11.45,0.01,263,301135,买盘
2518,10:55:24,11.44,--,3,3432,卖盘
2519,10:55:21,11.44,-0.01,31,35464,卖盘
2520,10:55:18,11.45,--,10,11450,买盘
2521,10:55:15,11.45,--,34,38930,买盘
2522,10:55:12,11.45,--,1,1145,买盘
2523,10:55:09,11.45,0.01,4,4580,买盘
2524,10:55:06,11.44,--,4,4576,卖盘
2525,10:55:03,11.44,-0.01,4,4576,卖盘
2526,10:55:00,11.45,--,1,1145,买盘
2527,10:54:57,11.45,0.01,4,4580,买盘
2528,10:54:51,11.44,--,6,6864,卖盘
2529,10:54:48,11.44,-0.01,42,48048,卖盘
2530,10:54:45,11.45,--,6,6870,买盘
2531,10:54:42,11.45,--,13,14884,买盘
2532,10:54:39,11.45,--,1,1145,买盘
2533,10:54:36,11.45,0.01,29,33205,买盘
2534,10:54:33,11.44,--,1,1144,卖盘
2535,10:54:30,11.44,-0.01,3,3432,卖盘
2536,10:54:27,11.45,--,2,2290,买盘
2537,10:54:24,11.45,0.01,3,3435,买盘
2538,10:54:21,11.44,-0.01,26,29744,卖盘
2539,10:54:18,11.45,--,3,3435,买盘
2540,10:54:15,11.45,--,4,4580,买盘
2541,10:54:12,11.45,--,5,5725,买盘
2542,10:54:09,11.45,--,17,19465,买盘
2543,10:54:06,11.45,--,2,2290,买盘
2544,10:54:03,11.45,0.01,3,3435,买盘
2545,10:53:57,11.44,-0.01,5,5720,卖盘
2546,10:53:54,11.45,--,1,1145,买盘
2547,10:53:51,11.45,--,3,3435,买盘
2548,10:53:45,11.45,--,1,1145,买盘
2549,10:53:42,11.45,--,14,16029,买盘
2550,10:53:39,11.45,--,22,25190,买盘
2551,10:53:36,11.45,0.01,3,3435,买盘
2552,10:53:33,11.44,--,2,2288,卖盘
2553,10:53:30,11.44,--,6,6864,卖盘
2554,10:53:27,11.44,-0.01,6,6864,卖盘
2555,10:53:24,11.45,0.01,3,3435,买盘
2556,10:53:21,11.44,-0.01,48,54912,卖盘
2557,10:53:18,11.45,0.01,13,14884,买盘
2558,10:53:15,11.44,-0.01,10,11520,卖盘
2559,10:53:12,11.45,0.01,21,24045,买盘
2560,10:53:09,11.44,-0.01,8,9152,卖盘
2561,10:53:03,11.45,--,5,5725,买盘
2562,10:53:00,11.45,--,65,74425,买盘
2563,10:52:57,11.45,0.01,4,4580,买盘
2564,10:52:54,11.44,-0.01,1,1144,卖盘
2565,10:52:48,11.45,--,1,1145,买盘
2566,10:52:45,11.45,0.01,4,4580,买盘
2567,10:52:42,11.44,-0.01,1,1144,卖盘
2568,10:52:39,11.45,--,15,17175,买盘
2569,10:52:36,11.45,--,25,28625,买盘
2570,10:52:30,11.45,0.01,1,1145,买盘
2571,10:52:27,11.44,-0.01,5,5720,中性盘
2572,10:52:24,11.45,0.02,3,3435,买盘
2573,10:52:21,11.43,--,58,66294,卖盘
2574,10:52:18,11.43,-0.02,20,22860,卖盘
2575,10:52:15,11.45,--,3,3435,买盘
2576,10:52:12,11.45,0.01,4,4580,买盘
2577,10:52:06,11.44,--,15,17160,卖盘
2578,10:52:03,11.44,-0.01,1,1144,卖盘
2579,10:52:00,11.45,--,43,49235,买盘
2580,10:51:57,11.45,--,9,10305,买盘
2581,10:51:54,11.45,0.01,14,16029,买盘
2582,10:51:51,11.44,--,25,28600,买盘
2583,10:51:48,11.44,--,206,235664,买盘
2584,10:51:45,11.44,--,1,1144,买盘
2585,10:51:42,11.44,--,13,14872,买盘
2586,10:51:39,11.44,--,5,5720,买盘
2587,10:51:36,11.44,0.01,21,24024,买盘
2588,10:51:33,11.43,--,10,11430,卖盘
2589,10:51:30,11.43,--,5,5715,卖盘
2590,10:51:24,11.43,0.01,28,32004,买盘
2591,10:51:21,11.42,-0.01,68,77656,卖盘
2592,10:51:18,11.43,--,24,27432,买盘
2593,10:51:15,11.43,--,1,1143,买盘
2594,10:51:12,11.43,0.01,18,20574,买盘
2595,10:51:06,11.42,-0.01,6,6852,卖盘
2596,10:51:03,11.43,0.01,2,2286,买盘
2597,10:51:00,11.42,-0.01,59,67378,卖盘
2598,10:50:57,11.43,--,15,17145,卖盘
2599,10:50:54,11.43,--,3,3429,卖盘
2600,10:50:51,11.43,-0.01,1,1143,卖盘
2601,10:50:45,11.44,--,3,3432,买盘
2602,10:50:42,11.44,--,4,4576,买盘
2603,10:50:39,11.44,--,11,12584,买盘
2604,10:50:36,11.44,0.01,171,195624,买盘
2605,10:50:33,11.43,--,7,8001,卖盘
2606,10:50:27,11.43,--,2,2286,卖盘
2607,10:50:24,11.43,--,1,1143,卖盘
2608,10:50:21,11.43,-0.01,25,28575,卖盘
2609,10:50:18,11.44,0.01,2,2288,买盘
2610,10:50:15,11.43,--,2,2286,卖盘
2611,10:50:09,11.43,-0.01,76,86868,卖盘
2612,10:50:06,11.44,--,14,16016,买盘
2613,10:50:00,11.44,--,1,1144,买盘
2614,10:49:57,11.44,0.01,3,3432,买盘
2615,10:49:48,11.43,--,13,14859,卖盘
2616,10:49:42,11.43,--,1,1143,卖盘
2617,10:49:39,11.43,--,20,22860,卖盘
2618,10:49:36,11.43,-0.01,2,2286,卖盘
2619,10:49:33,11.44,--,10,11440,买盘
2620,10:49:30,11.44,--,25,28600,买盘
2621,10:49:21,11.44,0.01,38,43472,买盘
2622,10:49:18,11.43,--,13,14859,卖盘
2623,10:49:12,11.43,-0.01,2,2286,卖盘
2624,10:49:09,11.44,--,124,141856,买盘
2625,10:49:06,11.44,--,12,13728,买盘
2626,10:49:03,11.44,0.01,19,21736,买盘
2627,10:49:00,11.43,--,2,2286,卖盘
2628,10:48:57,11.43,--,104,118872,卖盘
2629,10:48:51,11.43,-0.01,2,2286,卖盘
2630,10:48:48,11.44,--,24,27456,买盘
2631,10:48:42,11.44,--,14,16016,买盘
2632,10:48:39,11.44,--,2,2288,买盘
2633,10:48:36,11.44,0.01,1,1144,中性盘
2634,10:48:33,11.43,--,25,28575,卖盘
2635,10:48:30,11.43,--,6,6858,卖盘
2636,10:48:21,11.43,-0.02,27,30861,卖盘
2637,10:48:18,11.45,--,93,106485,买盘
2638,10:48:12,11.45,0.01,1,1145,买盘
2639,10:48:09,11.44,0.01,1,1144,卖盘
2640,10:48:06,11.43,-0.02,4,4572,卖盘
2641,10:48:03,11.45,--,3,3435,中性盘
2642,10:47:51,11.45,--,3,3435,买盘
2643,10:47:42,11.45,-0.01,1,1145,买盘
2644,10:47:39,11.46,0.01,28,32088,买盘
2645,10:47:36,11.45,-0.01,1,1145,卖盘
2646,10:47:33,11.46,--,9,10314,买盘
2647,10:47:30,11.46,--,320,366720,卖盘
2648,10:47:27,11.46,--,148,169608,卖盘
2649,10:47:24,11.46,--,1,1146,卖盘
2650,10:47:21,11.46,--,28,32088,卖盘
2651,10:47:15,11.46,-0.01,37,42402,卖盘
2652,10:47:06,11.47,0.01,205,235135,买盘
2653,10:47:00,11.46,-0.01,30,34380,卖盘
2654,10:46:57,11.47,0.01,1,1147,买盘
2655,10:46:54,11.46,-0.01,26,29796,卖盘
2656,10:46:51,11.47,0.01,9,10323,买盘
2657,10:46:48,11.46,--,36,41256,卖盘
2658,10:46:45,11.46,--,11,12606,卖盘
2659,10:46:42,11.46,-0.01,366,419436,卖盘
2660,10:46:30,11.47,--,163,186961,买盘
2661,10:46:27,11.47,0.01,60,68820,买盘
2662,10:46:21,11.46,-0.01,28,32088,卖盘
2663,10:46:18,11.47,--,3,3441,买盘
2664,10:46:12,11.47,0.01,2,2294,买盘
2665,10:46:09,11.46,--,328,375888,卖盘
2666,10:46:06,11.46,--,19,21774,卖盘
2667,10:46:03,11.46,--,3,3438,卖盘
2668,10:46:00,11.46,--,10,11460,卖盘
2669,10:45:57,11.46,--,25,28650,卖盘
2670,10:45:54,11.46,--,23,26358,卖盘
2671,10:45:51,11.46,--,29,33234,卖盘
2672,10:45:48,11.46,0.02,529,606234,买盘
2673,10:45:45,11.44,-0.01,1,1144,卖盘
2674,10:45:42,11.45,0.01,1,1145,买盘
2675,10:45:39,11.44,--,2,2288,买盘
2676,10:45:33,11.44,--,6,6864,卖盘
2677,10:45:30,11.44,--,12,13728,卖盘
2678,10:45:27,11.44,--,11,12584,卖盘
2679,10:45:24,11.44,0.02,6,6864,买盘
2680,10:45:21,11.42,--,27,30834,卖盘
2681,10:45:12,11.42,-0.01,1,1142,卖盘
2682,10:45:09,11.43,--,5,5715,买盘
2683,10:45:06,11.43,0.01,3,3429,中性盘
2684,10:45:00,11.42,-0.02,182,207844,卖盘
2685,10:44:57,11.44,0.02,4,4576,买盘
2686,10:44:51,11.42,-0.02,41,46822,卖盘
2687,10:44:45,11.44,--,3,3432,买盘
2688,10:44:42,11.44,0.01,501,573144,买盘
2689,10:44:39,11.43,--,1,1143,卖盘
2690,10:44:30,11.43,--,12,13716,卖盘
2691,10:44:27,11.43,-0.01,3,3429,卖盘
2692,10:44:24,11.44,--,21,24024,买盘
2693,10:44:21,11.44,--,30,34320,买盘
2694,10:44:15,11.44,0.01,4,4576,买盘
2695,10:44:09,11.43,-0.01,1,1143,卖盘
2696,10:44:06,11.44,0.01,32,36608,买盘
2697,10:44:03,11.43,-0.01,1,1143,卖盘
2698,10:44:00,11.44,0.01,25,28600,买盘
2699,10:43:54,11.43,-0.01,3,3429,卖盘
2700,10:43:51,11.44,-0.01,20,22880,卖盘
2701,10:43:48,11.45,0.01,3,3435,买盘
2702,10:43:45,11.44,-0.01,4,4576,卖盘
2703,10:43:42,11.45,0.01,7,8014,买盘
2704,10:43:39,11.44,--,53,60632,卖盘
2705,10:43:36,11.44,--,2,2288,卖盘
2706,10:43:30,11.44,-0.01,23,26312,卖盘
2707,10:43:24,11.45,0.01,20,22900,买盘
2708,10:43:21,11.44,-0.01,26,29744,卖盘
2709,10:43:18,11.45,--,4,4580,买盘
2710,10:43:12,11.45,0.01,4,4580,买盘
2711,10:43:09,11.44,-0.01,1,1144,卖盘
2712,10:43:06,11.45,0.01,32,36640,买盘
2713,10:43:03,11.44,--,1,1144,卖盘
2714,10:42:57,11.44,--,14,16016,卖盘
2715,10:42:54,11.44,--,2,2288,卖盘
2716,10:42:51,11.44,--,36,41184,卖盘
2717,10:42:45,11.44,-0.01,2,2288,卖盘
2718,10:42:42,11.45,--,1,1145,买盘
2719,10:42:39,11.45,0.01,15,17175,买盘
2720,10:42:30,11.44,-0.01,12,13728,中性盘
2721,10:42:27,11.45,--,13,14884,买盘
2722,10:42:24,11.45,0.02,20,22900,买盘
2723,10:42:21,11.43,-0.01,31,35433,卖盘
2724,10:42:18,11.44,--,7,8008,买盘
2725,10:42:09,11.44,--,1,1144,买盘
2726,10:42:06,11.44,--,4,4576,卖盘
2727,10:42:03,11.44,--,3,3432,卖盘
2728,10:42:00,11.44,--,1,1144,卖盘
2729,10:41:57,11.44,--,30,34320,卖盘
2730,10:41:54,11.44,--,1,1144,卖盘
2731,10:41:51,11.44,-0.01,1,1144,卖盘
2732,10:41:48,11.45,0.01,1,1145,买盘
2733,10:41:39,11.44,-0.01,28,32032,卖盘
2734,10:41:36,11.45,0.01,4,4580,买盘
2735,10:41:33,11.44,--,33,37752,卖盘
2736,10:41:30,11.44,-0.01,5,5720,卖盘
2737,10:41:27,11.45,0.01,12,13740,买盘
2738,10:41:24,11.44,--,1,1144,卖盘
2739,10:41:21,11.44,-0.01,101,115544,卖盘
2740,10:41:18,11.45,--,59,67555,买盘
2741,10:41:15,11.45,--,3,3435,买盘
2742,10:41:12,11.45,--,5,5725,买盘
2743,10:41:09,11.45,0.01,1,1145,买盘
2744,10:41:06,11.44,-0.02,5,5720,卖盘
2745,10:41:00,11.46,--,77,88242,买盘
2746,10:40:57,11.46,0.01,1,1146,买盘
2747,10:40:54,11.45,--,2,2290,卖盘
2748,10:40:48,11.45,--,12,13740,卖盘
2749,10:40:42,11.45,0.01,58,66410,买盘
2750,10:40:39,11.44,--,91,104104,卖盘
2751,10:40:33,11.44,--,55,62920,卖盘
2752,10:40:30,11.44,--,4,4576,卖盘
2753,10:40:27,11.44,-0.01,40,45760,卖盘
2754,10:40:24,11.45,0.01,136,155720,买盘
2755,10:40:21,11.44,-0.01,27,30888,卖盘
2756,10:40:18,11.45,0.01,43,49235,买盘
2757,10:40:12,11.44,--,20,22880,卖盘
2758,10:40:09,11.44,-0.01,80,91520,卖盘
2759,10:40:06,11.45,--,114,130529,买盘
2760,10:40:03,11.45,--,4,4580,买盘
2761,10:40:00,11.45,--,2,2290,买盘
2762,10:39:54,11.45,0.01,2,2290,中性盘
2763,10:39:51,11.44,-0.01,105,120120,卖盘
2764,10:39:48,11.45,0.01,72,82440,买盘
2765,10:39:45,11.44,-0.01,17,19448,卖盘
2766,10:39:42,11.45,0.01,1,1145,买盘
2767,10:39:39,11.44,--,1,1144,卖盘
2768,10:39:36,11.44,-0.02,2,2288,卖盘
2769,10:39:33,11.46,--,9,10314,买盘
2770,10:39:30,11.46,0.01,80,91680,买盘
2771,10:39:27,11.45,--,17,19465,卖盘
2772,10:39:24,11.45,-0.01,4,4580,卖盘
2773,10:39:21,11.46,--,34,38964,买盘
2774,10:39:18,11.46,--,40,45840,买盘
2775,10:39:15,11.46,--,39,44694,买盘
2776,10:39:12,11.46,-0.01,75,85950,买盘
2777,10:39:09,11.47,0.01,116,133052,买盘
2778,10:39:06,11.46,--,1,1146,卖盘
2779,10:39:03,11.46,--,11,12606,买盘
2780,10:39:00,11.46,-0.01,2,2292,买盘
2781,10:38:54,11.47,--,67,76849,买盘
2782,10:38:51,11.47,--,3,3441,买盘
2783,10:38:48,11.47,--,4,4588,买盘
2784,10:38:42,11.47,--,1,1147,买盘
2785,10:38:39,11.47,0.01,18,20646,买盘
2786,10:38:36,11.46,0.01,62,71052,买盘
2787,10:38:33,11.45,--,131,149995,卖盘
2788,10:38:30,11.45,-0.01,1,1145,卖盘
2789,10:38:21,11.46,0.01,35,40110,买盘
2790,10:38:18,11.45,--,39,44655,买盘
2791,10:38:15,11.45,--,27,30914,买盘
2792,10:38:12,11.45,0.01,29,33205,买盘
2793,10:38:09,11.44,-0.02,9,10296,卖盘
2794,10:38:03,11.46,0.01,70,80220,买盘
2795,10:38:00,11.45,--,48,54960,买盘
2796,10:37:57,11.45,--,1,1145,买盘
2797,10:37:54,11.45,-0.01,3,3435,卖盘
2798,10:37:51,11.46,--,1,1146,买盘
2799,10:37:45,11.46,--,1,1146,买盘
2800,10:37:42,11.46,-0.01,58,66468,卖盘
2801,10:37:36,11.47,0.01,6,6882,买盘
2802,10:37:33,11.46,0.02,7,8022,买盘
2803,10:37:30,11.44,-0.01,17,19448,卖盘
2804,10:37:27,11.45,-0.02,2,2290,卖盘
2805,10:37:24,11.47,0.01,427,489769,买盘
2806,10:37:21,11.46,-0.01,35,40110,卖盘
2807,10:37:18,11.47,0.01,2,2294,买盘
2808,10:37:15,11.46,-0.01,26,29796,卖盘
2809,10:37:12,11.47,0.01,14,16058,买盘
2810,10:37:09,11.46,--,33,37818,卖盘
2811,10:37:06,11.46,-0.01,55,63030,卖盘
2812,10:37:03,11.47,--,91,104377,买盘
2813,10:37:00,11.47,0.01,6,6882,买盘
2814,10:36:57,11.46,-0.01,2,2292,卖盘
2815,10:36:51,11.47,--,110,126170,买盘
2816,10:36:48,11.47,--,61,69967,买盘
2817,10:36:45,11.47,0.01,9,10323,买盘
2818,10:36:42,11.46,-0.01,51,58446,卖盘
2819,10:36:36,11.47,0.01,5,5735,买盘
2820,10:36:33,11.46,--,11,12606,卖盘
2821,10:36:30,11.46,-0.01,87,99702,卖盘
2822,10:36:27,11.47,0.01,1,1147,买盘
2823,10:36:24,11.46,--,8,9168,卖盘
2824,10:36:21,11.46,--,36,41256,卖盘
2825,10:36:18,11.46,-0.02,199,228054,卖盘
2826,10:36:15,11.48,0.01,73,83804,买盘
2827,10:36:12,11.47,-0.01,1064,1220408,卖盘
2828,10:36:06,11.48,0.01,34,39032,买盘
2829,10:36:03,11.47,--,2,2294,卖盘
2830,10:36:00,11.47,-0.01,15,17205,卖盘
2831,10:35:57,11.48,0.01,10,11480,买盘
2832,10:35:54,11.47,--,78,89466,卖盘
2833,10:35:51,11.47,-0.01,10,11470,卖盘
2834,10:35:48,11.48,--,8,9184,买盘
2835,10:35:45,11.48,0.01,12,13776,买盘
2836,10:35:42,11.47,--,257,295627,买盘
2837,10:35:36,11.47,--,75,86025,买盘
2838,10:35:33,11.47,0.01,24,27528,买盘
2839,10:35:30,11.46,--,28,32088,卖盘
