,time,price,change,volume,amount,type
0,15:00:03,7.94,--,4883,3877102,买盘
1,14:57:00,7.94,--,463,367622,买盘
2,14:56:57,7.94,--,35,27790,买盘
3,14:56:54,7.94,0.01,91,72254,买盘
4,14:56:51,7.93,--,185,146705,卖盘
5,14:56:48,7.93,--,33,26169,卖盘
6,14:56:45,7.93,-0.01,87,68991,卖盘
7,14:56:42,7.94,--,70,55580,买盘
8,14:56:39,7.94,0.01,30,23820,买盘
9,14:56:36,7.93,--,70,55510,买盘
10,14:56:33,7.93,--,127,100711,买盘
11,14:56:30,7.93,0.01,87,68991,买盘
12,14:56:27,7.92,-0.01,269,213048,卖盘
13,14:56:24,7.93,--,182,144326,卖盘
14,14:56:21,7.93,-0.01,99,78507,卖盘
15,14:56:18,7.94,--,8,6352,买盘
16,14:56:15,7.94,0.01,30,23820,买盘
17,14:56:12,7.93,--,30,23790,卖盘
18,14:56:09,7.93,-0.02,46,36478,买盘
19,14:56:06,7.95,0.04,2320,1844400,买盘
20,14:56:03,7.91,-0.03,140,110740,卖盘
21,14:56:00,7.94,0.01,4,3176,买盘
22,14:55:57,7.93,--,74,58682,卖盘
23,14:55:54,7.93,--,35,27755,卖盘
24,14:55:51,7.93,0.01,3027,2400411,买盘
25,14:55:48,7.92,-0.01,32,25344,中性盘
26,14:55:45,7.93,--,138,109434,买盘
27,14:55:42,7.93,0.02,3007,2384551,买盘
28,14:55:39,7.91,--,2,1582,卖盘
29,14:55:36,7.91,-0.01,1740,1376340,卖盘
30,14:55:33,7.92,--,457,361944,买盘
31,14:55:30,7.92,0.01,66,52272,买盘
32,14:55:27,7.91,--,5,3955,卖盘
33,14:55:24,7.91,-0.01,92,72772,卖盘
34,14:55:21,7.92,0.01,92,72864,买盘
35,14:55:18,7.91,-0.01,276,218316,卖盘
36,14:55:15,7.92,0.01,92,72864,买盘
37,14:55:12,7.91,-0.01,21,16611,卖盘
38,14:55:09,7.92,0.01,20,15840,买盘
39,14:55:06,7.91,--,102,80682,卖盘
40,14:55:03,7.91,-0.01,14,11074,卖盘
41,14:54:57,7.92,--,118,93456,买盘
42,14:54:54,7.92,--,9,7128,买盘
43,14:54:51,7.92,0.01,21,16632,买盘
44,14:54:48,7.91,-0.01,136,107576,卖盘
45,14:54:45,7.92,0.01,112,88704,买盘
46,14:54:42,7.91,-0.01,17,13447,卖盘
47,14:54:39,7.92,--,226,178992,买盘
48,14:54:36,7.92,--,75,59400,买盘
49,14:54:30,7.92,0.01,102,80784,买盘
50,14:54:27,7.91,-0.01,1,791,卖盘
51,14:54:24,7.92,0.01,120,95040,买盘
52,14:54:21,7.91,-0.01,30,24046,卖盘
53,14:54:18,7.92,--,2,1584,买盘
54,14:54:15,7.92,0.01,92,72864,买盘
55,14:54:12,7.91,--,1712,1354192,卖盘
56,14:54:06,7.91,--,22,17402,卖盘
57,14:53:57,7.91,--,150,118650,卖盘
58,14:53:54,7.91,-0.01,15,11865,卖盘
59,14:53:51,7.92,--,16,12672,买盘
60,14:53:48,7.92,0.01,55,43560,买盘
61,14:53:45,7.91,-0.01,30,23730,卖盘
62,14:53:42,7.92,--,8,6336,买盘
63,14:53:39,7.92,--,4,3168,买盘
64,14:53:36,7.92,--,20,15840,买盘
65,14:53:33,7.92,0.01,21,16632,买盘
66,14:53:27,7.91,--,100,79100,卖盘
67,14:53:24,7.91,--,1697,1342327,买盘
68,14:53:21,7.91,0.01,46,36386,买盘
69,14:53:18,7.9,-0.01,69,54510,卖盘
70,14:53:15,7.91,0.01,20,15820,买盘
71,14:53:12,7.9,-0.01,305,240950,卖盘
72,14:53:09,7.91,--,854,675514,买盘
73,14:53:06,7.91,0.01,212,167692,买盘
74,14:53:03,7.9,--,15,11850,卖盘
75,14:53:00,7.9,--,459,362610,卖盘
76,14:52:57,7.9,--,93,73754,卖盘
77,14:52:54,7.9,-0.01,33,26070,卖盘
78,14:52:51,7.91,0.01,20,15820,买盘
79,14:52:48,7.9,--,13,10270,卖盘
80,14:52:42,7.9,-0.01,81,63990,卖盘
81,14:52:39,7.91,0.01,6,4746,买盘
82,14:52:33,7.9,--,7,5530,卖盘
83,14:52:30,7.9,-0.01,237,187230,卖盘
84,14:52:27,7.91,0.01,15,11865,买盘
85,14:52:24,7.9,--,45,35550,卖盘
86,14:52:21,7.9,-0.01,2,1580,卖盘
87,14:52:15,7.91,--,45,35595,买盘
88,14:52:12,7.91,--,1,791,买盘
89,14:52:09,7.91,--,57,45087,买盘
90,14:52:06,7.91,0.01,5,3955,买盘
91,14:52:03,7.9,-0.01,2,1580,卖盘
92,14:51:57,7.91,--,31,24521,买盘
93,14:51:54,7.91,--,25,19775,卖盘
94,14:51:51,7.91,--,15,11865,卖盘
95,14:51:42,7.91,-0.01,1,791,中性盘
96,14:51:39,7.92,0.02,1,792,买盘
97,14:51:36,7.9,-0.01,13,10270,卖盘
98,14:51:33,7.91,--,70,55370,买盘
99,14:51:30,7.91,--,5,3955,卖盘
100,14:51:27,7.91,--,4,3164,卖盘
101,14:51:24,7.91,--,101,79891,买盘
102,14:51:21,7.91,0.01,301,238091,买盘
103,14:51:18,7.9,-0.01,122,96380,卖盘
104,14:51:15,7.91,--,100,79100,卖盘
105,14:51:12,7.91,0.01,11,8701,买盘
106,14:51:09,7.9,-0.01,155,122450,卖盘
107,14:51:06,7.91,0.01,3,2373,买盘
108,14:51:03,7.9,-0.01,128,101120,卖盘
109,14:51:00,7.91,--,16,12656,买盘
110,14:50:57,7.91,0.01,4,3164,买盘
111,14:50:54,7.9,--,46,36340,卖盘
112,14:50:51,7.9,-0.01,1,790,卖盘
113,14:50:48,7.91,--,112,88592,买盘
114,14:50:45,7.91,-0.01,530,419230,卖盘
115,14:50:42,7.92,--,37,29304,买盘
116,14:50:39,7.92,0.01,29,22968,买盘
117,14:50:36,7.91,--,130,102830,卖盘
118,14:50:33,7.91,--,13,10283,卖盘
119,14:50:30,7.91,--,143,113113,卖盘
120,14:50:27,7.91,--,17,13447,卖盘
121,14:50:24,7.91,--,20,15820,卖盘
122,14:50:21,7.91,--,22,17402,卖盘
123,14:50:18,7.91,--,22,17402,卖盘
124,14:50:12,7.91,-0.01,3,2373,卖盘
125,14:50:09,7.92,0.01,150,118800,买盘
126,14:50:06,7.91,--,207,163737,卖盘
127,14:50:03,7.91,--,125,98875,卖盘
128,14:50:00,7.91,--,16,12656,卖盘
129,14:49:57,7.91,--,14,11074,卖盘
130,14:49:54,7.91,0.01,587,464317,买盘
131,14:49:51,7.9,-0.01,20,15800,卖盘
132,14:49:48,7.91,--,34,26894,买盘
133,14:49:42,7.91,0.01,22,17402,买盘
134,14:49:39,7.9,--,2,1580,卖盘
135,14:49:36,7.9,--,41,32390,卖盘
136,14:49:33,7.9,--,20,15800,卖盘
137,14:49:27,7.9,-0.01,18,14220,卖盘
138,14:49:24,7.91,--,37,29267,买盘
139,14:49:21,7.91,0.01,93,73563,买盘
140,14:49:18,7.9,-0.01,6,4740,卖盘
141,14:49:15,7.91,--,5,3955,买盘
142,14:49:12,7.91,0.01,2,1582,买盘
143,14:49:09,7.9,-0.01,2,1580,卖盘
144,14:49:06,7.91,--,60,47460,买盘
145,14:49:03,7.91,0.01,17,13447,买盘
146,14:49:00,7.9,--,563,444770,卖盘
147,14:48:57,7.9,--,47,37288,卖盘
148,14:48:54,7.9,-0.01,22,17790,卖盘
149,14:48:51,7.91,0.01,877,693707,买盘
150,14:48:48,7.9,-0.01,432,341280,卖盘
151,14:48:45,7.91,--,67,52997,买盘
152,14:48:42,7.91,0.01,64,50624,买盘
153,14:48:36,7.9,--,20,15800,卖盘
154,14:48:33,7.9,-0.01,39,30810,卖盘
155,14:48:30,7.91,0.01,6,4746,买盘
156,14:48:27,7.9,-0.01,1,790,卖盘
157,14:48:24,7.91,0.01,56,44296,买盘
158,14:48:21,7.9,--,32,25280,卖盘
159,14:48:18,7.9,--,112,88480,卖盘
160,14:48:15,7.9,--,3,2370,卖盘
161,14:48:12,7.9,-0.01,32,25280,卖盘
162,14:48:09,7.91,0.01,58,45878,买盘
163,14:48:06,7.9,-0.01,22,17380,卖盘
164,14:48:03,7.91,--,4,3164,买盘
165,14:48:00,7.91,0.01,32,25312,买盘
166,14:47:57,7.9,--,24,18960,卖盘
167,14:47:54,7.9,--,28,22120,卖盘
168,14:47:51,7.9,-0.01,1,790,卖盘
169,14:47:48,7.91,0.01,1,791,买盘
170,14:47:45,7.9,-0.01,2,1580,卖盘
171,14:47:42,7.91,0.01,18,14238,买盘
172,14:47:36,7.9,--,20,15800,卖盘
173,14:47:30,7.9,--,2,1580,卖盘
174,14:47:27,7.9,--,51,40290,卖盘
175,14:47:24,7.9,--,115,90850,卖盘
176,14:47:21,7.9,-0.01,7,5530,卖盘
177,14:47:18,7.91,--,15,11865,买盘
178,14:47:15,7.91,0.01,11,8701,买盘
179,14:47:12,7.9,-0.01,21,16590,卖盘
180,14:47:09,7.91,--,4,3164,买盘
181,14:47:06,7.91,0.01,4,3164,买盘
182,14:47:03,7.9,--,46,36340,卖盘
183,14:47:00,7.9,--,126,99540,卖盘
184,14:46:57,7.9,--,5,3950,卖盘
185,14:46:54,7.9,--,89,70310,卖盘
186,14:46:51,7.9,-0.01,10,7900,卖盘
187,14:46:45,7.91,--,45,35595,买盘
188,14:46:42,7.91,--,24,18984,买盘
189,14:46:39,7.91,--,438,346458,买盘
190,14:46:36,7.91,0.01,1479,1169889,买盘
191,14:46:33,7.9,--,18,14883,卖盘
192,14:46:30,7.9,--,76,60040,卖盘
193,14:46:27,7.9,--,150,118500,卖盘
194,14:46:24,7.9,--,10,7900,卖盘
195,14:46:21,7.9,--,10,7900,卖盘
196,14:46:18,7.9,0.01,138,109494,买盘
197,14:46:15,7.89,--,14,11046,卖盘
198,14:46:12,7.89,-0.01,5,3945,卖盘
199,14:46:09,7.9,0.01,101,79790,买盘
200,14:46:06,7.89,--,1,789,卖盘
201,14:46:03,7.89,-0.01,3,2367,买盘
202,14:46:00,7.9,0.01,136,107440,买盘
203,14:45:57,7.89,--,3,2367,卖盘
204,14:45:54,7.89,--,9,7101,卖盘
205,14:45:51,7.89,-0.01,64,50496,卖盘
206,14:45:48,7.9,0.01,10,7900,买盘
207,14:45:45,7.89,--,167,131763,卖盘
208,14:45:42,7.89,--,36,28404,卖盘
209,14:45:39,7.89,--,41,32349,卖盘
210,14:45:36,7.89,-0.01,3,2367,卖盘
211,14:45:33,7.9,0.01,200,158000,买盘
212,14:45:30,7.89,-0.01,66,52074,卖盘
213,14:45:27,7.9,--,124,97960,买盘
214,14:45:24,7.9,0.01,78,61620,买盘
215,14:45:21,7.89,--,6,4734,卖盘
216,14:45:18,7.89,--,320,252480,卖盘
217,14:45:15,7.89,--,1,789,卖盘
218,14:45:12,7.89,-0.01,70,55230,卖盘
219,14:45:09,7.9,--,2,1580,买盘
220,14:45:06,7.9,--,294,232260,买盘
221,14:45:03,7.9,--,11,8690,买盘
222,14:45:00,7.9,0.01,4,3160,买盘
223,14:44:57,7.89,-0.01,154,121506,卖盘
224,14:44:54,7.9,0.01,39,30810,买盘
225,14:44:51,7.89,-0.01,2,1578,卖盘
226,14:44:48,7.9,0.01,75,59250,买盘
227,14:44:45,7.89,--,42,33138,买盘
228,14:44:42,7.89,--,122,96258,卖盘
229,14:44:39,7.89,-0.01,129,101781,卖盘
230,14:44:33,7.9,--,53,41870,买盘
231,14:44:30,7.9,0.01,29,22910,买盘
232,14:44:27,7.89,--,1,789,卖盘
233,14:44:24,7.89,--,1,789,卖盘
234,14:44:21,7.89,--,65,51285,买盘
235,14:44:18,7.89,--,557,439473,买盘
236,14:44:15,7.89,0.01,625,493125,买盘
237,14:44:12,7.88,-0.01,61,48068,卖盘
238,14:44:09,7.89,--,11,8679,买盘
239,14:44:06,7.89,0.01,6,4734,买盘
240,14:44:03,7.88,-0.01,69,54372,卖盘
241,14:44:00,7.89,--,43,33927,买盘
242,14:43:57,7.89,--,86,67854,买盘
243,14:43:54,7.89,--,3,2367,买盘
244,14:43:51,7.89,--,1,789,买盘
245,14:43:48,7.89,--,67,52863,买盘
246,14:43:45,7.89,0.01,50,39450,买盘
247,14:43:42,7.88,--,20,15760,卖盘
248,14:43:39,7.88,--,46,36248,卖盘
249,14:43:36,7.88,--,82,64616,卖盘
250,14:43:33,7.88,-0.01,19,14972,卖盘
251,14:43:30,7.89,--,20,15780,买盘
252,14:43:27,7.89,--,160,126240,买盘
253,14:43:24,7.89,--,14,11046,买盘
254,14:43:15,7.89,--,41,32349,买盘
255,14:43:12,7.89,--,25,19725,买盘
256,14:43:09,7.89,--,44,34716,买盘
257,14:43:06,7.89,--,47,37083,买盘
258,14:43:03,7.89,--,64,50496,买盘
259,14:43:00,7.89,0.01,577,455253,买盘
260,14:42:57,7.88,-0.01,4,3152,卖盘
261,14:42:54,7.89,0.01,44,34716,买盘
262,14:42:51,7.88,-0.01,10,7880,卖盘
263,14:42:48,7.89,--,1025,808725,买盘
264,14:42:45,7.89,--,36,28404,买盘
265,14:42:42,7.89,--,141,111249,买盘
266,14:42:36,7.89,0.01,434,342426,买盘
267,14:42:33,7.88,-0.01,50,39400,卖盘
268,14:42:30,7.89,--,20,15780,买盘
269,14:42:27,7.89,--,34,26826,买盘
270,14:42:24,7.89,0.01,10,7890,买盘
271,14:42:21,7.88,-0.01,83,65404,卖盘
272,14:42:15,7.89,--,518,408702,买盘
273,14:42:12,7.89,--,103,81267,买盘
274,14:42:09,7.89,0.01,79,62331,买盘
275,14:42:03,7.88,-0.01,10,7880,卖盘
276,14:42:00,7.89,0.01,50,39450,买盘
277,14:41:57,7.88,-0.01,57,44916,卖盘
278,14:41:54,7.89,-0.01,4183,3300387,卖盘
279,14:41:51,7.9,--,49,38710,卖盘
280,14:41:48,7.9,-0.01,235,185650,卖盘
281,14:41:42,7.91,0.01,270,213570,买盘
282,14:41:39,7.9,-0.01,19,15010,卖盘
283,14:41:36,7.91,0.01,220,174020,买盘
284,14:41:33,7.9,--,34,26860,卖盘
285,14:41:30,7.9,--,100,79000,卖盘
286,14:41:27,7.9,-0.01,86,67940,卖盘
287,14:41:24,7.91,0.01,10,7910,买盘
288,14:41:21,7.9,--,12,9480,卖盘
289,14:41:18,7.9,-0.01,38,30020,卖盘
290,14:41:15,7.91,0.01,99,78309,买盘
291,14:41:12,7.9,-0.01,242,191180,卖盘
292,14:41:09,7.91,0.01,27,21357,买盘
293,14:41:06,7.9,-0.01,36,28440,卖盘
294,14:41:03,7.91,0.01,32,25312,买盘
295,14:41:00,7.9,-0.01,50,39500,卖盘
296,14:40:57,7.91,0.01,19,15029,买盘
297,14:40:54,7.9,--,94,74260,卖盘
298,14:40:51,7.9,-0.01,11,8690,卖盘
299,14:40:48,7.91,0.01,7,5537,买盘
300,14:40:45,7.9,-0.01,161,127190,卖盘
301,14:40:42,7.91,0.01,44,34804,买盘
302,14:40:39,7.9,-0.01,10,7900,卖盘
303,14:40:36,7.91,--,348,275268,买盘
304,14:40:33,7.91,0.01,391,309281,买盘
305,14:40:30,7.9,--,72,56880,卖盘
306,14:40:27,7.9,-0.01,21,16590,卖盘
307,14:40:24,7.91,0.01,35,27685,买盘
308,14:40:21,7.9,-0.01,52,41080,卖盘
309,14:40:18,7.91,0.01,42,33222,买盘
310,14:40:15,7.9,-0.01,1,790,卖盘
311,14:40:12,7.91,0.01,1,791,买盘
312,14:40:09,7.9,--,73,57670,卖盘
313,14:40:06,7.9,--,21,16590,卖盘
314,14:40:03,7.9,-0.01,10,7900,卖盘
315,14:39:57,7.91,0.01,49,38759,买盘
316,14:39:54,7.9,-0.01,2,1580,卖盘
317,14:39:51,7.91,0.01,17,13447,买盘
318,14:39:48,7.9,--,14,11060,卖盘
319,14:39:45,7.9,--,338,267020,卖盘
320,14:39:42,7.9,--,4,3160,卖盘
321,14:39:39,7.9,-0.01,1,790,卖盘
322,14:39:36,7.91,0.01,41,32431,买盘
323,14:39:33,7.9,--,11,8690,卖盘
324,14:39:30,7.9,-0.01,110,86900,卖盘
325,14:39:27,7.91,0.01,3,2373,买盘
326,14:39:24,7.9,--,52,41080,卖盘
327,14:39:21,7.9,--,32,25280,卖盘
328,14:39:18,7.9,-0.01,31,24490,卖盘
329,14:39:15,7.91,--,53,41923,买盘
330,14:39:12,7.91,0.01,17,13447,买盘
331,14:39:09,7.9,-0.01,18,14220,卖盘
332,14:39:06,7.91,0.01,13,10283,买盘
333,14:39:03,7.9,--,131,103490,卖盘
334,14:38:57,7.9,--,17,13430,卖盘
335,14:38:54,7.9,--,3,2370,卖盘
336,14:38:51,7.9,--,70,55300,卖盘
337,14:38:48,7.9,-0.01,67,52930,卖盘
338,14:38:45,7.91,0.01,26,20566,买盘
339,14:38:42,7.9,--,141,111390,卖盘
340,14:38:39,7.9,-0.01,25,19750,卖盘
341,14:38:33,7.91,--,67,52997,买盘
342,14:38:30,7.91,0.01,50,39550,买盘
343,14:38:27,7.9,--,4,3160,卖盘
344,14:38:24,7.9,-0.01,95,75050,卖盘
345,14:38:21,7.91,--,22,17402,买盘
346,14:38:18,7.91,--,71,56161,买盘
347,14:38:15,7.91,0.01,106,83846,买盘
348,14:38:12,7.9,--,3,2370,卖盘
349,14:38:09,7.9,-0.01,88,69520,卖盘
350,14:38:06,7.91,0.01,22,17402,买盘
351,14:38:03,7.9,-0.01,148,116920,卖盘
352,14:38:00,7.91,--,60,47460,买盘
353,14:37:57,7.91,-0.01,151,120042,卖盘
354,14:37:54,7.92,0.01,103,81576,买盘
355,14:37:51,7.91,--,7,5537,卖盘
356,14:37:48,7.91,--,1122,887691,买盘
357,14:37:45,7.91,--,120,94920,买盘
358,14:37:42,7.91,0.01,174,137634,买盘
359,14:37:39,7.9,-0.01,2,1580,卖盘
360,14:37:36,7.91,--,50,39550,买盘
361,14:37:33,7.91,--,299,236509,买盘
362,14:37:30,7.91,0.01,45,35595,买盘
363,14:37:27,7.9,--,110,86900,卖盘
364,14:37:24,7.9,-0.01,45,35550,卖盘
365,14:37:21,7.91,--,32,25312,买盘
366,14:37:18,7.91,--,18,14238,买盘
367,14:37:15,7.91,--,6,4746,买盘
368,14:37:12,7.91,--,49,38759,买盘
369,14:37:09,7.91,--,260,206261,卖盘
370,14:37:06,7.91,--,25,19775,卖盘
371,14:37:03,7.91,--,588,465297,买盘
372,14:37:00,7.91,0.01,45,35595,买盘
373,14:36:57,7.9,--,4,3160,卖盘
374,14:36:54,7.9,-0.01,1,790,卖盘
375,14:36:51,7.91,--,76,60116,买盘
376,14:36:45,7.91,--,8,6328,买盘
377,14:36:42,7.91,0.01,2,1582,买盘
378,14:36:39,7.9,-0.01,46,36340,卖盘
379,14:36:36,7.91,--,67,53471,卖盘
380,14:36:33,7.91,--,20,15820,卖盘
381,14:36:30,7.91,--,176,139216,卖盘
382,14:36:27,7.91,0.02,658,520794,买盘
383,14:36:24,7.89,-0.01,24,18936,卖盘
384,14:36:21,7.9,-0.01,1564,1236034,卖盘
385,14:36:18,7.91,0.01,47,37177,买盘
386,14:36:15,7.9,-0.01,606,478740,卖盘
387,14:36:12,7.91,--,38,30058,买盘
388,14:36:09,7.91,0.01,31,24521,买盘
389,14:36:06,7.9,--,44,34760,卖盘
390,14:36:03,7.9,--,123,97170,卖盘
391,14:35:57,7.9,-0.01,4,3160,卖盘
392,14:35:54,7.91,--,55,43505,买盘
393,14:35:51,7.91,0.01,81,64071,买盘
394,14:35:48,7.9,-0.01,32,25280,卖盘
395,14:35:45,7.91,--,51,40341,买盘
396,14:35:42,7.91,--,6,4746,买盘
397,14:35:39,7.91,--,63,49833,买盘
398,14:35:36,7.91,--,62,49042,买盘
399,14:35:33,7.91,--,48,37968,买盘
400,14:35:30,7.91,--,5,3955,买盘
401,14:35:27,7.91,--,13,10283,买盘
402,14:35:24,7.91,--,80,63280,买盘
403,14:35:21,7.91,--,16,12656,买盘
404,14:35:18,7.91,--,15,11865,买盘
405,14:35:12,7.91,--,218,172438,买盘
406,14:35:09,7.91,--,39,30849,买盘
407,14:35:06,7.91,--,53,41923,买盘
408,14:35:03,7.91,--,89,70399,买盘
409,14:35:00,7.91,0.01,64,50624,买盘
410,14:34:57,7.9,-0.02,3,2370,卖盘
411,14:34:54,7.92,0.01,22,17424,买盘
412,14:34:51,7.91,-0.01,3,2373,卖盘
413,14:34:48,7.92,0.01,80,63360,买盘
414,14:34:45,7.91,--,50,39550,卖盘
415,14:34:42,7.91,-0.01,2,1582,卖盘
416,14:34:39,7.92,--,7,5544,买盘
417,14:34:36,7.92,0.02,48,38016,买盘
418,14:34:33,7.9,--,9,7110,卖盘
419,14:34:30,7.9,-0.02,1024,808960,卖盘
420,14:34:27,7.92,0.01,93,73656,买盘
421,14:34:24,7.91,--,8,6328,卖盘
422,14:34:21,7.91,-0.01,4,3164,卖盘
423,14:34:18,7.92,--,5,3960,买盘
424,14:34:15,7.92,0.01,52,41184,买盘
425,14:34:12,7.91,0.01,391,309597,买盘
426,14:34:09,7.9,-0.01,4,3160,卖盘
427,14:34:06,7.91,--,8,6328,买盘
428,14:34:03,7.91,--,77,60907,买盘
429,14:34:00,7.91,--,10,7910,买盘
430,14:33:57,7.91,--,135,106785,买盘
431,14:33:54,7.91,--,544,430304,卖盘
432,14:33:51,7.91,-0.01,320,253120,卖盘
433,14:33:48,7.92,0.01,219,173448,买盘
434,14:33:45,7.91,-0.01,152,120232,卖盘
435,14:33:42,7.92,--,94,74448,买盘
436,14:33:39,7.92,0.01,99,78408,买盘
437,14:33:36,7.91,--,4,3164,卖盘
438,14:33:33,7.91,-0.01,9,7119,卖盘
439,14:33:30,7.92,0.01,61,48312,买盘
440,14:33:27,7.91,--,500,395500,卖盘
441,14:33:24,7.91,-0.01,2,1582,卖盘
442,14:33:21,7.92,--,43,34056,买盘
443,14:33:18,7.92,0.01,4,3168,买盘
444,14:33:15,7.91,-0.01,23,18193,卖盘
445,14:33:12,7.92,--,292,231264,买盘
446,14:33:09,7.92,0.01,146,115632,买盘
447,14:33:06,7.91,-0.01,186,147126,卖盘
448,14:33:03,7.92,0.01,136,107712,买盘
449,14:33:00,7.91,-0.01,208,164528,卖盘
450,14:32:57,7.92,--,43,34056,买盘
451,14:32:54,7.92,--,675,534600,买盘
452,14:32:51,7.92,--,30,23760,买盘
453,14:32:48,7.92,--,72,57024,买盘
454,14:32:45,7.92,0.01,2,1584,买盘
455,14:32:42,7.91,-0.01,11,8701,卖盘
456,14:32:39,7.92,0.01,5,3960,买盘
457,14:32:36,7.91,--,69,54579,卖盘
458,14:32:33,7.91,-0.01,9,7119,卖盘
459,14:32:30,7.92,0.01,44,34848,买盘
460,14:32:27,7.91,--,130,102830,卖盘
461,14:32:24,7.91,-0.01,54,42714,卖盘
462,14:32:21,7.92,0.01,3,2376,买盘
463,14:32:18,7.91,-0.01,17,13447,卖盘
464,14:32:15,7.92,--,244,193248,买盘
465,14:32:12,7.92,0.01,77,60984,买盘
466,14:32:09,7.91,--,43,34013,卖盘
467,14:32:06,7.91,-0.01,1,791,卖盘
468,14:32:03,7.92,0.01,105,83160,买盘
469,14:32:00,7.91,--,10,7910,卖盘
470,14:31:57,7.91,-0.01,13,10283,卖盘
471,14:31:54,7.92,--,26,20592,买盘
472,14:31:51,7.92,0.02,129,102168,买盘
473,14:31:48,7.9,-0.01,515,406850,卖盘
474,14:31:45,7.91,--,5,3955,买盘
475,14:31:42,7.91,--,279,220689,买盘
476,14:31:39,7.91,--,7,5537,买盘
477,14:31:33,7.91,0.01,67,52997,买盘
478,14:31:30,7.9,--,73,57670,卖盘
479,14:31:27,7.9,-0.01,12,9480,卖盘
480,14:31:24,7.91,0.01,125,98875,买盘
481,14:31:21,7.9,-0.01,18,14220,卖盘
482,14:31:18,7.91,0.01,51,40341,买盘
483,14:31:12,7.9,-0.01,1,790,卖盘
484,14:31:09,7.91,0.01,64,50624,买盘
485,14:31:06,7.9,--,35,27650,卖盘
486,14:31:03,7.9,-0.01,88,69520,卖盘
487,14:30:57,7.91,0.01,51,40341,买盘
488,14:30:54,7.9,-0.01,3,2370,卖盘
489,14:30:51,7.91,--,512,404992,买盘
490,14:30:48,7.91,--,2,1582,买盘
491,14:30:45,7.91,0.01,39,30849,买盘
492,14:30:42,7.9,--,227,179677,卖盘
493,14:30:39,7.9,--,100,79442,买盘
494,14:30:36,7.9,0.01,50,39500,买盘
495,14:30:33,7.89,-0.01,43,33927,卖盘
496,14:30:30,7.9,0.01,204,161160,买盘
497,14:30:27,7.89,-0.01,131,103359,卖盘
498,14:30:24,7.9,--,157,124030,买盘
499,14:30:21,7.9,--,1509,1192110,买盘
500,14:30:18,7.9,0.01,143,112970,买盘
501,14:30:15,7.89,-0.01,5,3945,卖盘
502,14:30:12,7.9,--,284,224360,买盘
503,14:30:09,7.9,0.01,60,47400,买盘
504,14:30:06,7.89,-0.01,6,4734,卖盘
505,14:30:03,7.9,--,38,30020,买盘
506,14:30:00,7.9,0.01,23,18170,买盘
507,14:29:57,7.89,--,4,3156,卖盘
508,14:29:54,7.89,-0.01,16,12624,卖盘
509,14:29:51,7.9,--,44,34760,买盘
510,14:29:48,7.9,--,65,51350,买盘
511,14:29:45,7.9,--,1245,983550,买盘
512,14:29:42,7.9,--,4,3160,买盘
513,14:29:39,7.9,0.01,112,88480,买盘
514,14:29:36,7.89,-0.01,5,3945,卖盘
515,14:29:33,7.9,--,21,16590,买盘
516,14:29:30,7.9,--,40,31600,买盘
517,14:29:27,7.9,0.01,10,7900,买盘
518,14:29:24,7.89,--,2,1578,卖盘
519,14:29:21,7.89,-0.01,1,789,卖盘
520,14:29:18,7.9,0.01,48,37920,买盘
521,14:29:15,7.89,-0.01,6,4734,卖盘
522,14:29:12,7.9,0.01,10,7900,买盘
523,14:29:09,7.89,--,66,52074,卖盘
524,14:29:06,7.89,--,55,43395,卖盘
525,14:29:03,7.89,-0.01,61,48129,卖盘
526,14:29:00,7.9,--,2,1580,买盘
527,14:28:57,7.9,--,75,59250,买盘
528,14:28:54,7.9,0.01,21,16590,买盘
529,14:28:51,7.89,-0.01,6,4734,卖盘
530,14:28:48,7.9,0.01,3,2370,买盘
531,14:28:45,7.89,-0.01,88,69432,卖盘
532,14:28:42,7.9,0.01,27,21330,买盘
533,14:28:39,7.89,--,2,1578,卖盘
534,14:28:36,7.89,-0.01,1,789,卖盘
535,14:28:33,7.9,--,174,137460,买盘
536,14:28:30,7.9,0.01,18,14220,买盘
537,14:28:27,7.89,-0.01,9,7101,卖盘
538,14:28:24,7.9,0.01,38,30020,买盘
539,14:28:21,7.89,--,115,90735,卖盘
540,14:28:18,7.89,-0.01,80,63120,卖盘
541,14:28:15,7.9,--,18,14220,买盘
542,14:28:12,7.9,0.01,62,48980,买盘
543,14:28:09,7.89,--,75,59175,卖盘
544,14:28:06,7.89,--,2,1578,卖盘
545,14:28:03,7.89,-0.01,175,138075,卖盘
546,14:28:00,7.9,--,74,58460,买盘
547,14:27:57,7.9,0.01,125,98750,买盘
548,14:27:54,7.89,-0.01,12,9468,卖盘
549,14:27:51,7.9,--,24,18960,买盘
550,14:27:48,7.9,0.01,32,25280,买盘
551,14:27:45,7.89,--,12,9468,卖盘
552,14:27:42,7.89,--,33,26037,卖盘
553,14:27:39,7.89,--,61,48129,卖盘
554,14:27:33,7.89,--,94,74166,卖盘
555,14:27:30,7.89,-0.01,1,789,卖盘
556,14:27:27,7.9,0.01,44,34760,买盘
557,14:27:24,7.89,--,17,13413,卖盘
558,14:27:21,7.89,--,29,22881,卖盘
559,14:27:18,7.89,-0.01,176,138864,卖盘
560,14:27:15,7.9,--,51,40290,买盘
561,14:27:12,7.9,0.01,72,56880,买盘
562,14:27:09,7.89,--,147,115983,卖盘
563,14:27:06,7.89,--,81,63909,卖盘
564,14:27:03,7.89,-0.01,17,13413,卖盘
565,14:27:00,7.9,--,48,37920,买盘
566,14:26:57,7.9,0.01,1,790,买盘
567,14:26:54,7.89,--,146,115194,卖盘
568,14:26:51,7.89,--,91,71799,卖盘
569,14:26:48,7.89,--,10,7890,卖盘
570,14:26:45,7.89,--,16,12624,卖盘
571,14:26:42,7.89,--,823,649347,买盘
572,14:26:39,7.89,--,45,35505,买盘
573,14:26:36,7.89,0.01,280,220920,买盘
574,14:26:33,7.88,-0.01,68,53584,卖盘
575,14:26:30,7.89,0.01,1020,804780,买盘
576,14:26:27,7.88,--,30,23640,卖盘
577,14:26:24,7.88,-0.01,71,55948,卖盘
578,14:26:21,7.89,--,40,31560,买盘
579,14:26:15,7.89,--,20,15780,买盘
580,14:26:12,7.89,0.01,42,33138,买盘
581,14:26:09,7.88,--,50,39400,卖盘
582,14:26:06,7.88,-0.01,2,1576,卖盘
583,14:26:03,7.89,--,218,172002,买盘
584,14:26:00,7.89,--,122,96258,买盘
585,14:25:57,7.89,0.01,66,52074,买盘
586,14:25:54,7.88,--,16,12608,卖盘
587,14:25:51,7.88,--,288,226944,卖盘
588,14:25:48,7.88,--,71,55948,卖盘
589,14:25:42,7.88,-0.01,2,1576,卖盘
590,14:25:39,7.89,--,13,10257,买盘
591,14:25:36,7.89,0.01,65,51285,买盘
592,14:25:33,7.88,--,10,7880,卖盘
593,14:25:30,7.88,-0.01,8,6304,卖盘
594,14:25:27,7.89,0.01,107,84423,买盘
595,14:25:24,7.88,-0.01,105,82740,卖盘
596,14:25:21,7.89,--,103,81267,买盘
597,14:25:18,7.89,--,20,15780,买盘
598,14:25:15,7.89,--,47,37083,买盘
599,14:25:12,7.89,--,58,45762,买盘
600,14:25:06,7.89,--,17,13413,买盘
601,14:25:03,7.89,--,175,138075,买盘
602,14:25:00,7.89,--,6,4734,买盘
603,14:24:57,7.89,0.01,217,171213,买盘
604,14:24:54,7.88,--,44,34672,卖盘
605,14:24:51,7.88,-0.01,36,28368,卖盘
606,14:24:48,7.89,--,5,3945,买盘
607,14:24:45,7.89,--,34,26826,买盘
608,14:24:42,7.89,-0.01,3413,2692857,卖盘
609,14:24:39,7.9,--,8,6320,买盘
610,14:24:36,7.9,--,13,10270,买盘
611,14:24:33,7.9,--,22,17380,买盘
612,14:24:30,7.9,0.01,79,62410,买盘
613,14:24:24,7.89,--,82,64698,卖盘
614,14:24:21,7.89,-0.01,142,112038,卖盘
615,14:24:18,7.9,--,39,30810,买盘
616,14:24:15,7.9,0.01,50,39500,买盘
617,14:24:12,7.89,-0.01,209,164901,卖盘
618,14:24:09,7.9,--,90,71100,买盘
619,14:24:06,7.9,0.01,36,28440,买盘
620,14:24:03,7.89,--,22,17358,卖盘
621,14:24:00,7.89,-0.01,2,1578,卖盘
622,14:23:57,7.9,--,43,33970,买盘
623,14:23:54,7.9,--,167,131930,买盘
624,14:23:51,7.9,--,21,16590,买盘
625,14:23:48,7.9,0.01,371,293090,买盘
626,14:23:45,7.89,-0.01,26,20514,卖盘
627,14:23:42,7.9,--,14,11060,买盘
628,14:23:39,7.9,0.01,124,97960,买盘
629,14:23:36,7.89,--,60,47340,卖盘
630,14:23:33,7.89,--,401,316389,卖盘
631,14:23:30,7.89,-0.01,7,5523,卖盘
632,14:23:24,7.9,0.01,46,36340,买盘
633,14:23:21,7.89,--,38,29982,卖盘
634,14:23:18,7.89,-0.01,142,112038,卖盘
635,14:23:15,7.9,--,124,97960,买盘
636,14:23:12,7.9,--,60,47400,买盘
637,14:23:09,7.9,0.01,34,26860,买盘
638,14:23:06,7.89,--,35,27615,卖盘
639,14:23:03,7.89,--,83,65487,卖盘
640,14:23:00,7.89,-0.01,6,4734,卖盘
641,14:22:57,7.9,0.01,18,14220,买盘
642,14:22:54,7.89,--,205,161745,卖盘
643,14:22:51,7.89,--,52,41028,卖盘
644,14:22:48,7.89,--,9,7101,卖盘
645,14:22:45,7.89,--,2,1578,卖盘
646,14:22:42,7.89,-0.01,45,35505,卖盘
647,14:22:39,7.9,0.01,7,5530,买盘
648,14:22:33,7.89,-0.01,27,21303,卖盘
649,14:22:30,7.9,0.01,40,31600,买盘
650,14:22:24,7.89,--,15,11835,卖盘
651,14:22:21,7.89,-0.01,11,8679,卖盘
652,14:22:18,7.9,0.01,252,199080,买盘
653,14:22:15,7.89,--,2,1578,卖盘
654,14:22:12,7.89,--,112,88368,买盘
655,14:22:09,7.89,--,24,18936,买盘
656,14:22:06,7.89,--,42,33138,买盘
657,14:22:03,7.89,0.01,69,54441,买盘
658,14:21:57,7.88,--,258,203304,卖盘
659,14:21:54,7.88,--,12,9456,卖盘
660,14:21:48,7.88,-0.01,110,86680,卖盘
661,14:21:45,7.89,--,104,82056,买盘
662,14:21:42,7.89,--,4,3156,买盘
663,14:21:39,7.89,0.01,21,16569,买盘
664,14:21:36,7.88,-0.01,21,16548,卖盘
665,14:21:33,7.89,0.01,29,22881,买盘
666,14:21:30,7.88,--,110,86680,卖盘
667,14:21:27,7.88,--,29,22852,卖盘
668,14:21:24,7.88,--,51,40188,卖盘
669,14:21:21,7.88,--,9,7092,卖盘
670,14:21:18,7.88,-0.01,2,1576,卖盘
671,14:21:15,7.89,--,14,11046,买盘
672,14:21:12,7.89,--,44,34716,买盘
673,14:21:09,7.89,0.01,8,6312,买盘
674,14:21:06,7.88,--,1,788,卖盘
675,14:21:03,7.88,-0.01,59,46492,卖盘
676,14:21:00,7.89,--,37,29193,买盘
677,14:20:57,7.89,--,15,11835,买盘
678,14:20:54,7.89,0.01,70,55230,买盘
679,14:20:51,7.88,-0.01,72,56736,卖盘
680,14:20:48,7.89,--,29,22881,买盘
681,14:20:42,7.89,--,3,2367,买盘
682,14:20:39,7.89,--,59,46551,买盘
683,14:20:36,7.89,0.01,22,17358,买盘
684,14:20:33,7.88,-0.01,26,20488,卖盘
685,14:20:27,7.89,0.01,46,36294,买盘
686,14:20:24,7.88,-0.01,3,2364,卖盘
687,14:20:21,7.89,--,23,18147,买盘
688,14:20:18,7.89,--,133,104937,买盘
689,14:20:12,7.89,0.01,3,2367,买盘
690,14:20:09,7.88,--,8,6304,卖盘
691,14:20:06,7.88,--,187,147356,卖盘
692,14:20:03,7.88,--,10,7880,卖盘
693,14:20:00,7.88,--,21,16548,卖盘
694,14:19:57,7.88,-0.01,13,10244,卖盘
695,14:19:54,7.89,--,161,127029,买盘
696,14:19:51,7.89,0.01,1,789,买盘
697,14:19:48,7.88,--,1,788,卖盘
698,14:19:45,7.88,--,57,44916,卖盘
699,14:19:42,7.88,-0.01,3,2364,卖盘
700,14:19:39,7.89,0.01,10,7890,买盘
701,14:19:36,7.88,-0.01,20,15760,卖盘
702,14:19:33,7.89,0.01,48,37872,买盘
703,14:19:30,7.88,--,3,2364,卖盘
704,14:19:27,7.88,--,15,11820,卖盘
705,14:19:24,7.88,--,213,167844,买盘
706,14:19:21,7.88,0.01,63,49644,买盘
707,14:19:18,7.87,-0.01,4,3148,卖盘
708,14:19:15,7.88,--,10,7880,买盘
709,14:19:12,7.88,--,144,113472,买盘
710,14:19:09,7.88,--,2,1576,买盘
711,14:19:06,7.88,--,203,159964,卖盘
712,14:19:03,7.88,--,29,22852,卖盘
713,14:19:00,7.88,--,75,59100,卖盘
714,14:18:57,7.88,--,5,3940,卖盘
715,14:18:54,7.88,--,2,1576,卖盘
716,14:18:51,7.88,-0.01,23,18124,卖盘
717,14:18:48,7.89,0.01,51,40239,买盘
718,14:18:45,7.88,-0.01,31,24428,卖盘
719,14:18:42,7.89,--,6,4734,买盘
720,14:18:39,7.89,0.01,1,789,买盘
721,14:18:36,7.88,-0.01,41,32308,卖盘
722,14:18:33,7.89,0.01,59,46551,买盘
723,14:18:30,7.88,-0.01,259,204092,买盘
724,14:18:27,7.89,0.01,52,41028,买盘
725,14:18:24,7.88,--,63,49644,卖盘
726,14:18:18,7.88,-0.01,10,7880,卖盘
727,14:18:15,7.89,0.01,340,268260,买盘
728,14:18:12,7.88,-0.01,5,3940,卖盘
729,14:18:09,7.89,0.01,9,7101,买盘
730,14:18:06,7.88,--,42,33096,卖盘
731,14:18:03,7.88,--,36,28368,买盘
732,14:18:00,7.88,0.01,14,11032,买盘
733,14:17:57,7.87,-0.01,712,560344,卖盘
734,14:17:54,7.88,0.01,44,34672,买盘
735,14:17:51,7.87,-0.01,69,54303,卖盘
736,14:17:48,7.88,--,1,788,卖盘
737,14:17:45,7.88,-0.01,1,788,中性盘
738,14:17:42,7.89,0.01,130,102570,买盘
739,14:17:39,7.88,-0.01,2,1576,卖盘
740,14:17:36,7.89,0.02,1,789,买盘
741,14:17:33,7.87,-0.01,110,86570,卖盘
742,14:17:30,7.88,--,40,31520,买盘
743,14:17:27,7.88,0.01,33,26004,买盘
744,14:17:24,7.87,-0.01,7,5509,卖盘
745,14:17:21,7.88,--,44,34672,卖盘
746,14:17:18,7.88,--,7,5516,卖盘
747,14:17:15,7.88,--,4,3152,卖盘
748,14:17:12,7.88,-0.01,1,788,中性盘
749,14:17:09,7.89,0.01,41,32349,买盘
750,14:17:06,7.88,--,35,27580,买盘
751,14:17:03,7.88,--,26,20488,买盘
752,14:17:00,7.88,--,1141,899108,买盘
753,14:16:57,7.88,--,26,20488,买盘
754,14:16:54,7.88,0.01,86,67768,买盘
755,14:16:51,7.87,-0.01,14,11018,卖盘
756,14:16:48,7.88,--,202,159176,买盘
757,14:16:45,7.88,--,85,66980,买盘
758,14:16:42,7.88,0.01,4,3152,买盘
759,14:16:39,7.87,-0.01,2,1574,卖盘
760,14:16:36,7.88,--,52,40976,买盘
761,14:16:33,7.88,--,35,27580,买盘
762,14:16:30,7.88,0.01,9,7092,买盘
763,14:16:27,7.87,--,93,73191,卖盘
764,14:16:24,7.87,--,12,9444,卖盘
765,14:16:21,7.87,--,6,4722,卖盘
766,14:16:18,7.87,-0.01,89,70043,卖盘
767,14:16:15,7.88,--,42,33096,买盘
768,14:16:12,7.88,--,2,1576,买盘
769,14:16:09,7.88,--,372,293136,卖盘
770,14:16:06,7.88,-0.01,24,18912,卖盘
771,14:16:03,7.89,0.01,118,93102,买盘
772,14:16:00,7.88,--,4,3152,卖盘
773,14:15:57,7.88,--,6,4728,卖盘
774,14:15:54,7.88,-0.01,42,33096,卖盘
775,14:15:48,7.89,0.01,16,12624,买盘
776,14:15:42,7.88,--,53,41764,卖盘
777,14:15:39,7.88,--,42,33096,卖盘
778,14:15:36,7.88,--,504,397152,卖盘
779,14:15:33,7.88,-0.01,21,16548,卖盘
780,14:15:30,7.89,--,254,200406,买盘
781,14:15:27,7.89,0.01,23,18147,买盘
782,14:15:24,7.88,-0.01,107,84316,卖盘
783,14:15:21,7.89,--,74,58386,买盘
784,14:15:18,7.89,0.01,43,33927,买盘
785,14:15:15,7.88,--,1,788,卖盘
786,14:15:12,7.88,-0.01,4,3152,卖盘
787,14:15:09,7.89,0.01,42,33138,买盘
788,14:15:06,7.88,--,133,104804,卖盘
789,14:15:03,7.88,--,55,43340,卖盘
790,14:15:00,7.88,-0.01,17,13396,卖盘
791,14:14:57,7.89,0.01,45,35505,买盘
792,14:14:54,7.88,-0.01,15,11820,卖盘
793,14:14:48,7.89,0.01,1,789,买盘
794,14:14:45,7.88,--,103,81164,卖盘
795,14:14:42,7.88,--,2,1576,卖盘
796,14:14:39,7.88,--,10,7880,卖盘
797,14:14:36,7.88,--,543,427884,卖盘
798,14:14:33,7.88,-0.01,32,25216,卖盘
799,14:14:30,7.89,0.01,21,16569,买盘
800,14:14:27,7.88,--,100,78800,卖盘
801,14:14:24,7.88,-0.01,70,55160,卖盘
802,14:14:21,7.89,0.01,3,2367,买盘
803,14:14:18,7.88,--,15,11820,卖盘
804,14:14:15,7.88,-0.01,5,3940,卖盘
805,14:14:12,7.89,0.01,41,32349,买盘
806,14:14:09,7.88,-0.01,12,9456,卖盘
807,14:14:06,7.89,0.01,246,194094,买盘
808,14:14:03,7.88,-0.01,33,26004,卖盘
809,14:14:00,7.89,0.01,26,20514,买盘
810,14:13:57,7.88,--,199,156812,买盘
811,14:13:54,7.88,--,16,12608,买盘
812,14:13:51,7.88,--,53,41764,买盘
813,14:13:48,7.88,--,142,111896,卖盘
814,14:13:45,7.88,-0.01,4,3152,卖盘
815,14:13:42,7.89,--,1,789,买盘
816,14:13:39,7.89,0.02,95,74955,买盘
817,14:13:36,7.87,--,2,1574,卖盘
818,14:13:33,7.87,-0.02,11,8657,卖盘
819,14:13:30,7.89,0.01,21,16569,买盘
820,14:13:27,7.88,--,47,37036,买盘
821,14:13:24,7.88,--,64,50432,买盘
822,14:13:21,7.88,--,131,103228,买盘
823,14:13:18,7.88,--,77,60676,买盘
824,14:13:15,7.88,0.01,10,7880,买盘
825,14:13:12,7.87,-0.01,100,78700,卖盘
826,14:13:09,7.88,0.01,112,88256,买盘
827,14:13:06,7.87,--,60,47220,卖盘
828,14:13:03,7.87,-0.01,287,225869,卖盘
829,14:13:00,7.88,0.01,35,27580,买盘
830,14:12:57,7.87,-0.01,47,36989,卖盘
831,14:12:54,7.88,--,1,788,买盘
832,14:12:51,7.88,--,51,40188,买盘
833,14:12:48,7.88,--,4,3152,买盘
834,14:12:45,7.88,0.01,57,44916,买盘
835,14:12:42,7.87,--,32,25184,卖盘
836,14:12:39,7.87,-0.01,35,27545,卖盘
837,14:12:36,7.88,--,19,14972,买盘
838,14:12:33,7.88,--,54,42552,买盘
839,14:12:30,7.88,0.01,55,43340,买盘
840,14:12:27,7.87,-0.01,35,27545,卖盘
841,14:12:24,7.88,--,65,51220,买盘
842,14:12:21,7.88,--,4,3152,买盘
843,14:12:18,7.88,--,50,39400,买盘
844,14:12:15,7.88,--,67,52796,买盘
845,14:12:12,7.88,--,40,31520,买盘
846,14:12:09,7.88,--,31,24428,卖盘
847,14:12:06,7.88,-0.01,39,30732,卖盘
848,14:12:03,7.89,0.01,12,9468,买盘
849,14:12:00,7.88,--,42,33096,卖盘
850,14:11:57,7.88,--,18,14184,卖盘
851,14:11:54,7.88,-0.01,2,1576,卖盘
852,14:11:51,7.89,--,29,22881,买盘
853,14:11:48,7.89,0.01,24,18936,买盘
854,14:11:45,7.88,--,6,4728,卖盘
855,14:11:39,7.88,0.01,58,45704,买盘
856,14:11:36,7.87,-0.01,43,33841,卖盘
857,14:11:33,7.88,--,18,14184,买盘
858,14:11:30,7.88,--,404,318352,买盘
859,14:11:27,7.88,0.01,43,33884,买盘
860,14:11:24,7.87,-0.01,8,6296,卖盘
861,14:11:21,7.88,0.01,10,7880,买盘
862,14:11:18,7.87,-0.01,37,29119,卖盘
863,14:11:15,7.88,--,35,27580,买盘
864,14:11:12,7.88,0.01,55,43340,买盘
865,14:11:09,7.87,-0.01,92,72404,卖盘
866,14:11:06,7.88,--,76,59888,买盘
867,14:11:03,7.88,--,81,63828,买盘
868,14:11:00,7.88,0.01,2,1576,买盘
869,14:10:57,7.87,-0.01,6,4722,卖盘
870,14:10:54,7.88,0.01,62,48856,买盘
871,14:10:51,7.87,-0.01,4,3148,卖盘
872,14:10:48,7.88,-0.01,324,255312,卖盘
873,14:10:45,7.89,--,40,31560,买盘
874,14:10:42,7.89,--,57,44973,买盘
875,14:10:39,7.89,0.01,103,81267,买盘
876,14:10:36,7.88,-0.01,1,788,卖盘
877,14:10:33,7.89,0.01,61,48129,买盘
878,14:10:30,7.88,--,8,6304,卖盘
879,14:10:27,7.88,--,1,788,卖盘
880,14:10:24,7.88,--,14,11032,卖盘
881,14:10:21,7.88,--,47,37036,卖盘
882,14:10:18,7.88,0.01,934,735992,买盘
883,14:10:15,7.87,--,5,3935,卖盘
884,14:10:12,7.87,-0.01,23,18101,卖盘
885,14:10:09,7.88,0.01,74,58312,买盘
886,14:10:06,7.87,-0.01,1,787,卖盘
887,14:10:03,7.88,--,13,10244,买盘
888,14:10:00,7.88,0.01,42,33096,买盘
889,14:09:57,7.87,--,10,7870,卖盘
890,14:09:54,7.87,-0.01,23,18108,卖盘
891,14:09:51,7.88,--,505,397940,买盘
892,14:09:48,7.88,0.01,40,31520,买盘
893,14:09:45,7.87,--,42,33054,卖盘
894,14:09:42,7.87,--,3,2361,卖盘
895,14:09:39,7.87,-0.01,21,16527,卖盘
896,14:09:36,7.88,0.01,34,26792,买盘
897,14:09:33,7.87,--,52,40924,卖盘
898,14:09:30,7.87,-0.01,65,51155,卖盘
899,14:09:27,7.88,0.01,263,207244,买盘
900,14:09:24,7.87,-0.01,3,2361,卖盘
901,14:09:21,7.88,--,13,10244,买盘
902,14:09:18,7.88,--,44,34672,买盘
903,14:09:15,7.88,0.01,1,788,买盘
904,14:09:12,7.87,-0.01,36,28332,卖盘
905,14:09:09,7.88,0.01,173,136324,买盘
906,14:09:06,7.87,-0.01,20,15740,卖盘
907,14:09:03,7.88,0.01,29,22852,买盘
908,14:09:00,7.87,-0.01,6,4722,卖盘
909,14:08:57,7.88,0.01,48,37824,买盘
910,14:08:54,7.87,--,176,138512,卖盘
911,14:08:51,7.87,-0.01,1,787,卖盘
912,14:08:48,7.88,0.01,5,3940,买盘
913,14:08:45,7.87,-0.01,11,8657,卖盘
914,14:08:42,7.88,--,44,34672,买盘
915,14:08:39,7.88,0.01,1,788,买盘
916,14:08:36,7.87,--,16,12592,卖盘
917,14:08:33,7.87,--,70,55090,卖盘
918,14:08:30,7.87,--,77,60599,卖盘
919,14:08:27,7.87,--,35,27545,卖盘
920,14:08:24,7.87,-0.01,109,85783,卖盘
921,14:08:21,7.88,0.01,53,41764,买盘
922,14:08:18,7.87,--,66,51942,卖盘
923,14:08:15,7.87,-0.01,32,25184,卖盘
924,14:08:12,7.88,0.01,18,14184,买盘
925,14:08:09,7.87,--,39,30693,卖盘
926,14:08:06,7.87,--,55,43285,卖盘
927,14:08:03,7.87,-0.01,10,7870,卖盘
928,14:08:00,7.88,--,21,16548,买盘
929,14:07:57,7.88,0.01,60,47280,买盘
930,14:07:54,7.87,--,4,3148,卖盘
931,14:07:51,7.87,--,53,41711,卖盘
932,14:07:48,7.87,--,50,39350,卖盘
933,14:07:39,7.87,-0.01,14,11018,卖盘
934,14:07:36,7.88,0.01,53,41764,买盘
935,14:07:33,7.87,-0.01,25,19675,卖盘
936,14:07:30,7.88,--,34,26792,买盘
937,14:07:27,7.88,--,75,59100,买盘
938,14:07:24,7.88,--,94,74072,买盘
939,14:07:21,7.88,--,24,18912,买盘
940,14:07:18,7.88,0.01,12,9456,买盘
941,14:07:15,7.87,-0.01,91,71617,卖盘
942,14:07:12,7.88,--,340,267920,买盘
943,14:07:09,7.88,--,283,223004,买盘
944,14:07:06,7.88,--,25,19700,买盘
945,14:07:03,7.88,0.01,50,39400,买盘
946,14:07:00,7.87,--,39,30693,卖盘
947,14:06:57,7.87,-0.01,115,90505,卖盘
948,14:06:54,7.88,--,22,17336,买盘
949,14:06:51,7.88,--,53,41764,买盘
950,14:06:48,7.88,0.01,2,1576,买盘
951,14:06:45,7.87,-0.01,26,20462,卖盘
952,14:06:42,7.88,--,39,30732,买盘
953,14:06:39,7.88,--,4,3152,买盘
954,14:06:36,7.88,0.01,3,2364,买盘
955,14:06:33,7.87,-0.01,34,26758,卖盘
956,14:06:30,7.88,--,45,35460,买盘
957,14:06:27,7.88,--,12,9456,买盘
958,14:06:24,7.88,-0.01,65,51220,卖盘
959,14:06:21,7.89,--,26,20514,买盘
960,14:06:18,7.89,0.01,74,58386,买盘
961,14:06:15,7.88,0.01,3,2364,中性盘
962,14:06:12,7.87,-0.02,3,2361,卖盘
963,14:06:09,7.89,0.02,56,44184,买盘
964,14:06:06,7.87,-0.01,35,27545,卖盘
965,14:06:03,7.88,--,117,92196,卖盘
966,14:06:00,7.88,--,134,105592,卖盘
967,14:05:57,7.88,0.01,580,457512,买盘
968,14:05:54,7.87,--,42,33054,卖盘
969,14:05:51,7.87,--,2,1574,卖盘
970,14:05:48,7.87,-0.01,20,15740,卖盘
971,14:05:45,7.88,0.01,43,33884,买盘
972,14:05:42,7.87,-0.01,2,1574,卖盘
973,14:05:39,7.88,0.01,55,43340,买盘
974,14:05:36,7.87,--,153,120411,卖盘
975,14:05:33,7.87,--,30,23610,卖盘
976,14:05:27,7.87,--,54,42498,卖盘
977,14:05:24,7.87,--,169,133003,卖盘
978,14:05:21,7.87,--,18,14166,卖盘
979,14:05:18,7.87,--,44,34628,卖盘
980,14:05:15,7.87,-0.01,215,169205,卖盘
981,14:05:12,7.88,--,78,61464,买盘
982,14:05:09,7.88,0.01,9,7092,买盘
983,14:05:06,7.87,--,31,24397,卖盘
984,14:05:03,7.87,-0.01,92,72404,卖盘
985,14:05:00,7.88,0.01,158,124504,买盘
986,14:04:57,7.87,--,16,12592,卖盘
987,14:04:54,7.87,-0.01,116,91292,卖盘
988,14:04:51,7.88,--,452,356491,卖盘
989,14:04:48,7.88,--,17,13396,卖盘
990,14:04:45,7.88,--,10,7880,卖盘
991,14:04:42,7.88,-0.01,30,23640,卖盘
992,14:04:39,7.89,0.01,45,35505,买盘
993,14:04:36,7.88,--,1,788,卖盘
994,14:04:33,7.88,-0.01,25,19700,卖盘
995,14:04:30,7.89,--,27,21303,买盘
996,14:04:27,7.89,0.01,43,33927,买盘
997,14:04:24,7.88,--,24,18912,卖盘
998,14:04:21,7.88,--,3,2364,卖盘
999,14:04:18,7.88,--,25,19700,卖盘
1000,14:04:15,7.88,--,130,102440,卖盘
1001,14:04:12,7.88,--,593,467756,买盘
1002,14:04:09,7.88,--,208,163904,买盘
1003,14:04:06,7.88,0.01,72,56736,买盘
1004,14:04:03,7.87,--,12,9444,卖盘
1005,14:04:00,7.87,--,21,16527,卖盘
1006,14:03:57,7.87,-0.01,6,4722,卖盘
1007,14:03:54,7.88,0.01,41,32308,买盘
1008,14:03:51,7.87,--,16,12592,卖盘
1009,14:03:48,7.87,--,84,66108,卖盘
1010,14:03:45,7.87,--,93,73191,卖盘
1011,14:03:42,7.87,-0.01,4,3148,卖盘
1012,14:03:39,7.88,0.01,43,33884,买盘
1013,14:03:36,7.87,--,223,175501,卖盘
1014,14:03:33,7.87,-0.01,354,278598,卖盘
1015,14:03:30,7.88,--,54,42552,买盘
1016,14:03:27,7.88,0.01,88,69344,买盘
1017,14:03:24,7.87,-0.01,21,16527,卖盘
1018,14:03:21,7.88,0.01,85,66980,买盘
1019,14:03:15,7.87,-0.01,14,11018,卖盘
1020,14:03:12,7.88,--,60,47280,买盘
1021,14:03:09,7.88,0.01,13,10244,买盘
1022,14:03:06,7.87,--,60,47220,卖盘
1023,14:03:03,7.87,-0.01,118,92866,卖盘
1024,14:03:00,7.88,0.01,173,136324,买盘
1025,14:02:57,7.87,-0.01,555,436785,卖盘
1026,14:02:54,7.88,0.01,30,23640,买盘
1027,14:02:51,7.87,-0.01,124,97588,卖盘
1028,14:02:48,7.88,--,45,35460,买盘
1029,14:02:45,7.88,0.01,9,7092,买盘
1030,14:02:42,7.87,--,14,11018,卖盘
1031,14:02:39,7.87,-0.01,58,45646,卖盘
1032,14:02:36,7.88,0.01,35,27580,买盘
1033,14:02:33,7.87,--,10,7870,卖盘
1034,14:02:30,7.87,-0.01,38,29906,卖盘
1035,14:02:27,7.88,0.01,167,131596,买盘
1036,14:02:24,7.87,-0.01,27,21249,卖盘
1037,14:02:21,7.88,--,102,80376,买盘
1038,14:02:18,7.88,--,18,14184,买盘
1039,14:02:15,7.88,0.01,60,47280,买盘
1040,14:02:12,7.87,-0.01,16,12592,卖盘
1041,14:02:09,7.88,0.01,28,22064,买盘
1042,14:02:06,7.87,-0.01,31,24397,卖盘
1043,14:02:03,7.88,0.01,69,54372,买盘
1044,14:02:00,7.87,--,20,15740,卖盘
1045,14:01:57,7.87,-0.01,27,21249,卖盘
1046,14:01:54,7.88,0.01,45,35460,买盘
1047,14:01:45,7.87,-0.01,57,44859,卖盘
1048,14:01:42,7.88,0.01,59,46492,买盘
1049,14:01:39,7.87,-0.01,21,16527,卖盘
1050,14:01:36,7.88,0.01,29,22852,买盘
1051,14:01:33,7.87,-0.01,48,37776,卖盘
1052,14:01:30,7.88,--,42,33096,买盘
1053,14:01:27,7.88,--,4,3152,买盘
1054,14:01:24,7.88,0.01,21,16548,买盘
1055,14:01:21,7.87,-0.01,44,34628,卖盘
1056,14:01:18,7.88,0.02,15,11820,买盘
1057,14:01:15,7.86,-0.02,145,113970,卖盘
1058,14:01:12,7.88,--,632,498016,买盘
1059,14:01:09,7.88,--,120,94560,买盘
1060,14:01:06,7.88,0.02,46,36248,买盘
1061,14:01:03,7.86,--,24,18864,卖盘
1062,14:01:00,7.86,-0.02,74,58164,卖盘
1063,14:00:57,7.88,0.02,55,43340,买盘
1064,14:00:54,7.86,-0.02,3,2358,卖盘
1065,14:00:51,7.88,--,1,788,买盘
1066,14:00:48,7.88,0.02,46,36248,买盘
1067,14:00:45,7.86,-0.01,31,24366,卖盘
1068,14:00:42,7.87,-0.01,142,111754,卖盘
1069,14:00:39,7.88,0.01,60,47280,买盘
1070,14:00:36,7.87,--,87,68469,卖盘
1071,14:00:33,7.87,--,55,43285,卖盘
1072,14:00:30,7.87,--,28,22036,卖盘
1073,14:00:27,7.87,-0.01,20,15740,卖盘
1074,14:00:24,7.88,0.01,44,34672,买盘
1075,14:00:21,7.87,-0.01,34,26758,卖盘
1076,14:00:18,7.88,0.01,127,100076,买盘
1077,14:00:15,7.87,0.01,81,63747,买盘
1078,14:00:12,7.86,--,199,156414,卖盘
1079,14:00:09,7.86,-0.02,874,686964,卖盘
1080,14:00:06,7.88,0.01,98,77224,买盘
1081,14:00:03,7.87,--,51,40137,卖盘
1082,14:00:00,7.87,--,12,9444,卖盘
1083,13:59:57,7.87,--,28,22036,卖盘
1084,13:59:54,7.87,-0.01,35,27545,卖盘
1085,13:59:51,7.88,0.01,46,36248,买盘
1086,13:59:45,7.87,--,38,29906,卖盘
1087,13:59:42,7.87,-0.01,42,33054,卖盘
1088,13:59:39,7.88,--,2,1576,买盘
1089,13:59:36,7.88,0.02,25,19700,买盘
1090,13:59:33,7.86,-0.01,138,108468,卖盘
1091,13:59:30,7.87,--,552,434424,卖盘
1092,13:59:27,7.87,-0.01,3,2361,卖盘
1093,13:59:21,7.88,--,20,15760,买盘
1094,13:59:18,7.88,0.01,76,59888,买盘
1095,13:59:12,7.87,--,32,25184,卖盘
1096,13:59:09,7.87,--,124,97588,卖盘
1097,13:59:06,7.87,--,10,7870,卖盘
1098,13:59:03,7.87,--,150,118050,卖盘
1099,13:59:00,7.87,--,663,522095,买盘
1100,13:58:57,7.87,--,182,143234,买盘
1101,13:58:54,7.87,--,48,37776,买盘
1102,13:58:51,7.87,--,34,26758,买盘
1103,13:58:48,7.87,--,134,105458,买盘
1104,13:58:45,7.87,0.01,42,33054,买盘
1105,13:58:42,7.86,-0.01,23,18078,卖盘
1106,13:58:39,7.87,0.01,62,48794,买盘
1107,13:58:36,7.86,-0.01,70,55020,卖盘
1108,13:58:33,7.87,--,66,51942,买盘
1109,13:58:30,7.87,--,5,3935,买盘
1110,13:58:27,7.87,0.01,30,23610,买盘
1111,13:58:24,7.86,--,60,47160,卖盘
1112,13:58:21,7.86,-0.01,14,11004,卖盘
1113,13:58:18,7.87,0.01,62,48794,买盘
1114,13:58:15,7.86,-0.01,16,12576,卖盘
1115,13:58:12,7.87,--,44,34628,买盘
1116,13:58:09,7.87,--,4,3148,买盘
1117,13:58:06,7.87,--,30,23610,买盘
1118,13:58:03,7.87,0.01,42,33054,买盘
1119,13:57:57,7.86,--,8,6288,卖盘
1120,13:57:54,7.86,-0.01,17,13362,卖盘
1121,13:57:51,7.87,0.01,40,31480,买盘
1122,13:57:45,7.86,--,22,17292,卖盘
1123,13:57:42,7.86,-0.01,15,11790,卖盘
1124,13:57:39,7.87,--,81,63747,买盘
1125,13:57:36,7.87,0.01,138,108606,买盘
1126,13:57:33,7.86,--,48,37728,卖盘
1127,13:57:30,7.86,--,68,53448,卖盘
1128,13:57:27,7.86,--,6,4716,卖盘
1129,13:57:24,7.86,-0.01,46,36156,卖盘
1130,13:57:21,7.87,--,323,254201,买盘
1131,13:57:18,7.87,0.01,592,465904,买盘
1132,13:57:15,7.86,--,201,157986,卖盘
1133,13:57:12,7.86,--,2,1572,卖盘
1134,13:57:09,7.86,-0.01,17,13362,卖盘
1135,13:57:06,7.87,0.01,52,41301,买盘
1136,13:57:03,7.86,-0.01,293,230298,卖盘
1137,13:57:00,7.87,--,1242,977454,买盘
1138,13:56:57,7.87,0.01,44,34628,买盘
1139,13:56:54,7.86,--,5,3930,卖盘
1140,13:56:51,7.86,-0.01,16,12576,卖盘
1141,13:56:48,7.87,--,30,23610,买盘
1142,13:56:45,7.87,0.01,42,33054,买盘
1143,13:56:42,7.86,--,31,24366,卖盘
1144,13:56:39,7.86,-0.01,53,41658,卖盘
1145,13:56:36,7.87,--,23,18101,买盘
1146,13:56:33,7.87,0.01,107,84209,买盘
1147,13:56:30,7.86,--,52,40872,卖盘
1148,13:56:27,7.86,--,44,34584,卖盘
1149,13:56:24,7.86,--,50,39928,卖盘
1150,13:56:21,7.86,--,12,9432,卖盘
1151,13:56:15,7.86,-0.01,31,24366,卖盘
1152,13:56:12,7.87,--,45,35415,买盘
1153,13:56:09,7.87,0.01,3,2361,买盘
1154,13:56:06,7.86,--,13,10218,卖盘
1155,13:56:03,7.86,--,19,14934,卖盘
1156,13:56:00,7.86,--,46,36156,卖盘
1157,13:55:57,7.86,--,2,1572,卖盘
1158,13:55:54,7.86,--,22,17292,卖盘
1159,13:55:51,7.86,-0.01,25,19650,卖盘
1160,13:55:48,7.87,--,106,83422,买盘
1161,13:55:45,7.87,--,3,2361,买盘
1162,13:55:42,7.87,0.01,15,11805,买盘
1163,13:55:39,7.86,--,56,44016,卖盘
1164,13:55:36,7.86,-0.01,88,69168,卖盘
1165,13:55:33,7.87,0.01,137,107819,买盘
1166,13:55:30,7.86,-0.01,56,44016,卖盘
1167,13:55:27,7.87,0.01,107,84209,买盘
1168,13:55:18,7.86,-0.01,15,11790,卖盘
1169,13:55:15,7.87,0.01,46,36202,买盘
1170,13:55:09,7.86,--,19,14934,卖盘
1171,13:55:06,7.86,--,97,76242,卖盘
1172,13:55:03,7.86,--,71,55806,卖盘
1173,13:54:57,7.86,--,48,37728,卖盘
1174,13:54:54,7.86,--,147,115542,卖盘
1175,13:54:51,7.86,--,130,102180,卖盘
1176,13:54:48,7.86,--,12,9432,卖盘
1177,13:54:45,7.86,-0.01,49,38514,卖盘
1178,13:54:42,7.87,--,61,48007,买盘
1179,13:54:39,7.87,0.01,2,1574,买盘
1180,13:54:36,7.86,--,44,34584,卖盘
1181,13:54:33,7.86,--,43,33798,卖盘
1182,13:54:30,7.86,--,34,26724,卖盘
1183,13:54:27,7.86,-0.01,138,108468,卖盘
1184,13:54:24,7.87,0.01,48,37776,买盘
1185,13:54:21,7.86,--,181,142266,卖盘
1186,13:54:15,7.86,--,8,6288,卖盘
1187,13:54:12,7.86,-0.01,25,19650,卖盘
1188,13:54:09,7.87,0.01,91,71617,买盘
1189,13:54:06,7.86,--,9,7074,卖盘
1190,13:54:03,7.86,--,42,33012,卖盘
1191,13:54:00,7.86,--,79,62094,卖盘
1192,13:53:57,7.86,--,33,25938,卖盘
1193,13:53:54,7.86,--,6,4716,卖盘
1194,13:53:51,7.86,-0.01,16,12576,卖盘
1195,13:53:48,7.87,0.01,50,39350,买盘
1196,13:53:42,7.86,--,21,16506,卖盘
1197,13:53:39,7.86,-0.02,11,8646,卖盘
1198,13:53:36,7.88,0.02,41,32308,买盘
1199,13:53:33,7.86,--,409,321474,卖盘
1200,13:53:30,7.86,-0.01,1836,1443096,卖盘
1201,13:53:27,7.87,--,84,66108,卖盘
1202,13:53:24,7.87,--,95,74765,买盘
1203,13:53:21,7.87,0.01,25,19675,买盘
1204,13:53:18,7.86,-0.01,11,8646,卖盘
1205,13:53:15,7.87,0.01,41,32267,买盘
1206,13:53:12,7.86,-0.01,4,3144,卖盘
1207,13:53:09,7.87,--,2,1574,买盘
1208,13:53:06,7.87,--,14,11018,买盘
1209,13:53:03,7.87,--,44,34628,买盘
1210,13:53:00,7.87,0.01,10,7870,买盘
1211,13:52:57,7.86,-0.02,15,11790,卖盘
1212,13:52:54,7.88,--,44,34672,买盘
1213,13:52:51,7.88,0.02,5,3940,买盘
1214,13:52:48,7.86,--,244,191784,卖盘
1215,13:52:45,7.86,-0.02,1000,786000,卖盘
1216,13:52:42,7.88,0.01,75,59100,买盘
1217,13:52:39,7.87,--,1,787,买盘
1218,13:52:36,7.87,0.01,350,275450,买盘
1219,13:52:33,7.86,-0.01,1443,1134198,卖盘
1220,13:52:30,7.87,0.01,44,34628,买盘
1221,13:52:27,7.86,--,15,11790,卖盘
1222,13:52:21,7.86,-0.01,41,32226,卖盘
1223,13:52:18,7.87,0.01,4,3148,买盘
1224,13:52:15,7.86,--,13,10218,卖盘
1225,13:52:12,7.86,--,1,786,卖盘
1226,13:52:09,7.86,-0.01,52,40872,卖盘
1227,13:52:06,7.87,--,49,38563,卖盘
1228,13:52:03,7.87,-0.01,145,114115,卖盘
1229,13:51:57,7.88,--,76,59888,买盘
1230,13:51:54,7.88,0.02,109,85892,买盘
1231,13:51:51,7.86,-0.01,43,33798,卖盘
1232,13:51:48,7.87,0.01,95,74765,买盘
1233,13:51:45,7.86,-0.01,19,14934,卖盘
1234,13:51:42,7.87,--,23,18101,买盘
1235,13:51:39,7.87,--,76,59812,卖盘
1236,13:51:36,7.87,-0.01,99,77913,卖盘
1237,13:51:33,7.88,0.01,195,153660,买盘
1238,13:51:30,7.87,--,3,2361,卖盘
1239,13:51:27,7.87,-0.01,61,48007,卖盘
1240,13:51:24,7.88,0.01,84,66192,买盘
1241,13:51:21,7.87,0.01,23,18101,卖盘
1242,13:51:18,7.86,--,1,786,卖盘
1243,13:51:15,7.86,-0.01,123,96678,卖盘
1244,13:51:12,7.87,--,298,234526,买盘
1245,13:51:09,7.87,--,29,22823,买盘
1246,13:51:06,7.87,--,21,16527,买盘
1247,13:51:03,7.87,--,59,46433,买盘
1248,13:51:00,7.87,0.01,88,69256,买盘
1249,13:50:57,7.86,-0.02,318,249948,卖盘
1250,13:50:54,7.88,--,24,18912,买盘
1251,13:50:51,7.88,0.01,199,156812,买盘
1252,13:50:48,7.87,--,707,556409,卖盘
1253,13:50:45,7.87,--,25,19675,卖盘
1254,13:50:42,7.87,--,76,59812,卖盘
1255,13:50:39,7.87,-0.01,12,9444,卖盘
1256,13:50:36,7.88,0.01,21,16548,买盘
1257,13:50:33,7.87,--,11,8657,卖盘
1258,13:50:30,7.87,--,40,31480,卖盘
1259,13:50:27,7.87,--,2,1574,卖盘
1260,13:50:24,7.87,--,4,3148,卖盘
1261,13:50:21,7.87,--,15,11805,卖盘
1262,13:50:18,7.87,-0.01,86,67682,卖盘
1263,13:50:15,7.88,0.01,81,63828,买盘
1264,13:50:12,7.87,--,22,17314,卖盘
1265,13:50:09,7.87,-0.01,54,42498,卖盘
1266,13:50:06,7.88,0.01,32,25216,买盘
1267,13:50:03,7.87,--,12,9444,卖盘
1268,13:50:00,7.87,-0.01,52,40924,卖盘
1269,13:49:57,7.88,0.01,47,37036,买盘
1270,13:49:54,7.87,--,4,3148,卖盘
1271,13:49:48,7.87,-0.01,19,14953,卖盘
1272,13:49:45,7.88,0.01,84,66192,买盘
1273,13:49:42,7.87,--,27,21249,卖盘
1274,13:49:39,7.87,-0.01,37,29119,卖盘
1275,13:49:36,7.88,0.01,40,31520,买盘
1276,13:49:33,7.87,--,6,4722,卖盘
1277,13:49:30,7.87,--,23,18101,卖盘
1278,13:49:27,7.87,--,8,6296,买盘
1279,13:49:24,7.87,--,57,44859,买盘
1280,13:49:21,7.87,0.01,1,787,买盘
1281,13:49:18,7.86,--,1,786,卖盘
1282,13:49:15,7.86,-0.02,185,145410,卖盘
1283,13:49:12,7.88,0.01,820,646160,买盘
1284,13:49:09,7.87,-0.01,14,11018,卖盘
1285,13:49:06,7.88,0.01,4,3152,买盘
1286,13:49:03,7.87,--,5,3935,买盘
1287,13:49:00,7.87,0.01,44,34628,买盘
1288,13:48:57,7.86,-0.01,22,17292,卖盘
1289,13:48:54,7.87,-0.01,72,56664,卖盘
1290,13:48:51,7.88,0.02,45,35460,买盘
1291,13:48:48,7.86,-0.01,7,5502,卖盘
1292,13:48:45,7.87,-0.01,38,29906,中性盘
1293,13:48:42,7.88,0.02,63,49644,买盘
1294,13:48:39,7.86,-0.02,61,47946,卖盘
1295,13:48:36,7.88,0.02,1,788,买盘
1296,13:48:33,7.86,--,30,23580,卖盘
1297,13:48:30,7.86,-0.02,14,11004,卖盘
1298,13:48:27,7.88,0.02,76,59888,买盘
1299,13:48:24,7.86,-0.01,45,35370,卖盘
1300,13:48:21,7.87,--,215,169205,买盘
1301,13:48:18,7.87,0.01,165,129855,买盘
1302,13:48:15,7.86,-0.01,14,11004,卖盘
1303,13:48:12,7.87,0.01,33,25971,买盘
1304,13:48:09,7.86,-0.01,39,30654,卖盘
1305,13:48:06,7.87,0.01,51,40137,买盘
1306,13:48:03,7.86,--,1,786,卖盘
1307,13:48:00,7.86,-0.01,28,22008,卖盘
1308,13:47:57,7.87,--,277,217999,买盘
1309,13:47:54,7.87,0.01,744,585528,买盘
1310,13:47:51,7.86,--,514,404004,卖盘
1311,13:47:48,7.86,-0.01,1097,862242,卖盘
1312,13:47:45,7.87,0.01,44,34628,买盘
1313,13:47:42,7.86,--,37,29082,卖盘
1314,13:47:39,7.86,--,144,113184,卖盘
1315,13:47:36,7.86,--,10,7860,卖盘
1316,13:47:33,7.86,-0.01,115,90390,卖盘
1317,13:47:30,7.87,--,311,244757,买盘
1318,13:47:24,7.87,-0.01,31,24397,卖盘
1319,13:47:21,7.88,0.01,63,49644,买盘
1320,13:47:18,7.87,--,41,32267,卖盘
1321,13:47:15,7.87,--,200,157400,卖盘
1322,13:47:12,7.87,--,275,216425,卖盘
1323,13:47:09,7.87,--,558,439146,卖盘
1324,13:47:06,7.87,-0.01,3,2361,卖盘
1325,13:47:03,7.88,0.01,49,38612,买盘
1326,13:47:00,7.87,--,74,58238,卖盘
1327,13:46:57,7.87,--,9,7083,卖盘
1328,13:46:54,7.87,--,37,29119,卖盘
1329,13:46:51,7.87,-0.01,161,126707,卖盘
1330,13:46:48,7.88,0.01,45,35460,买盘
1331,13:46:45,7.87,-0.01,129,101523,卖盘
1332,13:46:42,7.88,--,511,402668,买盘
1333,13:46:39,7.88,--,45,35460,买盘
1334,13:46:36,7.88,0.01,11,8668,买盘
1335,13:46:30,7.87,-0.01,28,22036,卖盘
1336,13:46:27,7.88,0.01,94,74072,买盘
1337,13:46:21,7.87,--,1,787,卖盘
1338,13:46:18,7.87,-0.01,17,13379,卖盘
1339,13:46:15,7.88,--,42,33096,买盘
1340,13:46:12,7.88,0.01,28,22064,买盘
1341,13:46:09,7.87,--,21,16527,卖盘
1342,13:46:06,7.87,--,49,38563,卖盘
1343,13:46:00,7.87,--,34,26758,卖盘
1344,13:45:57,7.87,-0.01,59,46433,卖盘
1345,13:45:54,7.88,0.01,42,33096,买盘
1346,13:45:51,7.87,--,18,14166,卖盘
1347,13:45:48,7.87,--,55,43285,卖盘
1348,13:45:45,7.87,-0.01,36,28332,卖盘
1349,13:45:42,7.88,0.02,45,35460,买盘
1350,13:45:39,7.86,--,3,2358,卖盘
1351,13:45:36,7.86,--,15,11790,卖盘
1352,13:45:33,7.86,-0.01,62,48732,卖盘
1353,13:45:30,7.87,0.01,90,70830,买盘
1354,13:45:27,7.86,--,70,55020,卖盘
1355,13:45:24,7.86,-0.01,34,26724,卖盘
1356,13:45:21,7.87,--,103,81061,买盘
1357,13:45:18,7.87,0.01,72,56664,买盘
1358,13:45:15,7.86,-0.01,412,323832,卖盘
1359,13:45:12,7.87,--,647,509189,买盘
1360,13:45:09,7.87,0.01,41,32267,买盘
1361,13:45:06,7.86,-0.01,17,13362,卖盘
1362,13:45:03,7.87,--,92,72404,买盘
1363,13:45:00,7.87,0.01,139,109393,买盘
1364,13:44:57,7.86,-0.01,5,3930,卖盘
1365,13:44:54,7.87,0.01,35,27545,买盘
1366,13:44:51,7.86,-0.01,12,9432,卖盘
1367,13:44:48,7.87,--,99,77913,买盘
1368,13:44:45,7.87,0.01,230,181010,买盘
1369,13:44:42,7.86,--,8,6288,卖盘
1370,13:44:39,7.86,-0.01,24,18864,卖盘
1371,13:44:36,7.87,0.01,105,82635,买盘
1372,13:44:30,7.86,--,13,10218,卖盘
1373,13:44:27,7.86,-0.02,135,106110,卖盘
1374,13:44:24,7.88,0.02,386,304168,买盘
1375,13:44:21,7.86,--,1,786,卖盘
1376,13:44:18,7.86,-0.01,23,18078,卖盘
1377,13:44:15,7.87,--,42,33054,买盘
1378,13:44:12,7.87,0.01,14,11018,卖盘
1379,13:44:09,7.86,--,71,55806,卖盘
1380,13:44:06,7.86,-0.02,354,278244,卖盘
1381,13:44:03,7.88,0.01,138,108744,买盘
1382,13:44:00,7.87,0.01,16,12592,买盘
1383,13:43:57,7.86,-0.02,77,60522,卖盘
1384,13:43:54,7.88,0.01,270,212760,买盘
1385,13:43:45,7.87,-0.01,22,17314,卖盘
1386,13:43:42,7.88,0.01,66,52008,买盘
1387,13:43:39,7.87,--,34,26758,卖盘
1388,13:43:36,7.87,-0.01,37,29119,卖盘
1389,13:43:30,7.88,--,50,39400,买盘
1390,13:43:27,7.88,0.01,15,11820,买盘
1391,13:43:24,7.87,-0.01,40,31480,卖盘
1392,13:43:21,7.88,0.01,37,29156,买盘
1393,13:43:18,7.87,0.01,17,13379,买盘
1394,13:43:15,7.86,-0.01,30,23580,卖盘
1395,13:43:12,7.87,-0.01,5,3935,中性盘
1396,13:43:09,7.88,0.01,64,50432,买盘
1397,13:43:06,7.87,--,50,39350,卖盘
1398,13:43:03,7.87,--,6,4722,卖盘
1399,13:43:00,7.87,-0.01,34,26758,卖盘
1400,13:42:57,7.88,0.01,48,37824,买盘
1401,13:42:54,7.87,--,13,10231,卖盘
1402,13:42:51,7.87,--,74,58238,卖盘
1403,13:42:48,7.87,-0.01,118,92866,卖盘
1404,13:42:45,7.88,0.01,50,39400,买盘
1405,13:42:42,7.87,--,14,11018,卖盘
1406,13:42:39,7.87,--,3,2361,卖盘
1407,13:42:36,7.87,--,53,41711,卖盘
1408,13:42:33,7.87,0.01,12,9444,买盘
1409,13:42:30,7.86,-0.01,56,44016,卖盘
1410,13:42:27,7.87,--,232,182584,卖盘
1411,13:42:24,7.87,-0.01,164,129068,卖盘
1412,13:42:21,7.88,0.01,11,8668,买盘
1413,13:42:18,7.87,--,16,12592,卖盘
1414,13:42:15,7.87,-0.01,14,11018,卖盘
1415,13:42:12,7.88,0.02,41,32308,买盘
1416,13:42:06,7.86,--,21,16506,卖盘
1417,13:42:03,7.86,--,60,47160,卖盘
1418,13:42:00,7.86,-0.01,23,18078,卖盘
1419,13:41:57,7.87,--,17,13379,卖盘
1420,13:41:54,7.87,-0.01,16,12592,卖盘
1421,13:41:51,7.88,0.02,43,33884,买盘
1422,13:41:48,7.86,--,449,352914,卖盘
1423,13:41:45,7.86,-0.01,2016,1584576,卖盘
1424,13:41:42,7.87,-0.01,62,48794,卖盘
1425,13:41:39,7.88,0.01,36,28368,买盘
1426,13:41:36,7.87,--,62,48794,卖盘
1427,13:41:33,7.87,-0.01,172,135364,卖盘
1428,13:41:30,7.88,--,52,40976,买盘
1429,13:41:27,7.88,--,3,2364,买盘
1430,13:41:24,7.88,--,11,8668,买盘
1431,13:41:21,7.88,--,54,42552,买盘
1432,13:41:18,7.88,0.01,62,48856,买盘
1433,13:41:15,7.87,--,147,115689,卖盘
1434,13:41:12,7.87,--,417,328179,卖盘
1435,13:41:09,7.87,-0.01,13,10231,卖盘
1436,13:41:06,7.88,0.01,49,38612,买盘
1437,13:41:00,7.87,--,16,12592,卖盘
1438,13:40:57,7.87,--,49,38563,卖盘
1439,13:40:54,7.87,-0.01,15,11805,卖盘
1440,13:40:51,7.88,0.01,54,42552,买盘
1441,13:40:48,7.87,-0.01,16,12592,卖盘
1442,13:40:45,7.88,0.01,41,32308,买盘
1443,13:40:42,7.87,--,5,3935,卖盘
1444,13:40:39,7.87,--,13,10231,卖盘
1445,13:40:36,7.87,-0.01,15,11805,卖盘
1446,13:40:33,7.88,0.01,42,33096,买盘
1447,13:40:30,7.87,0.01,9,7083,买盘
1448,13:40:27,7.86,-0.02,19,14934,卖盘
1449,13:40:24,7.88,0.01,44,34672,买盘
1450,13:40:21,7.87,--,10,7870,卖盘
1451,13:40:18,7.87,0.01,26,20462,买盘
1452,13:40:15,7.86,-0.01,26,20436,卖盘
1453,13:40:12,7.87,0.01,93,73191,买盘
1454,13:40:09,7.86,-0.01,8,6288,卖盘
1455,13:40:06,7.87,0.01,3,2361,买盘
1456,13:40:03,7.86,-0.01,28,22008,卖盘
1457,13:40:00,7.87,--,89,70043,买盘
1458,13:39:57,7.87,0.01,8,6296,买盘
1459,13:39:54,7.86,-0.01,21,16506,卖盘
1460,13:39:51,7.87,--,52,40924,买盘
1461,13:39:48,7.87,0.01,18,14166,买盘
1462,13:39:45,7.86,-0.01,17,13362,卖盘
1463,13:39:42,7.87,0.01,82,64534,买盘
1464,13:39:39,7.86,--,45,35370,卖盘
1465,13:39:36,7.86,-0.01,153,120258,卖盘
1466,13:39:33,7.87,--,686,539882,卖盘
1467,13:39:30,7.87,-0.01,111,87357,卖盘
1468,13:39:27,7.88,--,467,367996,买盘
1469,13:39:21,7.88,--,26,20488,买盘
1470,13:39:18,7.88,0.01,74,58312,买盘
1471,13:39:15,7.87,--,30,23610,卖盘
1472,13:39:12,7.87,--,84,66108,卖盘
1473,13:39:09,7.87,--,355,279385,买盘
1474,13:39:06,7.87,0.01,85,66895,买盘
1475,13:39:03,7.86,-0.01,36,28296,卖盘
1476,13:39:00,7.87,0.01,4,3148,买盘
1477,13:38:57,7.86,-0.01,73,57378,卖盘
1478,13:38:54,7.87,0.01,216,169992,买盘
1479,13:38:51,7.86,--,64,50304,卖盘
1480,13:38:48,7.86,--,84,66212,卖盘
1481,13:38:45,7.86,--,111,87246,卖盘
1482,13:38:42,7.86,--,38,29868,卖盘
1483,13:38:39,7.86,--,39,30661,卖盘
1484,13:38:36,7.86,--,20,15720,卖盘
1485,13:38:33,7.86,-0.01,74,58164,卖盘
1486,13:38:30,7.87,0.01,14,11018,买盘
1487,13:38:27,7.86,--,11,9156,卖盘
1488,13:38:24,7.86,-0.01,45,35370,卖盘
1489,13:38:21,7.87,0.01,84,66108,买盘
1490,13:38:18,7.86,--,28,22008,卖盘
1491,13:38:15,7.86,--,10,7860,卖盘
1492,13:38:12,7.86,--,57,44802,卖盘
1493,13:38:09,7.86,--,30,23580,卖盘
1494,13:38:06,7.86,--,33,25938,卖盘
1495,13:38:03,7.86,-0.01,13,10218,卖盘
1496,13:38:00,7.87,0.01,44,34628,买盘
1497,13:37:57,7.86,--,233,183138,卖盘
1498,13:37:54,7.86,-0.01,1037,815082,卖盘
1499,13:37:51,7.87,0.01,116,91292,买盘
1500,13:37:48,7.86,-0.01,36,28296,卖盘
1501,13:37:45,7.87,0.01,16,12592,买盘
1502,13:37:42,7.86,--,22,17292,卖盘
1503,13:37:39,7.86,--,71,55806,卖盘
1504,13:37:36,7.86,--,45,35370,卖盘
1505,13:37:33,7.86,-0.01,447,352120,卖盘
1506,13:37:30,7.87,--,1054,829498,卖盘
1507,13:37:27,7.87,--,58,45646,卖盘
1508,13:37:24,7.87,--,2,1574,卖盘
1509,13:37:21,7.87,--,17,13379,卖盘
1510,13:37:18,7.87,-0.01,27,21249,卖盘
1511,13:37:15,7.88,0.01,40,31520,买盘
1512,13:37:12,7.87,--,164,129068,卖盘
1513,13:37:09,7.87,-0.01,722,568214,卖盘
1514,13:37:06,7.88,0.01,94,74072,买盘
1515,13:37:03,7.87,--,1,787,卖盘
1516,13:36:57,7.87,-0.01,24,18888,卖盘
1517,13:36:54,7.88,0.01,42,33096,买盘
1518,13:36:51,7.87,--,54,42498,卖盘
1519,13:36:48,7.87,--,40,31480,卖盘
1520,13:36:42,7.87,--,51,40137,卖盘
1521,13:36:39,7.87,-0.01,8,6296,卖盘
1522,13:36:36,7.88,0.01,2,1576,买盘
1523,13:36:33,7.87,-0.01,50,39350,卖盘
1524,13:36:30,7.88,0.01,67,52796,买盘
1525,13:36:27,7.87,--,111,87357,卖盘
1526,13:36:24,7.87,--,69,54303,卖盘
1527,13:36:21,7.87,--,67,52729,卖盘
1528,13:36:18,7.87,--,2,1574,卖盘
1529,13:36:15,7.87,--,50,39350,卖盘
1530,13:36:12,7.87,-0.01,107,84209,卖盘
1531,13:36:09,7.88,--,43,33884,买盘
1532,13:36:06,7.88,0.01,5,3940,买盘
1533,13:36:03,7.87,-0.01,7,5509,卖盘
1534,13:36:00,7.88,--,26,20488,买盘
1535,13:35:57,7.88,0.01,73,57524,买盘
1536,13:35:51,7.87,--,11,8657,卖盘
1537,13:35:48,7.87,--,55,43285,卖盘
1538,13:35:45,7.87,-0.01,18,14166,卖盘
1539,13:35:42,7.88,0.01,31,24428,买盘
1540,13:35:39,7.87,-0.01,47,36989,卖盘
1541,13:35:36,7.88,--,186,146568,买盘
1542,13:35:30,7.88,0.01,9,7092,买盘
1543,13:35:27,7.87,--,37,29119,卖盘
1544,13:35:24,7.87,--,163,128281,卖盘
1545,13:35:21,7.87,--,1,787,卖盘
1546,13:35:18,7.87,-0.01,28,22036,卖盘
1547,13:35:15,7.88,0.01,94,74072,买盘
1548,13:35:12,7.87,-0.01,2,1574,卖盘
1549,13:35:09,7.88,0.01,20,15760,买盘
1550,13:35:06,7.87,-0.01,18,14166,卖盘
1551,13:35:03,7.88,--,40,31520,买盘
1552,13:35:00,7.88,0.01,3,2364,买盘
1553,13:34:57,7.87,--,5,3935,卖盘
1554,13:34:54,7.87,-0.01,11,8657,卖盘
1555,13:34:51,7.88,0.01,42,33096,买盘
1556,13:34:45,7.87,-0.01,13,10231,卖盘
1557,13:34:42,7.88,0.01,55,43340,买盘
1558,13:34:39,7.87,--,2,1574,卖盘
1559,13:34:36,7.87,--,24,18888,卖盘
1560,13:34:33,7.87,-0.01,107,84209,卖盘
1561,13:34:30,7.88,0.01,52,40976,买盘
1562,13:34:27,7.87,--,1,787,卖盘
1563,13:34:24,7.87,--,9,7083,卖盘
1564,13:34:21,7.87,-0.01,18,14166,卖盘
1565,13:34:18,7.88,0.01,189,148932,买盘
1566,13:34:15,7.87,--,601,472987,卖盘
1567,13:34:12,7.87,--,468,368316,卖盘
1568,13:34:09,7.87,-0.01,64,50368,卖盘
1569,13:34:06,7.88,--,32,25216,买盘
1570,13:34:03,7.88,0.01,57,44916,买盘
1571,13:34:00,7.87,--,30,23610,卖盘
1572,13:33:57,7.87,--,87,68469,卖盘
1573,13:33:54,7.87,-0.01,4,3148,卖盘
1574,13:33:48,7.88,0.01,33,26004,买盘
1575,13:33:45,7.87,-0.01,50,39350,卖盘
1576,13:33:42,7.88,0.01,3,2364,买盘
1577,13:33:39,7.87,--,31,24397,卖盘
1578,13:33:36,7.87,--,65,51155,卖盘
1579,13:33:33,7.87,-0.01,1,787,卖盘
1580,13:33:30,7.88,0.01,1,788,买盘
1581,13:33:27,7.87,-0.01,102,80274,卖盘
1582,13:33:24,7.88,--,438,345144,买盘
1583,13:33:18,7.88,0.01,7,5516,买盘
1584,13:33:15,7.87,-0.01,17,13379,卖盘
1585,13:33:12,7.88,0.01,72,56736,买盘
1586,13:33:09,7.87,-0.01,14,11018,卖盘
1587,13:33:06,7.88,--,77,60676,买盘
1588,13:33:03,7.88,--,51,40188,买盘
1589,13:33:00,7.88,0.01,35,27580,买盘
1590,13:32:57,7.87,--,41,32267,卖盘
1591,13:32:54,7.87,-0.01,175,137725,卖盘
1592,13:32:51,7.88,0.01,42,33096,买盘
1593,13:32:45,7.87,-0.01,105,82635,卖盘
1594,13:32:42,7.88,0.01,375,295500,买盘
1595,13:32:39,7.87,--,41,32267,卖盘
1596,13:32:33,7.87,-0.01,12,9444,卖盘
1597,13:32:30,7.88,0.01,45,35460,买盘
1598,13:32:24,7.87,--,10,7870,卖盘
1599,13:32:21,7.87,--,14,11018,卖盘
1600,13:32:18,7.87,-0.01,48,37776,卖盘
1601,13:32:15,7.88,0.01,5,3940,买盘
1602,13:32:12,7.87,--,2,1574,卖盘
1603,13:32:09,7.87,--,19,14953,卖盘
1604,13:32:06,7.87,--,172,135364,卖盘
1605,13:32:03,7.87,--,501,394287,卖盘
1606,13:32:00,7.87,--,19,14953,卖盘
1607,13:31:57,7.87,-0.01,74,58238,卖盘
1608,13:31:54,7.88,0.01,50,39400,买盘
1609,13:31:51,7.87,--,10,7870,卖盘
1610,13:31:48,7.87,-0.01,4,3148,卖盘
1611,13:31:45,7.88,--,68,53584,买盘
1612,13:31:42,7.88,--,136,107168,卖盘
1613,13:31:39,7.88,0.01,2,1576,卖盘
1614,13:31:36,7.87,-0.02,16,12592,卖盘
1615,13:31:33,7.89,0.02,72,56808,买盘
1616,13:31:30,7.87,-0.01,12,9444,卖盘
1617,13:31:27,7.88,0.01,9,7092,中性盘
1618,13:31:24,7.87,-0.02,267,210129,卖盘
1619,13:31:21,7.89,0.01,1007,794523,买盘
1620,13:31:18,7.88,--,11,8668,卖盘
1621,13:31:15,7.88,-0.01,58,45704,卖盘
1622,13:31:12,7.89,0.01,40,31560,买盘
1623,13:31:09,7.88,--,2,1576,卖盘
1624,13:31:06,7.88,--,1,788,卖盘
1625,13:31:03,7.88,-0.01,49,38612,卖盘
1626,13:31:00,7.89,0.01,72,56808,买盘
1627,13:30:57,7.88,--,6,4728,卖盘
1628,13:30:54,7.88,-0.01,28,22064,卖盘
1629,13:30:51,7.89,0.01,43,33927,买盘
1630,13:30:48,7.88,-0.01,37,29156,卖盘
1631,13:30:45,7.89,0.01,159,125451,买盘
1632,13:30:42,7.88,-0.01,20,15760,卖盘
1633,13:30:39,7.89,--,39,30771,买盘
1634,13:30:36,7.89,0.01,5,3945,买盘
1635,13:30:33,7.88,-0.01,32,25216,卖盘
1636,13:30:30,7.89,--,65,51285,买盘
1637,13:30:27,7.89,0.01,40,31560,买盘
1638,13:30:24,7.88,--,8,6304,卖盘
1639,13:30:21,7.88,-0.01,40,31520,卖盘
1640,13:30:18,7.89,0.01,37,29193,买盘
1641,13:30:15,7.88,--,14,11032,卖盘
1642,13:30:12,7.88,--,25,19700,卖盘
1643,13:30:09,7.88,--,28,22064,卖盘
1644,13:30:06,7.88,--,123,96924,卖盘
1645,13:30:03,7.88,-0.01,25,19700,卖盘
1646,13:30:00,7.89,0.01,8,6312,买盘
1647,13:29:57,7.88,-0.01,34,26792,卖盘
1648,13:29:54,7.89,0.01,66,52074,买盘
1649,13:29:51,7.88,-0.01,4,3152,卖盘
1650,13:29:48,7.89,0.01,8,6312,买盘
1651,13:29:45,7.88,-0.01,13,10244,卖盘
1652,13:29:42,7.89,0.01,51,40239,买盘
1653,13:29:39,7.88,--,2,1576,卖盘
1654,13:29:36,7.88,-0.01,23,18124,卖盘
1655,13:29:33,7.89,0.01,88,69432,买盘
1656,13:29:27,7.88,--,1,788,卖盘
1657,13:29:24,7.88,--,17,13396,卖盘
1658,13:29:21,7.88,--,72,56736,卖盘
1659,13:29:18,7.88,--,1,788,卖盘
1660,13:29:15,7.88,-0.01,16,12608,卖盘
1661,13:29:12,7.89,--,4,3156,买盘
1662,13:29:09,7.89,0.02,44,34716,买盘
1663,13:29:06,7.87,--,1,787,卖盘
1664,13:29:03,7.87,-0.02,19,14953,卖盘
1665,13:29:00,7.89,--,297,234333,买盘
1666,13:28:57,7.89,0.01,1103,870267,买盘
1667,13:28:54,7.88,--,4,3152,卖盘
1668,13:28:51,7.88,-0.01,21,16548,卖盘
1669,13:28:48,7.89,0.01,72,56808,买盘
1670,13:28:45,7.88,0.01,96,75648,中性盘
1671,13:28:42,7.87,--,2,1574,卖盘
1672,13:28:39,7.87,-0.02,32,25184,卖盘
1673,13:28:36,7.89,0.01,113,89157,买盘
1674,13:28:33,7.88,0.01,6,4728,买盘
1675,13:28:30,7.87,-0.01,32,25184,卖盘
1676,13:28:27,7.88,0.01,43,33884,买盘
1677,13:28:24,7.87,--,7,5509,卖盘
1678,13:28:21,7.87,--,2,1574,卖盘
1679,13:28:18,7.87,-0.01,15,11805,卖盘
1680,13:28:15,7.88,--,98,77224,买盘
1681,13:28:12,7.88,0.01,239,188332,买盘
1682,13:28:09,7.87,--,328,258136,卖盘
1683,13:28:06,7.87,-0.01,13,10231,卖盘
1684,13:28:03,7.88,--,40,31520,买盘
1685,13:28:00,7.88,0.01,11,8668,买盘
1686,13:27:57,7.87,--,18,14166,卖盘
1687,13:27:54,7.87,--,63,49581,卖盘
1688,13:27:51,7.87,--,202,158974,卖盘
1689,13:27:48,7.87,--,516,406092,卖盘
1690,13:27:45,7.87,-0.01,24,18888,卖盘
1691,13:27:42,7.88,0.01,115,90620,买盘
1692,13:27:39,7.87,--,5,3935,卖盘
1693,13:27:36,7.87,-0.01,2,1574,卖盘
1694,13:27:33,7.88,--,47,37036,买盘
1695,13:27:30,7.88,--,40,31520,买盘
1696,13:27:27,7.88,0.01,14,11032,中性盘
1697,13:27:24,7.87,--,31,24397,卖盘
1698,13:27:21,7.87,-0.01,135,106245,卖盘
1699,13:27:18,7.88,--,2,1576,卖盘
1700,13:27:15,7.88,--,1,788,卖盘
1701,13:27:12,7.88,--,12,9456,卖盘
1702,13:27:09,7.88,--,39,30732,卖盘
1703,13:27:03,7.88,0.01,19,14972,卖盘
1704,13:27:00,7.87,-0.02,4,3148,卖盘
1705,13:26:57,7.89,0.02,38,29982,买盘
1706,13:26:54,7.87,--,7,5509,卖盘
1707,13:26:51,7.87,-0.02,11,8657,卖盘
1708,13:26:48,7.89,0.02,72,56808,买盘
1709,13:26:45,7.87,-0.02,107,84209,卖盘
1710,13:26:39,7.89,--,24,18936,买盘
1711,13:26:36,7.89,0.02,44,34716,买盘
1712,13:26:33,7.87,--,1,787,卖盘
1713,13:26:27,7.87,-0.01,26,20462,卖盘
1714,13:26:24,7.88,-0.01,59,46492,中性盘
1715,13:26:21,7.89,0.01,57,44973,买盘
1716,13:26:18,7.88,0.01,30,23640,买盘
1717,13:26:15,7.87,--,86,67682,卖盘
1718,13:26:12,7.87,-0.01,45,35415,卖盘
1719,13:26:09,7.88,--,35,27580,卖盘
1720,13:26:06,7.88,-0.01,13,10244,卖盘
1721,13:26:03,7.89,0.01,41,32349,买盘
1722,13:26:00,7.88,--,12,9456,卖盘
1723,13:25:57,7.88,--,26,20488,卖盘
1724,13:25:54,7.88,--,42,33096,卖盘
1725,13:25:51,7.88,0.01,42,33096,中性盘
1726,13:25:48,7.87,-0.01,15,11805,卖盘
1727,13:25:45,7.88,--,12,9456,卖盘
1728,13:25:42,7.88,0.01,48,37824,中性盘
1729,13:25:33,7.87,-0.02,23,18101,卖盘
1730,13:25:30,7.89,0.02,44,34716,买盘
1731,13:25:27,7.87,--,27,21249,卖盘
1732,13:25:24,7.87,--,8,6296,卖盘
1733,13:25:21,7.87,-0.02,33,25971,卖盘
1734,13:25:18,7.89,0.01,135,106515,买盘
1735,13:25:15,7.88,0.01,10,7880,买盘
1736,13:25:12,7.87,--,19,14953,卖盘
1737,13:25:09,7.87,--,46,36202,卖盘
1738,13:25:06,7.87,--,2,1574,卖盘
1739,13:25:03,7.87,--,36,28332,卖盘
1740,13:25:00,7.87,-0.01,22,17314,卖盘
1741,13:24:57,7.88,0.01,68,53584,买盘
1742,13:24:54,7.87,--,28,22036,卖盘
1743,13:24:48,7.87,-0.01,19,14953,卖盘
1744,13:24:45,7.88,0.01,49,38612,买盘
1745,13:24:42,7.87,--,33,25971,卖盘
1746,13:24:39,7.87,--,9,7083,卖盘
1747,13:24:36,7.87,--,41,32267,卖盘
1748,13:24:33,7.87,-0.01,31,24397,卖盘
1749,13:24:30,7.88,0.01,110,86680,买盘
1750,13:24:27,7.87,--,45,35415,卖盘
1751,13:24:24,7.87,--,97,76339,卖盘
1752,13:24:21,7.87,--,102,80274,卖盘
1753,13:24:18,7.87,--,226,177862,卖盘
1754,13:24:15,7.87,-0.02,76,59812,卖盘
1755,13:24:12,7.89,0.02,38,29982,买盘
1756,13:24:09,7.87,--,9,7083,卖盘
1757,13:24:06,7.87,--,14,11018,卖盘
1758,13:24:03,7.87,-0.01,87,68469,卖盘
1759,13:24:00,7.88,0.01,141,111108,买盘
1760,13:23:57,7.87,--,72,56664,卖盘
1761,13:23:54,7.87,-0.02,325,255775,卖盘
1762,13:23:51,7.89,0.02,56,44184,买盘
1763,13:23:48,7.87,-0.01,20,15740,卖盘
1764,13:23:45,7.88,0.01,59,46492,买盘
1765,13:23:42,7.87,--,38,29906,卖盘
1766,13:23:39,7.87,--,42,33054,卖盘
1767,13:23:36,7.87,-0.01,2,1574,卖盘
1768,13:23:33,7.88,0.01,1,788,中性盘
1769,13:23:30,7.87,-0.01,31,24404,卖盘
1770,13:23:27,7.88,0.01,96,75648,买盘
1771,13:23:24,7.87,--,55,43285,卖盘
1772,13:23:21,7.87,--,43,33841,卖盘
1773,13:23:18,7.87,-0.01,52,40924,卖盘
1774,13:23:15,7.88,--,50,39400,卖盘
1775,13:23:12,7.88,--,2,1576,卖盘
1776,13:23:09,7.88,-0.01,31,24428,卖盘
1777,13:23:06,7.89,0.01,68,53652,买盘
1778,13:23:03,7.88,-0.01,2,1576,卖盘
1779,13:23:00,7.89,0.01,26,20514,买盘
1780,13:22:57,7.88,--,84,66192,卖盘
1781,13:22:54,7.88,--,48,37824,卖盘
1782,13:22:48,7.88,--,13,10244,卖盘
1783,13:22:45,7.88,--,53,41764,卖盘
1784,13:22:42,7.88,0.01,5,3940,中性盘
1785,13:22:36,7.87,-0.02,24,18888,卖盘
1786,13:22:33,7.89,0.01,69,54441,买盘
1787,13:22:27,7.88,--,27,21276,卖盘
1788,13:22:24,7.88,-0.01,33,26004,卖盘
1789,13:22:21,7.89,0.01,81,63909,买盘
1790,13:22:18,7.88,--,7,5516,卖盘
1791,13:22:15,7.88,0.01,269,211972,中性盘
1792,13:22:12,7.87,--,1255,987685,卖盘
1793,13:22:09,7.87,--,332,261284,卖盘
1794,13:22:06,7.87,-0.01,167,131429,卖盘
1795,13:22:03,7.88,--,318,250584,卖盘
1796,13:22:00,7.88,-0.01,42,33096,卖盘
1797,13:21:57,7.89,0.01,34,26826,买盘
1798,13:21:54,7.88,--,33,26004,卖盘
1799,13:21:51,7.88,-0.01,142,111896,卖盘
1800,13:21:48,7.89,0.01,66,52074,买盘
1801,13:21:42,7.88,--,12,9456,卖盘
1802,13:21:39,7.88,--,42,33096,卖盘
1803,13:21:33,7.88,--,9,7092,卖盘
1804,13:21:30,7.88,--,14,11032,卖盘
1805,13:21:27,7.88,--,46,36248,卖盘
1806,13:21:24,7.88,--,8,6304,卖盘
1807,13:21:21,7.88,--,6,4728,卖盘
1808,13:21:18,7.88,-0.01,98,77224,卖盘
1809,13:21:15,7.89,0.01,447,352683,买盘
1810,13:21:12,7.88,--,40,31520,卖盘
1811,13:21:09,7.88,--,14,11032,卖盘
1812,13:21:06,7.88,--,56,44128,卖盘
1813,13:21:03,7.88,--,41,32308,卖盘
1814,13:21:00,7.88,--,80,63040,卖盘
1815,13:20:57,7.88,--,316,249008,卖盘
1816,13:20:54,7.88,--,45,35460,卖盘
1817,13:20:51,7.88,--,2,1576,卖盘
1818,13:20:45,7.88,--,11,8668,卖盘
1819,13:20:42,7.88,--,64,50432,卖盘
1820,13:20:39,7.88,--,88,69344,卖盘
1821,13:20:36,7.88,-0.01,73,57524,卖盘
1822,13:20:33,7.89,0.01,44,34716,买盘
1823,13:20:30,7.88,-0.01,20,15760,卖盘
1824,13:20:27,7.89,0.01,149,117561,买盘
1825,13:20:24,7.88,-0.01,314,247432,卖盘
1826,13:20:21,7.89,0.01,43,33927,买盘
1827,13:20:15,7.88,--,1,788,卖盘
1828,13:20:12,7.88,-0.01,22,17336,卖盘
1829,13:20:09,7.89,0.01,45,35505,买盘
1830,13:20:03,7.88,-0.01,27,21276,卖盘
1831,13:20:00,7.89,--,48,37872,买盘
1832,13:19:57,7.89,0.01,29,22881,买盘
1833,13:19:54,7.88,--,1,788,卖盘
1834,13:19:51,7.88,-0.01,35,27580,卖盘
1835,13:19:48,7.89,0.01,161,127029,买盘
1836,13:19:45,7.88,-0.01,117,92196,卖盘
1837,13:19:42,7.89,0.01,202,159378,买盘
1838,13:19:39,7.88,-0.01,12,9456,卖盘
1839,13:19:36,7.89,0.01,43,33927,买盘
1840,13:19:33,7.88,-0.01,12,9456,卖盘
1841,13:19:30,7.89,0.01,141,111249,买盘
1842,13:19:27,7.88,-0.01,370,291560,卖盘
1843,13:19:24,7.89,--,38,29982,买盘
1844,13:19:21,7.89,0.01,2,1578,买盘
1845,13:19:18,7.88,--,13,10244,卖盘
1846,13:19:15,7.88,--,52,40976,卖盘
1847,13:19:12,7.88,-0.01,70,55160,卖盘
1848,13:19:09,7.89,--,36,28404,买盘
1849,13:19:06,7.89,--,48,37872,买盘
1850,13:19:03,7.89,--,44,34716,买盘
1851,13:19:00,7.89,0.01,2,1578,买盘
1852,13:18:57,7.88,--,22,17336,卖盘
1853,13:18:54,7.88,--,77,60676,卖盘
1854,13:18:51,7.88,--,2,1576,卖盘
1855,13:18:48,7.88,--,12,9456,卖盘
1856,13:18:45,7.88,--,4,3152,买盘
1857,13:18:42,7.88,-0.01,56,44128,卖盘
1858,13:18:39,7.89,--,3,2367,买盘
1859,13:18:30,7.89,--,61,48129,买盘
1860,13:18:27,7.89,0.02,80,63120,买盘
1861,13:18:24,7.87,--,16,12592,卖盘
1862,13:18:21,7.87,--,46,36202,卖盘
1863,13:18:18,7.87,-0.01,5,3935,卖盘
1864,13:18:15,7.88,0.01,3,2364,卖盘
1865,13:18:12,7.87,-0.02,39,30693,卖盘
1866,13:18:09,7.89,0.02,148,116772,买盘
1867,13:18:06,7.87,--,8,6296,卖盘
1868,13:18:03,7.87,--,57,44859,卖盘
1869,13:18:00,7.87,-0.02,212,166844,卖盘
1870,13:17:57,7.89,0.02,48,37872,买盘
1871,13:17:54,7.87,--,2,1574,卖盘
1872,13:17:51,7.87,--,16,12592,卖盘
1873,13:17:48,7.87,-0.01,46,36202,卖盘
1874,13:17:45,7.88,0.01,12,9456,买盘
1875,13:17:39,7.87,-0.01,25,19675,卖盘
1876,13:17:36,7.88,0.01,104,81952,卖盘
1877,13:17:33,7.87,--,1,787,卖盘
1878,13:17:30,7.87,--,24,18888,卖盘
1879,13:17:27,7.87,--,141,110967,卖盘
1880,13:17:24,7.87,--,163,128281,卖盘
1881,13:17:21,7.87,-0.01,19,14953,卖盘
1882,13:17:18,7.88,--,39,30732,买盘
1883,13:17:15,7.88,-0.01,28,22064,卖盘
1884,13:17:12,7.89,0.01,47,37083,买盘
1885,13:17:09,7.88,--,3,2364,卖盘
1886,13:17:06,7.88,--,34,26792,卖盘
1887,13:17:03,7.88,0.01,41,32308,买盘
1888,13:17:00,7.87,--,39,30693,卖盘
1889,13:16:57,7.87,--,120,94440,卖盘
1890,13:16:54,7.87,-0.01,19,14953,卖盘
1891,13:16:51,7.88,0.01,73,57524,买盘
1892,13:16:48,7.87,-0.01,17,13379,卖盘
1893,13:16:45,7.88,--,74,58312,卖盘
1894,13:16:42,7.88,-0.01,21,16548,卖盘
1895,13:16:39,7.89,0.01,43,33927,买盘
1896,13:16:36,7.88,--,10,7880,卖盘
1897,13:16:33,7.88,-0.01,11,8668,卖盘
1898,13:16:30,7.89,0.01,47,37083,买盘
1899,13:16:24,7.88,--,3,2364,卖盘
1900,13:16:21,7.88,-0.01,15,11820,卖盘
1901,13:16:18,7.89,0.01,53,41817,买盘
1902,13:16:15,7.88,--,25,19700,买盘
1903,13:16:12,7.88,0.01,83,65404,买盘
1904,13:16:09,7.87,-0.01,15,11805,卖盘
1905,13:16:06,7.88,0.01,42,33096,买盘
1906,13:16:03,7.87,-0.01,14,11018,卖盘
1907,13:16:00,7.88,--,21,16548,卖盘
1908,13:15:57,7.88,--,141,111108,卖盘
1909,13:15:54,7.88,--,299,235612,买盘
1910,13:15:51,7.88,--,20,15760,买盘
1911,13:15:48,7.88,0.01,1,788,卖盘
1912,13:15:45,7.87,-0.02,64,50368,卖盘
1913,13:15:42,7.89,0.02,51,40239,买盘
1914,13:15:39,7.87,-0.02,2,1574,卖盘
1915,13:15:33,7.89,0.02,49,38661,买盘
1916,13:15:30,7.87,-0.01,17,13379,卖盘
1917,13:15:27,7.88,--,86,67768,卖盘
1918,13:15:24,7.88,--,44,34672,卖盘
1919,13:15:21,7.88,0.01,9,7092,卖盘
1920,13:15:15,7.87,--,25,19675,卖盘
1921,13:15:12,7.87,--,101,79487,卖盘
1922,13:15:09,7.87,-0.01,38,29906,卖盘
1923,13:15:06,7.88,0.01,147,115836,买盘
1924,13:15:03,7.87,-0.01,15,11805,卖盘
1925,13:15:00,7.88,--,42,33096,买盘
1926,13:14:57,7.88,0.01,4,3152,买盘
1927,13:14:54,7.87,--,30,23610,卖盘
1928,13:14:51,7.87,--,105,82635,卖盘
1929,13:14:48,7.87,-0.01,55,43285,卖盘
1930,13:14:45,7.88,0.01,24,18912,买盘
1931,13:14:42,7.87,-0.01,12,9444,卖盘
1932,13:14:39,7.88,--,86,67768,买盘
1933,13:14:36,7.88,--,177,139476,买盘
1934,13:14:30,7.88,--,23,18124,买盘
1935,13:14:27,7.88,--,46,36248,买盘
1936,13:14:24,7.88,0.01,142,111896,买盘
1937,13:14:21,7.87,-0.02,632,497384,卖盘
1938,13:14:18,7.89,0.01,44,34716,买盘
1939,13:14:15,7.88,--,11,8668,卖盘
1940,13:14:12,7.88,--,15,11820,卖盘
1941,13:14:09,7.88,-0.01,73,57524,卖盘
1942,13:14:06,7.89,0.01,44,34716,买盘
1943,13:14:03,7.88,--,8,6304,卖盘
1944,13:13:57,7.88,-0.01,17,13396,卖盘
1945,13:13:54,7.89,0.01,47,37083,买盘
1946,13:13:51,7.88,0.01,40,31520,买盘
1947,13:13:48,7.87,-0.01,113,88931,卖盘
1948,13:13:45,7.88,0.01,41,32308,买盘
1949,13:13:39,7.87,--,16,12592,卖盘
1950,13:13:36,7.87,-0.01,21,16527,卖盘
1951,13:13:33,7.88,--,44,34672,买盘
1952,13:13:30,7.88,--,3,2364,买盘
1953,13:13:27,7.88,--,40,31520,卖盘
1954,13:13:24,7.88,--,15,11820,卖盘
1955,13:13:21,7.88,0.01,51,40188,中性盘
1956,13:13:18,7.87,-0.02,13,10231,卖盘
1957,13:13:15,7.89,0.02,11,8679,买盘
1958,13:13:12,7.87,-0.01,54,42498,卖盘
1959,13:13:09,7.88,0.01,4,3152,中性盘
1960,13:13:03,7.87,-0.02,65,51155,卖盘
1961,13:13:00,7.89,--,72,56808,买盘
1962,13:12:57,7.89,0.01,3,2367,买盘
1963,13:12:54,7.88,--,12,9456,卖盘
1964,13:12:51,7.88,-0.02,13,10244,卖盘
1965,13:12:48,7.9,0.03,42,33180,买盘
1966,13:12:45,7.87,--,69,54303,卖盘
1967,13:12:42,7.87,-0.03,309,243183,卖盘
1968,13:12:39,7.9,0.02,1565,1236350,买盘
1969,13:12:36,7.88,0.01,11,8668,买盘
1970,13:12:33,7.87,--,1,787,卖盘
1971,13:12:30,7.87,-0.02,11,8657,卖盘
1972,13:12:27,7.89,0.02,38,29982,买盘
1973,13:12:24,7.87,--,16,12592,卖盘
1974,13:12:21,7.87,--,1,787,卖盘
1975,13:12:18,7.87,-0.02,21,16527,卖盘
1976,13:12:15,7.89,0.02,50,39450,买盘
1977,13:12:12,7.87,0.01,15,11805,买盘
1978,13:12:09,7.86,-0.01,87,68382,卖盘
1979,13:12:06,7.87,--,65,51155,卖盘
1980,13:12:00,7.87,--,26,20462,卖盘
1981,13:11:57,7.87,--,105,82635,卖盘
1982,13:11:54,7.87,--,436,343132,卖盘
1983,13:11:51,7.87,--,20,15740,卖盘
1984,13:11:48,7.87,--,2,1574,卖盘
1985,13:11:45,7.87,-0.01,19,14953,卖盘
1986,13:11:42,7.88,0.01,45,35460,买盘
1987,13:11:39,7.87,0.01,1,787,卖盘
1988,13:11:36,7.86,--,147,115542,卖盘
1989,13:11:33,7.86,--,690,542340,卖盘
1990,13:11:30,7.86,--,179,140694,卖盘
1991,13:11:27,7.86,--,185,145410,卖盘
1992,13:11:24,7.86,-0.01,802,630372,卖盘
1993,13:11:21,7.87,-0.01,46,36202,卖盘
1994,13:11:18,7.88,--,7,5516,买盘
1995,13:11:15,7.88,--,16,12608,买盘
1996,13:11:12,7.88,--,19,14972,买盘
1997,13:11:09,7.88,0.01,48,37824,买盘
1998,13:11:06,7.87,--,7,5509,卖盘
1999,13:11:03,7.87,--,63,49581,卖盘
2000,13:11:00,7.87,--,263,206981,卖盘
2001,13:10:57,7.87,--,55,43285,卖盘
2002,13:10:54,7.87,--,32,25184,卖盘
2003,13:10:51,7.87,-0.01,15,11805,卖盘
2004,13:10:48,7.88,0.01,44,34672,买盘
2005,13:10:42,7.87,--,4,3148,卖盘
2006,13:10:39,7.87,--,25,19675,卖盘
2007,13:10:36,7.87,-0.01,58,45646,卖盘
2008,13:10:33,7.88,0.01,10,7880,买盘
2009,13:10:30,7.87,--,20,15740,卖盘
2010,13:10:27,7.87,-0.01,25,19675,卖盘
2011,13:10:24,7.88,0.02,40,31520,买盘
2012,13:10:21,7.86,-0.01,22,17292,卖盘
2013,13:10:18,7.87,-0.01,23,18101,卖盘
2014,13:10:15,7.88,0.01,44,34672,买盘
2015,13:10:12,7.87,--,23,18101,买盘
2016,13:10:09,7.87,--,15,11805,卖盘
2017,13:10:06,7.87,-0.01,11,8657,卖盘
2018,13:10:03,7.88,0.01,43,33884,买盘
2019,13:10:00,7.87,0.01,13,10231,卖盘
2020,13:09:57,7.86,-0.01,69,54234,卖盘
2021,13:09:54,7.87,--,49,38563,买盘
2022,13:09:51,7.87,--,56,44072,买盘
2023,13:09:48,7.87,0.01,13,10231,买盘
2024,13:09:45,7.86,-0.01,117,91962,卖盘
2025,13:09:42,7.87,--,374,294338,卖盘
2026,13:09:39,7.87,-0.01,3,2361,卖盘
2027,13:09:36,7.88,0.01,1,788,买盘
2028,13:09:33,7.87,-0.01,43,33841,卖盘
2029,13:09:30,7.88,0.01,133,104804,买盘
2030,13:09:27,7.87,--,11,8657,卖盘
2031,13:09:24,7.87,-0.01,5,3935,中性盘
2032,13:09:18,7.88,0.02,197,155236,买盘
2033,13:09:15,7.86,-0.02,704,553344,卖盘
2034,13:09:12,7.88,0.01,3864,3044832,买盘
2035,13:09:09,7.87,--,83,65321,卖盘
2036,13:09:06,7.87,--,16,12592,卖盘
2037,13:09:03,7.87,--,9,7083,卖盘
2038,13:09:00,7.87,--,16,12592,卖盘
2039,13:08:57,7.87,--,98,77126,卖盘
2040,13:08:54,7.87,--,171,134577,卖盘
2041,13:08:51,7.87,-0.02,325,255775,卖盘
2042,13:08:48,7.89,0.01,44,34716,买盘
2043,13:08:42,7.88,--,3,2364,卖盘
2044,13:08:39,7.88,--,32,25216,卖盘
2045,13:08:36,7.88,-0.01,80,63040,卖盘
2046,13:08:33,7.89,0.01,146,115194,买盘
2047,13:08:30,7.88,--,1,788,卖盘
2048,13:08:27,7.88,--,20,15760,卖盘
2049,13:08:24,7.88,--,52,40976,卖盘
2050,13:08:21,7.88,--,100,78800,卖盘
2051,13:08:18,7.88,--,275,216700,卖盘
2052,13:08:15,7.88,-0.01,25,19700,卖盘
2053,13:08:12,7.89,0.01,42,33138,买盘
2054,13:08:09,7.88,--,3,2364,卖盘
2055,13:08:06,7.88,--,100,78800,卖盘
2056,13:08:03,7.88,--,244,192272,卖盘
2057,13:08:00,7.88,-0.01,1,788,卖盘
2058,13:07:57,7.89,0.01,78,61542,买盘
2059,13:07:54,7.88,--,229,180452,卖盘
2060,13:07:51,7.88,--,160,126080,卖盘
2061,13:07:48,7.88,--,266,209608,卖盘
2062,13:07:45,7.88,-0.01,23,18124,卖盘
2063,13:07:42,7.89,--,18,14202,买盘
2064,13:07:39,7.89,0.01,51,40239,买盘
2065,13:07:36,7.88,-0.01,2,1576,卖盘
2066,13:07:33,7.89,0.01,36,28404,买盘
2067,13:07:30,7.88,-0.01,76,59888,卖盘
2068,13:07:27,7.89,--,98,77322,买盘
2069,13:07:24,7.89,0.01,128,100992,买盘
2070,13:07:21,7.88,-0.01,12,9456,卖盘
2071,13:07:18,7.89,0.01,41,32349,买盘
2072,13:07:15,7.88,--,5,3940,卖盘
2073,13:07:12,7.88,--,1,788,卖盘
2074,13:07:09,7.88,-0.01,36,28368,卖盘
2075,13:07:06,7.89,0.01,148,116772,买盘
2076,13:07:03,7.88,--,2,1576,卖盘
2077,13:07:00,7.88,-0.01,37,29156,卖盘
2078,13:06:57,7.89,--,145,114405,卖盘
2079,13:06:54,7.89,--,2,1578,卖盘
2080,13:06:51,7.89,--,11,8679,卖盘
2081,13:06:48,7.89,--,24,18936,卖盘
2082,13:06:45,7.89,-0.01,63,49707,卖盘
2083,13:06:42,7.9,0.03,131,103490,买盘
2084,13:06:39,7.87,-0.01,418,328966,卖盘
2085,13:06:36,7.88,-0.01,121,95348,卖盘
2086,13:06:33,7.89,--,228,179892,卖盘
2087,13:06:30,7.89,--,600,473400,卖盘
2088,13:06:27,7.89,--,15,11835,卖盘
2089,13:06:24,7.89,--,54,42606,卖盘
2090,13:06:21,7.89,--,7,5523,卖盘
2091,13:06:18,7.89,--,1,789,卖盘
2092,13:06:15,7.89,-0.01,22,17358,卖盘
2093,13:06:12,7.9,--,68,53720,买盘
2094,13:06:09,7.9,--,27,21330,买盘
2095,13:06:06,7.9,0.01,65,51350,买盘
2096,13:06:03,7.89,-0.01,12,9468,卖盘
2097,13:06:00,7.9,0.01,42,33180,买盘
2098,13:05:57,7.89,--,6,4734,卖盘
2099,13:05:54,7.89,-0.01,36,28404,卖盘
2100,13:05:51,7.9,0.01,105,82950,买盘
2101,13:05:48,7.89,--,2,1578,卖盘
2102,13:05:45,7.89,--,8,6312,卖盘
2103,13:05:42,7.89,-0.01,65,51285,卖盘
2104,13:05:39,7.9,--,132,104280,买盘
2105,13:05:36,7.9,0.01,2,1580,买盘
2106,13:05:33,7.89,--,5,3945,卖盘
2107,13:05:30,7.89,-0.01,89,70221,卖盘
2108,13:05:27,7.9,--,377,297830,买盘
2109,13:05:24,7.9,0.01,4,3160,买盘
2110,13:05:21,7.89,-0.01,28,22092,卖盘
2111,13:05:18,7.9,0.01,82,64780,买盘
2112,13:05:15,7.89,-0.01,16,12624,卖盘
2113,13:05:12,7.9,0.01,68,53720,买盘
2114,13:05:09,7.89,--,11,8679,卖盘
2115,13:05:06,7.89,--,56,44184,卖盘
2116,13:05:03,7.89,-0.01,8,6312,卖盘
2117,13:05:00,7.9,--,21,16590,买盘
2118,13:04:57,7.9,0.01,42,33180,买盘
2119,13:04:54,7.89,--,59,46551,卖盘
2120,13:04:51,7.89,--,37,29193,卖盘
2121,13:04:48,7.89,-0.01,38,29982,卖盘
2122,13:04:45,7.9,0.01,152,120080,买盘
2123,13:04:42,7.89,--,4,3156,卖盘
2124,13:04:39,7.89,--,3,2367,卖盘
2125,13:04:36,7.89,0.01,11,8679,卖盘
2126,13:04:33,7.88,-0.01,103,81164,卖盘
2127,13:04:30,7.89,0.01,227,179260,买盘
2128,13:04:27,7.88,--,3,2364,卖盘
2129,13:04:24,7.88,-0.01,36,28368,卖盘
2130,13:04:21,7.89,0.02,41,32349,买盘
2131,13:04:18,7.87,--,71,55877,卖盘
2132,13:04:15,7.87,-0.02,203,159761,卖盘
2133,13:04:12,7.89,0.01,74,58386,买盘
2134,13:04:09,7.88,--,167,131596,卖盘
2135,13:04:06,7.88,--,38,29944,卖盘
2136,13:04:03,7.88,-0.01,18,14184,卖盘
2137,13:04:00,7.89,--,48,37872,买盘
2138,13:03:57,7.89,0.02,11,8679,买盘
2139,13:03:54,7.87,-0.01,78,61386,卖盘
2140,13:03:51,7.88,--,281,221428,卖盘
2141,13:03:48,7.88,--,157,123716,卖盘
2142,13:03:45,7.88,-0.01,166,130808,卖盘
2143,13:03:42,7.89,0.01,609,480501,买盘
2144,13:03:39,7.88,-0.01,20,15760,卖盘
2145,13:03:36,7.89,0.01,43,33927,买盘
2146,13:03:33,7.88,--,1,788,卖盘
2147,13:03:30,7.88,-0.01,21,16548,卖盘
2148,13:03:27,7.89,0.01,85,67065,买盘
2149,13:03:24,7.88,--,17,13396,卖盘
2150,13:03:21,7.88,--,20,15760,卖盘
2151,13:03:18,7.88,--,48,37824,卖盘
2152,13:03:15,7.88,--,45,35460,买盘
2153,13:03:12,7.88,0.01,9,7092,卖盘
2154,13:03:09,7.87,-0.01,60,47220,卖盘
2155,13:03:06,7.88,--,271,213548,买盘
2156,13:03:03,7.88,--,51,40188,买盘
2157,13:03:00,7.88,--,9,7092,买盘
2158,13:02:57,7.88,--,26,20488,买盘
2159,13:02:54,7.88,0.01,48,37824,买盘
2160,13:02:48,7.87,-0.01,61,48007,卖盘
2161,13:02:45,7.88,--,281,221428,卖盘
2162,13:02:42,7.88,--,43,33884,卖盘
2163,13:02:39,7.88,--,26,20488,卖盘
2164,13:02:36,7.88,0.01,99,78012,卖盘
2165,13:02:33,7.87,-0.02,17,13379,卖盘
2166,13:02:30,7.89,0.02,66,52074,买盘
2167,13:02:27,7.87,--,5,3935,卖盘
2168,13:02:24,7.87,-0.01,14,11018,卖盘
2169,13:02:21,7.88,0.01,49,38612,中性盘
2170,13:02:15,7.87,--,1,787,卖盘
2171,13:02:12,7.87,--,16,12592,卖盘
2172,13:02:09,7.87,-0.02,127,99949,卖盘
2173,13:02:06,7.89,0.01,307,242223,买盘
2174,13:02:03,7.88,0.01,24,18912,买盘
2175,13:02:00,7.87,-0.01,26,20462,卖盘
2176,13:01:57,7.88,0.01,56,44128,买盘
2177,13:01:54,7.87,--,5,3935,卖盘
2178,13:01:51,7.87,--,3,2361,卖盘
2179,13:01:48,7.87,--,94,73978,卖盘
2180,13:01:45,7.87,-0.01,220,173140,卖盘
2181,13:01:42,7.88,--,10,7880,卖盘
2182,13:01:39,7.88,--,17,13396,卖盘
2183,13:01:36,7.88,--,42,33096,卖盘
2184,13:01:30,7.88,0.01,21,16548,卖盘
2185,13:01:27,7.87,-0.02,11,8657,卖盘
2186,13:01:24,7.89,0.02,44,34716,买盘
2187,13:01:21,7.87,--,1,787,卖盘
2188,13:01:18,7.87,-0.02,25,19675,卖盘
2189,13:01:15,7.89,--,92,72588,买盘
2190,13:01:09,7.89,0.02,15,11835,买盘
2191,13:01:06,7.87,-0.02,29,22823,卖盘
2192,13:01:03,7.89,0.01,129,101781,买盘
2193,13:00:57,7.88,--,2,1576,卖盘
2194,13:00:54,7.88,--,14,11032,卖盘
2195,13:00:51,7.88,--,55,43340,卖盘
2196,13:00:45,7.88,-0.01,13,10244,卖盘
2197,13:00:42,7.89,0.01,42,33138,买盘
2198,13:00:39,7.88,0.01,1,788,买盘
2199,13:00:36,7.87,--,4,3148,卖盘
2200,13:00:33,7.87,-0.01,25,19675,卖盘
2201,13:00:30,7.88,0.01,113,89044,买盘
2202,13:00:27,7.87,-0.01,35,27545,卖盘
2203,13:00:24,7.88,--,133,104804,卖盘
2204,13:00:21,7.88,-0.01,32,25216,卖盘
2205,13:00:18,7.89,0.01,45,35505,买盘
2206,13:00:12,7.88,--,50,39400,卖盘
2207,13:00:09,7.88,--,211,166268,卖盘
2208,13:00:06,7.88,--,649,511412,买盘
2209,13:00:03,7.88,0.01,2786,2195368,买盘
2210,13:00:00,7.87,--,0,0,卖盘
2211,11:30:00,7.87,-0.02,47,36989,卖盘
2212,11:29:57,7.89,0.01,95,74955,买盘
2213,11:29:54,7.88,--,163,128444,卖盘
2214,11:29:51,7.88,-0.01,205,161540,卖盘
2215,11:29:48,7.89,--,12,9468,买盘
2216,11:29:45,7.89,0.01,65,51285,买盘
2217,11:29:42,7.88,--,121,95348,卖盘
2218,11:29:39,7.88,--,131,103228,买盘
2219,11:29:36,7.88,0.01,114,89832,买盘
2220,11:29:33,7.87,-0.01,11,8657,卖盘
2221,11:29:30,7.88,0.01,57,44916,买盘
2222,11:29:27,7.87,--,1,787,卖盘
2223,11:29:24,7.87,--,52,40924,卖盘
2224,11:29:21,7.87,--,3,2361,卖盘
2225,11:29:15,7.87,--,54,42498,卖盘
2226,11:29:12,7.87,--,54,42498,卖盘
2227,11:29:09,7.87,--,31,24397,卖盘
2228,11:29:06,7.87,-0.01,78,61386,卖盘
2229,11:29:03,7.88,--,43,33884,买盘
2230,11:29:00,7.88,0.01,46,36248,买盘
2231,11:28:57,7.87,-0.01,148,116476,卖盘
2232,11:28:54,7.88,0.01,35,27580,买盘
2233,11:28:51,7.87,-0.01,44,34628,卖盘
2234,11:28:48,7.88,0.01,10,7880,买盘
2235,11:28:45,7.87,-0.01,1,787,卖盘
2236,11:28:42,7.88,--,21,16548,买盘
2237,11:28:39,7.88,0.01,41,32308,买盘
2238,11:28:36,7.87,--,7,5509,卖盘
2239,11:28:33,7.87,--,10,7870,卖盘
2240,11:28:30,7.87,-0.01,61,48007,卖盘
2241,11:28:27,7.88,--,46,36248,买盘
2242,11:28:24,7.88,0.01,3,2364,买盘
2243,11:28:21,7.87,-0.01,48,37776,卖盘
2244,11:28:18,7.88,0.01,42,33096,买盘
2245,11:28:12,7.87,--,1,787,卖盘
2246,11:28:09,7.87,-0.02,16,12592,卖盘
2247,11:28:06,7.89,0.03,41,32349,买盘
2248,11:28:03,7.86,--,42,33012,卖盘
2249,11:28:00,7.86,--,184,144624,卖盘
2250,11:27:57,7.86,-0.02,581,456666,卖盘
2251,11:27:54,7.88,0.02,2726,2148088,买盘
2252,11:27:51,7.86,--,38,29868,卖盘
2253,11:27:48,7.86,--,86,67596,卖盘
2254,11:27:45,7.86,--,79,62094,卖盘
2255,11:27:42,7.86,-0.01,109,85674,卖盘
2256,11:27:39,7.87,0.01,77,60599,买盘
2257,11:27:36,7.86,-0.01,42,33012,卖盘
2258,11:27:33,7.87,0.01,45,35415,买盘
2259,11:27:27,7.86,-0.01,13,10218,卖盘
2260,11:27:24,7.87,--,13,10231,买盘
2261,11:27:21,7.87,0.01,39,30693,买盘
2262,11:27:18,7.86,--,14,11004,卖盘
2263,11:27:15,7.86,-0.01,66,51876,卖盘
2264,11:27:12,7.87,0.01,46,36202,买盘
2265,11:27:09,7.86,--,54,42444,卖盘
2266,11:27:06,7.86,-0.01,175,137550,卖盘
2267,11:27:03,7.87,--,838,659506,卖盘
2268,11:27:00,7.87,-0.01,72,56664,卖盘
2269,11:26:57,7.88,0.01,77,60676,买盘
2270,11:26:54,7.87,--,17,13379,卖盘
2271,11:26:51,7.87,-0.01,36,28332,卖盘
2272,11:26:48,7.88,0.01,55,43340,买盘
2273,11:26:45,7.87,-0.01,78,61386,卖盘
2274,11:26:42,7.88,0.01,108,85104,买盘
2275,11:26:39,7.87,--,91,71617,卖盘
2276,11:26:33,7.87,-0.01,16,12592,卖盘
2277,11:26:30,7.88,--,56,44128,买盘
2278,11:26:27,7.88,0.01,41,32308,买盘
2279,11:26:24,7.87,--,2,1574,卖盘
2280,11:26:21,7.87,--,2,1574,卖盘
2281,11:26:18,7.87,-0.01,17,13379,卖盘
2282,11:26:15,7.88,0.01,40,31520,买盘
2283,11:26:09,7.87,--,51,40137,卖盘
2284,11:26:06,7.87,--,58,45646,卖盘
2285,11:26:03,7.87,--,15,11805,卖盘
2286,11:26:00,7.87,--,2,1574,卖盘
2287,11:25:57,7.87,-0.01,36,28332,卖盘
2288,11:25:54,7.88,0.01,67,52796,买盘
2289,11:25:51,7.87,--,119,93653,卖盘
2290,11:25:48,7.87,--,12,9444,卖盘
2291,11:25:45,7.87,-0.01,2,1574,卖盘
2292,11:25:42,7.88,0.01,40,31520,买盘
2293,11:25:39,7.87,-0.01,25,19675,卖盘
2294,11:25:36,7.88,0.01,136,107168,买盘
2295,11:25:33,7.87,--,84,66108,卖盘
2296,11:25:27,7.87,--,23,18101,卖盘
2297,11:25:24,7.87,--,20,15740,卖盘
2298,11:25:21,7.87,-0.01,98,77126,卖盘
2299,11:25:18,7.88,--,171,134748,买盘
2300,11:25:15,7.88,0.01,15,11820,买盘
2301,11:25:12,7.87,-0.01,12,9444,卖盘
2302,11:25:09,7.88,0.01,39,30732,买盘
2303,11:25:06,7.87,-0.01,2,1574,卖盘
2304,11:25:03,7.88,--,22,17336,买盘
2305,11:25:00,7.88,0.01,44,34672,买盘
2306,11:24:57,7.87,-0.01,25,19675,中性盘
2307,11:24:54,7.88,0.02,147,115836,买盘
2308,11:24:51,7.86,-0.01,160,125760,卖盘
2309,11:24:48,7.87,--,200,157400,卖盘
2310,11:24:45,7.87,-0.01,7,5509,卖盘
2311,11:24:42,7.88,0.01,6,4728,买盘
2312,11:24:39,7.87,-0.01,22,17314,卖盘
2313,11:24:36,7.88,--,82,64616,买盘
2314,11:24:33,7.88,0.02,214,168632,买盘
2315,11:24:30,7.86,--,1030,809580,卖盘
2316,11:24:27,7.86,-0.02,67,52662,卖盘
2317,11:24:24,7.88,0.01,2,1576,买盘
2318,11:24:21,7.87,--,4,3148,买盘
2319,11:24:18,7.87,0.01,26,20462,卖盘
2320,11:24:15,7.86,-0.02,109,85674,卖盘
2321,11:24:12,7.88,--,357,281316,买盘
2322,11:24:09,7.88,0.01,24,18912,买盘
2323,11:24:06,7.87,--,16,12592,卖盘
2324,11:24:03,7.87,--,44,34628,卖盘
2325,11:24:00,7.87,--,41,32267,卖盘
2326,11:23:57,7.87,--,116,91292,卖盘
2327,11:23:54,7.87,0.01,268,210916,买盘
2328,11:23:51,7.86,--,21,16506,卖盘
2329,11:23:48,7.86,--,24,18864,卖盘
2330,11:23:45,7.86,-0.01,73,57378,卖盘
2331,11:23:42,7.87,--,216,169992,买盘
2332,11:23:39,7.87,--,44,34628,卖盘
2333,11:23:36,7.87,--,1,787,卖盘
2334,11:23:33,7.87,-0.01,28,22036,卖盘
2335,11:23:30,7.88,0.01,62,48856,买盘
2336,11:23:27,7.87,--,115,90505,卖盘
2337,11:23:24,7.87,--,46,36202,卖盘
2338,11:23:21,7.87,--,66,51942,卖盘
2339,11:23:18,7.87,--,32,25184,卖盘
2340,11:23:15,7.87,0.01,185,145595,买盘
2341,11:23:12,7.86,--,74,58164,卖盘
2342,11:23:09,7.86,-0.01,58,45588,卖盘
2343,11:23:06,7.87,--,37,29119,买盘
2344,11:23:03,7.87,--,1,787,买盘
2345,11:23:00,7.87,--,37,29119,买盘
2346,11:22:57,7.87,0.01,108,84996,买盘
2347,11:22:54,7.86,-0.01,38,29868,卖盘
2348,11:22:51,7.87,0.01,61,48007,买盘
2349,11:22:48,7.86,--,205,161130,卖盘
2350,11:22:45,7.86,-0.01,881,692466,卖盘
2351,11:22:42,7.87,--,21,16527,买盘
2352,11:22:39,7.87,0.01,55,43285,买盘
2353,11:22:36,7.86,-0.01,59,46374,卖盘
2354,11:22:33,7.87,--,63,49581,买盘
2355,11:22:30,7.87,0.01,237,186519,买盘
2356,11:22:27,7.86,-0.01,46,36156,卖盘
2357,11:22:24,7.87,0.01,101,79487,买盘
2358,11:22:21,7.86,--,21,16506,卖盘
2359,11:22:18,7.86,-0.01,17,13362,卖盘
2360,11:22:15,7.87,--,54,42498,买盘
2361,11:22:12,7.87,0.01,19,14953,买盘
2362,11:22:06,7.86,--,14,11004,卖盘
2363,11:22:03,7.86,--,51,40086,卖盘
2364,11:22:00,7.86,--,14,11004,卖盘
2365,11:21:57,7.86,--,63,49518,卖盘
2366,11:21:54,7.86,--,225,176850,卖盘
2367,11:21:51,7.86,-0.01,55,43230,卖盘
2368,11:21:48,7.87,0.01,31,24397,买盘
2369,11:21:45,7.86,--,29,22794,卖盘
2370,11:21:42,7.86,-0.01,13,10218,卖盘
2371,11:21:39,7.87,0.01,63,49581,买盘
2372,11:21:36,7.86,--,75,58950,卖盘
2373,11:21:33,7.86,-0.01,136,106896,卖盘
2374,11:21:30,7.87,--,54,42498,买盘
2375,11:21:24,7.87,--,145,114115,卖盘
2376,11:21:21,7.87,-0.01,4,3148,卖盘
2377,11:21:18,7.88,0.01,47,37036,买盘
2378,11:21:15,7.87,--,1,787,卖盘
2379,11:21:12,7.87,--,95,74765,卖盘
2380,11:21:09,7.87,--,10,7870,卖盘
2381,11:21:06,7.87,--,76,59812,买盘
2382,11:21:03,7.87,--,10,7870,卖盘
2383,11:21:00,7.87,--,115,90505,卖盘
2384,11:20:57,7.87,--,59,46433,卖盘
2385,11:20:54,7.87,--,10,7870,卖盘
2386,11:20:51,7.87,--,2,1574,卖盘
2387,11:20:48,7.87,-0.01,61,48007,卖盘
2388,11:20:45,7.88,0.01,41,32308,买盘
2389,11:20:42,7.87,--,221,173927,卖盘
2390,11:20:39,7.87,--,9,7083,买盘
2391,11:20:36,7.87,--,303,238461,买盘
2392,11:20:33,7.87,--,90,70830,买盘
2393,11:20:30,7.87,--,33,25971,买盘
2394,11:20:27,7.87,--,100,78700,买盘
2395,11:20:24,7.87,0.01,54,42498,买盘
2396,11:20:21,7.86,--,788,619368,卖盘
2397,11:20:18,7.86,--,41,32226,卖盘
2398,11:20:12,7.86,-0.01,89,69954,卖盘
2399,11:20:09,7.87,0.01,395,310865,买盘
2400,11:20:06,7.86,-0.01,9,7074,卖盘
2401,11:20:03,7.87,--,111,87357,买盘
2402,11:20:00,7.87,0.01,64,50368,买盘
2403,11:19:57,7.86,--,1,786,卖盘
2404,11:19:51,7.86,-0.02,307,241302,卖盘
2405,11:19:48,7.88,0.01,36,28368,买盘
2406,11:19:45,7.87,0.01,83,65321,买盘
2407,11:19:42,7.86,-0.01,5021,3946506,卖盘
2408,11:19:39,7.87,--,54,42498,卖盘
2409,11:19:36,7.87,--,26,20462,卖盘
2410,11:19:30,7.87,-0.01,52,40924,卖盘
2411,11:19:27,7.88,0.01,64,50432,买盘
2412,11:19:24,7.87,--,29,22823,卖盘
2413,11:19:21,7.87,--,42,33054,卖盘
2414,11:19:18,7.87,--,75,59025,卖盘
2415,11:19:12,7.87,-0.01,3,2361,卖盘
2416,11:19:09,7.88,0.01,199,156812,买盘
2417,11:19:06,7.87,0.01,182,143234,买盘
2418,11:19:03,7.86,--,43,33798,卖盘
2419,11:19:00,7.86,-0.01,7,5502,卖盘
2420,11:18:57,7.87,--,141,110967,买盘
2421,11:18:54,7.87,0.01,73,57451,买盘
2422,11:18:51,7.86,-0.01,1,786,卖盘
2423,11:18:48,7.87,0.01,14,11018,买盘
2424,11:18:45,7.86,--,67,52662,卖盘
2425,11:18:42,7.86,--,8,6288,卖盘
2426,11:18:39,7.86,-0.01,23,18078,卖盘
2427,11:18:36,7.87,--,172,135364,卖盘
2428,11:18:33,7.87,--,468,368316,卖盘
2429,11:18:30,7.87,--,36,28332,卖盘
2430,11:18:27,7.87,--,3,2361,卖盘
2431,11:18:24,7.87,-0.01,6,4722,卖盘
2432,11:18:21,7.88,0.01,111,87468,买盘
2433,11:18:18,7.87,--,80,62960,卖盘
2434,11:18:15,7.87,0.01,65,51155,买盘
2435,11:18:12,7.86,-0.02,69,54234,卖盘
2436,11:18:09,7.88,0.01,481,379028,买盘
2437,11:18:06,7.87,--,11,8657,卖盘
2438,11:18:03,7.87,0.01,179,140873,买盘
2439,11:18:00,7.86,--,76,59736,卖盘
2440,11:17:57,7.86,--,23,18078,卖盘
2441,11:17:54,7.86,-0.01,77,60522,卖盘
2442,11:17:51,7.87,--,2,1574,卖盘
2443,11:17:48,7.87,0.01,115,90977,买盘
2444,11:17:45,7.86,--,176,138336,卖盘
2445,11:17:42,7.86,--,47,36942,卖盘
2446,11:17:39,7.86,--,345,271170,卖盘
2447,11:17:36,7.86,--,242,190212,卖盘
2448,11:17:30,7.86,--,54,42444,卖盘
2449,11:17:27,7.86,--,71,55806,卖盘
2450,11:17:24,7.86,--,233,183138,卖盘
2451,11:17:21,7.86,--,50,39300,卖盘
2452,11:17:18,7.86,--,53,41658,卖盘
2453,11:17:15,7.86,--,58,45588,卖盘
2454,11:17:12,7.86,--,4,3144,卖盘
2455,11:17:09,7.86,--,21,16506,卖盘
2456,11:17:06,7.86,-0.01,14,11004,卖盘
2457,11:17:03,7.87,0.01,82,64534,买盘
2458,11:17:00,7.86,--,28,22008,卖盘
2459,11:16:57,7.86,--,1,786,卖盘
2460,11:16:54,7.86,--,468,367848,卖盘
2461,11:16:51,7.86,--,292,229512,卖盘
2462,11:16:45,7.86,-0.01,8,6288,卖盘
2463,11:16:42,7.87,0.01,165,129855,买盘
2464,11:16:36,7.86,--,23,18078,卖盘
2465,11:16:33,7.86,--,172,135192,卖盘
2466,11:16:30,7.86,-0.01,13,10218,卖盘
2467,11:16:27,7.87,--,17,13379,买盘
2468,11:16:24,7.87,--,496,390666,卖盘
2469,11:16:21,7.87,-0.01,90,70830,卖盘
2470,11:16:18,7.88,0.01,164,129232,买盘
2471,11:16:15,7.87,--,17,13379,卖盘
2472,11:16:12,7.87,-0.01,11,8657,卖盘
2473,11:16:09,7.88,0.01,48,37824,买盘
2474,11:16:06,7.87,--,51,40137,卖盘
2475,11:16:03,7.87,--,12,9444,卖盘
2476,11:16:00,7.87,--,57,44859,卖盘
2477,11:15:57,7.87,--,20,15740,卖盘
2478,11:15:54,7.87,--,13,10231,卖盘
2479,11:15:51,7.87,-0.01,1,787,卖盘
2480,11:15:48,7.88,0.01,39,30732,买盘
2481,11:15:45,7.87,--,36,28332,卖盘
2482,11:15:42,7.87,--,5,3935,卖盘
2483,11:15:39,7.87,-0.01,13,10231,卖盘
2484,11:15:36,7.88,0.01,41,32308,买盘
2485,11:15:33,7.87,--,62,48794,卖盘
2486,11:15:30,7.87,-0.01,7,5509,卖盘
2487,11:15:27,7.88,0.01,41,32308,买盘
2488,11:15:24,7.87,-0.01,141,110967,卖盘
2489,11:15:21,7.88,0.01,18,14184,买盘
2490,11:15:18,7.87,--,39,30693,卖盘
2491,11:15:15,7.87,--,66,51942,卖盘
2492,11:15:12,7.87,--,4,3148,卖盘
2493,11:15:09,7.87,--,4,3148,卖盘
2494,11:15:06,7.87,--,24,18888,卖盘
2495,11:15:03,7.87,--,265,208555,卖盘
2496,11:15:00,7.87,--,8,6296,卖盘
2497,11:14:57,7.87,-0.01,106,83422,卖盘
2498,11:14:51,7.88,0.01,72,56736,买盘
2499,11:14:45,7.87,-0.01,22,17314,卖盘
2500,11:14:42,7.88,--,45,35460,买盘
2501,11:14:39,7.88,--,25,19700,买盘
2502,11:14:33,7.88,0.01,31,24428,买盘
2503,11:14:30,7.87,--,69,54303,卖盘
2504,11:14:24,7.87,-0.01,100,78700,卖盘
2505,11:14:21,7.88,--,4,3152,买盘
2506,11:14:18,7.88,0.01,343,270284,买盘
2507,11:14:15,7.87,--,65,51155,卖盘
2508,11:14:12,7.87,--,7,5509,卖盘
2509,11:14:09,7.87,--,47,36989,卖盘
2510,11:14:06,7.87,--,13,10231,卖盘
2511,11:14:00,7.87,--,68,53988,卖盘
2512,11:13:57,7.87,0.01,98,77126,买盘
2513,11:13:54,7.86,--,31,24366,卖盘
2514,11:13:51,7.86,-0.02,8,6288,卖盘
2515,11:13:48,7.88,0.01,148,116624,买盘
2516,11:13:45,7.87,--,1612,1268644,卖盘
2517,11:13:42,7.87,-0.01,15,11805,卖盘
2518,11:13:39,7.88,0.01,101,79588,买盘
2519,11:13:36,7.87,--,45,35415,卖盘
2520,11:13:30,7.87,--,1,787,卖盘
2521,11:13:27,7.87,-0.02,3,2361,卖盘
2522,11:13:24,7.89,--,43,33927,买盘
2523,11:13:21,7.89,--,5040,3976560,买盘
2524,11:13:15,7.89,--,65,51285,买盘
2525,11:13:12,7.89,0.02,123,97047,买盘
2526,11:13:09,7.87,-0.01,7,5509,卖盘
2527,11:13:06,7.88,0.01,327,257676,买盘
2528,11:13:03,7.87,--,137,107819,卖盘
2529,11:13:00,7.87,--,588,462756,卖盘
2530,11:12:57,7.87,-0.01,20,15740,卖盘
2531,11:12:54,7.88,0.01,56,44128,买盘
2532,11:12:51,7.87,--,165,129855,卖盘
2533,11:12:45,7.87,--,6,4722,卖盘
2534,11:12:42,7.87,--,45,35415,卖盘
2535,11:12:39,7.87,--,49,38563,卖盘
2536,11:12:36,7.87,--,2,1574,卖盘
2537,11:12:33,7.87,-0.01,33,25971,卖盘
2538,11:12:30,7.88,--,141,111108,买盘
2539,11:12:27,7.88,0.01,7,5516,买盘
2540,11:12:24,7.87,-0.01,2,1574,卖盘
2541,11:12:21,7.88,--,246,193848,买盘
2542,11:12:18,7.88,--,198,156024,买盘
2543,11:12:15,7.88,0.01,69,54372,买盘
2544,11:12:09,7.87,-0.01,12,9444,卖盘
2545,11:12:06,7.88,0.01,43,33884,买盘
2546,11:12:00,7.87,-0.01,139,109393,卖盘
2547,11:11:57,7.88,0.01,44,34672,买盘
2548,11:11:54,7.87,--,1,787,卖盘
2549,11:11:51,7.87,-0.01,143,112541,卖盘
2550,11:11:48,7.88,0.01,306,241128,买盘
2551,11:11:45,7.87,--,65,51155,卖盘
2552,11:11:42,7.87,-0.01,20,15740,卖盘
2553,11:11:39,7.88,0.01,105,82740,买盘
2554,11:11:36,7.87,-0.01,132,103884,卖盘
2555,11:11:33,7.88,--,55,43340,买盘
2556,11:11:30,7.88,0.01,81,63828,买盘
2557,11:11:27,7.87,-0.01,41,32267,卖盘
2558,11:11:24,7.88,0.01,146,115048,买盘
2559,11:11:21,7.87,-0.01,12,9444,卖盘
2560,11:11:18,7.88,0.01,213,167844,买盘
2561,11:11:15,7.87,-0.01,1,787,卖盘
2562,11:11:12,7.88,0.01,51,40188,买盘
2563,11:11:09,7.87,-0.01,42,33054,卖盘
2564,11:11:06,7.88,--,9,7092,买盘
2565,11:11:03,7.88,0.01,367,289196,买盘
2566,11:11:00,7.87,--,91,71617,卖盘
2567,11:10:57,7.87,-0.01,21,16527,卖盘
2568,11:10:54,7.88,0.01,155,122140,买盘
2569,11:10:51,7.87,--,58,45646,卖盘
2570,11:10:48,7.87,--,13,10231,卖盘
2571,11:10:45,7.87,--,1,787,卖盘
2572,11:10:42,7.87,-0.01,1,787,卖盘
2573,11:10:39,7.88,0.01,52,40976,买盘
2574,11:10:36,7.87,--,2,1574,卖盘
2575,11:10:33,7.87,-0.01,18,14166,卖盘
2576,11:10:27,7.88,--,44,34672,买盘
2577,11:10:24,7.88,0.01,10,7880,买盘
2578,11:10:21,7.87,--,18,14166,卖盘
2579,11:10:18,7.87,--,174,136938,卖盘
2580,11:10:15,7.87,--,20,15740,卖盘
2581,11:10:12,7.87,-0.01,21,16527,卖盘
2582,11:10:09,7.88,0.01,10,7880,买盘
2583,11:10:06,7.87,--,41,32267,卖盘
2584,11:10:00,7.87,--,342,269154,卖盘
2585,11:09:57,7.87,--,26,20462,卖盘
2586,11:09:54,7.87,-0.01,42,33054,卖盘
2587,11:09:51,7.88,--,208,163904,买盘
2588,11:09:48,7.88,0.01,86,67768,买盘
2589,11:09:45,7.87,--,160,125920,卖盘
2590,11:09:42,7.87,--,7,5509,卖盘
2591,11:09:36,7.87,-0.01,20,15740,卖盘
2592,11:09:33,7.88,0.01,92,72496,买盘
2593,11:09:27,7.87,--,35,27545,卖盘
2594,11:09:24,7.87,--,50,39350,卖盘
2595,11:09:21,7.87,--,220,173140,卖盘
2596,11:09:18,7.87,--,1,787,卖盘
2597,11:09:12,7.87,--,62,48794,卖盘
2598,11:09:09,7.87,--,53,41711,卖盘
2599,11:09:06,7.87,--,3,2361,卖盘
2600,11:09:03,7.87,-0.01,8,6296,卖盘
2601,11:09:00,7.88,--,49,38612,买盘
2602,11:08:54,7.88,0.01,12,9456,买盘
2603,11:08:51,7.87,-0.01,13,10231,卖盘
2604,11:08:48,7.88,0.01,45,35460,买盘
2605,11:08:45,7.87,-0.01,45,35415,卖盘
2606,11:08:42,7.88,0.01,38,29944,买盘
2607,11:08:39,7.87,-0.01,3,2361,卖盘
2608,11:08:36,7.88,--,79,62252,买盘
2609,11:08:33,7.88,--,3,2364,买盘
2610,11:08:27,7.88,--,81,63828,买盘
2611,11:08:24,7.88,--,82,64616,买盘
2612,11:08:21,7.88,0.01,20,15760,买盘
2613,11:08:18,7.87,-0.01,29,22823,卖盘
2614,11:08:15,7.88,--,596,469648,买盘
2615,11:08:12,7.88,--,396,312048,买盘
2616,11:08:09,7.88,0.01,1,788,买盘
2617,11:08:06,7.87,--,91,71617,卖盘
2618,11:08:03,7.87,-0.01,52,40924,卖盘
2619,11:08:00,7.88,--,6,4728,买盘
2620,11:07:57,7.88,--,5,3940,买盘
2621,11:07:54,7.88,--,39,30732,买盘
2622,11:07:51,7.88,--,67,52796,买盘
2623,11:07:48,7.88,0.01,113,89044,买盘
2624,11:07:45,7.87,-0.01,81,63747,卖盘
2625,11:07:42,7.88,0.01,45,35460,买盘
2626,11:07:39,7.87,-0.01,4,3148,卖盘
2627,11:07:36,7.88,0.01,138,108744,买盘
2628,11:07:33,7.87,-0.01,251,197537,卖盘
2629,11:07:30,7.88,0.01,48,37824,买盘
2630,11:07:27,7.87,--,1,787,卖盘
2631,11:07:21,7.87,-0.01,51,40137,卖盘
2632,11:07:18,7.88,--,37,29156,买盘
2633,11:07:15,7.88,0.01,138,108744,买盘
2634,11:07:12,7.87,-0.01,20,15740,卖盘
2635,11:07:09,7.88,0.01,69,54372,买盘
2636,11:07:06,7.87,--,2,1574,卖盘
2637,11:07:03,7.87,--,7,5509,卖盘
2638,11:07:00,7.87,--,396,311652,卖盘
2639,11:06:57,7.87,-0.01,51,40137,卖盘
2640,11:06:51,7.88,0.01,3,2364,买盘
2641,11:06:48,7.87,--,54,42498,卖盘
2642,11:06:45,7.87,--,2,1574,卖盘
2643,11:06:42,7.87,--,100,78700,卖盘
2644,11:06:36,7.87,-0.01,68,53516,卖盘
2645,11:06:33,7.88,0.01,5,3940,买盘
2646,11:06:27,7.87,-0.01,13,10231,卖盘
2647,11:06:24,7.88,0.01,40,31520,买盘
2648,11:06:21,7.87,--,25,19675,卖盘
2649,11:06:18,7.87,-0.01,26,20462,卖盘
2650,11:06:15,7.88,--,39,30732,买盘
2651,11:06:12,7.88,--,1,788,买盘
2652,11:06:09,7.88,0.01,20,15760,买盘
2653,11:06:06,7.87,--,29,22823,卖盘
2654,11:06:03,7.87,-0.01,63,49581,卖盘
2655,11:06:00,7.88,0.01,8,6304,买盘
2656,11:05:57,7.87,--,115,90505,卖盘
2657,11:05:54,7.87,-0.01,472,371464,卖盘
2658,11:05:51,7.88,0.01,47,37036,买盘
2659,11:05:48,7.87,--,10,7870,卖盘
2660,11:05:45,7.87,-0.01,13,10231,卖盘
2661,11:05:42,7.88,0.01,82,64616,买盘
2662,11:05:39,7.87,--,52,40924,卖盘
2663,11:05:36,7.87,--,28,22036,卖盘
2664,11:05:33,7.87,--,146,114902,卖盘
2665,11:05:30,7.87,--,126,99162,卖盘
2666,11:05:27,7.87,--,1,787,卖盘
2667,11:05:24,7.87,--,201,158187,卖盘
2668,11:05:21,7.87,-0.01,1,787,卖盘
2669,11:05:18,7.88,--,45,35460,买盘
2670,11:05:12,7.88,0.01,29,22852,买盘
2671,11:05:09,7.87,-0.01,80,62960,卖盘
2672,11:05:06,7.88,--,69,54372,买盘
2673,11:05:00,7.88,--,34,26792,买盘
2674,11:04:57,7.88,--,55,43340,买盘
2675,11:04:54,7.88,0.01,10,7880,买盘
2676,11:04:51,7.87,--,3,2361,卖盘
2677,11:04:48,7.87,--,21,16527,卖盘
2678,11:04:45,7.87,-0.01,39,30693,卖盘
2679,11:04:42,7.88,0.01,53,41764,买盘
2680,11:04:39,7.87,-0.01,12,9444,卖盘
2681,11:04:36,7.88,0.01,65,51220,买盘
2682,11:04:33,7.87,-0.01,1,787,卖盘
2683,11:04:30,7.88,0.01,9,7092,买盘
2684,11:04:27,7.87,--,50,39350,卖盘
2685,11:04:24,7.87,--,330,259710,卖盘
2686,11:04:21,7.87,--,27,21249,卖盘
2687,11:04:18,7.87,-0.01,77,60599,卖盘
2688,11:04:15,7.88,0.01,67,52796,买盘
2689,11:04:12,7.87,--,101,79487,卖盘
2690,11:04:09,7.87,--,2,1574,卖盘
2691,11:04:06,7.87,-0.01,18,14166,卖盘
2692,11:04:03,7.88,--,34,26792,买盘
2693,11:04:00,7.88,0.01,344,271072,买盘
2694,11:03:57,7.87,-0.01,106,83422,卖盘
2695,11:03:54,7.88,--,3,2364,买盘
2696,11:03:51,7.88,0.01,63,49644,买盘
2697,11:03:48,7.87,-0.01,70,55090,卖盘
2698,11:03:45,7.88,0.01,53,41764,买盘
2699,11:03:42,7.87,--,23,18101,卖盘
2700,11:03:39,7.87,-0.01,67,52729,卖盘
2701,11:03:36,7.88,--,14,11032,买盘
2702,11:03:33,7.88,0.01,32,25216,买盘
2703,11:03:30,7.87,--,62,48794,卖盘
2704,11:03:27,7.87,--,17,13379,卖盘
2705,11:03:24,7.87,--,166,130642,卖盘
2706,11:03:21,7.87,--,116,91292,卖盘
2707,11:03:18,7.87,--,46,36202,卖盘
2708,11:03:15,7.87,--,40,31480,卖盘
2709,11:03:12,7.87,--,30,23610,卖盘
2710,11:03:09,7.87,-0.01,237,186519,卖盘
2711,11:03:06,7.88,--,94,74072,买盘
2712,11:03:03,7.88,0.01,39,30732,买盘
2713,11:03:00,7.87,--,64,50368,卖盘
2714,11:02:57,7.87,-0.01,13,10231,卖盘
2715,11:02:54,7.88,0.01,51,40188,买盘
2716,11:02:51,7.87,--,13,10231,卖盘
2717,11:02:48,7.87,-0.01,48,37776,卖盘
2718,11:02:45,7.88,0.01,37,29156,买盘
2719,11:02:42,7.87,--,10,7870,卖盘
2720,11:02:39,7.87,--,92,72404,买盘
2721,11:02:36,7.87,0.01,391,307717,买盘
2722,11:02:33,7.86,-0.01,270,212220,卖盘
2723,11:02:30,7.87,--,5,3935,买盘
2724,11:02:27,7.87,--,162,127494,买盘
2725,11:02:24,7.87,--,297,233739,买盘
2726,11:02:21,7.87,--,432,339984,卖盘
2727,11:02:18,7.87,--,38,29906,卖盘
2728,11:02:15,7.87,--,97,76339,卖盘
2729,11:02:12,7.87,-0.01,72,56664,卖盘
2730,11:02:09,7.88,0.02,130,102440,买盘
2731,11:02:06,7.86,-0.01,119,93534,卖盘
2732,11:02:03,7.87,--,77,60599,卖盘
2733,11:02:00,7.87,0.01,106,83422,买盘
2734,11:01:57,7.86,--,157,123402,卖盘
2735,11:01:54,7.86,--,393,308898,卖盘
2736,11:01:51,7.86,-0.01,31,24366,卖盘
2737,11:01:48,7.87,--,242,190454,买盘
2738,11:01:45,7.87,--,82,64534,买盘
2739,11:01:42,7.87,--,107,84209,买盘
2740,11:01:39,7.87,--,343,269941,买盘
2741,11:01:36,7.87,--,3446,2712002,卖盘
2742,11:01:33,7.87,-0.01,361,284107,卖盘
2743,11:01:30,7.88,--,20,15760,买盘
2744,11:01:27,7.88,0.01,371,292348,买盘
2745,11:01:24,7.87,-0.01,49,38563,卖盘
2746,11:01:21,7.88,0.01,53,41764,买盘
2747,11:01:18,7.87,-0.01,181,142447,卖盘
2748,11:01:15,7.88,--,207,163116,买盘
2749,11:01:12,7.88,0.01,41,32308,买盘
2750,11:01:09,7.87,--,532,418684,卖盘
2751,11:01:06,7.87,-0.01,89,70043,卖盘
2752,11:01:03,7.88,--,577,454676,买盘
2753,11:01:00,7.88,--,203,159964,买盘
2754,11:00:57,7.88,--,4,3152,买盘
2755,11:00:54,7.88,0.01,1055,831340,买盘
2756,11:00:51,7.87,--,324,254988,卖盘
2757,11:00:48,7.87,--,16,12592,卖盘
2758,11:00:45,7.87,--,96,75552,卖盘
2759,11:00:42,7.87,-0.01,50,39350,卖盘
2760,11:00:39,7.88,--,191,150508,买盘
2761,11:00:36,7.88,0.01,349,275012,买盘
2762,11:00:33,7.87,-0.01,50,39350,卖盘
2763,11:00:30,7.88,--,30,23640,买盘
2764,11:00:27,7.88,--,102,80376,买盘
2765,11:00:24,7.88,--,202,159176,买盘
2766,11:00:21,7.88,0.01,118,92984,买盘
2767,11:00:18,7.87,-0.01,23,18101,卖盘
2768,11:00:15,7.88,--,47,37036,卖盘
2769,11:00:12,7.88,-0.01,1013,798244,卖盘
2770,11:00:09,7.89,0.01,79,62331,买盘
2771,11:00:06,7.88,--,61,48068,卖盘
2772,11:00:03,7.88,--,36,28368,卖盘
2773,11:00:00,7.88,-0.01,20,15760,卖盘
2774,10:59:57,7.89,--,50,39450,买盘
2775,10:59:54,7.89,0.01,350,276150,买盘
2776,10:59:51,7.88,--,2,1576,卖盘
2777,10:59:48,7.88,--,157,123716,卖盘
2778,10:59:45,7.88,--,36,28368,卖盘
2779,10:59:42,7.88,--,522,411336,卖盘
2780,10:59:39,7.88,-0.01,196,154448,卖盘
2781,10:59:36,7.89,0.01,68,53652,买盘
2782,10:59:33,7.88,--,752,592576,卖盘
2783,10:59:30,7.88,--,280,220640,卖盘
2784,10:59:27,7.88,--,301,237188,卖盘
2785,10:59:24,7.88,--,114,89832,卖盘
2786,10:59:21,7.88,--,33,26004,卖盘
2787,10:59:18,7.88,--,381,300228,卖盘
2788,10:59:15,7.88,--,40,31520,卖盘
2789,10:59:12,7.88,-0.01,5,3940,卖盘
2790,10:59:09,7.89,0.01,33,26037,买盘
2791,10:59:06,7.88,--,15,11820,卖盘
2792,10:59:03,7.88,-0.01,136,107168,卖盘
2793,10:59:00,7.89,0.01,58,45762,买盘
2794,10:58:57,7.88,-0.01,8,6304,卖盘
2795,10:58:51,7.89,--,117,92313,买盘
2796,10:58:48,7.89,0.01,14,11046,买盘
2797,10:58:45,7.88,--,94,74072,卖盘
2798,10:58:42,7.88,--,210,165480,卖盘
2799,10:58:39,7.88,--,101,79588,卖盘
2800,10:58:36,7.88,--,99,78012,卖盘
2801,10:58:33,7.88,-0.01,207,163116,卖盘
2802,10:58:30,7.89,0.01,39,30771,买盘
2803,10:58:27,7.88,--,4,3152,卖盘
2804,10:58:24,7.88,-0.01,707,557116,卖盘
2805,10:58:18,7.89,--,109,86001,买盘
2806,10:58:15,7.89,--,123,97047,买盘
2807,10:58:12,7.89,--,47,37083,买盘
2808,10:58:09,7.89,0.01,82,64698,买盘
2809,10:58:06,7.88,--,182,143416,卖盘
2810,10:58:03,7.88,-0.01,196,154448,卖盘
2811,10:58:00,7.89,--,183,144387,买盘
2812,10:57:57,7.89,--,97,76533,买盘
2813,10:57:54,7.89,0.01,151,119139,买盘
2814,10:57:51,7.88,-0.01,62,48856,卖盘
2815,10:57:48,7.89,--,321,253269,买盘
2816,10:57:45,7.89,--,74,58386,买盘
2817,10:57:42,7.89,--,102,80478,买盘
2818,10:57:39,7.89,0.01,363,286407,买盘
2819,10:57:36,7.88,--,195,153660,卖盘
2820,10:57:33,7.88,--,184,144992,卖盘
2821,10:57:30,7.88,0.01,25,19700,买盘
2822,10:57:27,7.87,--,15,11805,卖盘
2823,10:57:24,7.87,--,126,99162,卖盘
2824,10:57:21,7.87,--,753,592611,卖盘
2825,10:57:18,7.87,--,58,45646,卖盘
2826,10:57:15,7.87,-0.01,110,86570,卖盘
2827,10:57:12,7.88,--,162,127656,买盘
2828,10:57:09,7.88,0.01,266,209608,买盘
2829,10:57:06,7.87,-0.01,53,41711,卖盘
2830,10:57:03,7.88,0.01,545,429460,中性盘
2831,10:57:00,7.87,-0.01,6000,4722000,卖盘
2832,10:56:57,7.88,--,49,38612,卖盘
2833,10:56:54,7.88,-0.01,140,110320,卖盘
2834,10:56:51,7.89,--,43,33927,买盘
2835,10:56:48,7.89,--,91,71799,买盘
2836,10:56:45,7.89,0.01,50,39450,买盘
2837,10:56:42,7.88,--,742,584696,卖盘
2838,10:56:39,7.88,-0.01,11,8668,卖盘
2839,10:56:36,7.89,0.01,32,25248,买盘
2840,10:56:33,7.88,-0.01,15,11820,卖盘
2841,10:56:30,7.89,--,50,39450,买盘
2842,10:56:27,7.89,--,2551,2012739,卖盘
2843,10:56:24,7.89,--,5,3945,卖盘
2844,10:56:21,7.89,--,13,10257,卖盘
2845,10:56:18,7.89,--,432,340848,卖盘
2846,10:56:15,7.89,--,61,48129,卖盘
2847,10:56:12,7.89,--,647,510483,卖盘
2848,10:56:09,7.89,-0.01,55,43395,卖盘
2849,10:56:06,7.9,0.01,340,268600,买盘
2850,10:56:03,7.89,-0.01,81,63909,卖盘
2851,10:56:00,7.9,--,100,79000,买盘
2852,10:55:57,7.9,0.01,44,34760,买盘
2853,10:55:51,7.89,-0.01,4,3156,卖盘
2854,10:55:45,7.9,--,79,62410,买盘
2855,10:55:42,7.9,--,860,679400,卖盘
2856,10:55:39,7.9,--,66,52140,卖盘
2857,10:55:36,7.9,--,733,579070,卖盘
2858,10:55:33,7.9,--,86,67940,卖盘
2859,10:55:30,7.9,--,521,411590,卖盘
2860,10:55:27,7.9,--,212,167480,卖盘
2861,10:55:24,7.9,-0.01,506,399740,卖盘
2862,10:55:21,7.91,0.01,845,668395,买盘
2863,10:55:18,7.9,--,206,162740,卖盘
2864,10:55:15,7.9,--,426,336540,卖盘
2865,10:55:12,7.9,--,269,212510,卖盘
2866,10:55:09,7.9,--,343,270970,卖盘
2867,10:55:06,7.9,-0.01,34,26860,卖盘
2868,10:55:03,7.91,--,489,386799,买盘
2869,10:55:00,7.91,0.01,47,37177,买盘
2870,10:54:57,7.9,--,18,14220,卖盘
