,time,price,change,volume,amount,type
0,15:00:03,6.82,--,3036,2070552,买盘
1,14:57:00,6.82,--,12,8184,买盘
2,14:56:57,6.82,--,337,229834,买盘
3,14:56:54,6.82,--,54,36828,买盘
4,14:56:51,6.82,--,22,15004,买盘
5,14:56:48,6.82,--,159,108438,买盘
6,14:56:45,6.82,--,103,70246,买盘
7,14:56:42,6.82,--,26,17732,买盘
8,14:56:39,6.82,--,60,40920,买盘
9,14:56:36,6.82,--,75,51150,买盘
10,14:56:33,6.82,--,634,432388,买盘
11,14:56:30,6.82,--,46,31372,买盘
12,14:56:27,6.82,--,122,83204,买盘
13,14:56:24,6.82,--,63,42966,买盘
14,14:56:21,6.82,--,100,68200,买盘
15,14:56:15,6.82,--,51,34782,买盘
16,14:56:12,6.82,-0.01,1730,1180269,卖盘
17,14:56:09,6.83,0.01,38,25954,买盘
18,14:56:06,6.82,--,28,19096,卖盘
19,14:56:03,6.82,-0.01,1425,971850,卖盘
20,14:56:00,6.83,0.01,32,21856,买盘
21,14:55:57,6.82,--,5,3410,卖盘
22,14:55:54,6.82,-0.01,20,13640,卖盘
23,14:55:51,6.83,0.01,105,71715,买盘
24,14:55:48,6.82,-0.01,20,13640,卖盘
25,14:55:45,6.83,0.01,151,103133,买盘
26,14:55:42,6.82,--,50,34100,卖盘
27,14:55:39,6.82,-0.01,71,48422,卖盘
28,14:55:36,6.83,0.01,1900,1297700,买盘
29,14:55:33,6.82,--,30,20460,卖盘
30,14:55:30,6.82,--,40,27280,卖盘
31,14:55:27,6.82,--,610,416020,卖盘
32,14:55:24,6.82,--,3,2046,卖盘
33,14:55:21,6.82,--,261,178002,卖盘
34,14:55:18,6.82,--,22,15004,卖盘
35,14:55:12,6.82,--,618,421476,卖盘
36,14:55:06,6.82,--,103,70246,卖盘
37,14:54:57,6.82,--,3,2046,卖盘
38,14:54:54,6.82,--,3,2046,卖盘
39,14:54:51,6.82,--,46,31372,卖盘
40,14:54:48,6.82,-0.01,13,8866,卖盘
41,14:54:36,6.83,--,36,24588,买盘
42,14:54:33,6.83,0.01,98,66934,买盘
43,14:54:30,6.82,-0.01,99,67518,卖盘
44,14:54:24,6.83,--,41,28003,买盘
45,14:54:18,6.83,0.01,20,13660,买盘
46,14:54:15,6.82,-0.01,148,100936,卖盘
47,14:54:12,6.83,0.01,18,12294,买盘
48,14:54:09,6.82,-0.01,1,682,卖盘
49,14:54:06,6.83,--,260,177580,买盘
50,14:54:03,6.83,--,2,1366,买盘
51,14:54:00,6.83,--,152,103816,买盘
52,14:53:57,6.83,0.01,10,6830,买盘
53,14:53:54,6.82,--,99,67518,卖盘
54,14:53:51,6.82,--,100,68200,卖盘
55,14:53:45,6.82,--,247,168454,卖盘
56,14:53:42,6.82,--,10,6820,卖盘
57,14:53:39,6.82,--,15,10230,卖盘
58,14:53:36,6.82,--,31,21142,卖盘
59,14:53:33,6.82,--,40,27280,卖盘
60,14:53:30,6.82,-0.01,135,92070,卖盘
61,14:53:27,6.83,0.01,20,13660,买盘
62,14:53:24,6.82,--,38,25916,卖盘
63,14:53:21,6.82,-0.01,1,682,卖盘
64,14:53:18,6.83,0.01,1,683,买盘
65,14:53:12,6.82,--,10,6820,卖盘
66,14:53:09,6.82,--,40,27280,卖盘
67,14:53:06,6.82,--,20,13640,卖盘
68,14:53:03,6.82,-0.01,42,28644,卖盘
69,14:53:00,6.83,--,116,79228,买盘
70,14:52:57,6.83,0.01,252,172116,买盘
71,14:52:51,6.82,--,20,13640,卖盘
72,14:52:48,6.82,-0.01,6,4092,卖盘
73,14:52:42,6.83,--,15,10245,买盘
74,14:52:39,6.83,--,83,56689,买盘
75,14:52:36,6.83,0.01,1,683,买盘
76,14:52:33,6.82,-0.01,60,40920,卖盘
77,14:52:30,6.83,0.01,95,64885,买盘
78,14:52:24,6.82,-0.01,7,4774,卖盘
79,14:52:18,6.83,--,10,6830,买盘
80,14:52:15,6.83,0.01,65,44395,买盘
81,14:52:12,6.82,--,33,22506,卖盘
82,14:52:06,6.82,--,100,68200,卖盘
83,14:52:03,6.82,-0.01,21,14322,卖盘
84,14:52:00,6.83,0.01,44,30052,买盘
85,14:51:51,6.82,-0.01,47,32054,卖盘
86,14:51:48,6.83,0.01,2,1366,买盘
87,14:51:45,6.82,-0.01,44,30008,卖盘
88,14:51:42,6.83,0.01,100,68300,买盘
89,14:51:39,6.82,--,11,7502,卖盘
90,14:51:36,6.82,--,20,13640,卖盘
91,14:51:33,6.82,--,67,45694,卖盘
92,14:51:30,6.82,--,20,13640,卖盘
93,14:51:27,6.82,--,141,96162,卖盘
94,14:51:15,6.82,--,50,34100,卖盘
95,14:51:09,6.82,-0.01,2,1364,卖盘
96,14:51:03,6.83,0.01,1,683,买盘
97,14:50:57,6.82,--,452,308264,卖盘
98,14:50:54,6.82,--,101,68882,卖盘
99,14:50:48,6.82,--,9,6138,卖盘
100,14:50:39,6.82,--,37,25234,卖盘
101,14:50:36,6.82,--,297,202554,卖盘
102,14:50:33,6.82,--,54,36828,卖盘
103,14:50:30,6.82,--,105,71610,卖盘
104,14:50:27,6.82,--,29,19778,卖盘
105,14:50:21,6.82,-0.01,435,296670,卖盘
106,14:50:12,6.83,0.01,1,683,买盘
107,14:50:06,6.82,-0.01,1318,898876,卖盘
108,14:50:03,6.83,0.01,80,54640,买盘
109,14:49:57,6.82,--,40,27280,卖盘
110,14:49:51,6.82,--,1,682,卖盘
111,14:49:45,6.82,--,10,6820,卖盘
112,14:49:42,6.82,-0.01,148,100936,卖盘
113,14:49:39,6.83,0.01,10,6830,买盘
114,14:49:36,6.82,--,22,15004,卖盘
115,14:49:33,6.82,--,4,2728,卖盘
116,14:49:30,6.82,--,21,14322,卖盘
117,14:49:21,6.82,--,59,40238,卖盘
118,14:49:18,6.82,--,25,17050,卖盘
119,14:49:15,6.82,--,10,6820,卖盘
120,14:49:12,6.82,--,70,47740,卖盘
121,14:49:09,6.82,-0.01,8,5456,卖盘
122,14:49:06,6.83,0.01,5,3415,买盘
123,14:49:03,6.82,--,6,4092,卖盘
124,14:49:00,6.82,--,98,66836,卖盘
125,14:48:57,6.82,-0.01,25,17050,卖盘
126,14:48:54,6.83,0.01,1193,814819,买盘
127,14:48:51,6.82,-0.01,20,13640,卖盘
128,14:48:48,6.83,--,18,12294,买盘
129,14:48:45,6.83,0.01,2,1366,买盘
130,14:48:42,6.82,--,182,124124,卖盘
131,14:48:39,6.82,--,38,25916,卖盘
132,14:48:36,6.82,--,300,204600,卖盘
133,14:48:33,6.82,--,2,1364,卖盘
134,14:48:30,6.82,--,13,8866,卖盘
135,14:48:27,6.82,--,15,10230,卖盘
136,14:48:24,6.82,-0.01,81,55242,卖盘
137,14:48:15,6.83,0.01,1,683,买盘
138,14:48:12,6.82,--,183,124806,卖盘
139,14:48:09,6.82,-0.01,15,10230,卖盘
140,14:48:06,6.83,0.01,96,65568,买盘
141,14:48:03,6.82,--,1,682,卖盘
142,14:48:00,6.82,--,45,30690,卖盘
143,14:47:54,6.82,--,12,8184,卖盘
144,14:47:51,6.82,--,27,18414,卖盘
145,14:47:45,6.82,--,495,337590,卖盘
146,14:47:30,6.82,--,272,185504,卖盘
147,14:47:24,6.82,--,11,7502,卖盘
148,14:47:18,6.82,--,1083,738606,卖盘
149,14:47:09,6.82,-0.01,52,35464,卖盘
150,14:47:06,6.83,0.01,42,28686,买盘
151,14:47:03,6.82,--,175,119350,卖盘
152,14:47:00,6.82,--,10,6820,卖盘
153,14:46:57,6.82,--,756,515592,卖盘
154,14:46:54,6.82,--,126,85932,卖盘
155,14:46:48,6.82,--,42,28644,卖盘
156,14:46:45,6.82,-0.01,2,1364,卖盘
157,14:46:42,6.83,--,115,78545,买盘
158,14:46:39,6.83,0.01,9,6147,买盘
159,14:46:33,6.82,--,80,54560,卖盘
160,14:46:30,6.82,--,4,2728,卖盘
161,14:46:27,6.82,--,4,2728,卖盘
162,14:46:24,6.82,--,24,16368,卖盘
163,14:46:21,6.82,--,20,13640,卖盘
164,14:46:18,6.82,-0.01,1,682,卖盘
165,14:46:12,6.83,--,13,8879,买盘
166,14:46:09,6.83,0.01,115,78818,买盘
167,14:46:06,6.82,--,397,271163,卖盘
168,14:46:03,6.82,--,4,2728,卖盘
169,14:46:00,6.82,--,95,64790,卖盘
170,14:45:51,6.82,--,106,72292,卖盘
171,14:45:48,6.82,--,613,418066,卖盘
172,14:45:45,6.82,--,9,6138,卖盘
173,14:45:42,6.82,--,30,20460,卖盘
174,14:45:39,6.82,--,279,190278,卖盘
175,14:45:36,6.82,--,1263,861366,卖盘
176,14:45:33,6.82,-0.01,164,111848,卖盘
177,14:45:30,6.83,--,170,116383,买盘
178,14:45:27,6.83,0.01,14,9562,买盘
179,14:45:24,6.82,--,3,2046,卖盘
180,14:45:21,6.82,--,101,68882,卖盘
181,14:45:18,6.82,--,21,14322,卖盘
182,14:45:15,6.82,--,56,38192,卖盘
183,14:45:12,6.82,--,386,263252,卖盘
184,14:45:09,6.82,--,10,6820,卖盘
185,14:45:06,6.82,--,1593,1086426,卖盘
186,14:45:03,6.82,--,36,24552,卖盘
187,14:45:00,6.82,--,24,16368,卖盘
188,14:44:57,6.82,-0.01,454,309628,卖盘
189,14:44:54,6.83,0.01,14,9562,买盘
190,14:44:51,6.82,-0.01,90,61380,卖盘
191,14:44:48,6.83,0.01,10,6830,买盘
192,14:44:45,6.82,--,3,2046,卖盘
193,14:44:39,6.82,--,38,25916,卖盘
194,14:44:30,6.82,-0.01,45,30690,卖盘
195,14:44:27,6.83,0.01,13,8879,买盘
196,14:44:24,6.82,--,300,204600,卖盘
197,14:44:21,6.82,--,743,506726,卖盘
198,14:44:18,6.82,--,13,8866,卖盘
199,14:44:15,6.82,-0.01,50,34100,卖盘
200,14:44:12,6.83,0.01,16,10928,买盘
201,14:44:09,6.82,--,3,2046,卖盘
202,14:44:06,6.82,--,1430,975260,卖盘
203,14:44:03,6.82,-0.01,3,2046,卖盘
204,14:43:51,6.83,0.01,50,34150,买盘
205,14:43:48,6.82,--,1430,975260,卖盘
206,14:43:45,6.82,--,53,36146,卖盘
207,14:43:42,6.82,-0.01,6,4092,卖盘
208,14:43:39,6.83,--,61,41663,买盘
209,14:43:36,6.83,0.01,20,13660,买盘
210,14:43:30,6.82,-0.01,22,15004,卖盘
211,14:43:27,6.83,0.01,5,3415,买盘
212,14:43:24,6.82,-0.01,11,7502,卖盘
213,14:43:21,6.83,0.01,11,7513,买盘
214,14:43:18,6.82,-0.01,1,682,卖盘
215,14:43:15,6.83,--,169,115427,买盘
216,14:43:12,6.83,0.01,10,6830,买盘
217,14:43:09,6.82,--,12,8184,卖盘
218,14:43:03,6.82,--,80,54560,卖盘
219,14:43:00,6.82,-0.01,24,16368,卖盘
220,14:42:57,6.83,--,3,2049,买盘
221,14:42:51,6.83,0.01,2,1366,买盘
222,14:42:48,6.82,--,200,136400,卖盘
223,14:42:45,6.82,-0.01,3,2046,卖盘
224,14:42:42,6.83,--,5,3415,买盘
225,14:42:39,6.83,--,127,86741,买盘
226,14:42:33,6.83,0.01,12,8196,买盘
227,14:42:27,6.82,--,10,6820,卖盘
228,14:42:24,6.82,-0.01,3,2046,卖盘
229,14:42:21,6.83,0.01,100,68300,买盘
230,14:42:18,6.82,--,1,682,卖盘
231,14:42:12,6.82,--,10,6820,卖盘
232,14:42:09,6.82,--,5,3410,卖盘
233,14:42:06,6.82,--,1,682,卖盘
234,14:42:03,6.82,--,4,2728,卖盘
235,14:42:00,6.82,-0.01,40,27280,卖盘
236,14:41:54,6.83,--,5,3415,买盘
237,14:41:51,6.83,0.01,51,34833,买盘
238,14:41:45,6.82,--,3,2046,卖盘
239,14:41:42,6.82,-0.01,82,55924,卖盘
240,14:41:39,6.83,0.01,332,226756,买盘
241,14:41:36,6.82,-0.01,11,7502,卖盘
242,14:41:33,6.83,0.01,27,18441,买盘
243,14:41:30,6.82,--,12,8184,卖盘
244,14:41:27,6.82,--,58,39556,卖盘
245,14:41:24,6.82,--,10,6820,卖盘
246,14:41:15,6.82,--,40,27280,卖盘
247,14:41:12,6.82,-0.01,1,682,卖盘
248,14:41:09,6.83,0.01,25,17075,买盘
249,14:41:06,6.82,--,29,19778,卖盘
250,14:41:00,6.82,-0.01,100,68200,卖盘
251,14:40:54,6.83,0.01,121,82643,买盘
252,14:40:51,6.82,--,31,21142,卖盘
253,14:40:42,6.82,-0.01,101,68882,卖盘
254,14:40:39,6.83,0.01,280,191240,买盘
255,14:40:36,6.82,--,15,10230,卖盘
256,14:40:33,6.82,--,5,3410,卖盘
257,14:40:30,6.82,--,78,53196,卖盘
258,14:40:27,6.82,--,24,16368,卖盘
259,14:40:24,6.82,--,8,5456,卖盘
260,14:40:21,6.82,--,40,27280,卖盘
261,14:40:18,6.82,--,6,4092,卖盘
262,14:40:09,6.82,--,152,103664,卖盘
263,14:40:06,6.82,--,2,1364,卖盘
264,14:40:03,6.82,-0.01,6,4092,卖盘
265,14:40:00,6.83,0.01,53,36199,买盘
266,14:39:54,6.82,--,260,177320,卖盘
267,14:39:51,6.82,--,70,47740,卖盘
268,14:39:45,6.82,--,100,68200,卖盘
269,14:39:39,6.82,-0.01,500,341000,卖盘
270,14:39:36,6.83,--,37,25271,买盘
271,14:39:30,6.83,--,86,58738,买盘
272,14:39:27,6.83,0.01,9,6147,买盘
273,14:39:24,6.82,-0.01,36,24552,卖盘
274,14:39:21,6.83,0.01,71,48493,买盘
275,14:39:15,6.82,--,370,252340,卖盘
276,14:39:09,6.82,-0.01,51,34782,卖盘
277,14:39:06,6.83,0.01,31,21173,买盘
278,14:39:03,6.82,-0.01,216,147312,卖盘
279,14:39:00,6.83,--,17,11611,买盘
280,14:38:39,6.83,0.01,36,24588,买盘
281,14:38:36,6.82,-0.01,14,9548,卖盘
282,14:38:33,6.83,--,45,30735,买盘
283,14:38:30,6.83,0.01,11,7513,买盘
284,14:38:24,6.82,--,500,341000,卖盘
285,14:38:18,6.82,--,24,16368,卖盘
286,14:38:06,6.82,--,2,1364,卖盘
287,14:38:03,6.82,-0.01,66,45012,卖盘
288,14:38:00,6.83,--,10,6830,卖盘
289,14:37:57,6.83,-0.01,7,4781,卖盘
290,14:37:54,6.84,0.01,92,62928,买盘
291,14:37:48,6.83,--,72,49176,卖盘
292,14:37:45,6.83,--,58,39614,卖盘
293,14:37:42,6.83,--,111,75813,卖盘
294,14:37:39,6.83,--,76,51908,卖盘
295,14:37:33,6.83,--,510,348330,卖盘
296,14:37:27,6.83,--,39,26637,卖盘
297,14:37:18,6.83,--,21,14343,卖盘
298,14:37:12,6.83,--,183,124989,卖盘
299,14:37:09,6.83,--,30,20490,卖盘
300,14:37:06,6.83,-0.01,3,2049,卖盘
301,14:37:03,6.84,--,5,3420,买盘
302,14:37:00,6.84,0.01,32,21888,买盘
303,14:36:57,6.83,-0.01,1,683,卖盘
304,14:36:54,6.84,0.01,205,140220,买盘
305,14:36:48,6.83,--,132,90156,卖盘
306,14:36:42,6.83,--,120,81960,卖盘
307,14:36:39,6.83,--,6,4098,卖盘
308,14:36:36,6.83,-0.01,100,68300,卖盘
309,14:36:33,6.84,0.01,1,684,买盘
310,14:36:30,6.83,--,40,27320,卖盘
311,14:36:27,6.83,-0.01,101,68983,卖盘
312,14:36:18,6.84,0.01,1,684,买盘
313,14:36:15,6.83,--,1,683,卖盘
314,14:36:12,6.83,-0.01,2,1366,卖盘
315,14:36:09,6.84,0.01,5,3420,买盘
316,14:36:06,6.83,--,7,4781,卖盘
317,14:36:03,6.83,--,171,116793,卖盘
318,14:36:00,6.83,--,126,86058,卖盘
319,14:35:57,6.83,--,40,27320,卖盘
320,14:35:51,6.83,-0.01,3,2049,卖盘
321,14:35:45,6.84,0.01,12,8208,买盘
322,14:35:42,6.83,--,3,2049,卖盘
323,14:35:39,6.83,-0.01,5,3415,卖盘
324,14:35:33,6.84,--,290,198360,买盘
325,14:35:30,6.84,0.01,4,2736,买盘
326,14:35:27,6.83,-0.01,3,2049,卖盘
327,14:35:24,6.84,0.01,84,57456,买盘
328,14:35:21,6.83,-0.01,4,2732,卖盘
329,14:35:18,6.84,--,787,538308,买盘
330,14:35:15,6.84,0.01,1,684,买盘
331,14:35:12,6.83,0.01,5,3415,买盘
332,14:35:09,6.82,--,432,294624,卖盘
333,14:35:06,6.82,-0.01,3,2046,卖盘
334,14:35:03,6.83,--,74,50542,买盘
335,14:34:57,6.83,-0.01,72,49176,卖盘
336,14:34:54,6.84,--,11,7524,买盘
337,14:34:51,6.84,--,4,2736,买盘
338,14:34:45,6.84,--,25,17100,买盘
339,14:34:42,6.84,0.01,2,1368,买盘
340,14:34:39,6.83,-0.01,6,4098,卖盘
341,14:34:33,6.84,--,3,2052,买盘
342,14:34:30,6.84,0.02,10,6840,买盘
343,14:34:27,6.82,-0.02,375,255750,卖盘
344,14:34:21,6.84,--,10,6840,买盘
345,14:34:18,6.84,--,10,6840,买盘
346,14:34:15,6.84,--,16,10944,买盘
347,14:34:12,6.84,0.02,20,13680,买盘
348,14:34:09,6.82,-0.02,1863,1270566,卖盘
349,14:34:06,6.84,--,12,8208,买盘
350,14:34:03,6.84,0.01,990,677160,买盘
351,14:34:00,6.83,-0.01,1,683,卖盘
352,14:33:57,6.84,--,29,19836,买盘
353,14:33:51,6.84,0.01,34,23256,买盘
354,14:33:48,6.83,--,1162,793646,卖盘
355,14:33:39,6.83,--,68,46444,卖盘
356,14:33:33,6.83,--,2,1366,卖盘
357,14:33:30,6.83,-0.01,700,478100,卖盘
358,14:33:21,6.84,0.01,10,6840,买盘
359,14:33:18,6.83,--,145,99035,卖盘
360,14:33:15,6.83,--,7,4781,卖盘
361,14:33:12,6.83,-0.01,207,141381,卖盘
362,14:33:09,6.84,0.01,4,2736,买盘
363,14:33:06,6.83,--,3,2049,卖盘
364,14:33:03,6.83,--,117,79911,卖盘
365,14:32:57,6.83,--,10,6830,卖盘
366,14:32:54,6.83,--,820,560060,卖盘
367,14:32:51,6.83,-0.01,32,21856,卖盘
368,14:32:48,6.84,--,295,201780,买盘
369,14:32:45,6.84,--,47,32148,买盘
370,14:32:39,6.84,--,476,325584,买盘
371,14:32:36,6.84,0.01,8,5472,买盘
372,14:32:33,6.83,0.01,22,15026,卖盘
373,14:32:30,6.82,-0.02,1249,851818,卖盘
374,14:32:27,6.84,0.01,2,1368,买盘
375,14:32:21,6.83,--,983,671389,卖盘
376,14:32:18,6.83,-0.01,1,683,卖盘
377,14:32:15,6.84,0.01,4,2736,买盘
378,14:32:09,6.83,--,58,39614,卖盘
379,14:32:06,6.83,--,6,4098,卖盘
380,14:32:03,6.83,--,1,683,卖盘
381,14:31:54,6.83,-0.01,10,6830,卖盘
382,14:31:51,6.84,--,433,296172,买盘
383,14:31:48,6.84,0.01,4,2736,买盘
384,14:31:42,6.83,0.01,79,53957,买盘
385,14:31:36,6.82,-0.01,10,6820,卖盘
386,14:31:33,6.83,--,86,58738,买盘
387,14:31:30,6.83,0.01,4,2732,买盘
388,14:31:27,6.82,-0.01,77,52514,卖盘
389,14:31:24,6.83,--,98,66934,买盘
390,14:31:21,6.83,0.01,70,47810,买盘
391,14:31:15,6.82,-0.01,37,25234,卖盘
392,14:31:12,6.83,--,942,643386,买盘
393,14:31:09,6.83,--,21,14343,买盘
394,14:31:06,6.83,--,29,19807,买盘
395,14:31:03,6.83,--,313,213779,买盘
396,14:31:00,6.83,--,41,28003,买盘
397,14:30:57,6.83,--,75,51225,卖盘
398,14:30:54,6.83,-0.01,1479,1010157,卖盘
399,14:30:51,6.84,--,112,76608,买盘
400,14:30:42,6.84,--,403,275652,买盘
401,14:30:39,6.84,--,1,684,买盘
402,14:30:33,6.84,0.01,87,59508,买盘
403,14:30:30,6.83,-0.01,10,6830,卖盘
404,14:30:27,6.84,--,2259,1545156,买盘
405,14:30:24,6.84,--,177,121068,买盘
406,14:30:21,6.84,0.01,30,20520,买盘
407,14:30:18,6.83,-0.01,1,683,卖盘
408,14:30:12,6.84,0.01,260,177840,买盘
409,14:30:09,6.83,--,1,683,卖盘
410,14:30:06,6.83,--,6,4098,卖盘
411,14:30:00,6.83,-0.01,41,28003,卖盘
412,14:29:57,6.84,--,12,8208,买盘
413,14:29:48,6.84,0.01,45,30780,买盘
414,14:29:45,6.83,-0.01,1086,741738,卖盘
415,14:29:39,6.84,--,4,2736,买盘
416,14:29:21,6.84,--,4,2736,买盘
417,14:29:12,6.84,0.01,24,16416,买盘
418,14:29:09,6.83,-0.01,2,1366,卖盘
419,14:29:06,6.84,--,19,12996,买盘
420,14:29:03,6.84,0.01,11,7524,买盘
421,14:29:00,6.83,-0.01,2003,1368049,卖盘
422,14:28:57,6.84,--,12,8208,买盘
423,14:28:54,6.84,--,1088,744192,买盘
424,14:28:45,6.84,0.01,10,6840,买盘
425,14:28:42,6.83,-0.01,89,60787,卖盘
426,14:28:33,6.84,--,10,6840,买盘
427,14:28:30,6.84,--,5,3420,买盘
428,14:28:27,6.84,--,20,13680,买盘
429,14:28:24,6.84,--,2,1368,买盘
430,14:28:18,6.84,--,10,6840,买盘
431,14:28:12,6.84,--,12,8208,买盘
432,14:28:09,6.84,0.01,22,15048,买盘
433,14:28:06,6.83,-0.01,2,1366,卖盘
434,14:27:54,6.84,--,29,19836,买盘
435,14:27:45,6.84,0.01,1,684,买盘
436,14:27:42,6.83,-0.01,85,58055,卖盘
437,14:27:33,6.84,-0.01,5,3420,卖盘
438,14:27:27,6.85,0.02,5,3425,买盘
439,14:27:24,6.83,-0.01,82,56006,卖盘
440,14:27:18,6.84,-0.01,1,684,卖盘
441,14:27:15,6.85,0.01,5,3425,买盘
442,14:27:09,6.84,--,5,3420,卖盘
443,14:27:06,6.84,--,7,4788,卖盘
444,14:27:03,6.84,--,1,684,卖盘
445,14:27:00,6.84,0.01,3,2052,中性盘
446,14:26:54,6.83,-0.02,110,75130,卖盘
447,14:26:48,6.85,0.02,1,685,买盘
448,14:26:42,6.83,-0.01,86,58738,卖盘
449,14:26:39,6.84,--,438,299592,买盘
450,14:26:30,6.84,0.01,38,25992,买盘
451,14:26:21,6.83,--,10,6830,卖盘
452,14:26:15,6.83,-0.01,23,15709,卖盘
453,14:26:09,6.84,0.01,222,151848,买盘
454,14:26:06,6.83,-0.01,11,7513,卖盘
455,14:26:00,6.84,0.01,5,3420,买盘
456,14:25:54,6.83,-0.01,1,683,卖盘
457,14:25:48,6.84,0.01,6,4104,买盘
458,14:25:39,6.83,-0.01,85,58055,卖盘
459,14:25:33,6.84,0.01,10,6840,买盘
460,14:25:30,6.83,--,12,8196,卖盘
461,14:25:27,6.83,-0.01,906,618798,卖盘
462,14:25:24,6.84,0.01,123,84132,买盘
463,14:25:21,6.83,-0.01,60,40980,卖盘
464,14:25:15,6.84,--,4,2736,买盘
465,14:25:09,6.84,--,15,10260,买盘
466,14:25:06,6.84,0.01,2,1368,买盘
467,14:25:03,6.83,--,11,7513,卖盘
468,14:24:54,6.83,-0.01,872,595576,卖盘
469,14:24:51,6.84,0.01,10,6840,买盘
470,14:24:42,6.83,--,871,594893,卖盘
471,14:24:39,6.83,--,37,25271,卖盘
472,14:24:36,6.83,--,1,683,卖盘
473,14:24:33,6.83,-0.01,10,6830,卖盘
474,14:24:30,6.84,--,24,16416,买盘
475,14:24:24,6.84,--,10,6840,买盘
476,14:24:12,6.84,--,12,8208,买盘
477,14:24:09,6.84,--,92,62928,买盘
478,14:24:06,6.84,--,64,43776,买盘
479,14:24:03,6.84,0.01,100,68400,买盘
480,14:24:00,6.83,-0.01,36,24588,卖盘
481,14:23:57,6.84,--,50,34200,买盘
482,14:23:42,6.84,--,4,2736,买盘
483,14:23:39,6.84,--,10,6840,买盘
484,14:23:36,6.84,--,7,4788,买盘
485,14:23:27,6.84,0.01,6,4104,买盘
486,14:23:24,6.83,-0.01,1,683,卖盘
487,14:23:18,6.84,--,10,6840,买盘
488,14:23:15,6.84,--,34,23256,买盘
489,14:23:12,6.84,0.01,10,6840,买盘
490,14:23:09,6.83,--,15,10245,卖盘
491,14:23:06,6.83,-0.01,3,2049,卖盘
492,14:23:00,6.84,--,10,6840,买盘
493,14:22:57,6.84,--,24,16416,买盘
494,14:22:54,6.84,--,137,93708,买盘
495,14:22:51,6.84,--,84,57456,买盘
496,14:22:48,6.84,--,4,2736,买盘
497,14:22:39,6.84,0.01,15,10260,买盘
498,14:22:33,6.83,--,161,109963,卖盘
499,14:22:27,6.83,-0.01,6,4098,卖盘
500,14:22:24,6.84,--,2,1368,买盘
501,14:22:21,6.84,--,10,6840,买盘
502,14:22:15,6.84,--,22,15048,买盘
503,14:22:09,6.84,0.01,29,19836,买盘
504,14:22:06,6.83,-0.01,2,1366,卖盘
505,14:22:03,6.84,0.01,1,684,买盘
506,14:22:00,6.83,-0.01,193,131819,卖盘
507,14:21:57,6.84,--,1,684,买盘
508,14:21:54,6.84,--,3,2052,买盘
509,14:21:42,6.84,0.01,11,7524,买盘
510,14:21:39,6.83,--,10,6830,卖盘
511,14:21:21,6.83,-0.01,91,62153,卖盘
512,14:21:18,6.84,0.01,33,22572,买盘
513,14:21:12,6.83,-0.01,5,3415,卖盘
514,14:21:09,6.84,--,14,9576,买盘
515,14:21:06,6.84,--,8,5472,买盘
516,14:21:00,6.84,--,5,3420,买盘
517,14:20:57,6.84,0.01,4,2736,买盘
518,14:20:54,6.83,-0.01,951,649533,卖盘
519,14:20:51,6.84,-0.01,193,132012,卖盘
520,14:20:48,6.85,0.01,5,3425,买盘
521,14:20:45,6.84,--,3,2052,卖盘
522,14:20:39,6.84,-0.01,10,6840,卖盘
523,14:20:36,6.85,0.01,40,27400,买盘
524,14:20:33,6.84,-0.01,6,4104,卖盘
525,14:20:24,6.85,0.01,3,2055,买盘
526,14:20:21,6.84,--,104,71136,卖盘
527,14:20:18,6.84,--,1,684,卖盘
528,14:20:12,6.84,--,5,3420,卖盘
529,14:20:09,6.84,--,322,220248,卖盘
530,14:20:06,6.84,-0.01,13,8892,卖盘
531,14:20:00,6.85,0.01,4,2740,买盘
532,14:19:54,6.84,--,109,74556,卖盘
533,14:19:42,6.84,-0.01,84,57456,卖盘
534,14:19:39,6.85,--,15,10275,买盘
535,14:19:36,6.85,--,4,2740,买盘
536,14:19:33,6.85,0.01,10,6850,买盘
537,14:19:30,6.84,-0.01,107,73188,卖盘
538,14:19:24,6.85,--,1,685,买盘
539,14:19:21,6.85,--,102,69870,买盘
540,14:19:15,6.85,0.01,4,2740,买盘
541,14:19:09,6.84,--,108,73872,卖盘
542,14:19:06,6.84,--,3,2052,卖盘
543,14:19:03,6.84,--,45,30780,卖盘
544,14:18:57,6.84,-0.01,4,2736,卖盘
545,14:18:48,6.85,0.01,16,10960,买盘
546,14:18:45,6.84,-0.01,14,9576,卖盘
547,14:18:42,6.85,0.01,20,13700,买盘
548,14:18:39,6.84,--,4,2736,卖盘
549,14:18:36,6.84,--,115,78660,卖盘
550,14:18:33,6.84,-0.01,83,56772,卖盘
551,14:18:30,6.85,0.01,5,3425,买盘
552,14:18:27,6.84,-0.01,1,684,卖盘
553,14:18:24,6.85,0.01,12,8220,买盘
554,14:18:18,6.84,--,91,62244,卖盘
555,14:18:15,6.84,-0.01,84,57456,卖盘
556,14:18:12,6.85,0.01,2,1370,买盘
557,14:18:06,6.84,--,1,684,卖盘
558,14:18:03,6.84,--,73,49932,卖盘
559,14:18:00,6.84,-0.01,20,13680,卖盘
560,14:17:57,6.85,0.01,15,10275,买盘
561,14:17:54,6.84,--,897,613548,卖盘
562,14:17:48,6.84,-0.01,105,71820,卖盘
563,14:17:45,6.85,--,5,3425,买盘
564,14:17:39,6.85,--,40,27400,买盘
565,14:17:36,6.85,--,47,32195,买盘
566,14:17:27,6.85,--,12,8220,买盘
567,14:17:24,6.85,0.01,70,47950,买盘
568,14:17:21,6.84,--,198,135432,卖盘
569,14:17:18,6.84,--,1,684,卖盘
570,14:17:12,6.84,--,30,20520,卖盘
571,14:17:09,6.84,--,72,49248,卖盘
572,14:17:06,6.84,--,175,119700,卖盘
573,14:16:54,6.84,--,100,68400,卖盘
574,14:16:51,6.84,-0.01,140,95760,卖盘
575,14:16:48,6.85,0.01,10,6850,买盘
576,14:16:42,6.84,--,83,56772,卖盘
577,14:16:39,6.84,-0.01,1,684,卖盘
578,14:16:36,6.85,--,1,685,买盘
579,14:16:27,6.85,--,12,8220,买盘
580,14:16:24,6.85,--,1,685,买盘
581,14:16:21,6.85,0.01,6,4110,买盘
582,14:16:18,6.84,--,130,88920,卖盘
583,14:16:15,6.84,-0.01,204,139536,卖盘
584,14:16:06,6.85,--,6,4110,买盘
585,14:15:57,6.85,0.01,159,108915,买盘
586,14:15:51,6.84,--,4,2736,卖盘
587,14:15:48,6.84,-0.01,20,13680,卖盘
588,14:15:45,6.85,0.01,21,14385,买盘
589,14:15:42,6.84,--,274,187416,卖盘
590,14:15:39,6.84,-0.01,360,246240,卖盘
591,14:15:36,6.85,--,34,23290,买盘
592,14:15:33,6.85,--,14,9590,买盘
593,14:15:30,6.85,--,18,12330,买盘
594,14:15:27,6.85,--,39,26715,买盘
595,14:15:24,6.85,--,41,28085,买盘
596,14:15:21,6.85,--,16,10960,买盘
597,14:15:18,6.85,--,82,56170,买盘
598,14:15:15,6.85,--,41,28085,买盘
599,14:15:12,6.85,0.01,22,15070,买盘
600,14:15:09,6.84,--,6,4104,卖盘
601,14:15:06,6.84,--,2,1368,卖盘
602,14:15:03,6.84,--,54,36936,买盘
603,14:15:00,6.84,--,6,4104,卖盘
604,14:14:57,6.84,--,10,6840,卖盘
605,14:14:54,6.84,-0.01,3,2052,卖盘
606,14:14:51,6.85,0.02,3,2055,买盘
607,14:14:42,6.83,--,126,86058,卖盘
608,14:14:39,6.83,-0.02,98,66934,卖盘
609,14:14:30,6.85,--,12,8220,买盘
610,14:14:27,6.85,0.01,110,75350,买盘
611,14:14:24,6.84,0.01,16,10944,中性盘
612,14:14:21,6.83,-0.02,1531,1045673,卖盘
613,14:14:18,6.85,--,26,17810,买盘
614,14:14:15,6.85,0.01,2816,1928960,买盘
615,14:14:12,6.84,-0.01,2,1368,卖盘
616,14:14:09,6.85,--,82,56170,买盘
617,14:14:06,6.85,0.01,3,2055,买盘
618,14:14:03,6.84,-0.01,79,54036,卖盘
619,14:13:57,6.85,0.01,15,10275,买盘
620,14:13:54,6.84,-0.01,2,1368,卖盘
621,14:13:51,6.85,0.01,25,17125,买盘
622,14:13:42,6.84,--,5,3420,卖盘
623,14:13:36,6.84,-0.01,128,87552,卖盘
624,14:13:33,6.85,0.01,72,49320,买盘
625,14:13:27,6.84,-0.01,105,71820,卖盘
626,14:13:24,6.85,--,1,685,买盘
627,14:13:21,6.85,--,30,20550,买盘
628,14:13:18,6.85,--,4,2740,买盘
629,14:13:09,6.85,--,3,2055,买盘
630,14:13:06,6.85,0.01,11,7535,买盘
631,14:13:03,6.84,--,31,21204,卖盘
632,14:13:00,6.84,-0.01,48,32832,卖盘
633,14:12:57,6.85,0.01,10,6850,买盘
634,14:12:51,6.84,--,14,9576,卖盘
635,14:12:48,6.84,-0.01,588,402192,卖盘
636,14:12:42,6.85,0.01,175,119875,买盘
637,14:12:39,6.84,-0.01,124,84816,卖盘
638,14:12:36,6.85,--,14,9590,买盘
639,14:12:33,6.85,0.01,118,80830,买盘
640,14:12:30,6.84,--,7,4788,卖盘
641,14:12:27,6.84,--,105,71820,卖盘
642,14:12:21,6.84,--,5,3420,卖盘
643,14:12:15,6.84,--,14,9576,卖盘
644,14:12:12,6.84,-0.01,1,684,卖盘
645,14:12:09,6.85,0.01,15,10275,买盘
646,14:12:06,6.84,--,118,80712,卖盘
647,14:12:00,6.84,-0.01,2,1368,卖盘
648,14:11:57,6.85,0.01,6,4110,买盘
649,14:11:54,6.84,-0.01,99,67716,卖盘
650,14:11:48,6.85,0.01,91,62335,买盘
651,14:11:45,6.84,-0.01,9,6156,卖盘
652,14:11:36,6.85,0.02,12,8220,买盘
653,14:11:33,6.83,-0.02,127,86741,卖盘
654,14:11:30,6.85,0.01,4,2740,买盘
655,14:11:18,6.84,--,43,29685,买盘
656,14:11:15,6.84,--,60,41040,买盘
657,14:11:09,6.84,--,48,32832,买盘
658,14:11:06,6.84,--,4,2736,买盘
659,14:11:03,6.84,--,31,21204,买盘
660,14:10:57,6.84,--,119,81396,买盘
661,14:10:54,6.84,--,147,100548,买盘
662,14:10:51,6.84,--,163,111492,卖盘
663,14:10:42,6.84,-0.01,21,14364,卖盘
664,14:10:39,6.85,--,12,8220,买盘
665,14:10:36,6.85,0.01,24,16440,买盘
666,14:10:33,6.84,-0.01,84,57456,卖盘
667,14:10:30,6.85,0.02,149,102065,买盘
668,14:10:27,6.83,-0.02,105,71715,卖盘
669,14:10:24,6.85,--,1,685,买盘
670,14:10:21,6.85,0.01,6,4110,买盘
671,14:10:18,6.84,--,9,6156,买盘
672,14:10:15,6.84,--,1,684,卖盘
673,14:10:12,6.84,--,252,172368,买盘
674,14:10:09,6.84,--,24,16416,买盘
675,14:10:06,6.84,--,26,17784,买盘
676,14:10:03,6.84,0.01,5,3420,买盘
677,14:09:57,6.83,--,165,112695,卖盘
678,14:09:54,6.83,-0.02,240,163920,卖盘
679,14:09:39,6.85,--,12,8220,买盘
680,14:09:33,6.85,--,1,685,买盘
681,14:09:30,6.85,--,24,16440,买盘
682,14:09:27,6.85,0.02,5,3425,买盘
683,14:09:24,6.83,-0.02,127,86741,卖盘
684,14:09:21,6.85,0.01,19,13015,买盘
685,14:09:09,6.84,--,2,1368,卖盘
686,14:09:06,6.84,-0.01,26,17784,卖盘
687,14:09:03,6.85,0.01,1,685,买盘
688,14:09:00,6.84,-0.01,6,4104,中性盘
689,14:08:54,6.85,0.02,321,219885,买盘
690,14:08:48,6.83,-0.02,116,79228,卖盘
691,14:08:45,6.85,0.01,401,274685,买盘
692,14:08:39,6.84,--,200,136800,买盘
693,14:08:36,6.84,--,547,374148,买盘
694,14:08:33,6.84,--,314,214776,买盘
695,14:08:30,6.84,--,25,17100,买盘
696,14:08:27,6.84,--,778,532152,买盘
697,14:08:24,6.84,0.01,30,20520,买盘
698,14:08:18,6.83,-0.01,5,3415,卖盘
699,14:08:15,6.84,--,672,459648,买盘
700,14:08:12,6.84,0.01,2,1368,买盘
701,14:08:09,6.83,-0.01,2,1366,卖盘
702,14:08:06,6.84,0.01,24,16416,买盘
703,14:08:03,6.83,-0.01,343,234269,卖盘
704,14:07:54,6.84,--,91,62244,买盘
705,14:07:48,6.84,--,221,151164,买盘
706,14:07:45,6.84,--,119,81396,买盘
707,14:07:42,6.84,--,117,80028,买盘
708,14:07:39,6.84,--,110,75240,买盘
709,14:07:36,6.84,0.01,50,34200,买盘
710,14:07:33,6.83,-0.01,4,2732,卖盘
711,14:07:30,6.84,--,26,17784,买盘
712,14:07:24,6.84,--,479,327636,买盘
713,14:07:21,6.84,--,30,20520,买盘
714,14:07:15,6.84,--,187,127908,买盘
715,14:07:12,6.84,--,296,202464,卖盘
716,14:07:09,6.84,-0.01,197,134748,卖盘
717,14:07:03,6.85,0.01,24,16440,买盘
718,14:07:00,6.84,-0.01,68,46512,中性盘
719,14:06:54,6.85,0.01,20,13700,买盘
720,14:06:51,6.84,0.01,10,6840,中性盘
721,14:06:45,6.83,-0.02,128,87424,卖盘
722,14:06:42,6.85,0.01,165,113025,买盘
723,14:06:36,6.84,--,304,207936,买盘
724,14:06:33,6.84,0.01,35,23940,买盘
725,14:06:24,6.83,-0.01,15,10245,卖盘
726,14:06:21,6.84,--,27,18468,买盘
727,14:06:15,6.84,--,1,684,买盘
728,14:06:09,6.84,0.01,32,21888,买盘
729,14:06:06,6.83,--,364,248612,卖盘
730,14:05:57,6.83,-0.01,3,2049,卖盘
731,14:05:54,6.84,0.01,27,18468,买盘
732,14:05:51,6.83,--,504,344232,卖盘
733,14:05:48,6.83,-0.01,8,5464,卖盘
734,14:05:45,6.84,0.01,12,8208,买盘
735,14:05:42,6.83,-0.01,105,71715,卖盘
736,14:05:39,6.84,-0.01,24,16416,卖盘
737,14:05:36,6.85,0.01,28,19180,买盘
738,14:05:30,6.84,--,49,33516,买盘
739,14:05:24,6.84,--,97,66348,卖盘
740,14:05:18,6.84,--,228,155952,卖盘
741,14:05:12,6.84,--,126,86184,卖盘
742,14:05:09,6.84,--,5,3420,卖盘
743,14:05:00,6.84,--,28,19152,卖盘
744,14:04:57,6.84,-0.01,35,23940,中性盘
745,14:04:48,6.85,0.02,12,8220,买盘
746,14:04:42,6.83,--,947,646801,卖盘
747,14:04:39,6.83,--,105,71715,卖盘
748,14:04:36,6.83,-0.02,2181,1489623,卖盘
749,14:04:24,6.85,--,160,109600,买盘
750,14:04:18,6.85,--,27,18495,买盘
751,14:04:15,6.85,0.01,144,98640,买盘
752,14:04:09,6.84,--,150,102600,卖盘
753,14:04:06,6.84,--,1,684,卖盘
754,14:03:51,6.84,-0.01,98,67032,卖盘
755,14:03:45,6.85,--,10,6850,买盘
756,14:03:36,6.85,--,4,2740,买盘
757,14:03:33,6.85,--,123,84255,卖盘
758,14:03:27,6.85,--,116,79460,卖盘
759,14:03:24,6.85,--,1,685,卖盘
760,14:03:18,6.85,--,20,13700,卖盘
761,14:03:09,6.85,--,2,1370,卖盘
762,14:03:06,6.85,--,8,5480,卖盘
763,14:02:57,6.85,0.01,57,39045,买盘
764,14:02:54,6.84,--,115,78660,卖盘
765,14:02:51,6.84,--,96,65664,卖盘
766,14:02:45,6.84,--,35,23940,卖盘
767,14:02:42,6.84,-0.01,140,95760,卖盘
768,14:02:39,6.85,--,27,18495,买盘
769,14:02:33,6.85,0.01,1,685,买盘
770,14:02:21,6.84,-0.01,10,6840,卖盘
771,14:02:18,6.85,-0.01,10,6850,卖盘
772,14:02:15,6.86,0.02,32,21952,买盘
773,14:02:09,6.84,-0.01,1,684,卖盘
774,14:02:06,6.85,--,10,6850,买盘
775,14:02:03,6.85,--,2,1370,买盘
776,14:02:00,6.85,--,27,18495,买盘
777,14:01:57,6.85,0.01,30,20550,买盘
778,14:01:54,6.84,--,206,140904,卖盘
779,14:01:51,6.84,-0.01,22,15048,卖盘
780,14:01:42,6.85,0.01,288,197280,买盘
781,14:01:36,6.84,--,97,66348,卖盘
782,14:01:27,6.84,--,3,2052,卖盘
783,14:01:24,6.84,--,156,106704,卖盘
784,14:01:21,6.84,-0.01,20,13680,卖盘
785,14:01:18,6.85,--,53,36305,买盘
786,14:01:12,6.85,--,66,45210,买盘
787,14:01:09,6.85,--,301,206185,买盘
788,14:01:06,6.85,--,5,3425,买盘
789,14:00:57,6.85,--,27,18495,买盘
790,14:00:54,6.85,0.01,265,181525,买盘
791,14:00:51,6.84,--,86,58824,卖盘
792,14:00:48,6.84,--,100,68400,卖盘
793,14:00:42,6.84,-0.01,6,4104,卖盘
794,14:00:39,6.85,--,37,25345,买盘
795,14:00:36,6.85,0.01,29,19865,买盘
796,14:00:24,6.84,--,10,6840,卖盘
797,14:00:21,6.84,-0.01,4,2736,卖盘
798,14:00:18,6.85,--,119,81515,买盘
799,14:00:15,6.85,0.01,3,2055,买盘
800,14:00:09,6.84,-0.01,2,1368,卖盘
801,14:00:03,6.85,--,2,1370,买盘
802,14:00:00,6.85,-0.01,33,22605,买盘
803,13:59:57,6.86,0.02,48,32928,买盘
804,13:59:54,6.84,--,45,30780,卖盘
805,13:59:51,6.84,-0.01,90,61560,卖盘
806,13:59:45,6.85,--,3,2055,卖盘
807,13:59:42,6.85,--,8,5480,卖盘
808,13:59:39,6.85,--,5,3425,卖盘
809,13:59:36,6.85,--,1,685,卖盘
810,13:59:33,6.85,--,42,28770,卖盘
811,13:59:21,6.85,-0.01,63,43155,卖盘
812,13:59:18,6.86,0.01,21,14406,买盘
813,13:59:15,6.85,--,13,8905,卖盘
814,13:59:12,6.85,--,18,12330,卖盘
815,13:59:09,6.85,--,2,1370,卖盘
816,13:59:06,6.85,--,5,3425,卖盘
817,13:59:03,6.85,--,8,5480,卖盘
818,13:59:00,6.85,--,14,9590,卖盘
819,13:58:48,6.85,-0.01,11,7535,卖盘
820,13:58:45,6.86,0.01,27,18522,买盘
821,13:58:42,6.85,--,25,17125,卖盘
822,13:58:39,6.85,0.01,38,26030,中性盘
823,13:58:33,6.84,--,13,8892,卖盘
824,13:58:24,6.84,--,0,335,卖盘
825,13:58:18,6.84,-0.01,152,103968,卖盘
826,13:58:15,6.85,--,79,54115,卖盘
827,13:58:09,6.85,--,10,6850,卖盘
828,13:58:06,6.85,--,27,18495,卖盘
829,13:58:03,6.85,-0.01,2,1370,卖盘
830,13:58:00,6.86,0.01,12,8232,买盘
831,13:57:57,6.85,0.01,88,60280,买盘
832,13:57:54,6.84,-0.01,10,6840,卖盘
833,13:57:48,6.85,0.01,24,16440,买盘
834,13:57:42,6.84,-0.02,187,127908,卖盘
835,13:57:39,6.86,0.01,246,168756,买盘
836,13:57:27,6.85,--,58,39730,买盘
837,13:57:18,6.85,--,25,17125,买盘
838,13:57:12,6.85,0.01,8,5480,买盘
839,13:57:09,6.84,--,1,684,卖盘
840,13:57:06,6.84,-0.01,1,684,卖盘
841,13:57:03,6.85,--,16,10960,买盘
842,13:57:00,6.85,--,231,158235,买盘
843,13:56:57,6.85,--,400,274000,买盘
844,13:56:48,6.85,0.01,25,17125,买盘
845,13:56:42,6.84,--,11,7524,卖盘
846,13:56:33,6.84,--,120,82080,卖盘
847,13:56:30,6.84,--,54,36936,卖盘
848,13:56:24,6.84,-0.01,2,1368,卖盘
849,13:56:21,6.85,0.01,5,3425,买盘
850,13:56:18,6.84,-0.01,1,684,卖盘
851,13:56:15,6.85,0.01,24,16440,买盘
852,13:56:09,6.84,--,1,684,卖盘
853,13:56:06,6.84,-0.01,253,173052,卖盘
854,13:56:03,6.85,0.01,25,17125,买盘
855,13:56:00,6.84,-0.01,38,25992,卖盘
856,13:55:54,6.85,--,8,5480,卖盘
857,13:55:51,6.85,--,38,26030,卖盘
858,13:55:48,6.85,--,6,4110,卖盘
859,13:55:45,6.85,0.01,39,26715,买盘
860,13:55:42,6.84,--,6,4104,卖盘
861,13:55:39,6.84,--,8,5472,卖盘
862,13:55:36,6.84,--,53,36252,卖盘
863,13:55:33,6.84,--,38,25992,卖盘
864,13:55:27,6.84,-0.02,37,25308,卖盘
865,13:55:18,6.86,0.01,29,19894,买盘
866,13:55:12,6.85,--,10,6850,卖盘
867,13:55:09,6.85,-0.01,102,69870,卖盘
868,13:55:06,6.86,0.01,101,69286,买盘
869,13:55:03,6.85,-0.01,21,14385,卖盘
870,13:54:57,6.86,0.01,4,2744,买盘
871,13:54:51,6.85,--,1,685,卖盘
872,13:54:48,6.85,0.01,26,17810,中性盘
873,13:54:39,6.84,-0.02,6,4104,卖盘
874,13:54:27,6.86,0.01,6,4116,买盘
875,13:54:21,6.85,--,14,9590,卖盘
876,13:54:18,6.85,0.01,8,5480,买盘
877,13:54:09,6.84,--,119,81396,卖盘
878,13:54:06,6.84,-0.01,108,73872,卖盘
879,13:53:51,6.85,--,15,10275,卖盘
880,13:53:48,6.85,--,1,685,卖盘
881,13:53:42,6.85,-0.01,6,4110,卖盘
882,13:53:39,6.86,0.01,5,3430,买盘
883,13:53:36,6.85,-0.01,6,4110,卖盘
884,13:53:30,6.86,0.01,21,14406,买盘
885,13:53:27,6.85,-0.01,6,4110,卖盘
886,13:53:24,6.86,0.02,10,6860,买盘
887,13:53:18,6.84,-0.01,2,1368,卖盘
888,13:53:15,6.85,--,11,7535,买盘
889,13:53:09,6.85,0.01,145,99325,买盘
890,13:53:06,6.84,-0.01,88,60192,卖盘
891,13:53:03,6.85,0.01,7,4795,买盘
892,13:52:48,6.84,-0.01,1,684,卖盘
893,13:52:45,6.85,--,11,7535,买盘
894,13:52:42,6.85,--,17,11645,买盘
895,13:52:36,6.85,--,8,5480,买盘
896,13:52:24,6.85,0.01,10,6850,买盘
897,13:52:21,6.84,--,48,32832,卖盘
898,13:52:18,6.84,-0.01,1,684,卖盘
899,13:52:15,6.85,--,7,4795,买盘
900,13:52:12,6.85,0.01,72,49320,买盘
901,13:52:09,6.84,--,118,80712,卖盘
902,13:52:06,6.84,--,91,62244,卖盘
903,13:52:03,6.84,--,1,684,卖盘
904,13:51:57,6.84,-0.01,31,21204,卖盘
905,13:51:51,6.85,0.01,34,23290,买盘
906,13:51:48,6.84,--,48,32832,卖盘
907,13:51:42,6.84,--,14,9576,卖盘
908,13:51:39,6.84,--,6,4104,卖盘
909,13:51:33,6.84,-0.01,168,114912,卖盘
910,13:51:30,6.85,--,293,201054,卖盘
911,13:51:27,6.85,-0.01,115,78775,卖盘
912,13:51:24,6.86,0.01,26,17836,买盘
913,13:51:18,6.85,--,13,8905,卖盘
914,13:51:15,6.85,--,27,18495,卖盘
915,13:51:12,6.85,--,76,52060,卖盘
916,13:51:09,6.85,--,2,1370,卖盘
917,13:51:03,6.85,--,54,36990,卖盘
918,13:50:48,6.85,--,2,1370,卖盘
919,13:50:36,6.85,--,119,81515,卖盘
920,13:50:33,6.85,-0.01,76,52060,卖盘
921,13:50:24,6.86,0.01,1,686,买盘
922,13:50:21,6.85,--,4,2740,卖盘
923,13:50:18,6.85,-0.01,2,1370,卖盘
924,13:50:15,6.86,--,12,8232,买盘
925,13:50:12,6.86,0.01,101,69286,买盘
926,13:50:09,6.85,-0.01,1,685,卖盘
927,13:50:06,6.86,0.01,7,4802,买盘
928,13:49:57,6.85,--,20,13700,卖盘
929,13:49:48,6.85,--,1,685,卖盘
930,13:49:42,6.85,--,6,4110,卖盘
931,13:49:39,6.85,-0.02,199,136315,卖盘
932,13:49:36,6.87,0.01,400,274800,买盘
933,13:49:33,6.86,0.01,321,220206,买盘
934,13:49:24,6.85,-0.01,112,76720,卖盘
935,13:49:21,6.86,0.01,104,71344,买盘
936,13:49:18,6.85,-0.01,14,9590,卖盘
937,13:49:15,6.86,--,1,686,买盘
938,13:49:12,6.86,--,10,6860,买盘
939,13:49:09,6.86,--,71,48706,卖盘
940,13:49:06,6.86,--,15,10290,卖盘
941,13:49:03,6.86,--,1,686,买盘
942,13:49:00,6.86,0.01,10,6860,买盘
943,13:48:57,6.85,-0.01,158,108230,卖盘
944,13:48:54,6.86,--,143,98098,卖盘
945,13:48:51,6.86,--,6,4116,卖盘
946,13:48:48,6.86,--,1,686,卖盘
947,13:48:42,6.86,--,7,4802,卖盘
948,13:48:36,6.86,0.01,93,63798,买盘
949,13:48:33,6.85,-0.01,21,14385,卖盘
950,13:48:27,6.86,0.01,1,686,买盘
951,13:48:21,6.85,--,49,33565,卖盘
952,13:48:18,6.85,-0.01,8,5480,卖盘
953,13:48:15,6.86,0.01,12,8232,中性盘
954,13:48:06,6.85,--,1,685,卖盘
955,13:47:54,6.85,-0.01,115,78775,卖盘
956,13:47:51,6.86,--,47,32242,卖盘
957,13:47:48,6.86,--,84,57624,卖盘
958,13:47:42,6.86,--,6,4116,卖盘
959,13:47:39,6.86,0.01,96,65856,买盘
960,13:47:36,6.85,--,1,685,卖盘
961,13:47:27,6.85,--,120,82200,卖盘
962,13:47:24,6.85,-0.01,66,45210,卖盘
963,13:47:21,6.86,0.01,12,8232,买盘
964,13:47:18,6.85,-0.01,1,685,卖盘
965,13:47:15,6.86,--,7,4802,买盘
966,13:47:06,6.86,--,6,4116,买盘
967,13:47:03,6.86,--,10,6860,买盘
968,13:46:57,6.86,0.01,1,686,买盘
969,13:46:51,6.85,--,9,6165,卖盘
970,13:46:48,6.85,--,2,1370,卖盘
971,13:46:45,6.85,--,114,78090,卖盘
972,13:46:39,6.85,--,10,6850,卖盘
973,13:46:36,6.85,-0.02,134,91790,卖盘
974,13:46:33,6.87,0.01,168,115416,买盘
975,13:46:30,6.86,-0.01,5,3430,中性盘
976,13:46:24,6.87,0.02,12,8244,买盘
977,13:46:21,6.85,--,68,46580,卖盘
978,13:46:18,6.85,--,24,16440,卖盘
979,13:46:09,6.85,--,1,685,卖盘
980,13:46:03,6.85,-0.02,1,685,卖盘
981,13:45:54,6.87,0.02,34,23358,买盘
982,13:45:48,6.85,-0.01,73,50005,卖盘
983,13:45:45,6.86,0.01,79,54194,买盘
984,13:45:42,6.85,--,1,685,卖盘
985,13:45:30,6.85,-0.01,173,118505,卖盘
986,13:45:27,6.86,0.01,14,9604,买盘
987,13:45:24,6.85,-0.01,65,44525,卖盘
988,13:45:21,6.86,0.01,52,35672,买盘
989,13:45:12,6.85,--,60,41100,卖盘
990,13:45:06,6.85,--,21,14385,卖盘
991,13:45:03,6.85,-0.02,46,31510,卖盘
992,13:45:00,6.87,0.02,4,2748,买盘
993,13:44:57,6.85,-0.02,79,54115,卖盘
994,13:44:51,6.87,0.02,10,6870,买盘
995,13:44:45,6.85,-0.02,124,84940,卖盘
996,13:44:42,6.87,0.01,226,155262,买盘
997,13:44:36,6.86,-0.01,13,8918,中性盘
998,13:44:27,6.87,0.02,12,8244,买盘
999,13:44:24,6.85,--,131,89735,卖盘
1000,13:44:21,6.85,-0.02,67,45895,卖盘
1001,13:44:18,6.87,0.01,1,687,买盘
1002,13:44:12,6.86,-0.01,13,8918,卖盘
1003,13:44:06,6.87,0.01,1,687,买盘
1004,13:44:03,6.86,--,48,32928,买盘
1005,13:44:00,6.86,0.01,4,2744,买盘
1006,13:43:57,6.85,-0.01,38,26030,卖盘
1007,13:43:51,6.86,--,10,6860,买盘
1008,13:43:30,6.86,-0.01,4,2744,卖盘
1009,13:43:27,6.87,--,12,8244,买盘
1010,13:43:24,6.87,0.02,3,2061,买盘
1011,13:43:21,6.85,--,280,191800,卖盘
1012,13:43:18,6.85,--,400,274000,卖盘
1013,13:43:09,6.85,-0.01,1,685,卖盘
1014,13:43:06,6.86,-0.01,4,2744,中性盘
1015,13:43:00,6.87,0.02,33,22671,买盘
1016,13:42:57,6.85,-0.01,125,85625,卖盘
1017,13:42:54,6.86,-0.01,51,34986,卖盘
1018,13:42:48,6.87,--,4,2748,买盘
1019,13:42:42,6.87,0.01,11,7557,买盘
1020,13:42:39,6.86,--,7,4802,卖盘
1021,13:42:36,6.86,-0.01,39,26754,卖盘
1022,13:42:30,6.87,0.01,12,8244,买盘
1023,13:42:27,6.86,-0.01,19,13034,卖盘
1024,13:42:21,6.87,0.01,77,52899,买盘
1025,13:42:18,6.86,--,291,199626,卖盘
1026,13:42:06,6.86,-0.01,2,1372,卖盘
1027,13:42:03,6.87,--,11,7557,买盘
1028,13:42:00,6.87,--,200,137400,买盘
1029,13:41:51,6.87,0.01,191,131217,买盘
1030,13:41:48,6.86,--,120,82320,卖盘
1031,13:41:45,6.86,-0.01,197,135142,卖盘
1032,13:41:42,6.87,0.01,220,151140,买盘
1033,13:41:36,6.86,-0.01,2,1372,卖盘
1034,13:41:33,6.87,0.01,12,8244,买盘
1035,13:41:30,6.86,-0.01,1,686,卖盘
1036,13:41:27,6.87,--,1,687,买盘
1037,13:41:24,6.87,--,13,8931,买盘
1038,13:41:18,6.87,0.01,51,35037,买盘
1039,13:41:12,6.86,--,1,686,卖盘
1040,13:41:06,6.86,--,1,686,卖盘
1041,13:41:03,6.86,--,10,6860,卖盘
1042,13:41:00,6.86,--,27,18522,卖盘
1043,13:40:54,6.86,--,7,4802,卖盘
1044,13:40:45,6.86,--,3,2058,买盘
1045,13:40:42,6.86,--,6,4116,卖盘
1046,13:40:39,6.86,-0.01,7,4802,卖盘
1047,13:40:36,6.87,--,12,8244,买盘
1048,13:40:33,6.87,0.01,211,144957,买盘
1049,13:40:30,6.86,-0.01,6,4116,卖盘
1050,13:40:21,6.87,0.01,4,2748,买盘
1051,13:40:15,6.86,--,47,32242,卖盘
1052,13:40:12,6.86,--,4,2744,卖盘
1053,13:40:09,6.86,--,9,6174,卖盘
1054,13:40:06,6.86,--,21,14406,卖盘
1055,13:40:03,6.86,0.01,1,686,卖盘
1056,13:39:57,6.85,-0.01,234,160290,卖盘
1057,13:39:54,6.86,0.01,6,4116,中性盘
1058,13:39:48,6.85,-0.02,212,145220,卖盘
1059,13:39:45,6.87,0.01,10,6870,买盘
1060,13:39:42,6.86,--,1,686,卖盘
1061,13:39:39,6.86,-0.01,1,686,卖盘
1062,13:39:36,6.87,--,21,14427,买盘
1063,13:39:33,6.87,--,41,28167,买盘
1064,13:39:30,6.87,--,931,639597,买盘
1065,13:39:21,6.87,--,115,79005,买盘
1066,13:39:18,6.87,0.01,53,36411,买盘
1067,13:39:15,6.86,--,1,686,买盘
1068,13:39:12,6.86,0.01,1,686,中性盘
1069,13:39:09,6.85,--,6,4110,卖盘
1070,13:39:06,6.85,-0.01,205,140425,卖盘
1071,13:39:03,6.86,0.01,216,148182,买盘
1072,13:39:00,6.85,--,1,685,卖盘
1073,13:38:57,6.85,-0.01,168,115080,卖盘
1074,13:38:51,6.86,--,10,6860,买盘
1075,13:38:48,6.86,0.01,20,13720,买盘
1076,13:38:42,6.85,--,166,113710,卖盘
1077,13:38:39,6.85,--,197,135273,卖盘
1078,13:38:33,6.85,-0.01,232,158920,卖盘
1079,13:38:27,6.86,--,4,2744,买盘
1080,13:38:24,6.86,0.01,122,83692,买盘
1081,13:38:21,6.85,-0.01,191,130835,卖盘
1082,13:38:18,6.86,--,35,24010,买盘
1083,13:38:15,6.86,0.01,20,13720,买盘
1084,13:38:09,6.85,--,11,7535,卖盘
1085,13:38:06,6.85,--,38,26030,卖盘
1086,13:38:03,6.85,-0.01,386,264410,卖盘
1087,13:38:00,6.86,--,50,34300,买盘
1088,13:37:57,6.86,0.01,14,9604,买盘
1089,13:37:54,6.85,-0.01,60,41100,卖盘
1090,13:37:51,6.86,--,307,210602,买盘
1091,13:37:39,6.86,--,12,8232,买盘
1092,13:37:36,6.86,0.01,3,2058,买盘
1093,13:37:33,6.85,-0.01,108,73980,卖盘
1094,13:37:30,6.86,0.01,192,131712,买盘
1095,13:37:18,6.85,0.01,237,162345,卖盘
1096,13:37:15,6.84,-0.01,438,299592,卖盘
1097,13:37:12,6.85,--,1137,778845,买盘
1098,13:37:09,6.85,--,25,17125,买盘
1099,13:37:06,6.85,0.01,22,15070,买盘
1100,13:37:03,6.84,-0.01,1,684,卖盘
1101,13:37:00,6.85,0.01,7,4795,买盘
1102,13:36:54,6.84,--,7,4788,卖盘
1103,13:36:42,6.84,--,19,12996,卖盘
1104,13:36:36,6.84,--,60,41040,卖盘
1105,13:36:33,6.84,-0.01,146,99864,卖盘
1106,13:36:30,6.85,0.01,75,51375,买盘
1107,13:36:27,6.84,--,9,6156,卖盘
1108,13:36:24,6.84,-0.01,6,4104,卖盘
1109,13:36:18,6.85,--,4,2740,买盘
1110,13:36:15,6.85,--,10,6850,买盘
1111,13:36:12,6.85,0.01,1,685,买盘
1112,13:36:09,6.84,-0.01,7,4788,卖盘
1113,13:36:06,6.85,0.01,16,10960,买盘
1114,13:35:57,6.84,--,13,8892,卖盘
1115,13:35:54,6.84,-0.01,6,4104,卖盘
1116,13:35:51,6.85,0.01,2,1370,买盘
1117,13:35:45,6.84,-0.01,11,7524,卖盘
1118,13:35:42,6.85,0.01,12,8220,买盘
1119,13:35:39,6.84,--,6,4104,卖盘
1120,13:35:33,6.84,--,182,124488,卖盘
1121,13:35:30,6.84,-0.01,6,4104,卖盘
1122,13:35:24,6.85,--,91,62335,买盘
1123,13:35:21,6.85,-0.01,103,70555,卖盘
1124,13:35:15,6.86,0.01,133,91238,买盘
1125,13:35:12,6.85,--,70,47950,卖盘
1126,13:35:09,6.85,-0.01,2,1370,卖盘
1127,13:35:06,6.86,0.01,16,10976,买盘
1128,13:35:03,6.85,--,152,104120,卖盘
1129,13:34:54,6.85,-0.01,7,4795,卖盘
1130,13:34:48,6.86,--,3,2058,买盘
1131,13:34:45,6.86,--,115,78890,买盘
1132,13:34:42,6.86,0.01,15,10290,买盘
1133,13:34:33,6.85,-0.01,89,60965,卖盘
1134,13:34:27,6.86,0.01,234,160524,买盘
1135,13:34:24,6.85,-0.01,115,78775,卖盘
1136,13:34:21,6.86,0.01,5,3430,买盘
1137,13:34:12,6.85,-0.01,51,34935,卖盘
1138,13:34:09,6.86,0.01,6,4116,买盘
1139,13:34:00,6.85,0.01,79,54115,中性盘
1140,13:33:51,6.84,-0.02,235,160740,卖盘
1141,13:33:48,6.86,0.01,16,10976,买盘
1142,13:33:42,6.85,--,20,13700,卖盘
1143,13:33:36,6.85,0.01,9,6165,买盘
1144,13:33:33,6.84,-0.01,84,57456,卖盘
1145,13:33:27,6.85,-0.01,3,2055,卖盘
1146,13:33:24,6.86,--,1,686,买盘
1147,13:33:21,6.86,--,1,686,买盘
1148,13:33:18,6.86,0.01,347,238042,买盘
1149,13:33:15,6.85,--,427,292495,卖盘
1150,13:33:12,6.85,--,1803,1235055,卖盘
1151,13:33:09,6.85,--,2,1370,卖盘
1152,13:33:06,6.85,-0.01,39,26715,卖盘
1153,13:32:57,6.86,--,5,3430,买盘
1154,13:32:48,6.86,--,12,8232,买盘
1155,13:32:45,6.86,0.01,17,11662,买盘
1156,13:32:36,6.85,--,127,86995,卖盘
1157,13:32:33,6.85,--,90,61650,卖盘
1158,13:32:30,6.85,-0.01,60,41100,卖盘
1159,13:32:27,6.86,0.01,44,30184,买盘
1160,13:32:18,6.85,--,10,7398,卖盘
1161,13:32:15,6.85,--,95,65075,卖盘
1162,13:32:09,6.85,-0.01,2,1370,卖盘
1163,13:32:03,6.86,0.01,29,19894,买盘
1164,13:32:00,6.85,--,134,91790,卖盘
1165,13:31:57,6.85,-0.01,2,1370,卖盘
1166,13:31:54,6.86,--,4,2744,买盘
1167,13:31:51,6.86,--,22,15092,买盘
1168,13:31:42,6.86,0.01,31,21266,买盘
1169,13:31:39,6.85,--,446,305510,卖盘
1170,13:31:33,6.85,-0.01,91,62335,卖盘
1171,13:31:27,6.86,0.01,5,3430,买盘
1172,13:31:24,6.85,--,7,4795,卖盘
1173,13:31:09,6.85,-0.01,8,5480,卖盘
1174,13:31:03,6.86,--,23,15778,买盘
1175,13:31:00,6.86,--,20,13720,买盘
1176,13:30:51,6.86,--,12,8232,买盘
1177,13:30:48,6.86,0.01,1,686,买盘
1178,13:30:45,6.85,-0.01,2,1370,卖盘
1179,13:30:42,6.86,--,3,2058,买盘
1180,13:30:36,6.86,0.01,1,686,买盘
1181,13:30:30,6.85,-0.01,216,147960,卖盘
1182,13:30:27,6.86,0.01,39,26754,买盘
1183,13:30:24,6.85,-0.01,1,685,卖盘
1184,13:30:12,6.86,0.01,28,19208,买盘
1185,13:30:09,6.85,--,1,685,卖盘
1186,13:30:06,6.85,-0.01,29,19865,卖盘
1187,13:30:00,6.86,--,1,686,买盘
1188,13:29:57,6.86,0.01,19,13034,买盘
1189,13:29:54,6.85,-0.01,13,8905,卖盘
1190,13:29:51,6.86,--,4,2744,买盘
1191,13:29:48,6.86,--,52,35672,买盘
1192,13:29:42,6.86,0.01,11,7546,买盘
1193,13:29:36,6.85,--,93,63705,卖盘
1194,13:29:30,6.85,-0.01,8,5480,卖盘
1195,13:29:21,6.86,0.01,1,686,买盘
1196,13:29:18,6.85,-0.01,10,6850,卖盘
1197,13:29:15,6.86,0.01,3,2058,买盘
1198,13:29:06,6.85,--,3,2055,卖盘
1199,13:29:00,6.85,-0.01,7,4795,卖盘
1200,13:28:57,6.86,0.01,60,41160,买盘
1201,13:28:51,6.85,-0.01,1,685,卖盘
1202,13:28:45,6.86,--,51,34986,买盘
1203,13:28:39,6.86,0.01,18,12348,买盘
1204,13:28:24,6.85,-0.01,1,685,卖盘
1205,13:28:21,6.86,0.01,12,8232,买盘
1206,13:28:15,6.85,--,10,6850,卖盘
1207,13:28:12,6.85,--,2,1370,卖盘
1208,13:28:09,6.85,--,2,1370,卖盘
1209,13:28:00,6.85,-0.01,1,685,卖盘
1210,13:27:57,6.86,--,26,17836,买盘
1211,13:27:51,6.86,--,20,13720,买盘
1212,13:27:45,6.86,0.01,203,139258,买盘
1213,13:27:39,6.85,-0.01,5,3425,卖盘
1214,13:27:36,6.86,--,4,2744,买盘
1215,13:27:33,6.86,0.01,10,6860,买盘
1216,13:27:30,6.85,--,20,13700,卖盘
1217,13:27:24,6.85,-0.01,2,1370,卖盘
1218,13:27:18,6.86,--,6,4116,买盘
1219,13:27:15,6.86,--,1,686,买盘
1220,13:27:12,6.86,0.01,3,2058,买盘
1221,13:27:09,6.85,--,1,685,卖盘
1222,13:27:06,6.85,--,2,1370,卖盘
1223,13:27:03,6.85,-0.01,13,8905,卖盘
1224,13:26:57,6.86,--,35,24010,买盘
1225,13:26:54,6.86,--,84,57624,买盘
1226,13:26:51,6.86,0.01,10,6860,买盘
1227,13:26:48,6.85,-0.01,30,21043,卖盘
1228,13:26:45,6.86,--,15,10290,买盘
1229,13:26:39,6.86,0.01,15,10290,买盘
1230,13:26:36,6.85,-0.01,18,12330,卖盘
1231,13:26:33,6.86,--,4,2744,买盘
1232,13:26:30,6.86,0.01,10,6860,买盘
1233,13:26:27,6.85,--,13,8905,卖盘
1234,13:26:24,6.85,-0.01,51,34935,卖盘
1235,13:26:21,6.86,0.01,4,2744,买盘
1236,13:26:15,6.85,--,56,38360,卖盘
1237,13:26:09,6.85,--,30,20550,卖盘
1238,13:26:03,6.85,-0.01,214,146590,卖盘
1239,13:25:57,6.86,--,40,27440,买盘
1240,13:25:54,6.86,0.01,22,15092,买盘
1241,13:25:51,6.85,-0.01,115,78775,卖盘
1242,13:25:42,6.86,--,5,3430,买盘
1243,13:25:39,6.86,--,30,20580,买盘
1244,13:25:30,6.86,--,19,13034,买盘
1245,13:25:27,6.86,--,11,7546,买盘
1246,13:25:24,6.86,0.01,21,14406,买盘
1247,13:25:21,6.85,-0.01,22,15070,卖盘
1248,13:25:12,6.86,0.01,43,29498,买盘
1249,13:25:06,6.85,--,2,1370,卖盘
1250,13:25:03,6.85,-0.01,1,685,卖盘
1251,13:25:00,6.86,--,1,686,买盘
1252,13:24:57,6.86,0.01,1510,1035860,买盘
1253,13:24:54,6.85,--,30,20550,卖盘
1254,13:24:51,6.85,-0.01,136,93160,卖盘
1255,13:24:48,6.86,--,1,686,买盘
1256,13:24:36,6.86,--,1446,991956,买盘
1257,13:24:33,6.86,--,8,5488,买盘
1258,13:24:27,6.86,--,16,10976,买盘
1259,13:24:24,6.86,--,4,2744,买盘
1260,13:24:21,6.86,0.01,3,2058,买盘
1261,13:24:15,6.85,--,70,47950,买盘
1262,13:24:06,6.85,--,12,8220,买盘
1263,13:24:00,6.85,--,156,106860,买盘
1264,13:23:54,6.85,0.01,15,10275,买盘
1265,13:23:48,6.84,-0.01,1391,951444,卖盘
1266,13:23:42,6.85,-0.01,59,40415,卖盘
1267,13:23:39,6.86,--,19,13034,买盘
1268,13:23:36,6.86,--,759,520674,买盘
1269,13:23:24,6.86,--,3,2058,买盘
1270,13:23:21,6.86,--,4,2744,买盘
1271,13:23:18,6.86,0.01,13,8918,买盘
1272,13:23:15,6.85,--,495,339075,买盘
1273,13:23:12,6.85,--,2,1370,买盘
1274,13:23:09,6.85,0.01,4,2740,买盘
1275,13:23:03,6.84,-0.01,1,684,卖盘
1276,13:22:57,6.85,--,6,4110,买盘
1277,13:22:54,6.85,--,298,204130,买盘
1278,13:22:51,6.85,--,97,66445,买盘
1279,13:22:48,6.85,--,15,10275,买盘
1280,13:22:45,6.85,--,2,1370,买盘
1281,13:22:36,6.85,--,7,4795,买盘
1282,13:22:33,6.85,0.01,181,123985,买盘
1283,13:22:30,6.84,-0.01,46,31464,卖盘
1284,13:22:27,6.85,--,15,10275,买盘
1285,13:22:24,6.85,--,4,2740,买盘
1286,13:22:21,6.85,0.01,2,1370,买盘
1287,13:22:18,6.84,--,6,4104,卖盘
1288,13:22:15,6.84,-0.01,8,5472,卖盘
1289,13:22:12,6.85,--,112,76720,买盘
1290,13:22:09,6.85,--,17,11645,买盘
1291,13:22:06,6.85,0.01,4,2740,买盘
1292,13:22:03,6.84,--,1,684,卖盘
1293,13:22:00,6.84,-0.01,110,75240,卖盘
1294,13:21:57,6.85,0.01,6,4110,买盘
1295,13:21:54,6.84,--,1,684,卖盘
1296,13:21:51,6.84,--,87,59508,卖盘
1297,13:21:45,6.84,-0.01,61,41724,卖盘
1298,13:21:42,6.85,--,2,1370,买盘
1299,13:21:36,6.85,--,4,2740,买盘
1300,13:21:30,6.85,0.01,2,1370,买盘
1301,13:21:27,6.84,-0.01,17,11628,卖盘
1302,13:21:24,6.85,--,4,2740,买盘
1303,13:21:18,6.85,--,2,1370,买盘
1304,13:21:15,6.85,0.01,4,2740,买盘
1305,13:21:09,6.84,-0.01,3,2052,卖盘
1306,13:21:06,6.85,--,2,1370,买盘
1307,13:21:03,6.85,--,15,10275,买盘
1308,13:21:00,6.85,0.01,24,16440,买盘
1309,13:20:51,6.84,--,11,7524,卖盘
1310,13:20:45,6.84,-0.01,34,23256,卖盘
1311,13:20:42,6.85,--,3,2055,买盘
1312,13:20:39,6.85,0.01,15,10275,买盘
1313,13:20:36,6.84,-0.01,1,684,卖盘
1314,13:20:33,6.85,--,6,4110,买盘
1315,13:20:24,6.85,--,4,2740,买盘
1316,13:20:21,6.85,--,1,685,买盘
1317,13:20:15,6.85,0.01,9,6165,买盘
1318,13:20:09,6.84,--,1,684,卖盘
1319,13:20:06,6.84,--,3,2052,卖盘
1320,13:19:54,6.84,-0.01,89,60876,卖盘
1321,13:19:51,6.85,--,17,11645,买盘
1322,13:19:42,6.85,--,4,2740,买盘
1323,13:19:39,6.85,0.01,2,1370,买盘
1324,13:19:33,6.84,-0.01,23,15732,卖盘
1325,13:19:30,6.85,0.01,1,685,买盘
1326,13:19:27,6.84,-0.01,3,2052,卖盘
1327,13:19:21,6.85,0.01,4,2740,买盘
1328,13:19:18,6.84,-0.01,1,684,卖盘
1329,13:19:12,6.85,0.01,6,4110,买盘
1330,13:19:09,6.84,-0.01,3,2052,卖盘
1331,13:19:06,6.85,0.01,15,10275,买盘
1332,13:19:03,6.84,-0.01,1,684,卖盘
1333,13:19:00,6.85,--,10,6850,买盘
1334,13:18:57,6.85,--,244,167140,买盘
1335,13:18:54,6.85,0.01,26,17810,买盘
1336,13:18:51,6.84,-0.01,104,71136,卖盘
1337,13:18:45,6.85,--,2,1370,买盘
1338,13:18:42,6.85,0.01,4,2740,买盘
1339,13:18:33,6.84,-0.01,33,22572,卖盘
1340,13:18:30,6.85,0.01,4,2740,买盘
1341,13:18:24,6.84,-0.01,22,15048,卖盘
1342,13:18:21,6.85,0.01,22,15070,买盘
1343,13:18:18,6.84,-0.01,160,109440,卖盘
1344,13:18:12,6.85,0.01,7,4795,买盘
1345,13:18:09,6.84,--,7,4788,卖盘
1346,13:18:03,6.84,-0.01,160,109440,卖盘
1347,13:18:00,6.85,0.01,13,8905,买盘
1348,13:17:57,6.84,--,5,3420,卖盘
1349,13:17:51,6.84,-0.01,90,61560,卖盘
1350,13:17:48,6.85,0.01,8,5480,买盘
1351,13:17:42,6.84,--,94,64296,买盘
1352,13:17:36,6.84,--,15,10260,买盘
1353,13:17:33,6.84,--,24,16416,买盘
1354,13:17:30,6.84,0.01,2,1368,买盘
1355,13:17:24,6.83,-0.01,3,2049,卖盘
1356,13:17:21,6.84,--,10,6840,买盘
1357,13:17:18,6.84,--,3,2052,买盘
1358,13:17:12,6.84,-0.01,10,6840,卖盘
1359,13:17:09,6.85,0.01,3,2055,买盘
1360,13:17:06,6.84,-0.01,1,684,卖盘
1361,13:17:03,6.85,--,2,1370,买盘
1362,13:17:00,6.85,--,30,20550,买盘
1363,13:16:57,6.85,--,1,685,买盘
1364,13:16:54,6.85,0.02,1,685,买盘
1365,13:16:51,6.83,-0.01,87,59421,卖盘
1366,13:16:48,6.84,-0.01,275,188100,卖盘
1367,13:16:45,6.85,--,31,21235,买盘
1368,13:16:42,6.85,--,12,8220,买盘
1369,13:16:39,6.85,--,3674,2516690,买盘
1370,13:16:33,6.85,--,9,6165,买盘
1371,13:16:27,6.85,0.01,2,1370,买盘
1372,13:16:24,6.84,-0.01,7,4788,卖盘
1373,13:16:21,6.85,0.01,1,685,买盘
1374,13:16:18,6.84,-0.01,5,3420,卖盘
1375,13:16:12,6.85,--,1,685,买盘
1376,13:16:09,6.85,0.01,2,1370,买盘
1377,13:16:06,6.84,-0.01,31,21204,卖盘
1378,13:16:03,6.85,--,1,685,买盘
1379,13:16:00,6.85,0.01,12,8220,买盘
1380,13:15:57,6.84,-0.01,86,58824,卖盘
1381,13:15:54,6.85,0.01,14,9590,买盘
1382,13:15:51,6.84,-0.01,1,684,卖盘
1383,13:15:48,6.85,--,359,245915,买盘
1384,13:15:42,6.85,0.01,42,28770,买盘
1385,13:15:39,6.84,-0.01,217,148428,卖盘
1386,13:15:33,6.85,--,1,685,买盘
1387,13:15:27,6.85,0.01,2,1370,买盘
1388,13:15:24,6.84,-0.01,2,1368,卖盘
1389,13:15:21,6.85,0.01,1,685,买盘
1390,13:15:18,6.84,-0.01,3,2052,卖盘
1391,13:15:15,6.85,--,100,68500,买盘
1392,13:15:12,6.85,--,1,685,买盘
1393,13:15:09,6.85,0.01,1,685,买盘
1394,13:15:06,6.84,-0.01,2,1368,卖盘
1395,13:15:03,6.85,--,7,4795,买盘
1396,13:14:57,6.85,--,51,34935,买盘
1397,13:14:54,6.85,--,3,2055,买盘
1398,13:14:51,6.85,--,1,685,买盘
1399,13:14:48,6.85,--,1,685,买盘
1400,13:14:42,6.85,--,1,685,买盘
1401,13:14:39,6.85,0.01,6,4110,买盘
1402,13:14:33,6.84,-0.01,12,8208,卖盘
1403,13:14:30,6.85,--,1,685,买盘
1404,13:14:27,6.85,0.01,2,1370,买盘
1405,13:14:24,6.84,-0.01,11,7524,卖盘
1406,13:14:21,6.85,0.01,188,128780,买盘
1407,13:14:18,6.84,-0.01,12,8208,卖盘
1408,13:14:12,6.85,0.01,2,1370,买盘
1409,13:14:09,6.84,-0.01,1,684,卖盘
1410,13:14:06,6.85,--,1,685,买盘
1411,13:14:03,6.85,--,1,685,买盘
1412,13:13:57,6.85,--,2,1370,买盘
1413,13:13:54,6.85,--,41,28085,买盘
1414,13:13:51,6.85,--,1,685,买盘
1415,13:13:48,6.85,0.01,13,8905,买盘
1416,13:13:45,6.84,-0.01,155,106020,卖盘
1417,13:13:42,6.85,0.01,6,4110,买盘
1418,13:13:36,6.84,-0.01,47,32148,卖盘
1419,13:13:33,6.85,0.01,2,1370,买盘
1420,13:13:30,6.84,-0.01,6,4104,卖盘
1421,13:13:27,6.85,0.01,74,50690,买盘
1422,13:13:24,6.84,-0.01,2,1368,卖盘
1423,13:13:21,6.85,--,1,685,买盘
1424,13:13:18,6.85,0.01,2,1370,买盘
1425,13:13:15,6.84,-0.01,333,227772,卖盘
1426,13:13:12,6.85,0.01,1,685,买盘
1427,13:13:09,6.84,--,10,6840,卖盘
1428,13:13:06,6.84,-0.01,1,684,卖盘
1429,13:13:00,6.85,0.01,30,20550,买盘
1430,13:12:54,6.84,--,30,20520,卖盘
1431,13:12:48,6.84,--,45,30780,卖盘
1432,13:12:39,6.84,--,25,17100,卖盘
1433,13:12:36,6.84,--,14,9576,卖盘
1434,13:12:30,6.84,--,8,5472,卖盘
1435,13:12:27,6.84,--,1,684,卖盘
1436,13:12:24,6.84,-0.01,6,4104,卖盘
1437,13:12:21,6.85,0.01,11,7535,买盘
1438,13:12:18,6.84,--,192,131328,卖盘
1439,13:12:06,6.84,--,1,684,卖盘
1440,13:11:57,6.84,--,11,7524,卖盘
1441,13:11:48,6.84,-0.01,1,684,卖盘
1442,13:11:36,6.85,0.01,1,685,买盘
1443,13:11:33,6.84,-0.01,4,2736,卖盘
1444,13:11:27,6.85,--,44,30140,买盘
1445,13:11:24,6.85,--,17,11645,买盘
1446,13:11:21,6.85,0.01,1,685,买盘
1447,13:11:18,6.84,-0.01,1,684,卖盘
1448,13:11:15,6.85,0.01,31,21235,买盘
1449,13:11:06,6.84,--,43,29412,卖盘
1450,13:11:00,6.84,--,10,6840,卖盘
1451,13:10:45,6.84,-0.01,137,93708,卖盘
1452,13:10:39,6.85,--,94,64390,买盘
1453,13:10:36,6.85,--,12,8220,买盘
1454,13:10:33,6.85,--,5,3425,买盘
1455,13:10:30,6.85,0.01,17,11645,买盘
1456,13:10:24,6.84,-0.01,2,1368,卖盘
1457,13:10:21,6.85,0.01,1,685,买盘
1458,13:10:18,6.84,-0.01,10,6840,卖盘
1459,13:10:12,6.85,0.01,14,9590,买盘
1460,13:10:09,6.84,--,3,2052,卖盘
1461,13:10:06,6.84,--,167,114228,卖盘
1462,13:09:54,6.84,--,1,684,卖盘
1463,13:09:39,6.84,-0.01,30,20520,卖盘
1464,13:09:36,6.85,0.01,3,2055,买盘
1465,13:09:24,6.84,-0.01,1,684,卖盘
1466,13:09:21,6.85,0.01,1,685,买盘
1467,13:09:18,6.84,--,2,1368,卖盘
1468,13:09:15,6.84,-0.01,301,205884,卖盘
1469,13:09:12,6.85,0.01,4,2740,买盘
1470,13:09:06,6.84,-0.01,1,684,卖盘
1471,13:08:57,6.85,--,1,685,买盘
1472,13:08:54,6.85,0.01,40,27400,买盘
1473,13:08:51,6.84,--,1,684,卖盘
1474,13:08:39,6.84,--,50,34200,卖盘
1475,13:08:33,6.84,--,1,684,卖盘
1476,13:08:30,6.84,--,1,684,卖盘
1477,13:08:24,6.84,-0.01,1,684,卖盘
1478,13:08:21,6.85,0.01,1,685,买盘
1479,13:08:18,6.84,-0.01,4,2736,卖盘
1480,13:08:15,6.85,-0.01,232,158920,卖盘
1481,13:08:09,6.86,0.01,12,8232,买盘
1482,13:08:06,6.85,--,2,1370,卖盘
1483,13:08:03,6.85,-0.01,11,7535,卖盘
1484,13:07:39,6.86,--,20,13720,买盘
1485,13:07:36,6.86,0.01,11,7546,买盘
1486,13:07:24,6.85,-0.01,12,8220,卖盘
1487,13:07:21,6.86,0.01,1,686,买盘
1488,13:07:18,6.85,--,3,2055,卖盘
1489,13:07:15,6.85,-0.01,200,137000,卖盘
1490,13:07:09,6.86,--,7,4802,买盘
1491,13:07:06,6.86,0.01,3,2058,买盘
1492,13:07:03,6.85,--,200,137000,卖盘
1493,13:07:00,6.85,--,200,137000,卖盘
1494,13:06:57,6.85,--,15,10275,卖盘
1495,13:06:54,6.85,--,45,30825,卖盘
1496,13:06:51,6.85,--,1,685,卖盘
1497,13:06:45,6.85,--,1,685,卖盘
1498,13:06:36,6.85,--,1,685,卖盘
1499,13:06:27,6.85,--,1,685,卖盘
1500,13:06:24,6.85,-0.01,100,68500,卖盘
1501,13:06:21,6.86,0.01,2,1372,买盘
1502,13:06:18,6.85,-0.01,62,42470,卖盘
1503,13:06:15,6.86,0.01,1,686,买盘
1504,13:06:09,6.85,--,1,685,卖盘
1505,13:06:06,6.85,--,21,14385,卖盘
1506,13:06:03,6.85,-0.01,1,685,卖盘
1507,13:05:51,6.86,0.01,14,9604,买盘
1508,13:05:48,6.85,-0.01,6,4110,卖盘
1509,13:05:45,6.86,0.01,1,686,买盘
1510,13:05:42,6.85,--,1,685,卖盘
1511,13:05:39,6.85,--,4,2740,卖盘
1512,13:05:36,6.85,-0.01,501,343185,卖盘
1513,13:05:33,6.86,0.01,44,30184,买盘
1514,13:05:24,6.85,-0.01,2,1370,卖盘
1515,13:05:21,6.86,0.01,1,686,买盘
1516,13:05:18,6.85,--,2,1370,卖盘
1517,13:05:09,6.85,--,1,685,卖盘
1518,13:05:06,6.85,--,2,1370,卖盘
1519,13:05:00,6.85,-0.01,1,685,卖盘
1520,13:04:57,6.86,0.01,48,32928,买盘
1521,13:04:54,6.85,--,13,8905,卖盘
1522,13:04:48,6.85,--,1,685,卖盘
1523,13:04:45,6.85,--,1,685,卖盘
1524,13:04:42,6.85,--,96,65760,卖盘
1525,13:04:36,6.85,--,25,17125,卖盘
1526,13:04:24,6.85,--,101,69185,卖盘
1527,13:04:21,6.85,--,45,30825,卖盘
1528,13:04:18,6.85,--,1,685,卖盘
1529,13:04:06,6.85,--,1,685,卖盘
1530,13:04:03,6.85,--,98,67130,卖盘
1531,13:03:54,6.85,--,79,54115,卖盘
1532,13:03:51,6.85,-0.01,2,1370,卖盘
1533,13:03:42,6.86,--,14,9604,买盘
1534,13:03:39,6.86,0.01,24,16464,买盘
1535,13:03:36,6.85,-0.01,1,685,卖盘
1536,13:03:33,6.86,0.01,1,686,买盘
1537,13:03:21,6.85,--,2,1370,卖盘
1538,13:03:18,6.85,--,1,685,卖盘
1539,13:03:09,6.85,-0.01,2,1370,卖盘
1540,13:03:06,6.86,0.01,15,10290,买盘
1541,13:03:03,6.85,-0.01,2,1370,卖盘
1542,13:03:00,6.86,--,1,686,买盘
1543,13:02:51,6.86,--,3,2058,买盘
1544,13:02:36,6.86,--,3,2058,买盘
1545,13:02:27,6.86,0.01,1,686,买盘
1546,13:02:24,6.85,-0.01,25,17125,卖盘
1547,13:02:21,6.86,0.01,1,686,买盘
1548,13:02:18,6.85,--,1,685,卖盘
1549,13:02:15,6.85,--,1,685,卖盘
1550,13:02:00,6.85,--,1,685,卖盘
1551,13:01:54,6.85,--,20,13700,卖盘
1552,13:01:48,6.85,--,101,69185,卖盘
1553,13:01:36,6.85,-0.01,11,7535,卖盘
1554,13:01:33,6.86,0.01,4,2744,买盘
1555,13:01:30,6.85,--,76,52060,卖盘
1556,13:01:24,6.85,-0.01,1,685,卖盘
1557,13:01:21,6.86,0.01,1,686,买盘
1558,13:01:18,6.85,--,1,685,卖盘
1559,13:01:12,6.85,--,226,154810,卖盘
1560,13:01:03,6.85,--,11,7535,卖盘
1561,13:00:51,6.85,--,1,685,卖盘
1562,13:00:42,6.85,--,1,685,卖盘
1563,13:00:36,6.85,-0.01,1,685,卖盘
1564,13:00:27,6.86,--,5,3430,买盘
1565,13:00:21,6.86,--,1,686,买盘
1566,13:00:18,6.86,0.01,30,20580,买盘
1567,13:00:12,6.85,--,1,685,卖盘
1568,13:00:09,6.85,--,31,21235,卖盘
1569,13:00:06,6.85,-0.01,76,52060,卖盘
1570,13:00:03,6.86,0.01,2734,1875524,买盘
1571,13:00:00,6.85,--,0,0,卖盘
1572,11:30:00,6.85,--,0,0,卖盘
1573,11:29:57,6.85,--,244,167140,卖盘
1574,11:29:45,6.85,--,10,6850,卖盘
1575,11:29:36,6.85,--,1,685,卖盘
1576,11:29:33,6.85,-0.01,19,13015,卖盘
1577,11:29:24,6.86,--,6,4116,买盘
1578,11:29:21,6.86,--,13,8918,买盘
1579,11:29:18,6.86,0.01,4,2744,买盘
1580,11:29:15,6.85,--,1,685,卖盘
1581,11:28:57,6.85,-0.01,1,685,卖盘
1582,11:28:45,6.86,0.01,1,686,买盘
1583,11:28:36,6.85,-0.01,1,685,卖盘
1584,11:28:33,6.86,--,11,7546,买盘
1585,11:28:30,6.86,0.01,3,2058,买盘
1586,11:28:24,6.85,-0.01,1,685,卖盘
1587,11:28:21,6.86,--,7,4802,买盘
1588,11:28:18,6.86,0.01,1,686,买盘
1589,11:28:09,6.85,--,10,6850,卖盘
1590,11:28:06,6.85,-0.01,7,4795,卖盘
1591,11:28:03,6.86,--,76,52136,买盘
1592,11:28:00,6.86,--,33,22638,买盘
1593,11:27:57,6.86,--,21,14406,买盘
1594,11:27:54,6.86,0.01,80,54880,买盘
1595,11:27:51,6.85,-0.01,18,12330,卖盘
1596,11:27:48,6.86,0.01,2,1372,买盘
1597,11:27:42,6.85,--,32,21920,卖盘
1598,11:27:36,6.85,--,3,2055,卖盘
1599,11:27:24,6.85,-0.01,1,685,卖盘
1600,11:27:21,6.86,0.01,1,686,买盘
1601,11:27:18,6.85,-0.01,1,685,卖盘
1602,11:27:15,6.86,--,4,2744,买盘
1603,11:27:12,6.86,--,10,6860,买盘
1604,11:27:09,6.86,0.01,61,41846,买盘
1605,11:27:03,6.85,--,1,685,卖盘
1606,11:27:00,6.85,-0.01,200,137000,卖盘
1607,11:26:57,6.86,--,15,10290,买盘
1608,11:26:48,6.86,--,40,27440,买盘
1609,11:26:45,6.86,0.01,36,24696,买盘
1610,11:26:39,6.85,--,80,54800,卖盘
1611,11:26:36,6.85,--,6,4110,卖盘
1612,11:26:33,6.85,-0.01,23,15755,卖盘
1613,11:26:27,6.86,0.01,3,2058,买盘
1614,11:26:24,6.85,--,1,685,卖盘
1615,11:26:21,6.85,-0.01,92,63020,卖盘
1616,11:26:15,6.86,0.01,3,2058,买盘
1617,11:26:12,6.85,--,75,51375,卖盘
1618,11:26:06,6.85,-0.01,34,23290,卖盘
1619,11:26:03,6.86,0.01,3,2058,买盘
1620,11:26:00,6.85,--,137,93845,卖盘
1621,11:25:57,6.85,-0.01,8,5480,卖盘
1622,11:25:45,6.86,0.01,8,5488,买盘
1623,11:25:42,6.85,-0.01,21,14385,卖盘
1624,11:25:39,6.86,0.01,46,31556,买盘
1625,11:25:36,6.85,-0.01,11,7535,卖盘
1626,11:25:33,6.86,0.01,1,686,买盘
1627,11:25:24,6.85,--,90,61650,卖盘
1628,11:25:21,6.85,-0.01,87,59595,卖盘
1629,11:25:18,6.86,--,5,3430,买盘
1630,11:25:06,6.86,0.01,9,6174,买盘
1631,11:25:03,6.85,--,1,685,卖盘
1632,11:25:00,6.85,--,524,358940,买盘
1633,11:24:42,6.85,--,50,34250,买盘
1634,11:24:39,6.85,--,4,2740,买盘
1635,11:24:36,6.85,0.01,13,8905,买盘
1636,11:24:33,6.84,--,1,684,卖盘
1637,11:24:24,6.84,--,91,62244,卖盘
1638,11:24:18,6.84,-0.01,1,684,卖盘
1639,11:24:09,6.85,--,3,2055,买盘
1640,11:24:06,6.85,--,1,685,买盘
1641,11:24:03,6.85,0.01,2,1370,买盘
1642,11:23:57,6.84,-0.01,13,8892,卖盘
1643,11:23:54,6.85,0.01,52,35620,买盘
1644,11:23:33,6.84,-0.01,1,684,卖盘
1645,11:23:30,6.85,0.01,1,685,买盘
1646,11:23:24,6.84,--,3,2052,卖盘
1647,11:23:21,6.84,-0.01,107,73188,卖盘
1648,11:23:18,6.85,0.01,10,6850,买盘
1649,11:23:15,6.84,--,31,21204,卖盘
1650,11:23:12,6.84,-0.01,4,2736,卖盘
1651,11:23:06,6.85,--,30,20550,买盘
1652,11:23:03,6.85,--,21,14385,买盘
1653,11:22:57,6.85,-0.01,11,7535,卖盘
1654,11:22:54,6.86,--,4,2744,买盘
1655,11:22:51,6.86,--,2196,1506456,买盘
1656,11:22:45,6.86,--,4,2744,买盘
1657,11:22:42,6.86,--,1,686,买盘
1658,11:22:36,6.86,0.01,2,1372,买盘
1659,11:22:27,6.85,-0.01,1,685,卖盘
1660,11:22:24,6.86,0.01,87,59682,买盘
1661,11:22:21,6.85,--,25,17125,卖盘
1662,11:22:18,6.85,--,100,68500,卖盘
1663,11:22:03,6.85,-0.01,21,14385,卖盘
1664,11:21:57,6.86,--,40,27440,买盘
1665,11:21:54,6.86,--,1,686,买盘
1666,11:21:51,6.86,--,20,13720,买盘
1667,11:21:45,6.86,0.01,5,3430,买盘
1668,11:21:42,6.85,-0.01,501,343185,卖盘
1669,11:21:39,6.86,0.01,2,1372,买盘
1670,11:21:33,6.85,--,2,1370,卖盘
1671,11:21:30,6.85,--,30,20550,卖盘
1672,11:21:27,6.85,-0.01,4,2740,卖盘
1673,11:21:24,6.86,0.01,3,2058,买盘
1674,11:21:21,6.85,--,30,20550,卖盘
1675,11:21:18,6.85,--,1,685,卖盘
1676,11:21:12,6.85,0.01,2054,1406990,买盘
1677,11:21:09,6.84,--,59,40356,买盘
1678,11:21:03,6.84,--,7,4788,买盘
1679,11:21:00,6.84,--,1,684,买盘
1680,11:20:57,6.84,--,1,684,买盘
1681,11:20:54,6.84,--,10,6840,买盘
1682,11:20:48,6.84,--,13,8892,买盘
1683,11:20:45,6.84,--,1020,697680,买盘
1684,11:20:42,6.84,0.01,14,9576,买盘
1685,11:20:33,6.83,--,43,29369,卖盘
1686,11:20:30,6.83,-0.01,97,66251,卖盘
1687,11:20:27,6.84,--,11,7524,买盘
1688,11:20:24,6.84,--,50,34200,买盘
1689,11:20:21,6.84,--,5,3420,买盘
1690,11:20:18,6.84,0.01,90,61560,买盘
1691,11:20:15,6.83,--,14,9562,卖盘
1692,11:20:12,6.83,--,16,10928,卖盘
1693,11:20:09,6.83,--,2,1366,卖盘
1694,11:20:03,6.83,-0.01,5,3415,卖盘
1695,11:19:57,6.84,--,10,6840,买盘
1696,11:19:54,6.84,--,1,684,买盘
1697,11:19:51,6.84,--,4,2736,买盘
1698,11:19:48,6.84,--,11,7524,买盘
1699,11:19:45,6.84,--,20,13680,买盘
1700,11:19:42,6.84,0.01,55,37620,买盘
1701,11:19:39,6.83,-0.01,18,12294,卖盘
1702,11:19:33,6.84,--,13,8892,买盘
1703,11:19:30,6.84,--,95,64980,买盘
1704,11:19:24,6.84,0.01,79,54036,买盘
1705,11:19:18,6.83,--,1,683,卖盘
1706,11:19:03,6.83,--,1,683,卖盘
1707,11:19:00,6.83,-0.01,1,683,卖盘
1708,11:18:54,6.84,--,14,9576,买盘
1709,11:18:51,6.84,--,119,81396,买盘
1710,11:18:45,6.84,--,5,3420,买盘
1711,11:18:36,6.84,0.01,760,519840,买盘
1712,11:18:33,6.83,-0.01,1,683,卖盘
1713,11:18:30,6.84,0.01,15,10260,买盘
1714,11:18:27,6.83,--,107,73081,卖盘
1715,11:18:24,6.83,--,2,1366,卖盘
1716,11:18:18,6.83,--,1,683,卖盘
1717,11:18:15,6.83,-0.01,1,683,卖盘
1718,11:18:06,6.84,0.01,10,6840,买盘
1719,11:18:03,6.83,--,1,683,卖盘
1720,11:18:00,6.83,-0.01,100,68300,卖盘
1721,11:17:54,6.84,0.01,86,58824,买盘
1722,11:17:51,6.83,-0.01,530,361990,卖盘
1723,11:17:45,6.84,0.01,2,1368,买盘
1724,11:17:39,6.83,-0.01,2,1366,卖盘
1725,11:17:33,6.84,0.01,155,106020,买盘
1726,11:17:27,6.83,--,129,88107,卖盘
1727,11:17:24,6.83,--,1,683,卖盘
1728,11:17:21,6.83,-0.01,1,683,卖盘
1729,11:17:15,6.84,0.01,20,13680,买盘
1730,11:17:12,6.83,-0.01,25,17075,卖盘
1731,11:17:06,6.84,0.01,50,34200,买盘
1732,11:17:03,6.83,--,1,683,卖盘
1733,11:16:57,6.83,--,51,34833,卖盘
1734,11:16:54,6.83,--,83,56689,卖盘
1735,11:16:51,6.83,--,30,20490,卖盘
1736,11:16:42,6.83,--,36,24588,卖盘
1737,11:16:39,6.83,--,1,683,卖盘
1738,11:16:33,6.83,--,1,683,卖盘
1739,11:16:27,6.83,-0.01,88,60104,卖盘
1740,11:16:24,6.84,--,7,4788,买盘
1741,11:16:21,6.84,0.01,10,6840,买盘
1742,11:16:18,6.83,--,40,27320,卖盘
1743,11:16:12,6.83,--,78,53274,卖盘
1744,11:16:03,6.83,--,1,683,卖盘
1745,11:15:57,6.83,--,12,8196,卖盘
1746,11:15:54,6.83,-0.01,85,58055,卖盘
1747,11:15:33,6.84,--,11,7524,买盘
1748,11:15:27,6.84,0.01,69,47196,买盘
1749,11:15:24,6.83,-0.01,3,2049,卖盘
1750,11:15:21,6.84,0.01,4,2736,买盘
1751,11:15:18,6.83,--,1,683,卖盘
1752,11:15:15,6.83,--,1,683,卖盘
1753,11:15:03,6.83,--,1,683,卖盘
1754,11:14:57,6.83,--,167,114061,卖盘
1755,11:14:54,6.83,-0.01,30,20490,卖盘
1756,11:14:51,6.84,0.01,2,1368,买盘
1757,11:14:48,6.83,--,100,68300,卖盘
1758,11:14:42,6.83,--,7,4781,卖盘
1759,11:14:39,6.83,--,15,10245,卖盘
1760,11:14:33,6.83,--,1,683,卖盘
1761,11:14:27,6.83,-0.01,257,175531,卖盘
1762,11:14:24,6.84,0.01,2,1368,买盘
1763,11:14:21,6.83,--,3,2049,卖盘
1764,11:14:18,6.83,-0.01,33,22539,卖盘
1765,11:14:15,6.84,--,37,25308,买盘
1766,11:14:09,6.84,0.01,10,6840,买盘
1767,11:14:06,6.83,--,2,1366,卖盘
1768,11:14:03,6.83,-0.01,1,683,卖盘
1769,11:14:00,6.84,0.01,33,22572,买盘
1770,11:13:57,6.83,--,89,60787,卖盘
1771,11:13:54,6.83,--,85,58055,卖盘
1772,11:13:51,6.83,-0.01,10,6830,卖盘
1773,11:13:39,6.84,--,62,42408,买盘
1774,11:13:36,6.84,0.01,2,1368,买盘
1775,11:13:33,6.83,--,51,34833,卖盘
1776,11:13:30,6.83,--,170,116110,卖盘
1777,11:13:24,6.83,--,1,683,卖盘
1778,11:13:21,6.83,--,302,206266,卖盘
1779,11:13:18,6.83,-0.01,1,683,卖盘
1780,11:13:15,6.84,--,11,7524,买盘
1781,11:13:12,6.84,0.01,1,684,买盘
1782,11:13:09,6.83,--,21,14343,卖盘
1783,11:13:06,6.83,-0.01,4,2732,卖盘
1784,11:13:03,6.84,0.01,4,2736,买盘
1785,11:13:00,6.83,--,11,7513,卖盘
1786,11:12:57,6.83,-0.01,89,60787,卖盘
1787,11:12:51,6.84,--,30,20520,买盘
1788,11:12:45,6.84,--,5,3420,买盘
1789,11:12:42,6.84,--,50,34200,买盘
1790,11:12:39,6.84,--,3,2052,买盘
1791,11:12:36,6.84,0.01,1,684,买盘
1792,11:12:33,6.83,-0.01,4,2732,卖盘
1793,11:12:30,6.84,0.01,11,7524,买盘
1794,11:12:21,6.83,--,1,683,卖盘
1795,11:12:18,6.83,--,1,683,卖盘
1796,11:12:15,6.83,-0.01,18,12294,卖盘
1797,11:12:12,6.84,0.01,7,4788,买盘
1798,11:12:06,6.83,-0.01,8,5464,卖盘
1799,11:12:00,6.84,0.01,11,7524,买盘
1800,11:11:57,6.83,-0.01,100,68300,卖盘
1801,11:11:54,6.84,--,1,684,买盘
1802,11:11:51,6.84,0.01,11,7524,买盘
1803,11:11:45,6.83,-0.01,3,2049,卖盘
1804,11:11:42,6.84,0.01,9,6156,买盘
1805,11:11:39,6.83,--,50,34150,卖盘
1806,11:11:36,6.83,-0.01,61,41663,卖盘
1807,11:11:33,6.84,--,10,6840,买盘
1808,11:11:30,6.84,0.01,1,684,买盘
1809,11:11:24,6.83,--,159,108597,卖盘
1810,11:11:15,6.83,-0.01,119,81277,卖盘
1811,11:11:12,6.84,0.01,4,2736,买盘
1812,11:11:06,6.83,--,33,22539,卖盘
1813,11:11:03,6.83,-0.01,39,26637,卖盘
1814,11:11:00,6.84,0.01,17,11628,买盘
1815,11:10:57,6.83,--,86,58738,卖盘
1816,11:10:54,6.83,--,5,3415,卖盘
1817,11:10:51,6.83,--,101,68983,卖盘
1818,11:10:42,6.83,--,10,6830,卖盘
1819,11:10:39,6.83,-0.01,139,94937,卖盘
1820,11:10:36,6.84,--,1,684,买盘
1821,11:10:30,6.84,0.01,1,684,买盘
1822,11:10:27,6.83,--,10,6830,卖盘
1823,11:10:24,6.83,--,1,683,卖盘
1824,11:10:21,6.83,--,1,683,卖盘
1825,11:10:18,6.83,--,101,68983,买盘
1826,11:10:15,6.83,--,66,45078,买盘
1827,11:10:12,6.83,0.01,15,10245,买盘
1828,11:10:09,6.82,--,8,5456,卖盘
1829,11:10:06,6.82,-0.01,4,2728,卖盘
1830,11:10:03,6.83,0.01,49,33467,中性盘
1831,11:10:00,6.82,-0.02,726,495132,卖盘
1832,11:09:57,6.84,--,3,2052,买盘
1833,11:09:51,6.84,--,13,8892,买盘
1834,11:09:48,6.84,0.01,13,8892,买盘
1835,11:09:42,6.83,-0.01,41,28003,卖盘
1836,11:09:39,6.84,0.02,11,7524,买盘
1837,11:09:36,6.82,-0.01,49,33418,卖盘
1838,11:09:33,6.83,0.01,110,75567,买盘
1839,11:09:30,6.82,-0.01,201,137082,卖盘
1840,11:09:27,6.83,0.01,26,17758,买盘
1841,11:09:21,6.82,-0.01,1,682,卖盘
1842,11:09:18,6.83,--,138,94254,买盘
1843,11:09:12,6.83,0.01,117,79911,买盘
1844,11:09:06,6.82,-0.01,2,1364,卖盘
1845,11:09:03,6.83,--,130,88790,买盘
1846,11:09:00,6.83,--,1,683,买盘
1847,11:08:57,6.83,--,20,13660,买盘
1848,11:08:54,6.83,--,4,2732,买盘
1849,11:08:51,6.83,--,195,133185,买盘
1850,11:08:48,6.83,0.01,10,6830,买盘
1851,11:08:45,6.82,--,123,83886,卖盘
1852,11:08:42,6.82,--,95,64790,卖盘
1853,11:08:39,6.82,-0.01,6,4092,卖盘
1854,11:08:36,6.83,--,5,3415,买盘
1855,11:08:33,6.83,--,37,25271,买盘
1856,11:08:30,6.83,--,35,23905,买盘
1857,11:08:27,6.83,0.01,4,2732,买盘
1858,11:08:21,6.82,-0.01,4,2728,卖盘
1859,11:08:18,6.83,--,15,10245,买盘
1860,11:08:12,6.83,--,175,119770,卖盘
1861,11:08:06,6.83,--,301,205583,卖盘
1862,11:08:00,6.83,--,26,17758,卖盘
1863,11:07:57,6.83,--,1,683,卖盘
1864,11:07:54,6.83,-0.01,14,9562,卖盘
1865,11:07:51,6.84,0.01,810,554040,买盘
1866,11:07:48,6.83,-0.01,180,122940,卖盘
1867,11:07:42,6.84,--,100,68400,买盘
1868,11:07:39,6.84,0.01,14,9576,买盘
1869,11:07:36,6.83,--,600,409800,卖盘
1870,11:07:33,6.83,--,30,20490,卖盘
1871,11:07:30,6.83,-0.01,268,183044,卖盘
1872,11:07:24,6.84,0.01,1,684,买盘
1873,11:07:21,6.83,--,51,34833,卖盘
1874,11:07:18,6.83,--,113,77179,卖盘
1875,11:07:12,6.83,--,40,27320,卖盘
1876,11:07:06,6.83,--,66,45078,卖盘
1877,11:07:03,6.83,--,7,4781,卖盘
1878,11:06:42,6.83,--,55,37565,卖盘
1879,11:06:39,6.83,--,210,143430,卖盘
1880,11:06:36,6.83,--,1,683,卖盘
1881,11:06:33,6.83,-0.01,3,2049,卖盘
1882,11:06:24,6.84,0.01,8,5472,买盘
1883,11:06:21,6.83,-0.01,1,683,卖盘
1884,11:06:18,6.84,0.01,2762,1889208,买盘
1885,11:06:15,6.83,--,10,6830,卖盘
1886,11:06:12,6.83,--,62,42346,卖盘
1887,11:06:09,6.83,--,62,42346,卖盘
1888,11:06:06,6.83,0.01,1038,709391,买盘
1889,11:06:03,6.82,--,174,118668,卖盘
1890,11:06:00,6.82,-0.01,13,8866,卖盘
1891,11:05:57,6.83,--,20,13660,买盘
1892,11:05:51,6.83,0.01,20,13660,买盘
1893,11:05:48,6.82,--,31,21142,卖盘
1894,11:05:45,6.82,--,22,15004,卖盘
1895,11:05:42,6.82,--,132,90024,卖盘
1896,11:05:39,6.82,-0.01,10,6820,卖盘
1897,11:05:36,6.83,--,22,15026,买盘
1898,11:05:30,6.83,0.01,53,36199,买盘
1899,11:05:21,6.82,--,1,682,卖盘
1900,11:05:18,6.82,--,10,6820,卖盘
1901,11:05:15,6.82,-0.01,20,13640,卖盘
1902,11:05:12,6.83,--,100,68300,买盘
1903,11:05:06,6.83,--,11,7513,买盘
1904,11:05:03,6.83,0.01,50,34150,买盘
1905,11:05:00,6.82,-0.01,31,21142,卖盘
1906,11:04:57,6.83,0.01,107,73081,买盘
1907,11:04:54,6.82,--,60,40920,卖盘
1908,11:04:51,6.82,-0.01,80,54560,卖盘
1909,11:04:48,6.83,0.01,100,68300,买盘
1910,11:04:42,6.82,--,91,62062,卖盘
1911,11:04:39,6.82,-0.01,32,21824,卖盘
1912,11:04:36,6.83,--,101,68983,买盘
1913,11:04:30,6.83,0.01,17,11611,买盘
1914,11:04:21,6.82,-0.01,5,3410,卖盘
1915,11:04:18,6.83,0.01,3,2049,买盘
1916,11:04:15,6.82,-0.01,23,15686,卖盘
1917,11:04:12,6.83,0.01,200,136600,买盘
1918,11:04:09,6.82,--,20,13640,卖盘
1919,11:04:06,6.82,-0.01,1,682,卖盘
1920,11:04:03,6.83,--,96,65568,买盘
1921,11:04:00,6.83,0.01,1,683,买盘
1922,11:03:54,6.82,--,15,10230,卖盘
1923,11:03:45,6.82,--,18,12276,卖盘
1924,11:03:42,6.82,-0.01,1426,972532,卖盘
1925,11:03:39,6.83,--,125,85375,买盘
1926,11:03:33,6.83,--,848,579184,买盘
1927,11:03:27,6.83,--,28,19124,买盘
1928,11:03:24,6.83,0.01,59,40297,买盘
1929,11:03:21,6.82,-0.01,1,682,卖盘
1930,11:03:18,6.83,--,112,76496,买盘
1931,11:03:12,6.83,0.01,70,47810,买盘
1932,11:03:09,6.82,--,394,268708,卖盘
1933,11:03:06,6.82,-0.01,6,4092,卖盘
1934,11:03:03,6.83,--,9,6147,买盘
1935,11:02:57,6.83,--,50,34150,买盘
1936,11:02:54,6.83,0.01,10,6830,买盘
1937,11:02:51,6.82,-0.01,97,66154,卖盘
1938,11:02:48,6.83,--,356,243148,买盘
1939,11:02:45,6.83,--,10,6830,买盘
1940,11:02:39,6.83,--,2,1366,买盘
1941,11:02:33,6.83,--,43,29369,买盘
1942,11:02:30,6.83,0.01,20,13660,买盘
1943,11:02:24,6.82,-0.01,13,8866,卖盘
1944,11:02:21,6.83,0.01,4,2732,买盘
1945,11:02:18,6.82,-0.01,3547,2419299,卖盘
1946,11:02:15,6.83,--,20,13660,卖盘
1947,11:02:12,6.83,--,50,34696,卖盘
1948,11:02:09,6.83,--,100,68300,卖盘
1949,11:02:06,6.83,--,18,12294,卖盘
1950,11:02:03,6.83,-0.01,63,43029,卖盘
1951,11:02:00,6.84,0.01,20,13680,买盘
1952,11:01:57,6.83,-0.01,4,2732,卖盘
1953,11:01:54,6.84,0.01,27,18468,买盘
1954,11:01:45,6.83,--,42,28686,卖盘
1955,11:01:39,6.83,--,12,8196,卖盘
1956,11:01:36,6.83,-0.01,222,151626,卖盘
1957,11:01:30,6.84,0.01,20,13680,买盘
1958,11:01:27,6.83,--,87,59421,卖盘
1959,11:01:24,6.83,--,302,206266,卖盘
1960,11:01:21,6.83,--,1,683,卖盘
1961,11:01:18,6.83,--,2,1366,卖盘
1962,11:01:15,6.83,-0.01,52,35516,卖盘
1963,11:01:12,6.84,0.01,113,77292,买盘
1964,11:01:09,6.83,--,154,105182,卖盘
1965,11:01:06,6.83,--,53,36199,卖盘
1966,11:01:03,6.83,--,2,1366,卖盘
1967,11:00:51,6.83,--,35,23905,卖盘
1968,11:00:48,6.83,-0.01,2572,1756676,卖盘
1969,11:00:39,6.84,--,81,55404,卖盘
1970,11:00:36,6.84,--,160,109440,卖盘
1971,11:00:33,6.84,0.01,1261,862524,买盘
1972,11:00:30,6.83,-0.01,86,58738,卖盘
1973,11:00:27,6.84,0.01,982,671688,买盘
1974,11:00:21,6.83,--,31,21173,卖盘
1975,11:00:18,6.83,--,42,28686,卖盘
1976,11:00:12,6.83,--,5,3415,卖盘
1977,11:00:09,6.83,-0.01,89,60787,卖盘
1978,11:00:06,6.84,0.01,53,36252,买盘
1979,11:00:03,6.83,-0.01,1,683,卖盘
1980,11:00:00,6.84,--,80,54720,买盘
1981,10:59:57,6.84,--,1783,1219572,卖盘
1982,10:59:48,6.84,--,2010,1374840,卖盘
1983,10:59:45,6.84,--,151,103284,卖盘
1984,10:59:42,6.84,--,21,14364,卖盘
1985,10:59:30,6.84,0.01,46,31464,买盘
1986,10:59:27,6.83,--,10,6830,卖盘
1987,10:59:24,6.83,--,57,39340,卖盘
1988,10:59:21,6.83,--,1,683,卖盘
1989,10:59:09,6.83,-0.01,133,90839,卖盘
1990,10:59:06,6.84,--,7,4788,买盘
1991,10:59:03,6.84,0.01,15,10260,买盘
1992,10:59:00,6.83,--,25,17075,卖盘
1993,10:58:57,6.83,--,70,47810,卖盘
1994,10:58:48,6.83,--,58,39614,卖盘
1995,10:58:42,6.83,-0.01,100,68300,卖盘
1996,10:58:39,6.84,--,365,249660,卖盘
1997,10:58:36,6.84,--,83,56772,卖盘
1998,10:58:24,6.84,--,55,37620,卖盘
1999,10:58:21,6.84,--,1,684,卖盘
2000,10:58:18,6.84,--,1,684,卖盘
2001,10:58:15,6.84,-0.01,295,201780,卖盘
2002,10:58:12,6.85,--,1,685,买盘
2003,10:58:09,6.85,0.01,6,4110,买盘
2004,10:58:06,6.84,--,56,38304,卖盘
2005,10:58:03,6.84,--,16,10944,卖盘
2006,10:58:00,6.84,--,161,110124,卖盘
2007,10:57:54,6.84,--,289,197676,卖盘
2008,10:57:48,6.84,-0.01,42,28728,卖盘
2009,10:57:39,6.85,0.01,100,68500,买盘
2010,10:57:33,6.84,--,104,71136,卖盘
2011,10:57:30,6.84,0.01,861,589471,买盘
2012,10:57:24,6.83,--,35,23905,卖盘
2013,10:57:21,6.83,--,1,683,卖盘
2014,10:57:15,6.83,-0.01,83,56689,卖盘
2015,10:57:09,6.84,0.01,2,1368,买盘
2016,10:57:06,6.83,--,10,6830,卖盘
2017,10:57:03,6.83,-0.01,0,27,卖盘
2018,10:57:00,6.84,--,11,7524,买盘
2019,10:56:57,6.84,--,3,2052,买盘
2020,10:56:51,6.84,0.01,10,6840,买盘
2021,10:56:45,6.83,-0.01,44,30052,卖盘
2022,10:56:42,6.84,--,597,408484,卖盘
2023,10:56:39,6.84,-0.01,100,68400,卖盘
2024,10:56:36,6.85,0.01,20,13700,买盘
2025,10:56:33,6.84,--,20,13680,卖盘
2026,10:56:30,6.84,--,13,8892,卖盘
2027,10:56:27,6.84,--,133,90972,卖盘
2028,10:56:21,6.84,--,73,49932,卖盘
2029,10:56:18,6.84,--,20,13680,卖盘
2030,10:56:15,6.84,--,35,23940,卖盘
2031,10:56:12,6.84,--,99,67716,卖盘
2032,10:56:09,6.84,--,53,36799,卖盘
2033,10:56:06,6.84,--,1,684,卖盘
2034,10:56:03,6.84,--,7,4788,卖盘
2035,10:56:00,6.84,--,88,60192,卖盘
2036,10:55:57,6.84,--,1,684,卖盘
2037,10:55:51,6.84,--,583,398772,卖盘
2038,10:55:45,6.84,--,42,28728,卖盘
2039,10:55:42,6.84,0.01,975,666900,买盘
2040,10:55:39,6.83,--,110,75130,卖盘
2041,10:55:36,6.83,--,15,10245,卖盘
2042,10:55:30,6.83,--,15,10245,卖盘
2043,10:55:24,6.83,--,7,4781,卖盘
2044,10:55:21,6.83,--,1,683,卖盘
2045,10:55:18,6.83,--,5,3415,卖盘
2046,10:55:15,6.83,--,15,10245,卖盘
2047,10:55:09,6.83,-0.01,7,4781,卖盘
2048,10:55:06,6.84,--,36,24624,买盘
2049,10:55:03,6.84,--,130,88920,买盘
2050,10:54:57,6.84,--,20,13680,买盘
2051,10:54:48,6.84,--,22,15048,买盘
2052,10:54:45,6.84,--,66,45144,买盘
2053,10:54:42,6.84,0.01,9,6156,买盘
2054,10:54:39,6.83,--,25,17075,卖盘
2055,10:54:33,6.83,--,1,683,卖盘
2056,10:54:27,6.83,--,20,13660,卖盘
2057,10:54:21,6.83,--,1,683,卖盘
2058,10:54:18,6.83,--,2,1366,卖盘
2059,10:54:15,6.83,-0.01,11,7513,卖盘
2060,10:54:12,6.84,0.01,100,68400,买盘
2061,10:54:06,6.83,-0.01,18,12294,卖盘
2062,10:54:03,6.84,0.01,3,2052,中性盘
2063,10:53:48,6.83,-0.02,7,4781,卖盘
2064,10:53:45,6.85,0.01,46,31510,买盘
2065,10:53:42,6.84,--,89,60876,卖盘
2066,10:53:33,6.84,-0.01,77,52668,卖盘
2067,10:53:30,6.85,0.01,3,2055,买盘
2068,10:53:27,6.84,-0.01,26,17784,卖盘
2069,10:53:24,6.85,0.01,300,205500,买盘
2070,10:53:21,6.84,--,1,684,卖盘
2071,10:53:12,6.84,--,6,4104,卖盘
2072,10:53:06,6.84,--,2,1368,卖盘
2073,10:52:57,6.84,--,15,10260,卖盘
2074,10:52:51,6.84,--,4,2736,卖盘
2075,10:52:48,6.84,-0.01,519,354996,卖盘
2076,10:52:45,6.85,0.01,300,205500,买盘
2077,10:52:42,6.84,--,109,74556,卖盘
2078,10:52:36,6.84,--,7,4788,卖盘
2079,10:52:33,6.84,-0.01,90,61560,卖盘
2080,10:52:30,6.85,--,15,10275,买盘
2081,10:52:27,6.85,0.01,10,6850,买盘
2082,10:52:24,6.84,--,150,102600,卖盘
2083,10:52:21,6.84,--,1,684,卖盘
2084,10:52:18,6.84,-0.01,1,684,卖盘
2085,10:52:12,6.85,0.01,1,685,买盘
2086,10:52:09,6.84,--,218,149112,卖盘
2087,10:52:06,6.84,-0.01,61,41724,卖盘
2088,10:52:03,6.85,0.01,7,4795,买盘
2089,10:51:51,6.84,--,45,30780,卖盘
2090,10:51:39,6.84,-0.01,1,684,卖盘
2091,10:51:33,6.85,0.01,93,63705,买盘
2092,10:51:27,6.84,--,472,322848,卖盘
2093,10:51:24,6.84,--,156,106704,卖盘
2094,10:51:21,6.84,--,181,123804,卖盘
2095,10:51:18,6.84,0.01,942,644601,买盘
2096,10:51:09,6.83,-0.01,1,683,卖盘
2097,10:51:06,6.84,0.01,2,1368,买盘
2098,10:50:57,6.83,--,5,3415,卖盘
2099,10:50:54,6.83,-0.01,22,15026,卖盘
2100,10:50:42,6.84,0.01,1,684,买盘
2101,10:50:39,6.83,--,1,683,卖盘
2102,10:50:30,6.83,-0.02,328,224433,卖盘
2103,10:50:24,6.85,0.01,4,2740,买盘
2104,10:50:21,6.84,--,11,7524,卖盘
2105,10:50:18,6.84,--,56,38304,卖盘
2106,10:50:09,6.84,--,9,6156,卖盘
2107,10:50:06,6.84,--,7,4788,卖盘
2108,10:50:00,6.84,--,40,27360,卖盘
2109,10:49:57,6.84,--,530,362520,卖盘
2110,10:49:51,6.84,--,109,74556,卖盘
2111,10:49:45,6.84,--,64,43776,卖盘
2112,10:49:42,6.84,--,22,15048,卖盘
2113,10:49:39,6.84,--,1,684,卖盘
2114,10:49:30,6.84,-0.01,91,62244,卖盘
2115,10:49:27,6.85,--,11,7535,买盘
2116,10:49:24,6.85,0.01,54,36990,买盘
2117,10:49:21,6.84,--,31,21204,卖盘
2118,10:49:18,6.84,-0.01,41,28044,卖盘
2119,10:49:15,6.85,0.01,21,14385,买盘
2120,10:49:09,6.84,--,2,1368,卖盘
2121,10:49:06,6.84,--,61,41724,卖盘
2122,10:49:00,6.84,-0.01,129,88236,卖盘
2123,10:48:57,6.85,0.01,8,5480,买盘
2124,10:48:54,6.84,--,21,14364,卖盘
2125,10:48:51,6.84,--,10,6840,卖盘
2126,10:48:48,6.84,-0.01,205,140493,卖盘
2127,10:48:45,6.85,0.01,3,2055,买盘
2128,10:48:42,6.84,--,88,60192,卖盘
2129,10:48:39,6.84,-0.01,1,684,卖盘
2130,10:48:33,6.85,0.01,1,685,买盘
2131,10:48:24,6.84,--,16,10944,卖盘
2132,10:48:21,6.84,--,18,12312,卖盘
2133,10:48:18,6.84,-0.01,1,684,卖盘
2134,10:48:15,6.85,--,10,6850,买盘
2135,10:48:12,6.85,0.01,8,5480,买盘
2136,10:48:09,6.84,--,170,116280,卖盘
2137,10:47:51,6.84,--,12,8208,卖盘
2138,10:47:45,6.84,--,86,58824,卖盘
2139,10:47:42,6.84,--,88,60192,卖盘
2140,10:47:39,6.84,--,35,23940,卖盘
2141,10:47:36,6.84,--,100,68400,卖盘
2142,10:47:33,6.84,--,2,1368,卖盘
2143,10:47:30,6.84,--,7,4788,卖盘
2144,10:47:18,6.84,--,123,84132,卖盘
2145,10:47:15,6.84,--,100,68400,卖盘
2146,10:47:12,6.84,--,10,6840,卖盘
2147,10:47:09,6.84,--,1,684,卖盘
2148,10:47:06,6.84,--,1,684,卖盘
2149,10:47:00,6.84,-0.01,20,13680,卖盘
2150,10:46:54,6.85,--,50,34250,买盘
2151,10:46:45,6.85,0.01,39,26715,买盘
2152,10:46:42,6.84,--,113,77292,卖盘
2153,10:46:39,6.84,--,1,684,卖盘
2154,10:46:18,6.84,--,1,684,卖盘
2155,10:46:09,6.84,--,1,684,卖盘
2156,10:46:06,6.84,-0.01,5,3420,卖盘
2157,10:46:00,6.85,0.01,10,6850,买盘
2158,10:45:57,6.84,-0.01,2,1368,卖盘
2159,10:45:54,6.85,0.01,2,1370,买盘
2160,10:45:51,6.84,--,23,15732,卖盘
2161,10:45:45,6.84,--,1,684,卖盘
2162,10:45:42,6.84,--,95,64980,卖盘
2163,10:45:36,6.84,-0.01,11,7524,卖盘
2164,10:45:30,6.85,0.01,4,2740,买盘
2165,10:45:18,6.84,-0.01,2,1368,卖盘
2166,10:45:12,6.85,0.01,550,376750,买盘
2167,10:45:09,6.84,-0.01,1,684,卖盘
2168,10:45:03,6.85,--,4,2740,买盘
2169,10:44:54,6.85,--,10,6850,买盘
2170,10:44:45,6.85,--,10,6850,买盘
2171,10:44:42,6.85,--,221,151385,买盘
2172,10:44:36,6.85,0.01,13,8905,买盘
2173,10:44:24,6.84,--,72,49248,卖盘
2174,10:44:21,6.84,--,10,6840,卖盘
2175,10:44:18,6.84,--,2,1368,卖盘
2176,10:44:09,6.84,--,1,684,卖盘
2177,10:44:03,6.84,-0.01,30,20520,卖盘
2178,10:43:51,6.85,0.01,10,6850,买盘
2179,10:43:48,6.84,--,8,5472,卖盘
2180,10:43:30,6.84,--,11,7524,卖盘
2181,10:43:21,6.84,-0.01,1,684,卖盘
2182,10:43:18,6.85,--,4,2740,买盘
2183,10:43:15,6.85,0.01,89,60965,买盘
2184,10:43:09,6.84,-0.01,1,684,卖盘
2185,10:43:06,6.85,--,15,10275,买盘
2186,10:42:54,6.85,--,13,8905,买盘
2187,10:42:51,6.85,0.01,27,18495,买盘
2188,10:42:48,6.84,-0.01,98,67032,卖盘
2189,10:42:45,6.85,--,20,13700,买盘
2190,10:42:39,6.85,-0.01,256,175360,卖盘
2191,10:42:27,6.86,0.01,10,6860,买盘
2192,10:42:18,6.85,--,82,56170,卖盘
2193,10:42:09,6.85,--,121,82885,卖盘
2194,10:42:03,6.85,-0.01,751,514435,卖盘
2195,10:41:57,6.86,0.01,130,89180,买盘
2196,10:41:54,6.85,-0.01,76,52060,卖盘
2197,10:41:51,6.86,0.01,5,3430,买盘
2198,10:41:48,6.85,-0.01,84,57540,卖盘
2199,10:41:42,6.86,--,15,10290,买盘
2200,10:41:39,6.86,0.01,16,10976,买盘
2201,10:41:33,6.85,--,10,6850,卖盘
2202,10:41:21,6.85,--,4,2740,卖盘
2203,10:41:09,6.85,--,1,685,卖盘
2204,10:40:51,6.85,--,12,8220,卖盘
2205,10:40:48,6.85,--,83,56855,卖盘
2206,10:40:45,6.85,-0.01,101,69185,卖盘
2207,10:40:42,6.86,0.01,4,2744,买盘
2208,10:40:39,6.85,--,1,685,卖盘
2209,10:40:36,6.85,--,26,17810,卖盘
2210,10:40:21,6.85,--,3,2055,卖盘
2211,10:40:18,6.85,-0.01,8,5480,卖盘
2212,10:40:12,6.86,0.01,38,26068,买盘
2213,10:40:09,6.85,--,1,685,卖盘
2214,10:40:06,6.85,--,3,2055,卖盘
2215,10:40:03,6.85,-0.01,3,2055,卖盘
2216,10:40:00,6.86,0.01,3,2058,买盘
2217,10:39:57,6.85,--,8,5480,卖盘
2218,10:39:54,6.85,--,18,12330,卖盘
2219,10:39:51,6.85,--,45,30825,卖盘
2220,10:39:48,6.85,-0.01,102,69870,卖盘
2221,10:39:36,6.86,--,62,42532,买盘
2222,10:39:33,6.86,--,1,686,买盘
2223,10:39:30,6.86,0.01,17,11662,买盘
2224,10:39:27,6.85,--,5,3425,卖盘
2225,10:39:24,6.85,-0.01,1,685,卖盘
2226,10:39:21,6.86,0.01,25,17150,买盘
2227,10:39:18,6.85,-0.01,7,4795,卖盘
2228,10:39:15,6.86,0.01,200,137200,买盘
2229,10:39:12,6.85,--,4,2740,卖盘
2230,10:39:09,6.85,--,38,26030,卖盘
2231,10:39:03,6.85,--,1,685,卖盘
2232,10:39:00,6.85,-0.01,10,6850,卖盘
2233,10:38:57,6.86,--,10,6860,买盘
2234,10:38:51,6.86,0.01,50,34300,买盘
2235,10:38:48,6.85,--,618,423330,卖盘
2236,10:38:42,6.85,--,10,6850,卖盘
2237,10:38:39,6.85,--,29,19865,卖盘
2238,10:38:33,6.85,--,6,4110,卖盘
2239,10:38:24,6.85,--,5,3425,卖盘
2240,10:38:18,6.85,--,42,28770,卖盘
2241,10:38:09,6.85,-0.01,11,7535,卖盘
2242,10:38:00,6.86,--,392,268912,买盘
2243,10:37:54,6.86,--,22,15092,买盘
2244,10:37:45,6.86,--,12,8232,买盘
2245,10:37:42,6.86,--,3,2058,买盘
2246,10:37:33,6.86,0.01,46,31556,买盘
2247,10:37:30,6.85,-0.01,12,8220,卖盘
2248,10:37:27,6.86,--,1,686,买盘
2249,10:37:24,6.86,--,17,11662,买盘
2250,10:37:21,6.86,0.01,135,92610,买盘
2251,10:37:18,6.85,--,3,2055,卖盘
2252,10:37:09,6.85,--,21,14385,卖盘
2253,10:37:03,6.85,--,26,17810,卖盘
2254,10:36:54,6.85,--,8,5480,卖盘
2255,10:36:48,6.85,0.01,4400,3014000,买盘
2256,10:36:45,6.84,-0.01,5,3420,卖盘
2257,10:36:42,6.85,0.01,4,2740,买盘
2258,10:36:39,6.84,--,14,9576,卖盘
2259,10:36:36,6.84,-0.01,1,684,卖盘
2260,10:36:27,6.85,0.01,19,13015,买盘
2261,10:36:21,6.84,--,2,1368,买盘
2262,10:36:18,6.84,--,325,222300,卖盘
2263,10:36:15,6.84,--,624,426816,卖盘
2264,10:36:09,6.84,-0.01,10,6840,卖盘
2265,10:35:57,6.85,0.01,50,34250,买盘
2266,10:35:39,6.84,--,101,69084,卖盘
2267,10:35:33,6.84,--,6,4104,卖盘
2268,10:35:30,6.84,-0.01,73,49932,卖盘
2269,10:35:24,6.85,0.01,14,9590,买盘
2270,10:35:21,6.84,-0.01,201,137484,卖盘
2271,10:35:18,6.85,--,11,7535,买盘
2272,10:35:15,6.85,--,18,12330,买盘
2273,10:35:12,6.85,0.01,13,8905,买盘
2274,10:35:09,6.84,--,110,75240,卖盘
2275,10:35:06,6.84,--,12,8208,卖盘
2276,10:35:03,6.84,-0.01,224,153216,卖盘
2277,10:35:00,6.85,0.01,10,6850,买盘
2278,10:34:57,6.84,-0.01,53,36252,卖盘
2279,10:34:54,6.85,0.01,25,17125,买盘
2280,10:34:51,6.84,--,23,15732,卖盘
2281,10:34:48,6.84,--,140,95760,卖盘
2282,10:34:45,6.84,-0.01,237,162108,卖盘
2283,10:34:42,6.85,0.01,24,16440,买盘
2284,10:34:33,6.84,--,116,79344,卖盘
2285,10:34:21,6.84,--,13,8892,卖盘
2286,10:34:18,6.84,-0.01,6,4104,卖盘
2287,10:34:15,6.85,0.01,124,84940,买盘
2288,10:34:12,6.84,--,30,20520,卖盘
2289,10:34:09,6.84,--,20,13680,卖盘
2290,10:34:06,6.84,-0.01,35,23940,卖盘
2291,10:33:57,6.85,0.01,111,76035,买盘
2292,10:33:48,6.84,--,203,138852,卖盘
2293,10:33:39,6.84,--,1,684,卖盘
2294,10:33:33,6.84,--,7,4788,卖盘
2295,10:33:30,6.84,--,5,3420,卖盘
2296,10:33:27,6.84,--,70,47880,卖盘
2297,10:33:24,6.84,--,20,13680,卖盘
2298,10:33:21,6.84,--,2,1368,卖盘
2299,10:33:18,6.84,--,1,684,卖盘
2300,10:33:15,6.84,--,3,2052,卖盘
2301,10:33:09,6.84,--,8,5472,卖盘
2302,10:33:06,6.84,--,50,34200,卖盘
2303,10:33:03,6.84,-0.01,616,421344,卖盘
2304,10:33:00,6.85,0.01,100,68500,买盘
2305,10:32:57,6.84,--,40,27360,卖盘
2306,10:32:48,6.84,--,2,1368,卖盘
2307,10:32:45,6.84,-0.01,27,18468,卖盘
2308,10:32:42,6.85,0.01,11,7535,买盘
2309,10:32:33,6.84,--,6,4104,卖盘
2310,10:32:27,6.84,-0.01,16,10944,卖盘
2311,10:32:18,6.85,0.01,21,14385,买盘
2312,10:32:15,6.84,--,36,24624,卖盘
2313,10:32:09,6.84,-0.01,194,132696,卖盘
2314,10:32:06,6.85,0.01,4,2740,买盘
2315,10:32:03,6.84,--,101,69084,卖盘
2316,10:32:00,6.84,--,15,10260,卖盘
2317,10:31:57,6.84,--,30,20520,卖盘
2318,10:31:54,6.84,-0.01,149,101916,卖盘
2319,10:31:51,6.85,--,1,685,买盘
2320,10:31:48,6.85,0.01,1,685,买盘
2321,10:31:39,6.84,--,5,3420,卖盘
2322,10:31:36,6.84,--,3,2052,卖盘
2323,10:31:33,6.84,--,12,8208,卖盘
2324,10:31:30,6.84,--,2,1368,卖盘
2325,10:31:27,6.84,-0.01,1,684,卖盘
2326,10:31:24,6.85,--,51,34935,买盘
2327,10:31:21,6.85,--,3,2055,买盘
2328,10:31:18,6.85,--,42,28770,买盘
2329,10:31:15,6.85,0.01,9,6165,买盘
2330,10:31:09,6.84,-0.01,46,31464,卖盘
2331,10:31:06,6.85,--,4,2740,买盘
2332,10:31:03,6.85,0.01,107,73295,买盘
2333,10:31:00,6.84,-0.01,12,8208,卖盘
2334,10:30:57,6.85,--,1,685,买盘
2335,10:30:54,6.85,--,1,685,买盘
2336,10:30:51,6.85,--,3,2055,买盘
2337,10:30:48,6.85,0.01,10,6850,买盘
2338,10:30:45,6.84,--,93,63612,卖盘
2339,10:30:42,6.84,-0.01,173,118332,卖盘
2340,10:30:36,6.85,--,1,685,买盘
2341,10:30:33,6.85,0.01,52,35620,买盘
2342,10:30:24,6.84,-0.01,38,25992,卖盘
2343,10:30:21,6.85,--,1,685,买盘
2344,10:30:09,6.85,0.01,5,3425,买盘
2345,10:30:06,6.84,--,11,7524,卖盘
2346,10:30:03,6.84,-0.01,92,62928,卖盘
2347,10:29:54,6.85,--,4,2740,买盘
2348,10:29:48,6.85,--,166,113710,买盘
2349,10:29:45,6.85,0.01,402,275370,买盘
2350,10:29:33,6.84,-0.01,16,10944,卖盘
2351,10:29:27,6.85,0.01,16,10960,买盘
2352,10:29:21,6.84,--,59,40356,卖盘
2353,10:29:15,6.84,--,10,6840,卖盘
2354,10:29:12,6.84,-0.01,4,2736,卖盘
2355,10:29:06,6.85,0.01,10,6850,买盘
2356,10:29:03,6.84,-0.01,87,59508,卖盘
2357,10:29:00,6.85,--,79,54115,买盘
2358,10:28:57,6.85,--,37,25345,买盘
2359,10:28:54,6.85,--,5,3425,买盘
2360,10:28:51,6.85,0.01,15,10275,买盘
2361,10:28:48,6.84,-0.01,50,34200,卖盘
2362,10:28:42,6.85,--,82,56170,买盘
2363,10:28:39,6.85,0.01,10,6850,买盘
2364,10:28:36,6.84,--,50,34200,卖盘
2365,10:28:33,6.84,-0.01,41,28044,卖盘
2366,10:28:27,6.85,0.01,7,4795,买盘
2367,10:28:24,6.84,-0.01,48,32832,卖盘
2368,10:28:18,6.85,--,1,685,买盘
2369,10:28:12,6.85,--,8,5480,买盘
2370,10:28:09,6.85,--,8,5480,买盘
2371,10:27:57,6.85,0.01,6,4110,买盘
2372,10:27:51,6.84,--,93,63612,卖盘
2373,10:27:45,6.84,0.01,89,60876,买盘
2374,10:27:39,6.83,-0.01,3,2049,卖盘
2375,10:27:30,6.84,--,8,5472,买盘
2376,10:27:27,6.84,--,71,48564,卖盘
2377,10:27:21,6.84,-0.01,54,36936,卖盘
2378,10:27:18,6.85,0.01,5,3425,买盘
2379,10:27:12,6.84,--,10,6840,卖盘
2380,10:27:06,6.84,-0.01,10,6840,卖盘
2381,10:27:03,6.85,0.01,35,23975,买盘
2382,10:26:57,6.84,--,10,6840,卖盘
2383,10:26:48,6.84,--,41,28044,卖盘
2384,10:26:45,6.84,0.01,14,9576,买盘
2385,10:26:36,6.83,-0.02,10,6830,卖盘
2386,10:26:33,6.85,--,10,6850,买盘
2387,10:26:30,6.85,0.02,3,2055,买盘
2388,10:26:27,6.83,-0.01,64,43712,卖盘
2389,10:26:18,6.84,0.01,1940,1326960,买盘
2390,10:26:15,6.83,-0.01,39,26637,卖盘
2391,10:26:12,6.84,0.01,10,6840,买盘
2392,10:26:03,6.83,--,14,9562,卖盘
2393,10:26:00,6.83,--,130,88790,卖盘
2394,10:25:57,6.83,--,10,6830,卖盘
2395,10:25:54,6.83,--,47,32101,卖盘
2396,10:25:51,6.83,--,2,1366,卖盘
2397,10:25:48,6.83,--,31,21173,卖盘
2398,10:25:45,6.83,0.01,895,611285,买盘
2399,10:25:39,6.82,--,76,51832,卖盘
2400,10:25:36,6.82,--,79,53878,卖盘
2401,10:25:33,6.82,-0.01,108,73656,卖盘
2402,10:25:30,6.83,0.01,30,20490,买盘
2403,10:25:27,6.82,-0.01,6,4092,卖盘
2404,10:25:24,6.83,--,86,58738,卖盘
2405,10:25:21,6.83,--,100,68300,卖盘
2406,10:25:18,6.83,--,51,34833,卖盘
2407,10:25:12,6.83,--,77,52591,买盘
2408,10:25:09,6.83,--,600,409800,买盘
2409,10:25:06,6.83,0.01,22,15026,买盘
2410,10:25:03,6.82,--,178,121396,卖盘
2411,10:25:00,6.82,-0.01,32,21824,卖盘
2412,10:24:57,6.83,0.01,10,6830,买盘
2413,10:24:54,6.82,-0.01,5,3410,卖盘
2414,10:24:45,6.83,--,11,7513,买盘
2415,10:24:39,6.83,--,205,140015,买盘
2416,10:24:36,6.83,0.01,140,95620,买盘
2417,10:24:33,6.82,--,180,122760,卖盘
2418,10:24:30,6.82,-0.01,115,78430,卖盘
2419,10:24:27,6.83,0.01,10,6830,买盘
2420,10:24:24,6.82,-0.01,14,9548,卖盘
2421,10:24:21,6.83,--,10,6830,买盘
2422,10:24:18,6.83,--,14,9562,买盘
2423,10:24:06,6.83,-0.01,195,133185,卖盘
2424,10:24:03,6.84,0.01,31,21204,买盘
2425,10:23:51,6.83,--,10,6830,卖盘
2426,10:23:48,6.83,--,10,6830,卖盘
2427,10:23:45,6.83,0.01,437,298471,买盘
2428,10:23:36,6.82,--,47,32054,卖盘
2429,10:23:33,6.82,-0.01,112,76384,卖盘
2430,10:23:30,6.83,0.01,93,63519,买盘
2431,10:23:27,6.82,-0.01,58,39556,卖盘
2432,10:23:24,6.83,--,200,136600,买盘
2433,10:23:21,6.83,--,5,3415,买盘
2434,10:23:18,6.83,0.01,7,4781,买盘
2435,10:23:06,6.82,--,113,77066,卖盘
2436,10:23:03,6.82,--,53,36146,卖盘
2437,10:23:00,6.82,--,12,8184,卖盘
2438,10:22:54,6.82,-0.01,20,13640,卖盘
2439,10:22:48,6.83,--,48,32784,买盘
2440,10:22:42,6.83,--,5,3415,买盘
2441,10:22:39,6.83,--,47,32101,买盘
2442,10:22:36,6.83,0.01,75,51225,买盘
2443,10:22:33,6.82,--,160,109120,卖盘
2444,10:22:27,6.82,-0.01,91,62062,卖盘
2445,10:22:24,6.83,--,576,393408,买盘
2446,10:22:18,6.83,--,52,35516,买盘
2447,10:22:15,6.83,--,41,28003,买盘
2448,10:22:12,6.83,--,1,683,买盘
2449,10:22:09,6.83,--,24,16392,买盘
2450,10:22:06,6.83,0.01,53,36199,买盘
2451,10:22:03,6.82,--,173,117986,卖盘
2452,10:22:00,6.82,--,24,16368,卖盘
2453,10:21:57,6.82,-0.01,1,682,卖盘
2454,10:21:54,6.83,--,15,10245,买盘
2455,10:21:51,6.83,0.01,500,341500,买盘
2456,10:21:45,6.82,-0.01,108,73656,卖盘
2457,10:21:42,6.83,--,20,13660,买盘
2458,10:21:39,6.83,0.01,21,14343,买盘
2459,10:21:36,6.82,--,212,144584,卖盘
2460,10:21:33,6.82,-0.01,180,122760,卖盘
2461,10:21:30,6.83,0.01,10,6830,买盘
2462,10:21:24,6.82,--,176,120032,卖盘
2463,10:21:18,6.82,-0.01,215,146630,卖盘
2464,10:21:15,6.83,--,33,22539,买盘
2465,10:21:12,6.83,0.01,3,2049,买盘
2466,10:21:09,6.82,--,48,32736,卖盘
2467,10:21:06,6.82,--,107,72974,卖盘
2468,10:21:03,6.82,-0.01,15,10230,卖盘
2469,10:21:00,6.83,0.01,40,27320,买盘
2470,10:20:57,6.82,--,24,16368,卖盘
2471,10:20:54,6.82,--,130,88660,卖盘
2472,10:20:51,6.82,-0.01,20,13640,卖盘
2473,10:20:42,6.83,0.01,63,43029,买盘
2474,10:20:36,6.82,--,2,1364,卖盘
2475,10:20:33,6.82,--,160,109120,卖盘
2476,10:20:27,6.82,--,4,2728,卖盘
2477,10:20:24,6.82,-0.01,145,98890,卖盘
2478,10:20:21,6.83,--,104,71032,卖盘
2479,10:20:18,6.83,--,52,35516,卖盘
2480,10:20:06,6.83,--,56,38248,买盘
2481,10:20:03,6.83,--,122,83326,卖盘
2482,10:20:00,6.83,--,109,74447,卖盘
2483,10:19:57,6.83,--,40,27320,卖盘
2484,10:19:54,6.83,--,201,137283,卖盘
2485,10:19:51,6.83,--,84,57372,卖盘
2486,10:19:45,6.83,--,2,1366,卖盘
2487,10:19:42,6.83,-0.01,32,21856,卖盘
2488,10:19:39,6.84,0.01,31,21204,买盘
2489,10:19:36,6.83,--,118,80594,卖盘
2490,10:19:33,6.83,-0.01,353,241099,卖盘
2491,10:19:18,6.84,0.01,114,77976,买盘
2492,10:19:12,6.83,-0.01,100,68300,卖盘
2493,10:19:09,6.84,0.01,4,2736,买盘
2494,10:19:06,6.83,--,47,32101,卖盘
2495,10:19:03,6.83,-0.01,124,84692,卖盘
2496,10:19:00,6.84,0.01,6,4104,买盘
2497,10:18:57,6.83,-0.01,1,683,卖盘
2498,10:18:48,6.84,--,50,34200,买盘
2499,10:18:42,6.84,0.01,5,3420,买盘
2500,10:18:39,6.83,--,330,225390,卖盘
2501,10:18:36,6.83,--,156,106548,卖盘
2502,10:18:33,6.83,--,14,9562,卖盘
2503,10:18:30,6.83,-0.01,51,34833,卖盘
2504,10:18:27,6.84,0.01,1,684,买盘
2505,10:18:18,6.83,--,200,136600,卖盘
2506,10:18:15,6.83,-0.01,6,4098,卖盘
2507,10:18:12,6.84,0.01,88,60192,买盘
2508,10:18:09,6.83,--,317,216511,卖盘
2509,10:18:06,6.83,--,67,45761,卖盘
2510,10:18:03,6.83,-0.01,5,3415,卖盘
2511,10:17:57,6.84,0.01,88,60192,买盘
2512,10:17:54,6.83,-0.01,107,73081,卖盘
2513,10:17:51,6.84,0.01,14,9576,买盘
2514,10:17:48,6.83,-0.01,48,32784,卖盘
2515,10:17:45,6.84,--,30,20520,买盘
2516,10:17:42,6.84,0.01,22,15048,买盘
2517,10:17:36,6.83,--,1,683,卖盘
2518,10:17:33,6.83,-0.01,45,30735,卖盘
2519,10:17:27,6.84,0.01,100,68400,买盘
2520,10:17:18,6.83,--,109,74447,卖盘
2521,10:17:15,6.83,--,2,1366,卖盘
2522,10:17:09,6.83,--,10,6830,卖盘
2523,10:17:06,6.83,-0.01,218,148894,卖盘
2524,10:16:57,6.84,0.01,5,3420,买盘
2525,10:16:54,6.83,--,58,39614,卖盘
2526,10:16:48,6.83,-0.01,25,17075,卖盘
2527,10:16:39,6.84,0.01,10,6840,买盘
2528,10:16:36,6.83,--,85,58055,卖盘
2529,10:16:33,6.83,-0.01,6,4098,卖盘
2530,10:16:30,6.84,0.01,214,146376,买盘
2531,10:16:24,6.83,-0.01,30,20490,卖盘
2532,10:16:21,6.84,0.01,5,3420,买盘
2533,10:16:12,6.83,-0.01,15,10245,卖盘
2534,10:16:06,6.84,0.01,66,45144,买盘
2535,10:16:03,6.83,-0.01,112,76496,卖盘
2536,10:15:54,6.84,0.01,1,684,买盘
2537,10:15:51,6.83,-0.01,48,32784,卖盘
2538,10:15:42,6.84,--,75,51300,买盘
2539,10:15:39,6.84,0.01,15,10260,买盘
2540,10:15:36,6.83,--,114,77862,卖盘
2541,10:15:33,6.83,-0.01,86,58738,卖盘
2542,10:15:27,6.84,0.01,7,4788,买盘
2543,10:15:24,6.83,-0.01,107,73081,卖盘
2544,10:15:21,6.84,--,167,114228,买盘
2545,10:15:18,6.84,--,5,3420,买盘
2546,10:15:15,6.84,--,34,23256,买盘
2547,10:15:09,6.84,0.01,10,6840,买盘
2548,10:15:06,6.83,--,30,20490,卖盘
2549,10:15:03,6.83,--,159,108597,卖盘
2550,10:14:54,6.83,--,210,143430,卖盘
2551,10:14:42,6.83,-0.01,47,32101,卖盘
2552,10:14:39,6.84,--,24,16416,买盘
2553,10:14:33,6.84,--,10,6840,买盘
2554,10:14:30,6.84,--,12,8208,买盘
2555,10:14:27,6.84,0.01,25,17100,买盘
2556,10:14:24,6.83,-0.01,10,6830,卖盘
2557,10:14:18,6.84,0.01,1,684,买盘
2558,10:14:15,6.83,--,10,6830,卖盘
2559,10:14:06,6.83,-0.01,155,105865,卖盘
2560,10:14:03,6.84,0.01,40,27360,买盘
2561,10:14:00,6.83,-0.01,10,6830,卖盘
2562,10:13:57,6.84,--,5,3420,买盘
2563,10:13:48,6.84,--,58,39672,买盘
2564,10:13:45,6.84,--,1,684,买盘
2565,10:13:39,6.84,0.01,30,20520,买盘
2566,10:13:36,6.83,--,47,32101,卖盘
2567,10:13:33,6.83,-0.01,187,127721,卖盘
2568,10:13:30,6.84,--,76,51984,买盘
2569,10:13:27,6.84,--,4,2736,买盘
2570,10:13:24,6.84,--,303,207252,买盘
2571,10:13:15,6.84,--,634,433656,买盘
2572,10:13:12,6.84,0.01,3,2052,买盘
2573,10:13:09,6.83,--,6,4098,卖盘
2574,10:13:06,6.83,--,40,27320,卖盘
2575,10:13:03,6.83,--,186,127038,卖盘
2576,10:13:00,6.83,--,30,20490,卖盘
2577,10:12:57,6.83,-0.01,100,68300,卖盘
2578,10:12:54,6.84,0.01,47,32148,买盘
2579,10:12:51,6.83,--,20,13660,卖盘
2580,10:12:48,6.83,--,17,11611,买盘
2581,10:12:45,6.83,--,8,5464,买盘
2582,10:12:42,6.83,--,30,20490,买盘
2583,10:12:39,6.83,0.01,534,364722,买盘
2584,10:12:36,6.82,-0.01,151,102982,卖盘
2585,10:12:33,6.83,--,544,371552,买盘
2586,10:12:30,6.83,--,41,28003,买盘
2587,10:12:27,6.83,--,258,176214,买盘
2588,10:12:24,6.83,--,599,409117,买盘
2589,10:12:21,6.83,--,459,313497,买盘
2590,10:12:18,6.83,0.01,31,21173,买盘
2591,10:12:15,6.82,--,107,72974,卖盘
2592,10:12:12,6.82,-0.01,11,7502,卖盘
2593,10:12:06,6.83,--,78,53274,买盘
2594,10:12:03,6.83,--,192,131136,买盘
2595,10:12:00,6.83,--,10,6830,买盘
2596,10:11:57,6.83,--,23,15709,买盘
2597,10:11:54,6.83,0.01,30,20490,买盘
2598,10:11:51,6.82,--,32,21824,卖盘
2599,10:11:48,6.82,--,94,64108,卖盘
2600,10:11:45,6.82,--,18,12276,卖盘
2601,10:11:39,6.82,--,107,72974,卖盘
2602,10:11:36,6.82,-0.01,3,2046,卖盘
2603,10:11:33,6.83,0.01,31,21173,买盘
2604,10:11:30,6.82,--,808,551056,卖盘
2605,10:11:27,6.82,-0.01,100,68200,卖盘
2606,10:11:24,6.83,0.01,29,19807,买盘
2607,10:11:21,6.82,--,20,13640,卖盘
2608,10:11:18,6.82,-0.01,5,3410,卖盘
2609,10:11:15,6.83,0.01,1,683,买盘
2610,10:11:12,6.82,--,460,313720,卖盘
2611,10:11:06,6.82,0.01,518,353412,买盘
2612,10:11:03,6.81,-0.01,5,3405,卖盘
2613,10:11:00,6.82,0.01,6,4092,买盘
2614,10:10:57,6.81,--,10,6810,卖盘
2615,10:10:54,6.81,-0.01,49,33369,卖盘
2616,10:10:51,6.82,0.01,119,81158,买盘
2617,10:10:48,6.81,-0.01,136,92616,卖盘
2618,10:10:45,6.82,--,5,3410,买盘
2619,10:10:42,6.82,--,286,195052,买盘
2620,10:10:39,6.82,0.01,7,4774,买盘
2621,10:10:36,6.81,-0.01,19,12939,卖盘
2622,10:10:33,6.82,0.01,114,77748,买盘
2623,10:10:30,6.81,-0.01,560,381360,卖盘
2624,10:10:27,6.82,0.01,382,260524,买盘
2625,10:10:24,6.81,-0.01,136,92616,卖盘
2626,10:10:21,6.82,--,10,6820,买盘
2627,10:10:18,6.82,--,7,4774,买盘
2628,10:10:15,6.82,--,27,18414,买盘
2629,10:10:12,6.82,--,162,110484,买盘
2630,10:10:09,6.82,--,6,4092,买盘
2631,10:10:06,6.82,--,17,11594,买盘
2632,10:10:03,6.82,--,45,30690,买盘
2633,10:10:00,6.82,--,688,469761,卖盘
2634,10:09:57,6.82,--,88,60016,卖盘
2635,10:09:54,6.82,--,79,53878,卖盘
2636,10:09:51,6.82,--,48,32736,卖盘
2637,10:09:48,6.82,--,8,5456,卖盘
2638,10:09:45,6.82,-0.01,96,65472,卖盘
2639,10:09:42,6.83,0.01,84,57372,买盘
2640,10:09:39,6.82,--,31,21142,卖盘
2641,10:09:36,6.82,--,9,6138,卖盘
2642,10:09:33,6.82,--,132,90024,卖盘
2643,10:09:30,6.82,--,52,35464,卖盘
2644,10:09:27,6.82,-0.01,20,13640,卖盘
2645,10:09:24,6.83,0.01,322,219926,买盘
2646,10:09:21,6.82,--,40,27280,卖盘
2647,10:09:18,6.82,--,30,20460,卖盘
2648,10:09:15,6.82,--,885,603570,卖盘
2649,10:09:12,6.82,-0.01,134,91388,卖盘
2650,10:09:09,6.83,--,10,6830,买盘
2651,10:09:06,6.83,--,438,299154,买盘
2652,10:09:03,6.83,0.01,15,10245,买盘
2653,10:09:00,6.82,--,20,13640,卖盘
2654,10:08:57,6.82,-0.01,107,72974,卖盘
2655,10:08:54,6.83,0.01,53,36199,买盘
2656,10:08:51,6.82,-0.01,361,246202,卖盘
2657,10:08:48,6.83,0.01,69,47127,买盘
2658,10:08:45,6.82,--,47,32054,卖盘
2659,10:08:42,6.82,-0.01,121,82522,卖盘
2660,10:08:36,6.83,0.01,30,20490,买盘
2661,10:08:33,6.82,--,6,4092,卖盘
2662,10:08:30,6.82,-0.01,2,1364,卖盘
2663,10:08:27,6.83,--,53,36199,买盘
2664,10:08:24,6.83,0.01,33,22539,买盘
2665,10:08:21,6.82,-0.01,20,13640,卖盘
2666,10:08:18,6.83,0.01,16,10928,买盘
2667,10:08:12,6.82,--,210,143220,卖盘
2668,10:08:09,6.82,--,241,164362,卖盘
2669,10:08:06,6.82,--,145,99026,买盘
2670,10:08:03,6.82,--,144,98208,买盘
2671,10:08:00,6.82,--,31,21142,买盘
2672,10:07:57,6.82,--,242,165589,卖盘
2673,10:07:54,6.82,-0.01,1105,753610,卖盘
2674,10:07:51,6.83,0.01,31,21173,中性盘
2675,10:07:48,6.82,-0.01,439,299425,卖盘
2676,10:07:45,6.83,0.01,440,300520,买盘
2677,10:07:42,6.82,-0.01,7,4774,卖盘
2678,10:07:39,6.83,--,147,100401,买盘
2679,10:07:36,6.83,--,156,106548,买盘
2680,10:07:33,6.83,--,438,299154,买盘
2681,10:07:27,6.83,--,43,29369,买盘
2682,10:07:24,6.83,0.01,64,43712,买盘
2683,10:07:18,6.82,--,82,55924,卖盘
2684,10:07:15,6.82,--,12,8184,卖盘
2685,10:07:12,6.82,--,135,92179,卖盘
2686,10:07:09,6.82,--,68,46376,卖盘
2687,10:07:06,6.82,--,104,70928,卖盘
2688,10:07:03,6.82,-0.01,215,146630,卖盘
2689,10:07:00,6.83,--,116,79228,买盘
2690,10:06:57,6.83,--,19,12977,买盘
2691,10:06:54,6.83,--,51,34833,买盘
2692,10:06:51,6.83,--,16,10928,买盘
2693,10:06:48,6.83,--,112,76496,买盘
2694,10:06:45,6.83,--,142,96986,买盘
2695,10:06:42,6.83,--,6,4098,买盘
2696,10:06:39,6.83,--,15,10245,买盘
2697,10:06:36,6.83,--,20,13660,买盘
2698,10:06:33,6.83,--,311,212413,卖盘
2699,10:06:30,6.83,-0.01,3200,2185600,卖盘
2700,10:06:27,6.84,0.01,133,90972,买盘
2701,10:06:24,6.83,-0.01,510,348330,卖盘
2702,10:06:21,6.84,0.01,10,6840,买盘
2703,10:06:18,6.83,--,41,28003,卖盘
2704,10:06:15,6.83,-0.01,225,153675,卖盘
2705,10:06:12,6.84,0.01,10,6840,买盘
2706,10:06:09,6.83,-0.01,20,13660,卖盘
2707,10:06:06,6.84,--,203,138852,买盘
2708,10:06:03,6.84,0.01,14,9576,买盘
2709,10:06:00,6.83,-0.01,6,4098,卖盘
2710,10:05:54,6.84,0.01,7,4788,买盘
2711,10:05:51,6.83,-0.01,113,77179,卖盘
2712,10:05:48,6.84,--,30,20520,买盘
2713,10:05:45,6.84,--,6,4104,买盘
2714,10:05:42,6.84,--,23,15732,买盘
2715,10:05:39,6.84,--,3378,2310552,卖盘
2716,10:05:36,6.84,--,4,2736,卖盘
2717,10:05:33,6.84,-0.01,1176,804384,卖盘
2718,10:05:30,6.85,0.01,79,54115,买盘
2719,10:05:27,6.84,--,234,160056,卖盘
2720,10:05:24,6.84,--,415,283860,卖盘
2721,10:05:21,6.84,--,4,2736,卖盘
2722,10:05:18,6.84,-0.01,40,27360,卖盘
2723,10:05:15,6.85,0.01,2,1370,买盘
2724,10:05:12,6.84,-0.01,100,68400,卖盘
2725,10:05:09,6.85,0.01,3,2055,买盘
2726,10:05:06,6.84,--,400,273600,卖盘
2727,10:05:03,6.84,--,59,40356,卖盘
2728,10:05:00,6.84,--,10,6840,卖盘
2729,10:04:57,6.84,--,29,19836,卖盘
2730,10:04:54,6.84,-0.01,34,23256,卖盘
2731,10:04:51,6.85,0.01,33,22605,买盘
2732,10:04:48,6.84,--,82,56088,卖盘
2733,10:04:39,6.84,--,66,45144,卖盘
2734,10:04:33,6.84,--,172,117648,卖盘
2735,10:04:30,6.84,--,19,12996,卖盘
2736,10:04:27,6.84,--,158,108072,卖盘
2737,10:04:24,6.84,-0.01,15,10260,卖盘
2738,10:04:21,6.85,0.01,112,76720,买盘
2739,10:04:18,6.84,-0.01,54,36936,卖盘
2740,10:04:15,6.85,0.01,261,178785,买盘
2741,10:04:12,6.84,--,30,20520,卖盘
2742,10:04:06,6.84,-0.01,7,4788,卖盘
2743,10:04:03,6.85,0.01,194,132890,买盘
2744,10:04:00,6.84,--,3,2052,卖盘
2745,10:03:57,6.84,-0.01,153,104652,卖盘
2746,10:03:54,6.85,--,45,30825,买盘
2747,10:03:51,6.85,--,3,2055,买盘
2748,10:03:48,6.85,--,133,91105,买盘
2749,10:03:45,6.85,0.01,8,5480,买盘
2750,10:03:42,6.84,-0.01,11,7524,卖盘
2751,10:03:39,6.85,--,14,9590,买盘
2752,10:03:36,6.85,0.01,55,37675,买盘
2753,10:03:33,6.84,--,191,130644,卖盘
2754,10:03:30,6.84,--,7,4788,卖盘
2755,10:03:27,6.84,--,67,45828,卖盘
2756,10:03:24,6.84,--,456,311904,卖盘
2757,10:03:21,6.84,--,20,13680,卖盘
2758,10:03:18,6.84,--,22,15048,卖盘
2759,10:03:15,6.84,--,25,17100,卖盘
2760,10:03:12,6.84,--,164,112176,卖盘
2761,10:03:09,6.84,-0.01,50,34200,卖盘
2762,10:03:06,6.85,--,10,6850,买盘
2763,10:03:03,6.85,0.01,41,28085,买盘
2764,10:03:00,6.84,--,43,29412,卖盘
2765,10:02:57,6.84,-0.01,264,180576,卖盘
2766,10:02:54,6.85,--,48,32880,买盘
2767,10:02:51,6.85,--,60,41100,买盘
2768,10:02:48,6.85,--,36,25317,卖盘
2769,10:02:45,6.85,--,172,117820,卖盘
2770,10:02:42,6.85,-0.01,75,51375,卖盘
2771,10:02:39,6.86,0.01,105,72030,买盘
2772,10:02:36,6.85,--,192,131520,卖盘
2773,10:02:33,6.85,-0.01,7,4795,卖盘
2774,10:02:30,6.86,0.01,11,7546,买盘
2775,10:02:27,6.85,-0.01,5045,3455825,卖盘
2776,10:02:24,6.86,0.01,10,6860,买盘
2777,10:02:21,6.85,-0.01,2,1370,卖盘
2778,10:02:18,6.86,--,244,167384,买盘
2779,10:02:15,6.86,0.01,10,6860,买盘
2780,10:02:12,6.85,--,4,2740,卖盘
2781,10:02:09,6.85,--,14,9590,卖盘
2782,10:02:06,6.85,--,33,22605,卖盘
2783,10:02:03,6.85,--,42,28770,卖盘
2784,10:02:00,6.85,--,83,56855,卖盘
2785,10:01:57,6.85,--,39,26715,卖盘
2786,10:01:54,6.85,--,65,44525,卖盘
2787,10:01:51,6.85,--,281,192485,卖盘
2788,10:01:45,6.85,-0.01,173,118505,卖盘
2789,10:01:42,6.86,0.01,55,37730,买盘
2790,10:01:39,6.85,--,18,12330,卖盘
2791,10:01:36,6.85,-0.01,75,51375,卖盘
2792,10:01:33,6.86,--,10,6860,买盘
2793,10:01:27,6.86,0.01,101,69286,买盘
2794,10:01:18,6.85,-0.01,6,4110,卖盘
2795,10:01:12,6.86,--,13,8918,买盘
2796,10:01:09,6.86,--,100,68600,买盘
2797,10:01:06,6.86,--,245,168070,卖盘
2798,10:01:03,6.86,0.01,5,3430,中性盘
2799,10:00:51,6.85,-0.01,3320,2274200,卖盘
2800,10:00:48,6.86,--,16,10976,卖盘
2801,10:00:45,6.86,--,46,31556,卖盘
2802,10:00:39,6.86,-0.01,1360,932960,卖盘
2803,10:00:36,6.87,--,11,7557,买盘
2804,10:00:30,6.87,--,10,6870,买盘
2805,10:00:27,6.87,0.01,4,2748,买盘
2806,10:00:24,6.86,--,120,82320,卖盘
2807,10:00:18,6.86,-0.01,5,3430,卖盘
2808,10:00:15,6.87,--,10,6870,买盘
2809,10:00:12,6.87,--,99,68013,买盘
2810,10:00:09,6.87,0.01,56,38472,买盘
2811,10:00:06,6.86,--,16,10976,卖盘
2812,10:00:03,6.86,-0.01,45,30870,卖盘
2813,10:00:00,6.87,--,142,97554,买盘
2814,09:59:57,6.87,--,72,49464,买盘
2815,09:59:54,6.87,--,119,81753,卖盘
2816,09:59:51,6.87,--,128,87936,卖盘
2817,09:59:48,6.87,--,184,126435,买盘
2818,09:59:45,6.87,0.01,145,99615,买盘
2819,09:59:42,6.86,-0.01,116,79576,卖盘
2820,09:59:39,6.87,0.01,103,70761,买盘
2821,09:59:33,6.86,-0.01,404,277144,卖盘
2822,09:59:30,6.87,--,56,38472,买盘
2823,09:59:24,6.87,0.01,30,20610,买盘
2824,09:59:18,6.86,--,25,17150,卖盘
2825,09:59:15,6.86,--,31,21266,卖盘
2826,09:59:09,6.86,--,109,74774,卖盘
2827,09:59:06,6.86,-0.01,17,11662,卖盘
2828,09:59:03,6.87,--,16,10992,买盘
2829,09:59:00,6.87,0.01,257,176559,买盘
2830,09:58:57,6.86,--,20,13720,卖盘
2831,09:58:54,6.86,--,12,8232,卖盘
2832,09:58:51,6.86,--,367,251762,卖盘
2833,09:58:42,6.86,--,11,7546,卖盘
2834,09:58:39,6.86,-0.01,150,102900,卖盘
2835,09:58:36,6.87,0.01,1,687,买盘
2836,09:58:33,6.86,--,215,147490,卖盘
2837,09:58:30,6.86,--,170,116620,卖盘
2838,09:58:27,6.86,--,83,56938,卖盘
2839,09:58:24,6.86,-0.01,38,26068,卖盘
2840,09:58:21,6.87,--,35,24045,买盘
2841,09:58:18,6.87,--,101,69387,买盘
2842,09:58:15,6.87,0.01,66,45342,买盘
2843,09:58:12,6.86,--,54,37044,卖盘
2844,09:58:09,6.86,--,100,68600,卖盘
2845,09:58:06,6.86,-0.01,90,61740,卖盘
2846,09:58:03,6.87,--,6,4122,买盘
2847,09:58:00,6.87,0.01,20,13740,买盘
2848,09:57:57,6.86,-0.01,16,10976,卖盘
2849,09:57:54,6.87,--,37,25419,买盘
2850,09:57:48,6.87,--,57,39159,买盘
2851,09:57:45,6.87,0.01,37,25419,买盘
2852,09:57:42,6.86,-0.01,100,68600,卖盘
2853,09:57:39,6.87,--,13,8931,买盘
2854,09:57:33,6.87,--,93,63891,卖盘
2855,09:57:30,6.87,-0.01,48,32976,卖盘
2856,09:57:24,6.88,0.01,16,11008,买盘
2857,09:57:21,6.87,--,7,4809,买盘
2858,09:57:18,6.87,--,4,2748,买盘
2859,09:57:15,6.87,0.01,7,4809,买盘
2860,09:57:12,6.86,--,31,21266,卖盘
2861,09:57:09,6.86,--,192,131712,卖盘
2862,09:57:06,6.86,-0.01,100,68600,卖盘
2863,09:57:03,6.87,--,28,19236,卖盘
2864,09:56:57,6.87,--,22,15114,买盘
2865,09:56:54,6.87,--,220,151140,买盘
2866,09:56:45,6.87,--,470,322890,卖盘
2867,09:56:42,6.87,--,35,24045,卖盘
2868,09:56:39,6.87,--,101,69387,卖盘
2869,09:56:36,6.87,-0.01,205,140835,卖盘
2870,09:56:33,6.88,0.01,25,17200,买盘
2871,09:56:30,6.87,--,6,4122,卖盘
2872,09:56:27,6.87,--,200,137400,卖盘
2873,09:56:21,6.87,--,84,57708,卖盘
2874,09:56:15,6.87,-0.01,8,5496,卖盘
2875,09:56:12,6.88,0.01,33,22704,买盘
2876,09:56:09,6.87,--,188,129156,卖盘
2877,09:56:03,6.87,--,24,16488,卖盘
2878,09:55:57,6.87,--,33,22671,卖盘
2879,09:55:54,6.87,--,2,1374,卖盘
2880,09:55:51,6.87,--,36,24732,卖盘
2881,09:55:45,6.87,--,1,687,卖盘
2882,09:55:42,6.87,--,7,4809,卖盘
2883,09:55:39,6.87,--,100,68700,卖盘
2884,09:55:33,6.87,--,12,8244,卖盘
2885,09:55:30,6.87,--,1105,759574,卖盘
2886,09:55:24,6.87,-0.01,5,3435,卖盘
2887,09:55:21,6.88,0.01,126,86688,买盘
2888,09:55:18,6.87,--,50,34350,卖盘
2889,09:55:12,6.87,--,24,16488,卖盘
2890,09:55:09,6.87,--,131,89997,卖盘
2891,09:55:03,6.87,-0.01,28,19236,卖盘
2892,09:55:00,6.88,0.01,102,70176,买盘
2893,09:54:57,6.87,--,1,687,卖盘
2894,09:54:54,6.87,-0.01,30,20610,卖盘
2895,09:54:48,6.88,0.01,21,14448,买盘
2896,09:54:45,6.87,--,12,8244,卖盘
2897,09:54:42,6.87,-0.01,14,9618,卖盘
2898,09:54:39,6.88,0.01,5,3440,买盘
2899,09:54:36,6.87,--,4,2748,卖盘
2900,09:54:33,6.87,-0.01,3,2061,卖盘
2901,09:54:30,6.88,--,135,92880,买盘
2902,09:54:18,6.88,0.01,107,73616,买盘
2903,09:54:15,6.87,--,85,58395,卖盘
2904,09:54:06,6.87,-0.01,5,3435,卖盘
2905,09:54:03,6.88,--,100,68800,买盘
2906,09:54:00,6.88,--,10,6880,买盘
2907,09:53:57,6.88,0.01,16,11008,买盘
2908,09:53:54,6.87,--,40,27480,卖盘
2909,09:53:51,6.87,--,3,2061,卖盘
2910,09:53:45,6.87,--,2,1374,卖盘
2911,09:53:42,6.87,--,14,9618,卖盘
2912,09:53:39,6.87,--,31,21297,卖盘
2913,09:53:36,6.87,--,270,185490,卖盘
