,time,price,change,volume,amount,type
0,15:00:03,8.86,--,8761,7762245,买盘
1,14:57:00,8.86,--,89,78854,买盘
2,14:56:57,8.86,--,1063,941817,卖盘
3,14:56:54,8.86,-0.01,468,414648,卖盘
4,14:56:51,8.87,0.01,93,82491,买盘
5,14:56:48,8.86,--,245,217070,卖盘
6,14:56:45,8.86,-0.01,133,117837,卖盘
7,14:56:42,8.87,--,21,18627,买盘
8,14:56:39,8.87,0.01,65,57654,买盘
9,14:56:36,8.86,-0.01,241,213526,卖盘
10,14:56:33,8.87,0.01,37,32819,买盘
11,14:56:30,8.86,-0.01,111,98346,卖盘
12,14:56:27,8.87,0.01,102,90473,买盘
13,14:56:24,8.86,--,65,57589,卖盘
14,14:56:21,8.86,-0.01,256,226816,卖盘
15,14:56:18,8.87,--,91,80717,买盘
16,14:56:15,8.87,--,315,279405,买盘
17,14:56:12,8.87,--,225,199574,买盘
18,14:56:09,8.87,--,97,86038,买盘
19,14:56:06,8.87,0.01,19,16853,买盘
20,14:56:03,8.86,--,113,100118,买盘
21,14:56:00,8.86,-0.01,202,178972,卖盘
22,14:55:57,8.87,0.01,93,82491,买盘
23,14:55:54,8.86,-0.01,60,53160,卖盘
24,14:55:51,8.87,0.01,468,415630,买盘
25,14:55:48,8.86,-0.01,122,108092,卖盘
26,14:55:45,8.87,--,423,375200,买盘
27,14:55:42,8.87,0.01,35,31044,买盘
28,14:55:39,8.86,--,150,132900,卖盘
29,14:55:36,8.86,--,156,138216,卖盘
30,14:55:33,8.86,--,55,48730,卖盘
31,14:55:30,8.86,--,905,801830,卖盘
32,14:55:27,8.86,--,22,19492,卖盘
33,14:55:24,8.86,--,361,319846,卖盘
34,14:55:21,8.86,--,219,194034,卖盘
35,14:55:18,8.86,--,224,198464,卖盘
36,14:55:15,8.86,-0.01,149,132014,卖盘
37,14:55:12,8.87,--,298,264326,买盘
38,14:55:09,8.87,--,450,399149,买盘
39,14:55:06,8.87,--,21,18627,买盘
40,14:55:03,8.87,--,319,282953,买盘
41,14:55:00,8.87,--,41,36367,买盘
42,14:54:57,8.87,--,55,48784,买盘
43,14:54:54,8.87,--,109,96682,买盘
44,14:54:51,8.87,--,580,515089,卖盘
45,14:54:48,8.87,--,151,133937,卖盘
46,14:54:45,8.87,--,731,648397,卖盘
47,14:54:42,8.87,--,932,826683,卖盘
48,14:54:39,8.87,--,3,2660,卖盘
49,14:54:36,8.87,--,239,212134,卖盘
50,14:54:33,8.87,--,20,17740,卖盘
51,14:54:30,8.87,-0.01,847,751288,卖盘
52,14:54:27,8.88,0.01,23,20424,买盘
53,14:54:24,8.87,--,28,24951,卖盘
54,14:54:21,8.87,--,109,96682,卖盘
55,14:54:18,8.87,--,60,53219,卖盘
56,14:54:15,8.87,-0.01,31,27496,卖盘
57,14:54:12,8.88,0.01,28,24864,买盘
58,14:54:09,8.87,--,28,24835,卖盘
59,14:54:06,8.87,--,673,596951,卖盘
60,14:54:03,8.87,--,76,67412,卖盘
61,14:54:00,8.87,-0.01,90,79830,卖盘
62,14:53:57,8.88,--,115,102120,买盘
63,14:53:54,8.88,--,41,36408,买盘
64,14:53:51,8.88,--,107,95016,买盘
65,14:53:48,8.88,0.01,220,195360,买盘
66,14:53:45,8.87,-0.01,1614,1431617,卖盘
67,14:53:42,8.88,--,65,57720,买盘
68,14:53:39,8.88,--,56,49728,买盘
69,14:53:36,8.88,--,69,61272,买盘
70,14:53:33,8.88,--,226,201460,卖盘
71,14:53:30,8.88,--,281,249528,卖盘
72,14:53:27,8.88,-0.01,217,192696,卖盘
73,14:53:24,8.89,0.01,321,285369,买盘
74,14:53:21,8.88,--,182,161616,卖盘
75,14:53:18,8.88,--,292,260121,卖盘
76,14:53:15,8.88,--,1037,920856,卖盘
77,14:53:12,8.88,--,167,148296,卖盘
78,14:53:09,8.88,-0.01,250,222000,卖盘
79,14:53:06,8.89,--,88,78232,买盘
80,14:53:03,8.89,0.01,120,106680,买盘
81,14:53:00,8.88,--,20,17760,卖盘
82,14:52:57,8.88,--,502,445776,卖盘
83,14:52:54,8.88,-0.01,80,71040,卖盘
84,14:52:51,8.89,--,504,448056,买盘
85,14:52:48,8.89,0.01,1,889,买盘
86,14:52:45,8.88,-0.01,295,261960,卖盘
87,14:52:42,8.89,--,37,32893,买盘
88,14:52:39,8.89,--,283,251587,买盘
89,14:52:36,8.89,0.01,253,224917,买盘
90,14:52:33,8.88,-0.01,14,12432,卖盘
91,14:52:30,8.89,--,55,48895,买盘
92,14:52:27,8.89,--,75,66675,买盘
93,14:52:24,8.89,0.01,52,46228,买盘
94,14:52:21,8.88,-0.01,228,202464,卖盘
95,14:52:18,8.89,0.01,61,54229,买盘
96,14:52:15,8.88,-0.01,172,152736,卖盘
97,14:52:12,8.89,--,107,95123,买盘
98,14:52:09,8.89,--,24,21336,买盘
99,14:52:06,8.89,--,1,889,买盘
100,14:52:03,8.89,--,13,11557,买盘
101,14:52:00,8.89,--,110,97790,买盘
102,14:51:57,8.89,--,37,32893,买盘
103,14:51:54,8.89,--,182,161798,买盘
104,14:51:51,8.89,0.01,317,281813,买盘
105,14:51:48,8.88,-0.01,46,40848,卖盘
106,14:51:45,8.89,--,97,86233,买盘
107,14:51:42,8.89,--,455,404495,买盘
108,14:51:39,8.89,0.01,4,3556,买盘
109,14:51:36,8.88,-0.02,857,761016,卖盘
110,14:51:33,8.9,0.01,2,1780,买盘
111,14:51:30,8.89,--,318,282702,卖盘
112,14:51:27,8.89,--,356,316484,卖盘
113,14:51:24,8.89,0.01,53,47117,买盘
114,14:51:21,8.88,--,59,52392,卖盘
115,14:51:18,8.88,--,160,142080,卖盘
116,14:51:15,8.88,-0.01,116,103008,卖盘
117,14:51:12,8.89,0.01,20,17780,买盘
118,14:51:09,8.88,--,62,55056,卖盘
119,14:51:06,8.88,--,70,62160,卖盘
120,14:51:03,8.88,--,369,327672,卖盘
121,14:51:00,8.88,-0.01,42,37296,卖盘
122,14:50:57,8.89,--,57,50673,买盘
123,14:50:54,8.89,0.01,160,142240,买盘
124,14:50:51,8.88,--,13,11544,卖盘
125,14:50:45,8.88,--,170,150960,卖盘
126,14:50:39,8.88,--,248,220401,卖盘
127,14:50:36,8.88,-0.01,92,81696,卖盘
128,14:50:33,8.89,--,103,91567,买盘
129,14:50:30,8.89,--,133,118237,买盘
130,14:50:27,8.89,--,157,140284,卖盘
131,14:50:24,8.89,--,618,549402,卖盘
132,14:50:21,8.89,-0.01,60,53340,卖盘
133,14:50:18,8.9,0.01,434,386260,买盘
134,14:50:15,8.89,-0.01,509,452501,卖盘
135,14:50:12,8.9,0.01,398,354220,买盘
136,14:50:09,8.89,-0.01,44,39116,卖盘
137,14:50:06,8.9,--,57,50730,买盘
138,14:50:03,8.9,--,44,39160,买盘
139,14:50:00,8.9,0.01,312,277680,买盘
140,14:49:57,8.89,--,26,23114,卖盘
141,14:49:54,8.89,--,64,56896,卖盘
142,14:49:51,8.89,-0.01,53,47117,卖盘
143,14:49:48,8.9,0.01,135,120150,买盘
144,14:49:45,8.89,-0.01,158,140462,卖盘
145,14:49:42,8.9,0.01,26,23140,买盘
146,14:49:39,8.89,--,13,11557,卖盘
147,14:49:36,8.89,--,12,10668,卖盘
148,14:49:33,8.89,-0.01,510,453390,卖盘
149,14:49:30,8.9,--,56,49840,买盘
150,14:49:27,8.9,0.01,530,471700,买盘
151,14:49:24,8.89,-0.01,534,474726,卖盘
152,14:49:21,8.9,0.01,37,32930,买盘
153,14:49:18,8.89,--,78,69342,卖盘
154,14:49:15,8.89,--,70,62230,卖盘
155,14:49:12,8.89,--,130,115570,卖盘
156,14:49:09,8.89,--,3,2667,卖盘
157,14:49:06,8.89,--,77,68453,卖盘
158,14:49:03,8.89,--,36,32004,卖盘
159,14:49:00,8.89,-0.01,21,18669,卖盘
160,14:48:57,8.9,--,31,27590,买盘
161,14:48:54,8.9,--,56,49840,买盘
162,14:48:51,8.9,0.01,208,185120,买盘
163,14:48:48,8.89,-0.01,166,147574,卖盘
164,14:48:45,8.9,--,48,42720,买盘
165,14:48:42,8.9,--,169,150410,买盘
166,14:48:39,8.9,--,429,381810,买盘
167,14:48:36,8.9,--,42,37380,买盘
168,14:48:30,8.9,--,110,97900,买盘
169,14:48:24,8.9,0.01,103,91670,买盘
170,14:48:21,8.89,-0.01,279,248031,卖盘
171,14:48:18,8.9,--,69,61410,买盘
172,14:48:15,8.9,--,5,4450,买盘
173,14:48:12,8.9,--,1055,938950,卖盘
174,14:48:09,8.9,--,152,135280,卖盘
175,14:48:06,8.9,--,115,102350,卖盘
176,14:48:03,8.9,--,21,18690,卖盘
177,14:48:00,8.9,--,792,704880,买盘
178,14:47:57,8.9,--,44,39160,买盘
179,14:47:54,8.9,--,127,113030,买盘
180,14:47:51,8.9,--,115,102350,买盘
181,14:47:48,8.9,--,165,146850,买盘
182,14:47:45,8.9,--,86,76540,买盘
183,14:47:42,8.9,--,35,31150,买盘
184,14:47:39,8.9,--,190,169100,卖盘
185,14:47:36,8.9,-0.01,124,110360,卖盘
186,14:47:33,8.91,0.01,70,62370,买盘
187,14:47:30,8.9,0.01,184,163760,买盘
188,14:47:27,8.89,-0.01,99,88011,卖盘
189,14:47:24,8.9,--,74,65860,卖盘
190,14:47:21,8.9,--,73,64970,买盘
191,14:47:18,8.9,--,1487,1323430,卖盘
192,14:47:15,8.9,--,18,16020,卖盘
193,14:47:12,8.9,--,29,25810,卖盘
194,14:47:09,8.9,--,182,161980,买盘
195,14:47:06,8.9,--,218,194198,买盘
196,14:47:03,8.9,--,608,541120,买盘
197,14:47:00,8.9,--,813,723570,买盘
198,14:46:57,8.9,--,8,7120,买盘
199,14:46:54,8.9,--,128,113920,买盘
200,14:46:51,8.9,--,14,12460,买盘
201,14:46:48,8.9,0.01,23,20470,买盘
202,14:46:45,8.89,--,146,129794,卖盘
203,14:46:42,8.89,--,49,43561,卖盘
204,14:46:39,8.89,--,136,120904,卖盘
205,14:46:33,8.89,-0.01,238,211582,卖盘
206,14:46:30,8.9,--,212,188680,买盘
207,14:46:27,8.9,--,245,218050,买盘
208,14:46:24,8.9,--,16,14240,买盘
209,14:46:21,8.9,--,1,890,买盘
210,14:46:18,8.9,--,7,6230,买盘
211,14:46:15,8.9,0.01,7,6230,买盘
212,14:46:12,8.89,0.01,69,61341,卖盘
213,14:46:09,8.88,-0.02,10,8880,卖盘
214,14:46:06,8.9,0.01,871,775190,买盘
215,14:46:03,8.89,--,43,38227,买盘
216,14:46:00,8.89,--,50,44450,买盘
217,14:45:57,8.89,0.01,19,16891,买盘
218,14:45:54,8.88,-0.01,39,34632,卖盘
219,14:45:51,8.89,--,12,10668,买盘
220,14:45:48,8.89,--,212,188468,买盘
221,14:45:45,8.89,--,10,8890,买盘
222,14:45:42,8.89,--,53,47117,买盘
223,14:45:39,8.89,--,80,71120,买盘
224,14:45:36,8.89,--,85,75565,买盘
225,14:45:33,8.89,--,82,72898,卖盘
226,14:45:30,8.89,--,48,42672,卖盘
227,14:45:27,8.89,--,152,135128,卖盘
228,14:45:24,8.89,0.01,104,92456,卖盘
229,14:45:21,8.88,-0.01,168,149184,卖盘
230,14:45:18,8.89,--,35,31115,买盘
231,14:45:15,8.89,0.01,101,89789,买盘
232,14:45:12,8.88,--,481,427128,卖盘
233,14:45:09,8.88,-0.01,135,119880,卖盘
234,14:45:06,8.89,--,36,32004,买盘
235,14:45:03,8.89,--,28,24892,买盘
236,14:45:00,8.89,-0.01,465,413385,卖盘
237,14:44:57,8.9,0.01,425,378250,买盘
238,14:44:54,8.89,--,819,728091,卖盘
239,14:44:51,8.89,--,80,71120,卖盘
240,14:44:48,8.89,--,33,29337,卖盘
241,14:44:45,8.89,--,20,17780,卖盘
242,14:44:42,8.89,-0.01,63,56007,卖盘
243,14:44:39,8.9,0.01,103,91670,买盘
244,14:44:36,8.89,-0.01,55,48895,卖盘
245,14:44:33,8.9,0.01,75,66750,买盘
246,14:44:30,8.89,-0.01,202,179578,卖盘
247,14:44:27,8.9,0.01,74,65860,买盘
248,14:44:24,8.89,--,288,256032,卖盘
249,14:44:21,8.89,--,29,25781,卖盘
250,14:44:18,8.89,--,354,314706,卖盘
251,14:44:15,8.89,--,199,176911,卖盘
252,14:44:12,8.89,--,496,440944,卖盘
253,14:44:09,8.89,--,953,847217,卖盘
254,14:44:06,8.89,-0.01,137,121793,卖盘
255,14:44:03,8.9,0.01,4,3560,买盘
256,14:44:00,8.89,--,53,47117,卖盘
257,14:43:57,8.89,-0.01,38,33782,卖盘
258,14:43:54,8.9,0.01,31,27590,买盘
259,14:43:51,8.89,--,193,171577,卖盘
260,14:43:48,8.89,-0.01,358,318262,卖盘
261,14:43:45,8.9,0.01,76,67640,买盘
262,14:43:42,8.89,--,75,66675,卖盘
263,14:43:39,8.89,-0.01,31,27559,卖盘
264,14:43:36,8.9,0.01,46,40940,买盘
265,14:43:33,8.89,-0.01,22,19558,卖盘
266,14:43:30,8.9,--,67,59630,买盘
267,14:43:27,8.9,--,112,99680,买盘
268,14:43:24,8.9,0.01,86,76540,买盘
269,14:43:21,8.89,--,20,17780,卖盘
270,14:43:18,8.89,--,312,277368,买盘
271,14:43:15,8.89,--,1,889,买盘
272,14:43:12,8.89,--,16,14224,买盘
273,14:43:09,8.89,--,9,8001,卖盘
274,14:43:06,8.89,--,125,111125,卖盘
275,14:43:03,8.89,--,79,70231,卖盘
276,14:43:00,8.89,--,25,22225,卖盘
277,14:42:57,8.89,-0.01,80,71120,卖盘
278,14:42:54,8.9,0.01,20,17800,买盘
279,14:42:51,8.89,--,11,9779,卖盘
280,14:42:48,8.89,0.01,52,46228,买盘
281,14:42:45,8.88,-0.01,133,118104,卖盘
282,14:42:42,8.89,--,521,463169,买盘
283,14:42:39,8.89,--,208,184912,买盘
284,14:42:36,8.89,--,183,162687,买盘
285,14:42:33,8.89,--,231,205359,买盘
286,14:42:30,8.89,--,50,44450,买盘
287,14:42:27,8.89,--,214,190246,买盘
288,14:42:24,8.89,--,67,59563,买盘
289,14:42:21,8.89,--,36,32004,买盘
290,14:42:18,8.89,--,270,240030,买盘
291,14:42:15,8.89,--,100,88900,买盘
292,14:42:12,8.89,0.01,533,473837,买盘
293,14:42:06,8.88,--,9,7992,卖盘
294,14:42:03,8.88,-0.01,47,41736,卖盘
295,14:42:00,8.89,0.01,100,88900,买盘
296,14:41:57,8.88,-0.01,50,44400,卖盘
297,14:41:48,8.89,0.01,1,889,买盘
298,14:41:45,8.88,--,30,26640,卖盘
299,14:41:42,8.88,--,43,38184,卖盘
300,14:41:39,8.88,--,67,59496,卖盘
301,14:41:36,8.88,-0.01,36,31968,卖盘
302,14:41:33,8.89,--,32,28448,买盘
303,14:41:30,8.89,0.01,15,13335,买盘
304,14:41:27,8.88,-0.01,5,4440,卖盘
305,14:41:24,8.89,--,101,89789,买盘
306,14:41:21,8.89,0.01,20,17780,买盘
307,14:41:18,8.88,--,129,114552,买盘
308,14:41:15,8.88,--,69,61272,买盘
309,14:41:12,8.88,--,462,410451,卖盘
310,14:41:09,8.88,--,126,111888,卖盘
311,14:41:06,8.88,--,58,51504,卖盘
312,14:41:03,8.88,0.01,3,2664,卖盘
313,14:41:00,8.87,-0.01,504,447047,卖盘
314,14:40:57,8.88,0.01,5,4440,买盘
315,14:40:54,8.87,--,47,41688,卖盘
316,14:40:48,8.87,-0.01,39,34593,卖盘
317,14:40:45,8.88,--,36,32358,买盘
318,14:40:42,8.88,--,195,173657,卖盘
319,14:40:39,8.88,--,12,10656,卖盘
320,14:40:36,8.88,--,39,34632,卖盘
321,14:40:33,8.88,--,30,26640,卖盘
322,14:40:30,8.88,--,27,23976,卖盘
323,14:40:27,8.88,--,367,326286,买盘
324,14:40:24,8.88,0.01,104,92352,买盘
325,14:40:21,8.87,--,950,842649,卖盘
326,14:40:18,8.87,-0.01,55,48784,卖盘
327,14:40:15,8.88,--,31,27528,买盘
328,14:40:12,8.88,0.01,114,101232,买盘
329,14:40:09,8.87,-0.01,66,58541,卖盘
330,14:40:06,8.88,--,186,165665,卖盘
331,14:40:03,8.88,--,71,63048,卖盘
332,14:40:00,8.88,--,6,5328,卖盘
333,14:39:57,8.88,--,195,173160,卖盘
334,14:39:54,8.88,--,40,35520,卖盘
335,14:39:51,8.88,--,71,63048,卖盘
336,14:39:48,8.88,--,11,9768,卖盘
337,14:39:45,8.88,--,25,22200,卖盘
338,14:39:42,8.88,--,328,291264,卖盘
339,14:39:39,8.88,--,7,6216,卖盘
340,14:39:36,8.88,--,4,3552,卖盘
341,14:39:33,8.88,--,3,2664,卖盘
342,14:39:30,8.88,--,294,261072,卖盘
343,14:39:27,8.88,-0.01,33,29304,卖盘
344,14:39:24,8.89,0.01,144,128016,买盘
345,14:39:21,8.88,--,11,9768,卖盘
346,14:39:18,8.88,--,424,376512,卖盘
347,14:39:15,8.88,-0.01,72,63936,卖盘
348,14:39:12,8.89,--,11,9779,买盘
349,14:39:09,8.89,0.01,59,52451,买盘
350,14:39:06,8.88,--,2,1776,卖盘
351,14:39:03,8.88,-0.02,7,6216,卖盘
352,14:39:00,8.9,0.01,322,286580,买盘
353,14:38:57,8.89,--,10,8890,卖盘
354,14:38:54,8.89,--,58,51562,卖盘
355,14:38:48,8.89,-0.01,258,229362,卖盘
356,14:38:45,8.9,0.01,1,890,买盘
357,14:38:42,8.89,--,87,77343,卖盘
358,14:38:39,8.89,-0.01,39,35062,卖盘
359,14:38:36,8.9,--,4,3560,买盘
360,14:38:33,8.9,0.01,5,4450,买盘
361,14:38:30,8.89,-0.01,97,86233,卖盘
362,14:38:27,8.9,0.01,31,27590,买盘
363,14:38:24,8.89,-0.01,20,17780,卖盘
364,14:38:21,8.9,--,54,48060,买盘
365,14:38:18,8.9,0.01,33,29370,买盘
366,14:38:15,8.89,-0.01,319,283591,卖盘
367,14:38:12,8.9,--,48,42720,买盘
368,14:38:09,8.9,--,29,25810,买盘
369,14:38:06,8.9,--,392,348880,买盘
370,14:38:03,8.9,--,77,68530,买盘
371,14:38:00,8.9,--,335,298506,卖盘
372,14:37:57,8.9,-0.01,241,214490,卖盘
373,14:37:54,8.91,--,168,149688,买盘
374,14:37:51,8.91,0.01,83,73953,买盘
375,14:37:48,8.9,--,12,10680,卖盘
376,14:37:45,8.9,-0.01,11,9790,卖盘
377,14:37:42,8.91,--,2,1782,买盘
378,14:37:39,8.91,--,96,85536,买盘
379,14:37:36,8.91,0.01,11,9801,买盘
380,14:37:33,8.9,--,11,9790,卖盘
381,14:37:30,8.9,--,253,225170,卖盘
382,14:37:27,8.9,--,9,8010,卖盘
383,14:37:24,8.9,--,59,52510,卖盘
384,14:37:21,8.9,--,160,142400,卖盘
385,14:37:18,8.9,-0.01,346,307940,卖盘
386,14:37:15,8.91,--,34,30294,买盘
387,14:37:12,8.91,--,2,1782,买盘
388,14:37:09,8.91,--,41,36531,买盘
389,14:37:06,8.91,--,13,11583,买盘
390,14:37:03,8.91,0.01,9,8019,买盘
391,14:37:00,8.9,-0.01,392,348880,卖盘
392,14:36:57,8.91,--,3,2673,买盘
393,14:36:54,8.91,0.01,90,80190,买盘
394,14:36:51,8.9,--,73,64970,卖盘
395,14:36:48,8.9,-0.01,23,20470,卖盘
396,14:36:45,8.91,0.01,34,30294,买盘
397,14:36:42,8.9,-0.01,161,143290,卖盘
398,14:36:39,8.91,--,350,311850,卖盘
399,14:36:36,8.91,--,100,89100,卖盘
400,14:36:33,8.91,--,14,12474,卖盘
401,14:36:30,8.91,-0.01,422,376002,卖盘
402,14:36:27,8.92,0.02,531,473652,买盘
403,14:36:24,8.9,-0.01,44,39160,卖盘
404,14:36:21,8.91,--,29,25839,买盘
405,14:36:18,8.91,--,58,51678,买盘
406,14:36:15,8.91,--,85,75735,买盘
407,14:36:12,8.91,--,501,446391,卖盘
408,14:36:09,8.91,-0.01,133,118503,卖盘
409,14:36:06,8.92,0.01,74,66008,买盘
410,14:36:03,8.91,-0.01,14,12474,卖盘
411,14:36:00,8.92,--,30,26760,买盘
412,14:35:57,8.92,0.01,5,4460,买盘
413,14:35:54,8.91,--,136,121176,买盘
414,14:35:51,8.91,--,398,354618,买盘
415,14:35:48,8.91,--,30,26730,买盘
416,14:35:45,8.91,0.01,89,79299,买盘
417,14:35:42,8.9,--,268,238520,卖盘
418,14:35:39,8.9,-0.01,42,37380,卖盘
419,14:35:36,8.91,--,1003,893673,买盘
420,14:35:33,8.91,0.01,3,2673,买盘
421,14:35:30,8.9,-0.01,395,351550,卖盘
422,14:35:27,8.91,--,32,28512,买盘
423,14:35:24,8.91,0.01,139,123849,买盘
424,14:35:21,8.9,-0.01,178,158420,卖盘
425,14:35:18,8.91,0.01,62,55242,买盘
426,14:35:15,8.9,-0.01,366,325740,卖盘
427,14:35:12,8.91,--,32,28512,买盘
428,14:35:09,8.91,--,20,17820,买盘
429,14:35:06,8.91,--,72,64152,买盘
430,14:35:03,8.91,--,16,14256,买盘
431,14:35:00,8.91,0.01,137,122067,买盘
432,14:34:57,8.9,-0.01,69,61410,卖盘
433,14:34:51,8.91,--,65,57915,买盘
434,14:34:48,8.91,--,5,4455,买盘
435,14:34:45,8.91,0.01,7,6237,买盘
436,14:34:39,8.9,-0.01,482,428980,卖盘
437,14:34:36,8.91,--,12,10692,买盘
438,14:34:33,8.91,0.01,108,96228,买盘
439,14:34:30,8.9,--,53,47170,卖盘
440,14:34:27,8.9,--,214,190460,卖盘
441,14:34:24,8.9,-0.01,20,17800,卖盘
442,14:34:21,8.91,0.01,1071,954795,买盘
443,14:34:18,8.9,--,170,151300,买盘
444,14:34:15,8.9,--,207,184230,买盘
445,14:34:12,8.9,--,188,167320,买盘
446,14:34:09,8.9,--,421,374690,买盘
447,14:34:06,8.9,--,30,26700,买盘
448,14:34:03,8.9,--,589,524210,买盘
449,14:34:00,8.9,--,259,230510,买盘
450,14:33:57,8.9,0.01,504,448560,买盘
451,14:33:54,8.89,-0.01,3,2667,卖盘
452,14:33:51,8.9,--,21,18690,买盘
453,14:33:48,8.9,--,44,39160,买盘
454,14:33:45,8.9,--,31,27590,买盘
455,14:33:42,8.9,0.01,528,469920,买盘
456,14:33:39,8.89,-0.01,6,5334,卖盘
457,14:33:36,8.9,--,132,117480,买盘
458,14:33:33,8.9,--,19,16910,买盘
459,14:33:30,8.9,--,117,104130,买盘
460,14:33:27,8.9,--,122,108580,买盘
461,14:33:24,8.9,--,7,6230,买盘
462,14:33:21,8.9,0.01,140,124600,买盘
463,14:33:18,8.89,--,580,515620,卖盘
464,14:33:15,8.89,-0.01,69,61341,卖盘
465,14:33:12,8.9,0.01,54,48060,买盘
466,14:33:09,8.89,-0.01,46,40894,卖盘
467,14:33:06,8.9,0.01,1238,1101820,买盘
468,14:33:03,8.89,--,119,105791,买盘
469,14:33:00,8.89,--,47,41783,买盘
470,14:32:57,8.89,--,80,71120,买盘
471,14:32:54,8.89,--,470,417830,买盘
472,14:32:51,8.89,--,34,30226,买盘
473,14:32:48,8.89,--,66,58674,买盘
474,14:32:45,8.89,--,10,8890,买盘
475,14:32:42,8.89,--,14,12446,买盘
476,14:32:39,8.89,0.01,284,252476,买盘
477,14:32:36,8.88,-0.01,59,52392,卖盘
478,14:32:33,8.89,0.01,36,32004,买盘
479,14:32:30,8.88,--,147,130536,卖盘
480,14:32:27,8.88,--,138,122544,卖盘
481,14:32:24,8.88,-0.01,37,32856,卖盘
482,14:32:21,8.89,0.01,110,97790,买盘
483,14:32:18,8.88,--,74,65712,卖盘
484,14:32:15,8.88,-0.01,146,129648,卖盘
485,14:32:12,8.89,0.01,56,49784,买盘
486,14:32:09,8.88,--,57,50616,卖盘
487,14:32:06,8.88,0.01,709,630178,买盘
488,14:32:03,8.87,-0.01,224,198687,卖盘
489,14:32:00,8.88,--,158,140304,买盘
490,14:31:57,8.88,0.01,322,285936,买盘
491,14:31:54,8.87,-0.01,129,114422,卖盘
492,14:31:51,8.88,0.01,402,356976,买盘
493,14:31:48,8.87,-0.01,231,204896,卖盘
494,14:31:45,8.88,0.01,1516,1346208,买盘
495,14:31:42,8.87,-0.01,79,70073,卖盘
496,14:31:39,8.88,--,94,83472,买盘
497,14:31:36,8.88,--,74,65712,买盘
498,14:31:33,8.88,0.01,155,137640,买盘
499,14:31:30,8.87,-0.01,365,323755,卖盘
500,14:31:27,8.88,--,14,12432,买盘
501,14:31:24,8.88,--,78,69264,买盘
502,14:31:21,8.88,--,158,140304,买盘
503,14:31:18,8.88,0.01,122,108336,买盘
504,14:31:15,8.87,--,22,19514,卖盘
505,14:31:12,8.87,0.01,42,37254,买盘
506,14:31:09,8.86,-0.01,184,163024,卖盘
507,14:31:06,8.87,--,52,46123,买盘
508,14:31:03,8.87,--,3,2660,买盘
509,14:31:00,8.87,0.01,49,43462,买盘
510,14:30:57,8.86,-0.01,23,20378,卖盘
511,14:30:54,8.87,--,224,198687,买盘
512,14:30:51,8.87,--,124,109987,买盘
513,14:30:48,8.87,--,218,193365,买盘
514,14:30:45,8.87,0.01,329,291823,买盘
515,14:30:42,8.86,--,367,325162,卖盘
516,14:30:39,8.86,--,201,178086,卖盘
517,14:30:36,8.86,-0.01,723,640578,卖盘
518,14:30:33,8.87,--,54,47897,买盘
519,14:30:30,8.87,0.01,29,25722,买盘
520,14:30:27,8.86,-0.01,74,65564,卖盘
521,14:30:24,8.87,--,287,254568,买盘
522,14:30:21,8.87,0.01,139,123292,买盘
523,14:30:18,8.86,-0.01,51,45186,卖盘
524,14:30:15,8.87,--,97,86038,买盘
525,14:30:12,8.87,--,59,52332,买盘
526,14:30:09,8.87,--,106,94021,买盘
527,14:30:06,8.87,--,5,4435,买盘
528,14:30:03,8.87,0.01,15,13304,买盘
529,14:30:00,8.86,-0.01,14,12404,卖盘
530,14:29:57,8.87,--,50,44349,买盘
531,14:29:54,8.87,0.01,74,65638,买盘
532,14:29:51,8.86,-0.01,1211,1072946,卖盘
533,14:29:48,8.87,--,50,44349,买盘
534,14:29:45,8.87,--,99,87812,买盘
535,14:29:42,8.87,--,36,31931,买盘
536,14:29:39,8.87,--,57,50558,买盘
537,14:29:36,8.87,--,16,14191,买盘
538,14:29:33,8.87,--,21,18627,买盘
539,14:29:30,8.87,0.01,36,31931,买盘
540,14:29:27,8.86,-0.01,13,11518,卖盘
541,14:29:24,8.87,--,21,18627,买盘
542,14:29:21,8.87,0.01,43,38141,买盘
543,14:29:18,8.86,-0.01,3,2658,卖盘
544,14:29:15,8.87,-0.01,12,10643,中性盘
545,14:29:12,8.88,0.01,244,216938,买盘
546,14:29:09,8.87,--,3,2660,卖盘
547,14:29:06,8.87,--,18,15965,卖盘
548,14:29:03,8.87,--,18,15965,卖盘
549,14:29:00,8.87,-0.01,235,209145,卖盘
550,14:28:57,8.88,--,32,28416,买盘
551,14:28:54,8.88,--,496,440448,买盘
552,14:28:51,8.88,--,505,448440,买盘
553,14:28:48,8.88,0.01,23,20424,买盘
554,14:28:45,8.87,--,22,19514,卖盘
555,14:28:42,8.87,-0.01,8,7095,卖盘
556,14:28:39,8.88,0.01,21,18648,买盘
557,14:28:36,8.87,-0.01,14,12417,卖盘
558,14:28:33,8.88,0.01,21,18648,买盘
559,14:28:30,8.87,--,954,847005,买盘
560,14:28:27,8.87,0.01,37,33395,买盘
561,14:28:24,8.86,-0.01,8,7088,卖盘
562,14:28:21,8.87,0.01,55,48784,买盘
563,14:28:18,8.86,-0.01,201,178165,卖盘
564,14:28:15,8.87,--,22,19514,卖盘
565,14:28:12,8.87,-0.01,21,19434,卖盘
566,14:28:09,8.88,0.01,88,78144,买盘
567,14:28:06,8.87,-0.01,115,102004,卖盘
568,14:28:03,8.88,0.01,23,20424,买盘
569,14:28:00,8.87,0.01,83,73621,买盘
570,14:27:57,8.86,--,8,7141,卖盘
571,14:27:54,8.86,-0.01,36,31895,卖盘
572,14:27:51,8.87,0.01,53,47010,买盘
573,14:27:48,8.86,-0.01,923,817778,卖盘
574,14:27:45,8.87,0.01,6,5321,买盘
575,14:27:42,8.86,--,38,33978,卖盘
576,14:27:39,8.86,--,38,33668,卖盘
577,14:27:36,8.86,-0.01,4,3544,卖盘
578,14:27:33,8.87,0.01,50,44349,买盘
579,14:27:30,8.86,-0.01,123,108978,卖盘
580,14:27:27,8.87,0.01,55,48953,买盘
581,14:27:21,8.86,--,11,9746,卖盘
582,14:27:18,8.86,--,6,5316,卖盘
583,14:27:12,8.86,-0.01,8,7433,卖盘
584,14:27:09,8.87,--,37,32819,卖盘
585,14:27:06,8.87,--,13,11530,卖盘
586,14:27:03,8.87,--,117,103778,卖盘
587,14:27:00,8.87,0.01,439,390111,买盘
588,14:26:57,8.86,-0.01,325,288038,卖盘
589,14:26:54,8.87,0.01,248,219975,买盘
590,14:26:48,8.86,-0.01,124,109864,卖盘
591,14:26:45,8.87,0.01,678,601386,买盘
592,14:26:42,8.86,--,16,14264,卖盘
593,14:26:39,8.86,-0.01,143,126697,卖盘
594,14:26:36,8.87,0.01,82,72734,买盘
595,14:26:33,8.86,-0.01,3,2658,卖盘
596,14:26:30,8.87,--,16,14191,买盘
597,14:26:27,8.87,--,31,27771,买盘
598,14:26:24,8.87,--,69,61202,买盘
599,14:26:21,8.87,--,509,451651,卖盘
600,14:26:18,8.87,--,81,71847,卖盘
601,14:26:15,8.87,-0.01,4,3547,卖盘
602,14:26:12,8.88,0.01,102,91002,买盘
603,14:26:09,8.87,-0.01,14,12417,卖盘
604,14:26:06,8.88,0.01,121,107448,买盘
605,14:26:03,8.87,--,23,20401,卖盘
606,14:26:00,8.87,-0.01,128,113535,卖盘
607,14:25:57,8.88,0.01,15,13470,买盘
608,14:25:54,8.87,--,16,14191,卖盘
609,14:25:51,8.87,-0.01,2,1773,卖盘
610,14:25:48,8.88,--,25,22200,买盘
611,14:25:45,8.88,0.01,12,10656,买盘
612,14:25:42,8.87,--,22,19673,卖盘
613,14:25:39,8.87,--,14,12417,卖盘
614,14:25:36,8.87,-0.01,54,47897,卖盘
615,14:25:33,8.88,--,60,53280,买盘
616,14:25:30,8.88,0.01,17,15096,买盘
617,14:25:27,8.87,-0.01,81,71891,卖盘
618,14:25:24,8.88,--,524,465312,买盘
619,14:25:21,8.88,--,1,888,买盘
620,14:25:18,8.88,0.01,24,21312,买盘
621,14:25:15,8.87,--,4,3547,卖盘
622,14:25:12,8.87,--,49,43755,卖盘
623,14:25:09,8.87,--,43,38141,卖盘
624,14:25:06,8.87,--,96,85151,卖盘
625,14:25:03,8.87,--,28,24835,卖盘
626,14:25:00,8.87,--,51,45236,卖盘
627,14:24:57,8.87,--,8,7158,卖盘
628,14:24:54,8.87,--,4,3547,卖盘
629,14:24:51,8.87,--,19,16853,卖盘
630,14:24:48,8.87,--,33,29270,卖盘
631,14:24:45,8.87,--,66,58541,卖盘
632,14:24:42,8.87,--,168,149486,卖盘
633,14:24:39,8.87,--,50,44349,卖盘
634,14:24:36,8.87,--,20,17740,卖盘
635,14:24:33,8.87,0.01,675,598725,买盘
636,14:24:30,8.86,-0.01,18,15947,卖盘
637,14:24:27,8.87,--,59,52572,买盘
638,14:24:24,8.87,--,33,29270,买盘
639,14:24:21,8.87,0.01,27,23948,买盘
640,14:24:18,8.86,-0.01,105,93030,卖盘
641,14:24:15,8.87,--,12,10643,买盘
642,14:24:12,8.87,0.01,71,63092,买盘
643,14:24:09,8.86,-0.01,76,67336,卖盘
644,14:24:06,8.87,0.01,2,1773,买盘
645,14:24:03,8.86,--,1,886,卖盘
646,14:24:00,8.86,--,19,16834,卖盘
647,14:23:57,8.86,-0.01,661,586026,卖盘
648,14:23:54,8.87,-0.01,65,57654,卖盘
649,14:23:51,8.88,0.01,655,581640,买盘
650,14:23:48,8.87,--,40,35480,卖盘
651,14:23:45,8.87,-0.01,99,87812,卖盘
652,14:23:42,8.88,0.01,10,9048,买盘
653,14:23:39,8.87,-0.01,6,5321,卖盘
654,14:23:36,8.88,0.01,97,86526,买盘
655,14:23:33,8.87,--,20,17740,买盘
656,14:23:30,8.87,-0.01,23,20897,卖盘
657,14:23:27,8.88,0.01,77,68509,买盘
658,14:23:24,8.87,--,114,101117,卖盘
659,14:23:18,8.87,--,129,114422,卖盘
660,14:23:15,8.87,--,1079,957072,卖盘
661,14:23:12,8.87,--,3,3512,卖盘
662,14:23:09,8.87,--,94,83377,卖盘
663,14:23:06,8.87,-0.01,48,42575,卖盘
664,14:23:03,8.88,--,131,116328,买盘
665,14:23:00,8.88,--,34,30192,卖盘
666,14:22:57,8.88,--,20,17760,卖盘
667,14:22:54,8.88,--,125,111000,卖盘
668,14:22:51,8.88,--,59,52392,卖盘
669,14:22:48,8.88,--,140,124320,卖盘
670,14:22:45,8.88,--,47,42029,买盘
671,14:22:42,8.88,--,162,144450,卖盘
672,14:22:39,8.88,--,46,40848,卖盘
673,14:22:36,8.88,--,775,688493,买盘
674,14:22:33,8.88,--,56,49728,买盘
675,14:22:30,8.88,--,62,55056,买盘
676,14:22:27,8.88,--,10,8880,买盘
677,14:22:24,8.88,--,79,70152,买盘
678,14:22:21,8.88,0.01,34,30192,买盘
679,14:22:18,8.87,-0.01,195,173559,卖盘
680,14:22:15,8.88,--,260,230880,卖盘
681,14:22:12,8.88,--,610,541680,卖盘
682,14:22:09,8.88,--,59,52392,卖盘
683,14:22:06,8.88,-0.01,7,6216,卖盘
684,14:22:00,8.89,--,547,486283,买盘
685,14:21:57,8.89,--,75,66675,买盘
686,14:21:54,8.89,0.01,59,52451,买盘
687,14:21:51,8.88,-0.01,31,27528,卖盘
688,14:21:48,8.89,0.01,139,123571,买盘
689,14:21:45,8.88,--,11,9768,卖盘
690,14:21:42,8.88,--,116,103008,卖盘
691,14:21:39,8.88,-0.01,7,6216,卖盘
692,14:21:36,8.89,--,242,215138,买盘
693,14:21:33,8.89,0.01,1649,1465961,买盘
694,14:21:30,8.88,--,1,888,卖盘
695,14:21:27,8.88,--,456,405221,买盘
696,14:21:24,8.88,--,151,134088,买盘
697,14:21:21,8.88,--,156,138528,买盘
698,14:21:18,8.88,0.01,742,658896,买盘
699,14:21:15,8.87,--,41,36367,卖盘
700,14:21:12,8.87,--,141,125066,卖盘
701,14:21:09,8.87,-0.01,75,66525,卖盘
702,14:21:06,8.88,--,48,42624,买盘
703,14:21:03,8.88,--,14,12432,买盘
704,14:21:00,8.88,--,66,58608,买盘
705,14:20:57,8.88,--,301,267288,买盘
706,14:20:54,8.88,--,66,58608,买盘
707,14:20:51,8.88,--,24,21312,买盘
708,14:20:48,8.88,--,313,277944,买盘
709,14:20:45,8.88,0.01,145,128760,买盘
710,14:20:42,8.87,-0.01,107,94908,卖盘
711,14:20:39,8.88,--,175,155400,买盘
712,14:20:36,8.88,0.01,93,82584,买盘
713,14:20:33,8.87,-0.01,30,26609,卖盘
714,14:20:30,8.88,0.01,25,22200,买盘
715,14:20:27,8.87,--,116,102891,卖盘
716,14:20:24,8.87,-0.01,50,44349,卖盘
717,14:20:21,8.88,0.01,38,33744,买盘
718,14:20:18,8.87,--,223,197800,卖盘
719,14:20:15,8.87,--,1692,1500803,买盘
720,14:20:12,8.87,0.01,1081,958846,买盘
721,14:20:09,8.86,-0.01,48,42528,卖盘
722,14:20:06,8.87,--,145,128614,买盘
723,14:20:03,8.87,0.01,12,10643,买盘
724,14:20:00,8.86,--,61,54046,卖盘
725,14:19:57,8.86,--,52,46072,卖盘
726,14:19:54,8.86,-0.01,73,64677,卖盘
727,14:19:51,8.87,0.01,847,751288,买盘
728,14:19:48,8.86,--,153,135558,卖盘
729,14:19:45,8.86,-0.01,211,186946,卖盘
730,14:19:42,8.87,0.01,69,61202,买盘
731,14:19:39,8.86,-0.01,58,51388,卖盘
732,14:19:36,8.87,--,82,72734,买盘
733,14:19:33,8.87,0.01,604,535748,买盘
734,14:19:30,8.86,-0.01,12,10632,卖盘
735,14:19:27,8.87,--,26,23061,买盘
736,14:19:24,8.87,0.01,6,5321,买盘
737,14:19:21,8.86,-0.01,53,46958,卖盘
738,14:19:18,8.87,0.01,33,29270,买盘
739,14:19:15,8.86,--,31,27466,卖盘
740,14:19:12,8.86,--,295,261369,买盘
741,14:19:09,8.86,--,809,716774,买盘
742,14:19:06,8.86,--,433,383638,买盘
743,14:19:03,8.86,0.01,273,241877,买盘
744,14:19:00,8.85,--,6,5310,卖盘
745,14:18:57,8.85,--,217,192045,卖盘
746,14:18:54,8.85,--,91,80889,卖盘
747,14:18:51,8.85,-0.01,3,2655,卖盘
748,14:18:48,8.86,0.01,255,225930,买盘
749,14:18:45,8.85,--,17,15045,卖盘
750,14:18:42,8.85,-0.01,10,8850,卖盘
751,14:18:39,8.86,0.01,1136,1007027,买盘
752,14:18:36,8.85,--,72,63720,买盘
753,14:18:33,8.85,--,70,61950,买盘
754,14:18:30,8.85,--,188,166380,买盘
755,14:18:27,8.85,--,48,42480,买盘
756,14:18:24,8.85,--,50,44250,买盘
757,14:18:21,8.85,0.01,314,277890,买盘
758,14:18:18,8.84,--,76,67184,卖盘
759,14:18:15,8.84,--,54,47736,卖盘
760,14:18:12,8.84,--,141,124644,卖盘
761,14:18:09,8.84,--,354,313112,买盘
762,14:18:06,8.84,--,434,383656,买盘
763,14:18:03,8.84,0.01,37,32708,买盘
764,14:18:00,8.83,-0.01,134,118322,卖盘
765,14:17:57,8.84,0.01,38,33592,买盘
766,14:17:54,8.83,--,346,305518,卖盘
767,14:17:51,8.83,--,70,61810,卖盘
768,14:17:48,8.83,-0.01,230,203090,卖盘
769,14:17:45,8.84,--,277,244868,买盘
770,14:17:42,8.84,0.01,63,55692,买盘
771,14:17:39,8.83,-0.01,124,109492,卖盘
772,14:17:36,8.84,0.01,114,100776,买盘
773,14:17:33,8.83,-0.01,1210,1068430,卖盘
774,14:17:30,8.84,--,2,1768,买盘
775,14:17:27,8.84,--,73,64532,买盘
776,14:17:24,8.84,--,109,96356,买盘
777,14:17:21,8.84,--,38,33592,买盘
778,14:17:18,8.84,0.01,125,110500,买盘
779,14:17:15,8.83,--,43,37969,卖盘
780,14:17:12,8.83,-0.01,41,36203,卖盘
781,14:17:09,8.84,0.01,85,75140,买盘
782,14:17:06,8.83,--,96,84768,卖盘
783,14:17:03,8.83,--,47,41501,卖盘
784,14:17:00,8.83,--,155,136865,卖盘
785,14:16:57,8.83,-0.01,46,40618,卖盘
786,14:16:54,8.84,--,163,144092,买盘
787,14:16:51,8.84,0.01,135,119340,买盘
788,14:16:48,8.83,--,428,377924,卖盘
789,14:16:45,8.83,--,121,106843,卖盘
790,14:16:42,8.83,--,79,69757,卖盘
791,14:16:39,8.83,--,177,156291,买盘
792,14:16:36,8.83,--,1081,954523,买盘
793,14:16:33,8.83,--,151,133333,买盘
794,14:16:30,8.83,--,115,101545,买盘
795,14:16:27,8.83,--,104,91832,买盘
796,14:16:24,8.83,--,119,105077,买盘
797,14:16:21,8.83,--,105,92715,买盘
798,14:16:18,8.83,--,222,196026,卖盘
799,14:16:15,8.83,-0.01,659,581897,卖盘
800,14:16:12,8.84,0.01,147,129948,买盘
801,14:16:09,8.83,-0.01,145,128035,中性盘
802,14:16:06,8.84,0.01,473,418132,买盘
803,14:16:03,8.83,--,46,40618,卖盘
804,14:16:00,8.83,0.01,164,144812,中性盘
805,14:15:57,8.82,-0.01,843,743526,卖盘
806,14:15:54,8.83,--,15,13245,卖盘
807,14:15:51,8.83,--,66,58278,卖盘
808,14:15:48,8.83,-0.01,170,150110,卖盘
809,14:15:45,8.84,--,723,639132,买盘
810,14:15:42,8.84,0.01,243,214812,买盘
811,14:15:39,8.83,--,149,131567,卖盘
812,14:15:36,8.83,-0.01,21,18543,卖盘
813,14:15:33,8.84,0.01,20,17680,买盘
814,14:15:30,8.83,-0.01,200,176600,卖盘
815,14:15:27,8.84,0.01,156,137904,买盘
816,14:15:24,8.83,--,49,43267,卖盘
817,14:15:21,8.83,--,158,139514,卖盘
818,14:15:18,8.83,-0.01,93,82119,卖盘
819,14:15:15,8.84,--,118,104312,买盘
820,14:15:12,8.84,0.01,174,153816,买盘
821,14:15:09,8.83,-0.01,97,85651,卖盘
822,14:15:06,8.84,--,247,218348,买盘
823,14:15:03,8.84,0.01,147,129948,买盘
824,14:15:00,8.83,-0.01,651,574833,卖盘
825,14:14:57,8.84,--,183,161772,卖盘
826,14:14:54,8.84,--,323,285532,卖盘
827,14:14:51,8.84,-0.01,16,14144,卖盘
828,14:14:48,8.85,0.01,22,19470,买盘
829,14:14:45,8.84,--,14,12376,卖盘
830,14:14:42,8.84,--,20,17680,卖盘
831,14:14:39,8.84,--,51,45084,卖盘
832,14:14:36,8.84,--,18,15912,卖盘
833,14:14:33,8.84,-0.01,394,348296,卖盘
834,14:14:30,8.85,--,21,18585,买盘
835,14:14:27,8.85,--,16,14160,买盘
836,14:14:24,8.85,0.01,218,192930,买盘
837,14:14:21,8.84,--,67,59228,卖盘
838,14:14:18,8.84,--,30,26520,卖盘
839,14:14:15,8.84,--,118,104312,卖盘
840,14:14:12,8.84,--,544,480896,卖盘
841,14:14:09,8.84,-0.01,380,335920,卖盘
842,14:14:06,8.85,--,86,76110,买盘
843,14:14:03,8.85,0.01,584,516840,买盘
844,14:14:00,8.84,--,279,246636,卖盘
845,14:13:57,8.84,--,42,37128,卖盘
846,14:13:54,8.84,--,53,46852,卖盘
847,14:13:51,8.84,-0.01,107,94588,卖盘
848,14:13:48,8.85,0.01,76,67260,买盘
849,14:13:45,8.84,--,132,116688,卖盘
850,14:13:42,8.84,-0.01,135,119340,卖盘
851,14:13:39,8.85,0.01,76,67260,买盘
852,14:13:36,8.84,--,98,86632,卖盘
853,14:13:33,8.84,--,262,231608,卖盘
854,14:13:30,8.84,--,6,5304,卖盘
855,14:13:27,8.84,--,23,20332,卖盘
856,14:13:24,8.84,--,88,77792,卖盘
857,14:13:21,8.84,--,24,21216,卖盘
858,14:13:18,8.84,--,81,71604,卖盘
859,14:13:15,8.84,0.01,2301,2034084,买盘
860,14:13:12,8.83,--,126,111258,卖盘
861,14:13:09,8.83,--,299,264017,卖盘
862,14:13:06,8.83,--,126,111258,卖盘
863,14:13:03,8.83,--,83,73289,卖盘
864,14:13:00,8.83,--,94,83002,卖盘
865,14:12:57,8.83,--,457,403531,卖盘
866,14:12:54,8.83,--,198,174834,卖盘
867,14:12:51,8.83,0.01,907,801410,买盘
868,14:12:48,8.82,-0.01,459,404838,卖盘
869,14:12:45,8.83,--,131,115673,买盘
870,14:12:42,8.83,0.01,229,202207,买盘
871,14:12:39,8.82,--,261,230202,卖盘
872,14:12:36,8.82,--,201,177282,卖盘
873,14:12:33,8.82,--,124,109368,卖盘
874,14:12:30,8.82,--,243,214326,卖盘
875,14:12:27,8.82,--,1283,1131606,买盘
876,14:12:24,8.82,0.01,54,47628,买盘
877,14:12:21,8.81,-0.01,78,69422,卖盘
878,14:12:18,8.82,--,73,64386,买盘
879,14:12:15,8.82,--,478,421596,买盘
880,14:12:12,8.82,--,670,590940,卖盘
881,14:12:09,8.82,--,577,508914,卖盘
882,14:12:06,8.82,--,148,130536,卖盘
883,14:12:03,8.82,-0.01,91,80262,卖盘
884,14:12:00,8.83,0.01,228,201324,买盘
885,14:11:57,8.82,-0.01,1365,1203930,卖盘
886,14:11:54,8.83,--,28,24724,买盘
887,14:11:51,8.83,0.01,102,90066,买盘
888,14:11:48,8.82,-0.01,43,37926,卖盘
889,14:11:45,8.83,--,69,60927,卖盘
890,14:11:42,8.83,-0.01,123,108609,卖盘
891,14:11:39,8.84,--,1676,1481584,买盘
892,14:11:36,8.84,0.01,56,49504,买盘
893,14:11:33,8.83,--,616,543928,卖盘
894,14:11:30,8.83,--,161,142163,卖盘
895,14:11:27,8.83,-0.01,82,72406,卖盘
896,14:11:24,8.84,--,91,80444,买盘
897,14:11:21,8.84,--,327,289068,买盘
898,14:11:18,8.84,0.01,129,114036,买盘
899,14:11:15,8.83,-0.01,72,63576,卖盘
900,14:11:12,8.84,--,24,21216,买盘
901,14:11:09,8.84,--,7,6188,买盘
902,14:11:06,8.84,-0.01,593,524212,卖盘
903,14:11:03,8.85,0.01,1203,1064655,买盘
904,14:11:00,8.84,--,1618,1430312,卖盘
905,14:10:57,8.84,--,53,46852,卖盘
906,14:10:54,8.84,--,196,173264,卖盘
907,14:10:51,8.84,-0.01,660,583440,卖盘
908,14:10:48,8.85,--,553,489405,卖盘
909,14:10:45,8.85,--,2168,1918680,卖盘
910,14:10:42,8.85,--,87,76995,卖盘
911,14:10:39,8.85,--,627,554895,卖盘
912,14:10:36,8.85,--,165,146025,卖盘
913,14:10:33,8.85,--,237,209745,卖盘
914,14:10:30,8.85,--,605,535425,卖盘
915,14:10:27,8.85,--,838,741630,卖盘
916,14:10:24,8.85,--,399,353115,卖盘
917,14:10:21,8.85,--,5032,4453320,卖盘
918,14:10:18,8.85,--,524,463740,卖盘
919,14:10:15,8.85,--,146,129210,卖盘
920,14:10:12,8.85,--,129,114165,卖盘
921,14:10:09,8.85,-0.01,119,105315,卖盘
922,14:10:06,8.86,0.01,224,198464,买盘
923,14:10:03,8.85,-0.01,82,72570,卖盘
924,14:10:00,8.86,--,41,36326,买盘
925,14:09:57,8.86,--,68,60247,买盘
926,14:09:54,8.86,--,38,33668,买盘
927,14:09:51,8.86,--,1151,1019785,卖盘
928,14:09:48,8.86,--,33,29237,卖盘
929,14:09:45,8.86,--,1777,1574422,卖盘
930,14:09:42,8.86,--,1278,1132308,卖盘
931,14:09:39,8.86,--,270,239219,卖盘
932,14:09:36,8.86,--,8,7088,卖盘
933,14:09:33,8.86,--,185,163910,卖盘
934,14:09:30,8.86,-0.01,17,15061,卖盘
935,14:09:27,8.87,0.01,38,33706,买盘
936,14:09:24,8.86,-0.01,35,31009,卖盘
937,14:09:21,8.87,--,39,34593,买盘
938,14:09:18,8.87,-0.01,6090,5401829,卖盘
939,14:09:15,8.88,--,60,53280,买盘
940,14:09:09,8.88,0.01,11,9768,买盘
941,14:09:06,8.87,--,42,37254,卖盘
942,14:09:03,8.87,--,400,354799,卖盘
943,14:09:00,8.87,--,164,145468,卖盘
944,14:08:57,8.87,-0.01,79,70073,卖盘
945,14:08:54,8.88,--,138,122544,买盘
946,14:08:51,8.88,--,91,80808,买盘
947,14:08:48,8.88,0.01,26,23088,买盘
948,14:08:45,8.87,--,40,35480,卖盘
949,14:08:42,8.87,-0.01,3,2660,卖盘
950,14:08:39,8.88,0.01,26,23088,买盘
951,14:08:36,8.87,--,67,59428,卖盘
952,14:08:30,8.87,-0.01,26,23061,卖盘
953,14:08:27,8.88,--,42,37296,买盘
954,14:08:24,8.88,--,4,3552,买盘
955,14:08:21,8.88,0.01,75,66600,买盘
956,14:08:18,8.87,-0.01,446,395601,卖盘
957,14:08:15,8.88,--,176,156288,卖盘
958,14:08:12,8.88,--,224,198912,卖盘
959,14:08:09,8.88,-0.01,25,22200,卖盘
960,14:08:06,8.89,0.01,22,19558,买盘
961,14:08:03,8.88,-0.01,29,25752,卖盘
962,14:08:00,8.89,--,82,72898,买盘
963,14:07:57,8.89,0.01,176,156464,买盘
964,14:07:54,8.88,--,24,21312,卖盘
965,14:07:51,8.88,-0.01,6,5328,卖盘
966,14:07:48,8.89,--,475,422275,买盘
967,14:07:45,8.89,0.01,4,3556,买盘
968,14:07:42,8.88,-0.01,96,85248,卖盘
969,14:07:39,8.89,0.01,7,6223,买盘
970,14:07:36,8.88,--,4,3552,卖盘
971,14:07:33,8.88,-0.01,22,19536,卖盘
972,14:07:30,8.89,--,41,36449,买盘
973,14:07:24,8.89,--,235,208915,卖盘
974,14:07:21,8.89,-0.01,97,86233,卖盘
975,14:07:18,8.9,0.01,22,19580,买盘
976,14:07:15,8.89,--,2,1778,卖盘
977,14:07:12,8.89,--,108,96012,卖盘
978,14:07:09,8.89,--,468,416052,买盘
979,14:07:06,8.89,--,5,4445,买盘
980,14:07:03,8.89,--,211,187579,买盘
981,14:07:00,8.89,--,748,664972,买盘
982,14:06:54,8.89,--,32,28448,买盘
983,14:06:51,8.89,0.01,6,5334,买盘
984,14:06:48,8.88,-0.01,56,49728,卖盘
985,14:06:45,8.89,--,3,2667,买盘
986,14:06:42,8.89,0.01,133,118237,买盘
987,14:06:39,8.88,-0.01,10,8880,卖盘
988,14:06:36,8.89,0.01,6,5334,买盘
989,14:06:33,8.88,-0.01,156,138528,卖盘
990,14:06:30,8.89,0.01,368,327152,买盘
991,14:06:27,8.88,-0.01,16,14208,卖盘
992,14:06:24,8.89,0.01,1,889,买盘
993,14:06:21,8.88,--,152,134976,卖盘
994,14:06:18,8.88,--,72,63936,卖盘
995,14:06:12,8.88,0.01,36,31968,中性盘
996,14:06:09,8.87,-0.01,501,444386,卖盘
997,14:06:06,8.88,--,46,40848,卖盘
998,14:06:03,8.88,--,1104,980352,买盘
999,14:06:00,8.88,--,95,84360,买盘
1000,14:05:57,8.88,0.01,24,21312,买盘
1001,14:05:54,8.87,-0.01,521,462126,卖盘
1002,14:05:51,8.88,--,19,16872,买盘
1003,14:05:48,8.88,--,121,107448,买盘
1004,14:05:45,8.88,--,13,11544,买盘
1005,14:05:42,8.88,--,115,102120,买盘
1006,14:05:39,8.88,--,29,25752,买盘
1007,14:05:36,8.88,--,94,83472,买盘
1008,14:05:33,8.88,--,57,50616,买盘
1009,14:05:30,8.88,--,35,31080,买盘
1010,14:05:27,8.88,--,76,67488,买盘
1011,14:05:24,8.88,--,37,32856,买盘
1012,14:05:21,8.88,--,84,74592,卖盘
1013,14:05:18,8.88,--,391,347208,买盘
1014,14:05:15,8.88,--,159,141192,卖盘
1015,14:05:12,8.88,--,378,335664,卖盘
1016,14:05:09,8.88,--,89,79032,卖盘
1017,14:05:06,8.88,--,216,191808,卖盘
1018,14:05:03,8.88,--,246,218448,买盘
1019,14:05:00,8.88,--,171,151848,卖盘
1020,14:04:57,8.88,--,191,169608,卖盘
1021,14:04:54,8.88,--,20,17760,卖盘
1022,14:04:51,8.88,-0.01,24,21312,卖盘
1023,14:04:48,8.89,0.01,32,28448,买盘
1024,14:04:45,8.88,--,239,212232,卖盘
1025,14:04:42,8.88,-0.01,41,36408,卖盘
1026,14:04:39,8.89,0.01,103,91567,买盘
1027,14:04:36,8.88,--,34,30192,卖盘
1028,14:04:33,8.88,--,90,79920,卖盘
1029,14:04:30,8.88,--,6,5328,卖盘
1030,14:04:27,8.88,--,128,113664,卖盘
1031,14:04:24,8.88,-0.01,20,17760,卖盘
1032,14:04:21,8.89,--,28,24892,买盘
1033,14:04:18,8.89,--,10,8890,买盘
1034,14:04:15,8.89,--,27,24003,卖盘
1035,14:04:12,8.89,--,130,115570,卖盘
1036,14:04:09,8.89,--,150,133350,卖盘
1037,14:04:06,8.89,--,38,33782,卖盘
1038,14:04:03,8.89,-0.01,20,17780,卖盘
1039,14:04:00,8.9,--,216,192240,买盘
1040,14:03:57,8.9,0.01,13,11570,买盘
1041,14:03:54,8.89,-0.01,31,27559,卖盘
1042,14:03:51,8.9,--,299,266110,买盘
1043,14:03:48,8.9,--,15,13350,买盘
1044,14:03:45,8.9,--,92,81880,买盘
1045,14:03:42,8.9,--,46,40940,卖盘
1046,14:03:39,8.9,--,70,62300,卖盘
1047,14:03:36,8.9,--,4,3560,卖盘
1048,14:03:33,8.9,--,38,33820,中性盘
1049,14:03:30,8.9,-0.01,31,27590,卖盘
1050,14:03:27,8.91,--,9,8019,买盘
1051,14:03:24,8.91,--,6,5346,买盘
1052,14:03:21,8.91,--,140,124740,买盘
1053,14:03:18,8.91,--,45,40095,买盘
1054,14:03:15,8.91,--,202,179982,买盘
1055,14:03:12,8.91,--,156,138996,买盘
1056,14:03:09,8.91,--,87,77517,买盘
1057,14:03:06,8.91,--,87,77517,买盘
1058,14:03:03,8.91,0.01,108,96228,买盘
1059,14:03:00,8.9,-0.01,8,7120,卖盘
1060,14:02:54,8.91,0.01,5,4455,买盘
1061,14:02:51,8.9,--,59,52510,卖盘
1062,14:02:48,8.9,-0.01,142,126380,卖盘
1063,14:02:42,8.91,0.01,166,147906,买盘
1064,14:02:39,8.9,--,37,32930,卖盘
1065,14:02:36,8.9,-0.01,139,123710,中性盘
1066,14:02:33,8.91,0.01,233,207603,买盘
1067,14:02:30,8.9,--,105,93450,买盘
1068,14:02:27,8.9,--,246,218940,买盘
1069,14:02:24,8.9,--,123,109470,买盘
1070,14:02:21,8.9,--,119,105910,买盘
1071,14:02:18,8.9,--,244,217160,买盘
1072,14:02:15,8.9,0.01,82,72980,买盘
1073,14:02:12,8.89,-0.01,100,88900,卖盘
1074,14:02:09,8.9,--,70,62300,买盘
1075,14:02:06,8.9,--,50,44500,买盘
1076,14:02:03,8.9,--,29,25810,买盘
1077,14:02:00,8.9,0.01,19,16910,买盘
1078,14:01:57,8.89,--,35,31115,卖盘
1079,14:01:54,8.89,--,96,85344,卖盘
1080,14:01:51,8.89,--,13,11557,卖盘
1081,14:01:48,8.89,--,78,69342,卖盘
1082,14:01:45,8.89,--,1028,913892,卖盘
1083,14:01:42,8.89,--,250,222250,卖盘
1084,14:01:39,8.89,0.01,135,120015,买盘
1085,14:01:36,8.88,--,17,15096,卖盘
1086,14:01:33,8.88,-0.01,3,2664,中性盘
1087,14:01:27,8.89,--,236,209804,买盘
1088,14:01:24,8.89,--,105,93345,买盘
1089,14:01:21,8.89,0.01,83,73787,买盘
1090,14:01:18,8.88,0.01,35,31080,中性盘
1091,14:01:15,8.87,--,76,67412,卖盘
1092,14:01:12,8.87,-0.01,132,117083,卖盘
1093,14:01:09,8.88,--,63,55944,买盘
1094,14:01:06,8.88,0.01,10,8880,买盘
1095,14:01:03,8.87,-0.01,35,31044,卖盘
1096,14:01:00,8.88,--,75,66600,买盘
1097,14:00:57,8.88,--,157,139416,卖盘
1098,14:00:54,8.88,--,142,126096,卖盘
1099,14:00:51,8.88,--,326,289488,卖盘
1100,14:00:48,8.88,0.01,902,800976,买盘
1101,14:00:45,8.87,-0.01,8,7095,卖盘
1102,14:00:42,8.88,0.01,241,214008,买盘
1103,14:00:39,8.87,-0.01,30,26609,卖盘
1104,14:00:36,8.88,--,60,53280,买盘
1105,14:00:30,8.88,0.01,19,16872,买盘
1106,14:00:27,8.87,-0.01,141,125066,卖盘
1107,14:00:24,8.88,0.01,54,47952,买盘
1108,14:00:21,8.87,0.01,23,20401,中性盘
1109,14:00:18,8.86,-0.01,689,610454,卖盘
1110,14:00:15,8.87,--,134,118857,卖盘
1111,14:00:12,8.87,--,101,89586,卖盘
1112,14:00:09,8.87,--,105,93134,卖盘
1113,14:00:06,8.87,--,48,42575,卖盘
1114,14:00:03,8.87,--,64,56767,卖盘
1115,14:00:00,8.87,-0.01,114,101117,中性盘
1116,13:59:57,8.88,0.01,851,755688,买盘
1117,13:59:54,8.87,--,354,313998,买盘
1118,13:59:51,8.87,--,272,241263,买盘
1119,13:59:48,8.87,--,282,250133,买盘
1120,13:59:45,8.87,--,101,89586,买盘
1121,13:59:42,8.87,0.01,92,81604,买盘
1122,13:59:39,8.86,-0.01,83,73538,卖盘
1123,13:59:36,8.87,--,56,49671,买盘
1124,13:59:33,8.87,0.01,112,99343,买盘
1125,13:59:30,8.86,--,21,18606,卖盘
1126,13:59:27,8.86,--,42,37212,卖盘
1127,13:59:24,8.86,--,301,266686,卖盘
1128,13:59:21,8.86,--,39,34554,卖盘
1129,13:59:18,8.86,-0.01,32,28352,卖盘
1130,13:59:15,8.87,0.01,144,127727,买盘
1131,13:59:12,8.86,--,185,163910,卖盘
1132,13:59:09,8.86,-0.01,31,27466,卖盘
1133,13:59:06,8.87,0.01,222,196913,买盘
1134,13:59:03,8.86,--,158,139988,卖盘
1135,13:59:00,8.86,--,169,149734,卖盘
1136,13:58:57,8.86,--,20,17720,卖盘
1137,13:58:54,8.86,--,138,122267,卖盘
1138,13:58:51,8.86,--,138,122267,卖盘
1139,13:58:48,8.86,-0.01,323,286178,卖盘
1140,13:58:45,8.87,0.01,89,78943,中性盘
1141,13:58:42,8.86,-0.01,214,189604,卖盘
1142,13:58:39,8.87,0.01,277,245698,买盘
1143,13:58:36,8.86,-0.01,143,126697,卖盘
1144,13:58:33,8.87,0.01,356,315772,买盘
1145,13:58:30,8.86,--,11,9746,卖盘
1146,13:58:27,8.86,-0.01,50,44300,卖盘
1147,13:58:24,8.87,0.01,42,37254,买盘
1148,13:58:21,8.86,--,337,298582,卖盘
1149,13:58:18,8.86,--,170,150620,卖盘
1150,13:58:15,8.86,-0.01,34,30123,卖盘
1151,13:58:12,8.87,0.01,117,103778,买盘
1152,13:58:09,8.86,--,139,123153,卖盘
1153,13:58:06,8.86,-0.01,11,9746,卖盘
1154,13:58:03,8.87,--,143,126840,买盘
1155,13:58:00,8.87,--,16,14191,买盘
1156,13:57:57,8.87,--,781,692746,卖盘
1157,13:57:54,8.87,-0.01,593,525991,卖盘
1158,13:57:51,8.88,--,13,11544,买盘
1159,13:57:48,8.88,--,29,25752,买盘
1160,13:57:45,8.88,0.01,111,98568,买盘
1161,13:57:42,8.87,--,417,369878,卖盘
1162,13:57:39,8.87,--,62,54993,卖盘
1163,13:57:36,8.87,--,4,3547,卖盘
1164,13:57:33,8.87,-0.01,354,313998,卖盘
1165,13:57:30,8.88,--,706,626928,买盘
1166,13:57:27,8.88,0.01,62,55056,买盘
1167,13:57:24,8.87,--,238,211105,卖盘
1168,13:57:21,8.87,--,35,31044,卖盘
1169,13:57:18,8.87,-0.01,11,9757,卖盘
1170,13:57:15,8.88,--,79,70152,买盘
1171,13:57:12,8.88,0.01,218,193584,买盘
1172,13:57:09,8.87,--,10,8870,卖盘
1173,13:57:06,8.87,--,42,37254,卖盘
1174,13:57:03,8.87,--,137,121518,卖盘
1175,13:57:00,8.87,-0.01,10,8870,卖盘
1176,13:56:57,8.88,--,214,190032,卖盘
1177,13:56:54,8.88,0.01,414,367632,买盘
1178,13:56:51,8.87,-0.01,292,259003,卖盘
1179,13:56:48,8.88,--,10,8880,卖盘
1180,13:56:45,8.88,0.01,9,7992,卖盘
1181,13:56:42,8.87,--,179,158773,卖盘
1182,13:56:39,8.87,--,718,636866,卖盘
1183,13:56:36,8.87,-0.01,243,215540,卖盘
1184,13:56:33,8.88,0.01,240,213120,买盘
1185,13:56:30,8.87,--,214,189817,卖盘
1186,13:56:27,8.87,--,153,135711,卖盘
1187,13:56:24,8.87,--,283,251020,卖盘
1188,13:56:21,8.87,--,100,88699,卖盘
1189,13:56:18,8.87,-0.01,66,58541,卖盘
1190,13:56:15,8.88,--,57,50616,买盘
1191,13:56:12,8.88,0.01,5,4440,买盘
1192,13:56:09,8.87,--,25,22174,卖盘
1193,13:56:06,8.87,-0.02,193,171190,卖盘
1194,13:56:03,8.89,--,92,81788,买盘
1195,13:56:00,8.89,0.01,79,70231,买盘
1196,13:55:57,8.88,--,527,467976,买盘
1197,13:55:54,8.88,0.01,26,23088,买盘
1198,13:55:51,8.87,-0.01,98,86925,卖盘
1199,13:55:48,8.88,0.01,31,27528,买盘
1200,13:55:45,8.87,--,16,14191,卖盘
1201,13:55:42,8.87,-0.01,2,1773,卖盘
1202,13:55:39,8.88,--,474,420912,卖盘
1203,13:55:36,8.88,--,1016,902208,卖盘
1204,13:55:33,8.88,--,911,808968,卖盘
1205,13:55:30,8.88,--,274,243312,卖盘
1206,13:55:27,8.88,--,101,89688,卖盘
1207,13:55:24,8.88,-0.01,265,235320,卖盘
1208,13:55:21,8.89,0.01,40,35560,买盘
1209,13:55:18,8.88,--,181,160728,卖盘
1210,13:55:15,8.88,--,50,44400,卖盘
1211,13:55:12,8.88,--,27,23976,卖盘
1212,13:55:09,8.88,--,201,178488,卖盘
1213,13:55:06,8.88,--,84,74592,卖盘
1214,13:55:00,8.88,-0.01,20,17760,卖盘
1215,13:54:57,8.89,0.01,35,31115,买盘
1216,13:54:54,8.88,--,96,85248,卖盘
1217,13:54:51,8.88,-0.01,12,10656,卖盘
1218,13:54:48,8.89,--,66,58674,买盘
1219,13:54:45,8.89,--,19,16891,买盘
1220,13:54:42,8.89,0.01,61,54229,买盘
1221,13:54:39,8.88,--,31,27528,卖盘
1222,13:54:36,8.88,-0.01,137,121656,卖盘
1223,13:54:33,8.89,0.01,75,66675,买盘
1224,13:54:30,8.88,-0.01,52,46176,卖盘
1225,13:54:27,8.89,--,253,224917,买盘
1226,13:54:24,8.89,--,126,112014,买盘
1227,13:54:21,8.89,--,18,16002,买盘
1228,13:54:18,8.89,--,748,664972,买盘
1229,13:54:15,8.89,--,896,796544,卖盘
1230,13:54:12,8.89,--,37,32893,卖盘
1231,13:54:09,8.89,-0.01,56,49784,卖盘
1232,13:54:06,8.9,--,48,42720,买盘
1233,13:54:03,8.9,0.01,149,132610,买盘
1234,13:54:00,8.89,--,91,80899,卖盘
1235,13:53:57,8.89,-0.01,164,145796,卖盘
1236,13:53:54,8.9,--,60,53400,买盘
1237,13:53:51,8.9,0.01,127,113030,买盘
1238,13:53:48,8.89,-0.01,33,29337,卖盘
1239,13:53:45,8.9,--,1,890,买盘
1240,13:53:42,8.9,0.02,110,97900,买盘
1241,13:53:39,8.88,--,23,20424,卖盘
1242,13:53:36,8.88,-0.01,55,48840,卖盘
1243,13:53:33,8.89,0.01,6,5334,中性盘
1244,13:53:30,8.88,--,142,126096,卖盘
1245,13:53:27,8.88,--,10,8880,卖盘
1246,13:53:24,8.88,--,68,60384,卖盘
1247,13:53:21,8.88,--,86,76368,买盘
1248,13:53:18,8.88,--,88,78144,卖盘
1249,13:53:15,8.88,--,56,49728,卖盘
1250,13:53:12,8.88,-0.02,41,36408,卖盘
1251,13:53:09,8.9,0.03,31,27590,买盘
1252,13:53:06,8.87,--,2064,1830767,卖盘
1253,13:53:03,8.87,-0.01,140,124179,卖盘
1254,13:53:00,8.88,0.01,53,47064,买盘
1255,13:52:57,8.87,-0.01,3,2660,卖盘
1256,13:52:54,8.88,--,97,86136,买盘
1257,13:52:51,8.88,--,58,51504,买盘
1258,13:52:48,8.88,0.01,117,103896,买盘
1259,13:52:45,8.87,-0.01,258,228845,卖盘
1260,13:52:42,8.88,0.01,91,80808,买盘
1261,13:52:39,8.87,-0.01,1016,901191,卖盘
1262,13:52:36,8.88,--,141,125208,买盘
1263,13:52:33,8.88,0.01,80,71040,买盘
1264,13:52:30,8.87,--,132,117083,卖盘
1265,13:52:27,8.87,-0.01,290,257229,卖盘
1266,13:52:24,8.88,--,74,65712,买盘
1267,13:52:21,8.88,0.01,343,304584,买盘
1268,13:52:18,8.87,-0.01,169,149903,卖盘
1269,13:52:15,8.88,--,321,285048,买盘
1270,13:52:12,8.88,--,138,122544,卖盘
1271,13:52:09,8.88,--,43,38184,卖盘
1272,13:52:06,8.88,0.01,51,45288,中性盘
1273,13:52:03,8.87,-0.01,697,618239,卖盘
1274,13:52:00,8.88,0.01,223,198024,买盘
1275,13:51:57,8.87,--,66,58541,卖盘
1276,13:51:54,8.87,-0.01,57,50558,卖盘
1277,13:51:51,8.88,0.01,65,57720,买盘
1278,13:51:48,8.87,--,129,114422,卖盘
1279,13:51:45,8.87,-0.01,12,10643,卖盘
1280,13:51:42,8.88,-0.01,895,794760,卖盘
1281,13:51:39,8.89,0.01,34,30226,买盘
1282,13:51:36,8.88,-0.01,9,7992,卖盘
1283,13:51:33,8.89,--,53,47117,买盘
1284,13:51:30,8.89,--,3063,2723007,买盘
1285,13:51:27,8.89,0.01,105,93345,买盘
1286,13:51:24,8.88,-0.01,10,8880,卖盘
1287,13:51:21,8.89,--,59,52451,买盘
1288,13:51:18,8.89,--,48,42672,买盘
1289,13:51:15,8.89,0.01,7,6223,中性盘
1290,13:51:12,8.88,--,198,175824,卖盘
1291,13:51:09,8.88,--,39,34632,卖盘
1292,13:51:06,8.88,-0.01,103,91464,卖盘
1293,13:51:03,8.89,--,27,24003,买盘
1294,13:51:00,8.89,--,78,69342,买盘
1295,13:50:57,8.89,0.01,17,15113,买盘
1296,13:50:54,8.88,--,671,595848,卖盘
1297,13:50:51,8.88,--,35,31080,卖盘
1298,13:50:48,8.88,-0.01,3,2664,卖盘
1299,13:50:45,8.89,-0.01,16,14224,中性盘
1300,13:50:42,8.9,0.02,65,57850,买盘
1301,13:50:39,8.88,-0.01,247,219336,卖盘
1302,13:50:36,8.89,0.01,168,150196,买盘
1303,13:50:33,8.88,-0.01,3075,2730600,卖盘
1304,13:50:30,8.89,0.01,50,44450,买盘
1305,13:50:27,8.88,--,53,47064,卖盘
1306,13:50:24,8.88,--,79,70152,卖盘
1307,13:50:21,8.88,--,171,151848,卖盘
1308,13:50:18,8.88,--,1006,893328,买盘
1309,13:50:15,8.88,0.01,279,247752,买盘
1310,13:50:12,8.87,--,167,148129,卖盘
1311,13:50:09,8.87,--,47,41688,卖盘
1312,13:50:06,8.87,--,77,68299,卖盘
1313,13:50:03,8.87,-0.01,60,53219,卖盘
1314,13:50:00,8.88,--,317,281496,卖盘
1315,13:49:57,8.88,--,140,124320,卖盘
1316,13:49:54,8.88,-0.01,62,55056,卖盘
1317,13:49:51,8.89,--,126,112014,买盘
1318,13:49:48,8.89,0.01,883,784987,买盘
1319,13:49:45,8.88,-0.01,103,91464,卖盘
1320,13:49:42,8.89,--,153,136017,买盘
1321,13:49:39,8.89,--,10,8890,买盘
1322,13:49:36,8.89,0.01,15,13335,买盘
1323,13:49:33,8.88,-0.01,699,620756,卖盘
1324,13:49:30,8.89,--,70,62230,卖盘
1325,13:49:27,8.89,--,310,275590,卖盘
1326,13:49:24,8.89,--,241,214249,卖盘
1327,13:49:21,8.89,--,1186,1055198,买盘
1328,13:49:18,8.89,0.01,327,290703,买盘
1329,13:49:15,8.88,-0.01,282,250416,卖盘
1330,13:49:12,8.89,0.01,397,352933,买盘
1331,13:49:09,8.88,--,125,111000,卖盘
1332,13:49:06,8.88,--,322,285936,卖盘
1333,13:49:03,8.88,--,250,222000,卖盘
1334,13:49:00,8.88,--,66,58608,卖盘
1335,13:48:57,8.88,--,240,213120,卖盘
1336,13:48:54,8.88,--,422,374736,卖盘
1337,13:48:51,8.88,-0.01,245,217560,卖盘
1338,13:48:48,8.89,0.01,412,366268,买盘
1339,13:48:45,8.88,-0.01,180,159840,卖盘
1340,13:48:42,8.89,0.01,5,4445,买盘
1341,13:48:39,8.88,-0.01,22,19536,卖盘
1342,13:48:36,8.89,--,846,752094,卖盘
1343,13:48:33,8.89,--,90,80010,卖盘
1344,13:48:30,8.89,--,585,520065,卖盘
1345,13:48:27,8.89,--,33,29337,卖盘
1346,13:48:24,8.89,-0.01,818,727202,卖盘
1347,13:48:21,8.9,--,93,82770,买盘
1348,13:48:18,8.9,0.01,45,40050,买盘
1349,13:48:15,8.89,-0.01,144,128016,卖盘
1350,13:48:12,8.9,--,1013,901570,买盘
1351,13:48:09,8.9,0.01,210,186900,买盘
1352,13:48:06,8.89,--,215,191135,卖盘
1353,13:48:03,8.89,-0.01,467,415163,卖盘
1354,13:48:00,8.9,--,39,34710,买盘
1355,13:47:57,8.9,--,19,16910,买盘
1356,13:47:54,8.9,--,111,98790,买盘
1357,13:47:51,8.9,--,1056,939840,买盘
1358,13:47:48,8.9,--,5,4450,买盘
1359,13:47:45,8.9,--,1246,1109296,卖盘
1360,13:47:42,8.9,-0.01,1618,1440020,卖盘
1361,13:47:39,8.91,0.01,42,37422,买盘
1362,13:47:36,8.9,--,47,41830,卖盘
1363,13:47:33,8.9,--,123,109470,卖盘
1364,13:47:30,8.9,--,57,50730,卖盘
1365,13:47:27,8.9,--,161,143290,卖盘
1366,13:47:24,8.9,--,163,145070,卖盘
1367,13:47:21,8.9,--,745,663050,卖盘
1368,13:47:18,8.9,-0.01,73,64970,卖盘
1369,13:47:15,8.91,--,3,2673,买盘
1370,13:47:12,8.91,0.01,28,24948,买盘
1371,13:47:09,8.9,--,18,16020,卖盘
1372,13:47:06,8.9,-0.01,235,209150,卖盘
1373,13:47:03,8.91,-0.01,816,727056,卖盘
1374,13:47:00,8.92,0.01,3,2676,买盘
1375,13:46:57,8.91,--,58,51678,卖盘
1376,13:46:54,8.91,0.01,207,184437,买盘
1377,13:46:51,8.9,-0.01,40,35600,卖盘
1378,13:46:48,8.91,--,27,24057,买盘
1379,13:46:45,8.91,--,77,68607,卖盘
1380,13:46:42,8.91,-0.01,98,87318,卖盘
1381,13:46:39,8.92,0.01,5,4460,买盘
1382,13:46:36,8.91,--,239,212949,卖盘
1383,13:46:33,8.91,--,101,89991,卖盘
1384,13:46:30,8.91,-0.01,970,864270,卖盘
1385,13:46:27,8.92,--,11,9812,买盘
1386,13:46:24,8.92,--,138,123096,卖盘
1387,13:46:21,8.92,--,101,90092,卖盘
1388,13:46:18,8.92,0.01,179,159668,买盘
1389,13:46:15,8.91,-0.01,2,1782,卖盘
1390,13:46:12,8.92,0.01,14,12488,买盘
1391,13:46:09,8.91,-0.01,218,194238,卖盘
1392,13:46:06,8.92,--,201,179292,卖盘
1393,13:46:03,8.92,--,322,287224,卖盘
1394,13:46:00,8.92,-0.01,85,75820,卖盘
1395,13:45:57,8.93,--,51,45543,买盘
1396,13:45:54,8.93,0.01,42,37506,买盘
1397,13:45:51,8.92,--,5,4460,卖盘
1398,13:45:48,8.92,--,70,62440,卖盘
1399,13:45:45,8.92,0.01,514,458488,买盘
1400,13:45:42,8.91,-0.01,33,29403,卖盘
1401,13:45:39,8.92,0.01,11,9812,买盘
1402,13:45:36,8.91,-0.01,212,188892,卖盘
1403,13:45:33,8.92,--,15,13380,卖盘
1404,13:45:30,8.92,--,255,227460,买盘
1405,13:45:27,8.92,--,403,359476,买盘
1406,13:45:24,8.92,0.01,140,124880,买盘
1407,13:45:21,8.91,--,63,56133,卖盘
1408,13:45:18,8.91,--,185,164835,卖盘
1409,13:45:15,8.91,--,7,6237,卖盘
1410,13:45:12,8.91,--,149,132759,卖盘
1411,13:45:09,8.91,--,64,57024,卖盘
1412,13:45:06,8.91,-0.01,123,109593,卖盘
1413,13:45:03,8.92,0.01,229,204268,买盘
1414,13:45:00,8.91,--,3,2673,卖盘
1415,13:44:57,8.91,-0.01,126,112266,卖盘
1416,13:44:54,8.92,0.01,331,295252,买盘
1417,13:44:51,8.91,-0.01,909,809919,卖盘
1418,13:44:48,8.92,-0.02,17,15164,卖盘
1419,13:44:45,8.94,0.02,834,745596,买盘
1420,13:44:42,8.92,-0.02,627,559284,卖盘
1421,13:44:39,8.94,0.02,442,395148,买盘
1422,13:44:36,8.92,--,64,57088,卖盘
1423,13:44:33,8.92,-0.02,1045,932140,卖盘
1424,13:44:30,8.94,0.01,580,518520,买盘
1425,13:44:27,8.93,--,35,31255,卖盘
1426,13:44:24,8.93,--,7,6251,卖盘
1427,13:44:21,8.93,-0.01,23,20539,卖盘
1428,13:44:18,8.94,--,20,17880,买盘
1429,13:44:12,8.94,--,117,104598,买盘
1430,13:44:09,8.94,--,13,11622,买盘
1431,13:44:06,8.94,0.01,119,106386,买盘
1432,13:44:03,8.93,-0.01,16,14288,卖盘
1433,13:44:00,8.94,--,10,8940,买盘
1434,13:43:54,8.94,0.01,30,26820,买盘
1435,13:43:51,8.93,--,5,4465,卖盘
1436,13:43:45,8.93,-0.01,10,8930,卖盘
1437,13:43:42,8.94,0.01,83,74202,买盘
1438,13:43:39,8.93,--,9,8037,卖盘
1439,13:43:36,8.93,--,74,66082,卖盘
1440,13:43:33,8.93,-0.01,2,1786,卖盘
1441,13:43:30,8.94,0.01,9,8046,买盘
1442,13:43:27,8.93,-0.01,79,70547,卖盘
1443,13:43:24,8.94,0.01,6,5364,买盘
1444,13:43:21,8.93,--,4,3572,卖盘
1445,13:43:18,8.93,-0.01,46,41078,卖盘
1446,13:43:15,8.94,0.01,4,3576,买盘
1447,13:43:12,8.93,--,41,36613,卖盘
1448,13:43:09,8.93,--,83,74119,卖盘
1449,13:43:06,8.93,--,1,893,卖盘
1450,13:43:03,8.93,-0.01,25,22325,卖盘
1451,13:43:00,8.94,0.01,89,79566,买盘
1452,13:42:54,8.93,--,76,67868,卖盘
1453,13:42:51,8.93,--,21,18753,卖盘
1454,13:42:45,8.93,-0.01,143,127699,卖盘
1455,13:42:42,8.94,0.01,82,73308,买盘
1456,13:42:39,8.93,-0.01,6,5358,卖盘
1457,13:42:33,8.94,0.01,10,8940,买盘
1458,13:42:30,8.93,-0.01,141,125913,卖盘
1459,13:42:27,8.94,0.01,2,1788,买盘
1460,13:42:24,8.93,--,26,23218,卖盘
1461,13:42:21,8.93,-0.01,41,36613,卖盘
1462,13:42:18,8.94,--,35,31290,买盘
1463,13:42:15,8.94,0.02,16,14304,买盘
1464,13:42:12,8.92,--,28,24976,卖盘
1465,13:42:09,8.92,-0.01,39,34788,卖盘
1466,13:42:06,8.93,0.01,12,10716,中性盘
1467,13:42:03,8.92,-0.01,28,24976,卖盘
1468,13:42:00,8.93,--,22,19646,买盘
1469,13:41:57,8.93,--,177,158061,卖盘
1470,13:41:54,8.93,-0.01,36,32148,卖盘
1471,13:41:51,8.94,--,3,2682,买盘
1472,13:41:48,8.94,0.01,681,609529,买盘
1473,13:41:45,8.93,-0.01,114,101802,卖盘
1474,13:41:42,8.94,--,27,24138,买盘
1475,13:41:39,8.94,0.01,75,67050,买盘
1476,13:41:36,8.93,--,14,12502,卖盘
1477,13:41:33,8.93,-0.01,7,6251,卖盘
1478,13:41:30,8.94,--,21,18774,买盘
1479,13:41:27,8.94,0.01,31,27714,买盘
1480,13:41:24,8.93,-0.01,115,102695,卖盘
1481,13:41:21,8.94,--,17,15198,买盘
1482,13:41:18,8.94,0.01,48,42912,买盘
1483,13:41:15,8.93,-0.01,74,66082,卖盘
1484,13:41:12,8.94,--,4,3576,买盘
1485,13:41:09,8.94,--,17,15198,买盘
1486,13:41:06,8.94,0.01,25,22350,买盘
1487,13:41:03,8.93,-0.01,7,6251,卖盘
1488,13:41:00,8.94,--,26,23244,买盘
1489,13:40:57,8.94,--,4,3576,买盘
1490,13:40:54,8.94,0.01,13,11622,买盘
1491,13:40:51,8.93,-0.01,120,107160,卖盘
1492,13:40:48,8.94,--,10,8940,买盘
1493,13:40:45,8.94,0.01,71,63474,买盘
1494,13:40:42,8.93,-0.01,11,9823,卖盘
1495,13:40:39,8.94,0.01,195,174330,买盘
1496,13:40:36,8.93,-0.01,107,95551,卖盘
1497,13:40:33,8.94,0.01,159,142146,买盘
1498,13:40:30,8.93,--,113,100909,卖盘
1499,13:40:27,8.93,--,104,92872,卖盘
1500,13:40:24,8.93,-0.01,150,133950,卖盘
1501,13:40:21,8.94,0.01,48,42912,买盘
1502,13:40:18,8.93,-0.01,99,88407,卖盘
1503,13:40:15,8.94,0.01,102,91188,买盘
1504,13:40:12,8.93,--,20,17860,卖盘
1505,13:40:09,8.93,--,11,9823,卖盘
1506,13:40:06,8.93,-0.01,252,225036,卖盘
1507,13:40:03,8.94,0.01,69,61686,买盘
1508,13:40:00,8.93,--,7,6251,卖盘
1509,13:39:57,8.93,--,47,41971,卖盘
1510,13:39:51,8.93,--,5,4465,卖盘
1511,13:39:48,8.93,--,150,133950,卖盘
1512,13:39:45,8.93,--,30,26790,卖盘
1513,13:39:42,8.93,-0.01,131,116983,卖盘
1514,13:39:39,8.94,0.01,35,31290,买盘
1515,13:39:36,8.93,-0.01,2,1786,卖盘
1516,13:39:33,8.94,0.01,35,31290,买盘
1517,13:39:30,8.93,--,23,20539,卖盘
1518,13:39:27,8.93,--,26,23218,卖盘
1519,13:39:24,8.93,-0.01,121,108053,卖盘
1520,13:39:21,8.94,0.01,9,8046,买盘
1521,13:39:18,8.93,-0.01,21,18753,卖盘
1522,13:39:15,8.94,0.01,114,101916,买盘
1523,13:39:12,8.93,--,70,62510,卖盘
1524,13:39:06,8.93,-0.01,287,256291,卖盘
1525,13:39:03,8.94,--,81,72414,买盘
1526,13:39:00,8.94,--,55,49170,买盘
1527,13:38:57,8.94,--,6,5364,买盘
1528,13:38:54,8.94,--,44,39336,买盘
1529,13:38:51,8.94,0.01,29,25926,买盘
1530,13:38:48,8.93,-0.01,10,8930,卖盘
1531,13:38:42,8.94,0.01,169,151086,买盘
1532,13:38:39,8.93,-0.01,52,46436,卖盘
1533,13:38:36,8.94,--,53,47382,买盘
1534,13:38:33,8.94,--,10,8940,买盘
1535,13:38:30,8.94,0.01,21,18774,买盘
1536,13:38:27,8.93,--,12,10716,卖盘
1537,13:38:24,8.93,--,52,46436,卖盘
1538,13:38:18,8.93,-0.01,286,255398,卖盘
1539,13:38:15,8.94,--,15,13410,买盘
1540,13:38:12,8.94,--,7,6258,买盘
1541,13:38:09,8.94,--,14,12516,买盘
1542,13:38:06,8.94,0.01,12,10728,买盘
1543,13:38:03,8.93,-0.01,21,18753,卖盘
1544,13:38:00,8.94,0.01,23,20562,买盘
1545,13:37:57,8.93,-0.01,5,4465,卖盘
1546,13:37:54,8.94,--,23,20562,买盘
1547,13:37:51,8.94,--,97,86718,买盘
1548,13:37:48,8.94,--,32,28608,买盘
1549,13:37:45,8.94,-0.01,10,8940,卖盘
1550,13:37:42,8.95,0.01,41,36695,买盘
1551,13:37:39,8.94,--,6,5364,卖盘
1552,13:37:36,8.94,--,38,33972,卖盘
1553,13:37:33,8.94,--,11,9834,卖盘
1554,13:37:30,8.94,-0.01,10,8940,卖盘
1555,13:37:27,8.95,0.01,60,53699,买盘
1556,13:37:24,8.94,--,50,44700,卖盘
1557,13:37:21,8.94,-0.01,23,20562,卖盘
1558,13:37:18,8.95,0.01,4,3579,买盘
1559,13:37:15,8.94,--,21,18774,卖盘
1560,13:37:12,8.94,--,5,4470,卖盘
1561,13:37:09,8.94,--,103,92082,卖盘
1562,13:37:06,8.94,--,2,1788,卖盘
1563,13:37:03,8.94,-0.01,15,13410,卖盘
1564,13:37:00,8.95,0.01,7,6264,买盘
1565,13:36:57,8.94,--,75,67050,卖盘
1566,13:36:54,8.94,--,79,70626,卖盘
1567,13:36:51,8.94,--,146,130524,买盘
1568,13:36:48,8.94,-0.01,56,50064,卖盘
1569,13:36:45,8.95,0.01,23,20585,买盘
1570,13:36:42,8.94,--,89,79566,卖盘
1571,13:36:39,8.94,-0.01,27,24138,卖盘
1572,13:36:36,8.95,--,1,894,买盘
1573,13:36:33,8.95,-0.01,10,8950,买盘
1574,13:36:30,8.96,--,163,146048,买盘
1575,13:36:27,8.96,0.01,106,94976,买盘
1576,13:36:24,8.95,-0.01,36,32219,中性盘
1577,13:36:21,8.96,0.01,572,512512,买盘
1578,13:36:18,8.95,--,37,33115,卖盘
1579,13:36:15,8.95,0.02,764,683780,买盘
1580,13:36:12,8.93,-0.02,760,678680,卖盘
1581,13:36:09,8.95,0.01,140,125299,买盘
1582,13:36:06,8.94,--,2,1788,卖盘
1583,13:36:03,8.94,--,14,12516,卖盘
1584,13:35:57,8.94,--,6,5364,卖盘
1585,13:35:54,8.94,--,40,35760,买盘
1586,13:35:51,8.94,--,1,894,卖盘
1587,13:35:48,8.94,--,241,215454,卖盘
1588,13:35:45,8.94,--,17,15198,卖盘
1589,13:35:42,8.94,0.01,56,50242,买盘
1590,13:35:39,8.93,-0.01,107,95551,卖盘
1591,13:35:36,8.94,--,26,23244,买盘
1592,13:35:33,8.94,0.01,23,20562,买盘
1593,13:35:30,8.93,-0.01,1,893,卖盘
1594,13:35:27,8.94,--,12,10728,买盘
1595,13:35:24,8.94,--,3,2682,买盘
1596,13:35:21,8.94,--,10,8940,买盘
1597,13:35:18,8.94,--,21,18774,买盘
1598,13:35:12,8.94,--,5,4470,买盘
1599,13:35:09,8.94,0.01,22,19668,买盘
1600,13:35:06,8.93,-0.01,77,68761,卖盘
1601,13:35:03,8.94,0.01,315,281610,买盘
1602,13:35:00,8.93,-0.01,4,3572,卖盘
1603,13:34:57,8.94,--,36,32184,买盘
1604,13:34:51,8.94,--,58,51852,卖盘
1605,13:34:48,8.94,--,6,5364,卖盘
1606,13:34:45,8.94,0.01,8,7152,中性盘
1607,13:34:42,8.93,-0.01,31,27683,卖盘
1608,13:34:39,8.94,0.01,76,67944,中性盘
1609,13:34:36,8.93,-0.01,176,157168,卖盘
1610,13:34:30,8.94,--,24,21456,卖盘
1611,13:34:27,8.94,--,46,41124,卖盘
1612,13:34:24,8.94,--,12,10728,卖盘
1613,13:34:21,8.94,0.01,1,894,卖盘
1614,13:34:18,8.93,-0.02,137,122341,卖盘
1615,13:34:15,8.95,0.02,66,59069,买盘
1616,13:34:12,8.93,-0.02,111,99123,卖盘
1617,13:34:09,8.95,0.02,10,8950,买盘
1618,13:34:06,8.93,-0.01,55,49115,卖盘
1619,13:34:03,8.94,0.01,2185,1953390,买盘
1620,13:34:00,8.93,-0.01,16,14288,卖盘
1621,13:33:57,8.94,--,123,109962,买盘
1622,13:33:54,8.94,--,49,43806,买盘
1623,13:33:51,8.94,--,55,49170,买盘
1624,13:33:48,8.94,--,42,37548,买盘
1625,13:33:45,8.94,0.01,40,35760,买盘
1626,13:33:42,8.93,--,8,7144,卖盘
1627,13:33:39,8.93,-0.01,5,4465,卖盘
1628,13:33:36,8.94,0.01,11,9834,买盘
1629,13:33:33,8.93,-0.01,28,25004,卖盘
1630,13:33:30,8.94,-0.01,17,15198,买盘
1631,13:33:27,8.95,0.01,117,104714,买盘
1632,13:33:24,8.94,--,169,151086,卖盘
1633,13:33:21,8.94,--,24,21456,卖盘
1634,13:33:18,8.94,--,64,57216,卖盘
1635,13:33:15,8.94,--,15,13410,卖盘
1636,13:33:12,8.94,--,677,605238,卖盘
1637,13:33:09,8.94,--,64,57216,卖盘
1638,13:33:06,8.94,-0.01,22,19668,卖盘
1639,13:33:03,8.95,0.01,835,747324,买盘
1640,13:33:00,8.94,-0.01,47,42018,卖盘
1641,13:32:57,8.95,--,19,17005,买盘
1642,13:32:54,8.95,0.01,26,23269,买盘
1643,13:32:51,8.94,-0.01,42,37548,卖盘
1644,13:32:48,8.95,0.01,22,19690,买盘
1645,13:32:45,8.94,--,1,894,卖盘
1646,13:32:39,8.94,--,56,50064,卖盘
1647,13:32:33,8.94,-0.01,22,19668,卖盘
1648,13:32:30,8.95,0.01,21,18795,买盘
1649,13:32:27,8.94,--,557,497958,卖盘
1650,13:32:24,8.94,--,55,49170,卖盘
1651,13:32:15,8.94,-0.02,28,25032,卖盘
1652,13:32:12,8.96,0.01,22,19712,买盘
1653,13:32:09,8.95,--,47,42065,卖盘
1654,13:32:06,8.95,--,30,26849,卖盘
1655,13:32:03,8.95,--,55,49224,卖盘
1656,13:32:00,8.95,-0.01,127,113664,卖盘
1657,13:31:57,8.96,--,45,40320,买盘
1658,13:31:54,8.96,0.01,41,36736,买盘
1659,13:31:51,8.95,-0.01,2,1789,卖盘
1660,13:31:48,8.96,0.01,33,29568,买盘
1661,13:31:45,8.95,-0.01,35,31324,卖盘
1662,13:31:42,8.96,0.01,27,24192,买盘
1663,13:31:39,8.95,--,4,3579,卖盘
1664,13:31:36,8.95,--,101,90395,卖盘
1665,13:31:33,8.95,--,49,43855,卖盘
1666,13:31:30,8.95,--,2,1789,卖盘
1667,13:31:27,8.95,--,6,5370,卖盘
1668,13:31:24,8.95,0.01,6,5370,买盘
1669,13:31:21,8.94,--,61,54534,卖盘
1670,13:31:18,8.94,-0.01,4,3576,卖盘
1671,13:31:15,8.95,-0.01,115,102924,卖盘
1672,13:31:12,8.96,0.01,33,29568,买盘
1673,13:31:09,8.95,--,35,31324,卖盘
1674,13:31:06,8.95,--,96,85920,卖盘
1675,13:31:03,8.95,--,7,6264,卖盘
1676,13:31:00,8.95,-0.01,38,34010,卖盘
1677,13:30:57,8.96,0.01,8,7168,买盘
1678,13:30:54,8.95,-0.01,13,11634,卖盘
1679,13:30:51,8.96,--,44,39424,卖盘
1680,13:30:48,8.96,-0.01,64,57344,买盘
1681,13:30:45,8.97,0.01,18,16146,买盘
1682,13:30:42,8.96,0.01,12,10752,买盘
1683,13:30:39,8.95,-0.01,10,8950,卖盘
1684,13:30:36,8.96,--,87,77952,卖盘
1685,13:30:33,8.96,0.01,856,766976,买盘
1686,13:30:30,8.95,0.01,10,8950,卖盘
1687,13:30:27,8.94,-0.01,52,46488,卖盘
1688,13:30:24,8.95,--,225,201374,卖盘
1689,13:30:21,8.95,-0.01,60,53699,卖盘
1690,13:30:18,8.96,0.01,17,15232,买盘
1691,13:30:15,8.95,--,35,31324,卖盘
1692,13:30:12,8.95,--,16,14319,卖盘
1693,13:30:09,8.95,-0.01,30,26849,中性盘
1694,13:30:06,8.96,0.01,42,37632,买盘
1695,13:30:03,8.95,--,51,45645,卖盘
1696,13:30:00,8.95,0.01,154,137830,买盘
1697,13:29:57,8.94,--,27,24138,买盘
1698,13:29:54,8.94,--,51,45594,买盘
1699,13:29:51,8.94,-0.02,1212,1083528,卖盘
1700,13:29:48,8.96,--,87,77952,买盘
1701,13:29:45,8.96,0.02,284,254464,买盘
1702,13:29:42,8.94,-0.01,37,33078,卖盘
1703,13:29:39,8.95,--,81,72495,买盘
1704,13:29:36,8.95,0.01,111,99344,买盘
1705,13:29:33,8.94,--,18,16092,卖盘
1706,13:29:30,8.94,--,37,33078,卖盘
1707,13:29:27,8.94,--,42,37548,卖盘
1708,13:29:24,8.94,--,75,67050,卖盘
1709,13:29:21,8.94,--,236,210984,卖盘
1710,13:29:15,8.94,--,3,2682,卖盘
1711,13:29:12,8.94,--,465,415710,卖盘
1712,13:29:09,8.94,--,86,76884,卖盘
1713,13:29:06,8.94,--,66,59004,卖盘
1714,13:29:03,8.94,-0.01,384,343296,卖盘
1715,13:29:00,8.95,--,60,53699,买盘
1716,13:28:57,8.95,--,3,2685,买盘
1717,13:28:54,8.95,0.01,19,17005,买盘
1718,13:28:51,8.94,-0.01,11,9834,卖盘
1719,13:28:48,8.95,--,120,107399,买盘
1720,13:28:45,8.95,--,123,110084,买盘
1721,13:28:42,8.95,0.02,16,14319,买盘
1722,13:28:39,8.93,-0.01,35,31255,卖盘
1723,13:28:36,8.94,-0.01,50,44700,卖盘
1724,13:28:33,8.95,0.01,15,13424,买盘
1725,13:28:30,8.94,-0.01,21,18774,卖盘
1726,13:28:27,8.95,0.01,23,20585,买盘
1727,13:28:24,8.94,-0.01,58,51852,卖盘
1728,13:28:21,8.95,--,1374,1229730,卖盘
1729,13:28:18,8.95,-0.01,1,894,中性盘
1730,13:28:15,8.96,--,20,17920,买盘
1731,13:28:12,8.96,0.02,151,135296,买盘
1732,13:28:09,8.94,--,316,282504,卖盘
1733,13:28:06,8.94,-0.01,20,17880,卖盘
1734,13:28:03,8.95,0.01,33,29534,中性盘
1735,13:27:57,8.94,--,2,1788,卖盘
1736,13:27:51,8.94,-0.01,28,25032,卖盘
1737,13:27:48,8.95,--,15,13424,卖盘
1738,13:27:45,8.95,--,109,97554,卖盘
1739,13:27:42,8.95,0.01,9,8054,中性盘
1740,13:27:39,8.94,-0.01,115,102810,卖盘
1741,13:27:36,8.95,--,54,48329,卖盘
1742,13:27:33,8.95,--,56,50119,卖盘
1743,13:27:30,8.95,--,162,144990,卖盘
1744,13:27:27,8.95,--,51,45645,卖盘
1745,13:27:24,8.95,--,21,18795,卖盘
1746,13:27:21,8.95,--,5,4475,卖盘
1747,13:27:18,8.95,--,57,51014,买盘
1748,13:27:15,8.95,0.01,16,14319,买盘
1749,13:27:12,8.94,--,209,186846,卖盘
1750,13:27:09,8.94,-0.01,25,22350,卖盘
1751,13:27:06,8.95,--,94,84130,买盘
1752,13:27:03,8.95,0.01,2,1789,中性盘
1753,13:27:00,8.94,-0.01,102,91223,卖盘
1754,13:26:57,8.95,--,6,5370,买盘
1755,13:26:54,8.95,0.01,5,4475,买盘
1756,13:26:51,8.94,-0.01,192,171648,卖盘
1757,13:26:48,8.95,--,89,79655,买盘
1758,13:26:45,8.95,0.01,69,61754,买盘
1759,13:26:42,8.94,--,22,19668,卖盘
1760,13:26:39,8.94,--,849,759006,卖盘
1761,13:26:36,8.94,--,19,16986,卖盘
1762,13:26:33,8.94,--,44,39336,卖盘
1763,13:26:30,8.94,-0.01,30,26820,卖盘
1764,13:26:27,8.95,0.01,40,35800,买盘
1765,13:26:24,8.94,--,35,31290,卖盘
1766,13:26:18,8.94,-0.01,15,13410,卖盘
1767,13:26:12,8.95,0.02,95,85025,买盘
1768,13:26:09,8.93,-0.01,97,86621,卖盘
1769,13:26:06,8.94,--,48,42912,卖盘
1770,13:26:00,8.94,--,29,25926,卖盘
1771,13:25:57,8.94,--,8,7152,卖盘
1772,13:25:54,8.94,--,61,54534,卖盘
1773,13:25:51,8.94,-0.01,39,34866,中性盘
1774,13:25:48,8.95,--,100,89500,买盘
1775,13:25:45,8.95,0.02,16,14319,买盘
1776,13:25:42,8.93,-0.02,6,5358,卖盘
1777,13:25:39,8.95,0.02,55,49224,买盘
1778,13:25:36,8.93,-0.01,14,12502,卖盘
1779,13:25:33,8.94,0.01,1174,1049556,买盘
1780,13:25:30,8.93,--,66,58938,卖盘
1781,13:25:27,8.93,--,47,41971,卖盘
1782,13:25:24,8.93,--,32,28576,卖盘
1783,13:25:21,8.93,--,1,893,卖盘
1784,13:25:18,8.93,--,106,94658,卖盘
1785,13:25:15,8.93,--,11,9823,买盘
1786,13:25:12,8.93,--,17,15181,买盘
1787,13:25:09,8.93,0.01,15,13395,买盘
1788,13:25:06,8.92,-0.01,52,46384,卖盘
1789,13:25:03,8.93,0.01,163,145559,买盘
1790,13:25:00,8.92,-0.01,113,100796,卖盘
1791,13:24:57,8.93,--,165,147345,卖盘
1792,13:24:54,8.93,--,31,27683,卖盘
1793,13:24:51,8.93,0.01,23,20539,买盘
1794,13:24:48,8.92,--,228,203376,卖盘
1795,13:24:45,8.92,-0.01,61,54412,卖盘
1796,13:24:42,8.93,--,30,26790,买盘
1797,13:24:39,8.93,0.01,83,74119,买盘
1798,13:24:36,8.92,--,19,16948,卖盘
1799,13:24:33,8.92,-0.01,64,57088,卖盘
1800,13:24:30,8.93,--,46,41078,卖盘
1801,13:24:27,8.93,--,54,48222,卖盘
1802,13:24:24,8.93,--,15,13395,卖盘
1803,13:24:21,8.93,--,172,153596,卖盘
1804,13:24:18,8.93,--,16,14288,卖盘
1805,13:24:15,8.93,--,273,243789,卖盘
1806,13:24:12,8.93,-0.01,159,141987,卖盘
1807,13:24:09,8.94,--,136,121584,买盘
1808,13:24:06,8.94,0.01,48,42912,买盘
1809,13:24:03,8.93,--,5,4465,卖盘
1810,13:24:00,8.93,--,94,83942,卖盘
1811,13:23:57,8.93,--,162,144666,卖盘
1812,13:23:54,8.93,--,40,35720,卖盘
1813,13:23:51,8.93,--,29,25897,卖盘
1814,13:23:48,8.93,--,127,113411,卖盘
1815,13:23:45,8.93,--,11,9823,卖盘
1816,13:23:42,8.93,--,392,350056,买盘
1817,13:23:39,8.93,0.01,74,66082,买盘
1818,13:23:36,8.92,-0.01,23,20516,卖盘
1819,13:23:33,8.93,0.01,100,89300,买盘
1820,13:23:30,8.92,-0.01,7,6244,卖盘
1821,13:23:27,8.93,--,45,40185,买盘
1822,13:23:24,8.93,0.01,11,9823,买盘
1823,13:23:21,8.92,--,32,28544,卖盘
1824,13:23:18,8.92,--,5,4460,卖盘
1825,13:23:15,8.92,0.01,75,66900,买盘
1826,13:23:12,8.91,-0.01,29,25839,卖盘
1827,13:23:09,8.92,--,147,131124,买盘
1828,13:23:06,8.92,0.01,49,43708,买盘
1829,13:23:03,8.91,--,8,7128,卖盘
1830,13:23:00,8.91,--,146,130086,卖盘
1831,13:22:57,8.91,-0.01,42,37422,卖盘
1832,13:22:54,8.92,0.01,217,193564,买盘
1833,13:22:51,8.91,--,65,57915,卖盘
1834,13:22:48,8.91,-0.01,149,132759,卖盘
1835,13:22:45,8.92,--,102,90984,买盘
1836,13:22:42,8.92,0.01,389,346988,买盘
1837,13:22:39,8.91,-0.01,170,151470,卖盘
1838,13:22:36,8.92,--,61,54412,买盘
1839,13:22:33,8.92,0.01,14,12488,买盘
1840,13:22:30,8.91,--,33,29403,卖盘
1841,13:22:27,8.91,--,56,49896,卖盘
1842,13:22:24,8.91,--,123,109593,卖盘
1843,13:22:21,8.91,--,63,56133,卖盘
1844,13:22:18,8.91,--,139,123849,卖盘
1845,13:22:15,8.91,-0.01,60,53460,卖盘
1846,13:22:12,8.92,0.01,108,96336,买盘
1847,13:22:09,8.91,-0.01,36,32076,卖盘
1848,13:22:06,8.92,0.01,4,3568,买盘
1849,13:22:03,8.91,--,86,76626,卖盘
1850,13:22:00,8.91,-0.01,3,2673,卖盘
1851,13:21:57,8.92,0.01,177,157884,买盘
1852,13:21:54,8.91,--,37,32967,卖盘
1853,13:21:51,8.91,--,51,45441,卖盘
1854,13:21:48,8.91,--,113,100683,卖盘
1855,13:21:45,8.91,-0.01,23,20493,卖盘
1856,13:21:42,8.92,--,100,89200,买盘
1857,13:21:39,8.92,--,125,111500,买盘
1858,13:21:36,8.92,0.01,86,76712,买盘
1859,13:21:33,8.91,0.01,29,25839,卖盘
1860,13:21:30,8.9,-0.01,19,16910,卖盘
1861,13:21:27,8.91,-0.01,13,11583,卖盘
1862,13:21:24,8.92,0.02,29,25868,中性盘
1863,13:21:21,8.9,-0.03,109,97010,卖盘
1864,13:21:18,8.93,-0.01,87,77691,卖盘
1865,13:21:15,8.94,0.01,46,41124,买盘
1866,13:21:12,8.93,--,209,186637,卖盘
1867,13:21:09,8.93,-0.01,6023,5378539,卖盘
1868,13:21:06,8.94,0.01,22,19668,买盘
1869,13:21:03,8.93,-0.01,27,24111,卖盘
1870,13:21:00,8.94,--,46,41124,买盘
1871,13:20:57,8.94,0.01,29,25926,买盘
1872,13:20:54,8.93,--,121,108053,卖盘
1873,13:20:51,8.93,--,146,130378,卖盘
1874,13:20:48,8.93,--,10,8930,卖盘
1875,13:20:45,8.93,--,110,98230,卖盘
1876,13:20:42,8.93,-0.01,172,153596,卖盘
1877,13:20:39,8.94,--,31,27714,买盘
1878,13:20:36,8.94,--,44,39336,买盘
1879,13:20:33,8.94,0.01,19,16986,买盘
1880,13:20:30,8.93,--,41,36613,卖盘
1881,13:20:27,8.93,--,117,104481,卖盘
1882,13:20:24,8.93,--,25,22325,卖盘
1883,13:20:21,8.93,-0.01,47,41971,卖盘
1884,13:20:18,8.94,--,72,64368,买盘
1885,13:20:15,8.94,0.02,272,243168,买盘
1886,13:20:12,8.92,-0.01,133,118636,卖盘
1887,13:20:09,8.93,--,129,115197,买盘
1888,13:20:06,8.93,--,115,102695,卖盘
1889,13:20:03,8.93,--,44,39292,卖盘
1890,13:19:57,8.93,--,31,27683,卖盘
1891,13:19:54,8.93,--,7,6251,买盘
1892,13:19:51,8.93,--,30,26790,卖盘
1893,13:19:48,8.93,--,97,86621,卖盘
1894,13:19:45,8.93,-0.01,158,141094,卖盘
1895,13:19:42,8.94,0.02,121,108174,买盘
1896,13:19:39,8.92,-0.01,152,135584,卖盘
1897,13:19:36,8.93,--,123,109839,买盘
1898,13:19:33,8.93,0.01,51,45543,买盘
1899,13:19:30,8.92,-0.01,112,99904,卖盘
1900,13:19:27,8.93,0.01,96,85728,买盘
1901,13:19:24,8.92,--,43,38356,卖盘
1902,13:19:21,8.92,--,252,224784,买盘
1903,13:19:18,8.92,--,253,225676,买盘
1904,13:19:15,8.92,--,1747,1558662,卖盘
1905,13:19:12,8.92,-0.01,42,37464,卖盘
1906,13:19:09,8.93,0.01,65,58045,买盘
1907,13:19:06,8.92,--,183,163236,卖盘
1908,13:19:03,8.92,-0.01,51,45492,卖盘
1909,13:18:57,8.93,0.01,36,32148,买盘
1910,13:18:54,8.92,--,96,85632,卖盘
1911,13:18:51,8.92,--,59,52628,卖盘
1912,13:18:48,8.92,--,300,267600,卖盘
1913,13:18:45,8.92,--,445,397493,卖盘
1914,13:18:42,8.92,--,49,43708,卖盘
1915,13:18:39,8.92,--,55,49060,卖盘
1916,13:18:36,8.92,--,35,31220,卖盘
1917,13:18:33,8.92,-0.01,115,102580,卖盘
1918,13:18:30,8.93,0.01,192,171456,买盘
1919,13:18:27,8.92,--,117,104364,卖盘
1920,13:18:24,8.92,--,12,10704,卖盘
1921,13:18:21,8.92,--,450,401400,卖盘
1922,13:18:18,8.92,--,89,79388,卖盘
1923,13:18:15,8.92,--,219,195348,卖盘
1924,13:18:12,8.92,--,18,16056,卖盘
1925,13:18:09,8.92,-0.01,12,10704,卖盘
1926,13:18:06,8.93,--,106,94658,买盘
1927,13:18:00,8.93,--,132,117876,卖盘
1928,13:17:57,8.93,--,206,183958,卖盘
1929,13:17:54,8.93,--,558,498294,卖盘
1930,13:17:51,8.93,--,3,2679,卖盘
1931,13:17:48,8.93,-0.01,138,123234,卖盘
1932,13:17:45,8.94,--,970,867180,卖盘
1933,13:17:42,8.94,--,15,13410,卖盘
1934,13:17:39,8.94,-0.01,79,70626,卖盘
1935,13:17:36,8.95,--,133,119034,买盘
1936,13:17:33,8.95,--,44,39380,买盘
1937,13:17:30,8.95,-0.01,625,559375,卖盘
1938,13:17:27,8.96,0.01,61,54656,买盘
1939,13:17:24,8.95,-0.01,88,78760,卖盘
1940,13:17:21,8.96,--,6,5376,买盘
1941,13:17:18,8.96,--,33,29568,买盘
1942,13:17:15,8.96,0.01,58,51968,买盘
1943,13:17:12,8.95,-0.01,108,97519,卖盘
1944,13:17:09,8.96,--,1,896,卖盘
1945,13:17:06,8.96,--,23,20608,卖盘
1946,13:17:03,8.96,--,308,275968,卖盘
1947,13:17:00,8.96,-0.01,28,25088,卖盘
1948,13:16:57,8.97,--,307,275379,买盘
1949,13:16:54,8.97,--,128,114816,卖盘
1950,13:16:51,8.97,--,128,114816,卖盘
1951,13:16:48,8.97,--,35,31395,卖盘
1952,13:16:45,8.97,--,182,163254,卖盘
1953,13:16:42,8.97,--,20,17940,卖盘
1954,13:16:39,8.97,--,270,242190,卖盘
1955,13:16:36,8.97,-0.02,55,49335,卖盘
1956,13:16:33,8.99,0.02,1275,1146225,买盘
1957,13:16:30,8.97,-0.01,61,54717,卖盘
1958,13:16:27,8.98,0.01,260,233480,买盘
1959,13:16:24,8.97,--,10,8970,卖盘
1960,13:16:21,8.97,-0.01,55,49335,卖盘
1961,13:16:18,8.98,0.01,24,21552,买盘
1962,13:16:15,8.97,-0.01,110,98670,卖盘
1963,13:16:12,8.98,-0.01,3,2694,买盘
1964,13:16:09,8.99,0.01,570,512430,买盘
1965,13:16:06,8.98,--,150,134700,卖盘
1966,13:16:03,8.98,--,224,201152,卖盘
1967,13:16:00,8.98,--,262,235276,卖盘
1968,13:15:57,8.98,-0.01,40,35920,卖盘
1969,13:15:54,8.99,0.01,49,44051,买盘
1970,13:15:51,8.98,-0.01,622,558556,卖盘
1971,13:15:48,8.99,--,202,181598,买盘
1972,13:15:45,8.99,--,32,28768,买盘
1973,13:15:42,8.99,0.01,132,118668,买盘
1974,13:15:39,8.98,-0.01,19,17062,卖盘
1975,13:15:36,8.99,--,118,106082,买盘
1976,13:15:33,8.99,--,334,300266,买盘
1977,13:15:30,8.99,--,107,96193,买盘
1978,13:15:27,8.99,0.01,24,21576,买盘
1979,13:15:24,8.98,--,23,20654,卖盘
1980,13:15:21,8.98,-0.01,25,22450,卖盘
1981,13:15:18,8.99,0.01,2,1798,买盘
1982,13:15:15,8.98,-0.01,33,29634,卖盘
1983,13:15:12,8.99,0.01,20,17980,买盘
1984,13:15:09,8.98,-0.02,86,77228,卖盘
1985,13:15:06,9.0,--,276,249156,买盘
1986,13:15:03,9.0,0.01,225,202500,买盘
1987,13:15:00,8.99,-0.01,60,53940,卖盘
1988,13:14:54,9.0,0.01,47,42300,买盘
1989,13:14:51,8.99,-0.01,109,98854,卖盘
1990,13:14:48,9.0,0.01,104,93600,买盘
1991,13:14:45,8.99,0.01,48,43331,买盘
1992,13:14:42,8.98,--,215,193070,卖盘
1993,13:14:39,8.98,-0.01,66,59268,卖盘
1994,13:14:36,8.99,--,47,42253,买盘
1995,13:14:30,8.99,0.01,268,240932,买盘
1996,13:14:27,8.98,-0.01,102,91596,卖盘
1997,13:14:24,8.99,--,1,899,买盘
1998,13:14:21,8.99,0.01,155,139345,买盘
1999,13:14:18,8.98,-0.01,22,19756,卖盘
2000,13:14:15,8.99,--,50,44950,买盘
2001,13:14:12,8.99,0.01,9,8091,买盘
2002,13:14:09,8.98,--,62,55676,卖盘
2003,13:14:06,8.98,-0.01,1598,1435004,卖盘
2004,13:14:03,8.99,0.01,712,640088,买盘
2005,13:14:00,8.98,-0.01,29,26042,卖盘
2006,13:13:57,8.99,--,18,16182,买盘
2007,13:13:54,8.99,0.01,46,41354,买盘
2008,13:13:51,8.98,--,169,151762,卖盘
2009,13:13:48,8.98,--,38,34124,卖盘
2010,13:13:45,8.98,--,82,73636,卖盘
2011,13:13:42,8.98,-0.01,70,62860,卖盘
2012,13:13:39,8.99,--,10,8990,买盘
2013,13:13:36,8.99,0.01,22,19778,买盘
2014,13:13:33,8.98,--,37,33226,卖盘
2015,13:13:30,8.98,--,40,35920,卖盘
2016,13:13:27,8.98,--,50,44900,卖盘
2017,13:13:24,8.98,--,140,125720,卖盘
2018,13:13:21,8.98,0.01,529,475042,买盘
2019,13:13:18,8.97,-0.01,26,23322,卖盘
2020,13:13:15,8.98,0.01,14,12572,买盘
2021,13:13:12,8.97,--,54,48438,卖盘
2022,13:13:09,8.97,-0.01,52,46644,卖盘
2023,13:13:06,8.98,-0.01,45,40410,卖盘
2024,13:13:03,8.99,0.01,4,3596,买盘
2025,13:13:00,8.98,0.01,37,33226,中性盘
2026,13:12:57,8.97,-0.01,1182,1060254,卖盘
2027,13:12:54,8.98,0.01,87,78126,卖盘
2028,13:12:51,8.97,--,127,113919,卖盘
2029,13:12:48,8.97,-0.01,40,35880,卖盘
2030,13:12:45,8.98,--,10,8980,买盘
2031,13:12:42,8.98,-0.01,24,21552,中性盘
2032,13:12:39,8.99,0.02,117,105183,买盘
2033,13:12:36,8.97,-0.02,995,892515,卖盘
2034,13:12:33,8.99,--,12,10788,买盘
2035,13:12:30,8.99,0.01,13,11687,买盘
2036,13:12:27,8.98,0.01,233,209234,买盘
2037,13:12:24,8.97,--,63,56511,卖盘
2038,13:12:21,8.97,-0.01,29,26013,卖盘
2039,13:12:18,8.98,0.01,275,246950,买盘
2040,13:12:15,8.97,--,62,55614,卖盘
2041,13:12:12,8.97,-0.02,38,34086,中性盘
2042,13:12:09,8.99,0.03,2584,2323016,买盘
2043,13:12:06,8.96,--,130,116480,卖盘
2044,13:12:03,8.96,-0.01,149,133504,卖盘
2045,13:12:00,8.97,0.01,1,897,买盘
2046,13:11:57,8.96,--,85,76160,卖盘
2047,13:11:54,8.96,--,36,32256,卖盘
2048,13:11:51,8.96,-0.01,117,104832,卖盘
2049,13:11:48,8.97,-0.01,340,304980,卖盘
2050,13:11:45,8.98,0.01,2035,1827430,买盘
2051,13:11:42,8.97,--,174,156078,卖盘
2052,13:11:39,8.97,--,5,4485,卖盘
2053,13:11:36,8.97,--,757,679029,卖盘
2054,13:11:33,8.97,-0.01,240,215280,卖盘
2055,13:11:30,8.98,--,249,223602,买盘
2056,13:11:27,8.98,--,4,3592,买盘
2057,13:11:24,8.98,--,35,31430,买盘
2058,13:11:21,8.98,0.01,52,46696,买盘
2059,13:11:18,8.97,-0.01,232,208104,卖盘
2060,13:11:15,8.98,--,95,85310,买盘
2061,13:11:12,8.98,--,64,57472,卖盘
2062,13:11:09,8.98,--,460,413080,买盘
2063,13:11:06,8.98,--,45,40410,买盘
2064,13:11:03,8.98,0.01,80,71840,买盘
2065,13:11:00,8.97,-0.01,109,97773,卖盘
2066,13:10:57,8.98,-0.01,115,103270,卖盘
2067,13:10:54,8.99,0.01,316,284299,买盘
2068,13:10:51,8.98,--,25,22450,买盘
2069,13:10:48,8.98,--,161,144578,买盘
2070,13:10:45,8.98,--,371,333158,买盘
2071,13:10:42,8.98,--,149,133802,买盘
2072,13:10:39,8.98,--,1031,925838,买盘
2073,13:10:36,8.98,--,35,31430,买盘
2074,13:10:33,8.98,--,31,27838,买盘
2075,13:10:30,8.98,--,14,12572,买盘
2076,13:10:27,8.98,--,125,112250,买盘
2077,13:10:24,8.98,--,38,34124,买盘
2078,13:10:21,8.98,--,72,64656,买盘
2079,13:10:18,8.98,--,158,141884,买盘
2080,13:10:15,8.98,0.01,476,427448,买盘
2081,13:10:12,8.97,-0.01,26,23322,卖盘
2082,13:10:09,8.98,0.01,194,174212,买盘
2083,13:10:06,8.97,-0.01,19,17043,卖盘
2084,13:10:03,8.98,0.01,96,86208,买盘
2085,13:10:00,8.97,--,6,5382,卖盘
2086,13:09:57,8.97,-0.01,8,7176,卖盘
2087,13:09:54,8.98,0.01,317,284666,买盘
2088,13:09:51,8.97,--,166,148902,卖盘
2089,13:09:48,8.97,-0.01,57,51129,卖盘
2090,13:09:45,8.98,0.01,26,23348,买盘
2091,13:09:42,8.97,--,25,22425,卖盘
2092,13:09:39,8.97,-0.01,62,55614,卖盘
2093,13:09:36,8.98,--,12,10776,买盘
2094,13:09:33,8.98,0.01,103,92494,买盘
2095,13:09:30,8.97,--,37,33189,卖盘
2096,13:09:27,8.97,-0.01,404,362388,卖盘
2097,13:09:24,8.98,--,4,3592,买盘
2098,13:09:21,8.98,0.01,28,25144,买盘
2099,13:09:18,8.97,0.01,132,118404,买盘
2100,13:09:15,8.96,--,94,84224,卖盘
2101,13:09:12,8.96,-0.01,1011,905856,卖盘
2102,13:09:09,8.97,0.01,18,16146,买盘
2103,13:09:06,8.96,--,42,37632,卖盘
2104,13:09:03,8.96,-0.01,69,61824,卖盘
2105,13:09:00,8.97,0.01,30,26910,买盘
2106,13:08:57,8.96,--,97,86912,卖盘
2107,13:08:54,8.96,-0.01,586,525056,卖盘
2108,13:08:51,8.97,--,185,165945,买盘
2109,13:08:48,8.97,0.01,1041,933777,买盘
2110,13:08:45,8.96,--,64,57344,卖盘
2111,13:08:39,8.96,--,135,121676,买盘
2112,13:08:36,8.96,--,27,24192,买盘
2113,13:08:33,8.96,--,78,69888,买盘
2114,13:08:30,8.96,--,17,15232,买盘
2115,13:08:27,8.96,0.01,15,13440,买盘
2116,13:08:24,8.95,-0.01,153,137114,卖盘
2117,13:08:21,8.96,-0.01,78,69888,卖盘
2118,13:08:18,8.97,0.01,64,58125,买盘
2119,13:08:15,8.96,--,218,195328,买盘
2120,13:08:12,8.96,--,81,72755,卖盘
2121,13:08:09,8.96,--,51,45696,卖盘
2122,13:08:06,8.96,0.01,64,58060,买盘
2123,13:08:03,8.95,-0.01,24,21480,卖盘
2124,13:08:00,8.96,0.01,65,58240,买盘
2125,13:07:57,8.95,-0.01,9,8054,卖盘
2126,13:07:54,8.96,0.01,26,23296,买盘
2127,13:07:51,8.95,--,22,19690,卖盘
2128,13:07:48,8.95,--,32,28639,买盘
2129,13:07:45,8.95,-0.01,216,193319,卖盘
2130,13:07:42,8.96,0.01,1013,907648,买盘
2131,13:07:39,8.95,-0.01,98,87710,卖盘
2132,13:07:36,8.96,--,136,121856,买盘
2133,13:07:33,8.96,0.01,108,96768,买盘
2134,13:07:30,8.95,-0.01,18,16109,卖盘
2135,13:07:27,8.96,0.01,153,137088,买盘
2136,13:07:24,8.95,-0.01,12,10740,卖盘
2137,13:07:21,8.96,0.01,85,76160,买盘
2138,13:07:18,8.95,--,18,16109,卖盘
2139,13:07:15,8.95,-0.01,51,45645,卖盘
2140,13:07:12,8.96,0.01,58,51968,买盘
2141,13:07:09,8.95,-0.01,31,27744,中性盘
2142,13:07:06,8.96,0.01,95,85120,买盘
2143,13:07:03,8.95,--,24,21480,卖盘
2144,13:07:00,8.95,--,32,28639,卖盘
2145,13:06:57,8.95,--,21,18795,卖盘
2146,13:06:54,8.95,0.02,879,786704,买盘
2147,13:06:51,8.93,--,10,8930,卖盘
2148,13:06:45,8.93,--,457,408101,卖盘
2149,13:06:42,8.93,-0.02,32,28576,卖盘
2150,13:06:39,8.95,0.02,42,37590,买盘
2151,13:06:36,8.93,--,119,106267,卖盘
2152,13:06:33,8.93,-0.02,58,51794,卖盘
2153,13:06:30,8.95,--,44,39380,买盘
2154,13:06:27,8.95,--,28,25059,买盘
2155,13:06:24,8.95,0.01,1112,995239,买盘
2156,13:06:21,8.94,-0.01,78,69732,卖盘
2157,13:06:18,8.95,0.01,22,19690,买盘
2158,13:06:15,8.94,0.01,20,17880,中性盘
2159,13:06:12,8.93,-0.01,50,44650,卖盘
2160,13:06:09,8.94,-0.01,44,39336,卖盘
2161,13:06:06,8.95,--,22,19690,买盘
2162,13:06:03,8.95,0.01,5,4475,买盘
2163,13:06:00,8.94,-0.01,58,51852,卖盘
2164,13:05:57,8.95,0.01,200,179000,买盘
2165,13:05:54,8.94,-0.01,10,8940,卖盘
2166,13:05:51,8.95,0.01,29,25954,买盘
2167,13:05:48,8.94,-0.01,44,39336,卖盘
2168,13:05:45,8.95,0.01,32,28639,买盘
2169,13:05:42,8.94,-0.01,14,12516,卖盘
2170,13:05:39,8.95,--,95,85025,卖盘
2171,13:05:36,8.95,--,98,87710,卖盘
2172,13:05:33,8.95,0.01,179,160205,买盘
2173,13:05:30,8.94,-0.01,161,143934,卖盘
2174,13:05:27,8.95,--,71,63544,买盘
2175,13:05:24,8.95,--,50,44750,买盘
2176,13:05:21,8.95,--,107,95764,买盘
2177,13:05:18,8.95,--,281,251494,买盘
2178,13:05:15,8.95,-0.01,109,97554,卖盘
2179,13:05:12,8.96,0.01,53,47488,买盘
2180,13:05:09,8.95,--,46,41170,卖盘
2181,13:05:06,8.95,--,107,95764,卖盘
2182,13:05:03,8.95,-0.01,52,46539,卖盘
2183,13:05:00,8.96,0.01,39,34944,买盘
2184,13:04:57,8.95,--,35,31324,卖盘
2185,13:04:54,8.95,--,731,654245,买盘
2186,13:04:51,8.95,--,1,894,买盘
2187,13:04:48,8.95,0.01,5,4475,买盘
2188,13:04:45,8.94,--,18,16092,卖盘
2189,13:04:42,8.94,--,90,80460,卖盘
2190,13:04:36,8.94,--,130,116220,卖盘
2191,13:04:33,8.94,--,44,39336,卖盘
2192,13:04:30,8.94,-0.01,1308,1169352,卖盘
2193,13:04:27,8.95,0.01,1,894,买盘
2194,13:04:24,8.94,--,42,37548,卖盘
2195,13:04:21,8.94,--,112,100128,卖盘
2196,13:04:18,8.94,--,46,41124,卖盘
2197,13:04:15,8.94,-0.01,282,252108,卖盘
2198,13:04:12,8.95,0.01,584,522679,买盘
2199,13:04:09,8.94,0.01,68,60792,买盘
2200,13:04:06,8.93,-0.01,10,8930,卖盘
2201,13:04:03,8.94,--,36,32184,买盘
2202,13:04:00,8.94,0.01,31,27714,买盘
2203,13:03:57,8.93,--,423,377739,卖盘
2204,13:03:54,8.93,-0.01,34,30362,卖盘
2205,13:03:51,8.94,0.01,5,4470,买盘
2206,13:03:48,8.93,-0.01,109,97337,卖盘
2207,13:03:45,8.94,0.01,10,8940,买盘
2208,13:03:39,8.93,--,25,22325,卖盘
2209,13:03:36,8.93,-0.01,119,106267,卖盘
2210,13:03:33,8.94,--,133,118902,买盘
2211,13:03:30,8.94,0.01,26,23244,买盘
2212,13:03:27,8.93,--,628,560804,卖盘
2213,13:03:24,8.93,-0.01,142,126806,卖盘
2214,13:03:21,8.94,0.01,190,169860,买盘
2215,13:03:18,8.93,-0.01,13,11609,卖盘
2216,13:03:15,8.94,0.01,39,34866,买盘
2217,13:03:12,8.93,--,66,58938,卖盘
2218,13:03:09,8.93,--,27,24111,卖盘
2219,13:03:06,8.93,--,160,142880,卖盘
2220,13:03:03,8.93,-0.01,914,816202,卖盘
2221,13:03:00,8.94,0.01,47,42018,买盘
2222,13:02:57,8.93,--,21,18753,卖盘
2223,13:02:51,8.93,--,192,171456,卖盘
2224,13:02:48,8.93,-0.01,7,6251,卖盘
2225,13:02:45,8.94,0.01,10,8940,买盘
2226,13:02:42,8.93,--,18,16074,卖盘
2227,13:02:39,8.93,--,51,45543,卖盘
2228,13:02:36,8.93,0.01,400,357200,买盘
2229,13:02:33,8.92,--,1,892,卖盘
2230,13:02:30,8.92,-0.01,44,39248,卖盘
2231,13:02:27,8.93,--,3,2679,买盘
2232,13:02:24,8.93,0.01,38,33934,买盘
2233,13:02:21,8.92,0.01,127,113284,买盘
2234,13:02:18,8.91,-0.02,66,58806,卖盘
2235,13:02:15,8.93,--,660,589380,买盘
2236,13:02:12,8.93,--,29,25897,买盘
2237,13:02:09,8.93,0.02,28,25004,买盘
2238,13:02:06,8.91,-0.02,612,545292,卖盘
2239,13:02:03,8.93,--,397,354521,买盘
2240,13:02:00,8.93,--,17,15181,买盘
2241,13:01:57,8.93,0.01,47,41971,买盘
2242,13:01:54,8.92,-0.01,2,1784,卖盘
2243,13:01:51,8.93,0.01,500,446500,买盘
2244,13:01:48,8.92,0.01,1,892,中性盘
2245,13:01:45,8.91,-0.01,59,52569,卖盘
2246,13:01:42,8.92,-0.01,50,44600,中性盘
2247,13:01:39,8.93,0.01,9,8037,买盘
2248,13:01:36,8.92,--,20,17840,卖盘
2249,13:01:33,8.92,0.01,102,90984,买盘
2250,13:01:27,8.91,--,1,891,卖盘
2251,13:01:24,8.91,-0.02,58,51678,卖盘
2252,13:01:21,8.93,0.02,58,51794,买盘
2253,13:01:18,8.91,-0.01,52,46332,卖盘
2254,13:01:15,8.92,--,24,21408,卖盘
2255,13:01:12,8.92,-0.01,102,90984,卖盘
2256,13:01:09,8.93,0.01,34,30362,买盘
2257,13:01:06,8.92,--,93,82956,卖盘
2258,13:01:03,8.92,--,19,16948,卖盘
2259,13:01:00,8.92,-0.01,81,72252,卖盘
2260,13:00:57,8.93,0.01,2,1786,买盘
2261,13:00:54,8.92,--,101,90092,卖盘
2262,13:00:51,8.92,-0.01,57,50844,卖盘
2263,13:00:45,8.93,0.01,3,2679,买盘
2264,13:00:42,8.92,--,4,3568,卖盘
2265,13:00:39,8.92,--,43,38356,卖盘
2266,13:00:36,8.92,--,197,175724,买盘
2267,13:00:33,8.92,0.01,64,57088,买盘
2268,13:00:30,8.91,--,19,16929,卖盘
2269,13:00:27,8.91,-0.01,147,130977,卖盘
2270,13:00:24,8.92,--,114,101688,买盘
2271,13:00:21,8.92,--,142,126664,买盘
2272,13:00:18,8.92,--,69,61548,买盘
2273,13:00:15,8.92,--,60,53520,买盘
2274,13:00:12,8.92,--,103,91876,卖盘
2275,13:00:09,8.92,0.01,31,27652,卖盘
2276,13:00:06,8.91,-0.01,322,286902,卖盘
2277,13:00:03,8.92,0.01,1805,1610060,买盘
2278,13:00:00,8.91,--,0,0,卖盘
2279,11:30:00,8.91,-0.01,114,101574,中性盘
2280,11:29:57,8.92,0.01,131,116852,买盘
2281,11:29:54,8.91,--,127,113157,卖盘
2282,11:29:51,8.91,-0.01,20,17820,卖盘
2283,11:29:48,8.92,0.01,18,16056,买盘
2284,11:29:45,8.91,--,48,42768,买盘
2285,11:29:42,8.91,--,81,72171,卖盘
2286,11:29:39,8.91,-0.01,25,22275,卖盘
2287,11:29:36,8.92,0.01,104,92768,买盘
2288,11:29:33,8.91,--,64,57024,卖盘
2289,11:29:30,8.91,--,123,109593,买盘
2290,11:29:27,8.91,0.01,88,78408,买盘
2291,11:29:24,8.9,-0.01,76,67640,卖盘
2292,11:29:21,8.91,-0.01,367,326997,卖盘
2293,11:29:18,8.92,--,136,121312,买盘
2294,11:29:15,8.92,--,54,48168,买盘
2295,11:29:12,8.92,--,354,315768,买盘
2296,11:29:06,8.92,0.01,36,32112,买盘
2297,11:29:03,8.91,--,239,212949,买盘
2298,11:29:00,8.91,--,68,60588,买盘
2299,11:28:57,8.91,--,80,71280,买盘
2300,11:28:54,8.91,--,5,4455,买盘
2301,11:28:51,8.91,--,28,24948,卖盘
2302,11:28:48,8.91,--,193,171963,卖盘
2303,11:28:45,8.91,-0.01,17,15147,卖盘
2304,11:28:42,8.92,--,20,17840,买盘
2305,11:28:39,8.92,0.01,100,89200,买盘
2306,11:28:36,8.91,-0.01,27,24057,卖盘
2307,11:28:33,8.92,--,9,8028,买盘
2308,11:28:30,8.92,--,2,1784,买盘
2309,11:28:27,8.92,0.01,57,50844,买盘
2310,11:28:24,8.91,-0.01,116,103356,中性盘
2311,11:28:21,8.92,--,11,9812,买盘
2312,11:28:18,8.92,0.02,67,59764,买盘
2313,11:28:15,8.9,-0.02,151,134390,卖盘
2314,11:28:09,8.92,0.02,20,17840,买盘
2315,11:28:06,8.9,--,340,302600,卖盘
2316,11:28:03,8.9,-0.01,26,23140,卖盘
2317,11:28:00,8.91,0.01,4,3564,买盘
2318,11:27:57,8.9,--,183,162870,卖盘
2319,11:27:54,8.9,-0.01,42,37380,卖盘
2320,11:27:51,8.91,--,77,68607,买盘
2321,11:27:48,8.91,0.01,53,47223,买盘
2322,11:27:45,8.9,--,120,107334,卖盘
2323,11:27:42,8.9,-0.01,100,89000,卖盘
2324,11:27:39,8.91,-0.01,10,8910,卖盘
2325,11:27:36,8.92,0.02,124,110608,买盘
2326,11:27:33,8.9,-0.01,63,56070,卖盘
2327,11:27:30,8.91,--,74,65934,卖盘
2328,11:27:27,8.91,--,303,269973,买盘
2329,11:27:24,8.91,0.01,150,133650,中性盘
2330,11:27:21,8.9,-0.01,304,270560,卖盘
2331,11:27:18,8.91,0.01,23,20493,买盘
2332,11:27:15,8.9,-0.01,8,7120,卖盘
2333,11:27:12,8.91,--,29,25839,买盘
2334,11:27:09,8.91,-0.01,409,364419,卖盘
2335,11:27:06,8.92,0.01,171,152532,买盘
2336,11:27:03,8.91,--,197,175527,卖盘
2337,11:27:00,8.91,--,14,12474,卖盘
2338,11:26:57,8.91,-0.01,118,105138,卖盘
2339,11:26:54,8.92,--,5,4460,买盘
2340,11:26:48,8.92,0.01,266,237272,买盘
2341,11:26:45,8.91,--,60,53460,买盘
2342,11:26:42,8.91,--,20,17820,买盘
2343,11:26:39,8.91,--,40,35640,买盘
2344,11:26:36,8.91,0.01,90,80190,买盘
2345,11:26:33,8.9,-0.01,81,72090,卖盘
2346,11:26:30,8.91,--,13,11583,买盘
2347,11:26:27,8.91,0.01,15,13365,买盘
2348,11:26:24,8.9,-0.01,70,62300,卖盘
2349,11:26:21,8.91,--,54,48114,买盘
2350,11:26:18,8.91,--,37,32967,买盘
2351,11:26:15,8.91,--,47,41877,卖盘
2352,11:26:12,8.91,-0.01,39,34749,卖盘
2353,11:26:06,8.92,--,40,35680,买盘
2354,11:26:03,8.92,--,304,271168,买盘
2355,11:26:00,8.92,0.01,103,91876,买盘
2356,11:25:57,8.91,--,88,78408,卖盘
2357,11:25:54,8.91,--,54,48114,卖盘
2358,11:25:51,8.91,--,429,382239,买盘
2359,11:25:48,8.91,0.01,155,138105,买盘
2360,11:25:45,8.9,-0.01,58,51620,卖盘
2361,11:25:42,8.91,--,77,68607,买盘
2362,11:25:39,8.91,0.01,17,15147,买盘
2363,11:25:36,8.9,-0.01,3,2670,卖盘
2364,11:25:33,8.91,0.01,91,81081,买盘
2365,11:25:30,8.9,-0.01,143,127270,卖盘
2366,11:25:24,8.91,0.01,208,185328,买盘
2367,11:25:21,8.9,0.01,48,42720,买盘
2368,11:25:18,8.89,-0.01,91,80899,卖盘
2369,11:25:15,8.9,--,56,49840,卖盘
2370,11:25:12,8.9,--,3,2670,卖盘
2371,11:25:09,8.9,--,76,67640,卖盘
2372,11:25:06,8.9,0.01,899,800110,买盘
2373,11:25:03,8.89,-0.01,62,55118,卖盘
2374,11:25:00,8.9,--,84,74760,买盘
2375,11:24:57,8.9,--,50,44500,买盘
2376,11:24:54,8.9,0.01,28,24920,买盘
2377,11:24:51,8.89,-0.01,66,58674,卖盘
2378,11:24:48,8.9,0.01,35,31150,买盘
2379,11:24:45,8.89,--,56,49784,卖盘
2380,11:24:39,8.89,--,561,499262,买盘
2381,11:24:36,8.89,--,117,104013,买盘
2382,11:24:33,8.89,--,554,492506,买盘
2383,11:24:30,8.89,--,14,12446,买盘
2384,11:24:27,8.89,0.01,21,18669,买盘
2385,11:24:24,8.88,--,49,43512,卖盘
2386,11:24:21,8.88,-0.01,16,14208,卖盘
2387,11:24:18,8.89,--,42,37338,买盘
2388,11:24:15,8.89,0.01,1,889,买盘
2389,11:24:12,8.88,--,686,609168,买盘
2390,11:24:09,8.88,--,48,42624,买盘
2391,11:24:06,8.88,--,177,157176,买盘
2392,11:24:03,8.88,--,148,131424,买盘
2393,11:24:00,8.88,0.01,142,126096,买盘
2394,11:23:57,8.87,-0.01,657,582759,卖盘
2395,11:23:54,8.88,0.01,52,46176,买盘
2396,11:23:51,8.87,--,144,127727,卖盘
2397,11:23:48,8.87,--,258,228845,卖盘
2398,11:23:45,8.87,--,58,51445,卖盘
2399,11:23:42,8.87,--,127,112648,卖盘
2400,11:23:39,8.87,--,101,89586,卖盘
2401,11:23:36,8.87,--,54,47897,卖盘
2402,11:23:33,8.87,-0.01,84,74508,卖盘
2403,11:23:30,8.88,0.01,139,123432,买盘
2404,11:23:27,8.87,--,113,100230,卖盘
2405,11:23:24,8.87,--,110,97569,卖盘
2406,11:23:21,8.87,-0.01,85,75395,卖盘
2407,11:23:18,8.88,0.01,136,120768,买盘
2408,11:23:15,8.87,--,98,86925,卖盘
2409,11:23:12,8.87,--,281,249246,卖盘
2410,11:23:09,8.87,-0.01,69,61202,卖盘
2411,11:23:06,8.88,--,285,253080,买盘
2412,11:23:03,8.88,0.01,349,309912,买盘
2413,11:23:00,8.87,-0.01,259,229732,卖盘
2414,11:22:57,8.88,--,353,313464,买盘
2415,11:22:54,8.88,0.01,88,78144,买盘
2416,11:22:51,8.87,--,156,138372,卖盘
2417,11:22:48,8.87,-0.01,121,107326,卖盘
2418,11:22:45,8.88,--,705,626040,买盘
2419,11:22:42,8.88,0.01,340,301920,买盘
2420,11:22:39,8.87,--,21,18627,卖盘
2421,11:22:36,8.87,--,1087,964168,卖盘
2422,11:22:33,8.87,-0.01,486,431081,卖盘
2423,11:22:30,8.88,0.01,328,291264,买盘
2424,11:22:27,8.87,--,52,46123,卖盘
2425,11:22:24,8.87,--,1003,889660,卖盘
2426,11:22:21,8.87,--,163,144581,卖盘
2427,11:22:18,8.87,--,432,383183,卖盘
2428,11:22:15,8.87,-0.01,25,22174,卖盘
2429,11:22:12,8.88,0.01,167,148296,买盘
2430,11:22:09,8.87,--,456,404471,卖盘
2431,11:22:06,8.87,--,141,125066,卖盘
2432,11:22:03,8.87,--,85,75395,卖盘
2433,11:22:00,8.87,--,180,159660,卖盘
2434,11:21:57,8.87,-0.01,140,124179,卖盘
2435,11:21:54,8.88,0.01,26,23088,买盘
2436,11:21:51,8.87,--,191,169416,卖盘
2437,11:21:48,8.87,-0.01,102,90473,卖盘
2438,11:21:45,8.88,--,101,89688,买盘
2439,11:21:42,8.88,0.01,21,18648,买盘
2440,11:21:39,8.87,-0.01,100,88699,卖盘
2441,11:21:36,8.88,--,120,106560,买盘
2442,11:21:33,8.88,-0.01,21,18648,卖盘
2443,11:21:30,8.89,0.01,242,215138,买盘
2444,11:21:27,8.88,--,336,298368,卖盘
2445,11:21:24,8.88,--,379,336552,卖盘
2446,11:21:21,8.88,--,57,50616,卖盘
2447,11:21:18,8.88,--,447,396936,卖盘
2448,11:21:15,8.88,-0.01,824,731712,卖盘
2449,11:21:12,8.89,0.01,106,94234,买盘
2450,11:21:09,8.88,--,243,215784,卖盘
2451,11:21:06,8.88,--,77,68376,卖盘
2452,11:21:03,8.88,--,44,39072,卖盘
2453,11:21:00,8.88,-0.01,962,854256,卖盘
2454,11:20:57,8.89,0.01,35,31115,买盘
2455,11:20:54,8.88,-0.01,111,98568,卖盘
2456,11:20:51,8.89,--,2,1778,买盘
2457,11:20:48,8.89,0.01,20,17780,买盘
2458,11:20:45,8.88,--,226,200688,卖盘
2459,11:20:42,8.88,-0.01,415,368520,卖盘
2460,11:20:39,8.89,--,102,90678,卖盘
2461,11:20:36,8.89,--,98,87122,卖盘
2462,11:20:33,8.89,--,68,60452,卖盘
2463,11:20:30,8.89,--,212,188468,卖盘
2464,11:20:27,8.89,--,114,101346,买盘
2465,11:20:24,8.89,--,49,43561,买盘
2466,11:20:21,8.89,0.01,675,600075,买盘
2467,11:20:18,8.88,--,108,95904,卖盘
2468,11:20:15,8.88,--,26,23088,卖盘
2469,11:20:12,8.88,--,44,39072,卖盘
2470,11:20:09,8.88,0.01,70,62160,卖盘
2471,11:20:06,8.87,-0.01,120,106439,卖盘
2472,11:20:03,8.88,-0.01,156,138528,卖盘
2473,11:20:00,8.89,0.01,163,144907,买盘
2474,11:19:57,8.88,--,39,34632,卖盘
2475,11:19:54,8.88,0.01,78,69264,买盘
2476,11:19:51,8.87,--,14,12417,卖盘
2477,11:19:48,8.87,-0.02,112,99343,卖盘
2478,11:19:45,8.89,0.01,275,244475,买盘
2479,11:19:42,8.88,--,74,65712,买盘
2480,11:19:39,8.88,-0.01,1755,1558440,卖盘
2481,11:19:36,8.89,--,83,73787,买盘
2482,11:19:33,8.89,--,59,52451,买盘
2483,11:19:27,8.89,--,231,205359,卖盘
2484,11:19:24,8.89,--,37,32893,买盘
2485,11:19:21,8.89,0.01,115,102235,买盘
2486,11:19:18,8.88,-0.01,645,573603,卖盘
2487,11:19:15,8.89,--,53,47117,卖盘
2488,11:19:12,8.89,--,706,627634,卖盘
2489,11:19:09,8.89,-0.01,28,24892,卖盘
2490,11:19:06,8.9,0.01,310,275900,买盘
2491,11:19:03,8.89,-0.01,171,152019,卖盘
2492,11:19:00,8.9,0.01,80,71200,买盘
2493,11:18:57,8.89,-0.01,542,481838,卖盘
2494,11:18:54,8.9,0.01,111,98790,买盘
2495,11:18:51,8.89,--,83,73787,卖盘
2496,11:18:48,8.89,-0.01,20,17780,卖盘
2497,11:18:45,8.9,0.01,2631,2341590,买盘
2498,11:18:42,8.89,--,139,123571,卖盘
2499,11:18:39,8.89,--,30,26670,卖盘
2500,11:18:36,8.89,-0.01,8,7112,卖盘
2501,11:18:33,8.9,0.02,147,130874,买盘
2502,11:18:30,8.88,-0.01,79,70152,卖盘
2503,11:18:27,8.89,--,15,13335,买盘
2504,11:18:24,8.89,--,97,87077,卖盘
2505,11:18:21,8.89,--,212,188468,卖盘
2506,11:18:18,8.89,--,107,95123,卖盘
2507,11:18:15,8.89,--,177,157397,买盘
2508,11:18:12,8.89,-0.01,1843,1638435,卖盘
2509,11:18:09,8.9,--,56,49840,买盘
2510,11:18:06,8.9,0.01,53,47170,买盘
2511,11:18:03,8.89,-0.01,11,9779,卖盘
2512,11:18:00,8.9,--,1213,1080406,卖盘
2513,11:17:57,8.9,--,187,166430,卖盘
2514,11:17:54,8.9,-0.01,170,151300,卖盘
2515,11:17:51,8.91,-0.01,4,3564,卖盘
2516,11:17:48,8.92,0.01,68,60656,买盘
2517,11:17:45,8.91,0.01,73,65043,卖盘
2518,11:17:42,8.9,-0.01,78,69420,卖盘
2519,11:17:39,8.91,0.01,20,17820,买盘
2520,11:17:36,8.9,--,44,39160,卖盘
2521,11:17:33,8.9,--,165,146850,卖盘
2522,11:17:30,8.9,--,200,178000,卖盘
2523,11:17:27,8.9,--,318,283020,卖盘
2524,11:17:24,8.9,-0.01,161,143290,卖盘
2525,11:17:21,8.91,--,31,27621,买盘
2526,11:17:18,8.91,--,42,37422,卖盘
2527,11:17:15,8.91,0.01,332,295812,买盘
2528,11:17:12,8.9,-0.01,46,40940,卖盘
2529,11:17:09,8.91,--,309,275372,卖盘
2530,11:17:06,8.91,--,25,22275,卖盘
2531,11:17:03,8.91,--,189,168399,买盘
2532,11:17:00,8.91,--,20,17820,买盘
2533,11:16:57,8.91,--,251,223641,买盘
2534,11:16:54,8.91,0.01,78,69498,买盘
2535,11:16:51,8.9,--,66,58740,卖盘
2536,11:16:48,8.9,-0.01,9,8010,卖盘
2537,11:16:45,8.91,-0.01,11,9801,卖盘
2538,11:16:42,8.92,0.01,93,82956,买盘
2539,11:16:39,8.91,--,53,47223,卖盘
2540,11:16:36,8.91,0.01,344,306504,买盘
2541,11:16:33,8.9,--,1132,1007480,卖盘
2542,11:16:30,8.9,--,179,159310,买盘
2543,11:16:27,8.9,--,77,68530,买盘
2544,11:16:24,8.9,--,28,24920,买盘
2545,11:16:21,8.9,0.01,171,152190,买盘
2546,11:16:18,8.89,--,62,55118,卖盘
2547,11:16:15,8.89,-0.01,41,36449,卖盘
2548,11:16:12,8.9,--,37,32930,买盘
2549,11:16:09,8.9,--,48,42720,买盘
2550,11:16:06,8.9,-0.02,332,295480,卖盘
2551,11:16:03,8.92,0.01,69,61548,买盘
2552,11:16:00,8.91,--,679,604989,买盘
2553,11:15:57,8.91,--,92,81972,买盘
2554,11:15:54,8.91,--,1051,936441,买盘
2555,11:15:51,8.91,--,179,159489,买盘
2556,11:15:48,8.91,--,46,40986,买盘
2557,11:15:45,8.91,--,58,51678,买盘
2558,11:15:42,8.91,--,83,73953,买盘
2559,11:15:39,8.91,--,22,19602,买盘
2560,11:15:36,8.91,--,89,79299,买盘
2561,11:15:33,8.91,-0.01,1442,1284822,卖盘
2562,11:15:30,8.92,--,165,147180,卖盘
2563,11:15:27,8.92,-0.01,67,59764,卖盘
2564,11:15:24,8.93,0.01,68,60724,买盘
2565,11:15:21,8.92,-0.01,13,11596,卖盘
2566,11:15:18,8.93,--,122,108946,买盘
2567,11:15:15,8.93,0.01,125,111625,买盘
2568,11:15:12,8.92,-0.01,828,738576,卖盘
2569,11:15:09,8.93,--,139,124127,卖盘
2570,11:15:06,8.93,-0.01,84,75012,卖盘
2571,11:15:03,8.94,--,170,151980,买盘
2572,11:15:00,8.94,0.01,52,46488,买盘
2573,11:14:57,8.93,-0.01,202,180386,卖盘
2574,11:14:54,8.94,--,23,20562,买盘
2575,11:14:51,8.94,--,50,44700,买盘
2576,11:14:48,8.94,0.01,95,84930,买盘
2577,11:14:45,8.93,--,171,152703,卖盘
2578,11:14:42,8.93,0.01,24,21432,中性盘
2579,11:14:39,8.92,-0.01,673,600316,卖盘
2580,11:14:36,8.93,0.01,56,50008,买盘
2581,11:14:33,8.92,-0.01,68,60656,卖盘
2582,11:14:30,8.93,0.01,32,28576,买盘
2583,11:14:27,8.92,--,152,135584,卖盘
2584,11:14:24,8.92,--,22,19624,卖盘
2585,11:14:21,8.92,-0.01,41,36572,卖盘
2586,11:14:18,8.93,0.01,136,121448,买盘
2587,11:14:15,8.92,--,277,247084,买盘
2588,11:14:12,8.92,-0.01,56,49952,中性盘
2589,11:14:09,8.93,0.02,59,52687,买盘
2590,11:14:06,8.91,-0.01,196,174636,卖盘
2591,11:14:03,8.92,--,28,24976,卖盘
2592,11:14:00,8.92,0.01,443,395156,买盘
2593,11:13:57,8.91,--,62,55242,卖盘
2594,11:13:54,8.91,-0.01,47,41877,卖盘
2595,11:13:51,8.92,0.02,200,178400,买盘
2596,11:13:48,8.9,--,30,26700,卖盘
2597,11:13:45,8.9,-0.01,74,65860,卖盘
2598,11:13:42,8.91,--,163,145233,买盘
2599,11:13:39,8.91,--,174,155034,买盘
2600,11:13:36,8.91,--,37,32967,买盘
2601,11:13:33,8.91,0.01,55,49005,买盘
2602,11:13:30,8.9,-0.01,255,226950,卖盘
2603,11:13:27,8.91,--,100,89100,买盘
2604,11:13:24,8.91,0.01,56,49896,买盘
2605,11:13:21,8.9,--,60,53400,卖盘
2606,11:13:18,8.9,--,120,106800,买盘
2607,11:13:15,8.9,--,137,121930,卖盘
2608,11:13:12,8.9,--,75,66750,买盘
2609,11:13:09,8.9,--,70,62300,买盘
2610,11:13:06,8.9,--,332,296361,卖盘
2611,11:13:03,8.9,--,579,515310,买盘
2612,11:13:00,8.9,0.01,180,160200,买盘
2613,11:12:57,8.89,--,86,76454,卖盘
2614,11:12:54,8.89,-0.01,1113,989457,卖盘
2615,11:12:51,8.9,--,55,48950,买盘
2616,11:12:48,8.9,0.01,118,105020,买盘
2617,11:12:45,8.89,--,47,41783,卖盘
2618,11:12:42,8.89,-0.01,35,31115,卖盘
2619,11:12:39,8.9,--,59,52510,买盘
2620,11:12:36,8.9,0.01,61,54290,买盘
2621,11:12:33,8.89,--,301,267589,卖盘
2622,11:12:30,8.89,-0.01,52,46228,卖盘
2623,11:12:27,8.9,0.01,124,110360,买盘
2624,11:12:24,8.89,--,174,154686,卖盘
2625,11:12:21,8.89,--,101,89789,卖盘
2626,11:12:18,8.89,--,145,128905,买盘
2627,11:12:15,8.89,--,167,148463,买盘
2628,11:12:12,8.89,--,232,206248,卖盘
2629,11:12:09,8.89,--,2657,2362073,卖盘
2630,11:12:06,8.89,0.01,116,103124,买盘
2631,11:12:03,8.88,--,163,144744,卖盘
2632,11:12:00,8.88,-0.01,217,192696,卖盘
2633,11:11:57,8.89,-0.01,46,40894,卖盘
2634,11:11:54,8.9,0.01,645,574050,买盘
2635,11:11:51,8.89,-0.01,93,82677,卖盘
2636,11:11:48,8.9,0.01,1020,907800,买盘
2637,11:11:45,8.89,-0.01,80,71120,卖盘
2638,11:11:42,8.9,-0.01,607,540230,卖盘
2639,11:11:39,8.91,--,9083,8092953,买盘
2640,11:11:36,8.91,--,258,229878,买盘
2641,11:11:33,8.91,0.01,190,169290,买盘
2642,11:11:30,8.9,-0.01,404,359560,卖盘
2643,11:11:27,8.91,--,25,22275,卖盘
2644,11:11:24,8.91,--,103,91773,卖盘
2645,11:11:21,8.91,-0.01,32,28512,卖盘
2646,11:11:18,8.92,0.01,164,146288,买盘
2647,11:11:15,8.91,-0.01,39,34749,中性盘
2648,11:11:12,8.92,--,321,286332,买盘
2649,11:11:09,8.92,--,96,85632,买盘
2650,11:11:06,8.92,0.01,2780,2479760,买盘
2651,11:11:03,8.91,-0.01,236,210276,卖盘
2652,11:11:00,8.92,--,115,102580,买盘
2653,11:10:57,8.92,--,639,569988,买盘
2654,11:10:54,8.92,--,144,128448,卖盘
2655,11:10:51,8.92,--,1366,1218472,卖盘
2656,11:10:48,8.92,--,508,453136,卖盘
2657,11:10:45,8.92,--,899,801908,卖盘
2658,11:10:42,8.92,-0.01,143,127556,卖盘
2659,11:10:39,8.93,0.01,21,18753,买盘
2660,11:10:36,8.92,--,88,78496,卖盘
2661,11:10:33,8.92,-0.01,22,19624,卖盘
2662,11:10:30,8.93,0.01,37,33041,买盘
2663,11:10:27,8.92,--,154,137368,买盘
2664,11:10:24,8.92,-0.01,59,52628,卖盘
2665,11:10:21,8.93,0.01,464,414352,买盘
2666,11:10:18,8.92,--,236,210512,卖盘
2667,11:10:15,8.92,--,391,348772,卖盘
2668,11:10:12,8.92,-0.01,568,506656,卖盘
2669,11:10:09,8.93,--,299,267007,卖盘
2670,11:10:06,8.93,--,66,58938,卖盘
2671,11:10:03,8.93,--,74,66082,卖盘
2672,11:10:00,8.93,--,376,335768,卖盘
2673,11:09:57,8.93,--,16,14288,卖盘
2674,11:09:54,8.93,--,65,58045,卖盘
2675,11:09:51,8.93,--,1049,936757,买盘
2676,11:09:48,8.93,--,61,54473,买盘
2677,11:09:45,8.93,--,961,858173,买盘
2678,11:09:42,8.93,0.01,62,55366,买盘
2679,11:09:39,8.92,--,1431,1276452,卖盘
2680,11:09:36,8.92,--,72,64224,卖盘
2681,11:09:33,8.92,--,155,138260,卖盘
2682,11:09:30,8.92,--,104,92768,卖盘
2683,11:09:27,8.92,0.01,1378,1229176,买盘
2684,11:09:24,8.91,--,254,226314,卖盘
2685,11:09:21,8.91,--,103,91773,卖盘
2686,11:09:18,8.91,--,207,184437,买盘
2687,11:09:15,8.91,--,263,234333,买盘
2688,11:09:12,8.91,--,593,528363,卖盘
2689,11:09:09,8.91,--,87,77517,卖盘
2690,11:09:06,8.91,-0.01,196,174636,卖盘
2691,11:09:03,8.92,0.01,195,173940,买盘
2692,11:09:00,8.91,--,312,277992,卖盘
2693,11:08:57,8.91,-0.01,188,167508,卖盘
2694,11:08:54,8.92,--,38,33896,买盘
2695,11:08:51,8.92,0.01,241,214972,买盘
2696,11:08:48,8.91,-0.01,222,197802,卖盘
2697,11:08:45,8.92,--,179,159668,买盘
2698,11:08:42,8.92,--,116,103472,买盘
2699,11:08:39,8.92,0.01,1007,898244,买盘
2700,11:08:36,8.91,--,383,341253,卖盘
2701,11:08:33,8.91,--,445,396495,卖盘
2702,11:08:30,8.91,--,293,261063,卖盘
2703,11:08:27,8.91,-0.01,1302,1160082,卖盘
2704,11:08:24,8.92,--,222,198024,买盘
2705,11:08:21,8.92,0.01,20,17840,买盘
2706,11:08:18,8.91,-0.01,65,57915,卖盘
2707,11:08:15,8.92,--,140,124880,买盘
2708,11:08:12,8.92,--,71,63332,卖盘
2709,11:08:09,8.92,-0.01,71,63332,卖盘
2710,11:08:06,8.93,0.01,112,100016,买盘
2711,11:08:03,8.92,0.02,152,135584,卖盘
2712,11:08:00,8.9,-0.04,4653,4141178,卖盘
2713,11:07:57,8.94,0.01,221,198459,买盘
2714,11:07:54,8.93,--,149,133057,卖盘
2715,11:07:51,8.93,--,174,155382,卖盘
2716,11:07:48,8.93,--,1911,1706523,卖盘
2717,11:07:45,8.93,--,33,29469,买盘
2718,11:07:42,8.93,0.01,684,610812,中性盘
2719,11:07:39,8.92,-0.01,451,402292,卖盘
2720,11:07:36,8.93,0.01,286,255398,买盘
2721,11:07:33,8.92,-0.01,39,34788,卖盘
2722,11:07:30,8.93,0.01,118,105374,买盘
2723,11:07:27,8.92,-0.01,86,76712,卖盘
2724,11:07:24,8.93,0.01,345,308085,买盘
2725,11:07:21,8.92,--,204,181968,卖盘
2726,11:07:18,8.92,-0.01,277,247084,卖盘
2727,11:07:15,8.93,0.01,364,325052,买盘
2728,11:07:12,8.92,--,73,65116,卖盘
2729,11:07:09,8.92,--,258,230136,卖盘
2730,11:07:06,8.92,--,40,35680,卖盘
2731,11:07:03,8.92,-0.01,298,265816,卖盘
2732,11:07:00,8.93,--,911,813523,买盘
2733,11:06:57,8.93,--,107,95551,买盘
2734,11:06:54,8.93,--,256,228608,买盘
2735,11:06:51,8.93,0.01,284,253612,买盘
2736,11:06:48,8.92,--,169,150748,卖盘
2737,11:06:45,8.92,--,220,196240,卖盘
2738,11:06:42,8.92,-0.01,177,157884,卖盘
2739,11:06:39,8.93,--,241,215213,卖盘
2740,11:06:36,8.93,--,218,194674,卖盘
2741,11:06:33,8.93,-0.01,56,50008,卖盘
2742,11:06:30,8.94,0.01,770,688380,买盘
2743,11:06:27,8.93,-0.01,49,43757,卖盘
2744,11:06:24,8.94,--,1478,1321332,卖盘
2745,11:06:21,8.94,--,81,72414,卖盘
2746,11:06:18,8.94,--,119,106386,卖盘
2747,11:06:15,8.94,-0.01,213,190422,卖盘
2748,11:06:12,8.95,0.01,39,34905,买盘
2749,11:06:09,8.94,-0.02,615,550239,卖盘
2750,11:06:06,8.96,0.01,247,221312,买盘
2751,11:06:03,8.95,--,578,517309,卖盘
2752,11:06:00,8.95,--,233,208534,卖盘
2753,11:05:57,8.95,--,557,498514,卖盘
2754,11:05:54,8.95,-0.01,2497,2234815,卖盘
2755,11:05:51,8.96,0.01,99,88704,买盘
2756,11:05:48,8.95,--,187,167365,卖盘
2757,11:05:45,8.95,-0.02,586,524470,卖盘
2758,11:05:42,8.97,0.01,874,783978,买盘
2759,11:05:39,8.96,0.01,6875,6160000,买盘
2760,11:05:36,8.95,-0.01,145,129774,卖盘
2761,11:05:33,8.96,--,90,80640,买盘
2762,11:05:30,8.96,--,35,31360,买盘
2763,11:05:27,8.96,0.01,176,157696,买盘
2764,11:05:24,8.95,-0.01,145,129774,卖盘
2765,11:05:21,8.96,--,74,66304,买盘
2766,11:05:18,8.96,--,314,281344,买盘
2767,11:05:15,8.96,--,75,67200,买盘
2768,11:05:12,8.96,--,2753,2467153,卖盘
2769,11:05:09,8.96,--,2741,2455936,卖盘
2770,11:05:06,8.96,--,224,200704,卖盘
2771,11:05:03,8.96,-0.01,173,155008,卖盘
2772,11:05:00,8.97,--,49,43953,买盘
2773,11:04:57,8.97,0.01,55,49335,买盘
2774,11:04:54,8.96,-0.01,32,28672,卖盘
2775,11:04:51,8.97,0.01,61,54717,买盘
2776,11:04:48,8.96,-0.01,66,59136,卖盘
2777,11:04:45,8.97,0.01,322,288834,买盘
2778,11:04:42,8.96,-0.01,75,67200,卖盘
2779,11:04:39,8.97,0.01,40,35880,买盘
2780,11:04:36,8.96,-0.01,20,17920,卖盘
2781,11:04:33,8.97,-0.01,2293,2056829,卖盘
2782,11:04:30,8.98,--,32,28736,买盘
2783,11:04:27,8.98,--,25,22450,买盘
2784,11:04:24,8.98,-0.01,139,124822,卖盘
2785,11:04:21,8.99,0.01,46,41354,买盘
2786,11:04:18,8.98,--,26,23348,卖盘
2787,11:04:15,8.98,--,72,64656,卖盘
2788,11:04:12,8.98,--,13,11674,卖盘
2789,11:04:09,8.98,--,28,25144,买盘
2790,11:04:06,8.98,--,55,49390,买盘
2791,11:04:03,8.98,-0.01,201,180498,卖盘
2792,11:04:00,8.99,0.01,61,54839,买盘
2793,11:03:57,8.98,-0.01,19,17062,卖盘
2794,11:03:54,8.99,0.01,5,4495,买盘
2795,11:03:51,8.98,-0.01,157,140986,卖盘
2796,11:03:48,8.99,0.01,187,168113,买盘
2797,11:03:45,8.98,-0.01,72,64656,卖盘
2798,11:03:42,8.99,0.01,19,17081,买盘
2799,11:03:39,8.98,-0.01,186,167028,卖盘
2800,11:03:36,8.99,--,45,40455,买盘
2801,11:03:33,8.99,--,72,64728,买盘
2802,11:03:30,8.99,0.01,73,65627,买盘
2803,11:03:27,8.98,-0.01,28,25144,卖盘
2804,11:03:24,8.99,0.01,30,26970,买盘
2805,11:03:21,8.98,0.01,63,56574,买盘
2806,11:03:18,8.97,-0.01,316,283452,卖盘
2807,11:03:15,8.98,--,74,66452,买盘
2808,11:03:12,8.98,--,178,159844,买盘
2809,11:03:09,8.98,0.01,13,11674,买盘
2810,11:03:06,8.97,-0.01,34,30498,卖盘
2811,11:03:03,8.98,-0.01,85,76330,卖盘
2812,11:03:00,8.99,--,9,8091,买盘
2813,11:02:54,8.99,0.02,34,30566,中性盘
2814,11:02:51,8.97,-0.02,5060,4538820,卖盘
2815,11:02:48,8.99,--,137,123163,买盘
2816,11:02:45,8.99,--,6,5394,买盘
2817,11:02:42,8.99,0.01,37,33263,中性盘
2818,11:02:39,8.98,-0.01,82,73636,卖盘
2819,11:02:36,8.99,-0.01,4,3596,卖盘
2820,11:02:33,9.0,0.01,31,27900,买盘
2821,11:02:30,8.99,--,77,69223,买盘
2822,11:02:27,8.99,-0.01,3380,3038620,卖盘
2823,11:02:24,9.0,--,114,102600,买盘
2824,11:02:21,9.0,0.01,61,54900,买盘
2825,11:02:18,8.99,--,141,126759,卖盘
2826,11:02:15,8.99,-0.01,259,232841,卖盘
2827,11:02:12,9.0,0.01,5,4500,买盘
