,time,price,change,volume,amount,type
0,15:00:03,11.42,--,675,770850,买盘
1,14:57:00,11.42,--,157,179294,买盘
2,14:56:51,11.42,--,33,37686,买盘
3,14:56:48,11.42,0.01,102,116484,买盘
4,14:56:42,11.41,--,17,19397,卖盘
5,14:56:33,11.41,-0.01,12,13692,卖盘
6,14:56:30,11.42,0.01,100,114200,买盘
7,14:56:27,11.41,-0.01,7,7987,卖盘
8,14:56:21,11.42,--,50,57100,买盘
9,14:56:15,11.42,0.01,60,68520,买盘
10,14:56:09,11.41,--,41,46781,卖盘
11,14:56:06,11.41,--,65,74165,卖盘
12,14:56:03,11.41,--,29,33089,卖盘
13,14:55:54,11.41,-0.01,60,68460,卖盘
14,14:55:51,11.42,0.01,180,205560,买盘
15,14:55:45,11.41,--,306,349146,卖盘
16,14:55:42,11.41,--,5,5705,卖盘
17,14:55:39,11.41,--,10,11410,卖盘
18,14:55:36,11.41,--,17,19397,卖盘
19,14:55:33,11.41,-0.01,29,33089,卖盘
20,14:55:30,11.42,0.01,85,97070,买盘
21,14:55:24,11.41,-0.01,133,151753,卖盘
22,14:55:21,11.42,0.01,5,5710,买盘
23,14:55:18,11.41,--,66,75306,卖盘
24,14:55:12,11.41,--,13,14833,卖盘
25,14:55:09,11.41,--,10,11410,卖盘
26,14:55:06,11.41,-0.01,25,28525,卖盘
27,14:55:03,11.42,0.01,20,22840,买盘
28,14:55:00,11.41,-0.01,2,2282,卖盘
29,14:54:57,11.42,--,29,33118,买盘
30,14:54:51,11.42,0.01,253,288926,买盘
31,14:54:48,11.41,-0.01,74,84434,卖盘
32,14:54:45,11.42,0.01,25,28550,买盘
33,14:54:42,11.41,--,1,1141,卖盘
34,14:54:33,11.41,-0.01,1,1141,卖盘
35,14:54:30,11.42,0.01,4,4568,买盘
36,14:54:27,11.41,--,42,47922,卖盘
37,14:54:24,11.41,-0.01,20,22820,卖盘
38,14:54:15,11.42,0.01,431,492202,买盘
39,14:54:12,11.41,-0.01,3,3423,卖盘
40,14:54:09,11.42,--,10,11420,买盘
41,14:54:06,11.42,0.01,10,11420,买盘
42,14:54:03,11.41,-0.01,2,2282,卖盘
43,14:53:57,11.42,--,70,79940,买盘
44,14:53:54,11.42,--,5,5710,买盘
45,14:53:51,11.42,--,4,4568,买盘
46,14:53:48,11.42,--,59,67378,买盘
47,14:53:45,11.42,0.01,146,166732,买盘
48,14:53:42,11.41,--,87,99267,卖盘
49,14:53:36,11.41,-0.01,10,11410,卖盘
50,14:53:33,11.42,--,1,1142,买盘
51,14:53:27,11.42,0.01,4,4568,买盘
52,14:53:24,11.41,-0.01,13,14833,卖盘
53,14:53:18,11.42,0.01,440,502480,买盘
54,14:53:15,11.41,--,2,2282,卖盘
55,14:53:12,11.41,--,5,5705,卖盘
56,14:53:03,11.41,-0.01,3,3423,卖盘
57,14:53:00,11.42,--,10,11420,买盘
58,14:52:54,11.42,--,50,57100,买盘
59,14:52:51,11.42,--,335,382570,买盘
60,14:52:48,11.42,0.01,1,1142,买盘
61,14:52:45,11.41,-0.01,3,3423,卖盘
62,14:52:42,11.42,-0.01,21,23982,买盘
63,14:52:36,11.43,0.02,5,5715,买盘
64,14:52:30,11.41,-0.01,337,384517,卖盘
65,14:52:27,11.42,--,4,4568,卖盘
66,14:52:24,11.42,--,14,15988,卖盘
67,14:52:15,11.42,--,40,45680,卖盘
68,14:52:12,11.42,--,2,2284,卖盘
69,14:52:09,11.42,-0.01,31,35402,买盘
70,14:52:06,11.43,0.02,38,44005,买盘
71,14:52:03,11.41,-0.01,142,162022,卖盘
72,14:52:00,11.42,--,25,28550,买盘
73,14:51:57,11.42,0.01,117,133614,买盘
74,14:51:54,11.41,--,20,22820,卖盘
75,14:51:51,11.41,-0.01,154,175714,卖盘
76,14:51:48,11.42,0.01,55,62810,买盘
77,14:51:45,11.41,--,154,175714,卖盘
78,14:51:42,11.41,--,11,12551,卖盘
79,14:51:39,11.41,-0.01,79,90139,卖盘
80,14:51:36,11.42,--,2,2284,买盘
81,14:51:33,11.42,--,41,46822,买盘
82,14:51:30,11.42,--,101,115342,买盘
83,14:51:27,11.42,--,40,45680,买盘
84,14:51:24,11.42,--,7,7994,买盘
85,14:51:18,11.42,--,63,71946,买盘
86,14:51:15,11.42,0.01,6,6852,买盘
87,14:51:09,11.41,-0.01,69,78729,卖盘
88,14:51:06,11.42,0.01,2,2284,买盘
89,14:51:00,11.41,--,11,12551,卖盘
90,14:50:57,11.41,-0.01,3,3423,卖盘
91,14:50:54,11.42,--,13,14846,买盘
92,14:50:51,11.42,0.01,7,7994,买盘
93,14:50:48,11.41,-0.01,1,1141,卖盘
94,14:50:45,11.42,0.01,16,18272,买盘
95,14:50:39,11.41,--,46,52486,卖盘
96,14:50:36,11.41,--,5,5705,卖盘
97,14:50:30,11.41,-0.01,3,3423,卖盘
98,14:50:27,11.42,--,18,20556,买盘
99,14:50:21,11.42,0.01,6,6852,买盘
100,14:50:18,11.41,-0.01,35,39935,卖盘
101,14:50:15,11.42,0.01,300,342600,买盘
102,14:50:09,11.41,--,3,3423,卖盘
103,14:50:06,11.41,--,211,240751,卖盘
104,14:50:03,11.41,--,12,13692,卖盘
105,14:49:57,11.41,--,19,21679,卖盘
106,14:49:54,11.41,--,3,3651,卖盘
107,14:49:51,11.41,-0.01,28,31948,卖盘
108,14:49:48,11.42,--,18,20556,买盘
109,14:49:45,11.42,--,10,11420,买盘
110,14:49:42,11.42,--,21,23982,买盘
111,14:49:39,11.42,--,15,17130,买盘
112,14:49:33,11.42,--,87,99354,买盘
113,14:49:27,11.42,--,11,12562,买盘
114,14:49:24,11.42,--,7,7994,买盘
115,14:49:21,11.42,0.01,116,132472,买盘
116,14:49:18,11.41,-0.01,21,23961,卖盘
117,14:49:15,11.42,0.01,231,263802,买盘
118,14:49:12,11.41,-0.01,25,28525,卖盘
119,14:49:09,11.42,0.01,6,6852,买盘
120,14:49:06,11.41,-0.01,25,28525,卖盘
121,14:49:03,11.42,--,1,1142,买盘
122,14:48:57,11.42,--,10,11420,买盘
123,14:48:54,11.42,--,59,67378,买盘
124,14:48:51,11.42,--,8,9136,买盘
125,14:48:48,11.42,0.01,1250,1427500,买盘
126,14:48:45,11.41,-0.01,22,25102,卖盘
127,14:48:36,11.42,--,10,11420,买盘
128,14:48:33,11.42,0.01,5,5710,买盘
129,14:48:30,11.41,--,10,11410,卖盘
130,14:48:27,11.41,--,4,4564,卖盘
131,14:48:24,11.41,-0.01,40,45640,卖盘
132,14:48:18,11.42,0.01,70,79940,买盘
133,14:48:15,11.41,--,3,3423,卖盘
134,14:48:12,11.41,0.01,9,10269,中性盘
135,14:48:06,11.4,-0.01,295,336300,卖盘
136,14:48:00,11.41,--,64,73024,买盘
137,14:47:48,11.41,0.01,106,120946,买盘
138,14:47:45,11.4,-0.01,20,22800,卖盘
139,14:47:42,11.41,--,4,4564,买盘
140,14:47:39,11.41,0.01,375,427875,买盘
141,14:47:30,11.4,--,22,25080,卖盘
142,14:47:27,11.4,--,20,22800,卖盘
143,14:47:24,11.4,-0.01,10,11400,卖盘
144,14:47:21,11.41,0.01,1,1141,买盘
145,14:47:18,11.4,-0.01,3,3420,卖盘
146,14:47:15,11.41,--,11,12551,买盘
147,14:47:12,11.41,0.01,2,2282,买盘
148,14:47:09,11.4,--,10,11400,卖盘
149,14:47:06,11.4,--,1,1140,卖盘
150,14:47:03,11.4,--,30,34200,卖盘
151,14:46:57,11.4,-0.01,60,68400,卖盘
152,14:46:48,11.41,--,29,33089,买盘
153,14:46:45,11.41,0.01,1,1141,买盘
154,14:46:42,11.4,--,1,1140,卖盘
155,14:46:39,11.4,--,3,3420,卖盘
156,14:46:36,11.4,-0.01,22,25080,卖盘
157,14:46:33,11.41,0.01,12,13692,买盘
158,14:46:30,11.4,--,10,11400,卖盘
159,14:46:24,11.4,-0.01,3,3420,卖盘
160,14:46:21,11.41,--,38,43358,买盘
161,14:46:18,11.41,0.01,3,3423,买盘
162,14:46:09,11.4,--,10,11400,卖盘
163,14:46:06,11.4,-0.01,57,64980,卖盘
164,14:45:57,11.41,0.01,5,5705,买盘
165,14:45:51,11.4,--,59,67260,卖盘
166,14:45:42,11.4,--,17,19380,卖盘
167,14:45:39,11.4,-0.01,14,15960,卖盘
168,14:45:36,11.41,--,11,12551,买盘
169,14:45:33,11.41,--,20,22820,买盘
170,14:45:30,11.41,--,29,34195,卖盘
171,14:45:27,11.41,--,16,18256,卖盘
172,14:45:24,11.41,--,9,10269,卖盘
173,14:45:21,11.41,--,5,5705,卖盘
174,14:45:18,11.41,-0.01,60,68460,卖盘
175,14:45:15,11.42,0.01,8,9136,买盘
176,14:45:12,11.41,--,30,34230,卖盘
177,14:45:09,11.41,--,18,20538,卖盘
178,14:45:03,11.41,-0.01,20,22820,卖盘
179,14:45:00,11.42,0.01,2,2284,买盘
180,14:44:57,11.41,--,11,12551,卖盘
181,14:44:51,11.41,--,39,44499,卖盘
182,14:44:48,11.41,--,6,6846,卖盘
183,14:44:45,11.41,-0.01,20,22820,卖盘
184,14:44:42,11.42,0.01,2,2284,买盘
185,14:44:39,11.41,--,4,4564,卖盘
186,14:44:36,11.41,--,24,27384,卖盘
187,14:44:33,11.41,-0.01,4,4564,卖盘
188,14:44:30,11.42,--,859,980978,买盘
189,14:44:24,11.42,--,3,3426,买盘
190,14:44:18,11.42,0.01,180,205560,买盘
191,14:44:12,11.41,--,18,20538,卖盘
192,14:44:09,11.41,-0.01,25,28525,卖盘
193,14:44:06,11.42,--,38,43396,买盘
194,14:44:03,11.42,0.01,13,14846,买盘
195,14:44:00,11.41,--,20,22820,卖盘
196,14:43:57,11.41,-0.01,34,38794,卖盘
197,14:43:54,11.42,--,504,575568,买盘
198,14:43:51,11.42,0.01,9,10278,买盘
199,14:43:48,11.41,--,30,34230,卖盘
200,14:43:42,11.41,--,439,500899,卖盘
201,14:43:39,11.41,--,4,4564,卖盘
202,14:43:36,11.41,--,15,17115,卖盘
203,14:43:33,11.41,--,40,45640,卖盘
204,14:43:30,11.41,--,19,21679,卖盘
205,14:43:27,11.41,--,18,20538,卖盘
206,14:43:24,11.41,--,171,195145,买盘
207,14:43:21,11.41,--,10,11410,买盘
208,14:43:18,11.41,--,604,689164,买盘
209,14:43:15,11.41,0.01,58,66178,买盘
210,14:43:09,11.4,-0.01,54,61560,卖盘
211,14:43:06,11.41,0.01,8,9128,买盘
212,14:43:03,11.4,-0.01,37,42180,卖盘
213,14:43:00,11.41,0.01,636,725676,买盘
214,14:42:48,11.4,--,41,46740,卖盘
215,14:42:45,11.4,-0.01,18,20520,卖盘
216,14:42:42,11.41,--,18,20538,买盘
217,14:42:39,11.41,0.01,238,271558,买盘
218,14:42:36,11.4,--,31,35340,卖盘
219,14:42:33,11.4,--,17,19380,卖盘
220,14:42:30,11.4,--,24,27360,卖盘
221,14:42:27,11.4,--,59,67260,卖盘
222,14:42:24,11.4,--,487,555180,卖盘
223,14:42:21,11.4,--,13,14820,卖盘
224,14:42:18,11.4,-0.01,57,64980,卖盘
225,14:42:15,11.41,0.01,4,4564,买盘
226,14:42:12,11.4,-0.01,24,27360,卖盘
227,14:42:09,11.41,0.01,10,11410,买盘
228,14:42:06,11.4,-0.01,12,13680,卖盘
229,14:42:03,11.41,0.01,9,10269,买盘
230,14:42:00,11.4,--,7,7980,卖盘
231,14:41:57,11.4,--,40,45600,卖盘
232,14:41:54,11.4,--,308,351120,卖盘
233,14:41:48,11.4,-0.01,101,115140,卖盘
234,14:41:42,11.41,0.01,66,75306,买盘
235,14:41:39,11.4,--,4,4560,卖盘
236,14:41:30,11.4,-0.01,4,4560,卖盘
237,14:41:27,11.41,0.01,16,18256,买盘
238,14:41:24,11.4,--,65,74100,卖盘
239,14:41:21,11.4,--,59,67260,卖盘
240,14:41:18,11.4,--,241,274740,买盘
241,14:41:15,11.4,0.01,22,25080,买盘
242,14:41:12,11.39,--,4,4556,卖盘
243,14:41:06,11.39,-0.01,12,13668,卖盘
244,14:41:03,11.4,--,4,4560,买盘
245,14:40:54,11.4,0.01,12,13680,买盘
246,14:40:51,11.39,--,46,52394,卖盘
247,14:40:42,11.39,-0.01,11,12529,卖盘
248,14:40:39,11.4,0.01,6,6840,买盘
249,14:40:33,11.39,--,13,14807,卖盘
250,14:40:30,11.39,-0.01,35,39865,卖盘
251,14:40:24,11.4,0.01,11,12540,买盘
252,14:40:21,11.39,-0.01,1,1139,卖盘
253,14:40:18,11.4,-0.01,1153,1314420,卖盘
254,14:40:15,11.41,--,30,34230,买盘
255,14:40:12,11.41,--,2,2282,买盘
256,14:40:09,11.41,--,20,22820,买盘
257,14:40:06,11.41,0.01,10,11410,买盘
258,14:40:03,11.4,-0.01,3,3420,卖盘
259,14:40:00,11.41,0.01,19,21679,买盘
260,14:39:57,11.4,--,146,166440,卖盘
261,14:39:54,11.4,--,34,38760,卖盘
262,14:39:51,11.4,-0.01,2,2280,卖盘
263,14:39:45,11.41,--,21,23961,买盘
264,14:39:42,11.41,--,29,33089,买盘
265,14:39:39,11.41,--,119,135779,买盘
266,14:39:36,11.41,0.01,31,35371,买盘
267,14:39:30,11.4,--,100,114000,卖盘
268,14:39:24,11.4,-0.01,21,23940,卖盘
269,14:39:15,11.41,--,31,35371,买盘
270,14:39:09,11.41,0.01,2,2282,买盘
271,14:39:03,11.4,-0.01,17,19380,卖盘
272,14:39:00,11.41,0.01,5,5705,买盘
273,14:38:57,11.4,--,7,7980,卖盘
274,14:38:54,11.4,--,14,15960,卖盘
275,14:38:51,11.4,--,56,63840,卖盘
276,14:38:48,11.4,--,188,214320,卖盘
277,14:38:45,11.4,--,10,11400,卖盘
278,14:38:39,11.4,--,37,42180,买盘
279,14:38:36,11.4,--,22,25080,买盘
280,14:38:27,11.4,--,25,28500,卖盘
281,14:38:24,11.4,-0.01,12,13680,中性盘
282,14:38:15,11.41,0.01,103,117523,买盘
283,14:38:12,11.4,--,9,10260,卖盘
284,14:38:09,11.4,--,5,5700,卖盘
285,14:38:06,11.4,--,10,11400,卖盘
286,14:38:03,11.4,--,21,23940,买盘
287,14:38:00,11.4,--,2,2280,买盘
288,14:37:54,11.4,--,70,79800,买盘
289,14:37:45,11.4,0.01,5,5700,买盘
290,14:37:36,11.39,-0.02,4,4556,卖盘
291,14:37:33,11.41,0.01,18,20538,买盘
292,14:37:30,11.4,--,15,18114,卖盘
293,14:37:27,11.4,--,2,2280,卖盘
294,14:37:24,11.4,--,0,125,买盘
295,14:37:21,11.4,--,61,69540,买盘
296,14:37:18,11.4,--,50,58014,卖盘
297,14:37:15,11.4,--,14,15960,卖盘
298,14:37:12,11.4,--,50,57000,卖盘
299,14:37:09,11.4,--,16,18240,卖盘
300,14:37:06,11.4,-0.01,6,6840,卖盘
301,14:37:03,11.41,0.01,19,21679,买盘
302,14:37:00,11.4,--,205,233700,卖盘
303,14:36:57,11.4,-0.01,1,1140,卖盘
304,14:36:54,11.41,0.01,2,2282,买盘
305,14:36:45,11.4,--,9,10260,卖盘
306,14:36:36,11.4,-0.01,4,4560,卖盘
307,14:36:33,11.41,0.01,67,76447,买盘
308,14:36:30,11.4,--,22,25080,卖盘
309,14:36:21,11.4,--,20,22800,卖盘
310,14:36:15,11.4,-0.01,136,155040,卖盘
311,14:36:12,11.41,0.01,41,46781,买盘
312,14:36:09,11.4,--,10,11400,卖盘
313,14:36:06,11.4,--,7,7980,卖盘
314,14:35:57,11.4,--,157,179105,买盘
315,14:35:54,11.4,--,3,3420,买盘
316,14:35:48,11.4,0.01,12,13680,买盘
317,14:35:45,11.39,-0.01,143,162877,卖盘
318,14:35:42,11.4,--,10,11400,买盘
319,14:35:39,11.4,0.01,24,27360,买盘
320,14:35:36,11.39,-0.01,4,4556,卖盘
321,14:35:33,11.4,0.01,27,30780,买盘
322,14:35:27,11.39,-0.01,10,11390,卖盘
323,14:35:24,11.4,0.01,5,5700,买盘
324,14:35:18,11.39,--,4,4556,卖盘
325,14:35:15,11.39,-0.01,10,11390,卖盘
326,14:35:12,11.4,--,1678,1912920,买盘
327,14:35:06,11.4,0.01,6,6840,买盘
328,14:35:00,11.39,--,35,39865,卖盘
329,14:34:54,11.39,--,60,68340,卖盘
330,14:34:51,11.39,-0.01,12,13668,卖盘
331,14:34:45,11.4,0.01,7,7980,买盘
332,14:34:42,11.39,--,6,6834,卖盘
333,14:34:39,11.39,--,11,12529,卖盘
334,14:34:36,11.39,--,11,12529,卖盘
335,14:34:21,11.39,--,40,45560,买盘
336,14:34:18,11.39,--,40,45560,卖盘
337,14:34:15,11.39,-0.01,4,4556,卖盘
338,14:34:12,11.4,--,5,5700,买盘
339,14:34:00,11.4,--,21,23940,买盘
340,14:33:54,11.4,--,78,88920,买盘
341,14:33:48,11.4,0.02,15,17100,买盘
342,14:33:42,11.38,--,4,4552,卖盘
343,14:33:39,11.38,-0.02,140,159320,卖盘
344,14:33:33,11.4,--,29,33060,买盘
345,14:33:21,11.4,--,16,18240,买盘
346,14:33:12,11.4,0.01,6,6840,买盘
347,14:33:09,11.39,--,11,12529,卖盘
348,14:33:06,11.39,--,12,13668,卖盘
349,14:33:03,11.39,-0.01,5,5695,卖盘
350,14:33:00,11.4,0.01,37,42180,买盘
351,14:32:57,11.39,0.01,459,523586,买盘
352,14:32:51,11.38,-0.01,4,4552,卖盘
353,14:32:48,11.39,--,502,571778,买盘
354,14:32:30,11.39,0.01,45,51255,买盘
355,14:32:27,11.38,--,7,7966,卖盘
356,14:32:24,11.38,-0.01,10,11380,卖盘
357,14:32:21,11.39,--,6,6834,买盘
358,14:32:18,11.39,0.01,2,2278,买盘
359,14:32:12,11.38,--,20,22760,卖盘
360,14:32:06,11.38,--,103,117214,卖盘
361,14:32:03,11.38,-0.01,63,71694,卖盘
362,14:32:00,11.39,0.01,40,45560,买盘
363,14:31:51,11.38,-0.01,6,6828,卖盘
364,14:31:48,11.39,--,3,3417,买盘
365,14:31:42,11.39,0.01,28,31892,买盘
366,14:31:36,11.38,-0.01,35,39830,卖盘
367,14:31:30,11.39,--,44,50116,买盘
368,14:31:27,11.39,0.01,100,113900,买盘
369,14:31:21,11.38,-0.01,18,20484,卖盘
370,14:31:18,11.39,0.01,84,95676,买盘
371,14:31:15,11.38,--,10,11380,卖盘
372,14:31:12,11.38,0.01,12,13656,中性盘
373,14:31:03,11.37,-0.02,1,1137,卖盘
374,14:31:00,11.39,0.02,37,42143,买盘
375,14:30:57,11.37,-0.01,50,56849,卖盘
376,14:30:54,11.38,--,39,44382,买盘
377,14:30:51,11.38,--,25,28450,买盘
378,14:30:48,11.38,0.01,9,10242,买盘
379,14:30:42,11.37,--,4,4548,卖盘
380,14:30:39,11.37,--,4,4548,卖盘
381,14:30:36,11.37,-0.01,10,11370,卖盘
382,14:30:27,11.38,--,160,182080,买盘
383,14:30:24,11.38,--,53,60314,买盘
384,14:30:21,11.38,0.01,4,4552,买盘
385,14:30:18,11.37,--,11,12507,卖盘
386,14:30:15,11.37,--,10,11370,卖盘
387,14:30:03,11.37,-0.01,112,127343,卖盘
388,14:30:00,11.38,-0.01,23,26174,卖盘
389,14:29:57,11.39,0.02,38,43282,买盘
390,14:29:51,11.37,-0.01,585,665145,卖盘
391,14:29:48,11.38,-0.01,16,18208,卖盘
392,14:29:39,11.39,0.01,23,26197,买盘
393,14:29:36,11.38,--,305,347090,卖盘
394,14:29:33,11.38,-0.01,19,21622,卖盘
395,14:29:30,11.39,0.01,5,5695,买盘
396,14:29:24,11.38,--,135,153630,卖盘
397,14:29:18,11.38,--,34,38692,卖盘
398,14:29:15,11.38,--,34,38692,卖盘
399,14:29:12,11.38,--,5,5690,卖盘
400,14:29:09,11.38,--,8,9104,卖盘
401,14:29:06,11.38,--,10,11380,卖盘
402,14:29:03,11.38,--,44,50072,卖盘
403,14:28:57,11.38,-0.01,60,68280,卖盘
404,14:28:54,11.39,0.01,14,15946,买盘
405,14:28:51,11.38,-0.01,100,113800,卖盘
406,14:28:45,11.39,--,10,11390,买盘
407,14:28:42,11.39,--,30,34170,买盘
408,14:28:39,11.39,--,711,809954,卖盘
409,14:28:36,11.39,--,4,4556,卖盘
410,14:28:33,11.39,--,20,22780,卖盘
411,14:28:30,11.39,-0.01,913,1040920,卖盘
412,14:28:27,11.4,0.01,8,9120,买盘
413,14:28:24,11.39,--,62,70618,卖盘
414,14:28:21,11.39,-0.01,5,5695,卖盘
415,14:28:15,11.4,--,30,34200,买盘
416,14:28:06,11.4,--,190,216600,买盘
417,14:28:03,11.4,0.01,12,13680,买盘
418,14:28:00,11.39,-0.01,9,10251,卖盘
419,14:27:54,11.4,--,176,200982,卖盘
420,14:27:51,11.4,--,72,82080,卖盘
421,14:27:48,11.4,--,47,53580,卖盘
422,14:27:45,11.4,-0.01,4,4560,卖盘
423,14:27:42,11.41,0.01,14,15974,买盘
424,14:27:39,11.4,--,111,126540,卖盘
425,14:27:36,11.4,--,10,11400,卖盘
426,14:27:30,11.4,--,228,259920,卖盘
427,14:27:24,11.4,--,105,119700,卖盘
428,14:27:21,11.4,--,57,64980,卖盘
429,14:27:18,11.4,-0.01,79,90060,卖盘
430,14:27:15,11.41,0.01,2,2282,买盘
431,14:27:06,11.4,--,5,5700,卖盘
432,14:27:03,11.4,--,91,103740,卖盘
433,14:26:51,11.4,--,8,9120,卖盘
434,14:26:48,11.4,--,4,4560,卖盘
435,14:26:45,11.4,-0.01,5,5700,卖盘
436,14:26:30,11.41,0.01,6,6846,买盘
437,14:26:27,11.4,-0.01,108,123120,卖盘
438,14:26:21,11.41,--,2,2282,买盘
439,14:26:18,11.41,0.01,18,20538,买盘
440,14:26:15,11.4,--,2,2280,卖盘
441,14:26:06,11.4,--,4,4560,卖盘
442,14:26:03,11.4,--,272,310080,卖盘
443,14:25:57,11.4,-0.01,96,109440,卖盘
444,14:25:45,11.41,--,3,3423,买盘
445,14:25:39,11.41,--,1,1141,买盘
446,14:25:36,11.41,--,7,7987,买盘
447,14:25:33,11.41,--,43,49063,买盘
448,14:25:30,11.41,--,75,85575,买盘
449,14:25:27,11.41,--,26,29666,买盘
450,14:25:21,11.41,--,651,742791,买盘
451,14:25:09,11.41,--,36,41076,买盘
452,14:25:03,11.41,--,63,71883,买盘
453,14:25:00,11.41,0.01,98,111818,买盘
454,14:24:57,11.4,--,50,57000,卖盘
455,14:24:51,11.4,--,364,414960,卖盘
456,14:24:48,11.4,--,38,43320,卖盘
457,14:24:45,11.4,-0.01,5,5700,卖盘
458,14:24:42,11.41,0.01,2,2282,买盘
459,14:24:39,11.4,--,7,7980,卖盘
460,14:24:36,11.4,-0.01,16,18240,卖盘
461,14:24:33,11.41,0.01,15,17115,买盘
462,14:24:30,11.4,-0.01,70,79800,卖盘
463,14:24:27,11.41,--,225,256725,买盘
464,14:24:24,11.41,--,88,100408,买盘
465,14:24:18,11.41,0.01,2,2282,买盘
466,14:24:15,11.4,--,39,44460,卖盘
467,14:24:12,11.4,-0.01,215,245100,卖盘
468,14:24:09,11.41,--,117,133497,买盘
469,14:24:06,11.41,--,281,320621,买盘
470,14:24:03,11.41,0.01,26,29666,买盘
471,14:23:57,11.4,--,40,45600,卖盘
472,14:23:48,11.4,-0.01,30,34200,卖盘
473,14:23:45,11.41,--,101,115241,买盘
474,14:23:42,11.41,0.01,8,9128,买盘
475,14:23:36,11.4,--,4,4560,卖盘
476,14:23:30,11.4,--,20,22800,卖盘
477,14:23:27,11.4,-0.01,79,90060,卖盘
478,14:23:24,11.41,--,358,408478,买盘
479,14:23:21,11.41,0.01,2,2282,买盘
480,14:23:12,11.4,-0.01,292,332880,卖盘
481,14:23:06,11.41,--,10,11410,买盘
482,14:23:03,11.41,--,45,51345,买盘
483,14:22:54,11.41,0.01,10,11410,买盘
484,14:22:48,11.4,--,28,31920,卖盘
485,14:22:45,11.4,--,19,21660,卖盘
486,14:22:42,11.4,--,20,22800,卖盘
487,14:22:39,11.4,-0.01,8,9120,卖盘
488,14:22:36,11.41,--,6,6846,买盘
489,14:22:30,11.41,--,10,11410,买盘
490,14:22:27,11.41,--,29,33089,买盘
491,14:22:12,11.41,0.01,2,2282,买盘
492,14:22:09,11.4,-0.01,53,60420,卖盘
493,14:22:06,11.41,--,5,5705,买盘
494,14:21:57,11.41,0.01,5,5705,买盘
495,14:21:51,11.4,--,117,133380,卖盘
496,14:21:48,11.4,--,1,1140,卖盘
497,14:21:42,11.4,-0.01,73,83220,卖盘
498,14:21:39,11.41,0.01,10,11410,买盘
499,14:21:36,11.4,--,4,4560,卖盘
500,14:21:33,11.4,-0.01,11,12540,卖盘
501,14:21:30,11.41,0.01,1,1141,买盘
502,14:21:21,11.4,--,16,18240,卖盘
503,14:21:18,11.4,-0.01,19,21660,卖盘
504,14:21:15,11.41,--,10,11410,买盘
505,14:21:06,11.41,--,31,35371,买盘
506,14:21:00,11.41,--,2,2282,买盘
507,14:20:51,11.41,--,25,28525,买盘
508,14:20:42,11.41,0.01,11,12551,买盘
509,14:20:36,11.4,--,7,7980,卖盘
510,14:20:33,11.4,--,21,23940,卖盘
511,14:20:30,11.4,-0.01,7,7980,卖盘
512,14:20:27,11.41,--,1,1141,买盘
513,14:20:15,11.41,--,29,33089,买盘
514,14:20:00,11.41,0.01,307,350287,买盘
515,14:19:57,11.4,--,12,13680,卖盘
516,14:19:54,11.4,-0.01,66,75240,卖盘
517,14:19:51,11.41,--,87,99267,买盘
518,14:19:48,11.41,0.01,920,1049720,买盘
519,14:19:45,11.4,-0.01,20,22800,卖盘
520,14:19:39,11.41,0.01,5,5705,买盘
521,14:19:36,11.4,--,4,4560,卖盘
522,14:19:33,11.4,-0.01,2,2280,卖盘
523,14:19:30,11.41,--,2,2282,买盘
524,14:19:27,11.41,0.01,75,85575,买盘
525,14:19:21,11.4,--,94,107160,卖盘
526,14:19:18,11.4,--,4,4560,卖盘
527,14:19:15,11.4,--,36,41040,卖盘
528,14:19:06,11.4,-0.01,322,367080,卖盘
529,14:19:00,11.41,0.01,22,25102,买盘
530,14:18:48,11.4,-0.01,10,11400,卖盘
531,14:18:45,11.41,--,1,1141,买盘
532,14:18:42,11.41,--,33,37653,买盘
533,14:18:39,11.41,0.01,1,1141,买盘
534,14:18:36,11.4,--,4,4560,卖盘
535,14:18:33,11.4,-0.01,2,2280,卖盘
536,14:18:30,11.41,0.01,2,2282,买盘
537,14:18:24,11.4,--,200,228000,卖盘
538,14:18:21,11.4,--,2,2280,卖盘
539,14:18:18,11.4,--,95,108300,卖盘
540,14:18:15,11.4,--,30,34200,卖盘
541,14:18:03,11.4,--,29,33060,卖盘
542,14:18:00,11.4,--,52,59280,卖盘
543,14:17:48,11.4,--,56,63840,卖盘
544,14:17:45,11.4,--,11,12996,卖盘
545,14:17:42,11.4,--,250,285000,卖盘
546,14:17:39,11.4,--,4,4560,卖盘
547,14:17:36,11.4,--,100,114000,卖盘
548,14:17:27,11.4,--,84,96102,买盘
549,14:17:24,11.4,--,431,491340,买盘
550,14:17:18,11.4,--,10,11400,买盘
551,14:17:09,11.4,-0.01,914,1042758,卖盘
552,14:17:03,11.41,--,13,14833,买盘
553,14:17:00,11.41,0.01,6,6846,买盘
554,14:16:57,11.4,-0.01,30,34200,卖盘
555,14:16:48,11.41,0.01,6,6846,买盘
556,14:16:39,11.4,--,4,4560,卖盘
557,14:16:36,11.4,--,264,301302,买盘
558,14:16:33,11.4,0.01,2,2280,买盘
559,14:16:24,11.39,--,30,34170,卖盘
560,14:16:18,11.39,--,88,100232,卖盘
561,14:16:15,11.39,-0.01,3,3417,卖盘
562,14:16:12,11.4,0.01,47,53580,买盘
563,14:16:06,11.39,-0.01,31,35309,卖盘
564,14:15:51,11.4,--,5,5700,买盘
565,14:15:48,11.4,--,1,1140,买盘
566,14:15:45,11.4,0.01,43,49020,买盘
567,14:15:42,11.39,--,4,4556,卖盘
568,14:15:39,11.39,-0.01,4,4556,卖盘
569,14:15:36,11.4,--,103,117420,买盘
570,14:15:21,11.4,--,85,96900,买盘
571,14:15:18,11.4,0.01,200,228000,买盘
572,14:15:09,11.39,--,3,3417,卖盘
573,14:15:06,11.39,--,9,10251,卖盘
574,14:15:03,11.39,-0.01,8,9112,卖盘
575,14:15:00,11.4,0.01,1,1140,买盘
576,14:14:57,11.39,-0.01,10,11390,卖盘
577,14:14:51,11.4,0.01,9,10260,买盘
578,14:14:36,11.39,-0.01,86,97954,卖盘
579,14:14:33,11.4,--,8,9120,买盘
580,14:14:27,11.4,--,9,10260,买盘
581,14:14:18,11.4,--,91,103740,买盘
582,14:14:15,11.4,--,125,142500,买盘
583,14:14:12,11.4,--,77,87780,买盘
584,14:14:09,11.4,--,12,13680,买盘
585,14:14:06,11.4,--,32,36480,买盘
586,14:13:57,11.4,0.01,22,25080,买盘
587,14:13:54,11.39,--,10,11390,卖盘
588,14:13:45,11.39,-0.01,349,397511,卖盘
589,14:13:42,11.4,0.01,127,144780,买盘
590,14:13:39,11.39,--,239,272221,卖盘
591,14:13:36,11.39,--,30,34170,卖盘
592,14:13:27,11.39,--,4,4556,卖盘
593,14:13:24,11.39,-0.01,7,7973,卖盘
594,14:13:15,11.4,0.01,4,4560,买盘
595,14:13:12,11.39,-0.01,54,61506,卖盘
596,14:13:00,11.4,--,5,5700,买盘
597,14:12:57,11.4,--,6,6840,买盘
598,14:12:54,11.4,0.01,3,3420,买盘
599,14:12:51,11.39,--,85,96815,卖盘
600,14:12:48,11.39,-0.01,17,19363,卖盘
601,14:12:45,11.4,--,2,2280,买盘
602,14:12:42,11.4,0.01,341,388740,买盘
603,14:12:36,11.39,--,4,4556,卖盘
604,14:12:33,11.39,--,15,17085,卖盘
605,14:12:24,11.39,--,13,14807,卖盘
606,14:12:18,11.39,--,6,6834,卖盘
607,14:12:15,11.39,-0.01,10,11390,卖盘
608,14:12:09,11.4,--,18,20520,买盘
609,14:12:06,11.4,0.01,35,39900,买盘
610,14:12:03,11.39,-0.01,73,83147,卖盘
611,14:11:57,11.4,--,25,28500,买盘
612,14:11:54,11.4,0.01,6,6840,买盘
613,14:11:48,11.39,--,14,15946,卖盘
614,14:11:42,11.39,-0.01,3,3417,卖盘
615,14:11:36,11.4,0.01,12,13680,买盘
616,14:11:33,11.39,-0.01,20,22780,卖盘
617,14:11:27,11.4,--,38,43320,买盘
618,14:11:18,11.4,--,166,190038,卖盘
619,14:11:15,11.4,--,300,342000,卖盘
620,14:11:12,11.4,--,32,36480,卖盘
621,14:11:06,11.4,--,112,127680,卖盘
622,14:11:03,11.4,--,18,20520,卖盘
623,14:11:00,11.4,-0.01,24,27360,卖盘
624,14:10:57,11.41,--,113,128933,买盘
625,14:10:54,11.41,0.01,13,14833,买盘
626,14:10:51,11.4,--,185,210900,卖盘
627,14:10:45,11.4,--,46,53124,卖盘
628,14:10:42,11.4,0.01,1296,1478238,买盘
629,14:10:39,11.39,--,4,4556,卖盘
630,14:10:36,11.39,--,6,6834,卖盘
631,14:10:21,11.39,-0.01,15,17085,卖盘
632,14:10:12,11.4,--,10,11400,买盘
633,14:10:09,11.4,0.01,15,17100,买盘
634,14:10:06,11.39,-0.01,6,6834,卖盘
635,14:10:03,11.4,0.01,6,6840,买盘
636,14:09:54,11.39,--,3,3417,卖盘
637,14:09:51,11.39,--,3,3417,卖盘
638,14:09:45,11.39,--,4,4556,卖盘
639,14:09:42,11.39,--,35,39865,卖盘
640,14:09:24,11.39,--,61,69479,卖盘
641,14:09:21,11.39,--,3,3417,卖盘
642,14:09:18,11.39,--,50,56950,卖盘
643,14:09:15,11.39,--,10,11390,卖盘
644,14:09:12,11.39,--,3,3417,卖盘
645,14:09:09,11.39,-0.01,14,15946,卖盘
646,14:09:06,11.4,--,5,5700,买盘
647,14:09:03,11.4,0.01,5,5700,买盘
648,14:08:51,11.39,--,10,11390,卖盘
649,14:08:48,11.39,--,20,22780,卖盘
650,14:08:45,11.39,--,498,567222,卖盘
651,14:08:42,11.39,-0.01,300,341700,卖盘
652,14:08:39,11.4,0.01,2,2280,买盘
653,14:08:36,11.39,--,4,4556,卖盘
654,14:08:33,11.39,--,408,464712,卖盘
655,14:08:24,11.39,--,63,71757,卖盘
656,14:08:21,11.39,-0.01,100,113900,卖盘
657,14:08:09,11.4,--,9,10260,买盘
658,14:08:06,11.4,--,6,6840,买盘
659,14:08:03,11.4,0.01,8,9120,买盘
660,14:07:42,11.39,--,5,5695,卖盘
661,14:07:39,11.39,--,4,4556,卖盘
662,14:07:30,11.39,-0.01,20,22780,卖盘
663,14:07:21,11.4,--,1,1140,买盘
664,14:07:18,11.4,--,5,5700,买盘
665,14:07:15,11.4,--,1,1140,买盘
666,14:07:09,11.4,0.01,5,5700,买盘
667,14:06:57,11.39,--,3,3417,卖盘
668,14:06:42,11.39,-0.01,4,4556,卖盘
669,14:06:39,11.4,0.01,43,49020,买盘
670,14:06:30,11.39,-0.01,4,4556,卖盘
671,14:06:27,11.4,--,4,4560,买盘
672,14:06:15,11.4,--,100,114000,买盘
673,14:06:09,11.4,--,29,33060,买盘
674,14:06:00,11.4,--,599,682860,卖盘
675,14:05:57,11.4,--,30,34200,卖盘
676,14:05:54,11.4,--,1,1140,卖盘
677,14:05:51,11.4,--,100,114000,卖盘
678,14:05:45,11.4,--,64,72960,卖盘
679,14:05:42,11.4,--,45,51300,卖盘
680,14:05:39,11.4,0.01,446,508440,买盘
681,14:05:24,11.39,--,4,4556,卖盘
682,14:05:21,11.39,--,20,22780,卖盘
683,14:05:12,11.39,--,26,29614,卖盘
684,14:05:03,11.39,--,2,2278,卖盘
685,14:04:54,11.39,--,9,10251,卖盘
686,14:04:51,11.39,--,10,11390,卖盘
687,14:04:48,11.39,--,22,25058,卖盘
688,14:04:45,11.39,-0.01,4,4556,卖盘
689,14:04:42,11.4,0.01,5,5700,买盘
690,14:04:36,11.39,--,9,10251,卖盘
691,14:04:33,11.39,--,3,3417,卖盘
692,14:04:27,11.39,-0.01,2,2278,卖盘
693,14:04:24,11.4,0.01,1,1140,买盘
694,14:04:18,11.39,-0.01,10,11390,卖盘
695,14:04:12,11.4,0.01,10,11400,买盘
696,14:04:09,11.39,--,50,56950,卖盘
697,14:04:06,11.39,--,5,5695,卖盘
698,14:03:51,11.39,--,10,11390,卖盘
699,14:03:48,11.39,-0.01,10,11390,卖盘
700,14:03:45,11.4,0.01,9,10260,买盘
701,14:03:42,11.39,--,20,22780,卖盘
702,14:03:27,11.39,--,53,60367,卖盘
703,14:03:24,11.39,--,8,9112,卖盘
704,14:03:21,11.39,--,67,76313,卖盘
705,14:03:18,11.39,--,68,77452,卖盘
706,14:03:15,11.39,-0.02,68,77452,卖盘
707,14:03:12,11.41,0.01,72,82152,买盘
708,14:03:09,11.4,--,88,100320,卖盘
709,14:03:06,11.4,--,69,78660,卖盘
710,14:03:03,11.4,--,72,82080,卖盘
711,14:03:00,11.4,--,78,88920,卖盘
712,14:02:36,11.4,-0.01,4,4560,卖盘
713,14:02:33,11.41,--,13,14833,买盘
714,14:02:30,11.41,0.01,12,13692,买盘
715,14:02:27,11.4,--,71,80940,卖盘
716,14:02:18,11.4,--,2,2280,卖盘
717,14:02:15,11.4,-0.01,6,6840,卖盘
718,14:02:12,11.41,0.01,9,10269,买盘
719,14:01:54,11.4,--,749,853860,卖盘
720,14:01:51,11.4,--,4,4560,卖盘
721,14:01:48,11.4,--,63,71820,卖盘
722,14:01:45,11.4,-0.01,21,23940,卖盘
723,14:01:39,11.41,0.01,4,4564,买盘
724,14:01:36,11.4,-0.01,4,4560,卖盘
725,14:01:33,11.41,0.01,1,1141,买盘
726,14:01:21,11.4,-0.01,13,14820,卖盘
727,14:01:18,11.41,--,10,11410,买盘
728,14:01:15,11.41,--,5,5705,买盘
729,14:01:12,11.41,--,5,5705,买盘
730,14:01:09,11.41,--,105,119805,买盘
731,14:01:06,11.41,0.01,17,19397,买盘
732,14:01:03,11.4,-0.01,3,3420,卖盘
733,14:01:00,11.41,--,1,1141,买盘
734,14:00:51,11.41,--,15,17845,卖盘
735,14:00:48,11.41,--,20,22820,卖盘
736,14:00:45,11.41,--,4,4564,卖盘
737,14:00:42,11.41,--,20,22820,卖盘
738,14:00:39,11.41,--,14,15974,卖盘
739,14:00:36,11.41,--,694,791854,卖盘
740,14:00:30,11.41,-0.01,30,34230,卖盘
741,14:00:27,11.42,0.01,103,117626,买盘
742,14:00:24,11.41,-0.01,1,1141,卖盘
743,14:00:18,11.42,0.01,6,6852,买盘
744,14:00:12,11.41,--,7,7987,卖盘
745,14:00:09,11.41,--,1,1141,卖盘
746,14:00:03,11.41,--,6,6846,卖盘
747,13:59:57,11.41,--,10,11410,卖盘
748,13:59:54,11.41,--,3,3423,卖盘
749,13:59:51,11.41,-0.01,200,228200,卖盘
750,13:59:45,11.42,0.01,15,17130,买盘
751,13:59:42,11.41,--,8,9128,卖盘
752,13:59:39,11.41,--,10,11410,卖盘
753,13:59:30,11.41,--,10,11410,卖盘
754,13:59:27,11.41,--,8,9128,卖盘
755,13:59:21,11.41,-0.01,94,107254,卖盘
756,13:59:18,11.42,0.01,13,14846,买盘
757,13:58:51,11.41,--,16,18256,卖盘
758,13:58:48,11.41,--,7,7987,卖盘
759,13:58:45,11.41,-0.01,900,1026900,卖盘
760,13:58:42,11.42,--,1,1142,买盘
761,13:58:39,11.42,0.01,4,4568,买盘
762,13:58:36,11.41,--,40,45640,卖盘
763,13:58:27,11.41,--,4,4564,卖盘
764,13:58:24,11.41,--,10,11410,卖盘
765,13:58:18,11.41,--,3,3423,卖盘
766,13:58:15,11.41,-0.01,18,20538,卖盘
767,13:58:03,11.42,0.01,7,7994,买盘
768,13:57:48,11.41,--,1,1141,卖盘
769,13:57:39,11.41,-0.01,25,28525,卖盘
770,13:57:30,11.42,0.01,6,6852,买盘
771,13:57:27,11.41,-0.01,160,182560,卖盘
772,13:57:24,11.42,--,3,3426,买盘
773,13:57:21,11.42,--,20,22840,买盘
774,13:57:18,11.42,0.01,107,122194,买盘
775,13:57:15,11.41,-0.01,50,57050,卖盘
776,13:57:09,11.42,0.01,1,1142,买盘
777,13:56:51,11.41,-0.01,10,11410,卖盘
778,13:56:36,11.42,0.01,20,22840,买盘
779,13:56:30,11.41,-0.01,3,3423,卖盘
780,13:56:27,11.42,0.01,1,1142,买盘
781,13:56:24,11.41,--,4,4564,卖盘
782,13:56:21,11.41,-0.01,5,5705,卖盘
783,13:56:03,11.42,--,109,124478,买盘
784,13:55:54,11.42,--,18,20556,买盘
785,13:55:51,11.42,--,21,23982,买盘
786,13:55:48,11.42,0.01,20,22840,买盘
787,13:55:45,11.41,-0.01,10,11410,卖盘
788,13:55:21,11.42,0.01,19,21698,买盘
789,13:55:18,11.41,--,3,3423,卖盘
790,13:55:12,11.41,--,5,5705,卖盘
791,13:55:09,11.41,--,5,5705,卖盘
792,13:55:06,11.41,-0.01,20,23230,卖盘
793,13:55:03,11.42,0.01,18,20556,买盘
794,13:55:00,11.41,-0.01,4,4564,卖盘
795,13:54:57,11.42,--,10,11420,买盘
796,13:54:39,11.42,--,18,20556,买盘
797,13:54:36,11.42,0.01,90,102780,买盘
798,13:54:24,11.41,--,8,9128,卖盘
799,13:54:15,11.41,--,3,3423,卖盘
800,13:54:09,11.41,--,3,3423,卖盘
801,13:53:51,11.41,--,4,4564,卖盘
802,13:53:48,11.41,-0.01,17,19397,卖盘
803,13:53:45,11.42,--,18,20556,买盘
804,13:53:42,11.42,0.01,9,10278,买盘
805,13:53:21,11.41,-0.01,6,6846,卖盘
806,13:53:18,11.42,--,9,10278,买盘
807,13:53:09,11.42,0.01,8,9136,买盘
808,13:53:06,11.41,--,4,4564,卖盘
809,13:53:03,11.41,-0.01,2,2282,卖盘
810,13:53:00,11.42,0.02,19,21698,买盘
811,13:52:57,11.4,-0.02,120,136800,卖盘
812,13:52:48,11.42,0.01,16,18272,买盘
813,13:52:45,11.41,--,45,51345,买盘
814,13:52:42,11.41,--,75,85575,买盘
815,13:52:33,11.41,--,14,15974,买盘
816,13:52:27,11.41,--,25,28525,买盘
817,13:52:21,11.41,0.01,35,39935,买盘
818,13:52:09,11.4,--,10,11400,卖盘
819,13:52:06,11.4,-0.01,2,2280,卖盘
820,13:52:03,11.41,0.01,222,253302,买盘
821,13:52:00,11.4,-0.01,10,11400,卖盘
822,13:51:57,11.41,0.01,207,236187,买盘
823,13:51:42,11.4,--,4,4560,卖盘
824,13:51:39,11.4,-0.01,3,3420,卖盘
825,13:51:24,11.41,0.01,25,28525,买盘
826,13:51:18,11.4,--,45,51300,卖盘
827,13:51:12,11.4,-0.01,10,11400,卖盘
828,13:51:09,11.41,0.01,100,114100,买盘
829,13:50:57,11.4,-0.01,83,94620,卖盘
830,13:50:54,11.41,--,65,74165,买盘
831,13:50:48,11.41,0.01,150,171150,买盘
832,13:50:39,11.4,--,71,80940,买盘
833,13:50:36,11.4,--,153,174420,卖盘
834,13:50:30,11.4,--,1,1140,卖盘
835,13:50:27,11.4,--,110,125400,卖盘
836,13:50:24,11.4,--,4,4560,卖盘
837,13:50:21,11.4,--,9,10260,卖盘
838,13:50:18,11.4,--,17,19380,卖盘
839,13:50:12,11.4,-0.01,10,11400,卖盘
840,13:50:09,11.41,0.01,8,9128,买盘
841,13:50:06,11.4,--,229,261060,卖盘
842,13:50:03,11.4,--,1,1140,卖盘
843,13:49:54,11.4,--,1,1140,卖盘
844,13:49:45,11.4,0.01,601,685140,买盘
845,13:49:39,11.39,--,5,5695,卖盘
846,13:49:30,11.39,-0.01,10,11390,卖盘
847,13:49:27,11.4,0.01,19,21660,买盘
848,13:49:21,11.39,--,3,3417,卖盘
849,13:49:18,11.39,-0.01,22,25058,卖盘
850,13:48:48,11.4,--,17,19380,买盘
851,13:48:27,11.4,0.01,103,117420,买盘
852,13:48:18,11.39,--,7,7973,卖盘
853,13:48:15,11.39,--,13,14807,卖盘
854,13:47:51,11.39,-0.01,1,1139,卖盘
855,13:47:42,11.4,0.01,3,3420,买盘
856,13:47:39,11.39,--,12,13668,卖盘
857,13:47:33,11.39,--,5,5695,卖盘
858,13:47:27,11.39,--,2,2278,卖盘
859,13:47:21,11.39,-0.01,169,192491,卖盘
860,13:47:18,11.4,0.01,1,1140,买盘
861,13:47:15,11.39,--,100,113900,卖盘
862,13:47:12,11.39,--,5,5695,卖盘
863,13:47:09,11.39,-0.01,3,3417,卖盘
864,13:47:06,11.4,0.01,10,11400,买盘
865,13:47:00,11.39,-0.01,7,7973,卖盘
866,13:46:57,11.4,--,3,3420,买盘
867,13:46:45,11.4,0.01,38,43320,买盘
868,13:46:27,11.39,-0.01,1,1139,卖盘
869,13:46:21,11.4,--,25,28500,买盘
870,13:46:15,11.4,0.01,10,11400,买盘
871,13:46:00,11.39,-0.01,3,3417,卖盘
872,13:45:51,11.4,0.01,18,20520,买盘
873,13:45:48,11.39,-0.01,4,4556,卖盘
874,13:45:45,11.4,--,22,25080,买盘
875,13:45:39,11.4,0.01,40,45600,买盘
876,13:45:33,11.39,-0.01,4,4556,卖盘
877,13:45:27,11.4,--,47,53580,买盘
878,13:45:24,11.4,--,80,91200,买盘
879,13:45:09,11.4,--,13,14820,买盘
880,13:45:06,11.4,--,20,22800,买盘
881,13:45:00,11.4,--,79,90060,买盘
882,13:44:48,11.4,0.01,5,5700,买盘
883,13:44:45,11.39,-0.01,3,3417,卖盘
884,13:44:33,11.4,--,22,25080,买盘
885,13:44:30,11.4,--,100,114000,买盘
886,13:44:27,11.4,--,19,21660,买盘
887,13:44:21,11.4,0.01,4,4560,买盘
888,13:44:09,11.39,-0.01,85,96815,卖盘
889,13:43:57,11.4,--,820,934800,卖盘
890,13:43:48,11.4,--,8,9120,卖盘
891,13:43:45,11.4,--,6,6840,卖盘
892,13:43:39,11.4,--,6,6840,卖盘
893,13:43:30,11.4,--,9,10260,卖盘
894,13:43:27,11.4,--,10,11400,卖盘
895,13:43:24,11.4,--,3,3420,卖盘
896,13:43:21,11.4,--,40,45600,卖盘
897,13:43:15,11.4,--,1,1140,卖盘
898,13:43:12,11.4,--,3,3420,卖盘
899,13:43:09,11.4,--,20,22800,卖盘
900,13:43:06,11.4,--,20,22800,卖盘
901,13:43:03,11.4,--,20,22800,卖盘
902,13:43:00,11.4,--,35,39900,卖盘
903,13:42:57,11.4,--,13,14820,卖盘
904,13:42:51,11.4,--,34,38760,买盘
905,13:42:48,11.4,--,3,3420,卖盘
906,13:42:45,11.4,--,40,45600,卖盘
907,13:42:42,11.4,--,1,1140,卖盘
908,13:42:39,11.4,--,61,69540,买盘
909,13:42:30,11.4,0.01,2,2280,买盘
910,13:42:21,11.39,--,9,10251,卖盘
911,13:42:18,11.39,--,16,18224,卖盘
912,13:42:12,11.39,-0.01,3,3417,卖盘
913,13:42:03,11.4,--,54,61560,卖盘
914,13:42:00,11.4,--,40,45600,卖盘
915,13:41:57,11.4,--,4,4560,卖盘
916,13:41:48,11.4,--,8,9120,卖盘
917,13:41:42,11.4,--,4,4560,卖盘
918,13:41:39,11.4,-0.01,5,5700,卖盘
919,13:41:33,11.41,0.01,1,1141,买盘
920,13:41:30,11.4,-0.01,10,11400,卖盘
921,13:41:12,11.41,--,55,62755,买盘
922,13:41:09,11.41,0.01,20,22820,买盘
923,13:41:03,11.4,-0.01,90,102600,卖盘
924,13:40:42,11.41,--,1,1141,买盘
925,13:40:39,11.41,0.01,21,23961,买盘
926,13:40:36,11.4,--,5,5700,卖盘
927,13:40:30,11.4,--,10,11400,卖盘
928,13:40:27,11.4,--,100,114000,卖盘
929,13:40:24,11.4,-0.01,133,151620,卖盘
930,13:40:18,11.41,0.01,87,99267,买盘
931,13:40:15,11.4,--,5,5700,卖盘
932,13:40:09,11.4,--,11,13224,卖盘
933,13:40:06,11.4,--,305,347700,卖盘
934,13:40:03,11.4,--,2,2280,卖盘
935,13:39:54,11.4,--,26,29640,卖盘
936,13:39:51,11.4,-0.01,82,93480,卖盘
937,13:39:48,11.41,0.01,2,2282,买盘
938,13:39:39,11.4,--,100,114000,卖盘
939,13:39:36,11.4,--,72,82080,卖盘
940,13:39:33,11.4,-0.01,5,5700,卖盘
941,13:39:27,11.41,0.01,78,88998,买盘
942,13:39:15,11.4,-0.01,5,5700,卖盘
943,13:39:12,11.41,0.01,3,3423,买盘
944,13:39:09,11.4,--,20,22800,卖盘
945,13:39:06,11.4,-0.01,5,5700,卖盘
946,13:39:03,11.41,0.01,127,144907,买盘
947,13:38:57,11.4,-0.01,4,4560,卖盘
948,13:38:54,11.41,--,8,9128,买盘
949,13:38:45,11.41,0.01,10,11410,买盘
950,13:38:42,11.4,-0.01,5,5700,卖盘
951,13:38:39,11.41,0.01,77,87857,买盘
952,13:38:33,11.4,-0.01,35,39900,卖盘
953,13:38:30,11.41,--,11,12551,买盘
954,13:38:27,11.41,0.01,32,36512,买盘
955,13:38:15,11.4,--,234,266760,卖盘
956,13:38:09,11.4,--,3,3420,卖盘
957,13:38:03,11.4,--,2,2280,卖盘
958,13:37:54,11.4,--,100,114000,卖盘
959,13:37:51,11.4,--,79,90060,卖盘
960,13:37:48,11.4,-0.01,14,15960,卖盘
961,13:37:45,11.41,0.01,10,11410,买盘
962,13:37:27,11.4,-0.01,82,93480,卖盘
963,13:37:15,11.41,0.01,3,3423,买盘
964,13:37:12,11.4,-0.01,29,33060,卖盘
965,13:37:09,11.41,--,20,22820,买盘
966,13:37:03,11.41,--,78,88998,买盘
967,13:36:57,11.41,0.01,7,7987,买盘
968,13:36:54,11.4,--,2,2280,卖盘
969,13:36:51,11.4,-0.01,83,94620,卖盘
970,13:36:48,11.41,0.01,36,41076,买盘
971,13:36:42,11.4,-0.01,4,4560,卖盘
972,13:36:39,11.41,0.01,76,86716,买盘
973,13:36:18,11.4,--,6,6840,卖盘
974,13:36:15,11.4,-0.01,34,38760,卖盘
975,13:36:12,11.41,--,25,28525,买盘
976,13:36:06,11.41,0.02,77,87857,买盘
977,13:36:03,11.39,-0.02,17,19363,卖盘
978,13:35:57,11.41,0.01,30,34230,买盘
979,13:35:54,11.4,-0.01,18,20520,卖盘
980,13:35:48,11.41,--,1,1141,买盘
981,13:35:42,11.41,0.01,105,119805,买盘
982,13:35:36,11.4,--,5,5700,买盘
983,13:35:30,11.4,--,44,50160,卖盘
984,13:35:27,11.4,-0.01,4,4560,卖盘
985,13:35:24,11.41,0.02,2,2282,买盘
986,13:35:21,11.39,-0.02,43,48977,卖盘
987,13:35:18,11.41,0.02,84,95844,买盘
988,13:35:15,11.39,--,124,141236,卖盘
989,13:35:12,11.39,-0.01,14,15946,卖盘
990,13:35:09,11.4,--,3,3420,卖盘
991,13:35:06,11.4,-0.01,11,12540,卖盘
992,13:35:03,11.41,--,100,114100,买盘
993,13:34:54,11.41,--,68,77588,买盘
994,13:34:51,11.41,0.01,154,175942,买盘
995,13:34:45,11.4,--,20,22800,卖盘
996,13:34:42,11.4,--,10,11400,卖盘
997,13:34:39,11.4,--,75,86412,买盘
998,13:34:33,11.4,--,77,87780,买盘
999,13:34:27,11.4,--,77,87780,买盘
1000,13:34:24,11.4,--,125,142500,买盘
1001,13:34:21,11.4,0.01,164,186960,买盘
1002,13:34:18,11.39,-0.01,15,17085,卖盘
1003,13:34:15,11.4,--,5,5700,买盘
1004,13:34:12,11.4,--,30,34200,买盘
1005,13:34:09,11.4,0.01,118,134520,买盘
1006,13:34:06,11.39,--,50,56950,卖盘
1007,13:34:03,11.39,-0.01,4,4556,卖盘
1008,13:34:00,11.4,--,231,263340,买盘
1009,13:33:57,11.4,--,78,88920,买盘
1010,13:33:54,11.4,--,129,147060,买盘
1011,13:33:51,11.4,--,54,61560,买盘
1012,13:33:48,11.4,--,81,92340,买盘
1013,13:33:45,11.4,--,44,50160,买盘
1014,13:33:42,11.4,--,2,2280,买盘
1015,13:33:39,11.4,--,127,144780,买盘
1016,13:33:33,11.4,--,158,180120,买盘
1017,13:33:30,11.4,--,78,88920,买盘
1018,13:33:27,11.4,--,76,86640,买盘
1019,13:33:24,11.4,0.01,15,17100,买盘
1020,13:33:21,11.39,-0.01,100,113900,卖盘
1021,13:33:18,11.4,--,13,14820,买盘
1022,13:33:12,11.4,0.01,49,55860,买盘
1023,13:33:06,11.39,-0.01,4,4556,卖盘
1024,13:33:03,11.4,0.01,97,110580,买盘
1025,13:33:00,11.39,--,10,11390,卖盘
1026,13:32:57,11.39,--,5,5695,卖盘
1027,13:32:54,11.39,--,16,18224,卖盘
1028,13:32:48,11.39,--,14,15946,卖盘
1029,13:32:42,11.39,-0.01,10,11390,卖盘
1030,13:32:39,11.4,0.01,256,291840,买盘
1031,13:32:36,11.39,-0.01,100,113900,卖盘
1032,13:32:33,11.4,0.01,1,1140,买盘
1033,13:32:27,11.39,--,13,14807,卖盘
1034,13:32:24,11.39,--,186,211854,买盘
1035,13:32:15,11.39,--,77,87703,买盘
1036,13:32:12,11.39,--,1,1139,买盘
1037,13:32:09,11.39,--,90,102510,买盘
1038,13:32:03,11.39,0.01,4,4556,买盘
1039,13:31:57,11.38,-0.01,4,4552,卖盘
1040,13:31:54,11.39,0.01,2,2278,买盘
1041,13:31:51,11.38,--,98,111524,卖盘
1042,13:31:48,11.38,--,25,28450,卖盘
1043,13:31:42,11.38,--,5,5690,卖盘
1044,13:31:39,11.38,--,3,3414,卖盘
1045,13:31:27,11.38,--,180,204840,卖盘
1046,13:31:21,11.38,--,1,1138,卖盘
1047,13:31:18,11.38,--,7,7966,卖盘
1048,13:31:09,11.38,--,19,21622,卖盘
1049,13:31:06,11.38,--,1,1138,卖盘
1050,13:31:03,11.38,--,20,22760,卖盘
1051,13:31:00,11.38,--,4,4552,卖盘
1052,13:30:57,11.38,--,84,95592,卖盘
1053,13:30:30,11.38,-0.01,3,3414,卖盘
1054,13:30:24,11.39,0.01,77,87703,买盘
1055,13:30:06,11.38,-0.01,1,1138,卖盘
1056,13:30:03,11.39,--,13,14807,买盘
1057,13:30:00,11.39,0.01,1,1139,买盘
1058,13:29:57,11.38,-0.01,67,76246,卖盘
1059,13:29:54,11.39,--,76,86564,买盘
1060,13:29:51,11.39,0.02,358,407762,买盘
1061,13:29:48,11.37,--,18,20466,卖盘
1062,13:29:42,11.37,-0.01,4,4548,卖盘
1063,13:29:39,11.38,0.01,15,17070,买盘
1064,13:29:30,11.37,-0.01,43,48891,卖盘
1065,13:29:24,11.38,0.01,79,89902,买盘
1066,13:29:21,11.37,--,3,3410,卖盘
1067,13:29:18,11.37,-0.01,2,2274,卖盘
1068,13:29:09,11.38,--,1,1138,买盘
1069,13:29:06,11.38,--,1,1138,买盘
1070,13:29:00,11.38,--,21,23898,买盘
1071,13:28:57,11.38,--,80,91040,买盘
1072,13:28:54,11.38,--,40,45520,买盘
1073,13:28:48,11.38,0.01,3,3414,买盘
1074,13:28:33,11.37,-0.01,23,26151,卖盘
1075,13:28:30,11.38,--,77,87626,买盘
1076,13:28:15,11.38,0.01,1,1138,买盘
1077,13:28:12,11.37,--,3,3410,卖盘
1078,13:27:57,11.37,--,8,9096,卖盘
1079,13:27:48,11.37,--,9,10233,卖盘
1080,13:27:42,11.37,--,10,11370,卖盘
1081,13:27:36,11.37,--,5,5685,卖盘
1082,13:27:30,11.37,--,10,11370,卖盘
1083,13:27:21,11.37,-0.01,4,4548,卖盘
1084,13:27:18,11.38,--,13,14794,买盘
1085,13:27:06,11.38,--,3,3414,买盘
1086,13:27:00,11.38,--,7,7966,买盘
1087,13:26:51,11.38,--,79,89902,买盘
1088,13:26:21,11.38,--,78,88764,买盘
1089,13:26:15,11.38,0.01,5,5690,买盘
1090,13:26:12,11.37,--,20,22740,卖盘
1091,13:26:09,11.37,--,1,1137,卖盘
1092,13:26:06,11.37,--,16,18192,卖盘
1093,13:25:57,11.37,--,3,3410,卖盘
1094,13:25:54,11.37,--,40,45480,卖盘
1095,13:25:48,11.37,-0.01,1,1137,卖盘
1096,13:25:39,11.38,--,6,6828,买盘
1097,13:25:27,11.38,0.01,79,89902,买盘
1098,13:25:15,11.37,-0.01,5,5685,卖盘
1099,13:25:12,11.38,--,28,31864,买盘
1100,13:25:09,11.38,0.01,43,48934,买盘
1101,13:25:06,11.37,--,10,11370,卖盘
1102,13:25:03,11.37,-0.01,14,15917,卖盘
1103,13:25:00,11.38,0.01,80,91040,买盘
1104,13:24:45,11.37,-0.01,3,3410,卖盘
1105,13:24:33,11.38,--,13,14794,中性盘
1106,13:24:18,11.38,--,65,73970,买盘
1107,13:24:15,11.38,--,11,12518,买盘
1108,13:24:00,11.38,--,120,136560,卖盘
1109,13:23:57,11.38,-0.01,10,11380,卖盘
1110,13:23:54,11.39,0.01,13,14807,买盘
1111,13:23:51,11.38,--,10,11380,卖盘
1112,13:23:33,11.38,0.01,93,105834,买盘
1113,13:23:30,11.37,--,3,3410,卖盘
1114,13:23:21,11.37,--,30,34110,卖盘
1115,13:23:06,11.37,-0.01,20,22740,卖盘
1116,13:23:03,11.38,0.01,43,48934,买盘
1117,13:22:57,11.37,-0.01,56,63671,卖盘
1118,13:22:51,11.38,0.01,7,7966,买盘
1119,13:22:48,11.37,--,14,15917,卖盘
1120,13:22:45,11.37,--,4,4548,卖盘
1121,13:22:42,11.37,--,1,1137,卖盘
1122,13:22:39,11.37,--,4,4548,卖盘
1123,13:22:36,11.37,-0.01,5,5685,卖盘
1124,13:22:30,11.38,0.01,14,15932,买盘
1125,13:22:27,11.37,-0.01,6,6821,卖盘
1126,13:22:24,11.38,0.01,1,1138,买盘
1127,13:22:21,11.37,-0.01,4,4548,卖盘
1128,13:22:03,11.38,--,282,320916,卖盘
1129,13:21:48,11.38,--,10,11380,卖盘
1130,13:21:45,11.38,-0.01,1,1138,卖盘
1131,13:21:30,11.39,0.01,212,241468,买盘
1132,13:21:27,11.38,--,4,4552,卖盘
1133,13:21:24,11.38,-0.01,1,1138,卖盘
1134,13:21:21,11.39,--,1,1139,买盘
1135,13:21:18,11.39,--,14,15946,买盘
1136,13:21:15,11.39,0.01,31,35309,买盘
1137,13:21:09,11.38,-0.01,3,3414,卖盘
1138,13:21:06,11.39,0.01,3,3417,买盘
1139,13:20:51,11.38,--,38,43244,卖盘
1140,13:20:48,11.38,--,3,3414,卖盘
1141,13:20:45,11.38,--,5,5690,卖盘
1142,13:20:36,11.38,--,4,4552,卖盘
1143,13:20:33,11.38,--,4,4552,卖盘
1144,13:20:21,11.38,--,17,19346,卖盘
1145,13:20:18,11.38,-0.01,17,19346,卖盘
1146,13:20:15,11.39,0.01,100,113900,买盘
1147,13:20:09,11.38,--,100,113800,卖盘
1148,13:20:06,11.38,--,4,4552,卖盘
1149,13:19:57,11.38,--,1,1138,卖盘
1150,13:19:54,11.38,--,100,113800,卖盘
1151,13:19:51,11.38,--,2,2276,卖盘
1152,13:19:33,11.38,-0.01,4,4552,卖盘
1153,13:19:27,11.39,0.01,3,3417,买盘
1154,13:19:24,11.38,-0.01,1,1138,卖盘
1155,13:19:18,11.39,--,40,45560,卖盘
1156,13:19:15,11.39,0.01,68,77452,买盘
1157,13:19:09,11.38,--,100,113800,卖盘
1158,13:18:54,11.38,--,3,3414,卖盘
1159,13:18:51,11.38,-0.01,1,1138,卖盘
1160,13:18:27,11.39,--,2,2278,买盘
1161,13:18:24,11.39,0.01,1,1139,买盘
1162,13:18:18,11.38,-0.01,1,1138,卖盘
1163,13:18:15,11.39,0.01,100,113900,买盘
1164,13:18:09,11.38,--,4,4552,卖盘
1165,13:18:06,11.38,--,20,22760,卖盘
1166,13:17:57,11.38,--,1,1138,卖盘
1167,13:17:42,11.38,--,3,3414,卖盘
1168,13:17:39,11.38,-0.01,10,11380,卖盘
1169,13:17:30,11.39,--,57,64923,卖盘
1170,13:17:24,11.39,--,5,5695,卖盘
1171,13:17:15,11.39,--,43,48977,买盘
1172,13:17:12,11.39,--,10,11390,买盘
1173,13:17:09,11.39,--,67,76313,卖盘
1174,13:17:06,11.39,--,200,227800,卖盘
1175,13:17:00,11.39,-0.01,7,7973,卖盘
1176,13:16:57,11.4,0.01,24,27360,买盘
1177,13:16:48,11.39,--,10,11390,卖盘
1178,13:16:36,11.39,--,3,3417,卖盘
1179,13:16:30,11.39,--,25,28475,卖盘
1180,13:16:27,11.39,--,1,1139,卖盘
1181,13:16:24,11.39,--,10,11390,卖盘
1182,13:16:21,11.39,--,50,56950,卖盘
1183,13:16:15,11.39,--,11,12529,买盘
1184,13:16:03,11.39,--,17,19363,卖盘
1185,13:15:54,11.39,--,1,1139,卖盘
1186,13:15:51,11.39,--,12,13668,卖盘
1187,13:15:48,11.39,--,6,6834,卖盘
1188,13:15:45,11.39,--,10,11390,卖盘
1189,13:15:36,11.39,--,29,33031,卖盘
1190,13:15:33,11.39,--,1,1139,卖盘
1191,13:15:21,11.39,--,1,1139,卖盘
1192,13:15:18,11.39,--,48,54672,卖盘
1193,13:15:15,11.39,--,32,36448,买盘
1194,13:15:03,11.39,0.01,12,13668,买盘
1195,13:15:00,11.38,--,1,1138,卖盘
1196,13:14:57,11.38,-0.01,4,4552,卖盘
1197,13:14:54,11.39,0.01,1,1139,买盘
1198,13:14:27,11.38,-0.01,1,1138,卖盘
1199,13:14:15,11.39,--,100,113900,买盘
1200,13:14:12,11.39,0.01,21,23919,买盘
1201,13:14:03,11.38,--,1,1138,卖盘
1202,13:13:42,11.38,-0.01,10,11380,卖盘
1203,13:13:33,11.39,0.01,6,6834,买盘
1204,13:13:30,11.38,-0.01,1,1138,卖盘
1205,13:13:15,11.39,0.01,103,117317,买盘
1206,13:13:09,11.38,--,11,12518,卖盘
1207,13:13:06,11.38,--,23,26174,卖盘
1208,13:13:03,11.38,--,3,3414,卖盘
1209,13:12:45,11.38,--,44,50072,卖盘
1210,13:12:42,11.38,--,31,35278,卖盘
1211,13:12:36,11.38,--,1,1138,卖盘
1212,13:12:24,11.38,-0.01,4,4552,卖盘
1213,13:12:21,11.39,--,9,10251,买盘
1214,13:12:18,11.39,-0.01,71,80869,卖盘
1215,13:12:15,11.4,0.01,100,114000,买盘
1216,13:12:12,11.39,--,2,2278,卖盘
1217,13:12:06,11.39,--,10,11390,卖盘
1218,13:12:03,11.39,--,1,1139,卖盘
1219,13:11:54,11.39,--,48,54672,卖盘
1220,13:11:42,11.39,-0.01,50,56950,卖盘
1221,13:11:33,11.4,0.01,63,71820,买盘
1222,13:11:30,11.39,-0.01,21,23919,卖盘
1223,13:11:24,11.4,--,6,6840,买盘
1224,13:11:15,11.4,0.01,124,141360,买盘
1225,13:11:12,11.39,-0.01,18,20502,卖盘
1226,13:11:09,11.4,--,2,2280,买盘
1227,13:11:00,11.4,0.01,17,19380,买盘
1228,13:10:48,11.39,--,8,9112,卖盘
1229,13:10:39,11.39,--,86,97954,卖盘
1230,13:10:36,11.39,--,4,4556,卖盘
1231,13:10:33,11.39,--,200,227800,卖盘
1232,13:10:18,11.39,--,19,21641,卖盘
1233,13:10:15,11.39,--,121,137819,卖盘
1234,13:10:06,11.39,--,15,17085,卖盘
1235,13:10:03,11.39,--,1,1139,卖盘
1236,13:10:00,11.39,-0.01,5,5695,卖盘
1237,13:09:54,11.4,--,6,6840,买盘
1238,13:09:51,11.4,--,30,34200,买盘
1239,13:09:48,11.4,--,40,45600,买盘
1240,13:09:42,11.4,0.01,5,5700,买盘
1241,13:09:39,11.39,--,1,1139,卖盘
1242,13:09:33,11.39,--,20,22780,卖盘
1243,13:09:27,11.39,--,3,3417,卖盘
1244,13:09:18,11.39,--,3,3417,卖盘
1245,13:09:15,11.39,--,58,66062,买盘
1246,13:09:12,11.39,0.01,1,1139,买盘
1247,13:09:06,11.38,--,2,2276,卖盘
1248,13:09:03,11.38,-0.01,4,4552,卖盘
1249,13:09:00,11.39,0.01,24,27336,买盘
1250,13:08:57,11.38,--,10,11380,卖盘
1251,13:08:48,11.38,--,8,9104,卖盘
1252,13:08:33,11.38,--,1,1138,卖盘
1253,13:08:21,11.38,-0.01,3,3414,卖盘
1254,13:08:18,11.39,--,11,12529,买盘
1255,13:08:15,11.39,--,100,113900,买盘
1256,13:08:06,11.39,0.01,1,1139,买盘
1257,13:08:00,11.38,-0.01,1,1138,卖盘
1258,13:07:51,11.39,0.01,1,1139,买盘
1259,13:07:48,11.38,-0.01,4,4552,卖盘
1260,13:07:45,11.39,--,55,62645,买盘
1261,13:07:42,11.39,0.01,500,569500,买盘
1262,13:07:39,11.38,-0.01,1,1138,卖盘
1263,13:07:27,11.39,--,31,35309,买盘
1264,13:07:24,11.39,0.01,279,317781,买盘
1265,13:07:15,11.38,0.01,1,1138,买盘
1266,13:07:09,11.37,--,28,31835,卖盘
1267,13:07:06,11.37,-0.01,4,4548,卖盘
1268,13:07:00,11.38,-0.01,1,1138,买盘
1269,13:06:57,11.39,--,1,1139,买盘
1270,13:06:54,11.39,--,16,18224,买盘
1271,13:06:51,11.39,0.01,148,168572,买盘
1272,13:06:48,11.38,0.01,13,14794,买盘
1273,13:06:45,11.37,--,1,1137,卖盘
1274,13:06:42,11.37,-0.01,4,4548,卖盘
1275,13:06:39,11.38,--,16,18208,卖盘
1276,13:06:27,11.38,--,21,23898,卖盘
1277,13:06:15,11.38,0.01,96,109248,买盘
1278,13:06:12,11.37,--,1,1137,卖盘
1279,13:06:09,11.37,--,2,2274,卖盘
1280,13:06:00,11.37,--,3,3410,卖盘
1281,13:05:51,11.37,--,32,36384,卖盘
1282,13:05:48,11.37,--,3,3410,卖盘
1283,13:05:45,11.37,--,5,5685,卖盘
1284,13:05:42,11.37,--,4,4548,卖盘
1285,13:05:39,11.37,--,1,1137,卖盘
1286,13:05:15,11.37,--,5,5685,卖盘
1287,13:04:51,11.37,--,3,3410,卖盘
1288,13:04:42,11.37,--,1,1137,卖盘
1289,13:04:27,11.37,--,119,135303,卖盘
1290,13:04:21,11.37,-0.01,25,28424,卖盘
1291,13:04:18,11.38,--,13,14794,买盘
1292,13:04:09,11.38,--,7,7966,买盘
1293,13:04:06,11.38,--,21,23898,卖盘
1294,13:04:03,11.38,-0.01,2,2276,卖盘
1295,13:04:00,11.39,0.01,4,4556,买盘
1296,13:03:42,11.38,--,331,376678,卖盘
1297,13:03:39,11.38,--,3,3414,卖盘
1298,13:03:33,11.38,-0.01,4,4552,卖盘
1299,13:03:30,11.39,0.01,4,4556,买盘
1300,13:03:06,11.38,--,31,35278,卖盘
1301,13:03:00,11.38,-0.01,180,204840,卖盘
1302,13:02:57,11.39,0.01,1,1139,买盘
1303,13:02:54,11.38,--,60,68280,卖盘
1304,13:02:30,11.38,--,1,1138,卖盘
1305,13:02:24,11.38,--,3,3414,卖盘
1306,13:02:12,11.38,--,20,22760,卖盘
1307,13:02:03,11.38,--,4,4552,卖盘
1308,13:02:00,11.38,--,4,4552,卖盘
1309,13:01:42,11.38,-0.01,1,1138,卖盘
1310,13:01:27,11.39,--,7,7973,买盘
1311,13:01:24,11.39,0.01,63,71757,买盘
1312,13:01:15,11.38,--,4,4552,卖盘
1313,13:01:12,11.38,-0.01,5,5690,卖盘
1314,13:01:09,11.39,0.01,1,1139,买盘
1315,13:00:48,11.38,--,3,3414,卖盘
1316,13:00:45,11.38,--,40,45520,卖盘
1317,13:00:36,11.38,--,5,5690,卖盘
1318,13:00:33,11.38,--,294,334572,买盘
1319,13:00:27,11.38,0.02,32,36416,买盘
1320,13:00:12,11.36,-0.01,108,122688,卖盘
1321,13:00:09,11.37,--,28,31835,卖盘
1322,13:00:06,11.37,--,10,12279,卖盘
1323,13:00:03,11.37,--,242,275154,买盘
1324,13:00:00,11.37,--,0,0,买盘
1325,11:30:00,11.37,--,2,2274,卖盘
1326,11:29:27,11.37,0.01,3,3410,中性盘
1327,11:29:18,11.36,-0.02,6,6816,卖盘
1328,11:29:00,11.38,0.02,66,75108,买盘
1329,11:28:54,11.36,-0.02,130,147680,卖盘
1330,11:28:51,11.38,0.02,6,6828,买盘
1331,11:28:48,11.36,--,1,1136,卖盘
1332,11:28:39,11.36,--,100,113600,卖盘
1333,11:28:15,11.36,--,3,3408,卖盘
1334,11:28:12,11.36,--,7,7952,卖盘
1335,11:28:09,11.36,-0.02,30,34080,卖盘
1336,11:27:54,11.38,--,18,20484,买盘
1337,11:27:48,11.38,--,1,1138,卖盘
1338,11:27:45,11.38,--,12,13656,卖盘
1339,11:27:33,11.38,-0.01,5,5690,卖盘
1340,11:27:24,11.39,--,1,1139,买盘
1341,11:27:12,11.39,0.03,9,10251,买盘
1342,11:27:09,11.36,-0.02,40,45440,卖盘
1343,11:26:45,11.38,--,3,3414,买盘
1344,11:26:33,11.38,0.01,13,14794,买盘
1345,11:26:24,11.37,--,19,21603,卖盘
1346,11:26:15,11.37,--,12,13643,卖盘
1347,11:26:12,11.37,-0.02,41,46617,卖盘
1348,11:25:57,11.39,0.02,1,1139,买盘
1349,11:25:54,11.37,-0.02,3,3410,卖盘
1350,11:25:27,11.39,--,8,9112,买盘
1351,11:25:24,11.39,--,1,1139,买盘
1352,11:25:12,11.39,0.02,50,56950,买盘
1353,11:25:00,11.37,-0.02,1,1137,卖盘
1354,11:24:51,11.39,--,4,4556,买盘
1355,11:24:48,11.39,--,18,20502,买盘
1356,11:24:45,11.39,--,43,48977,买盘
1357,11:24:21,11.39,0.03,2,2278,买盘
1358,11:24:18,11.36,-0.03,20,22720,卖盘
1359,11:23:45,11.39,0.03,2,2278,买盘
1360,11:23:42,11.36,-0.03,3,3408,卖盘
1361,11:23:33,11.39,--,73,83147,买盘
1362,11:23:21,11.39,0.01,73,83147,买盘
1363,11:23:18,11.38,0.01,5,5690,买盘
1364,11:23:15,11.37,0.01,38,43206,买盘
1365,11:22:57,11.36,--,5,5680,卖盘
1366,11:22:33,11.36,-0.01,17,19312,卖盘
1367,11:22:30,11.37,--,8,9096,买盘
1368,11:22:18,11.37,--,10,11370,买盘
1369,11:22:06,11.37,--,6,6821,买盘
1370,11:22:03,11.37,--,28,31835,买盘
1371,11:22:00,11.37,0.01,103,117110,买盘
1372,11:21:48,11.36,-0.01,10,11360,卖盘
1373,11:21:27,11.37,--,47,53438,卖盘
1374,11:21:18,11.37,--,3,3410,卖盘
1375,11:21:15,11.37,--,47,53438,卖盘
1376,11:21:03,11.37,--,31,35247,卖盘
1377,11:21:00,11.37,-0.01,8,9096,卖盘
1378,11:20:57,11.38,0.01,5,5690,中性盘
1379,11:20:39,11.37,-0.02,48,54575,卖盘
1380,11:20:33,11.39,--,5,5695,买盘
1381,11:20:24,11.39,0.02,1,1139,买盘
1382,11:20:15,11.37,--,1,1137,卖盘
1383,11:20:09,11.37,--,8,9096,卖盘
1384,11:20:06,11.37,-0.02,1,1137,卖盘
1385,11:20:03,11.39,0.01,18,20502,买盘
1386,11:20:00,11.38,0.01,85,96730,买盘
1387,11:19:48,11.37,--,24,27287,卖盘
1388,11:19:39,11.37,-0.01,6,6821,卖盘
1389,11:19:36,11.38,-0.01,22,25036,中性盘
1390,11:19:21,11.39,--,4,4556,买盘
1391,11:19:12,11.39,--,17,19363,买盘
1392,11:19:09,11.39,0.01,94,107066,买盘
1393,11:19:06,11.38,0.01,9,10242,买盘
1394,11:19:00,11.37,--,3,3410,卖盘
1395,11:18:54,11.37,--,219,249002,买盘
1396,11:18:51,11.37,--,20,22740,买盘
1397,11:18:45,11.37,--,18,20466,买盘
1398,11:18:42,11.37,--,216,245591,卖盘
1399,11:18:27,11.37,-0.02,5,5685,卖盘
1400,11:18:03,11.39,--,13,14807,买盘
1401,11:17:54,11.39,--,11,12529,买盘
1402,11:17:51,11.39,0.02,103,117317,买盘
1403,11:17:48,11.37,-0.02,48,54575,卖盘
1404,11:17:39,11.39,--,4,4556,买盘
1405,11:17:36,11.39,--,10,11390,买盘
1406,11:17:27,11.39,--,25,28475,买盘
1407,11:17:06,11.39,--,3,3417,买盘
1408,11:17:03,11.39,--,18,20502,买盘
1409,11:17:00,11.39,0.02,10,11390,买盘
1410,11:16:51,11.37,-0.02,20,22740,卖盘
1411,11:16:45,11.39,--,1,1139,买盘
1412,11:16:42,11.39,0.02,1,1139,买盘
1413,11:16:39,11.37,-0.02,3,3410,卖盘
1414,11:16:36,11.39,--,4,4556,买盘
1415,11:16:33,11.39,--,12,13668,买盘
1416,11:16:30,11.39,0.01,35,39865,买盘
1417,11:16:24,11.38,-0.01,1,1138,卖盘
1418,11:16:15,11.39,0.01,5,5695,买盘
1419,11:16:06,11.38,-0.01,5,5690,卖盘
1420,11:16:00,11.39,--,11,12529,买盘
1421,11:15:54,11.39,--,91,103649,买盘
1422,11:15:45,11.39,0.01,13,14807,买盘
1423,11:15:42,11.38,0.01,19,21622,中性盘
1424,11:15:36,11.37,--,17,19329,卖盘
1425,11:15:24,11.37,-0.02,3,3410,卖盘
1426,11:15:18,11.39,-0.01,2,2278,卖盘
1427,11:15:15,11.4,--,26,29640,买盘
1428,11:15:12,11.4,0.01,68,77520,买盘
1429,11:15:06,11.39,--,27,30753,卖盘
1430,11:15:03,11.39,--,7,7973,卖盘
1431,11:15:00,11.39,-0.01,108,123012,卖盘
1432,11:14:57,11.4,--,73,83220,买盘
1433,11:14:51,11.4,0.01,25,28500,买盘
1434,11:14:48,11.39,-0.01,10,11390,中性盘
1435,11:14:33,11.4,0.01,94,107160,买盘
1436,11:14:27,11.39,--,31,35309,买盘
1437,11:14:24,11.39,--,4,4556,买盘
1438,11:14:21,11.39,0.03,3,3417,买盘
1439,11:14:18,11.36,-0.03,3,3408,卖盘
1440,11:14:15,11.39,--,7,7973,买盘
1441,11:14:09,11.39,0.01,79,89981,买盘
1442,11:13:54,11.38,-0.01,2,2276,卖盘
1443,11:13:51,11.39,0.01,15,17085,买盘
1444,11:13:48,11.38,0.02,13,14794,买盘
1445,11:13:45,11.36,-0.01,10,11360,卖盘
1446,11:13:42,11.37,--,79,89823,买盘
1447,11:13:30,11.37,--,17,19329,买盘
1448,11:13:27,11.37,--,1,1137,买盘
1449,11:13:12,11.37,--,14,15917,买盘
1450,11:13:03,11.37,0.01,4,4548,买盘
1451,11:12:57,11.36,-0.01,4,4544,卖盘
1452,11:12:54,11.37,-0.02,67,76179,卖盘
1453,11:12:48,11.39,0.02,87,99093,买盘
1454,11:12:39,11.37,-0.01,67,76179,卖盘
1455,11:12:36,11.38,0.01,2,2276,买盘
1456,11:12:18,11.37,-0.01,3,3410,中性盘
1457,11:12:12,11.38,--,10,11380,买盘
1458,11:12:09,11.38,-0.01,23,26174,卖盘
1459,11:12:06,11.39,0.01,21,23919,买盘
1460,11:12:03,11.38,--,36,40968,卖盘
1461,11:11:57,11.38,0.01,3,3414,卖盘
1462,11:11:54,11.37,-0.01,17,19329,中性盘
1463,11:11:51,11.38,--,10,11380,买盘
1464,11:11:48,11.38,0.01,98,111524,买盘
1465,11:11:45,11.37,--,2,2274,买盘
1466,11:11:42,11.37,0.01,7,7958,买盘
1467,11:11:39,11.36,-0.01,58,65888,卖盘
1468,11:11:36,11.37,--,28,31835,买盘
1469,11:11:33,11.37,--,8,9096,卖盘
1470,11:11:27,11.37,-0.01,22,25014,卖盘
1471,11:11:18,11.38,--,3,3414,买盘
1472,11:11:15,11.38,0.01,106,120628,买盘
1473,11:11:06,11.37,-0.01,4,4548,卖盘
1474,11:10:57,11.38,--,1,1138,买盘
1475,11:10:54,11.38,--,33,37554,买盘
1476,11:10:48,11.38,--,101,114938,买盘
1477,11:10:45,11.38,0.02,18,20484,买盘
1478,11:10:39,11.36,-0.01,30,34080,卖盘
1479,11:10:33,11.37,-0.01,41,46617,卖盘
1480,11:10:30,11.38,--,26,29588,买盘
1481,11:10:18,11.38,--,26,29588,买盘
1482,11:10:12,11.38,0.01,11,12518,买盘
1483,11:10:09,11.37,-0.01,32,36384,卖盘
1484,11:10:06,11.38,0.01,34,38692,买盘
1485,11:10:03,11.37,-0.01,10,11370,卖盘
1486,11:10:00,11.38,--,39,44382,买盘
1487,11:09:57,11.38,--,26,29588,买盘
1488,11:09:54,11.38,0.01,98,111524,买盘
1489,11:09:51,11.37,--,25,28424,卖盘
1490,11:09:48,11.37,0.02,118,134166,买盘
1491,11:09:45,11.35,-0.01,50,56750,卖盘
1492,11:09:42,11.36,--,33,37488,买盘
1493,11:09:39,11.36,0.01,61,69296,买盘
1494,11:09:36,11.35,-0.01,20,22700,卖盘
1495,11:09:30,11.36,--,14,15904,买盘
1496,11:09:27,11.36,--,6,6816,买盘
1497,11:09:24,11.36,--,27,30672,买盘
1498,11:09:18,11.36,--,63,71568,买盘
1499,11:09:15,11.36,--,26,29536,买盘
1500,11:09:12,11.36,-0.02,268,304448,卖盘
1501,11:09:09,11.38,--,110,125180,买盘
1502,11:09:03,11.38,0.02,4,4552,买盘
1503,11:09:00,11.36,-0.01,23,26128,卖盘
1504,11:08:57,11.37,--,32,36384,买盘
1505,11:08:54,11.37,--,26,29561,买盘
1506,11:08:51,11.37,--,26,29561,买盘
1507,11:08:48,11.37,0.01,96,109151,买盘
1508,11:08:45,11.36,--,4,4544,买盘
1509,11:08:42,11.36,--,4,4544,卖盘
1510,11:08:36,11.36,-0.02,20,22720,卖盘
1511,11:08:27,11.38,0.01,30,34140,买盘
1512,11:08:24,11.37,-0.01,19,21603,卖盘
1513,11:08:18,11.38,0.01,13,14794,买盘
1514,11:08:15,11.37,0.02,81,92779,买盘
1515,11:08:09,11.35,-0.01,70,79450,卖盘
1516,11:08:06,11.36,--,1,1136,买盘
1517,11:08:03,11.36,--,36,40896,买盘
1518,11:07:57,11.36,--,83,94288,买盘
1519,11:07:54,11.36,-0.01,78,89062,卖盘
1520,11:07:51,11.37,--,5,6367,买盘
1521,11:07:48,11.37,0.01,84,95508,买盘
1522,11:07:42,11.36,-0.01,10,11360,卖盘
1523,11:07:39,11.37,0.02,27,30698,买盘
1524,11:07:33,11.35,-0.02,41,46535,卖盘
1525,11:07:30,11.37,0.01,103,117110,买盘
1526,11:07:27,11.36,0.01,61,69296,买盘
1527,11:07:21,11.35,--,5,5675,卖盘
1528,11:07:18,11.35,-0.01,3,3405,卖盘
1529,11:07:15,11.36,-0.01,26,29536,中性盘
1530,11:07:03,11.37,0.02,23,26151,买盘
1531,11:06:57,11.35,-0.02,8,9080,卖盘
1532,11:06:51,11.37,--,27,30698,买盘
1533,11:06:48,11.37,0.01,84,95508,买盘
1534,11:06:42,11.36,0.01,37,42032,买盘
1535,11:06:36,11.35,--,20,22700,卖盘
1536,11:06:33,11.35,-0.01,40,45400,卖盘
1537,11:06:27,11.36,--,100,113600,买盘
1538,11:06:24,11.36,--,3,3408,买盘
1539,11:06:15,11.36,0.01,10,11360,买盘
1540,11:06:12,11.35,--,7,7945,卖盘
1541,11:06:09,11.35,--,31,35185,卖盘
1542,11:06:06,11.35,-0.01,15,17025,卖盘
1543,11:06:03,11.36,0.01,30,34080,买盘
1544,11:05:57,11.35,-0.01,3,3405,卖盘
1545,11:05:54,11.36,--,28,31808,买盘
1546,11:05:51,11.36,-0.01,83,95196,卖盘
1547,11:05:48,11.37,0.01,86,97782,买盘
1548,11:05:45,11.36,--,100,113600,卖盘
1549,11:05:42,11.36,-0.01,100,113600,卖盘
1550,11:05:39,11.37,--,50,56849,买盘
1551,11:05:30,11.37,0.01,50,56849,买盘
1552,11:05:27,11.36,--,20,22720,卖盘
1553,11:05:18,11.36,--,20,22720,卖盘
1554,11:05:15,11.36,-0.02,1,1136,卖盘
1555,11:05:12,11.38,--,1,1138,买盘
1556,11:05:09,11.38,0.01,162,184356,买盘
1557,11:05:06,11.37,--,68,77316,买盘
1558,11:05:00,11.37,0.01,5,5685,买盘
1559,11:04:57,11.36,-0.01,10,11360,卖盘
1560,11:04:54,11.37,--,12,13643,买盘
1561,11:04:48,11.37,--,90,102330,买盘
1562,11:04:45,11.37,0.01,52,59123,买盘
1563,11:04:42,11.36,--,535,607760,卖盘
1564,11:04:39,11.36,--,115,130640,卖盘
1565,11:04:36,11.36,-0.01,500,568000,卖盘
1566,11:04:18,11.37,-0.01,44,50028,卖盘
1567,11:04:09,11.38,0.01,66,75108,买盘
1568,11:04:06,11.37,-0.01,63,71631,卖盘
1569,11:03:57,11.38,--,23,26174,买盘
1570,11:03:54,11.38,0.02,26,29588,买盘
1571,11:03:51,11.36,--,3,3408,卖盘
1572,11:03:48,11.36,-0.02,85,96560,卖盘
1573,11:03:42,11.38,--,11,12518,买盘
1574,11:03:39,11.38,0.01,136,154768,买盘
1575,11:03:36,11.37,--,58,65946,买盘
1576,11:03:33,11.37,0.01,5,5685,买盘
1577,11:03:30,11.36,-0.01,10,11360,卖盘
1578,11:03:27,11.37,0.01,1,1137,买盘
1579,11:03:24,11.36,--,14,15904,卖盘
1580,11:03:18,11.36,--,21,23856,卖盘
1581,11:03:03,11.36,-0.01,306,347843,卖盘
1582,11:02:57,11.37,--,10,11370,买盘
1583,11:02:54,11.37,--,27,31608,卖盘
1584,11:02:51,11.37,-0.01,6,6821,卖盘
1585,11:02:48,11.38,0.01,95,108110,买盘
1586,11:02:42,11.37,-0.01,3,3410,卖盘
1587,11:02:39,11.38,--,12,13656,买盘
1588,11:02:33,11.38,--,45,51210,买盘
1589,11:02:30,11.38,0.01,17,19573,买盘
1590,11:02:27,11.37,--,1,1137,买盘
1591,11:02:21,11.37,-0.01,495,563724,卖盘
1592,11:02:18,11.38,--,1,1138,买盘
1593,11:02:15,11.38,--,12,13656,买盘
1594,11:01:54,11.38,--,92,104696,买盘
1595,11:01:51,11.38,--,78,88764,买盘
1596,11:01:48,11.38,0.01,582,662316,买盘
1597,11:01:42,11.37,--,25,28424,卖盘
1598,11:01:39,11.37,-0.01,2,2274,卖盘
1599,11:01:33,11.38,0.01,2,2276,买盘
1600,11:01:27,11.37,--,14,15917,卖盘
1601,11:01:18,11.37,--,92,104604,卖盘
1602,11:01:03,11.37,-0.01,3,3410,卖盘
1603,11:00:57,11.38,--,25,28450,买盘
1604,11:00:54,11.38,--,33,37554,买盘
1605,11:00:51,11.38,--,23,26174,买盘
1606,11:00:48,11.38,-0.01,83,94454,买盘
1607,11:00:33,11.39,0.01,113,128707,买盘
1608,11:00:30,11.38,0.01,21,23898,买盘
1609,11:00:27,11.37,--,100,113699,卖盘
1610,11:00:24,11.37,-0.01,3,3410,卖盘
1611,11:00:21,11.38,0.01,6,6828,中性盘
1612,11:00:06,11.37,-0.02,49,55712,卖盘
1613,11:00:03,11.39,--,44,50116,买盘
1614,11:00:00,11.39,--,39,44421,买盘
1615,10:59:57,11.39,--,212,241468,卖盘
1616,10:59:54,11.39,--,37,42143,买盘
1617,10:59:51,11.39,--,48,54672,买盘
1618,10:59:48,11.39,--,83,94537,买盘
1619,10:59:45,11.39,0.01,4,4556,买盘
1620,10:59:39,11.38,--,14,15932,卖盘
1621,10:59:27,11.38,--,11,12518,卖盘
1622,10:59:15,11.38,--,100,113800,卖盘
1623,10:59:09,11.38,-0.01,13,14794,卖盘
1624,10:59:00,11.39,--,11,12529,买盘
1625,10:58:51,11.39,--,37,42143,买盘
1626,10:58:48,11.39,0.01,111,126429,买盘
1627,10:58:42,11.38,0.01,1,1138,买盘
1628,10:58:39,11.37,-0.02,19,21603,卖盘
1629,10:58:30,11.39,--,5,5695,买盘
1630,10:58:27,11.39,0.01,35,39865,买盘
1631,10:58:24,11.38,-0.01,12,13656,卖盘
1632,10:58:21,11.39,--,1,1139,买盘
1633,10:58:12,11.39,--,20,22780,买盘
1634,10:58:09,11.39,0.01,11,12529,买盘
1635,10:58:06,11.38,0.01,8,9104,买盘
1636,10:58:03,11.37,-0.02,30,34110,卖盘
1637,10:58:00,11.39,0.02,26,29614,买盘
1638,10:57:57,11.37,-0.01,240,272880,卖盘
1639,10:57:54,11.38,-0.01,31,35278,卖盘
1640,10:57:48,11.39,--,129,146931,买盘
1641,10:57:39,11.39,0.01,27,30753,买盘
1642,10:57:36,11.38,-0.01,10,11380,卖盘
1643,10:57:33,11.39,--,31,35309,买盘
1644,10:57:27,11.39,0.01,46,52394,买盘
1645,10:57:18,11.38,--,20,22760,卖盘
1646,10:57:15,11.38,--,20,22760,卖盘
1647,10:57:12,11.38,-0.01,112,127456,卖盘
1648,10:57:09,11.39,--,30,34170,买盘
1649,10:57:03,11.39,0.01,26,29614,买盘
1650,10:56:57,11.38,--,9,10242,卖盘
1651,10:56:54,11.38,--,3,3414,卖盘
1652,10:56:51,11.38,-0.01,8,9104,卖盘
1653,10:56:48,11.39,--,95,108205,买盘
1654,10:56:39,11.39,0.01,53,60367,买盘
1655,10:56:33,11.38,-0.01,11,12518,卖盘
1656,10:56:21,11.39,0.01,5,5695,买盘
1657,10:56:18,11.38,--,5,5690,卖盘
1658,10:56:15,11.38,-0.01,3,3414,卖盘
1659,10:56:00,11.39,--,18,20502,买盘
1660,10:55:54,11.39,--,103,117317,买盘
1661,10:55:48,11.39,--,83,94537,买盘
1662,10:55:45,11.39,0.01,116,132124,买盘
1663,10:55:42,11.38,--,1,1138,卖盘
1664,10:55:39,11.38,--,3,3414,卖盘
1665,10:55:30,11.38,-0.01,209,237842,卖盘
1666,10:55:09,11.39,--,39,44421,买盘
1667,10:55:06,11.39,0.01,69,78591,买盘
1668,10:54:54,11.38,--,10,11380,卖盘
1669,10:54:51,11.38,-0.01,7,7966,卖盘
1670,10:54:48,11.39,0.01,98,111622,买盘
1671,10:54:45,11.38,-0.01,17,19346,卖盘
1672,10:54:42,11.39,--,23,26197,买盘
1673,10:54:36,11.39,0.01,26,29614,买盘
1674,10:54:33,11.38,-0.01,13,14794,卖盘
1675,10:54:18,11.39,--,9,10251,买盘
1676,10:54:12,11.39,0.01,27,30753,买盘
1677,10:54:09,11.38,--,58,66231,买盘
1678,10:53:57,11.38,-0.01,37,43016,卖盘
1679,10:53:51,11.39,0.01,8,9112,买盘
1680,10:53:48,11.38,--,95,108110,卖盘
1681,10:53:42,11.38,-0.01,208,236704,卖盘
1682,10:53:39,11.39,0.01,1,1139,买盘
1683,10:53:36,11.38,--,16,18208,卖盘
1684,10:53:33,11.38,--,102,116076,卖盘
1685,10:53:21,11.38,--,30,34140,卖盘
1686,10:53:18,11.38,-0.01,3,3414,卖盘
1687,10:53:15,11.39,0.01,269,306391,买盘
1688,10:53:12,11.38,-0.01,8,9104,卖盘
1689,10:53:09,11.39,0.01,30,34170,买盘
1690,10:53:06,11.38,--,10,11380,卖盘
1691,10:52:54,11.38,--,463,526894,卖盘
1692,10:52:51,11.38,-0.01,10,11380,卖盘
1693,10:52:48,11.39,0.01,80,91120,买盘
1694,10:52:27,11.38,-0.01,70,79660,卖盘
1695,10:52:21,11.39,0.01,27,30753,买盘
1696,10:52:09,11.38,-0.01,34,38692,卖盘
1697,10:52:03,11.39,0.01,15,17085,买盘
1698,10:52:00,11.38,-0.01,240,273120,卖盘
1699,10:51:57,11.39,-0.01,20,22780,卖盘
1700,10:51:54,11.4,--,4,4560,买盘
1701,10:51:48,11.4,0.01,90,102600,买盘
1702,10:51:45,11.39,-0.01,20,22780,中性盘
1703,10:51:36,11.4,0.01,41,46740,买盘
1704,10:51:33,11.39,--,4,4556,买盘
1705,10:51:18,11.39,-0.01,5,5695,中性盘
1706,10:51:12,11.4,0.02,37,42180,买盘
1707,10:51:06,11.38,-0.01,15,17070,卖盘
1708,10:51:03,11.39,-0.01,9,10251,中性盘
1709,10:50:54,11.4,--,4,4560,买盘
1710,10:50:51,11.4,--,103,117420,买盘
1711,10:50:48,11.4,0.01,86,98040,买盘
1712,10:50:45,11.39,--,20,22780,买盘
1713,10:50:36,11.39,--,1,1139,买盘
1714,10:50:33,11.39,--,31,35309,买盘
1715,10:50:30,11.39,--,61,69479,中性盘
1716,10:50:24,11.39,-0.01,10,11390,卖盘
1717,10:50:18,11.4,--,11,12540,买盘
1718,10:50:12,11.4,0.01,3,3420,买盘
1719,10:50:06,11.39,0.01,11,12529,中性盘
1720,10:50:03,11.38,-0.02,30,34140,卖盘
1721,10:50:00,11.4,0.01,100,114000,买盘
1722,10:49:54,11.39,-0.01,106,120734,卖盘
1723,10:49:48,11.4,0.01,97,110580,买盘
1724,10:49:45,11.39,--,21,23919,卖盘
1725,10:49:36,11.39,--,20,22780,卖盘
1726,10:49:33,11.39,-0.01,4,4556,卖盘
1727,10:49:27,11.4,-0.01,54,61560,卖盘
1728,10:49:24,11.41,0.01,4,4564,买盘
1729,10:49:18,11.4,--,30,34200,中性盘
1730,10:49:15,11.4,-0.01,20,22800,中性盘
1731,10:49:03,11.41,--,5,5705,买盘
1732,10:48:57,11.41,0.02,11,12551,买盘
1733,10:48:51,11.39,-0.01,3,3417,卖盘
1734,10:48:48,11.4,0.01,79,90060,买盘
1735,10:48:42,11.39,-0.01,5,5695,卖盘
1736,10:48:33,11.4,0.01,1,1140,买盘
1737,10:48:30,11.39,-0.01,20,22780,卖盘
1738,10:48:27,11.4,--,26,29640,买盘
1739,10:48:24,11.4,--,50,57000,买盘
1740,10:48:21,11.4,--,18,20520,买盘
1741,10:48:18,11.4,--,1,1140,买盘
1742,10:48:15,11.4,--,9,10260,买盘
1743,10:48:12,11.4,-0.01,2,2280,中性盘
1744,10:48:03,11.41,0.02,13,14833,买盘
1745,10:48:00,11.39,-0.02,240,273360,卖盘
1746,10:47:54,11.41,--,1,1141,买盘
1747,10:47:48,11.41,--,99,112959,买盘
1748,10:47:39,11.41,0.01,3,3423,买盘
1749,10:47:36,11.4,--,3,3420,卖盘
1750,10:47:21,11.4,--,13,14820,卖盘
1751,10:47:12,11.4,--,10,11400,卖盘
1752,10:47:09,11.4,-0.01,3,3420,卖盘
1753,10:47:03,11.41,0.01,4,4564,买盘
1754,10:47:00,11.4,--,8,9120,卖盘
1755,10:46:57,11.4,0.01,122,139080,卖盘
1756,10:46:54,11.39,--,12,13668,卖盘
1757,10:46:48,11.39,--,89,101371,卖盘
1758,10:46:45,11.39,-0.01,5,5695,卖盘
1759,10:46:36,11.4,0.01,5,5700,买盘
1760,10:46:30,11.39,--,11,12529,卖盘
1761,10:46:27,11.39,-0.01,3,3417,卖盘
1762,10:46:24,11.4,--,4,4560,买盘
1763,10:46:21,11.4,0.01,17,19380,买盘
1764,10:46:09,11.39,--,2,2278,卖盘
1765,10:46:06,11.39,--,8,9112,卖盘
1766,10:45:57,11.39,--,17,19363,卖盘
1767,10:45:51,11.39,-0.02,5,5695,卖盘
1768,10:45:48,11.41,0.02,90,102690,买盘
1769,10:45:36,11.39,--,5,5695,卖盘
1770,10:45:24,11.39,-0.01,15,17085,卖盘
1771,10:45:21,11.4,--,14,15960,买盘
1772,10:45:09,11.4,--,10,11719,卖盘
1773,10:45:06,11.4,--,107,122800,买盘
1774,10:45:03,11.4,--,1,1140,买盘
1775,10:45:00,11.4,--,11,12540,买盘
1776,10:44:54,11.4,0.01,3,3420,买盘
1777,10:44:51,11.39,-0.01,2,2278,卖盘
1778,10:44:48,11.4,--,91,103740,买盘
1779,10:44:42,11.4,0.01,13,14820,买盘
1780,10:44:36,11.39,-0.01,9,10251,卖盘
1781,10:44:33,11.4,--,279,318060,买盘
1782,10:44:24,11.4,--,3,3420,买盘
1783,10:44:21,11.4,0.01,20,22800,买盘
1784,10:44:15,11.39,-0.01,50,56950,卖盘
1785,10:44:12,11.4,0.01,10,11400,买盘
1786,10:44:09,11.39,--,50,56950,卖盘
1787,10:44:00,11.39,--,21,23919,卖盘
1788,10:43:57,11.39,-0.01,2,2278,买盘
1789,10:43:54,11.4,--,3,3420,买盘
1790,10:43:48,11.4,0.01,104,118560,买盘
1791,10:43:45,11.39,--,12,13668,卖盘
1792,10:43:42,11.39,--,1,1139,卖盘
1793,10:43:39,11.39,--,43,48977,卖盘
1794,10:43:30,11.39,--,4,4556,卖盘
1795,10:43:27,11.39,-0.01,12,13668,卖盘
1796,10:43:24,11.4,0.01,14,15960,买盘
1797,10:43:18,11.39,--,35,39865,买盘
1798,10:43:03,11.39,0.01,23,26197,买盘
1799,10:42:57,11.38,--,14,15932,卖盘
1800,10:42:54,11.38,-0.01,20,22760,卖盘
1801,10:42:51,11.39,--,3,3417,买盘
1802,10:42:48,11.39,0.01,90,102510,买盘
1803,10:42:45,11.38,--,20,22760,卖盘
1804,10:42:42,11.38,--,21,23898,卖盘
1805,10:42:39,11.38,-0.01,9,10242,卖盘
1806,10:42:36,11.39,0.01,39,44421,买盘
1807,10:42:27,11.38,--,9,10242,卖盘
1808,10:42:24,11.38,-0.01,20,22760,卖盘
1809,10:42:21,11.39,--,80,91120,买盘
1810,10:42:15,11.39,--,40,45560,买盘
1811,10:42:12,11.39,--,18,20502,买盘
1812,10:42:09,11.39,0.01,101,115039,买盘
1813,10:42:06,11.38,-0.01,25,28450,卖盘
1814,10:42:00,11.39,0.01,12,13668,买盘
1815,10:41:57,11.38,--,14,15932,卖盘
1816,10:41:54,11.38,-0.01,19,21622,卖盘
1817,10:41:48,11.39,0.01,150,170850,买盘
1818,10:41:45,11.38,--,20,22760,卖盘
1819,10:41:42,11.38,--,10,11380,卖盘
1820,10:41:36,11.38,-0.01,89,101282,卖盘
1821,10:41:33,11.39,--,135,153765,买盘
1822,10:41:27,11.39,0.01,52,59228,买盘
1823,10:41:24,11.38,-0.01,20,22760,卖盘
1824,10:41:15,11.39,--,23,26197,买盘
1825,10:41:09,11.39,--,100,113900,买盘
1826,10:41:06,11.39,--,34,38726,买盘
1827,10:40:57,11.39,0.01,14,15946,买盘
1828,10:40:54,11.38,-0.01,25,28450,卖盘
1829,10:40:51,11.39,--,4,4556,买盘
1830,10:40:48,11.39,0.01,89,101371,买盘
1831,10:40:45,11.38,--,19,21622,卖盘
1832,10:40:39,11.38,-0.01,23,26174,卖盘
1833,10:40:36,11.39,0.01,21,23919,买盘
1834,10:40:33,11.38,-0.01,50,56900,卖盘
1835,10:40:27,11.39,0.01,22,25058,买盘
1836,10:40:24,11.38,-0.01,20,22760,卖盘
1837,10:40:18,11.39,-0.01,202,230396,卖盘
1838,10:40:15,11.4,0.01,120,136800,买盘
1839,10:40:12,11.39,-0.01,4,4556,卖盘
1840,10:40:06,11.4,0.01,29,33060,买盘
1841,10:40:03,11.39,--,1,1139,卖盘
1842,10:40:00,11.39,-0.01,6,6834,卖盘
1843,10:39:57,11.4,0.01,12,13680,买盘
1844,10:39:54,11.39,--,64,72896,卖盘
1845,10:39:51,11.39,-0.01,293,333727,卖盘
1846,10:39:48,11.4,0.01,102,116280,买盘
1847,10:39:45,11.39,--,20,22780,卖盘
1848,10:39:36,11.39,--,20,22780,卖盘
1849,10:39:33,11.39,--,21,23919,卖盘
1850,10:39:30,11.39,--,3,3417,卖盘
1851,10:39:27,11.39,-0.01,3,3417,卖盘
1852,10:39:24,11.4,0.01,26,29640,中性盘
1853,10:39:15,11.39,-0.01,51,58089,卖盘
1854,10:39:12,11.4,-0.01,6,6840,卖盘
1855,10:39:09,11.41,--,12,13692,买盘
1856,10:39:06,11.41,0.01,24,27384,买盘
1857,10:39:00,11.4,0.01,54,61560,买盘
1858,10:38:54,11.39,-0.02,20,22780,卖盘
1859,10:38:48,11.41,0.02,101,115241,买盘
1860,10:38:45,11.39,--,19,21641,卖盘
1861,10:38:39,11.39,-0.01,15,17085,卖盘
1862,10:38:36,11.4,--,25,28500,买盘
1863,10:38:30,11.4,0.01,5,5700,买盘
1864,10:38:27,11.39,--,5,5695,卖盘
1865,10:38:24,11.39,--,53,60367,卖盘
1866,10:38:21,11.39,--,73,83147,卖盘
1867,10:38:18,11.39,--,20,22780,卖盘
1868,10:38:15,11.39,-0.01,20,22780,卖盘
1869,10:38:06,11.4,--,23,26220,买盘
1870,10:38:03,11.4,0.01,10,11400,买盘
1871,10:38:00,11.39,-0.01,1,1139,卖盘
1872,10:37:54,11.4,-0.01,14,15960,中性盘
1873,10:37:48,11.41,0.02,101,115241,买盘
1874,10:37:45,11.39,-0.01,20,22780,卖盘
1875,10:37:42,11.4,0.01,13,14820,买盘
1876,10:37:39,11.39,-0.02,1,1139,卖盘
1877,10:37:36,11.41,0.01,29,33089,买盘
1878,10:37:24,11.4,0.01,217,247380,中性盘
1879,10:37:15,11.39,--,20,22780,卖盘
1880,10:37:09,11.39,--,3,3417,卖盘
1881,10:37:06,11.39,-0.02,20,22780,卖盘
1882,10:36:57,11.41,0.02,11,12551,买盘
1883,10:36:54,11.39,-0.02,20,22780,卖盘
1884,10:36:48,11.41,0.02,113,128933,买盘
1885,10:36:45,11.39,-0.01,28,31892,卖盘
1886,10:36:42,11.4,0.01,5,5700,买盘
1887,10:36:36,11.39,--,20,22780,卖盘
1888,10:36:24,11.39,-0.01,20,22780,卖盘
1889,10:36:21,11.4,--,19,21660,买盘
1890,10:36:18,11.4,0.01,13,14820,买盘
1891,10:36:15,11.39,--,20,22985,卖盘
1892,10:36:06,11.39,--,40,45560,卖盘
1893,10:36:03,11.39,-0.02,3,3417,卖盘
1894,10:36:00,11.41,0.01,11,12551,买盘
1895,10:35:57,11.4,0.01,5,5700,买盘
1896,10:35:54,11.39,-0.01,22,25058,卖盘
1897,10:35:51,11.4,-0.01,2,2280,中性盘
1898,10:35:48,11.41,0.01,100,114100,买盘
1899,10:35:45,11.4,-0.01,29,33060,卖盘
1900,10:35:42,11.41,0.01,32,36512,买盘
1901,10:35:39,11.4,--,110,125400,卖盘
1902,10:35:36,11.4,-0.01,19,21660,卖盘
1903,10:35:33,11.41,0.01,3,3423,买盘
1904,10:35:24,11.4,--,20,22800,卖盘
1905,10:35:21,11.4,-0.01,10,11400,卖盘
1906,10:35:18,11.41,--,13,14833,买盘
1907,10:35:15,11.41,-0.01,10,11410,卖盘
1908,10:35:12,11.42,0.01,12,13704,买盘
1909,10:35:09,11.41,0.01,50,57050,买盘
1910,10:35:06,11.4,-0.01,20,22800,卖盘
1911,10:35:03,11.41,0.01,5,5705,买盘
1912,10:34:54,11.4,--,19,21660,卖盘
1913,10:34:51,11.4,-0.01,18,20520,卖盘
1914,10:34:48,11.41,0.01,89,101549,买盘
1915,10:34:45,11.4,--,70,79800,卖盘
1916,10:34:42,11.4,--,2,2280,卖盘
1917,10:34:36,11.4,-0.01,20,22800,卖盘
1918,10:34:27,11.41,0.01,10,11410,买盘
1919,10:34:24,11.4,-0.01,19,21660,卖盘
1920,10:34:21,11.41,0.01,24,27384,买盘
1921,10:34:15,11.4,--,20,22800,卖盘
1922,10:34:12,11.4,0.01,20,22800,中性盘
1923,10:34:03,11.39,--,67,76313,卖盘
1924,10:33:54,11.39,--,20,22780,卖盘
1925,10:33:51,11.39,-0.02,79,89981,卖盘
1926,10:33:48,11.41,0.02,96,109695,买盘
1927,10:33:45,11.39,-0.01,13,14807,卖盘
1928,10:33:42,11.4,--,40,45600,买盘
1929,10:33:36,11.4,-0.01,21,23940,中性盘
1930,10:33:27,11.41,0.02,203,231623,买盘
1931,10:33:24,11.39,-0.02,20,22780,卖盘
1932,10:33:21,11.41,--,4,4564,买盘
1933,10:33:18,11.41,0.02,4,4564,买盘
1934,10:33:15,11.39,-0.02,20,22780,卖盘
1935,10:33:06,11.41,--,20,22820,买盘
1936,10:33:03,11.41,--,38,43358,买盘
1937,10:32:57,11.41,0.02,1,1141,买盘
1938,10:32:54,11.39,-0.02,20,22780,卖盘
1939,10:32:48,11.41,0.02,99,112959,买盘
1940,10:32:45,11.39,-0.01,20,22780,卖盘
1941,10:32:42,11.4,--,92,104880,买盘
1942,10:32:39,11.4,0.01,3,3420,买盘
1943,10:32:36,11.39,-0.01,23,26197,卖盘
1944,10:32:33,11.4,0.01,4,4560,买盘
1945,10:32:24,11.39,-0.01,24,27336,卖盘
1946,10:32:21,11.4,0.01,22,25080,买盘
1947,10:32:15,11.39,--,32,36448,卖盘
1948,10:32:12,11.39,-0.01,40,45560,卖盘
1949,10:32:09,11.4,0.01,6,6840,买盘
1950,10:32:06,11.39,-0.01,20,22780,卖盘
1951,10:31:54,11.4,--,24,27360,买盘
1952,10:31:51,11.4,--,13,14820,买盘
1953,10:31:48,11.4,--,88,100320,买盘
1954,10:31:45,11.4,0.01,22,25080,买盘
1955,10:31:42,11.39,-0.01,3,3872,卖盘
1956,10:31:39,11.4,0.01,10,11400,买盘
1957,10:31:36,11.39,--,70,79730,卖盘
1958,10:31:33,11.39,--,12,13668,卖盘
1959,10:31:27,11.39,--,3,3417,卖盘
1960,10:31:24,11.39,--,320,364480,卖盘
1961,10:31:18,11.39,--,1,1139,卖盘
1962,10:31:15,11.39,-0.01,20,22780,卖盘
1963,10:31:12,11.4,--,20,22800,买盘
1964,10:31:09,11.4,--,80,92317,卖盘
1965,10:31:06,11.4,--,26,29640,卖盘
1966,10:31:00,11.4,--,100,114000,卖盘
1967,10:30:54,11.4,-0.02,20,22800,卖盘
1968,10:30:48,11.42,0.01,327,373434,买盘
1969,10:30:45,11.41,-0.01,1,1141,卖盘
1970,10:30:36,11.42,--,21,23982,买盘
1971,10:30:27,11.42,0.01,277,316334,买盘
1972,10:30:24,11.41,-0.01,20,22820,卖盘
1973,10:30:21,11.42,0.01,12,13704,买盘
1974,10:30:18,11.41,0.01,112,127792,买盘
1975,10:30:15,11.4,--,40,45600,卖盘
1976,10:30:09,11.4,-0.01,5,5700,卖盘
1977,10:30:06,11.41,0.01,28,31948,买盘
1978,10:30:00,11.4,--,10,11400,卖盘
1979,10:29:54,11.4,--,20,22800,卖盘
1980,10:29:51,11.4,-0.02,100,114000,卖盘
1981,10:29:48,11.42,0.02,99,113058,买盘
1982,10:29:45,11.4,--,21,23940,卖盘
1983,10:29:42,11.4,--,212,241680,卖盘
1984,10:29:36,11.4,--,50,57000,卖盘
1985,10:29:30,11.4,--,2,2280,卖盘
1986,10:29:27,11.4,--,22,25080,卖盘
1987,10:29:24,11.4,--,33,37620,卖盘
1988,10:29:18,11.4,--,5,5700,卖盘
1989,10:29:15,11.4,--,20,22800,卖盘
1990,10:29:06,11.4,-0.02,22,25080,卖盘
1991,10:29:03,11.42,0.02,13,14846,买盘
1992,10:28:54,11.4,-0.02,20,22800,卖盘
1993,10:28:51,11.42,--,3,3426,买盘
1994,10:28:48,11.42,0.01,98,111916,买盘
1995,10:28:45,11.41,--,14,15974,卖盘
1996,10:28:39,11.41,--,16,18256,买盘
1997,10:28:36,11.41,0.01,119,135779,买盘
1998,10:28:33,11.4,-0.01,0,22,卖盘
1999,10:28:30,11.41,0.01,27,30807,买盘
2000,10:28:27,11.4,--,5,5700,卖盘
2001,10:28:24,11.4,-0.01,20,22800,卖盘
2002,10:28:18,11.41,0.01,26,29666,买盘
2003,10:28:15,11.4,--,20,22800,卖盘
2004,10:28:12,11.4,-0.01,25,28500,卖盘
2005,10:28:09,11.41,0.01,186,212226,买盘
2006,10:28:06,11.4,-0.01,20,22800,卖盘
2007,10:28:03,11.41,0.01,4,4564,买盘
2008,10:28:00,11.4,--,63,71820,卖盘
2009,10:27:57,11.4,--,2,2280,卖盘
2010,10:27:54,11.4,-0.01,19,21660,卖盘
2011,10:27:48,11.41,0.01,99,112959,买盘
2012,10:27:45,11.4,-0.01,20,22800,卖盘
2013,10:27:36,11.41,0.01,24,27384,买盘
2014,10:27:33,11.4,--,10,11400,卖盘
2015,10:27:30,11.4,--,15,17100,卖盘
2016,10:27:24,11.4,-0.01,19,21660,卖盘
2017,10:27:18,11.41,--,12,13692,买盘
2018,10:27:15,11.41,--,65,74165,买盘
2019,10:27:12,11.41,--,5,5705,买盘
2020,10:27:09,11.41,--,93,106113,买盘
2021,10:27:03,11.41,-0.01,510,581910,卖盘
2022,10:27:00,11.42,0.01,35,39970,买盘
2023,10:26:57,11.41,-0.01,30,34230,卖盘
2024,10:26:54,11.42,0.01,30,34260,买盘
2025,10:26:51,11.41,-0.01,7,7987,卖盘
2026,10:26:48,11.42,0.01,99,113058,买盘
2027,10:26:45,11.41,-0.01,21,23961,卖盘
2028,10:26:39,11.42,0.01,10,11420,买盘
2029,10:26:36,11.41,-0.01,19,21679,卖盘
2030,10:26:33,11.42,--,67,76514,买盘
2031,10:26:30,11.42,0.01,30,34260,买盘
2032,10:26:24,11.41,-0.01,25,28525,卖盘
2033,10:26:21,11.42,--,4,4568,买盘
2034,10:26:18,11.42,0.01,7,7994,买盘
2035,10:26:15,11.41,--,20,22820,卖盘
2036,10:26:09,11.41,-0.01,20,22820,卖盘
2037,10:26:06,11.42,0.01,21,23982,买盘
2038,10:26:00,11.41,--,24,27384,卖盘
2039,10:25:54,11.41,-0.01,28,31948,卖盘
2040,10:25:48,11.42,0.01,97,110774,买盘
2041,10:25:45,11.41,--,20,22820,卖盘
2042,10:25:39,11.41,-0.01,3,3423,卖盘
2043,10:25:36,11.42,--,31,35402,买盘
2044,10:25:33,11.42,0.01,6,6852,买盘
2045,10:25:24,11.41,--,36,41076,卖盘
2046,10:25:15,11.41,--,20,22820,卖盘
2047,10:25:09,11.41,-0.01,28,31948,卖盘
2048,10:25:06,11.42,--,30,34260,买盘
2049,10:25:03,11.42,--,27,30834,买盘
2050,10:24:57,11.42,0.01,2,2284,买盘
2051,10:24:54,11.41,-0.01,20,22820,卖盘
2052,10:24:48,11.42,0.01,98,111916,买盘
2053,10:24:45,11.41,--,312,355992,买盘
2054,10:24:42,11.41,--,7,7987,买盘
2055,10:24:39,11.41,0.01,20,22820,买盘
2056,10:24:36,11.4,--,21,23940,卖盘
2057,10:24:33,11.4,--,3,3420,卖盘
2058,10:24:30,11.4,--,163,185820,卖盘
2059,10:24:27,11.4,--,21,23940,卖盘
2060,10:24:24,11.4,-0.01,30,34200,卖盘
2061,10:24:18,11.41,0.01,104,118664,买盘
2062,10:24:15,11.4,-0.01,120,136800,卖盘
2063,10:24:12,11.41,--,30,34230,买盘
2064,10:24:09,11.41,0.01,26,29666,买盘
2065,10:24:06,11.4,--,19,21660,卖盘
2066,10:24:03,11.4,-0.01,49,55860,卖盘
2067,10:24:00,11.41,--,176,200816,买盘
2068,10:23:57,11.41,0.01,31,35371,买盘
2069,10:23:54,11.4,-0.01,25,28500,卖盘
2070,10:23:51,11.41,--,100,114100,买盘
2071,10:23:48,11.41,0.01,130,148330,买盘
2072,10:23:45,11.4,-0.02,65,74100,卖盘
2073,10:23:42,11.42,0.01,134,153028,买盘
2074,10:23:36,11.41,-0.01,19,21679,卖盘
2075,10:23:30,11.42,--,164,187288,买盘
2076,10:23:24,11.42,--,58,66236,买盘
2077,10:23:21,11.42,0.01,5,5710,买盘
2078,10:23:18,11.41,--,3,3423,卖盘
2079,10:23:15,11.41,--,55,62755,买盘
2080,10:23:06,11.41,--,117,133497,买盘
2081,10:23:03,11.41,-0.01,2,2282,买盘
2082,10:23:00,11.42,--,26,29692,买盘
2083,10:22:54,11.42,0.01,125,142750,买盘
2084,10:22:51,11.41,-0.01,3,3423,买盘
2085,10:22:48,11.42,--,98,111916,买盘
2086,10:22:45,11.42,0.01,79,90218,买盘
2087,10:22:42,11.41,--,21,23961,买盘
2088,10:22:39,11.41,-0.01,106,120946,买盘
2089,10:22:36,11.42,--,76,86792,买盘
2090,10:22:33,11.42,--,234,267228,买盘
2091,10:22:30,11.42,--,28,31976,买盘
2092,10:22:27,11.42,--,321,366582,买盘
2093,10:22:24,11.42,--,56,63952,买盘
2094,10:22:21,11.42,0.02,124,141608,买盘
2095,10:22:18,11.4,-0.01,25,28500,卖盘
2096,10:22:15,11.41,-0.01,22,25102,卖盘
2097,10:22:12,11.42,0.01,43,49106,买盘
2098,10:22:09,11.41,--,39,44499,买盘
2099,10:22:06,11.41,0.01,116,132356,买盘
2100,10:22:03,11.4,--,37,42180,买盘
2101,10:22:00,11.4,--,146,166440,买盘
2102,10:21:57,11.4,-0.01,24,27360,中性盘
2103,10:21:54,11.41,--,14,15974,卖盘
2104,10:21:51,11.41,-0.01,12,13692,卖盘
2105,10:21:48,11.42,0.01,132,150744,买盘
2106,10:21:45,11.41,--,42,47922,买盘
2107,10:21:42,11.41,--,24,27384,买盘
2108,10:21:39,11.41,--,25,28525,买盘
2109,10:21:36,11.41,--,125,142625,买盘
2110,10:21:33,11.41,0.01,99,112959,买盘
2111,10:21:30,11.4,--,59,67260,买盘
2112,10:21:27,11.4,-0.01,173,197220,卖盘
2113,10:21:24,11.41,--,232,264712,买盘
2114,10:21:21,11.41,0.01,2,2282,买盘
2115,10:21:15,11.4,--,42,47880,卖盘
2116,10:21:06,11.4,-0.01,23,26220,卖盘
2117,10:21:03,11.41,0.02,18,20538,买盘
2118,10:21:00,11.39,-0.01,1,1139,卖盘
2119,10:20:54,11.4,--,141,160740,卖盘
2120,10:20:51,11.4,-0.01,25,28500,中性盘
2121,10:20:48,11.41,0.02,122,139202,买盘
2122,10:20:45,11.39,--,20,22780,卖盘
2123,10:20:36,11.39,-0.01,20,22780,卖盘
2124,10:20:33,11.4,0.01,31,35340,买盘
2125,10:20:24,11.39,--,20,22780,卖盘
2126,10:20:21,11.39,--,67,76313,卖盘
2127,10:20:18,11.39,--,83,94537,卖盘
2128,10:20:15,11.39,--,20,22780,卖盘
2129,10:20:09,11.39,--,5,5695,卖盘
2130,10:20:06,11.39,-0.01,21,23919,卖盘
2131,10:20:03,11.4,--,40,45600,买盘
2132,10:20:00,11.4,0.01,10,11400,买盘
2133,10:19:57,11.39,--,32,36448,卖盘
2134,10:19:54,11.39,-0.01,42,47838,卖盘
2135,10:19:51,11.4,--,10,11400,买盘
2136,10:19:48,11.4,0.01,96,109440,买盘
2137,10:19:45,11.39,-0.01,19,21641,卖盘
2138,10:19:39,11.4,0.01,3,3420,买盘
2139,10:19:36,11.39,-0.01,20,22780,卖盘
2140,10:19:33,11.4,--,4,4560,买盘
2141,10:19:30,11.4,0.01,1,1140,买盘
2142,10:19:24,11.39,--,38,43282,卖盘
2143,10:19:15,11.39,-0.01,55,62645,卖盘
2144,10:19:09,11.4,0.01,27,30780,买盘
2145,10:19:06,11.39,-0.01,20,22780,卖盘
2146,10:19:00,11.4,-0.01,7,7980,中性盘
2147,10:18:57,11.41,0.01,100,114100,买盘
2148,10:18:54,11.4,-0.01,17,19380,卖盘
2149,10:18:48,11.41,0.02,85,96985,买盘
2150,10:18:45,11.39,--,55,62645,卖盘
2151,10:18:36,11.39,-0.01,20,22780,卖盘
2152,10:18:33,11.4,--,2,2280,买盘
2153,10:18:24,11.4,-0.01,16,18240,卖盘
2154,10:18:21,11.41,0.01,26,29666,买盘
2155,10:18:18,11.4,--,50,57000,卖盘
2156,10:18:15,11.4,0.01,56,63840,买盘
2157,10:18:06,11.39,-0.01,20,22780,卖盘
2158,10:18:00,11.4,--,2,2280,买盘
2159,10:17:57,11.4,--,18,20520,买盘
2160,10:17:54,11.4,-0.01,33,37620,卖盘
2161,10:17:48,11.41,0.01,161,183701,买盘
2162,10:17:45,11.4,--,19,21660,卖盘
2163,10:17:42,11.4,-0.01,20,22800,卖盘
2164,10:17:39,11.41,0.01,114,130074,买盘
2165,10:17:36,11.4,--,20,22800,卖盘
2166,10:17:33,11.4,-0.01,8,9120,卖盘
2167,10:17:30,11.41,0.01,65,74165,买盘
2168,10:17:27,11.4,-0.01,304,346560,卖盘
2169,10:17:24,11.41,--,60,68460,卖盘
2170,10:17:15,11.41,0.01,350,399350,买盘
2171,10:17:06,11.4,-0.01,175,199500,卖盘
2172,10:17:00,11.41,0.01,43,49063,买盘
2173,10:16:57,11.4,--,52,59280,卖盘
2174,10:16:54,11.4,-0.01,20,22800,卖盘
2175,10:16:51,11.41,--,12,13692,买盘
2176,10:16:48,11.41,0.01,85,96985,买盘
2177,10:16:45,11.4,--,20,22800,卖盘
2178,10:16:36,11.4,-0.01,19,21660,卖盘
2179,10:16:33,11.41,--,2,2282,买盘
2180,10:16:30,11.41,0.01,55,62755,买盘
2181,10:16:27,11.4,--,27,30780,卖盘
2182,10:16:24,11.4,--,20,22800,卖盘
2183,10:16:18,11.4,--,50,57000,卖盘
2184,10:16:15,11.4,-0.01,20,22800,卖盘
2185,10:16:12,11.41,--,10,11410,买盘
2186,10:16:09,11.41,--,37,42217,买盘
2187,10:16:06,11.41,-0.01,32,36512,卖盘
2188,10:16:03,11.42,0.01,13,14846,买盘
2189,10:16:00,11.41,--,65,74165,卖盘
2190,10:15:54,11.41,-0.01,30,34230,卖盘
2191,10:15:48,11.42,0.01,89,101638,买盘
2192,10:15:45,11.41,--,19,21679,卖盘
2193,10:15:36,11.41,0.01,65,74165,买盘
2194,10:15:33,11.4,-0.01,43,49020,卖盘
2195,10:15:24,11.41,--,4,4564,卖盘
2196,10:15:21,11.41,-0.01,8,9128,卖盘
2197,10:15:18,11.42,0.01,10,11420,买盘
2198,10:15:15,11.41,0.01,36,41076,买盘
2199,10:15:06,11.4,--,24,28272,卖盘
2200,10:14:54,11.4,-0.01,117,133380,卖盘
2201,10:14:48,11.41,0.01,84,95844,买盘
2202,10:14:45,11.4,--,31,35340,卖盘
2203,10:14:42,11.4,--,21,23940,卖盘
2204,10:14:39,11.4,-0.01,107,121980,卖盘
2205,10:14:36,11.41,--,75,85575,买盘
2206,10:14:33,11.41,--,24,27384,买盘
2207,10:14:30,11.41,--,36,41076,买盘
2208,10:14:27,11.41,--,27,30807,买盘
2209,10:14:24,11.41,--,43,49063,买盘
2210,10:14:21,11.41,--,44,50204,买盘
2211,10:14:15,11.41,--,3,3423,卖盘
2212,10:14:12,11.41,--,38,43358,卖盘
2213,10:14:06,11.41,--,21,23961,卖盘
2214,10:14:03,11.41,-0.01,52,59332,卖盘
2215,10:14:00,11.42,0.01,10,11420,买盘
2216,10:13:54,11.41,-0.01,19,21679,卖盘
2217,10:13:48,11.42,0.01,83,94786,买盘
2218,10:13:45,11.41,-0.01,21,23961,卖盘
2219,10:13:39,11.42,--,20,22840,买盘
2220,10:13:36,11.42,0.01,106,121052,买盘
2221,10:13:33,11.41,--,36,41076,卖盘
2222,10:13:30,11.41,--,10,11410,卖盘
2223,10:13:27,11.41,--,3,3423,卖盘
2224,10:13:24,11.41,--,20,22820,卖盘
2225,10:13:18,11.41,0.01,6,6846,买盘
2226,10:13:15,11.4,--,29,33060,卖盘
2227,10:13:12,11.4,--,20,22800,卖盘
2228,10:13:09,11.4,-0.01,111,126540,卖盘
2229,10:13:06,11.41,--,45,51345,买盘
2230,10:13:03,11.41,--,24,27384,买盘
2231,10:13:00,11.41,--,69,78729,买盘
2232,10:12:57,11.41,--,12,13692,买盘
2233,10:12:54,11.41,-0.01,3,3423,卖盘
2234,10:12:51,11.42,0.01,4,4568,买盘
2235,10:12:48,11.41,--,84,95844,卖盘
2236,10:12:45,11.41,--,26,29666,买盘
2237,10:12:42,11.41,-0.02,21,23961,卖盘
2238,10:12:39,11.43,0.01,264,301752,买盘
2239,10:12:36,11.42,0.01,51,58242,买盘
2240,10:12:33,11.41,0.01,47,53627,买盘
2241,10:12:21,11.4,-0.01,20,22800,卖盘
2242,10:12:18,11.41,-0.01,197,224777,卖盘
2243,10:12:15,11.42,0.02,293,334606,买盘
2244,10:12:12,11.4,-0.02,139,158460,卖盘
2245,10:12:09,11.42,0.01,28,31976,买盘
2246,10:12:06,11.41,0.01,223,254443,买盘
2247,10:12:03,11.4,--,20,22800,卖盘
2248,10:12:00,11.4,-0.01,40,45600,卖盘
2249,10:11:57,11.41,--,73,83293,买盘
2250,10:11:54,11.41,0.01,23,26243,买盘
2251,10:11:51,11.4,-0.01,33,37620,卖盘
2252,10:11:48,11.41,0.01,83,94703,买盘
2253,10:11:42,11.4,--,28,31920,卖盘
2254,10:11:33,11.4,-0.01,22,25080,卖盘
2255,10:11:21,11.41,0.01,25,28525,买盘
2256,10:11:15,11.4,-0.01,27,30780,卖盘
2257,10:11:12,11.41,--,82,93562,买盘
2258,10:11:03,11.41,--,48,54768,买盘
2259,10:11:00,11.41,--,326,371966,卖盘
2260,10:10:51,11.41,-0.01,20,22820,卖盘
2261,10:10:48,11.42,--,260,296920,买盘
2262,10:10:45,11.42,0.01,73,83366,买盘
2263,10:10:42,11.41,-0.01,23,26243,卖盘
2264,10:10:39,11.42,--,64,73088,买盘
2265,10:10:36,11.42,0.01,5,5710,买盘
2266,10:10:33,11.41,--,20,22820,卖盘
2267,10:10:27,11.41,--,9,10269,卖盘
2268,10:10:21,11.41,--,157,179137,卖盘
2269,10:10:18,11.41,-0.01,10,11410,卖盘
2270,10:10:12,11.42,0.01,123,140466,买盘
2271,10:10:09,11.41,--,56,63896,卖盘
2272,10:10:06,11.41,--,12,13692,卖盘
2273,10:10:03,11.41,--,20,22820,卖盘
2274,10:10:00,11.41,--,3,3423,卖盘
2275,10:09:54,11.41,--,17,19397,卖盘
2276,10:09:51,11.41,-0.01,20,22820,卖盘
2277,10:09:48,11.42,--,82,93644,买盘
2278,10:09:45,11.42,0.01,5,5710,买盘
2279,10:09:42,11.41,--,20,22820,卖盘
2280,10:09:39,11.41,--,49,55909,卖盘
2281,10:09:36,11.41,--,14,15974,卖盘
2282,10:09:33,11.41,-0.01,23,26243,卖盘
2283,10:09:30,11.42,--,138,157596,买盘
2284,10:09:24,11.42,0.01,7,7994,买盘
2285,10:09:21,11.41,--,39,44499,卖盘
2286,10:09:18,11.41,--,10,11410,卖盘
2287,10:09:15,11.41,-0.01,130,148330,卖盘
2288,10:09:09,11.42,--,19,21698,买盘
2289,10:09:03,11.42,0.01,380,433960,买盘
2290,10:09:00,11.41,-0.01,31,35371,卖盘
2291,10:08:57,11.42,--,19,21698,买盘
2292,10:08:54,11.42,--,160,182720,买盘
2293,10:08:51,11.42,--,32,36544,买盘
2294,10:08:48,11.42,0.01,92,105064,买盘
2295,10:08:45,11.41,-0.01,66,75306,卖盘
2296,10:08:42,11.42,0.01,43,49106,买盘
2297,10:08:39,11.41,--,3,3423,买盘
2298,10:08:36,11.41,--,18,20538,卖盘
2299,10:08:33,11.41,--,5,5705,卖盘
2300,10:08:30,11.41,--,9,10269,卖盘
2301,10:08:27,11.41,--,23,26243,卖盘
2302,10:08:24,11.41,--,7,7987,卖盘
2303,10:08:21,11.41,--,98,111818,卖盘
2304,10:08:18,11.41,--,40,45640,卖盘
2305,10:08:15,11.41,--,50,57050,卖盘
2306,10:08:12,11.41,--,1,1141,卖盘
2307,10:08:09,11.41,--,25,28525,卖盘
2308,10:08:06,11.41,--,93,106113,买盘
2309,10:08:03,11.41,--,73,83293,买盘
2310,10:08:00,11.41,0.01,1,1141,买盘
2311,10:07:57,11.4,-0.01,20,22800,卖盘
2312,10:07:54,11.41,--,100,114100,买盘
2313,10:07:51,11.41,--,304,346864,卖盘
2314,10:07:48,11.41,--,175,199675,卖盘
2315,10:07:45,11.41,--,26,29666,卖盘
2316,10:07:42,11.41,--,210,239610,卖盘
2317,10:07:39,11.41,--,5,5705,卖盘
2318,10:07:36,11.41,--,19,21679,卖盘
2319,10:07:30,11.41,-0.01,54,61614,卖盘
2320,10:07:27,11.42,--,15,17130,买盘
2321,10:07:24,11.42,--,100,114200,买盘
2322,10:07:21,11.42,--,31,35402,买盘
2323,10:07:18,11.42,0.01,22,25124,买盘
2324,10:07:15,11.41,-0.01,121,138061,卖盘
2325,10:07:12,11.42,--,10,11420,买盘
2326,10:07:09,11.42,--,74,84508,买盘
2327,10:07:06,11.42,--,28,31976,买盘
2328,10:07:03,11.42,--,3,3426,买盘
2329,10:07:00,11.42,0.01,12,13704,买盘
2330,10:06:57,11.41,--,200,228200,卖盘
2331,10:06:54,11.41,--,10,11410,卖盘
2332,10:06:51,11.41,--,170,193970,卖盘
2333,10:06:48,11.41,-0.01,134,152894,卖盘
2334,10:06:45,11.42,--,15,17130,买盘
2335,10:06:39,11.42,0.01,78,89076,买盘
2336,10:06:36,11.41,-0.01,23,26243,卖盘
2337,10:06:27,11.42,-0.01,210,239820,卖盘
2338,10:06:24,11.43,0.01,60,68580,买盘
2339,10:06:21,11.42,-0.01,7,7994,卖盘
2340,10:06:18,11.43,0.02,650,742950,买盘
2341,10:06:12,11.41,-0.02,3,3423,卖盘
2342,10:06:09,11.43,0.01,100,114300,买盘
2343,10:06:06,11.42,--,10,11420,买盘
2344,10:06:03,11.42,-0.01,50,57100,卖盘
2345,10:06:00,11.43,0.01,3,3429,买盘
2346,10:05:57,11.42,--,21,23982,卖盘
2347,10:05:51,11.42,--,57,65094,买盘
2348,10:05:48,11.42,0.01,151,172442,买盘
2349,10:05:45,11.41,--,10,11410,卖盘
2350,10:05:42,11.41,-0.01,109,124369,卖盘
2351,10:05:39,11.42,--,11,12562,买盘
2352,10:05:36,11.42,--,72,82224,买盘
2353,10:05:33,11.42,--,32,36544,买盘
2354,10:05:30,11.42,--,156,178152,买盘
2355,10:05:27,11.42,--,5,5710,买盘
2356,10:05:24,11.42,--,10,11420,买盘
2357,10:05:21,11.42,0.01,38,43396,买盘
2358,10:05:18,11.41,-0.01,32,36512,卖盘
2359,10:05:15,11.42,--,371,423682,买盘
2360,10:05:12,11.42,--,111,126762,买盘
2361,10:05:09,11.42,-0.01,439,501338,卖盘
2362,10:05:06,11.43,--,23,26289,买盘
2363,10:05:03,11.43,--,200,228600,买盘
2364,10:05:00,11.43,0.01,26,29718,买盘
2365,10:04:57,11.42,--,104,118768,卖盘
2366,10:04:51,11.42,-0.01,10,11420,卖盘
2367,10:04:48,11.43,0.01,129,147447,买盘
2368,10:04:45,11.42,--,209,238678,卖盘
2369,10:04:39,11.42,0.01,202,230684,买盘
2370,10:04:33,11.41,--,206,235046,卖盘
2371,10:04:30,11.41,-0.01,45,51345,卖盘
2372,10:04:27,11.42,--,400,456800,买盘
2373,10:04:24,11.42,0.01,206,235252,买盘
2374,10:04:21,11.41,-0.01,4,4564,卖盘
2375,10:04:15,11.42,--,100,114200,买盘
2376,10:04:06,11.42,--,58,66236,买盘
2377,10:04:00,11.42,0.01,16,18272,买盘
2378,10:03:57,11.41,--,83,94703,卖盘
2379,10:03:54,11.41,-0.01,1,1141,中性盘
2380,10:03:48,11.42,0.01,121,138182,买盘
2381,10:03:45,11.41,--,8,9584,买盘
2382,10:03:42,11.41,0.01,273,311493,买盘
2383,10:03:39,11.4,-0.01,15,17100,卖盘
2384,10:03:36,11.41,--,11,12551,买盘
2385,10:03:24,11.41,0.01,291,332031,买盘
2386,10:03:21,11.4,-0.01,4,4560,卖盘
2387,10:03:18,11.41,--,50,57050,买盘
2388,10:03:15,11.41,--,5,5705,买盘
2389,10:03:09,11.41,--,27,30807,买盘
2390,10:03:06,11.41,--,20,22820,买盘
2391,10:03:03,11.41,0.01,17,19397,买盘
2392,10:02:57,11.4,-0.01,12,13680,卖盘
2393,10:02:54,11.41,--,89,101549,买盘
2394,10:02:51,11.41,--,232,264712,买盘
2395,10:02:48,11.41,0.01,94,107254,买盘
2396,10:02:45,11.4,-0.01,52,59280,卖盘
2397,10:02:42,11.41,0.01,100,114100,买盘
2398,10:02:39,11.4,-0.01,93,106020,卖盘
2399,10:02:36,11.41,0.01,11,12551,买盘
2400,10:02:33,11.4,--,1,1140,卖盘
2401,10:02:30,11.4,-0.01,10,11400,卖盘
2402,10:02:21,11.41,--,5,5705,买盘
2403,10:02:15,11.41,0.01,359,409619,买盘
2404,10:02:12,11.4,--,143,163020,买盘
2405,10:01:54,11.4,--,12,13680,买盘
2406,10:01:48,11.4,--,87,99180,买盘
2407,10:01:42,11.4,0.01,41,46740,买盘
2408,10:01:39,11.39,-0.01,3,3417,卖盘
2409,10:01:36,11.4,--,791,901740,买盘
2410,10:01:33,11.4,--,16,18240,买盘
2411,10:01:30,11.4,0.01,212,241680,买盘
2412,10:01:27,11.39,0.01,20,22780,买盘
2413,10:01:24,11.38,--,10,11380,卖盘
2414,10:01:21,11.38,-0.01,31,35278,卖盘
2415,10:01:12,11.39,--,20,22780,买盘
2416,10:01:06,11.39,--,14,15946,买盘
2417,10:00:57,11.39,0.01,10,11390,买盘
2418,10:00:54,11.38,-0.01,61,69418,卖盘
2419,10:00:51,11.39,--,44,50116,买盘
2420,10:00:48,11.39,--,112,127568,买盘
2421,10:00:42,11.39,--,4,4556,买盘
2422,10:00:39,11.39,--,20,22780,买盘
2423,10:00:30,11.39,--,14,15946,买盘
2424,10:00:21,11.39,--,10,11390,买盘
2425,10:00:18,11.39,0.01,236,268804,买盘
2426,10:00:15,11.38,-0.01,9,10242,卖盘
2427,10:00:09,11.39,0.01,39,44421,买盘
2428,10:00:06,11.38,--,115,130870,卖盘
2429,10:00:03,11.38,--,13,14794,卖盘
2430,09:59:57,11.38,--,10,11380,卖盘
2431,09:59:54,11.38,-0.01,7,7966,卖盘
2432,09:59:48,11.39,--,94,107066,买盘
2433,09:59:45,11.39,--,154,175406,买盘
2434,09:59:39,11.39,0.01,27,30753,买盘
2435,09:59:36,11.38,-0.01,550,625900,卖盘
2436,09:59:33,11.39,--,101,115266,买盘
2437,09:59:30,11.39,0.01,10,11390,买盘
2438,09:59:27,11.38,--,2,2276,卖盘
2439,09:59:15,11.38,--,234,266292,卖盘
2440,09:59:06,11.38,-0.01,401,456338,卖盘
2441,09:59:03,11.39,--,50,56950,卖盘
2442,09:59:00,11.39,--,40,45560,卖盘
2443,09:58:54,11.39,--,63,71757,买盘
2444,09:58:48,11.39,--,79,89981,买盘
2445,09:58:45,11.39,--,14,15946,买盘
2446,09:58:42,11.39,--,100,113900,买盘
2447,09:58:39,11.39,--,11,12529,买盘
2448,09:58:36,11.39,0.01,13,14807,买盘
2449,09:58:33,11.38,--,10,11380,卖盘
2450,09:58:24,11.38,--,10,11380,卖盘
2451,09:58:18,11.38,-0.01,102,116076,卖盘
2452,09:58:15,11.39,0.01,27,30753,买盘
2453,09:58:09,11.38,--,8,9104,卖盘
2454,09:58:06,11.38,-0.01,15,17070,卖盘
2455,09:58:03,11.39,--,5,5695,买盘
2456,09:58:00,11.39,--,25,28475,买盘
2457,09:57:54,11.39,--,228,259692,买盘
2458,09:57:48,11.39,--,333,379287,买盘
2459,09:57:42,11.39,0.01,1,1139,买盘
2460,09:57:39,11.38,-0.01,50,56900,卖盘
2461,09:57:36,11.39,0.01,68,77452,买盘
2462,09:57:33,11.38,-0.01,35,39830,卖盘
2463,09:57:30,11.39,0.01,10,11390,买盘
2464,09:57:27,11.38,--,29,33002,卖盘
2465,09:57:24,11.38,0.01,10,11380,中性盘
2466,09:57:21,11.37,-0.02,128,145536,卖盘
2467,09:57:18,11.39,0.01,304,346256,买盘
2468,09:57:09,11.38,--,3,3414,买盘
2469,09:57:03,11.38,--,118,134284,买盘
2470,09:57:00,11.38,--,263,299294,卖盘
2471,09:56:57,11.38,-0.01,30,34140,卖盘
2472,09:56:48,11.39,0.01,102,116178,买盘
2473,09:56:45,11.38,--,51,58038,卖盘
2474,09:56:39,11.38,--,192,218496,卖盘
2475,09:56:33,11.38,--,52,59176,卖盘
2476,09:56:30,11.38,--,104,118352,买盘
2477,09:56:24,11.38,0.01,3,3414,买盘
2478,09:56:18,11.37,-0.01,73,83001,卖盘
2479,09:56:15,11.38,--,77,87626,买盘
2480,09:56:12,11.38,--,168,191184,买盘
2481,09:56:06,11.38,--,57,64866,买盘
2482,09:56:03,11.38,--,103,117214,买盘
2483,09:55:57,11.38,0.01,14,15932,买盘
2484,09:55:51,11.37,-0.01,23,26151,卖盘
2485,09:55:48,11.38,--,91,103558,买盘
2486,09:55:42,11.38,0.01,28,31864,买盘
2487,09:55:39,11.37,-0.01,9,10233,卖盘
2488,09:55:33,11.38,0.01,3,3414,买盘
2489,09:55:30,11.37,-0.01,188,213755,卖盘
2490,09:55:27,11.38,0.01,142,161596,买盘
2491,09:55:24,11.37,--,28,31835,卖盘
2492,09:55:18,11.37,--,71,80727,买盘
2493,09:55:15,11.37,--,20,22740,买盘
2494,09:55:12,11.37,--,2,2274,买盘
2495,09:55:06,11.37,--,49,55712,买盘
2496,09:55:03,11.37,--,10,11370,买盘
2497,09:54:57,11.37,0.01,18,20466,买盘
2498,09:54:54,11.36,-0.02,30,34080,中性盘
2499,09:54:51,11.38,0.02,726,826188,买盘
2500,09:54:48,11.36,--,302,343072,买盘
2501,09:54:45,11.36,--,51,57936,买盘
2502,09:54:42,11.36,--,50,56800,买盘
2503,09:54:39,11.36,-0.01,201,228336,卖盘
2504,09:54:36,11.37,--,59,67083,买盘
2505,09:54:33,11.37,--,288,327456,买盘
2506,09:54:30,11.37,--,4,4548,买盘
2507,09:54:27,11.37,0.01,1,1137,买盘
2508,09:54:24,11.36,--,24,27264,卖盘
2509,09:54:21,11.36,--,51,57936,卖盘
2510,09:54:18,11.36,-0.01,1,1136,卖盘
2511,09:54:15,11.37,0.01,411,467306,买盘
2512,09:54:12,11.36,--,60,68160,卖盘
2513,09:54:09,11.36,--,46,52256,卖盘
2514,09:54:06,11.36,-0.01,29,32944,卖盘
2515,09:53:57,11.37,-0.01,191,217166,卖盘
2516,09:53:54,11.38,--,318,361884,买盘
2517,09:53:48,11.38,0.01,119,135422,买盘
2518,09:53:42,11.37,--,7,7958,卖盘
2519,09:53:39,11.37,-0.01,59,67083,卖盘
2520,09:53:30,11.38,--,97,110386,买盘
2521,09:53:21,11.38,0.01,5,5690,买盘
2522,09:53:18,11.37,-0.01,30,34110,卖盘
2523,09:53:09,11.38,--,10,11380,买盘
2524,09:53:06,11.38,--,28,31864,买盘
2525,09:53:03,11.38,--,49,55762,卖盘
2526,09:53:00,11.38,--,14,15932,卖盘
2527,09:52:57,11.38,--,9,10242,卖盘
2528,09:52:54,11.38,-0.01,30,34140,卖盘
2529,09:52:51,11.39,0.01,60,68340,买盘
2530,09:52:48,11.38,--,112,127456,卖盘
2531,09:52:45,11.38,--,50,56900,卖盘
2532,09:52:42,11.38,-0.01,17,19346,卖盘
2533,09:52:39,11.39,0.01,29,33031,买盘
2534,09:52:36,11.38,0.01,6,6828,买盘
2535,09:52:33,11.37,-0.01,101,114836,卖盘
2536,09:52:30,11.38,--,55,62590,买盘
2537,09:52:27,11.38,--,41,46658,买盘
2538,09:52:24,11.38,--,1,1138,买盘
2539,09:52:21,11.38,--,10,11380,买盘
2540,09:52:18,11.38,0.01,23,26174,买盘
2541,09:52:12,11.37,-0.01,4,4548,卖盘
2542,09:52:09,11.38,0.01,2,2276,买盘
2543,09:52:06,11.37,-0.01,41,46617,卖盘
2544,09:52:03,11.38,--,30,34140,买盘
2545,09:52:00,11.38,--,166,188908,卖盘
2546,09:51:57,11.38,-0.01,81,92178,卖盘
2547,09:51:51,11.39,--,33,37587,买盘
2548,09:51:48,11.39,0.01,284,323476,买盘
2549,09:51:42,11.38,-0.01,28,31864,卖盘
2550,09:51:33,11.39,0.01,54,61506,买盘
2551,09:51:30,11.38,-0.01,322,366436,卖盘
2552,09:51:27,11.39,0.01,1,1139,买盘
2553,09:51:21,11.38,-0.01,6,6828,卖盘
2554,09:51:18,11.39,--,1,1139,买盘
2555,09:51:15,11.39,--,200,227800,买盘
2556,09:51:06,11.39,--,111,126429,卖盘
2557,09:51:00,11.39,-0.01,1,1139,卖盘
2558,09:50:54,11.4,0.01,20,22800,买盘
2559,09:50:48,11.39,-0.01,80,91120,卖盘
2560,09:50:45,11.4,--,50,57000,买盘
2561,09:50:36,11.4,0.01,82,93480,买盘
2562,09:50:33,11.39,-0.01,253,288167,卖盘
2563,09:50:27,11.4,--,42,47880,买盘
2564,09:50:15,11.4,-0.01,172,196080,卖盘
2565,09:50:12,11.41,0.01,10,11410,买盘
2566,09:50:09,11.4,--,2,2280,卖盘
2567,09:50:06,11.4,-0.01,15,17100,卖盘
2568,09:50:03,11.41,0.01,6,6846,买盘
2569,09:49:57,11.4,--,25,28500,卖盘
2570,09:49:54,11.4,--,7,7980,卖盘
2571,09:49:51,11.4,--,10,11400,卖盘
2572,09:49:48,11.4,-0.01,16,18240,卖盘
2573,09:49:45,11.41,0.01,30,34230,买盘
2574,09:49:42,11.4,-0.01,204,232560,卖盘
2575,09:49:39,11.41,--,35,39935,买盘
2576,09:49:33,11.41,0.01,18,20538,买盘
2577,09:49:30,11.4,--,81,92340,买盘
2578,09:49:24,11.4,0.01,63,71820,买盘
2579,09:49:21,11.39,-0.01,303,345117,卖盘
2580,09:49:12,11.4,--,3,3420,买盘
2581,09:49:09,11.4,--,7,7980,卖盘
2582,09:49:06,11.4,--,5,5700,卖盘
2583,09:49:03,11.4,--,3,3420,卖盘
2584,09:48:57,11.4,--,10,11400,卖盘
2585,09:48:51,11.4,--,54,61560,买盘
2586,09:48:48,11.4,--,13,14820,买盘
2587,09:48:45,11.4,--,41,46740,买盘
2588,09:48:33,11.4,--,81,92340,买盘
2589,09:48:27,11.4,0.01,27,30780,买盘
2590,09:48:21,11.39,-0.01,81,92259,卖盘
2591,09:48:18,11.4,--,39,44460,买盘
2592,09:48:15,11.4,--,11,12540,买盘
2593,09:48:12,11.4,0.01,14,15960,买盘
2594,09:48:09,11.39,--,2,2278,卖盘
2595,09:48:06,11.39,--,10,11390,卖盘
2596,09:48:03,11.39,--,17,19363,卖盘
2597,09:48:00,11.39,--,100,113900,卖盘
2598,09:47:57,11.39,--,44,50116,卖盘
2599,09:47:54,11.39,-0.01,10,11390,卖盘
2600,09:47:51,11.4,0.01,102,116280,买盘
2601,09:47:48,11.39,-0.01,6,6834,卖盘
2602,09:47:45,11.4,--,58,66120,买盘
2603,09:47:42,11.4,--,120,136800,买盘
2604,09:47:39,11.4,0.01,10,11400,买盘
2605,09:47:36,11.39,--,6,6834,卖盘
2606,09:47:33,11.39,--,77,87703,卖盘
2607,09:47:30,11.39,--,6,6834,卖盘
2608,09:47:24,11.39,-0.01,268,305252,卖盘
2609,09:47:21,11.4,--,32,36480,买盘
2610,09:47:18,11.4,0.01,260,296400,买盘
2611,09:47:15,11.39,--,16,18224,卖盘
2612,09:47:12,11.39,-0.01,35,39865,卖盘
2613,09:47:09,11.4,0.01,22,25080,买盘
2614,09:47:06,11.39,--,68,77452,卖盘
2615,09:46:57,11.39,--,25,28793,卖盘
2616,09:46:45,11.39,-0.01,201,228939,卖盘
2617,09:46:42,11.4,--,242,275880,卖盘
2618,09:46:39,11.4,--,17,19380,卖盘
2619,09:46:36,11.4,--,5,5700,卖盘
2620,09:46:33,11.4,-0.01,205,233700,卖盘
2621,09:46:30,11.41,0.01,224,255584,买盘
2622,09:46:27,11.4,--,100,114000,卖盘
2623,09:46:24,11.4,--,30,34200,卖盘
2624,09:46:21,11.4,--,60,68400,卖盘
2625,09:46:18,11.4,-0.01,51,58140,卖盘
2626,09:46:15,11.41,--,69,78729,买盘
2627,09:46:12,11.41,--,74,84434,买盘
2628,09:46:03,11.41,--,242,276122,卖盘
2629,09:46:00,11.41,-0.01,26,29666,卖盘
2630,09:45:57,11.42,0.01,5,5710,买盘
2631,09:45:54,11.41,--,10,11410,卖盘
2632,09:45:51,11.41,--,230,262430,卖盘
2633,09:45:48,11.41,-0.01,5,5705,卖盘
2634,09:45:45,11.42,0.01,130,148460,买盘
2635,09:45:42,11.41,--,17,19397,卖盘
2636,09:45:39,11.41,--,164,187124,买盘
2637,09:45:36,11.41,--,1,1141,买盘
2638,09:45:33,11.41,0.01,195,222723,买盘
2639,09:45:30,11.4,-0.01,22,25080,卖盘
2640,09:45:27,11.41,--,24,27384,买盘
2641,09:45:24,11.41,--,24,27384,买盘
2642,09:45:21,11.41,--,105,119805,买盘
2643,09:45:18,11.41,--,67,76447,买盘
2644,09:45:15,11.41,0.01,402,458682,买盘
2645,09:45:12,11.4,-0.01,54,61560,卖盘
2646,09:45:09,11.41,--,28,31948,买盘
2647,09:45:06,11.41,0.01,24,27384,买盘
2648,09:45:00,11.4,--,13,14820,卖盘
2649,09:44:57,11.4,--,25,28500,卖盘
2650,09:44:54,11.4,-0.01,30,34200,卖盘
2651,09:44:51,11.41,--,1,1141,买盘
2652,09:44:42,11.41,--,124,141484,买盘
2653,09:44:39,11.41,--,32,36512,买盘
2654,09:44:36,11.41,--,12,13692,买盘
2655,09:44:33,11.41,--,12,13692,卖盘
2656,09:44:30,11.41,--,35,39935,卖盘
2657,09:44:27,11.41,0.01,1,1141,买盘
2658,09:44:24,11.4,--,40,45600,卖盘
2659,09:44:18,11.4,-0.01,539,614460,卖盘
2660,09:44:15,11.41,--,75,85575,买盘
2661,09:44:12,11.41,--,130,148330,买盘
2662,09:44:09,11.41,0.01,37,42217,买盘
2663,09:44:06,11.4,-0.01,42,47880,卖盘
2664,09:44:03,11.41,--,13,14833,买盘
2665,09:44:00,11.41,-0.01,62,70742,卖盘
2666,09:43:57,11.42,0.01,1,1142,买盘
2667,09:43:54,11.41,--,7,7987,买盘
2668,09:43:51,11.41,-0.01,68,77588,中性盘
2669,09:43:48,11.42,0.01,109,124478,买盘
2670,09:43:45,11.41,--,6,6846,买盘
2671,09:43:42,11.41,-0.01,49,55909,卖盘
2672,09:43:39,11.42,0.01,55,62810,买盘
2673,09:43:36,11.41,--,81,92421,卖盘
2674,09:43:33,11.41,--,15,17115,卖盘
2675,09:43:30,11.41,--,130,148330,卖盘
2676,09:43:27,11.41,-0.01,49,55909,卖盘
2677,09:43:24,11.42,0.01,84,95928,买盘
2678,09:43:21,11.41,-0.01,55,62755,卖盘
2679,09:43:18,11.42,--,77,87934,买盘
2680,09:43:15,11.42,0.01,23,26266,买盘
2681,09:43:12,11.41,-0.01,11,12551,卖盘
2682,09:43:09,11.42,0.01,107,122194,买盘
2683,09:43:06,11.41,--,20,22820,卖盘
2684,09:43:03,11.41,-0.01,13,14833,卖盘
2685,09:43:00,11.42,--,54,61668,买盘
2686,09:42:57,11.42,--,24,27408,买盘
2687,09:42:54,11.42,-0.01,13,14846,中性盘
2688,09:42:48,11.43,0.01,140,160020,买盘
2689,09:42:45,11.42,--,124,141608,买盘
2690,09:42:42,11.42,-0.01,141,161022,买盘
2691,09:42:39,11.43,0.01,302,345186,买盘
2692,09:42:36,11.42,0.01,8,9136,卖盘
2693,09:42:33,11.41,-0.01,598,682318,卖盘
2694,09:42:30,11.42,--,117,133614,买盘
2695,09:42:27,11.42,--,61,69662,买盘
2696,09:42:24,11.42,--,194,221548,买盘
2697,09:42:21,11.42,--,32,36544,买盘
2698,09:42:18,11.42,--,140,159880,买盘
2699,09:42:15,11.42,--,26,29692,买盘
2700,09:42:12,11.42,0.01,39,44538,买盘
2701,09:42:09,11.41,-0.01,99,112959,卖盘
2702,09:42:06,11.42,--,21,23982,买盘
2703,09:42:03,11.42,--,360,411120,买盘
2704,09:42:00,11.42,--,243,277506,买盘
2705,09:41:57,11.42,--,52,59384,买盘
2706,09:41:54,11.42,-0.01,645,736590,卖盘
2707,09:41:51,11.43,--,74,84582,买盘
2708,09:41:48,11.43,--,155,177165,买盘
2709,09:41:45,11.43,0.01,4,4572,买盘
2710,09:41:42,11.42,--,6,6852,买盘
2711,09:41:39,11.42,--,34,38828,卖盘
2712,09:41:33,11.42,-0.01,30,34260,卖盘
2713,09:41:30,11.43,0.01,36,41148,买盘
2714,09:41:27,11.42,--,13,14846,买盘
2715,09:41:24,11.42,-0.01,20,22840,卖盘
2716,09:41:21,11.43,--,39,44577,买盘
2717,09:41:18,11.43,--,122,139446,买盘
2718,09:41:12,11.43,--,301,344043,买盘
2719,09:41:09,11.43,0.02,219,250317,买盘
2720,09:41:06,11.41,--,19,21679,卖盘
2721,09:41:03,11.41,-0.01,27,30807,中性盘
2722,09:41:00,11.42,0.01,394,449948,买盘
2723,09:40:57,11.41,--,540,616140,卖盘
2724,09:40:54,11.41,--,50,57050,卖盘
2725,09:40:51,11.41,-0.01,11,12551,中性盘
2726,09:40:48,11.42,0.01,447,510474,买盘
2727,09:40:45,11.41,-0.01,44,50204,中性盘
2728,09:40:39,11.42,0.01,84,96053,买盘
2729,09:40:36,11.41,0.01,413,472248,买盘
2730,09:40:33,11.4,-0.01,50,57000,卖盘
2731,09:40:30,11.41,--,33,37653,买盘
2732,09:40:27,11.41,0.01,56,63896,买盘
2733,09:40:24,11.4,-0.01,40,45600,卖盘
2734,09:40:21,11.41,0.01,74,84434,买盘
2735,09:40:18,11.4,-0.01,15,17100,卖盘
2736,09:40:15,11.41,--,38,43358,买盘
2737,09:40:12,11.41,--,70,79870,买盘
2738,09:40:09,11.41,--,23,26243,买盘
2739,09:40:06,11.41,0.01,40,45640,买盘
2740,09:40:03,11.4,-0.01,44,50160,卖盘
2741,09:40:00,11.41,--,150,171150,买盘
2742,09:39:57,11.41,--,32,36512,买盘
2743,09:39:54,11.41,--,50,57050,买盘
2744,09:39:51,11.41,--,9,10269,买盘
2745,09:39:48,11.41,--,107,122087,买盘
2746,09:39:45,11.41,--,101,115241,买盘
2747,09:39:42,11.41,--,31,35371,买盘
2748,09:39:39,11.41,0.01,31,35371,买盘
2749,09:39:36,11.4,-0.01,136,155040,卖盘
2750,09:39:33,11.41,0.01,24,27384,买盘
2751,09:39:30,11.4,-0.01,20,22800,卖盘
2752,09:39:27,11.41,--,7,7987,买盘
2753,09:39:24,11.41,0.01,114,130074,买盘
2754,09:39:21,11.4,--,130,148200,卖盘
2755,09:39:18,11.4,--,6,6840,买盘
2756,09:39:15,11.4,--,49,55860,卖盘
2757,09:39:12,11.4,--,172,196080,买盘
2758,09:39:09,11.4,--,22,25080,买盘
2759,09:39:06,11.4,--,9,10260,买盘
2760,09:39:03,11.4,0.01,100,114000,买盘
2761,09:39:00,11.39,--,398,453322,买盘
2762,09:38:57,11.39,--,123,140097,卖盘
2763,09:38:54,11.39,-0.01,110,125290,卖盘
2764,09:38:51,11.4,0.01,98,111720,买盘
2765,09:38:48,11.39,-0.01,238,271082,卖盘
2766,09:38:45,11.4,--,138,157320,买盘
2767,09:38:42,11.4,--,60,68400,买盘
2768,09:38:39,11.4,--,43,49020,买盘
2769,09:38:36,11.4,0.01,109,124260,买盘
2770,09:38:33,11.39,--,39,44421,买盘
2771,09:38:30,11.39,--,79,89981,卖盘
2772,09:38:27,11.39,--,20,22780,卖盘
2773,09:38:24,11.39,--,18,20502,卖盘
2774,09:38:21,11.39,0.01,210,239190,买盘
2775,09:38:18,11.38,--,10,11380,卖盘
2776,09:38:15,11.38,-0.01,77,87626,卖盘
2777,09:38:12,11.39,--,209,238051,买盘
2778,09:38:09,11.39,--,55,62645,买盘
2779,09:38:06,11.39,0.01,27,30753,买盘
2780,09:38:03,11.38,--,38,43244,卖盘
2781,09:38:00,11.38,-0.01,37,42106,卖盘
2782,09:37:57,11.39,--,109,124151,卖盘
2783,09:37:54,11.39,-0.01,507,577473,卖盘
2784,09:37:51,11.4,--,14,15960,买盘
2785,09:37:48,11.4,0.01,105,119700,买盘
2786,09:37:45,11.39,-0.01,200,227800,卖盘
2787,09:37:42,11.4,--,224,255360,卖盘
2788,09:37:39,11.4,--,43,49020,卖盘
2789,09:37:36,11.4,--,59,67260,买盘
2790,09:37:33,11.4,--,173,197345,卖盘
2791,09:37:30,11.4,--,26,29640,卖盘
2792,09:37:27,11.4,-0.01,120,136800,卖盘
2793,09:37:24,11.41,0.01,16,18256,买盘
2794,09:37:21,11.4,--,211,240540,卖盘
2795,09:37:18,11.4,--,78,88920,卖盘
2796,09:37:15,11.4,-0.01,130,148200,卖盘
2797,09:37:12,11.41,-0.01,165,188265,卖盘
2798,09:37:09,11.42,--,25,28550,买盘
2799,09:37:06,11.42,--,254,290068,买盘
2800,09:37:03,11.42,0.01,182,207844,买盘
2801,09:37:00,11.41,--,40,45640,卖盘
2802,09:36:57,11.41,-0.01,432,492912,卖盘
2803,09:36:54,11.42,--,15,17130,买盘
2804,09:36:51,11.42,--,55,62810,卖盘
2805,09:36:48,11.42,--,317,362014,卖盘
2806,09:36:45,11.42,--,640,730880,卖盘
2807,09:36:42,11.42,--,33,37686,卖盘
2808,09:36:39,11.42,--,80,91360,卖盘
2809,09:36:36,11.42,-0.01,209,238678,卖盘
2810,09:36:33,11.43,--,130,148590,买盘
2811,09:36:30,11.43,--,24,27432,买盘
2812,09:36:27,11.43,0.01,11,12573,买盘
2813,09:36:24,11.42,-0.01,1,1142,卖盘
2814,09:36:21,11.43,--,148,169164,买盘
2815,09:36:15,11.43,--,11,12573,卖盘
2816,09:36:12,11.43,-0.01,25,28575,中性盘
2817,09:36:09,11.44,0.02,57,65208,买盘
2818,09:36:06,11.42,-0.02,262,299204,卖盘
2819,09:36:03,11.44,--,169,193336,买盘
2820,09:36:00,11.44,0.02,3,3432,买盘
2821,09:35:57,11.42,-0.01,105,119910,卖盘
2822,09:35:54,11.43,--,1,1143,卖盘
2823,09:35:51,11.43,-0.01,266,304038,卖盘
2824,09:35:48,11.44,--,22,25168,买盘
2825,09:35:45,11.44,--,45,51480,买盘
2826,09:35:39,11.44,--,48,54912,卖盘
2827,09:35:36,11.44,--,44,50336,卖盘
2828,09:35:33,11.44,--,98,112112,卖盘
