,time,price,change,volume,amount,type
0,15:00:03,7.55,--,5014,3786257,买盘
1,14:57:00,7.55,0.01,522,394110,买盘
2,14:56:57,7.54,-0.01,10,7540,卖盘
3,14:56:54,7.55,--,224,169807,买盘
4,14:56:51,7.55,--,1,1351,买盘
5,14:56:48,7.55,0.01,151,114005,买盘
6,14:56:45,7.54,-0.01,589,444106,卖盘
7,14:56:42,7.55,--,51,38505,买盘
8,14:56:39,7.55,--,21,15855,买盘
9,14:56:36,7.55,--,20,15100,买盘
10,14:56:33,7.55,--,44,33220,买盘
11,14:56:30,7.55,--,75,56625,买盘
12,14:56:27,7.55,--,43,32465,买盘
13,14:56:21,7.55,--,5,3775,买盘
14,14:56:18,7.55,--,32,24160,买盘
15,14:56:12,7.55,--,211,159305,买盘
16,14:56:09,7.55,--,26,19630,买盘
17,14:56:06,7.55,--,10,7550,买盘
18,14:56:03,7.55,0.01,3,2265,买盘
19,14:56:00,7.54,--,96,72384,卖盘
20,14:55:57,7.54,-0.01,5,3770,卖盘
21,14:55:51,7.55,--,63,47565,买盘
22,14:55:48,7.55,--,6098,4603990,买盘
23,14:55:45,7.55,--,14,10570,买盘
24,14:55:42,7.55,--,26,19630,买盘
25,14:55:39,7.55,--,22,16610,买盘
26,14:55:36,7.55,--,311,234805,买盘
27,14:55:33,7.55,--,103,77765,买盘
28,14:55:24,7.55,--,11,8305,买盘
29,14:55:21,7.55,0.01,10,7550,买盘
30,14:55:18,7.54,--,15,11310,卖盘
31,14:55:15,7.54,-0.01,76,57304,卖盘
32,14:55:12,7.55,0.01,550,415250,买盘
33,14:55:09,7.54,--,3,2262,卖盘
34,14:55:06,7.54,--,19,14326,卖盘
35,14:55:03,7.54,--,125,94250,卖盘
36,14:54:57,7.54,-0.01,84,63336,卖盘
37,14:54:54,7.55,0.01,150,113250,买盘
38,14:54:48,7.54,--,48,36192,卖盘
39,14:54:45,7.54,--,17,12818,卖盘
40,14:54:39,7.54,-0.01,228,171912,卖盘
41,14:54:36,7.55,--,126,95130,买盘
42,14:54:33,7.55,0.01,364,274820,买盘
43,14:54:30,7.54,-0.01,81,61074,卖盘
44,14:54:27,7.55,--,51,38505,买盘
45,14:54:21,7.55,--,2,1510,买盘
46,14:54:18,7.55,0.01,248,187240,买盘
47,14:54:15,7.54,-0.01,4,3016,卖盘
48,14:54:06,7.55,--,13,9815,买盘
49,14:54:03,7.55,--,183,138165,买盘
50,14:54:00,7.55,0.01,56,42280,买盘
51,14:53:57,7.54,--,2,1508,卖盘
52,14:53:48,7.54,--,287,216398,卖盘
53,14:53:45,7.54,-0.01,360,271440,卖盘
54,14:53:42,7.55,--,264,199320,买盘
55,14:53:39,7.55,0.01,27,20385,买盘
56,14:53:36,7.54,--,30,22620,卖盘
57,14:53:33,7.54,--,165,124410,卖盘
58,14:53:27,7.54,-0.01,30,22620,卖盘
59,14:53:24,7.55,0.01,63,47565,买盘
60,14:53:21,7.54,-0.01,110,82940,卖盘
61,14:53:18,7.55,0.01,28,21140,买盘
62,14:53:15,7.54,--,1,754,卖盘
63,14:53:12,7.54,--,29,21866,卖盘
64,14:53:09,7.54,-0.01,222,167388,卖盘
65,14:53:06,7.55,--,3,2265,买盘
66,14:53:03,7.55,--,4,3020,买盘
67,14:52:57,7.55,--,34,25670,买盘
68,14:52:54,7.55,--,110,83050,买盘
69,14:52:51,7.55,0.01,1,755,买盘
70,14:52:48,7.54,--,44,33176,卖盘
71,14:52:45,7.54,-0.01,14,10556,卖盘
72,14:52:42,7.55,--,22,16610,买盘
73,14:52:39,7.55,--,2,1510,买盘
74,14:52:36,7.55,0.01,23,17365,买盘
75,14:52:33,7.54,-0.01,28,21112,卖盘
76,14:52:30,7.55,--,85,64175,买盘
77,14:52:27,7.55,0.01,63,47565,买盘
78,14:52:24,7.54,-0.01,10,7540,卖盘
79,14:52:18,7.55,0.01,1,755,买盘
80,14:52:15,7.54,--,50,37700,卖盘
81,14:52:12,7.54,--,14,10556,卖盘
82,14:52:09,7.54,--,4,3016,卖盘
83,14:52:06,7.54,-0.01,4,3016,卖盘
84,14:52:03,7.55,0.01,4,3020,买盘
85,14:51:57,7.54,-0.01,33,24882,卖盘
86,14:51:54,7.55,--,174,131370,买盘
87,14:51:51,7.55,--,512,386560,买盘
88,14:51:48,7.55,0.01,15,11325,买盘
89,14:51:45,7.54,-0.01,52,39208,卖盘
90,14:51:42,7.55,0.01,23,17365,买盘
91,14:51:39,7.54,--,160,120640,卖盘
92,14:51:36,7.54,--,3,2262,卖盘
93,14:51:33,7.54,--,8,6032,卖盘
94,14:51:30,7.54,-0.01,263,198302,卖盘
95,14:51:27,7.55,--,3,2265,买盘
96,14:51:24,7.55,--,268,202340,买盘
97,14:51:21,7.55,--,24,18120,买盘
98,14:51:18,7.55,--,28,21140,买盘
99,14:51:15,7.55,--,35,26425,买盘
100,14:51:12,7.55,--,41,30955,买盘
101,14:51:09,7.55,--,6,4530,买盘
102,14:51:06,7.55,--,12,9060,买盘
103,14:51:03,7.55,--,118,89090,买盘
104,14:51:00,7.55,--,204,154020,买盘
105,14:50:57,7.55,--,224,169120,买盘
106,14:50:54,7.55,--,202,152510,买盘
107,14:50:51,7.55,0.01,13,9815,买盘
108,14:50:48,7.54,--,519,391326,卖盘
109,14:50:42,7.54,-0.01,68,51272,卖盘
110,14:50:39,7.55,--,109,82295,买盘
111,14:50:36,7.55,0.01,27,20385,买盘
112,14:50:33,7.54,-0.01,6,4524,卖盘
113,14:50:30,7.55,0.01,43,32465,买盘
114,14:50:27,7.54,--,494,372476,卖盘
115,14:50:24,7.54,--,4,3016,卖盘
116,14:50:21,7.54,--,37,27898,卖盘
117,14:50:18,7.54,--,10,7540,卖盘
118,14:50:15,7.54,-0.01,9,6786,卖盘
119,14:50:12,7.55,0.01,20,15100,买盘
120,14:50:06,7.54,-0.01,120,90480,卖盘
121,14:50:03,7.55,--,9,6795,买盘
122,14:50:00,7.55,--,3,2265,买盘
123,14:49:57,7.55,--,272,205360,买盘
124,14:49:54,7.55,0.01,7,5285,买盘
125,14:49:51,7.54,--,17,12818,卖盘
126,14:49:45,7.54,--,5,3770,卖盘
127,14:49:42,7.54,-0.01,21,15834,卖盘
128,14:49:39,7.55,0.01,23,17365,买盘
129,14:49:36,7.54,-0.01,2089,1575106,卖盘
130,14:49:33,7.55,--,5,3775,买盘
131,14:49:30,7.55,0.01,1,755,买盘
132,14:49:27,7.54,-0.01,15,11310,卖盘
133,14:49:24,7.55,0.01,31,23405,买盘
134,14:49:18,7.54,--,1,754,卖盘
135,14:49:15,7.54,--,25,18850,卖盘
136,14:49:09,7.54,--,17,12818,卖盘
137,14:49:06,7.54,-0.01,12,9651,卖盘
138,14:49:03,7.55,0.01,5,3775,买盘
139,14:49:00,7.54,--,36,27144,卖盘
140,14:48:57,7.54,-0.01,5,3770,卖盘
141,14:48:54,7.55,0.01,5,3775,买盘
142,14:48:51,7.54,--,30,22620,卖盘
143,14:48:48,7.54,--,6,4524,卖盘
144,14:48:45,7.54,-0.01,17,12818,卖盘
145,14:48:42,7.55,0.01,66,49830,买盘
146,14:48:39,7.54,--,55,41470,卖盘
147,14:48:36,7.54,-0.01,7,5278,卖盘
148,14:48:33,7.55,--,14,10570,买盘
149,14:48:27,7.55,0.01,5,3775,买盘
150,14:48:21,7.54,--,63,47502,卖盘
151,14:48:18,7.54,-0.01,67,50518,卖盘
152,14:48:15,7.55,0.01,2,1510,买盘
153,14:48:12,7.54,--,140,105560,卖盘
154,14:48:06,7.54,--,7,5278,卖盘
155,14:48:03,7.54,--,3,2262,卖盘
156,14:47:57,7.54,--,1,754,卖盘
157,14:47:54,7.54,-0.01,4,3016,卖盘
158,14:47:51,7.55,0.01,16,12080,买盘
159,14:47:48,7.54,--,1,754,卖盘
160,14:47:45,7.54,-0.01,74,55796,卖盘
161,14:47:42,7.55,--,38,28690,买盘
162,14:47:39,7.55,--,57,43035,买盘
163,14:47:36,7.55,--,9,6795,买盘
164,14:47:33,7.55,--,4,3020,买盘
165,14:47:30,7.55,0.01,2,1510,买盘
166,14:47:27,7.54,--,50,37700,卖盘
167,14:47:24,7.54,--,5,3770,卖盘
168,14:47:18,7.54,--,3,2262,卖盘
169,14:47:15,7.54,-0.01,7,5278,卖盘
170,14:47:12,7.55,0.01,82,61910,买盘
171,14:47:09,7.54,--,5,3770,卖盘
172,14:47:06,7.54,-0.01,97,73138,卖盘
173,14:47:03,7.55,--,6,4530,买盘
174,14:47:00,7.55,--,34,25670,买盘
175,14:46:57,7.55,0.01,55,41525,买盘
176,14:46:54,7.54,-0.01,30,22620,卖盘
177,14:46:48,7.55,--,14,10570,买盘
178,14:46:45,7.55,--,79,59645,买盘
179,14:46:42,7.55,--,13,9815,买盘
180,14:46:39,7.55,0.01,114,86070,买盘
181,14:46:36,7.54,-0.01,9,6786,卖盘
182,14:46:33,7.55,0.01,4,3020,买盘
183,14:46:30,7.54,--,25,18850,卖盘
184,14:46:27,7.54,-0.01,130,98020,卖盘
185,14:46:24,7.55,--,21,15855,买盘
186,14:46:21,7.55,--,71,53605,买盘
187,14:46:18,7.55,--,29,21895,买盘
188,14:46:15,7.55,--,20,15100,买盘
189,14:46:12,7.55,0.01,25,18875,买盘
190,14:46:09,7.54,--,1,754,卖盘
191,14:46:06,7.54,--,11,8294,卖盘
192,14:46:03,7.54,-0.01,7,5278,卖盘
193,14:46:00,7.55,0.01,154,116270,买盘
194,14:45:57,7.54,--,50,37700,卖盘
195,14:45:54,7.54,-0.01,6,4524,卖盘
196,14:45:51,7.55,0.01,2,1510,买盘
197,14:45:48,7.54,-0.01,22,16588,卖盘
198,14:45:45,7.55,0.01,2,1510,买盘
199,14:45:42,7.54,-0.01,45,33930,卖盘
200,14:45:39,7.55,--,60,45300,买盘
201,14:45:36,7.55,--,3,2265,买盘
202,14:45:33,7.55,0.01,4,3020,买盘
203,14:45:30,7.54,--,22,16588,卖盘
204,14:45:27,7.54,-0.01,10,7540,卖盘
205,14:45:24,7.55,0.01,46,34730,买盘
206,14:45:18,7.54,-0.01,25,18850,卖盘
207,14:45:15,7.55,0.01,11,8305,买盘
208,14:45:12,7.54,--,60,45240,买盘
209,14:45:09,7.54,--,31,23374,买盘
210,14:45:06,7.54,0.01,52,39208,买盘
211,14:45:03,7.53,-0.01,2,1506,卖盘
212,14:45:00,7.54,--,104,78416,买盘
213,14:44:57,7.54,--,2,1508,买盘
214,14:44:54,7.54,--,112,84448,卖盘
215,14:44:51,7.54,--,1,754,卖盘
216,14:44:48,7.54,-0.01,3,2262,卖盘
217,14:44:42,7.55,--,13,9815,买盘
218,14:44:36,7.55,0.02,25,18875,买盘
219,14:44:33,7.53,--,11,8283,卖盘
220,14:44:30,7.53,-0.02,11,8283,卖盘
221,14:44:27,7.55,0.01,387,292185,买盘
222,14:44:24,7.54,-0.01,6,5179,卖盘
223,14:44:21,7.55,0.01,60,45300,买盘
224,14:44:18,7.54,-0.01,17,12818,卖盘
225,14:44:15,7.55,--,3,2265,买盘
226,14:44:12,7.55,--,333,251415,买盘
227,14:44:09,7.55,0.01,12,9060,买盘
228,14:44:06,7.54,--,100,75400,卖盘
229,14:44:03,7.54,-0.01,29,21866,卖盘
230,14:44:00,7.55,0.01,4,3020,买盘
231,14:43:57,7.54,--,3,2262,卖盘
232,14:43:54,7.54,--,25,18850,卖盘
233,14:43:51,7.54,-0.01,7,5278,卖盘
234,14:43:48,7.55,0.01,28,21140,买盘
235,14:43:45,7.54,--,19,14326,卖盘
236,14:43:42,7.54,-0.01,20,15080,卖盘
237,14:43:39,7.55,--,76,57380,买盘
238,14:43:33,7.55,0.01,45,33975,买盘
239,14:43:30,7.54,--,85,64429,卖盘
240,14:43:27,7.54,--,9,6786,卖盘
241,14:43:18,7.54,--,6,4524,卖盘
242,14:43:15,7.54,--,503,379262,卖盘
243,14:43:12,7.54,--,65,49010,卖盘
244,14:43:06,7.54,--,54,40716,卖盘
245,14:43:03,7.54,--,37,27898,卖盘
246,14:43:00,7.54,--,94,70876,卖盘
247,14:42:57,7.54,--,1029,776378,卖盘
248,14:42:54,7.54,-0.01,22,16588,卖盘
249,14:42:51,7.55,--,88,66440,买盘
250,14:42:48,7.55,0.01,21,15855,买盘
251,14:42:45,7.54,-0.01,3,2262,卖盘
252,14:42:39,7.55,--,36,27180,买盘
253,14:42:36,7.55,0.01,168,126840,买盘
254,14:42:33,7.54,--,15,11310,卖盘
255,14:42:30,7.54,--,16,12064,卖盘
256,14:42:27,7.54,--,105,79170,卖盘
257,14:42:24,7.54,-0.01,22,16588,卖盘
258,14:42:21,7.55,--,3,2265,买盘
259,14:42:18,7.55,--,261,197055,买盘
260,14:42:15,7.55,0.01,1,755,买盘
261,14:42:12,7.54,--,41,30914,卖盘
262,14:42:09,7.54,--,17,12818,卖盘
263,14:42:06,7.54,--,1,754,卖盘
264,14:42:03,7.54,--,14,10556,卖盘
265,14:42:00,7.54,-0.01,15,11310,卖盘
266,14:41:54,7.55,--,7,5285,买盘
267,14:41:51,7.55,--,2,1510,买盘
268,14:41:48,7.55,0.01,173,130615,买盘
269,14:41:45,7.54,-0.01,11,8294,卖盘
270,14:41:42,7.55,0.01,270,203850,买盘
271,14:41:39,7.54,--,101,76154,卖盘
272,14:41:33,7.54,--,14,10556,卖盘
273,14:41:30,7.54,--,16,12064,卖盘
274,14:41:27,7.54,--,5,3770,卖盘
275,14:41:21,7.54,-0.01,7,5278,卖盘
276,14:41:18,7.55,--,2,1510,买盘
277,14:41:15,7.55,--,101,76255,买盘
278,14:41:12,7.55,--,12,9060,买盘
279,14:41:09,7.55,0.01,11,8305,买盘
280,14:41:06,7.54,--,17,12818,卖盘
281,14:41:03,7.54,--,42,31668,卖盘
282,14:41:00,7.54,-0.01,18,13572,卖盘
283,14:40:57,7.55,--,16,12080,买盘
284,14:40:54,7.55,--,1,755,买盘
285,14:40:51,7.55,--,25,18875,买盘
286,14:40:48,7.55,0.01,5,3775,买盘
287,14:40:45,7.54,-0.01,207,156078,卖盘
288,14:40:42,7.55,--,12,9060,买盘
289,14:40:39,7.55,0.01,70,52850,买盘
290,14:40:33,7.54,--,30,22620,卖盘
291,14:40:30,7.54,-0.01,53,39962,卖盘
292,14:40:27,7.55,0.01,20,15100,买盘
293,14:40:24,7.54,--,1,754,卖盘
294,14:40:21,7.54,--,224,168896,卖盘
295,14:40:15,7.54,-0.01,6,4524,卖盘
296,14:40:12,7.55,--,70,52850,买盘
297,14:40:09,7.55,0.01,10,7550,买盘
298,14:40:03,7.54,--,43,32422,卖盘
299,14:40:00,7.54,--,15,11310,卖盘
300,14:39:57,7.54,--,10,7540,卖盘
301,14:39:54,7.54,--,1,754,卖盘
302,14:39:51,7.54,--,40,30160,买盘
303,14:39:48,7.54,--,42,31668,买盘
304,14:39:45,7.54,--,32,24128,买盘
305,14:39:42,7.54,-0.01,227,171158,卖盘
306,14:39:39,7.55,--,11,8305,买盘
307,14:39:36,7.55,0.02,127,95885,买盘
308,14:39:33,7.53,--,11,8283,卖盘
309,14:39:30,7.53,-0.02,31,23343,卖盘
310,14:39:27,7.55,--,35,26425,买盘
311,14:39:24,7.55,--,6,4530,买盘
312,14:39:18,7.55,0.02,10,7550,买盘
313,14:39:15,7.53,-0.01,21,15813,卖盘
314,14:39:12,7.54,--,5,3770,卖盘
315,14:39:09,7.54,0.01,170,128308,买盘
316,14:39:03,7.53,--,28,21084,卖盘
317,14:39:00,7.53,--,97,73041,卖盘
318,14:38:54,7.53,--,11,8283,卖盘
319,14:38:48,7.53,--,61,45933,卖盘
320,14:38:45,7.53,-0.01,25,18825,卖盘
321,14:38:42,7.54,--,3,2262,买盘
322,14:38:39,7.54,0.01,10,7540,买盘
323,14:38:33,7.53,--,11,8283,卖盘
324,14:38:30,7.53,-0.01,15,11295,卖盘
325,14:38:27,7.54,--,3,2262,买盘
326,14:38:24,7.54,--,260,196040,买盘
327,14:38:21,7.54,--,8,6032,买盘
328,14:38:18,7.54,--,11,8294,买盘
329,14:38:15,7.54,--,22,16588,买盘
330,14:38:09,7.54,--,24,18096,买盘
331,14:38:06,7.54,--,925,698075,卖盘
332,14:38:03,7.54,--,281,211874,卖盘
333,14:38:00,7.54,--,158,119132,卖盘
334,14:37:54,7.54,--,1257,947778,卖盘
335,14:37:51,7.54,--,2,1508,卖盘
336,14:37:48,7.54,--,34,25636,卖盘
337,14:37:45,7.54,--,50,37700,卖盘
338,14:37:42,7.54,-0.01,1,754,卖盘
339,14:37:39,7.55,--,10,7550,买盘
340,14:37:36,7.55,0.01,38,28690,买盘
341,14:37:33,7.54,--,21,15834,卖盘
342,14:37:30,7.54,--,15,11310,卖盘
343,14:37:24,7.54,-0.01,38,28652,卖盘
344,14:37:18,7.55,--,5,3775,买盘
345,14:37:09,7.55,0.01,11,8305,买盘
346,14:37:03,7.54,--,17,12818,卖盘
347,14:37:00,7.54,-0.01,104,78416,卖盘
348,14:36:57,7.55,0.01,19,14345,买盘
349,14:36:54,7.54,--,222,167388,卖盘
350,14:36:51,7.54,--,19,14326,卖盘
351,14:36:45,7.54,-0.01,26,19604,卖盘
352,14:36:39,7.55,0.01,11,8305,买盘
353,14:36:36,7.54,--,89,67106,卖盘
354,14:36:33,7.54,--,36,27144,卖盘
355,14:36:30,7.54,--,20,15080,卖盘
356,14:36:27,7.54,--,250,188500,卖盘
357,14:36:24,7.54,-0.01,7,5278,卖盘
358,14:36:21,7.55,0.01,27,20385,买盘
359,14:36:18,7.54,--,3,2262,卖盘
360,14:36:15,7.54,--,10,7540,卖盘
361,14:36:12,7.54,-0.01,24,18096,卖盘
362,14:36:09,7.55,0.01,40,30200,买盘
363,14:36:03,7.54,--,41,30914,卖盘
364,14:36:00,7.54,--,20,15080,卖盘
365,14:35:51,7.54,--,64,48256,卖盘
366,14:35:45,7.54,--,26,19604,卖盘
367,14:35:42,7.54,-0.01,20,15080,卖盘
368,14:35:39,7.55,0.01,33,24915,买盘
369,14:35:36,7.54,--,122,91988,卖盘
370,14:35:33,7.54,-0.01,14,10556,卖盘
371,14:35:30,7.55,--,37,27935,买盘
372,14:35:24,7.55,0.01,20,15100,买盘
373,14:35:18,7.54,-0.01,1,754,卖盘
374,14:35:15,7.55,--,2,1510,买盘
375,14:35:12,7.55,0.01,74,55870,买盘
376,14:35:09,7.54,--,41,30914,卖盘
377,14:35:03,7.54,-0.01,14,10556,卖盘
378,14:35:00,7.55,--,18,13590,买盘
379,14:34:54,7.55,--,5,3775,买盘
380,14:34:51,7.55,0.01,50,37750,买盘
381,14:34:48,7.54,--,14,10556,卖盘
382,14:34:45,7.54,--,28,21112,卖盘
383,14:34:42,7.54,-0.01,236,177944,卖盘
384,14:34:39,7.55,--,10,7550,买盘
385,14:34:36,7.55,0.01,11,8305,买盘
386,14:34:33,7.54,--,14,10556,卖盘
387,14:34:30,7.54,-0.01,15,11310,卖盘
388,14:34:27,7.55,--,143,107965,买盘
389,14:34:24,7.55,--,22,16610,买盘
390,14:34:21,7.55,0.01,2,1510,买盘
391,14:34:18,7.54,-0.01,1,754,卖盘
392,14:34:09,7.55,0.01,11,8305,买盘
393,14:34:06,7.54,--,57,42978,卖盘
394,14:34:03,7.54,--,100,75400,卖盘
395,14:34:00,7.54,-0.01,46,34684,卖盘
396,14:33:57,7.55,0.01,134,101170,买盘
397,14:33:54,7.54,--,5,3770,卖盘
398,14:33:48,7.54,--,4,3016,卖盘
399,14:33:45,7.54,--,91,68614,卖盘
400,14:33:39,7.54,--,30,22620,卖盘
401,14:33:33,7.54,--,34,25636,卖盘
402,14:33:30,7.54,--,33,24882,卖盘
403,14:33:27,7.54,--,50,37700,卖盘
404,14:33:18,7.54,--,117,88218,卖盘
405,14:33:15,7.54,--,12,9048,卖盘
406,14:33:12,7.54,--,12,9048,卖盘
407,14:33:09,7.54,-0.01,37,27898,卖盘
408,14:33:06,7.55,0.01,12,9060,买盘
409,14:33:03,7.54,--,15,11310,卖盘
410,14:33:00,7.54,--,19,14326,卖盘
411,14:32:54,7.54,--,133,100282,卖盘
412,14:32:51,7.54,--,9,6786,卖盘
413,14:32:48,7.54,--,1,754,卖盘
414,14:32:45,7.54,--,25,18850,卖盘
415,14:32:42,7.54,--,986,743444,卖盘
416,14:32:39,7.54,--,20,15080,卖盘
417,14:32:36,7.54,--,18,13572,卖盘
418,14:32:33,7.54,--,37,27898,卖盘
419,14:32:30,7.54,--,28,21112,卖盘
420,14:32:21,7.54,--,4,3016,卖盘
421,14:32:18,7.54,--,5,3770,卖盘
422,14:32:15,7.54,--,3,2262,卖盘
423,14:32:12,7.54,-0.01,1,754,卖盘
424,14:32:09,7.55,0.01,57,43035,买盘
425,14:32:06,7.54,--,19,14326,卖盘
426,14:32:03,7.54,--,55,41470,卖盘
427,14:32:00,7.54,--,22,16588,卖盘
428,14:31:57,7.54,--,311,234494,卖盘
429,14:31:51,7.54,-0.01,1,754,卖盘
430,14:31:48,7.55,0.01,189,142695,买盘
431,14:31:45,7.54,--,32,24128,卖盘
432,14:31:42,7.54,-0.01,18,13572,卖盘
433,14:31:39,7.55,0.01,531,400905,买盘
434,14:31:36,7.54,--,6,4524,卖盘
435,14:31:33,7.54,--,14,10556,卖盘
436,14:31:30,7.54,-0.01,48,36192,卖盘
437,14:31:21,7.55,0.01,33,24915,买盘
438,14:31:18,7.54,--,9,6786,卖盘
439,14:31:15,7.54,--,3,2262,卖盘
440,14:31:12,7.54,-0.01,6,4524,卖盘
441,14:31:09,7.55,0.01,31,23405,买盘
442,14:31:06,7.54,--,30,22620,卖盘
443,14:31:03,7.54,--,67,50518,卖盘
444,14:31:00,7.54,--,23,17342,卖盘
445,14:30:51,7.54,--,8,6032,卖盘
446,14:30:45,7.54,--,140,105560,卖盘
447,14:30:42,7.54,-0.01,1,754,卖盘
448,14:30:39,7.55,0.01,11,8305,买盘
449,14:30:36,7.54,--,118,89703,卖盘
450,14:30:33,7.54,--,40,30160,卖盘
451,14:30:30,7.54,-0.01,16,12064,卖盘
452,14:30:27,7.55,--,33,24915,买盘
453,14:30:24,7.55,--,53,40015,买盘
454,14:30:21,7.55,--,104,78520,买盘
455,14:30:18,7.55,0.01,10,7550,买盘
456,14:30:15,7.54,--,57,42978,卖盘
457,14:30:12,7.54,-0.01,3,2262,卖盘
458,14:30:09,7.55,0.01,24,18120,买盘
459,14:30:06,7.54,-0.01,21,15834,卖盘
460,14:30:03,7.55,0.01,27,20385,买盘
461,14:30:00,7.54,--,15,11310,卖盘
462,14:29:54,7.54,-0.01,16,12064,卖盘
463,14:29:48,7.55,0.01,527,397885,买盘
464,14:29:45,7.54,--,46,34684,卖盘
465,14:29:42,7.54,-0.01,30,22620,卖盘
466,14:29:36,7.55,0.01,251,189505,买盘
467,14:29:33,7.54,--,15,11310,卖盘
468,14:29:30,7.54,--,26,19604,卖盘
469,14:29:24,7.54,--,3,2262,卖盘
470,14:29:21,7.54,--,52,39208,卖盘
471,14:29:18,7.54,--,7,5278,卖盘
472,14:29:15,7.54,--,3,2262,卖盘
473,14:29:12,7.54,-0.01,1,754,卖盘
474,14:29:06,7.55,0.01,15,11325,买盘
475,14:29:03,7.54,--,94,70876,卖盘
476,14:29:00,7.54,--,27,20358,卖盘
477,14:28:57,7.54,--,20,15080,卖盘
478,14:28:54,7.54,--,104,78416,卖盘
479,14:28:51,7.54,--,19,14326,卖盘
480,14:28:48,7.54,--,1,754,卖盘
481,14:28:45,7.54,--,25,18850,卖盘
482,14:28:42,7.54,--,15,11310,卖盘
483,14:28:39,7.54,-0.01,21,15834,卖盘
484,14:28:36,7.55,0.01,22,16610,买盘
485,14:28:33,7.54,--,14,10556,卖盘
486,14:28:30,7.54,--,22,16588,卖盘
487,14:28:27,7.54,--,2,1508,卖盘
488,14:28:24,7.54,--,1,754,卖盘
489,14:28:21,7.54,--,2,1508,卖盘
490,14:28:18,7.54,--,1,754,卖盘
491,14:28:12,7.54,--,18,13572,卖盘
492,14:28:06,7.54,--,32,24128,卖盘
493,14:28:03,7.54,-0.01,19,14326,卖盘
494,14:28:00,7.55,0.01,46,34730,买盘
495,14:27:57,7.54,--,23,17342,卖盘
496,14:27:54,7.54,--,55,41470,卖盘
497,14:27:51,7.54,--,32,24128,卖盘
498,14:27:48,7.54,--,3,2262,卖盘
499,14:27:45,7.54,--,90,67860,卖盘
500,14:27:42,7.54,--,1,754,卖盘
501,14:27:36,7.54,--,13,9802,卖盘
502,14:27:33,7.54,--,52,39208,卖盘
503,14:27:30,7.54,--,23,17342,卖盘
504,14:27:27,7.54,--,4,3016,卖盘
505,14:27:15,7.54,--,9,6786,卖盘
506,14:27:12,7.54,--,57,42978,卖盘
507,14:27:09,7.54,-0.01,84,63486,卖盘
508,14:27:06,7.55,0.01,33,24915,买盘
509,14:27:03,7.54,--,14,10556,卖盘
510,14:27:00,7.54,-0.01,62,46748,卖盘
511,14:26:57,7.55,--,14,10570,买盘
512,14:26:48,7.55,0.01,30,22650,买盘
513,14:26:45,7.54,--,45,33930,卖盘
514,14:26:42,7.54,--,1,754,卖盘
515,14:26:39,7.54,--,5,3770,卖盘
516,14:26:36,7.54,-0.01,17,12818,卖盘
517,14:26:33,7.55,0.01,15,11325,买盘
518,14:26:30,7.54,--,23,17342,卖盘
519,14:26:27,7.54,--,14,10556,卖盘
520,14:26:24,7.54,-0.01,284,214136,卖盘
521,14:26:21,7.55,--,1,755,买盘
522,14:26:18,7.55,0.01,1,755,买盘
523,14:26:15,7.54,--,2,1508,卖盘
524,14:26:12,7.54,--,1,754,卖盘
525,14:26:06,7.54,--,14,10556,卖盘
526,14:26:03,7.54,--,28,21112,卖盘
527,14:26:00,7.54,--,42,31668,卖盘
528,14:25:57,7.54,-0.01,19,14326,卖盘
529,14:25:54,7.55,--,2,1510,买盘
530,14:25:51,7.55,0.01,25,18875,买盘
531,14:25:48,7.54,--,155,116870,卖盘
532,14:25:45,7.54,--,26,19604,卖盘
533,14:25:42,7.54,--,2,1508,卖盘
534,14:25:39,7.54,--,159,119886,卖盘
535,14:25:36,7.54,-0.01,33,24882,卖盘
536,14:25:33,7.55,--,15,11325,买盘
537,14:25:30,7.55,0.01,59,44545,买盘
538,14:25:27,7.54,-0.01,15,11310,卖盘
539,14:25:24,7.55,0.01,4,3020,买盘
540,14:25:21,7.54,--,396,298584,卖盘
541,14:25:18,7.54,--,171,128934,卖盘
542,14:25:15,7.54,--,128,96512,卖盘
543,14:25:12,7.54,-0.01,1,754,卖盘
544,14:25:09,7.55,0.01,2,1510,买盘
545,14:25:06,7.54,-0.01,19,14326,卖盘
546,14:25:03,7.55,0.01,46,34730,买盘
547,14:25:00,7.54,--,7,5278,卖盘
548,14:24:57,7.54,-0.01,62,46748,卖盘
549,14:24:54,7.55,--,98,73990,买盘
550,14:24:51,7.55,0.01,30,22650,买盘
551,14:24:48,7.54,--,1,754,卖盘
552,14:24:45,7.54,--,675,508950,卖盘
553,14:24:42,7.54,-0.01,2,1508,卖盘
554,14:24:39,7.55,0.01,20,15100,买盘
555,14:24:36,7.54,--,14,10556,卖盘
556,14:24:33,7.54,--,13,9802,卖盘
557,14:24:30,7.54,--,7,5278,卖盘
558,14:24:27,7.54,-0.01,17,12818,卖盘
559,14:24:15,7.55,0.01,20,15100,买盘
560,14:24:12,7.54,-0.01,42,31668,卖盘
561,14:24:09,7.55,--,542,409210,买盘
562,14:24:06,7.55,0.01,30,22650,买盘
563,14:24:03,7.54,--,129,97266,卖盘
564,14:24:00,7.54,--,9,6786,卖盘
565,14:23:57,7.54,-0.01,25,18850,卖盘
566,14:23:51,7.55,0.01,3,2265,买盘
567,14:23:48,7.54,--,4,3016,卖盘
568,14:23:45,7.54,--,87,65598,卖盘
569,14:23:42,7.54,--,1,754,卖盘
570,14:23:39,7.54,-0.01,16,12064,卖盘
571,14:23:36,7.55,0.01,14,10570,买盘
572,14:23:33,7.54,--,496,373984,卖盘
573,14:23:30,7.54,--,11,8294,卖盘
574,14:23:27,7.54,--,138,104052,卖盘
575,14:23:21,7.54,--,19,14326,卖盘
576,14:23:18,7.54,-0.01,16,12064,卖盘
577,14:23:15,7.55,0.01,71,53605,买盘
578,14:23:12,7.54,--,4,3016,卖盘
579,14:23:09,7.54,--,159,119886,卖盘
580,14:23:06,7.54,--,36,27144,卖盘
581,14:23:03,7.54,-0.01,22,16588,卖盘
582,14:23:00,7.55,0.01,183,138165,买盘
583,14:22:57,7.54,--,501,377754,卖盘
584,14:22:51,7.54,-0.01,20,15080,卖盘
585,14:22:48,7.55,0.01,87,65685,买盘
586,14:22:45,7.54,--,26,19604,卖盘
587,14:22:42,7.54,--,34,25636,卖盘
588,14:22:39,7.54,--,30,22620,卖盘
589,14:22:36,7.54,--,173,130442,卖盘
590,14:22:30,7.54,--,18,13572,卖盘
591,14:22:27,7.54,--,1015,765310,卖盘
592,14:22:21,7.54,--,485,365690,卖盘
593,14:22:18,7.54,-0.01,17,12818,卖盘
594,14:22:15,7.55,0.01,15,11325,买盘
595,14:22:12,7.54,-0.01,47,35438,卖盘
596,14:22:09,7.55,0.01,20,15100,买盘
597,14:22:06,7.54,--,15,11310,卖盘
598,14:22:03,7.54,--,2,1508,卖盘
599,14:22:00,7.54,--,18,13572,卖盘
600,14:21:57,7.54,-0.01,25,18850,卖盘
601,14:21:54,7.55,--,19,14345,买盘
602,14:21:51,7.55,0.01,54,40770,买盘
603,14:21:48,7.54,--,40,30160,卖盘
604,14:21:45,7.54,--,515,388310,卖盘
605,14:21:42,7.54,--,1,754,卖盘
606,14:21:39,7.54,--,1,754,卖盘
607,14:21:36,7.54,--,19,14326,卖盘
608,14:21:33,7.54,--,8,6032,卖盘
609,14:21:30,7.54,--,18,13572,卖盘
610,14:21:27,7.54,-0.01,17,12818,卖盘
611,14:21:24,7.55,--,7,5285,买盘
612,14:21:21,7.55,0.01,1,755,买盘
613,14:21:18,7.54,-0.01,4,3016,卖盘
614,14:21:15,7.55,0.01,18,13590,买盘
615,14:21:12,7.54,--,32,24128,卖盘
616,14:21:09,7.54,-0.01,542,408668,卖盘
617,14:21:06,7.55,0.01,193,145715,买盘
618,14:21:03,7.54,--,7,5278,卖盘
619,14:21:00,7.54,--,261,196794,卖盘
620,14:20:57,7.54,-0.01,17,12818,卖盘
621,14:20:48,7.55,0.01,881,665155,买盘
622,14:20:45,7.54,--,25,18850,卖盘
623,14:20:42,7.54,--,104,78416,卖盘
624,14:20:39,7.54,-0.01,14,10556,卖盘
625,14:20:36,7.55,--,12,9060,买盘
626,14:20:33,7.55,0.01,496,374480,买盘
627,14:20:30,7.54,--,37,27898,卖盘
628,14:20:27,7.54,--,55,41470,卖盘
629,14:20:18,7.54,--,55,41470,卖盘
630,14:20:12,7.54,--,1,754,卖盘
631,14:20:09,7.54,--,18,13572,卖盘
632,14:20:06,7.54,--,14,10556,卖盘
633,14:20:03,7.54,--,1,754,卖盘
634,14:20:00,7.54,--,20,15080,卖盘
635,14:19:57,7.54,-0.01,542,408668,卖盘
636,14:19:54,7.55,0.01,453,342015,买盘
637,14:19:51,7.54,--,16,12064,卖盘
638,14:19:48,7.54,-0.01,2,1508,卖盘
639,14:19:45,7.55,0.01,5,3775,买盘
640,14:19:42,7.54,--,2,1508,卖盘
641,14:19:39,7.54,--,14,10556,卖盘
642,14:19:36,7.54,--,14,10556,卖盘
643,14:19:33,7.54,--,1,754,卖盘
644,14:19:30,7.54,--,20,15080,卖盘
645,14:19:27,7.54,--,15,11310,卖盘
646,14:19:21,7.54,--,510,384540,卖盘
647,14:19:18,7.54,-0.01,18,13572,卖盘
648,14:19:15,7.55,0.01,5,3775,买盘
649,14:19:12,7.54,--,20,15080,卖盘
650,14:19:09,7.54,-0.01,31,23374,卖盘
651,14:19:06,7.55,0.01,25,18875,买盘
652,14:19:03,7.54,-0.01,11,8294,卖盘
653,14:18:57,7.55,--,20,15100,买盘
654,14:18:54,7.55,--,15,11325,买盘
655,14:18:51,7.55,--,2,1510,买盘
656,14:18:48,7.55,0.01,29,21895,买盘
657,14:18:45,7.54,-0.01,984,741936,卖盘
658,14:18:42,7.55,0.01,385,290675,买盘
659,14:18:39,7.54,--,18,13572,卖盘
660,14:18:36,7.54,-0.01,216,162864,卖盘
661,14:18:33,7.55,0.01,13,9815,买盘
662,14:18:30,7.54,-0.01,48,36192,卖盘
663,14:18:27,7.55,0.01,11,8305,买盘
664,14:18:24,7.54,--,12,9048,卖盘
665,14:18:21,7.54,-0.01,136,102544,卖盘
666,14:18:18,7.55,0.01,3,2265,买盘
667,14:18:15,7.54,--,4,3016,卖盘
668,14:18:12,7.54,--,2,1508,卖盘
669,14:18:09,7.54,--,1028,775112,卖盘
670,14:18:06,7.54,--,29,21866,卖盘
671,14:18:03,7.54,-0.01,11,8294,卖盘
672,14:18:00,7.55,0.01,23,17365,买盘
673,14:17:57,7.54,-0.01,16,12064,卖盘
674,14:17:51,7.55,0.01,20,15100,买盘
675,14:17:42,7.54,--,178,134212,卖盘
676,14:17:39,7.54,--,14,10556,卖盘
677,14:17:36,7.54,--,26,19604,卖盘
678,14:17:33,7.54,--,485,365690,卖盘
679,14:17:30,7.54,--,7,5278,卖盘
680,14:17:27,7.54,-0.01,49,36946,卖盘
681,14:17:24,7.55,--,25,18875,买盘
682,14:17:18,7.55,--,2,1510,买盘
683,14:17:15,7.55,0.01,16,12080,买盘
684,14:17:12,7.54,--,12,9048,卖盘
685,14:17:09,7.54,--,18,13572,卖盘
686,14:17:06,7.54,-0.01,40,30160,卖盘
687,14:17:00,7.55,0.01,13,9815,买盘
688,14:16:57,7.54,-0.01,506,381524,卖盘
689,14:16:54,7.55,--,20,15100,买盘
690,14:16:51,7.55,--,287,216685,买盘
691,14:16:45,7.55,0.01,502,379010,买盘
692,14:16:42,7.54,--,25,18850,卖盘
693,14:16:39,7.54,-0.01,15,11310,卖盘
694,14:16:36,7.55,--,22,16610,买盘
695,14:16:24,7.55,--,4,3020,买盘
696,14:16:21,7.55,0.01,486,366930,买盘
697,14:16:18,7.54,--,17,12818,卖盘
698,14:16:15,7.54,--,12,9048,卖盘
699,14:16:09,7.54,--,1,754,卖盘
700,14:16:06,7.54,-0.01,17,12818,卖盘
701,14:16:03,7.55,0.01,10,7550,买盘
702,14:15:54,7.54,0.01,1,754,卖盘
703,14:15:51,7.53,--,18,13554,卖盘
704,14:15:48,7.53,--,40,30120,卖盘
705,14:15:45,7.53,-0.01,1088,819264,卖盘
706,14:15:42,7.54,--,7,5278,买盘
707,14:15:36,7.54,--,344,259376,买盘
708,14:15:33,7.54,--,60,45240,买盘
709,14:15:30,7.54,0.01,7,5278,买盘
710,14:15:27,7.53,-0.01,25,18825,卖盘
711,14:15:24,7.54,--,1,754,买盘
712,14:15:21,7.54,0.01,122,91988,买盘
713,14:15:18,7.53,-0.01,1,753,卖盘
714,14:15:15,7.54,--,38,28652,买盘
715,14:15:12,7.54,0.01,30,22620,买盘
716,14:15:09,7.53,--,487,366711,卖盘
717,14:15:06,7.53,-0.01,16,12048,卖盘
718,14:15:03,7.54,0.01,13,9802,买盘
719,14:14:57,7.53,-0.01,19,14307,卖盘
720,14:14:48,7.54,--,17,12818,买盘
721,14:14:45,7.54,--,15,11310,买盘
722,14:14:42,7.54,0.01,18,13572,买盘
723,14:14:36,7.53,-0.01,14,10542,卖盘
724,14:14:33,7.54,--,499,376246,买盘
725,14:14:30,7.54,0.01,60,45240,买盘
726,14:14:27,7.53,-0.01,11,8283,卖盘
727,14:14:24,7.54,--,1,754,买盘
728,14:14:21,7.54,--,28,21112,买盘
729,14:14:18,7.54,--,2,1508,买盘
730,14:14:15,7.54,--,6,4524,买盘
731,14:14:12,7.54,0.01,87,65598,买盘
732,14:14:06,7.53,-0.01,117,88101,卖盘
733,14:14:03,7.54,0.01,27,20358,买盘
734,14:13:57,7.53,-0.01,488,367464,卖盘
735,14:13:51,7.54,--,424,319696,买盘
736,14:13:48,7.54,0.01,69,52026,买盘
737,14:13:42,7.53,-0.01,500,376500,卖盘
738,14:13:39,7.54,--,12,9048,买盘
739,14:13:36,7.54,--,24,18096,买盘
740,14:13:33,7.54,0.01,11,8294,买盘
741,14:13:27,7.53,--,18,13554,卖盘
742,14:13:24,7.53,--,10,7530,卖盘
743,14:13:21,7.53,-0.01,487,366711,卖盘
744,14:13:18,7.54,0.01,5,3770,买盘
745,14:13:06,7.53,-0.01,242,182226,卖盘
746,14:13:03,7.54,0.01,138,104052,买盘
747,14:12:57,7.53,--,1,753,卖盘
748,14:12:54,7.53,--,17,12801,卖盘
749,14:12:45,7.53,-0.01,487,366711,卖盘
750,14:12:42,7.54,--,116,87464,买盘
751,14:12:39,7.54,0.01,34,25636,买盘
752,14:12:33,7.53,--,29,21837,卖盘
753,14:12:30,7.53,--,8,6024,卖盘
754,14:12:18,7.53,--,1,753,卖盘
755,14:12:15,7.53,--,133,100149,买盘
756,14:12:12,7.53,--,133,100149,买盘
757,14:12:09,7.53,-0.01,240,180720,卖盘
758,14:12:06,7.54,0.01,657,495378,买盘
759,14:12:03,7.53,--,33,24849,卖盘
760,14:12:00,7.53,--,9,6777,卖盘
761,14:11:54,7.53,-0.01,14,10542,卖盘
762,14:11:51,7.54,0.01,30,22620,买盘
763,14:11:48,7.53,-0.01,76,57228,卖盘
764,14:11:39,7.54,0.01,16,12064,买盘
765,14:11:36,7.53,-0.01,51,38403,卖盘
766,14:11:33,7.54,--,498,375492,买盘
767,14:11:27,7.54,0.01,3,2262,买盘
768,14:11:24,7.53,--,15,11295,卖盘
769,14:11:21,7.53,--,83,62499,卖盘
770,14:11:15,7.53,--,28,21084,卖盘
771,14:11:12,7.53,--,11,8283,卖盘
772,14:11:09,7.53,--,12,9036,卖盘
773,14:11:06,7.53,-0.01,12,9036,卖盘
774,14:11:03,7.54,0.01,43,32422,买盘
775,14:11:00,7.53,0.01,24,18072,买盘
776,14:10:57,7.52,--,489,367728,卖盘
777,14:10:54,7.52,-0.01,137,103024,卖盘
778,14:10:51,7.53,--,2002,1507506,买盘
779,14:10:48,7.53,0.01,20,15060,买盘
780,14:10:45,7.52,-0.01,5,3760,卖盘
781,14:10:42,7.53,--,363,273339,买盘
782,14:10:39,7.53,--,221,166413,买盘
783,14:10:36,7.53,--,1,753,买盘
784,14:10:33,7.53,0.01,50,37650,买盘
785,14:10:30,7.52,--,1,752,卖盘
786,14:10:27,7.52,--,10,7520,卖盘
787,14:10:24,7.52,-0.01,21,15792,卖盘
788,14:10:21,7.53,-0.01,420,316260,卖盘
789,14:10:12,7.54,--,2,1508,买盘
790,14:10:09,7.54,--,78,58812,买盘
791,14:10:06,7.54,0.01,27,20358,买盘
792,14:10:03,7.53,--,4,3012,卖盘
793,14:09:57,7.53,0.01,67,50451,买盘
794,14:09:51,7.52,-0.01,47,35344,卖盘
795,14:09:48,7.53,0.01,57,42921,买盘
796,14:09:45,7.52,-0.01,487,366224,卖盘
797,14:09:42,7.53,--,24,18072,买盘
798,14:09:39,7.53,--,5,3765,买盘
799,14:09:36,7.53,--,10,7530,买盘
800,14:09:33,7.53,--,14,10542,买盘
801,14:09:30,7.53,--,2,1506,买盘
802,14:09:24,7.53,--,86,64908,卖盘
803,14:09:21,7.53,-0.01,15,11295,卖盘
804,14:09:18,7.54,--,602,453908,买盘
805,14:09:15,7.54,0.01,27,20659,买盘
806,14:09:12,7.53,--,41,30873,卖盘
807,14:09:09,7.53,--,487,366711,卖盘
808,14:09:06,7.53,--,22,16566,卖盘
809,14:09:03,7.53,--,3,2259,卖盘
810,14:09:00,7.53,--,4,3012,卖盘
811,14:08:54,7.53,--,2,1506,卖盘
812,14:08:51,7.53,--,106,80119,买盘
813,14:08:48,7.53,--,6,4969,卖盘
814,14:08:42,7.53,0.01,810,610231,买盘
815,14:08:39,7.52,-0.01,200,150400,卖盘
816,14:08:36,7.53,--,10,7530,买盘
817,14:08:33,7.53,--,490,368970,买盘
818,14:08:30,7.53,--,8,6024,买盘
819,14:08:27,7.53,-0.01,221,166413,卖盘
820,14:08:21,7.54,--,23,17342,买盘
821,14:08:18,7.54,0.01,1,754,买盘
822,14:08:15,7.53,-0.01,8,6024,卖盘
823,14:08:12,7.54,0.01,2,1508,买盘
824,14:08:09,7.53,-0.01,1,753,卖盘
825,14:08:06,7.54,--,3,2262,买盘
826,14:08:03,7.54,--,16,12064,买盘
827,14:08:00,7.54,0.02,14,10556,买盘
828,14:07:57,7.52,-0.01,488,366976,卖盘
829,14:07:54,7.53,0.01,1,753,买盘
830,14:07:51,7.52,--,10,7520,卖盘
831,14:07:48,7.52,-0.02,3,2256,卖盘
832,14:07:45,7.54,0.01,44,33176,买盘
833,14:07:42,7.53,--,31,23343,卖盘
834,14:07:33,7.53,-0.01,5,3765,中性盘
835,14:07:30,7.54,0.01,17,12818,买盘
836,14:07:27,7.53,--,105,79065,买盘
837,14:07:24,7.53,--,37,27861,买盘
838,14:07:21,7.53,0.01,496,373488,买盘
839,14:07:18,7.52,-0.01,1,752,卖盘
840,14:07:12,7.53,--,27,20331,买盘
841,14:07:09,7.53,0.01,56,42168,买盘
842,14:07:06,7.52,-0.01,1,752,卖盘
843,14:07:03,7.53,--,16,12048,买盘
844,14:07:00,7.53,--,60,45180,买盘
845,14:06:57,7.53,--,266,200712,卖盘
846,14:06:54,7.53,-0.01,79,59487,卖盘
847,14:06:51,7.54,0.01,44,33176,买盘
848,14:06:48,7.53,--,1,753,卖盘
849,14:06:45,7.53,-0.01,491,369723,卖盘
850,14:06:33,7.54,0.01,20,15080,买盘
851,14:06:30,7.53,--,1,753,卖盘
852,14:06:24,7.53,-0.01,1,753,卖盘
853,14:06:21,7.54,0.01,1,754,买盘
854,14:06:18,7.53,-0.01,1,753,卖盘
855,14:06:15,7.54,--,22,16588,买盘
856,14:06:12,7.54,0.01,120,90480,买盘
857,14:06:09,7.53,--,486,365958,卖盘
858,14:06:06,7.53,--,287,216449,买盘
859,14:06:03,7.53,--,24,18072,买盘
860,14:06:00,7.53,--,7,5271,买盘
861,14:05:48,7.53,--,2,1506,买盘
862,14:05:45,7.53,--,68,51204,买盘
863,14:05:36,7.53,0.01,22,16566,买盘
864,14:05:33,7.52,-0.02,136,102272,卖盘
865,14:05:30,7.54,0.01,10,7540,买盘
866,14:05:18,7.53,--,7,5271,买盘
867,14:05:09,7.53,--,3,2259,买盘
868,14:05:06,7.53,--,204,153612,买盘
869,14:05:03,7.53,--,25,18825,买盘
870,14:05:00,7.53,0.01,10,7530,买盘
871,14:04:57,7.52,-0.01,255,191760,卖盘
872,14:04:51,7.53,0.01,259,195027,买盘
873,14:04:48,7.52,-0.01,57,42864,卖盘
874,14:04:45,7.53,--,12,9036,买盘
875,14:04:42,7.53,--,21,15813,买盘
876,14:04:39,7.53,--,2,1506,买盘
877,14:04:33,7.53,--,16,12048,买盘
878,14:04:30,7.53,--,10,7530,买盘
879,14:04:27,7.53,--,94,70782,买盘
880,14:04:21,7.53,-0.01,346,260538,卖盘
881,14:04:18,7.54,0.01,73,55042,买盘
882,14:04:12,7.53,--,20,15060,卖盘
883,14:04:06,7.53,--,1,753,卖盘
884,14:04:03,7.53,-0.01,97,73041,卖盘
885,14:04:00,7.54,--,10,7540,买盘
886,14:03:57,7.54,--,211,159094,买盘
887,14:03:48,7.54,--,44,33176,买盘
888,14:03:45,7.54,0.01,494,372476,买盘
889,14:03:39,7.53,--,1,753,卖盘
890,14:03:36,7.53,-0.01,8,6024,卖盘
891,14:03:33,7.54,0.01,10,7540,买盘
892,14:03:30,7.53,0.01,57,42921,买盘
893,14:03:27,7.52,-0.01,20,15040,卖盘
894,14:03:24,7.53,0.01,9,6777,中性盘
895,14:03:09,7.52,--,488,366976,卖盘
896,14:03:03,7.52,-0.01,174,130847,卖盘
897,14:03:00,7.53,--,1,753,买盘
898,14:02:57,7.53,--,1,753,买盘
899,14:02:54,7.53,0.01,43,32379,买盘
900,14:02:45,7.52,-0.01,1,752,卖盘
901,14:02:42,7.53,--,104,78312,买盘
902,14:02:39,7.53,--,1,753,买盘
903,14:02:36,7.53,--,3,2259,买盘
904,14:02:33,7.53,--,495,372735,买盘
905,14:02:30,7.53,--,9,6777,买盘
906,14:02:21,7.53,--,12,9036,买盘
907,14:02:15,7.53,0.01,1,753,买盘
908,14:02:12,7.52,--,13,9776,卖盘
909,14:02:09,7.52,--,15,11280,卖盘
910,14:02:06,7.52,-0.01,1,752,卖盘
911,14:02:03,7.53,--,5,3765,买盘
912,14:02:00,7.53,0.01,10,7530,买盘
913,14:01:57,7.52,-0.01,488,366976,卖盘
914,14:01:54,7.53,--,4,3012,买盘
915,14:01:51,7.53,--,8,6024,买盘
916,14:01:48,7.53,--,44,33132,买盘
917,14:01:45,7.53,0.01,183,137799,买盘
918,14:01:42,7.52,-0.01,4,3008,卖盘
919,14:01:39,7.53,--,2,1506,买盘
920,14:01:33,7.53,--,15,11295,买盘
921,14:01:30,7.53,0.01,9,6777,买盘
922,14:01:21,7.52,--,3,2256,卖盘
923,14:01:18,7.52,-0.01,20,15040,卖盘
924,14:01:12,7.53,--,1,753,卖盘
925,14:01:09,7.53,0.01,56,42168,买盘
926,14:01:03,7.52,-0.01,7,5264,卖盘
927,14:01:00,7.53,0.01,11,8283,买盘
928,14:00:57,7.52,--,17,13227,买盘
929,14:00:54,7.52,--,44,33088,买盘
930,14:00:51,7.52,--,43,32335,买盘
931,14:00:48,7.52,--,40,30080,买盘
932,14:00:45,7.52,-0.01,374,281556,卖盘
933,14:00:42,7.53,--,74,55722,买盘
934,14:00:39,7.53,--,114,85842,买盘
935,14:00:33,7.53,--,5,3765,买盘
936,14:00:30,7.53,--,12,9036,买盘
937,14:00:27,7.53,0.01,17,12801,买盘
938,14:00:15,7.52,-0.01,9,6768,卖盘
939,14:00:09,7.53,--,129,97513,卖盘
940,14:00:06,7.53,-0.01,5,3765,卖盘
941,14:00:03,7.54,--,62,46748,买盘
942,14:00:00,7.54,--,10,7540,买盘
943,13:59:57,7.54,0.01,1,754,买盘
944,13:59:54,7.53,--,150,112950,卖盘
945,13:59:51,7.53,--,1646,1239814,买盘
946,13:59:48,7.53,0.01,47,35391,买盘
947,13:59:45,7.52,--,70,52640,卖盘
948,13:59:42,7.52,--,301,226795,卖盘
949,13:59:36,7.52,--,93,69936,买盘
950,13:59:33,7.52,-0.01,398,299296,卖盘
951,13:59:30,7.53,--,10,7530,买盘
952,13:59:27,7.53,0.01,2,1506,买盘
953,13:59:21,7.52,--,59,44368,卖盘
954,13:59:15,7.52,--,9,6768,卖盘
955,13:59:09,7.52,0.01,16,12032,买盘
956,13:59:03,7.51,-0.01,32,24032,卖盘
957,13:59:00,7.52,--,43,32335,买盘
958,13:58:57,7.52,--,411,309072,卖盘
959,13:58:54,7.52,--,2065,1552880,卖盘
960,13:58:51,7.52,--,3,2256,卖盘
961,13:58:48,7.52,--,224,168448,买盘
962,13:58:45,7.52,0.01,20,15040,买盘
963,13:58:42,7.51,--,15,11715,卖盘
964,13:58:39,7.51,-0.01,3,2253,卖盘
965,13:58:33,7.52,--,5,3760,买盘
966,13:58:27,7.52,--,13,9776,买盘
967,13:58:21,7.52,--,244,183488,卖盘
968,13:58:18,7.52,--,20,15040,卖盘
969,13:58:15,7.52,--,10,7520,卖盘
970,13:58:12,7.52,--,22,16544,卖盘
971,13:58:09,7.52,--,55,41360,卖盘
972,13:58:06,7.52,--,6,4512,卖盘
973,13:58:03,7.52,-0.01,10,7520,卖盘
974,13:58:00,7.53,--,129,97137,买盘
975,13:57:57,7.53,0.01,21,15813,买盘
976,13:57:51,7.52,--,129,97008,买盘
977,13:57:48,7.52,--,44,33088,买盘
978,13:57:45,7.52,--,68,51136,买盘
979,13:57:42,7.52,--,17,12784,买盘
980,13:57:39,7.52,--,10,7520,买盘
981,13:57:36,7.52,--,19,14288,买盘
982,13:57:33,7.52,--,29,21808,卖盘
983,13:57:30,7.52,-0.01,16,12032,卖盘
984,13:57:27,7.53,0.01,54,40662,买盘
985,13:57:24,7.52,--,7,5264,卖盘
986,13:57:21,7.52,--,23,17296,卖盘
987,13:57:15,7.52,--,56,42112,买盘
988,13:57:12,7.52,--,5,3760,买盘
989,13:57:09,7.52,--,436,327872,卖盘
990,13:57:06,7.52,-0.01,148,111296,卖盘
991,13:57:03,7.53,--,63,47439,买盘
992,13:57:00,7.53,0.01,11,8283,买盘
993,13:56:54,7.52,--,1,752,卖盘
994,13:56:48,7.52,-0.01,1,752,卖盘
995,13:56:42,7.53,0.01,58,43674,买盘
996,13:56:39,7.52,--,127,95504,卖盘
997,13:56:36,7.52,--,27,20304,卖盘
998,13:56:33,7.52,-0.01,491,369232,卖盘
999,13:56:30,7.53,0.01,1392,1048176,买盘
1000,13:56:24,7.52,-0.01,56,42112,卖盘
1001,13:56:21,7.53,0.01,8,6024,买盘
1002,13:56:15,7.52,--,12,9024,卖盘
1003,13:56:12,7.52,--,136,102272,卖盘
1004,13:56:09,7.52,--,1,752,卖盘
1005,13:56:06,7.52,--,1,752,卖盘
1006,13:56:03,7.52,-0.01,2,1504,卖盘
1007,13:56:00,7.53,--,2,1506,买盘
1008,13:55:57,7.53,0.01,527,396831,买盘
1009,13:55:51,7.52,--,17,12784,卖盘
1010,13:55:48,7.52,--,95,71440,卖盘
1011,13:55:45,7.52,--,125,94000,卖盘
1012,13:55:42,7.52,--,4,3008,卖盘
1013,13:55:39,7.52,--,30,22560,卖盘
1014,13:55:36,7.52,--,2,1504,卖盘
1015,13:55:33,7.52,--,40,30080,卖盘
1016,13:55:30,7.52,--,14,10528,卖盘
1017,13:55:21,7.52,--,21,15792,卖盘
1018,13:55:15,7.52,0.01,69,51888,买盘
1019,13:55:09,7.51,--,1,751,卖盘
1020,13:55:06,7.51,-0.01,115,86365,卖盘
1021,13:55:00,7.52,--,2,1504,买盘
1022,13:54:57,7.52,--,18,13536,买盘
1023,13:54:51,7.52,0.01,15,11280,买盘
1024,13:54:48,7.51,-0.01,116,87116,卖盘
1025,13:54:45,7.52,--,65,48880,买盘
1026,13:54:42,7.52,--,6,4512,买盘
1027,13:54:39,7.52,--,100,75200,买盘
1028,13:54:33,7.52,--,2,1504,买盘
1029,13:54:30,7.52,--,110,82720,买盘
1030,13:54:27,7.52,--,36,27072,买盘
1031,13:54:24,7.52,--,9,6768,买盘
1032,13:54:21,7.52,--,15,11280,买盘
1033,13:54:18,7.52,0.01,92,69184,买盘
1034,13:54:15,7.51,--,9,6759,卖盘
1035,13:54:12,7.51,-0.01,1,751,卖盘
1036,13:54:09,7.52,-0.01,228,171456,卖盘
1037,13:54:06,7.53,0.01,55,41415,买盘
1038,13:54:03,7.52,--,11,8272,卖盘
1039,13:54:00,7.52,--,60,45120,卖盘
1040,13:53:57,7.52,--,140,105280,卖盘
1041,13:53:54,7.52,--,41,30832,卖盘
1042,13:53:51,7.52,--,10,7520,卖盘
1043,13:53:48,7.52,--,46,34592,卖盘
1044,13:53:42,7.52,--,4,3008,卖盘
1045,13:53:39,7.52,--,7,5264,买盘
1046,13:53:36,7.52,--,27,20304,买盘
1047,13:53:33,7.52,--,44,33088,买盘
1048,13:53:30,7.52,--,3,2256,买盘
1049,13:53:27,7.52,0.01,31,23312,买盘
1050,13:53:24,7.51,-0.01,118,88618,卖盘
1051,13:53:21,7.52,--,20,15040,买盘
1052,13:53:18,7.52,0.01,39,29328,买盘
1053,13:53:06,7.51,--,2,1502,卖盘
1054,13:53:03,7.51,-0.01,3,2253,卖盘
1055,13:53:00,7.52,--,2,1504,买盘
1056,13:52:57,7.52,--,122,91744,买盘
1057,13:52:54,7.52,--,37,27824,买盘
1058,13:52:51,7.52,--,40,30080,买盘
1059,13:52:45,7.52,--,28,21056,买盘
1060,13:52:42,7.52,0.01,124,93248,买盘
1061,13:52:39,7.51,-0.01,7,5257,卖盘
1062,13:52:36,7.52,--,193,145136,买盘
1063,13:52:33,7.52,--,4,3008,买盘
1064,13:52:27,7.52,0.01,11,8272,买盘
1065,13:52:24,7.51,-0.01,10,7510,卖盘
1066,13:52:18,7.52,--,5,3760,买盘
1067,13:52:15,7.52,--,2,1504,买盘
1068,13:52:12,7.52,0.01,99,74448,买盘
1069,13:52:09,7.51,--,73,54823,卖盘
1070,13:52:06,7.51,-0.01,1,751,卖盘
1071,13:52:00,7.52,--,2,1504,买盘
1072,13:51:57,7.52,--,2031,1527312,买盘
1073,13:51:54,7.52,--,10,7520,买盘
1074,13:51:51,7.52,0.01,28,21056,买盘
1075,13:51:48,7.51,-0.01,30,22530,卖盘
1076,13:51:45,7.52,0.01,344,258687,买盘
1077,13:51:42,7.51,-0.01,11,8261,卖盘
1078,13:51:39,7.52,--,17,12784,中性盘
1079,13:51:33,7.52,-0.01,2,1504,中性盘
1080,13:51:30,7.53,0.01,70,52710,买盘
1081,13:51:27,7.52,--,14,10904,卖盘
1082,13:51:24,7.52,--,18,13912,买盘
1083,13:51:21,7.52,--,51,38352,买盘
1084,13:51:18,7.52,--,37,27824,买盘
1085,13:51:15,7.52,-0.01,38,28952,卖盘
1086,13:51:12,7.53,0.01,9,6777,买盘
1087,13:51:09,7.52,--,507,381264,卖盘
1088,13:51:03,7.52,--,1,752,卖盘
1089,13:51:00,7.52,--,11,8272,卖盘
1090,13:50:54,7.52,--,35,26320,卖盘
1091,13:50:51,7.52,--,1,752,卖盘
1092,13:50:48,7.52,--,123,92496,卖盘
1093,13:50:42,7.52,--,2,1504,卖盘
1094,13:50:39,7.52,--,259,194768,卖盘
1095,13:50:36,7.52,-0.01,200,150400,卖盘
1096,13:50:30,7.53,0.01,46,34638,买盘
1097,13:50:27,7.52,-0.01,2020,1519040,卖盘
1098,13:50:24,7.53,0.01,1,753,买盘
1099,13:50:21,7.52,--,126,94752,卖盘
1100,13:50:18,7.52,-0.01,149,112048,卖盘
1101,13:50:15,7.53,--,1,753,买盘
1102,13:50:09,7.53,0.01,40,30120,买盘
1103,13:50:06,7.52,--,2,1504,卖盘
1104,13:49:57,7.52,-0.01,73,54896,卖盘
1105,13:49:54,7.53,--,129,97137,买盘
1106,13:49:51,7.53,--,64,48192,买盘
1107,13:49:42,7.53,--,103,77559,买盘
1108,13:49:39,7.53,--,12,9036,买盘
1109,13:49:36,7.53,--,7,5271,买盘
1110,13:49:30,7.53,--,2,1506,买盘
1111,13:49:27,7.53,0.01,150,112950,买盘
1112,13:49:15,7.52,-0.01,16,12032,卖盘
1113,13:49:09,7.53,0.01,328,246984,买盘
1114,13:49:06,7.52,-0.01,60,45120,卖盘
1115,13:49:03,7.53,--,4,3012,买盘
1116,13:49:00,7.53,--,126,94878,买盘
1117,13:48:54,7.53,0.01,15,11295,买盘
1118,13:48:51,7.52,-0.01,62,46624,卖盘
1119,13:48:48,7.53,--,2,1506,买盘
1120,13:48:45,7.53,--,10,7530,买盘
1121,13:48:42,7.53,--,114,85842,买盘
1122,13:48:33,7.53,--,128,96384,买盘
1123,13:48:30,7.53,--,2,1506,买盘
1124,13:48:27,7.53,--,15,11295,买盘
1125,13:48:18,7.53,0.01,1,753,买盘
1126,13:48:09,7.52,--,2,1504,卖盘
1127,13:48:06,7.52,-0.01,130,97760,卖盘
1128,13:48:03,7.53,0.01,11,8283,买盘
1129,13:48:00,7.52,-0.01,151,113552,卖盘
1130,13:47:57,7.53,0.01,10,7530,买盘
1131,13:47:51,7.52,--,118,88736,卖盘
1132,13:47:48,7.52,--,282,212064,卖盘
1133,13:47:42,7.52,-0.01,104,78208,卖盘
1134,13:47:39,7.53,--,127,95631,买盘
1135,13:47:36,7.53,0.01,20,15060,买盘
1136,13:47:33,7.52,-0.01,1,752,卖盘
1137,13:47:30,7.53,--,1,753,买盘
1138,13:47:27,7.53,--,6,4518,买盘
1139,13:47:24,7.53,--,13,9789,买盘
1140,13:47:21,7.53,--,1,753,买盘
1141,13:47:18,7.53,--,1,753,买盘
1142,13:47:15,7.53,--,32,24096,买盘
1143,13:47:12,7.53,--,157,118221,买盘
1144,13:47:09,7.53,0.01,1,753,买盘
1145,13:47:06,7.52,-0.01,4,3008,卖盘
1146,13:47:03,7.53,0.01,289,217617,买盘
1147,13:47:00,7.52,-0.01,27,20304,卖盘
1148,13:46:57,7.53,--,13,9789,买盘
1149,13:46:54,7.53,--,11,8283,买盘
1150,13:46:51,7.53,0.01,51,38403,买盘
1151,13:46:48,7.52,--,58,43616,卖盘
1152,13:46:45,7.52,-0.01,124,93248,卖盘
1153,13:46:42,7.53,--,24,18072,买盘
1154,13:46:39,7.53,--,1,753,买盘
1155,13:46:36,7.53,--,376,283128,买盘
1156,13:46:33,7.53,--,9,6777,买盘
1157,13:46:30,7.53,--,35,26355,买盘
1158,13:46:27,7.53,--,51,38403,买盘
1159,13:46:24,7.53,--,1,753,买盘
1160,13:46:21,7.53,0.01,104,78312,买盘
1161,13:46:18,7.52,-0.01,126,94752,卖盘
1162,13:46:15,7.53,--,3,2259,买盘
1163,13:46:12,7.53,--,33,24849,买盘
1164,13:46:09,7.53,--,1,753,买盘
1165,13:46:06,7.53,--,41,30873,买盘
1166,13:46:03,7.53,--,6,4518,买盘
1167,13:46:00,7.53,--,1,753,买盘
1168,13:45:57,7.53,--,23,17319,买盘
1169,13:45:54,7.53,0.01,1,753,买盘
1170,13:45:51,7.52,-0.01,124,93248,卖盘
1171,13:45:48,7.53,--,3,2259,买盘
1172,13:45:45,7.53,--,1,753,买盘
1173,13:45:42,7.53,0.01,1,753,买盘
1174,13:45:39,7.52,--,3,2256,卖盘
1175,13:45:36,7.52,-0.01,42,31584,卖盘
1176,13:45:33,7.53,0.01,42,31626,买盘
1177,13:45:30,7.52,-0.01,5,3760,卖盘
1178,13:45:27,7.53,0.01,46,34638,买盘
1179,13:45:24,7.52,-0.01,128,96256,卖盘
1180,13:45:21,7.53,--,5,3765,买盘
1181,13:45:18,7.53,--,14,10542,买盘
1182,13:45:15,7.53,--,10,7530,买盘
1183,13:45:12,7.53,--,2,1506,买盘
1184,13:45:09,7.53,--,17,12801,买盘
1185,13:45:06,7.53,0.01,1,753,买盘
1186,13:45:03,7.52,-0.01,12,9024,卖盘
1187,13:45:00,7.53,0.01,1,753,买盘
1188,13:44:57,7.52,-0.01,122,91744,卖盘
1189,13:44:54,7.53,--,13,9789,买盘
1190,13:44:42,7.53,0.01,83,62499,买盘
1191,13:44:33,7.52,--,10,7520,卖盘
1192,13:44:30,7.52,-0.01,151,113552,卖盘
1193,13:44:27,7.53,--,9,6777,买盘
1194,13:44:24,7.53,--,3,2259,买盘
1195,13:44:18,7.53,0.01,42,31626,买盘
1196,13:44:15,7.52,--,10,7520,卖盘
1197,13:44:06,7.52,-0.01,1,752,卖盘
1198,13:44:03,7.53,--,128,96384,买盘
1199,13:43:57,7.53,--,20,15060,买盘
1200,13:43:54,7.53,--,10,7530,买盘
1201,13:43:51,7.53,0.01,300,225900,买盘
1202,13:43:39,7.52,--,72,54144,卖盘
1203,13:43:36,7.52,--,124,93248,卖盘
1204,13:43:33,7.52,-0.01,6,4512,卖盘
1205,13:43:30,7.53,--,2,1506,买盘
1206,13:43:27,7.53,--,3,2259,买盘
1207,13:43:24,7.53,--,11,8283,买盘
1208,13:43:18,7.53,--,20,15060,买盘
1209,13:43:15,7.53,--,2,1506,买盘
1210,13:43:12,7.53,--,31,23343,买盘
1211,13:43:09,7.53,0.01,150,112950,买盘
1212,13:43:06,7.52,--,1,752,卖盘
1213,13:43:03,7.52,-0.01,13,9776,卖盘
1214,13:43:00,7.53,--,1,753,买盘
1215,13:42:57,7.53,--,11,8283,买盘
1216,13:42:54,7.53,--,14,10542,买盘
1217,13:42:51,7.53,0.01,22,16566,买盘
1218,13:42:48,7.52,--,147,110544,卖盘
1219,13:42:45,7.52,--,16,12032,卖盘
1220,13:42:42,7.52,-0.01,125,94000,卖盘
1221,13:42:36,7.53,--,2,1506,买盘
1222,13:42:33,7.53,--,17,12801,买盘
1223,13:42:27,7.53,--,28,21084,买盘
1224,13:42:24,7.53,0.01,10,7530,买盘
1225,13:42:18,7.52,--,25,18800,卖盘
1226,13:42:15,7.52,-0.01,139,104528,卖盘
1227,13:42:09,7.53,--,1525,1148325,买盘
1228,13:42:06,7.53,0.01,191,143823,买盘
1229,13:42:03,7.52,-0.01,2,1504,卖盘
1230,13:41:57,7.53,--,69,51957,买盘
1231,13:41:54,7.53,--,5,3765,买盘
1232,13:41:48,7.53,--,193,145329,买盘
1233,13:41:39,7.53,--,13,9789,买盘
1234,13:41:36,7.53,0.01,3,2259,买盘
1235,13:41:33,7.52,-0.01,76,57152,卖盘
1236,13:41:27,7.53,0.01,11,8283,买盘
1237,13:41:24,7.52,--,1,752,卖盘
1238,13:41:21,7.52,--,168,126336,卖盘
1239,13:41:18,7.52,-0.01,10,7520,卖盘
1240,13:41:12,7.53,0.01,26,19578,买盘
1241,13:41:03,7.52,-0.01,10,7520,卖盘
1242,13:41:00,7.53,--,163,122739,买盘
1243,13:40:57,7.53,--,2,1506,买盘
1244,13:40:54,7.53,--,165,124245,买盘
1245,13:40:51,7.53,0.01,165,124245,买盘
1246,13:40:48,7.52,--,184,138368,卖盘
1247,13:40:45,7.52,--,250,188000,卖盘
1248,13:40:39,7.52,--,100,75200,卖盘
1249,13:40:33,7.52,--,1,752,卖盘
1250,13:40:30,7.52,--,30,22560,卖盘
1251,13:40:27,7.52,-0.01,126,94752,卖盘
1252,13:40:24,7.53,0.01,14,10542,买盘
1253,13:40:18,7.52,-0.01,74,55648,卖盘
1254,13:40:15,7.53,--,70,52710,买盘
1255,13:40:09,7.53,0.01,4,3012,买盘
1256,13:40:03,7.52,--,2,1504,卖盘
1257,13:40:00,7.52,-0.01,125,94000,卖盘
1258,13:39:54,7.53,0.01,17,12801,买盘
1259,13:39:48,7.52,-0.01,38,28576,卖盘
1260,13:39:45,7.53,--,3,2259,买盘
1261,13:39:42,7.53,0.01,1,753,买盘
1262,13:39:33,7.52,-0.01,125,94000,卖盘
1263,13:39:30,7.53,0.01,200,150600,买盘
1264,13:39:24,7.52,-0.01,108,81216,卖盘
1265,13:39:21,7.53,0.01,48,36144,买盘
1266,13:39:18,7.52,--,42,31584,卖盘
1267,13:39:15,7.52,--,1,752,卖盘
1268,13:39:09,7.52,-0.01,351,263952,卖盘
1269,13:39:06,7.53,0.01,125,94125,买盘
1270,13:39:03,7.52,-0.01,4,3008,卖盘
1271,13:39:00,7.53,0.01,121,91113,买盘
1272,13:38:57,7.52,-0.01,1,752,卖盘
1273,13:38:54,7.53,0.01,24,18072,买盘
1274,13:38:48,7.52,-0.01,16,12032,卖盘
1275,13:38:42,7.53,--,6,4518,买盘
1276,13:38:39,7.53,--,142,106926,买盘
1277,13:38:33,7.53,--,4,3012,买盘
1278,13:38:27,7.53,--,2,1506,买盘
1279,13:38:24,7.53,--,13,9789,买盘
1280,13:38:21,7.53,0.01,9,6777,买盘
1281,13:38:18,7.52,-0.01,17,12784,卖盘
1282,13:38:12,7.53,--,178,134034,买盘
1283,13:38:09,7.53,--,1,753,买盘
1284,13:38:06,7.53,--,2,1506,买盘
1285,13:38:03,7.53,--,34,25602,买盘
1286,13:38:00,7.53,--,3,2259,买盘
1287,13:37:54,7.53,--,17,12801,买盘
1288,13:37:51,7.53,--,17,12801,卖盘
1289,13:37:48,7.53,--,4,3012,卖盘
1290,13:37:45,7.53,--,142,106926,卖盘
1291,13:37:39,7.53,--,3,2259,卖盘
1292,13:37:33,7.53,--,10,7530,卖盘
1293,13:37:27,7.53,--,1,753,卖盘
1294,13:37:24,7.53,--,34,25602,卖盘
1295,13:37:18,7.53,0.01,28,21084,买盘
1296,13:37:15,7.52,-0.01,545,409840,卖盘
1297,13:37:12,7.53,0.01,196,147588,买盘
1298,13:37:06,7.52,-0.01,23,17296,卖盘
1299,13:37:03,7.53,--,5,3765,买盘
1300,13:36:54,7.53,--,86,64758,买盘
1301,13:36:51,7.53,0.01,29,21837,买盘
1302,13:36:48,7.52,-0.01,126,94752,卖盘
1303,13:36:45,7.53,--,67,50451,买盘
1304,13:36:42,7.53,--,40,30120,买盘
1305,13:36:39,7.53,--,20,15060,买盘
1306,13:36:36,7.53,--,102,76806,买盘
1307,13:36:30,7.53,0.01,28,21084,买盘
1308,13:36:27,7.52,-0.01,1,752,卖盘
1309,13:36:24,7.53,0.01,30,22590,买盘
1310,13:36:21,7.52,--,137,103024,卖盘
1311,13:36:15,7.52,--,2,1504,卖盘
1312,13:36:12,7.52,--,25,18800,卖盘
1313,13:36:09,7.52,--,1,752,卖盘
1314,13:36:06,7.52,--,88,66552,买盘
1315,13:36:03,7.52,-0.01,352,265132,卖盘
1316,13:35:57,7.53,0.01,120,90360,买盘
1317,13:35:54,7.52,--,136,102272,卖盘
1318,13:35:51,7.52,-0.01,1,752,卖盘
1319,13:35:48,7.53,0.01,8,6024,买盘
1320,13:35:45,7.52,--,20,15040,卖盘
1321,13:35:42,7.52,--,20,15363,卖盘
1322,13:35:39,7.52,0.01,124,93248,买盘
1323,13:35:33,7.51,-0.01,16,12016,卖盘
1324,13:35:30,7.52,--,2,1504,买盘
1325,13:35:27,7.52,--,87,65423,卖盘
1326,13:35:24,7.52,-0.01,63,47376,卖盘
1327,13:35:21,7.53,0.01,100,75300,买盘
1328,13:35:18,7.52,--,147,110544,卖盘
1329,13:35:15,7.52,--,69,51888,卖盘
1330,13:35:03,7.52,--,38,28576,卖盘
1331,13:35:00,7.52,-0.01,126,94752,卖盘
1332,13:34:57,7.53,--,97,73041,买盘
1333,13:34:51,7.53,0.01,14,10542,买盘
1334,13:34:48,7.52,-0.01,2409,1811568,卖盘
1335,13:34:45,7.53,--,2,1506,买盘
1336,13:34:42,7.53,0.01,21,15813,买盘
1337,13:34:39,7.52,--,18,13536,卖盘
1338,13:34:36,7.52,--,17,12784,卖盘
1339,13:34:33,7.52,--,148,111296,卖盘
1340,13:34:30,7.52,-0.01,40,30080,卖盘
1341,13:34:24,7.53,--,42,31626,买盘
1342,13:34:18,7.53,--,22,16566,买盘
1343,13:34:12,7.53,0.01,3,2259,买盘
1344,13:34:06,7.52,-0.01,135,101520,卖盘
1345,13:34:03,7.53,--,9,6777,买盘
1346,13:34:00,7.53,--,9,6777,买盘
1347,13:33:54,7.53,0.01,25,18825,买盘
1348,13:33:51,7.52,--,41,30832,卖盘
1349,13:33:48,7.52,--,1,752,卖盘
1350,13:33:45,7.52,-0.01,13,9776,卖盘
1351,13:33:42,7.53,0.01,111,83583,买盘
1352,13:33:39,7.52,-0.01,124,93248,卖盘
1353,13:33:36,7.53,--,31,23343,买盘
1354,13:33:33,7.53,0.01,43,32379,买盘
1355,13:33:30,7.52,--,26,19552,卖盘
1356,13:33:27,7.52,-0.01,5,3760,卖盘
1357,13:33:24,7.53,0.01,9,6777,买盘
1358,13:33:21,7.52,--,19,14288,卖盘
1359,13:33:18,7.52,--,22,16544,卖盘
1360,13:33:15,7.52,--,1,752,卖盘
1361,13:33:12,7.52,-0.01,143,107536,卖盘
1362,13:33:09,7.53,0.01,5,3765,买盘
1363,13:33:06,7.52,--,1,752,卖盘
1364,13:33:03,7.52,-0.01,1,752,卖盘
1365,13:33:00,7.53,--,6,4518,买盘
1366,13:32:57,7.53,--,69,51957,买盘
1367,13:32:54,7.53,--,73,54969,买盘
1368,13:32:48,7.53,0.01,24,18072,买盘
1369,13:32:45,7.52,-0.01,127,95504,卖盘
1370,13:32:42,7.53,--,9,6777,买盘
1371,13:32:36,7.53,--,17,12801,买盘
1372,13:32:33,7.53,--,48,36144,买盘
1373,13:32:30,7.53,0.01,183,137799,买盘
1374,13:32:27,7.52,--,10,7520,卖盘
1375,13:32:24,7.52,-0.01,20,15040,卖盘
1376,13:32:21,7.53,0.01,25,19465,买盘
1377,13:32:18,7.52,-0.01,127,95504,卖盘
1378,13:32:15,7.53,--,2,1506,买盘
1379,13:32:12,7.53,0.01,18,13554,买盘
1380,13:32:09,7.52,--,20,15040,卖盘
1381,13:32:06,7.52,--,10,7520,卖盘
1382,13:32:03,7.52,--,1,752,卖盘
1383,13:32:00,7.52,-0.01,14,10896,卖盘
1384,13:31:57,7.53,--,40,30120,买盘
1385,13:31:54,7.53,0.01,25,18825,买盘
1386,13:31:51,7.52,--,159,119568,卖盘
1387,13:31:48,7.52,-0.01,1,752,卖盘
1388,13:31:45,7.53,0.01,32,24096,买盘
1389,13:31:39,7.52,--,14,10979,卖盘
1390,13:31:27,7.52,--,10,7520,卖盘
1391,13:31:24,7.52,-0.01,124,93248,卖盘
1392,13:31:21,7.53,--,11,8283,买盘
1393,13:31:18,7.53,--,2,1506,买盘
1394,13:31:15,7.53,--,101,76053,买盘
1395,13:31:09,7.53,0.01,3,2259,买盘
1396,13:31:03,7.52,--,1,752,卖盘
1397,13:30:57,7.52,--,130,97760,卖盘
1398,13:30:54,7.52,-0.01,26,19552,卖盘
1399,13:30:51,7.53,0.01,24,18072,买盘
1400,13:30:48,7.52,-0.01,1,752,卖盘
1401,13:30:45,7.53,--,1,753,买盘
1402,13:30:36,7.53,0.02,18,13554,买盘
1403,13:30:33,7.51,-0.01,6,4506,卖盘
1404,13:30:30,7.52,--,131,98512,卖盘
1405,13:30:27,7.52,-0.01,161,121072,卖盘
1406,13:30:24,7.53,--,13,9789,买盘
1407,13:30:21,7.53,0.01,1,753,买盘
1408,13:30:18,7.52,--,65,48880,卖盘
1409,13:30:15,7.52,-0.01,5,3760,卖盘
1410,13:30:12,7.53,0.01,29,22062,买盘
1411,13:30:09,7.52,--,2,1504,买盘
1412,13:30:06,7.52,--,3,2256,买盘
1413,13:30:00,7.52,-0.01,208,156942,卖盘
1414,13:29:57,7.53,--,9,6777,买盘
1415,13:29:54,7.53,0.01,18,13554,买盘
1416,13:29:48,7.52,--,1135,853745,买盘
1417,13:29:45,7.52,--,1,752,买盘
1418,13:29:42,7.52,--,4,3008,买盘
1419,13:29:39,7.52,0.01,4,3008,买盘
1420,13:29:36,7.51,-0.01,1,751,卖盘
1421,13:29:33,7.52,--,2,1504,买盘
1422,13:29:27,7.52,--,439,330128,买盘
1423,13:29:24,7.52,--,30,22560,买盘
1424,13:29:21,7.52,--,44,33088,买盘
1425,13:29:18,7.52,0.01,3,2256,买盘
1426,13:29:15,7.51,-0.01,72,54072,卖盘
1427,13:29:12,7.52,--,21,15792,买盘
1428,13:29:09,7.52,0.01,43,32335,买盘
1429,13:29:06,7.51,-0.01,4,3004,卖盘
1430,13:29:03,7.52,--,32,24064,买盘
1431,13:29:00,7.52,--,5,3760,买盘
1432,13:28:57,7.52,--,25,18800,买盘
1433,13:28:54,7.52,--,40,30080,买盘
1434,13:28:51,7.52,0.01,14,10528,买盘
1435,13:28:48,7.51,--,44,33044,卖盘
1436,13:28:45,7.51,--,101,75851,卖盘
1437,13:28:42,7.51,-0.01,529,397429,卖盘
1438,13:28:39,7.52,0.01,23,17296,买盘
1439,13:28:36,7.51,-0.01,718,539218,卖盘
1440,13:28:33,7.52,0.01,2,1504,买盘
1441,13:28:30,7.51,--,4,3004,卖盘
1442,13:28:24,7.51,--,466,349966,卖盘
1443,13:28:21,7.51,-0.01,149,111899,卖盘
1444,13:28:18,7.52,--,2,1504,买盘
1445,13:28:15,7.52,--,69,51888,买盘
1446,13:28:12,7.52,0.01,12,9024,买盘
1447,13:28:09,7.51,--,1,751,卖盘
1448,13:28:06,7.51,-0.01,4,3004,卖盘
1449,13:28:03,7.52,--,20,15040,买盘
1450,13:28:00,7.52,--,24,18048,买盘
1451,13:27:51,7.52,--,333,250416,买盘
1452,13:27:48,7.52,0.01,150,112800,买盘
1453,13:27:45,7.51,-0.01,14,10514,卖盘
1454,13:27:39,7.52,--,102,76704,买盘
1455,13:27:33,7.52,0.01,2,1504,买盘
1456,13:27:30,7.51,-0.01,1,751,卖盘
1457,13:27:27,7.52,--,53,39856,买盘
1458,13:27:24,7.52,--,2,1504,买盘
1459,13:27:21,7.52,--,36,27072,买盘
1460,13:27:18,7.52,--,45,33840,买盘
1461,13:27:15,7.52,0.01,30,22560,买盘
1462,13:27:12,7.51,--,8,6008,卖盘
1463,13:27:06,7.51,--,1,751,卖盘
1464,13:27:03,7.51,-0.01,4,3004,卖盘
1465,13:27:00,7.52,--,33,24816,买盘
1466,13:26:57,7.52,--,2,1504,买盘
1467,13:26:51,7.52,--,32,24064,买盘
1468,13:26:48,7.52,--,35,26320,买盘
1469,13:26:45,7.52,--,121,90992,买盘
1470,13:26:42,7.52,--,2,1504,买盘
1471,13:26:39,7.52,--,36,27072,买盘
1472,13:26:33,7.52,0.01,43,32335,买盘
1473,13:26:30,7.51,-0.01,4,3004,卖盘
1474,13:26:27,7.52,--,2,1504,买盘
1475,13:26:24,7.52,--,18,13536,买盘
1476,13:26:21,7.52,--,11,8272,买盘
1477,13:26:18,7.52,0.01,9,6768,买盘
1478,13:26:15,7.51,-0.01,22,16522,卖盘
1479,13:26:12,7.52,0.01,4,3008,买盘
1480,13:26:09,7.51,--,16,12016,卖盘
1481,13:26:03,7.51,-0.01,1,751,卖盘
1482,13:26:00,7.52,--,78,58656,买盘
1483,13:25:57,7.52,--,55,41360,买盘
1484,13:25:51,7.52,0.01,38,28576,买盘
1485,13:25:48,7.51,-0.01,22,16522,卖盘
1486,13:25:45,7.52,--,1,752,买盘
1487,13:25:42,7.52,--,4,3008,买盘
1488,13:25:36,7.52,--,1,752,买盘
1489,13:25:33,7.52,--,8,6016,买盘
1490,13:25:30,7.52,--,82,61664,买盘
1491,13:25:24,7.52,--,33,24816,买盘
1492,13:25:21,7.52,--,2,1504,买盘
1493,13:25:18,7.52,0.01,177,133104,买盘
1494,13:25:15,7.51,--,4,3004,卖盘
1495,13:25:12,7.51,-0.01,58,43558,卖盘
1496,13:25:09,7.52,--,21,15792,买盘
1497,13:25:06,7.52,--,2,1504,买盘
1498,13:25:03,7.52,0.01,31,23312,买盘
1499,13:25:00,7.51,-0.01,1,751,卖盘
1500,13:24:57,7.52,0.01,641,482032,买盘
1501,13:24:51,7.51,--,1,751,卖盘
1502,13:24:48,7.51,-0.01,1,751,卖盘
1503,13:24:45,7.52,0.01,5,3760,买盘
1504,13:24:42,7.51,-0.01,35,26285,卖盘
1505,13:24:39,7.52,--,210,157920,买盘
1506,13:24:36,7.52,--,3,2256,买盘
1507,13:24:33,7.52,0.01,55,41360,买盘
1508,13:24:30,7.51,-0.01,68,51068,卖盘
1509,13:24:27,7.52,--,21,15792,买盘
1510,13:24:24,7.52,--,2,1504,买盘
1511,13:24:21,7.52,0.01,20,15040,买盘
1512,13:24:18,7.51,--,3,2253,卖盘
1513,13:24:15,7.51,-0.01,2,1502,卖盘
1514,13:24:12,7.52,--,34,26094,卖盘
1515,13:24:03,7.52,--,29,22033,买盘
1516,13:24:00,7.52,--,2,1504,买盘
1517,13:23:57,7.52,--,2,1504,买盘
1518,13:23:54,7.52,--,16,12032,买盘
1519,13:23:51,7.52,--,1,752,买盘
1520,13:23:48,7.52,--,37,27824,买盘
1521,13:23:45,7.52,-0.01,110,83246,卖盘
1522,13:23:42,7.53,0.01,2,1506,买盘
1523,13:23:39,7.52,--,101,75952,卖盘
1524,13:23:36,7.52,--,16,12032,卖盘
1525,13:23:21,7.52,--,27,20304,卖盘
1526,13:23:18,7.52,-0.01,227,170704,卖盘
1527,13:23:15,7.53,--,3,2259,买盘
1528,13:23:12,7.53,--,2,1506,买盘
1529,13:23:09,7.53,0.01,3,2259,买盘
1530,13:23:06,7.52,--,2,1504,卖盘
1531,13:23:03,7.52,-0.01,3,2256,卖盘
1532,13:23:00,7.53,--,1,753,买盘
1533,13:22:57,7.53,0.01,39,29367,买盘
1534,13:22:51,7.52,-0.01,124,93248,卖盘
1535,13:22:48,7.53,--,19,14307,买盘
1536,13:22:45,7.53,0.01,598,450294,买盘
1537,13:22:42,7.52,-0.01,9,6768,卖盘
1538,13:22:39,7.53,0.01,24,18072,买盘
1539,13:22:36,7.52,--,8,6016,卖盘
1540,13:22:24,7.52,-0.01,132,99264,卖盘
1541,13:22:21,7.53,0.01,11,8283,买盘
1542,13:22:18,7.52,-0.01,1023,769296,卖盘
1543,13:22:12,7.53,0.01,2,1506,买盘
1544,13:22:09,7.52,-0.01,3,2256,卖盘
1545,13:22:06,7.53,0.01,93,70029,买盘
1546,13:22:03,7.52,--,2,1504,卖盘
1547,13:22:00,7.52,--,3,2256,卖盘
1548,13:21:57,7.52,--,128,96256,卖盘
1549,13:21:48,7.52,-0.01,1,752,卖盘
1550,13:21:45,7.53,--,52,39156,买盘
1551,13:21:42,7.53,--,84,63252,买盘
1552,13:21:39,7.53,--,137,103161,买盘
1553,13:21:33,7.53,0.01,11,8283,买盘
1554,13:21:30,7.52,-0.01,158,118816,卖盘
1555,13:21:27,7.53,--,26,19578,买盘
1556,13:21:24,7.53,--,32,24096,买盘
1557,13:21:21,7.53,--,54,40812,买盘
1558,13:21:18,7.53,--,9,6777,买盘
1559,13:21:12,7.53,--,4,3012,买盘
1560,13:21:09,7.53,--,52,39156,买盘
1561,13:21:03,7.53,0.01,296,222888,买盘
1562,13:21:00,7.52,--,5,3760,卖盘
1563,13:20:57,7.52,--,13,9776,卖盘
1564,13:20:54,7.52,--,1,752,卖盘
1565,13:20:48,7.52,--,1,752,卖盘
1566,13:20:45,7.52,-0.01,54,40608,卖盘
1567,13:20:42,7.53,--,12,9036,买盘
1568,13:20:39,7.53,0.01,10,7530,买盘
1569,13:20:36,7.52,--,126,94752,卖盘
1570,13:20:33,7.52,--,18,13536,卖盘
1571,13:20:30,7.52,--,0,67,卖盘
1572,13:20:27,7.52,--,147,111280,卖盘
1573,13:20:24,7.52,-0.01,207,155664,卖盘
1574,13:20:18,7.53,--,42,31626,买盘
1575,13:20:15,7.53,--,52,39156,买盘
1576,13:20:12,7.53,--,27,20331,买盘
1577,13:20:09,7.53,0.01,130,97890,买盘
1578,13:20:06,7.52,--,10,8256,卖盘
1579,13:20:03,7.52,--,2,1504,卖盘
1580,13:20:00,7.52,-0.01,14,10528,卖盘
1581,13:19:57,7.53,0.01,2,1506,买盘
1582,13:19:48,7.52,-0.01,6,4512,卖盘
1583,13:19:45,7.53,--,1,753,买盘
1584,13:19:42,7.53,--,151,113703,买盘
1585,13:19:39,7.53,--,2,1506,买盘
1586,13:19:36,7.53,--,4,3012,买盘
1587,13:19:33,7.53,--,10,7530,买盘
1588,13:19:30,7.53,0.01,411,309483,买盘
1589,13:19:27,7.52,-0.01,4,3008,卖盘
1590,13:19:24,7.53,--,22,16566,买盘
1591,13:19:21,7.53,--,85,64005,买盘
1592,13:19:18,7.53,0.01,2,1506,买盘
1593,13:19:15,7.52,--,124,93248,卖盘
1594,13:19:09,7.52,--,1,752,卖盘
1595,13:19:03,7.52,--,48,36096,卖盘
1596,13:18:57,7.52,--,4,3008,卖盘
1597,13:18:54,7.52,--,935,703120,卖盘
1598,13:18:48,7.52,-0.01,127,95504,卖盘
1599,13:18:45,7.53,--,1,753,买盘
1600,13:18:39,7.53,0.01,21,15813,买盘
1601,13:18:36,7.52,--,16,12032,卖盘
1602,13:18:33,7.52,--,61,45872,卖盘
1603,13:18:30,7.52,-0.01,1,752,卖盘
1604,13:18:27,7.53,0.01,6,4518,买盘
1605,13:18:21,7.52,-0.01,125,94000,卖盘
1606,13:18:18,7.53,0.01,2,1506,买盘
1607,13:18:15,7.52,-0.01,3,2256,卖盘
1608,13:18:12,7.53,--,2,1506,买盘
1609,13:18:09,7.53,0.01,51,38403,买盘
1610,13:18:06,7.52,--,3,2256,卖盘
1611,13:18:03,7.52,-0.01,71,53392,卖盘
1612,13:18:00,7.53,--,33,24849,买盘
1613,13:17:57,7.53,0.01,22,16566,买盘
1614,13:17:54,7.52,--,125,94000,卖盘
1615,13:17:51,7.52,-0.01,79,59408,卖盘
1616,13:17:48,7.53,0.01,861,648333,买盘
1617,13:17:45,7.52,--,11,8272,卖盘
1618,13:17:42,7.52,-0.01,1,752,卖盘
1619,13:17:39,7.53,--,1,753,买盘
1620,13:17:36,7.53,--,2,1506,买盘
1621,13:17:33,7.53,0.01,10,7530,买盘
1622,13:17:27,7.52,-0.01,136,102272,卖盘
1623,13:17:21,7.53,--,85,64005,买盘
1624,13:17:18,7.53,0.01,3,2259,买盘
1625,13:17:15,7.52,--,1,752,卖盘
1626,13:17:12,7.52,--,1,752,卖盘
1627,13:17:09,7.52,-0.01,3,2256,卖盘
1628,13:17:03,7.53,0.01,82,61746,买盘
1629,13:17:00,7.52,-0.01,125,94000,卖盘
1630,13:16:54,7.53,--,50,37650,买盘
1631,13:16:51,7.53,--,1,753,买盘
1632,13:16:48,7.53,--,52,39156,买盘
1633,13:16:45,7.53,0.01,2,1506,买盘
1634,13:16:42,7.52,-0.01,11,8354,卖盘
1635,13:16:39,7.53,--,1,753,买盘
1636,13:16:36,7.53,--,3,2259,买盘
1637,13:16:33,7.53,0.01,130,97890,买盘
1638,13:16:24,7.52,-0.01,11,8272,卖盘
1639,13:16:21,7.53,--,63,47544,买盘
1640,13:16:18,7.53,--,2,1506,买盘
1641,13:16:15,7.53,0.01,11,8283,买盘
1642,13:16:12,7.52,--,2,1504,卖盘
1643,13:16:09,7.52,--,2,1504,卖盘
1644,13:16:06,7.52,--,125,94000,卖盘
1645,13:16:03,7.52,-0.01,51,38352,卖盘
1646,13:15:54,7.53,--,4,3012,买盘
1647,13:15:48,7.53,--,6,4518,买盘
1648,13:15:45,7.53,0.01,1,753,买盘
1649,13:15:42,7.52,--,20,15152,卖盘
1650,13:15:39,7.52,-0.01,125,94000,卖盘
1651,13:15:33,7.53,0.01,15,11295,买盘
1652,13:15:21,7.52,--,4,3564,卖盘
1653,13:15:15,7.52,--,2,1504,卖盘
1654,13:15:12,7.52,--,245,184240,卖盘
1655,13:15:09,7.52,--,9,6768,卖盘
1656,13:15:06,7.52,--,116,87232,卖盘
1657,13:15:03,7.52,-0.01,16,12032,卖盘
1658,13:15:00,7.53,0.01,3,2944,买盘
1659,13:14:57,7.52,-0.01,50,37600,卖盘
1660,13:14:51,7.53,0.01,18,13554,买盘
1661,13:14:48,7.52,-0.01,69,51888,卖盘
1662,13:14:45,7.53,--,173,130269,买盘
1663,13:14:42,7.53,0.01,1,753,买盘
1664,13:14:39,7.52,-0.01,81,60912,卖盘
1665,13:14:30,7.53,0.01,20,15060,买盘
1666,13:14:24,7.52,--,50,37600,卖盘
1667,13:14:18,7.52,--,137,103024,卖盘
1668,13:14:09,7.52,--,20,15040,卖盘
1669,13:14:06,7.52,-0.01,5,3760,卖盘
1670,13:14:03,7.53,0.01,86,64758,买盘
1671,13:14:00,7.52,-0.01,1,752,卖盘
1672,13:13:57,7.53,0.01,86,64758,买盘
1673,13:13:51,7.52,--,151,113552,卖盘
1674,13:13:48,7.52,--,1,752,卖盘
1675,13:13:39,7.52,--,1,752,卖盘
1676,13:13:36,7.52,--,228,171456,买盘
1677,13:13:33,7.52,--,3,2256,买盘
1678,13:13:30,7.52,--,3,2256,买盘
1679,13:13:27,7.52,0.01,18,13536,买盘
1680,13:13:24,7.51,-0.01,31,23281,卖盘
1681,13:13:21,7.52,--,2,1504,买盘
1682,13:13:18,7.52,0.01,6,4512,买盘
1683,13:13:15,7.51,-0.01,48,36048,卖盘
1684,13:13:12,7.52,0.01,48,36096,买盘
1685,13:13:09,7.51,-0.01,10,7510,卖盘
1686,13:13:03,7.52,0.01,1,752,买盘
1687,13:13:00,7.51,-0.01,7,5257,卖盘
1688,13:12:57,7.52,--,170,127840,买盘
1689,13:12:54,7.52,0.01,1,752,买盘
1690,13:12:48,7.51,-0.01,1,751,卖盘
1691,13:12:45,7.52,--,2,1504,买盘
1692,13:12:42,7.52,--,2,1504,买盘
1693,13:12:39,7.52,--,1,752,买盘
1694,13:12:33,7.52,--,2,1504,买盘
1695,13:12:30,7.52,--,30,22560,买盘
1696,13:12:27,7.52,0.01,4,3008,买盘
1697,13:12:18,7.51,-0.01,1,751,卖盘
1698,13:12:12,7.52,--,202,151904,买盘
1699,13:12:09,7.52,0.01,45,33840,买盘
1700,13:12:06,7.51,-0.01,40,30040,卖盘
1701,13:12:03,7.52,0.01,1,752,买盘
1702,13:12:00,7.51,-0.01,3,2253,卖盘
1703,13:11:45,7.52,--,23,17296,买盘
1704,13:11:42,7.52,--,42,31584,买盘
1705,13:11:39,7.52,--,61,45872,买盘
1706,13:11:33,7.52,--,13,9776,买盘
1707,13:11:27,7.52,-0.01,131,98512,卖盘
1708,13:11:21,7.53,0.02,17,12801,买盘
1709,13:11:18,7.51,-0.01,23,17273,卖盘
1710,13:11:15,7.52,--,9,6768,中性盘
1711,13:11:09,7.52,--,122,91744,卖盘
1712,13:11:06,7.52,-0.01,14,10528,卖盘
1713,13:11:03,7.53,0.02,117,88101,买盘
1714,13:11:00,7.51,-0.02,1,751,卖盘
1715,13:10:51,7.53,--,2,1506,买盘
1716,13:10:48,7.53,0.02,154,115962,买盘
1717,13:10:45,7.51,-0.02,3,2253,卖盘
1718,13:10:42,7.53,--,50,37650,买盘
1719,13:10:39,7.53,--,9,6777,买盘
1720,13:10:36,7.53,--,2,1506,买盘
1721,13:10:30,7.53,--,138,103914,买盘
1722,13:10:24,7.53,--,3,2259,买盘
1723,13:10:21,7.53,0.02,9,6777,买盘
1724,13:10:15,7.51,--,77,57827,卖盘
1725,13:10:12,7.51,-0.01,257,193007,卖盘
1726,13:10:09,7.52,--,19,14288,买盘
1727,13:10:06,7.52,--,26,19552,买盘
1728,13:10:03,7.52,0.01,39,29328,买盘
1729,13:10:00,7.51,-0.01,1,751,卖盘
1730,13:09:54,7.52,--,2,1504,买盘
1731,13:09:51,7.52,--,13,9776,买盘
1732,13:09:48,7.52,0.01,6,4512,买盘
1733,13:09:45,7.51,-0.01,70,52570,卖盘
1734,13:09:42,7.52,0.01,12,9024,买盘
1735,13:09:36,7.51,-0.01,1,751,卖盘
1736,13:09:33,7.52,0.01,10,7520,买盘
1737,13:09:27,7.51,-0.01,30,22530,卖盘
1738,13:09:24,7.52,--,8,6016,买盘
1739,13:09:21,7.52,--,41,30832,买盘
1740,13:09:18,7.52,0.01,14,10528,买盘
1741,13:09:15,7.51,--,37,27787,卖盘
1742,13:09:12,7.51,-0.01,11,8261,卖盘
1743,13:09:09,7.52,0.01,3041,2286832,买盘
1744,13:09:00,7.51,-0.01,3,2253,卖盘
1745,13:08:57,7.52,--,1,752,买盘
1746,13:08:51,7.52,--,50,37600,买盘
1747,13:08:48,7.52,0.01,28,21056,买盘
1748,13:08:45,7.51,--,1,751,卖盘
1749,13:08:39,7.51,-0.01,7,5257,卖盘
1750,13:08:36,7.52,--,1,752,买盘
1751,13:08:33,7.52,--,16,12032,买盘
1752,13:08:27,7.52,0.01,11,8272,买盘
1753,13:08:24,7.51,-0.01,120,90120,卖盘
1754,13:08:21,7.52,--,114,85728,买盘
1755,13:08:18,7.52,--,9,6768,买盘
1756,13:08:15,7.52,0.01,3,2256,买盘
1757,13:08:12,7.51,--,7,5257,卖盘
1758,13:08:09,7.51,--,1,751,卖盘
1759,13:08:06,7.51,-0.01,9,6759,卖盘
1760,13:08:03,7.52,--,24,18048,买盘
1761,13:08:00,7.52,--,117,87984,买盘
1762,13:07:57,7.52,0.01,59,44368,买盘
1763,13:07:54,7.51,-0.01,8,6008,卖盘
1764,13:07:51,7.52,--,2,1504,买盘
1765,13:07:45,7.52,--,1,752,买盘
1766,13:07:36,7.52,0.01,40,30080,买盘
1767,13:07:33,7.51,-0.01,26,19526,卖盘
1768,13:07:30,7.52,--,35,26320,买盘
1769,13:07:27,7.52,0.01,11,8272,买盘
1770,13:07:21,7.51,-0.01,11,8261,卖盘
1771,13:07:15,7.52,0.01,4,3008,买盘
1772,13:07:12,7.51,--,3,2253,卖盘
1773,13:07:03,7.51,--,101,75851,卖盘
1774,13:07:00,7.51,--,1,751,卖盘
1775,13:06:57,7.51,--,8,6008,卖盘
1776,13:06:54,7.51,--,30,22530,卖盘
1777,13:06:45,7.51,--,220,165220,卖盘
1778,13:06:42,7.51,-0.01,103,77353,卖盘
1779,13:06:27,7.52,--,2,1504,买盘
1780,13:06:21,7.52,0.01,46,34592,买盘
1781,13:06:09,7.51,--,725,544475,卖盘
1782,13:06:00,7.51,--,19,14269,卖盘
1783,13:05:54,7.51,--,200,150200,卖盘
1784,13:05:48,7.51,-0.01,500,375500,卖盘
1785,13:05:45,7.52,--,35,26320,买盘
1786,13:05:39,7.52,0.01,50,37600,买盘
1787,13:05:30,7.51,-0.01,296,222296,卖盘
1788,13:05:27,7.52,--,76,57152,卖盘
1789,13:05:21,7.52,-0.01,30,22560,卖盘
1790,13:05:18,7.53,--,139,104667,买盘
1791,13:05:12,7.53,0.01,20,15060,买盘
1792,13:05:09,7.52,0.01,47,35344,买盘
1793,13:05:06,7.51,--,23,17273,卖盘
1794,13:05:00,7.51,--,1,751,卖盘
1795,13:04:51,7.51,--,18,13518,卖盘
1796,13:04:48,7.51,--,100,75100,卖盘
1797,13:04:45,7.51,--,105,78855,卖盘
1798,13:04:42,7.51,-0.01,21,15771,卖盘
1799,13:04:39,7.52,--,22,16544,买盘
1800,13:04:36,7.52,--,9,6768,买盘
1801,13:04:30,7.52,--,9,6768,买盘
1802,13:04:24,7.52,--,6,4512,买盘
1803,13:04:15,7.52,--,30,22560,买盘
1804,13:04:09,7.52,0.01,13,9776,买盘
1805,13:04:00,7.51,-0.01,16,12016,卖盘
1806,13:03:57,7.52,0.01,78,58656,买盘
1807,13:03:54,7.51,-0.01,36,27036,卖盘
1808,13:03:45,7.52,--,2,1504,买盘
1809,13:03:42,7.52,--,2,1504,买盘
1810,13:03:36,7.52,--,46,34592,买盘
1811,13:03:30,7.52,-0.01,90,67680,卖盘
1812,13:03:15,7.53,0.01,18,13554,买盘
1813,13:03:09,7.52,--,41,30832,买盘
1814,13:03:03,7.52,-0.01,107,80464,卖盘
1815,13:03:00,7.53,0.01,2,1506,买盘
1816,13:02:54,7.52,--,19,14288,卖盘
1817,13:02:45,7.52,--,87,65423,买盘
1818,13:02:42,7.52,--,20,15040,买盘
1819,13:02:39,7.52,0.01,20,15040,买盘
1820,13:02:36,7.51,-0.01,1,751,卖盘
1821,13:02:33,7.52,--,3,2256,买盘
1822,13:02:30,7.52,--,573,430896,卖盘
1823,13:02:27,7.52,--,366,275232,卖盘
1824,13:02:24,7.52,-0.01,50,37600,卖盘
1825,13:02:21,7.53,--,60,45180,买盘
1826,13:02:15,7.53,0.01,1,753,买盘
1827,13:02:09,7.52,--,124,93248,卖盘
1828,13:02:00,7.52,-0.01,1,752,卖盘
1829,13:01:51,7.53,--,3,2259,买盘
1830,13:01:42,7.53,0.01,176,132528,买盘
1831,13:01:33,7.52,-0.01,3,2256,卖盘
1832,13:01:30,7.53,--,15,11295,买盘
1833,13:01:24,7.53,--,30,22590,买盘
1834,13:01:21,7.53,--,1,753,买盘
1835,13:01:18,7.53,0.01,3,2259,买盘
1836,13:01:15,7.52,-0.01,124,93248,卖盘
1837,13:01:12,7.53,--,2,1506,买盘
1838,13:01:09,7.53,0.01,248,186744,买盘
1839,13:01:00,7.52,--,1,752,卖盘
1840,13:00:54,7.52,--,22,16544,卖盘
1841,13:00:48,7.52,-0.01,271,203792,卖盘
1842,13:00:45,7.53,0.01,1,753,买盘
1843,13:00:42,7.52,--,1,752,卖盘
1844,13:00:39,7.52,--,20,15040,卖盘
1845,13:00:36,7.52,--,1,752,卖盘
1846,13:00:33,7.52,-0.01,155,116560,卖盘
1847,13:00:30,7.53,--,2,1506,买盘
1848,13:00:27,7.53,0.01,1,753,买盘
1849,13:00:24,7.52,-0.01,22,16544,卖盘
1850,13:00:21,7.53,--,138,103914,买盘
1851,13:00:18,7.53,--,52,39156,买盘
1852,13:00:15,7.53,--,2,1506,买盘
1853,13:00:12,7.53,0.01,54,40662,买盘
1854,13:00:09,7.52,--,20,15040,卖盘
1855,13:00:06,7.52,--,77,57904,卖盘
1856,13:00:03,7.52,--,1325,996400,买盘
1857,13:00:00,7.52,--,0,0,买盘
1858,11:30:00,7.52,--,2,1504,买盘
1859,11:29:51,7.52,--,46,34592,买盘
1860,11:29:45,7.52,--,21,15792,买盘
1861,11:29:42,7.52,0.01,100,75200,买盘
1862,11:29:36,7.51,--,1,751,卖盘
1863,11:29:33,7.51,-0.01,53,39803,卖盘
1864,11:29:30,7.52,--,5,3760,买盘
1865,11:29:24,7.52,0.01,1,752,买盘
1866,11:29:15,7.51,--,613,460363,买盘
1867,11:29:06,7.51,--,1,751,买盘
1868,11:29:03,7.51,--,178,133678,买盘
1869,11:29:00,7.51,0.01,4,3004,买盘
1870,11:28:57,7.5,-0.01,15,11250,卖盘
1871,11:28:54,7.51,0.01,100,75100,买盘
1872,11:28:48,7.5,-0.01,64,48000,卖盘
1873,11:28:45,7.51,--,17,12767,买盘
1874,11:28:42,7.51,--,124,93124,卖盘
1875,11:28:36,7.51,--,333,250083,卖盘
1876,11:28:33,7.51,--,14,10514,卖盘
1877,11:28:30,7.51,--,200,150200,卖盘
1878,11:28:27,7.51,-0.01,18,13518,卖盘
1879,11:28:21,7.52,0.01,4,3008,买盘
1880,11:28:18,7.51,-0.01,4,3004,卖盘
1881,11:28:15,7.52,0.01,29,21808,买盘
1882,11:28:12,7.51,--,1,751,卖盘
1883,11:28:09,7.51,-0.01,20,15020,卖盘
1884,11:28:06,7.52,0.01,144,108288,买盘
1885,11:28:03,7.51,-0.01,64,48064,卖盘
1886,11:28:00,7.52,0.01,6,4512,买盘
1887,11:27:57,7.51,--,79,59329,买盘
1888,11:27:54,7.51,--,32,24032,买盘
1889,11:27:48,7.51,-0.01,143,107393,卖盘
1890,11:27:45,7.52,--,52,39104,买盘
1891,11:27:42,7.52,--,53,39856,买盘
1892,11:27:36,7.52,--,3850,2895200,买盘
1893,11:27:27,7.52,--,41,30832,买盘
1894,11:27:21,7.52,--,506,380512,买盘
1895,11:27:15,7.52,--,60,45120,买盘
1896,11:27:12,7.52,0.01,9,6768,买盘
1897,11:27:06,7.51,--,1,751,卖盘
1898,11:27:03,7.51,--,10,7510,卖盘
1899,11:27:00,7.51,-0.01,7,5257,卖盘
1900,11:26:54,7.52,--,94,70688,买盘
1901,11:26:51,7.52,--,5,3760,买盘
1902,11:26:48,7.52,0.01,150,112800,买盘
1903,11:26:45,7.51,-0.01,20,15020,卖盘
1904,11:26:42,7.52,0.01,10,7520,买盘
1905,11:26:39,7.51,--,1,751,卖盘
1906,11:26:36,7.51,--,56,42056,卖盘
1907,11:26:33,7.51,--,411,308661,卖盘
1908,11:26:30,7.51,--,33,24783,卖盘
1909,11:26:27,7.51,-0.01,2,1502,卖盘
1910,11:26:24,7.52,--,81,60912,买盘
1911,11:26:18,7.52,--,5,3760,买盘
1912,11:26:15,7.52,0.01,6,4512,买盘
1913,11:26:12,7.51,--,1,751,卖盘
1914,11:26:03,7.51,--,86,64586,卖盘
1915,11:26:00,7.51,-0.01,57,42807,卖盘
1916,11:25:57,7.52,0.01,20,15040,买盘
1917,11:25:54,7.51,--,32,24032,卖盘
1918,11:25:51,7.51,-0.01,3,2253,卖盘
1919,11:25:48,7.52,--,2,1504,买盘
1920,11:25:45,7.52,0.01,1,752,买盘
1921,11:25:42,7.51,--,25,18775,卖盘
1922,11:25:39,7.51,--,1,751,卖盘
1923,11:25:36,7.51,-0.01,7,5257,卖盘
1924,11:25:33,7.52,0.01,1,752,买盘
1925,11:25:27,7.51,-0.01,2,1502,卖盘
1926,11:25:24,7.52,0.01,63,47376,买盘
1927,11:25:18,7.51,--,10,7510,卖盘
1928,11:25:15,7.51,--,9,6759,卖盘
1929,11:25:12,7.51,-0.01,1,751,卖盘
1930,11:25:09,7.52,0.01,25,18800,买盘
1931,11:25:03,7.51,-0.01,4,3004,卖盘
1932,11:25:00,7.52,--,2,1504,买盘
1933,11:24:54,7.52,--,27,20612,卖盘
1934,11:24:48,7.52,-0.01,1172,881344,卖盘
1935,11:24:45,7.53,--,1,753,买盘
1936,11:24:42,7.53,0.01,50,37650,买盘
1937,11:24:30,7.52,--,6,4512,卖盘
1938,11:24:27,7.52,--,124,93248,卖盘
1939,11:24:24,7.52,-0.01,18,13536,卖盘
1940,11:24:21,7.53,0.01,10,7530,买盘
1941,11:24:18,7.52,--,3,2256,卖盘
1942,11:24:12,7.52,--,118,88736,卖盘
1943,11:24:09,7.52,--,1,752,卖盘
1944,11:24:06,7.52,--,1,752,卖盘
1945,11:24:03,7.52,--,9,6768,卖盘
1946,11:24:00,7.52,-0.01,156,117312,卖盘
1947,11:23:45,7.53,--,101,76053,买盘
1948,11:23:42,7.53,--,13,9789,买盘
1949,11:23:36,7.53,--,2,1506,买盘
1950,11:23:33,7.53,0.01,67,50451,买盘
1951,11:23:30,7.52,--,2,1504,卖盘
1952,11:23:27,7.52,--,4,3008,卖盘
1953,11:23:18,7.52,--,1,752,卖盘
1954,11:23:12,7.52,-0.01,10,7520,卖盘
1955,11:23:09,7.53,--,28,21084,买盘
1956,11:23:06,7.53,--,159,119727,买盘
1957,11:23:00,7.53,--,5,3765,买盘
1958,11:22:54,7.53,0.01,5,3765,买盘
1959,11:22:48,7.52,--,12,9024,卖盘
1960,11:22:45,7.52,--,533,400816,卖盘
1961,11:22:39,7.52,-0.01,15,11280,卖盘
1962,11:22:27,7.53,--,20,15060,买盘
1963,11:22:24,7.53,--,25,18825,买盘
1964,11:22:18,7.53,--,26,19578,买盘
1965,11:22:15,7.53,--,13,9789,买盘
1966,11:22:12,7.53,--,18,13554,买盘
1967,11:22:09,7.53,--,103,77559,买盘
1968,11:22:03,7.53,--,6,4518,买盘
1969,11:22:00,7.53,0.01,11,8283,买盘
1970,11:21:51,7.52,--,16,12032,卖盘
1971,11:21:48,7.52,-0.01,50,37600,卖盘
1972,11:21:45,7.53,-0.01,3,2259,中性盘
1973,11:21:39,7.54,0.01,24,18096,买盘
1974,11:21:36,7.53,0.01,1,753,买盘
1975,11:21:33,7.52,--,1,752,卖盘
1976,11:21:30,7.52,--,36,27072,卖盘
1977,11:21:27,7.52,-0.01,304,228608,卖盘
1978,11:21:21,7.53,0.01,253,190509,买盘
1979,11:21:18,7.52,--,150,112800,卖盘
1980,11:21:15,7.52,-0.01,35,26320,卖盘
1981,11:21:12,7.53,0.01,110,82830,买盘
1982,11:21:09,7.52,-0.01,32,24064,卖盘
1983,11:21:06,7.53,--,201,151353,买盘
1984,11:21:03,7.53,--,7,5271,买盘
1985,11:21:00,7.53,--,2,1506,买盘
1986,11:20:57,7.53,0.01,1,753,买盘
1987,11:20:54,7.52,--,70,52640,卖盘
1988,11:20:48,7.52,--,2,1504,卖盘
1989,11:20:45,7.52,--,6,4512,卖盘
1990,11:20:42,7.52,--,12,9024,卖盘
1991,11:20:39,7.52,--,204,153408,卖盘
1992,11:20:33,7.52,-0.01,10,7520,卖盘
1993,11:20:30,7.53,0.01,14,10542,买盘
1994,11:20:27,7.52,--,7,5264,卖盘
1995,11:20:18,7.52,--,148,111296,卖盘
1996,11:20:15,7.52,-0.01,12,9024,卖盘
1997,11:20:12,7.53,0.01,2,1506,买盘
1998,11:20:09,7.52,-0.01,14,10528,卖盘
1999,11:20:06,7.53,--,56,42168,买盘
2000,11:20:00,7.53,--,2,1506,买盘
2001,11:19:57,7.53,--,9,6777,买盘
2002,11:19:54,7.53,--,4,3012,买盘
2003,11:19:51,7.53,-0.01,5,3765,中性盘
2004,11:19:45,7.54,--,1,754,买盘
2005,11:19:42,7.54,0.02,16,12064,买盘
2006,11:19:36,7.52,-0.02,12,9024,卖盘
2007,11:19:33,7.54,0.02,5,3770,买盘
2008,11:19:30,7.52,--,3,2256,卖盘
2009,11:19:27,7.52,--,4,3008,卖盘
2010,11:19:21,7.52,--,975,733200,卖盘
2011,11:19:18,7.52,-0.02,6,4512,卖盘
2012,11:19:15,7.54,0.01,50,37700,买盘
2013,11:19:12,7.53,--,1131,851643,卖盘
2014,11:19:09,7.53,-0.01,10,7530,卖盘
2015,11:19:06,7.54,0.01,13,9802,买盘
2016,11:19:03,7.53,-0.01,610,459330,卖盘
2017,11:19:00,7.54,0.01,10,7540,买盘
2018,11:18:57,7.53,--,60,45180,卖盘
2019,11:18:54,7.53,--,18,13554,卖盘
2020,11:18:51,7.53,--,11,8283,卖盘
2021,11:18:48,7.53,--,151,113703,卖盘
2022,11:18:45,7.53,--,104,78312,卖盘
2023,11:18:39,7.53,--,368,277104,卖盘
2024,11:18:33,7.53,--,7,5271,卖盘
2025,11:18:27,7.53,-0.01,1,753,卖盘
2026,11:18:24,7.54,0.01,48,36192,买盘
2027,11:18:21,7.53,--,200,150600,卖盘
2028,11:18:09,7.53,-0.01,3,2259,卖盘
2029,11:18:06,7.54,0.01,11,8294,买盘
2030,11:18:03,7.53,--,19,14307,卖盘
2031,11:18:00,7.53,-0.01,1,753,卖盘
2032,11:17:57,7.54,--,4,3016,买盘
2033,11:17:54,7.54,0.01,2,1508,买盘
2034,11:17:48,7.53,-0.01,51,38403,卖盘
2035,11:17:45,7.54,--,3,2262,买盘
2036,11:17:39,7.54,0.01,65,49010,买盘
2037,11:17:36,7.53,--,17,12801,卖盘
2038,11:17:33,7.53,-0.01,3,2259,卖盘
2039,11:17:24,7.54,--,8,6032,买盘
2040,11:17:18,7.54,0.01,61,45994,买盘
2041,11:17:15,7.53,--,1,753,卖盘
2042,11:17:12,7.53,--,4,3012,卖盘
2043,11:17:09,7.53,-0.01,1,753,卖盘
2044,11:17:06,7.54,--,3,2262,买盘
2045,11:17:03,7.54,--,1,754,买盘
2046,11:17:00,7.54,0.01,98,73892,买盘
2047,11:16:54,7.53,-0.01,48,36144,卖盘
2048,11:16:45,7.54,--,199,150046,买盘
2049,11:16:42,7.54,--,30,22620,买盘
2050,11:16:36,7.54,0.01,8,6032,买盘
2051,11:16:33,7.53,-0.01,10,7530,卖盘
2052,11:16:27,7.54,0.01,4,3016,买盘
2053,11:16:24,7.53,--,51,38403,卖盘
2054,11:16:21,7.53,--,74,55722,卖盘
2055,11:16:15,7.53,--,31,23343,卖盘
2056,11:16:09,7.53,--,5,3765,卖盘
2057,11:16:06,7.53,--,157,118221,卖盘
2058,11:16:03,7.53,-0.01,92,69276,卖盘
2059,11:16:00,7.54,--,136,102544,买盘
2060,11:15:57,7.54,--,10,7540,买盘
2061,11:15:54,7.54,--,11,8294,买盘
2062,11:15:51,7.54,0.01,5,3770,买盘
2063,11:15:48,7.53,--,9,6777,卖盘
2064,11:15:39,7.53,--,10,7530,卖盘
2065,11:15:36,7.53,--,1,753,卖盘
2066,11:15:33,7.53,-0.01,87,65511,卖盘
2067,11:15:27,7.54,0.01,3,2262,买盘
2068,11:15:24,7.53,--,2,1506,卖盘
2069,11:15:18,7.53,-0.01,1,753,卖盘
2070,11:15:15,7.54,0.01,50,37700,买盘
2071,11:15:06,7.53,--,2,1506,卖盘
2072,11:15:03,7.53,-0.01,9,6777,卖盘
2073,11:15:00,7.54,0.01,5,3770,买盘
2074,11:14:54,7.53,-0.01,20,15060,卖盘
2075,11:14:51,7.54,--,14,10556,买盘
2076,11:14:48,7.54,0.01,11,8294,买盘
2077,11:14:45,7.53,-0.01,17,12801,卖盘
2078,11:14:42,7.54,--,3,2262,买盘
2079,11:14:33,7.54,--,3,2262,买盘
2080,11:14:30,7.54,0.01,6,4524,买盘
2081,11:14:27,7.53,--,1,753,卖盘
2082,11:14:21,7.53,-0.01,1,753,卖盘
2083,11:14:15,7.54,0.01,3,2262,买盘
2084,11:14:12,7.53,--,6,4518,卖盘
2085,11:14:09,7.53,-0.01,2,1506,卖盘
2086,11:14:00,7.54,--,11,8294,买盘
2087,11:13:54,7.54,--,58,43732,买盘
2088,11:13:51,7.54,--,23,17342,卖盘
2089,11:13:48,7.54,--,483,364182,卖盘
2090,11:13:45,7.54,--,142,107068,卖盘
2091,11:13:39,7.54,--,63,47502,卖盘
2092,11:13:36,7.54,--,120,90480,卖盘
2093,11:13:33,7.54,--,3,2262,卖盘
2094,11:13:30,7.54,--,50,37700,卖盘
2095,11:13:27,7.54,--,1,754,卖盘
2096,11:13:21,7.54,-0.01,10,7540,卖盘
2097,11:13:18,7.55,0.01,62,46810,买盘
2098,11:13:15,7.54,--,10,7540,卖盘
2099,11:13:12,7.54,--,40,30160,卖盘
2100,11:13:06,7.54,--,6,4524,卖盘
2101,11:13:03,7.54,--,180,135720,卖盘
2102,11:13:00,7.54,--,8,6032,卖盘
2103,11:12:57,7.54,-0.01,198,149292,卖盘
2104,11:12:51,7.55,0.01,3,2265,买盘
2105,11:12:48,7.54,--,59,44486,卖盘
2106,11:12:45,7.54,--,33,24882,卖盘
2107,11:12:42,7.54,--,10,7540,卖盘
2108,11:12:39,7.54,--,244,183976,卖盘
2109,11:12:36,7.54,--,115,86710,卖盘
2110,11:12:33,7.54,--,14,10556,卖盘
2111,11:12:27,7.54,-0.01,1,754,卖盘
2112,11:12:21,7.55,--,3,2265,买盘
2113,11:12:18,7.55,0.01,4,3020,买盘
2114,11:12:15,7.54,-0.01,4,3016,卖盘
2115,11:12:09,7.55,0.01,63,47565,买盘
2116,11:12:03,7.54,--,55,41470,卖盘
2117,11:12:00,7.54,-0.01,141,106314,卖盘
2118,11:11:57,7.55,0.01,14,10570,买盘
2119,11:11:51,7.54,--,8,6032,卖盘
2120,11:11:48,7.54,--,2,1508,卖盘
2121,11:11:45,7.54,--,1,754,卖盘
2122,11:11:42,7.54,--,33,24882,卖盘
2123,11:11:39,7.54,--,9,6786,卖盘
2124,11:11:36,7.54,--,1,754,卖盘
2125,11:11:33,7.54,--,13,9802,卖盘
2126,11:11:30,7.54,--,15,11310,卖盘
2127,11:11:27,7.54,-0.01,40,30160,卖盘
2128,11:11:24,7.55,0.01,10,7550,买盘
2129,11:11:21,7.54,--,860,648440,卖盘
2130,11:11:15,7.54,-0.01,2,1508,卖盘
2131,11:11:12,7.55,--,4,3020,买盘
2132,11:11:09,7.55,0.01,4,3020,买盘
2133,11:11:06,7.54,--,25,18850,卖盘
2134,11:11:03,7.54,-0.01,3,2262,卖盘
2135,11:11:00,7.55,--,5,3775,买盘
2136,11:10:57,7.55,--,13,9815,买盘
2137,11:10:54,7.55,--,1,755,买盘
2138,11:10:48,7.55,0.01,3,2265,买盘
2139,11:10:45,7.54,--,3,2262,卖盘
2140,11:10:33,7.54,--,14,10556,卖盘
2141,11:10:30,7.54,-0.01,11,8294,卖盘
2142,11:10:27,7.55,--,78,58890,买盘
2143,11:10:24,7.55,0.01,4,3020,买盘
2144,11:10:21,7.54,--,2,1508,卖盘
2145,11:10:15,7.54,--,4,3016,卖盘
2146,11:10:12,7.54,-0.01,25,18850,卖盘
2147,11:10:09,7.55,0.01,4,3020,买盘
2148,11:10:06,7.54,--,19,14326,卖盘
2149,11:10:03,7.54,-0.01,12,9048,卖盘
2150,11:10:00,7.55,0.01,2,1510,买盘
2151,11:09:57,7.54,--,236,177944,卖盘
2152,11:09:48,7.54,-0.01,3,2262,卖盘
2153,11:09:45,7.55,0.01,4,3020,买盘
2154,11:09:39,7.54,--,13,9802,卖盘
2155,11:09:36,7.54,--,1,754,卖盘
2156,11:09:33,7.54,--,1,754,卖盘
2157,11:09:30,7.54,--,2,1508,卖盘
2158,11:09:27,7.54,--,21,15834,卖盘
2159,11:09:24,7.54,--,3,2262,卖盘
2160,11:09:21,7.54,--,10,7540,卖盘
2161,11:09:15,7.54,-0.01,31,23374,卖盘
2162,11:09:06,7.55,0.01,6,4530,买盘
2163,11:09:03,7.54,-0.01,403,303862,卖盘
2164,11:09:00,7.55,--,84,63420,买盘
2165,11:08:54,7.55,0.01,9,6795,买盘
2166,11:08:51,7.54,--,11,8294,卖盘
2167,11:08:45,7.54,-0.01,6,4524,卖盘
2168,11:08:42,7.55,0.01,3,2265,买盘
2169,11:08:39,7.54,-0.01,1,754,卖盘
2170,11:08:36,7.55,0.01,5,3775,买盘
2171,11:08:33,7.54,-0.01,3,2262,卖盘
2172,11:08:30,7.55,0.01,5,3775,买盘
2173,11:08:24,7.54,--,9,6786,卖盘
2174,11:08:21,7.54,-0.01,14,10556,卖盘
2175,11:08:18,7.55,0.01,6,4530,买盘
2176,11:08:15,7.54,-0.01,1,754,卖盘
2177,11:08:12,7.55,0.01,17,12835,买盘
2178,11:08:09,7.54,-0.01,74,55796,卖盘
2179,11:08:06,7.55,0.01,5,3775,买盘
2180,11:08:03,7.54,-0.01,3,2262,卖盘
2181,11:08:00,7.55,--,14,10570,买盘
2182,11:07:54,7.55,0.01,4,3020,买盘
2183,11:07:48,7.54,-0.01,55,41470,卖盘
2184,11:07:42,7.55,0.01,9,6795,买盘
2185,11:07:39,7.54,-0.01,12,9048,卖盘
2186,11:07:36,7.55,0.01,165,124575,买盘
2187,11:07:33,7.54,--,7,5278,卖盘
2188,11:07:30,7.54,-0.01,75,56550,卖盘
2189,11:07:27,7.55,--,8,6040,买盘
2190,11:07:24,7.55,0.01,10,7550,买盘
2191,11:07:21,7.54,-0.01,3,2262,卖盘
2192,11:07:15,7.55,0.01,10,7550,买盘
2193,11:07:12,7.54,-0.01,20,15080,卖盘
2194,11:07:09,7.55,--,10,7550,买盘
2195,11:07:06,7.55,0.01,19,14345,买盘
2196,11:07:03,7.54,--,9,6786,卖盘
2197,11:07:00,7.54,--,1,754,卖盘
2198,11:06:57,7.54,--,86,64844,买盘
2199,11:06:54,7.54,--,100,75400,买盘
2200,11:06:51,7.54,--,78,58812,买盘
2201,11:06:48,7.54,--,1,754,买盘
2202,11:06:45,7.54,--,63,47502,买盘
2203,11:06:42,7.54,--,37,27898,买盘
2204,11:06:39,7.54,--,31,23374,买盘
2205,11:06:36,7.54,--,17,12818,买盘
2206,11:06:33,7.54,-0.01,98,73892,卖盘
2207,11:06:30,7.55,--,12,9060,买盘
2208,11:06:27,7.55,0.01,965,728575,买盘
2209,11:06:24,7.54,-0.01,2,1508,卖盘
2210,11:06:21,7.55,0.01,17,12835,买盘
2211,11:06:15,7.54,0.01,25,18850,中性盘
2212,11:06:12,7.53,-0.02,36,27108,卖盘
2213,11:06:09,7.55,0.02,4,3020,买盘
2214,11:06:06,7.53,-0.02,535,402855,卖盘
2215,11:06:03,7.55,--,4,3020,买盘
2216,11:06:00,7.55,0.01,38,28690,买盘
2217,11:05:57,7.54,0.01,2278,1718177,买盘
2218,11:05:54,7.53,-0.01,40,30752,卖盘
2219,11:05:51,7.54,--,7,5278,买盘
2220,11:05:48,7.54,0.01,148,111592,买盘
2221,11:05:45,7.53,-0.01,2,1506,卖盘
2222,11:05:42,7.54,0.01,23,17342,买盘
2223,11:05:39,7.53,--,1,753,卖盘
2224,11:05:36,7.53,--,23,17319,卖盘
2225,11:05:33,7.53,--,3,2259,卖盘
2226,11:05:27,7.53,-0.01,15,11295,卖盘
2227,11:05:21,7.54,0.01,27,20358,买盘
2228,11:05:18,7.53,--,13,9789,卖盘
2229,11:05:15,7.53,-0.01,69,51957,卖盘
2230,11:05:12,7.54,--,203,153062,买盘
2231,11:05:09,7.54,--,21,15834,买盘
2232,11:05:06,7.54,0.01,27,20358,买盘
2233,11:05:03,7.53,-0.01,3,2259,卖盘
2234,11:05:00,7.54,--,3,2262,买盘
2235,11:04:57,7.54,--,8,6032,买盘
2236,11:04:51,7.54,0.01,40,30160,买盘
2237,11:04:45,7.53,-0.01,2,1506,卖盘
2238,11:04:42,7.54,0.01,11,8294,买盘
2239,11:04:39,7.53,--,9,6777,卖盘
2240,11:04:36,7.53,-0.01,3,2259,卖盘
2241,11:04:33,7.54,--,15,11310,买盘
2242,11:04:30,7.54,0.01,3,2262,买盘
2243,11:04:27,7.53,-0.01,1,753,卖盘
2244,11:04:24,7.54,0.01,36,27144,买盘
2245,11:04:18,7.53,--,21,15813,卖盘
2246,11:04:15,7.53,-0.01,11,8283,卖盘
2247,11:04:12,7.54,0.01,12,9048,买盘
2248,11:04:09,7.53,--,40,30120,卖盘
2249,11:04:06,7.53,--,16,12048,卖盘
2250,11:04:03,7.53,--,10,7530,卖盘
2251,11:04:00,7.53,--,14,10542,卖盘
2252,11:03:57,7.53,-0.01,1,753,卖盘
2253,11:03:54,7.54,--,8,6032,买盘
2254,11:03:51,7.54,--,34,25636,买盘
2255,11:03:42,7.54,0.01,3,2262,买盘
2256,11:03:36,7.53,-0.01,20,15060,卖盘
2257,11:03:33,7.54,--,11,8294,买盘
2258,11:03:30,7.54,--,5,3770,买盘
2259,11:03:27,7.54,--,71,53534,买盘
2260,11:03:24,7.54,--,163,122902,买盘
2261,11:03:21,7.54,--,10,7540,买盘
2262,11:03:18,7.54,0.01,6,4524,买盘
2263,11:03:15,7.53,--,9,6777,卖盘
2264,11:03:12,7.53,-0.01,2,1506,卖盘
2265,11:03:06,7.54,--,151,113854,买盘
2266,11:03:03,7.54,--,3,2262,买盘
2267,11:03:00,7.54,0.01,36,27144,买盘
2268,11:02:57,7.53,-0.01,213,160389,卖盘
2269,11:02:54,7.54,0.01,15,11310,买盘
2270,11:02:51,7.53,--,200,150600,卖盘
2271,11:02:48,7.53,--,24,18072,卖盘
2272,11:02:45,7.53,-0.01,2,1506,卖盘
2273,11:02:42,7.54,--,5,3770,买盘
2274,11:02:39,7.54,0.01,138,104052,买盘
2275,11:02:30,7.53,--,80,60240,卖盘
2276,11:02:24,7.53,-0.01,68,51204,卖盘
2277,11:02:21,7.54,0.01,79,59566,买盘
2278,11:02:15,7.53,--,22,16566,卖盘
2279,11:02:09,7.53,--,9,6777,卖盘
2280,11:02:06,7.53,--,64,48192,买盘
2281,11:02:00,7.53,--,9,6777,买盘
2282,11:01:57,7.53,--,20,15060,卖盘
2283,11:01:54,7.53,--,24,18072,卖盘
2284,11:01:51,7.53,--,37,27861,买盘
2285,11:01:48,7.53,0.01,74,55722,买盘
2286,11:01:45,7.52,-0.01,5,3760,卖盘
2287,11:01:42,7.53,0.01,7,5271,买盘
2288,11:01:39,7.52,-0.01,29,21808,卖盘
2289,11:01:33,7.53,0.01,20,15060,买盘
2290,11:01:30,7.52,--,12,9024,卖盘
2291,11:01:27,7.52,-0.01,4,3008,卖盘
2292,11:01:24,7.53,--,1,753,买盘
2293,11:01:21,7.53,--,10,7530,买盘
2294,11:01:18,7.53,--,1,753,买盘
2295,11:01:15,7.53,--,103,77559,买盘
2296,11:01:12,7.53,--,211,158883,买盘
2297,11:01:09,7.53,--,485,365205,买盘
2298,11:01:06,7.53,--,25,18825,买盘
2299,11:01:03,7.53,--,67,50451,买盘
2300,11:01:00,7.53,0.01,41,30873,买盘
2301,11:00:57,7.52,-0.01,64,48128,卖盘
2302,11:00:51,7.53,--,8,6024,买盘
2303,11:00:48,7.53,0.01,347,261291,买盘
2304,11:00:45,7.52,--,1,752,卖盘
2305,11:00:42,7.52,--,30,22560,卖盘
2306,11:00:39,7.52,-0.01,62,46624,卖盘
2307,11:00:33,7.53,--,147,110691,买盘
2308,11:00:30,7.53,0.01,172,129516,买盘
2309,11:00:27,7.52,-0.01,6,4512,卖盘
2310,11:00:24,7.53,0.01,60,45180,买盘
2311,11:00:15,7.52,-0.01,4,3008,卖盘
2312,11:00:12,7.53,--,111,83583,买盘
2313,11:00:03,7.53,--,157,118221,买盘
2314,11:00:00,7.53,0.01,1,753,买盘
2315,10:59:57,7.52,--,1,752,卖盘
2316,10:59:54,7.52,-0.01,8,6016,卖盘
2317,10:59:48,7.53,--,5,3765,买盘
2318,10:59:45,7.53,--,43,32379,买盘
2319,10:59:39,7.53,--,50,37650,买盘
2320,10:59:36,7.53,--,24,18072,买盘
2321,10:59:33,7.53,0.01,37,27861,买盘
2322,10:59:27,7.52,-0.01,3,2256,卖盘
2323,10:59:21,7.53,--,22,16566,买盘
2324,10:59:18,7.53,0.01,1000,753000,买盘
2325,10:59:15,7.52,--,1,752,卖盘
2326,10:59:09,7.52,--,1,752,卖盘
2327,10:59:03,7.52,--,17,12784,卖盘
2328,10:59:00,7.52,--,5,3760,卖盘
2329,10:58:57,7.52,-0.01,107,80464,卖盘
2330,10:58:54,7.53,--,100,75300,买盘
2331,10:58:48,7.53,0.01,31,23343,买盘
2332,10:58:45,7.52,-0.01,15,11280,卖盘
2333,10:58:42,7.53,0.01,19,14307,买盘
2334,10:58:39,7.52,--,17,12784,卖盘
2335,10:58:33,7.52,--,4,3008,卖盘
2336,10:58:30,7.52,--,22,16544,卖盘
2337,10:58:27,7.52,--,94,70688,卖盘
2338,10:58:21,7.52,--,57,42864,卖盘
2339,10:58:18,7.52,--,159,119568,卖盘
2340,10:58:15,7.52,--,3,2256,卖盘
2341,10:58:09,7.52,-0.01,20,15040,卖盘
2342,10:58:06,7.53,--,10,7530,买盘
2343,10:58:03,7.53,--,17,12801,买盘
2344,10:58:00,7.53,0.01,2,1506,买盘
2345,10:57:57,7.52,--,101,75952,卖盘
2346,10:57:54,7.52,-0.01,43,32335,卖盘
2347,10:57:51,7.53,--,3,2259,买盘
2348,10:57:48,7.53,0.01,81,60993,买盘
2349,10:57:45,7.52,-0.01,10,7520,卖盘
2350,10:57:36,7.53,--,11,8283,买盘
2351,10:57:33,7.53,0.01,4,3012,买盘
2352,10:57:27,7.52,-0.01,4,3008,卖盘
2353,10:57:24,7.53,--,55,41415,买盘
2354,10:57:18,7.53,0.01,103,77559,买盘
2355,10:57:15,7.52,-0.01,12,9024,卖盘
2356,10:57:12,7.53,0.01,1,753,买盘
2357,10:57:09,7.52,-0.01,2,1504,卖盘
2358,10:57:06,7.53,--,19,14307,买盘
2359,10:57:03,7.53,--,26,19578,买盘
2360,10:57:00,7.53,0.01,39,29367,买盘
2361,10:56:57,7.52,--,4,3008,卖盘
2362,10:56:54,7.52,--,100,75200,卖盘
2363,10:56:45,7.52,--,116,87232,卖盘
2364,10:56:36,7.52,--,1,752,卖盘
2365,10:56:33,7.52,--,3,2256,卖盘
2366,10:56:30,7.52,--,42,31584,卖盘
2367,10:56:27,7.52,--,29,21808,卖盘
2368,10:56:24,7.52,--,24,18048,卖盘
2369,10:56:15,7.52,-0.01,101,75952,卖盘
2370,10:56:12,7.53,0.01,11,8283,买盘
2371,10:56:09,7.52,-0.01,30,22560,卖盘
2372,10:56:06,7.53,0.01,14,10542,买盘
2373,10:56:03,7.52,--,24,18048,卖盘
2374,10:56:00,7.52,--,3,2256,卖盘
2375,10:55:57,7.52,-0.01,1,752,卖盘
2376,10:55:48,7.53,0.01,1,753,买盘
2377,10:55:45,7.52,-0.01,66,49632,卖盘
2378,10:55:42,7.53,--,17,12801,买盘
2379,10:55:39,7.53,0.01,122,91866,买盘
2380,10:55:36,7.52,--,10,7520,卖盘
2381,10:55:33,7.52,--,3,2256,卖盘
2382,10:55:30,7.52,--,1,752,卖盘
2383,10:55:27,7.52,--,3,2256,卖盘
2384,10:55:24,7.52,-0.01,27,20304,卖盘
2385,10:55:21,7.53,--,36,27108,买盘
2386,10:55:18,7.53,0.01,14,10542,买盘
2387,10:55:15,7.52,-0.01,53,39856,卖盘
2388,10:55:09,7.53,0.01,1,753,买盘
2389,10:55:03,7.52,--,18,13536,卖盘
2390,10:55:00,7.52,--,14,10528,卖盘
2391,10:54:57,7.52,-0.01,11,8272,卖盘
2392,10:54:54,7.53,--,403,303459,买盘
2393,10:54:51,7.53,0.01,67,50451,买盘
2394,10:54:45,7.52,--,3,2256,卖盘
2395,10:54:39,7.52,--,18,13536,卖盘
2396,10:54:36,7.52,-0.01,10,7520,卖盘
2397,10:54:33,7.53,0.01,9,6777,买盘
2398,10:54:30,7.52,--,4,3008,卖盘
2399,10:54:27,7.52,--,16,12032,卖盘
2400,10:54:24,7.52,--,50,37600,卖盘
2401,10:54:18,7.52,--,3,2256,卖盘
2402,10:54:15,7.52,-0.01,52,39104,卖盘
2403,10:54:09,7.53,--,1,753,买盘
2404,10:54:06,7.53,0.01,1,753,买盘
2405,10:54:03,7.52,--,9,6768,卖盘
2406,10:54:00,7.52,--,54,40608,卖盘
2407,10:53:57,7.52,--,21,15792,卖盘
2408,10:53:48,7.52,--,3,2256,卖盘
2409,10:53:45,7.52,--,23,17296,卖盘
2410,10:53:39,7.52,--,8,6016,卖盘
2411,10:53:36,7.52,--,4,3008,卖盘
2412,10:53:33,7.52,--,17,12784,卖盘
2413,10:53:30,7.52,--,28,21056,卖盘
2414,10:53:27,7.52,--,15,11280,卖盘
2415,10:53:21,7.52,--,10,7520,卖盘
2416,10:53:18,7.52,--,24,18048,卖盘
2417,10:53:15,7.52,-0.01,1,752,卖盘
2418,10:53:06,7.53,0.01,3,2259,买盘
2419,10:53:03,7.52,-0.01,8,6016,卖盘
2420,10:53:00,7.53,0.01,3,2259,买盘
2421,10:52:57,7.52,-0.01,2,1504,卖盘
2422,10:52:51,7.53,--,5,3765,买盘
2423,10:52:48,7.53,0.01,9,6777,买盘
2424,10:52:45,7.52,--,87,65423,卖盘
2425,10:52:36,7.52,--,10,7520,卖盘
2426,10:52:33,7.52,--,95,71440,卖盘
2427,10:52:30,7.52,--,11,8272,卖盘
2428,10:52:27,7.52,-0.01,3,2256,卖盘
2429,10:52:24,7.53,0.01,1,753,买盘
2430,10:52:21,7.52,-0.01,202,151904,卖盘
2431,10:52:18,7.53,0.01,2,1506,买盘
2432,10:52:15,7.52,-0.01,1,752,卖盘
2433,10:52:06,7.53,0.01,5,3765,买盘
2434,10:52:03,7.52,--,36,27072,卖盘
2435,10:52:00,7.52,--,8,6016,卖盘
2436,10:51:57,7.52,--,12,9024,卖盘
2437,10:51:54,7.52,--,37,27824,卖盘
2438,10:51:51,7.52,--,5,3760,卖盘
2439,10:51:45,7.52,-0.01,3,2256,卖盘
2440,10:51:42,7.53,0.01,3,2259,买盘
2441,10:51:39,7.52,--,2,1504,卖盘
2442,10:51:36,7.52,--,20,15040,卖盘
2443,10:51:33,7.52,--,11,8272,卖盘
2444,10:51:30,7.52,--,22,16544,卖盘
2445,10:51:27,7.52,--,12,9024,卖盘
2446,10:51:21,7.52,--,2,1504,卖盘
2447,10:51:18,7.52,--,80,60160,卖盘
2448,10:51:15,7.52,-0.01,3,2256,卖盘
2449,10:51:12,7.53,0.01,1,753,买盘
2450,10:51:09,7.52,--,50,37600,卖盘
2451,10:51:03,7.52,--,19,14288,卖盘
2452,10:51:00,7.52,--,4,3008,卖盘
2453,10:50:57,7.52,--,151,113552,卖盘
2454,10:50:54,7.52,-0.01,8,6016,卖盘
2455,10:50:51,7.53,0.01,138,103914,买盘
2456,10:50:48,7.52,--,10,7520,卖盘
2457,10:50:45,7.52,--,6,4512,卖盘
2458,10:50:42,7.52,--,20,15040,卖盘
2459,10:50:39,7.52,--,23,17296,卖盘
2460,10:50:33,7.52,--,48,36096,卖盘
2461,10:50:30,7.52,--,11,8272,卖盘
2462,10:50:27,7.52,--,1,752,卖盘
2463,10:50:24,7.52,--,2,1504,卖盘
2464,10:50:21,7.52,--,3,2256,卖盘
2465,10:50:15,7.52,-0.01,35,26320,卖盘
2466,10:50:09,7.53,0.01,8,6024,买盘
2467,10:50:06,7.52,--,214,160928,卖盘
2468,10:50:03,7.52,--,12,9024,卖盘
2469,10:50:00,7.52,--,1,752,卖盘
2470,10:49:57,7.52,-0.01,19,14288,卖盘
2471,10:49:54,7.53,--,61,45933,买盘
2472,10:49:51,7.53,--,3,2259,买盘
2473,10:49:48,7.53,0.01,42,31626,买盘
2474,10:49:45,7.52,--,5,3760,卖盘
2475,10:49:42,7.52,--,318,239136,卖盘
2476,10:49:39,7.52,-0.01,2,1504,卖盘
2477,10:49:33,7.53,0.01,11,8283,买盘
2478,10:49:30,7.52,--,23,17296,卖盘
2479,10:49:27,7.52,--,1,752,卖盘
2480,10:49:24,7.52,-0.01,9,6768,卖盘
2481,10:49:21,7.53,0.01,16,12048,买盘
2482,10:49:18,7.52,--,9,6768,卖盘
2483,10:49:15,7.52,-0.01,13,9776,卖盘
2484,10:49:00,7.53,0.01,5,3765,买盘
2485,10:48:57,7.52,-0.01,1,752,卖盘
2486,10:48:54,7.53,0.01,7,5271,买盘
2487,10:48:51,7.52,-0.01,348,261695,卖盘
2488,10:48:48,7.53,0.01,20,15060,买盘
2489,10:48:45,7.52,--,11,8272,卖盘
2490,10:48:42,7.52,--,109,81968,卖盘
2491,10:48:39,7.52,-0.01,20,15040,卖盘
2492,10:48:36,7.53,0.01,120,90360,买盘
2493,10:48:33,7.52,--,189,142128,买盘
2494,10:48:30,7.52,0.01,63,47376,买盘
2495,10:48:27,7.51,-0.01,1,751,卖盘
2496,10:48:24,7.52,0.01,107,80464,买盘
2497,10:48:18,7.51,--,18,13518,卖盘
2498,10:48:15,7.51,-0.01,131,98381,卖盘
2499,10:48:12,7.52,--,28,21056,买盘
2500,10:48:09,7.52,--,520,391040,买盘
2501,10:48:06,7.52,--,31,23312,买盘
2502,10:48:03,7.52,--,58,43616,买盘
2503,10:48:00,7.52,--,3,2256,买盘
2504,10:47:57,7.52,--,155,116560,买盘
2505,10:47:54,7.52,--,1,752,买盘
2506,10:47:51,7.52,0.01,27,20304,买盘
2507,10:47:45,7.51,--,19,14269,卖盘
2508,10:47:42,7.51,--,83,62333,卖盘
2509,10:47:39,7.51,--,38,28538,卖盘
2510,10:47:36,7.51,-0.01,318,238818,卖盘
2511,10:47:33,7.52,--,53,39856,买盘
2512,10:47:30,7.52,0.01,44,33088,买盘
2513,10:47:27,7.51,-0.01,2,1502,卖盘
2514,10:47:21,7.52,0.01,24,18048,买盘
2515,10:47:18,7.51,--,2297,1725047,卖盘
2516,10:47:15,7.51,--,48,36048,卖盘
2517,10:47:12,7.51,--,20,15020,卖盘
2518,10:47:09,7.51,-0.01,20,15020,卖盘
2519,10:47:06,7.52,0.01,276,207552,买盘
2520,10:47:03,7.51,--,152,114152,卖盘
2521,10:47:00,7.51,--,597,448347,卖盘
2522,10:46:57,7.51,--,2,1502,卖盘
2523,10:46:54,7.51,--,42,31542,卖盘
2524,10:46:51,7.51,--,40,30040,卖盘
2525,10:46:45,7.51,--,10,7510,卖盘
2526,10:46:42,7.51,--,27,20277,卖盘
2527,10:46:39,7.51,--,55,41305,卖盘
2528,10:46:33,7.51,--,10,7510,卖盘
2529,10:46:30,7.51,--,3,2253,卖盘
2530,10:46:27,7.51,--,203,152453,卖盘
2531,10:46:24,7.51,-0.01,3,2253,卖盘
2532,10:46:21,7.52,0.01,15,11280,买盘
2533,10:46:15,7.51,-0.01,96,72096,卖盘
2534,10:46:12,7.52,0.01,32,24064,买盘
2535,10:46:09,7.51,--,257,193007,卖盘
2536,10:46:06,7.51,--,73,54823,卖盘
2537,10:46:03,7.51,--,41,30791,卖盘
2538,10:46:00,7.51,--,44,33044,卖盘
2539,10:45:57,7.51,--,1,751,卖盘
2540,10:45:54,7.51,--,38,28538,卖盘
2541,10:45:51,7.51,--,207,155457,卖盘
2542,10:45:48,7.51,--,500,375500,卖盘
2543,10:45:45,7.51,--,3,2253,卖盘
2544,10:45:42,7.51,--,102,76602,卖盘
2545,10:45:39,7.51,--,46,34546,卖盘
2546,10:45:36,7.51,--,65,48815,卖盘
2547,10:45:33,7.51,--,526,395026,卖盘
2548,10:45:30,7.51,--,112,84112,卖盘
2549,10:45:27,7.51,--,13,9763,卖盘
2550,10:45:21,7.51,--,135,101385,卖盘
2551,10:45:15,7.51,--,33,24783,卖盘
2552,10:45:12,7.51,--,325,244075,卖盘
2553,10:45:09,7.51,--,62,46562,卖盘
2554,10:45:06,7.51,--,2,1502,卖盘
2555,10:45:03,7.51,--,186,139686,卖盘
2556,10:45:00,7.51,--,1,751,卖盘
2557,10:44:57,7.51,-0.01,1,751,卖盘
2558,10:44:54,7.52,--,1,752,买盘
2559,10:44:51,7.52,0.01,23,17296,买盘
2560,10:44:48,7.51,--,90,67590,卖盘
2561,10:44:45,7.51,-0.01,28,21028,卖盘
2562,10:44:42,7.52,0.01,60,45120,买盘
2563,10:44:39,7.51,--,2,1502,卖盘
2564,10:44:36,7.51,--,3,2253,卖盘
2565,10:44:33,7.51,--,58,43558,卖盘
2566,10:44:30,7.51,--,33,24783,卖盘
2567,10:44:27,7.51,--,6,4506,卖盘
2568,10:44:24,7.51,--,81,60831,卖盘
2569,10:44:21,7.51,-0.01,30,22530,卖盘
2570,10:44:18,7.52,0.01,2,1504,买盘
2571,10:44:15,7.51,-0.01,10,7510,卖盘
2572,10:44:12,7.52,--,21,15792,买盘
2573,10:44:09,7.52,--,3,2256,买盘
2574,10:44:06,7.52,--,53,39856,买盘
2575,10:44:03,7.52,--,4,3008,买盘
2576,10:44:00,7.52,0.01,31,23312,买盘
2577,10:43:57,7.51,-0.01,8,6008,卖盘
2578,10:43:54,7.52,0.01,300,225600,买盘
2579,10:43:51,7.51,--,50,37550,卖盘
2580,10:43:48,7.51,--,147,110397,卖盘
2581,10:43:45,7.51,--,1,751,卖盘
2582,10:43:42,7.51,--,6,4506,卖盘
2583,10:43:39,7.51,--,54,40554,卖盘
2584,10:43:36,7.51,--,15,11265,卖盘
2585,10:43:33,7.51,-0.01,778,584278,卖盘
2586,10:43:30,7.52,0.01,1,752,买盘
2587,10:43:27,7.51,-0.01,2,1502,卖盘
2588,10:43:24,7.52,0.01,15,11280,买盘
2589,10:43:21,7.51,--,14,10514,卖盘
2590,10:43:18,7.51,--,141,105891,卖盘
2591,10:43:15,7.51,-0.01,12,9012,卖盘
2592,10:43:06,7.52,0.01,1,752,买盘
2593,10:43:03,7.51,--,103,77353,卖盘
2594,10:43:00,7.51,--,13,9763,卖盘
2595,10:42:57,7.51,-0.01,53,39803,卖盘
2596,10:42:54,7.52,--,4,3008,买盘
2597,10:42:51,7.52,0.01,6,4512,买盘
2598,10:42:48,7.51,--,14,10514,卖盘
2599,10:42:45,7.51,--,11,8261,卖盘
2600,10:42:39,7.51,--,4,3004,卖盘
2601,10:42:36,7.51,--,2,1502,卖盘
2602,10:42:33,7.51,--,1,751,卖盘
2603,10:42:30,7.51,-0.01,10,7510,卖盘
2604,10:42:27,7.52,--,501,376752,买盘
2605,10:42:24,7.52,--,15,11280,买盘
2606,10:42:21,7.52,0.01,5,3760,买盘
2607,10:42:18,7.51,-0.01,48,36048,卖盘
2608,10:42:15,7.52,0.01,38,28576,买盘
2609,10:42:12,7.51,-0.01,9,6759,卖盘
2610,10:42:09,7.52,--,1,752,买盘
2611,10:42:06,7.52,--,210,157920,买盘
2612,10:42:03,7.52,--,33,24816,买盘
2613,10:42:00,7.52,--,23,17296,买盘
2614,10:41:57,7.52,--,67,50384,买盘
2615,10:41:54,7.52,--,192,144384,买盘
2616,10:41:51,7.52,--,22,16544,买盘
2617,10:41:48,7.52,--,26,19552,买盘
2618,10:41:45,7.52,0.01,159,119568,买盘
2619,10:41:42,7.51,--,167,125417,卖盘
2620,10:41:39,7.51,--,55,41305,卖盘
2621,10:41:36,7.51,-0.01,70,52570,卖盘
2622,10:41:33,7.52,0.01,59,44368,买盘
2623,10:41:30,7.51,--,31,23281,卖盘
2624,10:41:27,7.51,-0.01,323,242573,卖盘
2625,10:41:24,7.52,--,8,6016,买盘
2626,10:41:21,7.52,0.01,16,12032,买盘
2627,10:41:18,7.51,-0.01,16,12016,卖盘
2628,10:41:15,7.52,0.01,52,39104,买盘
2629,10:41:09,7.51,--,240,180240,卖盘
2630,10:41:06,7.51,-0.01,30,22530,卖盘
2631,10:41:03,7.52,--,11,8272,买盘
2632,10:41:00,7.52,0.01,114,85728,买盘
2633,10:40:57,7.51,--,2,1502,卖盘
2634,10:40:54,7.51,--,21,15771,卖盘
2635,10:40:51,7.51,-0.01,10,7510,卖盘
2636,10:40:48,7.52,--,9,6768,买盘
2637,10:40:45,7.52,--,227,170704,买盘
2638,10:40:39,7.52,--,138,103776,买盘
2639,10:40:33,7.52,--,33,24816,买盘
2640,10:40:30,7.52,--,137,103024,买盘
2641,10:40:27,7.52,0.01,4,3008,买盘
2642,10:40:21,7.51,--,5,3755,卖盘
2643,10:40:18,7.51,-0.01,65,48815,卖盘
2644,10:40:15,7.52,--,3,2256,买盘
2645,10:40:12,7.52,--,41,30832,买盘
2646,10:40:09,7.52,--,45,33840,买盘
2647,10:40:06,7.52,--,130,97760,买盘
2648,10:40:03,7.52,--,24,18048,买盘
2649,10:40:00,7.52,--,22,16544,买盘
2650,10:39:57,7.52,--,22,16544,买盘
2651,10:39:54,7.52,0.01,31,23312,买盘
2652,10:39:51,7.51,--,33,24783,卖盘
2653,10:39:48,7.51,-0.01,9,6759,卖盘
2654,10:39:45,7.52,--,21,15792,买盘
2655,10:39:42,7.52,0.01,55,41360,买盘
2656,10:39:39,7.51,-0.01,20,15020,卖盘
2657,10:39:36,7.52,--,47,35344,买盘
2658,10:39:33,7.52,--,547,411344,买盘
2659,10:39:30,7.52,--,6,4512,买盘
2660,10:39:27,7.52,--,106,79712,买盘
2661,10:39:24,7.52,--,98,73696,买盘
2662,10:39:21,7.52,--,41,30832,买盘
2663,10:39:18,7.52,--,100,75200,买盘
2664,10:39:12,7.52,0.01,20,15040,买盘
2665,10:39:09,7.51,-0.01,124,93124,卖盘
2666,10:39:06,7.52,--,82,61664,买盘
2667,10:39:03,7.52,--,103,77456,买盘
2668,10:39:00,7.52,0.01,162,121824,买盘
2669,10:38:57,7.51,-0.01,103,77353,卖盘
2670,10:38:54,7.52,0.01,50,37600,买盘
2671,10:38:51,7.51,--,19,14269,卖盘
2672,10:38:48,7.51,--,21,15771,卖盘
2673,10:38:45,7.51,--,27,20277,卖盘
2674,10:38:36,7.51,-0.02,2,1502,卖盘
2675,10:38:33,7.53,0.02,21,15813,买盘
2676,10:38:30,7.51,-0.01,1800,1351800,卖盘
2677,10:38:27,7.52,--,311,233872,卖盘
2678,10:38:24,7.52,-0.01,814,612128,卖盘
2679,10:38:21,7.53,0.01,33,24849,买盘
2680,10:38:18,7.52,--,5,3760,卖盘
2681,10:38:15,7.52,-0.01,28,21056,卖盘
2682,10:38:12,7.53,0.01,5,3765,买盘
2683,10:38:09,7.52,-0.01,30,22560,卖盘
2684,10:38:06,7.53,0.01,15,11295,买盘
2685,10:38:03,7.52,-0.01,10,7520,卖盘
2686,10:38:00,7.53,0.01,1,753,买盘
2687,10:37:57,7.52,--,30,22560,卖盘
2688,10:37:54,7.52,--,75,56400,卖盘
2689,10:37:51,7.52,--,1,752,卖盘
2690,10:37:45,7.52,--,67,50384,卖盘
2691,10:37:42,7.52,--,169,127088,卖盘
2692,10:37:39,7.52,--,10,7520,卖盘
2693,10:37:36,7.52,--,19,14288,卖盘
2694,10:37:33,7.52,-0.01,1699,1277648,卖盘
2695,10:37:30,7.53,0.01,51,38403,买盘
2696,10:37:21,7.52,-0.01,32,24064,卖盘
2697,10:37:18,7.53,0.01,6,4518,买盘
2698,10:37:15,7.52,-0.01,30,22560,卖盘
2699,10:37:09,7.53,--,5,3765,买盘
2700,10:37:06,7.53,0.01,45,33885,买盘
2701,10:37:03,7.52,--,2,1504,卖盘
2702,10:37:00,7.52,-0.01,10,7520,卖盘
2703,10:36:54,7.53,0.01,20,15060,买盘
2704,10:36:51,7.52,-0.01,32,24064,卖盘
2705,10:36:45,7.53,--,1,753,买盘
2706,10:36:42,7.53,0.01,383,288399,买盘
2707,10:36:39,7.52,--,409,307568,卖盘
2708,10:36:36,7.52,--,77,57904,卖盘
2709,10:36:33,7.52,-0.01,46,34592,卖盘
2710,10:36:30,7.53,--,55,41415,买盘
2711,10:36:27,7.53,--,33,24849,买盘
2712,10:36:24,7.53,--,200,150600,买盘
2713,10:36:21,7.53,--,404,304212,买盘
2714,10:36:18,7.53,--,254,191262,买盘
2715,10:36:12,7.53,0.01,29,21837,买盘
2716,10:36:09,7.52,-0.01,32,24064,卖盘
2717,10:36:06,7.53,--,20,15060,买盘
2718,10:36:03,7.53,--,51,38403,买盘
2719,10:36:00,7.53,--,278,209334,买盘
2720,10:35:54,7.53,0.01,121,91113,买盘
2721,10:35:51,7.52,-0.01,19,14288,卖盘
2722,10:35:45,7.53,--,45,33885,买盘
2723,10:35:42,7.53,-0.01,776,584328,卖盘
2724,10:35:39,7.54,0.01,189,142506,买盘
2725,10:35:36,7.53,--,8,6024,卖盘
2726,10:35:33,7.53,-0.01,5,3765,卖盘
2727,10:35:30,7.54,0.01,130,98020,买盘
2728,10:35:27,7.53,--,18,13554,卖盘
2729,10:35:21,7.53,--,18,13554,卖盘
2730,10:35:18,7.53,--,42,31626,买盘
2731,10:35:09,7.53,0.01,35,26355,买盘
2732,10:35:06,7.52,--,35,26320,卖盘
2733,10:35:03,7.52,-0.02,16,12032,卖盘
2734,10:35:00,7.54,0.01,431,325162,买盘
2735,10:34:57,7.53,--,200,150600,卖盘
2736,10:34:54,7.53,--,20,15060,卖盘
2737,10:34:51,7.53,--,76,57228,卖盘
2738,10:34:48,7.53,--,120,90360,卖盘
2739,10:34:45,7.53,--,47,35391,卖盘
2740,10:34:42,7.53,0.01,526,396642,买盘
2741,10:34:39,7.52,-0.01,10,7520,卖盘
2742,10:34:36,7.53,0.01,5,3765,买盘
2743,10:34:33,7.52,--,154,115808,卖盘
2744,10:34:30,7.52,-0.01,201,151152,卖盘
2745,10:34:27,7.53,--,150,112950,买盘
2746,10:34:24,7.53,0.01,50,37650,买盘
2747,10:34:21,7.52,-0.01,30,22560,卖盘
2748,10:34:15,7.53,--,11,8283,买盘
2749,10:34:12,7.53,--,145,109373,卖盘
2750,10:34:09,7.53,--,35,26355,卖盘
2751,10:34:06,7.53,-0.01,184,138552,卖盘
2752,10:34:03,7.54,0.01,1689,1273506,买盘
2753,10:34:00,7.53,--,35,26355,卖盘
2754,10:33:57,7.53,--,16,12048,卖盘
2755,10:33:54,7.53,--,357,268821,卖盘
2756,10:33:51,7.53,--,67,50451,卖盘
2757,10:33:48,7.53,--,25,18825,卖盘
2758,10:33:45,7.53,--,43,32379,卖盘
2759,10:33:42,7.53,--,52,39156,卖盘
2760,10:33:33,7.53,-0.01,3,2259,卖盘
2761,10:33:30,7.54,0.01,5,3770,买盘
2762,10:33:27,7.53,--,165,124245,卖盘
2763,10:33:21,7.53,-0.01,39,29367,卖盘
2764,10:33:18,7.54,0.01,31,23374,买盘
2765,10:33:15,7.53,--,23,17319,卖盘
2766,10:33:12,7.53,-0.01,204,153612,卖盘
2767,10:33:09,7.54,0.01,1053,793962,买盘
2768,10:33:06,7.53,--,73,54969,卖盘
2769,10:33:03,7.53,-0.01,9,6777,卖盘
2770,10:33:00,7.54,0.01,1,754,买盘
2771,10:32:57,7.53,-0.01,1,753,卖盘
2772,10:32:54,7.54,--,3,2262,买盘
2773,10:32:48,7.54,0.01,4,3016,买盘
2774,10:32:45,7.53,-0.01,30,22590,卖盘
2775,10:32:36,7.54,0.01,7,5278,买盘
2776,10:32:33,7.53,--,3,2259,卖盘
2777,10:32:30,7.53,--,15,11295,卖盘
2778,10:32:27,7.53,--,6,4518,卖盘
2779,10:32:24,7.53,--,27,20331,卖盘
2780,10:32:15,7.53,--,144,108432,卖盘
2781,10:32:12,7.53,--,2,1506,卖盘
2782,10:32:06,7.53,-0.01,51,38403,卖盘
2783,10:32:03,7.54,--,32,24128,买盘
2784,10:32:00,7.54,0.01,84,63336,买盘
2785,10:31:57,7.53,--,30,22590,卖盘
2786,10:31:51,7.53,--,8,6024,卖盘
2787,10:31:45,7.53,-0.01,28,21084,卖盘
2788,10:31:42,7.54,0.01,72,54288,买盘
2789,10:31:39,7.53,--,1018,767118,卖盘
2790,10:31:36,7.53,--,5,3765,卖盘
2791,10:31:30,7.53,--,28,21084,卖盘
2792,10:31:27,7.53,--,2,1506,卖盘
2793,10:31:21,7.53,--,6,4518,卖盘
2794,10:31:18,7.53,--,14,10542,卖盘
2795,10:31:15,7.53,-0.01,183,137799,卖盘
2796,10:31:12,7.54,0.01,19,14326,买盘
2797,10:31:06,7.53,-0.01,28,21084,卖盘
2798,10:31:03,7.54,--,107,80678,买盘
2799,10:31:00,7.54,--,171,128934,买盘
2800,10:30:57,7.54,0.01,10,7540,买盘
2801,10:30:54,7.53,-0.01,15,11295,卖盘
2802,10:30:51,7.54,--,15,11310,买盘
2803,10:30:48,7.54,0.01,2,1508,买盘
2804,10:30:45,7.53,-0.01,4,3012,卖盘
2805,10:30:42,7.54,--,26,19604,买盘
2806,10:30:39,7.54,0.01,15,11310,买盘
2807,10:30:36,7.53,--,53,39909,卖盘
2808,10:30:33,7.53,--,20,15060,卖盘
2809,10:30:30,7.53,--,357,268821,卖盘
2810,10:30:27,7.53,-0.01,1,753,卖盘
2811,10:30:21,7.54,0.01,7,5278,买盘
2812,10:30:18,7.53,--,3,2259,卖盘
2813,10:30:15,7.53,-0.01,8,6024,卖盘
2814,10:30:12,7.54,0.01,112,84448,买盘
2815,10:30:06,7.53,-0.01,1,753,卖盘
2816,10:30:03,7.54,--,26,19604,买盘
2817,10:30:00,7.54,0.01,1,754,买盘
2818,10:29:54,7.53,--,14,10542,卖盘
2819,10:29:51,7.53,-0.01,97,73041,卖盘
2820,10:29:48,7.54,--,31,23374,买盘
2821,10:29:45,7.54,0.01,2,1508,买盘
2822,10:29:42,7.53,-0.01,40,30120,卖盘
2823,10:29:36,7.54,--,208,156832,买盘
2824,10:29:33,7.54,--,11,8294,买盘
2825,10:29:30,7.54,0.01,53,39962,买盘
2826,10:29:27,7.53,-0.01,21,15813,卖盘
2827,10:29:18,7.54,0.01,15,11310,买盘
2828,10:29:09,7.53,--,80,60240,卖盘
2829,10:29:06,7.53,-0.01,2,1506,卖盘
2830,10:29:00,7.54,0.01,1,754,买盘
2831,10:28:57,7.53,-0.01,209,157377,卖盘
2832,10:28:51,7.54,--,13,9802,买盘
2833,10:28:48,7.54,--,20,15080,买盘
2834,10:28:45,7.54,--,124,93496,买盘
2835,10:28:39,7.54,0.01,20,15080,买盘
2836,10:28:33,7.53,-0.01,5,3765,卖盘
2837,10:28:24,7.54,0.01,20,15080,买盘
2838,10:28:21,7.53,--,107,80571,卖盘
2839,10:28:15,7.53,-0.01,1,753,卖盘
2840,10:28:12,7.54,--,3,2262,买盘
2841,10:28:09,7.54,--,27,20358,买盘
2842,10:28:06,7.54,--,22,16588,买盘
2843,10:28:03,7.54,0.01,1,754,买盘
2844,10:28:00,7.53,--,30,22590,卖盘
2845,10:27:57,7.53,--,44,33132,卖盘
2846,10:27:51,7.53,--,2,1506,卖盘
2847,10:27:42,7.53,--,8,6024,卖盘
2848,10:27:39,7.53,-0.01,30,22590,卖盘
2849,10:27:36,7.54,0.01,7,5278,买盘
2850,10:27:33,7.53,--,9,6777,卖盘
2851,10:27:27,7.53,-0.01,50,37650,卖盘
2852,10:27:21,7.54,0.01,16,12064,买盘
2853,10:27:18,7.53,--,371,279363,卖盘
2854,10:27:15,7.53,--,10,7530,卖盘
2855,10:27:12,7.53,--,10,7530,卖盘
2856,10:27:06,7.53,-0.01,85,64005,卖盘
2857,10:27:00,7.54,0.01,77,58058,买盘
2858,10:26:54,7.53,--,24,18072,卖盘
2859,10:26:51,7.53,-0.01,9,6777,卖盘
2860,10:26:48,7.54,--,16,12064,买盘
2861,10:26:45,7.54,--,6,4524,买盘
2862,10:26:42,7.54,0.01,265,199810,买盘
2863,10:26:39,7.53,--,9,6777,卖盘
2864,10:26:36,7.53,--,29,21837,卖盘
2865,10:26:33,7.53,--,165,124245,卖盘
2866,10:26:30,7.53,--,133,100149,卖盘
2867,10:26:27,7.53,--,542,408126,卖盘
2868,10:26:24,7.53,--,130,97890,卖盘
2869,10:26:21,7.53,-0.01,181,136293,卖盘
2870,10:26:18,7.54,--,10,7540,买盘
2871,10:26:15,7.54,--,16,12064,买盘
2872,10:26:12,7.54,0.01,2,1508,买盘
2873,10:26:06,7.53,-0.01,13,9789,卖盘
2874,10:26:03,7.54,--,7,5278,买盘
2875,10:26:00,7.54,--,630,475020,买盘
2876,10:25:57,7.54,0.01,21,15834,买盘
2877,10:25:54,7.53,-0.01,1421,1070013,卖盘
2878,10:25:51,7.54,0.01,1,754,买盘
2879,10:25:48,7.53,-0.01,35,26355,卖盘
2880,10:25:45,7.54,0.01,81,61074,买盘
2881,10:25:42,7.53,--,878,661134,卖盘
2882,10:25:36,7.53,-0.01,75,56475,卖盘
2883,10:25:33,7.54,0.01,5,3770,买盘
2884,10:25:30,7.53,--,131,98643,卖盘
2885,10:25:27,7.53,-0.01,36,27108,卖盘
2886,10:25:21,7.54,0.01,22,16588,买盘
2887,10:25:15,7.53,--,7,5271,卖盘
2888,10:25:12,7.53,--,32,24096,卖盘
2889,10:25:06,7.53,-0.01,7,5271,卖盘
2890,10:25:03,7.54,--,15,11310,买盘
2891,10:25:00,7.54,--,1,754,买盘
2892,10:24:57,7.54,--,270,203580,买盘
2893,10:24:54,7.54,0.01,6,4524,买盘
2894,10:24:51,7.53,-0.01,60,45180,卖盘
2895,10:24:45,7.54,--,207,156078,买盘
2896,10:24:42,7.54,0.01,7,5278,买盘
2897,10:24:39,7.53,--,79,59487,卖盘
2898,10:24:36,7.53,--,1,753,卖盘
2899,10:24:27,7.53,-0.01,15,11295,卖盘
2900,10:24:24,7.54,--,3,2262,买盘
2901,10:24:21,7.54,--,10,7540,买盘
2902,10:24:18,7.54,--,92,69368,买盘
2903,10:24:15,7.54,--,5,3770,买盘
2904,10:24:12,7.54,--,113,85202,买盘
2905,10:24:09,7.54,0.01,21,15834,买盘
2906,10:24:06,7.53,-0.01,121,91113,卖盘
2907,10:24:03,7.54,0.01,1,754,买盘
2908,10:23:57,7.53,-0.01,11,8283,卖盘
2909,10:23:51,7.54,0.01,10,7540,买盘
2910,10:23:48,7.53,--,31,23343,卖盘
2911,10:23:45,7.53,-0.01,121,91113,卖盘
2912,10:23:42,7.54,--,44,33176,买盘
2913,10:23:39,7.54,0.01,1456,1097824,买盘
2914,10:23:36,7.53,--,81,60993,卖盘
2915,10:23:33,7.53,--,59,44427,卖盘
2916,10:23:24,7.53,--,10,7530,卖盘
2917,10:23:21,7.53,--,14,10542,卖盘
2918,10:23:15,7.53,-0.01,200,150600,卖盘
2919,10:23:09,7.54,0.01,10,7540,买盘
2920,10:23:06,7.53,-0.01,127,95631,卖盘
