,time,price,change,volume,amount,type
0,15:00:03,7.48,0.01,2542,1901416,买盘
1,14:57:00,7.47,-0.01,36,26892,卖盘
2,14:56:57,7.48,0.01,140,104720,买盘
3,14:56:54,7.47,-0.01,35,26145,卖盘
4,14:56:51,7.48,0.01,51,38148,买盘
5,14:56:48,7.47,--,83,62001,卖盘
6,14:56:45,7.47,-0.01,124,92628,卖盘
7,14:56:42,7.48,0.01,57,42636,买盘
8,14:56:39,7.47,--,1,747,卖盘
9,14:56:36,7.47,--,50,37350,买盘
10,14:56:33,7.47,--,63,47061,卖盘
11,14:56:30,7.47,--,141,105327,买盘
12,14:56:27,7.47,--,125,93375,买盘
13,14:56:24,7.47,--,594,443718,买盘
14,14:56:21,7.47,--,22,16434,买盘
15,14:56:18,7.47,--,125,93375,买盘
16,14:56:15,7.47,--,113,84411,买盘
17,14:56:12,7.47,--,342,255474,买盘
18,14:56:09,7.47,--,24,17928,买盘
19,14:56:06,7.47,--,5,3735,买盘
20,14:56:03,7.47,0.01,39,29133,买盘
21,14:56:00,7.46,--,57,42522,卖盘
22,14:55:57,7.46,-0.01,100,74600,卖盘
23,14:55:54,7.47,--,7,5229,买盘
24,14:55:51,7.47,--,198,147906,买盘
25,14:55:48,7.47,--,1,747,买盘
26,14:55:39,7.47,--,5,3735,买盘
27,14:55:36,7.47,0.01,10,7470,买盘
28,14:55:33,7.46,-0.01,21,15666,卖盘
29,14:55:30,7.47,--,48,35856,买盘
30,14:55:27,7.47,--,1,747,买盘
31,14:55:24,7.47,--,22,16434,买盘
32,14:55:21,7.47,0.01,84,62748,买盘
33,14:55:18,7.46,-0.02,468,349128,卖盘
34,14:55:15,7.48,0.01,15,11220,买盘
35,14:55:12,7.47,--,94,70218,卖盘
36,14:55:09,7.47,--,60,44820,卖盘
37,14:55:06,7.47,--,40,29880,卖盘
38,14:55:03,7.47,--,109,81423,卖盘
39,14:55:00,7.47,-0.01,193,144320,卖盘
40,14:54:57,7.48,0.01,311,232628,买盘
41,14:54:54,7.47,--,10,7470,卖盘
42,14:54:51,7.47,0.01,191,142677,买盘
43,14:54:48,7.46,-0.01,253,188738,卖盘
44,14:54:45,7.47,0.01,6,4482,买盘
45,14:54:42,7.46,--,60,44760,卖盘
46,14:54:39,7.46,-0.01,25,18650,卖盘
47,14:54:36,7.47,-0.01,47,35109,卖盘
48,14:54:33,7.48,0.01,21,15708,买盘
49,14:54:30,7.47,0.01,34,25398,买盘
50,14:54:27,7.46,-0.02,601,448346,卖盘
51,14:54:24,7.48,0.01,132,98736,买盘
52,14:54:21,7.47,--,16,11952,卖盘
53,14:54:18,7.47,--,433,323451,卖盘
54,14:54:15,7.47,-0.01,436,325692,卖盘
55,14:54:12,7.48,0.01,96,71808,买盘
56,14:54:09,7.47,-0.01,80,59760,卖盘
57,14:54:06,7.48,0.01,12,8976,买盘
58,14:54:03,7.47,-0.01,249,186003,卖盘
59,14:54:00,7.48,0.01,2,1496,买盘
60,14:53:57,7.47,--,35,26145,卖盘
61,14:53:54,7.47,-0.01,16,11952,卖盘
62,14:53:51,7.48,0.01,4,2992,买盘
63,14:53:48,7.47,-0.01,56,41832,卖盘
64,14:53:45,7.48,0.01,496,371411,买盘
65,14:53:42,7.47,--,935,698445,买盘
66,14:53:39,7.47,--,1,747,买盘
67,14:53:36,7.47,0.01,13,9711,买盘
68,14:53:33,7.46,--,306,228276,卖盘
69,14:53:30,7.46,--,537,400602,卖盘
70,14:53:27,7.46,-0.01,423,315558,卖盘
71,14:53:24,7.47,--,283,211401,买盘
72,14:53:21,7.47,0.01,305,227835,买盘
73,14:53:18,7.46,-0.01,22,16412,卖盘
74,14:53:15,7.47,0.01,6,4482,买盘
75,14:53:12,7.46,-0.01,38,28348,卖盘
76,14:53:09,7.47,0.01,141,105327,买盘
77,14:53:06,7.46,-0.01,246,183516,卖盘
78,14:53:03,7.47,--,273,203931,买盘
79,14:53:00,7.47,--,1,747,买盘
80,14:52:57,7.47,0.01,20,14940,买盘
81,14:52:54,7.46,-0.01,30,22380,卖盘
82,14:52:51,7.47,0.01,50,37350,买盘
83,14:52:48,7.46,--,209,155914,卖盘
84,14:52:45,7.46,-0.01,63,46998,卖盘
85,14:52:42,7.47,--,109,81423,买盘
86,14:52:39,7.47,0.01,31,23157,买盘
87,14:52:36,7.46,--,129,96234,卖盘
88,14:52:33,7.46,-0.01,2151,1604646,卖盘
89,14:52:30,7.47,0.01,94,70218,买盘
90,14:52:27,7.46,--,596,444616,卖盘
91,14:52:24,7.46,--,252,187992,卖盘
92,14:52:21,7.46,-0.01,122,91012,卖盘
93,14:52:18,7.47,--,56,41832,买盘
94,14:52:15,7.47,--,76,56772,买盘
95,14:52:12,7.47,--,4,2988,买盘
96,14:52:09,7.47,--,6,4482,买盘
97,14:52:06,7.47,--,67,50049,买盘
98,14:52:03,7.47,--,474,354078,买盘
99,14:52:00,7.47,--,19,14193,买盘
100,14:51:57,7.47,--,63,47061,买盘
101,14:51:54,7.47,0.01,1904,1422288,买盘
102,14:51:51,7.46,--,10,7460,卖盘
103,14:51:48,7.46,-0.01,42,31332,卖盘
104,14:51:45,7.47,--,96,71712,买盘
105,14:51:42,7.47,0.01,52,38844,买盘
106,14:51:39,7.46,--,59,44014,卖盘
107,14:51:36,7.46,-0.01,406,302876,卖盘
108,14:51:33,7.47,0.01,22,16434,买盘
109,14:51:30,7.46,-0.01,62,46252,卖盘
110,14:51:27,7.47,0.01,29,21663,买盘
111,14:51:24,7.46,-0.01,50,37300,卖盘
112,14:51:21,7.47,--,35,26145,买盘
113,14:51:18,7.47,--,416,310752,买盘
114,14:51:15,7.47,--,517,386199,买盘
115,14:51:12,7.47,--,1418,1059246,买盘
116,14:51:09,7.47,--,92,68724,买盘
117,14:51:06,7.47,0.01,34,25398,买盘
118,14:51:03,7.46,-0.01,58,43268,卖盘
119,14:51:00,7.47,--,44,32868,买盘
120,14:50:57,7.47,0.01,30,22410,买盘
121,14:50:54,7.46,-0.01,97,72362,卖盘
122,14:50:51,7.47,0.01,304,227088,买盘
123,14:50:48,7.46,--,403,300638,卖盘
124,14:50:45,7.46,-0.01,20,14920,卖盘
125,14:50:42,7.47,--,12,8964,买盘
126,14:50:39,7.47,--,375,280125,买盘
127,14:50:36,7.47,0.01,230,171810,买盘
128,14:50:33,7.46,--,131,97726,卖盘
129,14:50:30,7.46,--,1784,1330864,卖盘
130,14:50:27,7.46,--,162,120852,卖盘
131,14:50:24,7.46,-0.01,37,27602,卖盘
132,14:50:21,7.47,0.01,509,380223,买盘
133,14:50:18,7.46,-0.01,30,22380,卖盘
134,14:50:15,7.47,0.01,855,638685,买盘
135,14:50:12,7.46,--,185,138591,买盘
136,14:50:09,7.46,--,11,8206,买盘
137,14:50:06,7.46,--,333,248418,买盘
138,14:50:03,7.46,--,1492,1113032,买盘
139,14:50:00,7.46,--,182,135772,买盘
140,14:49:57,7.46,0.01,101,75346,买盘
141,14:49:54,7.45,-0.01,273,203385,卖盘
142,14:49:51,7.46,--,100,74600,买盘
143,14:49:48,7.46,--,36,26856,买盘
144,14:49:45,7.46,0.01,303,226038,买盘
145,14:49:42,7.45,--,122,91545,卖盘
146,14:49:36,7.45,-0.01,97,72265,卖盘
147,14:49:33,7.46,0.01,9,6714,买盘
148,14:49:30,7.45,-0.01,98,73010,卖盘
149,14:49:27,7.46,--,13,9698,买盘
150,14:49:24,7.46,--,81,60426,买盘
151,14:49:21,7.46,--,82,61172,买盘
152,14:49:18,7.46,--,1,746,买盘
153,14:49:15,7.46,0.01,40,29840,买盘
154,14:49:12,7.45,-0.01,433,322585,卖盘
155,14:49:09,7.46,--,29,21634,买盘
156,14:49:06,7.46,--,3,2238,买盘
157,14:49:03,7.46,--,18,13428,买盘
158,14:48:57,7.46,--,7,5222,买盘
159,14:48:54,7.46,--,108,80568,买盘
160,14:48:51,7.46,--,249,185754,买盘
161,14:48:48,7.46,--,46,34316,买盘
162,14:48:45,7.46,--,55,41030,买盘
163,14:48:42,7.46,0.01,133,99218,买盘
164,14:48:39,7.45,--,18,13410,卖盘
165,14:48:36,7.45,-0.01,350,260750,卖盘
166,14:48:33,7.46,0.01,37,27602,买盘
167,14:48:30,7.45,-0.01,5,3725,卖盘
168,14:48:27,7.46,--,92,68632,买盘
169,14:48:24,7.46,--,199,148454,买盘
170,14:48:21,7.46,--,253,188738,买盘
171,14:48:18,7.46,0.01,57,42522,买盘
172,14:48:15,7.45,-0.01,32,23840,卖盘
173,14:48:12,7.46,--,15,11190,买盘
174,14:48:09,7.46,--,150,111900,买盘
175,14:48:06,7.46,--,180,134280,买盘
176,14:48:03,7.46,0.01,358,267068,买盘
177,14:48:00,7.45,-0.01,124,92380,卖盘
178,14:47:57,7.46,--,19,14174,买盘
179,14:47:54,7.46,--,5,3730,买盘
180,14:47:51,7.46,0.01,62,46252,买盘
181,14:47:48,7.45,-0.01,49,36505,卖盘
182,14:47:45,7.46,--,245,182770,买盘
183,14:47:42,7.46,--,16,11936,买盘
184,14:47:39,7.46,0.01,137,102202,买盘
185,14:47:36,7.45,--,125,93125,卖盘
186,14:47:33,7.45,-0.01,209,155705,卖盘
187,14:47:30,7.46,--,117,87282,买盘
188,14:47:27,7.46,--,4,2984,买盘
189,14:47:24,7.46,--,66,49236,买盘
190,14:47:21,7.46,--,70,52220,买盘
191,14:47:18,7.46,0.01,5,3730,买盘
192,14:47:15,7.45,--,38,28310,卖盘
193,14:47:12,7.45,--,35,26075,卖盘
194,14:47:09,7.45,--,62,46190,卖盘
195,14:47:06,7.45,-0.01,26,19370,卖盘
196,14:47:03,7.46,--,413,308098,买盘
197,14:47:00,7.46,0.01,65,48490,买盘
198,14:46:57,7.45,--,3,2235,卖盘
199,14:46:54,7.45,-0.01,68,50660,卖盘
200,14:46:51,7.46,0.01,79,58934,买盘
201,14:46:48,7.45,-0.01,4,2980,卖盘
202,14:46:45,7.46,0.01,59,44014,买盘
203,14:46:42,7.45,-0.01,2120,1579400,卖盘
204,14:46:39,7.46,--,10,7460,买盘
205,14:46:36,7.46,--,112,83552,买盘
206,14:46:33,7.46,--,275,205150,买盘
207,14:46:27,7.46,--,40,29840,买盘
208,14:46:24,7.46,--,539,402094,买盘
209,14:46:21,7.46,--,70,52220,买盘
210,14:46:18,7.46,--,3,2238,买盘
211,14:46:15,7.46,--,6,4476,买盘
212,14:46:12,7.46,--,2,1492,买盘
213,14:46:09,7.46,--,4,2984,买盘
214,14:46:06,7.46,0.01,23,17158,买盘
215,14:46:03,7.45,-0.02,374,278630,卖盘
216,14:46:00,7.47,--,105,78435,买盘
217,14:45:57,7.47,--,53,39591,买盘
218,14:45:54,7.47,--,9,6723,买盘
219,14:45:51,7.47,--,270,201690,买盘
220,14:45:48,7.47,--,42,31374,买盘
221,14:45:45,7.47,--,72,53784,买盘
222,14:45:42,7.47,--,9,6723,买盘
223,14:45:39,7.47,--,91,67977,买盘
224,14:45:36,7.47,0.01,19,14193,买盘
225,14:45:33,7.46,--,737,549802,卖盘
226,14:45:30,7.46,-0.01,226,168596,卖盘
227,14:45:27,7.47,0.01,192,143424,买盘
228,14:45:24,7.46,-0.01,19,14174,卖盘
229,14:45:21,7.47,0.01,82,61254,买盘
230,14:45:18,7.46,--,50,37300,卖盘
231,14:45:15,7.46,-0.01,8,5968,卖盘
232,14:45:12,7.47,0.01,22,16434,买盘
233,14:45:09,7.46,-0.01,24,17904,卖盘
234,14:45:06,7.47,0.01,9,6723,买盘
235,14:45:03,7.46,--,374,279004,卖盘
236,14:45:00,7.46,-0.01,52,38792,卖盘
237,14:44:57,7.47,--,2,1494,买盘
238,14:44:54,7.47,--,7,5229,买盘
239,14:44:51,7.47,--,100,74700,买盘
240,14:44:48,7.47,0.01,70,52290,买盘
241,14:44:45,7.46,-0.01,51,38046,卖盘
242,14:44:42,7.47,0.01,33,24651,买盘
243,14:44:39,7.46,-0.01,27,20142,卖盘
244,14:44:36,7.47,--,66,49302,买盘
245,14:44:33,7.47,--,195,145665,买盘
246,14:44:30,7.47,--,2,1494,买盘
247,14:44:24,7.47,--,5,3735,买盘
248,14:44:21,7.47,--,82,61254,买盘
249,14:44:18,7.47,0.01,26,19422,买盘
250,14:44:15,7.46,-0.01,32,24319,卖盘
251,14:44:12,7.47,--,95,70965,买盘
252,14:44:09,7.47,--,6,4482,买盘
253,14:44:06,7.47,--,3,2241,买盘
254,14:44:03,7.47,0.01,22,16434,买盘
255,14:44:00,7.46,-0.01,34,25364,卖盘
256,14:43:57,7.47,0.01,1001,748441,买盘
257,14:43:54,7.46,--,29,21634,买盘
258,14:43:51,7.46,--,75,55950,买盘
259,14:43:48,7.46,--,90,67140,买盘
260,14:43:45,7.46,--,297,221562,买盘
261,14:43:42,7.46,--,4,2984,买盘
262,14:43:39,7.46,0.01,89,66394,买盘
263,14:43:36,7.45,-0.01,235,175075,卖盘
264,14:43:33,7.46,--,39,29094,买盘
265,14:43:30,7.46,--,148,110408,买盘
266,14:43:27,7.46,--,77,57442,买盘
267,14:43:24,7.46,--,121,90266,买盘
268,14:43:21,7.46,--,162,120852,买盘
269,14:43:18,7.46,--,3,2238,买盘
270,14:43:15,7.46,--,46,34316,买盘
271,14:43:12,7.46,0.01,405,302130,买盘
272,14:43:09,7.45,-0.01,39,29055,卖盘
273,14:43:06,7.46,--,2,1492,买盘
274,14:43:03,7.46,--,17,12682,买盘
275,14:43:00,7.46,--,9,6714,买盘
276,14:42:57,7.46,--,24,17904,买盘
277,14:42:54,7.46,--,291,217086,买盘
278,14:42:51,7.46,--,169,126074,买盘
279,14:42:48,7.46,--,9,6714,买盘
280,14:42:45,7.46,--,126,93996,买盘
281,14:42:42,7.46,--,218,162628,买盘
282,14:42:39,7.46,--,22,16412,买盘
283,14:42:36,7.46,0.01,87,64902,买盘
284,14:42:33,7.45,-0.01,169,125905,卖盘
285,14:42:30,7.46,--,56,41776,买盘
286,14:42:27,7.46,--,39,29094,买盘
287,14:42:24,7.46,--,32,23872,买盘
288,14:42:21,7.46,--,160,119360,买盘
289,14:42:18,7.46,--,96,71616,买盘
290,14:42:15,7.46,--,1217,907882,买盘
291,14:42:12,7.46,--,1,746,买盘
292,14:42:09,7.46,0.01,31,23126,买盘
293,14:42:06,7.45,-0.01,82,61090,卖盘
294,14:42:03,7.46,0.01,183,136518,买盘
295,14:42:00,7.45,--,36,26820,卖盘
296,14:41:57,7.45,--,18,13410,卖盘
297,14:41:54,7.45,-0.01,92,68540,卖盘
298,14:41:51,7.46,0.01,108,80568,买盘
299,14:41:48,7.45,--,1563,1164435,卖盘
300,14:41:45,7.45,-0.01,17,12665,卖盘
301,14:41:42,7.46,--,420,313320,买盘
302,14:41:39,7.46,0.01,317,236482,买盘
303,14:41:36,7.45,--,73,54385,卖盘
304,14:41:33,7.45,-0.01,89,66305,卖盘
305,14:41:27,7.46,--,1,746,买盘
306,14:41:24,7.46,0.01,3,2238,买盘
307,14:41:21,7.45,-0.01,116,86420,卖盘
308,14:41:18,7.46,--,13,9698,买盘
309,14:41:15,7.46,--,17,12682,买盘
310,14:41:12,7.46,--,86,64156,买盘
311,14:41:09,7.46,--,180,134280,买盘
312,14:41:06,7.46,--,537,400602,买盘
313,14:41:03,7.46,--,448,334208,买盘
314,14:41:00,7.46,0.01,18,13428,买盘
315,14:40:57,7.45,-0.01,1,745,卖盘
316,14:40:54,7.46,--,20,14920,买盘
317,14:40:51,7.46,0.01,167,124582,买盘
318,14:40:48,7.45,-0.01,118,87910,卖盘
319,14:40:45,7.46,--,42,31332,买盘
320,14:40:39,7.46,--,5,3730,买盘
321,14:40:36,7.46,--,7,5222,买盘
322,14:40:33,7.46,--,417,311082,买盘
323,14:40:27,7.46,--,35,26110,买盘
324,14:40:24,7.46,--,100,74600,买盘
325,14:40:21,7.46,--,78,58188,买盘
326,14:40:18,7.46,--,74,55204,买盘
327,14:40:15,7.46,--,9,6714,买盘
328,14:40:12,7.46,--,672,501312,卖盘
329,14:40:03,7.46,-0.01,239,178294,卖盘
330,14:40:00,7.47,--,83,62001,买盘
331,14:39:57,7.47,0.01,155,115785,买盘
332,14:39:54,7.46,-0.01,50,37300,卖盘
333,14:39:51,7.47,0.01,71,53037,买盘
334,14:39:48,7.46,--,6,4476,卖盘
335,14:39:42,7.46,--,108,80568,买盘
336,14:39:39,7.46,--,948,707208,买盘
337,14:39:36,7.46,0.01,37,27602,卖盘
338,14:39:33,7.45,-0.01,145,108025,卖盘
339,14:39:30,7.46,-0.01,5,3730,卖盘
340,14:39:27,7.47,--,30,22410,买盘
341,14:39:24,7.47,--,14,10458,买盘
342,14:39:21,7.47,0.01,1011,755261,买盘
343,14:39:15,7.46,-0.01,170,126820,卖盘
344,14:39:12,7.47,0.01,73,54531,买盘
345,14:39:09,7.46,-0.01,100,74600,卖盘
346,14:39:06,7.47,0.01,46,34362,买盘
347,14:39:03,7.46,-0.01,742,553532,卖盘
348,14:39:00,7.47,0.01,5,3735,买盘
349,14:38:57,7.46,--,313,233498,卖盘
350,14:38:54,7.46,-0.01,28,20888,卖盘
351,14:38:51,7.47,0.01,74,55278,买盘
352,14:38:42,7.46,-0.01,127,94742,卖盘
353,14:38:39,7.47,--,30,22410,买盘
354,14:38:36,7.47,0.01,17,12699,买盘
355,14:38:33,7.46,--,322,240212,卖盘
356,14:38:30,7.46,--,1,746,卖盘
357,14:38:27,7.46,-0.01,25,18650,卖盘
358,14:38:24,7.47,0.01,51,38097,买盘
359,14:38:21,7.46,-0.01,725,540850,卖盘
360,14:38:18,7.47,0.01,235,175545,买盘
361,14:38:15,7.46,--,35,26811,卖盘
362,14:38:09,7.46,-0.01,113,84298,卖盘
363,14:38:06,7.47,0.01,5,3735,买盘
364,14:38:03,7.46,-0.01,157,117122,卖盘
365,14:38:00,7.47,--,80,59760,买盘
366,14:37:54,7.47,--,30,22410,买盘
367,14:37:51,7.47,--,142,106074,买盘
368,14:37:48,7.47,0.01,62,46314,买盘
369,14:37:45,7.46,--,10,7460,卖盘
370,14:37:42,7.46,-0.01,5,3730,卖盘
371,14:37:39,7.47,0.01,5,3735,买盘
372,14:37:36,7.46,--,20,14920,卖盘
373,14:37:33,7.46,--,222,165612,卖盘
374,14:37:30,7.46,-0.01,87,64902,卖盘
375,14:37:27,7.47,--,154,115038,买盘
376,14:37:24,7.47,--,7,5229,买盘
377,14:37:21,7.47,0.01,95,70965,买盘
378,14:37:18,7.46,--,40,29840,卖盘
379,14:37:06,7.46,--,16,11936,卖盘
380,14:37:03,7.46,-0.01,75,55950,卖盘
381,14:37:00,7.47,0.01,20,14940,买盘
382,14:36:57,7.46,-0.01,10,7460,卖盘
383,14:36:51,7.47,0.01,66,49302,买盘
384,14:36:45,7.46,--,98,73108,卖盘
385,14:36:42,7.46,-0.01,10,7460,卖盘
386,14:36:39,7.47,--,81,60507,买盘
387,14:36:36,7.47,0.01,512,382464,买盘
388,14:36:33,7.46,-0.01,291,217086,卖盘
389,14:36:30,7.47,0.01,30,22410,买盘
390,14:36:27,7.46,-0.01,20,14920,卖盘
391,14:36:24,7.47,--,13,9711,买盘
392,14:36:21,7.47,--,81,60507,买盘
393,14:36:18,7.47,0.01,51,38097,买盘
394,14:36:12,7.46,-0.01,16,11936,卖盘
395,14:36:06,7.47,0.01,16,11952,买盘
396,14:36:03,7.46,-0.01,164,122344,卖盘
397,14:36:00,7.47,--,1,747,买盘
398,14:35:51,7.47,0.01,153,114291,买盘
399,14:35:48,7.46,-0.01,215,160390,卖盘
400,14:35:39,7.47,--,9,6723,买盘
401,14:35:36,7.47,--,22,16434,买盘
402,14:35:33,7.47,--,17,12699,买盘
403,14:35:30,7.47,0.01,143,106821,买盘
404,14:35:24,7.46,-0.01,46,34316,卖盘
405,14:35:21,7.47,0.01,286,213642,买盘
406,14:35:18,7.46,-0.01,1708,1274168,卖盘
407,14:35:15,7.47,0.01,11,8217,买盘
408,14:35:12,7.46,-0.01,640,477440,卖盘
409,14:35:06,7.47,0.01,32,23904,买盘
410,14:35:03,7.46,-0.01,284,211864,卖盘
411,14:35:00,7.47,--,136,101592,买盘
412,14:34:57,7.47,0.01,18,13446,买盘
413,14:34:54,7.46,-0.01,187,139502,卖盘
414,14:34:51,7.47,--,125,93375,买盘
415,14:34:48,7.47,--,10,7470,买盘
416,14:34:45,7.47,--,10,7470,买盘
417,14:34:42,7.47,0.01,31,23157,买盘
418,14:34:39,7.46,-0.01,44,32824,卖盘
419,14:34:36,7.47,--,5,3735,买盘
420,14:34:33,7.47,0.01,312,233064,买盘
421,14:34:30,7.46,-0.01,45,33570,卖盘
422,14:34:27,7.47,0.01,30,22410,买盘
423,14:34:21,7.46,-0.01,79,58934,卖盘
424,14:34:18,7.47,--,81,60507,买盘
425,14:34:15,7.47,--,5,3735,买盘
426,14:34:12,7.47,--,42,31374,买盘
427,14:34:09,7.47,0.02,106,79182,买盘
428,14:34:06,7.45,--,4,2980,卖盘
429,14:34:03,7.45,-0.01,312,232440,卖盘
430,14:34:00,7.46,--,30,22380,卖盘
431,14:33:57,7.46,-0.01,39,29094,卖盘
432,14:33:54,7.47,--,5,3735,买盘
433,14:33:51,7.47,--,65,48555,买盘
434,14:33:48,7.47,0.01,140,104893,买盘
435,14:33:45,7.46,--,174,130236,卖盘
436,14:33:42,7.46,-0.01,999,745254,卖盘
437,14:33:39,7.47,0.01,32,23904,买盘
438,14:33:36,7.46,-0.01,112,83552,卖盘
439,14:33:33,7.47,--,423,315981,买盘
440,14:33:30,7.47,--,502,374994,买盘
441,14:33:27,7.47,--,8,5976,买盘
442,14:33:24,7.47,0.01,9,6723,买盘
443,14:33:21,7.46,-0.01,21,15666,卖盘
444,14:33:18,7.47,0.01,80,59760,买盘
445,14:33:15,7.46,-0.01,38,28348,卖盘
446,14:33:12,7.47,--,180,134460,买盘
447,14:33:09,7.47,--,1,747,买盘
448,14:33:06,7.47,0.01,26,19422,买盘
449,14:33:03,7.46,--,739,551294,卖盘
450,14:33:00,7.46,-0.01,139,103694,卖盘
451,14:32:57,7.47,--,1,747,买盘
452,14:32:54,7.47,--,43,32121,买盘
453,14:32:51,7.47,0.01,5,3735,买盘
454,14:32:48,7.46,-0.01,295,220070,卖盘
455,14:32:45,7.47,--,111,82917,买盘
456,14:32:42,7.47,--,95,70965,买盘
457,14:32:39,7.47,--,315,235305,买盘
458,14:32:36,7.47,0.01,1,747,买盘
459,14:32:33,7.46,--,10,7460,卖盘
460,14:32:30,7.46,--,176,131296,卖盘
461,14:32:27,7.46,--,11,8206,卖盘
462,14:32:21,7.46,-0.01,19,14174,卖盘
463,14:32:18,7.47,0.01,9,6723,买盘
464,14:32:15,7.46,0.01,872,650825,买盘
465,14:32:12,7.45,-0.01,50,37250,卖盘
466,14:32:09,7.46,0.01,212,158152,买盘
467,14:32:06,7.45,-0.01,180,134100,卖盘
468,14:32:03,7.46,--,389,290194,买盘
469,14:31:57,7.46,0.01,1,746,买盘
470,14:31:54,7.45,--,1,745,卖盘
471,14:31:51,7.45,--,152,113240,卖盘
472,14:31:48,7.45,-0.01,335,249575,卖盘
473,14:31:45,7.46,--,1,746,买盘
474,14:31:42,7.46,--,14,10444,买盘
475,14:31:39,7.46,--,82,61172,买盘
476,14:31:36,7.46,0.01,19,14174,买盘
477,14:31:33,7.45,-0.01,212,158267,卖盘
478,14:31:30,7.46,--,11,8206,买盘
479,14:31:27,7.46,0.01,942,702732,买盘
480,14:31:24,7.45,--,39,29055,卖盘
481,14:31:21,7.45,-0.01,119,88655,卖盘
482,14:31:18,7.46,--,6,4476,买盘
483,14:31:15,7.46,--,12,9295,买盘
484,14:31:12,7.46,--,6,4908,买盘
485,14:31:09,7.46,0.01,57,42522,买盘
486,14:31:06,7.45,--,219,163155,卖盘
487,14:31:03,7.45,-0.01,152,113240,卖盘
488,14:31:00,7.46,0.01,8,5968,买盘
489,14:30:57,7.45,--,52,38740,卖盘
490,14:30:54,7.45,--,50,37250,卖盘
491,14:30:51,7.45,-0.01,13,10057,卖盘
492,14:30:48,7.46,0.01,235,175310,买盘
493,14:30:45,7.45,-0.01,10,7450,卖盘
494,14:30:42,7.46,--,55,41030,买盘
495,14:30:39,7.46,0.01,5,3730,买盘
496,14:30:36,7.45,--,36,26820,卖盘
497,14:30:33,7.45,-0.01,598,445510,卖盘
498,14:30:30,7.46,--,3,2238,买盘
499,14:30:27,7.46,--,46,34316,买盘
500,14:30:24,7.46,--,100,74600,买盘
501,14:30:21,7.46,--,22,16412,买盘
502,14:30:18,7.46,--,69,51474,买盘
503,14:30:15,7.46,--,16,11936,买盘
504,14:30:12,7.46,--,505,376730,买盘
505,14:30:09,7.46,--,5,3730,买盘
506,14:30:06,7.46,0.01,6,4476,买盘
507,14:30:03,7.45,-0.01,79,58855,卖盘
508,14:30:00,7.46,--,3,2238,买盘
509,14:29:57,7.46,--,88,65648,买盘
510,14:29:54,7.46,--,9,6714,买盘
511,14:29:51,7.46,0.01,71,52966,买盘
512,14:29:48,7.45,-0.01,134,99830,卖盘
513,14:29:45,7.46,--,9,6714,买盘
514,14:29:33,7.46,--,139,103694,买盘
515,14:29:30,7.46,--,24,17904,买盘
516,14:29:27,7.46,0.01,5,3730,买盘
517,14:29:24,7.45,-0.01,106,78970,卖盘
518,14:29:21,7.46,--,116,86536,买盘
519,14:29:18,7.46,--,41,30586,买盘
520,14:29:15,7.46,--,31,23126,买盘
521,14:29:12,7.46,--,3,2238,买盘
522,14:29:09,7.46,--,8,5968,买盘
523,14:29:06,7.46,0.01,91,67886,买盘
524,14:29:03,7.45,-0.01,106,78970,卖盘
525,14:29:00,7.46,--,269,200674,买盘
526,14:28:57,7.46,--,69,51474,买盘
527,14:28:54,7.46,--,156,116376,买盘
528,14:28:51,7.46,--,78,58188,买盘
529,14:28:48,7.46,--,87,64902,买盘
530,14:28:45,7.46,--,3,2238,卖盘
531,14:28:42,7.46,-0.01,1,746,中性盘
532,14:28:39,7.47,0.01,106,79182,买盘
533,14:28:36,7.46,-0.01,48,36449,卖盘
534,14:28:33,7.47,0.01,22,16434,买盘
535,14:28:30,7.46,-0.01,20,14920,卖盘
536,14:28:27,7.47,0.01,7,5229,买盘
537,14:28:24,7.46,--,8,5968,卖盘
538,14:28:21,7.46,--,28,20888,卖盘
539,14:28:18,7.46,--,173,129058,卖盘
540,14:28:15,7.46,--,109,81314,卖盘
541,14:28:12,7.46,-0.01,30,22380,卖盘
542,14:28:06,7.47,--,37,27639,买盘
543,14:28:03,7.47,0.01,673,502731,买盘
544,14:28:00,7.46,-0.01,35,26110,卖盘
545,14:27:57,7.47,0.01,49,36603,买盘
546,14:27:54,7.46,--,60,44760,卖盘
547,14:27:51,7.46,--,50,37300,卖盘
548,14:27:45,7.46,--,10,7460,卖盘
549,14:27:42,7.46,--,42,31332,卖盘
550,14:27:39,7.46,0.01,638,476052,买盘
551,14:27:33,7.45,--,3,2235,卖盘
552,14:27:30,7.45,-0.01,58,43210,卖盘
553,14:27:27,7.46,--,84,62664,买盘
554,14:27:24,7.46,--,54,40284,买盘
555,14:27:21,7.46,--,19,14174,买盘
556,14:27:18,7.46,0.01,37,27602,买盘
557,14:27:15,7.45,-0.01,297,221265,卖盘
558,14:27:09,7.46,--,18,13428,买盘
559,14:27:06,7.46,--,5,3730,买盘
560,14:27:03,7.46,--,52,38792,买盘
561,14:26:57,7.46,0.01,28,20888,买盘
562,14:26:54,7.45,--,43,32035,卖盘
563,14:26:51,7.45,-0.01,1,745,卖盘
564,14:26:48,7.46,--,3,2238,买盘
565,14:26:45,7.46,0.01,7,5222,买盘
566,14:26:39,7.45,-0.01,56,41720,卖盘
567,14:26:36,7.46,--,87,64902,买盘
568,14:26:33,7.46,--,11,8206,买盘
569,14:26:24,7.46,--,2,1492,买盘
570,14:26:21,7.46,0.01,24,17904,买盘
571,14:26:18,7.45,--,72,54280,卖盘
572,14:26:15,7.45,-0.01,9,6705,卖盘
573,14:26:12,7.46,0.01,10,7460,买盘
574,14:26:09,7.45,-0.01,5,3725,卖盘
575,14:26:03,7.46,--,39,29094,买盘
576,14:26:00,7.46,--,75,55950,买盘
577,14:25:57,7.46,--,46,34957,卖盘
578,14:25:54,7.46,--,53,39538,卖盘
579,14:25:51,7.46,-0.01,38,28348,卖盘
580,14:25:48,7.47,--,90,67230,买盘
581,14:25:45,7.47,0.01,25,18675,买盘
582,14:25:42,7.46,--,12,8952,卖盘
583,14:25:39,7.46,--,20,14920,卖盘
584,14:25:36,7.46,--,11,8206,卖盘
585,14:25:33,7.46,--,53,39538,卖盘
586,14:25:30,7.46,-0.01,36,26856,卖盘
587,14:25:27,7.47,--,11,8217,买盘
588,14:25:21,7.47,0.01,18,13446,买盘
589,14:25:18,7.46,--,33,24722,买盘
590,14:25:15,7.46,--,16,11936,买盘
591,14:25:12,7.46,--,12,8952,买盘
592,14:25:09,7.46,--,10,7460,买盘
593,14:25:06,7.46,-0.01,460,343801,卖盘
594,14:25:03,7.47,0.01,8,5976,买盘
595,14:25:00,7.46,-0.01,50,37300,卖盘
596,14:24:57,7.47,0.01,94,70218,买盘
597,14:24:54,7.46,-0.01,9,6714,卖盘
598,14:24:51,7.47,--,10,7470,买盘
599,14:24:48,7.47,--,21,15687,买盘
600,14:24:42,7.47,--,6,4482,买盘
601,14:24:39,7.47,0.01,3,2241,买盘
602,14:24:36,7.46,-0.01,39,29825,卖盘
603,14:24:33,7.47,0.01,55,41085,买盘
604,14:24:30,7.46,--,49,36554,卖盘
605,14:24:27,7.46,-0.01,3,2238,卖盘
606,14:24:21,7.47,0.01,46,34362,买盘
607,14:24:18,7.46,--,50,37665,卖盘
608,14:24:15,7.46,--,60,44760,卖盘
609,14:24:09,7.46,-0.01,36,26856,卖盘
610,14:24:06,7.47,--,162,121014,买盘
611,14:24:03,7.47,--,15,11205,买盘
612,14:24:00,7.47,--,32,23904,买盘
613,14:23:57,7.47,0.01,68,51296,买盘
614,14:23:54,7.46,--,160,119360,卖盘
615,14:23:48,7.46,-0.01,1,746,卖盘
616,14:23:45,7.47,0.01,36,26892,买盘
617,14:23:39,7.46,-0.01,200,149200,卖盘
618,14:23:36,7.47,--,13,9711,买盘
619,14:23:33,7.47,0.01,36,26892,买盘
620,14:23:30,7.46,-0.01,20,14920,卖盘
621,14:23:27,7.47,--,128,95616,买盘
622,14:23:24,7.47,--,66,49302,买盘
623,14:23:21,7.47,0.01,23,17181,买盘
624,14:23:18,7.46,-0.01,64,47744,卖盘
625,14:23:15,7.47,0.01,161,120267,买盘
626,14:23:12,7.46,-0.01,23,17158,卖盘
627,14:23:09,7.47,0.01,71,53037,买盘
628,14:23:06,7.46,-0.01,805,600530,卖盘
629,14:23:03,7.47,--,117,87399,买盘
630,14:23:00,7.47,0.01,7,5229,买盘
631,14:22:57,7.46,--,38,28750,卖盘
632,14:22:54,7.46,-0.01,20,14920,卖盘
633,14:22:51,7.47,0.01,6,4482,买盘
634,14:22:48,7.46,--,50,37300,卖盘
635,14:22:42,7.46,-0.01,203,151438,卖盘
636,14:22:39,7.47,--,29,21663,买盘
637,14:22:36,7.47,0.01,37,27639,买盘
638,14:22:33,7.46,--,3576,2667696,卖盘
639,14:22:30,7.46,-0.01,27,20142,卖盘
640,14:22:27,7.47,--,12,8964,买盘
641,14:22:24,7.47,--,106,79182,买盘
642,14:22:21,7.47,--,19,14193,买盘
643,14:22:18,7.47,--,9,6723,买盘
644,14:22:15,7.47,0.01,19,14193,买盘
645,14:22:09,7.46,-0.01,45,33570,卖盘
646,14:22:06,7.47,--,6,4482,买盘
647,14:22:03,7.47,0.01,2,1494,买盘
648,14:22:00,7.46,-0.01,8,5968,卖盘
649,14:21:57,7.47,--,6,4482,买盘
650,14:21:54,7.47,0.01,20,14940,买盘
651,14:21:51,7.46,-0.01,30,22380,卖盘
652,14:21:48,7.47,0.01,134,100098,买盘
653,14:21:45,7.46,-0.01,64,47744,卖盘
654,14:21:42,7.47,--,7,5229,买盘
655,14:21:39,7.47,0.01,5,3735,买盘
656,14:21:36,7.46,-0.01,92,68632,卖盘
657,14:21:33,7.47,0.01,26,19422,买盘
658,14:21:30,7.46,-0.01,203,151438,卖盘
659,14:21:27,7.47,--,38,28386,买盘
660,14:21:24,7.47,0.01,50,37350,买盘
661,14:21:21,7.46,-0.01,126,93996,卖盘
662,14:21:18,7.47,--,7,5229,买盘
663,14:21:15,7.47,0.01,19,14193,买盘
664,14:21:12,7.46,-0.01,310,231260,卖盘
665,14:21:09,7.47,0.01,12,8964,买盘
666,14:21:06,7.46,-0.01,17,13129,卖盘
667,14:21:03,7.47,0.01,2,1494,买盘
668,14:21:00,7.46,--,28,20888,卖盘
669,14:20:57,7.46,--,1,746,卖盘
670,14:20:54,7.46,--,37,27602,卖盘
671,14:20:51,7.46,-0.01,1,746,卖盘
672,14:20:48,7.47,--,16,11952,买盘
673,14:20:45,7.47,--,130,97110,买盘
674,14:20:42,7.47,--,21,15687,买盘
675,14:20:39,7.47,--,13,9711,买盘
676,14:20:36,7.47,--,7,5229,买盘
677,14:20:33,7.47,--,72,53784,买盘
678,14:20:30,7.47,0.01,120,89640,买盘
679,14:20:27,7.46,-0.01,41,30586,卖盘
680,14:20:24,7.47,--,13,9711,买盘
681,14:20:21,7.47,--,59,44073,买盘
682,14:20:18,7.47,--,3,2241,买盘
683,14:20:15,7.47,--,65,48555,买盘
684,14:20:12,7.47,--,25,18675,买盘
685,14:20:06,7.47,0.01,13,9711,买盘
686,14:20:03,7.46,--,58,43268,卖盘
687,14:20:00,7.46,-0.01,11,8206,卖盘
688,14:19:57,7.47,--,113,84411,买盘
689,14:19:54,7.47,--,31,23157,买盘
690,14:19:51,7.47,0.01,7,5229,买盘
691,14:19:45,7.46,-0.01,13,9698,卖盘
692,14:19:39,7.47,0.01,8,5976,买盘
693,14:19:36,7.46,--,46,34316,卖盘
694,14:19:30,7.46,-0.01,7,5222,卖盘
695,14:19:27,7.47,--,42,31374,买盘
696,14:19:21,7.47,--,23,17181,买盘
697,14:19:18,7.47,0.01,8,5976,买盘
698,14:19:15,7.46,-0.01,17,12682,卖盘
699,14:19:12,7.47,-0.01,119,88893,卖盘
700,14:19:06,7.48,0.01,147,109956,买盘
701,14:19:03,7.47,-0.01,233,174051,卖盘
702,14:19:00,7.48,0.01,49,36652,买盘
703,14:18:57,7.47,-0.01,122,91134,卖盘
704,14:18:54,7.48,--,44,32912,买盘
705,14:18:51,7.48,--,76,56848,买盘
706,14:18:48,7.48,0.01,132,98736,买盘
707,14:18:45,7.47,--,11,8217,卖盘
708,14:18:42,7.47,--,301,224847,卖盘
709,14:18:39,7.47,-0.01,61,45567,卖盘
710,14:18:33,7.48,0.01,81,60588,买盘
711,14:18:30,7.47,-0.01,20,14940,卖盘
712,14:18:21,7.48,0.01,52,38896,买盘
713,14:18:18,7.47,-0.01,151,112797,卖盘
714,14:18:15,7.48,--,97,72556,买盘
715,14:18:12,7.48,0.01,5,3740,买盘
716,14:18:09,7.47,--,100,74700,卖盘
717,14:18:06,7.47,-0.01,9,6723,卖盘
718,14:18:03,7.48,0.01,115,86020,买盘
719,14:18:00,7.47,--,44,32868,卖盘
720,14:17:57,7.47,-0.01,14,10458,卖盘
721,14:17:54,7.48,--,7,5236,买盘
722,14:17:48,7.48,0.01,22,16456,买盘
723,14:17:45,7.47,--,5,3735,卖盘
724,14:17:42,7.47,-0.01,47,35109,卖盘
725,14:17:39,7.48,0.01,6,4488,买盘
726,14:17:36,7.47,-0.01,1,747,卖盘
727,14:17:33,7.48,--,37,27676,买盘
728,14:17:30,7.48,--,33,24684,买盘
729,14:17:27,7.48,0.01,14,10472,买盘
730,14:17:24,7.47,-0.01,93,69471,卖盘
731,14:17:21,7.48,--,48,35904,买盘
732,14:17:18,7.48,--,30,22440,买盘
733,14:17:15,7.48,0.01,204,152592,买盘
734,14:17:12,7.47,--,20,14940,卖盘
735,14:17:06,7.47,-0.01,3,2241,卖盘
736,14:17:03,7.48,--,260,194480,买盘
737,14:17:00,7.48,0.01,16,11968,买盘
738,14:16:54,7.47,--,62,46314,卖盘
739,14:16:48,7.47,-0.01,48,35856,卖盘
740,14:16:45,7.48,0.01,5,3740,买盘
741,14:16:42,7.47,--,29,21663,卖盘
742,14:16:39,7.47,-0.01,29,21663,卖盘
743,14:16:36,7.48,--,108,80784,买盘
744,14:16:33,7.48,0.01,11,8228,买盘
745,14:16:30,7.47,--,126,94122,卖盘
746,14:16:27,7.47,--,67,50049,卖盘
747,14:16:24,7.47,-0.01,5,3735,卖盘
748,14:16:21,7.48,0.01,29,21692,买盘
749,14:16:18,7.47,--,10,7470,卖盘
750,14:16:09,7.47,--,53,39591,卖盘
751,14:16:06,7.47,--,225,168075,卖盘
752,14:15:57,7.47,--,12,8964,卖盘
753,14:15:51,7.47,--,77,57519,卖盘
754,14:15:48,7.47,-0.01,28,20916,卖盘
755,14:15:45,7.48,--,99,74052,买盘
756,14:15:42,7.48,0.01,43,32164,买盘
757,14:15:39,7.47,0.01,1858,1388247,买盘
758,14:15:36,7.46,--,8,5968,卖盘
759,14:15:33,7.46,--,16,11936,卖盘
760,14:15:27,7.46,-0.01,97,72362,卖盘
761,14:15:24,7.47,--,41,30627,买盘
762,14:15:21,7.47,0.01,18,13446,买盘
763,14:15:18,7.46,--,50,37300,卖盘
764,14:15:15,7.46,-0.01,100,74600,卖盘
765,14:15:12,7.47,0.01,5,3735,买盘
766,14:15:09,7.46,--,6,4476,卖盘
767,14:15:06,7.46,--,20,14920,卖盘
768,14:15:03,7.46,-0.01,12,8952,卖盘
769,14:15:00,7.47,0.01,20,14940,买盘
770,14:14:57,7.46,-0.01,47,35062,卖盘
771,14:14:54,7.47,--,100,74700,买盘
772,14:14:51,7.47,0.01,11,8217,买盘
773,14:14:45,7.46,--,34,25364,卖盘
774,14:14:42,7.46,-0.01,33,24618,卖盘
775,14:14:39,7.47,--,9,6723,买盘
776,14:14:36,7.47,--,10,7470,买盘
777,14:14:33,7.47,--,202,150894,买盘
778,14:14:30,7.47,--,7,5229,买盘
779,14:14:27,7.47,0.01,14,10458,买盘
780,14:14:24,7.46,-0.01,200,149200,卖盘
781,14:14:21,7.47,0.01,20,14940,买盘
782,14:14:18,7.46,--,27,20142,卖盘
783,14:14:15,7.46,--,3,2238,卖盘
784,14:14:12,7.46,--,32,23872,卖盘
785,14:14:09,7.46,-0.01,4,2984,卖盘
786,14:14:06,7.47,--,79,59013,买盘
787,14:14:03,7.47,--,123,91881,买盘
788,14:14:00,7.47,--,3,2241,买盘
789,14:13:57,7.47,--,8,5976,买盘
790,14:13:54,7.47,--,55,41085,买盘
791,14:13:51,7.47,--,30,22410,买盘
792,14:13:48,7.47,--,70,52290,买盘
793,14:13:45,7.47,--,62,46314,买盘
794,14:13:42,7.47,--,7,5229,买盘
795,14:13:39,7.47,--,80,59760,买盘
796,14:13:36,7.47,0.01,2,1494,买盘
797,14:13:33,7.46,--,19,14174,卖盘
798,14:13:30,7.46,--,41,30586,卖盘
799,14:13:27,7.46,--,84,62664,卖盘
800,14:13:24,7.46,--,20,14920,卖盘
801,14:13:21,7.46,-0.01,47,35062,卖盘
802,14:13:18,7.47,0.01,5,3735,买盘
803,14:13:15,7.46,--,97,72362,卖盘
804,14:13:12,7.46,-0.01,50,37300,卖盘
805,14:13:09,7.47,0.01,59,44073,买盘
806,14:13:06,7.46,--,1,746,卖盘
807,14:13:03,7.46,-0.01,216,161136,卖盘
808,14:13:00,7.47,0.01,10,7470,买盘
809,14:12:57,7.46,--,55,41030,卖盘
810,14:12:54,7.46,--,20,14920,卖盘
811,14:12:51,7.46,--,29,21634,卖盘
812,14:12:48,7.46,--,28,20888,卖盘
813,14:12:45,7.46,--,541,403586,卖盘
814,14:12:42,7.46,--,72,53712,卖盘
815,14:12:36,7.46,--,22,16412,卖盘
816,14:12:33,7.46,--,6,4476,卖盘
817,14:12:30,7.46,-0.01,390,290940,卖盘
818,14:12:27,7.47,--,14,10458,买盘
819,14:12:24,7.47,--,85,63495,买盘
820,14:12:21,7.47,0.01,257,191979,买盘
821,14:12:15,7.46,-0.01,32,23872,卖盘
822,14:12:12,7.47,--,32,23904,买盘
823,14:12:09,7.47,0.01,236,176292,买盘
824,14:12:03,7.46,-0.01,8,5968,卖盘
825,14:12:00,7.47,--,308,230076,买盘
826,14:11:54,7.47,--,7,5229,买盘
827,14:11:51,7.47,--,19,14193,买盘
828,14:11:45,7.47,--,34,25398,买盘
829,14:11:42,7.47,--,242,180774,买盘
830,14:11:39,7.47,0.01,20,14940,买盘
831,14:11:36,7.46,-0.01,45,33570,卖盘
832,14:11:30,7.47,0.01,21,15687,买盘
833,14:11:27,7.46,--,28,20888,卖盘
834,14:11:21,7.46,--,36,26856,卖盘
835,14:11:18,7.46,--,171,127566,卖盘
836,14:11:15,7.46,-0.01,91,67886,卖盘
837,14:11:09,7.47,--,6,4482,买盘
838,14:11:06,7.47,0.01,198,147906,买盘
839,14:11:03,7.46,-0.01,10,7460,卖盘
840,14:11:00,7.47,--,33,24651,买盘
841,14:10:57,7.47,--,15,11205,买盘
842,14:10:54,7.47,0.01,20,14940,买盘
843,14:10:51,7.46,--,179,133534,卖盘
844,14:10:48,7.46,-0.01,15,11190,卖盘
845,14:10:45,7.47,0.01,6,4482,买盘
846,14:10:42,7.46,--,10,7460,卖盘
847,14:10:36,7.46,-0.01,50,37300,卖盘
848,14:10:33,7.47,0.01,52,38844,买盘
849,14:10:30,7.46,--,84,62664,卖盘
850,14:10:27,7.46,--,19,14174,卖盘
851,14:10:24,7.46,-0.01,197,146962,卖盘
852,14:10:21,7.47,--,18,13446,买盘
853,14:10:18,7.47,--,11,8217,买盘
854,14:10:15,7.47,0.01,40,29880,买盘
855,14:10:12,7.46,-0.01,49,36554,卖盘
856,14:10:09,7.47,0.01,54,40338,买盘
857,14:10:06,7.46,--,237,176802,卖盘
858,14:10:03,7.46,-0.01,2,1492,卖盘
859,14:10:00,7.47,0.01,20,14940,买盘
860,14:09:57,7.46,-0.01,10,7460,卖盘
861,14:09:54,7.47,0.01,3,2241,买盘
862,14:09:51,7.46,--,39,29094,卖盘
863,14:09:48,7.46,-0.01,6,4476,卖盘
864,14:09:45,7.47,--,4,2988,买盘
865,14:09:42,7.47,--,198,147906,买盘
866,14:09:39,7.47,--,22,16434,买盘
867,14:09:36,7.47,0.01,187,139689,买盘
868,14:09:33,7.46,--,375,279750,卖盘
869,14:09:30,7.46,-0.01,4,2984,卖盘
870,14:09:27,7.47,--,6,4482,买盘
871,14:09:24,7.47,--,4,2988,买盘
872,14:09:21,7.47,--,221,165087,买盘
873,14:09:15,7.47,--,128,95616,买盘
874,14:09:09,7.47,--,13,9711,买盘
875,14:09:06,7.47,0.01,26,19422,买盘
876,14:09:03,7.46,-0.01,520,387920,卖盘
877,14:09:00,7.47,--,9,6723,买盘
878,14:08:57,7.47,--,56,41832,买盘
879,14:08:54,7.47,--,15,11205,买盘
880,14:08:51,7.47,0.01,950,709650,买盘
881,14:08:48,7.46,-0.01,16,11936,卖盘
882,14:08:45,7.47,--,27,20169,买盘
883,14:08:42,7.47,0.01,10,7470,买盘
884,14:08:39,7.46,--,59,44014,卖盘
885,14:08:36,7.46,-0.01,65,48490,卖盘
886,14:08:33,7.47,0.01,110,82170,买盘
887,14:08:30,7.46,--,2,1492,卖盘
888,14:08:27,7.46,--,51,38046,卖盘
889,14:08:24,7.46,--,100,74600,卖盘
890,14:08:21,7.46,--,185,138010,卖盘
891,14:08:18,7.46,--,531,396126,卖盘
892,14:08:15,7.46,--,400,298400,卖盘
893,14:08:12,7.46,--,9,6714,卖盘
894,14:08:09,7.46,--,62,46252,卖盘
895,14:08:06,7.46,-0.01,100,74600,卖盘
896,14:08:03,7.47,--,50,37350,买盘
897,14:08:00,7.47,0.01,10,7470,买盘
898,14:07:57,7.46,--,433,323018,卖盘
899,14:07:54,7.46,--,250,186500,卖盘
900,14:07:51,7.46,-0.01,8,5968,卖盘
901,14:07:48,7.47,--,11,8217,买盘
902,14:07:45,7.47,--,60,44820,买盘
903,14:07:39,7.47,--,12,8964,买盘
904,14:07:36,7.47,0.01,21,15687,买盘
905,14:07:33,7.46,-0.01,67,49982,卖盘
906,14:07:30,7.47,--,4,2988,买盘
907,14:07:27,7.47,--,7,5229,买盘
908,14:07:24,7.47,--,8,5976,买盘
909,14:07:21,7.47,0.01,30,22410,买盘
910,14:07:18,7.46,-0.01,8,5968,卖盘
911,14:07:15,7.47,--,6,4482,买盘
912,14:07:12,7.47,--,30,22410,买盘
913,14:07:09,7.47,0.01,19,14193,买盘
914,14:07:06,7.46,--,4,2984,卖盘
915,14:07:03,7.46,--,9,6714,卖盘
916,14:07:00,7.46,-0.01,15,11190,卖盘
917,14:06:57,7.47,--,32,23904,买盘
918,14:06:54,7.47,--,19,14193,买盘
919,14:06:51,7.47,--,307,229329,买盘
920,14:06:48,7.47,0.01,5,3735,买盘
921,14:06:45,7.46,-0.01,22,16412,卖盘
922,14:06:42,7.47,0.01,198,147906,买盘
923,14:06:39,7.46,-0.01,16,11936,卖盘
924,14:06:36,7.47,--,2,1494,买盘
925,14:06:33,7.47,--,172,128484,买盘
926,14:06:30,7.47,0.01,11,8217,买盘
927,14:06:27,7.46,-0.01,154,114884,卖盘
928,14:06:21,7.47,--,66,49302,买盘
929,14:06:18,7.47,--,8,5976,买盘
930,14:06:15,7.47,0.01,134,100098,买盘
931,14:06:12,7.46,-0.01,130,96980,卖盘
932,14:06:09,7.47,--,15,11205,买盘
933,14:06:06,7.47,0.01,6,4482,买盘
934,14:06:03,7.46,--,16,11936,卖盘
935,14:06:00,7.46,-0.01,3,2238,卖盘
936,14:05:57,7.47,--,24,17928,买盘
937,14:05:54,7.47,--,9,6723,买盘
938,14:05:48,7.47,0.01,162,121424,买盘
939,14:05:45,7.46,--,412,307687,买盘
940,14:05:42,7.46,--,2,1492,买盘
941,14:05:39,7.46,0.01,255,190230,买盘
942,14:05:36,7.45,-0.01,201,149745,卖盘
943,14:05:33,7.46,--,38,28348,买盘
944,14:05:30,7.46,--,7,5222,买盘
945,14:05:27,7.46,-0.01,340,254050,卖盘
946,14:05:24,7.47,--,6,4482,买盘
947,14:05:21,7.47,--,18,13446,买盘
948,14:05:18,7.47,0.01,2,1494,买盘
949,14:05:15,7.46,--,11,8206,卖盘
950,14:05:12,7.46,-0.01,15,11190,卖盘
951,14:05:09,7.47,--,233,174051,买盘
952,14:05:06,7.47,0.01,20,14940,买盘
953,14:05:03,7.46,--,26,19396,卖盘
954,14:05:00,7.46,--,134,99964,卖盘
955,14:04:57,7.46,--,17,12682,卖盘
956,14:04:54,7.46,--,61,45506,卖盘
957,14:04:51,7.46,--,167,124582,卖盘
958,14:04:42,7.46,--,10,7460,卖盘
959,14:04:39,7.46,--,12,8952,卖盘
960,14:04:36,7.46,-0.01,1,746,卖盘
961,14:04:33,7.47,--,26,19422,买盘
962,14:04:30,7.47,0.01,407,304029,买盘
963,14:04:27,7.46,--,1694,1263724,卖盘
964,14:04:24,7.46,-0.01,202,150692,卖盘
965,14:04:21,7.47,--,43,32121,买盘
966,14:04:18,7.47,--,6,4482,买盘
967,14:04:12,7.47,0.01,1,747,买盘
968,14:04:09,7.46,-0.01,75,55950,卖盘
969,14:04:06,7.47,0.01,6,4482,买盘
970,14:04:03,7.46,-0.01,54,40284,卖盘
971,14:04:00,7.47,--,10,7470,买盘
972,14:03:57,7.47,--,1,747,买盘
973,14:03:54,7.47,0.01,63,47061,买盘
974,14:03:51,7.46,-0.01,7,5222,卖盘
975,14:03:48,7.47,0.01,20,14940,买盘
976,14:03:45,7.46,-0.01,25,18650,卖盘
977,14:03:42,7.47,0.01,181,135207,买盘
978,14:03:39,7.46,--,36,26856,卖盘
979,14:03:36,7.46,-0.01,151,112646,卖盘
980,14:03:33,7.47,--,21,15687,买盘
981,14:03:30,7.47,--,5,3735,买盘
982,14:03:27,7.47,--,73,54531,买盘
983,14:03:24,7.47,0.01,22,16434,买盘
984,14:03:21,7.46,-0.01,64,47744,卖盘
985,14:03:18,7.47,--,1,747,买盘
986,14:03:15,7.47,0.01,2,1494,买盘
987,14:03:12,7.46,-0.01,95,70870,卖盘
988,14:03:09,7.47,--,56,41832,买盘
989,14:03:03,7.47,--,4,2988,买盘
990,14:03:00,7.47,0.01,7,5229,买盘
991,14:02:51,7.46,--,68,50728,卖盘
992,14:02:48,7.46,-0.01,109,81314,卖盘
993,14:02:45,7.47,--,1,747,买盘
994,14:02:39,7.47,--,9,6723,买盘
995,14:02:36,7.47,0.01,6,4482,买盘
996,14:02:33,7.46,-0.01,7,5557,卖盘
997,14:02:30,7.47,0.01,15,11205,买盘
998,14:02:27,7.46,-0.01,73,54458,卖盘
999,14:02:24,7.47,--,8,5976,买盘
1000,14:02:21,7.47,--,20,14940,买盘
1001,14:02:18,7.47,--,174,129978,买盘
1002,14:02:15,7.47,0.01,48,35856,买盘
1003,14:02:12,7.46,-0.01,13,9698,卖盘
1004,14:02:09,7.47,0.01,30,22410,买盘
1005,14:02:06,7.46,--,8,5968,卖盘
1006,14:02:03,7.46,-0.01,89,66394,卖盘
1007,14:02:00,7.47,--,14,10458,买盘
1008,14:01:57,7.47,--,156,116532,买盘
1009,14:01:54,7.47,--,5,3735,买盘
1010,14:01:48,7.47,--,3,2241,买盘
1011,14:01:45,7.47,0.01,6,4482,买盘
1012,14:01:42,7.46,-0.01,145,108170,卖盘
1013,14:01:39,7.47,0.01,11,8217,买盘
1014,14:01:36,7.46,-0.01,6,4476,卖盘
1015,14:01:33,7.47,--,57,42579,买盘
1016,14:01:30,7.47,--,162,121014,买盘
1017,14:01:27,7.47,--,8,5976,买盘
1018,14:01:24,7.47,0.01,8,5976,买盘
1019,14:01:21,7.46,-0.01,29,21634,卖盘
1020,14:01:18,7.47,--,55,41085,买盘
1021,14:01:15,7.47,--,655,489285,买盘
1022,14:01:12,7.47,--,108,80676,买盘
1023,14:01:06,7.47,--,7,5229,买盘
1024,14:01:03,7.47,--,37,27639,买盘
1025,14:01:00,7.47,--,14,10458,买盘
1026,14:00:57,7.47,0.01,33,24651,买盘
1027,14:00:54,7.46,--,89,66394,卖盘
1028,14:00:48,7.46,-0.01,206,153676,卖盘
1029,14:00:45,7.47,--,99,73953,买盘
1030,14:00:42,7.47,--,1,747,买盘
1031,14:00:33,7.47,--,8,5976,买盘
1032,14:00:24,7.47,--,6,4482,买盘
1033,14:00:21,7.47,0.01,25,18675,买盘
1034,14:00:15,7.46,-0.01,123,91758,卖盘
1035,14:00:12,7.47,--,21,15687,买盘
1036,14:00:09,7.47,0.01,10,7470,买盘
1037,14:00:06,7.46,--,41,30586,卖盘
1038,14:00:03,7.46,-0.01,105,78330,卖盘
1039,14:00:00,7.47,--,6,4482,买盘
1040,13:59:57,7.47,--,86,64242,买盘
1041,13:59:51,7.47,--,5,3735,买盘
1042,13:59:39,7.47,--,11,8217,买盘
1043,13:59:36,7.47,--,31,23157,买盘
1044,13:59:33,7.47,--,91,67977,买盘
1045,13:59:30,7.47,--,333,248751,买盘
1046,13:59:27,7.47,0.01,6,4482,买盘
1047,13:59:24,7.46,-0.01,68,50728,卖盘
1048,13:59:21,7.47,0.01,169,126243,买盘
1049,13:59:18,7.46,-0.01,47,35062,卖盘
1050,13:59:15,7.47,--,53,39591,买盘
1051,13:59:09,7.47,0.01,55,41085,买盘
1052,13:59:06,7.46,--,23,17158,卖盘
1053,13:59:00,7.46,-0.01,3,2238,卖盘
1054,13:58:54,7.47,0.01,59,44073,买盘
1055,13:58:48,7.46,-0.01,16,11936,卖盘
1056,13:58:42,7.47,0.01,7,5229,买盘
1057,13:58:39,7.46,-0.01,134,99964,卖盘
1058,13:58:36,7.47,0.01,220,164340,买盘
1059,13:58:33,7.46,-0.01,7,5222,卖盘
1060,13:58:30,7.47,0.01,12,8964,买盘
1061,13:58:27,7.46,-0.01,10,7460,卖盘
1062,13:58:24,7.47,--,142,106074,买盘
1063,13:58:21,7.47,--,32,23904,买盘
1064,13:58:18,7.47,0.01,5,3735,买盘
1065,13:58:15,7.46,-0.01,62,46252,卖盘
1066,13:58:12,7.47,--,208,155376,买盘
1067,13:58:09,7.47,0.01,32,23904,买盘
1068,13:58:06,7.46,-0.01,19,14174,卖盘
1069,13:58:03,7.47,--,49,36603,买盘
1070,13:58:00,7.47,--,134,100098,买盘
1071,13:57:57,7.47,0.01,177,132219,买盘
1072,13:57:54,7.46,-0.01,3,2238,卖盘
1073,13:57:51,7.47,0.01,50,37350,买盘
1074,13:57:48,7.46,-0.01,17,12682,卖盘
1075,13:57:45,7.47,--,14,10458,买盘
1076,13:57:36,7.47,0.01,19,14193,买盘
1077,13:57:33,7.46,--,7,5222,卖盘
1078,13:57:30,7.46,-0.01,84,62664,卖盘
1079,13:57:27,7.47,0.01,6,4482,买盘
1080,13:57:24,7.46,--,57,42522,卖盘
1081,13:57:21,7.46,--,20,14920,卖盘
1082,13:57:18,7.46,--,10,7460,卖盘
1083,13:57:15,7.46,--,11,8206,卖盘
1084,13:57:12,7.46,--,34,25364,卖盘
1085,13:57:09,7.46,--,99,73854,卖盘
1086,13:57:06,7.46,-0.01,369,275274,卖盘
1087,13:57:03,7.47,--,41,30627,买盘
1088,13:57:00,7.47,--,722,539334,买盘
1089,13:56:57,7.47,--,130,97110,买盘
1090,13:56:54,7.47,0.01,6,4482,买盘
1091,13:56:48,7.46,-0.01,3,2238,卖盘
1092,13:56:45,7.47,--,25,18675,买盘
1093,13:56:42,7.47,0.01,31,23157,买盘
1094,13:56:39,7.46,-0.01,23,17158,卖盘
1095,13:56:36,7.47,--,90,67230,买盘
1096,13:56:33,7.47,0.01,1,747,买盘
1097,13:56:30,7.46,-0.01,11,8206,卖盘
1098,13:56:27,7.47,0.01,6,4482,买盘
1099,13:56:24,7.46,-0.01,45,33570,卖盘
1100,13:56:21,7.47,--,38,28386,买盘
1101,13:56:18,7.47,0.01,778,581166,买盘
1102,13:56:15,7.46,0.01,4,2984,买盘
1103,13:56:12,7.45,--,3,2235,卖盘
1104,13:56:09,7.45,-0.01,11,8195,卖盘
1105,13:56:03,7.46,0.01,2,1492,买盘
1106,13:56:00,7.45,-0.01,8,5960,卖盘
1107,13:55:57,7.46,0.01,7,5222,买盘
1108,13:55:54,7.45,-0.01,44,32780,卖盘
1109,13:55:45,7.46,0.01,8,5968,买盘
1110,13:55:42,7.45,-0.01,3,2235,卖盘
1111,13:55:36,7.46,--,83,61918,卖盘
1112,13:55:33,7.46,-0.01,62,46252,卖盘
1113,13:55:30,7.47,--,203,151641,买盘
1114,13:55:27,7.47,--,2,1494,买盘
1115,13:55:24,7.47,--,7,5229,买盘
1116,13:55:21,7.47,0.01,19,14193,买盘
1117,13:55:18,7.46,--,10,7460,卖盘
1118,13:55:15,7.46,-0.01,27,20142,卖盘
1119,13:55:12,7.47,--,5,3735,买盘
1120,13:55:09,7.47,0.01,17,12699,买盘
1121,13:55:06,7.46,--,138,102948,卖盘
1122,13:55:03,7.46,--,1,746,卖盘
1123,13:55:00,7.46,-0.01,197,146962,卖盘
1124,13:54:57,7.47,--,9,6723,买盘
1125,13:54:54,7.47,--,10,7470,买盘
1126,13:54:51,7.47,0.01,7,5229,买盘
1127,13:54:48,7.46,-0.01,17,12682,卖盘
1128,13:54:42,7.47,--,30,22410,买盘
1129,13:54:39,7.47,0.01,5,3735,买盘
1130,13:54:36,7.46,--,6,4476,卖盘
1131,13:54:33,7.46,--,13,9698,卖盘
1132,13:54:30,7.46,-0.01,135,100710,卖盘
1133,13:54:27,7.47,0.01,217,162099,买盘
1134,13:54:24,7.46,-0.01,7,5222,卖盘
1135,13:54:21,7.47,--,18,13446,买盘
1136,13:54:15,7.47,0.01,197,147159,买盘
1137,13:54:12,7.46,--,1393,1039178,卖盘
1138,13:54:09,7.46,-0.01,4,2984,卖盘
1139,13:54:06,7.47,--,19,14193,买盘
1140,13:54:00,7.47,--,8,5976,买盘
1141,13:53:54,7.47,0.01,7,5229,买盘
1142,13:53:51,7.46,-0.01,9,6714,卖盘
1143,13:53:48,7.47,--,23,17181,买盘
1144,13:53:45,7.47,--,173,129231,卖盘
1145,13:53:42,7.47,--,15,11205,卖盘
1146,13:53:39,7.47,--,30,22410,卖盘
1147,13:53:36,7.47,--,5,3735,卖盘
1148,13:53:33,7.47,--,24,17928,卖盘
1149,13:53:30,7.47,--,54,40338,卖盘
1150,13:53:27,7.47,-0.01,7,5229,卖盘
1151,13:53:24,7.48,0.01,12,8976,买盘
1152,13:53:21,7.47,--,538,401886,买盘
1153,13:53:18,7.47,--,26,19422,买盘
1154,13:53:15,7.47,--,6,4482,买盘
1155,13:53:12,7.47,--,291,217377,买盘
1156,13:53:09,7.47,--,465,347355,卖盘
1157,13:53:06,7.47,--,6,4482,卖盘
1158,13:53:03,7.47,-0.01,50,37350,卖盘
1159,13:53:00,7.48,--,6,4488,买盘
1160,13:52:57,7.48,--,5,3740,买盘
1161,13:52:54,7.48,0.01,9,6732,买盘
1162,13:52:51,7.47,-0.01,156,116532,卖盘
1163,13:52:48,7.48,0.02,7,5236,买盘
1164,13:52:45,7.46,-0.02,163,121598,卖盘
1165,13:52:42,7.48,0.02,13,9724,买盘
1166,13:52:39,7.46,-0.01,591,440886,卖盘
1167,13:52:36,7.47,0.01,20,14940,买盘
1168,13:52:33,7.46,-0.01,2,1492,卖盘
1169,13:52:30,7.47,-0.01,11,8217,卖盘
1170,13:52:27,7.48,0.02,18,13464,买盘
1171,13:52:24,7.46,-0.02,530,395380,卖盘
1172,13:52:21,7.48,0.01,35,26180,买盘
1173,13:52:18,7.47,0.01,792,591624,买盘
1174,13:52:15,7.46,-0.01,26,19396,卖盘
1175,13:52:12,7.47,--,22,16434,买盘
1176,13:52:09,7.47,--,901,673047,买盘
1177,13:52:06,7.47,--,3,2241,买盘
1178,13:52:03,7.47,0.01,17,12699,买盘
1179,13:52:00,7.46,-0.01,91,67886,卖盘
1180,13:51:57,7.47,0.01,53,39591,买盘
1181,13:51:54,7.46,-0.01,141,105186,卖盘
1182,13:51:51,7.47,--,7,5229,买盘
1183,13:51:48,7.47,--,12,8964,买盘
1184,13:51:45,7.47,--,515,384705,买盘
1185,13:51:42,7.47,0.01,6,4482,买盘
1186,13:51:39,7.46,-0.01,45,33570,卖盘
1187,13:51:36,7.47,--,8,5976,买盘
1188,13:51:33,7.47,--,45,33615,买盘
1189,13:51:30,7.47,--,70,52290,买盘
1190,13:51:27,7.47,--,34,25398,买盘
1191,13:51:24,7.47,--,19,14193,买盘
1192,13:51:21,7.47,--,30,22410,买盘
1193,13:51:18,7.47,--,6,4482,买盘
1194,13:51:09,7.47,--,7,5229,买盘
1195,13:51:00,7.47,--,2,1494,买盘
1196,13:50:57,7.47,--,47,35109,买盘
1197,13:50:51,7.47,0.01,8,5976,买盘
1198,13:50:48,7.46,-0.01,250,186500,卖盘
1199,13:50:45,7.47,--,134,100098,买盘
1200,13:50:39,7.47,0.01,3,2241,买盘
1201,13:50:36,7.46,-0.01,33,24618,卖盘
1202,13:50:27,7.47,0.01,57,42579,买盘
1203,13:50:24,7.46,-0.01,199,148454,卖盘
1204,13:50:21,7.47,0.01,146,109062,买盘
1205,13:50:18,7.46,-0.01,29,21634,卖盘
1206,13:50:15,7.47,--,3,2241,买盘
1207,13:50:12,7.47,0.01,10,7470,买盘
1208,13:50:09,7.46,--,26,19396,卖盘
1209,13:50:06,7.46,--,1012,754952,卖盘
1210,13:50:03,7.46,--,7,5222,卖盘
1211,13:50:00,7.46,-0.01,16,11936,卖盘
1212,13:49:57,7.47,--,6,4482,买盘
1213,13:49:54,7.47,--,14,10458,买盘
1214,13:49:51,7.47,0.01,6,4482,买盘
1215,13:49:48,7.46,--,16,11936,卖盘
1216,13:49:45,7.46,--,581,433426,卖盘
1217,13:49:42,7.46,-0.01,8,5968,卖盘
1218,13:49:39,7.47,--,5,3735,买盘
1219,13:49:36,7.47,--,30,22410,买盘
1220,13:49:33,7.47,--,3,2241,买盘
1221,13:49:30,7.47,0.01,26,19422,买盘
1222,13:49:24,7.46,-0.01,50,37300,卖盘
1223,13:49:21,7.47,--,29,21663,买盘
1224,13:49:18,7.47,--,13,9711,买盘
1225,13:49:15,7.47,--,117,87399,买盘
1226,13:49:09,7.47,0.01,3,2241,买盘
1227,13:49:06,7.46,--,33,24618,卖盘
1228,13:49:03,7.46,-0.01,104,77584,卖盘
1229,13:48:57,7.47,--,26,19422,买盘
1230,13:48:54,7.47,--,100,74700,买盘
1231,13:48:51,7.47,--,149,111303,买盘
1232,13:48:48,7.47,--,23,17181,买盘
1233,13:48:45,7.47,0.01,6,4482,买盘
1234,13:48:42,7.46,--,20,14920,卖盘
1235,13:48:39,7.46,--,2,1492,卖盘
1236,13:48:36,7.46,-0.01,25,18650,卖盘
1237,13:48:33,7.47,--,153,114291,买盘
1238,13:48:30,7.47,--,348,259956,买盘
1239,13:48:27,7.47,0.01,243,181521,买盘
1240,13:48:24,7.46,--,13,9698,卖盘
1241,13:48:21,7.46,-0.01,100,74600,卖盘
1242,13:48:18,7.47,0.01,23,17181,买盘
1243,13:48:12,7.46,-0.01,30,22380,卖盘
1244,13:48:09,7.47,0.01,120,89640,买盘
1245,13:48:06,7.46,-0.01,1,746,卖盘
1246,13:48:03,7.47,--,16,11952,买盘
1247,13:48:00,7.47,--,106,79182,买盘
1248,13:47:57,7.47,--,81,60507,买盘
1249,13:47:48,7.47,--,21,15687,买盘
1250,13:47:42,7.47,0.01,2,1494,买盘
1251,13:47:39,7.46,-0.01,21,15666,卖盘
1252,13:47:36,7.47,0.01,7,5229,买盘
1253,13:47:33,7.46,--,12,8952,卖盘
1254,13:47:30,7.46,-0.01,12,8952,卖盘
1255,13:47:27,7.47,--,10,7470,买盘
1256,13:47:24,7.47,0.01,32,23904,买盘
1257,13:47:21,7.46,-0.01,154,114884,卖盘
1258,13:47:18,7.47,--,23,17181,买盘
1259,13:47:15,7.47,0.01,11,8217,买盘
1260,13:47:09,7.46,-0.01,72,53712,卖盘
1261,13:47:03,7.47,--,17,12699,买盘
1262,13:47:00,7.47,--,502,374994,买盘
1263,13:46:57,7.47,--,21,15687,买盘
1264,13:46:54,7.47,0.01,394,294318,买盘
1265,13:46:51,7.46,-0.01,3,2238,卖盘
1266,13:46:48,7.47,0.01,10,7470,买盘
1267,13:46:45,7.46,-0.01,355,264830,卖盘
1268,13:46:42,7.47,0.01,54,40338,买盘
1269,13:46:39,7.46,--,9,6714,卖盘
1270,13:46:36,7.46,-0.01,20,14920,卖盘
1271,13:46:33,7.47,--,872,651384,买盘
1272,13:46:30,7.47,--,7,5229,买盘
1273,13:46:24,7.47,--,62,46314,买盘
1274,13:46:21,7.47,--,183,136701,买盘
1275,13:46:18,7.47,--,49,36603,买盘
1276,13:46:12,7.47,0.01,3,2241,买盘
1277,13:46:09,7.46,-0.01,21,15666,卖盘
1278,13:46:00,7.47,--,6,4482,买盘
1279,13:45:57,7.47,0.01,24,17928,买盘
1280,13:45:54,7.46,-0.01,55,41030,卖盘
1281,13:45:51,7.47,0.01,59,44073,买盘
1282,13:45:48,7.46,-0.01,542,404332,卖盘
1283,13:45:45,7.47,--,17,12699,买盘
1284,13:45:42,7.47,--,9,6723,买盘
1285,13:45:39,7.47,--,381,284607,卖盘
1286,13:45:36,7.47,-0.01,8,5976,卖盘
1287,13:45:33,7.48,--,50,37400,买盘
1288,13:45:27,7.48,0.01,8,5984,买盘
1289,13:45:24,7.47,-0.01,54,40338,卖盘
1290,13:45:21,7.48,0.01,27,20196,买盘
1291,13:45:18,7.47,-0.01,30,22410,卖盘
1292,13:45:12,7.48,0.01,108,80784,买盘
1293,13:45:09,7.47,--,10,7470,卖盘
1294,13:45:06,7.47,-0.01,14,10458,卖盘
1295,13:45:03,7.48,--,11,8228,买盘
1296,13:45:00,7.48,0.01,39,29172,买盘
1297,13:44:57,7.47,-0.01,1000,747000,卖盘
1298,13:44:51,7.48,0.01,33,24684,买盘
1299,13:44:45,7.47,-0.01,23,17181,卖盘
1300,13:44:42,7.48,0.01,56,41888,买盘
1301,13:44:39,7.47,-0.01,238,177786,卖盘
1302,13:44:36,7.48,0.01,7,5236,买盘
1303,13:44:33,7.47,-0.01,116,86652,卖盘
1304,13:44:30,7.48,--,20,14960,买盘
1305,13:44:27,7.48,--,66,49368,买盘
1306,13:44:24,7.48,--,67,50116,买盘
1307,13:44:21,7.48,--,305,228140,买盘
1308,13:44:18,7.48,0.01,50,37400,买盘
1309,13:44:15,7.47,--,24,17928,卖盘
1310,13:44:12,7.47,--,10,7470,卖盘
1311,13:44:06,7.47,--,16,11952,卖盘
1312,13:44:03,7.47,--,12,8964,卖盘
1313,13:44:00,7.47,-0.01,35,26145,卖盘
1314,13:43:57,7.48,0.01,8,5984,买盘
1315,13:43:54,7.47,-0.01,3,2241,卖盘
1316,13:43:48,7.48,0.01,13,9724,买盘
1317,13:43:45,7.47,-0.01,46,34362,卖盘
1318,13:43:42,7.48,--,21,15708,买盘
1319,13:43:39,7.48,0.01,1000,748000,买盘
1320,13:43:36,7.47,-0.01,13,9711,卖盘
1321,13:43:33,7.48,--,8,5984,买盘
1322,13:43:30,7.48,0.01,15,11220,买盘
1323,13:43:27,7.47,-0.01,3,2241,卖盘
1324,13:43:24,7.48,--,6,4488,买盘
1325,13:43:21,7.48,0.01,29,21692,买盘
1326,13:43:18,7.47,--,136,101592,卖盘
1327,13:43:15,7.47,-0.01,23,17181,卖盘
1328,13:43:12,7.48,0.01,37,27676,买盘
1329,13:43:09,7.47,-0.01,19,14193,卖盘
1330,13:43:06,7.48,--,11,8228,买盘
1331,13:43:03,7.48,--,7,5236,买盘
1332,13:43:00,7.48,--,9,6732,买盘
1333,13:42:57,7.48,--,92,68816,买盘
1334,13:42:54,7.48,--,61,45628,买盘
1335,13:42:51,7.48,--,42,31416,买盘
1336,13:42:48,7.48,--,22,16456,买盘
1337,13:42:45,7.48,--,626,468891,卖盘
1338,13:42:42,7.48,-0.01,9,6732,卖盘
1339,13:42:39,7.49,0.01,17,12733,买盘
1340,13:42:33,7.48,--,8,5984,卖盘
1341,13:42:30,7.48,-0.01,42,31416,卖盘
1342,13:42:27,7.49,0.01,12,8988,买盘
1343,13:42:24,7.48,-0.01,8,6058,卖盘
1344,13:42:21,7.49,--,346,259154,买盘
1345,13:42:18,7.49,--,12,8988,买盘
1346,13:42:15,7.49,--,8,5992,买盘
1347,13:42:09,7.49,0.01,13,9737,买盘
1348,13:42:06,7.48,-0.01,30,22440,卖盘
1349,13:42:03,7.49,0.01,368,275632,买盘
1350,13:42:00,7.48,-0.01,60,44880,卖盘
1351,13:41:57,7.49,--,10,7490,买盘
1352,13:41:54,7.49,--,17,12733,买盘
1353,13:41:51,7.49,0.01,356,266644,买盘
1354,13:41:48,7.48,-0.01,27,20196,卖盘
1355,13:41:45,7.49,0.01,3,2247,买盘
1356,13:41:42,7.48,-0.01,16,11968,卖盘
1357,13:41:39,7.49,--,13,9737,买盘
1358,13:41:36,7.49,0.01,2,1498,买盘
1359,13:41:33,7.48,-0.01,9,6732,卖盘
1360,13:41:30,7.49,--,25,18725,买盘
1361,13:41:27,7.49,0.01,107,80143,买盘
1362,13:41:24,7.48,-0.01,1332,996336,卖盘
1363,13:41:21,7.49,--,2025,1516725,买盘
1364,13:41:18,7.49,0.01,1,749,买盘
1365,13:41:15,7.48,--,13,9724,卖盘
1366,13:41:09,7.48,-0.01,9,6732,卖盘
1367,13:41:06,7.49,0.01,8,5992,买盘
1368,13:41:03,7.48,-0.01,9,6732,卖盘
1369,13:41:00,7.49,--,13,9737,买盘
1370,13:40:57,7.49,--,21,15729,买盘
1371,13:40:54,7.49,--,2,1498,买盘
1372,13:40:51,7.49,--,1,749,买盘
1373,13:40:48,7.49,0.01,7,5243,买盘
1374,13:40:45,7.48,--,19,14212,卖盘
1375,13:40:42,7.48,--,6,4488,卖盘
1376,13:40:39,7.48,-0.01,61,45628,卖盘
1377,13:40:36,7.49,--,16,11984,买盘
1378,13:40:33,7.49,0.01,399,298851,买盘
1379,13:40:30,7.48,--,60,44880,卖盘
1380,13:40:27,7.48,-0.01,1336,999328,卖盘
1381,13:40:24,7.49,--,65,48685,买盘
1382,13:40:21,7.49,--,31,23219,买盘
1383,13:40:18,7.49,--,93,69657,买盘
1384,13:40:15,7.49,0.01,193,144557,买盘
1385,13:40:12,7.48,--,40,29920,卖盘
1386,13:40:09,7.48,--,5,3740,卖盘
1387,13:40:06,7.48,-0.01,20,14960,卖盘
1388,13:40:03,7.49,--,36,26964,买盘
1389,13:40:00,7.49,--,3,2247,买盘
1390,13:39:57,7.49,--,3,2247,买盘
1391,13:39:54,7.49,--,7,5243,买盘
1392,13:39:51,7.49,--,6,4494,买盘
1393,13:39:48,7.49,0.01,2,1498,买盘
1394,13:39:45,7.48,--,3,2244,卖盘
1395,13:39:42,7.48,-0.01,27,20196,卖盘
1396,13:39:39,7.49,0.01,6,4494,买盘
1397,13:39:36,7.48,--,30,22440,卖盘
1398,13:39:33,7.48,-0.01,11,8228,卖盘
1399,13:39:30,7.49,--,57,42693,买盘
1400,13:39:27,7.49,0.01,405,303345,买盘
1401,13:39:24,7.48,-0.01,32,23936,卖盘
1402,13:39:21,7.49,0.01,55,41195,买盘
1403,13:39:18,7.48,--,54,40392,卖盘
1404,13:39:15,7.48,--,5,3740,卖盘
1405,13:39:12,7.48,-0.01,69,51612,卖盘
1406,13:39:09,7.49,--,13,9737,买盘
1407,13:39:06,7.49,0.01,33,24717,买盘
1408,13:39:03,7.48,--,267,199716,卖盘
1409,13:39:00,7.48,--,10,7480,卖盘
1410,13:38:57,7.48,--,20,14960,卖盘
1411,13:38:54,7.48,--,42,31416,卖盘
1412,13:38:51,7.48,--,586,438357,买盘
1413,13:38:48,7.48,--,10,7480,买盘
1414,13:38:45,7.48,--,230,172040,买盘
1415,13:38:39,7.48,0.01,11,8228,买盘
1416,13:38:36,7.47,-0.01,108,80676,卖盘
1417,13:38:33,7.48,--,89,66572,买盘
1418,13:38:30,7.48,--,19,14212,买盘
1419,13:38:27,7.48,--,145,108460,买盘
1420,13:38:24,7.48,--,14,10472,买盘
1421,13:38:21,7.48,--,335,250580,买盘
1422,13:38:18,7.48,--,1,748,买盘
1423,13:38:15,7.48,--,1,748,买盘
1424,13:38:12,7.48,--,6,4488,买盘
1425,13:38:09,7.48,--,10,7480,买盘
1426,13:38:06,7.48,-0.01,411,308146,卖盘
1427,13:38:03,7.49,--,35,26215,买盘
1428,13:38:00,7.49,0.01,6,4494,买盘
1429,13:37:57,7.48,--,32,23936,卖盘
1430,13:37:54,7.48,-0.01,429,320892,卖盘
1431,13:37:51,7.49,--,108,80892,买盘
1432,13:37:48,7.49,--,16,11984,买盘
1433,13:37:45,7.49,--,23,17227,买盘
1434,13:37:42,7.49,--,16,11984,买盘
1435,13:37:39,7.49,--,6,4494,买盘
1436,13:37:36,7.49,0.01,8,5992,买盘
1437,13:37:33,7.48,-0.01,302,225896,卖盘
1438,13:37:27,7.49,--,89,66661,买盘
1439,13:37:24,7.49,0.01,5,3745,买盘
1440,13:37:21,7.48,-0.01,49,36652,卖盘
1441,13:37:18,7.49,0.01,104,77896,买盘
1442,13:37:15,7.48,--,49,36652,卖盘
1443,13:37:12,7.48,-0.01,19,14212,卖盘
1444,13:37:06,7.49,0.01,6,4494,买盘
1445,13:37:03,7.48,--,9,6732,卖盘
1446,13:37:00,7.48,-0.01,10,7480,卖盘
1447,13:36:57,7.49,0.01,199,149051,买盘
1448,13:36:54,7.48,-0.01,10,7480,卖盘
1449,13:36:51,7.49,--,2,1498,买盘
1450,13:36:48,7.49,--,56,41944,买盘
1451,13:36:45,7.49,0.01,11,8239,买盘
1452,13:36:42,7.48,-0.01,33,24684,卖盘
1453,13:36:39,7.49,0.01,63,47187,买盘
1454,13:36:36,7.48,--,25,18700,卖盘
1455,13:36:33,7.48,--,507,379236,卖盘
1456,13:36:30,7.48,-0.01,13,9724,卖盘
1457,13:36:27,7.49,0.01,39,29211,买盘
1458,13:36:24,7.48,--,85,63580,卖盘
1459,13:36:21,7.48,--,44,32912,卖盘
1460,13:36:18,7.48,--,627,469025,买盘
1461,13:36:15,7.48,--,10,7480,买盘
1462,13:36:12,7.48,--,48,35904,买盘
1463,13:36:09,7.48,--,19,14212,买盘
1464,13:36:03,7.48,--,98,73304,买盘
1465,13:36:00,7.48,--,69,51612,买盘
1466,13:35:57,7.48,--,207,154836,买盘
1467,13:35:54,7.48,--,12,8976,买盘
1468,13:35:51,7.48,-0.01,98,74022,卖盘
1469,13:35:48,7.49,0.01,18,13482,买盘
1470,13:35:45,7.48,--,23,17204,卖盘
1471,13:35:42,7.48,--,134,100232,卖盘
1472,13:35:39,7.48,--,1459,1091361,买盘
1473,13:35:36,7.48,--,32,23936,买盘
1474,13:35:33,7.48,--,16,11968,买盘
1475,13:35:30,7.48,0.01,3,2244,买盘
1476,13:35:27,7.47,-0.01,1,747,卖盘
1477,13:35:24,7.48,--,42,31416,买盘
1478,13:35:21,7.48,0.01,32,23936,买盘
1479,13:35:18,7.47,-0.01,12,8964,卖盘
1480,13:35:15,7.48,--,56,41888,买盘
1481,13:35:12,7.48,--,16,11968,买盘
1482,13:35:06,7.48,0.01,13,9724,买盘
1483,13:35:03,7.47,-0.01,22,16434,卖盘
1484,13:35:00,7.48,--,100,74800,买盘
1485,13:34:57,7.48,0.01,20,14960,买盘
1486,13:34:54,7.47,-0.01,15,11205,卖盘
1487,13:34:51,7.48,--,36,26928,买盘
1488,13:34:48,7.48,--,6,4488,买盘
1489,13:34:45,7.48,--,5,3740,买盘
1490,13:34:42,7.48,--,38,29142,卖盘
1491,13:34:39,7.48,--,311,232628,卖盘
1492,13:34:36,7.48,--,44,32912,卖盘
1493,13:34:33,7.48,-0.01,100,74800,卖盘
1494,13:34:30,7.49,0.01,137,102613,买盘
1495,13:34:27,7.48,--,12,8976,卖盘
1496,13:34:24,7.48,--,219,163812,卖盘
1497,13:34:21,7.48,-0.01,150,112200,卖盘
1498,13:34:18,7.49,0.01,310,232190,买盘
1499,13:34:15,7.48,-0.01,93,69564,卖盘
1500,13:34:12,7.49,--,742,555758,买盘
1501,13:34:09,7.49,0.01,6,4494,买盘
1502,13:34:06,7.48,-0.01,10,7480,卖盘
1503,13:34:03,7.49,--,14,10486,买盘
1504,13:34:00,7.49,--,52,38948,买盘
1505,13:33:57,7.49,0.01,97,72653,买盘
1506,13:33:54,7.48,-0.01,1142,854216,卖盘
1507,13:33:51,7.49,0.01,18,13482,买盘
1508,13:33:48,7.48,-0.01,30,22440,卖盘
1509,13:33:45,7.49,0.01,6,4494,买盘
1510,13:33:42,7.48,-0.01,3,2244,卖盘
1511,13:33:39,7.49,--,41,30709,买盘
1512,13:33:36,7.49,0.01,16,11984,买盘
1513,13:33:33,7.48,-0.01,2,1496,卖盘
1514,13:33:30,7.49,0.01,86,64414,买盘
1515,13:33:27,7.48,-0.01,125,93500,卖盘
1516,13:33:24,7.49,0.01,19,14231,买盘
1517,13:33:21,7.48,-0.01,68,50864,卖盘
1518,13:33:18,7.49,--,39,29211,买盘
1519,13:33:15,7.49,--,37,27713,买盘
1520,13:33:12,7.49,--,55,41195,买盘
1521,13:33:09,7.49,0.01,112,83888,买盘
1522,13:33:06,7.48,-0.01,31,23188,卖盘
1523,13:33:03,7.49,0.01,6,4494,买盘
1524,13:33:00,7.48,-0.01,86,64328,卖盘
1525,13:32:54,7.49,0.01,24,17976,买盘
1526,13:32:51,7.48,--,22,16456,卖盘
1527,13:32:48,7.48,--,326,243848,卖盘
1528,13:32:45,7.48,--,730,546040,卖盘
1529,13:32:42,7.48,-0.01,44,32912,卖盘
1530,13:32:39,7.49,0.01,472,353557,买盘
1531,13:32:36,7.48,0.01,73,54604,买盘
1532,13:32:33,7.47,-0.01,153,114291,卖盘
1533,13:32:30,7.48,--,1051,786148,买盘
1534,13:32:27,7.48,--,178,133144,买盘
1535,13:32:24,7.48,--,124,92752,买盘
1536,13:32:21,7.48,--,114,85272,买盘
1537,13:32:18,7.48,0.01,108,80784,买盘
1538,13:32:15,7.47,-0.01,29,21663,卖盘
1539,13:32:12,7.48,--,296,221408,买盘
1540,13:32:09,7.48,--,68,50864,买盘
1541,13:32:06,7.48,--,787,588676,买盘
1542,13:32:03,7.48,--,28,20944,买盘
1543,13:32:00,7.48,--,56,41888,买盘
1544,13:31:57,7.48,--,44,32912,买盘
1545,13:31:54,7.48,--,1680,1256640,买盘
1546,13:31:51,7.48,--,350,261800,买盘
1547,13:31:48,7.48,--,26,19448,买盘
1548,13:31:45,7.48,--,17,12716,买盘
1549,13:31:39,7.48,0.01,6,4488,买盘
1550,13:31:36,7.47,-0.01,98,73206,卖盘
1551,13:31:33,7.48,0.01,17,12716,买盘
1552,13:31:30,7.47,--,35,26145,卖盘
1553,13:31:27,7.47,-0.01,3,2241,卖盘
1554,13:31:24,7.48,--,28,20944,买盘
1555,13:31:21,7.48,--,42,31416,买盘
1556,13:31:18,7.48,0.01,17,12716,买盘
1557,13:31:15,7.47,--,22,16434,卖盘
1558,13:31:12,7.47,-0.01,7,5229,卖盘
1559,13:31:09,7.48,0.01,30,22440,买盘
1560,13:31:06,7.47,-0.01,73,54531,卖盘
1561,13:31:03,7.48,0.01,10,7480,买盘
1562,13:31:00,7.47,--,24,17928,卖盘
1563,13:30:51,7.47,--,28,20916,买盘
1564,13:30:48,7.47,--,19,14193,买盘
1565,13:30:42,7.47,--,80,59760,买盘
1566,13:30:39,7.47,--,34,25398,买盘
1567,13:30:36,7.47,-0.01,333,248751,卖盘
1568,13:30:33,7.48,--,10,7480,买盘
1569,13:30:30,7.48,--,11,8228,买盘
1570,13:30:27,7.48,--,31,23188,买盘
1571,13:30:24,7.48,0.01,1000,748000,买盘
1572,13:30:21,7.47,--,29,21663,卖盘
1573,13:30:18,7.47,-0.01,13,9711,卖盘
1574,13:30:15,7.48,--,17,12716,买盘
1575,13:30:12,7.48,0.02,17,12716,买盘
1576,13:30:09,7.46,-0.01,659,491614,卖盘
1577,13:30:06,7.47,-0.01,26,19422,卖盘
1578,13:30:03,7.48,0.01,51,38148,买盘
1579,13:30:00,7.47,--,20,14940,卖盘
1580,13:29:57,7.47,-0.01,13,9711,卖盘
1581,13:29:54,7.48,0.01,27,20196,买盘
1582,13:29:51,7.47,--,843,629721,卖盘
1583,13:29:48,7.47,-0.01,13,9711,卖盘
1584,13:29:42,7.48,0.01,17,12716,买盘
1585,13:29:39,7.47,--,14,10458,卖盘
1586,13:29:36,7.47,--,199,148653,卖盘
1587,13:29:33,7.47,--,3348,2500956,买盘
1588,13:29:30,7.47,--,18,13446,买盘
1589,13:29:27,7.47,--,60,44820,买盘
1590,13:29:24,7.47,--,8,5976,买盘
1591,13:29:21,7.47,--,113,84411,买盘
1592,13:29:18,7.47,--,19,14193,买盘
1593,13:29:15,7.47,0.01,7,5229,买盘
1594,13:29:09,7.46,--,17,12682,卖盘
1595,13:29:06,7.46,-0.01,50,37300,卖盘
1596,13:28:57,7.47,--,79,59013,买盘
1597,13:28:54,7.47,0.01,14,10458,买盘
1598,13:28:48,7.46,-0.01,98,73108,卖盘
1599,13:28:45,7.47,--,3,2241,买盘
1600,13:28:42,7.47,0.01,1,747,买盘
1601,13:28:39,7.46,-0.01,16,11936,卖盘
1602,13:28:36,7.47,--,9,6723,买盘
1603,13:28:30,7.47,0.01,24,17928,买盘
1604,13:28:27,7.46,--,44,32824,卖盘
1605,13:28:24,7.46,-0.01,30,22380,卖盘
1606,13:28:21,7.47,0.01,14,10458,买盘
1607,13:28:18,7.46,--,616,459536,卖盘
1608,13:28:15,7.46,-0.01,12,8952,卖盘
1609,13:28:12,7.47,0.01,22,16434,买盘
1610,13:28:09,7.46,--,619,461774,卖盘
1611,13:28:06,7.46,-0.01,3,2238,卖盘
1612,13:28:03,7.47,0.01,15,11205,买盘
1613,13:28:00,7.46,-0.01,9,6714,卖盘
1614,13:27:57,7.47,0.01,97,72459,买盘
1615,13:27:54,7.46,-0.01,14,10444,卖盘
1616,13:27:51,7.47,0.01,10,7470,买盘
1617,13:27:48,7.46,--,69,51474,卖盘
1618,13:27:45,7.46,-0.01,30,22380,卖盘
1619,13:27:42,7.47,--,116,86652,买盘
1620,13:27:39,7.47,--,19,14193,买盘
1621,13:27:36,7.47,0.01,7,5229,买盘
1622,13:27:33,7.46,-0.01,256,190976,卖盘
1623,13:27:30,7.47,0.01,120,89640,买盘
1624,13:27:24,7.46,-0.01,50,37300,卖盘
1625,13:27:21,7.47,--,3,2241,买盘
1626,13:27:18,7.47,--,26,19422,买盘
1627,13:27:15,7.47,0.01,28,20916,买盘
1628,13:27:12,7.46,-0.01,212,158152,卖盘
1629,13:27:06,7.47,--,11,8217,买盘
1630,13:27:03,7.47,--,24,17928,买盘
1631,13:27:00,7.47,--,16,11952,买盘
1632,13:26:57,7.47,0.01,13,9711,买盘
1633,13:26:54,7.46,-0.01,4,2984,卖盘
1634,13:26:51,7.47,0.01,19,14193,买盘
1635,13:26:48,7.46,-0.01,31,23126,卖盘
1636,13:26:45,7.47,0.01,6,4482,买盘
1637,13:26:39,7.46,-0.01,13,9698,卖盘
1638,13:26:36,7.47,--,2,1494,买盘
1639,13:26:33,7.47,--,10,7470,买盘
1640,13:26:30,7.47,--,1,747,买盘
1641,13:26:27,7.47,0.01,99,73953,买盘
1642,13:26:24,7.46,-0.01,61,45506,卖盘
1643,13:26:21,7.47,0.01,8,5976,买盘
1644,13:26:18,7.46,--,51,38046,卖盘
1645,13:26:15,7.46,-0.01,21,15666,卖盘
1646,13:26:12,7.47,0.01,71,53037,买盘
1647,13:26:09,7.46,-0.01,91,67886,卖盘
1648,13:26:06,7.47,0.01,6,4482,买盘
1649,13:26:03,7.46,-0.01,132,98472,卖盘
1650,13:26:00,7.47,0.01,47,35109,买盘
1651,13:25:57,7.46,-0.01,7,5222,卖盘
1652,13:25:51,7.47,0.01,33,24651,买盘
1653,13:25:48,7.46,-0.01,19,14174,卖盘
1654,13:25:45,7.47,0.01,85,63495,买盘
1655,13:25:42,7.46,-0.01,21,15666,卖盘
1656,13:25:39,7.47,0.01,14,10458,买盘
1657,13:25:36,7.46,-0.01,89,66394,卖盘
1658,13:25:33,7.47,--,4,2988,买盘
1659,13:25:30,7.47,--,3,2241,买盘
1660,13:25:27,7.47,--,6,4482,买盘
1661,13:25:24,7.47,--,113,84411,买盘
1662,13:25:21,7.47,--,18,13446,买盘
1663,13:25:18,7.47,0.01,10,7470,买盘
1664,13:25:15,7.46,--,205,152930,卖盘
1665,13:25:12,7.46,-0.01,1,746,卖盘
1666,13:25:09,7.47,--,8,5976,买盘
1667,13:25:06,7.47,--,212,158364,买盘
1668,13:25:03,7.47,--,22,16434,买盘
1669,13:25:00,7.47,--,22,16434,买盘
1670,13:24:54,7.47,--,13,9711,买盘
1671,13:24:48,7.47,0.01,14,10458,买盘
1672,13:24:45,7.46,--,23,17158,买盘
1673,13:24:42,7.46,--,13,9698,买盘
1674,13:24:39,7.46,--,30,22380,买盘
1675,13:24:33,7.46,--,35,26110,买盘
1676,13:24:30,7.46,-0.01,380,283480,卖盘
1677,13:24:27,7.47,--,30,22410,买盘
1678,13:24:21,7.47,--,9,6723,买盘
1679,13:24:18,7.47,--,1,747,买盘
1680,13:24:15,7.47,0.01,9,6723,买盘
1681,13:24:12,7.46,--,24,17904,卖盘
1682,13:24:09,7.46,-0.01,199,148454,卖盘
1683,13:24:03,7.47,--,28,20916,买盘
1684,13:24:00,7.47,0.01,122,91134,买盘
1685,13:23:57,7.46,-0.01,12,8952,卖盘
1686,13:23:48,7.47,--,126,94122,买盘
1687,13:23:45,7.47,--,418,312246,买盘
1688,13:23:42,7.47,--,12,8964,买盘
1689,13:23:39,7.47,--,3,2241,买盘
1690,13:23:36,7.47,--,20,14940,买盘
1691,13:23:33,7.47,0.01,24,17928,买盘
1692,13:23:30,7.46,--,36,26856,卖盘
1693,13:23:27,7.46,--,121,90266,卖盘
1694,13:23:18,7.46,--,32,23872,买盘
1695,13:23:15,7.46,--,6,4476,买盘
1696,13:23:12,7.46,--,12,8952,买盘
1697,13:23:06,7.46,--,4,2984,买盘
1698,13:23:03,7.46,--,31,23126,买盘
1699,13:23:00,7.46,--,25,18650,买盘
1700,13:22:57,7.46,-0.01,74,55204,卖盘
1701,13:22:54,7.47,--,9,6723,买盘
1702,13:22:51,7.47,--,14,10458,买盘
1703,13:22:48,7.47,--,659,492273,买盘
1704,13:22:45,7.47,0.01,27,20169,买盘
1705,13:22:42,7.46,--,1215,906390,卖盘
1706,13:22:39,7.46,-0.01,71,52966,卖盘
1707,13:22:36,7.47,0.01,5,3735,买盘
1708,13:22:33,7.46,-0.01,74,55204,卖盘
1709,13:22:30,7.47,0.01,21,15687,买盘
1710,13:22:27,7.46,--,60,44760,卖盘
1711,13:22:21,7.46,-0.01,3,2238,卖盘
1712,13:22:18,7.47,--,29,21663,买盘
1713,13:22:15,7.47,--,8,5976,买盘
1714,13:22:09,7.47,--,24,17928,买盘
1715,13:22:06,7.47,--,27,20169,买盘
1716,13:22:03,7.47,--,8,5976,买盘
1717,13:22:00,7.47,0.01,26,19422,买盘
1718,13:21:57,7.46,-0.01,541,403586,卖盘
1719,13:21:54,7.47,--,10,7470,买盘
1720,13:21:51,7.47,--,22,16434,买盘
1721,13:21:48,7.47,--,6,4482,买盘
1722,13:21:45,7.47,0.01,30,22410,买盘
1723,13:21:42,7.46,--,982,732572,买盘
1724,13:21:39,7.46,--,100,74600,买盘
1725,13:21:36,7.46,--,33,24618,买盘
1726,13:21:33,7.46,--,52,38792,买盘
1727,13:21:30,7.46,--,2,1492,买盘
1728,13:21:27,7.46,--,6,4476,买盘
1729,13:21:24,7.46,0.01,148,110408,买盘
1730,13:21:21,7.45,-0.01,188,140060,卖盘
1731,13:21:18,7.46,--,240,179040,买盘
1732,13:21:15,7.46,--,69,51474,买盘
1733,13:21:12,7.46,--,26,19396,买盘
1734,13:21:09,7.46,--,108,80568,买盘
1735,13:21:06,7.46,0.01,325,242450,买盘
1736,13:21:03,7.45,-0.01,14,10430,卖盘
1737,13:21:00,7.46,--,10,7460,买盘
1738,13:20:57,7.46,--,405,302130,买盘
1739,13:20:54,7.46,--,28,20888,买盘
1740,13:20:51,7.46,0.01,337,251402,买盘
1741,13:20:48,7.45,-0.01,30,22350,卖盘
1742,13:20:45,7.46,--,5,3730,买盘
1743,13:20:42,7.46,--,3,2238,买盘
1744,13:20:39,7.46,0.01,6,4476,买盘
1745,13:20:36,7.45,-0.01,3,2235,卖盘
1746,13:20:33,7.46,--,16,11936,买盘
1747,13:20:30,7.46,--,356,265576,买盘
1748,13:20:27,7.46,--,50,37300,买盘
1749,13:20:24,7.46,--,115,85790,买盘
1750,13:20:21,7.46,--,30,22380,买盘
1751,13:20:18,7.46,0.01,1235,921310,买盘
1752,13:20:15,7.45,-0.01,67,49915,卖盘
1753,13:20:12,7.46,--,23,17158,买盘
1754,13:20:09,7.46,0.01,37,27602,买盘
1755,13:20:06,7.45,-0.01,10,7450,卖盘
1756,13:20:03,7.46,--,5,3730,买盘
1757,13:20:00,7.46,0.01,27,20142,买盘
1758,13:19:57,7.45,-0.01,225,167625,卖盘
1759,13:19:54,7.46,--,27,20142,买盘
1760,13:19:51,7.46,--,28,20888,买盘
1761,13:19:48,7.46,--,214,159644,买盘
1762,13:19:45,7.46,0.01,8,5968,买盘
1763,13:19:42,7.45,--,3,2235,卖盘
1764,13:19:39,7.45,--,53,39485,卖盘
1765,13:19:33,7.45,-0.01,41,30545,卖盘
1766,13:19:30,7.46,--,57,42522,买盘
1767,13:19:27,7.46,--,50,37300,买盘
1768,13:19:24,7.46,--,19,14174,买盘
1769,13:19:21,7.46,--,54,40284,买盘
1770,13:19:18,7.46,--,12,8952,买盘
1771,13:19:15,7.46,0.01,4,2984,买盘
1772,13:19:12,7.45,-0.01,109,81205,卖盘
1773,13:19:09,7.46,--,21,15666,买盘
1774,13:19:06,7.46,--,12,8952,买盘
1775,13:19:03,7.46,--,10,7460,买盘
1776,13:19:00,7.46,--,18,13428,买盘
1777,13:18:57,7.46,--,181,135026,买盘
1778,13:18:54,7.46,--,220,164120,买盘
1779,13:18:51,7.46,0.01,20,14920,买盘
1780,13:18:48,7.45,-0.01,9,6705,卖盘
1781,13:18:45,7.46,--,5,3730,买盘
1782,13:18:42,7.46,--,14,10444,买盘
1783,13:18:39,7.46,--,16,11936,买盘
1784,13:18:36,7.46,--,37,27602,买盘
1785,13:18:33,7.46,--,312,232752,买盘
1786,13:18:30,7.46,0.01,42,31332,买盘
1787,13:18:27,7.45,-0.01,18,13410,卖盘
1788,13:18:24,7.46,--,6,4476,买盘
1789,13:18:21,7.46,--,33,24618,买盘
1790,13:18:18,7.46,--,11,8206,买盘
1791,13:18:15,7.46,--,12,8952,买盘
1792,13:18:12,7.46,--,140,104440,买盘
1793,13:18:09,7.46,0.01,38,28348,买盘
1794,13:18:06,7.45,--,1028,765860,卖盘
1795,13:18:03,7.45,-0.01,3,2235,卖盘
1796,13:18:00,7.46,0.01,28,20888,买盘
1797,13:17:57,7.45,-0.01,4,2980,卖盘
1798,13:17:54,7.46,--,12,8952,买盘
1799,13:17:51,7.46,0.01,33,24618,买盘
1800,13:17:48,7.45,0.01,1525,1136497,买盘
1801,13:17:45,7.44,--,65,48360,买盘
1802,13:17:42,7.44,0.01,45,33480,买盘
1803,13:17:39,7.43,-0.01,100,74300,卖盘
1804,13:17:36,7.44,--,249,185256,买盘
1805,13:17:33,7.44,--,47,34968,买盘
1806,13:17:30,7.44,--,178,132432,买盘
1807,13:17:27,7.44,--,21,15624,买盘
1808,13:17:24,7.44,--,2,1488,买盘
1809,13:17:21,7.44,--,124,92256,买盘
1810,13:17:18,7.44,0.01,5,3720,买盘
1811,13:17:15,7.43,-0.01,60,44580,卖盘
1812,13:17:12,7.44,--,36,26784,买盘
1813,13:17:09,7.44,0.01,10,7440,买盘
1814,13:17:06,7.43,-0.01,18,13374,卖盘
1815,13:17:03,7.44,--,53,39432,买盘
1816,13:17:00,7.44,--,103,76632,买盘
1817,13:16:57,7.44,--,52,38688,买盘
1818,13:16:54,7.44,0.01,21,15624,买盘
1819,13:16:51,7.43,-0.01,180,133740,卖盘
1820,13:16:48,7.44,0.01,20,14880,买盘
1821,13:16:45,7.43,--,23,17089,卖盘
1822,13:16:42,7.43,-0.01,381,283083,卖盘
1823,13:16:39,7.44,--,69,51336,买盘
1824,13:16:36,7.44,0.01,39,29016,买盘
1825,13:16:33,7.43,-0.01,303,225129,卖盘
1826,13:16:30,7.44,--,3,2232,买盘
1827,13:16:27,7.44,--,118,87792,买盘
1828,13:16:24,7.44,--,26,19344,买盘
1829,13:16:21,7.44,--,39,29016,买盘
1830,13:16:18,7.44,--,552,410688,买盘
1831,13:16:15,7.44,--,32,23808,买盘
1832,13:16:12,7.44,--,178,132432,买盘
1833,13:16:09,7.44,--,17,12648,买盘
1834,13:16:06,7.44,--,292,217248,买盘
1835,13:16:03,7.44,--,51,37944,买盘
1836,13:16:00,7.44,0.01,10,7440,买盘
1837,13:15:54,7.43,-0.01,10,7430,卖盘
1838,13:15:51,7.44,--,115,85560,买盘
1839,13:15:48,7.44,--,90,66960,买盘
1840,13:15:42,7.44,--,27,20088,买盘
1841,13:15:39,7.44,--,14,10416,买盘
1842,13:15:36,7.44,--,2,1488,买盘
1843,13:15:33,7.44,0.01,50,37200,买盘
1844,13:15:30,7.43,-0.01,137,101791,卖盘
1845,13:15:27,7.44,--,70,52080,买盘
1846,13:15:24,7.44,--,60,44640,买盘
1847,13:15:21,7.44,--,7,5208,买盘
1848,13:15:18,7.44,0.01,10,7440,买盘
1849,13:15:15,7.43,-0.01,29,21547,卖盘
1850,13:15:12,7.44,0.01,43,31992,买盘
1851,13:15:09,7.43,-0.01,10,7430,卖盘
1852,13:15:06,7.44,0.01,87,64728,买盘
1853,13:15:03,7.43,--,5,3715,卖盘
1854,13:15:00,7.43,--,6,4458,卖盘
1855,13:14:57,7.43,--,102,76432,买盘
1856,13:14:54,7.43,--,100,74300,买盘
1857,13:14:51,7.43,--,7,5201,买盘
1858,13:14:48,7.43,--,338,251134,买盘
1859,13:14:45,7.43,--,1562,1160662,卖盘
1860,13:14:42,7.43,--,675,501525,卖盘
1861,13:14:36,7.43,-0.01,150,111450,卖盘
1862,13:14:33,7.44,--,58,43152,买盘
1863,13:14:30,7.44,--,7,5208,买盘
1864,13:14:27,7.44,0.01,176,130944,买盘
1865,13:14:24,7.43,-0.01,119,88417,卖盘
1866,13:14:21,7.44,--,2,1488,买盘
1867,13:14:18,7.44,--,21,15624,买盘
1868,13:14:15,7.44,-0.01,141,104904,卖盘
1869,13:14:12,7.45,0.01,6,4470,买盘
1870,13:14:09,7.44,-0.01,4,2976,卖盘
1871,13:14:06,7.45,--,55,40975,买盘
1872,13:14:00,7.45,--,9,6705,买盘
1873,13:13:57,7.45,--,4,2980,买盘
1874,13:13:51,7.45,0.02,96,71520,买盘
1875,13:13:48,7.43,-0.02,4342,3226106,卖盘
1876,13:13:45,7.45,--,17,12665,买盘
1877,13:13:42,7.45,--,5,3725,买盘
1878,13:13:39,7.45,--,203,151235,买盘
1879,13:13:36,7.45,--,3,2235,买盘
1880,13:13:33,7.45,--,10,7450,买盘
1881,13:13:27,7.45,--,3,2235,买盘
1882,13:13:24,7.45,--,39,29055,买盘
1883,13:13:21,7.45,--,14,10430,买盘
1884,13:13:18,7.45,--,4,2980,买盘
1885,13:13:15,7.45,--,7,5215,买盘
1886,13:13:12,7.45,--,202,150490,买盘
1887,13:13:09,7.45,--,11,8195,买盘
1888,13:13:00,7.45,--,12,8940,买盘
1889,13:12:57,7.45,0.01,98,73010,买盘
1890,13:12:54,7.44,--,612,455328,卖盘
1891,13:12:51,7.44,--,33,24552,卖盘
1892,13:12:48,7.44,-0.01,66,49104,卖盘
1893,13:12:45,7.45,0.01,1,745,买盘
1894,13:12:42,7.44,-0.01,10,7440,卖盘
1895,13:12:39,7.45,--,26,19370,买盘
1896,13:12:36,7.45,0.01,10,7450,买盘
1897,13:12:33,7.44,-0.01,1,744,卖盘
1898,13:12:30,7.45,--,17,12665,买盘
1899,13:12:24,7.45,0.01,7,5215,买盘
1900,13:12:21,7.44,-0.01,30,22320,卖盘
1901,13:12:18,7.45,--,1,745,买盘
1902,13:12:15,7.45,--,181,134845,买盘
1903,13:12:12,7.45,--,47,35015,买盘
1904,13:12:09,7.45,--,150,111750,买盘
1905,13:12:06,7.45,--,9,6705,买盘
1906,13:12:03,7.45,--,5,3725,买盘
1907,13:12:00,7.45,--,87,64815,买盘
1908,13:11:57,7.45,--,9,6705,买盘
1909,13:11:54,7.45,0.01,183,136335,买盘
1910,13:11:51,7.44,--,3,2232,卖盘
1911,13:11:48,7.44,--,14,10416,卖盘
1912,13:11:45,7.44,--,12,8928,卖盘
1913,13:11:42,7.44,-0.01,310,230640,卖盘
1914,13:11:39,7.45,--,330,245850,买盘
1915,13:11:36,7.45,--,290,216050,买盘
1916,13:11:33,7.45,--,48,35760,买盘
1917,13:11:30,7.45,--,106,78970,买盘
1918,13:11:24,7.45,--,14,10430,买盘
1919,13:11:18,7.45,--,1,745,买盘
1920,13:11:15,7.45,--,12,8940,买盘
1921,13:11:12,7.45,0.01,3,2235,买盘
1922,13:11:09,7.44,-0.01,115,85560,卖盘
1923,13:11:06,7.45,0.01,543,404535,买盘
1924,13:11:03,7.44,-0.01,11,8184,卖盘
1925,13:11:00,7.45,--,8,5960,买盘
1926,13:10:57,7.45,0.01,15,11175,买盘
1927,13:10:54,7.44,-0.01,4,2976,卖盘
1928,13:10:51,7.45,--,6,4470,买盘
1929,13:10:48,7.45,0.01,1,745,买盘
1930,13:10:45,7.44,-0.01,188,139872,卖盘
1931,13:10:42,7.45,0.01,10,7450,买盘
1932,13:10:39,7.44,-0.01,451,335544,卖盘
1933,13:10:36,7.45,0.01,184,137080,买盘
1934,13:10:33,7.44,--,0,647,卖盘
1935,13:10:30,7.44,--,10,7440,卖盘
1936,13:10:27,7.44,--,10,7440,卖盘
1937,13:10:24,7.44,-0.01,5,3720,卖盘
1938,13:10:21,7.45,0.01,26,19370,买盘
1939,13:10:18,7.44,-0.01,20,14880,卖盘
1940,13:10:15,7.45,--,23,17135,买盘
1941,13:10:12,7.45,--,10,7450,买盘
1942,13:10:09,7.45,0.01,117,87165,买盘
1943,13:10:06,7.44,0.01,80,59520,买盘
1944,13:10:03,7.43,-0.01,48,35664,卖盘
1945,13:10:00,7.44,-0.01,136,101184,卖盘
1946,13:09:57,7.45,0.01,207,154215,买盘
1947,13:09:54,7.44,--,247,183768,买盘
1948,13:09:51,7.44,0.01,519,386136,买盘
1949,13:09:48,7.43,-0.01,17,12631,卖盘
1950,13:09:45,7.44,--,551,409944,买盘
1951,13:09:42,7.44,--,1,744,买盘
1952,13:09:39,7.44,--,12,8928,买盘
1953,13:09:36,7.44,--,452,336288,买盘
1954,13:09:33,7.44,--,83,61752,买盘
1955,13:09:30,7.44,--,48,35712,买盘
1956,13:09:27,7.44,0.01,14,10416,买盘
1957,13:09:24,7.43,-0.01,173,128539,卖盘
1958,13:09:21,7.44,0.01,54,40176,买盘
1959,13:09:18,7.43,-0.01,252,187236,卖盘
1960,13:09:15,7.44,--,12,8928,买盘
1961,13:09:12,7.44,--,387,287928,买盘
1962,13:09:09,7.44,0.01,2,1488,买盘
1963,13:09:06,7.43,-0.01,149,110707,卖盘
1964,13:09:03,7.44,--,484,360096,买盘
1965,13:09:00,7.44,--,31,23064,买盘
1966,13:08:57,7.44,--,996,741024,买盘
1967,13:08:48,7.44,--,3,2232,买盘
1968,13:08:45,7.44,0.01,88,65472,买盘
1969,13:08:42,7.43,-0.01,175,130025,卖盘
1970,13:08:39,7.44,0.01,452,336288,买盘
1971,13:08:36,7.43,--,4,2972,卖盘
1972,13:08:33,7.43,--,13,9659,卖盘
1973,13:08:30,7.43,-0.01,21,15603,卖盘
1974,13:08:27,7.44,--,9,6696,买盘
1975,13:08:24,7.44,--,3,2232,买盘
1976,13:08:15,7.44,0.01,2,1488,买盘
1977,13:08:12,7.43,-0.01,42,31206,卖盘
1978,13:08:06,7.44,--,10,7440,买盘
1979,13:08:03,7.44,0.01,120,89280,买盘
1980,13:08:00,7.43,-0.01,105,78015,卖盘
1981,13:07:57,7.44,0.01,28,20832,买盘
1982,13:07:54,7.43,-0.01,10,7430,卖盘
1983,13:07:48,7.44,0.01,1,744,买盘
1984,13:07:42,7.43,--,30,22290,卖盘
1985,13:07:39,7.43,--,17,12631,卖盘
1986,13:07:36,7.43,--,6,4458,卖盘
1987,13:07:33,7.43,-0.01,24,17832,卖盘
1988,13:07:30,7.44,--,6,4464,买盘
1989,13:07:27,7.44,0.01,73,54312,买盘
1990,13:07:24,7.43,-0.01,5,3715,卖盘
1991,13:07:21,7.44,--,57,42408,买盘
1992,13:07:18,7.44,--,85,63240,买盘
1993,13:07:15,7.44,--,2,1488,买盘
1994,13:07:12,7.44,0.01,63,46872,买盘
1995,13:07:09,7.43,--,25,18575,买盘
1996,13:07:06,7.43,--,10,7430,买盘
1997,13:07:03,7.43,-0.01,10,7430,中性盘
1998,13:07:00,7.44,0.01,145,107880,买盘
1999,13:06:54,7.43,-0.01,13,9659,中性盘
2000,13:06:51,7.44,0.01,137,101928,买盘
2001,13:06:48,7.43,-0.01,99,73557,卖盘
2002,13:06:45,7.44,--,4,2976,买盘
2003,13:06:42,7.44,0.01,167,124248,买盘
2004,13:06:39,7.43,--,809,601800,卖盘
2005,13:06:36,7.43,-0.01,5,3715,卖盘
2006,13:06:33,7.44,0.01,7,5208,买盘
2007,13:06:30,7.43,--,4,3001,卖盘
2008,13:06:27,7.43,-0.01,4,2972,卖盘
2009,13:06:18,7.44,0.01,26,19344,买盘
2010,13:06:15,7.43,--,1,743,卖盘
2011,13:06:12,7.43,-0.01,8,5944,卖盘
2012,13:06:09,7.44,--,23,17112,买盘
2013,13:06:06,7.44,0.01,58,43152,买盘
2014,13:06:03,7.43,-0.01,1,743,卖盘
2015,13:05:57,7.44,--,2,1488,买盘
2016,13:05:54,7.44,--,10,7440,买盘
2017,13:05:51,7.44,--,11,8184,买盘
2018,13:05:48,7.44,--,71,52824,买盘
2019,13:05:45,7.44,0.01,13,9672,买盘
2020,13:05:42,7.43,-0.01,8,5944,卖盘
2021,13:05:39,7.44,--,96,71424,买盘
2022,13:05:36,7.44,--,31,23064,买盘
2023,13:05:33,7.44,--,1,744,买盘
2024,13:05:30,7.44,0.01,31,23064,买盘
2025,13:05:27,7.43,--,167,124081,卖盘
2026,13:05:24,7.43,--,5,3715,卖盘
2027,13:05:21,7.43,-0.01,3,2229,卖盘
2028,13:05:15,7.44,--,8,5952,买盘
2029,13:05:12,7.44,--,1,744,买盘
2030,13:05:09,7.44,--,5,3720,买盘
2031,13:05:06,7.44,0.01,175,130200,买盘
2032,13:05:03,7.43,--,8,5944,卖盘
2033,13:05:00,7.43,--,21,15603,卖盘
2034,13:04:54,7.43,--,6,4458,卖盘
2035,13:04:51,7.43,--,65,48295,卖盘
2036,13:04:48,7.43,--,20,14860,卖盘
2037,13:04:45,7.43,-0.01,3,2229,卖盘
2038,13:04:42,7.44,0.01,2,1488,买盘
2039,13:04:39,7.43,0.01,104,77272,买盘
2040,13:04:36,7.42,-0.01,15,11130,卖盘
2041,13:04:33,7.43,--,17,12631,买盘
2042,13:04:30,7.43,0.01,31,23033,买盘
2043,13:04:27,7.42,-0.01,5,3710,卖盘
2044,13:04:24,7.43,-0.01,6,4458,中性盘
2045,13:04:21,7.44,--,93,69192,买盘
2046,13:04:18,7.44,--,16,11904,买盘
2047,13:04:15,7.44,0.01,126,93744,买盘
2048,13:04:09,7.43,-0.01,12,8916,卖盘
2049,13:04:06,7.44,--,3,2232,买盘
2050,13:04:03,7.44,0.02,1,744,买盘
2051,13:04:00,7.42,-0.01,13,9646,卖盘
2052,13:03:57,7.43,--,23,17089,买盘
2053,13:03:54,7.43,-0.01,12,8916,买盘
2054,13:03:51,7.44,0.01,381,283464,买盘
2055,13:03:48,7.43,--,18,13374,买盘
2056,13:03:45,7.43,--,16,11888,买盘
2057,13:03:42,7.43,--,2,1486,买盘
2058,13:03:39,7.43,--,98,72814,买盘
2059,13:03:36,7.43,--,124,92132,买盘
2060,13:03:33,7.43,--,88,65384,卖盘
2061,13:03:30,7.43,-0.01,181,134483,卖盘
2062,13:03:27,7.44,--,32,23808,买盘
2063,13:03:24,7.44,--,19,14136,买盘
2064,13:03:21,7.44,--,2,1488,买盘
2065,13:03:18,7.44,--,3,2232,买盘
2066,13:03:15,7.44,0.01,3,2232,买盘
2067,13:03:12,7.43,-0.01,38,28234,卖盘
2068,13:03:09,7.44,--,2,1488,买盘
2069,13:03:06,7.44,--,51,37944,买盘
2070,13:03:03,7.44,--,3,2232,买盘
2071,13:03:00,7.44,--,2,1488,买盘
2072,13:02:57,7.44,--,10,7440,买盘
2073,13:02:54,7.44,0.01,348,258912,买盘
2074,13:02:51,7.43,--,119,88417,买盘
2075,13:02:48,7.43,-0.01,123,91389,卖盘
2076,13:02:45,7.44,--,10,7440,买盘
2077,13:02:42,7.44,--,2,1488,买盘
2078,13:02:39,7.44,--,2,1488,买盘
2079,13:02:36,7.44,--,2,1488,买盘
2080,13:02:33,7.44,--,56,41664,买盘
2081,13:02:30,7.44,0.01,11,8184,买盘
2082,13:02:27,7.43,-0.01,169,125567,卖盘
2083,13:02:24,7.44,--,4,2976,买盘
2084,13:02:21,7.44,0.01,1,744,买盘
2085,13:02:18,7.43,-0.01,19,14117,卖盘
2086,13:02:15,7.44,0.01,2,1488,买盘
2087,13:02:12,7.43,--,23,17089,卖盘
2088,13:02:09,7.43,-0.01,19,14117,卖盘
2089,13:02:06,7.44,--,1,744,买盘
2090,13:02:03,7.44,--,205,152520,买盘
2091,13:02:00,7.44,--,10,7440,买盘
2092,13:01:57,7.44,--,4,2976,买盘
2093,13:01:54,7.44,--,4,2976,买盘
2094,13:01:51,7.44,--,21,15624,买盘
2095,13:01:48,7.44,--,11,8184,买盘
2096,13:01:45,7.44,--,122,90768,买盘
2097,13:01:42,7.44,--,4,2976,买盘
2098,13:01:39,7.44,--,3,2232,买盘
2099,13:01:36,7.44,0.01,11,8184,买盘
2100,13:01:33,7.43,-0.01,154,114422,卖盘
2101,13:01:30,7.44,--,3,2232,买盘
2102,13:01:27,7.44,0.01,6,4464,买盘
2103,13:01:24,7.43,-0.01,112,83216,卖盘
2104,13:01:21,7.44,0.01,4,2976,买盘
2105,13:01:18,7.43,-0.01,166,123338,卖盘
2106,13:01:15,7.44,--,6,4464,买盘
2107,13:01:09,7.44,0.01,17,12648,买盘
2108,13:01:06,7.43,--,38,28234,卖盘
2109,13:01:03,7.43,-0.01,131,97333,卖盘
2110,13:01:00,7.44,0.01,6,4464,买盘
2111,13:00:57,7.43,-0.01,6,4458,卖盘
2112,13:00:54,7.44,--,4,2976,买盘
2113,13:00:51,7.44,--,1,744,买盘
2114,13:00:48,7.44,0.01,312,232128,买盘
2115,13:00:45,7.43,-0.01,4,2972,卖盘
2116,13:00:42,7.44,--,3,2232,买盘
2117,13:00:39,7.44,--,1,744,买盘
2118,13:00:36,7.44,--,10,7440,买盘
2119,13:00:33,7.44,--,2,1488,买盘
2120,13:00:30,7.44,0.01,6,4464,买盘
2121,13:00:27,7.43,--,3,2229,卖盘
2122,13:00:24,7.43,-0.01,5,3715,卖盘
2123,13:00:21,7.44,--,1,744,买盘
2124,13:00:18,7.44,--,2,1488,买盘
2125,13:00:15,7.44,0.01,2,1488,买盘
2126,13:00:12,7.43,--,12,8916,卖盘
2127,13:00:09,7.43,--,14,10402,卖盘
2128,13:00:06,7.43,--,514,381902,卖盘
2129,13:00:03,7.43,--,1137,844791,买盘
2130,13:00:00,7.43,--,32,23776,买盘
2131,11:30:00,7.43,--,8,5944,买盘
2132,11:29:57,7.43,--,127,94361,买盘
2133,11:29:51,7.43,--,10,7430,买盘
2134,11:29:48,7.43,--,1,743,买盘
2135,11:29:45,7.43,--,38,28234,买盘
2136,11:29:42,7.43,--,9,6687,买盘
2137,11:29:39,7.43,--,14,10402,买盘
2138,11:29:36,7.43,0.01,3,2229,买盘
2139,11:29:33,7.42,-0.01,8,5936,卖盘
2140,11:29:30,7.43,--,24,17832,买盘
2141,11:29:27,7.43,-0.01,847,629321,卖盘
2142,11:29:24,7.44,--,3,2232,买盘
2143,11:29:21,7.44,--,1,744,买盘
2144,11:29:18,7.44,--,10,7440,买盘
2145,11:29:15,7.44,--,1,744,买盘
2146,11:29:12,7.44,--,23,17112,买盘
2147,11:29:09,7.44,--,7,5208,买盘
2148,11:29:06,7.44,--,67,49848,买盘
2149,11:29:03,7.44,0.01,1,744,买盘
2150,11:29:00,7.43,-0.01,5,3715,卖盘
2151,11:28:57,7.44,--,97,72168,买盘
2152,11:28:54,7.44,0.01,715,531960,买盘
2153,11:28:51,7.43,-0.01,19,14117,卖盘
2154,11:28:48,7.44,--,44,32736,买盘
2155,11:28:45,7.44,0.01,29,21576,买盘
2156,11:28:42,7.43,-0.01,31,23033,卖盘
2157,11:28:39,7.44,--,2,1488,买盘
2158,11:28:36,7.44,--,8,5952,买盘
2159,11:28:33,7.44,--,52,38688,买盘
2160,11:28:30,7.44,--,1,744,买盘
2161,11:28:27,7.44,--,32,23808,买盘
2162,11:28:24,7.44,--,2,1488,买盘
2163,11:28:21,7.44,--,200,148800,买盘
2164,11:28:18,7.44,--,2,1488,买盘
2165,11:28:15,7.44,--,2,1488,买盘
2166,11:28:12,7.44,--,36,26784,买盘
2167,11:28:09,7.44,--,2,1488,买盘
2168,11:28:06,7.44,--,56,41664,买盘
2169,11:28:03,7.44,--,12,8928,买盘
2170,11:28:00,7.44,--,1,744,买盘
2171,11:27:57,7.44,--,1,744,买盘
2172,11:27:54,7.44,--,7,5208,买盘
2173,11:27:51,7.44,0.01,52,38688,买盘
2174,11:27:48,7.43,-0.01,6,4458,卖盘
2175,11:27:42,7.44,0.01,6,4464,买盘
2176,11:27:39,7.43,--,442,328406,买盘
2177,11:27:36,7.43,0.01,17,12631,买盘
2178,11:27:33,7.42,-0.01,11,8162,卖盘
2179,11:27:30,7.43,--,96,71328,买盘
2180,11:27:27,7.43,--,53,39379,买盘
2181,11:27:24,7.43,--,5,3715,买盘
2182,11:27:21,7.43,-0.01,414,307602,卖盘
2183,11:27:12,7.44,0.01,1,744,买盘
2184,11:27:06,7.43,--,3,2229,卖盘
2185,11:27:03,7.43,-0.01,19,14117,卖盘
2186,11:26:54,7.44,0.01,5,3720,买盘
2187,11:26:51,7.43,--,507,376701,卖盘
2188,11:26:48,7.43,--,22,16346,卖盘
2189,11:26:45,7.43,-0.01,34,25262,卖盘
2190,11:26:42,7.44,0.01,43,31992,买盘
2191,11:26:36,7.43,--,38,28234,卖盘
2192,11:26:33,7.43,--,11,8173,卖盘
2193,11:26:30,7.43,0.01,79,58697,买盘
2194,11:26:27,7.42,-0.01,4,2968,卖盘
2195,11:26:24,7.43,0.01,55,40865,买盘
2196,11:26:21,7.42,--,13,9646,卖盘
2197,11:26:18,7.42,--,119,88298,卖盘
2198,11:26:15,7.42,-0.01,91,67522,卖盘
2199,11:26:09,7.43,--,6,4458,买盘
2200,11:26:06,7.43,--,540,401220,买盘
2201,11:25:57,7.43,--,10,7430,买盘
2202,11:25:51,7.43,--,8,5944,买盘
2203,11:25:48,7.43,--,44,32692,买盘
2204,11:25:45,7.43,--,87,64871,买盘
2205,11:25:42,7.43,--,82,60926,卖盘
2206,11:25:36,7.43,--,28,20804,卖盘
2207,11:25:27,7.43,--,144,106992,卖盘
2208,11:25:24,7.43,--,23,17089,卖盘
2209,11:25:21,7.43,--,8,5944,卖盘
2210,11:25:15,7.43,--,20,14860,卖盘
2211,11:25:09,7.43,--,2,1486,卖盘
2212,11:25:06,7.43,--,52,38636,卖盘
2213,11:25:03,7.43,--,1579,1173197,买盘
2214,11:25:00,7.43,--,10,7430,买盘
2215,11:24:54,7.43,0.01,2,1486,买盘
2216,11:24:51,7.42,-0.01,15,11130,卖盘
2217,11:24:48,7.43,--,20,14860,买盘
2218,11:24:45,7.43,--,210,156030,买盘
2219,11:24:42,7.43,--,1,743,买盘
2220,11:24:39,7.43,0.01,13,9659,买盘
2221,11:24:33,7.42,--,25,18550,卖盘
2222,11:24:30,7.42,-0.01,20,14840,卖盘
2223,11:24:27,7.43,0.01,20,14860,买盘
2224,11:24:24,7.42,-0.01,4,2968,卖盘
2225,11:24:21,7.43,--,5,3715,买盘
2226,11:24:18,7.43,0.01,40,29720,买盘
2227,11:24:15,7.42,--,88,65296,卖盘
2228,11:24:09,7.42,--,8,5936,卖盘
2229,11:24:06,7.42,-0.01,65,48230,卖盘
2230,11:24:03,7.43,0.01,14,10402,买盘
2231,11:24:00,7.42,--,9,6678,卖盘
2232,11:23:54,7.42,--,1,742,卖盘
2233,11:23:51,7.42,-0.01,38,28196,卖盘
2234,11:23:48,7.43,0.01,217,161231,买盘
2235,11:23:42,7.42,-0.01,9,6678,卖盘
2236,11:23:39,7.43,--,53,39379,买盘
2237,11:23:36,7.43,0.01,1347,1000821,买盘
2238,11:23:33,7.42,-0.01,98,72716,卖盘
2239,11:23:30,7.43,0.01,89,66127,买盘
2240,11:23:27,7.42,--,28,20776,卖盘
2241,11:23:24,7.42,--,5,3710,卖盘
2242,11:23:21,7.42,--,9,6678,卖盘
2243,11:23:18,7.42,--,113,83846,卖盘
2244,11:23:15,7.42,--,46,34132,卖盘
2245,11:23:12,7.42,--,12,8904,卖盘
2246,11:23:09,7.42,--,4,2968,卖盘
2247,11:23:06,7.42,--,11,8162,卖盘
2248,11:23:00,7.42,-0.01,9,6678,卖盘
2249,11:22:57,7.43,--,13,9659,买盘
2250,11:22:54,7.43,0.01,10,7430,买盘
2251,11:22:51,7.42,-0.01,9,6678,卖盘
2252,11:22:45,7.43,0.01,6,4458,买盘
2253,11:22:42,7.42,-0.01,9,6678,卖盘
2254,11:22:39,7.43,--,5,3715,买盘
2255,11:22:36,7.43,0.01,108,80244,买盘
2256,11:22:33,7.42,--,2,1484,卖盘
2257,11:22:30,7.42,--,12,8904,卖盘
2258,11:22:27,7.42,--,121,89782,卖盘
2259,11:22:21,7.42,-0.01,9,6678,卖盘
2260,11:22:18,7.43,0.01,28,20804,买盘
2261,11:22:15,7.42,-0.01,17,12614,卖盘
2262,11:22:12,7.43,0.01,99,73557,买盘
2263,11:22:09,7.42,--,106,78652,卖盘
2264,11:22:06,7.42,-0.01,529,392518,卖盘
2265,11:22:03,7.43,0.01,19,14117,买盘
2266,11:22:00,7.42,-0.01,9,6678,卖盘
2267,11:21:57,7.43,--,3,2229,买盘
2268,11:21:51,7.43,--,29,21547,买盘
2269,11:21:48,7.43,0.01,13,9659,买盘
2270,11:21:42,7.42,-0.01,27,20034,卖盘
2271,11:21:39,7.43,0.01,957,711392,买盘
2272,11:21:36,7.42,--,53,39326,买盘
2273,11:21:33,7.42,0.01,419,310898,买盘
2274,11:21:30,7.41,--,55,40755,卖盘
2275,11:21:27,7.41,--,237,175617,卖盘
2276,11:21:24,7.41,--,6,4446,卖盘
2277,11:21:21,7.41,-0.01,258,191178,卖盘
2278,11:21:18,7.42,0.01,7,5194,买盘
2279,11:21:15,7.41,--,10,7410,卖盘
2280,11:21:12,7.41,--,119,88179,卖盘
2281,11:21:09,7.41,-0.01,35,25935,卖盘
2282,11:21:06,7.42,--,14,10388,买盘
2283,11:21:03,7.42,0.01,102,75684,买盘
2284,11:21:00,7.41,-0.01,28,20748,卖盘
2285,11:20:57,7.42,--,13,9646,买盘
2286,11:20:54,7.42,0.01,6,4452,买盘
2287,11:20:51,7.41,--,9,6669,卖盘
2288,11:20:48,7.41,-0.01,50,37050,卖盘
2289,11:20:45,7.42,--,6,4452,买盘
2290,11:20:42,7.42,--,12,8904,买盘
2291,11:20:33,7.42,0.01,6,4452,买盘
2292,11:20:30,7.41,--,24,17784,卖盘
2293,11:20:24,7.41,-0.01,155,114855,卖盘
2294,11:20:21,7.42,--,22,16324,买盘
2295,11:20:18,7.42,--,29,21518,买盘
2296,11:20:15,7.42,--,1473,1093366,卖盘
2297,11:20:12,7.42,--,15,11130,卖盘
2298,11:20:09,7.42,-0.01,8,5936,卖盘
2299,11:20:06,7.43,0.01,7,5201,买盘
2300,11:20:03,7.42,--,2,1484,卖盘
2301,11:20:00,7.42,-0.01,19,14098,卖盘
2302,11:19:57,7.43,0.01,13,9659,买盘
2303,11:19:51,7.42,-0.01,214,158788,卖盘
2304,11:19:48,7.43,--,46,34178,买盘
2305,11:19:42,7.43,0.01,10,7430,买盘
2306,11:19:39,7.42,--,27,20034,卖盘
2307,11:19:36,7.42,-0.01,14,10388,卖盘
2308,11:19:30,7.43,--,20,14860,买盘
2309,11:19:27,7.43,0.01,6,4458,买盘
2310,11:19:21,7.42,-0.01,12,8904,卖盘
2311,11:19:18,7.43,--,6,4458,买盘
2312,11:19:15,7.43,0.01,22,16346,买盘
2313,11:19:12,7.42,--,1,742,卖盘
2314,11:19:09,7.42,--,9,6678,卖盘
2315,11:19:06,7.42,--,14,10388,卖盘
2316,11:19:00,7.42,-0.01,29,21518,卖盘
2317,11:18:54,7.43,--,95,70585,买盘
2318,11:18:51,7.43,--,21,15603,买盘
2319,11:18:42,7.43,0.01,35,26005,买盘
2320,11:18:39,7.42,-0.01,9,6678,卖盘
2321,11:18:33,7.43,0.01,6,4458,买盘
2322,11:18:30,7.42,-0.01,9,6678,卖盘
2323,11:18:27,7.43,0.01,28,20804,买盘
2324,11:18:24,7.42,-0.01,67,49714,卖盘
2325,11:18:21,7.43,0.01,79,58697,买盘
2326,11:18:18,7.42,-0.01,20,14840,卖盘
2327,11:18:15,7.43,0.01,38,28234,买盘
2328,11:18:12,7.42,--,50,37100,卖盘
2329,11:18:09,7.42,-0.01,17,12614,卖盘
2330,11:18:06,7.43,0.01,132,98076,买盘
2331,11:18:03,7.42,--,90,66780,卖盘
2332,11:18:00,7.42,-0.01,336,249312,卖盘
2333,11:17:57,7.43,0.01,1,743,买盘
2334,11:17:51,7.42,-0.01,63,46746,卖盘
2335,11:17:48,7.43,--,7,5201,买盘
2336,11:17:45,7.43,0.01,87,64641,买盘
2337,11:17:42,7.42,-0.01,409,303478,卖盘
2338,11:17:39,7.43,--,13,9659,买盘
2339,11:17:36,7.43,0.01,105,78015,买盘
2340,11:17:33,7.42,-0.01,24,17808,卖盘
2341,11:17:30,7.43,--,10,7430,买盘
2342,11:17:27,7.43,0.01,6,4458,买盘
2343,11:17:24,7.42,-0.01,54,40068,卖盘
2344,11:17:21,7.43,--,22,16346,买盘
2345,11:17:18,7.43,--,16,11888,买盘
2346,11:17:15,7.43,0.01,1415,1051345,买盘
2347,11:17:09,7.42,-0.01,14,10388,卖盘
2348,11:17:06,7.43,0.01,90,66870,买盘
2349,11:17:03,7.42,--,10,7420,卖盘
2350,11:17:00,7.42,--,9,6678,卖盘
2351,11:16:54,7.42,--,26,19292,卖盘
2352,11:16:51,7.42,-0.01,137,101654,卖盘
2353,11:16:48,7.43,--,21,15603,买盘
2354,11:16:45,7.43,--,20,14860,买盘
2355,11:16:42,7.43,0.01,60,44580,买盘
2356,11:16:39,7.42,-0.01,248,184016,卖盘
2357,11:16:36,7.43,0.01,9,6687,买盘
2358,11:16:33,7.42,-0.01,3,2226,卖盘
2359,11:16:30,7.43,0.01,32,23776,买盘
2360,11:16:27,7.42,-0.01,500,371000,卖盘
2361,11:16:24,7.43,0.01,45,33435,买盘
2362,11:16:21,7.42,-0.01,9,6678,卖盘
2363,11:16:18,7.43,0.01,17,12631,买盘
2364,11:16:15,7.42,-0.01,100,74200,卖盘
2365,11:16:12,7.43,0.01,127,94361,买盘
2366,11:16:09,7.42,--,7,5194,卖盘
2367,11:16:06,7.42,--,78,57876,卖盘
2368,11:16:00,7.42,-0.01,75,55650,卖盘
2369,11:15:57,7.43,--,19,14117,买盘
2370,11:15:54,7.43,--,1,743,买盘
2371,11:15:51,7.43,0.01,39,28977,买盘
2372,11:15:48,7.42,-0.01,15,11130,卖盘
2373,11:15:45,7.43,--,811,602721,买盘
2374,11:15:42,7.43,--,76,56468,买盘
2375,11:15:36,7.43,--,6,4458,买盘
2376,11:15:33,7.43,0.01,7,5201,买盘
2377,11:15:30,7.42,--,49,36951,卖盘
2378,11:15:27,7.42,-0.01,30,22260,卖盘
2379,11:15:24,7.43,--,6,4458,买盘
2380,11:15:21,7.43,--,94,69842,买盘
2381,11:15:18,7.43,0.01,80,59440,买盘
2382,11:15:15,7.42,-0.01,11,8162,卖盘
2383,11:15:12,7.43,0.01,84,62412,买盘
2384,11:15:09,7.42,-0.01,51,37842,卖盘
2385,11:15:03,7.43,0.01,213,158259,买盘
2386,11:15:00,7.42,-0.01,19,14098,卖盘
2387,11:14:51,7.43,0.01,7,5201,买盘
2388,11:14:48,7.42,--,9,6678,卖盘
2389,11:14:45,7.42,-0.01,4,2968,卖盘
2390,11:14:42,7.43,0.01,86,63898,买盘
2391,11:14:39,7.42,--,135,100170,卖盘
2392,11:14:36,7.42,-0.01,10,7420,卖盘
2393,11:14:33,7.43,--,161,119623,买盘
2394,11:14:30,7.43,0.01,15,11145,买盘
2395,11:14:27,7.42,--,50,37100,卖盘
2396,11:14:24,7.42,--,18,13356,卖盘
2397,11:14:21,7.42,--,85,63070,卖盘
2398,11:14:18,7.42,-0.01,2294,1702148,卖盘
2399,11:14:15,7.43,0.01,67,49781,买盘
2400,11:14:12,7.42,--,20,14840,卖盘
2401,11:14:09,7.42,-0.01,9,6678,卖盘
2402,11:14:06,7.43,--,36,26748,买盘
2403,11:14:03,7.43,--,10,7430,买盘
2404,11:14:00,7.43,0.01,44,32692,买盘
2405,11:13:57,7.42,--,17,12614,卖盘
2406,11:13:54,7.42,--,3,2226,卖盘
2407,11:13:51,7.42,--,5,3710,卖盘
2408,11:13:48,7.42,-0.01,66,48972,卖盘
2409,11:13:45,7.43,--,6,4458,买盘
2410,11:13:42,7.43,0.01,67,49781,买盘
2411,11:13:39,7.42,--,9,6678,卖盘
2412,11:13:36,7.42,-0.01,33,24486,卖盘
2413,11:13:33,7.43,--,7,5201,买盘
2414,11:13:30,7.43,0.01,58,43094,买盘
2415,11:13:27,7.42,-0.01,4,2968,卖盘
2416,11:13:24,7.43,--,35,26005,买盘
2417,11:13:21,7.43,0.01,30,22290,买盘
2418,11:13:18,7.42,-0.01,9,6678,卖盘
2419,11:13:15,7.43,--,50,37150,买盘
2420,11:13:12,7.43,0.01,6,4458,买盘
2421,11:13:09,7.42,-0.01,13,9646,卖盘
2422,11:13:00,7.43,--,44,32692,买盘
2423,11:12:54,7.43,--,18,13374,买盘
2424,11:12:51,7.43,0.01,12,8916,买盘
2425,11:12:48,7.42,-0.01,15,11130,卖盘
2426,11:12:45,7.43,--,30,22290,买盘
2427,11:12:42,7.43,0.01,9,6687,买盘
2428,11:12:39,7.42,-0.01,20,14840,卖盘
2429,11:12:36,7.43,--,7,5201,买盘
2430,11:12:33,7.43,--,2,1486,买盘
2431,11:12:30,7.43,0.01,30,22290,买盘
2432,11:12:27,7.42,--,26,19292,卖盘
2433,11:12:18,7.42,-0.01,9,6678,卖盘
2434,11:12:15,7.43,0.01,15,11145,买盘
2435,11:12:09,7.42,-0.01,9,6678,卖盘
2436,11:12:06,7.43,--,83,61669,买盘
2437,11:12:03,7.43,0.01,68,50524,买盘
2438,11:12:00,7.42,-0.01,9,6678,卖盘
2439,11:11:54,7.43,--,8,5944,买盘
2440,11:11:51,7.43,0.01,5,3715,买盘
2441,11:11:48,7.42,-0.01,63,46746,卖盘
2442,11:11:42,7.43,--,33,24519,买盘
2443,11:11:39,7.43,0.01,14,10402,买盘
2444,11:11:36,7.42,-0.01,50,37100,卖盘
2445,11:11:33,7.43,0.01,36,26748,买盘
2446,11:11:30,7.42,--,9,6678,卖盘
2447,11:11:27,7.42,-0.01,9,6678,卖盘
2448,11:11:21,7.43,0.01,15,11145,买盘
2449,11:11:18,7.42,-0.01,170,126140,卖盘
2450,11:11:15,7.43,--,104,77272,买盘
2451,11:11:12,7.43,--,26,19318,买盘
2452,11:11:09,7.43,--,14,10402,买盘
2453,11:11:03,7.43,--,14,10402,买盘
2454,11:11:00,7.43,0.01,36,26748,买盘
2455,11:10:57,7.42,--,9,6678,卖盘
2456,11:10:48,7.42,-0.01,15,11130,卖盘
2457,11:10:45,7.43,--,11,8173,买盘
2458,11:10:42,7.43,--,456,338808,卖盘
2459,11:10:39,7.43,-0.01,10,7430,卖盘
2460,11:10:36,7.44,--,6,4464,买盘
2461,11:10:33,7.44,0.01,8,5952,买盘
2462,11:10:30,7.43,--,13,9659,卖盘
2463,11:10:27,7.43,--,6,4458,卖盘
2464,11:10:21,7.43,--,55,40865,卖盘
2465,11:10:18,7.43,--,19,14117,卖盘
2466,11:10:15,7.43,--,13,9659,卖盘
2467,11:10:12,7.43,--,60,44580,卖盘
2468,11:10:09,7.43,--,12,8916,卖盘
2469,11:10:06,7.43,-0.01,15,11145,卖盘
2470,11:10:03,7.44,--,7,5208,买盘
2471,11:10:00,7.44,0.01,25,18600,买盘
2472,11:09:57,7.43,--,1292,959956,买盘
2473,11:09:54,7.43,0.01,11,8173,买盘
2474,11:09:51,7.42,--,15,11130,卖盘
2475,11:09:48,7.42,-0.01,179,132818,卖盘
2476,11:09:45,7.43,--,4,2972,买盘
2477,11:09:42,7.43,--,7,5201,买盘
2478,11:09:39,7.43,--,117,86931,买盘
2479,11:09:36,7.43,--,5,3715,买盘
2480,11:09:33,7.43,--,20,14860,买盘
2481,11:09:30,7.43,--,52,38636,买盘
2482,11:09:27,7.43,-0.01,400,297200,卖盘
2483,11:09:24,7.44,--,10,7440,买盘
2484,11:09:21,7.44,0.01,13,9672,买盘
2485,11:09:18,7.43,0.01,257,190951,买盘
2486,11:09:09,7.42,-0.01,9,6678,卖盘
2487,11:09:06,7.43,--,82,60926,卖盘
2488,11:09:03,7.43,--,27,20061,卖盘
2489,11:09:00,7.43,-0.01,9,6687,卖盘
2490,11:08:57,7.44,0.01,36,26784,买盘
2491,11:08:51,7.43,--,2,1486,卖盘
2492,11:08:48,7.43,-0.01,9,6687,卖盘
2493,11:08:45,7.44,0.01,13,9672,买盘
2494,11:08:39,7.43,--,9,6687,卖盘
2495,11:08:36,7.43,-0.01,9,6687,卖盘
2496,11:08:33,7.44,--,69,51336,买盘
2497,11:08:24,7.44,0.02,11,8184,买盘
2498,11:08:21,7.42,--,2,1484,卖盘
2499,11:08:18,7.42,-0.01,35,25970,卖盘
2500,11:08:15,7.43,--,15,11145,买盘
2501,11:08:12,7.43,0.01,172,127796,买盘
2502,11:08:09,7.42,-0.01,9,6678,卖盘
2503,11:08:06,7.43,0.01,4,2972,买盘
2504,11:08:03,7.42,--,73,54166,卖盘
2505,11:08:00,7.42,--,19,14098,卖盘
2506,11:07:57,7.42,-0.01,67,49714,卖盘
2507,11:07:54,7.43,--,10,7430,买盘
2508,11:07:51,7.43,0.01,8,5944,买盘
2509,11:07:48,7.42,--,12,8904,卖盘
2510,11:07:42,7.42,-0.01,5,3710,卖盘
2511,11:07:39,7.43,--,16,11888,买盘
2512,11:07:36,7.43,--,5,3715,买盘
2513,11:07:33,7.43,--,18,13374,买盘
2514,11:07:30,7.43,--,88,65384,买盘
2515,11:07:27,7.43,--,61,45323,买盘
2516,11:07:24,7.43,0.01,24,17832,买盘
2517,11:07:21,7.42,--,2033,1508486,卖盘
2518,11:07:18,7.42,--,14,10388,卖盘
2519,11:07:09,7.42,--,29,21518,卖盘
2520,11:07:06,7.42,--,9,6678,卖盘
2521,11:07:00,7.42,-0.01,9,6678,卖盘
2522,11:06:54,7.43,-0.01,203,150829,卖盘
2523,11:06:48,7.44,--,24,17856,买盘
2524,11:06:45,7.44,0.01,505,375720,买盘
2525,11:06:42,7.43,--,9,6687,卖盘
2526,11:06:39,7.43,--,52,38636,卖盘
2527,11:06:36,7.43,-0.01,50,37150,卖盘
2528,11:06:33,7.44,--,18,13392,买盘
2529,11:06:30,7.44,0.01,119,88536,买盘
2530,11:06:27,7.43,-0.01,9,6687,卖盘
2531,11:06:24,7.44,--,3,2232,买盘
2532,11:06:21,7.44,0.01,22,16368,买盘
2533,11:06:18,7.43,--,9,6687,卖盘
2534,11:06:12,7.43,--,58,43094,卖盘
2535,11:06:09,7.43,--,9,6687,卖盘
2536,11:06:03,7.43,--,32,23776,卖盘
2537,11:06:00,7.43,--,25,18575,卖盘
2538,11:05:57,7.43,-0.01,392,291256,卖盘
2539,11:05:51,7.44,0.01,23,17112,买盘
2540,11:05:48,7.43,--,21,15603,卖盘
2541,11:05:39,7.43,--,15,11145,卖盘
2542,11:05:36,7.43,--,5,3715,卖盘
2543,11:05:33,7.43,--,80,59440,卖盘
2544,11:05:27,7.43,--,15,11145,卖盘
2545,11:05:24,7.43,-0.01,17,12631,卖盘
2546,11:05:21,7.44,0.01,856,636864,买盘
2547,11:05:18,7.43,-0.01,9,6687,卖盘
2548,11:05:15,7.44,--,6,4464,买盘
2549,11:05:12,7.44,--,12,8928,买盘
2550,11:05:09,7.44,0.01,29,21576,买盘
2551,11:05:06,7.43,--,17,12631,卖盘
2552,11:05:03,7.43,--,2,1486,卖盘
2553,11:04:57,7.43,--,41,30463,卖盘
2554,11:04:54,7.43,--,11,8173,卖盘
2555,11:04:48,7.43,--,9,6687,卖盘
2556,11:04:45,7.43,-0.01,25,18575,卖盘
2557,11:04:42,7.44,0.01,11,8184,买盘
2558,11:04:39,7.43,-0.01,9,6687,卖盘
2559,11:04:33,7.44,0.01,44,32736,买盘
2560,11:04:30,7.43,--,58,43094,卖盘
2561,11:04:24,7.43,-0.01,6,4458,卖盘
2562,11:04:21,7.44,0.01,163,121272,买盘
2563,11:04:18,7.43,--,52,38636,卖盘
2564,11:04:09,7.43,--,21,15603,卖盘
2565,11:04:06,7.43,--,167,124081,买盘
2566,11:04:03,7.43,--,25,18575,买盘
2567,11:04:00,7.43,--,16,11888,买盘
2568,11:03:57,7.43,--,62,46066,卖盘
2569,11:03:54,7.43,--,167,124081,买盘
2570,11:03:51,7.43,--,196,145628,卖盘
2571,11:03:48,7.43,--,45,33435,卖盘
2572,11:03:45,7.43,--,17,12631,卖盘
2573,11:03:39,7.43,-0.01,29,21547,卖盘
2574,11:03:36,7.44,--,16,11904,买盘
2575,11:03:33,7.44,--,11,8184,买盘
2576,11:03:30,7.44,--,1034,769296,买盘
2577,11:03:27,7.44,--,62,46128,买盘
2578,11:03:24,7.44,--,11,8184,买盘
2579,11:03:21,7.44,0.01,58,43152,买盘
2580,11:03:18,7.43,--,9,6687,卖盘
2581,11:03:15,7.43,-0.01,11,8173,卖盘
2582,11:03:09,7.44,--,29,21576,买盘
2583,11:03:06,7.44,--,21,15624,买盘
2584,11:03:03,7.44,--,7,5208,买盘
2585,11:03:00,7.44,--,19,14136,买盘
2586,11:02:57,7.44,--,1,744,买盘
2587,11:02:54,7.44,0.01,7,5208,买盘
2588,11:02:51,7.43,--,5,3715,卖盘
2589,11:02:48,7.43,-0.01,15,11145,卖盘
2590,11:02:45,7.44,--,1,744,买盘
2591,11:02:42,7.44,--,6,4464,买盘
2592,11:02:39,7.44,0.01,236,175584,买盘
2593,11:02:36,7.43,--,14,10402,卖盘
2594,11:02:33,7.43,--,14,10402,卖盘
2595,11:02:30,7.43,-0.01,31,23033,卖盘
2596,11:02:27,7.44,0.01,11,8184,买盘
2597,11:02:24,7.43,-0.01,20,14860,卖盘
2598,11:02:21,7.44,0.01,46,34224,买盘
2599,11:02:18,7.43,--,29,21547,卖盘
2600,11:02:15,7.43,--,32,23776,卖盘
2601,11:02:09,7.43,-0.01,17,12631,卖盘
2602,11:02:06,7.44,--,22,16368,买盘
2603,11:02:03,7.44,0.01,12,8928,买盘
2604,11:02:00,7.43,-0.01,9,6687,卖盘
2605,11:01:57,7.44,0.01,10,7440,买盘
2606,11:01:54,7.43,-0.01,3,2229,卖盘
2607,11:01:51,7.44,0.01,3,2232,买盘
2608,11:01:48,7.43,--,20,14860,卖盘
2609,11:01:45,7.43,--,2,1486,卖盘
2610,11:01:42,7.43,--,23,17089,卖盘
2611,11:01:39,7.43,-0.01,9,6687,卖盘
2612,11:01:36,7.44,0.01,12,8928,买盘
2613,11:01:33,7.43,-0.01,5,3715,卖盘
2614,11:01:30,7.44,--,103,76632,买盘
2615,11:01:27,7.44,0.02,41,30504,买盘
2616,11:01:24,7.42,-0.01,197,146174,卖盘
2617,11:01:21,7.43,--,34,25262,买盘
2618,11:01:18,7.43,--,268,199124,买盘
2619,11:01:15,7.43,--,815,605545,买盘
2620,11:01:12,7.43,--,79,58697,买盘
2621,11:01:09,7.43,--,14,10402,买盘
2622,11:01:06,7.43,--,125,92875,买盘
2623,11:01:03,7.43,--,8,5944,买盘
2624,11:01:00,7.43,--,22,16346,买盘
2625,11:00:57,7.43,--,14,10402,买盘
2626,11:00:54,7.43,--,10,7430,买盘
2627,11:00:51,7.43,0.01,33,24519,买盘
2628,11:00:48,7.42,--,19,14098,卖盘
2629,11:00:45,7.42,-0.01,3,2226,卖盘
2630,11:00:39,7.43,--,17,12631,买盘
2631,11:00:36,7.43,0.01,6,4458,买盘
2632,11:00:33,7.42,--,51,37842,卖盘
2633,11:00:30,7.42,-0.01,15,11130,卖盘
2634,11:00:27,7.43,0.01,43,31949,买盘
2635,11:00:24,7.42,-0.01,11,8162,卖盘
2636,11:00:21,7.43,0.01,5,3715,买盘
2637,11:00:18,7.42,--,23,17066,卖盘
2638,11:00:15,7.42,-0.01,531,394002,卖盘
2639,11:00:12,7.43,0.01,56,41608,买盘
2640,11:00:09,7.42,--,19,14098,卖盘
2641,11:00:06,7.42,--,33,24486,卖盘
2642,11:00:03,7.42,-0.01,2,1484,卖盘
2643,11:00:00,7.43,0.01,30,22290,买盘
2644,10:59:57,7.42,--,41,30422,卖盘
2645,10:59:54,7.42,--,14,10388,卖盘
2646,10:59:48,7.42,--,19,14098,卖盘
2647,10:59:45,7.42,-0.01,18,13356,卖盘
2648,10:59:42,7.43,0.01,167,124081,买盘
2649,10:59:36,7.42,-0.01,59,43778,卖盘
2650,10:59:33,7.43,--,112,83216,买盘
2651,10:59:30,7.43,--,25,18575,买盘
2652,10:59:27,7.43,--,24,17832,买盘
2653,10:59:24,7.43,0.01,6,4458,买盘
2654,10:59:21,7.42,--,44,32648,卖盘
2655,10:59:18,7.42,--,25,18550,卖盘
2656,10:59:15,7.42,-0.01,80,59360,卖盘
2657,10:59:12,7.43,0.01,21,15603,买盘
2658,10:59:09,7.42,-0.01,17,12614,卖盘
2659,10:59:06,7.43,--,12,8916,买盘
2660,10:59:03,7.43,--,505,375215,买盘
2661,10:59:00,7.43,0.01,39,28977,买盘
2662,10:58:57,7.42,-0.01,13,9646,卖盘
2663,10:58:54,7.43,--,118,87674,买盘
2664,10:58:51,7.43,--,87,64641,买盘
2665,10:58:48,7.43,--,36,26748,买盘
2666,10:58:45,7.43,--,197,146371,买盘
2667,10:58:42,7.43,--,5,3715,买盘
2668,10:58:39,7.43,0.01,19,14117,买盘
2669,10:58:36,7.42,-0.01,22,16324,卖盘
2670,10:58:30,7.43,--,22,16346,买盘
2671,10:58:27,7.43,--,31,23033,买盘
2672,10:58:21,7.43,0.01,3,2229,买盘
2673,10:58:18,7.42,--,221,163982,卖盘
2674,10:58:15,7.42,-0.01,105,77910,卖盘
2675,10:58:12,7.43,0.01,7,5201,买盘
2676,10:58:09,7.42,-0.01,14,10388,卖盘
2677,10:58:06,7.43,--,42,31206,买盘
2678,10:58:03,7.43,0.01,19,14117,买盘
2679,10:57:57,7.42,-0.01,9,6678,卖盘
2680,10:57:54,7.43,--,6,4458,买盘
2681,10:57:51,7.43,0.01,59,43837,买盘
2682,10:57:48,7.42,-0.01,9,6678,卖盘
2683,10:57:45,7.43,0.01,115,85445,买盘
2684,10:57:39,7.42,-0.01,9,6678,卖盘
2685,10:57:36,7.43,--,19,14117,买盘
2686,10:57:33,7.43,--,11,8173,买盘
2687,10:57:30,7.43,0.01,27,20061,买盘
2688,10:57:27,7.42,--,14,10388,卖盘
2689,10:57:24,7.42,-0.01,9,6678,卖盘
2690,10:57:21,7.43,0.01,20,14860,买盘
2691,10:57:18,7.42,--,109,80878,卖盘
2692,10:57:12,7.42,-0.01,19,14098,卖盘
2693,10:57:09,7.43,--,29,21547,买盘
2694,10:57:06,7.43,--,320,237760,买盘
2695,10:57:03,7.43,--,11,8173,买盘
2696,10:57:00,7.43,0.01,111,82473,买盘
2697,10:56:57,7.42,--,12,8904,卖盘
2698,10:56:54,7.42,-0.01,5,3710,卖盘
2699,10:56:51,7.43,--,19,14117,买盘
2700,10:56:48,7.43,--,115,85445,买盘
2701,10:56:39,7.43,0.01,20,14860,买盘
2702,10:56:36,7.42,-0.01,543,402906,卖盘
2703,10:56:33,7.43,--,7,5201,买盘
2704,10:56:30,7.43,0.01,8,5944,买盘
2705,10:56:27,7.42,-0.01,601,445942,卖盘
2706,10:56:21,7.43,0.01,81,60183,买盘
2707,10:56:18,7.42,--,9,6678,卖盘
2708,10:56:15,7.42,-0.01,22,16324,卖盘
2709,10:56:12,7.43,0.01,90,66870,买盘
2710,10:56:09,7.42,-0.01,87,64554,卖盘
2711,10:56:06,7.43,0.01,7,5201,买盘
2712,10:56:03,7.42,-0.01,22,16324,卖盘
2713,10:56:00,7.43,0.01,48,35664,买盘
2714,10:55:57,7.42,-0.01,39,28938,卖盘
2715,10:55:54,7.43,0.01,12,8916,买盘
2716,10:55:48,7.42,--,9,6678,卖盘
2717,10:55:45,7.42,-0.01,2,1484,卖盘
2718,10:55:42,7.43,--,7,5201,买盘
2719,10:55:39,7.43,--,126,93618,买盘
2720,10:55:33,7.43,0.01,119,88417,买盘
2721,10:55:30,7.42,--,733,543886,卖盘
2722,10:55:27,7.42,-0.01,109,80878,卖盘
2723,10:55:24,7.43,--,981,728883,买盘
2724,10:55:21,7.43,--,7,5201,买盘
2725,10:55:18,7.43,0.01,26,19318,买盘
2726,10:55:15,7.42,--,2,1484,卖盘
2727,10:55:12,7.42,-0.01,3,2226,卖盘
2728,10:55:09,7.43,0.01,21,15603,买盘
2729,10:55:06,7.42,--,88,65296,卖盘
2730,10:55:03,7.42,-0.01,27,20034,卖盘
2731,10:55:00,7.43,0.01,7,5201,买盘
2732,10:54:57,7.42,-0.01,14,10388,卖盘
2733,10:54:54,7.43,--,5,3715,买盘
2734,10:54:51,7.43,--,5,3715,买盘
2735,10:54:48,7.43,--,216,160488,买盘
2736,10:54:45,7.43,0.01,316,234788,买盘
2737,10:54:42,7.42,-0.01,12,8904,卖盘
2738,10:54:39,7.43,--,20,14860,买盘
2739,10:54:36,7.43,--,23,17089,买盘
2740,10:54:30,7.43,0.01,45,33435,买盘
2741,10:54:27,7.42,-0.01,9,6678,卖盘
2742,10:54:24,7.43,--,31,23033,买盘
2743,10:54:21,7.43,0.01,12,8916,买盘
2744,10:54:18,7.42,-0.01,125,92750,卖盘
2745,10:54:15,7.43,--,6,4458,买盘
2746,10:54:12,7.43,0.01,19,14117,买盘
2747,10:54:09,7.42,--,201,149142,卖盘
2748,10:54:06,7.42,-0.01,9,6678,卖盘
2749,10:54:03,7.43,0.01,6,4458,买盘
2750,10:54:00,7.42,--,39,28938,卖盘
2751,10:53:57,7.42,-0.01,66,48972,卖盘
2752,10:53:54,7.43,--,34,25262,买盘
2753,10:53:51,7.43,0.01,6,4458,买盘
2754,10:53:48,7.42,-0.01,82,60844,卖盘
2755,10:53:45,7.43,--,50,37150,买盘
2756,10:53:42,7.43,0.01,36,26748,买盘
2757,10:53:39,7.42,--,2,1484,卖盘
2758,10:53:36,7.42,-0.01,9,6678,卖盘
2759,10:53:33,7.43,--,103,76529,买盘
2760,10:53:30,7.43,--,13,9659,买盘
2761,10:53:27,7.43,--,267,198381,买盘
2762,10:53:21,7.43,0.01,11,8173,买盘
2763,10:53:18,7.42,--,55,40810,卖盘
2764,10:53:15,7.42,--,173,128366,卖盘
2765,10:53:12,7.42,--,43,31906,卖盘
2766,10:53:09,7.42,--,84,62328,卖盘
2767,10:53:06,7.42,--,51,37842,卖盘
2768,10:52:57,7.42,-0.01,16,11872,卖盘
2769,10:52:54,7.43,0.01,19,14117,买盘
2770,10:52:51,7.42,-0.01,53,39326,卖盘
2771,10:52:48,7.43,--,109,80987,买盘
2772,10:52:45,7.43,0.01,158,117394,买盘
2773,10:52:42,7.42,-0.01,9,6678,卖盘
2774,10:52:39,7.43,0.01,30,22290,买盘
2775,10:52:36,7.42,--,9,6678,卖盘
2776,10:52:33,7.42,--,2,1484,卖盘
2777,10:52:30,7.42,--,19,14098,卖盘
2778,10:52:27,7.42,-0.01,55,40810,卖盘
2779,10:52:24,7.43,--,11,8173,买盘
2780,10:52:21,7.43,0.01,186,138198,买盘
2781,10:52:18,7.42,-0.01,9,6678,卖盘
2782,10:52:15,7.43,0.01,65,48295,买盘
2783,10:52:12,7.42,-0.01,107,79394,卖盘
2784,10:52:09,7.43,0.01,5,3715,买盘
2785,10:52:06,7.42,-0.01,14,10388,卖盘
2786,10:52:03,7.43,--,146,108478,买盘
2787,10:52:00,7.43,0.01,18,13374,买盘
2788,10:51:57,7.42,--,19,14098,卖盘
2789,10:51:54,7.42,-0.01,59,43778,卖盘
2790,10:51:51,7.43,0.01,26,19318,买盘
2791,10:51:48,7.42,--,9,6678,卖盘
2792,10:51:45,7.42,--,18,13356,卖盘
2793,10:51:42,7.42,-0.01,24,17808,卖盘
2794,10:51:39,7.43,0.01,15,11145,买盘
2795,10:51:36,7.42,-0.01,19,14098,卖盘
2796,10:51:33,7.43,--,92,68356,买盘
2797,10:51:30,7.43,--,1069,794267,买盘
2798,10:51:27,7.43,--,53,39379,买盘
2799,10:51:24,7.43,--,55,40865,买盘
2800,10:51:21,7.43,--,1833,1361919,买盘
2801,10:51:18,7.43,0.01,26,19318,买盘
2802,10:51:15,7.42,-0.01,30,22260,卖盘
2803,10:51:12,7.43,0.01,50,37150,买盘
2804,10:51:09,7.42,-0.01,9,6678,卖盘
2805,10:51:06,7.43,0.01,6,4458,买盘
2806,10:51:03,7.42,--,15,11130,卖盘
2807,10:51:00,7.42,--,3,2226,卖盘
2808,10:50:57,7.42,--,92,68264,卖盘
2809,10:50:54,7.42,--,11,8162,卖盘
2810,10:50:51,7.42,-0.01,8,5936,卖盘
2811,10:50:48,7.43,--,42,31206,买盘
2812,10:50:45,7.43,0.01,14,10402,买盘
2813,10:50:42,7.42,-0.01,440,326480,卖盘
2814,10:50:39,7.43,0.01,20,14860,买盘
2815,10:50:36,7.42,-0.01,18,13356,卖盘
2816,10:50:33,7.43,0.01,11,8173,买盘
2817,10:50:30,7.42,--,20,14840,卖盘
2818,10:50:27,7.42,--,43,31906,卖盘
2819,10:50:24,7.42,-0.01,9,6678,卖盘
2820,10:50:21,7.43,0.01,7,5201,买盘
2821,10:50:18,7.42,-0.01,9,6678,卖盘
2822,10:50:15,7.43,--,129,95847,买盘
2823,10:50:12,7.43,0.01,5,3715,买盘
2824,10:50:09,7.42,--,10,7420,卖盘
2825,10:50:06,7.42,--,82,60844,卖盘
2826,10:50:03,7.42,-0.01,11,8162,卖盘
2827,10:50:00,7.43,--,20,14860,买盘
2828,10:49:57,7.43,0.01,811,602573,买盘
2829,10:49:54,7.42,-0.01,2,1484,卖盘
2830,10:49:51,7.43,0.01,6,4458,买盘
2831,10:49:48,7.42,--,40,29680,卖盘
2832,10:49:45,7.42,--,12,8904,卖盘
2833,10:49:42,7.42,--,9,6678,卖盘
2834,10:49:39,7.42,--,180,133560,卖盘
2835,10:49:36,7.42,--,14,10729,买盘
2836,10:49:33,7.42,--,134,99428,买盘
2837,10:49:30,7.42,--,6,4452,买盘
2838,10:49:27,7.42,--,79,58618,买盘
2839,10:49:24,7.42,--,123,91266,买盘
2840,10:49:21,7.42,--,1,742,买盘
2841,10:49:18,7.42,--,128,94976,买盘
2842,10:49:15,7.42,--,82,60844,买盘
2843,10:49:12,7.42,--,3,2226,买盘
2844,10:49:09,7.42,--,115,85330,买盘
2845,10:49:06,7.42,--,833,618086,买盘
2846,10:49:03,7.42,0.01,321,238182,买盘
2847,10:48:57,7.41,-0.01,9,6669,卖盘
2848,10:48:54,7.42,0.01,26,19292,买盘
2849,10:48:51,7.41,-0.01,20,14820,卖盘
2850,10:48:48,7.42,--,668,495656,卖盘
2851,10:48:45,7.42,--,8,5936,卖盘
2852,10:48:42,7.42,-0.01,5,3710,卖盘
2853,10:48:39,7.43,--,10,7430,买盘
2854,10:48:36,7.43,0.01,30,22290,买盘
2855,10:48:33,7.42,--,37,27454,卖盘
2856,10:48:30,7.42,--,74,54908,卖盘
2857,10:48:27,7.42,-0.01,29,21518,卖盘
2858,10:48:24,7.43,--,22,16346,买盘
2859,10:48:21,7.43,0.01,109,80987,买盘
2860,10:48:18,7.42,--,162,120204,买盘
2861,10:48:15,7.42,--,82,60844,买盘
2862,10:48:12,7.42,--,139,103138,买盘
2863,10:48:09,7.42,--,232,172144,买盘
2864,10:48:06,7.42,0.01,33,24486,买盘
2865,10:48:03,7.41,--,215,159315,卖盘
2866,10:48:00,7.41,--,65,48165,卖盘
2867,10:47:57,7.41,-0.01,88,65208,卖盘
2868,10:47:54,7.42,--,23,17066,买盘
2869,10:47:51,7.42,0.01,27,20034,买盘
2870,10:47:48,7.41,--,1961,1453101,卖盘
2871,10:47:45,7.41,--,11,8151,卖盘
2872,10:47:42,7.41,-0.01,3,2223,卖盘
2873,10:47:39,7.42,--,116,86072,买盘
2874,10:47:36,7.42,0.01,52,38584,买盘
2875,10:47:33,7.41,-0.01,302,223782,卖盘
2876,10:47:30,7.42,0.01,25,18550,买盘
2877,10:47:27,7.41,-0.01,130,96330,卖盘
2878,10:47:24,7.42,--,76,56392,买盘
2879,10:47:21,7.42,0.01,2029,1505518,买盘
2880,10:47:18,7.41,-0.01,42,31122,卖盘
2881,10:47:15,7.42,--,151,112042,买盘
2882,10:47:12,7.42,0.01,125,92750,买盘
2883,10:47:09,7.41,-0.01,1533,1135953,卖盘
2884,10:47:06,7.42,--,155,115010,买盘
2885,10:47:03,7.42,0.01,354,262668,买盘
2886,10:47:00,7.41,--,105,77805,卖盘
2887,10:46:57,7.41,-0.01,354,262314,卖盘
