,time,price,change,volume,amount,type
0,15:00:03,7.58,0.01,15707,11905906,买盘
1,14:57:00,7.57,-0.01,17,12869,卖盘
2,14:56:57,7.58,--,116,87928,买盘
3,14:56:54,7.58,--,115,87170,买盘
4,14:56:51,7.58,--,63,47754,买盘
5,14:56:48,7.58,0.01,583,441914,买盘
6,14:56:45,7.57,-0.01,149,112793,卖盘
7,14:56:42,7.58,--,322,244076,买盘
8,14:56:39,7.58,--,49,37142,买盘
9,14:56:36,7.58,--,33,25014,买盘
10,14:56:33,7.58,--,174,131892,买盘
11,14:56:30,7.58,0.01,275,208450,买盘
12,14:56:27,7.57,--,15,11355,卖盘
13,14:56:24,7.57,--,56,42392,卖盘
14,14:56:21,7.57,-0.01,117,88569,卖盘
15,14:56:18,7.58,--,26,19708,买盘
16,14:56:15,7.58,0.01,58,43964,买盘
17,14:56:12,7.57,--,120,90840,卖盘
18,14:56:09,7.57,-0.01,62,46934,卖盘
19,14:56:06,7.58,--,67,50786,买盘
20,14:56:03,7.58,--,105,79590,买盘
21,14:56:00,7.58,0.01,199,150842,买盘
22,14:55:57,7.57,--,600,454684,买盘
23,14:55:54,7.57,--,5,3785,买盘
24,14:55:51,7.57,0.01,74,56018,买盘
25,14:55:48,7.56,-0.01,352,266112,卖盘
26,14:55:45,7.57,--,68,51476,买盘
27,14:55:42,7.57,--,146,110522,买盘
28,14:55:39,7.57,--,451,341407,买盘
29,14:55:36,7.57,--,44,33308,买盘
30,14:55:33,7.57,--,67,50719,买盘
31,14:55:30,7.57,-0.01,211,159999,卖盘
32,14:55:27,7.58,--,3560,2698480,买盘
33,14:55:24,7.58,--,98,74284,买盘
34,14:55:21,7.58,0.01,188,142504,买盘
35,14:55:18,7.57,-0.01,74,56018,卖盘
36,14:55:15,7.58,--,103,78074,买盘
37,14:55:12,7.58,0.01,118,89444,买盘
38,14:55:09,7.57,-0.01,37,28009,卖盘
39,14:55:06,7.58,0.01,132,100056,买盘
40,14:55:03,7.57,--,267,202119,卖盘
41,14:55:00,7.57,-0.01,90,68130,卖盘
42,14:54:57,7.58,--,53,40174,买盘
43,14:54:54,7.58,--,4,3032,买盘
44,14:54:51,7.58,--,18,13644,买盘
45,14:54:48,7.58,--,128,97024,买盘
46,14:54:45,7.58,--,16,12128,买盘
47,14:54:42,7.58,0.01,13,9854,买盘
48,14:54:39,7.57,--,141,106737,卖盘
49,14:54:36,7.57,-0.01,107,80999,卖盘
50,14:54:33,7.58,0.01,1709,1295907,买盘
51,14:54:30,7.57,--,22,16654,买盘
52,14:54:27,7.57,--,455,344435,买盘
53,14:54:24,7.57,--,627,474639,买盘
54,14:54:21,7.57,--,1687,1277059,买盘
55,14:54:18,7.57,0.01,14,10598,买盘
56,14:54:15,7.56,-0.01,19,14364,卖盘
57,14:54:12,7.57,--,51,38607,买盘
58,14:54:09,7.57,0.01,67,50719,买盘
59,14:54:06,7.56,-0.01,102,77112,卖盘
60,14:54:03,7.57,--,171,129447,买盘
61,14:53:57,7.57,0.01,25,18925,买盘
62,14:53:54,7.56,-0.01,1,756,卖盘
63,14:53:51,7.57,0.01,14,10598,买盘
64,14:53:48,7.56,-0.01,2,1512,卖盘
65,14:53:45,7.57,0.01,40,30280,买盘
66,14:53:42,7.56,-0.01,113,85428,卖盘
67,14:53:39,7.57,--,77,58289,买盘
68,14:53:36,7.57,0.01,78,59046,买盘
69,14:53:33,7.56,-0.01,331,250236,卖盘
70,14:53:30,7.57,0.01,5582,4225574,买盘
71,14:53:27,7.56,-0.01,122,92232,卖盘
72,14:53:24,7.57,--,370,280090,买盘
73,14:53:21,7.57,--,70,52990,买盘
74,14:53:18,7.57,--,25,18925,买盘
75,14:53:15,7.57,--,36,27252,买盘
76,14:53:12,7.57,0.01,146,110522,买盘
77,14:53:09,7.56,-0.01,53,40068,卖盘
78,14:53:06,7.57,--,93,70401,买盘
79,14:53:03,7.57,--,126,95382,买盘
80,14:53:00,7.57,--,214,161998,买盘
81,14:52:57,7.57,0.01,84,63588,买盘
82,14:52:54,7.56,--,35,26460,卖盘
83,14:52:51,7.56,-0.01,82,61992,卖盘
84,14:52:48,7.57,--,38,28766,买盘
85,14:52:45,7.57,--,84,63588,买盘
86,14:52:42,7.57,--,97,73429,买盘
87,14:52:39,7.57,0.01,16,12112,买盘
88,14:52:36,7.56,-0.01,36,27216,卖盘
89,14:52:33,7.57,--,14,10598,买盘
90,14:52:30,7.57,--,19,14383,买盘
91,14:52:27,7.57,--,77,58289,买盘
92,14:52:24,7.57,--,26,19682,买盘
93,14:52:21,7.57,0.01,5,3785,买盘
94,14:52:18,7.56,-0.01,101,76356,卖盘
95,14:52:15,7.57,0.01,114,86298,买盘
96,14:52:12,7.56,-0.01,103,77868,卖盘
97,14:52:09,7.57,--,19,14383,买盘
98,14:52:03,7.57,--,8,6056,买盘
99,14:52:00,7.57,--,139,105223,买盘
100,14:51:57,7.57,--,16,12112,买盘
101,14:51:54,7.57,0.01,41,31037,买盘
102,14:51:48,7.56,-0.01,9,6804,卖盘
103,14:51:45,7.57,--,27,20439,买盘
104,14:51:42,7.57,0.01,11,8327,买盘
105,14:51:39,7.56,-0.01,115,86940,卖盘
106,14:51:36,7.57,0.01,32,24224,买盘
107,14:51:33,7.56,-0.01,32,24192,卖盘
108,14:51:30,7.57,--,14,10598,买盘
109,14:51:27,7.57,--,97,73429,买盘
110,14:51:24,7.57,--,46,34822,买盘
111,14:51:21,7.57,--,23,17411,买盘
112,14:51:18,7.57,0.01,50,37850,买盘
113,14:51:12,7.56,-0.01,5,3780,卖盘
114,14:51:09,7.57,--,10,7570,买盘
115,14:51:06,7.57,0.01,140,105980,买盘
116,14:51:03,7.56,--,2307,1744092,卖盘
117,14:51:00,7.56,--,101,76356,卖盘
118,14:50:57,7.56,--,29,21924,卖盘
119,14:50:54,7.56,-0.01,15,11340,卖盘
120,14:50:51,7.57,--,233,176381,买盘
121,14:50:48,7.57,--,154,116578,买盘
122,14:50:45,7.57,--,58,43906,买盘
123,14:50:42,7.57,0.01,4,3028,买盘
124,14:50:39,7.56,-0.01,14,10584,卖盘
125,14:50:36,7.57,0.01,24,18773,买盘
126,14:50:33,7.56,-0.01,128,96768,卖盘
127,14:50:30,7.57,--,8,6056,买盘
128,14:50:27,7.57,--,63,47691,买盘
129,14:50:24,7.57,0.01,9,6813,买盘
130,14:50:21,7.56,-0.01,104,78624,卖盘
131,14:50:18,7.57,0.01,10,7570,买盘
132,14:50:15,7.56,--,41,30996,卖盘
133,14:50:12,7.56,-0.01,2,1512,卖盘
134,14:50:09,7.57,--,75,56775,买盘
135,14:50:06,7.57,0.02,1484,1123388,买盘
136,14:50:03,7.55,--,696,525480,买盘
137,14:50:00,7.55,-0.02,5518,4166241,卖盘
138,14:49:57,7.57,0.01,32,24224,买盘
139,14:49:54,7.56,-0.01,8,6048,卖盘
140,14:49:51,7.57,--,33,24981,买盘
141,14:49:48,7.57,--,45,34065,买盘
142,14:49:45,7.57,--,11,8327,买盘
143,14:49:42,7.57,--,24,18168,买盘
144,14:49:39,7.57,--,19,14383,买盘
145,14:49:36,7.57,0.01,55,41635,买盘
146,14:49:33,7.56,-0.01,46,34776,卖盘
147,14:49:30,7.57,--,4,3028,买盘
148,14:49:24,7.57,--,33,24981,买盘
149,14:49:21,7.57,--,20,15140,买盘
150,14:49:18,7.57,0.01,33,24981,买盘
151,14:49:15,7.56,-0.01,198,149688,卖盘
152,14:49:12,7.57,0.01,876,663132,买盘
153,14:49:09,7.56,0.01,304,229824,买盘
154,14:49:06,7.55,-0.01,2816,2126080,卖盘
155,14:49:03,7.56,--,12,9072,买盘
156,14:49:00,7.56,--,212,160272,买盘
157,14:48:57,7.56,--,37,27972,买盘
158,14:48:54,7.56,--,25,18900,买盘
159,14:48:51,7.56,0.01,3,2268,买盘
160,14:48:48,7.55,-0.01,37,27935,卖盘
161,14:48:45,7.56,--,24,18144,买盘
162,14:48:42,7.56,0.01,36,27216,买盘
163,14:48:39,7.55,--,11,8305,卖盘
164,14:48:36,7.55,-0.01,24,18120,卖盘
165,14:48:33,7.56,--,4,3024,买盘
166,14:48:30,7.56,--,23,17388,买盘
167,14:48:27,7.56,--,326,246456,买盘
168,14:48:24,7.56,--,28,21168,买盘
169,14:48:21,7.56,--,18,13608,买盘
170,14:48:18,7.56,--,35,26460,买盘
171,14:48:15,7.56,0.01,10,7560,买盘
172,14:48:12,7.55,-0.01,3,2265,卖盘
173,14:48:09,7.56,--,59,44604,买盘
174,14:48:06,7.56,--,101,76356,买盘
175,14:48:03,7.56,--,1,756,买盘
176,14:48:00,7.56,0.01,35,26460,买盘
177,14:47:57,7.55,--,13,9815,卖盘
178,14:47:54,7.55,-0.01,7,5285,卖盘
179,14:47:51,7.56,0.01,27,20412,买盘
180,14:47:48,7.55,-0.01,125,94375,卖盘
181,14:47:45,7.56,--,84,63504,买盘
182,14:47:42,7.56,--,24,18144,买盘
183,14:47:39,7.56,0.01,88,66528,买盘
184,14:47:36,7.55,-0.01,38,28690,卖盘
185,14:47:33,7.56,--,22,16632,买盘
186,14:47:30,7.56,0.01,33,24948,买盘
187,14:47:27,7.55,-0.01,4,3020,卖盘
188,14:47:24,7.56,0.01,46,34776,买盘
189,14:47:21,7.55,-0.01,30,22650,卖盘
190,14:47:18,7.56,--,83,62748,买盘
191,14:47:15,7.56,--,36,27216,买盘
192,14:47:12,7.56,--,9,6804,买盘
193,14:47:09,7.56,0.01,59,44604,买盘
194,14:47:06,7.55,-0.01,6,4530,卖盘
195,14:47:03,7.56,0.01,5,3780,买盘
196,14:47:00,7.55,-0.01,69,52095,卖盘
197,14:46:57,7.56,0.01,6,4536,买盘
198,14:46:54,7.55,-0.01,27,20385,卖盘
199,14:46:51,7.56,0.01,8,6048,买盘
200,14:46:48,7.55,-0.01,11,8305,卖盘
201,14:46:45,7.56,--,28,21168,买盘
202,14:46:42,7.56,--,29,21924,买盘
203,14:46:39,7.56,--,564,426384,买盘
204,14:46:36,7.56,--,51,38556,买盘
205,14:46:33,7.56,0.01,71,53676,买盘
206,14:46:30,7.55,--,224,169120,卖盘
207,14:46:27,7.55,--,4,3020,卖盘
208,14:46:24,7.55,-0.01,5,3775,卖盘
209,14:46:21,7.56,--,34,25704,买盘
210,14:46:18,7.56,--,25,18900,买盘
211,14:46:15,7.56,0.01,259,195804,买盘
212,14:46:12,7.55,-0.01,13,9815,卖盘
213,14:46:09,7.56,--,16,12096,买盘
214,14:46:06,7.56,0.01,43,32508,买盘
215,14:46:03,7.55,-0.01,3,2265,卖盘
216,14:46:00,7.56,--,5,3780,买盘
217,14:45:57,7.56,--,74,55944,买盘
218,14:45:54,7.56,--,18,13608,买盘
219,14:45:51,7.56,0.01,271,204876,买盘
220,14:45:48,7.55,--,15,11325,卖盘
221,14:45:45,7.55,-0.01,100,75500,卖盘
222,14:45:42,7.56,0.01,83,62748,买盘
223,14:45:39,7.55,-0.01,35,26425,卖盘
224,14:45:36,7.56,--,20,15120,买盘
225,14:45:33,7.56,0.01,16,12096,买盘
226,14:45:30,7.55,--,31,23405,卖盘
227,14:45:27,7.55,--,108,81540,卖盘
228,14:45:24,7.55,--,13,9815,卖盘
229,14:45:21,7.55,-0.01,67,50585,卖盘
230,14:45:18,7.56,--,33,24948,买盘
231,14:45:15,7.56,0.01,514,388584,买盘
232,14:45:12,7.55,--,31,23405,卖盘
233,14:45:09,7.55,-0.01,29,21895,卖盘
234,14:45:06,7.56,0.01,26,19656,买盘
235,14:45:03,7.55,-0.01,22,16610,卖盘
236,14:45:00,7.56,--,8,6048,买盘
237,14:44:57,7.56,--,27,20412,买盘
238,14:44:54,7.56,0.01,10,7560,买盘
239,14:44:51,7.55,--,21,15855,卖盘
240,14:44:48,7.55,-0.01,42,31710,卖盘
241,14:44:45,7.56,--,8,6048,买盘
242,14:44:42,7.56,0.01,38,28728,买盘
243,14:44:39,7.55,--,30,22650,卖盘
244,14:44:36,7.55,-0.01,35,26425,卖盘
245,14:44:33,7.56,0.01,30,22680,买盘
246,14:44:30,7.55,--,119,89845,卖盘
247,14:44:27,7.55,-0.01,16,12080,卖盘
248,14:44:24,7.56,--,6,4536,买盘
249,14:44:21,7.56,--,30,22680,买盘
250,14:44:18,7.56,--,48,36288,买盘
251,14:44:15,7.56,--,42,31752,买盘
252,14:44:12,7.56,--,40,30240,买盘
253,14:44:09,7.56,0.01,1,756,买盘
254,14:44:03,7.55,--,55,41525,卖盘
255,14:44:00,7.55,-0.01,162,122310,卖盘
256,14:43:54,7.56,0.01,23,17388,买盘
257,14:43:51,7.55,--,46,34730,卖盘
258,14:43:48,7.55,-0.01,24,18120,卖盘
259,14:43:45,7.56,--,20,15120,买盘
260,14:43:39,7.56,--,25,18900,买盘
261,14:43:36,7.56,--,372,281232,买盘
262,14:43:30,7.56,0.01,8,6048,买盘
263,14:43:27,7.55,-0.01,49,36995,卖盘
264,14:43:24,7.56,0.01,516,390096,买盘
265,14:43:21,7.55,-0.01,34,25670,卖盘
266,14:43:18,7.56,0.01,39,29484,买盘
267,14:43:15,7.55,-0.01,103,77765,卖盘
268,14:43:12,7.56,--,7,5292,买盘
269,14:43:09,7.56,0.01,132,99792,买盘
270,14:43:06,7.55,--,649,489995,卖盘
271,14:43:03,7.55,--,48,36240,卖盘
272,14:43:00,7.55,-0.01,8,6040,卖盘
273,14:42:57,7.56,--,77,58212,买盘
274,14:42:54,7.56,0.01,25,18900,买盘
275,14:42:51,7.55,--,2,1510,卖盘
276,14:42:48,7.55,-0.01,5,3775,卖盘
277,14:42:45,7.56,0.01,20,15120,买盘
278,14:42:42,7.55,--,40,30200,卖盘
279,14:42:36,7.55,--,69,52095,卖盘
280,14:42:33,7.55,--,52,39260,卖盘
281,14:42:30,7.55,-0.01,45,33975,卖盘
282,14:42:27,7.56,0.01,149,112644,买盘
283,14:42:24,7.55,--,3,2265,卖盘
284,14:42:21,7.55,-0.01,10,7550,卖盘
285,14:42:18,7.56,--,78,58968,买盘
286,14:42:15,7.56,0.01,56,42336,买盘
287,14:42:12,7.55,--,1101,831255,卖盘
288,14:42:09,7.55,-0.01,407,307285,卖盘
289,14:42:06,7.56,--,13,9828,买盘
290,14:42:03,7.56,--,55,41580,买盘
291,14:42:00,7.56,--,8,6048,买盘
292,14:41:57,7.56,--,64,48384,买盘
293,14:41:54,7.56,0.01,138,104328,买盘
294,14:41:51,7.55,-0.01,41,30955,卖盘
295,14:41:48,7.56,--,57,43092,买盘
296,14:41:45,7.56,--,26,19656,买盘
297,14:41:42,7.56,--,82,61992,买盘
298,14:41:39,7.56,--,61,46116,买盘
299,14:41:36,7.56,--,23,17388,买盘
300,14:41:33,7.56,0.01,70,52920,买盘
301,14:41:30,7.55,-0.01,25,18875,卖盘
302,14:41:27,7.56,--,101,76356,买盘
303,14:41:24,7.56,--,1121,847476,买盘
304,14:41:21,7.56,0.01,1,756,买盘
305,14:41:18,7.55,-0.01,7,5285,卖盘
306,14:41:15,7.56,--,34,25704,买盘
307,14:41:12,7.56,--,46,34776,买盘
308,14:41:09,7.56,--,52,39312,买盘
309,14:41:06,7.56,--,50,37800,买盘
310,14:41:03,7.56,--,51,38556,买盘
311,14:41:00,7.56,--,140,105840,买盘
312,14:40:57,7.56,0.01,2,1512,买盘
313,14:40:54,7.55,-0.01,47,35485,卖盘
314,14:40:51,7.56,--,23,17388,买盘
315,14:40:48,7.56,--,80,60480,买盘
316,14:40:45,7.56,0.01,25,18900,买盘
317,14:40:42,7.55,-0.01,16,12080,卖盘
318,14:40:39,7.56,--,25,18900,买盘
319,14:40:36,7.56,--,9,6804,买盘
320,14:40:33,7.56,0.01,63,47628,买盘
321,14:40:30,7.55,-0.01,22,16610,卖盘
322,14:40:27,7.56,--,16,12096,买盘
323,14:40:24,7.56,0.01,23,17388,买盘
324,14:40:21,7.55,--,81,61155,卖盘
325,14:40:18,7.55,--,45,33975,卖盘
326,14:40:15,7.55,-0.01,56,42280,卖盘
327,14:40:12,7.56,--,67,50652,买盘
328,14:40:09,7.56,0.01,18,13608,买盘
329,14:40:06,7.55,--,71,53605,卖盘
330,14:40:03,7.55,-0.01,49,36995,卖盘
331,14:40:00,7.56,--,25,18900,买盘
332,14:39:57,7.56,0.01,301,227556,买盘
333,14:39:54,7.55,-0.01,18,13590,卖盘
334,14:39:51,7.56,--,5,3780,买盘
335,14:39:48,7.56,--,77,58212,买盘
336,14:39:45,7.56,--,16,12096,买盘
337,14:39:42,7.56,--,4,3024,买盘
338,14:39:39,7.56,0.01,108,81648,买盘
339,14:39:36,7.55,-0.01,25,18875,卖盘
340,14:39:33,7.56,--,27,20412,买盘
341,14:39:30,7.56,0.01,22,16632,买盘
342,14:39:27,7.55,-0.01,5,3775,卖盘
343,14:39:24,7.56,0.01,5,3780,买盘
344,14:39:21,7.55,-0.01,48,36240,卖盘
345,14:39:18,7.56,--,18,13608,买盘
346,14:39:15,7.56,0.01,15,11340,买盘
347,14:39:12,7.55,-0.01,3,2265,卖盘
348,14:39:09,7.56,--,21,15876,买盘
349,14:39:06,7.56,--,142,107352,买盘
350,14:39:03,7.56,--,16,12096,买盘
351,14:39:00,7.56,0.01,34,25704,买盘
352,14:38:57,7.55,-0.01,6,4530,卖盘
353,14:38:54,7.56,--,20,15120,买盘
354,14:38:51,7.56,--,56,42336,买盘
355,14:38:48,7.56,--,25,18900,买盘
356,14:38:45,7.56,0.01,34,25704,买盘
357,14:38:36,7.55,-0.01,20,15100,卖盘
358,14:38:33,7.56,--,24,18144,买盘
359,14:38:30,7.56,--,75,56700,买盘
360,14:38:27,7.56,0.01,58,43848,买盘
361,14:38:24,7.55,-0.01,135,101925,卖盘
362,14:38:18,7.56,0.01,17,12852,买盘
363,14:38:15,7.55,-0.01,2,1510,卖盘
364,14:38:12,7.56,--,8,6048,买盘
365,14:38:09,7.56,--,17,12852,买盘
366,14:38:06,7.56,--,65,49140,买盘
367,14:38:03,7.56,--,134,101304,买盘
368,14:38:00,7.56,0.01,37,27972,买盘
369,14:37:57,7.55,--,28,21140,卖盘
370,14:37:54,7.55,-0.01,18,13590,卖盘
371,14:37:48,7.56,0.01,39,29484,买盘
372,14:37:45,7.55,-0.01,80,60400,卖盘
373,14:37:42,7.56,--,20,15120,买盘
374,14:37:39,7.56,--,26,19656,买盘
375,14:37:36,7.56,--,9,6804,买盘
376,14:37:33,7.56,--,27,20412,买盘
377,14:37:30,7.56,--,20,15120,买盘
378,14:37:27,7.56,--,7,5292,买盘
379,14:37:24,7.56,0.01,69,52164,买盘
380,14:37:18,7.55,--,30,22650,卖盘
381,14:37:15,7.55,-0.01,31,23405,卖盘
382,14:37:12,7.56,0.01,7,5292,买盘
383,14:37:09,7.55,--,22,16610,卖盘
384,14:37:06,7.55,-0.01,98,73990,卖盘
385,14:37:03,7.56,0.01,25,18900,买盘
386,14:37:00,7.55,--,5,3775,卖盘
387,14:36:57,7.55,--,27,20385,卖盘
388,14:36:51,7.55,-0.01,33,24915,卖盘
389,14:36:48,7.56,0.01,21,15876,买盘
390,14:36:45,7.55,-0.01,10,7550,卖盘
391,14:36:42,7.56,--,117,88452,买盘
392,14:36:39,7.56,0.01,10,7560,买盘
393,14:36:33,7.55,-0.01,3,2265,卖盘
394,14:36:30,7.56,--,8,6048,买盘
395,14:36:27,7.56,--,28,21168,买盘
396,14:36:24,7.56,--,26,19656,买盘
397,14:36:21,7.56,0.01,5,3780,买盘
398,14:36:18,7.55,--,147,110985,卖盘
399,14:36:15,7.55,-0.01,342,258210,卖盘
400,14:36:12,7.56,0.01,19,14364,买盘
401,14:36:06,7.55,-0.01,29,21895,卖盘
402,14:36:03,7.56,--,7,5292,买盘
403,14:36:00,7.56,--,53,40068,买盘
404,14:35:51,7.56,0.01,21,15876,买盘
405,14:35:45,7.55,-0.01,66,49830,卖盘
406,14:35:42,7.56,0.01,306,231336,买盘
407,14:35:39,7.55,-0.01,93,70215,卖盘
408,14:35:36,7.56,0.01,38,28728,买盘
409,14:35:33,7.55,--,25,18875,卖盘
410,14:35:30,7.55,-0.01,276,208380,卖盘
411,14:35:27,7.56,--,18,13608,买盘
412,14:35:24,7.56,0.01,18,13608,买盘
413,14:35:21,7.55,-0.01,3,2265,卖盘
414,14:35:18,7.56,--,23,17388,买盘
415,14:35:15,7.56,0.01,483,365148,买盘
416,14:35:12,7.55,-0.01,40,30200,卖盘
417,14:35:09,7.56,--,26,19656,买盘
418,14:35:06,7.56,0.01,146,110376,买盘
419,14:35:03,7.55,--,11,8305,卖盘
420,14:35:00,7.55,-0.01,18,13590,卖盘
421,14:34:57,7.56,0.01,17,12852,买盘
422,14:34:54,7.55,-0.01,2,1510,卖盘
423,14:34:48,7.56,--,21,15876,买盘
424,14:34:45,7.56,--,18,13608,买盘
425,14:34:42,7.56,--,7,5292,买盘
426,14:34:39,7.56,0.01,28,21168,买盘
427,14:34:36,7.55,--,23,17365,卖盘
428,14:34:33,7.55,-0.01,73,55115,卖盘
429,14:34:30,7.56,0.01,20,15120,买盘
430,14:34:27,7.55,-0.01,7,5285,卖盘
431,14:34:21,7.56,--,23,17388,买盘
432,14:34:12,7.56,--,61,46116,买盘
433,14:34:09,7.56,0.01,8,6048,买盘
434,14:34:06,7.55,--,157,118535,卖盘
435,14:34:03,7.55,--,8,6040,卖盘
436,14:34:00,7.55,-0.01,7,5285,卖盘
437,14:33:57,7.56,0.01,34,25704,买盘
438,14:33:54,7.55,-0.01,2,1510,卖盘
439,14:33:51,7.56,--,26,19656,买盘
440,14:33:48,7.56,0.01,10,7560,买盘
441,14:33:45,7.55,-0.01,85,64175,卖盘
442,14:33:42,7.56,--,201,151956,买盘
443,14:33:36,7.56,0.01,41,30996,买盘
444,14:33:33,7.55,-0.01,435,328425,卖盘
445,14:33:30,7.56,0.01,210,158760,买盘
446,14:33:27,7.55,--,130,98150,卖盘
447,14:33:24,7.55,--,3,2265,卖盘
448,14:33:21,7.55,-0.01,41,30955,卖盘
449,14:33:18,7.56,0.01,30,22680,买盘
450,14:33:12,7.55,-0.01,1,755,卖盘
451,14:33:09,7.56,--,62,46872,买盘
452,14:33:06,7.56,0.01,610,461160,买盘
453,14:33:03,7.55,-0.01,13,9815,卖盘
454,14:33:00,7.56,--,76,57456,买盘
455,14:32:57,7.56,--,11,8316,买盘
456,14:32:51,7.56,0.01,15,11340,买盘
457,14:32:48,7.55,-0.01,29,21895,卖盘
458,14:32:42,7.56,--,47,35532,买盘
459,14:32:39,7.56,--,69,52164,买盘
460,14:32:36,7.56,--,46,34776,买盘
461,14:32:33,7.56,--,34,25704,买盘
462,14:32:30,7.56,0.01,8,6048,买盘
463,14:32:24,7.55,--,2,1510,卖盘
464,14:32:18,7.55,-0.01,21,15855,卖盘
465,14:32:15,7.56,--,31,23436,买盘
466,14:32:12,7.56,0.01,32,24192,买盘
467,14:32:09,7.55,-0.01,55,41525,卖盘
468,14:32:06,7.56,0.01,38,28728,买盘
469,14:32:03,7.55,--,174,131370,卖盘
470,14:32:00,7.55,-0.01,22,16610,卖盘
471,14:31:57,7.56,0.01,135,102060,买盘
472,14:31:54,7.55,-0.01,6,4530,卖盘
473,14:31:51,7.56,0.01,56,42336,买盘
474,14:31:48,7.55,--,28,21140,卖盘
475,14:31:45,7.55,-0.01,12,9060,卖盘
476,14:31:42,7.56,--,7,5292,买盘
477,14:31:39,7.56,0.01,155,117180,买盘
478,14:31:36,7.55,-0.01,3,2265,卖盘
479,14:31:33,7.56,0.01,5,3780,买盘
480,14:31:30,7.55,-0.01,20,15100,卖盘
481,14:31:27,7.56,--,6,4536,买盘
482,14:31:24,7.56,0.01,1,756,买盘
483,14:31:21,7.55,--,62,46810,卖盘
484,14:31:18,7.55,-0.01,1,755,卖盘
485,14:31:15,7.56,--,38,28728,买盘
486,14:31:12,7.56,--,133,100548,买盘
487,14:31:09,7.56,0.01,6,4536,买盘
488,14:31:06,7.55,-0.01,40,30200,卖盘
489,14:31:03,7.56,0.01,16,12096,买盘
490,14:31:00,7.55,-0.01,56,42280,卖盘
491,14:30:57,7.56,0.01,14,10584,买盘
492,14:30:54,7.55,--,9,6795,卖盘
493,14:30:51,7.55,--,19,14647,卖盘
494,14:30:48,7.55,-0.01,5,3775,卖盘
495,14:30:42,7.56,--,56,42336,买盘
496,14:30:39,7.56,0.01,48,36288,买盘
497,14:30:33,7.55,--,30,22650,卖盘
498,14:30:30,7.55,-0.01,402,303510,卖盘
499,14:30:27,7.56,--,1,756,买盘
500,14:30:24,7.56,--,205,154980,买盘
501,14:30:18,7.56,0.01,65,49140,买盘
502,14:30:15,7.55,-0.01,128,96640,卖盘
503,14:30:09,7.56,--,19,14364,买盘
504,14:30:06,7.56,0.01,85,64260,买盘
505,14:30:03,7.55,-0.01,72,54360,卖盘
506,14:30:00,7.56,--,6,4536,买盘
507,14:29:57,7.56,0.01,79,59724,买盘
508,14:29:48,7.55,--,45,33975,卖盘
509,14:29:45,7.55,-0.01,30,22650,卖盘
510,14:29:42,7.56,0.01,169,127764,买盘
511,14:29:33,7.55,-0.01,10,7550,卖盘
512,14:29:30,7.56,--,18,13608,买盘
513,14:29:24,7.56,--,11,8316,买盘
514,14:29:21,7.56,--,227,171612,买盘
515,14:29:18,7.56,--,24,18144,买盘
516,14:29:15,7.56,0.01,6,4536,买盘
517,14:29:12,7.55,--,24,18120,卖盘
518,14:29:06,7.55,-0.01,7,5285,卖盘
519,14:29:03,7.56,--,23,17388,买盘
520,14:29:00,7.56,--,26,19656,买盘
521,14:28:57,7.56,0.01,17,12852,买盘
522,14:28:54,7.55,--,3,2265,卖盘
523,14:28:51,7.55,-0.01,28,21140,卖盘
524,14:28:48,7.56,0.01,5,3780,买盘
525,14:28:45,7.55,--,40,30200,卖盘
526,14:28:42,7.55,--,83,62665,卖盘
527,14:28:39,7.55,--,50,37750,卖盘
528,14:28:36,7.55,-0.01,61,46055,卖盘
529,14:28:33,7.56,--,86,65016,买盘
530,14:28:30,7.56,--,1013,765828,买盘
531,14:28:24,7.56,0.01,6,4536,买盘
532,14:28:21,7.55,--,16,12080,卖盘
533,14:28:09,7.55,-0.01,5,3775,卖盘
534,14:28:06,7.56,--,17,12852,买盘
535,14:28:03,7.56,--,5,3780,买盘
536,14:28:00,7.56,0.01,6,4536,买盘
537,14:27:57,7.55,--,5,3775,卖盘
538,14:27:54,7.55,-0.01,22,16610,卖盘
539,14:27:42,7.56,--,1,756,买盘
540,14:27:39,7.56,0.01,21,15876,买盘
541,14:27:36,7.55,--,27,20385,卖盘
542,14:27:33,7.55,-0.01,143,107965,卖盘
543,14:27:30,7.56,--,20,15120,买盘
544,14:27:27,7.56,0.01,56,42336,买盘
545,14:27:24,7.55,-0.01,301,227255,卖盘
546,14:27:21,7.56,--,28,21168,买盘
547,14:27:18,7.56,0.01,3,2268,买盘
548,14:27:12,7.55,--,20,15100,卖盘
549,14:27:09,7.55,-0.01,37,27935,卖盘
550,14:27:06,7.56,--,534,403704,买盘
551,14:27:03,7.56,--,216,163296,买盘
552,14:27:00,7.56,0.01,18,13608,买盘
553,14:26:57,7.55,-0.01,1,755,卖盘
554,14:26:54,7.56,0.01,7,5292,买盘
555,14:26:48,7.55,--,20,15100,卖盘
556,14:26:45,7.55,-0.01,200,151000,卖盘
557,14:26:42,7.56,--,32,24192,买盘
558,14:26:39,7.56,0.01,25,18900,买盘
559,14:26:36,7.55,-0.01,1,755,卖盘
560,14:26:33,7.56,0.01,10,7560,买盘
561,14:26:30,7.55,-0.01,16,12080,卖盘
562,14:26:27,7.56,0.01,75,56700,买盘
563,14:26:21,7.55,-0.01,45,34277,卖盘
564,14:26:18,7.56,0.01,28,21168,买盘
565,14:26:15,7.55,-0.01,74,55870,卖盘
566,14:26:12,7.56,--,29,21924,买盘
567,14:26:09,7.56,0.01,23,17388,买盘
568,14:26:03,7.55,-0.01,9,6795,卖盘
569,14:26:00,7.56,0.01,6,4536,买盘
570,14:25:54,7.55,--,50,37750,卖盘
571,14:25:51,7.55,--,42,31710,卖盘
572,14:25:48,7.55,-0.01,3,2265,卖盘
573,14:25:45,7.56,--,10,7560,买盘
574,14:25:42,7.56,--,14,10584,买盘
575,14:25:39,7.56,0.01,29,21924,买盘
576,14:25:36,7.55,--,12,9060,卖盘
577,14:25:33,7.55,--,9,6795,卖盘
578,14:25:30,7.55,--,30,22650,卖盘
579,14:25:27,7.55,--,13,9815,卖盘
580,14:25:24,7.55,--,19,14345,卖盘
581,14:25:21,7.55,-0.01,3,2265,卖盘
582,14:25:18,7.56,--,16,12096,买盘
583,14:25:15,7.56,0.01,1,756,买盘
584,14:25:12,7.55,--,37,27935,卖盘
585,14:25:09,7.55,--,45,33975,卖盘
586,14:25:03,7.55,--,53,40015,卖盘
587,14:25:00,7.55,-0.01,51,38505,卖盘
588,14:24:57,7.56,0.01,14,10584,买盘
589,14:24:54,7.55,--,100,75500,卖盘
590,14:24:51,7.55,--,109,82295,卖盘
591,14:24:48,7.55,--,200,151000,卖盘
592,14:24:45,7.55,-0.01,14,10570,卖盘
593,14:24:42,7.56,0.01,25,18900,买盘
594,14:24:39,7.55,-0.01,4,3020,卖盘
595,14:24:36,7.56,--,15,11340,买盘
596,14:24:33,7.56,--,16,12096,买盘
597,14:24:30,7.56,--,9,6804,买盘
598,14:24:27,7.56,--,16,12096,买盘
599,14:24:24,7.56,0.01,55,41580,买盘
600,14:24:21,7.55,-0.01,550,415250,卖盘
601,14:24:18,7.56,--,15,11340,买盘
602,14:24:15,7.56,--,6,4536,买盘
603,14:24:12,7.56,0.01,87,65772,买盘
604,14:24:09,7.55,-0.01,17,12835,卖盘
605,14:24:06,7.56,--,28,21168,买盘
606,14:24:03,7.56,--,56,42336,买盘
607,14:23:57,7.56,--,59,44604,买盘
608,14:23:54,7.56,--,16,12096,买盘
609,14:23:48,7.56,0.01,17,12852,买盘
610,14:23:45,7.55,-0.01,44,33220,卖盘
611,14:23:42,7.56,--,36,27216,买盘
612,14:23:39,7.56,0.01,22,16632,买盘
613,14:23:36,7.55,-0.01,70,52850,卖盘
614,14:23:33,7.56,--,931,703836,买盘
615,14:23:30,7.56,--,1,756,买盘
616,14:23:27,7.56,--,5,3780,买盘
617,14:23:24,7.56,0.01,17,12852,买盘
618,14:23:21,7.55,-0.01,37,27935,卖盘
619,14:23:15,7.56,--,19,14364,买盘
620,14:23:12,7.56,--,22,16632,买盘
621,14:23:09,7.56,--,18,13608,买盘
622,14:23:06,7.56,--,8,6048,买盘
623,14:23:03,7.56,--,120,90720,买盘
624,14:23:00,7.56,--,45,34020,买盘
625,14:22:57,7.56,0.01,114,86184,买盘
626,14:22:54,7.55,--,2617,1975835,买盘
627,14:22:51,7.55,0.01,19,14345,买盘
628,14:22:48,7.54,-0.01,3,2262,卖盘
629,14:22:45,7.55,--,33,24915,买盘
630,14:22:42,7.55,0.01,91,68705,买盘
631,14:22:36,7.54,-0.01,10,7540,卖盘
632,14:22:33,7.55,--,15,11325,买盘
633,14:22:30,7.55,0.01,16,12080,买盘
634,14:22:27,7.54,-0.01,110,82940,卖盘
635,14:22:24,7.55,0.01,9,6795,买盘
636,14:22:21,7.54,-0.01,162,122148,卖盘
637,14:22:18,7.55,--,68,51340,买盘
638,14:22:15,7.55,--,324,244620,买盘
639,14:22:12,7.55,0.01,23,17365,买盘
640,14:22:09,7.54,--,78,58812,卖盘
641,14:22:06,7.54,--,25,18850,卖盘
642,14:22:03,7.54,--,15,11310,卖盘
643,14:22:00,7.54,-0.01,156,117624,卖盘
644,14:21:57,7.55,--,25,18875,买盘
645,14:21:54,7.55,0.01,7,5285,买盘
646,14:21:51,7.54,--,40,30160,卖盘
647,14:21:48,7.54,--,13,9802,卖盘
648,14:21:45,7.54,-0.01,98,73892,卖盘
649,14:21:42,7.55,0.01,6,4530,买盘
650,14:21:39,7.54,--,42,31668,卖盘
651,14:21:27,7.54,-0.01,5,3770,卖盘
652,14:21:24,7.55,--,196,147980,买盘
653,14:21:18,7.55,0.01,51,38505,买盘
654,14:21:15,7.54,--,109,82186,卖盘
655,14:21:06,7.54,-0.01,3,2262,卖盘
656,14:21:03,7.55,--,1,755,买盘
657,14:20:57,7.55,--,5,3775,买盘
658,14:20:54,7.55,--,16,12080,买盘
659,14:20:51,7.55,--,20,15100,买盘
660,14:20:48,7.55,--,196,147980,买盘
661,14:20:42,7.55,0.01,10,7550,买盘
662,14:20:39,7.54,-0.01,76,57304,卖盘
663,14:20:36,7.55,0.01,105,79275,买盘
664,14:20:33,7.54,-0.01,13,9802,卖盘
665,14:20:30,7.55,--,6,4530,买盘
666,14:20:27,7.55,--,50,37750,买盘
667,14:20:24,7.55,--,90,67950,买盘
668,14:20:18,7.55,--,5,3775,买盘
669,14:20:15,7.55,--,153,116119,卖盘
670,14:20:12,7.55,--,933,704566,卖盘
671,14:20:09,7.55,-0.01,204,154020,卖盘
672,14:20:06,7.56,--,22,16632,买盘
673,14:20:00,7.56,--,30,22680,买盘
674,14:19:57,7.56,--,40,30240,买盘
675,14:19:54,7.56,--,87,65772,买盘
676,14:19:51,7.56,--,137,103572,买盘
677,14:19:48,7.56,0.01,212,160272,买盘
678,14:19:45,7.55,-0.01,198,149490,卖盘
679,14:19:42,7.56,--,16,12096,买盘
680,14:19:39,7.56,0.01,53,40068,买盘
681,14:19:36,7.55,--,31,23405,卖盘
682,14:19:33,7.55,-0.01,325,245375,卖盘
683,14:19:30,7.56,--,26,19656,买盘
684,14:19:27,7.56,0.01,10,7560,买盘
685,14:19:24,7.55,-0.01,218,164590,卖盘
686,14:19:21,7.56,0.01,6,4536,买盘
687,14:19:18,7.55,--,45,33975,卖盘
688,14:19:15,7.55,--,536,404680,卖盘
689,14:19:12,7.55,--,200,151000,卖盘
690,14:19:09,7.55,-0.01,14,10570,卖盘
691,14:19:06,7.56,0.01,29,21924,买盘
692,14:19:03,7.55,-0.01,52,39260,卖盘
693,14:19:00,7.56,--,15,11340,买盘
694,14:18:57,7.56,0.01,30,22680,买盘
695,14:18:54,7.55,-0.01,139,104945,卖盘
696,14:18:51,7.56,0.01,21,15876,买盘
697,14:18:48,7.55,-0.01,29,21895,卖盘
698,14:18:45,7.56,--,16,12096,买盘
699,14:18:42,7.56,0.01,11,8316,买盘
700,14:18:39,7.55,--,70,52850,卖盘
701,14:18:36,7.55,-0.01,84,63420,卖盘
702,14:18:33,7.56,0.01,372,281232,买盘
703,14:18:30,7.55,--,66,49830,卖盘
704,14:18:24,7.55,-0.01,57,43035,卖盘
705,14:18:21,7.56,--,15,11340,买盘
706,14:18:18,7.56,0.01,359,271404,买盘
707,14:18:15,7.55,-0.01,39,29445,卖盘
708,14:18:12,7.56,0.01,22,16632,买盘
709,14:18:09,7.55,--,99,74745,卖盘
710,14:18:06,7.55,-0.01,202,152510,卖盘
711,14:18:03,7.56,--,2,1512,买盘
712,14:18:00,7.56,--,90,68040,买盘
713,14:17:57,7.56,--,136,102816,买盘
714,14:17:54,7.56,0.01,23,17388,买盘
715,14:17:51,7.55,-0.01,546,412230,卖盘
716,14:17:48,7.56,0.01,75,56700,买盘
717,14:17:45,7.55,--,1728,1304640,卖盘
718,14:17:42,7.55,--,42,31710,卖盘
719,14:17:39,7.55,--,104,78520,卖盘
720,14:17:36,7.55,--,19,14345,卖盘
721,14:17:33,7.55,--,43,32465,卖盘
722,14:17:30,7.55,--,12,9060,卖盘
723,14:17:27,7.55,-0.01,65,49075,卖盘
724,14:17:24,7.56,--,140,105840,买盘
725,14:17:21,7.56,--,438,331128,买盘
726,14:17:18,7.56,0.01,156,117936,买盘
727,14:17:15,7.55,-0.01,1024,773120,卖盘
728,14:17:12,7.56,--,17,12852,买盘
729,14:17:09,7.56,0.01,1,756,买盘
730,14:17:06,7.55,--,11,8305,卖盘
731,14:17:03,7.55,--,43,32465,卖盘
732,14:17:00,7.55,--,311,234805,卖盘
733,14:16:57,7.55,-0.01,103,77765,卖盘
734,14:16:54,7.56,--,51,38556,买盘
735,14:16:51,7.56,--,412,311472,买盘
736,14:16:48,7.56,--,30,22680,买盘
737,14:16:45,7.56,0.01,47,35532,买盘
738,14:16:42,7.55,--,114,86070,卖盘
739,14:16:39,7.55,--,166,125330,卖盘
740,14:16:33,7.55,-0.01,12,9060,卖盘
741,14:16:30,7.56,--,32,24192,买盘
742,14:16:27,7.56,0.01,5,3780,买盘
743,14:16:24,7.55,--,47,35485,卖盘
744,14:16:21,7.55,--,40,30200,卖盘
745,14:16:18,7.55,-0.01,8,6040,卖盘
746,14:16:15,7.56,--,42,31752,买盘
747,14:16:12,7.56,0.01,39,29484,买盘
748,14:16:09,7.55,-0.01,905,683275,卖盘
749,14:16:06,7.56,--,36,27216,买盘
750,14:16:03,7.56,--,23,17388,买盘
751,14:15:57,7.56,0.01,33,24948,买盘
752,14:15:54,7.55,-0.01,12,9060,卖盘
753,14:15:45,7.56,0.01,16,12096,买盘
754,14:15:42,7.55,-0.01,15,11325,卖盘
755,14:15:39,7.56,0.01,66,49896,买盘
756,14:15:36,7.55,--,26,19630,卖盘
757,14:15:33,7.55,-0.01,16,12080,卖盘
758,14:15:30,7.56,0.01,47,35532,买盘
759,14:15:27,7.55,-0.01,315,237825,卖盘
760,14:15:24,7.56,0.01,87,65772,买盘
761,14:15:21,7.55,--,12,9060,卖盘
762,14:15:18,7.55,-0.01,29,21895,卖盘
763,14:15:15,7.56,0.01,123,92988,买盘
764,14:15:12,7.55,--,55,41525,卖盘
765,14:15:09,7.55,--,14,10570,卖盘
766,14:15:06,7.55,-0.01,21,15855,卖盘
767,14:15:03,7.56,0.01,16,12096,买盘
768,14:15:00,7.55,-0.01,13,9815,卖盘
769,14:14:57,7.56,--,13,9828,买盘
770,14:14:54,7.56,--,178,134568,买盘
771,14:14:51,7.56,--,126,95256,买盘
772,14:14:48,7.56,0.01,36,27216,买盘
773,14:14:45,7.55,-0.01,55,41525,卖盘
774,14:14:42,7.56,--,18,13608,买盘
775,14:14:39,7.56,0.01,6,4536,买盘
776,14:14:36,7.55,--,15,11325,卖盘
777,14:14:33,7.55,--,21,15855,卖盘
778,14:14:30,7.55,-0.01,19,14345,卖盘
779,14:14:27,7.56,--,27,20412,买盘
780,14:14:24,7.56,0.01,63,47628,买盘
781,14:14:21,7.55,--,29,21895,卖盘
782,14:14:15,7.55,-0.01,4,3020,卖盘
783,14:14:12,7.56,0.01,21,15876,买盘
784,14:14:09,7.55,-0.01,40,30200,卖盘
785,14:14:06,7.56,0.01,36,27216,买盘
786,14:14:03,7.55,-0.01,433,326915,卖盘
787,14:14:00,7.56,--,16,12096,买盘
788,14:13:57,7.56,0.01,19,14364,买盘
789,14:13:54,7.55,-0.01,216,163080,卖盘
790,14:13:48,7.56,--,18,13608,买盘
791,14:13:45,7.56,--,17,12852,买盘
792,14:13:42,7.56,--,8,6048,买盘
793,14:13:39,7.56,0.01,7,5292,买盘
794,14:13:36,7.55,-0.01,161,121555,卖盘
795,14:13:33,7.56,0.01,3,2268,买盘
796,14:13:30,7.55,--,5,3775,卖盘
797,14:13:21,7.55,-0.01,9,6795,卖盘
798,14:13:18,7.56,0.01,9,6804,买盘
799,14:13:15,7.55,--,142,107210,卖盘
800,14:13:09,7.55,-0.01,26,19630,卖盘
801,14:13:06,7.56,--,7,5292,买盘
802,14:13:03,7.56,--,191,145000,买盘
803,14:13:00,7.56,--,1010,763560,买盘
804,14:12:57,7.56,--,9,6804,买盘
805,14:12:54,7.56,0.01,6,4536,买盘
806,14:12:51,7.55,-0.01,53,40015,卖盘
807,14:12:48,7.56,--,12,9072,买盘
808,14:12:45,7.56,0.01,5,3780,买盘
809,14:12:42,7.55,--,8,6040,卖盘
810,14:12:39,7.55,--,76,57380,卖盘
811,14:12:36,7.55,--,4,3020,卖盘
812,14:12:30,7.55,--,3,2265,卖盘
813,14:12:27,7.55,--,14,10570,卖盘
814,14:12:24,7.55,-0.01,6,4530,卖盘
815,14:12:15,7.56,0.01,42,31752,买盘
816,14:12:12,7.55,-0.01,25,18875,卖盘
817,14:12:06,7.56,0.01,6,4536,买盘
818,14:12:03,7.55,--,17,12835,卖盘
819,14:12:00,7.55,-0.01,172,129860,卖盘
820,14:11:57,7.56,--,51,38556,买盘
821,14:11:54,7.56,--,129,97524,买盘
822,14:11:51,7.56,--,127,96012,买盘
823,14:11:48,7.56,--,33,24948,买盘
824,14:11:45,7.56,--,116,87847,卖盘
825,14:11:42,7.56,--,27,20412,卖盘
826,14:11:39,7.56,--,24,18144,卖盘
827,14:11:36,7.56,--,10,7560,卖盘
828,14:11:33,7.56,-0.01,61,46116,卖盘
829,14:11:30,7.57,0.01,259,196668,买盘
830,14:11:27,7.56,0.01,400,302400,买盘
831,14:11:24,7.55,-0.01,7,5285,卖盘
832,14:11:21,7.56,--,89,67284,买盘
833,14:11:18,7.56,--,1819,1375315,卖盘
834,14:11:15,7.56,--,133,100548,卖盘
835,14:11:12,7.56,--,16,12096,卖盘
836,14:11:09,7.56,--,37,27972,卖盘
837,14:11:06,7.56,--,10,7560,卖盘
838,14:11:03,7.56,-0.01,50,37800,卖盘
839,14:11:00,7.57,--,26,19682,买盘
840,14:10:57,7.57,0.01,13,9841,买盘
841,14:10:54,7.56,--,10,7560,卖盘
842,14:10:51,7.56,-0.01,7,5292,卖盘
843,14:10:48,7.57,0.01,6,4542,买盘
844,14:10:45,7.56,-0.01,70,52920,卖盘
845,14:10:42,7.57,0.01,16,12112,买盘
846,14:10:39,7.56,--,35,26460,卖盘
847,14:10:36,7.56,--,37,27972,卖盘
848,14:10:33,7.56,--,116,87696,卖盘
849,14:10:30,7.56,--,21,15876,卖盘
850,14:10:27,7.56,--,20,15120,卖盘
851,14:10:24,7.56,--,5,3780,卖盘
852,14:10:21,7.56,-0.01,25,18900,卖盘
853,14:10:18,7.57,0.01,16,12112,买盘
854,14:10:15,7.56,--,145,110224,买盘
855,14:10:12,7.56,--,97,73483,卖盘
856,14:10:06,7.56,--,10,8164,买盘
857,14:10:03,7.56,0.01,39,29484,买盘
858,14:10:00,7.55,-0.01,41,30955,卖盘
859,14:09:57,7.56,--,849,641844,卖盘
860,14:09:54,7.56,-0.01,7,5292,卖盘
861,14:09:51,7.57,--,20,15140,买盘
862,14:09:48,7.57,0.01,107,80999,买盘
863,14:09:45,7.56,--,9,6804,卖盘
864,14:09:39,7.56,--,25,18900,卖盘
865,14:09:36,7.56,--,203,153468,卖盘
866,14:09:30,7.56,0.01,3,2268,买盘
867,14:09:27,7.55,--,5,3775,卖盘
868,14:09:24,7.55,-0.02,7,5285,卖盘
869,14:09:21,7.57,--,31,23467,买盘
870,14:09:18,7.57,0.01,252,190764,买盘
871,14:09:15,7.56,-0.01,4888,3695388,卖盘
872,14:09:12,7.57,--,33,24981,买盘
873,14:09:09,7.57,0.01,90,68130,买盘
874,14:09:06,7.56,-0.01,21,15876,卖盘
875,14:09:03,7.57,--,192,145344,买盘
876,14:09:00,7.57,--,74,56018,买盘
877,14:08:57,7.57,0.01,12,9084,买盘
878,14:08:54,7.56,--,99,74844,卖盘
879,14:08:51,7.56,-0.01,30,22680,卖盘
880,14:08:48,7.57,0.01,49,37093,买盘
881,14:08:45,7.56,-0.01,172,130032,卖盘
882,14:08:42,7.57,0.01,5,3785,买盘
883,14:08:39,7.56,-0.01,8,6048,卖盘
884,14:08:36,7.57,--,5,3785,买盘
885,14:08:33,7.57,0.01,66,49962,买盘
886,14:08:27,7.56,-0.01,11,8316,卖盘
887,14:08:24,7.57,--,16,12112,买盘
888,14:08:21,7.57,--,14,10598,买盘
889,14:08:18,7.57,--,20,15140,买盘
890,14:08:15,7.57,0.01,123,93111,买盘
891,14:08:12,7.56,-0.01,5,3780,卖盘
892,14:08:09,7.57,--,17,12869,买盘
893,14:08:06,7.57,--,16,12112,买盘
894,14:08:03,7.57,0.01,1,757,买盘
895,14:08:00,7.56,-0.01,9,6804,卖盘
896,14:07:57,7.57,--,37,28009,买盘
897,14:07:54,7.57,--,6,4542,买盘
898,14:07:51,7.57,0.01,69,52233,买盘
899,14:07:48,7.56,--,14,10584,卖盘
900,14:07:45,7.56,-0.01,124,93744,卖盘
901,14:07:42,7.57,0.01,16,12112,买盘
902,14:07:39,7.56,--,4,3024,卖盘
903,14:07:36,7.56,-0.01,1,756,卖盘
904,14:07:33,7.57,0.01,71,53747,买盘
905,14:07:30,7.56,--,57,43092,卖盘
906,14:07:27,7.56,--,9,6804,卖盘
907,14:07:24,7.56,-0.01,56,42336,卖盘
908,14:07:21,7.57,--,116,87812,买盘
909,14:07:18,7.57,0.01,16,12112,买盘
910,14:07:15,7.56,-0.01,59,44604,卖盘
911,14:07:12,7.57,0.01,33,24981,买盘
912,14:07:09,7.56,--,41,30996,卖盘
913,14:07:06,7.56,-0.01,5,3780,卖盘
914,14:07:03,7.57,--,8,6056,买盘
915,14:07:00,7.57,--,42,31794,买盘
916,14:06:57,7.57,--,6,4542,买盘
917,14:06:54,7.57,0.01,25,18925,买盘
918,14:06:51,7.56,-0.01,66,49896,卖盘
919,14:06:48,7.57,--,27,20439,买盘
920,14:06:45,7.57,--,19,14383,买盘
921,14:06:42,7.57,--,49,37093,买盘
922,14:06:39,7.57,--,53,40121,买盘
923,14:06:36,7.57,0.01,22,16654,买盘
924,14:06:33,7.56,-0.01,68,51408,卖盘
925,14:06:30,7.57,--,37,28009,买盘
926,14:06:27,7.57,--,21,15897,买盘
927,14:06:24,7.57,--,6,4542,买盘
928,14:06:21,7.57,--,45,34065,买盘
929,14:06:18,7.57,--,56,42392,买盘
930,14:06:15,7.57,--,35,26495,买盘
931,14:06:12,7.57,--,170,128690,买盘
932,14:06:09,7.57,--,174,131718,买盘
933,14:06:06,7.57,--,9,6813,买盘
934,14:06:03,7.57,--,31,23467,买盘
935,14:06:00,7.57,0.01,132,99924,买盘
936,14:05:57,7.56,--,10,7560,卖盘
937,14:05:54,7.56,--,10,7560,卖盘
938,14:05:48,7.56,-0.01,49,37044,卖盘
939,14:05:45,7.57,--,5,3785,买盘
940,14:05:42,7.57,--,23,17411,买盘
941,14:05:39,7.57,--,31,23467,买盘
942,14:05:36,7.57,0.01,55,41635,买盘
943,14:05:33,7.56,-0.01,10,7560,卖盘
944,14:05:30,7.57,--,82,62074,买盘
945,14:05:27,7.57,0.01,59,44663,买盘
946,14:05:24,7.56,-0.01,5,3780,卖盘
947,14:05:18,7.57,--,12,9084,买盘
948,14:05:15,7.57,--,22,16654,买盘
949,14:05:09,7.57,--,1,757,买盘
950,14:05:06,7.57,0.01,24,18168,买盘
951,14:05:03,7.56,--,52,39312,卖盘
952,14:05:00,7.56,--,123,92988,卖盘
953,14:04:57,7.56,-0.01,118,89208,卖盘
954,14:04:54,7.57,0.01,81,61317,买盘
955,14:04:51,7.56,-0.01,111,83916,卖盘
956,14:04:48,7.57,--,1190,900830,买盘
957,14:04:45,7.57,0.01,9,6813,买盘
958,14:04:42,7.56,-0.01,123,92988,卖盘
959,14:04:39,7.57,--,3,2271,买盘
960,14:04:36,7.57,--,18,13626,买盘
961,14:04:33,7.57,--,75,56775,买盘
962,14:04:30,7.57,--,1832,1386824,买盘
963,14:04:27,7.57,0.01,8,6056,买盘
964,14:04:24,7.56,-0.01,166,125496,卖盘
965,14:04:21,7.57,0.01,22,16654,买盘
966,14:04:18,7.56,--,51,38556,卖盘
967,14:04:15,7.56,-0.01,1001,756756,卖盘
968,14:04:12,7.57,--,34,25738,买盘
969,14:04:09,7.57,0.01,790,598030,买盘
970,14:04:06,7.56,-0.01,88,66528,卖盘
971,14:04:03,7.57,--,46,34822,买盘
972,14:04:00,7.57,--,30,22710,买盘
973,14:03:57,7.57,0.01,276,208932,买盘
974,14:03:51,7.56,-0.01,39,29484,卖盘
975,14:03:48,7.57,0.01,67,50719,买盘
976,14:03:45,7.56,--,27,20412,卖盘
977,14:03:42,7.56,-0.01,4,3024,卖盘
978,14:03:39,7.57,0.01,1,757,买盘
979,14:03:36,7.56,-0.01,5,3780,卖盘
980,14:03:33,7.57,0.01,44,33308,买盘
981,14:03:30,7.56,-0.01,15,11340,卖盘
982,14:03:27,7.57,--,16,12112,买盘
983,14:03:24,7.57,--,105,79485,买盘
984,14:03:21,7.57,0.01,46,34822,买盘
985,14:03:18,7.56,-0.01,120,90720,卖盘
986,14:03:15,7.57,0.01,62,46934,买盘
987,14:03:12,7.56,-0.01,24,18144,卖盘
988,14:03:09,7.57,--,31,23467,买盘
989,14:03:06,7.57,--,156,118092,买盘
990,14:03:03,7.57,--,7,5299,买盘
991,14:03:00,7.57,--,24,18168,买盘
992,14:02:57,7.57,--,20,15140,买盘
993,14:02:54,7.57,--,202,152914,买盘
994,14:02:51,7.57,0.01,15,11355,买盘
995,14:02:48,7.56,-0.01,155,117180,卖盘
996,14:02:45,7.57,0.01,112,84784,买盘
997,14:02:42,7.56,--,152,114912,卖盘
998,14:02:39,7.56,-0.01,46,34776,卖盘
999,14:02:36,7.57,--,5,3785,买盘
1000,14:02:33,7.57,--,61,46177,买盘
1001,14:02:30,7.57,--,66,49962,买盘
1002,14:02:27,7.57,0.01,509,385313,买盘
1003,14:02:24,7.56,-0.01,19,14364,卖盘
1004,14:02:21,7.57,--,34,25738,买盘
1005,14:02:18,7.57,--,146,110522,买盘
1006,14:02:15,7.57,0.01,22,16654,买盘
1007,14:02:12,7.56,--,21,15876,卖盘
1008,14:02:09,7.56,--,428,323568,卖盘
1009,14:02:06,7.56,-0.01,126,95256,卖盘
1010,14:02:03,7.57,--,30,22710,买盘
1011,14:02:00,7.57,--,86,65102,买盘
1012,14:01:57,7.57,0.01,6,4542,买盘
1013,14:01:54,7.56,-0.01,25,18900,卖盘
1014,14:01:51,7.57,--,166,125662,买盘
1015,14:01:48,7.57,0.01,1045,791761,买盘
1016,14:01:45,7.56,--,413,312228,买盘
1017,14:01:42,7.56,--,5466,4132296,买盘
1018,14:01:39,7.56,0.01,46,34776,买盘
1019,14:01:36,7.55,-0.01,129,97395,卖盘
1020,14:01:33,7.56,--,75,56700,买盘
1021,14:01:30,7.56,--,66,49896,买盘
1022,14:01:27,7.56,--,7,5292,买盘
1023,14:01:24,7.56,0.01,8,6048,买盘
1024,14:01:21,7.55,-0.01,113,85315,卖盘
1025,14:01:18,7.56,--,2,1512,买盘
1026,14:01:15,7.56,--,40,30240,买盘
1027,14:01:12,7.56,--,121,91476,买盘
1028,14:01:09,7.56,--,8,6048,买盘
1029,14:01:06,7.56,--,2,1512,买盘
1030,14:01:03,7.56,--,104,78624,买盘
1031,14:01:00,7.56,--,702,530712,买盘
1032,14:00:57,7.56,--,12,9072,买盘
1033,14:00:54,7.56,--,109,82404,买盘
1034,14:00:51,7.56,0.01,233,176148,买盘
1035,14:00:48,7.55,-0.01,123,92865,卖盘
1036,14:00:45,7.56,--,426,322056,买盘
1037,14:00:42,7.56,--,1104,834624,买盘
1038,14:00:39,7.56,--,540,408240,买盘
1039,14:00:36,7.56,0.01,34,25704,买盘
1040,14:00:33,7.55,--,423,319365,卖盘
1041,14:00:30,7.55,--,56,42280,卖盘
1042,14:00:27,7.55,-0.01,30,22650,卖盘
1043,14:00:24,7.56,--,500,378000,买盘
1044,14:00:21,7.56,--,30,22680,买盘
1045,14:00:18,7.56,0.01,630,476280,买盘
1046,14:00:15,7.55,-0.01,48,36240,卖盘
1047,14:00:12,7.56,0.01,5,3780,买盘
1048,14:00:09,7.55,-0.01,133,100415,卖盘
1049,14:00:06,7.56,0.01,196,148176,买盘
1050,14:00:03,7.55,-0.01,1,755,卖盘
1051,13:59:57,7.56,--,51,38556,买盘
1052,13:59:54,7.56,--,429,324324,买盘
1053,13:59:51,7.56,0.01,54,40824,买盘
1054,13:59:48,7.55,--,320,241600,卖盘
1055,13:59:45,7.55,--,93,70215,卖盘
1056,13:59:42,7.55,-0.01,13,9815,卖盘
1057,13:59:39,7.56,--,6,4536,买盘
1058,13:59:36,7.56,0.01,1,756,买盘
1059,13:59:33,7.55,-0.01,9,6795,卖盘
1060,13:59:30,7.56,--,94,71064,买盘
1061,13:59:27,7.56,0.01,106,80136,买盘
1062,13:59:24,7.55,--,56,42280,卖盘
1063,13:59:21,7.55,-0.01,5,3775,卖盘
1064,13:59:18,7.56,0.01,18,13608,买盘
1065,13:59:15,7.55,--,26,19630,卖盘
1066,13:59:12,7.55,--,137,103435,卖盘
1067,13:59:09,7.55,-0.01,10,7550,卖盘
1068,13:59:06,7.56,--,17,12852,买盘
1069,13:59:03,7.56,0.01,8,6048,买盘
1070,13:59:00,7.55,--,142,107210,卖盘
1071,13:58:57,7.55,-0.01,52,39260,卖盘
1072,13:58:54,7.56,--,606,458136,买盘
1073,13:58:51,7.56,0.01,7,5292,买盘
1074,13:58:48,7.55,--,68,51340,卖盘
1075,13:58:45,7.55,-0.01,15,11325,卖盘
1076,13:58:42,7.56,--,1,756,买盘
1077,13:58:39,7.56,0.01,19,14364,买盘
1078,13:58:36,7.55,-0.01,71,53605,卖盘
1079,13:58:33,7.56,--,56,42336,买盘
1080,13:58:27,7.56,0.01,24,18144,买盘
1081,13:58:21,7.55,-0.01,40,30200,卖盘
1082,13:58:18,7.56,--,19,14364,买盘
1083,13:58:15,7.56,0.01,10,7560,买盘
1084,13:58:12,7.55,-0.01,30,22650,卖盘
1085,13:58:09,7.56,0.01,59,44604,买盘
1086,13:58:06,7.55,--,12,9060,卖盘
1087,13:58:03,7.55,-0.01,22,16610,卖盘
1088,13:58:00,7.56,--,124,93744,买盘
1089,13:57:57,7.56,0.01,9,6804,买盘
1090,13:57:54,7.55,-0.01,15,11325,卖盘
1091,13:57:51,7.56,--,5,3780,买盘
1092,13:57:48,7.56,--,71,53676,买盘
1093,13:57:45,7.56,0.01,56,42336,买盘
1094,13:57:42,7.55,-0.01,5,3775,卖盘
1095,13:57:39,7.56,--,13,9828,买盘
1096,13:57:36,7.56,0.01,170,128520,买盘
1097,13:57:33,7.55,--,1,755,卖盘
1098,13:57:30,7.55,-0.01,4,3020,卖盘
1099,13:57:27,7.56,--,5,3780,买盘
1100,13:57:24,7.56,--,26,19656,买盘
1101,13:57:21,7.56,--,35,26460,买盘
1102,13:57:18,7.56,--,67,50652,买盘
1103,13:57:15,7.56,--,139,105084,买盘
1104,13:57:12,7.56,0.01,65,49140,买盘
1105,13:57:09,7.55,-0.01,45,33975,卖盘
1106,13:57:06,7.56,0.01,9,6804,买盘
1107,13:57:03,7.55,-0.01,114,86070,卖盘
1108,13:56:57,7.56,--,54,40824,买盘
1109,13:56:54,7.56,--,46,34776,买盘
1110,13:56:51,7.56,0.01,81,61236,买盘
1111,13:56:48,7.55,--,64,48320,卖盘
1112,13:56:42,7.55,--,22,16610,卖盘
1113,13:56:39,7.55,--,4,3020,卖盘
1114,13:56:36,7.55,--,35,26425,卖盘
1115,13:56:33,7.55,-0.01,209,157795,卖盘
1116,13:56:30,7.56,--,32,24192,买盘
1117,13:56:27,7.56,0.01,11,8316,买盘
1118,13:56:24,7.55,-0.01,257,194035,卖盘
1119,13:56:21,7.56,0.01,6129,4633524,买盘
1120,13:56:18,7.55,0.01,16,12080,买盘
1121,13:56:15,7.54,--,10,7540,卖盘
1122,13:56:12,7.54,-0.01,14,10556,卖盘
1123,13:56:09,7.55,0.01,160,120800,买盘
1124,13:56:06,7.54,-0.01,25,18850,卖盘
1125,13:56:03,7.55,0.01,6,4530,买盘
1126,13:56:00,7.54,-0.01,16,12064,卖盘
1127,13:55:57,7.55,--,69,52095,买盘
1128,13:55:54,7.55,0.01,10,7550,买盘
1129,13:55:51,7.54,-0.01,24,18096,卖盘
1130,13:55:45,7.55,--,17,12835,买盘
1131,13:55:42,7.55,0.01,5,3775,买盘
1132,13:55:39,7.54,-0.01,23,17342,卖盘
1133,13:55:33,7.55,--,16,12080,买盘
1134,13:55:30,7.55,0.01,10,7550,买盘
1135,13:55:27,7.54,--,10,7540,卖盘
1136,13:55:24,7.54,-0.01,7,5278,卖盘
1137,13:55:21,7.55,0.01,67,50585,买盘
1138,13:55:18,7.54,-0.01,5,3770,卖盘
1139,13:55:15,7.55,--,15,11325,买盘
1140,13:55:12,7.55,--,7,5285,买盘
1141,13:55:09,7.55,0.01,17,12835,买盘
1142,13:55:06,7.54,-0.01,5,3770,卖盘
1143,13:55:03,7.55,0.01,111,83805,买盘
1144,13:55:00,7.54,-0.01,66,49764,卖盘
1145,13:54:57,7.55,0.01,52,39260,买盘
1146,13:54:54,7.54,-0.01,10,7540,卖盘
1147,13:54:51,7.55,--,16,12080,买盘
1148,13:54:48,7.55,0.01,5,3775,买盘
1149,13:54:45,7.54,-0.01,14,10556,卖盘
1150,13:54:42,7.55,0.01,5,3775,买盘
1151,13:54:39,7.54,--,18,13572,卖盘
1152,13:54:36,7.54,--,25,18850,卖盘
1153,13:54:30,7.54,--,53,39962,卖盘
1154,13:54:27,7.54,-0.01,979,738166,卖盘
1155,13:54:24,7.55,0.01,33,24915,买盘
1156,13:54:15,7.54,--,34,25636,卖盘
1157,13:54:12,7.54,--,142,107068,卖盘
1158,13:54:09,7.54,--,4,3016,卖盘
1159,13:54:06,7.54,-0.01,14,10556,卖盘
1160,13:54:03,7.55,--,12,9060,买盘
1161,13:53:57,7.55,0.01,8,6040,买盘
1162,13:53:51,7.54,--,22,16588,卖盘
1163,13:53:48,7.54,--,41,30914,卖盘
1164,13:53:45,7.54,--,18,13572,卖盘
1165,13:53:42,7.54,--,7,5278,卖盘
1166,13:53:39,7.54,-0.01,5,3770,卖盘
1167,13:53:36,7.55,0.01,1,755,买盘
1168,13:53:30,7.54,-0.01,4,3016,卖盘
1169,13:53:27,7.55,0.01,13,9815,买盘
1170,13:53:24,7.54,-0.01,316,238264,卖盘
1171,13:53:21,7.55,0.01,66,49830,买盘
1172,13:53:18,7.54,--,18,13572,卖盘
1173,13:53:09,7.54,-0.01,11,8294,卖盘
1174,13:53:06,7.55,0.01,50,37750,买盘
1175,13:53:03,7.54,-0.01,30,22620,卖盘
1176,13:52:57,7.55,0.01,5,3775,买盘
1177,13:52:54,7.54,-0.01,6,4524,卖盘
1178,13:52:51,7.55,--,2,1510,买盘
1179,13:52:48,7.55,0.01,20,15100,买盘
1180,13:52:45,7.54,--,44,33176,卖盘
1181,13:52:42,7.54,--,32,24128,卖盘
1182,13:52:39,7.54,-0.02,643,484822,卖盘
1183,13:52:36,7.56,--,166,125496,买盘
1184,13:52:33,7.56,0.01,4032,3048222,买盘
1185,13:52:30,7.55,--,405,305775,卖盘
1186,13:52:27,7.55,-0.01,15,11325,卖盘
1187,13:52:24,7.56,--,19,14364,买盘
1188,13:52:21,7.56,0.01,430,325080,买盘
1189,13:52:15,7.55,--,5,3775,卖盘
1190,13:52:12,7.55,-0.01,4,3020,卖盘
1191,13:52:09,7.56,0.01,11,8316,买盘
1192,13:52:06,7.55,-0.01,35,26425,卖盘
1193,13:52:03,7.56,0.01,45,34020,买盘
1194,13:52:00,7.55,-0.01,52,39260,卖盘
1195,13:51:57,7.56,0.01,131,99036,买盘
1196,13:51:54,7.55,-0.01,3077,2323135,卖盘
1197,13:51:51,7.56,0.01,7,5292,买盘
1198,13:51:48,7.55,--,144,108720,卖盘
1199,13:51:45,7.55,-0.01,13,9815,卖盘
1200,13:51:42,7.56,--,135,102060,买盘
1201,13:51:39,7.56,0.01,50,37800,买盘
1202,13:51:36,7.55,-0.01,1121,846355,卖盘
1203,13:51:33,7.56,--,3006,2272536,买盘
1204,13:51:30,7.56,0.01,136,102816,买盘
1205,13:51:27,7.55,--,206,155530,卖盘
1206,13:51:24,7.55,-0.01,7,5285,卖盘
1207,13:51:21,7.56,--,15,11340,买盘
1208,13:51:18,7.56,0.01,2,1512,买盘
1209,13:51:15,7.55,-0.01,55,41525,卖盘
1210,13:51:12,7.56,0.01,30,22680,买盘
1211,13:51:09,7.55,--,743,560965,卖盘
1212,13:51:06,7.55,--,65,49075,卖盘
1213,13:51:03,7.55,--,9,6795,卖盘
1214,13:50:57,7.55,-0.01,46,34730,卖盘
1215,13:50:54,7.56,--,59,44604,买盘
1216,13:50:48,7.56,0.01,56,42336,买盘
1217,13:50:45,7.55,--,10,7550,卖盘
1218,13:50:42,7.55,-0.01,72,54360,卖盘
1219,13:50:39,7.56,--,16,12096,买盘
1220,13:50:36,7.56,0.01,43,32508,买盘
1221,13:50:33,7.55,--,70,52850,卖盘
1222,13:50:30,7.55,-0.01,20,15100,卖盘
1223,13:50:27,7.56,0.01,43,32508,买盘
1224,13:50:24,7.55,-0.01,15,11325,卖盘
1225,13:50:21,7.56,0.01,19,14364,买盘
1226,13:50:18,7.55,--,55,41525,卖盘
1227,13:50:15,7.55,--,53,40015,卖盘
1228,13:50:12,7.55,--,635,479425,卖盘
1229,13:50:09,7.55,--,16,12080,卖盘
1230,13:50:06,7.55,-0.01,33,24915,卖盘
1231,13:50:03,7.56,0.01,17,12852,买盘
1232,13:50:00,7.55,--,4,3020,卖盘
1233,13:49:57,7.55,--,11,8305,卖盘
1234,13:49:54,7.55,--,14,10570,卖盘
1235,13:49:51,7.55,-0.01,11,8305,卖盘
1236,13:49:48,7.56,0.01,35,26460,买盘
1237,13:49:45,7.55,--,7,5285,卖盘
1238,13:49:36,7.55,-0.01,70,52850,卖盘
1239,13:49:33,7.56,0.01,116,87696,买盘
1240,13:49:30,7.55,-0.01,100,75500,卖盘
1241,13:49:27,7.56,0.01,10,7560,买盘
1242,13:49:24,7.55,-0.01,35,26425,卖盘
1243,13:49:21,7.56,0.01,1,756,买盘
1244,13:49:18,7.55,-0.01,69,52095,卖盘
1245,13:49:15,7.56,0.01,22,16632,买盘
1246,13:49:12,7.55,--,55,41525,卖盘
1247,13:49:09,7.55,--,11,8305,卖盘
1248,13:49:06,7.55,--,74,55870,卖盘
1249,13:49:03,7.55,-0.01,10,7610,卖盘
1250,13:49:00,7.56,--,5,3780,买盘
1251,13:48:57,7.56,--,5,3780,买盘
1252,13:48:54,7.56,0.01,9,6804,买盘
1253,13:48:51,7.55,-0.01,44,33220,卖盘
1254,13:48:48,7.56,0.01,35,26460,买盘
1255,13:48:45,7.55,--,376,283880,卖盘
1256,13:48:42,7.55,-0.01,35,26425,卖盘
1257,13:48:39,7.56,0.01,9,6804,买盘
1258,13:48:36,7.55,--,158,119290,卖盘
1259,13:48:30,7.55,--,12,9060,卖盘
1260,13:48:27,7.55,-0.01,176,132880,卖盘
1261,13:48:21,7.56,0.01,1,756,买盘
1262,13:48:18,7.55,-0.01,8,6040,卖盘
1263,13:48:15,7.56,--,9,6804,买盘
1264,13:48:12,7.56,0.01,105,79380,买盘
1265,13:48:09,7.55,-0.01,71,53605,卖盘
1266,13:48:06,7.56,--,11,8316,买盘
1267,13:48:03,7.56,0.01,270,204120,买盘
1268,13:48:00,7.55,-0.01,2223,1678365,卖盘
1269,13:47:57,7.56,0.01,32,24192,买盘
1270,13:47:54,7.55,--,50,37750,卖盘
1271,13:47:51,7.55,--,34,25670,卖盘
1272,13:47:48,7.55,--,5,3775,卖盘
1273,13:47:45,7.55,-0.01,56,42280,卖盘
1274,13:47:42,7.56,--,153,115668,买盘
1275,13:47:39,7.56,--,7,5292,买盘
1276,13:47:36,7.56,0.01,128,96768,买盘
1277,13:47:33,7.55,-0.01,1,755,卖盘
1278,13:47:27,7.56,--,29,21924,买盘
1279,13:47:24,7.56,0.01,247,186732,买盘
1280,13:47:21,7.55,-0.01,10,7550,卖盘
1281,13:47:18,7.56,--,16,12096,买盘
1282,13:47:15,7.56,--,6,4536,买盘
1283,13:47:09,7.56,0.01,17,12852,买盘
1284,13:47:06,7.55,-0.01,55,41525,卖盘
1285,13:47:03,7.56,--,10,7560,买盘
1286,13:47:00,7.56,--,43,32508,买盘
1287,13:46:57,7.56,--,26,19656,买盘
1288,13:46:54,7.56,0.01,36,27216,买盘
1289,13:46:51,7.55,-0.01,65,49075,卖盘
1290,13:46:48,7.56,--,20,15120,买盘
1291,13:46:45,7.56,0.01,33,24948,买盘
1292,13:46:39,7.55,-0.01,20,15100,卖盘
1293,13:46:36,7.56,0.01,5,3780,买盘
1294,13:46:33,7.55,-0.01,51,38505,卖盘
1295,13:46:30,7.56,--,41,30996,买盘
1296,13:46:27,7.56,--,31,23436,买盘
1297,13:46:24,7.56,0.01,5,3780,买盘
1298,13:46:21,7.55,--,47,35485,卖盘
1299,13:46:18,7.55,-0.01,5,3775,卖盘
1300,13:46:15,7.56,--,31,23436,买盘
1301,13:46:12,7.56,--,19,14364,买盘
1302,13:46:09,7.56,0.01,10,7560,买盘
1303,13:46:06,7.55,-0.01,28,21140,卖盘
1304,13:46:03,7.56,0.01,130,98280,买盘
1305,13:46:00,7.55,-0.01,79,59645,卖盘
1306,13:45:57,7.56,0.01,6,4536,买盘
1307,13:45:54,7.55,--,35,26425,卖盘
1308,13:45:51,7.55,--,11,8305,卖盘
1309,13:45:48,7.55,--,86,64930,卖盘
1310,13:45:45,7.55,-0.01,45,33975,卖盘
1311,13:45:42,7.56,--,5,3780,买盘
1312,13:45:39,7.56,--,16,12096,买盘
1313,13:45:36,7.56,--,109,82404,买盘
1314,13:45:33,7.56,0.01,118,89208,买盘
1315,13:45:30,7.55,--,200,151000,卖盘
1316,13:45:27,7.55,-0.01,17,12835,卖盘
1317,13:45:24,7.56,--,160,120960,买盘
1318,13:45:21,7.56,--,1020,771120,买盘
1319,13:45:18,7.56,0.01,50,37800,买盘
1320,13:45:15,7.55,--,12,9060,卖盘
1321,13:45:12,7.55,-0.01,4,3020,卖盘
1322,13:45:09,7.56,0.01,10,7560,买盘
1323,13:45:06,7.55,-0.01,11,8305,卖盘
1324,13:45:03,7.56,0.01,103,77868,买盘
1325,13:45:00,7.55,--,6,4530,卖盘
1326,13:44:57,7.55,--,20,15100,卖盘
1327,13:44:51,7.55,--,16,12080,卖盘
1328,13:44:48,7.55,--,17,12835,卖盘
1329,13:44:45,7.55,-0.01,3,2265,卖盘
1330,13:44:42,7.56,--,1,756,买盘
1331,13:44:39,7.56,--,57,43092,买盘
1332,13:44:36,7.56,--,304,229824,买盘
1333,13:44:33,7.56,0.01,5,3780,买盘
1334,13:44:30,7.55,--,64,49052,卖盘
1335,13:44:27,7.55,-0.01,21,15855,卖盘
1336,13:44:24,7.56,--,15,11340,买盘
1337,13:44:21,7.56,--,11,8316,买盘
1338,13:44:18,7.56,--,274,207144,买盘
1339,13:44:15,7.56,0.01,90,68040,买盘
1340,13:44:12,7.55,-0.01,2210,1668550,卖盘
1341,13:44:06,7.56,--,6,4536,买盘
1342,13:44:03,7.56,--,9,6804,买盘
1343,13:44:00,7.56,0.01,1,756,买盘
1344,13:43:57,7.55,--,18,13590,卖盘
1345,13:43:54,7.55,--,13,9815,卖盘
1346,13:43:51,7.55,--,18,13590,卖盘
1347,13:43:45,7.55,--,25,18875,卖盘
1348,13:43:42,7.55,-0.01,16,12080,卖盘
1349,13:43:39,7.56,--,89,67284,买盘
1350,13:43:36,7.56,0.01,162,122472,买盘
1351,13:43:33,7.55,--,786,593430,买盘
1352,13:43:30,7.55,--,517,390335,买盘
1353,13:43:24,7.55,--,32,24160,买盘
1354,13:43:21,7.55,-0.01,262,197810,卖盘
1355,13:43:15,7.56,0.01,4,3024,买盘
1356,13:43:12,7.55,--,15,11325,卖盘
1357,13:43:09,7.55,--,26,19630,卖盘
1358,13:43:03,7.55,--,12,9060,卖盘
1359,13:43:00,7.55,--,15,11325,卖盘
1360,13:42:51,7.55,--,5,3775,卖盘
1361,13:42:48,7.55,-0.01,9,6795,卖盘
1362,13:42:42,7.56,--,11,8316,买盘
1363,13:42:39,7.56,0.02,199,150444,买盘
1364,13:42:36,7.54,-0.02,3923,2957942,卖盘
1365,13:42:33,7.56,0.01,124,93744,买盘
1366,13:42:30,7.55,--,2007,1515285,卖盘
1367,13:42:27,7.55,--,5,3775,卖盘
1368,13:42:24,7.55,-0.01,48,36240,卖盘
1369,13:42:21,7.56,0.01,118,89208,买盘
1370,13:42:15,7.55,--,4,3020,卖盘
1371,13:42:12,7.55,--,8,6040,卖盘
1372,13:42:09,7.55,-0.01,12,9060,卖盘
1373,13:42:06,7.56,0.01,8,6048,买盘
1374,13:42:03,7.55,--,123,92865,卖盘
1375,13:42:00,7.55,--,2000,1510000,卖盘
1376,13:41:54,7.55,-0.01,10,7550,卖盘
1377,13:41:48,7.56,--,6,4536,买盘
1378,13:41:45,7.56,0.01,59,44604,买盘
1379,13:41:42,7.55,--,24,18120,卖盘
1380,13:41:39,7.55,--,12,9060,卖盘
1381,13:41:30,7.55,-0.01,28,21140,卖盘
1382,13:41:27,7.56,--,6,4536,买盘
1383,13:41:24,7.56,--,32,24192,买盘
1384,13:41:21,7.56,0.01,11,8316,买盘
1385,13:41:18,7.55,-0.01,40,30200,卖盘
1386,13:41:15,7.56,--,7,5292,买盘
1387,13:41:12,7.56,0.01,123,92988,买盘
1388,13:41:09,7.55,--,23,17365,卖盘
1389,13:41:06,7.55,--,96,72480,卖盘
1390,13:41:03,7.55,--,44,33220,卖盘
1391,13:41:00,7.55,--,608,459040,卖盘
1392,13:40:57,7.55,--,39,29445,卖盘
1393,13:40:54,7.55,--,25,18875,卖盘
1394,13:40:51,7.55,-0.01,75,56625,卖盘
1395,13:40:48,7.56,--,841,635796,买盘
1396,13:40:45,7.56,--,36,27216,买盘
1397,13:40:42,7.56,--,66,49896,买盘
1398,13:40:39,7.56,0.01,63,47628,买盘
1399,13:40:36,7.55,-0.01,5,3775,卖盘
1400,13:40:33,7.56,0.01,18,13608,买盘
1401,13:40:27,7.55,--,6,4530,卖盘
1402,13:40:24,7.55,-0.01,14,10570,卖盘
1403,13:40:21,7.56,--,16,12096,买盘
1404,13:40:18,7.56,--,4,3024,买盘
1405,13:40:15,7.56,0.01,73,55188,买盘
1406,13:40:12,7.55,--,66,49830,卖盘
1407,13:40:09,7.55,-0.01,80,60400,卖盘
1408,13:40:06,7.56,0.01,847,640332,买盘
1409,13:40:03,7.55,-0.01,103,77765,卖盘
1410,13:40:00,7.56,--,733,554148,买盘
1411,13:39:57,7.56,--,106,80136,买盘
1412,13:39:54,7.56,0.01,23,17388,买盘
1413,13:39:51,7.55,-0.01,19,14345,卖盘
1414,13:39:48,7.56,0.01,237,179172,买盘
1415,13:39:45,7.55,-0.01,10,7550,卖盘
1416,13:39:42,7.56,--,32,24192,买盘
1417,13:39:39,7.56,--,104,78624,买盘
1418,13:39:36,7.56,0.01,7,5292,买盘
1419,13:39:33,7.55,--,50,37750,卖盘
1420,13:39:30,7.55,--,72,54360,卖盘
1421,13:39:27,7.55,--,88,66440,卖盘
1422,13:39:24,7.55,--,70,52850,卖盘
1423,13:39:21,7.55,--,200,151000,卖盘
1424,13:39:18,7.55,--,7,5285,卖盘
1425,13:39:15,7.55,--,58,43790,卖盘
1426,13:39:12,7.55,--,40,30200,卖盘
1427,13:39:09,7.55,--,49,36995,卖盘
1428,13:39:06,7.55,-0.01,22,16610,卖盘
1429,13:39:03,7.56,0.01,22,16632,买盘
1430,13:39:00,7.55,--,5,3775,卖盘
1431,13:38:57,7.55,--,6,4530,卖盘
1432,13:38:54,7.55,--,4,3020,卖盘
1433,13:38:48,7.55,-0.01,56,42280,卖盘
1434,13:38:45,7.56,0.01,114,86184,买盘
1435,13:38:42,7.55,--,12,9060,卖盘
1436,13:38:39,7.55,--,27,20385,卖盘
1437,13:38:33,7.55,-0.01,35,26425,卖盘
1438,13:38:30,7.56,0.01,35,26460,买盘
1439,13:38:27,7.55,-0.01,98,73990,卖盘
1440,13:38:24,7.56,--,114,86184,买盘
1441,13:38:21,7.56,0.01,8,6048,买盘
1442,13:38:18,7.55,-0.01,4,3020,卖盘
1443,13:38:15,7.56,--,34,25704,买盘
1444,13:38:12,7.56,0.01,63,47628,买盘
1445,13:38:09,7.55,-0.01,23,17365,卖盘
1446,13:38:06,7.56,--,12,9072,买盘
1447,13:38:03,7.56,0.01,129,97524,买盘
1448,13:38:00,7.55,--,12,9060,卖盘
1449,13:37:57,7.55,--,123,92865,卖盘
1450,13:37:54,7.55,--,1525,1151375,买盘
1451,13:37:51,7.55,0.01,12,9060,买盘
1452,13:37:48,7.54,-0.01,81,61074,卖盘
1453,13:37:45,7.55,--,29,21895,买盘
1454,13:37:39,7.55,--,16,12080,买盘
1455,13:37:36,7.55,-0.01,254,191770,卖盘
1456,13:37:33,7.56,0.01,626,473256,买盘
1457,13:37:30,7.55,-0.01,1860,1404300,卖盘
1458,13:37:27,7.56,0.01,57,43092,买盘
1459,13:37:24,7.55,-0.01,165,124575,卖盘
1460,13:37:21,7.56,--,1087,821772,买盘
1461,13:37:18,7.56,0.01,51,38556,买盘
1462,13:37:15,7.55,-0.01,6,4530,卖盘
1463,13:37:12,7.56,0.01,25,18900,买盘
1464,13:37:09,7.55,--,279,210645,卖盘
1465,13:37:06,7.55,-0.01,153,115515,卖盘
1466,13:37:03,7.56,--,5,3780,买盘
1467,13:37:00,7.56,0.01,7,5292,买盘
1468,13:36:57,7.55,--,46,34730,卖盘
1469,13:36:54,7.55,-0.01,30,22650,卖盘
1470,13:36:51,7.56,--,16,12096,买盘
1471,13:36:48,7.56,0.01,1,756,买盘
1472,13:36:45,7.55,-0.01,5,3775,卖盘
1473,13:36:42,7.56,0.01,13,9828,买盘
1474,13:36:39,7.55,-0.01,208,157040,卖盘
1475,13:36:36,7.56,0.01,119,89964,买盘
1476,13:36:33,7.55,-0.01,4,3020,卖盘
1477,13:36:30,7.56,--,20,15120,买盘
1478,13:36:27,7.56,--,112,84672,买盘
1479,13:36:24,7.56,0.01,114,86184,买盘
1480,13:36:21,7.55,-0.01,21,15855,卖盘
1481,13:36:12,7.56,--,22,16632,买盘
1482,13:36:09,7.56,--,208,157248,买盘
1483,13:36:06,7.56,--,31,23436,买盘
1484,13:36:03,7.56,0.01,56,42336,买盘
1485,13:36:00,7.55,--,5,3775,卖盘
1486,13:35:57,7.55,--,32,24160,卖盘
1487,13:35:54,7.55,-0.01,56,42280,卖盘
1488,13:35:51,7.56,0.01,26,19656,买盘
1489,13:35:48,7.55,-0.01,5,3775,卖盘
1490,13:35:45,7.56,--,6,4536,买盘
1491,13:35:42,7.56,--,118,89208,买盘
1492,13:35:39,7.56,--,1036,783216,买盘
1493,13:35:27,7.56,0.01,13,9828,买盘
1494,13:35:24,7.55,-0.01,30,22650,卖盘
1495,13:35:21,7.56,0.01,35,26460,买盘
1496,13:35:18,7.55,--,634,478670,买盘
1497,13:35:15,7.55,--,16,12080,买盘
1498,13:35:12,7.55,0.01,15,11325,买盘
1499,13:35:09,7.54,--,3,2262,卖盘
1500,13:35:06,7.54,-0.01,5,3770,卖盘
1501,13:35:03,7.55,-0.01,7,5285,买盘
1502,13:35:00,7.56,0.01,24,18144,买盘
1503,13:34:57,7.55,--,171,129105,买盘
1504,13:34:54,7.55,--,16,12080,买盘
1505,13:34:48,7.55,0.01,24,18120,买盘
1506,13:34:45,7.54,--,102,76908,卖盘
1507,13:34:42,7.54,--,5,3770,卖盘
1508,13:34:36,7.54,-0.01,40,30160,卖盘
1509,13:34:33,7.55,--,9,6795,买盘
1510,13:34:30,7.55,--,20,15100,买盘
1511,13:34:24,7.55,--,52,39260,买盘
1512,13:34:21,7.55,--,21,15855,买盘
1513,13:34:15,7.55,0.01,16,12080,买盘
1514,13:34:12,7.54,--,250,188500,卖盘
1515,13:34:09,7.54,--,5,3770,卖盘
1516,13:34:06,7.54,-0.01,30,22620,卖盘
1517,13:34:03,7.55,0.01,12,9060,买盘
1518,13:34:00,7.54,--,104,78416,卖盘
1519,13:33:57,7.54,-0.01,18,13572,卖盘
1520,13:33:54,7.55,--,10,7550,买盘
1521,13:33:51,7.55,0.01,102,77010,买盘
1522,13:33:48,7.54,--,5,3770,卖盘
1523,13:33:45,7.54,-0.01,7,5278,卖盘
1524,13:33:42,7.55,0.01,19,14345,买盘
1525,13:33:39,7.54,--,20,15080,卖盘
1526,13:33:36,7.54,-0.01,22,16588,卖盘
1527,13:33:33,7.55,0.01,16,12080,买盘
1528,13:33:30,7.54,-0.01,40,30160,卖盘
1529,13:33:27,7.55,0.01,83,62665,买盘
1530,13:33:24,7.54,-0.01,131,98774,卖盘
1531,13:33:21,7.55,--,157,118535,买盘
1532,13:33:18,7.55,--,2928,2211183,卖盘
1533,13:33:15,7.55,--,4,3020,卖盘
1534,13:33:12,7.55,-0.01,36,27180,卖盘
1535,13:33:09,7.56,0.01,25,18900,买盘
1536,13:33:06,7.55,--,4,3020,卖盘
1537,13:33:03,7.55,--,42,31710,卖盘
1538,13:33:00,7.55,--,34,25670,卖盘
1539,13:32:57,7.55,--,378,285390,卖盘
1540,13:32:54,7.55,0.01,997,752946,买盘
1541,13:32:51,7.54,-0.01,64,48256,卖盘
1542,13:32:48,7.55,--,1114,841613,卖盘
1543,13:32:45,7.55,-0.01,0,60,卖盘
1544,13:32:42,7.56,0.01,60,45360,买盘
1545,13:32:39,7.55,-0.01,1045,788975,卖盘
1546,13:32:36,7.56,0.01,827,625212,买盘
1547,13:32:33,7.55,--,115,86825,卖盘
1548,13:32:30,7.55,-0.01,5,3775,卖盘
1549,13:32:24,7.56,--,59,44604,买盘
1550,13:32:21,7.56,--,5,3780,买盘
1551,13:32:18,7.56,--,23,17388,买盘
1552,13:32:12,7.56,--,30,22680,买盘
1553,13:32:09,7.56,--,61,46116,买盘
1554,13:32:06,7.56,0.01,138,104328,买盘
1555,13:32:03,7.55,-0.01,2727,2058885,卖盘
1556,13:32:00,7.56,--,120,90720,买盘
1557,13:31:57,7.56,--,29,21924,买盘
1558,13:31:54,7.56,--,27,20412,买盘
1559,13:31:48,7.56,0.01,10,7560,买盘
1560,13:31:45,7.55,-0.01,176,132880,卖盘
1561,13:31:42,7.56,--,8,6048,买盘
1562,13:31:39,7.56,--,110,83160,买盘
1563,13:31:36,7.56,--,32,24192,买盘
1564,13:31:33,7.56,--,545,412020,买盘
1565,13:31:30,7.56,--,112,84672,买盘
1566,13:31:27,7.56,0.01,149,112644,买盘
1567,13:31:24,7.55,-0.01,120,90600,卖盘
1568,13:31:21,7.56,--,95,71820,买盘
1569,13:31:18,7.56,--,60,45360,买盘
1570,13:31:15,7.56,0.01,15,11340,买盘
1571,13:31:12,7.55,-0.01,41,30955,卖盘
1572,13:31:09,7.56,--,140,105840,买盘
1573,13:31:06,7.56,--,1063,803628,买盘
1574,13:31:03,7.56,0.01,432,326592,买盘
1575,13:31:00,7.55,-0.01,3161,2386555,卖盘
1576,13:30:57,7.56,--,51,38556,买盘
1577,13:30:54,7.56,--,186,140616,买盘
1578,13:30:51,7.56,--,85,64260,买盘
1579,13:30:48,7.56,--,26,19656,买盘
1580,13:30:45,7.56,--,145,109620,买盘
1581,13:30:42,7.56,0.01,408,308448,买盘
1582,13:30:39,7.55,--,242,182710,卖盘
1583,13:30:36,7.55,-0.01,8,6040,卖盘
1584,13:30:33,7.56,0.01,3,2268,买盘
1585,13:30:30,7.55,-0.01,19,14345,卖盘
1586,13:30:27,7.56,--,142,107352,买盘
1587,13:30:24,7.56,--,310,234360,买盘
1588,13:30:21,7.56,0.01,1,756,买盘
1589,13:30:18,7.55,-0.01,7,5285,卖盘
1590,13:30:15,7.56,--,45,34020,买盘
1591,13:30:12,7.56,0.01,92,69552,买盘
1592,13:30:09,7.55,--,203,153265,卖盘
1593,13:30:06,7.55,--,5,3775,卖盘
1594,13:30:03,7.55,-0.01,13,9815,卖盘
1595,13:30:00,7.56,--,48,36288,买盘
1596,13:29:57,7.56,0.01,75,56700,买盘
1597,13:29:54,7.55,--,1,755,卖盘
1598,13:29:51,7.55,-0.01,102,77010,卖盘
1599,13:29:48,7.56,--,50,37800,买盘
1600,13:29:45,7.56,--,531,401436,买盘
1601,13:29:42,7.56,0.01,17,12852,买盘
1602,13:29:39,7.55,--,31,23405,卖盘
1603,13:29:36,7.55,--,78,59041,卖盘
1604,13:29:33,7.55,--,10,7550,卖盘
1605,13:29:30,7.55,-0.01,147,110985,卖盘
1606,13:29:27,7.56,--,99,74844,买盘
1607,13:29:24,7.56,--,34,25704,买盘
1608,13:29:21,7.56,0.01,51,38556,买盘
1609,13:29:18,7.55,-0.01,2,1510,卖盘
1610,13:29:15,7.56,0.01,38,28728,买盘
1611,13:29:12,7.55,--,16,12080,卖盘
1612,13:29:09,7.55,--,118,89090,卖盘
1613,13:29:06,7.55,-0.01,396,298980,卖盘
1614,13:29:03,7.56,0.01,5,3780,买盘
1615,13:29:00,7.55,-0.01,20,15100,卖盘
1616,13:28:57,7.56,0.01,6,4536,买盘
1617,13:28:54,7.55,--,94,70970,卖盘
1618,13:28:51,7.55,-0.01,68,51340,卖盘
1619,13:28:48,7.56,0.01,57,43092,买盘
1620,13:28:45,7.55,--,1,755,卖盘
1621,13:28:42,7.55,--,8,6040,卖盘
1622,13:28:39,7.55,--,27,20385,卖盘
1623,13:28:36,7.55,-0.01,975,736125,卖盘
1624,13:28:33,7.56,0.01,7,5292,买盘
1625,13:28:27,7.55,-0.01,4,3020,卖盘
1626,13:28:24,7.56,--,167,126252,买盘
1627,13:28:21,7.56,0.01,7,5292,买盘
1628,13:28:18,7.55,--,155,117025,卖盘
1629,13:28:12,7.55,--,60,45300,卖盘
1630,13:28:09,7.55,--,20,15100,卖盘
1631,13:28:06,7.55,--,81,61155,卖盘
1632,13:28:03,7.55,0.01,3484,2630420,买盘
1633,13:28:00,7.54,--,40,30160,卖盘
1634,13:27:54,7.54,-0.01,5,3770,卖盘
1635,13:27:51,7.55,--,1,755,买盘
1636,13:27:48,7.55,--,15,11325,买盘
1637,13:27:45,7.55,0.01,613,462815,买盘
1638,13:27:33,7.54,-0.01,4,3016,卖盘
1639,13:27:24,7.55,0.01,45,33975,买盘
1640,13:27:21,7.54,--,42,31668,卖盘
1641,13:27:18,7.54,--,11,8294,卖盘
1642,13:27:09,7.54,--,26,19604,卖盘
1643,13:27:06,7.54,-0.01,7,5278,卖盘
1644,13:27:03,7.55,--,12,9060,买盘
1645,13:27:00,7.55,0.01,19,14345,买盘
1646,13:26:54,7.54,-0.01,40,30160,卖盘
1647,13:26:51,7.55,0.01,1,755,买盘
1648,13:26:48,7.54,-0.01,64,48256,卖盘
1649,13:26:45,7.55,0.01,123,92865,买盘
1650,13:26:42,7.54,-0.01,646,487084,卖盘
1651,13:26:39,7.55,0.01,2,1510,买盘
1652,13:26:36,7.54,-0.01,4,3016,卖盘
1653,13:26:33,7.55,0.01,16,12080,买盘
1654,13:26:27,7.54,-0.01,4,3016,卖盘
1655,13:26:21,7.55,0.01,6,4530,买盘
1656,13:26:18,7.54,-0.01,19,14326,卖盘
1657,13:26:15,7.55,0.01,64,48320,买盘
1658,13:26:09,7.54,--,2,1508,卖盘
1659,13:26:06,7.54,--,11,8294,卖盘
1660,13:26:03,7.54,--,62,46748,卖盘
1661,13:25:54,7.54,-0.01,11,8294,卖盘
1662,13:25:51,7.55,0.01,1,755,买盘
1663,13:25:48,7.54,--,40,30160,卖盘
1664,13:25:42,7.54,-0.01,11,8294,卖盘
1665,13:25:39,7.55,--,66,49830,买盘
1666,13:25:36,7.55,0.01,14,10570,买盘
1667,13:25:33,7.54,--,2,1508,卖盘
1668,13:25:30,7.54,-0.01,45,33930,卖盘
1669,13:25:24,7.55,--,5,3775,买盘
1670,13:25:21,7.55,--,76,57380,买盘
1671,13:25:12,7.55,--,20,15100,卖盘
1672,13:25:09,7.55,-0.01,9,6795,卖盘
1673,13:25:06,7.56,--,24,18144,买盘
1674,13:25:03,7.56,0.02,90,68040,买盘
1675,13:25:00,7.54,-0.01,4010,3023540,卖盘
1676,13:24:57,7.55,-0.01,5,3775,卖盘
1677,13:24:54,7.56,--,3,2268,买盘
1678,13:24:51,7.56,0.01,1,756,买盘
1679,13:24:48,7.55,-0.01,4,3020,卖盘
1680,13:24:45,7.56,--,12,9072,买盘
1681,13:24:42,7.56,--,456,344736,买盘
1682,13:24:39,7.56,--,67,50652,买盘
1683,13:24:36,7.56,0.01,88,66528,买盘
1684,13:24:33,7.55,0.01,1554,1173481,买盘
1685,13:24:30,7.54,--,2,1508,卖盘
1686,13:24:27,7.54,--,7,5278,卖盘
1687,13:24:24,7.54,-0.01,35,26390,卖盘
1688,13:24:21,7.55,--,73,55115,买盘
1689,13:24:18,7.55,--,3,2265,买盘
1690,13:24:15,7.55,--,5,3775,买盘
1691,13:24:12,7.55,0.01,26,19630,买盘
1692,13:24:09,7.54,-0.01,6,4524,卖盘
1693,13:24:06,7.55,0.01,1,755,买盘
1694,13:24:03,7.54,--,26,19604,卖盘
1695,13:24:00,7.54,-0.01,534,402636,卖盘
1696,13:23:57,7.55,0.01,49,36995,买盘
1697,13:23:51,7.54,-0.01,34,25636,卖盘
1698,13:23:48,7.55,--,174,131370,买盘
1699,13:23:45,7.55,0.01,3,2265,买盘
1700,13:23:42,7.54,-0.01,5,3770,卖盘
1701,13:23:39,7.55,--,19,14345,买盘
1702,13:23:36,7.55,--,55,41525,买盘
1703,13:23:33,7.55,--,50,37750,买盘
1704,13:23:30,7.55,--,20,15100,买盘
1705,13:23:24,7.55,--,24,18120,买盘
1706,13:23:21,7.55,0.01,16,12080,买盘
1707,13:23:18,7.54,-0.01,14,10556,卖盘
1708,13:23:12,7.55,0.01,125,94375,买盘
1709,13:23:09,7.54,-0.01,43,32422,卖盘
1710,13:23:06,7.55,--,20,15100,买盘
1711,13:23:03,7.55,--,7,5285,买盘
1712,13:23:00,7.55,0.01,15,11325,买盘
1713,13:22:57,7.54,-0.01,35,26390,卖盘
1714,13:22:54,7.55,0.01,103,77765,买盘
1715,13:22:51,7.54,-0.01,22,16588,卖盘
1716,13:22:48,7.55,--,44,33220,买盘
1717,13:22:45,7.55,--,121,91355,买盘
1718,13:22:42,7.55,--,1,755,买盘
1719,13:22:39,7.55,--,60,45300,买盘
1720,13:22:36,7.55,--,9,6795,买盘
1721,13:22:33,7.55,0.01,16,12080,买盘
1722,13:22:27,7.54,-0.01,75,56550,卖盘
1723,13:22:24,7.55,--,29,21895,买盘
1724,13:22:21,7.55,--,52,39260,买盘
1725,13:22:18,7.55,0.01,25,18875,买盘
1726,13:22:12,7.54,-0.01,11,8294,卖盘
1727,13:22:06,7.55,--,67,50585,买盘
1728,13:22:03,7.55,0.01,12,9060,买盘
1729,13:22:00,7.54,--,20,15080,卖盘
1730,13:21:57,7.54,-0.01,500,377000,卖盘
1731,13:21:54,7.55,--,30,22650,买盘
1732,13:21:51,7.55,--,10,7550,买盘
1733,13:21:48,7.55,--,167,126085,买盘
1734,13:21:45,7.55,--,43,32465,买盘
1735,13:21:42,7.55,0.01,246,185730,买盘
1736,13:21:39,7.54,-0.01,5,3770,卖盘
1737,13:21:33,7.55,--,16,12080,买盘
1738,13:21:30,7.55,0.01,20,15100,买盘
1739,13:21:24,7.54,-0.01,93,70122,卖盘
1740,13:21:21,7.55,0.01,47,35485,买盘
1741,13:21:18,7.54,-0.01,1402,1057108,卖盘
1742,13:21:15,7.55,--,15,11325,买盘
1743,13:21:12,7.55,--,6,4530,买盘
1744,13:21:09,7.55,0.01,21,15855,买盘
1745,13:21:06,7.54,-0.01,201,151554,卖盘
1746,13:21:03,7.55,--,20,15100,买盘
1747,13:21:00,7.55,0.01,6,4530,买盘
1748,13:20:57,7.54,-0.01,2,1508,卖盘
1749,13:20:54,7.55,--,25,18875,买盘
1750,13:20:51,7.55,0.01,69,52095,买盘
1751,13:20:48,7.54,-0.01,129,97266,卖盘
1752,13:20:45,7.55,--,505,381275,买盘
1753,13:20:42,7.55,--,16,12080,买盘
1754,13:20:39,7.55,0.01,16,12080,买盘
1755,13:20:33,7.54,-0.01,25,18850,卖盘
1756,13:20:27,7.55,0.01,16,12080,买盘
1757,13:20:24,7.54,--,5,3770,卖盘
1758,13:20:21,7.54,--,104,78416,卖盘
1759,13:20:18,7.54,--,11,8294,卖盘
1760,13:20:15,7.54,-0.01,110,82940,卖盘
1761,13:20:12,7.55,0.01,56,42280,买盘
1762,13:20:09,7.54,-0.01,2,1508,卖盘
1763,13:20:03,7.55,--,11,8305,买盘
1764,13:20:00,7.55,0.01,20,15100,买盘
1765,13:19:57,7.54,-0.01,20,15080,卖盘
1766,13:19:51,7.55,0.01,23,17365,买盘
1767,13:19:48,7.54,-0.01,47,35438,卖盘
1768,13:19:45,7.55,0.01,2,1510,买盘
1769,13:19:39,7.54,-0.01,11,8294,卖盘
1770,13:19:36,7.55,0.01,3,2265,买盘
1771,13:19:33,7.54,--,13,9802,卖盘
1772,13:19:27,7.54,-0.01,5,3770,卖盘
1773,13:19:24,7.55,--,7,5285,买盘
1774,13:19:21,7.55,--,7,5285,买盘
1775,13:19:18,7.55,0.01,3,2265,买盘
1776,13:19:15,7.54,--,20,15080,卖盘
1777,13:19:12,7.54,--,40,30160,卖盘
1778,13:19:09,7.54,-0.01,9,6786,卖盘
1779,13:19:06,7.55,--,7,5285,买盘
1780,13:19:03,7.55,0.01,7,5285,买盘
1781,13:19:00,7.54,--,109,82186,卖盘
1782,13:18:54,7.54,-0.01,4,3016,卖盘
1783,13:18:51,7.55,0.01,1,755,买盘
1784,13:18:42,7.54,-0.01,4,3016,卖盘
1785,13:18:39,7.55,--,7,5285,买盘
1786,13:18:36,7.55,--,310,234050,买盘
1787,13:18:33,7.55,0.01,205,154775,买盘
1788,13:18:30,7.54,--,7,5278,卖盘
1789,13:18:27,7.54,-0.01,1,754,卖盘
1790,13:18:24,7.55,--,3,2265,买盘
1791,13:18:21,7.55,0.01,14,10570,买盘
1792,13:18:15,7.54,--,16,12064,卖盘
1793,13:18:12,7.54,--,46,34684,卖盘
1794,13:18:09,7.54,-0.01,20,15080,卖盘
1795,13:18:06,7.55,0.01,16,12080,买盘
1796,13:18:03,7.54,-0.01,60,45240,卖盘
1797,13:18:00,7.55,--,15,11325,买盘
1798,13:17:54,7.55,--,13,9815,买盘
1799,13:17:51,7.55,--,106,80030,卖盘
1800,13:17:48,7.55,--,551,416005,卖盘
1801,13:17:45,7.55,--,1781,1344655,卖盘
1802,13:17:42,7.55,-0.01,39,29445,卖盘
1803,13:17:39,7.56,0.01,3,2268,买盘
1804,13:17:36,7.55,-0.01,4,3020,卖盘
1805,13:17:33,7.56,--,17,12852,买盘
1806,13:17:30,7.56,0.01,21,15876,买盘
1807,13:17:27,7.55,-0.01,1022,771610,卖盘
1808,13:17:24,7.56,0.01,90,68040,买盘
1809,13:17:21,7.55,-0.01,52,39260,卖盘
1810,13:17:18,7.56,0.01,107,80892,买盘
1811,13:17:15,7.55,-0.01,40,30200,卖盘
1812,13:17:09,7.56,0.01,2,1512,买盘
1813,13:17:06,7.55,--,108,81540,卖盘
1814,13:17:03,7.55,-0.01,31,23405,卖盘
1815,13:17:00,7.56,--,91,68796,买盘
1816,13:16:54,7.56,--,21,15876,买盘
1817,13:16:51,7.56,--,17,12852,买盘
1818,13:16:45,7.56,--,1,756,买盘
1819,13:16:42,7.56,--,30,22680,买盘
1820,13:16:39,7.56,--,18,13608,买盘
1821,13:16:36,7.56,--,2,1512,买盘
1822,13:16:33,7.56,--,106,80136,买盘
1823,13:16:30,7.56,0.01,32,24192,买盘
1824,13:16:27,7.55,-0.01,54,40770,卖盘
1825,13:16:21,7.56,--,217,164052,买盘
1826,13:16:18,7.56,--,64,48384,买盘
1827,13:16:12,7.56,0.01,37,27972,买盘
1828,13:16:09,7.55,--,20,15100,卖盘
1829,13:16:06,7.55,-0.01,26,19630,卖盘
1830,13:16:03,7.56,0.01,47,35532,买盘
1831,13:16:00,7.55,--,158,119290,卖盘
1832,13:15:57,7.55,--,14,10570,卖盘
1833,13:15:51,7.55,--,61,46055,卖盘
1834,13:15:48,7.55,-0.01,5,3775,卖盘
1835,13:15:45,7.56,0.01,2,1512,买盘
1836,13:15:42,7.55,-0.01,17,12835,卖盘
1837,13:15:39,7.56,0.01,122,92232,买盘
1838,13:15:36,7.55,--,4,3020,卖盘
1839,13:15:30,7.55,--,49,36995,卖盘
1840,13:15:27,7.55,--,20,15100,卖盘
1841,13:15:24,7.55,--,21,15855,卖盘
1842,13:15:21,7.55,-0.01,42,31710,卖盘
1843,13:15:15,7.56,--,17,12852,买盘
1844,13:15:12,7.56,0.01,5,3780,买盘
1845,13:15:06,7.55,--,24,18120,卖盘
1846,13:15:03,7.55,-0.01,189,142695,卖盘
1847,13:15:00,7.56,--,28,21168,买盘
1848,13:14:57,7.56,--,205,154980,买盘
1849,13:14:51,7.56,0.01,30,22680,买盘
1850,13:14:48,7.55,-0.01,1,755,卖盘
1851,13:14:45,7.56,0.01,50,37800,买盘
1852,13:14:42,7.55,--,40,30200,卖盘
1853,13:14:39,7.55,-0.01,8,6040,卖盘
1854,13:14:36,7.56,--,15,11340,买盘
1855,13:14:33,7.56,--,16,12096,买盘
1856,13:14:30,7.56,--,9,6804,买盘
1857,13:14:24,7.56,--,20,15120,买盘
1858,13:14:21,7.56,0.01,85,64260,买盘
1859,13:14:18,7.55,-0.01,7,5285,卖盘
1860,13:14:15,7.56,0.01,50,37800,买盘
1861,13:14:06,7.55,-0.01,52,39260,卖盘
1862,13:14:03,7.56,0.01,2,1512,买盘
1863,13:14:00,7.55,-0.01,71,53605,卖盘
1864,13:13:57,7.56,--,54,40824,买盘
1865,13:13:54,7.56,--,25,18900,买盘
1866,13:13:51,7.56,--,1,756,买盘
1867,13:13:48,7.56,0.01,110,83160,买盘
1868,13:13:45,7.55,-0.01,505,381275,卖盘
1869,13:13:42,7.56,0.01,19,14364,买盘
1870,13:13:39,7.55,-0.01,41,30955,卖盘
1871,13:13:36,7.56,--,11,8316,买盘
1872,13:13:33,7.56,--,20,15120,买盘
1873,13:13:30,7.56,--,69,52164,买盘
1874,13:13:27,7.56,--,18,13608,买盘
1875,13:13:24,7.56,0.01,71,53676,买盘
1876,13:13:21,7.55,-0.01,305,230275,卖盘
1877,13:13:18,7.56,--,2,1512,买盘
1878,13:13:15,7.56,0.01,79,59724,买盘
1879,13:13:12,7.55,-0.01,5,3775,卖盘
1880,13:13:09,7.56,--,16,12096,买盘
1881,13:13:06,7.56,--,1,756,买盘
1882,13:13:03,7.56,0.01,23,17388,买盘
1883,13:13:00,7.55,-0.01,38,28690,卖盘
1884,13:12:54,7.56,--,110,83160,买盘
1885,13:12:51,7.56,--,6,4536,买盘
1886,13:12:48,7.56,--,21,15876,买盘
1887,13:12:45,7.56,--,20,15120,买盘
1888,13:12:42,7.56,0.01,16,12096,买盘
1889,13:12:39,7.55,-0.01,20,15100,卖盘
1890,13:12:36,7.56,--,536,405216,买盘
1891,13:12:33,7.56,0.01,7,5292,买盘
1892,13:12:30,7.55,--,230,173650,卖盘
1893,13:12:27,7.55,-0.01,6,4530,卖盘
1894,13:12:21,7.56,--,14,10584,买盘
1895,13:12:18,7.56,0.01,22,16632,买盘
1896,13:12:12,7.55,-0.01,3,2265,卖盘
1897,13:12:09,7.56,--,17,12852,买盘
1898,13:12:06,7.56,--,24,18144,买盘
1899,13:12:03,7.56,--,3,2268,买盘
1900,13:12:00,7.56,0.01,30,22680,买盘
1901,13:11:54,7.55,-0.01,4,3020,卖盘
1902,13:11:51,7.56,0.01,1,756,买盘
1903,13:11:48,7.55,-0.01,1,755,卖盘
1904,13:11:45,7.56,--,60,45360,买盘
1905,13:11:42,7.56,--,20,15120,买盘
1906,13:11:39,7.56,--,67,50652,买盘
1907,13:11:33,7.56,--,60,45360,买盘
1908,13:11:30,7.56,0.01,16,12096,买盘
1909,13:11:27,7.55,--,46,34730,卖盘
1910,13:11:24,7.55,-0.01,250,188750,卖盘
1911,13:11:21,7.56,--,53,40068,买盘
1912,13:11:18,7.56,0.01,39,29484,买盘
1913,13:11:12,7.55,-0.01,4,3020,卖盘
1914,13:11:09,7.56,--,26,19656,买盘
1915,13:11:06,7.56,--,16,12096,买盘
1916,13:11:03,7.56,0.01,43,32508,买盘
1917,13:11:00,7.55,--,105,79275,卖盘
1918,13:10:57,7.55,-0.01,6,4530,卖盘
1919,13:10:51,7.56,0.01,38,28728,买盘
1920,13:10:48,7.55,-0.01,5,3775,卖盘
1921,13:10:45,7.56,--,23,17388,买盘
1922,13:10:42,7.56,--,5,3780,买盘
1923,13:10:39,7.56,--,114,86184,买盘
1924,13:10:36,7.56,--,40,30240,买盘
1925,13:10:33,7.56,0.01,115,86940,买盘
1926,13:10:30,7.55,-0.01,44,33220,卖盘
1927,13:10:27,7.56,--,165,124740,买盘
1928,13:10:24,7.56,--,516,390096,买盘
1929,13:10:21,7.56,--,152,114912,买盘
1930,13:10:18,7.56,0.01,41,30996,买盘
1931,13:10:15,7.55,-0.01,3629,2739895,卖盘
1932,13:10:12,7.56,--,8,6048,买盘
1933,13:10:09,7.56,--,5,3780,买盘
1934,13:10:06,7.56,--,19,14364,买盘
1935,13:10:03,7.56,0.01,2,1512,买盘
1936,13:09:54,7.55,--,6,4530,卖盘
1937,13:09:51,7.55,--,17,12835,卖盘
1938,13:09:45,7.55,0.01,127,95885,买盘
1939,13:09:42,7.54,-0.01,428,322712,卖盘
1940,13:09:39,7.55,--,16,12080,买盘
1941,13:09:36,7.55,--,111,83805,买盘
1942,13:09:33,7.55,--,35,26425,买盘
1943,13:09:30,7.55,--,189,142695,买盘
1944,13:09:27,7.55,0.01,255,192525,买盘
1945,13:09:24,7.54,--,42,31668,卖盘
1946,13:09:21,7.54,-0.01,61,45994,卖盘
1947,13:09:18,7.55,0.01,13,9815,买盘
1948,13:09:15,7.54,-0.01,45,33930,卖盘
1949,13:09:12,7.55,0.01,91,68705,买盘
1950,13:09:09,7.54,-0.01,56,42224,卖盘
1951,13:09:03,7.55,--,21,15855,买盘
1952,13:09:00,7.55,--,34,25670,买盘
1953,13:08:54,7.55,--,37,27935,买盘
1954,13:08:51,7.55,0.01,86,64930,买盘
1955,13:08:48,7.54,-0.01,116,87464,卖盘
1956,13:08:45,7.55,--,1,755,买盘
1957,13:08:42,7.55,--,42,31710,买盘
1958,13:08:39,7.55,0.01,3607,2723285,买盘
1959,13:08:36,7.54,-0.01,25,18850,卖盘
1960,13:08:33,7.55,--,123,92865,买盘
1961,13:08:30,7.55,0.01,67,50585,买盘
1962,13:08:27,7.54,-0.01,12,9048,卖盘
1963,13:08:24,7.55,--,15,11325,买盘
1964,13:08:18,7.55,--,2,1510,买盘
1965,13:08:15,7.55,0.01,12,9060,买盘
1966,13:08:12,7.54,--,5,3770,卖盘
1967,13:08:09,7.54,-0.01,77,58058,卖盘
1968,13:08:03,7.55,0.01,13,9815,买盘
1969,13:08:00,7.54,-0.01,252,190362,卖盘
1970,13:07:54,7.55,0.01,22,16610,买盘
1971,13:07:51,7.54,--,26,19604,卖盘
1972,13:07:45,7.54,-0.01,1,754,卖盘
1973,13:07:42,7.55,0.01,23,17365,买盘
1974,13:07:39,7.54,-0.01,50,37700,卖盘
1975,13:07:36,7.55,0.01,32,24160,买盘
1976,13:07:33,7.54,--,8,6032,卖盘
1977,13:07:30,7.54,--,18,13572,卖盘
1978,13:07:27,7.54,-0.01,4,3016,卖盘
1979,13:07:24,7.55,--,5,3775,买盘
1980,13:07:21,7.55,0.01,352,265760,买盘
1981,13:07:18,7.54,-0.01,13,9802,卖盘
1982,13:07:12,7.55,0.01,65,49075,买盘
1983,13:07:09,7.54,-0.01,26,19604,卖盘
1984,13:07:06,7.55,0.01,5,3775,买盘
1985,13:07:03,7.54,-0.01,40,30160,卖盘
1986,13:07:00,7.55,--,5,3775,买盘
1987,13:06:57,7.55,--,20,15100,买盘
1988,13:06:54,7.55,--,4,3020,买盘
1989,13:06:51,7.55,0.01,1,755,买盘
1990,13:06:45,7.54,-0.01,24,18096,卖盘
1991,13:06:42,7.55,0.01,3,2265,买盘
1992,13:06:36,7.54,-0.01,4,3016,卖盘
1993,13:06:33,7.55,0.01,5,3775,买盘
1994,13:06:30,7.54,--,62,46748,卖盘
1995,13:06:24,7.54,-0.01,5,3770,卖盘
1996,13:06:21,7.55,--,6,4530,买盘
1997,13:06:18,7.55,--,3,2265,买盘
1998,13:06:15,7.55,0.01,7,5285,买盘
1999,13:06:12,7.54,-0.01,5,3770,卖盘
2000,13:06:09,7.55,0.01,5,3775,买盘
2001,13:06:03,7.54,-0.01,5,3770,卖盘
2002,13:06:00,7.55,0.01,59,44545,买盘
2003,13:05:57,7.54,--,40,30160,卖盘
2004,13:05:51,7.54,-0.01,5,3770,卖盘
2005,13:05:48,7.55,0.01,30,22650,买盘
2006,13:05:45,7.54,-0.01,58,43732,卖盘
2007,13:05:42,7.55,0.01,14,10570,买盘
2008,13:05:39,7.54,-0.01,33,24882,卖盘
2009,13:05:36,7.55,--,108,81540,买盘
2010,13:05:33,7.55,0.01,5,3775,买盘
2011,13:05:30,7.54,-0.01,11,8294,卖盘
2012,13:05:24,7.55,--,16,12080,买盘
2013,13:05:21,7.55,0.01,1,755,买盘
2014,13:05:18,7.54,-0.01,18,13572,卖盘
2015,13:05:15,7.55,--,107,80785,买盘
2016,13:05:12,7.55,0.01,30,22650,买盘
2017,13:05:09,7.54,--,13,9802,卖盘
2018,13:05:06,7.54,--,4,3016,卖盘
2019,13:05:03,7.54,-0.01,21,15834,卖盘
2020,13:05:00,7.55,0.01,16,12080,买盘
2021,13:04:57,7.54,--,5,3770,卖盘
2022,13:04:51,7.54,-0.01,42,31668,卖盘
2023,13:04:48,7.55,0.01,15,11325,买盘
2024,13:04:45,7.54,-0.01,43,32422,卖盘
2025,13:04:42,7.55,--,16,12080,买盘
2026,13:04:36,7.55,--,4,3020,买盘
2027,13:04:30,7.55,0.01,11,8305,买盘
2028,13:04:27,7.54,-0.01,7,5278,卖盘
2029,13:04:24,7.55,--,19,14345,买盘
2030,13:04:21,7.55,--,16,12080,买盘
2031,13:04:15,7.55,--,7,5285,买盘
2032,13:04:12,7.55,--,14,10570,买盘
2033,13:04:09,7.55,--,5,3775,买盘
2034,13:04:06,7.55,0.01,16,12080,买盘
2035,13:04:03,7.54,-0.01,10,7540,卖盘
2036,13:03:57,7.55,--,15,11325,买盘
2037,13:03:51,7.55,--,11,8305,买盘
2038,13:03:48,7.55,0.01,62,46810,买盘
2039,13:03:45,7.54,--,3040,2292160,卖盘
2040,13:03:42,7.54,--,101,76154,卖盘
2041,13:03:36,7.54,-0.01,2,1508,卖盘
2042,13:03:33,7.55,--,20,15100,买盘
2043,13:03:30,7.55,--,15,11325,买盘
2044,13:03:21,7.55,--,14,10570,买盘
2045,13:03:15,7.55,0.01,17,12835,买盘
2046,13:03:12,7.54,-0.01,14,10556,卖盘
2047,13:03:09,7.55,--,6,4530,买盘
2048,13:03:06,7.55,0.01,16,12080,买盘
2049,13:03:03,7.54,-0.01,1,754,卖盘
2050,13:03:00,7.55,--,16,12080,买盘
2051,13:02:54,7.55,--,30,22650,买盘
2052,13:02:51,7.55,--,1,755,买盘
2053,13:02:48,7.55,--,1,755,买盘
2054,13:02:45,7.55,--,15,11325,买盘
2055,13:02:42,7.55,0.01,100,75500,买盘
2056,13:02:39,7.54,--,3047,2297438,卖盘
2057,13:02:33,7.54,-0.01,6,4524,卖盘
2058,13:02:30,7.55,--,55,41525,买盘
2059,13:02:27,7.55,--,7,5285,买盘
2060,13:02:21,7.55,0.01,1,755,买盘
2061,13:02:18,7.54,-0.01,133,100282,卖盘
2062,13:02:15,7.55,--,32,24160,买盘
2063,13:02:09,7.55,0.01,5,3775,买盘
2064,13:02:03,7.54,-0.01,1,754,卖盘
2065,13:02:00,7.55,--,15,11325,买盘
2066,13:01:51,7.55,--,16,12080,买盘
2067,13:01:45,7.55,--,32,24160,买盘
2068,13:01:42,7.55,--,103,77765,买盘
2069,13:01:39,7.55,0.01,2,1510,买盘
2070,13:01:36,7.54,-0.01,42,31668,卖盘
2071,13:01:33,7.55,--,15,11325,买盘
2072,13:01:30,7.55,0.01,1,755,买盘
2073,13:01:27,7.54,--,26,19604,卖盘
2074,13:01:21,7.54,-0.01,7,5278,卖盘
2075,13:01:18,7.55,--,16,12080,买盘
2076,13:01:15,7.55,--,3,2265,买盘
2077,13:01:12,7.55,--,77,58135,买盘
2078,13:01:09,7.55,--,5,3775,买盘
2079,13:01:06,7.55,--,148,111740,买盘
2080,13:01:03,7.55,--,17,12835,买盘
2081,13:01:00,7.55,--,20,15100,买盘
2082,13:00:57,7.55,--,20,15100,买盘
2083,13:00:51,7.55,--,31,23405,买盘
2084,13:00:42,7.55,--,28,21140,买盘
2085,13:00:39,7.55,--,1,755,买盘
2086,13:00:36,7.55,--,1,755,买盘
2087,13:00:33,7.55,--,33,24915,买盘
2088,13:00:30,7.55,0.01,30,22650,买盘
2089,13:00:27,7.54,--,3,2262,卖盘
2090,13:00:24,7.54,-0.01,24,18096,卖盘
2091,13:00:18,7.55,0.01,7,5285,买盘
2092,13:00:12,7.54,-0.01,7,5278,卖盘
2093,13:00:09,7.55,0.01,90,67950,买盘
2094,13:00:06,7.54,--,204,153816,卖盘
2095,13:00:03,7.54,0.01,3672,2769343,买盘
2096,13:00:00,7.53,--,45,33885,卖盘
2097,11:30:00,7.53,--,1,753,卖盘
2098,11:29:54,7.53,-0.01,4,3012,卖盘
2099,11:29:51,7.54,0.01,1,754,买盘
2100,11:29:45,7.53,--,1,753,卖盘
2101,11:29:42,7.53,-0.01,28,21084,卖盘
2102,11:29:39,7.54,0.01,1,754,买盘
2103,11:29:36,7.53,--,3,2259,卖盘
2104,11:29:33,7.53,-0.01,9,6777,卖盘
2105,11:29:30,7.54,--,3,2262,买盘
2106,11:29:27,7.54,0.01,108,81432,买盘
2107,11:29:21,7.53,-0.01,9,6777,卖盘
2108,11:29:18,7.54,0.01,2,1508,买盘
2109,11:29:15,7.53,-0.01,1,753,卖盘
2110,11:29:12,7.54,0.01,19,14326,买盘
2111,11:29:06,7.53,-0.01,10,7530,卖盘
2112,11:29:03,7.54,--,6,4524,买盘
2113,11:29:00,7.54,--,140,105560,买盘
2114,11:28:57,7.54,--,10,7540,买盘
2115,11:28:54,7.54,--,143,107822,买盘
2116,11:28:48,7.54,0.01,21,15834,买盘
2117,11:28:45,7.53,-0.01,1,753,卖盘
2118,11:28:39,7.54,--,8,6032,买盘
2119,11:28:36,7.54,0.01,84,63336,买盘
2120,11:28:33,7.53,--,3,2259,卖盘
2121,11:28:30,7.53,-0.01,93,70029,卖盘
2122,11:28:27,7.54,0.01,10,7540,买盘
2123,11:28:24,7.53,-0.01,12,9036,卖盘
2124,11:28:21,7.54,--,5,3770,买盘
2125,11:28:18,7.54,0.01,2,1508,买盘
2126,11:28:15,7.53,-0.01,4,3012,卖盘
2127,11:28:09,7.54,0.01,110,82940,买盘
2128,11:28:03,7.53,--,16,12048,卖盘
2129,11:28:00,7.53,--,6,4518,卖盘
2130,11:27:54,7.53,-0.01,44,33132,卖盘
2131,11:27:51,7.54,--,9,6786,买盘
2132,11:27:48,7.54,--,19,14326,买盘
2133,11:27:42,7.54,--,23,17342,买盘
2134,11:27:39,7.54,0.01,1,754,买盘
2135,11:27:30,7.53,-0.01,4,3012,卖盘
2136,11:27:24,7.54,--,1,754,买盘
2137,11:27:21,7.54,0.01,11,8294,买盘
2138,11:27:18,7.53,--,17,12801,卖盘
2139,11:27:15,7.53,-0.01,23,17319,卖盘
2140,11:27:12,7.54,0.01,1,754,买盘
2141,11:27:09,7.53,-0.01,4,3012,卖盘
2142,11:27:06,7.54,--,6,4524,买盘
2143,11:27:03,7.54,0.01,2,1508,买盘
2144,11:27:00,7.53,--,1,753,卖盘
2145,11:26:57,7.53,--,6,4518,卖盘
2146,11:26:54,7.53,-0.01,1,753,卖盘
2147,11:26:51,7.54,--,19,14326,买盘
2148,11:26:48,7.54,0.01,16,12064,买盘
2149,11:26:45,7.53,-0.01,135,101655,卖盘
2150,11:26:42,7.54,--,11,8294,买盘
2151,11:26:39,7.54,0.01,354,266916,买盘
2152,11:26:36,7.53,--,55,41415,卖盘
2153,11:26:33,7.53,--,28,21084,卖盘
2154,11:26:27,7.53,--,15,11295,卖盘
2155,11:26:24,7.53,-0.01,9,6777,卖盘
2156,11:26:21,7.54,--,28,21112,买盘
2157,11:26:18,7.54,0.01,3,2262,买盘
2158,11:26:15,7.53,--,5,3765,卖盘
2159,11:26:12,7.53,-0.01,30,22590,卖盘
2160,11:26:06,7.54,--,1,754,买盘
2161,11:26:03,7.54,0.01,81,61074,买盘
2162,11:26:00,7.53,-0.01,1,753,卖盘
2163,11:25:54,7.54,--,5,3770,买盘
2164,11:25:51,7.54,--,145,109330,买盘
2165,11:25:48,7.54,--,126,95004,买盘
2166,11:25:45,7.54,0.01,1,754,买盘
2167,11:25:42,7.53,-0.01,5,3765,卖盘
2168,11:25:39,7.54,--,43,32422,买盘
2169,11:25:33,7.54,--,6,4524,买盘
2170,11:25:30,7.54,--,36,27144,买盘
2171,11:25:27,7.54,0.01,1,754,买盘
2172,11:25:24,7.53,-0.01,7,5271,卖盘
2173,11:25:21,7.54,0.01,6,4524,买盘
2174,11:25:18,7.53,--,5,3765,卖盘
2175,11:25:15,7.53,--,1,753,卖盘
2176,11:25:09,7.53,--,4,3012,卖盘
2177,11:25:00,7.53,--,21,15813,卖盘
2178,11:24:57,7.53,--,104,78312,卖盘
2179,11:24:54,7.53,-0.01,10,7530,卖盘
2180,11:24:51,7.54,--,111,83694,买盘
2181,11:24:48,7.54,0.01,17,12818,买盘
2182,11:24:45,7.53,-0.01,4,3012,卖盘
2183,11:24:42,7.54,--,1,754,买盘
2184,11:24:39,7.54,--,2,1508,买盘
2185,11:24:36,7.54,--,6,4524,买盘
2186,11:24:33,7.54,0.01,119,89726,买盘
2187,11:24:30,7.53,-0.01,40,30120,卖盘
2188,11:24:27,7.54,0.01,23,17342,买盘
2189,11:24:24,7.53,-0.01,9,6777,卖盘
2190,11:24:21,7.54,--,8,6032,买盘
2191,11:24:18,7.54,0.01,2,1508,买盘
2192,11:24:15,7.53,--,11,8283,卖盘
2193,11:24:12,7.53,-0.01,5,3765,卖盘
2194,11:24:06,7.54,--,10,7540,买盘
2195,11:24:03,7.54,0.01,35,26390,买盘
2196,11:24:00,7.53,-0.01,6,4518,卖盘
2197,11:23:54,7.54,0.01,9,6786,买盘
2198,11:23:51,7.53,-0.01,4,3012,卖盘
2199,11:23:48,7.54,--,67,50518,买盘
2200,11:23:39,7.54,--,8,6032,买盘
2201,11:23:33,7.54,0.01,3,2262,买盘
2202,11:23:30,7.53,--,20,15060,卖盘
2203,11:23:27,7.53,--,5,3765,卖盘
2204,11:23:24,7.53,-0.01,40,30120,卖盘
2205,11:23:21,7.54,0.01,46,34684,买盘
2206,11:23:18,7.53,-0.01,13,9789,卖盘
2207,11:23:09,7.54,--,78,58812,买盘
2208,11:23:06,7.54,0.01,5,3770,买盘
2209,11:23:00,7.53,-0.01,1,753,卖盘
2210,11:22:57,7.54,0.01,1,754,买盘
2211,11:22:54,7.53,--,4,3012,卖盘
2212,11:22:51,7.53,-0.01,40,30120,卖盘
2213,11:22:48,7.54,0.01,16,12064,买盘
2214,11:22:45,7.53,--,5,3765,卖盘
2215,11:22:42,7.53,-0.01,1,753,卖盘
2216,11:22:39,7.54,0.01,1,754,买盘
2217,11:22:33,7.53,--,5,3765,卖盘
2218,11:22:27,7.53,--,11,8283,卖盘
2219,11:22:21,7.53,-0.01,19,14307,卖盘
2220,11:22:18,7.54,0.01,5,3770,买盘
2221,11:22:15,7.53,--,40,30120,卖盘
2222,11:22:12,7.53,-0.01,5,3765,卖盘
2223,11:22:06,7.54,--,5,3770,买盘
2224,11:22:03,7.54,0.01,107,80678,买盘
2225,11:22:00,7.53,-0.01,5,3765,卖盘
2226,11:21:54,7.54,--,28,21112,买盘
2227,11:21:51,7.54,0.01,6,4524,买盘
2228,11:21:48,7.53,-0.01,20,15060,卖盘
2229,11:21:45,7.54,0.01,4,3016,买盘
2230,11:21:42,7.53,--,7,5271,卖盘
2231,11:21:39,7.53,--,4,3012,卖盘
2232,11:21:33,7.53,--,13,9789,卖盘
2233,11:21:27,7.53,-0.01,6,4518,卖盘
2234,11:21:21,7.54,--,13,9802,买盘
2235,11:21:18,7.54,0.01,2,1508,买盘
2236,11:21:15,7.53,-0.01,10,7530,卖盘
2237,11:21:12,7.54,--,58,43732,买盘
2238,11:21:09,7.54,--,35,26390,买盘
2239,11:21:06,7.54,0.01,6,4524,买盘
2240,11:21:00,7.53,--,70,52710,卖盘
2241,11:20:54,7.53,-0.01,4,3012,卖盘
2242,11:20:48,7.54,0.01,42,31668,买盘
2243,11:20:45,7.53,--,125,94125,卖盘
2244,11:20:42,7.53,--,5,3765,卖盘
2245,11:20:39,7.53,--,115,86595,卖盘
2246,11:20:36,7.53,--,7,5271,卖盘
2247,11:20:33,7.53,-0.01,7,5271,卖盘
2248,11:20:30,7.54,0.01,6,4524,买盘
2249,11:20:24,7.53,-0.01,43,32379,卖盘
2250,11:20:21,7.54,0.01,11,8294,买盘
2251,11:20:18,7.53,--,1,753,卖盘
2252,11:20:15,7.53,--,1,753,卖盘
2253,11:20:09,7.53,--,17,12801,卖盘
2254,11:20:03,7.53,--,40,30120,卖盘
2255,11:20:00,7.53,-0.01,5,3765,卖盘
2256,11:19:48,7.54,0.01,22,16588,买盘
2257,11:19:36,7.53,-0.01,4,3012,卖盘
2258,11:19:33,7.54,0.01,1,754,买盘
2259,11:19:30,7.53,--,10,7530,卖盘
2260,11:19:27,7.53,--,13,9789,卖盘
2261,11:19:24,7.53,-0.01,5,3765,卖盘
2262,11:19:21,7.54,--,11,8294,买盘
2263,11:19:18,7.54,0.01,200,150800,买盘
2264,11:19:15,7.53,-0.01,4,3012,卖盘
2265,11:19:12,7.54,0.01,2,1508,买盘
2266,11:19:09,7.53,-0.01,7,5271,卖盘
2267,11:19:06,7.54,--,99,74646,买盘
2268,11:19:03,7.54,0.01,6,4524,买盘
2269,11:18:57,7.53,-0.01,40,30120,卖盘
2270,11:18:54,7.54,0.01,1,754,买盘
2271,11:18:51,7.53,-0.01,4,3012,卖盘
2272,11:18:48,7.54,0.01,43,32422,买盘
2273,11:18:42,7.53,--,4,3012,卖盘
2274,11:18:39,7.53,-0.01,19,14307,卖盘
2275,11:18:36,7.54,--,50,37700,买盘
2276,11:18:33,7.54,--,5,3770,买盘
2277,11:18:30,7.54,--,111,83694,买盘
2278,11:18:27,7.54,--,100,75400,买盘
2279,11:18:21,7.54,0.01,15,11310,买盘
2280,11:18:18,7.53,-0.01,14,10542,卖盘
2281,11:18:09,7.54,--,59,44486,买盘
2282,11:18:06,7.54,--,3,2262,买盘
2283,11:18:03,7.54,--,36,27144,买盘
2284,11:18:00,7.54,0.01,92,69368,买盘
2285,11:17:57,7.53,--,54,40662,卖盘
2286,11:17:51,7.53,-0.01,40,30120,卖盘
2287,11:17:48,7.54,0.01,9,6786,买盘
2288,11:17:45,7.53,--,315,237195,卖盘
2289,11:17:42,7.53,--,6,4518,卖盘
2290,11:17:39,7.53,--,118,88854,卖盘
2291,11:17:36,7.53,-0.01,4,3012,卖盘
2292,11:17:27,7.54,0.01,1,754,买盘
2293,11:17:24,7.53,-0.01,5,3765,卖盘
2294,11:17:21,7.54,0.01,5,3770,买盘
2295,11:17:15,7.53,--,25,18825,卖盘
2296,11:17:12,7.53,-0.01,5,3765,卖盘
2297,11:17:09,7.54,0.01,1,754,买盘
2298,11:17:06,7.53,--,10,7530,卖盘
2299,11:17:03,7.53,-0.01,5,3765,卖盘
2300,11:17:00,7.54,--,20,15080,买盘
2301,11:16:54,7.54,--,110,82940,买盘
2302,11:16:51,7.54,--,505,380770,买盘
2303,11:16:48,7.54,0.01,18,13572,买盘
2304,11:16:45,7.53,--,9,6777,卖盘
2305,11:16:42,7.53,--,77,57981,卖盘
2306,11:16:39,7.53,-0.01,11,8283,卖盘
2307,11:16:36,7.54,0.01,116,87464,买盘
2308,11:16:30,7.53,-0.01,4,3012,卖盘
2309,11:16:27,7.54,--,3,2262,买盘
2310,11:16:21,7.54,0.01,37,27898,买盘
2311,11:16:18,7.53,--,5,3765,卖盘
2312,11:16:15,7.53,-0.01,19,14307,卖盘
2313,11:16:12,7.54,--,15,11310,买盘
2314,11:16:09,7.54,0.01,20,15080,买盘
2315,11:16:06,7.53,-0.01,4,3012,卖盘
2316,11:16:03,7.54,0.01,2,1508,买盘
2317,11:16:00,7.53,--,1,753,卖盘
2318,11:15:57,7.53,-0.01,6,4518,卖盘
2319,11:15:54,7.54,--,7,5278,买盘
2320,11:15:51,7.54,0.01,42,31668,买盘
2321,11:15:48,7.53,--,11,8283,卖盘
2322,11:15:45,7.53,-0.02,160,120480,卖盘
2323,11:15:42,7.55,0.02,147,110985,买盘
2324,11:15:39,7.53,--,2,1506,卖盘
2325,11:15:36,7.53,--,35,26355,卖盘
2326,11:15:33,7.53,-0.02,105,79065,卖盘
2327,11:15:27,7.55,--,47,35485,买盘
2328,11:15:24,7.55,--,109,82295,买盘
2329,11:15:21,7.55,0.01,5,3775,买盘
2330,11:15:18,7.54,--,17,12818,卖盘
2331,11:15:15,7.54,--,38,28652,卖盘
2332,11:15:12,7.54,-0.01,81,61074,卖盘
2333,11:15:09,7.55,--,1,755,买盘
2334,11:15:06,7.55,--,1,755,买盘
2335,11:15:03,7.55,0.01,50,37750,买盘
2336,11:15:00,7.54,-0.01,104,78416,卖盘
2337,11:14:54,7.55,0.02,33,24915,买盘
2338,11:14:51,7.53,-0.02,99,74547,卖盘
2339,11:14:48,7.55,--,7,5285,买盘
2340,11:14:45,7.55,--,316,238580,买盘
2341,11:14:42,7.55,--,129,97395,买盘
2342,11:14:39,7.55,0.02,6,4530,买盘
2343,11:14:36,7.53,-0.02,43,32379,卖盘
2344,11:14:33,7.55,0.01,55,41525,买盘
2345,11:14:30,7.54,0.01,95,71630,买盘
2346,11:14:27,7.53,-0.01,47,35391,卖盘
2347,11:14:21,7.54,0.01,7,5278,卖盘
2348,11:14:18,7.53,-0.02,102,76806,卖盘
2349,11:14:15,7.55,0.01,271,204605,买盘
2350,11:14:12,7.54,-0.01,10,7540,卖盘
2351,11:14:09,7.55,0.01,79,59645,买盘
2352,11:14:06,7.54,-0.01,215,162110,卖盘
2353,11:14:03,7.55,0.01,27,20385,买盘
2354,11:14:00,7.54,0.01,28,21112,买盘
2355,11:13:54,7.53,-0.01,48,36144,卖盘
2356,11:13:51,7.54,--,5,3770,卖盘
2357,11:13:48,7.54,-0.01,3,2262,卖盘
2358,11:13:45,7.55,--,286,215930,买盘
2359,11:13:42,7.55,0.02,7,5285,买盘
2360,11:13:33,7.53,-0.02,27,20331,卖盘
2361,11:13:30,7.55,0.01,1291,974705,买盘
2362,11:13:27,7.54,0.01,2,1508,买盘
2363,11:13:24,7.53,-0.01,45,33885,卖盘
2364,11:13:21,7.54,--,5,3770,买盘
2365,11:13:18,7.54,--,50,37700,买盘
2366,11:13:12,7.54,--,286,215644,买盘
2367,11:13:06,7.54,--,30,22620,买盘
2368,11:13:03,7.54,0.01,8,6032,买盘
2369,11:13:00,7.53,-0.01,5,3765,卖盘
2370,11:12:51,7.54,0.01,1,754,买盘
2371,11:12:48,7.53,-0.01,277,208581,中性盘
2372,11:12:45,7.54,0.01,61,45994,买盘
2373,11:12:42,7.53,--,44,33132,买盘
2374,11:12:39,7.53,--,11,8283,买盘
2375,11:12:36,7.53,--,24,18072,买盘
2376,11:12:33,7.53,-0.01,1509,1136277,卖盘
2377,11:12:30,7.54,--,3,2262,买盘
2378,11:12:27,7.54,--,6,4524,买盘
2379,11:12:21,7.54,--,25,18850,买盘
2380,11:12:18,7.54,0.01,3,2262,买盘
2381,11:12:15,7.53,--,316,237948,卖盘
2382,11:12:06,7.53,-0.01,35,26355,卖盘
2383,11:12:03,7.54,0.01,3,2262,买盘
2384,11:11:57,7.53,--,5,3765,卖盘
2385,11:11:54,7.53,-0.01,5,3765,卖盘
2386,11:11:51,7.54,0.01,5,3770,买盘
2387,11:11:48,7.53,-0.01,51,38403,卖盘
2388,11:11:45,7.54,0.01,272,205088,买盘
2389,11:11:42,7.53,-0.01,5,3765,卖盘
2390,11:11:39,7.54,0.01,113,85202,买盘
2391,11:11:36,7.53,-0.01,4,3012,卖盘
2392,11:11:33,7.54,0.01,1,754,买盘
2393,11:11:30,7.53,--,4,3012,卖盘
2394,11:11:27,7.53,--,14,10542,买盘
2395,11:11:24,7.53,-0.01,16,12048,卖盘
2396,11:11:21,7.54,--,10,7540,买盘
2397,11:11:18,7.54,--,9,6786,买盘
2398,11:11:15,7.54,--,271,204334,买盘
2399,11:11:12,7.54,0.01,1,754,买盘
2400,11:11:09,7.53,-0.01,5,3765,卖盘
2401,11:11:06,7.54,0.01,91,68614,买盘
2402,11:11:03,7.53,-0.01,3,2259,卖盘
2403,11:11:00,7.54,0.01,210,158340,买盘
2404,11:10:57,7.53,--,4,3012,卖盘
2405,11:10:54,7.53,-0.01,1,753,卖盘
2406,11:10:51,7.54,--,9,6786,买盘
2407,11:10:48,7.54,--,474,357396,买盘
2408,11:10:45,7.54,0.01,271,204334,买盘
2409,11:10:42,7.53,-0.01,46,34638,卖盘
2410,11:10:39,7.54,0.01,3,2262,买盘
2411,11:10:36,7.53,--,4,3012,卖盘
2412,11:10:27,7.53,--,36,27108,卖盘
2413,11:10:24,7.53,-0.01,10,7530,卖盘
2414,11:10:21,7.54,--,177,133458,买盘
2415,11:10:18,7.54,0.01,2,1508,买盘
2416,11:10:15,7.53,--,275,207075,卖盘
2417,11:10:12,7.53,--,2,1506,卖盘
2418,11:10:03,7.53,--,13,9789,买盘
2419,11:10:00,7.53,--,45,33885,买盘
2420,11:09:57,7.53,--,78,58734,买盘
2421,11:09:54,7.53,0.01,44,33132,买盘
2422,11:09:51,7.52,-0.01,52,39104,卖盘
2423,11:09:48,7.53,0.01,47,35391,买盘
2424,11:09:45,7.52,--,1,752,卖盘
2425,11:09:42,7.52,-0.01,4,3008,卖盘
2426,11:09:39,7.53,--,1,753,买盘
2427,11:09:36,7.53,--,10,7530,买盘
2428,11:09:33,7.53,0.01,51,38403,买盘
2429,11:09:30,7.52,--,4,3008,卖盘
2430,11:09:27,7.52,--,22,16544,卖盘
2431,11:09:24,7.52,-0.01,2,1504,卖盘
2432,11:09:21,7.53,--,5,3765,买盘
2433,11:09:18,7.53,0.01,25,18825,买盘
2434,11:09:09,7.52,-0.01,4,3008,卖盘
2435,11:09:06,7.53,--,2,1506,买盘
2436,11:08:57,7.53,0.01,15,11295,买盘
2437,11:08:54,7.52,-0.01,50,37600,卖盘
2438,11:08:48,7.53,0.01,1,753,买盘
2439,11:08:45,7.52,-0.01,4,3008,卖盘
2440,11:08:39,7.53,--,6,4518,买盘
2441,11:08:36,7.53,--,283,213099,买盘
2442,11:08:27,7.53,0.01,1,753,买盘
2443,11:08:24,7.52,-0.01,38,28576,卖盘
2444,11:08:21,7.53,--,6,4518,买盘
2445,11:08:15,7.53,0.01,1,753,买盘
2446,11:08:12,7.52,-0.01,5,3760,卖盘
2447,11:08:06,7.53,0.01,1,753,买盘
2448,11:08:03,7.52,-0.01,5,3760,卖盘
2449,11:07:51,7.53,0.01,59,44427,买盘
2450,11:07:48,7.52,--,33,24816,卖盘
2451,11:07:39,7.52,--,6,4512,卖盘
2452,11:07:36,7.52,-0.01,33,24816,卖盘
2453,11:07:33,7.53,0.01,20,15060,买盘
2454,11:07:30,7.52,-0.01,4,3008,卖盘
2455,11:07:21,7.53,0.01,5,3765,买盘
2456,11:07:18,7.52,--,5,3760,卖盘
2457,11:07:15,7.52,-0.01,20,15040,卖盘
2458,11:07:09,7.53,0.01,20,15060,买盘
2459,11:07:06,7.52,--,11,8272,卖盘
2460,11:07:03,7.52,--,433,325616,卖盘
2461,11:06:57,7.52,-0.01,4,3008,卖盘
2462,11:06:54,7.53,--,5,3765,买盘
2463,11:06:51,7.53,--,322,242466,买盘
2464,11:06:48,7.53,0.01,100,75300,买盘
2465,11:06:45,7.52,-0.01,67,50384,卖盘
2466,11:06:42,7.53,--,140,105420,买盘
2467,11:06:39,7.53,0.01,5,3765,买盘
2468,11:06:33,7.52,-0.01,4,3008,卖盘
2469,11:06:27,7.53,0.01,1,753,买盘
2470,11:06:24,7.52,-0.01,5,3760,卖盘
2471,11:06:21,7.53,--,10,7530,买盘
2472,11:06:18,7.53,0.01,2,1506,买盘
2473,11:06:12,7.52,-0.01,33,24816,卖盘
2474,11:06:09,7.53,--,60,45180,买盘
2475,11:06:03,7.53,0.01,2,1506,买盘
2476,11:06:00,7.52,--,5,3760,卖盘
2477,11:05:48,7.52,-0.01,56,42112,卖盘
2478,11:05:45,7.53,--,5,3765,买盘
2479,11:05:42,7.53,--,116,87348,买盘
2480,11:05:39,7.53,0.01,9,6777,买盘
2481,11:05:36,7.52,--,40,30080,卖盘
2482,11:05:30,7.52,--,17,12784,卖盘
2483,11:05:27,7.52,--,5,3760,卖盘
2484,11:05:24,7.52,-0.01,41,30832,卖盘
2485,11:05:21,7.53,--,36,27108,买盘
2486,11:05:18,7.53,0.01,90,67770,买盘
2487,11:05:15,7.52,--,5,3760,卖盘
2488,11:05:12,7.52,-0.01,17,12784,卖盘
2489,11:05:09,7.53,0.01,32,24096,买盘
2490,11:05:06,7.52,-0.01,5,3760,卖盘
2491,11:05:03,7.53,--,5,3765,买盘
2492,11:05:00,7.53,0.01,1,753,买盘
2493,11:04:54,7.52,--,4,3008,卖盘
2494,11:04:51,7.52,-0.01,30,22560,卖盘
2495,11:04:48,7.53,--,1,753,买盘
2496,11:04:45,7.53,0.01,273,205569,买盘
2497,11:04:42,7.52,-0.01,579,435408,卖盘
2498,11:04:39,7.53,-0.01,202,152106,卖盘
2499,11:04:36,7.54,0.01,6,4524,买盘
2500,11:04:33,7.53,--,622,468366,卖盘
2501,11:04:30,7.53,-0.01,49,36897,卖盘
2502,11:04:27,7.54,0.01,5,3770,买盘
2503,11:04:24,7.53,-0.01,21,15813,卖盘
2504,11:04:21,7.54,--,49,36946,买盘
2505,11:04:18,7.54,0.01,7,5278,买盘
2506,11:04:09,7.53,-0.01,7,5271,卖盘
2507,11:04:06,7.54,0.01,1,754,买盘
2508,11:04:03,7.53,--,19,14307,卖盘
2509,11:04:00,7.53,--,54,40662,卖盘
2510,11:03:48,7.53,--,4,3012,卖盘
2511,11:03:42,7.53,--,58,43674,卖盘
2512,11:03:39,7.53,--,154,115962,卖盘
2513,11:03:36,7.53,--,4,3012,卖盘
2514,11:03:33,7.53,-0.01,1,753,卖盘
2515,11:03:27,7.54,--,46,34684,买盘
2516,11:03:24,7.54,--,85,64090,买盘
2517,11:03:21,7.54,0.01,31,23374,买盘
2518,11:03:18,7.53,--,40,30120,卖盘
2519,11:03:15,7.53,-0.01,5,3765,卖盘
2520,11:03:06,7.54,0.01,1,754,买盘
2521,11:03:03,7.53,--,26,19578,卖盘
2522,11:02:54,7.53,-0.01,37,27861,卖盘
2523,11:02:51,7.54,0.01,100,75400,买盘
2524,11:02:42,7.53,-0.01,5,3765,卖盘
2525,11:02:30,7.54,--,16,12064,买盘
2526,11:02:27,7.54,0.01,4,3016,买盘
2527,11:02:21,7.53,-0.01,19,14307,卖盘
2528,11:02:18,7.54,0.01,107,80678,买盘
2529,11:02:15,7.53,-0.01,45,33885,卖盘
2530,11:02:12,7.54,0.01,42,31668,买盘
2531,11:02:09,7.53,-0.01,4,3012,卖盘
2532,11:02:06,7.54,--,17,12818,买盘
2533,11:02:00,7.54,0.01,200,150800,买盘
2534,11:01:57,7.53,--,8,6024,卖盘
2535,11:01:51,7.53,--,40,30120,卖盘
2536,11:01:48,7.53,-0.01,4,3012,卖盘
2537,11:01:45,7.54,--,72,54288,买盘
2538,11:01:39,7.54,0.01,10,7540,买盘
2539,11:01:36,7.53,-0.01,5,3765,卖盘
2540,11:01:33,7.54,--,3,2262,买盘
2541,11:01:27,7.54,0.02,16,12064,买盘
2542,11:01:24,7.52,-0.01,49,36848,卖盘
2543,11:01:21,7.53,-0.01,188,141714,卖盘
2544,11:01:15,7.54,0.01,107,80678,买盘
2545,11:01:12,7.53,--,6,4518,卖盘
2546,11:01:09,7.53,-0.01,40,30120,卖盘
2547,11:01:06,7.54,0.01,208,156832,买盘
2548,11:01:03,7.53,--,5,3765,卖盘
2549,11:01:00,7.53,0.01,71,54065,买盘
2550,11:00:57,7.52,-0.01,15,11280,卖盘
2551,11:00:54,7.53,0.01,10,7530,买盘
2552,11:00:51,7.52,-0.01,59,44368,卖盘
2553,11:00:48,7.53,--,52,39156,买盘
2554,11:00:42,7.53,--,26,19578,买盘
2555,11:00:39,7.53,--,1,753,买盘
2556,11:00:36,7.53,0.01,10,7530,买盘
2557,11:00:33,7.52,--,11,8272,卖盘
2558,11:00:30,7.52,-0.01,134,100768,卖盘
2559,11:00:24,7.53,--,26,19578,买盘
2560,11:00:21,7.53,0.01,16,12048,买盘
2561,11:00:18,7.52,-0.01,31,23312,卖盘
2562,11:00:15,7.53,--,102,76806,买盘
2563,11:00:12,7.53,--,10,7530,买盘
2564,11:00:09,7.53,-0.01,334,251502,卖盘
2565,11:00:06,7.54,--,1609,1213186,卖盘
2566,11:00:03,7.54,-0.01,26,19604,卖盘
2567,11:00:00,7.55,0.01,74,55870,买盘
2568,10:59:57,7.54,--,704,530816,卖盘
2569,10:59:54,7.54,-0.01,94,70876,卖盘
2570,10:59:51,7.55,--,10,7550,买盘
2571,10:59:48,7.55,0.01,41,30955,买盘
2572,10:59:45,7.54,--,15,11310,卖盘
2573,10:59:42,7.54,-0.01,80,60320,卖盘
2574,10:59:36,7.55,0.01,105,79275,买盘
2575,10:59:33,7.54,-0.01,3643,2746822,卖盘
2576,10:59:27,7.55,--,9,6795,买盘
2577,10:59:24,7.55,--,14,10570,买盘
2578,10:59:21,7.55,--,5,3775,买盘
2579,10:59:18,7.55,0.01,4,3020,买盘
2580,10:59:15,7.54,-0.01,216,162864,卖盘
2581,10:59:12,7.55,--,16,12080,买盘
2582,10:59:09,7.55,--,63,47565,买盘
2583,10:59:06,7.55,--,1,755,买盘
2584,10:59:03,7.55,--,14,10570,买盘
2585,10:59:00,7.55,0.01,21,15855,买盘
2586,10:58:54,7.54,-0.01,40,30160,卖盘
2587,10:58:51,7.55,--,111,83805,买盘
2588,10:58:48,7.55,0.01,6,4530,买盘
2589,10:58:45,7.54,-0.01,40,30160,卖盘
2590,10:58:42,7.55,0.01,1,755,买盘
2591,10:58:39,7.54,--,27,20358,卖盘
2592,10:58:33,7.54,--,9,6786,卖盘
2593,10:58:27,7.54,--,16,12064,卖盘
2594,10:58:24,7.54,-0.01,57,42978,卖盘
2595,10:58:21,7.55,0.01,91,68705,买盘
2596,10:58:18,7.54,--,22,16588,卖盘
2597,10:58:15,7.54,--,43,32422,卖盘
2598,10:58:12,7.54,-0.01,1,754,卖盘
2599,10:58:09,7.55,0.01,58,43790,买盘
2600,10:58:06,7.54,--,30,22620,卖盘
2601,10:58:03,7.54,--,11,8294,卖盘
2602,10:58:00,7.54,--,14,10556,卖盘
2603,10:57:54,7.54,--,13,9802,卖盘
2604,10:57:48,7.54,-0.01,26,19604,卖盘
2605,10:57:45,7.55,--,70,52850,买盘
2606,10:57:42,7.55,0.01,3,2265,买盘
2607,10:57:36,7.54,--,122,91988,卖盘
2608,10:57:33,7.54,--,52,39208,卖盘
2609,10:57:30,7.54,-0.01,428,322712,卖盘
2610,10:57:27,7.55,--,245,184975,买盘
2611,10:57:24,7.55,0.01,77,58135,买盘
2612,10:57:21,7.54,-0.01,10,7540,卖盘
2613,10:57:18,7.55,--,8,6040,买盘
2614,10:57:15,7.55,--,179,135145,买盘
2615,10:57:12,7.55,0.01,102,77010,买盘
2616,10:57:09,7.54,-0.01,5,3770,卖盘
2617,10:57:03,7.55,0.01,2,1510,买盘
2618,10:57:00,7.54,--,51,38454,卖盘
2619,10:56:57,7.54,--,1,754,卖盘
2620,10:56:54,7.54,--,9,6786,卖盘
2621,10:56:51,7.54,--,77,58058,卖盘
2622,10:56:48,7.54,--,31,23374,卖盘
2623,10:56:45,7.54,-0.01,10,7540,卖盘
2624,10:56:42,7.55,0.01,6,4530,买盘
2625,10:56:39,7.54,--,48,36192,卖盘
2626,10:56:36,7.54,-0.01,8,6032,卖盘
2627,10:56:33,7.55,0.01,13,9815,买盘
2628,10:56:27,7.54,--,5,3770,卖盘
2629,10:56:24,7.54,-0.01,4,3016,卖盘
2630,10:56:21,7.55,--,100,75500,买盘
2631,10:56:18,7.55,0.01,81,61155,买盘
2632,10:56:15,7.54,--,21,15834,卖盘
2633,10:56:12,7.54,-0.01,30,22620,卖盘
2634,10:56:09,7.55,--,3,2265,买盘
2635,10:56:06,7.55,0.01,144,108720,买盘
2636,10:56:03,7.54,-0.01,78,58812,卖盘
2637,10:56:00,7.55,--,27,20385,买盘
2638,10:55:54,7.55,0.01,7,5285,买盘
2639,10:55:51,7.54,-0.01,84,63336,卖盘
2640,10:55:48,7.55,0.01,255,192525,买盘
2641,10:55:45,7.54,--,13,9802,卖盘
2642,10:55:42,7.54,-0.01,16,12064,卖盘
2643,10:55:39,7.55,--,7,5285,买盘
2644,10:55:36,7.55,0.01,190,143450,买盘
2645,10:55:33,7.54,--,45,33930,卖盘
2646,10:55:30,7.54,--,10,7540,卖盘
2647,10:55:27,7.54,--,15,11310,卖盘
2648,10:55:21,7.54,-0.01,11,8294,卖盘
2649,10:55:18,7.55,0.01,28,21140,买盘
2650,10:55:15,7.54,--,28,21112,卖盘
2651,10:55:09,7.54,-0.01,34,25636,卖盘
2652,10:55:06,7.55,0.01,22,16610,买盘
2653,10:55:03,7.54,-0.01,220,165880,卖盘
2654,10:55:00,7.55,0.01,7,5285,买盘
2655,10:54:57,7.54,-0.01,25,18850,卖盘
2656,10:54:54,7.55,--,9,6795,买盘
2657,10:54:51,7.55,0.01,440,332200,买盘
2658,10:54:48,7.54,-0.01,6,4524,卖盘
2659,10:54:45,7.55,--,4,3020,买盘
2660,10:54:42,7.55,0.01,153,115515,买盘
2661,10:54:39,7.54,--,129,97266,卖盘
2662,10:54:36,7.54,-0.01,46,34684,卖盘
2663,10:54:30,7.55,--,106,80030,买盘
2664,10:54:27,7.55,--,33,24915,买盘
2665,10:54:24,7.55,--,646,487730,买盘
2666,10:54:21,7.55,--,148,111740,买盘
2667,10:54:18,7.55,0.01,8,6040,买盘
2668,10:54:15,7.54,--,5,3770,卖盘
2669,10:54:12,7.54,-0.01,155,116870,卖盘
2670,10:54:09,7.55,0.01,40,30200,买盘
2671,10:54:06,7.54,-0.01,2,1508,卖盘
2672,10:54:03,7.55,0.01,36,27180,买盘
2673,10:54:00,7.54,-0.01,15,11310,卖盘
2674,10:53:57,7.55,0.01,65,49075,买盘
2675,10:53:54,7.54,-0.01,4,3016,卖盘
2676,10:53:48,7.55,0.01,96,72480,买盘
2677,10:53:45,7.54,--,772,582088,卖盘
2678,10:53:42,7.54,-0.01,5,3770,卖盘
2679,10:53:39,7.55,0.01,64,48320,买盘
2680,10:53:36,7.54,-0.01,13,9802,卖盘
2681,10:53:33,7.55,0.01,16,12080,买盘
2682,10:53:30,7.54,-0.01,9,6786,卖盘
2683,10:53:24,7.55,--,21,15855,买盘
2684,10:53:21,7.55,0.01,66,49830,买盘
2685,10:53:18,7.54,-0.01,43,32422,卖盘
2686,10:53:12,7.55,0.01,107,80785,买盘
2687,10:53:09,7.54,--,6,4524,卖盘
2688,10:53:06,7.54,--,50,37700,卖盘
2689,10:53:03,7.54,-0.01,9,6786,卖盘
2690,10:53:00,7.55,0.01,37,27935,买盘
2691,10:52:57,7.54,--,114,85956,卖盘
2692,10:52:54,7.54,--,100,75400,卖盘
2693,10:52:51,7.54,--,30,22620,卖盘
2694,10:52:48,7.54,--,5,3770,卖盘
2695,10:52:39,7.54,--,148,112044,买盘
2696,10:52:36,7.54,--,125,94250,买盘
2697,10:52:33,7.54,--,1520,1146080,买盘
2698,10:52:30,7.54,0.01,428,322712,买盘
2699,10:52:27,7.53,-0.01,440,331320,卖盘
2700,10:52:24,7.54,--,2800,2111200,买盘
2701,10:52:21,7.54,--,6,4524,买盘
2702,10:52:18,7.54,0.01,210,158340,买盘
2703,10:52:15,7.53,--,10,7530,卖盘
2704,10:52:12,7.53,-0.01,44,33132,卖盘
2705,10:52:09,7.54,--,20,15080,买盘
2706,10:52:06,7.54,--,50,37700,买盘
2707,10:52:03,7.54,--,24,18096,买盘
2708,10:52:00,7.54,--,304,229216,买盘
2709,10:51:57,7.54,--,197,148538,买盘
2710,10:51:54,7.54,--,6,4524,买盘
2711,10:51:51,7.54,--,220,165880,买盘
2712,10:51:48,7.54,--,2,1508,买盘
2713,10:51:45,7.54,--,101,76154,买盘
2714,10:51:42,7.54,0.01,151,113854,买盘
2715,10:51:39,7.53,-0.01,27,20331,卖盘
2716,10:51:36,7.54,--,63,47502,买盘
2717,10:51:33,7.54,--,330,248820,买盘
2718,10:51:30,7.54,--,230,173420,买盘
2719,10:51:27,7.54,--,617,465218,买盘
2720,10:51:24,7.54,--,137,103298,买盘
2721,10:51:21,7.54,--,505,380770,买盘
2722,10:51:18,7.54,--,22,16588,买盘
2723,10:51:12,7.54,0.01,30,22620,买盘
2724,10:51:09,7.53,--,1,753,卖盘
2725,10:51:06,7.53,--,75,56475,卖盘
2726,10:51:03,7.53,--,114,85842,卖盘
2727,10:51:00,7.53,--,1850,1393351,买盘
2728,10:50:57,7.53,0.01,140,105420,买盘
2729,10:50:54,7.52,-0.01,330,248160,卖盘
2730,10:50:51,7.53,0.01,37,27861,买盘
2731,10:50:45,7.52,-0.01,4,3008,卖盘
2732,10:50:42,7.53,--,11,8283,买盘
2733,10:50:39,7.53,--,37,27861,买盘
2734,10:50:36,7.53,0.01,3330,2507490,买盘
2735,10:50:33,7.52,-0.01,62,46624,卖盘
2736,10:50:30,7.53,0.01,5,3765,买盘
2737,10:50:27,7.52,--,37,27824,卖盘
2738,10:50:24,7.52,-0.01,5,3760,卖盘
2739,10:50:21,7.53,0.01,134,100902,买盘
2740,10:50:18,7.52,--,4,3008,卖盘
2741,10:50:15,7.52,--,50,37600,卖盘
2742,10:50:12,7.52,-0.01,4,3008,卖盘
2743,10:50:09,7.53,0.01,1,753,买盘
2744,10:50:06,7.52,--,138,103776,卖盘
2745,10:50:03,7.52,--,9,6768,卖盘
2746,10:50:00,7.52,--,75,56400,卖盘
2747,10:49:51,7.52,-0.01,5,3760,卖盘
2748,10:49:48,7.53,0.01,1,753,买盘
2749,10:49:45,7.52,-0.01,30,22560,卖盘
2750,10:49:42,7.53,0.01,3,2259,买盘
2751,10:49:39,7.52,--,7,5264,卖盘
2752,10:49:36,7.52,-0.01,13,9776,卖盘
2753,10:49:33,7.53,0.01,623,469119,买盘
2754,10:49:27,7.52,-0.01,6,4512,卖盘
2755,10:49:21,7.53,--,6,4518,买盘
2756,10:49:18,7.53,0.01,7,5271,买盘
2757,10:49:15,7.52,-0.01,3,2256,卖盘
2758,10:49:12,7.53,0.01,55,41415,买盘
2759,10:49:06,7.52,-0.01,10,7520,卖盘
2760,10:49:03,7.53,--,4,3012,买盘
2761,10:48:57,7.53,0.01,10,7530,买盘
2762,10:48:54,7.52,-0.01,9,6768,卖盘
2763,10:48:51,7.53,0.01,250,188250,买盘
2764,10:48:48,7.52,-0.01,41,30832,卖盘
2765,10:48:45,7.53,0.01,7,5271,买盘
2766,10:48:42,7.52,-0.01,22,16544,卖盘
2767,10:48:39,7.53,0.01,11,8283,买盘
2768,10:48:36,7.52,--,85,63920,卖盘
2769,10:48:33,7.52,--,4,3008,卖盘
2770,10:48:30,7.52,--,13,9776,卖盘
2771,10:48:21,7.52,-0.01,10,7520,卖盘
2772,10:48:18,7.53,0.01,3,2259,买盘
2773,10:48:15,7.52,-0.01,1,752,卖盘
2774,10:48:12,7.53,--,45,33885,买盘
2775,10:48:09,7.53,--,6,4518,买盘
2776,10:48:06,7.53,--,571,429963,买盘
2777,10:48:03,7.53,0.01,18,13554,买盘
2778,10:48:00,7.52,--,205,154160,卖盘
2779,10:47:51,7.52,--,20,15040,卖盘
2780,10:47:48,7.52,-0.01,7,5264,卖盘
2781,10:47:45,7.53,0.01,300,225900,买盘
2782,10:47:42,7.52,-0.01,40,30080,卖盘
2783,10:47:39,7.53,0.01,9,6777,买盘
2784,10:47:36,7.52,-0.01,5,3760,卖盘
2785,10:47:33,7.53,--,31,23343,买盘
2786,10:47:30,7.53,0.01,12,9036,买盘
2787,10:47:27,7.52,--,705,530160,卖盘
2788,10:47:21,7.52,--,209,157168,卖盘
2789,10:47:15,7.52,--,164,123328,卖盘
2790,10:47:06,7.52,--,55,41360,卖盘
2791,10:47:00,7.52,--,2,1504,卖盘
2792,10:46:54,7.52,--,17,12784,卖盘
2793,10:46:51,7.52,0.01,637,479024,买盘
2794,10:46:42,7.51,-0.01,25,18775,卖盘
2795,10:46:39,7.52,0.01,43,32335,买盘
2796,10:46:30,7.51,-0.01,5,3755,卖盘
2797,10:46:27,7.52,--,1,752,买盘
2798,10:46:24,7.52,0.01,7,5264,买盘
2799,10:46:21,7.51,-0.02,535,401785,卖盘
2800,10:46:18,7.53,0.01,1,753,买盘
2801,10:46:15,7.52,--,60,45120,卖盘
2802,10:46:09,7.52,--,32,24064,买盘
2803,10:46:03,7.52,--,28,21056,买盘
2804,10:46:00,7.52,0.01,10,7520,买盘
2805,10:45:57,7.51,-0.01,14,10514,卖盘
2806,10:45:54,7.52,0.01,524,394048,买盘
2807,10:45:51,7.51,--,1,751,卖盘
2808,10:45:48,7.51,--,12,9012,卖盘
2809,10:45:39,7.51,--,273,205023,卖盘
2810,10:45:36,7.51,--,5,3755,卖盘
2811,10:45:33,7.51,--,41,30791,卖盘
2812,10:45:27,7.51,--,40,30040,卖盘
2813,10:45:24,7.51,-0.01,513,385263,卖盘
2814,10:45:21,7.52,--,5,3760,买盘
2815,10:45:18,7.52,0.01,1,752,买盘
2816,10:45:15,7.51,--,16,12016,卖盘
2817,10:45:03,7.51,-0.01,5,3755,卖盘
2818,10:45:00,7.52,0.01,114,85728,买盘
2819,10:44:57,7.51,--,10,7510,卖盘
2820,10:44:51,7.51,--,59,44309,卖盘
2821,10:44:48,7.51,-0.01,4661,3500411,卖盘
2822,10:44:42,7.52,--,7,5264,买盘
2823,10:44:39,7.52,0.01,87,65423,买盘
2824,10:44:36,7.51,-0.01,24,18024,卖盘
2825,10:44:33,7.52,0.01,1,752,买盘
2826,10:44:30,7.51,-0.01,5,3755,卖盘
2827,10:44:27,7.52,--,45,33840,买盘
2828,10:44:24,7.52,--,90,67680,买盘
2829,10:44:21,7.52,0.01,170,127840,买盘
2830,10:44:18,7.51,-0.01,5,3755,卖盘
2831,10:44:15,7.52,--,5,3760,买盘
2832,10:44:12,7.52,--,9,6768,买盘
2833,10:44:09,7.52,0.01,9,6768,买盘
2834,10:44:06,7.51,-0.01,23,17273,卖盘
2835,10:43:57,7.52,--,141,106032,买盘
2836,10:43:54,7.52,--,1151,865552,买盘
2837,10:43:48,7.52,--,7,5264,买盘
2838,10:43:45,7.52,--,627,471504,买盘
2839,10:43:42,7.52,--,14,10528,买盘
2840,10:43:36,7.52,0.01,91,68432,买盘
2841,10:43:33,7.51,--,331,248581,卖盘
2842,10:43:30,7.51,-0.01,5,3755,卖盘
2843,10:43:27,7.52,0.01,1,752,买盘
2844,10:43:24,7.51,-0.01,44,33044,卖盘
2845,10:43:21,7.52,0.01,25,18800,买盘
2846,10:43:18,7.51,--,60,45060,卖盘
2847,10:43:15,7.51,--,70,52570,卖盘
2848,10:43:12,7.51,--,12,9012,卖盘
2849,10:43:09,7.51,--,9,6759,卖盘
2850,10:43:03,7.51,--,5,3755,卖盘
2851,10:43:00,7.51,--,39,29289,卖盘
2852,10:42:57,7.51,--,217,162967,卖盘
2853,10:42:51,7.51,-0.01,4,3004,卖盘
2854,10:42:48,7.52,0.01,10,7520,买盘
2855,10:42:42,7.51,--,6,4506,卖盘
2856,10:42:39,7.51,-0.01,14,10514,卖盘
2857,10:42:36,7.52,0.01,21,15792,买盘
2858,10:42:30,7.51,-0.01,5,3755,卖盘
2859,10:42:27,7.52,--,102,76704,买盘
2860,10:42:24,7.52,--,18,13536,买盘
2861,10:42:21,7.52,0.01,26,19552,买盘
2862,10:42:18,7.51,-0.01,672,504672,卖盘
2863,10:42:15,7.52,--,14,10528,卖盘
2864,10:42:12,7.52,--,64,48128,卖盘
2865,10:42:06,7.52,--,6,4512,卖盘
2866,10:42:03,7.52,-0.01,4,3008,卖盘
2867,10:42:00,7.53,0.01,129,97137,买盘
2868,10:41:57,7.52,-0.01,6,4512,卖盘
2869,10:41:54,7.53,0.01,16,12048,买盘
2870,10:41:48,7.52,--,41,30832,卖盘
2871,10:41:45,7.52,--,14,10528,卖盘
2872,10:41:33,7.52,--,5,3760,卖盘
2873,10:41:30,7.52,--,20,15040,买盘
2874,10:41:24,7.52,--,14,10528,买盘
2875,10:41:21,7.52,--,233,175216,买盘
2876,10:41:18,7.52,0.01,31,23312,买盘
2877,10:41:15,7.51,--,1,751,卖盘
2878,10:41:12,7.51,-0.01,4,3004,卖盘
2879,10:41:06,7.52,--,174,130847,卖盘
2880,10:41:03,7.52,--,89,66928,卖盘
2881,10:41:00,7.52,--,25,18800,卖盘
2882,10:40:57,7.52,--,22,16544,卖盘
2883,10:40:54,7.52,--,57,42864,卖盘
2884,10:40:51,7.52,--,20,15040,卖盘
