,time,price,change,volume,amount,type
0,15:00:03,6.74,-0.01,2520,1698480,卖盘
1,14:57:00,6.75,0.01,10,6750,买盘
2,14:56:57,6.74,--,14,9436,卖盘
3,14:56:54,6.74,--,105,70770,卖盘
4,14:56:51,6.74,--,48,32352,卖盘
5,14:56:48,6.74,--,1,674,卖盘
6,14:56:45,6.74,--,402,270948,卖盘
7,14:56:39,6.74,-0.01,270,181980,卖盘
8,14:56:36,6.75,--,30,20250,买盘
9,14:56:33,6.75,0.01,155,104625,买盘
10,14:56:30,6.74,--,7,4718,卖盘
11,14:56:27,6.74,--,37,24938,卖盘
12,14:56:24,6.74,--,61,41114,卖盘
13,14:56:21,6.74,-0.01,26,17524,卖盘
14,14:56:18,6.75,0.01,22,14850,买盘
15,14:56:12,6.74,--,18,12132,买盘
16,14:56:09,6.74,--,9,6066,卖盘
17,14:56:06,6.74,--,94,63356,卖盘
18,14:56:03,6.74,0.01,4,2696,买盘
19,14:56:00,6.73,-0.02,50,33650,卖盘
20,14:55:57,6.75,0.01,136,91800,买盘
21,14:55:54,6.74,--,22,14828,买盘
22,14:55:48,6.74,--,173,116602,买盘
23,14:55:45,6.74,--,62,41788,买盘
24,14:55:42,6.74,0.01,1087,732638,买盘
25,14:55:39,6.73,--,1,673,买盘
26,14:55:36,6.73,--,14,9422,买盘
27,14:55:33,6.73,--,29,19517,买盘
28,14:55:30,6.73,-0.01,4120,2772760,卖盘
29,14:55:27,6.74,--,1,674,卖盘
30,14:55:24,6.74,--,35,23590,卖盘
31,14:55:21,6.74,--,943,635582,卖盘
32,14:55:18,6.74,--,130,87620,卖盘
33,14:55:15,6.74,--,110,74140,卖盘
34,14:55:12,6.74,--,1,674,卖盘
35,14:55:09,6.74,--,872,587728,卖盘
36,14:55:06,6.74,--,30,20220,卖盘
37,14:55:03,6.74,--,100,67400,卖盘
38,14:55:00,6.74,--,10,6740,卖盘
39,14:54:57,6.74,-0.01,1,674,卖盘
40,14:54:54,6.75,--,41,27675,买盘
41,14:54:51,6.75,0.01,42,28350,买盘
42,14:54:48,6.74,-0.01,28,18872,卖盘
43,14:54:45,6.75,--,67,45225,买盘
44,14:54:39,6.75,--,75,50625,买盘
45,14:54:36,6.75,--,33,22275,买盘
46,14:54:33,6.75,--,32,21600,买盘
47,14:54:30,6.75,--,5,3375,买盘
48,14:54:27,6.75,--,59,39825,买盘
49,14:54:24,6.75,--,100,67500,买盘
50,14:54:21,6.75,0.01,110,74250,买盘
51,14:54:18,6.74,-0.01,18,12132,卖盘
52,14:54:15,6.75,--,20,13500,买盘
53,14:54:12,6.75,--,238,160650,买盘
54,14:54:09,6.75,--,85,57375,买盘
55,14:54:06,6.75,0.01,6,4050,买盘
56,14:54:03,6.74,-0.01,20,13480,卖盘
57,14:54:00,6.75,0.01,18,12150,买盘
58,14:53:57,6.74,-0.01,1247,840478,卖盘
59,14:53:54,6.75,0.01,20,13500,买盘
60,14:53:48,6.74,-0.01,10,6740,卖盘
61,14:53:42,6.75,0.01,66,44550,买盘
62,14:53:39,6.74,-0.01,8,5392,卖盘
63,14:53:27,6.75,0.01,35,23625,买盘
64,14:53:18,6.74,-0.01,6,4044,卖盘
65,14:53:09,6.75,--,240,162000,买盘
66,14:53:03,6.75,--,2,1350,买盘
67,14:53:00,6.75,0.01,710,479250,买盘
68,14:52:57,6.74,-0.01,40,26960,卖盘
69,14:52:54,6.75,0.01,100,67500,买盘
70,14:52:45,6.74,-0.01,21,14154,卖盘
71,14:52:42,6.75,0.01,20,13500,买盘
72,14:52:39,6.74,-0.01,148,99752,卖盘
73,14:52:36,6.75,0.01,94,63450,买盘
74,14:52:33,6.74,-0.01,24,16176,卖盘
75,14:52:27,6.75,--,41,27675,买盘
76,14:52:24,6.75,--,1,675,买盘
77,14:52:21,6.75,--,49,33075,买盘
78,14:52:18,6.75,-0.01,578,390150,卖盘
79,14:52:15,6.76,0.01,6,4056,买盘
80,14:52:12,6.75,--,160,108000,卖盘
81,14:52:09,6.75,--,30,20250,卖盘
82,14:52:06,6.75,--,140,94500,卖盘
83,14:52:00,6.75,-0.01,17,11475,卖盘
84,14:51:51,6.76,0.01,3,2028,买盘
85,14:51:48,6.75,--,32,21600,卖盘
86,14:51:42,6.75,--,325,219375,卖盘
87,14:51:39,6.75,-0.01,24,16200,卖盘
88,14:51:36,6.76,0.01,30,20280,买盘
89,14:51:30,6.75,--,6,4050,卖盘
90,14:51:27,6.75,-0.01,30,20250,卖盘
91,14:51:24,6.76,0.01,73,49348,买盘
92,14:51:18,6.75,--,141,95175,卖盘
93,14:51:09,6.75,--,44,29700,卖盘
94,14:51:06,6.75,-0.01,9,6075,中性盘
95,14:51:03,6.76,0.01,81,54756,买盘
96,14:51:00,6.75,--,1,675,买盘
97,14:50:57,6.75,-0.01,63,42525,卖盘
98,14:50:54,6.76,0.01,205,138580,买盘
99,14:50:51,6.75,--,161,108675,卖盘
100,14:50:42,6.75,-0.01,24,16200,卖盘
101,14:50:36,6.76,--,22,14872,买盘
102,14:50:33,6.76,--,10,6760,买盘
103,14:50:30,6.76,0.01,220,148720,买盘
104,14:50:27,6.75,--,1365,921375,卖盘
105,14:50:24,6.75,--,14,9450,卖盘
106,14:50:21,6.75,--,51,34425,卖盘
107,14:50:18,6.75,--,9,6075,卖盘
108,14:50:15,6.75,-0.01,40,27000,卖盘
109,14:50:12,6.76,0.01,81,54756,买盘
110,14:50:09,6.75,-0.01,15,10125,卖盘
111,14:50:06,6.76,--,4,2704,买盘
112,14:50:03,6.76,0.01,45,30420,买盘
113,14:50:00,6.75,--,15,10125,卖盘
114,14:49:57,6.75,--,18,12150,买盘
115,14:49:54,6.75,--,16,10800,买盘
116,14:49:51,6.75,--,21,14175,买盘
117,14:49:48,6.75,--,30,20250,卖盘
118,14:49:45,6.75,--,25,16875,卖盘
119,14:49:42,6.75,-0.01,153,103275,卖盘
120,14:49:39,6.76,--,61,41236,买盘
121,14:49:36,6.76,0.01,1,676,买盘
122,14:49:33,6.75,--,2,1350,卖盘
123,14:49:30,6.75,--,50,33750,卖盘
124,14:49:24,6.75,--,125,84375,卖盘
125,14:49:21,6.75,-0.01,66,44550,卖盘
126,14:49:18,6.76,0.01,278,187928,买盘
127,14:49:12,6.75,0.01,6,4050,中性盘
128,14:49:09,6.74,--,597,402378,卖盘
129,14:49:06,6.74,-0.01,9,6066,卖盘
130,14:49:03,6.75,--,154,103950,买盘
131,14:48:57,6.75,--,250,168750,买盘
132,14:48:54,6.75,-0.01,47,32197,卖盘
133,14:48:51,6.76,0.01,113,76388,买盘
134,14:48:48,6.75,--,75,50625,卖盘
135,14:48:45,6.75,-0.01,18,12150,卖盘
136,14:48:42,6.76,0.01,25,16900,买盘
137,14:48:39,6.75,--,20,13500,卖盘
138,14:48:36,6.75,--,4,2700,卖盘
139,14:48:30,6.75,--,2,1350,卖盘
140,14:48:27,6.75,-0.01,465,313875,卖盘
141,14:48:21,6.76,0.01,101,68276,买盘
142,14:48:18,6.75,--,40,27000,卖盘
143,14:48:15,6.75,-0.01,7,4725,卖盘
144,14:48:12,6.76,--,7,4732,买盘
145,14:48:09,6.76,--,186,125736,买盘
146,14:48:06,6.76,0.01,59,39884,买盘
147,14:48:03,6.75,-0.01,450,303750,卖盘
148,14:48:00,6.76,0.01,6,4056,买盘
149,14:47:57,6.75,-0.01,60,40689,卖盘
150,14:47:54,6.76,0.01,86,58136,买盘
151,14:47:51,6.75,-0.01,10,6750,卖盘
152,14:47:48,6.76,0.01,80,54080,买盘
153,14:47:45,6.75,-0.01,10,6750,卖盘
154,14:47:42,6.76,0.01,24,16224,买盘
155,14:47:39,6.75,--,4,2700,卖盘
156,14:47:36,6.75,--,270,182263,买盘
157,14:47:33,6.75,--,45,30375,买盘
158,14:47:30,6.75,--,1670,1127250,买盘
159,14:47:27,6.75,--,10,6750,买盘
160,14:47:24,6.75,--,813,548775,买盘
161,14:47:21,6.75,--,15,10125,买盘
162,14:47:18,6.75,--,1095,739786,卖盘
163,14:47:15,6.75,--,184,124200,卖盘
164,14:47:12,6.75,--,1,675,卖盘
165,14:47:09,6.75,--,54,36450,卖盘
166,14:47:06,6.75,-0.01,212,143100,卖盘
167,14:47:03,6.76,--,38,25688,买盘
168,14:47:00,6.76,0.01,319,215644,买盘
169,14:46:57,6.75,--,524,353700,卖盘
170,14:46:54,6.75,-0.01,10,6750,卖盘
171,14:46:51,6.76,0.01,34,22984,买盘
172,14:46:48,6.75,-0.01,10,6750,卖盘
173,14:46:45,6.76,0.01,21,14196,买盘
174,14:46:42,6.75,-0.01,1,675,卖盘
175,14:46:39,6.76,--,34,22984,买盘
176,14:46:36,6.76,0.01,15,10140,买盘
177,14:46:33,6.75,--,37,24975,卖盘
178,14:46:30,6.75,-0.01,101,68175,卖盘
179,14:46:27,6.76,0.01,147,99372,买盘
180,14:46:24,6.75,--,1111,749925,卖盘
181,14:46:21,6.75,-0.01,3,2025,卖盘
182,14:46:18,6.76,--,70,47320,买盘
183,14:46:15,6.76,--,16,10816,买盘
184,14:46:12,6.76,0.01,20,13520,买盘
185,14:46:09,6.75,--,138,93150,卖盘
186,14:46:06,6.75,-0.01,146,98550,卖盘
187,14:46:03,6.76,--,14,9464,买盘
188,14:46:00,6.76,--,1,676,买盘
189,14:45:57,6.76,0.01,31,21145,买盘
190,14:45:54,6.75,--,30,20250,卖盘
191,14:45:51,6.75,-0.01,16,10800,卖盘
192,14:45:48,6.76,--,49,33124,买盘
193,14:45:45,6.76,--,35,23660,买盘
194,14:45:42,6.76,--,33,22308,买盘
195,14:45:39,6.76,0.01,101,68276,买盘
196,14:45:36,6.75,--,87,58725,卖盘
197,14:45:30,6.75,--,50,33750,卖盘
198,14:45:27,6.75,--,67,45225,卖盘
199,14:45:24,6.75,--,6,4050,卖盘
200,14:45:21,6.75,--,1,675,卖盘
201,14:45:18,6.75,-0.01,25,16875,卖盘
202,14:45:15,6.76,0.01,23,15548,买盘
203,14:45:09,6.75,-0.01,72,48600,卖盘
204,14:45:06,6.76,0.01,63,42588,买盘
205,14:45:03,6.75,-0.01,250,168750,卖盘
206,14:44:57,6.76,--,49,33124,买盘
207,14:44:51,6.76,0.01,19,12844,买盘
208,14:44:48,6.75,-0.01,50,33750,卖盘
209,14:44:45,6.76,0.01,49,33124,买盘
210,14:44:42,6.75,--,11,7425,卖盘
211,14:44:36,6.75,-0.01,61,41175,卖盘
212,14:44:33,6.76,0.01,6,4056,买盘
213,14:44:27,6.75,-0.01,318,214650,卖盘
214,14:44:24,6.76,--,70,47320,买盘
215,14:44:21,6.76,--,219,148044,买盘
216,14:44:18,6.76,--,8,5408,买盘
217,14:44:12,6.76,--,4,2704,买盘
218,14:44:06,6.76,--,23,15548,买盘
219,14:44:03,6.76,--,39,26364,买盘
220,14:43:57,6.76,0.01,1,676,买盘
221,14:43:54,6.75,--,20,13500,卖盘
222,14:43:51,6.75,-0.01,2,1350,卖盘
223,14:43:48,6.76,--,88,59488,买盘
224,14:43:42,6.76,0.01,154,104104,买盘
225,14:43:39,6.75,-0.01,2,1350,卖盘
226,14:43:33,6.76,--,338,228488,买盘
227,14:43:30,6.76,--,52,35152,买盘
228,14:43:27,6.76,--,28,18928,买盘
229,14:43:24,6.76,--,2,1352,买盘
230,14:43:21,6.76,--,18,12168,买盘
231,14:43:12,6.76,--,669,452244,买盘
232,14:43:09,6.76,--,45,30420,买盘
233,14:43:06,6.76,--,22,14872,买盘
234,14:43:03,6.76,--,1,676,买盘
235,14:43:00,6.76,--,158,106808,买盘
236,14:42:57,6.76,0.01,1,676,买盘
237,14:42:51,6.75,--,54,36450,卖盘
238,14:42:48,6.75,--,333,224775,卖盘
239,14:42:45,6.75,-0.01,88,59400,卖盘
240,14:42:42,6.76,--,7,4732,买盘
241,14:42:39,6.76,--,1,676,买盘
242,14:42:36,6.76,--,71,47996,买盘
243,14:42:30,6.76,--,1,676,买盘
244,14:42:27,6.76,--,2,1352,买盘
245,14:42:24,6.76,--,357,241332,买盘
246,14:42:21,6.76,0.01,4,2704,买盘
247,14:42:18,6.75,--,30,20250,卖盘
248,14:42:15,6.75,-0.01,34,22950,卖盘
249,14:42:12,6.76,--,1,676,买盘
250,14:42:09,6.76,--,290,196040,买盘
251,14:42:06,6.76,--,9,6084,买盘
252,14:42:03,6.76,0.01,15,10140,买盘
253,14:42:00,6.75,--,3,2025,卖盘
254,14:41:54,6.75,-0.01,278,187650,卖盘
255,14:41:51,6.76,--,3,2028,买盘
256,14:41:48,6.76,--,39,26364,买盘
257,14:41:42,6.76,--,24,16224,买盘
258,14:41:39,6.76,--,1,676,买盘
259,14:41:33,6.76,0.01,72,48672,买盘
260,14:41:30,6.75,-0.01,100,67500,卖盘
261,14:41:27,6.76,--,1,676,买盘
262,14:41:24,6.76,--,1,676,买盘
263,14:41:21,6.76,--,4,2704,买盘
264,14:41:18,6.76,0.01,186,125736,买盘
265,14:41:15,6.75,-0.01,80,54000,卖盘
266,14:41:12,6.76,--,32,21632,买盘
267,14:41:09,6.76,0.01,145,98020,买盘
268,14:41:06,6.75,-0.01,1,675,卖盘
269,14:41:03,6.76,0.01,10,6760,买盘
270,14:40:57,6.75,-0.01,10,6750,卖盘
271,14:40:51,6.76,--,1,676,买盘
272,14:40:48,6.76,--,43,29068,买盘
273,14:40:45,6.76,0.01,2,1352,买盘
274,14:40:42,6.75,-0.01,1,675,卖盘
275,14:40:36,6.76,--,1,676,买盘
276,14:40:33,6.76,0.01,49,33124,买盘
277,14:40:27,6.75,-0.01,3,2025,卖盘
278,14:40:24,6.76,--,73,49348,买盘
279,14:40:21,6.76,0.01,4,2704,买盘
280,14:40:18,6.75,--,96,64800,卖盘
281,14:40:15,6.75,--,1,675,卖盘
282,14:40:09,6.75,-0.01,13,8775,卖盘
283,14:40:06,6.76,--,7,4732,买盘
284,14:40:03,6.76,0.01,23,15548,买盘
285,14:40:00,6.75,--,3,2025,卖盘
286,14:39:57,6.75,-0.01,104,70200,卖盘
287,14:39:54,6.76,--,24,16224,买盘
288,14:39:51,6.76,0.01,51,34476,买盘
289,14:39:45,6.75,--,28,18900,卖盘
290,14:39:39,6.75,-0.01,3,2025,卖盘
291,14:39:36,6.76,0.01,5,3380,买盘
292,14:39:33,6.75,--,1,675,卖盘
293,14:39:30,6.75,-0.01,44,29700,卖盘
294,14:39:27,6.76,0.01,761,514436,买盘
295,14:39:24,6.75,-0.01,8,5400,卖盘
296,14:39:21,6.76,0.01,4,2704,买盘
297,14:39:18,6.75,-0.01,6,4050,卖盘
298,14:39:15,6.76,0.01,15,10140,买盘
299,14:39:12,6.75,-0.01,29,19575,卖盘
300,14:39:09,6.76,--,23,15548,买盘
301,14:39:06,6.76,0.01,16,10816,买盘
302,14:39:03,6.75,-0.01,70,47250,卖盘
303,14:39:00,6.76,0.01,63,42588,买盘
304,14:38:54,6.75,--,6,4050,卖盘
305,14:38:48,6.75,--,10,6750,卖盘
306,14:38:45,6.75,--,50,33750,卖盘
307,14:38:42,6.75,--,2,1350,卖盘
308,14:38:39,6.75,--,8,5400,卖盘
309,14:38:36,6.75,--,18,12150,卖盘
310,14:38:27,6.75,--,109,73575,卖盘
311,14:38:24,6.75,-0.01,150,101250,卖盘
312,14:38:21,6.76,--,54,36504,买盘
313,14:38:18,6.76,0.01,18,12168,买盘
314,14:38:15,6.75,-0.01,33,22275,卖盘
315,14:38:12,6.76,--,9,6084,买盘
316,14:38:09,6.76,0.01,37,25012,买盘
317,14:38:03,6.75,-0.01,10,6750,卖盘
318,14:37:57,6.76,0.01,9,6084,买盘
319,14:37:54,6.75,--,35,23625,卖盘
320,14:37:42,6.75,--,5,3375,卖盘
321,14:37:39,6.75,-0.01,2000,1350000,卖盘
322,14:37:33,6.76,0.01,20,13520,买盘
323,14:37:24,6.75,-0.01,768,518400,卖盘
324,14:37:21,6.76,--,53,35828,买盘
325,14:37:18,6.76,--,44,29744,买盘
326,14:37:15,6.76,--,23,15548,买盘
327,14:37:09,6.76,--,22,14872,买盘
328,14:37:06,6.76,--,568,383968,卖盘
329,14:37:03,6.76,--,9,6084,卖盘
330,14:36:57,6.76,--,13,8788,卖盘
331,14:36:54,6.76,--,12,8112,卖盘
332,14:36:45,6.76,-0.01,5,3380,卖盘
333,14:36:42,6.77,--,54,36558,买盘
334,14:36:39,6.77,0.01,22,14893,买盘
335,14:36:36,6.76,--,20,13520,卖盘
336,14:36:30,6.76,--,1,676,卖盘
337,14:36:24,6.76,-0.01,1,676,卖盘
338,14:36:21,6.77,--,107,72439,买盘
339,14:36:18,6.77,--,154,104258,买盘
340,14:36:15,6.77,0.01,30,20310,买盘
341,14:36:12,6.76,-0.01,16,10816,卖盘
342,14:36:09,6.77,0.01,48,32495,买盘
343,14:36:06,6.76,--,357,241332,卖盘
344,14:35:57,6.76,-0.01,20,13520,卖盘
345,14:35:54,6.77,0.01,6,4061,买盘
346,14:35:51,6.76,--,1,676,卖盘
347,14:35:48,6.76,-0.01,400,270400,卖盘
348,14:35:45,6.77,--,327,221379,买盘
349,14:35:42,6.77,0.01,1,677,买盘
350,14:35:39,6.76,-0.01,22,14872,卖盘
351,14:35:36,6.77,--,72,48744,买盘
352,14:35:27,6.77,--,23,15570,买盘
353,14:35:24,6.77,--,227,153679,买盘
354,14:35:21,6.77,0.01,4,2708,买盘
355,14:35:18,6.76,--,126,85176,卖盘
356,14:35:15,6.76,--,68,45968,卖盘
357,14:35:12,6.76,--,1353,914628,买盘
358,14:35:09,6.76,0.01,89,60164,买盘
359,14:35:06,6.75,--,69,46575,卖盘
360,14:34:54,6.75,-0.01,13,8775,卖盘
361,14:34:51,6.76,--,5,3380,买盘
362,14:34:33,6.76,--,22,14872,买盘
363,14:34:30,6.76,0.01,1,676,买盘
364,14:34:24,6.75,-0.01,70,47250,卖盘
365,14:34:21,6.76,0.01,4,2704,买盘
366,14:34:18,6.75,--,25,16875,卖盘
367,14:34:12,6.75,-0.01,1,675,卖盘
368,14:34:09,6.76,--,63,42588,买盘
369,14:34:06,6.76,--,9,6084,买盘
370,14:34:03,6.76,0.01,54,36504,买盘
371,14:34:00,6.75,--,4,2700,卖盘
372,14:33:57,6.75,--,23,15525,卖盘
373,14:33:54,6.75,--,20,13500,卖盘
374,14:33:51,6.75,-0.01,5,3375,卖盘
375,14:33:48,6.76,--,30,20280,买盘
376,14:33:45,6.76,--,98,66248,买盘
377,14:33:42,6.76,--,24,16224,买盘
378,14:33:39,6.76,--,15,10140,买盘
379,14:33:36,6.76,--,515,348140,买盘
380,14:33:33,6.76,--,15,10140,买盘
381,14:33:27,6.76,--,150,101400,卖盘
382,14:33:24,6.76,-0.01,55,37180,卖盘
383,14:33:21,6.77,0.01,253,171281,买盘
384,14:33:18,6.76,--,60,40560,卖盘
385,14:33:15,6.76,--,219,148044,卖盘
386,14:33:12,6.76,-0.01,148,100048,卖盘
387,14:33:09,6.77,0.01,860,582220,买盘
388,14:33:06,6.76,--,108,73008,卖盘
389,14:33:03,6.76,--,152,102752,卖盘
390,14:33:00,6.76,--,5,3380,卖盘
391,14:32:57,6.76,--,580,392080,卖盘
392,14:32:51,6.76,-0.01,10,6760,卖盘
393,14:32:48,6.77,0.01,23,15570,买盘
394,14:32:45,6.76,-0.01,109,73684,卖盘
395,14:32:42,6.77,--,1171,792767,买盘
396,14:32:39,6.77,0.01,10,6770,买盘
397,14:32:36,6.76,-0.01,150,101400,卖盘
398,14:32:27,6.77,--,59,39943,买盘
399,14:32:21,6.77,0.01,54,36558,买盘
400,14:32:18,6.76,--,14,9464,卖盘
401,14:32:15,6.76,-0.01,6,4056,卖盘
402,14:32:09,6.77,--,9,6093,买盘
403,14:32:06,6.77,0.01,27,18279,买盘
404,14:32:03,6.76,-0.01,12,8112,卖盘
405,14:32:00,6.77,0.01,59,39943,买盘
406,14:31:57,6.76,-0.01,67,45292,卖盘
407,14:31:54,6.77,--,68,46036,买盘
408,14:31:51,6.77,0.01,53,35881,买盘
409,14:31:48,6.76,-0.01,52,35152,卖盘
410,14:31:45,6.77,0.01,402,272154,买盘
411,14:31:42,6.76,--,31,20956,卖盘
412,14:31:39,6.76,--,25,16900,卖盘
413,14:31:36,6.76,--,12,8112,卖盘
414,14:31:33,6.76,--,4,2704,卖盘
415,14:31:30,6.76,--,18,12168,卖盘
416,14:31:27,6.76,-0.01,5,3380,卖盘
417,14:31:24,6.77,--,38,25726,买盘
418,14:31:21,6.77,0.01,4,2708,买盘
419,14:31:18,6.76,-0.01,1,676,卖盘
420,14:31:15,6.77,0.01,132,89364,买盘
421,14:31:12,6.76,-0.01,17,11492,卖盘
422,14:31:09,6.77,--,50,33850,买盘
423,14:31:06,6.77,--,70,47390,买盘
424,14:31:03,6.77,--,290,196330,买盘
425,14:31:00,6.77,--,116,78532,买盘
426,14:30:57,6.77,--,2,1354,买盘
427,14:30:54,6.77,--,65,44005,买盘
428,14:30:51,6.77,--,84,56868,买盘
429,14:30:48,6.77,--,10,6770,买盘
430,14:30:45,6.77,--,212,143524,买盘
431,14:30:42,6.77,--,6,4061,买盘
432,14:30:39,6.77,0.01,7,4739,买盘
433,14:30:36,6.76,--,1,676,卖盘
434,14:30:33,6.76,--,3,2028,卖盘
435,14:30:30,6.76,-0.01,121,81796,卖盘
436,14:30:27,6.77,--,69,46713,买盘
437,14:30:24,6.77,--,7,4739,买盘
438,14:30:21,6.77,-0.01,178,120505,卖盘
439,14:30:18,6.78,0.01,125,84750,买盘
440,14:30:15,6.77,--,10,6770,买盘
441,14:30:12,6.77,--,114,77178,卖盘
442,14:30:09,6.77,--,142,96134,买盘
443,14:30:06,6.77,--,336,227472,买盘
444,14:30:03,6.77,-0.01,158,106966,卖盘
445,14:30:00,6.78,0.01,150,101700,买盘
446,14:29:57,6.77,-0.01,25,16925,卖盘
447,14:29:54,6.78,0.01,121,82038,买盘
448,14:29:51,6.77,--,468,316836,卖盘
449,14:29:48,6.77,-0.01,30,20310,卖盘
450,14:29:45,6.78,0.01,74,50172,买盘
451,14:29:42,6.77,-0.01,111,75147,卖盘
452,14:29:39,6.78,0.01,117,79326,买盘
453,14:29:36,6.77,-0.01,120,81240,卖盘
454,14:29:33,6.78,0.01,141,95598,买盘
455,14:29:30,6.77,-0.01,29,19633,卖盘
456,14:29:27,6.78,--,78,52884,买盘
457,14:29:24,6.78,--,97,65766,买盘
458,14:29:21,6.78,--,5,3390,买盘
459,14:29:18,6.78,0.01,91,61698,买盘
460,14:29:15,6.77,-0.01,49,33173,卖盘
461,14:29:12,6.78,--,1742,1181076,买盘
462,14:29:09,6.78,--,90,61020,买盘
463,14:29:06,6.78,--,107,72546,买盘
464,14:29:03,6.78,0.01,1,678,买盘
465,14:29:00,6.77,-0.01,50,33850,卖盘
466,14:28:57,6.78,--,101,68478,买盘
467,14:28:54,6.78,--,7,4746,买盘
468,14:28:51,6.78,0.01,101,68478,买盘
469,14:28:48,6.77,-0.01,141,95457,卖盘
470,14:28:45,6.78,--,78,52884,买盘
471,14:28:42,6.78,0.01,104,70512,买盘
472,14:28:39,6.77,--,50,33850,卖盘
473,14:28:36,6.77,-0.01,105,71085,卖盘
474,14:28:33,6.78,--,70,47460,买盘
475,14:28:30,6.78,0.01,94,63732,买盘
476,14:28:27,6.77,-0.01,74,50098,卖盘
477,14:28:24,6.78,0.01,81,54918,买盘
478,14:28:21,6.77,-0.01,251,169927,卖盘
479,14:28:18,6.78,--,13,8814,买盘
480,14:28:15,6.78,--,283,191874,买盘
481,14:28:12,6.78,0.01,94,63732,买盘
482,14:28:06,6.77,-0.01,226,153002,卖盘
483,14:28:03,6.78,0.01,40,27120,买盘
484,14:28:00,6.77,--,265,179405,卖盘
485,14:27:57,6.77,--,21,14217,卖盘
486,14:27:54,6.77,--,1904,1289008,买盘
487,14:27:51,6.77,--,151,102227,买盘
488,14:27:48,6.77,--,116,78532,买盘
489,14:27:45,6.77,--,60,40620,买盘
490,14:27:42,6.77,--,9,6093,买盘
491,14:27:39,6.77,-0.01,157,106289,中性盘
492,14:27:36,6.78,0.01,155,105090,买盘
493,14:27:33,6.77,-0.01,104,70408,中性盘
494,14:27:30,6.78,0.01,1000,678000,买盘
495,14:27:27,6.77,--,335,226795,买盘
496,14:27:24,6.77,-0.01,338,228826,卖盘
497,14:27:21,6.78,--,69,46782,买盘
498,14:27:18,6.78,--,324,219672,买盘
499,14:27:15,6.78,0.01,25,16950,买盘
500,14:27:12,6.77,--,169,114413,卖盘
501,14:27:09,6.77,--,11,7446,卖盘
502,14:27:06,6.77,-0.01,525,355425,卖盘
503,14:27:03,6.78,0.01,90,61020,买盘
504,14:27:00,6.77,--,131,88687,卖盘
505,14:26:57,6.77,-0.01,96,64991,卖盘
506,14:26:54,6.78,0.01,123,83394,买盘
507,14:26:51,6.77,-0.01,43,29110,卖盘
508,14:26:48,6.78,0.01,252,170856,买盘
509,14:26:45,6.77,--,4,2708,买盘
510,14:26:42,6.77,-0.01,250,169250,卖盘
511,14:26:39,6.78,--,564,382392,买盘
512,14:26:36,6.78,--,253,171534,买盘
513,14:26:33,6.78,--,247,167466,买盘
514,14:26:30,6.78,0.01,154,104412,买盘
515,14:26:27,6.77,--,100,67700,卖盘
516,14:26:24,6.77,-0.01,591,400107,卖盘
517,14:26:21,6.78,0.01,1673,1134294,买盘
518,14:26:18,6.77,--,95,64314,买盘
519,14:26:15,6.77,--,208,140816,买盘
520,14:26:12,6.77,--,101,68377,买盘
521,14:26:09,6.77,0.01,715,484054,买盘
522,14:26:06,6.76,-0.01,148,100048,卖盘
523,14:26:03,6.77,--,39,26403,买盘
524,14:25:57,6.77,0.01,90,60929,买盘
525,14:25:54,6.76,--,203,137228,卖盘
526,14:25:51,6.76,--,5,3380,卖盘
527,14:25:48,6.76,--,123,83148,卖盘
528,14:25:45,6.76,-0.01,48,32448,卖盘
529,14:25:42,6.77,--,27,18279,买盘
530,14:25:39,6.77,--,140,94780,买盘
531,14:25:36,6.77,0.01,92,62283,买盘
532,14:25:33,6.76,-0.01,15,10140,卖盘
533,14:25:30,6.77,--,71,48067,买盘
534,14:25:27,6.77,--,183,123890,买盘
535,14:25:24,6.77,0.01,104,70408,买盘
536,14:25:21,6.76,--,44,29744,卖盘
537,14:25:18,6.76,-0.01,190,128440,卖盘
538,14:25:15,6.77,--,43,29110,买盘
539,14:25:12,6.77,0.01,111,75147,买盘
540,14:25:09,6.76,--,155,104780,买盘
541,14:25:06,6.76,--,154,104104,买盘
542,14:25:03,6.76,--,878,593528,买盘
543,14:24:57,6.76,--,90,60840,买盘
544,14:24:54,6.76,--,98,66248,买盘
545,14:24:51,6.76,--,14,9464,买盘
546,14:24:48,6.76,--,247,166972,买盘
547,14:24:45,6.76,0.01,3,2028,买盘
548,14:24:42,6.75,-0.01,198,133650,卖盘
549,14:24:39,6.76,--,22,14872,买盘
550,14:24:36,6.76,--,151,102076,买盘
551,14:24:33,6.76,--,8,5408,买盘
552,14:24:30,6.76,--,3,2028,买盘
553,14:24:27,6.76,--,95,64220,买盘
554,14:24:24,6.76,--,47,31772,买盘
555,14:24:21,6.76,--,116,78416,买盘
556,14:24:18,6.76,--,25,16900,买盘
557,14:24:15,6.76,--,126,85176,买盘
558,14:24:12,6.76,--,112,75712,买盘
559,14:24:09,6.76,--,10,6760,买盘
560,14:24:06,6.76,--,188,127088,买盘
561,14:24:03,6.76,--,74,50024,买盘
562,14:24:00,6.76,0.01,94,63544,买盘
563,14:23:57,6.75,-0.01,10,6750,卖盘
564,14:23:54,6.76,--,36,24336,买盘
565,14:23:51,6.76,--,140,94640,买盘
566,14:23:48,6.76,--,503,340028,买盘
567,14:23:45,6.76,--,91,61516,买盘
568,14:23:42,6.76,--,16,10816,买盘
569,14:23:39,6.76,0.01,90,60840,买盘
570,14:23:36,6.75,-0.01,21,14175,卖盘
571,14:23:33,6.76,--,228,154128,买盘
572,14:23:27,6.76,--,202,136552,买盘
573,14:23:24,6.76,--,7,4732,买盘
574,14:23:21,6.76,0.01,185,125060,买盘
575,14:23:18,6.75,--,164,110700,卖盘
576,14:23:15,6.75,-0.01,153,103275,卖盘
577,14:23:12,6.76,--,267,180492,买盘
578,14:23:09,6.76,--,53,35828,买盘
579,14:23:06,6.76,--,234,158184,买盘
580,14:23:03,6.76,--,49,33124,买盘
581,14:23:00,6.76,0.01,328,221728,买盘
582,14:22:57,6.75,-0.01,100,67500,卖盘
583,14:22:54,6.76,--,101,68276,买盘
584,14:22:51,6.76,--,189,127764,买盘
585,14:22:48,6.76,--,159,107484,买盘
586,14:22:45,6.76,--,184,124384,买盘
587,14:22:42,6.76,--,410,277160,买盘
588,14:22:39,6.76,0.01,32,21632,买盘
589,14:22:36,6.75,-0.01,87,58725,卖盘
590,14:22:33,6.76,--,273,184548,买盘
591,14:22:30,6.76,--,181,122356,买盘
592,14:22:27,6.76,0.01,49,33124,买盘
593,14:22:24,6.75,-0.01,178,120150,卖盘
594,14:22:21,6.76,--,102,68952,买盘
595,14:22:18,6.76,0.01,188,127088,买盘
596,14:22:15,6.75,--,130,87750,卖盘
597,14:22:12,6.75,-0.01,52,35100,卖盘
598,14:22:09,6.76,0.01,725,490600,买盘
599,14:22:06,6.75,--,130,87750,买盘
600,14:22:03,6.75,--,52,35100,买盘
601,14:22:00,6.75,--,20,13500,买盘
602,14:21:57,6.75,--,621,419175,买盘
603,14:21:54,6.75,--,1186,800550,买盘
604,14:21:51,6.75,--,820,553500,买盘
605,14:21:48,6.75,--,50,33750,买盘
606,14:21:45,6.75,--,183,123525,买盘
607,14:21:42,6.75,0.01,90,60750,买盘
608,14:21:39,6.74,-0.01,255,171870,卖盘
609,14:21:36,6.75,--,111,74925,买盘
610,14:21:33,6.75,--,1,675,买盘
611,14:21:30,6.75,0.01,91,61425,买盘
612,14:21:27,6.74,-0.01,172,115928,卖盘
613,14:21:24,6.75,--,245,165375,买盘
614,14:21:21,6.75,--,191,128925,买盘
615,14:21:18,6.75,--,92,62100,买盘
616,14:21:15,6.75,--,114,76950,买盘
617,14:21:12,6.75,--,193,130275,买盘
618,14:21:09,6.75,--,190,128250,买盘
619,14:21:06,6.75,--,201,135675,买盘
620,14:21:03,6.75,--,42,28350,买盘
621,14:21:00,6.75,--,90,60750,买盘
622,14:20:57,6.75,--,131,88425,买盘
623,14:20:54,6.75,--,226,152550,买盘
624,14:20:51,6.75,--,12,8100,买盘
625,14:20:48,6.75,--,260,175500,买盘
626,14:20:42,6.75,--,182,122850,买盘
627,14:20:39,6.75,--,74,49950,买盘
628,14:20:36,6.75,--,199,134325,买盘
629,14:20:33,6.75,--,182,122850,买盘
630,14:20:30,6.75,--,90,60750,买盘
631,14:20:27,6.75,--,90,60750,买盘
632,14:20:24,6.75,--,111,74925,买盘
633,14:20:21,6.75,--,193,130275,买盘
634,14:20:18,6.75,--,8,5400,买盘
635,14:20:15,6.75,--,153,103275,买盘
636,14:20:12,6.75,--,152,102600,买盘
637,14:20:09,6.75,--,103,69525,买盘
638,14:20:06,6.75,--,124,83700,买盘
639,14:20:03,6.75,0.01,221,149175,买盘
640,14:20:00,6.74,-0.01,94,63356,卖盘
641,14:19:57,6.75,0.01,874,589950,买盘
642,14:19:54,6.74,-0.01,257,173218,卖盘
643,14:19:51,6.75,--,258,174150,买盘
644,14:19:48,6.75,--,186,125550,买盘
645,14:19:45,6.75,--,8,5400,买盘
646,14:19:42,6.75,--,456,307800,买盘
647,14:19:39,6.75,0.01,102,68850,买盘
648,14:19:36,6.74,-0.01,101,68074,卖盘
649,14:19:33,6.75,--,280,189000,买盘
650,14:19:30,6.75,0.01,22,14850,买盘
651,14:19:27,6.74,-0.01,213,143562,卖盘
652,14:19:21,6.75,0.01,107,72225,买盘
653,14:19:18,6.74,-0.01,69,46506,卖盘
654,14:19:15,6.75,0.01,104,70200,买盘
655,14:19:12,6.74,-0.01,60,40440,卖盘
656,14:19:09,6.75,--,129,87075,买盘
657,14:19:06,6.75,--,14,9450,买盘
658,14:19:03,6.75,--,451,304425,买盘
659,14:19:00,6.75,0.01,136,91800,买盘
660,14:18:57,6.74,-0.01,115,77510,卖盘
661,14:18:54,6.75,0.01,40,27000,买盘
662,14:18:51,6.74,-0.01,136,91664,卖盘
663,14:18:48,6.75,--,99,66825,买盘
664,14:18:45,6.75,0.01,125,84375,买盘
665,14:18:42,6.74,-0.01,31,20894,卖盘
666,14:18:39,6.75,--,115,77625,买盘
667,14:18:36,6.75,--,31,20925,买盘
668,14:18:33,6.75,--,112,75600,买盘
669,14:18:30,6.75,0.01,91,61425,买盘
670,14:18:27,6.74,--,133,89642,卖盘
671,14:18:24,6.74,-0.01,216,145584,卖盘
672,14:18:21,6.75,0.01,239,161325,买盘
673,14:18:18,6.74,--,85,57290,买盘
674,14:18:15,6.74,-0.01,153,103122,卖盘
675,14:18:09,6.75,0.01,105,70875,买盘
676,14:18:06,6.74,--,556,374744,买盘
677,14:18:03,6.74,--,39,26286,买盘
678,14:18:00,6.74,--,91,61334,买盘
679,14:17:54,6.74,0.01,90,60660,买盘
680,14:17:51,6.73,-0.01,103,69319,卖盘
681,14:17:48,6.74,--,86,57964,买盘
682,14:17:45,6.74,--,181,121994,卖盘
683,14:17:42,6.74,-0.01,206,138844,卖盘
684,14:17:39,6.75,0.01,473,319275,买盘
685,14:17:36,6.74,--,137,92338,卖盘
686,14:17:33,6.74,--,188,126712,卖盘
687,14:17:30,6.74,--,485,326890,卖盘
688,14:17:27,6.74,-0.01,674,454276,卖盘
689,14:17:24,6.75,0.01,105,70875,买盘
690,14:17:21,6.74,-0.01,116,78184,卖盘
691,14:17:18,6.75,--,1,675,买盘
692,14:17:15,6.75,--,91,61425,买盘
693,14:17:12,6.75,--,61,41175,买盘
694,14:17:09,6.75,--,123,83025,买盘
695,14:17:06,6.75,--,200,135000,买盘
696,14:17:03,6.75,--,1040,702000,买盘
697,14:17:00,6.75,0.01,93,62775,买盘
698,14:16:54,6.74,-0.01,95,64030,卖盘
699,14:16:51,6.75,--,247,166725,买盘
700,14:16:48,6.75,0.01,24,16200,买盘
701,14:16:45,6.74,-0.01,378,254772,卖盘
702,14:16:39,6.75,--,119,80325,买盘
703,14:16:36,6.75,--,6,4050,买盘
704,14:16:33,6.75,0.01,150,101250,买盘
705,14:16:30,6.74,--,129,86946,卖盘
706,14:16:27,6.74,--,7,4718,卖盘
707,14:16:24,6.74,-0.01,94,63356,卖盘
708,14:16:21,6.75,--,112,75600,买盘
709,14:16:18,6.75,--,214,144450,买盘
710,14:16:15,6.75,--,155,104625,买盘
711,14:16:12,6.75,--,14,9450,买盘
712,14:16:09,6.75,--,106,71550,买盘
713,14:16:06,6.75,--,201,135675,买盘
714,14:16:00,6.75,--,51,34425,买盘
715,14:15:57,6.75,--,129,87075,买盘
716,14:15:54,6.75,--,137,92475,买盘
717,14:15:51,6.75,--,99,66825,买盘
718,14:15:48,6.75,0.01,342,230850,买盘
719,14:15:45,6.74,-0.01,118,79532,卖盘
720,14:15:42,6.75,--,189,127575,买盘
721,14:15:39,6.75,0.01,145,97875,买盘
722,14:15:36,6.74,-0.01,3,2022,卖盘
723,14:15:33,6.75,--,110,74250,买盘
724,14:15:30,6.75,--,122,82350,买盘
725,14:15:27,6.75,0.01,208,140400,买盘
726,14:15:24,6.74,--,102,68748,卖盘
727,14:15:21,6.74,--,33,22242,买盘
728,14:15:18,6.74,--,179,120646,卖盘
729,14:15:15,6.74,-0.01,156,105144,卖盘
730,14:15:12,6.75,--,90,60750,买盘
731,14:15:09,6.75,0.01,178,120150,买盘
732,14:15:06,6.74,--,1106,745444,卖盘
733,14:15:03,6.74,--,1420,957080,买盘
734,14:15:00,6.74,--,753,507522,买盘
735,14:14:57,6.74,--,557,375418,买盘
736,14:14:54,6.74,--,92,62008,买盘
737,14:14:51,6.74,--,25,16850,买盘
738,14:14:48,6.74,--,97,65378,买盘
739,14:14:45,6.74,--,218,146932,买盘
740,14:14:39,6.74,--,139,93686,买盘
741,14:14:36,6.74,0.01,1,674,买盘
742,14:14:30,6.73,-0.01,20,13460,卖盘
743,14:14:27,6.74,--,179,120646,买盘
744,14:14:24,6.74,--,83,55942,买盘
745,14:14:21,6.74,--,6,4044,买盘
746,14:14:18,6.74,0.01,48,32352,买盘
747,14:14:15,6.73,-0.01,438,294774,卖盘
748,14:14:12,6.74,--,20,13480,买盘
749,14:14:09,6.74,--,34,22916,买盘
750,14:14:06,6.74,--,913,615362,买盘
751,14:14:03,6.74,0.01,1352,911248,买盘
752,14:14:00,6.73,--,712,479176,买盘
753,14:13:57,6.73,--,4,2692,买盘
754,14:13:54,6.73,--,383,257759,买盘
755,14:13:51,6.73,--,180,121140,买盘
756,14:13:48,6.73,--,9,6057,买盘
757,14:13:45,6.73,--,11,7403,买盘
758,14:13:42,6.73,--,2,1346,买盘
759,14:13:39,6.73,--,617,415241,买盘
760,14:13:30,6.73,0.01,19,12787,买盘
761,14:13:27,6.72,-0.01,715,480480,卖盘
762,14:13:24,6.73,--,125,84125,买盘
763,14:13:21,6.73,--,14,9422,买盘
764,14:13:18,6.73,--,1,673,买盘
765,14:13:15,6.73,--,2729,1836617,买盘
766,14:13:12,6.73,--,4,2692,买盘
767,14:13:09,6.73,0.01,1,673,买盘
768,14:13:06,6.72,-0.01,188,126336,卖盘
769,14:13:00,6.73,0.01,1,673,买盘
770,14:12:57,6.72,0.01,1923,1292256,买盘
771,14:12:54,6.71,-0.01,10,6710,卖盘
772,14:12:51,6.72,--,4,2688,买盘
773,14:12:39,6.72,--,2,1344,买盘
774,14:12:30,6.72,--,1,672,买盘
775,14:12:21,6.72,0.01,30,20160,买盘
776,14:12:18,6.71,-0.01,12,8052,卖盘
777,14:12:12,6.72,--,7,4704,买盘
778,14:12:09,6.72,--,1,672,买盘
779,14:12:06,6.72,--,44,29568,买盘
780,14:12:00,6.72,--,24,16128,买盘
781,14:11:54,6.72,0.01,54,36288,买盘
782,14:11:51,6.71,-0.01,13,8723,卖盘
783,14:11:48,6.72,--,4,2688,买盘
784,14:11:45,6.72,--,2,1344,买盘
785,14:11:42,6.72,--,2,1344,买盘
786,14:11:39,6.72,--,21,14112,买盘
787,14:11:36,6.72,--,12,8064,买盘
788,14:11:33,6.72,--,60,40320,买盘
789,14:11:30,6.72,--,22,14784,买盘
790,14:11:27,6.72,--,22,14784,买盘
791,14:11:24,6.72,--,64,43008,买盘
792,14:11:21,6.72,--,17,11424,买盘
793,14:11:18,6.72,--,101,67872,买盘
794,14:11:12,6.72,--,6,4032,买盘
795,14:11:09,6.72,--,11,7392,买盘
796,14:11:06,6.72,--,320,215040,卖盘
797,14:11:03,6.72,-0.01,510,342720,卖盘
798,14:10:54,6.73,--,2,1346,买盘
799,14:10:51,6.73,--,52,34996,买盘
800,14:10:48,6.73,0.01,21,14133,买盘
801,14:10:45,6.72,-0.01,60,40320,卖盘
802,14:10:39,6.73,--,3,2019,买盘
803,14:10:36,6.73,--,1,673,买盘
804,14:10:33,6.73,--,23,15479,买盘
805,14:10:30,6.73,--,117,78741,买盘
806,14:10:24,6.73,--,45,30285,买盘
807,14:10:21,6.73,--,6,4038,买盘
808,14:10:18,6.73,--,11,7403,买盘
809,14:10:15,6.73,--,1,673,买盘
810,14:10:12,6.73,--,9,6057,买盘
811,14:10:09,6.73,--,10,6730,买盘
812,14:10:06,6.73,0.01,56,37688,买盘
813,14:10:00,6.72,-0.01,26,17472,卖盘
814,14:09:57,6.73,0.01,1,673,买盘
815,14:09:54,6.72,-0.01,500,336000,卖盘
816,14:09:51,6.73,--,2,1346,买盘
817,14:09:48,6.73,0.01,49,32977,买盘
818,14:09:45,6.72,--,276,185472,买盘
819,14:09:39,6.72,--,23,15456,买盘
820,14:09:33,6.72,--,1,672,买盘
821,14:09:30,6.72,--,1,672,买盘
822,14:09:15,6.72,0.01,8,5376,买盘
823,14:09:09,6.71,-0.01,20,13420,卖盘
824,14:09:06,6.72,--,46,30912,买盘
825,14:09:03,6.72,--,25,16800,买盘
826,14:08:48,6.72,--,22,14784,买盘
827,14:08:45,6.72,0.01,62,41664,买盘
828,14:08:42,6.71,-0.01,10,6710,卖盘
829,14:08:39,6.72,--,1,672,买盘
830,14:08:33,6.72,--,4,2688,买盘
831,14:08:30,6.72,--,8,5376,买盘
832,14:08:27,6.72,--,1,672,买盘
833,14:08:21,6.72,--,1,672,买盘
834,14:08:18,6.72,--,2,1344,买盘
835,14:08:15,6.72,--,28,18816,买盘
836,14:08:12,6.72,--,1,672,买盘
837,14:08:09,6.72,--,12,8064,买盘
838,14:08:06,6.72,--,45,30240,买盘
839,14:08:03,6.72,--,30,20160,买盘
840,14:07:54,6.72,--,23,15456,买盘
841,14:07:48,6.72,--,289,194208,买盘
842,14:07:45,6.72,--,63,42336,买盘
843,14:07:39,6.72,0.01,49,32928,买盘
844,14:07:33,6.71,-0.01,193,129744,卖盘
845,14:07:30,6.72,0.01,5,3360,买盘
846,14:07:24,6.71,-0.01,100,67100,卖盘
847,14:07:21,6.72,--,206,138432,买盘
848,14:07:18,6.72,--,17,11424,买盘
849,14:07:09,6.72,--,13,8736,买盘
850,14:07:06,6.72,--,45,30240,买盘
851,14:07:00,6.72,--,23,15456,买盘
852,14:06:57,6.72,0.01,1,672,买盘
853,14:06:54,6.71,-0.01,308,206668,卖盘
854,14:06:51,6.72,--,3,2016,买盘
855,14:06:45,6.72,0.01,1,672,买盘
856,14:06:39,6.71,-0.01,4,2684,卖盘
857,14:06:36,6.72,0.01,49,32928,买盘
858,14:06:33,6.71,-0.01,110,73810,卖盘
859,14:06:15,6.72,--,20,13440,买盘
860,14:06:12,6.72,--,107,71904,买盘
861,14:06:09,6.72,--,35,23520,买盘
862,14:06:06,6.72,--,69,46368,买盘
863,14:05:57,6.72,0.01,5,3360,买盘
864,14:05:51,6.71,--,8,5368,卖盘
865,14:05:48,6.71,-0.01,100,67100,卖盘
866,14:05:45,6.72,--,2,1344,买盘
867,14:05:42,6.72,--,50,33600,买盘
868,14:05:36,6.72,--,28,18816,买盘
869,14:05:33,6.72,0.01,49,32928,买盘
870,14:05:30,6.71,-0.01,10,6710,卖盘
871,14:05:15,6.72,--,33,22176,买盘
872,14:05:12,6.72,--,23,15456,买盘
873,14:05:09,6.72,--,17,11424,买盘
874,14:05:06,6.72,--,545,366240,买盘
875,14:05:03,6.72,--,56,37632,买盘
876,14:04:57,6.72,--,43,28896,买盘
877,14:04:54,6.72,--,4,2688,买盘
878,14:04:39,6.72,--,14,9408,买盘
879,14:04:36,6.72,--,202,135744,买盘
880,14:04:30,6.72,0.01,100,67200,买盘
881,14:04:27,6.71,-0.01,53,35563,卖盘
882,14:04:21,6.72,0.01,727,488544,买盘
883,14:04:18,6.71,-0.01,29,19459,卖盘
884,14:04:12,6.72,--,56,37632,买盘
885,14:04:09,6.72,--,65,43680,买盘
886,14:04:06,6.72,--,49,32928,买盘
887,14:03:51,6.72,0.01,1,672,买盘
888,14:03:48,6.71,-0.01,102,68442,卖盘
889,14:03:39,6.72,--,16,10752,买盘
890,14:03:36,6.72,0.01,1,672,买盘
891,14:03:33,6.71,--,10,6710,卖盘
892,14:03:27,6.71,-0.01,102,68442,卖盘
893,14:03:24,6.72,--,4,2688,买盘
894,14:03:21,6.72,--,33,22176,买盘
895,14:03:18,6.72,0.01,100,67200,买盘
896,14:03:12,6.71,-0.01,20,13420,卖盘
897,14:03:09,6.72,--,24,16128,买盘
898,14:03:06,6.72,--,47,31584,买盘
899,14:03:00,6.72,--,150,100800,买盘
900,14:02:54,6.72,--,22,14784,买盘
901,14:02:33,6.72,0.01,33,22176,买盘
902,14:02:30,6.71,-0.01,2020,1355420,卖盘
903,14:02:24,6.72,--,100,67200,买盘
904,14:02:21,6.72,0.01,50,33600,买盘
905,14:02:18,6.71,-0.01,46,30866,卖盘
906,14:02:15,6.72,0.01,50,33600,买盘
907,14:02:12,6.71,-0.01,4,2684,卖盘
908,14:02:09,6.72,--,22,14784,买盘
909,14:02:06,6.72,--,40,26880,买盘
910,14:02:00,6.72,--,12,8064,买盘
911,14:01:57,6.72,0.01,6,4032,买盘
912,14:01:51,6.71,-0.01,40,26840,卖盘
913,14:01:48,6.72,--,299,200928,买盘
914,14:01:45,6.72,--,129,86688,买盘
915,14:01:39,6.72,--,23,15456,买盘
916,14:01:36,6.72,0.01,101,67872,买盘
917,14:01:30,6.71,--,38,25498,卖盘
918,14:01:27,6.71,--,18,12078,卖盘
919,14:01:12,6.71,-0.01,1,671,卖盘
920,14:01:09,6.72,--,46,30912,买盘
921,14:01:06,6.72,0.01,39,26208,买盘
922,14:01:00,6.71,--,27,18117,卖盘
923,14:00:57,6.71,-0.01,620,416020,卖盘
924,14:00:54,6.72,--,20,13440,买盘
925,14:00:51,6.72,--,23,15456,买盘
926,14:00:48,6.72,--,20,13440,买盘
927,14:00:45,6.72,--,33,22176,买盘
928,14:00:42,6.72,--,25,16800,买盘
929,14:00:36,6.72,--,2,1344,买盘
930,14:00:33,6.72,0.01,103,69216,买盘
931,14:00:30,6.71,-0.01,23,15433,卖盘
932,14:00:27,6.72,0.01,2,1344,买盘
933,14:00:21,6.71,-0.01,15,10065,卖盘
934,14:00:18,6.72,--,27,18144,买盘
935,14:00:15,6.72,--,1,672,买盘
936,14:00:09,6.72,--,62,41664,买盘
937,14:00:06,6.72,0.01,39,26208,买盘
938,14:00:00,6.71,--,15,10065,卖盘
939,13:59:57,6.71,-0.01,26,17446,卖盘
940,13:59:54,6.72,0.01,23,15456,买盘
941,13:59:51,6.71,-0.01,175,117425,卖盘
942,13:59:45,6.72,0.01,20,13440,买盘
943,13:59:42,6.71,-0.01,28,18788,卖盘
944,13:59:36,6.72,--,33,22176,买盘
945,13:59:33,6.72,0.01,10,6720,买盘
946,13:59:30,6.71,-0.01,98,65758,卖盘
947,13:59:27,6.72,--,151,101472,买盘
948,13:59:24,6.72,--,177,118944,买盘
949,13:59:21,6.72,--,10,6720,买盘
950,13:59:15,6.72,--,3,2016,买盘
951,13:59:12,6.72,--,213,143136,买盘
952,13:59:09,6.72,--,12,8064,买盘
953,13:59:06,6.72,0.01,43,28896,买盘
954,13:59:00,6.71,-0.01,323,216733,卖盘
955,13:58:57,6.72,0.01,1,672,买盘
956,13:58:54,6.71,--,20,13420,卖盘
957,13:58:51,6.71,--,8,5368,卖盘
958,13:58:39,6.71,-0.01,25,16775,卖盘
959,13:58:36,6.72,--,699,469728,买盘
960,13:58:30,6.72,--,8,5376,买盘
961,13:58:27,6.72,--,2,1344,买盘
962,13:58:24,6.72,--,748,502656,买盘
963,13:58:21,6.72,0.01,2,1344,买盘
964,13:58:15,6.71,-0.01,10,6710,卖盘
965,13:58:12,6.72,--,3,2016,买盘
966,13:58:09,6.72,--,6,4032,买盘
967,13:58:06,6.72,0.01,42,28224,买盘
968,13:58:03,6.71,-0.01,30,20130,卖盘
969,13:58:00,6.72,0.01,142,95424,买盘
970,13:57:51,6.71,--,95,63745,卖盘
971,13:57:48,6.71,--,10,6710,卖盘
972,13:57:45,6.71,-0.01,50,33550,卖盘
973,13:57:36,6.72,--,100,67200,买盘
974,13:57:24,6.72,--,10,6720,买盘
975,13:57:15,6.72,0.01,1,672,买盘
976,13:57:12,6.71,-0.01,10,6710,卖盘
977,13:57:09,6.72,--,1,672,买盘
978,13:57:06,6.72,0.01,52,34944,买盘
979,13:56:45,6.71,-0.01,31,20801,卖盘
980,13:56:39,6.72,--,107,71904,买盘
981,13:56:36,6.72,--,1,672,买盘
982,13:56:30,6.72,--,3,2016,买盘
983,13:56:27,6.72,--,300,201600,买盘
984,13:56:21,6.72,0.01,1,672,买盘
985,13:56:12,6.71,-0.01,4,2684,卖盘
986,13:56:09,6.72,--,1,672,买盘
987,13:56:06,6.72,0.01,57,38304,买盘
988,13:56:00,6.71,--,200,134200,卖盘
989,13:55:57,6.71,-0.01,30,20130,卖盘
990,13:55:54,6.72,--,1030,692160,买盘
991,13:55:48,6.72,0.01,67,45024,买盘
992,13:55:42,6.71,-0.01,10,6710,卖盘
993,13:55:30,6.72,0.01,3,2016,买盘
994,13:55:15,6.71,-0.01,47,31537,卖盘
995,13:55:09,6.72,--,46,30912,买盘
996,13:55:06,6.72,--,94,63168,买盘
997,13:55:00,6.72,0.01,3,2016,买盘
998,13:54:48,6.71,-0.01,5,3355,卖盘
999,13:54:45,6.72,0.01,30,20160,买盘
1000,13:54:39,6.71,--,20,13420,卖盘
1001,13:54:36,6.71,--,9,6039,卖盘
1002,13:54:27,6.71,-0.01,1,671,卖盘
1003,13:54:24,6.72,--,10,6720,买盘
1004,13:54:12,6.72,--,3,2016,买盘
1005,13:54:09,6.72,--,3,2016,买盘
1006,13:54:06,6.72,--,117,78624,买盘
1007,13:54:03,6.72,--,12,8064,买盘
1008,13:54:00,6.72,0.01,1,672,买盘
1009,13:53:54,6.71,--,31,20801,卖盘
1010,13:53:51,6.71,--,36,24156,卖盘
1011,13:53:48,6.71,-0.01,11,7381,卖盘
1012,13:53:45,6.72,--,7,4704,买盘
1013,13:53:39,6.72,0.01,30,20160,买盘
1014,13:53:36,6.71,-0.01,10,6710,卖盘
1015,13:53:33,6.72,0.01,41,27552,买盘
1016,13:53:30,6.71,-0.01,50,33550,卖盘
1017,13:53:27,6.72,0.01,32,21504,买盘
1018,13:53:24,6.71,--,10,6710,卖盘
1019,13:53:21,6.71,--,182,122122,买盘
1020,13:53:15,6.71,--,1000,671000,买盘
1021,13:53:09,6.71,--,1,671,买盘
1022,13:53:06,6.71,0.01,64,42944,买盘
1023,13:52:57,6.7,-0.01,36,24120,卖盘
1024,13:52:54,6.71,--,31,20801,买盘
1025,13:52:51,6.71,--,75,50325,买盘
1026,13:52:48,6.71,--,62,41602,买盘
1027,13:52:45,6.71,--,16,10736,买盘
1028,13:52:39,6.71,--,9,6039,买盘
1029,13:52:36,6.71,--,5,3355,买盘
1030,13:52:33,6.71,0.01,10,6710,买盘
1031,13:52:24,6.7,--,39,26130,卖盘
1032,13:52:15,6.7,-0.01,89,59630,卖盘
1033,13:52:12,6.71,--,51,34221,买盘
1034,13:52:09,6.71,--,12,8052,买盘
1035,13:52:06,6.71,--,50,33550,买盘
1036,13:52:03,6.71,--,236,158356,卖盘
1037,13:52:00,6.71,-0.01,47,31537,卖盘
1038,13:51:57,6.72,0.01,119,79968,买盘
1039,13:51:36,6.71,--,20,13420,卖盘
1040,13:51:30,6.71,--,134,89914,卖盘
1041,13:51:27,6.71,--,12,8052,卖盘
1042,13:51:18,6.71,--,100,67100,卖盘
1043,13:51:15,6.71,-0.01,11,7381,卖盘
1044,13:51:12,6.72,--,36,24192,买盘
1045,13:51:09,6.72,--,4,2688,买盘
1046,13:51:06,6.72,0.01,53,35616,买盘
1047,13:51:03,6.71,-0.01,5,3355,卖盘
1048,13:50:57,6.72,--,130,87360,买盘
1049,13:50:54,6.72,0.01,2,1344,买盘
1050,13:50:51,6.71,--,10,6710,卖盘
1051,13:50:48,6.71,-0.01,51,34221,卖盘
1052,13:50:45,6.72,--,4,2688,买盘
1053,13:50:42,6.72,--,1,672,买盘
1054,13:50:39,6.72,--,16,10752,买盘
1055,13:50:36,6.72,0.01,18,12096,买盘
1056,13:50:33,6.71,-0.01,112,75152,卖盘
1057,13:50:30,6.72,--,176,118272,买盘
1058,13:50:27,6.72,--,1,672,买盘
1059,13:50:09,6.72,--,18,12096,买盘
1060,13:50:06,6.72,--,88,59136,买盘
1061,13:50:00,6.72,--,7,4704,买盘
1062,13:49:54,6.72,--,1,672,买盘
1063,13:49:51,6.72,--,85,57120,买盘
1064,13:49:48,6.72,--,1,672,买盘
1065,13:49:45,6.72,--,1,672,买盘
1066,13:49:42,6.72,0.01,1,672,买盘
1067,13:49:39,6.71,-0.01,54,36234,卖盘
1068,13:49:36,6.72,--,10,6720,买盘
1069,13:49:30,6.72,0.01,1,672,买盘
1070,13:49:27,6.71,-0.01,7,4697,卖盘
1071,13:49:24,6.72,--,1,672,买盘
1072,13:49:21,6.72,--,2,1344,买盘
1073,13:49:18,6.72,--,42,28224,买盘
1074,13:49:09,6.72,--,42,28224,买盘
1075,13:49:06,6.72,--,171,114912,买盘
1076,13:49:03,6.72,0.01,20,13440,买盘
1077,13:49:00,6.71,-0.01,2,1342,卖盘
1078,13:48:45,6.72,0.01,185,124320,买盘
1079,13:48:42,6.71,-0.01,10,6710,卖盘
1080,13:48:33,6.72,--,38,25536,买盘
1081,13:48:24,6.72,--,1,672,买盘
1082,13:48:18,6.72,0.01,8,5376,买盘
1083,13:48:12,6.71,--,40,26840,卖盘
1084,13:48:09,6.71,--,74,49654,卖盘
1085,13:48:06,6.71,-0.01,105,70455,卖盘
1086,13:48:03,6.72,--,10,6720,买盘
1087,13:48:00,6.72,0.01,126,84672,买盘
1088,13:47:57,6.71,--,60,40260,卖盘
1089,13:47:45,6.71,-0.01,116,77836,卖盘
1090,13:47:42,6.72,--,53,35616,买盘
1091,13:47:39,6.72,--,11,7392,买盘
1092,13:47:30,6.72,0.01,30,20160,买盘
1093,13:47:27,6.71,--,2,1342,卖盘
1094,13:47:24,6.71,-0.01,504,338184,卖盘
1095,13:47:21,6.72,0.01,1,672,买盘
1096,13:47:09,6.71,-0.01,72,48312,卖盘
1097,13:47:06,6.72,--,50,33600,买盘
1098,13:47:03,6.72,--,57,38304,买盘
1099,13:46:51,6.72,0.01,312,209664,买盘
1100,13:46:48,6.71,-0.01,290,194590,卖盘
1101,13:46:45,6.72,--,25,16800,买盘
1102,13:46:42,6.72,--,46,30912,买盘
1103,13:46:36,6.72,--,31,20832,买盘
1104,13:46:33,6.72,0.01,234,157248,买盘
1105,13:46:27,6.71,-0.01,7,4697,卖盘
1106,13:46:24,6.72,--,1,672,买盘
1107,13:46:21,6.72,0.01,1,672,买盘
1108,13:46:18,6.71,-0.01,206,138226,卖盘
1109,13:46:15,6.72,--,35,23520,买盘
1110,13:46:12,6.72,--,113,75936,买盘
1111,13:46:06,6.72,--,73,49056,买盘
1112,13:46:03,6.72,--,1,672,买盘
1113,13:45:57,6.72,--,110,73920,买盘
1114,13:45:54,6.72,0.01,460,309120,买盘
1115,13:45:51,6.71,--,10,6710,卖盘
1116,13:45:48,6.71,-0.01,289,193919,卖盘
1117,13:45:45,6.72,--,10,6720,买盘
1118,13:45:42,6.72,--,106,71232,买盘
1119,13:45:39,6.72,--,26,17472,买盘
1120,13:45:36,6.72,--,4,2688,买盘
1121,13:45:30,6.72,--,50,33600,买盘
1122,13:45:21,6.72,--,6,4032,买盘
1123,13:45:18,6.72,--,1,672,买盘
1124,13:45:15,6.72,0.01,65,43680,买盘
1125,13:45:12,6.71,--,289,193919,卖盘
1126,13:45:09,6.71,-0.01,1,671,卖盘
1127,13:45:06,6.72,0.01,1368,919296,买盘
1128,13:45:03,6.71,-0.01,16,10736,卖盘
1129,13:45:00,6.72,--,30,20160,买盘
1130,13:44:57,6.72,0.01,5,3360,买盘
1131,13:44:51,6.71,--,81,54351,卖盘
1132,13:44:48,6.71,--,25,16775,卖盘
1133,13:44:45,6.71,--,433,290543,卖盘
1134,13:44:42,6.71,--,160,107360,卖盘
1135,13:44:36,6.71,--,1790,1201090,买盘
1136,13:44:33,6.71,--,378,253638,买盘
1137,13:44:30,6.71,--,32,21472,买盘
1138,13:44:27,6.71,--,355,238205,买盘
1139,13:44:24,6.71,--,50,33550,买盘
1140,13:44:21,6.71,--,50,33550,买盘
1141,13:44:18,6.71,--,132,88572,买盘
1142,13:44:15,6.71,--,14,9394,买盘
1143,13:44:12,6.71,--,116,77836,买盘
1144,13:44:09,6.71,--,852,571692,买盘
1145,13:44:06,6.71,--,40,26840,买盘
1146,13:44:03,6.71,0.01,48,32208,买盘
1147,13:44:00,6.7,-0.01,41,27470,卖盘
1148,13:43:57,6.71,--,171,114741,买盘
1149,13:43:54,6.71,0.01,26,17446,买盘
1150,13:43:51,6.7,-0.01,6,4020,卖盘
1151,13:43:48,6.71,0.01,1,671,买盘
1152,13:43:45,6.7,--,107,71690,卖盘
1153,13:43:42,6.7,--,147,98677,买盘
1154,13:43:39,6.7,--,28,18760,买盘
1155,13:43:36,6.7,--,3000,2010000,买盘
1156,13:43:33,6.7,--,1,670,买盘
1157,13:43:30,6.7,--,39,26130,买盘
1158,13:43:27,6.7,--,3,2010,买盘
1159,13:43:18,6.7,--,1,670,买盘
1160,13:43:15,6.7,--,26,17420,买盘
1161,13:43:12,6.7,--,1141,764470,买盘
1162,13:43:09,6.7,--,801,536670,买盘
1163,13:43:06,6.7,--,250,167500,买盘
1164,13:43:00,6.7,--,1,670,买盘
1165,13:42:54,6.7,--,281,188270,买盘
1166,13:42:45,6.7,--,2,1340,买盘
1167,13:42:42,6.7,--,65,43550,买盘
1168,13:42:36,6.7,0.01,11,7370,买盘
1169,13:42:33,6.69,--,103,68907,卖盘
1170,13:42:30,6.69,--,15,10035,卖盘
1171,13:42:24,6.69,--,22,14718,卖盘
1172,13:42:18,6.69,--,2772,1855029,买盘
1173,13:42:15,6.69,0.01,65,43485,买盘
1174,13:42:12,6.68,-0.01,10,6680,卖盘
1175,13:42:09,6.69,--,13,8697,买盘
1176,13:42:06,6.69,--,81,54189,买盘
1177,13:41:57,6.69,0.01,1,669,买盘
1178,13:41:54,6.68,-0.01,12,8016,卖盘
1179,13:41:42,6.69,--,1530,1023570,买盘
1180,13:41:39,6.69,--,1,669,买盘
1181,13:41:33,6.69,0.01,35,23415,买盘
1182,13:41:27,6.68,-0.01,30,20040,卖盘
1183,13:41:24,6.69,0.01,10,6690,买盘
1184,13:41:18,6.68,-0.01,10,6680,卖盘
1185,13:41:15,6.69,--,39,26091,买盘
1186,13:41:12,6.69,--,31,20739,买盘
1187,13:41:06,6.69,--,39,26091,买盘
1188,13:41:03,6.69,--,1,669,买盘
1189,13:41:00,6.69,--,180,120420,买盘
1190,13:40:57,6.69,--,21,14049,买盘
1191,13:40:54,6.69,--,19,12711,买盘
1192,13:40:51,6.69,--,200,133800,买盘
1193,13:40:48,6.69,--,71,47499,买盘
1194,13:40:45,6.69,--,50,33450,买盘
1195,13:40:42,6.69,--,49,32781,买盘
1196,13:40:39,6.69,--,1101,736569,买盘
1197,13:40:36,6.69,0.01,98,65562,买盘
1198,13:40:30,6.68,--,40,26720,卖盘
1199,13:40:27,6.68,-0.01,66,44088,卖盘
1200,13:40:24,6.69,--,15,10035,买盘
1201,13:40:21,6.69,--,40,26760,买盘
1202,13:40:18,6.69,--,10,6690,买盘
1203,13:40:15,6.69,--,100,66900,买盘
1204,13:40:12,6.69,--,28,18732,买盘
1205,13:40:09,6.69,--,32,21408,买盘
1206,13:40:06,6.69,--,40,26760,买盘
1207,13:40:03,6.69,--,13,8697,买盘
1208,13:40:00,6.69,--,1,669,买盘
1209,13:39:54,6.69,--,11,7359,买盘
1210,13:39:51,6.69,0.01,16,10704,买盘
1211,13:39:48,6.68,-0.01,7,4676,卖盘
1212,13:39:42,6.69,--,31,20739,买盘
1213,13:39:33,6.69,--,15,10035,买盘
1214,13:39:24,6.69,--,27,18063,买盘
1215,13:39:21,6.69,0.01,272,181968,买盘
1216,13:39:18,6.68,-0.01,201,134268,卖盘
1217,13:39:12,6.69,--,25,16725,买盘
1218,13:39:09,6.69,--,98,65562,买盘
1219,13:39:06,6.69,--,60,40140,买盘
1220,13:39:03,6.69,--,1,669,买盘
1221,13:39:00,6.69,0.01,46,30774,买盘
1222,13:38:57,6.68,-0.01,20,13360,卖盘
1223,13:38:54,6.69,--,13,8697,买盘
1224,13:38:51,6.69,--,34,22746,买盘
1225,13:38:48,6.69,--,13,8697,买盘
1226,13:38:42,6.69,--,25,16725,买盘
1227,13:38:36,6.69,0.01,21,14049,买盘
1228,13:38:33,6.68,-0.01,290,193720,卖盘
1229,13:38:30,6.69,--,10,6690,买盘
1230,13:38:24,6.69,--,11,7359,买盘
1231,13:38:18,6.69,0.01,1,669,买盘
1232,13:38:12,6.68,-0.01,29,19372,卖盘
1233,13:38:09,6.69,0.01,3,2007,买盘
1234,13:38:06,6.68,-0.01,188,125584,卖盘
1235,13:38:03,6.69,--,8,5352,买盘
1236,13:37:57,6.69,--,280,187320,买盘
1237,13:37:54,6.69,--,42,28098,买盘
1238,13:37:51,6.69,--,51,34119,买盘
1239,13:37:45,6.69,0.01,1,669,买盘
1240,13:37:36,6.68,--,90,60120,卖盘
1241,13:37:33,6.68,-0.01,40,26720,卖盘
1242,13:37:30,6.69,--,4,2676,买盘
1243,13:37:27,6.69,--,201,134469,买盘
1244,13:37:24,6.69,--,310,207390,买盘
1245,13:37:18,6.69,--,2,1338,买盘
1246,13:37:15,6.69,--,33,22077,买盘
1247,13:37:09,6.69,0.01,50,33450,买盘
1248,13:37:06,6.68,-0.01,55,36740,卖盘
1249,13:37:03,6.69,--,2,1338,买盘
1250,13:36:57,6.69,--,2,1338,买盘
1251,13:36:54,6.69,--,11,7359,买盘
1252,13:36:45,6.69,--,29,19401,买盘
1253,13:36:42,6.69,--,2,1338,买盘
1254,13:36:30,6.69,0.01,57,38133,买盘
1255,13:36:27,6.68,-0.01,10,6680,卖盘
1256,13:36:24,6.69,0.01,12,8028,买盘
1257,13:36:15,6.68,-0.01,72,48096,卖盘
1258,13:36:12,6.69,--,1,669,买盘
1259,13:36:06,6.69,--,40,26760,买盘
1260,13:36:03,6.69,--,4,2676,买盘
1261,13:35:57,6.69,--,24,16056,买盘
1262,13:35:54,6.69,--,13,8697,买盘
1263,13:35:51,6.69,0.01,1,669,买盘
1264,13:35:48,6.68,-0.01,24,16032,卖盘
1265,13:35:45,6.69,0.01,15,10035,买盘
1266,13:35:39,6.68,-0.01,30,20040,卖盘
1267,13:35:33,6.69,0.01,127,84963,买盘
1268,13:35:30,6.68,-0.01,40,26720,卖盘
1269,13:35:27,6.69,--,2,1338,买盘
1270,13:35:24,6.69,--,10,6690,买盘
1271,13:35:21,6.69,--,8,5352,买盘
1272,13:35:18,6.69,0.01,58,38802,买盘
1273,13:35:12,6.68,-0.01,2,1336,卖盘
1274,13:35:09,6.69,--,1000,669000,买盘
1275,13:35:06,6.69,0.01,40,26760,买盘
1276,13:35:03,6.68,-0.01,101,67468,卖盘
1277,13:34:54,6.69,0.01,213,142497,买盘
1278,13:34:48,6.68,--,400,267200,卖盘
1279,13:34:39,6.68,--,378,252504,卖盘
1280,13:34:30,6.68,-0.01,7,4676,卖盘
1281,13:34:27,6.69,--,4,2676,买盘
1282,13:34:24,6.69,0.01,42,28098,买盘
1283,13:34:21,6.68,-0.01,1,668,卖盘
1284,13:34:06,6.69,--,207,138483,买盘
1285,13:34:03,6.69,--,1,669,买盘
1286,13:33:57,6.69,0.01,2,1338,买盘
1287,13:33:54,6.68,--,144,96192,卖盘
1288,13:33:51,6.68,--,193,128924,卖盘
1289,13:33:48,6.68,-0.01,12,8016,卖盘
1290,13:33:39,6.69,--,4,2676,买盘
1291,13:33:36,6.69,0.01,6,4014,买盘
1292,13:33:33,6.68,--,2,1336,卖盘
1293,13:33:27,6.68,-0.01,68,45871,卖盘
1294,13:33:24,6.69,0.01,79,52851,买盘
1295,13:33:21,6.68,-0.01,5,3340,卖盘
1296,13:33:18,6.69,--,10,6690,买盘
1297,13:33:12,6.69,--,11,7359,买盘
1298,13:33:06,6.69,--,40,26760,买盘
1299,13:33:03,6.69,--,1,669,买盘
1300,13:33:00,6.69,--,79,52851,买盘
1301,13:32:54,6.69,0.01,26,17394,买盘
1302,13:32:51,6.68,--,78,52104,卖盘
1303,13:32:48,6.68,-0.01,66,44088,卖盘
1304,13:32:42,6.69,--,1,669,买盘
1305,13:32:39,6.69,0.01,10,6690,买盘
1306,13:32:36,6.68,-0.01,400,267200,卖盘
1307,13:32:33,6.69,--,5,3345,买盘
1308,13:32:27,6.69,0.01,10,6690,买盘
1309,13:32:24,6.68,-0.01,393,262524,卖盘
1310,13:32:15,6.69,--,283,189327,买盘
1311,13:32:09,6.69,--,4,2676,买盘
1312,13:32:06,6.69,--,69,46161,买盘
1313,13:32:03,6.69,--,1,669,买盘
1314,13:31:54,6.69,0.01,47,31443,买盘
1315,13:31:51,6.68,--,66,44088,卖盘
1316,13:31:45,6.68,--,30,20040,卖盘
1317,13:31:42,6.68,-0.01,71,47428,卖盘
1318,13:31:39,6.69,--,10,6690,买盘
1319,13:31:33,6.69,--,48,32112,买盘
1320,13:31:30,6.69,--,25,16725,买盘
1321,13:31:27,6.69,--,29,19401,买盘
1322,13:31:24,6.69,--,11,7359,买盘
1323,13:31:18,6.69,0.01,152,101688,买盘
1324,13:31:15,6.68,-0.01,56,37408,卖盘
1325,13:31:09,6.69,0.01,1,669,买盘
1326,13:31:06,6.68,-0.01,54,36072,卖盘
1327,13:31:03,6.69,0.01,1,669,买盘
1328,13:31:00,6.68,-0.01,26,17368,卖盘
1329,13:30:54,6.69,0.01,12,8028,买盘
1330,13:30:48,6.68,-0.01,934,623912,卖盘
1331,13:30:45,6.69,--,13,8697,买盘
1332,13:30:42,6.69,--,47,31443,买盘
1333,13:30:39,6.69,0.01,37,24753,买盘
1334,13:30:36,6.68,-0.01,970,647960,卖盘
1335,13:30:30,6.69,--,19,12711,买盘
1336,13:30:24,6.69,0.01,23,15387,买盘
1337,13:30:18,6.68,-0.01,196,130928,卖盘
1338,13:30:12,6.69,--,54,36126,买盘
1339,13:30:09,6.69,--,33,22077,买盘
1340,13:30:06,6.69,0.01,40,26760,买盘
1341,13:30:03,6.68,-0.01,16,10688,卖盘
1342,13:30:00,6.69,--,181,121089,买盘
1343,13:29:54,6.69,--,67,44823,买盘
1344,13:29:48,6.69,--,151,101019,买盘
1345,13:29:45,6.69,--,41,27429,买盘
1346,13:29:36,6.69,0.01,200,133800,买盘
1347,13:29:30,6.68,-0.01,77,51436,卖盘
1348,13:29:27,6.69,--,162,108378,买盘
1349,13:29:24,6.69,--,219,146511,买盘
1350,13:29:21,6.69,--,5,3345,买盘
1351,13:29:12,6.69,--,20,13380,买盘
1352,13:29:06,6.69,--,73,48837,买盘
1353,13:29:00,6.69,--,4,2676,买盘
1354,13:28:54,6.69,--,11,7359,买盘
1355,13:28:51,6.69,0.01,200,133800,买盘
1356,13:28:45,6.68,-0.01,1000,668000,卖盘
1357,13:28:39,6.69,--,3,2007,买盘
1358,13:28:36,6.69,0.01,17,11373,买盘
1359,13:28:33,6.68,--,184,122912,卖盘
1360,13:28:27,6.68,-0.01,6,4008,卖盘
1361,13:28:24,6.69,0.01,9,6021,买盘
1362,13:28:21,6.68,-0.01,11,7748,卖盘
1363,13:28:18,6.69,0.01,5,3345,买盘
1364,13:28:12,6.68,-0.01,24,16032,卖盘
1365,13:28:09,6.69,--,50,33450,买盘
1366,13:28:06,6.69,--,83,55527,买盘
1367,13:28:03,6.69,--,5,3345,买盘
1368,13:28:00,6.69,0.01,32,21408,买盘
1369,13:27:57,6.68,-0.01,124,82832,卖盘
1370,13:27:54,6.69,--,16,10704,买盘
1371,13:27:51,6.69,--,1,669,买盘
1372,13:27:48,6.69,0.01,144,96336,买盘
1373,13:27:39,6.68,-0.01,104,69472,卖盘
1374,13:27:27,6.69,--,5,3345,买盘
1375,13:27:24,6.69,0.01,44,29436,买盘
1376,13:27:21,6.68,--,13,8684,卖盘
1377,13:27:18,6.68,--,1,668,卖盘
1378,13:27:15,6.68,--,7,4676,卖盘
1379,13:27:09,6.68,-0.01,100,66800,卖盘
1380,13:27:03,6.69,--,73,48837,买盘
1381,13:27:00,6.69,--,1,669,买盘
1382,13:26:54,6.69,--,115,76935,买盘
1383,13:26:48,6.69,0.01,31,20739,买盘
1384,13:26:24,6.68,-0.01,107,71476,卖盘
1385,13:26:21,6.69,--,20,13380,买盘
1386,13:26:06,6.69,--,2,1338,买盘
1387,13:26:03,6.69,--,43,28767,买盘
1388,13:26:00,6.69,--,75,50175,买盘
1389,13:25:54,6.69,--,17,11373,买盘
1390,13:25:48,6.69,--,1,669,买盘
1391,13:25:45,6.69,--,1,669,买盘
1392,13:25:42,6.69,0.01,87,58203,买盘
1393,13:25:36,6.68,-0.01,31,20708,卖盘
1394,13:25:30,6.69,--,47,31443,买盘
1395,13:25:24,6.69,0.01,88,58872,买盘
1396,13:25:06,6.68,-0.01,77,51436,卖盘
1397,13:25:03,6.69,--,42,28098,买盘
1398,13:25:00,6.69,--,170,113730,买盘
1399,13:24:57,6.69,--,34,22746,买盘
1400,13:24:54,6.69,--,18,12042,买盘
1401,13:24:48,6.69,--,4,2676,买盘
1402,13:24:45,6.69,--,2,1338,买盘
1403,13:24:39,6.69,0.01,20,13380,买盘
1404,13:24:30,6.68,-0.01,10,6680,卖盘
1405,13:24:24,6.69,--,10,6690,买盘
1406,13:24:18,6.69,--,10,6690,买盘
1407,13:24:12,6.69,0.01,20,13380,买盘
1408,13:24:09,6.68,--,22,14696,卖盘
1409,13:24:06,6.68,-0.01,2,1336,卖盘
1410,13:24:03,6.69,--,39,26091,买盘
1411,13:24:00,6.69,--,8,5352,买盘
1412,13:23:57,6.69,--,75,50175,买盘
1413,13:23:54,6.69,--,46,30774,买盘
1414,13:23:48,6.69,--,461,308409,买盘
1415,13:23:45,6.69,0.01,2,1338,买盘
1416,13:23:42,6.68,-0.01,52,34736,卖盘
1417,13:23:39,6.69,--,48,32112,买盘
1418,13:23:36,6.69,0.01,27,18063,买盘
1419,13:23:30,6.68,-0.01,646,431528,卖盘
1420,13:23:24,6.69,--,209,139821,买盘
1421,13:23:21,6.69,0.01,5,3345,买盘
1422,13:23:15,6.68,--,101,67468,卖盘
1423,13:23:09,6.68,-0.01,10,6680,卖盘
1424,13:23:06,6.69,--,1,669,买盘
1425,13:23:03,6.69,--,39,26091,买盘
1426,13:23:00,6.69,0.01,1,669,买盘
1427,13:22:57,6.68,-0.01,1001,668668,卖盘
1428,13:22:54,6.69,--,19,12711,买盘
1429,13:22:51,6.69,--,33,22077,买盘
1430,13:22:48,6.69,0.01,1,669,买盘
1431,13:22:42,6.68,-0.01,4,2672,卖盘
1432,13:22:39,6.69,--,15,10035,买盘
1433,13:22:36,6.69,--,20,13380,买盘
1434,13:22:33,6.69,--,17,11373,买盘
1435,13:22:24,6.69,0.01,29,19401,买盘
1436,13:22:21,6.68,-0.01,20,13360,卖盘
1437,13:22:18,6.69,--,42,28098,买盘
1438,13:22:15,6.69,--,31,20739,买盘
1439,13:22:12,6.69,0.01,12,8028,买盘
1440,13:22:09,6.68,--,20,13360,卖盘
1441,13:22:06,6.68,-0.01,34,22712,卖盘
1442,13:22:03,6.69,--,70,46830,买盘
1443,13:22:00,6.69,--,1,669,买盘
1444,13:21:57,6.69,--,1,669,买盘
1445,13:21:54,6.69,--,26,17394,买盘
1446,13:21:45,6.69,0.01,33,22077,买盘
1447,13:21:36,6.68,--,18,12024,卖盘
1448,13:21:33,6.68,-0.01,40,26720,卖盘
1449,13:21:30,6.69,0.01,8,5352,买盘
1450,13:21:24,6.68,-0.01,22,14696,卖盘
1451,13:21:15,6.69,0.02,1,669,买盘
1452,13:21:12,6.67,-0.01,869,579623,卖盘
1453,13:21:09,6.68,--,40,27147,买盘
1454,13:21:06,6.68,--,31,20708,买盘
1455,13:21:03,6.68,--,71,47428,买盘
1456,13:21:00,6.68,--,61,40748,买盘
1457,13:20:54,6.68,--,3,2004,买盘
1458,13:20:51,6.68,--,10,6680,买盘
1459,13:20:48,6.68,--,62,41416,买盘
1460,13:20:45,6.68,--,162,108216,买盘
1461,13:20:42,6.68,--,78,52104,买盘
1462,13:20:39,6.68,--,913,610124,卖盘
1463,13:20:33,6.68,-0.01,20,13360,卖盘
1464,13:20:24,6.69,--,11,7359,买盘
1465,13:20:21,6.69,--,1,669,买盘
1466,13:20:09,6.69,0.01,10,6690,买盘
1467,13:20:06,6.68,-0.01,146,97528,卖盘
1468,13:20:03,6.69,--,62,41478,买盘
1469,13:20:00,6.69,--,1,669,买盘
1470,13:19:57,6.69,--,51,34119,买盘
1471,13:19:54,6.69,0.01,255,170595,买盘
1472,13:19:48,6.68,--,26,17368,卖盘
1473,13:19:45,6.68,-0.01,10,6680,卖盘
1474,13:19:39,6.69,0.01,34,22746,买盘
1475,13:19:30,6.68,-0.01,10,6680,卖盘
1476,13:19:24,6.69,0.01,6,4014,买盘
1477,13:19:21,6.68,--,4,2672,卖盘
1478,13:19:18,6.68,--,55,36740,卖盘
1479,13:19:12,6.68,-0.01,1000,668000,卖盘
1480,13:19:06,6.69,--,1,669,买盘
1481,13:19:03,6.69,--,86,57534,买盘
1482,13:19:00,6.69,0.01,1,669,买盘
1483,13:18:57,6.68,-0.01,10,6680,卖盘
1484,13:18:54,6.69,--,5,3345,买盘
1485,13:18:51,6.69,--,100,66900,买盘
1486,13:18:48,6.69,--,12,8028,买盘
1487,13:18:45,6.69,0.01,3,2007,买盘
1488,13:18:42,6.68,--,110,73480,卖盘
1489,13:18:36,6.68,--,272,181696,卖盘
1490,13:18:33,6.68,--,15,10020,卖盘
1491,13:18:30,6.68,--,1267,846356,卖盘
1492,13:18:27,6.68,-0.01,19,12692,卖盘
1493,13:18:24,6.69,0.01,15,10035,买盘
1494,13:18:21,6.68,-0.01,160,106880,卖盘
1495,13:18:18,6.69,0.01,17,11373,买盘
1496,13:18:15,6.68,--,10,6680,卖盘
1497,13:18:12,6.68,--,667,445556,卖盘
1498,13:18:09,6.68,--,81,54108,卖盘
1499,13:18:06,6.68,-0.01,127,84836,卖盘
1500,13:18:03,6.69,0.01,85,56865,买盘
1501,13:18:00,6.68,--,96,64128,卖盘
1502,13:17:57,6.68,-0.01,100,66800,卖盘
1503,13:17:54,6.69,0.01,115,76935,买盘
1504,13:17:51,6.68,-0.01,14,9352,卖盘
1505,13:17:48,6.69,0.01,22,14718,买盘
1506,13:17:45,6.68,--,25,16700,卖盘
1507,13:17:42,6.68,-0.01,145,96860,卖盘
1508,13:17:39,6.69,0.01,59,39471,买盘
1509,13:17:36,6.68,-0.01,104,69472,卖盘
1510,13:17:33,6.69,0.01,74,49506,买盘
1511,13:17:30,6.68,-0.01,16,10688,卖盘
1512,13:17:27,6.69,--,168,112392,买盘
1513,13:17:24,6.69,0.01,6,4014,买盘
1514,13:17:15,6.68,--,30,20040,卖盘
1515,13:17:12,6.68,-0.01,302,201736,卖盘
1516,13:17:09,6.69,0.01,1,669,买盘
1517,13:17:06,6.68,-0.01,51,34068,卖盘
1518,13:17:03,6.69,--,39,26091,买盘
1519,13:17:00,6.69,--,30,20070,买盘
1520,13:16:54,6.69,0.01,34,22746,买盘
1521,13:16:51,6.68,-0.01,35,23380,卖盘
1522,13:16:48,6.69,--,2,1338,买盘
1523,13:16:45,6.69,0.01,35,23415,买盘
1524,13:16:42,6.68,--,15,10020,卖盘
1525,13:16:36,6.68,-0.01,53,35404,卖盘
1526,13:16:33,6.69,0.01,10,6690,买盘
1527,13:16:30,6.68,-0.01,164,109552,卖盘
1528,13:16:27,6.69,--,33,22077,买盘
1529,13:16:24,6.69,--,5,3345,买盘
1530,13:16:21,6.69,--,36,24084,买盘
1531,13:16:12,6.69,0.01,20,13380,买盘
1532,13:16:06,6.68,-0.01,126,84168,卖盘
1533,13:16:03,6.69,--,39,26091,买盘
1534,13:16:00,6.69,--,1,669,买盘
1535,13:15:54,6.69,0.01,7,4683,买盘
1536,13:15:48,6.68,--,218,145624,卖盘
1537,13:15:45,6.68,--,89,59452,卖盘
1538,13:15:42,6.68,-0.01,300,200400,卖盘
1539,13:15:39,6.69,0.01,37,24753,买盘
1540,13:15:36,6.68,--,82,54776,卖盘
1541,13:15:33,6.68,-0.01,28,18704,卖盘
1542,13:15:27,6.69,--,66,44154,买盘
1543,13:15:24,6.69,--,7,4683,买盘
1544,13:15:21,6.69,0.01,1,669,买盘
1545,13:15:12,6.68,-0.01,323,216191,卖盘
1546,13:15:09,6.69,0.01,3,2007,买盘
1547,13:15:06,6.68,-0.01,85,56780,卖盘
1548,13:15:03,6.69,--,40,26760,买盘
1549,13:15:00,6.69,--,4,2676,买盘
1550,13:14:57,6.69,--,11,7359,买盘
1551,13:14:54,6.69,0.01,26,17394,买盘
1552,13:14:48,6.68,--,3,2004,卖盘
1553,13:14:45,6.68,-0.01,123,82164,卖盘
1554,13:14:42,6.69,0.01,11,7359,买盘
1555,13:14:36,6.68,--,22,14696,卖盘
1556,13:14:33,6.68,--,1,668,卖盘
1557,13:14:30,6.68,-0.01,85,56780,卖盘
1558,13:14:24,6.69,0.01,38,25422,买盘
1559,13:14:06,6.68,-0.01,46,30728,卖盘
1560,13:14:03,6.69,--,39,26091,买盘
1561,13:14:00,6.69,--,1,669,买盘
1562,13:13:54,6.69,--,29,19401,买盘
1563,13:13:48,6.69,--,5,3345,买盘
1564,13:13:45,6.69,0.01,180,120420,买盘
1565,13:13:36,6.68,--,61,40748,卖盘
1566,13:13:33,6.68,--,7,4676,卖盘
1567,13:13:30,6.68,-0.01,177,118236,卖盘
1568,13:13:27,6.69,--,58,38802,买盘
1569,13:13:24,6.69,--,7,4683,买盘
1570,13:13:21,6.69,--,33,22077,买盘
1571,13:13:15,6.69,--,28,18732,买盘
1572,13:13:12,6.69,0.01,3,2007,买盘
1573,13:13:09,6.68,--,30,20040,卖盘
1574,13:13:06,6.68,-0.01,29,19372,卖盘
1575,13:13:03,6.69,--,39,26091,买盘
1576,13:13:00,6.69,--,2,1338,买盘
1577,13:12:57,6.69,--,30,20070,买盘
1578,13:12:54,6.69,--,6,4014,买盘
1579,13:12:51,6.69,0.01,1,669,买盘
1580,13:12:48,6.68,--,57,38076,卖盘
1581,13:12:39,6.68,--,1,668,卖盘
1582,13:12:36,6.68,-0.01,101,67468,卖盘
1583,13:12:33,6.69,0.01,8,5352,买盘
1584,13:12:30,6.68,-0.01,79,52772,卖盘
1585,13:12:27,6.69,--,243,162567,买盘
1586,13:12:24,6.69,--,6,4014,买盘
1587,13:12:18,6.69,--,33,22077,买盘
1588,13:12:15,6.69,--,15,10035,买盘
1589,13:12:12,6.69,0.01,95,63555,买盘
1590,13:12:06,6.68,-0.01,84,56112,卖盘
1591,13:12:03,6.69,--,40,26760,买盘
1592,13:12:00,6.69,--,53,35457,买盘
1593,13:11:57,6.69,--,30,20070,买盘
1594,13:11:54,6.69,--,7,4683,买盘
1595,13:11:51,6.69,--,1,669,买盘
1596,13:11:45,6.69,--,1,669,买盘
1597,13:11:39,6.69,0.01,20,13380,买盘
1598,13:11:36,6.68,--,116,77488,卖盘
1599,13:11:33,6.68,--,75,50100,卖盘
1600,13:11:30,6.68,--,167,111556,卖盘
1601,13:11:27,6.68,-0.01,23,15364,卖盘
1602,13:11:24,6.69,--,7,4683,买盘
1603,13:11:21,6.69,--,2,1338,买盘
1604,13:11:18,6.69,0.01,7,4683,买盘
1605,13:11:15,6.68,-0.01,43,28724,卖盘
1606,13:11:12,6.69,--,26,17394,买盘
1607,13:11:09,6.69,0.01,34,22746,买盘
1608,13:11:06,6.68,-0.01,37,24716,卖盘
1609,13:11:03,6.69,--,40,26760,买盘
1610,13:11:00,6.69,0.01,1,669,买盘
1611,13:10:57,6.68,-0.01,37,24716,卖盘
1612,13:10:54,6.69,0.01,7,4683,买盘
1613,13:10:48,6.68,--,54,36072,卖盘
1614,13:10:42,6.68,--,29,19372,卖盘
1615,13:10:36,6.68,--,158,105544,卖盘
1616,13:10:33,6.68,--,188,125584,卖盘
1617,13:10:30,6.68,--,80,53440,卖盘
1618,13:10:27,6.68,-0.01,5,3340,卖盘
1619,13:10:24,6.69,0.01,6,4014,买盘
1620,13:10:21,6.68,--,80,53440,卖盘
1621,13:10:18,6.68,-0.01,257,171676,卖盘
1622,13:10:15,6.69,--,56,37464,买盘
1623,13:10:09,6.69,0.01,33,22077,买盘
1624,13:10:06,6.68,-0.01,139,92852,卖盘
1625,13:10:03,6.69,--,120,80280,买盘
1626,13:10:00,6.69,--,19,12711,买盘
1627,13:09:54,6.69,0.01,5,3345,买盘
1628,13:09:48,6.68,--,66,44088,卖盘
1629,13:09:36,6.68,--,73,48764,卖盘
1630,13:09:30,6.68,--,344,229792,卖盘
1631,13:09:27,6.68,-0.01,1,668,卖盘
1632,13:09:24,6.69,0.01,5,3345,买盘
1633,13:09:12,6.68,-0.01,13,8684,卖盘
1634,13:09:09,6.69,0.01,33,22077,买盘
1635,13:09:06,6.68,-0.01,28,18704,卖盘
1636,13:09:03,6.69,--,40,26760,买盘
1637,13:09:00,6.69,--,15,10035,买盘
1638,13:08:57,6.69,--,20,13380,买盘
1639,13:08:54,6.69,0.01,5,3345,买盘
1640,13:08:42,6.68,--,82,54776,卖盘
1641,13:08:36,6.68,--,33,22044,卖盘
1642,13:08:30,6.68,-0.01,78,52104,卖盘
1643,13:08:27,6.69,--,21,14049,买盘
1644,13:08:24,6.69,--,34,22746,买盘
1645,13:08:21,6.69,--,3,2007,买盘
1646,13:08:18,6.69,--,30,20070,买盘
1647,13:08:12,6.69,0.01,10,6690,买盘
1648,13:08:06,6.68,-0.01,42,28056,卖盘
1649,13:08:03,6.69,--,72,48168,买盘
1650,13:08:00,6.69,--,1,669,买盘
1651,13:07:54,6.69,0.01,5,3345,买盘
1652,13:07:45,6.68,--,17,11356,卖盘
1653,13:07:42,6.68,--,100,66800,卖盘
1654,13:07:36,6.68,--,17,11356,卖盘
1655,13:07:30,6.68,-0.01,80,53440,卖盘
1656,13:07:24,6.69,0.01,6,4014,买盘
1657,13:07:09,6.68,--,2,1336,卖盘
1658,13:07:06,6.68,-0.01,49,32732,卖盘
1659,13:07:03,6.69,--,69,46161,买盘
1660,13:07:00,6.69,0.01,34,22746,买盘
1661,13:06:57,6.68,-0.01,13,8684,卖盘
1662,13:06:54,6.69,0.01,5,3345,买盘
1663,13:06:51,6.68,--,2,1336,卖盘
1664,13:06:48,6.68,--,113,75484,卖盘
1665,13:06:45,6.68,-0.01,32,21376,卖盘
1666,13:06:42,6.69,0.01,1,669,买盘
1667,13:06:39,6.68,--,14,9352,卖盘
1668,13:06:36,6.68,--,25,16700,卖盘
1669,13:06:33,6.68,-0.01,23,15364,卖盘
1670,13:06:24,6.69,0.01,6,4014,买盘
1671,13:06:21,6.68,-0.01,79,52772,卖盘
1672,13:06:12,6.69,0.01,30,20070,买盘
1673,13:06:06,6.68,-0.01,36,24048,卖盘
1674,13:06:03,6.69,--,40,26760,买盘
1675,13:06:00,6.69,--,101,67569,买盘
1676,13:05:57,6.69,--,17,11373,买盘
1677,13:05:54,6.69,0.01,37,24753,买盘
1678,13:05:36,6.68,-0.01,59,39412,卖盘
1679,13:05:27,6.69,--,13,8697,买盘
1680,13:05:24,6.69,0.01,5,3345,买盘
1681,13:05:21,6.68,--,79,52772,卖盘
1682,13:05:18,6.68,--,65,43420,买盘
1683,13:05:12,6.68,--,53,35404,卖盘
1684,13:05:09,6.68,0.01,8,5344,卖盘
1685,13:05:06,6.67,-0.02,296,197432,卖盘
1686,13:05:03,6.69,0.01,40,26760,买盘
1687,13:05:00,6.68,-0.01,29,19372,卖盘
1688,13:04:54,6.69,0.01,43,28767,买盘
1689,13:04:45,6.68,--,1033,690044,卖盘
1690,13:04:42,6.68,--,566,378088,卖盘
1691,13:04:39,6.68,--,30,20040,卖盘
1692,13:04:36,6.68,-0.01,39,26052,卖盘
1693,13:04:30,6.69,0.01,19,12711,买盘
1694,13:04:27,6.68,-0.01,58,38744,卖盘
1695,13:04:24,6.69,0.01,7,4683,买盘
1696,13:04:21,6.68,--,79,52772,卖盘
1697,13:04:18,6.68,--,40,26720,卖盘
1698,13:04:06,6.68,-0.01,50,33400,卖盘
1699,13:04:03,6.69,--,40,26760,买盘
1700,13:04:00,6.69,--,1,669,买盘
1701,13:03:54,6.69,--,4,2676,买盘
1702,13:03:48,6.69,0.01,33,22077,买盘
1703,13:03:42,6.68,-0.01,100,66800,卖盘
1704,13:03:39,6.69,0.01,1,669,买盘
1705,13:03:36,6.68,-0.01,28,18704,卖盘
1706,13:03:24,6.69,--,5,3345,买盘
1707,13:03:21,6.69,--,87,58203,买盘
1708,13:03:15,6.69,--,16,10704,买盘
1709,13:03:12,6.69,0.01,1,669,买盘
1710,13:03:06,6.68,-0.01,52,34736,卖盘
1711,13:03:03,6.69,--,163,109047,买盘
1712,13:03:00,6.69,0.01,31,20739,买盘
1713,13:02:57,6.68,-0.01,19,12692,卖盘
1714,13:02:54,6.69,0.01,4,2676,买盘
1715,13:02:51,6.68,--,1,668,卖盘
1716,13:02:48,6.68,-0.01,19,12692,卖盘
1717,13:02:45,6.69,0.01,38,25422,买盘
1718,13:02:36,6.68,-0.01,101,67468,卖盘
1719,13:02:30,6.69,0.01,8,5352,买盘
1720,13:02:27,6.68,-0.01,100,66800,卖盘
1721,13:02:24,6.69,0.01,6,4014,买盘
1722,13:02:21,6.68,-0.01,79,52772,卖盘
1723,13:02:18,6.69,--,195,130455,买盘
1724,13:02:15,6.69,0.01,11,7359,买盘
1725,13:02:12,6.68,--,40,26720,卖盘
1726,13:02:06,6.68,-0.01,312,208416,卖盘
1727,13:02:03,6.69,--,56,37464,买盘
1728,13:02:00,6.69,0.01,17,11373,买盘
1729,13:01:57,6.68,-0.01,661,441548,卖盘
1730,13:01:54,6.69,0.01,5,3345,买盘
1731,13:01:48,6.68,--,100,66800,卖盘
1732,13:01:45,6.68,-0.01,231,154308,卖盘
1733,13:01:42,6.69,0.01,172,115068,卖盘
1734,13:01:36,6.68,-0.02,498,332664,卖盘
1735,13:01:30,6.7,0.01,639,428130,买盘
1736,13:01:24,6.69,--,9,6021,买盘
1737,13:01:21,6.69,0.01,10,6690,买盘
1738,13:01:18,6.68,--,193,129458,卖盘
1739,13:01:15,6.68,-0.01,200,133600,卖盘
1740,13:01:12,6.69,0.01,94,62886,买盘
1741,13:01:06,6.68,-0.01,1655,1105540,卖盘
1742,13:01:03,6.69,--,409,273621,买盘
1743,13:01:00,6.69,--,1174,785406,买盘
1744,13:00:57,6.69,--,10,6690,买盘
1745,13:00:54,6.69,0.01,13,8697,买盘
1746,13:00:48,6.68,-0.01,30,20040,卖盘
1747,13:00:42,6.69,--,1,669,买盘
1748,13:00:39,6.69,0.01,34,22746,买盘
1749,13:00:36,6.68,-0.01,136,90848,卖盘
1750,13:00:33,6.69,--,1,669,买盘
1751,13:00:30,6.69,--,1,669,买盘
1752,13:00:27,6.69,--,13,8697,买盘
1753,13:00:24,6.69,--,13,8697,买盘
1754,13:00:18,6.69,--,23,15387,买盘
1755,13:00:15,6.69,--,2,1338,买盘
1756,13:00:09,6.69,--,128,85632,买盘
1757,13:00:06,6.69,--,949,634881,买盘
1758,13:00:03,6.69,-0.01,2458,1644402,卖盘
1759,13:00:00,6.7,--,0,0,买盘
1760,11:30:00,6.7,--,1,670,买盘
1761,11:29:54,6.7,0.01,1,670,买盘
1762,11:29:51,6.69,-0.01,10,6690,卖盘
1763,11:29:36,6.7,0.01,100,67000,买盘
1764,11:29:33,6.69,--,306,204714,卖盘
1765,11:29:18,6.69,0.01,7,4683,买盘
1766,11:29:06,6.68,--,279,186372,卖盘
1767,11:29:03,6.68,-0.01,56,37408,卖盘
1768,11:29:00,6.69,--,33,22077,买盘
1769,11:28:57,6.69,0.01,1,669,买盘
1770,11:28:54,6.68,--,4,2672,卖盘
1771,11:28:48,6.68,-0.01,30,20040,卖盘
1772,11:28:42,6.69,0.01,1471,984099,买盘
1773,11:28:36,6.68,--,23,15364,卖盘
1774,11:28:33,6.68,-0.01,36,24048,卖盘
1775,11:28:30,6.69,--,11,7359,买盘
1776,11:28:24,6.69,--,50,33450,买盘
1777,11:28:21,6.69,--,1,669,买盘
1778,11:28:15,6.69,--,1,669,买盘
1779,11:28:12,6.69,--,11,7359,买盘
1780,11:28:09,6.69,0.01,14,9366,买盘
1781,11:28:06,6.68,-0.01,52,34736,卖盘
1782,11:28:03,6.69,--,47,31443,买盘
1783,11:28:00,6.69,0.01,2,1338,买盘
1784,11:27:57,6.68,-0.02,113,75484,卖盘
1785,11:27:51,6.7,--,1,670,买盘
1786,11:27:42,6.7,0.02,31,20770,买盘
1787,11:27:39,6.68,--,5,3340,卖盘
1788,11:27:36,6.68,-0.01,355,237140,卖盘
1789,11:27:33,6.69,--,10,6690,买盘
1790,11:27:30,6.69,--,33,22077,买盘
1791,11:27:27,6.69,--,1,669,买盘
1792,11:27:24,6.69,0.01,30,20070,中性盘
1793,11:27:21,6.68,-0.02,1600,1068800,卖盘
1794,11:27:15,6.7,0.01,22,14740,买盘
1795,11:27:09,6.69,--,5,3345,卖盘
1796,11:27:06,6.69,-0.01,206,137814,卖盘
1797,11:27:03,6.7,--,39,26130,买盘
1798,11:27:00,6.7,0.01,2,1340,买盘
1799,11:26:54,6.69,-0.01,10,6690,卖盘
1800,11:26:45,6.7,0.01,4,2680,买盘
1801,11:26:42,6.69,--,54,36126,卖盘
1802,11:26:36,6.69,--,39,26091,卖盘
1803,11:26:30,6.69,-0.01,5,3345,卖盘
1804,11:26:27,6.7,0.01,43,28810,买盘
1805,11:26:21,6.69,--,118,78942,买盘
1806,11:26:18,6.69,--,2,1338,买盘
1807,11:26:15,6.69,--,50,33450,买盘
1808,11:26:09,6.69,0.01,9,6021,买盘
1809,11:26:06,6.68,-0.01,26,17368,卖盘
1810,11:26:03,6.69,--,43,28767,买盘
1811,11:26:00,6.69,0.01,9,6021,买盘
1812,11:25:54,6.68,-0.01,26,17368,卖盘
1813,11:25:51,6.69,--,22,14718,买盘
1814,11:25:45,6.69,0.01,3,2007,买盘
1815,11:25:36,6.68,-0.01,54,36072,卖盘
1816,11:25:24,6.69,--,1,669,买盘
1817,11:25:21,6.69,--,35,23415,买盘
1818,11:25:15,6.69,0.01,3,2007,买盘
1819,11:25:12,6.68,--,5,3340,卖盘
1820,11:25:09,6.68,--,28,18704,卖盘
1821,11:25:06,6.68,-0.01,16,10688,卖盘
1822,11:25:03,6.69,--,40,26760,买盘
1823,11:25:00,6.69,--,1,669,买盘
1824,11:24:57,6.69,--,6,4014,买盘
1825,11:24:54,6.69,--,1,669,买盘
1826,11:24:45,6.69,0.01,3,2007,中性盘
1827,11:24:39,6.68,--,5,3340,卖盘
1828,11:24:36,6.68,--,61,40748,卖盘
1829,11:24:27,6.68,--,132,88176,卖盘
1830,11:24:24,6.68,-0.02,15,10020,卖盘
1831,11:24:21,6.7,0.02,26,17420,买盘
1832,11:24:18,6.68,-0.01,18,12024,卖盘
1833,11:24:15,6.69,--,2,1338,买盘
1834,11:24:12,6.69,0.01,12,8028,买盘
1835,11:24:06,6.68,--,19,12692,卖盘
1836,11:24:03,6.68,-0.01,42,28056,卖盘
1837,11:24:00,6.69,0.01,4,2676,买盘
1838,11:23:57,6.68,-0.01,5,3340,卖盘
1839,11:23:54,6.69,--,1,669,买盘
1840,11:23:45,6.69,0.01,3,2007,中性盘
1841,11:23:36,6.68,-0.01,242,161656,卖盘
1842,11:23:27,6.69,0.01,83,55527,卖盘
1843,11:23:18,6.68,-0.01,950,634600,卖盘
1844,11:23:15,6.69,--,241,161229,买盘
1845,11:23:12,6.69,0.01,6,4014,买盘
1846,11:23:09,6.68,--,8,5344,卖盘
1847,11:23:06,6.68,-0.01,536,358048,卖盘
1848,11:23:03,6.69,--,60,40140,买盘
1849,11:23:00,6.69,--,2,1338,买盘
1850,11:22:54,6.69,0.01,1,669,买盘
1851,11:22:48,6.68,--,7,4676,买盘
1852,11:22:45,6.68,--,3003,2006004,卖盘
1853,11:22:39,6.68,--,5,3340,卖盘
1854,11:22:36,6.68,--,118,78824,卖盘
1855,11:22:30,6.68,--,55,36740,买盘
1856,11:22:27,6.68,0.01,11,7348,卖盘
1857,11:22:24,6.67,-0.02,433,288811,卖盘
1858,11:22:21,6.69,--,1,669,买盘
1859,11:22:18,6.69,--,60,40140,买盘
1860,11:22:15,6.69,--,6,4014,买盘
1861,11:22:12,6.69,--,33,22077,买盘
1862,11:22:09,6.69,--,5,3345,买盘
1863,11:22:06,6.69,--,241,161229,买盘
1864,11:22:03,6.69,--,55,36795,买盘
1865,11:22:00,6.69,--,11,7359,买盘
1866,11:21:54,6.69,--,10,6690,买盘
1867,11:21:45,6.69,-0.01,1,669,中性盘
1868,11:21:42,6.7,--,1001,670670,买盘
1869,11:21:39,6.7,--,2,1340,买盘
1870,11:21:36,6.7,0.01,509,341030,买盘
1871,11:21:33,6.69,-0.01,8,5352,卖盘
1872,11:21:27,6.7,0.01,1,670,买盘
1873,11:21:24,6.69,--,34,22746,买盘
1874,11:21:21,6.69,--,7,4683,买盘
1875,11:21:18,6.69,0.01,2,1338,卖盘
1876,11:21:15,6.68,-0.01,2871,1917828,卖盘
1877,11:21:12,6.69,0.01,34,22746,买盘
1878,11:21:06,6.68,-0.01,61,40748,卖盘
1879,11:21:03,6.69,--,29,19401,买盘
1880,11:21:00,6.69,--,12,8028,买盘
1881,11:20:54,6.69,--,3,2007,买盘
1882,11:20:51,6.69,--,10,6690,买盘
1883,11:20:48,6.69,--,50,33450,买盘
1884,11:20:45,6.69,0.01,5,3345,买盘
1885,11:20:42,6.68,--,11,7348,卖盘
1886,11:20:39,6.68,--,20,13360,卖盘
1887,11:20:36,6.68,--,75,50100,卖盘
1888,11:20:33,6.68,-0.02,10,6680,卖盘
1889,11:20:24,6.7,--,22,14740,买盘
1890,11:20:21,6.7,0.02,1,670,买盘
1891,11:20:18,6.68,-0.02,17,11356,卖盘
1892,11:20:15,6.7,--,2,1340,买盘
1893,11:20:12,6.7,--,1,670,买盘
1894,11:20:09,6.7,0.02,5,3350,买盘
1895,11:20:06,6.68,-0.01,121,80828,卖盘
1896,11:20:03,6.69,-0.01,82,54858,卖盘
1897,11:20:00,6.7,--,2,1340,买盘
1898,11:19:54,6.7,0.01,11,7370,买盘
1899,11:19:45,6.69,0.01,1,669,中性盘
1900,11:19:36,6.68,-0.02,200,133600,卖盘
1901,11:19:33,6.7,0.01,23,15410,买盘
1902,11:19:24,6.69,-0.01,5,3345,卖盘
1903,11:19:21,6.7,--,200,134000,买盘
1904,11:19:18,6.7,0.01,308,206360,买盘
1905,11:19:15,6.69,--,1,669,买盘
1906,11:19:12,6.69,-0.01,18,12042,中性盘
1907,11:19:09,6.7,0.02,1,670,买盘
1908,11:19:06,6.68,-0.02,134,89512,卖盘
1909,11:19:03,6.7,--,105,70350,买盘
1910,11:19:00,6.7,0.01,14,9380,买盘
1911,11:18:54,6.69,--,1,669,卖盘
1912,11:18:45,6.69,-0.01,5,3345,卖盘
1913,11:18:42,6.7,0.02,1,670,买盘
1914,11:18:36,6.68,-0.02,125,83500,卖盘
1915,11:18:24,6.7,0.02,1,670,买盘
1916,11:18:21,6.68,-0.02,159,106212,卖盘
1917,11:18:15,6.7,0.02,159,106530,买盘
1918,11:18:12,6.68,--,6,4008,卖盘
1919,11:18:06,6.68,-0.02,94,62792,卖盘
1920,11:18:03,6.7,--,40,26800,买盘
1921,11:18:00,6.7,--,34,22780,买盘
1922,11:17:57,6.7,--,6,4020,买盘
1923,11:17:54,6.7,--,1,670,买盘
1924,11:17:48,6.7,0.01,91,60970,买盘
1925,11:17:45,6.69,0.01,2,1338,买盘
1926,11:17:36,6.68,-0.01,75,50100,卖盘
1927,11:17:30,6.69,0.01,5,3345,买盘
1928,11:17:27,6.68,-0.01,5,3340,卖盘
1929,11:17:24,6.69,0.01,1,669,买盘
1930,11:17:21,6.68,-0.01,5,3340,卖盘
1931,11:17:15,6.69,-0.01,2,1338,中性盘
1932,11:17:12,6.7,0.01,28,18760,买盘
1933,11:17:09,6.69,0.01,16,10704,买盘
1934,11:17:06,6.68,-0.01,143,95524,卖盘
1935,11:17:03,6.69,--,39,26091,买盘
1936,11:17:00,6.69,--,12,8028,买盘
1937,11:16:57,6.69,--,39,26091,买盘
1938,11:16:54,6.69,0.01,1,669,买盘
1939,11:16:51,6.68,-0.01,5,3340,卖盘
1940,11:16:48,6.69,--,270,180630,卖盘
1941,11:16:36,6.69,--,140,93660,卖盘
1942,11:16:33,6.69,0.01,22,14718,买盘
1943,11:16:30,6.68,--,5,3340,卖盘
1944,11:16:27,6.68,-0.01,5,3340,卖盘
1945,11:16:24,6.69,--,6,4014,买盘
1946,11:16:15,6.69,--,2,1338,买盘
1947,11:16:12,6.69,--,15,10035,卖盘
1948,11:16:09,6.69,0.01,20,13380,买盘
1949,11:16:06,6.68,-0.01,497,331996,卖盘
1950,11:16:00,6.69,--,40,26760,买盘
1951,11:15:57,6.69,--,10,6690,买盘
1952,11:15:54,6.69,--,1,669,买盘
1953,11:15:51,6.69,--,34,22746,买盘
1954,11:15:48,6.69,--,13,8697,买盘
1955,11:15:45,6.69,--,17,11373,买盘
1956,11:15:42,6.69,--,14,9366,买盘
1957,11:15:39,6.69,0.01,17,11373,买盘
1958,11:15:36,6.68,-0.01,335,223780,卖盘
1959,11:15:33,6.69,0.01,189,126441,买盘
1960,11:15:30,6.68,-0.01,1200,801600,卖盘
1961,11:15:27,6.69,--,1,669,买盘
1962,11:15:15,6.69,--,82,54858,买盘
1963,11:15:09,6.69,0.01,75,50175,卖盘
1964,11:15:06,6.68,-0.02,237,158316,卖盘
1965,11:15:03,6.7,--,46,30820,买盘
1966,11:15:00,6.7,0.01,1,670,买盘
1967,11:14:54,6.69,-0.01,838,560622,卖盘
1968,11:14:51,6.7,0.01,33,22110,买盘
1969,11:14:48,6.69,-0.01,66,44154,卖盘
1970,11:14:45,6.7,--,2,1340,买盘
1971,11:14:39,6.7,--,16,10720,买盘
1972,11:14:36,6.7,0.01,134,89780,买盘
1973,11:14:33,6.69,-0.01,20,13380,卖盘
1974,11:14:27,6.7,--,33,22110,买盘
1975,11:14:24,6.7,0.01,31,20770,买盘
1976,11:14:18,6.69,-0.01,5,3345,卖盘
1977,11:14:15,6.7,--,27,18090,买盘
1978,11:14:09,6.7,0.01,27,18090,买盘
1979,11:14:06,6.69,-0.01,119,79611,卖盘
1980,11:14:03,6.7,--,117,78390,买盘
1981,11:14:00,6.7,--,81,54270,买盘
1982,11:13:57,6.7,0.01,35,23450,买盘
1983,11:13:54,6.69,-0.01,1,669,卖盘
1984,11:13:48,6.7,--,41,27470,买盘
1985,11:13:45,6.7,0.01,2,1340,买盘
1986,11:13:42,6.69,-0.01,15,10035,卖盘
1987,11:13:39,6.7,0.01,5,3350,买盘
1988,11:13:36,6.69,-0.01,121,80949,卖盘
1989,11:13:33,6.7,0.01,10,6700,买盘
1990,11:13:30,6.69,-0.01,2,1338,卖盘
1991,11:13:18,6.7,0.01,13,8710,买盘
1992,11:13:15,6.69,-0.01,3,2007,卖盘
1993,11:13:12,6.7,0.01,2,1340,买盘
1994,11:13:06,6.69,-0.01,385,257565,卖盘
1995,11:13:03,6.7,--,50,33500,买盘
1996,11:13:00,6.7,0.01,7,4690,买盘
1997,11:12:57,6.69,--,17,11373,卖盘
1998,11:12:54,6.69,-0.01,2,1338,卖盘
1999,11:12:48,6.7,0.01,9,6030,买盘
2000,11:12:45,6.69,--,58,38802,卖盘
2001,11:12:39,6.69,--,4,2676,卖盘
2002,11:12:36,6.69,-0.01,100,66900,卖盘
2003,11:12:33,6.7,0.01,25,16750,买盘
2004,11:12:30,6.69,-0.01,6,4014,卖盘
2005,11:12:24,6.7,0.01,39,26130,买盘
2006,11:12:21,6.69,-0.01,7,4683,卖盘
2007,11:12:18,6.7,--,4,2680,买盘
2008,11:12:06,6.7,0.01,249,166830,买盘
2009,11:12:03,6.69,--,76,50844,买盘
2010,11:12:00,6.69,-0.01,99,66231,卖盘
2011,11:11:54,6.7,--,3,2010,买盘
2012,11:11:42,6.7,--,3,2010,买盘
2013,11:11:39,6.7,0.02,33,22110,买盘
2014,11:11:36,6.68,-0.02,168,112224,卖盘
2015,11:11:33,6.7,0.01,383,256610,买盘
2016,11:11:27,6.69,--,143,95667,卖盘
2017,11:11:21,6.69,-0.01,2,1338,卖盘
2018,11:11:18,6.7,--,1,670,买盘
2019,11:11:15,6.7,0.01,30,20100,买盘
2020,11:11:12,6.69,--,4,2676,买盘
2021,11:11:09,6.69,--,13,8697,买盘
2022,11:11:06,6.69,--,142,94998,买盘
2023,11:11:03,6.69,-0.01,90,60210,中性盘
2024,11:10:57,6.7,0.01,32,21440,买盘
2025,11:10:54,6.69,--,17,11373,买盘
2026,11:10:51,6.69,-0.01,168,112392,卖盘
2027,11:10:45,6.7,--,13,8710,买盘
2028,11:10:42,6.7,--,6,4020,买盘
2029,11:10:36,6.7,0.01,59,39530,买盘
2030,11:10:27,6.69,-0.01,6,4014,卖盘
2031,11:10:24,6.7,0.01,21,14070,买盘
2032,11:10:18,6.69,0.01,8,5352,买盘
2033,11:10:15,6.68,-0.01,34,22712,卖盘
2034,11:10:12,6.69,--,4,2676,买盘
2035,11:10:09,6.69,0.01,62,41478,买盘
2036,11:10:06,6.68,-0.01,60,40080,卖盘
2037,11:10:03,6.69,--,53,35457,买盘
2038,11:10:00,6.69,--,43,28767,买盘
2039,11:09:54,6.69,--,16,10704,买盘
2040,11:09:51,6.69,--,43,28767,买盘
2041,11:09:48,6.69,--,33,22077,买盘
2042,11:09:45,6.69,--,2,1338,买盘
2043,11:09:42,6.69,--,64,42816,买盘
2044,11:09:39,6.69,0.01,12,8028,买盘
2045,11:09:36,6.68,-0.01,108,72144,卖盘
2046,11:09:33,6.69,0.01,87,58203,买盘
2047,11:09:30,6.68,-0.01,8,5344,卖盘
2048,11:09:24,6.69,--,164,109716,买盘
2049,11:09:18,6.69,--,5,3345,买盘
2050,11:09:12,6.69,--,6,4014,买盘
2051,11:09:09,6.69,0.01,64,42816,买盘
2052,11:09:06,6.68,-0.01,189,126252,卖盘
2053,11:09:03,6.69,--,60,40140,买盘
2054,11:09:00,6.69,--,489,327141,卖盘
2055,11:08:57,6.69,--,200,133800,卖盘
2056,11:08:51,6.69,-0.01,114,76266,卖盘
2057,11:08:42,6.7,--,4,2680,买盘
2058,11:08:39,6.7,0.01,36,24120,买盘
2059,11:08:36,6.69,-0.01,81,54189,卖盘
2060,11:08:33,6.7,--,16,10720,买盘
2061,11:08:30,6.7,0.01,36,24120,买盘
2062,11:08:24,6.69,--,3,2007,卖盘
2063,11:08:21,6.69,-0.01,7,4683,卖盘
2064,11:08:18,6.7,0.01,10,6700,买盘
2065,11:08:12,6.69,--,5,3345,卖盘
2066,11:08:06,6.69,-0.01,49,32781,卖盘
2067,11:08:03,6.7,--,16,10720,买盘
2068,11:07:57,6.7,--,10,6700,买盘
2069,11:07:54,6.7,--,4,2680,买盘
2070,11:07:51,6.7,0.01,24,16080,买盘
2071,11:07:48,6.69,--,14,9366,卖盘
2072,11:07:42,6.69,--,6,4014,卖盘
2073,11:07:39,6.69,--,148,99012,卖盘
2074,11:07:36,6.69,-0.01,48,32112,卖盘
2075,11:07:33,6.7,--,18,12060,买盘
2076,11:07:30,6.7,--,1,670,买盘
2077,11:07:27,6.7,--,33,22110,买盘
2078,11:07:24,6.7,--,4,2680,买盘
2079,11:07:18,6.7,0.01,19,12730,买盘
2080,11:07:09,6.69,--,10,6690,卖盘
2081,11:07:06,6.69,--,329,220101,卖盘
2082,11:07:03,6.69,--,644,430836,卖盘
2083,11:07:00,6.69,-0.01,7,4683,卖盘
2084,11:06:57,6.7,--,3,2010,买盘
2085,11:06:54,6.7,--,4,2680,买盘
2086,11:06:48,6.7,0.01,163,109210,买盘
2087,11:06:36,6.69,--,804,537876,卖盘
2088,11:06:33,6.69,-0.01,27,18063,卖盘
2089,11:06:30,6.7,0.01,12,8040,买盘
2090,11:06:27,6.69,-0.01,84,56196,卖盘
2091,11:06:24,6.7,--,396,265320,买盘
2092,11:06:21,6.7,0.01,4,2680,买盘
2093,11:06:06,6.69,-0.01,115,76935,卖盘
2094,11:06:03,6.7,--,29,19430,买盘
2095,11:06:00,6.7,--,178,119260,买盘
2096,11:05:57,6.7,0.01,10,6700,买盘
2097,11:05:54,6.69,-0.01,334,223446,卖盘
2098,11:05:48,6.7,0.01,17,11390,买盘
2099,11:05:45,6.69,-0.01,5,3345,卖盘
2100,11:05:42,6.7,0.01,14,9380,买盘
2101,11:05:39,6.69,--,40,26760,卖盘
2102,11:05:36,6.69,-0.01,201,134469,卖盘
2103,11:05:33,6.7,--,286,191620,买盘
2104,11:05:30,6.7,0.01,41,27470,买盘
2105,11:05:27,6.69,--,19,12711,买盘
2106,11:05:24,6.69,--,16,10704,买盘
2107,11:05:21,6.69,-0.01,44,29436,卖盘
2108,11:05:18,6.7,0.01,283,189610,买盘
2109,11:05:15,6.69,0.01,239,159891,买盘
2110,11:05:12,6.68,-0.01,66,44088,卖盘
2111,11:05:09,6.69,0.01,15,10035,买盘
2112,11:05:06,6.68,-0.01,654,436872,卖盘
2113,11:05:03,6.69,--,314,210066,买盘
2114,11:05:00,6.69,--,3020,2020380,买盘
2115,11:04:54,6.69,--,68,45492,买盘
2116,11:04:45,6.69,--,22,14718,买盘
2117,11:04:42,6.69,0.01,15,10035,买盘
2118,11:04:36,6.68,-0.01,293,195724,卖盘
2119,11:04:33,6.69,0.01,17,11373,买盘
2120,11:04:30,6.68,--,56,37408,卖盘
2121,11:04:27,6.68,-0.01,6,4008,卖盘
2122,11:04:24,6.69,--,187,125103,买盘
2123,11:04:21,6.69,0.01,1,669,买盘
2124,11:04:18,6.68,--,38,25384,卖盘
2125,11:04:15,6.68,-0.01,12,8016,卖盘
2126,11:04:12,6.69,--,23,15387,买盘
2127,11:04:09,6.69,--,16,10704,买盘
2128,11:04:06,6.69,--,92,61548,买盘
2129,11:04:03,6.69,--,17,11373,买盘
2130,11:04:00,6.69,0.01,3,2007,买盘
2131,11:03:57,6.68,--,13,8684,卖盘
2132,11:03:54,6.68,-0.01,143,95524,卖盘
2133,11:03:48,6.69,--,41,27429,买盘
2134,11:03:45,6.69,--,3,2007,买盘
2135,11:03:42,6.69,--,53,35457,买盘
2136,11:03:39,6.69,0.01,31,20739,买盘
2137,11:03:36,6.68,--,64,42752,卖盘
2138,11:03:33,6.68,--,13,8684,卖盘
2139,11:03:30,6.68,-0.01,203,135604,卖盘
2140,11:03:24,6.69,--,16,10704,买盘
2141,11:03:18,6.69,0.01,87,58203,买盘
2142,11:03:15,6.68,-0.01,12,8016,卖盘
2143,11:03:12,6.69,--,8,5352,买盘
2144,11:03:09,6.69,0.01,20,13380,买盘
2145,11:03:06,6.68,-0.01,25,16700,卖盘
2146,11:03:03,6.69,--,3,2007,买盘
2147,11:03:00,6.69,0.01,1,669,买盘
2148,11:02:57,6.68,-0.01,24,16032,卖盘
2149,11:02:54,6.69,--,15,10035,买盘
2150,11:02:48,6.69,--,53,35457,买盘
2151,11:02:42,6.69,--,13,8697,买盘
2152,11:02:39,6.69,0.01,28,18732,买盘
2153,11:02:36,6.68,-0.01,27,18036,卖盘
2154,11:02:33,6.69,--,3,2007,买盘
2155,11:02:30,6.69,0.01,8,5352,买盘
2156,11:02:27,6.68,-0.01,6,4008,卖盘
2157,11:02:24,6.69,--,21,14049,买盘
2158,11:02:18,6.69,--,43,28767,买盘
2159,11:02:15,6.69,--,41,27429,买盘
2160,11:02:12,6.69,--,3,2007,买盘
2161,11:02:09,6.69,0.01,30,20070,买盘
2162,11:02:06,6.68,--,26,17368,卖盘
2163,11:02:03,6.68,--,21,14028,卖盘
2164,11:01:57,6.68,-0.01,27,18036,卖盘
2165,11:01:54,6.69,0.01,12,8028,买盘
2166,11:01:45,6.68,--,51,34068,卖盘
2167,11:01:39,6.68,--,31,20708,卖盘
2168,11:01:36,6.68,-0.01,33,22044,卖盘
2169,11:01:33,6.69,0.01,1,669,买盘
2170,11:01:15,6.68,--,57,38076,卖盘
2171,11:01:12,6.68,--,5,3340,卖盘
2172,11:01:09,6.68,--,42,28056,卖盘
2173,11:01:06,6.68,-0.01,107,71476,卖盘
2174,11:01:03,6.69,0.01,16,10704,买盘
2175,11:01:00,6.68,--,168,112224,卖盘
2176,11:00:54,6.68,--,43,28724,卖盘
2177,11:00:51,6.68,--,5,3340,卖盘
2178,11:00:48,6.68,--,34,22712,卖盘
2179,11:00:39,6.68,--,30,20040,卖盘
2180,11:00:36,6.68,--,84,56112,卖盘
2181,11:00:33,6.68,--,5,3340,卖盘
2182,11:00:30,6.68,--,8,5344,卖盘
2183,11:00:27,6.68,--,9,6012,卖盘
2184,11:00:24,6.68,-0.01,68,45424,卖盘
2185,11:00:18,6.69,--,5,3345,买盘
2186,11:00:15,6.69,0.01,10,6690,买盘
2187,11:00:12,6.68,--,327,218576,买盘
2188,11:00:09,6.68,0.01,16,10688,买盘
2189,11:00:06,6.67,-0.01,42,28014,卖盘
2190,11:00:03,6.68,--,4,2672,买盘
2191,11:00:00,6.68,0.01,3,2004,买盘
2192,10:59:57,6.67,-0.01,5,3335,卖盘
2193,10:59:54,6.68,--,18,12024,买盘
2194,10:59:48,6.68,--,21,14028,买盘
2195,10:59:45,6.68,--,31,20708,买盘
2196,10:59:42,6.68,--,53,35404,买盘
2197,10:59:39,6.68,0.01,68,45424,买盘
2198,10:59:36,6.67,-0.01,47,31349,卖盘
2199,10:59:33,6.68,--,13,8684,买盘
2200,10:59:30,6.68,--,5,3340,买盘
2201,10:59:27,6.68,--,113,75484,买盘
2202,10:59:24,6.68,--,14,9352,买盘
2203,10:59:21,6.68,--,2,1336,买盘
2204,10:59:18,6.68,--,10,6680,买盘
2205,10:59:15,6.68,--,17,11356,买盘
2206,10:59:12,6.68,--,48,32064,买盘
2207,10:59:09,6.68,0.01,23,15364,买盘
2208,10:59:06,6.67,--,91,60697,卖盘
2209,10:59:03,6.67,-0.01,61,40687,卖盘
2210,10:59:00,6.68,--,6,4008,买盘
2211,10:58:54,6.68,--,14,9352,买盘
2212,10:58:51,6.68,--,8,5344,买盘
2213,10:58:48,6.68,--,17,11356,买盘
2214,10:58:45,6.68,--,50,33927,卖盘
2215,10:58:42,6.68,--,200,133600,卖盘
2216,10:58:39,6.68,--,136,90848,卖盘
2217,10:58:36,6.68,--,174,116232,卖盘
2218,10:58:33,6.68,-0.01,9,6012,卖盘
2219,10:58:30,6.69,--,4,2676,买盘
2220,10:58:27,6.69,--,15,10035,买盘
2221,10:58:24,6.69,--,3,2007,买盘
2222,10:58:18,6.69,--,893,597417,买盘
2223,10:58:12,6.69,--,42,28098,买盘
2224,10:58:09,6.69,--,20,13380,买盘
2225,10:58:06,6.69,--,111,74259,买盘
2226,10:58:03,6.69,0.01,4,2676,买盘
2227,10:58:00,6.68,-0.01,9,6012,卖盘
2228,10:57:57,6.69,--,19,12711,买盘
2229,10:57:54,6.69,--,3,2007,买盘
2230,10:57:51,6.69,--,12,8028,买盘
2231,10:57:48,6.69,--,5,3345,买盘
2232,10:57:45,6.69,--,455,304395,买盘
2233,10:57:42,6.69,--,5,3345,买盘
2234,10:57:39,6.69,--,20,13380,买盘
2235,10:57:36,6.69,--,75,50175,买盘
2236,10:57:33,6.69,--,117,78273,买盘
2237,10:57:30,6.69,--,12,8028,买盘
2238,10:57:27,6.69,--,30,20070,买盘
2239,10:57:24,6.69,0.01,25,16725,买盘
2240,10:57:21,6.68,-0.01,5,3340,卖盘
2241,10:57:18,6.69,--,45,30105,买盘
2242,10:57:15,6.69,--,6,4014,买盘
2243,10:57:12,6.69,--,3,2007,买盘
2244,10:57:09,6.69,0.01,58,38802,买盘
2245,10:57:06,6.68,-0.01,47,31396,卖盘
2246,10:57:03,6.69,--,4,2676,买盘
2247,10:57:00,6.69,--,205,137145,买盘
2248,10:56:57,6.69,--,4,2676,买盘
2249,10:56:54,6.69,--,3,2007,买盘
2250,10:56:48,6.69,0.01,5,3345,买盘
2251,10:56:45,6.68,-0.01,35,23380,卖盘
2252,10:56:42,6.69,--,9,6021,买盘
2253,10:56:39,6.69,0.01,10,6690,买盘
2254,10:56:36,6.68,-0.01,32,21376,卖盘
2255,10:56:33,6.69,--,3,2007,买盘
2256,10:56:30,6.69,0.01,29,19401,买盘
2257,10:56:27,6.68,-0.01,15,10020,卖盘
2258,10:56:24,6.69,--,3,2007,买盘
2259,10:56:21,6.69,--,8,5352,买盘
2260,10:56:18,6.69,--,4,2676,买盘
2261,10:56:15,6.69,--,4,2676,买盘
2262,10:56:12,6.69,--,63,42147,买盘
2263,10:56:09,6.69,0.01,39,26091,买盘
2264,10:56:06,6.68,--,48,32064,卖盘
2265,10:56:03,6.68,-0.01,18,12024,卖盘
2266,10:56:00,6.69,0.01,29,19401,买盘
2267,10:55:54,6.68,--,8,5344,卖盘
2268,10:55:48,6.68,--,84,56112,卖盘
2269,10:55:45,6.68,-0.01,4,2672,卖盘
2270,10:55:42,6.69,0.01,52,34788,买盘
2271,10:55:36,6.68,--,39,26052,卖盘
2272,10:55:33,6.68,--,21,14028,卖盘
2273,10:55:30,6.68,--,5,3340,卖盘
2274,10:55:27,6.68,-0.01,5,3340,卖盘
2275,10:55:24,6.69,--,3,2007,买盘
2276,10:55:18,6.69,--,5,3345,买盘
2277,10:55:15,6.69,--,1,669,买盘
2278,10:55:12,6.69,--,39,26091,买盘
2279,10:55:09,6.69,--,8,5352,买盘
2280,10:55:06,6.69,--,166,111054,买盘
2281,10:55:03,6.69,--,4,2676,买盘
2282,10:55:00,6.69,--,131,87639,买盘
2283,10:54:57,6.69,--,13,8697,买盘
2284,10:54:51,6.69,--,1,669,买盘
2285,10:54:48,6.69,0.01,6,4014,买盘
2286,10:54:45,6.68,--,1,668,卖盘
2287,10:54:36,6.68,-0.01,65,43420,卖盘
2288,10:54:33,6.69,0.01,17,11373,买盘
2289,10:54:30,6.68,--,10,6680,卖盘
2290,10:54:24,6.68,-0.01,9,6012,卖盘
2291,10:54:21,6.69,--,4,2676,买盘
2292,10:54:18,6.69,--,1,669,买盘
2293,10:54:15,6.69,0.01,1,669,买盘
2294,10:54:09,6.68,--,5,3340,卖盘
2295,10:54:06,6.68,-0.01,168,112224,卖盘
2296,10:54:03,6.69,--,74,49506,买盘
2297,10:54:00,6.69,--,55,36795,买盘
2298,10:53:57,6.69,0.01,1,669,买盘
2299,10:53:54,6.68,--,50,33400,卖盘
2300,10:53:51,6.68,-0.01,16,10688,卖盘
2301,10:53:48,6.69,--,5,3345,买盘
2302,10:53:42,6.69,--,14,9366,买盘
2303,10:53:39,6.69,0.01,158,105702,买盘
2304,10:53:36,6.68,--,30,20040,卖盘
2305,10:53:33,6.68,--,6,4008,卖盘
2306,10:53:30,6.68,--,10,6680,卖盘
2307,10:53:24,6.68,-0.01,112,75089,卖盘
2308,10:53:21,6.69,--,3,2007,买盘
2309,10:53:18,6.69,--,5,3345,买盘
2310,10:53:15,6.69,--,2,1338,买盘
2311,10:53:12,6.69,--,3,2007,买盘
2312,10:53:09,6.69,0.01,1,669,买盘
2313,10:53:06,6.68,-0.01,20,13360,卖盘
2314,10:53:03,6.69,--,4,2676,买盘
2315,10:53:00,6.69,--,45,30105,买盘
2316,10:52:57,6.69,--,1,669,买盘
2317,10:52:54,6.69,--,4,2676,买盘
2318,10:52:51,6.69,--,18,12042,买盘
2319,10:52:48,6.69,--,5,3345,买盘
2320,10:52:42,6.69,0.01,10,6690,买盘
2321,10:52:39,6.68,--,6,4008,卖盘
2322,10:52:36,6.68,--,62,41416,卖盘
2323,10:52:33,6.68,--,35,23380,卖盘
2324,10:52:27,6.68,-0.01,200,133600,卖盘
2325,10:52:24,6.69,--,5,3345,买盘
2326,10:52:18,6.69,--,5,3345,买盘
2327,10:52:15,6.69,--,18,12042,买盘
2328,10:52:12,6.69,--,8,5352,买盘
2329,10:52:09,6.69,0.01,30,20070,买盘
2330,10:52:06,6.68,--,161,107548,卖盘
2331,10:52:03,6.68,--,546,364728,卖盘
2332,10:52:00,6.68,-0.01,157,104876,卖盘
2333,10:51:57,6.69,--,161,107709,买盘
2334,10:51:54,6.69,--,1,669,买盘
2335,10:51:48,6.69,0.01,1,669,买盘
2336,10:51:45,6.68,--,66,44088,卖盘
2337,10:51:42,6.68,--,2,1336,卖盘
2338,10:51:36,6.68,--,32,21376,卖盘
2339,10:51:33,6.68,-0.01,16,10688,卖盘
2340,10:51:30,6.69,--,3,2007,买盘
2341,10:51:24,6.69,0.01,50,33450,买盘
2342,10:51:21,6.68,-0.01,20,13360,卖盘
2343,10:51:18,6.69,--,1,669,买盘
2344,10:51:15,6.69,0.01,7,4683,买盘
2345,10:51:12,6.68,--,15,10020,卖盘
2346,10:51:06,6.68,-0.01,62,41416,卖盘
2347,10:51:03,6.69,--,4,2676,买盘
2348,10:51:00,6.69,--,2,1338,买盘
2349,10:50:57,6.69,--,143,95667,买盘
2350,10:50:54,6.69,--,3,2007,买盘
2351,10:50:48,6.69,0.01,1,669,买盘
2352,10:50:45,6.68,--,179,119572,卖盘
2353,10:50:36,6.68,--,52,34736,卖盘
2354,10:50:33,6.68,--,100,66800,卖盘
2355,10:50:30,6.68,--,100,66800,卖盘
2356,10:50:27,6.68,--,24,16032,卖盘
2357,10:50:24,6.68,-0.01,5,3340,卖盘
2358,10:50:21,6.69,--,5,3345,买盘
2359,10:50:18,6.69,--,28,18732,买盘
2360,10:50:15,6.69,0.01,6,4014,买盘
2361,10:50:12,6.68,--,3,2004,卖盘
2362,10:50:09,6.68,-0.01,20,13360,卖盘
2363,10:50:06,6.69,0.01,72,48168,买盘
2364,10:50:03,6.68,-0.01,265,177020,卖盘
2365,10:50:00,6.69,--,39,26091,买盘
2366,10:49:54,6.69,--,3,2007,买盘
2367,10:49:51,6.69,--,33,22077,买盘
2368,10:49:48,6.69,0.01,5,3345,买盘
2369,10:49:45,6.68,-0.01,6,4008,卖盘
2370,10:49:42,6.69,--,16,10704,买盘
2371,10:49:39,6.69,0.01,6,4014,买盘
2372,10:49:36,6.68,-0.01,28,18704,卖盘
2373,10:49:33,6.69,--,3,2007,买盘
2374,10:49:30,6.69,--,7,4683,买盘
2375,10:49:24,6.69,--,3,2007,买盘
2376,10:49:18,6.69,--,3,2007,买盘
2377,10:49:15,6.69,--,1,669,买盘
2378,10:49:12,6.69,--,24,16056,买盘
2379,10:49:09,6.69,0.01,2,1338,买盘
2380,10:49:06,6.68,--,161,107548,卖盘
2381,10:49:00,6.68,--,45,30060,卖盘
2382,10:48:57,6.68,--,619,414026,买盘
2383,10:48:54,6.68,--,3,2004,买盘
2384,10:48:51,6.68,--,36,24048,买盘
2385,10:48:48,6.68,--,129,86172,买盘
2386,10:48:45,6.68,--,33,22044,买盘
2387,10:48:42,6.68,--,10,6680,买盘
2388,10:48:39,6.68,0.01,1,668,买盘
2389,10:48:36,6.67,--,174,116058,卖盘
2390,10:48:27,6.67,-0.02,838,559079,卖盘
2391,10:48:24,6.69,--,3,2007,买盘
2392,10:48:21,6.69,0.01,15,10035,买盘
2393,10:48:18,6.68,--,120,80160,卖盘
2394,10:48:15,6.68,-0.01,6,4008,卖盘
2395,10:48:12,6.69,--,3,2007,买盘
2396,10:48:09,6.69,--,4,2676,买盘
2397,10:48:06,6.69,0.01,134,89646,买盘
2398,10:48:03,6.68,--,2,1336,卖盘
2399,10:47:51,6.68,--,5,3340,卖盘
2400,10:47:48,6.68,--,636,424848,卖盘
2401,10:47:45,6.68,-0.01,31,20708,卖盘
2402,10:47:42,6.69,--,51,34119,买盘
2403,10:47:39,6.69,--,28,18732,买盘
2404,10:47:36,6.69,--,37,24753,买盘
2405,10:47:30,6.69,--,24,16056,买盘
2406,10:47:24,6.69,--,4,2676,买盘
2407,10:47:21,6.69,--,3,2007,买盘
2408,10:47:18,6.69,--,40,26760,买盘
2409,10:47:12,6.69,--,3,2007,买盘
2410,10:47:09,6.69,0.01,89,59541,买盘
2411,10:47:06,6.68,--,66,44088,卖盘
2412,10:47:03,6.68,-0.01,10,6680,卖盘
2413,10:47:00,6.69,0.01,109,72921,买盘
2414,10:46:48,6.68,--,54,36072,卖盘
2415,10:46:45,6.68,--,48,32064,卖盘
2416,10:46:36,6.68,-0.01,68,45424,卖盘
2417,10:46:33,6.69,--,3,2007,买盘
2418,10:46:30,6.69,0.01,7,4683,买盘
2419,10:46:27,6.68,--,30,20040,卖盘
2420,10:46:21,6.68,--,122,82030,买盘
2421,10:46:18,6.68,--,8,5344,买盘
2422,10:46:15,6.68,0.01,36,24048,买盘
2423,10:46:12,6.67,-0.01,19,12673,卖盘
2424,10:46:09,6.68,--,7,4676,买盘
2425,10:46:06,6.68,-0.01,223,149097,卖盘
2426,10:46:03,6.69,--,103,68907,买盘
2427,10:46:00,6.69,0.01,29,19401,买盘
2428,10:45:51,6.68,--,30,20574,买盘
2429,10:45:48,6.68,--,3,2004,买盘
2430,10:45:45,6.68,--,8,5344,买盘
2431,10:45:42,6.68,--,119,79492,买盘
2432,10:45:39,6.68,--,70,46760,买盘
2433,10:45:36,6.68,0.01,365,243820,买盘
2434,10:45:30,6.67,-0.01,25,16675,卖盘
2435,10:45:27,6.68,--,1,668,买盘
2436,10:45:24,6.68,--,3,2004,买盘
2437,10:45:21,6.68,--,1001,668668,买盘
2438,10:45:18,6.68,--,3,2004,买盘
2439,10:45:12,6.68,--,3,2004,买盘
2440,10:45:09,6.68,--,483,322777,卖盘
2441,10:45:06,6.68,-0.01,47,31396,卖盘
2442,10:45:03,6.69,0.01,1,669,买盘
2443,10:45:00,6.68,-0.01,11,7348,卖盘
2444,10:44:57,6.69,0.01,2,1338,买盘
2445,10:44:45,6.68,-0.01,10,6680,卖盘
2446,10:44:42,6.69,0.01,33,22077,买盘
2447,10:44:39,6.68,--,103,68804,卖盘
2448,10:44:36,6.68,--,199,132932,卖盘
2449,10:44:33,6.68,--,19,12692,卖盘
2450,10:44:30,6.68,--,16,10688,卖盘
2451,10:44:24,6.68,-0.01,19,12692,卖盘
2452,10:44:21,6.69,0.01,70,46830,买盘
2453,10:44:15,6.68,-0.01,19,12692,卖盘
2454,10:44:12,6.69,--,22,14718,买盘
2455,10:44:09,6.69,--,276,185179,买盘
2456,10:44:06,6.69,0.01,171,114399,买盘
2457,10:44:03,6.68,-0.01,129,86172,卖盘
2458,10:44:00,6.69,0.01,97,64893,买盘
2459,10:43:54,6.68,-0.01,54,36072,卖盘
2460,10:43:51,6.69,--,12,8028,买盘
2461,10:43:48,6.69,--,18,12042,买盘
2462,10:43:45,6.69,0.01,20,13380,买盘
2463,10:43:39,6.68,--,46,30728,卖盘
2464,10:43:36,6.68,--,45,30060,卖盘
2465,10:43:33,6.68,-0.01,8,5344,卖盘
2466,10:43:30,6.69,--,11,7359,买盘
2467,10:43:27,6.69,--,1,669,买盘
2468,10:43:24,6.69,--,3,2007,买盘
2469,10:43:18,6.69,--,3,2007,买盘
2470,10:43:15,6.69,0.01,2,1338,买盘
2471,10:43:06,6.68,-0.01,175,116900,卖盘
2472,10:43:03,6.69,--,9,6021,买盘
2473,10:43:00,6.69,0.01,16,10704,买盘
2474,10:42:57,6.68,--,273,182364,买盘
2475,10:42:54,6.68,--,14,9352,买盘
2476,10:42:51,6.68,--,325,217100,买盘
2477,10:42:48,6.68,--,14,9352,买盘
2478,10:42:45,6.68,--,10,6680,买盘
2479,10:42:42,6.68,--,4,2672,买盘
2480,10:42:39,6.68,--,58,38744,买盘
2481,10:42:36,6.68,--,485,323980,买盘
2482,10:42:33,6.68,--,1293,863724,卖盘
2483,10:42:30,6.68,-0.01,11,7348,卖盘
2484,10:42:27,6.69,0.01,29,19401,买盘
2485,10:42:21,6.68,-0.01,5,3340,卖盘
2486,10:42:18,6.69,--,3,2007,买盘
2487,10:42:12,6.69,--,4,2676,买盘
2488,10:42:09,6.69,0.01,8,5352,买盘
2489,10:42:06,6.68,-0.01,38,25384,卖盘
2490,10:42:03,6.69,--,3,2007,买盘
2491,10:42:00,6.69,--,104,69576,买盘
2492,10:41:54,6.69,--,4,2676,买盘
2493,10:41:51,6.69,--,1,669,买盘
2494,10:41:48,6.69,--,3,2007,买盘
2495,10:41:45,6.69,--,1,669,买盘
2496,10:41:42,6.69,--,3,2007,买盘
2497,10:41:39,6.69,0.01,35,23415,买盘
2498,10:41:36,6.68,-0.01,121,80828,卖盘
2499,10:41:33,6.69,0.01,13,8697,买盘
2500,10:41:30,6.68,-0.01,58,38744,卖盘
2501,10:41:27,6.69,0.01,422,282318,买盘
2502,10:41:15,6.68,-0.01,12,8016,卖盘
2503,10:41:12,6.69,0.01,60,40140,买盘
2504,10:41:06,6.68,--,42,28056,卖盘
2505,10:41:03,6.68,--,16,10688,卖盘
2506,10:41:00,6.68,-0.01,16,10688,卖盘
2507,10:40:57,6.69,0.01,20,13380,买盘
2508,10:40:48,6.68,--,109,72812,卖盘
2509,10:40:45,6.68,--,14,9352,卖盘
2510,10:40:36,6.68,--,290,193720,卖盘
2511,10:40:33,6.68,--,45,30060,卖盘
2512,10:40:30,6.68,--,11,7348,卖盘
2513,10:40:27,6.68,-0.01,5,3340,卖盘
2514,10:40:24,6.69,0.01,33,22077,买盘
2515,10:40:15,6.68,--,72,48096,卖盘
2516,10:40:09,6.68,0.01,1532,1023376,买盘
2517,10:40:06,6.67,-0.01,26,17342,卖盘
2518,10:40:03,6.68,--,12,8016,买盘
2519,10:40:00,6.68,--,1,668,买盘
2520,10:39:57,6.68,0.01,1,668,买盘
2521,10:39:54,6.67,-0.01,5,3335,卖盘
2522,10:39:51,6.68,--,3,2004,买盘
2523,10:39:48,6.68,--,72,48096,买盘
2524,10:39:45,6.68,0.01,5,3340,买盘
2525,10:39:42,6.67,-0.01,7,4669,卖盘
2526,10:39:39,6.68,0.01,2,1336,买盘
2527,10:39:36,6.67,-0.01,43,28681,卖盘
2528,10:39:33,6.68,--,3,2004,买盘
2529,10:39:30,6.68,0.01,47,31396,买盘
2530,10:39:27,6.67,-0.01,34,22678,卖盘
2531,10:39:24,6.68,--,6,4008,买盘
2532,10:39:21,6.68,--,74,49432,买盘
2533,10:39:18,6.68,0.01,4,2672,买盘
2534,10:39:15,6.67,-0.01,2,1334,卖盘
2535,10:39:12,6.68,--,32,21376,买盘
2536,10:39:09,6.68,--,3,2004,买盘
2537,10:39:06,6.68,--,47,31396,买盘
2538,10:39:03,6.68,--,120,80160,买盘
2539,10:39:00,6.68,--,12,8016,买盘
2540,10:38:57,6.68,0.01,4,2672,买盘
2541,10:38:51,6.67,-0.01,5,3335,卖盘
2542,10:38:45,6.68,--,57,38076,买盘
2543,10:38:42,6.68,--,29,19372,买盘
2544,10:38:39,6.68,--,9,6012,买盘
2545,10:38:36,6.68,0.01,71,47428,买盘
2546,10:38:33,6.67,-0.01,2,1334,卖盘
2547,10:38:30,6.68,--,93,62124,买盘
2548,10:38:27,6.68,0.01,31,20708,买盘
2549,10:38:24,6.67,-0.01,8,5336,卖盘
2550,10:38:21,6.68,--,13,8684,买盘
2551,10:38:18,6.68,0.01,88,58784,买盘
2552,10:38:15,6.67,-0.01,4,2668,卖盘
2553,10:38:12,6.68,0.01,35,23380,买盘
2554,10:38:06,6.67,--,63,42021,卖盘
2555,10:38:03,6.67,-0.01,19,12673,卖盘
2556,10:38:00,6.68,--,35,23380,买盘
2557,10:37:57,6.68,--,38,25384,买盘
2558,10:37:54,6.68,0.01,2,1336,买盘
2559,10:37:51,6.67,-0.01,119,79373,卖盘
2560,10:37:48,6.68,0.01,31,20708,买盘
2561,10:37:45,6.67,-0.01,25,16675,卖盘
2562,10:37:42,6.68,0.01,75,50100,买盘
2563,10:37:36,6.67,--,75,50025,卖盘
2564,10:37:33,6.67,-0.01,5,3335,卖盘
2565,10:37:27,6.68,0.01,76,50768,买盘
2566,10:37:21,6.67,--,20,13340,卖盘
2567,10:37:18,6.67,-0.01,2,1334,卖盘
2568,10:37:15,6.68,0.01,35,23380,买盘
2569,10:37:12,6.67,--,170,113390,卖盘
2570,10:37:09,6.67,--,27,18009,卖盘
2571,10:37:06,6.67,-0.01,192,128064,卖盘
2572,10:37:03,6.68,--,8,5344,买盘
2573,10:37:00,6.68,0.01,232,154976,买盘
2574,10:36:57,6.67,-0.01,112,74704,卖盘
2575,10:36:54,6.68,0.01,14,9352,买盘
2576,10:36:51,6.67,-0.01,6,4002,卖盘
2577,10:36:48,6.68,--,3,2004,买盘
2578,10:36:45,6.68,--,1,668,买盘
2579,10:36:42,6.68,--,55,36740,买盘
2580,10:36:39,6.68,0.01,698,466264,买盘
2581,10:36:36,6.67,--,43,28681,卖盘
2582,10:36:33,6.67,--,2,1334,卖盘
2583,10:36:30,6.67,--,5,3335,卖盘
2584,10:36:27,6.67,-0.01,143,95381,卖盘
2585,10:36:24,6.68,--,18,12024,买盘
2586,10:36:21,6.68,--,12,8016,买盘
2587,10:36:18,6.68,--,3,2004,买盘
2588,10:36:15,6.68,--,34,22712,买盘
2589,10:36:12,6.68,0.01,22,14696,买盘
2590,10:36:06,6.67,-0.01,34,22678,卖盘
2591,10:36:03,6.68,--,3,2004,买盘
2592,10:36:00,6.68,--,52,34736,买盘
2593,10:35:57,6.68,0.01,23,15364,买盘
2594,10:35:51,6.67,-0.01,8,5336,卖盘
2595,10:35:48,6.68,--,10,6680,买盘
2596,10:35:45,6.68,0.01,33,22044,买盘
2597,10:35:42,6.67,--,9,6003,卖盘
2598,10:35:36,6.67,--,102,68034,卖盘
2599,10:35:33,6.67,-0.01,16,10672,卖盘
2600,10:35:30,6.68,--,3,2004,买盘
2601,10:35:27,6.68,0.01,1,668,买盘
2602,10:35:12,6.67,-0.01,71,47357,卖盘
2603,10:35:09,6.68,0.01,38,25384,买盘
2604,10:35:06,6.67,--,547,364849,卖盘
2605,10:35:03,6.67,--,58,38686,卖盘
2606,10:35:00,6.67,--,1,667,卖盘
2607,10:34:57,6.67,--,8,5336,卖盘
2608,10:34:54,6.67,--,147,98049,卖盘
2609,10:34:51,6.67,-0.01,24,16008,卖盘
2610,10:34:48,6.68,--,507,338676,买盘
2611,10:34:45,6.68,--,51,34068,买盘
2612,10:34:42,6.68,0.01,11,7348,买盘
2613,10:34:39,6.67,-0.01,113,75371,卖盘
2614,10:34:36,6.68,0.01,414,276552,买盘
2615,10:34:33,6.67,-0.01,2010,1340670,卖盘
2616,10:34:30,6.68,--,9,6012,买盘
2617,10:34:27,6.68,--,201,134268,买盘
2618,10:34:24,6.68,0.01,71,47428,买盘
2619,10:34:12,6.67,--,18,12006,卖盘
2620,10:34:09,6.67,--,25,16675,卖盘
2621,10:34:06,6.67,-0.01,95,63365,卖盘
2622,10:34:03,6.68,--,46,30728,买盘
2623,10:34:00,6.68,--,4,2672,买盘
2624,10:33:57,6.68,0.01,6,4008,买盘
2625,10:33:54,6.67,--,6,4002,卖盘
2626,10:33:51,6.67,--,274,182758,卖盘
2627,10:33:48,6.67,--,37,24679,卖盘
2628,10:33:45,6.67,-0.01,15,10005,卖盘
2629,10:33:42,6.68,0.01,6,4008,买盘
2630,10:33:36,6.67,--,411,274137,卖盘
2631,10:33:33,6.67,-0.01,2009,1340003,卖盘
2632,10:33:30,6.68,--,3,2004,买盘
2633,10:33:27,6.68,--,14,9352,买盘
2634,10:33:24,6.68,--,24,16032,买盘
2635,10:33:21,6.68,0.01,8,5344,买盘
2636,10:33:15,6.67,-0.01,118,78706,卖盘
2637,10:33:12,6.68,--,4,2672,买盘
2638,10:33:09,6.68,--,11,7348,买盘
2639,10:33:06,6.68,--,139,92852,买盘
2640,10:33:03,6.68,--,3,2004,买盘
2641,10:33:00,6.68,--,78,52104,买盘
2642,10:32:57,6.68,0.01,2,1336,买盘
2643,10:32:54,6.67,-0.01,120,80040,卖盘
2644,10:32:51,6.68,--,34,22712,买盘
2645,10:32:48,6.68,0.01,101,67468,买盘
2646,10:32:42,6.67,--,41,27347,卖盘
2647,10:32:39,6.67,--,63,42021,卖盘
2648,10:32:36,6.67,--,428,285476,卖盘
2649,10:32:33,6.67,--,561,374187,卖盘
2650,10:32:30,6.67,-0.02,1609,1073203,卖盘
2651,10:32:27,6.69,0.01,63,42147,买盘
2652,10:32:24,6.68,--,142,94856,卖盘
2653,10:32:21,6.68,--,16,10688,卖盘
2654,10:32:18,6.68,--,21,14028,卖盘
2655,10:32:15,6.68,--,22,14696,卖盘
2656,10:32:12,6.68,--,42,28056,卖盘
2657,10:32:06,6.68,-0.01,30,20040,卖盘
2658,10:32:03,6.69,0.01,1,669,买盘
2659,10:32:00,6.68,--,41,27388,卖盘
2660,10:31:57,6.68,--,7,4676,卖盘
2661,10:31:54,6.68,-0.01,3,2004,卖盘
2662,10:31:48,6.69,0.01,1,669,买盘
2663,10:31:42,6.68,--,21,14028,卖盘
2664,10:31:36,6.68,-0.01,373,249164,卖盘
2665,10:31:33,6.69,0.01,24,16056,买盘
2666,10:31:30,6.68,--,27,18036,买盘
2667,10:31:27,6.68,--,2007,1340676,买盘
2668,10:31:24,6.68,--,32,21376,买盘
2669,10:31:21,6.68,0.01,35,23380,买盘
2670,10:31:15,6.67,-0.01,13,8671,卖盘
2671,10:31:12,6.68,--,7,4676,买盘
2672,10:31:09,6.68,0.01,14,9352,卖盘
2673,10:31:06,6.67,-0.01,99,66033,卖盘
2674,10:31:03,6.68,-0.01,21,14028,卖盘
2675,10:31:00,6.69,0.01,33,22077,买盘
2676,10:30:57,6.68,-0.01,358,239144,卖盘
2677,10:30:54,6.69,0.01,4,2676,买盘
2678,10:30:51,6.68,--,10,6680,卖盘
2679,10:30:45,6.68,--,32,21376,买盘
2680,10:30:42,6.68,--,21,14028,买盘
2681,10:30:39,6.68,0.01,13,8684,买盘
2682,10:30:36,6.67,-0.01,112,74704,卖盘
2683,10:30:33,6.68,-0.01,4,2672,卖盘
2684,10:30:30,6.69,--,175,117075,买盘
2685,10:30:27,6.69,--,38,25422,买盘
2686,10:30:24,6.69,0.01,89,59541,买盘
2687,10:30:21,6.68,--,124,82832,买盘
2688,10:30:18,6.68,--,54,36072,买盘
2689,10:30:15,6.68,--,1,668,买盘
2690,10:30:12,6.68,--,4,2672,买盘
2691,10:30:09,6.68,--,3,2004,买盘
2692,10:30:06,6.68,--,268,179024,卖盘
2693,10:30:03,6.68,--,19,12692,卖盘
2694,10:30:00,6.68,-0.01,21,14028,卖盘
2695,10:29:57,6.69,0.01,321,214749,买盘
2696,10:29:54,6.68,0.01,78,52104,买盘
2697,10:29:51,6.67,-0.01,8,5336,卖盘
2698,10:29:48,6.68,--,5,3340,买盘
2699,10:29:45,6.68,-0.01,234,156312,卖盘
2700,10:29:42,6.69,0.01,8,5352,买盘
2701,10:29:39,6.68,-0.01,35,23380,卖盘
2702,10:29:36,6.69,0.01,126,84294,买盘
2703,10:29:33,6.68,-0.01,123,82164,卖盘
2704,10:29:30,6.69,--,3,2007,买盘
2705,10:29:27,6.69,--,1,669,买盘
2706,10:29:24,6.69,0.01,6,4014,买盘
2707,10:29:21,6.68,-0.01,289,193052,卖盘
2708,10:29:18,6.69,--,9,6021,买盘
2709,10:29:15,6.69,--,60,40140,买盘
2710,10:29:12,6.69,--,19,12711,买盘
2711,10:29:09,6.69,0.01,155,103695,买盘
2712,10:29:06,6.68,-0.01,155,103540,卖盘
2713,10:29:03,6.69,--,134,89646,买盘
2714,10:29:00,6.69,0.01,21,14049,买盘
2715,10:28:57,6.68,-0.01,13,8684,卖盘
2716,10:28:54,6.69,0.01,35,23415,买盘
2717,10:28:48,6.68,--,288,192384,卖盘
2718,10:28:45,6.68,-0.01,71,47428,卖盘
2719,10:28:42,6.69,--,12,8028,买盘
2720,10:28:39,6.69,0.01,181,121089,买盘
2721,10:28:36,6.68,--,164,109552,卖盘
2722,10:28:33,6.68,--,93,62124,卖盘
2723,10:28:27,6.68,--,33,22044,卖盘
2724,10:28:24,6.68,-0.01,105,70140,卖盘
2725,10:28:21,6.69,0.01,45,30105,买盘
2726,10:28:18,6.68,--,31,20708,卖盘
2727,10:28:15,6.68,--,4,2672,卖盘
2728,10:28:12,6.68,--,278,185704,卖盘
2729,10:28:09,6.68,--,216,144288,卖盘
2730,10:28:06,6.68,--,187,124916,卖盘
2731,10:28:00,6.68,-0.01,22,14696,卖盘
2732,10:27:57,6.69,--,258,172602,买盘
2733,10:27:54,6.69,0.01,21,14049,买盘
2734,10:27:51,6.68,--,45,30060,卖盘
2735,10:27:48,6.68,-0.01,13,8684,卖盘
2736,10:27:45,6.69,--,1,669,买盘
2737,10:27:42,6.69,--,7,4683,买盘
2738,10:27:39,6.69,--,12,8028,买盘
2739,10:27:36,6.69,--,327,218763,买盘
2740,10:27:33,6.69,0.01,422,282318,买盘
2741,10:27:27,6.68,-0.01,20,13360,卖盘
2742,10:27:24,6.69,--,43,28767,买盘
2743,10:27:21,6.69,--,7,4683,买盘
2744,10:27:18,6.69,--,21,14049,买盘
2745,10:27:12,6.69,--,38,25422,买盘
2746,10:27:09,6.69,--,103,68907,买盘
2747,10:27:06,6.69,--,131,87639,买盘
2748,10:27:03,6.69,--,3,2007,买盘
2749,10:27:00,6.69,--,17,11373,买盘
2750,10:26:57,6.69,0.01,362,242178,买盘
2751,10:26:54,6.68,-0.01,38,25384,卖盘
2752,10:26:51,6.69,0.01,146,97674,买盘
2753,10:26:48,6.68,--,82,54776,卖盘
2754,10:26:36,6.68,--,114,76152,卖盘
2755,10:26:33,6.68,--,157,104876,卖盘
2756,10:26:27,6.68,-0.01,20,13360,卖盘
2757,10:26:24,6.69,--,33,22077,买盘
2758,10:26:21,6.69,0.01,34,22746,买盘
2759,10:26:15,6.68,-0.01,400,267200,卖盘
2760,10:26:12,6.69,--,9,6021,买盘
2761,10:26:09,6.69,0.01,2,1338,买盘
2762,10:26:06,6.68,--,48,32064,卖盘
2763,10:26:03,6.68,-0.01,19,12692,卖盘
2764,10:26:00,6.69,--,17,11373,买盘
2765,10:25:57,6.69,0.01,5,3345,买盘
2766,10:25:54,6.68,-0.01,62,41416,卖盘
2767,10:25:48,6.69,--,110,73590,买盘
2768,10:25:45,6.69,--,33,22077,买盘
2769,10:25:42,6.69,--,11,7359,买盘
2770,10:25:39,6.69,--,3,2007,买盘
2771,10:25:36,6.69,0.01,65,43485,买盘
2772,10:25:33,6.68,-0.01,29,19372,卖盘
2773,10:25:30,6.69,--,7,4683,买盘
2774,10:25:27,6.69,0.01,52,34788,买盘
2775,10:25:24,6.68,--,6,4008,卖盘
2776,10:25:21,6.68,-0.01,7,4676,卖盘
2777,10:25:18,6.69,--,208,139152,买盘
2778,10:25:12,6.69,0.01,35,23415,买盘
2779,10:25:06,6.68,-0.01,129,86172,卖盘
2780,10:25:03,6.69,--,2,1338,买盘
2781,10:25:00,6.69,--,2,1338,买盘
2782,10:24:54,6.69,0.01,16,10704,买盘
2783,10:24:51,6.68,-0.01,212,141616,卖盘
2784,10:24:48,6.69,--,65,43485,买盘
2785,10:24:45,6.69,--,25,16725,买盘
2786,10:24:42,6.69,--,24,16056,买盘
2787,10:24:39,6.69,0.01,38,25422,买盘
2788,10:24:36,6.68,--,488,325984,卖盘
2789,10:24:33,6.68,--,4,2672,卖盘
2790,10:24:30,6.68,-0.01,249,166332,卖盘
2791,10:24:27,6.69,--,17,11373,买盘
2792,10:24:24,6.69,--,22,14718,买盘
2793,10:24:21,6.69,0.01,49,32781,买盘
2794,10:24:18,6.68,--,343,229124,卖盘
2795,10:24:15,6.68,-0.01,24,16032,卖盘
2796,10:24:12,6.69,0.02,38,25422,买盘
2797,10:24:06,6.67,-0.01,288,192096,卖盘
2798,10:24:03,6.68,-0.01,104,69472,卖盘
2799,10:23:57,6.69,0.01,15,10035,买盘
2800,10:23:54,6.68,--,202,134936,卖盘
2801,10:23:51,6.68,--,104,69472,卖盘
2802,10:23:48,6.68,--,485,323980,卖盘
2803,10:23:45,6.68,--,114,76152,卖盘
2804,10:23:42,6.68,-0.01,471,314628,卖盘
2805,10:23:39,6.69,--,115,76935,买盘
2806,10:23:36,6.69,--,146,97674,买盘
2807,10:23:33,6.69,0.01,10,6690,买盘
2808,10:23:27,6.68,--,41,27388,卖盘
2809,10:23:24,6.68,--,102,68136,卖盘
2810,10:23:21,6.68,--,116,77488,卖盘
2811,10:23:15,6.68,-0.01,111,74148,卖盘
2812,10:23:12,6.69,--,7,4683,买盘
2813,10:23:09,6.69,--,103,68907,买盘
2814,10:23:06,6.69,--,285,190665,买盘
2815,10:23:00,6.69,--,353,236157,买盘
2816,10:22:57,6.69,0.01,18,12042,买盘
2817,10:22:54,6.68,--,34,22712,卖盘
2818,10:22:51,6.68,-0.01,354,236472,卖盘
2819,10:22:48,6.69,--,41,27429,买盘
2820,10:22:45,6.69,--,10,6690,买盘
2821,10:22:42,6.69,--,15,10035,买盘
2822,10:22:39,6.69,0.01,2,1338,买盘
2823,10:22:36,6.68,--,223,148964,卖盘
2824,10:22:30,6.68,-0.01,489,326652,卖盘
2825,10:22:27,6.69,--,34,22746,买盘
2826,10:22:24,6.69,--,228,152532,买盘
2827,10:22:18,6.69,0.01,46,30774,买盘
2828,10:22:15,6.68,-0.01,2,1336,卖盘
2829,10:22:12,6.69,0.01,70,46830,买盘
2830,10:22:09,6.68,--,150,100200,卖盘
2831,10:22:06,6.68,-0.01,159,106212,卖盘
2832,10:22:03,6.69,--,13,8697,买盘
2833,10:22:00,6.69,--,95,63555,买盘
2834,10:21:57,6.69,--,114,76266,买盘
2835,10:21:54,6.69,0.01,101,67569,买盘
2836,10:21:51,6.68,-0.01,123,82164,卖盘
2837,10:21:48,6.69,--,21,14049,买盘
2838,10:21:45,6.69,--,1,669,买盘
2839,10:21:42,6.69,--,18,12042,买盘
2840,10:21:39,6.69,0.01,8,5352,买盘
2841,10:21:36,6.68,--,225,150300,卖盘
2842,10:21:33,6.68,-0.01,55,36740,卖盘
2843,10:21:27,6.69,0.01,15,10035,买盘
2844,10:21:24,6.68,-0.01,12,8016,卖盘
2845,10:21:21,6.69,--,5,3345,买盘
2846,10:21:18,6.69,--,2,1338,买盘
2847,10:21:15,6.69,--,167,111723,买盘
2848,10:21:12,6.69,--,820,548580,买盘
2849,10:21:09,6.69,--,9,6021,买盘
2850,10:21:06,6.69,0.01,409,273621,买盘
2851,10:21:03,6.68,-0.01,32,21376,卖盘
2852,10:21:00,6.69,--,520,347880,买盘
2853,10:20:57,6.69,0.01,31,20739,买盘
2854,10:20:54,6.68,-0.01,26,17368,卖盘
2855,10:20:51,6.69,--,33,22077,买盘
2856,10:20:48,6.69,--,10,6690,买盘
2857,10:20:42,6.69,--,61,40809,买盘
2858,10:20:39,6.69,0.01,462,309078,买盘
2859,10:20:36,6.68,--,501,334668,卖盘
2860,10:20:33,6.68,-0.01,79,52772,卖盘
2861,10:20:30,6.69,--,2,1338,买盘
2862,10:20:27,6.69,--,131,87639,买盘
2863,10:20:24,6.69,--,16,10704,买盘
2864,10:20:21,6.69,--,1,669,买盘
2865,10:20:18,6.69,--,46,30774,买盘
2866,10:20:15,6.69,0.01,564,377316,买盘
2867,10:20:12,6.68,-0.01,262,175016,卖盘
2868,10:20:09,6.69,0.01,40,26760,买盘
2869,10:20:06,6.68,-0.01,321,214428,卖盘
2870,10:20:03,6.69,--,12,8028,买盘
2871,10:20:00,6.69,0.01,9,6021,买盘
2872,10:19:57,6.68,--,361,241148,卖盘
2873,10:19:54,6.68,-0.01,20,13360,卖盘
2874,10:19:51,6.69,--,42,28098,买盘
2875,10:19:48,6.69,--,11,7359,买盘
2876,10:19:45,6.69,--,2,1338,买盘
2877,10:19:42,6.69,--,33,22077,买盘
2878,10:19:39,6.69,0.01,9,6021,买盘
2879,10:19:36,6.68,-0.01,45,30060,卖盘
2880,10:19:33,6.69,--,71,47499,买盘
2881,10:19:30,6.69,--,14,9366,买盘
2882,10:19:27,6.69,0.01,1,669,买盘
2883,10:19:24,6.68,-0.01,52,34736,卖盘
2884,10:19:21,6.69,--,5,3345,买盘
2885,10:19:18,6.69,--,9,6021,买盘
2886,10:19:12,6.69,--,15,10035,买盘
2887,10:19:09,6.69,0.01,22,14718,买盘
2888,10:19:06,6.68,-0.01,93,62124,卖盘
2889,10:19:03,6.69,--,19,12711,买盘
2890,10:19:00,6.69,0.01,68,45492,买盘
2891,10:18:57,6.68,-0.01,5,3340,卖盘
2892,10:18:54,6.69,0.01,17,11373,买盘
2893,10:18:51,6.68,-0.01,12,8016,卖盘
2894,10:18:48,6.69,--,36,24084,买盘
2895,10:18:45,6.69,--,29,19401,买盘
2896,10:18:42,6.69,--,8,5352,买盘
2897,10:18:39,6.69,--,12,8028,买盘
2898,10:18:36,6.69,--,221,147849,买盘
2899,10:18:33,6.69,--,2,1338,买盘
2900,10:18:30,6.69,--,3,2007,买盘
2901,10:18:27,6.69,--,13,8697,买盘
2902,10:18:24,6.69,--,17,11373,买盘
