,time,price,change,volume,amount,type
0,15:00:03,13.81,-0.01,5001,6906381,卖盘
1,14:57:00,13.82,0.01,113,156166,买盘
2,14:56:57,13.81,--,45,62145,卖盘
3,14:56:54,13.81,--,230,317630,买盘
4,14:56:51,13.81,0.01,247,341107,中性盘
5,14:56:48,13.8,-0.01,156,215280,卖盘
6,14:56:45,13.81,--,113,156563,买盘
7,14:56:42,13.81,--,53,74063,卖盘
8,14:56:39,13.81,-0.01,132,182292,卖盘
9,14:56:36,13.82,0.01,916,1266423,买盘
10,14:56:33,13.81,0.01,35,48335,买盘
11,14:56:30,13.8,-0.01,5,6900,卖盘
12,14:56:27,13.81,--,182,251342,买盘
13,14:56:24,13.81,--,318,439158,卖盘
14,14:56:21,13.81,--,145,200245,卖盘
15,14:56:18,13.81,-0.01,109,150529,卖盘
16,14:56:15,13.82,0.01,476,657832,买盘
17,14:56:12,13.81,-0.01,10,13810,卖盘
18,14:56:09,13.82,0.01,55,76010,买盘
19,14:56:06,13.81,-0.01,51,70431,卖盘
20,14:56:03,13.82,--,68,93976,买盘
21,14:56:00,13.82,--,51,70482,卖盘
22,14:55:57,13.82,--,167,230794,卖盘
23,14:55:54,13.82,0.01,478,660596,买盘
24,14:55:51,13.81,--,156,215436,买盘
25,14:55:48,13.81,-0.01,1263,1744203,卖盘
26,14:55:45,13.82,--,319,440858,买盘
27,14:55:42,13.82,--,92,127144,买盘
28,14:55:39,13.82,--,37,51134,买盘
29,14:55:36,13.82,--,44,60808,买盘
30,14:55:33,13.82,--,10,13820,买盘
31,14:55:30,13.82,--,50,69100,买盘
32,14:55:27,13.82,-0.01,811,1120802,卖盘
33,14:55:24,13.83,0.01,42,58086,买盘
34,14:55:21,13.82,--,84,116088,卖盘
35,14:55:18,13.82,0.01,21,29022,中性盘
36,14:55:15,13.81,-0.01,600,828600,卖盘
37,14:55:12,13.82,-0.01,133,183806,卖盘
38,14:55:09,13.83,0.02,401,554583,买盘
39,14:55:06,13.81,-0.01,97,133957,卖盘
40,14:55:03,13.82,--,217,299894,买盘
41,14:55:00,13.82,--,27,37314,买盘
42,14:54:57,13.82,0.01,62,85684,买盘
43,14:54:54,13.81,--,2,2762,卖盘
44,14:54:51,13.81,--,257,354917,卖盘
45,14:54:48,13.81,--,356,491636,买盘
46,14:54:45,13.81,--,404,557924,卖盘
47,14:54:42,13.81,0.01,135,186435,买盘
48,14:54:39,13.8,-0.01,68,93840,卖盘
49,14:54:36,13.81,--,294,406014,买盘
50,14:54:33,13.81,--,192,265152,卖盘
51,14:54:30,13.81,--,533,736073,卖盘
52,14:54:27,13.81,-0.01,45,62145,卖盘
53,14:54:24,13.82,0.01,118,163076,中性盘
54,14:54:21,13.81,0.01,156,215436,买盘
55,14:54:18,13.8,-0.01,387,534060,卖盘
56,14:54:15,13.81,-0.01,65,89765,卖盘
57,14:54:12,13.82,0.01,92,127144,卖盘
58,14:54:09,13.81,--,154,212674,卖盘
59,14:54:06,13.81,-0.01,209,288629,卖盘
60,14:54:03,13.82,--,134,185188,买盘
61,14:54:00,13.82,--,23,31786,买盘
62,14:53:57,13.82,0.01,59,81538,买盘
63,14:53:54,13.81,--,31,42811,卖盘
64,14:53:51,13.81,--,8,11048,卖盘
65,14:53:48,13.81,--,352,486112,卖盘
66,14:53:45,13.81,--,133,183673,卖盘
67,14:53:42,13.81,-0.01,97,133957,卖盘
68,14:53:39,13.82,0.01,84,116088,买盘
69,14:53:36,13.81,-0.01,37,51097,卖盘
70,14:53:33,13.82,--,58,80156,买盘
71,14:53:30,13.82,0.01,40,55280,买盘
72,14:53:27,13.81,-0.01,34,46954,卖盘
73,14:53:24,13.82,0.01,87,120234,买盘
74,14:53:21,13.81,-0.01,33,45573,卖盘
75,14:53:18,13.82,0.01,223,308186,买盘
76,14:53:12,13.81,-0.01,148,204388,卖盘
77,14:53:09,13.82,--,95,131290,买盘
78,14:53:06,13.82,0.01,36,49752,中性盘
79,14:53:03,13.81,-0.01,255,352155,卖盘
80,14:53:00,13.82,0.01,191,263962,买盘
81,14:52:57,13.81,--,66,91146,卖盘
82,14:52:54,13.81,--,98,135338,卖盘
83,14:52:51,13.81,--,85,117385,卖盘
84,14:52:48,13.81,--,17,23477,卖盘
85,14:52:45,13.81,--,138,190578,卖盘
86,14:52:42,13.81,--,96,132576,卖盘
87,14:52:39,13.81,--,32,44192,卖盘
88,14:52:36,13.81,--,43,60515,买盘
89,14:52:33,13.81,--,210,290010,买盘
90,14:52:30,13.81,0.01,95,131195,买盘
91,14:52:27,13.8,--,161,222180,卖盘
92,14:52:24,13.8,-0.01,70,96600,卖盘
93,14:52:21,13.81,--,154,212674,买盘
94,14:52:18,13.81,--,150,207150,买盘
95,14:52:15,13.81,--,44,60764,买盘
96,14:52:12,13.81,--,127,175387,买盘
97,14:52:09,13.81,-0.01,357,493265,卖盘
98,14:52:06,13.82,--,24,33168,买盘
99,14:52:03,13.82,0.01,69,95358,买盘
100,14:52:00,13.81,--,61,85373,卖盘
101,14:51:57,13.81,0.01,53,73193,卖盘
102,14:51:54,13.8,-0.01,339,467875,卖盘
103,14:51:51,13.81,--,34,46954,买盘
104,14:51:48,13.81,--,83,114623,买盘
105,14:51:45,13.81,--,56,77336,卖盘
106,14:51:42,13.81,-0.01,880,1215280,卖盘
107,14:51:39,13.82,0.01,133,183806,买盘
108,14:51:36,13.81,--,300,414300,卖盘
109,14:51:33,13.81,-0.01,51,70431,卖盘
110,14:51:30,13.82,0.01,31,42842,卖盘
111,14:51:27,13.81,-0.01,75,103575,卖盘
112,14:51:24,13.82,-0.01,47,64954,卖盘
113,14:51:21,13.83,--,1,1383,买盘
114,14:51:18,13.83,--,72,99576,买盘
115,14:51:15,13.83,--,186,257238,卖盘
116,14:51:12,13.83,-0.01,18,24894,中性盘
117,14:51:09,13.84,0.01,555,768120,买盘
118,14:51:06,13.83,-0.01,34,47022,卖盘
119,14:51:03,13.84,--,110,152240,买盘
120,14:51:00,13.84,0.01,12,16608,买盘
121,14:50:57,13.83,--,21,29043,卖盘
122,14:50:54,13.83,--,81,112023,买盘
123,14:50:51,13.83,--,115,159045,买盘
124,14:50:48,13.83,-0.01,115,159045,卖盘
125,14:50:45,13.84,--,31,42904,买盘
126,14:50:42,13.84,0.01,154,213136,买盘
127,14:50:39,13.83,--,18,24894,卖盘
128,14:50:36,13.83,--,6,8298,卖盘
129,14:50:33,13.83,-0.02,50,69150,卖盘
130,14:50:30,13.85,0.02,76,105260,买盘
131,14:50:27,13.83,--,10,13830,卖盘
132,14:50:24,13.83,0.01,15,20745,中性盘
133,14:50:21,13.82,-0.01,2159,2983738,卖盘
134,14:50:18,13.83,0.01,265,366495,中性盘
135,14:50:15,13.82,-0.01,184,254288,卖盘
136,14:50:12,13.83,--,16,22128,买盘
137,14:50:09,13.83,0.01,28,38724,买盘
138,14:50:06,13.82,-0.01,54,74628,卖盘
139,14:50:03,13.83,-0.01,59,81597,中性盘
140,14:50:00,13.84,0.01,82,113488,买盘
141,14:49:57,13.83,-0.01,80,110640,卖盘
142,14:49:54,13.84,0.01,522,722448,买盘
143,14:49:51,13.83,-0.01,41,56703,卖盘
144,14:49:48,13.84,-0.01,8,11072,买盘
145,14:49:45,13.85,--,189,261765,卖盘
146,14:49:42,13.85,--,207,286695,卖盘
147,14:49:39,13.85,0.04,2620,3628700,买盘
148,14:49:36,13.81,-0.03,21,29001,卖盘
149,14:49:33,13.84,0.03,37,51208,买盘
150,14:49:30,13.81,--,41,56621,卖盘
151,14:49:27,13.81,--,105,145005,卖盘
152,14:49:24,13.81,-0.02,68,93908,卖盘
153,14:49:21,13.83,0.03,1017,1406511,买盘
154,14:49:18,13.8,--,36,49680,卖盘
155,14:49:15,13.8,-0.01,40,55200,卖盘
156,14:49:12,13.81,-0.01,97,133957,卖盘
157,14:49:09,13.82,--,59,81538,买盘
158,14:49:06,13.82,0.01,119,164458,买盘
159,14:49:03,13.81,--,153,211293,卖盘
160,14:49:00,13.81,0.01,369,509589,买盘
161,14:48:57,13.8,-0.01,131,180780,卖盘
162,14:48:54,13.81,--,60,82860,买盘
163,14:48:51,13.81,--,39,53859,买盘
164,14:48:48,13.81,0.01,20,27620,买盘
165,14:48:45,13.8,-0.01,43,59340,卖盘
166,14:48:42,13.81,0.01,1013,1398953,买盘
167,14:48:39,13.8,--,187,258060,买盘
168,14:48:36,13.8,--,847,1168860,买盘
169,14:48:33,13.8,0.01,134,184920,买盘
170,14:48:30,13.79,-0.01,17,23443,卖盘
171,14:48:27,13.8,--,102,140760,买盘
172,14:48:24,13.8,--,222,306360,卖盘
173,14:48:21,13.8,0.01,143,197340,中性盘
174,14:48:18,13.79,-0.01,148,204092,卖盘
175,14:48:15,13.8,-0.01,1490,2056200,卖盘
176,14:48:12,13.81,0.01,10,13810,买盘
177,14:48:09,13.8,--,290,400200,卖盘
178,14:48:06,13.8,-0.01,59,81420,卖盘
179,14:48:03,13.81,-0.01,37,51097,买盘
180,14:48:00,13.82,0.01,3068,4239976,买盘
181,14:47:57,13.81,--,68,93908,卖盘
182,14:47:54,13.81,-0.01,25,34525,卖盘
183,14:47:51,13.82,0.01,24,33168,买盘
184,14:47:48,13.81,--,1,1381,卖盘
185,14:47:45,13.81,-0.01,70,96670,卖盘
186,14:47:42,13.82,0.01,42,58044,买盘
187,14:47:39,13.81,-0.01,39,53859,卖盘
188,14:47:36,13.82,--,98,135436,买盘
189,14:47:33,13.82,--,108,149256,买盘
190,14:47:30,13.82,--,29,40078,买盘
191,14:47:27,13.82,0.01,98,135436,买盘
192,14:47:24,13.81,--,505,697405,卖盘
193,14:47:21,13.81,-0.01,194,267914,卖盘
194,14:47:18,13.82,0.01,44,60808,买盘
195,14:47:15,13.81,-0.01,71,98051,卖盘
196,14:47:12,13.82,0.01,196,270872,买盘
197,14:47:09,13.81,--,46,63526,卖盘
198,14:47:06,13.81,-0.01,141,194721,卖盘
199,14:47:03,13.82,0.01,44,60808,买盘
200,14:47:00,13.81,-0.01,7,9667,卖盘
201,14:46:57,13.82,0.01,227,313714,买盘
202,14:46:54,13.81,--,43,59383,卖盘
203,14:46:51,13.81,-0.01,212,292772,卖盘
204,14:46:48,13.82,--,83,114706,卖盘
205,14:46:45,13.82,--,81,111942,卖盘
206,14:46:42,13.82,--,97,134054,卖盘
207,14:46:39,13.82,-0.01,112,154784,卖盘
208,14:46:36,13.83,--,181,250323,买盘
209,14:46:33,13.83,--,34,47022,买盘
210,14:46:30,13.83,0.01,79,109257,买盘
211,14:46:27,13.82,-0.01,34,46988,卖盘
212,14:46:24,13.83,--,8,11064,买盘
213,14:46:21,13.83,-0.01,70,96810,卖盘
214,14:46:18,13.84,0.01,121,167464,买盘
215,14:46:15,13.83,--,20,27660,买盘
216,14:46:12,13.83,--,93,128619,买盘
217,14:46:09,13.83,--,184,254472,买盘
218,14:46:06,13.83,--,22,30426,买盘
219,14:46:03,13.83,0.01,40,55320,买盘
220,14:46:00,13.82,--,15,20730,卖盘
221,14:45:57,13.82,-0.02,34,46988,卖盘
222,14:45:54,13.84,0.02,209,289256,买盘
223,14:45:51,13.82,-0.01,25,34550,卖盘
224,14:45:48,13.83,-0.01,70,96810,卖盘
225,14:45:45,13.84,--,2,2768,买盘
226,14:45:42,13.84,0.01,98,135632,买盘
227,14:45:39,13.83,--,202,279366,卖盘
228,14:45:36,13.83,--,299,413517,卖盘
229,14:45:33,13.83,-0.01,112,154896,卖盘
230,14:45:30,13.84,--,151,208984,买盘
231,14:45:27,13.84,0.01,15,20760,买盘
232,14:45:24,13.83,--,189,261387,卖盘
233,14:45:21,13.83,--,26,35958,卖盘
234,14:45:18,13.83,--,63,87129,卖盘
235,14:45:15,13.83,-0.01,128,177024,卖盘
236,14:45:12,13.84,--,5,6920,买盘
237,14:45:09,13.84,--,34,47056,买盘
238,14:45:06,13.84,0.01,56,77504,买盘
239,14:45:03,13.83,0.01,108,149364,卖盘
240,14:45:00,13.82,--,385,532070,卖盘
241,14:44:57,13.82,--,415,573530,买盘
242,14:44:54,13.82,--,21,29022,买盘
243,14:44:51,13.82,-0.01,46,63572,卖盘
244,14:44:48,13.83,-0.01,56,77448,卖盘
245,14:44:45,13.84,0.01,208,287872,买盘
246,14:44:39,13.83,-0.01,2,2766,卖盘
247,14:44:36,13.84,0.01,470,650480,买盘
248,14:44:33,13.83,0.03,30,41490,买盘
249,14:44:30,13.8,-0.03,105,144900,卖盘
250,14:44:27,13.83,0.02,57,78831,买盘
251,14:44:24,13.81,-0.01,13,17953,卖盘
252,14:44:21,13.82,0.01,591,816762,买盘
253,14:44:18,13.81,--,103,142243,卖盘
254,14:44:12,13.81,0.01,201,277581,买盘
255,14:44:09,13.8,--,20,27600,卖盘
256,14:44:06,13.8,--,10,13800,卖盘
257,14:44:03,13.8,--,443,611340,买盘
258,14:44:00,13.8,--,102,140760,买盘
259,14:43:57,13.8,--,51,70380,买盘
260,14:43:54,13.8,--,118,162840,买盘
261,14:43:51,13.8,--,52,71760,买盘
262,14:43:42,13.8,0.01,15,20700,买盘
263,14:43:36,13.79,--,13,17927,卖盘
264,14:43:33,13.79,--,31,42749,买盘
265,14:43:30,13.79,0.01,177,244082,买盘
266,14:43:27,13.78,-0.01,55,75790,卖盘
267,14:43:24,13.79,--,129,177891,买盘
268,14:43:21,13.79,--,4,5516,买盘
269,14:43:18,13.79,0.01,83,114457,买盘
270,14:43:15,13.78,--,5,6890,卖盘
271,14:43:09,13.78,--,1,1378,卖盘
272,14:43:06,13.78,--,98,135044,卖盘
273,14:43:03,13.78,-0.02,76,104728,卖盘
274,14:43:00,13.8,0.02,1,1380,买盘
275,14:42:54,13.78,--,66,90948,卖盘
276,14:42:48,13.78,--,142,196392,买盘
277,14:42:45,13.78,--,98,135044,买盘
278,14:42:42,13.78,--,158,217724,买盘
279,14:42:39,13.78,0.01,78,107484,买盘
280,14:42:36,13.77,--,129,177633,卖盘
281,14:42:33,13.77,-0.01,211,290547,卖盘
282,14:42:30,13.78,0.01,65,89570,买盘
283,14:42:27,13.77,--,41,56457,卖盘
284,14:42:24,13.77,--,123,169371,卖盘
285,14:42:21,13.77,0.01,242,333234,买盘
286,14:42:18,13.76,-0.01,226,310976,卖盘
287,14:42:15,13.77,--,72,99144,买盘
288,14:42:12,13.77,--,52,71604,买盘
289,14:42:09,13.77,0.01,125,172125,买盘
290,14:42:06,13.76,-0.01,33,45408,卖盘
291,14:42:03,13.77,--,5,6885,买盘
292,14:42:00,13.77,--,168,231336,买盘
293,14:41:57,13.77,-0.01,86,118422,卖盘
294,14:41:54,13.78,--,203,279734,买盘
295,14:41:51,13.78,--,37,50986,买盘
296,14:41:48,13.78,--,22,30316,买盘
297,14:41:45,13.78,--,5,6890,买盘
298,14:41:42,13.78,--,108,148824,买盘
299,14:41:39,13.78,-0.04,3264,4498453,卖盘
300,14:41:36,13.82,-0.01,334,461588,卖盘
301,14:41:33,13.83,--,20,27660,买盘
302,14:41:30,13.83,--,34,47022,买盘
303,14:41:27,13.83,--,109,150747,买盘
304,14:41:24,13.83,--,50,69150,买盘
305,14:41:21,13.83,0.01,10,13830,买盘
306,14:41:18,13.82,--,41,56662,买盘
307,14:41:15,13.82,--,125,172750,买盘
308,14:41:12,13.82,--,18,24876,买盘
309,14:41:09,13.82,-0.02,292,403544,卖盘
310,14:41:06,13.84,0.01,18,24912,买盘
311,14:41:03,13.83,0.01,401,554583,买盘
312,14:41:00,13.82,-0.01,44,60808,卖盘
313,14:40:57,13.83,0.01,80,110640,买盘
314,14:40:54,13.82,--,129,178278,卖盘
315,14:40:51,13.82,--,4,5528,卖盘
316,14:40:48,13.82,-0.01,50,69100,中性盘
317,14:40:45,13.83,0.01,62,85746,买盘
318,14:40:42,13.82,--,32,44224,卖盘
319,14:40:36,13.82,--,10,13820,卖盘
320,14:40:33,13.82,0.01,59,81538,中性盘
321,14:40:30,13.81,-0.01,86,118766,卖盘
322,14:40:27,13.82,-0.01,19,26258,中性盘
323,14:40:24,13.83,0.01,159,219897,买盘
324,14:40:21,13.82,--,60,82920,买盘
325,14:40:18,13.82,--,125,172750,买盘
326,14:40:15,13.82,0.01,85,117470,买盘
327,14:40:12,13.81,0.01,8,11048,中性盘
328,14:40:09,13.8,-0.01,57,78660,卖盘
329,14:40:06,13.81,-0.01,67,92527,卖盘
330,14:40:03,13.82,0.01,106,146492,买盘
331,14:40:00,13.81,--,34,46954,卖盘
332,14:39:57,13.81,--,11,16019,卖盘
333,14:39:54,13.81,--,77,106337,卖盘
334,14:39:51,13.81,0.01,460,635329,买盘
335,14:39:48,13.8,--,49,67620,买盘
336,14:39:45,13.8,--,59,81420,卖盘
337,14:39:42,13.8,--,210,289800,卖盘
338,14:39:39,13.8,--,197,271860,卖盘
339,14:39:36,13.8,-0.01,72,99360,卖盘
340,14:39:33,13.81,0.01,127,175387,买盘
341,14:39:30,13.8,--,169,233220,买盘
342,14:39:27,13.8,--,95,131100,买盘
343,14:39:24,13.8,--,103,142140,买盘
344,14:39:21,13.8,--,69,95220,买盘
345,14:39:18,13.8,--,45,62100,买盘
346,14:39:15,13.8,--,28,38640,买盘
347,14:39:12,13.8,--,11,15180,买盘
348,14:39:09,13.8,--,110,151800,买盘
349,14:39:06,13.8,--,68,95040,买盘
350,14:39:03,13.8,--,45,62100,买盘
351,14:39:00,13.8,--,27,37260,卖盘
352,14:38:57,13.8,--,12,16560,中性盘
353,14:38:54,13.8,-0.01,160,220800,卖盘
354,14:38:51,13.81,--,51,70431,买盘
355,14:38:48,13.81,0.01,22,30382,买盘
356,14:38:45,13.8,--,14,19320,买盘
357,14:38:42,13.8,--,132,182160,买盘
358,14:38:39,13.8,--,32,44160,买盘
359,14:38:36,13.8,-0.01,26,35880,中性盘
360,14:38:33,13.81,--,668,922508,买盘
361,14:38:30,13.81,0.01,155,214055,买盘
362,14:38:27,13.8,--,126,173880,卖盘
363,14:38:24,13.8,--,49,67620,卖盘
364,14:38:21,13.8,--,259,357420,卖盘
365,14:38:18,13.8,0.01,478,659640,买盘
366,14:38:15,13.79,0.02,1000,1379000,买盘
367,14:38:12,13.77,0.01,282,388314,买盘
368,14:38:09,13.76,--,206,283456,卖盘
369,14:38:06,13.76,-0.02,30,41280,卖盘
370,14:38:03,13.78,--,13,17914,买盘
371,14:38:00,13.78,0.02,97,133666,买盘
372,14:37:57,13.76,--,4,5504,买盘
373,14:37:54,13.76,--,57,78432,买盘
374,14:37:51,13.76,--,298,410048,买盘
375,14:37:48,13.76,-0.01,392,539392,卖盘
376,14:37:45,13.77,--,17,23409,买盘
377,14:37:42,13.77,--,56,77112,卖盘
378,14:37:39,13.77,--,58,79866,买盘
379,14:37:36,13.77,--,63,86751,买盘
380,14:37:33,13.77,0.01,77,106029,买盘
381,14:37:27,13.76,-0.01,104,143104,卖盘
382,14:37:24,13.77,0.02,18,24786,买盘
383,14:37:21,13.75,--,78,107250,卖盘
384,14:37:18,13.75,-0.01,60,82500,卖盘
385,14:37:15,13.76,--,51,70176,买盘
386,14:37:12,13.76,0.01,114,156864,买盘
387,14:37:09,13.75,--,11,15125,卖盘
388,14:37:06,13.75,--,130,178750,卖盘
389,14:37:03,13.75,--,360,495000,卖盘
390,14:37:00,13.75,-0.01,11,15125,卖盘
391,14:36:54,13.76,0.01,79,108704,买盘
392,14:36:51,13.75,--,171,235125,买盘
393,14:36:48,13.75,0.01,256,352000,买盘
394,14:36:45,13.74,--,37,50838,卖盘
395,14:36:42,13.74,--,83,114042,卖盘
396,14:36:39,13.74,-0.01,53,72822,卖盘
397,14:36:36,13.75,0.01,43,59125,买盘
398,14:36:33,13.74,--,92,126408,卖盘
399,14:36:30,13.74,--,64,87936,卖盘
400,14:36:27,13.74,-0.01,92,126408,卖盘
401,14:36:24,13.75,--,8,11000,买盘
402,14:36:21,13.75,--,75,103125,买盘
403,14:36:18,13.75,0.01,52,71500,买盘
404,14:36:15,13.74,--,129,177246,卖盘
405,14:36:12,13.74,--,39,53586,卖盘
406,14:36:09,13.74,-0.01,41,56334,卖盘
407,14:36:06,13.75,--,62,85250,买盘
408,14:36:03,13.75,-0.01,35,48125,卖盘
409,14:36:00,13.76,--,495,681120,买盘
410,14:35:57,13.76,--,60,82560,买盘
411,14:35:54,13.76,--,30,41280,买盘
412,14:35:51,13.76,0.01,42,57792,买盘
413,14:35:48,13.75,-0.01,26,35750,卖盘
414,14:35:45,13.76,--,871,1198496,买盘
415,14:35:42,13.76,0.01,159,218784,买盘
416,14:35:39,13.75,-0.01,242,332750,卖盘
417,14:35:36,13.76,--,7,9632,买盘
418,14:35:33,13.76,--,9,12384,买盘
419,14:35:30,13.76,--,328,451328,卖盘
420,14:35:27,13.76,-0.01,142,195392,卖盘
421,14:35:24,13.77,0.01,29,39933,买盘
422,14:35:21,13.76,-0.01,47,64672,卖盘
423,14:35:18,13.77,--,104,143208,买盘
424,14:35:15,13.77,--,33,45441,买盘
425,14:35:12,13.77,-0.01,218,301507,卖盘
426,14:35:09,13.78,--,45,62010,买盘
427,14:35:06,13.78,--,104,143312,买盘
428,14:35:03,13.78,--,87,119886,买盘
429,14:35:00,13.78,--,93,128154,买盘
430,14:34:57,13.78,--,42,57876,买盘
431,14:34:54,13.78,--,139,191542,卖盘
432,14:34:51,13.78,--,21,28938,卖盘
433,14:34:48,13.78,-0.01,51,70278,卖盘
434,14:34:45,13.79,0.01,80,110320,买盘
435,14:34:42,13.78,-0.01,189,260442,卖盘
436,14:34:39,13.79,0.02,53,73087,买盘
437,14:34:36,13.77,-0.01,45,61965,卖盘
438,14:34:33,13.78,--,123,169494,买盘
439,14:34:30,13.78,--,419,577382,买盘
440,14:34:27,13.78,--,200,275600,买盘
441,14:34:24,13.78,--,308,424424,卖盘
442,14:34:21,13.78,--,133,183274,卖盘
443,14:34:18,13.78,--,232,319696,卖盘
444,14:34:15,13.78,-0.01,129,177762,卖盘
445,14:34:12,13.79,0.01,45,62054,买盘
446,14:34:09,13.78,-0.01,36,49608,卖盘
447,14:34:06,13.79,--,34,46886,买盘
448,14:34:03,13.79,0.01,251,346129,买盘
449,14:34:00,13.78,--,42,57876,卖盘
450,14:33:57,13.78,--,57,78601,买盘
451,14:33:54,13.78,--,53,73034,买盘
452,14:33:51,13.78,--,27,37206,买盘
453,14:33:48,13.78,0.02,52,71656,买盘
454,14:33:45,13.76,-0.02,38,52288,卖盘
455,14:33:42,13.78,0.03,80,110240,买盘
456,14:33:39,13.75,-0.01,71,97625,卖盘
457,14:33:36,13.76,--,90,123840,买盘
458,14:33:33,13.76,0.01,22,30272,买盘
459,14:33:30,13.75,0.01,50,68750,买盘
460,14:33:27,13.74,--,90,123660,买盘
461,14:33:24,13.74,0.01,50,68700,买盘
462,14:33:21,13.73,--,35,48055,卖盘
463,14:33:18,13.73,--,83,113959,买盘
464,14:33:15,13.73,--,456,626088,买盘
465,14:33:12,13.73,--,254,348742,买盘
466,14:33:09,13.73,--,137,188101,买盘
467,14:33:06,13.73,0.01,24,32952,买盘
468,14:33:03,13.72,--,87,119364,买盘
469,14:33:00,13.72,--,58,79576,买盘
470,14:32:57,13.72,--,211,289492,买盘
471,14:32:54,13.72,0.01,73,100156,买盘
472,14:32:51,13.71,-0.01,82,112422,卖盘
473,14:32:48,13.72,0.02,90,123809,买盘
474,14:32:45,13.7,-0.01,339,464430,卖盘
475,14:32:42,13.71,0.01,328,449688,买盘
476,14:32:39,13.7,0.01,84,115080,买盘
477,14:32:36,13.69,--,110,150590,卖盘
478,14:32:33,13.69,-0.01,189,258741,卖盘
479,14:32:30,13.7,0.01,540,739800,买盘
480,14:32:27,13.69,0.01,597,817293,买盘
481,14:32:24,13.68,-0.01,27,36936,卖盘
482,14:32:21,13.69,--,358,490102,买盘
483,14:32:18,13.69,--,84,116036,卖盘
484,14:32:15,13.69,--,340,465460,卖盘
485,14:32:12,13.69,--,188,257372,卖盘
486,14:32:09,13.69,-0.01,226,309394,卖盘
487,14:32:06,13.7,0.01,157,215090,买盘
488,14:32:03,13.69,-0.01,88,120472,卖盘
489,14:32:00,13.7,-0.01,192,263040,卖盘
490,14:31:57,13.71,--,146,200166,买盘
491,14:31:54,13.71,--,97,132987,买盘
492,14:31:51,13.71,--,286,392435,卖盘
493,14:31:48,13.71,-0.02,54,74034,卖盘
494,14:31:45,13.73,0.02,3094,4248062,买盘
495,14:31:42,13.71,-0.01,87,119277,卖盘
496,14:31:39,13.72,-0.01,245,336140,中性盘
497,14:31:36,13.73,--,191,262243,买盘
498,14:31:33,13.73,--,248,340504,买盘
499,14:31:30,13.73,--,564,774372,卖盘
500,14:31:27,13.73,--,61,83753,卖盘
501,14:31:24,13.73,--,176,241648,卖盘
502,14:31:21,13.73,--,105,144165,卖盘
503,14:31:18,13.73,-0.01,224,307552,卖盘
504,14:31:15,13.74,--,283,389309,卖盘
505,14:31:12,13.74,-0.01,207,284418,卖盘
506,14:31:09,13.75,--,29,39875,买盘
507,14:31:06,13.75,--,168,231000,卖盘
508,14:31:03,13.75,-0.01,365,501875,卖盘
509,14:31:00,13.76,--,101,138976,买盘
510,14:30:57,13.76,0.01,87,119712,买盘
511,14:30:54,13.75,-0.03,695,955625,卖盘
512,14:30:51,13.78,--,10,13780,买盘
513,14:30:48,13.78,--,12,17858,卖盘
514,14:30:45,13.78,-0.01,488,672519,卖盘
515,14:30:42,13.79,-0.01,188,259251,卖盘
516,14:30:39,13.8,0.01,219,302220,买盘
517,14:30:36,13.79,--,217,299243,卖盘
518,14:30:33,13.79,--,95,131004,卖盘
519,14:30:30,13.79,-0.01,116,159964,卖盘
520,14:30:27,13.8,-0.01,1629,2248020,卖盘
521,14:30:24,13.81,-0.01,574,792694,卖盘
522,14:30:21,13.82,0.02,1006,1390292,买盘
523,14:30:18,13.8,-0.01,719,992220,卖盘
524,14:30:15,13.81,0.01,22,30382,中性盘
525,14:30:12,13.8,-0.01,315,434700,卖盘
526,14:30:09,13.81,-0.01,72,99432,卖盘
527,14:30:06,13.82,0.01,12,16584,买盘
528,14:30:03,13.81,-0.01,101,139481,卖盘
529,14:30:00,13.82,0.01,329,454678,买盘
530,14:29:57,13.81,-0.01,20,27620,卖盘
531,14:29:54,13.82,--,5,6910,买盘
532,14:29:51,13.82,0.01,83,114706,买盘
533,14:29:48,13.81,-0.01,183,252723,卖盘
534,14:29:45,13.82,--,83,114706,买盘
535,14:29:42,13.82,0.01,479,661978,买盘
536,14:29:39,13.81,--,400,552400,卖盘
537,14:29:36,13.81,--,213,294153,卖盘
538,14:29:33,13.81,-0.01,10,13810,卖盘
539,14:29:30,13.82,--,28,38696,买盘
540,14:29:27,13.82,--,5,6910,买盘
541,14:29:24,13.82,--,56,77392,买盘
542,14:29:21,13.82,-0.01,121,167222,卖盘
543,14:29:18,13.83,--,43,59469,买盘
544,14:29:15,13.83,0.01,151,208833,买盘
545,14:29:12,13.82,--,264,364848,卖盘
546,14:29:09,13.82,--,194,268108,卖盘
547,14:29:03,13.82,--,129,178278,卖盘
548,14:29:00,13.82,-0.02,339,468498,卖盘
549,14:28:57,13.84,0.02,3,4152,买盘
550,14:28:54,13.82,-0.01,610,843020,卖盘
551,14:28:51,13.83,--,5,6915,卖盘
552,14:28:48,13.83,--,60,82980,买盘
553,14:28:45,13.83,--,1,1383,买盘
554,14:28:42,13.83,0.01,10,13830,买盘
555,14:28:39,13.82,-0.03,360,497520,卖盘
556,14:28:36,13.85,--,35,48475,买盘
557,14:28:33,13.85,--,2042,2828170,买盘
558,14:28:30,13.85,--,10,13850,买盘
559,14:28:27,13.85,--,35,48475,买盘
560,14:28:24,13.85,--,10,13850,买盘
561,14:28:21,13.85,--,36,49860,买盘
562,14:28:15,13.85,--,26,36010,买盘
563,14:28:12,13.85,-0.01,161,222985,卖盘
564,14:28:09,13.86,--,135,187110,买盘
565,14:28:06,13.86,0.01,62,85932,买盘
566,14:28:03,13.85,-0.01,30,41550,卖盘
567,14:28:00,13.86,0.01,68,94248,买盘
568,14:27:57,13.85,-0.01,5,6925,卖盘
569,14:27:54,13.86,0.01,52,72072,买盘
570,14:27:51,13.85,-0.01,16,22160,卖盘
571,14:27:48,13.86,--,30,41580,买盘
572,14:27:45,13.86,--,50,69300,买盘
573,14:27:42,13.86,--,25,34650,买盘
574,14:27:39,13.86,--,52,72072,买盘
575,14:27:36,13.86,--,83,115038,卖盘
576,14:27:33,13.86,-0.01,300,415800,卖盘
577,14:27:30,13.87,--,3,4161,买盘
578,14:27:27,13.87,0.01,118,163666,买盘
579,14:27:21,13.86,--,10,13860,卖盘
580,14:27:18,13.86,--,61,84546,卖盘
581,14:27:15,13.86,0.02,207,286902,买盘
582,14:27:12,13.84,-0.02,95,131480,卖盘
583,14:27:09,13.86,--,26,36036,买盘
584,14:27:06,13.86,--,28,38808,买盘
585,14:27:03,13.86,0.01,53,73458,买盘
586,14:27:00,13.85,--,103,142655,买盘
587,14:26:57,13.85,--,28,38780,买盘
588,14:26:54,13.85,--,62,85870,买盘
589,14:26:51,13.85,0.01,171,236835,买盘
590,14:26:48,13.84,-0.01,26,35984,卖盘
591,14:26:45,13.85,0.01,23,31855,买盘
592,14:26:42,13.84,--,6,8304,卖盘
593,14:26:39,13.84,-0.01,10,13840,卖盘
594,14:26:33,13.85,--,27,37395,买盘
595,14:26:27,13.85,--,93,128805,卖盘
596,14:26:24,13.85,-0.01,18,24930,卖盘
597,14:26:21,13.86,--,185,256410,买盘
598,14:26:18,13.86,--,44,60984,买盘
599,14:26:15,13.86,--,55,76230,买盘
600,14:26:09,13.86,--,147,203742,买盘
601,14:26:06,13.86,--,32,44352,买盘
602,14:26:03,13.86,--,28,38808,买盘
603,14:26:00,13.86,--,129,178794,买盘
604,14:25:57,13.86,--,131,181566,买盘
605,14:25:54,13.86,--,33,45738,卖盘
606,14:25:51,13.86,-0.01,193,267498,卖盘
607,14:25:48,13.87,0.01,49,67963,中性盘
608,14:25:45,13.86,--,130,180180,卖盘
609,14:25:42,13.86,-0.01,15,20790,卖盘
610,14:25:39,13.87,--,2,2774,买盘
611,14:25:36,13.87,0.01,15,20805,买盘
612,14:25:33,13.86,-0.01,17,23562,卖盘
613,14:25:30,13.87,0.01,13,18031,买盘
614,14:25:27,13.86,-0.01,63,87318,卖盘
615,14:25:24,13.87,--,25,34675,买盘
616,14:25:21,13.87,0.01,7,9709,买盘
617,14:25:18,13.86,--,14,19404,卖盘
618,14:25:12,13.86,--,138,191268,卖盘
619,14:25:09,13.86,-0.01,5,6930,卖盘
620,14:25:06,13.87,--,23,31901,买盘
621,14:25:03,13.87,0.01,99,137313,买盘
622,14:25:00,13.86,--,96,133056,卖盘
623,14:24:57,13.86,--,35,48510,卖盘
624,14:24:54,13.86,-0.01,15,20790,卖盘
625,14:24:51,13.87,0.01,20,27740,买盘
626,14:24:48,13.86,-0.01,11,15246,卖盘
627,14:24:45,13.87,0.01,5,6935,买盘
628,14:24:42,13.86,--,150,207900,卖盘
629,14:24:39,13.86,-0.01,30,41580,卖盘
630,14:24:36,13.87,0.01,138,191406,买盘
631,14:24:33,13.86,--,4,5544,卖盘
632,14:24:30,13.86,-0.02,848,1175328,卖盘
633,14:24:27,13.88,--,20,27760,买盘
634,14:24:24,13.88,--,30,41640,买盘
635,14:24:21,13.88,--,160,223398,卖盘
636,14:24:18,13.88,--,106,147128,卖盘
637,14:24:15,13.88,--,339,470532,卖盘
638,14:24:12,13.88,--,495,687060,卖盘
639,14:24:09,13.88,-0.01,98,136024,卖盘
640,14:24:06,13.89,--,82,113898,买盘
641,14:24:03,13.89,--,10,13890,买盘
642,14:24:00,13.89,--,327,454203,卖盘
643,14:23:57,13.89,-0.01,77,106953,卖盘
644,14:23:54,13.9,0.01,51,70890,买盘
645,14:23:51,13.89,--,36,50004,卖盘
646,14:23:48,13.89,-0.01,70,97230,卖盘
647,14:23:45,13.9,0.01,68,94520,买盘
648,14:23:39,13.89,--,124,172236,卖盘
649,14:23:36,13.89,--,229,319206,买盘
650,14:23:33,13.89,--,30,41670,买盘
651,14:23:30,13.89,--,91,126399,买盘
652,14:23:27,13.89,--,8,11112,买盘
653,14:23:24,13.89,-0.01,318,441965,卖盘
654,14:23:21,13.9,--,131,182090,买盘
655,14:23:18,13.9,0.01,33,45870,买盘
656,14:23:15,13.89,-0.02,13,18057,卖盘
657,14:23:12,13.91,0.01,195,271245,买盘
658,14:23:09,13.9,--,5,6950,卖盘
659,14:23:06,13.9,--,50,69500,卖盘
660,14:23:03,13.9,--,25,34750,买盘
661,14:23:00,13.9,0.01,67,93130,买盘
662,14:22:57,13.89,-0.01,123,170847,卖盘
663,14:22:54,13.9,--,10,13900,买盘
664,14:22:51,13.9,0.01,57,79230,买盘
665,14:22:48,13.89,-0.01,68,94452,卖盘
666,14:22:45,13.9,--,35,48650,卖盘
667,14:22:42,13.9,0.01,1,1390,卖盘
668,14:22:39,13.89,-0.02,166,230574,卖盘
669,14:22:36,13.91,0.01,18,26164,买盘
670,14:22:33,13.9,--,236,328040,买盘
671,14:22:30,13.9,0.01,184,255760,买盘
672,14:22:27,13.89,-0.01,20,27780,卖盘
673,14:22:24,13.9,--,33,45870,买盘
674,14:22:21,13.9,--,138,191820,买盘
675,14:22:18,13.9,--,240,333600,买盘
676,14:22:12,13.9,--,106,147340,买盘
677,14:22:09,13.9,0.01,5,6950,买盘
678,14:22:06,13.89,-0.01,51,70839,卖盘
679,14:22:03,13.9,0.01,63,87570,买盘
680,14:22:00,13.89,0.01,103,143067,买盘
681,14:21:57,13.88,-0.01,129,179052,卖盘
682,14:21:54,13.89,--,317,440646,买盘
683,14:21:51,13.89,0.01,49,68061,买盘
684,14:21:48,13.88,--,15,20820,卖盘
685,14:21:42,13.88,--,44,61072,卖盘
686,14:21:39,13.88,--,19,26372,买盘
687,14:21:36,13.88,--,14,19432,买盘
688,14:21:33,13.88,--,41,56908,买盘
689,14:21:30,13.88,0.01,50,69400,买盘
690,14:21:27,13.87,-0.01,22,30514,卖盘
691,14:21:24,13.88,0.01,50,69400,买盘
692,14:21:21,13.87,--,76,105412,买盘
693,14:21:18,13.87,--,284,393908,买盘
694,14:21:15,13.87,0.01,147,203889,买盘
695,14:21:12,13.86,-0.01,65,90090,卖盘
696,14:21:09,13.87,0.01,26,36062,买盘
697,14:21:06,13.86,0.01,277,383922,买盘
698,14:21:03,13.85,-0.01,40,55400,卖盘
699,14:21:00,13.86,0.01,39,54054,买盘
700,14:20:57,13.85,--,136,188360,卖盘
701,14:20:54,13.85,--,131,182543,买盘
702,14:20:51,13.85,--,18,24930,买盘
703,14:20:48,13.85,--,42,58170,买盘
704,14:20:45,13.85,--,12,16620,买盘
705,14:20:42,13.85,--,109,150965,买盘
706,14:20:39,13.85,--,9,12742,卖盘
707,14:20:36,13.85,0.01,190,264258,买盘
708,14:20:33,13.84,-0.01,127,175768,卖盘
709,14:20:30,13.85,0.01,121,167585,买盘
710,14:20:27,13.84,--,12,16608,卖盘
711,14:20:24,13.84,0.01,105,145320,买盘
712,14:20:21,13.83,-0.01,396,547668,卖盘
713,14:20:15,13.84,--,142,196528,买盘
714,14:20:12,13.84,--,74,102416,买盘
715,14:20:09,13.84,--,17,23528,买盘
716,14:20:06,13.84,--,24,33216,买盘
717,14:20:03,13.84,--,111,153624,卖盘
718,14:20:00,13.84,--,6,8304,卖盘
719,14:19:57,13.84,0.01,9,12456,中性盘
720,14:19:54,13.83,-0.01,132,182556,卖盘
721,14:19:51,13.84,--,101,139784,买盘
722,14:19:48,13.84,--,51,70584,买盘
723,14:19:45,13.84,0.01,239,330776,买盘
724,14:19:42,13.83,-0.01,146,201918,卖盘
725,14:19:39,13.84,--,7,9688,买盘
726,14:19:36,13.84,--,13,17992,买盘
727,14:19:33,13.84,0.01,33,45672,买盘
728,14:19:30,13.83,--,70,96810,卖盘
729,14:19:27,13.83,--,80,110640,卖盘
730,14:19:24,13.83,--,12,16596,卖盘
731,14:19:21,13.83,--,18,24894,卖盘
732,14:19:18,13.83,0.01,41,56703,中性盘
733,14:19:15,13.82,-0.01,104,143728,卖盘
734,14:19:12,13.83,--,151,208833,买盘
735,14:19:09,13.83,0.01,63,87129,买盘
736,14:19:06,13.82,-0.01,35,48370,卖盘
737,14:19:03,13.83,-0.01,80,110640,卖盘
738,14:19:00,13.84,--,213,294792,卖盘
739,14:18:57,13.84,--,10,13840,卖盘
740,14:18:54,13.84,--,636,880224,买盘
741,14:18:51,13.84,-0.01,244,337696,买盘
742,14:18:48,13.85,0.01,35,48475,买盘
743,14:18:45,13.84,-0.01,99,137016,卖盘
744,14:18:42,13.85,0.01,89,123265,买盘
745,14:18:39,13.84,-0.01,92,127328,卖盘
746,14:18:36,13.85,--,15,20775,买盘
747,14:18:33,13.85,0.01,82,113570,买盘
748,14:18:30,13.84,-0.01,10,13840,卖盘
749,14:18:27,13.85,--,201,278385,买盘
750,14:18:24,13.85,-0.01,111,153735,卖盘
751,14:18:21,13.86,--,39,54054,卖盘
752,14:18:18,13.86,--,58,80388,卖盘
753,14:18:15,13.86,0.01,210,291060,买盘
754,14:18:12,13.85,-0.02,379,524915,卖盘
755,14:18:09,13.87,0.02,364,504868,买盘
756,14:18:06,13.85,-0.01,42,58170,卖盘
757,14:18:03,13.86,--,1,1386,买盘
758,14:18:00,13.86,-0.02,384,532224,卖盘
759,14:17:57,13.88,--,114,158232,买盘
760,14:17:54,13.88,0.01,1,1388,买盘
761,14:17:51,13.87,-0.01,24,33288,卖盘
762,14:17:45,13.88,0.01,77,106876,买盘
763,14:17:42,13.87,--,160,221920,买盘
764,14:17:39,13.87,0.02,39,54093,买盘
765,14:17:36,13.85,-0.01,46,63710,卖盘
766,14:17:33,13.86,0.01,87,120582,中性盘
767,14:17:30,13.85,-0.01,40,55400,卖盘
768,14:17:27,13.86,--,264,365904,买盘
769,14:17:24,13.86,--,49,67914,买盘
770,14:17:21,13.86,--,170,235620,买盘
771,14:17:18,13.86,0.01,35,48510,买盘
772,14:17:15,13.85,--,41,56785,卖盘
773,14:17:12,13.85,--,233,322705,买盘
774,14:17:09,13.85,--,46,63710,买盘
775,14:17:06,13.85,0.01,13,18005,买盘
776,14:17:03,13.84,--,19,26296,卖盘
777,14:17:00,13.84,0.01,82,113488,买盘
778,14:16:57,13.83,-0.01,92,127236,卖盘
779,14:16:54,13.84,--,31,42904,买盘
780,14:16:51,13.84,0.01,81,112104,买盘
781,14:16:48,13.83,--,63,87129,卖盘
782,14:16:45,13.83,0.01,16,22128,卖盘
783,14:16:42,13.82,-0.01,90,124380,卖盘
784,14:16:39,13.83,--,157,217131,买盘
785,14:16:36,13.83,--,20,27660,买盘
786,14:16:33,13.83,0.02,279,385857,中性盘
787,14:16:30,13.81,-0.02,254,350774,卖盘
788,14:16:27,13.83,0.01,27,37894,买盘
789,14:16:24,13.82,--,336,464352,卖盘
790,14:16:21,13.82,--,70,96740,卖盘
791,14:16:18,13.82,0.01,359,496967,卖盘
792,14:16:15,13.81,--,20,27620,卖盘
793,14:16:12,13.81,-0.01,165,227865,卖盘
794,14:16:09,13.82,--,500,691000,买盘
795,14:16:06,13.82,--,81,111942,买盘
796,14:16:03,13.82,--,109,150638,买盘
797,14:16:00,13.82,--,63,87066,买盘
798,14:15:57,13.82,--,61,84302,卖盘
799,14:15:54,13.82,--,150,207300,卖盘
800,14:15:51,13.82,-0.01,818,1131305,卖盘
801,14:15:48,13.83,-0.01,50,69150,卖盘
802,14:15:45,13.84,--,515,712760,卖盘
803,14:15:42,13.84,0.01,223,308632,中性盘
804,14:15:39,13.83,-0.01,90,124470,卖盘
805,14:15:36,13.84,--,102,141168,卖盘
806,14:15:33,13.84,--,288,398592,卖盘
807,14:15:30,13.84,-0.01,71,98264,卖盘
808,14:15:27,13.85,--,15,20775,买盘
809,14:15:24,13.85,--,59,81715,买盘
810,14:15:21,13.85,--,405,560925,卖盘
811,14:15:18,13.85,--,257,355945,卖盘
812,14:15:15,13.85,--,95,131575,卖盘
813,14:15:12,13.85,-0.01,116,160660,卖盘
814,14:15:09,13.86,--,115,159390,买盘
815,14:15:06,13.86,--,48,66528,买盘
816,14:15:03,13.86,-0.01,469,650034,卖盘
817,14:15:00,13.87,--,59,81833,卖盘
818,14:14:57,13.87,--,23,31901,卖盘
819,14:14:54,13.87,-0.01,10,13870,卖盘
820,14:14:51,13.88,0.02,243,337284,买盘
821,14:14:48,13.86,-0.02,109,151074,卖盘
822,14:14:45,13.88,0.01,123,170724,买盘
823,14:14:42,13.87,-0.01,74,102638,卖盘
824,14:14:39,13.88,--,74,102712,买盘
825,14:14:36,13.88,--,121,167948,卖盘
826,14:14:33,13.88,--,89,123532,卖盘
827,14:14:30,13.88,-0.01,330,458040,卖盘
828,14:14:27,13.89,0.01,84,116676,买盘
829,14:14:24,13.88,--,44,61072,卖盘
830,14:14:21,13.88,-0.01,10,13880,卖盘
831,14:14:18,13.89,0.01,177,245853,买盘
832,14:14:15,13.88,--,96,133248,卖盘
833,14:14:12,13.88,-0.01,40,55520,卖盘
834,14:14:09,13.89,--,416,577824,买盘
835,14:14:06,13.89,--,4,5556,买盘
836,14:14:03,13.89,-0.01,300,416700,卖盘
837,14:14:00,13.9,--,80,111200,买盘
838,14:13:57,13.9,-0.01,576,800904,卖盘
839,14:13:54,13.91,--,61,84851,买盘
840,14:13:51,13.91,0.01,10,13910,买盘
841,14:13:48,13.9,--,12,16680,卖盘
842,14:13:45,13.9,-0.01,98,136220,卖盘
843,14:13:42,13.91,--,232,322712,卖盘
844,14:13:39,13.91,--,45,62595,卖盘
845,14:13:36,13.91,--,7,9737,卖盘
846,14:13:33,13.91,-0.01,130,180830,卖盘
847,14:13:30,13.92,--,116,161472,卖盘
848,14:13:27,13.92,--,72,100224,卖盘
849,14:13:24,13.92,-0.01,307,427344,卖盘
850,14:13:21,13.93,--,26,36218,买盘
851,14:13:18,13.93,0.01,46,64078,买盘
852,14:13:15,13.92,-0.01,10,13920,卖盘
853,14:13:12,13.93,0.01,2,2786,买盘
854,14:13:09,13.92,--,11,15312,卖盘
855,14:13:06,13.92,-0.01,6,8352,卖盘
856,14:13:03,13.93,--,20,27860,买盘
857,14:13:00,13.93,--,10,13930,买盘
858,14:12:57,13.93,--,53,73829,卖盘
859,14:12:54,13.93,--,10,13930,卖盘
860,14:12:51,13.93,--,59,82187,卖盘
861,14:12:48,13.93,--,9,12537,卖盘
862,14:12:45,13.93,--,20,27860,卖盘
863,14:12:42,13.93,--,300,417900,卖盘
864,14:12:39,13.93,-0.01,86,119798,卖盘
865,14:12:36,13.94,--,33,46002,买盘
866,14:12:33,13.94,--,28,39032,买盘
867,14:12:30,13.94,0.01,63,87822,买盘
868,14:12:27,13.93,-0.01,5,6965,卖盘
869,14:12:24,13.94,--,65,90610,买盘
870,14:12:21,13.94,--,38,52972,买盘
871,14:12:18,13.94,--,35,49347,卖盘
872,14:12:15,13.94,--,20,27880,卖盘
873,14:12:12,13.94,--,71,99810,买盘
874,14:12:09,13.94,--,18,25092,买盘
875,14:12:06,13.94,--,10,13940,买盘
876,14:12:03,13.94,--,30,41820,买盘
877,14:11:57,13.94,--,36,50184,买盘
878,14:11:54,13.94,--,57,79736,卖盘
879,14:11:51,13.94,--,10,13940,卖盘
880,14:11:48,13.94,-0.01,29,41541,卖盘
881,14:11:42,13.95,0.02,135,188325,买盘
882,14:11:39,13.93,-0.01,159,221487,卖盘
883,14:11:36,13.94,-0.01,16,22304,卖盘
884,14:11:33,13.95,--,29,40455,买盘
885,14:11:27,13.95,0.01,21,29295,买盘
886,14:11:24,13.94,--,84,117096,卖盘
887,14:11:21,13.94,-0.01,14,19516,卖盘
888,14:11:18,13.95,0.01,76,106020,买盘
889,14:11:15,13.94,-0.01,185,257890,中性盘
890,14:11:12,13.95,--,390,544050,买盘
891,14:11:09,13.95,0.01,32,44640,买盘
892,14:11:06,13.94,--,79,110126,买盘
893,14:11:03,13.94,--,45,62730,买盘
894,14:11:00,13.94,--,29,40426,买盘
895,14:10:57,13.94,--,20,27880,买盘
896,14:10:54,13.94,-0.01,88,122672,卖盘
897,14:10:51,13.95,--,46,64170,买盘
898,14:10:48,13.95,0.01,24,33480,买盘
899,14:10:45,13.94,--,15,20910,卖盘
900,14:10:42,13.94,--,32,44608,卖盘
901,14:10:39,13.94,--,46,64124,卖盘
902,14:10:36,13.94,--,37,51578,卖盘
903,14:10:33,13.94,--,1,1394,卖盘
904,14:10:30,13.94,--,145,202130,卖盘
905,14:10:27,13.94,--,10,13940,卖盘
906,14:10:24,13.94,0.01,12,16728,中性盘
907,14:10:21,13.93,-0.02,73,101689,卖盘
908,14:10:18,13.95,0.02,13,18135,买盘
909,14:10:15,13.93,--,92,128156,卖盘
910,14:10:12,13.93,-0.01,24,33432,卖盘
911,14:10:09,13.94,0.01,125,174250,买盘
912,14:10:06,13.93,-0.01,6,8358,卖盘
913,14:10:03,13.94,--,3,4182,买盘
914,14:10:00,13.94,--,10,13940,买盘
915,14:09:54,13.94,0.01,19,26486,买盘
916,14:09:51,13.93,-0.01,31,43183,卖盘
917,14:09:48,13.94,--,10,13940,买盘
918,14:09:42,13.94,--,183,255102,卖盘
919,14:09:39,13.94,--,49,68306,卖盘
920,14:09:30,13.94,-0.02,276,384744,卖盘
921,14:09:27,13.96,--,4,5584,卖盘
922,14:09:24,13.96,-0.01,10,13960,卖盘
923,14:09:21,13.97,--,109,152273,买盘
924,14:09:12,13.97,--,526,734822,卖盘
925,14:09:06,13.97,-0.01,1,1397,卖盘
926,14:09:03,13.98,-0.01,100,139800,卖盘
927,14:09:00,13.99,--,146,204254,买盘
928,14:08:57,13.99,--,267,373533,买盘
929,14:08:54,13.99,--,21,29379,买盘
930,14:08:51,13.99,--,231,323169,买盘
931,14:08:48,13.99,--,223,311977,买盘
932,14:08:45,13.99,0.01,88,123112,买盘
933,14:08:42,13.98,--,101,141198,卖盘
934,14:08:39,13.98,-0.01,74,103452,卖盘
935,14:08:36,13.99,--,60,83940,买盘
936,14:08:33,13.99,--,15,20985,买盘
937,14:08:30,13.99,--,116,162284,买盘
938,14:08:27,13.99,--,104,145496,买盘
939,14:08:24,13.99,--,48,67152,买盘
940,14:08:21,13.99,--,155,216845,买盘
941,14:08:18,13.99,--,137,191663,买盘
942,14:08:15,13.99,0.01,26,36374,买盘
943,14:08:12,13.98,-0.01,75,104850,卖盘
944,14:08:09,13.99,--,35,48965,买盘
945,14:08:06,13.99,--,127,177673,买盘
946,14:08:03,13.99,0.01,19,26581,买盘
947,14:08:00,13.98,-0.01,143,199914,卖盘
948,14:07:57,13.99,0.01,21,29379,买盘
949,14:07:54,13.98,-0.01,13,18174,卖盘
950,14:07:51,13.99,--,117,163683,买盘
951,14:07:48,13.99,0.03,517,723283,买盘
952,14:07:45,13.96,--,16,22336,卖盘
953,14:07:42,13.96,--,218,304328,卖盘
954,14:07:39,13.96,--,95,132620,卖盘
955,14:07:36,13.96,--,1035,1444860,买盘
956,14:07:33,13.96,--,10,13960,买盘
957,14:07:30,13.96,--,232,323872,买盘
958,14:07:27,13.96,--,43,60028,卖盘
959,14:07:24,13.96,--,21,29316,卖盘
960,14:07:21,13.96,--,213,297348,买盘
961,14:07:18,13.96,--,69,96324,买盘
962,14:07:15,13.96,--,60,83760,买盘
963,14:07:09,13.96,0.01,29,40484,买盘
964,14:07:06,13.95,--,21,29295,卖盘
965,14:07:03,13.95,0.01,339,472905,买盘
966,14:07:00,13.94,-0.01,5,6970,卖盘
967,14:06:57,13.95,0.01,340,474300,买盘
968,14:06:54,13.94,-0.01,20,27880,卖盘
969,14:06:51,13.95,0.01,9,12555,买盘
970,14:06:48,13.94,0.01,176,245344,买盘
971,14:06:45,13.93,--,77,107261,卖盘
972,14:06:42,13.93,--,108,150444,卖盘
973,14:06:39,13.93,--,50,69650,卖盘
974,14:06:36,13.93,--,5,6965,卖盘
975,14:06:33,13.93,--,6,8358,卖盘
976,14:06:30,13.93,--,14,19502,卖盘
977,14:06:27,13.93,0.02,605,842765,买盘
978,14:06:24,13.91,-0.01,99,137709,卖盘
979,14:06:21,13.92,--,10,13920,买盘
980,14:06:18,13.92,--,35,48720,买盘
981,14:06:15,13.92,--,74,103008,买盘
982,14:06:12,13.92,--,27,37584,买盘
983,14:06:09,13.92,0.01,413,574896,买盘
984,14:06:06,13.91,--,42,58422,卖盘
985,14:06:03,13.91,--,101,140491,卖盘
986,14:06:00,13.91,0.01,26,36166,卖盘
987,14:05:57,13.9,-0.01,150,208500,卖盘
988,14:05:51,13.91,--,90,125190,卖盘
989,14:05:48,13.91,-0.01,10,13910,卖盘
990,14:05:45,13.92,0.02,42,58464,买盘
991,14:05:42,13.9,--,24,33360,卖盘
992,14:05:39,13.9,-0.01,84,117885,卖盘
993,14:05:36,13.91,--,186,258726,买盘
994,14:05:33,13.91,0.01,1,1391,买盘
995,14:05:30,13.9,--,23,31970,卖盘
996,14:05:27,13.9,-0.01,120,166800,卖盘
997,14:05:24,13.91,0.02,44,61204,买盘
998,14:05:21,13.89,-0.01,575,798675,卖盘
999,14:05:18,13.9,0.01,144,200160,买盘
1000,14:05:15,13.89,-0.01,146,202794,卖盘
1001,14:05:12,13.9,0.01,3,4170,买盘
1002,14:05:09,13.89,--,29,40281,卖盘
1003,14:05:06,13.89,--,12,16668,卖盘
1004,14:05:03,13.89,--,119,166402,买盘
1005,14:05:00,13.89,--,164,228073,卖盘
1006,14:04:57,13.89,-0.01,100,138900,卖盘
1007,14:04:54,13.9,0.01,37,51430,买盘
1008,14:04:51,13.89,-0.01,149,206961,卖盘
1009,14:04:48,13.9,0.01,358,498732,买盘
1010,14:04:45,13.89,--,186,258631,卖盘
1011,14:04:42,13.89,--,107,148623,卖盘
1012,14:04:39,13.89,--,86,119454,卖盘
1013,14:04:36,13.89,--,78,108342,卖盘
1014,14:04:33,13.89,-0.01,108,150012,卖盘
1015,14:04:30,13.9,0.01,69,95910,买盘
1016,14:04:27,13.89,-0.01,60,83340,卖盘
1017,14:04:24,13.9,0.01,7,9730,买盘
1018,14:04:21,13.89,--,37,51393,卖盘
1019,14:04:18,13.89,--,74,102786,卖盘
1020,14:04:15,13.89,--,143,199738,卖盘
1021,14:04:12,13.89,--,3,4167,卖盘
1022,14:04:09,13.89,-0.01,20,27780,卖盘
1023,14:04:06,13.9,--,3,4170,买盘
1024,14:04:03,13.9,--,50,69500,买盘
1025,14:03:57,13.9,--,122,170692,卖盘
1026,14:03:54,13.9,--,123,171248,卖盘
1027,14:03:51,13.9,--,493,685270,卖盘
1028,14:03:48,13.9,--,515,715850,卖盘
1029,14:03:45,13.9,--,20,27800,卖盘
1030,14:03:42,13.9,--,306,425340,卖盘
1031,14:03:39,13.9,-0.01,101,140390,卖盘
1032,14:03:36,13.91,0.01,115,159965,买盘
1033,14:03:33,13.9,--,268,372520,卖盘
1034,14:03:30,13.9,--,121,168190,卖盘
1035,14:03:27,13.9,-0.01,49,68110,卖盘
1036,14:03:24,13.91,--,28,38948,买盘
1037,14:03:21,13.91,--,155,215605,买盘
1038,14:03:18,13.91,0.01,15,20865,买盘
1039,14:03:15,13.9,-0.01,46,63940,卖盘
1040,14:03:12,13.91,--,397,553339,卖盘
1041,14:03:09,13.91,--,329,457639,卖盘
1042,14:03:06,13.91,--,118,164138,卖盘
1043,14:03:03,13.91,--,188,261786,买盘
1044,14:03:00,13.91,--,32,45624,卖盘
1045,14:02:57,13.91,-0.01,47,65377,卖盘
1046,14:02:54,13.92,0.01,133,185136,买盘
1047,14:02:51,13.91,-0.01,32,44512,卖盘
1048,14:02:48,13.92,0.01,268,373056,买盘
1049,14:02:45,13.91,--,14,19752,卖盘
1050,14:02:42,13.91,--,264,367224,卖盘
1051,14:02:39,13.91,--,141,196131,卖盘
1052,14:02:36,13.91,--,251,349141,卖盘
1053,14:02:33,13.91,-0.01,50,69550,卖盘
1054,14:02:30,13.92,0.01,10,13920,买盘
1055,14:02:27,13.91,--,18,25038,卖盘
1056,14:02:24,13.91,-0.01,415,577265,卖盘
1057,14:02:21,13.92,0.01,17,23664,买盘
1058,14:02:18,13.91,--,39,54249,卖盘
1059,14:02:15,13.91,-0.01,32,44512,卖盘
1060,14:02:12,13.92,--,5,6960,买盘
1061,14:02:09,13.92,--,12,16704,买盘
1062,14:02:06,13.92,-0.01,175,243878,卖盘
1063,14:02:03,13.93,0.01,147,204771,买盘
1064,14:02:00,13.92,--,13,18096,卖盘
1065,14:01:57,13.92,--,325,452400,卖盘
1066,14:01:54,13.92,--,28,38976,卖盘
1067,14:01:51,13.92,-0.01,12,16704,卖盘
1068,14:01:48,13.93,0.01,11,15323,买盘
1069,14:01:45,13.92,--,26,36192,卖盘
1070,14:01:42,13.92,-0.01,642,894777,卖盘
1071,14:01:39,13.93,--,80,111440,卖盘
1072,14:01:36,13.93,0.01,580,807940,买盘
1073,14:01:33,13.92,--,153,212976,卖盘
1074,14:01:30,13.92,--,68,94656,卖盘
1075,14:01:27,13.92,--,45,62640,卖盘
1076,14:01:24,13.92,--,20,27840,卖盘
1077,14:01:21,13.92,-0.01,12,16704,卖盘
1078,14:01:18,13.93,--,124,172732,买盘
1079,14:01:15,13.93,0.01,28,39004,买盘
1080,14:01:12,13.92,-0.01,29,40368,卖盘
1081,14:01:09,13.93,--,56,78008,卖盘
1082,14:01:06,13.93,--,57,79401,卖盘
1083,14:01:03,13.93,--,1,1393,卖盘
1084,14:01:00,13.93,-0.01,39,54327,卖盘
1085,14:00:57,13.94,0.01,344,479536,买盘
1086,14:00:54,13.93,--,6,8358,卖盘
1087,14:00:51,13.93,0.01,33,45969,卖盘
1088,14:00:48,13.92,-0.01,120,167040,卖盘
1089,14:00:45,13.93,-0.01,24,33432,卖盘
1090,14:00:42,13.94,0.01,80,111520,买盘
1091,14:00:39,13.93,-0.01,83,115619,卖盘
1092,14:00:36,13.94,0.01,121,168674,买盘
1093,14:00:33,13.93,--,49,68257,卖盘
1094,14:00:30,13.93,--,178,247954,卖盘
1095,14:00:27,13.93,--,29,40397,卖盘
1096,14:00:24,13.93,-0.01,10,13930,卖盘
1097,14:00:21,13.94,0.01,31,43214,买盘
1098,14:00:18,13.93,-0.01,118,164374,卖盘
1099,14:00:15,13.94,--,60,83640,买盘
1100,14:00:12,13.94,0.01,80,111520,买盘
1101,14:00:09,13.93,-0.01,39,54327,卖盘
1102,14:00:06,13.94,--,50,69700,买盘
1103,14:00:03,13.94,--,6,8364,买盘
1104,14:00:00,13.94,0.01,46,64124,买盘
1105,13:59:54,13.93,-0.02,100,139300,卖盘
1106,13:59:45,13.95,0.01,189,263655,买盘
1107,13:59:39,13.94,--,63,87822,卖盘
1108,13:59:36,13.94,--,27,37638,卖盘
1109,13:59:33,13.94,0.01,44,61336,买盘
1110,13:59:30,13.93,--,65,90545,卖盘
1111,13:59:24,13.93,-0.01,17,23681,卖盘
1112,13:59:21,13.94,--,8,11152,买盘
1113,13:59:15,13.94,0.01,60,83640,买盘
1114,13:59:12,13.93,--,9,12537,卖盘
1115,13:59:09,13.93,-0.01,98,136514,卖盘
1116,13:59:03,13.94,0.01,26,36244,买盘
1117,13:59:00,13.93,--,46,64078,买盘
1118,13:58:57,13.93,--,16,22288,买盘
1119,13:58:51,13.93,0.01,14,19502,买盘
1120,13:58:48,13.92,-0.02,23,32016,卖盘
1121,13:58:42,13.94,0.03,56,78064,买盘
1122,13:58:39,13.91,-0.03,88,122408,卖盘
1123,13:58:36,13.94,0.02,23,32062,买盘
1124,13:58:33,13.92,-0.02,81,112752,卖盘
1125,13:58:30,13.94,0.02,49,68306,买盘
1126,13:58:27,13.92,--,73,101616,卖盘
1127,13:58:21,13.92,0.01,5,6960,卖盘
1128,13:58:18,13.91,--,305,424255,卖盘
1129,13:58:15,13.91,-0.01,100,139100,卖盘
1130,13:58:12,13.92,--,288,400896,买盘
1131,13:58:06,13.92,--,130,180960,买盘
1132,13:58:00,13.92,--,6,8352,买盘
1133,13:57:57,13.92,--,87,121104,买盘
1134,13:57:54,13.92,--,36,50112,买盘
1135,13:57:51,13.92,--,12,16704,买盘
1136,13:57:45,13.92,--,5,6960,买盘
1137,13:57:42,13.92,--,58,80736,卖盘
1138,13:57:39,13.92,-0.01,269,374448,卖盘
1139,13:57:36,13.93,--,189,263277,买盘
1140,13:57:33,13.93,0.01,19,26467,买盘
1141,13:57:30,13.92,--,119,165648,卖盘
1142,13:57:27,13.92,-0.01,8,11136,卖盘
1143,13:57:24,13.93,-0.01,10,13930,卖盘
1144,13:57:21,13.94,0.01,50,69700,买盘
1145,13:57:18,13.93,--,269,374717,卖盘
1146,13:57:15,13.93,--,1,1393,卖盘
1147,13:57:09,13.93,--,21,29253,买盘
1148,13:57:06,13.93,--,4,5572,买盘
1149,13:57:03,13.93,--,237,330141,卖盘
1150,13:57:00,13.93,-0.02,43,59899,卖盘
1151,13:56:57,13.95,0.02,24,33480,买盘
1152,13:56:54,13.93,-0.01,382,532126,卖盘
1153,13:56:48,13.94,--,23,32062,卖盘
1154,13:56:45,13.94,--,8,11152,买盘
1155,13:56:42,13.94,0.01,1,1394,买盘
1156,13:56:39,13.93,--,65,90545,卖盘
1157,13:56:36,13.93,-0.01,177,246561,卖盘
1158,13:56:33,13.94,--,26,36244,买盘
1159,13:56:24,13.94,-0.01,25,34850,买盘
1160,13:56:21,13.95,0.03,1,1395,买盘
1161,13:56:18,13.92,-0.02,300,417600,卖盘
1162,13:56:15,13.94,0.01,46,64124,中性盘
1163,13:56:12,13.93,-0.02,134,186662,卖盘
1164,13:56:06,13.95,--,36,50220,买盘
1165,13:56:03,13.95,--,347,484065,卖盘
1166,13:56:00,13.95,-0.01,53,73935,卖盘
1167,13:55:57,13.96,0.01,11,15356,买盘
1168,13:55:54,13.95,-0.01,32,44640,卖盘
1169,13:55:51,13.96,0.01,18,25128,买盘
1170,13:55:48,13.95,--,200,279000,卖盘
1171,13:55:45,13.95,-0.01,21,29295,卖盘
1172,13:55:42,13.96,0.01,13,18148,买盘
1173,13:55:39,13.95,-0.01,249,347355,卖盘
1174,13:55:36,13.96,--,21,29316,买盘
1175,13:55:33,13.96,0.01,5,6980,买盘
1176,13:55:30,13.95,0.03,11,15345,卖盘
1177,13:55:27,13.92,-0.04,2005,2790960,卖盘
1178,13:55:24,13.96,--,1,1396,买盘
1179,13:55:21,13.96,0.01,33,46068,买盘
1180,13:55:15,13.95,--,59,82305,买盘
1181,13:55:12,13.95,--,9,12555,买盘
1182,13:55:09,13.95,--,27,37665,买盘
1183,13:55:06,13.95,--,7,9765,买盘
1184,13:55:03,13.95,--,50,69750,卖盘
1185,13:55:00,13.95,--,38,53010,卖盘
1186,13:54:57,13.95,--,34,47430,卖盘
1187,13:54:54,13.95,--,14,19530,卖盘
1188,13:54:51,13.95,-0.01,10,13950,卖盘
1189,13:54:48,13.96,--,13,18148,买盘
1190,13:54:45,13.96,0.01,4,5584,买盘
1191,13:54:42,13.95,--,46,64170,卖盘
1192,13:54:39,13.95,--,70,97650,卖盘
1193,13:54:36,13.95,-0.02,5,6975,卖盘
1194,13:54:33,13.97,0.02,62,86614,买盘
1195,13:54:30,13.95,-0.02,260,362700,卖盘
1196,13:54:27,13.97,--,5,6985,买盘
1197,13:54:24,13.97,--,278,388366,买盘
1198,13:54:21,13.97,--,2,2794,买盘
1199,13:54:18,13.97,0.01,166,231902,买盘
1200,13:54:15,13.96,--,8,11168,卖盘
1201,13:54:12,13.96,--,102,142392,卖盘
1202,13:54:09,13.96,--,80,111680,卖盘
1203,13:54:03,13.96,--,37,51652,卖盘
1204,13:53:57,13.96,--,9,12564,卖盘
1205,13:53:54,13.96,-0.02,10,13960,卖盘
1206,13:53:51,13.98,--,801,1119798,买盘
1207,13:53:48,13.98,--,35,48930,买盘
1208,13:53:45,13.98,0.01,6,8388,买盘
1209,13:53:39,13.97,-0.01,95,132715,卖盘
1210,13:53:36,13.98,--,64,89472,买盘
1211,13:53:33,13.98,--,81,113238,买盘
1212,13:53:30,13.98,0.01,22,30756,买盘
1213,13:53:27,13.97,-0.01,3,4191,卖盘
1214,13:53:24,13.98,--,229,320142,买盘
1215,13:53:21,13.98,-0.01,1,1398,中性盘
1216,13:53:18,13.99,0.01,42,58758,买盘
1217,13:53:15,13.98,--,3,4194,中性盘
1218,13:53:12,13.98,--,11,15378,卖盘
1219,13:53:06,13.98,-0.01,105,146790,卖盘
1220,13:53:03,13.99,0.01,11,15389,买盘
1221,13:53:00,13.98,--,22,30756,卖盘
1222,13:52:57,13.98,--,10,13980,卖盘
1223,13:52:54,13.98,0.01,89,124422,买盘
1224,13:52:51,13.97,--,20,27940,卖盘
1225,13:52:45,13.97,-0.01,73,101981,卖盘
1226,13:52:42,13.98,0.01,7,9786,买盘
1227,13:52:39,13.97,-0.01,100,139700,卖盘
1228,13:52:36,13.98,-0.01,15,20970,卖盘
1229,13:52:33,13.99,0.01,60,83940,买盘
1230,13:52:30,13.98,--,33,46134,买盘
1231,13:52:27,13.98,--,30,41940,卖盘
1232,13:52:24,13.98,-0.01,2,2796,卖盘
1233,13:52:21,13.99,0.01,24,33576,买盘
1234,13:52:12,13.98,--,4,5592,买盘
1235,13:52:09,13.98,--,16,22368,买盘
1236,13:52:03,13.98,--,12,16776,买盘
1237,13:52:00,13.98,--,1001,1399398,卖盘
1238,13:51:57,13.98,--,20,27960,卖盘
1239,13:51:54,13.98,--,49,68502,卖盘
1240,13:51:51,13.98,--,5,6990,卖盘
1241,13:51:48,13.98,--,31,43338,卖盘
1242,13:51:42,13.98,--,197,275406,卖盘
1243,13:51:39,13.98,-0.01,61,85278,卖盘
1244,13:51:36,13.99,--,34,47566,买盘
1245,13:51:33,13.99,--,22,30778,买盘
1246,13:51:30,13.99,--,69,96531,买盘
1247,13:51:27,13.99,-0.01,328,458872,卖盘
1248,13:51:24,14.0,--,13,18200,买盘
1249,13:51:21,14.0,0.01,27,37800,买盘
1250,13:51:18,13.99,--,2,2798,卖盘
1251,13:51:15,13.99,-0.01,20,27980,卖盘
1252,13:51:09,14.0,--,99,138600,买盘
1253,13:51:03,14.0,--,2,2800,买盘
1254,13:51:00,14.0,--,4,5600,买盘
1255,13:50:57,14.0,--,4,5600,买盘
1256,13:50:54,14.0,--,26,36400,买盘
1257,13:50:51,14.0,--,49,69720,卖盘
1258,13:50:48,14.0,-0.01,10,14000,卖盘
1259,13:50:45,14.01,--,239,334839,买盘
1260,13:50:42,14.01,0.01,14,19614,买盘
1261,13:50:39,14.0,-0.01,63,88200,卖盘
1262,13:50:36,14.01,--,235,330523,卖盘
1263,13:50:33,14.01,--,38,53238,卖盘
1264,13:50:30,14.01,--,19,26619,卖盘
1265,13:50:27,14.01,--,20,28020,卖盘
1266,13:50:24,14.01,-0.01,61,85461,卖盘
1267,13:50:21,14.02,0.02,251,352014,买盘
1268,13:50:18,14.0,-0.01,155,217000,卖盘
1269,13:50:15,14.01,0.01,20,28020,买盘
1270,13:50:12,14.0,-0.01,78,109200,卖盘
1271,13:50:09,14.01,--,5,7005,买盘
1272,13:50:06,14.01,--,35,49035,买盘
1273,13:50:00,14.01,--,41,57441,买盘
1274,13:49:57,14.01,--,31,43431,买盘
1275,13:49:54,14.01,0.01,20,28020,买盘
1276,13:49:51,14.0,--,40,56000,卖盘
1277,13:49:48,14.0,-0.01,6,8400,卖盘
1278,13:49:45,14.01,--,111,155511,买盘
1279,13:49:42,14.01,0.01,18,25218,买盘
1280,13:49:39,14.0,-0.02,111,155400,卖盘
1281,13:49:36,14.02,0.01,14,19628,买盘
1282,13:49:33,14.01,--,22,30822,卖盘
1283,13:49:30,14.01,-0.01,52,72852,卖盘
1284,13:49:27,14.02,0.02,68,95336,买盘
1285,13:49:24,14.0,-0.01,16,22680,卖盘
1286,13:49:21,14.01,0.02,28,39228,买盘
1287,13:49:18,13.99,-0.01,362,506438,卖盘
1288,13:49:15,14.0,-0.01,68,96320,卖盘
1289,13:49:12,14.01,0.01,30,42030,买盘
1290,13:49:09,14.0,--,335,469280,买盘
1291,13:49:06,14.0,--,143,200200,买盘
1292,13:49:03,14.0,--,20,28000,买盘
1293,13:49:00,14.0,--,74,103600,买盘
1294,13:48:57,14.0,0.01,103,144200,买盘
1295,13:48:54,13.99,-0.01,163,228037,卖盘
1296,13:48:51,14.0,0.01,61,85400,买盘
1297,13:48:48,13.99,-0.01,23,32177,卖盘
1298,13:48:45,14.0,--,1,1400,买盘
1299,13:48:42,14.0,0.01,20,28000,买盘
1300,13:48:39,13.99,-0.01,63,88137,卖盘
1301,13:48:36,14.0,0.01,18,25200,买盘
1302,13:48:33,13.99,-0.01,34,47566,卖盘
1303,13:48:30,14.0,--,8,11200,买盘
1304,13:48:27,14.0,0.01,98,137200,买盘
1305,13:48:24,13.99,--,86,120314,买盘
1306,13:48:21,13.99,-0.01,46,64354,卖盘
1307,13:48:18,14.0,--,79,110600,买盘
1308,13:48:15,14.0,0.01,54,75600,买盘
1309,13:48:12,13.99,-0.01,17,23783,卖盘
1310,13:48:09,14.0,--,434,607600,买盘
1311,13:48:06,14.0,0.01,390,546000,买盘
1312,13:47:57,13.99,--,38,53162,买盘
1313,13:47:54,13.99,--,209,292391,买盘
1314,13:47:51,13.99,0.01,3,4197,买盘
1315,13:47:45,13.98,--,20,27960,卖盘
1316,13:47:42,13.98,-0.01,19,26562,卖盘
1317,13:47:39,13.99,0.02,95,132905,买盘
1318,13:47:36,13.97,-0.01,103,143891,卖盘
1319,13:47:33,13.98,--,25,34950,买盘
1320,13:47:30,13.98,--,46,64308,买盘
1321,13:47:27,13.98,--,759,1061082,买盘
1322,13:47:24,13.98,--,54,75492,买盘
1323,13:47:21,13.98,--,58,81084,买盘
1324,13:47:18,13.98,0.01,8,11184,买盘
1325,13:47:15,13.97,--,5,6985,卖盘
1326,13:47:12,13.97,--,32,44704,卖盘
1327,13:47:09,13.97,--,70,97790,卖盘
1328,13:47:06,13.97,--,4,5588,卖盘
1329,13:47:03,13.97,--,53,74041,买盘
1330,13:47:00,13.97,0.01,64,89408,买盘
1331,13:46:57,13.96,-0.01,14,19544,卖盘
1332,13:46:54,13.97,--,54,75438,买盘
1333,13:46:51,13.97,--,1,1397,买盘
1334,13:46:48,13.97,-0.01,56,78232,卖盘
1335,13:46:45,13.98,--,77,107646,买盘
1336,13:46:42,13.98,0.01,8,11184,买盘
1337,13:46:39,13.97,-0.01,104,145288,卖盘
1338,13:46:36,13.98,--,60,83880,买盘
1339,13:46:30,13.98,0.01,55,76890,买盘
1340,13:46:27,13.97,--,1,1397,卖盘
1341,13:46:24,13.97,--,67,93599,买盘
1342,13:46:21,13.97,--,1,1397,买盘
1343,13:46:18,13.97,-0.01,125,174625,卖盘
1344,13:46:15,13.98,--,57,79686,买盘
1345,13:46:12,13.98,0.01,11,15378,买盘
1346,13:46:09,13.97,-0.01,8,11176,卖盘
1347,13:46:06,13.98,--,5,6990,买盘
1348,13:46:03,13.98,0.01,22,30756,买盘
1349,13:46:00,13.97,-0.01,73,101981,卖盘
1350,13:45:57,13.98,0.01,20,27960,买盘
1351,13:45:54,13.97,-0.01,145,202565,卖盘
1352,13:45:51,13.98,--,90,125820,买盘
1353,13:45:48,13.98,0.01,43,60114,买盘
1354,13:45:45,13.97,--,5,6985,卖盘
1355,13:45:42,13.97,0.01,27,37719,中性盘
1356,13:45:39,13.96,-0.01,62,86552,卖盘
1357,13:45:36,13.97,--,349,487553,买盘
1358,13:45:33,13.97,--,434,606298,买盘
1359,13:45:30,13.97,--,23,32131,买盘
1360,13:45:24,13.97,--,82,114554,卖盘
1361,13:45:21,13.97,0.01,19,26543,买盘
1362,13:45:18,13.96,-0.01,66,92136,卖盘
1363,13:45:15,13.97,0.01,5,6985,买盘
1364,13:45:12,13.96,--,13,18148,卖盘
1365,13:45:09,13.96,-0.01,21,29316,卖盘
1366,13:45:03,13.97,0.02,96,134112,买盘
1367,13:45:00,13.95,--,107,149265,卖盘
1368,13:44:57,13.95,-0.01,300,418500,卖盘
1369,13:44:54,13.96,0.01,96,134016,买盘
1370,13:44:51,13.95,--,64,89280,买盘
1371,13:44:48,13.95,0.01,26,36270,买盘
1372,13:44:45,13.94,--,73,101762,卖盘
1373,13:44:42,13.94,--,8,11152,卖盘
1374,13:44:39,13.94,0.02,1923,2681986,买盘
1375,13:44:36,13.92,--,123,171216,买盘
1376,13:44:33,13.92,0.01,26,36192,买盘
1377,13:44:30,13.91,--,29,40339,卖盘
1378,13:44:27,13.91,-0.01,42,58422,卖盘
1379,13:44:24,13.92,--,71,98832,买盘
1380,13:44:18,13.92,--,136,189312,买盘
1381,13:44:15,13.92,--,62,86304,买盘
1382,13:44:12,13.92,--,116,161472,买盘
1383,13:44:09,13.92,--,30,41760,买盘
1384,13:44:06,13.92,0.01,107,148944,买盘
1385,13:44:03,13.91,--,121,168311,卖盘
1386,13:44:00,13.91,-0.01,175,243425,卖盘
1387,13:43:57,13.92,--,12,16704,买盘
1388,13:43:54,13.92,0.01,57,79344,买盘
1389,13:43:51,13.91,-0.01,113,157183,卖盘
1390,13:43:48,13.92,--,52,72384,买盘
1391,13:43:45,13.92,-0.01,107,148944,卖盘
1392,13:43:39,13.93,--,151,210343,买盘
1393,13:43:36,13.93,--,1,1393,买盘
1394,13:43:33,13.93,--,91,126763,卖盘
1395,13:43:30,13.93,-0.01,54,75222,卖盘
1396,13:43:27,13.94,--,55,76670,买盘
1397,13:43:24,13.94,--,52,72488,买盘
1398,13:43:21,13.94,--,14,19516,买盘
1399,13:43:18,13.94,-0.01,2428,3384701,卖盘
1400,13:43:15,13.95,--,61,86420,买盘
1401,13:43:12,13.95,--,187,260934,卖盘
1402,13:43:09,13.95,-0.01,17,25040,买盘
1403,13:43:06,13.96,--,214,298813,卖盘
1404,13:43:03,13.96,0.01,1345,1878946,买盘
1405,13:43:00,13.95,-0.01,9,12555,卖盘
1406,13:42:57,13.96,--,70,97720,买盘
1407,13:42:54,13.96,--,110,153629,卖盘
1408,13:42:51,13.96,-0.01,74,103304,卖盘
1409,13:42:48,13.97,0.01,12,16764,买盘
1410,13:42:45,13.96,--,53,73988,卖盘
1411,13:42:42,13.96,--,50,69800,卖盘
1412,13:42:39,13.96,-0.01,72,100512,卖盘
1413,13:42:36,13.97,-0.01,9,12573,中性盘
1414,13:42:33,13.98,0.01,58,81084,买盘
1415,13:42:24,13.97,--,82,114554,卖盘
1416,13:42:21,13.97,-0.01,40,55880,卖盘
1417,13:42:18,13.98,--,530,740940,买盘
1418,13:42:15,13.98,0.01,118,164964,买盘
1419,13:42:12,13.97,--,85,119764,卖盘
1420,13:42:09,13.97,-0.01,173,241681,卖盘
1421,13:42:06,13.98,--,18,25164,买盘
1422,13:42:03,13.98,--,4,5592,买盘
1423,13:42:00,13.98,--,114,159372,卖盘
1424,13:41:57,13.98,-0.01,343,479514,卖盘
1425,13:41:54,13.99,--,47,65753,买盘
1426,13:41:51,13.99,--,175,244825,卖盘
1427,13:41:48,13.99,--,202,282598,卖盘
1428,13:41:45,13.99,-0.01,44,61556,卖盘
1429,13:41:42,14.0,0.01,96,134400,买盘
1430,13:41:39,13.99,-0.01,78,109122,卖盘
1431,13:41:36,14.0,--,68,95200,买盘
1432,13:41:33,14.0,-0.01,254,355600,卖盘
1433,13:41:30,14.01,0.01,924,1294524,买盘
1434,13:41:27,14.0,--,150,210000,卖盘
1435,13:41:24,14.0,--,19,26600,卖盘
1436,13:41:21,14.0,-0.01,5,7000,卖盘
1437,13:41:18,14.01,0.01,1,1401,买盘
1438,13:41:12,14.0,-0.01,46,64400,卖盘
1439,13:41:09,14.01,0.01,61,85461,买盘
1440,13:41:06,14.0,--,152,212800,买盘
1441,13:41:03,14.0,--,85,119000,买盘
1442,13:41:00,14.0,--,86,120400,买盘
1443,13:40:57,14.0,--,108,151200,买盘
1444,13:40:54,14.0,--,16,22400,买盘
1445,13:40:51,14.0,--,323,452200,卖盘
1446,13:40:48,14.0,--,8,11200,卖盘
1447,13:40:45,14.0,-0.01,58,81200,卖盘
1448,13:40:42,14.01,0.01,59,82659,买盘
1449,13:40:39,14.0,--,59,82600,卖盘
1450,13:40:36,14.0,--,206,288400,买盘
1451,13:40:30,14.0,0.01,23,32200,买盘
1452,13:40:27,13.99,-0.01,118,165082,中性盘
1453,13:40:24,14.0,0.01,215,301000,买盘
1454,13:40:21,13.99,0.01,281,393119,买盘
1455,13:40:18,13.98,--,172,240456,卖盘
1456,13:40:15,13.98,-0.01,7,9786,卖盘
1457,13:40:12,13.99,--,414,579186,买盘
1458,13:40:09,13.99,0.01,547,765253,买盘
1459,13:40:06,13.98,0.01,188,262824,买盘
1460,13:40:03,13.97,--,84,117348,卖盘
1461,13:40:00,13.97,--,50,70157,卖盘
1462,13:39:57,13.97,--,113,157861,卖盘
1463,13:39:54,13.97,-0.01,30,41910,卖盘
1464,13:39:51,13.98,--,69,96462,买盘
1465,13:39:48,13.98,--,105,146790,卖盘
1466,13:39:45,13.98,--,68,95064,卖盘
1467,13:39:39,13.98,-0.02,62,86676,卖盘
1468,13:39:33,14.0,0.01,80,112000,买盘
1469,13:39:30,13.99,--,281,393119,卖盘
1470,13:39:27,13.99,-0.01,139,194461,卖盘
1471,13:39:24,14.0,--,91,127400,卖盘
1472,13:39:21,14.0,-0.01,200,280000,卖盘
1473,13:39:15,14.01,-0.03,282,395082,卖盘
1474,13:39:12,14.04,--,763,1071252,买盘
1475,13:39:09,14.04,0.01,55,77220,买盘
1476,13:39:06,14.03,-0.01,64,89792,卖盘
1477,13:39:03,14.04,--,556,781719,卖盘
1478,13:39:00,14.04,--,128,179712,卖盘
1479,13:38:57,14.04,--,38,53352,卖盘
1480,13:38:54,14.04,--,165,231660,卖盘
1481,13:38:51,14.04,--,131,183924,卖盘
1482,13:38:48,14.04,-0.01,3,4212,卖盘
1483,13:38:45,14.05,--,61,85705,买盘
1484,13:38:42,14.05,0.01,73,102565,买盘
1485,13:38:39,14.04,-0.01,29,40716,卖盘
1486,13:38:36,14.05,--,12,16860,买盘
1487,13:38:33,14.05,--,80,112400,买盘
1488,13:38:30,14.05,-0.01,646,907896,卖盘
1489,13:38:27,14.06,--,38,53428,卖盘
1490,13:38:24,14.06,--,8,11248,卖盘
1491,13:38:21,14.06,0.01,38,53428,买盘
1492,13:38:18,14.05,--,569,799445,卖盘
1493,13:38:15,14.05,--,179,251495,卖盘
1494,13:38:12,14.05,--,22,30910,卖盘
1495,13:38:09,14.05,-0.01,89,126183,卖盘
1496,13:38:06,14.06,--,336,472416,买盘
1497,13:38:03,14.06,--,247,347282,买盘
1498,13:38:00,14.06,--,11,15466,买盘
1499,13:37:57,14.06,0.01,52,73112,买盘
1500,13:37:54,14.05,--,193,271165,卖盘
1501,13:37:51,14.05,--,23,32315,卖盘
1502,13:37:48,14.05,-0.01,81,113805,卖盘
1503,13:37:45,14.06,--,61,85766,买盘
1504,13:37:42,14.06,--,34,47804,买盘
1505,13:37:39,14.06,-0.01,364,511784,卖盘
1506,13:37:36,14.07,0.01,818,1150926,买盘
1507,13:37:33,14.06,--,70,98420,卖盘
1508,13:37:30,14.06,--,43,60458,卖盘
1509,13:37:27,14.06,--,7,9842,卖盘
1510,13:37:24,14.06,-0.01,10,14060,卖盘
1511,13:37:21,14.07,0.01,26,36582,买盘
1512,13:37:18,14.06,--,240,337440,卖盘
1513,13:37:15,14.06,--,159,223554,卖盘
1514,13:37:12,14.06,-0.01,212,298072,卖盘
1515,13:37:09,14.07,--,113,158991,买盘
1516,13:37:06,14.07,0.01,138,194166,买盘
1517,13:37:03,14.06,-0.01,73,102638,卖盘
1518,13:37:00,14.07,0.01,20,28140,买盘
1519,13:36:57,14.06,-0.01,161,226366,卖盘
1520,13:36:54,14.07,0.01,8,11256,买盘
1521,13:36:51,14.06,--,12,16872,卖盘
1522,13:36:48,14.06,-0.01,3,4218,卖盘
1523,13:36:45,14.07,0.01,37,52059,买盘
1524,13:36:42,14.06,--,142,199652,卖盘
1525,13:36:39,14.06,--,10,14060,卖盘
1526,13:36:36,14.06,--,65,91390,卖盘
1527,13:36:33,14.06,--,22,30932,卖盘
1528,13:36:30,14.06,-0.01,33,46398,卖盘
1529,13:36:27,14.07,0.01,137,192759,买盘
1530,13:36:24,14.06,-0.01,3,4218,卖盘
1531,13:36:21,14.07,0.01,3,4221,买盘
1532,13:36:18,14.06,-0.01,97,136382,卖盘
1533,13:36:15,14.07,--,86,121002,买盘
1534,13:36:09,14.07,--,60,84420,买盘
1535,13:36:06,14.07,0.01,109,153363,买盘
1536,13:36:03,14.06,-0.01,72,101232,中性盘
1537,13:36:00,14.07,0.01,156,219492,买盘
1538,13:35:57,14.06,--,189,265734,卖盘
1539,13:35:54,14.06,-0.01,102,143412,卖盘
1540,13:35:51,14.07,0.01,327,460089,买盘
1541,13:35:48,14.06,--,44,61864,卖盘
1542,13:35:45,14.06,--,38,53428,卖盘
1543,13:35:42,14.06,--,60,84360,卖盘
1544,13:35:39,14.06,-0.01,15,21090,卖盘
1545,13:35:33,14.07,--,43,60501,买盘
1546,13:35:30,14.07,0.01,30,42210,买盘
1547,13:35:27,14.06,--,91,127946,卖盘
1548,13:35:24,14.06,--,28,39368,买盘
1549,13:35:21,14.06,--,83,116698,买盘
1550,13:35:18,14.06,--,76,106856,买盘
1551,13:35:15,14.06,--,116,163096,买盘
1552,13:35:12,14.06,0.01,58,81548,买盘
1553,13:35:09,14.05,--,226,317530,卖盘
1554,13:35:06,14.05,--,110,154550,卖盘
1555,13:35:03,14.05,0.01,129,181245,买盘
1556,13:35:00,14.04,--,59,82836,卖盘
1557,13:34:57,14.04,-0.01,54,75816,卖盘
1558,13:34:54,14.05,0.01,95,133475,买盘
1559,13:34:51,14.04,--,179,251315,卖盘
1560,13:34:48,14.04,-0.01,117,164268,卖盘
1561,13:34:45,14.05,0.01,12,16860,买盘
1562,13:34:42,14.04,-0.01,169,237276,卖盘
1563,13:34:39,14.05,--,27,37935,买盘
1564,13:34:36,14.05,-0.01,617,866885,卖盘
1565,13:34:33,14.06,--,184,258704,买盘
1566,13:34:30,14.06,--,31,43586,买盘
1567,13:34:27,14.06,--,71,99826,卖盘
1568,13:34:24,14.06,--,422,593332,卖盘
1569,13:34:21,14.06,--,23,32338,卖盘
1570,13:34:18,14.06,--,332,466792,卖盘
1571,13:34:15,14.06,-0.01,24,33744,卖盘
1572,13:34:12,14.07,--,139,195573,买盘
1573,13:34:06,14.07,--,18,25326,买盘
1574,13:34:03,14.07,0.01,147,206829,买盘
1575,13:34:00,14.06,--,83,116698,卖盘
1576,13:33:57,14.06,--,8,11248,卖盘
1577,13:33:54,14.06,-0.01,26,36556,卖盘
1578,13:33:51,14.07,0.01,71,99897,买盘
1579,13:33:48,14.06,--,36,50616,卖盘
1580,13:33:45,14.06,-0.01,39,54834,卖盘
1581,13:33:42,14.07,0.01,39,54873,卖盘
1582,13:33:39,14.06,--,240,337440,卖盘
1583,13:33:36,14.06,--,467,656602,卖盘
1584,13:33:33,14.06,-0.01,50,70300,卖盘
1585,13:33:30,14.07,0.01,34,47838,买盘
1586,13:33:27,14.06,-0.01,209,293854,卖盘
1587,13:33:24,14.07,--,35,49245,买盘
1588,13:33:21,14.07,--,43,60501,买盘
1589,13:33:18,14.07,--,157,220899,买盘
1590,13:33:15,14.07,--,61,85827,买盘
1591,13:33:12,14.07,--,20,28140,买盘
1592,13:33:09,14.07,--,20,28140,买盘
1593,13:33:06,14.07,-0.01,217,305319,卖盘
1594,13:33:03,14.08,0.01,82,115456,买盘
1595,13:33:00,14.07,-0.01,77,108339,卖盘
1596,13:32:57,14.08,--,254,357632,卖盘
1597,13:32:54,14.08,0.01,272,382976,买盘
1598,13:32:51,14.07,--,13,18291,卖盘
1599,13:32:48,14.07,--,43,60501,卖盘
1600,13:32:45,14.07,-0.01,63,88641,卖盘
1601,13:32:42,14.08,--,102,143616,买盘
1602,13:32:39,14.08,-0.01,433,609664,卖盘
1603,13:32:36,14.09,0.01,228,321252,买盘
1604,13:32:33,14.08,--,148,208384,卖盘
1605,13:32:30,14.08,-0.01,125,176000,卖盘
1606,13:32:27,14.09,0.01,254,357886,买盘
1607,13:32:24,14.08,-0.01,797,1122176,卖盘
1608,13:32:21,14.09,--,288,405792,买盘
1609,13:32:18,14.09,--,118,166262,买盘
1610,13:32:15,14.09,--,529,745361,买盘
1611,13:32:12,14.09,--,1183,1667114,卖盘
1612,13:32:09,14.09,-0.01,659,928531,卖盘
1613,13:32:06,14.1,--,61,86010,买盘
1614,13:32:03,14.1,--,170,239700,买盘
1615,13:32:00,14.1,--,153,215730,买盘
1616,13:31:57,14.1,--,200,282000,买盘
1617,13:31:54,14.1,--,123,173994,买盘
1618,13:31:51,14.1,0.01,277,390570,买盘
1619,13:31:48,14.09,-0.01,125,176125,卖盘
1620,13:31:45,14.1,0.01,116,163560,买盘
1621,13:31:42,14.09,-0.01,372,524148,卖盘
1622,13:31:39,14.1,--,209,294690,买盘
1623,13:31:36,14.1,--,83,117030,买盘
1624,13:31:33,14.1,0.01,141,198810,买盘
1625,13:31:30,14.09,-0.01,151,212759,卖盘
1626,13:31:27,14.1,0.01,16,22560,买盘
1627,13:31:24,14.09,--,509,717181,卖盘
1628,13:31:21,14.09,--,177,249393,卖盘
1629,13:31:18,14.09,-0.01,261,367749,卖盘
1630,13:31:15,14.1,0.01,167,235470,买盘
1631,13:31:12,14.09,--,272,383248,卖盘
1632,13:31:09,14.09,--,179,252211,卖盘
1633,13:31:06,14.09,--,155,218395,卖盘
1634,13:31:03,14.09,--,668,941789,买盘
1635,13:31:00,14.09,0.01,117,164853,买盘
1636,13:30:57,14.08,--,89,125312,卖盘
1637,13:30:54,14.08,--,80,112640,卖盘
1638,13:30:51,14.08,--,263,370304,买盘
1639,13:30:48,14.08,-0.01,24,33792,卖盘
1640,13:30:45,14.09,0.01,450,634050,买盘
1641,13:30:42,14.08,0.01,569,801152,中性盘
1642,13:30:39,14.07,-0.02,94,132258,卖盘
1643,13:30:36,14.09,0.01,243,342387,买盘
1644,13:30:33,14.08,--,209,294272,买盘
1645,13:30:30,14.08,-0.01,46,64768,中性盘
1646,13:30:27,14.09,0.02,747,1052523,买盘
1647,13:30:24,14.07,-0.01,194,272958,卖盘
1648,13:30:21,14.08,0.01,126,177408,买盘
1649,13:30:18,14.07,--,159,223713,卖盘
1650,13:30:15,14.07,0.01,290,408030,买盘
1651,13:30:12,14.06,--,57,80142,卖盘
1652,13:30:09,14.06,-0.01,8,11248,卖盘
1653,13:30:06,14.07,--,32,45024,卖盘
1654,13:30:03,14.07,--,1058,1488606,买盘
1655,13:30:00,14.07,--,31,43617,买盘
1656,13:29:57,14.07,0.01,45,63315,买盘
1657,13:29:54,14.06,-0.01,90,126540,卖盘
1658,13:29:51,14.07,0.01,43,60501,买盘
1659,13:29:48,14.06,-0.01,367,516002,卖盘
1660,13:29:45,14.07,0.01,201,282807,买盘
1661,13:29:42,14.06,0.01,203,286570,卖盘
1662,13:29:39,14.05,-0.01,102,143310,卖盘
1663,13:29:36,14.06,--,120,169732,买盘
1664,13:29:33,14.06,--,59,83347,买盘
1665,13:29:30,14.06,--,30,42180,买盘
1666,13:29:27,14.06,0.01,488,686128,买盘
1667,13:29:24,14.05,--,110,154550,卖盘
1668,13:29:21,14.05,--,303,425715,卖盘
1669,13:29:18,14.05,--,433,608365,卖盘
1670,13:29:15,14.05,--,119,167195,卖盘
1671,13:29:12,14.05,0.01,38,53390,卖盘
1672,13:29:09,14.04,-0.01,169,237584,卖盘
1673,13:29:06,14.05,--,31,43555,买盘
1674,13:29:03,14.05,--,87,122235,买盘
1675,13:29:00,14.05,--,315,442575,买盘
1676,13:28:57,14.05,0.01,311,436955,买盘
1677,13:28:54,14.04,-0.01,50,70200,卖盘
1678,13:28:51,14.05,0.01,41,57605,买盘
1679,13:28:48,14.04,--,147,206388,卖盘
1680,13:28:45,14.04,--,50,70200,卖盘
1681,13:28:42,14.04,-0.01,53,74412,卖盘
1682,13:28:39,14.05,0.01,21,29505,买盘
1683,13:28:36,14.04,-0.01,37,51948,卖盘
1684,13:28:33,14.05,0.01,68,95540,买盘
1685,13:28:30,14.04,--,169,237276,卖盘
1686,13:28:27,14.04,--,152,213408,卖盘
1687,13:28:24,14.04,--,63,88452,卖盘
1688,13:28:21,14.04,--,148,207792,卖盘
1689,13:28:18,14.04,-0.01,97,136188,卖盘
1690,13:28:15,14.05,--,38,53390,买盘
1691,13:28:12,14.05,--,36,50580,买盘
1692,13:28:09,14.05,0.01,28,39340,买盘
1693,13:28:06,14.04,-0.01,211,296244,卖盘
1694,13:28:03,14.05,--,718,1008790,卖盘
1695,13:28:00,14.05,-0.01,323,453815,卖盘
1696,13:27:57,14.06,--,38,53428,买盘
1697,13:27:54,14.06,-0.01,459,646183,卖盘
1698,13:27:51,14.07,0.01,36,50652,买盘
1699,13:27:48,14.06,--,170,239020,卖盘
1700,13:27:45,14.06,-0.01,356,500536,卖盘
1701,13:27:42,14.07,--,357,502299,买盘
1702,13:27:39,14.07,--,60,84420,买盘
1703,13:27:36,14.07,--,111,156177,买盘
1704,13:27:33,14.07,--,817,1149519,卖盘
1705,13:27:30,14.07,-0.01,251,353157,卖盘
1706,13:27:27,14.08,--,168,236544,买盘
1707,13:27:24,14.08,--,347,488576,买盘
1708,13:27:21,14.08,--,151,212608,买盘
1709,13:27:18,14.08,--,552,777216,买盘
1710,13:27:15,14.08,--,37,52096,买盘
1711,13:27:12,14.08,-0.01,126,177408,中性盘
1712,13:27:09,14.09,0.01,1655,2331895,买盘
1713,13:27:06,14.08,-0.01,853,1201024,卖盘
1714,13:27:03,14.09,--,181,255029,买盘
1715,13:27:00,14.09,--,263,370567,卖盘
1716,13:26:57,14.09,--,63,88767,卖盘
1717,13:26:54,14.09,--,151,212759,卖盘
1718,13:26:51,14.09,--,1903,2681327,买盘
1719,13:26:48,14.09,0.01,751,1058159,买盘
1720,13:26:45,14.08,-0.01,646,909568,卖盘
1721,13:26:42,14.09,0.01,173,243757,买盘
1722,13:26:39,14.08,--,164,230912,卖盘
1723,13:26:36,14.08,--,346,487168,卖盘
1724,13:26:33,14.08,0.01,997,1403776,买盘
1725,13:26:30,14.07,-0.01,408,574056,卖盘
1726,13:26:27,14.08,--,433,609664,买盘
1727,13:26:24,14.08,--,135,190080,买盘
1728,13:26:21,14.08,0.01,73,102784,买盘
1729,13:26:18,14.07,--,555,780885,卖盘
1730,13:26:15,14.07,--,120,169416,买盘
1731,13:26:12,14.07,0.01,472,664104,买盘
1732,13:26:09,14.06,--,415,583490,卖盘
1733,13:26:06,14.06,-0.01,406,570836,卖盘
1734,13:26:03,14.07,--,553,778071,买盘
1735,13:26:00,14.07,--,115,161805,买盘
1736,13:25:57,14.07,--,16,22512,买盘
1737,13:25:54,14.07,0.01,711,1000377,买盘
1738,13:25:51,14.06,--,826,1161356,买盘
1739,13:25:48,14.06,0.01,343,482258,买盘
1740,13:25:45,14.05,-0.01,65,91325,卖盘
1741,13:25:42,14.06,0.01,585,822510,买盘
1742,13:25:39,14.05,--,294,413070,买盘
1743,13:25:36,14.05,--,145,203725,买盘
1744,13:25:33,14.05,0.01,1072,1506160,买盘
1745,13:25:30,14.04,-0.01,666,935064,卖盘
1746,13:25:27,14.05,0.02,634,890770,买盘
1747,13:25:24,14.03,-0.01,832,1167296,卖盘
1748,13:25:21,14.04,0.01,281,394524,买盘
1749,13:25:18,14.03,--,214,300242,买盘
1750,13:25:15,14.03,--,133,186599,买盘
1751,13:25:12,14.03,-0.01,472,662216,卖盘
1752,13:25:09,14.04,0.01,103,144612,买盘
1753,13:25:06,14.03,--,14,19642,卖盘
1754,13:25:03,14.03,--,274,384422,买盘
1755,13:25:00,14.03,--,508,712724,买盘
1756,13:24:57,14.03,--,203,284809,买盘
1757,13:24:54,14.03,--,145,203435,买盘
1758,13:24:51,14.03,0.01,322,451766,买盘
1759,13:24:48,14.02,--,38,53276,卖盘
1760,13:24:45,14.02,--,20,28040,卖盘
1761,13:24:42,14.02,0.01,18,25236,买盘
1762,13:24:39,14.01,--,141,197541,卖盘
1763,13:24:36,14.01,-0.01,1578,2210778,卖盘
1764,13:24:33,14.02,0.01,482,675764,买盘
1765,13:24:30,14.01,0.01,376,526776,买盘
1766,13:24:27,14.0,-0.01,27,37800,卖盘
1767,13:24:24,14.01,0.01,183,256383,买盘
1768,13:24:21,14.0,0.01,211,296240,买盘
1769,13:24:18,13.99,-0.01,270,377730,卖盘
1770,13:24:15,14.0,--,446,624400,买盘
1771,13:24:12,14.0,--,240,336000,卖盘
1772,13:24:09,14.0,--,155,217000,买盘
1773,13:24:06,14.0,0.01,220,308000,买盘
1774,13:24:03,13.99,-0.02,627,877173,卖盘
1775,13:24:00,14.01,0.01,374,523974,买盘
1776,13:23:57,14.0,0.01,184,257600,买盘
1777,13:23:54,13.99,-0.02,334,467266,卖盘
1778,13:23:51,14.01,0.01,377,528177,买盘
1779,13:23:48,14.0,--,7,9800,卖盘
1780,13:23:45,14.0,--,107,149800,买盘
1781,13:23:42,14.0,--,285,399000,买盘
1782,13:23:39,14.0,--,401,561400,买盘
1783,13:23:36,14.0,0.01,294,411600,买盘
1784,13:23:33,13.99,-0.01,99,138501,卖盘
1785,13:23:30,14.0,0.01,298,417200,买盘
1786,13:23:27,13.99,--,835,1168165,买盘
1787,13:23:24,13.99,--,135,188865,买盘
1788,13:23:21,13.99,0.02,46,64354,买盘
1789,13:23:18,13.97,-0.02,24,33528,卖盘
1790,13:23:15,13.99,0.01,93,130107,买盘
1791,13:23:12,13.98,--,408,570384,买盘
1792,13:23:09,13.98,-0.01,218,304764,卖盘
1793,13:23:06,13.99,--,240,335760,买盘
1794,13:23:03,13.99,-0.01,112,156688,卖盘
1795,13:23:00,14.0,0.02,36,50400,买盘
1796,13:22:57,13.98,--,88,123024,买盘
1797,13:22:54,13.98,-0.01,627,876546,卖盘
1798,13:22:51,13.99,-0.01,795,1112205,卖盘
1799,13:22:48,14.0,-0.01,262,366800,卖盘
1800,13:22:45,14.01,--,1161,1626561,卖盘
1801,13:22:42,14.01,-0.01,361,505761,卖盘
1802,13:22:39,14.02,-0.01,760,1066080,卖盘
1803,13:22:36,14.03,--,675,947025,买盘
1804,13:22:33,14.03,0.01,470,659410,买盘
1805,13:22:30,14.02,-0.01,128,179456,卖盘
1806,13:22:27,14.03,0.01,67,94001,买盘
1807,13:22:24,14.02,--,1041,1460323,买盘
1808,13:22:21,14.02,--,900,1261800,买盘
1809,13:22:18,14.02,--,458,642116,买盘
1810,13:22:15,14.02,--,277,388354,买盘
1811,13:22:12,14.02,0.02,178,249556,买盘
1812,13:22:09,14.0,--,97,135800,卖盘
1813,13:22:06,14.0,--,240,336000,卖盘
1814,13:22:03,14.0,--,573,802200,买盘
1815,13:22:00,14.0,--,1703,2384200,买盘
1816,13:21:57,14.0,--,1942,2718800,买盘
1817,13:21:54,14.0,--,630,882000,买盘
1818,13:21:51,14.0,--,1444,2021600,买盘
1819,13:21:48,14.0,0.01,1051,1472576,买盘
1820,13:21:45,13.99,--,833,1165367,买盘
1821,13:21:42,13.99,--,1079,1509521,买盘
1822,13:21:39,13.99,0.01,6303,8817897,买盘
1823,13:21:36,13.98,--,316,441768,买盘
1824,13:21:33,13.98,0.01,1007,1407786,买盘
1825,13:21:30,13.97,--,459,641223,买盘
1826,13:21:27,13.97,0.01,2307,3222879,买盘
1827,13:21:24,13.96,--,962,1342952,买盘
1828,13:21:21,13.96,0.01,1381,1928406,买盘
1829,13:21:18,13.95,--,3930,5482350,买盘
1830,13:21:15,13.95,0.01,2339,3262905,买盘
1831,13:21:12,13.94,-0.01,509,709546,卖盘
1832,13:21:09,13.95,0.02,2642,3685590,买盘
1833,13:21:06,13.93,-0.01,109,151837,卖盘
1834,13:21:03,13.94,0.01,656,914464,买盘
1835,13:21:00,13.93,--,153,213129,卖盘
1836,13:20:57,13.93,-0.01,161,224273,卖盘
1837,13:20:54,13.94,0.01,16,22304,买盘
1838,13:20:51,13.93,--,124,172732,卖盘
1839,13:20:48,13.93,-0.01,149,207557,卖盘
1840,13:20:45,13.94,--,200,278800,买盘
1841,13:20:42,13.94,0.01,59,82246,买盘
1842,13:20:39,13.93,--,24,33432,卖盘
1843,13:20:36,13.93,--,112,156016,卖盘
1844,13:20:33,13.93,--,11,15323,卖盘
1845,13:20:30,13.93,--,30,41790,卖盘
1846,13:20:27,13.93,0.02,692,963956,买盘
1847,13:20:24,13.91,-0.02,51,70941,卖盘
1848,13:20:21,13.93,0.01,180,250740,买盘
1849,13:20:18,13.92,--,349,485808,买盘
1850,13:20:15,13.92,--,52,72384,买盘
1851,13:20:12,13.92,--,5,6960,买盘
1852,13:20:09,13.92,--,93,129456,卖盘
1853,13:20:06,13.92,--,42,58464,卖盘
1854,13:20:03,13.92,--,57,79344,卖盘
1855,13:20:00,13.92,--,372,517824,卖盘
1856,13:19:57,13.92,--,71,98832,卖盘
1857,13:19:54,13.92,--,25,34800,卖盘
1858,13:19:51,13.92,--,3,4176,卖盘
1859,13:19:48,13.92,--,40,55680,买盘
1860,13:19:45,13.92,--,42,58464,卖盘
1861,13:19:42,13.92,--,36,50112,卖盘
1862,13:19:39,13.92,-0.01,22,30624,卖盘
1863,13:19:36,13.93,0.01,62,86366,买盘
1864,13:19:33,13.92,0.01,260,361920,买盘
1865,13:19:30,13.91,-0.01,116,161356,卖盘
1866,13:19:27,13.92,--,60,83520,买盘
1867,13:19:24,13.92,--,114,158688,买盘
1868,13:19:21,13.92,--,13,18096,买盘
1869,13:19:18,13.92,--,23,32016,买盘
1870,13:19:15,13.92,--,19,26448,买盘
1871,13:19:12,13.92,--,23,32016,买盘
1872,13:19:09,13.92,-0.01,235,327120,卖盘
1873,13:19:06,13.93,--,39,54327,买盘
1874,13:19:03,13.93,--,53,73829,买盘
1875,13:19:00,13.93,--,47,65471,买盘
1876,13:18:57,13.93,--,120,167160,买盘
1877,13:18:54,13.93,--,1,1393,买盘
1878,13:18:51,13.93,--,17,23681,买盘
1879,13:18:48,13.93,0.01,27,37611,买盘
1880,13:18:45,13.92,-0.01,18,25056,卖盘
1881,13:18:42,13.93,--,32,44576,买盘
1882,13:18:39,13.93,-0.01,169,235417,卖盘
1883,13:18:36,13.94,--,101,140794,买盘
1884,13:18:33,13.94,0.01,110,153340,买盘
1885,13:18:30,13.93,-0.01,34,47362,卖盘
1886,13:18:27,13.94,--,58,80852,买盘
1887,13:18:24,13.94,0.01,89,124066,买盘
1888,13:18:21,13.93,--,233,324569,卖盘
1889,13:18:18,13.93,--,233,324569,卖盘
1890,13:18:15,13.93,-0.01,188,261884,卖盘
1891,13:18:12,13.94,0.01,26,36244,买盘
1892,13:18:09,13.93,--,10,13930,卖盘
1893,13:18:06,13.93,-0.01,19,26467,卖盘
1894,13:18:03,13.94,0.01,7,9758,买盘
1895,13:18:00,13.93,--,307,427651,买盘
1896,13:17:57,13.93,--,368,512624,买盘
1897,13:17:54,13.93,-0.01,77,107261,卖盘
1898,13:17:51,13.94,0.01,36,50184,买盘
1899,13:17:48,13.93,0.01,63,87759,买盘
1900,13:17:45,13.92,-0.02,450,626400,卖盘
1901,13:17:42,13.94,0.01,196,273224,买盘
1902,13:17:39,13.93,--,114,158802,卖盘
1903,13:17:36,13.93,--,172,239596,卖盘
1904,13:17:33,13.93,0.01,114,158802,买盘
1905,13:17:30,13.92,-0.01,11,15312,中性盘
1906,13:17:27,13.93,0.02,77,107261,买盘
1907,13:17:24,13.91,-0.02,57,79287,中性盘
1908,13:17:21,13.93,-0.01,102,142086,中性盘
1909,13:17:15,13.94,--,65,90610,买盘
1910,13:17:12,13.94,--,119,165886,买盘
1911,13:17:06,13.94,0.06,61,85034,买盘
1912,13:17:00,13.88,0.01,101,140188,中性盘
1913,13:16:57,13.87,--,10006,13878322,卖盘
1914,13:16:54,13.87,--,727,1008349,卖盘
1915,13:16:51,13.87,0.03,1967,2728229,买盘
1916,13:16:48,13.84,-0.02,19,26296,卖盘
1917,13:16:45,13.86,0.02,511,708246,买盘
1918,13:16:42,13.84,--,13,17992,卖盘
1919,13:16:30,13.84,-0.02,18,24912,卖盘
1920,13:16:27,13.86,0.02,5,6930,买盘
1921,13:16:24,13.84,-0.01,47,65048,卖盘
1922,13:16:18,13.85,--,56,77560,卖盘
1923,13:16:15,13.85,-0.01,68,94180,卖盘
1924,13:16:12,13.86,--,198,274428,买盘
1925,13:16:09,13.86,0.01,54,74844,买盘
1926,13:16:06,13.85,--,109,150965,卖盘
1927,13:16:03,13.85,--,139,192515,卖盘
1928,13:16:00,13.85,--,1,1385,卖盘
1929,13:15:57,13.85,--,2,2770,卖盘
1930,13:15:54,13.85,--,32,44320,卖盘
1931,13:15:51,13.85,--,1,1385,卖盘
1932,13:15:48,13.85,--,16,22160,卖盘
1933,13:15:45,13.85,--,5,6925,卖盘
1934,13:15:42,13.85,--,7,9695,卖盘
1935,13:15:36,13.85,--,20,27700,卖盘
1936,13:15:33,13.85,--,26,36010,卖盘
1937,13:15:30,13.85,-0.01,501,693885,卖盘
1938,13:15:27,13.86,--,2,2772,买盘
1939,13:15:24,13.86,--,1,1386,买盘
1940,13:15:21,13.86,0.01,5,6930,买盘
1941,13:15:18,13.85,-0.01,10,13850,卖盘
1942,13:15:15,13.86,0.01,58,80388,买盘
1943,13:15:12,13.85,-0.01,84,116340,卖盘
1944,13:15:09,13.86,0.01,18,24948,买盘
1945,13:15:06,13.85,-0.01,5,6925,卖盘
1946,13:15:00,13.86,--,1,1386,买盘
1947,13:14:57,13.86,-0.01,25,34650,卖盘
1948,13:14:54,13.87,0.01,65,90155,买盘
1949,13:14:51,13.86,--,10,13860,卖盘
1950,13:14:48,13.86,--,36,49896,卖盘
1951,13:14:45,13.86,0.01,109,151074,买盘
1952,13:14:42,13.85,--,11,15235,卖盘
1953,13:14:39,13.85,-0.01,11,15235,卖盘
1954,13:14:36,13.86,--,1,1386,卖盘
1955,13:14:33,13.86,--,40,55440,买盘
1956,13:14:30,13.86,0.02,111,153846,买盘
1957,13:14:27,13.84,-0.01,54,74736,卖盘
1958,13:14:24,13.85,--,2,2770,卖盘
1959,13:14:21,13.85,--,63,87255,卖盘
1960,13:14:18,13.85,--,10,13850,卖盘
1961,13:14:15,13.85,--,15,20775,买盘
1962,13:14:12,13.85,--,9,12465,买盘
1963,13:14:09,13.85,0.01,155,214675,买盘
1964,13:14:06,13.84,-0.01,36,49824,卖盘
1965,13:14:03,13.85,--,52,72020,买盘
1966,13:13:57,13.85,--,1,1385,买盘
1967,13:13:54,13.85,-0.01,114,157890,卖盘
1968,13:13:51,13.86,0.01,11,15246,买盘
1969,13:13:48,13.85,--,172,238220,卖盘
1970,13:13:45,13.85,--,14,19390,卖盘
1971,13:13:42,13.85,--,41,56785,卖盘
1972,13:13:39,13.85,--,6,8310,买盘
1973,13:13:36,13.85,--,59,81715,买盘
1974,13:13:30,13.85,--,57,78945,买盘
1975,13:13:27,13.85,--,9,12465,买盘
1976,13:13:24,13.85,--,21,29085,卖盘
1977,13:13:21,13.85,--,5,6925,卖盘
1978,13:13:18,13.85,-0.01,76,105260,卖盘
1979,13:13:15,13.86,--,16,22176,卖盘
1980,13:13:12,13.86,--,10,13860,买盘
1981,13:13:09,13.86,0.01,10,13860,中性盘
1982,13:13:06,13.85,-0.01,51,70635,卖盘
1983,13:13:03,13.86,0.01,5,6930,买盘
1984,13:13:00,13.85,--,6,8310,卖盘
1985,13:12:57,13.85,--,23,31855,卖盘
1986,13:12:51,13.85,--,1,1385,卖盘
1987,13:12:48,13.85,--,5,6925,卖盘
1988,13:12:39,13.85,-0.01,383,530455,卖盘
1989,13:12:36,13.86,--,61,84546,卖盘
1990,13:12:33,13.86,--,10,13860,卖盘
1991,13:12:30,13.86,-0.01,84,116424,卖盘
1992,13:12:27,13.87,0.01,29,40223,买盘
1993,13:12:24,13.86,--,41,56826,卖盘
1994,13:12:21,13.86,-0.01,16,22176,卖盘
1995,13:12:18,13.87,--,44,61028,买盘
1996,13:12:15,13.87,0.01,17,23579,买盘
1997,13:12:12,13.86,-0.01,72,99792,卖盘
1998,13:12:06,13.87,--,51,70737,买盘
1999,13:12:03,13.87,--,27,37449,买盘
2000,13:11:57,13.87,0.01,20,27740,买盘
2001,13:11:54,13.86,-0.01,50,69300,卖盘
2002,13:11:51,13.87,--,4,5548,卖盘
2003,13:11:45,13.87,0.01,28,38836,买盘
2004,13:11:42,13.86,-0.01,127,176022,卖盘
2005,13:11:39,13.87,--,3,4161,买盘
2006,13:11:33,13.87,-0.01,61,84607,中性盘
2007,13:11:30,13.88,--,89,123532,买盘
2008,13:11:27,13.88,0.01,108,149904,买盘
2009,13:11:24,13.87,--,152,210824,卖盘
2010,13:11:21,13.87,-0.01,10,13870,卖盘
2011,13:11:18,13.88,0.01,18,24984,买盘
2012,13:11:12,13.87,0.02,12,16644,买盘
2013,13:11:09,13.85,-0.03,114,157890,卖盘
2014,13:11:06,13.88,0.02,29,40252,买盘
2015,13:11:03,13.86,-0.02,34,47124,卖盘
2016,13:11:00,13.88,0.02,20,27760,买盘
2017,13:10:57,13.86,--,9,12474,卖盘
2018,13:10:54,13.86,--,25,34650,卖盘
2019,13:10:51,13.86,-0.02,1,1386,卖盘
2020,13:10:45,13.88,-0.01,203,281764,中性盘
2021,13:10:42,13.89,0.02,952,1322328,买盘
2022,13:10:39,13.87,--,8,11096,买盘
2023,13:10:36,13.87,--,6,8322,买盘
2024,13:10:33,13.87,--,56,77672,买盘
2025,13:10:30,13.87,0.01,44,61028,买盘
2026,13:10:27,13.86,-0.01,62,85932,卖盘
2027,13:10:24,13.87,-0.01,81,113456,卖盘
2028,13:10:21,13.88,0.01,13,18044,买盘
2029,13:10:18,13.87,-0.01,134,185858,卖盘
2030,13:10:15,13.88,--,38,52744,买盘
2031,13:10:12,13.88,0.01,26,36088,买盘
2032,13:10:09,13.87,-0.01,1,1387,卖盘
2033,13:10:06,13.88,--,74,102712,买盘
2034,13:10:03,13.88,--,193,267884,买盘
2035,13:10:00,13.88,--,29,40252,买盘
2036,13:09:57,13.88,--,51,70788,买盘
2037,13:09:54,13.88,--,14,19432,买盘
2038,13:09:51,13.88,0.01,54,74952,买盘
2039,13:09:48,13.87,--,35,48545,卖盘
2040,13:09:45,13.87,-0.01,281,389747,卖盘
2041,13:09:42,13.88,--,477,662076,买盘
2042,13:09:39,13.88,--,48,66624,买盘
2043,13:09:36,13.88,0.01,417,578796,买盘
2044,13:09:33,13.87,--,150,208050,卖盘
2045,13:09:30,13.87,--,6,8322,卖盘
2046,13:09:27,13.87,--,124,171988,卖盘
2047,13:09:24,13.87,--,7,9709,卖盘
2048,13:09:21,13.87,--,30,41610,卖盘
2049,13:09:18,13.87,0.01,423,586978,买盘
2050,13:09:15,13.86,--,3,4158,卖盘
2051,13:09:12,13.86,-0.01,152,210672,中性盘
2052,13:09:03,13.87,--,21,29127,买盘
2053,13:09:00,13.87,0.02,19,26353,买盘
2054,13:08:57,13.85,--,13,18005,卖盘
2055,13:08:54,13.85,--,29,40165,卖盘
2056,13:08:51,13.85,--,1,1385,卖盘
2057,13:08:36,13.85,-0.02,9,12465,卖盘
2058,13:08:33,13.87,0.02,27,37449,买盘
2059,13:08:30,13.85,0.01,35,48475,中性盘
2060,13:08:27,13.84,-0.03,91,125944,卖盘
2061,13:08:24,13.87,0.03,1,1387,买盘
2062,13:08:21,13.84,-0.03,57,78888,卖盘
2063,13:08:18,13.87,0.03,21,29127,买盘
2064,13:08:09,13.84,-0.01,21,29064,卖盘
2065,13:08:06,13.85,-0.02,4,5540,中性盘
2066,13:08:03,13.87,0.03,1160,1608920,买盘
2067,13:08:00,13.84,--,42,58128,卖盘
2068,13:07:57,13.84,--,13,17992,买盘
2069,13:07:54,13.84,--,87,120408,卖盘
2070,13:07:45,13.84,--,10,13840,卖盘
2071,13:07:42,13.84,--,3,4152,卖盘
2072,13:07:39,13.84,-0.01,30,41520,卖盘
2073,13:07:36,13.85,0.01,10,13850,买盘
2074,13:07:33,13.84,--,8,11072,卖盘
2075,13:07:30,13.84,-0.01,1,1384,卖盘
2076,13:07:27,13.85,--,33,45705,买盘
2077,13:07:24,13.85,0.01,40,55400,买盘
2078,13:07:18,13.84,-0.01,40,55360,卖盘
2079,13:07:15,13.85,--,42,58170,买盘
2080,13:07:09,13.85,--,126,174510,买盘
2081,13:07:06,13.85,--,37,51245,买盘
2082,13:07:03,13.85,0.01,15,20775,买盘
2083,13:07:00,13.84,-0.01,67,92728,卖盘
2084,13:06:57,13.85,--,35,48475,买盘
2085,13:06:54,13.85,--,217,300545,卖盘
2086,13:06:51,13.85,--,16,22160,卖盘
2087,13:06:48,13.85,-0.01,9,12465,卖盘
2088,13:06:45,13.86,0.01,60,83160,买盘
2089,13:06:39,13.85,--,13,18005,卖盘
2090,13:06:36,13.85,--,34,47090,卖盘
2091,13:06:33,13.85,--,94,130190,卖盘
2092,13:06:30,13.85,--,1,1385,卖盘
2093,13:06:21,13.85,0.01,14,19390,买盘
2094,13:06:18,13.84,--,110,152240,卖盘
2095,13:06:15,13.84,-0.01,154,213136,卖盘
2096,13:06:12,13.85,--,10,13850,买盘
2097,13:06:09,13.85,--,15,20775,买盘
2098,13:06:06,13.85,0.01,1,1385,卖盘
2099,13:06:03,13.84,-0.01,51,70584,卖盘
2100,13:06:00,13.85,--,37,51245,卖盘
2101,13:05:57,13.85,--,26,36010,卖盘
2102,13:05:54,13.85,--,14,19390,中性盘
2103,13:05:51,13.85,0.01,10,13850,买盘
2104,13:05:48,13.84,-0.01,10,13840,卖盘
2105,13:05:45,13.85,-0.01,1,1385,买盘
2106,13:05:42,13.86,0.01,915,1268190,买盘
2107,13:05:39,13.85,--,3,4155,买盘
2108,13:05:36,13.85,--,74,102490,买盘
2109,13:05:33,13.85,0.01,36,49860,买盘
2110,13:05:30,13.84,-0.01,24,33216,卖盘
2111,13:05:27,13.85,--,89,123265,买盘
2112,13:05:24,13.85,0.01,2,2770,买盘
2113,13:05:21,13.84,-0.01,31,42904,卖盘
2114,13:05:15,13.85,0.01,5,6925,买盘
2115,13:05:12,13.84,--,1,1384,卖盘
2116,13:05:09,13.84,-0.01,63,87192,卖盘
2117,13:05:06,13.85,--,7,9695,买盘
2118,13:05:00,13.85,--,2,2770,买盘
2119,13:04:57,13.85,--,30,41550,买盘
2120,13:04:54,13.85,--,13,18005,买盘
2121,13:04:51,13.85,--,60,83100,买盘
2122,13:04:48,13.85,--,17,23545,买盘
2123,13:04:45,13.85,0.01,20,27700,买盘
2124,13:04:42,13.84,-0.01,6,8304,卖盘
2125,13:04:39,13.85,0.01,10,13850,买盘
2126,13:04:36,13.84,--,66,91344,卖盘
2127,13:04:33,13.84,-0.01,36,49824,卖盘
2128,13:04:30,13.85,--,20,27700,买盘
2129,13:04:27,13.85,--,7,9695,买盘
2130,13:04:24,13.85,0.01,16,22160,买盘
2131,13:04:21,13.84,-0.01,25,34600,中性盘
2132,13:04:18,13.85,0.01,79,109415,买盘
2133,13:04:15,13.84,--,31,42904,买盘
2134,13:04:12,13.84,--,3,4152,买盘
2135,13:04:09,13.84,0.01,28,38752,买盘
2136,13:04:06,13.83,--,56,77448,卖盘
2137,13:04:03,13.83,-0.02,61,84363,卖盘
2138,13:04:00,13.85,0.01,29,40165,买盘
2139,13:03:54,13.84,--,3,4152,卖盘
2140,13:03:51,13.84,0.01,12,16608,中性盘
2141,13:03:48,13.83,--,1,1383,卖盘
2142,13:03:42,13.83,--,6,8298,卖盘
2143,13:03:36,13.83,-0.02,5,6915,卖盘
2144,13:03:33,13.85,0.02,11,15235,买盘
2145,13:03:30,13.83,--,1,1383,卖盘
2146,13:03:27,13.83,-0.01,215,297345,卖盘
2147,13:03:24,13.84,-0.01,144,199296,卖盘
2148,13:03:21,13.85,--,35,48475,卖盘
2149,13:03:18,13.85,--,25,34625,卖盘
2150,13:03:12,13.85,0.02,18,24930,买盘
2151,13:03:09,13.83,--,29,40107,卖盘
2152,13:03:03,13.83,-0.02,14,19362,卖盘
2153,13:03:00,13.85,0.02,8,11080,中性盘
2154,13:02:57,13.83,-0.02,76,105108,卖盘
2155,13:02:54,13.85,0.02,5,6925,卖盘
2156,13:02:51,13.83,-0.02,1015,1403745,卖盘
2157,13:02:45,13.85,0.01,24,33794,买盘
2158,13:02:42,13.84,-0.01,3,4152,卖盘
2159,13:02:39,13.85,--,2,2770,买盘
2160,13:02:36,13.85,--,55,76175,买盘
2161,13:02:33,13.85,--,14,19390,买盘
2162,13:02:30,13.85,0.01,3,4155,买盘
2163,13:02:27,13.84,-0.01,193,267112,卖盘
2164,13:02:24,13.85,--,151,209135,买盘
2165,13:02:21,13.85,0.01,64,88640,买盘
2166,13:02:15,13.84,--,12,16608,卖盘
2167,13:02:12,13.84,--,29,40136,卖盘
2168,13:02:09,13.84,--,1,1384,卖盘
2169,13:02:06,13.84,-0.01,13,17992,卖盘
2170,13:02:03,13.85,0.01,117,162045,买盘
2171,13:01:57,13.84,-0.01,139,192376,卖盘
2172,13:01:54,13.85,0.01,54,74790,买盘
2173,13:01:51,13.84,-0.01,26,35984,卖盘
2174,13:01:48,13.85,0.01,19,26315,买盘
2175,13:01:45,13.84,--,41,56744,卖盘
2176,13:01:42,13.84,--,49,67816,卖盘
2177,13:01:36,13.84,-0.01,5,6920,卖盘
2178,13:01:33,13.85,--,38,52630,买盘
2179,13:01:30,13.85,0.01,3,4155,买盘
2180,13:01:27,13.84,--,23,31832,卖盘
2181,13:01:24,13.84,--,22,30448,卖盘
2182,13:01:21,13.84,-0.01,20,27680,卖盘
2183,13:01:18,13.85,--,12,16620,买盘
2184,13:01:15,13.85,0.01,29,40165,买盘
2185,13:01:12,13.84,--,6,8304,卖盘
2186,13:01:09,13.84,-0.01,57,78888,卖盘
2187,13:01:06,13.85,0.01,62,85870,买盘
2188,13:01:03,13.84,--,262,362608,卖盘
2189,13:01:00,13.84,--,146,202064,卖盘
2190,13:00:57,13.84,-0.01,67,92728,卖盘
2191,13:00:51,13.85,--,2,2770,买盘
2192,13:00:48,13.85,--,613,849836,卖盘
2193,13:00:45,13.85,--,30,41550,卖盘
2194,13:00:42,13.85,-0.01,8,11080,卖盘
2195,13:00:39,13.86,--,7,9702,买盘
2196,13:00:36,13.86,0.01,20,27720,买盘
2197,13:00:33,13.85,-0.01,18,24930,卖盘
2198,13:00:30,13.86,--,3,4158,买盘
2199,13:00:27,13.86,--,1,1386,买盘
2200,13:00:24,13.86,--,32,44352,卖盘
2201,13:00:21,13.86,0.01,3,4158,中性盘
2202,13:00:09,13.85,--,35,48475,卖盘
2203,13:00:06,13.85,--,66,91410,卖盘
2204,13:00:03,13.85,-0.03,978,1355084,中性盘
2205,13:00:00,13.88,0.03,1700,2359600,买盘
2206,11:30:00,13.85,0.02,2,2770,买盘
2207,11:29:57,13.83,-0.01,52,71916,卖盘
2208,11:29:54,13.84,--,12,16608,卖盘
2209,11:29:48,13.84,0.01,4,5536,买盘
2210,11:29:45,13.83,-0.01,15,20745,卖盘
2211,11:29:42,13.84,0.01,7,9688,买盘
2212,11:29:30,13.83,-0.05,1,1383,卖盘
2213,11:29:24,13.88,0.05,89,123532,买盘
2214,11:29:21,13.83,0.01,18,24894,卖盘
2215,11:29:18,13.82,--,198,273636,卖盘
2216,11:29:15,13.82,-0.01,3210,4436220,卖盘
2217,11:29:12,13.83,--,30,41490,买盘
2218,11:29:09,13.83,--,264,365112,卖盘
2219,11:29:06,13.83,-0.01,193,266919,卖盘
2220,11:29:03,13.84,--,3,4152,买盘
2221,11:29:00,13.84,--,83,114872,买盘
2222,11:28:57,13.84,--,151,208984,买盘
2223,11:28:54,13.84,0.01,32,44288,买盘
2224,11:28:51,13.83,-0.01,1,1383,卖盘
2225,11:28:48,13.84,--,26,35984,买盘
2226,11:28:45,13.84,--,300,415200,买盘
2227,11:28:42,13.84,--,129,178536,卖盘
2228,11:28:39,13.84,--,103,142552,卖盘
2229,11:28:36,13.84,--,4,5536,卖盘
2230,11:28:30,13.84,-0.01,1,1384,卖盘
2231,11:28:27,13.85,--,58,81548,卖盘
2232,11:28:24,13.85,--,30,41550,卖盘
2233,11:28:21,13.85,--,20,27700,卖盘
2234,11:28:18,13.85,--,15,20775,卖盘
2235,11:28:15,13.85,0.02,413,572171,买盘
2236,11:28:12,13.83,--,31,42873,卖盘
2237,11:28:09,13.83,--,88,121704,卖盘
2238,11:28:06,13.83,-0.01,26,35958,卖盘
2239,11:28:03,13.84,--,10,13840,买盘
2240,11:28:00,13.84,--,83,114872,卖盘
2241,11:27:57,13.84,-0.01,14,19376,卖盘
2242,11:27:54,13.85,0.01,10,13850,买盘
2243,11:27:51,13.84,--,60,83040,卖盘
2244,11:27:48,13.84,-0.01,71,98264,卖盘
2245,11:27:45,13.85,--,84,116340,卖盘
2246,11:27:42,13.85,--,205,283925,买盘
2247,11:27:39,13.85,--,16,22160,买盘
2248,11:27:36,13.85,--,5,6925,买盘
2249,11:27:33,13.85,--,227,314395,卖盘
2250,11:27:30,13.85,--,250,346250,卖盘
2251,11:27:27,13.85,-0.01,53,73405,卖盘
2252,11:27:24,13.86,--,158,218988,买盘
2253,11:27:21,13.86,-0.01,574,795564,卖盘
2254,11:27:18,13.87,--,3,4161,买盘
2255,11:27:15,13.87,--,39,54093,买盘
2256,11:27:12,13.87,--,88,122056,卖盘
2257,11:27:09,13.87,-0.01,504,699048,卖盘
2258,11:27:06,13.88,0.01,8,11104,买盘
2259,11:27:03,13.87,-0.01,39,54093,卖盘
2260,11:27:00,13.88,--,38,52744,卖盘
2261,11:26:57,13.88,0.01,55,76340,卖盘
2262,11:26:54,13.87,0.01,48,66576,中性盘
2263,11:26:48,13.86,--,14,19404,卖盘
2264,11:26:45,13.86,-0.01,31,42966,卖盘
2265,11:26:42,13.87,0.01,2,2774,买盘
2266,11:26:39,13.86,-0.01,37,51282,卖盘
2267,11:26:36,13.87,0.01,40,55480,买盘
2268,11:26:33,13.86,--,3,4158,卖盘
2269,11:26:30,13.86,--,25,34650,卖盘
2270,11:26:27,13.86,--,11,15246,卖盘
2271,11:26:24,13.86,-0.01,36,49896,卖盘
2272,11:26:21,13.87,--,139,192793,买盘
2273,11:26:18,13.87,0.01,45,62415,买盘
2274,11:26:15,13.86,--,320,443520,卖盘
2275,11:26:12,13.86,-0.01,272,376992,卖盘
2276,11:26:09,13.87,0.01,507,703209,买盘
2277,11:26:06,13.86,-0.01,160,221760,卖盘
2278,11:26:03,13.87,--,42,58254,买盘
2279,11:26:00,13.87,-0.03,2734,3793334,卖盘
2280,11:25:57,13.9,--,17,23630,卖盘
2281,11:25:54,13.9,--,149,207110,卖盘
2282,11:25:51,13.9,--,71,98690,卖盘
2283,11:25:48,13.9,-0.01,44,61160,卖盘
2284,11:25:45,13.91,--,98,136318,买盘
2285,11:25:42,13.91,0.01,153,212823,买盘
2286,11:25:39,13.9,-0.01,67,93130,卖盘
2287,11:25:36,13.91,--,92,127972,买盘
2288,11:25:30,13.91,--,237,329667,买盘
2289,11:25:27,13.91,0.01,1,1391,买盘
2290,11:25:21,13.9,-0.01,9,12510,卖盘
2291,11:25:18,13.91,0.01,8,11128,买盘
2292,11:25:15,13.9,-0.01,33,45870,卖盘
2293,11:25:12,13.91,0.02,85,118346,买盘
2294,11:25:09,13.89,-0.01,37,51393,卖盘
2295,11:25:06,13.9,--,254,353060,买盘
2296,11:24:57,13.9,--,47,65330,买盘
2297,11:24:54,13.9,--,113,157070,买盘
2298,11:24:51,13.9,0.01,182,252980,买盘
2299,11:24:48,13.89,--,11,15279,卖盘
2300,11:24:45,13.89,--,21,29169,卖盘
2301,11:24:42,13.89,--,31,43059,卖盘
2302,11:24:39,13.89,-0.01,6,8334,卖盘
2303,11:24:36,13.9,0.01,18,25020,买盘
2304,11:24:33,13.89,-0.01,66,91674,卖盘
2305,11:24:30,13.9,0.01,103,143170,买盘
2306,11:24:27,13.89,-0.01,1,1389,卖盘
2307,11:24:24,13.9,--,8,11120,买盘
2308,11:24:21,13.9,--,2,2780,买盘
2309,11:24:15,13.9,--,226,314140,买盘
2310,11:24:12,13.9,--,43,59770,买盘
2311,11:24:09,13.9,0.01,15,20850,买盘
2312,11:24:06,13.89,--,26,36114,卖盘
2313,11:24:00,13.89,-0.01,4,5556,卖盘
2314,11:23:57,13.9,0.01,218,303020,买盘
2315,11:23:54,13.89,--,17,23613,买盘
2316,11:23:51,13.89,--,1,1389,买盘
2317,11:23:48,13.89,0.01,4,5556,买盘
2318,11:23:45,13.88,-0.01,63,87444,卖盘
2319,11:23:39,13.89,0.01,31,43059,买盘
2320,11:23:30,13.88,--,1,1388,卖盘
2321,11:23:27,13.88,-0.02,13,18044,卖盘
2322,11:23:24,13.9,0.01,9,12510,买盘
2323,11:23:21,13.89,-0.01,38,52782,卖盘
2324,11:23:18,13.9,0.01,60,83400,买盘
2325,11:23:15,13.89,0.01,23,31947,中性盘
2326,11:23:09,13.88,-0.01,49,68012,卖盘
2327,11:23:06,13.89,0.01,44,61116,买盘
2328,11:23:03,13.88,-0.02,2,2776,卖盘
2329,11:23:00,13.9,--,35,48650,买盘
2330,11:22:57,13.9,0.02,20,27800,买盘
2331,11:22:48,13.88,-0.01,64,88832,卖盘
2332,11:22:45,13.89,0.01,14,19446,买盘
2333,11:22:42,13.88,-0.01,9,12492,卖盘
2334,11:22:39,13.89,--,8,12139,卖盘
2335,11:22:36,13.89,--,32,44448,卖盘
2336,11:22:33,13.89,--,5,6945,卖盘
2337,11:22:30,13.89,--,8,11112,卖盘
2338,11:22:27,13.89,--,14,19807,买盘
2339,11:22:24,13.89,--,15,21862,卖盘
2340,11:22:21,13.89,--,85,118065,卖盘
2341,11:22:18,13.89,--,112,155568,卖盘
2342,11:22:15,13.89,-0.01,45,62505,卖盘
2343,11:22:12,13.9,--,170,236300,买盘
2344,11:22:09,13.9,0.01,17,23630,买盘
2345,11:22:06,13.89,--,2,2778,卖盘
2346,11:22:00,13.89,--,30,41670,卖盘
2347,11:21:54,13.89,-0.01,10,13890,卖盘
2348,11:21:51,13.9,0.01,25,34750,买盘
2349,11:21:48,13.89,--,68,94452,卖盘
2350,11:21:45,13.89,-0.01,68,94452,卖盘
2351,11:21:42,13.9,--,7,9730,买盘
2352,11:21:39,13.9,--,137,190430,买盘
2353,11:21:33,13.9,--,3,4170,买盘
2354,11:21:30,13.9,--,107,148730,买盘
2355,11:21:24,13.9,0.01,35,48650,买盘
2356,11:21:21,13.89,--,116,161124,卖盘
2357,11:21:15,13.89,--,17,23613,卖盘
2358,11:21:12,13.89,--,13,18057,卖盘
2359,11:21:09,13.89,-0.01,42,58338,卖盘
2360,11:21:06,13.9,0.01,43,60131,买盘
2361,11:21:03,13.89,-0.01,2,2778,卖盘
2362,11:21:00,13.9,0.01,1,1390,买盘
2363,11:20:57,13.89,-0.01,22,30558,卖盘
2364,11:20:54,13.9,--,17,23630,买盘
2365,11:20:51,13.9,0.01,114,158460,买盘
2366,11:20:42,13.89,-0.01,100,138900,卖盘
2367,11:20:33,13.9,--,77,107030,卖盘
2368,11:20:30,13.9,--,110,152900,卖盘
2369,11:20:27,13.9,--,1,1390,卖盘
2370,11:20:24,13.9,0.01,155,215450,买盘
2371,11:20:21,13.89,-0.01,15,20835,卖盘
2372,11:20:18,13.9,0.01,137,190430,买盘
2373,11:20:12,13.89,-0.01,23,31947,卖盘
2374,11:20:09,13.9,0.01,37,51430,买盘
2375,11:20:06,13.89,--,21,29169,卖盘
2376,11:20:03,13.89,-0.01,45,62505,中性盘
2377,11:20:00,13.9,0.02,33,45870,买盘
2378,11:19:57,13.88,-0.02,22,30536,卖盘
2379,11:19:54,13.9,--,209,290510,卖盘
2380,11:19:51,13.9,0.01,8,11120,买盘
2381,11:19:48,13.89,--,501,695889,卖盘
2382,11:19:42,13.89,--,61,84729,卖盘
2383,11:19:39,13.89,--,18,25002,卖盘
2384,11:19:33,13.89,--,10,13890,卖盘
2385,11:19:30,13.89,--,21,29169,卖盘
2386,11:19:27,13.89,0.01,105,145845,中性盘
2387,11:19:24,13.88,-0.01,80,111040,卖盘
2388,11:19:21,13.89,-0.01,5,6945,卖盘
2389,11:19:18,13.9,0.02,19,26410,买盘
2390,11:19:15,13.88,-0.02,23,31924,卖盘
2391,11:19:12,13.9,0.02,80,111200,买盘
2392,11:19:09,13.88,-0.02,1,1388,卖盘
2393,11:19:06,13.9,0.02,8,11120,买盘
2394,11:19:03,13.88,-0.02,25,34700,卖盘
2395,11:19:00,13.9,0.01,96,133440,买盘
2396,11:18:54,13.89,0.01,5,6945,买盘
2397,11:18:51,13.88,-0.01,76,105488,卖盘
2398,11:18:45,13.89,--,139,193071,买盘
2399,11:18:42,13.89,0.01,107,148623,买盘
2400,11:18:36,13.88,-0.01,59,81892,卖盘
2401,11:18:33,13.89,-0.02,825,1145925,卖盘
2402,11:18:30,13.91,0.01,5,6955,买盘
2403,11:18:27,13.9,-0.01,37,51430,中性盘
2404,11:18:21,13.91,0.01,11,15301,买盘
2405,11:18:18,13.9,--,4,5560,买盘
2406,11:18:15,13.9,--,592,822880,卖盘
2407,11:18:12,13.9,--,11,15290,卖盘
2408,11:18:09,13.9,-0.01,29,40310,卖盘
2409,11:18:06,13.91,-0.01,77,107107,卖盘
2410,11:18:03,13.92,0.01,72,100224,买盘
2411,11:18:00,13.91,--,82,114062,卖盘
2412,11:17:54,13.91,-0.01,81,112671,卖盘
2413,11:17:51,13.92,0.01,5,6960,买盘
2414,11:17:48,13.91,--,51,70941,卖盘
2415,11:17:45,13.91,--,123,171093,卖盘
2416,11:17:42,13.91,-0.01,50,69550,卖盘
2417,11:17:39,13.92,0.01,54,75168,买盘
2418,11:17:36,13.91,--,21,29211,卖盘
2419,11:17:33,13.91,-0.01,229,318539,卖盘
2420,11:17:30,13.92,0.01,22,30624,买盘
2421,11:17:27,13.91,-0.01,99,137709,卖盘
2422,11:17:24,13.92,0.01,52,72384,买盘
2423,11:17:21,13.91,-0.01,2,2782,卖盘
2424,11:17:18,13.92,0.01,92,128064,买盘
2425,11:17:15,13.91,-0.01,14,19474,卖盘
2426,11:17:12,13.92,0.01,60,83520,买盘
2427,11:17:09,13.91,--,4,5564,买盘
2428,11:17:06,13.91,--,11,15301,卖盘
2429,11:17:03,13.91,--,70,97370,卖盘
2430,11:17:00,13.91,--,27,37557,卖盘
2431,11:16:57,13.91,--,29,40339,卖盘
2432,11:16:54,13.91,0.01,170,236470,买盘
2433,11:16:51,13.9,-0.01,155,215450,卖盘
2434,11:16:48,13.91,0.01,3,4173,买盘
2435,11:16:45,13.9,-0.02,54,75060,卖盘
2436,11:16:39,13.92,0.01,394,548448,买盘
2437,11:16:33,13.91,--,118,164805,卖盘
2438,11:16:30,13.91,--,3,4173,卖盘
2439,11:16:27,13.91,--,38,52858,卖盘
2440,11:16:24,13.91,--,13,18083,卖盘
2441,11:16:21,13.91,--,50,70273,买盘
2442,11:16:15,13.91,--,32,45179,卖盘
2443,11:16:12,13.91,-0.01,63,87633,卖盘
2444,11:16:09,13.92,0.01,4,5568,买盘
2445,11:16:06,13.91,--,32,44512,卖盘
2446,11:16:03,13.91,--,17,23647,卖盘
2447,11:16:00,13.91,-0.01,40,55640,卖盘
2448,11:15:57,13.92,0.01,21,29232,买盘
2449,11:15:54,13.91,--,44,61204,卖盘
2450,11:15:51,13.91,--,97,134927,卖盘
2451,11:15:48,13.91,--,277,385307,卖盘
2452,11:15:45,13.91,--,63,87633,卖盘
2453,11:15:39,13.91,--,47,65377,卖盘
2454,11:15:36,13.91,--,118,164861,买盘
2455,11:15:33,13.91,0.01,12,16692,买盘
2456,11:15:30,13.9,-0.01,32,44480,卖盘
2457,11:15:27,13.91,--,62,86242,买盘
2458,11:15:24,13.91,--,7,9737,买盘
2459,11:15:21,13.91,--,70,98037,卖盘
2460,11:15:15,13.91,--,130,180830,卖盘
2461,11:15:12,13.91,--,109,152342,卖盘
2462,11:15:09,13.91,--,612,851292,卖盘
2463,11:15:03,13.91,-0.01,33,45903,卖盘
2464,11:15:00,13.92,0.01,28,38976,买盘
2465,11:14:57,13.91,0.01,283,393653,买盘
2466,11:14:54,13.9,-0.01,2,2780,卖盘
2467,11:14:51,13.91,0.01,11,15301,买盘
2468,11:14:48,13.9,--,48,66720,卖盘
2469,11:14:45,13.9,-0.01,17,23630,卖盘
2470,11:14:42,13.91,0.01,205,285155,买盘
2471,11:14:39,13.9,--,156,216840,卖盘
2472,11:14:36,13.9,-0.01,114,158460,卖盘
2473,11:14:33,13.91,--,45,62595,买盘
2474,11:14:30,13.91,0.01,25,34775,买盘
2475,11:14:27,13.9,-0.01,25,34750,卖盘
2476,11:14:24,13.91,--,3,4173,买盘
2477,11:14:21,13.91,--,3,4173,买盘
2478,11:14:18,13.91,-0.01,225,312975,卖盘
2479,11:14:15,13.92,--,69,96048,买盘
2480,11:14:09,13.92,--,21,29232,买盘
2481,11:14:06,13.92,0.01,80,111360,买盘
2482,11:14:03,13.91,-0.01,85,118235,中性盘
2483,11:14:00,13.92,0.01,290,403680,买盘
2484,11:13:57,13.91,--,32,44512,卖盘
2485,11:13:54,13.91,--,130,180830,卖盘
2486,11:13:51,13.91,--,20,27820,卖盘
2487,11:13:45,13.91,-0.01,14,19474,卖盘
2488,11:13:42,13.92,--,40,55680,买盘
2489,11:13:39,13.92,--,1,1392,买盘
2490,11:13:36,13.92,0.01,51,70992,买盘
2491,11:13:33,13.91,--,8,11128,卖盘
2492,11:13:30,13.91,--,10,13910,卖盘
2493,11:13:27,13.91,0.01,67,93197,买盘
2494,11:13:24,13.9,-0.01,16,22240,卖盘
2495,11:13:21,13.91,--,68,94588,买盘
2496,11:13:18,13.91,0.01,52,72332,买盘
2497,11:13:15,13.9,--,8,11120,卖盘
2498,11:13:12,13.9,-0.01,1,1390,卖盘
2499,11:13:09,13.91,0.01,1,1391,买盘
2500,11:13:06,13.9,--,13,18070,买盘
2501,11:13:03,13.9,-0.01,21,29190,买盘
2502,11:13:00,13.91,-0.01,6,8346,买盘
2503,11:12:57,13.92,0.03,204,283968,买盘
2504,11:12:54,13.89,--,21,29169,卖盘
2505,11:12:51,13.89,--,40,55560,卖盘
2506,11:12:48,13.89,-0.01,298,413922,卖盘
2507,11:12:45,13.9,--,5,6950,卖盘
2508,11:12:42,13.9,-0.01,25,34750,卖盘
2509,11:12:39,13.91,0.03,64,89024,买盘
2510,11:12:36,13.88,-0.03,53,73564,卖盘
2511,11:12:30,13.91,0.03,33,45903,买盘
2512,11:12:27,13.88,-0.01,16,22208,卖盘
2513,11:12:21,13.89,--,267,370863,卖盘
2514,11:12:18,13.89,--,18,25002,卖盘
2515,11:12:15,13.89,-0.01,8,11112,卖盘
2516,11:12:12,13.9,0.01,40,55600,买盘
2517,11:12:09,13.89,-0.01,52,72228,卖盘
2518,11:12:03,13.9,0.01,152,211280,买盘
2519,11:12:00,13.89,-0.01,58,80562,卖盘
2520,11:11:57,13.9,--,1,1390,买盘
2521,11:11:54,13.9,--,27,37530,买盘
2522,11:11:51,13.9,--,60,83400,买盘
2523,11:11:48,13.9,-0.02,743,1032770,卖盘
2524,11:11:45,13.92,0.01,428,595776,买盘
2525,11:11:42,13.91,--,22,30602,买盘
2526,11:11:39,13.91,--,136,189176,买盘
2527,11:11:36,13.91,--,35,48685,买盘
2528,11:11:33,13.91,--,5,6955,买盘
2529,11:11:30,13.91,0.01,3,4173,买盘
2530,11:11:27,13.9,-0.01,1,1390,卖盘
2531,11:11:24,13.91,--,25,34775,买盘
2532,11:11:21,13.91,--,433,602303,卖盘
2533,11:11:18,13.91,--,279,388089,卖盘
2534,11:11:15,13.91,-0.01,242,336622,卖盘
2535,11:11:12,13.92,--,51,70992,买盘
2536,11:11:09,13.92,0.01,81,112752,买盘
2537,11:11:06,13.91,-0.01,66,91806,卖盘
2538,11:11:03,13.92,0.01,5,6960,买盘
2539,11:11:00,13.91,--,14,19474,卖盘
2540,11:10:57,13.91,--,75,104325,卖盘
2541,11:10:54,13.91,-0.01,55,76505,卖盘
2542,11:10:51,13.92,--,108,150336,买盘
2543,11:10:48,13.92,0.01,115,160080,买盘
2544,11:10:45,13.91,-0.01,16,22256,卖盘
2545,11:10:42,13.92,--,60,83520,买盘
2546,11:10:39,13.92,--,66,91872,买盘
2547,11:10:36,13.92,--,145,201840,买盘
2548,11:10:30,13.92,0.01,135,187920,买盘
2549,11:10:27,13.91,--,44,61204,卖盘
2550,11:10:24,13.91,--,4,5564,卖盘
2551,11:10:21,13.91,--,21,29211,卖盘
2552,11:10:18,13.91,--,66,91806,卖盘
2553,11:10:15,13.91,--,28,38948,卖盘
2554,11:10:12,13.91,--,3,4173,卖盘
2555,11:10:06,13.91,-0.01,1,1391,卖盘
2556,11:10:03,13.92,0.01,25,34800,买盘
2557,11:10:00,13.91,-0.01,32,44512,卖盘
2558,11:09:57,13.92,0.01,32,44544,卖盘
2559,11:09:54,13.91,-0.02,24,33384,卖盘
2560,11:09:51,13.93,0.01,58,80794,买盘
2561,11:09:48,13.92,--,168,233856,卖盘
2562,11:09:45,13.92,--,79,109968,卖盘
2563,11:09:42,13.92,--,8,11136,卖盘
2564,11:09:39,13.92,-0.01,13,18096,卖盘
2565,11:09:36,13.93,0.01,6,8358,买盘
2566,11:09:33,13.92,--,64,89088,卖盘
2567,11:09:30,13.92,--,85,118320,卖盘
2568,11:09:27,13.92,0.01,164,228288,中性盘
2569,11:09:18,13.91,--,59,82069,卖盘
2570,11:09:15,13.91,--,130,180830,卖盘
2571,11:09:12,13.91,--,391,543881,卖盘
2572,11:09:09,13.91,-0.02,599,833209,卖盘
2573,11:09:06,13.93,--,434,604562,买盘
2574,11:09:00,13.93,0.01,185,257705,买盘
2575,11:08:57,13.92,--,121,168432,买盘
2576,11:08:54,13.92,--,18,25056,买盘
2577,11:08:51,13.92,-0.01,455,633360,卖盘
2578,11:08:48,13.93,0.01,51,71043,买盘
2579,11:08:45,13.92,--,29,40368,卖盘
2580,11:08:42,13.92,--,83,115536,卖盘
2581,11:08:39,13.92,-0.01,159,221328,卖盘
2582,11:08:36,13.93,0.01,22,30646,中性盘
2583,11:08:33,13.92,-0.01,55,76560,卖盘
2584,11:08:30,13.93,0.01,3053,4252829,买盘
2585,11:08:27,13.92,--,199,277008,卖盘
2586,11:08:24,13.92,-0.01,78,108576,卖盘
2587,11:08:21,13.93,--,305,424865,买盘
2588,11:08:18,13.93,--,17,23681,买盘
2589,11:08:15,13.93,0.01,266,370538,买盘
2590,11:08:12,13.92,--,79,109968,买盘
2591,11:08:09,13.92,0.01,59,82128,买盘
2592,11:08:06,13.91,-0.02,51,70941,卖盘
2593,11:08:03,13.93,0.01,78,108654,买盘
2594,11:08:00,13.92,--,361,502512,卖盘
2595,11:07:57,13.92,--,16,22272,卖盘
2596,11:07:54,13.92,--,196,272832,买盘
2597,11:07:51,13.92,--,75,104400,买盘
2598,11:07:48,13.92,0.01,60,83520,买盘
2599,11:07:45,13.91,--,19,26429,卖盘
2600,11:07:42,13.91,-0.01,68,94588,卖盘
2601,11:07:39,13.92,--,5,6960,买盘
2602,11:07:36,13.92,--,246,342432,买盘
2603,11:07:33,13.92,--,538,748896,卖盘
2604,11:07:30,13.92,-0.01,3,4176,卖盘
2605,11:07:27,13.93,0.01,266,370538,买盘
2606,11:07:24,13.92,-0.01,134,186528,卖盘
2607,11:07:21,13.93,0.01,50,69650,买盘
2608,11:07:18,13.92,0.01,221,307632,买盘
2609,11:07:15,13.91,--,80,111280,卖盘
2610,11:07:12,13.91,-0.01,306,425646,卖盘
2611,11:07:09,13.92,--,12,16704,卖盘
2612,11:07:06,13.92,-0.01,72,100224,卖盘
2613,11:07:03,13.93,0.01,153,213129,买盘
2614,11:07:00,13.92,--,21,29232,卖盘
2615,11:06:57,13.92,--,167,232464,卖盘
2616,11:06:54,13.92,-0.01,386,537312,卖盘
2617,11:06:51,13.93,0.01,262,364966,买盘
2618,11:06:48,13.92,--,28,38976,卖盘
2619,11:06:45,13.92,-0.01,179,249168,卖盘
2620,11:06:42,13.93,0.03,667,929131,买盘
2621,11:06:39,13.9,-0.01,26,36140,卖盘
2622,11:06:36,13.91,0.01,28,38948,中性盘
2623,11:06:33,13.9,-0.02,3,4170,卖盘
2624,11:06:30,13.92,0.02,173,240816,买盘
2625,11:06:27,13.9,-0.01,270,375300,卖盘
2626,11:06:24,13.91,--,312,433992,买盘
2627,11:06:18,13.91,0.01,63,87633,买盘
2628,11:06:15,13.9,--,198,275220,卖盘
2629,11:06:12,13.9,-0.01,25,34750,卖盘
2630,11:06:09,13.91,0.01,286,397826,买盘
2631,11:06:06,13.9,-0.01,51,70890,卖盘
2632,11:06:03,13.91,0.01,70,97370,买盘
2633,11:06:00,13.9,0.01,43,59770,买盘
2634,11:05:57,13.89,-0.01,20,27780,卖盘
2635,11:05:54,13.9,0.01,46,63940,买盘
2636,11:05:51,13.89,0.01,29,40281,中性盘
2637,11:05:45,13.88,--,19,26372,卖盘
2638,11:05:39,13.88,-0.01,870,1207560,卖盘
2639,11:05:36,13.89,--,72,100008,买盘
2640,11:05:33,13.89,--,61,84729,买盘
2641,11:05:30,13.89,--,167,231963,买盘
2642,11:05:27,13.89,--,63,87507,买盘
2643,11:05:24,13.89,--,67,93063,买盘
2644,11:05:21,13.89,0.01,47,65283,买盘
2645,11:05:18,13.88,--,121,167948,卖盘
2646,11:05:15,13.88,-0.01,154,213752,卖盘
2647,11:05:12,13.89,0.01,141,195849,买盘
2648,11:05:09,13.88,-0.01,32,44416,卖盘
2649,11:05:06,13.89,--,361,501429,卖盘
2650,11:05:03,13.89,--,3,4167,卖盘
2651,11:05:00,13.89,0.01,1904,2644656,买盘
2652,11:04:57,13.88,--,420,583237,卖盘
2653,11:04:54,13.88,--,178,247064,卖盘
2654,11:04:51,13.88,--,24,33312,卖盘
2655,11:04:48,13.88,--,22,30536,卖盘
2656,11:04:45,13.88,--,32,44416,卖盘
2657,11:04:42,13.88,-0.01,23,31924,卖盘
2658,11:04:39,13.89,0.01,43,59727,买盘
2659,11:04:33,13.88,-0.01,110,153790,卖盘
2660,11:04:30,13.89,0.01,9,12501,中性盘
2661,11:04:27,13.88,-0.01,112,155456,卖盘
2662,11:04:24,13.89,-0.01,84,116676,卖盘
2663,11:04:21,13.9,--,43,59770,买盘
2664,11:04:18,13.9,--,35,48650,买盘
2665,11:04:15,13.9,--,156,216840,卖盘
2666,11:04:12,13.9,--,469,651910,卖盘
2667,11:04:09,13.9,--,162,225180,卖盘
2668,11:04:06,13.9,--,28,38920,卖盘
2669,11:04:03,13.9,-0.01,18,25020,卖盘
2670,11:04:00,13.91,0.01,22,30602,买盘
2671,11:03:57,13.9,--,84,116760,卖盘
2672,11:03:54,13.9,-0.01,121,168190,卖盘
2673,11:03:51,13.91,0.01,42,58422,买盘
2674,11:03:48,13.9,--,85,118150,卖盘
2675,11:03:45,13.9,-0.01,276,383640,卖盘
2676,11:03:42,13.91,--,310,431210,卖盘
2677,11:03:39,13.91,--,34,47294,卖盘
2678,11:03:36,13.91,-0.01,19,26429,卖盘
2679,11:03:33,13.92,--,26,36192,买盘
2680,11:03:30,13.92,-0.01,733,1020336,卖盘
2681,11:03:27,13.93,0.01,136,189448,买盘
2682,11:03:24,13.92,--,252,350784,卖盘
2683,11:03:21,13.92,-0.01,90,125280,卖盘
2684,11:03:18,13.93,0.01,559,778687,买盘
2685,11:03:15,13.92,--,430,598560,卖盘
2686,11:03:12,13.92,--,209,290928,卖盘
2687,11:03:09,13.92,-0.01,4,5568,卖盘
2688,11:03:06,13.93,0.01,166,231238,买盘
2689,11:03:03,13.92,-0.01,83,115536,卖盘
2690,11:03:00,13.93,--,159,221487,买盘
2691,11:02:57,13.93,--,125,174125,买盘
2692,11:02:54,13.93,--,149,207557,买盘
2693,11:02:51,13.93,--,352,490336,买盘
2694,11:02:48,13.93,0.01,652,908236,买盘
2695,11:02:45,13.92,-0.01,37,51504,卖盘
2696,11:02:42,13.93,--,77,107261,买盘
2697,11:02:39,13.93,--,193,268849,买盘
2698,11:02:36,13.93,0.01,104,144872,买盘
2699,11:02:33,13.92,-0.01,242,336864,卖盘
2700,11:02:30,13.93,0.01,77,107261,买盘
2701,11:02:27,13.92,-0.01,131,182352,卖盘
2702,11:02:24,13.93,0.01,254,353822,买盘
2703,11:02:21,13.92,--,131,182352,卖盘
2704,11:02:18,13.92,-0.01,78,108576,卖盘
2705,11:02:15,13.93,0.01,93,129549,买盘
2706,11:02:12,13.92,-0.01,198,275616,卖盘
2707,11:02:09,13.93,--,27,37611,买盘
2708,11:02:06,13.93,0.01,219,305067,买盘
2709,11:02:03,13.92,-0.01,192,267264,买盘
2710,11:02:00,13.93,--,188,261884,买盘
2711,11:01:57,13.93,0.01,115,160195,买盘
2712,11:01:54,13.92,--,93,129456,卖盘
2713,11:01:51,13.92,--,27,37584,买盘
2714,11:01:48,13.92,--,463,644496,买盘
2715,11:01:45,13.92,--,244,339648,买盘
2716,11:01:42,13.92,--,38,52896,买盘
2717,11:01:39,13.92,--,155,215760,卖盘
2718,11:01:36,13.92,-0.01,40,55680,卖盘
2719,11:01:33,13.93,0.01,448,624064,买盘
2720,11:01:30,13.92,-0.01,339,471888,卖盘
2721,11:01:27,13.93,0.01,121,168553,买盘
2722,11:01:24,13.92,--,22,30624,卖盘
2723,11:01:21,13.92,--,97,135024,卖盘
2724,11:01:18,13.92,--,1780,2477760,卖盘
2725,11:01:15,13.92,--,74,103008,买盘
2726,11:01:12,13.92,0.01,61,84912,卖盘
2727,11:01:09,13.91,-0.01,23,31993,卖盘
2728,11:01:06,13.92,0.01,186,258912,买盘
2729,11:01:03,13.91,-0.01,32,44512,卖盘
2730,11:01:00,13.92,--,16,22272,买盘
2731,11:00:57,13.92,--,17,23664,买盘
2732,11:00:54,13.92,-0.01,467,650064,卖盘
2733,11:00:51,13.93,--,350,487550,买盘
2734,11:00:48,13.93,--,144,200592,买盘
2735,11:00:45,13.93,--,356,495908,买盘
2736,11:00:42,13.93,--,245,341285,买盘
2737,11:00:39,13.93,--,604,841455,卖盘
2738,11:00:36,13.93,--,419,583667,卖盘
2739,11:00:33,13.93,0.02,287,401100,买盘
2740,11:00:30,13.91,-0.02,1924,2676297,卖盘
2741,11:00:27,13.93,--,160,222880,买盘
2742,11:00:24,13.93,-0.01,232,323245,卖盘
2743,11:00:21,13.94,--,777,1083138,买盘
2744,11:00:18,13.94,0.01,794,1106836,买盘
2745,11:00:15,13.93,-0.01,582,810726,卖盘
