,time,price,change,volume,amount,type
0,15:00:03,8.84,--,15344,13564803,卖盘
1,14:57:00,8.84,--,569,503429,卖盘
2,14:56:57,8.84,--,391,345644,卖盘
3,14:56:54,8.84,--,71,63347,卖盘
4,14:56:51,8.84,-0.01,321,283764,中性盘
5,14:56:48,8.85,--,86,76110,买盘
6,14:56:45,8.85,0.01,478,423030,买盘
7,14:56:42,8.84,--,745,658580,卖盘
8,14:56:39,8.84,0.01,1198,1059032,买盘
9,14:56:36,8.83,-0.01,878,775274,卖盘
10,14:56:33,8.84,0.01,190,167960,买盘
11,14:56:30,8.83,--,818,722294,卖盘
12,14:56:27,8.83,-0.01,2160,1907280,卖盘
13,14:56:24,8.84,--,107,94588,买盘
14,14:56:21,8.84,0.01,434,383656,买盘
15,14:56:18,8.83,--,315,278145,卖盘
16,14:56:15,8.83,-0.01,537,474171,卖盘
17,14:56:12,8.84,0.01,851,752284,买盘
18,14:56:09,8.83,-0.01,216,190728,卖盘
19,14:56:06,8.84,--,264,233376,买盘
20,14:56:03,8.84,0.01,322,284648,买盘
21,14:56:00,8.83,-0.01,547,483001,卖盘
22,14:55:57,8.84,0.01,109,96356,买盘
23,14:55:54,8.83,-0.01,348,307284,卖盘
24,14:55:51,8.84,0.01,37,32708,买盘
25,14:55:48,8.83,--,397,350551,买盘
26,14:55:45,8.83,-0.01,501,442383,卖盘
27,14:55:42,8.84,--,1588,1403792,买盘
28,14:55:39,8.84,--,2092,1849328,买盘
29,14:55:36,8.84,--,381,336804,买盘
30,14:55:33,8.84,--,215,190060,买盘
31,14:55:30,8.84,-0.01,1545,1365780,卖盘
32,14:55:27,8.85,--,1237,1094745,买盘
33,14:55:24,8.85,0.01,1220,1079700,买盘
34,14:55:21,8.84,-0.01,1473,1302132,卖盘
35,14:55:18,8.85,--,403,356655,买盘
36,14:55:15,8.85,0.01,478,423030,买盘
37,14:55:12,8.84,--,277,244868,卖盘
38,14:55:09,8.84,--,217,191828,卖盘
39,14:55:06,8.84,--,1075,950300,卖盘
40,14:55:03,8.84,--,953,842452,卖盘
41,14:55:00,8.84,--,775,685100,卖盘
42,14:54:57,8.84,-0.01,489,432276,卖盘
43,14:54:54,8.85,0.01,331,292935,买盘
44,14:54:51,8.84,--,872,770848,买盘
45,14:54:48,8.84,--,229,202436,买盘
46,14:54:45,8.84,--,259,228956,买盘
47,14:54:42,8.84,-0.01,188,166192,买盘
48,14:54:39,8.85,0.01,524,463740,买盘
49,14:54:36,8.84,--,327,289518,卖盘
50,14:54:33,8.84,--,110,97240,卖盘
51,14:54:30,8.84,--,2007,1774621,买盘
52,14:54:27,8.84,--,1104,975936,买盘
53,14:54:24,8.84,--,499,441116,买盘
54,14:54:21,8.84,--,626,553384,买盘
55,14:54:18,8.84,--,323,285532,买盘
56,14:54:15,8.84,--,396,350064,买盘
57,14:54:12,8.84,0.01,917,810628,买盘
58,14:54:09,8.83,-0.01,245,216335,卖盘
59,14:54:06,8.84,--,95,83980,买盘
60,14:54:03,8.84,0.01,491,434044,买盘
61,14:54:00,8.83,--,825,728475,买盘
62,14:53:57,8.83,-0.01,1925,1699775,卖盘
63,14:53:54,8.84,--,885,782340,买盘
64,14:53:51,8.84,0.01,1882,1663688,买盘
65,14:53:48,8.83,--,1034,913022,买盘
66,14:53:45,8.83,--,449,396467,买盘
67,14:53:42,8.83,-0.01,915,807945,卖盘
68,14:53:39,8.84,0.01,372,328848,买盘
69,14:53:36,8.83,-0.01,162,143046,卖盘
70,14:53:33,8.84,0.02,367,324428,买盘
71,14:53:30,8.82,--,1726,1522332,卖盘
72,14:53:27,8.82,--,116,102312,卖盘
73,14:53:24,8.82,--,120,105840,卖盘
74,14:53:21,8.82,--,328,289296,买盘
75,14:53:18,8.82,--,271,239022,买盘
76,14:53:15,8.82,--,2817,2484594,买盘
77,14:53:12,8.82,--,378,333396,卖盘
78,14:53:09,8.82,-0.01,930,820260,卖盘
79,14:53:06,8.83,0.01,2140,1889620,买盘
80,14:53:03,8.82,--,345,304290,卖盘
81,14:53:00,8.82,--,2482,2189124,卖盘
82,14:52:57,8.82,--,1686,1487052,买盘
83,14:52:54,8.82,--,406,358092,买盘
84,14:52:51,8.82,0.01,589,519498,买盘
85,14:52:48,8.81,-0.01,361,318041,卖盘
86,14:52:45,8.82,--,1258,1109556,买盘
87,14:52:42,8.82,--,666,587412,买盘
88,14:52:39,8.82,--,1302,1148364,买盘
89,14:52:36,8.82,--,352,310464,买盘
90,14:52:33,8.82,0.01,256,225792,买盘
91,14:52:30,8.81,-0.01,1237,1089797,卖盘
92,14:52:27,8.82,--,167,147294,买盘
93,14:52:24,8.82,0.02,1575,1389150,买盘
94,14:52:21,8.8,-0.01,805,708400,卖盘
95,14:52:18,8.81,0.01,398,350638,买盘
96,14:52:15,8.8,0.01,2061,1814542,买盘
97,14:52:12,8.79,-0.01,7099,6240020,卖盘
98,14:52:09,8.8,--,1424,1253120,买盘
99,14:52:06,8.8,0.01,2870,2525600,买盘
100,14:52:03,8.79,-0.01,174,152945,卖盘
101,14:52:00,8.8,--,566,498080,买盘
102,14:51:57,8.8,--,307,270160,买盘
103,14:51:54,8.8,--,616,542080,买盘
104,14:51:51,8.8,--,155,136400,买盘
105,14:51:48,8.8,--,128,112640,买盘
106,14:51:45,8.8,--,217,190960,买盘
107,14:51:42,8.8,--,959,843920,买盘
108,14:51:39,8.8,--,642,564960,买盘
109,14:51:36,8.8,--,589,518320,买盘
110,14:51:33,8.8,--,1725,1518000,买盘
111,14:51:30,8.8,--,835,734800,买盘
112,14:51:27,8.8,--,2051,1804880,买盘
113,14:51:24,8.8,--,375,330000,买盘
114,14:51:21,8.8,0.01,106,93280,买盘
115,14:51:18,8.79,--,163,143277,卖盘
116,14:51:15,8.79,--,213,187226,卖盘
117,14:51:12,8.79,--,143,125696,卖盘
118,14:51:09,8.79,-0.01,119,104600,卖盘
119,14:51:06,8.8,0.01,42,36960,买盘
120,14:51:03,8.79,-0.01,118,103721,卖盘
121,14:51:00,8.8,0.01,4242,3732960,买盘
122,14:50:57,8.79,--,179,157340,卖盘
123,14:50:54,8.79,--,28,24611,卖盘
124,14:50:51,8.79,0.01,537,472374,买盘
125,14:50:48,8.78,-0.01,271,237937,卖盘
126,14:50:45,8.79,--,1134,996785,买盘
127,14:50:42,8.79,0.01,727,639032,买盘
128,14:50:39,8.78,-0.01,926,813027,卖盘
129,14:50:36,8.79,--,509,447410,买盘
130,14:50:33,8.79,--,3693,3246146,买盘
131,14:50:30,8.79,--,1081,950198,买盘
132,14:50:27,8.79,0.01,259,227660,买盘
133,14:50:24,8.78,-0.01,37,32485,卖盘
134,14:50:21,8.79,0.01,156,137124,买盘
135,14:50:18,8.78,-0.01,182,159796,卖盘
136,14:50:15,8.79,--,199,174920,买盘
137,14:50:12,8.79,0.01,780,685619,买盘
138,14:50:09,8.78,-0.01,169,148382,卖盘
139,14:50:06,8.79,0.01,40,35160,买盘
140,14:50:03,8.78,--,128,112383,卖盘
141,14:50:00,8.78,--,616,540848,卖盘
142,14:49:57,8.78,-0.01,115,100969,卖盘
143,14:49:54,8.79,--,1272,1118088,买盘
144,14:49:51,8.79,0.01,675,593325,买盘
145,14:49:48,8.78,--,51,44778,买盘
146,14:49:45,8.78,--,302,265156,买盘
147,14:49:42,8.78,--,321,281838,买盘
148,14:49:39,8.78,-0.01,3843,3374153,卖盘
149,14:49:36,8.79,--,124,108995,买盘
150,14:49:33,8.79,--,568,499271,买盘
151,14:49:30,8.79,--,76,66804,买盘
152,14:49:27,8.79,--,93,81746,买盘
153,14:49:24,8.79,0.01,216,189863,买盘
154,14:49:21,8.78,--,87,76386,卖盘
155,14:49:18,8.78,-0.01,260,228279,卖盘
156,14:49:15,8.79,--,162,142398,买盘
157,14:49:12,8.79,--,261,229418,买盘
158,14:49:09,8.79,--,58,50981,买盘
159,14:49:06,8.79,--,221,194258,买盘
160,14:49:03,8.79,--,106,93173,买盘
161,14:49:00,8.79,--,202,177557,买盘
162,14:48:57,8.79,0.01,377,331382,买盘
163,14:48:54,8.78,--,76,66728,卖盘
164,14:48:51,8.78,-0.01,15,13169,卖盘
165,14:48:48,8.79,0.01,43,37796,买盘
166,14:48:45,8.78,--,51,44778,卖盘
167,14:48:42,8.78,--,390,342595,买盘
168,14:48:39,8.78,--,1786,1568108,买盘
169,14:48:36,8.78,--,1145,1005309,买盘
170,14:48:33,8.78,--,178,156284,买盘
171,14:48:30,8.78,--,171,150138,买盘
172,14:48:27,8.78,--,152,133456,买盘
173,14:48:24,8.78,0.01,22,19316,买盘
174,14:48:21,8.77,-0.01,35,30695,卖盘
175,14:48:18,8.78,--,60,52679,买盘
176,14:48:15,8.78,0.01,263,230913,买盘
177,14:48:12,8.77,--,457,400789,卖盘
178,14:48:09,8.77,-0.01,919,805963,卖盘
179,14:48:06,8.78,0.01,92,80776,买盘
180,14:48:03,8.77,--,286,250822,卖盘
181,14:48:00,8.77,--,196,171892,卖盘
182,14:47:57,8.77,--,24,21048,卖盘
183,14:47:54,8.77,--,297,260469,卖盘
184,14:47:51,8.77,-0.01,155,135935,卖盘
185,14:47:48,8.78,--,392,344176,买盘
186,14:47:45,8.78,0.01,56,49168,买盘
187,14:47:42,8.77,--,164,143828,卖盘
188,14:47:39,8.77,--,851,746327,买盘
189,14:47:36,8.77,--,362,317474,买盘
190,14:47:33,8.77,-0.01,40,35080,卖盘
191,14:47:30,8.78,--,146,128187,买盘
192,14:47:27,8.78,0.01,876,769128,买盘
193,14:47:24,8.77,--,200,175400,卖盘
194,14:47:21,8.77,--,380,333260,卖盘
195,14:47:18,8.77,-0.01,652,571804,卖盘
196,14:47:15,8.78,0.01,458,402123,买盘
197,14:47:12,8.77,-0.01,816,715632,卖盘
198,14:47:09,8.78,0.01,168,147504,买盘
199,14:47:06,8.77,--,419,367463,卖盘
200,14:47:03,8.77,--,1422,1247094,卖盘
201,14:47:00,8.77,--,204,178908,卖盘
202,14:46:57,8.77,--,124,108748,卖盘
203,14:46:54,8.77,--,71,62267,卖盘
204,14:46:51,8.77,--,9,7893,卖盘
205,14:46:48,8.77,--,245,214865,卖盘
206,14:46:45,8.77,--,512,449024,买盘
207,14:46:42,8.77,--,4,3508,买盘
208,14:46:39,8.77,--,215,188555,买盘
209,14:46:36,8.77,--,466,408682,买盘
210,14:46:33,8.77,--,176,154352,买盘
211,14:46:30,8.77,--,245,214865,买盘
212,14:46:27,8.77,--,195,171015,买盘
213,14:46:24,8.77,-0.01,416,365533,卖盘
214,14:46:21,8.78,0.01,822,721716,买盘
215,14:46:18,8.77,-0.01,198,173646,卖盘
216,14:46:15,8.78,--,188,165064,买盘
217,14:46:12,8.78,--,286,251283,买盘
218,14:46:09,8.78,0.01,167,146626,买盘
219,14:46:06,8.77,--,132,115764,卖盘
220,14:46:03,8.77,-0.01,23,20171,卖盘
221,14:46:00,8.78,--,226,198428,买盘
222,14:45:57,8.78,0.01,208,182624,买盘
223,14:45:54,8.77,-0.01,186,163122,卖盘
224,14:45:51,8.78,0.01,91,79898,买盘
225,14:45:48,8.77,--,908,796316,买盘
226,14:45:45,8.77,0.01,315,276255,买盘
227,14:45:42,8.76,-0.01,174,152424,卖盘
228,14:45:39,8.77,--,1345,1179565,买盘
229,14:45:36,8.77,0.01,667,584959,买盘
230,14:45:33,8.76,-0.01,470,411720,卖盘
231,14:45:30,8.77,0.01,240,210480,买盘
232,14:45:27,8.76,-0.01,38,33288,卖盘
233,14:45:24,8.77,--,173,151721,买盘
234,14:45:21,8.77,0.01,70,61390,买盘
235,14:45:18,8.76,-0.01,285,249660,卖盘
236,14:45:15,8.77,--,744,652488,买盘
237,14:45:12,8.77,0.01,137,120149,买盘
238,14:45:09,8.76,-0.01,140,122640,卖盘
239,14:45:06,8.77,0.01,89,78053,买盘
240,14:45:03,8.76,-0.01,63,55188,卖盘
241,14:45:00,8.77,--,7,6139,买盘
242,14:44:57,8.77,--,250,219250,买盘
243,14:44:54,8.77,--,290,254330,卖盘
244,14:44:51,8.77,--,118,103486,卖盘
245,14:44:48,8.77,--,219,192063,买盘
246,14:44:45,8.77,0.01,77,67529,买盘
247,14:44:42,8.76,-0.01,517,452892,卖盘
248,14:44:39,8.77,0.01,410,359570,买盘
249,14:44:36,8.76,-0.01,723,633348,卖盘
250,14:44:33,8.77,--,71,62267,买盘
251,14:44:30,8.77,0.01,479,420083,买盘
252,14:44:27,8.76,-0.01,280,245280,卖盘
253,14:44:24,8.77,--,165,144705,买盘
254,14:44:21,8.77,--,403,353431,买盘
255,14:44:18,8.77,--,44,38588,买盘
256,14:44:15,8.77,--,255,223635,买盘
257,14:44:12,8.77,0.01,95,83315,买盘
258,14:44:09,8.76,--,690,604440,卖盘
259,14:44:06,8.76,--,602,527352,卖盘
260,14:44:03,8.76,--,75,65700,卖盘
261,14:44:00,8.76,-0.01,398,348648,卖盘
262,14:43:57,8.77,--,1131,991887,卖盘
263,14:43:54,8.77,-0.01,516,452532,卖盘
264,14:43:51,8.78,--,610,535580,买盘
265,14:43:48,8.78,--,84,73752,买盘
266,14:43:45,8.78,-0.01,231,202817,卖盘
267,14:43:42,8.79,--,2080,1828319,买盘
268,14:43:39,8.79,0.01,107,94052,买盘
269,14:43:36,8.78,--,172,151016,卖盘
270,14:43:33,8.78,-0.01,214,187892,卖盘
271,14:43:30,8.79,0.01,245,215354,买盘
272,14:43:27,8.78,--,199,174722,卖盘
273,14:43:24,8.78,-0.01,311,273058,卖盘
274,14:43:21,8.79,--,175,153824,买盘
275,14:43:18,8.79,0.01,231,203048,买盘
276,14:43:15,8.78,-0.01,258,226523,卖盘
277,14:43:12,8.79,--,74,65045,买盘
278,14:43:09,8.79,--,432,379727,买盘
279,14:43:06,8.79,--,676,594204,买盘
280,14:43:03,8.79,--,791,695288,买盘
281,14:43:00,8.79,--,1955,1718444,卖盘
282,14:42:57,8.79,--,116,101963,卖盘
283,14:42:54,8.79,--,409,359510,卖盘
284,14:42:51,8.79,--,1544,1357175,买盘
285,14:42:48,8.79,--,635,558165,买盘
286,14:42:45,8.79,--,631,554649,买盘
287,14:42:42,8.79,--,385,338414,买盘
288,14:42:39,8.79,--,858,754181,买盘
289,14:42:36,8.79,--,312,274248,买盘
290,14:42:33,8.79,0.01,906,796373,买盘
291,14:42:30,8.78,-0.01,606,532068,卖盘
292,14:42:27,8.79,--,485,426314,买盘
293,14:42:24,8.79,--,273,239966,买盘
294,14:42:21,8.79,--,193,169646,买盘
295,14:42:18,8.79,--,2697,2370663,买盘
296,14:42:15,8.79,0.01,73,64166,买盘
297,14:42:12,8.78,--,1006,883267,买盘
298,14:42:09,8.78,--,1092,958775,买盘
299,14:42:06,8.78,--,1470,1290660,买盘
300,14:42:03,8.78,0.01,1814,1592692,买盘
301,14:42:00,8.77,-0.01,203,178031,卖盘
302,14:41:57,8.78,0.01,450,395100,买盘
303,14:41:54,8.77,--,151,132427,卖盘
304,14:41:51,8.77,-0.01,410,359570,卖盘
305,14:41:48,8.78,0.01,71,62337,买盘
306,14:41:45,8.77,--,654,573558,买盘
307,14:41:42,8.77,--,826,724402,买盘
308,14:41:39,8.77,0.01,117,102609,买盘
309,14:41:36,8.76,--,720,630720,卖盘
310,14:41:33,8.76,-0.01,244,213744,卖盘
311,14:41:30,8.77,0.01,118,103486,买盘
312,14:41:27,8.76,--,89,77964,卖盘
313,14:41:24,8.76,--,396,346896,卖盘
314,14:41:21,8.76,-0.01,1507,1320132,卖盘
315,14:41:18,8.77,--,451,395527,买盘
316,14:41:15,8.77,--,180,157860,买盘
317,14:41:12,8.77,0.01,95,83315,买盘
318,14:41:09,8.76,-0.01,1026,898776,卖盘
319,14:41:06,8.77,0.02,665,583205,买盘
320,14:41:03,8.75,-0.01,1265,1106875,卖盘
321,14:41:00,8.76,--,235,205860,买盘
322,14:40:57,8.76,0.01,314,275064,买盘
323,14:40:54,8.75,-0.01,90,78750,卖盘
324,14:40:51,8.76,0.01,229,200604,买盘
325,14:40:48,8.75,--,169,147875,卖盘
326,14:40:45,8.75,--,94,82250,卖盘
327,14:40:42,8.75,--,814,712250,买盘
328,14:40:39,8.75,--,542,474250,买盘
329,14:40:36,8.75,--,47,41125,买盘
330,14:40:33,8.75,--,159,139125,买盘
331,14:40:30,8.75,0.01,547,478625,买盘
332,14:40:27,8.74,-0.01,152,132848,卖盘
333,14:40:24,8.75,--,287,251125,买盘
334,14:40:21,8.75,--,123,107625,买盘
335,14:40:18,8.75,--,350,306250,买盘
336,14:40:15,8.75,0.01,122,106750,买盘
337,14:40:12,8.74,-0.01,183,159942,卖盘
338,14:40:09,8.75,0.01,153,133875,买盘
339,14:40:06,8.74,-0.01,52,45448,卖盘
340,14:40:03,8.75,--,300,262500,买盘
341,14:40:00,8.75,--,279,244125,买盘
342,14:39:57,8.75,0.01,250,218750,买盘
343,14:39:54,8.74,--,315,275310,买盘
344,14:39:51,8.74,--,72,62928,买盘
345,14:39:48,8.74,--,224,195776,买盘
346,14:39:45,8.74,--,152,132848,买盘
347,14:39:42,8.74,-0.01,716,625784,卖盘
348,14:39:39,8.75,0.01,1312,1148000,买盘
349,14:39:36,8.74,--,110,96140,卖盘
350,14:39:33,8.74,-0.01,287,250838,卖盘
351,14:39:30,8.75,--,289,252875,买盘
352,14:39:27,8.75,--,185,161875,买盘
353,14:39:24,8.75,0.01,737,644875,买盘
354,14:39:21,8.74,--,1147,1002478,卖盘
355,14:39:18,8.74,--,480,419520,卖盘
356,14:39:15,8.74,--,370,323380,卖盘
357,14:39:12,8.74,-0.01,502,438748,卖盘
358,14:39:09,8.75,--,124,108500,买盘
359,14:39:06,8.75,0.01,80,70000,买盘
360,14:39:03,8.74,--,465,406410,卖盘
361,14:39:00,8.74,-0.01,256,223744,卖盘
362,14:38:57,8.75,--,416,364000,买盘
363,14:38:54,8.75,--,187,163625,买盘
364,14:38:51,8.75,--,187,163625,卖盘
365,14:38:48,8.75,--,486,425250,买盘
366,14:38:45,8.75,--,1056,924000,买盘
367,14:38:42,8.75,--,624,546000,买盘
368,14:38:39,8.75,-0.01,500,437500,卖盘
369,14:38:36,8.76,0.01,1408,1233408,买盘
370,14:38:33,8.75,-0.01,127,111125,卖盘
371,14:38:30,8.76,--,145,127020,买盘
372,14:38:27,8.76,0.01,849,743724,买盘
373,14:38:24,8.75,-0.01,508,444500,卖盘
374,14:38:21,8.76,--,699,612324,卖盘
375,14:38:18,8.76,--,337,295212,卖盘
376,14:38:15,8.76,--,1376,1205376,卖盘
377,14:38:12,8.76,-0.01,110,96360,卖盘
378,14:38:09,8.77,0.01,31,27187,买盘
379,14:38:06,8.76,-0.01,579,507204,卖盘
380,14:38:03,8.77,0.01,592,519184,买盘
381,14:38:00,8.76,--,832,728832,买盘
382,14:37:57,8.76,--,326,285576,买盘
383,14:37:54,8.76,-0.01,394,345144,中性盘
384,14:37:51,8.77,0.02,1288,1129576,买盘
385,14:37:48,8.75,-0.02,1039,909125,卖盘
386,14:37:45,8.77,0.01,262,229774,买盘
387,14:37:42,8.76,0.01,360,316052,买盘
388,14:37:39,8.75,--,2876,2516500,买盘
389,14:37:36,8.75,--,478,418250,买盘
390,14:37:33,8.75,--,1831,1602125,买盘
391,14:37:30,8.75,0.01,651,569625,买盘
392,14:37:27,8.74,--,516,450984,买盘
393,14:37:24,8.74,0.01,847,740278,买盘
394,14:37:21,8.73,-0.01,407,355311,卖盘
395,14:37:18,8.74,--,905,790970,买盘
396,14:37:15,8.74,0.01,1047,915078,买盘
397,14:37:12,8.73,--,1425,1244025,卖盘
398,14:37:09,8.73,--,1991,1738143,买盘
399,14:37:06,8.73,--,642,560466,买盘
400,14:37:03,8.73,0.01,654,570942,买盘
401,14:37:00,8.72,--,278,242416,卖盘
402,14:36:57,8.72,--,78,68016,卖盘
403,14:36:54,8.72,--,376,327872,买盘
404,14:36:51,8.72,--,941,820552,买盘
405,14:36:48,8.72,--,389,339208,买盘
406,14:36:45,8.72,--,80,69760,买盘
407,14:36:42,8.72,0.01,292,254624,买盘
408,14:36:39,8.71,--,103,89713,卖盘
409,14:36:36,8.71,--,1708,1487668,买盘
410,14:36:33,8.71,--,159,138489,买盘
411,14:36:30,8.71,0.02,2119,1846101,买盘
412,14:36:27,8.69,-0.01,6076,5280044,卖盘
413,14:36:24,8.7,0.01,400,348000,买盘
414,14:36:21,8.69,-0.01,49,42581,卖盘
415,14:36:18,8.7,0.01,469,408029,买盘
416,14:36:15,8.69,-0.01,113,98197,卖盘
417,14:36:12,8.7,0.01,1136,988319,买盘
418,14:36:09,8.69,--,314,272866,买盘
419,14:36:06,8.69,--,252,218988,卖盘
420,14:36:03,8.69,--,546,474474,买盘
421,14:36:00,8.69,--,378,328482,买盘
422,14:35:57,8.69,0.01,963,836847,买盘
423,14:35:54,8.68,-0.01,373,323764,卖盘
424,14:35:51,8.69,--,603,524006,买盘
425,14:35:48,8.69,0.01,28,24332,买盘
426,14:35:45,8.68,-0.01,52,45136,卖盘
427,14:35:42,8.69,--,307,266783,买盘
428,14:35:39,8.69,0.01,146,126874,买盘
429,14:35:36,8.68,-0.01,46,39928,卖盘
430,14:35:33,8.69,--,213,185097,买盘
431,14:35:30,8.69,--,283,245927,买盘
432,14:35:27,8.69,--,53,46057,买盘
433,14:35:24,8.69,--,526,457094,买盘
434,14:35:21,8.69,--,104,90376,买盘
435,14:35:18,8.69,--,16,13904,买盘
436,14:35:15,8.69,--,1086,943734,买盘
437,14:35:12,8.69,0.01,130,112970,买盘
438,14:35:09,8.68,--,11,9548,卖盘
439,14:35:06,8.68,-0.01,82,71176,卖盘
440,14:35:03,8.69,0.01,33,28677,买盘
441,14:35:00,8.68,-0.01,189,164052,卖盘
442,14:34:57,8.69,0.01,3086,2681734,买盘
443,14:34:54,8.68,--,79,68572,卖盘
444,14:34:51,8.68,--,20,17360,卖盘
445,14:34:48,8.68,--,40,34720,买盘
446,14:34:45,8.68,--,141,122388,买盘
447,14:34:42,8.68,--,587,509516,买盘
448,14:34:39,8.68,0.01,270,234360,买盘
449,14:34:36,8.67,-0.01,251,217617,卖盘
450,14:34:33,8.68,--,1436,1246448,买盘
451,14:34:30,8.68,0.01,137,118916,买盘
452,14:34:27,8.67,--,552,478584,卖盘
453,14:34:24,8.67,-0.01,19,16473,卖盘
454,14:34:21,8.68,0.01,56,48608,买盘
455,14:34:18,8.67,-0.01,263,228021,卖盘
456,14:34:15,8.68,--,346,300328,买盘
457,14:34:12,8.68,--,43,37324,买盘
458,14:34:09,8.68,0.01,68,59024,买盘
459,14:34:06,8.67,-0.01,24,20808,卖盘
460,14:34:03,8.68,--,648,562464,买盘
461,14:34:00,8.68,0.01,63,54684,买盘
462,14:33:57,8.67,--,297,257499,卖盘
463,14:33:54,8.67,-0.01,35,30345,卖盘
464,14:33:51,8.68,0.01,30,26040,买盘
465,14:33:48,8.67,-0.01,6,5202,中性盘
466,14:33:45,8.68,--,300,260400,买盘
467,14:33:42,8.68,0.01,62,53816,买盘
468,14:33:39,8.67,-0.01,138,119646,卖盘
469,14:33:36,8.68,--,113,98084,买盘
470,14:33:33,8.68,0.01,104,90272,买盘
471,14:33:30,8.67,-0.01,104,90168,卖盘
472,14:33:27,8.68,0.02,47,40796,买盘
473,14:33:24,8.66,-0.01,280,242480,卖盘
474,14:33:21,8.67,0.01,210,182070,买盘
475,14:33:18,8.66,-0.01,92,79672,卖盘
476,14:33:15,8.67,--,659,571353,卖盘
477,14:33:12,8.67,-0.01,591,512397,卖盘
478,14:33:09,8.68,0.01,78,67704,买盘
479,14:33:06,8.67,-0.01,223,193341,卖盘
480,14:33:03,8.68,0.01,101,87668,买盘
481,14:33:00,8.67,--,30,26010,卖盘
482,14:32:57,8.67,--,164,142188,卖盘
483,14:32:54,8.67,--,146,126582,卖盘
484,14:32:51,8.67,--,10,8670,卖盘
485,14:32:48,8.67,--,59,51153,买盘
486,14:32:45,8.67,--,74,64158,卖盘
487,14:32:42,8.67,--,76,65892,买盘
488,14:32:39,8.67,--,9,7803,买盘
489,14:32:36,8.67,--,106,91902,买盘
490,14:32:33,8.67,-0.01,184,159528,卖盘
491,14:32:30,8.68,0.01,103,89404,买盘
492,14:32:27,8.67,--,117,101439,卖盘
493,14:32:24,8.67,-0.01,531,460377,卖盘
494,14:32:21,8.68,0.01,321,278628,买盘
495,14:32:18,8.67,-0.01,447,387549,卖盘
496,14:32:15,8.68,0.01,68,59024,买盘
497,14:32:12,8.67,--,84,72828,卖盘
498,14:32:09,8.67,-0.01,419,363273,卖盘
499,14:32:06,8.68,--,78,67704,买盘
500,14:32:03,8.68,--,66,57288,买盘
501,14:32:00,8.68,0.01,541,469588,买盘
502,14:31:57,8.67,--,7,6069,卖盘
503,14:31:54,8.67,--,658,570486,买盘
504,14:31:51,8.67,--,289,250563,买盘
505,14:31:48,8.67,--,179,155193,买盘
506,14:31:45,8.67,--,156,135252,买盘
507,14:31:42,8.67,--,15,13005,买盘
508,14:31:39,8.67,--,133,115311,买盘
509,14:31:36,8.67,--,30,26010,买盘
510,14:31:33,8.67,--,82,71094,买盘
511,14:31:30,8.67,--,113,97971,买盘
512,14:31:27,8.67,--,883,765561,卖盘
513,14:31:24,8.67,--,1124,974508,卖盘
514,14:31:21,8.67,--,561,486387,卖盘
515,14:31:18,8.67,-0.01,172,149124,卖盘
516,14:31:15,8.68,--,376,326368,买盘
517,14:31:12,8.68,--,62,53816,买盘
518,14:31:09,8.68,--,306,265608,买盘
519,14:31:06,8.68,0.01,473,410564,买盘
520,14:31:03,8.67,--,450,390150,卖盘
521,14:31:00,8.67,-0.01,1476,1279692,卖盘
522,14:30:57,8.68,0.01,1239,1075452,买盘
523,14:30:54,8.67,-0.01,1034,896478,卖盘
524,14:30:51,8.68,--,141,122388,买盘
525,14:30:48,8.68,0.01,105,91140,买盘
526,14:30:45,8.67,--,147,127449,卖盘
527,14:30:42,8.67,-0.01,56,48552,卖盘
528,14:30:39,8.68,0.01,504,437472,买盘
529,14:30:36,8.67,--,1051,911217,买盘
530,14:30:33,8.67,--,1208,1047336,买盘
531,14:30:30,8.67,--,249,215883,买盘
532,14:30:27,8.67,--,60,52020,买盘
533,14:30:24,8.67,--,267,231489,买盘
534,14:30:21,8.67,--,171,148257,买盘
535,14:30:18,8.67,--,454,393618,买盘
536,14:30:15,8.67,0.01,13,11271,买盘
537,14:30:12,8.66,--,2195,1900870,买盘
538,14:30:09,8.66,--,1168,1011488,买盘
539,14:30:06,8.66,--,345,298770,买盘
540,14:30:03,8.66,0.01,584,505744,买盘
541,14:30:00,8.65,--,1372,1186780,卖盘
542,14:29:57,8.65,--,160,138400,卖盘
543,14:29:54,8.65,--,24,21244,卖盘
544,14:29:51,8.65,--,385,333025,卖盘
545,14:29:48,8.65,--,2327,2012855,买盘
546,14:29:45,8.65,--,1944,1681560,买盘
547,14:29:42,8.65,0.01,1669,1443685,买盘
548,14:29:39,8.64,-0.01,111,95904,卖盘
549,14:29:36,8.65,--,865,748225,买盘
550,14:29:33,8.65,--,326,281990,买盘
551,14:29:30,8.65,--,143,123695,买盘
552,14:29:27,8.65,--,653,564845,买盘
553,14:29:24,8.65,--,948,820020,买盘
554,14:29:21,8.65,--,896,775040,买盘
555,14:29:18,8.65,--,936,809640,买盘
556,14:29:15,8.65,0.01,124,107260,买盘
557,14:29:12,8.64,-0.01,13,11232,卖盘
558,14:29:09,8.65,--,328,283720,买盘
559,14:29:06,8.65,0.01,20,17300,买盘
560,14:29:03,8.64,-0.01,50,43200,卖盘
561,14:29:00,8.65,0.01,587,507755,买盘
562,14:28:57,8.64,--,55,47520,卖盘
563,14:28:54,8.64,--,83,71712,卖盘
564,14:28:51,8.64,-0.01,98,84672,卖盘
565,14:28:48,8.65,0.01,7,6055,买盘
566,14:28:45,8.64,--,431,372625,买盘
567,14:28:42,8.64,--,2181,1884384,买盘
568,14:28:39,8.64,--,165,142560,买盘
569,14:28:36,8.64,--,449,387936,买盘
570,14:28:33,8.64,--,1647,1423008,买盘
571,14:28:30,8.64,--,192,165888,买盘
572,14:28:27,8.64,0.01,24,20736,买盘
573,14:28:24,8.63,-0.01,787,679181,卖盘
574,14:28:21,8.64,--,75,64800,买盘
575,14:28:18,8.64,--,14,12096,买盘
576,14:28:15,8.64,0.01,153,132192,买盘
577,14:28:12,8.63,--,158,136354,卖盘
578,14:28:09,8.63,-0.01,109,94067,卖盘
579,14:28:06,8.64,0.01,117,101088,买盘
580,14:28:03,8.63,--,185,159655,卖盘
581,14:28:00,8.63,-0.01,22,18986,卖盘
582,14:27:57,8.64,0.01,405,349920,买盘
583,14:27:54,8.63,-0.01,280,241640,卖盘
584,14:27:51,8.64,--,1225,1058400,买盘
585,14:27:48,8.64,--,58,50112,买盘
586,14:27:45,8.64,--,57,49248,买盘
587,14:27:42,8.64,0.01,8,6912,买盘
588,14:27:39,8.63,--,35,30205,卖盘
589,14:27:36,8.63,--,734,633442,买盘
590,14:27:33,8.63,--,893,770659,买盘
591,14:27:30,8.63,--,247,213161,买盘
592,14:27:27,8.63,0.01,198,170874,买盘
593,14:27:24,8.62,-0.01,630,543060,卖盘
594,14:27:21,8.63,--,602,519526,买盘
595,14:27:18,8.63,--,104,89752,买盘
596,14:27:15,8.63,--,145,125135,买盘
597,14:27:12,8.63,--,89,76807,买盘
598,14:27:09,8.63,--,53,45739,买盘
599,14:27:06,8.63,--,201,173463,买盘
600,14:27:03,8.63,0.01,123,106149,买盘
601,14:27:00,8.62,--,17,14653,卖盘
602,14:26:57,8.62,--,15,12929,卖盘
603,14:26:54,8.62,--,15,12929,卖盘
604,14:26:51,8.62,--,40,34480,卖盘
605,14:26:48,8.62,--,1186,1022331,买盘
606,14:26:45,8.62,--,142,122403,买盘
607,14:26:42,8.62,0.01,826,712011,买盘
608,14:26:39,8.61,--,4,3444,卖盘
609,14:26:36,8.61,--,1,861,卖盘
610,14:26:33,8.61,-0.01,56,48216,卖盘
611,14:26:30,8.62,0.01,101,87061,买盘
612,14:26:27,8.61,-0.01,123,105903,卖盘
613,14:26:24,8.62,--,121,104301,买盘
614,14:26:21,8.62,--,44,37928,买盘
615,14:26:18,8.62,--,1,861,买盘
616,14:26:15,8.62,0.01,193,166365,买盘
617,14:26:12,8.61,--,973,837753,买盘
618,14:26:09,8.61,--,18,15497,买盘
619,14:26:06,8.61,0.01,31,26691,买盘
620,14:26:03,8.6,-0.01,64,55040,卖盘
621,14:26:00,8.61,0.01,96,82656,买盘
622,14:25:57,8.6,--,63,54180,卖盘
623,14:25:54,8.6,--,36,30960,卖盘
624,14:25:51,8.6,--,39,33540,卖盘
625,14:25:48,8.6,--,684,588240,卖盘
626,14:25:45,8.6,--,698,600968,买盘
627,14:25:42,8.6,0.01,44,37840,买盘
628,14:25:39,8.59,-0.01,21,18039,卖盘
629,14:25:36,8.6,0.01,145,124700,买盘
630,14:25:33,8.59,-0.01,34,29206,卖盘
631,14:25:30,8.6,--,13,11180,买盘
632,14:25:24,8.6,--,99,85140,买盘
633,14:25:21,8.6,0.01,27,23220,买盘
634,14:25:15,8.59,--,59,50681,卖盘
635,14:25:12,8.59,--,24,21406,卖盘
636,14:25:09,8.59,-0.01,51,43809,卖盘
637,14:25:06,8.6,0.01,339,291540,买盘
638,14:25:03,8.59,-0.01,102,87618,卖盘
639,14:25:00,8.6,0.01,34,29240,买盘
640,14:24:57,8.59,-0.01,103,88477,卖盘
641,14:24:54,8.6,--,100,86000,买盘
642,14:24:51,8.6,0.01,22,18920,买盘
643,14:24:48,8.59,-0.01,44,37796,卖盘
644,14:24:45,8.6,--,96,82560,买盘
645,14:24:42,8.6,0.01,4,3440,买盘
646,14:24:39,8.59,--,12,10308,卖盘
647,14:24:36,8.59,--,47,40373,卖盘
648,14:24:33,8.59,--,42,36078,卖盘
649,14:24:30,8.59,--,74,63566,卖盘
650,14:24:27,8.59,--,30,25770,卖盘
651,14:24:24,8.59,--,114,97926,卖盘
652,14:24:21,8.59,--,29,24911,卖盘
653,14:24:18,8.59,-0.01,14,12026,卖盘
654,14:24:15,8.6,--,34,29240,买盘
655,14:24:12,8.6,0.01,2,1720,买盘
656,14:24:09,8.59,-0.01,16,13744,卖盘
657,14:24:06,8.6,--,46,39560,买盘
658,14:24:03,8.6,--,8,6880,买盘
659,14:23:57,8.6,0.01,21,18060,买盘
660,14:23:54,8.59,-0.01,75,64425,卖盘
661,14:23:51,8.6,0.01,32,27520,买盘
662,14:23:48,8.59,-0.01,36,30924,卖盘
663,14:23:45,8.6,--,27,23220,买盘
664,14:23:42,8.6,--,32,27520,买盘
665,14:23:39,8.6,--,4,3440,买盘
666,14:23:33,8.6,--,4,3440,买盘
667,14:23:30,8.6,--,82,70520,卖盘
668,14:23:27,8.6,--,41,35260,卖盘
669,14:23:24,8.6,--,41,35260,卖盘
670,14:23:21,8.6,--,333,286380,买盘
671,14:23:18,8.6,--,6,5160,买盘
672,14:23:15,8.6,0.01,79,67940,买盘
673,14:23:12,8.59,-0.01,6,5154,卖盘
674,14:23:09,8.6,0.01,38,32680,买盘
675,14:23:06,8.59,-0.01,21,18039,卖盘
676,14:23:03,8.6,--,9,7740,买盘
677,14:23:00,8.6,0.01,4,3440,买盘
678,14:22:57,8.59,-0.01,1000,859000,卖盘
679,14:22:54,8.6,-0.01,33,28380,卖盘
680,14:22:51,8.61,--,148,127427,买盘
681,14:22:48,8.61,0.01,245,210945,买盘
682,14:22:45,8.6,--,6,5160,卖盘
683,14:22:42,8.6,-0.01,70,60200,卖盘
684,14:22:39,8.61,--,41,35301,买盘
685,14:22:36,8.61,0.01,34,29273,买盘
686,14:22:33,8.6,--,224,192640,买盘
687,14:22:30,8.6,0.01,4,3440,买盘
688,14:22:27,8.59,-0.01,24,20616,卖盘
689,14:22:24,8.6,--,294,252840,买盘
690,14:22:21,8.6,--,733,630380,买盘
691,14:22:18,8.6,--,1,860,买盘
692,14:22:15,8.6,--,35,30100,买盘
693,14:22:12,8.6,0.01,83,71380,买盘
694,14:22:09,8.59,-0.01,29,24911,卖盘
695,14:22:06,8.6,--,14,12040,买盘
696,14:22:03,8.6,--,9,7740,买盘
697,14:22:00,8.6,--,10,8600,买盘
698,14:21:57,8.6,--,117,100620,卖盘
699,14:21:54,8.6,--,49,42140,卖盘
700,14:21:51,8.6,--,386,331960,卖盘
701,14:21:48,8.6,--,3,2580,卖盘
702,14:21:45,8.6,--,2057,1769020,卖盘
703,14:21:42,8.6,-0.01,42,36120,卖盘
704,14:21:39,8.61,0.01,53,45633,买盘
705,14:21:33,8.6,-0.01,38,32680,卖盘
706,14:21:30,8.61,--,15,12915,买盘
707,14:21:27,8.61,--,19,16358,买盘
708,14:21:24,8.61,--,1,861,买盘
709,14:21:21,8.61,--,49,42189,买盘
710,14:21:18,8.61,--,16,13776,买盘
711,14:21:15,8.61,--,21,18081,买盘
712,14:21:12,8.61,--,4,3444,买盘
713,14:21:09,8.61,--,53,45633,买盘
714,14:21:06,8.61,0.01,21,18081,买盘
715,14:21:03,8.6,-0.01,360,309600,卖盘
716,14:21:00,8.61,--,20,17220,卖盘
717,14:20:57,8.61,--,54,46494,卖盘
718,14:20:54,8.61,--,8,6888,卖盘
719,14:20:51,8.61,--,106,91266,卖盘
720,14:20:48,8.61,-0.01,39,33579,卖盘
721,14:20:45,8.62,0.01,85,73270,买盘
722,14:20:42,8.61,--,78,67158,卖盘
723,14:20:39,8.61,--,615,530203,买盘
724,14:20:36,8.61,0.01,18,15497,买盘
725,14:20:33,8.6,-0.01,10,8600,卖盘
726,14:20:30,8.61,0.01,6,5166,买盘
727,14:20:27,8.6,-0.01,102,87720,卖盘
728,14:20:24,8.61,--,114,98154,买盘
729,14:20:18,8.61,0.01,8,6888,买盘
730,14:20:15,8.6,-0.01,31,26660,卖盘
731,14:20:12,8.61,--,1125,968624,买盘
732,14:20:09,8.61,--,3,2583,买盘
733,14:20:06,8.61,--,37,31856,买盘
734,14:20:03,8.61,0.01,23,19803,买盘
735,14:20:00,8.6,--,20,17200,卖盘
736,14:19:57,8.6,--,118,101480,卖盘
737,14:19:54,8.6,--,3,2580,卖盘
738,14:19:51,8.6,-0.01,151,129860,卖盘
739,14:19:48,8.61,--,30,25830,买盘
740,14:19:45,8.61,0.01,50,43050,买盘
741,14:19:42,8.6,-0.01,11,9460,卖盘
742,14:19:39,8.61,--,33,28412,买盘
743,14:19:36,8.61,0.01,296,254855,买盘
744,14:19:33,8.6,-0.01,74,63640,卖盘
745,14:19:30,8.61,--,218,187698,买盘
746,14:19:27,8.61,0.01,25,21525,买盘
747,14:19:24,8.6,-0.01,17,14620,卖盘
748,14:19:21,8.61,--,124,106764,买盘
749,14:19:18,8.61,0.01,51,43911,买盘
750,14:19:15,8.6,--,51,43860,卖盘
751,14:19:12,8.6,-0.01,24,20640,卖盘
752,14:19:09,8.61,--,82,70602,买盘
753,14:19:06,8.61,0.01,77,66297,买盘
754,14:19:03,8.6,--,120,103200,卖盘
755,14:19:00,8.6,--,107,92020,卖盘
756,14:18:57,8.6,-0.01,26,22360,卖盘
757,14:18:54,8.61,0.01,36,30995,买盘
758,14:18:48,8.6,--,75,64500,卖盘
759,14:18:45,8.6,--,14,12040,卖盘
760,14:18:42,8.6,--,165,141900,卖盘
761,14:18:39,8.6,-0.01,40,34400,卖盘
762,14:18:36,8.61,--,11,9471,买盘
763,14:18:30,8.61,0.01,57,49077,买盘
764,14:18:27,8.6,--,20,17200,卖盘
765,14:18:24,8.6,--,125,107500,卖盘
766,14:18:21,8.6,-0.01,445,382700,卖盘
767,14:18:18,8.61,--,25,21525,买盘
768,14:18:15,8.61,--,4,3444,买盘
769,14:18:12,8.61,0.01,98,84378,买盘
770,14:18:09,8.6,--,263,226180,卖盘
771,14:18:06,8.6,--,3,2580,卖盘
772,14:18:03,8.6,--,47,40420,卖盘
773,14:17:57,8.6,--,7,6020,卖盘
774,14:17:54,8.6,--,4,3440,卖盘
775,14:17:51,8.6,-0.01,19,16340,卖盘
776,14:17:48,8.61,0.01,133,114512,买盘
777,14:17:45,8.6,--,170,146200,卖盘
778,14:17:39,8.6,0.01,74,63640,买盘
779,14:17:36,8.59,--,75,64425,卖盘
780,14:17:33,8.59,-0.01,148,127132,卖盘
781,14:17:30,8.6,0.01,36,30960,买盘
782,14:17:27,8.59,-0.01,1,859,卖盘
783,14:17:24,8.6,0.01,407,350020,买盘
784,14:17:21,8.59,-0.01,13,11167,卖盘
785,14:17:18,8.6,0.01,7,6020,买盘
786,14:17:15,8.59,-0.01,34,29206,卖盘
787,14:17:12,8.6,--,91,78260,买盘
788,14:17:09,8.6,--,280,240800,卖盘
789,14:17:06,8.6,--,70,60200,卖盘
790,14:17:03,8.6,--,294,252840,买盘
791,14:17:00,8.6,0.01,527,453220,买盘
792,14:16:57,8.59,-0.01,38,32642,卖盘
793,14:16:54,8.6,0.01,6,5160,买盘
794,14:16:51,8.59,-0.01,112,96208,卖盘
795,14:16:48,8.6,0.01,183,157380,买盘
796,14:16:45,8.59,-0.01,28,24052,卖盘
797,14:16:39,8.6,0.01,60,51600,买盘
798,14:16:36,8.59,--,255,219045,卖盘
799,14:16:30,8.59,-0.01,95,81605,卖盘
800,14:16:27,8.6,--,85,73100,买盘
801,14:16:24,8.6,0.01,35,30100,买盘
802,14:16:21,8.59,-0.01,74,63566,卖盘
803,14:16:18,8.6,--,44,37840,买盘
804,14:16:15,8.6,--,1,860,买盘
805,14:16:12,8.6,--,69,59340,买盘
806,14:16:09,8.6,--,228,196080,买盘
807,14:16:06,8.6,-0.01,279,239940,卖盘
808,14:16:03,8.61,--,173,148953,买盘
809,14:16:00,8.61,0.01,200,172200,买盘
810,14:15:57,8.6,--,140,120400,卖盘
811,14:15:54,8.6,-0.01,91,78260,卖盘
812,14:15:51,8.61,0.01,46,39606,买盘
813,14:15:48,8.6,--,62,53320,卖盘
814,14:15:45,8.6,--,10,8600,卖盘
815,14:15:42,8.6,-0.01,349,300140,卖盘
816,14:15:39,8.61,--,664,571704,买盘
817,14:15:36,8.61,0.01,268,230747,买盘
818,14:15:33,8.6,-0.01,133,114380,卖盘
819,14:15:30,8.61,0.01,126,108486,买盘
820,14:15:27,8.6,--,100,86000,卖盘
821,14:15:24,8.6,--,24,20640,卖盘
822,14:15:21,8.6,-0.01,62,53320,卖盘
823,14:15:18,8.61,--,109,93849,买盘
824,14:15:15,8.61,--,100,86100,买盘
825,14:15:06,8.61,0.01,30,25830,买盘
826,14:15:03,8.6,-0.01,311,267460,卖盘
827,14:15:00,8.61,0.01,1,861,买盘
828,14:14:57,8.6,-0.01,95,81700,卖盘
829,14:14:54,8.61,--,354,304966,卖盘
830,14:14:51,8.61,--,3,2583,卖盘
831,14:14:48,8.61,--,116,99876,卖盘
832,14:14:45,8.61,-0.01,32,27552,卖盘
833,14:14:42,8.62,--,112,96543,买盘
834,14:14:39,8.62,--,84,72408,买盘
835,14:14:36,8.62,--,50,43099,买盘
836,14:14:33,8.62,0.01,66,56891,买盘
837,14:14:30,8.61,--,58,49938,卖盘
838,14:14:27,8.61,--,142,122261,卖盘
839,14:14:24,8.61,-0.01,110,94710,卖盘
840,14:14:21,8.62,0.01,116,99991,买盘
841,14:14:18,8.61,--,124,106764,卖盘
842,14:14:15,8.61,-0.01,15,12915,卖盘
843,14:14:12,8.62,--,5,4310,买盘
844,14:14:09,8.62,--,21,18102,买盘
845,14:14:06,8.62,--,26,22411,买盘
846,14:14:03,8.62,0.01,274,236187,买盘
847,14:14:00,8.61,--,94,80934,卖盘
848,14:13:57,8.61,-0.01,40,34440,卖盘
849,14:13:54,8.62,--,10,8620,买盘
850,14:13:51,8.62,--,142,122403,买盘
851,14:13:48,8.62,0.01,17,14653,买盘
852,14:13:45,8.61,-0.01,63,54243,卖盘
853,14:13:42,8.62,--,8,6895,买盘
854,14:13:39,8.62,--,8,6895,买盘
855,14:13:36,8.62,--,79,68098,卖盘
856,14:13:33,8.62,--,3,2585,卖盘
857,14:13:30,8.62,-0.01,60,51719,卖盘
858,14:13:27,8.63,0.01,14,12082,买盘
859,14:13:24,8.62,--,125,107749,卖盘
860,14:13:21,8.62,--,49,42237,卖盘
861,14:13:18,8.62,--,195,168089,卖盘
862,14:13:15,8.62,--,76,65511,卖盘
863,14:13:12,8.62,--,201,173261,卖盘
864,14:13:09,8.62,-0.01,52,44823,卖盘
865,14:13:06,8.63,0.01,141,121683,买盘
866,14:13:03,8.62,--,77,66374,卖盘
867,14:13:00,8.62,-0.01,20,17240,卖盘
868,14:12:57,8.63,0.01,435,375405,买盘
869,14:12:54,8.62,-0.01,110,94819,卖盘
870,14:12:51,8.63,--,798,688674,买盘
871,14:12:48,8.63,--,146,125998,买盘
872,14:12:45,8.63,--,96,82848,买盘
873,14:12:42,8.63,0.01,38,32794,买盘
874,14:12:39,8.62,-0.01,281,242221,卖盘
875,14:12:36,8.63,--,3,2589,买盘
876,14:12:33,8.63,--,24,20712,买盘
877,14:12:30,8.63,--,475,409925,买盘
878,14:12:27,8.63,--,50,43150,买盘
879,14:12:24,8.63,--,28,24164,买盘
880,14:12:21,8.63,--,41,35383,卖盘
881,14:12:18,8.63,0.01,143,123409,买盘
882,14:12:15,8.62,-0.01,52,44823,卖盘
883,14:12:12,8.63,0.01,158,136354,卖盘
884,14:12:09,8.62,-0.01,135,116369,卖盘
885,14:12:06,8.63,--,368,317584,卖盘
886,14:12:03,8.63,0.01,1081,932903,买盘
887,14:12:00,8.62,--,102,87923,卖盘
888,14:11:57,8.62,--,147,126713,卖盘
889,14:11:54,8.62,-0.01,99,85337,卖盘
890,14:11:51,8.63,0.01,110,94930,买盘
891,14:11:48,8.62,--,64,55167,卖盘
892,14:11:45,8.62,-0.01,70,60339,卖盘
893,14:11:42,8.63,0.01,139,119957,买盘
894,14:11:39,8.62,-0.01,34,29307,卖盘
895,14:11:36,8.63,--,7,6041,买盘
896,14:11:33,8.63,--,69,59547,买盘
897,14:11:30,8.63,--,68,58684,买盘
898,14:11:27,8.63,--,166,143258,卖盘
899,14:11:24,8.63,--,134,115642,卖盘
900,14:11:21,8.63,--,36,31068,卖盘
901,14:11:18,8.63,--,10,8630,卖盘
902,14:11:15,8.63,--,44,37972,买盘
903,14:11:12,8.63,0.01,31,26753,买盘
904,14:11:09,8.62,-0.02,24,20687,卖盘
905,14:11:06,8.64,0.01,1674,1446336,买盘
906,14:11:03,8.63,--,73,62999,买盘
907,14:11:00,8.63,--,99,85437,买盘
908,14:10:57,8.63,--,730,629990,卖盘
909,14:10:54,8.63,-0.01,5,4315,卖盘
910,14:10:51,8.64,0.01,14,12096,买盘
911,14:10:48,8.63,-0.01,621,535923,卖盘
912,14:10:45,8.64,0.01,687,593568,买盘
913,14:10:42,8.63,-0.01,78,67314,卖盘
914,14:10:39,8.64,--,91,78624,买盘
915,14:10:36,8.64,0.01,126,108864,买盘
916,14:10:33,8.63,--,411,354693,卖盘
917,14:10:30,8.63,--,105,90615,卖盘
918,14:10:27,8.63,--,1147,989861,买盘
919,14:10:24,8.63,--,44,37972,买盘
920,14:10:21,8.63,--,863,744769,买盘
921,14:10:18,8.63,--,5,4315,买盘
922,14:10:15,8.63,--,41,35383,买盘
923,14:10:12,8.63,0.01,276,238188,买盘
924,14:10:09,8.62,-0.01,104,89647,卖盘
925,14:10:06,8.63,--,585,504855,买盘
926,14:10:03,8.63,--,286,246818,买盘
927,14:10:00,8.63,--,81,69903,买盘
928,14:09:57,8.63,0.01,118,101834,买盘
929,14:09:54,8.62,--,176,151712,卖盘
930,14:09:51,8.62,--,29,24997,卖盘
931,14:09:48,8.62,--,179,154298,卖盘
932,14:09:45,8.62,-0.01,258,222395,卖盘
933,14:09:42,8.63,0.01,23,19849,买盘
934,14:09:39,8.62,-0.01,15,12929,卖盘
935,14:09:36,8.63,0.01,164,141687,买盘
936,14:09:33,8.62,--,146,125851,买盘
937,14:09:30,8.62,--,566,487891,买盘
938,14:09:27,8.62,--,351,302562,买盘
939,14:09:24,8.62,0.01,70,60339,买盘
940,14:09:21,8.61,--,8,6888,卖盘
941,14:09:18,8.61,-0.01,60,51660,卖盘
942,14:09:15,8.62,--,281,242221,买盘
943,14:09:12,8.62,--,258,222395,买盘
944,14:09:09,8.62,0.01,105,90509,买盘
945,14:09:06,8.61,--,34,29273,卖盘
946,14:09:03,8.61,--,47,40467,卖盘
947,14:09:00,8.61,--,629,542257,买盘
948,14:08:57,8.61,0.01,204,175644,买盘
949,14:08:54,8.6,--,121,104060,卖盘
950,14:08:51,8.6,-0.01,449,386140,卖盘
951,14:08:48,8.61,--,109,93849,买盘
952,14:08:45,8.61,--,16,13776,买盘
953,14:08:42,8.61,0.01,13,11193,买盘
954,14:08:39,8.6,--,39,33540,卖盘
955,14:08:36,8.6,0.01,2489,2141056,买盘
956,14:08:33,8.59,-0.01,22,18898,卖盘
957,14:08:30,8.6,--,122,104920,买盘
958,14:08:27,8.6,--,9,7740,买盘
959,14:08:24,8.6,0.01,830,713800,买盘
960,14:08:21,8.59,-0.01,151,129709,卖盘
961,14:08:18,8.6,--,41,35260,买盘
962,14:08:15,8.6,--,105,90300,买盘
963,14:08:12,8.6,0.01,263,226180,买盘
964,14:08:09,8.59,-0.01,23,19757,卖盘
965,14:08:06,8.6,--,2,1720,买盘
966,14:08:03,8.6,--,58,49880,买盘
967,14:08:00,8.6,--,61,52460,买盘
968,14:07:57,8.6,--,68,58480,买盘
969,14:07:54,8.6,0.01,271,233060,买盘
970,14:07:51,8.59,-0.01,25,21475,卖盘
971,14:07:48,8.6,0.01,56,48160,买盘
972,14:07:45,8.59,-0.01,74,63566,卖盘
973,14:07:42,8.6,--,19,16340,买盘
974,14:07:39,8.6,--,351,301860,买盘
975,14:07:33,8.6,0.01,2,1720,买盘
976,14:07:30,8.59,-0.01,20,17180,卖盘
977,14:07:27,8.6,0.01,10,8600,买盘
978,14:07:24,8.59,-0.01,104,89336,卖盘
979,14:07:21,8.6,0.01,154,132440,买盘
980,14:07:18,8.59,--,11,9449,卖盘
981,14:07:15,8.59,--,1,859,卖盘
982,14:07:12,8.59,0.01,256,219904,买盘
983,14:07:09,8.58,--,579,496782,卖盘
984,14:07:06,8.58,-0.01,10,8580,卖盘
985,14:07:03,8.59,0.01,57,49306,买盘
986,14:07:00,8.58,-0.01,73,62634,卖盘
987,14:06:57,8.59,--,43,36937,买盘
988,14:06:54,8.59,--,32,27488,买盘
989,14:06:51,8.59,--,200,171800,买盘
990,14:06:48,8.59,0.01,121,103939,买盘
991,14:06:45,8.58,-0.01,2,1716,卖盘
992,14:06:42,8.59,0.01,49,42091,买盘
993,14:06:39,8.58,-0.01,20,17160,卖盘
994,14:06:36,8.59,--,47,40373,买盘
995,14:06:33,8.59,--,6,5154,买盘
996,14:06:30,8.59,0.01,53,45527,买盘
997,14:06:27,8.58,--,14,12012,卖盘
998,14:06:24,8.58,-0.01,101,86658,卖盘
999,14:06:18,8.59,0.01,43,36937,买盘
1000,14:06:15,8.58,-0.01,1,858,卖盘
1001,14:06:12,8.59,0.01,73,62707,买盘
1002,14:06:09,8.58,--,2,1716,卖盘
1003,14:06:06,8.58,-0.01,32,27456,卖盘
1004,14:06:03,8.59,--,108,92772,买盘
1005,14:06:00,8.59,--,62,53258,买盘
1006,14:05:57,8.59,0.01,24,20616,买盘
1007,14:05:54,8.58,-0.01,1,858,卖盘
1008,14:05:51,8.59,--,52,44668,买盘
1009,14:05:48,8.59,0.01,68,58412,买盘
1010,14:05:45,8.58,--,149,127842,卖盘
1011,14:05:42,8.58,--,30,25740,卖盘
1012,14:05:39,8.58,--,74,63492,卖盘
1013,14:05:33,8.58,--,2,1716,卖盘
1014,14:05:30,8.58,--,21,18018,卖盘
1015,14:05:27,8.58,--,2,1716,卖盘
1016,14:05:24,8.58,-0.01,124,106392,卖盘
1017,14:05:21,8.59,--,120,103080,买盘
1018,14:05:18,8.59,--,13,11167,买盘
1019,14:05:15,8.59,--,40,34360,买盘
1020,14:05:12,8.59,0.01,210,180390,买盘
1021,14:05:06,8.58,-0.01,59,50622,卖盘
1022,14:05:03,8.59,0.01,61,52399,买盘
1023,14:05:00,8.58,-0.01,52,44616,卖盘
1024,14:04:54,8.59,--,71,60989,买盘
1025,14:04:51,8.59,--,105,90195,买盘
1026,14:04:48,8.59,--,40,34360,买盘
1027,14:04:45,8.59,0.01,5,4295,买盘
1028,14:04:42,8.58,--,239,205062,卖盘
1029,14:04:39,8.58,-0.01,77,66066,卖盘
1030,14:04:36,8.59,--,112,96208,买盘
1031,14:04:33,8.59,--,20,17180,买盘
1032,14:04:30,8.59,--,6,5154,买盘
1033,14:04:27,8.59,0.01,118,101362,买盘
1034,14:04:24,8.58,-0.01,125,107250,卖盘
1035,14:04:21,8.59,--,8,6872,买盘
1036,14:04:18,8.59,--,9,7731,买盘
1037,14:04:15,8.59,--,50,42950,买盘
1038,14:04:09,8.59,--,17,14603,买盘
1039,14:04:06,8.59,--,129,110811,买盘
1040,14:04:03,8.59,--,12,10308,买盘
1041,14:04:00,8.59,--,17,14603,买盘
1042,14:03:57,8.59,0.01,29,24911,买盘
1043,14:03:54,8.58,-0.01,11,9438,卖盘
1044,14:03:51,8.59,0.01,48,41232,买盘
1045,14:03:48,8.58,-0.01,36,30888,卖盘
1046,14:03:45,8.59,--,9,7731,买盘
1047,14:03:42,8.59,0.01,15,12885,买盘
1048,14:03:36,8.58,-0.01,62,53196,卖盘
1049,14:03:33,8.59,0.01,15,12885,买盘
1050,14:03:30,8.58,-0.01,27,23166,卖盘
1051,14:03:27,8.59,0.01,7,6013,买盘
1052,14:03:24,8.58,--,134,114972,卖盘
1053,14:03:21,8.58,--,2,1716,卖盘
1054,14:03:18,8.58,-0.01,98,84084,卖盘
1055,14:03:15,8.59,0.01,40,34360,买盘
1056,14:03:09,8.58,-0.01,12,10296,卖盘
1057,14:03:06,8.59,0.01,10,8590,买盘
1058,14:03:03,8.58,--,61,52338,买盘
1059,14:03:00,8.58,--,30,25740,买盘
1060,14:02:57,8.58,--,412,353496,买盘
1061,14:02:54,8.58,--,210,180180,买盘
1062,14:02:51,8.58,--,65,55770,买盘
1063,14:02:48,8.58,0.01,49,42042,买盘
1064,14:02:45,8.57,--,11,9427,卖盘
1065,14:02:42,8.57,--,58,49706,卖盘
1066,14:02:39,8.57,-0.01,39,33423,卖盘
1067,14:02:36,8.58,--,11,9438,买盘
1068,14:02:33,8.58,0.01,105,90090,买盘
1069,14:02:30,8.57,-0.01,6,5142,卖盘
1070,14:02:27,8.58,0.01,2,1716,买盘
1071,14:02:24,8.57,-0.01,106,90842,卖盘
1072,14:02:21,8.58,0.01,54,46332,买盘
1073,14:02:18,8.57,-0.01,3,2571,卖盘
1074,14:02:15,8.58,--,22,18876,买盘
1075,14:02:06,8.58,--,1,858,买盘
1076,14:02:03,8.58,0.01,49,42042,买盘
1077,14:02:00,8.57,-0.01,9,7713,卖盘
1078,14:01:57,8.58,--,22,18876,买盘
1079,14:01:54,8.58,--,9,7722,买盘
1080,14:01:51,8.58,0.01,153,131274,买盘
1081,14:01:48,8.57,-0.01,5,4285,卖盘
1082,14:01:45,8.58,--,67,57486,买盘
1083,14:01:42,8.58,--,35,30030,买盘
1084,14:01:39,8.58,--,33,28314,买盘
1085,14:01:36,8.58,--,156,133848,买盘
1086,14:01:33,8.58,--,137,117546,买盘
1087,14:01:30,8.58,--,44,37752,买盘
1088,14:01:27,8.58,--,143,122694,卖盘
1089,14:01:24,8.58,-0.01,123,105534,卖盘
1090,14:01:21,8.59,0.01,74,63566,买盘
1091,14:01:18,8.58,-0.01,14,12012,卖盘
1092,14:01:15,8.59,--,175,150325,买盘
1093,14:01:12,8.59,0.01,91,78169,买盘
1094,14:01:09,8.58,-0.01,29,24882,卖盘
1095,14:01:06,8.59,--,28,24052,买盘
1096,14:01:03,8.59,0.01,12,10308,买盘
1097,14:01:00,8.58,--,44,37752,卖盘
1098,14:00:57,8.58,-0.01,7,6006,卖盘
1099,14:00:54,8.59,--,6,5154,买盘
1100,14:00:51,8.59,--,28,24052,买盘
1101,14:00:48,8.59,0.01,305,261995,买盘
1102,14:00:45,8.58,-0.01,56,48048,卖盘
1103,14:00:42,8.59,0.01,62,53258,买盘
1104,14:00:39,8.58,-0.01,42,36036,卖盘
1105,14:00:36,8.59,--,101,86759,买盘
1106,14:00:33,8.59,0.01,29,24911,买盘
1107,14:00:27,8.58,-0.01,1,858,卖盘
1108,14:00:24,8.59,0.01,146,125414,买盘
1109,14:00:21,8.58,--,2,1716,卖盘
1110,14:00:18,8.58,-0.01,18,15444,卖盘
1111,14:00:15,8.59,0.01,66,56694,买盘
1112,14:00:12,8.58,-0.01,150,128700,卖盘
1113,14:00:09,8.59,0.01,3,2577,买盘
1114,14:00:06,8.58,--,14,12012,卖盘
1115,14:00:03,8.58,--,54,46332,卖盘
1116,13:59:57,8.58,--,19,16302,卖盘
1117,13:59:54,8.58,--,293,251394,卖盘
1118,13:59:51,8.58,--,70,60060,卖盘
1119,13:59:48,8.58,--,313,268554,卖盘
1120,13:59:42,8.58,--,57,48906,卖盘
1121,13:59:39,8.58,-0.01,58,49764,卖盘
1122,13:59:36,8.59,0.01,201,172659,买盘
1123,13:59:33,8.58,-0.01,48,41184,卖盘
1124,13:59:30,8.59,--,47,40373,买盘
1125,13:59:27,8.59,--,6,5154,买盘
1126,13:59:24,8.59,0.01,62,53258,买盘
1127,13:59:21,8.58,--,110,94380,卖盘
1128,13:59:15,8.58,--,149,127842,卖盘
1129,13:59:09,8.58,-0.01,16,13728,卖盘
1130,13:59:06,8.59,--,22,18898,买盘
1131,13:59:03,8.59,0.01,76,65284,买盘
1132,13:59:00,8.58,--,251,215358,卖盘
1133,13:58:57,8.58,--,68,58344,卖盘
1134,13:58:54,8.58,-0.01,5,4290,卖盘
1135,13:58:51,8.59,0.01,72,61848,买盘
1136,13:58:48,8.58,--,28,24024,卖盘
1137,13:58:45,8.58,-0.01,35,30030,卖盘
1138,13:58:42,8.59,0.01,88,75592,买盘
1139,13:58:39,8.58,-0.01,286,245388,卖盘
1140,13:58:36,8.59,--,52,44668,买盘
1141,13:58:33,8.59,0.01,58,49822,买盘
1142,13:58:30,8.58,--,104,89232,卖盘
1143,13:58:27,8.58,--,126,108108,卖盘
1144,13:58:24,8.58,-0.01,31,26598,卖盘
1145,13:58:15,8.59,--,20,17180,买盘
1146,13:58:12,8.59,0.01,38,32642,买盘
1147,13:58:09,8.58,-0.01,39,33462,卖盘
1148,13:58:06,8.59,--,220,188980,买盘
1149,13:58:03,8.59,--,13,11167,买盘
1150,13:58:00,8.59,0.01,267,229353,买盘
1151,13:57:57,8.58,--,114,97812,卖盘
1152,13:57:54,8.58,--,58,49764,卖盘
1153,13:57:48,8.58,--,47,40326,卖盘
1154,13:57:45,8.58,-0.01,67,57486,卖盘
1155,13:57:42,8.59,--,62,53258,买盘
1156,13:57:39,8.59,--,49,42091,买盘
1157,13:57:36,8.59,0.01,5,4295,买盘
1158,13:57:33,8.58,-0.01,17,14586,卖盘
1159,13:57:27,8.59,--,148,127132,买盘
1160,13:57:24,8.59,--,4,3436,买盘
1161,13:57:18,8.59,--,16,13744,买盘
1162,13:57:15,8.59,--,25,21475,买盘
1163,13:57:12,8.59,0.01,5,4295,买盘
1164,13:57:09,8.58,-0.01,35,30030,卖盘
1165,13:57:06,8.59,--,2,1718,买盘
1166,13:57:03,8.59,0.01,29,24911,买盘
1167,13:56:57,8.58,--,1,858,卖盘
1168,13:56:54,8.58,-0.01,39,33462,卖盘
1169,13:56:51,8.59,--,6,5154,买盘
1170,13:56:48,8.59,--,52,44668,买盘
1171,13:56:45,8.59,--,50,42950,买盘
1172,13:56:42,8.59,0.01,47,40373,买盘
1173,13:56:39,8.58,-0.01,42,36036,卖盘
1174,13:56:36,8.59,--,118,101362,买盘
1175,13:56:33,8.59,--,4,3436,买盘
1176,13:56:30,8.59,--,202,173518,卖盘
1177,13:56:27,8.59,--,10,8590,卖盘
1178,13:56:24,8.59,-0.01,204,175236,卖盘
1179,13:56:21,8.6,--,41,35260,买盘
1180,13:56:18,8.6,0.01,77,66220,买盘
1181,13:56:15,8.59,--,686,589274,卖盘
1182,13:56:12,8.59,--,77,66143,卖盘
1183,13:56:09,8.59,-0.01,510,438090,卖盘
1184,13:56:06,8.6,0.01,2,1720,买盘
1185,13:56:03,8.59,-0.01,28,24052,卖盘
1186,13:56:00,8.6,0.01,5,4300,买盘
1187,13:55:57,8.59,--,15,12885,卖盘
1188,13:55:54,8.59,--,44,37796,卖盘
1189,13:55:51,8.59,-0.01,3,2577,卖盘
1190,13:55:48,8.6,--,67,57620,买盘
1191,13:55:45,8.6,--,100,86000,买盘
1192,13:55:42,8.6,--,79,67940,买盘
1193,13:55:39,8.6,--,1,860,买盘
1194,13:55:36,8.6,--,1,860,买盘
1195,13:55:33,8.6,--,125,107500,买盘
1196,13:55:30,8.6,--,10,8600,买盘
1197,13:55:27,8.6,0.01,49,42140,买盘
1198,13:55:24,8.59,-0.01,127,109093,卖盘
1199,13:55:21,8.6,--,114,98040,买盘
1200,13:55:18,8.6,--,12,10320,买盘
1201,13:55:15,8.6,--,265,227900,买盘
1202,13:55:12,8.6,0.01,6,5160,买盘
1203,13:55:09,8.59,--,680,584120,卖盘
1204,13:55:06,8.59,-0.01,206,176954,卖盘
1205,13:55:03,8.6,0.01,14,12040,买盘
1206,13:55:00,8.59,-0.01,72,61848,卖盘
1207,13:54:57,8.6,0.01,5,4300,买盘
1208,13:54:54,8.59,--,164,140876,卖盘
1209,13:54:51,8.59,-0.01,35,30065,卖盘
1210,13:54:48,8.6,--,144,123840,买盘
1211,13:54:45,8.6,--,4,3440,买盘
1212,13:54:42,8.6,0.01,53,45580,买盘
1213,13:54:39,8.59,-0.01,214,183826,卖盘
1214,13:54:36,8.6,--,5,4300,买盘
1215,13:54:33,8.6,0.01,68,58480,买盘
1216,13:54:30,8.59,-0.01,27,23193,卖盘
1217,13:54:27,8.6,0.01,2,1720,买盘
1218,13:54:24,8.59,-0.01,7,6013,卖盘
1219,13:54:21,8.6,--,65,55900,买盘
1220,13:54:18,8.6,--,88,75680,买盘
1221,13:54:15,8.6,--,18,15480,买盘
1222,13:54:12,8.6,0.01,4,3440,买盘
1223,13:54:09,8.59,-0.01,3,2577,卖盘
1224,13:54:06,8.6,0.01,48,41280,买盘
1225,13:54:03,8.59,--,12,10308,卖盘
1226,13:54:00,8.59,--,241,207019,买盘
1227,13:53:57,8.59,--,12,10308,买盘
1228,13:53:54,8.59,--,10,8590,买盘
1229,13:53:51,8.59,0.01,27,23193,买盘
1230,13:53:48,8.58,-0.01,67,57486,卖盘
1231,13:53:45,8.59,--,52,44668,买盘
1232,13:53:42,8.59,--,27,23193,买盘
1233,13:53:39,8.59,--,10,8590,买盘
1234,13:53:36,8.59,--,97,83323,买盘
1235,13:53:33,8.59,--,41,35219,买盘
1236,13:53:30,8.59,--,253,217327,卖盘
1237,13:53:27,8.59,-0.01,206,176954,卖盘
1238,13:53:24,8.6,--,626,538360,买盘
1239,13:53:21,8.6,0.01,14,12040,买盘
1240,13:53:18,8.59,-0.01,140,120260,卖盘
1241,13:53:15,8.6,--,243,208980,买盘
1242,13:53:12,8.6,--,4,3440,买盘
1243,13:53:09,8.6,--,26,22360,买盘
1244,13:53:06,8.6,--,15,12900,买盘
1245,13:53:03,8.6,0.01,45,38700,买盘
1246,13:52:57,8.59,--,6,5154,卖盘
1247,13:52:54,8.59,0.01,86,73874,买盘
1248,13:52:51,8.58,--,43,36894,卖盘
1249,13:52:48,8.58,-0.01,365,313170,卖盘
1250,13:52:45,8.59,--,34,29206,买盘
1251,13:52:42,8.59,0.01,84,72156,买盘
1252,13:52:39,8.58,--,137,117546,卖盘
1253,13:52:36,8.58,-0.01,295,253110,卖盘
1254,13:52:33,8.59,--,61,52399,买盘
1255,13:52:30,8.59,0.01,14,12026,买盘
1256,13:52:27,8.58,-0.01,70,60060,卖盘
1257,13:52:21,8.59,0.01,86,73874,买盘
1258,13:52:18,8.58,-0.01,163,139854,卖盘
1259,13:52:15,8.59,0.01,20,17180,买盘
1260,13:52:12,8.58,-0.01,55,47190,卖盘
1261,13:52:09,8.59,--,50,42950,买盘
1262,13:52:06,8.59,--,13,11167,买盘
1263,13:52:03,8.59,--,15,12885,买盘
1264,13:52:00,8.59,--,45,38655,买盘
1265,13:51:54,8.59,--,52,44668,买盘
1266,13:51:51,8.59,0.01,68,58412,买盘
1267,13:51:48,8.58,--,9,7722,卖盘
1268,13:51:45,8.58,--,9,7722,卖盘
1269,13:51:42,8.58,--,1,858,卖盘
1270,13:51:39,8.58,-0.01,283,242814,卖盘
1271,13:51:36,8.59,--,23,19757,买盘
1272,13:51:33,8.59,--,10,8590,买盘
1273,13:51:30,8.59,0.01,53,45527,买盘
1274,13:51:27,8.58,--,39,33462,卖盘
1275,13:51:24,8.58,--,10,8580,卖盘
1276,13:51:21,8.58,-0.01,303,259974,卖盘
1277,13:51:18,8.59,0.01,274,235366,买盘
1278,13:51:12,8.58,0.01,27,23166,中性盘
1279,13:51:03,8.57,-0.01,179,153403,卖盘
1280,13:51:00,8.58,--,142,121836,买盘
1281,13:50:57,8.58,--,214,183612,买盘
1282,13:50:54,8.58,--,454,389532,买盘
1283,13:50:51,8.58,--,19,16302,买盘
1284,13:50:48,8.58,0.01,535,459030,买盘
1285,13:50:45,8.57,--,2,1714,卖盘
1286,13:50:42,8.57,--,95,81415,卖盘
1287,13:50:39,8.57,-0.01,90,77130,卖盘
1288,13:50:36,8.58,--,64,54912,买盘
1289,13:50:33,8.58,--,16,13728,买盘
1290,13:50:30,8.58,--,29,24882,买盘
1291,13:50:27,8.58,0.01,83,71214,买盘
1292,13:50:24,8.57,-0.01,108,92556,卖盘
1293,13:50:21,8.58,--,225,193050,买盘
1294,13:50:18,8.58,--,89,76362,买盘
1295,13:50:15,8.58,--,30,25740,买盘
1296,13:50:12,8.58,--,67,57486,买盘
1297,13:50:09,8.58,--,110,94380,买盘
1298,13:50:06,8.58,--,30,25740,买盘
1299,13:50:03,8.58,--,61,52338,买盘
1300,13:50:00,8.58,--,384,329472,买盘
1301,13:49:57,8.58,0.01,52,44616,买盘
1302,13:49:54,8.57,-0.01,126,107982,卖盘
1303,13:49:51,8.58,--,47,40326,买盘
1304,13:49:48,8.58,0.01,3,2574,买盘
1305,13:49:45,8.57,-0.01,103,88271,卖盘
1306,13:49:42,8.58,--,266,228228,买盘
1307,13:49:39,8.58,0.01,23,19734,买盘
1308,13:49:36,8.57,--,83,71131,卖盘
1309,13:49:33,8.57,-0.01,4,3428,卖盘
1310,13:49:30,8.58,0.01,257,220506,买盘
1311,13:49:27,8.57,--,186,159744,买盘
1312,13:49:24,8.57,--,250,214250,买盘
1313,13:49:21,8.57,--,529,453353,买盘
1314,13:49:18,8.57,--,371,317947,买盘
1315,13:49:15,8.57,--,295,252815,买盘
1316,13:49:12,8.57,--,212,181684,买盘
1317,13:49:09,8.57,0.01,827,708739,买盘
1318,13:49:06,8.56,-0.01,126,107856,卖盘
1319,13:49:03,8.57,--,18,15426,买盘
1320,13:49:00,8.57,--,147,125979,买盘
1321,13:48:57,8.57,0.01,3,2571,买盘
1322,13:48:54,8.56,-0.01,20,17120,卖盘
1323,13:48:51,8.57,--,4,3428,买盘
1324,13:48:48,8.57,0.01,23,19711,买盘
1325,13:48:45,8.56,--,14,11984,卖盘
1326,13:48:42,8.56,-0.01,21,17976,卖盘
1327,13:48:39,8.57,--,10,8570,买盘
1328,13:48:36,8.57,--,4,3428,买盘
1329,13:48:33,8.57,0.02,24,20568,买盘
1330,13:48:27,8.55,-0.02,164,140220,卖盘
1331,13:48:24,8.57,0.01,81,69417,买盘
1332,13:48:21,8.56,--,14,11984,买盘
1333,13:48:18,8.56,--,12,10272,卖盘
1334,13:48:15,8.56,--,50,42800,卖盘
1335,13:48:12,8.56,--,103,88168,卖盘
1336,13:48:09,8.56,--,10,8560,买盘
1337,13:48:06,8.56,--,10,8560,买盘
1338,13:48:03,8.56,--,16,13696,买盘
1339,13:48:00,8.56,--,26,22256,买盘
1340,13:47:57,8.56,--,23,19688,卖盘
1341,13:47:54,8.56,-0.01,27,23112,中性盘
1342,13:47:51,8.57,0.01,21,17997,买盘
1343,13:47:48,8.56,-0.01,110,94160,卖盘
1344,13:47:45,8.57,0.01,12,10284,买盘
1345,13:47:42,8.56,-0.01,9,7704,卖盘
1346,13:47:39,8.57,0.01,21,17997,买盘
1347,13:47:36,8.56,--,286,244816,买盘
1348,13:47:33,8.56,--,102,87312,买盘
1349,13:47:30,8.56,--,20,17120,买盘
1350,13:47:27,8.56,--,33,28248,买盘
1351,13:47:24,8.56,0.01,53,45368,买盘
1352,13:47:21,8.55,--,247,211185,卖盘
1353,13:47:18,8.55,-0.01,65,55575,卖盘
1354,13:47:06,8.56,0.01,104,89024,买盘
1355,13:47:03,8.55,--,18,15390,卖盘
1356,13:46:57,8.55,-0.01,50,42750,卖盘
1357,13:46:51,8.56,--,36,30816,买盘
1358,13:46:48,8.56,0.01,57,48792,买盘
1359,13:46:45,8.55,-0.01,17,14535,卖盘
1360,13:46:42,8.56,0.01,15,12840,买盘
1361,13:46:39,8.55,-0.01,180,153900,卖盘
1362,13:46:36,8.56,0.01,8,6848,买盘
1363,13:46:33,8.55,-0.01,13,11115,卖盘
1364,13:46:27,8.56,0.01,78,66768,买盘
1365,13:46:24,8.55,--,7,5985,卖盘
1366,13:46:21,8.55,--,130,111150,卖盘
1367,13:46:18,8.55,-0.01,34,29070,卖盘
1368,13:46:15,8.56,0.01,22,18832,买盘
1369,13:46:12,8.55,-0.01,1,855,卖盘
1370,13:46:09,8.56,0.01,5,4280,买盘
1371,13:46:06,8.55,-0.01,302,258210,卖盘
1372,13:46:03,8.56,0.01,62,53072,买盘
1373,13:46:00,8.55,-0.01,53,45315,卖盘
1374,13:45:57,8.56,--,40,34240,买盘
1375,13:45:54,8.56,--,829,709624,买盘
1376,13:45:48,8.56,--,61,52216,买盘
1377,13:45:45,8.56,--,37,31672,买盘
1378,13:45:42,8.56,0.01,120,102720,买盘
1379,13:45:39,8.55,--,10,8550,卖盘
1380,13:45:36,8.55,-0.01,12,10260,卖盘
1381,13:45:30,8.56,--,25,21400,买盘
1382,13:45:27,8.56,--,138,118128,买盘
1383,13:45:24,8.56,--,67,57352,买盘
1384,13:45:21,8.56,0.01,73,62488,买盘
1385,13:45:18,8.55,-0.01,20,17100,卖盘
1386,13:45:12,8.56,0.01,89,76184,买盘
1387,13:45:09,8.55,-0.01,8,6840,卖盘
1388,13:45:06,8.56,0.01,17,14552,买盘
1389,13:45:03,8.55,-0.01,800,684000,卖盘
1390,13:44:57,8.56,0.01,61,52216,买盘
1391,13:44:54,8.55,--,39,33345,卖盘
1392,13:44:51,8.55,-0.01,81,69255,卖盘
1393,13:44:48,8.56,0.01,15,12840,买盘
1394,13:44:45,8.55,--,3,2565,卖盘
1395,13:44:42,8.55,--,18,15390,卖盘
1396,13:44:39,8.55,--,150,128250,卖盘
1397,13:44:36,8.55,-0.01,81,69255,卖盘
1398,13:44:33,8.56,--,14,11984,买盘
1399,13:44:30,8.56,--,2,1712,买盘
1400,13:44:27,8.56,--,65,55640,买盘
1401,13:44:24,8.56,0.01,20,17120,买盘
1402,13:44:21,8.55,-0.01,1,855,卖盘
1403,13:44:18,8.56,--,82,70192,买盘
1404,13:44:15,8.56,0.01,1,856,买盘
1405,13:44:12,8.55,-0.01,83,70965,卖盘
1406,13:44:09,8.56,--,8,6848,买盘
1407,13:44:06,8.56,--,355,303880,卖盘
1408,13:44:03,8.56,--,14,11984,卖盘
1409,13:44:00,8.56,--,1,856,卖盘
1410,13:43:57,8.56,--,3,2568,卖盘
1411,13:43:51,8.56,--,4,3424,卖盘
1412,13:43:48,8.56,--,8,6848,买盘
1413,13:43:45,8.56,--,60,51360,买盘
1414,13:43:42,8.56,--,68,58208,买盘
1415,13:43:39,8.56,0.01,208,178219,买盘
1416,13:43:36,8.55,-0.01,9,7695,卖盘
1417,13:43:33,8.56,--,68,58208,买盘
1418,13:43:30,8.56,--,302,258512,买盘
1419,13:43:27,8.56,--,47,40232,买盘
1420,13:43:24,8.56,-0.02,922,789232,卖盘
1421,13:43:21,8.58,--,46,39468,买盘
1422,13:43:18,8.58,0.01,36,30888,买盘
1423,13:43:15,8.57,--,9,7713,买盘
1424,13:43:12,8.57,--,18,15426,卖盘
1425,13:43:09,8.57,--,292,250244,买盘
1426,13:43:06,8.57,0.01,301,257957,买盘
1427,13:43:03,8.56,--,31,26536,卖盘
1428,13:42:57,8.56,-0.01,106,90736,卖盘
1429,13:42:51,8.57,0.01,30,25710,买盘
1430,13:42:48,8.56,--,2,1712,卖盘
1431,13:42:45,8.56,-0.01,4,3424,卖盘
1432,13:42:42,8.57,0.01,12,10284,买盘
1433,13:42:39,8.56,-0.01,98,83888,卖盘
1434,13:42:36,8.57,0.01,24,20568,买盘
1435,13:42:33,8.56,-0.01,24,20544,卖盘
1436,13:42:30,8.57,0.01,4,3428,买盘
1437,13:42:27,8.56,--,22,18832,卖盘
1438,13:42:24,8.56,--,5,4280,卖盘
1439,13:42:21,8.56,-0.01,34,29104,卖盘
1440,13:42:18,8.57,0.01,40,34280,买盘
1441,13:42:15,8.56,-0.01,85,72760,卖盘
1442,13:42:12,8.57,--,57,48849,买盘
1443,13:42:09,8.57,--,23,19711,买盘
1444,13:42:06,8.57,--,5,4285,买盘
1445,13:42:03,8.57,--,23,19711,买盘
1446,13:42:00,8.57,--,34,29138,买盘
1447,13:41:57,8.57,--,97,83129,买盘
1448,13:41:54,8.57,--,18,15426,买盘
1449,13:41:51,8.57,--,10,8570,买盘
1450,13:41:48,8.57,--,180,154260,买盘
1451,13:41:45,8.57,--,3,2571,买盘
1452,13:41:42,8.57,--,42,35994,买盘
1453,13:41:39,8.57,0.01,9,7713,买盘
1454,13:41:36,8.56,-0.01,45,38520,卖盘
1455,13:41:33,8.57,--,50,42850,买盘
1456,13:41:30,8.57,--,38,32566,买盘
1457,13:41:27,8.57,0.01,28,23996,买盘
1458,13:41:24,8.56,-0.01,1,856,卖盘
1459,13:41:21,8.57,--,18,15426,买盘
1460,13:41:18,8.57,0.01,53,45421,买盘
1461,13:41:15,8.56,-0.01,688,588928,卖盘
1462,13:41:12,8.57,0.01,14,11998,买盘
1463,13:41:09,8.56,--,13,11128,卖盘
1464,13:41:06,8.56,-0.01,5,4280,卖盘
1465,13:41:03,8.57,--,16,13712,买盘
1466,13:41:00,8.57,0.01,76,65132,买盘
1467,13:40:57,8.56,--,23,19688,卖盘
1468,13:40:54,8.56,--,253,216568,卖盘
1469,13:40:51,8.56,-0.01,7,5992,卖盘
1470,13:40:48,8.57,0.01,39,33423,买盘
1471,13:40:39,8.56,-0.01,40,34240,卖盘
1472,13:40:36,8.57,0.01,54,46278,买盘
1473,13:40:33,8.56,-0.01,9,7704,卖盘
1474,13:40:30,8.57,0.01,264,226248,买盘
1475,13:40:27,8.56,-0.01,22,18832,卖盘
1476,13:40:21,8.57,--,21,17997,买盘
1477,13:40:15,8.57,0.01,11,9427,买盘
1478,13:40:12,8.56,-0.01,74,63344,卖盘
1479,13:40:09,8.57,--,171,146547,买盘
1480,13:40:06,8.57,--,120,102840,买盘
1481,13:40:03,8.57,--,9,7713,买盘
1482,13:40:00,8.57,0.01,106,90842,买盘
1483,13:39:51,8.56,--,12,10272,卖盘
1484,13:39:48,8.56,-0.01,159,136104,卖盘
1485,13:39:45,8.57,0.01,42,35994,买盘
1486,13:39:42,8.56,0.01,10,8560,卖盘
1487,13:39:39,8.55,-0.01,135,115425,卖盘
1488,13:39:36,8.56,--,53,45368,买盘
1489,13:39:33,8.56,--,636,544416,卖盘
1490,13:39:30,8.56,--,23,19688,买盘
1491,13:39:27,8.56,0.01,17,14552,卖盘
1492,13:39:24,8.55,--,216,184885,卖盘
1493,13:39:21,8.55,-0.01,53,45315,卖盘
1494,13:39:18,8.56,--,82,70192,买盘
1495,13:39:15,8.56,0.01,189,161784,买盘
1496,13:39:12,8.55,-0.01,46,39330,卖盘
1497,13:39:09,8.56,--,13,11128,买盘
1498,13:39:06,8.56,--,111,95016,买盘
1499,13:39:03,8.56,--,25,21400,买盘
1500,13:39:00,8.56,--,35,29960,买盘
1501,13:38:57,8.56,--,22,18832,买盘
1502,13:38:54,8.56,0.01,85,72760,买盘
1503,13:38:51,8.55,--,58,49590,卖盘
1504,13:38:48,8.55,--,19,16245,卖盘
1505,13:38:45,8.55,--,52,44460,卖盘
1506,13:38:42,8.55,--,57,48735,卖盘
1507,13:38:39,8.55,-0.01,3,2565,卖盘
1508,13:38:36,8.56,0.01,97,83032,买盘
1509,13:38:33,8.55,-0.01,34,29070,卖盘
1510,13:38:30,8.56,0.01,146,124976,买盘
1511,13:38:27,8.55,-0.01,116,99180,卖盘
1512,13:38:24,8.56,0.01,386,330416,买盘
1513,13:38:21,8.55,--,123,105165,卖盘
1514,13:38:18,8.55,--,3,2565,卖盘
1515,13:38:15,8.55,--,70,59850,卖盘
1516,13:38:12,8.55,-0.01,68,58140,卖盘
1517,13:38:09,8.56,--,57,48792,买盘
1518,13:38:06,8.56,--,21,17976,买盘
1519,13:38:03,8.56,--,28,23968,买盘
1520,13:38:00,8.56,0.01,61,52216,买盘
1521,13:37:57,8.55,-0.01,64,54720,卖盘
1522,13:37:54,8.56,0.01,11,9416,买盘
1523,13:37:51,8.55,-0.01,30,25650,卖盘
1524,13:37:45,8.56,0.02,9,7704,买盘
1525,13:37:39,8.54,-0.01,51,43553,卖盘
1526,13:37:36,8.55,0.01,21,17955,买盘
1527,13:37:33,8.54,-0.02,217,185317,卖盘
1528,13:37:30,8.56,0.01,1228,1051168,买盘
1529,13:37:27,8.55,-0.01,1907,1630485,卖盘
1530,13:37:24,8.56,0.01,84,71904,买盘
1531,13:37:21,8.55,--,126,107730,卖盘
1532,13:37:18,8.55,--,49,41895,卖盘
1533,13:37:15,8.55,--,30,25650,卖盘
1534,13:37:12,8.55,-0.01,122,104310,卖盘
1535,13:37:09,8.56,--,431,368936,买盘
1536,13:37:06,8.56,--,10,8560,买盘
1537,13:37:03,8.56,--,25,21400,买盘
1538,13:37:00,8.56,--,128,109568,买盘
1539,13:36:57,8.56,--,2,1712,买盘
1540,13:36:51,8.56,--,97,83032,买盘
1541,13:36:48,8.56,--,144,123572,卖盘
1542,13:36:45,8.56,--,1056,904483,卖盘
1543,13:36:42,8.56,--,14,11984,卖盘
1544,13:36:39,8.56,-0.01,31,26536,卖盘
1545,13:36:36,8.57,--,14,11998,买盘
1546,13:36:33,8.57,--,13,11141,买盘
1547,13:36:30,8.57,--,1008,864618,卖盘
1548,13:36:27,8.57,--,97,83129,卖盘
1549,13:36:24,8.57,--,3,2571,卖盘
1550,13:36:21,8.57,-0.01,72,61704,卖盘
1551,13:36:18,8.58,0.01,109,93522,买盘
1552,13:36:15,8.57,--,247,211679,卖盘
1553,13:36:12,8.57,-0.01,57,48849,卖盘
1554,13:36:09,8.58,0.01,43,36894,买盘
1555,13:36:06,8.57,--,4,3428,卖盘
1556,13:36:03,8.57,--,71,60847,卖盘
1557,13:36:00,8.57,-0.01,16,13712,卖盘
1558,13:35:57,8.58,0.01,70,60060,买盘
1559,13:35:54,8.57,--,66,56562,卖盘
1560,13:35:51,8.57,--,8,6856,卖盘
1561,13:35:48,8.57,-0.01,26,22282,卖盘
1562,13:35:45,8.58,--,50,42900,买盘
1563,13:35:39,8.58,0.01,20,17160,买盘
1564,13:35:36,8.57,-0.01,346,296522,卖盘
1565,13:35:33,8.58,-0.01,80,68640,卖盘
1566,13:35:30,8.59,0.01,2,1718,买盘
1567,13:35:27,8.58,--,408,350064,买盘
1568,13:35:24,8.58,0.01,46,39468,买盘
1569,13:35:21,8.57,--,20,17140,卖盘
1570,13:35:18,8.57,--,43,36851,卖盘
1571,13:35:15,8.57,--,82,70274,卖盘
1572,13:35:12,8.57,-0.01,71,60847,卖盘
1573,13:35:09,8.58,--,21,18018,买盘
1574,13:35:06,8.58,0.01,77,66066,买盘
1575,13:35:03,8.57,-0.01,56,47992,卖盘
1576,13:35:00,8.58,--,120,102960,买盘
1577,13:34:57,8.58,--,587,503646,卖盘
1578,13:34:54,8.58,--,237,203346,买盘
1579,13:34:51,8.58,--,52,44616,买盘
1580,13:34:48,8.58,--,1,858,买盘
1581,13:34:45,8.58,-0.01,70,60060,卖盘
1582,13:34:42,8.59,--,20,17180,买盘
1583,13:34:39,8.59,--,12,10308,买盘
1584,13:34:36,8.59,0.01,153,131427,买盘
1585,13:34:33,8.58,--,29,24882,买盘
1586,13:34:30,8.58,-0.01,1,858,买盘
1587,13:34:27,8.59,0.01,598,513682,买盘
1588,13:34:24,8.58,--,111,95238,卖盘
1589,13:34:21,8.58,--,298,255684,卖盘
1590,13:34:18,8.58,--,118,101244,卖盘
1591,13:34:15,8.58,-0.01,28,24024,卖盘
1592,13:34:09,8.59,0.01,148,127132,买盘
1593,13:34:06,8.58,--,3,2574,卖盘
1594,13:34:03,8.58,--,68,58344,卖盘
1595,13:34:00,8.58,--,50,42900,卖盘
1596,13:33:57,8.58,--,21,18018,卖盘
1597,13:33:54,8.58,--,134,114972,卖盘
1598,13:33:51,8.58,-0.01,113,96954,卖盘
1599,13:33:45,8.59,0.01,204,175236,买盘
1600,13:33:42,8.58,--,40,34320,卖盘
1601,13:33:39,8.58,-0.01,56,48048,卖盘
1602,13:33:36,8.59,0.01,42,36078,买盘
1603,13:33:33,8.58,--,32,27456,卖盘
1604,13:33:30,8.58,--,40,34320,卖盘
1605,13:33:27,8.58,--,41,35178,卖盘
1606,13:33:24,8.58,--,3,2574,卖盘
1607,13:33:21,8.58,-0.01,68,58344,卖盘
1608,13:33:18,8.59,0.02,1,859,买盘
1609,13:33:15,8.57,-0.02,35,29995,卖盘
1610,13:33:12,8.59,0.01,60,51540,买盘
1611,13:33:09,8.58,-0.01,296,253968,卖盘
1612,13:33:06,8.59,--,102,87618,买盘
1613,13:33:03,8.59,--,11,9449,买盘
1614,13:33:00,8.59,0.01,466,400294,买盘
1615,13:32:57,8.58,--,69,59202,卖盘
1616,13:32:54,8.58,--,308,264264,卖盘
1617,13:32:51,8.58,--,159,136422,卖盘
1618,13:32:48,8.58,-0.01,341,292578,卖盘
1619,13:32:45,8.59,0.01,6,5154,买盘
1620,13:32:42,8.58,--,24,20592,卖盘
1621,13:32:39,8.58,--,110,94380,卖盘
1622,13:32:36,8.58,-0.01,1,858,卖盘
1623,13:32:33,8.59,0.01,441,378819,买盘
1624,13:32:27,8.58,--,80,68640,卖盘
1625,13:32:24,8.58,--,93,79794,卖盘
1626,13:32:21,8.58,-0.01,1600,1372800,卖盘
1627,13:32:18,8.59,-0.01,63,54117,卖盘
1628,13:32:15,8.6,0.01,543,466980,买盘
1629,13:32:12,8.59,--,77,66143,买盘
1630,13:32:09,8.59,--,50,42950,买盘
1631,13:32:06,8.59,--,1005,863389,卖盘
1632,13:32:03,8.59,--,166,142594,卖盘
1633,13:32:00,8.59,--,22,18898,卖盘
1634,13:31:57,8.59,--,1002,860718,卖盘
1635,13:31:54,8.59,--,76,65284,卖盘
1636,13:31:51,8.59,--,540,463860,卖盘
1637,13:31:48,8.59,--,10,8590,卖盘
1638,13:31:45,8.59,--,255,219045,卖盘
1639,13:31:39,8.59,--,1,859,卖盘
1640,13:31:36,8.59,--,80,68720,卖盘
1641,13:31:33,8.59,--,18,15462,卖盘
1642,13:31:27,8.59,--,11,9449,卖盘
1643,13:31:24,8.59,-0.01,132,113388,卖盘
1644,13:31:21,8.6,--,156,134160,买盘
1645,13:31:18,8.6,--,10,8600,买盘
1646,13:31:15,8.6,0.01,129,110940,买盘
1647,13:31:12,8.59,-0.01,20,17180,卖盘
1648,13:31:09,8.6,0.01,28,24080,买盘
1649,13:31:06,8.59,-0.01,156,134004,卖盘
1650,13:31:03,8.6,--,46,39560,买盘
1651,13:31:00,8.6,--,38,32680,买盘
1652,13:30:57,8.6,--,100,86000,买盘
1653,13:30:54,8.6,0.01,52,44720,买盘
1654,13:30:51,8.59,-0.01,102,87618,卖盘
1655,13:30:48,8.6,--,88,75680,买盘
1656,13:30:45,8.6,--,130,111800,卖盘
1657,13:30:42,8.6,--,13,11180,卖盘
1658,13:30:39,8.6,-0.01,100,86000,中性盘
1659,13:30:36,8.61,--,209,179949,买盘
1660,13:30:33,8.61,--,24,20664,买盘
1661,13:30:30,8.61,--,690,594090,买盘
1662,13:30:27,8.61,0.01,748,644028,买盘
1663,13:30:24,8.6,--,1054,906440,卖盘
1664,13:30:21,8.6,-0.01,9,7740,卖盘
1665,13:30:18,8.61,--,727,625947,买盘
1666,13:30:15,8.61,0.01,10,8610,买盘
1667,13:30:09,8.6,--,269,231340,买盘
1668,13:30:06,8.6,--,80,68800,买盘
1669,13:30:03,8.6,--,193,165980,卖盘
1670,13:30:00,8.6,--,145,124700,卖盘
1671,13:29:57,8.6,--,14,12040,卖盘
1672,13:29:54,8.6,-0.01,22,18920,卖盘
1673,13:29:51,8.61,--,2112,1818431,买盘
1674,13:29:48,8.61,--,21,18081,买盘
1675,13:29:45,8.61,--,5,4305,买盘
1676,13:29:42,8.61,--,12,10332,买盘
1677,13:29:39,8.61,0.01,265,228164,买盘
1678,13:29:36,8.6,--,117,100620,卖盘
1679,13:29:33,8.6,-0.01,452,388720,卖盘
1680,13:29:30,8.61,0.01,22,18942,买盘
1681,13:29:27,8.6,-0.01,22,18920,卖盘
1682,13:29:24,8.61,--,182,156702,买盘
1683,13:29:21,8.61,--,10,8610,买盘
1684,13:29:18,8.61,0.01,28,24108,买盘
1685,13:29:15,8.6,-0.01,28,24080,卖盘
1686,13:29:12,8.61,--,86,74046,买盘
1687,13:29:09,8.61,--,18,15497,买盘
1688,13:29:06,8.61,--,10,8610,买盘
1689,13:29:03,8.61,--,170,146542,卖盘
1690,13:29:00,8.61,--,166,142926,卖盘
1691,13:28:57,8.61,--,56,48216,卖盘
1692,13:28:54,8.61,--,65,55964,卖盘
1693,13:28:51,8.61,--,1611,1387071,卖盘
1694,13:28:48,8.61,--,107,92127,卖盘
1695,13:28:45,8.61,-0.01,153,131733,卖盘
1696,13:28:42,8.62,0.01,34,29307,买盘
1697,13:28:39,8.61,--,79,68019,卖盘
1698,13:28:36,8.61,-0.01,5,4305,卖盘
1699,13:28:33,8.62,0.01,46,39652,买盘
1700,13:28:30,8.61,--,264,227303,卖盘
1701,13:28:27,8.61,--,1,861,卖盘
1702,13:28:24,8.61,--,37,31856,卖盘
1703,13:28:21,8.61,--,31,26691,卖盘
1704,13:28:18,8.61,--,10,8610,卖盘
1705,13:28:15,8.61,-0.01,100,86100,卖盘
1706,13:28:12,8.62,0.01,47,40513,买盘
1707,13:28:06,8.61,-0.01,68,58547,卖盘
1708,13:28:03,8.62,0.01,38,32755,买盘
1709,13:28:00,8.61,-0.01,320,275520,卖盘
1710,13:27:57,8.62,0.01,76,65511,买盘
1711,13:27:54,8.61,-0.01,125,107625,卖盘
1712,13:27:51,8.62,--,236,203431,买盘
1713,13:27:48,8.62,0.01,6,5171,买盘
1714,13:27:45,8.61,-0.01,635,547044,卖盘
1715,13:27:42,8.62,--,1,861,卖盘
1716,13:27:39,8.62,--,302,260875,买盘
1717,13:27:36,8.62,-0.01,352,303984,卖盘
1718,13:27:33,8.63,--,33,28479,买盘
1719,13:27:30,8.63,--,2041,1761685,买盘
1720,13:27:27,8.63,--,127,109601,买盘
1721,13:27:24,8.63,0.01,44,37972,买盘
1722,13:27:21,8.62,--,274,236187,卖盘
1723,13:27:18,8.62,-0.01,33,28445,卖盘
1724,13:27:15,8.63,--,197,170011,买盘
1725,13:27:12,8.63,--,113,97519,买盘
1726,13:27:09,8.63,--,256,220928,买盘
1727,13:27:06,8.63,--,303,261489,买盘
1728,13:27:03,8.63,-0.01,1734,1497089,卖盘
1729,13:27:00,8.64,0.01,111,95904,买盘
1730,13:26:57,8.63,--,211,182093,卖盘
1731,13:26:54,8.63,--,5,4315,卖盘
1732,13:26:51,8.63,--,3,2589,卖盘
1733,13:26:48,8.63,--,1504,1298167,买盘
1734,13:26:45,8.63,--,1667,1438621,买盘
1735,13:26:42,8.63,--,97,83711,买盘
1736,13:26:39,8.63,--,228,196764,买盘
1737,13:26:36,8.63,--,113,97519,买盘
1738,13:26:33,8.63,--,74,63862,买盘
1739,13:26:30,8.63,--,229,197627,买盘
1740,13:26:27,8.63,0.01,61,52643,买盘
1741,13:26:24,8.62,-0.01,8,7275,卖盘
1742,13:26:21,8.63,0.01,4,3452,买盘
1743,13:26:18,8.62,--,70,60339,卖盘
1744,13:26:15,8.62,--,1089,939450,买盘
1745,13:26:12,8.62,--,174,149988,买盘
1746,13:26:09,8.62,--,676,582712,买盘
1747,13:26:06,8.62,--,21,18102,买盘
1748,13:26:03,8.62,--,37,31893,买盘
1749,13:26:00,8.62,--,249,214637,买盘
1750,13:25:57,8.62,--,618,532716,买盘
1751,13:25:54,8.62,0.01,80,68960,买盘
1752,13:25:51,8.61,-0.01,92,79212,卖盘
1753,13:25:48,8.62,--,5,4310,买盘
1754,13:25:45,8.62,--,32,27583,买盘
1755,13:25:42,8.62,--,110,94819,买盘
1756,13:25:39,8.62,--,4,3447,买盘
1757,13:25:36,8.62,--,160,137920,买盘
1758,13:25:33,8.62,--,162,139644,买盘
1759,13:25:30,8.62,--,1017,876653,买盘
1760,13:25:27,8.62,--,307,264634,买盘
1761,13:25:24,8.62,--,124,106887,买盘
1762,13:25:21,8.62,--,89,76718,买盘
1763,13:25:18,8.62,--,60,51719,买盘
1764,13:25:15,8.62,0.01,38,32755,买盘
1765,13:25:12,8.61,-0.01,24,20664,卖盘
1766,13:25:09,8.62,--,99,85337,买盘
1767,13:25:06,8.62,0.01,121,104301,买盘
1768,13:25:03,8.61,-0.01,38,32717,卖盘
1769,13:25:00,8.62,0.01,24,20687,买盘
1770,13:24:57,8.61,-0.01,76,65435,卖盘
1771,13:24:54,8.62,--,38,32755,买盘
1772,13:24:51,8.62,0.01,196,168951,买盘
1773,13:24:48,8.61,-0.01,89,76629,卖盘
1774,13:24:45,8.62,0.01,71,61201,买盘
1775,13:24:42,8.61,--,88,75768,卖盘
1776,13:24:39,8.61,--,316,272076,卖盘
1777,13:24:33,8.61,--,15,12915,卖盘
1778,13:24:30,8.61,-0.01,11,9471,卖盘
1779,13:24:27,8.62,0.01,32,27583,买盘
1780,13:24:24,8.61,--,13,11193,卖盘
1781,13:24:21,8.61,-0.01,62,53382,卖盘
1782,13:24:18,8.62,0.01,39,34307,买盘
1783,13:24:15,8.61,0.01,1699,1462839,买盘
1784,13:24:12,8.6,--,50,43000,卖盘
1785,13:24:09,8.6,--,244,209840,卖盘
1786,13:24:06,8.6,--,126,108360,卖盘
1787,13:24:03,8.6,--,25,21500,卖盘
1788,13:24:00,8.6,--,14,12040,卖盘
1789,13:23:57,8.6,--,66,56760,卖盘
1790,13:23:54,8.6,--,1105,950300,卖盘
1791,13:23:51,8.6,-0.01,20,17200,卖盘
1792,13:23:48,8.61,--,31,26691,买盘
1793,13:23:45,8.61,0.01,142,122261,买盘
1794,13:23:42,8.6,-0.01,14,12040,卖盘
1795,13:23:39,8.61,--,56,48216,买盘
1796,13:23:36,8.61,0.01,6,5166,买盘
1797,13:23:30,8.6,-0.01,30,25800,卖盘
1798,13:23:27,8.61,0.01,88,75768,买盘
1799,13:23:24,8.6,-0.01,213,183180,卖盘
1800,13:23:21,8.61,--,63,54243,买盘
1801,13:23:18,8.61,0.01,42,36162,买盘
1802,13:23:15,8.6,-0.01,1,860,卖盘
1803,13:23:12,8.61,0.01,170,146370,买盘
1804,13:23:09,8.6,--,511,439460,卖盘
1805,13:23:06,8.6,--,72,61920,卖盘
1806,13:23:03,8.6,--,129,110940,卖盘
1807,13:23:00,8.6,0.01,523,450468,买盘
1808,13:22:57,8.59,-0.01,26,22334,卖盘
1809,13:22:54,8.6,--,34,29240,买盘
1810,13:22:51,8.6,0.01,167,143620,买盘
1811,13:22:48,8.59,-0.01,67,57553,卖盘
1812,13:22:45,8.6,0.01,58,49880,买盘
1813,13:22:42,8.59,--,64,54976,卖盘
1814,13:22:39,8.59,-0.01,112,96208,卖盘
1815,13:22:36,8.6,--,54,46440,买盘
1816,13:22:33,8.6,--,16,13760,买盘
1817,13:22:30,8.6,--,184,158240,买盘
1818,13:22:27,8.6,--,53,45580,买盘
1819,13:22:24,8.6,--,163,140180,买盘
1820,13:22:21,8.6,0.01,160,137600,买盘
1821,13:22:18,8.59,-0.01,121,103939,卖盘
1822,13:22:15,8.6,0.01,36,30960,买盘
1823,13:22:12,8.59,-0.01,14,12026,卖盘
1824,13:22:09,8.6,--,50,43172,卖盘
1825,13:22:06,8.6,--,228,196080,卖盘
1826,13:22:03,8.6,--,168,144480,卖盘
1827,13:22:00,8.6,-0.01,416,357760,卖盘
1828,13:21:57,8.61,--,107,92127,买盘
1829,13:21:54,8.61,0.01,285,245384,买盘
1830,13:21:51,8.6,-0.01,60,51600,卖盘
1831,13:21:48,8.61,0.01,209,179949,买盘
1832,13:21:45,8.6,--,9,7740,卖盘
1833,13:21:42,8.6,--,61,52460,卖盘
1834,13:21:39,8.6,--,23,19780,卖盘
1835,13:21:36,8.6,-0.01,10,8600,卖盘
1836,13:21:33,8.61,--,18,15497,买盘
1837,13:21:30,8.61,0.01,294,253822,买盘
1838,13:21:27,8.6,--,504,433440,买盘
1839,13:21:24,8.6,--,831,714660,买盘
1840,13:21:21,8.6,--,83,71380,买盘
1841,13:21:18,8.6,--,486,417960,买盘
1842,13:21:15,8.6,--,117,100620,买盘
1843,13:21:12,8.6,0.01,311,267460,买盘
1844,13:21:09,8.59,--,101,86759,卖盘
1845,13:21:06,8.59,--,4,3436,卖盘
1846,13:21:03,8.59,--,13,11167,卖盘
1847,13:21:00,8.59,-0.01,10,8590,卖盘
1848,13:20:57,8.6,0.01,46,39560,买盘
1849,13:20:54,8.59,-0.01,95,81605,卖盘
1850,13:20:51,8.6,0.02,304,261440,买盘
1851,13:20:48,8.58,-0.01,114,97812,卖盘
1852,13:20:45,8.59,--,20,17180,买盘
1853,13:20:42,8.59,--,124,106516,买盘
1854,13:20:39,8.59,--,43,36937,买盘
1855,13:20:36,8.59,0.01,26,22334,买盘
1856,13:20:33,8.58,-0.01,120,102960,卖盘
1857,13:20:30,8.59,0.01,230,197570,买盘
1858,13:20:27,8.58,-0.01,44,37752,卖盘
1859,13:20:24,8.59,0.01,61,52399,买盘
1860,13:20:21,8.58,-0.01,100,85800,卖盘
1861,13:20:18,8.59,0.01,50,42950,买盘
1862,13:20:15,8.58,--,87,74646,卖盘
1863,13:20:12,8.58,--,61,52338,卖盘
1864,13:20:09,8.58,--,318,272844,卖盘
1865,13:20:06,8.58,--,25,21450,卖盘
1866,13:20:03,8.58,-0.01,18,15444,卖盘
1867,13:20:00,8.59,--,30,25770,买盘
1868,13:19:57,8.59,--,80,68720,买盘
1869,13:19:54,8.59,0.01,8,6872,买盘
1870,13:19:51,8.58,-0.01,118,101244,卖盘
1871,13:19:48,8.59,0.01,52,44668,买盘
1872,13:19:45,8.58,--,26,22308,卖盘
1873,13:19:42,8.58,--,31,26598,卖盘
1874,13:19:39,8.58,--,274,235092,卖盘
1875,13:19:36,8.58,-0.01,73,62634,卖盘
1876,13:19:33,8.59,0.01,100,85900,买盘
1877,13:19:30,8.58,--,27,23166,卖盘
1878,13:19:27,8.58,--,211,181038,卖盘
1879,13:19:24,8.58,--,301,258258,卖盘
1880,13:19:18,8.58,-0.01,109,93522,卖盘
1881,13:19:09,8.59,0.01,5,4295,买盘
1882,13:19:06,8.58,--,12,10296,卖盘
1883,13:19:03,8.58,-0.01,105,90090,卖盘
1884,13:19:00,8.59,--,3,2577,买盘
1885,13:18:57,8.59,0.01,45,38655,买盘
1886,13:18:54,8.58,-0.01,59,50622,卖盘
1887,13:18:51,8.59,-0.01,265,227635,卖盘
1888,13:18:48,8.6,0.01,260,223600,买盘
1889,13:18:45,8.59,--,124,106516,卖盘
1890,13:18:42,8.59,--,272,233648,卖盘
1891,13:18:39,8.59,--,161,138299,卖盘
1892,13:18:36,8.59,--,165,141735,卖盘
1893,13:18:33,8.59,--,166,142594,卖盘
1894,13:18:30,8.59,-0.01,142,121978,卖盘
1895,13:18:27,8.6,--,232,199520,买盘
1896,13:18:24,8.6,0.02,80,68800,买盘
1897,13:18:21,8.58,-0.02,223,191334,卖盘
1898,13:18:18,8.6,--,201,172860,买盘
1899,13:18:15,8.6,--,201,172860,买盘
1900,13:18:12,8.6,--,314,270040,买盘
1901,13:18:09,8.6,--,208,179052,卖盘
1902,13:18:06,8.6,--,339,291540,卖盘
1903,13:18:03,8.6,-0.01,464,399040,卖盘
1904,13:18:00,8.61,0.01,54,46494,买盘
1905,13:17:57,8.6,--,205,176300,卖盘
1906,13:17:54,8.6,--,314,270040,卖盘
1907,13:17:51,8.6,-0.01,236,202960,卖盘
1908,13:17:48,8.61,--,115,99015,买盘
1909,13:17:45,8.61,--,75,64574,买盘
1910,13:17:42,8.61,0.01,63,54243,买盘
1911,13:17:39,8.6,--,51,43860,卖盘
1912,13:17:36,8.6,-0.01,300,258000,卖盘
1913,13:17:33,8.61,--,10,8610,买盘
1914,13:17:30,8.61,0.01,281,241940,买盘
1915,13:17:27,8.6,--,100,86688,卖盘
1916,13:17:24,8.6,--,62,53320,卖盘
1917,13:17:21,8.6,-0.01,167,143620,卖盘
1918,13:17:18,8.61,--,30,25830,买盘
1919,13:17:15,8.61,--,87,74907,买盘
1920,13:17:12,8.61,0.01,404,347844,买盘
1921,13:17:09,8.6,-0.01,167,143620,卖盘
1922,13:17:06,8.61,0.01,318,273798,买盘
1923,13:17:03,8.6,-0.01,130,111800,卖盘
1924,13:17:00,8.61,--,77,66297,买盘
1925,13:16:57,8.61,0.01,74,63713,买盘
1926,13:16:54,8.6,-0.01,3,2580,卖盘
1927,13:16:51,8.61,--,36,30995,买盘
1928,13:16:48,8.61,--,231,198891,买盘
1929,13:16:45,8.61,0.01,179,154119,买盘
1930,13:16:42,8.6,--,305,262300,卖盘
1931,13:16:39,8.6,-0.01,154,132440,卖盘
1932,13:16:36,8.61,--,126,108486,买盘
1933,13:16:33,8.61,0.01,186,160146,买盘
1934,13:16:30,8.6,--,140,120400,卖盘
1935,13:16:27,8.6,-0.01,82,70520,卖盘
1936,13:16:24,8.61,--,13,11193,买盘
1937,13:16:21,8.61,--,26,22386,买盘
1938,13:16:18,8.61,0.01,59,50799,买盘
1939,13:16:15,8.6,-0.01,2,1720,卖盘
1940,13:16:12,8.61,0.01,112,96432,买盘
1941,13:16:09,8.6,-0.01,95,81700,卖盘
1942,13:16:06,8.61,0.01,59,50799,买盘
1943,13:16:03,8.6,--,87,74820,卖盘
1944,13:16:00,8.6,-0.01,35,30100,卖盘
1945,13:15:57,8.61,0.01,23,19803,买盘
1946,13:15:54,8.6,-0.01,46,39560,卖盘
1947,13:15:51,8.61,0.01,362,311682,买盘
1948,13:15:48,8.6,--,170,146200,卖盘
1949,13:15:45,8.6,-0.01,86,73960,卖盘
1950,13:15:42,8.61,0.01,31,26691,买盘
1951,13:15:39,8.6,--,800,688000,买盘
1952,13:15:36,8.6,--,75,64500,买盘
1953,13:15:33,8.6,--,38,32680,买盘
1954,13:15:30,8.6,--,128,110080,卖盘
1955,13:15:27,8.6,--,55,47300,卖盘
1956,13:15:24,8.6,-0.01,32,27520,卖盘
1957,13:15:21,8.61,0.01,136,117095,买盘
1958,13:15:18,8.6,--,39,33540,买盘
1959,13:15:15,8.6,--,316,271760,买盘
1960,13:15:12,8.6,--,248,213280,买盘
1961,13:15:09,8.6,--,52,44720,买盘
1962,13:15:06,8.6,--,752,646720,卖盘
1963,13:15:03,8.6,-0.01,169,145340,卖盘
1964,13:15:00,8.61,0.01,150,129149,买盘
1965,13:14:57,8.6,--,103,88580,买盘
1966,13:14:54,8.6,--,26,22704,卖盘
1967,13:14:51,8.6,--,1184,1018756,买盘
1968,13:14:48,8.6,--,201,172860,买盘
1969,13:14:45,8.6,0.01,78,67080,买盘
1970,13:14:42,8.59,-0.01,16,13744,卖盘
1971,13:14:39,8.6,0.01,125,107500,买盘
1972,13:14:36,8.59,-0.01,234,201006,卖盘
1973,13:14:33,8.6,--,644,553840,买盘
1974,13:14:30,8.6,--,333,286380,买盘
1975,13:14:27,8.6,0.01,62,53320,买盘
1976,13:14:24,8.59,--,289,248251,卖盘
1977,13:14:21,8.59,-0.01,28,24052,卖盘
1978,13:14:18,8.6,0.01,64,55040,买盘
1979,13:14:15,8.59,--,76,65971,买盘
1980,13:14:12,8.59,--,59,50681,买盘
1981,13:14:09,8.59,--,701,602159,买盘
1982,13:14:06,8.59,--,24,20616,买盘
1983,13:14:03,8.59,--,699,600441,买盘
1984,13:14:00,8.59,--,134,115106,买盘
1985,13:13:57,8.59,0.01,30,25770,买盘
1986,13:13:54,8.58,--,58,49764,卖盘
1987,13:13:51,8.58,0.01,1479,1268982,买盘
1988,13:13:48,8.57,0.01,98,83986,买盘
1989,13:13:45,8.56,-0.01,834,713904,卖盘
1990,13:13:42,8.57,0.01,43,36851,买盘
1991,13:13:39,8.56,--,1739,1488926,买盘
1992,13:13:36,8.56,--,945,808920,买盘
1993,13:13:33,8.56,--,420,359520,买盘
1994,13:13:30,8.56,0.01,1275,1091400,买盘
1995,13:13:27,8.55,-0.01,3,2565,卖盘
1996,13:13:24,8.56,--,21,17976,买盘
1997,13:13:21,8.56,0.01,154,131824,买盘
1998,13:13:18,8.55,-0.01,91,77805,卖盘
1999,13:13:15,8.56,0.01,1436,1229216,买盘
2000,13:13:12,8.55,-0.01,428,365940,卖盘
2001,13:13:09,8.56,0.01,170,145520,买盘
2002,13:13:03,8.55,--,337,288135,买盘
2003,13:13:00,8.55,--,846,723330,买盘
2004,13:12:57,8.55,0.01,28,23940,买盘
2005,13:12:54,8.54,--,3,2561,卖盘
2006,13:12:51,8.54,-0.01,125,106749,卖盘
2007,13:12:48,8.55,--,150,128250,买盘
2008,13:12:45,8.55,--,66,56430,买盘
2009,13:12:39,8.55,0.01,673,575415,买盘
2010,13:12:36,8.54,0.01,123,105041,买盘
2011,13:12:33,8.53,-0.01,136,116007,卖盘
2012,13:12:30,8.54,--,365,311709,买盘
2013,13:12:27,8.54,0.01,122,104187,买盘
2014,13:12:24,8.53,-0.01,26,22178,卖盘
2015,13:12:18,8.54,0.01,186,158843,买盘
2016,13:12:15,8.53,--,203,173159,卖盘
2017,13:12:12,8.53,-0.01,132,112595,卖盘
2018,13:12:09,8.54,--,150,128099,买盘
2019,13:12:06,8.54,--,213,181901,买盘
2020,13:12:03,8.54,--,630,538020,买盘
2021,13:12:00,8.54,0.01,70,59779,买盘
2022,13:11:57,8.53,--,38,32413,卖盘
2023,13:11:54,8.53,-0.01,181,154393,卖盘
2024,13:11:51,8.54,0.01,11,9393,买盘
2025,13:11:48,8.53,-0.01,55,46915,卖盘
2026,13:11:45,8.54,--,49,41845,买盘
2027,13:11:42,8.54,--,4,3415,买盘
2028,13:11:39,8.54,--,33,28181,买盘
2029,13:11:36,8.54,--,161,137494,买盘
2030,13:11:30,8.54,0.01,10,8540,买盘
2031,13:11:27,8.53,-0.01,21,17913,卖盘
2032,13:11:24,8.54,0.01,74,63195,买盘
2033,13:11:21,8.53,--,44,37532,买盘
2034,13:11:18,8.53,--,34,29001,卖盘
2035,13:11:15,8.53,--,311,265283,买盘
2036,13:11:12,8.53,-0.01,791,674723,卖盘
2037,13:11:09,8.54,--,786,671243,买盘
2038,13:11:06,8.54,0.01,16,13663,买盘
2039,13:11:03,8.53,-0.01,12,10236,卖盘
2040,13:11:00,8.54,0.01,157,134078,买盘
2041,13:10:54,8.53,-0.01,3,2559,卖盘
2042,13:10:51,8.54,0.01,50,42699,买盘
2043,13:10:48,8.53,--,140,119419,卖盘
2044,13:10:45,8.53,-0.01,29,24736,卖盘
2045,13:10:42,8.54,0.01,133,113581,买盘
2046,13:10:39,8.53,-0.01,133,113448,卖盘
2047,13:10:33,8.54,0.01,35,29889,买盘
2048,13:10:27,8.53,--,106,90418,卖盘
2049,13:10:24,8.53,-0.01,3,2559,卖盘
2050,13:10:21,8.54,--,35,29889,买盘
2051,13:10:18,8.54,0.01,95,81129,买盘
2052,13:10:15,8.53,--,52,44356,卖盘
2053,13:10:12,8.53,-0.01,24,20472,卖盘
2054,13:10:09,8.54,--,100,85399,买盘
2055,13:10:06,8.54,--,28,23911,买盘
2056,13:10:03,8.54,0.01,18,15371,买盘
2057,13:10:00,8.53,-0.01,55,46915,卖盘
2058,13:09:57,8.54,0.01,19,16225,买盘
2059,13:09:54,8.53,-0.01,3,2559,卖盘
2060,13:09:51,8.54,--,25,21349,买盘
2061,13:09:45,8.54,--,54,46115,买盘
2062,13:09:42,8.54,--,23,19641,买盘
2063,13:09:39,8.54,--,11,9393,买盘
2064,13:09:36,8.54,--,59,50385,买盘
2065,13:09:33,8.54,0.01,1,853,买盘
2066,13:09:27,8.53,-0.01,2,1705,卖盘
2067,13:09:24,8.54,0.01,20,17080,买盘
2068,13:09:21,8.53,--,62,52885,卖盘
2069,13:09:15,8.53,--,72,61415,卖盘
2070,13:09:12,8.53,--,46,39238,卖盘
2071,13:09:09,8.53,-0.01,199,169747,卖盘
2072,13:09:06,8.54,--,33,28181,卖盘
2073,13:09:03,8.54,--,10,8540,卖盘
2074,13:09:00,8.54,--,85,72590,卖盘
2075,13:08:57,8.54,--,56,47823,卖盘
2076,13:08:54,8.54,--,7,5977,卖盘
2077,13:08:51,8.54,-0.01,25,21349,卖盘
2078,13:08:48,8.55,--,71,60705,买盘
2079,13:08:45,8.55,--,140,119700,买盘
2080,13:08:39,8.55,--,18,15390,买盘
2081,13:08:36,8.55,0.01,135,115425,买盘
2082,13:08:33,8.54,-0.01,103,87961,卖盘
2083,13:08:30,8.55,0.01,184,157320,买盘
2084,13:08:27,8.54,--,21,17934,卖盘
2085,13:08:21,8.54,--,99,84545,卖盘
2086,13:08:18,8.54,-0.01,6,5123,卖盘
2087,13:08:15,8.55,0.01,3,2565,买盘
2088,13:08:12,8.54,--,1,853,卖盘
2089,13:08:09,8.54,--,15,12809,买盘
2090,13:08:06,8.54,--,10,8540,买盘
2091,13:08:03,8.54,--,143,122121,买盘
2092,13:08:00,8.54,0.01,133,113581,买盘
2093,13:07:57,8.53,-0.01,54,46062,卖盘
2094,13:07:54,8.54,--,54,46115,买盘
2095,13:07:48,8.54,--,73,62341,买盘
2096,13:07:45,8.54,--,10,8540,买盘
2097,13:07:42,8.54,-0.01,182,155427,卖盘
2098,13:07:39,8.55,0.01,185,158175,买盘
2099,13:07:36,8.54,-0.01,94,80275,卖盘
2100,13:07:33,8.55,--,65,55575,买盘
2101,13:07:30,8.55,0.01,18,15390,买盘
2102,13:07:27,8.54,--,10,8540,卖盘
2103,13:07:24,8.54,--,76,64903,卖盘
2104,13:07:21,8.54,--,22,18787,卖盘
2105,13:07:18,8.54,--,94,80275,买盘
2106,13:07:15,8.54,--,27,23057,买盘
2107,13:07:12,8.54,--,38,32451,买盘
2108,13:07:09,8.54,--,2,1707,买盘
2109,13:07:03,8.54,--,898,766891,买盘
2110,13:07:00,8.54,0.01,137,116997,买盘
2111,13:06:57,8.53,--,13,11089,卖盘
2112,13:06:54,8.53,-0.01,137,116860,卖盘
2113,13:06:51,8.54,0.01,17,14517,买盘
2114,13:06:48,8.53,-0.01,10,8530,卖盘
2115,13:06:45,8.54,--,100,85399,买盘
2116,13:06:42,8.54,0.01,20,17080,买盘
2117,13:06:39,8.53,-0.01,23,19619,卖盘
2118,13:06:36,8.54,0.01,33,28181,买盘
2119,13:06:33,8.53,--,17,14500,卖盘
2120,13:06:30,8.53,--,42,35826,卖盘
2121,13:06:27,8.53,--,184,156952,买盘
2122,13:06:24,8.53,0.01,393,335229,买盘
2123,13:06:21,8.52,--,43,36636,卖盘
2124,13:06:18,8.52,--,11,9372,卖盘
2125,13:06:12,8.52,--,10,8520,卖盘
2126,13:06:09,8.52,--,15,12780,卖盘
2127,13:06:06,8.52,--,184,156768,卖盘
2128,13:06:03,8.52,0.01,44,37488,买盘
2129,13:06:00,8.51,-0.01,20,17020,卖盘
2130,13:05:57,8.52,0.01,13,11076,买盘
2131,13:05:54,8.51,--,25,21275,卖盘
2132,13:05:48,8.51,-0.01,376,319976,卖盘
2133,13:05:45,8.52,0.01,23,19596,买盘
2134,13:05:42,8.51,--,11,9361,卖盘
2135,13:05:39,8.51,--,17,14467,卖盘
2136,13:05:36,8.51,-0.01,44,37444,卖盘
2137,13:05:33,8.52,--,35,29820,买盘
2138,13:05:30,8.52,0.01,48,40896,买盘
2139,13:05:27,8.51,--,85,72335,卖盘
2140,13:05:24,8.51,--,33,28083,卖盘
2141,13:05:15,8.51,--,21,17871,卖盘
2142,13:05:09,8.51,--,10,8510,卖盘
2143,13:05:06,8.51,-0.01,15,12765,卖盘
2144,13:05:03,8.52,--,11,9372,买盘
2145,13:05:00,8.52,0.01,38,32376,买盘
2146,13:04:57,8.51,--,41,34891,卖盘
2147,13:04:54,8.51,--,1094,930994,卖盘
2148,13:04:51,8.51,--,28,23828,卖盘
2149,13:04:42,8.51,--,135,114885,买盘
2150,13:04:39,8.51,--,15,12765,买盘
2151,13:04:36,8.51,0.01,37,31487,买盘
2152,13:04:33,8.5,--,8,6800,卖盘
2153,13:04:27,8.5,-0.01,27,22950,卖盘
2154,13:04:21,8.51,--,12,10212,买盘
2155,13:04:18,8.51,--,81,68931,卖盘
2156,13:04:15,8.51,-0.01,132,112332,买盘
2157,13:04:12,8.52,0.02,2,1704,买盘
2158,13:04:09,8.5,-0.02,81,68850,卖盘
2159,13:04:06,8.52,0.01,30,25560,买盘
2160,13:04:03,8.51,--,84,71484,卖盘
2161,13:04:00,8.51,--,69,58719,卖盘
2162,13:03:54,8.51,--,6,5106,卖盘
2163,13:03:51,8.51,--,9,7659,卖盘
2164,13:03:45,8.51,--,95,81287,买盘
2165,13:03:42,8.51,--,3,2553,买盘
2166,13:03:39,8.51,--,25,21275,买盘
2167,13:03:33,8.51,--,1,851,买盘
2168,13:03:30,8.51,--,43,37001,卖盘
2169,13:03:27,8.51,--,47,39997,卖盘
2170,13:03:24,8.51,--,163,138713,卖盘
2171,13:03:21,8.51,--,7,5957,卖盘
2172,13:03:18,8.51,--,1,851,卖盘
2173,13:03:15,8.51,--,49,42141,卖盘
2174,13:03:12,8.51,--,6,5106,买盘
2175,13:03:09,8.51,--,50,42550,买盘
2176,13:03:03,8.51,--,19,16169,买盘
2177,13:03:00,8.51,0.01,31,26381,卖盘
2178,13:02:54,8.5,-0.01,588,499800,卖盘
2179,13:02:51,8.51,-0.01,9,7659,卖盘
2180,13:02:45,8.52,0.01,2,1704,买盘
2181,13:02:42,8.51,-0.01,76,64676,卖盘
2182,13:02:33,8.52,--,133,113316,买盘
2183,13:02:30,8.52,--,38,32376,买盘
2184,13:02:24,8.52,0.01,4,3408,买盘
2185,13:02:18,8.51,--,375,319125,卖盘
2186,13:02:15,8.51,-0.01,65,55315,卖盘
2187,13:02:09,8.52,0.01,45,38340,买盘
2188,13:02:06,8.51,-0.01,53,45103,卖盘
2189,13:02:03,8.52,--,202,172104,买盘
2190,13:01:57,8.52,--,8,6816,买盘
2191,13:01:54,8.52,--,50,42600,买盘
2192,13:01:51,8.52,0.01,10,8520,买盘
2193,13:01:48,8.51,--,103,87653,卖盘
2194,13:01:45,8.51,-0.01,4,3404,卖盘
2195,13:01:42,8.52,--,2,1704,买盘
2196,13:01:39,8.52,0.01,85,72420,买盘
2197,13:01:36,8.51,-0.01,1,851,卖盘
2198,13:01:33,8.52,0.01,59,50268,买盘
2199,13:01:27,8.51,--,104,88504,卖盘
2200,13:01:24,8.51,--,36,30636,卖盘
2201,13:01:21,8.51,--,3,2553,卖盘
2202,13:01:15,8.51,-0.01,14,11914,卖盘
2203,13:01:12,8.52,0.01,50,42600,买盘
2204,13:01:09,8.51,--,1,851,卖盘
2205,13:01:06,8.51,--,439,374048,买盘
2206,13:01:03,8.51,0.01,16,13616,买盘
2207,13:01:00,8.5,-0.01,2,1700,卖盘
2208,13:00:57,8.51,--,14,11914,买盘
2209,13:00:54,8.51,--,55,46805,买盘
2210,13:00:51,8.51,0.01,20,17020,买盘
2211,13:00:48,8.5,-0.01,9,7650,卖盘
2212,13:00:45,8.51,0.01,59,50209,买盘
2213,13:00:42,8.5,-0.01,70,59500,卖盘
2214,13:00:39,8.51,--,30,25530,买盘
2215,13:00:36,8.51,0.01,79,67229,买盘
2216,13:00:33,8.5,-0.01,169,143650,卖盘
2217,13:00:30,8.51,0.01,44,37444,买盘
2218,13:00:27,8.5,-0.01,34,28900,卖盘
2219,13:00:24,8.51,--,7,5957,买盘
2220,13:00:18,8.51,--,36,30636,买盘
2221,13:00:15,8.51,--,178,151478,买盘
2222,13:00:09,8.51,--,6,5106,买盘
2223,13:00:06,8.51,0.01,1013,862063,买盘
2224,13:00:03,8.5,-0.02,1701,1446062,卖盘
2225,13:00:00,8.52,0.01,73,62196,买盘
2226,11:30:00,8.51,-0.01,26,22126,卖盘
2227,11:29:57,8.52,--,2,1704,买盘
2228,11:29:54,8.52,--,48,40896,买盘
2229,11:29:48,8.52,--,202,172104,买盘
2230,11:29:45,8.52,--,15,12780,卖盘
2231,11:29:42,8.52,--,1,852,卖盘
2232,11:29:39,8.52,-0.01,17,14484,卖盘
2233,11:29:36,8.53,0.01,92,78476,买盘
2234,11:29:33,8.52,-0.01,1306,1112712,卖盘
2235,11:29:27,8.53,0.01,1,852,买盘
2236,11:29:24,8.52,--,83,70716,卖盘
2237,11:29:21,8.52,--,21,17892,卖盘
2238,11:29:18,8.52,--,75,64530,买盘
2239,11:29:15,8.52,--,125,106500,买盘
2240,11:29:12,8.52,--,30,25560,买盘
2241,11:29:06,8.52,-0.01,58,49637,卖盘
2242,11:29:03,8.53,0.01,30,26221,买盘
2243,11:29:00,8.52,--,4,3408,买盘
2244,11:28:57,8.52,--,148,126317,卖盘
2245,11:28:54,8.52,--,48,41526,买盘
2246,11:28:51,8.52,--,10,8520,买盘
2247,11:28:48,8.52,--,14,11928,买盘
2248,11:28:45,8.52,--,160,136320,买盘
2249,11:28:42,8.52,--,100,85200,买盘
2250,11:28:39,8.52,--,351,299052,买盘
2251,11:28:33,8.52,--,122,103944,买盘
2252,11:28:27,8.52,--,21,17892,买盘
2253,11:28:24,8.52,--,38,32376,买盘
2254,11:28:21,8.52,0.01,3,2556,买盘
2255,11:28:18,8.51,-0.01,15,12765,卖盘
2256,11:28:15,8.52,0.01,103,87756,买盘
2257,11:28:12,8.51,--,118,100418,卖盘
2258,11:28:09,8.51,-0.01,1,851,卖盘
2259,11:28:06,8.52,--,1,852,买盘
2260,11:28:03,8.52,0.01,29,24708,买盘
2261,11:28:00,8.51,--,100,85100,买盘
2262,11:27:57,8.51,0.01,293,249343,买盘
2263,11:27:54,8.5,-0.01,16,13600,卖盘
2264,11:27:51,8.51,0.01,1,851,买盘
2265,11:27:48,8.5,-0.01,41,34850,卖盘
2266,11:27:45,8.51,0.01,11,9361,买盘
2267,11:27:42,8.5,--,15,12750,卖盘
2268,11:27:39,8.5,--,26,22100,卖盘
2269,11:27:36,8.5,-0.01,130,110500,卖盘
2270,11:27:33,8.51,--,1,851,买盘
2271,11:27:30,8.51,0.01,16,13616,买盘
2272,11:27:24,8.5,-0.01,75,63750,卖盘
2273,11:27:21,8.51,--,8,6808,买盘
2274,11:27:18,8.51,--,281,239131,卖盘
2275,11:27:15,8.51,--,34,28934,卖盘
2276,11:27:12,8.51,--,7,5957,卖盘
2277,11:27:09,8.51,--,1165,991415,买盘
2278,11:27:06,8.51,--,26,22126,买盘
2279,11:27:03,8.51,0.01,29,24679,买盘
2280,11:27:00,8.5,--,1,850,卖盘
2281,11:26:57,8.5,--,102,86700,卖盘
2282,11:26:54,8.5,--,12,10200,卖盘
2283,11:26:51,8.5,--,42,35700,卖盘
2284,11:26:48,8.5,0.01,14,11900,中性盘
2285,11:26:39,8.49,-0.01,442,375258,卖盘
2286,11:26:36,8.5,0.01,1,850,买盘
2287,11:26:33,8.49,--,189,160461,卖盘
2288,11:26:30,8.49,-0.01,11,9339,卖盘
2289,11:26:27,8.5,--,50,42500,买盘
2290,11:26:24,8.5,-0.01,31,26350,中性盘
2291,11:26:21,8.51,0.01,72,61272,买盘
2292,11:26:18,8.5,--,175,148750,卖盘
2293,11:26:15,8.5,-0.01,2,1700,卖盘
2294,11:26:12,8.51,0.01,1,851,买盘
2295,11:26:09,8.5,-0.01,13,11050,卖盘
2296,11:26:06,8.51,--,16,13616,买盘
2297,11:26:03,8.51,0.01,72,61272,买盘
2298,11:26:00,8.5,--,92,78200,买盘
2299,11:25:57,8.5,0.01,503,427550,买盘
2300,11:25:54,8.49,-0.01,86,73014,卖盘
2301,11:25:51,8.5,--,7,5950,买盘
2302,11:25:48,8.5,--,31,26350,买盘
2303,11:25:45,8.5,--,111,94350,买盘
2304,11:25:42,8.5,--,100,85000,买盘
2305,11:25:39,8.5,-0.01,119,101150,卖盘
2306,11:25:36,8.51,0.01,2,1702,买盘
2307,11:25:33,8.5,-0.01,11,9350,卖盘
2308,11:25:30,8.51,0.01,18,15318,买盘
2309,11:25:27,8.5,--,102,86700,卖盘
2310,11:25:24,8.5,-0.01,1,850,卖盘
2311,11:25:21,8.51,--,74,62974,买盘
2312,11:25:18,8.51,0.01,57,48507,买盘
2313,11:25:15,8.5,-0.01,26,22100,卖盘
2314,11:25:12,8.51,--,129,109779,买盘
2315,11:25:09,8.51,--,1,851,买盘
2316,11:25:06,8.51,0.01,48,40848,买盘
2317,11:25:03,8.5,--,44,37400,卖盘
2318,11:25:00,8.5,--,63,53550,卖盘
2319,11:24:57,8.5,--,9,7650,卖盘
2320,11:24:54,8.5,-0.01,100,85000,卖盘
2321,11:24:51,8.51,0.01,197,167647,买盘
2322,11:24:48,8.5,--,40,34000,卖盘
2323,11:24:45,8.5,-0.01,42,35700,卖盘
2324,11:24:42,8.51,0.01,509,433159,买盘
2325,11:24:39,8.5,-0.01,32,27200,卖盘
2326,11:24:36,8.51,0.01,94,79994,买盘
2327,11:24:33,8.5,-0.01,22,18700,卖盘
2328,11:24:30,8.51,0.01,21,17871,买盘
2329,11:24:27,8.5,--,169,143650,买盘
2330,11:24:24,8.5,0.01,48,40800,买盘
2331,11:24:21,8.49,-0.01,113,95937,卖盘
2332,11:24:18,8.5,0.01,10,8500,买盘
2333,11:24:15,8.49,-0.01,152,129048,卖盘
2334,11:24:12,8.5,--,94,79900,卖盘
2335,11:24:06,8.5,-0.01,112,95200,卖盘
2336,11:24:03,8.51,--,161,137011,买盘
2337,11:24:00,8.51,0.01,10,8510,买盘
2338,11:23:57,8.5,-0.01,27,22950,卖盘
2339,11:23:54,8.51,0.01,13,11063,买盘
2340,11:23:51,8.5,--,81,68850,卖盘
2341,11:23:48,8.5,--,17,14450,卖盘
2342,11:23:45,8.5,--,274,232900,卖盘
2343,11:23:42,8.5,-0.01,12,10200,卖盘
2344,11:23:39,8.51,--,45,38295,买盘
2345,11:23:36,8.51,0.01,83,70633,买盘
2346,11:23:33,8.5,--,189,160650,买盘
2347,11:23:30,8.5,--,365,310250,买盘
2348,11:23:27,8.5,--,30,25500,买盘
2349,11:23:24,8.5,--,113,96050,买盘
2350,11:23:21,8.5,--,19,16150,买盘
2351,11:23:18,8.5,--,47,39950,买盘
2352,11:23:15,8.5,0.01,102,86700,买盘
2353,11:23:12,8.49,--,124,105276,卖盘
2354,11:23:09,8.49,-0.01,103,87447,卖盘
2355,11:23:06,8.5,--,1,850,买盘
2356,11:23:03,8.5,0.01,219,186150,买盘
2357,11:23:00,8.49,--,10,8490,卖盘
2358,11:22:57,8.49,-0.01,9,7641,卖盘
2359,11:22:54,8.5,0.01,11,9350,买盘
2360,11:22:51,8.49,--,100,84900,卖盘
2361,11:22:48,8.49,-0.01,11,9339,卖盘
2362,11:22:45,8.5,-0.01,10,8500,中性盘
2363,11:22:42,8.51,0.01,65,55315,买盘
2364,11:22:39,8.5,--,159,135150,卖盘
2365,11:22:36,8.5,--,92,78200,卖盘
2366,11:22:30,8.5,-0.01,398,338300,卖盘
2367,11:22:27,8.51,--,30,25530,买盘
2368,11:22:24,8.51,--,10,8510,买盘
2369,11:22:21,8.51,0.01,219,186369,买盘
2370,11:22:18,8.5,--,110,93500,卖盘
2371,11:22:15,8.5,-0.01,151,128350,卖盘
2372,11:22:12,8.51,--,148,125948,买盘
2373,11:22:09,8.51,0.01,13,11063,买盘
2374,11:22:03,8.5,--,203,172550,卖盘
2375,11:22:00,8.5,-0.01,227,192950,卖盘
2376,11:21:57,8.51,--,1,851,买盘
2377,11:21:54,8.51,--,38,32338,买盘
2378,11:21:51,8.51,0.01,11,9361,买盘
2379,11:21:48,8.5,-0.01,147,124950,卖盘
2380,11:21:45,8.51,0.01,12,10212,卖盘
2381,11:21:42,8.5,--,81,68850,卖盘
2382,11:21:39,8.5,--,288,244800,卖盘
2383,11:21:36,8.5,-0.01,214,181900,卖盘
2384,11:21:33,8.51,--,11,9361,买盘
2385,11:21:30,8.51,--,41,34891,买盘
2386,11:21:27,8.51,--,31,26381,买盘
2387,11:21:24,8.51,--,21,17871,买盘
2388,11:21:21,8.51,--,50,42550,买盘
2389,11:21:18,8.51,--,63,53613,买盘
2390,11:21:15,8.51,0.01,10,8510,买盘
2391,11:21:12,8.5,-0.01,154,130900,卖盘
2392,11:21:09,8.51,--,263,223813,买盘
2393,11:21:03,8.51,0.01,9,7659,中性盘
2394,11:21:00,8.5,--,581,493850,卖盘
2395,11:20:57,8.5,-0.02,24,20400,卖盘
2396,11:20:54,8.52,0.01,1053,897156,买盘
2397,11:20:48,8.51,0.01,433,368483,买盘
2398,11:20:45,8.5,--,5,4250,卖盘
2399,11:20:42,8.5,--,121,102850,卖盘
2400,11:20:39,8.5,--,35,29750,卖盘
2401,11:20:36,8.5,-0.01,119,101150,卖盘
2402,11:20:33,8.51,--,32,27232,买盘
2403,11:20:30,8.51,--,118,100418,买盘
2404,11:20:27,8.51,--,6,5106,买盘
2405,11:20:24,8.51,--,188,160243,卖盘
2406,11:20:21,8.51,--,86,73186,卖盘
2407,11:20:18,8.51,--,74,63569,卖盘
2408,11:20:15,8.51,--,11,9361,卖盘
2409,11:20:12,8.51,-0.01,101,85951,卖盘
2410,11:20:09,8.52,0.02,933,794916,买盘
2411,11:20:06,8.5,-0.01,89,75650,卖盘
2412,11:20:03,8.51,--,129,109779,买盘
2413,11:20:00,8.51,--,40,34040,买盘
2414,11:19:57,8.51,--,70,59570,买盘
2415,11:19:54,8.51,0.01,65,55315,买盘
2416,11:19:51,8.5,-0.01,10,8500,卖盘
2417,11:19:48,8.51,0.01,1,851,买盘
2418,11:19:45,8.5,--,8,6800,卖盘
2419,11:19:42,8.5,--,2,1700,卖盘
2420,11:19:39,8.5,-0.01,94,79900,卖盘
2421,11:19:36,8.51,0.01,21,17871,中性盘
2422,11:19:30,8.5,-0.02,220,187000,卖盘
2423,11:19:27,8.52,0.01,24,20448,买盘
2424,11:19:24,8.51,--,369,314019,买盘
2425,11:19:21,8.51,0.01,66,56166,买盘
2426,11:19:18,8.5,-0.01,31,26350,卖盘
2427,11:19:15,8.51,--,10,8510,买盘
2428,11:19:12,8.51,0.01,632,537832,买盘
2429,11:19:09,8.5,--,77,65450,卖盘
2430,11:19:06,8.5,-0.01,35,29750,卖盘
2431,11:19:03,8.51,0.01,23,19573,买盘
2432,11:18:57,8.5,-0.01,187,158950,卖盘
2433,11:18:54,8.51,0.01,50,42550,买盘
2434,11:18:51,8.5,--,391,333064,买盘
2435,11:18:48,8.5,--,26,22100,买盘
2436,11:18:45,8.5,0.01,60,51000,买盘
2437,11:18:42,8.49,-0.01,21,17829,卖盘
2438,11:18:39,8.5,--,5,4250,买盘
2439,11:18:36,8.5,--,74,63036,卖盘
2440,11:18:33,8.5,0.01,399,339864,买盘
2441,11:18:30,8.49,-0.01,6,5094,卖盘
2442,11:18:27,8.5,--,164,139400,买盘
2443,11:18:24,8.5,0.01,139,118150,买盘
2444,11:18:21,8.49,-0.01,26,22074,卖盘
2445,11:18:18,8.5,0.01,20,17000,买盘
2446,11:18:15,8.49,--,273,231777,卖盘
2447,11:18:12,8.49,--,88,74712,卖盘
2448,11:18:09,8.49,-0.01,315,267435,卖盘
2449,11:18:06,8.5,--,317,269450,买盘
2450,11:18:03,8.5,--,85,72250,买盘
2451,11:18:00,8.5,--,90,76500,买盘
2452,11:17:57,8.5,0.01,102,86700,买盘
2453,11:17:54,8.49,0.01,178,151122,买盘
2454,11:17:51,8.48,-0.01,35,29680,卖盘
2455,11:17:48,8.49,-0.01,250,212250,卖盘
2456,11:17:45,8.5,0.01,161,136850,买盘
2457,11:17:42,8.49,--,130,110370,卖盘
2458,11:17:39,8.49,-0.01,60,50940,卖盘
2459,11:17:36,8.5,0.01,63,53550,买盘
2460,11:17:33,8.49,-0.01,87,73863,卖盘
2461,11:17:30,8.5,0.01,76,64600,买盘
2462,11:17:27,8.49,0.01,239,202911,买盘
2463,11:17:24,8.48,-0.01,93,78864,卖盘
2464,11:17:21,8.49,--,1248,1059552,买盘
2465,11:17:18,8.49,--,141,119709,买盘
2466,11:17:15,8.49,0.01,20,16980,买盘
2467,11:17:12,8.48,--,123,104304,卖盘
2468,11:17:09,8.48,--,169,143312,卖盘
2469,11:17:06,8.48,-0.01,150,127200,卖盘
2470,11:17:03,8.49,0.01,70,59430,买盘
2471,11:17:00,8.48,--,160,135680,卖盘
2472,11:16:57,8.48,--,18,15264,卖盘
2473,11:16:54,8.48,0.01,135,114480,中性盘
2474,11:16:51,8.47,-0.01,758,642026,卖盘
2475,11:16:48,8.48,0.01,173,146704,买盘
2476,11:16:45,8.47,-0.01,34,28798,卖盘
2477,11:16:42,8.48,0.01,136,115328,买盘
2478,11:16:39,8.47,-0.01,84,71148,卖盘
2479,11:16:36,8.48,0.01,83,70384,买盘
2480,11:16:33,8.47,-0.01,130,110110,卖盘
2481,11:16:30,8.48,0.02,341,289168,买盘
2482,11:16:27,8.46,-0.02,130,109980,卖盘
2483,11:16:24,8.48,0.01,538,456224,买盘
2484,11:16:21,8.47,0.01,1535,1300839,买盘
2485,11:16:18,8.46,-0.01,1086,918756,卖盘
2486,11:16:15,8.47,0.01,104,88088,买盘
2487,11:16:12,8.46,--,673,569358,卖盘
2488,11:16:09,8.46,--,50,42300,卖盘
2489,11:16:06,8.46,--,297,251262,卖盘
2490,11:16:03,8.46,--,162,137052,卖盘
2491,11:16:00,8.46,-0.01,65,54990,卖盘
2492,11:15:57,8.47,--,117,99099,买盘
2493,11:15:54,8.47,0.01,98,83006,买盘
2494,11:15:51,8.46,-0.01,148,125208,卖盘
2495,11:15:48,8.47,--,2811,2380917,卖盘
2496,11:15:45,8.47,--,595,503965,卖盘
2497,11:15:42,8.47,-0.01,902,763994,卖盘
2498,11:15:39,8.48,--,57,48336,买盘
2499,11:15:36,8.48,0.01,409,346832,买盘
2500,11:15:33,8.47,-0.01,301,254947,卖盘
2501,11:15:30,8.48,0.01,480,407040,买盘
2502,11:15:27,8.47,--,77,65219,卖盘
2503,11:15:24,8.47,0.01,716,606452,中性盘
2504,11:15:21,8.46,--,611,516906,卖盘
2505,11:15:18,8.46,-0.01,371,313866,卖盘
2506,11:15:15,8.47,0.01,107,90629,买盘
2507,11:15:12,8.46,-0.02,113,95598,卖盘
2508,11:15:09,8.48,0.01,227,192496,买盘
2509,11:15:06,8.47,-0.01,72,60984,中性盘
2510,11:15:03,8.48,--,4111,3486340,买盘
2511,11:15:00,8.48,0.01,22,18656,买盘
2512,11:14:57,8.47,-0.01,317,268499,卖盘
2513,11:14:54,8.48,--,135,114480,卖盘
2514,11:14:51,8.48,--,183,155184,卖盘
2515,11:14:48,8.48,--,299,253552,卖盘
2516,11:14:45,8.48,0.01,1511,1282048,买盘
2517,11:14:42,8.47,--,19,16093,卖盘
2518,11:14:39,8.47,-0.01,11,9317,卖盘
2519,11:14:36,8.48,--,24,20352,买盘
2520,11:14:33,8.48,0.01,155,131440,买盘
2521,11:14:30,8.47,-0.01,10,8470,卖盘
2522,11:14:27,8.48,--,697,591056,买盘
2523,11:14:24,8.48,--,18,15264,买盘
2524,11:14:21,8.48,--,35,29680,买盘
2525,11:14:18,8.48,--,386,327328,卖盘
2526,11:14:15,8.48,-0.01,922,781856,卖盘
2527,11:14:12,8.49,0.01,137,116313,买盘
2528,11:14:09,8.48,--,655,555440,卖盘
2529,11:14:06,8.48,-0.01,362,306976,卖盘
2530,11:14:03,8.49,0.01,847,719103,买盘
2531,11:14:00,8.48,--,146,123808,卖盘
2532,11:13:57,8.48,--,52,44096,卖盘
2533,11:13:54,8.48,-0.01,56,47488,卖盘
2534,11:13:51,8.49,--,58,49242,买盘
2535,11:13:48,8.49,--,46,39054,买盘
2536,11:13:45,8.49,--,1785,1515617,卖盘
2537,11:13:42,8.49,-0.01,375,318375,卖盘
2538,11:13:39,8.5,0.01,926,787100,买盘
2539,11:13:36,8.49,--,123,104427,卖盘
2540,11:13:33,8.49,-0.01,122,103578,卖盘
2541,11:13:30,8.5,0.01,130,110500,买盘
2542,11:13:27,8.49,-0.01,155,131595,卖盘
2543,11:13:24,8.5,--,58,49300,买盘
2544,11:13:21,8.5,--,154,130900,买盘
2545,11:13:18,8.5,--,1191,1013157,卖盘
2546,11:13:15,8.5,-0.01,516,438600,卖盘
2547,11:13:12,8.51,0.01,361,307211,买盘
2548,11:13:09,8.5,--,372,316200,卖盘
2549,11:13:06,8.5,--,1348,1145800,卖盘
2550,11:13:03,8.5,--,419,356150,卖盘
2551,11:13:00,8.5,--,95,80750,卖盘
2552,11:12:57,8.5,--,86,73100,卖盘
2553,11:12:54,8.5,--,44,37400,卖盘
2554,11:12:51,8.5,--,119,101150,卖盘
2555,11:12:48,8.5,-0.01,658,559300,卖盘
2556,11:12:45,8.51,0.01,200,170200,买盘
2557,11:12:42,8.5,--,999,849150,卖盘
2558,11:12:39,8.5,--,502,426946,卖盘
2559,11:12:36,8.5,-0.01,4015,3413396,卖盘
2560,11:12:33,8.51,0.01,421,358271,买盘
2561,11:12:30,8.5,--,103,87550,卖盘
2562,11:12:27,8.5,--,69,58650,卖盘
2563,11:12:24,8.5,-0.01,22,18700,卖盘
2564,11:12:21,8.51,0.01,20,17020,买盘
2565,11:12:18,8.5,-0.01,11,9350,卖盘
2566,11:12:15,8.51,--,5431,4621781,卖盘
2567,11:12:12,8.51,--,27,22977,卖盘
2568,11:12:09,8.51,-0.01,1297,1103747,卖盘
2569,11:12:06,8.52,--,104,88608,买盘
2570,11:12:03,8.52,0.01,28,23856,买盘
2571,11:12:00,8.51,--,41,34891,卖盘
2572,11:11:57,8.51,-0.01,20,17020,卖盘
2573,11:11:54,8.52,0.01,24,20448,买盘
2574,11:11:51,8.51,-0.01,13,11063,卖盘
2575,11:11:48,8.52,0.01,236,201072,买盘
2576,11:11:45,8.51,-0.01,77,65527,卖盘
2577,11:11:42,8.52,0.01,109,92868,买盘
2578,11:11:39,8.51,--,2,1702,卖盘
2579,11:11:36,8.51,-0.01,557,474007,卖盘
2580,11:11:33,8.52,0.01,61,51972,买盘
2581,11:11:30,8.51,--,67,57017,卖盘
2582,11:11:27,8.51,-0.01,120,102120,卖盘
2583,11:11:24,8.52,--,124,105648,买盘
2584,11:11:21,8.52,--,103,87756,买盘
2585,11:11:18,8.52,--,2,1704,买盘
2586,11:11:15,8.52,--,1601,1364869,卖盘
2587,11:11:12,8.52,--,1547,1318044,卖盘
2588,11:11:09,8.52,--,171,145692,卖盘
2589,11:11:06,8.52,-0.01,556,473712,卖盘
2590,11:11:03,8.53,0.01,197,168041,买盘
2591,11:11:00,8.52,--,20,17040,卖盘
2592,11:10:57,8.52,--,23,19596,卖盘
2593,11:10:54,8.52,--,97,82644,卖盘
2594,11:10:51,8.52,--,557,474564,卖盘
2595,11:10:48,8.52,--,110,93720,卖盘
2596,11:10:42,8.52,--,53,45156,卖盘
2597,11:10:39,8.52,-0.01,41,34932,卖盘
2598,11:10:36,8.53,0.01,276,235427,买盘
2599,11:10:33,8.52,--,1840,1567680,卖盘
2600,11:10:30,8.52,--,42,35784,卖盘
2601,11:10:27,8.52,--,220,187440,卖盘
2602,11:10:24,8.52,-0.01,26,22152,卖盘
2603,11:10:21,8.53,--,139,118566,买盘
2604,11:10:18,8.53,0.01,19,16206,买盘
2605,11:10:15,8.52,-0.01,51,43452,卖盘
2606,11:10:12,8.53,0.01,219,186807,买盘
2607,11:10:09,8.52,--,81,69012,卖盘
2608,11:10:06,8.52,-0.01,20,17040,卖盘
2609,11:10:03,8.53,0.01,38,32413,买盘
2610,11:10:00,8.52,-0.01,23,19596,卖盘
2611,11:09:57,8.53,--,48,40944,买盘
2612,11:09:54,8.53,0.01,649,553597,买盘
2613,11:09:51,8.52,--,29,24708,卖盘
2614,11:09:48,8.52,--,54,46008,卖盘
2615,11:09:45,8.52,--,108,92016,卖盘
2616,11:09:42,8.52,--,2,1704,卖盘
2617,11:09:36,8.52,--,59,50268,卖盘
2618,11:09:33,8.52,--,27,23004,卖盘
2619,11:09:30,8.52,-0.01,8,6816,卖盘
2620,11:09:27,8.53,--,3,2559,买盘
2621,11:09:24,8.53,0.01,27,23031,买盘
2622,11:09:21,8.52,-0.01,9,7668,卖盘
2623,11:09:18,8.53,--,22,18766,买盘
2624,11:09:15,8.53,0.01,13,11089,买盘
2625,11:09:12,8.52,-0.01,50,42600,卖盘
2626,11:09:09,8.53,0.01,22,18766,买盘
2627,11:09:06,8.52,-0.01,276,235152,卖盘
2628,11:09:03,8.53,--,112,95536,买盘
2629,11:09:00,8.53,--,23,19619,买盘
2630,11:08:54,8.53,--,140,120025,卖盘
2631,11:08:51,8.53,--,103,87859,卖盘
2632,11:08:48,8.53,-0.01,104,88712,卖盘
2633,11:08:45,8.54,--,27,23057,买盘
2634,11:08:42,8.54,0.01,157,134078,买盘
2635,11:08:39,8.53,-0.01,15,12794,卖盘
2636,11:08:36,8.54,0.01,4,3415,买盘
2637,11:08:33,8.53,-0.01,57,48620,卖盘
2638,11:08:30,8.54,0.01,241,205813,买盘
2639,11:08:27,8.53,-0.01,16,13647,卖盘
2640,11:08:24,8.54,0.01,7,5977,买盘
2641,11:08:21,8.53,-0.01,63,53738,卖盘
2642,11:08:18,8.54,0.01,19,16225,买盘
2643,11:08:15,8.53,--,7,5971,卖盘
2644,11:08:12,8.53,--,194,165482,卖盘
2645,11:08:09,8.53,--,52,44356,卖盘
2646,11:08:06,8.53,-0.01,10,8530,卖盘
2647,11:08:03,8.54,0.01,31,26473,买盘
2648,11:08:00,8.53,-0.01,48,40944,卖盘
2649,11:07:57,8.54,0.01,45,38429,买盘
2650,11:07:54,8.53,-0.01,64,54591,卖盘
2651,11:07:51,8.54,0.01,105,89669,买盘
2652,11:07:48,8.53,--,253,215808,卖盘
2653,11:07:45,8.53,--,180,153540,卖盘
2654,11:07:42,8.53,--,86,73358,卖盘
2655,11:07:36,8.53,--,62,52885,卖盘
2656,11:07:33,8.53,--,28,23884,卖盘
2657,11:07:30,8.53,-0.01,6,5118,卖盘
2658,11:07:27,8.54,0.01,62,52947,买盘
2659,11:07:24,8.53,--,14,11942,卖盘
2660,11:07:21,8.53,--,29,24736,卖盘
2661,11:07:18,8.53,--,17,14500,卖盘
2662,11:07:15,8.53,--,49,41797,卖盘
2663,11:07:12,8.53,--,33,28148,卖盘
2664,11:07:09,8.53,-0.01,103,87859,卖盘
2665,11:07:03,8.54,--,71,60633,买盘
2666,11:07:00,8.54,--,32,27327,买盘
2667,11:06:57,8.54,0.01,132,112727,买盘
2668,11:06:51,8.53,--,53,45209,卖盘
2669,11:06:48,8.53,-0.01,66,56297,卖盘
2670,11:06:45,8.54,0.01,105,89669,买盘
2671,11:06:42,8.53,--,36,30707,卖盘
2672,11:06:39,8.53,--,50,42650,卖盘
2673,11:06:36,8.53,--,11,9383,卖盘
2674,11:06:33,8.53,-0.01,99,84447,卖盘
2675,11:06:30,8.54,0.01,81,69174,买盘
2676,11:06:27,8.53,-0.01,11,9383,卖盘
2677,11:06:24,8.54,--,26,22203,卖盘
2678,11:06:21,8.54,0.01,104,88815,买盘
2679,11:06:18,8.53,-0.01,99,84447,卖盘
2680,11:06:15,8.54,--,82,70028,买盘
2681,11:06:12,8.54,0.01,43,36721,买盘
2682,11:06:06,8.53,-0.01,70,59709,卖盘
2683,11:06:03,8.54,--,124,105895,买盘
2684,11:06:00,8.54,--,40,34160,买盘
2685,11:05:57,8.54,--,86,73443,买盘
2686,11:05:54,8.54,--,48,40991,中性盘
2687,11:05:48,8.54,0.01,4,3415,买盘
2688,11:05:45,8.53,-0.01,141,120272,卖盘
2689,11:05:42,8.54,0.01,106,90523,买盘
2690,11:05:39,8.53,-0.01,26,22178,卖盘
2691,11:05:36,8.54,--,137,116997,卖盘
2692,11:05:33,8.54,--,133,113581,买盘
2693,11:05:30,8.54,0.01,219,187025,买盘
2694,11:05:27,8.53,--,484,412851,卖盘
2695,11:05:24,8.53,--,129,110036,卖盘
2696,11:05:21,8.53,--,12,10236,卖盘
2697,11:05:18,8.53,-0.01,50,42650,卖盘
2698,11:05:15,8.54,0.01,10,8540,中性盘
2699,11:05:12,8.53,-0.01,97,82741,卖盘
2700,11:05:09,8.54,-0.01,154,131516,卖盘
2701,11:05:06,8.55,--,30,25650,买盘
2702,11:05:03,8.55,0.02,204,174667,买盘
2703,11:05:00,8.53,-0.01,83,70799,卖盘
2704,11:04:57,8.54,--,50,42699,买盘
2705,11:04:54,8.54,--,1,853,买盘
2706,11:04:51,8.54,--,112,96254,卖盘
2707,11:04:48,8.54,--,183,156281,卖盘
2708,11:04:45,8.54,--,177,151157,卖盘
2709,11:04:42,8.54,--,2,1707,卖盘
2710,11:04:39,8.54,--,50,42699,卖盘
2711,11:04:36,8.54,--,12,10247,卖盘
2712,11:04:33,8.54,0.01,72,61735,买盘
2713,11:04:30,8.53,--,20,17060,卖盘
2714,11:04:27,8.53,--,100,85300,卖盘
2715,11:04:24,8.53,--,148,126243,卖盘
2716,11:04:21,8.53,-0.01,22,18766,卖盘
2717,11:04:18,8.54,--,361,308293,买盘
2718,11:04:15,8.54,--,60,51239,买盘
2719,11:04:12,8.54,--,10,8540,买盘
2720,11:04:09,8.54,0.01,2,1707,买盘
2721,11:04:06,8.53,-0.01,197,168041,卖盘
2722,11:04:03,8.54,--,24,20495,买盘
2723,11:04:00,8.54,--,115,98209,买盘
2724,11:03:57,8.54,0.01,419,357825,中性盘
2725,11:03:54,8.53,--,84,71652,卖盘
2726,11:03:51,8.53,--,9,7676,卖盘
2727,11:03:48,8.53,-0.01,236,201307,卖盘
2728,11:03:45,8.54,--,172,146887,买盘
2729,11:03:42,8.54,--,17,14517,买盘
2730,11:03:39,8.54,0.01,1,853,买盘
2731,11:03:36,8.53,-0.01,38,32413,卖盘
2732,11:03:33,8.54,--,117,99917,卖盘
2733,11:03:30,8.54,--,13,11101,卖盘
2734,11:03:27,8.54,--,3,2561,卖盘
2735,11:03:24,8.54,0.01,994,848875,买盘
2736,11:03:21,8.53,--,59,50326,卖盘
2737,11:03:18,8.53,-0.01,70,59709,卖盘
2738,11:03:15,8.54,--,790,674659,卖盘
2739,11:03:12,8.54,-0.01,549,468845,卖盘
2740,11:03:09,8.55,--,104,88920,买盘
2741,11:03:06,8.55,--,8,6840,买盘
2742,11:03:03,8.55,0.01,172,147060,买盘
2743,11:03:00,8.54,--,61,52093,卖盘
2744,11:02:57,8.54,-0.01,20,17080,卖盘
2745,11:02:54,8.55,--,20,17100,买盘
2746,11:02:51,8.55,--,348,297540,卖盘
2747,11:02:48,8.55,0.01,955,816525,买盘
2748,11:02:45,8.54,--,65,55509,卖盘
2749,11:02:42,8.54,-0.01,321,274134,卖盘
2750,11:02:39,8.55,--,91,77805,买盘
2751,11:02:36,8.55,--,152,129960,买盘
2752,11:02:33,8.55,--,4,3420,买盘
2753,11:02:30,8.55,--,104,88920,买盘
2754,11:02:27,8.55,0.01,112,95760,买盘
2755,11:02:24,8.54,-0.01,16,13663,卖盘
2756,11:02:21,8.55,--,18,15390,买盘
2757,11:02:18,8.55,--,51,43605,买盘
2758,11:02:15,8.55,0.01,94,80370,买盘
2759,11:02:12,8.54,-0.01,16,13663,卖盘
2760,11:02:06,8.55,--,127,108585,买盘
2761,11:02:03,8.55,--,75,64125,买盘
2762,11:01:57,8.55,0.01,40,34200,买盘
2763,11:01:54,8.54,-0.01,51,43553,卖盘
2764,11:01:51,8.55,0.01,185,158175,买盘
2765,11:01:48,8.54,--,5,4270,卖盘
2766,11:01:45,8.54,-0.01,89,76005,卖盘
2767,11:01:42,8.55,0.01,374,319770,买盘
2768,11:01:39,8.54,-0.01,58,49531,卖盘
2769,11:01:36,8.55,--,207,176985,买盘
2770,11:01:33,8.55,0.01,60,51300,买盘
2771,11:01:30,8.54,--,135,115289,卖盘
2772,11:01:27,8.54,-0.01,337,287798,卖盘
2773,11:01:24,8.55,0.01,300,256500,买盘
2774,11:01:21,8.54,--,189,161405,卖盘
2775,11:01:18,8.54,0.01,182,155427,买盘
2776,11:01:15,8.53,-0.01,3,2559,卖盘
2777,11:01:12,8.54,--,21,17934,卖盘
2778,11:01:09,8.54,0.01,100,85399,买盘
2779,11:01:06,8.53,-0.01,196,167188,卖盘
2780,11:01:03,8.54,0.01,13,11101,买盘
2781,11:01:00,8.53,--,9,7676,卖盘
2782,11:00:57,8.53,-0.01,118,100653,卖盘
2783,11:00:54,8.54,0.01,247,210937,买盘
2784,11:00:51,8.53,-0.01,186,158658,卖盘
2785,11:00:48,8.54,--,80,68320,买盘
2786,11:00:45,8.54,--,213,181901,买盘
2787,11:00:42,8.54,--,46,39283,买盘
2788,11:00:36,8.54,--,129,110165,买盘
2789,11:00:33,8.54,0.01,39,33306,买盘
2790,11:00:30,8.53,--,15,12794,卖盘
2791,11:00:27,8.53,-0.01,18,15353,卖盘
2792,11:00:24,8.54,0.01,68,58071,买盘
2793,11:00:21,8.53,-0.01,17,14500,卖盘
2794,11:00:18,8.54,--,20,17080,买盘
2795,11:00:15,8.54,--,181,154573,卖盘
2796,11:00:12,8.54,--,195,166529,卖盘
2797,11:00:09,8.54,--,2,1707,卖盘
2798,11:00:06,8.54,-0.01,20,17080,卖盘
2799,11:00:03,8.55,0.01,193,165015,买盘
2800,11:00:00,8.54,--,41,35014,买盘
2801,10:59:57,8.54,0.01,96,81983,买盘
2802,10:59:54,8.53,--,68,58003,卖盘
2803,10:59:51,8.53,-0.01,211,179983,卖盘
2804,10:59:48,8.54,--,73,62341,买盘
2805,10:59:45,8.54,--,47,40137,买盘
2806,10:59:42,8.54,0.01,212,181047,买盘
2807,10:59:39,8.53,-0.01,1060,904179,卖盘
2808,10:59:36,8.54,0.01,8,6831,中性盘
2809,10:59:33,8.53,--,54,46062,卖盘
2810,10:59:30,8.53,--,69,58856,卖盘
2811,10:59:27,8.53,--,91,77623,卖盘
2812,10:59:24,8.53,--,48,40944,卖盘
2813,10:59:21,8.53,-0.01,107,91271,卖盘
2814,10:59:18,8.54,--,157,134078,卖盘
2815,10:59:15,8.54,--,59,50385,卖盘
2816,10:59:12,8.54,--,46,39283,卖盘
2817,10:59:09,8.54,--,62,52947,卖盘
2818,10:59:06,8.54,-0.01,96,81983,卖盘
2819,10:59:03,8.55,--,164,140220,买盘
2820,10:59:00,8.55,0.01,231,197505,买盘
2821,10:58:57,8.54,--,111,94793,卖盘
2822,10:58:54,8.54,0.01,151,128953,中性盘
2823,10:58:51,8.53,-0.01,140,119419,卖盘
2824,10:58:48,8.54,--,127,108457,买盘
2825,10:58:45,8.54,--,426,363803,买盘
2826,10:58:42,8.54,0.01,125,106749,买盘
2827,10:58:39,8.53,-0.02,149,127096,卖盘
2828,10:58:36,8.55,0.02,67,57285,买盘
2829,10:58:33,8.53,--,90,76770,卖盘
2830,10:58:30,8.53,--,151,128802,买盘
2831,10:58:27,8.53,--,74,63121,买盘
