,time,price,change,volume,amount,type
0,15:00:03,8.7,0.01,6181,5377470,买盘
1,14:57:00,8.69,-0.01,341,296329,卖盘
2,14:56:57,8.7,0.01,61,53069,买盘
3,14:56:54,8.69,--,669,581361,卖盘
4,14:56:51,8.69,-0.01,365,317185,卖盘
5,14:56:48,8.7,0.01,1210,1053056,买盘
6,14:56:45,8.69,-0.01,247,214643,卖盘
7,14:56:42,8.7,0.01,26,22619,买盘
8,14:56:39,8.69,-0.01,235,204215,卖盘
9,14:56:36,8.7,0.01,32,27839,买盘
10,14:56:33,8.69,-0.01,194,168586,卖盘
11,14:56:30,8.7,--,39,33930,买盘
12,14:56:27,8.7,--,166,144420,买盘
13,14:56:24,8.7,--,519,452043,卖盘
14,14:56:21,8.7,--,143,124409,卖盘
15,14:56:18,8.7,0.01,114,99536,买盘
16,14:56:15,8.69,--,343,298067,卖盘
17,14:56:12,8.69,--,187,162503,卖盘
18,14:56:09,8.69,-0.01,98,85162,卖盘
19,14:56:06,8.7,--,182,158340,买盘
20,14:56:03,8.7,--,670,583248,卖盘
21,14:56:00,8.7,--,739,642930,卖盘
22,14:55:57,8.7,--,1054,916979,卖盘
23,14:55:54,8.7,--,56,48719,卖盘
24,14:55:51,8.7,--,249,216629,卖盘
25,14:55:48,8.7,-0.01,78,67860,卖盘
26,14:55:45,8.71,0.01,238,207298,买盘
27,14:55:42,8.7,-0.01,89,77430,卖盘
28,14:55:39,8.71,0.01,306,266526,买盘
29,14:55:36,8.7,-0.01,1121,975269,卖盘
30,14:55:33,8.71,0.01,65,56615,买盘
31,14:55:30,8.7,--,199,173130,卖盘
32,14:55:27,8.7,--,829,721229,卖盘
33,14:55:24,8.7,--,130,113099,卖盘
34,14:55:21,8.7,--,488,424559,卖盘
35,14:55:18,8.7,-0.01,313,272310,卖盘
36,14:55:15,8.71,0.01,186,162006,买盘
37,14:55:12,8.7,--,50,43500,卖盘
38,14:55:09,8.7,-0.01,225,195749,卖盘
39,14:55:06,8.71,0.01,4,3484,买盘
40,14:55:03,8.7,--,47,40890,卖盘
41,14:55:00,8.7,--,275,239249,卖盘
42,14:54:57,8.7,--,47,40890,卖盘
43,14:54:54,8.7,--,338,294060,卖盘
44,14:54:51,8.7,--,51,44370,卖盘
45,14:54:48,8.7,--,120,104399,卖盘
46,14:54:45,8.7,--,93,80910,卖盘
47,14:54:42,8.7,--,169,147030,卖盘
48,14:54:39,8.7,-0.01,51,44370,卖盘
49,14:54:36,8.71,0.01,163,141973,买盘
50,14:54:33,8.7,--,177,153990,卖盘
51,14:54:30,8.7,--,326,283620,卖盘
52,14:54:27,8.7,--,206,179219,卖盘
53,14:54:24,8.7,--,272,236639,卖盘
54,14:54:21,8.7,--,219,190529,卖盘
55,14:54:18,8.7,--,71,61769,卖盘
56,14:54:15,8.7,--,39,33930,卖盘
57,14:54:12,8.7,--,249,216629,卖盘
58,14:54:09,8.7,--,473,411509,卖盘
59,14:54:06,8.7,-0.01,298,259259,卖盘
60,14:54:03,8.71,0.01,143,124553,买盘
61,14:54:00,8.7,--,163,141810,卖盘
62,14:53:57,8.7,--,9,7829,卖盘
63,14:53:54,8.7,--,139,120929,卖盘
64,14:53:51,8.7,-0.01,274,238379,卖盘
65,14:53:48,8.71,0.01,627,546117,买盘
66,14:53:45,8.7,--,79,68730,卖盘
67,14:53:42,8.7,--,90,78300,卖盘
68,14:53:39,8.7,-0.01,109,94829,卖盘
69,14:53:36,8.71,--,109,94939,买盘
70,14:53:33,8.71,--,116,101036,买盘
71,14:53:30,8.71,--,62,54002,买盘
72,14:53:27,8.71,--,343,298753,卖盘
73,14:53:24,8.71,--,373,324883,卖盘
74,14:53:21,8.71,-0.01,12,10452,卖盘
75,14:53:18,8.72,--,26,22672,买盘
76,14:53:15,8.72,0.01,29,25288,买盘
77,14:53:12,8.71,-0.01,76,66196,卖盘
78,14:53:09,8.72,--,25,21800,买盘
79,14:53:06,8.72,--,1416,1234752,买盘
80,14:53:03,8.72,--,102,89257,卖盘
81,14:53:00,8.72,--,28,24416,卖盘
82,14:52:57,8.72,-0.01,26,22846,卖盘
83,14:52:54,8.73,0.01,193,168489,买盘
84,14:52:51,8.72,--,774,674928,卖盘
85,14:52:48,8.72,--,33,28776,卖盘
86,14:52:45,8.72,--,106,92466,卖盘
87,14:52:42,8.72,0.01,404,352636,买盘
88,14:52:39,8.71,--,136,118456,买盘
89,14:52:36,8.71,--,9,7839,买盘
90,14:52:33,8.71,--,7,6097,买盘
91,14:52:30,8.71,--,30,26130,买盘
92,14:52:27,8.71,-0.01,2782,2423122,卖盘
93,14:52:24,8.72,--,116,101152,卖盘
94,14:52:21,8.72,0.01,1140,994080,买盘
95,14:52:18,8.71,0.01,265,230815,买盘
96,14:52:15,8.7,-0.01,166,144420,卖盘
97,14:52:12,8.71,--,623,542633,卖盘
98,14:52:09,8.71,--,185,161135,卖盘
99,14:52:06,8.71,-0.01,11,9581,卖盘
100,14:52:03,8.72,0.01,101,88072,买盘
101,14:52:00,8.71,--,222,193362,卖盘
102,14:51:57,8.71,-0.01,233,202943,卖盘
103,14:51:54,8.72,0.01,20,17440,买盘
104,14:51:51,8.71,--,41,35711,卖盘
105,14:51:48,8.71,-0.01,206,179426,卖盘
106,14:51:45,8.72,0.01,1611,1404792,买盘
107,14:51:42,8.71,-0.01,505,439855,卖盘
108,14:51:39,8.72,--,44,38368,买盘
109,14:51:36,8.72,--,55,47960,买盘
110,14:51:33,8.72,0.01,415,361880,买盘
111,14:51:30,8.71,-0.01,33,28743,卖盘
112,14:51:27,8.72,0.01,165,143880,买盘
113,14:51:24,8.71,-0.01,251,218621,卖盘
114,14:51:21,8.72,--,170,148240,买盘
115,14:51:18,8.72,0.01,176,153472,买盘
116,14:51:15,8.71,-0.01,1129,983359,卖盘
117,14:51:12,8.72,0.01,31,27032,买盘
118,14:51:09,8.71,-0.01,138,120198,卖盘
119,14:51:06,8.72,--,47,41297,卖盘
120,14:51:03,8.72,--,625,545000,卖盘
121,14:51:00,8.72,--,254,221488,卖盘
122,14:50:57,8.72,--,4,3488,卖盘
123,14:50:54,8.72,0.01,328,286574,买盘
124,14:50:51,8.71,--,70,60970,买盘
125,14:50:48,8.71,--,1557,1356147,卖盘
126,14:50:45,8.71,-0.01,179,155909,卖盘
127,14:50:42,8.72,--,357,311617,卖盘
128,14:50:39,8.72,--,5,4360,卖盘
129,14:50:36,8.72,0.01,907,791462,买盘
130,14:50:33,8.71,0.01,60,52260,买盘
131,14:50:30,8.7,--,87,75690,卖盘
132,14:50:27,8.7,-0.01,142,123539,卖盘
133,14:50:24,8.71,0.01,45,39195,买盘
134,14:50:18,8.7,-0.01,129,112229,卖盘
135,14:50:15,8.71,-0.01,1367,1190657,卖盘
136,14:50:12,8.72,0.01,40,34880,买盘
137,14:50:09,8.71,--,153,133263,卖盘
138,14:50:06,8.71,--,99,86229,卖盘
139,14:50:03,8.71,--,1,871,卖盘
140,14:50:00,8.71,--,157,136747,卖盘
141,14:49:57,8.71,0.01,161,140231,买盘
142,14:49:54,8.7,--,9,7829,卖盘
143,14:49:51,8.7,-0.01,1054,916979,卖盘
144,14:49:48,8.71,--,341,297498,卖盘
145,14:49:45,8.71,-0.01,317,276490,卖盘
146,14:49:42,8.72,--,280,244160,买盘
147,14:49:39,8.72,0.01,37,32264,买盘
148,14:49:36,8.71,--,86,74906,卖盘
149,14:49:33,8.71,-0.01,576,501696,卖盘
150,14:49:30,8.72,0.01,306,266832,买盘
151,14:49:27,8.71,--,271,236041,卖盘
152,14:49:24,8.71,--,60,52260,卖盘
153,14:49:21,8.71,--,209,182039,卖盘
154,14:49:18,8.71,--,305,265655,卖盘
155,14:49:15,8.71,--,161,140231,卖盘
156,14:49:12,8.71,--,154,134134,卖盘
157,14:49:09,8.71,--,288,250848,卖盘
158,14:49:06,8.71,--,6,5226,卖盘
159,14:49:03,8.71,--,336,292656,卖盘
160,14:49:00,8.71,--,63,54873,卖盘
161,14:48:57,8.71,--,58,50518,卖盘
162,14:48:54,8.71,0.01,208,181168,买盘
163,14:48:51,8.7,--,13,11309,卖盘
164,14:48:48,8.7,-0.01,310,269700,卖盘
165,14:48:45,8.71,--,109,94939,买盘
166,14:48:42,8.71,0.01,51,44421,买盘
167,14:48:39,8.7,--,242,210539,卖盘
168,14:48:36,8.7,--,411,358091,卖盘
169,14:48:33,8.7,--,91,79170,卖盘
170,14:48:30,8.7,-0.01,113,98309,卖盘
171,14:48:27,8.71,0.01,108,94068,买盘
172,14:48:24,8.7,-0.01,8,6959,卖盘
173,14:48:21,8.71,--,66,57486,买盘
174,14:48:18,8.71,-0.01,15,13413,卖盘
175,14:48:15,8.72,--,21,18312,买盘
176,14:48:12,8.72,0.01,467,407224,买盘
177,14:48:09,8.71,--,46,40066,卖盘
178,14:48:06,8.71,--,8,6968,卖盘
179,14:48:03,8.71,-0.01,109,94939,卖盘
180,14:48:00,8.72,--,1992,1737024,买盘
181,14:47:57,8.72,--,25,21800,买盘
182,14:47:54,8.72,0.01,12,10464,买盘
183,14:47:51,8.71,-0.01,33,28743,卖盘
184,14:47:48,8.72,--,367,320024,卖盘
185,14:47:45,8.72,-0.01,8,6976,卖盘
186,14:47:42,8.73,0.02,410,357930,买盘
187,14:47:39,8.71,-0.01,343,298753,卖盘
188,14:47:36,8.72,--,272,237184,卖盘
189,14:47:33,8.72,--,27,23544,卖盘
190,14:47:30,8.72,--,808,704576,卖盘
191,14:47:27,8.72,--,489,426408,卖盘
192,14:47:24,8.72,-0.01,338,295259,卖盘
193,14:47:21,8.73,--,70,61110,买盘
194,14:47:18,8.73,0.01,36,31428,买盘
195,14:47:15,8.72,--,144,125568,卖盘
196,14:47:12,8.72,--,41,35752,卖盘
197,14:47:09,8.72,--,303,264216,卖盘
198,14:47:06,8.72,--,56,48832,卖盘
199,14:47:03,8.72,--,5,4360,卖盘
200,14:47:00,8.72,--,387,337464,卖盘
201,14:46:57,8.72,-0.01,24,20928,卖盘
202,14:46:54,8.73,--,128,111744,卖盘
203,14:46:51,8.73,--,71,61983,卖盘
204,14:46:48,8.73,--,60,52380,卖盘
205,14:46:45,8.73,--,29,25317,卖盘
206,14:46:42,8.73,--,32,27936,卖盘
207,14:46:39,8.73,--,34,29682,卖盘
208,14:46:36,8.73,--,103,89919,卖盘
209,14:46:33,8.73,--,47,41031,卖盘
210,14:46:30,8.73,--,262,228726,卖盘
211,14:46:27,8.73,--,52,45396,卖盘
212,14:46:24,8.73,--,25,21825,卖盘
213,14:46:21,8.73,--,42,36666,卖盘
214,14:46:18,8.73,-0.01,18,15714,中性盘
215,14:46:15,8.74,0.01,1308,1143192,买盘
216,14:46:12,8.73,0.01,384,335232,买盘
217,14:46:09,8.72,-0.01,59,51448,卖盘
218,14:46:06,8.73,0.01,61,53253,买盘
219,14:46:03,8.72,-0.01,7,6104,卖盘
220,14:46:00,8.73,--,133,116109,卖盘
221,14:45:57,8.73,-0.01,1101,961173,卖盘
222,14:45:54,8.74,0.01,207,180918,买盘
223,14:45:51,8.73,--,326,284598,卖盘
224,14:45:48,8.73,--,494,431262,卖盘
225,14:45:45,8.73,-0.01,124,108252,卖盘
226,14:45:42,8.74,--,56,48944,买盘
227,14:45:39,8.74,--,1140,996360,买盘
228,14:45:36,8.74,0.01,266,232484,买盘
229,14:45:33,8.73,--,38,33174,卖盘
230,14:45:30,8.73,--,52,45396,卖盘
231,14:45:27,8.73,--,60,52380,卖盘
232,14:45:24,8.73,--,12,10476,卖盘
233,14:45:21,8.73,0.01,136,118728,买盘
234,14:45:18,8.72,--,62,54064,卖盘
235,14:45:15,8.72,--,26,22672,卖盘
236,14:45:12,8.72,--,18,15696,卖盘
237,14:45:09,8.72,-0.01,140,122080,卖盘
238,14:45:06,8.73,0.01,30,26190,买盘
239,14:45:03,8.72,--,87,75864,买盘
240,14:45:00,8.72,--,172,149984,卖盘
241,14:44:57,8.72,-0.01,65,56680,卖盘
242,14:44:54,8.73,0.02,25,21825,买盘
243,14:44:51,8.71,-0.01,47,40937,卖盘
244,14:44:48,8.72,-0.01,118,102896,卖盘
245,14:44:45,8.73,--,39,34047,中性盘
246,14:44:42,8.73,--,1077,940221,买盘
247,14:44:39,8.73,0.01,83,72459,买盘
248,14:44:36,8.72,-0.01,131,114232,卖盘
249,14:44:33,8.73,0.01,24,20952,买盘
250,14:44:30,8.72,--,586,510992,卖盘
251,14:44:27,8.72,--,238,207536,卖盘
252,14:44:24,8.72,0.01,794,692368,买盘
253,14:44:21,8.71,--,121,105391,卖盘
254,14:44:18,8.71,--,84,73164,卖盘
255,14:44:15,8.71,--,102,88842,卖盘
256,14:44:12,8.71,--,49,42679,卖盘
257,14:44:09,8.71,--,104,90584,卖盘
258,14:44:06,8.71,-0.01,37,32227,卖盘
259,14:44:03,8.72,--,117,102024,卖盘
260,14:44:00,8.72,--,43,37496,卖盘
261,14:43:57,8.72,--,235,204920,卖盘
262,14:43:54,8.72,--,72,62784,卖盘
263,14:43:51,8.72,-0.01,440,383680,卖盘
264,14:43:48,8.73,0.01,49,42777,买盘
265,14:43:45,8.72,--,300,261600,卖盘
266,14:43:42,8.72,--,46,40112,卖盘
267,14:43:39,8.72,--,70,61040,卖盘
268,14:43:36,8.72,-0.01,65,56680,卖盘
269,14:43:33,8.73,--,51,44523,卖盘
270,14:43:30,8.73,--,23,20079,卖盘
271,14:43:27,8.73,--,25,21825,卖盘
272,14:43:24,8.73,--,147,128331,卖盘
273,14:43:21,8.73,--,25,21825,卖盘
274,14:43:18,8.73,--,109,95157,卖盘
275,14:43:15,8.73,-0.01,13,11349,卖盘
276,14:43:12,8.74,-0.01,145,126730,卖盘
277,14:43:09,8.75,0.01,338,295750,买盘
278,14:43:06,8.74,--,1002,875748,卖盘
279,14:43:03,8.74,--,202,176548,卖盘
280,14:43:00,8.74,--,63,55062,卖盘
281,14:42:57,8.74,0.01,68,59432,卖盘
282,14:42:54,8.73,-0.02,849,741177,卖盘
283,14:42:51,8.75,--,47,41125,买盘
284,14:42:48,8.75,0.02,70,61250,买盘
285,14:42:45,8.73,--,296,258408,卖盘
286,14:42:42,8.73,-0.02,90,78570,卖盘
287,14:42:39,8.75,--,1077,942375,买盘
288,14:42:36,8.75,-0.01,101,89118,卖盘
289,14:42:33,8.76,0.01,124,108624,买盘
290,14:42:30,8.75,--,417,364875,卖盘
291,14:42:27,8.75,--,109,95506,卖盘
292,14:42:24,8.75,0.02,2762,2416750,买盘
293,14:42:21,8.73,0.01,768,670464,买盘
294,14:42:18,8.72,--,104,90688,买盘
295,14:42:15,8.72,0.01,80,69760,买盘
296,14:42:12,8.71,--,37,32227,卖盘
297,14:42:09,8.71,-0.01,87,75777,卖盘
298,14:42:06,8.72,--,82,71504,买盘
299,14:42:03,8.72,0.01,1094,953968,买盘
300,14:42:00,8.71,--,272,236912,卖盘
301,14:41:57,8.71,-0.01,130,113230,卖盘
302,14:41:54,8.72,0.01,172,149984,买盘
303,14:41:51,8.71,--,33,28743,卖盘
304,14:41:48,8.71,--,25,21775,卖盘
305,14:41:45,8.71,0.01,599,521729,买盘
306,14:41:42,8.7,--,143,124409,卖盘
307,14:41:39,8.7,--,170,147900,卖盘
308,14:41:36,8.7,--,597,519389,卖盘
309,14:41:33,8.7,--,120,104399,卖盘
310,14:41:30,8.7,-0.01,13,11309,卖盘
311,14:41:27,8.71,0.01,54,47034,买盘
312,14:41:24,8.7,0.01,440,382799,买盘
313,14:41:21,8.69,--,4,3476,卖盘
314,14:41:18,8.69,0.01,227,197263,买盘
315,14:41:15,8.68,-0.01,22,19096,卖盘
316,14:41:12,8.69,0.01,117,101673,中性盘
317,14:41:09,8.68,--,1299,1127532,卖盘
318,14:41:06,8.68,--,545,473060,卖盘
319,14:41:03,8.68,-0.01,350,303800,卖盘
320,14:41:00,8.69,--,1125,977625,买盘
321,14:40:57,8.69,--,119,103411,买盘
322,14:40:54,8.69,0.01,113,98197,买盘
323,14:40:51,8.68,--,1156,1003408,卖盘
324,14:40:48,8.68,--,77,66836,卖盘
325,14:40:45,8.68,-0.01,20,17360,卖盘
326,14:40:42,8.69,--,140,121660,卖盘
327,14:40:39,8.69,--,77,66913,卖盘
328,14:40:36,8.69,--,979,850751,卖盘
329,14:40:33,8.69,--,100,86900,卖盘
330,14:40:30,8.69,--,143,124267,卖盘
331,14:40:27,8.69,--,29,25201,买盘
332,14:40:24,8.69,0.01,134,116446,买盘
333,14:40:21,8.68,-0.01,103,89404,卖盘
334,14:40:18,8.69,--,244,212036,卖盘
335,14:40:15,8.69,--,1095,951555,卖盘
336,14:40:12,8.69,-0.01,142,123398,卖盘
337,14:40:09,8.7,0.01,128,111359,买盘
338,14:40:06,8.69,--,76,66044,卖盘
339,14:40:03,8.69,--,88,76472,卖盘
340,14:40:00,8.69,-0.01,14,12166,卖盘
341,14:39:57,8.7,0.02,104,90479,买盘
342,14:39:54,8.68,-0.01,290,251720,卖盘
343,14:39:51,8.69,0.01,1236,1074084,买盘
344,14:39:48,8.68,--,2300,1996400,卖盘
345,14:39:45,8.68,--,571,495628,卖盘
346,14:39:42,8.68,-0.01,94,81592,卖盘
347,14:39:39,8.69,--,389,338041,买盘
348,14:39:36,8.69,--,423,367587,卖盘
349,14:39:33,8.69,--,1208,1049752,买盘
350,14:39:30,8.69,--,187,162503,买盘
351,14:39:27,8.69,0.01,158,137302,买盘
352,14:39:24,8.68,--,86,74648,卖盘
353,14:39:21,8.68,-0.01,368,319424,卖盘
354,14:39:18,8.69,0.01,1204,1046275,买盘
355,14:39:15,8.68,--,89,77252,卖盘
356,14:39:12,8.68,--,225,195300,卖盘
357,14:39:09,8.68,--,70,60760,卖盘
358,14:39:06,8.68,--,35,30380,卖盘
359,14:39:03,8.68,0.01,487,422785,买盘
360,14:39:00,8.67,--,122,105774,卖盘
361,14:38:57,8.67,--,177,153459,卖盘
362,14:38:54,8.67,--,321,278307,卖盘
363,14:38:51,8.67,--,1127,977109,卖盘
364,14:38:48,8.67,--,322,279867,买盘
365,14:38:45,8.67,--,455,394485,买盘
366,14:38:42,8.67,--,144,124848,买盘
367,14:38:39,8.67,--,57,49419,买盘
368,14:38:36,8.67,--,165,143055,买盘
369,14:38:33,8.67,0.01,173,149991,买盘
370,14:38:30,8.66,-0.01,1132,980312,卖盘
371,14:38:27,8.67,-0.01,504,436968,卖盘
372,14:38:24,8.68,0.01,240,208320,买盘
373,14:38:21,8.67,--,145,125715,买盘
374,14:38:18,8.67,-0.01,184,159528,卖盘
375,14:38:15,8.68,0.01,109,94612,买盘
376,14:38:12,8.67,0.01,50,43350,中性盘
377,14:38:09,8.66,-0.01,699,605334,卖盘
378,14:38:06,8.67,0.01,892,773364,买盘
379,14:38:03,8.66,--,189,163674,卖盘
380,14:38:00,8.66,0.01,626,542116,卖盘
381,14:37:57,8.65,-0.01,148,128020,卖盘
382,14:37:54,8.66,--,214,185324,买盘
383,14:37:51,8.66,--,214,185324,买盘
384,14:37:48,8.66,--,897,776802,买盘
385,14:37:45,8.66,--,284,245944,卖盘
386,14:37:42,8.66,-0.01,1424,1233184,卖盘
387,14:37:39,8.67,0.01,561,486387,买盘
388,14:37:36,8.66,--,290,251140,卖盘
389,14:37:33,8.66,--,176,152416,卖盘
390,14:37:30,8.66,-0.01,5306,4594996,卖盘
391,14:37:27,8.67,--,1322,1146174,买盘
392,14:37:24,8.67,0.01,2425,2102475,买盘
393,14:37:21,8.66,--,202,174932,卖盘
394,14:37:18,8.66,-0.01,388,336008,卖盘
395,14:37:15,8.67,0.01,915,793305,买盘
396,14:37:12,8.66,-0.01,36,31176,卖盘
397,14:37:09,8.67,--,447,387549,卖盘
398,14:37:06,8.67,--,557,482919,卖盘
399,14:37:03,8.67,--,634,549678,卖盘
400,14:37:00,8.67,--,41,35547,卖盘
401,14:36:57,8.67,-0.01,932,808044,卖盘
402,14:36:54,8.68,--,1059,919212,买盘
403,14:36:51,8.68,--,51,44268,买盘
404,14:36:48,8.68,--,84,72912,买盘
405,14:36:45,8.68,-0.01,2246,1949528,卖盘
406,14:36:42,8.69,--,471,409299,卖盘
407,14:36:39,8.69,0.01,881,765589,买盘
408,14:36:36,8.68,--,615,533820,卖盘
409,14:36:33,8.68,--,611,530348,卖盘
410,14:36:30,8.68,-0.01,17,14756,卖盘
411,14:36:27,8.69,--,969,842061,卖盘
412,14:36:24,8.69,--,1366,1187054,卖盘
413,14:36:21,8.69,--,391,339779,卖盘
414,14:36:18,8.69,-0.01,58,50402,卖盘
415,14:36:15,8.7,--,141,122669,买盘
416,14:36:12,8.7,--,96,83520,买盘
417,14:36:09,8.7,--,172,149640,买盘
418,14:36:06,8.7,0.01,1214,1056180,买盘
419,14:36:03,8.69,-0.01,55,47795,卖盘
420,14:36:00,8.7,--,628,546360,买盘
421,14:35:57,8.7,0.01,529,460229,买盘
422,14:35:54,8.69,-0.01,325,282425,卖盘
423,14:35:51,8.7,0.01,242,210539,买盘
424,14:35:48,8.69,--,215,186835,卖盘
425,14:35:45,8.69,-0.01,825,716925,卖盘
426,14:35:42,8.7,--,362,314940,卖盘
427,14:35:39,8.7,--,992,863039,卖盘
428,14:35:36,8.7,--,1462,1271940,卖盘
429,14:35:33,8.7,--,466,405419,卖盘
430,14:35:30,8.7,--,478,415859,卖盘
431,14:35:27,8.7,--,105,91349,卖盘
432,14:35:24,8.7,--,1507,1311090,卖盘
433,14:35:21,8.7,-0.01,88,76560,卖盘
434,14:35:18,8.71,0.01,99,86229,买盘
435,14:35:15,8.7,--,897,780389,卖盘
436,14:35:12,8.7,--,130,113099,卖盘
437,14:35:09,8.7,--,144,125279,卖盘
438,14:35:06,8.7,-0.01,1116,970919,卖盘
439,14:35:03,8.71,--,453,394563,卖盘
440,14:35:00,8.71,--,2,1742,卖盘
441,14:34:57,8.71,--,146,127166,卖盘
442,14:34:54,8.71,--,39,33969,卖盘
443,14:34:51,8.71,--,12,10452,卖盘
444,14:34:48,8.71,-0.01,123,107133,卖盘
445,14:34:45,8.72,--,152,132544,买盘
446,14:34:42,8.72,0.01,239,208408,买盘
447,14:34:39,8.71,--,24,20904,卖盘
448,14:34:36,8.71,-0.01,45,39195,卖盘
449,14:34:33,8.72,0.01,1857,1619304,买盘
450,14:34:30,8.71,-0.01,1,871,卖盘
451,14:34:27,8.72,--,1731,1509432,卖盘
452,14:34:24,8.72,--,73,63656,卖盘
453,14:34:21,8.72,-0.01,37,32264,卖盘
454,14:34:18,8.73,0.01,22,19206,买盘
455,14:34:15,8.72,--,94,81968,卖盘
456,14:34:12,8.72,--,43,37496,卖盘
457,14:34:09,8.72,--,1139,993208,卖盘
458,14:34:06,8.72,-0.01,474,413328,卖盘
459,14:34:03,8.73,0.01,1,873,中性盘
460,14:34:00,8.72,--,9,7848,卖盘
461,14:33:57,8.72,-0.01,199,173528,卖盘
462,14:33:54,8.73,--,141,123093,买盘
463,14:33:51,8.73,0.01,130,113490,买盘
464,14:33:48,8.72,-0.01,88,76736,卖盘
465,14:33:45,8.73,--,99,86427,买盘
466,14:33:42,8.73,0.01,11,9603,买盘
467,14:33:39,8.72,-0.01,75,65400,卖盘
468,14:33:36,8.73,--,69,60237,买盘
469,14:33:33,8.73,--,777,678321,卖盘
470,14:33:30,8.73,--,41,35793,卖盘
471,14:33:27,8.73,--,61,53253,卖盘
472,14:33:24,8.73,-0.01,149,130077,卖盘
473,14:33:21,8.74,--,6,5244,买盘
474,14:33:18,8.74,0.01,39,34086,买盘
475,14:33:15,8.73,-0.01,29,25317,卖盘
476,14:33:12,8.74,0.01,98,85652,买盘
477,14:33:09,8.73,-0.01,6,5238,卖盘
478,14:33:06,8.74,--,63,55062,买盘
479,14:33:03,8.74,0.01,135,117990,买盘
480,14:33:00,8.73,--,25,21825,卖盘
481,14:32:57,8.73,-0.01,2,1746,卖盘
482,14:32:54,8.74,0.01,64,55936,买盘
483,14:32:51,8.73,--,86,75078,卖盘
484,14:32:48,8.73,--,6,5238,卖盘
485,14:32:45,8.73,-0.01,41,35793,卖盘
486,14:32:42,8.74,0.01,11,9614,买盘
487,14:32:39,8.73,--,43,37539,卖盘
488,14:32:36,8.73,-0.01,16,13968,卖盘
489,14:32:33,8.74,--,2118,1851132,买盘
490,14:32:30,8.74,0.01,27,23598,买盘
491,14:32:27,8.73,--,20,17460,卖盘
492,14:32:24,8.73,--,3,2619,卖盘
493,14:32:21,8.73,-0.01,13,11349,卖盘
494,14:32:18,8.74,--,18,15732,买盘
495,14:32:15,8.74,--,190,166060,买盘
496,14:32:12,8.74,--,594,519156,买盘
497,14:32:09,8.74,--,12,10488,买盘
498,14:32:06,8.74,0.01,113,98762,买盘
499,14:32:03,8.73,-0.01,134,116982,卖盘
500,14:32:00,8.74,0.01,46,40204,买盘
501,14:31:57,8.73,--,15,13095,卖盘
502,14:31:54,8.73,--,29,25317,卖盘
503,14:31:51,8.73,--,172,150156,卖盘
504,14:31:48,8.73,-0.01,17,14841,卖盘
505,14:31:45,8.74,0.01,110,96140,买盘
506,14:31:42,8.73,--,58,50634,卖盘
507,14:31:39,8.73,-0.01,12,10476,卖盘
508,14:31:36,8.74,0.01,10,8740,买盘
509,14:31:33,8.73,-0.01,83,72459,卖盘
510,14:31:30,8.74,--,30,26220,买盘
511,14:31:27,8.74,--,95,83030,卖盘
512,14:31:24,8.74,--,128,111872,买盘
513,14:31:21,8.74,--,45,39330,买盘
514,14:31:18,8.74,0.01,88,76912,买盘
515,14:31:15,8.73,-0.01,14,12222,卖盘
516,14:31:12,8.74,0.01,496,433504,买盘
517,14:31:09,8.73,-0.01,1,873,卖盘
518,14:31:06,8.74,--,475,415150,买盘
519,14:31:03,8.74,--,120,104880,买盘
520,14:31:00,8.74,--,566,494684,买盘
521,14:30:57,8.74,0.01,32,27968,买盘
522,14:30:54,8.73,--,81,70713,卖盘
523,14:30:51,8.73,-0.01,9,7857,卖盘
524,14:30:48,8.74,0.01,217,189658,买盘
525,14:30:45,8.73,--,51,44523,卖盘
526,14:30:42,8.73,--,1078,941094,卖盘
527,14:30:39,8.73,--,1,873,卖盘
528,14:30:36,8.73,--,208,181584,卖盘
529,14:30:33,8.73,--,70,61110,卖盘
530,14:30:30,8.73,-0.01,14,12222,卖盘
531,14:30:27,8.74,0.01,260,227240,买盘
532,14:30:24,8.73,-0.01,138,120474,卖盘
533,14:30:21,8.74,0.01,125,109250,买盘
534,14:30:18,8.73,-0.01,13,11349,卖盘
535,14:30:15,8.74,0.01,28,24472,买盘
536,14:30:12,8.73,--,6,5238,卖盘
537,14:30:09,8.73,--,70,61110,卖盘
538,14:30:06,8.73,--,21,18333,卖盘
539,14:30:03,8.73,-0.01,14,12222,卖盘
540,14:30:00,8.74,--,39,34086,买盘
541,14:29:57,8.74,--,225,196650,买盘
542,14:29:54,8.74,--,102,89148,买盘
543,14:29:51,8.74,0.01,121,105754,买盘
544,14:29:48,8.73,--,438,382374,卖盘
545,14:29:45,8.73,-0.01,551,481023,卖盘
546,14:29:42,8.74,--,192,167808,买盘
547,14:29:39,8.74,--,906,791844,买盘
548,14:29:36,8.74,0.01,113,98762,买盘
549,14:29:33,8.73,-0.01,92,80316,卖盘
550,14:29:30,8.74,--,274,239476,买盘
551,14:29:27,8.74,0.01,63,55062,买盘
552,14:29:24,8.73,-0.01,147,128331,卖盘
553,14:29:21,8.74,0.01,1,874,中性盘
554,14:29:18,8.73,-0.01,89,77697,卖盘
555,14:29:15,8.74,--,103,90022,买盘
556,14:29:12,8.74,-0.01,34,29716,中性盘
557,14:29:09,8.75,0.01,392,343000,买盘
558,14:29:06,8.74,-0.01,37,32338,卖盘
559,14:29:03,8.75,0.01,450,393750,买盘
560,14:29:00,8.74,-0.01,280,244720,卖盘
561,14:28:57,8.75,0.01,30,26250,买盘
562,14:28:54,8.74,--,14,12236,卖盘
563,14:28:51,8.74,--,20,17480,卖盘
564,14:28:48,8.74,-0.01,73,63802,卖盘
565,14:28:45,8.75,0.01,5,4375,买盘
566,14:28:42,8.74,--,8,6992,卖盘
567,14:28:39,8.74,--,144,125856,卖盘
568,14:28:33,8.74,-0.01,57,49818,卖盘
569,14:28:27,8.75,0.01,154,134750,买盘
570,14:28:24,8.74,--,57,49818,买盘
571,14:28:21,8.74,-0.01,21,18354,卖盘
572,14:28:18,8.75,0.01,25,21875,买盘
573,14:28:15,8.74,-0.01,41,35834,中性盘
574,14:28:12,8.75,0.01,24,21000,买盘
575,14:28:09,8.74,0.01,3,2622,中性盘
576,14:28:06,8.73,-0.02,1607,1402911,卖盘
577,14:28:03,8.75,0.01,127,111125,买盘
578,14:28:00,8.74,-0.01,31,27094,卖盘
579,14:27:57,8.75,0.01,10,8750,买盘
580,14:27:54,8.74,--,52,45448,卖盘
581,14:27:51,8.74,--,30,26220,卖盘
582,14:27:48,8.74,--,83,72542,卖盘
583,14:27:45,8.74,-0.01,100,87400,卖盘
584,14:27:42,8.75,0.01,89,77875,买盘
585,14:27:39,8.74,--,20,17480,卖盘
586,14:27:36,8.74,-0.01,135,117990,卖盘
587,14:27:33,8.75,0.01,74,64750,买盘
588,14:27:30,8.74,--,170,148580,卖盘
589,14:27:27,8.74,--,229,200146,卖盘
590,14:27:24,8.74,--,36,31464,卖盘
591,14:27:21,8.74,--,4,3496,卖盘
592,14:27:18,8.74,-0.01,153,133722,卖盘
593,14:27:15,8.75,0.01,42,36750,买盘
594,14:27:12,8.74,--,14,12236,卖盘
595,14:27:09,8.74,-0.01,192,167808,卖盘
596,14:27:06,8.75,0.01,59,51625,买盘
597,14:27:03,8.74,--,1099,960526,卖盘
598,14:27:00,8.74,--,115,100510,卖盘
599,14:26:57,8.74,--,30,26220,卖盘
600,14:26:54,8.74,--,25,21850,卖盘
601,14:26:51,8.74,--,3,2622,卖盘
602,14:26:48,8.74,0.01,354,309396,买盘
603,14:26:45,8.73,--,3,2619,卖盘
604,14:26:42,8.73,-0.01,54,47142,卖盘
605,14:26:39,8.74,--,39,34086,买盘
606,14:26:36,8.74,--,15,13110,买盘
607,14:26:33,8.74,--,233,203642,卖盘
608,14:26:30,8.74,-0.01,42,36708,卖盘
609,14:26:27,8.75,0.01,97,84875,买盘
610,14:26:24,8.74,-0.01,13,11362,卖盘
611,14:26:21,8.75,0.01,24,21000,买盘
612,14:26:18,8.74,--,3,2622,卖盘
613,14:26:15,8.74,--,44,38456,卖盘
614,14:26:12,8.74,--,80,69920,买盘
615,14:26:09,8.74,-0.01,1228,1073272,卖盘
616,14:26:06,8.75,0.01,120,105000,买盘
617,14:26:00,8.74,--,101,88274,卖盘
618,14:25:57,8.74,-0.01,24,20976,卖盘
619,14:25:54,8.75,0.01,25,21875,买盘
620,14:25:51,8.74,--,150,131100,卖盘
621,14:25:48,8.74,--,165,144210,卖盘
622,14:25:45,8.74,--,59,51566,卖盘
623,14:25:42,8.74,0.01,5,4370,卖盘
624,14:25:39,8.73,-0.01,1678,1464894,卖盘
625,14:25:36,8.74,--,72,62928,卖盘
626,14:25:33,8.74,--,53,46322,卖盘
627,14:25:30,8.74,--,5,4370,卖盘
628,14:25:27,8.74,--,1,874,卖盘
629,14:25:24,8.74,0.01,567,495558,买盘
630,14:25:21,8.73,-0.01,97,84681,卖盘
631,14:25:18,8.74,--,29,25346,买盘
632,14:25:15,8.74,0.01,19,16606,买盘
633,14:25:12,8.73,-0.01,69,60237,卖盘
634,14:25:09,8.74,--,32,27968,买盘
635,14:25:06,8.74,--,217,189658,买盘
636,14:25:03,8.74,0.01,710,620540,买盘
637,14:25:00,8.73,--,127,110871,卖盘
638,14:24:57,8.73,-0.01,314,274122,卖盘
639,14:24:54,8.74,--,3,2622,买盘
640,14:24:51,8.74,--,9,7866,买盘
641,14:24:48,8.74,0.01,208,181792,买盘
642,14:24:45,8.73,--,420,366660,卖盘
643,14:24:42,8.73,-0.01,10,8730,卖盘
644,14:24:39,8.74,0.01,11,9614,买盘
645,14:24:36,8.73,--,198,172854,卖盘
646,14:24:33,8.73,--,3,2619,卖盘
647,14:24:30,8.73,--,32,27936,卖盘
648,14:24:27,8.73,--,60,52380,卖盘
649,14:24:24,8.73,-0.01,188,164124,卖盘
650,14:24:21,8.74,0.01,192,167808,买盘
651,14:24:18,8.73,--,42,36666,卖盘
652,14:24:15,8.73,--,22,19206,卖盘
653,14:24:12,8.73,--,53,46269,卖盘
654,14:24:09,8.73,-0.01,148,129204,卖盘
655,14:24:06,8.74,0.01,636,555864,买盘
656,14:24:03,8.73,--,102,89046,卖盘
657,14:24:00,8.73,--,94,82062,卖盘
658,14:23:57,8.73,--,65,56745,卖盘
659,14:23:54,8.73,--,19,16587,卖盘
660,14:23:51,8.73,-0.01,27,23571,卖盘
661,14:23:48,8.74,--,159,138966,买盘
662,14:23:45,8.74,--,55,48070,买盘
663,14:23:42,8.74,--,2,1748,买盘
664,14:23:39,8.74,0.01,29,25346,买盘
665,14:23:36,8.73,-0.01,186,162378,卖盘
666,14:23:33,8.74,0.01,27,23598,买盘
667,14:23:30,8.73,--,86,75078,卖盘
668,14:23:27,8.73,--,128,111744,卖盘
669,14:23:24,8.73,--,127,110871,卖盘
670,14:23:21,8.73,--,90,78570,卖盘
671,14:23:18,8.73,--,134,116982,卖盘
672,14:23:15,8.73,0.01,882,769986,买盘
673,14:23:12,8.72,-0.01,35,30520,卖盘
674,14:23:09,8.73,0.01,54,47142,买盘
675,14:23:06,8.72,--,130,113360,卖盘
676,14:23:03,8.72,--,47,40984,卖盘
677,14:23:00,8.72,--,21,18312,卖盘
678,14:22:57,8.72,--,219,190968,卖盘
679,14:22:54,8.72,-0.01,52,45344,卖盘
680,14:22:51,8.73,--,10,8730,买盘
681,14:22:48,8.73,0.01,4,3492,买盘
682,14:22:45,8.72,-0.01,2,1744,卖盘
683,14:22:42,8.73,0.01,98,85554,买盘
684,14:22:39,8.72,-0.01,139,121208,卖盘
685,14:22:36,8.73,0.01,88,76824,买盘
686,14:22:33,8.72,--,40,34880,卖盘
687,14:22:30,8.72,-0.01,22,19184,卖盘
688,14:22:27,8.73,--,13,11349,买盘
689,14:22:24,8.73,--,127,110871,卖盘
690,14:22:21,8.73,0.01,63,54999,买盘
691,14:22:18,8.72,-0.01,51,44472,卖盘
692,14:22:15,8.73,--,31,27063,买盘
693,14:22:12,8.73,0.01,3,2619,中性盘
694,14:22:06,8.72,-0.01,867,756024,卖盘
695,14:22:03,8.73,--,88,76824,卖盘
696,14:22:00,8.73,--,363,316899,卖盘
697,14:21:57,8.73,--,145,126585,卖盘
698,14:21:54,8.73,-0.01,52,45396,卖盘
699,14:21:51,8.74,0.01,6,5244,买盘
700,14:21:48,8.73,--,53,46269,卖盘
701,14:21:45,8.73,-0.01,67,58491,卖盘
702,14:21:42,8.74,0.01,7,6118,买盘
703,14:21:39,8.73,--,11,9603,卖盘
704,14:21:36,8.73,0.01,130,113490,买盘
705,14:21:33,8.72,--,227,197944,卖盘
706,14:21:27,8.72,-0.01,4,3488,卖盘
707,14:21:24,8.73,--,53,46269,卖盘
708,14:21:21,8.73,-0.01,44,38412,卖盘
709,14:21:18,8.74,0.01,27,23598,买盘
710,14:21:15,8.73,-0.01,10,8730,卖盘
711,14:21:12,8.74,0.01,29,25346,买盘
712,14:21:09,8.73,--,83,72459,卖盘
713,14:21:06,8.73,--,52,45396,卖盘
714,14:21:03,8.73,--,49,42777,卖盘
715,14:21:00,8.73,--,45,39285,卖盘
716,14:20:57,8.73,--,36,31428,卖盘
717,14:20:54,8.73,-0.01,1,873,卖盘
718,14:20:51,8.74,0.01,79,69046,买盘
719,14:20:48,8.73,--,260,226980,卖盘
720,14:20:45,8.73,-0.01,29,25317,卖盘
721,14:20:42,8.74,0.01,104,90896,买盘
722,14:20:39,8.73,--,47,41031,卖盘
723,14:20:36,8.73,--,24,20952,卖盘
724,14:20:33,8.73,--,25,21825,卖盘
725,14:20:30,8.73,--,50,43650,卖盘
726,14:20:27,8.73,--,186,162378,卖盘
727,14:20:24,8.73,--,239,208647,卖盘
728,14:20:21,8.73,--,3,2619,卖盘
729,14:20:18,8.73,--,21,18333,卖盘
730,14:20:15,8.73,0.01,73,63729,买盘
731,14:20:12,8.72,--,26,22672,卖盘
732,14:20:09,8.72,--,10,8720,卖盘
733,14:20:06,8.72,--,148,129056,卖盘
734,14:20:03,8.72,--,104,90688,卖盘
735,14:20:00,8.72,-0.01,37,32264,卖盘
736,14:19:57,8.73,0.01,24,20952,买盘
737,14:19:54,8.72,--,4,3488,卖盘
738,14:19:51,8.72,--,25,21800,卖盘
739,14:19:45,8.72,-0.02,3,2616,卖盘
740,14:19:42,8.74,0.02,3,2622,买盘
741,14:19:39,8.72,-0.01,90,78480,卖盘
742,14:19:36,8.73,-0.01,100,87300,卖盘
743,14:19:33,8.74,0.02,2,1748,买盘
744,14:19:27,8.72,-0.01,27,23544,卖盘
745,14:19:24,8.73,-0.01,1,873,卖盘
746,14:19:21,8.74,0.01,108,94392,买盘
747,14:19:18,8.73,-0.01,65,56745,卖盘
748,14:19:15,8.74,--,104,90896,买盘
749,14:19:12,8.74,--,46,40204,买盘
750,14:19:09,8.74,0.01,10,8740,买盘
751,14:19:06,8.73,-0.01,138,120474,卖盘
752,14:19:03,8.74,0.01,29,25346,买盘
753,14:19:00,8.73,--,73,63729,卖盘
754,14:18:57,8.73,--,33,28809,卖盘
755,14:18:54,8.73,-0.01,32,27936,卖盘
756,14:18:51,8.74,0.01,25,21850,买盘
757,14:18:48,8.73,--,10,8730,卖盘
758,14:18:45,8.73,--,122,106506,卖盘
759,14:18:42,8.73,-0.01,24,20952,中性盘
760,14:18:36,8.74,0.01,267,233358,买盘
761,14:18:33,8.73,-0.01,417,364041,卖盘
762,14:18:30,8.74,0.01,104,90896,买盘
763,14:18:27,8.73,-0.01,112,97776,卖盘
764,14:18:24,8.74,0.01,6,5244,买盘
765,14:18:21,8.73,--,568,495864,卖盘
766,14:18:18,8.73,--,22,19206,卖盘
767,14:18:15,8.73,-0.01,9,7857,卖盘
768,14:18:12,8.74,--,43,37582,买盘
769,14:18:09,8.74,--,88,76912,卖盘
770,14:18:06,8.74,--,63,55062,卖盘
771,14:18:03,8.74,--,12,10488,卖盘
772,14:18:00,8.74,--,11,9614,卖盘
773,14:17:57,8.74,--,145,126730,卖盘
774,14:17:54,8.74,--,33,28842,卖盘
775,14:17:51,8.74,--,93,81282,卖盘
776,14:17:48,8.74,0.01,144,125856,买盘
777,14:17:45,8.73,-0.01,28,24444,卖盘
778,14:17:42,8.74,--,83,72542,买盘
779,14:17:39,8.74,0.01,45,39330,买盘
780,14:17:36,8.73,-0.01,157,137061,卖盘
781,14:17:33,8.74,-0.01,643,561982,卖盘
782,14:17:30,8.75,--,53,46375,买盘
783,14:17:27,8.75,--,10,8750,买盘
784,14:17:24,8.75,--,127,111125,卖盘
785,14:17:21,8.75,--,31,27125,卖盘
786,14:17:18,8.75,--,12,10500,卖盘
787,14:17:15,8.75,-0.01,13,11375,卖盘
788,14:17:12,8.76,0.01,61,53436,买盘
789,14:17:09,8.75,-0.01,137,119875,卖盘
790,14:17:03,8.76,0.01,39,34164,买盘
791,14:17:00,8.75,-0.02,36,31500,卖盘
792,14:16:57,8.77,0.02,70,61390,买盘
793,14:16:54,8.75,--,94,82250,卖盘
794,14:16:51,8.75,--,18,15750,卖盘
795,14:16:48,8.75,-0.01,778,680750,卖盘
796,14:16:45,8.76,0.01,6,5256,买盘
797,14:16:42,8.75,--,106,92750,卖盘
798,14:16:39,8.75,--,507,443625,卖盘
799,14:16:36,8.75,--,62,54250,卖盘
800,14:16:33,8.75,--,257,224875,卖盘
801,14:16:27,8.75,-0.01,41,35875,卖盘
802,14:16:24,8.76,--,162,141912,买盘
803,14:16:21,8.76,0.01,29,25404,买盘
804,14:16:18,8.75,-0.01,58,50750,卖盘
805,14:16:15,8.76,0.01,133,116508,买盘
806,14:16:12,8.75,--,694,607250,卖盘
807,14:16:09,8.75,--,103,90125,卖盘
808,14:16:06,8.75,--,152,133000,卖盘
809,14:16:03,8.75,--,129,112875,卖盘
810,14:16:00,8.75,--,41,35875,卖盘
811,14:15:57,8.75,0.01,67,58625,买盘
812,14:15:54,8.74,-0.01,7,6118,卖盘
813,14:15:51,8.75,0.01,89,77875,买盘
814,14:15:48,8.74,--,58,50692,卖盘
815,14:15:45,8.74,--,97,84778,卖盘
816,14:15:42,8.74,--,6,5244,卖盘
817,14:15:39,8.74,--,45,39330,卖盘
818,14:15:36,8.74,--,72,62928,买盘
819,14:15:33,8.74,--,5,4370,买盘
820,14:15:30,8.74,0.01,605,528770,中性盘
821,14:15:27,8.73,--,160,139680,卖盘
822,14:15:24,8.73,--,209,182457,卖盘
823,14:15:21,8.73,-0.01,781,681813,卖盘
824,14:15:18,8.74,--,400,349600,卖盘
825,14:15:15,8.74,-0.01,59,51566,卖盘
826,14:15:12,8.75,0.01,430,376250,买盘
827,14:15:06,8.74,-0.01,210,183540,卖盘
828,14:15:03,8.75,0.01,478,418250,买盘
829,14:15:00,8.74,--,156,136344,买盘
830,14:14:57,8.74,0.01,8,6992,买盘
831,14:14:54,8.73,--,51,44523,卖盘
832,14:14:51,8.73,--,50,43650,卖盘
833,14:14:48,8.73,-0.01,305,266265,中性盘
834,14:14:45,8.74,0.01,710,620540,买盘
835,14:14:42,8.73,--,280,244440,卖盘
836,14:14:39,8.73,--,177,154521,卖盘
837,14:14:36,8.73,--,141,123093,卖盘
838,14:14:33,8.73,--,363,316899,卖盘
839,14:14:30,8.73,0.01,136,118728,买盘
840,14:14:27,8.72,--,57,49704,卖盘
841,14:14:24,8.72,--,116,101152,卖盘
842,14:14:21,8.72,--,83,72376,卖盘
843,14:14:18,8.72,--,560,488320,卖盘
844,14:14:15,8.72,--,86,74992,卖盘
845,14:14:09,8.72,0.01,844,735968,买盘
846,14:14:06,8.71,-0.01,57,49647,卖盘
847,14:14:03,8.72,--,36,31392,买盘
848,14:14:00,8.72,-0.01,149,129928,卖盘
849,14:13:57,8.73,0.01,95,82935,买盘
850,14:13:54,8.72,--,24,20928,卖盘
851,14:13:51,8.72,-0.01,546,476112,卖盘
852,14:13:48,8.73,0.01,559,488007,买盘
853,14:13:45,8.72,--,384,334848,卖盘
854,14:13:42,8.72,--,67,58424,卖盘
855,14:13:39,8.72,--,660,575520,卖盘
856,14:13:36,8.72,--,8,6976,卖盘
857,14:13:33,8.72,-0.01,30,26160,卖盘
858,14:13:30,8.73,0.01,52,45396,买盘
859,14:13:27,8.72,--,457,398504,买盘
860,14:13:24,8.72,0.01,13,11336,中性盘
861,14:13:21,8.71,-0.01,31,27001,卖盘
862,14:13:18,8.72,--,146,127312,买盘
863,14:13:15,8.72,--,20,17440,卖盘
864,14:13:12,8.72,--,51,44472,卖盘
865,14:13:09,8.72,-0.01,818,713296,卖盘
866,14:13:06,8.73,0.01,5,4365,买盘
867,14:13:03,8.72,-0.01,1,872,卖盘
868,14:13:00,8.73,0.01,362,316026,买盘
869,14:12:57,8.72,0.01,30,26160,中性盘
870,14:12:54,8.71,-0.01,242,210782,卖盘
871,14:12:51,8.72,-0.01,109,95048,中性盘
872,14:12:48,8.73,0.01,817,713241,买盘
873,14:12:45,8.72,-0.01,122,106384,卖盘
874,14:12:42,8.73,0.01,109,95157,买盘
875,14:12:39,8.72,--,102,88944,卖盘
876,14:12:36,8.72,--,222,193584,卖盘
877,14:12:33,8.72,--,746,650512,卖盘
878,14:12:30,8.72,--,148,129056,买盘
879,14:12:24,8.72,--,230,200560,买盘
880,14:12:21,8.72,-0.01,14,12208,卖盘
881,14:12:18,8.73,0.01,94,82062,买盘
882,14:12:15,8.72,0.01,17,14824,卖盘
883,14:12:12,8.71,-0.01,110,95810,卖盘
884,14:12:09,8.72,0.01,838,730736,买盘
885,14:12:06,8.71,-0.01,28,24388,卖盘
886,14:12:03,8.72,0.01,202,176144,买盘
887,14:12:00,8.71,-0.01,159,138489,卖盘
888,14:11:57,8.72,0.01,69,60168,买盘
889,14:11:54,8.71,-0.01,70,60970,卖盘
890,14:11:51,8.72,--,237,206664,卖盘
891,14:11:48,8.72,--,235,204920,卖盘
892,14:11:45,8.72,--,100,87200,卖盘
893,14:11:42,8.72,--,60,52320,卖盘
894,14:11:39,8.72,-0.01,61,53192,卖盘
895,14:11:36,8.73,--,37,32301,买盘
896,14:11:33,8.73,--,33,28809,卖盘
897,14:11:30,8.73,0.01,61,53253,买盘
898,14:11:27,8.72,-0.02,510,444720,卖盘
899,14:11:24,8.74,0.01,174,152076,买盘
900,14:11:21,8.73,--,68,59364,卖盘
901,14:11:18,8.73,--,183,159759,卖盘
902,14:11:15,8.73,-0.01,467,407691,卖盘
903,14:11:12,8.74,0.01,102,89148,买盘
904,14:11:09,8.73,--,2084,1819332,卖盘
905,14:11:06,8.73,--,72,62856,卖盘
906,14:11:03,8.73,-0.01,236,206028,卖盘
907,14:11:00,8.74,0.01,6,5244,买盘
908,14:10:57,8.73,--,57,49761,卖盘
909,14:10:54,8.73,--,48,41904,卖盘
910,14:10:51,8.73,--,324,282852,卖盘
911,14:10:48,8.73,-0.01,248,216504,卖盘
912,14:10:45,8.74,--,49,42826,买盘
913,14:10:42,8.74,0.01,104,90896,买盘
914,14:10:39,8.73,--,219,191187,卖盘
915,14:10:36,8.73,--,32,27936,卖盘
916,14:10:33,8.73,--,198,172854,卖盘
917,14:10:30,8.73,--,330,288090,卖盘
918,14:10:27,8.73,-0.01,66,57618,卖盘
919,14:10:24,8.74,0.01,13,11362,买盘
920,14:10:18,8.73,-0.01,54,47142,卖盘
921,14:10:15,8.74,--,96,83904,卖盘
922,14:10:12,8.74,--,410,358340,卖盘
923,14:10:09,8.74,--,81,70794,卖盘
924,14:10:06,8.74,--,68,59432,卖盘
925,14:10:03,8.74,--,101,88274,卖盘
926,14:10:00,8.74,--,7,6118,卖盘
927,14:09:57,8.74,--,24,20976,卖盘
928,14:09:54,8.74,-0.02,119,104006,卖盘
929,14:09:51,8.76,0.01,16,14016,买盘
930,14:09:48,8.75,--,496,434000,卖盘
931,14:09:45,8.75,-0.01,398,348250,卖盘
932,14:09:42,8.76,0.01,96,84096,买盘
933,14:09:39,8.75,-0.01,312,273000,卖盘
934,14:09:36,8.76,0.01,3,2628,买盘
935,14:09:33,8.75,-0.01,23,20125,卖盘
936,14:09:30,8.76,0.01,36,31536,买盘
937,14:09:27,8.75,-0.01,5,4375,卖盘
938,14:09:24,8.76,0.01,15,13140,买盘
939,14:09:21,8.75,--,21,18375,卖盘
940,14:09:18,8.75,--,17,14875,卖盘
941,14:09:15,8.75,--,2,1750,卖盘
942,14:09:12,8.75,-0.01,70,61250,卖盘
943,14:09:09,8.76,--,282,247032,卖盘
944,14:09:06,8.76,--,652,571152,卖盘
945,14:09:03,8.76,--,422,369672,卖盘
946,14:09:00,8.76,--,45,39420,卖盘
947,14:08:57,8.76,--,80,70080,卖盘
948,14:08:54,8.76,--,1,876,卖盘
949,14:08:51,8.76,--,402,352152,卖盘
950,14:08:48,8.76,--,122,106872,卖盘
951,14:08:45,8.76,-0.01,3,2628,卖盘
952,14:08:42,8.77,0.01,21,18417,买盘
953,14:08:39,8.76,--,28,24528,卖盘
954,14:08:36,8.76,-0.01,272,238272,卖盘
955,14:08:33,8.77,0.01,68,59636,买盘
956,14:08:30,8.76,--,5,4380,卖盘
957,14:08:27,8.76,--,3,2628,卖盘
958,14:08:24,8.76,-0.01,64,56064,卖盘
959,14:08:21,8.77,0.01,5,4385,买盘
960,14:08:18,8.76,--,32,28032,卖盘
961,14:08:15,8.76,--,55,48180,卖盘
962,14:08:12,8.76,-0.01,22,19272,卖盘
963,14:08:09,8.77,--,120,105240,买盘
964,14:08:06,8.77,--,128,112256,买盘
965,14:08:03,8.77,--,444,389388,卖盘
966,14:08:00,8.77,--,43,37711,卖盘
967,14:07:57,8.77,--,31,27187,卖盘
968,14:07:54,8.77,--,185,162245,卖盘
969,14:07:51,8.77,--,57,49989,卖盘
970,14:07:48,8.77,-0.01,194,170138,卖盘
971,14:07:45,8.78,--,107,93946,买盘
972,14:07:42,8.78,0.01,141,123797,买盘
973,14:07:39,8.77,--,38,33326,卖盘
974,14:07:36,8.77,--,20,17540,卖盘
975,14:07:33,8.77,--,2,1754,卖盘
976,14:07:30,8.77,--,19,16663,卖盘
977,14:07:27,8.77,-0.01,20,17540,卖盘
978,14:07:24,8.78,0.01,78,68484,买盘
979,14:07:21,8.77,-0.01,12,10524,卖盘
980,14:07:18,8.78,0.01,131,115017,买盘
981,14:07:15,8.77,--,50,43850,卖盘
982,14:07:12,8.77,--,93,81561,卖盘
983,14:07:09,8.77,--,40,35080,卖盘
984,14:07:06,8.77,-0.01,22,19294,卖盘
985,14:07:03,8.78,0.01,41,35998,买盘
986,14:07:00,8.77,--,87,76299,卖盘
987,14:06:57,8.77,-0.01,704,617408,卖盘
988,14:06:54,8.78,0.01,167,146626,买盘
989,14:06:51,8.77,--,36,31572,卖盘
990,14:06:48,8.77,-0.01,16,14032,卖盘
991,14:06:45,8.78,0.01,2,1755,买盘
992,14:06:42,8.77,-0.01,185,162245,卖盘
993,14:06:39,8.78,--,271,237937,卖盘
994,14:06:36,8.78,0.01,367,322226,买盘
995,14:06:33,8.77,--,43,37711,卖盘
996,14:06:30,8.77,--,52,45604,卖盘
997,14:06:27,8.77,--,151,132427,卖盘
998,14:06:21,8.77,-0.01,51,44727,卖盘
999,14:06:18,8.78,0.02,33,28973,买盘
1000,14:06:15,8.76,--,5,4380,卖盘
1001,14:06:12,8.76,-0.02,93,81468,卖盘
1002,14:06:09,8.78,0.01,52,45656,买盘
1003,14:06:06,8.77,-0.01,740,648980,卖盘
1004,14:06:03,8.78,--,370,324860,买盘
1005,14:06:00,8.78,--,102,89556,卖盘
1006,14:05:57,8.78,--,72,63215,卖盘
1007,14:05:54,8.78,--,364,319592,卖盘
1008,14:05:51,8.78,--,185,162430,卖盘
1009,14:05:48,8.78,0.01,170,149260,买盘
1010,14:05:45,8.77,--,309,270993,卖盘
1011,14:05:42,8.77,--,50,43850,卖盘
1012,14:05:39,8.77,--,4,3508,卖盘
1013,14:05:36,8.77,--,46,40342,卖盘
1014,14:05:33,8.77,--,780,684060,卖盘
1015,14:05:30,8.77,--,1,877,卖盘
1016,14:05:27,8.77,--,20,17540,卖盘
1017,14:05:24,8.77,--,204,178908,卖盘
1018,14:05:21,8.77,-0.01,22,19294,卖盘
1019,14:05:18,8.78,--,5,4390,买盘
1020,14:05:15,8.78,0.01,789,692742,买盘
1021,14:05:12,8.77,-0.01,82,71914,卖盘
1022,14:05:09,8.78,--,59,51801,买盘
1023,14:05:03,8.78,0.01,3,2634,买盘
1024,14:05:00,8.77,--,20,17540,卖盘
1025,14:04:57,8.77,-0.01,701,614777,卖盘
1026,14:04:54,8.78,--,305,267790,卖盘
1027,14:04:51,8.78,--,43,37754,卖盘
1028,14:04:48,8.78,--,22,19316,卖盘
1029,14:04:45,8.78,--,329,288862,卖盘
1030,14:04:42,8.78,--,55,48290,卖盘
1031,14:04:39,8.78,--,118,103603,卖盘
1032,14:04:36,8.78,--,41,35998,卖盘
1033,14:04:33,8.78,-0.01,6,5268,卖盘
1034,14:04:30,8.79,0.02,76,66804,买盘
1035,14:04:27,8.77,--,1,877,卖盘
1036,14:04:24,8.77,-0.01,78,68406,卖盘
1037,14:04:21,8.78,-0.01,226,198428,卖盘
1038,14:04:18,8.79,0.01,2,1757,买盘
1039,14:04:15,8.78,0.01,684,600552,买盘
1040,14:04:12,8.77,--,174,152598,卖盘
1041,14:04:09,8.77,--,162,142074,买盘
1042,14:04:06,8.77,--,22,19294,买盘
1043,14:04:03,8.77,--,43,37711,买盘
1044,14:04:00,8.77,--,1125,986625,卖盘
1045,14:03:57,8.77,--,25,21925,卖盘
1046,14:03:54,8.77,--,51,44727,卖盘
1047,14:03:51,8.77,0.01,36,31572,中性盘
1048,14:03:45,8.76,--,719,629844,卖盘
1049,14:03:42,8.76,--,44,38544,卖盘
1050,14:03:39,8.76,--,1,876,卖盘
1051,14:03:36,8.76,-0.02,194,169996,卖盘
1052,14:03:33,8.78,--,60,52679,卖盘
1053,14:03:30,8.78,--,383,336274,卖盘
1054,14:03:27,8.78,--,242,213301,买盘
1055,14:03:24,8.78,0.01,7,6146,买盘
1056,14:03:21,8.77,--,58,50866,卖盘
1057,14:03:18,8.77,--,64,56128,卖盘
1058,14:03:15,8.77,--,15,13155,卖盘
1059,14:03:12,8.77,-0.01,58,50866,卖盘
1060,14:03:09,8.78,0.02,855,750690,买盘
1061,14:03:06,8.76,-0.01,57,49932,卖盘
1062,14:03:03,8.77,--,17,14909,买盘
1063,14:03:00,8.77,--,2,1754,买盘
1064,14:02:57,8.77,0.01,123,107871,买盘
1065,14:02:54,8.76,-0.01,375,328500,卖盘
1066,14:02:51,8.77,0.01,481,421837,买盘
1067,14:02:48,8.76,--,62,54312,卖盘
1068,14:02:45,8.76,-0.01,39,34164,卖盘
1069,14:02:42,8.77,--,12,10524,买盘
1070,14:02:39,8.77,0.01,75,65775,买盘
1071,14:02:36,8.76,0.01,136,119136,买盘
1072,14:02:33,8.75,--,31,27125,卖盘
1073,14:02:30,8.75,-0.01,60,52500,卖盘
1074,14:02:27,8.76,--,98,85848,卖盘
1075,14:02:24,8.76,-0.01,115,100740,卖盘
1076,14:02:21,8.77,0.01,526,461302,买盘
1077,14:02:18,8.76,--,20,17520,买盘
1078,14:02:15,8.76,0.01,34,29784,买盘
1079,14:02:12,8.75,--,249,217875,卖盘
1080,14:02:09,8.75,--,75,65625,卖盘
1081,14:02:06,8.75,--,23,20125,卖盘
1082,14:02:03,8.75,--,47,41125,卖盘
1083,14:02:00,8.75,--,66,57750,买盘
1084,14:01:57,8.75,--,144,126000,买盘
1085,14:01:54,8.75,--,1,875,买盘
1086,14:01:51,8.75,--,22,19250,买盘
1087,14:01:48,8.75,0.01,29,25375,买盘
1088,14:01:45,8.74,-0.01,8,6992,卖盘
1089,14:01:39,8.75,--,20,17500,买盘
1090,14:01:36,8.75,--,53,46375,买盘
1091,14:01:33,8.75,--,42,36750,买盘
1092,14:01:30,8.75,0.01,123,107625,买盘
1093,14:01:27,8.74,-0.01,8,6992,卖盘
1094,14:01:24,8.75,--,115,100625,买盘
1095,14:01:21,8.75,0.01,19,16625,买盘
1096,14:01:18,8.74,-0.01,12,10488,卖盘
1097,14:01:15,8.75,0.01,21,18375,中性盘
1098,14:01:12,8.74,-0.01,38,33212,卖盘
1099,14:01:09,8.75,--,6,5250,卖盘
1100,14:01:06,8.75,--,44,38500,卖盘
1101,14:01:03,8.75,--,93,81375,买盘
1102,14:01:00,8.75,0.01,5,4375,买盘
1103,14:00:57,8.74,-0.01,202,176548,卖盘
1104,14:00:54,8.75,0.01,2,1750,中性盘
1105,14:00:51,8.74,-0.01,228,200093,卖盘
1106,14:00:48,8.75,0.01,46,40250,买盘
1107,14:00:45,8.74,-0.01,253,221122,卖盘
1108,14:00:42,8.75,0.01,55,48125,买盘
1109,14:00:39,8.74,-0.01,21,18354,卖盘
1110,14:00:36,8.75,0.01,132,115500,买盘
1111,14:00:33,8.74,--,43,37582,卖盘
1112,14:00:30,8.74,--,78,68172,卖盘
1113,14:00:27,8.74,--,83,72542,卖盘
1114,14:00:24,8.74,--,71,62054,买盘
1115,14:00:21,8.74,--,35,30590,卖盘
1116,14:00:18,8.74,--,25,21850,卖盘
1117,14:00:15,8.74,--,171,149454,买盘
1118,14:00:12,8.74,--,414,361836,买盘
1119,14:00:09,8.74,--,38,33911,卖盘
1120,14:00:06,8.74,--,25,21850,卖盘
1121,14:00:03,8.74,--,36,31464,卖盘
1122,14:00:00,8.74,--,499,436300,买盘
1123,13:59:57,8.74,--,92,80408,买盘
1124,13:59:54,8.74,0.01,76,66424,买盘
1125,13:59:51,8.73,--,20,17460,卖盘
1126,13:59:48,8.73,-0.01,283,247059,卖盘
1127,13:59:45,8.74,0.01,167,145958,买盘
1128,13:59:42,8.73,--,41,35793,卖盘
1129,13:59:39,8.73,--,60,52380,卖盘
1130,13:59:36,8.73,0.01,114,99522,中性盘
1131,13:59:33,8.72,--,112,97664,卖盘
1132,13:59:30,8.72,--,344,299968,卖盘
1133,13:59:24,8.72,--,272,237184,卖盘
1134,13:59:21,8.72,--,80,69760,卖盘
1135,13:59:18,8.72,--,25,21800,卖盘
1136,13:59:15,8.72,--,3022,2635279,买盘
1137,13:59:12,8.72,--,57,49704,买盘
1138,13:59:09,8.72,0.01,40,34880,买盘
1139,13:59:06,8.71,-0.01,97,84487,卖盘
1140,13:59:03,8.72,0.01,40,34880,买盘
1141,13:59:00,8.71,-0.01,85,74035,卖盘
1142,13:58:57,8.72,--,478,416816,买盘
1143,13:58:54,8.72,--,1,872,买盘
1144,13:58:51,8.72,--,20,17440,买盘
1145,13:58:48,8.72,--,208,181376,买盘
1146,13:58:45,8.72,-0.03,4242,3699398,卖盘
1147,13:58:42,8.75,--,11,9625,买盘
1148,13:58:39,8.75,0.01,442,386750,买盘
1149,13:58:36,8.74,--,120,104880,买盘
1150,13:58:33,8.74,--,78,68172,买盘
1151,13:58:30,8.74,--,207,181145,卖盘
1152,13:58:27,8.74,--,81,71440,买盘
1153,13:58:24,8.74,--,92,80408,卖盘
1154,13:58:21,8.74,--,26,22724,卖盘
1155,13:58:18,8.74,--,1,874,卖盘
1156,13:58:15,8.74,--,127,110998,卖盘
1157,13:58:12,8.74,0.01,136,118864,买盘
1158,13:58:09,8.73,-0.01,282,246194,卖盘
1159,13:58:06,8.74,0.01,32,27968,买盘
1160,13:58:03,8.73,-0.01,48,41904,卖盘
1161,13:58:00,8.74,0.01,92,80408,买盘
1162,13:57:57,8.73,-0.02,16,13968,卖盘
1163,13:57:54,8.75,0.01,464,406000,买盘
1164,13:57:51,8.74,0.01,60,53226,买盘
1165,13:57:48,8.73,-0.01,74,64602,卖盘
1166,13:57:45,8.74,--,50,43700,买盘
1167,13:57:42,8.74,--,158,138494,买盘
1168,13:57:39,8.74,--,64,55936,卖盘
1169,13:57:36,8.74,--,57,49818,卖盘
1170,13:57:33,8.74,-0.01,54,47196,卖盘
1171,13:57:30,8.75,0.01,20,17500,买盘
1172,13:57:27,8.74,0.01,188,164312,买盘
1173,13:57:24,8.73,-0.01,21,18333,卖盘
1174,13:57:21,8.74,0.01,50,43700,买盘
1175,13:57:18,8.73,-0.02,174,151902,卖盘
1176,13:57:15,8.75,0.01,2,1750,买盘
1177,13:57:12,8.74,0.01,249,217626,买盘
1178,13:57:09,8.73,-0.01,28,24444,卖盘
1179,13:57:06,8.74,-0.01,750,655500,卖盘
1180,13:57:03,8.75,0.01,32,28000,买盘
1181,13:57:00,8.74,-0.01,10,8740,卖盘
1182,13:56:57,8.75,--,9,7875,买盘
1183,13:56:54,8.75,0.01,103,90125,买盘
1184,13:56:51,8.74,-0.01,19,16606,中性盘
1185,13:56:48,8.75,0.02,7,6125,买盘
1186,13:56:45,8.73,-0.01,70,61110,卖盘
1187,13:56:42,8.74,0.01,15,13110,买盘
1188,13:56:39,8.73,-0.02,22,19206,卖盘
1189,13:56:36,8.75,0.02,39,34125,买盘
1190,13:56:33,8.73,-0.01,118,103014,卖盘
1191,13:56:30,8.74,0.01,18,15732,中性盘
1192,13:56:27,8.73,-0.01,37,32301,卖盘
1193,13:56:24,8.74,0.01,44,38456,买盘
1194,13:56:21,8.73,-0.01,124,108252,卖盘
1195,13:56:18,8.74,0.01,197,172178,买盘
1196,13:56:15,8.73,--,31,27063,卖盘
1197,13:56:12,8.73,--,61,53253,卖盘
1198,13:56:09,8.73,--,21,18333,卖盘
1199,13:56:06,8.73,--,72,62856,卖盘
1200,13:56:03,8.73,--,54,47142,卖盘
1201,13:56:00,8.73,--,122,106506,卖盘
1202,13:55:57,8.73,--,517,451515,买盘
1203,13:55:54,8.73,--,25,21825,买盘
1204,13:55:51,8.73,0.01,15,13095,买盘
1205,13:55:48,8.72,-0.01,100,87200,卖盘
1206,13:55:45,8.73,0.01,58,50634,买盘
1207,13:55:42,8.72,-0.01,110,95920,卖盘
1208,13:55:39,8.73,--,6,5238,买盘
1209,13:55:36,8.73,0.01,56,48888,买盘
1210,13:55:33,8.72,-0.01,60,53017,卖盘
1211,13:55:30,8.73,--,121,105633,卖盘
1212,13:55:27,8.73,--,1,873,卖盘
1213,13:55:24,8.73,--,38,33174,卖盘
1214,13:55:21,8.73,--,21,18333,卖盘
1215,13:55:18,8.73,--,41,35793,卖盘
1216,13:55:15,8.73,-0.01,514,448722,卖盘
1217,13:55:12,8.74,0.01,44,38456,买盘
1218,13:55:09,8.73,--,266,232218,卖盘
1219,13:55:06,8.73,--,8,6984,卖盘
1220,13:55:03,8.73,--,13,11349,卖盘
1221,13:55:00,8.73,--,5,4365,卖盘
1222,13:54:57,8.73,--,381,332613,卖盘
1223,13:54:54,8.73,--,259,226107,卖盘
1224,13:54:48,8.73,--,34,29682,卖盘
1225,13:54:45,8.73,-0.01,114,99522,卖盘
1226,13:54:42,8.74,--,378,330372,买盘
1227,13:54:39,8.74,0.01,25,21850,买盘
1228,13:54:36,8.73,--,124,108252,卖盘
1229,13:54:33,8.73,--,11,9603,卖盘
1230,13:54:30,8.73,--,81,70713,卖盘
1231,13:54:27,8.73,--,81,70713,卖盘
1232,13:54:24,8.73,--,66,57618,卖盘
1233,13:54:21,8.73,--,28,24444,卖盘
1234,13:54:18,8.73,-0.01,11,9603,卖盘
1235,13:54:15,8.74,0.01,26,22724,买盘
1236,13:54:12,8.73,--,115,100395,卖盘
1237,13:54:09,8.73,--,128,111744,卖盘
1238,13:54:06,8.73,-0.01,51,44610,卖盘
1239,13:54:03,8.74,0.01,12,10488,买盘
1240,13:54:00,8.73,--,21,18333,卖盘
1241,13:53:54,8.73,--,12,10476,卖盘
1242,13:53:51,8.73,--,260,226980,卖盘
1243,13:53:48,8.73,--,67,58491,卖盘
1244,13:53:45,8.73,-0.01,111,96903,卖盘
1245,13:53:42,8.74,0.01,6,5244,买盘
1246,13:53:39,8.73,--,26,22698,卖盘
1247,13:53:36,8.73,--,127,110871,卖盘
1248,13:53:33,8.73,-0.01,15,13095,卖盘
1249,13:53:30,8.74,0.01,269,235106,买盘
1250,13:53:27,8.73,-0.01,123,107379,卖盘
1251,13:53:24,8.74,--,30,26220,买盘
1252,13:53:21,8.74,0.01,188,164312,买盘
1253,13:53:18,8.73,--,222,193806,卖盘
1254,13:53:15,8.73,--,44,38412,卖盘
1255,13:53:12,8.73,--,13,11349,卖盘
1256,13:53:06,8.73,-0.01,142,123966,卖盘
1257,13:53:03,8.74,0.01,75,65550,买盘
1258,13:52:57,8.73,-0.01,123,107379,卖盘
1259,13:52:54,8.74,0.01,4,3496,买盘
1260,13:52:51,8.73,--,25,21825,卖盘
1261,13:52:48,8.73,-0.01,400,349200,卖盘
1262,13:52:45,8.74,0.01,41,35921,买盘
1263,13:52:42,8.73,--,15,13095,卖盘
1264,13:52:39,8.73,-0.01,30,26190,卖盘
1265,13:52:36,8.74,0.01,3,2622,买盘
1266,13:52:33,8.73,--,38,33174,卖盘
1267,13:52:30,8.73,-0.01,82,71586,卖盘
1268,13:52:27,8.74,0.01,1,874,买盘
1269,13:52:24,8.73,--,47,41031,卖盘
1270,13:52:21,8.73,-0.01,167,145791,卖盘
1271,13:52:18,8.74,0.01,80,69920,买盘
1272,13:52:15,8.73,--,10,8730,卖盘
1273,13:52:12,8.73,--,60,52380,买盘
1274,13:52:09,8.73,0.01,10,8730,买盘
1275,13:52:06,8.72,-0.02,79,68888,卖盘
1276,13:52:03,8.74,--,603,527022,买盘
1277,13:52:00,8.74,0.01,484,423016,买盘
1278,13:51:57,8.73,0.01,14,12222,买盘
1279,13:51:54,8.72,--,65,56680,卖盘
1280,13:51:48,8.72,--,11,9592,卖盘
1281,13:51:45,8.72,-0.01,97,84584,卖盘
1282,13:51:42,8.73,0.01,211,184203,买盘
1283,13:51:39,8.72,--,7,6104,买盘
1284,13:51:36,8.72,--,1332,1161504,买盘
1285,13:51:33,8.72,--,52,45344,买盘
1286,13:51:30,8.72,-0.02,111,96792,卖盘
1287,13:51:27,8.74,0.03,52,45448,买盘
1288,13:51:24,8.71,-0.02,3000,2613000,卖盘
1289,13:51:21,8.73,--,51,44523,卖盘
1290,13:51:18,8.73,--,111,96903,买盘
1291,13:51:15,8.73,--,97,84681,卖盘
1292,13:51:12,8.73,--,2,1746,卖盘
1293,13:51:09,8.73,-0.01,122,106506,卖盘
1294,13:51:06,8.74,0.01,70,61180,买盘
1295,13:51:03,8.73,--,5,4365,卖盘
1296,13:51:00,8.73,--,40,34920,卖盘
1297,13:50:57,8.73,--,207,180711,卖盘
1298,13:50:54,8.73,--,404,352692,卖盘
1299,13:50:51,8.73,--,187,163251,卖盘
1300,13:50:48,8.73,-0.01,123,107379,卖盘
1301,13:50:45,8.74,--,5,4370,买盘
1302,13:50:42,8.74,0.01,112,97888,买盘
1303,13:50:39,8.73,--,54,47142,卖盘
1304,13:50:36,8.73,--,19,16587,卖盘
1305,13:50:33,8.73,-0.01,3,2619,卖盘
1306,13:50:30,8.74,--,182,159068,买盘
1307,13:50:27,8.74,0.01,101,88274,买盘
1308,13:50:24,8.73,-0.01,96,83808,卖盘
1309,13:50:18,8.74,0.01,463,404662,买盘
1310,13:50:15,8.73,-0.01,185,161505,卖盘
1311,13:50:12,8.74,0.01,21,18354,买盘
1312,13:50:09,8.73,--,11,9603,买盘
1313,13:50:06,8.73,-0.01,391,341343,卖盘
1314,13:50:03,8.74,--,117,102258,买盘
1315,13:50:00,8.74,0.01,28,24472,买盘
1316,13:49:57,8.73,-0.01,130,113490,卖盘
1317,13:49:54,8.74,0.01,102,89148,买盘
1318,13:49:51,8.73,--,79,68967,卖盘
1319,13:49:48,8.73,-0.01,99,86427,卖盘
1320,13:49:45,8.74,0.01,134,117116,买盘
1321,13:49:42,8.73,--,255,222615,卖盘
1322,13:49:39,8.73,0.01,43,37539,买盘
1323,13:49:36,8.72,-0.01,597,520584,卖盘
1324,13:49:33,8.73,0.01,154,134442,买盘
1325,13:49:30,8.72,-0.01,101,88072,卖盘
1326,13:49:27,8.73,--,8,6984,买盘
1327,13:49:24,8.73,0.01,328,286344,买盘
1328,13:49:21,8.72,-0.01,44,38368,卖盘
1329,13:49:18,8.73,--,32,27936,买盘
1330,13:49:15,8.73,--,301,262773,买盘
1331,13:49:12,8.73,--,13,11349,买盘
1332,13:49:09,8.73,0.01,9,7857,买盘
1333,13:49:06,8.72,-0.02,1699,1481528,卖盘
1334,13:49:03,8.74,--,116,101384,买盘
1335,13:49:00,8.74,0.01,31,27094,买盘
1336,13:48:57,8.73,--,413,361387,卖盘
1337,13:48:54,8.73,--,96,83808,卖盘
1338,13:48:51,8.73,--,143,124839,卖盘
1339,13:48:48,8.73,--,20,17460,卖盘
1340,13:48:45,8.73,--,111,96903,卖盘
1341,13:48:42,8.73,--,60,52380,卖盘
1342,13:48:39,8.73,--,12,10476,卖盘
1343,13:48:36,8.73,--,138,120474,卖盘
1344,13:48:33,8.73,-0.01,136,118728,卖盘
1345,13:48:30,8.74,0.01,12,10488,买盘
1346,13:48:27,8.73,-0.01,25,21825,卖盘
1347,13:48:24,8.74,0.01,148,129352,买盘
1348,13:48:21,8.73,-0.01,140,122220,卖盘
1349,13:48:18,8.74,--,38,33212,买盘
1350,13:48:15,8.74,0.01,304,265696,买盘
1351,13:48:12,8.73,--,228,199044,卖盘
1352,13:48:09,8.73,-0.01,31,27063,卖盘
1353,13:48:06,8.74,-0.01,103,90022,中性盘
1354,13:48:03,8.75,0.01,103,90125,买盘
1355,13:48:00,8.74,0.01,335,292790,买盘
1356,13:47:57,8.73,-0.01,207,180711,卖盘
1357,13:47:54,8.74,0.01,60,52440,买盘
1358,13:47:51,8.73,-0.01,103,89919,卖盘
1359,13:47:48,8.74,--,290,253460,卖盘
1360,13:47:45,8.74,--,37,32338,卖盘
1361,13:47:39,8.74,--,121,105754,卖盘
1362,13:47:36,8.74,-0.01,22,19228,卖盘
1363,13:47:33,8.75,0.01,49,42875,买盘
1364,13:47:30,8.74,--,5,4370,卖盘
1365,13:47:27,8.74,--,13,11362,卖盘
1366,13:47:24,8.74,-0.01,83,72542,卖盘
1367,13:47:21,8.75,0.01,106,92750,买盘
1368,13:47:15,8.74,--,40,34960,卖盘
1369,13:47:12,8.74,--,6,5244,卖盘
1370,13:47:09,8.74,--,7,6118,卖盘
1371,13:47:06,8.74,-0.02,36,31464,卖盘
1372,13:47:03,8.76,0.02,153,134028,买盘
1373,13:47:00,8.74,0.01,1,874,卖盘
1374,13:46:54,8.73,-0.01,2215,1933695,卖盘
1375,13:46:51,8.74,0.01,161,140714,买盘
1376,13:46:48,8.73,--,3,2653,卖盘
1377,13:46:45,8.73,-0.01,124,108252,卖盘
1378,13:46:42,8.74,0.01,12,10488,买盘
1379,13:46:39,8.73,--,44,38412,卖盘
1380,13:46:36,8.73,-0.01,102,89046,卖盘
1381,13:46:33,8.74,--,1,874,买盘
1382,13:46:30,8.74,0.01,7,6118,买盘
1383,13:46:27,8.73,-0.02,1223,1067679,卖盘
1384,13:46:24,8.75,0.01,6,5250,买盘
1385,13:46:21,8.74,--,30,26220,卖盘
1386,13:46:18,8.74,--,72,62928,卖盘
1387,13:46:15,8.74,--,2,1748,卖盘
1388,13:46:12,8.74,-0.01,12,10488,卖盘
1389,13:46:09,8.75,0.01,12,10500,买盘
1390,13:46:06,8.74,--,90,78660,卖盘
1391,13:45:57,8.74,--,60,52440,卖盘
1392,13:45:54,8.74,-0.01,1291,1128334,卖盘
1393,13:45:51,8.75,--,10,8750,买盘
1394,13:45:48,8.75,--,26,22750,买盘
1395,13:45:45,8.75,--,62,54250,买盘
1396,13:45:42,8.75,--,61,53375,买盘
1397,13:45:39,8.75,--,27,23625,买盘
1398,13:45:36,8.75,--,2,1750,买盘
1399,13:45:33,8.75,--,104,91000,卖盘
1400,13:45:30,8.75,-0.02,14,12250,卖盘
1401,13:45:24,8.77,--,85,74545,买盘
1402,13:45:21,8.77,--,21,18417,买盘
1403,13:45:18,8.77,0.01,6,5262,买盘
1404,13:45:15,8.76,--,1,876,卖盘
1405,13:45:12,8.76,0.02,26,22776,买盘
1406,13:45:09,8.74,-0.03,88,76912,卖盘
1407,13:45:06,8.77,0.02,409,358693,买盘
1408,13:45:03,8.75,0.01,487,426125,买盘
1409,13:45:00,8.74,--,8,6992,买盘
1410,13:44:57,8.74,-0.02,851,743774,卖盘
1411,13:44:54,8.76,0.01,87,76212,买盘
1412,13:44:51,8.75,--,2,1750,买盘
1413,13:44:48,8.75,--,47,41125,卖盘
1414,13:44:45,8.75,--,303,265125,买盘
1415,13:44:42,8.75,0.02,14,12250,买盘
1416,13:44:36,8.73,--,21,18333,卖盘
1417,13:44:33,8.73,-0.01,114,99522,卖盘
1418,13:44:30,8.74,0.01,17,14858,中性盘
1419,13:44:24,8.73,-0.03,99,86427,卖盘
1420,13:44:21,8.76,0.01,222,194472,买盘
1421,13:44:18,8.75,0.01,293,256375,买盘
1422,13:44:15,8.74,--,187,163438,买盘
1423,13:44:12,8.74,-0.01,924,808100,卖盘
1424,13:44:09,8.75,--,129,112875,卖盘
1425,13:44:06,8.75,--,2,2275,卖盘
1426,13:44:03,8.75,0.01,25,21875,中性盘
1427,13:44:00,8.74,--,8,6992,卖盘
1428,13:43:57,8.74,-0.02,30,26220,卖盘
1429,13:43:54,8.76,0.01,1293,1132668,买盘
1430,13:43:51,8.75,--,22,19250,卖盘
1431,13:43:48,8.75,--,44,38500,卖盘
1432,13:43:45,8.75,-0.01,1,875,卖盘
1433,13:43:42,8.76,0.01,1,876,买盘
1434,13:43:39,8.75,--,25,21875,卖盘
1435,13:43:36,8.75,-0.01,64,56000,卖盘
1436,13:43:33,8.76,--,81,70956,买盘
1437,13:43:30,8.76,0.01,53,46428,买盘
1438,13:43:27,8.75,-0.01,30,26250,卖盘
1439,13:43:24,8.76,--,26,22776,卖盘
1440,13:43:21,8.76,--,101,88476,卖盘
1441,13:43:18,8.76,--,8,7008,卖盘
1442,13:43:15,8.76,-0.01,57,49932,卖盘
1443,13:43:12,8.77,0.02,2,1754,买盘
1444,13:43:06,8.75,-0.01,1634,1429750,卖盘
1445,13:43:03,8.76,--,353,309228,买盘
1446,13:42:57,8.76,--,27,23652,买盘
1447,13:42:54,8.76,--,27,23652,买盘
1448,13:42:48,8.76,0.01,6,5256,买盘
1449,13:42:45,8.75,-0.01,17,14875,卖盘
1450,13:42:42,8.76,0.01,88,77088,买盘
1451,13:42:39,8.75,--,200,175000,卖盘
1452,13:42:36,8.75,--,104,91000,卖盘
1453,13:42:33,8.75,--,39,34125,卖盘
1454,13:42:30,8.75,-0.01,37,32375,卖盘
1455,13:42:27,8.76,--,26,22776,买盘
1456,13:42:24,8.76,0.01,67,58692,买盘
1457,13:42:21,8.75,--,36,31500,卖盘
1458,13:42:18,8.75,--,3,2625,卖盘
1459,13:42:15,8.75,--,1,875,卖盘
1460,13:42:09,8.75,--,38,33250,卖盘
1461,13:42:06,8.75,--,11,9625,卖盘
1462,13:42:03,8.75,--,48,42000,卖盘
1463,13:42:00,8.75,0.01,41,36050,买盘
1464,13:41:57,8.74,-0.01,492,430008,卖盘
1465,13:41:54,8.75,0.01,135,118125,买盘
1466,13:41:51,8.74,-0.01,62,54188,卖盘
1467,13:41:48,8.75,-0.02,1497,1310575,卖盘
1468,13:41:45,8.77,0.01,46,40342,买盘
1469,13:41:42,8.76,--,76,66576,卖盘
1470,13:41:39,8.76,--,12,10512,卖盘
1471,13:41:36,8.76,-0.01,32,28032,卖盘
1472,13:41:33,8.77,--,33,28941,买盘
1473,13:41:30,8.77,--,5,4385,买盘
1474,13:41:24,8.77,0.01,31,27187,买盘
1475,13:41:21,8.76,--,23,20148,卖盘
1476,13:41:18,8.76,--,1,876,卖盘
1477,13:41:15,8.76,--,8,7008,卖盘
1478,13:41:12,8.76,-0.01,20,17520,卖盘
1479,13:41:06,8.77,--,1082,948914,买盘
1480,13:41:03,8.77,0.01,32,28064,买盘
1481,13:40:57,8.76,-0.01,12,10512,卖盘
1482,13:40:54,8.77,0.01,99,86823,买盘
1483,13:40:51,8.76,-0.01,19,16644,卖盘
1484,13:40:48,8.77,0.01,91,79807,买盘
1485,13:40:42,8.76,--,6,5256,卖盘
1486,13:40:39,8.76,--,20,17520,卖盘
1487,13:40:33,8.76,--,12,10512,卖盘
1488,13:40:30,8.76,--,47,41172,卖盘
1489,13:40:27,8.76,-0.01,21,18396,卖盘
1490,13:40:24,8.77,--,176,154352,买盘
1491,13:40:21,8.77,--,73,64021,买盘
1492,13:40:18,8.77,-0.01,23,20171,卖盘
1493,13:40:15,8.78,--,6,5268,买盘
1494,13:40:06,8.78,0.01,860,755080,买盘
1495,13:40:03,8.77,-0.01,217,190659,卖盘
1496,13:40:00,8.78,--,143,125553,买盘
1497,13:39:57,8.78,0.01,17,14925,买盘
1498,13:39:54,8.77,-0.01,19,16663,卖盘
1499,13:39:51,8.78,0.01,25,21950,买盘
1500,13:39:48,8.77,--,23,20171,卖盘
1501,13:39:45,8.77,--,1,877,卖盘
1502,13:39:42,8.77,0.01,486,426748,买盘
1503,13:39:39,8.76,-0.01,10,8760,卖盘
1504,13:39:36,8.77,0.01,82,71914,买盘
1505,13:39:33,8.76,-0.01,49,42924,卖盘
1506,13:39:30,8.77,--,251,220653,买盘
1507,13:39:27,8.77,0.01,70,61390,买盘
1508,13:39:24,8.76,--,7,6132,卖盘
1509,13:39:21,8.76,--,264,231264,卖盘
1510,13:39:18,8.76,--,39,34164,卖盘
1511,13:39:15,8.76,0.01,519,454644,买盘
1512,13:39:12,8.75,--,28,24500,卖盘
1513,13:39:09,8.75,--,100,87500,卖盘
1514,13:39:06,8.75,-0.01,74,64750,卖盘
1515,13:39:03,8.76,--,2,1752,买盘
1516,13:39:00,8.76,0.01,124,108624,买盘
1517,13:38:57,8.75,--,19,16625,卖盘
1518,13:38:54,8.75,-0.01,202,176750,卖盘
1519,13:38:51,8.76,0.01,2,1752,买盘
1520,13:38:48,8.75,--,70,61250,卖盘
1521,13:38:42,8.75,-0.01,42,36750,卖盘
1522,13:38:39,8.76,--,27,23652,买盘
1523,13:38:36,8.76,--,32,28032,买盘
1524,13:38:33,8.76,--,8,7008,买盘
1525,13:38:27,8.76,--,11,9636,买盘
1526,13:38:24,8.76,--,70,61320,买盘
1527,13:38:21,8.76,--,9,7884,买盘
1528,13:38:18,8.76,--,129,113004,卖盘
1529,13:38:15,8.76,--,153,134028,卖盘
1530,13:38:12,8.76,-0.01,547,479172,卖盘
1531,13:38:09,8.77,--,11,9647,买盘
1532,13:38:06,8.77,0.01,28,24556,买盘
1533,13:38:03,8.76,-0.01,51,44676,卖盘
1534,13:38:00,8.77,0.01,172,150844,买盘
1535,13:37:57,8.76,0.01,93,81468,买盘
1536,13:37:54,8.75,--,220,192500,卖盘
1537,13:37:51,8.75,-0.01,22,19250,卖盘
1538,13:37:48,8.76,--,41,35916,卖盘
1539,13:37:45,8.76,--,22,19272,中性盘
1540,13:37:42,8.76,0.01,88,77088,买盘
1541,13:37:39,8.75,-0.01,34,29750,卖盘
1542,13:37:36,8.76,0.01,39,34164,买盘
1543,13:37:33,8.75,--,39,34125,卖盘
1544,13:37:30,8.75,-0.01,21,18375,卖盘
1545,13:37:27,8.76,0.01,100,87600,中性盘
1546,13:37:24,8.75,-0.01,221,193375,卖盘
1547,13:37:21,8.76,--,47,41697,买盘
1548,13:37:18,8.76,--,502,440102,卖盘
1549,13:37:15,8.76,--,34,29784,卖盘
1550,13:37:12,8.76,--,2,2277,卖盘
1551,13:37:06,8.76,-0.01,43,37668,卖盘
1552,13:37:03,8.77,--,12,10524,买盘
1553,13:36:57,8.77,--,24,21398,卖盘
1554,13:36:54,8.77,-0.01,9,7893,卖盘
1555,13:36:51,8.78,-0.01,24,21072,中性盘
1556,13:36:45,8.79,0.01,320,281280,买盘
1557,13:36:42,8.78,0.01,549,482021,买盘
1558,13:36:39,8.77,--,4,3508,卖盘
1559,13:36:36,8.77,--,175,153475,卖盘
1560,13:36:33,8.77,-0.01,22,19820,卖盘
1561,13:36:30,8.78,0.01,10,8780,买盘
1562,13:36:27,8.77,-0.01,50,43850,卖盘
1563,13:36:24,8.78,--,34,29851,卖盘
1564,13:36:21,8.78,--,322,282716,卖盘
1565,13:36:18,8.78,--,63,55313,卖盘
1566,13:36:15,8.78,--,155,136090,卖盘
1567,13:36:12,8.78,--,344,302032,卖盘
1568,13:36:09,8.78,-0.01,128,112383,卖盘
1569,13:36:06,8.79,0.01,71,62408,买盘
1570,13:36:03,8.78,--,49,43022,卖盘
1571,13:36:00,8.78,-0.01,542,475875,卖盘
1572,13:35:54,8.79,0.01,302,265458,买盘
1573,13:35:51,8.78,0.01,167,146626,买盘
1574,13:35:48,8.77,-0.01,43,37711,卖盘
1575,13:35:45,8.78,-0.01,12,10536,中性盘
1576,13:35:42,8.79,--,119,104600,买盘
1577,13:35:39,8.79,0.01,594,522125,买盘
1578,13:35:36,8.78,--,28,24584,买盘
1579,13:35:33,8.78,0.01,30,26339,买盘
1580,13:35:30,8.77,--,332,291164,卖盘
1581,13:35:27,8.77,-0.01,21,18417,卖盘
1582,13:35:24,8.78,--,1,877,买盘
1583,13:35:21,8.78,--,3,2634,买盘
1584,13:35:18,8.78,0.01,200,175600,买盘
1585,13:35:15,8.77,-0.01,21,18417,卖盘
1586,13:35:12,8.78,--,45,39510,买盘
1587,13:35:09,8.78,--,62,54435,买盘
1588,13:35:06,8.78,--,311,273058,卖盘
1589,13:35:03,8.78,-0.01,297,260765,卖盘
1590,13:35:00,8.79,--,73,64166,买盘
1591,13:34:57,8.79,--,7,6152,买盘
1592,13:34:54,8.79,0.01,84,73836,买盘
1593,13:34:48,8.78,-0.01,17,14925,卖盘
1594,13:34:45,8.79,0.01,97,85262,买盘
1595,13:34:42,8.78,--,33,28973,卖盘
1596,13:34:39,8.78,-0.01,16,14047,卖盘
1597,13:34:36,8.79,0.01,55,48344,买盘
1598,13:34:33,8.78,--,30,26339,卖盘
1599,13:34:30,8.78,--,20,17560,卖盘
1600,13:34:27,8.78,-0.01,1,877,卖盘
1601,13:34:24,8.79,--,2,1757,买盘
1602,13:34:21,8.79,0.01,1057,929102,买盘
1603,13:34:18,8.78,--,59,51801,买盘
1604,13:34:15,8.78,--,101,88678,买盘
1605,13:34:09,8.78,0.01,331,290618,买盘
1606,13:34:03,8.77,--,54,47358,卖盘
1607,13:33:57,8.77,--,23,20171,卖盘
1608,13:33:54,8.77,-0.01,1,877,卖盘
1609,13:33:51,8.78,--,18,15803,买盘
1610,13:33:48,8.78,0.02,20,17560,买盘
1611,13:33:45,8.76,-0.02,25,21900,卖盘
1612,13:33:42,8.78,0.02,12,10536,买盘
1613,13:33:39,8.76,--,56,49056,卖盘
1614,13:33:36,8.76,--,6,5256,卖盘
1615,13:33:33,8.76,-0.02,20,17520,卖盘
1616,13:33:30,8.78,--,7,6146,买盘
1617,13:33:27,8.78,0.02,30,26339,买盘
1618,13:33:24,8.76,-0.02,20,17520,卖盘
1619,13:33:21,8.78,0.02,1,877,买盘
1620,13:33:15,8.76,--,1,876,卖盘
1621,13:33:12,8.76,--,57,49932,卖盘
1622,13:33:09,8.76,--,47,41172,卖盘
1623,13:33:03,8.76,--,61,53436,卖盘
1624,13:33:00,8.76,0.01,19,16644,卖盘
1625,13:32:57,8.75,-0.03,1051,919625,卖盘
1626,13:32:54,8.78,0.02,41,35998,买盘
1627,13:32:51,8.76,--,41,35916,卖盘
1628,13:32:48,8.76,-0.01,77,68030,卖盘
1629,13:32:45,8.77,-0.02,145,127165,卖盘
1630,13:32:42,8.79,0.01,391,343688,买盘
1631,13:32:39,8.78,--,22,19316,卖盘
1632,13:32:36,8.78,--,115,100969,卖盘
1633,13:32:33,8.78,--,415,364668,买盘
1634,13:32:30,8.78,0.02,251,220377,买盘
1635,13:32:27,8.76,-0.01,21,18396,卖盘
1636,13:32:24,8.77,--,5,4385,卖盘
1637,13:32:21,8.77,0.01,21,18417,买盘
1638,13:32:18,8.76,--,3,2628,卖盘
1639,13:32:15,8.76,-0.02,89,77964,卖盘
1640,13:32:12,8.78,--,229,201061,买盘
1641,13:32:09,8.78,0.02,28,24584,买盘
1642,13:32:06,8.76,-0.01,39,34164,卖盘
1643,13:32:03,8.77,0.02,8,7016,卖盘
1644,13:32:00,8.75,-0.02,1771,1549625,卖盘
1645,13:31:57,8.77,0.01,201,176277,买盘
1646,13:31:54,8.76,0.01,47,41172,中性盘
1647,13:31:48,8.75,-0.02,27,23625,卖盘
1648,13:31:45,8.77,--,50,43850,买盘
1649,13:31:42,8.77,0.01,143,125411,买盘
1650,13:31:39,8.76,--,124,108624,卖盘
1651,13:31:36,8.76,0.01,2,1752,卖盘
1652,13:31:33,8.75,-0.02,70,61250,卖盘
1653,13:31:27,8.77,--,585,513045,买盘
1654,13:31:24,8.77,0.01,22,19294,买盘
1655,13:31:21,8.76,--,71,62196,卖盘
1656,13:31:18,8.76,--,14,12264,卖盘
1657,13:31:15,8.76,-0.01,79,69204,卖盘
1658,13:31:12,8.77,0.01,149,130673,买盘
1659,13:31:09,8.76,--,41,35916,卖盘
1660,13:31:06,8.76,-0.01,1,876,卖盘
1661,13:31:03,8.77,0.01,166,145582,买盘
1662,13:31:00,8.76,--,5,4380,卖盘
1663,13:30:57,8.76,--,59,51684,卖盘
1664,13:30:54,8.76,--,10,8760,卖盘
1665,13:30:51,8.76,--,49,42924,卖盘
1666,13:30:48,8.76,-0.01,21,18396,卖盘
1667,13:30:45,8.77,--,66,57882,买盘
1668,13:30:42,8.77,0.01,92,80684,买盘
1669,13:30:39,8.76,-0.01,2,1752,卖盘
1670,13:30:36,8.77,0.01,59,51743,买盘
1671,13:30:33,8.76,--,17,14892,卖盘
1672,13:30:30,8.76,-0.01,54,47304,卖盘
1673,13:30:27,8.77,0.01,31,27187,买盘
1674,13:30:24,8.76,-0.01,47,41172,卖盘
1675,13:30:21,8.77,--,21,18417,买盘
1676,13:30:18,8.77,--,6,5262,买盘
1677,13:30:15,8.77,--,102,89454,买盘
1678,13:30:12,8.77,0.01,275,241175,买盘
1679,13:30:09,8.76,-0.01,57,49932,卖盘
1680,13:30:06,8.77,--,31,27187,卖盘
1681,13:30:03,8.77,--,72,63144,卖盘
1682,13:30:00,8.77,-0.01,1,877,中性盘
1683,13:29:54,8.78,0.01,52,45656,买盘
1684,13:29:51,8.77,0.01,296,259592,买盘
1685,13:29:48,8.76,-0.01,116,101616,卖盘
1686,13:29:42,8.77,0.01,135,118395,买盘
1687,13:29:39,8.76,--,98,85848,卖盘
1688,13:29:36,8.76,--,11,9636,卖盘
1689,13:29:33,8.76,--,52,45552,卖盘
1690,13:29:30,8.76,0.01,23,20148,中性盘
1691,13:29:24,8.75,-0.01,152,133000,卖盘
1692,13:29:21,8.76,0.01,258,226008,买盘
1693,13:29:18,8.75,-0.01,66,57750,卖盘
1694,13:29:15,8.76,--,23,20148,买盘
1695,13:29:12,8.76,--,1,876,买盘
1696,13:29:09,8.76,0.01,99,86724,买盘
1697,13:29:06,8.75,--,38,33250,卖盘
1698,13:29:03,8.75,--,82,71750,卖盘
1699,13:29:00,8.75,--,53,46375,卖盘
1700,13:28:57,8.75,-0.01,20,17500,卖盘
1701,13:28:54,8.76,0.01,10,8760,买盘
1702,13:28:51,8.75,--,45,39375,卖盘
1703,13:28:48,8.75,-0.01,66,57750,卖盘
1704,13:28:45,8.76,--,1112,974112,卖盘
1705,13:28:42,8.76,--,40,35040,卖盘
1706,13:28:33,8.76,--,24,21024,卖盘
1707,13:28:30,8.76,--,143,125268,卖盘
1708,13:28:27,8.76,--,136,119136,买盘
1709,13:28:24,8.76,0.01,26,22776,买盘
1710,13:28:21,8.75,-0.01,33,28875,卖盘
1711,13:28:18,8.76,--,5,4380,买盘
1712,13:28:15,8.76,--,49,42924,买盘
1713,13:28:12,8.76,--,34,29784,卖盘
1714,13:28:09,8.76,-0.01,202,176952,卖盘
1715,13:28:06,8.77,--,41,35957,买盘
1716,13:28:03,8.77,--,4,3508,买盘
1717,13:28:00,8.77,0.01,23,20171,买盘
1718,13:27:57,8.76,-0.01,20,17520,卖盘
1719,13:27:54,8.77,--,83,72791,买盘
1720,13:27:51,8.77,0.01,50,43850,买盘
1721,13:27:48,8.76,--,50,43800,卖盘
1722,13:27:45,8.76,0.01,54,47304,卖盘
1723,13:27:42,8.75,-0.01,29,25375,卖盘
1724,13:27:39,8.76,--,29,25404,卖盘
1725,13:27:36,8.76,-0.01,34,29784,中性盘
1726,13:27:33,8.77,0.01,126,110502,买盘
1727,13:27:30,8.76,0.01,36,31536,卖盘
1728,13:27:27,8.75,--,1075,941150,卖盘
1729,13:27:24,8.75,--,112,98000,买盘
1730,13:27:21,8.75,-0.03,215,188125,卖盘
1731,13:27:18,8.78,0.04,1071,940337,买盘
1732,13:27:15,8.74,-0.02,28,24472,卖盘
1733,13:27:12,8.76,--,150,131400,买盘
1734,13:27:09,8.76,0.01,225,197100,买盘
1735,13:27:06,8.75,--,31,27125,买盘
1736,13:27:03,8.75,-0.01,447,391125,卖盘
1737,13:27:00,8.76,0.01,102,89352,买盘
1738,13:26:57,8.75,--,71,62125,卖盘
1739,13:26:54,8.75,--,246,215250,买盘
1740,13:26:51,8.75,-0.01,97,84875,卖盘
1741,13:26:48,8.76,0.02,30,26280,买盘
1742,13:26:45,8.74,-0.01,128,111872,卖盘
1743,13:26:42,8.75,--,139,121625,卖盘
1744,13:26:39,8.75,0.01,100,87500,买盘
1745,13:26:33,8.74,--,31,27094,买盘
1746,13:26:30,8.74,--,33,28842,买盘
1747,13:26:27,8.74,--,38,33212,买盘
1748,13:26:24,8.74,0.01,342,298908,中性盘
1749,13:26:21,8.73,--,47,41031,卖盘
1750,13:26:18,8.73,-0.02,99,86427,卖盘
1751,13:26:15,8.75,-0.01,54,47250,买盘
1752,13:26:12,8.76,0.03,438,383688,买盘
1753,13:26:09,8.73,-0.02,37,32301,卖盘
1754,13:26:06,8.75,--,77,67375,买盘
1755,13:26:03,8.75,--,14,12250,买盘
1756,13:26:00,8.75,0.02,210,183750,买盘
1757,13:25:57,8.73,-0.01,55,48015,卖盘
1758,13:25:54,8.74,--,46,40204,买盘
1759,13:25:51,8.74,-0.01,3,2622,卖盘
1760,13:25:48,8.75,0.02,22,19250,买盘
1761,13:25:45,8.73,-0.02,330,288090,卖盘
1762,13:25:42,8.75,--,6,5250,买盘
1763,13:25:39,8.75,0.01,30,26250,买盘
1764,13:25:36,8.74,--,55,48070,卖盘
1765,13:25:33,8.74,0.01,59,51566,买盘
1766,13:25:30,8.73,-0.01,50,43650,卖盘
1767,13:25:27,8.74,0.01,34,29716,买盘
1768,13:25:24,8.73,--,51,44523,卖盘
1769,13:25:21,8.73,-0.01,27,23571,卖盘
1770,13:25:18,8.74,0.01,2,1748,买盘
1771,13:25:15,8.73,--,15,13095,卖盘
1772,13:25:12,8.73,--,21,18333,卖盘
1773,13:25:09,8.73,--,2,1746,卖盘
1774,13:25:06,8.73,--,279,243567,买盘
1775,13:25:03,8.73,0.01,76,66348,买盘
1776,13:25:00,8.72,-0.01,20,17440,卖盘
1777,13:24:57,8.73,0.01,327,285471,买盘
1778,13:24:54,8.72,-0.01,103,89816,卖盘
1779,13:24:51,8.73,--,53,46269,卖盘
1780,13:24:45,8.73,--,295,257535,卖盘
1781,13:24:42,8.73,--,78,68617,卖盘
1782,13:24:39,8.73,-0.02,21,18333,卖盘
1783,13:24:36,8.75,0.02,43,37625,买盘
1784,13:24:33,8.73,--,10,8730,卖盘
1785,13:24:30,8.73,0.01,276,240948,买盘
1786,13:24:27,8.72,-0.01,44,38368,卖盘
1787,13:24:24,8.73,0.01,11,9603,买盘
1788,13:24:21,8.72,-0.01,40,34880,卖盘
1789,13:24:18,8.73,--,127,110871,卖盘
1790,13:24:15,8.73,--,169,147537,中性盘
1791,13:24:12,8.73,--,211,184203,买盘
1792,13:24:09,8.73,-0.01,10,8730,买盘
1793,13:24:06,8.74,0.01,1156,1010859,买盘
1794,13:24:03,8.73,-0.01,248,216504,卖盘
1795,13:24:00,8.74,--,78,68346,卖盘
1796,13:23:57,8.74,0.01,208,182491,买盘
1797,13:23:54,8.73,--,95,82935,卖盘
1798,13:23:51,8.73,--,618,539514,买盘
1799,13:23:48,8.73,--,214,186822,买盘
1800,13:23:45,8.73,--,239,208647,买盘
1801,13:23:42,8.73,0.01,177,154521,买盘
1802,13:23:39,8.72,--,64,55808,卖盘
1803,13:23:36,8.72,--,285,248520,卖盘
1804,13:23:33,8.72,--,70,61040,卖盘
1805,13:23:30,8.72,--,35,30520,卖盘
1806,13:23:27,8.72,--,128,111616,卖盘
1807,13:23:24,8.72,-0.01,33,28776,卖盘
1808,13:23:21,8.73,0.01,259,226107,买盘
1809,13:23:18,8.72,--,46,40112,卖盘
1810,13:23:15,8.72,--,191,166552,买盘
1811,13:23:12,8.72,--,51,44472,买盘
1812,13:23:09,8.72,0.01,243,211896,买盘
1813,13:23:06,8.71,-0.01,33,28743,卖盘
1814,13:23:03,8.72,--,174,151728,买盘
1815,13:23:00,8.72,0.01,188,163936,买盘
1816,13:22:57,8.71,-0.01,274,238654,卖盘
1817,13:22:54,8.72,--,61,53192,卖盘
1818,13:22:51,8.72,--,149,129928,卖盘
1819,13:22:48,8.72,--,89,77608,买盘
1820,13:22:45,8.72,--,285,248520,买盘
1821,13:22:42,8.72,--,256,223232,买盘
1822,13:22:39,8.72,--,297,259158,卖盘
1823,13:22:36,8.72,--,54,47088,卖盘
1824,13:22:33,8.72,--,41,35752,卖盘
1825,13:22:30,8.72,--,52,45344,卖盘
1826,13:22:27,8.72,--,273,238056,卖盘
1827,13:22:24,8.72,--,48,41856,卖盘
1828,13:22:21,8.72,--,200,174400,卖盘
1829,13:22:18,8.72,--,8,6976,卖盘
1830,13:22:15,8.72,-0.01,98,85456,卖盘
1831,13:22:12,8.73,0.01,273,238329,买盘
1832,13:22:09,8.72,-0.01,5,4360,卖盘
1833,13:22:06,8.73,0.01,36,31428,买盘
1834,13:22:03,8.72,-0.01,63,54936,卖盘
1835,13:22:00,8.73,0.01,292,254916,买盘
1836,13:21:57,8.72,--,341,297352,卖盘
1837,13:21:54,8.72,--,360,313920,卖盘
1838,13:21:51,8.72,--,96,83712,卖盘
1839,13:21:48,8.72,--,60,52320,卖盘
1840,13:21:45,8.72,-0.01,222,194107,卖盘
1841,13:21:42,8.73,0.01,45,39285,买盘
1842,13:21:39,8.72,--,1,872,卖盘
1843,13:21:36,8.72,-0.01,75,65400,卖盘
1844,13:21:33,8.73,--,72,62856,买盘
1845,13:21:30,8.73,--,252,219996,买盘
1846,13:21:27,8.73,0.01,25,21825,买盘
1847,13:21:24,8.72,--,23,20056,卖盘
1848,13:21:21,8.72,--,144,125568,卖盘
1849,13:21:18,8.72,--,57,49704,卖盘
1850,13:21:15,8.72,-0.01,334,291248,卖盘
1851,13:21:12,8.73,0.01,220,192060,买盘
1852,13:21:09,8.72,-0.01,40,34880,卖盘
1853,13:21:06,8.73,0.01,31,27063,买盘
1854,13:21:03,8.72,-0.01,56,48832,卖盘
1855,13:21:00,8.73,0.01,117,102141,买盘
1856,13:20:57,8.72,--,45,39240,卖盘
1857,13:20:54,8.72,-0.01,266,231952,卖盘
1858,13:20:51,8.73,0.01,61,53253,买盘
1859,13:20:48,8.72,--,81,70632,卖盘
1860,13:20:45,8.72,-0.01,42,36624,卖盘
1861,13:20:42,8.73,0.01,43,37539,买盘
1862,13:20:39,8.72,-0.01,194,169168,卖盘
1863,13:20:36,8.73,0.01,229,199917,买盘
1864,13:20:33,8.72,--,36,31392,卖盘
1865,13:20:30,8.72,--,25,21800,卖盘
1866,13:20:27,8.72,--,15,13080,卖盘
1867,13:20:24,8.72,--,115,100280,卖盘
1868,13:20:21,8.72,-0.01,54,47088,卖盘
1869,13:20:18,8.73,0.01,258,225234,买盘
1870,13:20:15,8.72,--,141,122952,卖盘
1871,13:20:12,8.72,--,38,33136,卖盘
1872,13:20:09,8.72,--,10,8720,卖盘
1873,13:20:06,8.72,-0.01,216,188352,卖盘
1874,13:20:03,8.73,0.01,425,371025,买盘
1875,13:20:00,8.72,--,251,218872,卖盘
1876,13:19:54,8.72,-0.01,42,36624,卖盘
1877,13:19:51,8.73,--,80,69840,买盘
1878,13:19:48,8.73,--,64,55872,买盘
1879,13:19:45,8.73,--,24,20952,买盘
1880,13:19:42,8.73,0.01,51,44523,买盘
1881,13:19:39,8.72,-0.02,138,120336,卖盘
1882,13:19:36,8.74,0.01,5,4370,买盘
1883,13:19:33,8.73,--,87,75951,卖盘
1884,13:19:30,8.73,-0.01,282,246186,卖盘
1885,13:19:27,8.74,0.01,42,36708,买盘
1886,13:19:24,8.73,-0.01,58,50634,卖盘
1887,13:19:21,8.74,0.01,87,76038,买盘
1888,13:19:18,8.73,--,50,43650,卖盘
1889,13:19:15,8.73,-0.01,57,49761,卖盘
1890,13:19:12,8.74,0.01,191,166934,买盘
1891,13:19:09,8.73,--,500,436500,卖盘
1892,13:19:06,8.73,-0.01,98,85554,卖盘
1893,13:19:03,8.74,0.01,432,377568,买盘
1894,13:19:00,8.73,--,46,40158,卖盘
1895,13:18:57,8.73,--,48,41904,卖盘
1896,13:18:54,8.73,-0.01,142,123966,卖盘
1897,13:18:51,8.74,0.01,85,74290,买盘
1898,13:18:48,8.73,--,221,192933,卖盘
1899,13:18:45,8.73,-0.01,72,62856,中性盘
1900,13:18:42,8.74,0.02,56,48944,买盘
1901,13:18:39,8.72,-0.01,73,63656,卖盘
1902,13:18:33,8.73,0.01,85,74205,买盘
1903,13:18:30,8.72,-0.01,47,40984,卖盘
1904,13:18:27,8.73,--,30,26190,买盘
1905,13:18:24,8.73,0.01,366,319518,买盘
1906,13:18:21,8.72,-0.01,231,201955,卖盘
1907,13:18:18,8.73,--,3,2619,卖盘
1908,13:18:15,8.73,--,17,14841,买盘
1909,13:18:12,8.73,0.01,52,45396,买盘
1910,13:18:09,8.72,-0.01,165,143880,卖盘
1911,13:18:06,8.73,--,12,10476,买盘
1912,13:18:03,8.73,0.01,73,63729,买盘
1913,13:18:00,8.72,-0.01,57,49704,卖盘
1914,13:17:57,8.73,0.01,17,14841,买盘
1915,13:17:51,8.72,--,282,246427,买盘
1916,13:17:48,8.72,0.01,532,463904,中性盘
1917,13:17:45,8.71,-0.01,29,25259,卖盘
1918,13:17:42,8.72,--,32,27904,卖盘
1919,13:17:39,8.72,0.01,55,47960,买盘
1920,13:17:36,8.71,-0.01,1520,1323920,卖盘
1921,13:17:33,8.72,--,1,872,买盘
1922,13:17:30,8.72,--,328,286016,买盘
1923,13:17:27,8.72,--,76,66272,买盘
1924,13:17:24,8.72,0.01,155,135160,买盘
1925,13:17:21,8.71,--,60,52260,卖盘
1926,13:17:18,8.71,--,17,14807,卖盘
1927,13:17:15,8.71,-0.01,198,172458,卖盘
1928,13:17:12,8.72,--,6,5232,买盘
1929,13:17:09,8.72,--,8,6976,买盘
1930,13:17:06,8.72,0.01,11,9592,买盘
1931,13:17:03,8.71,-0.01,108,94068,卖盘
1932,13:17:00,8.72,--,33,28776,买盘
1933,13:16:57,8.72,--,230,200560,买盘
1934,13:16:54,8.72,-0.01,120,104640,卖盘
1935,13:16:51,8.73,0.01,32,27936,买盘
1936,13:16:48,8.72,--,124,108128,卖盘
1937,13:16:45,8.72,--,110,95920,卖盘
1938,13:16:42,8.72,--,194,169168,卖盘
1939,13:16:39,8.72,-0.01,30,26160,卖盘
1940,13:16:36,8.73,--,16,13968,买盘
1941,13:16:33,8.73,0.01,163,142299,买盘
1942,13:16:30,8.72,--,78,68016,买盘
1943,13:16:27,8.72,--,1907,1663252,卖盘
1944,13:16:24,8.72,-0.01,32,27904,卖盘
1945,13:16:21,8.73,--,157,137061,买盘
1946,13:16:18,8.73,--,19,16587,买盘
1947,13:16:15,8.73,--,46,40158,买盘
1948,13:16:12,8.73,--,68,59364,买盘
1949,13:16:09,8.73,0.01,215,187695,买盘
1950,13:16:06,8.72,-0.01,19,16568,卖盘
1951,13:16:03,8.73,--,484,422532,买盘
1952,13:16:00,8.73,0.01,180,157140,买盘
1953,13:15:57,8.72,-0.01,47,40984,卖盘
1954,13:15:54,8.73,--,98,85554,买盘
1955,13:15:51,8.73,--,115,100395,买盘
1956,13:15:48,8.73,--,106,92538,卖盘
1957,13:15:42,8.73,0.01,76,66348,中性盘
1958,13:15:39,8.72,-0.01,142,123824,卖盘
1959,13:15:36,8.73,0.01,85,74205,中性盘
1960,13:15:33,8.72,-0.02,92,80224,卖盘
1961,13:15:30,8.74,0.01,14,12760,买盘
1962,13:15:27,8.73,0.01,73,63729,买盘
1963,13:15:24,8.72,-0.01,75,65400,卖盘
1964,13:15:21,8.73,--,76,66348,卖盘
1965,13:15:18,8.73,--,111,96903,买盘
1966,13:15:15,8.73,--,51,44523,买盘
1967,13:15:12,8.73,--,11,9603,买盘
1968,13:15:09,8.73,--,293,255789,买盘
1969,13:15:06,8.73,--,108,94284,买盘
1970,13:15:03,8.73,-0.01,394,343962,卖盘
1971,13:15:00,8.74,0.01,8,6992,买盘
1972,13:14:57,8.73,-0.01,1,873,卖盘
1973,13:14:54,8.74,--,266,232484,买盘
1974,13:14:51,8.74,0.01,613,535762,买盘
1975,13:14:48,8.73,-0.01,35,30555,卖盘
1976,13:14:45,8.74,0.01,76,66424,买盘
1977,13:14:42,8.73,--,35,30555,卖盘
1978,13:14:39,8.73,-0.01,327,285471,卖盘
1979,13:14:36,8.74,0.01,32,27968,买盘
1980,13:14:33,8.73,--,122,106506,卖盘
1981,13:14:30,8.73,--,571,498483,买盘
1982,13:14:27,8.73,--,157,137061,买盘
1983,13:14:24,8.73,--,191,166743,买盘
1984,13:14:21,8.73,--,49,42777,买盘
1985,13:14:18,8.73,0.01,47,41031,买盘
1986,13:14:15,8.72,--,97,84584,卖盘
1987,13:14:12,8.72,-0.01,58,50576,卖盘
1988,13:14:09,8.73,0.01,5,4365,买盘
1989,13:14:06,8.72,-0.01,30,26160,卖盘
1990,13:14:03,8.73,0.01,25,21825,买盘
1991,13:14:00,8.72,--,259,225848,买盘
1992,13:13:57,8.72,0.01,301,262472,买盘
1993,13:13:54,8.71,-0.01,58,50518,卖盘
1994,13:13:51,8.72,0.01,21,18312,买盘
1995,13:13:48,8.71,--,94,81874,卖盘
1996,13:13:45,8.71,--,158,137618,卖盘
1997,13:13:42,8.71,--,928,808288,买盘
1998,13:13:39,8.71,0.01,810,705510,买盘
1999,13:13:36,8.7,--,2926,2545968,买盘
2000,13:13:33,8.7,--,83,72210,买盘
2001,13:13:30,8.7,--,328,285360,买盘
2002,13:13:27,8.7,0.01,89,77430,买盘
2003,13:13:24,8.69,-0.01,676,587444,卖盘
2004,13:13:21,8.7,0.01,125,108749,买盘
2005,13:13:18,8.69,--,173,150337,卖盘
2006,13:13:15,8.69,--,119,103411,卖盘
2007,13:13:12,8.69,-0.01,382,331958,卖盘
2008,13:13:09,8.7,0.01,152,132240,买盘
2009,13:13:06,8.69,--,177,153813,卖盘
2010,13:13:03,8.69,--,95,82555,卖盘
2011,13:13:00,8.69,--,118,102542,卖盘
2012,13:12:57,8.69,--,309,268521,买盘
2013,13:12:54,8.69,--,195,169455,买盘
2014,13:12:51,8.69,--,196,170324,买盘
2015,13:12:48,8.69,--,48,41712,买盘
2016,13:12:45,8.69,--,300,260873,卖盘
2017,13:12:42,8.69,--,960,834240,卖盘
2018,13:12:39,8.69,-0.01,594,516185,卖盘
2019,13:12:36,8.7,--,36,31319,买盘
2020,13:12:33,8.7,--,232,201839,买盘
2021,13:12:30,8.7,-0.01,1381,1201818,卖盘
2022,13:12:27,8.71,0.01,383,333593,买盘
2023,13:12:24,8.7,-0.01,285,247949,卖盘
2024,13:12:21,8.71,--,246,214788,买盘
2025,13:12:18,8.71,0.01,222,193362,买盘
2026,13:12:15,8.7,--,182,158340,卖盘
2027,13:12:12,8.7,--,90,78300,卖盘
2028,13:12:09,8.7,-0.01,358,311460,买盘
2029,13:12:06,8.71,0.01,546,476262,买盘
2030,13:12:03,8.7,--,252,219239,买盘
2031,13:12:00,8.7,--,900,783173,卖盘
2032,13:11:57,8.7,--,77,66990,卖盘
2033,13:11:54,8.7,--,124,107879,卖盘
2034,13:11:51,8.7,-0.01,23,20010,卖盘
2035,13:11:48,8.71,--,242,210782,买盘
2036,13:11:45,8.71,--,194,168974,买盘
2037,13:11:42,8.71,--,72,62712,买盘
2038,13:11:39,8.71,--,78,67938,买盘
2039,13:11:36,8.71,--,398,346658,卖盘
2040,13:11:33,8.71,0.01,67,58357,卖盘
2041,13:11:30,8.7,-0.01,136,118319,卖盘
2042,13:11:27,8.71,--,67,58357,买盘
2043,13:11:24,8.71,0.01,8,6968,买盘
2044,13:11:21,8.7,-0.01,460,400199,卖盘
2045,13:11:18,8.71,--,3050,2656550,买盘
2046,13:11:15,8.71,-0.01,13,11323,卖盘
2047,13:11:12,8.72,0.01,1071,933912,买盘
2048,13:11:09,8.71,-0.01,155,135005,卖盘
2049,13:11:06,8.72,0.01,87,75864,买盘
2050,13:11:03,8.71,-0.01,123,107133,卖盘
2051,13:11:00,8.72,--,72,62784,买盘
2052,13:10:57,8.72,--,25,22497,买盘
2053,13:10:54,8.72,--,104,90688,卖盘
2054,13:10:51,8.72,--,307,267704,卖盘
2055,13:10:48,8.72,--,283,246776,卖盘
2056,13:10:42,8.72,--,99,86328,卖盘
2057,13:10:39,8.72,--,526,458672,卖盘
2058,13:10:36,8.72,0.01,130,113360,中性盘
2059,13:10:33,8.71,--,31,27001,卖盘
2060,13:10:30,8.71,-0.01,366,318786,卖盘
2061,13:10:27,8.72,-0.01,48,41856,卖盘
2062,13:10:24,8.73,0.01,569,496737,买盘
2063,13:10:21,8.72,0.02,22,19184,中性盘
2064,13:10:18,8.7,-0.02,2423,2108010,卖盘
2065,13:10:15,8.72,-0.01,71,61912,卖盘
2066,13:10:12,8.73,--,1357,1184661,买盘
2067,13:10:09,8.73,--,165,144045,买盘
2068,13:10:06,8.73,0.01,54,47142,买盘
2069,13:10:03,8.72,-0.01,52,45344,卖盘
2070,13:10:00,8.73,0.01,24,20952,买盘
2071,13:09:57,8.72,-0.01,47,40984,卖盘
2072,13:09:51,8.73,-0.01,1575,1375332,卖盘
2073,13:09:48,8.74,--,1,874,卖盘
2074,13:09:45,8.74,--,25,21850,卖盘
2075,13:09:42,8.74,-0.01,31,27094,卖盘
2076,13:09:39,8.75,0.01,2042,1786750,买盘
2077,13:09:36,8.74,-0.01,105,92285,卖盘
2078,13:09:33,8.75,0.01,17,14875,买盘
2079,13:09:30,8.74,-0.01,284,248216,卖盘
2080,13:09:27,8.75,0.01,419,366625,买盘
2081,13:09:24,8.74,-0.01,72,62928,卖盘
2082,13:09:21,8.75,0.01,21,18375,买盘
2083,13:09:18,8.74,-0.01,147,129273,卖盘
2084,13:09:15,8.75,--,100,87500,卖盘
2085,13:09:12,8.75,--,83,72625,卖盘
2086,13:09:09,8.75,-0.01,43,37625,卖盘
2087,13:09:06,8.76,--,51,44676,买盘
2088,13:09:03,8.76,--,37,32412,买盘
2089,13:09:00,8.76,0.01,14,12264,买盘
2090,13:08:57,8.75,--,162,141750,卖盘
2091,13:08:54,8.75,--,74,64750,卖盘
2092,13:08:51,8.75,-0.01,23,20125,卖盘
2093,13:08:48,8.76,0.01,27,23652,买盘
2094,13:08:45,8.75,-0.01,26,22750,卖盘
2095,13:08:42,8.76,0.01,152,133152,买盘
2096,13:08:39,8.75,-0.01,23,20125,卖盘
2097,13:08:36,8.76,0.01,58,50808,买盘
2098,13:08:33,8.75,--,466,407750,卖盘
2099,13:08:30,8.75,--,15,13203,买盘
2100,13:08:27,8.75,--,229,200375,买盘
2101,13:08:24,8.75,--,51,44625,买盘
2102,13:08:21,8.75,--,103,90125,买盘
2103,13:08:18,8.75,--,58,50750,买盘
2104,13:08:15,8.75,0.01,68,59500,买盘
2105,13:08:12,8.74,-0.01,112,97888,卖盘
2106,13:08:09,8.75,--,6,5250,买盘
2107,13:08:06,8.75,--,74,64750,买盘
2108,13:08:03,8.75,--,56,49000,买盘
2109,13:08:00,8.75,--,589,515375,卖盘
2110,13:07:57,8.75,--,736,644000,卖盘
2111,13:07:54,8.75,--,237,207375,卖盘
2112,13:07:51,8.75,--,21,18375,卖盘
2113,13:07:48,8.75,--,82,71750,卖盘
2114,13:07:45,8.75,-0.01,56,49000,卖盘
2115,13:07:42,8.76,0.01,142,124392,买盘
2116,13:07:39,8.75,-0.01,97,84875,卖盘
2117,13:07:36,8.76,0.01,64,56064,买盘
2118,13:07:33,8.75,--,662,579250,卖盘
2119,13:07:30,8.75,--,2,1750,卖盘
2120,13:07:27,8.75,-0.01,521,455875,卖盘
2121,13:07:24,8.76,0.01,12,10512,买盘
2122,13:07:21,8.75,--,25,21875,卖盘
2123,13:07:18,8.75,-0.01,50,43750,卖盘
2124,13:07:15,8.76,--,17,14892,买盘
2125,13:07:12,8.76,0.01,172,150672,买盘
2126,13:07:09,8.75,-0.01,11,9625,卖盘
2127,13:07:06,8.76,0.01,97,84972,买盘
2128,13:07:03,8.75,-0.01,210,183750,卖盘
2129,13:07:00,8.76,0.01,6,5256,买盘
2130,13:06:57,8.75,--,151,132125,卖盘
2131,13:06:54,8.75,-0.01,242,211750,卖盘
2132,13:06:51,8.76,--,25,21900,卖盘
2133,13:06:48,8.76,0.01,419,367044,买盘
2134,13:06:45,8.75,--,89,77875,卖盘
2135,13:06:42,8.75,--,266,232750,卖盘
2136,13:06:39,8.75,--,36,31500,卖盘
2137,13:06:36,8.75,-0.01,99,86625,卖盘
2138,13:06:33,8.76,--,51,44676,买盘
2139,13:06:30,8.76,0.01,40,35040,买盘
2140,13:06:27,8.75,--,63,55125,卖盘
2141,13:06:24,8.75,-0.01,30,26250,卖盘
2142,13:06:21,8.76,0.01,74,64824,买盘
2143,13:06:18,8.75,-0.01,575,503125,卖盘
2144,13:06:15,8.76,--,10,8760,买盘
2145,13:06:12,8.76,0.01,1,876,中性盘
2146,13:06:09,8.75,-0.01,42,36750,卖盘
2147,13:06:06,8.76,-0.01,80,70080,卖盘
2148,13:06:03,8.77,0.01,86,75422,买盘
2149,13:06:00,8.76,--,803,703743,卖盘
2150,13:05:57,8.76,--,184,161184,卖盘
2151,13:05:54,8.76,--,126,110376,卖盘
2152,13:05:51,8.76,--,31,27156,卖盘
2153,13:05:48,8.76,--,138,120888,卖盘
2154,13:05:45,8.76,--,64,56064,卖盘
2155,13:05:42,8.76,-0.01,276,241776,卖盘
2156,13:05:39,8.77,0.01,54,47358,买盘
2157,13:05:36,8.76,--,233,204108,卖盘
2158,13:05:33,8.76,--,67,58692,卖盘
2159,13:05:30,8.76,-0.01,400,350400,卖盘
2160,13:05:27,8.77,0.01,54,47358,买盘
2161,13:05:24,8.76,--,12,10512,卖盘
2162,13:05:21,8.76,--,57,49932,卖盘
2163,13:05:18,8.76,--,39,34164,卖盘
2164,13:05:15,8.76,--,87,77000,卖盘
2165,13:05:12,8.76,-0.01,9,7884,卖盘
2166,13:05:09,8.77,--,361,316597,买盘
2167,13:05:06,8.77,0.01,51,44727,买盘
2168,13:05:03,8.76,--,1790,1568040,卖盘
2169,13:05:00,8.76,-0.01,136,119136,卖盘
2170,13:04:57,8.77,0.01,37,32975,买盘
2171,13:04:54,8.76,--,23,20148,卖盘
2172,13:04:51,8.76,--,17,14892,卖盘
2173,13:04:48,8.76,-0.01,4,3504,卖盘
2174,13:04:45,8.77,-0.01,1019,893663,卖盘
2175,13:04:42,8.78,0.01,22,19316,买盘
2176,13:04:39,8.77,--,79,69283,卖盘
2177,13:04:36,8.77,--,177,155229,卖盘
2178,13:04:33,8.77,--,1335,1170795,卖盘
2179,13:04:30,8.77,--,3020,2648540,卖盘
2180,13:04:27,8.77,--,2,1754,卖盘
2181,13:04:21,8.77,--,72,63144,卖盘
2182,13:04:18,8.77,--,1,877,卖盘
2183,13:04:15,8.77,-0.01,62,54374,卖盘
2184,13:04:12,8.78,0.01,1,877,买盘
2185,13:04:09,8.77,-0.01,21,18417,卖盘
2186,13:04:06,8.78,--,60,52679,买盘
2187,13:04:03,8.78,--,16,14047,买盘
2188,13:04:00,8.78,0.01,13,11414,买盘
2189,13:03:57,8.77,--,21,18417,卖盘
2190,13:03:54,8.77,-0.01,51,44727,卖盘
2191,13:03:51,8.78,-0.01,583,511873,卖盘
2192,13:03:48,8.79,0.01,1336,1174344,买盘
2193,13:03:45,8.78,-0.01,3,2634,卖盘
2194,13:03:42,8.79,0.01,5,4395,买盘
2195,13:03:39,8.78,-0.01,10,8780,卖盘
2196,13:03:36,8.79,--,44,38675,卖盘
2197,13:03:33,8.79,--,35,30764,卖盘
2198,13:03:30,8.79,--,2,1757,卖盘
2199,13:03:27,8.79,--,104,91415,卖盘
2200,13:03:24,8.79,--,359,315560,买盘
2201,13:03:18,8.79,--,16,14063,卖盘
2202,13:03:15,8.79,-0.01,45,39554,卖盘
2203,13:03:12,8.8,0.01,3,2640,买盘
2204,13:03:09,8.79,--,130,114269,卖盘
2205,13:03:06,8.79,--,34,29885,卖盘
2206,13:03:03,8.79,-0.01,40,35160,卖盘
2207,13:03:00,8.8,--,8,7040,买盘
2208,13:02:57,8.8,--,10,8800,买盘
2209,13:02:54,8.8,0.01,2,1760,买盘
2210,13:02:51,8.79,--,22,19337,卖盘
2211,13:02:48,8.79,--,71,62408,卖盘
2212,13:02:45,8.79,0.01,203,178964,买盘
2213,13:02:42,8.78,--,15,13169,卖盘
2214,13:02:39,8.78,-0.01,8,7023,卖盘
2215,13:02:36,8.79,--,29,25842,卖盘
2216,13:02:33,8.79,-0.01,50,43949,卖盘
2217,13:02:30,8.8,0.01,80,70400,买盘
2218,13:02:27,8.79,--,52,45707,卖盘
2219,13:02:24,8.79,--,79,69441,卖盘
2220,13:02:21,8.79,--,6,5273,卖盘
2221,13:02:18,8.79,--,76,67331,买盘
2222,13:02:15,8.79,0.01,4,3515,买盘
2223,13:02:12,8.78,-0.01,7,6146,卖盘
2224,13:02:09,8.79,0.01,5,4395,买盘
2225,13:02:06,8.78,--,22,19316,卖盘
2226,13:02:03,8.78,--,87,76386,卖盘
2227,13:02:00,8.78,--,16,14047,卖盘
2228,13:01:57,8.78,--,162,142236,卖盘
2229,13:01:54,8.78,-0.01,2,1755,卖盘
2230,13:01:51,8.79,0.01,200,175799,买盘
2231,13:01:48,8.78,-0.01,12,10536,卖盘
2232,13:01:45,8.79,--,137,120422,买盘
2233,13:01:42,8.79,--,279,245240,买盘
2234,13:01:39,8.79,0.01,62,54497,买盘
2235,13:01:36,8.78,--,36,31607,卖盘
2236,13:01:33,8.78,--,20,17560,卖盘
2237,13:01:30,8.78,--,20,17560,卖盘
2238,13:01:21,8.78,--,25,21950,卖盘
2239,13:01:15,8.78,-0.01,1,877,卖盘
2240,13:01:12,8.79,0.01,23,20216,买盘
2241,13:01:09,8.78,--,50,43900,卖盘
2242,13:01:06,8.78,--,38,33364,卖盘
2243,13:01:03,8.78,--,352,309056,卖盘
2244,13:01:00,8.78,-0.01,21,18438,卖盘
2245,13:00:57,8.79,0.01,1,878,买盘
2246,13:00:48,8.78,-0.01,46,40388,卖盘
2247,13:00:45,8.79,--,20,17580,买盘
2248,13:00:42,8.79,0.01,1,878,买盘
2249,13:00:39,8.78,-0.01,22,19316,卖盘
2250,13:00:36,8.79,--,736,647295,卖盘
2251,13:00:33,8.79,--,55,48344,卖盘
2252,13:00:27,8.79,--,21,18459,卖盘
2253,13:00:24,8.79,-0.01,1539,1352780,卖盘
2254,13:00:21,8.8,0.01,618,543840,买盘
2255,13:00:18,8.79,--,1,878,卖盘
2256,13:00:15,8.79,-0.01,23,20216,卖盘
2257,13:00:12,8.8,0.01,9,7920,买盘
2258,13:00:09,8.79,-0.01,214,188105,卖盘
2259,13:00:06,8.8,0.01,991,872080,买盘
2260,13:00:03,8.79,-0.01,1730,1520669,卖盘
2261,13:00:00,8.8,--,0,0,卖盘
2262,11:30:00,8.8,--,54,47520,卖盘
2263,11:29:57,8.8,--,2,1760,卖盘
2264,11:29:54,8.8,-0.01,72,63360,卖盘
2265,11:29:45,8.81,0.01,35,30835,买盘
2266,11:29:42,8.8,-0.01,25,22000,卖盘
2267,11:29:39,8.81,0.01,30,26430,买盘
2268,11:29:36,8.8,-0.01,35,30800,卖盘
2269,11:29:33,8.81,0.01,28,24668,买盘
2270,11:29:27,8.8,--,9,7920,卖盘
2271,11:29:24,8.8,--,11,9680,卖盘
2272,11:29:21,8.8,-0.01,21,18480,卖盘
2273,11:29:18,8.81,0.01,20,17620,买盘
2274,11:29:15,8.8,-0.01,1,880,卖盘
2275,11:29:12,8.81,0.01,31,27311,买盘
2276,11:29:09,8.8,0.01,877,771760,买盘
2277,11:29:06,8.79,-0.01,35,30764,卖盘
2278,11:29:03,8.8,--,20,17600,买盘
2279,11:29:00,8.8,--,67,58960,买盘
2280,11:28:57,8.8,--,402,353760,买盘
2281,11:28:48,8.8,0.01,29,25520,买盘
2282,11:28:45,8.79,-0.01,1,878,卖盘
2283,11:28:42,8.8,--,18,15840,买盘
2284,11:28:39,8.8,0.01,1,880,买盘
2285,11:28:36,8.79,--,147,129212,卖盘
2286,11:28:33,8.79,-0.01,43,37796,卖盘
2287,11:28:30,8.8,0.01,292,256960,买盘
2288,11:28:27,8.79,-0.01,22,19337,卖盘
2289,11:28:24,8.8,0.01,47,41360,买盘
2290,11:28:15,8.79,--,22,19337,卖盘
2291,11:28:12,8.79,--,65,57134,卖盘
2292,11:28:09,8.79,-0.01,27,23732,卖盘
2293,11:28:06,8.8,0.01,488,429440,买盘
2294,11:28:03,8.79,-0.01,21,18459,卖盘
2295,11:28:00,8.8,0.01,2,1760,买盘
2296,11:27:57,8.79,-0.01,7,6152,卖盘
2297,11:27:54,8.8,--,153,134640,卖盘
2298,11:27:51,8.8,--,8,7040,卖盘
2299,11:27:48,8.8,--,9,7920,卖盘
2300,11:27:45,8.8,0.01,25,22000,买盘
2301,11:27:42,8.79,--,139,122180,卖盘
2302,11:27:36,8.79,-0.01,10,8790,卖盘
2303,11:27:33,8.8,0.01,48,42240,买盘
2304,11:27:30,8.79,-0.01,20,17580,卖盘
2305,11:27:27,8.8,-0.01,99,87120,中性盘
2306,11:27:24,8.81,0.01,97,85457,买盘
2307,11:27:21,8.8,--,40,35200,卖盘
2308,11:27:18,8.8,0.01,250,220000,买盘
2309,11:27:15,8.79,--,3,2636,卖盘
2310,11:27:12,8.79,-0.01,123,108116,卖盘
2311,11:27:09,8.8,--,23,20240,买盘
2312,11:27:06,8.8,0.01,7,6160,买盘
2313,11:27:03,8.79,-0.01,214,188105,卖盘
2314,11:27:00,8.8,0.01,42,36960,买盘
2315,11:26:57,8.79,--,33,29006,卖盘
2316,11:26:51,8.79,--,37,32522,卖盘
2317,11:26:48,8.79,--,25,21974,卖盘
2318,11:26:45,8.79,--,1,878,卖盘
2319,11:26:39,8.79,-0.01,1,878,卖盘
2320,11:26:36,8.8,0.01,40,35200,买盘
2321,11:26:33,8.79,--,258,226781,卖盘
2322,11:26:30,8.79,-0.01,20,17580,卖盘
2323,11:26:27,8.8,--,8,7040,卖盘
2324,11:26:24,8.8,--,98,86240,卖盘
2325,11:26:21,8.8,--,28,24640,卖盘
2326,11:26:18,8.8,--,51,44880,卖盘
2327,11:26:15,8.8,--,1,880,卖盘
2328,11:26:12,8.8,--,217,190960,卖盘
2329,11:26:09,8.8,--,5,4400,卖盘
2330,11:26:06,8.8,--,24,21120,卖盘
2331,11:26:03,8.8,--,21,18480,卖盘
2332,11:26:00,8.8,--,50,44000,卖盘
2333,11:25:54,8.8,--,1,880,卖盘
2334,11:25:51,8.8,-0.01,42,36960,卖盘
2335,11:25:48,8.81,0.01,100,88100,买盘
2336,11:25:45,8.8,-0.01,2,1760,卖盘
2337,11:25:42,8.81,0.01,22,19382,买盘
2338,11:25:39,8.8,-0.01,2,1760,卖盘
2339,11:25:36,8.81,--,1,881,买盘
2340,11:25:30,8.81,0.01,249,219369,买盘
2341,11:25:27,8.8,0.01,290,255200,买盘
2342,11:25:21,8.79,--,43,37796,卖盘
2343,11:25:18,8.79,-0.01,1400,1230599,卖盘
2344,11:25:15,8.8,--,84,73920,卖盘
2345,11:25:12,8.8,--,15,13200,卖盘
2346,11:25:06,8.8,--,42,36960,卖盘
2347,11:25:03,8.8,--,11,9680,卖盘
2348,11:25:00,8.8,--,241,212080,买盘
2349,11:24:57,8.8,--,70,61600,买盘
2350,11:24:54,8.8,0.01,14,12320,买盘
2351,11:24:48,8.79,--,91,79988,卖盘
2352,11:24:45,8.79,-0.01,521,457958,卖盘
2353,11:24:42,8.8,0.01,7,6160,买盘
2354,11:24:39,8.79,-0.01,16,14063,卖盘
2355,11:24:36,8.8,0.01,192,168960,买盘
2356,11:24:33,8.79,-0.01,20,17580,卖盘
2357,11:24:30,8.8,0.01,56,49280,买盘
2358,11:24:27,8.79,--,29,25490,卖盘
2359,11:24:21,8.79,--,21,18459,卖盘
2360,11:24:18,8.79,--,121,106358,卖盘
2361,11:24:15,8.79,--,6,5273,卖盘
2362,11:24:12,8.79,--,121,106886,卖盘
2363,11:24:09,8.79,-0.01,1,878,卖盘
2364,11:24:06,8.8,--,4,3520,买盘
2365,11:24:03,8.8,--,138,121440,卖盘
2366,11:24:00,8.8,-0.01,40,35200,卖盘
2367,11:23:57,8.81,0.01,12,10572,买盘
2368,11:23:54,8.8,--,24,21120,卖盘
2369,11:23:51,8.8,--,1004,883520,卖盘
2370,11:23:48,8.8,--,65,57200,卖盘
2371,11:23:45,8.8,-0.01,41,36080,卖盘
2372,11:23:42,8.81,0.01,275,242275,买盘
2373,11:23:39,8.8,--,38,33440,卖盘
2374,11:23:36,8.8,-0.01,2,1760,卖盘
2375,11:23:30,8.81,0.01,21,18501,买盘
2376,11:23:27,8.8,-0.01,52,45760,卖盘
2377,11:23:24,8.81,0.01,17,14977,买盘
2378,11:23:21,8.8,--,20,17600,卖盘
2379,11:23:15,8.8,-0.01,98,86240,卖盘
2380,11:23:12,8.81,--,826,727706,买盘
2381,11:23:09,8.81,--,58,51098,买盘
2382,11:23:06,8.81,0.01,39,34359,买盘
2383,11:23:03,8.8,--,30,26400,卖盘
2384,11:23:00,8.8,--,2,1760,卖盘
2385,11:22:54,8.8,--,102,89760,卖盘
2386,11:22:51,8.8,-0.01,46,40480,卖盘
2387,11:22:48,8.81,0.01,321,282801,买盘
2388,11:22:45,8.8,-0.01,120,105600,卖盘
2389,11:22:42,8.81,0.01,47,41407,买盘
2390,11:22:36,8.8,--,109,95920,卖盘
2391,11:22:33,8.8,-0.01,21,18480,卖盘
2392,11:22:27,8.81,--,9,7929,买盘
2393,11:22:21,8.81,--,74,65194,买盘
2394,11:22:18,8.81,0.01,2,1762,买盘
2395,11:22:15,8.8,-0.01,2,1760,卖盘
2396,11:22:12,8.81,--,10,8810,买盘
2397,11:22:09,8.81,-0.01,66,58146,卖盘
2398,11:22:06,8.82,0.01,43,37926,买盘
2399,11:22:03,8.81,--,95,83695,卖盘
2400,11:22:00,8.81,--,34,29954,卖盘
2401,11:21:57,8.81,--,256,225536,卖盘
2402,11:21:54,8.81,--,5,4405,卖盘
2403,11:21:48,8.81,--,197,173557,卖盘
2404,11:21:45,8.81,--,60,52860,卖盘
2405,11:21:42,8.81,--,20,17620,卖盘
2406,11:21:39,8.81,--,4,3524,卖盘
2407,11:21:36,8.81,--,22,19382,卖盘
2408,11:21:27,8.81,--,30,26430,卖盘
2409,11:21:24,8.81,--,6,5286,卖盘
2410,11:21:21,8.81,--,20,17620,卖盘
2411,11:21:18,8.81,--,40,35240,卖盘
2412,11:21:15,8.81,-0.01,21,18501,卖盘
2413,11:21:12,8.82,0.01,50,44100,买盘
2414,11:21:06,8.81,--,81,71361,卖盘
2415,11:21:03,8.81,-0.01,38,33478,卖盘
2416,11:21:00,8.82,0.01,26,22932,买盘
2417,11:20:57,8.81,--,22,19382,卖盘
2418,11:20:54,8.81,--,104,91624,卖盘
2419,11:20:48,8.81,--,11,9691,卖盘
2420,11:20:45,8.81,--,7,6167,卖盘
2421,11:20:42,8.81,--,298,262538,卖盘
2422,11:20:39,8.81,-0.01,15,13215,卖盘
2423,11:20:36,8.82,0.01,25,22050,买盘
2424,11:20:33,8.81,--,1,881,卖盘
2425,11:20:30,8.81,--,62,54622,卖盘
2426,11:20:24,8.81,--,3,2643,卖盘
2427,11:20:21,8.81,--,85,74885,卖盘
2428,11:20:18,8.81,--,1,881,卖盘
2429,11:20:15,8.81,--,1,881,卖盘
2430,11:20:09,8.81,-0.01,42,37002,卖盘
2431,11:20:06,8.82,0.01,6,5292,买盘
2432,11:20:03,8.81,--,126,111006,卖盘
2433,11:20:00,8.81,--,500,440500,卖盘
2434,11:19:57,8.81,--,20,17620,卖盘
2435,11:19:51,8.81,--,22,19382,卖盘
2436,11:19:48,8.81,--,29,25549,卖盘
2437,11:19:45,8.81,-0.01,6,5286,卖盘
2438,11:19:42,8.82,0.01,59,52038,买盘
2439,11:19:39,8.81,--,6,5286,卖盘
2440,11:19:36,8.81,--,23,20263,卖盘
2441,11:19:33,8.81,--,1,881,卖盘
2442,11:19:27,8.81,--,22,19382,卖盘
2443,11:19:24,8.81,--,118,103958,卖盘
2444,11:19:18,8.81,--,30,26430,卖盘
2445,11:19:15,8.81,--,21,18501,卖盘
2446,11:19:12,8.81,--,43,37883,卖盘
2447,11:19:06,8.81,--,227,199987,卖盘
2448,11:19:03,8.81,--,184,162104,卖盘
2449,11:19:00,8.81,-0.01,22,19382,卖盘
2450,11:18:57,8.82,0.01,10,8820,买盘
2451,11:18:51,8.81,--,54,47574,卖盘
2452,11:18:48,8.81,--,20,17620,卖盘
2453,11:18:45,8.81,--,26,22906,卖盘
2454,11:18:39,8.81,-0.01,150,132150,卖盘
2455,11:18:36,8.82,0.01,2,1764,买盘
2456,11:18:33,8.81,-0.01,62,54622,卖盘
2457,11:18:30,8.82,0.01,45,39690,买盘
2458,11:18:27,8.81,-0.01,2,1762,卖盘
2459,11:18:24,8.82,0.01,135,119070,买盘
2460,11:18:21,8.81,--,23,20263,卖盘
2461,11:18:18,8.81,--,63,55503,卖盘
2462,11:18:15,8.81,--,397,349757,卖盘
2463,11:18:12,8.81,--,2,1762,卖盘
2464,11:18:09,8.81,-0.01,2,1762,卖盘
2465,11:18:06,8.82,0.01,33,29106,买盘
2466,11:18:03,8.81,--,20,17620,卖盘
2467,11:18:00,8.81,--,5,4405,卖盘
2468,11:17:57,8.81,--,36,31716,卖盘
2469,11:17:48,8.81,-0.01,56,49336,卖盘
2470,11:17:45,8.82,0.01,159,140238,买盘
2471,11:17:42,8.81,--,7,6167,卖盘
2472,11:17:36,8.81,--,17,14977,卖盘
2473,11:17:33,8.81,-0.01,22,19382,卖盘
2474,11:17:27,8.82,0.02,389,343098,买盘
2475,11:17:24,8.8,--,24,21120,卖盘
2476,11:17:18,8.8,--,21,18480,卖盘
2477,11:17:15,8.8,--,3,2640,卖盘
2478,11:17:12,8.8,-0.02,21,18480,卖盘
2479,11:17:06,8.82,0.02,3,2646,买盘
2480,11:17:03,8.8,-0.02,116,102080,卖盘
2481,11:17:00,8.82,0.01,25,22050,买盘
2482,11:16:57,8.81,--,46,40526,卖盘
2483,11:16:54,8.81,--,32,28192,卖盘
2484,11:16:51,8.81,--,19,16739,卖盘
2485,11:16:48,8.81,-0.01,34,29954,卖盘
2486,11:16:45,8.82,--,51,44982,买盘
2487,11:16:42,8.82,0.01,95,83790,买盘
2488,11:16:39,8.81,--,169,148889,卖盘
2489,11:16:36,8.81,-0.01,51,44931,卖盘
2490,11:16:33,8.82,0.01,6,5292,买盘
2491,11:16:30,8.81,--,2,1762,卖盘
2492,11:16:27,8.81,-0.01,21,18501,卖盘
2493,11:16:24,8.82,--,107,94374,买盘
2494,11:16:21,8.82,0.01,30,26460,买盘
2495,11:16:18,8.81,--,22,19382,卖盘
2496,11:16:15,8.81,-0.01,121,106601,卖盘
2497,11:16:09,8.82,--,9,7938,买盘
2498,11:16:06,8.82,0.01,308,271656,买盘
2499,11:16:00,8.81,--,251,221131,卖盘
2500,11:15:57,8.81,--,11,9691,卖盘
2501,11:15:54,8.81,--,23,20263,卖盘
2502,11:15:51,8.81,--,19,16739,卖盘
2503,11:15:48,8.81,--,121,106601,卖盘
2504,11:15:45,8.81,--,242,213202,卖盘
2505,11:15:42,8.81,--,72,63432,卖盘
2506,11:15:39,8.81,-0.01,3,2643,卖盘
2507,11:15:36,8.82,0.01,1,882,买盘
2508,11:15:33,8.81,--,42,37002,卖盘
2509,11:15:30,8.81,--,46,40526,卖盘
2510,11:15:27,8.81,-0.01,12,10572,卖盘
2511,11:15:24,8.82,0.01,69,60858,买盘
2512,11:15:21,8.81,-0.01,36,31716,卖盘
2513,11:15:18,8.82,0.01,32,28224,买盘
2514,11:15:15,8.81,--,291,257155,卖盘
2515,11:15:12,8.81,--,2,1762,卖盘
2516,11:15:09,8.81,--,21,18501,卖盘
2517,11:15:06,8.81,-0.01,3,2643,卖盘
2518,11:15:03,8.82,0.01,102,89964,买盘
2519,11:15:00,8.81,-0.01,19,16739,卖盘
2520,11:14:57,8.82,0.01,132,116424,买盘
2521,11:14:54,8.81,-0.01,236,207916,卖盘
2522,11:14:51,8.82,0.01,10,8820,买盘
2523,11:14:48,8.81,-0.01,43,37883,卖盘
2524,11:14:45,8.82,--,410,361620,买盘
2525,11:14:42,8.82,0.01,56,49392,买盘
2526,11:14:39,8.81,--,12,10572,卖盘
2527,11:14:36,8.81,-0.01,8,7048,卖盘
2528,11:14:30,8.82,--,22,19404,买盘
2529,11:14:27,8.82,--,37,32634,买盘
2530,11:14:24,8.82,0.01,1,882,买盘
2531,11:14:18,8.81,--,26,22906,卖盘
2532,11:14:15,8.81,-0.01,58,51098,卖盘
2533,11:14:09,8.82,--,442,389844,买盘
2534,11:14:06,8.82,0.01,158,139356,买盘
2535,11:14:03,8.81,-0.01,39,34359,卖盘
2536,11:14:00,8.82,0.01,51,44982,买盘
2537,11:13:57,8.81,--,21,18501,卖盘
2538,11:13:54,8.81,-0.01,22,19382,卖盘
2539,11:13:51,8.82,--,13,11466,买盘
2540,11:13:48,8.82,0.01,81,71442,买盘
2541,11:13:45,8.81,-0.01,101,88981,卖盘
2542,11:13:42,8.82,--,200,176400,买盘
2543,11:13:36,8.82,0.01,1,882,买盘
2544,11:13:33,8.81,--,15,13215,卖盘
2545,11:13:30,8.81,--,32,28192,卖盘
2546,11:13:24,8.81,--,20,17620,卖盘
2547,11:13:21,8.81,--,19,16739,卖盘
2548,11:13:18,8.81,--,21,18501,卖盘
2549,11:13:15,8.81,--,61,53741,卖盘
2550,11:13:12,8.81,0.01,27,23787,买盘
2551,11:13:09,8.8,-0.01,19,16720,卖盘
2552,11:13:06,8.81,--,21,18501,买盘
2553,11:13:03,8.81,-0.01,90,79290,卖盘
2554,11:13:00,8.82,0.01,1015,895230,买盘
2555,11:12:57,8.81,--,43,37883,卖盘
2556,11:12:54,8.81,--,1,881,卖盘
2557,11:12:48,8.81,0.01,32,28192,中性盘
2558,11:12:45,8.8,-0.01,22,19360,卖盘
2559,11:12:42,8.81,--,122,107482,买盘
2560,11:12:39,8.81,--,34,29954,买盘
2561,11:12:36,8.81,--,74,65194,买盘
2562,11:12:33,8.81,--,500,440500,买盘
2563,11:12:30,8.81,0.01,50,44050,买盘
2564,11:12:27,8.8,--,1,880,卖盘
2565,11:12:24,8.8,--,101,88880,卖盘
2566,11:12:21,8.8,-0.01,153,134640,卖盘
2567,11:12:18,8.81,0.01,33,29073,买盘
2568,11:12:15,8.8,--,22,19360,卖盘
2569,11:12:12,8.8,-0.01,61,53680,卖盘
2570,11:12:09,8.81,--,20,17620,买盘
2571,11:12:06,8.81,0.01,1,881,买盘
2572,11:12:03,8.8,-0.01,35,30800,卖盘
2573,11:12:00,8.81,--,13,11453,买盘
2574,11:11:57,8.81,--,363,319803,买盘
2575,11:11:54,8.81,--,89,78409,买盘
2576,11:11:51,8.81,0.01,966,851046,买盘
2577,11:11:48,8.8,--,21,18480,卖盘
2578,11:11:45,8.8,-0.01,1,880,卖盘
2579,11:11:42,8.81,0.01,53,46693,买盘
2580,11:11:39,8.8,--,8,7040,卖盘
2581,11:11:36,8.8,-0.01,5,4400,卖盘
2582,11:11:33,8.81,0.01,25,22025,买盘
2583,11:11:30,8.8,--,20,17600,卖盘
2584,11:11:27,8.8,-0.01,63,55440,卖盘
2585,11:11:24,8.81,--,342,301302,买盘
2586,11:11:21,8.81,0.01,10,8810,买盘
2587,11:11:18,8.8,--,94,82720,卖盘
2588,11:11:15,8.8,-0.01,2,1760,卖盘
2589,11:11:12,8.81,0.01,10,8810,买盘
2590,11:11:06,8.8,-0.01,43,37840,卖盘
2591,11:11:03,8.81,--,108,95148,买盘
2592,11:11:00,8.81,0.01,1,881,买盘
2593,11:10:57,8.8,-0.01,24,21120,卖盘
2594,11:10:54,8.81,0.01,20,17620,买盘
2595,11:10:51,8.8,--,18,15840,卖盘
2596,11:10:48,8.8,--,20,17600,卖盘
2597,11:10:45,8.8,-0.01,358,315040,卖盘
2598,11:10:42,8.81,0.01,1,881,买盘
2599,11:10:36,8.8,--,44,38720,卖盘
2600,11:10:30,8.8,0.01,311,273680,买盘
2601,11:10:27,8.79,--,113,99326,卖盘
2602,11:10:24,8.79,-0.01,19,16701,卖盘
2603,11:10:18,8.8,0.01,5,4400,买盘
2604,11:10:15,8.79,-0.01,55,48344,卖盘
2605,11:10:12,8.8,--,88,77440,买盘
2606,11:10:09,8.8,0.01,12,10560,买盘
2607,11:10:06,8.79,--,14,12305,卖盘
2608,11:10:00,8.79,-0.01,69,60650,卖盘
2609,11:09:57,8.8,0.01,16,14080,买盘
2610,11:09:54,8.79,-0.01,1,878,卖盘
2611,11:09:51,8.8,--,35,30800,买盘
2612,11:09:48,8.8,--,76,66880,买盘
2613,11:09:45,8.8,--,11,9680,买盘
2614,11:09:42,8.8,0.01,31,27280,买盘
2615,11:09:39,8.79,-0.01,424,372695,卖盘
2616,11:09:36,8.8,--,24,21120,买盘
2617,11:09:33,8.8,0.01,63,55440,买盘
2618,11:09:30,8.79,--,2,1757,卖盘
2619,11:09:27,8.79,-0.01,71,62408,卖盘
2620,11:09:24,8.8,0.01,337,296560,买盘
2621,11:09:21,8.79,--,18,15821,卖盘
2622,11:09:18,8.79,--,43,37796,卖盘
2623,11:09:15,8.79,-0.01,221,194258,卖盘
2624,11:09:09,8.8,0.01,54,47520,买盘
2625,11:09:06,8.79,-0.01,19,16701,卖盘
2626,11:09:03,8.8,0.01,2,1760,买盘
2627,11:09:00,8.79,--,10,8790,卖盘
2628,11:08:57,8.79,--,34,29885,卖盘
2629,11:08:54,8.79,--,21,18459,卖盘
2630,11:08:51,8.79,0.01,42,36918,买盘
2631,11:08:48,8.78,-0.01,215,188770,卖盘
2632,11:08:45,8.79,0.01,82,72078,买盘
2633,11:08:42,8.78,-0.02,2,1755,卖盘
2634,11:08:39,8.8,0.02,54,47520,买盘
2635,11:08:36,8.78,-0.01,5,4390,卖盘
2636,11:08:33,8.79,--,709,623210,卖盘
2637,11:08:30,8.79,--,8,7031,卖盘
2638,11:08:27,8.79,--,20,17580,卖盘
2639,11:08:24,8.79,--,31,27248,卖盘
2640,11:08:21,8.79,--,99,87020,卖盘
2641,11:08:18,8.79,--,2,1757,卖盘
2642,11:08:15,8.79,--,963,846476,买盘
2643,11:08:12,8.79,0.01,24,21095,买盘
2644,11:08:09,8.78,--,63,55313,卖盘
2645,11:08:06,8.78,--,112,98336,卖盘
2646,11:08:03,8.78,--,50,43900,卖盘
2647,11:08:00,8.78,--,218,191404,卖盘
2648,11:07:57,8.78,--,54,47412,卖盘
2649,11:07:54,8.78,-0.01,1,877,卖盘
2650,11:07:51,8.79,0.01,56,49223,买盘
2651,11:07:48,8.78,--,20,17560,卖盘
2652,11:07:45,8.78,--,1,877,卖盘
2653,11:07:42,8.78,--,37,32485,卖盘
2654,11:07:39,8.78,-0.01,52,45656,卖盘
2655,11:07:36,8.79,--,18,15821,买盘
2656,11:07:33,8.79,0.01,22,19337,买盘
2657,11:07:30,8.78,--,124,108871,卖盘
2658,11:07:27,8.78,-0.01,35,30729,卖盘
2659,11:07:24,8.79,0.01,29,25490,买盘
2660,11:07:21,8.78,-0.01,2,1755,卖盘
2661,11:07:18,8.79,0.01,74,65045,买盘
2662,11:07:15,8.78,-0.01,60,52679,卖盘
2663,11:07:12,8.79,0.01,216,189863,买盘
2664,11:07:06,8.78,-0.01,54,47412,卖盘
2665,11:07:03,8.79,0.01,2,1757,买盘
2666,11:06:57,8.78,--,18,15803,卖盘
2667,11:06:54,8.78,-0.01,36,31607,卖盘
2668,11:06:51,8.79,0.01,115,101084,买盘
2669,11:06:45,8.78,--,15,13169,卖盘
2670,11:06:42,8.78,-0.01,16,14047,卖盘
2671,11:06:39,8.79,--,158,138882,卖盘
2672,11:06:36,8.79,--,24,21095,卖盘
2673,11:06:33,8.79,--,114,100205,卖盘
2674,11:06:30,8.79,--,5,4395,卖盘
2675,11:06:27,8.79,--,5,4395,卖盘
2676,11:06:24,8.79,--,296,260183,卖盘
2677,11:06:21,8.79,--,59,51860,卖盘
2678,11:06:18,8.79,--,16,14063,卖盘
2679,11:06:15,8.79,--,62,54497,卖盘
2680,11:06:12,8.79,--,21,18459,卖盘
2681,11:06:09,8.79,--,26,22853,卖盘
2682,11:06:06,8.79,--,83,72957,卖盘
2683,11:06:03,8.79,--,2,1757,卖盘
2684,11:06:00,8.79,-0.01,53,46586,卖盘
2685,11:05:57,8.8,--,11,9680,买盘
2686,11:05:54,8.8,0.01,1,880,买盘
2687,11:05:51,8.79,--,41,36039,卖盘
2688,11:05:48,8.79,--,57,50102,卖盘
2689,11:05:45,8.79,-0.01,106,93173,卖盘
2690,11:05:42,8.8,0.01,14,12320,买盘
2691,11:05:39,8.79,--,2,1757,卖盘
2692,11:05:36,8.79,-0.01,43,37796,卖盘
2693,11:05:33,8.8,0.01,3,2640,买盘
2694,11:05:30,8.79,--,2,1757,卖盘
2695,11:05:27,8.79,--,40,35160,卖盘
2696,11:05:24,8.79,-0.01,51,44828,卖盘
2697,11:05:21,8.8,0.01,12,10560,买盘
2698,11:05:15,8.79,-0.01,24,21095,卖盘
2699,11:05:12,8.8,--,16,14080,买盘
2700,11:05:09,8.8,--,1,880,买盘
2701,11:05:06,8.8,0.01,1,880,买盘
2702,11:05:03,8.79,--,18,15821,卖盘
2703,11:05:00,8.79,-0.01,50,43949,卖盘
2704,11:04:57,8.8,0.01,1,880,买盘
2705,11:04:54,8.79,--,9,7910,卖盘
2706,11:04:51,8.79,-0.01,38,33402,卖盘
2707,11:04:48,8.8,--,21,18480,买盘
2708,11:04:45,8.8,--,11,9680,买盘
2709,11:04:42,8.8,0.01,38,33440,买盘
2710,11:04:39,8.79,--,312,274248,卖盘
2711,11:04:36,8.79,--,1,878,卖盘
2712,11:04:33,8.79,--,31,27248,卖盘
2713,11:04:30,8.79,--,30,26369,卖盘
2714,11:04:27,8.79,--,1,878,卖盘
2715,11:04:24,8.79,-0.01,366,321713,卖盘
2716,11:04:21,8.8,0.01,15,13200,买盘
2717,11:04:18,8.79,--,20,17580,卖盘
2718,11:04:15,8.79,-0.01,51,44828,卖盘
2719,11:04:12,8.8,0.01,12,10560,买盘
2720,11:04:09,8.79,-0.01,21,18459,卖盘
2721,11:04:06,8.8,--,9,7920,买盘
2722,11:04:03,8.8,--,289,254320,卖盘
2723,11:04:00,8.8,--,9,7920,卖盘
2724,11:03:57,8.8,--,211,185680,卖盘
2725,11:03:54,8.8,--,23,20240,卖盘
2726,11:03:51,8.8,0.01,8,7040,中性盘
2727,11:03:45,8.79,-0.01,21,18459,卖盘
2728,11:03:42,8.8,--,2,1760,卖盘
2729,11:03:36,8.8,--,35,30800,卖盘
2730,11:03:33,8.8,--,5,4400,卖盘
2731,11:03:30,8.8,-0.01,50,44000,卖盘
2732,11:03:27,8.81,0.01,166,146246,买盘
2733,11:03:24,8.8,-0.01,77,67760,卖盘
2734,11:03:21,8.81,0.01,38,33478,买盘
2735,11:03:18,8.8,--,7,6160,卖盘
2736,11:03:15,8.8,--,1,880,卖盘
2737,11:03:12,8.8,--,48,42240,卖盘
2738,11:03:09,8.8,--,55,48400,卖盘
2739,11:03:03,8.8,--,39,34320,卖盘
2740,11:03:00,8.8,-0.01,200,176000,卖盘
2741,11:02:57,8.81,0.01,115,101315,买盘
2742,11:02:54,8.8,--,367,322960,卖盘
2743,11:02:51,8.8,--,21,18480,卖盘
2744,11:02:48,8.8,--,70,61600,卖盘
2745,11:02:45,8.8,--,3,2640,卖盘
2746,11:02:42,8.8,--,64,56320,卖盘
2747,11:02:39,8.8,--,38,33440,卖盘
2748,11:02:36,8.8,-0.01,1,880,卖盘
2749,11:02:33,8.81,0.01,4,3524,买盘
2750,11:02:30,8.8,-0.01,93,81840,卖盘
2751,11:02:27,8.81,--,90,79290,买盘
2752,11:02:21,8.81,0.01,99,87219,买盘
2753,11:02:18,8.8,--,51,44880,卖盘
2754,11:02:15,8.8,--,201,176880,卖盘
2755,11:02:12,8.8,--,58,51040,卖盘
2756,11:02:06,8.8,--,22,19360,卖盘
2757,11:02:03,8.8,--,1,880,卖盘
2758,11:02:00,8.8,--,16,14080,卖盘
2759,11:01:57,8.8,--,21,18480,卖盘
2760,11:01:51,8.8,--,101,88880,卖盘
2761,11:01:48,8.8,--,6,5280,卖盘
2762,11:01:45,8.8,--,49,43120,卖盘
2763,11:01:42,8.8,-0.01,1,880,卖盘
2764,11:01:39,8.81,0.01,22,19382,买盘
2765,11:01:36,8.8,-0.01,2,1760,卖盘
2766,11:01:33,8.81,--,36,31716,买盘
2767,11:01:30,8.81,0.01,1,881,买盘
2768,11:01:27,8.8,--,17,14960,卖盘
2769,11:01:24,8.8,-0.01,42,36960,卖盘
2770,11:01:21,8.81,0.01,9,7929,买盘
2771,11:01:18,8.8,-0.01,86,75680,卖盘
2772,11:01:15,8.81,0.01,88,77528,买盘
2773,11:01:12,8.8,--,23,20240,卖盘
2774,11:01:06,8.8,--,12,10560,卖盘
2775,11:01:03,8.8,--,40,35200,卖盘
2776,11:01:00,8.8,-0.01,118,103840,卖盘
2777,11:00:57,8.81,0.01,132,116292,买盘
2778,11:00:54,8.8,--,22,19360,卖盘
2779,11:00:51,8.8,-0.01,25,22000,卖盘
2780,11:00:48,8.81,0.01,3,2643,买盘
2781,11:00:45,8.8,-0.01,1,880,卖盘
2782,11:00:42,8.81,--,53,46693,买盘
2783,11:00:39,8.81,0.01,99,87219,买盘
2784,11:00:36,8.8,-0.01,61,53680,卖盘
2785,11:00:33,8.81,--,69,60789,买盘
2786,11:00:30,8.81,0.01,9,7929,买盘
2787,11:00:27,8.8,-0.01,27,23760,卖盘
2788,11:00:24,8.81,--,142,125102,买盘
2789,11:00:21,8.81,0.01,1,881,买盘
2790,11:00:18,8.8,--,53,46640,卖盘
2791,11:00:15,8.8,--,15,13200,卖盘
2792,11:00:12,8.8,-0.01,31,27280,卖盘
2793,11:00:09,8.81,0.01,20,17620,买盘
2794,11:00:06,8.8,--,187,164560,卖盘
2795,11:00:03,8.8,-0.01,76,66880,卖盘
2796,11:00:00,8.81,0.01,6,5286,买盘
2797,10:59:57,8.8,--,12,10560,卖盘
2798,10:59:54,8.8,-0.01,64,56320,卖盘
2799,10:59:51,8.81,0.01,2,1762,买盘
2800,10:59:48,8.8,-0.01,30,26400,卖盘
2801,10:59:45,8.81,0.01,66,58146,买盘
2802,10:59:42,8.8,-0.01,21,18480,卖盘
2803,10:59:39,8.81,--,21,18501,买盘
2804,10:59:36,8.81,0.01,54,47574,卖盘
2805,10:59:33,8.8,-0.02,63,55440,卖盘
2806,10:59:30,8.82,0.01,131,115542,买盘
2807,10:59:27,8.81,--,43,37883,卖盘
2808,10:59:24,8.81,--,98,86338,卖盘
2809,10:59:21,8.81,--,118,103958,买盘
2810,10:59:18,8.81,0.01,27,23787,买盘
2811,10:59:15,8.8,--,2,1760,卖盘
2812,10:59:12,8.8,--,13,11440,卖盘
2813,10:59:09,8.8,-0.01,250,220000,卖盘
2814,10:59:03,8.81,--,3,2643,买盘
2815,10:59:00,8.81,-0.01,79,69599,中性盘
2816,10:58:57,8.82,0.02,11,9702,买盘
2817,10:58:51,8.8,--,85,74800,卖盘
2818,10:58:48,8.8,-0.01,130,114400,卖盘
2819,10:58:45,8.81,--,142,125102,卖盘
2820,10:58:42,8.81,-0.01,12,10572,卖盘
2821,10:58:39,8.82,0.01,1,882,买盘
2822,10:58:36,8.81,0.01,97,85457,买盘
2823,10:58:33,8.8,-0.01,18,15840,卖盘
2824,10:58:30,8.81,--,35,30835,买盘
2825,10:58:27,8.81,--,51,44931,买盘
2826,10:58:24,8.81,--,24,21144,买盘
2827,10:58:21,8.81,0.01,3,2643,买盘
2828,10:58:18,8.8,--,23,20240,卖盘
2829,10:58:15,8.8,--,24,21120,卖盘
2830,10:58:12,8.8,-0.01,76,66880,卖盘
2831,10:58:09,8.81,0.01,869,765589,买盘
2832,10:58:06,8.8,--,65,57200,卖盘
2833,10:58:03,8.8,-0.01,51,44880,卖盘
2834,10:58:00,8.81,0.01,12,10572,买盘
2835,10:57:57,8.8,--,15,13200,卖盘
2836,10:57:54,8.8,-0.01,23,20240,卖盘
2837,10:57:51,8.81,0.01,54,47574,买盘
2838,10:57:48,8.8,--,176,154880,卖盘
2839,10:57:45,8.8,--,28,24640,卖盘
2840,10:57:42,8.8,-0.01,186,163680,卖盘
2841,10:57:39,8.81,--,1,881,买盘
