,time,price,change,volume,amount,type
0,15:00:03,8.8,--,5880,5174400,买盘
1,14:57:00,8.8,--,7,6160,买盘
2,14:56:57,8.8,-0.01,344,302720,卖盘
3,14:56:54,8.81,--,101,88981,买盘
4,14:56:51,8.81,--,419,369139,买盘
5,14:56:48,8.81,0.01,552,486312,买盘
6,14:56:45,8.8,--,165,145200,卖盘
7,14:56:42,8.8,-0.01,87,76560,卖盘
8,14:56:39,8.81,0.01,44,38764,买盘
9,14:56:36,8.8,-0.01,159,139920,卖盘
10,14:56:33,8.81,0.01,95,83695,买盘
11,14:56:30,8.8,--,86,75680,卖盘
12,14:56:27,8.8,--,289,254320,卖盘
13,14:56:24,8.8,--,266,234080,卖盘
14,14:56:21,8.8,--,187,164560,卖盘
15,14:56:18,8.8,--,51,44880,卖盘
16,14:56:15,8.8,--,199,175120,卖盘
17,14:56:12,8.8,--,158,139040,卖盘
18,14:56:09,8.8,--,39,34320,买盘
19,14:56:06,8.8,--,858,755040,卖盘
20,14:56:03,8.8,--,247,217360,卖盘
21,14:56:00,8.8,--,276,242880,卖盘
22,14:55:57,8.8,--,115,101200,卖盘
23,14:55:54,8.8,-0.01,532,468160,卖盘
24,14:55:51,8.81,0.01,92,81052,买盘
25,14:55:48,8.8,-0.01,7,6160,卖盘
26,14:55:45,8.81,0.02,263,231703,买盘
27,14:55:42,8.79,-0.01,153,134487,卖盘
28,14:55:39,8.8,--,347,305360,买盘
29,14:55:36,8.8,--,551,484880,买盘
30,14:55:33,8.8,--,48,42240,买盘
31,14:55:30,8.8,--,21,18480,买盘
32,14:55:27,8.8,--,363,319440,卖盘
33,14:55:24,8.8,-0.01,47,41360,卖盘
34,14:55:21,8.81,0.01,1008,888048,买盘
35,14:55:18,8.8,--,117,102960,买盘
36,14:55:15,8.8,--,586,515680,买盘
37,14:55:12,8.8,0.01,117,102960,买盘
38,14:55:09,8.79,-0.01,1136,998543,卖盘
39,14:55:06,8.8,--,42,36960,买盘
40,14:55:03,8.8,--,125,110000,买盘
41,14:55:00,8.8,--,2,1760,买盘
42,14:54:57,8.8,0.01,1109,975920,买盘
43,14:54:54,8.79,-0.01,11,9668,卖盘
44,14:54:51,8.8,0.01,363,319616,买盘
45,14:54:48,8.79,--,53,46586,卖盘
46,14:54:45,8.79,--,34,29885,卖盘
47,14:54:42,8.79,--,89,78230,卖盘
48,14:54:39,8.79,0.01,3063,2692728,买盘
49,14:54:36,8.78,--,70,61459,卖盘
50,14:54:33,8.78,-0.01,310,272180,卖盘
51,14:54:30,8.79,0.01,165,145035,买盘
52,14:54:27,8.78,-0.01,17,14925,卖盘
53,14:54:24,8.79,--,1875,1648124,买盘
54,14:54:21,8.79,--,14,12305,买盘
55,14:54:18,8.79,0.01,192,168767,买盘
56,14:54:15,8.78,-0.01,182,159796,卖盘
57,14:54:12,8.79,0.01,77,67683,买盘
58,14:54:09,8.78,-0.01,5,4390,卖盘
59,14:54:06,8.79,--,355,312044,买盘
60,14:54:03,8.79,--,83,72957,买盘
61,14:54:00,8.79,0.01,38,33402,买盘
62,14:53:57,8.78,-0.01,119,104481,卖盘
63,14:53:54,8.79,0.01,66,58013,买盘
64,14:53:51,8.78,--,354,310855,买盘
65,14:53:48,8.78,0.01,130,114139,买盘
66,14:53:45,8.77,-0.01,68,59636,卖盘
67,14:53:42,8.78,--,53,46534,买盘
68,14:53:39,8.78,--,32,28095,买盘
69,14:53:36,8.78,-0.01,109,96536,卖盘
70,14:53:33,8.79,0.01,85,74715,买盘
71,14:53:30,8.78,--,94,82575,买盘
72,14:53:27,8.78,--,220,193994,卖盘
73,14:53:24,8.78,-0.01,427,374906,卖盘
74,14:53:21,8.79,--,113,99326,买盘
75,14:53:18,8.79,0.01,199,174920,买盘
76,14:53:15,8.78,-0.01,3405,2989590,卖盘
77,14:53:12,8.79,0.01,16,14063,买盘
78,14:53:09,8.78,--,126,110627,卖盘
79,14:53:06,8.78,--,107,93946,卖盘
80,14:53:03,8.78,-0.01,337,295886,卖盘
81,14:53:00,8.79,--,193,169646,买盘
82,14:52:57,8.79,0.01,137,120422,买盘
83,14:52:54,8.78,-0.01,9,7901,卖盘
84,14:52:51,8.79,--,57,50102,买盘
85,14:52:48,8.79,--,227,199532,买盘
86,14:52:45,8.79,--,169,148551,买盘
87,14:52:42,8.79,--,97,85262,买盘
88,14:52:39,8.79,-0.01,605,532322,卖盘
89,14:52:36,8.8,--,15,13200,买盘
90,14:52:33,8.8,--,2715,2389200,买盘
91,14:52:30,8.8,--,424,373120,买盘
92,14:52:27,8.8,--,88,77440,买盘
93,14:52:24,8.8,--,23,20240,买盘
94,14:52:21,8.8,--,159,139920,买盘
95,14:52:18,8.8,--,260,228984,卖盘
96,14:52:15,8.8,0.01,275,242695,买盘
97,14:52:12,8.79,-0.01,311,273369,卖盘
98,14:52:09,8.8,--,1508,1327224,卖盘
99,14:52:06,8.8,-0.01,20,17600,卖盘
100,14:52:03,8.81,0.01,42,37002,买盘
101,14:52:00,8.8,--,140,123200,卖盘
102,14:51:57,8.8,--,210,184800,卖盘
103,14:51:54,8.8,--,1178,1037335,买盘
104,14:51:51,8.8,--,190,167200,买盘
105,14:51:48,8.8,0.01,90,79200,买盘
106,14:51:45,8.79,-0.01,25,22686,卖盘
107,14:51:42,8.8,--,209,183920,买盘
108,14:51:39,8.8,--,211,185680,买盘
109,14:51:36,8.8,--,252,221760,买盘
110,14:51:33,8.8,--,57,50160,买盘
111,14:51:30,8.8,--,91,80080,买盘
112,14:51:27,8.8,--,162,142560,买盘
113,14:51:24,8.8,--,38,33440,买盘
114,14:51:21,8.8,--,37,32560,买盘
115,14:51:18,8.8,0.01,38,33440,买盘
116,14:51:15,8.79,-0.01,156,137124,卖盘
117,14:51:12,8.8,--,80,70400,买盘
118,14:51:09,8.8,0.01,63,55440,买盘
119,14:51:06,8.79,-0.01,27,23732,卖盘
120,14:51:03,8.8,0.01,160,140800,买盘
121,14:51:00,8.79,--,85,74715,卖盘
122,14:50:57,8.79,--,81,71199,卖盘
123,14:50:54,8.79,-0.01,156,137124,卖盘
124,14:50:51,8.8,--,163,143440,买盘
125,14:50:48,8.8,0.01,1001,880880,买盘
126,14:50:45,8.79,-0.01,1249,1097871,卖盘
127,14:50:42,8.8,--,85,74800,买盘
128,14:50:39,8.8,--,166,146080,买盘
129,14:50:36,8.8,--,2,1760,买盘
130,14:50:33,8.8,--,754,663687,买盘
131,14:50:30,8.8,0.01,109,95920,买盘
132,14:50:27,8.79,-0.01,1614,1418705,卖盘
133,14:50:24,8.8,--,11,9680,买盘
134,14:50:21,8.8,--,98,86240,买盘
135,14:50:18,8.8,--,116,102080,买盘
136,14:50:15,8.8,--,471,415184,买盘
137,14:50:12,8.8,--,1370,1205600,买盘
138,14:50:09,8.8,0.01,5,4400,买盘
139,14:50:06,8.79,-0.01,194,170525,卖盘
140,14:50:03,8.8,--,21,18480,买盘
141,14:50:00,8.8,0.01,203,178640,买盘
142,14:49:57,8.79,-0.01,88,77351,卖盘
143,14:49:54,8.8,--,126,110880,买盘
144,14:49:51,8.8,0.01,430,378400,买盘
145,14:49:48,8.79,--,37,32522,卖盘
146,14:49:45,8.79,--,33,29006,卖盘
147,14:49:42,8.79,-0.01,233,205510,卖盘
148,14:49:39,8.8,0.01,12,10560,买盘
149,14:49:36,8.79,--,66,58013,卖盘
150,14:49:33,8.79,--,18,15821,卖盘
151,14:49:30,8.79,--,367,323296,买盘
152,14:49:27,8.79,--,244,214475,买盘
153,14:49:24,8.79,0.01,118,103721,买盘
154,14:49:21,8.78,-0.01,83,72874,卖盘
155,14:49:18,8.79,--,77,67683,买盘
156,14:49:15,8.79,0.01,8,7031,买盘
157,14:49:12,8.78,-0.01,120,105359,卖盘
158,14:49:09,8.79,--,5,4395,买盘
159,14:49:06,8.79,--,2384,2095711,卖盘
160,14:49:03,8.79,--,35,30764,卖盘
161,14:49:00,8.79,0.01,495,435808,买盘
162,14:48:57,8.78,-0.01,56,49168,卖盘
163,14:48:54,8.79,0.01,1004,882515,买盘
164,14:48:51,8.78,-0.01,66,57947,卖盘
165,14:48:48,8.79,--,1015,892184,买盘
166,14:48:45,8.79,--,125,109874,买盘
167,14:48:42,8.79,--,5,4395,买盘
168,14:48:39,8.79,--,47,41312,买盘
169,14:48:36,8.79,0.01,14,12305,买盘
170,14:48:33,8.78,--,169,148382,卖盘
171,14:48:30,8.78,-0.01,101,88678,卖盘
172,14:48:27,8.79,--,106,93173,卖盘
173,14:48:24,8.79,--,118,103721,卖盘
174,14:48:21,8.79,--,1763,1549676,买盘
175,14:48:18,8.79,--,137,120422,买盘
176,14:48:15,8.79,--,43,37796,买盘
177,14:48:12,8.79,--,19,16701,买盘
178,14:48:09,8.79,--,26,22853,买盘
179,14:48:06,8.79,0.01,27,23732,买盘
180,14:48:03,8.78,--,342,300276,卖盘
181,14:48:00,8.78,-0.01,334,293252,卖盘
182,14:47:57,8.79,--,164,144156,买盘
183,14:47:54,8.79,--,147,129212,卖盘
184,14:47:51,8.79,--,52,45707,卖盘
185,14:47:48,8.79,--,444,390275,卖盘
186,14:47:45,8.79,0.01,2062,1812497,买盘
187,14:47:42,8.78,-0.01,91,79898,卖盘
188,14:47:39,8.79,0.01,9,7910,买盘
189,14:47:36,8.78,--,118,103603,卖盘
190,14:47:33,8.78,-0.01,121,106237,卖盘
191,14:47:30,8.79,0.01,44,38675,买盘
192,14:47:27,8.78,--,39,34242,卖盘
193,14:47:24,8.78,--,288,252863,卖盘
194,14:47:21,8.78,-0.01,2703,2373234,卖盘
195,14:47:18,8.79,--,4,3515,买盘
196,14:47:15,8.79,0.01,96,84383,买盘
197,14:47:12,8.78,--,10,8780,卖盘
198,14:47:09,8.78,--,10,8780,卖盘
199,14:47:06,8.78,-0.01,16,14047,卖盘
200,14:47:03,8.79,0.01,42,36918,买盘
201,14:46:57,8.78,--,243,213353,卖盘
202,14:46:54,8.78,-0.01,14,12292,卖盘
203,14:46:51,8.79,--,477,419282,买盘
204,14:46:48,8.79,--,149,130970,买盘
205,14:46:45,8.79,0.01,16,14063,买盘
206,14:46:42,8.78,--,16,14047,卖盘
207,14:46:39,8.78,--,12,10536,卖盘
208,14:46:36,8.78,-0.01,19,16682,卖盘
209,14:46:33,8.79,0.01,554,486965,买盘
210,14:46:30,8.78,-0.01,48,42144,卖盘
211,14:46:27,8.79,0.01,31,27248,买盘
212,14:46:24,8.78,-0.01,561,492557,卖盘
213,14:46:21,8.79,0.01,202,177557,买盘
214,14:46:18,8.78,-0.01,39,34242,卖盘
215,14:46:15,8.79,0.01,76,66804,买盘
216,14:46:12,8.78,-0.01,412,361736,卖盘
217,14:46:09,8.79,--,8,7031,买盘
218,14:46:06,8.79,--,7,6152,买盘
219,14:46:03,8.79,--,40,35160,买盘
220,14:46:00,8.79,0.01,13,11426,买盘
221,14:45:54,8.78,--,15,13169,卖盘
222,14:45:51,8.78,--,3,2634,卖盘
223,14:45:48,8.78,-0.01,51,44778,卖盘
224,14:45:45,8.79,0.01,2,1757,买盘
225,14:45:42,8.78,--,33,28973,卖盘
226,14:45:39,8.78,-0.01,19,16682,卖盘
227,14:45:36,8.79,0.01,7,6152,买盘
228,14:45:33,8.78,--,3,2634,卖盘
229,14:45:30,8.78,-0.01,154,135212,卖盘
230,14:45:27,8.79,0.01,13,11426,买盘
231,14:45:24,8.78,0.01,101,88721,买盘
232,14:45:21,8.77,-0.01,51,44727,卖盘
233,14:45:18,8.78,--,24,21072,买盘
234,14:45:15,8.78,--,5,4390,买盘
235,14:45:12,8.78,--,127,112340,卖盘
236,14:45:09,8.78,--,111,97458,卖盘
237,14:45:06,8.78,--,294,258131,卖盘
238,14:45:03,8.78,-0.01,109,95702,卖盘
239,14:45:00,8.79,0.01,56,49223,买盘
240,14:44:57,8.78,--,177,155406,卖盘
241,14:44:54,8.78,--,82,71996,卖盘
242,14:44:51,8.78,-0.01,110,96580,卖盘
243,14:44:48,8.79,0.01,17,14942,买盘
244,14:44:45,8.78,--,70,61459,卖盘
245,14:44:39,8.78,-0.01,16,14047,卖盘
246,14:44:36,8.79,0.01,12,10547,买盘
247,14:44:33,8.78,--,1234,1083452,卖盘
248,14:44:30,8.78,--,458,402123,卖盘
249,14:44:27,8.78,-0.01,21,18438,卖盘
250,14:44:24,8.79,0.01,45,39554,买盘
251,14:44:21,8.78,--,48,42144,卖盘
252,14:44:18,8.78,--,121,106237,卖盘
253,14:44:15,8.78,--,86,75859,卖盘
254,14:44:12,8.78,--,6,5268,卖盘
255,14:44:09,8.78,--,428,375784,卖盘
256,14:44:06,8.78,-0.01,201,176478,卖盘
257,14:44:03,8.79,0.01,730,641669,买盘
258,14:44:00,8.78,--,36,31607,卖盘
259,14:43:57,8.78,--,41,35998,卖盘
260,14:43:54,8.78,-0.01,4,3511,卖盘
261,14:43:51,8.79,0.01,29,25490,买盘
262,14:43:48,8.78,--,658,577724,卖盘
263,14:43:45,8.78,--,145,127309,卖盘
264,14:43:42,8.78,--,23,20194,卖盘
265,14:43:39,8.78,-0.01,5,4390,卖盘
266,14:43:36,8.79,--,213,187226,买盘
267,14:43:33,8.79,--,62,54497,买盘
268,14:43:30,8.79,--,32,28127,买盘
269,14:43:27,8.79,0.01,23,20216,买盘
270,14:43:24,8.78,--,37,32485,卖盘
271,14:43:21,8.78,-0.01,16,14047,卖盘
272,14:43:18,8.79,0.01,66,58013,买盘
273,14:43:15,8.78,--,32,28095,卖盘
274,14:43:12,8.78,--,15,13169,卖盘
275,14:43:09,8.78,-0.01,65,57069,卖盘
276,14:43:06,8.79,0.01,68,59771,买盘
277,14:43:03,8.78,-0.01,62,54435,卖盘
278,14:43:00,8.79,--,30,26369,买盘
279,14:42:57,8.79,0.01,7,6152,买盘
280,14:42:54,8.78,--,5,4390,卖盘
281,14:42:51,8.78,-0.01,44,38632,卖盘
282,14:42:48,8.79,--,161,141519,买盘
283,14:42:45,8.79,0.01,180,158219,买盘
284,14:42:42,8.78,--,48,42144,卖盘
285,14:42:39,8.78,-0.01,22,19316,卖盘
286,14:42:33,8.79,--,451,396428,买盘
287,14:42:30,8.79,--,78,68562,买盘
288,14:42:27,8.79,--,312,274248,买盘
289,14:42:21,8.79,--,167,146793,买盘
290,14:42:18,8.79,0.01,1,878,买盘
291,14:42:15,8.78,-0.01,52,45656,卖盘
292,14:42:12,8.79,0.01,21,18459,买盘
293,14:42:09,8.78,--,3,2634,卖盘
294,14:42:06,8.78,--,24,21072,卖盘
295,14:42:03,8.78,-0.01,166,145748,卖盘
296,14:42:00,8.79,0.01,81,71533,买盘
297,14:41:57,8.78,-0.01,74,64971,卖盘
298,14:41:54,8.79,0.01,207,181952,买盘
299,14:41:51,8.78,-0.01,123,107993,卖盘
300,14:41:48,8.79,--,84,73836,买盘
301,14:41:45,8.79,--,128,112511,买盘
302,14:41:42,8.79,--,131,115148,买盘
303,14:41:39,8.79,--,3,2636,买盘
304,14:41:36,8.79,--,38,33402,买盘
305,14:41:33,8.79,0.01,24,21095,买盘
306,14:41:30,8.78,--,1244,1092232,卖盘
307,14:41:27,8.78,-0.01,68,59703,卖盘
308,14:41:24,8.79,--,62,54497,买盘
309,14:41:21,8.79,0.01,169,148551,买盘
310,14:41:18,8.78,-0.01,7,6146,卖盘
311,14:41:15,8.79,--,15,13184,买盘
312,14:41:12,8.79,0.01,21,18459,买盘
313,14:41:09,8.78,-0.01,53,46534,卖盘
314,14:41:06,8.79,-0.01,57,50102,卖盘
315,14:41:03,8.8,--,389,342320,买盘
316,14:41:00,8.8,0.01,24,21120,买盘
317,14:40:57,8.79,--,98,86141,卖盘
318,14:40:54,8.79,--,28,24611,卖盘
319,14:40:51,8.79,--,206,181073,卖盘
320,14:40:48,8.79,-0.01,145,127454,卖盘
321,14:40:45,8.8,0.01,171,150480,买盘
322,14:40:42,8.79,-0.01,11,9668,卖盘
323,14:40:39,8.8,0.01,69,60720,买盘
324,14:40:36,8.79,--,193,169646,买盘
325,14:40:33,8.79,--,479,421040,买盘
326,14:40:30,8.79,--,82,72078,买盘
327,14:40:27,8.79,--,658,578382,卖盘
328,14:40:24,8.79,-0.01,51,44828,卖盘
329,14:40:21,8.8,--,441,388080,买盘
330,14:40:18,8.8,--,224,197120,买盘
331,14:40:15,8.8,--,190,167200,买盘
332,14:40:12,8.8,--,22,19360,买盘
333,14:40:09,8.8,--,198,174240,买盘
334,14:40:06,8.8,--,350,308000,买盘
335,14:40:03,8.8,--,353,310640,卖盘
336,14:40:00,8.8,-0.01,188,165440,卖盘
337,14:39:57,8.81,0.01,539,474859,买盘
338,14:39:54,8.8,--,190,167200,卖盘
339,14:39:51,8.8,--,125,110000,卖盘
340,14:39:48,8.8,--,59,52272,买盘
341,14:39:45,8.8,--,106,93808,卖盘
342,14:39:42,8.8,--,1013,891792,买盘
343,14:39:39,8.8,--,55,48400,买盘
344,14:39:36,8.8,0.01,535,470800,买盘
345,14:39:33,8.79,-0.01,1264,1111056,卖盘
346,14:39:30,8.8,0.01,45,39600,买盘
347,14:39:27,8.79,-0.01,1300,1142700,卖盘
348,14:39:24,8.8,--,94,82720,买盘
349,14:39:21,8.8,--,38,33440,买盘
350,14:39:18,8.8,--,5039,4434320,买盘
351,14:39:15,8.8,0.01,21,18480,买盘
352,14:39:12,8.79,--,23,20216,卖盘
353,14:39:09,8.79,-0.01,88,77351,卖盘
354,14:39:06,8.8,--,1,880,买盘
355,14:39:03,8.8,--,338,297440,买盘
356,14:39:00,8.8,0.01,3,2640,买盘
357,14:38:57,8.79,0.01,198,174041,卖盘
358,14:38:54,8.78,-0.01,106,93068,卖盘
359,14:38:51,8.79,0.01,10,9027,买盘
360,14:38:48,8.78,-0.01,116,102488,卖盘
361,14:38:45,8.79,--,2080,1828557,买盘
362,14:38:42,8.79,--,250,219749,买盘
363,14:38:39,8.79,--,324,284796,买盘
364,14:38:36,8.79,0.01,96,84383,买盘
365,14:38:33,8.78,-0.01,529,464461,卖盘
366,14:38:30,8.79,--,23,20216,买盘
367,14:38:27,8.79,0.01,127,111632,买盘
368,14:38:24,8.78,-0.01,114,100091,卖盘
369,14:38:21,8.79,--,11,9668,买盘
370,14:38:18,8.79,--,180,158219,买盘
371,14:38:15,8.79,--,23,20216,买盘
372,14:38:09,8.79,--,3,2636,买盘
373,14:38:06,8.79,0.01,167,146793,买盘
374,14:38:03,8.78,--,17,14925,卖盘
375,14:38:00,8.78,--,55,48290,卖盘
376,14:37:57,8.78,--,34,29851,卖盘
377,14:37:54,8.78,--,122,107115,卖盘
378,14:37:48,8.78,--,8,7023,卖盘
379,14:37:45,8.78,--,109,95702,卖盘
380,14:37:42,8.78,--,87,76386,买盘
381,14:37:39,8.78,--,175,153650,卖盘
382,14:37:36,8.78,0.01,69,60581,买盘
383,14:37:33,8.77,--,12,10524,卖盘
384,14:37:30,8.77,-0.01,16,14032,卖盘
385,14:37:27,8.78,0.01,63,55313,买盘
386,14:37:24,8.77,-0.01,187,163999,卖盘
387,14:37:21,8.78,--,55,48290,买盘
388,14:37:18,8.78,--,5,4390,买盘
389,14:37:15,8.78,--,51,44778,买盘
390,14:37:12,8.78,0.01,87,76386,买盘
391,14:37:09,8.77,--,6,5262,卖盘
392,14:37:06,8.77,-0.01,10,8770,卖盘
393,14:37:03,8.78,--,62,54435,卖盘
394,14:37:00,8.78,-0.01,55,48290,卖盘
395,14:36:57,8.79,0.01,22,19337,买盘
396,14:36:54,8.78,0.01,30,26339,卖盘
397,14:36:51,8.77,-0.02,3,2631,卖盘
398,14:36:48,8.79,0.01,213,187226,买盘
399,14:36:45,8.78,--,23,20194,买盘
400,14:36:42,8.78,0.01,42,36876,买盘
401,14:36:39,8.77,-0.01,46,40342,卖盘
402,14:36:36,8.78,--,13,11414,买盘
403,14:36:33,8.78,--,55,48290,买盘
404,14:36:30,8.78,0.01,474,416171,买盘
405,14:36:27,8.77,--,42,36834,卖盘
406,14:36:24,8.77,--,298,261346,卖盘
407,14:36:21,8.77,-0.01,3,2631,卖盘
408,14:36:18,8.78,0.01,143,125553,买盘
409,14:36:15,8.77,-0.01,13,11401,卖盘
410,14:36:12,8.78,0.01,39,34242,买盘
411,14:36:09,8.77,--,6,5262,卖盘
412,14:36:06,8.77,-0.01,4,3508,卖盘
413,14:36:03,8.78,0.01,992,870975,买盘
414,14:36:00,8.77,-0.01,30,26310,卖盘
415,14:35:57,8.78,--,3,2634,买盘
416,14:35:54,8.78,--,32,28095,买盘
417,14:35:48,8.78,--,2,1755,买盘
418,14:35:45,8.78,0.01,16,14047,买盘
419,14:35:42,8.77,--,13,11401,卖盘
420,14:35:39,8.77,--,36,31572,卖盘
421,14:35:36,8.77,--,5,4385,卖盘
422,14:35:33,8.77,-0.01,3,2631,卖盘
423,14:35:30,8.78,--,44,38632,买盘
424,14:35:27,8.78,0.01,40,35120,中性盘
425,14:35:24,8.77,--,232,203464,卖盘
426,14:35:21,8.77,-0.01,51,44727,卖盘
427,14:35:18,8.78,--,31,27217,买盘
428,14:35:15,8.78,--,366,321348,卖盘
429,14:35:09,8.78,-0.01,525,460949,卖盘
430,14:35:06,8.79,--,102,89657,买盘
431,14:35:03,8.79,0.01,64,56255,买盘
432,14:35:00,8.78,-0.01,1255,1101890,卖盘
433,14:34:57,8.79,--,107,94052,买盘
434,14:34:54,8.79,--,57,50102,买盘
435,14:34:51,8.79,--,71,62408,买盘
436,14:34:48,8.79,--,269,236450,买盘
437,14:34:45,8.79,--,152,133608,买盘
438,14:34:42,8.79,--,36,31643,买盘
439,14:34:39,8.79,--,296,260183,买盘
440,14:34:36,8.79,--,32,28127,买盘
441,14:34:33,8.79,0.01,211,185468,买盘
442,14:34:30,8.78,-0.01,217,190526,卖盘
443,14:34:27,8.79,--,84,73836,买盘
444,14:34:24,8.79,--,1065,936134,买盘
445,14:34:21,8.79,0.01,70,61529,买盘
446,14:34:18,8.78,--,1066,935947,卖盘
447,14:34:15,8.78,-0.01,13,11414,卖盘
448,14:34:12,8.79,0.01,111,97568,买盘
449,14:34:09,8.78,-0.01,82,71996,卖盘
450,14:34:06,8.79,0.01,204,179315,买盘
451,14:34:03,8.78,-0.01,139,122041,卖盘
452,14:34:00,8.79,--,3,2636,买盘
453,14:33:57,8.79,0.01,306,268974,买盘
454,14:33:54,8.78,-0.01,119,104481,卖盘
455,14:33:51,8.79,--,1,878,买盘
456,14:33:48,8.79,--,46,40433,买盘
457,14:33:45,8.79,0.01,128,112511,买盘
458,14:33:42,8.78,-0.01,39,34242,卖盘
459,14:33:39,8.79,--,46,40433,买盘
460,14:33:36,8.79,0.01,10,8790,买盘
461,14:33:33,8.78,-0.01,25,21950,卖盘
462,14:33:30,8.79,0.01,39,34281,买盘
463,14:33:27,8.78,--,25,21950,卖盘
464,14:33:24,8.78,--,39,34242,卖盘
465,14:33:21,8.78,--,104,91312,卖盘
466,14:33:18,8.78,-0.01,489,429341,卖盘
467,14:33:15,8.79,0.01,59,51860,买盘
468,14:33:12,8.78,-0.01,4,3511,卖盘
469,14:33:09,8.79,0.01,63,55376,买盘
470,14:33:06,8.78,-0.01,21,18438,卖盘
471,14:33:03,8.79,--,27,23732,买盘
472,14:33:00,8.79,--,27,23732,买盘
473,14:32:57,8.79,0.01,38,33402,买盘
474,14:32:54,8.78,--,7,6146,卖盘
475,14:32:51,8.78,-0.01,61,53557,卖盘
476,14:32:48,8.79,0.01,16,14063,买盘
477,14:32:45,8.78,-0.01,110,96580,卖盘
478,14:32:39,8.79,0.01,264,232055,买盘
479,14:32:36,8.78,--,39,34242,卖盘
480,14:32:33,8.78,--,15,13169,卖盘
481,14:32:30,8.78,-0.01,27,23706,卖盘
482,14:32:27,8.79,0.01,49,43070,买盘
483,14:32:24,8.78,--,98,86044,卖盘
484,14:32:21,8.78,-0.01,76,66728,卖盘
485,14:32:18,8.79,0.01,14,12305,买盘
486,14:32:15,8.78,--,140,122919,卖盘
487,14:32:12,8.78,-0.01,395,346810,卖盘
488,14:32:09,8.79,--,71,62408,买盘
489,14:32:06,8.79,0.01,18,15821,买盘
490,14:32:03,8.78,-0.01,142,124675,卖盘
491,14:32:00,8.79,--,7,6152,买盘
492,14:31:57,8.79,--,163,143277,买盘
493,14:31:54,8.79,0.01,15,13184,买盘
494,14:31:51,8.78,-0.01,118,103603,卖盘
495,14:31:48,8.79,--,117,102842,买盘
496,14:31:45,8.79,0.01,35,30764,买盘
497,14:31:39,8.78,--,50,43900,卖盘
498,14:31:36,8.78,-0.01,35,30729,卖盘
499,14:31:33,8.79,--,3,2636,买盘
500,14:31:30,8.79,0.01,241,211838,买盘
501,14:31:27,8.78,-0.01,134,117651,卖盘
502,14:31:24,8.79,0.01,2,1757,买盘
503,14:31:21,8.78,0.01,1058,928923,买盘
504,14:31:18,8.77,--,118,103486,卖盘
505,14:31:15,8.77,-0.01,101,88577,卖盘
506,14:31:12,8.78,0.01,8,7023,买盘
507,14:31:09,8.77,-0.01,16,14032,卖盘
508,14:31:06,8.78,0.01,37,32485,买盘
509,14:31:03,8.77,-0.01,13,11401,卖盘
510,14:31:00,8.78,0.01,1,877,买盘
511,14:30:57,8.77,-0.01,13,11401,卖盘
512,14:30:54,8.78,0.01,18,15803,买盘
513,14:30:51,8.77,--,11,9647,卖盘
514,14:30:48,8.77,-0.01,68,59636,卖盘
515,14:30:45,8.78,0.01,41,35998,买盘
516,14:30:39,8.77,-0.01,4,3508,卖盘
517,14:30:36,8.78,0.01,68,59703,买盘
518,14:30:33,8.77,--,6,5262,卖盘
519,14:30:30,8.77,-0.01,54,47358,卖盘
520,14:30:27,8.78,0.01,110,96580,买盘
521,14:30:24,8.77,--,10,8770,卖盘
522,14:30:21,8.77,0.01,88,77176,买盘
523,14:30:18,8.76,--,27,23652,卖盘
524,14:30:15,8.76,--,95,83220,卖盘
525,14:30:12,8.76,-0.02,88,77088,卖盘
526,14:30:09,8.78,0.01,12,10536,买盘
527,14:30:06,8.77,--,39,34203,买盘
528,14:30:03,8.77,--,38,33326,买盘
529,14:30:00,8.77,--,56,49112,卖盘
530,14:29:57,8.77,0.01,450,394650,买盘
531,14:29:54,8.76,--,317,277692,卖盘
532,14:29:51,8.76,--,216,189216,卖盘
533,14:29:48,8.76,--,83,72708,卖盘
534,14:29:45,8.76,-0.01,57,49932,卖盘
535,14:29:42,8.77,--,20,17540,买盘
536,14:29:39,8.77,--,43,37711,买盘
537,14:29:36,8.77,0.01,83,72791,买盘
538,14:29:33,8.76,-0.01,1,876,卖盘
539,14:29:30,8.77,--,84,73668,买盘
540,14:29:27,8.77,--,77,67529,买盘
541,14:29:24,8.77,0.01,20,17540,买盘
542,14:29:21,8.76,-0.01,12,10512,中性盘
543,14:29:18,8.77,0.01,66,57882,买盘
544,14:29:15,8.76,-0.01,112,98112,卖盘
545,14:29:09,8.77,--,1,877,买盘
546,14:29:06,8.77,--,362,317474,买盘
547,14:29:03,8.77,0.01,5,4385,买盘
548,14:29:00,8.76,-0.01,77,67452,卖盘
549,14:28:57,8.77,0.01,21,18417,买盘
550,14:28:54,8.76,--,84,73584,卖盘
551,14:28:51,8.76,--,34,29784,卖盘
552,14:28:48,8.76,-0.01,2,1752,卖盘
553,14:28:45,8.77,0.01,21,18417,买盘
554,14:28:42,8.76,-0.01,2,1752,卖盘
555,14:28:39,8.77,0.01,17,14909,买盘
556,14:28:36,8.76,--,73,63948,买盘
557,14:28:33,8.76,--,39,34164,卖盘
558,14:28:30,8.76,--,17,14892,买盘
559,14:28:27,8.76,0.01,18,15768,买盘
560,14:28:24,8.75,-0.01,112,98000,卖盘
561,14:28:21,8.76,-0.01,3,2628,卖盘
562,14:28:18,8.77,--,112,98224,买盘
563,14:28:15,8.77,0.01,113,99101,买盘
564,14:28:12,8.76,0.01,35,30660,中性盘
565,14:28:09,8.75,-0.01,26,22750,卖盘
566,14:28:06,8.76,-0.01,81,70956,卖盘
567,14:28:03,8.77,0.02,17,14909,买盘
568,14:28:00,8.75,--,148,129500,卖盘
569,14:27:57,8.75,--,73,63875,卖盘
570,14:27:54,8.75,-0.01,46,40250,卖盘
571,14:27:51,8.76,--,130,113880,买盘
572,14:27:48,8.76,0.01,14,12264,买盘
573,14:27:45,8.75,-0.01,84,73500,卖盘
574,14:27:42,8.76,0.01,39,34164,买盘
575,14:27:39,8.75,--,10,8750,卖盘
576,14:27:36,8.75,-0.01,84,73500,卖盘
577,14:27:33,8.76,0.01,30,26280,买盘
578,14:27:30,8.75,-0.01,32,28000,卖盘
579,14:27:27,8.76,0.01,90,78840,买盘
580,14:27:24,8.75,--,28,24500,卖盘
581,14:27:21,8.75,--,1,875,卖盘
582,14:27:18,8.75,--,22,19250,卖盘
583,14:27:15,8.75,-0.01,105,91875,卖盘
584,14:27:12,8.76,--,104,91104,买盘
585,14:27:09,8.76,--,15,13140,买盘
586,14:27:06,8.76,--,40,35040,买盘
587,14:27:03,8.76,--,94,82344,买盘
588,14:27:00,8.76,0.01,154,134904,买盘
589,14:26:57,8.75,--,93,81375,卖盘
590,14:26:54,8.75,-0.01,50,43750,卖盘
591,14:26:51,8.76,0.01,22,19272,买盘
592,14:26:48,8.75,-0.01,37,32375,卖盘
593,14:26:45,8.76,--,19,16644,买盘
594,14:26:42,8.76,-0.01,15,13140,卖盘
595,14:26:39,8.77,0.02,124,108748,买盘
596,14:26:36,8.75,-0.02,63,55125,卖盘
597,14:26:33,8.77,0.02,27,23679,买盘
598,14:26:30,8.75,-0.01,49,42875,卖盘
599,14:26:27,8.76,--,16,14016,卖盘
600,14:26:24,8.76,--,52,45552,买盘
601,14:26:21,8.76,--,145,127020,买盘
602,14:26:18,8.76,0.01,333,291708,买盘
603,14:26:15,8.75,-0.02,111,97125,卖盘
604,14:26:12,8.77,0.01,47,41219,买盘
605,14:26:09,8.76,--,14,12264,买盘
606,14:26:06,8.76,-0.01,88,77088,买盘
607,14:26:03,8.77,--,214,187678,买盘
608,14:26:00,8.77,0.02,199,174523,买盘
609,14:25:57,8.75,-0.01,94,82250,卖盘
610,14:25:54,8.76,0.01,31,27156,买盘
611,14:25:51,8.75,-0.01,3,2625,卖盘
612,14:25:48,8.76,--,56,49056,买盘
613,14:25:45,8.76,--,39,34164,买盘
614,14:25:42,8.76,--,110,96360,卖盘
615,14:25:39,8.76,0.01,26,22776,买盘
616,14:25:36,8.75,-0.02,185,161875,卖盘
617,14:25:33,8.77,0.01,48,42096,买盘
618,14:25:30,8.76,--,32,28032,卖盘
619,14:25:27,8.76,--,44,38544,买盘
620,14:25:24,8.76,--,19,16644,卖盘
621,14:25:21,8.76,--,32,28032,买盘
622,14:25:18,8.76,0.01,157,137532,买盘
623,14:25:15,8.75,-0.01,87,76125,卖盘
624,14:25:12,8.76,0.01,43,37668,买盘
625,14:25:09,8.75,-0.01,1,875,卖盘
626,14:25:06,8.76,-0.01,26,22776,卖盘
627,14:25:03,8.77,0.01,14,12278,买盘
628,14:25:00,8.76,--,93,81468,买盘
629,14:24:57,8.76,--,91,79716,买盘
630,14:24:54,8.76,0.01,20,17520,买盘
631,14:24:51,8.75,-0.01,4,3500,卖盘
632,14:24:48,8.76,--,42,36792,买盘
633,14:24:45,8.76,--,14,12264,买盘
634,14:24:42,8.76,0.01,104,91104,买盘
635,14:24:39,8.75,-0.01,14,12250,卖盘
636,14:24:36,8.76,--,16,14016,买盘
637,14:24:33,8.76,--,30,26280,买盘
638,14:24:30,8.76,--,37,32412,买盘
639,14:24:27,8.76,--,22,19272,买盘
640,14:24:24,8.76,0.01,35,30660,买盘
641,14:24:21,8.75,--,36,31500,卖盘
642,14:24:18,8.75,-0.01,7,6125,卖盘
643,14:24:15,8.76,0.01,42,36792,买盘
644,14:24:12,8.75,-0.01,71,62125,卖盘
645,14:24:09,8.76,--,132,115632,买盘
646,14:24:06,8.76,--,10,8760,买盘
647,14:24:03,8.76,--,155,135780,卖盘
648,14:24:00,8.76,-0.01,9,7884,卖盘
649,14:23:57,8.77,0.01,68,59636,买盘
650,14:23:54,8.76,-0.01,9,7884,卖盘
651,14:23:45,8.77,--,55,48235,买盘
652,14:23:42,8.77,--,230,201710,买盘
653,14:23:39,8.77,--,38,33326,买盘
654,14:23:36,8.77,--,17,14909,买盘
655,14:23:33,8.77,0.01,12,10524,买盘
656,14:23:30,8.76,--,125,109500,卖盘
657,14:23:27,8.76,-0.01,96,84096,卖盘
658,14:23:24,8.77,0.01,162,142074,买盘
659,14:23:21,8.76,-0.01,3,2628,卖盘
660,14:23:18,8.77,--,208,182416,买盘
661,14:23:15,8.77,--,30,26310,买盘
662,14:23:12,8.77,--,111,97347,买盘
663,14:23:09,8.77,0.01,48,42096,买盘
664,14:23:06,8.76,-0.01,15,13140,卖盘
665,14:23:03,8.77,0.01,45,39465,买盘
666,14:23:00,8.76,--,12,10512,卖盘
667,14:22:57,8.76,--,5,4380,卖盘
668,14:22:54,8.76,--,16,14016,卖盘
669,14:22:51,8.76,-0.01,3,2628,卖盘
670,14:22:48,8.77,0.01,113,99101,买盘
671,14:22:45,8.76,-0.01,59,51684,卖盘
672,14:22:42,8.77,--,16,14032,买盘
673,14:22:39,8.77,0.01,45,39465,买盘
674,14:22:36,8.76,-0.01,962,842712,卖盘
675,14:22:33,8.77,--,198,173646,买盘
676,14:22:30,8.77,0.01,6,5262,买盘
677,14:22:27,8.76,-0.01,10,8760,卖盘
678,14:22:24,8.77,0.01,60,52620,买盘
679,14:22:21,8.76,-0.01,60,52560,卖盘
680,14:22:18,8.77,--,13,11401,买盘
681,14:22:15,8.77,--,35,30695,买盘
682,14:22:12,8.77,--,24,21048,买盘
683,14:22:09,8.77,0.01,28,24556,买盘
684,14:22:06,8.76,--,59,51684,卖盘
685,14:22:03,8.76,-0.01,190,166440,卖盘
686,14:22:00,8.77,--,25,21925,买盘
687,14:21:57,8.77,0.01,25,21925,买盘
688,14:21:54,8.76,-0.01,34,29784,卖盘
689,14:21:48,8.77,--,5,4385,买盘
690,14:21:45,8.77,--,22,19294,买盘
691,14:21:42,8.77,--,79,69283,买盘
692,14:21:39,8.77,--,99,86823,买盘
693,14:21:36,8.77,--,15,13155,买盘
694,14:21:33,8.77,--,25,21925,买盘
695,14:21:30,8.77,0.02,20,17540,买盘
696,14:21:27,8.75,-0.02,17,14875,卖盘
697,14:21:24,8.77,0.01,507,444954,买盘
698,14:21:21,8.76,-0.01,154,134904,中性盘
699,14:21:18,8.77,0.01,10,8770,买盘
700,14:21:15,8.76,-0.01,13,11388,中性盘
701,14:21:12,8.77,0.02,13,11401,买盘
702,14:21:09,8.75,--,17,14875,卖盘
703,14:21:06,8.75,-0.03,86,75250,卖盘
704,14:21:03,8.78,0.03,14,12292,买盘
705,14:21:00,8.75,--,53,46375,卖盘
706,14:20:57,8.75,-0.02,5065,4431875,卖盘
707,14:20:54,8.77,--,60,52620,卖盘
708,14:20:51,8.77,--,247,216619,卖盘
709,14:20:48,8.77,-0.01,13,11401,卖盘
710,14:20:45,8.78,--,137,120285,买盘
711,14:20:42,8.78,--,16,14047,买盘
712,14:20:39,8.78,0.01,23,20194,买盘
713,14:20:36,8.77,-0.01,22,19294,卖盘
714,14:20:33,8.78,--,19,16682,买盘
715,14:20:30,8.78,0.01,53,46534,买盘
716,14:20:27,8.77,-0.01,107,93839,卖盘
717,14:20:24,8.78,0.01,58,50923,买盘
718,14:20:21,8.77,--,54,47358,卖盘
719,14:20:15,8.77,--,57,49989,卖盘
720,14:20:12,8.77,-0.01,55,48235,卖盘
721,14:20:09,8.78,0.01,89,78142,买盘
722,14:20:06,8.77,--,45,39465,卖盘
723,14:20:03,8.77,-0.01,86,75422,卖盘
724,14:20:00,8.78,--,42,36876,买盘
725,14:19:57,8.78,0.01,5,4390,买盘
726,14:19:54,8.77,-0.01,17,14909,卖盘
727,14:19:51,8.78,0.01,46,40388,买盘
728,14:19:48,8.77,-0.01,44,38588,卖盘
729,14:19:45,8.78,--,663,582114,卖盘
730,14:19:42,8.78,-0.01,143,125553,卖盘
731,14:19:39,8.79,--,5,4395,买盘
732,14:19:36,8.79,0.01,60,52739,买盘
733,14:19:33,8.78,--,25,21950,卖盘
734,14:19:30,8.78,--,43,37754,卖盘
735,14:19:27,8.78,-0.01,10,8780,卖盘
736,14:19:24,8.79,0.01,30,26369,买盘
737,14:19:21,8.78,--,27,23706,卖盘
738,14:19:18,8.78,-0.01,15,13169,卖盘
739,14:19:15,8.79,--,15,13184,买盘
740,14:19:12,8.79,0.01,66,58013,买盘
741,14:19:09,8.78,-0.01,6,5268,卖盘
742,14:19:06,8.79,--,40,35160,买盘
743,14:19:03,8.79,--,54,47465,买盘
744,14:19:00,8.79,--,102,89657,买盘
745,14:18:57,8.79,0.01,10,8790,买盘
746,14:18:54,8.78,--,418,367004,卖盘
747,14:18:51,8.78,--,15,13169,卖盘
748,14:18:48,8.78,-0.01,123,107993,卖盘
749,14:18:45,8.79,0.01,19,16701,买盘
750,14:18:42,8.78,--,19,16682,卖盘
751,14:18:36,8.78,--,35,30729,卖盘
752,14:18:33,8.78,-0.01,54,47412,卖盘
753,14:18:30,8.79,--,5,4395,买盘
754,14:18:27,8.79,0.01,6,5273,买盘
755,14:18:24,8.78,--,122,107115,卖盘
756,14:18:21,8.78,-0.01,34,29851,卖盘
757,14:18:15,8.79,0.01,72,63287,买盘
758,14:18:12,8.78,--,68,59703,卖盘
759,14:18:06,8.78,-0.01,106,93770,卖盘
760,14:18:03,8.79,--,13,11426,卖盘
761,14:18:00,8.79,0.01,249,219046,买盘
762,14:17:57,8.78,--,327,287106,卖盘
763,14:17:54,8.78,-0.01,30,26339,卖盘
764,14:17:51,8.79,--,1200,1054800,买盘
765,14:17:48,8.79,0.01,104,91415,买盘
766,14:17:45,8.78,--,60,52679,卖盘
767,14:17:42,8.78,-0.01,39,34242,卖盘
768,14:17:39,8.79,0.01,12,10547,买盘
769,14:17:36,8.78,--,116,101847,卖盘
770,14:17:33,8.78,--,123,107993,卖盘
771,14:17:30,8.78,--,3,2634,卖盘
772,14:17:24,8.78,--,25,21950,卖盘
773,14:17:21,8.78,--,25,21950,卖盘
774,14:17:18,8.78,-0.01,24,21072,卖盘
775,14:17:15,8.79,0.01,169,148551,买盘
776,14:17:12,8.78,-0.01,85,74630,卖盘
777,14:17:09,8.79,0.01,7,6152,买盘
778,14:17:06,8.78,--,59,51801,卖盘
779,14:17:03,8.78,--,105,92190,卖盘
780,14:17:00,8.78,--,132,115895,卖盘
781,14:16:57,8.78,--,35,30729,卖盘
782,14:16:54,8.78,--,195,171210,卖盘
783,14:16:45,8.78,-0.01,17,14925,卖盘
784,14:16:42,8.79,0.01,66,58013,买盘
785,14:16:36,8.78,0.01,367,322226,买盘
786,14:16:33,8.77,-0.01,84,73668,卖盘
787,14:16:30,8.78,--,1780,1562840,买盘
788,14:16:27,8.78,--,364,319592,买盘
789,14:16:24,8.78,--,33,28973,买盘
790,14:16:21,8.78,0.01,85,74630,买盘
791,14:16:18,8.77,-0.02,776,680552,卖盘
792,14:16:15,8.79,0.01,490,430709,买盘
793,14:16:12,8.78,-0.01,62,54435,卖盘
794,14:16:09,8.79,0.01,4,3515,买盘
795,14:16:06,8.78,--,29,25461,卖盘
796,14:16:03,8.78,-0.01,89,78142,卖盘
797,14:16:00,8.79,0.01,68,59771,买盘
798,14:15:57,8.78,--,34,29851,卖盘
799,14:15:54,8.78,--,226,198428,卖盘
800,14:15:51,8.78,--,223,195794,卖盘
801,14:15:48,8.78,--,51,45234,买盘
802,14:15:45,8.78,--,567,497825,买盘
803,14:15:42,8.78,0.01,36,31607,买盘
804,14:15:39,8.77,-0.02,113,99521,卖盘
805,14:15:36,8.79,0.01,5,4395,买盘
806,14:15:33,8.78,--,51,44778,卖盘
807,14:15:30,8.78,-0.01,22,19316,卖盘
808,14:15:24,8.79,0.01,258,226781,买盘
809,14:15:21,8.78,--,32,28095,卖盘
810,14:15:18,8.78,--,8,7023,卖盘
811,14:15:15,8.78,--,47,41266,卖盘
812,14:15:12,8.78,--,58,50923,卖盘
813,14:15:06,8.78,--,28,24584,卖盘
814,14:15:03,8.78,--,20,17560,卖盘
815,14:15:00,8.78,--,19,16682,卖盘
816,14:14:57,8.78,0.01,59,52258,买盘
817,14:14:54,8.77,--,1857,1628589,卖盘
818,14:14:51,8.77,-0.01,24,21048,卖盘
819,14:14:48,8.78,--,134,117651,买盘
820,14:14:45,8.78,0.01,32,28095,买盘
821,14:14:42,8.77,--,69,60513,卖盘
822,14:14:36,8.77,--,164,143828,卖盘
823,14:14:33,8.77,--,31,27187,卖盘
824,14:14:27,8.77,--,18,15786,卖盘
825,14:14:24,8.77,0.01,93,81561,买盘
826,14:14:21,8.76,--,59,51684,卖盘
827,14:14:18,8.76,-0.01,89,77964,卖盘
828,14:14:15,8.77,--,297,260469,卖盘
829,14:14:12,8.77,-0.01,155,135935,卖盘
830,14:14:09,8.78,--,42,36876,买盘
831,14:14:06,8.78,--,16,14047,买盘
832,14:14:03,8.78,--,207,181746,买盘
833,14:14:00,8.78,0.01,29,25461,买盘
834,14:13:57,8.77,--,103,90331,卖盘
835,14:13:54,8.77,-0.01,86,75422,卖盘
836,14:13:51,8.78,--,40,35120,买盘
837,14:13:48,8.78,--,71,62337,买盘
838,14:13:45,8.78,0.01,303,266034,买盘
839,14:13:42,8.77,-0.01,200,175400,卖盘
840,14:13:39,8.78,0.01,19,16682,买盘
841,14:13:36,8.77,--,20,17540,卖盘
842,14:13:33,8.77,-0.01,64,56128,卖盘
843,14:13:30,8.78,0.01,6,5268,买盘
844,14:13:27,8.77,--,4,3508,卖盘
845,14:13:24,8.77,--,59,51743,卖盘
846,14:13:21,8.77,-0.01,96,84192,卖盘
847,14:13:18,8.78,--,25,21950,买盘
848,14:13:15,8.78,0.01,19,16682,买盘
849,14:13:12,8.77,--,97,85069,卖盘
850,14:13:09,8.77,-0.01,60,52620,卖盘
851,14:13:06,8.78,0.01,17,14925,买盘
852,14:13:00,8.77,--,34,29818,卖盘
853,14:12:57,8.77,--,67,58759,卖盘
854,14:12:54,8.77,-0.01,374,327998,卖盘
855,14:12:51,8.78,--,58,50923,卖盘
856,14:12:48,8.78,--,259,227401,卖盘
857,14:12:45,8.78,--,83,72874,卖盘
858,14:12:42,8.78,--,69,60581,卖盘
859,14:12:39,8.78,--,163,143114,卖盘
860,14:12:36,8.78,--,16,14047,卖盘
861,14:12:33,8.78,--,41,35998,卖盘
862,14:12:30,8.78,--,48,42144,卖盘
863,14:12:27,8.78,--,119,104481,卖盘
864,14:12:24,8.78,--,10,8780,卖盘
865,14:12:21,8.78,--,157,137846,卖盘
866,14:12:18,8.78,-0.01,33,28973,卖盘
867,14:12:15,8.79,0.01,140,123059,买盘
868,14:12:12,8.78,-0.01,62,54435,卖盘
869,14:12:09,8.79,0.01,1,878,买盘
870,14:12:06,8.78,-0.01,65,57069,卖盘
871,14:12:03,8.79,--,91,79988,买盘
872,14:12:00,8.79,--,21,18459,买盘
873,14:11:57,8.79,0.01,1,878,买盘
874,14:11:54,8.78,-0.01,55,48290,卖盘
875,14:11:51,8.79,--,208,182831,买盘
876,14:11:45,8.79,0.01,115,101084,买盘
877,14:11:42,8.78,-0.01,73,64796,卖盘
878,14:11:39,8.79,-0.01,95,83504,卖盘
879,14:11:36,8.8,0.01,419,368720,买盘
880,14:11:33,8.79,-0.01,87,76472,卖盘
881,14:11:30,8.8,0.01,10,8800,买盘
882,14:11:27,8.79,--,52,45707,卖盘
883,14:11:24,8.79,-0.01,169,148551,卖盘
884,14:11:21,8.8,--,254,223520,买盘
885,14:11:18,8.8,0.01,54,47520,买盘
886,14:11:15,8.79,-0.01,49,43070,卖盘
887,14:11:12,8.8,0.01,71,62480,买盘
888,14:11:09,8.79,-0.01,9,7910,卖盘
889,14:11:06,8.8,0.01,97,85360,买盘
890,14:11:03,8.79,--,24,21095,卖盘
891,14:11:00,8.79,-0.01,16,14063,卖盘
892,14:10:54,8.8,0.01,71,62480,买盘
893,14:10:51,8.79,-0.01,134,117785,卖盘
894,14:10:48,8.8,0.01,30,26400,买盘
895,14:10:45,8.79,--,4,3515,卖盘
896,14:10:42,8.79,-0.01,29,25490,卖盘
897,14:10:39,8.8,--,60,52800,买盘
898,14:10:36,8.8,0.01,68,59840,买盘
899,14:10:33,8.79,-0.01,59,51860,卖盘
900,14:10:30,8.8,0.01,37,32560,买盘
901,14:10:27,8.79,-0.01,17,14942,卖盘
902,14:10:24,8.8,--,54,47520,买盘
903,14:10:21,8.8,--,20,17600,买盘
904,14:10:15,8.8,0.01,105,92400,买盘
905,14:10:12,8.79,-0.01,58,50981,卖盘
906,14:10:09,8.8,--,269,236720,买盘
907,14:10:06,8.8,--,71,62480,买盘
908,14:10:03,8.8,0.01,56,49280,买盘
909,14:10:00,8.79,--,105,92294,卖盘
910,14:09:57,8.79,-0.01,20,17580,卖盘
911,14:09:54,8.8,0.01,67,58960,买盘
912,14:09:51,8.79,--,91,79988,卖盘
913,14:09:48,8.79,-0.01,56,49223,卖盘
914,14:09:45,8.8,0.01,40,35200,买盘
915,14:09:42,8.79,-0.01,10,8790,卖盘
916,14:09:39,8.8,0.01,6,5280,买盘
917,14:09:36,8.79,--,33,29006,卖盘
918,14:09:33,8.79,-0.01,80,70320,卖盘
919,14:09:30,8.8,0.01,41,36080,买盘
920,14:09:27,8.79,--,13,11426,卖盘
921,14:09:24,8.79,--,71,62408,卖盘
922,14:09:21,8.79,-0.01,1144,1005575,卖盘
923,14:09:18,8.8,0.01,54,47520,买盘
924,14:09:15,8.79,-0.01,24,21095,卖盘
925,14:09:12,8.8,0.01,22,19360,买盘
926,14:09:09,8.79,--,6,5273,卖盘
927,14:09:06,8.79,--,31,27248,卖盘
928,14:09:03,8.79,--,56,49223,卖盘
929,14:08:57,8.79,--,54,47465,卖盘
930,14:08:54,8.79,--,11,9668,卖盘
931,14:08:51,8.79,-0.01,124,108995,卖盘
932,14:08:48,8.8,-0.01,18,15840,卖盘
933,14:08:45,8.81,0.01,25,22025,买盘
934,14:08:42,8.8,--,214,188320,买盘
935,14:08:39,8.8,--,13,11440,买盘
936,14:08:36,8.8,0.01,4,3520,买盘
937,14:08:33,8.79,-0.01,30,26369,卖盘
938,14:08:30,8.8,--,30,26400,买盘
939,14:08:27,8.8,0.01,20,17600,买盘
940,14:08:24,8.79,-0.02,100,87899,卖盘
941,14:08:21,8.81,0.02,91,80171,买盘
942,14:08:18,8.79,-0.02,35,30764,卖盘
943,14:08:15,8.81,0.01,680,599080,买盘
944,14:08:12,8.8,--,175,154000,卖盘
945,14:08:09,8.8,--,11,9680,卖盘
946,14:08:06,8.8,--,111,97680,卖盘
947,14:08:03,8.8,--,82,72160,卖盘
948,14:08:00,8.8,--,392,344960,卖盘
949,14:07:57,8.8,--,96,84480,卖盘
950,14:07:54,8.8,--,350,308000,买盘
951,14:07:51,8.8,0.01,210,184800,买盘
952,14:07:48,8.79,--,44,38675,卖盘
953,14:07:45,8.79,-0.01,42,36918,卖盘
954,14:07:42,8.8,--,22,19360,买盘
955,14:07:39,8.8,--,7,6160,买盘
956,14:07:36,8.8,0.01,4,3520,买盘
957,14:07:33,8.79,-0.01,10,8790,卖盘
958,14:07:30,8.8,0.01,21,18480,买盘
959,14:07:27,8.79,--,6,5273,卖盘
960,14:07:24,8.79,--,46,40433,卖盘
961,14:07:21,8.79,-0.01,31,27248,卖盘
962,14:07:18,8.8,0.01,85,74800,买盘
963,14:07:15,8.79,-0.01,70,61529,卖盘
964,14:07:12,8.8,--,40,35200,买盘
965,14:07:09,8.8,0.01,38,33440,中性盘
966,14:07:06,8.79,-0.01,41,36214,卖盘
967,14:07:03,8.8,--,40,35200,买盘
968,14:07:00,8.8,--,62,54560,中性盘
969,14:06:57,8.8,--,25,22000,买盘
970,14:06:54,8.8,--,157,138160,买盘
971,14:06:51,8.8,0.01,57,50160,买盘
972,14:06:48,8.79,-0.01,112,98447,卖盘
973,14:06:45,8.8,--,58,51040,买盘
974,14:06:42,8.8,--,40,35200,买盘
975,14:06:39,8.8,0.01,118,103840,买盘
976,14:06:33,8.79,--,10,8790,卖盘
977,14:06:30,8.79,-0.01,29,25490,卖盘
978,14:06:24,8.8,--,69,60720,买盘
979,14:06:21,8.8,--,140,123200,卖盘
980,14:06:18,8.8,--,820,721600,卖盘
981,14:06:15,8.8,--,28,24640,卖盘
982,14:06:12,8.8,--,22,19360,卖盘
983,14:06:09,8.8,--,65,57200,卖盘
984,14:06:06,8.8,--,1012,890560,卖盘
985,14:06:03,8.8,--,14,12320,卖盘
986,14:06:00,8.8,-0.01,91,80080,卖盘
987,14:05:57,8.81,0.01,107,94267,买盘
988,14:05:54,8.8,--,130,114400,卖盘
989,14:05:51,8.8,--,12,10560,卖盘
990,14:05:48,8.8,-0.01,377,331760,卖盘
991,14:05:45,8.81,--,348,306588,买盘
992,14:05:42,8.81,--,26,22906,买盘
993,14:05:39,8.81,0.01,104,91624,买盘
994,14:05:36,8.8,--,70,61600,卖盘
995,14:05:33,8.8,--,509,447920,卖盘
996,14:05:30,8.8,-0.01,499,439120,卖盘
997,14:05:27,8.81,--,35,30835,买盘
998,14:05:24,8.81,--,78,68718,买盘
999,14:05:21,8.81,0.01,657,578817,买盘
1000,14:05:18,8.8,--,310,272800,卖盘
1001,14:05:15,8.8,-0.01,116,102080,卖盘
1002,14:05:12,8.81,--,74,65194,买盘
1003,14:05:09,8.81,0.01,142,125102,买盘
1004,14:05:06,8.8,-0.01,27,23760,卖盘
1005,14:05:03,8.81,-0.01,29,25549,中性盘
1006,14:05:00,8.82,0.01,159,140238,买盘
1007,14:04:57,8.81,-0.01,31,27311,买盘
1008,14:04:54,8.82,0.01,805,710010,买盘
1009,14:04:51,8.81,-0.01,43,37883,中性盘
1010,14:04:48,8.82,--,289,254898,买盘
1011,14:04:45,8.82,--,346,305172,买盘
1012,14:04:42,8.82,--,345,304290,买盘
1013,14:04:39,8.82,--,955,842310,买盘
1014,14:04:36,8.82,--,548,483336,买盘
1015,14:04:33,8.82,0.01,90,79380,买盘
1016,14:04:30,8.81,-0.01,41,36121,卖盘
1017,14:04:27,8.82,0.01,196,172872,买盘
1018,14:04:24,8.81,--,933,821973,卖盘
1019,14:04:21,8.81,-0.01,13,11453,卖盘
1020,14:04:18,8.82,--,1124,991368,买盘
1021,14:04:15,8.82,0.01,27,23814,买盘
1022,14:04:12,8.81,--,235,207035,卖盘
1023,14:04:09,8.81,--,50,44050,卖盘
1024,14:04:06,8.81,--,2710,2387510,买盘
1025,14:04:03,8.81,0.01,255,224655,买盘
1026,14:04:00,8.8,-0.01,81,71280,卖盘
1027,14:03:57,8.81,--,242,213202,买盘
1028,14:03:54,8.81,--,595,524195,买盘
1029,14:03:51,8.81,0.01,145,127745,买盘
1030,14:03:48,8.8,--,3767,3314960,买盘
1031,14:03:45,8.8,0.01,3101,2728880,买盘
1032,14:03:42,8.79,-0.01,13,11426,卖盘
1033,14:03:39,8.8,0.01,30,26400,买盘
1034,14:03:36,8.79,--,32,28127,卖盘
1035,14:03:33,8.79,--,2880,2531519,买盘
1036,14:03:30,8.79,--,107,94052,买盘
1037,14:03:27,8.79,--,54,47465,买盘
1038,14:03:24,8.79,--,27,23732,买盘
1039,14:03:21,8.79,--,51,44828,买盘
1040,14:03:18,8.79,--,114,100205,买盘
1041,14:03:15,8.79,0.01,71,62408,买盘
1042,14:03:12,8.78,-0.01,12,10536,卖盘
1043,14:03:09,8.79,0.01,139,122180,买盘
1044,14:03:06,8.78,--,488,428463,买盘
1045,14:03:03,8.78,0.01,2078,1824483,买盘
1046,14:03:00,8.77,-0.01,54,47358,卖盘
1047,14:02:57,8.78,--,21,18438,买盘
1048,14:02:54,8.78,0.01,13,11414,买盘
1049,14:02:51,8.77,--,114,99978,卖盘
1050,14:02:48,8.77,-0.01,92,80684,卖盘
1051,14:02:45,8.78,--,243,213353,买盘
1052,14:02:42,8.78,0.01,1,877,买盘
1053,14:02:39,8.77,--,29,25433,卖盘
1054,14:02:36,8.77,--,11,9647,卖盘
1055,14:02:33,8.77,--,896,785792,买盘
1056,14:02:30,8.77,0.01,48,42096,买盘
1057,14:02:27,8.76,--,33,28908,卖盘
1058,14:02:24,8.76,-0.01,3,2628,卖盘
1059,14:02:21,8.77,0.01,78,68406,买盘
1060,14:02:18,8.76,-0.01,40,35040,卖盘
1061,14:02:15,8.77,--,40,35080,买盘
1062,14:02:12,8.77,0.01,8,7016,买盘
1063,14:02:06,8.76,-0.01,24,21024,卖盘
1064,14:02:00,8.77,0.01,34,29818,买盘
1065,14:01:57,8.76,-0.01,75,65700,卖盘
1066,14:01:54,8.77,--,75,65775,买盘
1067,14:01:48,8.77,0.01,10,8770,买盘
1068,14:01:45,8.76,--,88,77088,卖盘
1069,14:01:42,8.76,-0.01,66,57816,卖盘
1070,14:01:39,8.77,--,309,270993,买盘
1071,14:01:33,8.77,--,6,5262,买盘
1072,14:01:30,8.77,--,111,97347,买盘
1073,14:01:24,8.77,0.01,15,13155,买盘
1074,14:01:21,8.76,--,28,24528,卖盘
1075,14:01:18,8.76,--,73,63948,卖盘
1076,14:01:12,8.76,--,9,7884,卖盘
1077,14:01:09,8.76,--,56,49056,卖盘
1078,14:01:06,8.76,-0.01,34,29784,卖盘
1079,14:01:03,8.77,0.01,36,31572,买盘
1080,14:01:00,8.76,--,101,88476,卖盘
1081,14:00:57,8.76,-0.01,11,9636,卖盘
1082,14:00:54,8.77,--,59,51743,买盘
1083,14:00:51,8.77,0.01,7,6139,买盘
1084,14:00:48,8.76,-0.01,1,876,卖盘
1085,14:00:45,8.77,0.01,33,28941,买盘
1086,14:00:42,8.76,--,1,876,卖盘
1087,14:00:39,8.76,-0.01,96,84096,卖盘
1088,14:00:36,8.77,--,60,52620,买盘
1089,14:00:33,8.77,--,290,254330,买盘
1090,14:00:30,8.77,--,162,142074,买盘
1091,14:00:27,8.77,--,14,12278,买盘
1092,14:00:24,8.77,0.01,55,48235,买盘
1093,14:00:21,8.76,--,29,25404,卖盘
1094,14:00:15,8.76,-0.01,16,14016,卖盘
1095,14:00:12,8.77,0.01,452,396404,买盘
1096,14:00:09,8.76,--,14,12789,卖盘
1097,14:00:06,8.76,--,5,4380,卖盘
1098,14:00:03,8.76,--,1,876,卖盘
1099,14:00:00,8.76,--,88,77088,卖盘
1100,13:59:57,8.76,-0.01,3,2628,卖盘
1101,13:59:54,8.77,--,5,4385,买盘
1102,13:59:51,8.77,--,10,8770,买盘
1103,13:59:48,8.77,--,23,20171,买盘
1104,13:59:45,8.77,0.01,21,18417,买盘
1105,13:59:42,8.76,--,98,85848,卖盘
1106,13:59:39,8.76,-0.01,340,297840,卖盘
1107,13:59:36,8.77,--,3,2631,买盘
1108,13:59:30,8.77,0.01,130,114010,买盘
1109,13:59:27,8.76,-0.01,216,189216,卖盘
1110,13:59:24,8.77,--,50,43850,买盘
1111,13:59:21,8.77,--,49,42973,买盘
1112,13:59:15,8.77,--,51,44727,买盘
1113,13:59:12,8.77,0.01,10,8770,买盘
1114,13:59:09,8.76,-0.01,40,35040,卖盘
1115,13:59:06,8.77,0.01,24,21048,买盘
1116,13:59:03,8.76,-0.01,1,876,卖盘
1117,13:59:00,8.77,0.01,29,25433,买盘
1118,13:58:57,8.76,-0.01,5,4380,卖盘
1119,13:58:54,8.77,--,73,64021,买盘
1120,13:58:51,8.77,--,61,53497,买盘
1121,13:58:48,8.77,--,200,175400,买盘
1122,13:58:45,8.77,0.01,1,877,买盘
1123,13:58:42,8.76,--,77,67452,卖盘
1124,13:58:39,8.76,--,29,25404,卖盘
1125,13:58:36,8.76,--,68,59568,卖盘
1126,13:58:33,8.76,-0.01,32,28032,卖盘
1127,13:58:30,8.77,--,73,64021,买盘
1128,13:58:27,8.77,0.01,365,320105,买盘
1129,13:58:24,8.76,--,87,76212,买盘
1130,13:58:21,8.76,0.01,104,91104,买盘
1131,13:58:18,8.75,-0.02,30,26250,卖盘
1132,13:58:15,8.77,0.01,504,442008,买盘
1133,13:58:12,8.76,--,11,9636,买盘
1134,13:58:09,8.76,--,1471,1288596,买盘
1135,13:58:06,8.76,--,10,8760,买盘
1136,13:58:03,8.76,--,140,122640,买盘
1137,13:58:00,8.76,--,117,102492,买盘
1138,13:57:57,8.76,--,31,27156,买盘
1139,13:57:54,8.76,0.01,73,63948,买盘
1140,13:57:51,8.75,--,379,331625,卖盘
1141,13:57:48,8.75,-0.01,2,1750,卖盘
1142,13:57:45,8.76,0.01,26,22776,买盘
1143,13:57:39,8.75,--,30,26250,卖盘
1144,13:57:36,8.75,-0.01,44,38500,卖盘
1145,13:57:33,8.76,--,8,7008,买盘
1146,13:57:30,8.76,0.01,132,115632,买盘
1147,13:57:27,8.75,--,35,30625,卖盘
1148,13:57:24,8.75,-0.01,102,89250,卖盘
1149,13:57:21,8.76,--,29,25404,买盘
1150,13:57:15,8.76,--,80,70080,买盘
1151,13:57:12,8.76,0.01,4,3504,买盘
1152,13:57:09,8.75,--,1,875,卖盘
1153,13:57:06,8.75,--,53,46375,卖盘
1154,13:57:00,8.75,-0.01,49,42875,卖盘
1155,13:56:57,8.76,--,21,18396,买盘
1156,13:56:51,8.76,0.01,16,14016,买盘
1157,13:56:48,8.75,-0.01,13,11375,卖盘
1158,13:56:42,8.76,0.01,133,116508,买盘
1159,13:56:39,8.75,-0.01,28,24500,卖盘
1160,13:56:36,8.76,--,83,72708,买盘
1161,13:56:33,8.76,--,8,7008,买盘
1162,13:56:30,8.76,0.01,12,10512,买盘
1163,13:56:27,8.75,-0.01,115,100625,卖盘
1164,13:56:24,8.76,--,18,15943,卖盘
1165,13:56:21,8.76,0.01,58,51508,买盘
1166,13:56:18,8.75,-0.01,38,33250,卖盘
1167,13:56:15,8.76,--,143,125268,买盘
1168,13:56:12,8.76,0.01,102,89352,买盘
1169,13:56:06,8.75,--,3,2625,卖盘
1170,13:56:00,8.75,--,28,24500,卖盘
1171,13:55:57,8.75,-0.01,84,73500,卖盘
1172,13:55:51,8.76,--,19,16644,买盘
1173,13:55:45,8.76,0.01,100,87600,买盘
1174,13:55:39,8.75,--,1,875,卖盘
1175,13:55:36,8.75,-0.01,133,116375,卖盘
1176,13:55:33,8.76,--,53,46428,买盘
1177,13:55:30,8.76,0.01,30,26280,买盘
1178,13:55:27,8.75,-0.01,19,16625,卖盘
1179,13:55:24,8.76,0.01,54,47304,买盘
1180,13:55:21,8.75,-0.01,120,105000,卖盘
1181,13:55:18,8.76,--,535,468835,买盘
1182,13:55:15,8.76,0.01,57,49932,买盘
1183,13:55:12,8.75,--,34,29750,卖盘
1184,13:55:06,8.75,--,84,73500,卖盘
1185,13:55:03,8.75,-0.01,85,74375,卖盘
1186,13:55:00,8.76,--,13,11388,买盘
1187,13:54:57,8.76,0.01,22,19272,买盘
1188,13:54:54,8.75,-0.01,32,28000,卖盘
1189,13:54:51,8.76,--,1,876,买盘
1190,13:54:48,8.76,-0.01,55,48180,中性盘
1191,13:54:45,8.77,0.01,699,613023,买盘
1192,13:54:42,8.76,--,103,90228,卖盘
1193,13:54:39,8.76,--,33,28908,卖盘
1194,13:54:36,8.76,-0.01,10,8760,买盘
1195,13:54:33,8.77,0.01,1175,1030475,买盘
1196,13:54:30,8.76,--,46,40296,买盘
1197,13:54:27,8.76,--,160,140256,卖盘
1198,13:54:24,8.76,--,81,70956,卖盘
1199,13:54:21,8.76,--,148,129648,卖盘
1200,13:54:18,8.76,--,241,211895,买盘
1201,13:54:15,8.76,0.01,20,17520,买盘
1202,13:54:12,8.75,-0.01,44,38500,卖盘
1203,13:54:09,8.76,--,6,5256,买盘
1204,13:54:06,8.76,--,80,70080,买盘
1205,13:54:03,8.76,--,23,20148,买盘
1206,13:53:51,8.76,0.01,45,39420,买盘
1207,13:53:48,8.75,--,23,20125,卖盘
1208,13:53:45,8.75,--,108,94500,卖盘
1209,13:53:42,8.75,-0.01,26,22750,卖盘
1210,13:53:39,8.76,0.01,5,4380,买盘
1211,13:53:36,8.75,-0.01,68,59500,卖盘
1212,13:53:33,8.76,0.01,2,1752,买盘
1213,13:53:30,8.75,--,82,71750,卖盘
1214,13:53:27,8.75,-0.01,1,875,卖盘
1215,13:53:24,8.76,--,94,82344,买盘
1216,13:53:21,8.76,0.01,76,66576,买盘
1217,13:53:18,8.75,-0.01,142,124250,卖盘
1218,13:53:15,8.76,--,125,109535,买盘
1219,13:53:12,8.76,--,31,27156,买盘
1220,13:53:09,8.76,0.01,74,64824,买盘
1221,13:53:06,8.75,-0.01,3,2625,卖盘
1222,13:53:03,8.76,--,47,41172,买盘
1223,13:53:00,8.76,--,145,127020,卖盘
1224,13:52:57,8.76,--,93,81468,卖盘
1225,13:52:54,8.76,--,250,219000,卖盘
1226,13:52:51,8.76,--,7,6132,卖盘
1227,13:52:48,8.76,--,109,95484,卖盘
1228,13:52:45,8.76,--,59,51684,卖盘
1229,13:52:42,8.76,--,11,9636,卖盘
1230,13:52:39,8.76,--,113,98988,卖盘
1231,13:52:36,8.76,-0.01,17,14892,卖盘
1232,13:52:33,8.77,--,116,101732,买盘
1233,13:52:30,8.77,0.01,84,73668,买盘
1234,13:52:27,8.76,-0.01,111,97236,卖盘
1235,13:52:24,8.77,--,35,30695,买盘
1236,13:52:18,8.77,0.01,20,17540,买盘
1237,13:52:15,8.76,--,109,95484,卖盘
1238,13:52:12,8.76,-0.01,68,59568,卖盘
1239,13:52:09,8.77,--,30,26310,买盘
1240,13:52:06,8.77,0.01,50,43850,买盘
1241,13:52:03,8.76,--,1,876,卖盘
1242,13:52:00,8.76,-0.01,17,14892,卖盘
1243,13:51:57,8.77,0.01,91,79807,买盘
1244,13:51:54,8.76,-0.01,116,101616,卖盘
1245,13:51:51,8.77,--,8,7016,买盘
1246,13:51:48,8.77,--,10,8770,买盘
1247,13:51:42,8.77,--,10,8770,买盘
1248,13:51:39,8.77,-0.01,11,9647,买盘
1249,13:51:36,8.78,0.02,256,224767,买盘
1250,13:51:33,8.76,-0.01,165,144540,卖盘
1251,13:51:30,8.77,-0.01,65,57005,中性盘
1252,13:51:27,8.78,0.01,111,97458,买盘
1253,13:51:24,8.77,-0.01,17,14909,卖盘
1254,13:51:21,8.78,--,11,9658,买盘
1255,13:51:18,8.78,0.01,15,13169,买盘
1256,13:51:15,8.77,--,41,35957,卖盘
1257,13:51:12,8.77,0.01,288,252576,买盘
1258,13:51:09,8.76,-0.02,306,268056,卖盘
1259,13:51:06,8.78,--,206,180868,买盘
1260,13:51:03,8.78,--,26,22828,买盘
1261,13:51:00,8.78,--,12,10536,买盘
1262,13:50:57,8.78,--,37,32485,买盘
1263,13:50:54,8.78,--,148,130786,卖盘
1264,13:50:51,8.78,--,41,35998,卖盘
1265,13:50:48,8.78,-0.01,40,35120,卖盘
1266,13:50:42,8.79,0.01,221,194294,买盘
1267,13:50:39,8.78,--,62,54435,买盘
1268,13:50:36,8.78,--,2386,2094907,买盘
1269,13:50:33,8.78,--,189,165942,买盘
1270,13:50:30,8.78,0.01,96,84288,买盘
1271,13:50:27,8.77,--,107,93839,卖盘
1272,13:50:24,8.77,-0.01,20,17540,中性盘
1273,13:50:21,8.78,--,86,75508,买盘
1274,13:50:18,8.78,0.01,186,163308,买盘
1275,13:50:15,8.77,--,1,877,买盘
1276,13:50:12,8.77,-0.01,183,160491,卖盘
1277,13:50:09,8.78,--,103,90434,买盘
1278,13:50:06,8.78,--,44,38632,买盘
1279,13:50:03,8.78,0.01,57,50045,买盘
1280,13:50:00,8.77,-0.01,128,112256,卖盘
1281,13:49:57,8.78,--,273,239693,买盘
1282,13:49:54,8.78,0.01,153,134334,买盘
1283,13:49:51,8.77,--,14,12278,卖盘
1284,13:49:45,8.77,--,697,611444,买盘
1285,13:49:42,8.77,0.01,200,175400,买盘
1286,13:49:39,8.76,-0.01,378,331128,卖盘
1287,13:49:36,8.77,--,51,44727,买盘
1288,13:49:33,8.77,0.01,77,67529,买盘
1289,13:49:30,8.76,-0.01,16,14016,卖盘
1290,13:49:27,8.77,0.01,231,202587,买盘
1291,13:49:24,8.76,-0.01,180,157680,卖盘
1292,13:49:21,8.77,--,200,175400,买盘
1293,13:49:18,8.77,0.01,100,87700,买盘
1294,13:49:15,8.76,-0.01,55,48180,卖盘
1295,13:49:12,8.77,0.01,118,103486,买盘
1296,13:49:09,8.76,--,359,314484,卖盘
1297,13:49:06,8.76,-0.01,17,14892,卖盘
1298,13:49:03,8.77,--,169,148213,买盘
1299,13:49:00,8.77,0.01,167,146459,买盘
1300,13:48:57,8.76,--,45,39420,卖盘
1301,13:48:54,8.76,-0.01,75,65700,卖盘
1302,13:48:51,8.77,--,29,25433,买盘
1303,13:48:48,8.77,0.01,674,591098,买盘
1304,13:48:45,8.76,--,53,46428,卖盘
1305,13:48:42,8.76,-0.01,53,46428,卖盘
1306,13:48:39,8.77,0.01,40,35080,买盘
1307,13:48:36,8.76,--,710,622485,买盘
1308,13:48:33,8.76,0.01,25,21900,买盘
1309,13:48:30,8.75,--,108,94500,卖盘
1310,13:48:27,8.75,-0.01,137,119875,卖盘
1311,13:48:24,8.76,--,216,189566,卖盘
1312,13:48:21,8.76,-0.01,170,148920,卖盘
1313,13:48:18,8.77,--,102,89454,买盘
1314,13:48:15,8.77,--,28,24556,买盘
1315,13:48:12,8.77,--,25,21925,买盘
1316,13:48:09,8.77,--,165,144705,买盘
1317,13:48:06,8.77,0.01,37,32449,买盘
1318,13:48:03,8.76,--,667,584817,买盘
1319,13:48:00,8.76,0.01,81,70956,买盘
1320,13:47:57,8.75,-0.01,118,103250,卖盘
1321,13:47:54,8.76,0.01,144,126144,买盘
1322,13:47:51,8.75,--,282,246750,卖盘
1323,13:47:48,8.75,--,37,32375,卖盘
1324,13:47:45,8.75,--,450,393750,卖盘
1325,13:47:42,8.75,--,418,366100,买盘
1326,13:47:39,8.75,--,41,35875,买盘
1327,13:47:36,8.75,--,180,157500,买盘
1328,13:47:33,8.75,--,73,63875,买盘
1329,13:47:30,8.75,0.01,324,283500,买盘
1330,13:47:27,8.74,--,100,87400,卖盘
1331,13:47:24,8.74,--,746,652004,卖盘
1332,13:47:21,8.74,--,508,443992,买盘
1333,13:47:18,8.74,0.01,1,874,买盘
1334,13:47:15,8.73,-0.01,42,36666,卖盘
1335,13:47:12,8.74,--,151,131974,买盘
1336,13:47:09,8.74,0.01,557,487342,买盘
1337,13:47:06,8.73,0.01,1601,1397673,买盘
1338,13:47:03,8.72,--,34,29648,卖盘
1339,13:47:00,8.72,-0.01,22,19184,卖盘
1340,13:46:57,8.73,0.01,71,61983,买盘
1341,13:46:51,8.72,--,52,45344,卖盘
1342,13:46:48,8.72,--,2272,1981358,买盘
1343,13:46:45,8.72,--,154,134288,买盘
1344,13:46:39,8.72,0.01,53,46216,买盘
1345,13:46:36,8.71,-0.01,58,50518,卖盘
1346,13:46:33,8.72,0.01,14,12208,买盘
1347,13:46:30,8.71,0.01,14,12716,买盘
1348,13:46:27,8.7,--,1003,872609,卖盘
1349,13:46:21,8.7,--,56,48719,卖盘
1350,13:46:18,8.7,--,20,17400,卖盘
1351,13:46:12,8.7,-0.01,35,30449,卖盘
1352,13:46:09,8.71,0.01,60,52260,买盘
1353,13:46:06,8.7,--,22,19140,卖盘
1354,13:46:03,8.7,-0.01,27,23489,卖盘
1355,13:46:00,8.71,0.01,39,33969,买盘
1356,13:45:57,8.7,--,2,1739,卖盘
1357,13:45:54,8.7,-0.01,14,12179,卖盘
1358,13:45:51,8.71,--,30,26130,买盘
1359,13:45:48,8.71,0.01,76,66196,买盘
1360,13:45:42,8.7,-0.01,33,28709,卖盘
1361,13:45:39,8.71,0.01,15,13065,买盘
1362,13:45:36,8.7,-0.01,36,31319,卖盘
1363,13:45:33,8.71,0.01,20,17420,买盘
1364,13:45:30,8.7,0.01,1,869,买盘
1365,13:45:27,8.69,-0.02,21,18249,卖盘
1366,13:45:24,8.71,0.01,72,62712,买盘
1367,13:45:21,8.7,-0.01,46,40020,卖盘
1368,13:45:18,8.71,0.01,221,192491,买盘
1369,13:45:15,8.7,--,47,40890,买盘
1370,13:45:12,8.7,0.01,10,8700,买盘
1371,13:45:09,8.69,-0.01,524,455703,卖盘
1372,13:45:06,8.7,--,5,4350,卖盘
1373,13:45:03,8.7,-0.01,40,34800,卖盘
1374,13:45:00,8.71,--,90,78390,买盘
1375,13:44:57,8.71,--,106,92326,买盘
1376,13:44:54,8.71,--,20,17420,买盘
1377,13:44:51,8.71,0.01,50,43550,买盘
1378,13:44:48,8.7,--,13,11309,卖盘
1379,13:44:45,8.7,-0.01,107,93089,卖盘
1380,13:44:42,8.71,--,2,1742,买盘
1381,13:44:39,8.71,0.01,15,13065,买盘
1382,13:44:36,8.7,--,91,79170,卖盘
1383,13:44:33,8.7,-0.01,40,34800,卖盘
1384,13:44:27,8.71,--,75,65325,买盘
1385,13:44:24,8.71,0.01,73,63583,买盘
1386,13:44:21,8.7,--,50,43500,卖盘
1387,13:44:18,8.7,-0.01,6,5220,卖盘
1388,13:44:15,8.71,0.01,2,1742,买盘
1389,13:44:12,8.7,-0.01,319,277530,卖盘
1390,13:44:09,8.71,0.01,101,87971,买盘
1391,13:44:06,8.7,-0.01,4,3479,卖盘
1392,13:44:03,8.71,--,104,90584,买盘
1393,13:44:00,8.71,0.01,4,3484,买盘
1394,13:43:57,8.7,-0.01,3,2610,卖盘
1395,13:43:54,8.71,0.01,2,1742,买盘
1396,13:43:51,8.7,-0.01,24,20880,卖盘
1397,13:43:48,8.71,--,38,33098,买盘
1398,13:43:45,8.71,--,15,13065,买盘
1399,13:43:42,8.71,--,20,17420,买盘
1400,13:43:39,8.71,0.01,36,31356,买盘
1401,13:43:36,8.7,--,20,17400,卖盘
1402,13:43:33,8.7,-0.01,5,4350,卖盘
1403,13:43:30,8.71,0.01,8,6968,买盘
1404,13:43:27,8.7,--,15,13049,卖盘
1405,13:43:24,8.7,-0.01,22,19140,卖盘
1406,13:43:21,8.71,0.01,21,18291,买盘
1407,13:43:18,8.7,-0.01,571,496769,卖盘
1408,13:43:12,8.71,-0.01,10,8710,买盘
1409,13:43:09,8.72,--,17,14824,买盘
1410,13:43:06,8.72,0.01,102,88944,买盘
1411,13:43:03,8.71,-0.01,5,4355,卖盘
1412,13:43:00,8.72,0.02,1,872,买盘
1413,13:42:57,8.7,--,344,299280,卖盘
1414,13:42:54,8.7,-0.02,14,12179,卖盘
1415,13:42:51,8.72,--,163,142136,买盘
1416,13:42:48,8.72,--,23,20056,买盘
1417,13:42:45,8.72,0.01,29,25288,买盘
1418,13:42:42,8.71,--,11,9581,卖盘
1419,13:42:39,8.71,--,31,27001,买盘
1420,13:42:36,8.71,0.01,18,15678,买盘
1421,13:42:33,8.7,-0.01,19,16530,卖盘
1422,13:42:30,8.71,--,325,283075,买盘
1423,13:42:27,8.71,0.01,31,27001,买盘
1424,13:42:24,8.7,--,16,13919,卖盘
1425,13:42:21,8.7,-0.01,14,12179,卖盘
1426,13:42:18,8.71,--,48,41808,买盘
1427,13:42:15,8.71,-0.01,37,32227,卖盘
1428,13:42:12,8.72,0.01,10,8720,买盘
1429,13:42:09,8.71,-0.01,92,80132,卖盘
1430,13:42:06,8.72,0.02,60,52320,买盘
1431,13:42:03,8.7,--,5,4350,卖盘
1432,13:42:00,8.7,-0.02,13,11309,卖盘
1433,13:41:57,8.72,--,67,58424,买盘
1434,13:41:54,8.72,0.01,26,22672,买盘
1435,13:41:51,8.71,--,11,9581,买盘
1436,13:41:48,8.71,--,22,19162,卖盘
1437,13:41:45,8.71,--,69,60099,买盘
1438,13:41:42,8.71,--,9,7839,买盘
1439,13:41:39,8.71,0.01,78,67938,买盘
1440,13:41:36,8.7,-0.01,77,66990,卖盘
1441,13:41:33,8.71,--,503,438113,卖盘
1442,13:41:30,8.71,--,15,13065,卖盘
1443,13:41:27,8.71,--,2,1742,卖盘
1444,13:41:24,8.71,--,14,12194,卖盘
1445,13:41:21,8.71,-0.01,35,30485,卖盘
1446,13:41:18,8.72,0.02,225,196723,买盘
1447,13:41:15,8.7,--,63,54809,卖盘
1448,13:41:12,8.7,--,59,51329,卖盘
1449,13:41:09,8.7,-0.01,44,38280,卖盘
1450,13:41:06,8.71,--,24,20904,买盘
1451,13:41:03,8.71,0.01,43,37453,买盘
1452,13:40:54,8.7,--,9,7829,卖盘
1453,13:40:51,8.7,-0.01,142,123539,卖盘
1454,13:40:48,8.71,--,64,55744,买盘
1455,13:40:45,8.71,--,126,109746,买盘
1456,13:40:42,8.71,--,48,41808,买盘
1457,13:40:39,8.71,0.01,93,81003,买盘
1458,13:40:36,8.7,-0.01,8,6959,卖盘
1459,13:40:33,8.71,0.01,16,13936,买盘
1460,13:40:30,8.7,-0.01,23,20010,卖盘
1461,13:40:27,8.71,0.01,1,871,买盘
1462,13:40:24,8.7,--,130,113099,卖盘
1463,13:40:21,8.7,--,17,14789,卖盘
1464,13:40:18,8.7,-0.01,25,21750,卖盘
1465,13:40:15,8.71,0.01,638,555698,买盘
1466,13:40:12,8.7,-0.01,9,7829,卖盘
1467,13:40:09,8.71,0.01,87,75777,买盘
1468,13:40:06,8.7,-0.01,124,107879,卖盘
1469,13:40:03,8.71,0.01,304,264784,买盘
1470,13:40:00,8.7,0.01,43,37410,买盘
1471,13:39:57,8.69,--,49,42581,卖盘
1472,13:39:54,8.69,-0.02,540,469260,卖盘
1473,13:39:51,8.71,0.01,6,5226,买盘
1474,13:39:48,8.7,--,17,14789,买盘
1475,13:39:45,8.7,--,44,38280,买盘
1476,13:39:42,8.7,--,23,20010,卖盘
1477,13:39:39,8.7,--,8,6959,卖盘
1478,13:39:36,8.7,-0.01,8,6959,卖盘
1479,13:39:33,8.71,0.01,30,26130,买盘
1480,13:39:30,8.7,0.01,10,8700,中性盘
1481,13:39:24,8.69,-0.02,15,13035,卖盘
1482,13:39:21,8.71,0.02,14,12194,买盘
1483,13:39:18,8.69,--,19,16511,卖盘
1484,13:39:15,8.69,-0.01,102,88638,卖盘
1485,13:39:12,8.7,-0.01,315,274050,卖盘
1486,13:39:09,8.71,--,10,8710,买盘
1487,13:39:06,8.71,--,34,29614,买盘
1488,13:39:03,8.71,0.01,18,15678,买盘
1489,13:39:00,8.7,-0.01,25,21750,卖盘
1490,13:38:57,8.71,0.01,52,45292,买盘
1491,13:38:54,8.7,--,10,8700,卖盘
1492,13:38:48,8.7,--,107,93089,卖盘
1493,13:38:45,8.7,--,999,869129,买盘
1494,13:38:42,8.7,--,106,92219,买盘
1495,13:38:39,8.7,0.01,32,27839,买盘
1496,13:38:36,8.69,-0.01,53,46057,卖盘
1497,13:38:33,8.7,--,56,48719,买盘
1498,13:38:30,8.7,--,132,114839,买盘
1499,13:38:27,8.7,--,78,67860,买盘
1500,13:38:24,8.7,--,77,66990,买盘
1501,13:38:21,8.7,--,1,869,买盘
1502,13:38:18,8.7,0.01,260,226199,买盘
1503,13:38:15,8.69,--,14,12166,卖盘
1504,13:38:12,8.69,--,84,72996,卖盘
1505,13:38:06,8.69,--,6,5214,卖盘
1506,13:38:03,8.69,--,42,36498,卖盘
1507,13:37:57,8.69,-0.01,3,2607,卖盘
1508,13:37:54,8.7,0.01,121,105269,买盘
1509,13:37:51,8.69,-0.01,85,73865,卖盘
1510,13:37:45,8.7,--,151,131370,买盘
1511,13:37:42,8.7,0.01,42,36540,买盘
1512,13:37:36,8.69,-0.01,2,1738,卖盘
1513,13:37:33,8.7,--,50,43500,买盘
1514,13:37:30,8.7,--,125,108749,买盘
1515,13:37:24,8.7,0.01,2,1739,买盘
1516,13:37:21,8.69,--,89,77341,卖盘
1517,13:37:18,8.69,--,74,64305,卖盘
1518,13:37:15,8.69,--,18,15642,卖盘
1519,13:37:12,8.69,-0.01,77,66913,卖盘
1520,13:37:09,8.7,0.01,59,51329,买盘
1521,13:37:06,8.69,-0.01,4,3476,卖盘
1522,13:37:03,8.7,--,27,23489,买盘
1523,13:37:00,8.7,--,26,22619,买盘
1524,13:36:57,8.7,--,101,87870,买盘
1525,13:36:54,8.7,--,8,6959,买盘
1526,13:36:51,8.7,--,75,65249,买盘
1527,13:36:45,8.7,--,157,136590,买盘
1528,13:36:42,8.7,--,33,28709,买盘
1529,13:36:39,8.7,--,872,758639,卖盘
1530,13:36:36,8.7,--,63,54809,卖盘
1531,13:36:33,8.7,-0.01,89,77430,卖盘
1532,13:36:30,8.71,--,5,4355,买盘
1533,13:36:27,8.71,0.01,2,1742,买盘
1534,13:36:24,8.7,-0.01,63,54809,卖盘
1535,13:36:21,8.71,0.01,2,1742,买盘
1536,13:36:18,8.7,--,15,13049,卖盘
1537,13:36:15,8.7,--,21,18270,卖盘
1538,13:36:12,8.7,-0.01,47,40890,卖盘
1539,13:36:09,8.71,0.01,72,62712,买盘
1540,13:36:06,8.7,-0.01,4,3479,卖盘
1541,13:36:00,8.71,0.01,24,20904,买盘
1542,13:35:57,8.7,--,29,25229,卖盘
1543,13:35:54,8.7,-0.01,95,82650,卖盘
1544,13:35:51,8.71,0.01,92,80132,买盘
1545,13:35:48,8.7,-0.01,1,869,卖盘
1546,13:35:45,8.71,0.01,49,42679,买盘
1547,13:35:42,8.7,-0.01,22,19140,卖盘
1548,13:35:39,8.71,--,121,105391,买盘
1549,13:35:33,8.71,--,42,36582,买盘
1550,13:35:30,8.71,0.01,36,31356,买盘
1551,13:35:27,8.7,-0.01,14,12179,卖盘
1552,13:35:24,8.71,0.01,84,73164,买盘
1553,13:35:21,8.7,-0.01,16,13919,卖盘
1554,13:35:18,8.71,0.01,1,871,买盘
1555,13:35:15,8.7,--,14,12179,卖盘
1556,13:35:12,8.7,--,34,29579,卖盘
1557,13:35:09,8.7,-0.01,46,40020,卖盘
1558,13:35:06,8.71,0.01,21,18291,买盘
1559,13:35:03,8.7,--,45,39150,卖盘
1560,13:35:00,8.7,--,42,36748,买盘
1561,13:34:57,8.7,--,5,4350,买盘
1562,13:34:54,8.7,--,53,46109,买盘
1563,13:34:51,8.7,0.01,5,4350,买盘
1564,13:34:48,8.69,--,8,6952,卖盘
1565,13:34:45,8.69,0.01,92,79948,买盘
1566,13:34:42,8.68,-0.01,81,70308,卖盘
1567,13:34:39,8.69,-0.01,108,93852,卖盘
1568,13:34:33,8.7,--,43,37410,买盘
1569,13:34:30,8.7,0.02,145,126149,买盘
1570,13:34:27,8.68,-0.02,11,9548,卖盘
1571,13:34:24,8.7,0.01,41,35670,买盘
1572,13:34:21,8.69,-0.01,93,80817,卖盘
1573,13:34:18,8.7,0.01,4,3479,买盘
1574,13:34:15,8.69,-0.01,1,869,卖盘
1575,13:34:12,8.7,0.02,85,73950,买盘
1576,13:34:09,8.68,-0.01,96,83328,卖盘
1577,13:34:06,8.69,--,8,6952,卖盘
1578,13:34:00,8.69,--,59,51271,买盘
1579,13:33:57,8.69,0.01,25,21725,买盘
1580,13:33:54,8.68,--,281,243908,卖盘
1581,13:33:51,8.68,-0.01,9,7812,卖盘
1582,13:33:48,8.69,0.01,117,101673,买盘
1583,13:33:45,8.68,-0.01,10,8680,卖盘
1584,13:33:42,8.69,0.01,197,171193,买盘
1585,13:33:39,8.68,--,115,99820,卖盘
1586,13:33:36,8.68,-0.01,49,42532,卖盘
1587,13:33:33,8.69,0.01,12,10428,买盘
1588,13:33:30,8.68,-0.01,60,52080,卖盘
1589,13:33:27,8.69,0.01,67,58223,买盘
1590,13:33:24,8.68,-0.01,334,289912,卖盘
1591,13:33:21,8.69,-0.01,26,22594,卖盘
1592,13:33:18,8.7,0.01,85,73950,买盘
1593,13:33:15,8.69,-0.01,14,12166,卖盘
1594,13:33:12,8.7,0.01,43,37410,买盘
1595,13:33:09,8.69,--,15,13035,卖盘
1596,13:33:06,8.69,--,60,52140,卖盘
1597,13:33:03,8.69,-0.01,19,16511,卖盘
1598,13:32:57,8.7,0.01,72,62639,买盘
1599,13:32:51,8.69,-0.01,18,15642,卖盘
1600,13:32:48,8.7,--,84,73080,买盘
1601,13:32:45,8.7,--,21,18270,买盘
1602,13:32:42,8.7,0.01,29,25229,买盘
1603,13:32:39,8.69,-0.01,122,106018,卖盘
1604,13:32:36,8.7,--,10,8700,买盘
1605,13:32:33,8.7,--,21,18270,买盘
1606,13:32:30,8.7,0.01,27,23489,买盘
1607,13:32:27,8.69,-0.01,19,16511,卖盘
1608,13:32:24,8.7,--,130,113099,买盘
1609,13:32:21,8.7,0.01,2,1739,买盘
1610,13:32:18,8.69,-0.02,66,57354,卖盘
1611,13:32:15,8.71,--,32,27872,买盘
1612,13:32:09,8.71,0.02,94,81874,买盘
1613,13:32:06,8.69,-0.01,275,238975,卖盘
1614,13:32:03,8.7,--,114,99179,买盘
1615,13:32:00,8.7,--,20,17400,买盘
1616,13:31:57,8.7,--,45,39150,买盘
1617,13:31:51,8.7,--,6,5220,买盘
1618,13:31:48,8.7,-0.01,76,66120,卖盘
1619,13:31:45,8.71,0.01,60,52260,买盘
1620,13:31:42,8.7,--,161,140070,卖盘
1621,13:31:36,8.7,--,11,9570,卖盘
1622,13:31:33,8.7,--,88,76560,卖盘
1623,13:31:30,8.7,-0.01,14,12179,卖盘
1624,13:31:27,8.71,--,38,33098,买盘
1625,13:31:24,8.71,0.01,29,25259,买盘
1626,13:31:21,8.7,--,133,115709,卖盘
1627,13:31:18,8.7,--,59,51329,卖盘
1628,13:31:15,8.7,-0.01,56,48719,卖盘
1629,13:31:12,8.71,0.01,17,14807,买盘
1630,13:31:09,8.7,--,44,38280,卖盘
1631,13:31:06,8.7,--,87,75690,卖盘
1632,13:31:00,8.7,-0.01,154,133980,卖盘
1633,13:30:57,8.71,0.01,55,47905,买盘
1634,13:30:54,8.7,-0.01,37,32189,卖盘
1635,13:30:51,8.71,0.01,461,401531,买盘
1636,13:30:48,8.7,-0.01,114,99179,卖盘
1637,13:30:45,8.71,--,107,93197,买盘
1638,13:30:42,8.71,0.01,163,141973,买盘
1639,13:30:39,8.7,-0.01,16,13919,卖盘
1640,13:30:36,8.71,0.01,152,132392,买盘
1641,13:30:33,8.7,--,10,8700,卖盘
1642,13:30:27,8.7,--,48,41760,卖盘
1643,13:30:21,8.7,0.01,1282,1115340,买盘
1644,13:30:18,8.69,0.01,69,59961,买盘
1645,13:30:15,8.68,-0.01,14,12152,卖盘
1646,13:30:12,8.69,--,320,278080,买盘
1647,13:30:09,8.69,0.01,88,76472,买盘
1648,13:30:06,8.68,--,502,435736,买盘
1649,13:30:03,8.68,0.01,101,87668,买盘
1650,13:29:57,8.67,--,31,26877,卖盘
1651,13:29:54,8.67,-0.01,14,12138,卖盘
1652,13:29:51,8.68,--,6,5208,买盘
1653,13:29:45,8.68,0.01,28,24304,买盘
1654,13:29:42,8.67,--,86,74882,买盘
1655,13:29:39,8.67,--,79,68493,买盘
1656,13:29:36,8.67,--,144,124848,买盘
1657,13:29:33,8.67,0.01,21,18207,买盘
1658,13:29:30,8.66,--,288,249408,卖盘
1659,13:29:27,8.66,-0.01,1,866,卖盘
1660,13:29:24,8.67,0.01,100,86700,买盘
1661,13:29:21,8.66,--,14,12124,卖盘
1662,13:29:18,8.66,--,47,40702,卖盘
1663,13:29:15,8.66,-0.01,56,48496,卖盘
1664,13:29:12,8.67,0.01,61,52887,买盘
1665,13:29:09,8.66,--,36,31176,卖盘
1666,13:29:06,8.66,--,26,22516,卖盘
1667,13:29:03,8.66,--,30,25980,卖盘
1668,13:29:00,8.66,--,490,424340,卖盘
1669,13:28:57,8.66,-0.01,460,398360,卖盘
1670,13:28:54,8.67,--,939,814113,买盘
1671,13:28:51,8.67,0.01,10,8670,买盘
1672,13:28:48,8.66,--,119,103054,卖盘
1673,13:28:45,8.66,-0.01,4,3464,卖盘
1674,13:28:42,8.67,--,54,46818,买盘
1675,13:28:39,8.67,0.01,34,29478,买盘
1676,13:28:36,8.66,--,38,32908,卖盘
1677,13:28:33,8.66,--,10,8660,卖盘
1678,13:28:30,8.66,--,27,23382,卖盘
1679,13:28:27,8.66,--,99,85734,卖盘
1680,13:28:24,8.66,--,14,12124,卖盘
1681,13:28:21,8.66,--,30,25980,卖盘
1682,13:28:18,8.66,--,1,866,卖盘
1683,13:28:15,8.66,--,115,99590,卖盘
1684,13:28:06,8.66,--,522,452052,卖盘
1685,13:28:03,8.66,--,55,47630,卖盘
1686,13:28:00,8.66,--,57,49362,卖盘
1687,13:27:57,8.66,--,574,497084,卖盘
1688,13:27:54,8.66,--,4,3464,卖盘
1689,13:27:51,8.66,--,77,66682,卖盘
1690,13:27:48,8.66,--,42,36372,卖盘
1691,13:27:45,8.66,--,35,30310,卖盘
1692,13:27:42,8.66,--,28,24248,卖盘
1693,13:27:39,8.66,--,116,100456,卖盘
1694,13:27:36,8.66,-0.01,14,12124,卖盘
1695,13:27:33,8.67,0.01,22,19074,买盘
1696,13:27:30,8.66,--,98,84868,卖盘
1697,13:27:27,8.66,--,52,45032,卖盘
1698,13:27:24,8.66,--,110,95260,卖盘
1699,13:27:21,8.66,-0.01,277,239882,卖盘
1700,13:27:18,8.67,0.01,21,18207,买盘
1701,13:27:15,8.66,-0.01,281,243346,卖盘
1702,13:27:12,8.67,0.01,178,154326,买盘
1703,13:27:09,8.66,--,155,134230,卖盘
1704,13:27:06,8.66,--,49,42434,卖盘
1705,13:27:03,8.66,--,14,12124,卖盘
1706,13:27:00,8.66,--,55,47630,卖盘
1707,13:26:57,8.66,--,61,52826,卖盘
1708,13:26:54,8.66,--,13,11258,卖盘
1709,13:26:51,8.66,--,86,74476,卖盘
1710,13:26:48,8.66,-0.01,6,5196,卖盘
1711,13:26:45,8.67,0.01,772,669324,买盘
1712,13:26:42,8.66,--,108,93528,买盘
1713,13:26:39,8.66,--,923,799318,买盘
1714,13:26:36,8.66,--,223,193118,卖盘
1715,13:26:33,8.66,--,455,394030,卖盘
1716,13:26:30,8.66,-0.01,176,152416,卖盘
1717,13:26:27,8.67,0.01,377,326859,买盘
1718,13:26:24,8.66,--,230,199180,卖盘
1719,13:26:21,8.66,--,42,36372,卖盘
1720,13:26:18,8.66,--,51,44166,卖盘
1721,13:26:15,8.66,-0.01,76,65816,卖盘
1722,13:26:12,8.67,0.01,36,31212,买盘
1723,13:26:09,8.66,--,161,139426,卖盘
1724,13:26:06,8.66,--,306,264996,卖盘
1725,13:26:03,8.66,-0.01,34,29444,卖盘
1726,13:26:00,8.67,0.01,69,59823,买盘
1727,13:25:57,8.66,-0.01,40,34640,卖盘
1728,13:25:54,8.67,--,99,85833,买盘
1729,13:25:51,8.67,0.01,37,32079,买盘
1730,13:25:48,8.66,--,54,46764,卖盘
1731,13:25:45,8.66,--,85,73610,卖盘
1732,13:25:42,8.66,--,12,10392,卖盘
1733,13:25:39,8.66,-0.01,44,38104,卖盘
1734,13:25:36,8.67,0.01,61,52887,买盘
1735,13:25:33,8.66,--,6,5196,卖盘
1736,13:25:30,8.66,--,10,8660,卖盘
1737,13:25:27,8.66,--,68,58888,卖盘
1738,13:25:24,8.66,--,1,866,卖盘
1739,13:25:18,8.66,--,100,86600,卖盘
1740,13:25:15,8.66,-0.01,63,54558,卖盘
1741,13:25:12,8.67,0.01,72,62424,买盘
1742,13:25:09,8.66,--,102,88332,卖盘
1743,13:25:06,8.66,--,48,41568,卖盘
1744,13:25:03,8.66,--,765,662490,卖盘
1745,13:25:00,8.66,--,52,45032,卖盘
1746,13:24:57,8.66,--,167,144622,卖盘
1747,13:24:54,8.66,-0.01,27,23382,卖盘
1748,13:24:51,8.67,0.01,11,9537,买盘
1749,13:24:48,8.66,--,60,51960,卖盘
1750,13:24:45,8.66,--,239,206974,卖盘
1751,13:24:42,8.66,-0.01,15,12990,卖盘
1752,13:24:39,8.67,--,2,1734,买盘
1753,13:24:36,8.67,--,181,156927,卖盘
1754,13:24:33,8.67,-0.01,337,292179,卖盘
1755,13:24:30,8.68,0.01,582,505176,买盘
1756,13:24:27,8.67,-0.01,133,115311,卖盘
1757,13:24:24,8.68,0.01,22,19096,买盘
1758,13:24:21,8.67,--,423,366741,卖盘
1759,13:24:18,8.67,-0.01,184,159528,卖盘
1760,13:24:15,8.68,--,175,151900,买盘
1761,13:24:12,8.68,--,10,8680,买盘
1762,13:24:09,8.68,--,187,162316,买盘
1763,13:24:06,8.68,--,18,15624,买盘
1764,13:24:03,8.68,0.01,11,9548,买盘
1765,13:24:00,8.67,--,20,17340,卖盘
1766,13:23:57,8.67,-0.01,43,37281,卖盘
1767,13:23:54,8.68,--,300,260400,卖盘
1768,13:23:51,8.68,--,16,13888,卖盘
1769,13:23:48,8.68,-0.01,890,772520,卖盘
1770,13:23:45,8.69,0.01,30,26070,买盘
1771,13:23:42,8.68,-0.01,307,266476,卖盘
1772,13:23:39,8.69,0.01,1,869,买盘
1773,13:23:36,8.68,-0.01,96,83328,卖盘
1774,13:23:30,8.69,0.01,29,25201,买盘
1775,13:23:27,8.68,--,31,26908,卖盘
1776,13:23:24,8.68,-0.01,13,11284,卖盘
1777,13:23:21,8.69,0.01,62,53878,买盘
1778,13:23:18,8.68,--,67,58156,卖盘
1779,13:23:15,8.68,--,60,52080,卖盘
1780,13:23:12,8.68,--,46,39928,卖盘
1781,13:23:09,8.68,-0.01,130,112840,卖盘
1782,13:23:06,8.69,0.01,59,51271,买盘
1783,13:23:03,8.68,-0.01,18,15624,卖盘
1784,13:23:00,8.69,--,34,29546,买盘
1785,13:22:57,8.69,0.01,48,41712,买盘
1786,13:22:54,8.68,--,5,4340,卖盘
1787,13:22:51,8.68,-0.01,126,109368,卖盘
1788,13:22:48,8.69,--,10,8690,买盘
1789,13:22:45,8.69,0.01,19,16511,买盘
1790,13:22:42,8.68,-0.01,187,162316,卖盘
1791,13:22:39,8.69,-0.01,14,12166,卖盘
1792,13:22:36,8.7,0.02,29,25229,买盘
1793,13:22:33,8.68,-0.01,34,29512,卖盘
1794,13:22:30,8.69,--,16,13904,买盘
1795,13:22:27,8.69,--,12,10428,买盘
1796,13:22:24,8.69,--,55,47795,买盘
1797,13:22:21,8.69,-0.01,104,90376,卖盘
1798,13:22:18,8.7,0.01,82,71340,买盘
1799,13:22:12,8.69,--,20,17380,卖盘
1800,13:22:06,8.69,--,28,24332,卖盘
1801,13:22:00,8.69,-0.01,10,8690,卖盘
1802,13:21:57,8.7,--,47,40890,买盘
1803,13:21:54,8.7,0.01,23,20010,买盘
1804,13:21:51,8.69,--,72,62568,卖盘
1805,13:21:48,8.69,-0.01,133,115577,卖盘
1806,13:21:45,8.7,--,65,56549,买盘
1807,13:21:42,8.7,--,67,58289,买盘
1808,13:21:39,8.7,0.01,100,87000,买盘
1809,13:21:33,8.69,--,16,13904,买盘
1810,13:21:30,8.69,--,194,168586,买盘
1811,13:21:27,8.69,--,2,1738,买盘
1812,13:21:24,8.69,--,95,82555,买盘
1813,13:21:21,8.69,0.01,28,24332,卖盘
1814,13:21:18,8.68,-0.01,34,29512,卖盘
1815,13:21:12,8.69,-0.01,57,49533,卖盘
1816,13:21:06,8.7,0.01,32,27839,买盘
1817,13:21:03,8.69,--,40,34760,卖盘
1818,13:21:00,8.69,--,15,13035,卖盘
1819,13:20:57,8.69,--,97,84293,买盘
1820,13:20:54,8.69,0.01,55,47795,买盘
1821,13:20:51,8.68,--,39,33852,卖盘
1822,13:20:48,8.68,--,126,109368,卖盘
1823,13:20:45,8.68,-0.01,406,352408,卖盘
1824,13:20:42,8.69,--,68,59092,买盘
1825,13:20:39,8.69,0.01,175,152075,买盘
1826,13:20:36,8.68,-0.01,259,224812,卖盘
1827,13:20:30,8.69,0.01,418,363242,买盘
1828,13:20:27,8.68,-0.01,31,26908,卖盘
1829,13:20:24,8.69,--,33,28677,买盘
1830,13:20:21,8.69,-0.01,42,36498,卖盘
1831,13:20:18,8.7,0.01,31,26969,买盘
1832,13:20:15,8.69,--,15,13035,卖盘
1833,13:20:12,8.69,--,50,43450,卖盘
1834,13:20:09,8.69,--,105,91245,卖盘
1835,13:20:06,8.69,-0.01,66,57354,中性盘
1836,13:20:03,8.7,0.02,211,183569,买盘
1837,13:20:00,8.68,--,40,34720,卖盘
1838,13:19:54,8.68,--,64,55552,卖盘
1839,13:19:51,8.68,--,58,50344,卖盘
1840,13:19:48,8.68,-0.02,55,47740,卖盘
1841,13:19:45,8.7,0.02,39,33930,买盘
1842,13:19:42,8.68,-0.01,115,99820,卖盘
1843,13:19:39,8.69,--,216,187704,卖盘
1844,13:19:33,8.69,--,2,1738,卖盘
1845,13:19:30,8.69,-0.01,81,70389,卖盘
1846,13:19:24,8.7,--,23,20010,买盘
1847,13:19:21,8.7,0.01,127,110489,买盘
1848,13:19:18,8.69,-0.01,30,26070,卖盘
1849,13:19:15,8.7,0.01,20,17400,买盘
1850,13:19:12,8.69,-0.01,6,5214,卖盘
1851,13:19:09,8.7,--,100,87000,买盘
1852,13:19:06,8.7,--,6,5220,买盘
1853,13:19:03,8.7,--,111,96569,卖盘
1854,13:19:00,8.7,--,5,4350,卖盘
1855,13:18:57,8.7,-0.01,24,20880,卖盘
1856,13:18:54,8.71,0.02,29,25259,买盘
1857,13:18:51,8.69,--,59,51271,卖盘
1858,13:18:48,8.69,--,650,564850,卖盘
1859,13:18:45,8.69,--,90,78210,卖盘
1860,13:18:42,8.69,--,51,44319,卖盘
1861,13:18:39,8.69,--,174,151206,卖盘
1862,13:18:36,8.69,-0.01,28,24332,卖盘
1863,13:18:33,8.7,--,58,50459,买盘
1864,13:18:30,8.7,--,11,9570,买盘
1865,13:18:24,8.7,0.01,99,86826,买盘
1866,13:18:21,8.69,--,41,35629,买盘
1867,13:18:18,8.69,0.01,51,44319,买盘
1868,13:18:15,8.68,--,31,26908,卖盘
1869,13:18:12,8.68,-0.01,1,868,卖盘
1870,13:18:09,8.69,--,611,530959,买盘
1871,13:18:06,8.69,--,26,22594,买盘
1872,13:18:03,8.69,-0.02,1502,1305411,卖盘
1873,13:18:00,8.71,--,1,871,买盘
1874,13:17:57,8.71,0.02,20,17420,买盘
1875,13:17:54,8.69,-0.02,96,83424,卖盘
1876,13:17:51,8.71,0.02,31,27001,买盘
1877,13:17:48,8.69,-0.02,35,30415,卖盘
1878,13:17:45,8.71,0.01,148,128908,买盘
1879,13:17:42,8.7,--,258,225008,卖盘
1880,13:17:39,8.7,--,13,11309,卖盘
1881,13:17:36,8.7,-0.01,600,521999,卖盘
1882,13:17:33,8.71,--,63,54873,买盘
1883,13:17:30,8.71,--,17,14807,买盘
1884,13:17:27,8.71,--,89,77519,买盘
1885,13:17:24,8.71,0.01,65,56615,买盘
1886,13:17:18,8.7,--,51,44370,卖盘
1887,13:17:15,8.7,--,16,13919,卖盘
1888,13:17:12,8.7,-0.01,37,32189,卖盘
1889,13:17:09,8.71,0.01,2,1742,买盘
1890,13:17:06,8.7,--,43,37410,卖盘
1891,13:17:03,8.7,-0.01,16,13919,卖盘
1892,13:16:57,8.71,--,141,122811,卖盘
1893,13:16:54,8.71,0.01,125,108875,买盘
1894,13:16:51,8.7,-0.01,44,38280,卖盘
1895,13:16:48,8.71,0.01,60,52260,买盘
1896,13:16:45,8.7,-0.01,47,40890,卖盘
1897,13:16:42,8.71,0.01,8,6968,买盘
1898,13:16:39,8.7,--,81,70470,卖盘
1899,13:16:36,8.7,--,9,7829,卖盘
1900,13:16:33,8.7,-0.02,49,42630,卖盘
1901,13:16:30,8.72,0.01,63,54936,买盘
1902,13:16:27,8.71,0.01,34,29614,中性盘
1903,13:16:24,8.7,--,13,11309,卖盘
1904,13:16:21,8.7,--,1363,1186305,卖盘
1905,13:16:18,8.7,--,35,30449,卖盘
1906,13:16:15,8.7,--,72,62639,卖盘
1907,13:16:12,8.7,--,25,21750,卖盘
1908,13:16:09,8.7,--,36,31319,卖盘
1909,13:16:06,8.7,--,103,89609,卖盘
1910,13:16:03,8.7,--,138,120059,卖盘
1911,13:16:00,8.7,-0.01,75,65249,卖盘
1912,13:15:57,8.71,--,50,43550,买盘
1913,13:15:54,8.71,0.01,8,6968,买盘
1914,13:15:51,8.7,-0.01,23,20010,卖盘
1915,13:15:48,8.71,--,20,17420,买盘
1916,13:15:45,8.71,--,13,11323,买盘
1917,13:15:42,8.71,0.01,5,4355,买盘
1918,13:15:39,8.7,-0.01,116,100919,卖盘
1919,13:15:36,8.71,--,47,40937,买盘
1920,13:15:33,8.71,--,63,54873,买盘
1921,13:15:30,8.71,0.01,31,27001,买盘
1922,13:15:27,8.7,--,14,12179,卖盘
1923,13:15:24,8.7,--,54,46979,卖盘
1924,13:15:15,8.7,--,163,141810,卖盘
1925,13:15:12,8.7,-0.01,1,869,卖盘
1926,13:15:09,8.71,0.01,54,47034,买盘
1927,13:15:06,8.7,-0.01,20,17400,卖盘
1928,13:15:00,8.71,--,59,51389,买盘
1929,13:14:57,8.71,--,5,4355,买盘
1930,13:14:54,8.71,0.01,17,14807,买盘
1931,13:14:51,8.7,-0.01,49,42630,卖盘
1932,13:14:48,8.71,0.01,12,10452,买盘
1933,13:14:45,8.7,-0.01,154,133980,卖盘
1934,13:14:42,8.71,0.01,183,159393,买盘
1935,13:14:39,8.7,-0.01,80,69600,卖盘
1936,13:14:33,8.71,0.01,193,168103,买盘
1937,13:14:30,8.7,-0.01,71,61769,卖盘
1938,13:14:27,8.71,--,2,1742,买盘
1939,13:14:24,8.71,0.01,12,10452,买盘
1940,13:14:21,8.7,--,74,64379,卖盘
1941,13:14:15,8.7,-0.01,9,7829,卖盘
1942,13:14:12,8.71,0.01,21,18291,买盘
1943,13:14:09,8.7,--,37,32189,卖盘
1944,13:14:06,8.7,-0.01,4,3479,卖盘
1945,13:14:00,8.71,--,64,55744,买盘
1946,13:13:57,8.71,--,50,43550,买盘
1947,13:13:54,8.71,0.01,90,78390,买盘
1948,13:13:51,8.7,--,7,6089,卖盘
1949,13:13:48,8.7,-0.01,58,50459,卖盘
1950,13:13:45,8.71,--,73,63583,买盘
1951,13:13:42,8.71,0.01,86,74906,买盘
1952,13:13:39,8.7,--,68,59159,卖盘
1953,13:13:36,8.7,--,38,33060,卖盘
1954,13:13:33,8.7,--,2,1739,卖盘
1955,13:13:30,8.7,--,51,44370,卖盘
1956,13:13:27,8.7,--,51,44370,卖盘
1957,13:13:24,8.7,--,12,10440,卖盘
1958,13:13:21,8.7,0.01,411,358265,买盘
1959,13:13:18,8.69,--,228,198132,卖盘
1960,13:13:15,8.69,--,24,20856,卖盘
1961,13:13:12,8.69,-0.01,101,87769,卖盘
1962,13:13:09,8.7,--,11,9570,买盘
1963,13:13:06,8.7,0.01,83,72210,买盘
1964,13:13:03,8.69,-0.01,64,55616,卖盘
1965,13:13:00,8.7,0.01,304,264480,买盘
1966,13:12:57,8.69,--,100,86900,卖盘
1967,13:12:54,8.69,-0.01,67,58223,卖盘
1968,13:12:51,8.7,--,825,717749,买盘
1969,13:12:48,8.7,0.01,11,9570,买盘
1970,13:12:45,8.69,--,63,54747,卖盘
1971,13:12:42,8.69,--,10,8690,卖盘
1972,13:12:39,8.69,--,45,39105,卖盘
1973,13:12:36,8.69,-0.01,1,869,卖盘
1974,13:12:33,8.7,--,1,869,买盘
1975,13:12:30,8.7,--,72,62639,买盘
1976,13:12:27,8.7,--,43,37410,买盘
1977,13:12:24,8.7,--,142,123887,卖盘
1978,13:12:21,8.7,--,59,51329,卖盘
1979,13:12:18,8.7,--,40,34800,卖盘
1980,13:12:15,8.7,--,29,25229,卖盘
1981,13:12:12,8.7,--,375,326250,卖盘
1982,13:12:09,8.7,--,68,59159,卖盘
1983,13:12:06,8.7,--,121,105269,卖盘
1984,13:12:03,8.7,--,113,98309,卖盘
1985,13:12:00,8.7,--,84,73080,卖盘
1986,13:11:57,8.7,--,785,682950,卖盘
1987,13:11:54,8.7,--,164,142680,卖盘
1988,13:11:51,8.7,--,461,401069,卖盘
1989,13:11:48,8.7,--,562,488939,卖盘
1990,13:11:45,8.7,--,222,193139,卖盘
1991,13:11:42,8.7,-0.01,5,4350,卖盘
1992,13:11:39,8.71,0.01,41,35711,买盘
1993,13:11:36,8.7,--,40,34800,卖盘
1994,13:11:33,8.7,--,54,46979,卖盘
1995,13:11:30,8.7,--,15,13049,卖盘
1996,13:11:27,8.7,--,10,8700,卖盘
1997,13:11:24,8.7,--,15,13049,卖盘
1998,13:11:21,8.7,--,13,11309,卖盘
1999,13:11:18,8.7,--,110,95699,卖盘
2000,13:11:15,8.7,--,24,20880,卖盘
2001,13:11:12,8.7,--,625,543750,卖盘
2002,13:11:06,8.7,--,44,38280,卖盘
2003,13:11:03,8.7,--,138,120059,卖盘
2004,13:11:00,8.7,-0.01,120,104399,卖盘
2005,13:10:54,8.71,--,15,13065,买盘
2006,13:10:51,8.71,--,183,159393,卖盘
2007,13:10:48,8.71,--,150,130650,卖盘
2008,13:10:45,8.71,--,65,56615,卖盘
2009,13:10:42,8.71,--,133,115843,卖盘
2010,13:10:39,8.71,--,142,123682,卖盘
2011,13:10:36,8.71,-0.01,103,89713,卖盘
2012,13:10:33,8.72,0.01,88,76736,买盘
2013,13:10:30,8.71,--,107,93197,卖盘
2014,13:10:27,8.71,-0.01,17,14807,卖盘
2015,13:10:24,8.72,--,49,42728,买盘
2016,13:10:21,8.72,--,20,17440,买盘
2017,13:10:18,8.72,0.01,72,62784,买盘
2018,13:10:15,8.71,--,18,15678,卖盘
2019,13:10:12,8.71,-0.01,1,871,卖盘
2020,13:10:09,8.72,--,26,22672,买盘
2021,13:10:06,8.72,0.01,49,42728,买盘
2022,13:10:03,8.71,-0.01,6,5226,卖盘
2023,13:10:00,8.72,0.01,11,9592,买盘
2024,13:09:57,8.71,--,26,22646,卖盘
2025,13:09:54,8.71,--,32,27872,卖盘
2026,13:09:51,8.71,-0.01,109,94939,卖盘
2027,13:09:45,8.72,0.01,33,28776,买盘
2028,13:09:42,8.71,--,89,77519,卖盘
2029,13:09:39,8.71,--,39,33969,卖盘
2030,13:09:36,8.71,--,5,4355,卖盘
2031,13:09:33,8.71,--,59,51389,卖盘
2032,13:09:30,8.71,-0.01,42,36582,卖盘
2033,13:09:27,8.72,0.01,3,2616,买盘
2034,13:09:24,8.71,--,83,72293,卖盘
2035,13:09:21,8.71,--,87,75777,卖盘
2036,13:09:15,8.71,-0.01,15,13065,卖盘
2037,13:09:12,8.72,0.01,26,22672,买盘
2038,13:09:09,8.71,-0.01,24,20904,卖盘
2039,13:09:06,8.72,0.01,26,22672,买盘
2040,13:09:03,8.71,--,6,5226,卖盘
2041,13:09:00,8.71,--,12,10452,卖盘
2042,13:08:54,8.71,--,28,24388,卖盘
2043,13:08:51,8.71,--,75,65325,卖盘
2044,13:08:48,8.71,-0.01,93,81003,卖盘
2045,13:08:45,8.72,0.01,1,872,买盘
2046,13:08:42,8.71,--,205,178555,卖盘
2047,13:08:39,8.71,--,52,45292,卖盘
2048,13:08:36,8.71,0.01,518,451178,买盘
2049,13:08:33,8.7,--,116,100919,卖盘
2050,13:08:30,8.7,--,253,220109,卖盘
2051,13:08:27,8.7,--,40,34800,卖盘
2052,13:08:24,8.7,-0.01,20,17400,卖盘
2053,13:08:21,8.71,0.01,60,52260,买盘
2054,13:08:18,8.7,--,59,51329,卖盘
2055,13:08:15,8.7,-0.01,64,55679,卖盘
2056,13:08:12,8.71,--,21,18291,买盘
2057,13:08:09,8.71,--,137,119327,卖盘
2058,13:08:06,8.71,--,7,6097,卖盘
2059,13:08:03,8.71,--,15,13065,卖盘
2060,13:08:00,8.71,-0.01,48,41808,卖盘
2061,13:07:54,8.72,0.01,92,80224,买盘
2062,13:07:51,8.71,--,28,24388,卖盘
2063,13:07:48,8.71,--,123,107133,卖盘
2064,13:07:45,8.71,-0.01,16,13936,卖盘
2065,13:07:42,8.72,--,58,50576,买盘
2066,13:07:39,8.72,--,2,1744,买盘
2067,13:07:36,8.72,0.01,9,7848,买盘
2068,13:07:33,8.71,--,20,17420,卖盘
2069,13:07:30,8.71,--,79,68809,卖盘
2070,13:07:27,8.71,--,38,33098,卖盘
2071,13:07:24,8.71,--,6,5226,卖盘
2072,13:07:21,8.71,--,25,21775,卖盘
2073,13:07:18,8.71,--,13,11323,卖盘
2074,13:07:15,8.71,--,4,3484,卖盘
2075,13:07:12,8.71,-0.01,53,46163,卖盘
2076,13:07:09,8.72,--,34,29648,买盘
2077,13:07:06,8.72,--,36,31392,买盘
2078,13:07:03,8.72,0.01,8,6976,买盘
2079,13:07:00,8.71,--,1,871,卖盘
2080,13:06:57,8.71,--,12,10452,卖盘
2081,13:06:51,8.71,--,3,2613,卖盘
2082,13:06:45,8.71,-0.01,54,47034,卖盘
2083,13:06:42,8.72,0.01,3,2616,买盘
2084,13:06:36,8.71,--,34,29614,卖盘
2085,13:06:33,8.71,-0.01,15,13065,卖盘
2086,13:06:30,8.72,0.01,28,24416,买盘
2087,13:06:27,8.71,--,39,33969,卖盘
2088,13:06:24,8.71,--,24,20904,卖盘
2089,13:06:21,8.71,--,5,4355,卖盘
2090,13:06:15,8.71,--,4,3484,卖盘
2091,13:06:12,8.71,--,31,27001,卖盘
2092,13:06:09,8.71,--,122,106262,卖盘
2093,13:06:06,8.71,-0.01,10,8710,卖盘
2094,13:06:03,8.72,0.01,4,3488,买盘
2095,13:06:00,8.71,--,13,11323,卖盘
2096,13:05:57,8.71,0.01,7,6097,买盘
2097,13:05:51,8.7,-0.01,14,12179,卖盘
2098,13:05:48,8.71,0.01,13,11323,买盘
2099,13:05:45,8.7,-0.01,342,297540,卖盘
2100,13:05:42,8.71,--,9,7839,卖盘
2101,13:05:39,8.71,--,13,11323,卖盘
2102,13:05:36,8.71,-0.01,1,871,卖盘
2103,13:05:33,8.72,0.02,226,197072,买盘
2104,13:05:30,8.7,-0.01,523,455009,卖盘
2105,13:05:27,8.71,--,59,51389,卖盘
2106,13:05:24,8.71,--,367,319657,卖盘
2107,13:05:21,8.71,--,26,22646,卖盘
2108,13:05:18,8.71,--,15,13065,卖盘
2109,13:05:15,8.71,--,33,28743,卖盘
2110,13:05:12,8.71,--,424,369304,卖盘
2111,13:05:09,8.71,0.01,6,5226,买盘
2112,13:05:06,8.7,--,324,281880,卖盘
2113,13:05:03,8.7,-0.02,343,298410,卖盘
2114,13:04:57,8.72,0.01,77,67144,买盘
2115,13:04:54,8.71,--,53,46163,卖盘
2116,13:04:51,8.71,--,2,1742,卖盘
2117,13:04:48,8.71,--,59,51389,卖盘
2118,13:04:45,8.71,--,358,311818,卖盘
2119,13:04:42,8.71,-0.01,17,14807,卖盘
2120,13:04:36,8.72,0.01,20,17440,买盘
2121,13:04:33,8.71,--,34,29614,卖盘
2122,13:04:30,8.71,--,35,30485,卖盘
2123,13:04:27,8.71,0.01,66,57486,卖盘
2124,13:04:24,8.7,-0.01,362,314940,卖盘
2125,13:04:21,8.71,--,12,10452,卖盘
2126,13:04:15,8.71,--,31,27001,卖盘
2127,13:04:12,8.71,-0.01,62,54002,卖盘
2128,13:04:09,8.72,--,85,74120,买盘
2129,13:04:06,8.72,--,14,12208,买盘
2130,13:04:03,8.72,0.01,2,1744,买盘
2131,13:04:00,8.71,-0.01,15,13065,卖盘
2132,13:03:57,8.72,--,20,17440,买盘
2133,13:03:54,8.72,0.01,2000,1744000,买盘
2134,13:03:51,8.71,--,28,24388,卖盘
2135,13:03:48,8.71,-0.01,34,29614,卖盘
2136,13:03:45,8.72,--,20,17440,买盘
2137,13:03:42,8.72,0.01,2,1744,买盘
2138,13:03:39,8.71,--,22,19162,卖盘
2139,13:03:36,8.71,-0.01,34,29614,卖盘
2140,13:03:33,8.72,--,103,89816,买盘
2141,13:03:27,8.72,0.01,92,80224,买盘
2142,13:03:24,8.71,--,68,59228,卖盘
2143,13:03:21,8.71,--,10,8710,卖盘
2144,13:03:18,8.71,--,3,2613,卖盘
2145,13:03:15,8.71,-0.01,31,27001,卖盘
2146,13:03:12,8.72,--,3,2616,买盘
2147,13:03:09,8.72,0.01,2,1744,买盘
2148,13:03:06,8.71,--,11,9581,卖盘
2149,13:03:03,8.71,--,65,56615,卖盘
2150,13:03:00,8.71,-0.01,44,38324,卖盘
2151,13:02:57,8.72,--,2,1744,买盘
2152,13:02:54,8.72,--,22,19184,买盘
2153,13:02:51,8.72,0.01,6,5232,买盘
2154,13:02:48,8.71,-0.01,20,17420,卖盘
2155,13:02:45,8.72,0.01,1,872,买盘
2156,13:02:42,8.71,-0.01,64,55744,卖盘
2157,13:02:36,8.72,--,22,19184,买盘
2158,13:02:33,8.72,0.01,16,13952,买盘
2159,13:02:30,8.71,--,14,12194,卖盘
2160,13:02:27,8.71,-0.01,17,14807,卖盘
2161,13:02:24,8.72,0.01,78,68016,买盘
2162,13:02:21,8.71,-0.01,78,67938,卖盘
2163,13:02:18,8.72,0.01,7,6104,买盘
2164,13:02:15,8.71,--,3,2613,卖盘
2165,13:02:12,8.71,-0.01,66,57486,卖盘
2166,13:02:09,8.72,0.01,26,22672,买盘
2167,13:02:06,8.71,-0.01,84,73164,卖盘
2168,13:02:03,8.72,0.01,13,11336,买盘
2169,13:02:00,8.71,--,30,26130,卖盘
2170,13:01:57,8.71,--,12,10452,卖盘
2171,13:01:54,8.71,--,5,4355,卖盘
2172,13:01:51,8.71,--,3,2613,卖盘
2173,13:01:48,8.71,--,99,86229,卖盘
2174,13:01:45,8.71,--,4,3484,卖盘
2175,13:01:42,8.71,-0.01,1,871,卖盘
2176,13:01:36,8.72,0.01,25,21800,买盘
2177,13:01:33,8.71,--,52,45292,卖盘
2178,13:01:30,8.71,-0.01,586,510406,卖盘
2179,13:01:27,8.72,0.01,50,43600,买盘
2180,13:01:24,8.71,--,34,29614,卖盘
2181,13:01:18,8.71,--,33,28743,卖盘
2182,13:01:15,8.71,--,13,11323,卖盘
2183,13:01:12,8.71,--,10,8710,卖盘
2184,13:01:09,8.71,--,18,15678,卖盘
2185,13:01:06,8.71,--,9,7839,卖盘
2186,13:01:03,8.71,--,62,54002,卖盘
2187,13:01:00,8.71,-0.01,1,871,卖盘
2188,13:00:54,8.72,0.01,1,872,买盘
2189,13:00:51,8.71,0.01,48,42330,买盘
2190,13:00:48,8.7,--,1,869,卖盘
2191,13:00:45,8.7,--,14,12179,卖盘
2192,13:00:42,8.7,-0.01,13,11309,卖盘
2193,13:00:36,8.71,--,601,523819,卖盘
2194,13:00:33,8.71,-0.01,15,13065,卖盘
2195,13:00:30,8.72,0.01,254,221488,买盘
2196,13:00:27,8.71,--,10,8710,卖盘
2197,13:00:24,8.71,--,18,15678,卖盘
2198,13:00:21,8.71,--,536,466856,卖盘
2199,13:00:18,8.71,-0.01,27,23517,卖盘
2200,13:00:15,8.72,--,212,184864,买盘
2201,13:00:09,8.72,--,27,23544,买盘
2202,13:00:06,8.72,--,285,248520,买盘
2203,13:00:03,8.72,--,2147,1872184,卖盘
2204,13:00:00,8.72,--,0,0,卖盘
2205,11:30:00,8.72,0.01,10,8720,买盘
2206,11:29:57,8.71,--,14,12194,卖盘
2207,11:29:54,8.71,--,1,871,卖盘
2208,11:29:51,8.71,-0.01,20,17420,卖盘
2209,11:29:45,8.72,--,1172,1021984,买盘
2210,11:29:42,8.72,0.01,12,10464,买盘
2211,11:29:39,8.71,-0.01,50,43550,卖盘
2212,11:29:36,8.72,0.01,303,264216,买盘
2213,11:29:33,8.71,-0.01,34,29614,卖盘
2214,11:29:30,8.72,0.01,75,65400,买盘
2215,11:29:27,8.71,--,1,871,卖盘
2216,11:29:21,8.71,--,132,114972,卖盘
2217,11:29:18,8.71,--,57,50169,卖盘
2218,11:29:15,8.71,--,185,161135,卖盘
2219,11:29:12,8.71,--,21,18291,卖盘
2220,11:29:09,8.71,--,26,22646,卖盘
2221,11:29:06,8.71,--,152,132392,卖盘
2222,11:29:03,8.71,--,88,76648,卖盘
2223,11:29:00,8.71,--,28,24388,卖盘
2224,11:28:57,8.71,--,20,17420,卖盘
2225,11:28:54,8.71,--,21,18291,卖盘
2226,11:28:51,8.71,--,18,15678,卖盘
2227,11:28:48,8.71,--,26,22646,卖盘
2228,11:28:45,8.71,--,24,20904,卖盘
2229,11:28:42,8.71,--,26,22646,卖盘
2230,11:28:39,8.71,--,92,80132,卖盘
2231,11:28:36,8.71,--,20,17420,卖盘
2232,11:28:33,8.71,--,20,17420,卖盘
2233,11:28:30,8.71,0.01,170,148070,买盘
2234,11:28:27,8.7,-0.01,81,70470,卖盘
2235,11:28:24,8.71,--,1072,933712,卖盘
2236,11:28:21,8.71,--,306,266526,买盘
2237,11:28:18,8.71,0.01,347,302237,买盘
2238,11:28:15,8.7,-0.01,51,44370,卖盘
2239,11:28:12,8.71,0.01,31,27001,买盘
2240,11:28:09,8.7,--,32,27839,卖盘
2241,11:28:06,8.7,--,82,71340,卖盘
2242,11:28:03,8.7,-0.01,114,99179,卖盘
2243,11:28:00,8.71,--,465,405015,卖盘
2244,11:27:57,8.71,--,370,322270,卖盘
2245,11:27:54,8.71,-0.01,197,171587,卖盘
2246,11:27:51,8.72,0.01,143,124696,买盘
2247,11:27:48,8.71,--,38,33098,卖盘
2248,11:27:45,8.71,--,387,337077,卖盘
2249,11:27:42,8.71,--,101,87971,卖盘
2250,11:27:39,8.71,--,216,188136,卖盘
2251,11:27:36,8.71,-0.01,600,522600,卖盘
2252,11:27:33,8.72,0.01,111,96792,买盘
2253,11:27:30,8.71,-0.01,5,4355,卖盘
2254,11:27:27,8.72,--,1,872,买盘
2255,11:27:24,8.72,--,673,586856,卖盘
2256,11:27:21,8.72,-0.01,88,76736,卖盘
2257,11:27:18,8.73,0.01,90,78570,买盘
2258,11:27:15,8.72,-0.01,96,83712,卖盘
2259,11:27:12,8.73,0.01,13,11349,买盘
2260,11:27:09,8.72,--,232,202304,卖盘
2261,11:27:06,8.72,--,9,7848,卖盘
2262,11:27:03,8.72,--,40,34880,卖盘
2263,11:27:00,8.72,-0.01,615,536280,卖盘
2264,11:26:54,8.73,--,5,4365,买盘
2265,11:26:51,8.73,--,70,61110,卖盘
2266,11:26:48,8.73,--,113,98649,卖盘
2267,11:26:45,8.73,-0.01,25,21825,卖盘
2268,11:26:42,8.74,0.01,11,9614,买盘
2269,11:26:39,8.73,--,1900,1658700,卖盘
2270,11:26:36,8.73,--,11,9603,卖盘
2271,11:26:30,8.73,--,31,27063,卖盘
2272,11:26:27,8.73,--,14,12222,卖盘
2273,11:26:24,8.73,--,82,71586,卖盘
2274,11:26:21,8.73,-0.02,272,237456,卖盘
2275,11:26:18,8.75,--,37,32375,买盘
2276,11:26:15,8.75,0.01,394,344750,买盘
2277,11:26:12,8.74,--,45,39330,卖盘
2278,11:26:09,8.74,--,110,96140,卖盘
2279,11:26:06,8.74,--,26,22724,卖盘
2280,11:26:03,8.74,--,34,29716,卖盘
2281,11:26:00,8.74,--,27,23598,卖盘
2282,11:25:57,8.74,--,666,582084,卖盘
2283,11:25:51,8.74,--,13,11362,卖盘
2284,11:25:48,8.74,--,21,18354,卖盘
2285,11:25:45,8.74,-0.01,8,6992,卖盘
2286,11:25:42,8.75,--,86,75250,买盘
2287,11:25:36,8.75,--,30,26250,买盘
2288,11:25:33,8.75,0.01,2,1750,买盘
2289,11:25:30,8.74,-0.01,54,47196,卖盘
2290,11:25:24,8.75,--,20,17500,买盘
2291,11:25:21,8.75,0.01,111,97125,买盘
2292,11:25:18,8.74,--,53,46322,卖盘
2293,11:25:15,8.74,--,5,4370,卖盘
2294,11:25:12,8.74,--,55,48070,卖盘
2295,11:25:09,8.74,-0.01,46,40204,卖盘
2296,11:25:06,8.75,0.01,57,49875,买盘
2297,11:25:03,8.74,-0.01,32,27968,卖盘
2298,11:25:00,8.75,0.01,14,12250,买盘
2299,11:24:57,8.74,-0.01,13,11362,卖盘
2300,11:24:54,8.75,0.01,6,5250,买盘
2301,11:24:51,8.74,--,5,4370,卖盘
2302,11:24:48,8.74,--,28,24472,卖盘
2303,11:24:45,8.74,-0.01,48,41952,卖盘
2304,11:24:42,8.75,--,37,32375,买盘
2305,11:24:39,8.75,--,65,56875,买盘
2306,11:24:36,8.75,--,55,48125,买盘
2307,11:24:33,8.75,0.01,18,15750,买盘
2308,11:24:30,8.74,-0.01,63,55062,卖盘
2309,11:24:27,8.75,0.01,50,43750,买盘
2310,11:24:24,8.74,-0.01,81,70794,卖盘
2311,11:24:21,8.75,--,34,29750,买盘
2312,11:24:18,8.75,0.01,13,11375,买盘
2313,11:24:15,8.74,--,26,22724,卖盘
2314,11:24:12,8.74,--,80,69920,卖盘
2315,11:24:09,8.74,--,33,28842,卖盘
2316,11:24:06,8.74,--,60,52440,卖盘
2317,11:24:03,8.74,--,173,151202,卖盘
2318,11:24:00,8.74,-0.01,13,11362,卖盘
2319,11:23:57,8.75,0.01,19,16625,买盘
2320,11:23:54,8.74,-0.01,53,46322,卖盘
2321,11:23:51,8.75,0.01,109,95375,买盘
2322,11:23:45,8.74,-0.01,38,33212,卖盘
2323,11:23:42,8.75,0.01,1011,884625,买盘
2324,11:23:39,8.74,-0.01,19,16606,卖盘
2325,11:23:36,8.75,--,8,7000,买盘
2326,11:23:33,8.75,0.01,40,35000,买盘
2327,11:23:27,8.74,--,1101,962274,卖盘
2328,11:23:24,8.74,--,336,293664,卖盘
2329,11:23:21,8.74,--,16,13984,卖盘
2330,11:23:18,8.74,-0.01,62,54188,卖盘
2331,11:23:15,8.75,0.01,143,125125,买盘
2332,11:23:12,8.74,--,10,8740,卖盘
2333,11:23:09,8.74,-0.01,87,76038,卖盘
2334,11:23:06,8.75,0.01,68,59500,买盘
2335,11:23:03,8.74,--,44,38456,卖盘
2336,11:23:00,8.74,--,4,3496,卖盘
2337,11:22:54,8.74,-0.01,18,15732,卖盘
2338,11:22:51,8.75,--,46,40250,买盘
2339,11:22:48,8.75,--,74,64750,买盘
2340,11:22:45,8.75,--,63,55125,买盘
2341,11:22:42,8.75,--,1,875,买盘
2342,11:22:39,8.75,--,10,8750,买盘
2343,11:22:36,8.75,0.01,220,192500,买盘
2344,11:22:33,8.74,-0.01,244,213256,卖盘
2345,11:22:30,8.75,0.01,25,21875,买盘
2346,11:22:24,8.74,--,100,87400,卖盘
2347,11:22:21,8.74,-0.01,31,27094,卖盘
2348,11:22:18,8.75,--,196,171500,买盘
2349,11:22:12,8.75,0.01,30,26250,买盘
2350,11:22:09,8.74,--,49,42826,卖盘
2351,11:22:06,8.74,--,40,34960,卖盘
2352,11:22:00,8.74,-0.01,13,11362,卖盘
2353,11:21:57,8.75,0.01,1,875,买盘
2354,11:21:54,8.74,-0.01,4,3496,卖盘
2355,11:21:51,8.75,0.01,5,4375,买盘
2356,11:21:48,8.74,--,51,44574,卖盘
2357,11:21:45,8.74,--,1,874,卖盘
2358,11:21:42,8.74,--,134,117116,卖盘
2359,11:21:39,8.74,--,66,57684,卖盘
2360,11:21:36,8.74,--,21,18354,卖盘
2361,11:21:33,8.74,-0.01,26,22724,卖盘
2362,11:21:30,8.75,0.01,30,26250,买盘
2363,11:21:27,8.74,--,12,10488,卖盘
2364,11:21:24,8.74,-0.01,186,162564,卖盘
2365,11:21:15,8.75,0.01,54,47250,买盘
2366,11:21:12,8.74,-0.01,21,18354,卖盘
2367,11:21:09,8.75,-0.01,65,56875,卖盘
2368,11:21:06,8.76,0.01,58,50808,买盘
2369,11:21:03,8.75,--,227,198625,卖盘
2370,11:20:57,8.75,--,100,87500,卖盘
2371,11:20:54,8.75,--,38,33250,卖盘
2372,11:20:51,8.75,--,19,16625,卖盘
2373,11:20:48,8.75,--,58,50750,卖盘
2374,11:20:45,8.75,-0.01,1,875,卖盘
2375,11:20:42,8.76,0.01,24,21024,买盘
2376,11:20:39,8.75,--,51,44625,卖盘
2377,11:20:36,8.75,-0.01,36,31500,卖盘
2378,11:20:33,8.76,0.01,14,12264,买盘
2379,11:20:30,8.75,-0.01,14,12250,卖盘
2380,11:20:27,8.76,0.01,115,100740,买盘
2381,11:20:24,8.75,--,40,35000,卖盘
2382,11:20:21,8.75,--,54,47250,卖盘
2383,11:20:18,8.75,-0.01,30,26250,卖盘
2384,11:20:15,8.76,0.01,202,176952,买盘
2385,11:20:12,8.75,--,20,17500,卖盘
2386,11:20:09,8.75,--,13,11375,卖盘
2387,11:20:06,8.75,--,39,34125,卖盘
2388,11:20:03,8.75,--,4,3500,卖盘
2389,11:19:57,8.75,-0.01,15,13125,卖盘
2390,11:19:54,8.76,--,25,21900,买盘
2391,11:19:51,8.76,0.01,87,76212,买盘
2392,11:19:48,8.75,--,49,42875,卖盘
2393,11:19:45,8.75,-0.01,1,875,卖盘
2394,11:19:42,8.76,0.01,1,876,买盘
2395,11:19:36,8.75,--,15,13125,卖盘
2396,11:19:33,8.75,--,2,1750,卖盘
2397,11:19:30,8.75,0.01,109,95375,买盘
2398,11:19:24,8.74,-0.02,110,96140,卖盘
2399,11:19:21,8.76,--,141,123516,买盘
2400,11:19:18,8.76,0.01,181,158556,买盘
2401,11:19:15,8.75,--,52,45500,买盘
2402,11:19:12,8.75,--,5,4375,买盘
2403,11:19:09,8.75,-0.01,159,139125,卖盘
2404,11:19:06,8.76,--,5,4380,买盘
2405,11:19:03,8.76,0.01,247,216372,买盘
2406,11:19:00,8.75,-0.01,131,114625,卖盘
2407,11:18:57,8.76,--,12,10512,买盘
2408,11:18:54,8.76,0.01,30,26280,买盘
2409,11:18:51,8.75,--,72,63000,卖盘
2410,11:18:48,8.75,--,18,15750,买盘
2411,11:18:45,8.75,--,33,28875,中性盘
2412,11:18:42,8.75,--,133,116375,买盘
2413,11:18:39,8.75,-0.01,82,71750,卖盘
2414,11:18:36,8.76,0.01,70,61320,买盘
2415,11:18:33,8.75,-0.01,1,875,卖盘
2416,11:18:30,8.76,0.01,96,84096,买盘
2417,11:18:27,8.75,-0.01,10,8750,中性盘
2418,11:18:21,8.76,0.02,301,263676,买盘
2419,11:18:18,8.74,-0.01,46,40204,卖盘
2420,11:18:15,8.75,0.01,9,7875,买盘
2421,11:18:12,8.74,--,1,874,卖盘
2422,11:18:09,8.74,--,22,19228,卖盘
2423,11:18:06,8.74,--,120,104880,卖盘
2424,11:18:03,8.74,--,35,30590,卖盘
2425,11:18:00,8.74,-0.01,55,48070,卖盘
2426,11:17:57,8.75,0.01,521,455875,买盘
2427,11:17:54,8.74,--,15,13110,卖盘
2428,11:17:51,8.74,--,48,41952,卖盘
2429,11:17:48,8.74,--,209,182666,卖盘
2430,11:17:45,8.74,-0.01,14,12236,卖盘
2431,11:17:42,8.75,0.01,513,448875,买盘
2432,11:17:39,8.74,-0.01,52,45448,卖盘
2433,11:17:36,8.75,0.01,10,8750,买盘
2434,11:17:33,8.74,-0.01,62,54188,卖盘
2435,11:17:30,8.75,0.01,17,14875,买盘
2436,11:17:24,8.74,--,30,26220,卖盘
2437,11:17:21,8.74,--,92,80408,卖盘
2438,11:17:18,8.74,-0.01,235,205390,卖盘
2439,11:17:15,8.75,0.01,58,50750,买盘
2440,11:17:12,8.74,-0.01,14,12236,卖盘
2441,11:17:09,8.75,0.01,69,60375,买盘
2442,11:17:06,8.74,-0.01,65,56810,卖盘
2443,11:17:03,8.75,0.01,100,87500,买盘
2444,11:17:00,8.74,-0.01,14,12236,卖盘
2445,11:16:57,8.75,--,570,498750,卖盘
2446,11:16:54,8.75,-0.01,36,31500,中性盘
2447,11:16:51,8.76,0.02,1,876,买盘
2448,11:16:48,8.74,--,22,19228,卖盘
2449,11:16:45,8.74,-0.01,284,248216,卖盘
2450,11:16:42,8.75,0.01,87,76125,买盘
2451,11:16:39,8.74,--,14,12236,卖盘
2452,11:16:36,8.74,-0.01,43,37582,卖盘
2453,11:16:33,8.75,--,1,875,卖盘
2454,11:16:30,8.75,0.01,25,21875,买盘
2455,11:16:27,8.74,-0.02,13,11362,卖盘
2456,11:16:24,8.76,0.01,42,36792,买盘
2457,11:16:18,8.75,0.01,5,4375,卖盘
2458,11:16:15,8.74,-0.01,14,12236,卖盘
2459,11:16:12,8.75,0.01,38,33250,中性盘
2460,11:16:06,8.74,--,87,76038,卖盘
2461,11:16:03,8.74,-0.01,38,33212,卖盘
2462,11:16:00,8.75,--,749,655375,卖盘
2463,11:15:57,8.75,-0.01,26,22750,卖盘
2464,11:15:54,8.76,--,28,24528,买盘
2465,11:15:51,8.76,--,283,247908,买盘
2466,11:15:48,8.76,0.01,3,2628,买盘
2467,11:15:45,8.75,-0.01,51,44625,卖盘
2468,11:15:42,8.76,0.01,13,11388,买盘
2469,11:15:39,8.75,--,29,25375,卖盘
2470,11:15:33,8.75,--,17,14875,卖盘
2471,11:15:30,8.75,-0.01,28,24500,卖盘
2472,11:15:27,8.76,--,1,876,买盘
2473,11:15:24,8.76,0.01,23,20148,买盘
2474,11:15:21,8.75,-0.01,106,92750,卖盘
2475,11:15:18,8.76,0.01,1,876,买盘
2476,11:15:15,8.75,--,44,38500,卖盘
2477,11:15:12,8.75,--,112,98000,卖盘
2478,11:15:09,8.75,--,13,11375,卖盘
2479,11:15:06,8.75,--,14,12250,卖盘
2480,11:15:03,8.75,-0.01,24,21000,卖盘
2481,11:15:00,8.76,0.01,39,34164,买盘
2482,11:14:57,8.75,-0.01,49,42875,卖盘
2483,11:14:54,8.76,0.01,3,2628,买盘
2484,11:14:51,8.75,--,5,4375,卖盘
2485,11:14:48,8.75,--,29,25375,卖盘
2486,11:14:45,8.75,-0.01,239,209125,卖盘
2487,11:14:42,8.76,--,53,46428,买盘
2488,11:14:39,8.76,0.01,11,9636,买盘
2489,11:14:36,8.75,--,23,20125,卖盘
2490,11:14:33,8.75,--,37,32375,卖盘
2491,11:14:27,8.75,-0.01,23,20125,卖盘
2492,11:14:21,8.76,--,110,96360,买盘
2493,11:14:18,8.76,0.01,66,57816,买盘
2494,11:14:15,8.75,-0.01,14,12250,卖盘
2495,11:14:12,8.76,--,23,20148,买盘
2496,11:14:09,8.76,--,40,35040,买盘
2497,11:14:06,8.76,0.01,51,44676,买盘
2498,11:14:03,8.75,--,98,85750,卖盘
2499,11:14:00,8.75,-0.01,49,42875,卖盘
2500,11:13:57,8.76,--,125,109500,买盘
2501,11:13:54,8.76,0.01,40,35040,买盘
2502,11:13:51,8.75,--,15,13125,卖盘
2503,11:13:48,8.75,--,464,406000,卖盘
2504,11:13:45,8.75,-0.01,1,875,卖盘
2505,11:13:42,8.76,0.01,24,21024,买盘
2506,11:13:39,8.75,--,560,490000,买盘
2507,11:13:33,8.75,0.01,87,76125,买盘
2508,11:13:30,8.74,-0.01,14,12236,卖盘
2509,11:13:27,8.75,0.01,1,875,买盘
2510,11:13:24,8.74,--,10,8740,卖盘
2511,11:13:21,8.74,--,22,19228,卖盘
2512,11:13:18,8.74,-0.01,14,12236,卖盘
2513,11:13:15,8.75,0.01,3,2625,买盘
2514,11:13:12,8.74,-0.01,41,35834,卖盘
2515,11:13:09,8.75,0.01,213,186375,买盘
2516,11:13:06,8.74,--,38,33212,卖盘
2517,11:13:03,8.74,-0.01,29,25346,卖盘
2518,11:13:00,8.75,--,57,49875,买盘
2519,11:12:57,8.75,0.01,82,71750,买盘
2520,11:12:54,8.74,-0.01,218,190532,卖盘
2521,11:12:51,8.75,--,109,95375,买盘
2522,11:12:48,8.75,--,92,80500,买盘
2523,11:12:45,8.75,0.01,51,44625,买盘
2524,11:12:36,8.74,--,18,15732,卖盘
2525,11:12:33,8.74,-0.01,178,155572,卖盘
2526,11:12:30,8.75,0.01,23,20125,买盘
2527,11:12:24,8.74,-0.01,72,62928,卖盘
2528,11:12:21,8.75,--,11,9625,买盘
2529,11:12:18,8.75,--,101,88375,买盘
2530,11:12:15,8.75,0.01,137,119875,买盘
2531,11:12:12,8.74,-0.01,224,195776,卖盘
2532,11:12:06,8.75,0.01,61,53375,买盘
2533,11:12:03,8.74,--,22,19228,卖盘
2534,11:12:00,8.74,--,18,15732,卖盘
2535,11:11:54,8.74,-0.01,42,36708,卖盘
2536,11:11:51,8.75,--,141,123375,买盘
2537,11:11:48,8.75,--,342,299250,卖盘
2538,11:11:45,8.75,-0.01,9,7875,卖盘
2539,11:11:42,8.76,0.01,59,51684,买盘
2540,11:11:39,8.75,-0.01,44,38500,卖盘
2541,11:11:33,8.76,--,20,17520,买盘
2542,11:11:30,8.76,--,162,141912,买盘
2543,11:11:27,8.76,--,37,32412,买盘
2544,11:11:24,8.76,--,1,876,买盘
2545,11:11:21,8.76,--,3,2628,买盘
2546,11:11:18,8.76,0.01,34,29784,卖盘
2547,11:11:15,8.75,-0.02,1270,1111250,卖盘
2548,11:11:12,8.77,0.02,50,43850,买盘
2549,11:11:06,8.75,-0.02,15,13125,卖盘
2550,11:11:03,8.77,0.01,18,15786,买盘
2551,11:11:00,8.76,0.01,4,3504,中性盘
2552,11:10:57,8.75,--,579,506625,卖盘
2553,11:10:54,8.75,-0.01,62,54250,卖盘
2554,11:10:51,8.76,--,218,190968,买盘
2555,11:10:48,8.76,--,126,110376,买盘
2556,11:10:45,8.76,--,15,13140,买盘
2557,11:10:42,8.76,--,1,876,买盘
2558,11:10:36,8.76,0.01,12,10512,买盘
2559,11:10:33,8.75,-0.01,13,11375,卖盘
2560,11:10:30,8.76,--,6,5256,买盘
2561,11:10:27,8.76,--,1,876,买盘
2562,11:10:24,8.76,--,21,18396,买盘
2563,11:10:21,8.76,-0.01,252,220752,卖盘
2564,11:10:18,8.77,--,20,17540,买盘
2565,11:10:12,8.77,0.01,53,46481,买盘
2566,11:10:09,8.76,-0.01,15,13140,卖盘
2567,11:10:06,8.77,0.01,69,60513,买盘
2568,11:10:03,8.76,--,4,3504,卖盘
2569,11:10:00,8.76,--,13,11388,卖盘
2570,11:09:57,8.76,-0.01,19,16644,卖盘
2571,11:09:54,8.77,0.01,44,38588,买盘
2572,11:09:51,8.76,--,5,4380,卖盘
2573,11:09:48,8.76,--,14,12264,卖盘
2574,11:09:45,8.76,--,41,35916,卖盘
2575,11:09:42,8.76,--,130,113880,卖盘
2576,11:09:39,8.76,0.01,121,105996,买盘
2577,11:09:36,8.75,--,62,54250,卖盘
2578,11:09:33,8.75,--,56,49000,卖盘
2579,11:09:30,8.75,--,91,79625,卖盘
2580,11:09:27,8.75,-0.01,13,11375,卖盘
2581,11:09:21,8.76,--,123,107748,买盘
2582,11:09:18,8.76,--,70,61320,买盘
2583,11:09:15,8.76,--,74,64824,买盘
2584,11:09:12,8.76,--,1,876,买盘
2585,11:09:09,8.76,0.01,4,3504,买盘
2586,11:09:03,8.75,-0.01,18,15750,卖盘
2587,11:08:57,8.76,--,29,25404,买盘
2588,11:08:54,8.76,--,606,530856,买盘
2589,11:08:51,8.76,--,55,48180,买盘
2590,11:08:48,8.76,--,38,33288,买盘
2591,11:08:45,8.76,--,1,876,买盘
2592,11:08:42,8.76,--,33,28908,买盘
2593,11:08:36,8.76,0.01,42,36792,买盘
2594,11:08:30,8.75,--,20,17500,卖盘
2595,11:08:21,8.75,--,15,13125,卖盘
2596,11:08:15,8.75,-0.01,88,77000,卖盘
2597,11:08:12,8.76,--,30,26280,卖盘
2598,11:08:09,8.76,--,12,10512,卖盘
2599,11:08:06,8.76,--,28,24528,卖盘
2600,11:08:03,8.76,--,4,3504,卖盘
2601,11:08:00,8.76,0.01,30,26280,买盘
2602,11:07:57,8.75,--,53,46375,卖盘
2603,11:07:54,8.75,-0.01,69,60375,卖盘
2604,11:07:51,8.76,0.01,119,104244,买盘
2605,11:07:48,8.75,-0.01,54,47250,卖盘
2606,11:07:42,8.76,0.01,1,876,买盘
2607,11:07:39,8.75,--,66,57750,卖盘
2608,11:07:36,8.75,-0.01,12,10500,卖盘
2609,11:07:33,8.76,--,2,1752,买盘
2610,11:07:30,8.76,0.01,18,15768,买盘
2611,11:07:24,8.75,-0.01,13,11375,卖盘
2612,11:07:21,8.76,0.01,182,159432,买盘
2613,11:07:18,8.75,--,11,9625,卖盘
2614,11:07:15,8.75,-0.01,13,11375,卖盘
2615,11:07:09,8.76,--,80,70780,卖盘
2616,11:07:06,8.76,--,42,36792,卖盘
2617,11:07:03,8.76,--,281,246331,买盘
2618,11:07:00,8.76,0.01,56,49056,买盘
2619,11:06:57,8.75,-0.01,194,169750,卖盘
2620,11:06:51,8.76,0.01,227,198852,买盘
2621,11:06:48,8.75,-0.01,62,54250,卖盘
2622,11:06:45,8.76,--,1,876,买盘
2623,11:06:42,8.76,0.01,280,245280,买盘
2624,11:06:39,8.75,--,48,42000,卖盘
2625,11:06:36,8.75,--,54,47250,卖盘
2626,11:06:30,8.75,-0.01,18,15750,卖盘
2627,11:06:27,8.76,--,13,11388,买盘
2628,11:06:21,8.76,0.01,31,27156,买盘
2629,11:06:18,8.75,-0.01,13,11375,卖盘
2630,11:06:15,8.76,0.01,2,1752,买盘
2631,11:06:09,8.75,--,106,92750,卖盘
2632,11:06:06,8.75,--,15,13125,卖盘
2633,11:06:03,8.75,-0.01,6,5250,卖盘
2634,11:06:00,8.76,--,121,105996,买盘
2635,11:05:57,8.76,0.01,50,43800,买盘
2636,11:05:54,8.75,--,106,92750,卖盘
2637,11:05:51,8.75,--,105,91875,卖盘
2638,11:05:48,8.75,--,5,4375,卖盘
2639,11:05:45,8.75,--,53,46375,卖盘
2640,11:05:42,8.75,-0.01,230,201250,卖盘
2641,11:05:39,8.76,0.01,3,2628,买盘
2642,11:05:33,8.75,-0.01,22,19250,卖盘
2643,11:05:30,8.76,0.01,1,876,买盘
2644,11:05:24,8.75,-0.01,14,12250,卖盘
2645,11:05:12,8.76,--,136,119136,买盘
2646,11:05:09,8.76,--,55,48180,买盘
2647,11:05:06,8.76,--,1,876,买盘
2648,11:05:03,8.76,--,128,112128,卖盘
2649,11:05:00,8.76,-0.01,14,12264,卖盘
2650,11:04:57,8.77,--,17,14909,买盘
2651,11:04:51,8.77,0.01,74,64898,买盘
2652,11:04:48,8.76,0.01,57,49932,买盘
2653,11:04:45,8.75,-0.01,1,875,卖盘
2654,11:04:42,8.76,--,12,10512,买盘
2655,11:04:39,8.76,0.01,13,11388,买盘
2656,11:04:36,8.75,--,10,8750,卖盘
2657,11:04:33,8.75,-0.01,40,35000,卖盘
2658,11:04:30,8.76,0.01,191,167316,买盘
2659,11:04:27,8.75,--,50,43750,卖盘
2660,11:04:24,8.75,--,28,24500,卖盘
2661,11:04:18,8.75,-0.01,521,455875,卖盘
2662,11:04:15,8.76,-0.01,50,43800,卖盘
2663,11:04:12,8.77,0.01,1,877,买盘
2664,11:04:09,8.76,--,1,876,卖盘
2665,11:04:06,8.76,--,96,84096,卖盘
2666,11:04:03,8.76,-0.01,4,3504,卖盘
2667,11:04:00,8.77,--,10,8770,买盘
2668,11:03:57,8.77,0.01,18,15786,买盘
2669,11:03:54,8.76,--,14,12264,卖盘
2670,11:03:51,8.76,--,3,2628,卖盘
2671,11:03:48,8.76,--,51,44676,卖盘
2672,11:03:45,8.76,--,48,42048,卖盘
2673,11:03:42,8.76,-0.01,174,152424,卖盘
2674,11:03:39,8.77,0.01,340,298180,买盘
2675,11:03:36,8.76,-0.01,4,3504,卖盘
2676,11:03:33,8.77,0.01,33,28941,买盘
2677,11:03:30,8.76,-0.01,22,19272,卖盘
2678,11:03:27,8.77,0.01,40,35080,买盘
2679,11:03:24,8.76,--,38,33288,卖盘
2680,11:03:21,8.76,-0.01,13,11388,卖盘
2681,11:03:18,8.77,--,222,195395,卖盘
2682,11:03:15,8.77,-0.01,69,60688,卖盘
2683,11:03:12,8.78,--,18,15803,买盘
2684,11:03:09,8.78,0.01,78,68484,买盘
2685,11:03:06,8.77,--,3,2631,卖盘
2686,11:03:00,8.77,--,47,41219,卖盘
2687,11:02:57,8.77,0.01,15,13155,买盘
2688,11:02:54,8.76,--,69,60444,卖盘
2689,11:02:51,8.76,--,20,17520,卖盘
2690,11:02:48,8.76,--,13,11388,卖盘
2691,11:02:45,8.76,--,93,81468,卖盘
2692,11:02:42,8.76,-0.01,35,30660,卖盘
2693,11:02:39,8.77,0.01,8,7016,买盘
2694,11:02:36,8.76,--,62,54312,卖盘
2695,11:02:30,8.76,-0.01,508,445008,卖盘
2696,11:02:27,8.77,--,313,274501,卖盘
2697,11:02:24,8.77,--,36,31572,卖盘
2698,11:02:18,8.77,--,280,245560,卖盘
2699,11:02:15,8.77,-0.01,13,11401,卖盘
2700,11:02:12,8.78,--,1,877,买盘
2701,11:02:09,8.78,0.01,1,877,买盘
2702,11:02:06,8.77,--,425,372725,卖盘
2703,11:02:03,8.77,-0.01,18,15786,卖盘
2704,11:02:00,8.78,--,12,10536,买盘
2705,11:01:57,8.78,0.01,17,14925,买盘
2706,11:01:51,8.77,--,16,14032,卖盘
2707,11:01:48,8.77,--,246,215742,卖盘
2708,11:01:45,8.77,--,182,159614,买盘
2709,11:01:42,8.77,0.01,15,13155,买盘
2710,11:01:39,8.76,-0.01,232,203232,卖盘
2711,11:01:36,8.77,--,130,114010,买盘
2712,11:01:33,8.77,--,16,14032,买盘
2713,11:01:30,8.77,--,25,21925,买盘
2714,11:01:27,8.77,--,50,43850,买盘
2715,11:01:24,8.77,0.01,142,124534,买盘
2716,11:01:18,8.76,--,41,35916,卖盘
2717,11:01:15,8.76,-0.01,21,18396,卖盘
2718,11:01:09,8.77,--,200,175400,买盘
2719,11:01:06,8.77,--,14,12278,买盘
2720,11:01:03,8.77,--,101,88577,买盘
2721,11:01:00,8.77,0.01,38,33326,买盘
2722,11:00:57,8.76,-0.01,255,223380,卖盘
2723,11:00:54,8.77,0.01,313,274501,买盘
2724,11:00:51,8.76,-0.01,38,33288,卖盘
2725,11:00:48,8.77,0.01,63,55251,买盘
2726,11:00:45,8.76,--,127,111252,卖盘
2727,11:00:42,8.76,--,74,64824,卖盘
2728,11:00:39,8.76,-0.01,52,45552,卖盘
2729,11:00:36,8.77,0.01,64,56128,买盘
2730,11:00:33,8.76,-0.01,20,17520,卖盘
2731,11:00:30,8.77,0.01,10,8770,买盘
2732,11:00:27,8.76,-0.01,28,24528,卖盘
2733,11:00:24,8.77,--,61,53497,买盘
2734,11:00:21,8.77,--,51,44727,买盘
2735,11:00:18,8.77,0.01,3,2631,买盘
2736,11:00:15,8.76,--,162,141912,卖盘
2737,11:00:12,8.76,--,49,42924,卖盘
2738,11:00:09,8.76,-0.01,102,89352,卖盘
2739,11:00:06,8.77,0.01,18,15786,买盘
2740,11:00:03,8.76,-0.01,23,20148,卖盘
2741,11:00:00,8.77,0.01,25,21925,买盘
2742,10:59:57,8.76,-0.01,36,31536,卖盘
2743,10:59:54,8.77,0.01,54,47358,买盘
2744,10:59:51,8.76,-0.01,56,49056,卖盘
2745,10:59:48,8.77,--,50,43850,买盘
2746,10:59:45,8.77,--,23,20171,买盘
2747,10:59:42,8.77,0.01,2,1754,买盘
2748,10:59:39,8.76,-0.01,72,63072,卖盘
2749,10:59:36,8.77,--,6,5262,买盘
2750,10:59:30,8.77,--,65,57005,买盘
2751,10:59:27,8.77,--,67,58759,买盘
2752,10:59:24,8.77,0.01,148,129796,买盘
2753,10:59:18,8.76,-0.01,13,11388,卖盘
2754,10:59:15,8.77,0.01,62,54374,买盘
2755,10:59:12,8.76,--,194,169944,卖盘
2756,10:59:09,8.76,--,36,31536,卖盘
2757,10:59:06,8.76,--,13,11388,卖盘
2758,10:59:03,8.76,--,14,12264,卖盘
2759,10:58:57,8.76,-0.01,14,12264,卖盘
2760,10:58:54,8.77,0.01,35,30695,买盘
2761,10:58:51,8.76,-0.01,18,15768,卖盘
2762,10:58:45,8.77,--,42,36834,买盘
2763,10:58:42,8.77,0.01,26,22802,买盘
2764,10:58:39,8.76,--,39,34164,卖盘
2765,10:58:36,8.76,--,39,34164,卖盘
2766,10:58:33,8.76,--,33,28908,卖盘
2767,10:58:27,8.76,-0.01,60,52560,卖盘
2768,10:58:24,8.77,0.01,45,39465,买盘
2769,10:58:21,8.76,--,48,42048,卖盘
2770,10:58:18,8.76,--,200,175200,卖盘
2771,10:58:12,8.76,-0.01,99,86724,卖盘
2772,10:58:09,8.77,--,1,877,买盘
2773,10:58:06,8.77,0.01,15,13155,买盘
2774,10:58:03,8.76,--,3,2628,卖盘
2775,10:58:00,8.76,--,13,11388,卖盘
2776,10:57:57,8.76,-0.01,11,9636,卖盘
2777,10:57:54,8.77,--,48,42096,买盘
2778,10:57:51,8.77,0.01,5,4385,买盘
2779,10:57:48,8.76,-0.01,13,11388,卖盘
2780,10:57:45,8.77,0.01,31,27187,买盘
2781,10:57:42,8.76,-0.01,29,25404,卖盘
2782,10:57:39,8.77,0.01,75,65775,买盘
2783,10:57:36,8.76,--,10,8760,卖盘
2784,10:57:33,8.76,--,117,102492,卖盘
2785,10:57:30,8.76,--,14,12264,卖盘
2786,10:57:27,8.76,--,47,41172,卖盘
2787,10:57:24,8.76,--,16,14016,卖盘
2788,10:57:21,8.76,--,215,188340,卖盘
2789,10:57:15,8.76,-0.01,96,84096,卖盘
2790,10:57:12,8.77,--,2,1754,买盘
2791,10:57:09,8.77,0.01,56,49112,买盘
2792,10:57:06,8.76,--,67,58692,卖盘
2793,10:57:03,8.76,--,53,46428,卖盘
2794,10:57:00,8.76,-0.01,147,128772,卖盘
2795,10:56:57,8.77,0.01,35,30695,买盘
2796,10:56:54,8.76,0.01,1243,1088868,买盘
2797,10:56:51,8.75,-0.01,25,21875,卖盘
2798,10:56:45,8.76,0.01,6,5256,买盘
2799,10:56:42,8.75,--,38,33250,卖盘
2800,10:56:39,8.75,-0.01,49,42875,卖盘
2801,10:56:36,8.76,0.01,361,316236,买盘
2802,10:56:33,8.75,-0.01,42,36750,卖盘
2803,10:56:27,8.76,--,59,51684,买盘
2804,10:56:24,8.76,--,3,2628,买盘
2805,10:56:21,8.76,0.01,18,15768,买盘
2806,10:56:18,8.75,-0.01,49,42875,卖盘
2807,10:56:15,8.76,0.01,122,106872,买盘
2808,10:56:12,8.75,--,1,875,卖盘
2809,10:56:09,8.75,--,54,47250,卖盘
2810,10:56:06,8.75,-0.01,15,13125,卖盘
2811,10:56:03,8.76,--,36,31536,买盘
2812,10:56:00,8.76,0.01,152,133152,买盘
2813,10:55:57,8.75,-0.01,197,172375,卖盘
2814,10:55:54,8.76,0.01,25,21900,买盘
2815,10:55:51,8.75,--,6,5250,卖盘
2816,10:55:48,8.75,-0.02,809,707875,卖盘
2817,10:55:45,8.77,0.01,17,14909,买盘
2818,10:55:42,8.76,0.01,334,292584,买盘
2819,10:55:39,8.75,--,25,21875,卖盘
2820,10:55:36,8.75,--,60,52500,卖盘
2821,10:55:33,8.75,--,20,17500,卖盘
2822,10:55:30,8.75,--,62,54250,卖盘
2823,10:55:27,8.75,--,42,36750,卖盘
2824,10:55:24,8.75,-0.01,125,109375,卖盘
2825,10:55:21,8.76,0.01,64,56064,买盘
2826,10:55:18,8.75,--,1,875,卖盘
2827,10:55:15,8.75,-0.01,13,11375,卖盘
2828,10:55:12,8.76,0.01,14,12264,买盘
2829,10:55:09,8.75,-0.01,22,19250,卖盘
2830,10:55:06,8.76,--,30,26280,买盘
2831,10:55:03,8.76,--,23,20148,买盘
2832,10:55:00,8.76,-0.01,19,16644,卖盘
2833,10:54:57,8.77,0.02,54,47358,买盘
2834,10:54:54,8.75,-0.01,235,205625,卖盘
2835,10:54:51,8.76,--,29,25404,卖盘
2836,10:54:45,8.76,--,20,17520,买盘
2837,10:54:42,8.76,--,277,242652,买盘
2838,10:54:39,8.76,--,21,18396,买盘
2839,10:54:36,8.76,--,90,78840,买盘
2840,10:54:33,8.76,0.01,18,15768,买盘
2841,10:54:30,8.75,-0.01,13,11375,卖盘
2842,10:54:27,8.76,0.01,134,117384,买盘
2843,10:54:24,8.75,-0.01,12,10500,卖盘
2844,10:54:21,8.76,--,1012,886512,卖盘
2845,10:54:18,8.76,--,16,14016,卖盘
2846,10:54:15,8.76,--,985,862860,卖盘
2847,10:54:12,8.76,--,38,33288,卖盘
2848,10:54:09,8.76,-0.01,12,10512,卖盘
2849,10:54:06,8.77,0.01,104,91208,买盘
2850,10:54:03,8.76,-0.01,1,876,卖盘
2851,10:54:00,8.77,--,304,266608,买盘
2852,10:53:57,8.77,--,125,109625,买盘
2853,10:53:54,8.77,--,22,19294,买盘
2854,10:53:48,8.77,0.01,30,26310,买盘
2855,10:53:45,8.76,-0.01,62,54312,卖盘
2856,10:53:42,8.77,--,93,81561,买盘
2857,10:53:39,8.77,0.01,10,8770,买盘
2858,10:53:36,8.76,-0.01,117,102492,卖盘
2859,10:53:33,8.77,0.01,40,35080,买盘
