,time,price,change,volume,amount,type
0,15:00:03,10.81,--,1157,1251581,卖盘
1,14:57:00,10.81,--,1,1081,卖盘
2,14:56:57,10.81,--,4,4324,卖盘
3,14:56:54,10.81,--,2,2162,卖盘
4,14:56:51,10.81,--,10,10810,卖盘
5,14:56:39,10.81,--,2,2162,卖盘
6,14:56:36,10.81,--,15,16215,卖盘
7,14:56:33,10.81,--,1,1081,卖盘
8,14:56:21,10.81,--,233,251873,卖盘
9,14:56:18,10.81,-0.01,2316,2503596,卖盘
10,14:56:15,10.82,--,2,2164,卖盘
11,14:56:12,10.82,-0.01,167,180694,卖盘
12,14:56:09,10.83,0.01,130,140790,买盘
13,14:56:06,10.82,-0.01,10,10820,卖盘
14,14:56:03,10.83,0.01,32,34656,买盘
15,14:56:00,10.82,-0.01,34,36788,卖盘
16,14:55:57,10.83,0.01,8,8664,买盘
17,14:55:54,10.82,--,56,60592,卖盘
18,14:55:51,10.82,--,5,5410,卖盘
19,14:55:48,10.82,--,24,25968,卖盘
20,14:55:45,10.82,--,122,132004,卖盘
21,14:55:42,10.82,--,21,22722,卖盘
22,14:55:39,10.82,--,19,21088,卖盘
23,14:55:36,10.82,--,133,143906,卖盘
24,14:55:33,10.82,0.01,638,690316,买盘
25,14:55:30,10.81,-0.01,50,54050,卖盘
26,14:55:27,10.82,--,100,108200,买盘
27,14:55:24,10.82,--,2,2164,买盘
28,14:55:18,10.82,--,6,6492,买盘
29,14:55:15,10.82,0.01,19,20558,买盘
30,14:55:12,10.81,--,13,14053,卖盘
31,14:55:06,10.81,--,27,29187,卖盘
32,14:55:03,10.81,--,195,210795,卖盘
33,14:55:00,10.81,--,47,50807,卖盘
34,14:54:57,10.81,--,1,1081,卖盘
35,14:54:54,10.81,--,31,33511,卖盘
36,14:54:51,10.81,-0.01,47,50807,卖盘
37,14:54:48,10.82,--,60,64920,买盘
38,14:54:45,10.82,-0.01,488,528016,卖盘
39,14:54:39,10.83,0.01,4,4332,买盘
40,14:54:36,10.82,--,14,15148,卖盘
41,14:54:33,10.82,--,147,159054,卖盘
42,14:54:30,10.82,-0.01,30,32460,卖盘
43,14:54:27,10.83,--,42,45486,买盘
44,14:54:24,10.83,0.01,17,18411,买盘
45,14:54:21,10.82,--,104,112528,卖盘
46,14:54:18,10.82,-0.01,79,85478,卖盘
47,14:54:15,10.83,0.01,1608,1741464,买盘
48,14:54:12,10.82,-0.01,51,55182,卖盘
49,14:54:09,10.83,0.01,15,16245,买盘
50,14:54:06,10.82,-0.01,5,5410,卖盘
51,14:54:03,10.83,0.01,505,546915,买盘
52,14:54:00,10.82,--,45,48690,卖盘
53,14:53:57,10.82,--,3,3246,卖盘
54,14:53:54,10.82,--,9,9738,卖盘
55,14:53:51,10.82,-0.01,12,12984,卖盘
56,14:53:48,10.83,0.01,30,32490,买盘
57,14:53:45,10.82,--,4,4328,买盘
58,14:53:42,10.82,-0.01,9,9738,中性盘
59,14:53:36,10.83,--,30,32490,买盘
60,14:53:33,10.83,0.01,34,36822,买盘
61,14:53:30,10.82,-0.01,3,3246,买盘
62,14:53:27,10.83,0.02,32,34656,买盘
63,14:53:21,10.81,-0.02,111,119991,卖盘
64,14:53:18,10.83,0.02,190,205770,买盘
65,14:53:15,10.81,--,39,42159,卖盘
66,14:53:12,10.81,-0.01,154,166474,卖盘
67,14:53:09,10.82,--,233,252106,卖盘
68,14:53:06,10.82,--,98,106036,卖盘
69,14:53:03,10.82,--,73,78986,卖盘
70,14:53:00,10.82,0.01,502,543164,买盘
71,14:52:57,10.81,--,198,214038,卖盘
72,14:52:54,10.81,--,61,65941,卖盘
73,14:52:51,10.81,-0.01,2,2162,卖盘
74,14:52:48,10.82,0.01,7,7574,买盘
75,14:52:45,10.81,--,9,9729,卖盘
76,14:52:42,10.81,-0.01,85,91885,卖盘
77,14:52:39,10.82,--,5,5410,买盘
78,14:52:36,10.82,--,72,77904,买盘
79,14:52:33,10.82,--,86,93052,买盘
80,14:52:30,10.82,--,129,139578,买盘
81,14:52:27,10.82,--,635,687070,买盘
82,14:52:24,10.82,--,786,850452,卖盘
83,14:52:21,10.82,-0.01,17,18394,卖盘
84,14:52:18,10.83,--,7,7581,买盘
85,14:52:15,10.83,0.01,56,60648,买盘
86,14:52:12,10.82,-0.01,87,94134,卖盘
87,14:52:09,10.83,0.01,50,54150,买盘
88,14:52:06,10.82,-0.01,6,6492,卖盘
89,14:52:03,10.83,--,427,462441,买盘
90,14:52:00,10.83,0.01,44,47652,买盘
91,14:51:57,10.82,--,64,69248,卖盘
92,14:51:54,10.82,-0.01,1,1082,卖盘
93,14:51:51,10.83,--,94,101802,买盘
94,14:51:48,10.83,0.01,37,40071,买盘
95,14:51:45,10.82,-0.01,12,12984,卖盘
96,14:51:42,10.83,0.01,43,46569,买盘
97,14:51:39,10.82,-0.01,33,35706,卖盘
98,14:51:36,10.83,--,45,48735,买盘
99,14:51:33,10.83,--,7,7581,买盘
100,14:51:30,10.83,--,187,202521,卖盘
101,14:51:27,10.83,--,2,2166,卖盘
102,14:51:24,10.83,--,15,16245,卖盘
103,14:51:21,10.83,-0.01,1,1083,卖盘
104,14:51:18,10.84,0.01,142,153928,买盘
105,14:51:15,10.83,--,1237,1339671,买盘
106,14:51:12,10.83,0.01,135,146205,买盘
107,14:51:09,10.82,--,32,34624,卖盘
108,14:51:06,10.82,--,228,246696,卖盘
109,14:51:03,10.82,--,914,988948,买盘
110,14:51:00,10.82,0.01,231,249942,买盘
111,14:50:57,10.81,--,16,17296,卖盘
112,14:50:54,10.81,--,144,155664,卖盘
113,14:50:51,10.81,--,67,72427,卖盘
114,14:50:48,10.81,--,82,88642,卖盘
115,14:50:45,10.81,--,612,661572,卖盘
116,14:50:42,10.81,--,221,238901,卖盘
117,14:50:39,10.81,0.02,1980,2140380,买盘
118,14:50:36,10.79,--,49,52870,卖盘
119,14:50:33,10.79,--,82,88478,卖盘
120,14:50:30,10.79,0.01,452,488128,买盘
121,14:50:27,10.78,-0.01,2,2156,卖盘
122,14:50:24,10.79,--,29,31290,买盘
123,14:50:21,10.79,0.01,82,88478,买盘
124,14:50:18,10.78,--,13,14014,卖盘
125,14:50:15,10.78,--,1,1078,卖盘
126,14:50:12,10.78,-0.01,1,1078,卖盘
127,14:50:06,10.79,--,34,36686,买盘
128,14:50:00,10.79,0.01,79,85241,买盘
129,14:49:57,10.78,--,1,1078,卖盘
130,14:49:54,10.78,--,10,10780,卖盘
131,14:49:51,10.78,-0.01,29,31261,卖盘
132,14:49:48,10.79,0.01,20,21580,买盘
133,14:49:45,10.78,-0.01,2,2156,卖盘
134,14:49:39,10.79,0.01,90,97109,买盘
135,14:49:36,10.78,--,18,19404,卖盘
136,14:49:33,10.78,-0.01,705,759990,卖盘
137,14:49:30,10.79,0.01,116,125163,买盘
138,14:49:27,10.78,--,10,10780,卖盘
139,14:49:21,10.78,--,9,9702,卖盘
140,14:49:15,10.78,--,9,9702,卖盘
141,14:49:12,10.78,-0.01,3,3234,卖盘
142,14:49:06,10.79,0.01,12,12947,买盘
143,14:49:03,10.78,-0.01,8,8624,卖盘
144,14:49:00,10.79,0.01,87,93872,买盘
145,14:48:57,10.78,--,8,8624,卖盘
146,14:48:54,10.78,--,12,12936,卖盘
147,14:48:51,10.78,-0.01,37,39886,卖盘
148,14:48:48,10.79,0.01,21,22659,买盘
149,14:48:45,10.78,-0.01,124,133672,卖盘
150,14:48:42,10.79,--,28,30211,买盘
151,14:48:36,10.79,0.01,10,10790,买盘
152,14:48:33,10.78,-0.01,25,26950,卖盘
153,14:48:30,10.79,--,11,11868,买盘
154,14:48:27,10.79,0.01,5,5395,买盘
155,14:48:21,10.78,--,17,18326,卖盘
156,14:48:15,10.78,--,14,15092,卖盘
157,14:48:12,10.78,-0.01,128,137984,卖盘
158,14:48:09,10.79,--,1,1079,买盘
159,14:48:06,10.79,--,11,11868,买盘
160,14:48:03,10.79,0.01,11,11868,买盘
161,14:47:54,10.78,-0.01,65,70070,卖盘
162,14:47:51,10.79,--,1407,1518152,买盘
163,14:47:48,10.79,0.01,20,21580,买盘
164,14:47:45,10.78,-0.01,1,1078,卖盘
165,14:47:42,10.79,--,100,107899,买盘
166,14:47:39,10.79,--,7,7552,买盘
167,14:47:33,10.79,--,25,26974,买盘
168,14:47:30,10.79,0.01,10,10790,买盘
169,14:47:27,10.78,-0.01,2,2156,卖盘
170,14:47:24,10.79,--,76,82004,买盘
171,14:47:21,10.79,0.01,20,21580,买盘
172,14:47:15,10.78,-0.01,3,3234,卖盘
173,14:47:09,10.79,--,6,6473,买盘
174,14:47:06,10.79,--,96,103583,买盘
175,14:47:03,10.79,-0.01,288,311582,卖盘
176,14:47:00,10.8,0.01,12,12960,买盘
177,14:46:57,10.79,--,14,15105,卖盘
178,14:46:54,10.79,--,9,9711,卖盘
179,14:46:51,10.79,--,238,256801,卖盘
180,14:46:48,10.79,0.01,454,490114,买盘
181,14:46:45,10.78,-0.01,17,18326,卖盘
182,14:46:42,10.79,--,26,28053,买盘
183,14:46:39,10.79,--,6,6473,买盘
184,14:46:33,10.79,--,20,21580,买盘
185,14:46:30,10.79,0.01,10,10790,买盘
186,14:46:27,10.78,-0.01,2,2156,卖盘
187,14:46:24,10.79,--,59,63660,买盘
188,14:46:21,10.79,0.01,101,108978,买盘
189,14:46:18,10.78,-0.01,61,65758,卖盘
190,14:46:15,10.79,0.01,30,32369,买盘
191,14:46:12,10.78,-0.01,9,9702,卖盘
192,14:46:09,10.79,--,170,183430,买盘
193,14:46:06,10.79,0.01,53,57186,买盘
194,14:46:03,10.78,-0.01,156,168168,卖盘
195,14:46:00,10.79,0.01,21,22659,买盘
196,14:45:57,10.78,-0.01,74,79772,卖盘
197,14:45:54,10.79,0.01,59,63660,买盘
198,14:45:51,10.78,--,47,50666,卖盘
199,14:45:48,10.78,--,17,18326,卖盘
200,14:45:45,10.78,-0.01,22,23716,卖盘
201,14:45:42,10.79,--,10,10790,买盘
202,14:45:39,10.79,0.01,6,6473,买盘
203,14:45:36,10.78,-0.01,11,11858,卖盘
204,14:45:33,10.79,--,91,98188,买盘
205,14:45:30,10.79,0.01,10,10790,买盘
206,14:45:27,10.78,-0.01,2,2156,卖盘
207,14:45:24,10.79,0.01,58,62581,买盘
208,14:45:21,10.78,-0.01,1,1078,卖盘
209,14:45:15,10.79,--,87,93872,买盘
210,14:45:12,10.79,--,30,32369,买盘
211,14:45:09,10.79,0.01,10,10790,买盘
212,14:45:06,10.78,--,3,3234,卖盘
213,14:45:03,10.78,--,42,45276,卖盘
214,14:44:57,10.78,-0.01,1,1078,卖盘
215,14:44:54,10.79,0.01,73,78767,买盘
216,14:44:51,10.78,-0.01,1,1078,卖盘
217,14:44:48,10.79,0.01,1073,1157767,买盘
218,14:44:45,10.78,-0.01,1,1078,卖盘
219,14:44:39,10.79,0.01,7,7552,买盘
220,14:44:36,10.78,--,8,8624,卖盘
221,14:44:33,10.78,-0.01,12,12936,卖盘
222,14:44:30,10.79,0.01,26,28053,买盘
223,14:44:27,10.78,--,8,8624,卖盘
224,14:44:24,10.78,-0.01,70,75460,卖盘
225,14:44:21,10.79,0.01,2,2158,买盘
226,14:44:15,10.78,--,3,3234,卖盘
227,14:44:12,10.78,-0.01,22,23716,卖盘
228,14:44:09,10.79,0.01,3,3236,买盘
229,14:44:06,10.78,--,3,3234,卖盘
230,14:44:03,10.78,-0.01,12,12936,卖盘
231,14:44:00,10.79,--,15,16184,买盘
232,14:43:57,10.79,0.01,10,10790,买盘
233,14:43:54,10.78,--,53,57134,卖盘
234,14:43:51,10.78,--,2,2156,卖盘
235,14:43:48,10.78,--,9,9702,卖盘
236,14:43:45,10.78,-0.01,3,3234,卖盘
237,14:43:42,10.79,0.01,37,39923,买盘
238,14:43:39,10.78,--,55,59290,卖盘
239,14:43:36,10.78,-0.01,1,1078,卖盘
240,14:43:33,10.79,-0.01,520,561910,卖盘
241,14:43:30,10.8,--,16,17280,买盘
242,14:43:27,10.8,0.01,10,10800,买盘
243,14:43:24,10.79,--,1,1079,卖盘
244,14:43:21,10.79,--,9,9711,卖盘
245,14:43:18,10.79,--,1,1079,卖盘
246,14:43:15,10.79,--,1,1079,卖盘
247,14:43:12,10.79,--,26,28053,卖盘
248,14:43:09,10.79,--,1,1079,卖盘
249,14:43:06,10.79,--,5,5395,卖盘
250,14:43:03,10.79,-0.01,15,16184,卖盘
251,14:42:57,10.8,--,133,143640,卖盘
252,14:42:54,10.8,--,61,65880,卖盘
253,14:42:51,10.8,--,4,4320,卖盘
254,14:42:48,10.8,--,222,239760,卖盘
255,14:42:45,10.8,-0.01,17,18360,卖盘
256,14:42:42,10.81,--,20,21620,买盘
257,14:42:39,10.81,--,78,84318,买盘
258,14:42:36,10.81,0.01,12,12972,买盘
259,14:42:33,10.8,-0.01,1,1080,卖盘
260,14:42:30,10.81,--,15,16215,买盘
261,14:42:27,10.81,--,46,49726,买盘
262,14:42:24,10.81,0.01,16,17296,买盘
263,14:42:21,10.8,--,1,1080,卖盘
264,14:42:18,10.8,0.01,16,17280,买盘
265,14:42:15,10.79,-0.01,2,2158,卖盘
266,14:42:12,10.8,0.01,7,7560,买盘
267,14:42:06,10.79,--,5,5395,卖盘
268,14:42:03,10.79,0.01,1307,1410501,买盘
269,14:42:00,10.78,-0.01,9,9702,卖盘
270,14:41:57,10.79,0.01,52,56107,买盘
271,14:41:54,10.78,--,74,79772,卖盘
272,14:41:45,10.78,-0.01,17,18326,卖盘
273,14:41:42,10.79,--,6,6473,买盘
274,14:41:39,10.79,--,28,30211,买盘
275,14:41:36,10.79,0.01,11,11868,买盘
276,14:41:33,10.78,-0.01,1,1078,卖盘
277,14:41:30,10.79,--,16,17264,买盘
278,14:41:27,10.79,--,105,113294,买盘
279,14:41:24,10.79,--,51,55028,买盘
280,14:41:21,10.79,-0.02,450,486380,卖盘
281,14:41:18,10.81,0.01,16,17296,买盘
282,14:41:15,10.8,--,2,2160,卖盘
283,14:41:12,10.8,--,88,95040,卖盘
284,14:41:06,10.8,--,4,4320,卖盘
285,14:41:03,10.8,-0.01,32,34560,卖盘
286,14:41:00,10.81,--,24,25944,买盘
287,14:40:57,10.81,--,249,269169,卖盘
288,14:40:54,10.81,--,1,1081,卖盘
289,14:40:51,10.81,--,18,19458,卖盘
290,14:40:45,10.81,-0.01,114,123234,卖盘
291,14:40:36,10.82,--,223,241286,买盘
292,14:40:33,10.82,--,55,59510,买盘
293,14:40:30,10.82,--,37,40034,买盘
294,14:40:27,10.82,--,12,12984,买盘
295,14:40:24,10.82,--,1,1082,买盘
296,14:40:18,10.82,--,44,47608,卖盘
297,14:40:15,10.82,--,19,20558,卖盘
298,14:40:12,10.82,-0.01,19,20558,卖盘
299,14:40:09,10.83,--,94,101802,买盘
300,14:40:06,10.83,--,15,16245,买盘
301,14:40:03,10.83,--,32,34656,买盘
302,14:40:00,10.83,0.02,29,31407,买盘
303,14:39:57,10.81,--,507,548067,卖盘
304,14:39:54,10.81,0.02,1321,1428001,买盘
305,14:39:51,10.79,--,662,714298,卖盘
306,14:39:45,10.79,--,995,1073853,买盘
307,14:39:42,10.79,0.01,58,62581,买盘
308,14:39:39,10.78,--,10,10780,卖盘
309,14:39:36,10.78,-0.01,20,21560,卖盘
310,14:39:33,10.79,--,91,98188,买盘
311,14:39:30,10.79,0.01,118,127321,买盘
312,14:39:27,10.78,-0.01,2,2156,卖盘
313,14:39:24,10.79,0.01,91,98188,买盘
314,14:39:21,10.78,-0.01,1,1078,卖盘
315,14:39:15,10.79,--,13,14026,买盘
316,14:39:12,10.79,--,93,100346,买盘
317,14:39:09,10.79,0.01,10,10790,买盘
318,14:39:06,10.78,-0.01,28,30184,卖盘
319,14:39:00,10.79,0.01,91,98188,买盘
320,14:38:57,10.78,--,21,22638,卖盘
321,14:38:54,10.78,--,54,58212,卖盘
322,14:38:51,10.78,-0.01,10,10780,卖盘
323,14:38:48,10.79,0.01,21,22659,买盘
324,14:38:45,10.78,-0.01,96,103488,卖盘
325,14:38:42,10.79,--,44,47475,买盘
326,14:38:39,10.79,0.01,15,16184,买盘
327,14:38:36,10.78,--,5,5390,卖盘
328,14:38:33,10.78,0.01,1356,1461768,买盘
329,14:38:30,10.77,0.01,23,24771,买盘
330,14:38:27,10.76,-0.01,11,11836,卖盘
331,14:38:24,10.77,0.01,4,4308,买盘
332,14:38:21,10.76,--,176,189376,买盘
333,14:38:15,10.76,0.01,13,13988,买盘
334,14:38:12,10.75,-0.01,43,46225,卖盘
335,14:38:06,10.76,--,341,366916,卖盘
336,14:38:03,10.76,--,33,35508,卖盘
337,14:38:00,10.76,--,3,3228,卖盘
338,14:37:57,10.76,--,26,27976,卖盘
339,14:37:51,10.76,-0.01,3,3228,卖盘
340,14:37:48,10.77,0.01,6,6462,买盘
341,14:37:45,10.76,--,25,26900,卖盘
342,14:37:42,10.76,-0.01,47,50572,卖盘
343,14:37:39,10.77,0.01,12,12924,买盘
344,14:37:36,10.76,--,2,2152,卖盘
345,14:37:33,10.76,-0.01,30,32280,卖盘
346,14:37:30,10.77,0.01,13,14001,买盘
347,14:37:27,10.76,--,8,8608,卖盘
348,14:37:21,10.76,-0.01,6,6456,卖盘
349,14:37:18,10.77,0.01,6,6462,买盘
350,14:37:15,10.76,--,5,5380,卖盘
351,14:37:12,10.76,--,2,2152,卖盘
352,14:37:09,10.76,--,30,32280,卖盘
353,14:37:06,10.76,-0.01,24,25824,卖盘
354,14:37:03,10.77,0.01,17,18309,买盘
355,14:37:00,10.76,-0.01,3,3228,卖盘
356,14:36:57,10.77,0.01,8,8616,买盘
357,14:36:54,10.76,--,2,2152,卖盘
358,14:36:51,10.76,--,5,5380,卖盘
359,14:36:48,10.76,--,18,19368,卖盘
360,14:36:45,10.76,-0.01,6,6456,卖盘
361,14:36:36,10.77,--,10,10770,买盘
362,14:36:33,10.77,-0.01,18,19386,卖盘
363,14:36:30,10.78,0.01,15,16169,买盘
364,14:36:27,10.77,--,12,12924,买盘
365,14:36:18,10.77,-0.01,7,7539,中性盘
366,14:36:15,10.78,0.01,6,6468,买盘
367,14:36:12,10.77,-0.01,19,20463,卖盘
368,14:36:09,10.78,0.01,3,3234,买盘
369,14:36:06,10.77,-0.01,4,4308,卖盘
370,14:36:03,10.78,0.02,23,24794,买盘
371,14:36:00,10.76,--,34,36584,卖盘
372,14:35:57,10.76,-0.02,25,26900,卖盘
373,14:35:54,10.78,0.02,30,32339,买盘
374,14:35:51,10.76,-0.01,1,1076,卖盘
375,14:35:48,10.77,--,8,8616,买盘
376,14:35:45,10.77,--,187,201399,卖盘
377,14:35:42,10.77,--,120,129240,卖盘
378,14:35:39,10.77,-0.01,2,2154,卖盘
379,14:35:36,10.78,--,502,541156,买盘
380,14:35:33,10.78,0.01,53,57134,买盘
381,14:35:27,10.77,--,159,171243,卖盘
382,14:35:21,10.77,-0.01,31,33387,卖盘
383,14:35:18,10.78,0.01,15,16169,买盘
384,14:35:15,10.77,--,26,28002,卖盘
385,14:35:12,10.77,--,8,8616,卖盘
386,14:35:09,10.77,--,100,107700,卖盘
387,14:35:06,10.77,-0.01,5,5385,卖盘
388,14:35:03,10.78,--,23,24794,买盘
389,14:35:00,10.78,0.01,12,12936,买盘
390,14:34:57,10.77,--,9,9693,卖盘
391,14:34:54,10.77,--,1,1077,卖盘
392,14:34:51,10.77,-0.01,26,28002,卖盘
393,14:34:48,10.78,0.01,25,26950,买盘
394,14:34:45,10.77,--,2,2154,卖盘
395,14:34:42,10.77,-0.01,14,15078,卖盘
396,14:34:39,10.78,--,13,14014,买盘
397,14:34:36,10.78,0.01,6,6468,买盘
398,14:34:33,10.77,-0.02,145,156165,卖盘
399,14:34:30,10.79,0.01,69,74451,买盘
400,14:34:27,10.78,--,5,5390,卖盘
401,14:34:21,10.78,--,8,8624,卖盘
402,14:34:18,10.78,--,33,35574,卖盘
403,14:34:15,10.78,--,10,10780,卖盘
404,14:34:12,10.78,--,58,62523,卖盘
405,14:34:09,10.78,0.01,50,53900,买盘
406,14:34:06,10.77,--,14,15078,卖盘
407,14:34:03,10.77,-0.01,2,2154,卖盘
408,14:34:00,10.78,0.01,11,11858,买盘
409,14:33:57,10.77,--,19,20463,卖盘
410,14:33:54,10.77,--,28,30156,卖盘
411,14:33:51,10.77,-0.01,14,15078,卖盘
412,14:33:45,10.78,--,152,163856,卖盘
413,14:33:42,10.78,--,11,11858,卖盘
414,14:33:39,10.78,-0.01,100,107800,卖盘
415,14:33:36,10.79,0.01,8,8632,买盘
416,14:33:33,10.78,-0.01,13,14014,卖盘
417,14:33:30,10.79,0.01,16,17264,买盘
418,14:33:27,10.78,0.01,110,118580,买盘
419,14:33:24,10.77,-0.01,17,18309,卖盘
420,14:33:21,10.78,0.01,6,6468,买盘
421,14:33:18,10.77,-0.01,1,1077,卖盘
422,14:33:15,10.78,0.01,61,65758,买盘
423,14:33:12,10.77,--,7,7539,卖盘
424,14:33:06,10.77,--,32,34464,卖盘
425,14:33:03,10.77,--,13,14001,卖盘
426,14:33:00,10.77,--,13,14001,卖盘
427,14:32:57,10.77,--,28,30156,卖盘
428,14:32:54,10.77,--,10,10770,卖盘
429,14:32:51,10.77,--,8,8616,卖盘
430,14:32:48,10.77,--,21,22617,卖盘
431,14:32:45,10.77,--,6,6462,卖盘
432,14:32:42,10.77,-0.01,36,38772,卖盘
433,14:32:39,10.78,--,29,31261,卖盘
434,14:32:36,10.78,--,25,26950,卖盘
435,14:32:33,10.78,--,15,16169,卖盘
436,14:32:30,10.78,--,1,1078,卖盘
437,14:32:27,10.78,--,21,22638,卖盘
438,14:32:24,10.78,--,22,23716,卖盘
439,14:32:21,10.78,--,17,18326,买盘
440,14:32:18,10.78,--,8,9615,卖盘
441,14:32:15,10.78,--,232,250095,卖盘
442,14:32:12,10.78,--,6,6468,卖盘
443,14:32:09,10.78,-0.01,1,1078,卖盘
444,14:32:06,10.79,0.01,443,477996,买盘
445,14:32:03,10.78,-0.01,58,62523,卖盘
446,14:32:00,10.79,0.01,17,18343,买盘
447,14:31:57,10.78,--,21,22638,卖盘
448,14:31:54,10.78,-0.01,2,2156,卖盘
449,14:31:51,10.79,0.02,915,987371,买盘
450,14:31:48,10.77,--,27,29079,卖盘
451,14:31:45,10.77,--,17,18309,卖盘
452,14:31:42,10.77,-0.01,5,5385,卖盘
453,14:31:39,10.78,--,112,120736,买盘
454,14:31:36,10.78,--,85,92621,卖盘
455,14:31:33,10.78,-0.01,78,84084,卖盘
456,14:31:30,10.79,0.01,157,169403,买盘
457,14:31:27,10.78,--,21,22638,卖盘
458,14:31:24,10.78,--,58,62523,卖盘
459,14:31:21,10.78,--,30,32339,卖盘
460,14:31:18,10.78,--,100,107800,卖盘
461,14:31:15,10.78,0.02,1357,1462932,买盘
462,14:31:12,10.76,-0.01,276,296976,卖盘
463,14:31:09,10.77,--,18,19386,买盘
464,14:31:06,10.77,0.01,23,24771,买盘
465,14:31:03,10.76,-0.01,25,26900,卖盘
466,14:31:00,10.77,0.01,11,11847,买盘
467,14:30:57,10.76,-0.01,32,34432,卖盘
468,14:30:54,10.77,0.01,20,21540,买盘
469,14:30:51,10.76,--,3,3228,卖盘
470,14:30:45,10.76,--,2,2152,卖盘
471,14:30:42,10.76,-0.01,10,10760,卖盘
472,14:30:39,10.77,0.01,6,6462,买盘
473,14:30:36,10.76,--,466,501416,卖盘
474,14:30:33,10.76,-0.01,14,15064,卖盘
475,14:30:30,10.77,--,16,17232,买盘
476,14:30:27,10.77,--,18,19386,买盘
477,14:30:24,10.77,0.01,7,7539,买盘
478,14:30:21,10.76,--,21,22596,卖盘
479,14:30:12,10.76,-0.01,10,10760,卖盘
480,14:30:09,10.77,0.01,28,30156,买盘
481,14:30:06,10.76,-0.01,114,122664,卖盘
482,14:30:03,10.77,--,65,70005,买盘
483,14:30:00,10.77,--,10,10770,买盘
484,14:29:57,10.77,--,13,14001,买盘
485,14:29:54,10.77,--,7,7539,买盘
486,14:29:51,10.77,0.01,6,6462,买盘
487,14:29:45,10.76,--,2,2152,卖盘
488,14:29:42,10.76,-0.01,5,5380,卖盘
489,14:29:39,10.77,--,22,23694,买盘
490,14:29:36,10.77,0.01,10,10770,买盘
491,14:29:33,10.76,-0.01,12,12912,卖盘
492,14:29:30,10.77,--,27,29079,买盘
493,14:29:27,10.77,--,37,39849,买盘
494,14:29:24,10.77,0.01,30,32310,买盘
495,14:29:21,10.76,--,2,2152,卖盘
496,14:29:18,10.76,--,3,3228,卖盘
497,14:29:15,10.76,--,3,3228,卖盘
498,14:29:12,10.76,--,1,1076,卖盘
499,14:29:09,10.76,--,69,74244,卖盘
500,14:29:06,10.76,-0.01,2,2152,卖盘
501,14:29:00,10.77,0.01,13,14001,买盘
502,14:28:57,10.76,-0.01,35,37660,卖盘
503,14:28:54,10.77,0.01,14,15078,买盘
504,14:28:51,10.76,-0.01,2,2152,卖盘
505,14:28:48,10.77,0.01,15,16155,买盘
506,14:28:45,10.76,-0.01,1,1076,卖盘
507,14:28:39,10.77,0.01,23,24771,买盘
508,14:28:36,10.76,--,111,119436,买盘
509,14:28:33,10.76,--,52,55952,买盘
510,14:28:30,10.76,--,112,120512,买盘
511,14:28:27,10.76,--,98,105448,买盘
512,14:28:24,10.76,0.01,353,379828,买盘
513,14:28:21,10.75,--,6,6450,卖盘
514,14:28:15,10.75,--,3,3225,卖盘
515,14:28:12,10.75,-0.01,1,1075,卖盘
516,14:28:09,10.76,--,12,12912,买盘
517,14:28:06,10.76,0.01,326,350776,买盘
518,14:28:03,10.75,--,1,1075,买盘
519,14:28:00,10.75,--,82,88150,买盘
520,14:27:57,10.75,0.01,30,32250,买盘
521,14:27:54,10.74,--,2,2148,卖盘
522,14:27:51,10.74,--,6,6444,卖盘
523,14:27:45,10.74,-0.01,13,13962,卖盘
524,14:27:42,10.75,--,7,7525,买盘
525,14:27:39,10.75,0.01,252,270900,买盘
526,14:27:36,10.74,0.01,710,762540,买盘
527,14:27:33,10.73,-0.01,1,1073,卖盘
528,14:27:30,10.74,--,20,21480,买盘
529,14:27:27,10.74,--,36,38664,买盘
530,14:27:21,10.74,--,27,28998,买盘
531,14:27:18,10.74,0.01,34,36516,买盘
532,14:27:15,10.73,--,2,2146,卖盘
533,14:27:12,10.73,--,9,9657,卖盘
534,14:27:09,10.73,--,5,5365,卖盘
535,14:27:06,10.73,-0.01,2,2146,卖盘
536,14:27:00,10.74,0.01,28,30072,买盘
537,14:26:57,10.73,--,13,13949,卖盘
538,14:26:54,10.73,--,4,4292,卖盘
539,14:26:48,10.73,--,10,10730,卖盘
540,14:26:45,10.73,--,22,23606,卖盘
541,14:26:42,10.73,--,23,24679,卖盘
542,14:26:39,10.73,-0.01,5,5365,卖盘
543,14:26:33,10.74,--,10,10740,买盘
544,14:26:30,10.74,--,158,169692,买盘
545,14:26:27,10.74,0.01,9,9666,买盘
546,14:26:24,10.73,--,21,22533,卖盘
547,14:26:21,10.73,--,15,16095,卖盘
548,14:26:15,10.73,--,2,2146,卖盘
549,14:26:12,10.73,--,9,9657,卖盘
550,14:26:09,10.73,--,5,5365,卖盘
551,14:26:06,10.73,-0.01,16,17168,卖盘
552,14:26:03,10.74,--,13,13962,买盘
553,14:25:57,10.74,--,15,16110,买盘
554,14:25:54,10.74,0.01,3,3222,买盘
555,14:25:45,10.73,--,951,1020423,买盘
556,14:25:42,10.73,0.01,6,6438,买盘
557,14:25:39,10.72,--,26,27872,卖盘
558,14:25:33,10.72,-0.01,1,1072,卖盘
559,14:25:30,10.73,--,11,11803,买盘
560,14:25:27,10.73,--,26,27898,买盘
561,14:25:24,10.73,--,1,1073,买盘
562,14:25:18,10.73,0.01,2,2146,买盘
563,14:25:12,10.72,--,230,246560,卖盘
564,14:25:09,10.72,--,6,6432,卖盘
565,14:25:06,10.72,-0.01,3,3216,卖盘
566,14:25:03,10.73,--,28,30044,买盘
567,14:25:00,10.73,--,18,19314,买盘
568,14:24:57,10.73,0.01,60,64380,买盘
569,14:24:54,10.72,--,3,3216,卖盘
570,14:24:51,10.72,--,10,10720,卖盘
571,14:24:45,10.72,--,24,25728,卖盘
572,14:24:42,10.72,-0.01,17,18224,卖盘
573,14:24:39,10.73,-0.01,210,225330,卖盘
574,14:24:33,10.74,--,5,5370,买盘
575,14:24:30,10.74,0.01,18,19332,买盘
576,14:24:27,10.73,-0.01,2,2146,卖盘
577,14:24:24,10.74,--,16,17184,买盘
578,14:24:21,10.74,0.01,11,11814,买盘
579,14:24:18,10.73,-0.01,5,5365,卖盘
580,14:24:15,10.74,0.01,8,8592,买盘
581,14:24:12,10.73,--,3,3219,卖盘
582,14:24:09,10.73,--,5,5365,卖盘
583,14:24:06,10.73,-0.01,1,1073,卖盘
584,14:24:00,10.74,--,6,6444,买盘
585,14:23:57,10.74,--,3,3222,买盘
586,14:23:54,10.74,--,2,2148,买盘
587,14:23:48,10.74,0.01,24,25776,买盘
588,14:23:45,10.73,0.01,3,3219,买盘
589,14:23:33,10.72,-0.02,20,21440,卖盘
590,14:23:30,10.74,0.02,57,61218,买盘
591,14:23:27,10.72,-0.02,2,2144,卖盘
592,14:23:24,10.74,--,1,1074,买盘
593,14:23:21,10.74,0.01,16,17184,买盘
594,14:23:18,10.73,-0.01,82,87986,卖盘
595,14:23:15,10.74,0.01,7,7518,买盘
596,14:23:12,10.73,--,3,3219,卖盘
597,14:23:09,10.73,--,30,32190,卖盘
598,14:23:06,10.73,-0.01,17,18241,卖盘
599,14:23:00,10.74,0.01,18,19332,买盘
600,14:22:57,10.73,--,101,108373,卖盘
601,14:22:54,10.73,--,1,1073,卖盘
602,14:22:51,10.73,-0.01,2,2146,卖盘
603,14:22:48,10.74,0.01,18,19332,买盘
604,14:22:45,10.73,-0.01,9,9657,卖盘
605,14:22:33,10.74,--,6,6444,卖盘
606,14:22:30,10.74,0.01,29,31146,买盘
607,14:22:27,10.73,-0.01,1,1073,卖盘
608,14:22:24,10.74,--,1,1074,中性盘
609,14:22:21,10.74,-0.01,542,582108,卖盘
610,14:22:18,10.75,--,15,16125,买盘
611,14:22:15,10.75,0.01,17,18275,买盘
612,14:22:12,10.74,-0.01,9,9666,卖盘
613,14:22:09,10.75,0.01,68,73100,买盘
614,14:22:06,10.74,-0.01,17,18258,卖盘
615,14:22:00,10.75,--,58,62350,买盘
616,14:21:51,10.75,--,8,8600,买盘
617,14:21:45,10.75,--,55,59125,买盘
618,14:21:42,10.75,--,56,60200,买盘
619,14:21:39,10.75,--,15,16125,买盘
620,14:21:36,10.75,--,1,1075,买盘
621,14:21:33,10.75,0.01,18,19350,买盘
622,14:21:30,10.74,--,17,18258,卖盘
623,14:21:27,10.74,-0.01,2,2148,卖盘
624,14:21:24,10.75,0.01,20,21500,买盘
625,14:21:21,10.74,-0.01,65,69810,卖盘
626,14:21:18,10.75,--,6,6450,买盘
627,14:21:15,10.75,0.01,37,39775,买盘
628,14:21:12,10.74,-0.01,4,4296,卖盘
629,14:21:09,10.75,--,38,40850,买盘
630,14:21:06,10.75,0.01,8,8600,买盘
631,14:21:03,10.74,-0.01,8,8592,卖盘
632,14:21:00,10.75,0.01,60,64500,买盘
633,14:20:57,10.74,--,2,2148,卖盘
634,14:20:54,10.74,-0.01,1,1074,卖盘
635,14:20:51,10.75,--,129,138675,买盘
636,14:20:48,10.75,0.01,23,24725,买盘
637,14:20:45,10.74,-0.01,46,49404,卖盘
638,14:20:42,10.75,--,14,15050,买盘
639,14:20:39,10.75,--,23,24725,买盘
640,14:20:36,10.75,0.01,1,1075,买盘
641,14:20:33,10.74,-0.01,65,69810,卖盘
642,14:20:30,10.75,0.01,16,17200,买盘
643,14:20:27,10.74,--,2,2148,卖盘
644,14:20:24,10.74,0.01,104,111910,买盘
645,14:20:18,10.73,0.01,126,135198,买盘
646,14:20:15,10.72,-0.01,1,1072,卖盘
647,14:20:12,10.73,0.01,9,9657,买盘
648,14:20:09,10.72,--,18,19296,卖盘
649,14:20:06,10.72,--,43,46096,买盘
650,14:20:03,10.72,--,63,67536,买盘
651,14:20:00,10.72,--,67,71824,买盘
652,14:19:57,10.72,0.01,434,465248,买盘
653,14:19:54,10.71,--,331,354501,卖盘
654,14:19:51,10.71,-0.01,36,38556,卖盘
655,14:19:48,10.72,0.01,6,6432,买盘
656,14:19:45,10.71,--,78,83538,买盘
657,14:19:42,10.71,--,4,4284,买盘
658,14:19:39,10.71,0.01,7,7497,买盘
659,14:19:36,10.7,--,305,326350,买盘
660,14:19:33,10.7,0.01,590,631300,买盘
661,14:19:27,10.69,-0.01,2,2138,卖盘
662,14:19:24,10.7,0.01,24,25680,买盘
663,14:19:21,10.69,-0.01,1001,1070069,卖盘
664,14:19:18,10.7,--,7,7489,买盘
665,14:19:15,10.7,0.01,19,20330,买盘
666,14:19:12,10.69,-0.01,1,1069,卖盘
667,14:19:09,10.7,0.01,46,49220,买盘
668,14:19:06,10.69,--,18,19242,卖盘
669,14:19:03,10.69,-0.01,36,38484,卖盘
670,14:18:57,10.7,--,35,37450,买盘
671,14:18:54,10.7,--,20,21400,买盘
672,14:18:48,10.7,0.01,115,123049,买盘
673,14:18:45,10.69,--,25,26725,买盘
674,14:18:39,10.69,--,17,18173,买盘
675,14:18:36,10.69,--,1,1069,买盘
676,14:18:33,10.69,--,6,6414,买盘
677,14:18:30,10.69,0.01,12,12828,买盘
678,14:18:27,10.68,-0.01,2,2136,卖盘
679,14:18:21,10.69,--,18,19242,买盘
680,14:18:15,10.69,0.01,24,25656,买盘
681,14:18:12,10.68,-0.01,19,20292,卖盘
682,14:18:09,10.69,0.01,2,2138,买盘
683,14:18:06,10.68,-0.01,9,9612,卖盘
684,14:18:00,10.69,0.01,10,10690,买盘
685,14:17:57,10.68,--,1,1068,卖盘
686,14:17:54,10.68,--,2,2136,卖盘
687,14:17:51,10.68,-0.02,8,8544,卖盘
688,14:17:48,10.7,0.02,3,3210,买盘
689,14:17:45,10.68,--,1,1068,卖盘
690,14:17:39,10.68,-0.02,561,599148,卖盘
691,14:17:36,10.7,--,22,23540,买盘
692,14:17:33,10.7,--,44,47080,买盘
693,14:17:27,10.7,0.01,99,105930,买盘
694,14:17:24,10.69,--,51,54519,买盘
695,14:17:21,10.69,--,7,7483,买盘
696,14:17:18,10.69,--,10,10690,买盘
697,14:17:15,10.69,0.01,230,245870,买盘
698,14:17:12,10.68,-0.01,36,38448,卖盘
699,14:17:09,10.69,0.01,1,1069,买盘
700,14:17:06,10.68,-0.01,39,41652,卖盘
701,14:17:03,10.69,--,10,10690,买盘
702,14:16:57,10.69,--,20,21380,买盘
703,14:16:54,10.69,--,4,4276,买盘
704,14:16:51,10.69,0.01,6,6414,买盘
705,14:16:45,10.68,-0.01,2,2136,卖盘
706,14:16:39,10.69,--,21,22449,买盘
707,14:16:36,10.69,0.01,40,42760,买盘
708,14:16:33,10.68,-0.01,1,1068,卖盘
709,14:16:30,10.69,0.01,11,11759,买盘
710,14:16:27,10.68,--,2,2136,卖盘
711,14:16:21,10.68,--,19,20292,卖盘
712,14:16:15,10.68,--,19,20292,卖盘
713,14:16:12,10.68,-0.01,1,1068,卖盘
714,14:16:06,10.69,--,10,10690,买盘
715,14:16:03,10.69,--,16,17104,买盘
716,14:16:00,10.69,--,129,137901,卖盘
717,14:15:57,10.69,--,1,1069,卖盘
718,14:15:54,10.69,--,1,1069,卖盘
719,14:15:51,10.69,--,7,7483,卖盘
720,14:15:45,10.69,--,26,27794,买盘
721,14:15:42,10.69,--,22,23518,买盘
722,14:15:36,10.69,0.01,7,7483,买盘
723,14:15:33,10.68,-0.01,3,3204,卖盘
724,14:15:30,10.69,--,10,10690,买盘
725,14:15:27,10.69,--,3,3207,买盘
726,14:15:21,10.69,--,6,6414,买盘
727,14:15:18,10.69,0.01,25,26725,中性盘
728,14:15:12,10.68,-0.02,1,1068,卖盘
729,14:15:09,10.7,0.01,423,452609,买盘
730,14:15:06,10.69,--,2,2138,卖盘
731,14:15:03,10.69,-0.01,17,18173,卖盘
732,14:15:00,10.7,0.01,31,33170,买盘
733,14:14:57,10.69,--,2,2138,卖盘
734,14:14:54,10.69,--,9,9621,卖盘
735,14:14:51,10.69,--,17,18173,卖盘
736,14:14:45,10.69,--,2,2138,卖盘
737,14:14:39,10.69,0.01,3,3207,买盘
738,14:14:33,10.68,-0.01,29,30972,卖盘
739,14:14:30,10.69,--,3,3303,卖盘
740,14:14:27,10.69,--,1,1069,卖盘
741,14:14:24,10.69,0.01,3,4179,买盘
742,14:14:21,10.68,-0.01,1,1068,卖盘
743,14:14:15,10.69,0.01,17,18173,买盘
744,14:14:12,10.68,-0.01,3,3204,卖盘
745,14:14:09,10.69,0.01,6,6414,买盘
746,14:14:06,10.68,-0.01,3,3204,卖盘
747,14:14:03,10.69,0.01,10,10690,买盘
748,14:13:57,10.68,-0.01,28,29904,卖盘
749,14:13:54,10.69,--,7,7483,买盘
750,14:13:51,10.69,--,198,211662,买盘
751,14:13:48,10.69,0.01,1,1069,买盘
752,14:13:45,10.68,-0.01,2,2136,卖盘
753,14:13:42,10.69,--,15,16035,买盘
754,14:13:39,10.69,--,6,6414,买盘
755,14:13:36,10.69,0.01,8,8552,买盘
756,14:13:33,10.68,--,14,14952,卖盘
757,14:13:30,10.68,--,18,19224,卖盘
758,14:13:27,10.68,-0.01,2,2136,卖盘
759,14:13:24,10.69,--,7,7483,买盘
760,14:13:21,10.69,0.01,12,12828,买盘
761,14:13:15,10.68,-0.01,1,1068,卖盘
762,14:13:09,10.69,--,6,6414,买盘
763,14:13:06,10.69,--,37,39553,买盘
764,14:13:03,10.69,--,10,10690,买盘
765,14:13:00,10.69,--,200,213800,买盘
766,14:12:54,10.69,--,271,289795,卖盘
767,14:12:51,10.69,-0.01,2,2138,卖盘
768,14:12:48,10.7,0.01,13,13909,买盘
769,14:12:45,10.69,-0.01,16,17104,卖盘
770,14:12:39,10.7,0.01,7,7489,买盘
771,14:12:33,10.69,0.01,52,56560,买盘
772,14:12:27,10.68,-0.01,2,2136,卖盘
773,14:12:24,10.69,--,6,6414,买盘
774,14:12:21,10.69,0.01,1,1069,买盘
775,14:12:18,10.68,--,8,8544,卖盘
776,14:12:12,10.68,-0.01,2,2136,卖盘
777,14:12:09,10.69,--,7,7483,买盘
778,14:12:06,10.69,--,53,56657,买盘
779,14:12:00,10.69,0.01,10,10690,买盘
780,14:11:57,10.68,-0.01,7,7476,卖盘
781,14:11:51,10.69,--,29,31097,卖盘
782,14:11:48,10.69,--,2000,2138000,卖盘
783,14:11:45,10.69,--,2,2138,卖盘
784,14:11:42,10.69,-0.01,83,88727,卖盘
785,14:11:39,10.7,0.01,15,16049,买盘
786,14:11:33,10.69,-0.01,38,40622,卖盘
787,14:11:30,10.7,0.01,10,10700,买盘
788,14:11:27,10.69,-0.01,7,7483,卖盘
789,14:11:24,10.7,0.01,54,57779,买盘
790,14:11:21,10.69,--,2,2138,卖盘
791,14:11:18,10.69,--,6,6414,卖盘
792,14:11:12,10.69,--,569,608261,卖盘
793,14:11:06,10.69,-0.01,3003,3210207,卖盘
794,14:11:03,10.7,--,35,37450,买盘
795,14:11:00,10.7,0.01,11,11770,买盘
796,14:10:57,10.69,-0.01,7,7483,卖盘
797,14:10:54,10.7,0.01,60,64199,买盘
798,14:10:51,10.69,--,2,2138,卖盘
799,14:10:48,10.69,--,3,3207,卖盘
800,14:10:45,10.69,-0.01,2,2138,卖盘
801,14:10:42,10.7,0.01,7,7489,买盘
802,14:10:39,10.69,--,606,647814,卖盘
803,14:10:36,10.69,--,15,16035,卖盘
804,14:10:33,10.69,-0.01,47,50243,卖盘
805,14:10:27,10.7,--,25,26750,买盘
806,14:10:24,10.7,0.01,715,765050,买盘
807,14:10:21,10.69,--,25,26725,卖盘
808,14:10:15,10.69,-0.01,4,4297,卖盘
809,14:10:12,10.7,--,14,14979,买盘
810,14:10:09,10.7,0.01,30,32099,买盘
811,14:10:06,10.69,--,2,2138,卖盘
812,14:10:03,10.69,-0.01,19,20311,卖盘
813,14:10:00,10.7,--,10,10700,买盘
814,14:09:57,10.7,0.01,8,8560,买盘
815,14:09:54,10.69,-0.01,53,56657,卖盘
816,14:09:51,10.7,0.01,4,4280,买盘
817,14:09:45,10.69,-0.01,1,1069,卖盘
818,14:09:42,10.7,0.01,8,8560,买盘
819,14:09:39,10.69,--,8,8552,卖盘
820,14:09:33,10.69,-0.01,38,40622,卖盘
821,14:09:30,10.7,0.01,11,11770,买盘
822,14:09:27,10.69,-0.01,85,90865,卖盘
823,14:09:24,10.7,--,51,54570,买盘
824,14:09:15,10.7,--,27,28889,买盘
825,14:09:12,10.7,--,7,7489,买盘
826,14:09:09,10.7,--,13,13909,买盘
827,14:09:06,10.7,0.01,37,39590,买盘
828,14:09:03,10.69,-0.01,38,40622,卖盘
829,14:09:00,10.7,--,10,10700,买盘
830,14:08:57,10.7,0.01,27,28889,买盘
831,14:08:54,10.69,--,53,56657,卖盘
832,14:08:51,10.69,-0.01,1,1069,卖盘
833,14:08:48,10.7,0.01,240,256799,买盘
834,14:08:45,10.69,-0.01,2,2138,卖盘
835,14:08:42,10.7,--,6,6420,买盘
836,14:08:39,10.7,--,46,49220,买盘
837,14:08:36,10.7,--,24,25680,买盘
838,14:08:33,10.7,--,274,293180,买盘
839,14:08:30,10.7,--,10,10700,买盘
840,14:08:27,10.7,--,20,21400,买盘
841,14:08:24,10.7,0.01,51,54570,买盘
842,14:08:21,10.69,-0.01,12,12828,卖盘
843,14:08:15,10.7,0.01,14,14979,买盘
844,14:08:12,10.69,--,3,3207,卖盘
845,14:08:06,10.69,--,3,3207,卖盘
846,14:08:03,10.69,-0.01,29,31001,卖盘
847,14:08:00,10.7,0.01,15,16049,买盘
848,14:07:57,10.69,--,2,2138,卖盘
849,14:07:54,10.69,-0.01,207,221283,卖盘
850,14:07:51,10.7,--,28,29959,买盘
851,14:07:48,10.7,0.01,235,252402,买盘
852,14:07:45,10.69,--,15,16035,买盘
853,14:07:42,10.69,--,15,16035,买盘
854,14:07:36,10.69,0.01,19,20311,买盘
855,14:07:33,10.68,-0.01,13,13884,卖盘
856,14:07:30,10.69,0.01,6,6414,买盘
857,14:07:27,10.68,--,2,2136,卖盘
858,14:07:21,10.68,--,1,1068,卖盘
859,14:07:18,10.68,-0.01,4,4272,卖盘
860,14:07:15,10.69,0.01,15,16035,买盘
861,14:07:12,10.68,--,10,10680,卖盘
862,14:07:09,10.68,-0.01,187,199716,卖盘
863,14:07:06,10.69,--,3,3207,买盘
864,14:07:03,10.69,--,11,11759,买盘
865,14:07:00,10.69,--,6,6414,买盘
866,14:06:57,10.69,--,16,17104,买盘
867,14:06:54,10.69,0.01,2,2138,买盘
868,14:06:51,10.68,--,1,1068,卖盘
869,14:06:45,10.68,--,9,9612,卖盘
870,14:06:39,10.68,-0.01,8,8544,卖盘
871,14:06:36,10.69,0.01,56,59864,买盘
872,14:06:33,10.68,-0.01,13,13884,卖盘
873,14:06:30,10.69,--,12,12828,买盘
874,14:06:27,10.69,0.01,17,18173,买盘
875,14:06:18,10.68,-0.01,31,33108,卖盘
876,14:06:15,10.69,--,7,7483,买盘
877,14:06:12,10.69,--,27,28863,买盘
878,14:06:09,10.69,0.01,1,1069,买盘
879,14:06:06,10.68,--,3,3204,卖盘
880,14:06:03,10.68,-0.01,4,4272,卖盘
881,14:06:00,10.69,0.01,17,18173,买盘
882,14:05:57,10.68,--,1,1068,卖盘
883,14:05:54,10.68,-0.01,19,20292,卖盘
884,14:05:51,10.69,0.01,17,18173,买盘
885,14:05:45,10.68,-0.01,9,9612,卖盘
886,14:05:39,10.69,--,1,1069,买盘
887,14:05:36,10.69,-0.01,940,1004977,卖盘
888,14:05:33,10.7,--,51,54570,买盘
889,14:05:30,10.7,0.01,23,24610,买盘
890,14:05:27,10.69,-0.01,5,5345,卖盘
891,14:05:24,10.7,0.01,3,3210,买盘
892,14:05:21,10.69,--,25,26725,卖盘
893,14:05:18,10.69,-0.01,35,37415,卖盘
894,14:05:15,10.7,--,7,7489,买盘
895,14:05:09,10.7,-0.01,294,314580,卖盘
896,14:05:06,10.71,0.01,2,2142,买盘
897,14:05:00,10.7,--,85,90950,买盘
898,14:04:57,10.7,0.01,31,33170,买盘
899,14:04:54,10.69,--,22,23518,卖盘
900,14:04:51,10.69,-0.01,5,5345,卖盘
901,14:04:48,10.7,0.01,6,6420,买盘
902,14:04:45,10.69,-0.01,5,5345,卖盘
903,14:04:42,10.7,--,5,5350,买盘
904,14:04:39,10.7,--,19,20330,买盘
905,14:04:36,10.7,--,60,64199,买盘
906,14:04:33,10.7,--,15,16049,买盘
907,14:04:30,10.7,0.01,10,10700,买盘
908,14:04:27,10.69,-0.01,2,2138,卖盘
909,14:04:18,10.7,0.01,48,51360,买盘
910,14:04:15,10.69,--,4,4276,卖盘
911,14:04:12,10.69,-0.01,33,35277,卖盘
912,14:04:09,10.7,0.01,601,643070,买盘
913,14:04:06,10.69,--,2,2138,卖盘
914,14:04:03,10.69,-0.01,19,20311,卖盘
915,14:04:00,10.7,0.01,9,9630,买盘
916,14:03:57,10.69,-0.01,1,1069,卖盘
917,14:03:51,10.7,--,24,25680,买盘
918,14:03:48,10.7,0.01,6,6420,买盘
919,14:03:45,10.69,--,2,2138,卖盘
920,14:03:42,10.69,--,2,2138,卖盘
921,14:03:39,10.69,--,200,214751,买盘
922,14:03:36,10.69,--,1,1069,买盘
923,14:03:33,10.69,--,12,12828,买盘
924,14:03:30,10.69,0.01,10,10690,买盘
925,14:03:27,10.68,--,3,3204,卖盘
926,14:03:21,10.68,-0.01,12,12816,卖盘
927,14:03:18,10.69,--,38,40622,买盘
928,14:03:12,10.69,0.01,51,54519,买盘
929,14:03:06,10.68,-0.01,2,2136,卖盘
930,14:03:03,10.69,--,12,12828,买盘
931,14:03:00,10.69,0.01,11,11759,买盘
932,14:02:57,10.68,--,2,2136,卖盘
933,14:02:54,10.68,--,1,1068,卖盘
934,14:02:51,10.68,-0.01,2,2136,卖盘
935,14:02:48,10.69,0.01,7,7483,买盘
936,14:02:45,10.68,--,25,26700,卖盘
937,14:02:42,10.68,-0.01,77,82236,卖盘
938,14:02:39,10.69,--,34,36346,买盘
939,14:02:33,10.69,--,7,7483,买盘
940,14:02:30,10.69,0.01,10,10690,买盘
941,14:02:27,10.68,-0.01,17,18156,卖盘
942,14:02:24,10.69,--,1,1069,买盘
943,14:02:21,10.69,--,1,1069,买盘
944,14:02:18,10.69,0.01,38,40622,买盘
945,14:02:15,10.68,-0.01,69,73692,卖盘
946,14:02:12,10.69,--,15,16035,买盘
947,14:02:06,10.69,--,70,74830,买盘
948,14:02:03,10.69,--,6,6414,买盘
949,14:02:00,10.69,--,10,10690,买盘
950,14:01:57,10.69,--,20,21380,买盘
951,14:01:54,10.69,0.01,26,27794,买盘
952,14:01:51,10.68,--,113,120684,卖盘
953,14:01:45,10.68,--,11,11748,卖盘
954,14:01:42,10.68,-0.01,18,19224,卖盘
955,14:01:39,10.69,--,72,76968,买盘
956,14:01:36,10.69,--,237,253353,买盘
957,14:01:33,10.69,--,96,102624,买盘
958,14:01:30,10.69,0.01,12,12828,买盘
959,14:01:27,10.68,--,2,2136,卖盘
960,14:01:24,10.68,-0.01,5,5340,卖盘
961,14:01:21,10.69,0.01,23,24587,买盘
962,14:01:18,10.68,--,31,33108,卖盘
963,14:01:15,10.68,--,12,12816,卖盘
964,14:01:12,10.68,--,185,197580,卖盘
965,14:01:09,10.68,0.01,102,109534,买盘
966,14:01:06,10.67,-0.01,10,10670,卖盘
967,14:01:03,10.68,--,38,40584,买盘
968,14:01:00,10.68,0.01,111,118548,买盘
969,14:00:57,10.67,-0.01,30,32010,卖盘
970,14:00:54,10.68,--,2,2136,买盘
971,14:00:51,10.68,0.01,7,7476,买盘
972,14:00:45,10.67,-0.01,28,29876,卖盘
973,14:00:42,10.68,--,21,22428,买盘
974,14:00:39,10.68,--,135,144180,买盘
975,14:00:36,10.68,--,115,122820,买盘
976,14:00:27,10.68,0.01,194,207192,买盘
977,14:00:24,10.67,0.01,53,56551,买盘
978,14:00:21,10.66,--,8,8528,卖盘
979,14:00:18,10.66,-0.02,41,44558,卖盘
980,14:00:15,10.68,0.01,13,13884,买盘
981,14:00:12,10.67,--,82,87707,卖盘
982,14:00:06,10.67,--,39,41613,卖盘
983,14:00:03,10.67,-0.01,9,9603,卖盘
984,14:00:00,10.68,0.01,93,99324,买盘
985,13:59:57,10.67,--,22,23474,卖盘
986,13:59:54,10.67,--,126,134442,买盘
987,13:59:51,10.67,0.01,8,8536,买盘
988,13:59:45,10.66,--,217,231322,卖盘
989,13:59:42,10.66,-0.01,22,23452,卖盘
990,13:59:36,10.67,0.01,31,33834,买盘
991,13:59:33,10.66,-0.01,11,11726,卖盘
992,13:59:30,10.67,0.01,5,5335,买盘
993,13:59:27,10.66,--,6,6396,卖盘
994,13:59:24,10.66,-0.01,152,162032,卖盘
995,13:59:21,10.67,0.01,10,10670,买盘
996,13:59:18,10.66,--,35,37310,卖盘
997,13:59:15,10.66,--,1,1066,卖盘
998,13:59:12,10.66,--,1,1066,卖盘
999,13:59:09,10.66,-0.01,4,4264,卖盘
1000,13:59:06,10.67,0.01,9,9603,买盘
1001,13:59:03,10.66,--,14,14924,卖盘
1002,13:58:57,10.66,--,139,148174,买盘
1003,13:58:54,10.66,--,116,123656,买盘
1004,13:58:51,10.66,--,16,17056,买盘
1005,13:58:48,10.66,0.01,20,21320,买盘
1006,13:58:45,10.65,--,19,20235,卖盘
1007,13:58:39,10.65,-0.01,37,39405,卖盘
1008,13:58:36,10.66,0.01,26,27716,买盘
1009,13:58:33,10.65,-0.01,3,3195,卖盘
1010,13:58:30,10.66,0.01,10,10660,买盘
1011,13:58:27,10.65,--,2,2130,卖盘
1012,13:58:24,10.65,--,9,9585,卖盘
1013,13:58:21,10.65,--,54,57510,卖盘
1014,13:58:18,10.65,-0.01,75,79875,卖盘
1015,13:58:15,10.66,--,26,27716,买盘
1016,13:58:09,10.66,0.01,8,8528,买盘
1017,13:58:06,10.65,--,2,2130,卖盘
1018,13:58:03,10.65,-0.01,1,1065,卖盘
1019,13:58:00,10.66,--,10,10660,买盘
1020,13:57:57,10.66,-0.01,188,200408,卖盘
1021,13:57:54,10.67,0.01,7,7469,买盘
1022,13:57:51,10.66,0.01,3,3198,卖盘
1023,13:57:48,10.65,--,8,8520,卖盘
1024,13:57:45,10.65,--,12,12780,卖盘
1025,13:57:42,10.65,-0.02,2,2130,卖盘
1026,13:57:39,10.67,0.01,10,10670,买盘
1027,13:57:36,10.66,--,514,547924,买盘
1028,13:57:33,10.66,0.01,107,114062,买盘
1029,13:57:30,10.65,-0.01,2,2130,卖盘
1030,13:57:27,10.66,--,67,71422,买盘
1031,13:57:24,10.66,--,16,17056,买盘
1032,13:57:21,10.66,0.01,1,1066,买盘
1033,13:57:18,10.65,-0.01,35,37275,卖盘
1034,13:57:15,10.66,--,5,5330,买盘
1035,13:57:12,10.66,0.01,32,34112,买盘
1036,13:57:09,10.65,--,7,7455,卖盘
1037,13:57:06,10.65,-0.01,2,2130,卖盘
1038,13:57:03,10.66,--,20,21320,买盘
1039,13:56:57,10.66,--,51,54366,买盘
1040,13:56:54,10.66,--,8,8528,买盘
1041,13:56:51,10.66,--,3,3198,买盘
1042,13:56:48,10.66,0.01,1,1066,买盘
1043,13:56:45,10.65,-0.01,20,21300,卖盘
1044,13:56:39,10.66,--,6,6396,买盘
1045,13:56:33,10.66,0.01,10,10660,买盘
1046,13:56:27,10.65,-0.01,29,30885,卖盘
1047,13:56:24,10.66,0.01,10,10660,买盘
1048,13:56:21,10.65,-0.01,11,11715,卖盘
1049,13:56:18,10.66,0.01,96,102336,买盘
1050,13:56:15,10.65,0.01,20,21300,买盘
1051,13:56:12,10.64,-0.01,60,63840,卖盘
1052,13:56:09,10.65,--,7,7455,买盘
1053,13:56:06,10.65,--,367,390855,卖盘
1054,13:56:03,10.65,-0.01,48,51120,卖盘
1055,13:56:00,10.66,0.01,11,11726,买盘
1056,13:55:57,10.65,-0.01,1,1065,卖盘
1057,13:55:54,10.66,0.01,7,7462,买盘
1058,13:55:51,10.65,--,6,6390,卖盘
1059,13:55:45,10.65,--,31,33015,卖盘
1060,13:55:42,10.65,-0.01,1,1065,卖盘
1061,13:55:39,10.66,0.02,8,8528,买盘
1062,13:55:33,10.64,-0.02,201,213864,卖盘
1063,13:55:30,10.66,0.01,10,10660,买盘
1064,13:55:27,10.65,--,1,1065,卖盘
1065,13:55:24,10.65,0.01,23,24495,买盘
1066,13:55:21,10.64,--,159,169176,卖盘
1067,13:55:18,10.64,--,31,32984,卖盘
1068,13:55:15,10.64,-0.01,12,12768,卖盘
1069,13:55:12,10.65,--,28,29820,买盘
1070,13:55:09,10.65,0.01,6,6390,买盘
1071,13:55:06,10.64,-0.01,3,3192,卖盘
1072,13:55:03,10.65,--,36,38340,买盘
1073,13:55:00,10.65,0.01,70,74550,买盘
1074,13:54:57,10.64,-0.01,28,29792,卖盘
1075,13:54:54,10.65,--,268,285420,卖盘
1076,13:54:51,10.65,--,173,184245,买盘
1077,13:54:48,10.65,0.01,71,75615,买盘
1078,13:54:45,10.64,-0.01,220,234080,卖盘
1079,13:54:42,10.65,--,352,374880,买盘
1080,13:54:39,10.65,--,7,7455,买盘
1081,13:54:36,10.65,--,1,1065,买盘
1082,13:54:33,10.65,--,5,5325,买盘
1083,13:54:30,10.65,--,26,27690,买盘
1084,13:54:27,10.65,0.01,11,11715,买盘
1085,13:54:21,10.64,--,29,30856,卖盘
1086,13:54:18,10.64,-0.01,133,141512,卖盘
1087,13:54:15,10.65,0.01,18,19170,买盘
1088,13:54:12,10.64,-0.01,8,8512,卖盘
1089,13:54:09,10.65,--,23,24495,买盘
1090,13:54:06,10.65,0.01,103,109695,买盘
1091,13:54:03,10.64,-0.01,157,167048,卖盘
1092,13:54:00,10.65,--,22,23430,买盘
1093,13:53:57,10.65,--,290,308850,买盘
1094,13:53:54,10.65,0.01,53,56445,买盘
1095,13:53:51,10.64,-0.01,10,10640,卖盘
1096,13:53:48,10.65,0.01,22,23430,买盘
1097,13:53:45,10.64,--,21,22344,卖盘
1098,13:53:42,10.64,-0.01,30,31920,卖盘
1099,13:53:39,10.65,--,1,1065,买盘
1100,13:53:33,10.65,--,71,75615,买盘
1101,13:53:30,10.65,0.01,13,13845,买盘
1102,13:53:27,10.64,--,11,12533,买盘
1103,13:53:24,10.64,--,54,57690,卖盘
1104,13:53:21,10.64,--,7,8277,买盘
1105,13:53:18,10.64,--,40,42794,卖盘
1106,13:53:15,10.64,--,5,6149,买盘
1107,13:53:12,10.64,--,52,55328,买盘
1108,13:53:09,10.64,--,42,44688,买盘
1109,13:53:06,10.64,0.01,53,56392,买盘
1110,13:53:03,10.63,-0.01,67,71221,卖盘
1111,13:53:00,10.64,0.01,56,59584,买盘
1112,13:52:57,10.63,-0.01,98,104174,卖盘
1113,13:52:54,10.64,0.01,268,285152,买盘
1114,13:52:51,10.63,-0.01,131,139253,卖盘
1115,13:52:48,10.64,--,50,53200,买盘
1116,13:52:45,10.64,--,12,12768,买盘
1117,13:52:42,10.64,--,168,178752,买盘
1118,13:52:39,10.64,--,37,39368,买盘
1119,13:52:36,10.64,--,24,25536,买盘
1120,13:52:33,10.64,--,19,20216,买盘
1121,13:52:30,10.64,--,20,21280,买盘
1122,13:52:27,10.64,0.01,210,223440,买盘
1123,13:52:24,10.63,-0.01,64,68032,卖盘
1124,13:52:21,10.64,--,103,109592,买盘
1125,13:52:18,10.64,--,49,52136,买盘
1126,13:52:15,10.64,0.01,239,254296,买盘
1127,13:52:12,10.63,-0.01,140,148820,卖盘
1128,13:52:09,10.64,--,70,74480,买盘
1129,13:52:06,10.64,-0.01,4,4256,中性盘
1130,13:52:03,10.65,--,35,37275,买盘
1131,13:52:00,10.65,0.01,20,21300,买盘
1132,13:51:57,10.64,-0.01,295,313880,中性盘
1133,13:51:54,10.65,0.01,251,267315,买盘
1134,13:51:51,10.64,--,27,28728,卖盘
1135,13:51:48,10.64,--,19,20216,卖盘
1136,13:51:45,10.64,--,10,10640,卖盘
1137,13:51:42,10.64,--,43,45752,买盘
1138,13:51:39,10.64,-0.01,163,173432,卖盘
1139,13:51:36,10.65,0.01,22,23430,买盘
1140,13:51:33,10.64,-0.01,81,86184,卖盘
1141,13:51:30,10.65,0.01,7,7455,买盘
1142,13:51:27,10.64,-0.01,2,2128,卖盘
1143,13:51:24,10.65,0.01,2,2130,买盘
1144,13:51:21,10.64,-0.01,103,109592,卖盘
1145,13:51:18,10.65,--,7,7455,买盘
1146,13:51:15,10.65,--,1488,1584720,卖盘
1147,13:51:12,10.65,--,3,3195,卖盘
1148,13:51:06,10.65,-0.02,1244,1324860,卖盘
1149,13:51:03,10.67,--,9,9603,买盘
1150,13:51:00,10.67,--,19,20273,买盘
1151,13:50:57,10.67,-0.01,1443,1539681,卖盘
1152,13:50:54,10.68,0.01,21,22428,买盘
1153,13:50:51,10.67,-0.01,1,1067,卖盘
1154,13:50:48,10.68,--,448,479147,卖盘
1155,13:50:45,10.68,-0.01,28,29904,卖盘
1156,13:50:39,10.69,-0.01,327,349680,卖盘
1157,13:50:36,10.7,0.01,1,1070,买盘
1158,13:50:33,10.69,-0.01,138,147522,卖盘
1159,13:50:30,10.7,--,16,17120,买盘
1160,13:50:27,10.7,-0.01,24,25680,中性盘
1161,13:50:21,10.71,0.02,2,2142,买盘
1162,13:50:18,10.69,--,31,33139,卖盘
1163,13:50:15,10.69,-0.02,18,19242,卖盘
1164,13:50:12,10.71,--,2,2142,买盘
1165,13:50:06,10.71,0.01,24,25704,买盘
1166,13:50:03,10.7,--,2,2140,中性盘
1167,13:50:00,10.7,--,24,25680,买盘
1168,13:49:54,10.7,0.01,3,3210,买盘
1169,13:49:51,10.69,--,23,24587,卖盘
1170,13:49:45,10.69,-0.01,27,28863,卖盘
1171,13:49:42,10.7,--,1,1070,买盘
1172,13:49:36,10.7,0.01,73,78110,买盘
1173,13:49:33,10.69,-0.01,27,29814,卖盘
1174,13:49:30,10.7,0.01,8,8560,买盘
1175,13:49:27,10.69,--,2,2138,卖盘
1176,13:49:21,10.69,--,2,2138,卖盘
1177,13:49:18,10.69,-0.01,57,60933,卖盘
1178,13:49:15,10.7,0.01,19,20330,买盘
1179,13:49:12,10.69,--,3,3207,卖盘
1180,13:49:06,10.69,--,40,42760,买盘
1181,13:49:03,10.69,--,26,27794,买盘
1182,13:49:00,10.69,--,7,7483,买盘
1183,13:48:57,10.69,0.01,3,3207,买盘
1184,13:48:54,10.68,--,101,107868,卖盘
1185,13:48:51,10.68,--,20,21360,卖盘
1186,13:48:48,10.68,--,27,28836,卖盘
1187,13:48:45,10.68,--,59,63012,卖盘
1188,13:48:42,10.68,--,2,2136,卖盘
1189,13:48:39,10.68,-0.01,33,35553,卖盘
1190,13:48:36,10.69,--,2,2138,买盘
1191,13:48:33,10.69,--,7,7483,买盘
1192,13:48:30,10.69,0.01,26,27794,买盘
1193,13:48:27,10.68,-0.01,2,2136,卖盘
1194,13:48:24,10.69,0.01,26,27794,买盘
1195,13:48:21,10.68,--,2,2136,卖盘
1196,13:48:18,10.68,--,49,52332,卖盘
1197,13:48:12,10.68,--,28,29904,卖盘
1198,13:48:09,10.68,-0.01,280,299040,卖盘
1199,13:48:06,10.69,0.01,5,5345,买盘
1200,13:48:03,10.68,--,38,40584,卖盘
1201,13:48:00,10.68,--,342,365256,卖盘
1202,13:47:54,10.68,--,203,216804,卖盘
1203,13:47:51,10.68,-0.01,21,22428,卖盘
1204,13:47:48,10.69,0.01,6,6414,买盘
1205,13:47:45,10.68,--,20,21360,卖盘
1206,13:47:42,10.68,-0.01,104,111616,卖盘
1207,13:47:36,10.69,0.01,8,8552,买盘
1208,13:47:33,10.68,--,24,25632,卖盘
1209,13:47:27,10.68,--,14,14952,卖盘
1210,13:47:21,10.68,--,4,4272,卖盘
1211,13:47:18,10.68,-0.01,37,39516,卖盘
1212,13:47:15,10.69,-0.02,10,10690,卖盘
1213,13:47:12,10.71,--,16,17136,买盘
1214,13:47:09,10.71,--,16,17136,买盘
1215,13:47:06,10.71,0.03,48,51408,买盘
1216,13:47:03,10.68,--,23,24564,卖盘
1217,13:47:00,10.68,-0.02,42,44856,卖盘
1218,13:46:57,10.7,0.02,14,14979,中性盘
1219,13:46:54,10.68,--,301,321468,卖盘
1220,13:46:51,10.68,-0.01,24,25632,卖盘
1221,13:46:48,10.69,0.01,40,42760,买盘
1222,13:46:45,10.68,-0.01,18,19224,卖盘
1223,13:46:42,10.69,-0.01,62,66278,卖盘
1224,13:46:33,10.7,--,77,82390,买盘
1225,13:46:27,10.7,0.01,12,12840,买盘
1226,13:46:21,10.69,-0.01,1,1069,卖盘
1227,13:46:18,10.7,0.01,39,41730,买盘
1228,13:46:15,10.69,-0.01,10,10690,卖盘
1229,13:46:12,10.7,0.01,35,37450,买盘
1230,13:46:09,10.69,-0.01,8,8552,卖盘
1231,13:46:06,10.7,--,135,144450,买盘
1232,13:46:03,10.7,0.01,20,21400,买盘
1233,13:45:57,10.69,--,31,33139,买盘
1234,13:45:54,10.69,--,18,19242,卖盘
1235,13:45:51,10.69,--,1,1069,卖盘
1236,13:45:48,10.69,0.01,5,5345,买盘
1237,13:45:45,10.68,--,113,121517,卖盘
1238,13:45:39,10.68,-0.01,7,7476,卖盘
1239,13:45:36,10.69,0.01,6,6414,买盘
1240,13:45:33,10.68,--,18,19224,卖盘
1241,13:45:30,10.68,-0.01,67,71556,卖盘
1242,13:45:27,10.69,0.01,2,2138,中性盘
1243,13:45:21,10.68,-0.01,16,17088,卖盘
1244,13:45:18,10.69,--,82,88139,卖盘
1245,13:45:15,10.69,-0.01,27,28863,卖盘
1246,13:45:06,10.7,0.01,14,14979,买盘
1247,13:45:03,10.69,-0.01,57,60933,卖盘
1248,13:45:00,10.7,0.01,10,10700,买盘
1249,13:44:54,10.69,--,19,20311,卖盘
1250,13:44:51,10.69,--,20,21380,卖盘
1251,13:44:48,10.69,--,112,120551,卖盘
1252,13:44:45,10.69,--,502,536638,卖盘
1253,13:44:42,10.69,-0.01,36,38484,卖盘
1254,13:44:36,10.7,--,6,6420,买盘
1255,13:44:33,10.7,--,23,24610,买盘
1256,13:44:30,10.7,0.01,10,10700,买盘
1257,13:44:27,10.69,--,1,1069,卖盘
1258,13:44:24,10.69,-0.01,8,8552,卖盘
1259,13:44:21,10.7,0.01,8,8560,买盘
1260,13:44:18,10.69,--,31,33139,卖盘
1261,13:44:15,10.69,0.01,409,438054,买盘
1262,13:44:12,10.68,-0.01,2,2136,卖盘
1263,13:44:06,10.69,0.01,15,16035,买盘
1264,13:44:03,10.68,-0.01,62,66216,卖盘
1265,13:44:00,10.69,--,25,26725,买盘
1266,13:43:57,10.69,--,171,183034,卖盘
1267,13:43:54,10.69,-0.01,1,1069,卖盘
1268,13:43:51,10.7,0.01,15,16049,买盘
1269,13:43:48,10.69,--,123,132320,卖盘
1270,13:43:45,10.69,-0.01,2,2138,卖盘
1271,13:43:36,10.7,0.01,7,7489,买盘
1272,13:43:30,10.69,0.01,14,14966,买盘
1273,13:43:27,10.68,-0.01,2,2136,卖盘
1274,13:43:24,10.69,0.01,72,76968,买盘
1275,13:43:21,10.68,-0.01,7,7476,卖盘
1276,13:43:18,10.69,0.01,32,34208,买盘
1277,13:43:15,10.68,--,1,1068,卖盘
1278,13:43:12,10.68,--,6,6408,卖盘
1279,13:43:09,10.68,-0.01,20,21360,卖盘
1280,13:43:06,10.69,0.01,13,13897,买盘
1281,13:43:03,10.68,-0.01,111,118548,卖盘
1282,13:43:00,10.69,0.01,215,229835,买盘
1283,13:42:57,10.68,--,102,108936,卖盘
1284,13:42:54,10.68,--,19,20292,卖盘
1285,13:42:51,10.68,--,245,262493,卖盘
1286,13:42:45,10.68,--,15,16020,卖盘
1287,13:42:39,10.68,-0.01,4,4272,卖盘
1288,13:42:36,10.69,0.01,73,78037,买盘
1289,13:42:33,10.68,--,22,23496,卖盘
1290,13:42:27,10.68,-0.01,2,2136,卖盘
1291,13:42:24,10.69,0.01,9,9621,买盘
1292,13:42:21,10.68,--,1,1068,卖盘
1293,13:42:18,10.68,--,31,33108,卖盘
1294,13:42:15,10.68,--,1,1068,卖盘
1295,13:42:12,10.68,--,40,43617,买盘
1296,13:42:09,10.68,--,6,6408,买盘
1297,13:42:06,10.68,0.01,208,222144,买盘
1298,13:42:03,10.67,-0.01,6,6402,卖盘
1299,13:42:00,10.68,--,28,29904,买盘
1300,13:41:57,10.68,--,129,137772,买盘
1301,13:41:54,10.68,-0.01,660,705147,卖盘
1302,13:41:51,10.69,0.01,49,52381,买盘
1303,13:41:48,10.68,--,15,16020,卖盘
1304,13:41:45,10.68,--,2,2136,卖盘
1305,13:41:39,10.68,-0.01,15,16020,卖盘
1306,13:41:36,10.69,--,11,11759,买盘
1307,13:41:33,10.69,0.01,12,12828,买盘
1308,13:41:30,10.68,--,8,8544,卖盘
1309,13:41:27,10.68,-0.01,14,14952,卖盘
1310,13:41:24,10.69,0.01,9,9621,买盘
1311,13:41:21,10.68,--,1,1068,卖盘
1312,13:41:18,10.68,--,32,34176,卖盘
1313,13:41:12,10.68,--,52,55536,卖盘
1314,13:41:09,10.68,--,36,38448,卖盘
1315,13:41:06,10.68,-0.01,2,2136,卖盘
1316,13:41:03,10.69,--,1,1069,买盘
1317,13:41:00,10.69,0.01,48,51312,买盘
1318,13:40:57,10.68,--,19,20292,卖盘
1319,13:40:54,10.68,--,122,131129,卖盘
1320,13:40:51,10.68,--,2,2136,卖盘
1321,13:40:48,10.68,-0.01,70,74760,卖盘
1322,13:40:45,10.69,-0.01,2,2138,卖盘
1323,13:40:39,10.7,--,6,6420,买盘
1324,13:40:36,10.7,0.01,1,1070,买盘
1325,13:40:33,10.69,-0.01,25,26725,中性盘
1326,13:40:30,10.7,0.02,7,7489,买盘
1327,13:40:27,10.68,--,2,2136,卖盘
1328,13:40:24,10.68,--,105,112140,卖盘
1329,13:40:21,10.68,--,1,1068,卖盘
1330,13:40:18,10.68,--,33,35244,卖盘
1331,13:40:15,10.68,--,2,2136,卖盘
1332,13:40:12,10.68,-0.01,16,17088,卖盘
1333,13:40:09,10.69,0.01,6,6414,买盘
1334,13:40:06,10.68,-0.01,2,2136,卖盘
1335,13:40:03,10.69,0.01,14,14966,中性盘
1336,13:40:00,10.68,-0.01,112,120449,卖盘
1337,13:39:54,10.69,0.01,13,13897,买盘
1338,13:39:51,10.68,--,1,1068,卖盘
1339,13:39:45,10.68,-0.01,2,2136,卖盘
1340,13:39:39,10.69,0.01,135,144315,买盘
1341,13:39:36,10.68,--,10,10680,卖盘
1342,13:39:33,10.68,-0.01,2,2136,卖盘
1343,13:39:30,10.69,0.01,13,13897,买盘
1344,13:39:27,10.68,-0.01,394,421614,卖盘
1345,13:39:24,10.69,--,6,6414,买盘
1346,13:39:18,10.69,0.01,39,41691,买盘
1347,13:39:15,10.68,--,1,1068,卖盘
1348,13:39:12,10.68,-0.01,6,6408,卖盘
1349,13:39:09,10.69,0.01,17,18173,买盘
1350,13:39:06,10.68,-0.02,11,11748,卖盘
1351,13:39:03,10.7,0.01,6,6420,买盘
1352,13:39:00,10.69,--,132,142091,买盘
1353,13:38:57,10.69,0.01,38,41530,买盘
1354,13:38:54,10.68,-0.01,2,2136,卖盘
1355,13:38:51,10.69,--,50,53450,买盘
1356,13:38:45,10.69,--,12,12828,买盘
1357,13:38:42,10.69,0.01,7,7483,买盘
1358,13:38:36,10.68,-0.01,3,3204,卖盘
1359,13:38:33,10.69,--,12,12828,买盘
1360,13:38:30,10.69,--,3,3207,买盘
1361,13:38:27,10.69,0.01,11,11759,买盘
1362,13:38:24,10.68,--,4,4272,卖盘
1363,13:38:21,10.68,-0.01,1,1068,卖盘
1364,13:38:18,10.69,0.01,38,40622,买盘
1365,13:38:12,10.68,-0.01,64,68352,卖盘
1366,13:38:09,10.69,0.01,4,4276,买盘
1367,13:38:06,10.68,-0.01,1,1068,卖盘
1368,13:38:03,10.69,--,11,11759,买盘
1369,13:38:00,10.69,--,278,298005,买盘
1370,13:37:57,10.69,--,506,540914,买盘
1371,13:37:54,10.69,0.01,49,52381,买盘
1372,13:37:51,10.68,--,8,8544,卖盘
1373,13:37:45,10.68,-0.02,2,2136,卖盘
1374,13:37:42,10.7,0.02,7,7489,买盘
1375,13:37:39,10.68,-0.01,70,74760,卖盘
1376,13:37:36,10.69,-0.01,3,3207,卖盘
1377,13:37:33,10.7,0.02,2,2140,买盘
1378,13:37:30,10.68,-0.02,234,249912,卖盘
1379,13:37:27,10.7,0.01,137,146590,买盘
1380,13:37:24,10.69,0.01,39,42524,买盘
1381,13:37:21,10.68,--,16,17088,卖盘
1382,13:37:18,10.68,-0.01,31,33108,卖盘
1383,13:37:15,10.69,0.01,38,40622,买盘
1384,13:37:12,10.68,-0.01,21,22428,卖盘
1385,13:37:06,10.69,--,19,20311,买盘
1386,13:37:03,10.69,-0.01,97,103693,卖盘
1387,13:37:00,10.7,0.01,28,29959,买盘
1388,13:36:57,10.69,--,18,19242,卖盘
1389,13:36:54,10.69,--,2,2138,卖盘
1390,13:36:51,10.69,--,12,12828,卖盘
1391,13:36:48,10.69,--,25,26725,卖盘
1392,13:36:45,10.69,-0.01,22,23518,卖盘
1393,13:36:42,10.7,--,6,6420,买盘
1394,13:36:39,10.7,0.01,100,107000,买盘
1395,13:36:36,10.69,--,12,12828,卖盘
1396,13:36:33,10.69,-0.01,17,18173,卖盘
1397,13:36:30,10.7,--,10,10700,买盘
1398,13:36:27,10.7,--,8,8560,买盘
1399,13:36:21,10.7,--,163,174410,买盘
1400,13:36:18,10.7,--,74,79180,买盘
1401,13:36:12,10.7,0.01,16,17419,买盘
1402,13:36:09,10.69,--,43,45967,卖盘
1403,13:36:06,10.69,--,2,2138,卖盘
1404,13:36:03,10.69,--,455,486491,卖盘
1405,13:36:00,10.69,-0.01,25,26725,卖盘
1406,13:35:57,10.7,0.01,208,222559,买盘
1407,13:35:54,10.69,--,1,1069,卖盘
1408,13:35:51,10.69,-0.01,11,11759,卖盘
1409,13:35:48,10.7,0.01,1,1070,买盘
1410,13:35:45,10.69,--,17,18173,卖盘
1411,13:35:42,10.69,--,209,223421,卖盘
1412,13:35:39,10.69,-0.02,689,736541,卖盘
1413,13:35:36,10.71,0.01,2,2142,买盘
1414,13:35:33,10.7,--,17,18190,卖盘
1415,13:35:30,10.7,--,36,38520,卖盘
1416,13:35:27,10.7,-0.01,23,24610,卖盘
1417,13:35:21,10.71,--,1070,1146698,卖盘
1418,13:35:18,10.71,-0.01,31,33201,卖盘
1419,13:35:15,10.72,0.01,60,64320,买盘
1420,13:35:06,10.71,--,142,152895,卖盘
1421,13:35:03,10.71,-0.01,28,29988,卖盘
1422,13:35:00,10.72,0.01,6,6432,买盘
1423,13:34:54,10.71,--,2,2142,卖盘
1424,13:34:51,10.71,--,6,6426,卖盘
1425,13:34:48,10.71,--,4,4284,卖盘
1426,13:34:45,10.71,-0.01,18,19278,卖盘
1427,13:34:36,10.72,0.01,2,2144,买盘
1428,13:34:33,10.71,-0.01,12,12852,卖盘
1429,13:34:30,10.72,0.01,76,81472,买盘
1430,13:34:27,10.71,-0.01,2,2142,卖盘
1431,13:34:24,10.72,--,10,10720,买盘
1432,13:34:18,10.72,--,232,248704,买盘
1433,13:34:15,10.72,0.01,7,7504,买盘
1434,13:34:12,10.71,--,26,27846,卖盘
1435,13:34:06,10.71,--,115,124000,卖盘
1436,13:34:03,10.71,-0.01,28,29988,卖盘
1437,13:34:00,10.72,0.01,6,6432,买盘
1438,13:33:57,10.71,-0.01,18,19278,卖盘
1439,13:33:54,10.72,--,267,286931,卖盘
1440,13:33:51,10.72,-0.01,1,1072,卖盘
1441,13:33:48,10.73,0.01,1,1073,买盘
1442,13:33:45,10.72,--,9,9648,卖盘
1443,13:33:36,10.72,-0.01,32,34304,卖盘
1444,13:33:33,10.73,--,11,11803,买盘
1445,13:33:30,10.73,0.01,59,63307,买盘
1446,13:33:27,10.72,--,2,2144,卖盘
1447,13:33:24,10.72,-0.01,1,1072,卖盘
1448,13:33:21,10.73,0.01,12,12876,买盘
1449,13:33:18,10.72,-0.01,31,33232,卖盘
1450,13:33:15,10.73,0.02,22,23970,买盘
1451,13:33:12,10.71,-0.01,2,2142,卖盘
1452,13:33:09,10.72,--,109,117319,卖盘
1453,13:33:06,10.72,--,1,1072,卖盘
1454,13:33:03,10.72,-0.01,18,19296,卖盘
1455,13:33:00,10.73,--,20,21460,买盘
1456,13:32:57,10.73,0.01,62,66526,买盘
1457,13:32:54,10.72,--,2,2144,卖盘
1458,13:32:51,10.72,-0.01,1,1072,卖盘
1459,13:32:48,10.73,--,1,1073,买盘
1460,13:32:45,10.73,0.01,9,9657,买盘
1461,13:32:42,10.72,-0.01,331,354832,卖盘
1462,13:32:36,10.73,0.01,2,2146,买盘
1463,13:32:33,10.72,--,34,36448,卖盘
1464,13:32:27,10.72,--,7,7504,卖盘
1465,13:32:24,10.72,--,26,27872,卖盘
1466,13:32:21,10.72,-0.01,1,1072,卖盘
1467,13:32:18,10.73,0.01,38,40774,买盘
1468,13:32:15,10.72,-0.01,1,1072,卖盘
1469,13:32:12,10.73,0.01,128,138180,买盘
1470,13:32:06,10.72,--,3,3216,卖盘
1471,13:32:03,10.72,--,36,38592,卖盘
1472,13:31:54,10.72,-0.01,1,1072,卖盘
1473,13:31:51,10.73,--,12,12876,买盘
1474,13:31:48,10.73,--,25,26825,买盘
1475,13:31:45,10.73,--,6,6438,买盘
1476,13:31:36,10.73,--,2,2146,买盘
1477,13:31:33,10.73,--,22,23606,买盘
1478,13:31:30,10.73,0.01,16,17168,买盘
1479,13:31:27,10.72,--,6,6432,卖盘
1480,13:31:24,10.72,--,9,9648,卖盘
1481,13:31:21,10.72,-0.01,79,84688,卖盘
1482,13:31:18,10.73,0.01,38,40774,买盘
1483,13:31:12,10.72,--,117,126260,卖盘
1484,13:31:06,10.72,-0.01,20,21440,卖盘
1485,13:31:03,10.73,--,17,18241,买盘
1486,13:31:00,10.73,0.01,16,17168,买盘
1487,13:30:57,10.72,--,10,10720,卖盘
1488,13:30:54,10.72,--,1,1072,卖盘
1489,13:30:51,10.72,-0.01,1,1072,卖盘
1490,13:30:48,10.73,0.01,7,7511,买盘
1491,13:30:45,10.72,-0.01,4,4288,卖盘
1492,13:30:42,10.73,0.01,12,12876,买盘
1493,13:30:39,10.72,-0.01,10,10720,卖盘
1494,13:30:36,10.73,0.01,2,2146,买盘
1495,13:30:33,10.72,-0.01,8,8576,卖盘
1496,13:30:30,10.73,--,11,11803,买盘
1497,13:30:27,10.73,--,19,20387,买盘
1498,13:30:21,10.73,--,7,7511,买盘
1499,13:30:18,10.73,--,20,21460,买盘
1500,13:30:15,10.73,--,89,95497,卖盘
1501,13:30:06,10.73,-0.01,21,22533,卖盘
1502,13:30:03,10.74,--,12,12888,买盘
1503,13:30:00,10.74,0.01,10,10740,买盘
1504,13:29:57,10.73,--,57,61161,中性盘
1505,13:29:54,10.73,0.01,9,9657,中性盘
1506,13:29:51,10.72,--,1,1072,卖盘
1507,13:29:48,10.72,--,53,56816,卖盘
1508,13:29:45,10.72,-0.02,14,15008,卖盘
1509,13:29:39,10.74,0.01,130,139620,买盘
1510,13:29:36,10.73,--,4,4292,买盘
1511,13:29:33,10.73,0.02,7,7511,中性盘
1512,13:29:27,10.71,--,2,2142,卖盘
1513,13:29:24,10.71,--,8,8568,卖盘
1514,13:29:21,10.71,-0.02,216,231336,卖盘
1515,13:29:18,10.73,0.02,38,40774,买盘
1516,13:29:15,10.71,-0.02,112,120787,卖盘
1517,13:29:12,10.73,0.01,324,347652,买盘
1518,13:29:09,10.72,0.01,20,21440,买盘
1519,13:29:06,10.71,-0.01,159,170289,卖盘
1520,13:29:03,10.72,--,12,12864,买盘
1521,13:29:00,10.72,0.01,16,17152,买盘
1522,13:28:51,10.71,--,24,25704,卖盘
1523,13:28:45,10.71,-0.01,5,5355,卖盘
1524,13:28:42,10.72,--,295,316240,买盘
1525,13:28:36,10.72,--,6,6432,买盘
1526,13:28:33,10.72,--,12,12864,买盘
1527,13:28:30,10.72,0.01,16,17152,买盘
1528,13:28:27,10.71,--,1,1071,卖盘
1529,13:28:24,10.71,-0.01,71,76041,卖盘
1530,13:28:21,10.72,--,19,20368,买盘
1531,13:28:18,10.72,--,52,56483,卖盘
1532,13:28:12,10.72,-0.01,76,81472,卖盘
1533,13:28:09,10.73,0.01,32,34336,买盘
1534,13:28:06,10.72,-0.01,10,10720,卖盘
1535,13:28:03,10.73,--,1,1073,买盘
1536,13:28:00,10.73,0.01,11,11803,买盘
1537,13:27:57,10.72,--,1,1072,卖盘
1538,13:27:54,10.72,--,2,2144,卖盘
1539,13:27:51,10.72,--,23,24656,卖盘
1540,13:27:48,10.72,--,73,78256,卖盘
1541,13:27:45,10.72,--,11,11792,卖盘
1542,13:27:39,10.72,-0.01,72,77184,卖盘
1543,13:27:36,10.73,0.01,7,7511,买盘
1544,13:27:33,10.72,-0.01,37,39664,卖盘
1545,13:27:30,10.73,--,16,17168,买盘
1546,13:27:27,10.73,0.01,14,15022,买盘
1547,13:27:24,10.72,--,15,16080,卖盘
1548,13:27:21,10.72,--,120,129465,卖盘
1549,13:27:18,10.72,--,31,33232,卖盘
1550,13:27:12,10.72,-0.01,2,2144,卖盘
1551,13:27:06,10.73,0.01,109,116957,买盘
1552,13:27:03,10.72,-0.01,5,5360,卖盘
1553,13:27:00,10.73,0.01,32,34336,买盘
1554,13:26:57,10.72,-0.01,17,18224,卖盘
1555,13:26:54,10.73,--,19,20387,买盘
1556,13:26:51,10.73,0.01,72,77256,买盘
1557,13:26:45,10.72,-0.01,1,1072,卖盘
1558,13:26:36,10.73,--,23,24679,买盘
1559,13:26:33,10.73,--,2,2146,买盘
1560,13:26:30,10.73,0.01,11,11803,买盘
1561,13:26:27,10.72,--,47,50384,卖盘
1562,13:26:24,10.72,--,9,9648,卖盘
1563,13:26:21,10.72,-0.02,118,127332,卖盘
1564,13:26:18,10.74,0.01,16,17184,买盘
1565,13:26:15,10.73,-0.01,177,190639,卖盘
1566,13:26:06,10.74,0.01,9,9666,买盘
1567,13:26:03,10.73,-0.01,5,5365,卖盘
1568,13:26:00,10.74,0.01,26,27924,买盘
1569,13:25:57,10.73,--,42,45066,卖盘
1570,13:25:54,10.73,--,46,49358,卖盘
1571,13:25:51,10.73,--,2,2146,卖盘
1572,13:25:48,10.73,--,7,7511,卖盘
1573,13:25:45,10.73,--,2,2146,卖盘
1574,13:25:42,10.73,-0.01,8,8584,卖盘
1575,13:25:39,10.74,0.01,7,7518,买盘
1576,13:25:36,10.73,--,17,18241,卖盘
1577,13:25:33,10.73,-0.01,8,8584,卖盘
1578,13:25:30,10.74,0.01,12,12888,买盘
1579,13:25:27,10.73,--,1,1073,卖盘
1580,13:25:24,10.73,--,119,128523,卖盘
1581,13:25:21,10.73,--,9,9657,卖盘
1582,13:25:18,10.73,--,30,32190,卖盘
1583,13:25:15,10.73,-0.01,6,6438,卖盘
1584,13:25:09,10.74,0.01,22,23628,中性盘
1585,13:25:06,10.73,--,3,3219,卖盘
1586,13:25:03,10.73,-0.01,80,85840,卖盘
1587,13:25:00,10.74,0.01,49,53452,买盘
1588,13:24:57,10.73,-0.01,17,18241,卖盘
1589,13:24:54,10.74,0.01,7,7518,买盘
1590,13:24:51,10.73,-0.01,17,18241,卖盘
1591,13:24:48,10.74,0.01,19,20406,买盘
1592,13:24:45,10.73,-0.01,2,2146,卖盘
1593,13:24:42,10.74,--,10,10740,买盘
1594,13:24:39,10.74,0.01,6,6444,买盘
1595,13:24:36,10.73,-0.01,5,5365,卖盘
1596,13:24:33,10.74,--,48,51552,买盘
1597,13:24:30,10.74,--,25,26850,买盘
1598,13:24:27,10.74,-0.01,52,55848,卖盘
1599,13:24:24,10.75,--,7,7525,买盘
1600,13:24:18,10.75,0.01,131,140825,买盘
1601,13:24:15,10.74,0.01,1,1074,买盘
1602,13:24:12,10.73,-0.01,17,18241,卖盘
1603,13:24:09,10.74,--,6,6444,买盘
1604,13:24:06,10.74,--,6,6444,中性盘
1605,13:24:00,10.74,--,37,39738,买盘
1606,13:23:57,10.74,-0.01,7,7518,卖盘
1607,13:23:54,10.75,0.01,50,53750,买盘
1608,13:23:51,10.74,-0.01,10,10740,卖盘
1609,13:23:48,10.75,0.01,1,1075,买盘
1610,13:23:45,10.74,-0.01,31,33294,卖盘
1611,13:23:39,10.75,--,6,6450,买盘
1612,13:23:36,10.75,0.02,152,163400,买盘
1613,13:23:27,10.73,--,114,123158,卖盘
1614,13:23:24,10.73,--,10,10730,卖盘
1615,13:23:21,10.73,-0.02,1,1073,卖盘
1616,13:23:18,10.75,0.02,32,34400,买盘
1617,13:23:12,10.73,-0.01,572,613756,卖盘
1618,13:23:09,10.74,0.01,7,7518,买盘
1619,13:23:06,10.73,-0.01,2,2146,卖盘
1620,13:23:03,10.74,--,44,47256,卖盘
1621,13:23:00,10.74,--,17,18258,卖盘
1622,13:22:57,10.74,--,4,4296,卖盘
1623,13:22:54,10.74,--,225,241650,卖盘
1624,13:22:48,10.74,--,6,6444,买盘
1625,13:22:45,10.74,--,3,3458,卖盘
1626,13:22:42,10.74,--,15,16947,买盘
1627,13:22:39,10.74,--,7,7518,买盘
1628,13:22:33,10.74,--,24,25776,买盘
1629,13:22:30,10.74,--,86,92364,卖盘
1630,13:22:27,10.74,--,8,8592,卖盘
1631,13:22:21,10.74,--,23,24702,买盘
1632,13:22:18,10.74,0.01,35,37590,买盘
1633,13:22:15,10.73,-0.01,8,8584,卖盘
1634,13:22:12,10.74,0.01,7,7518,买盘
1635,13:22:06,10.73,-0.01,31,33263,卖盘
1636,13:22:03,10.74,0.01,187,200838,买盘
1637,13:21:57,10.73,0.01,2,2146,买盘
1638,13:21:54,10.72,-0.02,72,77184,卖盘
1639,13:21:51,10.74,--,109,117066,买盘
1640,13:21:45,10.74,0.01,3,3222,买盘
1641,13:21:42,10.73,--,32,34336,卖盘
1642,13:21:36,10.73,0.01,6,6438,中性盘
1643,13:21:30,10.72,-0.02,112,120900,卖盘
1644,13:21:27,10.74,0.02,8,8592,买盘
1645,13:21:21,10.72,--,1,1072,卖盘
1646,13:21:18,10.72,-0.01,48,51456,卖盘
1647,13:21:15,10.73,0.01,13,13949,买盘
1648,13:21:12,10.72,-0.01,8,8576,卖盘
1649,13:21:09,10.73,0.01,1,1073,买盘
1650,13:21:06,10.72,--,3,3216,卖盘
1651,13:21:03,10.72,--,28,30016,卖盘
1652,13:21:00,10.72,--,9,9648,卖盘
1653,13:20:57,10.72,--,32,34304,卖盘
1654,13:20:54,10.72,--,1,1072,卖盘
1655,13:20:51,10.72,-0.01,1,1072,卖盘
1656,13:20:48,10.73,--,50,53650,买盘
1657,13:20:45,10.73,--,36,38628,买盘
1658,13:20:42,10.73,0.01,6,6438,买盘
1659,13:20:39,10.72,--,24,25728,卖盘
1660,13:20:33,10.72,-0.01,123,132670,卖盘
1661,13:20:30,10.73,--,20,21460,买盘
1662,13:20:27,10.73,0.01,9,9657,买盘
1663,13:20:24,10.72,--,23,24656,卖盘
1664,13:20:18,10.72,-0.01,43,46096,卖盘
1665,13:20:15,10.73,0.01,3,3219,买盘
1666,13:20:12,10.72,-0.01,8,8576,卖盘
1667,13:20:09,10.73,--,100,107300,买盘
1668,13:20:06,10.73,--,40,42920,买盘
1669,13:20:03,10.73,--,11,11803,买盘
1670,13:20:00,10.73,--,2,2146,买盘
1671,13:19:57,10.73,--,22,23606,买盘
1672,13:19:54,10.73,--,1,1073,买盘
1673,13:19:51,10.73,0.01,50,53650,买盘
1674,13:19:48,10.72,--,13,13936,卖盘
1675,13:19:45,10.72,-0.01,47,50384,卖盘
1676,13:19:42,10.73,--,6,6438,买盘
1677,13:19:39,10.73,0.01,1,1073,买盘
1678,13:19:36,10.72,-0.01,112,120900,卖盘
1679,13:19:33,10.73,--,12,12876,买盘
1680,13:19:30,10.73,0.01,39,41847,买盘
1681,13:19:27,10.72,-0.01,2,2144,卖盘
1682,13:19:24,10.73,0.01,2,2146,买盘
1683,13:19:21,10.72,--,2,2144,卖盘
1684,13:19:18,10.72,--,32,34304,卖盘
1685,13:19:15,10.72,--,7,7504,卖盘
1686,13:19:12,10.72,--,6,6432,卖盘
1687,13:19:06,10.72,-0.01,3,3216,卖盘
1688,13:19:00,10.73,--,17,18241,买盘
1689,13:18:57,10.73,0.01,2,2146,买盘
1690,13:18:54,10.72,--,216,231552,卖盘
1691,13:18:51,10.72,--,4,4288,卖盘
1692,13:18:45,10.72,-0.01,134,143648,卖盘
1693,13:18:42,10.73,--,1,1073,买盘
1694,13:18:39,10.73,0.01,6,6438,买盘
1695,13:18:36,10.72,--,131,141268,卖盘
1696,13:18:33,10.72,-0.01,15,16080,卖盘
1697,13:18:30,10.73,--,10,10730,买盘
1698,13:18:27,10.73,--,4,4292,买盘
1699,13:18:21,10.73,--,12,12876,买盘
1700,13:18:18,10.73,--,75,80475,买盘
1701,13:18:15,10.73,--,26,27898,买盘
1702,13:18:06,10.73,--,3,3219,买盘
1703,13:18:03,10.73,--,15,16095,买盘
1704,13:18:00,10.73,--,7,7511,买盘
1705,13:17:54,10.73,--,2,2146,买盘
1706,13:17:51,10.73,0.01,2,2146,买盘
1707,13:17:48,10.72,--,17,18224,卖盘
1708,13:17:45,10.72,--,37,39664,卖盘
1709,13:17:39,10.72,-0.01,112,120889,卖盘
1710,13:17:36,10.73,--,2,2146,买盘
1711,13:17:33,10.73,--,11,11803,买盘
1712,13:17:30,10.73,0.01,17,18241,买盘
1713,13:17:27,10.72,--,1,1072,卖盘
1714,13:17:24,10.72,-0.01,12,12864,卖盘
1715,13:17:21,10.73,0.01,7,7511,买盘
1716,13:17:18,10.72,-0.01,31,33232,卖盘
1717,13:17:15,10.73,0.01,7,7511,买盘
1718,13:17:12,10.72,--,2,2144,卖盘
1719,13:17:09,10.72,--,4,4288,卖盘
1720,13:17:06,10.72,-0.01,4,4288,卖盘
1721,13:17:03,10.73,--,12,12876,买盘
1722,13:17:00,10.73,--,7,7511,买盘
1723,13:16:57,10.73,0.01,17,18241,买盘
1724,13:16:54,10.72,--,3,3216,卖盘
1725,13:16:51,10.72,--,1,1072,卖盘
1726,13:16:48,10.72,-0.01,21,22512,卖盘
1727,13:16:45,10.73,0.01,18,19314,买盘
1728,13:16:42,10.72,-0.01,112,120900,卖盘
1729,13:16:39,10.73,--,1,1073,买盘
1730,13:16:36,10.73,--,302,324046,买盘
1731,13:16:33,10.73,--,13,13949,买盘
1732,13:16:30,10.73,0.01,25,26825,买盘
1733,13:16:27,10.72,-0.01,3,3216,卖盘
1734,13:16:24,10.73,--,18,19314,买盘
1735,13:16:21,10.73,0.01,1,1073,买盘
1736,13:16:18,10.72,-0.01,38,40736,卖盘
1737,13:16:12,10.73,--,13,13949,买盘
1738,13:16:09,10.73,0.01,7,7511,买盘
1739,13:16:06,10.72,-0.01,12,12864,卖盘
1740,13:16:03,10.73,--,42,45066,买盘
1741,13:15:57,10.73,--,101,108373,买盘
1742,13:15:54,10.73,--,24,25752,买盘
1743,13:15:51,10.73,0.01,2,2146,买盘
1744,13:15:48,10.72,-0.01,23,24656,卖盘
1745,13:15:45,10.73,0.01,72,77256,买盘
1746,13:15:42,10.72,--,112,120900,卖盘
1747,13:15:36,10.72,--,74,79328,卖盘
1748,13:15:33,10.72,-0.01,49,52528,卖盘
1749,13:15:30,10.73,--,10,10730,买盘
1750,13:15:27,10.73,0.01,11,11803,买盘
1751,13:15:21,10.72,-0.01,16,17152,卖盘
1752,13:15:18,10.73,--,38,40774,买盘
1753,13:15:15,10.73,0.01,82,87986,买盘
1754,13:15:12,10.72,-0.01,1,1072,卖盘
1755,13:15:06,10.73,--,4,4292,买盘
1756,13:15:03,10.73,--,30,32190,买盘
1757,13:15:00,10.73,--,6,6438,买盘
1758,13:14:57,10.73,0.01,2,2146,买盘
1759,13:14:54,10.72,--,9,9648,卖盘
1760,13:14:51,10.72,-0.01,5,5360,卖盘
1761,13:14:48,10.73,0.01,34,36482,买盘
1762,13:14:45,10.72,-0.01,131,141257,卖盘
1763,13:14:33,10.73,--,19,20387,买盘
1764,13:14:30,10.73,0.01,94,100862,买盘
1765,13:14:27,10.72,--,2,2144,卖盘
1766,13:14:24,10.72,--,78,83616,卖盘
1767,13:14:21,10.72,-0.01,1,1072,卖盘
1768,13:14:18,10.73,0.01,37,39701,买盘
1769,13:14:15,10.72,--,2,2144,卖盘
1770,13:14:12,10.72,--,1,1072,卖盘
1771,13:14:06,10.72,-0.01,1,1072,卖盘
1772,13:14:03,10.73,--,17,18241,买盘
1773,13:14:00,10.73,--,1,1073,买盘
1774,13:13:57,10.73,--,41,43993,买盘
1775,13:13:51,10.73,0.01,30,32190,买盘
1776,13:13:48,10.72,--,153,164830,卖盘
1777,13:13:45,10.72,--,2,2144,卖盘
1778,13:13:36,10.72,-0.01,36,38592,卖盘
1779,13:13:33,10.73,0.01,34,36482,买盘
1780,13:13:27,10.72,-0.01,22,23584,卖盘
1781,13:13:24,10.73,--,4,4292,买盘
1782,13:13:18,10.73,0.01,38,40774,买盘
1783,13:13:12,10.72,--,10,10720,卖盘
1784,13:13:06,10.72,-0.01,2,2144,卖盘
1785,13:13:03,10.73,--,17,18241,买盘
1786,13:13:00,10.73,0.01,16,17168,买盘
1787,13:12:57,10.72,-0.01,1,1072,卖盘
1788,13:12:54,10.73,0.01,5,5365,买盘
1789,13:12:51,10.72,--,26,27872,卖盘
1790,13:12:48,10.72,--,113,121993,卖盘
1791,13:12:45,10.72,--,2,2144,卖盘
1792,13:12:36,10.72,-0.01,20,21440,卖盘
1793,13:12:33,10.73,--,10,10730,买盘
1794,13:12:30,10.73,0.01,16,17168,买盘
1795,13:12:27,10.72,-0.01,71,76112,卖盘
1796,13:12:24,10.73,0.01,66,70818,买盘
1797,13:12:21,10.72,--,28,30016,卖盘
1798,13:12:18,10.72,-0.01,31,33232,卖盘
1799,13:12:15,10.73,0.01,1,1073,买盘
1800,13:12:12,10.72,-0.01,35,37520,卖盘
1801,13:12:09,10.73,0.01,14,15022,买盘
1802,13:12:06,10.72,-0.01,8,8576,卖盘
1803,13:12:00,10.73,0.01,41,43993,买盘
1804,13:11:57,10.72,--,6,6432,卖盘
1805,13:11:54,10.72,-0.01,37,39664,卖盘
1806,13:11:51,10.73,0.01,133,143535,买盘
1807,13:11:45,10.72,-0.01,3,3216,卖盘
1808,13:11:39,10.73,-0.01,9,9657,卖盘
1809,13:11:36,10.74,0.01,6,6444,买盘
1810,13:11:33,10.73,0.01,1,1073,中性盘
1811,13:11:27,10.72,--,2,2144,卖盘
1812,13:11:24,10.72,--,60,64320,卖盘
1813,13:11:21,10.72,-0.01,8,8576,卖盘
1814,13:11:18,10.73,-0.01,20,21460,卖盘
1815,13:11:15,10.74,--,1,1074,买盘
1816,13:11:06,10.74,--,8,8592,买盘
1817,13:10:57,10.74,--,7,7518,买盘
1818,13:10:54,10.74,0.02,16,17184,买盘
1819,13:10:51,10.72,--,168,180921,卖盘
1820,13:10:48,10.72,--,6,6432,卖盘
1821,13:10:45,10.72,-0.02,24,25728,卖盘
1822,13:10:42,10.74,--,1,1074,买盘
1823,13:10:39,10.74,--,1,1074,买盘
1824,13:10:36,10.74,0.01,7,7518,买盘
1825,13:10:33,10.73,0.01,2,2146,中性盘
1826,13:10:27,10.72,-0.02,2,2144,卖盘
1827,13:10:21,10.74,0.02,22,23628,买盘
1828,13:10:18,10.72,--,32,34304,卖盘
1829,13:10:12,10.72,-0.02,7,7504,卖盘
1830,13:10:09,10.74,0.01,176,189024,买盘
1831,13:10:06,10.73,--,12,12876,买盘
1832,13:10:03,10.73,0.01,10,10730,买盘
1833,13:09:57,10.72,--,1,1072,卖盘
1834,13:09:54,10.72,-0.01,113,121972,卖盘
1835,13:09:51,10.73,--,306,328338,买盘
1836,13:09:48,10.73,0.01,1,1073,买盘
1837,13:09:45,10.72,-0.01,2,2144,卖盘
1838,13:09:42,10.73,--,1,1073,买盘
1839,13:09:39,10.73,--,4,4292,买盘
1840,13:09:36,10.73,--,18,19314,买盘
1841,13:09:33,10.73,0.01,10,10730,买盘
1842,13:09:27,10.72,--,1,1072,卖盘
1843,13:09:24,10.72,--,33,35376,卖盘
1844,13:09:21,10.72,--,1,1072,卖盘
1845,13:09:18,10.72,-0.01,101,108272,卖盘
1846,13:09:15,10.73,0.01,1,1073,买盘
1847,13:09:12,10.72,-0.01,5,5360,卖盘
1848,13:09:09,10.73,0.01,7,7511,买盘
1849,13:09:06,10.72,-0.01,2,2144,卖盘
1850,13:09:03,10.73,--,24,25752,买盘
1851,13:09:00,10.73,0.01,33,35409,买盘
1852,13:08:54,10.72,--,136,146617,卖盘
1853,13:08:51,10.72,--,1,1072,卖盘
1854,13:08:45,10.72,-0.01,3,3216,卖盘
1855,13:08:42,10.73,--,15,16095,买盘
1856,13:08:39,10.73,0.01,10,10730,买盘
1857,13:08:33,10.72,--,11,11792,卖盘
1858,13:08:27,10.72,--,2,2144,卖盘
1859,13:08:24,10.72,-0.01,34,36448,卖盘
1860,13:08:21,10.73,0.01,12,12876,买盘
1861,13:08:18,10.72,-0.01,32,34304,卖盘
1862,13:08:15,10.73,--,43,46139,买盘
1863,13:08:09,10.73,--,6,6438,买盘
1864,13:08:06,10.73,--,12,12876,买盘
1865,13:08:03,10.73,--,11,11803,买盘
1866,13:07:57,10.73,--,47,50431,卖盘
1867,13:07:54,10.73,-0.01,8,8584,卖盘
1868,13:07:51,10.74,0.01,25,26850,买盘
1869,13:07:48,10.73,--,9,9657,卖盘
1870,13:07:45,10.73,-0.01,2,2146,卖盘
1871,13:07:39,10.74,--,7,7518,买盘
1872,13:07:33,10.74,0.01,86,92364,买盘
1873,13:07:30,10.73,--,52,55796,卖盘
1874,13:07:27,10.73,-0.01,2,2146,卖盘
1875,13:07:24,10.74,0.01,7,7518,买盘
1876,13:07:21,10.73,--,1,1073,卖盘
1877,13:07:18,10.73,-0.01,31,33263,卖盘
1878,13:07:15,10.74,0.01,45,48330,买盘
1879,13:07:12,10.73,-0.01,7,7511,卖盘
1880,13:07:09,10.74,0.01,6,6444,买盘
1881,13:07:06,10.73,--,2,2146,卖盘
1882,13:07:03,10.73,-0.01,20,21460,卖盘
1883,13:07:00,10.74,0.01,128,138298,买盘
1884,13:06:57,10.73,-0.01,1,1073,卖盘
1885,13:06:54,10.74,0.01,25,26850,买盘
1886,13:06:51,10.73,--,1,1073,卖盘
1887,13:06:45,10.73,-0.01,11,11803,卖盘
1888,13:06:39,10.74,0.01,8,8592,买盘
1889,13:06:36,10.73,--,10,10730,卖盘
1890,13:06:33,10.73,-0.01,112,120176,卖盘
1891,13:06:30,10.74,--,1,1074,买盘
1892,13:06:27,10.74,--,20,21480,买盘
1893,13:06:24,10.74,0.02,6,6444,买盘
1894,13:06:18,10.72,--,31,33232,卖盘
1895,13:06:15,10.72,-0.02,0,64,卖盘
1896,13:06:12,10.74,0.02,7,7518,买盘
1897,13:06:09,10.72,-0.01,75,81311,卖盘
1898,13:06:06,10.73,-0.01,1,1073,卖盘
1899,13:06:03,10.74,0.01,10,10740,买盘
1900,13:06:00,10.73,-0.01,118,127611,卖盘
1901,13:05:57,10.74,0.01,6,6444,买盘
1902,13:05:54,10.73,--,18,19314,卖盘
1903,13:05:51,10.73,--,52,55796,卖盘
1904,13:05:45,10.73,-0.01,2,2146,卖盘
1905,13:05:42,10.74,--,7,7518,买盘
1906,13:05:39,10.74,--,1,1074,买盘
1907,13:05:33,10.74,0.01,11,11814,买盘
1908,13:05:30,10.73,-0.01,40,42920,卖盘
1909,13:05:27,10.74,0.01,6,6444,买盘
1910,13:05:24,10.73,--,5,5365,卖盘
1911,13:05:21,10.73,--,1,1073,卖盘
1912,13:05:18,10.73,-0.01,81,86913,卖盘
1913,13:05:15,10.74,0.01,17,18258,买盘
1914,13:05:12,10.73,--,8,8584,卖盘
1915,13:05:09,10.73,--,16,17168,卖盘
1916,13:05:06,10.73,--,4,4292,卖盘
1917,13:05:03,10.73,-0.01,123,132805,卖盘
1918,13:05:00,10.74,0.01,1,1074,买盘
1919,13:04:57,10.73,--,24,25752,卖盘
1920,13:04:48,10.73,--,7,7511,卖盘
1921,13:04:45,10.73,-0.01,1,1073,卖盘
1922,13:04:42,10.74,--,7,7518,买盘
1923,13:04:39,10.74,0.01,1,1074,买盘
1924,13:04:33,10.73,-0.01,11,11803,卖盘
1925,13:04:30,10.74,-0.01,616,661820,卖盘
1926,13:04:27,10.75,0.01,7,7525,买盘
1927,13:04:24,10.74,-0.01,67,71958,卖盘
1928,13:04:15,10.75,--,5,5375,卖盘
1929,13:04:12,10.75,0.01,7,7525,买盘
1930,13:04:06,10.74,--,2,2148,卖盘
1931,13:04:03,10.74,-0.01,153,165148,卖盘
1932,13:04:00,10.75,--,1,1075,买盘
1933,13:03:57,10.75,0.01,7,7525,中性盘
1934,13:03:54,10.74,--,49,53345,卖盘
1935,13:03:51,10.74,--,2,2148,卖盘
1936,13:03:45,10.74,-0.01,32,34368,卖盘
1937,13:03:42,10.75,--,9,9675,买盘
1938,13:03:39,10.75,0.01,1,1075,买盘
1939,13:03:36,10.74,-0.01,11,11814,卖盘
1940,13:03:33,10.75,--,10,10750,买盘
1941,13:03:30,10.75,--,1,1075,买盘
1942,13:03:27,10.75,0.01,7,7525,买盘
1943,13:03:24,10.74,--,52,55848,卖盘
1944,13:03:21,10.74,--,13,13962,卖盘
1945,13:03:18,10.74,-0.01,31,33294,卖盘
1946,13:03:12,10.75,--,7,7525,买盘
1947,13:03:09,10.75,--,5,5375,买盘
1948,13:03:06,10.75,-0.01,31,33464,卖盘
1949,13:03:00,10.76,0.01,94,101144,买盘
1950,13:02:57,10.75,--,1,1075,卖盘
1951,13:02:54,10.75,--,24,25800,卖盘
1952,13:02:51,10.75,-0.01,1,1075,卖盘
1953,13:02:48,10.76,0.01,16,17216,买盘
1954,13:02:45,10.75,-0.01,8,8600,卖盘
1955,13:02:39,10.76,0.01,1,1076,买盘
1956,13:02:33,10.75,-0.01,1,1075,卖盘
1957,13:02:30,10.76,--,19,20444,买盘
1958,13:02:27,10.76,0.01,60,64560,买盘
1959,13:02:24,10.75,--,2,2150,卖盘
1960,13:02:18,10.75,-0.01,30,32250,卖盘
1961,13:02:15,10.76,--,7,7532,买盘
1962,13:02:09,10.76,--,16,17463,卖盘
1963,13:02:06,10.76,--,2,2152,卖盘
1964,13:02:00,10.76,0.01,3,4056,买盘
1965,13:01:57,10.75,-0.01,17,18275,卖盘
1966,13:01:51,10.76,--,16,17463,卖盘
1967,13:01:45,10.76,-0.01,9,9684,卖盘
1968,13:01:39,10.77,--,1,1077,买盘
1969,13:01:33,10.77,--,1,1077,买盘
1970,13:01:30,10.77,0.01,51,54927,买盘
1971,13:01:27,10.76,--,31,33356,卖盘
1972,13:01:24,10.76,--,1,1076,卖盘
1973,13:01:21,10.76,--,17,18292,卖盘
1974,13:01:18,10.76,-0.01,31,33356,卖盘
1975,13:01:15,10.77,0.01,7,7539,买盘
1976,13:01:12,10.76,--,1,1076,卖盘
1977,13:01:09,10.76,--,132,142860,卖盘
1978,13:01:06,10.76,-0.01,2,2152,卖盘
1979,13:01:03,10.77,--,11,11847,买盘
1980,13:01:00,10.77,0.01,8,8616,买盘
1981,13:00:57,10.76,--,19,20444,卖盘
1982,13:00:54,10.76,--,87,93612,卖盘
1983,13:00:51,10.76,--,18,19368,卖盘
1984,13:00:45,10.76,--,12,12912,卖盘
1985,13:00:33,10.76,-0.01,12,12912,卖盘
1986,13:00:30,10.77,--,6,6462,买盘
1987,13:00:27,10.77,0.01,22,23694,买盘
1988,13:00:24,10.76,--,51,54876,卖盘
1989,13:00:21,10.76,--,227,244252,买盘
1990,13:00:15,10.76,0.01,8,8608,买盘
1991,13:00:12,10.75,--,114,123399,卖盘
1992,13:00:06,10.75,--,2,2150,卖盘
1993,13:00:03,10.75,0.01,428,460186,买盘
1994,13:00:00,10.74,-0.01,18,19332,卖盘
1995,11:30:00,10.75,--,6,6450,买盘
1996,11:29:54,10.75,--,5,5375,买盘
1997,11:29:51,10.75,--,2,2150,买盘
1998,11:29:45,10.75,--,9,9675,买盘
1999,11:29:30,10.75,0.01,11,11825,买盘
2000,11:29:24,10.74,-0.01,2,2148,卖盘
2001,11:29:18,10.75,--,20,21500,买盘
2002,11:29:15,10.75,-0.01,8,9331,卖盘
2003,11:29:09,10.76,--,15,16140,买盘
2004,11:29:06,10.76,0.01,16,17216,买盘
2005,11:29:00,10.75,--,14,15394,买盘
2006,11:28:57,10.75,--,3,3956,卖盘
2007,11:28:54,10.75,0.01,35,37969,买盘
2008,11:28:51,10.74,-0.01,19,20406,卖盘
2009,11:28:45,10.75,--,8,8600,买盘
2010,11:28:42,10.75,0.01,1,1075,买盘
2011,11:28:33,10.74,-0.01,1,1074,卖盘
2012,11:28:30,10.75,0.01,24,25800,买盘
2013,11:28:24,10.74,-0.01,2,2148,卖盘
2014,11:28:21,10.75,--,12,12900,买盘
2015,11:28:15,10.75,--,76,82183,卖盘
2016,11:28:12,10.75,-0.01,1,1075,卖盘
2017,11:28:09,10.76,0.01,18,19368,买盘
2018,11:28:06,10.75,-0.01,2,2150,卖盘
2019,11:28:00,10.76,--,14,15064,卖盘
2020,11:27:54,10.76,-0.01,1,1076,卖盘
2021,11:27:51,10.77,--,15,16155,买盘
2022,11:27:45,10.77,--,9,9693,买盘
2023,11:27:39,10.77,--,16,17232,买盘
2024,11:27:30,10.77,0.02,37,39849,买盘
2025,11:27:24,10.75,-0.02,2,2150,卖盘
2026,11:27:18,10.77,0.01,143,154851,买盘
2027,11:27:15,10.76,--,6,6456,买盘
2028,11:27:12,10.76,0.01,19,20444,买盘
2029,11:27:06,10.75,-0.01,2,2150,卖盘
2030,11:27:03,10.76,--,30,32280,买盘
2031,11:27:00,10.76,0.01,24,25824,买盘
2032,11:26:57,10.75,--,1,1075,卖盘
2033,11:26:54,10.75,--,1,1075,卖盘
2034,11:26:51,10.75,-0.01,19,20425,卖盘
2035,11:26:45,10.76,--,8,8608,买盘
2036,11:26:42,10.76,0.01,1,1076,买盘
2037,11:26:39,10.75,--,6,6450,卖盘
2038,11:26:33,10.75,-0.01,1,1075,卖盘
2039,11:26:30,10.76,--,6,6456,买盘
2040,11:26:27,10.76,0.01,17,18292,买盘
2041,11:26:24,10.75,--,2,2150,卖盘
2042,11:26:21,10.75,-0.01,1,1075,卖盘
2043,11:26:18,10.76,-0.01,122,131519,卖盘
2044,11:26:15,10.77,0.01,8,8616,买盘
2045,11:26:12,10.76,-0.01,1,1076,卖盘
2046,11:26:06,10.77,0.01,21,22617,买盘
2047,11:26:03,10.76,-0.01,17,18292,卖盘
2048,11:26:00,10.77,--,6,6462,买盘
2049,11:25:54,10.77,0.01,16,17232,买盘
2050,11:25:51,10.76,-0.01,2,2152,卖盘
2051,11:25:45,10.77,--,9,9693,买盘
2052,11:25:36,10.77,--,17,18309,买盘
2053,11:25:30,10.77,0.02,6,7291,买盘
2054,11:25:24,10.75,--,2,2150,卖盘
2055,11:25:21,10.75,--,112,121227,卖盘
2056,11:25:18,10.75,-0.01,31,33325,卖盘
2057,11:25:15,10.76,--,24,25824,买盘
2058,11:25:09,10.76,0.01,42,45192,买盘
2059,11:25:06,10.75,-0.01,1,1075,卖盘
2060,11:25:03,10.76,--,1,1076,买盘
2061,11:25:00,10.76,0.01,23,24748,买盘
2062,11:24:57,10.75,--,18,19350,卖盘
2063,11:24:54,10.75,--,2,2150,卖盘
2064,11:24:51,10.75,-0.01,1,1075,卖盘
2065,11:24:45,10.76,--,9,9684,买盘
2066,11:24:36,10.76,--,15,16140,买盘
2067,11:24:33,10.76,0.01,85,91460,买盘
2068,11:24:30,10.75,--,36,38700,买盘
2069,11:24:24,10.75,--,30,32250,卖盘
2070,11:24:21,10.75,-0.02,1,1075,卖盘
2071,11:24:18,10.77,0.01,36,38772,买盘
2072,11:24:15,10.76,0.01,17,18292,买盘
2073,11:24:12,10.75,--,2,2150,卖盘
2074,11:24:06,10.75,-0.02,2,2150,卖盘
2075,11:24:00,10.77,0.02,27,29079,买盘
2076,11:23:54,10.75,--,1,1075,卖盘
2077,11:23:51,10.75,--,5,5375,卖盘
2078,11:23:48,10.75,--,30,32250,买盘
2079,11:23:45,10.75,0.01,8,8600,买盘
2080,11:23:33,10.74,-0.01,1,1074,卖盘
2081,11:23:30,10.75,-0.01,10,10965,卖盘
2082,11:23:27,10.76,0.01,113,122448,买盘
2083,11:23:24,10.75,-0.02,1,1075,卖盘
2084,11:23:21,10.77,0.01,17,18309,买盘
2085,11:23:18,10.76,-0.01,16,17216,卖盘
2086,11:23:15,10.77,--,6,6462,买盘
2087,11:23:09,10.77,0.01,15,16155,买盘
2088,11:23:06,10.76,-0.01,2,2152,卖盘
2089,11:23:03,10.77,--,20,21540,买盘
2090,11:23:00,10.77,0.01,8,8616,买盘
2091,11:22:57,10.76,--,3,3228,卖盘
2092,11:22:54,10.76,0.01,2,2152,中性盘
2093,11:22:51,10.75,-0.02,199,213925,卖盘
2094,11:22:45,10.77,--,8,8616,买盘
2095,11:22:30,10.77,--,23,24771,买盘
2096,11:22:27,10.77,0.01,150,162282,买盘
2097,11:22:24,10.76,--,19,20444,卖盘
2098,11:22:21,10.76,--,2,2152,卖盘
2099,11:22:18,10.76,-0.01,31,33356,卖盘
2100,11:22:15,10.77,0.01,7,7539,买盘
2101,11:22:12,10.76,--,4,4755,卖盘
2102,11:22:09,10.76,--,24,25824,卖盘
2103,11:22:06,10.76,-0.01,1,1076,卖盘
2104,11:22:00,10.77,--,22,23694,买盘
2105,11:21:54,10.77,0.01,16,17232,买盘
2106,11:21:51,10.76,-0.01,1,1076,卖盘
2107,11:21:45,10.77,--,9,9693,买盘
2108,11:21:42,10.77,0.01,18,19386,买盘
2109,11:21:33,10.76,-0.01,1,1076,卖盘
2110,11:21:30,10.77,--,17,18309,买盘
2111,11:21:27,10.77,--,6,6688,卖盘
2112,11:21:24,10.77,-0.01,56,60312,卖盘
2113,11:21:18,10.78,--,46,49588,买盘
2114,11:21:15,10.78,0.01,7,7546,买盘
2115,11:21:12,10.77,--,1,1077,卖盘
2116,11:21:06,10.77,-0.01,2,2154,卖盘
2117,11:21:03,10.78,0.01,40,43120,买盘
2118,11:21:00,10.77,-0.01,9,9693,卖盘
2119,11:20:57,10.78,0.01,23,24794,买盘
2120,11:20:54,10.77,--,14,15078,卖盘
2121,11:20:48,10.77,-0.01,2,2154,卖盘
2122,11:20:45,10.78,--,9,9702,买盘
2123,11:20:42,10.78,0.01,118,128055,买盘
2124,11:20:39,10.77,--,9,9693,买盘
2125,11:20:36,10.77,--,16,17232,买盘
2126,11:20:30,10.77,-0.01,28,30156,卖盘
2127,11:20:27,10.78,0.01,57,61445,买盘
2128,11:20:24,10.77,--,18,19386,卖盘
2129,11:20:21,10.77,-0.01,1,1077,中性盘
2130,11:20:18,10.78,--,41,44198,买盘
2131,11:20:15,10.78,0.01,7,7546,买盘
2132,11:20:06,10.77,-0.01,42,45234,卖盘
2133,11:20:03,10.78,--,2,2156,买盘
2134,11:20:00,10.78,0.01,22,23716,买盘
2135,11:19:57,10.77,--,11,11847,卖盘
2136,11:19:51,10.77,-0.01,24,25848,卖盘
2137,11:19:48,10.78,--,40,43120,买盘
2138,11:19:45,10.78,--,9,9702,买盘
2139,11:19:42,10.78,0.01,35,37730,买盘
2140,11:19:36,10.77,0.01,3,3231,买盘
2141,11:19:33,10.76,-0.02,112,121340,卖盘
2142,11:19:30,10.78,0.02,15,16169,买盘
2143,11:19:24,10.76,-0.03,2,2152,卖盘
2144,11:19:21,10.79,--,50,53949,买盘
2145,11:19:18,10.79,--,35,38606,买盘
2146,11:19:15,10.79,0.01,7,7552,买盘
2147,11:19:12,10.78,--,1,1078,卖盘
2148,11:19:09,10.78,0.02,72,77853,买盘
2149,11:19:06,10.76,-0.02,32,34432,卖盘
2150,11:19:00,10.78,0.02,17,18326,买盘
2151,11:18:51,10.76,-0.02,1,1076,卖盘
2152,11:18:45,10.78,--,8,8624,买盘
2153,11:18:42,10.78,--,16,17248,买盘
2154,11:18:39,10.78,0.01,76,82068,买盘
2155,11:18:36,10.77,0.01,19,20463,买盘
2156,11:18:33,10.76,--,1,1076,卖盘
2157,11:18:30,10.76,--,9,9684,卖盘
2158,11:18:27,10.76,0.01,33,35508,买盘
2159,11:18:24,10.75,--,2,2150,卖盘
2160,11:18:21,10.75,-0.01,13,13975,卖盘
2161,11:18:18,10.76,-0.01,19,20444,卖盘
2162,11:18:15,10.77,0.01,7,7539,买盘
2163,11:18:06,10.76,--,2,2152,卖盘
2164,11:18:00,10.76,0.01,2,2152,买盘
2165,11:17:57,10.75,--,1,1075,卖盘
2166,11:17:54,10.75,--,37,39775,卖盘
2167,11:17:51,10.75,-0.01,1,1075,卖盘
2168,11:17:45,10.76,0.01,9,9684,买盘
2169,11:17:39,10.75,--,68,74003,卖盘
2170,11:17:33,10.75,-0.01,10,10750,卖盘
2171,11:17:30,10.76,0.01,7,7532,中性盘
2172,11:17:24,10.75,--,33,35475,卖盘
2173,11:17:21,10.75,-0.01,23,24725,卖盘
2174,11:17:18,10.76,-0.01,18,19959,卖盘
2175,11:17:15,10.77,0.01,7,7539,买盘
2176,11:17:12,10.76,--,2,2152,卖盘
2177,11:17:06,10.76,--,1,1076,卖盘
2178,11:17:00,10.76,0.01,56,60740,买盘
2179,11:16:57,10.75,--,1,1075,卖盘
2180,11:16:54,10.75,--,1,1075,卖盘
2181,11:16:51,10.75,-0.01,1,1075,卖盘
2182,11:16:48,10.76,--,16,17216,买盘
2183,11:16:45,10.76,--,22,23672,买盘
2184,11:16:42,10.76,--,21,22596,卖盘
2185,11:16:33,10.76,-0.01,1,1076,卖盘
2186,11:16:30,10.77,--,6,6462,买盘
2187,11:16:27,10.77,0.01,51,54927,买盘
2188,11:16:24,10.76,--,3,3228,卖盘
2189,11:16:18,10.76,-0.01,31,33356,卖盘
2190,11:16:15,10.77,0.01,8,8616,买盘
2191,11:16:12,10.76,-0.01,1,1076,卖盘
2192,11:16:06,10.77,--,17,18309,买盘
2193,11:16:00,10.77,0.02,6,6462,买盘
2194,11:15:54,10.75,-0.02,1,1075,卖盘
2195,11:15:45,10.77,0.02,9,9693,买盘
2196,11:15:42,10.75,-0.02,112,121227,卖盘
2197,11:15:39,10.77,0.01,5,5385,买盘
2198,11:15:36,10.76,0.01,1,1076,卖盘
2199,11:15:33,10.75,-0.01,11,11825,卖盘
2200,11:15:30,10.76,0.01,6,6456,中性盘
2201,11:15:24,10.75,--,42,45150,卖盘
2202,11:15:18,10.75,-0.01,31,33325,卖盘
2203,11:15:15,10.76,--,7,7532,买盘
2204,11:15:12,10.76,0.01,1,1076,买盘
2205,11:15:06,10.75,-0.01,2,2150,卖盘
2206,11:15:00,10.76,0.01,8,8608,卖盘
2207,11:14:57,10.75,--,103,110725,卖盘
2208,11:14:54,10.75,--,53,56975,卖盘
2209,11:14:51,10.75,-0.01,1,1075,卖盘
2210,11:14:45,10.76,-0.01,19,20444,卖盘
2211,11:14:42,10.77,0.01,10,10770,买盘
2212,11:14:39,10.76,--,1,1076,卖盘
2213,11:14:33,10.76,--,1,1076,卖盘
2214,11:14:30,10.76,--,1,1076,买盘
2215,11:14:27,10.76,--,16,17216,卖盘
2216,11:14:24,10.76,--,2,2152,卖盘
2217,11:14:21,10.76,0.01,1,1076,中性盘
2218,11:14:18,10.75,-0.02,30,32250,卖盘
2219,11:14:15,10.77,0.02,9,9693,买盘
2220,11:14:12,10.75,-0.01,1,1075,卖盘
2221,11:14:06,10.76,--,33,35508,买盘
2222,11:14:03,10.76,--,2,2152,买盘
2223,11:14:00,10.76,0.01,8,8608,中性盘
2224,11:13:54,10.75,--,1,1075,卖盘
2225,11:13:51,10.75,--,1,1075,卖盘
2226,11:13:48,10.75,--,62,66768,卖盘
2227,11:13:45,10.75,--,73,79206,卖盘
2228,11:13:42,10.75,--,17,18275,卖盘
2229,11:13:36,10.75,-0.01,4,4300,卖盘
2230,11:13:30,10.76,--,8,8608,买盘
2231,11:13:27,10.76,--,2,2152,卖盘
2232,11:13:24,10.76,--,2,2152,卖盘
2233,11:13:21,10.76,0.01,18,19368,买盘
2234,11:13:18,10.75,-0.01,31,33325,卖盘
2235,11:13:15,10.76,--,25,26900,买盘
2236,11:13:03,10.76,-0.01,7,7532,卖盘
2237,11:13:00,10.77,0.02,19,20463,买盘
2238,11:12:57,10.75,-0.01,1,1075,卖盘
2239,11:12:51,10.76,0.01,6,6456,中性盘
2240,11:12:48,10.75,-0.02,112,121227,卖盘
2241,11:12:45,10.77,--,7,8034,买盘
2242,11:12:42,10.77,--,15,16155,买盘
2243,11:12:36,10.77,0.01,2,2154,买盘
2244,11:12:33,10.76,--,1,1076,卖盘
2245,11:12:30,10.76,-0.01,26,27976,卖盘
2246,11:12:27,10.77,0.01,52,56004,买盘
2247,11:12:24,10.76,--,6,6456,卖盘
2248,11:12:21,10.76,-0.01,1,1076,卖盘
2249,11:12:18,10.77,--,60,64620,买盘
2250,11:12:15,10.77,0.01,7,7539,买盘
2251,11:12:12,10.76,-0.01,1,1076,卖盘
2252,11:12:09,10.77,0.01,19,20463,买盘
2253,11:12:06,10.76,-0.01,2,2152,卖盘
2254,11:12:03,10.77,--,4,4308,买盘
2255,11:12:00,10.77,--,9,9693,买盘
2256,11:11:57,10.77,-0.01,3,3231,中性盘
2257,11:11:48,10.78,--,20,21560,买盘
2258,11:11:45,10.78,0.01,9,9702,买盘
2259,11:11:30,10.77,-0.01,19,20463,买盘
2260,11:11:27,10.78,0.02,16,17248,买盘
2261,11:11:24,10.76,-0.01,2,2152,卖盘
2262,11:11:18,10.77,-0.01,27,29079,卖盘
2263,11:11:15,10.78,--,7,7546,买盘
2264,11:11:09,10.78,0.01,5,5390,买盘
2265,11:11:06,10.77,-0.01,2,2154,中性盘
2266,11:11:00,10.78,0.02,10,10780,买盘
2267,11:10:54,10.76,-0.03,79,85014,卖盘
2268,11:10:51,10.79,0.01,62,66898,买盘
2269,11:10:48,10.78,-0.01,30,32339,卖盘
2270,11:10:45,10.79,0.01,8,8632,买盘
2271,11:10:39,10.78,-0.01,1,1078,卖盘
2272,11:10:33,10.79,--,17,18343,买盘
2273,11:10:30,10.79,--,29,31290,买盘
2274,11:10:27,10.79,0.01,1,1079,买盘
2275,11:10:24,10.78,--,2,2156,卖盘
2276,11:10:21,10.78,--,1,1078,卖盘
2277,11:10:18,10.78,-0.01,30,32339,卖盘
2278,11:10:15,10.79,0.01,38,41002,买盘
2279,11:10:09,10.78,0.01,121,131505,买盘
2280,11:10:06,10.77,-0.01,2,2154,卖盘
2281,11:10:00,10.78,0.01,30,32339,买盘
2282,11:09:57,10.77,-0.01,1,1077,卖盘
2283,11:09:54,10.78,--,0,851,卖盘
2284,11:09:51,10.78,--,1,1078,卖盘
2285,11:09:45,10.78,--,16,17474,买盘
2286,11:09:42,10.78,0.01,18,19404,买盘
2287,11:09:33,10.77,-0.01,17,18309,卖盘
2288,11:09:30,10.78,--,8,8624,买盘
2289,11:09:24,10.78,--,52,56056,买盘
2290,11:09:18,10.78,0.01,33,35574,买盘
2291,11:09:15,10.77,--,95,102315,卖盘
2292,11:09:12,10.77,--,47,50619,卖盘
2293,11:09:06,10.77,-0.01,1,1077,卖盘
2294,11:09:03,10.78,--,27,29106,买盘
2295,11:09:00,10.78,0.01,10,10780,买盘
2296,11:08:57,10.77,-0.01,1,1077,卖盘
2297,11:08:54,10.78,-0.01,50,54503,卖盘
2298,11:08:51,10.79,--,236,254643,买盘
2299,11:08:48,10.79,0.01,16,17264,买盘
2300,11:08:45,10.78,--,5,5864,买盘
2301,11:08:42,10.78,--,40,43120,买盘
2302,11:08:39,10.78,0.01,3,3234,买盘
2303,11:08:33,10.77,-0.01,5,5988,卖盘
2304,11:08:30,10.78,0.01,19,20956,买盘
2305,11:08:24,10.77,0.01,5,6214,买盘
2306,11:08:21,10.76,--,83,89308,卖盘
2307,11:08:18,10.76,-0.01,31,33356,卖盘
2308,11:08:15,10.77,0.01,8,8616,买盘
2309,11:08:12,10.76,-0.01,23,24748,卖盘
2310,11:08:09,10.77,--,8,8616,买盘
2311,11:08:06,10.77,--,18,19386,买盘
2312,11:08:00,10.77,--,9,9693,买盘
2313,11:07:57,10.77,--,18,19386,卖盘
2314,11:07:54,10.77,0.01,1,1077,中性盘
2315,11:07:45,10.76,--,90,96840,卖盘
2316,11:07:42,10.76,--,14,15064,卖盘
2317,11:07:33,10.76,-0.01,17,18292,卖盘
2318,11:07:30,10.77,0.01,6,6462,买盘
2319,11:07:24,10.76,-0.01,2,2152,卖盘
2320,11:07:21,10.77,0.01,30,32310,买盘
2321,11:07:18,10.76,-0.02,34,37186,卖盘
2322,11:07:15,10.78,--,39,42516,买盘
2323,11:07:12,10.78,--,1,1078,买盘
2324,11:07:09,10.78,0.02,80,86240,买盘
2325,11:07:06,10.76,-0.01,8,8608,卖盘
2326,11:07:00,10.77,--,81,87237,卖盘
2327,11:06:57,10.77,--,1,1077,卖盘
2328,11:06:54,10.77,--,3,3231,卖盘
2329,11:06:51,10.77,-0.01,16,17232,卖盘
2330,11:06:45,10.78,0.01,10,10780,买盘
2331,11:06:42,10.77,0.01,10,10770,买盘
2332,11:06:36,10.76,--,24,26652,买盘
2333,11:06:33,10.76,--,29,31204,买盘
2334,11:06:30,10.76,0.01,6,6456,买盘
2335,11:06:24,10.75,--,3,3225,卖盘
2336,11:06:21,10.75,-0.01,2,2150,卖盘
2337,11:06:18,10.76,-0.02,23,24995,卖盘
2338,11:06:15,10.78,0.02,18,19404,买盘
2339,11:06:12,10.76,-0.02,1,1076,卖盘
2340,11:06:09,10.78,0.02,13,14014,买盘
2341,11:06:06,10.76,--,1,1076,卖盘
2342,11:06:03,10.76,-0.02,112,121340,卖盘
2343,11:06:00,10.78,0.02,10,10780,买盘
2344,11:05:57,10.76,--,1,1076,卖盘
2345,11:05:54,10.76,--,1,1076,卖盘
2346,11:05:51,10.76,-0.02,3,3228,卖盘
2347,11:05:45,10.78,0.02,10,10780,买盘
2348,11:05:42,10.76,-0.02,2,2152,中性盘
2349,11:05:39,10.78,0.02,12,12936,买盘
2350,11:05:36,10.76,--,15,16140,买盘
2351,11:05:33,10.76,-0.01,69,74502,卖盘
2352,11:05:30,10.77,0.01,23,24771,买盘
2353,11:05:27,10.76,--,26,27976,卖盘
2354,11:05:24,10.76,--,2,2152,卖盘
2355,11:05:21,10.76,--,1,1076,卖盘
2356,11:05:18,10.76,--,51,55693,买盘
2357,11:05:15,10.76,0.01,6,6456,买盘
2358,11:05:12,10.75,-0.01,2,2150,卖盘
2359,11:05:09,10.76,--,80,86080,买盘
2360,11:05:03,10.76,-0.01,9,9684,卖盘
2361,11:05:00,10.77,0.01,10,10770,买盘
2362,11:04:57,10.76,0.01,2,2152,买盘
2363,11:04:54,10.75,-0.02,2,2150,卖盘
2364,11:04:51,10.77,0.02,15,16155,买盘
2365,11:04:48,10.75,-0.01,2,2150,卖盘
2366,11:04:45,10.76,--,8,8608,买盘
2367,11:04:39,10.76,0.02,10,10760,买盘
2368,11:04:36,10.74,-0.03,70,75180,卖盘
2369,11:04:30,10.77,--,7,7539,买盘
2370,11:04:27,10.77,0.03,1,1077,买盘
2371,11:04:24,10.74,-0.03,1,1074,卖盘
2372,11:04:21,10.77,--,15,16155,买盘
2373,11:04:18,10.77,-0.01,1,1077,卖盘
2374,11:04:15,10.78,--,6,6468,买盘
2375,11:04:09,10.78,0.04,2000,2156000,买盘
2376,11:04:06,10.74,-0.03,114,123273,卖盘
2377,11:04:00,10.77,0.03,10,10770,买盘
2378,11:03:57,10.74,-0.02,177,190098,卖盘
2379,11:03:54,10.76,0.02,8,8608,买盘
2380,11:03:51,10.74,-0.02,2,2148,卖盘
2381,11:03:48,10.76,--,9,9684,买盘
2382,11:03:45,10.76,0.02,9,9684,买盘
2383,11:03:39,10.74,--,35,37590,卖盘
2384,11:03:36,10.74,-0.01,17,18258,卖盘
2385,11:03:33,10.75,--,49,52675,买盘
2386,11:03:30,10.75,--,6,6450,买盘
2387,11:03:27,10.75,0.01,1,1075,买盘
2388,11:03:24,10.74,-0.01,3,3222,卖盘
2389,11:03:21,10.75,0.01,28,30100,买盘
2390,11:03:18,10.74,-0.01,32,34368,卖盘
2391,11:03:15,10.75,0.01,7,7525,买盘
2392,11:03:12,10.74,-0.01,1,1074,卖盘
2393,11:03:06,10.75,-0.01,49,52675,卖盘
2394,11:03:00,10.76,--,48,51648,买盘
2395,11:02:57,10.76,--,1,1076,买盘
2396,11:02:54,10.76,--,51,54876,买盘
2397,11:02:51,10.76,--,15,16140,买盘
2398,11:02:45,10.76,0.02,8,8608,买盘
2399,11:02:42,10.74,-0.01,14,15036,卖盘
2400,11:02:39,10.75,--,43,47063,买盘
2401,11:02:36,10.75,0.01,37,39775,买盘
2402,11:02:33,10.74,-0.01,1,1074,卖盘
2403,11:02:30,10.75,--,25,26875,买盘
2404,11:02:27,10.75,0.01,20,21500,买盘
2405,11:02:24,10.74,--,12,12888,卖盘
2406,11:02:21,10.74,--,1,1074,卖盘
2407,11:02:18,10.74,-0.01,31,33294,卖盘
2408,11:02:15,10.75,0.01,7,7525,买盘
2409,11:02:12,10.74,-0.01,1,1074,卖盘
2410,11:02:09,10.75,-0.01,52,55900,卖盘
2411,11:02:06,10.76,--,7,7532,买盘
2412,11:02:00,10.76,0.01,26,27976,买盘
2413,11:01:57,10.75,-0.01,3,3225,卖盘
2414,11:01:54,10.76,0.01,20,21520,买盘
2415,11:01:51,10.75,-0.01,24,25800,卖盘
2416,11:01:45,10.76,--,26,27976,买盘
2417,11:01:42,10.76,--,15,16140,买盘
2418,11:01:30,10.76,0.02,6,6456,买盘
2419,11:01:27,10.74,--,71,76254,卖盘
2420,11:01:24,10.74,--,6,6444,卖盘
2421,11:01:21,10.74,-0.02,11,11814,卖盘
2422,11:01:18,10.76,--,46,49496,买盘
2423,11:01:15,10.76,0.02,7,7532,买盘
2424,11:01:12,10.74,-0.01,113,122199,卖盘
2425,11:01:09,10.75,0.01,210,225750,买盘
2426,11:01:06,10.74,-0.01,3,3222,卖盘
2427,11:01:00,10.75,0.01,8,8600,买盘
2428,11:00:57,10.74,--,1,1074,卖盘
2429,11:00:54,10.74,--,3,3222,卖盘
2430,11:00:51,10.74,--,97,104178,买盘
2431,11:00:48,10.74,--,16,17184,买盘
2432,11:00:45,10.74,0.01,8,8592,买盘
2433,11:00:36,10.73,--,17,18241,卖盘
2434,11:00:33,10.73,-0.01,1,1073,卖盘
2435,11:00:30,10.74,--,10,10740,买盘
2436,11:00:27,10.74,0.01,15,16110,买盘
2437,11:00:24,10.73,--,2,2146,卖盘
2438,11:00:21,10.73,-0.01,1,1073,中性盘
2439,11:00:18,10.74,0.01,123,132102,买盘
2440,11:00:15,10.73,--,6,6438,买盘
2441,11:00:12,10.73,--,40,42920,卖盘
2442,11:00:06,10.73,--,11,11803,卖盘
2443,11:00:03,10.73,--,100,107300,卖盘
2444,11:00:00,10.73,--,26,27898,卖盘
2445,10:59:57,10.73,--,2,2146,卖盘
2446,10:59:54,10.73,--,2,2146,卖盘
2447,10:59:51,10.73,-0.01,1,1073,卖盘
2448,10:59:45,10.74,0.01,7,7518,买盘
2449,10:59:42,10.73,--,4,4292,卖盘
2450,10:59:39,10.73,--,51,54723,卖盘
2451,10:59:36,10.73,--,26,27898,卖盘
2452,10:59:33,10.73,-0.01,2,2146,卖盘
2453,10:59:30,10.74,0.01,8,8592,买盘
2454,10:59:24,10.73,-0.01,2,2146,卖盘
2455,10:59:21,10.74,--,15,16110,买盘
2456,10:59:18,10.74,-0.02,9,10643,卖盘
2457,10:59:15,10.76,--,118,127796,买盘
2458,10:59:12,10.76,0.02,18,19368,买盘
2459,10:59:06,10.74,-0.02,2,2148,卖盘
2460,10:59:00,10.76,--,7,7532,买盘
2461,10:58:57,10.76,0.02,1,1076,买盘
2462,10:58:51,10.74,-0.01,17,18601,买盘
2463,10:58:45,10.75,--,9,9675,买盘
2464,10:58:42,10.75,--,30,32250,买盘
2465,10:58:39,10.75,0.01,54,58050,买盘
2466,10:58:33,10.74,-0.01,56,60144,卖盘
2467,10:58:30,10.75,--,6,6450,买盘
2468,10:58:27,10.75,--,5,5375,买盘
2469,10:58:24,10.75,0.01,12,12900,买盘
2470,10:58:21,10.74,--,13,13962,卖盘
2471,10:58:18,10.74,-0.02,153,164805,卖盘
2472,10:58:15,10.76,0.01,7,7532,买盘
2473,10:58:12,10.75,-0.01,1,1075,卖盘
2474,10:58:06,10.76,--,36,38736,买盘
2475,10:58:00,10.76,0.01,6,6456,买盘
2476,10:57:57,10.75,--,1,1075,卖盘
2477,10:57:54,10.75,--,37,39775,卖盘
2478,10:57:51,10.75,--,1,1075,卖盘
2479,10:57:45,10.75,-0.01,109,117175,卖盘
2480,10:57:42,10.76,0.01,1,1076,买盘
2481,10:57:39,10.75,-0.01,17,18275,卖盘
2482,10:57:36,10.76,0.01,16,17216,买盘
2483,10:57:33,10.75,-0.01,6,6450,卖盘
2484,10:57:30,10.76,0.01,6,6456,买盘
2485,10:57:27,10.75,--,50,53750,卖盘
2486,10:57:24,10.75,--,3,3225,卖盘
2487,10:57:21,10.75,--,34,36550,卖盘
2488,10:57:18,10.75,--,143,154563,卖盘
2489,10:57:15,10.75,-0.01,10,10750,卖盘
2490,10:57:12,10.76,--,30,32280,买盘
2491,10:57:09,10.76,0.01,1,1076,买盘
2492,10:57:06,10.75,-0.01,2,2150,卖盘
2493,10:57:00,10.76,0.01,44,47344,买盘
2494,10:56:57,10.75,--,1,1075,卖盘
2495,10:56:54,10.75,--,3,3225,卖盘
2496,10:56:51,10.75,-0.01,1,1075,卖盘
2497,10:56:45,10.76,0.01,43,46268,买盘
2498,10:56:42,10.75,-0.01,17,18275,卖盘
2499,10:56:39,10.76,--,1,1076,买盘
2500,10:56:33,10.76,--,15,16140,买盘
2501,10:56:30,10.76,--,9,9684,买盘
2502,10:56:27,10.76,--,119,128807,卖盘
2503,10:56:24,10.76,--,9,9684,卖盘
2504,10:56:21,10.76,--,112,121340,卖盘
2505,10:56:18,10.76,--,31,33356,卖盘
2506,10:56:15,10.76,-0.01,20,21520,卖盘
2507,10:56:12,10.77,--,52,56004,买盘
2508,10:56:06,10.77,--,4,4308,买盘
2509,10:56:00,10.77,0.01,7,7539,买盘
2510,10:55:57,10.76,--,20,21520,卖盘
2511,10:55:54,10.76,--,2,2152,卖盘
2512,10:55:51,10.76,-0.01,2,2152,卖盘
2513,10:55:48,10.77,--,20,21540,买盘
2514,10:55:45,10.77,--,9,9693,买盘
2515,10:55:42,10.77,0.01,1,1077,买盘
2516,10:55:39,10.76,-0.01,17,18292,卖盘
2517,10:55:36,10.77,0.01,15,16155,买盘
2518,10:55:33,10.76,-0.01,11,11836,卖盘
2519,10:55:30,10.77,0.01,7,7539,买盘
2520,10:55:24,10.76,--,18,19378,卖盘
2521,10:55:21,10.76,--,110,119188,卖盘
2522,10:55:18,10.76,-0.01,46,49496,卖盘
2523,10:55:15,10.77,0.01,6,6462,买盘
2524,10:55:12,10.76,--,1,1076,卖盘
2525,10:55:09,10.76,--,71,76396,卖盘
2526,10:55:06,10.76,-0.01,1,1076,卖盘
2527,10:55:00,10.77,0.01,7,7539,买盘
2528,10:54:57,10.76,--,1,1076,卖盘
2529,10:54:54,10.76,--,18,19368,卖盘
2530,10:54:51,10.76,-0.01,120,129120,卖盘
2531,10:54:45,10.77,--,10,10770,买盘
2532,10:54:42,10.77,0.01,18,19386,买盘
2533,10:54:36,10.76,--,4,4304,卖盘
2534,10:54:33,10.76,-0.01,1,1076,卖盘
2535,10:54:30,10.77,0.01,7,7539,买盘
2536,10:54:24,10.76,--,130,140708,卖盘
2537,10:54:21,10.76,--,1,1076,卖盘
2538,10:54:18,10.76,-0.01,31,33356,卖盘
2539,10:54:15,10.77,0.01,7,7539,买盘
2540,10:54:12,10.76,-0.01,52,55952,卖盘
2541,10:54:06,10.77,0.01,18,19386,买盘
2542,10:54:00,10.76,-0.01,23,24748,卖盘
2543,10:53:57,10.77,0.01,15,16155,买盘
2544,10:53:54,10.76,-0.01,1,1076,卖盘
2545,10:53:48,10.77,--,19,20463,买盘
2546,10:53:45,10.77,--,22,23694,买盘
2547,10:53:42,10.77,0.01,48,51696,买盘
2548,10:53:39,10.76,-0.01,21,22596,卖盘
2549,10:53:36,10.77,0.01,16,17232,买盘
2550,10:53:33,10.76,-0.01,1,1076,卖盘
2551,10:53:30,10.77,--,6,6462,买盘
2552,10:53:27,10.77,--,6,6462,卖盘
2553,10:53:24,10.77,--,1,1077,卖盘
2554,10:53:21,10.77,--,13,14001,卖盘
2555,10:53:18,10.77,-0.01,31,33387,卖盘
2556,10:53:15,10.78,--,40,43120,买盘
2557,10:53:09,10.78,0.01,6,6468,买盘
2558,10:53:06,10.77,-0.01,4,4308,卖盘
2559,10:53:03,10.78,--,10,10780,买盘
2560,10:53:00,10.78,0.01,6,6468,买盘
2561,10:52:57,10.77,--,1,1077,卖盘
2562,10:52:54,10.77,-0.01,3,3231,卖盘
2563,10:52:45,10.78,0.02,9,9702,买盘
2564,10:52:42,10.76,--,71,77439,买盘
2565,10:52:30,10.76,-0.02,67,72963,卖盘
2566,10:52:27,10.78,--,2,2156,买盘
2567,10:52:24,10.78,--,19,20482,买盘
2568,10:52:18,10.78,0.01,87,93786,买盘
2569,10:52:15,10.77,0.01,7,7539,买盘
2570,10:52:12,10.76,--,1,1076,卖盘
2571,10:52:09,10.76,-0.02,300,322800,卖盘
2572,10:52:06,10.78,0.01,5,5390,买盘
2573,10:52:03,10.77,0.01,133,143241,买盘
2574,10:52:00,10.76,--,83,89308,卖盘
2575,10:51:57,10.76,--,1,1076,卖盘
2576,10:51:54,10.76,--,3,3228,卖盘
2577,10:51:51,10.76,-0.01,1,1076,卖盘
2578,10:51:45,10.77,0.01,7,7539,买盘
2579,10:51:42,10.76,--,36,38736,卖盘
2580,10:51:39,10.76,--,9,9684,卖盘
2581,10:51:33,10.76,-0.01,1,1076,卖盘
2582,10:51:30,10.77,--,119,129003,买盘
2583,10:51:27,10.77,--,2,2154,买盘
2584,10:51:24,10.77,0.01,4,4308,买盘
2585,10:51:18,10.76,-0.01,90,96840,卖盘
2586,10:51:15,10.77,0.01,6,6462,买盘
2587,10:51:12,10.76,-0.01,1,1076,卖盘
2588,10:51:09,10.77,0.01,10,10770,买盘
2589,10:51:06,10.76,-0.01,2,2152,卖盘
2590,10:51:03,10.77,--,2,2154,买盘
2591,10:51:00,10.77,--,10,10770,买盘
2592,10:50:57,10.77,--,2,2154,买盘
2593,10:50:54,10.77,0.01,2,2154,买盘
2594,10:50:51,10.76,-0.01,2,2152,卖盘
2595,10:50:48,10.77,--,37,39849,买盘
2596,10:50:45,10.77,--,8,8616,买盘
2597,10:50:39,10.77,--,19,20463,买盘
2598,10:50:36,10.77,--,2,2154,买盘
2599,10:50:33,10.77,-0.01,7,7679,卖盘
2600,10:50:30,10.78,--,13,14014,买盘
2601,10:50:27,10.78,0.01,1,1078,买盘
2602,10:50:24,10.77,--,2,2154,卖盘
2603,10:50:21,10.77,--,1,1077,卖盘
2604,10:50:18,10.77,-0.01,31,33387,卖盘
2605,10:50:15,10.78,0.01,36,38808,买盘
2606,10:50:12,10.77,-0.01,2,2154,卖盘
2607,10:50:06,10.78,--,3,3234,买盘
2608,10:50:00,10.78,--,7,7546,买盘
2609,10:49:57,10.78,0.01,2,2156,买盘
2610,10:49:54,10.77,--,10,10770,卖盘
2611,10:49:51,10.77,--,16,17232,卖盘
2612,10:49:45,10.77,--,31,33387,卖盘
2613,10:49:42,10.77,--,36,38772,卖盘
2614,10:49:33,10.77,-0.01,137,148378,卖盘
2615,10:49:30,10.78,--,7,7546,买盘
2616,10:49:27,10.78,--,16,17248,买盘
2617,10:49:24,10.78,0.01,4,4312,买盘
2618,10:49:18,10.77,-0.01,37,39849,卖盘
2619,10:49:15,10.78,0.01,8,8624,买盘
2620,10:49:12,10.77,--,1,1077,卖盘
2621,10:49:06,10.77,--,2,2154,卖盘
2622,10:49:03,10.77,--,28,30263,买盘
2623,10:49:00,10.77,0.01,19,20463,买盘
2624,10:48:57,10.76,--,2,2152,卖盘
2625,10:48:54,10.76,--,2,2152,卖盘
2626,10:48:51,10.76,-0.01,81,87156,卖盘
2627,10:48:45,10.77,--,41,44157,买盘
2628,10:48:42,10.77,--,3,3231,买盘
2629,10:48:36,10.77,0.01,114,123618,买盘
2630,10:48:33,10.76,-0.01,1,1076,卖盘
2631,10:48:30,10.77,--,25,26925,买盘
2632,10:48:27,10.77,0.01,16,17232,买盘
2633,10:48:24,10.76,--,2,2152,卖盘
2634,10:48:21,10.76,--,23,24748,卖盘
2635,10:48:18,10.76,-0.01,66,71016,卖盘
2636,10:48:15,10.77,0.01,7,7539,买盘
2637,10:48:12,10.76,--,1,1076,卖盘
2638,10:48:06,10.76,-0.01,2,2152,卖盘
2639,10:48:03,10.77,--,2,2154,买盘
2640,10:48:00,10.77,--,6,6462,买盘
2641,10:47:54,10.77,0.01,1,1077,买盘
2642,10:47:51,10.76,-0.01,2,2152,卖盘
2643,10:47:45,10.77,--,26,28002,买盘
2644,10:47:42,10.77,--,5,5385,买盘
2645,10:47:39,10.77,-0.01,71,77188,卖盘
2646,10:47:36,10.78,--,1,1078,买盘
2647,10:47:30,10.78,--,8,8624,买盘
2648,10:47:27,10.78,0.01,19,20482,买盘
2649,10:47:24,10.77,--,19,20463,卖盘
2650,10:47:21,10.77,--,1,1077,卖盘
2651,10:47:18,10.77,-0.01,30,32310,卖盘
2652,10:47:15,10.78,0.01,7,7546,买盘
2653,10:47:06,10.77,--,1,1077,卖盘
2654,10:47:03,10.77,-0.01,10,10770,卖盘
2655,10:47:00,10.78,0.01,7,7546,买盘
2656,10:46:57,10.77,--,1,1077,卖盘
2657,10:46:54,10.77,--,12,12924,卖盘
2658,10:46:51,10.77,-0.01,1,1077,卖盘
2659,10:46:48,10.78,--,54,58212,买盘
2660,10:46:45,10.78,0.01,9,9702,买盘
2661,10:46:39,10.77,--,131,141927,卖盘
2662,10:46:36,10.77,-0.01,9,9693,卖盘
2663,10:46:33,10.78,--,43,46354,买盘
2664,10:46:30,10.78,0.01,7,7546,买盘
2665,10:46:24,10.77,-0.01,45,48465,卖盘
2666,10:46:21,10.78,0.01,16,17248,买盘
2667,10:46:18,10.77,-0.01,31,33387,卖盘
2668,10:46:15,10.78,0.01,6,6468,买盘
2669,10:46:12,10.77,-0.01,1,1077,卖盘
2670,10:46:09,10.78,0.01,1,1078,买盘
2671,10:46:06,10.77,-0.01,2,2154,卖盘
2672,10:46:03,10.78,--,2,2156,买盘
2673,10:46:00,10.78,0.01,13,14014,买盘
2674,10:45:57,10.77,--,1,1077,卖盘
2675,10:45:54,10.77,--,2,2154,卖盘
2676,10:45:51,10.77,-0.01,2,2154,卖盘
2677,10:45:48,10.78,--,22,23716,买盘
2678,10:45:45,10.78,--,8,8624,买盘
2679,10:45:42,10.78,0.01,183,198114,买盘
2680,10:45:33,10.77,-0.01,101,108777,卖盘
2681,10:45:30,10.78,--,9,9702,买盘
2682,10:45:27,10.78,0.01,16,17248,买盘
2683,10:45:24,10.77,-0.01,6,6462,卖盘
2684,10:45:18,10.78,--,50,53900,买盘
2685,10:45:15,10.78,0.01,6,6468,买盘
2686,10:45:12,10.77,-0.01,6,6462,卖盘
2687,10:45:09,10.78,0.01,16,17248,买盘
2688,10:45:06,10.77,--,51,55756,买盘
2689,10:45:00,10.77,0.01,7,7539,买盘
2690,10:44:57,10.76,--,18,19368,卖盘
2691,10:44:54,10.76,--,25,26900,卖盘
2692,10:44:51,10.76,-0.01,1,1076,卖盘
2693,10:44:45,10.77,-0.01,79,85083,卖盘
2694,10:44:42,10.78,--,16,17248,买盘
2695,10:44:39,10.78,--,1,1078,买盘
2696,10:44:33,10.78,--,6,6468,买盘
2697,10:44:30,10.78,0.01,6,6468,买盘
2698,10:44:27,10.77,--,3,3231,卖盘
2699,10:44:24,10.77,--,22,23694,卖盘
2700,10:44:21,10.77,--,1,1077,卖盘
2701,10:44:18,10.77,-0.01,31,33387,卖盘
2702,10:44:15,10.78,0.01,17,18326,买盘
2703,10:44:12,10.77,--,21,22617,卖盘
2704,10:44:06,10.77,--,2,2154,卖盘
2705,10:44:03,10.77,--,128,137856,买盘
2706,10:44:00,10.77,0.01,6,6462,买盘
2707,10:43:51,10.76,--,6,6456,卖盘
2708,10:43:48,10.76,-0.01,17,18292,卖盘
2709,10:43:45,10.77,--,135,146224,买盘
2710,10:43:39,10.77,0.01,1,1077,买盘
2711,10:43:33,10.76,-0.01,20,21520,卖盘
2712,10:43:30,10.77,-0.01,6,6462,中性盘
2713,10:43:27,10.78,0.02,21,22638,买盘
2714,10:43:24,10.76,--,2,2152,卖盘
2715,10:43:21,10.76,--,13,13988,卖盘
2716,10:43:18,10.76,-0.01,30,32280,卖盘
2717,10:43:15,10.77,--,7,7539,买盘
2718,10:43:09,10.77,--,20,21540,买盘
2719,10:43:06,10.77,--,94,101238,买盘
2720,10:43:03,10.77,0.01,22,23694,买盘
2721,10:43:00,10.76,--,18,19368,卖盘
2722,10:42:57,10.76,--,18,19368,卖盘
2723,10:42:54,10.76,--,1,1076,卖盘
2724,10:42:51,10.76,-0.01,2,2152,卖盘
2725,10:42:48,10.77,-0.01,56,60312,卖盘
2726,10:42:45,10.78,0.01,9,9702,买盘
2727,10:42:42,10.77,-0.01,26,28002,中性盘
2728,10:42:36,10.78,0.02,3,3234,买盘
2729,10:42:33,10.76,-0.02,70,75320,卖盘
2730,10:42:30,10.78,0.01,7,7546,买盘
2731,10:42:24,10.77,0.01,33,36348,买盘
2732,10:42:18,10.76,-0.02,13,13988,卖盘
2733,10:42:15,10.78,--,56,60368,买盘
2734,10:42:12,10.78,0.01,23,24794,买盘
2735,10:42:09,10.77,0.01,2,2154,中性盘
2736,10:42:03,10.76,-0.01,59,63484,卖盘
2737,10:42:00,10.77,0.01,6,7054,买盘
2738,10:41:57,10.76,--,3,3228,卖盘
2739,10:41:54,10.76,--,38,40888,卖盘
2740,10:41:51,10.76,--,1,1076,卖盘
2741,10:41:48,10.76,-0.01,129,139632,卖盘
2742,10:41:45,10.77,--,9,9693,买盘
2743,10:41:42,10.77,0.01,13,14001,买盘
2744,10:41:33,10.76,-0.01,1,1076,卖盘
2745,10:41:30,10.77,0.01,9,9693,买盘
2746,10:41:24,10.76,--,18,19368,卖盘
2747,10:41:21,10.76,--,1,1076,卖盘
2748,10:41:18,10.76,-0.01,32,34432,卖盘
2749,10:41:15,10.77,--,6,6462,买盘
2750,10:41:12,10.77,--,12,12924,买盘
2751,10:41:09,10.77,--,9,9693,买盘
2752,10:41:06,10.77,--,18,19386,买盘
2753,10:41:03,10.77,--,8,8616,买盘
2754,10:41:00,10.77,0.01,106,114162,买盘
2755,10:40:57,10.76,--,4,4304,卖盘
2756,10:40:54,10.76,-0.01,18,19368,卖盘
2757,10:40:51,10.77,-0.01,9,9940,卖盘
2758,10:40:45,10.78,--,9,9702,买盘
2759,10:40:39,10.78,0.01,16,17248,买盘
2760,10:40:33,10.77,--,1,1077,卖盘
2761,10:40:30,10.77,-0.01,164,176628,卖盘
2762,10:40:27,10.78,--,3,3234,买盘
2763,10:40:24,10.78,--,94,101332,买盘
2764,10:40:21,10.78,0.01,16,17248,买盘
2765,10:40:18,10.77,-0.01,31,33387,卖盘
2766,10:40:15,10.78,0.01,6,6468,买盘
2767,10:40:12,10.77,--,1,1077,卖盘
2768,10:40:06,10.77,-0.01,2,2154,卖盘
2769,10:40:03,10.78,--,2,2156,买盘
2770,10:40:00,10.78,0.01,18,19404,买盘
2771,10:39:57,10.77,--,2,2154,卖盘
2772,10:39:54,10.77,--,181,195766,卖盘
2773,10:39:51,10.77,--,37,39849,卖盘
2774,10:39:48,10.77,-0.01,17,18309,卖盘
2775,10:39:45,10.78,--,45,48510,买盘
2776,10:39:39,10.78,--,20,21560,买盘
2777,10:39:33,10.78,--,3,3234,买盘
2778,10:39:30,10.78,--,6,6468,买盘
2779,10:39:27,10.78,0.01,1,1078,买盘
2780,10:39:24,10.77,-0.01,73,78621,卖盘
2781,10:39:21,10.78,--,1,1078,买盘
2782,10:39:18,10.78,--,57,61445,买盘
2783,10:39:15,10.78,0.01,7,7546,买盘
2784,10:39:12,10.77,-0.01,7,7539,卖盘
2785,10:39:09,10.78,0.01,30,32339,买盘
2786,10:39:06,10.77,--,1,1077,卖盘
2787,10:39:00,10.77,--,13,14001,卖盘
2788,10:38:57,10.77,-0.01,36,38772,卖盘
2789,10:38:54,10.78,-0.01,128,138479,卖盘
2790,10:38:51,10.79,--,25,26974,买盘
2791,10:38:48,10.79,--,19,20501,买盘
2792,10:38:45,10.79,0.01,49,52870,买盘
2793,10:38:42,10.78,--,10,10780,卖盘
2794,10:38:39,10.78,--,3,3234,卖盘
2795,10:38:36,10.78,-0.01,6,6468,卖盘
2796,10:38:33,10.79,--,120,129479,买盘
2797,10:38:30,10.79,0.01,6,6473,买盘
2798,10:38:24,10.78,--,52,56056,卖盘
2799,10:38:21,10.78,--,2,2156,卖盘
2800,10:38:18,10.78,--,31,33418,卖盘
2801,10:38:15,10.78,0.01,83,90056,买盘
2802,10:38:12,10.77,-0.01,1,1077,卖盘
2803,10:38:09,10.78,0.01,5,5390,买盘
2804,10:38:06,10.77,-0.01,10,10770,卖盘
2805,10:38:03,10.78,--,2,2156,买盘
2806,10:38:00,10.78,--,7,7546,买盘
2807,10:37:57,10.78,--,50,54147,卖盘
2808,10:37:54,10.78,-0.01,8,8624,卖盘
2809,10:37:51,10.79,--,31,33449,买盘
2810,10:37:48,10.79,--,53,57186,买盘
2811,10:37:45,10.79,--,9,9711,买盘
2812,10:37:42,10.79,--,19,20501,买盘
2813,10:37:39,10.79,--,16,17264,买盘
2814,10:37:36,10.79,0.01,7,7552,买盘
2815,10:37:33,10.78,-0.01,17,18326,卖盘
2816,10:37:30,10.79,0.01,7,7552,买盘
2817,10:37:24,10.78,-0.01,11,11858,卖盘
2818,10:37:21,10.79,0.01,1,1079,买盘
2819,10:37:18,10.78,-0.01,31,33418,卖盘
2820,10:37:15,10.79,0.01,6,6473,买盘
2821,10:37:03,10.78,-0.01,85,91630,卖盘
2822,10:37:00,10.79,0.01,8,8632,买盘
2823,10:36:57,10.78,-0.02,115,124800,卖盘
2824,10:36:54,10.8,0.01,109,118227,买盘
2825,10:36:51,10.79,-0.01,18,19422,卖盘
2826,10:36:48,10.8,0.01,18,19440,买盘
2827,10:36:45,10.79,--,223,240616,卖盘
2828,10:36:42,10.79,--,7,7552,卖盘
2829,10:36:39,10.79,--,21,22659,卖盘
2830,10:36:36,10.79,--,4,4316,卖盘
