,time,price,change,volume,amount,type
0,15:00:03,13.1,-0.06,24414,31982340,卖盘
1,14:57:00,13.16,--,85,111860,买盘
2,14:56:57,13.16,--,339,446124,卖盘
3,14:56:54,13.16,--,2072,2726752,买盘
4,14:56:51,13.16,--,377,496132,卖盘
5,14:56:48,13.16,--,130,171080,卖盘
6,14:56:45,13.16,--,718,944888,买盘
7,14:56:42,13.16,--,414,544824,卖盘
8,14:56:39,13.16,0.01,651,856716,买盘
9,14:56:36,13.15,-0.01,483,635145,卖盘
10,14:56:33,13.16,--,414,544824,买盘
11,14:56:30,13.16,0.01,679,893564,买盘
12,14:56:27,13.15,--,226,297190,卖盘
13,14:56:24,13.15,-0.01,629,827135,卖盘
14,14:56:21,13.16,--,174,228984,买盘
15,14:56:18,13.16,--,340,447440,买盘
16,14:56:15,13.16,-0.01,896,1179136,卖盘
17,14:56:12,13.17,0.01,172,226524,买盘
18,14:56:09,13.16,--,197,259252,卖盘
19,14:56:06,13.16,-0.01,467,614572,卖盘
20,14:56:03,13.17,--,144,189648,买盘
21,14:56:00,13.17,-0.01,1350,1778871,卖盘
22,14:55:57,13.18,--,362,477116,买盘
23,14:55:54,13.18,0.01,146,192428,买盘
24,14:55:51,13.17,-0.01,598,787566,卖盘
25,14:55:48,13.18,--,934,1231012,买盘
26,14:55:45,13.18,0.01,110,144980,买盘
27,14:55:42,13.17,--,204,268668,卖盘
28,14:55:39,13.17,-0.01,239,314763,卖盘
29,14:55:36,13.18,0.01,188,247784,买盘
30,14:55:33,13.17,-0.01,316,416172,卖盘
31,14:55:30,13.18,--,223,293914,买盘
32,14:55:27,13.18,--,1793,2363174,买盘
33,14:55:24,13.18,--,288,379584,买盘
34,14:55:21,13.18,--,129,170022,买盘
35,14:55:18,13.18,--,229,301822,买盘
36,14:55:15,13.18,--,255,336090,买盘
37,14:55:12,13.18,--,347,457346,买盘
38,14:55:09,13.18,--,323,425714,买盘
39,14:55:06,13.18,--,58,76444,卖盘
40,14:55:03,13.18,-0.01,1506,1984908,卖盘
41,14:55:00,13.19,--,498,656862,买盘
42,14:54:57,13.19,0.01,121,159599,买盘
43,14:54:54,13.18,-0.01,247,325546,卖盘
44,14:54:51,13.19,0.01,438,577722,买盘
45,14:54:48,13.18,-0.01,736,970048,卖盘
46,14:54:45,13.19,--,208,274352,买盘
47,14:54:42,13.19,0.01,268,353492,买盘
48,14:54:39,13.18,-0.01,192,253056,卖盘
49,14:54:36,13.19,--,141,185979,买盘
50,14:54:33,13.19,--,90,118710,买盘
51,14:54:30,13.19,0.01,350,461650,买盘
52,14:54:27,13.18,-0.01,228,300504,卖盘
53,14:54:24,13.19,--,143,188617,卖盘
54,14:54:21,13.19,0.01,89,117391,买盘
55,14:54:18,13.18,-0.01,233,307094,卖盘
56,14:54:15,13.19,--,100,131900,买盘
57,14:54:12,13.19,--,39,51441,买盘
58,14:54:09,13.19,--,46,60674,买盘
59,14:54:06,13.19,0.01,320,422080,买盘
60,14:54:03,13.18,--,107,141843,买盘
61,14:54:00,13.18,--,502,661636,买盘
62,14:53:57,13.18,-0.01,301,396718,卖盘
63,14:53:54,13.19,--,3,3957,买盘
64,14:53:51,13.19,0.01,845,1114555,买盘
65,14:53:48,13.18,--,422,556196,买盘
66,14:53:45,13.18,--,506,666908,卖盘
67,14:53:42,13.18,--,737,971366,卖盘
68,14:53:39,13.18,--,107,141026,卖盘
69,14:53:36,13.18,-0.01,16,21088,卖盘
70,14:53:33,13.19,0.02,102,135434,买盘
71,14:53:30,13.17,-0.01,714,940338,卖盘
72,14:53:27,13.18,--,194,255692,买盘
73,14:53:24,13.18,-0.01,92,121256,中性盘
74,14:53:21,13.19,0.01,166,218954,买盘
75,14:53:18,13.18,0.01,188,247784,买盘
76,14:53:15,13.17,-0.01,441,580797,卖盘
77,14:53:12,13.18,--,25,32950,卖盘
78,14:53:09,13.18,0.01,740,975320,买盘
79,14:53:06,13.17,-0.01,268,352956,卖盘
80,14:53:03,13.18,--,337,444166,买盘
81,14:53:00,13.18,0.01,656,864608,买盘
82,14:52:57,13.17,--,164,215988,卖盘
83,14:52:54,13.17,--,355,467535,卖盘
84,14:52:51,13.17,--,27,35559,卖盘
85,14:52:48,13.17,--,940,1238493,买盘
86,14:52:45,13.17,--,365,480705,买盘
87,14:52:42,13.17,--,25,32925,买盘
88,14:52:39,13.17,-0.01,472,621624,卖盘
89,14:52:36,13.18,0.01,297,391446,买盘
90,14:52:33,13.17,0.01,674,887658,卖盘
91,14:52:30,13.16,--,183,240828,卖盘
92,14:52:27,13.16,-0.02,307,404012,卖盘
93,14:52:24,13.18,0.01,107,141026,中性盘
94,14:52:21,13.17,-0.03,139,183063,卖盘
95,14:52:18,13.2,0.05,3315,4376064,买盘
96,14:52:15,13.15,-0.01,90,118350,卖盘
97,14:52:12,13.16,--,128,168448,买盘
98,14:52:09,13.16,--,273,359268,卖盘
99,14:52:06,13.16,--,399,525084,卖盘
100,14:52:03,13.16,-0.01,3202,4213832,卖盘
101,14:52:00,13.17,--,475,625575,买盘
102,14:51:57,13.17,--,684,900828,买盘
103,14:51:54,13.17,--,256,337152,买盘
104,14:51:51,13.17,--,326,429342,卖盘
105,14:51:48,13.17,--,109,143553,卖盘
106,14:51:45,13.17,0.01,456,600552,买盘
107,14:51:42,13.16,--,515,677740,卖盘
108,14:51:39,13.16,-0.01,139,182924,卖盘
109,14:51:36,13.17,0.01,154,202818,买盘
110,14:51:33,13.16,--,226,297416,卖盘
111,14:51:30,13.16,-0.01,229,301364,卖盘
112,14:51:27,13.17,--,439,578163,买盘
113,14:51:24,13.17,--,132,173844,买盘
114,14:51:21,13.17,-0.01,670,882390,卖盘
115,14:51:18,13.18,--,701,923918,卖盘
116,14:51:15,13.18,0.01,195,257010,卖盘
117,14:51:12,13.17,-0.02,111,146187,卖盘
118,14:51:09,13.19,0.02,363,478797,买盘
119,14:51:06,13.17,--,186,244962,卖盘
120,14:51:03,13.17,-0.01,432,568944,卖盘
121,14:51:00,13.18,-0.01,874,1151932,卖盘
122,14:50:57,13.19,0.01,632,833608,中性盘
123,14:50:54,13.18,-0.01,181,238558,卖盘
124,14:50:51,13.19,--,304,400976,买盘
125,14:50:48,13.19,--,798,1052562,卖盘
126,14:50:45,13.19,--,320,422080,卖盘
127,14:50:42,13.19,-0.01,389,513091,卖盘
128,14:50:39,13.2,0.02,266,351120,买盘
129,14:50:36,13.18,-0.01,299,394082,卖盘
130,14:50:33,13.19,--,131,172789,买盘
131,14:50:30,13.19,-0.01,1144,1508936,卖盘
132,14:50:27,13.2,0.01,133,175560,买盘
133,14:50:24,13.19,0.01,111,146409,卖盘
134,14:50:21,13.18,-0.02,292,384856,卖盘
135,14:50:18,13.2,0.02,1031,1360920,买盘
136,14:50:15,13.18,--,273,359814,卖盘
137,14:50:12,13.18,0.01,478,630004,买盘
138,14:50:09,13.17,--,181,238377,卖盘
139,14:50:06,13.17,--,149,196233,卖盘
140,14:50:03,13.17,--,626,824442,买盘
141,14:50:00,13.17,0.01,345,454365,买盘
142,14:49:57,13.16,0.01,94,124598,买盘
143,14:49:54,13.15,--,374,491810,买盘
144,14:49:51,13.15,0.01,287,377405,买盘
145,14:49:48,13.14,--,1234,1621476,买盘
146,14:49:45,13.14,--,331,434934,买盘
147,14:49:42,13.14,-0.02,585,769110,卖盘
148,14:49:39,13.16,--,339,446124,买盘
149,14:49:36,13.16,--,299,394378,买盘
150,14:49:33,13.16,--,475,625100,买盘
151,14:49:30,13.16,0.01,47,61852,买盘
152,14:49:27,13.15,-0.01,272,357680,卖盘
153,14:49:24,13.16,--,485,638260,卖盘
154,14:49:21,13.16,-0.01,374,492184,卖盘
155,14:49:18,13.17,-0.02,1005,1323585,卖盘
156,14:49:15,13.19,0.01,1441,1900679,买盘
157,14:49:12,13.18,-0.01,29,38222,卖盘
158,14:49:09,13.19,-0.01,323,426037,卖盘
159,14:49:06,13.2,--,657,867240,买盘
160,14:49:03,13.2,--,842,1111440,买盘
161,14:49:00,13.2,-0.02,8364,11041536,卖盘
162,14:48:57,13.22,-0.01,121,159962,卖盘
163,14:48:54,13.23,--,883,1168209,卖盘
164,14:48:51,13.23,--,116,153468,卖盘
165,14:48:48,13.23,-0.01,362,478926,卖盘
166,14:48:45,13.24,0.01,270,357480,买盘
167,14:48:42,13.23,--,60,79380,卖盘
168,14:48:39,13.23,--,118,156114,卖盘
169,14:48:36,13.23,--,401,530523,卖盘
170,14:48:33,13.23,--,206,272538,买盘
171,14:48:30,13.23,-0.01,365,482895,中性盘
172,14:48:27,13.24,0.02,173,229052,买盘
173,14:48:24,13.22,-0.01,263,347686,卖盘
174,14:48:21,13.23,0.01,5,6615,买盘
175,14:48:18,13.22,--,768,1015296,卖盘
176,14:48:15,13.22,-0.01,368,486496,卖盘
177,14:48:12,13.23,0.01,277,366471,卖盘
178,14:48:09,13.22,-0.01,570,753540,卖盘
179,14:48:06,13.23,--,152,201096,卖盘
180,14:48:03,13.23,--,483,639009,买盘
181,14:48:00,13.23,--,442,584766,买盘
182,14:47:57,13.23,--,170,224910,买盘
183,14:47:54,13.23,--,546,722358,卖盘
184,14:47:51,13.23,--,218,288414,卖盘
185,14:47:48,13.23,--,704,931392,卖盘
186,14:47:45,13.23,--,208,275448,卖盘
187,14:47:42,13.23,--,359,474957,买盘
188,14:47:39,13.23,0.01,820,1084860,中性盘
189,14:47:36,13.22,-0.01,270,356940,卖盘
190,14:47:33,13.23,--,153,202419,卖盘
191,14:47:30,13.23,--,142,187866,卖盘
192,14:47:27,13.23,--,211,279153,买盘
193,14:47:24,13.23,--,162,214326,买盘
194,14:47:21,13.23,--,297,392931,买盘
195,14:47:18,13.23,--,148,195804,卖盘
196,14:47:15,13.23,-0.01,29,38367,卖盘
197,14:47:12,13.24,0.02,1359,1799316,买盘
198,14:47:09,13.22,-0.01,289,382058,卖盘
199,14:47:06,13.23,0.01,160,211680,卖盘
200,14:47:03,13.22,-0.01,389,514258,卖盘
201,14:47:00,13.23,0.01,261,345303,买盘
202,14:46:57,13.22,-0.01,364,481208,卖盘
203,14:46:54,13.23,0.01,293,387639,买盘
204,14:46:51,13.22,-0.01,125,165250,卖盘
205,14:46:48,13.23,0.01,61,80703,中性盘
206,14:46:45,13.22,-0.02,970,1282340,卖盘
207,14:46:42,13.24,--,148,195952,买盘
208,14:46:39,13.24,--,75,99300,买盘
209,14:46:36,13.24,-0.01,511,677358,卖盘
210,14:46:33,13.25,0.01,1063,1408475,买盘
211,14:46:30,13.24,--,234,309816,卖盘
212,14:46:27,13.24,-0.01,332,439568,卖盘
213,14:46:24,13.25,--,123,162975,买盘
214,14:46:21,13.25,--,90,119250,买盘
215,14:46:18,13.25,-0.01,1240,1643000,卖盘
216,14:46:15,13.26,--,275,364650,买盘
217,14:46:12,13.26,0.01,238,315588,买盘
218,14:46:09,13.25,-0.01,125,165625,卖盘
219,14:46:06,13.26,0.01,90,119340,买盘
220,14:46:03,13.25,-0.01,199,263675,卖盘
221,14:46:00,13.26,--,81,107406,卖盘
222,14:45:57,13.26,--,19,25194,卖盘
223,14:45:54,13.26,-0.01,112,148512,卖盘
224,14:45:51,13.27,--,58,76966,买盘
225,14:45:48,13.27,--,1015,1346905,卖盘
226,14:45:45,13.27,--,322,427294,卖盘
227,14:45:42,13.27,-0.01,101,134027,卖盘
228,14:45:39,13.28,--,86,114208,买盘
229,14:45:36,13.28,--,43,57104,买盘
230,14:45:33,13.28,--,314,416992,买盘
231,14:45:30,13.28,-0.01,3080,4090240,卖盘
232,14:45:27,13.29,--,454,603366,买盘
233,14:45:24,13.29,0.01,369,490400,买盘
234,14:45:21,13.28,-0.01,53,70384,卖盘
235,14:45:18,13.29,0.01,324,430596,卖盘
236,14:45:15,13.28,--,1,1328,卖盘
237,14:45:12,13.28,--,251,333328,卖盘
238,14:45:09,13.28,-0.01,1137,1509936,卖盘
239,14:45:06,13.29,--,55,73095,买盘
240,14:45:03,13.29,--,124,164796,买盘
241,14:45:00,13.29,-0.01,113,150177,卖盘
242,14:44:57,13.3,0.01,233,309890,买盘
243,14:44:54,13.29,-0.01,25,33225,卖盘
244,14:44:51,13.3,0.01,260,345800,买盘
245,14:44:48,13.29,--,87,115622,卖盘
246,14:44:45,13.29,-0.01,231,306999,卖盘
247,14:44:42,13.3,--,172,228760,买盘
248,14:44:39,13.3,0.01,74,98420,买盘
249,14:44:36,13.29,--,7,9303,卖盘
250,14:44:33,13.29,-0.01,93,123596,卖盘
251,14:44:30,13.3,--,73,97090,买盘
252,14:44:27,13.3,0.01,79,105070,买盘
253,14:44:24,13.29,-0.01,102,135558,卖盘
254,14:44:21,13.3,--,9,11970,买盘
255,14:44:18,13.3,0.01,112,148960,买盘
256,14:44:15,13.29,-0.01,484,643236,卖盘
257,14:44:12,13.3,--,12,15960,卖盘
258,14:44:09,13.3,-0.01,5,6650,卖盘
259,14:44:06,13.31,0.01,556,740036,买盘
260,14:44:03,13.3,-0.01,101,134330,买盘
261,14:44:00,13.31,0.01,82,109421,买盘
262,14:43:57,13.3,-0.01,264,352170,卖盘
263,14:43:54,13.31,--,22,29282,买盘
264,14:43:51,13.31,-0.01,290,385990,卖盘
265,14:43:48,13.32,0.01,87,115884,买盘
266,14:43:45,13.31,0.01,566,753346,买盘
267,14:43:42,13.3,--,31,41230,卖盘
268,14:43:39,13.3,-0.01,132,175560,卖盘
269,14:43:36,13.31,0.01,49,65219,买盘
270,14:43:33,13.3,-0.01,169,224770,卖盘
271,14:43:30,13.31,-0.01,116,154396,卖盘
272,14:43:27,13.32,--,92,122544,买盘
273,14:43:24,13.32,0.01,171,227772,买盘
274,14:43:21,13.31,--,38,50578,卖盘
275,14:43:18,13.31,--,66,87846,卖盘
276,14:43:15,13.31,--,57,75867,卖盘
277,14:43:12,13.31,-0.01,20,26620,中性盘
278,14:43:09,13.32,0.02,57,75924,买盘
279,14:43:06,13.3,-0.02,175,232750,卖盘
280,14:43:03,13.32,0.01,4,5328,买盘
281,14:43:00,13.31,--,46,61226,卖盘
282,14:42:57,13.31,--,7,9317,卖盘
283,14:42:54,13.31,0.01,396,527076,买盘
284,14:42:51,13.3,--,552,734160,买盘
285,14:42:48,13.3,--,125,166250,买盘
286,14:42:45,13.3,--,83,110390,买盘
287,14:42:42,13.3,--,30,39900,买盘
288,14:42:39,13.3,0.01,144,191520,买盘
289,14:42:36,13.29,-0.02,69,91701,卖盘
290,14:42:33,13.31,0.02,187,248897,买盘
291,14:42:30,13.29,-0.01,48,63791,卖盘
292,14:42:27,13.3,--,20,26600,买盘
293,14:42:24,13.3,--,411,546630,卖盘
294,14:42:21,13.3,--,90,119700,卖盘
295,14:42:18,13.3,--,209,277970,卖盘
296,14:42:15,13.3,--,233,310116,卖盘
297,14:42:12,13.3,--,324,431611,买盘
298,14:42:09,13.3,0.01,242,321860,买盘
299,14:42:06,13.29,-0.01,367,487742,卖盘
300,14:42:03,13.3,--,212,281960,买盘
301,14:42:00,13.3,--,440,585200,买盘
302,14:41:57,13.3,--,346,460180,买盘
303,14:41:54,13.3,--,80,106400,买盘
304,14:41:51,13.3,0.01,184,244720,买盘
305,14:41:48,13.29,--,75,99675,卖盘
306,14:41:45,13.29,--,19,25251,卖盘
307,14:41:42,13.29,--,42,55818,买盘
308,14:41:39,13.29,0.01,216,287064,买盘
309,14:41:36,13.28,-0.01,8,10624,卖盘
310,14:41:33,13.29,0.01,50,66450,买盘
311,14:41:30,13.28,--,435,577680,买盘
312,14:41:27,13.28,0.01,209,277552,买盘
313,14:41:24,13.27,--,19,25213,卖盘
314,14:41:21,13.27,0.01,38,50426,卖盘
315,14:41:18,13.26,-0.01,441,584766,卖盘
316,14:41:15,13.27,--,378,501606,买盘
317,14:41:12,13.27,--,22,29194,买盘
318,14:41:09,13.27,--,226,299902,买盘
319,14:41:06,13.27,--,563,747101,买盘
320,14:41:03,13.27,0.01,103,136681,买盘
321,14:41:00,13.26,-0.01,159,210834,卖盘
322,14:40:57,13.27,--,141,187107,卖盘
323,14:40:54,13.27,--,168,222936,卖盘
324,14:40:51,13.27,--,137,181799,买盘
325,14:40:48,13.27,-0.03,59,78293,卖盘
326,14:40:45,13.3,0.02,330,438900,买盘
327,14:40:42,13.28,-0.01,24,31872,买盘
328,14:40:39,13.29,0.01,3034,4032185,买盘
329,14:40:36,13.28,-0.01,148,196544,卖盘
330,14:40:33,13.29,-0.01,93,123596,卖盘
331,14:40:30,13.3,0.01,35,46550,买盘
332,14:40:27,13.29,0.01,293,389397,买盘
333,14:40:24,13.28,-0.01,39,51792,卖盘
334,14:40:21,13.29,--,126,167454,买盘
335,14:40:18,13.29,--,99,131571,买盘
336,14:40:15,13.29,--,83,110307,买盘
337,14:40:12,13.29,-0.01,225,299025,卖盘
338,14:40:09,13.3,0.01,90,119700,买盘
339,14:40:06,13.29,--,33,43857,卖盘
340,14:40:03,13.29,0.01,284,377436,买盘
341,14:40:00,13.28,--,65,86320,卖盘
342,14:39:57,13.28,0.01,209,277552,买盘
343,14:39:54,13.27,-0.01,233,309191,卖盘
344,14:39:51,13.28,--,32,42496,卖盘
345,14:39:48,13.28,0.01,115,152720,买盘
346,14:39:45,13.27,0.01,112,148624,中性盘
347,14:39:42,13.26,-0.01,279,369954,卖盘
348,14:39:39,13.27,0.02,836,1109372,买盘
349,14:39:36,13.25,-0.01,714,946580,卖盘
350,14:39:33,13.26,0.01,226,299676,买盘
351,14:39:30,13.25,-0.01,258,341850,卖盘
352,14:39:27,13.26,--,339,449514,卖盘
353,14:39:24,13.26,--,470,623220,买盘
354,14:39:21,13.26,--,214,283764,买盘
355,14:39:18,13.26,--,242,320892,买盘
356,14:39:15,13.26,0.01,517,685542,买盘
357,14:39:12,13.25,0.02,200,265000,卖盘
358,14:39:09,13.23,-0.01,532,703836,卖盘
359,14:39:06,13.24,0.01,274,362776,中性盘
360,14:39:03,13.23,-0.01,560,740880,卖盘
361,14:39:00,13.24,--,173,229052,买盘
362,14:38:57,13.24,0.01,155,205220,卖盘
363,14:38:54,13.23,-0.02,660,873180,卖盘
364,14:38:51,13.25,-0.01,69,91425,卖盘
365,14:38:48,13.26,0.02,227,301002,买盘
366,14:38:45,13.24,-0.01,675,893700,卖盘
367,14:38:42,13.25,--,308,408100,买盘
368,14:38:39,13.25,--,66,87450,买盘
369,14:38:36,13.25,0.01,79,104675,中性盘
370,14:38:33,13.24,-0.02,442,585208,卖盘
371,14:38:30,13.26,-0.01,559,741234,卖盘
372,14:38:27,13.27,-0.02,650,862550,中性盘
373,14:38:24,13.29,-0.01,396,526284,中性盘
374,14:38:21,13.3,--,520,691600,买盘
375,14:38:18,13.3,--,334,444220,买盘
376,14:38:15,13.3,--,674,896420,买盘
377,14:38:12,13.3,--,229,304570,买盘
378,14:38:09,13.3,-0.03,5308,7059826,卖盘
379,14:38:06,13.33,0.02,2243,2989919,买盘
380,14:38:03,13.31,-0.01,64,85184,卖盘
381,14:38:00,13.32,--,487,648684,卖盘
382,14:37:57,13.32,-0.01,298,396936,卖盘
383,14:37:54,13.33,--,3,3999,买盘
384,14:37:51,13.33,-0.01,256,341248,卖盘
385,14:37:48,13.34,0.01,97,129398,买盘
386,14:37:45,13.33,-0.02,45,59985,卖盘
387,14:37:42,13.35,--,31,41385,买盘
388,14:37:39,13.35,-0.01,35,46725,中性盘
389,14:37:36,13.36,0.01,38,50768,买盘
390,14:37:33,13.35,0.03,5,6675,中性盘
391,14:37:30,13.32,-0.03,10000,13320000,卖盘
392,14:37:27,13.35,--,285,380475,卖盘
393,14:37:24,13.35,-0.01,138,184230,卖盘
394,14:37:21,13.36,--,73,97528,买盘
395,14:37:18,13.36,--,48,64128,买盘
396,14:37:15,13.36,--,423,565128,买盘
397,14:37:12,13.36,--,81,108656,卖盘
398,14:37:09,13.36,--,91,121576,卖盘
399,14:37:06,13.36,-0.01,74,98864,卖盘
400,14:37:03,13.37,0.01,11,14707,买盘
401,14:37:00,13.36,--,156,208416,卖盘
402,14:36:57,13.36,-0.01,311,415496,卖盘
403,14:36:54,13.37,0.01,97,129688,买盘
404,14:36:51,13.36,--,69,92184,卖盘
405,14:36:48,13.36,--,22,29392,卖盘
406,14:36:45,13.36,--,56,74816,卖盘
407,14:36:42,13.36,0.01,162,217327,买盘
408,14:36:39,13.35,-0.01,58,77430,卖盘
409,14:36:36,13.36,--,12,16032,买盘
410,14:36:33,13.36,--,197,263192,买盘
411,14:36:30,13.36,--,85,114000,卖盘
412,14:36:27,13.36,-0.01,108,144288,卖盘
413,14:36:24,13.37,0.01,587,784819,买盘
414,14:36:21,13.36,--,244,325984,卖盘
415,14:36:18,13.36,-0.01,342,456912,卖盘
416,14:36:15,13.37,0.01,21,28077,买盘
417,14:36:12,13.36,--,16,21376,卖盘
418,14:36:09,13.36,--,1,1336,卖盘
419,14:36:06,13.36,--,88,117568,卖盘
420,14:36:03,13.36,--,22,29392,卖盘
421,14:36:00,13.36,-0.01,742,992207,卖盘
422,14:35:57,13.37,--,18,24066,买盘
423,14:35:54,13.37,0.01,8,10696,买盘
424,14:35:51,13.36,-0.01,50,66800,卖盘
425,14:35:48,13.37,-0.01,1790,2393778,卖盘
426,14:35:45,13.38,--,2,2676,卖盘
427,14:35:42,13.38,--,278,371964,卖盘
428,14:35:39,13.38,-0.01,52,69576,卖盘
429,14:35:36,13.39,0.01,162,216918,买盘
430,14:35:33,13.38,-0.01,62,82956,卖盘
431,14:35:30,13.39,0.01,3,4017,买盘
432,14:35:27,13.38,--,83,111054,卖盘
433,14:35:24,13.38,--,54,72252,卖盘
434,14:35:21,13.38,-0.01,513,686394,卖盘
435,14:35:18,13.39,0.01,79,105781,买盘
436,14:35:15,13.38,-0.01,1250,1672500,卖盘
437,14:35:12,13.39,0.01,21,28119,买盘
438,14:35:09,13.38,--,609,814842,卖盘
439,14:35:06,13.38,--,38,50844,卖盘
440,14:35:03,13.38,--,46,61548,卖盘
441,14:35:00,13.38,-0.01,469,627522,卖盘
442,14:34:57,13.39,0.01,133,178087,买盘
443,14:34:54,13.38,-0.01,21,28098,卖盘
444,14:34:51,13.39,0.01,8,10712,买盘
445,14:34:48,13.38,--,36,48168,卖盘
446,14:34:45,13.38,--,60,80280,卖盘
447,14:34:42,13.38,-0.01,5,6690,卖盘
448,14:34:39,13.39,0.01,20,26780,买盘
449,14:34:36,13.38,-0.01,242,323796,卖盘
450,14:34:33,13.39,--,755,1010945,卖盘
451,14:34:30,13.39,--,54,72306,卖盘
452,14:34:27,13.39,0.01,761,1018979,买盘
453,14:34:24,13.38,-0.01,28,37464,卖盘
454,14:34:18,13.39,--,35,46865,买盘
455,14:34:15,13.39,--,152,203528,卖盘
456,14:34:12,13.39,-0.01,5,6695,卖盘
457,14:34:09,13.4,0.01,31,41540,买盘
458,14:34:06,13.39,--,17,22763,买盘
459,14:34:03,13.39,--,119,159341,卖盘
460,14:34:00,13.39,-0.01,230,307970,卖盘
461,14:33:57,13.4,0.01,25,33500,买盘
462,14:33:54,13.39,-0.01,15,20085,卖盘
463,14:33:51,13.4,0.01,1,1340,买盘
464,14:33:45,13.39,--,1,1339,卖盘
465,14:33:42,13.39,-0.01,56,74984,卖盘
466,14:33:39,13.4,0.01,362,485080,买盘
467,14:33:36,13.39,--,18,24102,买盘
468,14:33:33,13.39,--,34,45526,买盘
469,14:33:30,13.39,--,333,446315,卖盘
470,14:33:27,13.39,--,14,18746,卖盘
471,14:33:24,13.39,-0.01,9,12051,卖盘
472,14:33:21,13.4,0.01,111,148740,买盘
473,14:33:15,13.39,--,204,273156,卖盘
474,14:33:12,13.39,-0.01,22,29458,卖盘
475,14:33:09,13.4,0.01,15,20100,买盘
476,14:33:06,13.39,-0.01,30,40170,卖盘
477,14:33:03,13.4,--,22,29480,买盘
478,14:33:00,13.4,0.01,85,114811,买盘
479,14:32:57,13.39,--,15,20513,卖盘
480,14:32:54,13.39,--,89,119171,卖盘
481,14:32:51,13.39,--,213,285207,卖盘
482,14:32:48,13.39,-0.01,70,93730,卖盘
483,14:32:45,13.4,0.01,7,9380,买盘
484,14:32:42,13.39,-0.01,20,26780,卖盘
485,14:32:39,13.4,0.01,8,10720,买盘
486,14:32:36,13.39,--,22,29458,卖盘
487,14:32:33,13.39,-0.01,196,262444,卖盘
488,14:32:30,13.4,0.01,202,270680,买盘
489,14:32:27,13.39,-0.01,59,79001,卖盘
490,14:32:24,13.4,0.01,307,411380,买盘
491,14:32:21,13.39,-0.01,6,8034,卖盘
492,14:32:18,13.4,0.01,102,136680,买盘
493,14:32:15,13.39,-0.01,59,79001,卖盘
494,14:32:12,13.4,0.01,202,270680,买盘
495,14:32:09,13.39,-0.01,57,76323,卖盘
496,14:32:06,13.4,0.01,6,8040,买盘
497,14:32:03,13.39,--,15,20085,卖盘
498,14:32:00,13.39,--,208,278512,卖盘
499,14:31:57,13.39,-0.01,141,188799,卖盘
500,14:31:54,13.4,0.01,34,45560,买盘
501,14:31:48,13.39,--,38,50882,卖盘
502,14:31:45,13.39,--,12,16068,卖盘
503,14:31:36,13.39,--,21,28119,卖盘
504,14:31:33,13.39,-0.01,63,84357,卖盘
505,14:31:30,13.4,0.01,2,2680,买盘
506,14:31:27,13.39,-0.01,24,32524,卖盘
507,14:31:24,13.4,0.01,495,664251,买盘
508,14:31:21,13.39,-0.01,13,17407,卖盘
509,14:31:18,13.4,--,1,1340,买盘
510,14:31:15,13.4,0.01,26,34840,买盘
511,14:31:12,13.39,-0.01,23,30797,卖盘
512,14:31:09,13.4,0.01,21,28140,买盘
513,14:31:06,13.39,--,9,12051,卖盘
514,14:31:03,13.39,-0.01,4,5356,卖盘
515,14:31:00,13.4,--,88,118308,卖盘
516,14:30:57,13.4,--,129,172860,卖盘
517,14:30:54,13.4,--,40,54551,买盘
518,14:30:51,13.4,--,194,259960,买盘
519,14:30:48,13.4,0.01,93,124620,买盘
520,14:30:45,13.39,--,3,4017,卖盘
521,14:30:42,13.39,-0.01,124,166036,卖盘
522,14:30:39,13.4,0.01,5,6700,买盘
523,14:30:36,13.39,-0.01,36,48204,卖盘
524,14:30:33,13.4,0.01,283,379220,买盘
525,14:30:30,13.39,--,7,9373,卖盘
526,14:30:27,13.39,-0.01,22,29458,卖盘
527,14:30:24,13.4,--,52,69680,买盘
528,14:30:21,13.4,--,38,50920,买盘
529,14:30:18,13.4,--,30,40200,买盘
530,14:30:15,13.4,--,11,14740,买盘
531,14:30:12,13.4,--,108,144720,买盘
532,14:30:09,13.4,-0.01,558,748108,卖盘
533,14:30:06,13.41,0.01,5,6705,买盘
534,14:30:03,13.4,-0.01,38,51871,卖盘
535,14:29:57,13.41,0.01,11,14751,买盘
536,14:29:54,13.4,--,426,570840,卖盘
537,14:29:51,13.4,-0.01,2,2680,卖盘
538,14:29:48,13.41,0.02,91,122031,买盘
539,14:29:45,13.39,-0.01,26,35831,卖盘
540,14:29:42,13.4,--,57,76380,买盘
541,14:29:39,13.4,0.01,9,12060,买盘
542,14:29:36,13.39,-0.01,63,84357,卖盘
543,14:29:33,13.4,--,4,5360,买盘
544,14:29:30,13.4,-0.01,20,26800,中性盘
545,14:29:27,13.41,0.01,34,45594,买盘
546,14:29:24,13.4,--,103,138341,卖盘
547,14:29:21,13.4,--,150,201000,卖盘
548,14:29:18,13.4,--,8,10720,卖盘
549,14:29:15,13.4,--,101,135340,买盘
550,14:29:12,13.4,--,34,45707,卖盘
551,14:29:09,13.4,-0.01,41,56132,卖盘
552,14:29:06,13.41,--,302,404982,买盘
553,14:29:00,13.41,--,36,48276,买盘
554,14:28:57,13.41,--,33,44253,买盘
555,14:28:54,13.41,0.01,8,10728,买盘
556,14:28:51,13.4,--,2,2680,卖盘
557,14:28:48,13.4,--,109,146060,卖盘
558,14:28:45,13.4,--,120,160800,卖盘
559,14:28:42,13.4,--,8,10720,卖盘
560,14:28:39,13.4,--,5,6700,卖盘
561,14:28:36,13.4,0.01,3,4020,中性盘
562,14:28:33,13.39,--,687,919893,卖盘
563,14:28:30,13.39,--,116,155324,卖盘
564,14:28:27,13.39,-0.01,40,53560,卖盘
565,14:28:24,13.4,0.01,24,32160,买盘
566,14:28:21,13.39,-0.01,361,483379,卖盘
567,14:28:18,13.4,--,147,196980,买盘
568,14:28:15,13.4,--,15,20100,买盘
569,14:28:12,13.4,0.01,365,489100,买盘
570,14:28:09,13.39,-0.01,140,187460,卖盘
571,14:28:06,13.4,--,60,80400,买盘
572,14:28:03,13.4,0.01,31,41540,买盘
573,14:28:00,13.39,-0.01,17,22763,卖盘
574,14:27:57,13.4,--,5,6700,中性盘
575,14:27:54,13.4,--,12,16080,卖盘
576,14:27:51,13.4,--,60,80400,卖盘
577,14:27:48,13.4,0.01,4,5360,中性盘
578,14:27:45,13.39,--,0,53,卖盘
579,14:27:42,13.39,-0.01,502,672244,卖盘
580,14:27:39,13.4,0.01,294,394750,买盘
581,14:27:33,13.39,-0.01,75,100973,卖盘
582,14:27:30,13.4,--,19,25460,卖盘
583,14:27:27,13.4,-0.01,70,93800,卖盘
584,14:27:24,13.41,0.01,128,171648,买盘
585,14:27:21,13.4,--,5,6700,卖盘
586,14:27:18,13.4,--,70,93800,卖盘
587,14:27:15,13.4,--,1,1340,卖盘
588,14:27:12,13.4,--,30,40990,买盘
589,14:27:09,13.4,0.01,50,67000,买盘
590,14:27:06,13.39,-0.01,45,60255,卖盘
591,14:27:03,13.4,0.01,80,107200,买盘
592,14:27:00,13.39,-0.01,15,20085,卖盘
593,14:26:57,13.4,--,71,95140,买盘
594,14:26:54,13.4,--,135,180900,买盘
595,14:26:51,13.4,--,4,5360,买盘
596,14:26:48,13.4,--,203,272020,买盘
597,14:26:45,13.4,-0.01,308,413269,卖盘
598,14:26:42,13.41,--,4,5364,买盘
599,14:26:39,13.41,0.01,24,32184,买盘
600,14:26:36,13.4,-0.02,400,536000,卖盘
601,14:26:33,13.42,0.02,32,42944,买盘
602,14:26:30,13.4,-0.01,70,93800,卖盘
603,14:26:27,13.41,0.01,72,96552,买盘
604,14:26:24,13.4,-0.01,70,93800,卖盘
605,14:26:21,13.41,--,82,109962,卖盘
606,14:26:18,13.41,--,8,10728,买盘
607,14:26:15,13.41,--,48,64368,买盘
608,14:26:12,13.41,-0.01,27,36207,买盘
609,14:26:09,13.42,-0.01,920,1234640,卖盘
610,14:26:06,13.43,0.01,71,95353,买盘
611,14:26:00,13.42,0.01,22,29524,买盘
612,14:25:57,13.41,--,2,2682,卖盘
613,14:25:54,13.41,--,119,159579,卖盘
614,14:25:51,13.41,--,27,36207,卖盘
615,14:25:48,13.41,0.01,31,41571,买盘
616,14:25:45,13.4,--,12,16080,卖盘
617,14:25:42,13.4,-0.01,90,120600,卖盘
618,14:25:39,13.41,--,18,24138,买盘
619,14:25:36,13.41,--,21,28161,买盘
620,14:25:30,13.41,0.01,1,1341,买盘
621,14:25:27,13.4,--,70,93800,卖盘
622,14:25:24,13.4,--,8,10720,卖盘
623,14:25:21,13.4,--,40,54390,买盘
624,14:25:18,13.4,--,33,44220,买盘
625,14:25:15,13.4,0.01,105,140700,买盘
626,14:25:12,13.39,--,78,104442,卖盘
627,14:25:09,13.39,--,101,135239,卖盘
628,14:25:06,13.39,-0.01,87,116493,卖盘
629,14:25:03,13.4,--,114,152760,买盘
630,14:25:00,13.4,--,20,26800,买盘
631,14:24:54,13.4,--,62,83080,买盘
632,14:24:51,13.4,--,2749,3684209,卖盘
633,14:24:48,13.4,-0.02,170,227800,卖盘
634,14:24:45,13.42,0.01,26,34892,买盘
635,14:24:42,13.41,-0.01,59,79119,中性盘
636,14:24:39,13.42,0.02,65,87230,买盘
637,14:24:36,13.4,--,1,1340,卖盘
638,14:24:33,13.4,-0.02,16,21440,卖盘
639,14:24:30,13.42,0.02,62,83204,买盘
640,14:24:27,13.4,--,60,80400,卖盘
641,14:24:24,13.4,-0.02,733,982220,卖盘
642,14:24:21,13.42,--,50,67100,买盘
643,14:24:18,13.42,0.01,2,2684,买盘
644,14:24:15,13.41,--,2,2682,卖盘
645,14:24:12,13.41,--,16,21456,卖盘
646,14:24:09,13.41,--,245,328545,卖盘
647,14:24:06,13.41,-0.02,107,143714,卖盘
648,14:24:03,13.43,--,29,40101,买盘
649,14:24:00,13.43,--,568,762824,买盘
650,14:23:57,13.43,--,54,72522,买盘
651,14:23:54,13.43,--,10,13430,买盘
652,14:23:51,13.43,-0.02,84,112812,卖盘
653,14:23:48,13.45,--,10,13450,卖盘
654,14:23:45,13.45,--,3,4035,卖盘
655,14:23:42,13.45,-0.02,7,9415,卖盘
656,14:23:39,13.47,--,6,8082,买盘
657,14:23:33,13.47,0.05,5,6735,买盘
658,14:23:30,13.42,-0.01,330,442860,卖盘
659,14:23:27,13.43,-0.04,23,30889,卖盘
660,14:23:24,13.47,0.01,20,26940,买盘
661,14:23:21,13.46,-0.02,10,13460,中性盘
662,14:23:18,13.48,0.02,4500,6066714,买盘
663,14:23:15,13.46,0.01,2,2692,中性盘
664,14:23:12,13.45,--,13,17485,卖盘
665,14:23:09,13.45,-0.03,371,498995,卖盘
666,14:23:06,13.48,--,49,66052,卖盘
667,14:23:03,13.48,0.02,351,473148,买盘
668,14:23:00,13.46,--,21,28266,买盘
669,14:22:54,13.46,--,28,37688,卖盘
670,14:22:51,13.46,-0.01,334,449564,卖盘
671,14:22:48,13.47,--,2,2694,卖盘
672,14:22:42,13.47,--,97,130659,卖盘
673,14:22:39,13.47,0.02,59,79473,买盘
674,14:22:36,13.45,--,12,16140,卖盘
675,14:22:33,13.45,--,36,48420,卖盘
676,14:22:30,13.45,-0.01,334,449230,卖盘
677,14:22:27,13.46,-0.01,26,34996,卖盘
678,14:22:24,13.47,0.01,20,26940,买盘
679,14:22:21,13.46,--,33,44418,卖盘
680,14:22:18,13.46,-0.01,11,14806,卖盘
681,14:22:15,13.47,0.01,1,1347,买盘
682,14:22:12,13.46,--,330,444180,卖盘
683,14:22:09,13.46,-0.01,5,6730,卖盘
684,14:22:06,13.47,--,2,2694,买盘
685,14:22:03,13.47,--,11,14817,买盘
686,14:22:00,13.47,--,1,1347,买盘
687,14:21:57,13.47,--,5,6735,买盘
688,14:21:54,13.47,--,10,13470,买盘
689,14:21:51,13.47,--,331,445857,买盘
690,14:21:48,13.47,--,52,70044,卖盘
691,14:21:42,13.47,-0.01,2,2694,卖盘
692,14:21:39,13.48,0.01,100,134800,买盘
693,14:21:36,13.47,--,21,28287,卖盘
694,14:21:33,13.47,0.01,40,53880,买盘
695,14:21:30,13.46,--,330,444180,卖盘
696,14:21:27,13.46,-0.02,24,32344,卖盘
697,14:21:24,13.48,--,20,26960,买盘
698,14:21:21,13.48,--,9,12132,买盘
699,14:21:15,13.48,0.01,31,41788,买盘
700,14:21:12,13.47,0.01,3,4041,中性盘
701,14:21:09,13.46,-0.01,352,473792,卖盘
702,14:21:06,13.47,--,48,64656,卖盘
703,14:21:03,13.47,--,6,8082,卖盘
704,14:21:00,13.47,0.01,21,28287,中性盘
705,14:20:51,13.46,-0.02,350,471100,卖盘
706,14:20:48,13.48,0.01,28,37744,买盘
707,14:20:45,13.47,-0.01,10,13470,买盘
708,14:20:42,13.48,--,1,1348,买盘
709,14:20:39,13.48,--,262,353176,买盘
710,14:20:33,13.48,0.02,3,4044,买盘
711,14:20:30,13.46,-0.01,339,456294,卖盘
712,14:20:27,13.47,--,24,32328,卖盘
713,14:20:24,13.47,-0.01,21,28287,卖盘
714,14:20:18,13.48,--,12,16176,买盘
715,14:20:15,13.48,0.01,16,21568,中性盘
716,14:20:09,13.47,-0.02,332,447204,卖盘
717,14:20:06,13.49,--,1,1349,买盘
718,14:20:03,13.49,--,18,24282,买盘
719,14:20:00,13.49,--,9,12141,买盘
720,14:19:57,13.49,0.01,24,32376,买盘
721,14:19:54,13.48,0.01,27,36396,中性盘
722,14:19:51,13.47,-0.02,329,443163,卖盘
723,14:19:48,13.49,--,126,169974,买盘
724,14:19:45,13.49,--,39,52611,卖盘
725,14:19:42,13.49,--,21,28329,卖盘
726,14:19:36,13.49,--,43,58007,买盘
727,14:19:33,13.49,0.02,48,64752,买盘
728,14:19:30,13.47,-0.01,329,443163,卖盘
729,14:19:27,13.48,-0.01,90,121454,卖盘
730,14:19:24,13.49,--,39,53865,买盘
731,14:19:21,13.49,--,15,20235,买盘
732,14:19:18,13.49,--,22,29678,买盘
733,14:19:15,13.49,--,110,148390,买盘
734,14:19:12,13.49,0.01,27,36423,买盘
735,14:19:09,13.48,--,201,270948,卖盘
736,14:19:06,13.48,-0.01,8,10784,卖盘
737,14:18:51,13.49,--,2,2698,买盘
738,14:18:48,13.49,--,40,53960,买盘
739,14:18:45,13.49,0.01,15,20235,买盘
740,14:18:39,13.48,--,106,142888,卖盘
741,14:18:36,13.48,-0.01,10,13480,卖盘
742,14:18:33,13.49,0.01,1,1349,买盘
743,14:18:30,13.48,--,100,134800,卖盘
744,14:18:27,13.48,--,46,62008,卖盘
745,14:18:24,13.48,0.01,271,365308,买盘
746,14:18:21,13.47,--,1,1347,卖盘
747,14:18:18,13.47,-0.01,21,28287,卖盘
748,14:18:15,13.48,0.01,7,9436,买盘
749,14:18:09,13.47,-0.01,95,127965,卖盘
750,14:18:06,13.48,--,251,338348,买盘
751,14:18:03,13.48,--,60,80880,买盘
752,14:18:00,13.48,--,25,33700,买盘
753,14:17:54,13.48,--,7,9436,买盘
754,14:17:51,13.48,--,157,211636,买盘
755,14:17:48,13.48,--,6,8088,买盘
756,14:17:45,13.48,--,30,40440,买盘
757,14:17:42,13.48,--,6,8088,买盘
758,14:17:39,13.48,--,10,13480,买盘
759,14:17:33,13.48,--,49,66052,买盘
760,14:17:27,13.48,--,28,37744,买盘
761,14:17:24,13.48,0.01,20,26960,买盘
762,14:17:21,13.47,--,10,13766,卖盘
763,14:17:18,13.47,--,1,1347,卖盘
764,14:17:15,13.47,-0.01,16,21552,卖盘
765,14:17:09,13.48,0.01,22,29656,买盘
766,14:17:06,13.47,-0.01,9,12123,卖盘
767,14:17:03,13.48,--,4,5392,卖盘
768,14:17:00,13.48,--,8,10784,卖盘
769,14:16:57,13.48,--,40,53920,买盘
770,14:16:54,13.48,--,8,10784,买盘
771,14:16:51,13.48,--,53,71444,卖盘
772,14:16:48,13.48,0.01,1,1348,中性盘
773,14:16:33,13.47,--,51,68697,卖盘
774,14:16:30,13.47,--,3,4041,卖盘
775,14:16:27,13.47,-0.01,102,137434,卖盘
776,14:16:24,13.48,0.01,4,5392,买盘
777,14:16:21,13.47,-0.01,50,67350,卖盘
778,14:16:18,13.48,0.01,87,117276,买盘
779,14:16:15,13.47,-0.01,5,6775,卖盘
780,14:16:09,13.48,--,235,316780,买盘
781,14:16:06,13.48,0.01,65,87620,买盘
782,14:16:03,13.47,--,11,14817,卖盘
783,14:16:00,13.47,-0.01,78,105066,卖盘
784,14:15:57,13.48,--,70,94360,买盘
785,14:15:54,13.48,0.01,20,26960,买盘
786,14:15:51,13.47,-0.01,31,41757,卖盘
787,14:15:48,13.48,--,20,26960,买盘
788,14:15:45,13.48,--,11,14828,买盘
789,14:15:42,13.48,--,3,4044,买盘
790,14:15:39,13.48,--,5,6740,买盘
791,14:15:36,13.48,-0.01,88,119931,卖盘
792,14:15:33,13.49,0.01,606,817494,买盘
793,14:15:27,13.48,--,57,76836,卖盘
794,14:15:24,13.48,--,13,17524,卖盘
795,14:15:15,13.48,--,5,6740,卖盘
796,14:15:12,13.48,--,8,11309,卖盘
797,14:15:06,13.48,--,34,46694,买盘
798,14:15:00,13.48,--,16,21568,买盘
799,14:14:57,13.48,--,60,82187,卖盘
800,14:14:54,13.48,-0.01,43,57964,卖盘
801,14:14:51,13.49,0.01,1,1349,买盘
802,14:14:48,13.48,--,10,13480,卖盘
803,14:14:45,13.48,--,0,53,卖盘
804,14:14:42,13.48,-0.01,14,19033,卖盘
805,14:14:33,13.49,0.01,1,2482,买盘
806,14:14:30,13.48,--,37,49876,卖盘
807,14:14:27,13.48,--,60,80880,卖盘
808,14:14:24,13.48,-0.01,2,2696,卖盘
809,14:14:21,13.49,--,15,20235,买盘
810,14:14:18,13.49,0.01,234,315666,买盘
811,14:14:15,13.48,--,107,144236,卖盘
812,14:14:12,13.48,-0.01,1,1348,卖盘
813,14:14:09,13.49,0.01,13,17537,买盘
814,14:14:06,13.48,-0.01,20,26960,卖盘
815,14:14:03,13.49,0.01,10,13490,买盘
816,14:14:00,13.48,--,10,13480,卖盘
817,14:13:57,13.48,-0.01,22,29656,卖盘
818,14:13:54,13.49,0.01,12,16188,买盘
819,14:13:51,13.48,--,40,53920,卖盘
820,14:13:48,13.48,-0.01,120,161760,卖盘
821,14:13:42,13.49,0.01,15,20235,买盘
822,14:13:39,13.48,-0.01,1,1388,卖盘
823,14:13:33,13.49,--,37,49913,买盘
824,14:13:30,13.49,0.01,12,16188,买盘
825,14:13:27,13.48,-0.01,168,226464,卖盘
826,14:13:24,13.49,--,86,116014,卖盘
827,14:13:18,13.49,-0.01,30,40470,卖盘
828,14:13:15,13.5,0.01,50,67500,买盘
829,14:13:12,13.49,--,50,67450,卖盘
830,14:13:09,13.49,-0.01,7,9443,卖盘
831,14:13:06,13.5,--,23,31050,买盘
832,14:13:03,13.5,--,133,179550,卖盘
833,14:13:00,13.5,--,60,81000,卖盘
834,14:12:51,13.5,--,10,13500,卖盘
835,14:12:45,13.5,0.01,43,58050,买盘
836,14:12:42,13.49,-0.01,50,67450,卖盘
837,14:12:39,13.5,0.01,104,140400,买盘
838,14:12:36,13.49,-0.01,81,109269,卖盘
839,14:12:33,13.5,0.01,35,47250,买盘
840,14:12:27,13.49,--,32,43168,卖盘
841,14:12:24,13.49,--,2,2698,买盘
842,14:12:21,13.49,--,78,105222,买盘
843,14:12:18,13.49,--,71,95779,买盘
844,14:12:12,13.49,--,78,105222,买盘
845,14:12:06,13.49,0.01,10,13490,买盘
846,14:12:00,13.48,0.01,3,4044,卖盘
847,14:11:39,13.47,--,1,1347,卖盘
848,14:11:36,13.47,--,133,179151,买盘
849,14:11:30,13.47,0.01,81,109107,中性盘
850,14:11:27,13.46,-0.06,36,48456,卖盘
851,14:11:21,13.52,0.04,800,1081600,买盘
852,14:11:18,13.48,0.01,8,10784,买盘
853,14:11:15,13.47,0.01,41,55227,卖盘
854,14:11:09,13.46,-0.01,151,203246,卖盘
855,14:11:06,13.47,--,9,12123,卖盘
856,14:11:03,13.47,--,78,105066,中性盘
857,14:11:00,13.47,--,45,60615,卖盘
858,14:10:57,13.47,0.01,5,6735,买盘
859,14:10:51,13.46,--,4,5384,卖盘
860,14:10:48,13.46,-0.03,20,26920,卖盘
861,14:10:45,13.49,0.03,10,13490,买盘
862,14:10:42,13.46,--,30,40380,卖盘
863,14:10:36,13.46,--,20,26920,卖盘
864,14:10:33,13.46,--,0,323,卖盘
865,14:10:27,13.46,-0.01,31,41726,卖盘
866,14:10:24,13.47,--,17,23922,买盘
867,14:10:21,13.47,--,15,20205,卖盘
868,14:10:18,13.47,-0.02,4,5388,卖盘
869,14:10:15,13.49,--,1,1349,买盘
870,14:10:12,13.49,--,72,98436,卖盘
871,14:10:09,13.49,--,25,33725,卖盘
872,14:10:06,13.49,--,47,63403,卖盘
873,14:10:03,13.49,--,2,2738,卖盘
874,14:10:00,13.49,0.03,47,63403,买盘
875,14:09:54,13.46,--,204,274584,卖盘
876,14:09:51,13.46,--,15,20190,卖盘
877,14:09:48,13.46,--,37,49802,卖盘
878,14:09:39,13.46,--,105,141330,卖盘
879,14:09:30,13.46,--,69,92874,卖盘
880,14:09:27,13.46,--,83,111718,卖盘
881,14:09:24,13.46,--,53,71338,卖盘
882,14:09:21,13.46,--,1027,1382342,卖盘
883,14:09:18,13.46,--,180,242280,卖盘
884,14:09:15,13.46,--,27,36342,卖盘
885,14:09:12,13.46,--,23,30998,买盘
886,14:09:09,13.46,--,39,52494,买盘
887,14:09:06,13.46,0.01,2,2692,买盘
888,14:09:03,13.45,-0.01,71,96799,卖盘
889,14:09:00,13.46,--,4,5424,卖盘
890,14:08:57,13.46,--,14,18844,卖盘
891,14:08:51,13.46,--,100,134600,卖盘
892,14:08:48,13.46,--,72,96912,卖盘
893,14:08:45,13.46,--,60,80760,买盘
894,14:08:42,13.46,--,110,148060,买盘
895,14:08:39,13.46,--,28,37688,买盘
896,14:08:36,13.46,--,24,32304,买盘
897,14:08:33,13.46,--,15,20190,买盘
898,14:08:30,13.46,0.01,23,30958,买盘
899,14:08:27,13.45,-0.01,41,55145,卖盘
900,14:08:24,13.46,--,41,55186,卖盘
901,14:08:21,13.46,--,50,67300,卖盘
902,14:08:18,13.46,--,45,60570,卖盘
903,14:08:15,13.46,--,20,26920,卖盘
904,14:08:12,13.46,0.01,43,57878,买盘
905,14:08:09,13.45,--,2,2690,卖盘
906,14:08:06,13.45,--,101,135845,卖盘
907,14:07:57,13.45,--,14,18830,卖盘
908,14:07:54,13.45,--,2,2690,卖盘
909,14:07:51,13.45,-0.01,8,10760,卖盘
910,14:07:48,13.46,0.01,439,590894,买盘
911,14:07:45,13.45,-0.01,38,51110,卖盘
912,14:07:42,13.46,0.01,60,80760,买盘
913,14:07:39,13.45,-0.01,2,2690,卖盘
914,14:07:30,13.46,0.01,5,6730,中性盘
915,14:07:27,13.45,--,326,438510,卖盘
916,14:07:24,13.45,-0.01,1,1345,卖盘
917,14:07:21,13.46,--,2,2692,买盘
918,14:07:18,13.46,--,22,29612,买盘
919,14:07:15,13.46,--,4,5384,买盘
920,14:07:12,13.46,-0.01,656,882976,卖盘
921,14:07:09,13.47,--,106,144088,卖盘
922,14:07:03,13.47,--,10,13470,卖盘
923,14:07:00,13.47,--,8,10816,买盘
924,14:06:57,13.47,0.01,2,2694,买盘
925,14:06:54,13.46,--,250,336500,卖盘
926,14:06:51,13.46,-0.01,2,2692,卖盘
927,14:06:48,13.47,--,29,39063,买盘
928,14:06:45,13.47,--,15,20205,买盘
929,14:06:39,13.47,--,10,13470,买盘
930,14:06:36,13.47,-0.01,346,467368,卖盘
931,14:06:33,13.48,-0.01,9,12132,卖盘
932,14:06:30,13.49,0.02,29,39121,买盘
933,14:06:27,13.47,-0.01,54,72738,卖盘
934,14:06:24,13.48,--,15,20220,卖盘
935,14:06:18,13.48,0.01,209,281732,买盘
936,14:06:15,13.47,-0.01,52,70044,卖盘
937,14:06:12,13.48,--,113,152324,买盘
938,14:06:09,13.48,0.01,2,2696,买盘
939,14:06:06,13.47,--,2,2694,卖盘
940,14:06:03,13.47,-0.01,11,14817,卖盘
941,14:06:00,13.48,--,10,13480,买盘
942,14:05:57,13.48,0.01,2,2696,买盘
943,14:05:51,13.47,--,10,13470,卖盘
944,14:05:45,13.47,-0.01,55,74085,卖盘
945,14:05:39,13.48,0.01,5,6740,买盘
946,14:05:36,13.47,-0.01,22,29634,卖盘
947,14:05:33,13.48,--,10,13480,买盘
948,14:05:30,13.48,0.01,14,18872,买盘
949,14:05:27,13.47,-0.02,82,110454,卖盘
950,14:05:24,13.49,0.02,50,67450,买盘
951,14:05:21,13.47,-0.01,3,4081,卖盘
952,14:05:18,13.48,--,26,35209,卖盘
953,14:05:15,13.48,--,11,16135,卖盘
954,14:05:12,13.48,--,110,148280,卖盘
955,14:05:09,13.48,-0.01,7,9436,卖盘
956,14:05:06,13.49,0.01,1,1349,买盘
957,14:05:03,13.48,--,10,13480,卖盘
958,14:04:57,13.48,--,51,68748,卖盘
959,14:04:54,13.48,--,6,8088,卖盘
960,14:04:51,13.48,--,2,2696,卖盘
961,14:04:48,13.48,--,1,1348,卖盘
962,14:04:42,13.48,--,2,2696,卖盘
963,14:04:39,13.48,--,71,96934,买盘
964,14:04:33,13.48,--,26,35169,卖盘
965,14:04:27,13.48,--,44,59312,卖盘
966,14:04:24,13.48,--,42,56616,卖盘
967,14:04:21,13.48,--,7,9436,卖盘
968,14:04:18,13.48,-0.01,1,1388,卖盘
969,14:04:15,13.49,0.01,81,109269,买盘
970,14:04:12,13.48,--,23,31004,卖盘
971,14:04:09,13.48,--,10,13480,卖盘
972,14:04:06,13.48,-0.01,12,16176,卖盘
973,14:04:03,13.49,0.01,2,2698,买盘
974,14:04:00,13.48,--,20,26960,卖盘
975,14:03:57,13.48,--,114,153672,卖盘
976,14:03:54,13.48,--,40,53920,卖盘
977,14:03:51,13.48,--,24,32352,卖盘
978,14:03:48,13.48,-0.01,58,78696,卖盘
979,14:03:45,13.49,--,4,5396,买盘
980,14:03:39,13.49,--,7,9443,买盘
981,14:03:36,13.49,--,26,35074,买盘
982,14:03:33,13.49,-0.01,117,158345,卖盘
983,14:03:30,13.5,--,17,23787,买盘
984,14:03:27,13.5,--,138,186300,买盘
985,14:03:24,13.5,--,54,72900,买盘
986,14:03:21,13.5,0.01,112,151200,买盘
987,14:03:18,13.49,-0.01,17,22933,卖盘
988,14:03:15,13.5,--,15,20250,买盘
989,14:03:12,13.5,-0.02,5261,7102984,卖盘
990,14:03:09,13.52,0.01,19,25688,买盘
991,14:03:03,13.51,--,96,129696,买盘
992,14:02:57,13.51,--,10,13510,卖盘
993,14:02:54,13.51,--,23,31073,买盘
994,14:02:51,13.51,--,46,62146,卖盘
995,14:02:48,13.51,--,12,16212,买盘
996,14:02:45,13.51,--,12,17454,卖盘
997,14:02:42,13.51,0.01,46,62146,买盘
998,14:02:39,13.5,--,13,17550,卖盘
999,14:02:36,13.5,--,13,17550,卖盘
1000,14:02:30,13.5,--,29,39352,卖盘
1001,14:02:27,13.5,-0.01,40,54000,卖盘
1002,14:02:24,13.51,--,17,22967,买盘
1003,14:02:21,13.51,--,28,37828,卖盘
1004,14:02:18,13.51,--,20,27020,卖盘
1005,14:02:15,13.51,--,47,63497,卖盘
1006,14:02:12,13.51,0.01,36,49257,中性盘
1007,14:02:09,13.5,-0.01,1,1350,卖盘
1008,14:02:06,13.51,--,31,41881,卖盘
1009,14:02:03,13.51,--,66,89166,买盘
1010,14:02:00,13.51,0.01,10,13510,买盘
1011,14:01:57,13.5,--,14,19777,卖盘
1012,14:01:54,13.5,--,733,989550,卖盘
1013,14:01:51,13.5,-0.01,10,13500,卖盘
1014,14:01:48,13.51,--,3,4053,买盘
1015,14:01:45,13.51,0.02,93,126845,买盘
1016,14:01:42,13.49,-0.01,0,418,卖盘
1017,14:01:39,13.5,--,37,49950,买盘
1018,14:01:36,13.5,--,22,29700,买盘
1019,14:01:33,13.5,--,20,27000,买盘
1020,14:01:30,13.5,--,54,72900,买盘
1021,14:01:27,13.5,-0.01,567,765868,卖盘
1022,14:01:24,13.51,-0.01,65,87815,卖盘
1023,14:01:21,13.52,0.01,53,72318,买盘
1024,14:01:18,13.51,--,37,49987,卖盘
1025,14:01:15,13.51,-0.01,93,125643,卖盘
1026,14:01:12,13.52,0.01,32,43345,买盘
1027,14:01:09,13.51,-0.01,16,21616,卖盘
1028,14:01:06,13.52,0.01,13,18792,买盘
1029,14:01:03,13.51,--,32,43232,卖盘
1030,14:01:00,13.51,--,25,33775,卖盘
1031,14:00:57,13.51,--,15,20265,卖盘
1032,14:00:54,13.51,-0.01,17,22967,卖盘
1033,14:00:51,13.52,--,23,31096,买盘
1034,14:00:48,13.52,0.02,32,43264,买盘
1035,14:00:45,13.5,-0.01,105,141750,卖盘
1036,14:00:42,13.51,--,63,85113,卖盘
1037,14:00:39,13.51,-0.01,77,104027,买盘
1038,14:00:36,13.52,0.01,87,117705,买盘
1039,14:00:33,13.51,--,105,141855,卖盘
1040,14:00:30,13.51,--,1,1351,卖盘
1041,14:00:27,13.51,--,153,206703,卖盘
1042,14:00:21,13.51,--,20,27020,卖盘
1043,14:00:18,13.51,-0.01,32,43232,卖盘
1044,14:00:15,13.52,--,2,2704,买盘
1045,14:00:12,13.52,--,12,16224,买盘
1046,14:00:09,13.52,--,19,25688,买盘
1047,14:00:06,13.52,0.01,35,47320,买盘
1048,14:00:03,13.51,-0.01,2,2702,卖盘
1049,14:00:00,13.52,0.01,145,196040,买盘
1050,13:59:57,13.51,-0.01,508,686308,卖盘
1051,13:59:54,13.52,--,22,29744,买盘
1052,13:59:51,13.52,--,135,182520,买盘
1053,13:59:48,13.52,0.01,332,448864,买盘
1054,13:59:45,13.51,-0.01,31,41881,卖盘
1055,13:59:42,13.52,0.01,100,135619,买盘
1056,13:59:39,13.51,--,44,59444,卖盘
1057,13:59:36,13.51,--,1,1351,卖盘
1058,13:59:30,13.51,0.01,6,8106,买盘
1059,13:59:27,13.5,-0.01,92,124200,卖盘
1060,13:59:24,13.51,--,1,1351,买盘
1061,13:59:21,13.51,0.01,19,26425,买盘
1062,13:59:18,13.5,--,86,116100,卖盘
1063,13:59:15,13.5,-0.01,23,31050,卖盘
1064,13:59:12,13.51,0.01,200,270200,买盘
1065,13:59:06,13.5,--,82,110700,卖盘
1066,13:59:03,13.5,--,29,39150,卖盘
1067,13:59:00,13.5,--,21,28768,买盘
1068,13:58:54,13.5,--,5,6750,买盘
1069,13:58:51,13.5,--,160,216000,卖盘
1070,13:58:48,13.5,--,89,120150,卖盘
1071,13:58:42,13.5,-0.01,11,14850,卖盘
1072,13:58:39,13.51,0.01,11,14861,买盘
1073,13:58:36,13.5,0.01,8,10800,卖盘
1074,13:58:33,13.49,-0.01,246,332231,卖盘
1075,13:58:30,13.5,--,4,5400,卖盘
1076,13:58:27,13.5,--,215,291276,买盘
1077,13:58:24,13.5,0.01,129,174150,买盘
1078,13:58:18,13.49,--,82,110618,卖盘
1079,13:58:15,13.49,-0.01,147,198303,卖盘
1080,13:58:12,13.5,--,28,37800,买盘
1081,13:58:09,13.5,0.01,2,2700,买盘
1082,13:58:06,13.49,--,39,52611,买盘
1083,13:58:03,13.49,--,89,120465,买盘
1084,13:58:00,13.49,0.01,164,221236,买盘
1085,13:57:57,13.48,-0.01,95,128060,卖盘
1086,13:57:54,13.49,-0.01,597,805353,买盘
1087,13:57:51,13.5,0.02,13,17550,买盘
1088,13:57:48,13.48,-0.02,176,237248,卖盘
1089,13:57:45,13.5,0.03,84,113400,买盘
1090,13:57:42,13.47,-0.01,90,121230,卖盘
1091,13:57:39,13.48,--,62,83576,买盘
1092,13:57:36,13.48,--,3,4044,买盘
1093,13:57:27,13.48,-0.02,38,51224,卖盘
1094,13:57:24,13.5,-0.02,2400,3240324,卖盘
1095,13:57:21,13.52,--,139,187928,卖盘
1096,13:57:18,13.52,-0.01,83,112216,卖盘
1097,13:57:15,13.53,--,2,2706,买盘
1098,13:57:12,13.53,--,24,32472,买盘
1099,13:57:09,13.53,--,154,208362,买盘
1100,13:57:06,13.53,-0.01,380,514140,卖盘
1101,13:57:03,13.54,-0.01,79,106966,卖盘
1102,13:56:57,13.55,--,109,147695,卖盘
1103,13:56:54,13.55,-0.01,157,212735,卖盘
1104,13:56:51,13.56,--,113,153228,买盘
1105,13:56:48,13.56,--,66,89496,买盘
1106,13:56:45,13.56,--,250,339000,卖盘
1107,13:56:42,13.56,--,196,265776,买盘
1108,13:56:39,13.56,--,125,169500,卖盘
1109,13:56:36,13.56,-0.01,196,265776,卖盘
1110,13:56:33,13.57,--,219,297183,买盘
1111,13:56:30,13.57,-0.01,274,371818,卖盘
1112,13:56:27,13.58,0.01,427,579866,买盘
1113,13:56:24,13.57,-0.01,33,44781,卖盘
1114,13:56:21,13.58,0.01,103,139874,买盘
1115,13:56:18,13.57,--,231,313467,买盘
1116,13:56:15,13.57,--,20,27140,买盘
1117,13:56:12,13.57,-0.01,39,52923,中性盘
1118,13:56:09,13.58,0.01,1057,1435406,买盘
1119,13:56:06,13.57,0.01,24,32568,买盘
1120,13:56:03,13.56,0.02,699,947844,买盘
1121,13:56:00,13.54,--,17,23018,卖盘
1122,13:55:57,13.54,0.02,671,908534,买盘
1123,13:55:51,13.52,0.02,2240,3028480,买盘
1124,13:55:48,13.5,--,185,249750,卖盘
1125,13:55:45,13.5,0.02,3405,4597776,买盘
1126,13:55:42,13.48,--,10,13480,买盘
1127,13:55:39,13.48,--,79,106492,买盘
1128,13:55:36,13.48,0.01,56,75488,买盘
1129,13:55:33,13.47,-0.01,30,40410,卖盘
1130,13:55:27,13.48,0.01,33,44484,买盘
1131,13:55:24,13.47,--,19,25593,卖盘
1132,13:55:21,13.47,--,31,41757,卖盘
1133,13:55:18,13.47,-0.01,183,246501,卖盘
1134,13:55:15,13.48,--,3,4044,买盘
1135,13:55:12,13.48,0.01,26,35048,买盘
1136,13:55:09,13.47,-0.01,180,243268,卖盘
1137,13:55:06,13.48,--,50,67400,买盘
1138,13:55:03,13.48,--,13,17524,买盘
1139,13:55:00,13.48,--,10,13480,买盘
1140,13:54:57,13.48,0.01,24,32352,买盘
1141,13:54:51,13.47,-0.01,4,5388,卖盘
1142,13:54:48,13.48,--,51,68748,买盘
1143,13:54:45,13.48,0.01,26,35048,买盘
1144,13:54:42,13.47,--,91,122577,卖盘
1145,13:54:39,13.47,-0.01,20,26940,卖盘
1146,13:54:36,13.48,0.01,30,40440,买盘
1147,13:54:33,13.47,0.01,1,1347,卖盘
1148,13:54:30,13.46,-0.01,301,405146,卖盘
1149,13:54:27,13.47,-0.01,49,66003,买盘
1150,13:54:24,13.48,0.01,852,1148496,买盘
1151,13:54:21,13.47,0.01,458,616926,买盘
1152,13:54:18,13.46,-0.01,86,115756,卖盘
1153,13:54:15,13.47,0.01,100,134700,买盘
1154,13:54:12,13.46,-0.01,2,2692,卖盘
1155,13:54:06,13.47,0.01,20,26940,买盘
1156,13:54:03,13.46,-0.01,65,87490,卖盘
1157,13:54:00,13.47,--,30,40410,卖盘
1158,13:53:57,13.47,--,66,88902,卖盘
1159,13:53:54,13.47,--,107,144129,买盘
1160,13:53:51,13.47,--,50,67350,买盘
1161,13:53:48,13.47,--,5,6735,买盘
1162,13:53:45,13.47,--,10,13470,买盘
1163,13:53:39,13.47,--,30,40410,买盘
1164,13:53:33,13.47,0.01,130,175110,买盘
1165,13:53:27,13.46,-0.01,30,40380,卖盘
1166,13:53:24,13.47,--,26,35022,买盘
1167,13:53:21,13.47,0.01,73,98331,买盘
1168,13:53:18,13.46,--,84,113064,卖盘
1169,13:53:12,13.46,-0.01,191,257086,卖盘
1170,13:53:09,13.47,0.01,334,449898,买盘
1171,13:53:03,13.46,--,8,10768,卖盘
1172,13:53:00,13.46,-0.01,41,55186,买盘
1173,13:52:57,13.47,0.01,34,45798,买盘
1174,13:52:54,13.46,-0.01,5,6730,中性盘
1175,13:52:51,13.47,0.01,29,39063,买盘
1176,13:52:48,13.46,-0.01,62,83452,卖盘
1177,13:52:45,13.47,--,34,45798,买盘
1178,13:52:42,13.47,--,11,14817,买盘
1179,13:52:39,13.47,--,28,37716,买盘
1180,13:52:36,13.47,0.01,58,78126,买盘
1181,13:52:33,13.46,-0.01,23,30958,卖盘
1182,13:52:30,13.47,0.01,3,4041,买盘
1183,13:52:27,13.46,-0.01,51,68646,卖盘
1184,13:52:24,13.47,--,230,309810,买盘
1185,13:52:21,13.47,--,40,53880,买盘
1186,13:52:18,13.47,--,13,17511,卖盘
1187,13:52:12,13.47,-0.01,45,60615,卖盘
1188,13:52:09,13.48,0.02,263,354524,买盘
1189,13:52:06,13.46,-0.01,12,16152,卖盘
1190,13:52:03,13.47,0.01,9,12123,买盘
1191,13:52:00,13.46,-0.01,28,37688,卖盘
1192,13:51:57,13.47,--,30,40410,卖盘
1193,13:51:54,13.47,--,44,59268,买盘
1194,13:51:51,13.47,--,13,17511,买盘
1195,13:51:48,13.47,--,59,79473,卖盘
1196,13:51:45,13.47,--,5,6735,卖盘
1197,13:51:42,13.47,--,15,20205,卖盘
1198,13:51:39,13.47,--,43,57921,买盘
1199,13:51:36,13.47,--,31,41757,买盘
1200,13:51:33,13.47,0.02,18,24246,买盘
1201,13:51:30,13.45,--,6,8070,卖盘
1202,13:51:27,13.45,-0.02,58,78010,卖盘
1203,13:51:24,13.47,0.02,36,48492,买盘
1204,13:51:21,13.45,-0.01,20,26900,卖盘
1205,13:51:18,13.46,--,187,251702,卖盘
1206,13:51:15,13.46,--,10,13460,卖盘
1207,13:51:12,13.46,-0.01,20,26920,卖盘
1208,13:51:09,13.47,0.02,291,391977,买盘
1209,13:51:06,13.45,-0.01,15,20175,卖盘
1210,13:51:03,13.46,--,508,683768,买盘
1211,13:51:00,13.46,--,144,193824,卖盘
1212,13:50:57,13.46,-0.01,6,8076,卖盘
1213,13:50:54,13.47,0.01,30,40410,买盘
1214,13:50:51,13.46,--,30,40380,卖盘
1215,13:50:48,13.46,--,143,192478,卖盘
1216,13:50:45,13.46,--,6,8076,卖盘
1217,13:50:42,13.46,-0.01,80,107680,卖盘
1218,13:50:39,13.47,--,6,8082,买盘
1219,13:50:36,13.47,--,5,6735,买盘
1220,13:50:33,13.47,--,29,39063,买盘
1221,13:50:30,13.47,0.01,42,56574,买盘
1222,13:50:27,13.46,-0.01,39,52494,卖盘
1223,13:50:24,13.47,--,53,71391,买盘
1224,13:50:21,13.47,0.01,21,28287,买盘
1225,13:50:18,13.46,-0.01,92,123832,卖盘
1226,13:50:15,13.47,--,8,10776,买盘
1227,13:50:12,13.47,--,46,61962,买盘
1228,13:50:09,13.47,0.02,22,29634,买盘
1229,13:50:06,13.45,--,17,22865,卖盘
1230,13:50:03,13.45,--,5,6725,卖盘
1231,13:50:00,13.45,-0.01,14,18830,卖盘
1232,13:49:57,13.46,--,25,33650,买盘
1233,13:49:54,13.46,0.01,23,30958,买盘
1234,13:49:51,13.45,-0.01,16,21520,卖盘
1235,13:49:48,13.46,0.01,37,49802,中性盘
1236,13:49:45,13.45,-0.01,56,75320,卖盘
1237,13:49:42,13.46,-0.01,10,13460,中性盘
1238,13:49:39,13.47,0.02,300,404100,买盘
1239,13:49:36,13.45,--,6,8070,卖盘
1240,13:49:33,13.45,0.01,11,14795,中性盘
1241,13:49:27,13.44,-0.01,90,120960,卖盘
1242,13:49:24,13.45,--,27,36315,买盘
1243,13:49:21,13.45,--,17,22865,买盘
1244,13:49:18,13.45,--,108,145260,买盘
1245,13:49:15,13.45,-0.01,2,2690,中性盘
1246,13:49:12,13.46,0.01,166,223436,买盘
1247,13:49:09,13.45,--,35,47075,买盘
1248,13:49:03,13.45,0.01,115,154675,买盘
1249,13:49:00,13.44,-0.01,15,20160,卖盘
1250,13:48:57,13.45,--,37,49765,买盘
1251,13:48:54,13.45,0.01,10,13450,买盘
1252,13:48:48,13.44,0.01,14,18816,买盘
1253,13:48:45,13.43,-0.01,90,120870,卖盘
1254,13:48:42,13.44,0.01,49,65856,买盘
1255,13:48:39,13.43,--,7,9401,卖盘
1256,13:48:33,13.43,--,92,123556,卖盘
1257,13:48:30,13.43,0.01,342,459306,买盘
1258,13:48:27,13.42,--,524,703208,买盘
1259,13:48:24,13.42,0.01,462,620004,买盘
1260,13:48:21,13.41,-0.01,20,26820,卖盘
1261,13:48:18,13.42,--,10,13420,买盘
1262,13:48:15,13.42,--,106,142252,买盘
1263,13:48:12,13.42,--,8,10736,买盘
1264,13:48:09,13.42,--,49,65758,买盘
1265,13:48:06,13.42,--,145,194590,买盘
1266,13:48:03,13.42,0.01,25,33550,买盘
1267,13:48:00,13.41,-0.01,15,20115,卖盘
1268,13:47:57,13.42,0.01,74,99308,买盘
1269,13:47:54,13.41,--,105,140805,卖盘
1270,13:47:51,13.41,--,136,182376,卖盘
1271,13:47:45,13.41,--,5,6705,卖盘
1272,13:47:42,13.41,--,15,20115,卖盘
1273,13:47:39,13.41,0.01,17,22797,买盘
1274,13:47:36,13.4,--,10,13400,卖盘
1275,13:47:33,13.4,--,15,20100,卖盘
1276,13:47:27,13.4,--,96,128640,卖盘
1277,13:47:24,13.4,-0.01,41,54940,卖盘
1278,13:47:21,13.41,--,25,33525,买盘
1279,13:47:18,13.41,0.01,34,45594,买盘
1280,13:47:15,13.4,--,92,123280,卖盘
1281,13:47:12,13.4,--,821,1100140,卖盘
1282,13:47:09,13.4,-0.01,3,4020,卖盘
1283,13:47:06,13.41,0.01,4,5364,买盘
1284,13:47:03,13.4,--,5,6700,卖盘
1285,13:47:00,13.4,--,44,58960,卖盘
1286,13:46:57,13.4,-0.01,17,22780,卖盘
1287,13:46:54,13.41,--,135,181035,买盘
1288,13:46:51,13.41,0.01,15,20115,买盘
1289,13:46:48,13.4,--,1,1340,卖盘
1290,13:46:45,13.4,--,6,8040,卖盘
1291,13:46:39,13.4,-0.01,70,93800,卖盘
1292,13:46:36,13.41,--,69,92529,买盘
1293,13:46:33,13.41,--,337,451917,卖盘
1294,13:46:27,13.41,-0.01,48,64368,卖盘
1295,13:46:21,13.42,0.01,3,4026,买盘
1296,13:46:18,13.41,--,5,6705,卖盘
1297,13:46:15,13.41,--,29,38889,卖盘
1298,13:46:12,13.41,--,21,28161,卖盘
1299,13:46:09,13.41,0.01,44,59004,买盘
1300,13:46:06,13.4,-0.01,306,410040,卖盘
1301,13:46:03,13.41,--,3,4023,买盘
1302,13:45:57,13.41,0.01,44,59004,买盘
1303,13:45:54,13.4,--,209,280060,卖盘
1304,13:45:51,13.4,--,7,9380,卖盘
1305,13:45:45,13.4,--,5,6700,卖盘
1306,13:45:39,13.4,--,18,24120,卖盘
1307,13:45:36,13.4,--,150,201000,卖盘
1308,13:45:33,13.4,--,30,40200,卖盘
1309,13:45:30,13.4,0.01,130,174200,买盘
1310,13:45:27,13.39,-0.01,62,83018,卖盘
1311,13:45:24,13.4,--,60,80400,买盘
1312,13:45:21,13.4,--,3,4020,买盘
1313,13:45:18,13.4,0.01,12,16080,买盘
1314,13:45:15,13.39,--,8,10712,卖盘
1315,13:45:12,13.39,--,6,8034,卖盘
1316,13:45:09,13.39,--,7,9373,卖盘
1317,13:45:06,13.39,--,44,58916,卖盘
1318,13:45:03,13.39,-0.01,28,37492,卖盘
1319,13:45:00,13.4,0.01,80,107200,买盘
1320,13:44:57,13.39,--,20,26780,卖盘
1321,13:44:54,13.39,-0.01,95,127205,卖盘
1322,13:44:51,13.4,0.01,1,1340,买盘
1323,13:44:48,13.39,-0.01,11,14729,卖盘
1324,13:44:42,13.4,0.01,15,20100,买盘
1325,13:44:36,13.39,--,1,1339,卖盘
1326,13:44:33,13.39,--,36,48204,卖盘
1327,13:44:30,13.39,--,47,62933,卖盘
1328,13:44:27,13.39,-0.01,40,53560,卖盘
1329,13:44:24,13.4,0.01,78,104520,买盘
1330,13:44:21,13.39,--,50,66950,卖盘
1331,13:44:18,13.39,-0.01,11,14729,卖盘
1332,13:44:15,13.4,--,10,13400,买盘
1333,13:44:12,13.4,0.01,70,93800,买盘
1334,13:44:09,13.39,--,5,6695,卖盘
1335,13:44:06,13.39,0.01,25,33475,卖盘
1336,13:44:00,13.38,-0.02,45,60210,卖盘
1337,13:43:57,13.4,--,295,395300,买盘
1338,13:43:54,13.4,--,17,22780,买盘
1339,13:43:51,13.4,0.01,5,6700,买盘
1340,13:43:48,13.39,--,50,66950,卖盘
1341,13:43:45,13.39,--,2,2678,卖盘
1342,13:43:42,13.39,--,44,58916,卖盘
1343,13:43:39,13.39,--,3,4017,卖盘
1344,13:43:30,13.39,-0.01,188,251732,卖盘
1345,13:43:27,13.4,0.01,66,88440,买盘
1346,13:43:24,13.39,--,1,1339,卖盘
1347,13:43:21,13.39,-0.01,57,76323,卖盘
1348,13:43:15,13.4,0.01,94,125960,买盘
1349,13:43:12,13.39,--,47,62933,卖盘
1350,13:43:06,13.39,--,4,5356,卖盘
1351,13:43:03,13.39,--,10,13390,卖盘
1352,13:43:00,13.39,--,32,42848,卖盘
1353,13:42:57,13.39,--,98,131222,卖盘
1354,13:42:51,13.39,-0.01,192,257088,卖盘
1355,13:42:45,13.4,0.01,125,167500,买盘
1356,13:42:42,13.39,--,4,5356,卖盘
1357,13:42:39,13.39,--,416,557024,卖盘
1358,13:42:33,13.39,-0.01,111,148629,卖盘
1359,13:42:30,13.4,--,50,67000,买盘
1360,13:42:27,13.4,--,56,75040,买盘
1361,13:42:24,13.4,0.01,115,154100,买盘
1362,13:42:21,13.39,--,182,243698,卖盘
1363,13:42:18,13.39,--,208,278512,卖盘
1364,13:42:15,13.39,-0.01,98,131222,卖盘
1365,13:42:12,13.4,--,87,116580,买盘
1366,13:42:09,13.4,0.01,10,13400,买盘
1367,13:42:06,13.39,-0.01,42,56238,卖盘
1368,13:42:03,13.4,--,52,69680,买盘
1369,13:42:00,13.4,--,13,17420,买盘
1370,13:41:57,13.4,--,27,36180,买盘
1371,13:41:48,13.4,--,108,144720,买盘
1372,13:41:45,13.4,-0.01,311,416740,卖盘
1373,13:41:39,13.41,0.01,7,9387,买盘
1374,13:41:36,13.4,--,23,30820,卖盘
1375,13:41:33,13.4,--,41,54940,卖盘
1376,13:41:30,13.4,--,14,18760,卖盘
1377,13:41:27,13.4,--,42,56280,卖盘
1378,13:41:21,13.4,-0.01,50,67000,卖盘
1379,13:41:18,13.41,0.01,43,57663,买盘
1380,13:41:15,13.4,-0.01,583,781220,卖盘
1381,13:41:09,13.41,--,43,57663,买盘
1382,13:41:06,13.41,--,96,128736,卖盘
1383,13:41:03,13.41,0.01,160,214560,买盘
1384,13:40:57,13.4,-0.01,28,37520,卖盘
1385,13:40:51,13.41,--,35,46935,买盘
1386,13:40:48,13.41,--,120,160920,买盘
1387,13:40:45,13.41,0.01,99,132759,买盘
1388,13:40:42,13.4,-0.01,27,36180,卖盘
1389,13:40:39,13.41,0.01,50,67050,买盘
1390,13:40:36,13.4,--,110,147400,卖盘
1391,13:40:33,13.4,--,29,38860,卖盘
1392,13:40:30,13.4,-0.01,73,97820,卖盘
1393,13:40:27,13.41,--,59,79119,买盘
1394,13:40:24,13.41,--,53,71073,买盘
1395,13:40:21,13.41,--,16,21456,买盘
1396,13:40:18,13.41,--,10,13410,买盘
1397,13:40:15,13.41,0.01,17,22797,买盘
1398,13:40:12,13.4,-0.01,98,131320,卖盘
1399,13:40:09,13.41,0.01,2,2682,买盘
1400,13:40:06,13.4,-0.01,186,249240,卖盘
1401,13:40:03,13.41,--,57,76437,买盘
1402,13:40:00,13.41,--,10,13410,买盘
1403,13:39:57,13.41,-0.01,52,69732,卖盘
1404,13:39:54,13.42,0.01,17,22814,买盘
1405,13:39:51,13.41,-0.01,216,289656,卖盘
1406,13:39:48,13.42,--,40,53680,买盘
1407,13:39:45,13.42,0.01,288,386496,买盘
1408,13:39:42,13.41,-0.01,93,124713,卖盘
1409,13:39:39,13.42,--,83,111386,买盘
1410,13:39:36,13.42,0.01,18,24156,买盘
1411,13:39:33,13.41,-0.01,15,20115,卖盘
1412,13:39:30,13.42,0.01,33,44286,买盘
1413,13:39:27,13.41,-0.01,121,162261,卖盘
1414,13:39:24,13.42,0.01,8,10736,买盘
1415,13:39:21,13.41,-0.01,8,10728,卖盘
1416,13:39:18,13.42,--,10,13420,买盘
1417,13:39:15,13.42,0.01,22,29524,买盘
1418,13:39:12,13.41,--,109,146169,卖盘
1419,13:39:09,13.41,-0.01,8,10728,卖盘
1420,13:39:06,13.42,0.01,39,52338,买盘
1421,13:39:03,13.41,-0.01,16,21456,卖盘
1422,13:39:00,13.42,0.01,10,13420,买盘
1423,13:38:57,13.41,-0.01,7,9387,卖盘
1424,13:38:54,13.42,0.01,4,5368,买盘
1425,13:38:51,13.41,-0.01,1,1341,卖盘
1426,13:38:48,13.42,0.01,20,26840,买盘
1427,13:38:45,13.41,--,22,29502,卖盘
1428,13:38:42,13.41,--,83,111303,卖盘
1429,13:38:36,13.41,-0.01,35,46935,卖盘
1430,13:38:33,13.42,0.01,229,307318,买盘
1431,13:38:27,13.41,-0.01,146,195786,卖盘
1432,13:38:24,13.42,0.01,110,147620,买盘
1433,13:38:21,13.41,--,78,104598,卖盘
1434,13:38:18,13.41,--,3,4023,卖盘
1435,13:38:15,13.41,--,13,17433,卖盘
1436,13:38:12,13.41,--,3,4023,卖盘
1437,13:38:09,13.41,-0.01,1,1341,卖盘
1438,13:38:06,13.42,--,17,22814,买盘
1439,13:38:03,13.42,0.01,30,40260,买盘
1440,13:38:00,13.41,--,3,4023,卖盘
1441,13:37:57,13.41,--,1,1341,卖盘
1442,13:37:54,13.41,--,14,18774,卖盘
1443,13:37:51,13.41,--,19,25479,卖盘
1444,13:37:48,13.41,--,60,80460,卖盘
1445,13:37:45,13.41,--,14,18774,卖盘
1446,13:37:42,13.41,--,10,13410,卖盘
1447,13:37:33,13.41,--,14,18774,卖盘
1448,13:37:30,13.41,--,20,26820,卖盘
1449,13:37:27,13.41,--,35,46935,卖盘
1450,13:37:24,13.41,--,1,1341,卖盘
1451,13:37:21,13.41,0.01,15,20115,买盘
1452,13:37:15,13.4,-0.01,32,42880,卖盘
1453,13:37:12,13.41,--,13,17433,买盘
1454,13:37:09,13.41,0.01,6,8046,买盘
1455,13:37:06,13.4,-0.01,2,2680,卖盘
1456,13:37:03,13.41,--,50,67050,买盘
1457,13:37:00,13.41,--,88,118008,买盘
1458,13:36:57,13.41,0.01,39,52299,买盘
1459,13:36:54,13.4,-0.01,7,9380,卖盘
1460,13:36:51,13.41,--,50,67050,买盘
1461,13:36:48,13.41,--,3,4023,买盘
1462,13:36:45,13.41,--,50,67050,卖盘
1463,13:36:42,13.41,--,2,2682,卖盘
1464,13:36:39,13.41,--,15,20115,卖盘
1465,13:36:36,13.41,0.01,43,57663,中性盘
1466,13:36:33,13.4,-0.01,89,119260,卖盘
1467,13:36:30,13.41,0.01,544,729504,买盘
1468,13:36:27,13.4,--,75,100500,卖盘
1469,13:36:24,13.4,--,117,156780,买盘
1470,13:36:21,13.4,0.01,100,134000,买盘
1471,13:36:15,13.39,-0.01,100,133900,卖盘
1472,13:36:12,13.4,--,3,4020,卖盘
1473,13:36:09,13.4,--,49,65660,卖盘
1474,13:36:06,13.4,--,59,79060,买盘
1475,13:36:03,13.4,--,21,28140,买盘
1476,13:36:00,13.4,--,24,32160,买盘
1477,13:35:57,13.4,--,1,1340,买盘
1478,13:35:54,13.4,--,100,134000,卖盘
1479,13:35:51,13.4,-0.01,56,75040,卖盘
1480,13:35:48,13.41,0.01,31,41571,买盘
1481,13:35:45,13.4,--,22,29480,买盘
1482,13:35:42,13.4,--,84,112560,卖盘
1483,13:35:39,13.4,--,26,34840,卖盘
1484,13:35:36,13.4,-0.01,30,40200,卖盘
1485,13:35:33,13.41,0.01,26,34866,买盘
1486,13:35:30,13.4,--,20,26800,卖盘
1487,13:35:27,13.4,-0.01,34,45560,卖盘
1488,13:35:21,13.41,0.01,35,46935,买盘
1489,13:35:18,13.4,--,2,2680,买盘
1490,13:35:15,13.4,--,20,26800,买盘
1491,13:35:12,13.4,--,30,40200,买盘
1492,13:35:09,13.4,--,115,154100,买盘
1493,13:35:06,13.4,-0.01,344,460960,卖盘
1494,13:35:03,13.41,--,10,13410,买盘
1495,13:34:57,13.41,--,20,26820,买盘
1496,13:34:54,13.41,--,178,238698,卖盘
1497,13:34:45,13.41,--,35,46935,卖盘
1498,13:34:42,13.41,--,8,10728,卖盘
1499,13:34:39,13.41,--,13,17433,卖盘
1500,13:34:36,13.41,--,43,57663,买盘
1501,13:34:33,13.41,--,15,20115,卖盘
1502,13:34:30,13.41,0.01,52,69732,买盘
1503,13:34:27,13.4,-0.01,58,77720,卖盘
1504,13:34:24,13.41,--,13,17433,买盘
1505,13:34:21,13.41,-0.01,50,67050,卖盘
1506,13:34:18,13.42,0.01,23,30866,买盘
1507,13:34:15,13.41,--,3,4023,卖盘
1508,13:34:12,13.41,--,61,81801,卖盘
1509,13:34:09,13.41,--,17,22797,卖盘
1510,13:34:06,13.41,--,9,12069,卖盘
1511,13:34:03,13.41,--,16,21456,卖盘
1512,13:34:00,13.41,--,3,4023,卖盘
1513,13:33:57,13.41,-0.01,140,187740,卖盘
1514,13:33:51,13.42,0.01,28,37576,买盘
1515,13:33:48,13.41,--,1,1341,卖盘
1516,13:33:45,13.41,-0.01,119,159579,卖盘
1517,13:33:42,13.42,0.01,17,22814,买盘
1518,13:33:39,13.41,--,192,257472,卖盘
1519,13:33:36,13.41,--,110,147510,卖盘
1520,13:33:33,13.41,--,16,21456,卖盘
1521,13:33:30,13.41,--,5,6705,卖盘
1522,13:33:27,13.41,--,34,45594,卖盘
1523,13:33:21,13.41,-0.01,14,18774,卖盘
1524,13:33:18,13.42,--,2,2684,买盘
1525,13:33:15,13.42,--,40,53680,买盘
1526,13:33:12,13.42,0.01,2,2684,买盘
1527,13:33:03,13.41,--,10,13410,卖盘
1528,13:33:00,13.41,--,3,4023,卖盘
1529,13:32:57,13.41,-0.01,23,30843,卖盘
1530,13:32:54,13.42,0.01,68,91256,买盘
1531,13:32:51,13.41,-0.01,101,135441,卖盘
1532,13:32:45,13.42,--,6,8052,买盘
1533,13:32:42,13.42,0.01,104,139568,买盘
1534,13:32:39,13.41,--,11,14751,卖盘
1535,13:32:36,13.41,-0.01,120,160920,卖盘
1536,13:32:33,13.42,0.01,97,130174,买盘
1537,13:32:30,13.41,-0.01,87,116667,卖盘
1538,13:32:27,13.42,--,35,46970,买盘
1539,13:32:24,13.42,0.01,27,36234,买盘
1540,13:32:18,13.41,-0.01,10,13410,卖盘
1541,13:32:15,13.42,--,4,5368,买盘
1542,13:32:12,13.42,0.04,10,13420,买盘
1543,13:32:09,13.38,-0.03,2358,3155004,卖盘
1544,13:32:06,13.41,--,25,33525,卖盘
1545,13:32:03,13.41,--,5,6705,卖盘
1546,13:32:00,13.41,--,33,44253,卖盘
1547,13:31:57,13.41,--,31,41571,卖盘
1548,13:31:48,13.41,--,189,253449,卖盘
1549,13:31:45,13.41,--,16,21456,卖盘
1550,13:31:42,13.41,-0.01,2,2682,卖盘
1551,13:31:39,13.42,0.01,180,241560,买盘
1552,13:31:36,13.41,--,364,488271,买盘
1553,13:31:33,13.41,0.01,128,171648,买盘
1554,13:31:30,13.4,-0.01,2,2680,卖盘
1555,13:31:27,13.41,--,50,67050,买盘
1556,13:31:24,13.41,0.01,105,140805,买盘
1557,13:31:21,13.4,-0.01,12,16080,卖盘
1558,13:31:15,13.41,0.01,11,14751,买盘
1559,13:31:12,13.4,-0.01,20,26800,卖盘
1560,13:31:09,13.41,--,55,73755,买盘
1561,13:31:06,13.41,0.01,147,197127,买盘
1562,13:31:03,13.4,-0.01,31,41540,卖盘
1563,13:30:57,13.41,--,50,67050,买盘
1564,13:30:54,13.41,--,6,8046,买盘
1565,13:30:51,13.41,0.01,10,13410,买盘
1566,13:30:48,13.4,-0.01,15,20100,卖盘
1567,13:30:45,13.41,--,18,24138,买盘
1568,13:30:39,13.41,--,2,2682,买盘
1569,13:30:36,13.41,--,139,186399,卖盘
1570,13:30:33,13.41,--,14,18774,卖盘
1571,13:30:30,13.41,--,194,260154,卖盘
1572,13:30:27,13.41,-0.01,45,60345,卖盘
1573,13:30:24,13.42,0.01,48,64416,买盘
1574,13:30:18,13.41,-0.01,131,175671,卖盘
1575,13:30:15,13.42,--,22,29524,买盘
1576,13:30:12,13.42,0.01,17,22814,买盘
1577,13:30:09,13.41,0.01,60,80460,买盘
1578,13:30:06,13.4,-0.01,9,12060,卖盘
1579,13:30:03,13.41,-0.01,82,109962,卖盘
1580,13:30:00,13.42,0.01,6,8052,买盘
1581,13:29:54,13.41,--,10,13410,买盘
1582,13:29:51,13.41,--,73,97893,买盘
1583,13:29:48,13.41,--,103,138123,买盘
1584,13:29:45,13.41,--,56,75096,买盘
1585,13:29:42,13.41,--,99,132759,买盘
1586,13:29:39,13.41,--,22,29502,买盘
1587,13:29:36,13.41,--,309,414369,买盘
1588,13:29:30,13.41,--,16,21456,买盘
1589,13:29:27,13.41,-0.01,72,96552,买盘
1590,13:29:24,13.42,0.02,26,34892,买盘
1591,13:29:21,13.4,-0.01,83,111220,卖盘
1592,13:29:18,13.41,--,269,360729,卖盘
1593,13:29:09,13.41,--,14,18774,卖盘
1594,13:29:06,13.41,--,79,106582,买盘
1595,13:29:03,13.41,--,99,132759,买盘
1596,13:29:00,13.41,--,3,4023,买盘
1597,13:28:57,13.41,--,31,41571,买盘
1598,13:28:54,13.41,--,50,67050,买盘
1599,13:28:48,13.41,0.01,23,30843,买盘
1600,13:28:45,13.4,--,22,29480,卖盘
1601,13:28:42,13.4,-0.01,94,125960,卖盘
1602,13:28:39,13.41,--,27,36207,买盘
1603,13:28:36,13.41,0.01,31,41571,买盘
1604,13:28:33,13.4,-0.01,25,33500,卖盘
1605,13:28:30,13.41,--,19,25479,买盘
1606,13:28:27,13.41,--,80,107280,买盘
1607,13:28:24,13.41,--,10,13410,买盘
1608,13:28:21,13.41,--,116,155556,买盘
1609,13:28:18,13.41,--,3,4023,买盘
1610,13:28:15,13.41,--,269,360729,买盘
1611,13:28:12,13.41,--,24,32184,买盘
1612,13:28:09,13.41,0.01,53,71073,买盘
1613,13:28:06,13.4,--,46,61640,卖盘
1614,13:28:03,13.4,--,61,81740,卖盘
1615,13:28:00,13.4,--,163,218420,卖盘
1616,13:27:57,13.4,-0.01,5,6700,卖盘
1617,13:27:54,13.41,--,62,83142,买盘
1618,13:27:51,13.41,--,617,828094,卖盘
1619,13:27:48,13.41,-0.01,56,75096,卖盘
1620,13:27:45,13.42,0.01,74,99308,买盘
1621,13:27:42,13.41,--,95,127395,卖盘
1622,13:27:39,13.41,--,118,158238,卖盘
1623,13:27:36,13.41,--,35,46935,卖盘
1624,13:27:33,13.41,--,43,57663,卖盘
1625,13:27:30,13.41,--,233,313096,卖盘
1626,13:27:27,13.41,-0.01,51,68391,卖盘
1627,13:27:24,13.42,0.01,12,16104,买盘
1628,13:27:21,13.41,-0.01,122,163602,卖盘
1629,13:27:18,13.42,0.01,8,10736,买盘
1630,13:27:15,13.41,-0.01,63,84483,卖盘
1631,13:27:12,13.42,0.01,15,20130,买盘
1632,13:27:09,13.41,-0.01,17,22797,卖盘
1633,13:27:06,13.42,-0.01,978,1312476,卖盘
1634,13:27:00,13.43,-0.01,83,111469,卖盘
1635,13:26:57,13.44,--,30,40320,买盘
1636,13:26:54,13.44,--,23,30912,买盘
1637,13:26:51,13.44,--,47,63168,买盘
1638,13:26:48,13.44,--,27,36288,买盘
1639,13:26:45,13.44,0.01,34,45696,买盘
1640,13:26:42,13.43,-0.01,100,134300,卖盘
1641,13:26:39,13.44,0.01,10,13440,买盘
1642,13:26:36,13.43,-0.01,4,5372,卖盘
1643,13:26:33,13.44,--,1,1344,买盘
1644,13:26:27,13.44,--,140,188160,买盘
1645,13:26:24,13.44,0.01,2,2688,买盘
1646,13:26:21,13.43,--,83,111469,卖盘
1647,13:26:18,13.43,--,65,87295,卖盘
1648,13:26:15,13.43,--,34,45662,卖盘
1649,13:26:12,13.43,-0.01,10,13430,卖盘
1650,13:26:09,13.44,0.01,132,177408,买盘
1651,13:26:06,13.43,-0.01,30,40290,卖盘
1652,13:26:03,13.44,0.01,86,115584,中性盘
1653,13:26:00,13.43,--,238,319634,卖盘
1654,13:25:54,13.43,-0.02,27,36261,卖盘
1655,13:25:51,13.45,--,11,14795,买盘
1656,13:25:48,13.45,0.01,59,79355,买盘
1657,13:25:45,13.44,-0.01,531,714362,卖盘
1658,13:25:42,13.45,--,107,143915,买盘
1659,13:25:39,13.45,--,78,104910,买盘
1660,13:25:36,13.45,--,3,4035,买盘
1661,13:25:33,13.45,--,19,25555,买盘
1662,13:25:30,13.45,--,189,254205,卖盘
1663,13:25:27,13.45,--,40,53800,卖盘
1664,13:25:24,13.45,--,2,2690,卖盘
1665,13:25:21,13.45,-0.01,175,235375,卖盘
1666,13:25:18,13.46,--,11,14806,买盘
1667,13:25:15,13.46,--,32,43072,买盘
1668,13:25:12,13.46,--,201,270546,买盘
1669,13:25:09,13.46,0.01,44,59224,买盘
1670,13:25:06,13.45,--,53,71285,卖盘
1671,13:25:03,13.45,-0.01,5,6725,卖盘
1672,13:24:57,13.46,--,6,8076,买盘
1673,13:24:54,13.46,0.01,50,67300,买盘
1674,13:24:48,13.45,--,54,72630,卖盘
1675,13:24:45,13.45,--,39,52455,买盘
1676,13:24:39,13.45,-0.01,19,25555,中性盘
1677,13:24:36,13.46,0.01,199,267854,买盘
1678,13:24:33,13.45,-0.01,69,92805,卖盘
1679,13:24:30,13.46,0.01,6,8076,买盘
1680,13:24:27,13.45,-0.01,65,87425,卖盘
1681,13:24:24,13.46,0.01,8,10768,买盘
1682,13:24:21,13.45,-0.01,3,4035,卖盘
1683,13:24:18,13.46,--,86,115756,买盘
1684,13:24:15,13.46,0.01,32,43072,买盘
1685,13:24:12,13.45,-0.01,61,82045,卖盘
1686,13:24:09,13.46,0.01,80,107680,买盘
1687,13:24:06,13.45,--,39,52455,买盘
1688,13:24:03,13.45,--,24,32280,卖盘
1689,13:24:00,13.45,0.01,52,69940,卖盘
1690,13:23:57,13.44,-0.02,105,141120,卖盘
1691,13:23:54,13.46,--,23,30958,买盘
1692,13:23:51,13.46,0.01,50,67300,买盘
1693,13:23:48,13.45,--,83,111635,卖盘
1694,13:23:45,13.45,--,11,14795,卖盘
1695,13:23:42,13.45,--,76,102220,卖盘
1696,13:23:39,13.45,0.01,17,22865,中性盘
1697,13:23:36,13.44,-0.02,104,139776,卖盘
1698,13:23:30,13.46,0.01,39,52494,买盘
1699,13:23:27,13.45,-0.02,86,115670,卖盘
1700,13:23:24,13.47,0.01,81,109107,买盘
1701,13:23:21,13.46,0.02,99,133254,买盘
1702,13:23:18,13.44,-0.02,83,111552,卖盘
1703,13:23:15,13.46,0.01,13,17498,买盘
1704,13:23:12,13.45,--,118,158710,卖盘
1705,13:23:09,13.45,-0.01,36,49738,卖盘
1706,13:23:06,13.46,--,54,72684,买盘
1707,13:23:03,13.46,--,48,64608,买盘
1708,13:23:00,13.46,--,20,26920,买盘
1709,13:22:57,13.46,0.01,87,117102,买盘
1710,13:22:51,13.45,--,35,47075,卖盘
1711,13:22:45,13.45,0.01,54,73302,买盘
1712,13:22:42,13.44,-0.01,87,116928,卖盘
1713,13:22:39,13.45,0.01,37,49765,买盘
1714,13:22:36,13.44,-0.01,102,137088,卖盘
1715,13:22:33,13.45,--,26,34970,买盘
1716,13:22:30,13.45,0.01,351,472095,买盘
1717,13:22:27,13.44,-0.01,56,75264,卖盘
1718,13:22:24,13.45,--,4,5380,买盘
1719,13:22:21,13.45,--,123,165435,买盘
1720,13:22:18,13.45,0.01,194,260930,买盘
1721,13:22:15,13.44,--,12,16128,卖盘
1722,13:22:12,13.44,--,31,41664,卖盘
1723,13:22:06,13.44,0.02,372,499968,买盘
1724,13:22:03,13.42,-0.01,60,80520,卖盘
1725,13:22:00,13.43,--,29,38947,买盘
1726,13:21:57,13.43,--,145,194735,买盘
1727,13:21:54,13.43,--,32,42976,卖盘
1728,13:21:51,13.43,-0.01,2,2686,卖盘
1729,13:21:48,13.44,0.01,12,16128,买盘
1730,13:21:45,13.43,--,42,56406,卖盘
1731,13:21:42,13.43,-0.01,31,41633,卖盘
1732,13:21:39,13.44,0.01,13,17472,买盘
1733,13:21:36,13.43,-0.02,107,143701,卖盘
1734,13:21:33,13.45,--,24,32280,买盘
1735,13:21:30,13.45,--,43,57835,买盘
1736,13:21:27,13.45,--,86,115670,买盘
1737,13:21:24,13.45,--,18,24210,买盘
1738,13:21:21,13.45,--,1,1345,买盘
1739,13:21:18,13.45,-0.01,207,278415,中性盘
1740,13:21:15,13.46,--,345,464370,买盘
1741,13:21:12,13.46,--,19,25600,买盘
1742,13:21:09,13.46,--,23,30958,买盘
1743,13:21:06,13.46,0.01,23,30958,买盘
1744,13:21:03,13.45,-0.01,33,44385,卖盘
1745,13:21:00,13.46,0.01,15,20190,买盘
1746,13:20:57,13.45,--,83,111635,卖盘
1747,13:20:54,13.45,-0.02,4,5380,卖盘
1748,13:20:51,13.47,0.01,39,52533,买盘
1749,13:20:48,13.46,0.01,1,1346,买盘
1750,13:20:45,13.45,-0.01,23,30935,卖盘
1751,13:20:42,13.46,--,50,67300,卖盘
1752,13:20:39,13.46,--,88,118448,买盘
1753,13:20:36,13.46,--,162,219371,买盘
1754,13:20:33,13.46,--,2,2692,买盘
1755,13:20:30,13.46,--,31,41726,买盘
1756,13:20:27,13.46,-0.01,131,176352,卖盘
1757,13:20:24,13.47,--,31,41757,卖盘
1758,13:20:21,13.47,--,97,130659,卖盘
1759,13:20:18,13.47,-0.01,37,49839,卖盘
1760,13:20:15,13.48,0.01,180,242640,买盘
1761,13:20:12,13.47,--,68,91596,卖盘
1762,13:20:09,13.47,-0.02,114,153558,卖盘
1763,13:20:06,13.49,0.03,499,673151,买盘
1764,13:20:03,13.46,-0.01,287,386302,卖盘
1765,13:20:00,13.47,0.01,131,177777,买盘
1766,13:19:57,13.46,-0.01,1261,1697306,卖盘
1767,13:19:51,13.47,0.01,83,111801,买盘
1768,13:19:48,13.46,-0.01,87,117102,卖盘
1769,13:19:45,13.47,--,37,49839,买盘
1770,13:19:42,13.47,--,54,72738,买盘
1771,13:19:39,13.47,0.01,20,26940,买盘
1772,13:19:36,13.46,--,23,30958,卖盘
1773,13:19:33,13.46,--,242,325732,卖盘
1774,13:19:30,13.46,0.01,69,92874,买盘
1775,13:19:27,13.45,--,89,120781,卖盘
1776,13:19:24,13.45,--,323,434435,买盘
1777,13:19:21,13.45,0.01,45,60525,买盘
1778,13:19:12,13.44,--,190,255360,买盘
1779,13:19:09,13.44,--,6,8064,买盘
1780,13:19:06,13.44,--,6,8064,买盘
1781,13:19:03,13.44,--,9,12096,买盘
1782,13:19:00,13.44,0.01,34,45696,买盘
1783,13:18:57,13.43,--,11,14773,卖盘
1784,13:18:54,13.43,0.01,444,596292,买盘
1785,13:18:48,13.42,0.01,33,44286,中性盘
1786,13:18:45,13.41,-0.02,16,21456,卖盘
1787,13:18:42,13.43,0.01,216,290088,买盘
1788,13:18:39,13.42,0.01,81,108702,买盘
1789,13:18:36,13.41,--,63,84483,卖盘
1790,13:18:33,13.41,--,4,5364,卖盘
1791,13:18:30,13.41,--,108,144828,卖盘
1792,13:18:27,13.41,--,59,79119,卖盘
1793,13:18:24,13.41,-0.01,10,13410,卖盘
1794,13:18:21,13.42,0.01,5,6710,买盘
1795,13:18:18,13.41,0.01,194,260154,买盘
1796,13:18:15,13.4,-0.01,134,179560,卖盘
1797,13:18:12,13.41,--,14,18774,买盘
1798,13:18:09,13.41,--,32,42912,买盘
1799,13:18:06,13.41,--,11,14751,买盘
1800,13:18:03,13.41,--,48,64368,买盘
1801,13:18:00,13.41,0.01,28,37548,买盘
1802,13:17:57,13.4,-0.01,140,187600,卖盘
1803,13:17:54,13.41,--,115,154215,买盘
1804,13:17:51,13.41,0.01,70,93870,买盘
1805,13:17:45,13.4,--,84,112560,买盘
1806,13:17:42,13.4,--,265,355100,买盘
1807,13:17:39,13.4,--,78,104520,买盘
1808,13:17:36,13.4,--,47,62980,买盘
1809,13:17:33,13.4,0.01,103,138020,买盘
1810,13:17:27,13.39,-0.01,78,104442,卖盘
1811,13:17:24,13.4,--,200,268000,买盘
1812,13:17:21,13.4,0.01,9,12060,买盘
1813,13:17:18,13.39,--,12,16068,卖盘
1814,13:17:15,13.39,--,18,24102,卖盘
1815,13:17:12,13.39,--,84,112476,卖盘
1816,13:17:09,13.39,-0.01,11,14729,卖盘
1817,13:17:06,13.4,--,1,1340,买盘
1818,13:17:03,13.4,0.02,41,54940,买盘
1819,13:16:54,13.38,-0.01,70,93660,卖盘
1820,13:16:51,13.39,0.01,14,18746,买盘
1821,13:16:48,13.38,-0.01,237,317106,卖盘
1822,13:16:45,13.39,--,68,91052,买盘
1823,13:16:42,13.39,--,137,183443,买盘
1824,13:16:39,13.39,0.01,98,131222,买盘
1825,13:16:36,13.38,-0.01,155,207390,卖盘
1826,13:16:33,13.39,0.01,51,68289,买盘
1827,13:16:30,13.38,--,121,161898,卖盘
1828,13:16:27,13.38,-0.01,55,73590,卖盘
1829,13:16:24,13.39,0.01,11,14729,买盘
1830,13:16:21,13.38,-0.01,43,57534,卖盘
1831,13:16:18,13.39,--,47,62933,买盘
1832,13:16:12,13.39,0.01,25,33475,买盘
1833,13:16:09,13.38,-0.01,80,107040,卖盘
1834,13:16:06,13.39,0.01,11,14729,买盘
1835,13:16:03,13.38,--,10,13380,卖盘
1836,13:16:00,13.38,--,10,13380,卖盘
1837,13:15:57,13.38,--,14,18999,买盘
1838,13:15:54,13.38,--,67,90716,卖盘
1839,13:15:51,13.38,0.01,239,320049,买盘
1840,13:15:48,13.37,--,31,41447,卖盘
1841,13:15:45,13.37,-0.01,43,57491,卖盘
1842,13:15:42,13.38,--,117,156546,买盘
1843,13:15:39,13.38,--,6,8028,买盘
1844,13:15:36,13.38,--,34,45492,买盘
1845,13:15:33,13.38,-0.01,77,104096,卖盘
1846,13:15:30,13.39,0.01,2,2678,买盘
1847,13:15:27,13.38,--,58,77871,买盘
1848,13:15:24,13.38,0.01,72,96336,买盘
1849,13:15:21,13.37,--,20,26740,卖盘
1850,13:15:18,13.37,--,70,93590,卖盘
1851,13:15:15,13.37,--,66,88242,卖盘
1852,13:15:12,13.37,--,102,136374,卖盘
1853,13:15:09,13.37,-0.01,37,49469,卖盘
1854,13:15:06,13.38,0.01,1,1338,买盘
1855,13:15:03,13.37,-0.01,62,82894,卖盘
1856,13:15:00,13.38,--,164,219432,买盘
1857,13:14:57,13.38,0.01,235,314430,买盘
1858,13:14:54,13.37,--,32,42784,卖盘
1859,13:14:51,13.37,--,87,116319,卖盘
1860,13:14:48,13.37,-0.01,48,64175,卖盘
1861,13:14:45,13.38,--,9,12042,买盘
1862,13:14:42,13.38,--,19,25422,买盘
1863,13:14:39,13.38,--,64,85632,买盘
1864,13:14:33,13.38,0.01,137,183306,买盘
1865,13:14:30,13.37,--,96,128351,卖盘
1866,13:14:27,13.37,-0.01,30,40110,卖盘
1867,13:14:24,13.38,0.01,5,6690,买盘
1868,13:14:21,13.37,--,49,65512,卖盘
1869,13:14:18,13.37,--,90,120330,卖盘
1870,13:14:15,13.37,--,35,46795,卖盘
1871,13:14:09,13.37,-0.01,11,14707,卖盘
1872,13:14:06,13.38,0.01,31,41478,买盘
1873,13:14:03,13.37,-0.01,130,173810,卖盘
1874,13:14:00,13.38,0.01,45,60210,买盘
1875,13:13:57,13.37,--,29,38773,卖盘
1876,13:13:54,13.37,--,21,28077,卖盘
1877,13:13:51,13.37,-0.01,20,26740,卖盘
1878,13:13:48,13.38,0.01,20,26760,买盘
1879,13:13:45,13.37,-0.01,8,10696,卖盘
1880,13:13:36,13.38,0.01,39,52182,买盘
1881,13:13:27,13.37,--,56,74872,卖盘
1882,13:13:24,13.37,--,26,34762,卖盘
1883,13:13:21,13.37,--,36,48132,卖盘
1884,13:13:18,13.37,--,17,22729,买盘
1885,13:13:15,13.37,0.01,29,38773,买盘
1886,13:13:12,13.36,-0.01,69,92184,卖盘
1887,13:13:09,13.37,-0.01,46,61502,买盘
1888,13:13:06,13.38,0.02,41,54858,买盘
1889,13:13:03,13.36,-0.01,55,73480,卖盘
1890,13:13:00,13.37,-0.01,125,167125,卖盘
1891,13:12:57,13.38,--,65,86970,买盘
1892,13:12:54,13.38,0.01,18,24084,买盘
1893,13:12:51,13.37,-0.01,16,21392,卖盘
1894,13:12:48,13.38,0.01,9,12042,买盘
1895,13:12:45,13.37,-0.01,20,26740,卖盘
1896,13:12:42,13.38,--,72,96336,买盘
1897,13:12:39,13.38,--,9,12042,买盘
1898,13:12:36,13.38,0.01,4,5352,买盘
1899,13:12:33,13.37,0.01,5,6685,中性盘
1900,13:12:30,13.36,--,2,2672,卖盘
1901,13:12:27,13.36,-0.02,40,53440,卖盘
1902,13:12:24,13.38,0.01,16,21408,买盘
1903,13:12:21,13.37,0.02,91,121667,买盘
1904,13:12:18,13.35,-0.02,900,1201500,卖盘
1905,13:12:15,13.37,0.01,54,72198,买盘
1906,13:12:12,13.36,-0.01,33,44088,卖盘
1907,13:12:09,13.37,0.01,70,93590,买盘
1908,13:12:06,13.36,--,108,144288,买盘
1909,13:12:03,13.36,0.01,162,216432,买盘
1910,13:12:00,13.35,-0.01,145,193575,卖盘
1911,13:11:57,13.36,--,14,18704,买盘
1912,13:11:54,13.36,--,509,680024,买盘
1913,13:11:51,13.36,--,18,24048,买盘
1914,13:11:48,13.36,0.01,337,450232,买盘
1915,13:11:45,13.35,--,57,76095,卖盘
1916,13:11:42,13.35,-0.01,86,114810,卖盘
1917,13:11:39,13.36,--,55,73480,买盘
1918,13:11:36,13.36,--,44,58784,买盘
1919,13:11:33,13.36,0.01,27,36072,买盘
1920,13:11:30,13.35,--,35,46725,卖盘
1921,13:11:27,13.35,--,184,245640,卖盘
1922,13:11:24,13.35,-0.01,46,61410,卖盘
1923,13:11:15,13.36,--,53,70808,买盘
1924,13:11:12,13.36,0.01,10,13360,买盘
1925,13:11:09,13.35,-0.01,8,10680,卖盘
1926,13:11:06,13.36,0.01,11,14696,买盘
1927,13:11:03,13.35,--,34,45390,卖盘
1928,13:11:00,13.35,--,6,8010,卖盘
1929,13:10:57,13.35,--,15,20025,卖盘
1930,13:10:54,13.35,--,8,10680,卖盘
1931,13:10:51,13.35,-0.01,60,80100,卖盘
1932,13:10:48,13.36,0.01,116,155296,买盘
1933,13:10:45,13.35,--,35,46725,卖盘
1934,13:10:42,13.35,-0.01,501,668835,卖盘
1935,13:10:39,13.36,0.01,15,20040,买盘
1936,13:10:33,13.35,--,2,2670,卖盘
1937,13:10:30,13.35,--,28,37380,卖盘
1938,13:10:27,13.35,--,367,489945,卖盘
1939,13:10:24,13.35,--,20,26700,卖盘
1940,13:10:21,13.35,--,50,66750,买盘
1941,13:10:18,13.35,--,50,66750,买盘
1942,13:10:15,13.35,--,4,5340,买盘
1943,13:10:12,13.35,--,49,65415,买盘
1944,13:10:09,13.35,--,78,104130,买盘
1945,13:10:06,13.35,--,348,464580,买盘
1946,13:10:03,13.35,--,466,622110,买盘
1947,13:10:00,13.35,0.01,2,2670,买盘
1948,13:09:57,13.34,-0.01,104,138736,卖盘
1949,13:09:54,13.35,0.01,3,4005,买盘
1950,13:09:51,13.34,-0.01,17,22678,卖盘
1951,13:09:48,13.35,--,27,36045,买盘
1952,13:09:45,13.35,0.01,45,60075,买盘
1953,13:09:42,13.34,--,15,20010,卖盘
1954,13:09:36,13.34,-0.01,114,152076,卖盘
1955,13:09:33,13.35,--,21,28035,买盘
1956,13:09:30,13.35,--,58,77430,买盘
1957,13:09:27,13.35,--,69,92115,买盘
1958,13:09:24,13.35,--,1122,1497870,买盘
1959,13:09:21,13.35,--,69,92115,卖盘
1960,13:09:18,13.35,--,12,16020,买盘
1961,13:09:15,13.35,--,130,173550,卖盘
1962,13:09:12,13.35,--,22,29370,卖盘
1963,13:09:09,13.35,--,160,213600,卖盘
1964,13:09:06,13.35,--,156,208260,卖盘
1965,13:09:03,13.35,--,29,38715,卖盘
1966,13:09:00,13.35,--,140,186900,卖盘
1967,13:08:57,13.35,--,20,26700,卖盘
1968,13:08:54,13.35,--,52,69420,卖盘
1969,13:08:51,13.35,-0.01,31,41385,卖盘
1970,13:08:48,13.36,0.01,1,1336,买盘
1971,13:08:45,13.35,--,5,6675,卖盘
1972,13:08:42,13.35,--,8,10680,卖盘
1973,13:08:39,13.35,--,45,60075,卖盘
1974,13:08:36,13.35,--,27,36045,卖盘
1975,13:08:33,13.35,--,160,213600,卖盘
1976,13:08:30,13.35,--,225,300375,卖盘
1977,13:08:27,13.35,--,51,68085,卖盘
1978,13:08:24,13.35,--,207,277413,买盘
1979,13:08:21,13.35,--,235,313725,买盘
1980,13:08:18,13.35,--,24,32040,买盘
1981,13:08:15,13.35,0.01,36,48060,买盘
1982,13:08:12,13.34,-0.01,65,86710,卖盘
1983,13:08:09,13.35,--,92,122820,买盘
1984,13:08:06,13.35,0.01,6,8010,买盘
1985,13:08:03,13.34,-0.01,33,44022,卖盘
1986,13:08:00,13.35,0.01,20,26700,买盘
1987,13:07:57,13.34,-0.01,49,65366,卖盘
1988,13:07:54,13.35,--,77,102795,买盘
1989,13:07:51,13.35,--,7,9345,买盘
1990,13:07:48,13.35,-0.01,1031,1376652,卖盘
1991,13:07:45,13.36,--,195,260520,买盘
1992,13:07:42,13.36,0.01,7,9352,买盘
1993,13:07:39,13.35,-0.01,74,98790,卖盘
1994,13:07:36,13.36,0.01,16,21376,买盘
1995,13:07:33,13.35,--,205,273675,卖盘
1996,13:07:30,13.35,--,2,2670,卖盘
1997,13:07:27,13.35,--,214,285690,卖盘
1998,13:07:24,13.35,--,207,276345,卖盘
1999,13:07:21,13.35,--,70,93450,卖盘
2000,13:07:18,13.35,--,4,5340,卖盘
2001,13:07:15,13.35,--,270,360450,卖盘
2002,13:07:12,13.35,--,770,1027950,卖盘
2003,13:07:09,13.35,--,9,12015,卖盘
2004,13:07:06,13.35,--,328,437880,卖盘
2005,13:07:03,13.35,--,13,17355,卖盘
2006,13:07:00,13.35,--,8,10680,卖盘
2007,13:06:57,13.35,-0.01,23,30705,卖盘
2008,13:06:54,13.36,0.01,5,6680,买盘
2009,13:06:51,13.35,-0.01,4,5340,卖盘
2010,13:06:48,13.36,-0.01,910,1215760,卖盘
2011,13:06:45,13.37,-0.01,10,13370,卖盘
2012,13:06:42,13.38,0.01,21,28098,买盘
2013,13:06:39,13.37,-0.01,5,6685,卖盘
2014,13:06:33,13.38,0.01,33,44154,买盘
2015,13:06:30,13.37,0.01,10,13370,中性盘
2016,13:06:27,13.36,-0.02,965,1289240,卖盘
2017,13:06:24,13.38,--,2,2676,买盘
2018,13:06:21,13.38,--,40,53520,买盘
2019,13:06:18,13.38,--,43,57534,买盘
2020,13:06:15,13.38,--,33,44154,买盘
2021,13:06:09,13.38,0.01,24,32112,买盘
2022,13:06:06,13.37,--,76,101612,卖盘
2023,13:06:03,13.37,--,20,26740,卖盘
2024,13:06:00,13.37,--,25,33425,卖盘
2025,13:05:57,13.37,-0.01,79,105623,卖盘
2026,13:05:54,13.38,0.01,4,5352,买盘
2027,13:05:51,13.37,-0.01,12,16043,卖盘
2028,13:05:48,13.38,0.01,1,1338,买盘
2029,13:05:45,13.37,--,65,86905,卖盘
2030,13:05:42,13.37,--,45,60165,卖盘
2031,13:05:36,13.37,-0.01,10,13370,卖盘
2032,13:05:33,13.38,0.01,19,25422,买盘
2033,13:05:30,13.37,--,1,1337,卖盘
2034,13:05:27,13.37,--,31,41447,卖盘
2035,13:05:24,13.37,-0.01,133,177821,卖盘
2036,13:05:21,13.38,0.01,41,54858,买盘
2037,13:05:18,13.37,-0.01,10,13370,卖盘
2038,13:05:15,13.38,0.01,24,32112,买盘
2039,13:05:12,13.37,-0.01,82,109634,卖盘
2040,13:05:09,13.38,0.01,7,9366,买盘
2041,13:05:06,13.37,--,21,28077,卖盘
2042,13:05:03,13.37,--,5,6685,卖盘
2043,13:05:00,13.37,--,1,1337,买盘
2044,13:04:57,13.37,--,22,29414,买盘
2045,13:04:54,13.37,0.01,10,13370,买盘
2046,13:04:51,13.36,-0.01,56,74816,卖盘
2047,13:04:48,13.37,--,3,4010,买盘
2048,13:04:45,13.37,--,35,46795,买盘
2049,13:04:42,13.37,--,112,149744,卖盘
2050,13:04:39,13.37,-0.01,23,30751,卖盘
2051,13:04:33,13.38,0.01,8,10704,买盘
2052,13:04:30,13.37,--,5,6685,卖盘
2053,13:04:27,13.37,--,62,82894,买盘
2054,13:04:24,13.37,--,25,33425,卖盘
2055,13:04:21,13.37,--,1,1337,买盘
2056,13:04:18,13.37,--,22,29414,卖盘
2057,13:04:15,13.37,--,59,78883,买盘
2058,13:04:12,13.37,--,48,64175,买盘
2059,13:04:09,13.37,0.01,10,13370,买盘
2060,13:04:06,13.36,-0.01,20,26720,卖盘
2061,13:04:03,13.37,--,93,124341,买盘
2062,13:03:57,13.37,--,6,8021,买盘
2063,13:03:54,13.37,0.01,76,101612,买盘
2064,13:03:51,13.36,-0.01,70,93520,卖盘
2065,13:03:48,13.37,--,12,16043,买盘
2066,13:03:45,13.37,0.01,26,34762,买盘
2067,13:03:42,13.36,-0.01,57,76152,卖盘
2068,13:03:39,13.37,--,15,20055,买盘
2069,13:03:36,13.37,--,15,20055,买盘
2070,13:03:33,13.37,0.01,7,9359,买盘
2071,13:03:30,13.36,-0.01,33,44088,卖盘
2072,13:03:27,13.37,0.01,94,125677,卖盘
2073,13:03:24,13.36,-0.01,84,112224,卖盘
2074,13:03:21,13.37,--,43,57491,买盘
2075,13:03:18,13.37,0.01,7,9359,买盘
2076,13:03:15,13.36,-0.01,26,35804,卖盘
2077,13:03:12,13.37,--,202,270074,卖盘
2078,13:03:06,13.37,--,37,49469,卖盘
2079,13:03:03,13.37,--,12,16043,卖盘
2080,13:03:00,13.37,--,108,144396,卖盘
2081,13:02:57,13.37,--,13,17381,卖盘
2082,13:02:54,13.37,--,31,41447,卖盘
2083,13:02:51,13.37,--,56,74872,卖盘
2084,13:02:48,13.37,-0.01,15,20055,卖盘
2085,13:02:45,13.38,--,22,29436,买盘
2086,13:02:39,13.38,0.01,55,73590,买盘
2087,13:02:36,13.37,--,86,114982,卖盘
2088,13:02:33,13.37,--,11,14707,卖盘
2089,13:02:30,13.37,-0.01,224,299488,卖盘
2090,13:02:27,13.38,--,60,80280,买盘
2091,13:02:24,13.38,0.01,30,40140,买盘
2092,13:02:21,13.37,-0.01,64,85568,卖盘
2093,13:02:18,13.38,--,11,14718,买盘
2094,13:02:06,13.38,--,644,861672,卖盘
2095,13:02:03,13.38,-0.01,1,1338,卖盘
2096,13:01:57,13.39,0.01,1,1339,买盘
2097,13:01:54,13.38,-0.01,11,14718,卖盘
2098,13:01:51,13.39,-0.01,33,44187,卖盘
2099,13:01:48,13.4,0.01,6,8040,买盘
2100,13:01:45,13.39,-0.01,3,4017,卖盘
2101,13:01:42,13.4,0.02,31,41540,买盘
2102,13:01:39,13.38,--,14,18732,卖盘
2103,13:01:36,13.38,-0.01,19,25422,卖盘
2104,13:01:33,13.39,-0.01,36,48204,卖盘
2105,13:01:27,13.4,0.01,54,72360,买盘
2106,13:01:24,13.39,--,9,12051,卖盘
2107,13:01:21,13.39,--,17,22763,买盘
2108,13:01:18,13.39,-0.01,140,187460,卖盘
2109,13:01:15,13.4,0.01,99,132660,买盘
2110,13:01:12,13.39,--,36,48204,卖盘
2111,13:01:09,13.39,--,3,4017,卖盘
2112,13:01:06,13.39,--,135,180765,卖盘
2113,13:01:03,13.39,-0.01,3,4017,卖盘
2114,13:01:00,13.4,--,17,22780,买盘
2115,13:00:54,13.4,--,13,17420,卖盘
2116,13:00:51,13.4,--,4,5360,卖盘
2117,13:00:45,13.4,--,1,1340,卖盘
2118,13:00:42,13.4,0.01,7,9380,买盘
2119,13:00:39,13.39,-0.01,97,129883,卖盘
2120,13:00:36,13.4,0.01,18,24120,买盘
2121,13:00:33,13.39,--,69,92391,卖盘
2122,13:00:30,13.39,--,11,14729,卖盘
2123,13:00:27,13.39,-0.01,1,1339,卖盘
2124,13:00:21,13.4,0.01,3,4020,中性盘
2125,13:00:18,13.39,-0.02,112,149968,卖盘
2126,13:00:12,13.41,--,2,2682,买盘
2127,13:00:09,13.41,--,1,1341,买盘
2128,13:00:06,13.41,0.02,196,262836,买盘
2129,13:00:03,13.39,-0.01,1866,2498574,卖盘
2130,13:00:00,13.4,--,0,0,卖盘
2131,11:30:00,13.4,--,0,0,卖盘
2132,11:29:57,13.4,-0.01,83,111220,卖盘
2133,11:29:54,13.41,--,101,135441,买盘
2134,11:29:51,13.41,--,50,67050,买盘
2135,11:29:45,13.41,--,16,21456,买盘
2136,11:29:42,13.41,--,159,213219,买盘
2137,11:29:39,13.41,0.01,35,46935,买盘
2138,11:29:36,13.4,-0.01,93,124620,卖盘
2139,11:29:33,13.41,--,11,14751,买盘
2140,11:29:30,13.41,0.01,188,252108,卖盘
2141,11:29:27,13.4,-0.02,55,73700,卖盘
2142,11:29:24,13.42,--,59,79178,买盘
2143,11:29:21,13.42,0.01,36,48312,买盘
2144,11:29:18,13.41,-0.01,113,151533,卖盘
2145,11:29:15,13.42,--,45,60390,卖盘
2146,11:29:12,13.42,--,1,1342,卖盘
2147,11:29:09,13.42,--,18,24156,卖盘
2148,11:29:00,13.42,0.02,5,6710,中性盘
2149,11:28:57,13.4,-0.02,168,225120,卖盘
2150,11:28:54,13.42,--,10,13420,买盘
2151,11:28:48,13.42,--,5,6710,买盘
2152,11:28:45,13.42,--,37,49654,买盘
2153,11:28:42,13.42,0.01,3,4026,买盘
2154,11:28:39,13.41,0.01,17,22797,中性盘
2155,11:28:36,13.4,-0.02,83,111220,卖盘
2156,11:28:33,13.42,0.02,7,9394,中性盘
2157,11:28:27,13.4,-0.02,55,73700,卖盘
2158,11:28:24,13.42,--,24,32208,买盘
2159,11:28:21,13.42,--,10,13420,买盘
2160,11:28:18,13.42,--,147,197274,买盘
2161,11:28:15,13.42,--,11,14762,买盘
2162,11:28:12,13.42,--,14,18788,买盘
2163,11:28:09,13.42,-0.02,106,142252,卖盘
2164,11:28:06,13.44,--,7,9408,买盘
2165,11:28:03,13.44,--,5,6720,买盘
2166,11:28:00,13.44,0.04,83,111552,买盘
2167,11:27:57,13.4,-0.04,105,140700,卖盘
2168,11:27:54,13.44,0.02,36,48384,买盘
2169,11:27:51,13.42,-0.02,9,12078,卖盘
2170,11:27:48,13.44,--,44,59136,买盘
2171,11:27:45,13.44,0.02,160,215040,买盘
2172,11:27:42,13.42,-0.01,38,50996,卖盘
2173,11:27:39,13.43,--,166,222938,中性盘
2174,11:27:36,13.43,-0.02,50,67150,中性盘
2175,11:27:33,13.45,0.01,36,48420,买盘
2176,11:27:30,13.44,-0.01,10,13440,买盘
2177,11:27:27,13.45,0.01,82,110290,买盘
2178,11:27:24,13.44,--,6,8064,买盘
2179,11:27:21,13.44,--,20,26880,买盘
2180,11:27:18,13.44,-0.01,91,122304,卖盘
2181,11:27:15,13.45,--,324,435780,卖盘
2182,11:27:12,13.45,0.05,686,922670,买盘
2183,11:27:09,13.4,-0.05,11,14740,卖盘
2184,11:27:06,13.45,0.07,17,22865,买盘
2185,11:26:57,13.38,0.01,83,111054,中性盘
2186,11:26:51,13.37,-0.09,419,560203,卖盘
2187,11:26:48,13.46,0.09,2275,3062150,买盘
2188,11:26:39,13.37,0.02,167,223546,买盘
2189,11:26:36,13.35,-0.02,314,419190,卖盘
2190,11:26:33,13.37,--,30,40110,买盘
2191,11:26:30,13.37,0.01,35,46795,买盘
2192,11:26:27,13.36,-0.01,75,100200,卖盘
2193,11:26:24,13.37,--,3,4010,买盘
2194,11:26:21,13.37,--,2,2674,买盘
2195,11:26:18,13.37,--,116,156161,卖盘
2196,11:26:15,13.37,--,113,151348,卖盘
2197,11:26:12,13.37,-0.01,56,74872,卖盘
2198,11:26:09,13.38,0.01,8,10704,买盘
2199,11:26:06,13.37,--,107,143059,卖盘
2200,11:26:00,13.37,--,84,112308,卖盘
2201,11:25:57,13.37,--,240,321949,买盘
2202,11:25:54,13.37,0.01,89,118993,买盘
2203,11:25:51,13.36,-0.01,36,48096,卖盘
2204,11:25:48,13.37,0.01,18,24066,买盘
2205,11:25:45,13.36,--,19,25384,卖盘
2206,11:25:42,13.36,--,20,26720,卖盘
2207,11:25:39,13.36,-0.01,31,41416,卖盘
2208,11:25:36,13.37,0.01,3,4010,买盘
2209,11:25:33,13.36,-0.01,86,114896,卖盘
2210,11:25:30,13.37,0.01,30,40110,买盘
2211,11:25:27,13.36,-0.01,62,82832,卖盘
2212,11:25:24,13.37,0.01,543,725991,买盘
2213,11:25:18,13.36,-0.01,37,49432,卖盘
2214,11:25:15,13.37,0.01,5,6685,买盘
2215,11:25:12,13.36,--,11,14696,卖盘
2216,11:25:09,13.36,-0.01,103,137608,卖盘
2217,11:25:06,13.37,--,494,660478,买盘
2218,11:25:03,13.37,--,10,13370,买盘
2219,11:25:00,13.37,0.01,2,2674,买盘
2220,11:24:57,13.36,--,20,26720,卖盘
2221,11:24:54,13.36,--,22,29392,卖盘
2222,11:24:51,13.36,--,22,29392,卖盘
2223,11:24:48,13.36,-0.01,9,12024,卖盘
2224,11:24:45,13.37,0.01,24,32087,买盘
2225,11:24:42,13.36,--,3,4008,卖盘
2226,11:24:39,13.36,--,10,13360,卖盘
2227,11:24:36,13.36,--,45,60120,卖盘
2228,11:24:33,13.36,--,42,56112,卖盘
2229,11:24:30,13.36,-0.01,78,104208,卖盘
2230,11:24:27,13.37,0.01,60,80220,买盘
2231,11:24:24,13.36,--,50,66800,卖盘
2232,11:24:21,13.36,--,35,46760,买盘
2233,11:24:18,13.36,0.01,27,36072,买盘
2234,11:24:15,13.35,-0.01,135,180225,卖盘
2235,11:24:12,13.36,--,62,82832,买盘
2236,11:24:09,13.36,--,82,109552,买盘
2237,11:24:06,13.36,--,18,24048,买盘
2238,11:24:03,13.36,-0.01,49,65464,卖盘
2239,11:24:00,13.37,--,17,22729,买盘
2240,11:23:57,13.37,0.01,254,339598,买盘
2241,11:23:54,13.36,--,17,22712,卖盘
2242,11:23:51,13.36,--,506,676016,卖盘
2243,11:23:48,13.36,--,227,303272,买盘
2244,11:23:45,13.36,--,36,48096,买盘
2245,11:23:42,13.36,--,8,10688,买盘
2246,11:23:39,13.36,--,70,93520,买盘
2247,11:23:36,13.36,-0.01,6,8016,卖盘
2248,11:23:33,13.37,0.01,43,57491,买盘
2249,11:23:30,13.36,0.01,15,20040,卖盘
2250,11:23:27,13.35,-0.01,160,213600,卖盘
2251,11:23:24,13.36,--,27,36072,卖盘
2252,11:23:21,13.36,0.01,99,132264,买盘
2253,11:23:18,13.35,--,28,37380,卖盘
2254,11:23:15,13.35,--,42,56070,卖盘
2255,11:23:12,13.35,-0.01,26,34710,卖盘
2256,11:23:09,13.36,0.01,8,10688,买盘
2257,11:23:06,13.35,-0.01,3,4005,卖盘
2258,11:23:03,13.36,--,76,101536,卖盘
2259,11:23:00,13.36,--,33,44088,卖盘
2260,11:22:57,13.36,--,10,13360,卖盘
2261,11:22:54,13.36,--,118,157648,卖盘
2262,11:22:51,13.36,--,73,97528,卖盘
2263,11:22:48,13.36,0.01,132,176352,买盘
2264,11:22:45,13.35,-0.01,38,50730,卖盘
2265,11:22:42,13.36,0.01,20,26720,买盘
2266,11:22:39,13.35,-0.01,30,40050,卖盘
2267,11:22:36,13.36,--,61,81496,卖盘
2268,11:22:33,13.36,0.01,38,50768,卖盘
2269,11:22:27,13.35,--,40,53400,卖盘
2270,11:22:24,13.35,-0.02,240,320400,卖盘
2271,11:22:21,13.37,--,132,176484,卖盘
2272,11:22:18,13.37,-0.01,15,20055,卖盘
2273,11:22:15,13.38,--,108,144504,买盘
2274,11:22:12,13.38,0.01,63,84294,买盘
2275,11:22:06,13.37,--,32,42784,卖盘
2276,11:22:03,13.37,--,140,187180,买盘
2277,11:22:00,13.37,-0.01,88,118725,卖盘
2278,11:21:57,13.38,0.01,307,411033,买盘
2279,11:21:54,13.37,-0.01,37,49469,卖盘
2280,11:21:48,13.38,--,103,137814,卖盘
2281,11:21:45,13.38,--,67,89646,卖盘
2282,11:21:42,13.38,--,40,53520,卖盘
2283,11:21:39,13.38,0.04,151,202038,买盘
2284,11:21:36,13.34,-0.04,1718,2291812,卖盘
2285,11:21:33,13.38,0.01,42,56196,买盘
2286,11:21:30,13.37,-0.01,131,175147,卖盘
2287,11:21:27,13.38,--,75,100350,买盘
2288,11:21:24,13.38,--,22,29436,买盘
2289,11:21:21,13.38,--,31,41478,买盘
2290,11:21:15,13.38,--,119,159222,卖盘
2291,11:21:12,13.38,--,45,60210,买盘
2292,11:21:09,13.38,0.01,20,26760,买盘
2293,11:21:06,13.37,-0.01,10,13370,卖盘
2294,11:21:03,13.38,-0.01,4,5352,买盘
2295,11:21:00,13.39,--,33,44187,买盘
2296,11:20:57,13.39,0.02,291,389649,买盘
2297,11:20:54,13.37,--,13,17381,卖盘
2298,11:20:51,13.37,--,43,57491,卖盘
2299,11:20:48,13.37,-0.01,46,61502,卖盘
2300,11:20:45,13.38,-0.01,241,322458,卖盘
2301,11:20:42,13.39,--,13,17407,买盘
2302,11:20:36,13.39,0.02,37,49543,买盘
2303,11:20:33,13.37,0.03,24,32087,买盘
2304,11:20:30,13.34,-0.05,5006,6678004,卖盘
2305,11:20:27,13.39,--,68,91052,卖盘
2306,11:20:24,13.39,0.01,15,20620,买盘
2307,11:20:21,13.38,--,86,115068,卖盘
2308,11:20:15,13.38,-0.01,7,9366,卖盘
2309,11:20:12,13.39,0.02,8,10712,买盘
2310,11:20:09,13.37,--,11,14707,卖盘
2311,11:20:06,13.37,-0.02,77,102949,卖盘
2312,11:20:03,13.39,0.02,24,32136,买盘
2313,11:19:57,13.37,-0.02,635,848995,卖盘
2314,11:19:54,13.39,0.02,10,13390,买盘
2315,11:19:51,13.37,--,8,10696,卖盘
2316,11:19:45,13.37,--,210,281652,买盘
2317,11:19:42,13.37,--,4,5348,买盘
2318,11:19:39,13.37,--,362,483994,买盘
2319,11:19:36,13.37,-0.03,595,795969,卖盘
2320,11:19:33,13.4,--,30,40200,卖盘
2321,11:19:30,13.4,--,64,85760,卖盘
2322,11:19:27,13.4,0.01,563,755304,买盘
2323,11:19:24,13.39,--,157,211481,买盘
2324,11:19:21,13.39,--,2,2678,卖盘
2325,11:19:18,13.39,0.01,5,6695,卖盘
2326,11:19:15,13.38,--,326,436188,卖盘
2327,11:19:12,13.38,-0.01,7,9366,卖盘
2328,11:19:09,13.39,--,8,10712,买盘
2329,11:19:06,13.39,--,121,162019,买盘
2330,11:19:03,13.39,0.01,24,32136,买盘
2331,11:19:00,13.38,-0.01,67,89646,卖盘
2332,11:18:54,13.39,0.02,672,899808,买盘
2333,11:18:51,13.37,-0.02,537,717969,卖盘
2334,11:18:48,13.39,0.01,103,137917,卖盘
2335,11:18:45,13.38,--,922,1233636,卖盘
2336,11:18:42,13.38,-0.02,404,540552,卖盘
2337,11:18:39,13.4,0.01,26,34840,买盘
2338,11:18:36,13.39,--,42,56238,卖盘
2339,11:18:33,13.39,-0.01,2,2678,卖盘
2340,11:18:30,13.4,--,49,65660,买盘
2341,11:18:27,13.4,0.01,99,132660,买盘
2342,11:18:24,13.39,-0.02,912,1221168,卖盘
2343,11:18:18,13.41,-0.01,25,33525,卖盘
2344,11:18:15,13.42,0.02,12,16104,买盘
2345,11:18:12,13.4,-0.01,23,30820,卖盘
2346,11:18:09,13.41,--,14,18774,买盘
2347,11:18:06,13.41,0.01,109,146169,买盘
2348,11:18:03,13.4,--,10,13400,卖盘
2349,11:18:00,13.4,--,11,14740,卖盘
2350,11:17:57,13.4,0.01,2837,3801580,买盘
2351,11:17:54,13.39,0.01,253,338767,买盘
2352,11:17:51,13.38,--,41,54858,买盘
2353,11:17:48,13.38,0.01,110,147180,买盘
2354,11:17:45,13.37,-0.01,94,125677,卖盘
2355,11:17:42,13.38,-0.01,235,314430,卖盘
2356,11:17:39,13.39,--,16,21424,买盘
2357,11:17:36,13.39,0.01,48,64272,买盘
2358,11:17:33,13.38,-0.01,105,140490,卖盘
2359,11:17:30,13.39,0.01,20,26780,买盘
2360,11:17:27,13.38,--,232,310416,卖盘
2361,11:17:24,13.38,-0.01,21,28098,卖盘
2362,11:17:21,13.39,0.01,500,669500,买盘
2363,11:17:18,13.38,--,10,13380,卖盘
2364,11:17:15,13.38,-0.01,21,28098,卖盘
2365,11:17:12,13.39,0.01,13,17407,买盘
2366,11:17:06,13.38,--,97,129786,卖盘
2367,11:17:03,13.38,--,38,50844,卖盘
2368,11:17:00,13.38,0.01,856,1145408,买盘
2369,11:16:57,13.37,--,120,160440,卖盘
2370,11:16:54,13.37,--,64,85568,买盘
2371,11:16:51,13.37,--,15,20055,买盘
2372,11:16:48,13.37,--,114,152418,卖盘
2373,11:16:45,13.37,--,84,112308,卖盘
2374,11:16:42,13.37,-0.01,34,45458,买盘
2375,11:16:39,13.38,0.01,135,180630,买盘
2376,11:16:36,13.37,-0.01,79,105623,卖盘
2377,11:16:33,13.38,0.01,190,254220,买盘
2378,11:16:30,13.37,-0.01,451,602987,卖盘
2379,11:16:27,13.38,0.01,127,169926,买盘
2380,11:16:24,13.37,-0.01,140,187180,卖盘
2381,11:16:21,13.38,--,7,9366,买盘
2382,11:16:18,13.38,--,44,58872,买盘
2383,11:16:15,13.38,--,21,28098,买盘
2384,11:16:12,13.38,0.01,220,294360,买盘
2385,11:16:09,13.37,--,32,42784,卖盘
2386,11:16:06,13.37,--,139,185843,卖盘
2387,11:16:03,13.37,--,111,148407,卖盘
2388,11:16:00,13.37,--,64,85568,卖盘
2389,11:15:57,13.37,0.01,46,61502,买盘
2390,11:15:54,13.36,--,39,52104,卖盘
2391,11:15:51,13.36,--,313,418168,卖盘
2392,11:15:48,13.36,-0.01,73,97528,卖盘
2393,11:15:45,13.37,0.02,606,810222,买盘
2394,11:15:42,13.35,-0.01,26,34710,卖盘
2395,11:15:39,13.36,--,277,370072,买盘
2396,11:15:36,13.36,--,39,52104,买盘
2397,11:15:33,13.36,--,169,225784,买盘
2398,11:15:30,13.36,0.01,38,50768,买盘
2399,11:15:27,13.35,-0.01,123,164205,卖盘
2400,11:15:24,13.36,0.01,44,58784,买盘
2401,11:15:21,13.35,--,104,138840,卖盘
2402,11:15:18,13.35,-0.01,173,230955,中性盘
2403,11:15:15,13.36,0.02,477,637272,买盘
2404,11:15:12,13.34,--,181,241454,买盘
2405,11:15:09,13.34,0.01,23,30682,买盘
2406,11:15:06,13.33,-0.01,280,373240,卖盘
2407,11:15:03,13.34,--,162,216108,买盘
2408,11:15:00,13.34,--,74,98716,卖盘
2409,11:14:57,13.34,--,132,176088,卖盘
2410,11:14:54,13.34,--,61,81374,卖盘
2411,11:14:51,13.34,--,189,252126,卖盘
2412,11:14:48,13.34,--,1924,2566616,卖盘
2413,11:14:45,13.34,--,419,558946,卖盘
2414,11:14:42,13.34,--,229,305486,卖盘
2415,11:14:39,13.34,-0.01,132,176088,卖盘
2416,11:14:36,13.35,--,72,96120,买盘
2417,11:14:33,13.35,0.01,514,686190,买盘
2418,11:14:30,13.34,-0.01,51,68034,卖盘
2419,11:14:27,13.35,--,106,141510,卖盘
2420,11:14:24,13.35,--,123,164205,卖盘
2421,11:14:21,13.35,-0.01,892,1190820,买盘
2422,11:14:18,13.36,0.01,307,411407,买盘
2423,11:14:15,13.35,--,146,194910,卖盘
2424,11:14:12,13.35,--,350,467250,卖盘
2425,11:14:09,13.35,--,173,230955,卖盘
2426,11:14:06,13.35,-0.02,43,57405,卖盘
2427,11:14:03,13.37,0.01,492,657804,买盘
2428,11:14:00,13.36,--,78,104208,卖盘
2429,11:13:57,13.36,0.01,117,156312,卖盘
2430,11:13:54,13.35,--,801,1069335,卖盘
2431,11:13:51,13.35,--,1372,1831620,卖盘
2432,11:13:48,13.35,-0.01,48,64080,卖盘
2433,11:13:45,13.36,0.01,133,177688,买盘
2434,11:13:42,13.35,-0.01,447,596745,卖盘
2435,11:13:39,13.36,--,92,122912,买盘
2436,11:13:36,13.36,0.01,225,300600,买盘
2437,11:13:33,13.35,-0.02,52,69420,卖盘
2438,11:13:30,13.37,0.01,400,534800,买盘
2439,11:13:27,13.36,--,136,181696,卖盘
2440,11:13:24,13.36,-0.01,281,375416,卖盘
2441,11:13:21,13.37,0.02,47,62838,买盘
2442,11:13:18,13.35,-0.01,202,269670,卖盘
2443,11:13:15,13.36,--,372,496992,买盘
2444,11:13:12,13.36,--,196,261856,买盘
2445,11:13:09,13.36,--,251,335336,买盘
2446,11:13:06,13.36,--,193,257848,买盘
2447,11:13:03,13.36,--,291,388776,卖盘
2448,11:13:00,13.36,-0.01,310,414160,卖盘
2449,11:12:57,13.37,0.01,108,144396,中性盘
2450,11:12:54,13.36,-0.01,1060,1416160,卖盘
2451,11:12:51,13.37,--,27,36099,买盘
2452,11:12:48,13.37,0.01,65,86905,买盘
2453,11:12:45,13.36,--,93,124248,卖盘
2454,11:12:42,13.36,-0.01,346,462256,卖盘
2455,11:12:39,13.37,--,89,118993,买盘
2456,11:12:36,13.37,0.01,90,120597,买盘
2457,11:12:33,13.36,-0.02,417,557112,卖盘
2458,11:12:30,13.38,0.01,435,582030,买盘
2459,11:12:27,13.37,--,84,112308,买盘
2460,11:12:24,13.37,--,462,617694,买盘
2461,11:12:18,13.37,-0.01,72,96264,卖盘
2462,11:12:15,13.38,0.01,293,392034,买盘
2463,11:12:12,13.37,--,177,236649,买盘
2464,11:12:09,13.37,0.01,789,1054893,买盘
2465,11:12:06,13.36,-0.02,209,279224,卖盘
2466,11:12:03,13.38,--,2856,3822478,买盘
2467,11:12:00,13.38,--,214,286332,买盘
2468,11:11:57,13.38,0.01,51,68238,买盘
2469,11:11:54,13.37,--,168,224616,卖盘
2470,11:11:51,13.37,-0.01,74,98938,卖盘
2471,11:11:48,13.38,--,321,429498,卖盘
2472,11:11:45,13.38,--,18,24084,买盘
2473,11:11:42,13.38,0.01,124,165912,买盘
2474,11:11:39,13.37,-0.01,467,624379,卖盘
2475,11:11:36,13.38,--,49,65562,卖盘
2476,11:11:33,13.38,--,16,21408,卖盘
2477,11:11:30,13.38,-0.01,57,76266,中性盘
2478,11:11:24,13.39,--,194,259766,卖盘
2479,11:11:21,13.39,--,449,601211,卖盘
2480,11:11:18,13.39,--,282,377598,卖盘
2481,11:11:15,13.39,--,274,366886,卖盘
2482,11:11:12,13.39,--,370,495430,卖盘
2483,11:11:09,13.39,0.02,1190,1593410,买盘
2484,11:11:06,13.37,--,317,423829,卖盘
2485,11:11:03,13.37,--,314,419818,卖盘
2486,11:11:00,13.37,--,128,171136,买盘
2487,11:10:57,13.37,--,182,243334,买盘
2488,11:10:54,13.37,-0.02,1540,2058979,卖盘
2489,11:10:51,13.39,--,411,550329,买盘
2490,11:10:48,13.39,0.01,101,135239,买盘
2491,11:10:45,13.38,--,257,343866,卖盘
2492,11:10:42,13.38,-0.01,197,263586,卖盘
2493,11:10:39,13.39,--,84,112476,买盘
2494,11:10:36,13.39,0.01,53,70967,买盘
2495,11:10:33,13.38,--,252,337176,卖盘
2496,11:10:30,13.38,-0.01,617,825546,卖盘
2497,11:10:27,13.39,--,443,593177,卖盘
2498,11:10:24,13.39,--,203,271817,卖盘
2499,11:10:21,13.39,-0.01,148,198172,卖盘
2500,11:10:18,13.4,--,39,52260,卖盘
2501,11:10:15,13.4,0.02,737,987580,买盘
2502,11:10:12,13.38,-0.02,1294,1731372,卖盘
2503,11:10:09,13.4,0.01,411,550740,买盘
2504,11:10:06,13.39,-0.01,251,336089,卖盘
2505,11:10:03,13.4,--,189,253260,买盘
2506,11:10:00,13.4,--,21,28140,买盘
2507,11:09:57,13.4,0.01,260,348400,买盘
2508,11:09:54,13.39,--,40,53560,卖盘
2509,11:09:51,13.39,-0.01,99,132561,卖盘
2510,11:09:48,13.4,--,114,152760,卖盘
2511,11:09:45,13.4,--,18,24120,卖盘
2512,11:09:42,13.4,0.02,672,900480,买盘
2513,11:09:39,13.38,--,171,228798,卖盘
2514,11:09:36,13.38,-0.01,440,588720,卖盘
2515,11:09:33,13.39,--,265,354835,买盘
2516,11:09:30,13.39,-0.01,151,202189,卖盘
2517,11:09:27,13.4,0.01,124,166160,买盘
2518,11:09:24,13.39,-0.01,169,226291,卖盘
2519,11:09:21,13.4,--,66,88440,买盘
2520,11:09:18,13.4,-0.02,7937,10635580,卖盘
2521,11:09:15,13.42,-0.01,3051,4094442,卖盘
2522,11:09:12,13.43,--,10,13430,买盘
2523,11:09:09,13.43,--,177,237711,买盘
2524,11:09:06,13.43,--,116,156781,卖盘
2525,11:09:03,13.43,-0.01,185,248455,卖盘
2526,11:09:00,13.44,-0.01,137,184128,卖盘
2527,11:08:57,13.45,--,110,147950,买盘
2528,11:08:54,13.45,0.01,51,68595,买盘
2529,11:08:51,13.44,-0.01,2427,3261888,卖盘
2530,11:08:48,13.45,0.01,198,266310,买盘
2531,11:08:42,13.44,-0.01,207,278208,卖盘
2532,11:08:39,13.45,--,56,75320,买盘
2533,11:08:36,13.45,0.01,187,251515,买盘
2534,11:08:33,13.44,-0.01,198,266112,卖盘
2535,11:08:30,13.45,--,85,114325,买盘
2536,11:08:27,13.45,--,247,332215,卖盘
2537,11:08:24,13.45,--,119,160055,卖盘
2538,11:08:21,13.45,--,36,48420,卖盘
2539,11:08:18,13.45,--,68,91460,卖盘
2540,11:08:15,13.45,--,24,32280,卖盘
2541,11:08:12,13.45,0.01,76,102220,中性盘
2542,11:08:09,13.44,--,100,134400,卖盘
2543,11:08:06,13.44,-0.01,251,337344,卖盘
2544,11:08:03,13.45,-0.01,933,1254885,卖盘
2545,11:08:00,13.46,--,25,33650,买盘
2546,11:07:57,13.46,--,22,29612,卖盘
2547,11:07:54,13.46,--,49,65954,买盘
2548,11:07:51,13.46,--,382,514172,卖盘
2549,11:07:48,13.46,0.01,314,422644,买盘
2550,11:07:45,13.45,-0.02,1404,1888380,卖盘
2551,11:07:42,13.47,0.01,121,162987,买盘
2552,11:07:39,13.46,0.01,25,33650,买盘
2553,11:07:33,13.45,--,51,68595,卖盘
2554,11:07:30,13.45,--,88,118360,卖盘
2555,11:07:27,13.45,-0.01,51,68595,卖盘
2556,11:07:24,13.46,0.01,23,30958,买盘
2557,11:07:21,13.45,-0.01,129,173505,卖盘
2558,11:07:18,13.46,-0.01,83,111718,卖盘
2559,11:07:15,13.47,0.01,280,377160,买盘
2560,11:07:12,13.46,-0.01,9,12114,卖盘
2561,11:07:09,13.47,0.01,84,113148,买盘
2562,11:07:06,13.46,--,45,60570,买盘
2563,11:07:03,13.46,0.01,235,316310,中性盘
2564,11:07:00,13.45,-0.01,115,154675,卖盘
2565,11:06:57,13.46,0.01,409,550514,买盘
2566,11:06:54,13.45,--,203,273035,卖盘
2567,11:06:51,13.45,--,37,49765,卖盘
2568,11:06:48,13.45,-0.01,129,173505,卖盘
2569,11:06:45,13.46,--,79,106334,买盘
2570,11:06:42,13.46,--,76,102296,买盘
2571,11:06:39,13.46,--,106,142676,买盘
2572,11:06:36,13.46,0.01,68,91528,买盘
2573,11:06:33,13.45,-0.01,56,75320,卖盘
2574,11:06:30,13.46,--,109,146714,买盘
2575,11:06:27,13.46,0.01,5,6730,买盘
2576,11:06:24,13.45,-0.01,123,165435,卖盘
2577,11:06:21,13.46,--,17,22882,买盘
2578,11:06:18,13.46,-0.01,173,232858,卖盘
2579,11:06:15,13.47,--,39,52533,买盘
2580,11:06:12,13.47,0.01,59,79473,买盘
2581,11:06:09,13.46,--,76,102296,卖盘
2582,11:06:06,13.46,--,21,28266,卖盘
2583,11:06:03,13.46,--,32,43072,卖盘
2584,11:06:00,13.46,--,16,21536,卖盘
2585,11:05:57,13.46,--,79,106334,卖盘
2586,11:05:51,13.46,0.01,6,8076,买盘
2587,11:05:48,13.45,-0.01,147,197715,卖盘
2588,11:05:45,13.46,--,167,224782,买盘
2589,11:05:42,13.46,--,118,158828,买盘
2590,11:05:39,13.46,--,182,244972,买盘
2591,11:05:36,13.46,--,40,53840,买盘
2592,11:05:33,13.46,--,68,91528,买盘
2593,11:05:30,13.46,--,423,569358,卖盘
2594,11:05:27,13.46,--,20,26920,卖盘
2595,11:05:24,13.46,-0.01,15,20190,卖盘
2596,11:05:21,13.47,0.01,123,165681,买盘
2597,11:05:18,13.46,-0.01,224,301504,卖盘
2598,11:05:15,13.47,--,413,556311,买盘
2599,11:05:12,13.47,--,153,206091,买盘
2600,11:05:09,13.47,--,40,53880,买盘
2601,11:05:06,13.47,--,10,13470,买盘
2602,11:05:03,13.47,--,40,53880,买盘
2603,11:05:00,13.47,0.01,246,331362,买盘
2604,11:04:57,13.46,-0.01,14,18844,卖盘
2605,11:04:54,13.47,--,35,47145,买盘
2606,11:04:51,13.47,--,16,21552,买盘
2607,11:04:45,13.47,--,76,102372,买盘
2608,11:04:42,13.47,--,12,16164,买盘
2609,11:04:39,13.47,--,86,115842,买盘
2610,11:04:36,13.47,0.01,139,187233,买盘
2611,11:04:33,13.46,-0.01,50,67300,卖盘
2612,11:04:30,13.47,--,25,33675,买盘
2613,11:04:24,13.47,--,24,32328,买盘
2614,11:04:21,13.47,--,165,222255,买盘
2615,11:04:18,13.47,--,22,29634,买盘
2616,11:04:15,13.47,--,133,179151,买盘
2617,11:04:12,13.47,0.01,48,64656,买盘
2618,11:04:09,13.46,-0.01,178,239588,卖盘
2619,11:04:06,13.47,--,50,67350,买盘
2620,11:04:03,13.47,--,1119,1507293,卖盘
2621,11:04:00,13.47,--,5,6735,卖盘
2622,11:03:57,13.47,--,104,140088,卖盘
2623,11:03:48,13.47,--,30,40410,卖盘
2624,11:03:45,13.47,--,12,16164,卖盘
2625,11:03:42,13.47,--,93,125271,买盘
2626,11:03:39,13.47,--,14,18858,买盘
2627,11:03:36,13.47,0.01,22,29634,卖盘
2628,11:03:33,13.46,-0.01,133,179018,卖盘
2629,11:03:30,13.47,-0.01,16,21552,卖盘
2630,11:03:27,13.48,0.01,717,966516,买盘
2631,11:03:24,13.47,--,7,9429,买盘
2632,11:03:21,13.47,0.01,250,336750,买盘
2633,11:03:18,13.46,--,18,24228,卖盘
2634,11:03:15,13.46,-0.01,11,14806,卖盘
2635,11:03:12,13.47,--,82,110454,买盘
2636,11:03:09,13.47,0.01,127,171069,买盘
2637,11:03:06,13.46,-0.01,128,172288,卖盘
2638,11:03:03,13.47,0.01,25,33675,买盘
2639,11:03:00,13.46,-0.01,358,481868,卖盘
2640,11:02:57,13.47,0.01,17,22899,买盘
2641,11:02:54,13.46,--,84,113064,卖盘
2642,11:02:51,13.46,--,43,57878,卖盘
2643,11:02:48,13.46,0.01,17,22882,卖盘
2644,11:02:45,13.45,-0.01,124,166780,卖盘
2645,11:02:42,13.46,--,233,313618,卖盘
2646,11:02:39,13.46,-0.01,342,460332,卖盘
2647,11:02:33,13.47,0.01,80,107760,买盘
2648,11:02:30,13.46,-0.01,5,6730,卖盘
2649,11:02:27,13.47,0.02,45,60615,买盘
2650,11:02:24,13.45,-0.01,182,244790,卖盘
2651,11:02:21,13.46,--,42,56532,买盘
2652,11:02:18,13.46,-0.01,384,516864,卖盘
2653,11:02:15,13.47,0.01,58,78126,买盘
2654,11:02:12,13.46,--,64,86144,卖盘
2655,11:02:09,13.46,--,29,39034,卖盘
2656,11:02:06,13.46,--,121,162866,卖盘
2657,11:02:03,13.46,-0.01,204,274584,卖盘
2658,11:02:00,13.47,0.01,829,1116663,买盘
2659,11:01:57,13.46,--,114,153444,买盘
2660,11:01:54,13.46,-0.01,413,555898,卖盘
2661,11:01:51,13.47,--,21,28287,买盘
2662,11:01:48,13.47,0.01,14,18858,买盘
2663,11:01:45,13.46,-0.01,100,134600,卖盘
2664,11:01:42,13.47,0.01,95,127965,买盘
2665,11:01:39,13.46,-0.01,53,71338,卖盘
2666,11:01:36,13.47,0.01,24,32328,买盘
2667,11:01:33,13.46,-0.01,22,29612,卖盘
2668,11:01:30,13.47,0.01,38,51186,买盘
2669,11:01:27,13.46,0.01,41,55186,中性盘
2670,11:01:24,13.45,--,86,115670,卖盘
2671,11:01:21,13.45,-0.02,1223,1644935,卖盘
2672,11:01:18,13.47,0.01,161,216867,买盘
2673,11:01:15,13.46,-0.01,37,49802,卖盘
2674,11:01:12,13.47,--,62,83514,买盘
2675,11:01:09,13.47,--,57,76779,买盘
2676,11:01:06,13.47,0.02,178,239766,买盘
2677,11:01:03,13.45,-0.02,209,281105,卖盘
2678,11:01:00,13.47,0.01,156,210132,买盘
2679,11:00:57,13.46,--,256,344576,卖盘
2680,11:00:54,13.46,-0.01,5,6730,卖盘
2681,11:00:51,13.47,0.01,89,119883,买盘
2682,11:00:48,13.46,-0.01,181,243626,卖盘
2683,11:00:45,13.47,0.01,150,202050,买盘
2684,11:00:42,13.46,--,158,212668,卖盘
2685,11:00:39,13.46,--,49,65954,卖盘
2686,11:00:36,13.46,0.01,152,204592,中性盘
2687,11:00:33,13.45,-0.01,275,369875,卖盘
2688,11:00:30,13.46,--,561,755106,买盘
2689,11:00:27,13.46,--,19,25574,买盘
2690,11:00:24,13.46,--,205,275930,买盘
2691,11:00:21,13.46,--,85,114410,买盘
2692,11:00:18,13.46,0.01,259,348614,买盘
2693,11:00:15,13.45,--,273,367185,卖盘
2694,11:00:12,13.45,-0.01,258,347010,卖盘
2695,11:00:09,13.46,0.01,267,359382,买盘
2696,11:00:06,13.45,--,474,637530,卖盘
2697,11:00:03,13.45,--,96,129120,卖盘
2698,11:00:00,13.45,--,449,603905,卖盘
2699,10:59:57,13.45,--,258,347010,卖盘
2700,10:59:54,13.45,--,60,80700,卖盘
2701,10:59:51,13.45,-0.01,231,311044,卖盘
2702,10:59:48,13.46,0.01,399,537054,中性盘
2703,10:59:45,13.45,-0.02,500,672500,卖盘
2704,10:59:42,13.47,0.02,92,123924,买盘
2705,10:59:39,13.45,-0.02,2,2690,卖盘
2706,10:59:36,13.47,0.01,768,1034496,买盘
2707,10:59:33,13.46,-0.01,100,134600,卖盘
2708,10:59:30,13.47,0.01,53,71391,买盘
2709,10:59:27,13.46,--,55,74030,卖盘
2710,10:59:24,13.46,--,782,1052572,买盘
2711,10:59:21,13.46,--,113,152098,买盘
2712,10:59:18,13.46,0.01,192,258432,买盘
2713,10:59:15,13.45,-0.01,242,325490,卖盘
2714,10:59:12,13.46,--,319,429374,买盘
2715,10:59:09,13.46,0.01,98,131908,买盘
2716,10:59:06,13.45,-0.01,669,899805,卖盘
2717,10:59:03,13.46,--,397,534362,卖盘
2718,10:59:00,13.46,-0.01,4825,6494450,卖盘
2719,10:58:57,13.47,0.01,227,305769,买盘
2720,10:58:54,13.46,-0.01,23,30958,卖盘
2721,10:58:51,13.47,-0.01,5281,7113507,卖盘
2722,10:58:45,13.48,--,83,111884,买盘
2723,10:58:42,13.48,-0.01,9346,12598408,卖盘
2724,10:58:39,13.49,--,235,317015,卖盘
2725,10:58:36,13.49,--,164,221236,卖盘
2726,10:58:33,13.49,--,75,101175,卖盘
2727,10:58:30,13.49,--,662,893038,卖盘
2728,10:58:27,13.49,-0.01,758,1022542,卖盘
2729,10:58:24,13.5,0.01,105,141750,买盘
2730,10:58:21,13.49,-0.01,269,362881,卖盘
2731,10:58:18,13.5,0.01,63,85050,买盘
2732,10:58:12,13.49,-0.01,1178,1589122,卖盘
2733,10:58:09,13.5,--,19,25650,买盘
2734,10:58:06,13.5,--,157,212355,卖盘
2735,10:58:03,13.5,--,210,283500,卖盘
2736,10:58:00,13.5,--,97,130950,卖盘
2737,10:57:57,13.5,-0.01,61,82350,卖盘
2738,10:57:54,13.51,0.01,15,20265,买盘
2739,10:57:51,13.5,--,5,6750,卖盘
2740,10:57:48,13.5,--,61,82350,卖盘
2741,10:57:45,13.5,-0.02,810,1093500,卖盘
2742,10:57:42,13.52,0.02,51,68952,买盘
2743,10:57:36,13.5,-0.02,20,27000,卖盘
2744,10:57:33,13.52,0.02,87,117624,买盘
2745,10:57:30,13.5,-0.01,89,120150,卖盘
2746,10:57:27,13.51,-0.01,13,17563,买盘
2747,10:57:24,13.52,0.01,1823,2464696,买盘
2748,10:57:21,13.51,--,3578,4833878,卖盘
2749,10:57:18,13.51,-0.01,12,16212,卖盘
2750,10:57:15,13.52,--,358,484016,买盘
2751,10:57:12,13.52,0.01,50,67600,买盘
2752,10:57:09,13.51,--,44,59444,卖盘
