,time,price,change,volume,amount,type
0,15:00:03,7.64,0.01,5014,3830696,买盘
1,14:57:00,7.63,--,213,162519,卖盘
2,14:56:57,7.63,-0.01,67,51121,卖盘
3,14:56:54,7.64,--,6,4584,买盘
4,14:56:48,7.64,0.01,87,66468,买盘
5,14:56:45,7.63,-0.01,740,564620,卖盘
6,14:56:42,7.64,--,623,475972,买盘
7,14:56:39,7.64,0.01,3,2292,买盘
8,14:56:36,7.63,--,18,13734,卖盘
9,14:56:33,7.63,--,71,54173,卖盘
10,14:56:30,7.63,--,406,309778,买盘
11,14:56:27,7.63,--,13,9919,买盘
12,14:56:24,7.63,0.01,55,41965,买盘
13,14:56:21,7.62,-0.01,61,46482,卖盘
14,14:56:18,7.63,0.01,3,2289,中性盘
15,14:56:15,7.62,-0.01,219,166878,卖盘
16,14:56:12,7.63,--,67,51121,买盘
17,14:56:09,7.63,--,1531,1168153,买盘
18,14:56:06,7.63,--,55,41965,买盘
19,14:56:03,7.63,0.01,95,72485,买盘
20,14:56:00,7.62,-0.01,3509,2673858,卖盘
21,14:55:57,7.63,--,213,162519,卖盘
22,14:55:54,7.63,-0.01,17,12971,卖盘
23,14:55:51,7.64,--,16,12224,买盘
24,14:55:48,7.64,--,108,82512,买盘
25,14:55:45,7.64,--,5,3820,买盘
26,14:55:42,7.64,0.01,36,27504,买盘
27,14:55:39,7.63,--,178,135814,卖盘
28,14:55:36,7.63,--,50,38150,卖盘
29,14:55:33,7.63,--,48,36624,卖盘
30,14:55:30,7.63,-0.01,477,363951,卖盘
31,14:55:27,7.64,0.01,15,11460,买盘
32,14:55:24,7.63,--,800,610400,买盘
33,14:55:21,7.63,--,19,14497,买盘
34,14:55:18,7.63,--,6,4578,买盘
35,14:55:15,7.63,0.01,66,50358,买盘
36,14:55:12,7.62,-0.01,34,25908,卖盘
37,14:55:09,7.63,--,5,3815,买盘
38,14:55:06,7.63,0.01,88,67144,买盘
39,14:55:03,7.62,--,137,104394,卖盘
40,14:55:00,7.62,--,53,40386,卖盘
41,14:54:57,7.62,0.01,23,18074,买盘
42,14:54:54,7.61,-0.01,10,7610,卖盘
43,14:54:51,7.62,--,115,88338,买盘
44,14:54:48,7.62,--,15,11430,买盘
45,14:54:45,7.62,--,139,105918,买盘
46,14:54:42,7.62,-0.02,3834,2921721,卖盘
47,14:54:39,7.64,--,70,53480,买盘
48,14:54:36,7.64,0.01,30,22920,买盘
49,14:54:33,7.63,--,104,79352,卖盘
50,14:54:27,7.63,--,54,41202,卖盘
51,14:54:24,7.63,--,25,19075,卖盘
52,14:54:21,7.63,--,5,3815,卖盘
53,14:54:15,7.63,-0.01,67,51121,卖盘
54,14:54:12,7.64,--,38,29032,买盘
55,14:54:09,7.64,0.01,5,4545,买盘
56,14:54:06,7.63,--,235,179305,卖盘
57,14:54:03,7.63,--,134,102242,卖盘
58,14:54:00,7.63,--,70,53410,卖盘
59,14:53:57,7.63,-0.01,61,46543,卖盘
60,14:53:54,7.64,--,120,91680,买盘
61,14:53:51,7.64,--,117,89388,买盘
62,14:53:48,7.64,--,101,77164,买盘
63,14:53:45,7.64,--,132,100848,买盘
64,14:53:42,7.64,0.01,234,178776,买盘
65,14:53:36,7.63,--,58,44254,卖盘
66,14:53:33,7.63,--,100,76300,卖盘
67,14:53:30,7.63,-0.01,30,22890,卖盘
68,14:53:27,7.64,--,5,3820,买盘
69,14:53:24,7.64,--,159,121476,买盘
70,14:53:21,7.64,--,171,130644,买盘
71,14:53:18,7.64,0.01,50,38200,买盘
72,14:53:15,7.63,-0.01,10,7630,卖盘
73,14:53:12,7.64,0.01,26,20322,买盘
74,14:53:09,7.63,-0.01,111,84693,卖盘
75,14:53:06,7.64,0.01,40,30560,买盘
76,14:53:03,7.63,-0.01,156,119028,卖盘
77,14:53:00,7.64,--,15,11460,买盘
78,14:52:57,7.64,0.01,9,6876,买盘
79,14:52:54,7.63,-0.01,6,4578,卖盘
80,14:52:51,7.64,--,55,42020,买盘
81,14:52:48,7.64,0.01,1,764,买盘
82,14:52:45,7.63,-0.01,40,30520,卖盘
83,14:52:39,7.64,0.01,7,5348,买盘
84,14:52:36,7.63,--,167,127649,卖盘
85,14:52:33,7.63,--,180,137340,卖盘
86,14:52:30,7.63,-0.01,50,38150,卖盘
87,14:52:27,7.64,0.01,48,36672,买盘
88,14:52:24,7.63,-0.01,10,7630,卖盘
89,14:52:21,7.64,--,6,4584,买盘
90,14:52:18,7.64,0.01,123,94124,买盘
91,14:52:15,7.63,-0.01,80,61040,卖盘
92,14:52:12,7.64,--,26,19864,买盘
93,14:52:06,7.64,0.01,40,31056,买盘
94,14:52:03,7.63,--,115,87745,卖盘
95,14:52:00,7.63,-0.01,4,3052,卖盘
96,14:51:54,7.64,--,37,28268,买盘
97,14:51:48,7.64,0.01,1,764,买盘
98,14:51:42,7.63,--,47,35861,卖盘
99,14:51:39,7.63,-0.01,9,6867,中性盘
100,14:51:36,7.64,0.02,137,104668,买盘
101,14:51:33,7.62,-0.01,131,99822,卖盘
102,14:51:30,7.63,--,52,39676,买盘
103,14:51:27,7.63,--,172,131403,卖盘
104,14:51:24,7.63,--,6,4578,卖盘
105,14:51:21,7.63,--,90,68670,卖盘
106,14:51:18,7.63,--,94,71722,卖盘
107,14:51:15,7.63,0.01,26,20433,买盘
108,14:51:09,7.62,-0.01,191,145557,卖盘
109,14:51:06,7.63,0.01,67,51121,买盘
110,14:51:03,7.62,-0.01,162,123444,卖盘
111,14:51:00,7.63,--,1,763,买盘
112,14:50:57,7.63,--,15,11612,卖盘
113,14:50:54,7.63,-0.01,4,3052,卖盘
114,14:50:51,7.64,--,196,149744,买盘
115,14:50:48,7.64,--,57,43548,买盘
116,14:50:45,7.64,--,215,164260,买盘
117,14:50:36,7.64,--,20,15280,买盘
118,14:50:33,7.64,0.01,282,216043,买盘
119,14:50:30,7.63,--,25,19075,买盘
120,14:50:27,7.63,0.01,130,99190,买盘
121,14:50:24,7.62,-0.01,5,3810,卖盘
122,14:50:21,7.63,-0.01,302,230593,卖盘
123,14:50:18,7.64,0.01,53,40492,买盘
124,14:50:15,7.63,--,1122,856086,卖盘
125,14:50:12,7.63,--,10,7630,卖盘
126,14:50:09,7.63,-0.01,168,128199,卖盘
127,14:50:06,7.64,0.01,42,32088,买盘
128,14:50:03,7.63,--,213,162519,卖盘
129,14:50:00,7.63,--,118,90034,卖盘
130,14:49:57,7.63,--,1,763,卖盘
131,14:49:54,7.63,-0.01,5,3815,卖盘
132,14:49:51,7.64,--,101,77164,买盘
133,14:49:48,7.64,--,562,429368,买盘
134,14:49:42,7.64,0.01,94,71816,买盘
135,14:49:39,7.63,-0.01,9,6867,卖盘
136,14:49:36,7.64,0.01,330,252120,买盘
137,14:49:33,7.63,--,207,157941,卖盘
138,14:49:30,7.63,--,2,1526,卖盘
139,14:49:24,7.63,--,114,86982,卖盘
140,14:49:21,7.63,-0.01,3,2289,卖盘
141,14:49:18,7.64,--,11,8404,买盘
142,14:49:12,7.64,--,2,1528,买盘
143,14:49:09,7.64,0.01,79,60822,买盘
144,14:49:06,7.63,--,85,64855,卖盘
145,14:49:03,7.63,--,158,120554,卖盘
146,14:49:00,7.63,--,21,16023,卖盘
147,14:48:57,7.63,--,43,32809,卖盘
148,14:48:54,7.63,-0.01,17,12971,卖盘
149,14:48:51,7.64,0.01,205,156620,买盘
150,14:48:48,7.63,--,71,54173,卖盘
151,14:48:45,7.63,-0.01,40,30520,卖盘
152,14:48:42,7.64,--,2,1528,买盘
153,14:48:39,7.64,0.01,234,178776,买盘
154,14:48:36,7.63,--,28,21364,卖盘
155,14:48:33,7.63,-0.01,95,72485,卖盘
156,14:48:30,7.64,0.01,160,122240,买盘
157,14:48:27,7.63,-0.01,20,15260,卖盘
158,14:48:24,7.64,0.01,11,8404,买盘
159,14:48:21,7.63,--,10,7630,卖盘
160,14:48:18,7.63,-0.01,2,1526,卖盘
161,14:48:12,7.64,--,11,8404,买盘
162,14:48:09,7.64,--,5,3820,买盘
163,14:48:06,7.64,0.01,117,89388,买盘
164,14:48:03,7.63,-0.01,120,91560,卖盘
165,14:48:00,7.64,--,27,20628,买盘
166,14:47:57,7.64,--,28,21392,买盘
167,14:47:54,7.64,--,501,383337,卖盘
168,14:47:51,7.64,-0.01,69,52716,卖盘
169,14:47:48,7.65,0.01,8,6448,买盘
170,14:47:45,7.64,--,502,383528,卖盘
171,14:47:42,7.64,--,7,5348,卖盘
172,14:47:39,7.64,--,32,24448,卖盘
173,14:47:36,7.64,--,34,25976,卖盘
174,14:47:33,7.64,--,491,375124,卖盘
175,14:47:30,7.64,--,2,1528,卖盘
176,14:47:24,7.64,-0.01,4,3056,卖盘
177,14:47:21,7.65,--,61,46665,买盘
178,14:47:18,7.65,--,27,20655,买盘
179,14:47:15,7.65,--,4,3060,买盘
180,14:47:06,7.65,0.01,43,32910,买盘
181,14:47:03,7.64,--,117,89388,卖盘
182,14:47:00,7.64,--,101,77164,卖盘
183,14:46:57,7.64,-0.01,1141,871724,卖盘
184,14:46:54,7.65,0.01,5,3825,买盘
185,14:46:51,7.64,-0.01,13,9932,卖盘
186,14:46:48,7.65,--,2,1530,买盘
187,14:46:45,7.65,--,5,3825,买盘
188,14:46:42,7.65,0.01,129,98685,买盘
189,14:46:39,7.64,-0.01,44,33616,卖盘
190,14:46:36,7.65,0.01,1075,822375,买盘
191,14:46:33,7.64,--,4081,3117884,卖盘
192,14:46:30,7.64,-0.01,2,1528,卖盘
193,14:46:27,7.65,0.01,1,765,买盘
194,14:46:24,7.64,--,23,17572,卖盘
195,14:46:21,7.64,-0.01,4,3056,卖盘
196,14:46:18,7.65,--,3,2295,买盘
197,14:46:09,7.65,--,2,1530,买盘
198,14:46:06,7.65,0.01,42,32145,买盘
199,14:46:03,7.64,-0.01,117,89388,卖盘
200,14:45:57,7.65,0.01,58,44370,买盘
201,14:45:54,7.64,-0.01,8,6112,卖盘
202,14:45:48,7.65,--,21,16065,买盘
203,14:45:42,7.65,0.01,20,15300,买盘
204,14:45:39,7.64,-0.01,101,77164,卖盘
205,14:45:33,7.65,0.01,93,71145,买盘
206,14:45:30,7.64,-0.01,2,1528,卖盘
207,14:45:27,7.65,0.01,4,3060,买盘
208,14:45:24,7.64,-0.01,2,1528,卖盘
209,14:45:18,7.65,--,6,4590,买盘
210,14:45:15,7.65,--,46,35190,买盘
211,14:45:12,7.65,--,81,61965,买盘
212,14:45:09,7.65,--,24,18360,买盘
213,14:45:06,7.65,0.01,235,179775,买盘
214,14:45:03,7.64,-0.01,148,113247,卖盘
215,14:45:00,7.65,--,186,142290,买盘
216,14:44:57,7.65,--,103,78795,买盘
217,14:44:54,7.65,0.01,1,765,买盘
218,14:44:51,7.64,-0.01,6,4584,卖盘
219,14:44:48,7.65,0.01,23,17595,买盘
220,14:44:42,7.64,--,9,6876,卖盘
221,14:44:39,7.64,-0.01,5,3820,卖盘
222,14:44:36,7.65,0.01,26,19890,买盘
223,14:44:33,7.64,-0.01,80,61120,卖盘
224,14:44:30,7.65,--,38,29070,买盘
225,14:44:24,7.65,0.01,5,3825,买盘
226,14:44:18,7.64,-0.01,2,1528,卖盘
227,14:44:15,7.65,--,26,19890,买盘
228,14:44:12,7.65,--,2,1530,买盘
229,14:44:09,7.65,--,20,15300,买盘
230,14:44:06,7.65,--,390,298893,卖盘
231,14:44:03,7.65,--,122,93352,卖盘
232,14:44:00,7.65,-0.01,118,90270,卖盘
233,14:43:57,7.66,0.01,281,215246,买盘
234,14:43:54,7.65,--,110,84150,卖盘
235,14:43:51,7.65,--,3,2295,卖盘
236,14:43:48,7.65,--,17,13005,卖盘
237,14:43:45,7.65,--,235,179775,卖盘
238,14:43:42,7.65,--,30,22950,卖盘
239,14:43:39,7.65,-0.01,1,765,卖盘
240,14:43:36,7.66,0.01,8,6128,买盘
241,14:43:33,7.65,--,110,84150,卖盘
242,14:43:30,7.65,-0.01,255,195075,卖盘
243,14:43:27,7.66,--,8,6128,买盘
244,14:43:24,7.66,0.01,234,179244,买盘
245,14:43:21,7.65,-0.01,6,4590,卖盘
246,14:43:18,7.66,0.01,294,225204,买盘
247,14:43:12,7.65,-0.01,16,12240,卖盘
248,14:43:09,7.66,--,19,14554,买盘
249,14:43:06,7.66,0.01,210,160860,买盘
250,14:43:03,7.65,--,117,89520,卖盘
251,14:43:00,7.65,--,214,163710,卖盘
252,14:42:57,7.65,--,7,5355,卖盘
253,14:42:51,7.65,-0.01,10,7650,卖盘
254,14:42:48,7.66,0.01,2,1532,买盘
255,14:42:45,7.65,--,55,42075,卖盘
256,14:42:42,7.65,--,1,765,卖盘
257,14:42:39,7.65,-0.01,36,27540,卖盘
258,14:42:36,7.66,0.01,5,3830,买盘
259,14:42:33,7.65,-0.01,85,65025,卖盘
260,14:42:30,7.66,--,11,8426,买盘
261,14:42:24,7.66,0.01,1,766,买盘
262,14:42:21,7.65,-0.01,23,17595,卖盘
263,14:42:18,7.66,--,4,3064,买盘
264,14:42:15,7.66,0.01,10,7660,买盘
265,14:42:12,7.65,--,5,3825,卖盘
266,14:42:09,7.65,-0.01,3,2295,卖盘
267,14:42:06,7.66,0.01,36,27576,买盘
268,14:42:03,7.65,--,116,88740,卖盘
269,14:42:00,7.65,-0.01,76,58155,卖盘
270,14:41:57,7.66,0.01,102,78132,买盘
271,14:41:54,7.65,--,10,7650,卖盘
272,14:41:48,7.65,--,5,3825,卖盘
273,14:41:45,7.65,-0.01,8,6120,卖盘
274,14:41:36,7.66,0.01,27,20682,买盘
275,14:41:33,7.65,--,1708,1306620,卖盘
276,14:41:27,7.65,-0.01,80,61200,卖盘
277,14:41:24,7.66,0.01,34,26044,买盘
278,14:41:21,7.65,-0.01,811,620415,卖盘
279,14:41:18,7.66,0.01,10,7660,买盘
280,14:41:12,7.65,-0.01,5,3825,卖盘
281,14:41:09,7.66,0.01,245,187670,买盘
282,14:41:06,7.65,--,110,84150,卖盘
283,14:41:03,7.65,--,116,88740,卖盘
284,14:41:00,7.65,--,31,24357,卖盘
285,14:40:57,7.65,-0.01,135,103275,卖盘
286,14:40:54,7.66,0.01,25,19150,买盘
287,14:40:51,7.65,-0.01,8,6120,卖盘
288,14:40:48,7.66,0.01,2,1532,买盘
289,14:40:45,7.65,--,37,28305,卖盘
290,14:40:42,7.65,-0.01,24,18360,卖盘
291,14:40:39,7.66,0.01,2,1532,买盘
292,14:40:36,7.65,--,131,100215,卖盘
293,14:40:33,7.65,--,433,331245,卖盘
294,14:40:30,7.65,--,24,18360,卖盘
295,14:40:27,7.65,--,26,19890,卖盘
296,14:40:12,7.65,-0.01,23,17595,卖盘
297,14:40:06,7.66,0.01,35,26810,买盘
298,14:40:03,7.65,--,122,93330,卖盘
299,14:40:00,7.65,--,62,47720,买盘
300,14:39:57,7.65,--,26,19890,买盘
301,14:39:51,7.65,0.01,281,214965,买盘
302,14:39:48,7.64,-0.01,62,47368,卖盘
303,14:39:45,7.65,0.01,2,1530,买盘
304,14:39:42,7.64,-0.01,16,12224,卖盘
305,14:39:39,7.65,--,34,26010,买盘
306,14:39:36,7.65,--,166,127571,卖盘
307,14:39:33,7.65,-0.01,82,62730,卖盘
308,14:39:30,7.66,0.01,90,68940,买盘
309,14:39:27,7.65,-0.01,66,50490,卖盘
310,14:39:24,7.66,--,47,36155,买盘
311,14:39:21,7.66,0.01,504,386064,买盘
312,14:39:18,7.65,--,10,7650,卖盘
313,14:39:12,7.65,-0.01,85,65025,卖盘
314,14:39:09,7.66,--,115,88090,买盘
315,14:39:06,7.66,0.01,80,61280,买盘
316,14:39:03,7.65,-0.01,125,95625,卖盘
317,14:39:00,7.66,0.01,515,394490,买盘
318,14:38:57,7.65,-0.01,1368,1046971,卖盘
319,14:38:54,7.66,--,23,17618,买盘
320,14:38:51,7.66,0.01,46,35236,买盘
321,14:38:48,7.65,--,9,6885,卖盘
322,14:38:45,7.65,-0.01,1,765,卖盘
323,14:38:42,7.66,0.01,5,3830,买盘
324,14:38:39,7.65,--,121,92565,卖盘
325,14:38:36,7.65,--,7,5355,卖盘
326,14:38:33,7.65,-0.01,98,74970,卖盘
327,14:38:30,7.66,--,111,85026,买盘
328,14:38:24,7.66,0.01,115,88090,买盘
329,14:38:21,7.65,-0.01,1,765,卖盘
330,14:38:18,7.66,0.01,5,3830,买盘
331,14:38:15,7.65,-0.01,51,39015,卖盘
332,14:38:12,7.66,--,25,19150,买盘
333,14:38:06,7.66,0.01,40,30640,买盘
334,14:38:03,7.65,--,367,280755,卖盘
335,14:38:00,7.65,--,58,44370,卖盘
336,14:37:57,7.65,-0.01,27,20655,卖盘
337,14:37:48,7.66,0.01,50,38300,买盘
338,14:37:45,7.65,-0.01,40,30600,卖盘
339,14:37:42,7.66,0.01,22,16852,买盘
340,14:37:39,7.65,--,290,221850,卖盘
341,14:37:36,7.65,--,20,15644,卖盘
342,14:37:33,7.65,--,80,61200,卖盘
343,14:37:30,7.65,--,7,5355,卖盘
344,14:37:27,7.65,-0.01,204,156060,卖盘
345,14:37:24,7.66,0.01,46,35236,买盘
346,14:37:21,7.65,-0.01,13,9945,卖盘
347,14:37:18,7.66,0.01,96,73536,买盘
348,14:37:15,7.65,--,421,322065,买盘
349,14:37:12,7.65,--,11,8415,买盘
350,14:37:09,7.65,--,136,104040,买盘
351,14:37:06,7.65,0.01,106,81090,买盘
352,14:37:03,7.64,-0.01,138,105432,卖盘
353,14:37:00,7.65,--,111,84915,买盘
354,14:36:57,7.65,--,2,1545,买盘
355,14:36:54,7.65,--,103,78795,买盘
356,14:36:51,7.65,--,69,52785,买盘
357,14:36:48,7.65,--,110,84150,买盘
358,14:36:45,7.65,--,407,311355,买盘
359,14:36:42,7.65,--,36,27540,买盘
360,14:36:36,7.65,0.01,88,67320,买盘
361,14:36:33,7.64,--,149,113836,卖盘
362,14:36:30,7.64,-0.01,62,47368,卖盘
363,14:36:27,7.65,0.01,39,29835,买盘
364,14:36:24,7.64,-0.01,8,6112,卖盘
365,14:36:21,7.65,--,5,3825,买盘
366,14:36:18,7.65,--,122,93330,买盘
367,14:36:15,7.65,--,1,765,买盘
368,14:36:12,7.65,--,93,71145,买盘
369,14:36:09,7.65,--,50,38250,买盘
370,14:36:06,7.65,0.01,70,53550,买盘
371,14:36:03,7.64,-0.01,82,62648,卖盘
372,14:36:00,7.65,--,30,22950,买盘
373,14:35:57,7.65,0.01,177,135405,买盘
374,14:35:54,7.64,-0.01,0,15,卖盘
375,14:35:51,7.65,--,5,3825,买盘
376,14:35:48,7.65,--,62,47430,买盘
377,14:35:45,7.65,0.01,20,15300,买盘
378,14:35:36,7.64,-0.01,3,2292,卖盘
379,14:35:33,7.65,0.01,85,65025,买盘
380,14:35:30,7.64,-0.01,10,7640,卖盘
381,14:35:27,7.65,--,96,73440,买盘
382,14:35:21,7.65,--,110,84150,买盘
383,14:35:15,7.65,--,14,10710,买盘
384,14:35:12,7.65,--,11,8415,买盘
385,14:35:09,7.65,--,7,5355,买盘
386,14:35:06,7.65,--,56,42840,买盘
387,14:35:03,7.65,--,247,188955,买盘
388,14:35:00,7.65,--,8,6120,买盘
389,14:34:57,7.65,--,136,104040,买盘
390,14:34:54,7.65,--,800,612015,买盘
391,14:34:51,7.65,--,50,38250,买盘
392,14:34:48,7.65,--,15,11475,买盘
393,14:34:45,7.65,--,53,40545,买盘
394,14:34:42,7.65,0.01,128,97920,买盘
395,14:34:39,7.64,-0.01,50,38200,卖盘
396,14:34:36,7.65,0.01,6,4590,买盘
397,14:34:33,7.64,--,86,65704,卖盘
398,14:34:30,7.64,-0.01,3,2292,卖盘
399,14:34:27,7.65,--,41,31365,买盘
400,14:34:24,7.65,--,40,30600,买盘
401,14:34:18,7.65,0.01,145,110925,买盘
402,14:34:15,7.64,-0.01,39,29796,卖盘
403,14:34:09,7.65,--,6,4590,买盘
404,14:34:06,7.65,0.01,229,175185,买盘
405,14:34:03,7.64,-0.01,115,87860,卖盘
406,14:34:00,7.65,0.01,47,35955,买盘
407,14:33:57,7.64,-0.01,104,79456,卖盘
408,14:33:54,7.65,--,36,27914,买盘
409,14:33:51,7.65,--,32,24480,买盘
410,14:33:48,7.65,0.01,14,10710,买盘
411,14:33:45,7.64,--,36,27504,卖盘
412,14:33:42,7.64,-0.01,8,6112,卖盘
413,14:33:39,7.65,--,292,223380,买盘
414,14:33:36,7.65,0.01,97,74205,买盘
415,14:33:33,7.64,-0.01,80,61120,卖盘
416,14:33:30,7.65,--,30,22950,买盘
417,14:33:27,7.65,--,17,13005,买盘
418,14:33:24,7.65,0.01,525,401625,买盘
419,14:33:21,7.64,--,40,30560,卖盘
420,14:33:18,7.64,-0.01,2,1528,卖盘
421,14:33:15,7.65,--,21,16065,买盘
422,14:33:12,7.65,--,20,15300,买盘
423,14:33:09,7.65,0.01,23,17595,买盘
424,14:33:06,7.64,-0.01,24,18336,卖盘
425,14:33:03,7.65,--,91,69615,买盘
426,14:33:00,7.65,--,113,86445,买盘
427,14:32:57,7.65,--,1,765,买盘
428,14:32:54,7.65,--,14,10710,买盘
429,14:32:48,7.65,0.01,68,52020,买盘
430,14:32:45,7.64,-0.01,20,15280,卖盘
431,14:32:42,7.65,--,7,5355,买盘
432,14:32:39,7.65,--,308,235926,卖盘
433,14:32:36,7.65,--,3,2754,卖盘
434,14:32:33,7.65,--,90,68850,卖盘
435,14:32:27,7.65,-0.01,51,39015,卖盘
436,14:32:24,7.66,0.01,5,3830,买盘
437,14:32:21,7.65,--,504,385560,卖盘
438,14:32:18,7.65,--,3,2295,卖盘
439,14:32:15,7.65,-0.01,5,3825,卖盘
440,14:32:12,7.66,0.01,40,30640,买盘
441,14:32:09,7.65,-0.01,13,9945,中性盘
442,14:32:06,7.66,0.02,49,37534,买盘
443,14:32:03,7.64,-0.01,101,77164,卖盘
444,14:32:00,7.65,--,35,26775,买盘
445,14:31:57,7.65,--,7,5355,买盘
446,14:31:54,7.65,--,12,9180,买盘
447,14:31:51,7.65,-0.01,182,139765,卖盘
448,14:31:45,7.66,0.01,63,48258,买盘
449,14:31:42,7.65,--,508,388849,买盘
450,14:31:39,7.65,--,150,114750,买盘
451,14:31:36,7.65,--,132,100980,买盘
452,14:31:33,7.65,0.01,267,204255,买盘
453,14:31:30,7.64,-0.01,251,191764,卖盘
454,14:31:27,7.65,--,188,143820,买盘
455,14:31:24,7.65,--,115,87975,买盘
456,14:31:21,7.65,0.01,33,25245,买盘
457,14:31:18,7.64,-0.01,1,764,卖盘
458,14:31:12,7.65,--,41,31365,买盘
459,14:31:09,7.65,--,16,12240,买盘
460,14:31:06,7.65,--,82,62730,买盘
461,14:31:03,7.65,--,121,92565,买盘
462,14:31:00,7.65,--,2100,1606500,买盘
463,14:30:51,7.65,0.01,20,15300,买盘
464,14:30:42,7.64,-0.01,65,49660,卖盘
465,14:30:39,7.65,0.01,2115,1617975,买盘
466,14:30:36,7.64,--,20,15280,卖盘
467,14:30:33,7.64,--,148,113072,卖盘
468,14:30:27,7.64,--,11,8404,卖盘
469,14:30:24,7.64,--,86,65704,卖盘
470,14:30:21,7.64,--,1518,1159752,买盘
471,14:30:18,7.64,0.01,2,1528,买盘
472,14:30:15,7.63,-0.01,1,763,卖盘
473,14:30:09,7.64,--,53,40492,买盘
474,14:30:06,7.64,0.01,9,6876,买盘
475,14:30:03,7.63,-0.01,185,141155,卖盘
476,14:30:00,7.64,0.01,40,30560,买盘
477,14:29:54,7.63,--,20,15260,卖盘
478,14:29:48,7.63,--,13,9934,卖盘
479,14:29:45,7.63,--,15,11445,卖盘
480,14:29:42,7.63,--,1,763,卖盘
481,14:29:36,7.63,-0.01,14,10682,卖盘
482,14:29:33,7.64,--,89,67996,买盘
483,14:29:30,7.64,0.01,21,16044,买盘
484,14:29:27,7.63,--,5,3815,卖盘
485,14:29:24,7.63,--,20,15260,卖盘
486,14:29:18,7.63,--,31,23653,卖盘
487,14:29:15,7.63,-0.01,60,45780,卖盘
488,14:29:12,7.64,--,305,233020,买盘
489,14:29:09,7.64,--,125,95500,买盘
490,14:29:06,7.64,0.01,5,3820,买盘
491,14:29:03,7.63,--,96,73248,卖盘
492,14:29:00,7.63,--,403,307489,卖盘
493,14:28:57,7.63,--,20,15260,卖盘
494,14:28:54,7.63,-0.01,20,15260,卖盘
495,14:28:48,7.64,0.01,1,779,买盘
496,14:28:45,7.63,--,45,34335,卖盘
497,14:28:42,7.63,--,2,1526,卖盘
498,14:28:39,7.63,-0.01,54,41202,卖盘
499,14:28:36,7.64,0.01,7,5348,买盘
500,14:28:33,7.63,--,180,137340,卖盘
501,14:28:30,7.63,--,2,1526,卖盘
502,14:28:27,7.63,-0.01,30,22890,卖盘
503,14:28:24,7.64,--,60,45840,买盘
504,14:28:21,7.64,--,11,8404,买盘
505,14:28:18,7.64,--,57,43548,买盘
506,14:28:15,7.64,0.01,6,4584,买盘
507,14:28:12,7.63,--,200,152600,卖盘
508,14:28:09,7.63,-0.01,31,23653,卖盘
509,14:28:06,7.64,--,76,58064,买盘
510,14:28:03,7.64,--,100,76400,买盘
511,14:28:00,7.64,0.01,1,764,买盘
512,14:27:57,7.63,-0.01,34,25942,卖盘
513,14:27:54,7.64,0.01,11,8404,买盘
514,14:27:51,7.63,--,30,22890,卖盘
515,14:27:48,7.63,-0.01,1,778,卖盘
516,14:27:45,7.64,0.01,1,764,买盘
517,14:27:39,7.63,-0.01,17,12971,卖盘
518,14:27:36,7.64,0.01,19,14516,买盘
519,14:27:33,7.63,-0.01,145,110635,卖盘
520,14:27:30,7.64,--,20,15280,买盘
521,14:27:27,7.64,0.01,23,17572,买盘
522,14:27:21,7.63,-0.01,9,6867,卖盘
523,14:27:18,7.64,--,72,55008,买盘
524,14:27:09,7.64,--,13,9932,买盘
525,14:27:06,7.64,0.01,5,3820,买盘
526,14:27:03,7.63,--,100,76300,卖盘
527,14:27:00,7.63,--,151,115213,卖盘
528,14:26:54,7.63,-0.01,29,22127,卖盘
529,14:26:51,7.64,--,38,29032,买盘
530,14:26:48,7.64,0.01,1,764,买盘
531,14:26:45,7.63,--,12,9171,卖盘
532,14:26:39,7.63,-0.01,62,47306,卖盘
533,14:26:36,7.64,0.01,6,4584,买盘
534,14:26:33,7.63,-0.01,88,67144,卖盘
535,14:26:30,7.64,--,1,764,买盘
536,14:26:18,7.64,0.01,10,7640,买盘
537,14:26:15,7.63,-0.01,30,22890,卖盘
538,14:26:12,7.64,--,2,1528,买盘
539,14:26:09,7.64,--,3,2292,买盘
540,14:26:06,7.64,0.01,6,4584,买盘
541,14:26:03,7.63,-0.01,187,142681,卖盘
542,14:25:57,7.64,--,123,93972,买盘
543,14:25:54,7.64,0.01,1,764,买盘
544,14:25:51,7.63,-0.01,26,20143,卖盘
545,14:25:48,7.64,0.01,11,8404,买盘
546,14:25:45,7.63,-0.01,6,5089,卖盘
547,14:25:42,7.64,0.01,107,81748,买盘
548,14:25:36,7.63,--,14,10682,卖盘
549,14:25:33,7.63,-0.01,80,61040,卖盘
550,14:25:30,7.64,--,23,17572,买盘
551,14:25:27,7.64,0.01,40,30560,买盘
552,14:25:21,7.63,--,72,54936,卖盘
553,14:25:18,7.63,-0.01,95,72485,卖盘
554,14:25:15,7.64,--,1,764,买盘
555,14:25:12,7.64,--,11,8404,买盘
556,14:25:09,7.64,--,40,30560,买盘
557,14:25:06,7.64,--,10,7640,买盘
558,14:25:03,7.64,--,170,129880,买盘
559,14:25:00,7.64,--,39,29796,买盘
560,14:24:54,7.64,--,10,7640,买盘
561,14:24:48,7.64,--,1,764,买盘
562,14:24:45,7.64,0.01,1,764,买盘
563,14:24:42,7.63,-0.01,7,5341,卖盘
564,14:24:36,7.64,0.01,77,58828,买盘
565,14:24:33,7.63,-0.01,80,61040,卖盘
566,14:24:30,7.64,--,108,82512,买盘
567,14:24:27,7.64,--,123,93972,买盘
568,14:24:21,7.64,--,5,3820,买盘
569,14:24:18,7.64,--,105,80220,买盘
570,14:24:15,7.64,--,3,2292,买盘
571,14:24:12,7.64,--,27,20628,买盘
572,14:24:09,7.64,--,3,2292,买盘
573,14:24:06,7.64,--,24,18336,买盘
574,14:24:03,7.64,--,156,119184,买盘
575,14:24:00,7.64,--,109,83276,买盘
576,14:23:54,7.64,--,13,9932,买盘
577,14:23:51,7.64,0.01,1,764,买盘
578,14:23:48,7.63,-0.02,4,3052,卖盘
579,14:23:45,7.65,--,24,18360,买盘
580,14:23:42,7.65,0.02,2102,1608030,买盘
581,14:23:39,7.63,0.01,25,19075,买盘
582,14:23:36,7.62,-0.02,5,3810,卖盘
583,14:23:33,7.64,0.02,5,3820,买盘
584,14:23:30,7.62,--,33,25146,买盘
585,14:23:27,7.62,-0.02,154,117348,卖盘
586,14:23:24,7.64,--,2100,1604400,买盘
587,14:23:15,7.64,--,34,25976,买盘
588,14:23:12,7.64,0.01,3326,2541064,买盘
589,14:23:09,7.63,--,3,2289,买盘
590,14:23:06,7.63,0.02,29,22127,买盘
591,14:23:03,7.61,--,2181,1659741,卖盘
592,14:22:57,7.61,-0.01,4,3044,卖盘
593,14:22:54,7.62,0.01,21,16002,买盘
594,14:22:51,7.61,--,20,15220,卖盘
595,14:22:48,7.61,-0.01,40,30440,卖盘
596,14:22:42,7.62,0.01,1,762,买盘
597,14:22:39,7.61,--,221,168637,卖盘
598,14:22:36,7.61,--,11,8371,卖盘
599,14:22:33,7.61,-0.01,80,60880,卖盘
600,14:22:27,7.62,0.01,31,23622,买盘
601,14:22:24,7.61,--,1,761,卖盘
602,14:22:21,7.61,--,1,761,卖盘
603,14:22:15,7.61,-0.01,81,61641,卖盘
604,14:22:12,7.62,0.01,1,762,买盘
605,14:22:09,7.61,-0.01,6,4566,卖盘
606,14:22:06,7.62,0.01,6,4572,买盘
607,14:22:03,7.61,-0.01,90,68490,卖盘
608,14:21:57,7.62,0.01,12,9144,买盘
609,14:21:54,7.61,-0.01,150,114150,卖盘
610,14:21:45,7.62,0.01,5,3810,买盘
611,14:21:42,7.61,--,310,235910,卖盘
612,14:21:36,7.61,--,55,41855,卖盘
613,14:21:33,7.61,-0.01,135,102735,卖盘
614,14:21:30,7.62,--,111,84582,买盘
615,14:21:27,7.62,--,63,48006,买盘
616,14:21:24,7.62,0.01,11,8382,买盘
617,14:21:21,7.61,-0.01,126,95886,卖盘
618,14:21:15,7.62,--,191,146235,卖盘
619,14:21:12,7.62,-0.01,997,759714,卖盘
620,14:21:09,7.63,--,31,23653,买盘
621,14:21:06,7.63,--,140,106820,买盘
622,14:21:03,7.63,--,83,63329,买盘
623,14:20:57,7.63,0.01,74,56462,买盘
624,14:20:54,7.62,-0.01,20,15240,卖盘
625,14:20:51,7.63,--,1,763,买盘
626,14:20:45,7.63,0.01,112,85456,买盘
627,14:20:42,7.62,--,31,23622,卖盘
628,14:20:39,7.62,-0.01,1,777,卖盘
629,14:20:36,7.63,--,10,7630,买盘
630,14:20:33,7.63,0.01,580,442540,买盘
631,14:20:30,7.62,-0.01,1,762,卖盘
632,14:20:27,7.63,0.01,171,130473,买盘
633,14:20:24,7.62,--,2,1524,卖盘
634,14:20:21,7.62,-0.01,21,16002,卖盘
635,14:20:18,7.63,--,56,42728,买盘
636,14:20:15,7.63,--,5,3815,买盘
637,14:20:12,7.63,--,80,61040,买盘
638,14:20:09,7.63,0.01,3,2289,买盘
639,14:20:06,7.62,-0.01,51,38862,卖盘
640,14:20:03,7.63,--,97,74011,买盘
641,14:19:57,7.63,0.01,268,204484,买盘
642,14:19:54,7.62,-0.01,14,10668,卖盘
643,14:19:51,7.63,--,12,9156,买盘
644,14:19:48,7.63,--,23,17549,买盘
645,14:19:42,7.63,0.01,1,763,买盘
646,14:19:39,7.62,-0.01,42,32026,卖盘
647,14:19:36,7.63,0.01,27,20601,买盘
648,14:19:33,7.62,-0.01,84,64008,卖盘
649,14:19:30,7.63,--,11,8393,买盘
650,14:19:27,7.63,--,1,763,买盘
651,14:19:24,7.63,0.01,7,5341,买盘
652,14:19:21,7.62,-0.01,75,57150,卖盘
653,14:19:15,7.63,--,10,7630,买盘
654,14:19:12,7.63,--,1,763,买盘
655,14:19:09,7.63,--,3,2289,买盘
656,14:19:06,7.63,0.01,60,45780,买盘
657,14:19:03,7.62,-0.01,85,64770,卖盘
658,14:19:00,7.63,--,13,9919,买盘
659,14:18:57,7.63,0.01,50,38150,买盘
660,14:18:54,7.62,-0.01,11,8382,卖盘
661,14:18:48,7.63,--,10,7630,买盘
662,14:18:45,7.63,--,15,11445,买盘
663,14:18:42,7.63,--,66,50358,买盘
664,14:18:39,7.63,0.01,1,793,买盘
665,14:18:33,7.62,-0.01,87,66294,卖盘
666,14:18:30,7.63,0.01,32,24416,买盘
667,14:18:24,7.62,-0.01,201,153162,卖盘
668,14:18:21,7.63,--,9,6867,买盘
669,14:18:18,7.63,0.01,2,1526,买盘
670,14:18:15,7.62,-0.01,16,12192,卖盘
671,14:18:12,7.63,--,24,18312,买盘
672,14:18:09,7.63,--,15,11445,买盘
673,14:18:06,7.63,0.01,11,8393,买盘
674,14:18:03,7.62,--,116,88392,卖盘
675,14:18:00,7.62,-0.01,15,11430,卖盘
676,14:17:57,7.63,--,126,96138,买盘
677,14:17:54,7.63,--,300,228900,买盘
678,14:17:51,7.63,--,5,3815,买盘
679,14:17:48,7.63,0.01,21,16023,买盘
680,14:17:45,7.62,-0.01,3,2286,卖盘
681,14:17:42,7.63,--,60,45780,买盘
682,14:17:39,7.63,0.01,39,29757,买盘
683,14:17:33,7.62,--,86,65532,卖盘
684,14:17:27,7.62,--,13,9906,卖盘
685,14:17:24,7.62,0.01,12,9144,买盘
686,14:17:21,7.61,-0.01,3,2283,卖盘
687,14:17:18,7.62,--,9,6858,买盘
688,14:17:15,7.62,0.01,13,9906,买盘
689,14:17:12,7.61,-0.01,21,15981,卖盘
690,14:17:09,7.62,--,3,2286,买盘
691,14:17:06,7.62,0.01,6,4572,买盘
692,14:17:03,7.61,--,80,60880,卖盘
693,14:16:57,7.61,--,105,79905,卖盘
694,14:16:54,7.61,--,38,28918,卖盘
695,14:16:51,7.61,-0.01,3256,2477816,卖盘
696,14:16:48,7.62,0.01,11,8382,买盘
697,14:16:45,7.61,-0.01,20,15220,卖盘
698,14:16:42,7.62,--,11,8382,买盘
699,14:16:39,7.62,0.02,1004,765322,买盘
700,14:16:36,7.6,--,0,30,卖盘
701,14:16:33,7.6,--,131,99560,卖盘
702,14:16:21,7.6,-0.01,3,2280,卖盘
703,14:16:18,7.61,--,7,5327,买盘
704,14:16:15,7.61,-0.01,562,428169,卖盘
705,14:16:12,7.62,0.01,1,762,买盘
706,14:16:09,7.61,-0.01,22,16742,卖盘
707,14:16:06,7.62,0.01,18,13716,买盘
708,14:16:03,7.61,--,95,72295,卖盘
709,14:16:00,7.61,-0.01,1000,761000,卖盘
710,14:15:54,7.62,--,11,8382,买盘
711,14:15:51,7.62,--,171,130302,买盘
712,14:15:42,7.62,--,10,7620,买盘
713,14:15:39,7.62,0.01,1,762,买盘
714,14:15:36,7.61,--,1,761,卖盘
715,14:15:33,7.61,-0.01,83,63163,卖盘
716,14:15:27,7.62,--,12,9144,买盘
717,14:15:24,7.62,0.01,71,54102,买盘
718,14:15:18,7.61,--,12,9132,卖盘
719,14:15:15,7.61,--,88,66968,卖盘
720,14:15:12,7.61,-0.01,10,7610,卖盘
721,14:15:09,7.62,0.01,24,18288,买盘
722,14:15:06,7.61,0.01,241,183401,买盘
723,14:15:03,7.6,--,1,760,卖盘
724,14:15:00,7.6,--,30,22800,卖盘
725,14:14:57,7.6,--,49,37240,卖盘
726,14:14:54,7.6,0.01,1,1033,买盘
727,14:14:51,7.59,-0.01,5,3795,卖盘
728,14:14:48,7.6,--,63,48366,卖盘
729,14:14:45,7.6,0.01,2171,1650233,买盘
730,14:14:42,7.59,--,1,759,卖盘
731,14:14:39,7.59,-0.01,39,29601,卖盘
732,14:14:36,7.6,0.01,35,26600,买盘
733,14:14:33,7.59,--,3080,2337864,卖盘
734,14:14:30,7.59,-0.01,10,7590,卖盘
735,14:14:27,7.6,0.01,15,11400,买盘
736,14:14:24,7.59,-0.01,34,25806,卖盘
737,14:14:21,7.6,--,140,106400,买盘
738,14:14:18,7.6,0.01,1,760,买盘
739,14:14:12,7.59,-0.01,15,11385,卖盘
740,14:14:09,7.6,--,3,2280,买盘
741,14:14:06,7.6,0.01,6,4560,买盘
742,14:14:03,7.59,--,143,108537,卖盘
743,14:14:00,7.59,-0.01,15,11385,卖盘
744,14:13:57,7.6,--,41,31160,买盘
745,14:13:54,7.6,--,10,7600,买盘
746,14:13:51,7.6,--,6,4560,买盘
747,14:13:45,7.6,--,20,15899,卖盘
748,14:13:42,7.6,--,7,5320,卖盘
749,14:13:39,7.6,--,2,1520,卖盘
750,14:13:36,7.6,--,32,24320,卖盘
751,14:13:33,7.6,--,80,60800,卖盘
752,14:13:30,7.6,--,41,31806,卖盘
753,14:13:27,7.6,--,101,76760,卖盘
754,14:13:24,7.6,--,30,22800,卖盘
755,14:13:15,7.6,-0.01,70,53200,卖盘
756,14:13:09,7.61,--,3,2283,买盘
757,14:13:06,7.61,0.01,13,9893,买盘
758,14:13:03,7.6,--,83,63080,卖盘
759,14:13:00,7.6,-0.01,1,760,卖盘
760,14:12:57,7.61,0.01,12,9132,买盘
761,14:12:54,7.6,--,11,8360,卖盘
762,14:12:51,7.6,--,20,15200,卖盘
763,14:12:48,7.6,--,1349,1025240,卖盘
764,14:12:42,7.6,--,1,760,卖盘
765,14:12:39,7.6,--,20,15200,卖盘
766,14:12:33,7.6,-0.01,82,62335,卖盘
767,14:12:30,7.61,0.01,50,38050,买盘
768,14:12:24,7.6,-0.01,155,117800,卖盘
769,14:12:21,7.61,0.01,507,385827,买盘
770,14:12:18,7.6,-0.01,33,25080,卖盘
771,14:12:15,7.61,--,78,59358,买盘
772,14:12:12,7.61,--,11,8371,买盘
773,14:12:09,7.61,--,3,2283,买盘
774,14:12:06,7.61,0.01,4,3044,买盘
775,14:12:03,7.6,--,183,139080,卖盘
776,14:12:00,7.6,-0.01,3,2280,卖盘
777,14:11:57,7.61,0.01,13,9893,买盘
778,14:11:54,7.6,-0.01,102,77520,卖盘
779,14:11:51,7.61,--,13,9893,买盘
780,14:11:45,7.61,--,10,7610,买盘
781,14:11:36,7.61,0.01,37,28157,买盘
782,14:11:33,7.6,--,288,218880,卖盘
783,14:11:30,7.6,-0.01,1,790,卖盘
784,14:11:27,7.61,0.01,25,19025,买盘
785,14:11:21,7.6,-0.01,359,272840,卖盘
786,14:11:18,7.61,--,3,2283,买盘
787,14:11:12,7.61,0.01,12,9132,买盘
788,14:11:09,7.6,-0.01,158,120080,卖盘
789,14:11:06,7.61,--,4,3044,买盘
790,14:11:03,7.61,0.01,81,61641,买盘
791,14:11:00,7.6,--,49,37240,卖盘
792,14:10:54,7.6,-0.01,59,44840,卖盘
793,14:10:51,7.61,0.01,112,85232,买盘
794,14:10:45,7.6,-0.01,3,2280,卖盘
795,14:10:42,7.61,0.01,10,7610,买盘
796,14:10:33,7.6,--,111,84360,卖盘
797,14:10:30,7.6,-0.01,1002,761520,卖盘
798,14:10:24,7.61,0.01,60,45660,买盘
799,14:10:18,7.6,--,5,3800,卖盘
800,14:10:15,7.6,--,18,13680,卖盘
801,14:10:12,7.6,-0.01,5,3800,卖盘
802,14:10:09,7.61,--,3,2283,买盘
803,14:10:06,7.61,--,4,3044,买盘
804,14:10:03,7.61,--,181,137741,买盘
805,14:10:00,7.61,--,3,2283,买盘
806,14:09:57,7.61,--,128,97408,买盘
807,14:09:45,7.61,0.01,8,6088,买盘
808,14:09:42,7.6,--,401,304760,卖盘
809,14:09:39,7.6,--,35,26600,卖盘
810,14:09:33,7.6,-0.01,91,69160,卖盘
811,14:09:30,7.61,0.01,50,38065,买盘
812,14:09:27,7.6,--,19,14440,卖盘
813,14:09:24,7.6,-0.01,56,42560,卖盘
814,14:09:18,7.61,--,28,21308,买盘
815,14:09:09,7.61,--,3,2283,买盘
816,14:09:06,7.61,0.01,4,3044,买盘
817,14:09:03,7.6,-0.01,82,62320,卖盘
818,14:09:00,7.61,0.01,26,19786,买盘
819,14:08:57,7.6,-0.01,6,4560,卖盘
820,14:08:54,7.61,--,1,761,买盘
821,14:08:51,7.61,0.01,5,3805,买盘
822,14:08:48,7.6,-0.01,159,120840,卖盘
823,14:08:42,7.61,0.01,10,7610,买盘
824,14:08:39,7.6,--,13,9880,卖盘
825,14:08:36,7.6,-0.01,130,98800,卖盘
826,14:08:33,7.61,0.01,81,61641,买盘
827,14:08:27,7.6,-0.01,6,4575,卖盘
828,14:08:24,7.61,0.01,22,16742,买盘
829,14:08:18,7.6,-0.01,48,36480,卖盘
830,14:08:12,7.61,--,43,32723,买盘
831,14:08:09,7.61,--,3,2283,买盘
832,14:08:06,7.61,0.01,230,175030,买盘
833,14:08:03,7.6,-0.01,182,138320,卖盘
834,14:07:57,7.61,0.01,1,761,买盘
835,14:07:54,7.6,--,1,760,卖盘
836,14:07:51,7.6,-0.01,13,9880,卖盘
837,14:07:48,7.61,0.01,15,11415,买盘
838,14:07:42,7.6,-0.01,1,760,卖盘
839,14:07:39,7.61,0.01,12,9132,买盘
840,14:07:36,7.6,--,21,15960,卖盘
841,14:07:33,7.6,--,130,98800,卖盘
842,14:07:30,7.6,--,3,2280,卖盘
843,14:07:27,7.6,-0.01,5,3838,卖盘
844,14:07:24,7.61,0.01,89,67729,买盘
845,14:07:21,7.6,-0.01,26,19760,卖盘
846,14:07:18,7.61,--,38,28918,买盘
847,14:07:09,7.61,--,43,32723,买盘
848,14:07:06,7.61,0.01,5,3805,买盘
849,14:07:03,7.6,--,83,63080,卖盘
850,14:07:00,7.6,--,26,19760,卖盘
851,14:06:57,7.6,--,30,22800,卖盘
852,14:06:51,7.6,--,6,4560,卖盘
853,14:06:48,7.6,--,4,3040,卖盘
854,14:06:42,7.6,-0.01,80,60800,卖盘
855,14:06:36,7.61,--,5,3805,买盘
856,14:06:33,7.61,--,92,70012,买盘
857,14:06:30,7.61,0.01,38,28918,买盘
858,14:06:21,7.6,--,51,38760,卖盘
859,14:06:12,7.6,-0.01,16,12160,卖盘
860,14:06:09,7.61,--,3,2283,买盘
861,14:06:06,7.61,--,4,3044,买盘
862,14:06:03,7.61,0.01,96,73056,买盘
863,14:06:00,7.6,-0.01,12,9120,卖盘
864,14:05:57,7.61,--,70,53270,买盘
865,14:05:51,7.61,0.01,21,15981,买盘
866,14:05:48,7.6,-0.01,51,38760,卖盘
867,14:05:45,7.61,--,548,417728,卖盘
868,14:05:39,7.61,--,66,50226,卖盘
869,14:05:36,7.61,--,30,22830,卖盘
870,14:05:33,7.61,--,110,83710,卖盘
871,14:05:30,7.61,-0.01,2,1522,卖盘
872,14:05:27,7.62,0.01,6,4572,买盘
873,14:05:24,7.61,-0.01,4,3059,卖盘
874,14:05:21,7.62,--,17,12954,买盘
875,14:05:18,7.62,0.01,4,3048,买盘
876,14:05:15,7.61,-0.01,100,76100,卖盘
877,14:05:09,7.62,--,9,6858,买盘
878,14:05:06,7.62,0.01,206,156972,买盘
879,14:05:03,7.61,--,89,67729,卖盘
880,14:05:00,7.61,--,3,2283,卖盘
881,14:04:54,7.61,--,50,38050,卖盘
882,14:04:48,7.61,-0.01,157,119477,卖盘
883,14:04:45,7.62,--,72,54864,买盘
884,14:04:36,7.62,0.01,6,4572,买盘
885,14:04:33,7.61,--,180,136980,卖盘
886,14:04:30,7.61,--,2,1522,卖盘
887,14:04:24,7.61,-0.01,125,95140,卖盘
888,14:04:21,7.62,--,40,30480,买盘
889,14:04:18,7.62,0.01,27,20574,买盘
890,14:04:12,7.61,-0.01,12,9132,卖盘
891,14:04:09,7.62,--,3,2286,买盘
892,14:04:06,7.62,0.01,5,3810,买盘
893,14:04:03,7.61,--,180,136980,卖盘
894,14:04:00,7.61,-0.01,1,761,卖盘
895,14:03:57,7.62,--,2,1524,买盘
896,14:03:54,7.62,0.01,7,5334,买盘
897,14:03:51,7.61,--,250,190250,卖盘
898,14:03:48,7.61,--,9,6849,卖盘
899,14:03:45,7.61,-0.01,104,79144,卖盘
900,14:03:42,7.62,--,4,3048,买盘
901,14:03:39,7.62,--,15,11430,买盘
902,14:03:33,7.62,0.01,131,99822,买盘
903,14:03:30,7.61,--,2,1522,卖盘
904,14:03:27,7.61,--,3,2283,卖盘
905,14:03:24,7.61,-0.01,4,3074,卖盘
906,14:03:18,7.62,--,14,10668,买盘
907,14:03:12,7.62,--,12,9144,买盘
908,14:03:09,7.62,--,13,9906,买盘
909,14:03:06,7.62,0.01,82,62484,买盘
910,14:03:03,7.61,-0.01,90,68490,卖盘
911,14:03:00,7.62,--,48,36576,买盘
912,14:02:57,7.62,--,121,92202,买盘
913,14:02:54,7.62,--,161,122682,买盘
914,14:02:48,7.62,0.01,21,16002,买盘
915,14:02:45,7.61,-0.01,1,761,卖盘
916,14:02:42,7.62,0.01,4,3048,买盘
917,14:02:39,7.61,--,53,40333,卖盘
918,14:02:36,7.61,--,30,22830,卖盘
919,14:02:33,7.61,--,80,60880,卖盘
920,14:02:30,7.61,--,203,154483,卖盘
921,14:02:27,7.61,-0.01,4,3044,卖盘
922,14:02:24,7.62,--,14,10668,买盘
923,14:02:12,7.62,--,64,48768,买盘
924,14:02:09,7.62,--,46,35052,买盘
925,14:02:06,7.62,--,15,11430,买盘
926,14:02:03,7.62,0.01,146,111252,买盘
927,14:02:00,7.61,-0.01,201,152961,卖盘
928,14:01:57,7.62,0.01,23,17526,买盘
929,14:01:51,7.61,--,77,58597,卖盘
930,14:01:48,7.61,--,20,15220,卖盘
931,14:01:45,7.61,--,51,38811,卖盘
932,14:01:42,7.61,--,978,744258,买盘
933,14:01:39,7.61,--,11,8371,买盘
934,14:01:36,7.61,0.01,83,63163,买盘
935,14:01:33,7.6,--,92,69920,卖盘
936,14:01:30,7.6,-0.01,2,1520,卖盘
937,14:01:27,7.61,0.01,19,14459,买盘
938,14:01:21,7.6,-0.01,2,1535,卖盘
939,14:01:18,7.61,0.01,13,9893,买盘
940,14:01:12,7.6,-0.01,207,157320,卖盘
941,14:01:09,7.61,--,6,4566,买盘
942,14:01:06,7.61,0.01,4,3044,买盘
943,14:01:03,7.6,--,107,81320,卖盘
944,14:01:00,7.6,-0.01,2,1520,卖盘
945,14:00:57,7.61,--,62,47182,买盘
946,14:00:54,7.61,--,37,28157,买盘
947,14:00:48,7.61,0.01,91,69251,买盘
948,14:00:45,7.6,--,15,11400,卖盘
949,14:00:42,7.6,--,3,2280,卖盘
950,14:00:39,7.6,--,101,76760,卖盘
951,14:00:33,7.6,-0.01,80,60800,卖盘
952,14:00:30,7.61,--,3,2283,买盘
953,14:00:24,7.61,0.01,44,33484,买盘
954,14:00:21,7.6,-0.01,101,76782,卖盘
955,14:00:12,7.61,--,5,3805,买盘
956,14:00:09,7.61,--,37,28157,买盘
957,14:00:06,7.61,0.01,4,3044,买盘
958,14:00:03,7.6,--,84,63840,卖盘
959,14:00:00,7.6,-0.01,1,760,卖盘
960,13:59:54,7.61,--,2,1522,买盘
961,13:59:51,7.61,--,45,34245,买盘
962,13:59:48,7.61,--,10,7610,买盘
963,13:59:45,7.61,--,189,143829,卖盘
964,13:59:39,7.61,--,90,68490,卖盘
965,13:59:36,7.61,0.01,1218,926898,买盘
966,13:59:33,7.6,--,81,61560,卖盘
967,13:59:30,7.6,-0.01,30,22800,卖盘
968,13:59:27,7.61,0.01,40,30440,买盘
969,13:59:18,7.6,--,4,3062,卖盘
970,13:59:15,7.6,-0.01,28,21280,卖盘
971,13:59:12,7.61,--,43,32723,买盘
972,13:59:09,7.61,0.01,3,2283,买盘
973,13:59:06,7.6,-0.01,53,40280,卖盘
974,13:59:03,7.61,--,82,62402,买盘
975,13:59:00,7.61,0.01,4,3044,买盘
976,13:58:57,7.6,--,11,8360,卖盘
977,13:58:42,7.6,--,11,8360,卖盘
978,13:58:39,7.6,--,40,30400,卖盘
979,13:58:36,7.6,--,46,34960,卖盘
980,13:58:33,7.6,0.01,465,353400,买盘
981,13:58:27,7.59,-0.01,12,9108,卖盘
982,13:58:24,7.6,--,6,4560,买盘
983,13:58:21,7.6,--,160,121600,买盘
984,13:58:18,7.6,0.01,10,7600,买盘
985,13:58:15,7.59,-0.01,0,83,卖盘
986,13:58:12,7.6,0.01,25,19000,买盘
987,13:58:09,7.59,-0.01,234,177606,卖盘
988,13:58:06,7.6,0.01,4,3040,买盘
989,13:58:03,7.59,-0.01,80,60720,卖盘
990,13:57:57,7.6,0.01,37,28120,买盘
991,13:57:51,7.59,-0.01,8,6072,卖盘
992,13:57:48,7.6,0.01,5,3800,买盘
993,13:57:42,7.59,-0.01,14,10626,卖盘
994,13:57:39,7.6,--,1256,954560,买盘
995,13:57:36,7.6,--,724,550240,卖盘
996,13:57:33,7.6,-0.01,81,61560,卖盘
997,13:57:30,7.61,0.01,76,57836,买盘
998,13:57:27,7.6,--,50,38000,卖盘
999,13:57:21,7.6,-0.01,8,6080,卖盘
1000,13:57:18,7.61,0.01,5,3805,买盘
1001,13:57:15,7.6,--,26,19760,卖盘
1002,13:57:12,7.6,-0.01,980,744800,卖盘
1003,13:57:09,7.61,--,823,626303,买盘
1004,13:57:06,7.61,0.01,1,761,买盘
1005,13:57:03,7.6,-0.01,104,79040,卖盘
1006,13:57:00,7.61,0.01,56,42616,买盘
1007,13:56:54,7.6,-0.01,26,19760,卖盘
1008,13:56:51,7.61,0.01,30,22830,买盘
1009,13:56:48,7.6,-0.01,8,6080,卖盘
1010,13:56:42,7.61,--,5,3805,买盘
1011,13:56:39,7.61,--,22,16742,买盘
1012,13:56:33,7.61,--,25,19025,卖盘
1013,13:56:27,7.61,0.01,2,1522,买盘
1014,13:56:21,7.6,-0.01,1,760,卖盘
1015,13:56:15,7.61,--,20,15220,买盘
1016,13:56:09,7.61,--,3,2283,买盘
1017,13:56:06,7.61,--,30,22830,买盘
1018,13:56:03,7.61,-0.01,10,7610,中性盘
1019,13:56:00,7.62,--,14,10668,买盘
1020,13:55:54,7.62,0.02,2,1524,买盘
1021,13:55:48,7.6,-0.01,67,50920,卖盘
1022,13:55:45,7.61,--,3001,2283761,买盘
1023,13:55:39,7.61,--,7,5327,买盘
1024,13:55:36,7.61,0.01,2,1522,买盘
1025,13:55:33,7.6,--,116,88160,卖盘
1026,13:55:30,7.6,--,1,760,卖盘
1027,13:55:24,7.6,--,18,13680,卖盘
1028,13:55:21,7.6,-0.01,21,15960,卖盘
1029,13:55:15,7.61,0.01,1,761,卖盘
1030,13:55:12,7.6,-0.02,50,38000,卖盘
1031,13:55:09,7.62,--,9,6858,买盘
1032,13:55:06,7.62,0.02,103,78486,买盘
1033,13:55:03,7.6,-0.01,93,70680,卖盘
1034,13:55:00,7.61,--,33,25113,买盘
1035,13:54:57,7.61,0.01,114,86754,买盘
1036,13:54:54,7.6,-0.01,37,28120,卖盘
1037,13:54:51,7.61,--,68,52402,卖盘
1038,13:54:48,7.61,--,32,24352,卖盘
1039,13:54:42,7.61,--,49,37289,卖盘
1040,13:54:39,7.61,0.01,1275,970381,买盘
1041,13:54:36,7.6,--,2,1520,卖盘
1042,13:54:33,7.6,--,95,72200,卖盘
1043,13:54:27,7.6,--,152,115520,卖盘
1044,13:54:24,7.6,--,34,25840,买盘
1045,13:54:21,7.6,--,1417,1076920,买盘
1046,13:54:18,7.6,--,2,1520,买盘
1047,13:54:15,7.6,--,230,174800,买盘
1048,13:54:09,7.6,--,27,20520,买盘
1049,13:54:06,7.6,--,38,28880,买盘
1050,13:54:03,7.6,--,1493,1134680,买盘
1051,13:53:57,7.6,0.01,30,22800,买盘
1052,13:53:51,7.59,--,39,29601,卖盘
1053,13:53:48,7.59,-0.01,171,129789,卖盘
1054,13:53:45,7.6,--,639,485640,买盘
1055,13:53:42,7.6,0.01,1475,1121000,买盘
1056,13:53:36,7.59,--,26,19734,卖盘
1057,13:53:33,7.59,-0.01,80,60720,卖盘
1058,13:53:30,7.6,--,98,74480,买盘
1059,13:53:27,7.6,--,4,3040,买盘
1060,13:53:21,7.6,0.01,82,62320,买盘
1061,13:53:18,7.59,-0.01,34,25806,卖盘
1062,13:53:12,7.6,0.01,16,12160,买盘
1063,13:53:09,7.59,-0.01,4,3051,卖盘
1064,13:53:06,7.6,0.01,46,34960,买盘
1065,13:53:03,7.59,--,114,86526,卖盘
1066,13:53:00,7.59,-0.01,1,759,卖盘
1067,13:52:57,7.6,0.01,1,760,买盘
1068,13:52:51,7.59,--,43,32637,卖盘
1069,13:52:48,7.59,--,23,17457,卖盘
1070,13:52:45,7.59,--,78,59202,卖盘
1071,13:52:42,7.59,-0.01,28,21252,卖盘
1072,13:52:36,7.6,0.01,124,94240,买盘
1073,13:52:33,7.59,--,880,667920,卖盘
1074,13:52:30,7.59,--,34,25806,卖盘
1075,13:52:24,7.59,--,1,759,卖盘
1076,13:52:21,7.59,--,23,17457,卖盘
1077,13:52:15,7.59,-0.01,20,15180,卖盘
1078,13:52:09,7.6,--,4,3055,买盘
1079,13:52:06,7.6,0.01,13,9880,买盘
1080,13:52:03,7.59,-0.01,105,79695,卖盘
1081,13:52:00,7.6,--,2058,1564118,卖盘
1082,13:51:57,7.6,--,40,30400,卖盘
1083,13:51:54,7.6,--,14,10640,卖盘
1084,13:51:48,7.6,--,2,1520,卖盘
1085,13:51:42,7.6,-0.01,1,760,卖盘
1086,13:51:36,7.61,0.01,39,29679,买盘
1087,13:51:33,7.6,--,580,440800,卖盘
1088,13:51:30,7.6,-0.01,5,3800,卖盘
1089,13:51:27,7.61,0.01,14,10654,买盘
1090,13:51:21,7.6,--,1,760,卖盘
1091,13:51:12,7.6,-0.01,51,38813,卖盘
1092,13:51:09,7.61,--,14,10654,买盘
1093,13:51:06,7.61,0.01,33,25135,买盘
1094,13:51:03,7.6,-0.01,195,148200,卖盘
1095,13:51:00,7.61,0.01,8,6088,买盘
1096,13:50:57,7.6,-0.01,5,3800,卖盘
1097,13:50:39,7.61,0.01,5,3805,买盘
1098,13:50:36,7.6,--,34,25840,卖盘
1099,13:50:33,7.6,--,82,62320,卖盘
1100,13:50:27,7.6,--,153,116280,卖盘
1101,13:50:24,7.6,--,50,38000,卖盘
1102,13:50:21,7.6,--,22,16720,卖盘
1103,13:50:18,7.6,-0.01,36,27360,卖盘
1104,13:50:15,7.61,--,32,24352,买盘
1105,13:50:09,7.61,--,53,40333,买盘
1106,13:50:06,7.61,0.01,14,11262,买盘
1107,13:50:03,7.6,--,81,61575,卖盘
1108,13:50:00,7.6,--,34,25840,卖盘
1109,13:49:57,7.6,--,1,760,卖盘
1110,13:49:48,7.6,--,20,15200,卖盘
1111,13:49:45,7.6,--,2,1520,卖盘
1112,13:49:39,7.6,--,23,17480,卖盘
1113,13:49:36,7.6,--,60,45600,卖盘
1114,13:49:33,7.6,--,88,66880,卖盘
1115,13:49:30,7.6,--,7,5320,卖盘
1116,13:49:27,7.6,--,1,760,卖盘
1117,13:49:24,7.6,-0.01,140,106400,卖盘
1118,13:49:21,7.61,0.01,2,1522,买盘
1119,13:49:18,7.6,--,17,12920,卖盘
1120,13:49:15,7.6,-0.01,1032,784320,卖盘
1121,13:49:12,7.61,--,20,15220,买盘
1122,13:49:09,7.61,--,3,2283,买盘
1123,13:49:06,7.61,0.01,119,90559,买盘
1124,13:49:03,7.6,--,99,75255,卖盘
1125,13:49:00,7.6,--,25,19000,卖盘
1126,13:48:57,7.6,--,13,9880,卖盘
1127,13:48:54,7.6,-0.01,73,55480,卖盘
1128,13:48:45,7.61,--,15,11415,买盘
1129,13:48:39,7.61,--,12,9132,买盘
1130,13:48:36,7.61,0.01,23,17503,买盘
1131,13:48:33,7.6,--,86,65360,卖盘
1132,13:48:27,7.6,-0.01,62,47120,卖盘
1133,13:48:18,7.61,--,2,1522,买盘
1134,13:48:15,7.61,--,208,158288,买盘
1135,13:48:12,7.61,0.01,25,19025,买盘
1136,13:48:09,7.6,-0.01,4,3040,卖盘
1137,13:48:06,7.61,--,24,18264,买盘
1138,13:48:03,7.61,--,107,81434,买盘
1139,13:48:00,7.61,--,30,22830,买盘
1140,13:47:57,7.61,--,26,19786,买盘
1141,13:47:54,7.61,0.01,73,55553,买盘
1142,13:47:48,7.6,--,42,31920,卖盘
1143,13:47:45,7.6,-0.01,26,19760,卖盘
1144,13:47:42,7.61,--,11,8371,买盘
1145,13:47:39,7.61,--,184,140024,买盘
1146,13:47:36,7.61,0.01,47,35767,买盘
1147,13:47:33,7.6,-0.01,101,76760,卖盘
1148,13:47:27,7.61,--,61,46421,买盘
1149,13:47:24,7.61,--,11,8371,买盘
1150,13:47:21,7.61,--,15,11415,买盘
1151,13:47:18,7.61,--,114,86754,买盘
1152,13:47:15,7.61,--,4,3044,买盘
1153,13:47:09,7.61,0.01,16,12176,买盘
1154,13:47:06,7.6,--,19,14440,卖盘
1155,13:47:03,7.6,-0.01,114,86640,卖盘
1156,13:47:00,7.61,0.01,17,12937,买盘
1157,13:46:57,7.6,-0.01,115,87400,卖盘
1158,13:46:48,7.61,--,11,8371,买盘
1159,13:46:45,7.61,0.01,50,38050,买盘
1160,13:46:42,7.6,--,1,760,卖盘
1161,13:46:39,7.6,--,20,15200,卖盘
1162,13:46:36,7.6,--,64,48640,卖盘
1163,13:46:33,7.6,--,83,63080,卖盘
1164,13:46:30,7.6,-0.01,70,53200,卖盘
1165,13:46:27,7.61,--,132,100452,买盘
1166,13:46:24,7.61,0.01,5,3805,买盘
1167,13:46:21,7.6,-0.01,131,99560,卖盘
1168,13:46:18,7.61,--,10,7610,买盘
1169,13:46:15,7.61,--,33,25113,买盘
1170,13:46:09,7.61,0.01,117,89037,买盘
1171,13:46:06,7.6,-0.01,6,4560,卖盘
1172,13:46:03,7.61,0.01,92,70012,买盘
1173,13:45:57,7.6,-0.01,1,760,卖盘
1174,13:45:54,7.61,--,12,9132,买盘
1175,13:45:48,7.61,0.01,9,6849,买盘
1176,13:45:45,7.6,-0.01,21,15960,卖盘
1177,13:45:42,7.61,--,40,31056,卖盘
1178,13:45:39,7.61,--,90,68634,买盘
1179,13:45:33,7.61,--,77,59213,卖盘
1180,13:45:30,7.61,--,32,24352,卖盘
1181,13:45:27,7.61,--,55,41855,卖盘
1182,13:45:24,7.61,--,222,168942,卖盘
1183,13:45:21,7.61,-0.01,13,9893,卖盘
1184,13:45:18,7.62,0.01,6,4572,买盘
1185,13:45:15,7.61,--,162,123282,卖盘
1186,13:45:12,7.61,-0.01,10,7610,卖盘
1187,13:45:09,7.62,0.01,48,36576,买盘
1188,13:45:06,7.61,--,118,89843,卖盘
1189,13:45:03,7.61,--,91,69251,卖盘
1190,13:45:00,7.61,--,11,8371,卖盘
1191,13:44:57,7.61,-0.01,12,9147,卖盘
1192,13:44:48,7.62,--,11,8382,买盘
1193,13:44:42,7.62,0.01,119,90678,买盘
1194,13:44:39,7.61,--,40,30440,卖盘
1195,13:44:36,7.61,--,130,98930,卖盘
1196,13:44:33,7.61,--,202,153722,卖盘
1197,13:44:27,7.61,-0.01,1,761,卖盘
1198,13:44:24,7.62,0.01,29,22098,买盘
1199,13:44:21,7.61,-0.01,9,6849,卖盘
1200,13:44:18,7.62,--,5,3810,买盘
1201,13:44:15,7.62,--,78,59436,买盘
1202,13:44:12,7.62,0.01,121,92202,买盘
1203,13:44:09,7.61,-0.01,14,10654,卖盘
1204,13:44:06,7.62,0.01,12,9144,买盘
1205,13:44:03,7.61,--,100,76100,卖盘
1206,13:44:00,7.61,-0.01,52,39572,卖盘
1207,13:43:57,7.62,0.01,11,8397,买盘
1208,13:43:54,7.61,-0.01,21,15981,卖盘
1209,13:43:51,7.62,0.01,11,8382,买盘
1210,13:43:48,7.61,--,9,6849,卖盘
1211,13:43:45,7.61,--,47,35767,卖盘
1212,13:43:42,7.61,--,31,23591,卖盘
1213,13:43:36,7.61,--,16,12176,卖盘
1214,13:43:33,7.61,--,82,62402,卖盘
1215,13:43:30,7.61,--,19,14459,卖盘
1216,13:43:27,7.61,--,315,239715,卖盘
1217,13:43:24,7.61,--,108,82188,卖盘
1218,13:43:21,7.61,-0.01,20,15220,卖盘
1219,13:43:18,7.62,--,13,9906,买盘
1220,13:43:12,7.62,--,50,38100,买盘
1221,13:43:09,7.62,--,12,9144,买盘
1222,13:43:06,7.62,0.01,23,17526,买盘
1223,13:43:03,7.61,--,91,69251,卖盘
1224,13:43:00,7.61,-0.01,1,761,卖盘
1225,13:42:57,7.62,--,27,20574,买盘
1226,13:42:54,7.62,--,232,176852,买盘
1227,13:42:51,7.62,0.01,1,762,买盘
1228,13:42:48,7.61,-0.01,19,14459,卖盘
1229,13:42:45,7.62,0.01,111,84582,买盘
1230,13:42:42,7.61,--,150,114150,卖盘
1231,13:42:39,7.61,--,70,53270,卖盘
1232,13:42:36,7.61,--,37,28157,卖盘
1233,13:42:33,7.61,--,81,61641,卖盘
1234,13:42:30,7.61,--,11,8371,卖盘
1235,13:42:27,7.61,-0.01,20,15220,卖盘
1236,13:42:24,7.62,0.01,24,18288,买盘
1237,13:42:21,7.61,--,218,165898,卖盘
1238,13:42:18,7.61,--,28,21308,卖盘
1239,13:42:15,7.61,-0.01,10,7610,卖盘
1240,13:42:12,7.62,0.01,70,53340,买盘
1241,13:42:09,7.61,-0.01,660,502260,卖盘
1242,13:42:06,7.62,0.01,18,13716,买盘
1243,13:42:03,7.61,-0.01,105,79905,卖盘
1244,13:42:00,7.62,0.01,32,24384,买盘
1245,13:41:57,7.61,--,50,38050,卖盘
1246,13:41:54,7.61,0.01,570,433770,中性盘
1247,13:41:51,7.6,-0.01,377,286520,卖盘
1248,13:41:48,7.61,--,65,49465,买盘
1249,13:41:45,7.61,-0.01,5,3805,中性盘
1250,13:41:42,7.62,0.02,18,13716,买盘
1251,13:41:39,7.6,-0.01,197,149720,卖盘
1252,13:41:36,7.61,--,126,95886,买盘
1253,13:41:33,7.61,-0.01,87,66207,卖盘
1254,13:41:30,7.62,--,790,601980,买盘
1255,13:41:27,7.62,--,78,59436,买盘
1256,13:41:24,7.62,--,48,36576,买盘
1257,13:41:21,7.62,0.03,37,28194,买盘
1258,13:41:18,7.59,-0.03,371,281589,卖盘
1259,13:41:15,7.62,--,39,29718,买盘
1260,13:41:12,7.62,0.02,2548,1941576,买盘
1261,13:41:09,7.6,--,13,9880,买盘
1262,13:41:06,7.6,--,433,329786,卖盘
1263,13:41:03,7.6,--,180,136800,卖盘
1264,13:41:00,7.6,-0.01,614,466640,卖盘
1265,13:40:57,7.61,--,56,42616,买盘
1266,13:40:54,7.61,0.01,122,92842,买盘
1267,13:40:51,7.6,--,49,37240,卖盘
1268,13:40:48,7.6,-0.01,252,191520,卖盘
1269,13:40:45,7.61,--,17,12937,买盘
1270,13:40:42,7.61,0.01,245,186445,买盘
1271,13:40:39,7.6,-0.02,165,125400,卖盘
1272,13:40:36,7.62,0.02,61,46482,买盘
1273,13:40:33,7.6,-0.02,190,144400,卖盘
1274,13:40:30,7.62,0.01,423,322326,买盘
1275,13:40:27,7.61,0.01,750,570750,买盘
1276,13:40:24,7.6,--,640,486400,卖盘
1277,13:40:21,7.6,-0.01,107,81320,卖盘
1278,13:40:18,7.61,--,3,2283,买盘
1279,13:40:15,7.61,--,1,761,买盘
1280,13:40:12,7.61,--,16,12176,买盘
1281,13:40:09,7.61,--,530,403330,买盘
1282,13:40:06,7.61,--,45,34245,卖盘
1283,13:40:03,7.61,--,277,210797,买盘
1284,13:40:00,7.61,-0.01,22,16742,买盘
1285,13:39:57,7.62,0.02,86,65532,买盘
1286,13:39:54,7.6,-0.02,8281,6293560,卖盘
1287,13:39:48,7.62,0.01,127,96774,买盘
1288,13:39:45,7.61,--,89,67729,卖盘
1289,13:39:39,7.61,--,44,33484,买盘
1290,13:39:36,7.61,--,98,74578,买盘
1291,13:39:33,7.61,0.01,10,7610,卖盘
1292,13:39:30,7.6,-0.02,51,38760,卖盘
1293,13:39:27,7.62,0.01,18,13716,买盘
1294,13:39:24,7.61,--,95,72348,卖盘
1295,13:39:21,7.61,0.01,28,21308,中性盘
1296,13:39:18,7.6,-0.04,805,611800,卖盘
1297,13:39:15,7.64,0.03,6019,4598516,买盘
1298,13:39:12,7.61,--,5,3805,买盘
1299,13:39:09,7.61,-0.01,6,4566,中性盘
1300,13:39:06,7.62,0.01,95,72390,买盘
1301,13:39:03,7.61,--,39,29679,卖盘
1302,13:38:57,7.61,-0.01,20,15220,卖盘
1303,13:38:54,7.62,0.01,137,104394,中性盘
1304,13:38:51,7.61,-0.02,10000,7610000,卖盘
1305,13:38:48,7.63,--,18,13734,买盘
1306,13:38:45,7.63,--,41,31283,买盘
1307,13:38:42,7.63,--,205,156415,买盘
1308,13:38:39,7.63,--,500,381500,买盘
1309,13:38:36,7.63,--,2,1526,买盘
1310,13:38:33,7.63,--,393,299912,卖盘
1311,13:38:30,7.63,-0.01,92,70196,卖盘
1312,13:38:27,7.64,--,2668,2038352,买盘
1313,13:38:24,7.64,0.01,49,37436,买盘
1314,13:38:21,7.63,--,71,54173,卖盘
1315,13:38:18,7.63,--,5,3815,卖盘
1316,13:38:15,7.63,--,100,76300,卖盘
1317,13:38:12,7.63,-0.01,40,30520,卖盘
1318,13:38:09,7.64,0.01,11,8404,买盘
1319,13:38:06,7.63,--,170,129710,卖盘
1320,13:38:03,7.63,--,101,77063,卖盘
1321,13:38:00,7.63,--,19,14497,卖盘
1322,13:37:54,7.63,--,60,45780,卖盘
1323,13:37:51,7.63,--,20,15260,卖盘
1324,13:37:48,7.63,--,13,9919,卖盘
1325,13:37:45,7.63,-0.01,65,49610,卖盘
1326,13:37:42,7.64,0.01,241,184124,买盘
1327,13:37:39,7.63,-0.01,14,10682,卖盘
1328,13:37:36,7.64,0.01,1028,785392,买盘
1329,13:37:33,7.63,--,82,62566,卖盘
1330,13:37:30,7.63,--,1,763,卖盘
1331,13:37:27,7.63,-0.01,18,13734,卖盘
1332,13:37:24,7.64,0.01,109,83276,买盘
1333,13:37:21,7.63,-0.01,2,1526,卖盘
1334,13:37:18,7.64,0.01,25,19100,买盘
1335,13:37:15,7.63,--,28,21364,卖盘
1336,13:37:12,7.63,--,60,45780,卖盘
1337,13:37:09,7.63,-0.01,22,16786,卖盘
1338,13:37:06,7.64,--,36,27504,买盘
1339,13:37:03,7.64,0.01,121,92444,买盘
1340,13:37:00,7.63,--,32,24416,卖盘
1341,13:36:57,7.63,--,151,115213,卖盘
1342,13:36:54,7.63,-0.01,61,46543,卖盘
1343,13:36:51,7.64,--,5,3820,买盘
1344,13:36:48,7.64,0.01,32,24448,买盘
1345,13:36:45,7.63,--,8,6340,卖盘
1346,13:36:42,7.63,--,13,9919,卖盘
1347,13:36:39,7.63,--,205,156415,卖盘
1348,13:36:36,7.63,-0.01,109,83167,卖盘
1349,13:36:33,7.64,--,101,77164,买盘
1350,13:36:30,7.64,0.01,265,202460,买盘
1351,13:36:27,7.63,--,11,8393,卖盘
1352,13:36:24,7.63,-0.01,344,262472,卖盘
1353,13:36:21,7.64,--,11,8404,买盘
1354,13:36:18,7.64,--,23,17572,买盘
1355,13:36:12,7.64,--,6,4584,买盘
1356,13:36:09,7.64,--,293,223852,买盘
1357,13:36:06,7.64,--,32,24448,买盘
1358,13:36:03,7.64,0.01,110,84040,买盘
1359,13:36:00,7.63,-0.01,9,6867,卖盘
1360,13:35:57,7.64,0.01,15,11460,买盘
1361,13:35:54,7.63,-0.01,37,28231,卖盘
1362,13:35:51,7.64,--,100,76400,买盘
1363,13:35:48,7.64,--,23,17572,买盘
1364,13:35:45,7.64,--,210,160440,买盘
1365,13:35:42,7.64,0.01,28,21392,买盘
1366,13:35:39,7.63,--,39,29757,卖盘
1367,13:35:36,7.63,--,22,16786,卖盘
1368,13:35:33,7.63,--,114,86982,卖盘
1369,13:35:30,7.63,--,1,763,卖盘
1370,13:35:27,7.63,-0.01,125,95375,卖盘
1371,13:35:24,7.64,--,32,24448,买盘
1372,13:35:21,7.64,0.01,5,3820,买盘
1373,13:35:18,7.63,-0.01,34,25942,卖盘
1374,13:35:15,7.64,--,24,18336,买盘
1375,13:35:12,7.64,--,96,73344,买盘
1376,13:35:06,7.64,0.01,38,29032,买盘
1377,13:35:03,7.63,-0.01,99,75537,卖盘
1378,13:35:00,7.64,--,11,8404,买盘
1379,13:34:57,7.64,0.01,86,65704,买盘
1380,13:34:54,7.63,-0.01,25,19075,卖盘
1381,13:34:51,7.64,--,27,20628,买盘
1382,13:34:48,7.64,--,19,14516,买盘
1383,13:34:45,7.64,--,517,395698,卖盘
1384,13:34:42,7.64,-0.01,11,8404,卖盘
1385,13:34:39,7.65,--,664,507960,买盘
1386,13:34:36,7.65,0.01,99,75735,买盘
1387,13:34:33,7.64,--,92,70288,卖盘
1388,13:34:30,7.64,-0.01,85,64940,卖盘
1389,13:34:24,7.65,0.01,32,24480,买盘
1390,13:34:21,7.64,-0.01,2,1528,卖盘
1391,13:34:18,7.65,0.01,23,17595,买盘
1392,13:34:15,7.64,--,500,382000,卖盘
1393,13:34:09,7.64,--,232,177248,卖盘
1394,13:34:06,7.64,--,89,67996,卖盘
1395,13:34:03,7.64,--,105,80220,卖盘
1396,13:34:00,7.64,-0.01,501,382764,卖盘
1397,13:33:54,7.65,--,53,40545,买盘
1398,13:33:51,7.65,0.01,10,7650,买盘
1399,13:33:48,7.64,--,780,595973,买盘
1400,13:33:45,7.64,--,223,170372,买盘
1401,13:33:42,7.64,--,37,28268,买盘
1402,13:33:39,7.64,--,8,6112,买盘
1403,13:33:36,7.64,-0.01,330,252830,卖盘
1404,13:33:33,7.65,0.01,109,83645,买盘
1405,13:33:30,7.64,--,92,70288,卖盘
1406,13:33:27,7.64,--,137,104668,卖盘
1407,13:33:24,7.64,--,82,62648,卖盘
1408,13:33:21,7.64,--,500,382000,卖盘
1409,13:33:18,7.64,--,181,138284,卖盘
1410,13:33:15,7.64,--,300,229200,卖盘
1411,13:33:12,7.64,-0.01,43,32852,卖盘
1412,13:33:09,7.65,0.01,10,7650,买盘
1413,13:33:06,7.64,--,76,58064,卖盘
1414,13:33:03,7.64,-0.01,252,192528,卖盘
1415,13:33:00,7.65,0.01,13,9945,买盘
1416,13:32:54,7.64,--,10,7640,卖盘
1417,13:32:51,7.64,--,331,252884,卖盘
1418,13:32:48,7.64,-0.01,24,18336,卖盘
1419,13:32:45,7.65,--,107,81855,买盘
1420,13:32:42,7.65,0.01,502,384030,买盘
1421,13:32:39,7.64,--,29,22156,卖盘
1422,13:32:36,7.64,--,50,38200,卖盘
1423,13:32:33,7.64,-0.01,82,62648,卖盘
1424,13:32:30,7.65,0.01,53,40545,买盘
1425,13:32:27,7.64,--,676,516464,卖盘
1426,13:32:24,7.64,-0.01,377,288028,卖盘
1427,13:32:21,7.65,0.01,6,4590,买盘
1428,13:32:18,7.64,--,215,164260,卖盘
1429,13:32:06,7.64,--,93,71052,卖盘
1430,13:32:03,7.64,--,260,198640,卖盘
1431,13:32:00,7.64,-0.01,503,384292,卖盘
1432,13:31:57,7.65,--,4,3060,买盘
1433,13:31:54,7.65,--,13,9945,买盘
1434,13:31:51,7.65,--,5,3825,买盘
1435,13:31:48,7.65,--,151,115515,买盘
1436,13:31:45,7.65,0.01,22,16830,买盘
1437,13:31:42,7.64,--,4,3056,卖盘
1438,13:31:39,7.64,--,194,148216,卖盘
1439,13:31:36,7.64,-0.01,39,29796,卖盘
1440,13:31:33,7.65,--,141,107865,买盘
1441,13:31:30,7.65,--,506,387090,买盘
1442,13:31:27,7.65,--,100,76500,买盘
1443,13:31:24,7.65,--,50,38250,买盘
1444,13:31:21,7.65,--,10,7650,买盘
1445,13:31:18,7.65,--,71,54315,买盘
1446,13:31:15,7.65,--,147,112455,买盘
1447,13:31:12,7.65,--,10,7650,买盘
1448,13:31:06,7.65,0.01,18,13770,买盘
1449,13:31:03,7.64,-0.01,616,470624,卖盘
1450,13:31:00,7.65,0.01,20,15300,买盘
1451,13:30:57,7.64,-0.01,161,123004,卖盘
1452,13:30:54,7.65,0.01,5,3825,买盘
1453,13:30:51,7.64,-0.01,19,14516,卖盘
1454,13:30:48,7.65,0.01,12,9180,买盘
1455,13:30:42,7.64,--,1,764,卖盘
1456,13:30:39,7.64,-0.02,184,140576,卖盘
1457,13:30:36,7.66,0.01,56,42896,买盘
1458,13:30:33,7.65,--,130,99450,卖盘
1459,13:30:30,7.65,--,45,34425,卖盘
1460,13:30:27,7.65,-0.01,86,65790,卖盘
1461,13:30:24,7.66,--,30,22980,买盘
1462,13:30:21,7.66,0.01,240,183840,买盘
1463,13:30:18,7.65,-0.01,31,23715,卖盘
1464,13:30:15,7.66,0.01,23,17618,买盘
1465,13:30:12,7.65,--,200,153696,卖盘
1466,13:30:09,7.65,-0.01,58,44370,卖盘
1467,13:30:06,7.66,0.01,23,17618,买盘
1468,13:30:03,7.65,-0.01,300,229500,卖盘
1469,13:30:00,7.66,--,11,8426,买盘
1470,13:29:57,7.66,0.01,318,243588,买盘
1471,13:29:54,7.65,-0.01,17,13005,卖盘
1472,13:29:51,7.66,0.01,30,22980,买盘
1473,13:29:48,7.65,-0.01,13,9945,卖盘
1474,13:29:42,7.66,0.01,13,9958,买盘
1475,13:29:39,7.65,--,38,29070,卖盘
1476,13:29:36,7.65,--,5,3825,卖盘
1477,13:29:33,7.65,-0.01,83,63495,卖盘
1478,13:29:30,7.66,--,28,21448,买盘
1479,13:29:27,7.66,--,56,42896,买盘
1480,13:29:24,7.66,0.01,14,10724,买盘
1481,13:29:21,7.65,-0.01,19,14535,卖盘
1482,13:29:18,7.66,0.01,513,392958,买盘
1483,13:29:15,7.65,-0.01,26,19890,卖盘
1484,13:29:12,7.66,0.01,238,182308,买盘
1485,13:29:09,7.65,-0.01,159,121635,卖盘
1486,13:29:06,7.66,0.01,32,24512,买盘
1487,13:29:03,7.65,-0.01,215,164475,卖盘
1488,13:29:00,7.66,--,6,4596,买盘
1489,13:28:57,7.66,--,25,19150,买盘
1490,13:28:54,7.66,0.01,69,52854,买盘
1491,13:28:51,7.65,-0.01,36,27540,卖盘
1492,13:28:48,7.66,--,52,39832,买盘
1493,13:28:45,7.66,--,110,84260,买盘
1494,13:28:42,7.66,0.01,9,6894,买盘
1495,13:28:39,7.65,-0.01,2,1530,卖盘
1496,13:28:36,7.66,0.01,12,9192,买盘
1497,13:28:33,7.65,-0.01,81,61965,卖盘
1498,13:28:30,7.66,--,43,32938,买盘
1499,13:28:27,7.66,0.01,19,14554,买盘
1500,13:28:24,7.65,0.01,360,275400,买盘
1501,13:28:21,7.64,--,5,3820,卖盘
1502,13:28:18,7.64,-0.01,38,29032,卖盘
1503,13:28:15,7.65,--,95,72675,买盘
1504,13:28:06,7.65,0.01,12,9180,中性盘
1505,13:28:03,7.64,-0.01,106,80984,卖盘
1506,13:28:00,7.65,--,48,36720,买盘
1507,13:27:57,7.65,--,3,2295,买盘
1508,13:27:54,7.65,--,1,765,买盘
1509,13:27:51,7.65,--,22,16830,买盘
1510,13:27:48,7.65,--,22,16830,买盘
1511,13:27:45,7.65,--,690,527850,买盘
1512,13:27:39,7.65,0.01,10,7650,买盘
1513,13:27:33,7.64,--,167,127588,卖盘
1514,13:27:30,7.64,--,1,764,卖盘
1515,13:27:27,7.64,--,31,23684,卖盘
1516,13:27:24,7.64,--,7,5348,卖盘
1517,13:27:18,7.64,-0.01,2,1528,卖盘
1518,13:27:15,7.65,--,10,7650,买盘
1519,13:27:09,7.65,--,5,3825,买盘
1520,13:27:06,7.65,0.01,28,21420,买盘
1521,13:27:03,7.64,--,100,76400,卖盘
1522,13:27:00,7.64,-0.01,1,764,卖盘
1523,13:26:57,7.65,0.01,1,765,中性盘
1524,13:26:51,7.64,-0.01,8,6112,卖盘
1525,13:26:48,7.65,--,6,4590,买盘
1526,13:26:45,7.65,-0.01,5,3825,买盘
1527,13:26:42,7.66,0.02,8,6128,买盘
1528,13:26:39,7.64,-0.01,504,385613,卖盘
1529,13:26:36,7.65,0.01,15,11475,买盘
1530,13:26:33,7.64,--,86,65704,卖盘
1531,13:26:30,7.64,--,10,7640,卖盘
1532,13:26:27,7.64,-0.01,21,16044,卖盘
1533,13:26:24,7.65,--,48,36720,买盘
1534,13:26:21,7.65,--,280,214406,卖盘
1535,13:26:18,7.65,--,106,81617,卖盘
1536,13:26:15,7.65,-0.01,151,115515,卖盘
1537,13:26:12,7.66,--,313,239758,买盘
1538,13:26:09,7.66,--,5,3830,买盘
1539,13:26:06,7.66,0.01,228,174648,买盘
1540,13:26:03,7.65,--,105,80325,卖盘
1541,13:26:00,7.65,--,9,6885,卖盘
1542,13:25:57,7.65,--,11,8415,卖盘
1543,13:25:54,7.65,--,100,76500,卖盘
1544,13:25:51,7.65,-0.01,30,22950,卖盘
1545,13:25:48,7.66,--,6,4596,买盘
1546,13:25:45,7.66,0.01,49,37534,买盘
1547,13:25:42,7.65,--,1,765,卖盘
1548,13:25:36,7.65,-0.01,57,43605,卖盘
1549,13:25:33,7.66,--,85,65110,买盘
1550,13:25:30,7.66,0.01,315,241290,买盘
1551,13:25:27,7.65,-0.01,19,14565,卖盘
1552,13:25:24,7.66,0.01,26,19916,买盘
1553,13:25:21,7.65,-0.01,4,3060,卖盘
1554,13:25:18,7.66,0.01,117,89622,买盘
1555,13:25:15,7.65,--,47,35955,卖盘
1556,13:25:12,7.65,-0.01,20,15300,卖盘
1557,13:25:06,7.66,0.01,12,9192,买盘
1558,13:25:03,7.65,--,129,98685,卖盘
1559,13:25:00,7.65,--,51,39015,卖盘
1560,13:24:57,7.65,--,18,13770,卖盘
1561,13:24:51,7.65,--,35,26775,卖盘
1562,13:24:48,7.65,-0.01,20,15300,卖盘
1563,13:24:45,7.66,0.01,9,6894,买盘
1564,13:24:42,7.65,--,9,6885,卖盘
1565,13:24:39,7.65,--,55,42075,卖盘
1566,13:24:36,7.65,--,25,19125,卖盘
1567,13:24:33,7.65,--,139,106335,卖盘
1568,13:24:30,7.65,--,13,9945,卖盘
1569,13:24:27,7.65,-0.01,144,110160,卖盘
1570,13:24:24,7.66,0.01,91,69706,买盘
1571,13:24:21,7.65,--,16,12240,卖盘
1572,13:24:18,7.65,0.01,1300,994500,买盘
1573,13:24:15,7.64,--,14,10696,卖盘
1574,13:24:12,7.64,-0.01,6,4584,卖盘
1575,13:24:06,7.65,0.01,126,96390,买盘
1576,13:24:03,7.64,--,90,68760,卖盘
1577,13:24:00,7.64,-0.01,1,764,卖盘
1578,13:23:57,7.65,0.01,2,1530,买盘
1579,13:23:51,7.64,--,16,12224,卖盘
1580,13:23:48,7.64,--,32,24448,卖盘
1581,13:23:45,7.64,--,100,76400,卖盘
1582,13:23:42,7.64,--,9,6876,卖盘
1583,13:23:39,7.64,-0.01,200,152800,卖盘
1584,13:23:36,7.65,--,5,3825,买盘
1585,13:23:33,7.65,--,122,93330,买盘
1586,13:23:30,7.65,--,51,39015,买盘
1587,13:23:27,7.65,0.01,56,42855,买盘
1588,13:23:24,7.64,-0.01,24,18336,卖盘
1589,13:23:18,7.65,--,69,52785,买盘
1590,13:23:15,7.65,--,74,56610,买盘
1591,13:23:12,7.65,--,27,20655,买盘
1592,13:23:06,7.65,0.01,44,33660,买盘
1593,13:23:03,7.64,--,124,94736,卖盘
1594,13:23:00,7.64,-0.01,26,19864,卖盘
1595,13:22:57,7.65,0.01,58,44370,买盘
1596,13:22:54,7.64,-0.01,7,5348,卖盘
1597,13:22:51,7.65,0.01,67,51255,买盘
1598,13:22:48,7.64,-0.01,33,25212,卖盘
1599,13:22:45,7.65,--,14,10710,买盘
1600,13:22:42,7.65,--,99,75735,买盘
1601,13:22:39,7.65,0.01,7,5355,买盘
1602,13:22:36,7.64,--,2,1528,卖盘
1603,13:22:33,7.64,-0.01,113,86332,卖盘
1604,13:22:30,7.65,--,7,5355,买盘
1605,13:22:27,7.65,0.01,391,299115,买盘
1606,13:22:24,7.64,-0.01,13,9970,卖盘
1607,13:22:21,7.65,0.01,52,39780,买盘
1608,13:22:18,7.64,-0.01,2,1528,卖盘
1609,13:22:15,7.65,0.01,30,22950,买盘
1610,13:22:12,7.64,--,923,705172,卖盘
1611,13:22:09,7.64,--,88,67232,卖盘
1612,13:22:06,7.64,--,26,19864,卖盘
1613,13:22:03,7.64,--,195,148980,卖盘
1614,13:22:00,7.64,-0.01,101,77164,卖盘
1615,13:21:57,7.65,0.01,1,765,买盘
1616,13:21:54,7.64,--,10,7640,卖盘
1617,13:21:48,7.64,--,16,12224,卖盘
1618,13:21:45,7.64,--,50,38200,卖盘
1619,13:21:42,7.64,--,46,35144,卖盘
1620,13:21:39,7.64,--,648,495072,卖盘
1621,13:21:36,7.64,--,26,19864,卖盘
1622,13:21:33,7.64,-0.01,99,75636,卖盘
1623,13:21:30,7.65,--,51,39015,买盘
1624,13:21:27,7.65,--,32,24480,买盘
1625,13:21:24,7.65,--,32,24480,买盘
1626,13:21:21,7.65,0.01,6,4590,买盘
1627,13:21:18,7.64,-0.01,353,269692,卖盘
1628,13:21:09,7.65,--,56,42840,买盘
1629,13:21:06,7.65,0.01,619,473535,买盘
1630,13:21:03,7.64,-0.01,144,110016,卖盘
1631,13:21:00,7.65,--,16,12240,买盘
1632,13:20:57,7.65,--,2,1530,买盘
1633,13:20:51,7.65,--,5,3825,买盘
1634,13:20:48,7.65,--,11,8415,买盘
1635,13:20:45,7.65,--,11,8415,买盘
1636,13:20:42,7.65,--,4,3060,买盘
1637,13:20:39,7.65,0.01,77,58905,买盘
1638,13:20:33,7.64,--,92,70288,卖盘
1639,13:20:30,7.64,-0.01,28,21392,卖盘
1640,13:20:24,7.65,0.01,10,7650,买盘
1641,13:20:21,7.64,--,2,1543,卖盘
1642,13:20:18,7.64,-0.01,2,1528,卖盘
1643,13:20:15,7.65,--,27,20655,买盘
1644,13:20:12,7.65,--,15,11475,买盘
1645,13:20:09,7.65,-0.01,906,693571,卖盘
1646,13:20:06,7.66,0.01,140,107240,买盘
1647,13:20:03,7.65,-0.01,362,276930,卖盘
1648,13:20:00,7.66,0.01,10,7660,买盘
1649,13:19:57,7.65,-0.01,3,2295,卖盘
1650,13:19:54,7.66,0.01,5,3830,买盘
1651,13:19:51,7.65,--,10,7650,卖盘
1652,13:19:48,7.65,--,3,2295,卖盘
1653,13:19:45,7.65,--,9,6885,卖盘
1654,13:19:42,7.65,--,30,22950,卖盘
1655,13:19:39,7.65,--,58,44370,卖盘
1656,13:19:33,7.65,--,298,227970,卖盘
1657,13:19:30,7.65,--,112,85680,卖盘
1658,13:19:27,7.65,--,264,201960,卖盘
1659,13:19:24,7.65,--,10,7650,卖盘
1660,13:19:21,7.65,--,70,53565,卖盘
1661,13:19:18,7.65,--,201,153765,卖盘
1662,13:19:15,7.65,--,32,24480,卖盘
1663,13:19:12,7.65,--,10,7650,卖盘
1664,13:19:09,7.65,-0.01,100,76500,卖盘
1665,13:19:06,7.66,0.01,115,88090,买盘
1666,13:19:03,7.65,--,92,70380,卖盘
1667,13:19:00,7.65,--,89,68085,卖盘
1668,13:18:57,7.65,-0.01,32,24480,卖盘
1669,13:18:54,7.66,0.01,10,7660,买盘
1670,13:18:51,7.65,--,60,45900,卖盘
1671,13:18:48,7.65,-0.01,158,120870,卖盘
1672,13:18:45,7.66,0.01,47,36002,买盘
1673,13:18:42,7.65,--,557,426105,卖盘
1674,13:18:39,7.65,--,34,26010,卖盘
1675,13:18:36,7.65,--,78,59670,卖盘
1676,13:18:33,7.65,--,100,76500,卖盘
1677,13:18:30,7.65,--,2,1530,卖盘
1678,13:18:27,7.65,--,6,4590,卖盘
1679,13:18:24,7.65,--,5,3825,卖盘
1680,13:18:21,7.65,--,66,50490,卖盘
1681,13:18:18,7.65,-0.01,8,6142,卖盘
1682,13:18:15,7.66,0.01,424,324784,买盘
1683,13:18:12,7.65,--,12,9180,卖盘
1684,13:18:09,7.65,-0.01,1,765,卖盘
1685,13:18:06,7.66,--,111,85026,买盘
1686,13:18:03,7.66,--,217,166222,买盘
1687,13:18:00,7.66,0.01,5,3830,买盘
1688,13:17:57,7.65,-0.01,27,20655,卖盘
1689,13:17:54,7.66,0.01,31,23746,买盘
1690,13:17:51,7.65,-0.01,10,7650,卖盘
1691,13:17:48,7.66,0.01,49,37534,买盘
1692,13:17:45,7.65,--,17,13005,卖盘
1693,13:17:36,7.65,--,82,62730,卖盘
1694,13:17:33,7.65,--,89,68085,卖盘
1695,13:17:27,7.65,-0.01,174,133110,卖盘
1696,13:17:21,7.66,--,3,2298,买盘
1697,13:17:18,7.66,0.01,7,5377,买盘
1698,13:17:15,7.65,--,146,111690,卖盘
1699,13:17:12,7.65,-0.01,10,7650,卖盘
1700,13:17:09,7.66,--,42,32172,买盘
1701,13:17:06,7.66,0.01,155,118730,买盘
1702,13:17:03,7.65,--,91,69615,卖盘
1703,13:16:57,7.65,-0.01,14,10710,卖盘
1704,13:16:54,7.66,0.01,16,12256,买盘
1705,13:16:51,7.65,-0.01,347,265455,卖盘
1706,13:16:48,7.66,0.01,2,1532,买盘
1707,13:16:45,7.65,--,30,22950,卖盘
1708,13:16:42,7.65,-0.01,80,61200,卖盘
1709,13:16:39,7.66,0.01,2,1532,买盘
1710,13:16:36,7.65,--,10,7650,卖盘
1711,13:16:33,7.65,--,84,64260,卖盘
1712,13:16:27,7.65,--,7,5355,卖盘
1713,13:16:24,7.65,--,24,18360,卖盘
1714,13:16:21,7.65,-0.01,22,16830,卖盘
1715,13:16:18,7.66,0.01,11,8426,买盘
1716,13:16:15,7.65,--,10,7665,卖盘
1717,13:16:09,7.65,-0.01,91,69615,卖盘
1718,13:16:06,7.66,0.01,16,12256,买盘
1719,13:16:03,7.65,--,90,68850,卖盘
1720,13:16:00,7.65,--,140,107100,卖盘
1721,13:15:57,7.65,--,3,2295,卖盘
1722,13:15:54,7.65,--,88,67320,卖盘
1723,13:15:51,7.65,-0.01,23,17595,卖盘
1724,13:15:48,7.66,0.01,3,2298,买盘
1725,13:15:45,7.65,--,20,15300,卖盘
1726,13:15:42,7.65,-0.01,29,22185,卖盘
1727,13:15:39,7.66,--,1,766,买盘
1728,13:15:36,7.66,0.01,128,98048,买盘
1729,13:15:33,7.65,--,131,100215,卖盘
1730,13:15:27,7.65,--,78,59670,卖盘
1731,13:15:24,7.65,--,50,38250,卖盘
1732,13:15:21,7.65,-0.01,210,160650,卖盘
1733,13:15:18,7.66,--,41,31406,买盘
1734,13:15:15,7.66,--,32,24527,买盘
1735,13:15:12,7.66,0.01,96,73536,买盘
1736,13:15:06,7.65,--,59,45135,卖盘
1737,13:15:03,7.65,--,90,68850,卖盘
1738,13:15:00,7.65,--,11,8415,卖盘
1739,13:14:57,7.65,-0.01,3,2295,卖盘
1740,13:14:54,7.66,0.01,7,5362,买盘
1741,13:14:51,7.65,-0.01,8,6120,卖盘
1742,13:14:48,7.66,0.01,3,2298,买盘
1743,13:14:45,7.65,--,4,3060,卖盘
1744,13:14:42,7.65,--,11,8415,卖盘
1745,13:14:39,7.65,--,61,46665,卖盘
1746,13:14:36,7.65,--,33,25245,卖盘
1747,13:14:33,7.65,--,96,73440,卖盘
1748,13:14:30,7.65,--,300,229500,卖盘
1749,13:14:27,7.65,-0.01,12,9180,卖盘
1750,13:14:24,7.66,--,1,766,买盘
1751,13:14:21,7.66,--,1,766,买盘
1752,13:14:18,7.66,0.01,3,2298,买盘
1753,13:14:15,7.65,--,107,81855,卖盘
1754,13:14:12,7.65,-0.01,5,3847,卖盘
1755,13:14:09,7.66,0.01,44,33704,买盘
1756,13:14:06,7.65,--,136,104040,卖盘
1757,13:14:03,7.65,-0.01,97,74205,卖盘
1758,13:14:00,7.66,0.01,56,42896,买盘
1759,13:13:57,7.65,--,11,8415,卖盘
1760,13:13:54,7.65,--,20,15300,卖盘
1761,13:13:51,7.65,--,80,61200,卖盘
1762,13:13:48,7.65,--,4,3060,卖盘
1763,13:13:42,7.65,-0.01,66,50490,卖盘
1764,13:13:39,7.66,0.01,1,766,买盘
1765,13:13:36,7.65,--,12,9180,卖盘
1766,13:13:33,7.65,--,83,63495,卖盘
1767,13:13:30,7.65,--,1,765,卖盘
1768,13:13:27,7.65,-0.01,22,16830,卖盘
1769,13:13:24,7.66,--,102,78132,买盘
1770,13:13:21,7.66,0.01,16,12256,买盘
1771,13:13:12,7.65,-0.01,0,15,卖盘
1772,13:13:09,7.66,--,35,26810,买盘
1773,13:13:06,7.66,0.01,35,26810,买盘
1774,13:13:03,7.65,--,147,112455,卖盘
1775,13:13:00,7.65,-0.01,1,765,卖盘
1776,13:12:57,7.66,0.01,216,165456,买盘
1777,13:12:54,7.65,--,46,35190,卖盘
1778,13:12:51,7.65,-0.01,74,56610,卖盘
1779,13:12:48,7.66,--,3,2298,买盘
1780,13:12:45,7.66,0.01,200,153200,买盘
1781,13:12:42,7.65,--,10,7650,卖盘
1782,13:12:33,7.65,-0.01,128,97920,卖盘
1783,13:12:30,7.66,--,3,2298,买盘
1784,13:12:27,7.66,--,36,27576,买盘
1785,13:12:24,7.66,0.01,38,29108,买盘
1786,13:12:21,7.65,-0.01,12,9180,卖盘
1787,13:12:18,7.66,0.01,74,56684,买盘
1788,13:12:09,7.65,-0.01,34,26032,卖盘
1789,13:12:06,7.66,0.01,11,8426,买盘
1790,13:12:03,7.65,-0.01,91,69615,卖盘
1791,13:12:00,7.66,0.01,25,19150,买盘
1792,13:11:57,7.65,-0.01,56,42840,卖盘
1793,13:11:51,7.66,--,160,122560,买盘
1794,13:11:48,7.66,--,6,4596,买盘
1795,13:11:45,7.66,0.01,153,117198,买盘
1796,13:11:42,7.65,--,200,153000,卖盘
1797,13:11:39,7.65,--,47,35955,卖盘
1798,13:11:36,7.65,--,23,17595,卖盘
1799,13:11:33,7.65,--,84,64260,卖盘
1800,13:11:30,7.65,--,7,5355,卖盘
1801,13:11:27,7.65,-0.01,587,449055,卖盘
1802,13:11:24,7.66,--,14,10724,买盘
1803,13:11:21,7.66,0.01,7,5362,买盘
1804,13:11:18,7.65,-0.01,538,411570,卖盘
1805,13:11:15,7.66,0.01,49,37534,买盘
1806,13:11:12,7.65,-0.01,58,44370,卖盘
1807,13:11:09,7.66,0.01,91,69706,买盘
1808,13:11:06,7.65,--,52,39818,卖盘
1809,13:11:03,7.65,--,113,86445,卖盘
1810,13:11:00,7.65,-0.01,31,23715,卖盘
1811,13:10:57,7.66,0.01,22,16852,买盘
1812,13:10:54,7.65,--,14,10710,卖盘
1813,13:10:51,7.65,-0.01,23,17595,卖盘
1814,13:10:48,7.66,0.01,35,26810,买盘
1815,13:10:42,7.65,-0.01,11,8415,卖盘
1816,13:10:39,7.66,0.01,6,4596,买盘
1817,13:10:36,7.65,--,254,194310,卖盘
1818,13:10:33,7.65,--,147,112455,卖盘
1819,13:10:30,7.65,--,1,765,卖盘
1820,13:10:27,7.65,-0.01,8,6120,卖盘
1821,13:10:24,7.66,--,103,78898,买盘
1822,13:10:21,7.66,--,30,22980,买盘
1823,13:10:18,7.66,0.01,6,4596,买盘
1824,13:10:15,7.65,--,318,243270,卖盘
1825,13:10:12,7.65,-0.01,31,23715,卖盘
1826,13:10:06,7.66,0.01,21,16086,买盘
1827,13:10:03,7.65,--,129,98685,卖盘
1828,13:10:00,7.65,-0.01,10,7650,卖盘
1829,13:09:57,7.66,--,9,6894,买盘
1830,13:09:48,7.66,-0.01,39,29874,中性盘
1831,13:09:45,7.67,0.01,124,95384,买盘
1832,13:09:42,7.66,--,14,10724,买盘
1833,13:09:39,7.66,--,20,15320,买盘
1834,13:09:36,7.66,--,114,87324,卖盘
1835,13:09:33,7.66,--,106,81196,卖盘
1836,13:09:30,7.66,--,16,12256,卖盘
1837,13:09:27,7.66,--,885,677910,买盘
1838,13:09:24,7.66,--,16,12256,买盘
1839,13:09:21,7.66,--,260,199160,买盘
1840,13:09:18,7.66,0.01,2,1532,买盘
1841,13:09:15,7.65,--,38,29070,卖盘
1842,13:09:12,7.65,-0.01,28,21420,卖盘
1843,13:09:09,7.66,--,7,5362,买盘
1844,13:09:06,7.66,0.01,11,8426,买盘
1845,13:09:03,7.65,--,125,95640,卖盘
1846,13:09:00,7.65,--,1,765,卖盘
1847,13:08:51,7.65,-0.01,20,15300,卖盘
1848,13:08:48,7.66,--,12,9192,买盘
1849,13:08:45,7.66,--,11,8426,买盘
1850,13:08:42,7.66,--,504,386064,买盘
1851,13:08:39,7.66,--,66,50556,买盘
1852,13:08:36,7.66,0.01,5,3830,买盘
1853,13:08:33,7.65,--,104,79560,卖盘
1854,13:08:30,7.65,--,41,31365,卖盘
1855,13:08:27,7.65,--,210,160650,卖盘
1856,13:08:21,7.65,-0.01,50,38250,卖盘
1857,13:08:18,7.66,0.01,3,2298,买盘
1858,13:08:15,7.65,--,4,3060,卖盘
1859,13:08:12,7.65,-0.01,5,3825,卖盘
1860,13:08:06,7.66,0.01,41,31406,买盘
1861,13:08:03,7.65,--,131,100215,卖盘
1862,13:08:00,7.65,--,44,33675,卖盘
1863,13:07:57,7.65,-0.01,11,8415,卖盘
1864,13:07:51,7.66,0.01,51,39066,买盘
1865,13:07:48,7.65,-0.01,33,25245,卖盘
1866,13:07:45,7.66,0.01,12,9192,买盘
1867,13:07:42,7.65,--,17,13005,卖盘
1868,13:07:39,7.65,--,25,19125,卖盘
1869,13:07:36,7.65,--,40,30600,卖盘
1870,13:07:33,7.65,-0.01,82,62730,卖盘
1871,13:07:30,7.66,0.01,27,20682,买盘
1872,13:07:27,7.65,-0.01,12,9180,卖盘
1873,13:07:24,7.66,--,22,16852,买盘
1874,13:07:21,7.66,--,5,3830,买盘
1875,13:07:18,7.66,--,43,32938,买盘
1876,13:07:15,7.66,--,15,11490,买盘
1877,13:07:09,7.66,--,10,7660,买盘
1878,13:07:06,7.66,0.01,51,39066,买盘
1879,13:07:03,7.65,-0.01,118,90270,卖盘
1880,13:07:00,7.66,0.01,45,34470,买盘
1881,13:06:57,7.65,--,60,45915,卖盘
1882,13:06:54,7.65,-0.01,13,9945,卖盘
1883,13:06:51,7.66,0.01,19,14554,买盘
1884,13:06:48,7.65,-0.01,6,4590,卖盘
1885,13:06:45,7.66,0.01,12,9192,买盘
1886,13:06:42,7.65,-0.01,60,45900,卖盘
1887,13:06:36,7.66,0.01,42,32172,买盘
1888,13:06:33,7.65,--,181,138465,卖盘
1889,13:06:30,7.65,-0.01,23,17595,卖盘
1890,13:06:27,7.66,--,23,17618,买盘
1891,13:06:24,7.66,--,43,32938,买盘
1892,13:06:21,7.66,--,54,41364,买盘
1893,13:06:18,7.66,0.01,22,16852,买盘
1894,13:06:09,7.65,-0.02,55,42075,卖盘
1895,13:06:06,7.67,0.01,11,8437,买盘
1896,13:06:03,7.66,--,114,87324,卖盘
1897,13:06:00,7.66,0.01,257,196862,买盘
1898,13:05:54,7.65,--,105,80340,卖盘
1899,13:05:51,7.65,-0.01,1,765,卖盘
1900,13:05:48,7.66,--,80,61280,买盘
1901,13:05:45,7.66,0.01,10,7660,买盘
1902,13:05:33,7.65,--,82,62730,卖盘
1903,13:05:30,7.65,--,21,16065,卖盘
1904,13:05:27,7.65,-0.01,14,10710,卖盘
1905,13:05:24,7.66,--,31,23746,买盘
1906,13:05:21,7.66,--,21,16086,买盘
1907,13:05:18,7.66,0.01,512,392192,买盘
1908,13:05:12,7.65,-0.01,15,11475,卖盘
1909,13:05:06,7.66,0.01,37,28342,买盘
1910,13:05:03,7.65,--,307,234855,卖盘
1911,13:05:00,7.65,-0.01,1,765,卖盘
1912,13:04:54,7.66,0.01,107,81962,买盘
1913,13:04:51,7.65,--,12,9218,卖盘
1914,13:04:48,7.65,-0.01,34,26010,卖盘
1915,13:04:45,7.66,0.01,119,91154,买盘
1916,13:04:42,7.65,--,1,765,卖盘
1917,13:04:36,7.65,--,13,9945,卖盘
1918,13:04:33,7.65,--,83,63495,卖盘
1919,13:04:30,7.65,-0.01,51,39015,卖盘
1920,13:04:24,7.66,--,27,20682,买盘
1921,13:04:18,7.66,0.01,23,17618,买盘
1922,13:04:12,7.65,--,4,3060,卖盘
1923,13:04:09,7.65,--,4,3060,卖盘
1924,13:04:06,7.65,--,12,9180,卖盘
1925,13:04:03,7.65,-0.01,91,69615,卖盘
1926,13:04:00,7.66,0.01,10,7660,中性盘
1927,13:03:57,7.65,-0.01,100,76500,卖盘
1928,13:03:51,7.66,-0.01,90,68940,卖盘
1929,13:03:48,7.67,0.02,14,10738,买盘
1930,13:03:45,7.65,--,80,61200,卖盘
1931,13:03:42,7.65,-0.02,9,6885,卖盘
1932,13:03:39,7.67,0.02,48,36816,买盘
1933,13:03:36,7.65,--,41,31365,卖盘
1934,13:03:33,7.65,--,83,63495,卖盘
1935,13:03:30,7.65,-0.01,1,765,卖盘
1936,13:03:27,7.66,-0.01,18,13788,卖盘
1937,13:03:24,7.67,0.01,9,6903,买盘
1938,13:03:21,7.66,--,9,6894,卖盘
1939,13:03:18,7.66,--,5,3830,卖盘
1940,13:03:15,7.66,--,118,90388,买盘
1941,13:03:12,7.66,0.01,2,1532,买盘
1942,13:03:09,7.65,--,21,16065,卖盘
1943,13:03:06,7.65,-0.01,13,9945,卖盘
1944,13:03:03,7.66,0.01,45,34470,中性盘
1945,13:03:00,7.65,-0.02,2001,1530765,卖盘
1946,13:02:54,7.67,0.01,61,46787,买盘
1947,13:02:51,7.66,--,13,9958,卖盘
1948,13:02:48,7.66,-0.01,8,6128,卖盘
1949,13:02:45,7.67,0.01,23,17641,买盘
1950,13:02:42,7.66,--,971,743786,买盘
1951,13:02:39,7.66,--,5,3830,买盘
1952,13:02:36,7.66,0.01,6,4596,买盘
1953,13:02:33,7.65,--,96,73440,卖盘
1954,13:02:30,7.65,-0.01,29,22185,卖盘
1955,13:02:24,7.66,0.01,13,9958,买盘
1956,13:02:21,7.65,-0.01,15,11475,卖盘
1957,13:02:18,7.66,-0.01,5,3830,买盘
1958,13:02:15,7.67,--,10,7670,买盘
1959,13:02:09,7.67,0.01,24,18408,买盘
1960,13:02:06,7.66,--,12,9192,卖盘
1961,13:02:03,7.66,--,90,68940,卖盘
1962,13:02:00,7.66,--,64,49024,卖盘
1963,13:01:57,7.66,--,100,76600,卖盘
1964,13:01:54,7.66,-0.02,4,3064,卖盘
1965,13:01:51,7.68,--,28,21504,买盘
1966,13:01:48,7.68,0.01,24,18432,买盘
1967,13:01:45,7.67,0.01,59,45253,买盘
1968,13:01:42,7.66,-0.01,24,18384,卖盘
1969,13:01:36,7.67,0.01,65,49855,买盘
1970,13:01:33,7.66,--,82,62812,卖盘
1971,13:01:27,7.66,-0.01,15,11490,卖盘
1972,13:01:24,7.67,0.01,4,3068,买盘
1973,13:01:21,7.66,-0.01,1,766,卖盘
1974,13:01:15,7.67,0.01,15,11505,买盘
1975,13:01:12,7.66,-0.01,10,7660,卖盘
1976,13:01:06,7.67,-0.01,37,28877,中性盘
1977,13:01:03,7.68,0.02,110,84480,买盘
1978,13:01:00,7.66,-0.02,1,766,卖盘
1979,13:00:54,7.68,--,22,16896,买盘
1980,13:00:51,7.68,0.01,333,255744,买盘
1981,13:00:48,7.67,--,4,3068,买盘
1982,13:00:45,7.67,-0.01,206,158002,卖盘
1983,13:00:42,7.68,--,120,92160,买盘
1984,13:00:39,7.68,0.02,103,79104,买盘
1985,13:00:36,7.66,--,25,19150,卖盘
1986,13:00:33,7.66,-0.02,85,65110,卖盘
1987,13:00:30,7.68,0.02,17,13056,买盘
1988,13:00:27,7.66,-0.02,1,1072,卖盘
1989,13:00:24,7.68,0.01,100,76800,买盘
1990,13:00:21,7.67,0.01,15,11505,买盘
1991,13:00:15,7.66,-0.01,1,766,卖盘
1992,13:00:09,7.67,0.01,11,8437,买盘
1993,13:00:06,7.66,-0.01,205,157030,中性盘
1994,13:00:03,7.67,0.01,4975,3815825,买盘
1995,13:00:00,7.66,--,1,766,卖盘
1996,11:30:00,7.66,-0.01,1,766,卖盘
1997,11:29:57,7.67,0.01,17,13039,买盘
1998,11:29:51,7.66,-0.01,7,5362,卖盘
1999,11:29:48,7.67,0.01,40,30680,买盘
2000,11:29:45,7.66,--,11,8426,卖盘
2001,11:29:42,7.66,--,11,8426,卖盘
2002,11:29:39,7.66,-0.01,31,23746,卖盘
2003,11:29:36,7.67,--,10,7670,买盘
2004,11:29:33,7.67,0.01,6,4602,买盘
2005,11:29:30,7.66,-0.01,7,5362,卖盘
2006,11:29:27,7.67,--,45,34515,买盘
2007,11:29:24,7.67,--,111,85137,买盘
2008,11:29:18,7.67,--,28,21476,买盘
2009,11:29:15,7.67,-0.01,144,110448,卖盘
2010,11:29:12,7.68,--,10,7680,买盘
2011,11:29:09,7.68,0.01,3,2304,买盘
2012,11:29:06,7.67,-0.01,2,1534,卖盘
2013,11:29:03,7.68,0.01,27,20736,买盘
2014,11:29:00,7.67,--,60,46020,买盘
2015,11:28:57,7.67,0.01,12,9204,买盘
2016,11:28:54,7.66,-0.01,4,3064,卖盘
2017,11:28:51,7.67,0.01,4,3068,买盘
2018,11:28:48,7.66,--,13,9958,卖盘
2019,11:28:45,7.66,-0.01,54,41364,卖盘
2020,11:28:42,7.67,--,204,156468,买盘
2021,11:28:39,7.67,0.01,6,4602,买盘
2022,11:28:33,7.66,-0.01,26,19916,卖盘
2023,11:28:30,7.67,--,12,9204,买盘
2024,11:28:27,7.67,--,14,10738,买盘
2025,11:28:24,7.67,--,253,194051,卖盘
2026,11:28:21,7.67,-0.01,95,72865,卖盘
2027,11:28:18,7.68,0.01,40,30720,买盘
2028,11:28:15,7.67,--,24,18408,卖盘
2029,11:28:12,7.67,-0.01,15,11505,卖盘
2030,11:28:09,7.68,0.01,72,55296,买盘
2031,11:28:06,7.67,--,16,12272,卖盘
2032,11:28:03,7.67,--,72,55224,卖盘
2033,11:28:00,7.67,-0.01,37,28379,卖盘
2034,11:27:57,7.68,--,13,9984,买盘
2035,11:27:54,7.68,0.01,113,86784,买盘
2036,11:27:51,7.67,-0.01,47,36049,卖盘
2037,11:27:48,7.68,--,138,105984,买盘
2038,11:27:45,7.68,--,19,14592,买盘
2039,11:27:42,7.68,--,29,22272,买盘
2040,11:27:36,7.68,--,12,9216,买盘
2041,11:27:33,7.68,--,3,2304,买盘
2042,11:27:30,7.68,0.01,2,1536,买盘
2043,11:27:27,7.67,-0.01,28,21476,卖盘
2044,11:27:24,7.68,0.01,170,130560,买盘
2045,11:27:21,7.67,--,236,181012,买盘
2046,11:27:12,7.67,0.01,24,18408,买盘
2047,11:27:09,7.66,--,2,1532,卖盘
2048,11:27:06,7.66,--,26,19916,卖盘
2049,11:27:03,7.66,-0.01,79,60514,卖盘
2050,11:27:00,7.67,--,68,52156,买盘
2051,11:26:57,7.67,--,19,14573,买盘
2052,11:26:54,7.67,--,112,85904,买盘
2053,11:26:51,7.67,--,10,7670,买盘
2054,11:26:48,7.67,--,14,10738,买盘
2055,11:26:45,7.67,--,1,767,买盘
2056,11:26:42,7.67,-0.01,159,121953,卖盘
2057,11:26:39,7.68,0.01,47,36096,买盘
2058,11:26:33,7.67,--,53,40651,卖盘
2059,11:26:30,7.67,--,99,75933,买盘
2060,11:26:27,7.67,--,144,110448,买盘
2061,11:26:24,7.67,--,122,93574,买盘
2062,11:26:21,7.67,--,16,12272,买盘
2063,11:26:18,7.67,--,11,8437,买盘
2064,11:26:15,7.67,0.01,11,8437,买盘
2065,11:26:12,7.66,--,17,13022,卖盘
2066,11:26:09,7.66,-0.01,12,9192,卖盘
2067,11:26:06,7.67,0.01,562,431054,买盘
2068,11:26:03,7.66,-0.01,31,23746,卖盘
2069,11:26:00,7.67,--,584,447928,买盘
2070,11:25:54,7.67,--,213,163371,买盘
2071,11:25:48,7.67,--,22,16874,买盘
2072,11:25:45,7.67,--,19,14573,买盘
2073,11:25:42,7.67,--,534,409578,买盘
2074,11:25:39,7.67,--,4,3068,买盘
2075,11:25:36,7.67,0.01,87,66729,买盘
2076,11:25:33,7.66,--,12,9192,卖盘
2077,11:25:30,7.66,-0.01,26,19916,卖盘
2078,11:25:27,7.67,--,5,3835,买盘
2079,11:25:24,7.67,--,123,94341,买盘
2080,11:25:21,7.67,--,15,11505,买盘
2081,11:25:18,7.67,--,10,7670,买盘
2082,11:25:12,7.67,0.01,21,16107,买盘
2083,11:25:09,7.66,0.01,20,15320,中性盘
2084,11:25:06,7.65,-0.02,41,31365,卖盘
2085,11:25:03,7.67,0.01,138,105846,买盘
2086,11:25:00,7.66,--,12,9192,买盘
2087,11:24:57,7.66,0.01,10,7660,买盘
2088,11:24:54,7.65,-0.01,116,88740,卖盘
2089,11:24:51,7.66,--,5,3830,买盘
2090,11:24:48,7.66,--,26,19916,买盘
2091,11:24:45,7.66,--,9,6894,买盘
2092,11:24:42,7.66,-0.01,81,62046,卖盘
2093,11:24:39,7.67,--,10,7670,买盘
2094,11:24:36,7.67,0.01,3,2301,买盘
2095,11:24:33,7.66,-0.01,22,16852,卖盘
2096,11:24:30,7.67,0.01,37,28379,买盘
2097,11:24:27,7.66,-0.01,14,10724,卖盘
2098,11:24:24,7.67,--,227,174109,买盘
2099,11:24:21,7.67,--,523,401141,买盘
2100,11:24:15,7.67,--,12,9204,买盘
2101,11:24:12,7.67,0.01,14,10738,买盘
2102,11:24:09,7.66,--,56,42896,卖盘
2103,11:24:06,7.66,--,21,16086,卖盘
2104,11:24:03,7.66,-0.01,23,17618,卖盘
2105,11:24:00,7.67,0.01,6,4602,买盘
2106,11:23:57,7.66,--,5,3830,卖盘
2107,11:23:54,7.66,-0.01,162,124092,卖盘
2108,11:23:51,7.67,--,28,21476,买盘
2109,11:23:48,7.67,--,36,27612,买盘
2110,11:23:42,7.67,0.01,12,9204,买盘
2111,11:23:39,7.66,-0.01,20,15320,卖盘
2112,11:23:36,7.67,0.01,10,7670,买盘
2113,11:23:33,7.66,-0.01,12,9192,卖盘
2114,11:23:30,7.67,--,2,1534,买盘
2115,11:23:27,7.67,--,7,5369,买盘
2116,11:23:24,7.67,--,111,85137,买盘
2117,11:23:21,7.67,--,30,23010,买盘
2118,11:23:12,7.67,--,20,15340,买盘
2119,11:23:09,7.67,--,15,11505,买盘
2120,11:23:06,7.67,0.01,5,3835,买盘
2121,11:23:03,7.66,--,23,17618,卖盘
2122,11:23:00,7.66,--,69,52854,卖盘
2123,11:22:57,7.66,-0.01,182,139412,卖盘
2124,11:22:54,7.67,0.01,116,88972,买盘
2125,11:22:51,7.66,-0.02,6,4596,卖盘
2126,11:22:48,7.68,0.02,13,9984,买盘
2127,11:22:42,7.66,-0.01,30,22980,卖盘
2128,11:22:39,7.67,--,28,21476,买盘
2129,11:22:36,7.67,0.01,513,393471,买盘
2130,11:22:33,7.66,-0.01,3,2298,卖盘
2131,11:22:30,7.67,0.01,72,55224,买盘
2132,11:22:27,7.66,-0.01,14,10724,卖盘
2133,11:22:24,7.67,0.01,114,87438,买盘
2134,11:22:21,7.66,--,100,76600,卖盘
2135,11:22:18,7.66,-0.01,1,766,卖盘
2136,11:22:15,7.67,0.01,31,23777,买盘
2137,11:22:12,7.66,-0.01,30,22980,卖盘
2138,11:22:09,7.67,0.01,10,7670,买盘
2139,11:22:06,7.66,-0.01,10,7660,卖盘
2140,11:22:03,7.67,0.01,74,56758,买盘
2141,11:22:00,7.66,-0.01,1,766,卖盘
2142,11:21:54,7.67,--,129,98943,买盘
2143,11:21:45,7.67,--,76,58292,买盘
2144,11:21:39,7.67,0.01,238,182546,买盘
2145,11:21:36,7.66,-0.01,40,30640,卖盘
2146,11:21:33,7.67,--,88,67496,买盘
2147,11:21:30,7.67,0.01,12,9204,买盘
2148,11:21:27,7.66,--,102,78132,卖盘
2149,11:21:24,7.66,-0.01,109,83494,卖盘
2150,11:21:21,7.67,--,32,24544,买盘
2151,11:21:18,7.67,0.01,16,12272,买盘
2152,11:21:15,7.66,--,281,215246,卖盘
2153,11:21:12,7.66,--,16,12256,卖盘
2154,11:21:09,7.66,--,23,17618,卖盘
2155,11:21:06,7.66,--,176,134816,卖盘
2156,11:21:03,7.66,--,21,16086,卖盘
2157,11:21:00,7.66,-0.01,1,766,卖盘
2158,11:20:57,7.67,0.01,26,19942,买盘
2159,11:20:54,7.66,-0.01,109,83494,卖盘
2160,11:20:51,7.67,--,1,767,买盘
2161,11:20:48,7.67,--,8,6136,买盘
2162,11:20:45,7.67,--,10,7670,买盘
2163,11:20:42,7.67,0.01,2,1534,买盘
2164,11:20:39,7.66,-0.01,5,3830,卖盘
2165,11:20:36,7.67,0.01,10,7670,买盘
2166,11:20:33,7.66,-0.01,12,9192,卖盘
2167,11:20:30,7.67,--,2,1534,买盘
2168,11:20:27,7.67,--,10,7670,买盘
2169,11:20:24,7.67,--,121,92807,买盘
2170,11:20:15,7.67,--,30,23010,买盘
2171,11:20:12,7.67,--,132,101244,买盘
2172,11:20:09,7.67,0.01,80,61360,买盘
2173,11:20:06,7.66,--,3,2298,卖盘
2174,11:20:03,7.66,-0.01,31,23746,卖盘
2175,11:20:00,7.67,0.01,19,14573,买盘
2176,11:19:57,7.66,--,15,11490,卖盘
2177,11:19:54,7.66,-0.01,288,220608,卖盘
2178,11:19:51,7.67,0.01,11,8437,买盘
2179,11:19:48,7.66,--,2,1532,卖盘
2180,11:19:42,7.66,-0.01,109,83494,卖盘
2181,11:19:39,7.67,0.01,20,15340,买盘
2182,11:19:36,7.66,--,24,18384,卖盘
2183,11:19:33,7.66,-0.01,1,766,卖盘
2184,11:19:30,7.67,0.01,28,21476,买盘
2185,11:19:27,7.66,--,4,3064,卖盘
2186,11:19:24,7.66,-0.01,114,87324,卖盘
2187,11:19:21,7.67,--,50,38350,买盘
2188,11:19:18,7.67,0.01,12,9204,买盘
2189,11:19:15,7.66,-0.01,36,27576,卖盘
2190,11:19:12,7.67,0.01,30,23010,买盘
2191,11:19:09,7.66,-0.01,115,88090,卖盘
2192,11:19:06,7.67,0.01,11,8437,买盘
2193,11:19:03,7.66,-0.01,220,168520,卖盘
2194,11:19:00,7.67,0.01,10,7670,买盘
2195,11:18:57,7.66,--,82,62812,卖盘
2196,11:18:54,7.66,-0.01,109,83494,卖盘
2197,11:18:51,7.67,--,58,44486,买盘
2198,11:18:48,7.67,0.01,45,34515,买盘
2199,11:18:45,7.66,-0.01,12,9192,卖盘
2200,11:18:39,7.67,--,12,9204,买盘
2201,11:18:36,7.67,--,100,76700,买盘
2202,11:18:33,7.67,--,48,36816,买盘
2203,11:18:30,7.67,--,76,58292,买盘
2204,11:18:27,7.67,--,14,10738,买盘
2205,11:18:24,7.67,--,799,612833,买盘
2206,11:18:21,7.67,--,10,7670,买盘
2207,11:18:18,7.67,0.01,5,3835,买盘
2208,11:18:15,7.66,-0.01,45,34470,卖盘
2209,11:18:12,7.67,0.01,20,15340,买盘
2210,11:18:06,7.66,-0.01,10,7660,卖盘
2211,11:18:00,7.67,--,12,9204,买盘
2212,11:17:57,7.67,0.01,130,99710,买盘
2213,11:17:54,7.66,-0.01,109,83494,卖盘
2214,11:17:51,7.67,--,11,8437,买盘
2215,11:17:48,7.67,--,13,9971,买盘
2216,11:17:45,7.67,0.01,816,625872,买盘
2217,11:17:42,7.66,-0.01,200,153200,卖盘
2218,11:17:39,7.67,0.01,22,16874,买盘
2219,11:17:33,7.66,-0.01,11,8426,卖盘
2220,11:17:30,7.67,--,31,23777,买盘
2221,11:17:27,7.67,0.01,542,415714,买盘
2222,11:17:24,7.66,--,109,83494,卖盘
2223,11:17:21,7.66,--,27,20682,卖盘
2224,11:17:18,7.66,-0.01,17,13022,卖盘
2225,11:17:12,7.67,0.01,10,7670,买盘
2226,11:17:06,7.66,--,40,30640,卖盘
2227,11:17:03,7.66,--,20,15320,卖盘
2228,11:17:00,7.66,--,2,1532,卖盘
2229,11:16:57,7.66,--,20,15320,卖盘
2230,11:16:54,7.66,--,120,91920,卖盘
2231,11:16:51,7.66,--,5,3830,卖盘
2232,11:16:48,7.66,--,13,9958,卖盘
2233,11:16:45,7.66,--,67,51322,卖盘
2234,11:16:39,7.66,-0.01,1,766,卖盘
2235,11:16:36,7.67,0.01,11,8437,买盘
2236,11:16:33,7.66,-0.01,20,15320,卖盘
2237,11:16:30,7.67,0.01,3,2301,买盘
2238,11:16:24,7.66,-0.01,135,103410,卖盘
2239,11:16:21,7.67,--,11,8437,买盘
2240,11:16:18,7.67,--,102,78234,买盘
2241,11:16:12,7.67,0.01,21,16107,买盘
2242,11:16:06,7.66,--,34,26044,卖盘
2243,11:16:03,7.66,-0.01,24,18384,卖盘
2244,11:16:00,7.67,0.01,11,8437,买盘
2245,11:15:57,7.66,--,1,766,卖盘
2246,11:15:54,7.66,--,120,91920,卖盘
2247,11:15:51,7.66,-0.01,2,1532,卖盘
2248,11:15:48,7.67,0.01,12,9204,买盘
2249,11:15:45,7.66,-0.01,7,5362,卖盘
2250,11:15:42,7.67,--,10,7670,买盘
2251,11:15:39,7.67,0.01,10,7670,买盘
2252,11:15:33,7.66,-0.01,2,1532,卖盘
2253,11:15:30,7.67,--,2,1534,买盘
2254,11:15:27,7.67,0.01,23,17641,买盘
2255,11:15:24,7.66,--,168,128688,卖盘
2256,11:15:21,7.66,--,100,76600,卖盘
2257,11:15:18,7.66,-0.01,32,24512,卖盘
2258,11:15:15,7.67,0.01,10,7670,买盘
2259,11:15:12,7.66,--,26,19916,卖盘
2260,11:15:09,7.66,--,61,46726,卖盘
2261,11:15:06,7.66,--,112,85792,卖盘
2262,11:15:03,7.66,-0.01,18,13788,卖盘
2263,11:15:00,7.67,--,2,1534,买盘
2264,11:14:57,7.67,0.01,11,8437,买盘
2265,11:14:54,7.66,-0.01,145,111070,卖盘
2266,11:14:51,7.67,0.01,1,767,买盘
2267,11:14:45,7.66,--,30,22980,卖盘
2268,11:14:42,7.66,-0.01,31,23746,卖盘
2269,11:14:36,7.67,0.01,5,3835,买盘
2270,11:14:33,7.66,-0.01,2,1532,卖盘
2271,11:14:30,7.67,--,30,23010,买盘
2272,11:14:27,7.67,--,18,13806,买盘
2273,11:14:24,7.67,--,136,104312,买盘
2274,11:14:21,7.67,--,58,44486,买盘
2275,11:14:18,7.67,--,373,286091,卖盘
2276,11:14:15,7.67,-0.01,65,49855,卖盘
2277,11:14:12,7.68,--,10,7680,买盘
2278,11:14:09,7.68,--,22,16896,买盘
2279,11:14:06,7.68,--,30,23040,买盘
2280,11:14:03,7.68,0.01,67,51456,买盘
2281,11:14:00,7.67,-0.01,1,767,卖盘
2282,11:13:57,7.68,0.01,20,15360,买盘
2283,11:13:54,7.67,--,109,83603,卖盘
2284,11:13:51,7.67,-0.01,27,20709,卖盘
2285,11:13:48,7.68,0.01,54,41472,买盘
2286,11:13:45,7.67,-0.01,2,1534,卖盘
2287,11:13:42,7.68,--,16,12288,买盘
2288,11:13:36,7.68,0.01,10,7680,买盘
2289,11:13:33,7.67,--,5,3835,卖盘
2290,11:13:30,7.67,-0.01,10,7670,卖盘
2291,11:13:27,7.68,--,35,26880,买盘
2292,11:13:24,7.68,--,181,139008,买盘
2293,11:13:18,7.68,--,2,1536,买盘
2294,11:13:15,7.68,0.01,11,8448,买盘
2295,11:13:12,7.67,--,57,43719,卖盘
2296,11:13:09,7.67,--,27,20709,卖盘
2297,11:13:06,7.67,-0.01,19,14573,卖盘
2298,11:13:03,7.68,0.01,26,19968,买盘
2299,11:13:00,7.67,--,71,54457,卖盘
2300,11:12:57,7.67,--,4,3068,卖盘
2301,11:12:54,7.67,-0.01,110,84370,卖盘
2302,11:12:51,7.68,0.01,12,9216,买盘
2303,11:12:48,7.67,--,25,19175,卖盘
2304,11:12:45,7.67,--,63,48321,卖盘
2305,11:12:42,7.67,--,14,10738,卖盘
2306,11:12:39,7.67,-0.01,10,7670,卖盘
2307,11:12:33,7.68,0.01,100,76800,买盘
2308,11:12:30,7.67,--,18,13806,卖盘
2309,11:12:27,7.67,--,12,9204,卖盘
2310,11:12:24,7.67,-0.01,166,127322,卖盘
2311,11:12:18,7.68,0.01,18,13824,买盘
2312,11:12:15,7.67,0.01,59,45253,买盘
2313,11:12:12,7.66,-0.01,19,14554,卖盘
2314,11:12:09,7.67,0.01,69,52923,买盘
2315,11:12:03,7.66,-0.01,21,16086,卖盘
2316,11:12:00,7.67,-0.01,47,36049,卖盘
2317,11:11:57,7.68,0.01,12,9216,买盘
2318,11:11:54,7.67,--,109,83603,卖盘
2319,11:11:51,7.67,-0.01,3,2301,卖盘
2320,11:11:48,7.68,--,13,9984,买盘
2321,11:11:45,7.68,0.02,15,11520,买盘
2322,11:11:42,7.66,--,1,766,卖盘
2323,11:11:36,7.66,-0.01,127,97282,卖盘
2324,11:11:33,7.67,0.01,1,767,中性盘
2325,11:11:30,7.66,-0.02,14,10724,卖盘
2326,11:11:27,7.68,--,6,4608,买盘
2327,11:11:24,7.68,--,128,98304,买盘
2328,11:11:12,7.68,0.01,26,19968,买盘
2329,11:11:09,7.67,--,263,201721,卖盘
2330,11:11:03,7.67,--,140,107380,卖盘
2331,11:11:00,7.67,--,13,9971,卖盘
2332,11:10:57,7.67,--,2,1534,卖盘
2333,11:10:54,7.67,--,109,83603,卖盘
2334,11:10:51,7.67,--,46,35282,卖盘
2335,11:10:48,7.67,--,22,16874,卖盘
2336,11:10:45,7.67,0.01,1,767,中性盘
2337,11:10:39,7.66,-0.01,12,9192,卖盘
2338,11:10:36,7.67,-0.01,3,2301,中性盘
2339,11:10:33,7.68,0.01,138,105984,买盘
2340,11:10:30,7.67,--,143,109681,卖盘
2341,11:10:27,7.67,--,236,181012,卖盘
2342,11:10:24,7.67,-0.01,136,104312,卖盘
2343,11:10:21,7.68,--,286,219648,买盘
2344,11:10:18,7.68,--,557,427776,买盘
2345,11:10:15,7.68,--,18,13824,买盘
2346,11:10:12,7.68,--,10,7680,买盘
2347,11:10:06,7.68,0.01,13,9984,买盘
2348,11:10:03,7.67,--,27,20709,卖盘
2349,11:10:00,7.67,--,43,32981,卖盘
2350,11:09:57,7.67,--,25,19175,卖盘
2351,11:09:54,7.67,-0.01,124,95108,卖盘
2352,11:09:51,7.68,0.01,16,12288,买盘
2353,11:09:48,7.67,-0.01,97,74399,卖盘
2354,11:09:45,7.68,--,53,40704,买盘
2355,11:09:42,7.68,--,3,2304,买盘
2356,11:09:39,7.68,--,3,2304,买盘
2357,11:09:33,7.68,--,13,9984,买盘
2358,11:09:30,7.68,0.01,2,1536,买盘
2359,11:09:27,7.67,-0.01,35,26845,卖盘
2360,11:09:24,7.68,0.01,301,231168,买盘
2361,11:09:21,7.67,-0.01,96,73632,卖盘
2362,11:09:18,7.68,--,127,97536,买盘
2363,11:09:15,7.68,0.01,13,9984,买盘
2364,11:09:12,7.67,--,36,27612,卖盘
2365,11:09:06,7.67,--,98,75166,卖盘
2366,11:09:03,7.67,-0.01,36,27612,卖盘
2367,11:09:00,7.68,--,14,10752,买盘
2368,11:08:57,7.68,--,129,99072,买盘
2369,11:08:54,7.68,--,134,102912,买盘
2370,11:08:51,7.68,--,23,17664,买盘
2371,11:08:48,7.68,--,722,554496,买盘
2372,11:08:42,7.68,--,13,9984,买盘
2373,11:08:39,7.68,0.01,14,10752,买盘
2374,11:08:33,7.67,-0.01,2,1534,卖盘
2375,11:08:30,7.68,--,22,16896,买盘
2376,11:08:27,7.68,--,19,14592,买盘
2377,11:08:24,7.68,--,354,271872,买盘
2378,11:08:21,7.68,--,27,20736,买盘
2379,11:08:18,7.68,--,28,21504,买盘
2380,11:08:12,7.68,--,21,16128,买盘
2381,11:08:09,7.68,--,624,479232,买盘
2382,11:08:06,7.68,0.01,13,9984,买盘
2383,11:08:03,7.67,-0.01,72,55224,卖盘
2384,11:08:00,7.68,--,77,59136,买盘
2385,11:07:54,7.68,--,120,92160,买盘
2386,11:07:51,7.68,--,13,9984,买盘
2387,11:07:48,7.68,0.01,115,88320,买盘
2388,11:07:45,7.67,-0.01,25,19175,卖盘
2389,11:07:42,7.68,--,17,13056,买盘
2390,11:07:39,7.68,0.01,104,79872,买盘
2391,11:07:33,7.67,-0.01,13,9971,卖盘
2392,11:07:30,7.68,0.01,51,39168,买盘
2393,11:07:27,7.67,-0.01,2,1534,卖盘
2394,11:07:24,7.68,--,122,93696,买盘
2395,11:07:21,7.68,--,10,7680,买盘
2396,11:07:18,7.68,--,61,46848,买盘
2397,11:07:12,7.68,--,14,10752,买盘
2398,11:07:09,7.68,--,11,8448,买盘
2399,11:07:06,7.68,0.01,55,42240,买盘
2400,11:07:03,7.67,--,73,55991,卖盘
2401,11:07:00,7.67,--,15,11505,卖盘
2402,11:06:57,7.67,-0.01,12,9204,卖盘
2403,11:06:54,7.68,--,219,168192,买盘
2404,11:06:48,7.68,--,22,16896,买盘
2405,11:06:45,7.68,--,2,1536,买盘
2406,11:06:39,7.68,--,21,16128,买盘
2407,11:06:36,7.68,0.01,66,50688,买盘
2408,11:06:33,7.67,-0.01,3,2301,卖盘
2409,11:06:30,7.68,--,62,47616,买盘
2410,11:06:27,7.68,--,28,21504,买盘
2411,11:06:24,7.68,--,120,92160,买盘
2412,11:06:21,7.68,0.01,25,19200,买盘
2413,11:06:15,7.67,-0.01,32,24544,卖盘
2414,11:06:12,7.68,0.01,10,7680,买盘
2415,11:06:09,7.67,--,1,767,卖盘
2416,11:06:06,7.67,-0.01,1,767,卖盘
2417,11:06:03,7.68,--,36,27648,买盘
2418,11:06:00,7.68,0.02,75,57600,买盘
2419,11:05:57,7.66,-0.01,12,9192,卖盘
2420,11:05:54,7.67,0.01,166,127322,买盘
2421,11:05:51,7.66,-0.01,22,16852,卖盘
2422,11:05:48,7.67,0.01,39,29913,买盘
2423,11:05:45,7.66,-0.01,335,256610,卖盘
2424,11:05:42,7.67,0.01,14,10738,买盘
2425,11:05:39,7.66,--,50,38300,卖盘
2426,11:05:36,7.66,-0.01,5,3830,卖盘
2427,11:05:33,7.67,--,12,9204,买盘
2428,11:05:30,7.67,0.01,651,499317,买盘
2429,11:05:27,7.66,--,116,88856,卖盘
2430,11:05:24,7.66,-0.01,110,84260,卖盘
2431,11:05:21,7.67,--,136,104312,买盘
2432,11:05:18,7.67,--,21,16107,买盘
2433,11:05:09,7.67,0.01,10,7670,买盘
2434,11:05:06,7.66,-0.01,2,1532,卖盘
2435,11:05:00,7.67,0.01,9,6903,买盘
2436,11:04:57,7.66,--,24,18384,卖盘
2437,11:04:54,7.66,--,109,83494,卖盘
2438,11:04:48,7.66,-0.01,62,47492,卖盘
2439,11:04:45,7.67,--,15,11505,买盘
2440,11:04:42,7.67,--,30,23010,买盘
2441,11:04:36,7.67,0.01,11,8437,买盘
2442,11:04:33,7.66,-0.01,2,1532,卖盘
2443,11:04:30,7.67,--,2,1534,买盘
2444,11:04:27,7.67,--,11,8437,买盘
2445,11:04:24,7.67,--,161,123487,买盘
2446,11:04:21,7.67,-0.01,761,583687,卖盘
2447,11:04:15,7.68,--,10,7680,买盘
2448,11:04:12,7.68,--,113,86784,买盘
2449,11:04:09,7.68,--,54,41472,买盘
2450,11:04:06,7.68,--,6,4608,买盘
2451,11:04:03,7.68,--,30,23040,买盘
2452,11:04:00,7.68,0.01,36,27648,买盘
2453,11:03:57,7.67,--,15,11505,卖盘
2454,11:03:54,7.67,-0.01,110,84370,卖盘
2455,11:03:51,7.68,0.01,15,11520,买盘
2456,11:03:48,7.67,--,101,77467,卖盘
2457,11:03:42,7.67,--,87,66729,卖盘
2458,11:03:39,7.67,--,3,2301,卖盘
2459,11:03:36,7.67,--,21,16107,卖盘
2460,11:03:33,7.67,-0.01,42,32214,卖盘
2461,11:03:30,7.68,--,14,10752,买盘
2462,11:03:27,7.68,0.01,10,7680,买盘
2463,11:03:24,7.67,-0.01,160,122720,卖盘
2464,11:03:18,7.68,0.01,16,12288,买盘
2465,11:03:15,7.67,-0.01,124,95108,卖盘
2466,11:03:09,7.68,0.01,11,8448,买盘
2467,11:03:03,7.67,--,278,213226,买盘
2468,11:03:00,7.67,--,9,6903,买盘
2469,11:02:57,7.67,0.01,261,200187,买盘
2470,11:02:54,7.66,-0.01,115,88090,卖盘
2471,11:02:51,7.67,0.01,268,205556,买盘
2472,11:02:48,7.66,--,11,8426,卖盘
2473,11:02:45,7.66,--,59,45194,卖盘
2474,11:02:42,7.66,-0.01,2,1532,卖盘
2475,11:02:39,7.67,--,10,7670,买盘
2476,11:02:36,7.67,0.01,10,7670,买盘
2477,11:02:30,7.66,--,5,3830,卖盘
2478,11:02:24,7.66,-0.01,144,110304,卖盘
2479,11:02:21,7.67,0.01,66,50622,买盘
2480,11:02:18,7.66,-0.01,118,90388,卖盘
2481,11:02:15,7.67,--,5,3835,买盘
2482,11:02:12,7.67,0.01,100,76700,买盘
2483,11:02:09,7.66,-0.01,20,15320,卖盘
2484,11:02:06,7.67,--,73,55991,买盘
2485,11:02:03,7.67,--,288,220896,买盘
2486,11:02:00,7.67,--,59,45253,买盘
2487,11:01:57,7.67,--,7,5369,买盘
2488,11:01:54,7.67,--,144,110448,买盘
2489,11:01:51,7.67,--,42,32214,买盘
2490,11:01:48,7.67,--,46,35282,买盘
2491,11:01:42,7.67,--,50,38350,买盘
2492,11:01:39,7.67,--,27,20709,买盘
2493,11:01:36,7.67,0.01,190,145730,买盘
2494,11:01:33,7.66,-0.01,2,1532,卖盘
2495,11:01:30,7.67,--,2,1534,买盘
2496,11:01:27,7.67,--,90,69030,买盘
2497,11:01:24,7.67,0.01,125,95875,买盘
2498,11:01:21,7.66,-0.01,397,304102,卖盘
2499,11:01:18,7.67,--,40,30680,买盘
2500,11:01:15,7.67,--,705,540735,卖盘
2501,11:01:12,7.67,--,19,14573,卖盘
2502,11:01:09,7.67,--,76,58292,买盘
2503,11:01:06,7.67,--,20,15340,买盘
2504,11:01:03,7.67,--,22,16874,买盘
2505,11:01:00,7.67,--,2,1534,买盘
2506,11:00:57,7.67,-0.01,267,204789,卖盘
2507,11:00:54,7.68,0.01,177,135936,买盘
2508,11:00:51,7.67,-0.01,7,5369,卖盘
2509,11:00:48,7.68,--,12,9216,买盘
2510,11:00:45,7.68,--,23,17664,买盘
2511,11:00:39,7.68,0.01,29,22272,买盘
2512,11:00:36,7.67,-0.01,62,47554,卖盘
2513,11:00:33,7.68,0.01,11,8448,买盘
2514,11:00:30,7.67,-0.01,4,3068,卖盘
2515,11:00:27,7.68,0.01,6,4608,买盘
2516,11:00:24,7.67,--,214,164138,买盘
2517,11:00:21,7.67,--,10,7670,买盘
2518,11:00:18,7.67,--,66,50622,买盘
2519,11:00:15,7.67,--,190,145730,买盘
2520,11:00:12,7.67,--,51,39117,买盘
2521,11:00:09,7.67,--,171,131157,买盘
2522,11:00:06,7.67,--,16,12272,买盘
2523,11:00:03,7.67,0.01,30,23010,买盘
2524,11:00:00,7.66,-0.01,51,39066,卖盘
2525,10:59:57,7.67,0.01,113,86671,买盘
2526,10:59:54,7.66,-0.01,201,153966,卖盘
2527,10:59:51,7.67,--,106,81302,买盘
2528,10:59:48,7.67,--,127,97409,买盘
2529,10:59:45,7.67,--,25,19175,买盘
2530,10:59:42,7.67,--,11,8437,买盘
2531,10:59:39,7.67,--,514,394238,买盘
2532,10:59:36,7.67,--,32,24544,买盘
2533,10:59:33,7.67,--,80,61360,买盘
2534,10:59:30,7.67,--,2,1534,买盘
2535,10:59:27,7.67,0.01,24,18408,买盘
2536,10:59:24,7.66,--,120,91920,卖盘
2537,10:59:21,7.66,--,127,97282,卖盘
2538,10:59:18,7.66,-0.01,60,45960,卖盘
2539,10:59:15,7.67,--,61,46787,买盘
2540,10:59:12,7.67,--,26,19942,买盘
2541,10:59:09,7.67,--,20,15340,买盘
2542,10:59:06,7.67,0.01,51,39117,买盘
2543,10:59:03,7.66,--,14,10724,卖盘
2544,10:59:00,7.66,-0.01,34,26044,卖盘
2545,10:58:57,7.67,--,6,4602,买盘
2546,10:58:54,7.67,--,204,156468,买盘
2547,10:58:51,7.67,--,32,24544,买盘
2548,10:58:48,7.67,0.01,12,9204,买盘
2549,10:58:45,7.66,-0.01,134,102644,卖盘
2550,10:58:42,7.67,--,34,26078,买盘
2551,10:58:39,7.67,--,28,21476,买盘
2552,10:58:36,7.67,0.01,59,45253,买盘
2553,10:58:33,7.66,-0.01,35,26810,卖盘
2554,10:58:30,7.67,--,85,65195,买盘
2555,10:58:27,7.67,0.01,50,38350,买盘
2556,10:58:24,7.66,-0.01,138,105708,卖盘
2557,10:58:21,7.67,--,19,14573,买盘
2558,10:58:18,7.67,--,35,26845,买盘
2559,10:58:12,7.67,--,9,6903,买盘
2560,10:58:09,7.67,--,14,10738,买盘
2561,10:58:06,7.67,--,10,7670,买盘
2562,10:58:03,7.67,--,9,6903,买盘
2563,10:58:00,7.67,0.01,84,64428,买盘
2564,10:57:57,7.66,--,1,766,卖盘
2565,10:57:54,7.66,-0.01,132,101112,卖盘
2566,10:57:51,7.67,0.01,82,62894,买盘
2567,10:57:48,7.66,-0.01,56,42896,卖盘
2568,10:57:45,7.67,--,206,158002,买盘
2569,10:57:42,7.67,--,20,15340,买盘
2570,10:57:36,7.67,0.01,85,65195,买盘
2571,10:57:33,7.66,-0.01,2,1532,卖盘
2572,10:57:30,7.67,--,2,1534,买盘
2573,10:57:27,7.67,0.01,13,9971,买盘
2574,10:57:24,7.66,--,118,90388,卖盘
2575,10:57:21,7.66,--,61,46726,卖盘
2576,10:57:18,7.66,-0.01,2,1532,卖盘
2577,10:57:15,7.67,0.01,18,13806,买盘
2578,10:57:03,7.66,--,44,33704,卖盘
2579,10:57:00,7.66,-0.01,201,153966,卖盘
2580,10:56:57,7.67,0.01,10,7670,买盘
2581,10:56:54,7.66,--,129,98814,卖盘
2582,10:56:51,7.66,--,1,766,卖盘
2583,10:56:48,7.66,-0.01,15,11490,卖盘
2584,10:56:45,7.67,--,5,3835,买盘
2585,10:56:42,7.67,--,11,8437,买盘
2586,10:56:39,7.67,--,8,6136,买盘
2587,10:56:33,7.67,--,3,2301,买盘
2588,10:56:30,7.67,--,12,9204,买盘
2589,10:56:27,7.67,--,4,3068,买盘
2590,10:56:24,7.67,0.01,117,89739,买盘
2591,10:56:21,7.66,-0.01,1,766,卖盘
2592,10:56:18,7.67,0.01,41,31447,买盘
2593,10:56:15,7.66,-0.01,20,15320,卖盘
2594,10:56:09,7.67,0.01,10,7670,买盘
2595,10:56:03,7.66,--,15,11490,卖盘
2596,10:56:00,7.66,--,221,169286,卖盘
2597,10:55:57,7.66,--,81,62046,卖盘
2598,10:55:54,7.66,--,139,106474,卖盘
2599,10:55:51,7.66,--,39,29874,卖盘
2600,10:55:48,7.66,--,438,335508,买盘
2601,10:55:45,7.66,--,9,6894,买盘
2602,10:55:42,7.66,--,23,17618,买盘
2603,10:55:39,7.66,--,13,9958,买盘
2604,10:55:36,7.66,-0.01,430,329380,卖盘
2605,10:55:33,7.67,0.01,123,94341,买盘
2606,10:55:30,7.66,--,83,63578,卖盘
2607,10:55:27,7.66,--,110,84260,卖盘
2608,10:55:24,7.66,-0.01,180,137880,卖盘
2609,10:55:21,7.67,0.01,7,5369,买盘
2610,10:55:18,7.66,--,40,30640,卖盘
2611,10:55:12,7.66,--,30,22980,卖盘
2612,10:55:09,7.66,--,33,25278,卖盘
2613,10:55:06,7.66,--,109,83494,卖盘
2614,10:55:03,7.66,-0.01,215,164690,卖盘
2615,10:55:00,7.67,--,91,69797,买盘
2616,10:54:54,7.67,--,128,98176,买盘
2617,10:54:51,7.67,--,28,21476,买盘
2618,10:54:48,7.67,--,14,10738,买盘
2619,10:54:45,7.67,0.01,218,167206,买盘
2620,10:54:39,7.66,--,21,16086,卖盘
2621,10:54:36,7.66,--,25,19150,卖盘
2622,10:54:33,7.66,--,181,138646,买盘
2623,10:54:30,7.66,--,24,18384,买盘
2624,10:54:27,7.66,--,16,12256,买盘
2625,10:54:24,7.66,--,66,50556,卖盘
2626,10:54:21,7.66,--,129,98814,买盘
2627,10:54:18,7.66,-0.01,10,7660,中性盘
2628,10:54:12,7.67,0.02,13,9971,买盘
2629,10:54:09,7.65,-0.01,169,129285,卖盘
2630,10:54:06,7.66,--,17,13022,卖盘
2631,10:54:03,7.66,-0.01,18,13788,卖盘
2632,10:53:57,7.67,--,8,6136,买盘
2633,10:53:54,7.67,0.01,274,210158,买盘
2634,10:53:51,7.66,--,10,7660,买盘
2635,10:53:48,7.66,-0.01,199,152434,卖盘
2636,10:53:45,7.67,0.02,87,66729,买盘
2637,10:53:39,7.65,-0.01,11,8415,卖盘
2638,10:53:36,7.66,--,5,3830,买盘
2639,10:53:33,7.66,--,68,52088,买盘
2640,10:53:30,7.66,--,23,17618,买盘
2641,10:53:27,7.66,--,327,250482,买盘
2642,10:53:24,7.66,-0.01,79,60514,卖盘
2643,10:53:21,7.67,--,55,42185,买盘
2644,10:53:18,7.67,0.01,5,3835,买盘
2645,10:53:15,7.66,-0.01,47,36002,卖盘
2646,10:53:12,7.67,--,34,26078,买盘
2647,10:53:09,7.67,0.01,15,11505,买盘
2648,10:53:06,7.66,--,42,32172,买盘
2649,10:53:03,7.66,--,185,141710,买盘
2650,10:53:00,7.66,--,11,8426,买盘
2651,10:52:57,7.66,--,21,16086,买盘
2652,10:52:54,7.66,--,117,89622,买盘
2653,10:52:51,7.66,--,140,107240,买盘
2654,10:52:48,7.66,--,267,204522,买盘
2655,10:52:42,7.66,--,20,15320,买盘
2656,10:52:39,7.66,--,487,373042,卖盘
2657,10:52:36,7.66,--,10,7660,卖盘
2658,10:52:33,7.66,-0.01,313,239758,卖盘
2659,10:52:30,7.67,--,30,23010,买盘
2660,10:52:27,7.67,--,14,10738,买盘
2661,10:52:24,7.67,0.01,188,144196,买盘
2662,10:52:21,7.66,--,11,8426,卖盘
2663,10:52:18,7.66,-0.01,11,8426,卖盘
2664,10:52:15,7.67,0.01,111,85137,买盘
2665,10:52:12,7.66,-0.01,22,16852,卖盘
2666,10:52:09,7.67,--,63,48321,买盘
2667,10:52:06,7.67,0.01,11,8437,买盘
2668,10:52:03,7.66,--,42,32172,卖盘
2669,10:52:00,7.66,--,1,766,卖盘
2670,10:51:57,7.66,--,27,20682,卖盘
2671,10:51:54,7.66,-0.01,130,99580,卖盘
2672,10:51:51,7.67,--,5,3835,买盘
2673,10:51:48,7.67,--,11,8437,买盘
2674,10:51:42,7.67,0.01,10,7670,买盘
2675,10:51:39,7.66,--,152,116432,买盘
2676,10:51:36,7.66,--,19,14554,买盘
2677,10:51:33,7.66,--,13,9958,买盘
2678,10:51:30,7.66,--,59,45194,买盘
2679,10:51:27,7.66,--,496,379936,买盘
2680,10:51:24,7.66,--,127,97282,买盘
2681,10:51:21,7.66,--,515,394490,买盘
2682,10:51:18,7.66,0.01,2,1532,买盘
2683,10:51:15,7.65,-0.01,1,765,卖盘
2684,10:51:09,7.66,0.01,11,8426,买盘
2685,10:51:03,7.65,--,18,13770,卖盘
2686,10:51:00,7.65,--,10,7650,卖盘
2687,10:50:57,7.65,-0.01,181,138465,卖盘
2688,10:50:54,7.66,0.01,117,89622,买盘
2689,10:50:51,7.65,-0.01,21,16065,卖盘
2690,10:50:48,7.66,--,24,18384,买盘
2691,10:50:42,7.66,0.01,19,14554,买盘
2692,10:50:39,7.65,--,45,34425,卖盘
2693,10:50:36,7.65,-0.01,16,12240,卖盘
2694,10:50:33,7.66,0.01,130,99580,买盘
2695,10:50:30,7.65,--,4,3060,卖盘
2696,10:50:27,7.65,-0.01,13,9945,卖盘
2697,10:50:24,7.66,0.01,116,88856,买盘
2698,10:50:21,7.65,--,1,765,卖盘
2699,10:50:18,7.65,-0.01,21,16065,卖盘
2700,10:50:15,7.66,0.01,153,117198,买盘
2701,10:50:12,7.65,-0.01,23,17595,卖盘
2702,10:50:09,7.66,--,5,3830,买盘
2703,10:50:06,7.66,-0.01,2,1532,中性盘
2704,10:50:03,7.67,0.01,18,13806,买盘
2705,10:50:00,7.66,--,48,36768,卖盘
2706,10:49:57,7.66,--,4,3064,买盘
2707,10:49:54,7.66,-0.01,105,80430,中性盘
2708,10:49:51,7.67,0.01,241,184847,买盘
2709,10:49:48,7.66,-0.01,20,15320,卖盘
2710,10:49:45,7.67,--,29,22243,买盘
2711,10:49:42,7.67,0.01,17,13039,买盘
2712,10:49:39,7.66,--,10,7660,卖盘
2713,10:49:36,7.66,--,66,50556,买盘
2714,10:49:30,7.66,--,23,17618,卖盘
2715,10:49:27,7.66,--,168,128688,买盘
2716,10:49:24,7.66,--,147,112602,买盘
2717,10:49:21,7.66,--,12,9192,买盘
2718,10:49:18,7.66,--,10,7660,买盘
2719,10:49:15,7.66,--,1,766,买盘
2720,10:49:09,7.66,0.01,25,19150,买盘
2721,10:49:06,7.65,-0.01,12,9180,卖盘
2722,10:49:03,7.66,0.01,449,343934,买盘
2723,10:49:00,7.65,-0.01,17,13005,卖盘
2724,10:48:57,7.66,0.01,11,8426,买盘
2725,10:48:54,7.65,--,109,83385,卖盘
2726,10:48:51,7.65,--,12,9180,卖盘
2727,10:48:48,7.65,-0.01,29,22185,卖盘
2728,10:48:45,7.66,--,175,134050,买盘
2729,10:48:42,7.66,0.01,30,22980,买盘
2730,10:48:39,7.65,-0.01,4,3060,卖盘
2731,10:48:36,7.66,0.01,11,8426,买盘
2732,10:48:33,7.65,--,24,18360,卖盘
2733,10:48:30,7.65,-0.01,10,7650,卖盘
2734,10:48:27,7.66,--,346,265036,买盘
2735,10:48:24,7.66,0.01,203,155498,买盘
2736,10:48:21,7.65,--,30,22950,卖盘
2737,10:48:18,7.65,-0.01,13,9945,卖盘
2738,10:48:12,7.66,0.01,26,19916,买盘
2739,10:48:09,7.65,-0.01,2,1530,卖盘
2740,10:48:06,7.66,0.01,6,4596,买盘
2741,10:48:03,7.65,--,32,24480,卖盘
2742,10:48:00,7.65,--,1,765,卖盘
2743,10:47:57,7.65,--,40,30600,卖盘
2744,10:47:54,7.65,-0.01,119,91035,卖盘
2745,10:47:51,7.66,--,47,36002,买盘
2746,10:47:48,7.66,--,112,85792,买盘
2747,10:47:45,7.66,0.01,72,55152,买盘
2748,10:47:42,7.65,--,37,28305,卖盘
2749,10:47:39,7.65,--,20,15300,卖盘
2750,10:47:36,7.65,-0.01,10,7650,卖盘
2751,10:47:33,7.66,--,50,38300,买盘
2752,10:47:30,7.66,--,843,645738,买盘
2753,10:47:27,7.66,--,60,45960,买盘
2754,10:47:24,7.66,--,127,97282,买盘
2755,10:47:18,7.66,--,36,27576,买盘
2756,10:47:15,7.66,0.01,29,22214,买盘
2757,10:47:12,7.65,-0.01,39,29835,卖盘
2758,10:47:09,7.66,--,10,7660,买盘
2759,10:47:06,7.66,--,12,9192,买盘
2760,10:47:03,7.66,--,20,15320,买盘
2761,10:47:00,7.66,--,10,7660,买盘
2762,10:46:57,7.66,--,10,7660,买盘
2763,10:46:54,7.66,--,125,95750,买盘
2764,10:46:51,7.66,0.01,12,9192,买盘
2765,10:46:48,7.65,-0.01,26,19890,卖盘
2766,10:46:45,7.66,--,16,12256,买盘
2767,10:46:42,7.66,--,136,104176,买盘
2768,10:46:39,7.66,--,23,17618,买盘
2769,10:46:36,7.66,--,46,35236,买盘
2770,10:46:33,7.66,0.01,13,9958,买盘
2771,10:46:30,7.65,-0.01,24,18360,卖盘
2772,10:46:27,7.66,0.01,18,13788,买盘
2773,10:46:24,7.65,-0.01,130,99450,卖盘
2774,10:46:18,7.66,--,2,1532,卖盘
2775,10:46:15,7.66,-0.01,43,32938,卖盘
2776,10:46:12,7.67,--,35,26845,买盘
2777,10:46:09,7.67,0.01,30,23010,买盘
2778,10:46:06,7.66,--,39,29874,卖盘
2779,10:46:03,7.66,-0.01,7,5362,卖盘
2780,10:46:00,7.67,0.01,23,17641,买盘
2781,10:45:54,7.66,--,127,97282,买盘
2782,10:45:51,7.66,--,10,7660,买盘
2783,10:45:48,7.66,-0.01,40,30640,卖盘
2784,10:45:45,7.67,0.01,29,22243,买盘
2785,10:45:42,7.66,-0.01,1,766,卖盘
2786,10:45:39,7.67,0.01,15,11505,买盘
2787,10:45:33,7.66,-0.01,2,1532,买盘
2788,10:45:30,7.67,--,12,9204,买盘
2789,10:45:27,7.67,0.01,61,46787,买盘
2790,10:45:24,7.66,--,116,88856,卖盘
2791,10:45:21,7.66,-0.01,5,3830,卖盘
2792,10:45:18,7.67,0.01,48,36816,买盘
2793,10:45:15,7.66,--,3,2298,卖盘
2794,10:45:12,7.66,-0.01,20,15320,卖盘
2795,10:45:09,7.67,0.01,16,12272,买盘
2796,10:45:06,7.66,-0.01,33,25278,卖盘
2797,10:45:03,7.67,0.01,112,85904,买盘
2798,10:45:00,7.66,-0.01,51,39066,卖盘
2799,10:44:54,7.67,0.01,119,91273,买盘
2800,10:44:51,7.66,--,38,29108,卖盘
2801,10:44:48,7.66,--,30,22980,卖盘
2802,10:44:45,7.66,-0.01,49,37534,卖盘
2803,10:44:42,7.67,0.01,4,3068,买盘
2804,10:44:39,7.66,--,1,766,卖盘
2805,10:44:33,7.66,-0.01,66,50556,卖盘
2806,10:44:30,7.67,0.01,2,1534,买盘
2807,10:44:27,7.66,-0.01,13,9958,卖盘
2808,10:44:24,7.67,--,129,98943,买盘
2809,10:44:21,7.67,0.01,23,17641,买盘
2810,10:44:18,7.66,--,103,78898,卖盘
2811,10:44:15,7.66,--,178,136348,买盘
2812,10:44:12,7.66,0.01,11,8426,买盘
2813,10:44:06,7.65,-0.01,1,765,卖盘
2814,10:44:03,7.66,--,43,32938,买盘
2815,10:44:00,7.66,--,14,10724,买盘
2816,10:43:57,7.66,0.01,7,5362,买盘
2817,10:43:54,7.65,-0.01,109,83385,卖盘
2818,10:43:51,7.66,--,17,13022,买盘
2819,10:43:48,7.66,--,126,96516,买盘
2820,10:43:45,7.66,--,30,22980,买盘
2821,10:43:42,7.66,--,17,13022,买盘
2822,10:43:39,7.66,--,11,8426,买盘
2823,10:43:36,7.66,--,1,766,买盘
2824,10:43:30,7.66,--,27,20682,买盘
2825,10:43:27,7.66,--,11,8426,买盘
2826,10:43:24,7.66,--,18,13788,卖盘
2827,10:43:21,7.66,--,30,22980,卖盘
2828,10:43:18,7.66,--,25,19150,买盘
2829,10:43:15,7.66,0.01,17,13022,买盘
2830,10:43:09,7.65,-0.02,30,22950,卖盘
2831,10:43:06,7.67,--,11,8437,买盘
2832,10:43:03,7.67,--,21,16107,买盘
2833,10:43:00,7.67,0.02,8,6136,买盘
2834,10:42:57,7.65,--,175,133875,卖盘
2835,10:42:54,7.65,-0.01,122,93330,卖盘
2836,10:42:51,7.66,--,18,13788,买盘
2837,10:42:48,7.66,0.01,72,55152,买盘
2838,10:42:42,7.65,-0.01,157,120105,卖盘
2839,10:42:39,7.66,0.01,35,26810,买盘
2840,10:42:36,7.65,-0.01,25,19125,卖盘
2841,10:42:33,7.66,--,18,13788,买盘
2842,10:42:30,7.66,--,35,26810,卖盘
2843,10:42:27,7.66,-0.01,220,168520,卖盘
2844,10:42:24,7.67,--,165,126555,买盘
2845,10:42:21,7.67,--,40,30680,买盘
2846,10:42:15,7.67,0.01,10,7670,买盘
2847,10:42:12,7.66,-0.01,773,592118,卖盘
2848,10:42:09,7.67,--,12,9204,买盘
2849,10:42:06,7.67,--,1,767,买盘
2850,10:42:03,7.67,--,111,85137,买盘
2851,10:42:00,7.67,--,49,37583,买盘
2852,10:41:57,7.67,--,16,12272,买盘
2853,10:41:54,7.67,0.01,115,88205,买盘
2854,10:41:51,7.66,--,55,42130,卖盘
2855,10:41:48,7.66,-0.01,13,9958,卖盘
2856,10:41:45,7.67,--,34,26078,买盘
2857,10:41:42,7.67,0.01,20,15340,买盘
2858,10:41:39,7.66,-0.01,4,3064,卖盘
2859,10:41:36,7.67,--,55,42185,买盘
2860,10:41:33,7.67,0.01,10,7670,买盘
2861,10:41:30,7.66,--,19,14554,卖盘
2862,10:41:27,7.66,-0.01,58,44428,卖盘
2863,10:41:24,7.67,0.01,142,108914,买盘
2864,10:41:21,7.66,-0.01,6,4596,卖盘
2865,10:41:18,7.67,--,100,76700,买盘
2866,10:41:15,7.67,0.01,28,21476,买盘
2867,10:41:12,7.66,--,1,766,卖盘
2868,10:41:09,7.66,--,6,4596,卖盘
2869,10:41:06,7.66,-0.01,21,16086,卖盘
2870,10:41:03,7.67,0.01,118,90506,买盘
2871,10:41:00,7.66,--,1,766,卖盘
2872,10:40:57,7.66,-0.01,22,16852,卖盘
2873,10:40:54,7.67,--,123,94341,买盘
2874,10:40:51,7.67,0.01,247,189449,买盘
2875,10:40:48,7.66,-0.01,17,13022,卖盘
2876,10:40:45,7.67,0.01,71,54457,买盘
2877,10:40:42,7.66,--,48,36768,卖盘
2878,10:40:39,7.66,--,6,4596,卖盘
2879,10:40:36,7.66,--,21,16086,卖盘
2880,10:40:33,7.66,--,30,22980,卖盘
2881,10:40:30,7.66,--,75,57450,卖盘
2882,10:40:27,7.66,-0.01,530,405980,卖盘
2883,10:40:24,7.67,0.01,226,173342,买盘
2884,10:40:21,7.66,-0.01,61,46726,卖盘
2885,10:40:18,7.67,0.01,43,32981,买盘
2886,10:40:15,7.66,--,600,459600,卖盘
2887,10:40:09,7.66,-0.01,250,191500,卖盘
