,time,price,change,volume,amount,type
0,15:00:03,8.59,-0.01,15523,13334360,买盘
1,14:57:00,8.6,0.01,173,148780,买盘
2,14:56:57,8.59,-0.01,184,158056,卖盘
3,14:56:54,8.6,0.03,201,172860,买盘
4,14:56:51,8.57,-0.01,1749,1499235,卖盘
5,14:56:48,8.58,0.01,15,12870,中性盘
6,14:56:45,8.57,-0.03,70,59990,卖盘
7,14:56:42,8.6,0.04,20,17200,卖盘
8,14:56:39,8.56,-0.01,750,642000,卖盘
9,14:56:36,8.57,--,288,246816,买盘
10,14:56:33,8.57,--,672,575904,买盘
11,14:56:30,8.57,-0.03,1467,1257219,卖盘
12,14:56:27,8.6,--,2051,1763860,买盘
13,14:56:24,8.6,--,126,108360,买盘
14,14:56:21,8.6,0.01,74,63640,买盘
15,14:56:18,8.59,-0.02,2,1718,卖盘
16,14:56:15,8.61,0.01,113,97293,买盘
17,14:56:12,8.6,-0.04,1917,1648620,卖盘
18,14:56:09,8.64,0.01,206,177984,买盘
19,14:56:06,8.63,-0.02,2200,1898600,卖盘
20,14:56:03,8.65,0.01,254,219710,买盘
21,14:56:00,8.64,-0.01,61,52704,卖盘
22,14:55:57,8.65,0.01,692,598580,买盘
23,14:55:54,8.64,--,185,159840,卖盘
24,14:55:51,8.64,-0.01,2052,1772928,卖盘
25,14:55:48,8.65,0.01,270,233550,买盘
26,14:55:45,8.64,--,19,16416,卖盘
27,14:55:42,8.64,--,60,51840,卖盘
28,14:55:39,8.64,--,564,487296,买盘
29,14:55:36,8.64,--,213,184032,买盘
30,14:55:33,8.64,--,4,3456,买盘
31,14:55:30,8.64,-0.02,713,616844,卖盘
32,14:55:27,8.66,0.01,1155,1000230,买盘
33,14:55:24,8.65,--,832,720199,买盘
34,14:55:21,8.65,0.01,1046,904790,买盘
35,14:55:18,8.64,-0.01,550,475200,卖盘
36,14:55:15,8.65,0.01,89,76985,买盘
37,14:55:12,8.64,-0.01,407,351648,卖盘
38,14:55:09,8.65,--,338,292370,买盘
39,14:55:06,8.65,--,180,155700,买盘
40,14:55:03,8.65,--,277,239605,买盘
41,14:55:00,8.65,0.01,187,161755,买盘
42,14:54:57,8.64,-0.01,191,165024,卖盘
43,14:54:54,8.65,--,123,106395,买盘
44,14:54:51,8.65,0.01,332,287180,买盘
45,14:54:48,8.64,-0.01,112,96768,卖盘
46,14:54:45,8.65,--,23,19895,买盘
47,14:54:42,8.65,--,157,135805,买盘
48,14:54:39,8.65,--,6,5190,买盘
49,14:54:36,8.65,--,155,134421,卖盘
50,14:54:33,8.65,--,1798,1555270,卖盘
51,14:54:30,8.65,--,339,293235,卖盘
52,14:54:27,8.65,--,373,322645,卖盘
53,14:54:24,8.65,-0.01,693,599445,卖盘
54,14:54:21,8.66,--,435,376710,买盘
55,14:54:18,8.66,--,128,110848,买盘
56,14:54:15,8.66,0.01,412,356792,买盘
57,14:54:12,8.65,--,403,348595,卖盘
58,14:54:09,8.65,-0.01,553,478345,卖盘
59,14:54:06,8.66,0.01,297,257202,买盘
60,14:54:03,8.65,-0.01,179,154835,卖盘
61,14:54:00,8.66,--,228,197448,卖盘
62,14:53:57,8.66,--,471,407886,卖盘
63,14:53:54,8.66,--,15,12990,卖盘
64,14:53:51,8.66,--,745,645170,卖盘
65,14:53:48,8.66,--,1263,1094277,买盘
66,14:53:45,8.66,0.01,27,23382,买盘
67,14:53:42,8.65,--,243,210195,卖盘
68,14:53:39,8.65,--,1008,871920,卖盘
69,14:53:36,8.65,-0.01,727,628855,卖盘
70,14:53:33,8.66,0.01,281,243346,买盘
71,14:53:30,8.65,-0.01,219,189435,卖盘
72,14:53:27,8.66,--,314,271924,买盘
73,14:53:24,8.66,0.01,537,465042,买盘
74,14:53:21,8.65,0.01,367,317455,买盘
75,14:53:18,8.64,-0.01,252,217728,卖盘
76,14:53:15,8.65,--,638,551870,买盘
77,14:53:12,8.65,0.01,161,139662,买盘
78,14:53:09,8.64,-0.01,245,211680,卖盘
79,14:53:06,8.65,0.01,93,80445,买盘
80,14:53:03,8.64,-0.01,361,311904,卖盘
81,14:53:00,8.65,0.01,163,140995,卖盘
82,14:52:57,8.64,--,223,192672,卖盘
83,14:52:54,8.64,-0.02,416,359424,卖盘
84,14:52:51,8.66,0.01,653,565498,买盘
85,14:52:48,8.65,--,321,277665,买盘
86,14:52:45,8.65,--,141,121965,卖盘
87,14:52:42,8.65,-0.01,858,742170,卖盘
88,14:52:39,8.66,--,84,72744,买盘
89,14:52:36,8.66,--,185,160210,买盘
90,14:52:33,8.66,-0.01,313,271058,卖盘
91,14:52:30,8.67,--,227,196809,买盘
92,14:52:27,8.67,--,124,107508,买盘
93,14:52:24,8.67,--,248,215016,买盘
94,14:52:21,8.67,--,188,162996,卖盘
95,14:52:18,8.67,--,648,561816,卖盘
96,14:52:15,8.67,--,1981,1717683,卖盘
97,14:52:12,8.67,--,1276,1106292,买盘
98,14:52:09,8.67,--,238,206346,买盘
99,14:52:06,8.67,0.01,1680,1456560,买盘
100,14:52:03,8.66,--,31,26846,卖盘
101,14:52:00,8.66,--,526,456226,买盘
102,14:51:57,8.66,--,630,545580,买盘
103,14:51:54,8.66,0.01,1659,1436694,买盘
104,14:51:51,8.65,-0.01,23,19895,卖盘
105,14:51:48,8.66,0.02,250,216500,买盘
106,14:51:45,8.64,--,3771,3258144,卖盘
107,14:51:42,8.64,--,274,236736,卖盘
108,14:51:39,8.64,-0.01,475,410400,卖盘
109,14:51:36,8.65,--,172,148780,买盘
110,14:51:33,8.65,--,1233,1066545,买盘
111,14:51:30,8.65,0.01,2483,2147795,买盘
112,14:51:27,8.64,--,3041,2627424,卖盘
113,14:51:24,8.64,-0.01,279,241056,卖盘
114,14:51:21,8.65,--,272,235280,买盘
115,14:51:18,8.65,0.01,302,261230,买盘
116,14:51:15,8.64,-0.01,274,236736,卖盘
117,14:51:12,8.65,0.01,1435,1241275,买盘
118,14:51:09,8.64,--,1215,1049760,买盘
119,14:51:06,8.64,--,370,319680,买盘
120,14:51:03,8.64,--,731,631584,买盘
121,14:51:00,8.64,0.01,800,691200,买盘
122,14:50:57,8.63,--,264,227832,卖盘
123,14:50:54,8.63,--,168,144984,卖盘
124,14:50:51,8.63,0.01,1101,950508,买盘
125,14:50:48,8.62,--,279,240497,卖盘
126,14:50:45,8.62,--,228,196535,卖盘
127,14:50:42,8.62,-0.01,1633,1407645,卖盘
128,14:50:39,8.63,--,1089,939807,买盘
129,14:50:36,8.63,--,257,221791,买盘
130,14:50:33,8.63,0.01,33,28479,买盘
131,14:50:30,8.62,--,1675,1443849,卖盘
132,14:50:27,8.62,0.01,3649,3145868,买盘
133,14:50:24,8.61,-0.01,55,47355,卖盘
134,14:50:21,8.62,--,121,104301,买盘
135,14:50:18,8.62,--,648,559334,卖盘
136,14:50:15,8.62,-0.01,758,653395,卖盘
137,14:50:12,8.63,0.02,801,691366,买盘
138,14:50:09,8.61,-0.01,326,280686,卖盘
139,14:50:06,8.62,0.01,163,140506,买盘
140,14:50:03,8.61,--,173,148953,买盘
141,14:50:00,8.61,-0.01,32,27552,卖盘
142,14:49:57,8.62,0.01,2396,2065524,买盘
143,14:49:54,8.61,--,29,24969,卖盘
144,14:49:51,8.61,--,74,64402,买盘
145,14:49:48,8.61,-0.01,1278,1100358,卖盘
146,14:49:45,8.62,0.01,134,115507,买盘
147,14:49:42,8.61,--,60,51660,卖盘
148,14:49:39,8.61,--,351,302211,买盘
149,14:49:36,8.61,--,23,19803,买盘
150,14:49:33,8.61,--,5,4305,买盘
151,14:49:30,8.61,0.01,259,222998,卖盘
152,14:49:27,8.6,-0.01,178,153080,卖盘
153,14:49:24,8.61,--,438,377118,买盘
154,14:49:21,8.61,--,2234,1923473,买盘
155,14:49:18,8.61,--,707,609312,卖盘
156,14:49:15,8.61,-0.01,376,323736,卖盘
157,14:49:12,8.62,--,678,584436,买盘
158,14:49:09,8.62,--,353,304286,买盘
159,14:49:06,8.62,0.01,506,436171,买盘
160,14:49:03,8.61,--,147,126566,卖盘
161,14:49:00,8.61,--,130,111929,卖盘
162,14:48:57,8.61,--,127,109347,卖盘
163,14:48:54,8.61,--,389,334929,卖盘
164,14:48:51,8.61,--,1148,988703,买盘
165,14:48:48,8.61,--,68,58547,买盘
166,14:48:45,8.61,--,332,285852,买盘
167,14:48:42,8.61,--,115,99015,买盘
168,14:48:39,8.61,0.01,120,103320,买盘
169,14:48:36,8.6,-0.01,234,201240,卖盘
170,14:48:33,8.61,--,808,695688,买盘
171,14:48:30,8.61,0.01,336,289296,买盘
172,14:48:27,8.6,-0.01,603,518580,卖盘
173,14:48:24,8.61,0.01,74,63713,买盘
174,14:48:21,8.6,--,125,107500,卖盘
175,14:48:18,8.6,0.01,762,655320,买盘
176,14:48:15,8.59,-0.01,375,322125,卖盘
177,14:48:12,8.6,--,166,142760,买盘
178,14:48:09,8.6,--,287,246820,卖盘
179,14:48:06,8.6,-0.01,65,55900,卖盘
180,14:48:03,8.61,0.01,811,698271,买盘
181,14:48:00,8.6,--,90,77400,买盘
182,14:47:57,8.6,--,242,208120,买盘
183,14:47:54,8.6,--,130,111800,买盘
184,14:47:51,8.6,--,110,94600,买盘
185,14:47:48,8.6,0.01,17,14620,买盘
186,14:47:45,8.59,-0.01,1010,867590,卖盘
187,14:47:42,8.6,--,952,818720,卖盘
188,14:47:39,8.6,--,20,17200,卖盘
189,14:47:36,8.6,--,21,18060,卖盘
190,14:47:33,8.6,-0.01,368,316480,卖盘
191,14:47:30,8.61,0.01,58,49938,买盘
192,14:47:27,8.6,--,782,672520,买盘
193,14:47:24,8.6,--,95,81700,买盘
194,14:47:21,8.6,-0.01,111,95460,买盘
195,14:47:18,8.61,0.01,322,277242,买盘
196,14:47:15,8.6,--,61,52460,买盘
197,14:47:12,8.6,-0.01,147,126420,卖盘
198,14:47:09,8.61,--,1116,960875,买盘
199,14:47:06,8.61,0.01,1485,1278585,买盘
200,14:47:03,8.6,-0.01,312,268320,卖盘
201,14:47:00,8.61,--,196,168756,买盘
202,14:46:57,8.61,--,267,229886,买盘
203,14:46:54,8.61,-0.01,1561,1344021,卖盘
204,14:46:51,8.62,--,110,94819,买盘
205,14:46:48,8.62,--,196,168951,买盘
206,14:46:45,8.62,0.01,316,272392,买盘
207,14:46:42,8.61,-0.01,411,353871,中性盘
208,14:46:39,8.62,--,1393,1200766,买盘
209,14:46:36,8.62,0.01,937,807693,买盘
210,14:46:33,8.61,-0.01,215,185115,卖盘
211,14:46:30,8.62,--,100,86199,买盘
212,14:46:27,8.62,0.01,760,655119,买盘
213,14:46:24,8.61,--,91,78351,买盘
214,14:46:21,8.61,--,255,219555,买盘
215,14:46:18,8.61,--,221,190281,买盘
216,14:46:15,8.61,0.01,763,656943,买盘
217,14:46:12,8.6,--,589,506540,买盘
218,14:46:09,8.6,--,2845,2446700,买盘
219,14:46:06,8.6,0.01,115,98900,买盘
220,14:46:03,8.59,--,89,76451,卖盘
221,14:46:00,8.59,-0.01,986,846974,卖盘
222,14:45:57,8.6,--,390,335400,买盘
223,14:45:54,8.6,0.01,983,845380,买盘
224,14:45:51,8.59,-0.01,199,170941,卖盘
225,14:45:48,8.6,0.01,480,412800,买盘
226,14:45:45,8.59,-0.01,1212,1041108,卖盘
227,14:45:42,8.6,--,12,10320,买盘
228,14:45:39,8.6,0.01,322,276920,买盘
229,14:45:36,8.59,--,10,8590,卖盘
230,14:45:33,8.59,--,1152,990255,买盘
231,14:45:30,8.59,--,76,65284,买盘
232,14:45:27,8.59,--,1010,867590,买盘
233,14:45:24,8.59,--,146,125414,买盘
234,14:45:21,8.59,--,86,73874,买盘
235,14:45:18,8.59,0.02,76,65284,买盘
236,14:45:15,8.57,-0.01,506,433642,卖盘
237,14:45:12,8.58,--,36,30888,卖盘
238,14:45:09,8.58,--,136,117134,买盘
239,14:45:06,8.58,--,489,419562,买盘
240,14:45:03,8.58,--,120,102960,买盘
241,14:45:00,8.58,--,1087,932646,买盘
242,14:44:57,8.58,--,746,640068,买盘
243,14:44:54,8.58,--,201,172458,买盘
244,14:44:51,8.58,--,36,30888,买盘
245,14:44:48,8.58,0.01,122,104676,买盘
246,14:44:45,8.57,--,670,574190,买盘
247,14:44:42,8.57,--,240,205680,买盘
248,14:44:39,8.57,--,32,27424,买盘
249,14:44:36,8.57,0.01,76,65132,买盘
250,14:44:33,8.56,-0.01,51,43656,卖盘
251,14:44:30,8.57,--,63,53991,买盘
252,14:44:27,8.57,0.01,63,53991,买盘
253,14:44:24,8.56,--,57,48792,卖盘
254,14:44:21,8.56,-0.01,834,713904,卖盘
255,14:44:18,8.57,--,72,61704,买盘
256,14:44:15,8.57,--,224,191968,买盘
257,14:44:12,8.57,0.01,95,81415,买盘
258,14:44:09,8.56,-0.01,196,167776,卖盘
259,14:44:06,8.57,0.01,223,191111,买盘
260,14:44:03,8.56,--,1,856,卖盘
261,14:44:00,8.56,--,32,27392,卖盘
262,14:43:57,8.56,--,30,25680,卖盘
263,14:43:54,8.56,--,61,52216,卖盘
264,14:43:51,8.56,--,44,37664,卖盘
265,14:43:48,8.56,--,739,632584,买盘
266,14:43:45,8.56,--,57,48792,买盘
267,14:43:42,8.56,--,57,48792,买盘
268,14:43:39,8.56,--,118,101008,卖盘
269,14:43:36,8.56,--,53,45368,买盘
270,14:43:33,8.56,--,21,17976,卖盘
271,14:43:30,8.56,--,730,624880,买盘
272,14:43:27,8.56,--,95,81320,买盘
273,14:43:24,8.56,--,161,137816,买盘
274,14:43:21,8.56,--,125,107000,买盘
275,14:43:18,8.56,--,178,152368,买盘
276,14:43:15,8.56,--,158,135248,买盘
277,14:43:12,8.56,0.01,702,600912,买盘
278,14:43:09,8.55,-0.01,110,94050,卖盘
279,14:43:06,8.56,--,196,167776,买盘
280,14:43:03,8.56,--,75,64200,买盘
281,14:43:00,8.56,--,202,172912,买盘
282,14:42:57,8.56,--,740,633440,买盘
283,14:42:54,8.56,--,12,10272,买盘
284,14:42:51,8.56,--,122,104432,买盘
285,14:42:48,8.56,--,7,5992,买盘
286,14:42:45,8.56,--,338,289328,买盘
287,14:42:42,8.56,--,703,601768,买盘
288,14:42:39,8.56,--,80,68480,买盘
289,14:42:36,8.56,--,23,19688,买盘
290,14:42:33,8.56,--,15,12840,买盘
291,14:42:30,8.56,0.01,48,41088,买盘
292,14:42:27,8.55,--,523,447165,卖盘
293,14:42:24,8.55,-0.01,10,8550,卖盘
294,14:42:21,8.56,0.01,721,617176,买盘
295,14:42:18,8.55,-0.01,531,454005,卖盘
296,14:42:15,8.56,0.01,22,18832,买盘
297,14:42:12,8.55,-0.01,50,42750,卖盘
298,14:42:09,8.56,--,13,11128,买盘
299,14:42:06,8.56,--,23,19688,买盘
300,14:42:03,8.56,--,717,613752,买盘
301,14:42:00,8.56,0.01,746,638576,买盘
302,14:41:57,8.55,--,256,218880,买盘
303,14:41:54,8.55,0.01,29,24795,买盘
304,14:41:51,8.54,-0.01,38,32451,卖盘
305,14:41:48,8.55,--,71,60705,买盘
306,14:41:45,8.55,0.01,714,610470,买盘
307,14:41:42,8.54,-0.01,69,58925,卖盘
308,14:41:39,8.55,--,56,47880,买盘
309,14:41:36,8.55,--,20,17100,买盘
310,14:41:33,8.55,0.01,95,81225,买盘
311,14:41:30,8.54,-0.01,39,33306,中性盘
312,14:41:27,8.55,0.01,952,814712,买盘
313,14:41:24,8.54,--,28,23911,卖盘
314,14:41:21,8.54,--,124,105895,卖盘
315,14:41:18,8.54,-0.01,67,57217,卖盘
316,14:41:15,8.55,0.01,700,598500,买盘
317,14:41:12,8.54,-0.01,506,432123,卖盘
318,14:41:09,8.55,0.01,898,767790,买盘
319,14:41:06,8.54,--,721,615836,卖盘
320,14:41:03,8.54,-0.01,67,57217,卖盘
321,14:41:00,8.55,0.01,700,598500,买盘
322,14:40:57,8.54,--,589,503808,卖盘
323,14:40:54,8.54,-0.01,68,58071,卖盘
324,14:40:51,8.55,--,57,48735,买盘
325,14:40:48,8.55,0.01,702,600210,买盘
326,14:40:45,8.54,--,506,432175,买盘
327,14:40:42,8.54,--,336,286944,买盘
328,14:40:39,8.54,0.01,17,14517,买盘
329,14:40:36,8.53,-0.01,31,26442,卖盘
330,14:40:33,8.54,--,736,628543,买盘
331,14:40:30,8.54,0.01,174,148595,买盘
332,14:40:27,8.53,--,34,29001,卖盘
333,14:40:24,8.53,-0.01,167,142451,卖盘
334,14:40:21,8.54,--,781,666973,买盘
335,14:40:18,8.54,0.01,702,599507,买盘
336,14:40:15,8.53,--,4,3411,卖盘
337,14:40:12,8.53,-0.01,5,4265,卖盘
338,14:40:06,8.54,0.02,711,607193,买盘
339,14:40:03,8.52,--,51,43452,卖盘
340,14:40:00,8.52,-0.01,800,681600,卖盘
341,14:39:57,8.53,--,7,5971,买盘
342,14:39:54,8.53,0.01,185,157805,买盘
343,14:39:51,8.52,-0.01,742,632184,卖盘
344,14:39:48,8.53,--,12,10236,买盘
345,14:39:45,8.53,0.01,34,29001,买盘
346,14:39:42,8.52,--,943,803436,卖盘
347,14:39:39,8.52,-0.01,10,8520,卖盘
348,14:39:36,8.53,0.01,2,1705,买盘
349,14:39:33,8.52,--,29,24708,卖盘
350,14:39:30,8.52,--,735,626220,卖盘
351,14:39:27,8.52,--,72,61344,卖盘
352,14:39:24,8.52,-0.01,743,633036,卖盘
353,14:39:21,8.53,--,27,23031,买盘
354,14:39:18,8.53,0.01,12,10236,买盘
355,14:39:15,8.52,--,681,580893,买盘
356,14:39:12,8.52,--,39,33228,买盘
357,14:39:06,8.52,0.01,722,615144,买盘
358,14:39:03,8.51,-0.01,25,21275,卖盘
359,14:39:00,8.52,--,3,2556,买盘
360,14:38:57,8.52,--,716,610032,买盘
361,14:38:54,8.52,--,20,17040,买盘
362,14:38:51,8.52,--,22,18744,买盘
363,14:38:45,8.52,--,1,852,买盘
364,14:38:42,8.52,--,96,81792,买盘
365,14:38:39,8.52,0.01,21,17892,买盘
366,14:38:36,8.51,-0.01,63,53613,卖盘
367,14:38:33,8.52,0.01,33,28116,买盘
368,14:38:30,8.51,--,800,680800,卖盘
369,14:38:27,8.51,--,13,11063,卖盘
370,14:38:24,8.51,--,19,16169,卖盘
371,14:38:21,8.51,--,10,8510,卖盘
372,14:38:18,8.51,--,27,22977,卖盘
373,14:38:15,8.51,--,17,14467,卖盘
374,14:38:12,8.51,--,753,640803,卖盘
375,14:38:09,8.51,-0.01,19,16339,卖盘
376,14:38:06,8.52,--,15,12780,买盘
377,14:38:03,8.52,0.01,105,89460,买盘
378,14:38:00,8.51,--,160,136160,卖盘
379,14:37:57,8.51,-0.01,1115,948865,卖盘
380,14:37:54,8.52,0.01,170,144840,买盘
381,14:37:51,8.51,--,57,48507,卖盘
382,14:37:48,8.51,-0.01,84,71484,卖盘
383,14:37:45,8.52,--,16,13632,买盘
384,14:37:42,8.52,0.01,900,766800,买盘
385,14:37:36,8.51,--,40,34040,卖盘
386,14:37:33,8.51,-0.01,11,9361,卖盘
387,14:37:30,8.52,0.01,35,29820,买盘
388,14:37:27,8.51,--,920,782920,卖盘
389,14:37:24,8.51,--,44,37444,卖盘
390,14:37:21,8.51,-0.01,29,24679,卖盘
391,14:37:18,8.52,--,4,3408,买盘
392,14:37:15,8.52,--,7,5964,买盘
393,14:37:12,8.52,--,735,626220,买盘
394,14:37:09,8.52,0.01,46,39192,买盘
395,14:37:06,8.51,-0.01,30,25530,卖盘
396,14:37:03,8.52,--,32,27264,买盘
397,14:37:00,8.52,0.01,30,25560,买盘
398,14:36:57,8.51,-0.01,468,398268,卖盘
399,14:36:54,8.52,0.01,100,85200,买盘
400,14:36:51,8.51,-0.01,5,4255,卖盘
401,14:36:48,8.52,0.01,10,8520,买盘
402,14:36:45,8.51,-0.01,11,9361,卖盘
403,14:36:42,8.52,--,67,57084,买盘
404,14:36:39,8.52,--,362,308424,买盘
405,14:36:36,8.52,0.01,21,17892,买盘
406,14:36:33,8.51,-0.01,13,11063,卖盘
407,14:36:30,8.52,--,59,50268,买盘
408,14:36:27,8.52,--,516,439632,买盘
409,14:36:24,8.52,--,32,27264,买盘
410,14:36:21,8.52,--,12,10224,买盘
411,14:36:18,8.52,--,15,12780,买盘
412,14:36:15,8.52,0.01,8,6816,买盘
413,14:36:12,8.51,--,8,6808,卖盘
414,14:36:09,8.51,--,89,75739,卖盘
415,14:36:06,8.51,-0.01,23,19573,卖盘
416,14:36:03,8.52,0.01,42,35784,买盘
417,14:36:00,8.51,--,74,62974,卖盘
418,14:35:57,8.51,--,8,6808,卖盘
419,14:35:54,8.51,-0.01,240,204240,卖盘
420,14:35:51,8.52,0.01,55,46860,买盘
421,14:35:48,8.51,--,149,126799,卖盘
422,14:35:45,8.51,-0.01,130,110630,卖盘
423,14:35:42,8.52,0.01,64,54528,买盘
424,14:35:39,8.51,--,46,39146,卖盘
425,14:35:36,8.51,--,243,206793,卖盘
426,14:35:33,8.51,0.01,356,302956,买盘
427,14:35:30,8.5,-0.01,30,25500,卖盘
428,14:35:27,8.51,--,7,5957,买盘
429,14:35:24,8.51,--,92,78292,买盘
430,14:35:21,8.51,--,95,80845,买盘
431,14:35:18,8.51,0.01,25,21275,买盘
432,14:35:15,8.5,--,200,170000,卖盘
433,14:35:12,8.5,--,8,6800,卖盘
434,14:35:09,8.5,-0.01,34,28900,卖盘
435,14:35:06,8.51,--,46,39146,买盘
436,14:35:03,8.51,--,11,9361,买盘
437,14:35:00,8.51,--,12,10212,买盘
438,14:34:57,8.51,0.01,1080,919080,买盘
439,14:34:54,8.5,--,100,85000,卖盘
440,14:34:51,8.5,--,65,55250,买盘
441,14:34:48,8.5,-0.01,84,71400,卖盘
442,14:34:45,8.51,0.01,4204,3577604,买盘
443,14:34:42,8.5,--,2,1700,买盘
444,14:34:39,8.5,--,55,46750,买盘
445,14:34:36,8.5,0.01,3,2550,买盘
446,14:34:33,8.49,--,51,43299,卖盘
447,14:34:30,8.49,-0.01,55,46695,卖盘
448,14:34:27,8.5,--,25,21250,买盘
449,14:34:24,8.5,0.01,25,21250,买盘
450,14:34:21,8.49,--,1,849,卖盘
451,14:34:18,8.49,--,40,33960,卖盘
452,14:34:15,8.49,-0.01,10,8490,卖盘
453,14:34:12,8.5,0.02,98,83300,买盘
454,14:34:09,8.48,-0.01,49,41552,卖盘
455,14:34:06,8.49,-0.01,301,255549,卖盘
456,14:34:03,8.5,--,27,22950,买盘
457,14:34:00,8.5,0.01,2,1700,买盘
458,14:33:57,8.49,--,52,44148,卖盘
459,14:33:54,8.49,-0.01,49,41601,卖盘
460,14:33:51,8.5,--,45,38250,买盘
461,14:33:48,8.5,0.02,29,24650,买盘
462,14:33:45,8.48,-0.01,2016,1709568,卖盘
463,14:33:42,8.49,-0.01,166,140934,卖盘
464,14:33:39,8.5,0.01,6,5100,买盘
465,14:33:36,8.49,--,14,11886,卖盘
466,14:33:33,8.49,--,328,278472,卖盘
467,14:33:30,8.49,--,11,9339,卖盘
468,14:33:27,8.49,--,80,67920,卖盘
469,14:33:24,8.49,--,35,29715,卖盘
470,14:33:18,8.49,-0.01,5,4245,卖盘
471,14:33:15,8.5,0.01,252,214710,买盘
472,14:33:12,8.49,--,6,5094,买盘
473,14:33:09,8.49,0.01,31,26319,买盘
474,14:33:06,8.48,-0.01,5,4240,卖盘
475,14:33:03,8.49,--,78,66561,卖盘
476,14:33:00,8.49,--,40,33960,卖盘
477,14:32:57,8.49,--,165,140085,卖盘
478,14:32:54,8.49,--,19,16131,卖盘
479,14:32:51,8.49,-0.01,4,3396,卖盘
480,14:32:48,8.5,0.01,144,122910,买盘
481,14:32:45,8.49,--,42,35997,卖盘
482,14:32:42,8.49,--,11,9339,卖盘
483,14:32:39,8.49,-0.01,290,246210,卖盘
484,14:32:36,8.5,--,107,90950,买盘
485,14:32:33,8.5,--,30,25500,买盘
486,14:32:30,8.5,0.01,6,5100,买盘
487,14:32:27,8.49,-0.01,98,83202,卖盘
488,14:32:24,8.5,0.01,1,850,买盘
489,14:32:21,8.49,--,36,30564,卖盘
490,14:32:18,8.49,--,93,79466,买盘
491,14:32:15,8.49,0.01,291,247059,买盘
492,14:32:12,8.48,--,30,25440,卖盘
493,14:32:09,8.48,--,55,46640,卖盘
494,14:32:06,8.48,-0.01,2,1696,卖盘
495,14:32:03,8.49,0.01,531,450819,买盘
496,14:32:00,8.48,-0.01,391,331568,卖盘
497,14:31:57,8.49,--,37,31413,买盘
498,14:31:51,8.49,0.01,27,22923,买盘
499,14:31:48,8.48,--,518,439264,卖盘
500,14:31:45,8.48,--,13,11024,卖盘
501,14:31:42,8.48,--,66,55968,卖盘
502,14:31:39,8.48,--,30,25440,卖盘
503,14:31:36,8.48,-0.01,24,20352,卖盘
504,14:31:33,8.49,0.01,451,382899,买盘
505,14:31:30,8.48,-0.01,55,46640,卖盘
506,14:31:27,8.49,0.01,26,22074,买盘
507,14:31:24,8.48,--,316,267968,买盘
508,14:31:21,8.48,-0.01,895,758960,卖盘
509,14:31:18,8.49,0.01,224,190176,买盘
510,14:31:15,8.48,--,29,24592,卖盘
511,14:31:12,8.48,-0.01,78,66144,卖盘
512,14:31:09,8.49,0.01,36,30564,买盘
513,14:31:06,8.48,--,560,474880,卖盘
514,14:31:03,8.48,--,67,56816,卖盘
515,14:31:00,8.48,-0.01,64,54272,卖盘
516,14:30:57,8.49,0.01,141,119709,买盘
517,14:30:54,8.48,--,117,99216,卖盘
518,14:30:51,8.48,-0.01,217,184016,卖盘
519,14:30:48,8.49,0.01,173,146877,买盘
520,14:30:45,8.48,--,26,22048,卖盘
521,14:30:42,8.48,--,1850,1568800,卖盘
522,14:30:39,8.48,--,68,57664,卖盘
523,14:30:36,8.48,-0.01,72,61056,卖盘
524,14:30:33,8.49,0.01,147,124803,买盘
525,14:30:30,8.48,--,56,47488,卖盘
526,14:30:27,8.48,--,54,45792,卖盘
527,14:30:24,8.48,-0.01,53,44944,卖盘
528,14:30:21,8.49,--,758,643881,卖盘
529,14:30:18,8.49,-0.01,1181,1002669,卖盘
530,14:30:15,8.5,0.01,21,17850,买盘
531,14:30:12,8.49,--,14,11886,卖盘
532,14:30:09,8.49,--,46,39054,卖盘
533,14:30:06,8.49,--,33,28017,卖盘
534,14:30:03,8.49,--,31,26319,卖盘
535,14:30:00,8.49,--,88,75221,卖盘
536,14:29:57,8.49,--,81,68769,卖盘
537,14:29:54,8.49,--,112,95088,卖盘
538,14:29:51,8.49,-0.01,36,30564,卖盘
539,14:29:48,8.5,--,48,40800,买盘
540,14:29:42,8.5,0.01,166,141100,买盘
541,14:29:39,8.49,-0.01,11,9339,卖盘
542,14:29:36,8.5,0.01,25,21250,买盘
543,14:29:33,8.49,-0.01,33,28017,卖盘
544,14:29:30,8.5,0.01,4,3400,买盘
545,14:29:27,8.49,--,102,86598,卖盘
546,14:29:24,8.49,-0.01,424,359976,卖盘
547,14:29:21,8.5,--,20,17000,买盘
548,14:29:18,8.5,0.01,29,24650,买盘
549,14:29:15,8.49,-0.01,42,35658,卖盘
550,14:29:12,8.5,--,50,42500,买盘
551,14:29:09,8.5,--,30,25500,买盘
552,14:29:06,8.5,-0.01,21,17850,卖盘
553,14:29:03,8.51,0.01,88,74888,买盘
554,14:29:00,8.5,--,74,62900,卖盘
555,14:28:57,8.5,-0.01,21,17850,卖盘
556,14:28:54,8.51,--,549,467199,买盘
557,14:28:51,8.51,0.01,45,38295,买盘
558,14:28:48,8.5,--,138,117300,卖盘
559,14:28:45,8.5,--,25,21250,卖盘
560,14:28:42,8.5,-0.01,50,42500,卖盘
561,14:28:39,8.51,0.01,937,797387,买盘
562,14:28:36,8.5,--,146,124100,卖盘
563,14:28:33,8.5,-0.01,32,27200,卖盘
564,14:28:30,8.51,--,53,45103,买盘
565,14:28:27,8.51,0.01,13,11063,买盘
566,14:28:24,8.5,--,34,28900,卖盘
567,14:28:21,8.5,--,70,59500,卖盘
568,14:28:15,8.5,--,2923,2484550,卖盘
569,14:28:12,8.5,--,80,68000,卖盘
570,14:28:09,8.5,-0.01,4,3400,卖盘
571,14:28:06,8.51,0.01,63,53613,买盘
572,14:28:03,8.5,--,34,28900,卖盘
573,14:27:57,8.5,-0.01,60,51000,卖盘
574,14:27:54,8.51,--,24,20424,买盘
575,14:27:51,8.51,--,100,85100,买盘
576,14:27:48,8.51,0.01,37,31487,买盘
577,14:27:45,8.5,-0.01,117,99450,卖盘
578,14:27:42,8.51,0.01,21,17871,买盘
579,14:27:39,8.5,-0.01,53,45050,卖盘
580,14:27:36,8.51,0.01,25,21275,买盘
581,14:27:33,8.5,-0.01,1,850,卖盘
582,14:27:30,8.51,--,18,15318,买盘
583,14:27:27,8.51,--,19,16169,买盘
584,14:27:24,8.51,--,119,101269,买盘
585,14:27:21,8.51,0.01,41,34891,买盘
586,14:27:18,8.5,-0.01,8,6800,卖盘
587,14:27:15,8.51,0.01,20,17020,买盘
588,14:27:12,8.5,--,120,102000,卖盘
589,14:27:09,8.5,--,3,2550,卖盘
590,14:27:06,8.5,--,31,26350,卖盘
591,14:27:03,8.5,-0.01,89,75650,卖盘
592,14:27:00,8.51,0.01,81,68931,买盘
593,14:26:57,8.5,--,80,68000,卖盘
594,14:26:54,8.5,-0.01,53,45050,卖盘
595,14:26:51,8.51,0.01,268,228068,买盘
596,14:26:48,8.5,--,134,113900,买盘
597,14:26:45,8.5,--,47,39950,买盘
598,14:26:42,8.5,--,77,65450,买盘
599,14:26:39,8.5,0.01,15,12750,买盘
600,14:26:36,8.49,-0.01,126,106974,卖盘
601,14:26:33,8.5,--,28,23800,买盘
602,14:26:30,8.5,--,16,13600,买盘
603,14:26:27,8.5,--,103,87550,卖盘
604,14:26:24,8.5,--,20,17000,卖盘
605,14:26:21,8.5,--,108,91800,卖盘
606,14:26:18,8.5,--,13,11050,卖盘
607,14:26:15,8.5,--,163,138550,卖盘
608,14:26:12,8.5,--,300,255000,卖盘
609,14:26:09,8.5,-0.01,124,105400,卖盘
610,14:26:06,8.51,0.01,95,80845,买盘
611,14:26:03,8.5,--,45,38250,卖盘
612,14:25:57,8.5,--,325,276250,卖盘
613,14:25:54,8.5,-0.01,21,17850,卖盘
614,14:25:51,8.51,0.01,86,73186,买盘
615,14:25:48,8.5,-0.01,3,2550,卖盘
616,14:25:45,8.51,--,33,28083,买盘
617,14:25:39,8.51,--,119,101269,买盘
618,14:25:36,8.51,0.01,17,14467,买盘
619,14:25:33,8.5,-0.01,56,47600,卖盘
620,14:25:30,8.51,0.01,22,18722,买盘
621,14:25:27,8.5,--,14,11900,卖盘
622,14:25:24,8.5,--,114,96900,卖盘
623,14:25:21,8.5,--,111,94350,卖盘
624,14:25:18,8.5,--,93,79050,卖盘
625,14:25:15,8.5,--,1,850,卖盘
626,14:25:09,8.5,-0.01,115,97750,卖盘
627,14:25:06,8.51,--,426,362526,买盘
628,14:25:03,8.51,0.01,6,5106,买盘
629,14:25:00,8.5,--,144,122400,卖盘
630,14:24:57,8.5,--,100,85000,卖盘
631,14:24:54,8.5,--,170,144500,卖盘
632,14:24:51,8.5,--,36,30600,卖盘
633,14:24:48,8.5,-0.01,2054,1745900,卖盘
634,14:24:45,8.51,--,15,12765,买盘
635,14:24:42,8.51,0.01,10,8510,买盘
636,14:24:39,8.5,--,10,8500,卖盘
637,14:24:36,8.5,-0.01,137,116450,卖盘
638,14:24:33,8.51,--,105,89355,买盘
639,14:24:30,8.51,0.01,51,43401,买盘
640,14:24:27,8.5,-0.01,170,144500,卖盘
641,14:24:24,8.51,0.01,7,5957,买盘
642,14:24:21,8.5,-0.01,2257,1918450,卖盘
643,14:24:18,8.51,-0.01,31,26381,卖盘
644,14:24:15,8.52,0.01,206,175512,买盘
645,14:24:12,8.51,-0.01,27,22977,卖盘
646,14:24:09,8.52,0.01,122,103944,买盘
647,14:24:06,8.51,-0.01,73,62123,卖盘
648,14:24:03,8.52,--,3466,2953032,买盘
649,14:24:00,8.52,--,32,27264,买盘
650,14:23:54,8.52,0.01,136,115872,买盘
651,14:23:51,8.51,-0.01,13,11063,卖盘
652,14:23:45,8.52,0.01,67,57084,买盘
653,14:23:42,8.51,-0.01,65,55315,卖盘
654,14:23:39,8.52,--,28,23856,买盘
655,14:23:36,8.52,0.01,40,34080,买盘
656,14:23:33,8.51,-0.01,3,2553,卖盘
657,14:23:30,8.52,--,25,21300,买盘
658,14:23:27,8.52,--,21,17892,买盘
659,14:23:24,8.52,0.01,19,16188,买盘
660,14:23:21,8.51,--,70,59570,卖盘
661,14:23:18,8.51,--,2,1702,卖盘
662,14:23:15,8.51,-0.01,33,28083,卖盘
663,14:23:12,8.52,0.01,28,23856,买盘
664,14:23:09,8.51,--,99,84249,卖盘
665,14:23:06,8.51,-0.01,230,195730,卖盘
666,14:23:03,8.52,--,62,52824,买盘
667,14:23:00,8.52,--,7,5964,买盘
668,14:22:57,8.52,--,10,8520,买盘
669,14:22:54,8.52,0.01,140,119280,买盘
670,14:22:51,8.51,-0.01,88,74888,卖盘
671,14:22:48,8.52,0.01,3,2556,买盘
672,14:22:45,8.51,--,38,32338,卖盘
673,14:22:42,8.51,-0.01,103,87653,卖盘
674,14:22:39,8.52,--,15,12780,买盘
675,14:22:36,8.52,--,36,30672,买盘
676,14:22:33,8.52,--,84,71568,买盘
677,14:22:30,8.52,0.01,1,852,买盘
678,14:22:27,8.51,--,11,9361,卖盘
679,14:22:24,8.51,--,92,78292,卖盘
680,14:22:21,8.51,-0.01,46,39146,卖盘
681,14:22:18,8.52,0.01,52,44304,买盘
682,14:22:15,8.51,-0.01,14,11914,卖盘
683,14:22:12,8.52,0.01,6,5112,买盘
684,14:22:09,8.51,-0.01,66,56166,卖盘
685,14:22:06,8.52,0.01,6,5112,买盘
686,14:22:03,8.51,-0.01,191,162541,卖盘
687,14:22:00,8.52,0.01,16,13632,买盘
688,14:21:57,8.51,-0.01,41,34891,卖盘
689,14:21:54,8.52,0.01,501,426852,买盘
690,14:21:51,8.51,-0.01,56,47656,卖盘
691,14:21:48,8.52,0.01,16,13632,买盘
692,14:21:45,8.51,--,59,50209,卖盘
693,14:21:42,8.51,--,26,22126,卖盘
694,14:21:39,8.51,--,65,55315,卖盘
695,14:21:36,8.51,--,1,851,卖盘
696,14:21:33,8.51,-0.01,4,3404,卖盘
697,14:21:30,8.52,--,29,24708,买盘
698,14:21:27,8.52,0.01,210,178920,买盘
699,14:21:24,8.51,--,29,24679,卖盘
700,14:21:21,8.51,-0.01,29,24679,卖盘
701,14:21:18,8.52,--,19,16188,买盘
702,14:21:15,8.52,0.01,33,28116,买盘
703,14:21:12,8.51,--,138,117438,卖盘
704,14:21:09,8.51,-0.01,378,321678,卖盘
705,14:21:06,8.52,0.01,27,23004,买盘
706,14:21:03,8.51,--,82,69782,卖盘
707,14:21:00,8.51,--,22,18722,卖盘
708,14:20:57,8.51,-0.01,6,5106,卖盘
709,14:20:54,8.52,0.01,38,32376,买盘
710,14:20:51,8.51,-0.01,91,77441,卖盘
711,14:20:48,8.52,0.01,16,13632,买盘
712,14:20:45,8.51,--,6,5106,卖盘
713,14:20:42,8.51,--,35,29785,卖盘
714,14:20:39,8.51,--,1,851,卖盘
715,14:20:36,8.51,--,56,47656,卖盘
716,14:20:33,8.51,-0.01,86,73186,卖盘
717,14:20:30,8.52,--,88,74976,买盘
718,14:20:27,8.52,0.01,16,13632,买盘
719,14:20:24,8.51,--,286,243386,卖盘
720,14:20:21,8.51,-0.01,19,16169,卖盘
721,14:20:18,8.52,--,131,111612,买盘
722,14:20:15,8.52,0.01,3,2556,买盘
723,14:20:12,8.51,--,2,1702,卖盘
724,14:20:09,8.51,--,24,20424,卖盘
725,14:20:06,8.51,--,16,13616,卖盘
726,14:20:03,8.51,--,70,59570,卖盘
727,14:20:00,8.51,--,21,17871,卖盘
728,14:19:57,8.51,-0.01,105,89355,卖盘
729,14:19:54,8.52,0.01,1,852,买盘
730,14:19:51,8.51,-0.01,201,171051,卖盘
731,14:19:48,8.52,0.01,90,76680,买盘
732,14:19:45,8.51,-0.01,68,57868,卖盘
733,14:19:42,8.52,--,92,78384,买盘
734,14:19:39,8.52,0.01,167,142284,买盘
735,14:19:36,8.51,-0.01,206,175306,卖盘
736,14:19:33,8.52,--,12,10224,买盘
737,14:19:30,8.52,--,80,68160,买盘
738,14:19:27,8.52,0.01,536,456672,买盘
739,14:19:24,8.51,-0.01,58,49358,卖盘
740,14:19:21,8.52,--,81,69012,买盘
741,14:19:18,8.52,0.01,53,45156,买盘
742,14:19:15,8.51,--,20,17020,卖盘
743,14:19:12,8.51,-0.01,197,167647,卖盘
744,14:19:09,8.52,--,18,15336,买盘
745,14:19:06,8.52,--,105,89460,买盘
746,14:19:03,8.52,--,65,55380,买盘
747,14:19:00,8.52,--,5,4260,买盘
748,14:18:57,8.52,0.01,9,7668,买盘
749,14:18:54,8.51,--,12,10212,卖盘
750,14:18:51,8.51,--,9,7659,卖盘
751,14:18:48,8.51,--,42,35742,卖盘
752,14:18:45,8.51,-0.01,30,25530,卖盘
753,14:18:42,8.52,--,17,14484,买盘
754,14:18:39,8.52,--,21,17892,买盘
755,14:18:36,8.52,--,15,12780,买盘
756,14:18:33,8.52,0.01,4,3408,买盘
757,14:18:30,8.51,--,47,39997,卖盘
758,14:18:27,8.51,--,213,181263,卖盘
759,14:18:24,8.51,--,9,7659,卖盘
760,14:18:21,8.51,-0.01,74,62974,卖盘
761,14:18:18,8.52,0.01,33,28116,买盘
762,14:18:15,8.51,--,378,321678,卖盘
763,14:18:12,8.51,--,14,11914,卖盘
764,14:18:09,8.51,-0.01,12,10212,卖盘
765,14:18:06,8.52,0.01,11,9372,买盘
766,14:18:03,8.51,--,12,10212,卖盘
767,14:17:57,8.51,--,184,156584,卖盘
768,14:17:51,8.51,--,42,35742,卖盘
769,14:17:48,8.51,--,11,9361,买盘
770,14:17:45,8.51,--,49,41699,买盘
771,14:17:42,8.51,--,6,5106,买盘
772,14:17:39,8.51,--,151,128501,买盘
773,14:17:36,8.51,--,1281,1090131,买盘
774,14:17:33,8.51,--,321,273171,买盘
775,14:17:30,8.51,--,125,106375,买盘
776,14:17:27,8.51,--,141,119991,买盘
777,14:17:24,8.51,0.01,89,75739,买盘
778,14:17:21,8.5,-0.01,18,15300,卖盘
779,14:17:18,8.51,--,116,98716,买盘
780,14:17:15,8.51,--,43,36593,买盘
781,14:17:12,8.51,0.01,27,22977,买盘
782,14:17:09,8.5,--,106,90100,卖盘
783,14:17:06,8.5,--,62,52700,卖盘
784,14:17:03,8.5,--,43,36550,卖盘
785,14:17:00,8.5,-0.01,90,76500,卖盘
786,14:16:57,8.51,--,65,55315,买盘
787,14:16:54,8.51,--,16,13616,买盘
788,14:16:51,8.51,--,19,16169,买盘
789,14:16:48,8.51,--,33,28083,买盘
790,14:16:45,8.51,0.01,22,18722,买盘
791,14:16:42,8.5,--,10,8500,卖盘
792,14:16:39,8.5,-0.01,32,27200,卖盘
793,14:16:36,8.51,0.01,5,4255,买盘
794,14:16:33,8.5,--,15,12750,卖盘
795,14:16:30,8.5,-0.01,22,18700,卖盘
796,14:16:27,8.51,0.01,63,53613,买盘
797,14:16:24,8.5,--,6,5100,卖盘
798,14:16:21,8.5,--,41,34850,卖盘
799,14:16:18,8.5,--,120,102000,买盘
800,14:16:15,8.5,-0.01,148,125800,卖盘
801,14:16:12,8.51,0.01,1,851,买盘
802,14:16:09,8.5,--,52,44200,卖盘
803,14:16:06,8.5,-0.01,43,36550,卖盘
804,14:16:03,8.51,0.01,35,29785,买盘
805,14:16:00,8.5,--,64,54400,卖盘
806,14:15:57,8.5,0.01,21,17850,买盘
807,14:15:54,8.49,-0.01,208,176592,卖盘
808,14:15:51,8.5,--,204,173400,买盘
809,14:15:48,8.5,--,193,164050,买盘
810,14:15:45,8.5,0.01,165,140250,买盘
811,14:15:42,8.49,-0.01,244,207156,卖盘
812,14:15:39,8.5,0.01,500,425000,买盘
813,14:15:36,8.49,--,166,140934,卖盘
814,14:15:33,8.49,-0.01,40,33960,卖盘
815,14:15:30,8.5,0.01,230,195500,买盘
816,14:15:24,8.49,--,9,7641,卖盘
817,14:15:21,8.49,--,132,112068,卖盘
818,14:15:18,8.49,--,522,443178,卖盘
819,14:15:15,8.49,-0.01,20,16980,卖盘
820,14:15:12,8.5,--,244,207400,买盘
821,14:15:09,8.5,0.01,80,68000,买盘
822,14:15:06,8.49,-0.01,17,14433,卖盘
823,14:15:03,8.5,0.01,28,23800,买盘
824,14:15:00,8.49,-0.01,20,16980,卖盘
825,14:14:57,8.5,--,10,8500,买盘
826,14:14:54,8.5,0.01,1059,900150,买盘
827,14:14:51,8.49,-0.01,1,849,卖盘
828,14:14:48,8.5,--,139,118150,买盘
829,14:14:45,8.5,0.01,157,133450,买盘
830,14:14:42,8.49,0.01,41,34809,买盘
831,14:14:39,8.48,-0.01,130,110240,卖盘
832,14:14:36,8.49,--,7,5943,买盘
833,14:14:33,8.49,0.01,451,382899,买盘
834,14:14:30,8.48,--,490,415520,卖盘
835,14:14:27,8.48,-0.01,47,39856,卖盘
836,14:14:24,8.49,0.01,25,21225,买盘
837,14:14:21,8.48,-0.01,28,23744,卖盘
838,14:14:18,8.49,0.01,51,43299,买盘
839,14:14:15,8.48,-0.01,703,596144,卖盘
840,14:14:12,8.49,--,328,278472,卖盘
841,14:14:09,8.49,--,118,100182,卖盘
842,14:14:06,8.49,-0.01,1,849,卖盘
843,14:14:03,8.5,0.01,18,15300,买盘
844,14:14:00,8.49,--,59,50091,卖盘
845,14:13:57,8.49,0.01,2060,1748940,买盘
846,14:13:54,8.48,--,4,3392,卖盘
847,14:13:51,8.48,--,136,115328,卖盘
848,14:13:48,8.48,-0.01,537,455376,卖盘
849,14:13:45,8.49,--,78,66222,买盘
850,14:13:42,8.49,--,27,22923,买盘
851,14:13:39,8.49,0.01,64,54336,买盘
852,14:13:36,8.48,--,51,43248,卖盘
853,14:13:33,8.48,--,37,31376,卖盘
854,14:13:30,8.48,-0.01,732,620736,卖盘
855,14:13:27,8.49,0.01,16,13584,买盘
856,14:13:24,8.48,--,32,27136,卖盘
857,14:13:21,8.48,--,37,31376,卖盘
858,14:13:18,8.48,--,83,70384,卖盘
859,14:13:15,8.48,--,437,370576,买盘
860,14:13:12,8.48,--,100,84800,买盘
861,14:13:09,8.48,0.01,43,36464,买盘
862,14:13:06,8.47,-0.01,32,27104,卖盘
863,14:13:03,8.48,--,552,468096,买盘
864,14:13:00,8.48,--,1244,1054912,卖盘
865,14:12:57,8.48,-0.01,364,308672,卖盘
866,14:12:54,8.49,0.01,44,37356,买盘
867,14:12:51,8.48,-0.01,745,631760,卖盘
868,14:12:48,8.49,--,48,40752,买盘
869,14:12:45,8.49,--,47,39903,买盘
870,14:12:42,8.49,0.01,92,78108,买盘
871,14:12:39,8.48,-0.01,71,60208,卖盘
872,14:12:36,8.49,0.01,178,151122,买盘
873,14:12:33,8.48,--,267,226416,卖盘
874,14:12:30,8.48,-0.01,236,200128,卖盘
875,14:12:27,8.49,--,34,28866,买盘
876,14:12:24,8.49,0.01,50,42450,买盘
877,14:12:21,8.48,--,80,67840,卖盘
878,14:12:18,8.48,--,199,168752,卖盘
879,14:12:15,8.48,0.01,424,359552,买盘
880,14:12:12,8.47,-0.01,559,473473,卖盘
881,14:12:09,8.48,0.01,50,42400,买盘
882,14:12:06,8.47,-0.01,99,83853,卖盘
883,14:12:03,8.48,--,176,149248,买盘
884,14:12:00,8.48,--,144,122112,买盘
885,14:11:57,8.48,--,819,694512,卖盘
886,14:11:54,8.48,--,1024,868352,卖盘
887,14:11:51,8.48,-0.01,1,848,卖盘
888,14:11:48,8.49,0.01,70,59430,买盘
889,14:11:45,8.48,--,550,466400,卖盘
890,14:11:42,8.48,--,461,390928,卖盘
891,14:11:39,8.48,-0.01,2070,1755360,卖盘
892,14:11:36,8.49,0.01,44,37356,买盘
893,14:11:33,8.48,-0.01,421,357008,卖盘
894,14:11:30,8.49,--,28,23772,买盘
895,14:11:27,8.49,--,4,3396,买盘
896,14:11:24,8.49,0.01,409,347241,买盘
897,14:11:21,8.48,--,146,123808,卖盘
898,14:11:18,8.48,-0.01,956,810688,卖盘
899,14:11:15,8.49,0.01,285,241965,买盘
900,14:11:12,8.48,-0.01,18,15264,卖盘
901,14:11:09,8.49,--,2252,1911948,卖盘
902,14:11:06,8.49,--,728,618072,卖盘
903,14:11:03,8.49,--,70,59430,卖盘
904,14:11:00,8.49,--,7,5943,卖盘
905,14:10:57,8.49,--,19,16131,卖盘
906,14:10:54,8.49,-0.01,142,120558,卖盘
907,14:10:51,8.5,-0.01,119,101150,中性盘
908,14:10:48,8.51,0.01,49,42107,买盘
909,14:10:45,8.5,--,187,158950,卖盘
910,14:10:42,8.5,0.01,844,717842,买盘
911,14:10:39,8.49,--,18,15282,卖盘
912,14:10:36,8.49,-0.01,110,93390,卖盘
913,14:10:33,8.5,0.01,20,17000,买盘
914,14:10:30,8.49,--,64,54336,卖盘
915,14:10:27,8.49,-0.01,142,120558,卖盘
916,14:10:24,8.5,0.01,74,62900,买盘
917,14:10:21,8.49,--,4,3396,卖盘
918,14:10:18,8.49,--,21,17829,卖盘
919,14:10:15,8.49,--,1,849,卖盘
920,14:10:12,8.49,-0.01,17,14433,卖盘
921,14:10:09,8.5,--,34,28900,买盘
922,14:10:06,8.5,0.01,41,34850,买盘
923,14:10:03,8.49,-0.01,44,37356,卖盘
924,14:10:00,8.5,--,46,39100,买盘
925,14:09:57,8.5,--,56,47600,买盘
926,14:09:54,8.5,--,205,174658,卖盘
927,14:09:51,8.5,--,67,56950,卖盘
928,14:09:48,8.5,--,88,74800,卖盘
929,14:09:45,8.5,--,367,311950,卖盘
930,14:09:42,8.5,-0.01,60,51000,卖盘
931,14:09:33,8.51,0.01,84,71484,买盘
932,14:09:30,8.5,--,11,9350,卖盘
933,14:09:27,8.5,-0.01,46,39100,卖盘
934,14:09:24,8.51,0.01,223,189773,买盘
935,14:09:21,8.5,--,82,69700,卖盘
936,14:09:18,8.5,--,11,9350,卖盘
937,14:09:15,8.5,--,25,21250,卖盘
938,14:09:12,8.5,--,69,58650,卖盘
939,14:09:09,8.5,--,55,46750,卖盘
940,14:09:06,8.5,--,42,35700,卖盘
941,14:09:03,8.5,--,181,153850,卖盘
942,14:09:00,8.5,-0.01,37,31450,卖盘
943,14:08:57,8.51,0.01,81,68931,买盘
944,14:08:54,8.5,--,1,850,卖盘
945,14:08:51,8.5,--,99,84150,卖盘
946,14:08:48,8.5,-0.01,257,218450,卖盘
947,14:08:45,8.51,--,102,86802,买盘
948,14:08:39,8.51,0.01,69,58719,买盘
949,14:08:36,8.5,--,1015,862750,卖盘
950,14:08:33,8.5,--,42,35700,卖盘
951,14:08:30,8.5,--,67,56950,卖盘
952,14:08:27,8.5,--,45,38250,卖盘
953,14:08:24,8.5,-0.01,757,643450,卖盘
954,14:08:21,8.51,0.01,188,159988,买盘
955,14:08:18,8.5,-0.01,19,16150,卖盘
956,14:08:09,8.51,--,219,186369,买盘
957,14:08:06,8.51,--,22,18722,买盘
958,14:08:03,8.51,--,41,34891,买盘
959,14:08:00,8.51,0.01,20,17020,买盘
960,14:07:57,8.5,-0.01,1398,1188300,卖盘
961,14:07:54,8.51,0.01,24,20424,中性盘
962,14:07:51,8.5,-0.02,600,510000,卖盘
963,14:07:48,8.52,0.01,41,34932,买盘
964,14:07:45,8.51,--,5,4255,卖盘
965,14:07:42,8.51,0.01,91,78053,买盘
966,14:07:39,8.5,-0.01,22,18700,卖盘
967,14:07:36,8.51,--,497,423185,卖盘
968,14:07:33,8.51,--,13,11063,卖盘
969,14:07:30,8.51,--,32,27232,卖盘
970,14:07:27,8.51,--,300,255300,卖盘
971,14:07:24,8.51,-0.01,6,5106,卖盘
972,14:07:21,8.52,0.01,85,72420,买盘
973,14:07:18,8.51,--,50,42550,卖盘
974,14:07:15,8.51,--,14,11914,卖盘
975,14:07:12,8.51,--,129,109779,卖盘
976,14:07:09,8.51,--,36,30636,卖盘
977,14:07:06,8.51,--,103,87653,卖盘
978,14:07:03,8.51,--,59,50209,卖盘
979,14:07:00,8.51,-0.01,16,13616,卖盘
980,14:06:54,8.52,--,13,11076,买盘
981,14:06:51,8.52,0.01,103,87756,买盘
982,14:06:48,8.51,--,1,851,卖盘
983,14:06:45,8.51,--,12,10212,卖盘
984,14:06:42,8.51,--,8,6808,卖盘
985,14:06:39,8.51,--,32,27232,卖盘
986,14:06:36,8.51,--,29,24679,卖盘
987,14:06:33,8.51,--,16,13616,卖盘
988,14:06:30,8.51,--,6,5106,卖盘
989,14:06:27,8.51,--,142,120842,卖盘
990,14:06:24,8.51,--,240,204240,卖盘
991,14:06:21,8.51,--,24,20934,卖盘
992,14:06:18,8.51,--,85,72335,卖盘
993,14:06:15,8.51,--,67,57017,卖盘
994,14:06:12,8.51,--,362,308062,卖盘
995,14:06:09,8.51,--,12,10212,卖盘
996,14:06:06,8.51,-0.01,2,1702,卖盘
997,14:06:03,8.52,--,22,18744,买盘
998,14:06:00,8.52,0.01,51,43452,买盘
999,14:05:57,8.51,-0.01,10,8510,卖盘
1000,14:05:54,8.52,0.01,16,13632,买盘
1001,14:05:51,8.51,--,19,16169,卖盘
1002,14:05:48,8.51,--,30,25530,卖盘
1003,14:05:45,8.51,-0.01,139,118289,卖盘
1004,14:05:42,8.52,0.01,77,65706,买盘
1005,14:05:39,8.51,--,35,29785,卖盘
1006,14:05:36,8.51,-0.01,12,10212,卖盘
1007,14:05:33,8.52,--,22,18744,买盘
1008,14:05:30,8.52,--,42,35784,买盘
1009,14:05:27,8.52,0.01,3,2556,买盘
1010,14:05:24,8.51,--,66,56166,卖盘
1011,14:05:21,8.51,--,26,22126,卖盘
1012,14:05:18,8.51,--,23,19573,卖盘
1013,14:05:15,8.51,-0.01,506,430606,卖盘
1014,14:05:12,8.52,0.01,36,30672,买盘
1015,14:05:09,8.51,-0.01,218,185518,卖盘
1016,14:05:06,8.52,--,6,5112,买盘
1017,14:05:03,8.52,--,70,59640,买盘
1018,14:05:00,8.52,--,172,146544,买盘
1019,14:04:57,8.52,0.01,94,80088,买盘
1020,14:04:51,8.51,-0.01,83,70633,卖盘
1021,14:04:48,8.52,-0.01,129,109908,卖盘
1022,14:04:45,8.53,0.01,1,852,买盘
1023,14:04:39,8.52,--,88,74976,卖盘
1024,14:04:36,8.52,--,53,45156,卖盘
1025,14:04:33,8.52,0.01,48,40896,买盘
1026,14:04:30,8.51,--,39,33189,卖盘
1027,14:04:27,8.51,--,59,50209,卖盘
1028,14:04:21,8.51,-0.01,163,138713,卖盘
1029,14:04:18,8.52,-0.01,6,5112,卖盘
1030,14:04:15,8.53,--,94,80182,买盘
1031,14:04:12,8.53,0.02,37,31560,买盘
1032,14:04:09,8.51,-0.01,81,68931,卖盘
1033,14:04:06,8.52,-0.01,17,14484,中性盘
1034,14:04:03,8.53,0.01,28,23884,买盘
1035,14:04:00,8.52,0.01,5,4260,买盘
1036,14:03:57,8.51,--,3,2553,卖盘
1037,14:03:54,8.51,--,17,14467,卖盘
1038,14:03:51,8.51,-0.01,23,19573,卖盘
1039,14:03:48,8.52,--,74,63048,卖盘
1040,14:03:45,8.52,--,20,17040,卖盘
1041,14:03:39,8.52,-0.01,16,13632,卖盘
1042,14:03:36,8.53,0.02,31,26442,买盘
1043,14:03:33,8.51,--,26,22126,卖盘
1044,14:03:27,8.51,-0.01,70,59570,卖盘
1045,14:03:24,8.52,--,22,18744,买盘
1046,14:03:21,8.52,--,52,44304,卖盘
1047,14:03:18,8.52,--,21,17892,卖盘
1048,14:03:15,8.52,-0.01,57,48564,卖盘
1049,14:03:12,8.53,--,21,17913,买盘
1050,14:03:09,8.53,0.01,132,112595,买盘
1051,14:03:06,8.52,-0.01,10,8520,卖盘
1052,14:03:03,8.53,--,41,34973,买盘
1053,14:03:00,8.53,0.01,207,176571,买盘
1054,14:02:57,8.52,--,21,17892,卖盘
1055,14:02:54,8.52,--,128,109056,卖盘
1056,14:02:51,8.52,--,134,114168,卖盘
1057,14:02:48,8.52,-0.01,31,26412,卖盘
1058,14:02:45,8.53,--,17,14500,买盘
1059,14:02:42,8.53,0.01,175,149275,买盘
1060,14:02:39,8.52,--,2,1704,卖盘
1061,14:02:36,8.52,-0.01,1099,936348,卖盘
1062,14:02:33,8.53,0.01,348,296844,买盘
1063,14:02:30,8.52,--,220,187440,卖盘
1064,14:02:27,8.52,-0.01,31,26412,卖盘
1065,14:02:24,8.53,--,5,4265,买盘
1066,14:02:21,8.53,--,44,37532,买盘
1067,14:02:18,8.53,0.01,20,17060,买盘
1068,14:02:15,8.52,-0.01,601,512052,卖盘
1069,14:02:12,8.53,--,11,9383,买盘
1070,14:02:09,8.53,0.01,191,162923,买盘
1071,14:02:06,8.52,-0.01,115,97980,卖盘
1072,14:02:03,8.53,--,411,350583,买盘
1073,14:02:00,8.53,0.01,399,340347,买盘
1074,14:01:57,8.52,--,18,15336,卖盘
1075,14:01:54,8.52,-0.01,23,19596,卖盘
1076,14:01:51,8.53,--,179,152687,买盘
1077,14:01:48,8.53,--,95,81035,买盘
1078,14:01:45,8.53,0.01,20,17060,买盘
1079,14:01:42,8.52,--,94,80088,卖盘
1080,14:01:39,8.52,--,7,5964,卖盘
1081,14:01:36,8.52,-0.01,18,15336,卖盘
1082,14:01:33,8.53,--,23,19619,买盘
1083,14:01:30,8.53,0.01,48,40944,买盘
1084,14:01:27,8.52,-0.01,21,17892,卖盘
1085,14:01:24,8.53,--,56,47768,买盘
1086,14:01:21,8.53,0.01,40,34120,买盘
1087,14:01:18,8.52,--,70,59640,卖盘
1088,14:01:15,8.52,--,26,22833,卖盘
1089,14:01:09,8.52,-0.01,30,25560,卖盘
1090,14:01:06,8.53,0.01,53,45209,买盘
1091,14:01:03,8.52,--,112,95424,卖盘
1092,14:01:00,8.52,--,56,47712,卖盘
1093,14:00:57,8.52,-0.01,6,5112,卖盘
1094,14:00:54,8.53,--,17,14500,买盘
1095,14:00:51,8.53,--,16,13647,买盘
1096,14:00:48,8.53,--,46,39238,买盘
1097,14:00:45,8.53,0.01,1,852,买盘
1098,14:00:42,8.52,-0.01,13,11076,卖盘
1099,14:00:39,8.53,0.01,129,110036,买盘
1100,14:00:36,8.52,--,40,34080,卖盘
1101,14:00:33,8.52,--,1,852,卖盘
1102,14:00:30,8.52,--,15,12780,卖盘
1103,14:00:27,8.52,--,11,9372,卖盘
1104,14:00:24,8.52,--,92,78384,卖盘
1105,14:00:21,8.52,--,288,245376,买盘
1106,14:00:18,8.52,--,356,303312,买盘
1107,14:00:15,8.52,0.01,20,17040,买盘
1108,14:00:12,8.51,-0.01,387,329337,卖盘
1109,14:00:09,8.52,0.01,110,93720,买盘
1110,14:00:06,8.51,--,842,716542,卖盘
1111,14:00:03,8.51,-0.01,158,134458,卖盘
1112,14:00:00,8.52,0.01,20,17040,买盘
1113,13:59:57,8.51,-0.01,143,121693,卖盘
1114,13:59:54,8.52,--,238,202776,买盘
1115,13:59:51,8.52,--,80,68160,买盘
1116,13:59:48,8.52,0.01,16,13632,买盘
1117,13:59:45,8.51,--,11,9361,卖盘
1118,13:59:42,8.51,--,120,102120,卖盘
1119,13:59:39,8.51,--,33,28083,卖盘
1120,13:59:36,8.51,--,150,127650,卖盘
1121,13:59:33,8.51,--,60,51060,卖盘
1122,13:59:30,8.51,--,45,38295,卖盘
1123,13:59:27,8.51,--,3,2553,卖盘
1124,13:59:24,8.51,-0.01,167,142117,卖盘
1125,13:59:21,8.52,0.01,140,119280,买盘
1126,13:59:18,8.51,-0.01,1,851,卖盘
1127,13:59:12,8.52,--,151,128652,买盘
1128,13:59:09,8.52,--,44,37488,买盘
1129,13:59:06,8.52,0.01,19,16188,买盘
1130,13:59:03,8.51,-0.01,36,30636,卖盘
1131,13:59:00,8.52,--,71,60492,买盘
1132,13:58:57,8.52,--,214,182328,买盘
1133,13:58:54,8.52,0.01,1611,1372572,买盘
1134,13:58:51,8.51,-0.01,13,11063,卖盘
1135,13:58:48,8.52,--,12,10224,买盘
1136,13:58:45,8.52,0.01,93,79236,买盘
1137,13:58:42,8.51,-0.01,107,91057,卖盘
1138,13:58:39,8.52,0.01,27,23004,买盘
1139,13:58:36,8.51,--,365,310615,卖盘
1140,13:58:33,8.51,-0.01,83,70633,卖盘
1141,13:58:30,8.52,0.01,5,4260,买盘
1142,13:58:27,8.51,-0.01,63,53613,卖盘
1143,13:58:24,8.52,--,6,5112,买盘
1144,13:58:21,8.52,--,16,13632,买盘
1145,13:58:18,8.52,0.01,5,4260,买盘
1146,13:58:15,8.51,--,45,38295,卖盘
1147,13:58:12,8.51,-0.01,65,55315,卖盘
1148,13:58:06,8.52,--,42,35784,买盘
1149,13:58:03,8.52,0.01,46,39192,买盘
1150,13:58:00,8.51,-0.01,663,564213,卖盘
1151,13:57:57,8.52,0.01,5,4260,买盘
1152,13:57:54,8.51,-0.01,43,36593,卖盘
1153,13:57:51,8.52,0.01,7,5964,买盘
1154,13:57:48,8.51,-0.01,17,14467,卖盘
1155,13:57:45,8.52,--,21,17892,买盘
1156,13:57:42,8.52,--,16,13632,买盘
1157,13:57:39,8.52,--,91,77532,买盘
1158,13:57:36,8.52,--,9,7668,买盘
1159,13:57:33,8.52,--,42,35784,买盘
1160,13:57:30,8.52,0.01,10,8520,买盘
1161,13:57:27,8.51,--,25,21275,卖盘
1162,13:57:24,8.51,--,4,3404,卖盘
1163,13:57:21,8.51,--,206,175306,卖盘
1164,13:57:18,8.51,--,260,221260,卖盘
1165,13:57:15,8.51,--,10,8510,卖盘
1166,13:57:12,8.51,--,1,851,卖盘
1167,13:57:06,8.51,--,12,10212,卖盘
1168,13:57:03,8.51,--,131,111481,卖盘
1169,13:57:00,8.51,-0.01,41,34891,卖盘
1170,13:56:57,8.52,--,52,44304,买盘
1171,13:56:54,8.52,--,14,11928,买盘
1172,13:56:51,8.52,0.01,60,51120,买盘
1173,13:56:45,8.51,-0.01,112,95312,卖盘
1174,13:56:42,8.52,0.01,6,5112,买盘
1175,13:56:39,8.51,--,20,17020,卖盘
1176,13:56:36,8.51,-0.01,38,32338,卖盘
1177,13:56:33,8.52,--,58,49416,买盘
1178,13:56:30,8.52,--,42,35784,买盘
1179,13:56:27,8.52,--,113,96276,买盘
1180,13:56:24,8.52,0.01,16,13632,买盘
1181,13:56:21,8.51,--,34,28934,卖盘
1182,13:56:18,8.51,-0.01,10,8510,卖盘
1183,13:56:15,8.52,0.01,62,52824,买盘
1184,13:56:12,8.51,-0.01,125,106375,卖盘
1185,13:56:09,8.52,0.01,34,28968,买盘
1186,13:56:06,8.51,--,36,30636,卖盘
1187,13:56:03,8.51,--,156,132756,卖盘
1188,13:56:00,8.51,--,71,60421,卖盘
1189,13:55:57,8.51,-0.01,38,32338,卖盘
1190,13:55:54,8.52,0.01,35,29820,买盘
1191,13:55:51,8.51,-0.01,98,83398,卖盘
1192,13:55:48,8.52,0.01,7,5964,买盘
1193,13:55:45,8.51,-0.01,66,56166,卖盘
1194,13:55:39,8.52,0.01,36,30672,买盘
1195,13:55:36,8.51,-0.01,129,109779,卖盘
1196,13:55:33,8.52,--,16,13632,买盘
1197,13:55:30,8.52,--,209,178068,买盘
1198,13:55:27,8.52,--,5,4260,买盘
1199,13:55:24,8.52,--,10,8520,买盘
1200,13:55:21,8.52,--,16,13632,买盘
1201,13:55:12,8.52,--,16,13632,买盘
1202,13:55:09,8.52,--,1793,1528147,卖盘
1203,13:55:06,8.52,--,19,16188,卖盘
1204,13:55:03,8.52,--,58,49416,卖盘
1205,13:55:00,8.52,-0.01,354,301608,卖盘
1206,13:54:57,8.53,--,6,5118,买盘
1207,13:54:54,8.53,--,66,56297,买盘
1208,13:54:51,8.53,--,107,91271,买盘
1209,13:54:48,8.53,0.01,4,3411,买盘
1210,13:54:45,8.52,-0.01,39,33228,卖盘
1211,13:54:42,8.53,0.01,1,852,买盘
1212,13:54:39,8.52,-0.01,46,39192,卖盘
1213,13:54:36,8.53,0.01,19,16206,买盘
1214,13:54:33,8.52,--,34,28968,卖盘
1215,13:54:24,8.52,-0.01,7,5964,卖盘
1216,13:54:21,8.53,--,58,49473,买盘
1217,13:54:18,8.53,0.01,1,852,买盘
1218,13:54:15,8.52,-0.01,40,34420,卖盘
1219,13:54:12,8.53,0.01,30,25589,买盘
1220,13:54:09,8.52,-0.01,11,9372,卖盘
1221,13:54:06,8.53,--,48,40944,买盘
1222,13:54:03,8.53,--,62,52885,买盘
1223,13:54:00,8.53,0.01,6,5118,买盘
1224,13:53:57,8.52,--,38,32376,卖盘
1225,13:53:54,8.52,-0.01,50,42600,卖盘
1226,13:53:51,8.53,0.01,17,14500,买盘
1227,13:53:48,8.52,-0.01,16,13632,卖盘
1228,13:53:45,8.53,0.01,23,19619,买盘
1229,13:53:42,8.52,--,27,23004,卖盘
1230,13:53:39,8.52,--,311,264972,卖盘
1231,13:53:36,8.52,--,9,7668,卖盘
1232,13:53:33,8.52,--,44,37488,卖盘
1233,13:53:30,8.52,--,1,852,卖盘
1234,13:53:27,8.52,--,39,33228,卖盘
1235,13:53:24,8.52,--,331,282012,买盘
1236,13:53:18,8.52,0.01,1,852,买盘
1237,13:53:15,8.51,-0.01,2,1702,卖盘
1238,13:53:12,8.52,--,118,100536,买盘
1239,13:53:09,8.52,--,14,11928,买盘
1240,13:53:06,8.52,--,13,11076,买盘
1241,13:53:03,8.52,0.01,323,275196,买盘
1242,13:53:00,8.51,--,11,9361,卖盘
1243,13:52:57,8.51,--,100,85100,卖盘
1244,13:52:54,8.51,--,29,24679,卖盘
1245,13:52:51,8.51,-0.01,92,78292,卖盘
1246,13:52:48,8.52,0.01,40,34080,买盘
1247,13:52:45,8.51,-0.01,714,607614,卖盘
1248,13:52:42,8.52,0.01,5,4260,买盘
1249,13:52:39,8.51,-0.01,88,74888,卖盘
1250,13:52:36,8.52,0.01,158,134616,买盘
1251,13:52:33,8.51,-0.01,25,21275,卖盘
1252,13:52:27,8.52,0.01,1,852,买盘
1253,13:52:24,8.51,--,92,78292,卖盘
1254,13:52:21,8.51,-0.01,10,8510,卖盘
1255,13:52:18,8.52,0.01,97,82644,买盘
1256,13:52:15,8.51,-0.01,32,27232,卖盘
1257,13:52:12,8.52,0.01,16,13632,买盘
1258,13:52:09,8.51,--,111,94461,卖盘
1259,13:52:06,8.51,--,44,37444,卖盘
1260,13:52:03,8.51,--,237,201687,卖盘
1261,13:52:00,8.51,--,41,34891,卖盘
1262,13:51:57,8.51,-0.01,93,79143,卖盘
1263,13:51:54,8.52,0.01,22,18744,买盘
1264,13:51:45,8.51,--,9,7659,卖盘
1265,13:51:42,8.51,-0.01,208,177008,卖盘
1266,13:51:39,8.52,--,1,852,买盘
1267,13:51:36,8.52,--,1,852,买盘
1268,13:51:33,8.52,--,32,27264,买盘
1269,13:51:30,8.52,--,9,7668,买盘
1270,13:51:27,8.52,--,56,47712,买盘
1271,13:51:24,8.52,--,7,5964,买盘
1272,13:51:21,8.52,--,36,30672,买盘
1273,13:51:18,8.52,0.01,62,52824,买盘
1274,13:51:15,8.51,--,30,25530,卖盘
1275,13:51:12,8.51,--,20,17020,卖盘
1276,13:51:09,8.51,-0.01,6,5106,卖盘
1277,13:51:06,8.52,0.01,255,217260,买盘
1278,13:51:03,8.51,--,139,118289,卖盘
1279,13:51:00,8.51,-0.01,40,34040,卖盘
1280,13:50:57,8.52,0.01,39,33228,买盘
1281,13:50:54,8.51,-0.01,1,851,卖盘
1282,13:50:51,8.52,--,26,22152,买盘
1283,13:50:48,8.52,0.01,229,195108,买盘
1284,13:50:45,8.51,0.01,729,620379,买盘
1285,13:50:42,8.5,-0.01,9,7650,卖盘
1286,13:50:39,8.51,--,50,42550,买盘
1287,13:50:36,8.51,0.01,386,328486,买盘
1288,13:50:33,8.5,--,10,8500,卖盘
1289,13:50:30,8.5,--,18,15300,卖盘
1290,13:50:27,8.5,--,21,17850,卖盘
1291,13:50:24,8.5,-0.01,61,51850,卖盘
1292,13:50:21,8.51,0.01,472,401672,买盘
1293,13:50:18,8.5,--,52,44200,卖盘
1294,13:50:15,8.5,--,43,36550,卖盘
1295,13:50:12,8.5,--,485,412250,卖盘
1296,13:50:09,8.5,--,7,5950,卖盘
1297,13:50:06,8.5,--,352,299200,卖盘
1298,13:50:03,8.5,-0.01,52,44200,卖盘
1299,13:50:00,8.51,0.01,72,61272,买盘
1300,13:49:57,8.5,-0.01,92,78200,卖盘
1301,13:49:54,8.51,0.01,42,35742,买盘
1302,13:49:51,8.5,-0.01,81,68850,卖盘
1303,13:49:48,8.51,0.01,190,161690,买盘
1304,13:49:45,8.5,-0.01,60,51000,卖盘
1305,13:49:42,8.51,0.01,359,305509,买盘
1306,13:49:39,8.5,--,6,5100,卖盘
1307,13:49:36,8.5,--,70,59500,卖盘
1308,13:49:33,8.5,--,59,50150,卖盘
1309,13:49:30,8.5,-0.01,9,7650,卖盘
1310,13:49:27,8.51,0.01,91,77441,买盘
1311,13:49:24,8.5,--,86,73100,卖盘
1312,13:49:21,8.5,--,355,301750,卖盘
1313,13:49:18,8.5,--,120,102000,卖盘
1314,13:49:15,8.5,--,1,850,卖盘
1315,13:49:12,8.5,--,20,17000,卖盘
1316,13:49:09,8.5,--,1,850,卖盘
1317,13:49:06,8.5,-0.01,921,782850,卖盘
1318,13:49:03,8.51,--,15,12765,买盘
1319,13:49:00,8.51,0.01,1,851,买盘
1320,13:48:57,8.5,-0.01,4,3400,卖盘
1321,13:48:54,8.51,--,55,46805,买盘
1322,13:48:51,8.51,-0.01,289,245939,卖盘
1323,13:48:48,8.52,0.01,535,455820,买盘
1324,13:48:45,8.51,-0.01,61,51911,卖盘
1325,13:48:42,8.52,0.01,27,23004,买盘
1326,13:48:39,8.51,-0.01,37,31487,卖盘
1327,13:48:36,8.52,0.01,76,64752,买盘
1328,13:48:33,8.51,--,31,26381,卖盘
1329,13:48:30,8.51,--,23,19573,卖盘
1330,13:48:27,8.51,--,121,102971,卖盘
1331,13:48:24,8.51,-0.01,35,29785,卖盘
1332,13:48:21,8.52,0.01,214,182328,买盘
1333,13:48:18,8.51,--,114,97014,卖盘
1334,13:48:12,8.51,0.01,147,125097,买盘
1335,13:48:09,8.5,-0.01,12,10200,卖盘
1336,13:48:06,8.51,0.01,52,44252,买盘
1337,13:48:03,8.5,-0.01,13,11050,卖盘
1338,13:48:00,8.51,--,38,32338,买盘
1339,13:47:57,8.51,--,139,118289,卖盘
1340,13:47:54,8.51,--,37,31487,卖盘
1341,13:47:51,8.51,--,812,691012,卖盘
1342,13:47:48,8.51,--,17,14467,卖盘
1343,13:47:45,8.51,-0.01,333,283383,卖盘
1344,13:47:42,8.52,0.01,97,82644,买盘
1345,13:47:39,8.51,-0.01,24,20424,卖盘
1346,13:47:36,8.52,0.01,66,56232,买盘
1347,13:47:33,8.51,--,8,6808,卖盘
1348,13:47:30,8.51,--,14,11914,卖盘
1349,13:47:27,8.51,--,26,22126,卖盘
1350,13:47:24,8.51,--,84,71484,卖盘
1351,13:47:21,8.51,--,36,30636,卖盘
1352,13:47:18,8.51,--,12,10212,卖盘
1353,13:47:15,8.51,--,10,8510,卖盘
1354,13:47:12,8.51,-0.01,53,45103,卖盘
1355,13:47:09,8.52,0.01,32,27264,买盘
1356,13:47:06,8.51,--,41,34891,卖盘
1357,13:47:03,8.51,-0.01,32,27232,卖盘
1358,13:47:00,8.52,0.01,175,149100,买盘
1359,13:46:57,8.51,--,514,437414,卖盘
1360,13:46:54,8.51,-0.01,83,70633,卖盘
1361,13:46:51,8.52,0.01,1123,956796,买盘
1362,13:46:48,8.51,-0.01,16,13616,卖盘
1363,13:46:45,8.52,--,126,107352,买盘
1364,13:46:42,8.52,0.01,3,2556,买盘
1365,13:46:39,8.51,-0.01,4,3404,卖盘
1366,13:46:36,8.52,0.01,225,191700,买盘
1367,13:46:33,8.51,-0.01,41,34891,卖盘
1368,13:46:30,8.52,--,73,62196,买盘
1369,13:46:27,8.52,--,37,31524,买盘
1370,13:46:24,8.52,--,156,132912,买盘
1371,13:46:21,8.52,0.01,102,86904,买盘
1372,13:46:18,8.51,-0.01,73,62123,卖盘
1373,13:46:15,8.52,0.01,25,21300,买盘
1374,13:46:12,8.51,--,183,155733,卖盘
1375,13:46:09,8.51,--,219,186369,卖盘
1376,13:46:06,8.51,--,70,59570,卖盘
1377,13:46:03,8.51,--,70,59570,卖盘
1378,13:46:00,8.51,--,48,40848,卖盘
1379,13:45:57,8.51,-0.01,39,33189,卖盘
1380,13:45:54,8.52,--,35,29820,买盘
1381,13:45:51,8.52,0.01,11,9372,买盘
1382,13:45:48,8.51,--,16,13616,卖盘
1383,13:45:45,8.51,-0.01,35,29785,卖盘
1384,13:45:42,8.52,0.01,15,12780,买盘
1385,13:45:39,8.51,--,87,74037,卖盘
1386,13:45:36,8.51,--,39,33189,卖盘
1387,13:45:33,8.51,--,1,851,卖盘
1388,13:45:30,8.51,-0.01,24,20424,卖盘
1389,13:45:27,8.52,0.01,14,11928,买盘
1390,13:45:24,8.51,-0.01,26,22126,卖盘
1391,13:45:21,8.52,0.01,134,114168,买盘
1392,13:45:18,8.51,-0.01,58,49358,卖盘
1393,13:45:15,8.52,--,24,20448,买盘
1394,13:45:12,8.52,0.01,60,51120,买盘
1395,13:45:09,8.51,-0.01,813,691863,卖盘
1396,13:45:06,8.52,--,32,27264,卖盘
1397,13:45:03,8.52,--,203,172956,卖盘
1398,13:45:00,8.52,--,37,31524,卖盘
1399,13:44:57,8.52,--,64,54528,卖盘
1400,13:44:54,8.52,-0.01,14,11928,卖盘
1401,13:44:51,8.53,--,54,46062,买盘
1402,13:44:48,8.53,--,1,852,买盘
1403,13:44:45,8.53,--,4,3411,买盘
1404,13:44:42,8.53,0.01,192,163776,买盘
1405,13:44:39,8.52,--,62,52824,卖盘
1406,13:44:36,8.52,--,16,13632,卖盘
1407,13:44:33,8.52,--,9,7668,卖盘
1408,13:44:30,8.52,-0.01,14,11928,卖盘
1409,13:44:27,8.53,--,69,58856,买盘
1410,13:44:24,8.53,0.01,49,41797,买盘
1411,13:44:21,8.52,--,94,80088,买盘
1412,13:44:18,8.52,--,2,1704,买盘
1413,13:44:15,8.52,0.01,27,23004,买盘
1414,13:44:12,8.51,-0.01,222,188922,卖盘
1415,13:44:09,8.52,-0.01,52,44304,卖盘
1416,13:44:06,8.53,--,9,7676,买盘
1417,13:44:03,8.53,0.01,60,51179,买盘
1418,13:44:00,8.52,-0.01,9,7668,卖盘
1419,13:43:57,8.53,0.01,10,8530,买盘
1420,13:43:54,8.52,-0.01,35,29820,卖盘
1421,13:43:51,8.53,--,24,20472,买盘
1422,13:43:48,8.53,0.01,68,58003,买盘
1423,13:43:45,8.52,-0.01,35,29820,卖盘
1424,13:43:42,8.53,--,27,23031,买盘
1425,13:43:39,8.53,--,130,110889,买盘
1426,13:43:36,8.53,--,617,526301,买盘
1427,13:43:33,8.53,0.01,78,66534,买盘
1428,13:43:30,8.52,--,120,102240,卖盘
1429,13:43:27,8.52,-0.01,124,105648,卖盘
1430,13:43:24,8.53,--,310,264430,买盘
1431,13:43:21,8.53,--,179,152687,买盘
1432,13:43:18,8.53,--,1,852,买盘
1433,13:43:15,8.53,--,587,500710,买盘
1434,13:43:12,8.53,0.01,309,263577,买盘
1435,13:43:09,8.52,--,15,12780,卖盘
1436,13:43:06,8.52,--,190,161880,卖盘
1437,13:43:03,8.52,--,13,11076,卖盘
1438,13:43:00,8.52,--,110,93720,卖盘
1439,13:42:57,8.52,-0.01,49,41748,卖盘
1440,13:42:54,8.53,--,22,18766,买盘
1441,13:42:51,8.53,--,10,8530,买盘
1442,13:42:45,8.53,0.01,1,852,买盘
1443,13:42:42,8.52,-0.01,68,57936,卖盘
1444,13:42:39,8.53,--,14,11942,买盘
1445,13:42:36,8.53,--,15,12794,买盘
1446,13:42:30,8.53,0.01,8,6823,买盘
1447,13:42:27,8.52,--,4,3408,卖盘
1448,13:42:24,8.52,-0.01,22,18744,卖盘
1449,13:42:21,8.53,--,239,203866,买盘
1450,13:42:18,8.53,--,19,16206,买盘
1451,13:42:15,8.53,--,21,17913,买盘
1452,13:42:12,8.53,--,68,58003,买盘
1453,13:42:09,8.53,0.01,62,52885,买盘
1454,13:42:06,8.52,-0.01,18,15336,卖盘
1455,13:42:03,8.53,--,9,7676,买盘
1456,13:42:00,8.53,0.01,110,93830,买盘
1457,13:41:57,8.52,-0.01,1,852,卖盘
1458,13:41:54,8.53,0.01,2,1705,买盘
1459,13:41:51,8.52,--,5,4260,卖盘
1460,13:41:48,8.52,-0.01,12,10224,卖盘
1461,13:41:45,8.53,0.01,94,80182,买盘
1462,13:41:42,8.52,--,5,4260,卖盘
1463,13:41:39,8.52,-0.01,96,81792,卖盘
1464,13:41:36,8.53,--,40,34120,买盘
1465,13:41:33,8.53,--,1,852,买盘
1466,13:41:30,8.53,0.01,243,207278,买盘
1467,13:41:27,8.52,-0.01,13,11076,卖盘
1468,13:41:24,8.53,--,20,17060,买盘
1469,13:41:21,8.53,--,17,14500,买盘
1470,13:41:18,8.53,0.01,8,6823,买盘
1471,13:41:15,8.52,--,78,66456,卖盘
1472,13:41:12,8.52,--,17,14484,卖盘
1473,13:41:09,8.52,-0.01,52,44304,卖盘
1474,13:41:06,8.53,--,28,23884,买盘
1475,13:41:03,8.53,--,3,2559,买盘
1476,13:41:00,8.53,--,258,220073,买盘
1477,13:40:57,8.53,0.01,8,6823,买盘
1478,13:40:54,8.52,--,539,459909,买盘
1479,13:40:51,8.52,--,8,6816,买盘
1480,13:40:48,8.52,0.01,9,7668,买盘
1481,13:40:45,8.51,--,35,29785,卖盘
1482,13:40:42,8.51,-0.01,10,8510,卖盘
1483,13:40:39,8.52,0.01,104,88608,买盘
1484,13:40:36,8.51,--,104,88504,买盘
1485,13:40:33,8.51,--,58,49358,买盘
1486,13:40:30,8.51,--,149,126799,买盘
1487,13:40:27,8.51,--,158,134458,买盘
1488,13:40:24,8.51,--,68,57868,买盘
1489,13:40:21,8.51,--,129,109779,买盘
1490,13:40:18,8.51,--,232,197432,买盘
1491,13:40:15,8.51,--,78,66378,买盘
1492,13:40:12,8.51,0.01,68,57868,买盘
1493,13:40:09,8.5,--,1,850,卖盘
1494,13:40:06,8.5,--,16,13600,卖盘
1495,13:40:03,8.5,--,25,21250,卖盘
1496,13:40:00,8.5,-0.01,41,34850,卖盘
1497,13:39:57,8.51,--,5,4255,买盘
1498,13:39:54,8.51,0.01,98,83398,买盘
1499,13:39:51,8.5,--,21,17850,卖盘
1500,13:39:45,8.5,-0.01,26,22100,卖盘
1501,13:39:42,8.51,--,181,154031,买盘
1502,13:39:39,8.51,0.01,1,851,买盘
1503,13:39:36,8.5,--,31,26350,卖盘
1504,13:39:33,8.5,--,338,287300,卖盘
1505,13:39:30,8.5,--,95,80750,卖盘
1506,13:39:24,8.5,-0.01,56,47600,卖盘
1507,13:39:21,8.51,0.01,82,69782,买盘
1508,13:39:18,8.5,--,1,850,卖盘
1509,13:39:15,8.5,--,51,43350,卖盘
1510,13:39:12,8.5,--,29,24650,卖盘
1511,13:39:06,8.5,--,42,35700,卖盘
1512,13:39:03,8.5,--,56,47600,卖盘
1513,13:39:00,8.5,--,13,11050,卖盘
1514,13:38:57,8.5,--,42,35700,卖盘
1515,13:38:54,8.5,--,7,5950,卖盘
1516,13:38:51,8.5,--,342,290700,卖盘
1517,13:38:48,8.5,--,12,10200,卖盘
1518,13:38:45,8.5,-0.01,92,78200,卖盘
1519,13:38:42,8.51,--,128,108928,买盘
1520,13:38:39,8.51,--,6,5106,买盘
1521,13:38:36,8.51,0.01,30,25530,买盘
1522,13:38:33,8.5,--,1,850,卖盘
1523,13:38:30,8.5,-0.01,46,39440,卖盘
1524,13:38:27,8.51,0.01,103,87653,买盘
1525,13:38:24,8.5,--,43,36550,卖盘
1526,13:38:21,8.5,--,10,8500,卖盘
1527,13:38:18,8.5,-0.01,2,1700,卖盘
1528,13:38:15,8.51,0.01,50,42550,买盘
1529,13:38:12,8.5,-0.01,68,57800,卖盘
1530,13:38:09,8.51,--,24,20424,买盘
1531,13:38:06,8.51,--,44,37444,买盘
1532,13:38:03,8.51,0.01,20,17020,买盘
1533,13:38:00,8.5,-0.01,2,1700,卖盘
1534,13:37:54,8.51,--,117,99567,卖盘
1535,13:37:51,8.51,-0.01,67,57017,卖盘
1536,13:37:48,8.52,--,8,6816,买盘
1537,13:37:45,8.52,--,35,29820,买盘
1538,13:37:42,8.52,0.01,5,4260,买盘
1539,13:37:39,8.51,-0.01,300,255300,卖盘
1540,13:37:36,8.52,0.01,30,25560,买盘
1541,13:37:33,8.51,-0.01,19,16169,卖盘
1542,13:37:30,8.52,0.01,33,28116,买盘
1543,13:37:27,8.51,-0.01,56,47656,卖盘
1544,13:37:24,8.52,0.01,1,852,买盘
1545,13:37:21,8.51,--,60,51060,卖盘
1546,13:37:18,8.51,--,104,88504,买盘
1547,13:37:15,8.51,0.01,17,14467,买盘
1548,13:37:12,8.5,-0.01,9,7650,卖盘
1549,13:37:09,8.51,--,52,44252,买盘
1550,13:37:06,8.51,-0.01,2034,1730934,卖盘
1551,13:37:03,8.52,0.01,3,2556,买盘
1552,13:37:00,8.51,--,193,164243,卖盘
1553,13:36:57,8.51,--,52,44252,卖盘
1554,13:36:54,8.51,-0.01,154,131054,卖盘
1555,13:36:51,8.52,0.01,57,48564,买盘
1556,13:36:48,8.51,-0.01,46,39146,卖盘
1557,13:36:45,8.52,0.01,31,26412,买盘
1558,13:36:42,8.51,--,81,68931,买盘
1559,13:36:39,8.51,--,17,14467,卖盘
1560,13:36:36,8.51,--,103,87653,卖盘
1561,13:36:33,8.51,--,133,113523,卖盘
1562,13:36:30,8.51,--,4,3404,卖盘
1563,13:36:27,8.51,0.01,335,285085,买盘
1564,13:36:24,8.5,--,108,91800,卖盘
1565,13:36:21,8.5,--,28,23800,卖盘
1566,13:36:18,8.5,-0.01,38,32300,卖盘
1567,13:36:15,8.51,--,476,405076,卖盘
1568,13:36:12,8.51,--,17,14467,卖盘
1569,13:36:09,8.51,--,49,41699,卖盘
1570,13:36:03,8.51,--,10,8510,买盘
1571,13:36:00,8.51,-0.01,4,3404,卖盘
1572,13:35:57,8.52,0.02,31,26412,买盘
1573,13:35:54,8.5,-0.01,380,323000,卖盘
1574,13:35:51,8.51,--,12,10212,卖盘
1575,13:35:48,8.51,--,115,97865,卖盘
1576,13:35:45,8.51,--,251,213601,卖盘
1577,13:35:42,8.51,--,138,117438,卖盘
1578,13:35:39,8.51,--,14,11914,卖盘
1579,13:35:36,8.51,--,373,317423,买盘
1580,13:35:30,8.51,--,5,4255,买盘
1581,13:35:27,8.51,--,169,143819,买盘
1582,13:35:24,8.51,--,75,63825,买盘
1583,13:35:18,8.51,0.01,3,2553,买盘
1584,13:35:12,8.5,-0.01,1619,1376150,卖盘
1585,13:35:09,8.51,--,28,23828,卖盘
1586,13:35:06,8.51,-0.01,32,27232,卖盘
1587,13:35:03,8.52,0.01,11,9372,买盘
1588,13:35:00,8.51,--,383,325933,卖盘
1589,13:34:57,8.51,--,101,85951,卖盘
1590,13:34:54,8.51,--,23,19573,卖盘
1591,13:34:51,8.51,--,184,156584,卖盘
1592,13:34:48,8.51,--,48,40848,卖盘
1593,13:34:45,8.51,--,8,6808,卖盘
1594,13:34:42,8.51,--,88,74888,卖盘
1595,13:34:39,8.51,--,18,15318,卖盘
1596,13:34:36,8.51,--,2,1702,卖盘
1597,13:34:33,8.51,--,85,72335,卖盘
1598,13:34:30,8.51,-0.01,104,88504,卖盘
1599,13:34:27,8.52,0.01,10,8520,买盘
1600,13:34:24,8.51,--,92,78292,卖盘
1601,13:34:21,8.51,--,57,48507,卖盘
1602,13:34:18,8.51,--,129,109779,卖盘
1603,13:34:15,8.51,-0.01,4,3404,卖盘
1604,13:34:12,8.52,0.01,183,155916,买盘
1605,13:34:09,8.51,--,4,3404,卖盘
1606,13:34:06,8.51,--,17,14467,卖盘
1607,13:34:03,8.51,--,19,16169,卖盘
1608,13:34:00,8.51,--,26,22126,卖盘
1609,13:33:57,8.51,--,174,148074,卖盘
1610,13:33:54,8.51,--,1,851,卖盘
1611,13:33:51,8.51,-0.01,128,108928,卖盘
1612,13:33:48,8.52,--,51,43452,买盘
1613,13:33:45,8.52,--,106,90312,买盘
1614,13:33:39,8.52,0.01,5,4260,买盘
1615,13:33:36,8.51,-0.01,111,94461,卖盘
1616,13:33:33,8.52,0.01,64,54528,买盘
1617,13:33:30,8.51,--,1,851,卖盘
1618,13:33:27,8.51,--,56,47656,卖盘
1619,13:33:21,8.51,--,62,52762,卖盘
1620,13:33:18,8.51,--,28,23828,卖盘
1621,13:33:15,8.51,-0.01,20,17020,卖盘
1622,13:33:12,8.52,0.01,88,74976,买盘
1623,13:33:09,8.51,--,26,22126,卖盘
1624,13:33:06,8.51,-0.01,248,211048,卖盘
1625,13:33:03,8.52,0.01,13,11076,买盘
1626,13:33:00,8.51,-0.01,21,17871,卖盘
1627,13:32:57,8.52,0.01,102,86904,买盘
1628,13:32:54,8.51,-0.01,63,53613,卖盘
1629,13:32:51,8.52,0.01,75,63900,买盘
1630,13:32:48,8.51,--,37,31487,卖盘
1631,13:32:45,8.51,--,308,262108,卖盘
1632,13:32:39,8.51,--,31,26381,卖盘
1633,13:32:36,8.51,-0.01,1,851,卖盘
1634,13:32:30,8.52,--,1822,1552514,卖盘
1635,13:32:27,8.52,--,17,14484,卖盘
1636,13:32:24,8.52,--,12,10224,卖盘
1637,13:32:21,8.52,--,105,89460,卖盘
1638,13:32:18,8.52,--,21,17892,卖盘
1639,13:32:15,8.52,--,27,23004,卖盘
1640,13:32:12,8.52,-0.01,24,20448,卖盘
1641,13:32:09,8.53,0.01,4,3411,买盘
1642,13:32:06,8.52,-0.01,10,8520,卖盘
1643,13:32:03,8.53,0.01,11,9383,买盘
1644,13:32:00,8.52,-0.01,1,852,卖盘
1645,13:31:57,8.53,--,85,72505,买盘
1646,13:31:54,8.53,--,2,1705,买盘
1647,13:31:51,8.53,-0.01,325,278026,卖盘
1648,13:31:48,8.54,0.01,1,853,买盘
1649,13:31:45,8.53,--,63,53738,卖盘
1650,13:31:42,8.53,--,85,72505,卖盘
1651,13:31:39,8.53,-0.01,19,16206,卖盘
1652,13:31:36,8.54,0.01,9,7685,买盘
1653,13:31:33,8.53,0.01,667,569684,买盘
1654,13:31:30,8.52,--,47,40044,卖盘
1655,13:31:27,8.52,--,25,21300,卖盘
1656,13:31:24,8.52,--,63,53676,卖盘
1657,13:31:21,8.52,--,19,16188,卖盘
1658,13:31:15,8.52,--,53,45156,卖盘
1659,13:31:09,8.52,--,44,37488,卖盘
1660,13:31:06,8.52,-0.01,8,6816,卖盘
1661,13:31:03,8.53,--,37,31560,买盘
1662,13:31:00,8.53,--,1,852,买盘
1663,13:30:57,8.53,0.01,10,8530,买盘
1664,13:30:54,8.52,--,2,1704,卖盘
1665,13:30:51,8.52,--,33,28116,卖盘
1666,13:30:48,8.52,--,20,17040,卖盘
1667,13:30:45,8.52,-0.01,26,22152,卖盘
1668,13:30:42,8.53,0.01,6,5118,买盘
1669,13:30:36,8.52,-0.01,9,7668,卖盘
1670,13:30:33,8.53,0.01,7,5971,买盘
1671,13:30:27,8.52,-0.01,119,101388,卖盘
1672,13:30:24,8.53,0.01,49,41797,买盘
1673,13:30:21,8.52,--,6,5112,卖盘
1674,13:30:18,8.52,--,61,51972,卖盘
1675,13:30:15,8.52,--,9,7668,卖盘
1676,13:30:12,8.52,--,23,19596,卖盘
1677,13:30:09,8.52,-0.01,6,5112,卖盘
1678,13:30:06,8.53,--,50,42650,买盘
1679,13:30:03,8.53,--,567,484452,卖盘
1680,13:30:00,8.53,--,613,522940,买盘
1681,13:29:57,8.53,--,1,852,买盘
1682,13:29:54,8.53,--,312,266136,买盘
1683,13:29:48,8.53,0.01,2,1705,买盘
1684,13:29:45,8.52,-0.01,34,28968,卖盘
1685,13:29:42,8.53,--,3,2559,买盘
1686,13:29:39,8.53,-0.01,706,602218,卖盘
1687,13:29:36,8.54,0.01,104,88815,买盘
1688,13:29:33,8.53,--,1,852,卖盘
1689,13:29:30,8.53,--,101,86153,卖盘
1690,13:29:24,8.53,-0.01,5,4265,卖盘
1691,13:29:21,8.54,--,309,263886,买盘
1692,13:29:18,8.54,0.01,10,8540,买盘
1693,13:29:15,8.53,-0.01,68,58003,卖盘
1694,13:29:12,8.54,--,1007,859977,买盘
1695,13:29:09,8.54,0.01,15,12809,买盘
1696,13:29:06,8.53,--,53,45209,卖盘
1697,13:29:03,8.53,-0.01,2,1705,卖盘
1698,13:29:00,8.54,--,18,15371,买盘
1699,13:28:57,8.54,--,7,5977,买盘
1700,13:28:54,8.54,--,20,17080,买盘
1701,13:28:51,8.54,--,57,48677,买盘
1702,13:28:48,8.54,--,48,40991,买盘
1703,13:28:42,8.54,--,2,1707,买盘
1704,13:28:39,8.54,0.01,16,13663,买盘
1705,13:28:36,8.53,--,337,287461,卖盘
1706,13:28:33,8.53,-0.01,14,11942,卖盘
1707,13:28:30,8.54,0.01,21,17934,买盘
1708,13:28:27,8.53,--,38,32413,卖盘
1709,13:28:24,8.53,--,21,17913,卖盘
1710,13:28:21,8.53,-0.01,60,51179,卖盘
1711,13:28:18,8.54,--,3,2561,买盘
1712,13:28:15,8.54,--,38,32451,买盘
1713,13:28:12,8.54,--,112,95647,买盘
1714,13:28:09,8.54,0.01,26,22203,买盘
1715,13:28:06,8.53,--,10,8530,卖盘
1716,13:28:03,8.53,-0.01,5,4265,卖盘
1717,13:28:00,8.54,--,53,45261,买盘
1718,13:27:57,8.54,0.01,97,82837,买盘
1719,13:27:54,8.53,--,91,77623,卖盘
1720,13:27:51,8.53,--,92,78476,卖盘
1721,13:27:48,8.53,-0.01,19,16206,卖盘
1722,13:27:45,8.54,--,365,311709,买盘
1723,13:27:42,8.54,0.01,8,6831,买盘
1724,13:27:36,8.53,-0.01,15,12794,卖盘
1725,13:27:33,8.54,0.01,82,70028,买盘
1726,13:27:30,8.53,-0.01,30,25589,卖盘
1727,13:27:27,8.54,--,21,17934,买盘
1728,13:27:24,8.54,--,18,15371,买盘
1729,13:27:18,8.54,0.01,10,8540,买盘
1730,13:27:15,8.53,--,10,8530,卖盘
1731,13:27:12,8.53,--,34,29001,卖盘
1732,13:27:09,8.53,--,70,59709,买盘
1733,13:27:06,8.53,-0.01,5,4265,买盘
1734,13:27:03,8.54,0.02,2711,2315194,买盘
1735,13:27:00,8.52,--,43,36636,卖盘
1736,13:26:57,8.52,--,67,57084,卖盘
1737,13:26:54,8.52,-0.01,4,3408,卖盘
1738,13:26:51,8.53,0.01,13,11089,买盘
1739,13:26:48,8.52,-0.01,64,54528,卖盘
1740,13:26:45,8.53,--,83,70799,买盘
1741,13:26:42,8.53,--,9,7676,买盘
1742,13:26:39,8.53,--,221,188513,卖盘
1743,13:26:36,8.53,--,2,1705,卖盘
1744,13:26:33,8.53,-0.01,45,38385,卖盘
1745,13:26:30,8.54,0.01,6,5123,买盘
1746,13:26:27,8.53,-0.01,46,39238,卖盘
1747,13:26:24,8.54,0.01,31,26473,买盘
1748,13:26:21,8.53,--,13,11089,卖盘
1749,13:26:18,8.53,-0.01,202,172306,卖盘
1750,13:26:12,8.54,0.01,23,19641,买盘
1751,13:26:09,8.53,--,22,18766,卖盘
1752,13:26:06,8.53,-0.01,5,4265,卖盘
1753,13:26:03,8.54,--,401,342453,买盘
1754,13:26:00,8.54,--,156,133224,买盘
1755,13:25:57,8.54,0.01,21,17934,买盘
1756,13:25:48,8.53,--,77,65681,卖盘
1757,13:25:45,8.53,-0.01,60,51179,卖盘
1758,13:25:42,8.54,0.01,1040,888159,买盘
1759,13:25:39,8.53,--,110,93830,卖盘
1760,13:25:36,8.53,-0.01,13,11089,卖盘
1761,13:25:33,8.54,0.01,92,78567,买盘
1762,13:25:30,8.53,-0.01,85,72505,卖盘
1763,13:25:24,8.54,--,53,45261,买盘
1764,13:25:21,8.54,--,41,35014,买盘
1765,13:25:18,8.54,0.01,114,97355,买盘
1766,13:25:15,8.53,--,4,3411,卖盘
1767,13:25:12,8.53,-0.01,5,4265,卖盘
1768,13:25:09,8.54,0.01,42,35868,买盘
1769,13:25:06,8.53,--,121,103212,卖盘
1770,13:25:03,8.53,--,147,125390,卖盘
1771,13:25:00,8.53,--,43,36679,卖盘
1772,13:24:57,8.53,--,1007,858970,卖盘
1773,13:24:54,8.53,-0.01,99,84447,卖盘
1774,13:24:51,8.54,--,96,81983,买盘
1775,13:24:48,8.54,0.01,401,342453,买盘
1776,13:24:45,8.53,-0.01,3,2559,卖盘
1777,13:24:42,8.54,--,20,17080,买盘
1778,13:24:39,8.54,--,63,53801,买盘
1779,13:24:36,8.54,--,3,2561,买盘
1780,13:24:33,8.54,0.01,94,80275,买盘
1781,13:24:30,8.53,-0.01,40,34120,卖盘
1782,13:24:27,8.54,0.01,36,30743,买盘
1783,13:24:24,8.53,-0.01,78,66534,卖盘
1784,13:24:21,8.54,--,364,310855,买盘
1785,13:24:18,8.54,--,27,23057,买盘
1786,13:24:15,8.54,--,11,9393,买盘
1787,13:24:12,8.54,--,7,5977,买盘
1788,13:24:09,8.54,0.01,32,27327,买盘
1789,13:24:06,8.53,-0.01,1,852,卖盘
1790,13:24:03,8.54,-0.01,83,70882,卖盘
1791,13:24:00,8.55,--,224,191870,买盘
1792,13:23:57,8.55,0.01,3,2565,买盘
1793,13:23:54,8.54,--,101,86253,买盘
1794,13:23:51,8.54,--,55,46969,买盘
1795,13:23:48,8.54,--,48,40991,卖盘
1796,13:23:45,8.54,--,143,122121,买盘
1797,13:23:42,8.54,--,481,410773,卖盘
1798,13:23:39,8.54,--,50,42699,卖盘
1799,13:23:36,8.54,--,14,11955,卖盘
1800,13:23:33,8.54,-0.01,125,106749,卖盘
1801,13:23:30,8.55,0.01,17,14535,买盘
1802,13:23:27,8.54,-0.01,205,175069,卖盘
1803,13:23:24,8.55,0.01,14,11970,买盘
1804,13:23:21,8.54,--,77,65758,卖盘
1805,13:23:18,8.54,--,32,27327,卖盘
1806,13:23:15,8.54,-0.01,201,171653,卖盘
1807,13:23:12,8.55,0.01,10,8550,买盘
1808,13:23:09,8.54,-0.01,1,853,卖盘
1809,13:23:06,8.55,0.01,6,5130,买盘
1810,13:23:03,8.54,--,13,11101,卖盘
1811,13:23:00,8.54,--,154,131516,卖盘
1812,13:22:57,8.54,--,15,12809,卖盘
1813,13:22:54,8.54,-0.01,73,62341,卖盘
1814,13:22:51,8.55,0.01,13,11115,买盘
1815,13:22:48,8.54,--,23,19641,卖盘
1816,13:22:45,8.54,-0.01,199,169945,卖盘
1817,13:22:42,8.55,--,64,54720,买盘
1818,13:22:39,8.55,0.01,20,17100,买盘
1819,13:22:33,8.54,-0.01,76,64903,卖盘
1820,13:22:30,8.55,0.01,73,62415,买盘
1821,13:22:27,8.54,-0.01,101,86253,卖盘
1822,13:22:24,8.55,--,34,29070,买盘
1823,13:22:21,8.55,--,20,17100,买盘
1824,13:22:18,8.55,--,8,6840,买盘
1825,13:22:15,8.55,0.01,66,56430,买盘
1826,13:22:12,8.54,--,50,42699,卖盘
1827,13:22:09,8.54,--,17,14517,卖盘
1828,13:22:06,8.54,--,1,853,卖盘
1829,13:22:03,8.54,-0.01,170,145180,卖盘
1830,13:22:00,8.55,0.01,10,8550,买盘
1831,13:21:57,8.54,-0.01,22,18787,卖盘
1832,13:21:54,8.55,0.01,50,42750,买盘
1833,13:21:51,8.54,--,9,7685,卖盘
1834,13:21:48,8.54,-0.01,4,3415,卖盘
1835,13:21:45,8.55,--,118,100890,买盘
1836,13:21:42,8.55,--,5,4275,买盘
1837,13:21:39,8.55,0.01,187,159885,买盘
1838,13:21:36,8.54,--,20,17080,买盘
1839,13:21:33,8.54,--,129,110165,卖盘
1840,13:21:30,8.54,-0.01,50,42699,卖盘
1841,13:21:27,8.55,--,20,17100,买盘
1842,13:21:24,8.55,0.01,41,35055,买盘
1843,13:21:21,8.54,--,21,17934,买盘
1844,13:21:18,8.54,--,7,5977,买盘
1845,13:21:15,8.54,0.01,32,27327,中性盘
1846,13:21:12,8.53,-0.01,51,43503,卖盘
1847,13:21:09,8.54,-0.01,59,50385,卖盘
1848,13:21:06,8.55,--,755,645525,买盘
1849,13:21:03,8.55,0.01,398,340290,买盘
1850,13:21:00,8.54,--,43,36721,买盘
1851,13:20:57,8.54,--,500,427409,卖盘
1852,13:20:54,8.54,-0.01,52,44407,卖盘
1853,13:20:51,8.55,--,79,67545,买盘
1854,13:20:48,8.55,0.01,3,2565,买盘
1855,13:20:45,8.54,-0.01,20,17080,卖盘
1856,13:20:42,8.55,0.01,22,18810,买盘
1857,13:20:39,8.54,--,31,26473,卖盘
1858,13:20:36,8.54,-0.01,51,43553,卖盘
1859,13:20:33,8.55,0.01,41,35055,买盘
1860,13:20:30,8.54,-0.01,100,85399,卖盘
1861,13:20:27,8.55,0.01,11,9405,买盘
1862,13:20:24,8.54,--,66,56363,卖盘
1863,13:20:21,8.54,--,119,102070,买盘
1864,13:20:18,8.54,--,2,1707,买盘
1865,13:20:15,8.54,--,50,42699,买盘
1866,13:20:12,8.54,--,100,85399,买盘
1867,13:20:09,8.54,--,1025,875349,买盘
1868,13:20:06,8.54,0.01,549,468845,买盘
1869,13:20:03,8.53,-0.01,6,5118,卖盘
1870,13:20:00,8.54,--,103,87961,买盘
1871,13:19:57,8.54,0.01,27,23057,买盘
1872,13:19:54,8.53,-0.01,1,852,卖盘
1873,13:19:51,8.54,--,13,11101,买盘
1874,13:19:48,8.54,0.01,9,7685,买盘
1875,13:19:45,8.53,-0.01,74,63121,卖盘
1876,13:19:42,8.54,--,4,3415,买盘
1877,13:19:39,8.54,--,36,30743,买盘
1878,13:19:36,8.54,--,124,105895,买盘
1879,13:19:33,8.54,--,68,58071,买盘
1880,13:19:30,8.54,--,112,95647,买盘
1881,13:19:27,8.54,--,101,86253,买盘
1882,13:19:24,8.54,--,1,853,买盘
1883,13:19:21,8.54,--,20,17080,买盘
1884,13:19:18,8.54,--,63,53801,买盘
1885,13:19:15,8.54,0.01,315,269010,买盘
1886,13:19:12,8.53,-0.01,98,83594,卖盘
1887,13:19:09,8.54,--,26,22203,买盘
1888,13:19:03,8.54,0.01,184,157135,买盘
1889,13:19:00,8.53,-0.01,1,852,卖盘
1890,13:18:57,8.54,0.01,39,33306,买盘
1891,13:18:54,8.53,-0.01,13,11089,卖盘
1892,13:18:51,8.54,0.01,144,122975,买盘
1893,13:18:48,8.53,-0.01,10,8530,卖盘
1894,13:18:45,8.54,--,54,46115,买盘
1895,13:18:42,8.54,--,182,155427,买盘
1896,13:18:39,8.54,--,21,17934,买盘
1897,13:18:36,8.54,--,356,304023,买盘
1898,13:18:33,8.54,--,77,65758,买盘
1899,13:18:30,8.54,--,25,21349,买盘
1900,13:18:27,8.54,--,58,49531,买盘
1901,13:18:24,8.54,0.01,250,213499,买盘
1902,13:18:21,8.53,-0.01,1050,895649,卖盘
1903,13:18:18,8.54,--,33,28181,买盘
1904,13:18:15,8.54,--,120,102479,买盘
1905,13:18:12,8.54,0.01,114,97355,买盘
1906,13:18:09,8.53,-0.01,136,116007,卖盘
1907,13:18:06,8.54,--,15,12809,买盘
1908,13:18:03,8.54,--,47,40137,买盘
1909,13:18:00,8.54,0.01,10,8540,买盘
1910,13:17:57,8.53,-0.01,6,5118,卖盘
1911,13:17:54,8.54,--,187,159697,买盘
1912,13:17:51,8.54,--,128,109311,买盘
1913,13:17:48,8.54,0.01,22,18787,买盘
1914,13:17:45,8.53,-0.01,25,21325,卖盘
1915,13:17:42,8.54,0.01,8,6831,买盘
1916,13:17:36,8.53,-0.01,31,26442,卖盘
1917,13:17:33,8.54,0.01,99,84545,买盘
1918,13:17:30,8.53,--,25,21325,卖盘
1919,13:17:24,8.53,--,29,24736,卖盘
1920,13:17:21,8.53,--,92,78646,买盘
1921,13:17:18,8.53,--,231,197042,买盘
1922,13:17:15,8.53,--,942,803525,买盘
1923,13:17:12,8.53,--,12,10236,买盘
1924,13:17:09,8.53,--,91,77623,买盘
1925,13:17:06,8.53,--,42,35826,买盘
1926,13:17:03,8.53,0.01,137,116860,买盘
1927,13:17:00,8.52,-0.01,21,17892,卖盘
1928,13:16:57,8.53,--,25,21325,买盘
1929,13:16:54,8.53,0.01,21,17913,买盘
1930,13:16:51,8.52,-0.01,184,156768,卖盘
1931,13:16:48,8.53,0.01,51,43503,买盘
1932,13:16:45,8.52,--,379,322908,卖盘
1933,13:16:42,8.52,-0.01,11,9372,卖盘
1934,13:16:39,8.53,--,61,52032,买盘
1935,13:16:36,8.53,0.01,57,48620,买盘
1936,13:16:33,8.52,--,415,353580,买盘
1937,13:16:30,8.52,0.01,211,179772,买盘
1938,13:16:27,8.51,-0.01,3,2553,卖盘
1939,13:16:24,8.52,--,11,9372,买盘
1940,13:16:21,8.52,--,10,8520,买盘
1941,13:16:18,8.52,--,131,111612,买盘
1942,13:16:15,8.52,--,1012,862224,买盘
1943,13:16:12,8.52,--,48,40896,买盘
1944,13:16:09,8.52,--,25,21300,买盘
1945,13:16:06,8.52,--,51,43452,买盘
1946,13:16:03,8.52,0.01,3,2556,买盘
1947,13:16:00,8.51,--,316,268916,卖盘
1948,13:15:57,8.51,-0.01,1,851,卖盘
1949,13:15:51,8.52,0.01,5,4260,买盘
1950,13:15:45,8.51,--,10,8510,卖盘
1951,13:15:42,8.51,-0.01,4,3404,卖盘
1952,13:15:39,8.52,0.01,29,24708,买盘
1953,13:15:36,8.51,--,113,96163,卖盘
1954,13:15:33,8.51,--,18,15318,卖盘
1955,13:15:30,8.51,--,25,21275,卖盘
1956,13:15:27,8.51,--,143,121693,买盘
1957,13:15:24,8.51,--,42,35742,买盘
1958,13:15:21,8.51,--,71,60421,买盘
1959,13:15:18,8.51,--,10,8510,买盘
1960,13:15:12,8.51,--,69,58719,买盘
1961,13:15:09,8.51,0.01,182,154882,买盘
1962,13:15:06,8.5,-0.01,227,192950,卖盘
1963,13:15:03,8.51,--,7,5957,买盘
1964,13:15:00,8.51,0.01,14,11914,买盘
1965,13:14:57,8.5,--,3,2550,卖盘
1966,13:14:54,8.5,-0.01,106,90100,卖盘
1967,13:14:51,8.51,0.01,406,345506,买盘
1968,13:14:45,8.5,-0.01,9,7650,卖盘
1969,13:14:42,8.51,--,45,38295,买盘
1970,13:14:39,8.51,-0.01,394,335294,卖盘
1971,13:14:33,8.52,0.01,41,34932,买盘
1972,13:14:30,8.51,--,240,204240,卖盘
1973,13:14:24,8.51,-0.01,110,93610,卖盘
1974,13:14:21,8.52,--,1,852,买盘
1975,13:14:18,8.52,--,1,852,买盘
1976,13:14:15,8.52,--,51,43452,买盘
1977,13:14:12,8.52,--,21,17892,买盘
1978,13:14:09,8.52,0.01,9,7668,买盘
1979,13:14:06,8.51,-0.01,12,10212,卖盘
1980,13:14:03,8.52,0.01,1,852,买盘
1981,13:14:00,8.51,--,1,851,卖盘
1982,13:13:57,8.51,--,202,171902,买盘
1983,13:13:54,8.51,--,213,181263,买盘
1984,13:13:51,8.51,--,230,195730,买盘
1985,13:13:48,8.51,0.01,175,148925,买盘
1986,13:13:45,8.5,--,805,684250,卖盘
1987,13:13:42,8.5,-0.01,43,36550,卖盘
1988,13:13:36,8.51,0.01,214,182114,买盘
1989,13:13:33,8.5,-0.01,128,108800,卖盘
1990,13:13:30,8.51,0.01,77,65527,买盘
1991,13:13:27,8.5,-0.01,20,17000,卖盘
1992,13:13:24,8.51,--,10,8510,买盘
1993,13:13:21,8.51,0.01,151,128501,买盘
1994,13:13:18,8.5,--,38,32300,卖盘
1995,13:13:15,8.5,--,86,73100,卖盘
1996,13:13:12,8.5,--,72,61200,卖盘
1997,13:13:09,8.5,--,65,55250,卖盘
1998,13:13:06,8.5,-0.01,16,13600,卖盘
1999,13:13:03,8.51,0.01,11,9361,买盘
2000,13:13:00,8.5,--,21,17850,卖盘
2001,13:12:57,8.5,--,713,606798,买盘
2002,13:12:54,8.5,0.01,11,9350,买盘
2003,13:12:51,8.49,-0.01,8,6792,卖盘
2004,13:12:48,8.5,0.01,65,55250,买盘
2005,13:12:45,8.49,--,3,2547,卖盘
2006,13:12:42,8.49,-0.01,60,50940,卖盘
2007,13:12:39,8.5,--,132,112200,买盘
2008,13:12:36,8.5,--,20,17000,买盘
2009,13:12:33,8.5,--,223,189652,卖盘
2010,13:12:30,8.5,-0.01,10,8500,卖盘
2011,13:12:27,8.51,0.01,93,79143,买盘
2012,13:12:24,8.5,--,25,21250,卖盘
2013,13:12:21,8.5,--,36,30600,卖盘
2014,13:12:18,8.5,0.01,320,272748,买盘
2015,13:12:15,8.49,-0.01,36,30564,卖盘
2016,13:12:12,8.5,--,11,9350,买盘
2017,13:12:09,8.5,--,45,38250,买盘
2018,13:12:06,8.5,0.01,62,52700,买盘
2019,13:12:03,8.49,-0.01,14,11886,卖盘
2020,13:12:00,8.5,0.01,11,9350,买盘
2021,13:11:57,8.49,--,35,29715,卖盘
2022,13:11:54,8.49,-0.01,1,849,卖盘
2023,13:11:51,8.5,0.01,71,60350,买盘
2024,13:11:48,8.49,--,20,16980,卖盘
2025,13:11:45,8.49,--,59,50091,卖盘
2026,13:11:42,8.49,-0.01,51,43299,卖盘
2027,13:11:36,8.5,--,64,54400,买盘
2028,13:11:33,8.5,--,41,34850,卖盘
2029,13:11:30,8.5,--,3,2550,卖盘
2030,13:11:27,8.5,-0.01,264,224400,卖盘
2031,13:11:24,8.51,--,9,7659,买盘
2032,13:11:21,8.51,0.01,33,28083,买盘
2033,13:11:18,8.5,--,450,382500,卖盘
2034,13:11:15,8.5,-0.01,100,85000,卖盘
2035,13:11:12,8.51,0.01,118,100418,买盘
2036,13:11:09,8.5,-0.01,274,232900,卖盘
2037,13:11:06,8.51,0.01,18,15318,买盘
2038,13:11:03,8.5,--,10,8500,卖盘
2039,13:11:00,8.5,--,1,850,卖盘
2040,13:10:57,8.5,-0.01,77,65450,卖盘
2041,13:10:54,8.51,0.01,64,54464,买盘
2042,13:10:51,8.5,-0.01,5,4250,卖盘
2043,13:10:48,8.51,0.02,56,47656,买盘
2044,13:10:45,8.49,-0.01,68,57732,卖盘
2045,13:10:42,8.5,-0.01,197,167450,卖盘
2046,13:10:39,8.51,0.01,94,79994,买盘
2047,13:10:36,8.5,--,12,10200,卖盘
2048,13:10:33,8.5,--,78,66300,买盘
2049,13:10:30,8.5,--,59,50150,买盘
2050,13:10:27,8.5,--,24,20400,买盘
2051,13:10:24,8.5,0.01,7,5950,买盘
2052,13:10:21,8.49,-0.01,45,38205,卖盘
2053,13:10:18,8.5,--,29,24650,卖盘
2054,13:10:15,8.5,--,60,51000,买盘
2055,13:10:12,8.5,--,322,273700,卖盘
2056,13:10:09,8.5,--,32,27200,卖盘
2057,13:10:06,8.5,--,1540,1309000,卖盘
2058,13:10:03,8.5,--,6,5100,卖盘
2059,13:10:00,8.5,--,2,1700,卖盘
2060,13:09:57,8.5,--,3,2550,卖盘
2061,13:09:54,8.5,--,50,42500,卖盘
2062,13:09:51,8.5,--,28,23800,卖盘
2063,13:09:48,8.5,--,17,14450,卖盘
2064,13:09:45,8.5,--,6,5100,卖盘
2065,13:09:42,8.5,--,57,48450,卖盘
2066,13:09:39,8.5,0.01,77,65450,买盘
2067,13:09:36,8.49,-0.01,25,21225,卖盘
2068,13:09:33,8.5,--,297,252450,卖盘
2069,13:09:30,8.5,--,7,5950,卖盘
2070,13:09:27,8.5,--,31,26350,卖盘
2071,13:09:24,8.5,--,89,75650,卖盘
2072,13:09:21,8.5,0.01,539,458150,买盘
2073,13:09:18,8.49,-0.01,7,5943,卖盘
2074,13:09:15,8.5,0.01,56,47600,买盘
2075,13:09:12,8.49,-0.01,30,25470,卖盘
2076,13:09:06,8.5,0.01,30,25500,买盘
2077,13:09:03,8.49,-0.01,10,8490,卖盘
2078,13:09:00,8.5,--,12,10200,买盘
2079,13:08:57,8.5,--,310,263500,卖盘
2080,13:08:54,8.5,--,2,1700,卖盘
2081,13:08:51,8.5,--,154,130900,买盘
2082,13:08:48,8.5,0.01,79,67150,买盘
2083,13:08:45,8.49,--,104,88296,卖盘
2084,13:08:42,8.49,--,23,19527,卖盘
2085,13:08:39,8.49,-0.01,34,29375,卖盘
2086,13:08:30,8.5,--,558,474300,卖盘
2087,13:08:27,8.5,--,20,17000,卖盘
2088,13:08:24,8.5,--,13,11050,卖盘
2089,13:08:21,8.5,--,41,34850,卖盘
2090,13:08:15,8.5,0.01,7,5950,中性盘
2091,13:08:12,8.49,-0.01,1385,1175865,卖盘
2092,13:08:06,8.5,--,11,9350,卖盘
2093,13:08:03,8.5,-0.01,54,45900,卖盘
2094,13:08:00,8.51,0.01,15,12765,买盘
2095,13:07:57,8.5,--,8,6800,卖盘
2096,13:07:54,8.5,-0.01,9,7650,买盘
2097,13:07:51,8.51,0.02,100,85100,买盘
2098,13:07:48,8.49,-0.01,2,1698,卖盘
2099,13:07:45,8.5,0.01,13,11050,买盘
2100,13:07:42,8.49,-0.01,51,43299,卖盘
2101,13:07:39,8.5,--,25,21250,买盘
2102,13:07:36,8.5,0.01,21,17850,买盘
2103,13:07:33,8.49,-0.01,88,74712,卖盘
2104,13:07:30,8.5,0.01,1,850,买盘
2105,13:07:27,8.49,-0.01,44,37356,卖盘
2106,13:07:24,8.5,--,24,20400,买盘
2107,13:07:21,8.5,0.01,110,93500,买盘
2108,13:07:18,8.49,--,31,26319,卖盘
2109,13:07:15,8.49,--,3,2547,卖盘
2110,13:07:12,8.49,--,60,50940,卖盘
2111,13:07:09,8.49,-0.01,228,193572,卖盘
2112,13:07:06,8.5,0.01,18,15300,买盘
2113,13:07:03,8.49,-0.01,13,11037,卖盘
2114,13:07:00,8.5,--,13,11050,买盘
2115,13:06:57,8.5,0.01,6,5100,买盘
2116,13:06:54,8.49,--,14,11886,卖盘
2117,13:06:48,8.49,--,46,39054,卖盘
2118,13:06:45,8.49,-0.01,91,77259,卖盘
2119,13:06:42,8.5,--,36,30600,买盘
2120,13:06:39,8.5,--,27,22950,买盘
2121,13:06:36,8.5,--,3,2550,买盘
2122,13:06:33,8.5,0.01,350,297500,买盘
2123,13:06:30,8.49,--,368,312432,卖盘
2124,13:06:27,8.49,--,2,1698,卖盘
2125,13:06:24,8.49,--,4,3396,卖盘
2126,13:06:15,8.49,-0.01,60,50940,卖盘
2127,13:06:12,8.5,--,3,2550,买盘
2128,13:06:09,8.5,--,97,82450,买盘
2129,13:06:06,8.5,--,146,124100,买盘
2130,13:06:03,8.5,--,4,3400,买盘
2131,13:06:00,8.5,--,50,42500,买盘
2132,13:05:57,8.5,--,29,24650,买盘
2133,13:05:54,8.5,--,9,7650,买盘
2134,13:05:51,8.5,--,96,81600,买盘
2135,13:05:48,8.5,--,83,70550,买盘
2136,13:05:45,8.5,--,38,32300,买盘
2137,13:05:42,8.5,--,1,850,买盘
2138,13:05:39,8.5,--,14,11900,买盘
2139,13:05:36,8.5,--,27,22950,买盘
2140,13:05:33,8.5,--,50,42500,买盘
2141,13:05:30,8.5,0.01,37,31450,买盘
2142,13:05:27,8.49,-0.01,10,8490,卖盘
2143,13:05:24,8.5,0.01,171,145350,买盘
2144,13:05:18,8.49,--,27,22923,卖盘
2145,13:05:12,8.49,--,50,42450,卖盘
2146,13:05:09,8.49,-0.01,12,10188,卖盘
2147,13:05:06,8.5,--,14,11900,买盘
2148,13:05:03,8.5,0.01,8,6800,买盘
2149,13:05:00,8.49,--,373,316677,卖盘
2150,13:04:57,8.49,-0.01,22,18678,卖盘
2151,13:04:54,8.5,0.01,23,19550,买盘
2152,13:04:51,8.49,--,53,44997,卖盘
2153,13:04:48,8.49,--,70,59430,卖盘
2154,13:04:45,8.49,-0.01,12,10188,卖盘
2155,13:04:42,8.5,--,14,11900,买盘
2156,13:04:39,8.5,--,14,11900,买盘
2157,13:04:36,8.5,0.01,172,146200,买盘
2158,13:04:33,8.49,-0.01,20,16980,卖盘
2159,13:04:27,8.5,--,3,2550,买盘
2160,13:04:24,8.5,0.02,111,94350,买盘
2161,13:04:21,8.48,-0.01,94,79712,卖盘
2162,13:04:18,8.49,-0.01,54,45846,卖盘
2163,13:04:12,8.5,--,48,40800,买盘
2164,13:04:09,8.5,0.01,173,147050,买盘
2165,13:04:06,8.49,0.01,807,685176,买盘
2166,13:04:03,8.48,--,884,749632,卖盘
2167,13:04:00,8.48,--,17,14416,卖盘
2168,13:03:57,8.48,-0.01,1,848,卖盘
2169,13:03:54,8.49,--,69,58581,买盘
2170,13:03:51,8.49,--,1,849,买盘
2171,13:03:45,8.49,--,598,507702,买盘
2172,13:03:42,8.49,0.01,134,113766,买盘
2173,13:03:39,8.48,--,18,15264,卖盘
2174,13:03:36,8.48,--,31,26288,卖盘
2175,13:03:33,8.48,--,205,174009,卖盘
2176,13:03:30,8.48,--,27,22896,卖盘
2177,13:03:27,8.48,--,57,48336,卖盘
2178,13:03:24,8.48,--,77,65296,卖盘
2179,13:03:21,8.48,--,202,171296,卖盘
2180,13:03:18,8.48,--,27,22896,卖盘
2181,13:03:15,8.48,--,227,192496,卖盘
2182,13:03:12,8.48,-0.01,428,362944,卖盘
2183,13:03:09,8.49,0.01,10,8490,买盘
2184,13:03:06,8.48,--,124,105152,卖盘
2185,13:03:03,8.48,--,35,29680,卖盘
2186,13:03:00,8.48,-0.01,6,5088,卖盘
2187,13:02:57,8.49,0.01,47,39903,买盘
2188,13:02:54,8.48,-0.01,48,40704,卖盘
2189,13:02:51,8.49,0.01,16,13584,买盘
2190,13:02:48,8.48,--,400,339200,卖盘
2191,13:02:45,8.48,-0.01,11,9328,卖盘
2192,13:02:42,8.49,0.01,1,849,买盘
2193,13:02:39,8.48,--,111,94128,卖盘
2194,13:02:36,8.48,--,128,108544,卖盘
2195,13:02:33,8.48,--,69,58512,卖盘
2196,13:02:30,8.48,--,24,20352,卖盘
2197,13:02:27,8.48,--,1,848,卖盘
2198,13:02:24,8.48,-0.01,32,27136,卖盘
2199,13:02:18,8.49,0.01,88,74712,买盘
2200,13:02:15,8.48,--,1129,957392,卖盘
2201,13:02:12,8.48,--,38,32224,卖盘
2202,13:02:09,8.48,--,15,12720,卖盘
2203,13:02:06,8.48,--,20,16960,卖盘
2204,13:02:03,8.48,--,125,106000,卖盘
2205,13:02:00,8.48,--,138,117024,卖盘
2206,13:01:57,8.48,-0.01,6,5088,卖盘
2207,13:01:54,8.49,--,21,17829,买盘
2208,13:01:45,8.49,--,33,28017,买盘
2209,13:01:42,8.49,0.01,81,68769,买盘
2210,13:01:39,8.48,--,110,93280,卖盘
2211,13:01:36,8.48,--,200,169600,卖盘
2212,13:01:33,8.48,--,217,184185,卖盘
2213,13:01:30,8.48,--,368,312064,卖盘
2214,13:01:27,8.48,--,73,61904,卖盘
2215,13:01:24,8.48,--,11,9328,卖盘
2216,13:01:21,8.48,--,6,5088,卖盘
2217,13:01:18,8.48,-0.01,78,66144,卖盘
2218,13:01:15,8.49,0.01,18,15282,买盘
2219,13:01:12,8.48,--,111,94128,卖盘
2220,13:01:09,8.48,--,18,15264,卖盘
2221,13:01:06,8.48,-0.01,24,20352,卖盘
2222,13:01:03,8.49,0.01,1,849,买盘
2223,13:01:00,8.48,-0.01,7,5936,卖盘
2224,13:00:57,8.49,0.01,112,95088,买盘
2225,13:00:54,8.48,-0.01,43,36464,卖盘
2226,13:00:51,8.49,0.01,20,16980,买盘
2227,13:00:48,8.48,--,124,105152,卖盘
2228,13:00:45,8.48,-0.01,10,8480,卖盘
2229,13:00:42,8.49,0.01,14,11886,买盘
2230,13:00:39,8.48,-0.01,49,41552,卖盘
2231,13:00:33,8.49,0.01,56,47544,买盘
2232,13:00:30,8.48,-0.01,48,40704,卖盘
2233,13:00:27,8.49,0.01,71,60279,买盘
2234,13:00:24,8.48,--,32,27136,卖盘
2235,13:00:15,8.48,-0.01,12,10176,卖盘
2236,13:00:12,8.49,--,6,5094,买盘
2237,13:00:09,8.49,--,244,207156,买盘
2238,13:00:06,8.49,--,579,491571,买盘
2239,13:00:03,8.49,-0.01,5585,4741800,卖盘
2240,13:00:00,8.5,0.01,96,81634,买盘
2241,11:30:00,8.49,-0.01,37,31413,卖盘
2242,11:29:57,8.5,--,19,16150,买盘
2243,11:29:54,8.5,--,86,73100,买盘
2244,11:29:51,8.5,--,9,7650,买盘
2245,11:29:48,8.5,--,44,37400,买盘
2246,11:29:42,8.5,0.01,246,209100,买盘
2247,11:29:39,8.49,--,19,16131,卖盘
2248,11:29:36,8.49,--,44,37356,卖盘
2249,11:29:33,8.49,-0.01,16,13584,卖盘
2250,11:29:30,8.5,0.01,13,11050,买盘
2251,11:29:27,8.49,--,116,98484,卖盘
2252,11:29:24,8.49,--,45,38205,卖盘
2253,11:29:21,8.49,--,7,5943,卖盘
2254,11:29:12,8.49,0.01,7,6622,买盘
2255,11:29:09,8.48,--,109,92432,卖盘
2256,11:29:06,8.48,-0.01,59,50032,卖盘
2257,11:29:03,8.49,--,103,87616,卖盘
2258,11:29:00,8.49,0.01,83,71146,买盘
2259,11:28:57,8.48,-0.01,51,43248,卖盘
2260,11:28:54,8.49,--,413,350806,卖盘
2261,11:28:48,8.49,--,40,33960,卖盘
2262,11:28:45,8.49,--,627,532323,卖盘
2263,11:28:36,8.49,-0.01,67,56883,卖盘
2264,11:28:33,8.5,--,7,5950,买盘
2265,11:28:30,8.5,0.01,140,119000,买盘
2266,11:28:24,8.49,--,64,54336,卖盘
2267,11:28:21,8.49,-0.01,31,26319,卖盘
2268,11:28:18,8.5,0.01,105,89250,买盘
2269,11:28:15,8.49,--,60,50940,卖盘
2270,11:28:12,8.49,--,116,98484,卖盘
2271,11:28:09,8.49,--,17,14433,卖盘
2272,11:28:06,8.49,--,186,157914,卖盘
2273,11:28:03,8.49,--,39,33111,卖盘
2274,11:28:00,8.49,--,60,50940,卖盘
2275,11:27:57,8.49,--,75,63675,卖盘
2276,11:27:54,8.49,--,46,39054,卖盘
2277,11:27:51,8.49,--,11,9339,卖盘
2278,11:27:48,8.49,--,25,21225,卖盘
2279,11:27:45,8.49,--,103,87447,卖盘
2280,11:27:42,8.49,--,5,4245,卖盘
2281,11:27:39,8.49,--,11,9339,卖盘
2282,11:27:36,8.49,-0.01,23,19527,卖盘
2283,11:27:33,8.5,0.01,101,85850,买盘
2284,11:27:30,8.49,--,513,435537,卖盘
2285,11:27:27,8.49,-0.01,36,30564,卖盘
2286,11:27:24,8.5,--,95,80750,买盘
2287,11:27:21,8.5,0.01,6,5100,买盘
2288,11:27:18,8.49,-0.01,71,60279,卖盘
2289,11:27:15,8.5,--,11,9350,买盘
2290,11:27:12,8.5,--,17,14450,买盘
2291,11:27:09,8.5,0.01,7,5950,买盘
2292,11:27:06,8.49,--,47,39903,卖盘
2293,11:27:03,8.49,--,3,2547,卖盘
2294,11:27:00,8.49,-0.01,62,52638,卖盘
2295,11:26:57,8.5,0.01,51,43350,买盘
2296,11:26:54,8.49,--,9,7641,卖盘
2297,11:26:51,8.49,--,1,849,卖盘
2298,11:26:48,8.49,-0.01,11,9339,卖盘
2299,11:26:45,8.5,--,173,147050,买盘
2300,11:26:42,8.5,--,294,249900,卖盘
2301,11:26:39,8.5,-0.01,81,68850,卖盘
2302,11:26:36,8.51,0.01,71,60421,买盘
2303,11:26:33,8.5,-0.01,144,122400,卖盘
2304,11:26:27,8.51,0.01,38,32338,买盘
2305,11:26:24,8.5,-0.01,18,15300,卖盘
2306,11:26:18,8.51,--,28,23828,卖盘
2307,11:26:12,8.51,--,9,7659,卖盘
2308,11:26:09,8.51,0.01,172,146372,买盘
2309,11:26:06,8.5,--,4,3400,卖盘
2310,11:26:03,8.5,--,8,6800,卖盘
2311,11:26:00,8.5,--,63,53550,卖盘
2312,11:25:57,8.5,-0.01,7,5950,卖盘
2313,11:25:54,8.51,0.01,156,132756,买盘
2314,11:25:51,8.5,--,48,40800,卖盘
2315,11:25:48,8.5,-0.01,30,25500,卖盘
2316,11:25:45,8.51,--,16,13616,买盘
2317,11:25:42,8.51,0.01,170,144670,买盘
2318,11:25:39,8.5,--,20,17000,卖盘
2319,11:25:36,8.5,--,23,19550,卖盘
2320,11:25:33,8.5,-0.01,13,11050,卖盘
2321,11:25:27,8.51,0.01,123,104673,买盘
2322,11:25:24,8.5,--,96,81600,卖盘
2323,11:25:18,8.5,--,24,20400,卖盘
2324,11:25:15,8.5,--,89,75650,卖盘
2325,11:25:09,8.5,-0.01,6,5100,卖盘
2326,11:25:06,8.51,0.01,305,259555,买盘
2327,11:25:03,8.5,--,128,108800,卖盘
2328,11:25:00,8.5,--,14,11900,卖盘
2329,11:24:57,8.5,--,68,57800,卖盘
2330,11:24:54,8.5,--,5,4250,卖盘
2331,11:24:51,8.5,--,21,17850,卖盘
2332,11:24:48,8.5,--,801,680850,卖盘
2333,11:24:45,8.5,--,570,484500,卖盘
2334,11:24:42,8.5,--,19,16150,卖盘
2335,11:24:39,8.5,--,4,3400,卖盘
2336,11:24:36,8.5,--,247,209950,卖盘
2337,11:24:30,8.5,--,50,42500,卖盘
2338,11:24:27,8.5,--,107,90950,卖盘
2339,11:24:24,8.5,--,86,73100,卖盘
2340,11:24:21,8.5,--,13,11050,卖盘
2341,11:24:18,8.5,0.01,1156,982600,买盘
2342,11:24:15,8.49,--,39,33111,卖盘
2343,11:24:12,8.49,--,51,43299,卖盘
2344,11:24:09,8.49,--,72,61128,卖盘
2345,11:24:06,8.49,--,502,426198,卖盘
2346,11:24:03,8.49,--,73,61977,卖盘
2347,11:24:00,8.49,-0.01,7,5943,卖盘
2348,11:23:57,8.5,--,31,26350,买盘
2349,11:23:51,8.5,0.01,162,137700,买盘
2350,11:23:48,8.49,-0.01,28,23772,卖盘
2351,11:23:45,8.5,0.01,14,11900,买盘
2352,11:23:42,8.49,--,1,849,卖盘
2353,11:23:36,8.49,-0.01,25,21225,卖盘
2354,11:23:33,8.5,0.01,2,1700,买盘
2355,11:23:30,8.49,-0.01,180,152820,卖盘
2356,11:23:27,8.5,--,29,24650,买盘
2357,11:23:24,8.5,0.01,15,12750,买盘
2358,11:23:18,8.49,--,1,849,卖盘
2359,11:23:09,8.49,-0.01,50,42450,卖盘
2360,11:23:06,8.5,-0.01,1797,1527450,卖盘
2361,11:23:03,8.51,--,145,123395,买盘
2362,11:23:00,8.51,--,41,34891,买盘
2363,11:22:57,8.51,--,525,446775,卖盘
2364,11:22:54,8.51,-0.01,5,4255,卖盘
2365,11:22:51,8.52,0.01,21,17892,买盘
2366,11:22:48,8.51,-0.01,101,85951,卖盘
2367,11:22:45,8.52,--,40,34080,买盘
2368,11:22:42,8.52,0.01,15,12780,买盘
2369,11:22:39,8.51,--,9,7659,卖盘
2370,11:22:36,8.51,-0.01,21,17871,卖盘
2371,11:22:33,8.52,0.01,2,1704,买盘
2372,11:22:30,8.51,-0.01,1,851,卖盘
2373,11:22:27,8.52,0.01,24,20448,买盘
2374,11:22:24,8.51,-0.01,13,11063,卖盘
2375,11:22:21,8.52,0.01,4,3408,买盘
2376,11:22:18,8.51,--,4,3404,卖盘
2377,11:22:15,8.51,-0.01,36,30636,卖盘
2378,11:22:12,8.52,0.01,24,20448,买盘
2379,11:22:09,8.51,--,19,16169,卖盘
2380,11:22:06,8.51,--,67,57017,卖盘
2381,11:22:03,8.51,-0.01,27,22977,卖盘
2382,11:22:00,8.52,0.01,55,46860,买盘
2383,11:21:57,8.51,--,30,25530,卖盘
2384,11:21:54,8.51,--,70,59570,卖盘
2385,11:21:51,8.51,--,36,30636,卖盘
2386,11:21:45,8.51,0.01,135,114885,买盘
2387,11:21:42,8.5,-0.01,1,850,卖盘
2388,11:21:36,8.51,-0.01,177,150627,卖盘
2389,11:21:33,8.52,--,55,46860,买盘
2390,11:21:30,8.52,0.01,80,68160,买盘
2391,11:21:27,8.51,-0.01,34,28934,卖盘
2392,11:21:24,8.52,--,39,33228,买盘
2393,11:21:21,8.52,0.01,13,11076,买盘
2394,11:21:18,8.51,--,27,22977,卖盘
2395,11:21:15,8.51,--,106,90206,卖盘
2396,11:21:12,8.51,--,2,1702,卖盘
2397,11:21:09,8.51,--,11,9361,卖盘
2398,11:21:06,8.51,--,94,79994,卖盘
2399,11:21:03,8.51,--,250,212750,买盘
2400,11:21:00,8.51,0.01,9,7659,买盘
2401,11:20:57,8.5,-0.01,1,850,卖盘
2402,11:20:54,8.51,--,44,37444,卖盘
2403,11:20:51,8.51,--,500,425500,卖盘
2404,11:20:48,8.51,--,1,851,卖盘
2405,11:20:42,8.51,--,5,4255,卖盘
2406,11:20:39,8.51,--,322,274022,卖盘
2407,11:20:36,8.51,--,108,91908,卖盘
2408,11:20:30,8.51,--,23,19573,卖盘
2409,11:20:27,8.51,--,236,200836,买盘
2410,11:20:24,8.51,0.01,134,114034,买盘
2411,11:20:18,8.5,--,33,28050,卖盘
2412,11:20:12,8.5,--,13,11050,卖盘
2413,11:20:09,8.5,--,36,30600,卖盘
2414,11:20:06,8.5,-0.01,22,18700,卖盘
2415,11:20:03,8.51,--,30,25530,买盘
2416,11:20:00,8.51,0.01,55,46805,买盘
2417,11:19:57,8.5,--,138,117300,卖盘
2418,11:19:54,8.5,-0.01,38,32300,卖盘
2419,11:19:51,8.51,0.01,2,1702,买盘
2420,11:19:48,8.5,--,10,8500,卖盘
2421,11:19:45,8.5,--,5,4250,卖盘
2422,11:19:42,8.5,0.01,1752,1489200,买盘
2423,11:19:39,8.49,-0.01,2,1698,卖盘
2424,11:19:36,8.5,0.01,23,19550,买盘
2425,11:19:33,8.49,--,19,16131,卖盘
2426,11:19:30,8.49,--,5,4245,卖盘
2427,11:19:27,8.49,--,22,18678,卖盘
2428,11:19:24,8.49,--,203,172347,卖盘
2429,11:19:21,8.49,--,281,238569,卖盘
2430,11:19:18,8.49,--,97,82353,卖盘
2431,11:19:15,8.49,-0.01,16,13584,卖盘
2432,11:19:12,8.5,0.01,152,129200,买盘
2433,11:19:09,8.49,--,47,39903,卖盘
2434,11:19:06,8.49,-0.01,165,140085,卖盘
2435,11:19:03,8.5,--,23,19550,买盘
2436,11:19:00,8.5,0.01,34,28900,买盘
2437,11:18:57,8.49,-0.01,6,5094,卖盘
2438,11:18:54,8.5,0.01,139,118150,买盘
2439,11:18:51,8.49,-0.01,51,43299,卖盘
2440,11:18:48,8.5,--,7,5950,买盘
2441,11:18:45,8.5,0.01,43,36550,买盘
2442,11:18:42,8.49,-0.01,1,849,卖盘
2443,11:18:39,8.5,0.01,15,12750,买盘
2444,11:18:36,8.49,-0.02,176,149424,卖盘
2445,11:18:33,8.51,--,5,4255,买盘
2446,11:18:30,8.51,--,5,4255,买盘
2447,11:18:27,8.51,--,37,31487,买盘
2448,11:18:24,8.51,0.01,53,45103,买盘
2449,11:18:21,8.5,-0.01,238,202300,卖盘
2450,11:18:18,8.51,0.01,20,17020,买盘
2451,11:18:12,8.5,-0.01,173,147050,卖盘
2452,11:18:09,8.51,0.01,499,424649,买盘
2453,11:18:06,8.5,-0.01,20,17000,卖盘
2454,11:18:03,8.51,--,10,8510,买盘
2455,11:18:00,8.51,0.01,95,80845,买盘
2456,11:17:57,8.5,--,145,123250,卖盘
2457,11:17:54,8.5,--,20,17000,卖盘
2458,11:17:51,8.5,-0.01,279,237150,卖盘
2459,11:17:48,8.51,--,222,188922,买盘
2460,11:17:45,8.51,--,15,12765,买盘
2461,11:17:42,8.51,--,52,44252,买盘
2462,11:17:39,8.51,0.01,48,40848,买盘
2463,11:17:36,8.5,--,164,139400,卖盘
2464,11:17:33,8.5,-0.01,26,22100,卖盘
2465,11:17:30,8.51,--,32,27232,买盘
2466,11:17:27,8.51,0.01,1,851,买盘
2467,11:17:24,8.5,--,28,23800,卖盘
2468,11:17:21,8.5,--,241,204850,卖盘
2469,11:17:18,8.5,--,1,850,卖盘
2470,11:17:15,8.5,0.01,52,44200,买盘
2471,11:17:12,8.49,--,73,61977,卖盘
2472,11:17:09,8.49,--,85,72165,卖盘
2473,11:17:06,8.49,-0.01,233,197817,卖盘
2474,11:17:03,8.5,--,194,164900,买盘
2475,11:17:00,8.5,0.01,49,41650,买盘
2476,11:16:57,8.49,--,357,303772,卖盘
2477,11:16:54,8.49,-0.01,89,75561,卖盘
2478,11:16:51,8.5,-0.01,29,24650,买盘
2479,11:16:48,8.51,0.02,233,198283,买盘
2480,11:16:42,8.49,--,28,23772,卖盘
2481,11:16:39,8.49,--,76,64524,卖盘
2482,11:16:36,8.49,--,1,849,卖盘
2483,11:16:33,8.49,--,31,26319,卖盘
2484,11:16:30,8.49,-0.02,88,74712,卖盘
2485,11:16:27,8.51,0.02,21,17871,买盘
2486,11:16:24,8.49,--,23,19527,卖盘
2487,11:16:21,8.49,--,2079,1765071,卖盘
2488,11:16:18,8.49,--,161,136689,卖盘
2489,11:16:15,8.49,--,210,178290,卖盘
2490,11:16:12,8.49,--,2,1698,卖盘
2491,11:16:09,8.49,--,78,66222,卖盘
2492,11:16:06,8.49,0.01,1014,860886,买盘
2493,11:16:00,8.48,--,36,30528,卖盘
2494,11:15:57,8.48,--,297,251856,卖盘
2495,11:15:54,8.48,--,139,117872,买盘
2496,11:15:51,8.48,0.01,964,817472,买盘
2497,11:15:48,8.47,-0.01,137,116039,卖盘
2498,11:15:45,8.48,0.01,73,61904,买盘
2499,11:15:42,8.47,-0.01,41,34727,卖盘
2500,11:15:39,8.48,0.01,281,238288,买盘
2501,11:15:36,8.47,-0.01,22,18634,卖盘
2502,11:15:33,8.48,0.01,113,95824,买盘
2503,11:15:30,8.47,--,708,599676,买盘
2504,11:15:27,8.47,--,207,175329,买盘
2505,11:15:24,8.47,0.01,21,17787,买盘
2506,11:15:21,8.46,-0.01,171,144666,卖盘
2507,11:15:18,8.47,--,187,158389,卖盘
2508,11:15:15,8.47,--,13,11011,卖盘
2509,11:15:12,8.47,--,424,359128,卖盘
2510,11:15:09,8.47,--,237,200739,卖盘
2511,11:15:06,8.47,--,203,171941,卖盘
2512,11:15:03,8.47,--,177,149919,卖盘
2513,11:15:00,8.47,--,39,33033,卖盘
2514,11:14:57,8.47,--,280,237160,卖盘
2515,11:14:54,8.47,0.01,228,193116,中性盘
2516,11:14:51,8.46,-0.01,1056,893376,卖盘
2517,11:14:48,8.47,--,503,426041,卖盘
2518,11:14:45,8.47,--,561,475167,买盘
2519,11:14:42,8.47,--,369,312543,买盘
2520,11:14:39,8.47,--,481,407407,卖盘
2521,11:14:36,8.47,--,701,593747,卖盘
2522,11:14:33,8.47,--,392,332024,卖盘
2523,11:14:30,8.47,-0.01,534,452298,卖盘
2524,11:14:27,8.48,0.01,31,26288,买盘
2525,11:14:24,8.47,--,189,160083,卖盘
2526,11:14:21,8.47,--,288,243936,卖盘
2527,11:14:18,8.47,--,147,124509,卖盘
2528,11:14:15,8.47,--,62,52514,卖盘
2529,11:14:12,8.47,--,727,615769,卖盘
2530,11:14:09,8.47,--,69,58443,卖盘
2531,11:14:06,8.47,--,583,493801,卖盘
2532,11:14:03,8.47,--,60,50820,卖盘
2533,11:14:00,8.47,-0.01,187,158389,卖盘
2534,11:13:57,8.48,--,509,431632,买盘
2535,11:13:54,8.48,0.01,329,278992,买盘
2536,11:13:51,8.47,--,111,94017,卖盘
2537,11:13:48,8.47,--,26,22022,卖盘
2538,11:13:45,8.47,--,82,69454,卖盘
2539,11:13:42,8.47,-0.01,6,5082,卖盘
2540,11:13:39,8.48,--,173,146704,买盘
2541,11:13:36,8.48,--,221,187408,卖盘
2542,11:13:33,8.48,--,48,40704,卖盘
2543,11:13:30,8.48,--,22,18656,卖盘
2544,11:13:27,8.48,--,608,515584,卖盘
2545,11:13:24,8.48,--,418,354464,卖盘
2546,11:13:21,8.48,--,94,79712,卖盘
2547,11:13:18,8.48,--,40,33920,卖盘
2548,11:13:15,8.48,--,203,172144,卖盘
2549,11:13:12,8.48,--,134,113632,卖盘
2550,11:13:09,8.48,--,52,44096,卖盘
2551,11:13:06,8.48,--,268,227264,卖盘
2552,11:13:03,8.48,--,62,52576,卖盘
2553,11:13:00,8.48,-0.01,53,44944,卖盘
2554,11:12:57,8.49,0.01,85,72165,买盘
2555,11:12:54,8.48,--,161,136528,卖盘
2556,11:12:51,8.48,-0.01,73,61904,卖盘
2557,11:12:48,8.49,0.01,1,849,买盘
2558,11:12:45,8.48,-0.01,34,28832,卖盘
2559,11:12:42,8.49,--,376,319224,买盘
2560,11:12:39,8.49,0.01,134,113766,买盘
2561,11:12:36,8.48,-0.01,78,66144,卖盘
2562,11:12:33,8.49,0.01,181,153669,买盘
2563,11:12:30,8.48,--,2,1696,卖盘
2564,11:12:27,8.48,--,237,200976,卖盘
2565,11:12:24,8.48,-0.01,243,206064,卖盘
2566,11:12:21,8.49,--,251,213099,买盘
2567,11:12:18,8.49,--,39,33111,买盘
2568,11:12:15,8.49,--,66,56034,买盘
2569,11:12:12,8.49,--,767,651183,买盘
2570,11:12:09,8.49,0.01,306,259794,买盘
2571,11:12:06,8.48,-0.01,550,466400,卖盘
2572,11:12:03,8.49,--,5,4245,卖盘
2573,11:12:00,8.49,--,2,1698,卖盘
2574,11:11:57,8.49,--,95,80655,卖盘
2575,11:11:54,8.49,--,1,849,卖盘
2576,11:11:51,8.49,-0.01,194,164706,卖盘
2577,11:11:48,8.5,--,96,81600,买盘
2578,11:11:45,8.5,0.01,18,15300,买盘
2579,11:11:42,8.49,--,41,34809,卖盘
2580,11:11:39,8.49,--,107,90843,卖盘
2581,11:11:36,8.49,-0.01,10,8490,卖盘
2582,11:11:33,8.5,0.01,155,131750,买盘
2583,11:11:30,8.49,--,33,28017,卖盘
2584,11:11:27,8.49,--,244,207156,卖盘
2585,11:11:24,8.49,--,183,155367,卖盘
2586,11:11:21,8.49,-0.01,690,585810,卖盘
2587,11:11:18,8.5,0.01,91,77350,买盘
2588,11:11:15,8.49,--,52,44148,卖盘
2589,11:11:12,8.49,-0.01,45,38205,卖盘
2590,11:11:09,8.5,0.01,198,168300,买盘
2591,11:11:06,8.49,--,114,96786,卖盘
2592,11:11:03,8.49,--,11,9339,卖盘
2593,11:11:00,8.49,--,561,476289,卖盘
2594,11:10:57,8.49,-0.01,85,72165,卖盘
2595,11:10:54,8.5,--,83,70550,买盘
2596,11:10:51,8.5,0.01,34,28900,买盘
2597,11:10:48,8.49,-0.01,279,236871,卖盘
2598,11:10:45,8.5,0.01,68,57800,买盘
2599,11:10:42,8.49,--,113,95937,卖盘
2600,11:10:39,8.49,--,32,27168,卖盘
2601,11:10:36,8.49,--,81,68769,卖盘
2602,11:10:33,8.49,--,6,5094,卖盘
2603,11:10:30,8.49,--,148,125652,买盘
2604,11:10:27,8.49,0.01,182,154518,买盘
2605,11:10:24,8.48,-0.01,35,29680,卖盘
2606,11:10:21,8.49,0.01,2022,1716678,买盘
2607,11:10:18,8.48,-0.01,843,714864,卖盘
2608,11:10:15,8.49,0.01,437,371013,买盘
2609,11:10:12,8.48,-0.01,131,111088,卖盘
2610,11:10:09,8.49,--,141,119709,买盘
2611,11:10:06,8.49,0.01,111,94239,买盘
2612,11:10:03,8.48,--,19,16112,卖盘
2613,11:10:00,8.48,--,46,39008,卖盘
2614,11:09:57,8.48,--,109,92432,卖盘
2615,11:09:54,8.48,--,57,48336,卖盘
2616,11:09:51,8.48,--,1302,1104096,卖盘
2617,11:09:48,8.48,--,32,27136,卖盘
2618,11:09:45,8.48,-0.01,55,46640,卖盘
2619,11:09:42,8.49,--,51,43299,买盘
2620,11:09:39,8.49,-0.01,1528,1297272,卖盘
2621,11:09:36,8.5,0.01,84,71400,买盘
2622,11:09:33,8.49,--,165,140085,卖盘
2623,11:09:30,8.49,--,35,29715,卖盘
2624,11:09:27,8.49,--,360,305640,卖盘
2625,11:09:24,8.49,--,176,149424,卖盘
2626,11:09:21,8.49,-0.01,145,123105,卖盘
2627,11:09:18,8.5,0.01,291,247350,买盘
2628,11:09:15,8.49,--,111,94239,卖盘
2629,11:09:12,8.49,--,34,28866,卖盘
2630,11:09:09,8.49,--,1050,891450,卖盘
2631,11:09:06,8.49,--,88,74712,卖盘
2632,11:09:03,8.49,--,39,33111,卖盘
2633,11:09:00,8.49,--,108,91692,卖盘
2634,11:08:57,8.49,--,193,163857,卖盘
2635,11:08:54,8.49,--,486,412614,卖盘
2636,11:08:51,8.49,--,16,13584,卖盘
2637,11:08:48,8.49,--,137,116313,卖盘
2638,11:08:45,8.49,--,24,20376,卖盘
2639,11:08:42,8.49,--,100,84900,卖盘
2640,11:08:39,8.49,-0.01,24,20376,卖盘
2641,11:08:36,8.5,--,1,850,买盘
2642,11:08:33,8.5,--,5,4250,买盘
2643,11:08:30,8.5,-0.01,6234,5298900,卖盘
2644,11:08:27,8.51,--,163,138713,买盘
2645,11:08:24,8.51,--,2141,1821991,卖盘
2646,11:08:21,8.51,-0.01,17,14467,卖盘
2647,11:08:18,8.52,--,77,65604,买盘
2648,11:08:15,8.52,0.01,30,25560,买盘
2649,11:08:12,8.51,-0.01,44,37444,卖盘
2650,11:08:09,8.52,0.01,27,23004,买盘
2651,11:08:06,8.51,-0.01,16,13616,卖盘
2652,11:08:03,8.52,0.01,42,35784,买盘
2653,11:08:00,8.51,-0.01,116,98716,卖盘
2654,11:07:57,8.52,--,68,57936,买盘
2655,11:07:54,8.52,--,1,852,买盘
2656,11:07:51,8.52,--,143,121836,买盘
2657,11:07:48,8.52,0.01,37,31524,买盘
2658,11:07:45,8.51,-0.01,72,61272,卖盘
2659,11:07:42,8.52,--,77,65604,买盘
2660,11:07:39,8.52,0.01,21,17892,买盘
2661,11:07:36,8.51,-0.01,12,10212,卖盘
2662,11:07:33,8.52,0.01,100,85200,买盘
2663,11:07:30,8.51,--,121,102971,卖盘
2664,11:07:27,8.51,-0.01,20,17020,卖盘
2665,11:07:24,8.52,0.01,3,2556,买盘
2666,11:07:21,8.51,-0.01,68,57868,卖盘
2667,11:07:18,8.52,0.01,64,54528,买盘
2668,11:07:15,8.51,--,1,851,卖盘
2669,11:07:12,8.51,-0.01,128,108928,卖盘
2670,11:07:09,8.52,--,24,20448,买盘
2671,11:07:06,8.52,--,42,35784,买盘
2672,11:07:03,8.52,0.01,148,126096,买盘
2673,11:07:00,8.51,--,20,17020,卖盘
2674,11:06:57,8.51,-0.01,2002,1703702,卖盘
2675,11:06:54,8.52,-0.01,21,17892,卖盘
2676,11:06:51,8.53,0.01,48,40944,买盘
2677,11:06:48,8.52,--,132,112464,卖盘
2678,11:06:45,8.52,-0.01,26,22152,卖盘
2679,11:06:42,8.53,0.01,48,40944,买盘
2680,11:06:39,8.52,-0.01,66,56232,卖盘
2681,11:06:36,8.53,--,6,5118,买盘
2682,11:06:33,8.53,0.01,7,5971,买盘
2683,11:06:30,8.52,--,1,852,卖盘
2684,11:06:27,8.52,--,24,20448,卖盘
2685,11:06:24,8.52,--,48,40896,卖盘
2686,11:06:21,8.52,--,147,125244,卖盘
2687,11:06:18,8.52,--,84,71568,卖盘
2688,11:06:15,8.52,--,151,128652,卖盘
2689,11:06:12,8.52,--,78,66456,卖盘
2690,11:06:09,8.52,--,4,3408,卖盘
2691,11:06:06,8.52,--,67,57084,卖盘
2692,11:06:03,8.52,--,59,50268,卖盘
2693,11:06:00,8.52,--,153,130356,卖盘
2694,11:05:57,8.52,--,17,14484,卖盘
2695,11:05:54,8.52,--,5,4260,卖盘
2696,11:05:51,8.52,-0.01,34,28968,卖盘
2697,11:05:48,8.53,0.01,91,77623,买盘
2698,11:05:45,8.52,-0.01,415,353580,卖盘
2699,11:05:42,8.53,--,126,107477,买盘
2700,11:05:39,8.53,--,118,100653,买盘
2701,11:05:36,8.53,--,46,39238,买盘
2702,11:05:33,8.53,--,34,29001,买盘
2703,11:05:30,8.53,0.01,61,52032,买盘
2704,11:05:27,8.52,--,134,114168,卖盘
2705,11:05:24,8.52,--,42,35784,卖盘
2706,11:05:21,8.52,--,85,72420,卖盘
2707,11:05:18,8.52,--,41,34932,卖盘
2708,11:05:15,8.52,--,24,20448,卖盘
2709,11:05:12,8.52,--,657,559764,卖盘
2710,11:05:09,8.52,--,71,60492,卖盘
2711,11:05:06,8.52,--,206,175512,卖盘
2712,11:05:03,8.52,--,43,36636,卖盘
2713,11:05:00,8.52,--,18,15336,卖盘
2714,11:04:57,8.52,--,100,85200,卖盘
2715,11:04:54,8.52,-0.01,74,63048,卖盘
2716,11:04:51,8.53,--,148,126243,买盘
2717,11:04:48,8.53,0.01,5,4265,买盘
2718,11:04:45,8.52,--,86,73272,卖盘
2719,11:04:42,8.52,--,1,852,卖盘
2720,11:04:39,8.52,-0.01,2,1704,卖盘
2721,11:04:36,8.53,--,25,21325,买盘
2722,11:04:33,8.53,--,20,17060,买盘
2723,11:04:30,8.53,--,26,22178,买盘
2724,11:04:27,8.53,-0.01,785,669605,卖盘
2725,11:04:24,8.54,0.01,5,4270,买盘
2726,11:04:21,8.53,--,22,18766,卖盘
2727,11:04:18,8.53,--,773,659369,卖盘
2728,11:04:15,8.53,--,7,5971,卖盘
2729,11:04:12,8.53,-0.01,75,63974,卖盘
2730,11:04:09,8.54,--,7,5977,买盘
2731,11:04:06,8.54,0.01,32,27327,买盘
2732,11:04:03,8.53,-0.01,10,8530,卖盘
2733,11:04:00,8.54,0.01,8,6831,买盘
2734,11:03:57,8.53,--,2,1705,卖盘
2735,11:03:54,8.53,--,58,49473,卖盘
2736,11:03:51,8.53,-0.01,82,69946,卖盘
2737,11:03:48,8.54,--,24,20495,买盘
2738,11:03:45,8.54,0.01,21,17934,买盘
2739,11:03:42,8.53,-0.01,103,87859,卖盘
2740,11:03:39,8.54,0.01,6,5123,买盘
2741,11:03:36,8.53,-0.01,109,92977,卖盘
2742,11:03:33,8.54,0.01,15,12809,买盘
2743,11:03:30,8.53,--,4,3411,卖盘
2744,11:03:27,8.53,--,10,8530,卖盘
2745,11:03:24,8.53,--,39,33267,卖盘
2746,11:03:21,8.53,--,4,3411,卖盘
2747,11:03:18,8.53,--,105,89565,卖盘
2748,11:03:15,8.53,--,25,21325,卖盘
2749,11:03:12,8.53,--,6,5118,卖盘
2750,11:03:09,8.53,--,288,245663,卖盘
2751,11:03:06,8.53,-0.01,76,64827,卖盘
2752,11:03:03,8.54,0.01,96,81983,买盘
2753,11:03:00,8.53,--,62,52885,卖盘
2754,11:02:57,8.53,--,40,34120,卖盘
2755,11:02:51,8.53,--,34,29001,卖盘
2756,11:02:45,8.53,--,23,19619,卖盘
2757,11:02:42,8.53,--,171,145863,卖盘
2758,11:02:39,8.53,--,66,56297,卖盘
2759,11:02:36,8.53,--,30,25589,卖盘
2760,11:02:33,8.53,--,50,42650,卖盘
2761,11:02:30,8.53,-0.01,3,2559,卖盘
2762,11:02:27,8.54,0.01,77,65758,买盘
2763,11:02:24,8.53,--,185,157805,卖盘
2764,11:02:21,8.53,--,26,22178,卖盘
2765,11:02:18,8.53,--,516,440147,卖盘
2766,11:02:15,8.53,-0.01,86,73358,卖盘
2767,11:02:12,8.54,0.01,110,93939,买盘
2768,11:02:09,8.53,--,236,201307,卖盘
2769,11:02:06,8.53,--,7,5971,卖盘
2770,11:02:00,8.53,--,259,220926,卖盘
2771,11:01:54,8.53,--,60,51179,卖盘
2772,11:01:51,8.53,--,19,16206,卖盘
2773,11:01:48,8.53,--,2,1705,卖盘
2774,11:01:42,8.53,-0.01,89,75917,卖盘
2775,11:01:39,8.54,--,755,644769,卖盘
2776,11:01:36,8.54,-0.01,62,52947,卖盘
2777,11:01:33,8.55,0.01,6,5130,买盘
2778,11:01:30,8.54,-0.01,69,58925,卖盘
2779,11:01:27,8.55,0.01,59,50445,买盘
2780,11:01:24,8.54,--,65,55509,卖盘
2781,11:01:21,8.54,-0.01,105,89669,卖盘
2782,11:01:18,8.55,0.01,149,127395,买盘
2783,11:01:15,8.54,-0.01,78,66612,卖盘
2784,11:01:12,8.55,0.01,4,3420,买盘
2785,11:01:09,8.54,--,107,91377,卖盘
2786,11:01:06,8.54,-0.01,9,7685,卖盘
2787,11:01:03,8.55,0.01,60,51300,买盘
2788,11:01:00,8.54,--,10,8540,卖盘
2789,11:00:57,8.54,-0.01,403,344161,卖盘
2790,11:00:54,8.55,--,2,1710,买盘
2791,11:00:51,8.55,--,63,53865,买盘
2792,11:00:48,8.55,--,92,78660,买盘
2793,11:00:45,8.55,0.01,27,23085,买盘
2794,11:00:42,8.54,--,30,25619,卖盘
2795,11:00:39,8.54,--,149,127245,卖盘
2796,11:00:36,8.54,-0.01,51,43553,卖盘
2797,11:00:33,8.55,0.01,10,8550,买盘
2798,11:00:30,8.54,-0.01,5,4270,卖盘
2799,11:00:27,8.55,0.01,322,275310,买盘
2800,11:00:24,8.54,--,39,33306,卖盘
2801,11:00:21,8.54,--,30,25619,卖盘
2802,11:00:18,8.54,--,76,64903,卖盘
2803,11:00:15,8.54,--,164,140056,卖盘
2804,11:00:12,8.54,-0.01,15,12809,卖盘
2805,11:00:09,8.55,0.01,1,855,买盘
2806,11:00:06,8.54,-0.01,16,13663,卖盘
2807,11:00:00,8.55,0.01,19,16245,买盘
2808,10:59:57,8.54,--,55,46969,卖盘
2809,10:59:54,8.54,--,6,5123,卖盘
2810,10:59:51,8.54,--,10,8540,卖盘
2811,10:59:48,8.54,--,2,1707,卖盘
2812,10:59:45,8.54,--,6,5123,卖盘
2813,10:59:42,8.54,--,16,13663,卖盘
2814,10:59:39,8.54,--,31,26473,卖盘
2815,10:59:36,8.54,-0.01,63,53801,卖盘
2816,10:59:33,8.55,0.01,10,8550,买盘
2817,10:59:30,8.54,-0.01,46,39283,卖盘
2818,10:59:27,8.55,0.01,34,29070,买盘
2819,10:59:21,8.54,-0.01,4,3415,卖盘
2820,10:59:15,8.55,--,547,467685,卖盘
2821,10:59:12,8.55,--,51,43605,卖盘
2822,10:59:09,8.55,--,5,4275,卖盘
2823,10:59:06,8.55,--,43,36765,卖盘
2824,10:59:03,8.55,--,11,9405,卖盘
2825,10:59:00,8.55,-0.01,3,2565,卖盘
2826,10:58:57,8.56,0.01,28,23968,买盘
2827,10:58:48,8.55,--,1,855,卖盘
2828,10:58:45,8.55,--,53,45315,卖盘
2829,10:58:42,8.55,--,1000,855000,卖盘
2830,10:58:39,8.55,-0.01,52,44460,卖盘
2831,10:58:36,8.56,0.01,70,59920,买盘
2832,10:58:33,8.55,--,28,23940,卖盘
2833,10:58:30,8.55,--,27,23085,卖盘
2834,10:58:27,8.55,-0.01,6,5130,卖盘
2835,10:58:24,8.56,0.01,163,139528,买盘
2836,10:58:21,8.55,--,3,2565,卖盘
2837,10:58:18,8.55,--,498,425790,卖盘
2838,10:58:15,8.55,-0.01,19,16245,卖盘
2839,10:58:12,8.56,0.01,42,35952,买盘
2840,10:58:09,8.55,-0.01,3,2565,卖盘
2841,10:58:06,8.56,0.01,19,16264,买盘
2842,10:58:03,8.55,--,51,43605,卖盘
2843,10:58:00,8.55,0.01,741,633555,买盘
2844,10:57:57,8.54,-0.01,52,44407,卖盘
2845,10:57:54,8.55,--,46,39330,买盘
2846,10:57:51,8.55,--,67,57285,买盘
2847,10:57:48,8.55,0.01,5,4275,买盘
2848,10:57:45,8.54,--,69,58925,卖盘
2849,10:57:42,8.54,--,2,1707,卖盘
2850,10:57:39,8.54,-0.01,81,69174,卖盘
2851,10:57:36,8.55,--,21,17955,买盘
2852,10:57:33,8.55,--,16,13680,买盘
2853,10:57:30,8.55,--,6,5130,买盘
2854,10:57:27,8.55,--,49,41895,买盘
2855,10:57:24,8.55,0.01,54,46170,买盘
2856,10:57:21,8.54,-0.01,29,24765,卖盘
2857,10:57:18,8.55,--,4,3420,买盘
2858,10:57:15,8.55,--,101,86355,买盘
2859,10:57:12,8.55,0.01,3,2565,买盘
2860,10:57:09,8.54,-0.01,2,1707,卖盘
2861,10:57:06,8.55,--,171,146205,买盘
2862,10:57:03,8.55,--,7,5985,卖盘
