,time,price,change,volume,amount,type
0,15:00:03,11.39,0.01,3301,3759839,买盘
1,14:57:00,11.38,--,25,28450,卖盘
2,14:56:57,11.38,--,160,182080,买盘
3,14:56:54,11.38,0.01,35,39830,买盘
4,14:56:51,11.37,--,101,114836,卖盘
5,14:56:48,11.37,-0.01,116,131892,卖盘
6,14:56:45,11.38,0.01,103,117214,买盘
7,14:56:42,11.37,-0.01,2,2274,卖盘
8,14:56:39,11.38,--,27,30726,买盘
9,14:56:36,11.38,--,381,433578,买盘
10,14:56:33,11.38,0.01,297,337986,买盘
11,14:56:30,11.37,--,33,37521,卖盘
12,14:56:27,11.37,-0.01,58,65946,卖盘
13,14:56:24,11.38,--,201,228738,卖盘
14,14:56:21,11.38,--,18,20484,卖盘
15,14:56:18,11.38,--,45,51210,卖盘
16,14:56:15,11.38,--,98,111524,卖盘
17,14:56:12,11.38,--,25,28450,卖盘
18,14:56:09,11.38,--,50,56900,卖盘
19,14:56:06,11.38,-0.01,8,9104,卖盘
20,14:56:03,11.39,--,21,23919,买盘
21,14:56:00,11.39,--,131,149209,买盘
22,14:55:57,11.39,0.01,16,18224,买盘
23,14:55:54,11.38,-0.02,60,68757,卖盘
24,14:55:48,11.4,0.01,10,11400,买盘
25,14:55:45,11.39,--,91,104309,买盘
26,14:55:42,11.39,--,49,55811,买盘
27,14:55:39,11.39,--,134,152626,买盘
28,14:55:36,11.39,--,58,66062,买盘
29,14:55:33,11.39,0.01,26,29614,中性盘
30,14:55:24,11.38,-0.01,101,114938,卖盘
31,14:55:21,11.39,--,191,217549,卖盘
32,14:55:18,11.39,--,3,3417,卖盘
33,14:55:15,11.39,--,6,6834,卖盘
34,14:55:06,11.39,--,26,29614,卖盘
35,14:55:00,11.39,0.01,148,168572,买盘
36,14:54:54,11.38,--,2,2276,卖盘
37,14:54:51,11.38,-0.01,20,22760,卖盘
38,14:54:48,11.39,--,3,3417,买盘
39,14:54:45,11.39,0.01,14,15946,买盘
40,14:54:42,11.38,-0.01,74,84212,卖盘
41,14:54:39,11.39,--,36,41004,买盘
42,14:54:36,11.39,--,10,11390,买盘
43,14:54:33,11.39,-0.01,321,365619,卖盘
44,14:54:30,11.4,0.01,13,14820,买盘
45,14:54:27,11.39,--,209,238051,卖盘
46,14:54:24,11.39,--,23,26197,卖盘
47,14:54:21,11.39,--,10,11390,卖盘
48,14:54:18,11.39,--,613,698810,买盘
49,14:54:12,11.39,0.01,32,36448,买盘
50,14:54:09,11.38,-0.01,85,96730,卖盘
51,14:54:03,11.39,0.01,5,5695,买盘
52,14:54:00,11.38,-0.01,93,105834,卖盘
53,14:53:57,11.39,0.01,1,1139,买盘
54,14:53:54,11.38,-0.01,2,2276,卖盘
55,14:53:51,11.39,0.01,108,123012,买盘
56,14:53:48,11.38,-0.01,2,2276,卖盘
57,14:53:42,11.39,0.01,146,166294,买盘
58,14:53:36,11.38,--,145,165010,卖盘
59,14:53:33,11.38,--,6,6828,卖盘
60,14:53:27,11.38,--,9,10242,卖盘
61,14:53:24,11.38,-0.01,18,20484,卖盘
62,14:53:21,11.39,0.01,193,219827,买盘
63,14:53:18,11.38,-0.01,25,28450,卖盘
64,14:53:15,11.39,--,12,13668,买盘
65,14:53:09,11.39,0.01,35,39865,买盘
66,14:53:06,11.38,-0.01,54,61452,卖盘
67,14:53:03,11.39,0.01,46,52394,买盘
68,14:53:00,11.38,--,190,216220,卖盘
69,14:52:57,11.38,--,12,13656,卖盘
70,14:52:54,11.38,--,5,5690,卖盘
71,14:52:51,11.38,--,100,113800,卖盘
72,14:52:48,11.38,-0.01,134,152492,卖盘
73,14:52:45,11.39,0.01,1,1139,买盘
74,14:52:42,11.38,--,146,166148,卖盘
75,14:52:39,11.38,--,3,3414,卖盘
76,14:52:36,11.38,--,100,113800,卖盘
77,14:52:30,11.38,--,17,19346,卖盘
78,14:52:27,11.38,--,353,401714,买盘
79,14:52:24,11.38,--,72,81936,买盘
80,14:52:21,11.38,0.01,20,22760,买盘
81,14:52:18,11.37,-0.01,18,20466,卖盘
82,14:52:15,11.38,0.01,52,59176,买盘
83,14:52:12,11.37,-0.01,20,22740,卖盘
84,14:52:09,11.38,0.01,7,7966,买盘
85,14:52:06,11.37,-0.01,179,203523,卖盘
86,14:52:03,11.38,--,38,43244,卖盘
87,14:52:00,11.38,-0.01,74,84212,卖盘
88,14:51:57,11.39,0.01,41,46699,买盘
89,14:51:54,11.38,-0.01,214,243532,卖盘
90,14:51:51,11.39,--,122,138958,买盘
91,14:51:45,11.39,0.01,1,1139,买盘
92,14:51:39,11.38,-0.01,25,28450,中性盘
93,14:51:33,11.39,--,10,11390,买盘
94,14:51:30,11.39,0.01,363,413457,买盘
95,14:51:27,11.38,-0.01,54,61452,卖盘
96,14:51:24,11.39,0.01,29,33031,买盘
97,14:51:21,11.38,--,77,87626,卖盘
98,14:51:18,11.38,--,12,13656,买盘
99,14:51:12,11.38,-0.01,15,17070,卖盘
100,14:51:09,11.39,0.02,100,113900,买盘
101,14:51:06,11.37,--,40,45480,卖盘
102,14:51:03,11.37,-0.01,198,225125,卖盘
103,14:51:00,11.38,--,53,60314,卖盘
104,14:50:57,11.38,--,1,1138,卖盘
105,14:50:54,11.38,--,19,21622,卖盘
106,14:50:48,11.38,-0.01,40,45520,卖盘
107,14:50:45,11.39,0.01,11,12529,买盘
108,14:50:42,11.38,-0.01,90,102420,卖盘
109,14:50:36,11.39,0.01,10,11390,买盘
110,14:50:33,11.38,--,5,5690,卖盘
111,14:50:30,11.38,--,70,79660,卖盘
112,14:50:24,11.38,--,8,9104,卖盘
113,14:50:21,11.38,--,28,31864,卖盘
114,14:50:18,11.38,--,60,68280,卖盘
115,14:50:12,11.38,-0.01,84,95592,卖盘
116,14:50:06,11.39,--,1,1139,买盘
117,14:50:03,11.39,0.01,31,35309,买盘
118,14:49:57,11.38,--,11,12518,卖盘
119,14:49:54,11.38,--,14,15932,卖盘
120,14:49:48,11.38,-0.02,51,58038,卖盘
121,14:49:45,11.4,--,1,1140,买盘
122,14:49:42,11.4,0.01,40,45600,买盘
123,14:49:39,11.39,--,10,11390,卖盘
124,14:49:36,11.39,--,161,183379,卖盘
125,14:49:33,11.39,-0.01,99,112761,卖盘
126,14:49:30,11.4,0.01,48,54720,买盘
127,14:49:27,11.39,--,4,4556,卖盘
128,14:49:24,11.39,--,4,4556,卖盘
129,14:49:21,11.39,--,27,30753,卖盘
130,14:49:18,11.39,--,1,1139,卖盘
131,14:49:15,11.39,--,135,153765,买盘
132,14:49:12,11.39,0.01,30,34170,买盘
133,14:49:06,11.38,-0.01,68,77384,卖盘
134,14:49:03,11.39,0.01,1,1139,买盘
135,14:48:57,11.38,-0.01,4,4552,卖盘
136,14:48:54,11.39,0.01,2,2278,中性盘
137,14:48:51,11.38,-0.02,1,1138,中性盘
138,14:48:45,11.4,0.03,1,1140,买盘
139,14:48:42,11.37,-0.02,165,187605,卖盘
140,14:48:39,11.39,0.02,60,68340,买盘
141,14:48:36,11.37,-0.01,163,185331,卖盘
142,14:48:33,11.38,--,56,63728,卖盘
143,14:48:30,11.38,--,153,174114,卖盘
144,14:48:27,11.38,0.01,126,143718,买盘
145,14:48:24,11.37,-0.01,27,30698,卖盘
146,14:48:21,11.38,--,11,12518,买盘
147,14:48:18,11.38,0.01,10,11380,买盘
148,14:48:15,11.37,--,31,35247,卖盘
149,14:48:12,11.37,--,25,28424,卖盘
150,14:48:09,11.37,-0.01,2,2274,卖盘
151,14:48:06,11.38,0.01,49,55762,买盘
152,14:48:03,11.37,--,25,28424,买盘
153,14:48:00,11.37,--,6,6821,买盘
154,14:47:57,11.37,0.01,160,181920,买盘
155,14:47:54,11.36,--,4,4544,卖盘
156,14:47:51,11.36,--,11,12496,卖盘
157,14:47:48,11.36,-0.01,1,1136,卖盘
158,14:47:45,11.37,0.01,11,12507,中性盘
159,14:47:39,11.36,--,6,6816,卖盘
160,14:47:33,11.36,--,85,96560,卖盘
161,14:47:30,11.36,--,30,34080,买盘
162,14:47:27,11.36,0.01,72,81792,买盘
163,14:47:24,11.35,-0.01,3,3405,卖盘
164,14:47:21,11.36,--,31,35216,买盘
165,14:47:18,11.36,--,101,114736,买盘
166,14:47:15,11.36,--,7,7952,买盘
167,14:47:12,11.36,0.01,171,194256,买盘
168,14:47:09,11.35,--,6,6810,卖盘
169,14:47:06,11.35,-0.01,28,31780,卖盘
170,14:47:03,11.36,--,20,22720,买盘
171,14:47:00,11.36,--,149,169264,买盘
172,14:46:57,11.36,--,14,15904,买盘
173,14:46:54,11.36,0.01,37,42032,买盘
174,14:46:51,11.35,-0.01,506,574310,卖盘
175,14:46:48,11.36,-0.01,304,345344,卖盘
176,14:46:45,11.37,-0.01,58,65946,卖盘
177,14:46:42,11.38,--,14,15932,买盘
178,14:46:39,11.38,0.01,98,111524,买盘
179,14:46:33,11.37,-0.01,11,12507,卖盘
180,14:46:27,11.38,--,10,11380,买盘
181,14:46:24,11.38,--,28,31864,买盘
182,14:46:21,11.38,0.01,1,1138,买盘
183,14:46:18,11.37,-0.01,116,131892,卖盘
184,14:46:15,11.38,-0.01,844,961279,卖盘
185,14:46:12,11.39,--,17,19363,卖盘
186,14:46:09,11.39,--,3,3417,卖盘
187,14:46:06,11.39,--,1,1139,卖盘
188,14:46:00,11.39,--,29,33361,买盘
189,14:45:57,11.39,--,110,125290,买盘
190,14:45:54,11.39,0.01,76,86564,买盘
191,14:45:51,11.38,-0.01,9,10242,卖盘
192,14:45:48,11.39,--,57,64923,买盘
193,14:45:45,11.39,0.01,16,18224,买盘
194,14:45:42,11.38,-0.01,10,11380,卖盘
195,14:45:39,11.39,--,125,142375,买盘
196,14:45:36,11.39,-0.01,1709,1947359,卖盘
197,14:45:33,11.4,--,1,1140,卖盘
198,14:45:30,11.4,--,61,69540,卖盘
199,14:45:27,11.4,--,60,68400,卖盘
200,14:45:24,11.4,--,9,10260,卖盘
201,14:45:21,11.4,--,1,1140,卖盘
202,14:45:12,11.4,--,133,151620,卖盘
203,14:45:09,11.4,-0.01,2,2280,卖盘
204,14:45:06,11.41,-0.01,126,143766,卖盘
205,14:45:03,11.42,0.01,19,21698,买盘
206,14:45:00,11.41,--,1,1141,卖盘
207,14:44:57,11.41,--,2,2282,卖盘
208,14:44:54,11.41,0.01,43,49063,中性盘
209,14:44:48,11.4,-0.01,21,23940,卖盘
210,14:44:45,11.41,--,53,60473,卖盘
211,14:44:42,11.41,-0.01,35,39935,卖盘
212,14:44:39,11.42,0.01,16,18272,买盘
213,14:44:36,11.41,--,100,114100,买盘
214,14:44:33,11.41,--,66,75306,买盘
215,14:44:30,11.41,--,30,34230,买盘
216,14:44:27,11.41,--,6,6846,买盘
217,14:44:24,11.41,-0.01,56,63896,买盘
218,14:44:18,11.42,0.01,35,39970,买盘
219,14:44:15,11.41,--,1003,1144423,卖盘
220,14:44:12,11.41,-0.01,1,1141,卖盘
221,14:44:09,11.42,--,36,41112,买盘
222,14:44:06,11.42,--,47,53674,买盘
223,14:44:03,11.42,--,20,22840,买盘
224,14:44:00,11.42,0.01,59,67378,买盘
225,14:43:54,11.41,-0.01,15,17115,卖盘
226,14:43:51,11.42,--,130,148460,买盘
227,14:43:48,11.42,--,10,11420,买盘
228,14:43:45,11.42,--,131,149602,买盘
229,14:43:42,11.42,--,2,2284,买盘
230,14:43:39,11.42,--,25,28550,买盘
231,14:43:36,11.42,0.01,533,608686,买盘
232,14:43:33,11.41,-0.01,178,203098,卖盘
233,14:43:30,11.42,0.01,2,2284,买盘
234,14:43:27,11.41,-0.01,16,18256,卖盘
235,14:43:24,11.42,--,12,13704,买盘
236,14:43:21,11.42,0.01,10,11420,买盘
237,14:43:18,11.41,-0.01,93,106113,卖盘
238,14:43:15,11.42,--,17,19414,买盘
239,14:43:12,11.42,0.01,18,20556,买盘
240,14:43:09,11.41,-0.01,3,3423,卖盘
241,14:43:06,11.42,--,158,180436,买盘
242,14:43:03,11.42,0.01,23,26266,买盘
243,14:43:00,11.41,-0.01,57,65037,卖盘
244,14:42:57,11.42,--,19,21698,买盘
245,14:42:54,11.42,0.01,157,179294,买盘
246,14:42:48,11.41,--,3,3423,卖盘
247,14:42:45,11.41,--,31,35371,卖盘
248,14:42:42,11.41,-0.01,1,1141,卖盘
249,14:42:39,11.42,0.01,19,21698,买盘
250,14:42:36,11.41,--,61,69601,卖盘
251,14:42:33,11.41,-0.01,1,1141,卖盘
252,14:42:30,11.42,--,31,35402,买盘
253,14:42:27,11.42,--,52,59384,买盘
254,14:42:24,11.42,--,3,3426,买盘
255,14:42:21,11.42,0.01,15,17130,买盘
256,14:42:18,11.41,-0.01,2,2282,卖盘
257,14:42:12,11.42,0.01,2,2284,买盘
258,14:42:09,11.41,--,129,147189,卖盘
259,14:42:06,11.41,-0.01,3,3423,卖盘
260,14:42:03,11.42,0.01,2,2284,买盘
261,14:42:00,11.41,-0.01,1,1141,卖盘
262,14:41:57,11.42,0.01,24,27408,买盘
263,14:41:54,11.41,-0.01,21,23961,卖盘
264,14:41:51,11.42,--,27,30834,买盘
265,14:41:48,11.42,--,56,63952,买盘
266,14:41:45,11.42,0.01,10,11420,买盘
267,14:41:42,11.41,-0.01,1,1141,卖盘
268,14:41:39,11.42,0.01,61,69662,买盘
269,14:41:36,11.41,-0.01,13,14833,卖盘
270,14:41:33,11.42,--,197,224974,买盘
271,14:41:30,11.42,0.01,53,60526,买盘
272,14:41:27,11.41,-0.01,14,15974,卖盘
273,14:41:24,11.42,--,1,1142,买盘
274,14:41:18,11.42,--,122,139324,买盘
275,14:41:15,11.42,0.01,3,3426,买盘
276,14:41:12,11.41,--,2,2282,卖盘
277,14:41:09,11.41,--,4,4564,卖盘
278,14:41:06,11.41,-0.01,103,117523,卖盘
279,14:41:03,11.42,0.01,20,22840,买盘
280,14:40:57,11.41,--,5,5705,卖盘
281,14:40:54,11.41,--,1,1141,卖盘
282,14:40:51,11.41,-0.01,5,5705,卖盘
283,14:40:48,11.42,0.01,22,25124,买盘
284,14:40:45,11.41,-0.01,14,15974,卖盘
285,14:40:42,11.42,0.01,17,19414,买盘
286,14:40:39,11.41,--,45,51345,卖盘
287,14:40:36,11.41,-0.01,2,2282,卖盘
288,14:40:33,11.42,--,7,7994,买盘
289,14:40:27,11.42,--,22,25124,买盘
290,14:40:24,11.42,--,1,1142,买盘
291,14:40:21,11.42,0.01,112,127904,买盘
292,14:40:18,11.41,-0.01,1,1141,卖盘
293,14:40:15,11.42,--,202,230684,买盘
294,14:40:12,11.42,0.01,2,2284,买盘
295,14:40:09,11.41,--,113,128933,卖盘
296,14:40:06,11.41,-0.01,16,18256,卖盘
297,14:40:03,11.42,--,5,5710,买盘
298,14:40:00,11.42,0.01,3,3426,买盘
299,14:39:57,11.41,--,12,13692,卖盘
300,14:39:54,11.41,-0.01,40,45640,卖盘
301,14:39:48,11.42,0.01,2,2284,买盘
302,14:39:45,11.41,--,631,720575,买盘
303,14:39:42,11.41,--,7,7987,买盘
304,14:39:39,11.41,--,16,18256,买盘
305,14:39:36,11.41,0.01,1,1141,买盘
306,14:39:33,11.4,-0.01,25,28500,卖盘
307,14:39:30,11.41,--,18,20538,买盘
308,14:39:27,11.41,--,25,28525,买盘
309,14:39:24,11.41,0.01,81,92421,买盘
310,14:39:18,11.4,-0.01,119,135660,卖盘
311,14:39:15,11.41,--,9,10269,买盘
312,14:39:12,11.41,--,52,59332,买盘
313,14:39:09,11.41,0.01,396,451836,买盘
314,14:39:06,11.4,-0.01,19,21660,卖盘
315,14:39:03,11.41,0.01,40,45640,买盘
316,14:39:00,11.4,--,17,19380,卖盘
317,14:38:57,11.4,-0.01,21,23940,卖盘
318,14:38:54,11.41,--,53,60473,买盘
319,14:38:45,11.41,--,57,65037,买盘
320,14:38:42,11.41,0.01,35,39935,买盘
321,14:38:39,11.4,-0.01,52,59280,卖盘
322,14:38:36,11.41,0.01,2,2282,买盘
323,14:38:33,11.4,-0.01,11,12540,卖盘
324,14:38:30,11.41,0.01,7,7987,买盘
325,14:38:27,11.4,-0.01,2,2280,卖盘
326,14:38:24,11.41,0.01,1,1141,买盘
327,14:38:21,11.4,-0.01,13,14820,卖盘
328,14:38:18,11.41,--,37,42753,卖盘
329,14:38:15,11.41,-0.01,397,453581,卖盘
330,14:38:09,11.42,0.01,17,19414,买盘
331,14:38:06,11.41,-0.01,115,131215,卖盘
332,14:38:03,11.42,0.01,14,15988,买盘
333,14:38:00,11.41,--,82,93562,卖盘
334,14:37:57,11.41,0.01,445,507745,买盘
335,14:37:54,11.4,--,152,173280,卖盘
336,14:37:51,11.4,--,92,104880,卖盘
337,14:37:48,11.4,--,253,288420,卖盘
338,14:37:45,11.4,-0.01,23,26220,卖盘
339,14:37:39,11.41,0.01,52,59332,买盘
340,14:37:36,11.4,-0.01,26,29640,卖盘
341,14:37:33,11.41,0.01,1,1141,买盘
342,14:37:30,11.4,-0.01,41,46740,卖盘
343,14:37:27,11.41,--,60,68460,买盘
344,14:37:24,11.41,--,3,3423,买盘
345,14:37:15,11.41,0.01,2,2282,买盘
346,14:37:12,11.4,--,34,38760,卖盘
347,14:37:09,11.4,--,75,85500,卖盘
348,14:37:06,11.4,-0.01,15,17100,卖盘
349,14:37:03,11.41,0.01,8,9128,买盘
350,14:36:57,11.4,--,3,3420,卖盘
351,14:36:54,11.4,-0.01,12,13680,卖盘
352,14:36:48,11.41,--,3,3423,买盘
353,14:36:45,11.41,--,21,23961,买盘
354,14:36:42,11.41,0.01,9,10269,中性盘
355,14:36:39,11.4,-0.01,62,70680,卖盘
356,14:36:36,11.41,--,749,854609,卖盘
357,14:36:33,11.41,-0.01,13,14833,卖盘
358,14:36:30,11.42,0.01,50,57100,买盘
359,14:36:27,11.41,-0.01,70,79870,卖盘
360,14:36:24,11.42,--,11,12562,买盘
361,14:36:21,11.42,0.01,4,4568,买盘
362,14:36:18,11.41,-0.01,64,73024,卖盘
363,14:36:15,11.42,--,157,179294,买盘
364,14:36:09,11.42,0.01,105,119910,买盘
365,14:36:06,11.41,-0.01,101,115241,卖盘
366,14:36:03,11.42,--,11,12562,买盘
367,14:35:57,11.42,--,8,9136,买盘
368,14:35:54,11.42,0.01,111,126762,买盘
369,14:35:51,11.41,-0.01,100,114100,卖盘
370,14:35:48,11.42,--,4,4568,买盘
371,14:35:45,11.42,--,8,9136,买盘
372,14:35:42,11.42,--,11,12562,买盘
373,14:35:39,11.42,--,22,25124,买盘
374,14:35:33,11.42,0.01,22,25124,买盘
375,14:35:30,11.41,--,15,17115,卖盘
376,14:35:27,11.41,-0.01,2,2282,卖盘
377,14:35:24,11.42,--,3,3426,买盘
378,14:35:15,11.42,0.01,2,2284,买盘
379,14:35:12,11.41,--,115,131215,卖盘
380,14:35:09,11.41,0.01,593,676943,买盘
381,14:35:06,11.4,-0.01,34,38760,卖盘
382,14:35:03,11.41,--,3,3423,买盘
383,14:35:00,11.41,0.01,180,205380,买盘
384,14:34:57,11.4,--,3,3420,卖盘
385,14:34:54,11.4,-0.01,13,14820,卖盘
386,14:34:45,11.41,--,108,123228,买盘
387,14:34:42,11.41,0.01,28,31948,买盘
388,14:34:39,11.4,--,10,11400,卖盘
389,14:34:36,11.4,--,15,17100,卖盘
390,14:34:33,11.4,-0.01,48,54720,卖盘
391,14:34:30,11.41,--,23,26243,买盘
392,14:34:27,11.41,--,10,11410,买盘
393,14:34:24,11.41,--,20,22820,买盘
394,14:34:21,11.41,0.01,10,11410,买盘
395,14:34:18,11.4,-0.01,10,11400,卖盘
396,14:34:15,11.41,--,83,94703,卖盘
397,14:34:12,11.41,-0.01,200,228200,卖盘
398,14:34:09,11.42,0.01,15,17130,买盘
399,14:34:06,11.41,-0.01,47,53627,卖盘
400,14:34:03,11.42,0.01,1,1142,买盘
401,14:34:00,11.41,-0.01,11,12551,卖盘
402,14:33:57,11.42,0.01,8,9136,买盘
403,14:33:54,11.41,-0.01,44,50204,卖盘
404,14:33:51,11.42,-0.01,10,11420,买盘
405,14:33:48,11.43,0.01,68,77724,买盘
406,14:33:45,11.42,--,54,61668,卖盘
407,14:33:42,11.42,--,89,101638,卖盘
408,14:33:39,11.42,--,50,57100,卖盘
409,14:33:36,11.42,--,70,79940,卖盘
410,14:33:33,11.42,--,110,125620,卖盘
411,14:33:30,11.42,--,11,12562,卖盘
412,14:33:27,11.42,-0.01,134,153028,卖盘
413,14:33:24,11.43,--,37,42291,买盘
414,14:33:21,11.43,0.01,6,6858,买盘
415,14:33:18,11.42,-0.01,115,131330,卖盘
416,14:33:15,11.43,--,5,5715,买盘
417,14:33:12,11.43,0.01,2,2286,买盘
418,14:33:09,11.42,--,34,38828,卖盘
419,14:33:06,11.42,-0.01,38,43396,卖盘
420,14:33:03,11.43,--,104,118872,买盘
421,14:33:00,11.43,0.01,1,1143,买盘
422,14:32:57,11.42,-0.01,102,116484,卖盘
423,14:32:54,11.43,--,3,3429,买盘
424,14:32:51,11.43,0.01,2,2286,买盘
425,14:32:48,11.42,-0.01,44,50248,卖盘
426,14:32:45,11.43,--,3,3429,买盘
427,14:32:42,11.43,--,48,54864,买盘
428,14:32:39,11.43,--,16,18288,买盘
429,14:32:33,11.43,--,22,25146,买盘
430,14:32:30,11.43,--,2,2286,买盘
431,14:32:27,11.43,--,4,4572,买盘
432,14:32:24,11.43,0.01,30,34290,买盘
433,14:32:21,11.42,--,16,18272,卖盘
434,14:32:18,11.42,--,102,116484,卖盘
435,14:32:15,11.42,--,20,22840,卖盘
436,14:32:12,11.42,--,23,26266,卖盘
437,14:32:09,11.42,-0.01,2,2284,卖盘
438,14:32:06,11.43,--,5,5715,买盘
439,14:32:03,11.43,0.01,55,62865,买盘
440,14:32:00,11.42,0.01,1254,1432068,买盘
441,14:31:57,11.41,--,9,10269,卖盘
442,14:31:54,11.41,-0.01,21,23961,卖盘
443,14:31:48,11.42,--,20,22840,买盘
444,14:31:45,11.42,--,33,37686,买盘
445,14:31:39,11.42,--,12,13704,买盘
446,14:31:33,11.42,0.01,2,2284,买盘
447,14:31:30,11.41,0.01,15,17115,卖盘
448,14:31:27,11.4,-0.02,2,2280,卖盘
449,14:31:24,11.42,0.01,63,71946,买盘
450,14:31:21,11.41,--,37,42217,买盘
451,14:31:12,11.41,--,3,3423,卖盘
452,14:31:09,11.41,--,7,7987,买盘
453,14:31:06,11.41,--,134,152894,买盘
454,14:31:03,11.41,0.01,6,6846,买盘
455,14:31:00,11.4,-0.01,37,42180,卖盘
456,14:30:57,11.41,--,62,70742,买盘
457,14:30:54,11.41,--,4,4564,买盘
458,14:30:51,11.41,-0.01,343,391363,卖盘
459,14:30:48,11.42,0.01,101,115342,买盘
460,14:30:45,11.41,-0.01,111,126651,卖盘
461,14:30:42,11.42,--,10,11420,买盘
462,14:30:39,11.42,0.01,29,33118,买盘
463,14:30:30,11.41,-0.01,11,12551,卖盘
464,14:30:27,11.42,--,7,7994,买盘
465,14:30:24,11.42,--,1,1142,买盘
466,14:30:18,11.42,--,41,46822,买盘
467,14:30:15,11.42,0.01,5,5710,买盘
468,14:30:12,11.41,--,104,118664,卖盘
469,14:30:09,11.41,--,55,62755,卖盘
470,14:30:06,11.41,-0.01,23,26243,卖盘
471,14:30:03,11.42,0.01,63,71946,买盘
472,14:30:00,11.41,--,60,68460,卖盘
473,14:29:57,11.41,-0.01,2,2282,卖盘
474,14:29:54,11.42,0.01,22,25124,买盘
475,14:29:48,11.41,--,727,829507,买盘
476,14:29:45,11.41,--,3,3423,买盘
477,14:29:42,11.41,0.01,23,26243,买盘
478,14:29:39,11.4,-0.01,26,29640,卖盘
479,14:29:36,11.41,0.01,2,2282,买盘
480,14:29:33,11.4,--,12,13680,卖盘
481,14:29:30,11.4,--,20,22800,卖盘
482,14:29:27,11.4,--,1,1140,卖盘
483,14:29:24,11.4,-0.01,3,3420,卖盘
484,14:29:21,11.41,--,3,3423,买盘
485,14:29:18,11.41,--,42,47922,买盘
486,14:29:15,11.41,0.01,22,25102,买盘
487,14:29:12,11.4,--,3,3420,卖盘
488,14:29:09,11.4,--,5,5700,卖盘
489,14:29:06,11.4,-0.01,2,2280,卖盘
490,14:29:03,11.41,--,114,130074,买盘
491,14:29:00,11.41,0.01,12,13692,买盘
492,14:28:57,11.4,--,4,4560,卖盘
493,14:28:54,11.4,--,2,2280,卖盘
494,14:28:51,11.4,--,28,31920,卖盘
495,14:28:48,11.4,0.01,20,22800,买盘
496,14:28:45,11.39,-0.02,54,61506,卖盘
497,14:28:39,11.41,--,9,10269,买盘
498,14:28:36,11.41,0.01,2,2282,买盘
499,14:28:30,11.4,--,19,21660,买盘
500,14:28:27,11.4,0.01,12,13680,买盘
501,14:28:24,11.39,-0.01,8,9112,卖盘
502,14:28:21,11.4,--,2,2280,买盘
503,14:28:18,11.4,--,196,223440,买盘
504,14:28:15,11.4,--,5,5700,买盘
505,14:28:12,11.4,0.02,21,23940,买盘
506,14:28:09,11.38,--,30,34140,卖盘
507,14:28:06,11.38,-0.01,1,1138,卖盘
508,14:28:03,11.39,0.01,64,72896,买盘
509,14:28:00,11.38,--,12,13656,卖盘
510,14:27:54,11.38,-0.01,20,22760,卖盘
511,14:27:51,11.39,--,124,141236,卖盘
512,14:27:45,11.39,-0.01,451,513689,卖盘
513,14:27:42,11.4,0.01,12,13680,买盘
514,14:27:36,11.39,--,33,37587,卖盘
515,14:27:33,11.39,--,15,17085,卖盘
516,14:27:24,11.39,--,39,44421,卖盘
517,14:27:21,11.39,-0.01,3,3417,卖盘
518,14:27:18,11.4,0.01,15,17100,买盘
519,14:27:09,11.39,--,39,44421,卖盘
520,14:27:06,11.39,-0.01,208,236912,卖盘
521,14:27:03,11.4,--,40,45600,买盘
522,14:27:00,11.4,--,21,24624,卖盘
523,14:26:57,11.4,0.01,72,82536,买盘
524,14:26:54,11.39,-0.01,59,67884,卖盘
525,14:26:48,11.4,--,51,58140,卖盘
526,14:26:45,11.4,--,46,52440,卖盘
527,14:26:42,11.4,-0.01,11,12540,卖盘
528,14:26:36,11.41,0.01,14,15974,买盘
529,14:26:33,11.4,--,12,13680,卖盘
530,14:26:30,11.4,-0.01,2,2280,卖盘
531,14:26:27,11.41,0.01,51,58647,买盘
532,14:26:24,11.4,--,53,60420,卖盘
533,14:26:21,11.4,--,11,12540,卖盘
534,14:26:18,11.4,-0.01,121,137940,卖盘
535,14:26:15,11.41,--,12,13692,买盘
536,14:26:12,11.41,0.01,16,18256,买盘
537,14:26:09,11.4,-0.01,10,11400,卖盘
538,14:26:06,11.41,--,49,55909,买盘
539,14:26:03,11.41,0.01,14,15974,买盘
540,14:25:57,11.4,--,24,27360,买盘
541,14:25:54,11.4,--,41,46740,买盘
542,14:25:51,11.4,--,51,58140,买盘
543,14:25:48,11.4,0.01,8,9120,买盘
544,14:25:45,11.39,-0.01,12,13668,卖盘
545,14:25:42,11.4,-0.01,4,4560,买盘
546,14:25:36,11.41,0.02,58,66178,买盘
547,14:25:33,11.39,-0.01,1,1139,卖盘
548,14:25:30,11.4,-0.01,54,61560,卖盘
549,14:25:27,11.41,0.01,32,36512,买盘
550,14:25:24,11.4,--,7,7980,卖盘
551,14:25:21,11.4,--,70,79800,卖盘
552,14:25:18,11.4,-0.01,31,35340,卖盘
553,14:25:15,11.41,--,49,55909,买盘
554,14:25:12,11.41,0.01,23,26243,买盘
555,14:25:09,11.4,0.01,70,79800,买盘
556,14:25:06,11.39,-0.01,12,13668,卖盘
557,14:25:03,11.4,--,235,267900,卖盘
558,14:24:54,11.4,--,7,7980,买盘
559,14:24:51,11.4,--,17,19380,买盘
560,14:24:48,11.4,--,20,22800,买盘
561,14:24:45,11.4,--,24,27360,买盘
562,14:24:42,11.4,--,10,11400,买盘
563,14:24:39,11.4,--,34,38760,买盘
564,14:24:36,11.4,-0.01,297,338580,卖盘
565,14:24:33,11.41,--,67,76447,买盘
566,14:24:30,11.41,--,30,34230,买盘
567,14:24:27,11.41,0.01,11,12551,买盘
568,14:24:24,11.4,-0.01,13,14820,卖盘
569,14:24:21,11.41,--,7,7987,买盘
570,14:24:18,11.41,0.01,20,22820,买盘
571,14:24:15,11.4,-0.01,8,9120,卖盘
572,14:24:12,11.41,--,20,22820,买盘
573,14:24:09,11.41,0.01,19,21679,买盘
574,14:24:03,11.4,--,16,18240,买盘
575,14:24:00,11.4,--,10,11400,买盘
576,14:23:57,11.4,--,21,23940,买盘
577,14:23:54,11.4,--,43,49020,买盘
578,14:23:51,11.4,--,50,57000,买盘
579,14:23:48,11.4,--,29,33060,买盘
580,14:23:45,11.4,--,4,4560,买盘
581,14:23:42,11.4,--,358,408120,卖盘
582,14:23:39,11.4,--,22,25080,卖盘
583,14:23:36,11.4,-0.01,62,70680,卖盘
584,14:23:33,11.41,0.01,13,14833,买盘
585,14:23:30,11.4,-0.01,129,147060,卖盘
586,14:23:27,11.41,0.01,12,13692,买盘
587,14:23:24,11.4,--,17,19380,卖盘
588,14:23:21,11.4,-0.01,20,22800,卖盘
589,14:23:18,11.41,--,37,42217,买盘
590,14:23:12,11.41,--,17,19397,买盘
591,14:23:09,11.41,0.01,19,21679,买盘
592,14:23:06,11.4,-0.01,1,1140,卖盘
593,14:23:03,11.41,--,13,14833,买盘
594,14:23:00,11.41,0.01,18,20538,买盘
595,14:22:54,11.4,-0.01,36,41040,卖盘
596,14:22:48,11.41,--,49,55909,买盘
597,14:22:45,11.41,--,1,1141,买盘
598,14:22:42,11.41,-0.01,266,303506,中性盘
599,14:22:36,11.42,--,25,28550,买盘
600,14:22:33,11.42,--,2,2284,买盘
601,14:22:30,11.42,--,145,165590,买盘
602,14:22:27,11.42,0.01,60,68520,买盘
603,14:22:24,11.41,--,24,27384,买盘
604,14:22:21,11.41,0.02,9,10269,买盘
605,14:22:18,11.39,-0.02,1114,1268846,卖盘
606,14:22:15,11.41,--,52,59332,买盘
607,14:22:12,11.41,0.01,5,5705,买盘
608,14:22:09,11.4,-0.01,105,119700,卖盘
609,14:22:03,11.41,0.01,5,5705,买盘
610,14:22:00,11.4,--,14,15960,卖盘
611,14:21:57,11.4,--,22,25080,卖盘
612,14:21:54,11.4,--,1516,1728240,买盘
613,14:21:51,11.4,--,50,57000,买盘
614,14:21:48,11.4,--,510,581400,买盘
615,14:21:45,11.4,--,186,212040,买盘
616,14:21:39,11.4,--,74,84360,买盘
617,14:21:36,11.4,--,8,9120,买盘
618,14:21:33,11.4,--,5,5700,买盘
619,14:21:27,11.4,--,12,13680,买盘
620,14:21:24,11.4,--,322,367080,买盘
621,14:21:21,11.4,--,49,55860,买盘
622,14:21:18,11.4,--,44,50160,买盘
623,14:21:15,11.4,--,30,34200,买盘
624,14:21:12,11.4,--,20,22800,买盘
625,14:21:09,11.4,0.01,108,123120,买盘
626,14:21:06,11.39,--,9,10251,卖盘
627,14:21:03,11.39,-0.01,8,9112,卖盘
628,14:21:00,11.4,0.01,18,20520,买盘
629,14:20:57,11.39,--,1,1139,卖盘
630,14:20:54,11.39,-0.01,2,2278,卖盘
631,14:20:51,11.4,--,50,57000,买盘
632,14:20:45,11.4,--,1,1140,买盘
633,14:20:39,11.4,0.01,7,7980,买盘
634,14:20:36,11.39,--,90,102510,买盘
635,14:20:33,11.39,--,99,112761,买盘
636,14:20:30,11.39,--,233,265387,买盘
637,14:20:27,11.39,0.01,177,201603,买盘
638,14:20:24,11.38,-0.01,3,3414,卖盘
639,14:20:21,11.39,--,50,56950,买盘
640,14:20:18,11.39,0.01,314,357646,买盘
641,14:20:15,11.38,-0.01,14,15932,卖盘
642,14:20:12,11.39,0.01,81,92259,买盘
643,14:20:09,11.38,-0.01,13,14794,卖盘
644,14:20:06,11.39,--,5,5695,买盘
645,14:20:03,11.39,--,102,116178,买盘
646,14:19:57,11.39,0.01,50,56950,买盘
647,14:19:54,11.38,--,2,2276,卖盘
648,14:19:51,11.38,--,11,12518,卖盘
649,14:19:45,11.38,--,2,2276,卖盘
650,14:19:36,11.38,--,407,463166,买盘
651,14:19:33,11.38,0.01,46,52348,买盘
652,14:19:30,11.37,-0.01,1,1137,卖盘
653,14:19:27,11.38,0.01,6,6828,买盘
654,14:19:24,11.37,--,13,14780,卖盘
655,14:19:21,11.37,-0.01,1,1137,中性盘
656,14:19:12,11.38,0.02,30,34140,买盘
657,14:19:09,11.36,--,4,4544,卖盘
658,14:19:06,11.36,-0.02,1,1136,卖盘
659,14:19:03,11.38,--,36,40968,买盘
660,14:19:00,11.38,--,31,35278,买盘
661,14:18:57,11.38,0.02,15,17070,买盘
662,14:18:54,11.36,-0.02,3,3408,卖盘
663,14:18:51,11.38,--,41,46658,买盘
664,14:18:45,11.38,0.02,1,1138,买盘
665,14:18:33,11.36,-0.01,77,87472,卖盘
666,14:18:30,11.37,0.01,4,4548,买盘
667,14:18:27,11.36,--,342,388512,卖盘
668,14:18:24,11.36,--,5,5680,卖盘
669,14:18:21,11.36,-0.01,5,5680,卖盘
670,14:18:09,11.37,--,14,15917,买盘
671,14:18:06,11.37,--,30,34110,买盘
672,14:18:03,11.37,0.01,6,6821,买盘
673,14:17:54,11.36,--,2,2272,卖盘
674,14:17:51,11.36,-0.01,2,2272,卖盘
675,14:17:48,11.37,--,21,23877,买盘
676,14:17:45,11.37,0.01,1,1137,买盘
677,14:17:42,11.36,-0.01,20,22720,卖盘
678,14:17:33,11.37,--,105,119384,买盘
679,14:17:30,11.37,--,2,2274,买盘
680,14:17:27,11.37,0.01,5,5685,买盘
681,14:17:24,11.36,-0.01,3,3408,卖盘
682,14:17:18,11.37,0.01,11,12507,买盘
683,14:17:09,11.36,--,4,4544,卖盘
684,14:17:06,11.36,-0.01,7,7952,卖盘
685,14:17:03,11.37,0.01,5,5685,买盘
686,14:16:57,11.36,--,1,1136,卖盘
687,14:16:54,11.36,-0.01,26,29536,卖盘
688,14:16:45,11.37,--,21,23877,买盘
689,14:16:42,11.37,--,45,51165,买盘
690,14:16:36,11.37,0.01,13,14780,买盘
691,14:16:33,11.36,-0.01,3,3408,卖盘
692,14:16:30,11.37,0.01,60,68220,买盘
693,14:16:27,11.36,--,7,7952,买盘
694,14:16:24,11.36,--,50,56800,卖盘
695,14:16:21,11.36,--,55,62480,买盘
696,14:16:18,11.36,--,36,40896,买盘
697,14:16:15,11.36,--,1,1136,买盘
698,14:16:12,11.36,--,1,1136,买盘
699,14:16:09,11.36,--,25,28400,买盘
700,14:16:06,11.36,--,15,17040,买盘
701,14:16:03,11.36,--,5,5680,买盘
702,14:16:00,11.36,--,5,5680,买盘
703,14:15:57,11.36,0.01,11,12496,买盘
704,14:15:54,11.35,-0.01,2,2270,卖盘
705,14:15:48,11.36,--,10,11360,买盘
706,14:15:45,11.36,--,1,1136,买盘
707,14:15:42,11.36,-0.01,31,35216,卖盘
708,14:15:33,11.37,0.01,10,11370,买盘
709,14:15:27,11.36,--,105,119280,卖盘
710,14:15:24,11.36,-0.01,5,5680,卖盘
711,14:15:18,11.37,--,1,1137,买盘
712,14:15:12,11.37,0.02,49,55712,买盘
713,14:15:09,11.35,-0.01,4,4540,卖盘
714,14:15:06,11.36,-0.01,85,96560,卖盘
715,14:15:03,11.37,0.02,1,1137,买盘
716,14:15:00,11.35,-0.02,14,15890,卖盘
717,14:14:57,11.37,0.02,5,5685,买盘
718,14:14:54,11.35,-0.02,2,2270,卖盘
719,14:14:51,11.37,0.01,43,48891,买盘
720,14:14:48,11.36,--,12,13632,买盘
721,14:14:45,11.36,--,1,1136,买盘
722,14:14:42,11.36,-0.01,117,132912,卖盘
723,14:14:39,11.37,0.01,21,23877,买盘
724,14:14:36,11.36,--,8,9088,卖盘
725,14:14:33,11.36,--,7,7952,卖盘
726,14:14:30,11.36,-0.01,1,1136,卖盘
727,14:14:24,11.37,--,19,21603,买盘
728,14:14:18,11.37,0.01,20,22740,买盘
729,14:14:15,11.36,--,63,71568,卖盘
730,14:14:12,11.36,--,162,184032,买盘
731,14:14:09,11.36,0.01,11,12496,买盘
732,14:14:06,11.35,-0.01,2,2270,卖盘
733,14:14:03,11.36,--,301,341936,买盘
734,14:13:57,11.36,0.01,7,7952,买盘
735,14:13:54,11.35,-0.01,4,4540,卖盘
736,14:13:51,11.36,--,10,11360,买盘
737,14:13:48,11.36,--,139,157904,卖盘
738,14:13:45,11.36,--,17,19312,卖盘
739,14:13:42,11.36,-0.01,38,43168,卖盘
740,14:13:36,11.37,0.01,70,79590,买盘
741,14:13:27,11.36,-0.01,2,2272,卖盘
742,14:13:24,11.37,0.02,124,140988,买盘
743,14:13:18,11.35,-0.01,152,172520,卖盘
744,14:13:15,11.36,0.01,81,92016,买盘
745,14:13:09,11.35,-0.01,1,1135,卖盘
746,14:13:06,11.36,--,8,9088,买盘
747,14:13:03,11.36,--,11,12496,买盘
748,14:13:00,11.36,--,133,151088,卖盘
749,14:12:57,11.36,--,5,5680,卖盘
750,14:12:51,11.36,-0.01,1,1136,卖盘
751,14:12:48,11.37,0.01,18,20466,买盘
752,14:12:42,11.36,-0.01,6,6816,卖盘
753,14:12:39,11.37,--,15,17055,买盘
754,14:12:36,11.37,--,7,7958,买盘
755,14:12:33,11.37,0.01,26,29561,买盘
756,14:12:30,11.36,--,13,14768,买盘
757,14:12:27,11.36,--,44,49984,买盘
758,14:12:24,11.36,--,1,1136,买盘
759,14:12:21,11.36,--,27,30672,买盘
760,14:12:18,11.36,0.01,20,22720,买盘
761,14:12:15,11.35,-0.01,26,29510,卖盘
762,14:12:12,11.36,--,18,20448,买盘
763,14:12:09,11.36,0.01,38,43168,买盘
764,14:12:06,11.35,-0.01,12,13620,卖盘
765,14:12:03,11.36,--,1,1136,买盘
766,14:12:00,11.36,--,9,10224,买盘
767,14:11:57,11.36,--,25,28400,买盘
768,14:11:54,11.36,--,91,103376,买盘
769,14:11:48,11.36,--,5,5680,买盘
770,14:11:45,11.36,--,11,12496,买盘
771,14:11:42,11.36,--,10,11360,买盘
772,14:11:39,11.36,-0.01,237,269232,卖盘
773,14:11:33,11.37,--,101,114836,买盘
774,14:11:30,11.37,0.01,20,22740,买盘
775,14:11:27,11.36,-0.01,152,172672,卖盘
776,14:11:24,11.37,--,1,1137,买盘
777,14:11:21,11.37,0.01,2,2274,买盘
778,14:11:15,11.36,-0.01,10,11360,卖盘
779,14:11:09,11.37,0.01,3,3410,买盘
780,14:11:06,11.36,-0.01,8,9088,卖盘
781,14:11:03,11.37,0.01,19,21603,买盘
782,14:11:00,11.36,-0.01,5,5680,卖盘
783,14:10:57,11.37,--,56,63671,买盘
784,14:10:54,11.37,0.01,20,22740,买盘
785,14:10:45,11.36,-0.01,1,1136,卖盘
786,14:10:42,11.37,--,24,27287,买盘
787,14:10:36,11.37,--,10,11370,买盘
788,14:10:33,11.37,0.01,116,131892,买盘
789,14:10:30,11.36,-0.01,36,40896,卖盘
790,14:10:27,11.37,--,22,25014,买盘
791,14:10:24,11.37,--,21,23877,买盘
792,14:10:21,11.37,--,143,162591,买盘
793,14:10:18,11.37,--,1,1137,买盘
794,14:10:15,11.37,0.01,2,2274,买盘
795,14:10:06,11.36,-0.01,3,3408,卖盘
796,14:10:03,11.37,0.01,1,1137,买盘
797,14:09:57,11.36,--,25,28400,卖盘
798,14:09:54,11.36,-0.01,10,11360,卖盘
799,14:09:51,11.37,--,7,7958,买盘
800,14:09:45,11.37,0.01,139,158043,买盘
801,14:09:39,11.36,-0.01,7,7952,卖盘
802,14:09:36,11.37,--,10,11370,买盘
803,14:09:30,11.37,0.01,10,11370,买盘
804,14:09:27,11.36,-0.01,63,71568,卖盘
805,14:09:24,11.37,--,46,52302,买盘
806,14:09:12,11.37,--,2,2274,买盘
807,14:09:06,11.37,--,5,5685,买盘
808,14:09:03,11.37,--,1,1137,买盘
809,14:09:00,11.37,--,11,12507,买盘
810,14:08:57,11.37,--,32,36384,买盘
811,14:08:54,11.37,0.01,2,2274,买盘
812,14:08:51,11.36,-0.01,390,443040,卖盘
813,14:08:45,11.37,--,20,22740,买盘
814,14:08:42,11.37,--,4,4548,买盘
815,14:08:39,11.37,--,1,1137,买盘
816,14:08:36,11.37,0.01,9,10233,买盘
817,14:08:33,11.36,-0.01,5,5680,卖盘
818,14:08:27,11.37,--,12,13643,买盘
819,14:08:24,11.37,--,22,25014,买盘
820,14:08:21,11.37,--,147,167139,买盘
821,14:08:18,11.37,--,2,2274,买盘
822,14:08:15,11.37,--,262,297894,买盘
823,14:08:12,11.37,0.01,24,27287,买盘
824,14:08:09,11.36,--,1,1136,卖盘
825,14:08:06,11.36,-0.01,2,2272,卖盘
826,14:08:03,11.37,--,2,2274,买盘
827,14:08:00,11.37,0.01,10,11370,买盘
828,14:07:57,11.36,-0.01,32,36352,卖盘
829,14:07:54,11.37,--,134,152358,买盘
830,14:07:48,11.37,--,5,5685,买盘
831,14:07:45,11.37,0.01,19,21603,买盘
832,14:07:42,11.36,--,26,29536,卖盘
833,14:07:39,11.36,--,8,9088,卖盘
834,14:07:36,11.36,--,20,22720,卖盘
835,14:07:33,11.36,-0.01,30,34080,卖盘
836,14:07:30,11.37,0.01,251,285387,买盘
837,14:07:27,11.36,-0.01,2,2272,卖盘
838,14:07:24,11.37,--,11,12507,买盘
839,14:07:21,11.37,--,81,92097,买盘
840,14:07:18,11.37,--,21,23877,买盘
841,14:07:15,11.37,0.01,2,2274,买盘
842,14:07:12,11.36,-0.01,25,28400,卖盘
843,14:07:09,11.37,0.01,1,1137,买盘
844,14:07:06,11.36,-0.01,2,2272,卖盘
845,14:07:03,11.37,--,7,7958,买盘
846,14:07:00,11.37,--,19,21603,买盘
847,14:06:57,11.37,0.01,22,25014,买盘
848,14:06:51,11.36,-0.01,8,9088,卖盘
849,14:06:48,11.37,--,1,1137,买盘
850,14:06:45,11.37,--,8,9096,买盘
851,14:06:39,11.37,--,2,2274,买盘
852,14:06:36,11.37,--,7,7958,买盘
853,14:06:30,11.37,--,13,14780,买盘
854,14:06:27,11.37,--,10,11370,买盘
855,14:06:24,11.37,--,28,31835,买盘
856,14:06:21,11.37,--,1,1137,买盘
857,14:06:18,11.37,--,13,14780,买盘
858,14:06:15,11.37,--,21,23877,买盘
859,14:06:12,11.37,0.01,3,3410,买盘
860,14:06:06,11.36,-0.01,2,2272,卖盘
861,14:06:03,11.37,0.01,16,18192,买盘
862,14:06:00,11.36,--,2,2272,卖盘
863,14:05:57,11.36,-0.01,12,13632,卖盘
864,14:05:54,11.37,0.01,1,1137,买盘
865,14:05:51,11.36,--,6,6816,卖盘
866,14:05:48,11.36,-0.01,226,256736,卖盘
867,14:05:45,11.37,--,5,5685,买盘
868,14:05:42,11.37,0.01,1,1137,买盘
869,14:05:39,11.36,-0.01,25,28400,卖盘
870,14:05:36,11.37,--,30,34110,买盘
871,14:05:33,11.37,--,58,65946,买盘
872,14:05:30,11.37,--,16,18192,买盘
873,14:05:27,11.37,--,102,115973,买盘
874,14:05:24,11.37,--,1,1137,买盘
875,14:05:21,11.37,--,9,10233,买盘
876,14:05:18,11.37,-0.02,271,308604,卖盘
877,14:05:15,11.39,--,3,3417,买盘
878,14:05:12,11.39,--,31,35309,买盘
879,14:05:09,11.39,--,7,7973,买盘
880,14:05:06,11.39,--,2,2278,买盘
881,14:05:03,11.39,0.01,101,115039,买盘
882,14:05:00,11.38,-0.01,4,4552,卖盘
883,14:04:57,11.39,0.01,3,3417,买盘
884,14:04:54,11.38,--,5,5690,买盘
885,14:04:48,11.38,--,11,12518,买盘
886,14:04:45,11.38,-0.01,9,10242,中性盘
887,14:04:33,11.39,0.01,22,25058,买盘
888,14:04:30,11.38,--,9,10242,买盘
889,14:04:27,11.38,--,41,46658,买盘
890,14:04:24,11.38,-0.01,3,3414,中性盘
891,14:04:15,11.39,0.01,71,80869,买盘
892,14:04:09,11.38,0.01,36,40968,买盘
893,14:04:06,11.37,-0.01,3,3410,卖盘
894,14:04:03,11.38,0.01,14,15932,中性盘
895,14:03:57,11.37,-0.02,14,15917,卖盘
896,14:03:54,11.39,0.01,537,611643,买盘
897,14:03:51,11.38,--,68,78044,买盘
898,14:03:48,11.38,--,50,56900,买盘
899,14:03:45,11.38,0.02,1,1138,买盘
900,14:03:42,11.36,--,13,14768,卖盘
901,14:03:39,11.36,-0.01,125,142000,卖盘
902,14:03:36,11.37,-0.01,180,204660,卖盘
903,14:03:33,11.38,--,161,183218,买盘
904,14:03:30,11.38,0.01,15,17070,买盘
905,14:03:27,11.37,-0.01,2,2274,卖盘
906,14:03:24,11.38,--,15,17070,买盘
907,14:03:21,11.38,-0.01,403,458614,卖盘
908,14:03:18,11.39,--,6,6834,买盘
909,14:03:15,11.39,--,24,27336,买盘
910,14:03:12,11.39,--,30,34170,买盘
911,14:03:09,11.39,--,134,152626,买盘
912,14:03:03,11.39,--,25,28475,买盘
913,14:03:00,11.39,--,18,20502,买盘
914,14:02:57,11.39,0.01,123,140097,买盘
915,14:02:54,11.38,-0.01,16,18208,卖盘
916,14:02:51,11.39,--,59,67201,买盘
917,14:02:48,11.39,--,31,35309,买盘
918,14:02:45,11.39,--,16,18224,买盘
919,14:02:39,11.39,--,37,42143,买盘
920,14:02:36,11.39,0.01,1,1139,买盘
921,14:02:33,11.38,-0.01,23,26174,卖盘
922,14:02:30,11.39,--,15,17085,买盘
923,14:02:27,11.39,--,162,184518,买盘
924,14:02:24,11.39,--,14,15946,买盘
925,14:02:18,11.39,0.01,15,17085,买盘
926,14:02:12,11.38,0.01,12,13656,买盘
927,14:02:09,11.37,--,70,79590,买盘
928,14:02:06,11.37,--,1,1137,买盘
929,14:02:03,11.37,--,16,18192,买盘
930,14:02:00,11.37,--,2,2274,买盘
931,14:01:57,11.37,0.01,38,43206,买盘
932,14:01:54,11.36,-0.01,16,18176,卖盘
933,14:01:51,11.37,-0.02,918,1043765,卖盘
934,14:01:48,11.39,--,34,38726,买盘
935,14:01:45,11.39,0.01,101,115039,买盘
936,14:01:42,11.38,--,51,58038,买盘
937,14:01:39,11.38,--,60,68280,买盘
938,14:01:33,11.38,--,133,151354,买盘
939,14:01:30,11.38,--,8,9104,买盘
940,14:01:27,11.38,--,52,59176,买盘
941,14:01:24,11.38,--,21,23898,买盘
942,14:01:18,11.38,--,45,51210,买盘
943,14:01:12,11.38,--,45,51210,买盘
944,14:01:09,11.38,0.01,35,39830,买盘
945,14:01:06,11.37,-0.01,156,177372,卖盘
946,14:01:03,11.38,--,20,22760,买盘
947,14:01:00,11.38,--,7,7966,买盘
948,14:00:57,11.38,--,15,17070,买盘
949,14:00:54,11.38,--,13,14794,买盘
950,14:00:45,11.38,--,25,28450,买盘
951,14:00:42,11.38,-0.01,90,102420,卖盘
952,14:00:39,11.39,--,47,53533,买盘
953,14:00:33,11.39,--,108,123012,买盘
954,14:00:30,11.39,0.01,28,31892,买盘
955,14:00:27,11.38,-0.01,2,2276,卖盘
956,14:00:24,11.39,--,1,1139,买盘
957,14:00:21,11.39,0.01,99,112761,买盘
958,14:00:18,11.38,--,101,114938,卖盘
959,14:00:12,11.38,0.01,13,14794,买盘
960,14:00:09,11.37,--,130,147810,卖盘
961,14:00:06,11.37,-0.01,9,10233,卖盘
962,14:00:03,11.38,--,23,26174,买盘
963,14:00:00,11.38,--,57,64866,买盘
964,13:59:57,11.38,--,20,22760,买盘
965,13:59:54,11.38,--,150,170700,买盘
966,13:59:51,11.38,--,26,29588,买盘
967,13:59:48,11.38,--,1,1138,买盘
968,13:59:45,11.38,0.01,1,1138,买盘
969,13:59:42,11.37,--,130,147810,买盘
970,13:59:39,11.37,0.01,4,4548,买盘
971,13:59:36,11.36,-0.01,14,15904,卖盘
972,13:59:33,11.37,--,66,75042,买盘
973,13:59:30,11.37,--,54,61397,买盘
974,13:59:27,11.37,--,11,12507,买盘
975,13:59:24,11.37,--,1,1137,买盘
976,13:59:18,11.37,0.01,47,53438,买盘
977,13:59:15,11.36,--,35,39760,买盘
978,13:59:12,11.36,0.01,87,98832,买盘
979,13:59:09,11.35,-0.01,20,22700,卖盘
980,13:59:06,11.36,--,1,1136,买盘
981,13:59:03,11.36,0.01,3,3408,买盘
982,13:58:54,11.35,--,13,14755,卖盘
983,13:58:51,11.35,--,51,57885,买盘
984,13:58:45,11.35,--,34,38590,买盘
985,13:58:42,11.35,--,15,17025,买盘
986,13:58:39,11.35,--,81,91935,买盘
987,13:58:36,11.35,--,57,64695,买盘
988,13:58:33,11.35,--,22,24970,买盘
989,13:58:27,11.35,0.01,10,11350,买盘
990,13:58:24,11.34,-0.01,8,9072,卖盘
991,13:58:21,11.35,--,732,830820,买盘
992,13:58:18,11.35,--,3,3405,买盘
993,13:58:12,11.35,0.01,1,1135,买盘
994,13:58:06,11.34,-0.01,20,22680,卖盘
995,13:58:03,11.35,--,68,77180,买盘
996,13:57:57,11.35,0.01,66,74910,买盘
997,13:57:54,11.34,--,2,2268,卖盘
998,13:57:51,11.34,--,56,63504,买盘
999,13:57:48,11.34,--,17,19278,买盘
1000,13:57:45,11.34,--,112,127008,买盘
1001,13:57:42,11.34,--,17,19278,买盘
1002,13:57:39,11.34,--,87,98658,买盘
1003,13:57:36,11.34,--,12,13608,买盘
1004,13:57:30,11.34,--,5,5670,买盘
1005,13:57:27,11.34,0.01,55,62370,买盘
1006,13:57:24,11.33,-0.01,73,82709,卖盘
1007,13:57:12,11.34,--,5,5670,买盘
1008,13:57:09,11.34,--,119,134946,买盘
1009,13:57:06,11.34,--,5,5670,买盘
1010,13:57:03,11.34,--,17,19278,买盘
1011,13:57:00,11.34,--,13,14742,买盘
1012,13:56:57,11.34,0.01,50,56700,买盘
1013,13:56:54,11.33,-0.01,56,63448,卖盘
1014,13:56:51,11.34,--,166,188244,买盘
1015,13:56:45,11.34,--,126,142884,买盘
1016,13:56:42,11.34,--,1,1134,买盘
1017,13:56:39,11.34,--,9,10206,买盘
1018,13:56:33,11.34,--,22,24948,买盘
1019,13:56:30,11.34,--,6,6804,买盘
1020,13:56:24,11.34,0.01,14,15876,买盘
1021,13:56:21,11.33,-0.01,13,14729,卖盘
1022,13:56:15,11.34,--,52,58968,买盘
1023,13:56:09,11.34,0.01,1,1134,买盘
1024,13:56:06,11.33,-0.01,2,2266,卖盘
1025,13:56:00,11.34,--,24,27216,买盘
1026,13:55:57,11.34,0.01,2,2268,买盘
1027,13:55:54,11.33,-0.01,5,5665,卖盘
1028,13:55:51,11.34,--,2,2268,买盘
1029,13:55:48,11.34,--,1,1134,买盘
1030,13:55:45,11.34,--,19,21546,买盘
1031,13:55:42,11.34,-0.01,267,302778,卖盘
1032,13:55:39,11.35,--,29,32915,买盘
1033,13:55:36,11.35,--,1,1135,买盘
1034,13:55:33,11.35,--,8,9080,买盘
1035,13:55:30,11.35,--,13,14755,买盘
1036,13:55:27,11.35,-0.01,40,45400,卖盘
1037,13:55:24,11.36,--,4,4544,买盘
1038,13:55:21,11.36,0.01,10,11360,买盘
1039,13:55:18,11.35,-0.01,21,23835,卖盘
1040,13:55:15,11.36,0.01,1,1136,买盘
1041,13:55:12,11.35,-0.01,18,20430,卖盘
1042,13:55:03,11.36,--,1,1136,买盘
1043,13:54:57,11.36,0.01,32,36352,买盘
1044,13:54:54,11.35,-0.01,2,2270,卖盘
1045,13:54:51,11.36,0.01,7,7952,买盘
1046,13:54:48,11.35,0.01,69,78315,买盘
1047,13:54:45,11.34,-0.01,101,114534,卖盘
1048,13:54:42,11.35,--,12,13620,买盘
1049,13:54:39,11.35,--,23,26105,卖盘
1050,13:54:36,11.35,--,10,11350,卖盘
1051,13:54:33,11.35,-0.01,13,14755,卖盘
1052,13:54:30,11.36,0.01,27,30672,买盘
1053,13:54:27,11.35,--,45,51075,卖盘
1054,13:54:24,11.35,--,4,4540,卖盘
1055,13:54:21,11.35,--,7,7945,卖盘
1056,13:54:18,11.35,--,92,104420,买盘
1057,13:54:15,11.35,--,6,6810,买盘
1058,13:54:09,11.35,--,29,32915,买盘
1059,13:54:06,11.35,--,14,15890,买盘
1060,13:54:03,11.35,0.01,30,34050,买盘
1061,13:54:00,11.34,--,7,7938,卖盘
1062,13:53:57,11.34,-0.01,55,62370,卖盘
1063,13:53:54,11.35,0.01,30,34050,买盘
1064,13:53:51,11.34,--,9,10206,卖盘
1065,13:53:48,11.34,-0.01,13,14742,卖盘
1066,13:53:45,11.35,0.01,2,2270,买盘
1067,13:53:36,11.34,-0.01,23,26082,卖盘
1068,13:53:30,11.35,--,5,5675,买盘
1069,13:53:24,11.35,--,4,4540,买盘
1070,13:53:18,11.35,--,15,17025,买盘
1071,13:53:15,11.35,--,206,233810,买盘
1072,13:53:12,11.35,--,10,11350,买盘
1073,13:53:09,11.35,--,15,17025,买盘
1074,13:53:03,11.35,--,16,18160,买盘
1075,13:53:00,11.35,0.01,15,17025,买盘
1076,13:52:57,11.34,--,19,21546,卖盘
1077,13:52:54,11.34,--,18,20412,卖盘
1078,13:52:51,11.34,--,18,20412,卖盘
1079,13:52:48,11.34,-0.01,49,55566,卖盘
1080,13:52:45,11.35,--,16,18160,买盘
1081,13:52:42,11.35,--,8,9080,买盘
1082,13:52:39,11.35,--,215,244025,买盘
1083,13:52:36,11.35,--,15,17025,买盘
1084,13:52:30,11.35,--,55,62425,买盘
1085,13:52:27,11.35,--,15,17025,买盘
1086,13:52:24,11.35,--,23,26105,买盘
1087,13:52:18,11.35,0.01,16,18160,买盘
1088,13:52:15,11.34,--,79,89586,买盘
1089,13:52:12,11.34,--,113,128142,买盘
1090,13:52:09,11.34,--,239,271026,买盘
1091,13:52:06,11.34,--,66,74844,买盘
1092,13:52:03,11.34,--,64,72576,买盘
1093,13:52:00,11.34,0.01,81,92783,买盘
1094,13:51:54,11.33,-0.01,32,36256,卖盘
1095,13:51:51,11.34,--,15,17010,买盘
1096,13:51:48,11.34,--,75,85050,买盘
1097,13:51:45,11.34,0.01,19,21546,买盘
1098,13:51:42,11.33,-0.01,15,16995,卖盘
1099,13:51:39,11.34,0.01,14,15876,买盘
1100,13:51:36,11.33,-0.01,4,4532,卖盘
1101,13:51:33,11.34,--,17,19278,买盘
1102,13:51:27,11.34,0.01,6,6804,买盘
1103,13:51:24,11.33,-0.01,14,15862,卖盘
1104,13:51:12,11.34,0.01,31,35154,买盘
1105,13:51:06,11.33,-0.01,178,201674,卖盘
1106,13:51:03,11.34,--,301,341334,买盘
1107,13:51:00,11.34,--,263,298242,买盘
1108,13:50:57,11.34,0.01,60,68040,买盘
1109,13:50:54,11.33,--,2,2266,卖盘
1110,13:50:51,11.33,-0.01,3,3399,卖盘
1111,13:50:48,11.34,--,13,14742,买盘
1112,13:50:45,11.34,--,9,10206,买盘
1113,13:50:39,11.34,--,3,3402,买盘
1114,13:50:36,11.34,--,53,60102,买盘
1115,13:50:33,11.34,--,285,323190,卖盘
1116,13:50:27,11.34,--,39,44226,卖盘
1117,13:50:24,11.34,-0.01,8,9072,卖盘
1118,13:50:21,11.35,0.01,2,2270,买盘
1119,13:50:18,11.34,--,19,21546,卖盘
1120,13:50:15,11.34,--,4,4536,卖盘
1121,13:50:12,11.34,-0.01,320,362880,卖盘
1122,13:50:06,11.35,--,1,1135,买盘
1123,13:50:03,11.35,0.01,214,242890,买盘
1124,13:49:54,11.34,-0.01,2,2268,卖盘
1125,13:49:45,11.35,--,7,7945,买盘
1126,13:49:36,11.35,0.01,33,37455,买盘
1127,13:49:33,11.34,--,19,21546,买盘
1128,13:49:30,11.34,--,9,10206,买盘
1129,13:49:27,11.34,0.01,6,6804,买盘
1130,13:49:24,11.33,-0.01,4,4532,卖盘
1131,13:49:21,11.34,--,38,43092,买盘
1132,13:49:18,11.34,--,21,23814,买盘
1133,13:49:15,11.34,--,21,23814,买盘
1134,13:49:12,11.34,--,69,78246,买盘
1135,13:49:09,11.34,--,50,56700,买盘
1136,13:49:06,11.34,--,14,15876,买盘
1137,13:49:03,11.34,0.01,13,14742,买盘
1138,13:49:00,11.33,--,6,6798,卖盘
1139,13:48:54,11.33,-0.01,2,2266,卖盘
1140,13:48:51,11.34,--,146,165564,买盘
1141,13:48:48,11.34,--,12,13608,买盘
1142,13:48:45,11.34,--,21,23814,买盘
1143,13:48:42,11.34,--,12,13608,买盘
1144,13:48:39,11.34,--,1,1134,买盘
1145,13:48:36,11.34,0.01,2,2268,买盘
1146,13:48:33,11.33,-0.01,10,11330,卖盘
1147,13:48:30,11.34,0.01,8,9072,买盘
1148,13:48:27,11.33,--,76,86108,卖盘
1149,13:48:24,11.33,-0.01,7,7931,卖盘
1150,13:48:21,11.34,--,7,7938,买盘
1151,13:48:18,11.34,--,21,23814,买盘
1152,13:48:15,11.34,0.01,3,3402,买盘
1153,13:48:12,11.33,-0.01,36,40788,卖盘
1154,13:48:09,11.34,--,49,55566,买盘
1155,13:48:06,11.34,--,45,51030,买盘
1156,13:48:03,11.34,--,68,77112,买盘
1157,13:48:00,11.34,--,21,23814,买盘
1158,13:47:54,11.34,0.01,453,513702,买盘
1159,13:47:51,11.33,-0.01,29,32857,卖盘
1160,13:47:48,11.34,--,15,17010,买盘
1161,13:47:45,11.34,--,1,1134,买盘
1162,13:47:42,11.34,--,28,31752,买盘
1163,13:47:39,11.34,--,20,22680,卖盘
1164,13:47:36,11.34,--,48,54432,卖盘
1165,13:47:33,11.34,-0.01,5,5670,卖盘
1166,13:47:30,11.35,0.01,4,4540,买盘
1167,13:47:24,11.34,-0.01,108,122472,卖盘
1168,13:47:21,11.35,--,33,37455,买盘
1169,13:47:18,11.35,0.01,5,5675,买盘
1170,13:47:15,11.34,--,6,6804,买盘
1171,13:47:12,11.34,--,15,17010,买盘
1172,13:47:09,11.34,--,13,14742,买盘
1173,13:47:03,11.34,0.01,1,1134,买盘
1174,13:46:57,11.33,-0.01,83,94039,卖盘
1175,13:46:54,11.34,-0.01,2,2268,中性盘
1176,13:46:51,11.35,0.01,32,36320,买盘
1177,13:46:48,11.34,--,6,6804,买盘
1178,13:46:45,11.34,0.01,36,40824,买盘
1179,13:46:42,11.33,-0.01,53,60049,卖盘
1180,13:46:39,11.34,--,4,4536,买盘
1181,13:46:36,11.34,--,2,2268,买盘
1182,13:46:33,11.34,--,51,57834,买盘
1183,13:46:30,11.34,0.01,12,13608,买盘
1184,13:46:27,11.33,--,9,10197,卖盘
1185,13:46:24,11.33,-0.01,33,37389,卖盘
1186,13:46:21,11.34,--,7,7938,买盘
1187,13:46:18,11.34,--,20,22680,买盘
1188,13:46:15,11.34,--,22,24948,买盘
1189,13:46:12,11.34,--,77,87318,买盘
1190,13:46:09,11.34,--,11,12474,买盘
1191,13:46:06,11.34,--,34,38556,买盘
1192,13:46:03,11.34,--,6,6804,买盘
1193,13:45:57,11.34,0.01,1,1134,买盘
1194,13:45:54,11.33,--,58,65714,卖盘
1195,13:45:48,11.33,--,50,56650,卖盘
1196,13:45:45,11.33,--,5,5665,卖盘
1197,13:45:42,11.33,--,157,177881,买盘
1198,13:45:39,11.33,--,58,65714,买盘
1199,13:45:36,11.33,--,6,6798,买盘
1200,13:45:33,11.33,--,13,14729,买盘
1201,13:45:30,11.33,0.01,20,22660,买盘
1202,13:45:24,11.32,--,31,35092,卖盘
1203,13:45:21,11.32,-0.01,31,35092,卖盘
1204,13:45:18,11.33,--,30,33990,买盘
1205,13:45:15,11.33,--,10,11330,买盘
1206,13:45:12,11.33,--,21,23793,买盘
1207,13:45:09,11.33,--,10,11330,买盘
1208,13:45:03,11.33,--,1,1133,买盘
1209,13:45:00,11.33,--,8,9064,买盘
1210,13:44:57,11.33,--,10,11330,买盘
1211,13:44:54,11.33,0.01,9,10197,买盘
1212,13:44:51,11.32,-0.01,40,45280,卖盘
1213,13:44:48,11.33,--,8,9064,买盘
1214,13:44:45,11.33,--,3,3399,买盘
1215,13:44:39,11.33,--,5,5665,买盘
1216,13:44:36,11.33,--,27,30591,买盘
1217,13:44:33,11.33,--,2,2266,买盘
1218,13:44:30,11.33,0.01,7,7931,买盘
1219,13:44:27,11.32,--,88,99616,卖盘
1220,13:44:24,11.32,-0.01,4,4528,卖盘
1221,13:44:21,11.33,--,47,53251,买盘
1222,13:44:18,11.33,--,20,22660,买盘
1223,13:44:15,11.33,--,16,18128,买盘
1224,13:44:03,11.33,0.02,31,35123,买盘
1225,13:44:00,11.31,--,16,18096,卖盘
1226,13:43:57,11.31,-0.01,178,201318,卖盘
1227,13:43:54,11.32,0.01,204,230928,买盘
1228,13:43:51,11.31,--,7,7917,卖盘
1229,13:43:48,11.31,--,49,55419,卖盘
1230,13:43:45,11.31,--,150,169650,卖盘
1231,13:43:42,11.31,-0.01,5,5655,卖盘
1232,13:43:39,11.32,--,28,31696,买盘
1233,13:43:36,11.32,0.01,219,247908,买盘
1234,13:43:33,11.31,-0.01,35,39585,卖盘
1235,13:43:30,11.32,--,30,33960,买盘
1236,13:43:27,11.32,--,7,7924,买盘
1237,13:43:24,11.32,--,36,40752,买盘
1238,13:43:21,11.32,--,31,35092,买盘
1239,13:43:18,11.32,--,39,44148,买盘
1240,13:43:15,11.32,0.01,86,97352,买盘
1241,13:43:12,11.31,-0.01,102,115362,卖盘
1242,13:43:09,11.32,0.01,152,172064,买盘
1243,13:43:06,11.31,--,53,59943,卖盘
1244,13:43:03,11.31,--,16,18096,卖盘
1245,13:43:00,11.31,--,22,24882,卖盘
1246,13:42:57,11.31,-0.01,2,2262,卖盘
1247,13:42:54,11.32,0.01,2,2264,买盘
1248,13:42:51,11.31,-0.01,89,100659,卖盘
1249,13:42:48,11.32,--,119,134708,买盘
1250,13:42:45,11.32,--,18,20376,买盘
1251,13:42:42,11.32,0.01,43,48676,买盘
1252,13:42:39,11.31,--,18,20358,卖盘
1253,13:42:30,11.31,--,36,40716,卖盘
1254,13:42:27,11.31,-0.01,102,115362,卖盘
1255,13:42:24,11.32,--,18,20376,买盘
1256,13:42:21,11.32,--,163,184516,买盘
1257,13:42:15,11.32,--,5,5660,买盘
1258,13:42:12,11.32,--,45,50940,买盘
1259,13:42:09,11.32,--,4,4528,买盘
1260,13:42:06,11.32,--,179,202628,买盘
1261,13:42:03,11.32,0.01,1,1132,买盘
1262,13:42:00,11.31,--,10,11310,卖盘
1263,13:41:57,11.31,--,2,2262,卖盘
1264,13:41:54,11.31,--,318,359658,卖盘
1265,13:41:48,11.31,-0.01,10,11310,卖盘
1266,13:41:39,11.32,--,26,29432,买盘
1267,13:41:36,11.32,--,10,11320,买盘
1268,13:41:33,11.32,--,336,380352,卖盘
1269,13:41:30,11.32,--,5,5660,卖盘
1270,13:41:27,11.32,-0.01,14,15848,卖盘
1271,13:41:24,11.33,0.01,1,1133,买盘
1272,13:41:21,11.32,--,21,23772,卖盘
1273,13:41:18,11.32,--,137,155084,卖盘
1274,13:41:12,11.32,--,6,6792,卖盘
1275,13:41:09,11.32,--,12,13584,卖盘
1276,13:41:06,11.32,-0.01,2,2264,卖盘
1277,13:41:03,11.33,0.01,3,3399,买盘
1278,13:41:00,11.32,--,80,90560,卖盘
1279,13:40:57,11.32,-0.01,152,172064,卖盘
1280,13:40:54,11.33,0.01,450,509850,买盘
1281,13:40:48,11.32,-0.01,25,28300,卖盘
1282,13:40:45,11.33,0.01,1,1133,买盘
1283,13:40:42,11.32,-0.01,14,15848,卖盘
1284,13:40:39,11.33,0.01,5,5665,买盘
1285,13:40:36,11.32,-0.01,12,13584,卖盘
1286,13:40:33,11.33,--,103,116699,买盘
1287,13:40:30,11.33,0.01,29,32857,买盘
1288,13:40:27,11.32,-0.01,49,55468,卖盘
1289,13:40:24,11.33,--,25,28325,买盘
1290,13:40:21,11.33,--,3,3399,买盘
1291,13:40:18,11.33,--,1,1133,买盘
1292,13:40:12,11.33,--,30,33990,买盘
1293,13:40:09,11.33,--,3,3399,买盘
1294,13:40:06,11.33,--,7,7931,买盘
1295,13:40:03,11.33,--,17,19261,买盘
1296,13:39:57,11.33,0.01,22,24926,买盘
1297,13:39:54,11.32,-0.01,20,22640,卖盘
1298,13:39:48,11.33,0.01,20,22660,买盘
1299,13:39:45,11.32,--,22,24904,卖盘
1300,13:39:39,11.32,-0.01,40,45280,卖盘
1301,13:39:33,11.33,--,5,5665,买盘
1302,13:39:27,11.33,--,47,53251,买盘
1303,13:39:24,11.33,0.01,2,2266,买盘
1304,13:39:21,11.32,-0.01,21,23772,中性盘
1305,13:39:18,11.33,0.01,58,65714,买盘
1306,13:39:15,11.32,--,91,103012,卖盘
1307,13:39:12,11.32,-0.01,14,15848,卖盘
1308,13:39:09,11.33,--,5,5665,买盘
1309,13:39:03,11.33,--,1,1133,买盘
1310,13:39:00,11.33,0.01,13,14729,买盘
1311,13:38:57,11.32,--,2,2264,卖盘
1312,13:38:54,11.32,--,25,28300,卖盘
1313,13:38:48,11.32,-0.01,234,264888,卖盘
1314,13:38:45,11.33,0.01,1,1133,买盘
1315,13:38:42,11.32,--,44,49808,卖盘
1316,13:38:39,11.32,--,24,27168,卖盘
1317,13:38:36,11.32,-0.01,50,56600,卖盘
1318,13:38:33,11.33,0.01,10,11330,买盘
1319,13:38:30,11.32,--,307,347524,卖盘
1320,13:38:27,11.32,-0.01,59,66788,卖盘
1321,13:38:24,11.33,--,18,20394,买盘
1322,13:38:21,11.33,0.01,5,5665,买盘
1323,13:38:18,11.32,-0.01,27,30564,卖盘
1324,13:38:15,11.33,0.01,1,1133,买盘
1325,13:38:12,11.32,--,3,3396,卖盘
1326,13:38:09,11.32,--,15,16980,卖盘
1327,13:38:06,11.32,-0.01,183,207156,卖盘
1328,13:38:03,11.33,--,33,37389,买盘
1329,13:37:57,11.33,--,26,29458,买盘
1330,13:37:45,11.33,0.01,1,1133,买盘
1331,13:37:39,11.32,-0.01,1,1132,卖盘
1332,13:37:36,11.33,--,10,11330,买盘
1333,13:37:27,11.33,--,9,10197,买盘
1334,13:37:24,11.33,--,5,5665,买盘
1335,13:37:21,11.33,--,2,2266,买盘
1336,13:37:18,11.33,--,3,3399,买盘
1337,13:37:12,11.33,0.01,14,15862,买盘
1338,13:37:09,11.32,-0.01,3,3396,卖盘
1339,13:37:06,11.33,--,30,33990,买盘
1340,13:37:03,11.33,--,39,44187,卖盘
1341,13:36:57,11.33,-0.01,2,2266,卖盘
1342,13:36:54,11.34,0.01,11,12474,买盘
1343,13:36:48,11.33,-0.01,5,5665,中性盘
1344,13:36:45,11.34,--,1,1134,买盘
1345,13:36:36,11.34,--,1,1134,买盘
1346,13:36:33,11.34,--,31,35154,买盘
1347,13:36:27,11.34,0.01,649,735966,买盘
1348,13:36:24,11.33,--,1,1133,买盘
1349,13:36:21,11.33,--,42,47586,买盘
1350,13:36:18,11.33,0.01,13,14729,买盘
1351,13:36:15,11.32,-0.01,5,5660,卖盘
1352,13:36:06,11.33,--,8,9064,买盘
1353,13:36:03,11.33,--,9,10197,买盘
1354,13:36:00,11.33,-0.01,181,205073,卖盘
1355,13:35:57,11.34,--,52,58968,买盘
1356,13:35:51,11.34,--,20,22680,买盘
1357,13:35:48,11.34,--,11,12474,买盘
1358,13:35:45,11.34,--,1,1134,买盘
1359,13:35:42,11.34,--,54,61236,买盘
1360,13:35:39,11.34,0.01,181,205254,买盘
1361,13:35:33,11.33,--,17,19261,卖盘
1362,13:35:27,11.33,-0.01,2,2266,卖盘
1363,13:35:24,11.34,--,17,19278,买盘
1364,13:35:18,11.34,--,1,1134,买盘
1365,13:35:15,11.34,0.02,2,2268,买盘
1366,13:35:12,11.32,-0.02,57,64524,卖盘
1367,13:35:09,11.34,--,30,34020,买盘
1368,13:35:06,11.34,-0.01,5,5670,中性盘
1369,13:35:03,11.35,0.02,18,20430,买盘
1370,13:35:00,11.33,-0.01,58,65714,卖盘
1371,13:34:57,11.34,0.01,8,9072,买盘
1372,13:34:54,11.33,-0.01,3,3399,卖盘
1373,13:34:51,11.34,--,178,201852,卖盘
1374,13:34:48,11.34,--,60,68040,买盘
1375,13:34:45,11.34,--,1,1134,买盘
1376,13:34:42,11.34,--,23,26082,买盘
1377,13:34:36,11.34,--,6,6804,买盘
1378,13:34:33,11.34,--,5,5670,买盘
1379,13:34:30,11.34,0.01,45,51030,买盘
1380,13:34:24,11.33,-0.01,4,4532,卖盘
1381,13:34:21,11.34,--,51,57834,买盘
1382,13:34:18,11.34,0.01,2,2268,买盘
1383,13:34:15,11.33,-0.01,15,16995,卖盘
1384,13:34:09,11.34,0.02,14,15876,买盘
1385,13:34:06,11.32,-0.02,83,93956,卖盘
1386,13:34:03,11.34,0.02,12,13608,买盘
1387,13:33:57,11.32,--,50,56600,卖盘
1388,13:33:54,11.32,--,2,2264,卖盘
1389,13:33:48,11.32,-0.02,10,11320,卖盘
1390,13:33:45,11.34,--,7,7938,买盘
1391,13:33:42,11.34,0.02,50,56700,买盘
1392,13:33:24,11.32,--,2,2264,卖盘
1393,13:33:18,11.32,-0.02,17,19244,卖盘
1394,13:33:12,11.34,0.01,54,61236,买盘
1395,13:33:03,11.33,0.01,8,9064,买盘
1396,13:32:57,11.32,--,5,5660,卖盘
1397,13:32:54,11.32,-0.02,29,32828,卖盘
1398,13:32:51,11.34,0.02,77,87318,买盘
1399,13:32:45,11.32,--,34,38488,卖盘
1400,13:32:33,11.32,-0.01,270,305640,卖盘
1401,13:32:24,11.33,0.01,10,11330,买盘
1402,13:32:21,11.32,-0.01,187,211684,卖盘
1403,13:32:18,11.33,--,19,21527,买盘
1404,13:32:15,11.33,0.01,157,177881,买盘
1405,13:32:12,11.32,--,10,11320,买盘
1406,13:32:09,11.32,--,10,11320,买盘
1407,13:32:06,11.32,--,38,43016,买盘
1408,13:32:03,11.32,--,28,31696,买盘
1409,13:32:00,11.32,--,41,46412,买盘
1410,13:31:57,11.32,--,52,58864,买盘
1411,13:31:54,11.32,--,30,33960,买盘
1412,13:31:51,11.32,--,135,152820,买盘
1413,13:31:48,11.32,--,45,50940,买盘
1414,13:31:45,11.32,0.01,23,26036,买盘
1415,13:31:39,11.31,--,14,15834,卖盘
1416,13:31:36,11.31,-0.01,16,18096,卖盘
1417,13:31:33,11.32,--,19,21508,买盘
1418,13:31:30,11.32,--,10,11320,买盘
1419,13:31:27,11.32,0.01,88,99616,买盘
1420,13:31:24,11.31,--,24,27144,卖盘
1421,13:31:21,11.31,--,39,44109,卖盘
1422,13:31:18,11.31,-0.01,6,6786,卖盘
1423,13:31:12,11.32,--,4,4528,买盘
1424,13:31:09,11.32,--,234,264888,买盘
1425,13:31:06,11.32,--,13,14716,买盘
1426,13:31:03,11.32,--,131,148292,买盘
1427,13:31:00,11.32,--,165,186780,买盘
1428,13:30:57,11.32,--,12,13584,卖盘
1429,13:30:54,11.32,-0.01,3,3396,卖盘
1430,13:30:51,11.33,--,14,15862,买盘
1431,13:30:48,11.33,0.01,57,64581,买盘
1432,13:30:45,11.32,0.01,69,78108,买盘
1433,13:30:42,11.31,--,45,50895,卖盘
1434,13:30:39,11.31,-0.01,1,1131,卖盘
1435,13:30:36,11.32,0.01,2,2264,买盘
1436,13:30:33,11.31,-0.02,17,19227,卖盘
1437,13:30:27,11.33,0.02,145,164285,买盘
1438,13:30:24,11.31,-0.01,4,4524,卖盘
1439,13:30:21,11.32,--,23,26036,卖盘
1440,13:30:18,11.32,--,19,21508,卖盘
1441,13:30:15,11.32,-0.01,13,14716,卖盘
1442,13:30:12,11.33,0.01,14,15862,买盘
1443,13:30:09,11.32,-0.01,33,37356,卖盘
1444,13:30:06,11.33,0.01,211,239063,买盘
1445,13:30:03,11.32,-0.01,89,100748,卖盘
1446,13:30:00,11.33,--,20,22660,买盘
1447,13:29:57,11.33,0.01,34,38522,买盘
1448,13:29:54,11.32,-0.01,2,2264,卖盘
1449,13:29:48,11.33,--,141,159753,买盘
1450,13:29:45,11.33,0.01,8,9064,买盘
1451,13:29:42,11.32,-0.01,4,4528,中性盘
1452,13:29:39,11.33,--,8,9064,买盘
1453,13:29:36,11.33,0.01,125,141625,买盘
1454,13:29:33,11.32,--,4,4528,买盘
1455,13:29:27,11.32,0.01,22,24904,买盘
1456,13:29:24,11.31,-0.01,21,23751,卖盘
1457,13:29:21,11.32,0.01,10,11320,买盘
1458,13:29:15,11.31,-0.01,500,565500,卖盘
1459,13:29:09,11.32,--,19,21508,买盘
1460,13:29:06,11.32,--,53,59996,买盘
1461,13:29:03,11.32,0.01,15,16980,买盘
1462,13:29:00,11.31,-0.01,16,18096,卖盘
1463,13:28:57,11.32,0.01,11,12452,买盘
1464,13:28:54,11.31,-0.01,23,26013,卖盘
1465,13:28:51,11.32,--,23,26036,买盘
1466,13:28:48,11.32,--,144,163008,买盘
1467,13:28:45,11.32,--,26,29432,买盘
1468,13:28:42,11.32,--,41,46412,买盘
1469,13:28:39,11.32,--,11,12452,买盘
1470,13:28:36,11.32,0.01,10,11320,买盘
1471,13:28:33,11.31,--,24,27144,卖盘
1472,13:28:30,11.31,-0.03,74,83694,卖盘
1473,13:28:27,11.34,0.03,82,92988,买盘
1474,13:28:24,11.31,-0.02,311,351741,卖盘
1475,13:28:21,11.33,--,9,10197,买盘
1476,13:28:18,11.33,--,5,5665,买盘
1477,13:28:15,11.33,0.01,110,124630,买盘
1478,13:28:12,11.32,--,45,50940,买盘
1479,13:28:09,11.32,0.01,66,74712,买盘
1480,13:28:06,11.31,-0.01,38,42978,卖盘
1481,13:28:03,11.32,--,1,1132,买盘
1482,13:28:00,11.32,0.01,143,161876,买盘
1483,13:27:57,11.31,-0.01,12,13572,卖盘
1484,13:27:54,11.32,--,259,293188,买盘
1485,13:27:51,11.32,--,48,54336,买盘
1486,13:27:48,11.32,--,180,203760,买盘
1487,13:27:45,11.32,0.01,3,3396,买盘
1488,13:27:42,11.31,--,23,26013,卖盘
1489,13:27:39,11.31,-0.01,20,22620,卖盘
1490,13:27:36,11.32,--,12,13584,买盘
1491,13:27:33,11.32,--,23,26036,买盘
1492,13:27:30,11.32,0.01,129,146028,买盘
1493,13:27:27,11.31,-0.01,6,6786,卖盘
1494,13:27:24,11.32,--,134,151688,买盘
1495,13:27:21,11.32,--,151,170932,卖盘
1496,13:27:18,11.32,--,5,5660,卖盘
1497,13:27:15,11.32,--,123,139236,卖盘
1498,13:27:12,11.32,--,73,82636,卖盘
1499,13:27:09,11.32,-0.01,68,76976,卖盘
1500,13:27:00,11.33,--,462,523446,卖盘
1501,13:26:54,11.33,--,107,121231,卖盘
1502,13:26:51,11.33,--,31,35123,卖盘
1503,13:26:48,11.33,-0.01,6,6798,卖盘
1504,13:26:45,11.34,0.01,13,14742,买盘
1505,13:26:42,11.33,--,1,1133,卖盘
1506,13:26:39,11.33,-0.01,290,328570,卖盘
1507,13:26:36,11.34,--,1,1134,卖盘
1508,13:26:33,11.34,-0.01,1,1134,卖盘
1509,13:26:30,11.35,--,329,373415,卖盘
1510,13:26:27,11.35,--,7,7945,卖盘
1511,13:26:24,11.35,--,3,3405,卖盘
1512,13:26:21,11.35,--,17,19295,卖盘
1513,13:26:18,11.35,-0.01,2,2270,卖盘
1514,13:26:15,11.36,0.01,33,37488,买盘
1515,13:26:12,11.35,--,1,1135,卖盘
1516,13:26:09,11.35,--,6,6810,卖盘
1517,13:26:06,11.35,-0.01,4,4540,卖盘
1518,13:26:03,11.36,--,14,15904,买盘
1519,13:25:57,11.36,0.01,21,23856,买盘
1520,13:25:54,11.35,-0.01,67,76045,卖盘
1521,13:25:51,11.36,--,29,32944,卖盘
1522,13:25:48,11.36,-0.01,1,1136,卖盘
1523,13:25:45,11.37,--,5,5685,买盘
1524,13:25:39,11.37,0.02,11,12507,买盘
1525,13:25:33,11.35,-0.02,10,11350,中性盘
1526,13:25:30,11.37,0.02,73,83001,买盘
1527,13:25:24,11.35,--,27,30645,买盘
1528,13:25:21,11.35,--,75,85125,卖盘
1529,13:25:18,11.35,-0.02,9,10215,卖盘
1530,13:25:15,11.37,0.01,15,17055,买盘
1531,13:25:12,11.36,-0.01,5,5680,卖盘
1532,13:25:09,11.37,0.01,11,12507,买盘
1533,13:25:03,11.36,--,42,47712,卖盘
1534,13:25:00,11.36,--,10,11360,卖盘
1535,13:24:57,11.36,0.01,82,93152,买盘
1536,13:24:54,11.35,-0.01,149,169115,卖盘
1537,13:24:51,11.36,--,19,21584,买盘
1538,13:24:45,11.36,--,1,1136,买盘
1539,13:24:33,11.36,--,95,107920,买盘
1540,13:24:27,11.36,0.01,56,63616,买盘
1541,13:24:24,11.35,--,191,216785,买盘
1542,13:24:21,11.35,--,2,2270,买盘
1543,13:24:18,11.35,--,12,13620,买盘
1544,13:24:15,11.35,--,20,22700,买盘
1545,13:24:12,11.35,--,6,6810,买盘
1546,13:24:09,11.35,--,6,6810,买盘
1547,13:24:06,11.35,--,5,5675,买盘
1548,13:24:03,11.35,--,17,19295,买盘
1549,13:23:57,11.35,0.01,30,34050,买盘
1550,13:23:54,11.34,-0.01,173,196182,卖盘
1551,13:23:48,11.35,-0.01,9,10215,卖盘
1552,13:23:45,11.36,--,51,57936,买盘
1553,13:23:42,11.36,--,20,22720,买盘
1554,13:23:39,11.36,-0.01,110,124960,卖盘
1555,13:23:27,11.37,0.01,7,7958,买盘
1556,13:23:24,11.36,--,3,3408,卖盘
1557,13:23:21,11.36,-0.01,42,47712,卖盘
1558,13:23:18,11.37,--,16,18192,买盘
1559,13:23:15,11.37,0.01,6,6821,买盘
1560,13:23:12,11.36,-0.01,38,43168,卖盘
1561,13:23:09,11.37,--,2,2274,买盘
1562,13:23:06,11.37,--,1,1137,买盘
1563,13:23:03,11.37,0.01,10,11370,买盘
1564,13:23:00,11.36,-0.01,8,9088,卖盘
1565,13:22:54,11.37,0.01,10,11370,买盘
1566,13:22:51,11.36,--,105,119280,卖盘
1567,13:22:45,11.36,--,10,11360,卖盘
1568,13:22:39,11.36,-0.01,20,22720,卖盘
1569,13:22:33,11.37,0.01,11,12507,买盘
1570,13:22:30,11.36,-0.01,1,1136,卖盘
1571,13:22:27,11.37,0.02,10,11370,买盘
1572,13:22:24,11.35,-0.01,23,26105,卖盘
1573,13:22:21,11.36,--,2,2272,买盘
1574,13:22:18,11.36,--,54,61344,卖盘
1575,13:22:15,11.36,-0.01,10,11360,卖盘
1576,13:22:12,11.37,--,1,1137,买盘
1577,13:22:09,11.37,--,26,29561,买盘
1578,13:22:03,11.37,--,581,660597,买盘
1579,13:22:00,11.37,0.01,387,440018,买盘
1580,13:21:57,11.36,-0.01,64,72704,买盘
1581,13:21:54,11.37,--,33,37521,买盘
1582,13:21:45,11.37,--,1,1137,买盘
1583,13:21:42,11.37,--,93,105741,卖盘
1584,13:21:36,11.37,--,25,28424,卖盘
1585,13:21:27,11.37,-0.01,2,2274,卖盘
1586,13:21:24,11.38,--,24,27312,买盘
1587,13:21:21,11.38,--,2,2276,买盘
1588,13:21:18,11.38,--,1,1138,买盘
1589,13:21:12,11.38,--,15,17070,买盘
1590,13:21:09,11.38,--,51,58038,卖盘
1591,13:21:06,11.38,-0.01,20,22760,卖盘
1592,13:21:03,11.39,0.01,41,46699,买盘
1593,13:21:00,11.38,--,10,11380,买盘
1594,13:20:57,11.38,--,26,29588,买盘
1595,13:20:54,11.38,--,13,14794,买盘
1596,13:20:51,11.38,--,25,28450,卖盘
1597,13:20:48,11.38,--,80,91040,卖盘
1598,13:20:45,11.38,-0.01,1,1138,卖盘
1599,13:20:42,11.39,--,16,18224,买盘
1600,13:20:39,11.39,0.01,2,2278,买盘
1601,13:20:36,11.38,--,36,40968,卖盘
1602,13:20:27,11.38,--,7,7966,买盘
1603,13:20:24,11.38,0.01,1,1138,买盘
1604,13:20:21,11.37,-0.02,125,142125,卖盘
1605,13:20:18,11.39,0.01,1,1139,买盘
1606,13:20:12,11.38,-0.01,72,81936,卖盘
1607,13:20:09,11.39,--,17,19363,买盘
1608,13:20:03,11.39,0.01,1,1139,买盘
1609,13:20:00,11.38,0.02,3,3414,买盘
1610,13:19:57,11.36,-0.02,152,172672,卖盘
1611,13:19:54,11.38,--,12,13656,买盘
1612,13:19:51,11.38,0.01,23,26174,买盘
1613,13:19:48,11.37,--,10,11370,买盘
1614,13:19:45,11.37,0.01,6,6821,买盘
1615,13:19:42,11.36,-0.01,29,32944,卖盘
1616,13:19:36,11.37,0.01,6,6821,买盘
1617,13:19:27,11.36,0.02,1010,1147360,买盘
1618,13:19:24,11.34,--,11,12474,买盘
1619,13:19:18,11.34,--,5,5670,买盘
1620,13:19:15,11.34,--,53,60102,买盘
1621,13:19:12,11.34,--,8,9072,买盘
1622,13:19:09,11.34,--,19,21546,买盘
1623,13:19:06,11.34,--,8,9072,买盘
1624,13:19:03,11.34,--,1,1134,买盘
1625,13:19:00,11.34,0.01,8,9072,买盘
1626,13:18:57,11.33,--,224,253792,买盘
1627,13:18:54,11.33,--,12,13596,买盘
1628,13:18:51,11.33,--,36,40788,买盘
1629,13:18:48,11.33,-0.01,50,56650,买盘
1630,13:18:45,11.34,--,20,22680,买盘
1631,13:18:42,11.34,--,24,27216,买盘
1632,13:18:39,11.34,--,32,36288,买盘
1633,13:18:30,11.34,0.01,18,20412,买盘
1634,13:18:27,11.33,--,47,53251,买盘
1635,13:18:24,11.33,--,51,57783,买盘
1636,13:18:21,11.33,--,2,2266,买盘
1637,13:18:15,11.33,--,27,30591,买盘
1638,13:18:06,11.33,--,54,61182,买盘
1639,13:18:03,11.33,0.01,212,240196,买盘
1640,13:18:00,11.32,--,35,39620,卖盘
1641,13:17:57,11.32,--,2,2264,卖盘
1642,13:17:51,11.32,--,280,316960,买盘
1643,13:17:48,11.32,--,22,24904,买盘
1644,13:17:45,11.32,--,11,12452,买盘
1645,13:17:42,11.32,--,36,40752,买盘
1646,13:17:39,11.32,--,24,27168,买盘
1647,13:17:36,11.32,-0.01,74,83768,卖盘
1648,13:17:33,11.33,0.01,10,11330,买盘
1649,13:17:27,11.32,-0.01,3,3396,卖盘
1650,13:17:24,11.33,--,18,20394,买盘
1651,13:17:21,11.33,--,1,1133,买盘
1652,13:17:18,11.33,--,15,16995,买盘
1653,13:17:15,11.33,--,96,108768,买盘
1654,13:17:09,11.33,--,20,22660,买盘
1655,13:17:06,11.33,--,17,19261,买盘
1656,13:17:03,11.33,--,1,1133,买盘
1657,13:17:00,11.33,0.01,130,147290,买盘
1658,13:16:57,11.32,--,2,2264,卖盘
1659,13:16:54,11.32,--,18,20376,卖盘
1660,13:16:51,11.32,--,340,384880,买盘
1661,13:16:48,11.32,0.01,40,45280,买盘
1662,13:16:45,11.31,-0.01,170,192270,卖盘
1663,13:16:42,11.32,--,16,18112,买盘
1664,13:16:39,11.32,--,13,14716,买盘
1665,13:16:36,11.32,--,203,229796,买盘
1666,13:16:33,11.32,--,6,6792,买盘
1667,13:16:27,11.32,--,80,90560,买盘
1668,13:16:24,11.32,--,20,22640,买盘
1669,13:16:21,11.32,--,2,2264,买盘
1670,13:16:18,11.32,--,100,113200,买盘
1671,13:16:15,11.32,0.01,1,1132,买盘
1672,13:16:12,11.31,--,35,39585,卖盘
1673,13:16:09,11.31,-0.01,61,68991,卖盘
1674,13:16:06,11.32,--,47,53204,买盘
1675,13:16:03,11.32,0.01,609,689388,买盘
1676,13:15:57,11.31,--,212,239772,卖盘
1677,13:15:51,11.31,--,22,24882,卖盘
1678,13:15:48,11.31,-0.01,78,88218,卖盘
1679,13:15:45,11.32,--,731,827492,买盘
1680,13:15:42,11.32,--,20,22640,买盘
1681,13:15:39,11.32,0.01,42,47544,买盘
1682,13:15:36,11.31,--,121,136851,卖盘
1683,13:15:33,11.31,-0.01,9,10179,卖盘
1684,13:15:30,11.32,0.01,2,2264,买盘
1685,13:15:27,11.31,-0.01,23,26013,卖盘
1686,13:15:24,11.32,0.01,1,1132,买盘
1687,13:15:21,11.31,-0.01,10,11310,卖盘
1688,13:15:18,11.32,--,16,18112,买盘
1689,13:15:15,11.32,--,92,104144,买盘
1690,13:15:12,11.32,0.01,19,21508,买盘
1691,13:15:09,11.31,--,25,28275,卖盘
1692,13:15:06,11.31,-0.01,40,45240,卖盘
1693,13:15:03,11.32,0.01,856,968992,买盘
1694,13:15:00,11.31,-0.01,50,56550,卖盘
1695,13:14:57,11.32,0.01,8,9056,买盘
1696,13:14:54,11.31,--,200,226200,卖盘
1697,13:14:51,11.31,--,25,28275,卖盘
1698,13:14:48,11.31,--,354,400374,卖盘
1699,13:14:45,11.31,-0.01,1232,1393392,卖盘
1700,13:14:42,11.32,--,34,38488,买盘
1701,13:14:39,11.32,--,2058,2329656,买盘
1702,13:14:33,11.32,--,1,1132,买盘
1703,13:14:30,11.32,--,21,23772,买盘
1704,13:14:27,11.32,0.01,24,27168,买盘
1705,13:14:24,11.31,-0.01,112,127124,卖盘
1706,13:14:21,11.32,--,5,5660,买盘
1707,13:14:18,11.32,0.01,11,12452,买盘
1708,13:14:15,11.31,--,120,135720,卖盘
1709,13:14:12,11.31,-0.01,53,59943,卖盘
1710,13:14:06,11.32,--,30,33960,买盘
1711,13:14:03,11.32,0.01,10,11320,买盘
1712,13:14:00,11.31,--,2,2262,卖盘
1713,13:13:57,11.31,-0.01,12,13572,卖盘
1714,13:13:54,11.32,--,11,12452,买盘
1715,13:13:51,11.32,--,52,58864,买盘
1716,13:13:45,11.32,0.01,9,10188,买盘
1717,13:13:42,11.31,--,160,180960,卖盘
1718,13:13:39,11.31,--,1,1131,卖盘
1719,13:13:36,11.31,--,10,11310,卖盘
1720,13:13:33,11.31,-0.01,48,54288,卖盘
1721,13:13:30,11.32,--,6,6792,买盘
1722,13:13:27,11.32,--,13,14716,买盘
1723,13:13:24,11.32,--,6,6792,买盘
1724,13:13:21,11.32,--,28,31696,买盘
1725,13:13:18,11.32,--,3,3396,买盘
1726,13:13:15,11.32,--,11,12452,买盘
1727,13:13:12,11.32,--,18,20376,买盘
1728,13:13:03,11.32,--,124,140368,买盘
1729,13:13:00,11.32,--,15,16980,买盘
1730,13:12:57,11.32,0.01,54,61128,买盘
1731,13:12:54,11.31,-0.01,19,21489,卖盘
1732,13:12:51,11.32,--,17,19244,买盘
1733,13:12:48,11.32,0.01,602,681464,买盘
1734,13:12:45,11.31,-0.01,141,159471,卖盘
1735,13:12:42,11.32,--,13,14716,买盘
1736,13:12:39,11.32,--,160,181120,买盘
1737,13:12:36,11.32,0.01,19,21508,买盘
1738,13:12:33,11.31,-0.01,10,11310,卖盘
1739,13:12:30,11.32,--,5,5660,买盘
1740,13:12:27,11.32,--,66,74712,买盘
1741,13:12:24,11.32,--,46,52072,买盘
1742,13:12:21,11.32,--,15,16980,买盘
1743,13:12:18,11.32,0.01,47,53204,买盘
1744,13:12:15,11.31,-0.01,406,459186,卖盘
1745,13:12:12,11.32,0.01,95,107540,买盘
1746,13:12:09,11.31,-0.01,80,90480,卖盘
1747,13:12:06,11.32,--,15,16980,买盘
1748,13:12:03,11.32,--,73,82636,买盘
1749,13:12:00,11.32,0.01,42,47544,买盘
1750,13:11:57,11.31,-0.01,19,21489,卖盘
1751,13:11:54,11.32,--,36,40752,买盘
1752,13:11:51,11.32,0.01,20,22640,买盘
1753,13:11:48,11.31,-0.01,218,246558,卖盘
1754,13:11:45,11.32,0.01,1,1132,买盘
1755,13:11:39,11.31,-0.01,188,213046,卖盘
1756,13:11:30,11.32,--,16,18112,买盘
1757,13:11:27,11.32,--,283,320356,买盘
1758,13:11:24,11.32,--,68,76976,买盘
1759,13:11:21,11.32,--,61,69052,买盘
1760,13:11:18,11.32,--,4,4528,买盘
1761,13:11:15,11.32,0.01,70,79240,买盘
1762,13:11:12,11.31,-0.01,604,683124,卖盘
1763,13:11:06,11.32,-0.01,89,100748,卖盘
1764,13:11:03,11.33,--,1,1133,买盘
1765,13:11:00,11.33,--,20,22660,买盘
1766,13:10:57,11.33,0.01,6,6798,买盘
1767,13:10:51,11.32,--,7,7924,卖盘
1768,13:10:48,11.32,-0.01,10,11320,卖盘
1769,13:10:45,11.33,0.02,14,15862,买盘
1770,13:10:39,11.31,-0.01,496,560976,卖盘
1771,13:10:36,11.32,0.01,462,522984,买盘
1772,13:10:33,11.31,-0.01,20,22620,卖盘
1773,13:10:30,11.32,0.01,24,27168,买盘
1774,13:10:27,11.31,-0.01,2,2262,卖盘
1775,13:10:24,11.32,--,115,130180,买盘
1776,13:10:15,11.32,0.01,102,115464,买盘
1777,13:10:12,11.31,--,164,185484,卖盘
1778,13:10:06,11.31,-0.01,5,5655,卖盘
1779,13:10:03,11.32,0.01,11,12452,买盘
1780,13:10:00,11.31,--,18,20358,卖盘
1781,13:09:57,11.31,--,2,2262,卖盘
1782,13:09:54,11.31,-0.01,16,18096,卖盘
1783,13:09:51,11.32,0.01,18,20376,买盘
1784,13:09:48,11.31,-0.01,85,96135,卖盘
1785,13:09:45,11.32,0.01,92,104144,买盘
1786,13:09:42,11.31,--,56,63336,卖盘
1787,13:09:39,11.31,--,15,16965,卖盘
1788,13:09:36,11.31,-0.01,28,31668,卖盘
1789,13:09:33,11.32,--,2,2264,买盘
1790,13:09:30,11.32,--,303,342996,买盘
1791,13:09:27,11.32,--,4,4528,买盘
1792,13:09:24,11.32,--,25,28300,买盘
1793,13:09:21,11.32,0.01,2,2264,买盘
1794,13:09:18,11.31,-0.01,278,314418,卖盘
1795,13:09:15,11.32,0.01,10,11320,买盘
1796,13:09:12,11.31,-0.01,54,61074,卖盘
1797,13:09:09,11.32,0.01,22,24904,买盘
1798,13:09:06,11.31,-0.01,30,33930,卖盘
1799,13:09:03,11.32,0.01,48,54336,买盘
1800,13:09:00,11.31,-0.01,38,42978,卖盘
1801,13:08:57,11.32,0.01,12,13584,买盘
1802,13:08:54,11.31,--,60,67860,卖盘
1803,13:08:51,11.31,--,43,48633,卖盘
1804,13:08:45,11.31,0.01,13,14703,卖盘
1805,13:08:42,11.3,--,94,106220,卖盘
1806,13:08:39,11.3,-0.01,124,140120,卖盘
1807,13:08:33,11.31,--,100,113100,买盘
1808,13:08:30,11.31,--,30,33930,买盘
1809,13:08:27,11.31,0.01,10,11310,买盘
1810,13:08:24,11.3,-0.01,73,82490,卖盘
1811,13:08:21,11.31,-0.01,16,18096,卖盘
1812,13:08:18,11.32,0.01,23,26036,买盘
1813,13:08:15,11.31,--,22,24882,卖盘
1814,13:08:12,11.31,--,105,118755,卖盘
1815,13:08:09,11.31,-0.01,30,33930,卖盘
1816,13:08:03,11.32,--,1,1132,买盘
1817,13:08:00,11.32,--,3,3396,买盘
1818,13:07:57,11.32,0.02,248,280736,买盘
1819,13:07:54,11.3,-0.01,69,77970,卖盘
1820,13:07:48,11.31,--,42,47502,买盘
1821,13:07:45,11.31,--,105,118755,买盘
1822,13:07:42,11.31,--,187,211497,买盘
1823,13:07:39,11.31,--,17,19227,卖盘
1824,13:07:36,11.31,--,200,226200,卖盘
1825,13:07:33,11.31,-0.01,1,1131,卖盘
1826,13:07:27,11.32,0.01,210,237720,买盘
1827,13:07:24,11.31,-0.01,15,16965,卖盘
1828,13:07:21,11.32,--,216,244512,买盘
1829,13:07:18,11.32,0.01,5,5660,买盘
1830,13:07:15,11.31,--,51,57681,买盘
1831,13:07:12,11.31,--,141,159471,卖盘
1832,13:07:09,11.31,--,55,62205,卖盘
1833,13:07:06,11.31,-0.01,11,12441,卖盘
1834,13:07:03,11.32,0.01,517,585244,买盘
1835,13:07:00,11.31,--,223,252213,买盘
1836,13:06:57,11.31,0.01,21,23751,买盘
1837,13:06:54,11.3,-0.01,22,24860,卖盘
1838,13:06:51,11.31,--,358,404898,卖盘
1839,13:06:48,11.31,--,7,7917,卖盘
1840,13:06:45,11.31,-0.01,12,13572,卖盘
1841,13:06:42,11.32,--,94,106408,买盘
1842,13:06:39,11.32,0.01,10,11320,买盘
1843,13:06:36,11.31,--,21,23751,卖盘
1844,13:06:33,11.31,--,359,406029,卖盘
1845,13:06:30,11.31,-0.01,20,22620,卖盘
1846,13:06:27,11.32,0.01,12,13584,买盘
1847,13:06:24,11.31,--,289,326859,卖盘
1848,13:06:21,11.31,--,1,1131,卖盘
1849,13:06:18,11.31,-0.01,55,62205,卖盘
1850,13:06:15,11.32,0.01,6,6792,买盘
1851,13:06:12,11.31,--,87,98397,卖盘
1852,13:06:09,11.31,--,30,33930,卖盘
1853,13:06:06,11.31,-0.01,1,1131,卖盘
1854,13:06:03,11.32,0.01,84,95088,买盘
1855,13:06:00,11.31,-0.01,53,59943,卖盘
1856,13:05:57,11.32,0.01,13,14716,买盘
1857,13:05:54,11.31,--,2,2262,卖盘
1858,13:05:51,11.31,-0.01,113,127803,卖盘
1859,13:05:48,11.32,-0.01,156,176592,卖盘
1860,13:05:45,11.33,--,1,1133,买盘
1861,13:05:42,11.33,--,55,62315,买盘
1862,13:05:39,11.33,0.01,54,61182,买盘
1863,13:05:33,11.32,-0.01,1,1132,卖盘
1864,13:05:30,11.33,--,28,31724,买盘
1865,13:05:27,11.33,--,209,236797,卖盘
1866,13:05:24,11.33,--,3,3399,卖盘
1867,13:05:21,11.33,-0.01,10,11330,卖盘
1868,13:05:18,11.34,--,2,2268,买盘
1869,13:05:15,11.34,--,168,190512,买盘
1870,13:05:12,11.34,--,109,123606,买盘
1871,13:05:06,11.34,--,10,11340,买盘
1872,13:05:03,11.34,--,13,14742,买盘
1873,13:04:57,11.34,--,124,140616,卖盘
1874,13:04:54,11.34,--,4,4536,卖盘
1875,13:04:48,11.34,-0.02,4,4536,卖盘
1876,13:04:45,11.36,--,1,1136,买盘
1877,13:04:42,11.36,--,10,11360,买盘
1878,13:04:39,11.36,0.02,70,79520,买盘
1879,13:04:33,11.34,--,59,66906,卖盘
1880,13:04:30,11.34,--,29,32886,买盘
1881,13:04:27,11.34,0.01,30,34020,买盘
1882,13:04:24,11.33,-0.02,213,241329,卖盘
1883,13:04:21,11.35,--,2,2270,买盘
1884,13:04:18,11.35,--,5,5675,买盘
1885,13:04:12,11.35,--,100,113500,买盘
1886,13:04:09,11.35,-0.01,3,3405,买盘
1887,13:04:06,11.36,0.01,60,68160,买盘
1888,13:04:03,11.35,-0.01,91,103285,卖盘
1889,13:04:00,11.36,0.01,41,46576,买盘
1890,13:03:57,11.35,--,1,1135,卖盘
1891,13:03:54,11.35,--,41,46535,卖盘
1892,13:03:48,11.35,-0.01,1,1135,卖盘
1893,13:03:45,11.36,0.01,1,1136,买盘
1894,13:03:42,11.35,-0.01,110,124850,卖盘
1895,13:03:36,11.36,0.01,1,1136,买盘
1896,13:03:33,11.35,--,4,4540,卖盘
1897,13:03:30,11.35,-0.01,45,51075,卖盘
1898,13:03:27,11.36,0.01,10,11360,买盘
1899,13:03:24,11.35,0.01,3,3405,中性盘
1900,13:03:21,11.34,-0.01,200,226800,卖盘
1901,13:03:18,11.35,--,2,2270,卖盘
1902,13:03:15,11.35,--,29,32915,卖盘
1903,13:03:12,11.35,--,35,39725,卖盘
1904,13:03:09,11.35,-0.01,20,22700,卖盘
1905,13:03:03,11.36,0.01,5,5680,买盘
1906,13:03:00,11.35,--,8,9080,卖盘
1907,13:02:57,11.35,0.01,89,101015,买盘
1908,13:02:54,11.34,-0.01,13,14742,卖盘
1909,13:02:51,11.35,--,34,38590,买盘
1910,13:02:45,11.35,--,30,34050,卖盘
1911,13:02:42,11.35,--,75,85125,卖盘
1912,13:02:39,11.35,-0.01,3,3405,卖盘
1913,13:02:36,11.36,-0.01,4,4544,卖盘
1914,13:02:33,11.37,0.01,1,1137,买盘
1915,13:02:24,11.36,--,11,12496,买盘
1916,13:02:21,11.36,--,43,48848,买盘
1917,13:02:18,11.36,--,8,9088,买盘
1918,13:02:12,11.36,--,24,27264,买盘
1919,13:02:06,11.36,--,1,1136,买盘
1920,13:02:03,11.36,-0.01,10,11360,卖盘
1921,13:02:00,11.37,--,41,46617,买盘
1922,13:01:57,11.37,0.02,1,1137,买盘
1923,13:01:54,11.35,-0.02,175,198625,卖盘
1924,13:01:51,11.37,--,120,136440,买盘
1925,13:01:48,11.37,0.01,15,17055,买盘
1926,13:01:45,11.36,--,2,2272,卖盘
1927,13:01:42,11.36,--,69,78384,卖盘
1928,13:01:39,11.36,-0.01,8,9088,卖盘
1929,13:01:36,11.37,0.01,1,1137,买盘
1930,13:01:33,11.36,-0.01,11,12496,卖盘
1931,13:01:27,11.37,0.01,1,1137,买盘
1932,13:01:24,11.36,--,29,32944,卖盘
1933,13:01:21,11.36,-0.01,6,6816,卖盘
1934,13:01:18,11.37,--,1,1137,买盘
1935,13:01:12,11.37,--,268,304716,买盘
1936,13:01:06,11.37,--,14,15917,买盘
1937,13:01:03,11.37,--,3,3410,买盘
1938,13:01:00,11.37,0.01,41,46617,买盘
1939,13:00:54,11.36,-0.01,15,17040,卖盘
1940,13:00:51,11.37,-0.01,75,85275,卖盘
1941,13:00:45,11.38,--,61,69418,买盘
1942,13:00:42,11.38,0.01,1092,1242696,买盘
1943,13:00:33,11.37,0.02,1,1137,卖盘
1944,13:00:30,11.35,-0.02,295,334825,卖盘
1945,13:00:27,11.37,--,111,126206,卖盘
1946,13:00:24,11.37,-0.01,13,14780,卖盘
1947,13:00:21,11.38,-0.02,254,289279,卖盘
1948,13:00:18,11.4,--,1,1140,买盘
1949,13:00:15,11.4,0.02,2,2280,买盘
1950,13:00:09,11.38,-0.01,131,149078,卖盘
1951,13:00:06,11.39,--,115,131896,买盘
1952,13:00:03,11.39,0.01,4048,4610672,买盘
1953,13:00:00,11.38,-0.01,263,299294,卖盘
1954,11:30:00,11.39,--,0,0,买盘
1955,11:29:57,11.39,--,26,29614,买盘
1956,11:29:54,11.39,--,16,18224,买盘
1957,11:29:48,11.39,--,18,20502,买盘
1958,11:29:45,11.39,--,1,1139,买盘
1959,11:29:42,11.39,--,13,14807,买盘
1960,11:29:39,11.39,--,1,1139,买盘
1961,11:29:33,11.39,--,17,19363,买盘
1962,11:29:30,11.39,0.01,50,56950,买盘
1963,11:29:27,11.38,-0.01,3,3414,卖盘
1964,11:29:24,11.39,0.01,21,23919,买盘
1965,11:29:21,11.38,-0.01,20,22760,卖盘
1966,11:29:18,11.39,--,176,200464,买盘
1967,11:29:15,11.39,0.01,34,38726,买盘
1968,11:29:12,11.38,--,29,33002,买盘
1969,11:29:09,11.38,--,77,87626,买盘
1970,11:29:06,11.38,0.01,10,11380,买盘
1971,11:29:03,11.37,-0.01,88,100056,卖盘
1972,11:29:00,11.38,0.01,201,228738,买盘
1973,11:28:57,11.37,--,63,71631,卖盘
1974,11:28:54,11.37,-0.01,65,73905,卖盘
1975,11:28:51,11.38,--,54,61452,买盘
1976,11:28:48,11.38,--,100,113800,买盘
1977,11:28:45,11.38,--,15,17070,买盘
1978,11:28:42,11.38,--,41,46658,买盘
1979,11:28:33,11.38,--,25,28450,买盘
1980,11:28:30,11.38,0.01,1,1138,买盘
1981,11:28:27,11.37,-0.01,22,25014,卖盘
1982,11:28:24,11.38,--,68,77384,买盘
1983,11:28:21,11.38,--,2,2276,买盘
1984,11:28:18,11.38,--,11,12518,买盘
1985,11:28:15,11.38,0.01,1,1138,买盘
1986,11:28:12,11.37,-0.01,31,35247,卖盘
1987,11:28:09,11.38,0.01,3,3414,买盘
1988,11:28:06,11.37,-0.01,10,11370,卖盘
1989,11:28:00,11.38,0.01,1,1138,买盘
1990,11:27:57,11.37,--,2,2274,卖盘
1991,11:27:54,11.37,--,34,38658,买盘
1992,11:27:48,11.37,-0.01,152,172824,卖盘
1993,11:27:45,11.38,0.01,9,10242,买盘
1994,11:27:42,11.37,--,94,106877,买盘
1995,11:27:39,11.37,--,38,43206,买盘
1996,11:27:36,11.37,-0.01,232,263784,卖盘
1997,11:27:33,11.38,--,4,4552,买盘
1998,11:27:30,11.38,0.01,24,27312,买盘
1999,11:27:27,11.37,-0.01,2,2274,卖盘
2000,11:27:24,11.38,--,5,5690,买盘
2001,11:27:21,11.38,-0.01,343,390334,卖盘
2002,11:27:18,11.39,0.01,46,52394,买盘
2003,11:27:15,11.38,-0.01,14,15932,卖盘
2004,11:27:12,11.39,--,39,44421,买盘
2005,11:27:03,11.39,0.01,243,276777,买盘
2006,11:26:57,11.38,-0.01,25,28450,卖盘
2007,11:26:54,11.39,--,2,2278,买盘
2008,11:26:51,11.39,--,7,7973,买盘
2009,11:26:48,11.39,0.01,51,58089,买盘
2010,11:26:45,11.38,-0.01,4,4552,卖盘
2011,11:26:42,11.39,--,23,26197,买盘
2012,11:26:39,11.39,--,9,10251,买盘
2013,11:26:36,11.39,--,2,2278,买盘
2014,11:26:33,11.39,--,22,25058,买盘
2015,11:26:30,11.39,0.01,12,13668,买盘
2016,11:26:27,11.38,-0.01,15,17070,卖盘
2017,11:26:24,11.39,--,20,22780,买盘
2018,11:26:21,11.39,--,15,17085,买盘
2019,11:26:18,11.39,--,25,28475,买盘
2020,11:26:15,11.39,0.01,11,12529,买盘
2021,11:26:12,11.38,-0.01,24,27312,卖盘
2022,11:26:06,11.39,0.01,1,1139,买盘
2023,11:26:03,11.38,-0.01,1,1138,卖盘
2024,11:26:00,11.39,0.01,30,34170,买盘
2025,11:25:57,11.38,-0.01,2,2276,卖盘
2026,11:25:54,11.39,0.01,1,1139,买盘
2027,11:25:51,11.38,--,8,9104,卖盘
2028,11:25:48,11.38,--,5,5690,买盘
2029,11:25:45,11.38,--,19,21622,买盘
2030,11:25:42,11.38,0.01,26,29588,买盘
2031,11:25:39,11.37,-0.01,64,72768,卖盘
2032,11:25:33,11.38,--,2,2276,买盘
2033,11:25:30,11.38,--,20,22760,买盘
2034,11:25:27,11.38,--,18,20484,卖盘
2035,11:25:24,11.38,--,15,17070,中性盘
2036,11:25:15,11.38,--,76,86488,买盘
2037,11:25:12,11.38,--,14,15932,买盘
2038,11:25:09,11.38,0.01,29,33002,买盘
2039,11:25:06,11.37,-0.01,250,284250,卖盘
2040,11:25:03,11.38,--,62,70556,买盘
2041,11:25:00,11.38,0.01,1,1138,买盘
2042,11:24:57,11.37,-0.01,2,2274,卖盘
2043,11:24:54,11.38,--,1,1138,买盘
2044,11:24:51,11.38,--,1,1138,买盘
2045,11:24:48,11.38,0.01,37,42106,买盘
2046,11:24:45,11.37,--,24,27287,买盘
2047,11:24:42,11.37,-0.01,100,113699,卖盘
2048,11:24:39,11.38,0.01,6,6828,买盘
2049,11:24:36,11.37,--,175,198975,买盘
2050,11:24:33,11.37,0.01,4,4548,买盘
2051,11:24:30,11.36,-0.01,22,24992,卖盘
2052,11:24:27,11.37,0.01,228,259235,买盘
2053,11:24:24,11.36,--,1,1136,卖盘
2054,11:24:21,11.36,-0.01,16,18176,卖盘
2055,11:24:18,11.37,0.01,6,6821,买盘
2056,11:24:15,11.36,--,2,2272,卖盘
2057,11:24:12,11.36,--,409,464624,卖盘
2058,11:24:09,11.36,-0.01,1,1136,卖盘
2059,11:24:06,11.37,--,3,3410,买盘
2060,11:24:03,11.37,0.01,59,67083,买盘
2061,11:24:00,11.36,0.01,103,117144,买盘
2062,11:23:57,11.35,--,71,80585,卖盘
2063,11:23:54,11.35,--,12,13620,卖盘
2064,11:23:51,11.35,--,11,12485,卖盘
2065,11:23:48,11.35,-0.01,83,94205,卖盘
2066,11:23:45,11.36,--,32,36352,买盘
2067,11:23:42,11.36,--,76,86336,买盘
2068,11:23:39,11.36,--,33,37488,买盘
2069,11:23:36,11.36,--,31,35216,买盘
2070,11:23:33,11.36,--,53,60208,买盘
2071,11:23:30,11.36,0.01,9,10224,买盘
2072,11:23:27,11.35,-0.01,19,21565,卖盘
2073,11:23:24,11.36,0.01,133,151088,买盘
2074,11:23:21,11.35,-0.01,16,18160,卖盘
2075,11:23:18,11.36,0.01,15,17040,买盘
2076,11:23:15,11.35,-0.01,3,3405,卖盘
2077,11:23:12,11.36,--,23,26128,买盘
2078,11:23:06,11.36,0.01,104,118144,买盘
2079,11:23:03,11.35,-0.01,5,5675,卖盘
2080,11:23:00,11.36,--,11,12496,买盘
2081,11:22:57,11.36,--,30,34080,买盘
2082,11:22:54,11.36,--,14,15904,买盘
2083,11:22:51,11.36,0.01,1,1136,买盘
2084,11:22:48,11.35,-0.01,33,37455,卖盘
2085,11:22:45,11.36,--,42,47712,买盘
2086,11:22:42,11.36,--,12,13632,买盘
2087,11:22:39,11.36,--,100,113600,买盘
2088,11:22:33,11.36,0.01,95,107920,买盘
2089,11:22:27,11.35,-0.01,19,21565,卖盘
2090,11:22:24,11.36,--,19,21584,买盘
2091,11:22:21,11.36,--,49,55664,买盘
2092,11:22:15,11.36,--,37,42032,买盘
2093,11:22:12,11.36,--,116,131776,卖盘
2094,11:22:06,11.36,0.01,27,30672,卖盘
2095,11:22:03,11.35,-0.01,2,2270,卖盘
2096,11:22:00,11.36,--,14,15904,买盘
2097,11:21:57,11.36,--,166,188576,买盘
2098,11:21:54,11.36,0.01,6,6816,买盘
2099,11:21:45,11.35,-0.01,129,146415,卖盘
2100,11:21:42,11.36,--,10,11360,买盘
2101,11:21:39,11.36,0.01,4,4544,买盘
2102,11:21:36,11.35,-0.01,6,6810,卖盘
2103,11:21:33,11.36,--,1,1136,买盘
2104,11:21:30,11.36,0.01,1,1136,买盘
2105,11:21:27,11.35,-0.01,13,14755,卖盘
2106,11:21:24,11.36,--,6,6816,买盘
2107,11:21:21,11.36,--,10,11360,买盘
2108,11:21:18,11.36,0.01,16,18176,买盘
2109,11:21:15,11.35,-0.01,55,62425,卖盘
2110,11:21:09,11.36,0.01,4,4544,买盘
2111,11:21:06,11.35,-0.01,24,27240,卖盘
2112,11:21:03,11.36,--,13,14768,买盘
2113,11:21:00,11.36,0.02,1,1136,买盘
2114,11:20:57,11.34,-0.01,66,74844,卖盘
2115,11:20:54,11.35,0.01,85,96475,买盘
2116,11:20:51,11.34,-0.01,2,2268,卖盘
2117,11:20:48,11.35,--,19,21565,买盘
2118,11:20:45,11.35,-0.01,436,494860,卖盘
2119,11:20:42,11.36,0.01,39,44304,买盘
2120,11:20:39,11.35,-0.01,20,22700,卖盘
2121,11:20:36,11.36,--,30,34080,买盘
2122,11:20:33,11.36,0.01,1,1136,买盘
2123,11:20:30,11.35,--,19,21565,卖盘
2124,11:20:27,11.35,--,19,21565,卖盘
2125,11:20:24,11.35,--,151,171385,买盘
2126,11:20:18,11.35,0.01,26,29510,买盘
2127,11:20:15,11.34,--,89,100926,卖盘
2128,11:20:06,11.34,-0.02,201,227934,卖盘
2129,11:20:03,11.36,0.01,31,35216,买盘
2130,11:20:00,11.35,0.01,22,24970,买盘
2131,11:19:57,11.34,-0.01,33,37422,卖盘
2132,11:19:54,11.35,--,1,1135,买盘
2133,11:19:51,11.35,0.01,3,3405,中性盘
2134,11:19:48,11.34,--,126,142884,买盘
2135,11:19:45,11.34,-0.01,23,26082,卖盘
2136,11:19:42,11.35,0.01,9,10215,买盘
2137,11:19:39,11.34,--,91,103194,卖盘
2138,11:19:36,11.34,-0.01,6,6804,卖盘
2139,11:19:30,11.35,--,38,43130,买盘
2140,11:19:27,11.35,--,11,12485,买盘
2141,11:19:24,11.35,--,20,22700,买盘
2142,11:19:21,11.35,0.01,6,6810,买盘
2143,11:19:15,11.34,-0.01,38,43092,卖盘
2144,11:19:09,11.35,0.02,27,30645,买盘
2145,11:19:06,11.33,-0.01,10,11330,卖盘
2146,11:18:57,11.34,0.01,38,43092,买盘
2147,11:18:54,11.33,--,4,4532,卖盘
2148,11:18:51,11.33,-0.01,1,1133,卖盘
2149,11:18:48,11.34,--,13,14742,买盘
2150,11:18:45,11.34,-0.01,148,167832,卖盘
2151,11:18:42,11.35,0.01,3,3405,买盘
2152,11:18:39,11.34,--,6,6804,买盘
2153,11:18:36,11.34,-0.01,58,65772,卖盘
2154,11:18:33,11.35,--,2,2270,买盘
2155,11:18:30,11.35,--,23,26105,买盘
2156,11:18:27,11.35,-0.01,247,280345,卖盘
2157,11:18:24,11.36,--,5,5680,买盘
2158,11:18:21,11.36,0.01,89,101104,买盘
2159,11:18:15,11.35,-0.01,251,284885,卖盘
2160,11:18:12,11.36,--,23,26128,买盘
2161,11:18:09,11.36,--,18,20448,买盘
2162,11:18:06,11.36,-0.01,496,563456,卖盘
2163,11:18:03,11.37,--,101,114836,买盘
2164,11:18:00,11.37,0.01,40,45480,买盘
2165,11:17:57,11.36,--,27,30672,卖盘
2166,11:17:54,11.36,-0.01,40,45440,卖盘
2167,11:17:51,11.37,0.01,3,3410,买盘
2168,11:17:48,11.36,--,7,7952,卖盘
2169,11:17:45,11.36,-0.01,148,168128,卖盘
2170,11:17:42,11.37,--,17,19329,买盘
2171,11:17:39,11.37,--,70,79590,买盘
2172,11:17:36,11.37,0.01,170,193290,买盘
2173,11:17:33,11.36,-0.01,31,35216,卖盘
2174,11:17:27,11.37,0.01,956,1086972,买盘
2175,11:17:24,11.36,--,65,73840,卖盘
2176,11:17:21,11.36,-0.01,104,118144,卖盘
2177,11:17:18,11.37,0.01,3,3410,买盘
2178,11:17:15,11.36,-0.01,115,130640,卖盘
2179,11:17:09,11.37,0.01,134,152358,买盘
2180,11:17:06,11.36,-0.01,11,12496,卖盘
2181,11:17:03,11.37,--,3,3410,买盘
2182,11:17:00,11.37,--,10,11370,买盘
2183,11:16:57,11.37,0.01,49,55712,买盘
2184,11:16:54,11.36,-0.01,15,17040,卖盘
2185,11:16:51,11.37,--,4,4548,买盘
2186,11:16:48,11.37,0.01,4,4548,买盘
2187,11:16:45,11.36,--,315,357840,买盘
2188,11:16:42,11.36,--,50,56800,买盘
2189,11:16:39,11.36,0.01,29,32944,买盘
2190,11:16:36,11.35,-0.01,21,23835,卖盘
2191,11:16:33,11.36,0.01,29,32944,买盘
2192,11:16:30,11.35,--,20,22700,卖盘
2193,11:16:27,11.35,--,68,77180,卖盘
2194,11:16:24,11.35,--,43,48805,卖盘
2195,11:16:15,11.35,--,45,51075,卖盘
2196,11:16:12,11.35,-0.01,12,13620,卖盘
2197,11:16:09,11.36,0.01,42,47712,买盘
2198,11:16:06,11.35,-0.01,7,7945,卖盘
2199,11:16:03,11.36,0.01,43,48848,买盘
2200,11:16:00,11.35,--,9,10215,卖盘
2201,11:15:57,11.35,--,31,35185,卖盘
2202,11:15:54,11.35,-0.01,3,3405,卖盘
2203,11:15:51,11.36,0.01,1,1136,买盘
2204,11:15:48,11.35,--,43,48805,买盘
2205,11:15:45,11.35,-0.01,164,186140,卖盘
2206,11:15:39,11.36,0.01,13,14768,买盘
2207,11:15:36,11.35,-0.01,69,78315,卖盘
2208,11:15:33,11.36,0.01,8,9088,买盘
2209,11:15:30,11.35,--,84,95340,卖盘
2210,11:15:27,11.35,--,96,108960,卖盘
2211,11:15:24,11.35,-0.01,35,39725,卖盘
2212,11:15:18,11.36,--,1,1136,买盘
2213,11:15:15,11.36,--,637,723632,买盘
2214,11:15:12,11.36,--,20,22720,买盘
2215,11:15:09,11.36,--,13,14768,买盘
2216,11:15:06,11.36,--,15,17040,卖盘
2217,11:15:03,11.36,--,1,1136,卖盘
2218,11:15:00,11.36,--,32,36352,卖盘
2219,11:14:57,11.36,--,7,7952,卖盘
2220,11:14:54,11.36,-0.01,19,21584,卖盘
2221,11:14:51,11.37,0.01,8,9096,买盘
2222,11:14:48,11.36,--,13,14768,买盘
2223,11:14:45,11.36,--,40,45440,卖盘
2224,11:14:39,11.36,--,10,11360,买盘
2225,11:14:36,11.36,--,80,90880,买盘
2226,11:14:33,11.36,--,13,14768,买盘
2227,11:14:27,11.36,0.01,165,187440,买盘
2228,11:14:24,11.35,-0.01,3,3405,卖盘
2229,11:14:18,11.36,0.01,17,19312,买盘
2230,11:14:15,11.35,-0.02,221,250835,卖盘
2231,11:14:09,11.37,0.01,103,117110,买盘
2232,11:14:06,11.36,-0.01,27,30672,卖盘
2233,11:14:03,11.37,--,61,69357,买盘
2234,11:14:00,11.37,0.01,24,27287,买盘
2235,11:13:57,11.36,0.01,115,130640,买盘
2236,11:13:54,11.35,-0.01,17,19295,卖盘
2237,11:13:51,11.36,0.01,10,11360,买盘
2238,11:13:48,11.35,-0.01,16,18160,卖盘
2239,11:13:45,11.36,--,22,24992,买盘
2240,11:13:42,11.36,--,63,71568,买盘
2241,11:13:36,11.36,--,79,89744,买盘
2242,11:13:33,11.36,-0.01,962,1092832,卖盘
2243,11:13:30,11.37,0.01,55,62534,买盘
2244,11:13:27,11.36,--,43,48848,卖盘
2245,11:13:24,11.36,-0.01,26,29536,卖盘
2246,11:13:18,11.37,0.01,50,56849,买盘
2247,11:13:15,11.36,-0.01,19,21584,卖盘
2248,11:13:12,11.37,-0.01,209,237632,卖盘
2249,11:13:09,11.38,--,32,36416,卖盘
2250,11:13:06,11.38,--,6,6828,卖盘
2251,11:13:03,11.38,--,13,14794,卖盘
2252,11:13:00,11.38,0.01,20,22760,买盘
2253,11:12:57,11.37,--,4,4548,卖盘
2254,11:12:54,11.37,-0.01,7,7958,卖盘
2255,11:12:51,11.38,--,15,17070,买盘
2256,11:12:48,11.38,0.01,4,4552,买盘
2257,11:12:45,11.37,-0.01,28,31835,卖盘
2258,11:12:42,11.38,--,19,21622,买盘
2259,11:12:39,11.38,0.01,3,3414,买盘
2260,11:12:36,11.37,-0.01,28,31835,卖盘
2261,11:12:33,11.38,-0.01,9,10242,买盘
2262,11:12:30,11.39,0.03,10,11390,买盘
2263,11:12:27,11.36,-0.01,61,69296,卖盘
2264,11:12:24,11.37,--,104,118247,买盘
2265,11:12:21,11.37,--,10,11370,买盘
2266,11:12:18,11.37,0.01,18,20466,买盘
2267,11:12:15,11.36,-0.01,343,389648,卖盘
2268,11:12:12,11.37,-0.02,276,313812,卖盘
2269,11:12:09,11.39,0.01,107,121873,买盘
2270,11:12:06,11.38,--,27,30726,买盘
2271,11:12:03,11.38,--,729,829602,买盘
2272,11:12:00,11.38,0.01,37,42106,买盘
2273,11:11:57,11.37,--,32,36384,卖盘
2274,11:11:54,11.37,--,11,12507,卖盘
2275,11:11:51,11.37,-0.01,57,64808,卖盘
2276,11:11:48,11.38,0.01,40,45520,买盘
2277,11:11:45,11.37,--,41,46617,卖盘
2278,11:11:39,11.37,--,24,27287,买盘
2279,11:11:36,11.37,--,65,73905,买盘
2280,11:11:33,11.37,--,9,10233,买盘
2281,11:11:30,11.37,--,9,10233,买盘
2282,11:11:27,11.37,--,29,32973,卖盘
2283,11:11:24,11.37,--,151,171687,买盘
2284,11:11:21,11.37,--,7,7958,买盘
2285,11:11:18,11.37,--,128,145536,买盘
2286,11:11:15,11.37,--,151,171687,买盘
2287,11:11:12,11.37,--,22,25014,买盘
2288,11:11:09,11.37,0.01,17,19329,买盘
2289,11:11:06,11.36,-0.01,53,60208,卖盘
2290,11:11:03,11.37,--,156,177372,买盘
2291,11:11:00,11.37,0.01,83,94371,买盘
2292,11:10:57,11.36,--,15,17040,卖盘
2293,11:10:54,11.36,-0.01,49,55664,卖盘
2294,11:10:48,11.37,--,1,1137,买盘
2295,11:10:45,11.37,--,56,63671,买盘
2296,11:10:42,11.37,--,251,285387,买盘
2297,11:10:39,11.37,--,17,19329,买盘
2298,11:10:36,11.37,--,38,43206,买盘
2299,11:10:33,11.37,--,3,3410,买盘
2300,11:10:30,11.37,--,41,46617,买盘
2301,11:10:27,11.37,0.01,29,32973,买盘
2302,11:10:24,11.36,-0.01,35,39760,卖盘
2303,11:10:21,11.37,--,140,159180,买盘
2304,11:10:18,11.37,--,2,2274,买盘
2305,11:10:15,11.37,0.01,13,14780,买盘
2306,11:10:12,11.36,-0.01,16,18176,卖盘
2307,11:10:09,11.37,--,16,18192,买盘
2308,11:10:06,11.37,--,40,45480,买盘
2309,11:10:03,11.37,--,30,34110,买盘
2310,11:10:00,11.37,--,8,9096,买盘
2311,11:09:57,11.37,0.02,199,226262,买盘
2312,11:09:54,11.35,-0.01,39,44265,卖盘
2313,11:09:51,11.36,--,123,139728,卖盘
2314,11:09:48,11.36,--,4,4544,卖盘
2315,11:09:45,11.36,--,70,79520,卖盘
2316,11:09:42,11.36,-0.01,36,40896,卖盘
2317,11:09:39,11.37,0.01,78,88686,买盘
2318,11:09:36,11.36,--,226,256736,买盘
2319,11:09:33,11.36,--,26,29536,买盘
2320,11:09:27,11.36,0.01,40,45440,买盘
2321,11:09:24,11.35,-0.01,33,37455,卖盘
2322,11:09:21,11.36,0.01,8,9088,买盘
2323,11:09:18,11.35,--,8,9080,卖盘
2324,11:09:15,11.35,-0.01,7,7945,卖盘
2325,11:09:12,11.36,--,11,12496,买盘
2326,11:09:09,11.36,--,10,11360,买盘
2327,11:09:06,11.36,-0.01,14,15904,卖盘
2328,11:09:03,11.37,0.02,1,1137,买盘
2329,11:08:54,11.35,-0.02,36,40860,卖盘
2330,11:08:51,11.37,0.02,400,454799,买盘
2331,11:08:48,11.35,0.01,108,122580,买盘
2332,11:08:45,11.34,0.01,71,80514,卖盘
2333,11:08:42,11.33,--,23,26059,卖盘
2334,11:08:39,11.33,--,212,240196,买盘
2335,11:08:36,11.33,--,49,55517,买盘
2336,11:08:33,11.33,0.01,5,5665,买盘
2337,11:08:30,11.32,0.01,30,33960,买盘
2338,11:08:27,11.31,--,180,203580,卖盘
2339,11:08:24,11.31,--,99,111969,卖盘
2340,11:08:21,11.31,-0.01,73,82563,卖盘
2341,11:08:18,11.32,-0.01,9,10188,买盘
2342,11:08:15,11.33,--,507,574431,卖盘
2343,11:08:12,11.33,--,24,27192,买盘
2344,11:08:09,11.33,-0.02,40,45320,买盘
2345,11:08:06,11.35,--,972,1103220,买盘
2346,11:08:03,11.35,0.02,271,307585,买盘
2347,11:08:00,11.33,0.01,35,39655,买盘
2348,11:07:54,11.32,--,285,322620,卖盘
2349,11:07:51,11.32,--,102,115464,卖盘
2350,11:07:48,11.32,-0.02,611,691652,卖盘
2351,11:07:45,11.34,0.02,305,345870,买盘
2352,11:07:42,11.32,-0.02,318,359976,卖盘
2353,11:07:39,11.34,--,12,13608,买盘
2354,11:07:36,11.34,--,152,172368,买盘
2355,11:07:33,11.34,0.01,8,9072,中性盘
2356,11:07:30,11.33,-0.01,190,215270,卖盘
2357,11:07:27,11.34,0.01,117,132678,买盘
2358,11:07:24,11.33,-0.01,31,35123,卖盘
2359,11:07:21,11.34,--,378,428652,买盘
2360,11:07:18,11.34,--,15,17010,买盘
2361,11:07:15,11.34,--,11,12474,卖盘
2362,11:07:12,11.34,--,5,5670,卖盘
2363,11:07:09,11.34,-0.01,214,242676,卖盘
2364,11:07:06,11.35,--,98,111230,买盘
2365,11:07:00,11.35,-0.01,1344,1525440,卖盘
2366,11:06:54,11.36,--,400,454400,卖盘
2367,11:06:51,11.36,0.01,22,24992,买盘
2368,11:06:48,11.35,--,21,23835,卖盘
2369,11:06:45,11.35,-0.01,185,209975,卖盘
2370,11:06:39,11.36,--,62,70432,买盘
2371,11:06:36,11.36,-0.01,211,239696,中性盘
2372,11:06:33,11.37,0.01,293,333141,买盘
2373,11:06:30,11.36,-0.01,1,1136,中性盘
2374,11:06:27,11.37,0.01,13,15554,买盘
2375,11:06:24,11.36,-0.01,1232,1399552,卖盘
2376,11:06:21,11.37,0.01,12,13643,买盘
2377,11:06:18,11.36,--,60,68160,卖盘
2378,11:06:15,11.36,--,171,194256,卖盘
2379,11:06:12,11.36,-0.01,8,9088,卖盘
2380,11:06:09,11.37,--,11,12507,买盘
2381,11:06:06,11.37,-0.01,53,60260,卖盘
2382,11:06:03,11.38,0.01,508,578104,买盘
2383,11:06:00,11.37,-0.01,450,511649,卖盘
2384,11:05:57,11.38,0.01,6,6828,买盘
2385,11:05:54,11.37,-0.01,100,113699,卖盘
2386,11:05:51,11.38,0.01,34,38692,买盘
2387,11:05:48,11.37,--,189,214892,卖盘
2388,11:05:45,11.37,-0.01,21,23877,卖盘
2389,11:05:42,11.38,0.01,22,25036,买盘
2390,11:05:39,11.37,-0.01,132,150084,卖盘
2391,11:05:36,11.38,--,126,143388,买盘
2392,11:05:33,11.38,--,1,1138,买盘
2393,11:05:30,11.38,--,21,23898,买盘
2394,11:05:27,11.38,--,10,11380,买盘
2395,11:05:24,11.38,-0.01,41,46658,卖盘
2396,11:05:21,11.39,0.01,11,12529,买盘
2397,11:05:18,11.38,-0.01,36,40968,卖盘
2398,11:05:15,11.39,0.01,73,83147,买盘
2399,11:05:12,11.38,--,8,9104,卖盘
2400,11:05:09,11.38,-0.01,12,13656,卖盘
2401,11:05:06,11.39,--,206,234634,买盘
2402,11:05:03,11.39,0.01,40,45560,买盘
2403,11:05:00,11.38,-0.02,335,381230,卖盘
2404,11:04:57,11.4,0.01,161,183540,买盘
2405,11:04:54,11.39,-0.01,26,29614,卖盘
2406,11:04:51,11.4,0.01,20,22800,买盘
2407,11:04:48,11.39,--,29,33031,卖盘
2408,11:04:45,11.39,--,87,99093,卖盘
2409,11:04:39,11.39,--,11,12529,卖盘
2410,11:04:36,11.39,-0.01,15,17085,卖盘
2411,11:04:33,11.4,0.01,1,1140,买盘
2412,11:04:30,11.39,-0.01,51,58089,卖盘
2413,11:04:27,11.4,0.01,14,15960,买盘
2414,11:04:24,11.39,--,9,10251,卖盘
2415,11:04:21,11.39,--,5,5695,卖盘
2416,11:04:15,11.39,-0.01,32,36448,卖盘
2417,11:04:12,11.4,0.01,18,20520,买盘
2418,11:04:06,11.39,--,48,54672,卖盘
2419,11:04:03,11.39,-0.01,63,71757,卖盘
2420,11:04:00,11.4,0.01,56,63840,买盘
2421,11:03:57,11.39,--,10,11390,卖盘
2422,11:03:54,11.39,-0.01,33,37587,卖盘
2423,11:03:48,11.4,--,29,33060,买盘
2424,11:03:45,11.4,--,86,98040,买盘
2425,11:03:39,11.4,--,21,23940,买盘
2426,11:03:36,11.4,0.01,29,33060,买盘
2427,11:03:33,11.39,--,52,59228,卖盘
2428,11:03:30,11.39,--,141,160599,卖盘
2429,11:03:27,11.39,--,5,5695,卖盘
2430,11:03:24,11.39,-0.01,136,154904,卖盘
2431,11:03:21,11.4,0.01,6,6840,买盘
2432,11:03:15,11.39,--,15,17085,卖盘
2433,11:03:09,11.39,0.01,41,46699,买盘
2434,11:03:06,11.38,-0.01,10,11380,卖盘
2435,11:03:00,11.39,--,9,10251,买盘
2436,11:02:57,11.39,0.01,38,43282,买盘
2437,11:02:54,11.38,-0.01,11,12518,卖盘
2438,11:02:48,11.39,--,2,2278,买盘
2439,11:02:45,11.39,0.01,62,70618,买盘
2440,11:02:42,11.38,--,13,14794,卖盘
2441,11:02:36,11.38,-0.01,6,6828,卖盘
2442,11:02:33,11.39,0.01,2,2278,买盘
2443,11:02:30,11.38,--,4,4552,卖盘
2444,11:02:27,11.38,--,2,2276,卖盘
2445,11:02:24,11.38,-0.01,24,27312,卖盘
2446,11:02:21,11.39,0.01,16,18224,买盘
2447,11:02:18,11.38,--,4,4552,卖盘
2448,11:02:15,11.38,0.01,22,25036,卖盘
2449,11:02:12,11.37,--,22,25014,卖盘
2450,11:02:09,11.37,-0.01,15,17055,卖盘
2451,11:02:06,11.38,-0.01,27,30726,中性盘
2452,11:02:03,11.39,0.01,36,41004,买盘
2453,11:02:00,11.38,--,17,19346,卖盘
2454,11:01:57,11.38,--,10,11380,卖盘
2455,11:01:54,11.38,--,36,40968,卖盘
2456,11:01:51,11.38,--,40,45520,卖盘
2457,11:01:48,11.38,-0.01,14,15932,卖盘
2458,11:01:45,11.39,0.01,21,23919,买盘
2459,11:01:42,11.38,--,24,27312,卖盘
2460,11:01:39,11.38,--,31,35278,卖盘
2461,11:01:36,11.38,--,31,35278,卖盘
2462,11:01:33,11.38,-0.02,10,11380,卖盘
2463,11:01:30,11.4,0.02,51,58140,买盘
2464,11:01:27,11.38,--,8,9104,卖盘
2465,11:01:24,11.38,--,45,51210,卖盘
2466,11:01:21,11.38,--,17,19346,卖盘
2467,11:01:18,11.38,0.01,20,22987,买盘
2468,11:01:15,11.37,-0.01,21,24786,卖盘
2469,11:01:12,11.38,--,12,13656,卖盘
2470,11:01:09,11.38,--,5,5690,卖盘
2471,11:01:06,11.38,--,92,104696,卖盘
2472,11:01:03,11.38,-0.02,22,25036,卖盘
2473,11:01:00,11.4,0.02,15,17328,买盘
2474,11:00:57,11.38,--,15,17070,买盘
2475,11:00:54,11.38,--,167,190046,买盘
2476,11:00:51,11.38,--,44,50072,买盘
2477,11:00:48,11.38,--,494,562172,买盘
2478,11:00:45,11.38,--,210,238980,买盘
2479,11:00:42,11.38,--,59,67142,买盘
2480,11:00:39,11.38,--,88,100144,买盘
2481,11:00:36,11.38,0.01,17,19346,买盘
2482,11:00:33,11.37,-0.01,10,11370,卖盘
2483,11:00:30,11.38,-0.02,1009,1148242,卖盘
2484,11:00:27,11.4,0.02,34,38760,买盘
2485,11:00:24,11.38,--,116,132008,卖盘
2486,11:00:21,11.38,-0.02,43,48934,卖盘
2487,11:00:15,11.4,--,162,184680,买盘
2488,11:00:12,11.4,0.01,115,131100,买盘
2489,11:00:06,11.39,--,62,70618,卖盘
2490,11:00:03,11.39,-0.01,33,37587,卖盘
2491,11:00:00,11.4,--,3,3420,买盘
2492,10:59:57,11.4,0.01,44,50160,买盘
2493,10:59:54,11.39,-0.01,30,34170,卖盘
2494,10:59:51,11.4,0.01,1,1140,买盘
2495,10:59:48,11.39,-0.01,54,61506,卖盘
2496,10:59:45,11.4,--,59,67260,买盘
2497,10:59:42,11.4,--,14,15960,买盘
2498,10:59:39,11.4,--,10,11400,买盘
2499,10:59:36,11.4,0.01,50,57000,买盘
2500,10:59:33,11.39,-0.01,216,246024,卖盘
2501,10:59:30,11.4,--,2,2280,买盘
2502,10:59:27,11.4,0.01,8,9120,买盘
2503,10:59:24,11.39,-0.01,1139,1297321,卖盘
2504,10:59:21,11.4,--,26,29640,买盘
2505,10:59:18,11.4,0.01,11,12540,买盘
2506,10:59:15,11.39,-0.01,12,13668,卖盘
2507,10:59:09,11.4,0.01,13,14820,买盘
2508,10:59:03,11.39,-0.01,51,58089,卖盘
2509,10:59:00,11.4,0.01,72,82080,买盘
2510,10:58:57,11.39,-0.01,11,12529,卖盘
2511,10:58:54,11.4,--,15,17100,卖盘
2512,10:58:51,11.4,--,196,223440,卖盘
2513,10:58:48,11.4,-0.01,1,1140,卖盘
2514,10:58:45,11.41,--,60,68460,买盘
2515,10:58:42,11.41,--,201,229341,买盘
2516,10:58:39,11.41,--,21,23961,买盘
2517,10:58:36,11.41,0.01,5,5705,买盘
2518,10:58:33,11.4,--,56,63840,卖盘
2519,10:58:30,11.4,--,1,1140,卖盘
2520,10:58:27,11.4,--,2,2280,卖盘
2521,10:58:24,11.4,0.01,251,286140,买盘
2522,10:58:21,11.39,--,1,1139,卖盘
2523,10:58:18,11.39,-0.01,7,7973,卖盘
2524,10:58:15,11.4,0.01,949,1081860,买盘
2525,10:58:09,11.39,0.01,2,2278,卖盘
2526,10:58:06,11.38,--,2,2276,卖盘
2527,10:58:03,11.38,-0.01,58,66004,卖盘
2528,10:58:00,11.39,--,12,13668,买盘
2529,10:57:57,11.39,0.01,30,34170,买盘
2530,10:57:54,11.38,--,90,102420,卖盘
2531,10:57:51,11.38,-0.01,53,60314,卖盘
2532,10:57:48,11.39,--,9,10251,买盘
2533,10:57:45,11.39,--,61,69479,买盘
2534,10:57:42,11.39,0.01,1,1139,买盘
2535,10:57:33,11.38,-0.01,46,52348,卖盘
2536,10:57:30,11.39,--,102,116178,买盘
2537,10:57:27,11.39,0.01,34,38726,买盘
2538,10:57:24,11.38,-0.01,60,68280,卖盘
2539,10:57:21,11.39,--,1,1139,买盘
2540,10:57:18,11.39,--,8,9112,买盘
2541,10:57:15,11.39,--,59,67201,买盘
2542,10:57:12,11.39,--,5,5695,买盘
2543,10:57:09,11.39,--,13,14807,买盘
2544,10:57:06,11.39,0.01,7,7973,买盘
2545,10:57:03,11.38,--,73,83074,卖盘
2546,10:57:00,11.38,-0.01,2,2276,卖盘
2547,10:56:57,11.39,0.01,3,3417,买盘
2548,10:56:54,11.38,0.01,59,67142,中性盘
2549,10:56:48,11.37,-0.01,160,181920,卖盘
2550,10:56:45,11.38,-0.01,20,22760,卖盘
2551,10:56:42,11.39,0.01,6,6834,买盘
2552,10:56:39,11.38,-0.01,29,33002,卖盘
2553,10:56:36,11.39,0.01,1,1139,买盘
2554,10:56:33,11.38,--,69,78522,卖盘
2555,10:56:27,11.38,--,12,13656,卖盘
2556,10:56:24,11.38,0.01,12,13656,中性盘
2557,10:56:21,11.37,--,1,1137,卖盘
2558,10:56:18,11.37,-0.01,337,383169,卖盘
2559,10:56:15,11.38,--,55,62590,买盘
2560,10:56:12,11.38,--,1,1138,买盘
2561,10:56:09,11.38,0.01,46,52348,买盘
2562,10:56:06,11.37,--,50,56849,卖盘
2563,10:56:03,11.37,--,133,151221,卖盘
2564,10:56:00,11.37,-0.01,10,11370,卖盘
2565,10:55:57,11.38,--,424,482512,买盘
2566,10:55:54,11.38,--,63,71694,买盘
2567,10:55:51,11.38,0.01,100,113800,买盘
2568,10:55:48,11.37,--,18,20466,卖盘
2569,10:55:45,11.37,-0.01,39,44343,卖盘
2570,10:55:42,11.38,0.01,39,44382,买盘
2571,10:55:39,11.37,-0.01,48,54575,卖盘
2572,10:55:36,11.38,0.01,22,25036,买盘
2573,10:55:33,11.37,-0.01,59,67083,卖盘
2574,10:55:30,11.38,--,20,22760,买盘
2575,10:55:27,11.38,--,3,3414,买盘
2576,10:55:24,11.38,-0.01,343,390334,卖盘
2577,10:55:18,11.39,-0.01,26,29614,卖盘
2578,10:55:15,11.4,0.01,56,63840,买盘
2579,10:55:12,11.39,-0.01,10,11390,卖盘
2580,10:55:09,11.4,--,10,11400,买盘
2581,10:55:06,11.4,0.02,134,152760,买盘
2582,10:55:03,11.38,-0.01,163,185494,卖盘
2583,10:54:57,11.39,0.01,5,5695,买盘
2584,10:54:54,11.38,-0.01,19,21622,中性盘
2585,10:54:51,11.39,0.03,150,170850,买盘
2586,10:54:48,11.36,-0.03,1008,1145088,卖盘
2587,10:54:45,11.39,--,38,43282,买盘
2588,10:54:39,11.39,--,10,11390,买盘
2589,10:54:36,11.39,0.02,1,1139,买盘
2590,10:54:33,11.37,-0.01,66,75042,卖盘
2591,10:54:30,11.38,--,296,336848,卖盘
2592,10:54:27,11.38,0.01,3,3414,卖盘
2593,10:54:24,11.37,-0.02,64,72768,卖盘
2594,10:54:21,11.39,0.01,34,38726,买盘
2595,10:54:18,11.38,--,5,5690,买盘
2596,10:54:15,11.38,--,78,88764,买盘
2597,10:54:12,11.38,--,21,23898,买盘
2598,10:54:09,11.38,--,12,13656,买盘
2599,10:54:06,11.38,--,50,56900,买盘
2600,10:54:03,11.38,-0.01,210,238980,卖盘
2601,10:54:00,11.39,--,116,132124,买盘
2602,10:53:57,11.39,--,85,96815,买盘
2603,10:53:54,11.39,--,181,206159,买盘
2604,10:53:51,11.39,--,10,11390,买盘
2605,10:53:48,11.39,0.01,20,22780,买盘
2606,10:53:45,11.38,--,112,127456,卖盘
2607,10:53:42,11.38,--,50,56900,卖盘
2608,10:53:39,11.38,-0.01,49,55762,卖盘
2609,10:53:36,11.39,0.01,54,61506,买盘
2610,10:53:33,11.38,-0.01,12,13656,卖盘
2611,10:53:27,11.39,0.01,3,3417,买盘
2612,10:53:24,11.38,-0.01,51,58038,卖盘
2613,10:53:21,11.39,--,6,6834,买盘
2614,10:53:15,11.39,--,130,148070,卖盘
2615,10:53:12,11.39,-0.01,56,63784,卖盘
2616,10:53:09,11.4,--,109,124260,买盘
2617,10:53:06,11.4,0.01,1,1140,买盘
2618,10:53:03,11.39,-0.01,46,52394,卖盘
2619,10:53:00,11.4,0.01,5,5700,买盘
2620,10:52:57,11.39,-0.01,2,2278,卖盘
2621,10:52:54,11.4,0.01,48,54720,买盘
2622,10:52:51,11.39,--,4,4556,卖盘
2623,10:52:48,11.39,-0.01,28,31892,卖盘
2624,10:52:45,11.4,--,21,23940,买盘
2625,10:52:42,11.4,--,68,77520,买盘
2626,10:52:39,11.4,0.01,27,30780,买盘
2627,10:52:36,11.39,-0.01,22,25058,卖盘
2628,10:52:33,11.4,--,66,75240,买盘
2629,10:52:30,11.4,0.01,185,210900,买盘
2630,10:52:27,11.39,-0.01,4,4556,卖盘
2631,10:52:24,11.4,--,133,151620,买盘
2632,10:52:21,11.4,--,11,12540,买盘
2633,10:52:15,11.4,0.01,48,54720,买盘
2634,10:52:12,11.39,--,587,668593,买盘
2635,10:52:09,11.39,0.01,11,12529,买盘
2636,10:52:06,11.38,--,23,26174,卖盘
2637,10:52:03,11.38,-0.01,128,145664,卖盘
2638,10:52:00,11.39,0.01,5,5695,买盘
2639,10:51:57,11.38,--,112,127456,卖盘
2640,10:51:54,11.38,--,53,60314,卖盘
2641,10:51:51,11.38,-0.01,43,48934,卖盘
2642,10:51:48,11.39,--,72,82008,买盘
2643,10:51:45,11.39,0.01,27,30753,买盘
2644,10:51:42,11.38,-0.01,61,69418,卖盘
2645,10:51:39,11.39,--,2,2278,买盘
2646,10:51:36,11.39,--,13,14807,买盘
2647,10:51:33,11.39,--,27,30753,买盘
2648,10:51:30,11.39,--,11,12529,买盘
2649,10:51:27,11.39,--,9,10251,买盘
2650,10:51:24,11.39,0.01,68,77452,买盘
2651,10:51:21,11.38,-0.01,58,66004,卖盘
2652,10:51:18,11.39,--,18,20502,买盘
2653,10:51:15,11.39,0.01,51,58089,买盘
2654,10:51:12,11.38,-0.01,53,60314,卖盘
2655,10:51:09,11.39,0.01,110,125290,买盘
2656,10:51:06,11.38,0.01,10,11380,买盘
2657,10:51:03,11.37,-0.01,217,246728,卖盘
2658,10:51:00,11.38,--,55,62590,买盘
2659,10:50:57,11.38,--,87,99006,买盘
2660,10:50:54,11.38,0.01,51,58038,买盘
2661,10:50:48,11.37,-0.01,31,35247,卖盘
2662,10:50:45,11.38,--,24,27312,买盘
2663,10:50:42,11.38,--,3,3414,买盘
2664,10:50:39,11.38,--,25,28450,买盘
2665,10:50:36,11.38,0.01,10,11380,买盘
2666,10:50:33,11.37,-0.01,73,83001,卖盘
2667,10:50:30,11.38,--,11,12518,买盘
2668,10:50:27,11.38,--,8,9104,买盘
2669,10:50:24,11.38,--,116,132008,买盘
2670,10:50:21,11.38,0.01,4,4552,买盘
2671,10:50:18,11.37,-0.01,1,1137,卖盘
2672,10:50:15,11.38,0.01,46,52348,买盘
2673,10:50:12,11.37,-0.01,91,103467,卖盘
2674,10:50:09,11.38,--,22,25036,买盘
2675,10:50:06,11.38,0.01,26,29588,买盘
2676,10:50:03,11.37,-0.01,27,30698,卖盘
2677,10:50:00,11.38,--,9,10242,买盘
2678,10:49:57,11.38,--,40,45520,买盘
2679,10:49:54,11.38,--,37,42106,买盘
2680,10:49:51,11.38,0.01,2,2276,买盘
2681,10:49:48,11.37,-0.01,46,52302,卖盘
2682,10:49:45,11.38,0.01,15,17070,买盘
2683,10:49:42,11.37,-0.01,89,101193,卖盘
2684,10:49:39,11.38,--,21,23898,买盘
2685,10:49:36,11.38,--,77,87626,买盘
2686,10:49:33,11.38,--,115,130870,买盘
2687,10:49:30,11.38,--,1,1138,买盘
2688,10:49:27,11.38,--,14,15932,买盘
2689,10:49:24,11.38,-0.01,273,310674,卖盘
2690,10:49:21,11.39,--,1,1139,卖盘
2691,10:49:18,11.39,-0.01,30,34170,卖盘
2692,10:49:15,11.4,0.01,51,58140,买盘
2693,10:49:12,11.39,--,83,94537,卖盘
2694,10:49:09,11.39,-0.01,3,3417,卖盘
2695,10:49:06,11.4,0.01,15,17100,买盘
2696,10:49:03,11.39,--,12,13668,卖盘
2697,10:49:00,11.39,0.01,283,322337,买盘
2698,10:48:57,11.38,-0.01,2,2276,卖盘
2699,10:48:54,11.39,--,44,50116,买盘
2700,10:48:51,11.39,0.01,11,12529,买盘
2701,10:48:48,11.38,--,11,12518,卖盘
2702,10:48:45,11.38,--,5,5690,卖盘
2703,10:48:42,11.38,-0.01,35,39830,卖盘
2704,10:48:39,11.39,0.01,7,7973,买盘
2705,10:48:33,11.38,0.01,77,87626,买盘
2706,10:48:30,11.37,--,5,5685,卖盘
2707,10:48:27,11.37,--,19,21603,卖盘
2708,10:48:24,11.37,-0.01,38,43206,卖盘
2709,10:48:18,11.38,--,25,28450,买盘
2710,10:48:15,11.38,--,202,229876,卖盘
2711,10:48:12,11.38,--,16,18208,卖盘
2712,10:48:09,11.38,--,4,4552,卖盘
2713,10:48:03,11.38,--,24,27312,卖盘
2714,10:48:00,11.38,-0.01,29,33002,卖盘
2715,10:47:57,11.39,0.01,3,3417,买盘
2716,10:47:54,11.38,--,81,92178,卖盘
2717,10:47:48,11.38,-0.01,8,9104,卖盘
2718,10:47:45,11.39,0.02,119,135541,买盘
2719,10:47:42,11.37,--,55,62534,卖盘
2720,10:47:39,11.37,-0.01,211,240702,卖盘
2721,10:47:36,11.38,--,21,23898,买盘
2722,10:47:33,11.38,-0.01,133,151354,中性盘
2723,10:47:30,11.39,0.02,81,92259,买盘
2724,10:47:24,11.37,--,15,17055,卖盘
2725,10:47:21,11.37,--,35,39795,卖盘
2726,10:47:18,11.37,-0.01,23,26151,卖盘
2727,10:47:15,11.38,--,3,3414,买盘
2728,10:47:12,11.38,--,42,47796,中性盘
2729,10:47:06,11.38,0.01,15,17070,买盘
2730,10:47:03,11.37,--,32,36384,卖盘
2731,10:47:00,11.37,0.01,39,44343,买盘
2732,10:46:57,11.36,--,60,68160,卖盘
2733,10:46:54,11.36,-0.01,59,67024,卖盘
2734,10:46:51,11.37,0.01,1,1137,买盘
2735,10:46:48,11.36,--,33,37488,卖盘
2736,10:46:45,11.36,--,15,17040,卖盘
2737,10:46:42,11.36,--,51,57936,卖盘
2738,10:46:39,11.36,--,7,8656,卖盘
2739,10:46:36,11.36,-0.01,7,7952,卖盘
2740,10:46:33,11.37,--,72,81864,买盘
2741,10:46:30,11.37,--,27,30698,买盘
2742,10:46:27,11.37,0.01,1,1137,买盘
2743,10:46:24,11.36,--,214,243104,卖盘
2744,10:46:21,11.36,-0.01,3,3408,卖盘
2745,10:46:18,11.37,0.01,91,103467,买盘
2746,10:46:15,11.36,--,15,17040,买盘
2747,10:46:12,11.36,--,325,369200,买盘
2748,10:46:09,11.36,--,871,989456,卖盘
2749,10:46:03,11.36,-0.01,43,48848,卖盘
2750,10:46:00,11.37,--,21,23877,买盘
2751,10:45:57,11.37,0.01,57,64808,买盘
2752,10:45:54,11.36,-0.01,66,74976,卖盘
2753,10:45:51,11.37,--,10,11370,买盘
2754,10:45:48,11.37,--,191,217166,买盘
2755,10:45:45,11.37,--,5,5685,买盘
2756,10:45:42,11.37,-0.01,60,68220,卖盘
2757,10:45:39,11.38,0.02,15,17070,买盘
2758,10:45:36,11.36,-0.02,313,355568,卖盘
2759,10:45:33,11.38,--,123,139974,买盘
2760,10:45:30,11.38,--,10,11380,买盘
2761,10:45:27,11.38,0.02,42,47796,买盘
2762,10:45:24,11.36,-0.01,113,128368,卖盘
2763,10:45:21,11.37,--,4,4548,买盘
2764,10:45:18,11.37,-0.01,276,313812,卖盘
2765,10:45:15,11.38,0.01,53,60314,买盘
2766,10:45:12,11.37,-0.01,226,256961,卖盘
2767,10:45:09,11.38,--,528,600864,买盘
2768,10:45:06,11.38,-0.01,456,518928,卖盘
2769,10:45:03,11.39,--,147,167433,买盘
2770,10:45:00,11.39,--,3,3417,买盘
2771,10:44:57,11.39,--,288,328032,卖盘
2772,10:44:54,11.39,--,23,26197,卖盘
2773,10:44:51,11.39,-0.01,207,235773,卖盘
2774,10:44:48,11.4,--,30,34200,卖盘
2775,10:44:45,11.4,--,35,39900,卖盘
2776,10:44:42,11.4,--,130,148507,卖盘
2777,10:44:39,11.4,0.01,124,142192,买盘
2778,10:44:36,11.39,--,192,218688,买盘
2779,10:44:33,11.39,--,103,117317,卖盘
2780,10:44:30,11.39,-0.01,14,15946,中性盘
2781,10:44:27,11.4,0.02,52,59280,买盘
2782,10:44:24,11.38,--,41,46658,卖盘
2783,10:44:21,11.38,--,289,328882,买盘
2784,10:44:18,11.38,--,14,15932,买盘
2785,10:44:15,11.38,-0.02,16,18208,买盘
2786,10:44:12,11.4,--,62,70680,买盘
2787,10:44:09,11.4,--,23,26220,买盘
2788,10:44:06,11.4,0.04,500,570000,买盘
2789,10:44:03,11.36,-0.04,25,28400,卖盘
2790,10:44:00,11.4,0.04,1254,1429560,买盘
2791,10:43:54,11.36,-0.01,85,96560,卖盘
2792,10:43:51,11.37,--,49,55712,买盘
2793,10:43:48,11.37,--,300,341100,买盘
2794,10:43:45,11.37,--,9,10233,买盘
2795,10:43:42,11.37,--,136,154632,买盘
2796,10:43:39,11.37,0.01,17,19329,买盘
2797,10:43:36,11.36,--,1,1136,卖盘
2798,10:43:33,11.36,--,228,259008,买盘
2799,10:43:30,11.36,--,2,2272,买盘
2800,10:43:27,11.36,--,15,17040,买盘
2801,10:43:24,11.36,--,22,24992,买盘
2802,10:43:21,11.36,--,12,13632,买盘
2803,10:43:18,11.36,--,6,6816,买盘
2804,10:43:15,11.36,0.01,37,42032,买盘
2805,10:43:12,11.35,-0.01,42,47670,卖盘
2806,10:43:09,11.36,--,30,34080,买盘
2807,10:43:06,11.36,0.01,51,57936,买盘
2808,10:43:03,11.35,-0.01,80,90800,中性盘
