,time,price,change,volume,amount,type
0,15:00:03,13.0,0.02,8838,11490128,买盘
1,14:57:00,12.98,--,176,228448,买盘
2,14:56:57,12.98,--,96,124608,买盘
3,14:56:54,12.98,-0.01,703,913285,卖盘
4,14:56:51,12.99,0.01,47,61559,买盘
5,14:56:48,12.98,0.01,101,131098,买盘
6,14:56:45,12.97,--,119,154343,卖盘
7,14:56:42,12.97,-0.01,92,119324,卖盘
8,14:56:39,12.98,0.01,71,92158,买盘
9,14:56:36,12.97,-0.01,102,132294,卖盘
10,14:56:33,12.98,-0.01,330,428340,卖盘
11,14:56:30,12.99,0.01,197,255903,买盘
12,14:56:27,12.98,-0.01,6,7788,卖盘
13,14:56:24,12.99,0.01,32,41568,买盘
14,14:56:21,12.98,--,54,70092,卖盘
15,14:56:18,12.98,--,90,116820,卖盘
16,14:56:15,12.98,-0.01,34,44132,卖盘
17,14:56:12,12.99,0.01,156,202644,买盘
18,14:56:09,12.98,-0.01,9,11682,中性盘
19,14:56:06,12.99,0.02,176,228624,买盘
20,14:56:03,12.97,--,31,40505,卖盘
21,14:56:00,12.97,--,77,99869,卖盘
22,14:55:57,12.97,--,75,97275,卖盘
23,14:55:54,12.97,--,1027,1332019,卖盘
24,14:55:51,12.97,0.01,1053,1365741,买盘
25,14:55:48,12.96,--,20,25920,卖盘
26,14:55:45,12.96,--,43,55728,卖盘
27,14:55:42,12.96,--,94,121824,卖盘
28,14:55:39,12.96,--,207,268816,买盘
29,14:55:36,12.96,0.01,381,493776,买盘
30,14:55:33,12.95,-0.01,100,129500,卖盘
31,14:55:30,12.96,0.01,151,195696,买盘
32,14:55:27,12.95,-0.01,296,383320,卖盘
33,14:55:24,12.96,--,187,242352,买盘
34,14:55:21,12.96,--,40,51840,买盘
35,14:55:18,12.96,--,58,75168,卖盘
36,14:55:15,12.96,--,1379,1787184,卖盘
37,14:55:12,12.96,-0.01,161,208656,中性盘
38,14:55:09,12.97,0.01,593,769121,买盘
39,14:55:06,12.96,--,236,305856,买盘
40,14:55:03,12.96,--,231,299376,买盘
41,14:55:00,12.96,--,371,481217,买盘
42,14:54:57,12.96,--,99,129081,买盘
43,14:54:54,12.96,0.01,237,307152,买盘
44,14:54:51,12.95,-0.01,71,91945,卖盘
45,14:54:48,12.96,--,653,846288,买盘
46,14:54:45,12.96,0.01,42,54432,买盘
47,14:54:42,12.95,-0.01,328,424760,卖盘
48,14:54:39,12.96,--,70,90720,买盘
49,14:54:36,12.96,--,1051,1363249,买盘
50,14:54:33,12.96,0.01,76,98496,买盘
51,14:54:30,12.95,--,225,291375,卖盘
52,14:54:27,12.95,--,382,494690,卖盘
53,14:54:24,12.95,-0.01,232,300440,卖盘
54,14:54:21,12.96,--,51,66096,买盘
55,14:54:18,12.96,0.01,92,119232,买盘
56,14:54:15,12.95,-0.01,732,948082,卖盘
57,14:54:12,12.96,--,276,358849,买盘
58,14:54:09,12.96,--,311,403056,买盘
59,14:54:06,12.96,--,303,392688,买盘
60,14:54:03,12.96,0.01,387,501552,买盘
61,14:54:00,12.95,--,262,339290,买盘
62,14:53:57,12.95,--,48,62160,买盘
63,14:53:54,12.95,--,203,262885,买盘
64,14:53:51,12.95,--,338,437710,卖盘
65,14:53:48,12.95,--,1605,2078475,卖盘
66,14:53:45,12.95,-0.01,37,47915,卖盘
67,14:53:42,12.96,0.01,144,186624,买盘
68,14:53:39,12.95,-0.01,162,209790,卖盘
69,14:53:36,12.96,0.01,43,55728,买盘
70,14:53:33,12.95,--,795,1029525,买盘
71,14:53:30,12.95,--,67,86765,买盘
72,14:53:27,12.95,--,135,174825,买盘
73,14:53:24,12.95,--,116,151320,买盘
74,14:53:21,12.95,--,56,72520,买盘
75,14:53:18,12.95,--,310,401450,买盘
76,14:53:15,12.95,--,126,163170,买盘
77,14:53:12,12.95,--,202,261952,卖盘
78,14:53:09,12.95,-0.01,1052,1362340,卖盘
79,14:53:06,12.96,0.01,92,119232,买盘
80,14:53:03,12.95,-0.01,119,155037,卖盘
81,14:53:00,12.96,0.01,500,648000,买盘
82,14:52:57,12.95,--,61,78995,卖盘
83,14:52:54,12.95,--,10,12950,卖盘
84,14:52:51,12.95,-0.01,63,81585,卖盘
85,14:52:48,12.96,-0.01,371,481425,卖盘
86,14:52:45,12.97,0.01,505,654985,买盘
87,14:52:42,12.96,-0.01,418,542026,卖盘
88,14:52:39,12.97,0.03,187,242928,买盘
89,14:52:36,12.94,-0.03,5159,6675746,卖盘
90,14:52:33,12.97,0.01,283,367051,买盘
91,14:52:30,12.96,--,240,311869,卖盘
92,14:52:27,12.96,--,21,27216,卖盘
93,14:52:24,12.96,--,11,14256,卖盘
94,14:52:21,12.96,--,123,160457,卖盘
95,14:52:18,12.96,-0.01,114,147744,卖盘
96,14:52:15,12.97,0.01,92,119324,买盘
97,14:52:12,12.96,-0.01,206,266976,卖盘
98,14:52:09,12.97,0.01,66,85602,买盘
99,14:52:06,12.96,--,298,386208,卖盘
100,14:52:03,12.96,0.01,86,111456,卖盘
101,14:52:00,12.95,-0.01,619,801605,卖盘
102,14:51:57,12.96,0.01,21,27216,买盘
103,14:51:54,12.95,-0.01,46,59570,卖盘
104,14:51:51,12.96,--,109,141264,卖盘
105,14:51:48,12.96,-0.01,153,198288,卖盘
106,14:51:45,12.97,0.02,105,136185,买盘
107,14:51:42,12.95,-0.01,906,1173270,卖盘
108,14:51:39,12.96,--,241,312336,买盘
109,14:51:36,12.96,0.01,223,289008,买盘
110,14:51:33,12.95,--,386,500077,卖盘
111,14:51:30,12.95,--,59,76405,卖盘
112,14:51:27,12.95,--,641,830095,卖盘
113,14:51:24,12.95,-0.01,167,216265,卖盘
114,14:51:21,12.96,0.01,455,590353,买盘
115,14:51:18,12.95,-0.01,291,376845,卖盘
116,14:51:15,12.96,--,22,28512,买盘
117,14:51:12,12.96,--,347,450411,卖盘
118,14:51:09,12.96,--,20,25920,卖盘
119,14:51:06,12.96,-0.01,137,178627,卖盘
120,14:51:03,12.97,0.01,42,54474,买盘
121,14:51:00,12.96,--,67,86832,卖盘
122,14:50:57,12.96,-0.01,20,25920,卖盘
123,14:50:54,12.97,0.01,26,33722,买盘
124,14:50:51,12.96,--,120,155520,卖盘
125,14:50:48,12.96,0.01,295,383136,买盘
126,14:50:45,12.95,-0.01,113,146335,卖盘
127,14:50:42,12.96,--,458,593568,买盘
128,14:50:39,12.96,0.01,548,710208,买盘
129,14:50:36,12.95,-0.01,311,402745,卖盘
130,14:50:33,12.96,0.01,46,59616,买盘
131,14:50:30,12.95,-0.01,68,88215,卖盘
132,14:50:27,12.96,--,332,430751,卖盘
133,14:50:24,12.96,-0.01,78,101088,卖盘
134,14:50:21,12.97,--,676,876772,买盘
135,14:50:18,12.97,0.01,30,38910,买盘
136,14:50:15,12.96,--,223,289008,卖盘
137,14:50:12,12.96,-0.02,318,412128,卖盘
138,14:50:09,12.98,0.02,133,172634,买盘
139,14:50:06,12.96,--,30,38880,卖盘
140,14:50:03,12.96,-0.01,54,69984,卖盘
141,14:50:00,12.97,-0.01,90,116730,买盘
142,14:49:57,12.98,0.01,55,71390,买盘
143,14:49:54,12.97,0.01,1690,2192747,买盘
144,14:49:51,12.96,--,111,143856,买盘
145,14:49:48,12.96,--,71,92016,买盘
146,14:49:45,12.96,--,108,139968,买盘
147,14:49:42,12.96,0.01,81,104976,买盘
148,14:49:39,12.95,-0.01,127,164465,卖盘
149,14:49:36,12.96,--,2031,2632655,卖盘
150,14:49:33,12.96,-0.01,503,652004,卖盘
151,14:49:30,12.97,0.01,207,268479,买盘
152,14:49:27,12.96,--,69,89424,卖盘
153,14:49:24,12.96,--,30,38880,卖盘
154,14:49:21,12.96,--,184,238464,卖盘
155,14:49:18,12.96,-0.01,23,29808,卖盘
156,14:49:15,12.97,--,275,356675,买盘
157,14:49:12,12.97,--,93,120621,买盘
158,14:49:09,12.97,--,75,97275,买盘
159,14:49:06,12.97,--,21,27237,买盘
160,14:49:03,12.97,--,28,36316,买盘
161,14:49:00,12.97,-0.01,1246,1617242,卖盘
162,14:48:57,12.98,--,361,468578,买盘
163,14:48:51,12.98,--,70,90860,卖盘
164,14:48:48,12.98,-0.01,56,72688,卖盘
165,14:48:45,12.99,0.01,262,340338,买盘
166,14:48:42,12.98,--,97,125906,买盘
167,14:48:39,12.98,--,23,29854,买盘
168,14:48:36,12.98,0.01,243,315414,买盘
169,14:48:33,12.97,-0.01,229,297013,卖盘
170,14:48:30,12.98,--,32,41536,卖盘
171,14:48:27,12.98,--,510,662018,买盘
172,14:48:24,12.98,0.01,275,356950,买盘
173,14:48:21,12.97,-0.01,36,46692,卖盘
174,14:48:18,12.98,--,42,54723,买盘
175,14:48:15,12.98,0.01,57,73986,买盘
176,14:48:12,12.97,-0.01,157,203629,卖盘
177,14:48:09,12.98,0.01,97,125906,买盘
178,14:48:06,12.97,-0.01,167,217766,卖盘
179,14:48:03,12.98,--,688,894309,卖盘
180,14:48:00,12.98,--,427,554246,卖盘
181,14:47:57,12.98,-0.01,68,88264,卖盘
182,14:47:54,12.99,0.01,67,87033,买盘
183,14:47:51,12.98,-0.01,56,72973,卖盘
184,14:47:48,12.99,--,92,119508,买盘
185,14:47:45,12.99,0.01,116,150684,买盘
186,14:47:42,12.98,-0.01,214,277772,卖盘
187,14:47:39,12.99,--,169,219816,买盘
188,14:47:36,12.99,--,2,2598,买盘
189,14:47:33,12.99,0.01,28,36372,买盘
190,14:47:30,12.98,-0.01,236,306328,卖盘
191,14:47:27,12.99,--,353,459287,卖盘
192,14:47:24,12.99,--,4,5196,卖盘
193,14:47:21,12.99,-0.01,262,340338,卖盘
194,14:47:18,13.0,0.01,155,201500,买盘
195,14:47:15,12.99,-0.01,69,89631,卖盘
196,14:47:12,13.0,--,108,140400,买盘
197,14:47:06,13.0,0.01,82,106600,买盘
198,14:47:03,12.99,--,137,177963,卖盘
199,14:47:00,12.99,--,115,149385,卖盘
200,14:46:57,12.99,--,41,53259,卖盘
201,14:46:54,12.99,--,246,319554,买盘
202,14:46:51,12.99,--,145,188355,买盘
203,14:46:48,12.99,0.01,33,42867,买盘
204,14:46:45,12.98,-0.02,170,220660,卖盘
205,14:46:42,13.0,0.01,105,136500,买盘
206,14:46:39,12.99,--,10,12990,卖盘
207,14:46:36,12.99,-0.01,94,122106,卖盘
208,14:46:33,13.0,0.01,385,500500,买盘
209,14:46:30,12.99,-0.01,58,75342,卖盘
210,14:46:27,13.0,0.01,33,42900,买盘
211,14:46:24,12.99,--,277,359823,买盘
212,14:46:21,12.99,--,319,414381,卖盘
213,14:46:18,12.99,--,23,29877,卖盘
214,14:46:15,12.99,--,60,77940,卖盘
215,14:46:12,12.99,--,101,131199,卖盘
216,14:46:09,12.99,-0.01,7,9093,卖盘
217,14:46:06,13.0,0.02,270,351000,买盘
218,14:46:03,12.98,--,29,37642,卖盘
219,14:46:00,12.98,--,83,107734,卖盘
220,14:45:57,12.98,--,617,800866,卖盘
221,14:45:54,12.98,-0.01,83,107734,卖盘
222,14:45:51,12.99,--,75,97425,买盘
223,14:45:48,12.99,--,156,202644,买盘
224,14:45:45,12.99,0.01,65,84435,买盘
225,14:45:42,12.98,--,79,102542,卖盘
226,14:45:39,12.98,-0.02,126,163548,卖盘
227,14:45:36,13.0,0.01,304,395200,买盘
228,14:45:33,12.99,--,227,294873,卖盘
229,14:45:30,12.99,--,291,378009,买盘
230,14:45:27,12.99,0.01,28,36372,买盘
231,14:45:24,12.98,-0.01,232,301136,卖盘
232,14:45:21,12.99,0.01,228,296172,买盘
233,14:45:18,12.98,--,20,25960,卖盘
234,14:45:15,12.98,-0.02,303,393294,卖盘
235,14:45:12,13.0,0.01,154,200200,买盘
236,14:45:09,12.99,0.01,182,236418,买盘
237,14:45:06,12.98,--,149,193402,买盘
238,14:45:03,12.98,--,67,86966,买盘
239,14:45:00,12.98,-0.01,156,202488,卖盘
240,14:44:57,12.99,-0.01,2,2598,卖盘
241,14:44:54,13.0,0.02,4800,6240000,买盘
242,14:44:51,12.98,-0.01,157,203786,中性盘
243,14:44:48,12.99,0.02,1508,1958892,买盘
244,14:44:45,12.97,--,214,277558,卖盘
245,14:44:42,12.97,-0.01,110,142670,卖盘
246,14:44:39,12.98,0.01,109,141482,买盘
247,14:44:36,12.97,--,192,249024,买盘
248,14:44:33,12.97,0.01,34,44098,买盘
249,14:44:30,12.96,-0.01,228,295488,卖盘
250,14:44:27,12.97,--,36,46692,卖盘
251,14:44:24,12.97,0.01,885,1147845,买盘
252,14:44:21,12.96,-0.01,494,640923,卖盘
253,14:44:18,12.97,0.01,332,430604,买盘
254,14:44:15,12.96,-0.01,258,334368,卖盘
255,14:44:12,12.97,0.01,55,71335,买盘
256,14:44:09,12.96,--,101,130896,卖盘
257,14:44:06,12.96,-0.01,199,257904,卖盘
258,14:44:03,12.97,0.01,242,313874,买盘
259,14:44:00,12.96,-0.01,294,381024,卖盘
260,14:43:57,12.97,--,826,1071322,买盘
261,14:43:54,12.97,0.01,57,73929,买盘
262,14:43:51,12.96,-0.01,163,211248,卖盘
263,14:43:48,12.97,0.01,26,33722,买盘
264,14:43:45,12.96,--,142,184032,卖盘
265,14:43:42,12.96,--,40,51840,卖盘
266,14:43:39,12.96,--,38,49248,买盘
267,14:43:36,12.96,-0.01,30,38880,中性盘
268,14:43:33,12.97,0.01,88,114136,买盘
269,14:43:30,12.96,-0.01,968,1254528,卖盘
270,14:43:27,12.97,--,293,380021,卖盘
271,14:43:24,12.97,--,69,89493,卖盘
272,14:43:21,12.97,--,239,309983,卖盘
273,14:43:18,12.97,--,61,79117,卖盘
274,14:43:15,12.97,--,165,214005,买盘
275,14:43:12,12.97,--,163,211411,卖盘
276,14:43:09,12.97,0.01,785,1018145,中性盘
277,14:43:06,12.96,--,265,343440,卖盘
278,14:43:03,12.96,--,141,182736,卖盘
279,14:43:00,12.96,-0.01,1009,1307664,卖盘
280,14:42:57,12.97,0.01,444,575868,买盘
281,14:42:54,12.96,-0.01,57,73872,卖盘
282,14:42:51,12.97,--,87,112839,买盘
283,14:42:48,12.97,--,56,72632,买盘
284,14:42:45,12.97,--,74,95978,买盘
285,14:42:42,12.97,--,277,359269,买盘
286,14:42:39,12.97,--,108,140076,买盘
287,14:42:36,12.97,--,11,14267,买盘
288,14:42:33,12.97,-0.01,172,223084,卖盘
289,14:42:30,12.98,0.01,232,301136,买盘
290,14:42:27,12.97,--,227,294419,卖盘
291,14:42:24,12.97,--,79,102463,卖盘
292,14:42:21,12.97,--,234,303498,卖盘
293,14:42:18,12.97,--,247,320359,卖盘
294,14:42:15,12.97,-0.01,14,18158,卖盘
295,14:42:12,12.98,0.01,100,129800,买盘
296,14:42:09,12.97,--,153,198441,卖盘
297,14:42:06,12.97,-0.01,180,233460,卖盘
298,14:42:03,12.98,--,33,42834,买盘
299,14:42:00,12.98,--,98,127204,买盘
300,14:41:57,12.98,0.01,22,28556,买盘
301,14:41:54,12.97,--,106,137482,卖盘
302,14:41:51,12.97,0.01,69,89493,中性盘
303,14:41:48,12.96,-0.01,370,479520,卖盘
304,14:41:45,12.97,--,185,239945,卖盘
305,14:41:42,12.97,--,161,208817,卖盘
306,14:41:39,12.97,-0.01,55,71335,卖盘
307,14:41:36,12.98,--,121,157058,买盘
308,14:41:33,12.98,--,59,76582,买盘
309,14:41:30,12.98,0.01,182,236236,买盘
310,14:41:27,12.97,0.01,115,149155,买盘
311,14:41:24,12.96,--,6,7776,卖盘
312,14:41:21,12.96,-0.01,304,393984,卖盘
313,14:41:18,12.97,0.01,38,49286,中性盘
314,14:41:15,12.96,-0.01,146,189216,卖盘
315,14:41:12,12.97,--,181,234757,买盘
316,14:41:09,12.97,0.01,61,79117,买盘
317,14:41:06,12.96,-0.01,363,470448,卖盘
318,14:41:03,12.97,0.01,108,140076,买盘
319,14:41:00,12.96,--,84,108864,卖盘
320,14:40:57,12.96,-0.02,77,99792,卖盘
321,14:40:54,12.98,0.02,16,20768,买盘
322,14:40:51,12.96,-0.02,47,60912,卖盘
323,14:40:48,12.98,--,5,6490,买盘
324,14:40:45,12.98,0.03,163,211574,买盘
325,14:40:42,12.95,-0.04,37,48860,卖盘
326,14:40:39,12.99,--,225,292275,卖盘
327,14:40:36,12.99,--,101,131549,卖盘
328,14:40:33,12.99,--,7134,9267066,卖盘
329,14:40:30,12.99,--,213,276687,卖盘
330,14:40:27,12.99,-0.01,284,369435,卖盘
331,14:40:24,13.0,--,313,406900,买盘
332,14:40:21,13.0,--,72,93600,买盘
333,14:40:18,13.0,0.01,81,105300,买盘
334,14:40:15,12.99,--,106,137901,卖盘
335,14:40:12,12.99,--,259,336441,卖盘
336,14:40:09,12.99,--,180,233820,卖盘
337,14:40:06,12.99,--,151,196149,卖盘
338,14:40:03,12.99,--,1723,2238177,卖盘
339,14:40:00,12.99,-0.01,123,159828,卖盘
340,14:39:57,13.0,0.01,265,344500,买盘
341,14:39:54,12.99,--,125,162375,卖盘
342,14:39:51,12.99,-0.01,118,153282,卖盘
343,14:39:48,13.0,0.01,16,20800,买盘
344,14:39:45,12.99,--,47,61325,卖盘
345,14:39:42,12.99,-0.01,121,157179,卖盘
346,14:39:39,13.0,0.01,99,128700,买盘
347,14:39:36,12.99,-0.01,88,114312,卖盘
348,14:39:33,13.0,0.01,34,44200,买盘
349,14:39:30,12.99,--,197,256500,卖盘
350,14:39:27,12.99,--,109,141591,卖盘
351,14:39:24,12.99,--,297,385803,卖盘
352,14:39:21,12.99,--,425,552075,卖盘
353,14:39:18,12.99,--,33,42867,卖盘
354,14:39:15,12.99,-0.01,47,61053,卖盘
355,14:39:12,13.0,--,119,154700,买盘
356,14:39:09,13.0,--,1,1300,买盘
357,14:39:06,13.0,0.01,88,114400,买盘
358,14:39:03,12.99,--,16,20784,买盘
359,14:39:00,12.99,-0.01,351,455949,卖盘
360,14:38:57,13.0,0.01,264,343200,买盘
361,14:38:54,12.99,-0.01,25,32475,卖盘
362,14:38:51,13.0,0.01,91,118300,买盘
363,14:38:45,12.99,-0.01,2,2598,卖盘
364,14:38:42,13.0,0.01,534,694200,买盘
365,14:38:39,12.99,0.01,153,198747,买盘
366,14:38:36,12.98,-0.01,137,177826,卖盘
367,14:38:33,12.99,0.01,334,433866,买盘
368,14:38:30,12.98,--,52,67496,卖盘
369,14:38:27,12.98,--,295,382910,卖盘
370,14:38:24,12.98,--,156,202488,卖盘
371,14:38:21,12.98,--,268,347864,卖盘
372,14:38:18,12.98,--,78,101244,卖盘
373,14:38:15,12.98,-0.01,166,215961,卖盘
374,14:38:12,12.99,0.01,239,310461,买盘
375,14:38:09,12.98,-0.01,264,342672,卖盘
376,14:38:06,12.99,0.01,228,296418,买盘
377,14:38:03,12.98,--,39,51660,卖盘
378,14:38:00,12.98,--,142,184316,卖盘
379,14:37:57,12.98,-0.01,64,83072,卖盘
380,14:37:54,12.99,--,200,259800,买盘
381,14:37:51,12.99,0.01,40,51960,买盘
382,14:37:48,12.98,-0.01,114,147972,卖盘
383,14:37:45,12.99,--,97,126003,买盘
384,14:37:42,12.99,0.01,419,544281,买盘
385,14:37:39,12.98,--,33,42834,卖盘
386,14:37:33,12.98,--,83,107734,卖盘
387,14:37:30,12.98,--,105,136290,卖盘
388,14:37:27,12.98,--,92,119416,卖盘
389,14:37:24,12.98,--,91,118118,卖盘
390,14:37:21,12.98,--,365,473770,卖盘
391,14:37:18,12.98,--,21,27258,卖盘
392,14:37:15,12.98,--,267,346566,卖盘
393,14:37:12,12.98,--,889,1153922,买盘
394,14:37:09,12.98,0.01,227,294646,买盘
395,14:37:06,12.97,-0.01,112,145264,卖盘
396,14:37:03,12.98,0.01,272,353056,买盘
397,14:37:00,12.97,-0.01,153,198441,卖盘
398,14:36:57,12.98,0.01,64,83072,买盘
399,14:36:54,12.97,-0.01,71,92087,卖盘
400,14:36:51,12.98,--,97,125906,买盘
401,14:36:48,12.98,--,244,316712,卖盘
402,14:36:45,12.98,--,853,1107194,卖盘
403,14:36:42,12.98,0.01,408,529584,买盘
404,14:36:39,12.97,-0.01,1118,1450046,卖盘
405,14:36:36,12.98,0.01,366,475068,买盘
406,14:36:33,12.97,--,248,321656,卖盘
407,14:36:30,12.97,--,132,171204,卖盘
408,14:36:27,12.97,--,482,625154,卖盘
409,14:36:24,12.97,0.01,309,400773,买盘
410,14:36:21,12.96,--,1459,1890864,卖盘
411,14:36:18,12.96,--,136,176256,卖盘
412,14:36:15,12.96,0.01,350,453600,买盘
413,14:36:12,12.95,--,173,224035,卖盘
414,14:36:09,12.95,--,72,93240,卖盘
415,14:36:06,12.95,0.01,472,611861,买盘
416,14:36:03,12.94,--,185,239390,卖盘
417,14:36:00,12.94,-0.01,193,249742,卖盘
418,14:35:57,12.95,--,276,357420,买盘
419,14:35:54,12.95,--,481,624086,卖盘
420,14:35:51,12.95,--,319,413105,卖盘
421,14:35:48,12.95,-0.01,196,253820,卖盘
422,14:35:45,12.96,--,104,134784,卖盘
423,14:35:42,12.96,--,607,786672,卖盘
424,14:35:39,12.96,--,59,76464,卖盘
425,14:35:36,12.96,-0.02,32,41472,卖盘
426,14:35:33,12.98,--,41,53218,买盘
427,14:35:30,12.98,-0.01,527,684046,卖盘
428,14:35:27,12.99,--,186,241614,买盘
429,14:35:24,12.99,--,11477,14908623,卖盘
430,14:35:21,12.99,--,271,352029,卖盘
431,14:35:18,12.99,--,192,249408,卖盘
432,14:35:15,12.99,--,184,239016,买盘
433,14:35:12,12.99,--,447,581640,卖盘
434,14:35:09,12.99,-0.01,263,341637,卖盘
435,14:35:06,13.0,0.01,265,344500,买盘
436,14:35:03,12.99,-0.01,214,277986,卖盘
437,14:35:00,13.0,0.01,386,501800,买盘
438,14:34:57,12.99,--,26,33774,卖盘
439,14:34:54,12.99,--,21,27694,卖盘
440,14:34:51,12.99,-0.01,95,123405,卖盘
441,14:34:48,13.0,--,89,115700,买盘
442,14:34:45,13.0,--,274,356200,卖盘
443,14:34:42,13.0,--,639,830700,卖盘
444,14:34:39,13.0,--,687,893100,卖盘
445,14:34:36,13.0,--,87,113100,卖盘
446,14:34:33,13.0,--,516,670800,卖盘
447,14:34:30,13.0,-0.01,181,235300,买盘
448,14:34:27,13.01,--,639,831339,买盘
449,14:34:24,13.01,0.01,98,127498,买盘
450,14:34:21,13.0,-0.01,228,296400,卖盘
451,14:34:18,13.01,0.01,116,150916,买盘
452,14:34:15,13.0,-0.01,45,58500,卖盘
453,14:34:12,13.01,--,302,392902,买盘
454,14:34:09,13.01,--,75,97575,买盘
455,14:34:06,13.01,--,80,104080,买盘
456,14:34:03,13.01,0.01,11,14311,买盘
457,14:34:00,13.0,-0.01,102,132600,卖盘
458,14:33:57,13.01,0.01,241,313541,中性盘
459,14:33:54,13.0,--,147,191100,卖盘
460,14:33:51,13.0,-0.01,88,114400,卖盘
461,14:33:48,13.01,0.01,157,204257,买盘
462,14:33:45,13.0,--,163,211900,卖盘
463,14:33:42,13.0,-0.01,164,213200,卖盘
464,14:33:39,13.01,0.01,123,160023,买盘
465,14:33:36,13.0,--,74,96200,卖盘
466,14:33:33,13.0,-0.01,126,163800,卖盘
467,14:33:30,13.01,0.01,204,265404,买盘
468,14:33:27,13.0,--,1,1300,卖盘
469,14:33:24,13.0,-0.01,39,50700,卖盘
470,14:33:21,13.01,0.02,124,161324,买盘
471,14:33:18,12.99,--,330,428670,卖盘
472,14:33:15,12.99,-0.01,267,346833,卖盘
473,14:33:12,13.0,--,1575,2047500,买盘
474,14:33:09,13.0,0.01,82,106600,买盘
475,14:33:06,12.99,--,978,1270422,卖盘
476,14:33:03,12.99,--,437,567663,卖盘
477,14:33:00,12.99,--,261,339039,买盘
478,14:32:57,12.99,0.01,100,129900,买盘
479,14:32:54,12.98,-0.01,436,565928,卖盘
480,14:32:51,12.99,--,219,284481,买盘
481,14:32:48,12.99,-0.01,75,97970,卖盘
482,14:32:45,13.0,--,156,202800,买盘
483,14:32:42,13.0,0.01,362,470600,买盘
484,14:32:39,12.99,--,663,861237,卖盘
485,14:32:36,12.99,--,685,890568,卖盘
486,14:32:33,12.99,--,33,42867,卖盘
487,14:32:30,12.99,-0.01,119,154581,卖盘
488,14:32:27,13.0,0.01,267,347100,买盘
489,14:32:24,12.99,--,95,123405,卖盘
490,14:32:21,12.99,-0.01,94,122106,卖盘
491,14:32:18,13.0,-0.03,11603,15084316,卖盘
492,14:32:15,13.03,--,1131,1473693,买盘
493,14:32:12,13.03,0.01,36,46908,买盘
494,14:32:09,13.02,--,27,35154,卖盘
495,14:32:06,13.02,-0.01,76,98952,卖盘
496,14:32:03,13.03,0.01,13,16939,买盘
497,14:32:00,13.02,--,32,41664,卖盘
498,14:31:57,13.02,0.01,8,10416,卖盘
499,14:31:54,13.01,-0.01,30,39030,卖盘
500,14:31:51,13.02,--,38,49476,卖盘
501,14:31:48,13.02,--,28,36456,买盘
502,14:31:45,13.02,0.01,38,49476,中性盘
503,14:31:42,13.01,-0.01,940,1222940,卖盘
504,14:31:39,13.02,--,91,118482,买盘
505,14:31:36,13.02,-0.01,82,106764,卖盘
506,14:31:33,13.03,0.01,8,10424,买盘
507,14:31:30,13.02,--,197,256494,卖盘
508,14:31:27,13.02,--,46,59892,卖盘
509,14:31:24,13.02,0.01,64,83328,买盘
510,14:31:21,13.01,-0.01,184,239384,卖盘
511,14:31:18,13.02,--,415,540330,买盘
512,14:31:15,13.02,--,117,152334,买盘
513,14:31:12,13.02,-0.01,229,298158,卖盘
514,14:31:09,13.03,--,2747,3579341,买盘
515,14:31:06,13.03,--,47,61241,买盘
516,14:31:03,13.03,0.01,42,54726,买盘
517,14:31:00,13.02,--,61,79422,卖盘
518,14:30:57,13.02,--,220,286440,卖盘
519,14:30:54,13.02,-0.01,213,277326,卖盘
520,14:30:51,13.03,--,73,95119,买盘
521,14:30:48,13.03,0.01,130,169390,买盘
522,14:30:45,13.02,-0.01,76,98952,卖盘
523,14:30:42,13.03,--,230,299690,买盘
524,14:30:39,13.03,0.01,2,2606,买盘
525,14:30:36,13.02,--,48,62496,卖盘
526,14:30:33,13.02,--,17,22134,卖盘
527,14:30:30,13.02,--,53,69006,卖盘
528,14:30:27,13.02,-0.02,50,65100,卖盘
529,14:30:24,13.04,0.01,102,133008,买盘
530,14:30:21,13.03,0.01,250,326727,买盘
531,14:30:18,13.02,-0.02,118,153636,卖盘
532,14:30:15,13.04,0.01,110,143440,买盘
533,14:30:12,13.03,0.01,37,48211,中性盘
534,14:30:09,13.02,-0.01,573,746046,卖盘
535,14:30:06,13.03,--,339,441717,卖盘
536,14:30:03,13.03,--,50,65150,卖盘
537,14:30:00,13.03,-0.01,130,169390,卖盘
538,14:29:57,13.04,--,41,53464,买盘
539,14:29:54,13.04,0.01,27,35208,买盘
540,14:29:51,13.03,--,34,44302,卖盘
541,14:29:48,13.03,--,51,66453,卖盘
542,14:29:45,13.03,--,10,13030,卖盘
543,14:29:42,13.03,--,159,207177,卖盘
544,14:29:39,13.03,-0.01,75,97725,卖盘
545,14:29:36,13.04,--,36,46944,买盘
546,14:29:33,13.04,0.01,3,3911,买盘
547,14:29:30,13.03,--,213,277539,买盘
548,14:29:27,13.03,--,34,44302,买盘
549,14:29:24,13.03,--,56,72968,卖盘
550,14:29:21,13.03,--,214,278842,买盘
551,14:29:18,13.03,-0.01,223,290569,卖盘
552,14:29:15,13.04,0.01,89,116055,买盘
553,14:29:12,13.03,-0.01,44,57332,卖盘
554,14:29:09,13.04,0.01,41,53464,买盘
555,14:29:06,13.03,--,200,260600,卖盘
556,14:29:03,13.03,--,8,10424,卖盘
557,14:29:00,13.03,-0.01,52,67756,卖盘
558,14:28:57,13.04,0.01,82,106928,买盘
559,14:28:54,13.03,-0.01,209,272327,卖盘
560,14:28:51,13.04,0.01,41,53464,买盘
561,14:28:48,13.03,-0.01,53,69059,卖盘
562,14:28:45,13.04,--,25,32599,买盘
563,14:28:42,13.04,--,72,93888,卖盘
564,14:28:39,13.04,--,11,14343,卖盘
565,14:28:36,13.04,--,7,9128,卖盘
566,14:28:33,13.04,--,9,11736,卖盘
567,14:28:30,13.04,--,93,121271,买盘
568,14:28:27,13.04,--,15,19560,买盘
569,14:28:24,13.04,--,20,26080,卖盘
570,14:28:21,13.04,--,67,87368,卖盘
571,14:28:18,13.04,--,59,76936,买盘
572,14:28:15,13.04,--,6,7823,买盘
573,14:28:12,13.04,--,131,170824,买盘
574,14:28:09,13.04,--,357,465527,买盘
575,14:28:06,13.04,--,98,127791,买盘
576,14:28:03,13.04,0.01,60,78240,买盘
577,14:28:00,13.03,--,32,41696,卖盘
578,14:27:57,13.03,-0.01,5,6515,卖盘
579,14:27:54,13.04,0.01,24,31295,买盘
580,14:27:51,13.03,--,32,41696,卖盘
581,14:27:48,13.03,--,16,20848,卖盘
582,14:27:45,13.03,-0.01,10,13030,卖盘
583,14:27:42,13.04,0.01,106,138224,买盘
584,14:27:39,13.03,--,127,165481,卖盘
585,14:27:36,13.03,--,20,26060,卖盘
586,14:27:33,13.03,-0.01,7,9121,卖盘
587,14:27:30,13.04,0.01,266,346864,买盘
588,14:27:27,13.03,--,7,9121,卖盘
589,14:27:24,13.03,--,24,31272,买盘
590,14:27:21,13.03,--,47,61241,卖盘
591,14:27:18,13.03,--,109,142027,买盘
592,14:27:15,13.03,0.01,22,28666,买盘
593,14:27:12,13.02,-0.01,169,220038,卖盘
594,14:27:09,13.03,--,7,9121,买盘
595,14:27:06,13.03,--,34,44302,买盘
596,14:27:03,13.03,0.01,312,406536,买盘
597,14:27:00,13.02,-0.01,58,75516,卖盘
598,14:26:57,13.03,--,53,69059,买盘
599,14:26:54,13.03,--,139,181117,买盘
600,14:26:51,13.03,--,223,290569,买盘
601,14:26:48,13.03,--,254,330962,买盘
602,14:26:45,13.03,0.01,13,16939,买盘
603,14:26:42,13.02,-0.01,37,48174,卖盘
604,14:26:39,13.03,--,10,13030,买盘
605,14:26:36,13.03,--,78,101634,买盘
606,14:26:33,13.03,0.01,9,11727,买盘
607,14:26:30,13.02,-0.01,41,53382,卖盘
608,14:26:27,13.03,--,70,91210,买盘
609,14:26:24,13.03,--,333,433899,买盘
610,14:26:21,13.03,0.01,86,112058,买盘
611,14:26:18,13.02,-0.01,748,974911,卖盘
612,14:26:15,13.03,-0.01,255,332265,卖盘
613,14:26:12,13.04,0.01,34,44336,买盘
614,14:26:09,13.03,-0.01,145,188935,卖盘
615,14:26:06,13.04,--,17,22168,买盘
616,14:26:03,13.04,0.01,197,256887,买盘
617,14:26:00,13.03,--,160,208818,卖盘
618,14:25:57,13.03,--,2,2606,卖盘
619,14:25:54,13.03,-0.01,30,39090,卖盘
620,14:25:51,13.04,--,60,78240,买盘
621,14:25:48,13.04,--,22,28687,买盘
622,14:25:45,13.04,--,31,40424,买盘
623,14:25:42,13.04,--,82,106928,买盘
624,14:25:39,13.04,0.01,13,16952,买盘
625,14:25:36,13.03,-0.01,114,148542,卖盘
626,14:25:33,13.04,0.01,60,78240,买盘
627,14:25:30,13.03,-0.01,104,135512,卖盘
628,14:25:27,13.04,--,121,157849,买盘
629,14:25:24,13.04,0.01,110,143440,买盘
630,14:25:21,13.03,-0.01,40,52120,卖盘
631,14:25:18,13.04,0.01,18,23472,买盘
632,14:25:15,13.03,-0.01,251,327053,卖盘
633,14:25:12,13.04,0.01,45,58679,买盘
634,14:25:09,13.03,-0.01,126,164178,卖盘
635,14:25:06,13.04,--,196,255583,买盘
636,14:25:03,13.04,0.01,6,7823,买盘
637,14:25:00,13.03,--,163,212389,卖盘
638,14:24:57,13.03,--,38,49514,卖盘
639,14:24:54,13.03,-0.02,94,122482,卖盘
640,14:24:51,13.05,0.01,63,82215,买盘
641,14:24:48,13.04,--,11,14343,卖盘
642,14:24:45,13.04,-0.01,11,14343,卖盘
643,14:24:42,13.05,0.01,115,150075,买盘
644,14:24:39,13.04,--,30,39120,买盘
645,14:24:36,13.04,--,10,13040,买盘
646,14:24:33,13.04,0.01,7,9128,买盘
647,14:24:30,13.03,-0.01,51,66453,卖盘
648,14:24:27,13.04,--,19,24776,买盘
649,14:24:24,13.04,--,66,86064,买盘
650,14:24:21,13.04,--,46,59983,买盘
651,14:24:18,13.04,--,64,83456,买盘
652,14:24:15,13.04,--,146,190384,买盘
653,14:24:12,13.04,--,200,261112,买盘
654,14:24:09,13.04,0.01,42,54768,买盘
655,14:24:06,13.03,-0.01,253,329659,卖盘
656,14:24:03,13.04,--,259,337736,卖盘
657,14:24:00,13.04,-0.01,251,327304,卖盘
658,14:23:57,13.05,0.01,11,14355,买盘
659,14:23:54,13.04,--,110,143440,卖盘
660,14:23:51,13.04,--,173,225591,卖盘
661,14:23:48,13.04,-0.01,70,91280,卖盘
662,14:23:45,13.05,0.01,1,1305,买盘
663,14:23:42,13.04,-0.01,39,50856,卖盘
664,14:23:39,13.05,--,15,19575,买盘
665,14:23:36,13.05,0.01,41,53505,买盘
666,14:23:33,13.04,--,89,116055,买盘
667,14:23:30,13.04,-0.01,29,37816,卖盘
668,14:23:27,13.05,0.01,41,53505,买盘
669,14:23:24,13.04,--,150,195600,卖盘
670,14:23:21,13.04,-0.01,82,106928,卖盘
671,14:23:18,13.05,0.01,54,70470,买盘
672,14:23:12,13.04,--,116,151264,卖盘
673,14:23:09,13.04,--,214,279056,卖盘
674,14:23:06,13.04,0.01,325,423800,买盘
675,14:23:03,13.03,--,62,80786,卖盘
676,14:23:00,13.03,--,36,46908,卖盘
677,14:22:57,13.03,-0.02,220,286660,卖盘
678,14:22:54,13.05,0.01,59,76995,买盘
679,14:22:51,13.04,0.01,85,110840,中性盘
680,14:22:48,13.03,-0.01,132,171996,卖盘
681,14:22:45,13.04,--,13,16952,卖盘
682,14:22:42,13.04,0.01,574,748496,买盘
683,14:22:39,13.03,--,12,15636,卖盘
684,14:22:36,13.03,-0.01,2,2606,卖盘
685,14:22:33,13.04,0.01,21,27801,买盘
686,14:22:30,13.03,-0.01,114,148542,卖盘
687,14:22:27,13.04,--,14,18256,买盘
688,14:22:24,13.04,0.01,76,99104,买盘
689,14:22:21,13.03,-0.01,41,53423,卖盘
690,14:22:18,13.04,--,20,26080,买盘
691,14:22:15,13.04,--,31,40424,买盘
692,14:22:12,13.04,-0.01,144,187776,卖盘
693,14:22:09,13.05,0.02,6,7830,买盘
694,14:22:06,13.03,--,16,20848,卖盘
695,14:22:03,13.03,-0.01,98,127694,卖盘
696,14:22:00,13.04,-0.01,241,314264,卖盘
697,14:21:57,13.05,--,99,129195,买盘
698,14:21:54,13.05,--,76,99180,买盘
699,14:21:51,13.05,0.01,54,70470,买盘
700,14:21:48,13.04,--,149,194296,买盘
701,14:21:45,13.04,0.01,87,113447,买盘
702,14:21:42,13.03,-0.01,44,57332,卖盘
703,14:21:39,13.04,--,30,39120,买盘
704,14:21:36,13.04,--,31,40424,买盘
705,14:21:33,13.04,0.01,89,116055,买盘
706,14:21:30,13.03,-0.01,143,186329,卖盘
707,14:21:27,13.04,--,135,176040,买盘
708,14:21:24,13.04,--,48,62591,买盘
709,14:21:21,13.04,--,47,61287,买盘
710,14:21:18,13.04,0.01,14,18256,买盘
711,14:21:15,13.03,--,10,13030,卖盘
712,14:21:12,13.03,--,215,280145,买盘
713,14:21:09,13.03,--,177,230631,买盘
714,14:21:06,13.03,0.01,255,332577,买盘
715,14:21:03,13.02,--,188,244776,卖盘
716,14:21:00,13.02,--,60,78120,卖盘
717,14:20:57,13.02,-0.01,7,9114,卖盘
718,14:20:54,13.03,--,280,364840,买盘
719,14:20:51,13.03,--,114,148542,买盘
720,14:20:48,13.03,0.01,16,20848,买盘
721,14:20:45,13.02,-0.01,126,164052,卖盘
722,14:20:42,13.03,--,176,229328,买盘
723,14:20:39,13.03,--,85,110755,买盘
724,14:20:36,13.03,--,1,1303,买盘
725,14:20:33,13.03,0.01,97,126391,买盘
726,14:20:30,13.02,--,36,46872,卖盘
727,14:20:27,13.02,--,24,31248,卖盘
728,14:20:24,13.02,--,164,213528,卖盘
729,14:20:21,13.02,--,251,326802,卖盘
730,14:20:18,13.02,-0.01,134,174468,卖盘
731,14:20:15,13.03,0.01,29,37787,买盘
732,14:20:12,13.02,--,55,71610,卖盘
733,14:20:09,13.02,--,50,65100,买盘
734,14:20:06,13.02,0.01,217,282534,买盘
735,14:20:03,13.01,--,90,117090,卖盘
736,14:20:00,13.01,-0.01,213,277113,卖盘
737,14:19:57,13.02,0.01,99,128898,买盘
738,14:19:54,13.01,--,257,334357,卖盘
739,14:19:51,13.01,--,182,236782,卖盘
740,14:19:48,13.01,-0.01,1169,1520869,卖盘
741,14:19:45,13.02,-0.01,350,455700,卖盘
742,14:19:42,13.03,--,38,49514,买盘
743,14:19:39,13.03,0.01,1140,1485420,买盘
744,14:19:36,13.02,0.01,141,183582,买盘
745,14:19:33,13.01,--,38,49438,卖盘
746,14:19:30,13.01,--,31,40331,卖盘
747,14:19:27,13.01,-0.01,64,83264,卖盘
748,14:19:24,13.02,0.01,231,300762,买盘
749,14:19:21,13.01,-0.01,104,135304,卖盘
750,14:19:18,13.02,--,80,104160,买盘
751,14:19:15,13.02,--,236,307272,买盘
752,14:19:12,13.02,--,39,50778,买盘
753,14:19:09,13.02,--,201,261702,卖盘
754,14:19:06,13.02,-0.01,533,693966,卖盘
755,14:19:03,13.03,0.01,66,85998,买盘
756,14:19:00,13.02,-0.01,189,246078,卖盘
757,14:18:57,13.03,0.01,268,350350,买盘
758,14:18:54,13.02,0.01,220,286440,买盘
759,14:18:51,13.01,-0.01,108,140508,卖盘
760,14:18:48,13.02,--,111,144938,卖盘
761,14:18:45,13.02,--,50,65100,卖盘
762,14:18:42,13.02,--,110,143220,卖盘
763,14:18:39,13.02,--,241,314667,买盘
764,14:18:36,13.02,--,303,394506,卖盘
765,14:18:30,13.02,-0.01,97,126294,卖盘
766,14:18:27,13.03,--,58,75574,买盘
767,14:18:24,13.03,0.01,78,101634,买盘
768,14:18:21,13.02,-0.01,81,105462,卖盘
769,14:18:18,13.03,0.01,106,138118,买盘
770,14:18:15,13.02,-0.01,63,82026,卖盘
771,14:18:12,13.03,--,64,83392,买盘
772,14:18:09,13.03,--,47,61241,买盘
773,14:18:06,13.03,0.01,103,134209,买盘
774,14:18:03,13.02,--,126,164052,卖盘
775,14:18:00,13.02,--,44,57288,卖盘
776,14:17:57,13.02,-0.01,152,197904,卖盘
777,14:17:54,13.03,0.01,57,74271,买盘
778,14:17:51,13.02,--,626,815052,卖盘
779,14:17:48,13.02,-0.01,10,13020,卖盘
780,14:17:45,13.03,--,170,221510,买盘
781,14:17:42,13.03,--,42,54726,买盘
782,14:17:39,13.03,--,9,11727,买盘
783,14:17:36,13.03,0.01,109,142027,买盘
784,14:17:33,13.02,--,264,343728,卖盘
785,14:17:30,13.02,-0.01,72,93744,卖盘
786,14:17:27,13.03,--,8,10424,买盘
787,14:17:24,13.03,0.01,79,102937,买盘
788,14:17:21,13.02,--,105,136710,卖盘
789,14:17:18,13.02,-0.01,18,23436,卖盘
790,14:17:15,13.03,--,67,87301,买盘
791,14:17:12,13.03,0.01,80,104240,买盘
792,14:17:09,13.02,-0.01,159,207018,卖盘
793,14:17:06,13.03,--,118,153754,买盘
794,14:17:03,13.03,--,138,179814,买盘
795,14:17:00,13.03,--,147,191541,卖盘
796,14:16:57,13.03,--,113,147239,卖盘
797,14:16:54,13.03,--,8,10424,卖盘
798,14:16:51,13.03,-0.01,470,612410,卖盘
799,14:16:48,13.04,0.01,1,1304,买盘
800,14:16:45,13.03,-0.01,17,22151,卖盘
801,14:16:42,13.04,0.01,89,116055,买盘
802,14:16:39,13.03,--,103,134209,卖盘
803,14:16:36,13.03,--,13,16939,卖盘
804,14:16:33,13.03,--,24,31272,卖盘
805,14:16:30,13.03,--,69,89907,买盘
806,14:16:27,13.03,0.01,18,23454,买盘
807,14:16:24,13.02,--,102,132804,卖盘
808,14:16:21,13.02,-0.02,73,95046,卖盘
809,14:16:18,13.04,0.01,105,136920,买盘
810,14:16:15,13.03,--,83,108149,卖盘
811,14:16:12,13.03,--,97,126391,卖盘
812,14:16:09,13.03,--,96,125088,买盘
813,14:16:06,13.03,--,2242,2921326,买盘
814,14:16:03,13.03,0.01,7,9121,买盘
815,14:16:00,13.02,-0.01,191,248682,卖盘
816,14:15:57,13.03,--,151,196753,买盘
817,14:15:54,13.03,--,11,14333,买盘
818,14:15:51,13.03,--,225,293175,卖盘
819,14:15:48,13.03,-0.01,40,52120,卖盘
820,14:15:45,13.04,0.01,3,3911,买盘
821,14:15:42,13.03,--,152,198056,买盘
822,14:15:39,13.03,0.01,31,40393,买盘
823,14:15:36,13.02,-0.01,60,78120,卖盘
824,14:15:33,13.03,0.01,148,192844,买盘
825,14:15:30,13.02,--,138,179676,卖盘
826,14:15:27,13.02,--,5,6510,卖盘
827,14:15:24,13.02,-0.01,85,110670,卖盘
828,14:15:21,13.03,--,160,208480,买盘
829,14:15:18,13.03,--,91,118573,买盘
830,14:15:15,13.03,0.01,158,205874,买盘
831,14:15:12,13.02,-0.01,69,89838,卖盘
832,14:15:09,13.03,--,514,669742,买盘
833,14:15:06,13.03,0.01,174,226722,买盘
834,14:15:03,13.02,-0.01,27,35154,卖盘
835,14:15:00,13.03,--,124,161572,卖盘
836,14:14:57,13.03,--,119,155057,买盘
837,14:14:54,13.03,--,2182,2843146,买盘
838,14:14:51,13.03,--,176,229328,买盘
839,14:14:48,13.03,--,431,561593,买盘
840,14:14:45,13.03,0.01,92,119876,买盘
841,14:14:42,13.02,-0.01,347,451794,卖盘
842,14:14:39,13.03,0.01,213,277539,买盘
843,14:14:36,13.02,--,104,135408,卖盘
844,14:14:33,13.02,--,49,63798,卖盘
845,14:14:30,13.02,-0.01,179,233058,卖盘
846,14:14:27,13.03,0.01,80,104240,买盘
847,14:14:24,13.02,--,11,14465,卖盘
848,14:14:21,13.02,-0.01,75,97650,卖盘
849,14:14:18,13.03,--,36,46908,买盘
850,14:14:15,13.03,0.01,87,113361,买盘
851,14:14:12,13.02,-0.01,964,1255128,卖盘
852,14:14:09,13.03,--,194,252782,卖盘
853,14:14:06,13.03,--,98,127694,卖盘
854,14:14:03,13.03,--,22,28666,卖盘
855,14:14:00,13.03,--,116,151148,卖盘
856,14:13:57,13.03,--,25,32575,卖盘
857,14:13:54,13.03,--,181,235843,卖盘
858,14:13:51,13.03,--,466,607198,买盘
859,14:13:48,13.03,--,129,169077,卖盘
860,14:13:45,13.03,--,196,255388,卖盘
861,14:13:42,13.03,--,153,199359,卖盘
862,14:13:39,13.03,-0.01,581,757043,卖盘
863,14:13:36,13.04,0.01,26,33904,买盘
864,14:13:33,13.03,--,663,863889,卖盘
865,14:13:30,13.03,-0.01,340,443345,卖盘
866,14:13:27,13.04,0.01,22,28687,买盘
867,14:13:24,13.03,--,271,353113,卖盘
868,14:13:21,13.03,--,143,186329,卖盘
869,14:13:18,13.03,--,94,122482,卖盘
870,14:13:15,13.03,-0.01,104,135512,卖盘
871,14:13:12,13.04,--,319,416015,买盘
872,14:13:09,13.04,0.01,121,157784,买盘
873,14:13:06,13.03,--,133,173299,卖盘
874,14:13:03,13.03,--,302,393506,卖盘
875,14:13:00,13.03,-0.01,664,865192,卖盘
876,14:12:57,13.04,--,5,6520,买盘
877,14:12:54,13.04,0.01,125,164212,买盘
878,14:12:51,13.03,--,182,237589,卖盘
879,14:12:48,13.03,--,27,35584,卖盘
880,14:12:45,13.03,--,550,716650,卖盘
881,14:12:42,13.03,--,72,93816,卖盘
882,14:12:39,13.03,-0.01,164,213692,卖盘
883,14:12:36,13.04,--,165,215968,买盘
884,14:12:33,13.04,0.01,197,256887,买盘
885,14:12:30,13.03,--,63,82571,卖盘
886,14:12:27,13.03,-0.01,58,76043,卖盘
887,14:12:24,13.04,--,38,49552,买盘
888,14:12:21,13.04,0.01,67,87368,买盘
889,14:12:18,13.03,-0.01,277,360931,卖盘
890,14:12:15,13.04,--,383,500227,卖盘
891,14:12:12,13.04,--,84,109536,卖盘
892,14:12:09,13.04,-0.01,51,66504,卖盘
893,14:12:06,13.05,--,96,125280,买盘
894,14:12:03,13.05,0.01,164,215037,买盘
895,14:12:00,13.04,--,65,84760,卖盘
896,14:11:57,13.04,-0.01,151,196904,卖盘
897,14:11:54,13.05,0.01,90,117450,买盘
898,14:11:51,13.04,--,217,282968,卖盘
899,14:11:48,13.04,--,59,76936,卖盘
900,14:11:45,13.04,--,193,251671,卖盘
901,14:11:42,13.04,-0.01,409,533336,卖盘
902,14:11:39,13.05,--,918,1197990,买盘
903,14:11:36,13.05,0.01,37,48285,买盘
904,14:11:33,13.04,--,136,177344,卖盘
905,14:11:30,13.04,-0.01,150,195600,卖盘
906,14:11:27,13.05,--,54,70470,买盘
907,14:11:24,13.05,--,18,23490,买盘
908,14:11:21,13.05,--,76,99180,买盘
909,14:11:18,13.05,--,13,16965,买盘
910,14:11:15,13.05,0.01,6,7830,买盘
911,14:11:12,13.04,--,117,152568,卖盘
912,14:11:09,13.04,--,31,40424,卖盘
913,14:11:06,13.04,-0.01,15,19560,卖盘
914,14:11:03,13.05,0.01,59,77634,买盘
915,14:11:00,13.04,--,169,220376,卖盘
916,14:10:57,13.04,--,92,119967,卖盘
917,14:10:54,13.04,--,31,40424,卖盘
918,14:10:51,13.04,--,242,315568,卖盘
919,14:10:48,13.04,--,77,100408,卖盘
920,14:10:45,13.04,--,91,118663,卖盘
921,14:10:42,13.04,-0.02,901,1174930,卖盘
922,14:10:39,13.06,0.01,24,31513,买盘
923,14:10:36,13.05,--,181,236205,卖盘
924,14:10:33,13.05,0.01,106,138330,中性盘
925,14:10:30,13.04,--,121,157784,卖盘
926,14:10:27,13.04,-0.02,45,58679,卖盘
927,14:10:24,13.06,0.02,23,30038,买盘
928,14:10:21,13.04,-0.01,144,187971,卖盘
929,14:10:18,13.05,--,202,263610,卖盘
930,14:10:15,13.05,--,506,660330,买盘
931,14:10:12,13.05,--,181,236205,买盘
932,14:10:09,13.05,--,3,3915,买盘
933,14:10:06,13.05,0.01,140,182700,买盘
934,14:10:03,13.04,--,193,251671,卖盘
935,14:10:00,13.04,-0.01,608,793497,卖盘
936,14:09:57,13.05,0.02,1031,1345859,买盘
937,14:09:54,13.03,--,197,256691,卖盘
938,14:09:51,13.03,-0.01,524,682772,卖盘
939,14:09:48,13.04,0.01,90,117359,买盘
940,14:09:45,13.03,-0.01,240,312720,卖盘
941,14:09:42,13.04,--,554,722416,买盘
942,14:09:39,13.04,0.01,83,108336,买盘
943,14:09:36,13.03,--,403,525109,卖盘
944,14:09:33,13.03,--,281,366143,卖盘
945,14:09:30,13.03,--,288,375264,卖盘
946,14:09:27,13.03,-0.01,96,125088,卖盘
947,14:09:24,13.04,--,3865,5040859,卖盘
948,14:09:21,13.04,-0.01,273,355992,卖盘
949,14:09:18,13.05,--,196,255780,买盘
950,14:09:15,13.05,--,58,76094,买盘
951,14:09:12,13.05,0.01,132,172260,中性盘
952,14:09:09,13.04,--,455,593320,卖盘
953,14:09:06,13.04,--,418,545176,卖盘
954,14:09:03,13.04,--,37,48248,卖盘
955,14:09:00,13.04,-0.01,172,224287,卖盘
956,14:08:57,13.05,--,110,143550,买盘
957,14:08:54,13.05,0.01,129,168345,买盘
958,14:08:51,13.04,--,117,152672,卖盘
959,14:08:48,13.04,--,231,301276,卖盘
960,14:08:45,13.04,-0.01,61,79544,卖盘
961,14:08:42,13.05,--,58,75690,买盘
962,14:08:39,13.05,--,282,368936,卖盘
963,14:08:36,13.05,--,29,37845,卖盘
964,14:08:33,13.05,--,195,254475,卖盘
965,14:08:30,13.05,-0.01,56,73080,卖盘
966,14:08:27,13.06,0.01,19,24814,中性盘
967,14:08:24,13.05,-0.01,10011,13064355,卖盘
968,14:08:21,13.06,-0.01,78,101868,卖盘
969,14:08:18,13.07,0.01,334,436538,买盘
970,14:08:15,13.06,--,48,62688,卖盘
971,14:08:12,13.06,--,32,41792,卖盘
972,14:08:09,13.06,-0.01,92,121235,卖盘
973,14:08:06,13.07,--,297,388179,买盘
974,14:08:03,13.07,0.01,39,50973,买盘
975,14:08:00,13.06,-0.01,36,47016,卖盘
976,14:07:57,13.07,0.01,1,1307,买盘
977,14:07:54,13.06,-0.01,94,122764,卖盘
978,14:07:51,13.07,0.01,34,44438,买盘
979,14:07:48,13.06,-0.01,162,211572,卖盘
980,14:07:45,13.07,--,3,3921,买盘
981,14:07:42,13.07,--,137,179059,买盘
982,14:07:39,13.07,0.01,296,386872,买盘
983,14:07:36,13.06,--,35,45710,卖盘
984,14:07:33,13.06,-0.01,22,28732,卖盘
985,14:07:30,13.07,0.01,39,50973,买盘
986,14:07:27,13.06,-0.01,67,87502,卖盘
987,14:07:24,13.07,0.01,528,690096,买盘
988,14:07:21,13.06,--,54,70524,卖盘
989,14:07:18,13.06,--,3,3918,卖盘
990,14:07:15,13.06,-0.01,8,10448,卖盘
991,14:07:12,13.07,0.01,88,115016,买盘
992,14:07:09,13.06,-0.01,51,66606,卖盘
993,14:07:06,13.07,--,177,231339,买盘
994,14:07:03,13.07,0.01,43,56201,买盘
995,14:07:00,13.06,-0.01,258,336948,卖盘
996,14:06:57,13.07,0.01,66,86262,买盘
997,14:06:54,13.06,-0.01,74,96644,卖盘
998,14:06:51,13.07,--,20,26492,卖盘
999,14:06:48,13.07,--,50,65350,卖盘
1000,14:06:45,13.07,--,154,202232,买盘
1001,14:06:42,13.07,--,174,227418,买盘
1002,14:06:39,13.07,--,2,2614,买盘
1003,14:06:36,13.07,--,222,291238,买盘
1004,14:06:33,13.07,--,116,151964,卖盘
1005,14:06:30,13.07,--,204,266628,卖盘
1006,14:06:27,13.07,--,25,32675,卖盘
1007,14:06:24,13.07,--,12,15684,卖盘
1008,14:06:21,13.07,--,49,64043,卖盘
1009,14:06:18,13.07,--,102,134268,卖盘
1010,14:06:15,13.07,--,24,31368,卖盘
1011,14:06:12,13.07,-0.01,84,109788,卖盘
1012,14:06:09,13.08,--,6,7848,买盘
1013,14:06:06,13.08,0.01,7,9156,买盘
1014,14:06:03,13.07,--,51,67375,卖盘
1015,14:06:00,13.07,-0.01,91,118937,卖盘
1016,14:05:57,13.08,--,13,17004,买盘
1017,14:05:54,13.08,0.01,1,1308,买盘
1018,14:05:51,13.07,--,192,250944,卖盘
1019,14:05:48,13.07,--,35,45745,卖盘
1020,14:05:45,13.07,--,218,284926,卖盘
1021,14:05:42,13.07,-0.01,390,509730,卖盘
1022,14:05:39,13.08,--,14,18312,买盘
1023,14:05:36,13.08,--,231,302148,买盘
1024,14:05:33,13.08,--,26,34008,买盘
1025,14:05:30,13.08,0.01,136,177888,买盘
1026,14:05:27,13.07,--,23,30061,卖盘
1027,14:05:24,13.07,-0.01,23,30061,卖盘
1028,14:05:21,13.08,--,43,56244,买盘
1029,14:05:18,13.08,0.01,54,70632,买盘
1030,14:05:15,13.07,-0.01,13,16991,卖盘
1031,14:05:12,13.08,--,37,48396,买盘
1032,14:05:09,13.08,0.01,15,19620,买盘
1033,14:05:06,13.07,--,5,6535,卖盘
1034,14:05:03,13.07,--,43,56201,卖盘
1035,14:05:00,13.07,-0.01,32,41824,卖盘
1036,14:04:57,13.08,--,12,15696,买盘
1037,14:04:54,13.08,0.01,2,2616,买盘
1038,14:04:51,13.07,-0.01,65,84955,卖盘
1039,14:04:48,13.08,--,330,431640,买盘
1040,14:04:45,13.08,--,1,1308,买盘
1041,14:04:42,13.08,--,252,329616,买盘
1042,14:04:39,13.08,0.01,83,108564,买盘
1043,14:04:36,13.07,-0.01,245,320215,卖盘
1044,14:04:33,13.08,--,10,13080,买盘
1045,14:04:30,13.08,0.01,41,53628,买盘
1046,14:04:27,13.07,--,199,260093,卖盘
1047,14:04:24,13.07,--,14,18298,卖盘
1048,14:04:21,13.07,-0.01,58,75806,卖盘
1049,14:04:18,13.08,--,3,3924,买盘
1050,14:04:15,13.08,0.01,12,15696,买盘
1051,14:04:12,13.07,-0.01,32,41824,卖盘
1052,14:04:09,13.08,--,43,56244,买盘
1053,14:04:06,13.08,0.01,56,73248,买盘
1054,14:04:03,13.07,--,22,28754,卖盘
1055,14:04:00,13.07,-0.01,68,88876,卖盘
1056,14:03:57,13.08,0.01,27,35316,买盘
1057,14:03:54,13.07,--,22,28754,卖盘
1058,14:03:51,13.07,-0.01,35,45745,卖盘
1059,14:03:48,13.08,--,24,31392,买盘
1060,14:03:45,13.08,--,36,47088,买盘
1061,14:03:42,13.08,0.01,138,180504,买盘
1062,14:03:39,13.07,-0.01,155,202585,卖盘
1063,14:03:36,13.08,0.01,3,3924,买盘
1064,14:03:33,13.07,-0.01,211,275777,卖盘
1065,14:03:30,13.08,--,145,189660,买盘
1066,14:03:27,13.08,--,1,1308,买盘
1067,14:03:24,13.08,0.01,47,61476,买盘
1068,14:03:21,13.07,-0.01,88,115016,卖盘
1069,14:03:18,13.08,--,7,9156,买盘
1070,14:03:15,13.08,--,31,40548,买盘
1071,14:03:12,13.08,0.01,36,47088,买盘
1072,14:03:09,13.07,-0.01,2,2614,卖盘
1073,14:03:06,13.08,0.01,11,14388,买盘
1074,14:03:03,13.07,-0.01,75,98025,卖盘
1075,14:03:00,13.08,0.01,76,99408,买盘
1076,14:02:57,13.07,-0.01,43,56201,卖盘
1077,14:02:54,13.08,0.01,10,13080,买盘
1078,14:02:51,13.07,--,62,81034,卖盘
1079,14:02:48,13.07,--,92,120244,卖盘
1080,14:02:45,13.07,-0.01,51,66657,卖盘
1081,14:02:42,13.08,--,33,43164,买盘
1082,14:02:39,13.08,0.01,120,156960,买盘
1083,14:02:36,13.07,--,39,50973,卖盘
1084,14:02:33,13.07,-0.01,1,1307,卖盘
1085,14:02:30,13.08,-0.01,243,317844,卖盘
1086,14:02:27,13.09,0.01,31,40579,买盘
1087,14:02:24,13.08,--,90,117720,卖盘
1088,14:02:21,13.08,-0.01,85,111180,卖盘
1089,14:02:18,13.09,0.01,4,5236,买盘
1090,14:02:15,13.08,--,44,57552,卖盘
1091,14:02:12,13.08,-0.01,86,112488,卖盘
1092,14:02:09,13.09,--,5,6545,买盘
1093,14:02:06,13.09,0.01,2,2618,买盘
1094,14:02:03,13.08,0.01,68,88944,买盘
1095,14:02:00,13.07,-0.02,59,77113,卖盘
1096,14:01:57,13.09,--,254,332486,买盘
1097,14:01:54,13.09,--,61,79849,买盘
1098,14:01:51,13.09,0.01,33,43197,买盘
1099,14:01:48,13.08,--,107,139956,卖盘
1100,14:01:45,13.08,--,34,44472,卖盘
1101,14:01:42,13.08,--,71,92868,卖盘
1102,14:01:39,13.08,--,18,23544,买盘
1103,14:01:36,13.08,--,176,230208,买盘
1104,14:01:33,13.08,0.01,6,7848,买盘
1105,14:01:30,13.07,-0.01,228,297996,卖盘
1106,14:01:27,13.08,--,15,19620,卖盘
1107,14:01:24,13.08,-0.01,7,9156,卖盘
1108,14:01:21,13.09,0.01,60,78540,买盘
1109,14:01:18,13.08,--,6,7848,卖盘
1110,14:01:15,13.08,--,13,17004,卖盘
1111,14:01:12,13.08,--,39,51012,买盘
1112,14:01:09,13.08,--,20,26160,买盘
1113,14:01:06,13.08,0.01,313,409404,买盘
1114,14:01:03,13.07,-0.01,90,117630,卖盘
1115,14:01:00,13.08,-0.01,77,100716,卖盘
1116,14:00:57,13.09,0.01,62,81158,买盘
1117,14:00:54,13.08,--,15,19620,卖盘
1118,14:00:51,13.08,--,49,64092,卖盘
1119,14:00:48,13.08,0.01,27,35316,买盘
1120,14:00:45,13.07,--,124,162068,卖盘
1121,14:00:42,13.07,--,143,186901,卖盘
1122,14:00:39,13.07,-0.02,85,111095,卖盘
1123,14:00:36,13.09,0.02,116,151844,买盘
1124,14:00:33,13.07,-0.01,622,812954,卖盘
1125,14:00:30,13.08,-0.01,35,45780,卖盘
1126,14:00:27,13.09,0.01,4,5236,买盘
1127,14:00:21,13.08,--,100,130800,卖盘
1128,14:00:18,13.08,-0.01,5,6540,卖盘
1129,14:00:15,13.09,0.01,7,9163,买盘
1130,14:00:12,13.08,--,32,41856,卖盘
1131,14:00:09,13.08,--,14,18312,卖盘
1132,14:00:06,13.08,--,48,62784,卖盘
1133,14:00:03,13.08,--,30,39240,卖盘
1134,14:00:00,13.08,-0.01,46,60168,卖盘
1135,13:59:54,13.09,0.01,50,65450,中性盘
1136,13:59:51,13.08,-0.01,128,167424,卖盘
1137,13:59:48,13.09,-0.01,1,1309,买盘
1138,13:59:45,13.1,0.02,2,2620,买盘
1139,13:59:42,13.08,-0.01,53,69324,卖盘
1140,13:59:39,13.09,-0.01,31,40579,中性盘
1141,13:59:36,13.1,0.01,65,85150,买盘
1142,13:59:33,13.09,--,150,196363,买盘
1143,13:59:30,13.09,0.01,288,376992,买盘
1144,13:59:27,13.08,--,5,6540,卖盘
1145,13:59:21,13.08,--,37,48396,卖盘
1146,13:59:18,13.08,-0.01,6,7848,卖盘
1147,13:59:15,13.09,0.01,4,5236,买盘
1148,13:59:12,13.08,-0.01,34,44472,卖盘
1149,13:59:09,13.09,0.01,121,158389,买盘
1150,13:59:06,13.08,--,5,6540,卖盘
1151,13:59:03,13.08,--,20,26160,卖盘
1152,13:59:00,13.08,--,72,94176,卖盘
1153,13:58:57,13.08,-0.01,15,19620,卖盘
1154,13:58:54,13.09,-0.01,166,218432,卖盘
1155,13:58:51,13.1,--,35,45850,买盘
1156,13:58:45,13.1,0.01,95,124450,买盘
1157,13:58:42,13.09,-0.01,55,71995,卖盘
1158,13:58:39,13.1,0.01,43,57443,买盘
1159,13:58:36,13.09,-0.01,224,293216,卖盘
1160,13:58:33,13.1,0.01,1,1310,买盘
1161,13:58:30,13.09,-0.01,32,41888,卖盘
1162,13:58:27,13.1,0.01,223,292130,买盘
1163,13:58:21,13.09,--,38,49742,卖盘
1164,13:58:18,13.09,-0.01,73,95557,卖盘
1165,13:58:15,13.1,0.01,22,29186,买盘
1166,13:58:12,13.09,-0.01,31,40579,卖盘
1167,13:58:09,13.1,--,5,6550,买盘
1168,13:58:06,13.1,0.01,10,13100,买盘
1169,13:58:03,13.09,--,17,22253,卖盘
1170,13:58:00,13.09,-0.01,35,45815,卖盘
1171,13:57:54,13.1,0.01,24,31440,买盘
1172,13:57:51,13.09,-0.01,31,40579,卖盘
1173,13:57:48,13.1,0.01,12,15720,买盘
1174,13:57:45,13.09,-0.01,3,3927,卖盘
1175,13:57:42,13.1,--,34,44540,买盘
1176,13:57:39,13.1,0.01,113,148802,买盘
1177,13:57:36,13.09,--,74,96866,卖盘
1178,13:57:33,13.09,--,117,153153,卖盘
1179,13:57:30,13.09,--,69,91433,卖盘
1180,13:57:24,13.09,--,204,267036,卖盘
1181,13:57:21,13.09,-0.01,35,45815,卖盘
1182,13:57:18,13.1,0.01,97,127070,买盘
1183,13:57:15,13.09,--,10,13090,卖盘
1184,13:57:12,13.09,--,32,41888,卖盘
1185,13:57:09,13.09,--,7,9163,卖盘
1186,13:57:06,13.09,-0.01,16,20944,卖盘
1187,13:57:03,13.1,0.01,41,53710,买盘
1188,13:57:00,13.09,-0.01,32,41888,卖盘
1189,13:56:57,13.1,0.01,13,17030,买盘
1190,13:56:54,13.09,--,5,6545,卖盘
1191,13:56:51,13.09,--,42,54978,卖盘
1192,13:56:48,13.09,-0.01,32,41888,卖盘
1193,13:56:45,13.1,--,12,15720,买盘
1194,13:56:42,13.1,--,97,127070,卖盘
1195,13:56:39,13.1,0.01,108,141480,买盘
1196,13:56:36,13.09,--,30,39270,卖盘
1197,13:56:33,13.09,--,11,14399,卖盘
1198,13:56:30,13.09,--,165,215985,卖盘
1199,13:56:27,13.09,-0.01,316,413644,卖盘
1200,13:56:24,13.1,0.01,53,69430,买盘
1201,13:56:21,13.09,-0.01,32,41888,卖盘
1202,13:56:18,13.1,--,90,117900,买盘
1203,13:56:15,13.1,0.01,4,5240,买盘
1204,13:56:12,13.09,-0.01,120,157080,卖盘
1205,13:56:06,13.1,0.01,400,524000,买盘
1206,13:56:03,13.09,-0.01,137,179333,卖盘
1207,13:56:00,13.1,--,42,55020,卖盘
1208,13:55:57,13.1,-0.01,7,9170,卖盘
1209,13:55:54,13.11,0.02,60,78660,买盘
1210,13:55:51,13.09,-0.01,42,54978,卖盘
1211,13:55:48,13.1,0.01,33,43230,买盘
1212,13:55:45,13.09,-0.01,65,85085,卖盘
1213,13:55:42,13.1,--,36,47160,买盘
1214,13:55:39,13.1,--,73,95630,买盘
1215,13:55:36,13.1,--,136,178160,卖盘
1216,13:55:33,13.1,--,33,43230,卖盘
1217,13:55:30,13.1,--,36,47160,卖盘
1218,13:55:27,13.1,--,90,117900,卖盘
1219,13:55:24,13.1,0.01,605,792550,买盘
1220,13:55:21,13.09,-0.01,79,103411,卖盘
1221,13:55:18,13.1,0.01,47,61570,买盘
1222,13:55:12,13.09,-0.01,91,119119,卖盘
1223,13:55:09,13.1,--,4,5240,买盘
1224,13:55:06,13.1,0.01,50,65500,买盘
1225,13:55:03,13.09,--,31,40579,卖盘
1226,13:55:00,13.09,-0.01,31,40579,卖盘
1227,13:54:57,13.1,0.01,2,2620,买盘
1228,13:54:51,13.09,--,37,48433,卖盘
1229,13:54:48,13.09,--,20,26180,买盘
1230,13:54:42,13.09,--,94,123046,买盘
1231,13:54:39,13.09,--,199,260491,买盘
1232,13:54:36,13.09,--,82,107338,买盘
1233,13:54:33,13.09,--,6,7854,买盘
1234,13:54:30,13.09,--,41,53669,卖盘
1235,13:54:27,13.09,--,121,158389,卖盘
1236,13:54:24,13.09,0.01,257,336413,买盘
1237,13:54:21,13.08,--,38,49704,卖盘
1238,13:54:15,13.08,-0.01,70,91560,卖盘
1239,13:54:12,13.09,0.01,114,149226,买盘
1240,13:54:09,13.08,-0.01,65,85020,卖盘
1241,13:54:03,13.09,0.01,41,53669,买盘
1242,13:54:00,13.08,--,144,188352,买盘
1243,13:53:57,13.08,--,7,9156,中性盘
1244,13:53:54,13.08,0.01,50,65400,买盘
1245,13:53:51,13.07,-0.01,68,88876,卖盘
1246,13:53:48,13.08,--,30,39240,买盘
1247,13:53:45,13.08,--,54,70632,买盘
1248,13:53:42,13.08,-0.01,358,468264,卖盘
1249,13:53:39,13.09,--,7,9163,买盘
1250,13:53:36,13.09,0.01,26,34034,买盘
1251,13:53:33,13.08,-0.01,30,39240,卖盘
1252,13:53:30,13.09,--,127,166243,卖盘
1253,13:53:27,13.09,0.01,93,121737,买盘
1254,13:53:24,13.08,--,227,296916,买盘
1255,13:53:21,13.08,-0.01,21,27468,卖盘
1256,13:53:18,13.09,--,33,43197,买盘
1257,13:53:15,13.09,--,1,1309,买盘
1258,13:53:12,13.09,--,66,86394,买盘
1259,13:53:09,13.09,--,13,17017,买盘
1260,13:53:06,13.09,0.01,69,90321,买盘
1261,13:53:03,13.08,--,62,81096,卖盘
1262,13:53:00,13.08,--,31,40548,卖盘
1263,13:52:57,13.08,--,3,3924,卖盘
1264,13:52:51,13.08,-0.01,31,40548,卖盘
1265,13:52:45,13.09,0.01,36,47124,买盘
1266,13:52:42,13.08,-0.01,31,40548,卖盘
1267,13:52:39,13.09,--,14,18326,买盘
1268,13:52:36,13.09,0.02,37,48433,买盘
1269,13:52:33,13.07,--,26,33982,卖盘
1270,13:52:30,13.07,-0.02,101,132007,卖盘
1271,13:52:27,13.09,0.01,78,102102,买盘
1272,13:52:24,13.08,--,58,75864,买盘
1273,13:52:21,13.08,0.01,34,44472,中性盘
1274,13:52:15,13.07,-0.01,218,284926,卖盘
1275,13:52:12,13.08,--,117,153036,卖盘
1276,13:52:09,13.08,-0.01,42,54936,卖盘
1277,13:52:06,13.09,0.01,12,15708,买盘
1278,13:52:03,13.08,--,18,23544,卖盘
1279,13:52:00,13.08,--,33,43164,卖盘
1280,13:51:57,13.08,-0.02,88,115104,卖盘
1281,13:51:54,13.1,0.01,24,31440,买盘
1282,13:51:51,13.09,--,359,469931,买盘
1283,13:51:48,13.09,--,2,2618,买盘
1284,13:51:45,13.09,0.01,10,13090,买盘
1285,13:51:42,13.08,--,63,82404,卖盘
1286,13:51:39,13.08,0.01,23,30084,卖盘
1287,13:51:33,13.07,-0.01,3,3921,卖盘
1288,13:51:30,13.08,0.01,108,141264,买盘
1289,13:51:27,13.07,--,33,43131,卖盘
1290,13:51:24,13.07,-0.01,149,194743,卖盘
1291,13:51:21,13.08,--,354,463032,买盘
1292,13:51:18,13.08,--,55,71940,买盘
1293,13:51:15,13.08,--,222,290376,买盘
1294,13:51:12,13.08,--,45,58860,买盘
1295,13:51:09,13.08,--,1,1308,买盘
1296,13:51:06,13.08,0.01,3,3924,中性盘
1297,13:51:03,13.07,--,17,22219,卖盘
1298,13:51:00,13.07,--,31,40517,卖盘
1299,13:50:57,13.07,--,9,11763,卖盘
1300,13:50:54,13.07,--,71,92797,卖盘
1301,13:50:51,13.07,--,32,41824,卖盘
1302,13:50:48,13.07,-0.02,93,121551,卖盘
1303,13:50:45,13.09,0.02,3,3927,买盘
1304,13:50:42,13.07,--,31,40517,卖盘
1305,13:50:36,13.07,-0.02,215,281005,卖盘
1306,13:50:33,13.09,0.02,3,3927,买盘
1307,13:50:30,13.07,--,69,90183,卖盘
1308,13:50:27,13.07,--,35,45745,卖盘
1309,13:50:24,13.07,-0.02,31,40517,卖盘
1310,13:50:21,13.09,0.02,132,172788,买盘
1311,13:50:18,13.07,--,95,124165,卖盘
1312,13:50:15,13.07,-0.02,307,401249,卖盘
1313,13:50:12,13.09,0.02,55,71995,买盘
1314,13:50:09,13.07,-0.01,11,14377,卖盘
1315,13:50:06,13.08,0.01,20,26160,买盘
1316,13:50:03,13.07,--,17,22219,卖盘
1317,13:50:00,13.07,-0.01,272,355504,卖盘
1318,13:49:57,13.08,0.01,46,60168,买盘
1319,13:49:54,13.07,--,1,1307,卖盘
1320,13:49:51,13.07,-0.01,52,67964,卖盘
1321,13:49:48,13.08,--,2,2616,买盘
1322,13:49:42,13.08,0.01,36,47088,买盘
1323,13:49:39,13.07,-0.01,16,20912,卖盘
1324,13:49:36,13.08,0.01,12,15696,买盘
1325,13:49:33,13.07,--,20,26140,卖盘
1326,13:49:30,13.07,--,63,82341,买盘
1327,13:49:27,13.07,0.01,61,79727,卖盘
1328,13:49:24,13.06,-0.01,30,39180,卖盘
1329,13:49:21,13.07,0.01,32,41824,卖盘
1330,13:49:18,13.06,-0.02,226,295156,卖盘
1331,13:49:15,13.08,0.01,247,323076,买盘
1332,13:49:12,13.07,--,77,100639,卖盘
1333,13:49:09,13.07,--,40,52280,买盘
1334,13:49:06,13.07,--,37,48359,买盘
1335,13:49:03,13.07,--,163,213041,买盘
1336,13:49:00,13.07,0.01,70,91490,买盘
1337,13:48:57,13.06,-0.01,169,220714,卖盘
1338,13:48:54,13.07,0.01,73,95411,买盘
1339,13:48:51,13.06,--,83,108398,卖盘
1340,13:48:48,13.06,-0.01,62,80972,卖盘
1341,13:48:45,13.07,--,41,53587,买盘
1342,13:48:42,13.07,--,84,109788,买盘
1343,13:48:39,13.07,0.01,5,6535,买盘
1344,13:48:36,13.06,-0.01,0,679,卖盘
1345,13:48:33,13.07,--,20,26140,买盘
1346,13:48:30,13.07,--,101,132007,卖盘
1347,13:48:27,13.07,--,21,27447,卖盘
1348,13:48:24,13.07,--,30,39210,卖盘
1349,13:48:21,13.07,0.01,47,61429,卖盘
1350,13:48:18,13.06,-0.01,224,292544,卖盘
1351,13:48:15,13.07,-0.01,177,231339,卖盘
1352,13:48:12,13.08,--,45,58860,买盘
1353,13:48:09,13.08,0.01,88,115104,买盘
1354,13:48:06,13.07,--,8,10456,卖盘
1355,13:48:03,13.07,--,74,96718,卖盘
1356,13:48:00,13.07,-0.01,31,40517,卖盘
1357,13:47:57,13.08,0.01,202,264216,买盘
1358,13:47:54,13.07,--,88,115016,卖盘
1359,13:47:51,13.07,-0.01,56,73192,卖盘
1360,13:47:48,13.08,--,2,2616,买盘
1361,13:47:42,13.08,--,150,196200,买盘
1362,13:47:36,13.08,--,2,2616,买盘
1363,13:47:33,13.08,0.01,6,7848,买盘
1364,13:47:30,13.07,--,179,233953,卖盘
1365,13:47:27,13.07,-0.01,202,264014,卖盘
1366,13:47:24,13.08,0.01,53,69324,买盘
1367,13:47:21,13.07,-0.01,32,41824,卖盘
1368,13:47:18,13.08,--,102,133416,买盘
1369,13:47:15,13.08,0.01,99,129492,买盘
1370,13:47:12,13.07,--,248,324136,卖盘
1371,13:47:09,13.07,--,60,78420,卖盘
1372,13:47:03,13.07,-0.01,81,105867,卖盘
1373,13:47:00,13.08,--,288,376860,买盘
1374,13:46:54,13.08,--,4,5232,买盘
1375,13:46:51,13.08,--,47,62627,卖盘
1376,13:46:48,13.08,--,62,81096,卖盘
1377,13:46:45,13.08,--,22,28932,买盘
1378,13:46:42,13.08,--,113,147804,买盘
1379,13:46:39,13.08,0.01,10,13080,买盘
1380,13:46:36,13.07,-0.01,352,460064,卖盘
1381,13:46:33,13.08,0.01,31,40548,买盘
1382,13:46:30,13.07,--,84,109788,卖盘
1383,13:46:27,13.07,-0.01,111,145077,卖盘
1384,13:46:24,13.08,0.01,1153,1508124,买盘
1385,13:46:21,13.07,-0.01,53,69271,卖盘
1386,13:46:18,13.08,--,144,188352,买盘
1387,13:46:15,13.08,--,103,134724,买盘
1388,13:46:12,13.08,--,420,549360,买盘
1389,13:46:09,13.08,--,92,120336,买盘
1390,13:46:06,13.08,0.01,174,227592,买盘
1391,13:46:03,13.07,--,25,32675,卖盘
1392,13:46:00,13.07,-0.01,47,62200,卖盘
1393,13:45:57,13.08,--,5,6540,买盘
1394,13:45:54,13.08,--,42,54936,买盘
1395,13:45:51,13.08,--,84,109872,买盘
1396,13:45:48,13.08,0.01,11,14388,买盘
1397,13:45:45,13.07,--,28,36596,卖盘
1398,13:45:42,13.07,--,81,105867,卖盘
1399,13:45:39,13.07,-0.01,140,183136,卖盘
1400,13:45:36,13.08,--,13,17004,买盘
1401,13:45:33,13.08,--,90,117720,买盘
1402,13:45:30,13.08,--,39,51012,买盘
1403,13:45:27,13.08,0.01,10,13080,买盘
1404,13:45:24,13.07,--,107,139849,卖盘
1405,13:45:21,13.07,-0.01,52,67964,卖盘
1406,13:45:18,13.08,--,73,95484,买盘
1407,13:45:15,13.08,--,240,313920,买盘
1408,13:45:12,13.08,0.01,131,171348,买盘
1409,13:45:09,13.07,--,302,394714,卖盘
1410,13:45:06,13.07,--,1,1307,卖盘
1411,13:45:03,13.07,-0.01,139,181673,卖盘
1412,13:45:00,13.08,0.01,62,81096,买盘
1413,13:44:57,13.07,-0.01,308,402948,卖盘
1414,13:44:54,13.08,0.01,12,15696,买盘
1415,13:44:51,13.07,-0.01,427,558089,卖盘
1416,13:44:48,13.08,--,76,99408,买盘
1417,13:44:45,13.08,--,202,264216,买盘
1418,13:44:42,13.08,--,41,53628,买盘
1419,13:44:39,13.08,0.01,47,61476,买盘
1420,13:44:36,13.07,-0.01,19,25212,卖盘
1421,13:44:33,13.08,0.01,51,66708,买盘
1422,13:44:30,13.07,-0.01,53,69271,卖盘
1423,13:44:27,13.08,--,61,79788,买盘
1424,13:44:24,13.08,0.01,30,39240,买盘
1425,13:44:21,13.07,-0.01,141,184287,卖盘
1426,13:44:18,13.08,0.01,76,99408,买盘
1427,13:44:15,13.07,--,214,280612,卖盘
1428,13:44:12,13.07,-0.01,230,300610,卖盘
1429,13:44:09,13.08,--,368,481344,买盘
1430,13:44:06,13.08,0.01,3,3924,买盘
1431,13:44:03,13.07,--,95,124165,卖盘
1432,13:44:00,13.07,-0.01,88,115016,卖盘
1433,13:43:57,13.08,0.01,202,264216,买盘
1434,13:43:54,13.07,--,43,56201,卖盘
1435,13:43:51,13.07,-0.01,41,53587,卖盘
1436,13:43:48,13.08,0.01,20,26160,买盘
1437,13:43:45,13.07,-0.01,46,60122,卖盘
1438,13:43:42,13.08,--,50,65400,买盘
1439,13:43:39,13.08,--,1,1308,买盘
1440,13:43:36,13.08,0.01,529,691932,买盘
1441,13:43:33,13.07,-0.01,367,479669,卖盘
1442,13:43:30,13.08,--,60,78480,买盘
1443,13:43:27,13.08,--,1000,1308000,买盘
1444,13:43:24,13.08,--,39,51012,买盘
1445,13:43:21,13.08,-0.01,401,525135,卖盘
1446,13:43:18,13.09,--,46,60214,买盘
1447,13:43:15,13.09,--,1657,2169013,买盘
1448,13:43:12,13.09,--,221,289289,买盘
1449,13:43:09,13.09,--,97,126973,买盘
1450,13:43:06,13.09,--,1089,1425501,卖盘
1451,13:43:03,13.09,--,323,422807,卖盘
1452,13:43:00,13.09,--,80,104720,卖盘
1453,13:42:57,13.09,0.01,1664,2178176,买盘
1454,13:42:54,13.08,-0.01,189,247212,卖盘
1455,13:42:51,13.09,--,33,43197,买盘
1456,13:42:48,13.09,0.01,48,62832,买盘
1457,13:42:45,13.08,--,15,20744,卖盘
1458,13:42:42,13.08,-0.01,31,40548,卖盘
1459,13:42:39,13.09,0.01,157,205513,买盘
1460,13:42:36,13.08,--,8,10464,卖盘
1461,13:42:33,13.08,-0.01,19,24852,卖盘
1462,13:42:30,13.09,--,34,44506,买盘
1463,13:42:27,13.09,--,12,15708,买盘
1464,13:42:24,13.09,0.01,2,2618,买盘
1465,13:42:21,13.08,--,74,96792,卖盘
1466,13:42:18,13.08,-0.01,22,28776,卖盘
1467,13:42:15,13.09,0.01,26,34034,买盘
1468,13:42:12,13.08,--,62,81096,卖盘
1469,13:42:09,13.08,-0.01,119,155652,卖盘
1470,13:42:06,13.09,0.01,99,129591,中性盘
1471,13:42:03,13.08,-0.01,273,357084,卖盘
1472,13:42:00,13.09,-0.01,233,304997,卖盘
1473,13:41:57,13.1,0.01,31,40610,买盘
1474,13:41:54,13.09,--,61,79849,卖盘
1475,13:41:51,13.09,--,86,112574,买盘
1476,13:41:45,13.09,0.01,151,197659,买盘
1477,13:41:42,13.08,-0.01,32,41856,卖盘
1478,13:41:39,13.09,--,7,9163,买盘
1479,13:41:36,13.09,--,14,18326,买盘
1480,13:41:33,13.09,0.01,4,5236,买盘
1481,13:41:30,13.08,-0.01,34,44472,卖盘
1482,13:41:27,13.09,--,27,35343,买盘
1483,13:41:24,13.09,0.01,7,9163,买盘
1484,13:41:21,13.08,--,44,57552,卖盘
1485,13:41:18,13.08,--,3,3924,卖盘
1486,13:41:15,13.08,-0.01,51,66708,卖盘
1487,13:41:12,13.09,0.01,78,102102,买盘
1488,13:41:09,13.08,-0.01,145,189660,卖盘
1489,13:41:06,13.09,0.01,97,126973,买盘
1490,13:41:03,13.08,--,199,260292,卖盘
1491,13:41:00,13.08,-0.01,36,47088,卖盘
1492,13:40:57,13.09,0.01,42,54978,买盘
1493,13:40:54,13.08,--,49,64092,卖盘
1494,13:40:51,13.08,-0.01,56,73248,卖盘
1495,13:40:48,13.09,--,2,2618,买盘
1496,13:40:45,13.09,0.01,15,19635,买盘
1497,13:40:42,13.08,-0.01,136,177888,卖盘
1498,13:40:39,13.09,0.01,2,2618,买盘
1499,13:40:36,13.08,-0.01,5,6540,卖盘
1500,13:40:33,13.09,0.01,35,45815,买盘
1501,13:40:30,13.08,-0.01,77,100716,卖盘
1502,13:40:27,13.09,--,86,112574,买盘
1503,13:40:24,13.09,0.01,23,30107,买盘
1504,13:40:21,13.08,-0.01,314,410712,卖盘
1505,13:40:18,13.09,--,90,117810,买盘
1506,13:40:15,13.09,--,3,3927,买盘
1507,13:40:12,13.09,--,92,120428,买盘
1508,13:40:09,13.09,--,110,143990,买盘
1509,13:40:06,13.09,--,36,47124,买盘
1510,13:40:03,13.09,0.01,150,196350,买盘
1511,13:40:00,13.08,-0.01,274,358392,卖盘
1512,13:39:57,13.09,-0.01,106,138754,卖盘
1513,13:39:54,13.1,0.01,2,2620,买盘
1514,13:39:51,13.09,-0.01,31,40579,卖盘
1515,13:39:48,13.1,--,49,64255,买盘
1516,13:39:42,13.1,0.01,35,45850,买盘
1517,13:39:39,13.09,--,1100,1439900,卖盘
1518,13:39:33,13.09,--,88,115192,卖盘
1519,13:39:30,13.09,--,33,43197,卖盘
1520,13:39:27,13.09,--,25,32725,卖盘
1521,13:39:24,13.09,--,43,56287,卖盘
1522,13:39:21,13.09,--,85,111265,卖盘
1523,13:39:15,13.09,-0.01,37,48433,卖盘
1524,13:39:12,13.1,0.01,66,86460,买盘
1525,13:39:09,13.09,--,43,56287,卖盘
1526,13:39:06,13.09,--,98,128282,卖盘
1527,13:39:03,13.09,-0.01,118,154462,卖盘
1528,13:39:00,13.1,0.01,240,314400,买盘
1529,13:38:57,13.09,--,10,13090,卖盘
1530,13:38:54,13.09,--,34,44597,卖盘
1531,13:38:51,13.09,-0.01,39,51051,卖盘
1532,13:38:45,13.1,0.01,1,1310,买盘
1533,13:38:42,13.09,--,34,44506,卖盘
1534,13:38:36,13.09,-0.01,3,3927,卖盘
1535,13:38:30,13.1,0.01,78,102180,买盘
1536,13:38:27,13.09,-0.01,44,57596,卖盘
1537,13:38:21,13.1,0.01,37,48470,买盘
1538,13:38:18,13.09,--,2,2618,卖盘
1539,13:38:12,13.09,--,85,111265,卖盘
1540,13:38:09,13.09,--,300,392700,卖盘
1541,13:38:03,13.09,--,98,128282,卖盘
1542,13:38:00,13.09,-0.02,166,217294,卖盘
1543,13:37:57,13.11,0.01,268,351348,买盘
1544,13:37:54,13.1,--,219,286890,买盘
1545,13:37:51,13.1,0.01,36,47160,买盘
1546,13:37:48,13.09,-0.01,13,17017,卖盘
1547,13:37:45,13.1,0.01,5,6550,买盘
1548,13:37:42,13.09,--,32,41888,卖盘
1549,13:37:39,13.09,-0.01,3,3927,卖盘
1550,13:37:36,13.1,0.01,5,6550,买盘
1551,13:37:30,13.09,-0.01,62,81158,卖盘
1552,13:37:24,13.1,--,12,15720,买盘
1553,13:37:21,13.1,--,166,217460,买盘
1554,13:37:18,13.1,--,12,15720,买盘
1555,13:37:15,13.1,--,1,1310,买盘
1556,13:37:12,13.1,0.01,36,47160,买盘
1557,13:37:09,13.09,-0.02,21,27489,卖盘
1558,13:37:06,13.11,0.01,149,195339,买盘
1559,13:37:03,13.1,--,24,31440,卖盘
1560,13:37:00,13.1,0.01,71,93010,买盘
1561,13:36:57,13.09,-0.01,180,235620,卖盘
1562,13:36:51,13.1,0.01,35,45850,买盘
1563,13:36:48,13.09,--,87,113883,买盘
1564,13:36:42,13.09,0.01,41,53669,买盘
1565,13:36:39,13.08,--,11,14388,卖盘
1566,13:36:36,13.08,-0.01,13,17004,卖盘
1567,13:36:33,13.09,--,13,17017,卖盘
1568,13:36:30,13.09,--,63,82467,卖盘
1569,13:36:27,13.09,--,5,6545,卖盘
1570,13:36:24,13.09,--,2,2618,卖盘
1571,13:36:21,13.09,-0.01,46,60214,卖盘
1572,13:36:18,13.1,--,202,264620,买盘
1573,13:36:15,13.1,0.01,89,116590,买盘
1574,13:36:12,13.09,--,52,68068,卖盘
1575,13:36:09,13.09,--,5,6702,卖盘
1576,13:36:06,13.09,--,32,41888,卖盘
1577,13:36:03,13.09,--,17,22253,卖盘
1578,13:36:00,13.09,-0.01,146,191114,卖盘
1579,13:35:57,13.1,--,96,125760,买盘
1580,13:35:54,13.1,0.01,252,330120,买盘
1581,13:35:51,13.09,--,31,40579,卖盘
1582,13:35:48,13.09,-0.01,13,17763,卖盘
1583,13:35:45,13.1,0.01,15,19650,买盘
1584,13:35:42,13.09,--,43,56287,卖盘
1585,13:35:39,13.09,--,2,2618,卖盘
1586,13:35:36,13.09,--,14,18326,卖盘
1587,13:35:33,13.09,--,4,5236,卖盘
1588,13:35:30,13.09,-0.01,52,68068,卖盘
1589,13:35:24,13.1,0.01,2,2620,买盘
1590,13:35:21,13.09,--,91,119119,卖盘
1591,13:35:18,13.09,--,13,17017,卖盘
1592,13:35:15,13.09,-0.01,11,14399,卖盘
1593,13:35:12,13.1,0.01,38,49780,买盘
1594,13:35:09,13.09,--,4,5236,卖盘
1595,13:35:06,13.09,--,190,248710,卖盘
1596,13:35:03,13.09,-0.01,31,40579,卖盘
1597,13:35:00,13.1,0.01,35,45850,买盘
1598,13:34:57,13.09,--,391,511819,卖盘
1599,13:34:51,13.09,-0.01,34,44506,卖盘
1600,13:34:48,13.1,0.01,1,1310,买盘
1601,13:34:42,13.09,-0.01,31,40579,卖盘
1602,13:34:39,13.1,0.01,2,2620,买盘
1603,13:34:36,13.09,--,138,180825,买盘
1604,13:34:33,13.09,--,2,2618,买盘
1605,13:34:30,13.09,--,70,91630,买盘
1606,13:34:27,13.09,--,104,136738,买盘
1607,13:34:24,13.09,0.01,52,68068,买盘
1608,13:34:21,13.08,-0.01,45,58860,卖盘
1609,13:34:18,13.09,--,2,2618,买盘
1610,13:34:15,13.09,0.01,1,1309,买盘
1611,13:34:12,13.08,-0.01,31,40548,卖盘
1612,13:34:09,13.09,--,11,14399,买盘
1613,13:34:06,13.09,--,17,22253,买盘
1614,13:34:03,13.09,--,315,412662,买盘
1615,13:34:00,13.09,--,232,304813,卖盘
1616,13:33:57,13.09,--,131,171479,卖盘
1617,13:33:54,13.09,--,381,498729,卖盘
1618,13:33:51,13.09,-0.01,43,56287,卖盘
1619,13:33:45,13.1,0.01,23,30130,买盘
1620,13:33:42,13.09,--,66,86577,卖盘
1621,13:33:39,13.09,--,95,124355,卖盘
1622,13:33:36,13.09,-0.01,91,119119,卖盘
1623,13:33:33,13.1,0.01,19,24890,买盘
1624,13:33:30,13.09,--,41,53669,卖盘
1625,13:33:27,13.09,--,13,17017,卖盘
1626,13:33:21,13.09,--,68,89012,卖盘
1627,13:33:18,13.09,-0.01,277,362593,卖盘
1628,13:33:15,13.1,0.01,1,1310,买盘
1629,13:33:12,13.09,-0.01,31,40579,卖盘
1630,13:33:09,13.1,0.02,12,15720,买盘
1631,13:33:03,13.08,--,27,35316,卖盘
1632,13:33:00,13.08,--,34,44472,卖盘
1633,13:32:57,13.08,-0.02,137,179196,卖盘
1634,13:32:54,13.1,0.01,43,56330,买盘
1635,13:32:51,13.09,-0.01,272,356048,卖盘
1636,13:32:48,13.1,0.01,3,3930,买盘
1637,13:32:45,13.09,--,10,13090,卖盘
1638,13:32:42,13.09,--,47,61523,卖盘
1639,13:32:39,13.09,--,34,44506,卖盘
1640,13:32:36,13.09,--,2,2618,卖盘
1641,13:32:33,13.09,--,26,34034,买盘
1642,13:32:30,13.09,-0.01,16,20944,卖盘
1643,13:32:27,13.1,0.01,3,3930,买盘
1644,13:32:24,13.09,--,56,73304,买盘
1645,13:32:21,13.09,-0.01,27,35343,卖盘
1646,13:32:15,13.1,0.01,61,79910,买盘
1647,13:32:12,13.09,-0.01,10,13090,卖盘
1648,13:32:09,13.1,--,48,62880,买盘
1649,13:32:06,13.1,0.02,1,1310,买盘
1650,13:32:03,13.08,--,33,43164,卖盘
1651,13:32:00,13.08,--,41,53628,卖盘
1652,13:31:57,13.08,--,4,5232,卖盘
1653,13:31:54,13.08,-0.02,133,173964,卖盘
1654,13:31:51,13.1,0.02,217,284270,买盘
1655,13:31:48,13.08,--,228,298224,卖盘
1656,13:31:45,13.08,-0.02,88,115104,卖盘
1657,13:31:42,13.1,0.01,34,44540,买盘
1658,13:31:39,13.09,-0.01,59,77231,卖盘
1659,13:31:36,13.1,0.01,55,72050,买盘
1660,13:31:33,13.09,--,34,44506,卖盘
1661,13:31:30,13.09,-0.01,43,56287,卖盘
1662,13:31:27,13.1,0.02,6,7860,买盘
1663,13:31:24,13.08,-0.02,19,24852,卖盘
1664,13:31:21,13.1,--,42,55020,买盘
1665,13:31:12,13.1,--,52,68120,买盘
1666,13:31:09,13.1,0.01,118,154580,买盘
1667,13:31:06,13.09,-0.01,2,2618,中性盘
1668,13:31:03,13.1,0.02,77,100870,买盘
1669,13:31:00,13.08,-0.02,106,138648,卖盘
1670,13:30:57,13.1,--,10,13100,买盘
1671,13:30:54,13.1,0.02,8,10480,买盘
1672,13:30:51,13.08,-0.01,127,166116,卖盘
1673,13:30:48,13.09,--,235,307615,买盘
1674,13:30:45,13.09,-0.01,36,47124,买盘
1675,13:30:42,13.1,0.02,97,127070,买盘
1676,13:30:39,13.08,-0.02,49,64092,卖盘
1677,13:30:36,13.1,0.01,2,2620,买盘
1678,13:30:30,13.09,0.01,31,40579,卖盘
1679,13:30:27,13.08,-0.01,136,178149,卖盘
1680,13:30:24,13.09,--,9,12828,买盘
1681,13:30:21,13.09,--,319,417571,买盘
1682,13:30:18,13.09,--,50,65450,买盘
1683,13:30:15,13.09,--,42,54978,买盘
1684,13:30:12,13.09,-0.02,718,940123,卖盘
1685,13:30:06,13.11,0.01,6,7866,中性盘
1686,13:30:03,13.1,0.01,137,179470,买盘
1687,13:30:00,13.09,-0.01,528,691152,卖盘
1688,13:29:57,13.1,--,1,1310,买盘
1689,13:29:54,13.1,0.01,6,7860,买盘
1690,13:29:51,13.09,--,132,172788,卖盘
1691,13:29:48,13.09,--,171,223839,卖盘
1692,13:29:45,13.09,--,198,259182,卖盘
1693,13:29:42,13.09,-0.02,56,74351,卖盘
1694,13:29:39,13.11,0.01,1,1311,买盘
1695,13:29:36,13.1,0.01,6,7860,中性盘
1696,13:29:33,13.09,-0.01,88,115192,卖盘
1697,13:29:30,13.1,0.01,36,47160,中性盘
1698,13:29:21,13.09,-0.02,116,151844,卖盘
1699,13:29:18,13.11,--,20,26220,买盘
1700,13:29:15,13.11,--,1,1311,买盘
1701,13:29:12,13.11,0.02,32,41952,买盘
1702,13:29:09,13.09,--,6,7854,卖盘
1703,13:29:06,13.09,-0.01,14,18326,卖盘
1704,13:29:03,13.1,0.01,17,22270,卖盘
1705,13:29:00,13.09,--,166,217294,卖盘
1706,13:28:57,13.09,-0.02,45,58905,卖盘
1707,13:28:51,13.11,0.02,144,188784,买盘
1708,13:28:48,13.09,-0.01,198,259182,卖盘
1709,13:28:45,13.1,0.01,71,93010,买盘
1710,13:28:42,13.09,--,34,44506,卖盘
1711,13:28:39,13.09,-0.02,57,74613,卖盘
1712,13:28:36,13.11,0.02,3,3933,买盘
1713,13:28:33,13.09,--,17,22253,卖盘
1714,13:28:30,13.09,--,32,41888,卖盘
1715,13:28:27,13.09,-0.02,93,121737,卖盘
1716,13:28:24,13.11,0.01,6,7866,买盘
1717,13:28:21,13.1,--,105,137550,买盘
1718,13:28:18,13.1,--,7,9170,中性盘
1719,13:28:15,13.1,--,92,120520,买盘
1720,13:28:12,13.1,-0.02,69,90390,买盘
1721,13:28:09,13.12,0.02,7,9184,买盘
1722,13:28:06,13.1,--,66,86460,卖盘
1723,13:28:03,13.1,-0.01,33,43230,卖盘
1724,13:28:00,13.11,--,136,178296,买盘
1725,13:27:57,13.11,0.01,5,6555,买盘
1726,13:27:54,13.1,-0.01,119,155890,卖盘
1727,13:27:51,13.11,--,74,97014,买盘
1728,13:27:48,13.11,--,288,377568,卖盘
1729,13:27:45,13.11,0.01,22,28842,买盘
1730,13:27:42,13.1,-0.02,44,57640,卖盘
1731,13:27:36,13.12,--,9,11808,买盘
1732,13:27:33,13.12,0.02,4,5248,买盘
1733,13:27:30,13.1,--,35,45850,卖盘
1734,13:27:27,13.1,--,1,1310,卖盘
1735,13:27:21,13.1,--,225,294750,卖盘
1736,13:27:12,13.1,-0.02,41,53710,卖盘
1737,13:27:09,13.12,--,2,2624,买盘
1738,13:27:06,13.12,0.03,203,266336,买盘
1739,13:27:03,13.09,--,18,23562,卖盘
1740,13:27:00,13.09,-0.01,332,434588,卖盘
1741,13:26:57,13.1,0.01,2,2620,买盘
1742,13:26:51,13.09,-0.01,128,167552,卖盘
1743,13:26:48,13.1,--,204,267240,买盘
1744,13:26:45,13.1,0.01,2,2620,买盘
1745,13:26:42,13.09,--,343,448987,买盘
1746,13:26:39,13.09,--,202,264418,买盘
1747,13:26:36,13.09,--,4,5236,买盘
1748,13:26:33,13.09,--,493,645337,卖盘
1749,13:26:30,13.09,--,64,83776,卖盘
1750,13:26:27,13.09,-0.01,46,60214,卖盘
1751,13:26:24,13.1,0.01,307,402170,中性盘
1752,13:26:21,13.09,-0.01,107,140063,卖盘
1753,13:26:18,13.1,0.01,1,1310,买盘
1754,13:26:15,13.09,--,44,57596,卖盘
1755,13:26:12,13.09,-0.01,177,231693,卖盘
1756,13:26:09,13.1,0.01,11,14410,买盘
1757,13:26:06,13.09,0.01,53,69377,买盘
1758,13:26:03,13.08,--,23,30084,卖盘
1759,13:26:00,13.08,--,31,40548,卖盘
1760,13:25:51,13.08,--,33,43164,卖盘
1761,13:25:45,13.08,-0.02,151,197508,卖盘
1762,13:25:42,13.1,--,433,567230,买盘
1763,13:25:39,13.1,0.01,16,20960,中性盘
1764,13:25:36,13.09,-0.01,41,53669,卖盘
1765,13:25:33,13.1,0.01,22,28820,买盘
1766,13:25:30,13.09,-0.01,31,40579,卖盘
1767,13:25:27,13.1,--,2,2620,买盘
1768,13:25:21,13.1,-0.01,22,28820,卖盘
1769,13:25:18,13.11,--,2,2622,买盘
1770,13:25:15,13.11,0.02,1,1311,买盘
1771,13:25:12,13.09,--,35,45815,卖盘
1772,13:25:09,13.09,-0.02,89,116501,卖盘
1773,13:25:06,13.11,0.02,17,22287,买盘
1774,13:25:03,13.09,-0.02,24,31416,卖盘
1775,13:25:00,13.11,--,38,49818,卖盘
1776,13:24:57,13.11,--,18,23598,卖盘
1777,13:24:54,13.11,0.02,147,192717,买盘
1778,13:24:51,13.09,--,31,40579,卖盘
1779,13:24:45,13.09,--,139,181951,卖盘
1780,13:24:42,13.09,-0.01,219,286671,卖盘
1781,13:24:39,13.1,--,26,34060,买盘
1782,13:24:36,13.1,--,1,1310,买盘
1783,13:24:33,13.1,--,33,43230,买盘
1784,13:24:30,13.1,--,50,65500,买盘
1785,13:24:27,13.1,--,8,10480,卖盘
1786,13:24:24,13.1,--,11,14410,卖盘
1787,13:24:21,13.1,--,48,62880,卖盘
1788,13:24:18,13.1,--,4,5240,卖盘
1789,13:24:12,13.1,--,83,108730,买盘
1790,13:24:09,13.1,--,29,37990,卖盘
1791,13:24:06,13.1,0.01,69,90390,买盘
1792,13:24:03,13.09,--,109,142681,卖盘
1793,13:24:00,13.09,-0.01,32,41888,卖盘
1794,13:23:57,13.1,-0.01,38,49780,卖盘
1795,13:23:54,13.11,0.01,4,5244,买盘
1796,13:23:51,13.1,0.01,33,43230,卖盘
1797,13:23:45,13.09,--,118,154462,卖盘
1798,13:23:42,13.09,--,110,143990,卖盘
1799,13:23:39,13.09,--,276,361284,卖盘
1800,13:23:36,13.09,-0.02,35,45815,卖盘
1801,13:23:33,13.11,0.01,12,15732,买盘
1802,13:23:30,13.1,-0.01,25,32750,卖盘
1803,13:23:27,13.11,0.01,108,141588,买盘
1804,13:23:24,13.1,-0.01,1,1310,卖盘
1805,13:23:21,13.11,--,43,56373,买盘
1806,13:23:18,13.11,0.01,12,15732,买盘
1807,13:23:12,13.1,-0.01,31,40610,卖盘
1808,13:23:09,13.11,--,7,9177,买盘
1809,13:23:06,13.11,0.02,2,2622,买盘
1810,13:23:03,13.09,--,60,78540,卖盘
1811,13:23:00,13.09,-0.01,44,57596,卖盘
1812,13:22:57,13.1,--,48,62880,买盘
1813,13:22:54,13.1,--,25,32750,买盘
1814,13:22:51,13.1,-0.01,20,26200,卖盘
1815,13:22:48,13.11,--,10,13110,买盘
1816,13:22:45,13.11,0.01,139,182229,买盘
1817,13:22:42,13.1,-0.02,28,36680,卖盘
1818,13:22:39,13.12,-0.01,1,1312,中性盘
1819,13:22:36,13.13,0.01,385,505505,买盘
1820,13:22:33,13.12,0.02,2,2624,买盘
1821,13:22:30,13.1,-0.02,45,58950,卖盘
1822,13:22:27,13.12,--,8,10496,买盘
1823,13:22:24,13.12,--,9,11808,买盘
1824,13:22:21,13.12,--,33,43296,买盘
1825,13:22:18,13.12,--,15,19680,买盘
1826,13:22:15,13.12,--,10,13120,买盘
1827,13:22:12,13.12,--,100,131200,买盘
1828,13:22:09,13.12,--,1,1312,买盘
1829,13:22:06,13.12,0.02,30,39360,买盘
1830,13:22:03,13.1,0.01,28,36680,买盘
1831,13:22:00,13.09,-0.01,34,44506,卖盘
1832,13:21:54,13.1,--,92,120520,卖盘
1833,13:21:51,13.1,-0.02,31,40610,卖盘
1834,13:21:48,13.12,0.01,10,13120,卖盘
1835,13:21:45,13.11,-0.01,116,152076,卖盘
1836,13:21:42,13.12,--,38,49856,卖盘
1837,13:21:39,13.12,--,78,102336,卖盘
1838,13:21:36,13.12,0.02,3662,4804544,买盘
1839,13:21:30,13.1,--,46,60260,买盘
1840,13:21:27,13.1,0.01,3,3930,买盘
1841,13:21:21,13.09,-0.01,57,74613,卖盘
1842,13:21:15,13.1,--,14,18340,买盘
1843,13:21:12,13.1,0.01,32,41920,买盘
1844,13:21:09,13.09,--,3,3927,卖盘
1845,13:21:06,13.09,--,10,13090,卖盘
1846,13:21:03,13.09,--,50,65450,卖盘
1847,13:21:00,13.09,-0.01,45,58905,卖盘
1848,13:20:57,13.1,--,248,324880,买盘
1849,13:20:54,13.1,0.01,17,22270,买盘
1850,13:20:51,13.09,--,33,43197,卖盘
1851,13:20:48,13.09,--,205,268345,卖盘
1852,13:20:45,13.09,--,44,57596,卖盘
1853,13:20:42,13.09,--,133,174097,卖盘
1854,13:20:36,13.09,-0.01,5,6545,卖盘
1855,13:20:33,13.1,0.01,250,327500,买盘
1856,13:20:30,13.09,--,33,43197,卖盘
1857,13:20:27,13.09,--,202,264418,卖盘
1858,13:20:24,13.09,--,115,150535,卖盘
1859,13:20:21,13.09,--,55,71995,卖盘
1860,13:20:18,13.09,--,32,41888,卖盘
1861,13:20:15,13.09,0.01,66,86394,买盘
1862,13:20:12,13.08,--,164,214512,卖盘
1863,13:20:09,13.08,--,58,75864,卖盘
1864,13:20:06,13.08,--,34,44472,卖盘
1865,13:20:03,13.08,-0.01,47,61476,卖盘
1866,13:20:00,13.09,0.01,69,90321,买盘
1867,13:19:57,13.08,-0.01,14,18312,卖盘
1868,13:19:54,13.09,0.01,5,6545,买盘
1869,13:19:51,13.08,-0.01,14,18312,卖盘
1870,13:19:48,13.09,--,97,126973,买盘
1871,13:19:45,13.09,0.01,12,15708,买盘
1872,13:19:42,13.08,--,185,241980,卖盘
1873,13:19:39,13.08,--,49,64092,卖盘
1874,13:19:36,13.08,--,292,381936,卖盘
1875,13:19:33,13.08,-0.01,116,151728,卖盘
1876,13:19:30,13.09,0.01,34,44506,买盘
1877,13:19:27,13.08,-0.01,2,2616,卖盘
1878,13:19:24,13.09,0.01,2,2618,买盘
1879,13:19:21,13.08,-0.01,34,44472,卖盘
1880,13:19:12,13.09,--,33,43197,买盘
1881,13:19:09,13.09,--,1,1309,买盘
1882,13:19:06,13.09,--,24,31416,买盘
1883,13:19:03,13.09,0.01,29,37961,买盘
1884,13:19:00,13.08,-0.01,98,128184,卖盘
1885,13:18:54,13.09,0.01,27,35343,买盘
1886,13:18:51,13.08,--,45,58860,卖盘
1887,13:18:45,13.08,--,41,53628,买盘
1888,13:18:42,13.08,--,98,128184,卖盘
1889,13:18:39,13.08,--,82,107256,卖盘
1890,13:18:36,13.08,--,314,410712,卖盘
1891,13:18:33,13.08,--,1,1308,卖盘
1892,13:18:30,13.08,--,134,175272,卖盘
1893,13:18:24,13.08,--,78,102024,买盘
1894,13:18:21,13.08,--,44,57552,买盘
1895,13:18:18,13.08,--,2,2616,买盘
1896,13:18:15,13.08,--,108,141264,卖盘
1897,13:18:12,13.08,-0.01,55,71940,卖盘
1898,13:18:09,13.09,--,23,30107,买盘
1899,13:18:06,13.09,0.01,7,9163,买盘
1900,13:18:03,13.08,--,37,48396,卖盘
1901,13:18:00,13.08,-0.01,76,99408,卖盘
1902,13:17:57,13.09,--,3,3927,买盘
1903,13:17:54,13.09,0.01,11,14399,买盘
1904,13:17:51,13.08,-0.01,74,96792,卖盘
1905,13:17:48,13.09,--,10,13090,买盘
1906,13:17:45,13.09,0.01,2,2618,买盘
1907,13:17:42,13.08,--,202,264216,卖盘
1908,13:17:39,13.08,-0.01,148,193584,卖盘
1909,13:17:36,13.09,--,75,98175,买盘
1910,13:17:33,13.09,0.01,47,61523,买盘
1911,13:17:30,13.08,-0.01,379,495732,卖盘
1912,13:17:27,13.09,0.01,77,100793,买盘
1913,13:17:24,13.08,-0.01,3,3924,卖盘
1914,13:17:21,13.09,0.01,45,58905,买盘
1915,13:17:18,13.08,--,4,5232,卖盘
1916,13:17:15,13.08,-0.01,1,1308,卖盘
1917,13:17:12,13.09,--,33,43197,买盘
1918,13:17:09,13.09,--,71,92939,买盘
1919,13:17:06,13.09,0.01,3,3927,买盘
1920,13:17:03,13.08,-0.01,18,23544,卖盘
1921,13:17:00,13.09,--,86,112574,买盘
1922,13:16:57,13.09,--,128,167552,买盘
1923,13:16:51,13.09,--,33,43197,买盘
1924,13:16:48,13.09,--,23,30107,买盘
1925,13:16:45,13.09,0.01,1,1309,买盘
1926,13:16:42,13.08,-0.01,81,105948,卖盘
1927,13:16:39,13.09,0.01,12,15708,买盘
1928,13:16:36,13.08,--,119,155652,卖盘
1929,13:16:33,13.08,--,1,1308,卖盘
1930,13:16:30,13.08,--,280,366240,卖盘
1931,13:16:27,13.08,--,142,185736,卖盘
1932,13:16:24,13.08,-0.01,84,109872,卖盘
1933,13:16:21,13.09,--,50,65450,买盘
1934,13:16:18,13.09,--,3,3927,买盘
1935,13:16:15,13.09,0.01,108,141372,买盘
1936,13:16:12,13.08,-0.01,45,58860,卖盘
1937,13:16:09,13.09,--,1,1309,买盘
1938,13:16:06,13.09,0.01,2,2618,买盘
1939,13:16:03,13.08,--,65,85020,卖盘
1940,13:16:00,13.08,-0.01,62,81096,卖盘
1941,13:15:57,13.09,0.01,4,5236,买盘
1942,13:15:51,13.08,--,70,91560,买盘
1943,13:15:48,13.08,0.01,17,22236,买盘
1944,13:15:45,13.07,--,405,529335,卖盘
1945,13:15:42,13.07,--,31,40517,卖盘
1946,13:15:39,13.07,--,218,284926,卖盘
1947,13:15:36,13.07,-0.02,117,152919,卖盘
1948,13:15:33,13.09,0.02,82,107338,买盘
1949,13:15:30,13.07,--,32,41824,卖盘
1950,13:15:27,13.07,-0.02,179,233953,卖盘
1951,13:15:24,13.09,--,98,128282,买盘
1952,13:15:21,13.09,--,79,103411,买盘
1953,13:15:18,13.09,0.01,68,89012,买盘
1954,13:15:15,13.08,--,4,5232,卖盘
1955,13:15:12,13.08,0.01,43,56244,卖盘
1956,13:15:09,13.07,-0.02,106,138542,卖盘
1957,13:15:06,13.09,0.02,2,2618,买盘
1958,13:15:03,13.07,--,22,28754,卖盘
1959,13:15:00,13.07,--,153,199971,卖盘
1960,13:14:57,13.07,--,37,48359,卖盘
1961,13:14:54,13.07,-0.01,23,30061,卖盘
1962,13:14:51,13.08,--,34,44472,卖盘
1963,13:14:48,13.08,--,32,41856,卖盘
1964,13:14:45,13.08,--,32,41856,买盘
1965,13:14:42,13.08,-0.01,102,134070,卖盘
1966,13:14:39,13.09,--,3,3927,买盘
1967,13:14:36,13.09,--,2,2618,买盘
1968,13:14:33,13.09,0.01,60,78540,买盘
1969,13:14:30,13.08,--,139,181812,买盘
1970,13:14:27,13.08,-0.01,192,251136,卖盘
1971,13:14:24,13.09,0.02,104,136136,买盘
1972,13:14:21,13.07,-0.01,31,40517,卖盘
1973,13:14:18,13.08,0.01,3,3924,中性盘
1974,13:14:15,13.07,-0.02,88,115016,卖盘
1975,13:14:12,13.09,--,42,54978,买盘
1976,13:14:06,13.09,0.01,12,15708,买盘
1977,13:14:03,13.08,0.01,43,56244,中性盘
1978,13:14:00,13.07,--,32,41824,卖盘
1979,13:13:57,13.07,--,125,163375,卖盘
1980,13:13:54,13.07,--,3,3921,卖盘
1981,13:13:51,13.07,-0.01,62,81034,卖盘
1982,13:13:48,13.08,--,15,19620,买盘
1983,13:13:45,13.08,0.01,5,6540,买盘
1984,13:13:42,13.07,-0.01,35,45745,卖盘
1985,13:13:39,13.08,0.01,14,18312,买盘
1986,13:13:36,13.07,--,13,16991,卖盘
1987,13:13:33,13.07,0.01,68,88876,中性盘
1988,13:13:30,13.06,-0.01,184,240304,卖盘
1989,13:13:27,13.07,--,3,3921,卖盘
1990,13:13:24,13.07,-0.01,179,233953,卖盘
1991,13:13:21,13.08,0.01,125,163500,买盘
1992,13:13:15,13.07,0.01,197,257479,卖盘
1993,13:13:12,13.06,-0.02,50,65300,卖盘
1994,13:13:09,13.08,0.01,172,224976,买盘
1995,13:13:06,13.07,--,3,3921,买盘
1996,13:13:03,13.07,--,33,43131,买盘
1997,13:13:00,13.07,0.01,4,5228,卖盘
1998,13:12:57,13.06,-0.01,465,607290,卖盘
1999,13:12:54,13.07,--,21,27447,卖盘
2000,13:12:51,13.07,--,111,145077,卖盘
2001,13:12:48,13.07,--,8,10456,卖盘
2002,13:12:45,13.07,--,6,7842,卖盘
2003,13:12:42,13.07,--,36,47052,卖盘
2004,13:12:39,13.07,--,89,116323,卖盘
2005,13:12:36,13.07,-0.01,152,198664,卖盘
2006,13:12:33,13.08,0.01,1,1308,买盘
2007,13:12:30,13.07,--,32,41824,卖盘
2008,13:12:27,13.07,-0.01,105,137235,卖盘
2009,13:12:24,13.08,0.01,202,264216,买盘
2010,13:12:21,13.07,-0.01,178,232646,卖盘
2011,13:12:15,13.08,0.01,4,5232,买盘
2012,13:12:12,13.07,--,32,41824,卖盘
2013,13:12:09,13.07,-0.01,5,6535,卖盘
2014,13:12:06,13.08,0.01,5,6540,买盘
2015,13:12:03,13.07,--,121,158147,卖盘
2016,13:12:00,13.07,--,67,87569,卖盘
2017,13:11:54,13.07,-0.01,119,155533,卖盘
2018,13:11:51,13.08,0.01,61,79788,买盘
2019,13:11:48,13.07,-0.01,46,60122,卖盘
2020,13:11:42,13.08,--,49,64092,买盘
2021,13:11:39,13.08,--,83,108564,买盘
2022,13:11:36,13.08,--,3,3924,卖盘
2023,13:11:33,13.08,0.01,1,1308,买盘
2024,13:11:30,13.07,--,45,58815,卖盘
2025,13:11:27,13.07,--,187,244409,卖盘
2026,13:11:24,13.07,-0.02,177,231339,卖盘
2027,13:11:21,13.09,0.01,35,45815,买盘
2028,13:11:18,13.08,--,22,28776,买盘
2029,13:11:15,13.08,--,1,1308,买盘
2030,13:11:12,13.08,--,89,116412,买盘
2031,13:11:09,13.08,--,2,2616,买盘
2032,13:11:06,13.08,0.01,1,1308,买盘
2033,13:11:03,13.07,--,24,31368,卖盘
2034,13:11:00,13.07,--,69,90183,卖盘
2035,13:10:57,13.07,-0.01,57,74499,卖盘
2036,13:10:54,13.08,0.01,39,51012,买盘
2037,13:10:51,13.07,--,119,155533,卖盘
2038,13:10:48,13.07,--,55,71885,卖盘
2039,13:10:45,13.07,--,212,277084,卖盘
2040,13:10:42,13.07,-0.01,200,261400,卖盘
2041,13:10:39,13.08,--,34,44472,买盘
2042,13:10:36,13.08,--,23,30084,买盘
2043,13:10:33,13.08,0.01,33,43164,买盘
2044,13:10:30,13.07,--,250,326750,卖盘
2045,13:10:27,13.07,--,33,43131,卖盘
2046,13:10:24,13.07,-0.01,132,172524,卖盘
2047,13:10:21,13.08,--,256,334848,买盘
2048,13:10:18,13.08,--,144,188352,买盘
2049,13:10:15,13.08,0.01,2,2616,买盘
2050,13:10:12,13.07,--,160,209120,卖盘
2051,13:10:09,13.07,--,40,52280,卖盘
2052,13:10:06,13.07,--,89,116323,卖盘
2053,13:10:03,13.07,-0.01,32,41824,卖盘
2054,13:10:00,13.08,--,108,141264,买盘
2055,13:09:57,13.08,0.01,5,6540,买盘
2056,13:09:54,13.07,-0.01,127,165989,卖盘
2057,13:09:51,13.08,--,110,143880,买盘
2058,13:09:48,13.08,--,31,40548,买盘
2059,13:09:45,13.08,0.01,6,7848,买盘
2060,13:09:42,13.07,--,34,44438,卖盘
2061,13:09:39,13.07,-0.01,32,41824,卖盘
2062,13:09:36,13.08,--,33,43164,卖盘
2063,13:09:30,13.08,--,208,272064,卖盘
2064,13:09:27,13.08,-0.01,196,256368,卖盘
2065,13:09:21,13.09,--,22,28798,买盘
2066,13:09:18,13.09,0.01,1275,1668975,买盘
2067,13:09:15,13.08,--,101,132108,买盘
2068,13:09:12,13.08,0.01,20,26160,买盘
2069,13:09:09,13.07,-0.01,6,7842,卖盘
2070,13:09:06,13.08,0.01,1,1308,买盘
2071,13:09:03,13.07,-0.01,30,39210,卖盘
2072,13:08:57,13.08,0.01,3,3924,买盘
2073,13:08:54,13.07,--,116,151612,卖盘
2074,13:08:51,13.07,--,63,82341,卖盘
2075,13:08:48,13.07,--,78,101946,卖盘
2076,13:08:45,13.07,-0.01,44,57508,卖盘
2077,13:08:42,13.08,--,2,2616,买盘
2078,13:08:36,13.08,--,7,9156,买盘
2079,13:08:33,13.08,-0.01,772,1009776,卖盘
2080,13:08:30,13.09,0.01,24,31416,买盘
2081,13:08:27,13.08,-0.01,10,13080,卖盘
2082,13:08:24,13.09,0.01,28,36652,买盘
2083,13:08:21,13.08,-0.01,121,158268,卖盘
2084,13:08:18,13.09,--,181,236929,买盘
2085,13:08:15,13.09,--,97,126973,买盘
2086,13:08:12,13.09,0.01,32,41888,买盘
2087,13:08:09,13.08,--,13,17004,卖盘
2088,13:08:06,13.08,--,30,39240,卖盘
2089,13:08:03,13.08,--,36,47088,卖盘
2090,13:08:00,13.08,-0.01,5,6540,卖盘
2091,13:07:57,13.09,--,17,22253,买盘
2092,13:07:54,13.09,--,87,113883,买盘
2093,13:07:51,13.09,0.01,1,1309,买盘
2094,13:07:48,13.08,--,21,27468,卖盘
2095,13:07:45,13.08,-0.01,75,98100,卖盘
2096,13:07:42,13.09,-0.01,44,57596,卖盘
2097,13:07:39,13.1,0.02,22,28820,买盘
2098,13:07:36,13.08,-0.01,18,23544,卖盘
2099,13:07:33,13.09,-0.01,22,28798,卖盘
2100,13:07:30,13.1,--,35,45850,买盘
2101,13:07:27,13.1,0.01,2,2620,买盘
2102,13:07:24,13.09,0.01,75,98175,中性盘
2103,13:07:21,13.08,-0.01,111,145188,卖盘
2104,13:07:18,13.09,0.01,5,6545,买盘
2105,13:07:15,13.08,--,94,122952,卖盘
2106,13:07:12,13.08,-0.01,198,258984,卖盘
2107,13:07:06,13.09,0.01,19,24871,卖盘
2108,13:07:03,13.08,--,60,78480,卖盘
2109,13:07:00,13.08,-0.01,47,61476,卖盘
2110,13:06:57,13.09,--,9,11781,买盘
2111,13:06:54,13.09,0.01,1,1309,买盘
2112,13:06:51,13.08,--,120,156960,卖盘
2113,13:06:48,13.08,--,3,3924,卖盘
2114,13:06:45,13.08,--,53,69324,卖盘
2115,13:06:42,13.08,0.01,342,447336,买盘
2116,13:06:39,13.07,--,51,66657,卖盘
2117,13:06:36,13.07,-0.01,71,92797,卖盘
2118,13:06:33,13.08,--,36,47088,买盘
2119,13:06:30,13.08,0.01,122,159576,买盘
2120,13:06:27,13.07,-0.01,10,13070,卖盘
2121,13:06:24,13.08,--,10,13080,买盘
2122,13:06:21,13.08,0.01,512,669696,买盘
2123,13:06:18,13.07,-0.01,115,150305,卖盘
2124,13:06:15,13.08,--,495,647460,买盘
2125,13:06:12,13.08,--,107,139956,买盘
2126,13:06:09,13.08,0.01,1,1308,买盘
2127,13:06:06,13.07,--,75,98025,卖盘
2128,13:06:03,13.07,-0.01,35,45745,卖盘
2129,13:06:00,13.08,--,3,3924,买盘
2130,13:05:57,13.08,--,11,14388,买盘
2131,13:05:54,13.08,--,86,112488,买盘
2132,13:05:51,13.08,0.01,66,86328,买盘
2133,13:05:48,13.07,--,72,94104,卖盘
2134,13:05:45,13.07,-0.01,71,92797,卖盘
2135,13:05:42,13.08,--,647,846276,卖盘
2136,13:05:39,13.08,--,152,198816,卖盘
2137,13:05:33,13.08,--,126,164808,卖盘
2138,13:05:30,13.08,--,71,92868,卖盘
2139,13:05:27,13.08,--,23,30084,卖盘
2140,13:05:24,13.08,--,34,44472,卖盘
2141,13:05:21,13.08,--,56,73248,卖盘
2142,13:05:18,13.08,-0.01,128,167424,卖盘
2143,13:05:15,13.09,--,20,26180,卖盘
2144,13:05:12,13.09,0.01,52,68068,买盘
2145,13:05:09,13.08,-0.01,244,319152,卖盘
2146,13:05:06,13.09,--,39,51051,卖盘
2147,13:05:03,13.09,--,17,22253,卖盘
2148,13:04:57,13.09,--,221,289289,买盘
2149,13:04:54,13.09,--,10,13090,买盘
2150,13:04:51,13.09,--,56,73304,买盘
2151,13:04:45,13.09,0.01,142,185878,买盘
2152,13:04:42,13.08,-0.01,32,41856,卖盘
2153,13:04:39,13.09,0.01,185,242165,买盘
2154,13:04:36,13.08,--,8,10464,卖盘
2155,13:04:33,13.08,-0.01,35,45780,卖盘
2156,13:04:30,13.09,0.01,45,58905,买盘
2157,13:04:27,13.08,--,146,190968,卖盘
2158,13:04:24,13.08,-0.01,27,35316,卖盘
2159,13:04:21,13.09,--,14,18326,买盘
2160,13:04:18,13.09,0.01,1,1309,买盘
2161,13:04:15,13.08,--,92,120336,卖盘
2162,13:04:12,13.08,--,206,269448,卖盘
2163,13:04:09,13.08,-0.01,106,138648,卖盘
2164,13:04:06,13.09,0.01,2,2618,买盘
2165,13:04:03,13.08,-0.01,18,23544,卖盘
2166,13:04:00,13.09,--,58,75922,买盘
2167,13:03:57,13.09,--,2,2618,买盘
2168,13:03:54,13.09,--,2,2618,买盘
2169,13:03:51,13.09,0.01,110,143990,买盘
2170,13:03:48,13.08,--,30,39240,卖盘
2171,13:03:45,13.08,-0.01,22,28776,卖盘
2172,13:03:42,13.09,--,6,7854,买盘
2173,13:03:39,13.09,0.01,73,95557,买盘
2174,13:03:36,13.08,-0.01,7,9156,卖盘
2175,13:03:33,13.09,0.01,157,205513,买盘
2176,13:03:30,13.08,--,101,132108,买盘
2177,13:03:27,13.08,--,305,398940,卖盘
2178,13:03:21,13.08,--,117,153036,卖盘
2179,13:03:18,13.08,--,56,73248,卖盘
2180,13:03:15,13.08,--,101,132108,卖盘
2181,13:03:12,13.08,--,7,9156,卖盘
2182,13:03:09,13.08,--,223,291684,卖盘
2183,13:03:06,13.08,--,4,5232,买盘
2184,13:03:03,13.08,--,224,292992,买盘
2185,13:03:00,13.08,--,260,340080,买盘
2186,13:02:57,13.08,--,1,1308,买盘
2187,13:02:54,13.08,--,84,109872,买盘
2188,13:02:51,13.08,--,4,5232,买盘
2189,13:02:48,13.08,--,42,54936,买盘
2190,13:02:45,13.08,--,18,23544,买盘
2191,13:02:42,13.08,-0.01,204,266832,卖盘
2192,13:02:39,13.09,--,115,150535,买盘
2193,13:02:36,13.09,0.01,83,108647,买盘
2194,13:02:33,13.08,--,20,26160,卖盘
2195,13:02:30,13.08,--,1,1308,卖盘
2196,13:02:24,13.08,--,1,1308,卖盘
2197,13:02:21,13.08,--,11,14388,卖盘
2198,13:02:18,13.08,0.01,213,278604,买盘
2199,13:02:15,13.07,--,128,167296,卖盘
2200,13:02:09,13.07,-0.01,212,277084,卖盘
2201,13:02:03,13.08,0.01,122,159576,买盘
2202,13:02:00,13.07,--,31,40517,卖盘
2203,13:01:57,13.07,--,30,39210,卖盘
2204,13:01:54,13.07,-0.01,10,13070,卖盘
2205,13:01:51,13.08,0.01,50,65400,买盘
2206,13:01:48,13.07,-0.01,918,1199826,卖盘
2207,13:01:42,13.08,0.01,7,9156,买盘
2208,13:01:39,13.07,--,31,40517,卖盘
2209,13:01:36,13.07,-0.01,39,50973,卖盘
2210,13:01:33,13.08,--,2,2616,买盘
2211,13:01:30,13.08,-0.02,1341,1754028,卖盘
2212,13:01:27,13.1,--,18,23580,买盘
2213,13:01:24,13.1,0.01,12,15720,买盘
2214,13:01:21,13.09,--,7,9163,卖盘
2215,13:01:15,13.09,--,70,91630,卖盘
2216,13:01:12,13.09,--,156,204204,卖盘
2217,13:01:09,13.09,--,44,57596,卖盘
2218,13:01:06,13.09,-0.01,201,263109,卖盘
2219,13:01:03,13.1,--,19,24890,卖盘
2220,13:01:00,13.1,--,21,27510,买盘
2221,13:00:54,13.1,--,133,174230,卖盘
2222,13:00:48,13.1,-0.01,10,13100,卖盘
2223,13:00:45,13.11,0.01,2,2622,买盘
2224,13:00:42,13.1,--,2,2620,卖盘
2225,13:00:39,13.1,-0.01,21,27510,卖盘
2226,13:00:36,13.11,-0.01,61,79971,中性盘
2227,13:00:33,13.12,--,175,229600,卖盘
2228,13:00:30,13.12,--,9,11808,卖盘
2229,13:00:27,13.12,-0.01,28,36736,卖盘
2230,13:00:24,13.13,--,96,126048,买盘
2231,13:00:21,13.13,--,8,10504,买盘
2232,13:00:18,13.13,--,19,24947,买盘
2233,13:00:15,13.13,0.01,32,42016,买盘
2234,13:00:12,13.12,--,66,86592,卖盘
2235,13:00:09,13.12,0.01,239,313568,卖盘
2236,13:00:06,13.11,0.01,811,1063221,买盘
2237,13:00:03,13.1,-0.02,1509,1976790,卖盘
2238,13:00:00,13.12,--,0,0,买盘
2239,11:30:00,13.12,--,0,0,买盘
2240,11:29:57,13.12,0.01,1,1312,买盘
2241,11:29:54,13.11,0.01,13,17043,中性盘
2242,11:29:51,13.1,--,165,216150,卖盘
2243,11:29:45,13.1,--,11,14410,卖盘
2244,11:29:42,13.1,--,10,13100,卖盘
2245,11:29:39,13.1,--,75,98250,卖盘
2246,11:29:36,13.1,--,28,36680,卖盘
2247,11:29:30,13.1,--,50,65500,卖盘
2248,11:29:21,13.1,-0.02,17,22270,卖盘
2249,11:29:18,13.12,--,72,94464,买盘
2250,11:29:15,13.12,0.02,21,27552,买盘
2251,11:29:12,13.1,--,44,57640,卖盘
2252,11:29:09,13.1,--,44,57640,卖盘
2253,11:29:06,13.1,-0.01,294,385140,卖盘
2254,11:29:03,13.11,--,18,23598,买盘
2255,11:29:00,13.11,--,87,114057,买盘
2256,11:28:57,13.11,--,100,131100,买盘
2257,11:28:54,13.11,--,99,129789,买盘
2258,11:28:48,13.11,0.01,105,137655,买盘
2259,11:28:45,13.1,--,53,69430,卖盘
2260,11:28:42,13.1,-0.01,14,18340,卖盘
2261,11:28:39,13.11,0.01,22,28842,买盘
2262,11:28:36,13.1,-0.01,39,51090,卖盘
2263,11:28:33,13.11,0.01,1,1311,买盘
2264,11:28:30,13.1,--,44,57640,卖盘
2265,11:28:27,13.1,--,582,762420,买盘
2266,11:28:24,13.1,0.01,10,13100,买盘
2267,11:28:21,13.09,-0.01,21,27489,卖盘
2268,11:28:18,13.1,--,42,55020,买盘
2269,11:28:15,13.1,--,6,7860,买盘
2270,11:28:12,13.1,0.01,10,13100,买盘
2271,11:28:09,13.09,--,149,195041,卖盘
2272,11:28:06,13.09,--,88,115192,卖盘
2273,11:28:00,13.09,--,186,243474,卖盘
2274,11:27:54,13.09,--,378,494802,买盘
2275,11:27:51,13.09,0.01,98,128282,买盘
2276,11:27:45,13.08,-0.01,16,20928,卖盘
2277,11:27:42,13.09,0.01,19,24871,买盘
2278,11:27:39,13.08,-0.01,11,14388,卖盘
2279,11:27:36,13.09,0.02,43,56287,买盘
2280,11:27:33,13.07,-0.02,50,65350,卖盘
2281,11:27:30,13.09,0.01,37,48433,买盘
2282,11:27:27,13.08,0.01,13,17004,中性盘
2283,11:27:24,13.07,--,3,3921,卖盘
2284,11:27:21,13.07,-0.02,16,20912,卖盘
2285,11:27:18,13.09,0.02,11,14399,买盘
2286,11:27:15,13.07,-0.02,73,95411,卖盘
2287,11:27:12,13.09,0.02,103,134827,买盘
2288,11:27:06,13.07,--,4,5228,卖盘
2289,11:27:03,13.07,--,102,133314,卖盘
2290,11:27:00,13.07,-0.01,282,368574,卖盘
2291,11:26:57,13.08,--,33,43164,卖盘
2292,11:26:54,13.08,--,52,68016,卖盘
2293,11:26:51,13.08,--,13,17004,卖盘
2294,11:26:48,13.08,0.01,28,36741,买盘
2295,11:26:45,13.07,--,100,130700,卖盘
2296,11:26:42,13.07,-0.01,1109,1449463,卖盘
2297,11:26:39,13.08,--,5,6540,买盘
2298,11:26:30,13.08,--,58,75864,买盘
2299,11:26:27,13.08,0.01,32,41856,买盘
2300,11:26:24,13.07,--,54,70578,卖盘
2301,11:26:21,13.07,--,30,39210,卖盘
2302,11:26:18,13.07,--,12,15684,卖盘
2303,11:26:15,13.07,-0.01,13,16991,卖盘
2304,11:26:12,13.08,0.01,102,133416,买盘
2305,11:26:09,13.07,--,3,3921,卖盘
2306,11:26:06,13.07,-0.01,156,203892,卖盘
2307,11:26:03,13.08,0.01,13,17004,买盘
2308,11:26:00,13.07,-0.01,385,503195,卖盘
2309,11:25:57,13.08,--,45,58860,买盘
2310,11:25:54,13.08,0.01,46,60168,买盘
2311,11:25:51,13.07,--,3,3921,卖盘
2312,11:25:48,13.07,-0.01,20,26140,卖盘
2313,11:25:45,13.08,--,120,156960,买盘
2314,11:25:42,13.08,0.01,21,27468,买盘
2315,11:25:39,13.07,-0.01,68,88876,卖盘
2316,11:25:36,13.08,--,1082,1415256,买盘
2317,11:25:33,13.08,-0.01,221,290258,卖盘
2318,11:25:30,13.09,--,106,138754,买盘
2319,11:25:27,13.09,--,54,70686,买盘
2320,11:25:24,13.09,0.01,50,65450,买盘
2321,11:25:21,13.08,-0.01,22,28776,卖盘
2322,11:25:18,13.09,--,29,37961,买盘
2323,11:25:15,13.09,--,195,255255,买盘
2324,11:25:12,13.09,0.01,1,1309,买盘
2325,11:25:09,13.08,--,110,143880,卖盘
2326,11:25:06,13.08,--,22,28776,卖盘
2327,11:25:03,13.08,--,1203,1573524,卖盘
2328,11:24:57,13.08,--,212,277296,卖盘
2329,11:24:54,13.08,--,11,14388,卖盘
2330,11:24:51,13.08,-0.01,124,162192,卖盘
2331,11:24:48,13.09,--,85,111265,买盘
2332,11:24:45,13.09,0.01,39,51051,买盘
2333,11:24:42,13.08,-0.01,166,217128,卖盘
2334,11:24:39,13.09,0.01,61,79849,买盘
2335,11:24:36,13.08,--,42,54936,卖盘
2336,11:24:33,13.08,--,24,31392,卖盘
2337,11:24:27,13.08,-0.01,30,39240,卖盘
2338,11:24:24,13.09,0.01,40,52360,买盘
2339,11:24:21,13.08,--,16,20928,卖盘
2340,11:24:15,13.08,-0.01,1,1308,卖盘
2341,11:24:12,13.09,0.01,53,69377,买盘
2342,11:24:06,13.08,-0.01,2,2616,卖盘
2343,11:24:03,13.09,--,86,112574,中性盘
2344,11:24:00,13.09,--,1,1309,买盘
2345,11:23:57,13.09,--,210,274890,卖盘
2346,11:23:48,13.09,--,100,130900,卖盘
2347,11:23:45,13.09,-0.01,88,115192,卖盘
2348,11:23:42,13.1,0.01,1,1310,买盘
2349,11:23:39,13.09,--,173,226457,卖盘
2350,11:23:33,13.09,--,54,70686,卖盘
2351,11:23:30,13.09,-0.01,108,141372,卖盘
2352,11:23:27,13.1,0.01,5,6550,买盘
2353,11:23:24,13.09,--,88,115192,卖盘
2354,11:23:21,13.09,--,29,37961,卖盘
2355,11:23:18,13.09,-0.01,2,2618,卖盘
2356,11:23:15,13.1,--,4,5240,买盘
2357,11:23:12,13.1,0.01,1,1310,买盘
2358,11:23:09,13.09,--,42,54978,卖盘
2359,11:23:06,13.09,--,72,94248,卖盘
2360,11:23:03,13.09,--,50,65450,卖盘
2361,11:23:00,13.09,--,100,130900,卖盘
2362,11:22:57,13.09,-0.01,196,256564,卖盘
2363,11:22:51,13.1,--,5,6550,买盘
2364,11:22:48,13.1,0.01,5,6550,买盘
2365,11:22:45,13.09,--,18,23562,卖盘
2366,11:22:42,13.09,--,225,294525,卖盘
2367,11:22:39,13.09,-0.01,76,99484,卖盘
2368,11:22:36,13.1,0.01,98,128380,买盘
2369,11:22:33,13.09,-0.01,105,137445,卖盘
2370,11:22:30,13.1,0.01,2,2620,买盘
2371,11:22:24,13.09,--,125,163625,卖盘
2372,11:22:21,13.09,--,18,23562,卖盘
2373,11:22:18,13.09,-0.01,14,18326,卖盘
2374,11:22:15,13.1,0.01,314,411340,买盘
2375,11:22:12,13.09,--,21,27489,卖盘
2376,11:22:09,13.09,--,2,2879,卖盘
2377,11:22:06,13.09,--,2,2618,卖盘
2378,11:22:00,13.09,--,87,113883,卖盘
2379,11:21:57,13.09,--,150,196415,卖盘
2380,11:21:54,13.09,-0.01,249,325941,卖盘
2381,11:21:51,13.1,-0.01,48,62880,卖盘
2382,11:21:42,13.11,0.02,2,2622,买盘
2383,11:21:39,13.09,--,38,49742,卖盘
2384,11:21:36,13.09,-0.01,88,115192,卖盘
2385,11:21:33,13.1,--,127,166370,买盘
2386,11:21:21,13.1,0.01,33,43230,中性盘
2387,11:21:12,13.09,-0.01,185,242165,卖盘
2388,11:21:09,13.1,--,20,26200,卖盘
2389,11:21:06,13.1,0.01,91,119210,买盘
2390,11:21:03,13.09,-0.01,72,94248,卖盘
2391,11:21:00,13.1,0.01,87,113970,中性盘
2392,11:20:57,13.09,-0.01,201,263109,卖盘
2393,11:20:54,13.1,-0.02,224,293440,买盘
2394,11:20:51,13.12,0.02,30,39360,买盘
2395,11:20:48,13.1,-0.01,119,155890,卖盘
2396,11:20:45,13.11,0.01,4,5244,买盘
2397,11:20:39,13.1,--,30,39300,卖盘
2398,11:20:36,13.1,-0.01,86,112660,卖盘
2399,11:20:33,13.11,0.01,17,22287,中性盘
2400,11:20:30,13.1,-0.01,156,204360,卖盘
2401,11:20:27,13.11,--,37,48507,买盘
2402,11:20:24,13.11,--,4,5244,买盘
2403,11:20:21,13.11,--,17,22287,买盘
2404,11:20:18,13.11,--,12,15732,买盘
2405,11:20:12,13.11,--,1,1311,买盘
2406,11:20:09,13.11,0.01,43,56373,买盘
2407,11:20:06,13.1,-0.01,120,157200,卖盘
2408,11:20:03,13.11,--,10,13110,买盘
2409,11:20:00,13.11,0.02,5,6555,买盘
2410,11:19:57,13.09,-0.01,87,113883,卖盘
2411,11:19:54,13.1,--,4,5240,卖盘
2412,11:19:51,13.1,--,207,271170,卖盘
2413,11:19:45,13.1,--,6,7860,卖盘
2414,11:19:42,13.1,-0.01,15,19650,卖盘
2415,11:19:39,13.11,--,91,119301,买盘
2416,11:19:36,13.11,0.01,1,1311,买盘
2417,11:19:33,13.1,-0.01,29,37990,卖盘
2418,11:19:30,13.11,--,40,52440,卖盘
2419,11:19:27,13.11,0.01,253,331683,买盘
2420,11:19:24,13.1,--,5,6550,卖盘
2421,11:19:21,13.1,0.01,16,20960,卖盘
2422,11:19:18,13.09,--,3,3927,卖盘
2423,11:19:15,13.09,--,4,5236,卖盘
2424,11:19:09,13.09,-0.02,24,31416,卖盘
2425,11:19:06,13.11,--,24,31464,买盘
2426,11:19:03,13.11,--,57,74727,买盘
2427,11:18:57,13.11,0.03,19,24909,买盘
2428,11:18:54,13.08,-0.03,110,143880,卖盘
2429,11:18:51,13.11,0.02,66,86526,买盘
2430,11:18:48,13.09,-0.01,195,255255,卖盘
2431,11:18:45,13.1,--,84,110040,卖盘
2432,11:18:33,13.1,0.02,26,34060,买盘
2433,11:18:30,13.08,-0.01,59,77172,卖盘
2434,11:18:27,13.09,0.01,62,81158,卖盘
2435,11:18:21,13.08,-0.02,104,136032,卖盘
2436,11:18:18,13.1,--,1,1310,买盘
2437,11:18:12,13.1,-0.01,176,230560,卖盘
2438,11:18:09,13.11,--,47,61617,卖盘
2439,11:18:06,13.11,--,2,2622,卖盘
2440,11:18:03,13.11,--,1,1311,卖盘
2441,11:18:00,13.11,--,6,7866,卖盘
2442,11:17:54,13.11,0.02,108,141588,买盘
2443,11:17:51,13.09,-0.01,82,107338,卖盘
2444,11:17:48,13.1,-0.01,212,277720,卖盘
2445,11:17:42,13.11,0.01,66,86526,买盘
2446,11:17:39,13.1,0.01,10,13100,买盘
2447,11:17:36,13.09,--,6,7854,卖盘
2448,11:17:33,13.09,-0.01,38,49742,卖盘
2449,11:17:30,13.1,0.01,2,2620,买盘
2450,11:17:27,13.09,--,55,71995,卖盘
2451,11:17:24,13.09,--,5,6545,卖盘
2452,11:17:21,13.09,--,47,62360,卖盘
2453,11:17:18,13.09,0.01,20,26441,买盘
2454,11:17:15,13.08,--,88,115104,卖盘
2455,11:17:12,13.08,-0.01,64,83712,卖盘
2456,11:17:09,13.09,--,20,26180,卖盘
2457,11:17:06,13.09,0.01,29,37961,买盘
2458,11:17:03,13.08,-0.01,37,48396,卖盘
2459,11:17:00,13.09,-0.01,16,20944,卖盘
2460,11:16:57,13.1,--,5,6550,买盘
2461,11:16:54,13.1,--,1,1310,买盘
2462,11:16:51,13.1,--,153,200430,买盘
2463,11:16:48,13.1,0.01,18,23580,买盘
2464,11:16:45,13.09,-0.01,374,489566,卖盘
2465,11:16:42,13.1,--,17,22270,买盘
2466,11:16:39,13.1,0.01,53,69430,买盘
2467,11:16:33,13.09,-0.01,34,44506,卖盘
2468,11:16:27,13.1,0.01,62,81220,买盘
2469,11:16:21,13.09,--,121,158389,卖盘
2470,11:16:18,13.09,0.01,81,106029,中性盘
2471,11:16:15,13.08,--,33,43164,卖盘
2472,11:16:12,13.08,--,48,62784,卖盘
2473,11:16:09,13.08,-0.02,44,57552,卖盘
2474,11:16:06,13.1,0.01,17,22270,买盘
2475,11:16:03,13.09,-0.01,13,17017,卖盘
2476,11:16:00,13.1,0.01,22,28820,买盘
2477,11:15:57,13.09,-0.01,64,83776,卖盘
2478,11:15:51,13.1,0.02,2,2620,买盘
2479,11:15:48,13.08,--,116,151728,卖盘
2480,11:15:45,13.08,-0.01,179,234132,卖盘
2481,11:15:42,13.09,-0.01,3,3927,卖盘
2482,11:15:39,13.1,--,29,37990,卖盘
2483,11:15:36,13.1,0.02,1,1310,中性盘
2484,11:15:33,13.08,--,35,45780,卖盘
2485,11:15:27,13.08,-0.03,101,132108,卖盘
2486,11:15:24,13.11,0.01,370,485070,买盘
2487,11:15:21,13.1,--,25,32750,买盘
2488,11:15:18,13.1,--,75,98250,卖盘
2489,11:15:15,13.1,--,1,1310,卖盘
2490,11:15:12,13.1,0.02,27,35370,买盘
2491,11:15:06,13.08,--,71,92868,卖盘
2492,11:15:03,13.08,-0.02,124,162192,卖盘
2493,11:15:00,13.1,0.01,23,30130,中性盘
2494,11:14:57,13.09,-0.01,91,119119,卖盘
2495,11:14:54,13.1,--,25,32750,卖盘
2496,11:14:51,13.1,-0.01,159,208290,卖盘
2497,11:14:48,13.11,0.01,6,7866,买盘
2498,11:14:45,13.1,--,12,15720,卖盘
2499,11:14:42,13.1,-0.01,199,260690,卖盘
2500,11:14:39,13.11,--,7,9177,买盘
2501,11:14:36,13.11,0.01,54,70794,买盘
2502,11:14:33,13.1,-0.01,30,39300,卖盘
2503,11:14:30,13.11,--,50,65550,买盘
2504,11:14:27,13.11,0.01,30,39330,买盘
2505,11:14:24,13.1,--,42,55020,卖盘
2506,11:14:21,13.1,-0.01,24,31440,卖盘
2507,11:14:15,13.11,0.01,5,6555,买盘
2508,11:14:12,13.1,--,3,3930,卖盘
2509,11:14:09,13.1,--,2,2620,卖盘
2510,11:14:06,13.1,0.01,294,385140,买盘
2511,11:14:03,13.09,--,5,6545,买盘
2512,11:14:00,13.09,--,1,1309,买盘
2513,11:13:57,13.09,0.01,3,3927,买盘
2514,11:13:54,13.08,-0.01,11,14388,卖盘
2515,11:13:51,13.09,0.01,101,132209,买盘
2516,11:13:48,13.08,--,30,39240,卖盘
2517,11:13:45,13.08,-0.02,195,255060,卖盘
2518,11:13:42,13.1,--,1,1310,买盘
2519,11:13:39,13.1,--,5,6550,买盘
2520,11:13:36,13.1,0.01,31,40610,买盘
2521,11:13:33,13.09,--,33,43197,卖盘
2522,11:13:27,13.09,--,42,54978,卖盘
2523,11:13:24,13.09,--,41,53669,卖盘
2524,11:13:21,13.09,--,16,20944,卖盘
2525,11:13:18,13.09,--,1,1309,卖盘
2526,11:13:15,13.09,0.01,52,68068,买盘
2527,11:13:12,13.08,--,55,71940,卖盘
2528,11:13:09,13.08,-0.01,200,261600,卖盘
2529,11:13:06,13.09,--,119,155771,买盘
2530,11:13:03,13.09,0.01,118,154462,买盘
2531,11:13:00,13.08,--,35,45780,卖盘
2532,11:12:57,13.08,--,47,61476,卖盘
2533,11:12:54,13.08,-0.01,22,28776,卖盘
2534,11:12:48,13.09,0.01,20,26180,买盘
2535,11:12:45,13.08,--,89,116412,卖盘
2536,11:12:42,13.08,-0.01,230,300840,卖盘
2537,11:12:39,13.09,--,7,9163,买盘
2538,11:12:36,13.09,--,12,15708,买盘
2539,11:12:33,13.09,0.01,30,39270,买盘
2540,11:12:30,13.08,--,33,43164,卖盘
2541,11:12:27,13.08,-0.01,45,58860,卖盘
2542,11:12:24,13.09,--,50,65450,买盘
2543,11:12:21,13.09,0.01,42,54978,买盘
2544,11:12:18,13.08,--,13,17004,卖盘
2545,11:12:15,13.08,--,1,1308,卖盘
2546,11:12:12,13.08,-0.01,3,3924,卖盘
2547,11:12:09,13.09,--,31,40579,买盘
2548,11:12:06,13.09,--,5,6545,买盘
2549,11:12:03,13.09,0.01,98,128282,买盘
2550,11:12:00,13.08,--,1,1308,卖盘
2551,11:11:57,13.08,-0.01,7,9156,卖盘
2552,11:11:51,13.09,0.02,100,130900,买盘
2553,11:11:48,13.07,--,104,135928,卖盘
2554,11:11:45,13.07,--,6,7842,卖盘
2555,11:11:42,13.07,--,1,1307,卖盘
2556,11:11:39,13.07,-0.01,190,248330,卖盘
2557,11:11:36,13.08,--,2,2616,卖盘
2558,11:11:33,13.08,0.01,1,1308,中性盘
2559,11:11:27,13.07,--,30,39210,卖盘
2560,11:11:24,13.07,-0.01,40,52280,卖盘
2561,11:11:21,13.08,--,17,22236,卖盘
2562,11:11:18,13.08,--,3,3924,卖盘
2563,11:11:12,13.08,--,35,45780,卖盘
2564,11:11:06,13.08,--,311,406788,卖盘
2565,11:11:03,13.08,--,44,57552,卖盘
2566,11:11:00,13.08,--,14,18312,买盘
2567,11:10:57,13.08,--,86,112488,买盘
2568,11:10:54,13.08,--,132,172656,买盘
2569,11:10:51,13.08,--,25,32700,买盘
2570,11:10:48,13.08,0.01,120,156960,买盘
2571,11:10:45,13.07,--,2,2614,卖盘
2572,11:10:42,13.07,--,2,2614,卖盘
2573,11:10:39,13.07,-0.01,226,295382,卖盘
2574,11:10:33,13.08,--,25,33484,卖盘
2575,11:10:30,13.08,-0.01,120,156960,卖盘
2576,11:10:27,13.09,0.01,11,14399,买盘
2577,11:10:24,13.08,-0.01,50,65400,卖盘
2578,11:10:21,13.09,0.01,27,35343,买盘
2579,11:10:18,13.08,-0.01,60,78480,卖盘
2580,11:10:15,13.09,--,119,155771,买盘
2581,11:10:12,13.09,0.01,6,7854,中性盘
2582,11:10:09,13.08,--,12,15696,卖盘
2583,11:10:06,13.08,--,12,15696,卖盘
2584,11:10:03,13.08,-0.02,41,53628,卖盘
2585,11:10:00,13.1,--,2,2620,买盘
2586,11:09:57,13.1,--,173,227154,买盘
2587,11:09:54,13.1,--,5,6550,买盘
2588,11:09:51,13.1,--,16,20960,买盘
2589,11:09:48,13.1,0.02,35,45850,买盘
2590,11:09:45,13.08,--,98,128184,卖盘
2591,11:09:42,13.08,--,17,22236,买盘
2592,11:09:39,13.08,0.01,320,418560,买盘
2593,11:09:36,13.07,-0.01,52,67964,卖盘
2594,11:09:33,13.08,0.01,18,23544,买盘
2595,11:09:27,13.07,0.01,86,112402,买盘
2596,11:09:24,13.06,-0.01,30,39180,卖盘
2597,11:09:21,13.07,--,125,163375,买盘
2598,11:09:18,13.07,-0.01,110,143770,卖盘
2599,11:09:15,13.08,-0.01,158,206664,卖盘
2600,11:09:12,13.09,--,1,1309,买盘
2601,11:09:09,13.09,0.01,272,356048,买盘
2602,11:09:06,13.08,-0.01,51,66708,卖盘
2603,11:09:03,13.09,0.01,14,18326,买盘
2604,11:09:00,13.08,--,53,69324,卖盘
2605,11:08:57,13.08,--,45,58860,卖盘
2606,11:08:54,13.08,--,72,94176,买盘
2607,11:08:51,13.08,--,39,51012,买盘
2608,11:08:48,13.08,0.02,25,32700,买盘
2609,11:08:45,13.06,-0.01,98,127988,卖盘
2610,11:08:39,13.07,-0.01,157,205199,卖盘
2611,11:08:36,13.08,--,474,619992,卖盘
2612,11:08:33,13.08,-0.01,8,10464,卖盘
2613,11:08:30,13.09,0.01,7,9163,买盘
2614,11:08:27,13.08,0.01,14,18312,卖盘
2615,11:08:24,13.07,-0.01,63,82341,卖盘
2616,11:08:21,13.08,--,210,274680,买盘
2617,11:08:18,13.08,--,47,61476,买盘
2618,11:08:15,13.08,--,41,53628,买盘
2619,11:08:06,13.08,--,32,42379,买盘
2620,11:08:03,13.08,--,24,31392,买盘
2621,11:08:00,13.08,0.01,14,18312,买盘
2622,11:07:57,13.07,-0.01,55,71885,卖盘
2623,11:07:54,13.08,--,2,2616,买盘
2624,11:07:51,13.08,--,98,128184,买盘
2625,11:07:48,13.08,--,21,27468,买盘
2626,11:07:45,13.08,--,61,79788,买盘
2627,11:07:42,13.08,--,185,241980,买盘
2628,11:07:39,13.08,--,151,197508,买盘
2629,11:07:36,13.08,--,241,315228,买盘
2630,11:07:33,13.08,--,13,17004,买盘
2631,11:07:30,13.08,--,15,19620,买盘
2632,11:07:27,13.08,--,30,39240,买盘
2633,11:07:24,13.08,0.01,35,45780,买盘
2634,11:07:21,13.07,--,22,28754,卖盘
2635,11:07:18,13.07,--,95,124165,卖盘
2636,11:07:15,13.07,--,1,1307,卖盘
2637,11:07:12,13.07,-0.01,4,5228,卖盘
2638,11:07:09,13.08,0.01,44,57552,买盘
2639,11:07:06,13.07,--,55,71885,卖盘
2640,11:07:03,13.07,0.01,972,1270404,买盘
2641,11:07:00,13.06,--,137,178922,卖盘
2642,11:06:57,13.06,-0.01,16,20896,卖盘
2643,11:06:54,13.07,--,5,6535,买盘
2644,11:06:51,13.07,--,74,96718,买盘
2645,11:06:45,13.07,0.01,32,41824,买盘
2646,11:06:42,13.06,--,48,62688,买盘
2647,11:06:39,13.06,0.01,24,31344,买盘
2648,11:06:36,13.05,-0.01,92,120060,卖盘
2649,11:06:33,13.06,-0.01,335,437510,卖盘
2650,11:06:30,13.07,0.02,3,3921,买盘
2651,11:06:24,13.05,-0.02,45,58725,卖盘
2652,11:06:21,13.07,0.02,199,260093,买盘
2653,11:06:18,13.05,-0.01,54,70470,卖盘
2654,11:06:15,13.06,0.01,23,30038,买盘
2655,11:06:12,13.05,-0.01,219,285795,卖盘
2656,11:06:09,13.06,0.01,23,30038,买盘
2657,11:06:06,13.05,-0.01,369,481545,卖盘
2658,11:06:03,13.06,--,6,7836,买盘
2659,11:06:00,13.06,0.01,155,202430,买盘
2660,11:05:57,13.05,-0.01,44,57420,卖盘
2661,11:05:54,13.06,--,709,925954,卖盘
2662,11:05:48,13.06,--,13,16978,卖盘
2663,11:05:45,13.06,--,56,73136,卖盘
2664,11:05:42,13.06,-0.01,125,163250,卖盘
2665,11:05:39,13.07,0.01,30,39210,买盘
2666,11:05:36,13.06,--,83,108398,卖盘
2667,11:05:33,13.06,-0.01,212,276872,卖盘
2668,11:05:27,13.07,0.01,12,15684,买盘
2669,11:05:24,13.06,-0.01,32,41792,卖盘
2670,11:05:21,13.07,0.01,428,559396,买盘
2671,11:05:18,13.06,--,14,18284,买盘
2672,11:05:15,13.06,--,40,52240,买盘
2673,11:05:09,13.06,--,55,71830,卖盘
2674,11:05:06,13.06,-0.01,72,94032,卖盘
2675,11:05:03,13.07,0.01,3,3921,买盘
2676,11:05:00,13.06,--,41,53546,卖盘
2677,11:04:57,13.06,--,35,45710,卖盘
2678,11:04:54,13.06,--,9,11754,卖盘
2679,11:04:51,13.06,-0.01,180,235080,卖盘
2680,11:04:48,13.07,0.01,64,83648,买盘
2681,11:04:45,13.06,--,81,105786,卖盘
2682,11:04:42,13.06,--,33,43098,卖盘
2683,11:04:39,13.06,--,41,53546,买盘
2684,11:04:36,13.06,--,207,270342,卖盘
2685,11:04:33,13.06,--,65,84890,卖盘
2686,11:04:30,13.06,-0.01,183,238998,卖盘
2687,11:04:27,13.07,0.01,148,193436,买盘
2688,11:04:24,13.06,--,148,193288,买盘
2689,11:04:21,13.06,--,338,441428,卖盘
2690,11:04:18,13.06,--,104,135824,卖盘
2691,11:04:12,13.06,-0.01,47,61382,卖盘
2692,11:04:09,13.07,--,31,40517,卖盘
2693,11:04:03,13.07,0.01,60,78420,买盘
2694,11:04:00,13.06,--,30,39180,卖盘
2695,11:03:57,13.06,--,123,160638,卖盘
2696,11:03:54,13.06,--,26,33956,卖盘
2697,11:03:51,13.06,-0.01,110,143660,卖盘
2698,11:03:45,13.07,0.01,36,47052,买盘
2699,11:03:42,13.06,--,6,7836,卖盘
2700,11:03:39,13.06,-0.02,102,133212,卖盘
2701,11:03:36,13.08,0.02,200,261600,买盘
2702,11:03:33,13.06,-0.02,21,27426,卖盘
2703,11:03:30,13.08,0.02,100,130800,买盘
2704,11:03:27,13.06,--,220,287320,卖盘
2705,11:03:21,13.06,-0.01,32,41792,卖盘
2706,11:03:18,13.07,-0.01,16,20912,卖盘
2707,11:03:15,13.08,0.01,23,30084,买盘
2708,11:03:12,13.07,0.01,3,3921,中性盘
2709,11:03:06,13.06,-0.02,136,177616,卖盘
2710,11:03:00,13.08,--,854,1117032,买盘
2711,11:02:57,13.08,0.02,1,1308,买盘
2712,11:02:54,13.06,--,1,1306,卖盘
2713,11:02:48,13.06,--,10,13060,卖盘
2714,11:02:45,13.06,-0.02,106,138436,卖盘
2715,11:02:42,13.08,0.01,203,265524,买盘
2716,11:02:39,13.07,--,15,19605,卖盘
2717,11:02:36,13.07,-0.01,110,143770,卖盘
2718,11:02:33,13.08,0.02,43,56244,买盘
2719,11:02:30,13.06,--,202,263812,卖盘
2720,11:02:27,13.06,--,29,37874,卖盘
2721,11:02:21,13.06,--,16,20896,卖盘
2722,11:02:18,13.06,--,19,24814,卖盘
2723,11:02:15,13.06,-0.02,17,22202,卖盘
2724,11:02:12,13.08,0.02,258,337464,买盘
2725,11:02:06,13.06,--,35,45710,卖盘
2726,11:02:03,13.06,--,16,20896,卖盘
2727,11:02:00,13.06,-0.01,13,16978,卖盘
2728,11:01:57,13.07,0.01,3,3921,买盘
2729,11:01:54,13.06,--,8,10448,卖盘
2730,11:01:51,13.06,--,34,44404,卖盘
2731,11:01:48,13.06,--,26,33956,卖盘
2732,11:01:45,13.06,--,14,18284,卖盘
2733,11:01:42,13.06,--,98,127988,卖盘
2734,11:01:39,13.06,--,71,92726,买盘
2735,11:01:36,13.06,--,102,133212,卖盘
2736,11:01:33,13.06,-0.01,171,223326,卖盘
2737,11:01:30,13.07,0.01,171,223497,买盘
2738,11:01:27,13.06,--,236,308216,卖盘
2739,11:01:24,13.06,--,224,292544,买盘
2740,11:01:21,13.06,--,59,77054,买盘
2741,11:01:18,13.06,--,19,24814,买盘
2742,11:01:15,13.06,--,110,143660,买盘
2743,11:01:12,13.06,0.01,10,13060,买盘
2744,11:01:09,13.05,-0.01,86,112230,卖盘
2745,11:01:06,13.06,--,17,22202,买盘
2746,11:01:03,13.06,--,1,1306,买盘
2747,11:01:00,13.06,0.01,10,13060,买盘
2748,11:00:57,13.05,-0.01,164,214020,卖盘
2749,11:00:54,13.06,--,13,16978,买盘
2750,11:00:51,13.06,0.01,9,11754,买盘
2751,11:00:48,13.05,--,82,107010,卖盘
