,time,price,change,volume,amount,type
0,15:00:03,10.29,--,3514,3615905,卖盘
1,14:57:00,10.29,--,75,77175,卖盘
2,14:56:57,10.29,--,45,46304,卖盘
3,14:56:54,10.29,--,84,86436,卖盘
4,14:56:48,10.29,--,20,20580,卖盘
5,14:56:45,10.29,--,10,10290,卖盘
6,14:56:42,10.29,--,15,15434,卖盘
7,14:56:36,10.29,-0.01,62,63797,卖盘
8,14:56:33,10.3,0.01,99,101970,买盘
9,14:56:30,10.29,-0.01,18,18522,卖盘
10,14:56:27,10.3,--,135,139050,买盘
11,14:56:24,10.3,0.01,331,340930,买盘
12,14:56:21,10.29,--,232,238727,卖盘
13,14:56:18,10.29,-0.01,8,8232,卖盘
14,14:56:12,10.3,--,44,45320,买盘
15,14:56:09,10.3,--,41,42230,买盘
16,14:56:06,10.3,--,505,520150,买盘
17,14:56:03,10.3,--,412,424360,卖盘
18,14:56:00,10.3,-0.01,20,20600,卖盘
19,14:55:57,10.31,0.01,14,14434,买盘
20,14:55:51,10.3,-0.01,10,10300,卖盘
21,14:55:48,10.31,0.01,120,123720,买盘
22,14:55:45,10.3,--,4,4120,卖盘
23,14:55:42,10.3,-0.01,18,18540,卖盘
24,14:55:39,10.31,0.01,12,12372,买盘
25,14:55:33,10.3,--,27,27810,卖盘
26,14:55:30,10.3,--,81,83430,卖盘
27,14:55:27,10.3,--,107,110210,卖盘
28,14:55:24,10.3,-0.01,20,20600,卖盘
29,14:55:21,10.31,0.01,1,1031,买盘
30,14:55:18,10.3,--,85,87550,卖盘
31,14:55:15,10.3,--,139,143170,买盘
32,14:55:12,10.3,--,107,110210,买盘
33,14:55:09,10.3,--,14,14420,买盘
34,14:55:06,10.3,--,29,29870,买盘
35,14:55:03,10.3,0.01,200,206000,买盘
36,14:54:51,10.29,--,15,15434,卖盘
37,14:54:45,10.29,--,4,4116,卖盘
38,14:54:42,10.29,-0.01,71,73059,卖盘
39,14:54:39,10.3,--,235,242050,买盘
40,14:54:36,10.3,0.01,8,8240,买盘
41,14:54:33,10.29,-0.01,100,102899,卖盘
42,14:54:30,10.3,0.01,17,17510,买盘
43,14:54:21,10.29,-0.01,30,30869,卖盘
44,14:54:18,10.3,--,25,25750,买盘
45,14:54:12,10.3,0.01,2,2060,买盘
46,14:54:09,10.29,-0.01,111,114218,卖盘
47,14:54:03,10.3,--,1,1030,买盘
48,14:54:00,10.3,--,102,105060,买盘
49,14:53:57,10.3,--,153,157590,买盘
50,14:53:54,10.3,0.01,7,7210,买盘
51,14:53:51,10.29,--,22,22637,卖盘
52,14:53:45,10.29,--,12,12347,卖盘
53,14:53:42,10.29,--,11,11318,卖盘
54,14:53:39,10.29,-0.01,5,5145,卖盘
55,14:53:36,10.3,--,20,20600,买盘
56,14:53:30,10.3,--,580,597400,卖盘
57,14:53:24,10.3,--,8,8240,卖盘
58,14:53:21,10.3,-0.01,30,30900,卖盘
59,14:53:12,10.31,0.01,97,100007,买盘
60,14:53:09,10.3,-0.01,6,6180,卖盘
61,14:53:06,10.31,0.01,30,30930,买盘
62,14:53:03,10.3,--,28,28840,卖盘
63,14:52:54,10.3,--,13,13390,卖盘
64,14:52:51,10.3,--,69,71070,卖盘
65,14:52:48,10.3,--,20,20600,卖盘
66,14:52:45,10.3,--,25,25750,卖盘
67,14:52:42,10.3,--,11,11330,卖盘
68,14:52:39,10.3,-0.01,100,103000,卖盘
69,14:52:36,10.31,--,5,5155,买盘
70,14:52:33,10.31,--,17,17527,买盘
71,14:52:30,10.31,0.01,1,1031,买盘
72,14:52:27,10.3,--,68,70040,卖盘
73,14:52:24,10.3,-0.01,123,126690,卖盘
74,14:52:21,10.31,--,19,19589,买盘
75,14:52:18,10.31,--,12,12372,买盘
76,14:52:15,10.31,--,10,10310,买盘
77,14:52:09,10.31,0.01,50,51550,买盘
78,14:52:06,10.3,-0.01,40,41200,卖盘
79,14:52:00,10.31,--,130,134030,买盘
80,14:51:57,10.31,0.01,20,20620,买盘
81,14:51:54,10.3,-0.01,207,213210,卖盘
82,14:51:48,10.31,--,1,1031,卖盘
83,14:51:45,10.31,--,1,1031,卖盘
84,14:51:33,10.31,--,30,30930,卖盘
85,14:51:24,10.31,--,339,349581,买盘
86,14:51:21,10.31,0.01,54,55674,买盘
87,14:51:18,10.3,-0.01,294,302820,卖盘
88,14:51:12,10.31,0.01,8,8248,买盘
89,14:51:09,10.3,-0.01,11,11330,卖盘
90,14:51:06,10.31,--,1,1031,买盘
91,14:51:03,10.31,-0.01,503,518593,卖盘
92,14:51:00,10.32,--,12,12384,买盘
93,14:50:57,10.32,--,3,3096,买盘
94,14:50:48,10.32,--,26,26832,买盘
95,14:50:45,10.32,0.01,10,10320,买盘
96,14:50:39,10.31,--,135,139185,卖盘
97,14:50:36,10.31,-0.01,52,53612,卖盘
98,14:50:33,10.32,0.01,1,1032,买盘
99,14:50:30,10.31,--,40,41240,卖盘
100,14:50:24,10.31,-0.01,17,17527,卖盘
101,14:50:21,10.32,--,12,12384,买盘
102,14:50:18,10.32,0.01,15,15480,买盘
103,14:50:15,10.31,--,4,4124,卖盘
104,14:50:12,10.31,--,90,92790,卖盘
105,14:50:03,10.31,-0.01,13,13403,卖盘
106,14:50:00,10.32,--,10,10320,买盘
107,14:49:57,10.32,0.01,50,51600,买盘
108,14:49:33,10.31,-0.01,20,20620,卖盘
109,14:49:30,10.32,0.01,4,4128,买盘
110,14:49:27,10.31,-0.01,10,10310,卖盘
111,14:49:24,10.32,0.01,90,92880,买盘
112,14:49:18,10.31,--,21,21651,卖盘
113,14:49:15,10.31,-0.01,4,4124,卖盘
114,14:49:03,10.32,--,3,3096,买盘
115,14:49:00,10.32,--,58,59856,买盘
116,14:48:57,10.32,--,551,568632,卖盘
117,14:48:51,10.32,-0.01,51,52632,卖盘
118,14:48:48,10.33,0.01,23,23759,买盘
119,14:48:45,10.32,-0.01,123,126936,卖盘
120,14:48:42,10.33,0.01,100,103300,买盘
121,14:48:36,10.32,-0.01,191,197112,卖盘
122,14:48:27,10.33,--,16,16528,买盘
123,14:48:24,10.33,--,14,14462,买盘
124,14:48:12,10.33,0.01,78,80574,买盘
125,14:48:09,10.32,-0.01,173,178536,卖盘
126,14:48:00,10.33,0.01,94,97102,买盘
127,14:47:57,10.32,-0.01,104,107328,卖盘
128,14:47:51,10.33,--,46,47518,买盘
129,14:47:42,10.33,--,29,29957,卖盘
130,14:47:39,10.33,--,4,4132,买盘
131,14:47:33,10.33,--,2,2066,买盘
132,14:47:30,10.33,--,5,5165,买盘
133,14:47:24,10.33,--,30,30990,买盘
134,14:47:21,10.33,--,10,10330,买盘
135,14:47:15,10.33,--,20,20660,买盘
136,14:47:12,10.33,--,3,3099,买盘
137,14:47:09,10.33,--,9,9297,买盘
138,14:47:06,10.33,0.01,125,129125,买盘
139,14:47:03,10.32,-0.01,115,118680,卖盘
140,14:47:00,10.33,--,92,95036,买盘
141,14:46:57,10.33,--,6,6198,买盘
142,14:46:54,10.33,--,30,30990,买盘
143,14:46:51,10.33,--,29,29957,买盘
144,14:46:48,10.33,--,13,13429,买盘
145,14:46:45,10.33,--,50,51650,买盘
146,14:46:42,10.33,0.01,30,30990,买盘
147,14:46:39,10.32,--,34,35088,卖盘
148,14:46:36,10.32,-0.01,20,20640,卖盘
149,14:46:30,10.33,--,16,16528,买盘
150,14:46:27,10.33,--,30,30990,买盘
151,14:46:24,10.33,--,1,1033,买盘
152,14:46:21,10.33,--,9,9297,买盘
153,14:46:18,10.33,--,10,10330,买盘
154,14:46:15,10.33,--,12,12396,买盘
155,14:46:09,10.33,--,15,15495,买盘
156,14:45:57,10.33,0.01,9,9297,买盘
157,14:45:54,10.32,-0.01,1,1032,卖盘
158,14:45:51,10.33,--,17,17561,买盘
159,14:45:48,10.33,--,10,10330,买盘
160,14:45:42,10.33,--,10,10330,买盘
161,14:45:33,10.33,--,2,2066,买盘
162,14:45:24,10.33,0.01,2,2066,买盘
163,14:45:21,10.32,-0.01,71,73272,卖盘
164,14:45:18,10.33,--,10,10330,买盘
165,14:45:15,10.33,--,2,2066,买盘
166,14:45:12,10.33,0.01,4,4132,买盘
167,14:45:03,10.32,-0.01,26,26832,卖盘
168,14:45:00,10.33,0.01,3,3099,买盘
169,14:44:54,10.32,--,31,31992,卖盘
170,14:44:51,10.32,0.01,630,650160,买盘
171,14:44:45,10.31,-0.01,13,13403,卖盘
172,14:44:42,10.32,--,2,2064,买盘
173,14:44:36,10.32,0.01,20,20640,买盘
174,14:44:33,10.31,--,69,71139,卖盘
175,14:44:30,10.31,--,2,2062,卖盘
176,14:44:21,10.31,-0.01,10,10310,卖盘
177,14:44:18,10.32,--,12,12384,买盘
178,14:44:15,10.32,--,5,5160,买盘
179,14:44:12,10.32,--,10,10320,买盘
180,14:44:09,10.32,0.01,2,2064,买盘
181,14:44:00,10.31,0.01,25,26187,买盘
182,14:43:57,10.3,-0.01,93,95790,卖盘
183,14:43:48,10.31,-0.01,14,15052,卖盘
184,14:43:45,10.32,0.01,10,10320,买盘
185,14:43:36,10.31,--,100,103100,卖盘
186,14:43:33,10.31,-0.01,205,211355,卖盘
187,14:43:30,10.32,--,1,1032,买盘
188,14:43:27,10.32,--,5,5160,买盘
189,14:43:24,10.32,--,20,20640,买盘
190,14:43:21,10.32,--,35,36120,买盘
191,14:43:18,10.32,0.01,1,1032,买盘
192,14:43:15,10.31,--,5,5155,卖盘
193,14:43:12,10.31,-0.01,100,103100,卖盘
194,14:43:09,10.32,--,2,2064,买盘
195,14:43:00,10.32,--,25,25800,买盘
196,14:42:57,10.32,0.01,5,5160,买盘
197,14:42:39,10.31,-0.01,55,56705,卖盘
198,14:42:33,10.32,--,10,10320,买盘
199,14:42:30,10.32,0.01,1,1032,买盘
200,14:42:27,10.31,-0.01,1,1031,卖盘
201,14:42:24,10.32,--,18,18576,买盘
202,14:42:21,10.32,0.01,5,5160,买盘
203,14:42:15,10.31,-0.01,140,144340,卖盘
204,14:42:12,10.32,--,10,10320,买盘
205,14:42:09,10.32,--,1,1032,买盘
206,14:42:06,10.32,--,2,2064,买盘
207,14:42:00,10.32,0.01,8,8256,卖盘
208,14:41:54,10.31,-0.01,100,103100,卖盘
209,14:41:51,10.32,--,82,85036,买盘
210,14:41:48,10.32,0.01,10,10320,买盘
211,14:41:39,10.31,--,30,30930,卖盘
212,14:41:36,10.31,--,79,81449,买盘
213,14:41:33,10.31,--,1,1031,买盘
214,14:41:30,10.31,--,5,5155,买盘
215,14:41:27,10.31,--,25,25775,买盘
216,14:41:24,10.31,-0.01,390,402090,卖盘
217,14:41:21,10.32,--,2,2064,买盘
218,14:41:18,10.32,--,237,244584,买盘
219,14:41:15,10.32,--,1,1032,买盘
220,14:41:09,10.32,--,280,289579,卖盘
221,14:41:03,10.32,-0.01,55,57172,卖盘
222,14:41:00,10.33,0.01,10,10330,买盘
223,14:40:57,10.32,--,113,116616,买盘
224,14:40:54,10.32,0.01,100,103200,买盘
225,14:40:48,10.31,-0.01,3,3093,卖盘
226,14:40:45,10.32,0.01,110,113520,卖盘
227,14:40:42,10.31,--,274,282494,卖盘
228,14:40:39,10.31,-0.02,1,1031,卖盘
229,14:40:36,10.33,0.02,10,10330,买盘
230,14:40:33,10.31,-0.01,12,12372,卖盘
231,14:40:30,10.32,--,102,105264,买盘
232,14:40:27,10.32,--,12,12384,买盘
233,14:40:24,10.32,0.01,340,350880,买盘
234,14:40:15,10.31,-0.01,37,38147,卖盘
235,14:40:12,10.32,0.01,59,60888,买盘
236,14:40:03,10.31,-0.01,200,206200,卖盘
237,14:40:00,10.32,--,60,61920,买盘
238,14:39:57,10.32,0.01,86,88752,买盘
239,14:39:51,10.31,--,11,11341,卖盘
240,14:39:48,10.31,--,1,1031,卖盘
241,14:39:42,10.31,-0.01,8,8248,卖盘
242,14:39:39,10.32,0.01,2,2064,买盘
243,14:39:36,10.31,--,71,73201,卖盘
244,14:39:27,10.31,--,13,13403,卖盘
245,14:39:24,10.31,-0.01,5,5155,卖盘
246,14:39:21,10.32,--,100,103200,买盘
247,14:39:15,10.32,--,4,4128,买盘
248,14:39:06,10.32,0.02,18,18576,买盘
249,14:39:03,10.3,0.01,161,166262,买盘
250,14:39:00,10.29,--,712,732647,买盘
251,14:38:45,10.29,--,25,25724,买盘
252,14:38:42,10.29,--,20,20580,买盘
253,14:38:39,10.29,--,11,11318,买盘
254,14:38:36,10.29,--,3,3086,买盘
255,14:38:27,10.29,-0.03,1101,1132929,卖盘
256,14:38:24,10.32,--,10,10320,买盘
257,14:38:21,10.32,--,2,2064,买盘
258,14:38:12,10.32,0.01,1,1032,买盘
259,14:38:09,10.31,-0.01,5,5155,卖盘
260,14:38:06,10.32,0.01,5,5160,买盘
261,14:38:03,10.31,-0.01,47,48457,中性盘
262,14:37:54,10.32,0.01,115,118680,买盘
263,14:37:51,10.31,--,8,8248,买盘
264,14:37:39,10.31,--,2,2062,买盘
265,14:37:36,10.31,--,1,1031,买盘
266,14:37:33,10.31,0.01,28,28868,中性盘
267,14:37:30,10.3,-0.02,106,109180,卖盘
268,14:37:24,10.32,--,30,30960,买盘
269,14:37:15,10.32,--,1,1032,买盘
270,14:37:12,10.32,0.01,141,145512,买盘
271,14:37:09,10.31,--,40,41240,卖盘
272,14:37:06,10.31,0.01,116,119596,买盘
273,14:37:00,10.3,--,30,30900,卖盘
274,14:36:48,10.3,-0.01,5,5150,卖盘
275,14:36:45,10.31,--,5,5155,买盘
276,14:36:42,10.31,0.01,10,10310,买盘
277,14:36:27,10.3,-0.01,1,1030,卖盘
278,14:36:24,10.31,0.01,10,10310,买盘
279,14:36:12,10.3,0.01,25,25750,买盘
280,14:36:06,10.29,--,11,11318,买盘
281,14:36:00,10.29,-0.02,643,661647,卖盘
282,14:35:57,10.31,0.01,10,10310,买盘
283,14:35:54,10.3,-0.01,2,2060,卖盘
284,14:35:48,10.31,--,10,10310,买盘
285,14:35:45,10.31,--,5,5155,买盘
286,14:35:39,10.31,--,3,3093,买盘
287,14:35:36,10.31,--,6,6186,买盘
288,14:35:33,10.31,--,20,20620,买盘
289,14:35:30,10.31,--,149,153619,卖盘
290,14:35:27,10.31,--,10,10310,卖盘
291,14:35:15,10.31,-0.01,20,20620,卖盘
292,14:35:12,10.32,--,47,48504,买盘
293,14:35:09,10.32,0.01,38,39216,买盘
294,14:35:03,10.31,--,45,46395,卖盘
295,14:35:00,10.31,--,32,32992,卖盘
296,14:34:54,10.31,-0.01,39,40209,卖盘
297,14:34:51,10.32,0.01,9,9288,买盘
298,14:34:48,10.31,-0.01,10,10310,卖盘
299,14:34:45,10.32,0.01,110,113520,买盘
300,14:34:42,10.31,--,50,51550,卖盘
301,14:34:39,10.31,--,80,82480,卖盘
302,14:34:33,10.31,-0.01,19,19589,卖盘
303,14:34:24,10.32,0.01,28,28896,买盘
304,14:34:21,10.31,-0.01,7,7217,卖盘
305,14:34:12,10.32,--,10,10320,买盘
306,14:34:06,10.32,--,20,20640,买盘
307,14:34:03,10.32,--,32,33024,买盘
308,14:33:54,10.32,--,34,35088,买盘
309,14:33:51,10.32,--,24,24768,买盘
310,14:33:48,10.32,0.01,4,4128,买盘
311,14:33:45,10.31,--,34,35054,卖盘
312,14:33:36,10.31,-0.01,10,10310,卖盘
313,14:33:33,10.32,--,12,12384,买盘
314,14:33:27,10.32,0.01,3,3096,买盘
315,14:33:24,10.31,-0.01,14,14434,卖盘
316,14:33:21,10.32,--,11,11352,买盘
317,14:33:12,10.32,--,11,11352,买盘
318,14:33:09,10.32,--,2,2064,买盘
319,14:33:06,10.32,--,122,125904,卖盘
320,14:33:03,10.32,--,10,10320,卖盘
321,14:33:00,10.32,--,48,49536,买盘
322,14:32:57,10.32,0.01,10,10320,买盘
323,14:32:54,10.31,-0.01,16,16496,卖盘
324,14:32:51,10.32,--,20,20640,买盘
325,14:32:48,10.32,0.01,19,19608,买盘
326,14:32:45,10.31,-0.01,90,92790,卖盘
327,14:32:39,10.32,0.01,11,11352,买盘
328,14:32:36,10.31,0.01,119,122689,买盘
329,14:32:30,10.3,-0.01,100,103000,卖盘
330,14:32:27,10.31,--,10,10310,买盘
331,14:32:24,10.31,--,4,4124,买盘
332,14:32:21,10.31,0.01,70,72170,买盘
333,14:32:09,10.3,--,5,5150,卖盘
334,14:32:06,10.3,-0.01,1,1030,卖盘
335,14:32:03,10.31,0.01,22,22682,买盘
336,14:32:00,10.3,-0.01,5,5150,卖盘
337,14:31:57,10.31,--,19,19589,买盘
338,14:31:54,10.31,0.03,1,1031,买盘
339,14:31:51,10.28,-0.02,750,771000,卖盘
340,14:31:48,10.3,--,50,51500,买盘
341,14:31:45,10.3,--,7,7210,买盘
342,14:31:39,10.3,--,20,20600,买盘
343,14:31:36,10.3,--,21,21630,买盘
344,14:31:30,10.3,--,120,123600,买盘
345,14:31:21,10.3,0.01,15,15450,买盘
346,14:31:15,10.29,--,90,92609,卖盘
347,14:31:12,10.29,--,143,147352,买盘
348,14:31:09,10.29,--,356,366323,买盘
349,14:31:06,10.29,0.01,19,19551,买盘
350,14:31:03,10.28,--,12,12336,卖盘
351,14:31:00,10.28,--,18,18504,卖盘
352,14:30:51,10.28,-0.01,17,17476,卖盘
353,14:30:48,10.29,--,9,9261,买盘
354,14:30:45,10.29,--,2,2058,买盘
355,14:30:39,10.29,0.01,13,13376,买盘
356,14:30:33,10.28,--,19,19532,卖盘
357,14:30:30,10.28,-0.01,60,61679,卖盘
358,14:30:21,10.29,--,5,5145,买盘
359,14:30:12,10.29,0.01,1,1029,买盘
360,14:30:09,10.28,-0.01,14,14392,卖盘
361,14:30:06,10.29,--,10,10290,买盘
362,14:30:03,10.29,0.01,10,10290,买盘
363,14:30:00,10.28,--,20,20560,卖盘
364,14:29:57,10.28,-0.01,20,20560,卖盘
365,14:29:51,10.29,0.01,22,22637,买盘
366,14:29:48,10.28,-0.01,100,102800,卖盘
367,14:29:45,10.29,0.01,115,118334,买盘
368,14:29:42,10.28,-0.01,400,411200,卖盘
369,14:29:36,10.29,0.01,6,6173,买盘
370,14:29:33,10.28,-0.01,30,30839,卖盘
371,14:29:30,10.29,--,62,63797,买盘
372,14:29:24,10.29,0.01,19,19551,买盘
373,14:29:21,10.28,--,39,40092,卖盘
374,14:29:18,10.28,-0.01,10,10280,卖盘
375,14:29:09,10.29,--,1,1029,买盘
376,14:29:06,10.29,0.01,215,221234,买盘
377,14:29:00,10.28,-0.01,21,21588,卖盘
378,14:28:57,10.29,--,300,308700,买盘
379,14:28:51,10.29,--,11,11318,买盘
380,14:28:42,10.29,--,11,11318,买盘
381,14:28:36,10.29,-0.02,400,411599,卖盘
382,14:28:33,10.31,0.01,10,10310,买盘
383,14:28:30,10.3,--,64,65920,买盘
384,14:28:27,10.3,--,13,13390,买盘
385,14:28:24,10.3,-0.01,21,21630,卖盘
386,14:28:15,10.31,--,100,103100,买盘
387,14:28:12,10.31,--,9,9279,买盘
388,14:28:09,10.31,0.01,10,10310,买盘
389,14:28:06,10.3,--,20,20600,卖盘
390,14:28:00,10.3,--,185,190550,买盘
391,14:27:54,10.3,--,198,203940,买盘
392,14:27:48,10.3,--,39,40170,买盘
393,14:27:45,10.3,--,114,117420,买盘
394,14:27:36,10.3,0.01,23,23690,买盘
395,14:27:33,10.29,--,50,51449,买盘
396,14:27:30,10.29,--,25,25724,买盘
397,14:27:27,10.29,-0.01,40,41160,卖盘
398,14:27:24,10.3,--,120,123600,买盘
399,14:27:21,10.3,0.02,10,10300,买盘
400,14:27:18,10.28,-0.02,194,199432,卖盘
401,14:27:15,10.3,0.01,10,10300,买盘
402,14:27:12,10.29,--,2,2058,中性盘
403,14:27:09,10.29,--,4,4116,买盘
404,14:27:06,10.29,-0.01,2,2058,卖盘
405,14:27:03,10.3,0.02,21,21630,买盘
406,14:27:00,10.28,-0.01,44,45232,卖盘
407,14:26:54,10.29,--,18,18522,卖盘
408,14:26:51,10.29,--,192,197567,卖盘
409,14:26:45,10.29,--,18,18522,卖盘
410,14:26:39,10.29,0.01,25,25724,卖盘
411,14:26:36,10.28,-0.01,132,135696,卖盘
412,14:26:33,10.29,--,40,41160,卖盘
413,14:26:30,10.29,--,33,33957,买盘
414,14:26:27,10.29,0.01,5,5145,买盘
415,14:26:21,10.28,-0.01,97,99716,卖盘
416,14:26:12,10.29,--,10,10290,买盘
417,14:26:09,10.29,0.02,112,115247,买盘
418,14:26:00,10.27,--,1,1027,卖盘
419,14:25:57,10.27,--,12,12324,卖盘
420,14:25:54,10.27,--,17,17459,卖盘
421,14:25:51,10.27,--,15,15405,卖盘
422,14:25:48,10.27,--,11,11297,卖盘
423,14:25:45,10.27,0.02,48,49296,买盘
424,14:25:39,10.25,-0.01,77,78925,卖盘
425,14:25:36,10.26,--,39,40014,卖盘
426,14:25:33,10.26,--,2,2052,买盘
427,14:25:30,10.26,0.01,5,5130,买盘
428,14:25:27,10.25,-0.01,15,15375,卖盘
429,14:25:18,10.26,-0.01,139,142614,卖盘
430,14:25:15,10.27,--,10,10270,买盘
431,14:25:12,10.27,0.01,6,6162,买盘
432,14:25:09,10.26,--,61,62586,卖盘
433,14:25:03,10.26,-0.01,28,28728,卖盘
434,14:25:00,10.27,0.01,5,5135,买盘
435,14:24:57,10.26,--,10,10260,卖盘
436,14:24:54,10.26,--,11,11286,卖盘
437,14:24:51,10.26,-0.01,11,11286,卖盘
438,14:24:48,10.27,0.01,45,46215,买盘
439,14:24:45,10.26,-0.01,5,5130,卖盘
440,14:24:42,10.27,0.01,125,128375,买盘
441,14:24:39,10.26,-0.01,84,86184,卖盘
442,14:24:36,10.27,--,12,12324,买盘
443,14:24:33,10.27,0.01,20,20540,中性盘
444,14:24:27,10.26,-0.01,10,10260,卖盘
445,14:24:21,10.27,0.02,394,404638,买盘
446,14:24:18,10.25,--,43,44075,卖盘
447,14:24:15,10.25,-0.01,18,18450,卖盘
448,14:24:12,10.26,-0.01,57,58482,卖盘
449,14:24:09,10.27,0.01,9,9243,买盘
450,14:24:06,10.26,--,207,212382,卖盘
451,14:24:03,10.26,-0.01,1,1026,卖盘
452,14:24:00,10.27,0.01,1,1027,买盘
453,14:23:54,10.26,-0.01,20,20520,卖盘
454,14:23:51,10.27,0.01,300,308100,买盘
455,14:23:48,10.26,0.01,32,32832,买盘
456,14:23:45,10.25,--,38,38950,卖盘
457,14:23:42,10.25,-0.02,150,153750,卖盘
458,14:23:36,10.27,0.02,52,53404,买盘
459,14:23:33,10.25,--,310,317750,卖盘
460,14:23:30,10.25,--,56,57400,卖盘
461,14:23:27,10.25,--,5,5125,卖盘
462,14:23:24,10.25,-0.01,73,75388,卖盘
463,14:23:21,10.26,0.01,71,72846,买盘
464,14:23:18,10.25,-0.01,54,55350,卖盘
465,14:23:15,10.26,0.01,20,20520,买盘
466,14:23:12,10.25,-0.01,21,21525,卖盘
467,14:23:09,10.26,--,11,11286,买盘
468,14:23:06,10.26,--,10,10260,买盘
469,14:23:03,10.26,-0.01,103,106139,卖盘
470,14:22:57,10.27,0.01,10,10270,买盘
471,14:22:54,10.26,--,21,21546,卖盘
472,14:22:48,10.26,-0.01,15,15390,卖盘
473,14:22:45,10.27,0.01,10,10270,买盘
474,14:22:42,10.26,-0.01,50,51300,卖盘
475,14:22:36,10.27,--,499,512473,买盘
476,14:22:33,10.27,--,10,10270,买盘
477,14:22:30,10.27,--,20,20540,买盘
478,14:22:27,10.27,--,22,22594,买盘
479,14:22:24,10.27,--,5,5135,买盘
480,14:22:18,10.27,-0.01,163,167401,卖盘
481,14:22:15,10.28,--,33,33924,买盘
482,14:22:12,10.28,0.01,16,16448,买盘
483,14:22:09,10.27,-0.01,104,106808,卖盘
484,14:22:00,10.28,--,57,58595,卖盘
485,14:21:57,10.28,-0.01,30,30839,卖盘
486,14:21:54,10.29,0.01,10,10290,买盘
487,14:21:51,10.28,--,36,37008,卖盘
488,14:21:45,10.28,0.01,38,39064,买盘
489,14:21:39,10.27,--,79,81133,卖盘
490,14:21:36,10.27,-0.01,200,205400,卖盘
491,14:21:33,10.28,0.01,10,10280,买盘
492,14:21:30,10.27,--,17,17459,卖盘
493,14:21:24,10.27,0.01,22,22594,卖盘
494,14:21:21,10.26,--,20,20520,卖盘
495,14:21:18,10.26,-0.02,4,4104,卖盘
496,14:21:15,10.28,--,6,6168,买盘
497,14:21:12,10.28,--,104,106912,卖盘
498,14:21:09,10.28,--,121,124387,买盘
499,14:21:06,10.28,--,545,560260,卖盘
500,14:21:00,10.28,-0.01,27,27756,卖盘
501,14:20:57,10.29,0.01,20,20580,买盘
502,14:20:54,10.28,-0.01,80,82240,卖盘
503,14:20:51,10.29,0.01,45,46304,买盘
504,14:20:48,10.28,--,107,109996,卖盘
505,14:20:45,10.28,--,110,113080,卖盘
506,14:20:42,10.28,-0.01,100,102800,卖盘
507,14:20:39,10.29,--,23,23666,买盘
508,14:20:36,10.29,0.01,2,2058,买盘
509,14:20:33,10.28,-0.01,3,3084,卖盘
510,14:20:30,10.29,--,1,1029,买盘
511,14:20:27,10.29,--,18,18522,卖盘
512,14:20:24,10.29,--,20,20580,卖盘
513,14:20:21,10.29,-0.01,100,102899,卖盘
514,14:20:18,10.3,0.01,1,1030,中性盘
515,14:20:12,10.29,--,33,33957,买盘
516,14:20:06,10.29,--,37,38073,买盘
517,14:20:03,10.29,-0.01,328,337512,卖盘
518,14:20:00,10.3,--,80,82400,卖盘
519,14:19:57,10.3,--,110,113300,卖盘
520,14:19:54,10.3,--,13,13390,卖盘
521,14:19:48,10.3,--,12,12360,卖盘
522,14:19:42,10.3,-0.01,40,41200,卖盘
523,14:19:36,10.31,0.01,71,73201,买盘
524,14:19:33,10.3,--,65,66950,卖盘
525,14:19:30,10.3,--,9,9270,卖盘
526,14:19:24,10.3,--,32,32960,买盘
527,14:19:21,10.3,--,19,19570,买盘
528,14:19:18,10.3,--,40,41200,买盘
529,14:19:15,10.3,--,41,42230,买盘
530,14:19:12,10.3,--,20,20600,买盘
531,14:19:09,10.3,--,43,44290,买盘
532,14:19:06,10.3,--,25,25750,买盘
533,14:19:03,10.3,--,66,67980,买盘
534,14:18:57,10.3,--,6,6180,买盘
535,14:18:54,10.3,--,300,309000,买盘
536,14:18:48,10.3,--,17,17510,买盘
537,14:18:45,10.3,--,8,8240,买盘
538,14:18:39,10.3,--,25,25750,买盘
539,14:18:36,10.3,--,103,106090,买盘
540,14:18:33,10.3,0.01,2,2060,买盘
541,14:18:27,10.29,-0.01,6,6173,卖盘
542,14:18:24,10.3,--,110,113300,买盘
543,14:18:18,10.3,--,20,20600,买盘
544,14:18:06,10.3,--,10,10300,买盘
545,14:18:03,10.3,-0.01,387,398610,卖盘
546,14:18:00,10.31,0.01,10,10310,买盘
547,14:17:57,10.3,-0.01,1,1030,卖盘
548,14:17:54,10.31,-0.01,20,20620,中性盘
549,14:17:45,10.32,--,5,5160,买盘
550,14:17:42,10.32,0.02,10,10320,买盘
551,14:17:39,10.3,-0.01,60,61800,卖盘
552,14:17:36,10.31,0.01,31,31961,买盘
553,14:17:33,10.3,0.01,1170,1205100,买盘
554,14:17:30,10.29,--,19,19551,买盘
555,14:17:27,10.29,--,89,91580,买盘
556,14:17:24,10.29,0.01,14,14405,买盘
557,14:17:21,10.28,-0.01,18,18504,卖盘
558,14:17:18,10.29,--,1,1029,买盘
559,14:17:15,10.29,--,60,61739,买盘
560,14:17:12,10.29,--,7,7202,买盘
561,14:17:09,10.29,0.01,11,11318,买盘
562,14:17:03,10.28,--,31,31867,卖盘
563,14:17:00,10.28,0.01,42,43176,买盘
564,14:16:57,10.27,-0.01,4,4108,卖盘
565,14:16:54,10.28,--,10,10280,买盘
566,14:16:51,10.28,0.01,9,9817,买盘
567,14:16:48,10.27,--,218,223886,买盘
568,14:16:45,10.27,--,338,347126,买盘
569,14:16:42,10.27,--,12,12324,买盘
570,14:16:36,10.27,--,61,62647,买盘
571,14:16:33,10.27,--,50,51350,买盘
572,14:16:30,10.27,--,24,24648,买盘
573,14:16:27,10.27,--,1,1027,买盘
574,14:16:21,10.27,--,10,10270,买盘
575,14:16:18,10.27,-0.01,169,174025,卖盘
576,14:16:15,10.28,-0.01,76,78128,卖盘
577,14:16:12,10.29,0.01,3,3086,买盘
578,14:16:03,10.28,--,11,11308,卖盘
579,14:16:00,10.28,--,22,22616,买盘
580,14:15:57,10.28,-0.01,95,97660,卖盘
581,14:15:54,10.29,0.01,21,21609,买盘
582,14:15:51,10.28,--,4,4112,卖盘
583,14:15:42,10.28,--,14,14392,卖盘
584,14:15:39,10.28,--,51,52428,卖盘
585,14:15:36,10.28,0.02,34,34952,中性盘
586,14:15:27,10.26,-0.03,500,513000,卖盘
587,14:15:24,10.29,0.02,53,54536,买盘
588,14:15:21,10.27,-0.02,75,77025,卖盘
589,14:15:18,10.29,-0.01,18,18522,买盘
590,14:15:15,10.3,0.03,5,5150,买盘
591,14:15:12,10.27,-0.03,836,859136,卖盘
592,14:15:06,10.3,--,1,1030,买盘
593,14:15:00,10.3,0.01,2,2060,买盘
594,14:14:57,10.29,--,130,133770,买盘
595,14:14:54,10.29,0.01,33,33957,买盘
596,14:14:51,10.28,--,24,24672,卖盘
597,14:14:48,10.28,-0.01,1,1028,卖盘
598,14:14:45,10.29,--,26,26753,买盘
599,14:14:42,10.29,--,42,43218,买盘
600,14:14:39,10.29,--,14,14405,买盘
601,14:14:36,10.29,0.02,45,46304,买盘
602,14:14:24,10.27,--,108,110916,卖盘
603,14:14:21,10.27,--,33,33891,卖盘
604,14:14:12,10.27,-0.02,60,61620,卖盘
605,14:14:09,10.29,0.02,1,1029,买盘
606,14:14:06,10.27,-0.01,160,164320,卖盘
607,14:14:03,10.28,0.01,3,3084,中性盘
608,14:13:57,10.27,-0.02,12,12324,卖盘
609,14:13:54,10.29,0.01,14,14405,买盘
610,14:13:51,10.28,0.01,8,8224,买盘
611,14:13:45,10.27,0.01,24,24648,卖盘
612,14:13:42,10.26,-0.01,114,116964,卖盘
613,14:13:39,10.27,--,5,5135,买盘
614,14:13:36,10.27,0.01,7,7189,买盘
615,14:13:33,10.26,-0.02,72,73872,卖盘
616,14:13:30,10.28,0.01,14,14392,买盘
617,14:13:27,10.27,--,9,9243,卖盘
618,14:13:24,10.27,0.02,450,462150,中性盘
619,14:13:21,10.25,-0.01,690,707250,卖盘
620,14:13:18,10.26,--,123,126198,卖盘
621,14:13:15,10.26,0.01,132,135432,买盘
622,14:13:12,10.25,--,160,164000,卖盘
623,14:13:09,10.25,-0.02,9,9225,卖盘
624,14:13:06,10.27,--,111,113997,买盘
625,14:12:57,10.27,0.02,74,75998,买盘
626,14:12:54,10.25,-0.02,40,41000,卖盘
627,14:12:51,10.27,-0.01,309,317343,卖盘
628,14:12:48,10.28,--,2,2056,买盘
629,14:12:45,10.28,--,133,136724,买盘
630,14:12:42,10.28,--,25,25700,买盘
631,14:12:39,10.28,--,856,879968,卖盘
632,14:12:36,10.28,-0.01,91,93548,卖盘
633,14:12:33,10.29,--,50,51449,买盘
634,14:12:30,10.29,--,454,467165,卖盘
635,14:12:27,10.29,-0.01,50,51449,卖盘
636,14:12:24,10.3,--,5,5150,买盘
637,14:12:21,10.3,--,10,10300,买盘
638,14:12:18,10.3,-0.02,547,563410,卖盘
639,14:12:12,10.32,0.01,79,81528,买盘
640,14:12:09,10.31,-0.01,1147,1182557,卖盘
641,14:12:06,10.32,0.01,18,18576,买盘
642,14:12:03,10.31,--,163,168053,卖盘
643,14:12:00,10.31,-0.01,41,42271,卖盘
644,14:11:57,10.32,0.01,35,36120,买盘
645,14:11:54,10.31,-0.01,392,404152,卖盘
646,14:11:48,10.32,0.01,255,263160,买盘
647,14:11:45,10.31,-0.01,380,391780,卖盘
648,14:11:42,10.32,--,25,25800,买盘
649,14:11:39,10.32,--,101,104232,买盘
650,14:11:36,10.32,-0.01,224,231322,卖盘
651,14:11:30,10.33,0.01,7,7231,买盘
652,14:11:24,10.32,--,29,29928,卖盘
653,14:11:21,10.32,--,158,163056,卖盘
654,14:11:18,10.32,--,125,129000,卖盘
655,14:11:15,10.32,--,39,40248,卖盘
656,14:11:12,10.32,--,200,206400,卖盘
657,14:11:09,10.32,-0.01,3,3096,卖盘
658,14:11:06,10.33,0.01,1,1033,买盘
659,14:11:03,10.32,--,300,309600,卖盘
660,14:11:00,10.32,--,37,38184,卖盘
661,14:10:57,10.32,-0.01,26,26832,卖盘
662,14:10:51,10.33,--,69,71277,买盘
663,14:10:48,10.33,--,1,1033,买盘
664,14:10:45,10.33,--,14,14462,买盘
665,14:10:42,10.33,-0.01,96,99168,卖盘
666,14:10:39,10.34,--,12,12408,买盘
667,14:10:36,10.34,0.01,10,10340,买盘
668,14:10:33,10.33,--,79,81607,卖盘
669,14:10:27,10.33,-0.01,309,319197,卖盘
670,14:10:24,10.34,0.01,5,5170,买盘
671,14:10:15,10.33,-0.01,30,30990,卖盘
672,14:10:12,10.34,--,29,29986,买盘
673,14:10:06,10.34,--,1,1034,买盘
674,14:10:03,10.34,0.01,51,52734,买盘
675,14:10:00,10.33,--,16,16528,卖盘
676,14:09:54,10.33,--,7,7231,卖盘
677,14:09:51,10.33,0.01,40,41320,中性盘
678,14:09:39,10.32,-0.01,50,51600,卖盘
679,14:09:36,10.33,--,185,191983,买盘
680,14:09:33,10.33,--,10,10330,买盘
681,14:09:30,10.33,--,105,108465,买盘
682,14:09:27,10.33,--,10,10330,买盘
683,14:09:21,10.33,0.01,12,12396,买盘
684,14:09:15,10.32,--,50,51600,卖盘
685,14:09:12,10.32,-0.01,8,8256,卖盘
686,14:09:09,10.33,--,1,1033,买盘
687,14:09:06,10.33,0.01,18,18594,买盘
688,14:09:03,10.32,-0.01,19,19608,卖盘
689,14:08:54,10.33,--,70,72310,买盘
690,14:08:51,10.33,--,391,404057,卖盘
691,14:08:42,10.33,-0.01,2,2066,卖盘
692,14:08:39,10.34,0.01,16,16544,中性盘
693,14:08:36,10.33,--,380,392540,卖盘
694,14:08:30,10.33,-0.01,10,10330,卖盘
695,14:08:27,10.34,0.01,59,61006,买盘
696,14:08:21,10.33,-0.01,40,41320,卖盘
697,14:08:18,10.34,--,112,115808,卖盘
698,14:08:15,10.34,--,11,11374,卖盘
699,14:08:12,10.34,--,4,4136,卖盘
700,14:08:09,10.34,-0.01,5,5170,卖盘
701,14:07:57,10.35,0.01,10,10350,买盘
702,14:07:54,10.34,0.01,28,28952,买盘
703,14:07:48,10.33,-0.01,36,37188,卖盘
704,14:07:45,10.34,0.01,20,20680,买盘
705,14:07:39,10.33,-0.01,302,312844,卖盘
706,14:07:33,10.34,--,1,1034,买盘
707,14:07:30,10.34,--,33,34122,买盘
708,14:07:27,10.34,--,15,15510,买盘
709,14:07:18,10.34,0.01,14,14476,买盘
710,14:07:12,10.33,--,20,20660,卖盘
711,14:07:09,10.33,-0.01,3,3099,卖盘
712,14:07:06,10.34,--,10,10340,买盘
713,14:07:03,10.34,0.01,1,1034,买盘
714,14:07:00,10.33,-0.01,10,10330,卖盘
715,14:06:51,10.34,--,216,223344,卖盘
716,14:06:48,10.34,-0.01,14,14476,卖盘
717,14:06:45,10.35,0.01,4,4140,买盘
718,14:06:36,10.34,--,10,10340,卖盘
719,14:06:33,10.34,0.01,5,5170,卖盘
720,14:06:27,10.33,-0.01,10,10330,卖盘
721,14:06:21,10.34,--,17,17578,买盘
722,14:06:18,10.34,0.01,110,113740,买盘
723,14:06:15,10.33,-0.01,30,30990,卖盘
724,14:06:06,10.34,--,1,1034,买盘
725,14:06:03,10.34,0.01,7,7238,买盘
726,14:06:00,10.33,-0.02,10,10330,卖盘
727,14:05:57,10.35,--,145,150075,买盘
728,14:05:54,10.35,0.03,55,56925,买盘
729,14:05:51,10.32,-0.03,1301,1342632,卖盘
730,14:05:48,10.35,--,28,28980,买盘
731,14:05:42,10.35,-0.02,214,221490,卖盘
732,14:05:39,10.37,0.01,58,60145,买盘
733,14:05:36,10.36,-0.01,4,4144,卖盘
734,14:05:33,10.37,0.02,10,10370,买盘
735,14:05:30,10.35,-0.01,32,33120,卖盘
736,14:05:24,10.36,--,11,11831,买盘
737,14:05:18,10.36,--,11,11996,卖盘
738,14:05:15,10.36,--,6,6216,卖盘
739,14:05:12,10.36,--,62,64667,买盘
740,14:05:09,10.36,0.01,49,50764,买盘
741,14:05:06,10.35,--,502,519570,卖盘
742,14:05:03,10.35,-0.01,48,49680,卖盘
743,14:04:57,10.36,0.01,500,518000,买盘
744,14:04:54,10.35,--,5,5175,卖盘
745,14:04:48,10.35,--,2,2070,卖盘
746,14:04:45,10.35,--,78,80730,卖盘
747,14:04:42,10.35,-0.01,2,2070,卖盘
748,14:04:39,10.36,0.01,21,21756,买盘
749,14:04:36,10.35,--,70,72450,卖盘
750,14:04:33,10.35,-0.01,89,92560,卖盘
751,14:04:30,10.36,0.01,3,3108,买盘
752,14:04:27,10.35,--,15,15525,卖盘
753,14:04:21,10.35,--,39,40365,卖盘
754,14:04:18,10.35,--,10,10350,卖盘
755,14:04:15,10.35,--,1,1035,卖盘
756,14:04:12,10.35,0.01,326,337410,买盘
757,14:04:06,10.34,-0.01,20,20680,卖盘
758,14:04:03,10.35,--,58,60030,买盘
759,14:04:00,10.35,--,10,10350,买盘
760,14:03:57,10.35,--,10,10350,买盘
761,14:03:54,10.35,--,2,2070,买盘
762,14:03:45,10.35,--,30,31050,买盘
763,14:03:39,10.35,--,9,9315,买盘
764,14:03:36,10.35,--,8,8280,买盘
765,14:03:33,10.35,--,34,35190,买盘
766,14:03:30,10.35,0.01,11,11385,买盘
767,14:03:27,10.34,--,50,51700,卖盘
768,14:03:24,10.34,-0.01,64,66176,卖盘
769,14:03:21,10.35,--,63,65205,买盘
770,14:03:18,10.35,--,22,22770,买盘
771,14:03:15,10.35,--,33,34155,买盘
772,14:03:12,10.35,--,13,13455,买盘
773,14:03:09,10.35,--,16,16560,买盘
774,14:03:06,10.35,--,31,32085,买盘
775,14:03:03,10.35,--,1,1035,买盘
776,14:03:00,10.35,0.01,24,24840,卖盘
777,14:02:57,10.34,-0.01,10,10340,卖盘
778,14:02:54,10.35,--,48,49680,买盘
779,14:02:51,10.35,--,105,108675,买盘
780,14:02:48,10.35,0.01,210,217350,买盘
781,14:02:42,10.34,-0.01,35,36190,卖盘
782,14:02:39,10.35,--,324,335340,买盘
783,14:02:36,10.35,0.01,44,45540,买盘
784,14:02:33,10.34,--,2,2068,卖盘
785,14:02:30,10.34,-0.01,10,10340,卖盘
786,14:02:27,10.35,0.01,18,18630,买盘
787,14:02:24,10.34,--,74,76516,卖盘
788,14:02:21,10.34,--,32,33088,卖盘
789,14:02:18,10.34,0.01,9,9306,买盘
790,14:02:12,10.33,--,2,2066,卖盘
791,14:02:09,10.33,--,228,235524,买盘
792,14:02:06,10.33,--,66,68178,买盘
793,14:02:03,10.33,--,197,203501,买盘
794,14:02:00,10.33,--,81,83673,买盘
795,14:01:57,10.33,--,16,16528,买盘
796,14:01:54,10.33,--,510,526830,卖盘
797,14:01:48,10.33,--,80,82640,卖盘
798,14:01:45,10.33,-0.01,70,72310,卖盘
799,14:01:42,10.34,0.01,43,44462,买盘
800,14:01:39,10.33,-0.01,113,116729,卖盘
801,14:01:36,10.34,--,7,7238,卖盘
802,14:01:33,10.34,--,4,4136,卖盘
803,14:01:30,10.34,--,25,25850,买盘
804,14:01:27,10.34,0.01,27,27918,买盘
805,14:01:24,10.33,--,7,7231,卖盘
806,14:01:21,10.33,--,44,45452,卖盘
807,14:01:18,10.33,-0.01,30,30990,卖盘
808,14:01:15,10.34,0.01,25,25850,买盘
809,14:01:12,10.33,-0.01,83,85739,卖盘
810,14:01:09,10.34,0.01,20,20680,买盘
811,14:01:06,10.33,-0.01,30,30990,卖盘
812,14:01:03,10.34,--,5,5170,买盘
813,14:01:00,10.34,0.01,3,3102,中性盘
814,14:00:54,10.33,-0.02,433,447289,卖盘
815,14:00:51,10.35,--,10,10350,买盘
816,14:00:45,10.35,--,9,9315,卖盘
817,14:00:42,10.35,--,14,14490,卖盘
818,14:00:39,10.35,--,18,18630,卖盘
819,14:00:36,10.35,--,24,24840,卖盘
820,14:00:33,10.35,0.01,105,108675,买盘
821,14:00:30,10.34,--,20,20680,卖盘
822,14:00:27,10.34,-0.01,21,21714,卖盘
823,14:00:21,10.35,0.01,2,2070,买盘
824,14:00:18,10.34,-0.01,12,12408,卖盘
825,14:00:15,10.35,--,2,2070,买盘
826,14:00:12,10.35,--,185,191868,卖盘
827,14:00:09,10.35,--,590,610650,卖盘
828,14:00:06,10.35,--,36,37260,卖盘
829,14:00:03,10.35,--,50,51750,卖盘
830,13:59:57,10.35,--,11,11385,卖盘
831,13:59:54,10.35,--,100,103500,卖盘
832,13:59:48,10.35,-0.01,135,139725,卖盘
833,13:59:45,10.36,--,31,32116,卖盘
834,13:59:42,10.36,--,12,13074,买盘
835,13:59:39,10.36,--,62,64625,卖盘
836,13:59:36,10.36,--,65,67340,卖盘
837,13:59:30,10.36,--,90,93240,卖盘
838,13:59:27,10.36,--,287,297332,卖盘
839,13:59:24,10.36,--,5,5180,卖盘
840,13:59:18,10.36,--,18,18648,卖盘
841,13:59:15,10.36,--,100,103600,卖盘
842,13:59:09,10.36,--,20,20720,卖盘
843,13:59:06,10.36,--,14,14504,卖盘
844,13:59:03,10.36,--,45,46620,卖盘
845,13:59:00,10.36,--,100,103600,卖盘
846,13:58:57,10.36,--,21,21756,卖盘
847,13:58:45,10.36,-0.01,100,103600,卖盘
848,13:58:42,10.37,0.01,2,2074,买盘
849,13:58:39,10.36,--,176,182336,卖盘
850,13:58:36,10.36,--,10,10360,卖盘
851,13:58:33,10.36,-0.01,10,10360,卖盘
852,13:58:30,10.37,0.01,10,10370,买盘
853,13:58:24,10.36,--,69,71484,卖盘
854,13:58:18,10.36,--,64,66304,卖盘
855,13:58:15,10.36,--,17,17612,卖盘
856,13:58:12,10.36,-0.01,79,81844,卖盘
857,13:58:03,10.37,0.01,20,20740,买盘
858,13:58:00,10.36,--,7,7252,卖盘
859,13:57:57,10.36,--,6,6216,卖盘
860,13:57:54,10.36,-0.01,10,10360,卖盘
861,13:57:48,10.37,--,50,51849,买盘
862,13:57:45,10.37,--,10,10370,买盘
863,13:57:42,10.37,--,2,2074,买盘
864,13:57:39,10.37,--,125,129624,卖盘
865,13:57:33,10.37,--,33,34221,卖盘
866,13:57:27,10.37,-0.01,20,20740,卖盘
867,13:57:24,10.38,0.02,10,10380,买盘
868,13:57:12,10.36,-0.02,217,224812,卖盘
869,13:57:06,10.38,--,22,22836,买盘
870,13:57:03,10.38,--,3,3114,买盘
871,13:56:57,10.38,0.01,90,93420,买盘
872,13:56:54,10.37,-0.01,5,5185,卖盘
873,13:56:51,10.38,--,2,2076,买盘
874,13:56:42,10.38,--,1,1038,买盘
875,13:56:39,10.38,--,10,10380,买盘
876,13:56:27,10.38,--,271,281298,买盘
877,13:56:21,10.38,--,10,10380,买盘
878,13:56:18,10.38,0.01,12,12456,买盘
879,13:56:15,10.37,--,100,103699,卖盘
880,13:56:06,10.37,--,5,5185,卖盘
881,13:56:00,10.37,-0.01,85,88145,卖盘
882,13:55:57,10.38,--,1,1038,买盘
883,13:55:48,10.38,--,19,19722,买盘
884,13:55:39,10.38,--,20,20760,买盘
885,13:55:33,10.38,--,49,50862,买盘
886,13:55:30,10.38,0.01,20,20760,买盘
887,13:55:27,10.37,--,10,10370,卖盘
888,13:55:24,10.37,--,18,18666,卖盘
889,13:55:21,10.37,-0.01,20,20740,卖盘
890,13:55:15,10.38,0.01,2,2076,买盘
891,13:55:12,10.37,--,2,2074,卖盘
892,13:55:09,10.37,--,35,36295,卖盘
893,13:55:06,10.37,-0.01,7,7258,卖盘
894,13:55:03,10.38,--,1,1038,买盘
895,13:55:00,10.38,--,20,20760,买盘
896,13:54:57,10.38,--,33,34254,买盘
897,13:54:48,10.38,--,20,20760,买盘
898,13:54:45,10.38,0.01,16,16608,买盘
899,13:54:42,10.37,--,25,25924,卖盘
900,13:54:33,10.37,--,12,12443,卖盘
901,13:54:30,10.37,-0.01,20,20740,卖盘
902,13:54:24,10.38,0.01,7,7266,买盘
903,13:54:21,10.37,-0.01,3,3110,卖盘
904,13:54:15,10.38,--,14,14532,买盘
905,13:54:03,10.38,--,3,3114,买盘
906,13:54:00,10.38,0.01,20,20760,买盘
907,13:53:54,10.37,-0.01,25,25924,卖盘
908,13:53:51,10.38,0.01,10,10380,买盘
909,13:53:48,10.37,-0.01,18,18666,卖盘
910,13:53:45,10.38,--,20,20760,买盘
911,13:53:42,10.38,--,2,2076,买盘
912,13:53:39,10.38,--,1,1038,买盘
913,13:53:33,10.38,0.01,270,280260,买盘
914,13:53:30,10.37,-0.01,8,8296,卖盘
915,13:53:27,10.38,--,10,10380,买盘
916,13:53:24,10.38,--,5,5190,买盘
917,13:53:15,10.38,--,98,101724,买盘
918,13:53:12,10.38,--,16,16608,买盘
919,13:53:06,10.38,-0.02,401,416238,卖盘
920,13:53:03,10.4,0.02,14,14560,买盘
921,13:53:00,10.38,--,7,7266,卖盘
922,13:52:45,10.38,-0.01,110,114180,卖盘
923,13:52:39,10.39,0.01,19,19741,买盘
924,13:52:36,10.38,-0.01,46,47748,卖盘
925,13:52:24,10.39,--,11,11429,买盘
926,13:52:21,10.39,--,20,20780,买盘
927,13:52:12,10.39,--,1,1039,买盘
928,13:52:00,10.39,--,20,20780,买盘
929,13:51:57,10.39,--,10,10390,买盘
930,13:51:54,10.39,--,5,5195,买盘
931,13:51:48,10.39,0.01,2,2078,买盘
932,13:51:45,10.38,-0.01,16,16608,卖盘
933,13:51:39,10.39,--,1,1039,买盘
934,13:51:36,10.39,-0.01,58,60262,中性盘
935,13:51:30,10.4,0.02,10,10400,买盘
936,13:51:27,10.38,--,26,26988,卖盘
937,13:51:24,10.38,--,35,36330,卖盘
938,13:51:21,10.38,-0.02,26,26988,卖盘
939,13:51:18,10.4,0.01,70,72800,买盘
940,13:51:15,10.39,-0.01,153,158967,卖盘
941,13:51:09,10.4,--,10,10400,买盘
942,13:51:06,10.4,0.01,25,26000,买盘
943,13:51:03,10.39,-0.01,17,17663,卖盘
944,13:51:00,10.4,0.01,57,59280,买盘
945,13:50:57,10.39,--,20,20780,卖盘
946,13:50:51,10.39,--,47,48833,卖盘
947,13:50:48,10.39,-0.01,10,10390,卖盘
948,13:50:45,10.4,--,1,1040,买盘
949,13:50:42,10.4,0.01,10,10400,买盘
950,13:50:30,10.39,--,10,10390,卖盘
951,13:50:27,10.39,--,11,11429,卖盘
952,13:50:24,10.39,0.01,6,6234,买盘
953,13:50:21,10.38,-0.01,36,37368,卖盘
954,13:50:15,10.39,--,20,20780,买盘
955,13:50:12,10.39,--,20,20780,买盘
956,13:50:09,10.39,--,24,24936,买盘
957,13:50:03,10.39,--,1,1039,买盘
958,13:50:00,10.39,--,4,4156,买盘
959,13:49:57,10.39,0.01,21,21819,买盘
960,13:49:51,10.38,--,10,10380,卖盘
961,13:49:42,10.38,--,30,31140,卖盘
962,13:49:39,10.38,--,1,1038,卖盘
963,13:49:36,10.38,-0.01,10,10380,卖盘
964,13:49:33,10.39,0.02,10,10390,买盘
965,13:49:27,10.37,-0.02,20,20740,卖盘
966,13:49:24,10.39,0.02,93,96627,买盘
967,13:49:15,10.37,--,42,43554,卖盘
968,13:49:12,10.37,-0.01,171,177327,卖盘
969,13:49:09,10.38,0.01,20,20760,买盘
970,13:49:03,10.37,-0.01,45,46665,卖盘
971,13:49:00,10.38,--,40,41520,买盘
972,13:48:51,10.38,0.01,13,13494,买盘
973,13:48:48,10.37,--,2,2074,卖盘
974,13:48:42,10.37,--,5,5185,卖盘
975,13:48:39,10.37,-0.01,20,20740,卖盘
976,13:48:33,10.38,0.01,26,26988,买盘
977,13:48:30,10.37,-0.01,5,5185,卖盘
978,13:48:24,10.38,--,10,10380,买盘
979,13:48:21,10.38,--,20,20760,买盘
980,13:48:12,10.38,0.01,15,15570,买盘
981,13:48:00,10.37,-0.01,31,32146,卖盘
982,13:47:54,10.38,0.01,4,4152,买盘
983,13:47:51,10.37,-0.01,61,63256,卖盘
984,13:47:42,10.38,0.01,33,34254,买盘
985,13:47:39,10.37,--,35,36295,卖盘
986,13:47:36,10.37,--,40,41480,卖盘
987,13:47:33,10.37,-0.01,10,10370,卖盘
988,13:47:27,10.38,0.01,16,16608,买盘
989,13:47:21,10.37,-0.01,6,6221,卖盘
990,13:47:15,10.38,--,19,19722,买盘
991,13:47:09,10.38,-0.01,334,346692,卖盘
992,13:47:06,10.39,--,10,10390,买盘
993,13:47:00,10.39,--,58,60262,买盘
994,13:46:57,10.39,0.01,4,4156,买盘
995,13:46:54,10.38,-0.01,2,2076,卖盘
996,13:46:51,10.39,--,150,155850,买盘
997,13:46:48,10.39,--,6,6234,买盘
998,13:46:45,10.39,0.01,25,25975,买盘
999,13:46:42,10.38,-0.01,10,10380,卖盘
1000,13:46:39,10.39,0.01,16,16624,买盘
1001,13:46:36,10.38,-0.01,60,62280,卖盘
1002,13:46:27,10.39,--,20,20780,买盘
1003,13:46:24,10.39,0.01,13,13507,买盘
1004,13:46:18,10.38,--,16,16608,卖盘
1005,13:46:15,10.38,-0.01,7,7266,卖盘
1006,13:46:12,10.39,--,105,109095,买盘
1007,13:46:06,10.39,--,67,69613,买盘
1008,13:46:03,10.39,--,10,10390,买盘
1009,13:46:00,10.39,--,23,23897,买盘
1010,13:45:57,10.39,--,14,14546,买盘
1011,13:45:51,10.39,--,20,20780,买盘
1012,13:45:48,10.39,--,13,13507,买盘
1013,13:45:45,10.39,--,19,19741,买盘
1014,13:45:42,10.39,0.01,11,11429,买盘
1015,13:45:39,10.38,-0.01,12,12456,卖盘
1016,13:45:36,10.39,--,80,83120,买盘
1017,13:45:30,10.39,0.01,30,31170,买盘
1018,13:45:27,10.38,--,12,12456,卖盘
1019,13:45:24,10.38,-0.01,5,5190,卖盘
1020,13:45:21,10.39,--,3,3117,买盘
1021,13:45:18,10.39,--,10,10390,买盘
1022,13:45:15,10.39,0.01,87,90393,买盘
1023,13:45:12,10.38,0.01,89,92382,买盘
1024,13:45:06,10.37,-0.01,10,10370,卖盘
1025,13:45:03,10.38,--,8,8304,买盘
1026,13:45:00,10.38,0.01,221,229398,买盘
1027,13:44:57,10.37,-0.01,5,5185,卖盘
1028,13:44:48,10.38,--,10,10380,买盘
1029,13:44:45,10.38,--,78,80964,买盘
1030,13:44:42,10.38,--,54,56052,买盘
1031,13:44:39,10.38,--,7,7266,买盘
1032,13:44:36,10.38,--,18,18684,买盘
1033,13:44:33,10.38,--,1,1038,买盘
1034,13:44:30,10.38,--,10,10380,买盘
1035,13:44:27,10.38,--,9,9342,买盘
1036,13:44:24,10.38,--,8,8304,买盘
1037,13:44:21,10.38,--,10,10380,买盘
1038,13:44:15,10.38,--,42,43596,买盘
1039,13:44:06,10.38,0.01,10,10380,买盘
1040,13:44:03,10.37,-0.01,103,106810,卖盘
1041,13:44:00,10.38,0.01,30,31140,买盘
1042,13:43:48,10.37,-0.01,50,51849,卖盘
1043,13:43:45,10.38,--,100,103800,买盘
1044,13:43:42,10.38,0.01,11,11418,买盘
1045,13:43:39,10.37,-0.01,31,32146,卖盘
1046,13:43:27,10.38,--,50,51900,买盘
1047,13:43:21,10.38,0.01,55,57090,买盘
1048,13:43:18,10.37,-0.01,18,18666,卖盘
1049,13:43:15,10.38,0.01,25,25950,买盘
1050,13:43:12,10.37,-0.01,50,51849,卖盘
1051,13:43:09,10.38,0.01,35,36330,买盘
1052,13:43:03,10.37,-0.01,3,3110,卖盘
1053,13:43:00,10.38,--,61,63318,买盘
1054,13:42:57,10.38,0.01,10,10380,买盘
1055,13:42:54,10.37,--,77,79849,卖盘
1056,13:42:48,10.37,-0.01,41,42517,卖盘
1057,13:42:45,10.38,--,101,104838,买盘
1058,13:42:39,10.38,0.01,10,10380,买盘
1059,13:42:36,10.37,--,5,5185,卖盘
1060,13:42:27,10.37,-0.01,5,5185,卖盘
1061,13:42:21,10.38,--,100,103800,买盘
1062,13:42:18,10.38,--,10,10380,买盘
1063,13:42:09,10.38,--,23,23874,买盘
1064,13:42:06,10.38,--,23,23874,买盘
1065,13:42:03,10.38,-0.01,22,22836,卖盘
1066,13:42:00,10.39,0.01,94,97666,买盘
1067,13:41:54,10.38,--,29,30102,卖盘
1068,13:41:51,10.38,0.01,161,167118,买盘
1069,13:41:48,10.37,-0.01,5,5185,卖盘
1070,13:41:45,10.38,--,11,11418,买盘
1071,13:41:42,10.38,0.01,3,3114,买盘
1072,13:41:33,10.37,--,6,6221,卖盘
1073,13:41:30,10.37,-0.01,46,47702,卖盘
1074,13:41:27,10.38,0.01,42,43596,买盘
1075,13:41:24,10.37,--,30,31109,卖盘
1076,13:41:21,10.37,--,42,43554,卖盘
1077,13:41:18,10.37,--,4,4148,卖盘
1078,13:41:15,10.37,--,15,15554,买盘
1079,13:41:12,10.37,0.01,1,1037,中性盘
1080,13:41:06,10.36,--,13,13468,卖盘
1081,13:41:03,10.36,-0.02,40,41440,卖盘
1082,13:41:00,10.38,0.01,48,49824,买盘
1083,13:40:57,10.37,0.01,21,21777,中性盘
1084,13:40:54,10.36,-0.01,230,238280,卖盘
1085,13:40:51,10.37,--,2,2074,卖盘
1086,13:40:48,10.37,--,61,63256,卖盘
1087,13:40:42,10.37,--,3,3110,卖盘
1088,13:40:39,10.37,--,1,1037,卖盘
1089,13:40:36,10.37,--,22,22814,卖盘
1090,13:40:33,10.37,-0.01,8,8296,卖盘
1091,13:40:30,10.38,0.01,115,119370,买盘
1092,13:40:27,10.37,--,1,1037,卖盘
1093,13:40:24,10.37,-0.01,15,15554,卖盘
1094,13:40:21,10.38,--,4,4152,买盘
1095,13:40:18,10.38,--,368,381984,买盘
1096,13:40:15,10.38,--,20,20760,买盘
1097,13:40:12,10.38,0.01,10,10380,买盘
1098,13:40:06,10.37,-0.01,14,14517,卖盘
1099,13:40:00,10.38,0.01,10,10380,买盘
1100,13:39:51,10.37,-0.01,60,62219,卖盘
1101,13:39:48,10.38,--,20,20760,买盘
1102,13:39:45,10.38,--,20,20760,买盘
1103,13:39:42,10.38,0.01,61,63318,买盘
1104,13:39:36,10.37,--,18,18666,卖盘
1105,13:39:33,10.37,--,45,46665,卖盘
1106,13:39:30,10.37,-0.01,39,40443,卖盘
1107,13:39:27,10.38,--,22,22836,买盘
1108,13:39:24,10.38,0.01,196,204091,买盘
1109,13:39:21,10.37,--,10,10370,卖盘
1110,13:39:18,10.37,--,10,10370,卖盘
1111,13:39:15,10.37,--,20,20740,卖盘
1112,13:39:12,10.37,0.01,104,107847,买盘
1113,13:39:09,10.36,--,10,10360,卖盘
1114,13:39:06,10.36,-0.01,84,87024,卖盘
1115,13:39:03,10.37,0.01,10,10370,买盘
1116,13:39:00,10.36,--,11,11396,卖盘
1117,13:38:57,10.36,--,84,87024,卖盘
1118,13:38:54,10.36,0.01,220,227920,买盘
1119,13:38:45,10.35,-0.01,27,27945,卖盘
1120,13:38:42,10.36,--,1,1036,买盘
1121,13:38:39,10.36,-0.01,67,69412,卖盘
1122,13:38:33,10.37,--,4,4148,买盘
1123,13:38:30,10.37,0.01,907,940558,买盘
1124,13:38:27,10.36,-0.01,10,10360,卖盘
1125,13:38:24,10.37,-0.01,37,38369,卖盘
1126,13:38:21,10.38,0.01,50,51900,买盘
1127,13:38:18,10.37,--,40,41480,卖盘
1128,13:38:15,10.37,-0.01,110,114069,卖盘
1129,13:38:12,10.38,--,11,11418,买盘
1130,13:38:09,10.38,--,24,24912,买盘
1131,13:38:06,10.38,0.01,12,12456,买盘
1132,13:38:03,10.37,-0.01,78,80886,卖盘
1133,13:38:00,10.38,--,21,21798,买盘
1134,13:37:57,10.38,--,94,97572,卖盘
1135,13:37:54,10.38,--,15,15570,卖盘
1136,13:37:51,10.38,--,17,17646,卖盘
1137,13:37:48,10.38,--,40,41520,卖盘
1138,13:37:45,10.38,--,60,62280,卖盘
1139,13:37:42,10.38,--,161,167118,卖盘
1140,13:37:39,10.38,--,2,2076,卖盘
1141,13:37:36,10.38,--,10,10380,卖盘
1142,13:37:33,10.38,-0.01,188,195144,卖盘
1143,13:37:30,10.39,--,188,195332,卖盘
1144,13:37:27,10.39,-0.01,155,161045,卖盘
1145,13:37:21,10.4,--,116,120640,买盘
1146,13:37:18,10.4,--,1500,1560000,卖盘
1147,13:37:15,10.4,--,539,560560,卖盘
1148,13:37:09,10.4,--,103,107120,卖盘
1149,13:37:06,10.4,--,105,109200,卖盘
1150,13:37:03,10.4,-0.01,41,42640,卖盘
1151,13:37:00,10.41,0.01,1,1041,买盘
1152,13:36:57,10.4,-0.01,43,44720,卖盘
1153,13:36:51,10.41,--,45,46845,买盘
1154,13:36:45,10.41,-0.01,502,522582,卖盘
1155,13:36:42,10.42,0.01,330,343860,买盘
1156,13:36:39,10.41,--,40,41640,卖盘
1157,13:36:36,10.41,--,7,7287,卖盘
1158,13:36:33,10.41,--,60,62460,卖盘
1159,13:36:27,10.41,-0.01,77,80157,卖盘
1160,13:36:24,10.42,--,62,64604,买盘
1161,13:36:18,10.42,--,10,10420,买盘
1162,13:36:15,10.42,0.01,20,20840,买盘
1163,13:36:12,10.41,-0.01,36,37476,卖盘
1164,13:36:09,10.42,--,10,10420,买盘
1165,13:36:06,10.42,--,111,115662,买盘
1166,13:36:00,10.42,--,7,7294,买盘
1167,13:35:57,10.42,-0.01,282,293844,卖盘
1168,13:35:54,10.43,--,12,12516,买盘
1169,13:35:33,10.43,0.01,16,16688,买盘
1170,13:35:30,10.42,--,10,10420,卖盘
1171,13:35:27,10.42,--,224,233408,卖盘
1172,13:35:21,10.42,--,25,26050,卖盘
1173,13:35:15,10.42,-0.01,13,13546,卖盘
1174,13:35:12,10.43,--,1,1043,买盘
1175,13:35:09,10.43,0.01,10,10430,买盘
1176,13:35:06,10.42,-0.01,4,4168,卖盘
1177,13:35:00,10.43,--,1,1043,买盘
1178,13:34:51,10.43,--,11,11473,买盘
1179,13:34:45,10.43,0.01,14,14602,买盘
1180,13:34:42,10.42,--,36,37512,卖盘
1181,13:34:36,10.42,-0.01,161,167762,卖盘
1182,13:34:33,10.43,0.01,50,52150,买盘
1183,13:34:24,10.42,-0.01,50,52100,卖盘
1184,13:34:21,10.43,--,10,10430,买盘
1185,13:34:18,10.43,0.01,20,20860,买盘
1186,13:34:15,10.42,--,23,23966,卖盘
1187,13:34:09,10.42,-0.01,1,1042,卖盘
1188,13:34:06,10.43,--,4,4172,买盘
1189,13:34:03,10.43,--,29,30247,买盘
1190,13:34:00,10.43,--,15,15645,买盘
1191,13:33:57,10.43,0.01,11,11473,买盘
1192,13:33:51,10.42,-0.01,1,1042,卖盘
1193,13:33:45,10.43,0.01,5,5215,买盘
1194,13:33:42,10.42,-0.01,30,31260,卖盘
1195,13:33:36,10.43,0.01,10,10430,买盘
1196,13:33:33,10.42,--,15,15630,卖盘
1197,13:33:21,10.42,-0.01,64,66688,卖盘
1198,13:33:18,10.43,0.01,8,8344,买盘
1199,13:33:12,10.42,-0.01,72,75024,卖盘
1200,13:33:09,10.43,0.01,30,31290,买盘
1201,13:33:06,10.42,-0.01,19,19798,卖盘
1202,13:33:00,10.43,--,9,9387,买盘
1203,13:32:57,10.43,--,1,1043,买盘
1204,13:32:51,10.43,--,14,14602,买盘
1205,13:32:48,10.43,0.01,20,20860,买盘
1206,13:32:36,10.42,--,53,55226,卖盘
1207,13:32:30,10.42,-0.01,8,8336,卖盘
1208,13:32:24,10.43,--,10,10430,买盘
1209,13:32:18,10.43,--,40,41720,买盘
1210,13:32:12,10.43,0.01,10,10430,买盘
1211,13:32:09,10.42,-0.01,4,4168,卖盘
1212,13:32:06,10.43,0.01,10,10430,买盘
1213,13:32:03,10.42,-0.01,10,10420,卖盘
1214,13:31:57,10.43,0.01,10,10430,买盘
1215,13:31:54,10.42,-0.01,19,19798,卖盘
1216,13:31:51,10.43,0.01,10,10430,买盘
1217,13:31:48,10.42,--,60,62520,卖盘
1218,13:31:45,10.42,-0.01,50,52100,卖盘
1219,13:31:36,10.43,0.01,30,31290,买盘
1220,13:31:33,10.42,--,5,5210,卖盘
1221,13:31:24,10.42,--,15,15630,卖盘
1222,13:31:18,10.42,-0.01,239,249038,卖盘
1223,13:31:15,10.43,0.01,10,10430,买盘
1224,13:31:12,10.42,--,18,18756,卖盘
1225,13:31:09,10.42,--,5,5210,卖盘
1226,13:31:06,10.42,-0.01,10,10420,卖盘
1227,13:31:00,10.43,--,21,21903,买盘
1228,13:30:57,10.43,--,10,10430,买盘
1229,13:30:54,10.43,--,10,10430,买盘
1230,13:30:45,10.43,-0.01,648,675864,卖盘
1231,13:30:33,10.44,-0.01,20,20880,买盘
1232,13:30:30,10.45,0.01,11,11495,买盘
1233,13:30:24,10.44,--,27,28584,卖盘
1234,13:30:15,10.44,-0.01,5,5220,卖盘
1235,13:30:12,10.45,--,3,3135,买盘
1236,13:30:06,10.45,--,17,17765,买盘
1237,13:30:03,10.45,0.01,87,90915,买盘
1238,13:29:57,10.44,-0.01,45,46980,卖盘
1239,13:29:42,10.45,--,1,1045,买盘
1240,13:29:39,10.45,--,10,10450,买盘
1241,13:29:36,10.45,--,10,10450,买盘
1242,13:29:30,10.45,--,7,7314,卖盘
1243,13:29:24,10.45,-0.01,5,5225,卖盘
1244,13:29:21,10.46,--,114,119244,买盘
1245,13:29:18,10.46,0.01,10,10460,买盘
1246,13:29:15,10.45,0.01,14,14629,买盘
1247,13:29:12,10.44,--,80,83520,卖盘
1248,13:29:09,10.44,-0.01,1,1044,卖盘
1249,13:29:03,10.45,-0.01,19,19855,卖盘
1250,13:29:00,10.46,--,10,10460,买盘
1251,13:28:57,10.46,0.01,38,39748,买盘
1252,13:28:48,10.45,--,27,28214,卖盘
1253,13:28:42,10.45,--,7,7314,卖盘
1254,13:28:33,10.45,--,20,20900,买盘
1255,13:28:30,10.45,0.01,10,10450,买盘
1256,13:28:27,10.44,--,10,11087,买盘
1257,13:28:24,10.44,--,47,49464,卖盘
1258,13:28:21,10.44,-0.01,20,20880,卖盘
1259,13:28:18,10.45,--,160,167200,买盘
1260,13:28:15,10.45,0.01,10,10450,买盘
1261,13:28:12,10.44,--,1,1044,卖盘
1262,13:28:03,10.44,--,8,8352,卖盘
1263,13:28:00,10.44,--,24,25703,买盘
1264,13:27:45,10.44,--,18,18792,买盘
1265,13:27:42,10.44,0.01,8,8352,买盘
1266,13:27:36,10.43,-0.01,1,1043,卖盘
1267,13:27:30,10.44,--,20,20880,买盘
1268,13:27:27,10.44,--,58,60948,卖盘
1269,13:27:24,10.44,-0.01,1,1044,卖盘
1270,13:27:21,10.45,0.01,10,10450,买盘
1271,13:27:18,10.44,--,80,83520,卖盘
1272,13:27:06,10.44,--,19,19836,卖盘
1273,13:27:03,10.44,-0.01,12,12528,卖盘
1274,13:27:00,10.45,0.01,12,12540,买盘
1275,13:26:57,10.44,-0.01,20,20880,卖盘
1276,13:26:54,10.45,--,1,1045,买盘
1277,13:26:48,10.45,--,1,1045,买盘
1278,13:26:45,10.45,0.01,1,1045,买盘
1279,13:26:42,10.44,-0.01,1,1044,卖盘
1280,13:26:33,10.45,0.01,20,20900,买盘
1281,13:26:30,10.44,--,4,4176,卖盘
1282,13:26:27,10.44,--,4,4176,卖盘
1283,13:26:24,10.44,--,35,36540,卖盘
1284,13:26:21,10.44,--,12,13175,买盘
1285,13:26:18,10.44,0.01,5,5220,买盘
1286,13:26:15,10.43,-0.01,1,1043,卖盘
1287,13:26:12,10.44,--,47,49068,买盘
1288,13:26:09,10.44,--,100,104400,买盘
1289,13:26:03,10.44,0.01,2,2088,买盘
1290,13:25:57,10.43,-0.01,33,34419,卖盘
1291,13:25:54,10.44,0.01,5,5220,买盘
1292,13:25:48,10.43,--,33,34419,卖盘
1293,13:25:45,10.43,-0.01,31,32333,卖盘
1294,13:25:39,10.44,--,34,35496,买盘
1295,13:25:36,10.44,--,4,4176,买盘
1296,13:25:30,10.44,0.01,20,20880,买盘
1297,13:25:27,10.43,-0.01,10,10430,卖盘
1298,13:25:24,10.44,0.01,10,10440,买盘
1299,13:25:21,10.43,--,1,1043,卖盘
1300,13:25:18,10.43,--,6,6258,卖盘
1301,13:25:15,10.43,--,1,1043,卖盘
1302,13:25:12,10.43,--,26,27118,卖盘
1303,13:25:06,10.43,--,1,1043,买盘
1304,13:25:03,10.43,--,10,10430,买盘
1305,13:25:00,10.43,--,15,15645,买盘
1306,13:24:57,10.43,--,1,1043,买盘
1307,13:24:54,10.43,--,5,5215,卖盘
1308,13:24:51,10.43,-0.01,1,1043,中性盘
1309,13:24:45,10.44,0.01,119,124236,买盘
1310,13:24:42,10.43,-0.01,67,69881,卖盘
1311,13:24:39,10.44,0.01,20,20880,买盘
1312,13:24:36,10.43,-0.01,720,750960,卖盘
1313,13:24:33,10.44,0.01,52,54288,买盘
1314,13:24:24,10.43,--,44,45892,卖盘
1315,13:24:18,10.43,-0.01,20,20860,卖盘
1316,13:24:15,10.44,0.01,10,10440,买盘
1317,13:24:12,10.43,-0.01,20,20860,卖盘
1318,13:24:09,10.44,0.01,1,1044,买盘
1319,13:24:03,10.43,-0.01,38,39634,卖盘
1320,13:24:00,10.44,0.01,20,20880,买盘
1321,13:23:57,10.43,-0.01,5,5215,卖盘
1322,13:23:54,10.44,--,1,1044,买盘
1323,13:23:51,10.44,--,27,28188,买盘
1324,13:23:48,10.44,--,155,162216,卖盘
1325,13:23:45,10.44,-0.01,30,31967,卖盘
1326,13:23:36,10.45,--,478,500178,卖盘
1327,13:23:30,10.45,--,35,36575,卖盘
1328,13:23:27,10.45,--,112,117039,卖盘
1329,13:23:21,10.45,--,10,10450,卖盘
1330,13:23:18,10.45,-0.01,1,1045,卖盘
1331,13:23:15,10.46,0.01,9,9414,买盘
1332,13:23:09,10.45,-0.01,1,1045,卖盘
1333,13:23:03,10.46,--,15,15690,买盘
1334,13:22:57,10.46,--,10,10460,买盘
1335,13:22:51,10.46,--,13,13598,买盘
1336,13:22:48,10.46,-0.01,7,7322,卖盘
1337,13:22:39,10.47,--,10,10470,买盘
1338,13:22:36,10.47,0.02,8,8376,买盘
1339,13:22:27,10.45,-0.01,509,531905,卖盘
1340,13:22:21,10.46,-0.01,79,82634,卖盘
1341,13:22:18,10.47,0.01,30,31410,买盘
1342,13:22:15,10.46,--,44,46024,卖盘
1343,13:21:57,10.46,-0.01,24,25104,卖盘
1344,13:21:54,10.47,0.01,1,1047,买盘
1345,13:21:45,10.46,--,40,41840,卖盘
1346,13:21:33,10.46,-0.01,19,19874,卖盘
1347,13:21:30,10.47,0.01,22,23034,买盘
1348,13:21:21,10.46,-0.01,4,4184,卖盘
1349,13:21:12,10.47,--,14,14658,买盘
1350,13:21:06,10.47,0.01,10,10470,买盘
1351,13:21:03,10.46,--,31,32426,卖盘
1352,13:21:00,10.46,-0.01,1,1046,卖盘
1353,13:20:54,10.47,--,1,1047,买盘
1354,13:20:51,10.47,--,11,11517,买盘
1355,13:20:48,10.47,--,9,9423,买盘
1356,13:20:39,10.47,0.01,10,10470,买盘
1357,13:20:36,10.46,--,40,41840,卖盘
1358,13:20:33,10.46,-0.01,6,6276,卖盘
1359,13:20:30,10.47,0.01,21,21987,买盘
1360,13:20:27,10.46,-0.01,6,6276,卖盘
1361,13:20:18,10.47,0.01,10,10470,买盘
1362,13:20:06,10.46,--,2,2092,卖盘
1363,13:20:03,10.46,-0.01,23,24058,卖盘
1364,13:20:00,10.47,--,10,10470,买盘
1365,13:19:57,10.47,0.01,10,10470,买盘
1366,13:19:54,10.46,-0.01,1,1046,卖盘
1367,13:19:45,10.47,--,200,209400,买盘
1368,13:19:33,10.47,--,10,10470,买盘
1369,13:19:27,10.47,--,6,6282,买盘
1370,13:19:24,10.47,--,2,2094,买盘
1371,13:19:21,10.47,--,1,1047,买盘
1372,13:19:12,10.47,--,20,20940,买盘
1373,13:19:09,10.47,0.01,10,10470,买盘
1374,13:19:06,10.46,--,100,104600,卖盘
1375,13:19:03,10.46,--,15,15690,卖盘
1376,13:18:57,10.46,--,3,3138,卖盘
1377,13:18:54,10.46,-0.01,4,4184,卖盘
1378,13:18:48,10.47,--,10,10470,买盘
1379,13:18:45,10.47,0.01,21,21987,买盘
1380,13:18:42,10.46,--,87,91002,卖盘
1381,13:18:30,10.46,--,16,16736,卖盘
1382,13:18:27,10.46,--,45,47070,卖盘
1383,13:18:15,10.46,-0.01,21,21966,卖盘
1384,13:18:06,10.47,--,3,3141,卖盘
1385,13:18:03,10.47,--,18,18846,买盘
1386,13:18:00,10.47,--,35,36645,买盘
1387,13:17:57,10.47,--,1,1047,买盘
1388,13:17:54,10.47,--,51,53397,卖盘
1389,13:17:39,10.47,0.01,24,25128,买盘
1390,13:17:27,10.46,-0.01,25,26150,卖盘
1391,13:17:15,10.47,0.01,1,1047,买盘
1392,13:17:12,10.46,--,15,15690,卖盘
1393,13:17:09,10.46,-0.01,59,61714,卖盘
1394,13:17:03,10.47,--,3,3141,买盘
1395,13:16:57,10.47,--,10,10470,买盘
1396,13:16:54,10.47,--,1,1047,买盘
1397,13:16:51,10.47,0.01,5,5235,买盘
1398,13:16:48,10.46,-0.01,17,17782,卖盘
1399,13:16:45,10.47,--,8,8376,买盘
1400,13:16:42,10.47,--,2,2094,卖盘
1401,13:16:30,10.47,-0.01,1,1047,卖盘
1402,13:16:27,10.48,--,10,10480,买盘
1403,13:16:18,10.48,0.02,3,3144,卖盘
1404,13:16:15,10.46,-0.02,2000,2092000,卖盘
1405,13:16:12,10.48,-0.01,25,26200,卖盘
1406,13:16:09,10.49,0.01,10,10490,买盘
1407,13:15:54,10.48,-0.01,5,5240,卖盘
1408,13:15:42,10.49,0.01,10,10490,买盘
1409,13:15:39,10.48,-0.01,8,8384,卖盘
1410,13:15:33,10.49,0.01,10,10490,买盘
1411,13:15:27,10.48,--,1,1048,卖盘
1412,13:15:24,10.48,--,6,6288,卖盘
1413,13:15:21,10.48,-0.01,5,5240,卖盘
1414,13:15:18,10.49,0.01,10,10490,买盘
1415,13:15:06,10.48,-0.01,110,115280,卖盘
1416,13:14:54,10.49,--,31,32519,买盘
1417,13:14:51,10.49,--,1,1049,买盘
1418,13:14:45,10.49,--,6,6294,买盘
1419,13:14:42,10.49,--,10,10490,买盘
1420,13:14:39,10.49,--,56,58744,买盘
1421,13:14:30,10.49,0.01,10,10490,买盘
1422,13:14:09,10.48,-0.01,6,6288,卖盘
1423,13:14:03,10.49,--,10,10490,买盘
1424,13:13:54,10.49,--,10,10490,买盘
1425,13:13:51,10.49,--,1,1049,买盘
1426,13:13:42,10.49,--,10,10490,买盘
1427,13:13:39,10.49,0.01,11,11539,买盘
1428,13:13:36,10.48,-0.01,7,7336,卖盘
1429,13:13:24,10.49,--,2,2098,买盘
1430,13:13:21,10.49,0.01,10,10490,买盘
1431,13:13:18,10.48,-0.01,50,52400,卖盘
1432,13:13:09,10.49,--,49,51401,买盘
1433,13:13:06,10.49,--,21,22029,买盘
1434,13:13:03,10.49,--,11,11539,买盘
1435,13:12:51,10.49,--,1,1049,买盘
1436,13:12:39,10.49,--,18,18882,买盘
1437,13:12:27,10.49,0.01,4,4196,买盘
1438,13:12:15,10.48,-0.01,18,18864,卖盘
1439,13:12:06,10.49,0.01,42,44058,买盘
1440,13:12:03,10.48,-0.01,8,8384,卖盘
1441,13:11:54,10.49,--,100,104900,买盘
1442,13:11:51,10.49,0.01,70,73430,买盘
1443,13:11:48,10.48,-0.01,1,1048,卖盘
1444,13:11:45,10.49,--,12,12588,买盘
1445,13:11:42,10.49,--,5,5245,买盘
1446,13:11:30,10.49,--,162,169938,卖盘
1447,13:11:27,10.49,--,23,24127,卖盘
1448,13:11:24,10.49,-0.01,23,24127,卖盘
1449,13:11:18,10.5,--,21,22050,买盘
1450,13:11:15,10.5,--,10,10500,买盘
1451,13:11:09,10.5,--,5,5250,买盘
1452,13:11:06,10.5,0.01,10,10500,买盘
1453,13:11:03,10.49,-0.01,30,31470,卖盘
1454,13:11:00,10.5,0.01,10,10500,买盘
1455,13:10:57,10.49,-0.01,24,25176,卖盘
1456,13:10:54,10.5,--,1,1050,买盘
1457,13:10:39,10.5,--,10,10500,买盘
1458,13:10:36,10.5,0.01,1,1050,买盘
1459,13:10:27,10.49,-0.01,2,2098,卖盘
1460,13:10:21,10.5,--,9,9450,买盘
1461,13:10:12,10.5,--,10,10500,买盘
1462,13:10:09,10.5,--,50,52500,买盘
1463,13:10:03,10.5,0.01,10,10500,买盘
1464,13:10:00,10.49,--,3,3147,卖盘
1465,13:09:57,10.49,-0.01,2,2098,卖盘
1466,13:09:54,10.5,--,1,1050,买盘
1467,13:09:48,10.5,--,10,10500,买盘
1468,13:09:33,10.5,--,21,22050,买盘
1469,13:09:30,10.5,0.01,20,21000,买盘
1470,13:09:18,10.49,-0.01,41,43009,卖盘
1471,13:09:03,10.5,--,10,10500,买盘
1472,13:08:51,10.5,--,12,12600,买盘
1473,13:08:48,10.5,0.01,23,24150,买盘
1474,13:08:45,10.49,-0.01,2,2098,卖盘
1475,13:08:39,10.5,--,10,10500,买盘
1476,13:08:36,10.5,--,4,4200,买盘
1477,13:08:27,10.5,--,5,5250,买盘
1478,13:08:21,10.5,--,10,10500,买盘
1479,13:07:51,10.5,--,21,22050,买盘
1480,13:07:45,10.5,--,3,3150,买盘
1481,13:07:33,10.5,--,21,22050,买盘
1482,13:07:30,10.5,--,11,11550,买盘
1483,13:07:24,10.5,0.01,24,25200,买盘
1484,13:07:21,10.49,--,10,10490,卖盘
1485,13:07:12,10.49,-0.01,22,23078,卖盘
1486,13:07:03,10.5,--,10,10500,买盘
1487,13:06:51,10.5,0.01,1,1050,买盘
1488,13:06:45,10.49,--,7,7343,卖盘
1489,13:06:42,10.49,--,65,68185,卖盘
1490,13:06:24,10.49,-0.01,1,1049,卖盘
1491,13:06:18,10.5,--,10,10500,买盘
1492,13:06:15,10.5,--,1,1050,买盘
1493,13:06:06,10.5,--,224,235200,卖盘
1494,13:06:03,10.5,-0.01,32,33600,卖盘
1495,13:05:54,10.51,--,10,10510,买盘
1496,13:05:51,10.51,0.01,2,2102,买盘
1497,13:05:48,10.5,-0.01,26,27300,卖盘
1498,13:05:33,10.51,--,19,19969,买盘
1499,13:05:30,10.51,--,1,1051,买盘
1500,13:05:24,10.51,--,2,2102,买盘
1501,13:05:12,10.51,--,23,24173,买盘
1502,13:05:06,10.51,--,10,10510,买盘
1503,13:04:54,10.51,--,11,11561,买盘
1504,13:04:51,10.51,--,1,1051,买盘
1505,13:04:45,10.51,0.01,10,10510,买盘
1506,13:04:42,10.5,--,2,2100,卖盘
1507,13:04:36,10.5,--,4,4200,卖盘
1508,13:04:24,10.5,--,17,17850,卖盘
1509,13:04:12,10.5,--,4,4200,买盘
1510,13:04:00,10.5,--,28,29400,买盘
1511,13:03:57,10.5,--,14,14700,买盘
1512,13:03:45,10.5,--,3,3150,买盘
1513,13:03:39,10.5,0.01,64,67200,买盘
1514,13:03:30,10.49,-0.01,10,10490,卖盘
1515,13:03:18,10.5,--,16,16800,买盘
1516,13:03:06,10.5,0.01,30,31500,买盘
1517,13:03:03,10.49,--,20,20980,卖盘
1518,13:02:51,10.49,-0.01,23,24127,卖盘
1519,13:02:48,10.5,--,26,27300,买盘
1520,13:02:39,10.5,--,35,36750,买盘
1521,13:02:30,10.5,0.01,10,10500,买盘
1522,13:02:18,10.49,--,5,5245,卖盘
1523,13:02:06,10.49,-0.01,3,3147,卖盘
1524,13:02:03,10.5,0.01,21,22050,买盘
1525,13:02:00,10.49,--,106,111194,买盘
1526,13:01:54,10.49,--,9,9441,买盘
1527,13:01:51,10.49,0.01,1,1049,买盘
1528,13:01:39,10.48,--,17,17816,卖盘
1529,13:01:36,10.48,0.01,119,124712,买盘
1530,13:01:30,10.47,-0.01,60,62820,卖盘
1531,13:01:15,10.48,--,5,5240,买盘
1532,13:01:00,10.48,0.01,10,10480,买盘
1533,13:00:54,10.47,-0.01,7,7329,卖盘
1534,13:00:51,10.48,--,18,18864,买盘
1535,13:00:48,10.48,--,3,3144,买盘
1536,13:00:27,10.48,0.01,42,44016,买盘
1537,13:00:24,10.47,--,2,2094,卖盘
1538,13:00:15,10.47,-0.01,5,5235,卖盘
1539,13:00:09,10.48,--,11,11528,买盘
1540,13:00:06,10.48,0.01,72,75456,买盘
1541,13:00:03,10.47,-0.01,813,851211,卖盘
1542,13:00:00,10.48,--,10,10480,卖盘
1543,11:30:00,10.48,--,0,0,卖盘
1544,11:29:48,10.48,-0.01,13,13624,卖盘
1545,11:29:45,10.49,--,1,1049,买盘
1546,11:29:42,10.49,--,15,15735,买盘
1547,11:29:39,10.49,0.01,2,2098,买盘
1548,11:29:30,10.48,0.01,26,27248,中性盘
1549,11:29:21,10.47,-0.01,9,9423,卖盘
1550,11:29:15,10.48,--,4,4192,买盘
1551,11:29:12,10.48,0.01,1,1048,买盘
1552,11:28:57,10.47,0.01,91,95277,买盘
1553,11:28:54,10.46,-0.01,3,3138,卖盘
1554,11:28:51,10.47,0.01,8,8376,买盘
1555,11:28:45,10.46,-0.01,55,57530,卖盘
1556,11:28:42,10.47,0.01,5,5235,买盘
1557,11:28:36,10.46,-0.01,100,104600,卖盘
1558,11:28:33,10.47,0.01,13,13611,买盘
1559,11:28:30,10.46,--,49,51254,卖盘
1560,11:28:27,10.46,--,30,31380,卖盘
1561,11:28:15,10.46,--,21,21966,卖盘
1562,11:28:09,10.46,--,5,5230,卖盘
1563,11:28:03,10.46,--,5,5230,卖盘
1564,11:28:00,10.46,--,1,1046,卖盘
1565,11:27:57,10.46,--,194,203300,卖盘
1566,11:27:51,10.46,-0.01,1,1046,卖盘
1567,11:27:48,10.47,--,5,5235,买盘
1568,11:27:36,10.47,0.01,15,15705,买盘
1569,11:27:33,10.46,-0.01,10,10460,卖盘
1570,11:27:27,10.47,0.01,4,4188,中性盘
1571,11:27:15,10.46,-0.01,56,58576,卖盘
1572,11:27:12,10.47,--,2,2094,卖盘
1573,11:27:06,10.47,--,6,6282,买盘
1574,11:27:00,10.47,-0.01,144,150768,卖盘
1575,11:26:57,10.48,0.01,15,15720,买盘
1576,11:26:54,10.47,-0.01,36,37692,卖盘
1577,11:26:51,10.48,0.01,100,104800,买盘
1578,11:26:42,10.47,-0.01,2,2094,卖盘
1579,11:26:33,10.48,--,21,22008,买盘
1580,11:26:15,10.48,--,10,10480,买盘
1581,11:26:12,10.48,--,7,7336,买盘
1582,11:26:06,10.48,--,78,81744,买盘
1583,11:25:54,10.48,--,23,24104,买盘
1584,11:25:51,10.48,--,181,189688,卖盘
1585,11:25:48,10.48,--,3,3144,卖盘
1586,11:25:42,10.48,--,31,32488,卖盘
1587,11:25:39,10.48,--,6,6288,卖盘
1588,11:25:30,10.48,--,16,16768,卖盘
1589,11:25:21,10.48,0.01,251,263048,买盘
1590,11:25:09,10.47,0.01,299,313053,买盘
1591,11:25:03,10.46,--,11,11506,卖盘
1592,11:25:00,10.46,--,9,9414,卖盘
1593,11:24:57,10.46,--,20,20920,卖盘
1594,11:24:54,10.46,--,25,26150,卖盘
1595,11:24:51,10.46,--,90,94140,买盘
1596,11:24:48,10.46,--,11,11506,买盘
1597,11:24:45,10.46,--,285,298110,买盘
1598,11:24:42,10.46,--,8,8368,买盘
1599,11:24:36,10.46,--,287,300202,卖盘
1600,11:24:33,10.46,-0.01,85,88910,卖盘
1601,11:24:30,10.47,--,47,49209,买盘
1602,11:24:27,10.47,--,101,105747,买盘
1603,11:24:24,10.47,--,10,10470,买盘
1604,11:24:21,10.47,--,2,2094,买盘
1605,11:24:18,10.47,--,43,45021,买盘
1606,11:24:09,10.47,--,136,142392,卖盘
1607,11:24:06,10.47,-0.01,151,158097,卖盘
1608,11:24:03,10.48,--,10,10480,买盘
1609,11:23:57,10.48,--,5,5240,买盘
1610,11:23:54,10.48,-0.01,478,500944,卖盘
1611,11:23:51,10.49,0.01,211,221339,买盘
1612,11:23:48,10.48,-0.01,5,5240,卖盘
1613,11:23:42,10.49,--,1,1049,买盘
1614,11:23:39,10.49,0.01,20,20980,买盘
1615,11:23:33,10.48,-0.01,105,110040,卖盘
1616,11:23:30,10.49,--,22,23078,买盘
1617,11:23:24,10.49,--,1,1049,买盘
1618,11:23:21,10.49,--,18,18882,买盘
1619,11:23:12,10.49,--,1,1049,买盘
1620,11:23:09,10.49,--,499,523451,卖盘
1621,11:23:03,10.49,-0.01,80,83920,卖盘
1622,11:22:51,10.5,0.01,31,32550,买盘
1623,11:22:48,10.49,-0.01,9,9441,卖盘
1624,11:22:42,10.5,--,1,1050,买盘
1625,11:22:39,10.5,0.01,2,2100,买盘
1626,11:22:36,10.49,-0.01,8,8392,卖盘
1627,11:22:24,10.5,--,136,142800,卖盘
1628,11:22:21,10.5,--,20,21000,卖盘
1629,11:22:18,10.5,--,90,94500,卖盘
1630,11:22:15,10.5,--,500,525000,卖盘
1631,11:22:12,10.5,--,50,52500,卖盘
1632,11:22:06,10.5,--,31,32550,卖盘
1633,11:22:03,10.5,--,1,1050,卖盘
1634,11:21:57,10.5,--,10,10500,卖盘
1635,11:21:42,10.5,--,100,105000,卖盘
1636,11:21:36,10.5,-0.01,13,13650,卖盘
1637,11:21:27,10.51,--,15,15765,买盘
1638,11:21:21,10.51,--,30,31530,买盘
1639,11:21:15,10.51,0.01,10,10510,买盘
1640,11:21:12,10.5,-0.01,27,28350,卖盘
1641,11:21:00,10.51,--,21,22071,买盘
1642,11:20:57,10.51,--,35,36785,买盘
1643,11:20:54,10.51,--,21,22071,买盘
1644,11:20:51,10.51,0.01,6,6306,买盘
1645,11:20:48,10.5,--,2,2100,卖盘
1646,11:20:42,10.5,--,1,1050,卖盘
1647,11:20:36,10.5,--,5,5250,卖盘
1648,11:20:33,10.5,--,3,3150,卖盘
1649,11:20:30,10.5,--,19,19950,卖盘
1650,11:20:27,10.5,--,20,21000,卖盘
1651,11:20:21,10.5,--,2,2100,卖盘
1652,11:20:18,10.5,--,302,317100,卖盘
1653,11:20:12,10.5,--,160,168000,卖盘
1654,11:19:48,10.5,--,3,3150,卖盘
1655,11:19:45,10.5,--,8,8400,卖盘
1656,11:19:36,10.5,--,2,2100,卖盘
1657,11:19:33,10.5,-0.01,36,37800,卖盘
1658,11:19:30,10.51,--,5,5255,买盘
1659,11:19:27,10.51,0.01,30,31530,买盘
1660,11:19:24,10.5,--,50,52500,卖盘
1661,11:19:21,10.5,-0.01,16,16800,卖盘
1662,11:19:15,10.51,--,21,22071,买盘
1663,11:19:12,10.51,--,2,2102,买盘
1664,11:19:03,10.51,--,2,2102,买盘
1665,11:18:36,10.51,--,278,292178,卖盘
1666,11:18:18,10.51,-0.01,5,5255,卖盘
1667,11:18:12,10.52,0.01,21,22092,买盘
1668,11:18:09,10.51,-0.01,30,31530,卖盘
1669,11:18:03,10.52,--,1,1052,买盘
1670,11:17:57,10.52,--,4,4208,卖盘
1671,11:17:54,10.52,--,27,28404,买盘
1672,11:17:39,10.52,--,204,214608,卖盘
1673,11:17:30,10.52,--,3,3156,卖盘
1674,11:17:21,10.52,0.01,17,18515,买盘
1675,11:17:15,10.51,--,4,4204,卖盘
1676,11:17:09,10.51,-0.01,5,5255,卖盘
1677,11:17:03,10.52,0.01,2,2104,买盘
1678,11:17:00,10.51,--,99,104049,卖盘
1679,11:16:57,10.51,-0.01,5,5255,卖盘
1680,11:16:54,10.52,--,50,52600,买盘
1681,11:16:42,10.52,0.01,1,1052,买盘
1682,11:16:33,10.51,-0.01,10,10510,卖盘
1683,11:16:18,10.52,--,195,205140,买盘
1684,11:16:12,10.52,--,5,5260,买盘
1685,11:16:00,10.52,--,29,30508,买盘
1686,11:15:45,10.52,--,3,3156,买盘
1687,11:15:42,10.52,--,32,34084,卖盘
1688,11:15:39,10.52,--,1,1683,买盘
1689,11:15:36,10.52,--,21,22092,买盘
1690,11:15:18,10.52,--,10,10520,买盘
1691,11:15:12,10.52,--,20,21040,买盘
1692,11:15:09,10.52,-0.01,267,281304,卖盘
1693,11:15:03,10.53,0.01,100,105300,买盘
1694,11:14:54,10.52,--,30,31560,卖盘
1695,11:14:51,10.52,-0.01,8,8416,卖盘
1696,11:14:48,10.53,--,1,1053,买盘
1697,11:14:45,10.53,0.01,6,6318,买盘
1698,11:14:36,10.52,-0.01,2,2104,卖盘
1699,11:14:03,10.53,0.01,8,8424,买盘
1700,11:14:00,10.52,-0.01,57,59964,卖盘
1701,11:13:51,10.53,0.01,1,1053,买盘
1702,11:13:48,10.52,--,141,148542,卖盘
1703,11:13:45,10.52,-0.01,2,2104,卖盘
1704,11:13:33,10.53,0.01,4,4212,买盘
1705,11:13:21,10.52,-0.01,1,1052,卖盘
1706,11:13:18,10.53,0.01,1,1053,买盘
1707,11:13:12,10.52,--,10,10520,卖盘
1708,11:13:09,10.52,-0.01,2,2104,卖盘
1709,11:13:00,10.53,0.01,8,8424,买盘
1710,11:12:42,10.52,-0.01,1,1052,卖盘
1711,11:12:36,10.53,0.01,10,10530,买盘
1712,11:12:30,10.52,-0.01,5,5260,卖盘
1713,11:12:21,10.53,0.01,9,9477,买盘
1714,11:12:18,10.52,--,1,1052,卖盘
1715,11:12:12,10.52,-0.01,0,420,卖盘
1716,11:12:09,10.53,--,8,8424,买盘
1717,11:12:00,10.53,0.01,10,10530,买盘
1718,11:11:57,10.52,-0.01,1,1052,卖盘
1719,11:11:51,10.53,--,14,14742,买盘
1720,11:11:48,10.53,0.01,61,64232,买盘
1721,11:11:45,10.52,--,6,6312,卖盘
1722,11:11:39,10.52,--,6,6312,卖盘
1723,11:11:30,10.52,0.01,28,29456,买盘
1724,11:11:27,10.51,-0.01,46,48346,卖盘
1725,11:11:24,10.52,0.01,30,31560,买盘
1726,11:11:21,10.51,-0.01,2,2102,卖盘
1727,11:11:03,10.52,0.01,27,28404,中性盘
1728,11:10:39,10.51,-0.02,500,525500,卖盘
1729,11:10:30,10.53,--,488,513863,卖盘
1730,11:10:24,10.53,-0.01,20,21060,卖盘
1731,11:10:18,10.54,0.01,10,10540,买盘
1732,11:10:15,10.53,-0.01,8,8424,卖盘
1733,11:10:00,10.54,0.01,24,25295,买盘
1734,11:09:57,10.53,-0.01,5,5265,卖盘
1735,11:09:36,10.54,0.01,5,5270,买盘
1736,11:09:30,10.53,-0.01,2,2106,卖盘
1737,11:09:27,10.54,0.01,20,21080,买盘
1738,11:09:24,10.53,-0.01,8,8424,卖盘
1739,11:09:18,10.54,--,23,24241,买盘
1740,11:09:15,10.54,0.01,5,5270,买盘
1741,11:09:12,10.53,-0.01,230,242189,卖盘
1742,11:09:09,10.54,--,19,20026,买盘
1743,11:09:00,10.54,0.01,4,4216,买盘
1744,11:08:57,10.53,--,40,42120,卖盘
1745,11:08:45,10.53,-0.01,11,11583,卖盘
1746,11:08:42,10.54,0.01,80,84320,买盘
1747,11:08:39,10.53,-0.01,10,10530,卖盘
1748,11:08:12,10.54,-0.01,21,22134,中性盘
1749,11:08:09,10.55,0.01,36,37980,买盘
1750,11:07:51,10.54,-0.01,31,32673,卖盘
1751,11:07:48,10.55,0.01,300,316500,买盘
1752,11:07:33,10.54,0.01,30,31619,买盘
1753,11:07:27,10.53,--,21,22113,卖盘
1754,11:07:12,10.53,-0.01,4,4212,卖盘
1755,11:07:03,10.54,-0.01,10,10540,买盘
1756,11:06:51,10.55,--,49,51695,买盘
1757,11:06:45,10.55,0.01,48,50640,买盘
1758,11:06:42,10.54,--,8,8432,卖盘
1759,11:06:30,10.54,--,41,43214,卖盘
1760,11:06:24,10.54,-0.01,12,12647,中性盘
1761,11:06:12,10.55,0.01,30,31650,买盘
1762,11:06:09,10.54,--,13,13701,卖盘
1763,11:06:03,10.54,-0.01,7,7377,卖盘
1764,11:05:51,10.55,0.01,1,1055,买盘
1765,11:05:30,10.54,--,1,1054,卖盘
1766,11:05:27,10.54,--,400,421599,卖盘
1767,11:05:24,10.54,--,30,31619,卖盘
1768,11:05:21,10.54,--,31,32673,卖盘
1769,11:05:06,10.54,-0.01,8,8432,卖盘
1770,11:04:51,10.55,--,8,8440,买盘
1771,11:04:48,10.55,--,9,9495,买盘
1772,11:04:30,10.55,0.01,21,22155,买盘
1773,11:04:27,10.54,-0.01,3,3161,卖盘
1774,11:04:21,10.55,--,258,272190,买盘
1775,11:04:18,10.55,0.01,10,10550,买盘
1776,11:04:15,10.54,--,20,21080,卖盘
1777,11:04:09,10.54,-0.01,3,3161,卖盘
1778,11:03:57,10.55,--,10,10550,买盘
1779,11:03:51,10.55,--,16,16880,买盘
1780,11:03:45,10.55,0.01,47,49585,买盘
1781,11:03:42,10.54,--,1,1054,卖盘
1782,11:03:39,10.54,-0.01,5,5270,卖盘
1783,11:03:36,10.55,--,10,10550,买盘
1784,11:03:33,10.55,0.01,16,16880,买盘
1785,11:03:27,10.54,--,13,13701,卖盘
1786,11:03:18,10.54,--,1,1054,卖盘
1787,11:03:15,10.54,--,5,5270,卖盘
1788,11:03:12,10.54,-0.01,20,21080,卖盘
1789,11:03:03,10.55,0.01,4,4220,买盘
1790,11:02:57,10.54,-0.01,11,11593,卖盘
1791,11:02:54,10.55,--,3,3165,买盘
1792,11:02:42,10.55,--,521,549655,买盘
1793,11:02:39,10.55,--,9,9495,买盘
1794,11:02:33,10.55,--,10,10550,买盘
1795,11:02:30,10.55,--,15,15825,买盘
1796,11:02:27,10.55,--,3,3165,买盘
1797,11:02:15,10.55,0.01,55,58025,买盘
1798,11:02:12,10.54,--,3,3161,卖盘
1799,11:01:57,10.54,-0.01,20,21080,卖盘
1800,11:01:42,10.55,0.01,2,2110,买盘
1801,11:01:39,10.54,-0.01,8,8432,卖盘
1802,11:01:27,10.55,--,20,21100,买盘
1803,11:01:21,10.55,--,10,10550,买盘
1804,11:01:15,10.55,--,2,2110,买盘
1805,11:01:03,10.55,0.01,10,10550,买盘
1806,11:00:48,10.54,--,19,20026,买盘
1807,11:00:45,10.54,--,5,5270,买盘
1808,11:00:42,10.54,0.01,41,43214,买盘
1809,11:00:39,10.53,-0.01,8,8424,卖盘
1810,11:00:36,10.54,0.01,34,35836,买盘
1811,11:00:33,10.53,--,10,10530,卖盘
1812,11:00:30,10.53,--,12,12636,卖盘
1813,11:00:21,10.53,--,32,33696,卖盘
1814,11:00:18,10.53,0.01,52,54756,买盘
1815,11:00:15,10.52,--,1,1052,卖盘
1816,11:00:12,10.52,--,23,24196,卖盘
1817,11:00:09,10.52,-0.01,2,2104,卖盘
1818,10:59:54,10.53,--,1,1053,买盘
1819,10:59:51,10.53,0.01,10,10530,中性盘
1820,10:59:45,10.52,--,2,2104,卖盘
1821,10:59:39,10.52,-0.01,118,124136,卖盘
1822,10:59:36,10.53,--,3,3159,卖盘
1823,10:59:18,10.53,--,178,187434,买盘
1824,10:59:06,10.53,0.01,5,5265,买盘
1825,10:59:03,10.52,-0.01,4,4208,卖盘
1826,10:58:57,10.53,0.01,21,22113,买盘
1827,10:58:54,10.52,--,3,3156,卖盘
1828,10:58:48,10.52,--,33,34716,买盘
1829,10:58:39,10.52,--,76,79952,卖盘
1830,10:58:33,10.52,--,2,2104,卖盘
1831,10:58:27,10.52,--,12,12624,卖盘
1832,10:58:18,10.52,--,35,36820,卖盘
1833,10:58:15,10.52,-0.01,6,6312,卖盘
1834,10:58:12,10.53,0.01,23,24219,买盘
1835,10:58:06,10.52,--,20,21040,卖盘
1836,10:57:54,10.52,--,5,5260,卖盘
1837,10:57:48,10.52,--,74,77848,卖盘
1838,10:57:45,10.52,-0.01,200,210400,卖盘
1839,10:57:39,10.53,0.01,98,103194,买盘
1840,10:57:36,10.52,-0.01,167,175684,卖盘
1841,10:57:27,10.53,--,18,18954,买盘
1842,10:57:24,10.53,0.01,1,1053,买盘
1843,10:57:18,10.52,--,12,12624,卖盘
1844,10:57:12,10.52,0.01,9,9468,中性盘
1845,10:57:03,10.51,-0.01,19,19969,卖盘
1846,10:56:57,10.52,--,16,16832,买盘
1847,10:56:54,10.52,--,5,5260,买盘
1848,10:56:51,10.52,--,13,13676,买盘
1849,10:56:48,10.52,--,102,107304,买盘
1850,10:56:42,10.52,--,18,18936,买盘
1851,10:56:39,10.52,--,10,10520,买盘
1852,10:56:30,10.52,--,15,15780,买盘
1853,10:56:27,10.52,--,100,105200,卖盘
1854,10:56:21,10.52,--,14,14728,卖盘
1855,10:56:18,10.52,-0.01,3,3156,卖盘
1856,10:56:12,10.53,--,148,155844,买盘
1857,10:56:09,10.53,--,10,10530,买盘
1858,10:56:06,10.53,0.01,4,4212,买盘
1859,10:56:03,10.52,--,42,44184,卖盘
1860,10:55:45,10.52,--,224,235648,卖盘
1861,10:55:42,10.52,--,10,10520,卖盘
1862,10:55:39,10.52,--,9,9468,卖盘
1863,10:55:33,10.52,0.01,50,52600,中性盘
1864,10:55:24,10.51,-0.01,118,124018,卖盘
1865,10:55:18,10.52,0.01,44,46288,买盘
1866,10:55:15,10.51,-0.01,7,7357,卖盘
1867,10:55:12,10.52,0.01,25,26300,买盘
1868,10:55:09,10.51,-0.01,51,53601,卖盘
1869,10:55:03,10.52,0.01,9,9468,中性盘
1870,10:55:00,10.51,-0.01,165,173415,卖盘
1871,10:54:57,10.52,--,9,9468,卖盘
1872,10:54:54,10.52,0.01,1,1052,买盘
1873,10:54:51,10.51,--,1,1051,卖盘
1874,10:54:48,10.51,-0.01,100,105100,卖盘
1875,10:54:45,10.52,0.01,40,42080,买盘
1876,10:54:42,10.51,-0.01,5,5255,卖盘
1877,10:54:39,10.52,0.01,29,30508,买盘
1878,10:54:36,10.51,--,79,83029,卖盘
1879,10:54:33,10.51,--,183,192333,卖盘
1880,10:54:30,10.51,--,20,21020,卖盘
1881,10:54:21,10.51,--,3,3153,卖盘
1882,10:54:18,10.51,--,15,15765,卖盘
1883,10:54:12,10.51,-0.03,1000,1051000,卖盘
1884,10:54:06,10.54,0.01,110,115939,买盘
1885,10:54:03,10.53,-0.01,7,7371,卖盘
1886,10:53:51,10.54,0.01,7,7377,买盘
1887,10:53:48,10.53,--,18,18954,卖盘
1888,10:53:45,10.53,-0.01,1,1053,卖盘
1889,10:53:42,10.54,--,420,442679,卖盘
1890,10:53:39,10.54,-0.01,8,8432,卖盘
1891,10:53:36,10.55,0.01,21,22155,买盘
1892,10:53:33,10.54,-0.01,27,28457,卖盘
1893,10:53:12,10.55,--,27,28485,卖盘
1894,10:53:06,10.55,-0.02,3,3165,卖盘
1895,10:52:57,10.57,0.02,11,11627,买盘
1896,10:52:54,10.55,-0.02,500,527500,卖盘
1897,10:52:48,10.57,0.01,40,42280,买盘
1898,10:52:39,10.56,--,8,8448,卖盘
1899,10:52:27,10.56,--,2,2112,卖盘
1900,10:52:21,10.56,--,20,21120,卖盘
1901,10:52:18,10.56,--,5,5280,卖盘
1902,10:52:15,10.56,--,10,10560,卖盘
1903,10:52:09,10.56,-0.01,10,10560,卖盘
1904,10:51:57,10.57,--,1,1057,买盘
1905,10:51:39,10.57,-0.01,17,17969,卖盘
1906,10:51:36,10.58,0.01,21,22218,买盘
1907,10:51:33,10.57,--,5,5285,卖盘
1908,10:51:21,10.57,0.01,5,5285,买盘
1909,10:51:12,10.56,--,113,119328,买盘
1910,10:51:06,10.56,--,1,1056,买盘
1911,10:51:03,10.56,--,11,11616,买盘
1912,10:50:39,10.56,-0.01,3,3168,卖盘
1913,10:50:33,10.57,0.02,15,15855,买盘
1914,10:50:30,10.55,-0.02,704,742720,卖盘
1915,10:49:57,10.57,-0.01,21,22197,卖盘
1916,10:49:48,10.58,0.01,21,22218,买盘
1917,10:49:45,10.57,--,21,22197,卖盘
1918,10:49:39,10.57,--,18,19026,卖盘
1919,10:49:36,10.57,-0.01,2,2114,卖盘
1920,10:49:27,10.58,--,15,15870,买盘
1921,10:49:21,10.58,--,1,1058,买盘
1922,10:49:15,10.58,0.01,73,77234,买盘
1923,10:49:12,10.57,--,1,1057,卖盘
1924,10:48:51,10.57,-0.01,10,10570,卖盘
1925,10:48:48,10.58,--,60,63480,卖盘
1926,10:48:45,10.58,0.01,5,5290,买盘
1927,10:48:39,10.57,-0.01,8,8456,卖盘
1928,10:48:24,10.58,--,5,5290,买盘
1929,10:48:06,10.58,--,21,22218,买盘
1930,10:47:51,10.58,0.02,1,1058,买盘
1931,10:47:48,10.56,--,15,15840,卖盘
1932,10:47:39,10.56,--,8,8448,卖盘
1933,10:47:36,10.56,-0.01,1,1056,卖盘
1934,10:47:24,10.57,--,8,8456,买盘
1935,10:47:21,10.57,0.01,1,1057,买盘
1936,10:47:09,10.56,--,50,52800,卖盘
1937,10:46:54,10.56,--,5,5280,卖盘
1938,10:46:45,10.56,--,3,3168,买盘
1939,10:46:39,10.56,-0.01,5,5280,卖盘
1940,10:46:24,10.57,--,807,852999,买盘
1941,10:46:21,10.57,--,8,8456,买盘
1942,10:46:18,10.57,--,31,32767,买盘
1943,10:46:15,10.57,--,8,8456,买盘
1944,10:45:54,10.57,--,2,2114,买盘
1945,10:45:51,10.57,--,542,572894,卖盘
1946,10:45:39,10.57,-0.01,20,21140,卖盘
1947,10:45:36,10.58,--,110,116380,买盘
1948,10:45:09,10.58,--,30,31740,买盘
1949,10:45:00,10.58,--,6,6348,买盘
1950,10:44:57,10.58,0.01,1,1058,买盘
1951,10:44:45,10.57,-0.01,6,6342,卖盘
1952,10:44:42,10.58,0.02,753,796674,买盘
1953,10:44:39,10.56,--,138,145728,卖盘
1954,10:44:24,10.56,-0.01,6,6336,卖盘
1955,10:44:21,10.57,0.01,57,60249,买盘
1956,10:44:15,10.56,-0.01,121,127776,卖盘
1957,10:44:12,10.57,0.01,30,31710,买盘
1958,10:44:06,10.56,-0.01,3,3168,卖盘
1959,10:43:57,10.57,--,10,10570,买盘
1960,10:43:39,10.57,--,36,38052,买盘
1961,10:43:33,10.57,--,17,17969,买盘
1962,10:43:27,10.57,--,24,25368,买盘
1963,10:43:24,10.57,--,9,9513,买盘
1964,10:43:21,10.57,--,5,5285,买盘
1965,10:43:03,10.57,--,7,7399,买盘
1966,10:42:54,10.57,0.02,6,6342,买盘
1967,10:42:51,10.55,-0.01,24,25320,卖盘
1968,10:42:48,10.56,--,94,99264,买盘
1969,10:42:42,10.56,0.01,55,58080,买盘
1970,10:42:39,10.55,-0.01,8,8440,卖盘
1971,10:42:36,10.56,0.01,5,5280,买盘
1972,10:42:33,10.55,-0.01,1,1055,卖盘
1973,10:42:30,10.56,--,21,22176,买盘
1974,10:42:06,10.56,--,29,30624,买盘
1975,10:42:03,10.56,--,1,1056,买盘
1976,10:42:00,10.56,--,2,2112,买盘
1977,10:41:48,10.56,0.01,1,1056,买盘
1978,10:41:42,10.55,--,11,11605,卖盘
1979,10:41:39,10.55,--,8,8440,卖盘
1980,10:41:33,10.55,--,5,5275,卖盘
1981,10:41:18,10.55,-0.01,10,10550,卖盘
1982,10:41:12,10.56,-0.01,54,57024,卖盘
1983,10:40:57,10.57,0.01,21,22197,买盘
1984,10:40:39,10.56,-0.01,20,21120,卖盘
1985,10:40:30,10.57,0.02,114,120498,买盘
1986,10:40:21,10.55,-0.02,4,4220,卖盘
1987,10:39:51,10.57,0.01,60,63420,买盘
1988,10:39:36,10.56,-0.01,18,19008,卖盘
1989,10:39:24,10.57,0.01,68,71876,买盘
1990,10:39:06,10.56,-0.01,36,38016,卖盘
1991,10:38:54,10.57,0.01,22,23254,买盘
1992,10:38:51,10.56,--,9,9504,卖盘
1993,10:38:39,10.56,--,8,8448,卖盘
1994,10:38:36,10.56,-0.01,4,4224,卖盘
1995,10:38:21,10.57,0.01,299,316043,买盘
1996,10:38:12,10.56,--,20,21120,卖盘
1997,10:38:03,10.56,--,12,12672,卖盘
1998,10:38:00,10.56,-0.01,79,83424,卖盘
1999,10:37:54,10.57,--,6,6342,卖盘
2000,10:37:51,10.57,--,21,22197,卖盘
2001,10:37:45,10.57,--,105,110985,卖盘
2002,10:37:42,10.57,--,50,52850,卖盘
2003,10:37:39,10.57,0.01,8,8456,卖盘
2004,10:37:33,10.56,0.01,20,21120,中性盘
2005,10:37:27,10.55,-0.03,100,105500,卖盘
2006,10:37:24,10.58,0.02,751,794558,买盘
2007,10:37:18,10.56,-0.01,50,52800,卖盘
2008,10:37:15,10.57,0.01,50,52850,买盘
2009,10:37:12,10.56,--,96,101376,卖盘
2010,10:37:09,10.56,--,20,21120,卖盘
2011,10:37:03,10.56,--,300,316800,卖盘
2012,10:37:00,10.56,--,4,4224,卖盘
2013,10:36:57,10.56,--,154,162624,卖盘
2014,10:36:54,10.56,-0.01,41,43296,卖盘
2015,10:36:51,10.57,0.01,250,264250,买盘
2016,10:36:42,10.56,--,51,53856,卖盘
2017,10:36:39,10.56,-0.01,8,8448,卖盘
2018,10:36:36,10.57,--,28,29596,买盘
2019,10:36:33,10.57,0.01,64,67648,买盘
2020,10:36:27,10.56,--,5,5280,卖盘
2021,10:36:24,10.56,--,20,21120,卖盘
2022,10:36:15,10.56,-0.01,500,528000,卖盘
2023,10:36:06,10.57,0.01,19,20083,买盘
2024,10:36:00,10.56,-0.01,3,3168,卖盘
2025,10:35:54,10.57,0.01,1,1057,买盘
2026,10:35:51,10.56,-0.01,2,2112,卖盘
2027,10:35:45,10.57,--,90,95130,买盘
2028,10:35:39,10.57,0.01,20,21140,买盘
2029,10:35:36,10.56,-0.01,50,52800,卖盘
2030,10:35:33,10.57,0.01,35,36995,买盘
2031,10:35:27,10.56,--,10,10560,卖盘
2032,10:35:12,10.56,-0.01,32,33792,卖盘
2033,10:35:03,10.57,--,23,24311,买盘
2034,10:35:00,10.57,--,5,5285,买盘
2035,10:34:42,10.57,0.01,10,10570,买盘
2036,10:34:39,10.56,--,8,8448,卖盘
2037,10:34:21,10.56,-0.01,100,105600,卖盘
2038,10:34:18,10.57,0.01,9,9513,买盘
2039,10:34:12,10.56,--,10,10560,卖盘
2040,10:34:06,10.56,-0.01,3,3168,卖盘
2041,10:34:00,10.57,0.01,2,2114,买盘
2042,10:33:57,10.56,-0.01,1,1056,卖盘
2043,10:33:54,10.57,--,7,7399,买盘
2044,10:33:42,10.57,0.01,5,5285,买盘
2045,10:33:39,10.56,-0.01,25,26400,卖盘
2046,10:33:33,10.57,0.01,10,10570,买盘
2047,10:33:24,10.56,-0.01,33,34848,卖盘
2048,10:33:12,10.57,--,21,22197,买盘
2049,10:33:03,10.57,0.01,9,9513,买盘
2050,10:33:00,10.56,--,18,19008,卖盘
2051,10:32:48,10.56,-0.01,8,8448,卖盘
2052,10:32:45,10.57,--,10,10570,买盘
2053,10:32:39,10.57,--,18,19026,买盘
2054,10:32:27,10.57,--,1,1057,买盘
2055,10:32:15,10.57,0.01,3,3171,买盘
2056,10:32:09,10.56,--,20,21120,卖盘
2057,10:32:06,10.56,--,2,2112,卖盘
2058,10:32:03,10.56,--,2,2112,卖盘
2059,10:31:57,10.56,--,4,4224,卖盘
2060,10:31:54,10.56,--,20,21120,卖盘
2061,10:31:51,10.56,--,1,1056,卖盘
2062,10:31:48,10.56,--,2,2112,卖盘
2063,10:31:45,10.56,--,6,6336,卖盘
2064,10:31:42,10.56,--,12,12672,卖盘
2065,10:31:39,10.56,--,8,8448,卖盘
2066,10:31:36,10.56,--,70,73920,卖盘
2067,10:31:27,10.56,--,20,21120,卖盘
2068,10:31:24,10.56,-0.01,23,24288,卖盘
2069,10:31:21,10.57,0.01,12,12684,买盘
2070,10:31:15,10.56,--,175,184800,卖盘
2071,10:31:12,10.56,--,5,5280,卖盘
2072,10:31:00,10.56,-0.01,60,63360,卖盘
2073,10:30:57,10.57,0.01,77,81389,买盘
2074,10:30:54,10.56,--,139,146784,卖盘
2075,10:30:48,10.56,--,1,1056,卖盘
2076,10:30:45,10.56,-0.01,14,14784,卖盘
2077,10:30:42,10.57,0.01,10,10570,买盘
2078,10:30:39,10.56,--,108,114048,卖盘
2079,10:30:33,10.56,--,1,1056,卖盘
2080,10:30:24,10.56,-0.01,1464,1545984,卖盘
2081,10:30:18,10.57,--,18,19026,买盘
2082,10:30:15,10.57,0.01,5,5285,买盘
2083,10:30:12,10.56,-0.01,10,10560,卖盘
2084,10:30:09,10.57,--,39,41223,卖盘
2085,10:30:06,10.57,--,9,9513,卖盘
2086,10:30:03,10.57,-0.01,5,5285,卖盘
2087,10:30:00,10.58,0.01,34,35972,买盘
2088,10:29:57,10.57,--,61,64477,卖盘
2089,10:29:54,10.57,--,24,25368,卖盘
2090,10:29:51,10.57,0.01,3,3171,中性盘
2091,10:29:45,10.56,--,30,31680,卖盘
2092,10:29:42,10.56,-0.01,40,42240,卖盘
2093,10:29:39,10.57,--,2,2114,卖盘
2094,10:29:36,10.57,--,10,10570,卖盘
2095,10:29:33,10.57,--,13,13741,买盘
2096,10:29:30,10.57,0.01,125,132125,买盘
2097,10:29:24,10.56,-0.01,20,21120,卖盘
2098,10:29:15,10.57,--,20,21140,买盘
2099,10:29:09,10.57,--,28,29596,买盘
2100,10:28:57,10.57,0.01,20,21140,买盘
2101,10:28:54,10.56,--,21,22176,卖盘
2102,10:28:51,10.56,-0.01,172,181632,卖盘
2103,10:28:48,10.57,--,12,12684,买盘
2104,10:28:39,10.57,--,4,4228,卖盘
2105,10:28:36,10.57,--,31,32767,卖盘
2106,10:28:30,10.57,--,10,10570,卖盘
2107,10:28:27,10.57,--,10,10570,卖盘
2108,10:28:24,10.57,--,54,57078,买盘
2109,10:28:21,10.57,--,16,16912,卖盘
2110,10:28:15,10.57,--,300,317100,卖盘
2111,10:28:12,10.57,--,21,22197,卖盘
2112,10:28:06,10.57,--,43,45451,卖盘
2113,10:28:00,10.57,--,40,42280,卖盘
2114,10:27:57,10.57,--,3,3171,卖盘
2115,10:27:54,10.57,--,440,465080,卖盘
2116,10:27:51,10.57,--,4,4228,卖盘
2117,10:27:48,10.57,--,10,10570,卖盘
2118,10:27:42,10.57,--,121,127897,卖盘
2119,10:27:39,10.57,--,8,8456,卖盘
2120,10:27:36,10.57,--,6,6342,卖盘
2121,10:27:33,10.57,--,3,3171,卖盘
2122,10:27:30,10.57,--,23,24311,卖盘
2123,10:27:27,10.57,--,94,99358,卖盘
2124,10:27:24,10.57,--,16,16912,卖盘
2125,10:27:15,10.57,-0.01,3,3171,卖盘
2126,10:27:09,10.58,0.01,29,30682,买盘
2127,10:27:06,10.57,-0.01,57,60249,卖盘
2128,10:27:03,10.58,--,54,57132,买盘
2129,10:27:00,10.58,-0.01,39,41262,卖盘
2130,10:26:54,10.59,0.01,1,1059,买盘
2131,10:26:51,10.58,--,285,301530,卖盘
2132,10:26:42,10.58,--,35,37030,卖盘
2133,10:26:39,10.58,-0.01,8,8464,卖盘
2134,10:26:30,10.59,-0.01,69,73071,卖盘
2135,10:26:24,10.6,0.01,29,30740,买盘
2136,10:26:21,10.59,--,20,21180,卖盘
2137,10:26:12,10.59,-0.01,5,5295,卖盘
2138,10:26:06,10.6,0.01,2,2120,买盘
2139,10:26:03,10.59,-0.01,102,108018,卖盘
2140,10:25:54,10.6,--,17,18020,买盘
2141,10:25:51,10.6,0.01,6,6360,买盘
2142,10:25:39,10.59,--,18,19062,卖盘
2143,10:25:36,10.59,--,33,34947,卖盘
2144,10:25:33,10.59,--,49,51891,卖盘
2145,10:25:24,10.59,-0.01,39,41301,卖盘
2146,10:25:21,10.6,0.01,50,53000,买盘
2147,10:25:18,10.59,--,10,10590,卖盘
2148,10:25:15,10.59,--,10,10590,卖盘
2149,10:25:09,10.59,-0.01,45,47655,卖盘
2150,10:25:03,10.6,0.01,1,1060,买盘
2151,10:25:00,10.59,--,45,47655,卖盘
2152,10:24:51,10.59,-0.01,444,470196,卖盘
2153,10:24:48,10.6,0.01,3,3180,买盘
2154,10:24:45,10.59,--,69,73071,卖盘
2155,10:24:39,10.59,--,8,8472,卖盘
2156,10:24:33,10.59,--,8,8472,卖盘
2157,10:24:27,10.59,--,22,23298,卖盘
2158,10:24:15,10.59,--,2,2118,卖盘
2159,10:24:09,10.59,-0.01,31,32829,卖盘
2160,10:24:03,10.6,0.01,30,31800,买盘
2161,10:24:00,10.59,--,110,116490,卖盘
2162,10:23:39,10.59,-0.01,8,8472,卖盘
2163,10:23:33,10.6,0.01,5,5300,买盘
2164,10:23:27,10.59,--,20,21180,卖盘
2165,10:23:24,10.59,-0.01,3,3177,卖盘
2166,10:22:57,10.6,0.01,15,15900,买盘
2167,10:22:54,10.59,--,7,7413,卖盘
2168,10:22:51,10.59,-0.01,28,29652,卖盘
2169,10:22:45,10.6,0.01,17,18020,买盘
2170,10:22:42,10.59,--,95,100605,买盘
2171,10:22:39,10.59,--,3,3177,卖盘
2172,10:22:36,10.59,--,15,15885,卖盘
2173,10:22:21,10.59,--,13,13767,卖盘
2174,10:22:12,10.59,0.01,1,1059,买盘
2175,10:22:09,10.58,-0.01,1,1058,卖盘
2176,10:22:00,10.59,--,2,2118,买盘
2177,10:21:42,10.59,--,63,66717,卖盘
2178,10:21:39,10.59,--,29,30711,卖盘
2179,10:21:36,10.59,--,47,49773,卖盘
2180,10:21:30,10.59,--,121,128139,卖盘
2181,10:21:27,10.59,--,39,41301,卖盘
2182,10:21:24,10.59,--,15,15885,卖盘
2183,10:21:06,10.59,--,3,3177,买盘
2184,10:21:03,10.59,--,167,176853,买盘
2185,10:21:00,10.59,--,77,81543,买盘
2186,10:20:57,10.59,--,1,1059,买盘
2187,10:20:54,10.59,-0.01,177,187443,卖盘
2188,10:20:51,10.6,0.01,2,2120,买盘
2189,10:20:36,10.59,-0.01,8,8472,中性盘
2190,10:20:27,10.6,0.01,45,47700,买盘
2191,10:20:24,10.59,-0.01,1,1059,中性盘
2192,10:20:21,10.6,--,50,53000,买盘
2193,10:20:15,10.6,--,9,9540,买盘
2194,10:20:12,10.6,0.01,235,249100,买盘
2195,10:20:09,10.59,--,11,11649,卖盘
2196,10:20:06,10.59,--,38,40242,卖盘
2197,10:20:03,10.59,-0.01,10,10590,中性盘
2198,10:19:54,10.6,--,9,9540,买盘
2199,10:19:51,10.6,--,40,42400,买盘
2200,10:19:45,10.6,0.01,457,484897,买盘
2201,10:19:42,10.59,--,11,11649,卖盘
2202,10:19:39,10.59,-0.01,8,8472,卖盘
2203,10:19:36,10.6,0.01,8,8480,买盘
2204,10:19:33,10.59,--,102,108018,卖盘
2205,10:19:27,10.59,-0.01,1,1059,卖盘
2206,10:19:21,10.6,0.01,11,11660,买盘
2207,10:19:18,10.59,--,10,10590,卖盘
2208,10:19:09,10.59,--,50,52950,卖盘
2209,10:19:06,10.59,--,54,57186,卖盘
2210,10:19:00,10.59,-0.01,35,37065,卖盘
2211,10:18:57,10.6,0.01,29,30740,买盘
2212,10:18:54,10.59,--,6,6354,卖盘
2213,10:18:51,10.59,--,142,150378,卖盘
2214,10:18:39,10.59,--,8,8472,卖盘
2215,10:18:36,10.59,-0.01,8,8472,卖盘
2216,10:18:30,10.6,0.01,3,3180,买盘
2217,10:18:24,10.59,--,2,2118,卖盘
2218,10:18:12,10.59,-0.01,75,79425,卖盘
2219,10:18:06,10.6,--,17,18020,买盘
2220,10:18:03,10.6,--,44,46640,买盘
2221,10:17:57,10.6,--,1,1060,买盘
2222,10:17:54,10.6,0.01,105,111300,买盘
2223,10:17:51,10.59,--,3,3177,卖盘
2224,10:17:45,10.59,--,100,105900,卖盘
2225,10:17:42,10.59,--,72,76248,卖盘
2226,10:17:36,10.59,-0.01,8,8472,卖盘
2227,10:17:33,10.6,0.01,200,212000,买盘
2228,10:17:30,10.59,-0.01,28,29652,卖盘
2229,10:17:27,10.6,--,77,81620,买盘
2230,10:17:24,10.6,0.01,164,173840,买盘
2231,10:17:12,10.59,-0.01,4,4236,卖盘
2232,10:17:03,10.6,0.01,10,10600,买盘
2233,10:16:36,10.59,-0.01,58,61422,卖盘
2234,10:16:33,10.6,--,190,201400,卖盘
2235,10:16:30,10.6,-0.01,300,318000,卖盘
2236,10:16:24,10.61,0.01,131,138991,买盘
2237,10:16:21,10.6,--,40,42400,卖盘
2238,10:16:18,10.6,--,1,1060,卖盘
2239,10:15:57,10.6,-0.01,1,1060,卖盘
2240,10:15:51,10.61,0.01,87,92307,买盘
2241,10:15:45,10.6,-0.01,40,42400,卖盘
2242,10:15:42,10.61,0.01,2,2122,买盘
2243,10:15:36,10.6,--,30,31800,卖盘
2244,10:15:27,10.6,-0.01,37,39220,卖盘
2245,10:15:18,10.61,--,2,2122,买盘
2246,10:15:09,10.61,0.01,10,10610,买盘
2247,10:15:03,10.6,--,12,12720,卖盘
2248,10:15:00,10.6,--,6,6360,卖盘
2249,10:14:48,10.6,--,55,58300,卖盘
2250,10:14:42,10.6,--,5,5300,卖盘
2251,10:14:39,10.6,--,30,31800,卖盘
2252,10:14:36,10.6,--,8,8480,卖盘
2253,10:14:21,10.6,--,10,10600,卖盘
2254,10:14:12,10.6,-0.01,210,222600,卖盘
2255,10:14:09,10.61,--,44,46684,买盘
2256,10:14:03,10.61,--,97,102917,买盘
2257,10:14:00,10.61,0.01,5,5305,买盘
2258,10:13:54,10.6,--,10,10600,卖盘
2259,10:13:51,10.6,-0.01,10,10600,卖盘
2260,10:13:42,10.61,--,23,24403,买盘
2261,10:13:39,10.61,0.01,82,87002,买盘
2262,10:13:36,10.6,-0.01,8,8480,卖盘
2263,10:13:33,10.61,0.01,77,81697,买盘
2264,10:13:30,10.6,--,101,107060,卖盘
2265,10:13:27,10.6,--,26,27560,卖盘
2266,10:13:09,10.6,-0.01,60,63600,卖盘
2267,10:12:54,10.61,--,1,1061,买盘
2268,10:12:51,10.61,--,100,106100,买盘
2269,10:12:48,10.61,--,10,10610,买盘
2270,10:12:42,10.61,--,5,5305,买盘
2271,10:12:39,10.61,--,68,72148,卖盘
2272,10:12:36,10.61,--,305,323605,卖盘
2273,10:12:33,10.61,--,19,20159,卖盘
2274,10:12:24,10.61,--,83,88063,卖盘
2275,10:12:21,10.61,0.01,23,24403,买盘
2276,10:12:12,10.6,--,28,29680,卖盘
2277,10:12:09,10.6,--,20,21200,卖盘
2278,10:11:57,10.6,-0.01,9,9540,卖盘
2279,10:11:54,10.61,-0.01,30,31830,中性盘
2280,10:11:48,10.62,0.02,200,212399,买盘
2281,10:11:45,10.6,-0.01,28,29680,卖盘
2282,10:11:33,10.61,--,32,33952,买盘
2283,10:11:30,10.61,--,2,2610,卖盘
2284,10:11:27,10.61,--,64,68476,卖盘
2285,10:11:24,10.61,--,41,43501,卖盘
2286,10:11:18,10.61,--,62,65782,卖盘
2287,10:11:09,10.61,-0.01,101,107161,卖盘
2288,10:11:03,10.62,0.01,96,101951,买盘
2289,10:10:57,10.61,--,2,2122,卖盘
2290,10:10:54,10.61,0.01,177,187797,买盘
2291,10:10:42,10.6,0.01,4,4240,买盘
2292,10:10:39,10.59,-0.01,15,15885,卖盘
2293,10:10:36,10.6,-0.01,20,21200,买盘
2294,10:10:30,10.61,0.01,29,30769,买盘
2295,10:10:27,10.6,0.01,7,7420,中性盘
2296,10:10:18,10.59,-0.01,127,134493,卖盘
2297,10:10:15,10.6,-0.01,10,10600,卖盘
2298,10:10:06,10.61,0.01,70,74270,买盘
2299,10:10:03,10.6,0.01,84,89040,买盘
2300,10:10:00,10.59,--,1,1059,卖盘
2301,10:09:51,10.59,--,30,31770,卖盘
2302,10:09:48,10.59,--,29,30711,卖盘
2303,10:09:45,10.59,--,15,15885,卖盘
2304,10:09:36,10.59,-0.01,39,41301,卖盘
2305,10:09:18,10.6,--,2,2120,买盘
2306,10:09:15,10.6,--,10,10600,买盘
2307,10:09:12,10.6,--,94,99640,卖盘
2308,10:09:09,10.6,--,65,68900,买盘
2309,10:09:06,10.6,--,29,30740,买盘
2310,10:09:03,10.6,--,1,1060,买盘
2311,10:09:00,10.6,0.01,5,5300,买盘
2312,10:08:48,10.59,--,4,4236,卖盘
2313,10:08:45,10.59,-0.01,60,63540,卖盘
2314,10:08:42,10.6,0.01,32,33920,买盘
2315,10:08:39,10.59,--,5,5295,卖盘
2316,10:08:30,10.59,--,69,73071,卖盘
2317,10:08:27,10.59,--,8,8472,卖盘
2318,10:08:21,10.59,--,34,36006,卖盘
2319,10:08:18,10.59,0.01,194,206028,买盘
2320,10:08:12,10.58,--,2,2116,卖盘
2321,10:08:06,10.58,-0.01,1,1058,卖盘
2322,10:08:03,10.59,0.01,10,10590,买盘
2323,10:07:51,10.58,-0.01,31,33274,卖盘
2324,10:07:42,10.59,--,2,2118,卖盘
2325,10:07:39,10.59,--,52,55068,卖盘
2326,10:07:30,10.59,--,3,3177,卖盘
2327,10:07:24,10.59,--,20,21180,卖盘
2328,10:07:21,10.59,--,5,5295,卖盘
2329,10:07:18,10.59,--,99,104841,卖盘
2330,10:07:15,10.59,-0.01,25,26475,卖盘
2331,10:07:12,10.6,--,327,347203,买盘
2332,10:07:09,10.6,0.01,3,3180,买盘
2333,10:07:06,10.59,-0.01,3,3177,卖盘
2334,10:07:00,10.6,--,88,93280,卖盘
2335,10:06:54,10.6,--,43,45580,卖盘
2336,10:06:51,10.6,--,8,8480,卖盘
2337,10:06:48,10.6,-0.01,157,166420,卖盘
2338,10:06:45,10.61,--,220,233420,买盘
2339,10:06:36,10.61,0.01,39,41379,买盘
2340,10:06:33,10.6,-0.01,10,10600,卖盘
2341,10:06:30,10.61,0.01,170,180370,买盘
2342,10:06:27,10.6,-0.01,11,11660,卖盘
2343,10:06:24,10.61,0.01,18,19098,买盘
2344,10:06:15,10.6,-0.01,5,5300,卖盘
2345,10:06:09,10.61,--,20,21220,买盘
2346,10:06:06,10.61,--,2,2122,卖盘
2347,10:06:03,10.61,--,41,43501,卖盘
2348,10:06:00,10.61,-0.01,10,10610,卖盘
2349,10:05:57,10.62,0.01,1,1062,买盘
2350,10:05:54,10.61,0.01,231,245091,买盘
2351,10:05:51,10.6,--,8,8480,卖盘
2352,10:05:48,10.6,-0.01,5,5300,卖盘
2353,10:05:45,10.61,--,30,31830,买盘
2354,10:05:42,10.61,--,41,43501,买盘
2355,10:05:39,10.61,--,21,22281,买盘
2356,10:05:36,10.61,--,7,7427,买盘
2357,10:05:33,10.61,--,2,2122,买盘
2358,10:05:30,10.61,-0.01,20,21220,卖盘
2359,10:05:27,10.62,0.01,53,56285,买盘
2360,10:05:24,10.61,--,20,21220,卖盘
2361,10:05:21,10.61,--,20,21220,卖盘
2362,10:05:18,10.61,--,54,57294,卖盘
2363,10:05:15,10.61,--,60,63660,卖盘
2364,10:05:12,10.61,--,40,42440,卖盘
2365,10:05:09,10.61,--,53,56233,卖盘
2366,10:05:03,10.61,--,21,22281,卖盘
2367,10:04:57,10.61,-0.01,14,14854,卖盘
2368,10:04:51,10.62,--,3,3185,买盘
2369,10:04:45,10.62,--,25,26549,卖盘
2370,10:04:42,10.62,--,21,22302,卖盘
2371,10:04:39,10.62,--,11,11682,卖盘
2372,10:04:36,10.62,--,25,26549,卖盘
2373,10:04:33,10.62,--,48,50975,卖盘
2374,10:04:27,10.62,-0.01,100,106199,卖盘
2375,10:04:24,10.63,0.01,43,45709,买盘
2376,10:04:21,10.62,--,20,21240,卖盘
2377,10:04:12,10.62,--,10,10620,卖盘
2378,10:04:09,10.62,-0.01,79,83898,卖盘
2379,10:04:06,10.63,--,6,6378,买盘
2380,10:04:03,10.63,0.01,581,617603,买盘
2381,10:04:00,10.62,-0.01,15,15929,卖盘
2382,10:03:54,10.63,--,11,11693,买盘
2383,10:03:48,10.63,--,5,5315,买盘
2384,10:03:45,10.63,--,7,7441,卖盘
2385,10:03:42,10.63,--,5,5315,买盘
2386,10:03:39,10.63,-0.01,57,60591,卖盘
2387,10:03:33,10.64,--,31,32984,买盘
2388,10:03:30,10.64,--,13,13832,买盘
2389,10:03:24,10.64,--,1,1064,买盘
2390,10:03:18,10.64,0.01,6,6384,买盘
2391,10:03:15,10.63,--,14,14882,卖盘
2392,10:03:12,10.63,--,60,63780,卖盘
2393,10:03:09,10.63,--,76,80788,卖盘
2394,10:03:03,10.63,-0.01,1,1063,卖盘
2395,10:03:00,10.64,0.01,1,1064,买盘
2396,10:02:57,10.63,--,14,14882,卖盘
2397,10:02:42,10.63,--,127,135001,买盘
2398,10:02:36,10.63,--,2,2126,买盘
2399,10:02:33,10.63,--,100,106300,买盘
2400,10:02:27,10.63,--,24,25512,卖盘
2401,10:02:21,10.63,--,2,2126,卖盘
2402,10:02:15,10.63,--,10,10630,卖盘
2403,10:02:09,10.63,--,79,83977,卖盘
2404,10:02:06,10.63,--,50,53150,卖盘
2405,10:01:54,10.63,--,8,8504,买盘
2406,10:01:51,10.63,--,23,24449,卖盘
2407,10:01:48,10.63,--,9,9567,卖盘
2408,10:01:45,10.63,-0.01,2,2126,卖盘
2409,10:01:42,10.64,--,50,53200,买盘
2410,10:01:39,10.64,0.01,29,30856,买盘
2411,10:01:36,10.63,--,50,53150,卖盘
2412,10:01:33,10.63,--,10,10630,卖盘
2413,10:01:30,10.63,-0.01,6,6378,卖盘
2414,10:01:09,10.64,--,2,2128,买盘
2415,10:01:06,10.64,--,41,44475,卖盘
2416,10:01:03,10.64,-0.01,45,47880,卖盘
2417,10:00:54,10.65,--,77,82005,买盘
2418,10:00:48,10.65,0.01,77,82005,买盘
2419,10:00:42,10.64,--,1,1064,卖盘
2420,10:00:39,10.64,--,15,15960,卖盘
2421,10:00:36,10.64,--,115,122360,卖盘
2422,10:00:33,10.64,--,10,10640,卖盘
2423,10:00:27,10.64,--,80,85120,卖盘
2424,10:00:24,10.64,--,186,197904,卖盘
2425,10:00:21,10.64,--,1,1064,卖盘
2426,10:00:18,10.64,--,10,10640,卖盘
2427,10:00:15,10.64,--,50,53200,卖盘
2428,10:00:12,10.64,--,20,21280,卖盘
2429,10:00:09,10.64,--,43,45752,卖盘
2430,10:00:06,10.64,--,11,11704,卖盘
2431,10:00:03,10.64,-0.01,82,87248,卖盘
2432,10:00:00,10.65,--,15,15975,买盘
2433,09:59:57,10.65,--,13,13845,买盘
2434,09:59:54,10.65,0.01,50,53250,买盘
2435,09:59:51,10.64,--,232,246848,卖盘
2436,09:59:48,10.64,-0.01,7,7448,卖盘
2437,09:59:39,10.65,--,32,34080,买盘
2438,09:59:36,10.65,0.01,4,4260,买盘
2439,09:59:33,10.64,-0.01,61,64904,卖盘
2440,09:59:30,10.65,--,5,5325,买盘
2441,09:59:27,10.65,--,20,21300,买盘
2442,09:59:24,10.65,0.01,2,2130,买盘
2443,09:59:21,10.64,--,7,7660,卖盘
2444,09:59:18,10.64,--,310,329840,卖盘
2445,09:59:15,10.64,0.01,31,32984,买盘
2446,09:59:12,10.63,0.01,85,90355,中性盘
2447,09:59:09,10.62,--,40,42480,卖盘
2448,09:59:06,10.62,--,37,39294,买盘
2449,09:59:03,10.62,--,13,13805,卖盘
2450,09:58:57,10.62,--,1,1062,买盘
2451,09:58:54,10.62,--,9,9558,卖盘
2452,09:58:51,10.62,-0.01,143,151866,卖盘
2453,09:58:48,10.63,--,21,22323,买盘
2454,09:58:42,10.63,--,2,2126,买盘
2455,09:58:39,10.63,-0.01,10,10630,买盘
2456,09:58:33,10.64,-0.01,41,43624,卖盘
2457,09:58:30,10.65,0.02,189,201285,买盘
2458,09:58:27,10.63,-0.01,28,29764,卖盘
2459,09:58:24,10.64,0.01,16,17024,买盘
2460,09:58:21,10.63,--,10,10630,卖盘
2461,09:58:15,10.63,-0.01,3,3189,卖盘
2462,09:58:06,10.64,--,20,21280,买盘
2463,09:58:03,10.64,--,32,34048,卖盘
2464,09:58:00,10.64,--,300,319200,卖盘
2465,09:57:57,10.64,-0.01,7,7448,卖盘
2466,09:57:54,10.65,--,100,106500,卖盘
2467,09:57:51,10.65,0.01,97,103305,买盘
2468,09:57:48,10.64,--,53,56392,卖盘
2469,09:57:45,10.64,-0.01,5,5320,卖盘
2470,09:57:42,10.65,--,101,107565,买盘
2471,09:57:30,10.65,--,113,120345,卖盘
2472,09:57:27,10.65,--,1,1065,卖盘
2473,09:57:24,10.65,-0.01,100,106500,卖盘
2474,09:57:21,10.66,--,77,82082,买盘
2475,09:57:18,10.66,--,266,283556,买盘
2476,09:57:15,10.66,0.01,50,53300,买盘
2477,09:57:09,10.65,--,3,3195,卖盘
2478,09:57:06,10.65,-0.01,66,70290,卖盘
2479,09:57:00,10.66,--,64,68224,买盘
2480,09:56:57,10.66,0.01,1,1066,买盘
2481,09:56:54,10.65,-0.01,2,2130,卖盘
2482,09:56:51,10.66,--,5,5330,买盘
2483,09:56:48,10.66,--,31,33046,卖盘
2484,09:56:45,10.66,--,50,53300,卖盘
2485,09:56:42,10.66,0.01,58,61828,买盘
2486,09:56:39,10.65,-0.01,5,5325,卖盘
2487,09:56:36,10.66,0.01,57,60762,买盘
2488,09:56:33,10.65,-0.01,20,21300,卖盘
2489,09:56:30,10.66,0.01,62,66092,买盘
2490,09:56:27,10.65,-0.01,279,297135,卖盘
2491,09:56:18,10.66,--,42,44772,买盘
2492,09:56:12,10.66,--,43,45838,买盘
2493,09:56:09,10.66,--,15,15990,买盘
2494,09:56:03,10.66,-0.01,5,5330,中性盘
2495,09:56:00,10.67,0.01,53,56551,买盘
2496,09:55:57,10.66,--,37,39442,卖盘
2497,09:55:54,10.66,-0.01,80,85280,卖盘
2498,09:55:51,10.67,0.01,11,11737,买盘
2499,09:55:48,10.66,--,132,140712,卖盘
2500,09:55:45,10.66,--,80,85280,卖盘
2501,09:55:42,10.66,--,92,98072,卖盘
2502,09:55:39,10.66,--,133,141778,卖盘
2503,09:55:36,10.66,-0.01,106,112996,卖盘
2504,09:55:30,10.67,0.01,27,28809,买盘
2505,09:55:27,10.66,-0.01,5,5330,卖盘
2506,09:55:24,10.67,0.01,123,131241,买盘
2507,09:55:21,10.66,-0.01,100,106600,卖盘
2508,09:55:18,10.67,--,210,224070,买盘
2509,09:55:15,10.67,0.01,7,7469,买盘
2510,09:55:12,10.66,--,59,62894,卖盘
2511,09:55:09,10.66,--,6,6396,卖盘
2512,09:55:06,10.66,--,1,1066,卖盘
2513,09:55:03,10.66,0.01,1526,1626716,买盘
2514,09:55:00,10.65,--,170,181050,买盘
2515,09:54:57,10.65,0.01,1,1065,买盘
2516,09:54:51,10.64,--,287,305368,卖盘
2517,09:54:48,10.64,--,13,13832,卖盘
2518,09:54:45,10.64,-0.01,10,10640,卖盘
2519,09:54:30,10.65,0.01,18,19170,买盘
2520,09:54:27,10.64,-0.01,131,139384,卖盘
2521,09:54:24,10.65,--,31,33015,买盘
2522,09:54:21,10.65,--,13,13845,买盘
2523,09:54:18,10.65,0.01,32,34080,买盘
2524,09:54:15,10.64,-0.01,12,12768,卖盘
2525,09:54:09,10.65,--,27,28755,买盘
2526,09:54:00,10.65,0.01,2,2130,买盘
2527,09:53:57,10.64,--,32,34048,卖盘
2528,09:53:54,10.64,-0.01,113,120232,卖盘
2529,09:53:48,10.65,0.01,49,52185,买盘
2530,09:53:45,10.64,--,16,17024,卖盘
2531,09:53:42,10.64,--,15,15960,卖盘
2532,09:53:33,10.64,-0.01,29,30856,卖盘
2533,09:53:27,10.65,0.01,3,3195,买盘
2534,09:53:24,10.64,-0.01,8,8512,卖盘
2535,09:53:21,10.65,0.01,3,3195,买盘
2536,09:53:18,10.64,0.01,15,15960,买盘
2537,09:53:09,10.63,-0.01,47,49961,卖盘
2538,09:53:06,10.64,--,35,37240,买盘
2539,09:53:03,10.64,0.02,6,6384,买盘
2540,09:52:57,10.62,--,30,31859,卖盘
2541,09:52:48,10.62,-0.02,14,14867,卖盘
2542,09:52:45,10.64,0.01,10,10640,买盘
2543,09:52:39,10.63,-0.01,23,24449,卖盘
2544,09:52:36,10.64,--,44,46816,卖盘
2545,09:52:30,10.64,-0.01,2,2128,卖盘
2546,09:52:27,10.65,0.01,330,351450,买盘
2547,09:52:24,10.64,-0.01,10,10640,卖盘
2548,09:52:21,10.65,0.01,308,328020,买盘
2549,09:52:18,10.64,0.01,113,120232,买盘
2550,09:52:15,10.63,--,20,21260,买盘
2551,09:52:12,10.63,0.01,30,31890,中性盘
2552,09:52:06,10.62,--,23,24426,卖盘
2553,09:52:03,10.62,-0.02,30,31859,卖盘
2554,09:51:57,10.64,0.02,10,10640,买盘
2555,09:51:54,10.62,--,5,5310,卖盘
2556,09:51:51,10.62,-0.01,16,16992,卖盘
2557,09:51:48,10.63,--,3,3189,卖盘
2558,09:51:45,10.63,--,26,27638,买盘
2559,09:51:42,10.63,--,29,30827,卖盘
2560,09:51:36,10.63,--,10,10630,卖盘
2561,09:51:33,10.63,--,72,76536,卖盘
2562,09:51:30,10.63,--,68,72284,卖盘
2563,09:51:27,10.63,-0.01,115,122245,卖盘
2564,09:51:21,10.64,--,6,6384,买盘
2565,09:51:15,10.64,--,206,219184,卖盘
2566,09:51:12,10.64,-0.01,10,10640,卖盘
2567,09:51:09,10.65,--,77,82005,买盘
2568,09:51:06,10.65,0.01,25,26625,买盘
2569,09:51:03,10.64,--,224,238336,卖盘
2570,09:51:00,10.64,-0.01,18,19152,卖盘
2571,09:50:57,10.65,--,40,42600,买盘
2572,09:50:54,10.65,0.01,1,1065,买盘
2573,09:50:51,10.64,-0.01,10,10640,卖盘
2574,09:50:45,10.65,0.01,3,3195,买盘
2575,09:50:42,10.64,--,44,46816,卖盘
2576,09:50:39,10.64,--,7,7448,卖盘
2577,09:50:33,10.64,-0.01,20,21280,卖盘
2578,09:50:30,10.65,0.01,20,21300,买盘
2579,09:50:27,10.64,-0.01,11,11704,卖盘
2580,09:50:24,10.65,--,60,63900,买盘
2581,09:50:15,10.65,0.01,10,10650,买盘
2582,09:50:12,10.64,-0.01,1,1064,卖盘
2583,09:50:09,10.65,--,17,18105,买盘
2584,09:50:06,10.65,--,24,25560,买盘
2585,09:50:03,10.65,-0.01,7,7455,卖盘
2586,09:50:00,10.66,0.01,87,92742,买盘
2587,09:49:57,10.65,--,30,31950,卖盘
2588,09:49:54,10.65,0.02,6,6390,中性盘
2589,09:49:51,10.63,-0.02,46,48898,卖盘
2590,09:49:48,10.65,--,17,18318,卖盘
2591,09:49:42,10.65,-0.01,150,159750,卖盘
2592,09:49:39,10.66,0.01,120,127920,买盘
2593,09:49:36,10.65,--,2,2130,卖盘
2594,09:49:33,10.65,-0.01,1,1065,卖盘
2595,09:49:27,10.66,--,82,87412,买盘
2596,09:49:24,10.66,0.01,14,14924,买盘
2597,09:49:21,10.65,-0.01,5,5325,卖盘
2598,09:49:18,10.66,0.01,43,45838,买盘
2599,09:49:15,10.65,-0.01,19,20235,卖盘
2600,09:49:12,10.66,0.01,99,105534,买盘
2601,09:49:09,10.65,--,2,2130,卖盘
2602,09:49:06,10.65,0.02,1,1065,卖盘
2603,09:49:03,10.63,-0.02,140,148820,卖盘
2604,09:49:00,10.65,--,108,115020,买盘
2605,09:48:57,10.65,--,77,82005,买盘
2606,09:48:54,10.65,--,36,38340,买盘
2607,09:48:51,10.65,--,10,10650,买盘
2608,09:48:48,10.65,--,395,420675,买盘
2609,09:48:45,10.65,--,103,109695,买盘
2610,09:48:42,10.65,--,3,3195,买盘
2611,09:48:36,10.65,--,18,19170,买盘
2612,09:48:33,10.65,--,34,36210,买盘
2613,09:48:30,10.65,--,70,74550,买盘
2614,09:48:24,10.65,--,80,85200,买盘
2615,09:48:21,10.65,--,52,55380,买盘
2616,09:48:18,10.65,--,260,276900,买盘
2617,09:48:15,10.65,--,97,103305,买盘
2618,09:48:12,10.65,--,24,25560,买盘
2619,09:48:09,10.65,--,19,20235,买盘
2620,09:48:06,10.65,--,43,45795,买盘
2621,09:48:03,10.65,--,7,7455,买盘
2622,09:48:00,10.65,--,1,1065,买盘
2623,09:47:57,10.65,0.01,15,15975,买盘
2624,09:47:54,10.64,-0.02,60,63840,卖盘
2625,09:47:51,10.66,0.02,74,78884,买盘
2626,09:47:48,10.64,-0.01,10,10640,卖盘
2627,09:47:45,10.65,0.01,6,6390,买盘
2628,09:47:42,10.64,--,20,21280,卖盘
2629,09:47:39,10.64,--,1,1064,卖盘
2630,09:47:36,10.64,-0.01,1256,1336384,卖盘
2631,09:47:33,10.65,0.01,130,138450,买盘
2632,09:47:30,10.64,-0.01,2,2128,卖盘
2633,09:47:27,10.65,0.01,2,2130,买盘
2634,09:47:24,10.64,--,50,53200,卖盘
2635,09:47:21,10.64,--,9,9576,卖盘
2636,09:47:18,10.64,-0.01,5,5320,买盘
2637,09:47:15,10.65,0.01,48,51120,买盘
2638,09:47:12,10.64,--,114,121296,卖盘
2639,09:47:09,10.64,--,20,21280,卖盘
2640,09:47:06,10.64,--,5,5320,卖盘
2641,09:47:03,10.64,--,10,10640,卖盘
2642,09:47:00,10.64,-0.01,6,6384,卖盘
2643,09:46:54,10.65,--,111,118215,买盘
2644,09:46:51,10.65,0.01,34,36210,买盘
2645,09:46:48,10.64,--,35,37240,卖盘
2646,09:46:45,10.64,-0.01,39,41496,卖盘
2647,09:46:42,10.65,0.01,7,7455,买盘
2648,09:46:39,10.64,--,30,31920,卖盘
2649,09:46:36,10.64,-0.01,14,14896,卖盘
2650,09:46:33,10.65,--,27,28755,买盘
2651,09:46:30,10.65,-0.01,35,37275,买盘
2652,09:46:21,10.66,0.02,100,106600,买盘
2653,09:46:18,10.64,-0.01,33,35112,卖盘
2654,09:46:15,10.65,--,20,21300,卖盘
2655,09:46:12,10.65,--,29,30885,卖盘
2656,09:46:09,10.65,--,42,44730,卖盘
2657,09:46:06,10.65,--,46,48990,卖盘
2658,09:46:03,10.65,--,352,374880,卖盘
2659,09:46:00,10.65,--,50,53250,卖盘
2660,09:45:57,10.65,--,70,74550,卖盘
2661,09:45:54,10.65,-0.01,31,33015,卖盘
2662,09:45:51,10.66,0.01,99,105534,买盘
2663,09:45:48,10.65,--,29,30885,卖盘
2664,09:45:45,10.65,--,3,3195,卖盘
2665,09:45:42,10.65,-0.01,4,4260,卖盘
2666,09:45:39,10.66,0.01,162,172692,买盘
2667,09:45:36,10.65,-0.01,82,87330,卖盘
2668,09:45:33,10.66,--,115,122590,买盘
2669,09:45:30,10.66,0.01,57,60762,买盘
2670,09:45:27,10.65,-0.01,137,145905,卖盘
2671,09:45:24,10.66,--,32,34112,买盘
2672,09:45:21,10.66,--,72,76752,买盘
2673,09:45:18,10.66,--,310,330460,卖盘
2674,09:45:15,10.66,--,231,246246,卖盘
2675,09:45:12,10.66,--,288,307008,卖盘
2676,09:45:09,10.66,--,75,79950,卖盘
2677,09:45:06,10.66,--,300,319800,买盘
2678,09:45:03,10.66,--,43,45838,买盘
2679,09:45:00,10.66,--,6,6396,买盘
2680,09:44:57,10.66,--,15,15990,买盘
2681,09:44:54,10.66,--,168,179088,买盘
2682,09:44:51,10.66,-0.01,98,104468,买盘
2683,09:44:48,10.67,0.02,64,68288,买盘
2684,09:44:45,10.65,-0.01,200,213000,卖盘
2685,09:44:42,10.66,--,5,5330,卖盘
2686,09:44:39,10.66,0.01,3,3198,卖盘
2687,09:44:36,10.65,-0.01,445,473925,卖盘
2688,09:44:33,10.66,0.01,163,173758,买盘
2689,09:44:30,10.65,--,175,186375,卖盘
2690,09:44:24,10.65,0.01,1319,1404735,买盘
2691,09:44:21,10.64,--,537,571368,买盘
2692,09:44:15,10.64,--,300,319200,买盘
2693,09:44:09,10.64,0.02,1000,1064000,买盘
2694,09:44:06,10.62,--,50,53099,买盘
2695,09:44:03,10.62,--,83,88146,买盘
2696,09:44:00,10.62,--,154,163548,买盘
2697,09:43:57,10.62,0.01,30,31859,买盘
2698,09:43:54,10.61,-0.01,10,10610,卖盘
2699,09:43:51,10.62,0.01,155,164610,买盘
2700,09:43:48,10.61,0.01,6,6366,买盘
2701,09:43:45,10.6,-0.01,8,8480,卖盘
2702,09:43:39,10.61,0.01,14,14854,买盘
2703,09:43:30,10.6,--,2,2120,卖盘
2704,09:43:27,10.6,--,103,109180,买盘
2705,09:43:18,10.6,--,242,256520,买盘
2706,09:43:15,10.6,--,19,20140,买盘
2707,09:43:12,10.6,0.01,10,10600,买盘
2708,09:43:06,10.59,-0.01,15,15885,卖盘
2709,09:43:03,10.6,0.01,300,318000,买盘
2710,09:42:57,10.59,-0.01,7,7413,卖盘
2711,09:42:54,10.6,0.01,10,10600,买盘
2712,09:42:51,10.59,--,385,407715,买盘
2713,09:42:45,10.59,--,20,21180,买盘
2714,09:42:42,10.59,0.01,5,5295,买盘
2715,09:42:39,10.58,-0.01,90,95220,卖盘
2716,09:42:36,10.59,--,19,20121,买盘
2717,09:42:33,10.59,--,43,45537,买盘
2718,09:42:18,10.59,--,10,10590,买盘
2719,09:42:15,10.59,--,19,20121,买盘
2720,09:42:12,10.59,--,300,317700,买盘
2721,09:42:06,10.59,0.01,11,11649,买盘
2722,09:42:03,10.58,--,5,5290,卖盘
2723,09:42:00,10.58,--,6,6348,卖盘
2724,09:41:57,10.58,-0.01,5,5290,卖盘
2725,09:41:54,10.59,--,37,39183,买盘
2726,09:41:51,10.59,--,40,42360,买盘
2727,09:41:42,10.59,0.01,8,8472,买盘
2728,09:41:39,10.58,--,1,1058,卖盘
2729,09:41:36,10.58,-0.01,51,53958,卖盘
2730,09:41:33,10.59,--,23,24357,买盘
2731,09:41:27,10.59,--,8,8472,买盘
2732,09:41:21,10.59,--,32,33888,卖盘
2733,09:41:18,10.59,--,10,10590,卖盘
2734,09:41:15,10.59,--,73,77307,买盘
2735,09:41:12,10.59,0.01,3,3177,买盘
2736,09:41:09,10.58,-0.01,88,93104,卖盘
2737,09:41:06,10.59,--,67,70953,买盘
2738,09:41:03,10.59,--,145,153555,买盘
2739,09:40:57,10.59,0.01,10,10590,买盘
2740,09:40:54,10.58,-0.01,37,39146,卖盘
2741,09:40:51,10.59,--,14,14826,买盘
2742,09:40:48,10.59,--,11,11649,买盘
2743,09:40:45,10.59,--,27,28804,买盘
2744,09:40:39,10.59,--,26,27534,买盘
2745,09:40:36,10.59,--,9,9531,买盘
2746,09:40:33,10.59,--,50,52950,买盘
2747,09:40:30,10.59,0.01,10,10590,买盘
2748,09:40:24,10.58,-0.01,8,8464,卖盘
2749,09:40:21,10.59,0.01,5,5295,买盘
2750,09:40:18,10.58,--,2,2116,卖盘
2751,09:40:15,10.58,-0.01,40,42320,卖盘
2752,09:40:12,10.59,--,8,8472,买盘
2753,09:40:09,10.59,--,5,5295,买盘
2754,09:40:06,10.59,--,134,141906,买盘
2755,09:40:03,10.59,0.01,24,25416,买盘
2756,09:40:00,10.58,--,11,11638,卖盘
2757,09:39:57,10.58,--,30,31740,卖盘
2758,09:39:54,10.58,--,45,47927,买盘
2759,09:39:51,10.58,--,5,5290,买盘
2760,09:39:48,10.58,--,7,7406,买盘
2761,09:39:45,10.58,-0.01,21,22958,卖盘
2762,09:39:42,10.59,0.01,303,320877,买盘
2763,09:39:39,10.58,-0.01,153,161874,卖盘
2764,09:39:36,10.59,0.01,91,96369,买盘
2765,09:39:33,10.58,--,36,38088,卖盘
2766,09:39:27,10.58,-0.01,1,1058,卖盘
2767,09:39:24,10.59,--,45,47655,买盘
2768,09:39:21,10.59,--,50,52950,买盘
2769,09:39:18,10.59,--,10,10590,买盘
2770,09:39:15,10.59,0.01,4,4236,买盘
2771,09:39:12,10.58,-0.01,10,10580,卖盘
2772,09:39:09,10.59,0.01,19,20121,买盘
2773,09:39:06,10.58,--,40,42320,卖盘
2774,09:39:03,10.58,--,20,21160,卖盘
2775,09:39:00,10.58,0.02,293,310311,买盘
2776,09:38:57,10.56,0.02,2,2112,中性盘
2777,09:38:54,10.54,-0.04,252,265608,卖盘
2778,09:38:48,10.58,0.02,200,211600,买盘
2779,09:38:45,10.56,-0.02,3,3168,中性盘
2780,09:38:42,10.58,0.03,406,429548,买盘
2781,09:38:30,10.55,--,6,6330,买盘
2782,09:38:27,10.55,--,138,146328,卖盘
2783,09:38:21,10.55,-0.01,109,114995,卖盘
2784,09:38:18,10.56,0.01,4,4224,买盘
2785,09:38:15,10.55,--,1,1055,卖盘
2786,09:38:12,10.55,-0.01,200,211000,卖盘
2787,09:38:09,10.56,0.01,32,34214,买盘
2788,09:38:03,10.55,-0.02,50,52750,卖盘
2789,09:38:00,10.57,0.01,169,178633,买盘
2790,09:37:57,10.56,0.01,4,4224,买盘
2791,09:37:54,10.55,-0.01,301,318504,卖盘
2792,09:37:48,10.56,0.01,76,80256,买盘
2793,09:37:45,10.55,-0.01,177,186735,卖盘
2794,09:37:42,10.56,--,95,100320,买盘
2795,09:37:39,10.56,0.01,6,6336,买盘
2796,09:37:36,10.55,-0.01,9,9495,卖盘
2797,09:37:27,10.56,--,12,12672,买盘
2798,09:37:24,10.56,--,16,16896,买盘
2799,09:37:18,10.56,--,21,22176,买盘
2800,09:37:15,10.56,--,3,3168,买盘
2801,09:37:12,10.56,0.01,31,32736,买盘
2802,09:37:09,10.55,-0.01,8,8440,卖盘
2803,09:37:06,10.56,--,4,4224,买盘
2804,09:37:03,10.56,--,1,1056,买盘
2805,09:37:00,10.56,-0.01,4,4224,中性盘
2806,09:36:57,10.57,0.01,6,6342,买盘
2807,09:36:54,10.56,-0.01,2,2112,卖盘
2808,09:36:51,10.57,0.01,99,104643,买盘
2809,09:36:48,10.56,-0.01,118,124608,卖盘
2810,09:36:45,10.57,0.01,33,34881,买盘
2811,09:36:42,10.56,-0.01,11,11616,卖盘
2812,09:36:39,10.57,--,9,9513,买盘
2813,09:36:36,10.57,--,60,63420,买盘
2814,09:36:33,10.57,-0.01,90,95130,卖盘
2815,09:36:30,10.58,--,400,423200,买盘
2816,09:36:24,10.58,0.01,631,667598,买盘
2817,09:36:21,10.57,--,20,21140,买盘
2818,09:36:18,10.57,-0.01,47,49679,卖盘
2819,09:36:15,10.58,--,39,41262,买盘
2820,09:36:12,10.58,--,13,13754,买盘
2821,09:36:09,10.58,--,1,1058,买盘
