,time,price,change,volume,amount,type
0,15:00:03,6.79,--,5500,3735104,卖盘
1,14:57:00,6.79,-0.01,296,200984,卖盘
2,14:56:57,6.8,0.01,74,50320,买盘
3,14:56:54,6.79,-0.01,42,28518,卖盘
4,14:56:51,6.8,0.01,3,2040,买盘
5,14:56:48,6.79,--,15,10185,卖盘
6,14:56:45,6.79,--,112,76048,卖盘
7,14:56:42,6.79,--,69,46851,卖盘
8,14:56:33,6.79,--,31,21062,买盘
9,14:56:30,6.79,0.01,111,75369,买盘
10,14:56:27,6.78,-0.01,96,65359,卖盘
11,14:56:24,6.79,0.01,24,16703,买盘
12,14:56:21,6.78,-0.01,21,14238,卖盘
13,14:56:18,6.79,--,13,8827,买盘
14,14:56:15,6.79,--,43,29197,买盘
15,14:56:12,6.79,--,55,37345,买盘
16,14:56:09,6.79,0.01,148,100492,买盘
17,14:56:06,6.78,-0.01,8,5424,卖盘
18,14:56:03,6.79,--,10,6790,买盘
19,14:56:00,6.79,--,7,4753,买盘
20,14:55:57,6.79,--,155,105245,买盘
21,14:55:54,6.79,--,1351,917600,卖盘
22,14:55:51,6.79,-0.01,563,382277,卖盘
23,14:55:48,6.8,--,3,2040,买盘
24,14:55:45,6.8,0.01,861,585480,买盘
25,14:55:42,6.79,--,217,147343,卖盘
26,14:55:39,6.79,-0.01,135,91665,卖盘
27,14:55:36,6.8,--,81,55080,买盘
28,14:55:33,6.8,--,129,87720,买盘
29,14:55:30,6.8,--,50,34000,买盘
30,14:55:27,6.8,0.01,291,197880,买盘
31,14:55:24,6.79,-0.01,67,45493,卖盘
32,14:55:21,6.8,0.01,74,50320,买盘
33,14:55:18,6.79,-0.01,277,188083,卖盘
34,14:55:15,6.8,--,123,83640,买盘
35,14:55:12,6.8,0.01,105,71400,买盘
36,14:55:09,6.79,--,118,80122,卖盘
37,14:55:06,6.79,-0.01,15,10592,卖盘
38,14:55:03,6.8,0.01,147,99960,买盘
39,14:55:00,6.79,-0.01,63,42777,卖盘
40,14:54:57,6.8,--,215,146200,买盘
41,14:54:54,6.8,--,276,187680,买盘
42,14:54:51,6.8,--,231,157080,买盘
43,14:54:48,6.8,0.01,1767,1201560,买盘
44,14:54:45,6.79,--,94,63826,卖盘
45,14:54:42,6.79,--,267,181293,卖盘
46,14:54:39,6.79,-0.01,54,36666,卖盘
47,14:54:36,6.8,0.01,82,55760,买盘
48,14:54:33,6.79,--,10,6790,卖盘
49,14:54:30,6.79,-0.01,31,21049,卖盘
50,14:54:27,6.8,--,71,48280,买盘
51,14:54:24,6.8,0.01,65,44200,买盘
52,14:54:21,6.79,-0.01,237,160923,卖盘
53,14:54:18,6.8,0.01,254,172720,买盘
54,14:54:15,6.79,-0.01,23,15617,卖盘
55,14:54:12,6.8,0.01,6,4080,买盘
56,14:54:09,6.79,--,46,31234,卖盘
57,14:54:06,6.79,-0.01,51,34629,卖盘
58,14:54:03,6.8,--,49,33320,买盘
59,14:54:00,6.8,--,65,44200,买盘
60,14:53:57,6.8,0.01,12,8160,买盘
61,14:53:54,6.79,-0.01,52,35308,卖盘
62,14:53:51,6.8,0.01,209,142120,买盘
63,14:53:48,6.79,--,555,376845,卖盘
64,14:53:45,6.79,-0.01,175,118825,卖盘
65,14:53:42,6.8,0.01,5568,3786240,买盘
66,14:53:39,6.79,--,182,123578,卖盘
67,14:53:36,6.79,--,56,38024,卖盘
68,14:53:33,6.79,--,300,203700,卖盘
69,14:53:30,6.79,-0.01,190,129010,卖盘
70,14:53:27,6.8,0.01,50,34000,买盘
71,14:53:24,6.79,--,139,94381,买盘
72,14:53:21,6.79,--,819,556101,卖盘
73,14:53:18,6.79,--,63,42777,卖盘
74,14:53:15,6.79,--,112,76048,卖盘
75,14:53:12,6.79,--,264,179256,卖盘
76,14:53:09,6.79,-0.01,40,27160,卖盘
77,14:53:06,6.8,0.01,51,34680,买盘
78,14:53:03,6.79,-0.01,110,74690,卖盘
79,14:53:00,6.8,0.01,12,8160,买盘
80,14:52:57,6.79,--,345,234255,卖盘
81,14:52:54,6.79,0.01,390,264810,买盘
82,14:52:51,6.78,--,346,234588,卖盘
83,14:52:45,6.78,-0.01,70,47460,卖盘
84,14:52:42,6.79,0.01,274,186046,买盘
85,14:52:39,6.78,-0.01,36,24408,卖盘
86,14:52:36,6.79,--,19,12901,买盘
87,14:52:33,6.79,--,30,20370,买盘
88,14:52:30,6.79,--,44,29876,买盘
89,14:52:27,6.79,0.01,237,160923,买盘
90,14:52:24,6.78,-0.01,27,18306,卖盘
91,14:52:21,6.79,--,76,51604,买盘
92,14:52:18,6.79,--,24,16296,买盘
93,14:52:15,6.79,-0.01,574,389746,卖盘
94,14:52:12,6.8,0.01,207,140760,买盘
95,14:52:09,6.79,--,226,153454,卖盘
96,14:52:06,6.79,--,87,59073,卖盘
97,14:52:03,6.79,--,121,82159,卖盘
98,14:52:00,6.79,--,8,5432,卖盘
99,14:51:57,6.79,--,16,10864,卖盘
100,14:51:54,6.79,--,30,20370,卖盘
101,14:51:51,6.79,--,112,76048,卖盘
102,14:51:48,6.79,-0.01,240,162960,卖盘
103,14:51:45,6.8,0.01,31,21080,买盘
104,14:51:42,6.79,--,5,3395,卖盘
105,14:51:39,6.79,-0.01,235,159565,中性盘
106,14:51:36,6.8,0.01,306,208080,买盘
107,14:51:33,6.79,--,3,2037,买盘
108,14:51:30,6.79,--,216,146664,买盘
109,14:51:27,6.79,--,79,53641,买盘
110,14:51:24,6.79,--,103,69937,买盘
111,14:51:21,6.79,--,976,662866,卖盘
112,14:51:18,6.79,--,119,80801,卖盘
113,14:51:15,6.79,-0.01,74,50246,卖盘
114,14:51:12,6.8,0.01,50,34000,买盘
115,14:51:09,6.79,-0.01,56,38024,卖盘
116,14:51:06,6.8,--,144,97920,买盘
117,14:51:03,6.8,0.01,180,122400,买盘
118,14:51:00,6.79,--,23,15617,卖盘
119,14:50:57,6.79,--,80,54320,卖盘
120,14:50:54,6.79,--,241,164155,买盘
121,14:50:51,6.79,--,16,10864,买盘
122,14:50:48,6.79,--,49,33271,买盘
123,14:50:45,6.79,-0.01,947,643175,卖盘
124,14:50:42,6.8,0.01,10,6800,买盘
125,14:50:39,6.79,--,137,93023,卖盘
126,14:50:36,6.79,--,95,65102,卖盘
127,14:50:33,6.79,--,57,38920,卖盘
128,14:50:30,6.79,--,16,10864,卖盘
129,14:50:27,6.79,--,181,122899,卖盘
130,14:50:24,6.79,--,28,19012,卖盘
131,14:50:21,6.79,-0.01,48,32592,卖盘
132,14:50:18,6.8,0.01,45,30600,买盘
133,14:50:15,6.79,--,500,339500,卖盘
134,14:50:12,6.79,--,28,19012,卖盘
135,14:50:09,6.79,-0.01,99,67221,卖盘
136,14:50:06,6.8,0.01,24,16320,买盘
137,14:50:03,6.79,--,80,54320,卖盘
138,14:50:00,6.79,--,57,38703,卖盘
139,14:49:57,6.79,--,80,54320,卖盘
140,14:49:54,6.79,--,244,165676,卖盘
141,14:49:51,6.79,-0.01,48,32592,卖盘
142,14:49:48,6.8,0.01,13,8840,买盘
143,14:49:45,6.79,--,734,498386,卖盘
144,14:49:42,6.79,--,30,20370,卖盘
145,14:49:39,6.79,--,30,20370,卖盘
146,14:49:36,6.79,--,115,78085,卖盘
147,14:49:33,6.79,-0.01,78,52962,卖盘
148,14:49:30,6.8,0.01,73,49640,买盘
149,14:49:27,6.79,--,56,38024,卖盘
150,14:49:24,6.79,--,130,88270,卖盘
151,14:49:21,6.79,--,121,82159,卖盘
152,14:49:18,6.79,--,61,41419,卖盘
153,14:49:15,6.79,--,22,14938,卖盘
154,14:49:12,6.79,-0.01,100,67900,卖盘
155,14:49:09,6.8,0.01,47,31960,买盘
156,14:49:06,6.79,--,150,101850,卖盘
157,14:49:03,6.79,--,120,81480,卖盘
158,14:49:00,6.79,--,40,27160,卖盘
159,14:48:57,6.79,--,171,116109,卖盘
160,14:48:54,6.79,-0.01,115,78085,卖盘
161,14:48:51,6.8,0.01,94,63920,买盘
162,14:48:48,6.79,-0.01,648,439992,卖盘
163,14:48:45,6.8,0.01,40,27200,买盘
164,14:48:42,6.79,--,252,171108,卖盘
165,14:48:39,6.79,--,994,674926,卖盘
166,14:48:36,6.79,--,109,74011,卖盘
167,14:48:33,6.79,--,83,56357,卖盘
168,14:48:30,6.79,--,42,28518,卖盘
169,14:48:27,6.79,--,10,6790,卖盘
170,14:48:24,6.79,-0.01,110,74690,卖盘
171,14:48:21,6.8,0.01,252,171360,买盘
172,14:48:18,6.79,-0.01,15,10185,卖盘
173,14:48:15,6.8,0.01,43,29240,买盘
174,14:48:12,6.79,--,61,41419,卖盘
175,14:48:06,6.79,--,2472,1678488,卖盘
176,14:48:03,6.79,--,22,14938,卖盘
177,14:48:00,6.79,-0.01,34,23086,卖盘
178,14:47:54,6.8,0.01,132,89814,买盘
179,14:47:51,6.79,-0.01,64,43456,卖盘
180,14:47:48,6.8,0.01,24,16320,买盘
181,14:47:45,6.79,--,15,10510,卖盘
182,14:47:42,6.79,--,41,27839,卖盘
183,14:47:39,6.79,--,187,126973,卖盘
184,14:47:36,6.79,-0.01,61,41419,卖盘
185,14:47:33,6.8,0.01,11,7480,买盘
186,14:47:30,6.79,--,36,24444,卖盘
187,14:47:27,6.79,-0.01,80,54320,卖盘
188,14:47:21,6.8,--,135,91800,买盘
189,14:47:18,6.8,0.01,37,25160,买盘
190,14:47:15,6.79,-0.01,16,10864,卖盘
191,14:47:12,6.8,--,352,239360,买盘
192,14:47:09,6.8,0.01,70,47600,买盘
193,14:47:06,6.79,--,41,27839,卖盘
194,14:47:03,6.79,-0.01,4,2716,卖盘
195,14:46:57,6.8,--,64,43520,买盘
196,14:46:54,6.8,--,13,8840,买盘
197,14:46:51,6.8,0.01,198,134640,买盘
198,14:46:48,6.79,--,220,149380,卖盘
199,14:46:45,6.79,-0.01,86,58394,卖盘
200,14:46:42,6.8,0.01,14,9520,买盘
201,14:46:39,6.79,--,9,6111,卖盘
202,14:46:36,6.79,-0.01,186,126294,卖盘
203,14:46:33,6.8,--,1,680,买盘
204,14:46:30,6.8,0.01,56,38080,买盘
205,14:46:27,6.79,--,334,226786,卖盘
206,14:46:24,6.79,--,7,4753,卖盘
207,14:46:21,6.79,--,205,139195,卖盘
208,14:46:15,6.79,--,233,158207,卖盘
209,14:46:12,6.79,-0.01,73,49567,卖盘
210,14:46:09,6.8,0.01,10,6800,买盘
211,14:46:06,6.79,--,42,28518,卖盘
212,14:46:03,6.79,--,210,142590,卖盘
213,14:46:00,6.79,--,16,10864,卖盘
214,14:45:57,6.79,--,291,197589,卖盘
215,14:45:51,6.79,-0.01,123,83517,卖盘
216,14:45:48,6.8,--,190,129200,买盘
217,14:45:45,6.8,0.01,101,68680,买盘
218,14:45:42,6.79,--,82,55678,卖盘
219,14:45:36,6.79,-0.01,55,37345,卖盘
220,14:45:33,6.8,--,5,3400,买盘
221,14:45:30,6.8,0.01,122,82960,买盘
222,14:45:27,6.79,-0.01,231,156849,卖盘
223,14:45:24,6.8,0.01,50,34000,买盘
224,14:45:21,6.79,-0.01,54,36666,卖盘
225,14:45:18,6.8,--,10,6800,买盘
226,14:45:15,6.8,--,54,36720,买盘
227,14:45:12,6.8,--,704,478720,卖盘
228,14:45:09,6.8,--,291,197880,卖盘
229,14:45:06,6.8,-0.01,403,274040,卖盘
230,14:45:03,6.81,0.01,111,75591,买盘
231,14:45:00,6.8,--,184,125120,卖盘
232,14:44:57,6.8,--,711,483480,卖盘
233,14:44:54,6.8,--,42,28560,卖盘
234,14:44:51,6.8,-0.01,105,71400,卖盘
235,14:44:48,6.81,0.01,15,10215,买盘
236,14:44:45,6.8,--,109,74120,卖盘
237,14:44:42,6.8,--,35,23800,卖盘
238,14:44:39,6.8,--,154,104720,卖盘
239,14:44:36,6.8,--,180,122400,卖盘
240,14:44:33,6.8,-0.01,2013,1368840,卖盘
241,14:44:30,6.81,--,30,20430,买盘
242,14:44:24,6.81,0.01,82,55842,买盘
243,14:44:21,6.8,--,261,177480,卖盘
244,14:44:18,6.8,-0.01,150,102000,卖盘
245,14:44:15,6.81,0.01,62,42222,买盘
246,14:44:12,6.8,-0.01,162,110160,卖盘
247,14:44:09,6.81,0.01,1023,696663,买盘
248,14:44:06,6.8,--,232,157760,卖盘
249,14:44:00,6.8,-0.01,309,210120,卖盘
250,14:43:57,6.81,--,70,47670,买盘
251,14:43:54,6.81,0.01,32,21792,买盘
252,14:43:51,6.8,-0.01,57,38760,卖盘
253,14:43:48,6.81,0.01,238,162078,买盘
254,14:43:45,6.8,--,87,59160,卖盘
255,14:43:42,6.8,--,42,28560,卖盘
256,14:43:39,6.8,--,547,371960,卖盘
257,14:43:36,6.8,--,85,57800,卖盘
258,14:43:33,6.8,--,74,50320,卖盘
259,14:43:27,6.8,-0.01,4,2720,卖盘
260,14:43:21,6.81,--,806,548886,买盘
261,14:43:18,6.81,--,37,25197,买盘
262,14:43:15,6.81,0.01,240,163440,买盘
263,14:43:12,6.8,--,159,108120,卖盘
264,14:43:09,6.8,--,355,241400,卖盘
265,14:43:06,6.8,--,348,236640,卖盘
266,14:43:03,6.8,-0.01,2,1360,卖盘
267,14:43:00,6.81,0.01,42,28602,买盘
268,14:42:57,6.8,--,10,6800,卖盘
269,14:42:54,6.8,--,210,142800,卖盘
270,14:42:51,6.8,--,178,121040,卖盘
271,14:42:48,6.8,-0.01,71,48280,卖盘
272,14:42:45,6.81,0.01,1,681,买盘
273,14:42:42,6.8,-0.01,32,21760,卖盘
274,14:42:39,6.81,0.01,200,136200,买盘
275,14:42:36,6.8,--,41,27880,卖盘
276,14:42:33,6.8,-0.01,14,9520,卖盘
277,14:42:30,6.81,0.01,58,39498,买盘
278,14:42:27,6.8,-0.01,200,136000,卖盘
279,14:42:24,6.81,0.01,10,6810,买盘
280,14:42:21,6.8,--,121,82280,卖盘
281,14:42:18,6.8,--,84,57120,卖盘
282,14:42:15,6.8,-0.01,7,4760,卖盘
283,14:42:12,6.81,--,147,100107,买盘
284,14:42:09,6.81,0.01,5,3405,买盘
285,14:42:06,6.8,--,46,31280,卖盘
286,14:42:03,6.8,-0.01,69,46920,卖盘
287,14:42:00,6.81,0.01,506,344586,买盘
288,14:41:57,6.8,--,31,21080,卖盘
289,14:41:54,6.8,-0.01,2,1360,卖盘
290,14:41:51,6.81,--,101,68781,买盘
291,14:41:45,6.81,--,15,10215,买盘
292,14:41:42,6.81,0.01,20,13620,买盘
293,14:41:39,6.8,--,193,131240,卖盘
294,14:41:36,6.8,-0.01,67,45560,卖盘
295,14:41:33,6.81,0.01,38,25878,买盘
296,14:41:27,6.8,--,510,346800,卖盘
297,14:41:24,6.8,-0.01,30,20400,卖盘
298,14:41:21,6.81,--,2,1362,买盘
299,14:41:18,6.81,-0.01,117,79677,买盘
300,14:41:15,6.82,0.01,58,39556,买盘
301,14:41:12,6.81,--,31,21111,卖盘
302,14:41:09,6.81,--,72,49032,卖盘
303,14:41:06,6.81,--,145,98745,买盘
304,14:41:03,6.81,-0.01,22,14982,卖盘
305,14:41:00,6.82,0.01,7,4774,买盘
306,14:40:57,6.81,-0.01,10,6810,中性盘
307,14:40:54,6.82,0.01,930,634914,买盘
308,14:40:51,6.81,--,53,36093,卖盘
309,14:40:48,6.81,-0.01,144,98064,卖盘
310,14:40:45,6.82,0.01,48,32736,买盘
311,14:40:42,6.81,--,133,90573,卖盘
312,14:40:39,6.81,--,307,209067,卖盘
313,14:40:36,6.81,-0.01,48,32687,卖盘
314,14:40:33,6.82,0.01,107,72974,买盘
315,14:40:27,6.81,--,26,17706,卖盘
316,14:40:21,6.81,--,88,59928,卖盘
317,14:40:18,6.81,-0.01,87,59274,卖盘
318,14:40:15,6.82,0.01,79,53878,买盘
319,14:40:12,6.81,--,401,273081,卖盘
320,14:40:09,6.81,--,7,4767,卖盘
321,14:40:06,6.81,-0.01,78,53118,卖盘
322,14:40:03,6.82,0.01,201,137082,买盘
323,14:40:00,6.81,--,190,129389,卖盘
324,14:39:57,6.81,--,316,215196,卖盘
325,14:39:54,6.81,-0.01,54,36774,卖盘
326,14:39:51,6.82,0.01,946,645172,买盘
327,14:39:48,6.81,--,91,61971,卖盘
328,14:39:45,6.81,-0.01,93,63333,卖盘
329,14:39:42,6.82,--,29,19778,买盘
330,14:39:39,6.82,0.01,31,21142,买盘
331,14:39:36,6.81,--,4,2724,卖盘
332,14:39:33,6.81,--,34,23154,卖盘
333,14:39:30,6.81,--,355,241755,卖盘
334,14:39:27,6.81,--,4,2724,卖盘
335,14:39:24,6.81,--,42,29146,卖盘
336,14:39:21,6.81,--,186,126802,卖盘
337,14:39:15,6.81,--,30,20430,卖盘
338,14:39:12,6.81,--,38,25878,卖盘
339,14:39:09,6.81,0.01,104,70824,买盘
340,14:39:06,6.8,--,14,9520,卖盘
341,14:39:03,6.8,--,5240,3563200,卖盘
342,14:39:00,6.8,-0.01,62,42160,卖盘
343,14:38:57,6.81,--,12,8171,买盘
344,14:38:54,6.81,0.01,35,23835,买盘
345,14:38:51,6.8,-0.01,73,49640,卖盘
346,14:38:48,6.81,0.01,2,1362,买盘
347,14:38:45,6.8,--,46,31280,卖盘
348,14:38:42,6.8,--,101,68680,卖盘
349,14:38:39,6.8,--,20,13600,卖盘
350,14:38:36,6.8,--,60,40800,卖盘
351,14:38:33,6.8,--,17,11560,卖盘
352,14:38:27,6.8,--,49,33449,买盘
353,14:38:24,6.8,--,35,23800,买盘
354,14:38:21,6.8,--,70,48150,卖盘
355,14:38:18,6.8,--,74,50320,卖盘
356,14:38:15,6.8,--,383,260569,买盘
357,14:38:12,6.8,--,7,4760,买盘
358,14:38:09,6.8,--,1,680,买盘
359,14:38:06,6.8,--,16,11430,卖盘
360,14:38:03,6.8,--,68,46369,买盘
361,14:38:00,6.8,0.01,24,16320,买盘
362,14:37:57,6.79,--,1948,1322692,卖盘
363,14:37:54,6.79,-0.01,110,74690,卖盘
364,14:37:51,6.8,0.01,3,2040,买盘
365,14:37:48,6.79,--,26,17654,卖盘
366,14:37:45,6.79,--,11,7469,卖盘
367,14:37:42,6.79,-0.01,41,27839,卖盘
368,14:37:39,6.8,0.01,11,7480,买盘
369,14:37:33,6.79,-0.01,221,150059,卖盘
370,14:37:30,6.8,0.01,13,8840,买盘
371,14:37:27,6.79,-0.01,205,139195,卖盘
372,14:37:24,6.8,--,250,170000,买盘
373,14:37:21,6.8,--,50,34000,买盘
374,14:37:18,6.8,--,10,6800,买盘
375,14:37:15,6.8,--,43,29240,买盘
376,14:37:09,6.8,--,141,95880,买盘
377,14:37:06,6.8,--,82,55760,买盘
378,14:37:03,6.8,--,757,514760,买盘
379,14:37:00,6.8,--,2,1360,买盘
380,14:36:57,6.8,0.01,511,347480,买盘
381,14:36:54,6.79,--,1580,1072820,卖盘
382,14:36:51,6.79,--,75,50925,卖盘
383,14:36:48,6.79,--,166,112714,卖盘
384,14:36:45,6.79,--,379,257341,卖盘
385,14:36:42,6.79,-0.01,50,33950,卖盘
386,14:36:39,6.8,--,20,13600,买盘
387,14:36:36,6.8,--,14,9520,买盘
388,14:36:33,6.8,0.01,12,8160,买盘
389,14:36:30,6.79,-0.01,16,10864,卖盘
390,14:36:21,6.8,--,32,21760,买盘
391,14:36:12,6.8,--,15,10200,买盘
392,14:36:09,6.8,--,80,54400,买盘
393,14:36:06,6.8,--,41,27880,买盘
394,14:36:03,6.8,0.01,12,8160,买盘
395,14:36:00,6.79,-0.01,71,48209,卖盘
396,14:35:54,6.8,0.01,251,170680,买盘
397,14:35:51,6.79,-0.01,88,59752,卖盘
398,14:35:45,6.8,0.01,235,159800,买盘
399,14:35:42,6.79,--,225,152775,卖盘
400,14:35:39,6.79,--,57,38703,卖盘
401,14:35:36,6.79,--,56,38024,卖盘
402,14:35:33,6.79,-0.01,2,1358,卖盘
403,14:35:30,6.8,--,10,6800,买盘
404,14:35:27,6.8,--,43,29240,买盘
405,14:35:24,6.8,0.01,58,39440,买盘
406,14:35:21,6.79,--,21,14259,卖盘
407,14:35:18,6.79,--,34,23086,卖盘
408,14:35:15,6.79,--,71,48209,卖盘
409,14:35:12,6.79,--,212,143948,卖盘
410,14:35:09,6.79,-0.01,7,4753,卖盘
411,14:35:06,6.8,--,126,85680,买盘
412,14:35:00,6.8,0.01,3,2040,买盘
413,14:34:57,6.79,-0.01,100,67900,卖盘
414,14:34:54,6.8,--,18,12240,买盘
415,14:34:51,6.8,0.01,28,19040,买盘
416,14:34:48,6.79,-0.01,30,20370,卖盘
417,14:34:45,6.8,--,1,680,买盘
418,14:34:42,6.8,0.01,14,9520,买盘
419,14:34:36,6.79,--,100,67900,卖盘
420,14:34:33,6.79,--,0,230,卖盘
421,14:34:30,6.79,-0.01,69,46851,卖盘
422,14:34:27,6.8,--,120,81600,买盘
423,14:34:24,6.8,0.01,11,7480,买盘
424,14:34:18,6.79,-0.01,442,300118,卖盘
425,14:34:15,6.8,--,135,91800,买盘
426,14:34:12,6.8,0.01,10,6800,买盘
427,14:34:09,6.79,-0.01,420,285180,卖盘
428,14:34:06,6.8,--,42,28560,买盘
429,14:34:03,6.8,--,46,31280,买盘
430,14:34:00,6.8,--,275,187000,卖盘
431,14:33:54,6.8,--,12,8160,卖盘
432,14:33:51,6.8,--,98,66640,卖盘
433,14:33:48,6.8,--,63,42840,买盘
434,14:33:45,6.8,--,224,152320,买盘
435,14:33:42,6.8,--,219,148920,买盘
436,14:33:39,6.8,--,51,34680,买盘
437,14:33:36,6.8,--,6,4080,买盘
438,14:33:30,6.8,--,110,74800,买盘
439,14:33:27,6.8,--,37,25160,卖盘
440,14:33:24,6.8,-0.01,12,8160,卖盘
441,14:33:21,6.81,0.01,271,184551,买盘
442,14:33:18,6.8,--,948,644640,卖盘
443,14:33:15,6.8,-0.01,70,47600,卖盘
444,14:33:12,6.81,0.01,23,15663,买盘
445,14:33:09,6.8,-0.01,119,80920,卖盘
446,14:33:06,6.81,0.01,305,207705,买盘
447,14:33:03,6.8,--,229,155720,卖盘
448,14:33:00,6.8,-0.01,490,333200,卖盘
449,14:32:57,6.81,--,1196,814476,买盘
450,14:32:54,6.81,0.01,78,53118,买盘
451,14:32:51,6.8,-0.01,86,58480,卖盘
452,14:32:48,6.81,0.01,12,8171,买盘
453,14:32:45,6.8,-0.01,2,1360,卖盘
454,14:32:42,6.81,0.01,16,10896,买盘
455,14:32:39,6.8,-0.01,80,54400,卖盘
456,14:32:36,6.81,--,99,67419,买盘
457,14:32:33,6.81,0.01,134,91254,买盘
458,14:32:30,6.8,-0.01,544,369920,卖盘
459,14:32:27,6.81,0.01,32,21792,买盘
460,14:32:24,6.8,-0.01,46,31280,卖盘
461,14:32:21,6.81,0.01,80,54480,买盘
462,14:32:18,6.8,-0.01,30,20400,卖盘
463,14:32:15,6.81,--,250,170250,买盘
464,14:32:12,6.81,--,3,2042,买盘
465,14:32:09,6.81,--,32,21792,买盘
466,14:32:06,6.81,0.01,1169,796089,买盘
467,14:32:03,6.8,-0.01,209,142120,卖盘
468,14:32:00,6.81,--,9,6129,买盘
469,14:31:57,6.81,--,113,76953,买盘
470,14:31:54,6.81,--,125,85125,买盘
471,14:31:51,6.81,--,66,44946,买盘
472,14:31:48,6.81,0.01,51,34731,买盘
473,14:31:45,6.8,-0.01,37,25160,卖盘
474,14:31:42,6.81,0.01,3,2042,买盘
475,14:31:39,6.8,-0.01,21,14280,卖盘
476,14:31:36,6.81,--,103,70143,买盘
477,14:31:33,6.81,0.01,239,162759,买盘
478,14:31:30,6.8,-0.01,69,46920,卖盘
479,14:31:27,6.81,0.01,36,24516,买盘
480,14:31:24,6.8,--,2,1360,卖盘
481,14:31:21,6.8,-0.01,52,35360,卖盘
482,14:31:18,6.81,--,67,45627,买盘
483,14:31:15,6.81,--,52,35412,买盘
484,14:31:12,6.81,0.01,34,23154,买盘
485,14:31:09,6.8,-0.01,18,12240,卖盘
486,14:31:06,6.81,--,475,323475,买盘
487,14:31:00,6.81,--,20,13620,买盘
488,14:30:57,6.81,0.01,12,8171,买盘
489,14:30:54,6.8,-0.01,245,166600,卖盘
490,14:30:51,6.81,--,54,36774,买盘
491,14:30:48,6.81,--,32,21792,买盘
492,14:30:45,6.81,--,242,164802,买盘
493,14:30:42,6.81,0.01,51,34731,买盘
494,14:30:39,6.8,-0.01,41,27880,卖盘
495,14:30:36,6.81,0.01,45,30645,买盘
496,14:30:33,6.8,-0.01,262,178160,卖盘
497,14:30:30,6.81,0.02,12,8171,买盘
498,14:30:27,6.79,-0.01,342,232218,卖盘
499,14:30:24,6.8,--,1287,875160,买盘
500,14:30:21,6.8,--,10,6800,买盘
501,14:30:18,6.8,--,201,136680,买盘
502,14:30:15,6.8,--,32,21760,买盘
503,14:30:12,6.8,--,3,2040,买盘
504,14:30:09,6.8,--,164,111520,买盘
505,14:30:06,6.8,0.01,1056,718080,买盘
506,14:30:03,6.79,--,164,111356,卖盘
507,14:30:00,6.79,-0.01,183,124257,卖盘
508,14:29:57,6.8,--,203,138040,买盘
509,14:29:54,6.8,--,250,170000,买盘
510,14:29:51,6.8,0.01,216,146880,买盘
511,14:29:48,6.79,-0.01,75,50925,卖盘
512,14:29:45,6.8,0.01,116,78880,买盘
513,14:29:42,6.79,-0.01,276,187404,卖盘
514,14:29:39,6.8,-0.01,3554,2416720,卖盘
515,14:29:36,6.81,--,49,33369,买盘
516,14:29:33,6.81,0.01,156,106236,买盘
517,14:29:30,6.8,-0.01,153,104040,卖盘
518,14:29:27,6.81,--,39,26559,买盘
519,14:29:24,6.81,0.01,82,55842,买盘
520,14:29:21,6.8,-0.01,93,63240,卖盘
521,14:29:18,6.81,0.01,25,17025,买盘
522,14:29:15,6.8,-0.01,118,80240,卖盘
523,14:29:12,6.81,--,733,499173,买盘
524,14:29:09,6.81,--,105,71505,买盘
525,14:29:06,6.81,--,290,197490,买盘
526,14:29:03,6.81,0.01,397,270357,买盘
527,14:29:00,6.8,-0.01,513,348840,卖盘
528,14:28:57,6.81,--,945,643545,买盘
529,14:28:54,6.81,--,90,61290,买盘
530,14:28:51,6.81,--,92,62652,买盘
531,14:28:48,6.81,--,50,34050,买盘
532,14:28:45,6.81,--,20,13620,买盘
533,14:28:42,6.81,0.01,203,138243,买盘
534,14:28:39,6.8,--,169,114920,卖盘
535,14:28:36,6.8,-0.01,176,119680,卖盘
536,14:28:33,6.81,--,108,73548,买盘
537,14:28:30,6.81,--,114,77634,买盘
538,14:28:27,6.81,--,459,312579,买盘
539,14:28:24,6.81,0.01,340,231540,买盘
540,14:28:21,6.8,-0.02,1320,897600,卖盘
541,14:28:18,6.82,--,103,70246,买盘
542,14:28:15,6.82,--,835,569470,买盘
543,14:28:12,6.82,0.01,2602,1774564,买盘
544,14:28:09,6.81,-0.01,999,680319,卖盘
545,14:28:06,6.82,0.01,840,572880,买盘
546,14:28:03,6.81,-0.01,537,365697,卖盘
547,14:28:00,6.82,--,569,388058,买盘
548,14:27:57,6.82,--,481,328042,买盘
549,14:27:54,6.82,-0.01,2419,1649758,卖盘
550,14:27:51,6.83,0.01,1044,713052,买盘
551,14:27:48,6.82,--,1700,1159400,买盘
552,14:27:45,6.82,--,322,219604,买盘
553,14:27:42,6.82,--,949,647218,买盘
554,14:27:39,6.82,--,168,114576,买盘
555,14:27:36,6.82,--,871,594022,买盘
556,14:27:33,6.82,--,4136,2820752,买盘
557,14:27:30,6.82,--,131,89342,买盘
558,14:27:27,6.82,--,1060,722920,买盘
559,14:27:24,6.82,--,1137,775434,买盘
560,14:27:21,6.82,0.01,310,211420,买盘
561,14:27:18,6.81,-0.01,634,431754,卖盘
562,14:27:15,6.82,--,374,255068,买盘
563,14:27:12,6.82,--,421,287122,买盘
564,14:27:09,6.82,0.01,513,349866,买盘
565,14:27:06,6.81,-0.01,324,220644,卖盘
566,14:27:03,6.82,0.01,88,60016,买盘
567,14:27:00,6.81,--,74,50394,买盘
568,14:26:57,6.81,--,549,373869,买盘
569,14:26:54,6.81,--,1068,727308,买盘
570,14:26:51,6.81,--,2760,1879560,买盘
571,14:26:48,6.81,--,614,418134,买盘
572,14:26:45,6.81,--,182,123942,买盘
573,14:26:42,6.81,--,3129,2130849,买盘
574,14:26:39,6.81,0.01,180,122580,买盘
575,14:26:36,6.8,--,90,61200,卖盘
576,14:26:33,6.8,--,1686,1146480,买盘
577,14:26:30,6.8,--,1365,928200,买盘
578,14:26:27,6.8,--,941,639880,买盘
579,14:26:24,6.8,0.01,10010,6806800,买盘
580,14:26:21,6.79,--,72,48888,卖盘
581,14:26:18,6.79,-0.01,71,48209,卖盘
582,14:26:15,6.8,--,12,8160,买盘
583,14:26:12,6.8,0.01,3,2040,买盘
584,14:26:09,6.79,--,20,13580,卖盘
585,14:26:06,6.79,-0.01,3,2037,卖盘
586,14:26:03,6.8,0.01,88,59840,买盘
587,14:26:00,6.79,-0.01,52,35308,卖盘
588,14:25:57,6.8,0.01,2,1360,买盘
589,14:25:54,6.79,--,15,10185,卖盘
590,14:25:51,6.79,--,80,54320,卖盘
591,14:25:48,6.79,--,25,16975,卖盘
592,14:25:45,6.79,--,30,20370,卖盘
593,14:25:42,6.79,--,36,24444,卖盘
594,14:25:39,6.79,--,9,6111,卖盘
595,14:25:36,6.79,--,12,8148,卖盘
596,14:25:33,6.79,-0.01,16,10864,卖盘
597,14:25:30,6.8,0.01,2,1360,买盘
598,14:25:27,6.79,--,56,38024,卖盘
599,14:25:24,6.79,0.01,5926,4023794,买盘
600,14:25:21,6.78,--,59,40002,卖盘
601,14:25:18,6.78,--,1418,961404,卖盘
602,14:25:15,6.78,-0.01,424,287472,卖盘
603,14:25:12,6.79,--,23,15617,买盘
604,14:25:09,6.79,--,585,397215,买盘
605,14:25:06,6.79,--,46,31234,买盘
606,14:25:03,6.79,--,15,10185,买盘
607,14:25:00,6.79,--,2,1358,买盘
608,14:24:57,6.79,0.01,45,30555,买盘
609,14:24:54,6.78,--,1,678,卖盘
610,14:24:51,6.78,-0.01,97,65766,卖盘
611,14:24:48,6.79,--,27,18333,买盘
612,14:24:45,6.79,--,43,29197,买盘
613,14:24:42,6.79,0.01,3,2037,买盘
614,14:24:39,6.78,--,42,28476,卖盘
615,14:24:36,6.78,-0.01,5,3390,卖盘
616,14:24:33,6.79,0.01,44,29876,买盘
617,14:24:30,6.78,-0.01,511,346458,卖盘
618,14:24:27,6.79,--,46,31234,买盘
619,14:24:24,6.79,0.01,57,38703,买盘
620,14:24:21,6.78,-0.01,53,35934,卖盘
621,14:24:18,6.79,0.01,5,3395,买盘
622,14:24:15,6.78,-0.01,74,50172,卖盘
623,14:24:12,6.79,0.01,47,31913,买盘
624,14:24:09,6.78,-0.01,3,2034,卖盘
625,14:24:03,6.79,--,2,1358,买盘
626,14:24:00,6.79,0.01,47,31913,买盘
627,14:23:57,6.78,--,64,43392,卖盘
628,14:23:54,6.78,--,23,15594,卖盘
629,14:23:51,6.78,--,97,65766,卖盘
630,14:23:48,6.78,-0.01,241,163398,卖盘
631,14:23:42,6.79,--,5,3395,买盘
632,14:23:39,6.79,0.01,42,28518,买盘
633,14:23:36,6.78,-0.01,10,6780,卖盘
634,14:23:33,6.79,--,7,4753,买盘
635,14:23:30,6.79,0.01,8,5432,买盘
636,14:23:27,6.78,--,77,52206,卖盘
637,14:23:24,6.78,--,66,44748,卖盘
638,14:23:21,6.78,-0.01,51,34578,卖盘
639,14:23:18,6.79,--,80,54320,买盘
640,14:23:15,6.79,0.01,73,49567,买盘
641,14:23:12,6.78,--,103,69834,卖盘
642,14:23:06,6.78,-0.01,53,35934,卖盘
643,14:23:03,6.79,--,7,4753,买盘
644,14:23:00,6.79,--,16,10864,买盘
645,14:22:57,6.79,0.01,1,679,买盘
646,14:22:54,6.78,--,59,40002,卖盘
647,14:22:51,6.78,--,155,105090,卖盘
648,14:22:48,6.78,--,40,27120,卖盘
649,14:22:45,6.78,-0.01,128,86784,卖盘
650,14:22:42,6.79,0.01,38,25802,买盘
651,14:22:39,6.78,--,21,14238,卖盘
652,14:22:36,6.78,-0.01,53,35934,卖盘
653,14:22:33,6.79,--,46,31234,买盘
654,14:22:30,6.79,0.01,113,76727,买盘
655,14:22:27,6.78,-0.01,104,70512,卖盘
656,14:22:24,6.79,0.01,52,35308,买盘
657,14:22:21,6.78,-0.01,123,83394,卖盘
658,14:22:18,6.79,0.01,18,12222,买盘
659,14:22:15,6.78,-0.01,170,115260,卖盘
660,14:22:12,6.79,--,39,26481,买盘
661,14:22:09,6.79,--,7,4753,买盘
662,14:22:06,6.79,--,1,679,买盘
663,14:22:03,6.79,0.01,70,47530,买盘
664,14:22:00,6.78,--,50,33900,卖盘
665,14:21:51,6.78,-0.01,117,79326,卖盘
666,14:21:48,6.79,--,71,48209,买盘
667,14:21:45,6.79,--,60,40740,买盘
668,14:21:42,6.79,--,3,2037,买盘
669,14:21:39,6.79,--,35,23765,买盘
670,14:21:36,6.79,--,20,13580,买盘
671,14:21:33,6.79,0.01,2,1358,买盘
672,14:21:30,6.78,-0.01,60,40680,卖盘
673,14:21:27,6.79,0.01,42,28518,买盘
674,14:21:24,6.78,--,10,6780,卖盘
675,14:21:21,6.78,-0.01,46,31188,卖盘
676,14:21:15,6.79,--,46,31234,买盘
677,14:21:12,6.79,--,3,2037,买盘
678,14:21:06,6.79,--,12,8148,买盘
679,14:21:03,6.79,0.01,156,105924,买盘
680,14:21:00,6.78,--,189,128142,买盘
681,14:20:57,6.78,-0.01,570,386460,卖盘
682,14:20:54,6.79,0.01,58,39382,买盘
683,14:20:51,6.78,--,59,40002,卖盘
684,14:20:48,6.78,-0.01,10,6780,买盘
685,14:20:45,6.79,--,237,160923,买盘
686,14:20:42,6.79,0.01,65,44135,买盘
687,14:20:39,6.78,--,12,8136,买盘
688,14:20:36,6.78,-0.01,13,8814,卖盘
689,14:20:33,6.79,0.01,12,8148,买盘
690,14:20:30,6.78,--,56,37968,买盘
691,14:20:27,6.78,0.01,2,1356,买盘
692,14:20:24,6.77,-0.01,12,8584,卖盘
693,14:20:21,6.78,--,38,25764,卖盘
694,14:20:18,6.78,0.01,84,56952,中性盘
695,14:20:12,6.77,-0.01,32,21664,卖盘
696,14:20:09,6.78,--,57,38646,买盘
697,14:20:06,6.78,--,30,20340,买盘
698,14:20:03,6.78,--,30,20340,买盘
699,14:20:00,6.78,-0.01,60,40734,卖盘
700,14:19:57,6.79,0.01,75,51013,买盘
701,14:19:54,6.78,--,3,2034,卖盘
702,14:19:51,6.78,--,252,171391,买盘
703,14:19:48,6.78,--,12,8136,买盘
704,14:19:45,6.78,--,219,148482,买盘
705,14:19:42,6.78,--,181,122718,买盘
706,14:19:39,6.78,--,16,10848,买盘
707,14:19:36,6.78,--,65,44070,买盘
708,14:19:33,6.78,--,10,6780,买盘
709,14:19:24,6.78,--,142,96425,卖盘
710,14:19:21,6.78,-0.01,180,122040,卖盘
711,14:19:18,6.79,--,20,13580,买盘
712,14:19:15,6.79,--,145,98455,买盘
713,14:19:12,6.79,--,70,47530,买盘
714,14:19:09,6.79,0.01,39,26481,买盘
715,14:19:06,6.78,-0.01,124,84072,卖盘
716,14:19:03,6.79,--,45,30555,买盘
717,14:19:00,6.79,0.01,48,32592,买盘
718,14:18:54,6.78,-0.01,100,67800,卖盘
719,14:18:51,6.79,0.01,85,57715,买盘
720,14:18:48,6.78,-0.01,10,6780,卖盘
721,14:18:45,6.79,--,26,17654,买盘
722,14:18:39,6.79,0.01,61,42030,买盘
723,14:18:36,6.78,--,33,22374,卖盘
724,14:18:33,6.78,--,58,39324,卖盘
725,14:18:30,6.78,--,44,29832,卖盘
726,14:18:27,6.78,--,30,20340,卖盘
727,14:18:21,6.78,--,42,28476,卖盘
728,14:18:18,6.78,--,190,129281,卖盘
729,14:18:15,6.78,--,130,88140,卖盘
730,14:18:12,6.78,-0.01,72,48816,卖盘
731,14:18:09,6.79,--,1,679,买盘
732,14:18:06,6.79,0.01,60,40740,买盘
733,14:18:03,6.78,0.01,540,366255,买盘
734,14:18:00,6.77,-0.01,4,2708,卖盘
735,14:17:57,6.78,--,93,63054,买盘
736,14:17:54,6.78,--,300,203400,买盘
737,14:17:51,6.78,--,13,8814,买盘
738,14:17:48,6.78,--,4,2712,买盘
739,14:17:45,6.78,--,43,29154,买盘
740,14:17:42,6.78,--,157,106446,买盘
741,14:17:39,6.78,--,7,4746,买盘
742,14:17:36,6.78,--,164,111192,买盘
743,14:17:33,6.78,--,61,41358,买盘
744,14:17:30,6.78,--,20,13560,买盘
745,14:17:24,6.78,--,47,31866,买盘
746,14:17:21,6.78,--,32,21696,买盘
747,14:17:18,6.78,--,130,88140,买盘
748,14:17:12,6.78,--,176,119328,买盘
749,14:17:06,6.78,--,21,14238,买盘
750,14:17:03,6.78,--,78,52884,买盘
751,14:17:00,6.78,--,241,163398,买盘
752,14:16:54,6.78,--,64,43392,买盘
753,14:16:51,6.78,--,76,51528,买盘
754,14:16:48,6.78,--,417,282726,买盘
755,14:16:45,6.78,0.01,37,25086,买盘
756,14:16:42,6.77,-0.01,488,330376,卖盘
757,14:16:39,6.78,--,45,30510,买盘
758,14:16:36,6.78,--,842,570876,买盘
759,14:16:33,6.78,--,17,11526,买盘
760,14:16:30,6.78,--,66,44748,买盘
761,14:16:27,6.78,--,89,60342,买盘
762,14:16:24,6.78,0.01,30,20340,买盘
763,14:16:21,6.77,--,132,89364,卖盘
764,14:16:18,6.77,-0.01,184,124567,卖盘
765,14:16:15,6.78,--,45,30510,买盘
766,14:16:12,6.78,--,38,25764,买盘
767,14:16:09,6.78,--,108,73224,买盘
768,14:16:06,6.78,--,83,56274,买盘
769,14:16:03,6.78,--,68,46104,买盘
770,14:16:00,6.78,--,9,6102,买盘
771,14:15:57,6.78,--,13,8814,买盘
772,14:15:54,6.78,--,44,29832,买盘
773,14:15:48,6.78,--,47,31866,买盘
774,14:15:45,6.78,--,44,29832,买盘
775,14:15:42,6.78,0.01,8,5424,买盘
776,14:15:39,6.77,-0.01,5,3385,卖盘
777,14:15:36,6.78,--,27,18306,买盘
778,14:15:33,6.78,--,44,29832,买盘
779,14:15:30,6.78,0.01,115,77970,买盘
780,14:15:27,6.77,-0.01,100,67700,卖盘
781,14:15:24,6.78,--,119,80682,买盘
782,14:15:21,6.78,0.01,83,56274,买盘
783,14:15:18,6.77,--,5,3385,卖盘
784,14:15:15,6.77,--,80,54160,卖盘
785,14:15:12,6.77,-0.01,12,8123,卖盘
786,14:15:09,6.78,--,95,64410,买盘
787,14:15:06,6.78,0.01,10,6780,买盘
788,14:15:03,6.77,-0.01,44,29787,卖盘
789,14:15:00,6.78,0.01,70,47460,买盘
790,14:14:57,6.77,--,12,8123,卖盘
791,14:14:54,6.77,-0.01,29,19633,卖盘
792,14:14:51,6.78,--,1,678,买盘
793,14:14:48,6.78,0.01,48,32544,买盘
794,14:14:42,6.77,-0.01,2,1354,卖盘
795,14:14:39,6.78,--,30,20340,买盘
796,14:14:36,6.78,--,50,33900,买盘
797,14:14:33,6.78,0.01,127,86106,买盘
798,14:14:30,6.77,--,21,14217,卖盘
799,14:14:27,6.77,--,56,37912,卖盘
800,14:14:24,6.77,-0.01,70,47390,卖盘
801,14:14:21,6.78,--,2,1356,买盘
802,14:14:18,6.78,--,80,54240,买盘
803,14:14:15,6.78,--,42,28476,买盘
804,14:14:09,6.78,0.01,1,678,买盘
805,14:14:06,6.77,-0.01,112,75824,卖盘
806,14:14:03,6.78,0.01,45,30510,买盘
807,14:14:00,6.77,-0.01,267,180759,卖盘
808,14:13:57,6.78,0.01,140,94920,买盘
809,14:13:54,6.77,-0.01,66,44682,卖盘
810,14:13:45,6.78,--,1296,878688,买盘
811,14:13:42,6.78,0.01,94,63732,买盘
812,14:13:39,6.77,-0.01,10,6770,卖盘
813,14:13:36,6.78,--,17,11526,买盘
814,14:13:33,6.78,--,23,15594,买盘
815,14:13:30,6.78,--,56,37968,买盘
816,14:13:27,6.78,0.01,120,81360,买盘
817,14:13:24,6.77,-0.01,3,2030,卖盘
818,14:13:21,6.78,0.01,42,28476,买盘
819,14:13:15,6.77,--,18,12186,卖盘
820,14:13:09,6.77,-0.01,106,71762,卖盘
821,14:13:06,6.78,--,38,25764,买盘
822,14:13:03,6.78,--,22,14916,买盘
823,14:12:57,6.78,0.01,44,29832,买盘
824,14:12:54,6.77,-0.01,2,1354,卖盘
825,14:12:48,6.78,--,43,29154,买盘
826,14:12:45,6.78,--,45,30510,买盘
827,14:12:42,6.78,--,12,8136,买盘
828,14:12:39,6.78,--,76,51528,买盘
829,14:12:36,6.78,--,84,56952,买盘
830,14:12:33,6.78,--,107,72546,买盘
831,14:12:27,6.78,--,100,67800,买盘
832,14:12:24,6.78,0.01,89,60342,买盘
833,14:12:21,6.77,-0.01,16,10832,卖盘
834,14:12:18,6.78,0.01,24,16272,买盘
835,14:12:15,6.77,--,72,48744,卖盘
836,14:12:12,6.77,-0.01,23,15570,卖盘
837,14:12:09,6.78,0.01,6,4068,买盘
838,14:12:06,6.77,-0.01,10,6770,卖盘
839,14:12:03,6.78,0.01,39,26442,买盘
840,14:11:57,6.77,--,50,33850,卖盘
841,14:11:54,6.77,-0.01,108,73116,卖盘
842,14:11:51,6.78,0.01,42,28476,买盘
843,14:11:45,6.77,-0.01,22,14893,卖盘
844,14:11:42,6.78,0.01,246,166788,买盘
845,14:11:39,6.77,-0.01,31,20987,卖盘
846,14:11:36,6.78,--,9,6102,买盘
847,14:11:33,6.78,0.01,7,4746,买盘
848,14:11:30,6.77,--,65,44005,卖盘
849,14:11:27,6.77,--,22,14893,卖盘
850,14:11:21,6.77,-0.01,29,19633,卖盘
851,14:11:18,6.78,--,45,30510,买盘
852,14:11:15,6.78,0.01,14,9492,买盘
853,14:11:12,6.77,-0.01,20,13540,卖盘
854,14:11:09,6.78,--,38,25764,买盘
855,14:11:06,6.78,0.01,59,40002,买盘
856,14:11:00,6.77,-0.01,20,13540,卖盘
857,14:10:57,6.78,0.01,150,101700,买盘
858,14:10:51,6.77,--,52,35204,卖盘
859,14:10:48,6.77,-0.01,42,28434,卖盘
860,14:10:45,6.78,--,66,44748,买盘
861,14:10:42,6.78,--,12,8136,买盘
862,14:10:39,6.78,--,323,218994,卖盘
863,14:10:36,6.78,--,349,236622,买盘
864,14:10:33,6.78,--,9,6102,买盘
865,14:10:30,6.78,--,59,40002,买盘
866,14:10:24,6.78,--,111,75258,买盘
867,14:10:21,6.78,--,774,524772,卖盘
868,14:10:18,6.78,--,100,67800,卖盘
869,14:10:15,6.78,--,5,3390,卖盘
870,14:10:12,6.78,--,182,123396,卖盘
871,14:10:09,6.78,--,8,5424,卖盘
872,14:10:06,6.78,-0.01,1043,707154,卖盘
873,14:10:03,6.79,0.01,44,29876,买盘
874,14:10:00,6.78,--,26,17628,卖盘
875,14:09:54,6.78,-0.01,41,27798,卖盘
876,14:09:51,6.79,--,96,65184,买盘
877,14:09:45,6.79,0.01,7,4753,买盘
878,14:09:42,6.78,-0.01,10,6780,卖盘
879,14:09:39,6.79,0.01,60,40740,买盘
880,14:09:36,6.78,-0.01,26,17628,卖盘
881,14:09:33,6.79,--,14,9506,买盘
882,14:09:30,6.79,--,53,35987,买盘
883,14:09:27,6.79,--,3,2037,买盘
884,14:09:24,6.79,0.01,12,8148,买盘
885,14:09:21,6.78,-0.01,42,28476,卖盘
886,14:09:18,6.79,--,48,32592,买盘
887,14:09:15,6.79,0.01,17,11543,买盘
888,14:09:12,6.78,-0.01,19,12882,卖盘
889,14:09:06,6.79,0.01,43,29197,买盘
890,14:09:03,6.78,-0.01,343,232554,卖盘
891,14:08:57,6.79,--,59,40061,买盘
892,14:08:54,6.79,0.01,2,1358,买盘
893,14:08:51,6.78,--,43,29154,卖盘
894,14:08:48,6.78,-0.01,39,26442,卖盘
895,14:08:45,6.79,0.01,42,28518,买盘
896,14:08:42,6.78,--,44,29832,卖盘
897,14:08:39,6.78,--,24,16272,卖盘
898,14:08:36,6.78,--,12,8136,卖盘
899,14:08:33,6.78,-0.01,44,29832,卖盘
900,14:08:30,6.79,--,7,4753,买盘
901,14:08:27,6.79,0.01,12,8148,买盘
902,14:08:24,6.78,--,337,228486,买盘
903,14:08:21,6.78,--,26,17628,买盘
904,14:08:18,6.78,--,284,192552,买盘
905,14:08:15,6.78,-0.01,535,362730,卖盘
906,14:08:12,6.79,--,51,34629,买盘
907,14:08:09,6.79,0.01,304,206416,买盘
908,14:08:06,6.78,--,1,678,卖盘
909,14:08:00,6.78,--,95,64410,卖盘
910,14:07:57,6.78,--,11,7458,卖盘
911,14:07:54,6.78,--,4,2712,卖盘
912,14:07:51,6.78,-0.01,43,29154,卖盘
913,14:07:48,6.79,0.02,456,309624,买盘
914,14:07:45,6.77,-0.01,268,181436,卖盘
915,14:07:42,6.78,--,5,3390,买盘
916,14:07:39,6.78,--,498,337644,买盘
917,14:07:36,6.78,0.01,10,6780,买盘
918,14:07:33,6.77,-0.01,26,17602,卖盘
919,14:07:30,6.78,--,12,8136,买盘
920,14:07:27,6.78,0.01,211,143058,买盘
921,14:07:24,6.77,-0.01,17,11509,卖盘
922,14:07:18,6.78,--,156,105768,买盘
923,14:07:15,6.78,0.01,87,58986,买盘
924,14:07:12,6.77,-0.01,488,330917,卖盘
925,14:07:09,6.78,0.01,55,37290,买盘
926,14:07:06,6.77,-0.01,90,60929,卖盘
927,14:07:03,6.78,--,184,124752,买盘
928,14:07:00,6.78,--,111,75258,买盘
929,14:06:57,6.78,--,89,60342,买盘
930,14:06:54,6.78,--,46,31188,买盘
931,14:06:48,6.78,--,35,23730,买盘
932,14:06:45,6.78,--,418,283404,买盘
933,14:06:42,6.78,0.01,145,98310,买盘
934,14:06:39,6.77,-0.01,52,35204,卖盘
935,14:06:36,6.78,--,32,21696,买盘
936,14:06:33,6.78,--,53,35934,买盘
937,14:06:30,6.78,--,26,17628,买盘
938,14:06:27,6.78,--,8,5424,买盘
939,14:06:24,6.78,--,884,599352,买盘
940,14:06:21,6.78,--,93,63054,买盘
941,14:06:18,6.78,--,23,15594,买盘
942,14:06:09,6.78,0.01,124,84072,买盘
943,14:06:06,6.77,-0.01,16,10832,卖盘
944,14:06:03,6.78,--,220,149160,买盘
945,14:06:00,6.78,--,45,30510,买盘
946,14:05:57,6.78,--,52,35256,买盘
947,14:05:54,6.78,-0.01,422,286116,卖盘
948,14:05:51,6.79,--,174,118146,买盘
949,14:05:48,6.79,--,74,50246,买盘
950,14:05:45,6.79,--,289,196231,买盘
951,14:05:42,6.79,--,17,11543,买盘
952,14:05:39,6.79,--,1080,733320,买盘
953,14:05:36,6.79,--,137,93023,买盘
954,14:05:33,6.79,--,1,679,买盘
955,14:05:27,6.79,--,43,29197,买盘
956,14:05:24,6.79,0.01,211,143269,买盘
957,14:05:21,6.78,--,113,76614,卖盘
958,14:05:18,6.78,--,40,27120,卖盘
959,14:05:15,6.78,--,77,52206,卖盘
960,14:05:12,6.78,-0.01,17,11526,卖盘
961,14:05:09,6.79,0.01,58,39382,买盘
962,14:05:06,6.78,--,202,136956,买盘
963,14:05:03,6.78,--,44,29832,买盘
964,14:05:00,6.78,--,1032,699696,买盘
965,14:04:57,6.78,--,6,4068,买盘
966,14:04:54,6.78,0.01,53,35934,买盘
967,14:04:51,6.77,-0.01,2,1354,卖盘
968,14:04:48,6.78,--,1,678,买盘
969,14:04:45,6.78,--,44,29832,买盘
970,14:04:42,6.78,--,55,37290,买盘
971,14:04:39,6.78,0.01,24,16272,买盘
972,14:04:36,6.77,-0.01,20,13540,卖盘
973,14:04:33,6.78,--,4,2712,买盘
974,14:04:30,6.78,--,305,206790,买盘
975,14:04:27,6.78,--,26,17628,买盘
976,14:04:24,6.78,0.01,12,8136,买盘
977,14:04:21,6.77,-0.01,86,58763,卖盘
978,14:04:18,6.78,--,202,136956,买盘
979,14:04:15,6.78,--,12,8136,买盘
980,14:04:09,6.78,--,52,35256,买盘
981,14:04:06,6.78,--,4,2712,买盘
982,14:04:03,6.78,--,18,12204,买盘
983,14:03:57,6.78,0.01,110,74580,买盘
984,14:03:54,6.77,-0.01,22,14893,卖盘
985,14:03:51,6.78,--,288,195264,买盘
986,14:03:48,6.78,--,69,46782,买盘
987,14:03:45,6.78,--,34,23052,买盘
988,14:03:42,6.78,0.01,18,12204,买盘
989,14:03:39,6.77,-0.01,5,3385,卖盘
990,14:03:36,6.78,--,77,52206,买盘
991,14:03:33,6.78,0.01,22,14916,买盘
992,14:03:30,6.77,--,60,40620,卖盘
993,14:03:27,6.77,-0.01,70,47390,卖盘
994,14:03:24,6.78,--,50,33900,买盘
995,14:03:18,6.78,--,39,26442,买盘
996,14:03:15,6.78,--,47,31866,买盘
997,14:03:12,6.78,--,284,192552,买盘
998,14:03:09,6.78,0.01,267,181026,买盘
999,14:03:06,6.77,-0.01,2,1354,卖盘
1000,14:03:03,6.78,--,45,30510,买盘
1001,14:03:00,6.78,0.01,25,16950,买盘
1002,14:02:57,6.77,-0.01,93,62960,卖盘
1003,14:02:51,6.78,0.01,147,99666,买盘
1004,14:02:48,6.77,-0.01,8,5416,卖盘
1005,14:02:45,6.78,--,13,8814,买盘
1006,14:02:42,6.78,--,36,24408,买盘
1007,14:02:39,6.78,0.01,68,46104,买盘
1008,14:02:36,6.77,--,261,176697,卖盘
1009,14:02:33,6.77,-0.01,1,677,卖盘
1010,14:02:30,6.78,--,45,30510,买盘
1011,14:02:27,6.78,--,200,135600,买盘
1012,14:02:24,6.78,--,7,4746,买盘
1013,14:02:21,6.78,--,81,54918,买盘
1014,14:02:18,6.78,--,43,29154,买盘
1015,14:02:15,6.78,--,6,4068,买盘
1016,14:02:12,6.78,--,50,33900,买盘
1017,14:02:06,6.78,0.01,47,31866,买盘
1018,14:02:03,6.77,--,50,33850,卖盘
1019,14:02:00,6.77,-0.01,50,33850,卖盘
1020,14:01:57,6.78,--,299,202722,买盘
1021,14:01:54,6.78,0.01,87,58986,买盘
1022,14:01:51,6.77,--,60,40620,卖盘
1023,14:01:48,6.77,-0.01,41,27757,卖盘
1024,14:01:45,6.78,--,65,44070,买盘
1025,14:01:42,6.78,0.01,2,1356,买盘
1026,14:01:39,6.77,-0.01,1,677,卖盘
1027,14:01:33,6.78,0.01,44,29832,买盘
1028,14:01:30,6.77,-0.01,500,338500,卖盘
1029,14:01:27,6.78,0.01,18,12204,买盘
1030,14:01:24,6.77,-0.01,67,45359,卖盘
1031,14:01:21,6.78,--,64,43392,买盘
1032,14:01:18,6.78,0.01,267,181026,买盘
1033,14:01:15,6.77,-0.01,33,22341,卖盘
1034,14:01:12,6.78,0.01,58,39324,买盘
1035,14:01:09,6.77,--,1,677,卖盘
1036,14:01:06,6.77,-0.01,20,13540,卖盘
1037,14:01:00,6.78,--,39,26442,买盘
1038,14:00:57,6.78,--,93,63054,买盘
1039,14:00:51,6.78,--,84,56952,买盘
1040,14:00:48,6.78,0.01,27,18306,买盘
1041,14:00:42,6.77,-0.01,100,67700,卖盘
1042,14:00:39,6.78,0.01,310,210180,买盘
1043,14:00:36,6.77,--,190,128629,卖盘
1044,14:00:33,6.77,--,58,39266,卖盘
1045,14:00:30,6.77,-0.01,268,181436,卖盘
1046,14:00:27,6.78,0.01,64,43392,买盘
1047,14:00:24,6.77,-0.01,31,20987,卖盘
1048,14:00:21,6.78,--,85,57630,买盘
1049,14:00:18,6.78,--,54,36612,买盘
1050,14:00:15,6.78,0.01,11,7458,买盘
1051,14:00:12,6.77,--,57,38589,卖盘
1052,14:00:09,6.77,-0.01,2,1354,卖盘
1053,14:00:06,6.78,--,43,29154,买盘
1054,14:00:00,6.78,--,518,351204,买盘
1055,13:59:54,6.78,0.01,85,57630,买盘
1056,13:59:51,6.77,--,101,68377,卖盘
1057,13:59:45,6.77,-0.01,48,32495,卖盘
1058,13:59:42,6.78,--,19,12882,买盘
1059,13:59:39,6.78,--,24,16272,买盘
1060,13:59:36,6.78,--,6,4068,买盘
1061,13:59:33,6.78,--,86,58308,买盘
1062,13:59:30,6.78,--,50,33900,买盘
1063,13:59:27,6.78,0.01,18,12204,买盘
1064,13:59:24,6.77,-0.01,1,677,卖盘
1065,13:59:21,6.78,--,95,64410,买盘
1066,13:59:18,6.78,0.01,5,3390,买盘
1067,13:59:15,6.77,-0.01,12,8123,卖盘
1068,13:59:09,6.78,--,41,27798,买盘
1069,13:59:06,6.78,--,112,75936,买盘
1070,13:59:00,6.78,0.01,41,27798,买盘
1071,13:58:51,6.77,-0.01,131,88687,卖盘
1072,13:58:48,6.78,--,63,42714,买盘
1073,13:58:45,6.78,0.01,15,10170,买盘
1074,13:58:39,6.77,-0.01,906,613483,卖盘
1075,13:58:36,6.78,--,106,71868,买盘
1076,13:58:30,6.78,--,13,8814,买盘
1077,13:58:27,6.78,0.01,39,26442,买盘
1078,13:58:21,6.77,-0.01,258,174666,卖盘
1079,13:58:18,6.78,--,66,44748,买盘
1080,13:58:15,6.78,--,47,31866,买盘
1081,13:58:09,6.78,--,12,8136,买盘
1082,13:58:06,6.78,--,12,8136,买盘
1083,13:58:03,6.78,0.01,37,25086,买盘
1084,13:58:00,6.77,-0.01,9,6093,卖盘
1085,13:57:57,6.78,--,24,16272,买盘
1086,13:57:54,6.78,0.01,68,46104,买盘
1087,13:57:51,6.77,-0.01,97,65669,卖盘
1088,13:57:48,6.78,--,68,46104,买盘
1089,13:57:45,6.78,--,275,186450,买盘
1090,13:57:42,6.78,--,56,37968,买盘
1091,13:57:39,6.78,0.01,4,2712,买盘
1092,13:57:36,6.77,-0.01,200,135400,卖盘
1093,13:57:33,6.78,--,26,17628,买盘
1094,13:57:30,6.78,--,18,12204,买盘
1095,13:57:24,6.78,0.01,18,12204,买盘
1096,13:57:21,6.77,-0.01,133,90041,卖盘
1097,13:57:18,6.78,--,18,12204,买盘
1098,13:57:12,6.78,--,12,8136,买盘
1099,13:57:09,6.78,--,78,52884,买盘
1100,13:57:06,6.78,--,2,1356,买盘
1101,13:57:03,6.78,--,34,23052,买盘
1102,13:57:00,6.78,--,27,18306,买盘
1103,13:56:57,6.78,0.01,68,46104,买盘
1104,13:56:54,6.77,--,5,3385,卖盘
1105,13:56:51,6.77,--,43,29110,卖盘
1106,13:56:48,6.77,-0.01,126,85302,卖盘
1107,13:56:45,6.78,0.01,12,8136,买盘
1108,13:56:42,6.77,-0.01,4,2708,卖盘
1109,13:56:36,6.78,--,41,27798,买盘
1110,13:56:27,6.78,--,27,18306,买盘
1111,13:56:24,6.78,0.01,18,12204,买盘
1112,13:56:21,6.77,--,42,28434,卖盘
1113,13:56:18,6.77,-0.01,22,14893,卖盘
1114,13:56:15,6.78,0.01,53,35934,买盘
1115,13:56:12,6.77,-0.01,114,77178,卖盘
1116,13:56:06,6.78,--,68,46104,买盘
1117,13:56:03,6.78,--,47,31866,买盘
1118,13:56:00,6.78,0.01,11,7458,买盘
1119,13:55:54,6.77,-0.01,59,39943,卖盘
1120,13:55:51,6.78,--,125,84750,买盘
1121,13:55:48,6.78,--,12,8136,买盘
1122,13:55:45,6.78,0.01,30,20340,买盘
1123,13:55:42,6.77,-0.01,33,22341,卖盘
1124,13:55:39,6.78,0.01,17,11526,买盘
1125,13:55:36,6.77,-0.01,19,12863,卖盘
1126,13:55:33,6.78,--,6,4068,买盘
1127,13:55:30,6.78,0.01,41,27798,买盘
1128,13:55:27,6.77,-0.01,48,32495,卖盘
1129,13:55:24,6.78,--,3,2034,买盘
1130,13:55:21,6.78,--,63,42714,买盘
1131,13:55:18,6.78,--,48,32544,买盘
1132,13:55:15,6.78,--,34,23052,买盘
1133,13:55:12,6.78,--,8,5424,买盘
1134,13:55:09,6.78,--,133,90174,买盘
1135,13:55:06,6.78,--,55,37290,买盘
1136,13:55:03,6.78,--,23,15594,买盘
1137,13:54:57,6.78,--,52,35256,买盘
1138,13:54:51,6.78,0.01,67,45426,买盘
1139,13:54:48,6.77,-0.01,229,155033,卖盘
1140,13:54:45,6.78,0.01,40,27120,买盘
1141,13:54:42,6.77,-0.01,70,47390,卖盘
1142,13:54:39,6.78,--,95,64410,买盘
1143,13:54:36,6.78,--,54,36612,买盘
1144,13:54:33,6.78,--,188,127464,买盘
1145,13:54:30,6.78,0.01,44,29832,买盘
1146,13:54:27,6.77,-0.01,11,7446,卖盘
1147,13:54:24,6.78,--,289,195942,买盘
1148,13:54:21,6.78,--,47,31866,买盘
1149,13:54:15,6.78,--,7,4746,买盘
1150,13:54:12,6.78,0.01,47,31866,买盘
1151,13:54:09,6.77,-0.01,81,54837,卖盘
1152,13:54:06,6.78,--,50,33900,买盘
1153,13:54:03,6.78,--,3,2034,买盘
1154,13:54:00,6.78,--,45,30510,买盘
1155,13:53:57,6.78,0.01,12,8136,买盘
1156,13:53:54,6.77,--,19,12863,卖盘
1157,13:53:51,6.77,-0.01,88,59575,卖盘
1158,13:53:48,6.78,--,7,4746,买盘
1159,13:53:39,6.78,--,45,30510,买盘
1160,13:53:33,6.78,--,6,4068,买盘
1161,13:53:30,6.78,--,25,16950,买盘
1162,13:53:27,6.78,-0.01,40,27120,买盘
1163,13:53:21,6.79,--,1,679,买盘
1164,13:53:18,6.79,--,62,42098,买盘
1165,13:53:15,6.79,--,7,4753,买盘
1166,13:53:06,6.79,0.02,41,27839,买盘
1167,13:53:03,6.77,-0.01,42,28434,卖盘
1168,13:53:00,6.78,--,12,8136,买盘
1169,13:52:57,6.78,--,82,55596,买盘
1170,13:52:54,6.78,--,130,88140,买盘
1171,13:52:51,6.78,--,14,9492,买盘
1172,13:52:48,6.78,0.01,10,6780,买盘
1173,13:52:45,6.77,-0.01,83,56191,卖盘
1174,13:52:39,6.78,--,30,20340,卖盘
1175,13:52:36,6.78,-0.01,52,35256,卖盘
1176,13:52:33,6.79,--,11,7469,买盘
1177,13:52:30,6.79,--,21,14259,买盘
1178,13:52:27,6.79,0.01,56,38024,买盘
1179,13:52:21,6.78,--,53,35934,买盘
1180,13:52:18,6.78,--,10,6780,买盘
1181,13:52:15,6.78,-0.01,289,195942,卖盘
1182,13:52:12,6.79,0.01,259,175861,买盘
1183,13:52:09,6.78,--,7,4746,买盘
1184,13:52:06,6.78,-0.01,19,12882,卖盘
1185,13:52:03,6.79,0.01,1062,721098,买盘
1186,13:52:00,6.78,0.01,3,2034,买盘
1187,13:51:57,6.77,-0.01,28,18956,卖盘
1188,13:51:54,6.78,0.01,50,33900,买盘
1189,13:51:45,6.77,-0.02,10,6770,卖盘
1190,13:51:42,6.79,0.01,118,80122,买盘
1191,13:51:36,6.78,--,12,8136,买盘
1192,13:51:33,6.78,-0.01,119,80682,卖盘
1193,13:51:30,6.79,--,49,33271,买盘
1194,13:51:27,6.79,0.01,49,33271,买盘
1195,13:51:24,6.78,--,2,1356,卖盘
1196,13:51:21,6.78,--,375,254250,卖盘
1197,13:51:18,6.78,--,231,156618,卖盘
1198,13:51:12,6.78,-0.01,15,10170,卖盘
1199,13:51:09,6.79,0.01,187,126973,买盘
1200,13:51:06,6.78,--,139,94242,买盘
1201,13:51:03,6.78,--,168,113904,买盘
1202,13:51:00,6.78,--,550,372900,买盘
1203,13:50:57,6.78,--,73,49494,买盘
1204,13:50:54,6.78,--,32,21696,买盘
1205,13:50:51,6.78,--,100,67800,买盘
1206,13:50:48,6.78,--,403,273234,卖盘
1207,13:50:45,6.78,-0.01,41,27798,卖盘
1208,13:50:42,6.79,--,106,71974,买盘
1209,13:50:39,6.79,--,28,19012,买盘
1210,13:50:36,6.79,--,166,112714,买盘
1211,13:50:33,6.79,--,204,138516,买盘
1212,13:50:30,6.79,--,105,71295,买盘
1213,13:50:27,6.79,--,154,104566,买盘
1214,13:50:24,6.79,0.01,127,86233,买盘
1215,13:50:21,6.78,-0.01,130,88140,卖盘
1216,13:50:15,6.79,--,103,69937,买盘
1217,13:50:12,6.79,0.01,22,14938,买盘
1218,13:50:09,6.78,-0.01,128,86784,卖盘
1219,13:50:06,6.79,0.01,70,47530,买盘
1220,13:50:03,6.78,--,188,127464,卖盘
1221,13:50:00,6.78,--,159,107802,卖盘
1222,13:49:57,6.78,--,140,94920,卖盘
1223,13:49:54,6.78,-0.01,50,33900,卖盘
1224,13:49:51,6.79,0.01,138,93702,买盘
1225,13:49:48,6.78,--,26,17628,卖盘
1226,13:49:45,6.78,-0.01,1,678,卖盘
1227,13:49:42,6.79,--,65,44135,买盘
1228,13:49:39,6.79,0.01,5,3395,买盘
1229,13:49:36,6.78,-0.01,77,52206,卖盘
1230,13:49:33,6.79,0.01,9,6111,买盘
1231,13:49:30,6.78,-0.01,84,56952,卖盘
1232,13:49:24,6.79,--,30,20370,买盘
1233,13:49:21,6.79,--,47,31913,买盘
1234,13:49:18,6.79,0.01,60,40740,买盘
1235,13:49:15,6.78,-0.01,35,23730,卖盘
1236,13:49:12,6.79,--,32,21728,买盘
1237,13:49:09,6.79,--,94,63826,买盘
1238,13:48:57,6.79,0.01,118,80122,买盘
1239,13:48:51,6.78,-0.01,47,31866,卖盘
1240,13:48:48,6.79,--,31,21049,买盘
1241,13:48:45,6.79,--,63,42777,买盘
1242,13:48:42,6.79,--,34,23086,买盘
1243,13:48:39,6.79,--,24,16296,买盘
1244,13:48:36,6.79,--,78,52962,买盘
1245,13:48:33,6.79,0.01,66,44814,买盘
1246,13:48:30,6.78,-0.01,8,5424,卖盘
1247,13:48:27,6.79,--,13,8827,买盘
1248,13:48:24,6.79,0.01,96,65184,买盘
1249,13:48:21,6.78,-0.01,58,39324,卖盘
1250,13:48:18,6.79,--,12,8148,买盘
1251,13:48:12,6.79,--,51,34629,买盘
1252,13:48:09,6.79,0.01,24,16296,买盘
1253,13:48:03,6.78,-0.01,59,40002,卖盘
1254,13:48:00,6.79,0.01,58,39382,买盘
1255,13:47:57,6.78,-0.01,60,40680,卖盘
1256,13:47:54,6.79,0.01,63,42777,买盘
1257,13:47:51,6.78,-0.01,112,75936,卖盘
1258,13:47:48,6.79,--,20,13580,买盘
1259,13:47:45,6.79,--,1,679,买盘
1260,13:47:42,6.79,0.01,50,33950,买盘
1261,13:47:39,6.78,-0.01,115,77970,卖盘
1262,13:47:30,6.79,--,45,30555,买盘
1263,13:47:27,6.79,--,55,37345,买盘
1264,13:47:24,6.79,0.01,11,7469,买盘
1265,13:47:21,6.78,--,66,44748,卖盘
1266,13:47:18,6.78,--,93,63054,卖盘
1267,13:47:15,6.78,--,55,37290,卖盘
1268,13:47:12,6.78,0.01,56,37968,卖盘
1269,13:47:06,6.77,-0.01,171,115766,卖盘
1270,13:47:03,6.78,-0.01,19,12882,中性盘
1271,13:47:00,6.79,--,426,289254,买盘
1272,13:46:57,6.79,--,57,38703,买盘
1273,13:46:54,6.79,--,83,56357,买盘
1274,13:46:51,6.79,0.01,208,141232,买盘
1275,13:46:48,6.78,0.01,38,25764,买盘
1276,13:46:45,6.77,-0.01,58,39266,卖盘
1277,13:46:42,6.78,--,10,6780,买盘
1278,13:46:39,6.78,--,820,555960,买盘
1279,13:46:36,6.78,--,52,35256,买盘
1280,13:46:33,6.78,0.01,101,68478,买盘
1281,13:46:27,6.77,-0.01,52,35204,卖盘
1282,13:46:24,6.78,--,90,61020,买盘
1283,13:46:21,6.78,0.01,167,113226,买盘
1284,13:46:18,6.77,-0.01,10,6770,卖盘
1285,13:46:12,6.78,0.01,56,37968,买盘
1286,13:46:09,6.77,-0.01,30,20310,卖盘
1287,13:46:06,6.78,0.01,13,8814,买盘
1288,13:46:03,6.77,-0.01,45,30464,卖盘
1289,13:46:00,6.78,--,56,37968,买盘
1290,13:45:57,6.78,--,76,51528,买盘
1291,13:45:54,6.78,--,53,35934,买盘
1292,13:45:51,6.78,--,9,6102,买盘
1293,13:45:48,6.78,--,51,34578,买盘
1294,13:45:45,6.78,--,6,4068,买盘
1295,13:45:42,6.78,0.01,80,54240,买盘
1296,13:45:39,6.77,-0.01,79,53483,卖盘
1297,13:45:36,6.78,0.01,20,13560,买盘
1298,13:45:33,6.77,-0.01,8,5416,卖盘
1299,13:45:30,6.78,--,12,8136,买盘
1300,13:45:27,6.78,--,88,59664,买盘
1301,13:45:18,6.78,--,33,22374,买盘
1302,13:45:15,6.78,0.01,49,33222,买盘
1303,13:45:12,6.77,-0.01,50,33850,卖盘
1304,13:45:09,6.78,--,25,16950,买盘
1305,13:45:06,6.78,--,51,34578,买盘
1306,13:45:00,6.78,--,12,8136,买盘
1307,13:44:57,6.78,--,27,18306,买盘
1308,13:44:54,6.78,0.01,59,40002,买盘
1309,13:44:45,6.77,-0.01,3,2030,卖盘
1310,13:44:42,6.78,--,432,292896,买盘
1311,13:44:39,6.78,0.01,16,10848,买盘
1312,13:44:33,6.77,-0.01,312,211224,卖盘
1313,13:44:30,6.78,--,5,3390,买盘
1314,13:44:21,6.78,--,88,59664,买盘
1315,13:44:18,6.78,--,33,22374,买盘
1316,13:44:15,6.78,--,10,6780,买盘
1317,13:44:09,6.78,--,104,70512,买盘
1318,13:44:06,6.78,--,12,8136,买盘
1319,13:44:03,6.78,--,10,6780,买盘
1320,13:44:00,6.78,--,52,35256,买盘
1321,13:43:57,6.78,--,81,54918,买盘
1322,13:43:54,6.78,0.01,8,5424,买盘
1323,13:43:51,6.77,-0.01,7,4739,卖盘
1324,13:43:48,6.78,--,64,43392,买盘
1325,13:43:45,6.78,0.01,4,2712,买盘
1326,13:43:39,6.77,-0.01,100,67700,卖盘
1327,13:43:36,6.78,--,59,40002,买盘
1328,13:43:33,6.78,0.01,6,4068,买盘
1329,13:43:30,6.77,--,200,135400,卖盘
1330,13:43:27,6.77,-0.01,60,40620,卖盘
1331,13:43:21,6.78,0.01,1,678,买盘
1332,13:43:18,6.77,-0.01,50,33850,卖盘
1333,13:43:15,6.78,--,154,104412,买盘
1334,13:43:09,6.78,--,55,37290,买盘
1335,13:43:06,6.78,--,3,2034,买盘
1336,13:43:03,6.78,0.01,58,39324,买盘
1337,13:43:00,6.77,-0.01,4,2708,卖盘
1338,13:42:54,6.78,0.01,58,39324,买盘
1339,13:42:45,6.77,--,1600,1083200,买盘
1340,13:42:42,6.77,--,72,48744,买盘
1341,13:42:39,6.77,--,52,35204,买盘
1342,13:42:30,6.77,--,82,55514,买盘
1343,13:42:21,6.77,--,996,674292,买盘
1344,13:42:18,6.77,0.01,78,52806,买盘
1345,13:42:15,6.76,-0.01,4,2704,卖盘
1346,13:42:12,6.77,--,16,10832,买盘
1347,13:42:09,6.77,0.01,62,41974,买盘
1348,13:42:06,6.76,-0.01,24,16224,卖盘
1349,13:42:03,6.77,--,14,9478,买盘
1350,13:41:57,6.77,--,53,35881,买盘
1351,13:41:54,6.77,--,41,27757,买盘
1352,13:41:51,6.77,--,18,12186,买盘
1353,13:41:45,6.77,--,66,44682,买盘
1354,13:41:42,6.77,0.01,9,6093,买盘
1355,13:41:36,6.76,--,131,88556,买盘
1356,13:41:27,6.76,--,55,37180,买盘
1357,13:41:24,6.76,--,49,33124,买盘
1358,13:41:21,6.76,--,13,8788,买盘
1359,13:41:18,6.76,--,30,20280,买盘
1360,13:41:15,6.76,--,532,360172,买盘
1361,13:41:12,6.76,--,101,68276,买盘
1362,13:41:09,6.76,--,164,110864,买盘
1363,13:41:06,6.76,--,138,93288,买盘
1364,13:41:03,6.76,--,168,113568,买盘
1365,13:41:00,6.76,--,64,43264,买盘
1366,13:40:54,6.76,--,16,10816,买盘
1367,13:40:51,6.76,--,159,107484,买盘
1368,13:40:48,6.76,--,12,8112,买盘
1369,13:40:45,6.76,--,1,676,买盘
1370,13:40:39,6.76,--,64,43264,买盘
1371,13:40:33,6.76,--,224,151424,买盘
1372,13:40:30,6.76,--,109,73684,买盘
1373,13:40:27,6.76,--,21,14196,买盘
1374,13:40:24,6.76,--,45,30420,买盘
1375,13:40:21,6.76,--,12,8112,买盘
1376,13:40:18,6.76,0.01,53,35828,买盘
1377,13:40:15,6.75,-0.01,1,675,卖盘
1378,13:40:09,6.76,--,24,16224,买盘
1379,13:40:06,6.76,--,57,38532,买盘
1380,13:40:03,6.76,0.01,819,553644,买盘
1381,13:39:57,6.75,-0.01,44,29700,卖盘
1382,13:39:54,6.76,--,12,8112,买盘
1383,13:39:51,6.76,--,78,52728,买盘
1384,13:39:45,6.76,--,87,58812,买盘
1385,13:39:42,6.76,0.01,1,676,买盘
1386,13:39:39,6.75,-0.02,21,14175,卖盘
1387,13:39:33,6.77,0.01,398,269446,买盘
1388,13:39:27,6.76,--,1,676,买盘
1389,13:39:24,6.76,0.01,69,46644,买盘
1390,13:39:18,6.75,--,158,106650,卖盘
1391,13:39:12,6.75,-0.01,2374,1602450,卖盘
1392,13:39:06,6.76,--,45,30420,买盘
1393,13:39:03,6.76,--,14,9464,买盘
1394,13:39:00,6.76,--,106,71656,买盘
1395,13:38:57,6.76,--,12,8112,买盘
1396,13:38:51,6.76,--,68,45968,买盘
1397,13:38:48,6.76,--,195,131820,买盘
1398,13:38:42,6.76,--,10,6760,买盘
1399,13:38:39,6.76,--,115,77740,买盘
1400,13:38:36,6.76,--,643,434668,买盘
1401,13:38:33,6.76,--,14,9464,买盘
1402,13:38:30,6.76,--,52,35152,买盘
1403,13:38:27,6.76,--,62,41912,买盘
1404,13:38:24,6.76,--,141,95316,买盘
1405,13:38:18,6.76,--,256,173056,买盘
1406,13:38:15,6.76,--,40,27040,买盘
1407,13:38:12,6.76,0.01,25,16900,买盘
1408,13:38:09,6.75,--,23,15525,卖盘
1409,13:38:06,6.75,--,68,45900,卖盘
1410,13:38:03,6.75,-0.01,6,4050,卖盘
1411,13:38:00,6.76,--,65,43940,买盘
1412,13:37:57,6.76,--,35,23660,买盘
1413,13:37:54,6.76,0.01,132,89232,买盘
1414,13:37:48,6.75,-0.01,181,122175,卖盘
1415,13:37:45,6.76,--,114,77064,买盘
1416,13:37:42,6.76,0.01,50,33800,买盘
1417,13:37:39,6.75,-0.01,20,13500,卖盘
1418,13:37:36,6.76,--,44,29744,买盘
1419,13:37:33,6.76,--,53,35828,买盘
1420,13:37:30,6.76,0.01,15,10140,买盘
1421,13:37:27,6.75,-0.01,1,675,卖盘
1422,13:37:24,6.76,--,36,24336,买盘
1423,13:37:21,6.76,0.01,56,37856,买盘
1424,13:37:18,6.75,-0.01,181,122175,卖盘
1425,13:37:15,6.76,--,16,10816,买盘
1426,13:37:12,6.76,--,90,60840,买盘
1427,13:37:09,6.76,--,2,1352,卖盘
1428,13:37:06,6.76,--,16,10816,卖盘
1429,13:37:03,6.76,--,8,5408,买盘
1430,13:37:00,6.76,--,50,33800,买盘
1431,13:36:57,6.76,--,6,4056,买盘
1432,13:36:54,6.76,0.01,7,4732,买盘
1433,13:36:48,6.75,-0.01,307,207360,卖盘
1434,13:36:45,6.76,0.01,7,4732,买盘
1435,13:36:42,6.75,-0.01,270,182250,卖盘
1436,13:36:39,6.76,-0.01,62,41912,中性盘
1437,13:36:36,6.77,0.01,131,88687,买盘
1438,13:36:27,6.76,--,54,36504,买盘
1439,13:36:24,6.76,--,11,7436,买盘
1440,13:36:21,6.76,--,9,6624,卖盘
1441,13:36:18,6.76,-0.01,207,139932,卖盘
1442,13:36:15,6.77,0.01,116,78532,买盘
1443,13:36:12,6.76,-0.01,50,33800,卖盘
1444,13:36:06,6.77,0.01,30,20310,买盘
1445,13:36:03,6.76,--,100,67600,卖盘
1446,13:36:00,6.76,--,496,335431,买盘
1447,13:35:57,6.76,--,99,66924,买盘
1448,13:35:54,6.76,0.01,51,34476,买盘
1449,13:35:51,6.75,--,15,10125,卖盘
1450,13:35:48,6.75,--,150,101250,卖盘
1451,13:35:45,6.75,--,188,126900,卖盘
1452,13:35:39,6.75,--,66,44550,卖盘
1453,13:35:36,6.75,--,22,14850,卖盘
1454,13:35:33,6.75,-0.01,97,65475,卖盘
1455,13:35:30,6.76,0.01,28,18928,买盘
1456,13:35:27,6.75,-0.01,64,43200,卖盘
1457,13:35:24,6.76,--,50,33800,买盘
1458,13:35:21,6.76,0.01,10,6760,买盘
1459,13:35:18,6.75,--,802,541350,卖盘
1460,13:35:15,6.75,--,93,62775,卖盘
1461,13:35:12,6.75,--,22,14850,卖盘
1462,13:35:09,6.75,-0.01,24,16200,卖盘
1463,13:35:06,6.76,0.01,4,2704,买盘
1464,13:35:03,6.75,--,35,23625,卖盘
1465,13:35:00,6.75,-0.01,10,6750,卖盘
1466,13:34:57,6.76,0.01,72,48672,买盘
1467,13:34:54,6.75,-0.01,6,4050,卖盘
1468,13:34:48,6.76,0.01,10,6760,买盘
1469,13:34:45,6.75,-0.01,239,161325,卖盘
1470,13:34:42,6.76,--,37,25012,买盘
1471,13:34:39,6.76,--,107,72332,买盘
1472,13:34:36,6.76,--,51,34476,买盘
1473,13:34:30,6.76,--,180,121680,买盘
1474,13:34:27,6.76,--,27,18252,买盘
1475,13:34:24,6.76,--,58,39208,买盘
1476,13:34:18,6.76,--,277,187792,卖盘
1477,13:34:15,6.76,-0.01,200,135200,卖盘
1478,13:34:12,6.77,0.01,199,134723,买盘
1479,13:34:06,6.76,--,36,24336,卖盘
1480,13:34:03,6.76,--,78,52728,卖盘
1481,13:34:00,6.76,-0.01,386,260936,卖盘
1482,13:33:57,6.77,0.01,14,9478,买盘
1483,13:33:54,6.76,--,101,68276,卖盘
1484,13:33:51,6.76,-0.01,97,65572,卖盘
1485,13:33:45,6.77,--,200,135400,买盘
1486,13:33:39,6.77,0.01,54,36558,买盘
1487,13:33:36,6.76,-0.01,80,54080,卖盘
1488,13:33:30,6.77,0.01,151,102227,买盘
1489,13:33:27,6.76,--,9,6084,卖盘
1490,13:33:24,6.76,--,62,41912,卖盘
1491,13:33:21,6.76,-0.01,67,45292,卖盘
1492,13:33:18,6.77,--,63,42651,买盘
1493,13:33:15,6.77,0.01,189,127952,买盘
1494,13:33:12,6.76,-0.01,5,3380,卖盘
1495,13:33:09,6.77,0.01,20,13540,买盘
1496,13:33:06,6.76,-0.01,229,154804,卖盘
1497,13:32:57,6.77,--,38,25726,买盘
1498,13:32:54,6.77,0.01,10,6770,买盘
1499,13:32:51,6.76,--,19,12844,卖盘
1500,13:32:48,6.76,-0.01,46,31096,卖盘
1501,13:32:45,6.77,--,270,182790,买盘
1502,13:32:42,6.77,--,42,28434,买盘
1503,13:32:39,6.77,0.01,48,32495,买盘
1504,13:32:36,6.76,-0.01,5,3380,卖盘
1505,13:32:33,6.77,--,69,46713,买盘
1506,13:32:30,6.77,0.01,82,55514,买盘
1507,13:32:27,6.76,-0.01,20,13520,卖盘
1508,13:32:24,6.77,--,44,29787,买盘
1509,13:32:21,6.77,--,24,16247,买盘
1510,13:32:18,6.77,--,4,2708,买盘
1511,13:32:15,6.77,0.01,190,128629,买盘
1512,13:32:12,6.76,--,69,46644,卖盘
1513,13:32:09,6.76,--,94,63544,卖盘
1514,13:32:06,6.76,--,20,13520,卖盘
1515,13:32:03,6.76,-0.01,4,2704,卖盘
1516,13:32:00,6.77,0.01,77,52129,买盘
1517,13:31:57,6.76,-0.01,45,30420,卖盘
1518,13:31:54,6.77,0.01,17,11509,买盘
1519,13:31:51,6.76,-0.01,66,44616,卖盘
1520,13:31:48,6.77,--,131,88687,买盘
1521,13:31:45,6.77,0.01,208,140816,买盘
1522,13:31:42,6.76,-0.01,124,83824,卖盘
1523,13:31:39,6.77,0.01,50,33850,买盘
1524,13:31:36,6.76,-0.01,100,67600,卖盘
1525,13:31:33,6.77,--,10,6770,买盘
1526,13:31:30,6.77,--,1,677,买盘
1527,13:31:27,6.77,0.01,70,47390,买盘
1528,13:31:24,6.76,--,22,14872,卖盘
1529,13:31:21,6.76,-0.01,10,6760,卖盘
1530,13:31:18,6.77,--,65,44005,买盘
1531,13:31:15,6.77,--,16,10832,买盘
1532,13:31:12,6.77,--,237,160449,买盘
1533,13:31:09,6.77,--,10,6770,买盘
1534,13:31:06,6.77,--,68,46036,买盘
1535,13:31:03,6.77,--,23,15570,买盘
1536,13:30:57,6.77,--,15,10155,买盘
1537,13:30:54,6.77,--,59,39943,买盘
1538,13:30:51,6.77,0.01,5,3385,买盘
1539,13:30:48,6.76,-0.01,38,25688,卖盘
1540,13:30:45,6.77,--,43,29110,买盘
1541,13:30:42,6.77,0.01,19,12863,买盘
1542,13:30:39,6.76,-0.01,229,154804,卖盘
1543,13:30:36,6.77,--,3,2030,买盘
1544,13:30:33,6.77,--,57,38589,买盘
1545,13:30:30,6.77,--,63,42651,买盘
1546,13:30:27,6.77,0.01,1,677,买盘
1547,13:30:24,6.76,-0.01,43,29068,卖盘
1548,13:30:21,6.77,--,56,37912,买盘
1549,13:30:15,6.77,--,26,17602,买盘
1550,13:30:12,6.77,--,270,182790,买盘
1551,13:30:09,6.77,--,20,13540,买盘
1552,13:30:06,6.77,--,12,8123,买盘
1553,13:30:03,6.77,0.01,62,41974,买盘
1554,13:30:00,6.76,-0.01,243,164268,卖盘
1555,13:29:57,6.77,--,95,64314,买盘
1556,13:29:54,6.77,--,3,2030,买盘
1557,13:29:48,6.77,--,53,35881,买盘
1558,13:29:45,6.77,0.01,7,4739,买盘
1559,13:29:39,6.76,-0.01,181,122356,卖盘
1560,13:29:36,6.77,--,56,37912,买盘
1561,13:29:33,6.77,0.01,141,95457,买盘
1562,13:29:30,6.76,--,50,33800,卖盘
1563,13:29:27,6.76,-0.01,54,36504,卖盘
1564,13:29:24,6.77,--,12,8123,买盘
1565,13:29:18,6.77,--,41,27757,买盘
1566,13:29:15,6.77,--,120,81240,买盘
1567,13:29:12,6.77,--,76,51452,买盘
1568,13:29:09,6.77,--,266,180082,买盘
1569,13:29:06,6.77,--,189,127952,买盘
1570,13:29:03,6.77,--,57,38589,买盘
1571,13:29:00,6.77,0.01,71,48067,买盘
1572,13:28:57,6.76,-0.01,36,24336,卖盘
1573,13:28:54,6.77,--,51,34527,买盘
1574,13:28:51,6.77,--,55,37235,买盘
1575,13:28:48,6.77,0.01,85,57545,买盘
1576,13:28:45,6.76,-0.01,53,35828,卖盘
1577,13:28:42,6.77,0.01,51,34527,买盘
1578,13:28:39,6.76,-0.01,789,533364,卖盘
1579,13:28:36,6.77,0.01,187,126598,买盘
1580,13:28:30,6.76,-0.01,94,63544,卖盘
1581,13:28:27,6.77,0.01,1,677,买盘
1582,13:28:24,6.76,--,445,300820,卖盘
1583,13:28:21,6.76,-0.01,117,79092,卖盘
1584,13:28:18,6.77,0.01,10,6770,买盘
1585,13:28:15,6.76,-0.01,42,28392,卖盘
1586,13:28:12,6.77,0.01,363,245750,买盘
1587,13:28:09,6.76,-0.01,375,253500,卖盘
1588,13:28:06,6.77,0.01,8,5416,买盘
1589,13:28:00,6.76,-0.01,136,91936,卖盘
1590,13:27:57,6.77,--,56,37912,买盘
1591,13:27:54,6.77,0.01,5,3385,买盘
1592,13:27:51,6.76,--,35,23660,卖盘
1593,13:27:48,6.76,-0.01,44,29744,卖盘
1594,13:27:45,6.77,--,80,54160,买盘
1595,13:27:42,6.77,--,19,12863,买盘
1596,13:27:39,6.77,0.01,207,140139,买盘
1597,13:27:36,6.76,-0.01,102,68952,卖盘
1598,13:27:33,6.77,--,1,677,买盘
1599,13:27:27,6.77,--,109,73793,买盘
1600,13:27:24,6.77,0.01,182,123213,买盘
1601,13:27:21,6.76,-0.01,13,8788,卖盘
1602,13:27:18,6.77,0.01,5,3385,买盘
1603,13:27:15,6.76,-0.02,450,304200,卖盘
1604,13:27:12,6.78,0.01,30,20340,买盘
1605,13:27:09,6.77,--,115,77855,卖盘
1606,13:27:06,6.77,-0.01,182,123213,卖盘
1607,13:27:03,6.78,0.01,55,37290,买盘
1608,13:27:00,6.77,--,75,50775,卖盘
1609,13:26:54,6.77,-0.01,21,14217,卖盘
1610,13:26:51,6.78,--,111,75258,买盘
1611,13:26:48,6.78,0.01,21,14238,买盘
1612,13:26:45,6.77,-0.01,58,39266,卖盘
1613,13:26:42,6.78,--,115,77970,买盘
1614,13:26:39,6.78,0.01,46,31188,买盘
1615,13:26:36,6.77,-0.01,206,139462,卖盘
1616,13:26:30,6.78,0.01,55,37290,买盘
1617,13:26:27,6.77,--,1,677,卖盘
1618,13:26:24,6.77,--,72,48744,卖盘
1619,13:26:21,6.77,-0.01,1,677,卖盘
1620,13:26:18,6.78,--,50,33900,买盘
1621,13:26:15,6.78,0.01,149,101022,买盘
1622,13:26:12,6.77,-0.01,29,19633,卖盘
1623,13:26:09,6.78,--,51,34578,买盘
1624,13:26:06,6.78,--,191,129498,买盘
1625,13:26:03,6.78,--,109,73902,买盘
1626,13:25:57,6.78,0.01,62,42036,买盘
1627,13:25:54,6.77,--,42,28434,卖盘
1628,13:25:51,6.77,-0.01,36,24372,卖盘
1629,13:25:48,6.78,0.01,37,25086,买盘
1630,13:25:45,6.77,-0.01,58,39266,卖盘
1631,13:25:42,6.78,0.01,15,10170,买盘
1632,13:25:39,6.77,-0.01,252,170604,卖盘
1633,13:25:36,6.78,--,146,98988,买盘
1634,13:25:33,6.78,--,17,11526,买盘
1635,13:25:30,6.78,--,200,135600,买盘
1636,13:25:24,6.78,--,125,84750,买盘
1637,13:25:21,6.78,--,52,35256,买盘
1638,13:25:18,6.78,--,1,678,买盘
1639,13:25:15,6.78,-0.01,51,34578,中性盘
1640,13:25:12,6.79,0.02,76,51604,买盘
1641,13:25:09,6.77,--,137,92749,卖盘
1642,13:25:06,6.77,-0.01,1078,729806,卖盘
1643,13:25:03,6.78,--,64,43392,买盘
1644,13:25:00,6.78,0.01,141,95598,买盘
1645,13:24:57,6.77,-0.01,50,33850,卖盘
1646,13:24:54,6.78,--,30,20340,买盘
1647,13:24:51,6.78,--,150,101700,买盘
1648,13:24:48,6.78,--,32,21696,买盘
1649,13:24:42,6.78,--,6,4068,买盘
1650,13:24:39,6.78,0.01,50,33900,买盘
1651,13:24:36,6.77,--,311,210547,卖盘
1652,13:24:33,6.77,-0.01,7,4739,卖盘
1653,13:24:30,6.78,--,51,34578,买盘
1654,13:24:24,6.78,--,37,25086,买盘
1655,13:24:21,6.78,--,25,16950,买盘
1656,13:24:18,6.78,--,288,195264,买盘
1657,13:24:15,6.78,--,30,20340,买盘
1658,13:24:12,6.78,--,27,18306,买盘
1659,13:24:09,6.78,--,52,35256,买盘
1660,13:24:06,6.78,--,410,277980,买盘
1661,13:24:03,6.78,0.01,1008,683424,买盘
1662,13:23:57,6.77,-0.01,51,34527,卖盘
1663,13:23:54,6.78,0.01,10,6780,买盘
1664,13:23:51,6.77,--,53,35881,卖盘
1665,13:23:45,6.77,-0.01,66,44682,卖盘
1666,13:23:42,6.78,--,26,17628,买盘
1667,13:23:39,6.78,0.01,30,20340,买盘
1668,13:23:36,6.77,-0.01,38,25726,卖盘
1669,13:23:33,6.78,--,388,263064,买盘
1670,13:23:27,6.78,--,99,67122,买盘
1671,13:23:24,6.78,--,12,8136,买盘
1672,13:23:21,6.78,--,52,35256,买盘
1673,13:23:18,6.78,0.01,12,8136,买盘
1674,13:23:15,6.77,-0.01,6,4061,卖盘
1675,13:23:12,6.78,--,48,32544,买盘
1676,13:23:09,6.78,0.01,11,7458,买盘
1677,13:23:06,6.77,-0.01,12,8123,卖盘
1678,13:23:03,6.78,0.01,2,1356,买盘
1679,13:23:00,6.77,--,68,46036,卖盘
1680,13:22:57,6.77,-0.01,100,67700,卖盘
1681,13:22:54,6.78,--,23,15594,买盘
1682,13:22:51,6.78,--,106,71868,买盘
1683,13:22:48,6.78,--,135,91530,买盘
1684,13:22:45,6.78,--,10,6780,买盘
1685,13:22:42,6.78,--,5,3390,买盘
1686,13:22:39,6.78,0.01,62,42036,买盘
1687,13:22:36,6.77,-0.01,750,507749,卖盘
1688,13:22:33,6.78,--,13,8814,买盘
1689,13:22:30,6.78,--,10,6780,买盘
1690,13:22:27,6.78,--,62,42036,买盘
1691,13:22:24,6.78,--,17,11526,买盘
1692,13:22:21,6.78,--,103,69834,买盘
1693,13:22:18,6.78,--,29,19662,买盘
1694,13:22:15,6.78,--,82,55596,买盘
1695,13:22:12,6.78,--,10,6780,买盘
1696,13:22:09,6.78,--,95,64410,买盘
1697,13:22:06,6.78,--,47,31866,买盘
1698,13:22:03,6.78,0.01,26,17628,买盘
1699,13:22:00,6.77,-0.01,2,1354,卖盘
1700,13:21:54,6.78,0.01,59,40002,买盘
1701,13:21:48,6.77,-0.01,30,20310,卖盘
1702,13:21:45,6.78,--,15,10170,买盘
1703,13:21:42,6.78,--,62,42036,买盘
1704,13:21:39,6.78,--,61,41358,买盘
1705,13:21:36,6.78,--,12,8136,买盘
1706,13:21:33,6.78,--,38,25764,买盘
1707,13:21:30,6.78,0.01,14,9492,买盘
1708,13:21:27,6.77,-0.01,17,11509,卖盘
1709,13:21:24,6.78,0.01,43,29154,买盘
1710,13:21:21,6.77,-0.01,136,92072,卖盘
1711,13:21:18,6.78,0.01,8,5424,买盘
1712,13:21:12,6.77,-0.01,45,30464,卖盘
1713,13:21:09,6.78,--,130,88140,买盘
1714,13:21:06,6.78,--,12,8136,买盘
1715,13:21:00,6.78,--,44,29832,买盘
1716,13:20:57,6.78,0.01,12,8136,买盘
1717,13:20:54,6.77,--,50,33850,卖盘
1718,13:20:51,6.77,-0.01,58,39266,卖盘
1719,13:20:48,6.78,--,60,40680,买盘
1720,13:20:45,6.78,--,16,10848,买盘
1721,13:20:42,6.78,0.01,45,30510,买盘
1722,13:20:39,6.77,--,394,266738,卖盘
1723,13:20:36,6.77,--,58,39266,卖盘
1724,13:20:33,6.77,-0.01,10,6770,卖盘
1725,13:20:30,6.78,0.01,60,40680,买盘
1726,13:20:27,6.77,-0.01,57,38589,卖盘
1727,13:20:24,6.78,0.01,12,8136,买盘
1728,13:20:21,6.77,-0.01,215,145555,卖盘
1729,13:20:15,6.78,0.01,48,32544,买盘
1730,13:20:12,6.77,-0.01,188,127275,卖盘
1731,13:20:09,6.78,--,50,33900,买盘
1732,13:20:03,6.78,0.01,104,70512,买盘
1733,13:20:00,6.77,-0.01,10,6770,卖盘
1734,13:19:57,6.78,--,13,8814,买盘
1735,13:19:54,6.78,--,42,28476,买盘
1736,13:19:51,6.78,--,90,61020,买盘
1737,13:19:48,6.78,--,13,8814,买盘
1738,13:19:42,6.78,--,78,52884,买盘
1739,13:19:39,6.78,--,192,130176,买盘
1740,13:19:33,6.78,--,4,2712,买盘
1741,13:19:30,6.78,--,53,35934,买盘
1742,13:19:24,6.78,--,18,12204,买盘
1743,13:19:21,6.78,--,185,125430,买盘
1744,13:19:18,6.78,0.01,23,15594,买盘
1745,13:19:15,6.77,--,30,20310,卖盘
1746,13:19:12,6.77,-0.01,2,1354,卖盘
1747,13:19:09,6.78,--,70,47460,买盘
1748,13:19:06,6.78,--,108,73224,买盘
1749,13:18:57,6.78,--,57,38646,买盘
1750,13:18:54,6.78,0.01,10,6780,买盘
1751,13:18:51,6.77,--,140,94780,卖盘
1752,13:18:48,6.77,--,73,49421,卖盘
1753,13:18:45,6.77,-0.01,1,677,卖盘
1754,13:18:42,6.78,--,26,17628,买盘
1755,13:18:36,6.78,--,54,36612,买盘
1756,13:18:33,6.78,--,28,18984,买盘
1757,13:18:30,6.78,0.01,10,6780,买盘
1758,13:18:27,6.77,-0.01,1,677,卖盘
1759,13:18:24,6.78,0.01,56,37968,买盘
1760,13:18:21,6.77,--,92,62283,卖盘
1761,13:18:18,6.77,--,72,48744,卖盘
1762,13:18:12,6.77,-0.01,1,677,卖盘
1763,13:18:09,6.78,0.01,7,4746,买盘
1764,13:18:06,6.77,--,100,67700,卖盘
1765,13:18:03,6.77,--,65,44005,买盘
1766,13:18:00,6.77,--,10,6770,买盘
1767,13:17:57,6.77,--,50,33850,买盘
1768,13:17:54,6.77,--,32,21664,买盘
1769,13:17:51,6.77,--,28,18956,买盘
1770,13:17:48,6.77,--,40,27080,买盘
1771,13:17:45,6.77,--,26,17602,买盘
1772,13:17:42,6.77,--,33,22341,买盘
1773,13:17:39,6.77,0.01,306,207162,买盘
1774,13:17:36,6.76,-0.01,10,6760,卖盘
1775,13:17:33,6.77,--,60,40620,买盘
1776,13:17:21,6.77,--,54,36558,卖盘
1777,13:17:15,6.77,0.01,1,677,买盘
1778,13:17:12,6.76,-0.01,11,7436,卖盘
1779,13:17:09,6.77,0.01,107,72439,买盘
1780,13:17:06,6.76,-0.01,42,28392,卖盘
1781,13:16:54,6.77,--,70,47390,卖盘
1782,13:16:51,6.77,--,64,43328,买盘
1783,13:16:45,6.77,--,164,111028,买盘
1784,13:16:42,6.77,--,14,9478,买盘
1785,13:16:39,6.77,--,36,24372,买盘
1786,13:16:36,6.77,--,10,6770,买盘
1787,13:16:33,6.77,-0.01,32,21664,卖盘
1788,13:16:27,6.78,0.01,12,8136,买盘
1789,13:16:21,6.77,--,59,39943,买盘
1790,13:16:18,6.77,--,19,12863,买盘
1791,13:16:15,6.77,0.01,19,12863,买盘
1792,13:16:12,6.76,-0.01,1,676,卖盘
1793,13:16:09,6.77,--,20,13540,买盘
1794,13:16:00,6.77,-0.01,113,76501,卖盘
1795,13:15:57,6.78,0.01,70,47460,买盘
1796,13:15:54,6.77,--,181,122536,卖盘
1797,13:15:51,6.77,-0.01,45,30464,卖盘
1798,13:15:48,6.78,0.01,14,9492,买盘
1799,13:15:45,6.77,--,2,1354,卖盘
1800,13:15:42,6.77,-0.01,30,20310,卖盘
1801,13:15:39,6.78,--,7,4746,买盘
1802,13:15:36,6.78,--,13,8814,买盘
1803,13:15:30,6.78,0.01,16,10848,买盘
1804,13:15:27,6.77,--,14,9478,卖盘
1805,13:15:24,6.77,-0.01,1,677,卖盘
1806,13:15:21,6.78,--,43,29154,买盘
1807,13:15:18,6.78,0.01,6,4068,买盘
1808,13:15:15,6.77,--,15,10155,卖盘
1809,13:15:12,6.77,--,18,12186,卖盘
1810,13:15:09,6.77,--,52,35204,卖盘
1811,13:15:06,6.77,-0.01,10,6770,卖盘
1812,13:15:03,6.78,0.01,45,30510,买盘
1813,13:14:57,6.77,--,258,174666,买盘
1814,13:14:54,6.77,--,42,28434,买盘
1815,13:14:51,6.77,--,145,98165,卖盘
1816,13:14:45,6.77,--,16,10832,买盘
1817,13:14:42,6.77,--,44,29787,买盘
1818,13:14:39,6.77,--,73,49421,买盘
1819,13:14:36,6.77,--,74,50098,买盘
1820,13:14:33,6.77,-0.01,241,163157,卖盘
1821,13:14:30,6.78,--,32,21696,买盘
1822,13:14:24,6.78,0.01,3,2034,买盘
1823,13:14:21,6.77,--,54,36558,卖盘
1824,13:14:18,6.77,-0.01,32,21664,卖盘
1825,13:14:15,6.78,0.01,1,678,买盘
1826,13:14:12,6.77,-0.01,1,677,卖盘
1827,13:14:09,6.78,--,20,13560,买盘
1828,13:14:06,6.78,--,52,35256,买盘
1829,13:14:03,6.78,--,9,6102,买盘
1830,13:14:00,6.78,--,471,319338,买盘
1831,13:13:57,6.78,--,212,143736,买盘
1832,13:13:54,6.78,0.01,26,17628,买盘
1833,13:13:51,6.77,-0.01,43,29110,卖盘
1834,13:13:48,6.78,--,20,13560,买盘
1835,13:13:45,6.78,0.01,81,54918,买盘
1836,13:13:42,6.77,-0.01,52,35204,卖盘
1837,13:13:39,6.78,--,7,4746,买盘
1838,13:13:36,6.78,--,24,16272,买盘
1839,13:13:33,6.78,--,10,6780,买盘
1840,13:13:27,6.78,--,112,75936,买盘
1841,13:13:24,6.78,0.01,13,8814,买盘
1842,13:13:21,6.77,-0.01,42,28434,卖盘
1843,13:13:18,6.78,--,1,678,买盘
1844,13:13:15,6.78,0.01,213,144414,买盘
1845,13:13:12,6.77,-0.01,2,1354,卖盘
1846,13:13:09,6.78,--,12,8136,买盘
1847,13:13:06,6.78,--,6,4068,买盘
1848,13:13:03,6.78,--,13,8814,买盘
1849,13:12:54,6.78,0.01,18,12204,买盘
1850,13:12:51,6.77,--,70,47390,卖盘
1851,13:12:45,6.77,-0.01,1,677,卖盘
1852,13:12:42,6.78,--,87,58986,买盘
1853,13:12:36,6.78,0.01,7,4746,买盘
1854,13:12:33,6.77,--,139,94103,卖盘
1855,13:12:30,6.77,--,46,31141,卖盘
1856,13:12:27,6.77,--,15,10155,卖盘
1857,13:12:24,6.77,--,298,201746,买盘
1858,13:12:21,6.77,--,50,33850,买盘
1859,13:12:18,6.77,--,12,8123,买盘
1860,13:12:12,6.77,0.01,21,14217,买盘
1861,13:12:09,6.76,-0.01,28,18928,卖盘
1862,13:12:06,6.77,--,17,11509,买盘
1863,13:12:03,6.77,--,4,2708,买盘
1864,13:12:00,6.77,--,62,41974,买盘
1865,13:11:57,6.77,--,119,80563,买盘
1866,13:11:54,6.77,0.01,7,4739,买盘
1867,13:11:51,6.76,-0.01,1,676,卖盘
1868,13:11:45,6.77,--,26,17602,买盘
1869,13:11:42,6.77,--,80,54160,买盘
1870,13:11:39,6.77,--,14,9478,卖盘
1871,13:11:36,6.77,-0.01,20,13540,卖盘
1872,13:11:33,6.78,0.01,14,9492,买盘
1873,13:11:30,6.77,-0.01,15,10155,中性盘
1874,13:11:24,6.78,--,24,16272,买盘
1875,13:11:21,6.78,0.01,16,10848,买盘
1876,13:11:18,6.77,--,63,42651,卖盘
1877,13:11:15,6.77,-0.01,62,41974,卖盘
1878,13:11:12,6.78,--,139,94242,买盘
1879,13:11:09,6.78,0.01,248,168144,买盘
1880,13:11:06,6.77,-0.01,3,2030,卖盘
1881,13:11:03,6.78,0.01,13,8814,买盘
1882,13:11:00,6.77,-0.01,1,677,卖盘
1883,13:10:57,6.78,0.01,24,16272,买盘
1884,13:10:54,6.77,-0.01,27,18279,卖盘
1885,13:10:51,6.78,--,18,12204,买盘
1886,13:10:48,6.78,0.01,12,8136,买盘
1887,13:10:45,6.77,--,21,14217,卖盘
1888,13:10:42,6.77,-0.01,30,20310,卖盘
1889,13:10:39,6.78,--,13,8814,买盘
1890,13:10:36,6.78,--,105,71190,买盘
1891,13:10:33,6.78,--,7,4746,买盘
1892,13:10:30,6.78,--,2,1356,买盘
1893,13:10:27,6.78,--,14,9492,买盘
1894,13:10:24,6.78,0.01,80,54240,买盘
1895,13:10:21,6.77,--,83,56191,卖盘
1896,13:10:18,6.77,--,23,15570,卖盘
1897,13:10:12,6.77,--,3,2030,卖盘
1898,13:10:09,6.77,-0.01,20,13540,卖盘
1899,13:10:06,6.78,--,12,8136,买盘
1900,13:10:03,6.78,0.01,102,69156,买盘
1901,13:10:00,6.77,--,20,13540,买盘
1902,13:09:54,6.77,--,19,12863,买盘
1903,13:09:51,6.77,--,33,22341,买盘
1904,13:09:48,6.77,-0.01,2,1354,卖盘
1905,13:09:45,6.78,--,3,2034,买盘
1906,13:09:42,6.78,0.01,312,211536,买盘
1907,13:09:39,6.77,--,7,4739,买盘
1908,13:09:33,6.77,--,34,23018,买盘
1909,13:09:27,6.77,--,101,68377,买盘
1910,13:09:24,6.77,--,30,20310,买盘
1911,13:09:21,6.77,0.01,52,35204,买盘
1912,13:09:15,6.76,--,40,27040,卖盘
1913,13:09:12,6.76,-0.01,18,12168,卖盘
1914,13:09:09,6.77,--,6,4061,买盘
1915,13:09:06,6.77,0.01,10,6770,买盘
1916,13:09:00,6.76,-0.01,67,45292,卖盘
1917,13:08:57,6.77,--,12,8123,买盘
1918,13:08:48,6.77,--,54,36558,买盘
1919,13:08:45,6.77,--,5,3385,买盘
1920,13:08:42,6.77,--,1,677,买盘
1921,13:08:39,6.77,--,20,13540,买盘
1922,13:08:36,6.77,--,13,8801,买盘
1923,13:08:33,6.77,0.01,20,13540,买盘
1924,13:08:30,6.76,-0.01,14,9464,卖盘
1925,13:08:27,6.77,--,25,16925,买盘
1926,13:08:24,6.77,--,110,74470,买盘
1927,13:08:21,6.77,0.01,10,6770,买盘
1928,13:08:18,6.76,-0.01,3,2028,卖盘
1929,13:08:15,6.77,-0.01,78,52806,卖盘
1930,13:08:12,6.78,--,48,32544,买盘
1931,13:08:09,6.78,0.01,28,18984,买盘
1932,13:08:06,6.77,-0.01,10,6770,卖盘
1933,13:08:03,6.78,--,22,14916,买盘
1934,13:08:00,6.78,--,12,8136,买盘
1935,13:07:54,6.78,0.01,20,13560,买盘
1936,13:07:51,6.77,--,1,677,卖盘
1937,13:07:45,6.77,--,30,20310,卖盘
1938,13:07:42,6.77,-0.01,14,9478,卖盘
1939,13:07:39,6.78,--,5,3390,买盘
1940,13:07:36,6.78,--,12,8136,买盘
1941,13:07:33,6.78,--,13,8814,买盘
1942,13:07:30,6.78,0.01,13,8814,买盘
1943,13:07:24,6.77,--,100,67700,买盘
1944,13:07:21,6.77,--,12,8123,买盘
1945,13:07:15,6.77,--,4,2708,买盘
1946,13:07:09,6.77,-0.01,13,8801,买盘
1947,13:07:06,6.78,0.02,6,4068,买盘
1948,13:07:03,6.76,--,15,10140,卖盘
1949,13:07:00,6.76,-0.02,513,346788,卖盘
1950,13:06:57,6.78,0.01,189,128142,买盘
1951,13:06:54,6.77,0.01,230,155710,买盘
1952,13:06:51,6.76,-0.01,7,4732,卖盘
1953,13:06:48,6.77,--,323,218671,买盘
1954,13:06:45,6.77,0.01,5,3385,买盘
1955,13:06:42,6.76,-0.01,14,9464,卖盘
1956,13:06:39,6.77,--,1,677,买盘
1957,13:06:36,6.77,0.01,32,21664,买盘
1958,13:06:33,6.76,--,10,6760,卖盘
1959,13:06:30,6.76,--,3,2028,卖盘
1960,13:06:27,6.76,-0.01,33,22308,卖盘
1961,13:06:24,6.77,--,48,32495,买盘
1962,13:06:18,6.77,--,20,13540,买盘
1963,13:06:15,6.77,--,13,8801,买盘
1964,13:06:12,6.77,--,2,1354,买盘
1965,13:06:06,6.77,--,23,15570,买盘
1966,13:06:03,6.77,0.01,12,8123,买盘
1967,13:05:54,6.76,-0.01,30,20280,卖盘
1968,13:05:51,6.77,0.01,28,18956,买盘
1969,13:05:42,6.76,-0.01,15,10140,卖盘
1970,13:05:39,6.77,0.01,18,12186,买盘
1971,13:05:33,6.76,-0.01,29,19604,卖盘
1972,13:05:30,6.77,0.01,29,19633,买盘
1973,13:05:27,6.76,--,80,54080,卖盘
1974,13:05:24,6.76,-0.01,10,6760,卖盘
1975,13:05:18,6.77,0.01,186,126057,买盘
1976,13:05:15,6.76,--,4,2704,买盘
1977,13:05:12,6.76,--,22,14872,买盘
1978,13:05:09,6.76,--,14,9464,买盘
1979,13:05:06,6.76,--,93,62868,买盘
1980,13:05:03,6.76,--,51,34476,买盘
1981,13:05:00,6.76,-0.01,1237,836212,卖盘
1982,13:04:57,6.77,--,21,14217,买盘
1983,13:04:54,6.77,--,20,13540,买盘
1984,13:04:51,6.77,--,65,44005,买盘
1985,13:04:48,6.77,--,229,155033,买盘
1986,13:04:45,6.77,--,46,31141,买盘
1987,13:04:42,6.77,--,53,35881,买盘
1988,13:04:36,6.77,--,12,8123,买盘
1989,13:04:33,6.77,--,33,22341,买盘
1990,13:04:24,6.77,--,40,27080,买盘
1991,13:04:21,6.77,--,4,2708,买盘
1992,13:04:15,6.77,--,17,11509,买盘
1993,13:04:12,6.77,--,15,10155,买盘
1994,13:04:09,6.77,-0.01,587,397399,卖盘
1995,13:04:06,6.78,0.01,33,22374,买盘
1996,13:04:03,6.77,-0.01,5,3385,卖盘
1997,13:04:00,6.78,0.01,14,9492,买盘
1998,13:03:57,6.77,-0.01,105,71085,卖盘
1999,13:03:54,6.78,0.01,4,2712,买盘
2000,13:03:51,6.77,--,45,30464,卖盘
2001,13:03:48,6.77,-0.01,21,14217,卖盘
2002,13:03:42,6.78,--,50,33900,买盘
2003,13:03:39,6.78,--,13,8814,买盘
2004,13:03:36,6.78,--,6,4068,买盘
2005,13:03:27,6.78,--,16,10848,买盘
2006,13:03:21,6.78,--,151,102378,买盘
2007,13:03:18,6.78,--,26,17628,买盘
2008,13:03:15,6.78,0.01,20,13560,买盘
2009,13:03:12,6.77,--,15,10155,卖盘
2010,13:03:09,6.77,-0.01,3,2030,卖盘
2011,13:03:06,6.78,--,14,9492,买盘
2012,13:03:03,6.78,--,10,6780,买盘
2013,13:02:54,6.78,--,16,10848,买盘
2014,13:02:51,6.78,0.01,14,9492,买盘
2015,13:02:48,6.77,-0.01,1,677,卖盘
2016,13:02:45,6.78,0.01,14,9492,买盘
2017,13:02:42,6.77,-0.01,41,27757,卖盘
2018,13:02:36,6.78,0.01,84,56952,买盘
2019,13:02:33,6.77,-0.01,45,30464,卖盘
2020,13:02:30,6.78,--,4,2712,买盘
2021,13:02:27,6.78,--,58,39324,买盘
2022,13:02:24,6.78,--,1,678,买盘
2023,13:02:21,6.78,--,24,16272,买盘
2024,13:02:12,6.78,--,15,10170,买盘
2025,13:02:09,6.78,--,21,14238,买盘
2026,13:02:03,6.78,--,9,6102,买盘
2027,13:02:00,6.78,0.01,124,84072,买盘
2028,13:01:57,6.77,--,16,10832,卖盘
2029,13:01:54,6.77,-0.01,22,14893,卖盘
2030,13:01:51,6.78,0.01,10,6780,买盘
2031,13:01:48,6.77,--,18,12186,卖盘
2032,13:01:45,6.77,-0.01,3,2030,卖盘
2033,13:01:39,6.78,0.01,13,8814,买盘
2034,13:01:33,6.77,--,54,36558,卖盘
2035,13:01:30,6.77,-0.01,5,3385,卖盘
2036,13:01:27,6.78,0.01,25,16950,买盘
2037,13:01:24,6.77,-0.01,150,101550,卖盘
2038,13:01:18,6.78,--,74,50172,买盘
2039,13:01:15,6.78,--,14,9492,买盘
2040,13:01:12,6.78,--,15,10170,买盘
2041,13:01:09,6.78,0.01,12,8136,买盘
2042,13:01:06,6.77,-0.01,261,176697,卖盘
2043,13:00:57,6.78,--,28,18984,买盘
2044,13:00:54,6.78,0.01,13,8814,买盘
2045,13:00:51,6.77,-0.01,1,677,卖盘
2046,13:00:48,6.78,--,3,2034,买盘
2047,13:00:45,6.78,--,66,44748,买盘
2048,13:00:42,6.78,--,1182,801396,买盘
2049,13:00:39,6.78,--,14,9492,买盘
2050,13:00:33,6.78,--,71,48138,买盘
2051,13:00:30,6.78,--,13,8814,买盘
2052,13:00:27,6.78,-0.01,1142,774587,卖盘
2053,13:00:21,6.79,0.01,138,93702,买盘
2054,13:00:18,6.78,--,2,1356,卖盘
2055,13:00:12,6.78,--,18,12204,卖盘
2056,13:00:09,6.78,--,84,56952,卖盘
2057,13:00:06,6.78,--,238,161364,卖盘
2058,13:00:03,6.78,--,1267,859392,买盘
2059,13:00:00,6.78,--,0,0,买盘
2060,11:30:00,6.78,--,13,8814,买盘
2061,11:29:48,6.78,--,13,8814,买盘
2062,11:29:42,6.78,--,73,49494,买盘
2063,11:29:39,6.78,--,17,11526,买盘
2064,11:29:36,6.78,--,13,8814,买盘
2065,11:29:33,6.78,--,8,5424,买盘
2066,11:29:30,6.78,--,150,101700,买盘
2067,11:29:27,6.78,--,37,25086,买盘
2068,11:29:24,6.78,--,15,10170,买盘
2069,11:29:21,6.78,0.01,32,21696,买盘
2070,11:29:15,6.77,-0.01,143,96811,卖盘
2071,11:29:12,6.78,--,40,27120,买盘
2072,11:29:09,6.78,--,175,118650,买盘
2073,11:29:06,6.78,--,100,67800,买盘
2074,11:29:03,6.78,--,21,14238,买盘
2075,11:28:57,6.78,--,85,57630,买盘
2076,11:28:54,6.78,--,16,10848,买盘
2077,11:28:51,6.78,--,100,67800,买盘
2078,11:28:45,6.78,0.01,12,8136,买盘
2079,11:28:42,6.77,-0.01,37,25049,卖盘
2080,11:28:39,6.78,--,5,3390,买盘
2081,11:28:36,6.78,0.01,3,2034,买盘
2082,11:28:33,6.77,-0.01,16,10832,卖盘
2083,11:28:30,6.78,--,83,56274,买盘
2084,11:28:27,6.78,0.01,20,13560,买盘
2085,11:28:24,6.77,-0.01,43,29110,卖盘
2086,11:28:21,6.78,--,13,8814,买盘
2087,11:28:18,6.78,--,315,213570,买盘
2088,11:28:15,6.78,--,7,4746,买盘
2089,11:28:09,6.78,--,13,8814,买盘
2090,11:28:03,6.78,--,7,4746,买盘
2091,11:28:00,6.78,--,30,20340,买盘
2092,11:27:57,6.78,--,94,63732,买盘
2093,11:27:54,6.78,--,48,32544,买盘
2094,11:27:51,6.78,--,235,159330,买盘
2095,11:27:48,6.78,--,64,43392,买盘
2096,11:27:45,6.78,--,409,277302,买盘
2097,11:27:39,6.78,--,3,2034,买盘
2098,11:27:36,6.78,--,17,11526,买盘
2099,11:27:33,6.78,0.01,18,12204,买盘
2100,11:27:30,6.77,-0.01,602,407554,卖盘
2101,11:27:24,6.78,--,105,71190,买盘
2102,11:27:21,6.78,--,12,8136,买盘
2103,11:27:18,6.78,--,30,20340,买盘
2104,11:27:12,6.78,0.01,18,12204,买盘
2105,11:27:06,6.77,-0.01,300,203100,中性盘
2106,11:27:00,6.78,0.01,129,87462,买盘
2107,11:26:57,6.77,-0.01,1,677,中性盘
2108,11:26:51,6.78,0.01,123,83394,买盘
2109,11:26:48,6.77,--,9,6093,卖盘
2110,11:26:45,6.77,--,7,4739,卖盘
2111,11:26:42,6.77,-0.01,1,677,卖盘
2112,11:26:39,6.78,--,14,9492,买盘
2113,11:26:36,6.78,0.01,200,135600,买盘
2114,11:26:33,6.77,-0.01,194,131338,卖盘
2115,11:26:30,6.78,--,37,25086,买盘
2116,11:26:27,6.78,--,286,193908,买盘
2117,11:26:24,6.78,--,19,12882,买盘
2118,11:26:21,6.78,--,33,22374,买盘
2119,11:26:18,6.78,--,30,20340,买盘
2120,11:26:12,6.78,0.01,5,3390,买盘
2121,11:26:06,6.77,-0.01,22,14893,卖盘
2122,11:26:03,6.78,--,7,4746,买盘
2123,11:25:57,6.78,--,2,1356,买盘
2124,11:25:54,6.78,0.01,96,65088,买盘
2125,11:25:51,6.77,--,63,42651,卖盘
2126,11:25:48,6.77,--,20,13540,卖盘
2127,11:25:45,6.77,--,21,14217,卖盘
2128,11:25:42,6.77,-0.01,41,27757,卖盘
2129,11:25:36,6.78,--,10,6780,买盘
2130,11:25:33,6.78,--,18,12204,买盘
2131,11:25:27,6.78,--,19,12882,买盘
2132,11:25:24,6.78,--,27,18306,买盘
2133,11:25:21,6.78,--,13,8814,买盘
2134,11:25:18,6.78,--,45,30510,买盘
2135,11:25:15,6.78,--,150,101700,买盘
2136,11:25:12,6.78,--,14,9492,买盘
2137,11:25:09,6.78,--,20,13560,买盘
2138,11:25:03,6.78,--,22,14916,买盘
2139,11:25:00,6.78,0.01,130,88140,买盘
2140,11:24:57,6.77,-0.01,879,595083,卖盘
2141,11:24:54,6.78,0.01,4,2712,买盘
2142,11:24:51,6.77,--,98,66346,买盘
2143,11:24:48,6.77,--,81,54837,买盘
2144,11:24:45,6.77,--,11,7446,买盘
2145,11:24:39,6.77,--,26,17602,买盘
2146,11:24:36,6.77,--,2,1354,买盘
2147,11:24:33,6.77,--,11,7446,买盘
2148,11:24:30,6.77,-0.01,43,29110,卖盘
2149,11:24:27,6.78,--,34,23052,买盘
2150,11:24:24,6.78,--,26,17628,买盘
2151,11:24:15,6.78,--,39,26442,买盘
2152,11:24:12,6.78,--,13,8814,买盘
2153,11:24:09,6.78,0.01,28,18984,买盘
2154,11:24:06,6.77,-0.01,24,16247,卖盘
2155,11:24:03,6.78,--,123,83394,买盘
2156,11:24:00,6.78,--,12,8136,买盘
2157,11:23:54,6.78,--,64,43392,买盘
2158,11:23:45,6.78,--,3,2034,买盘
2159,11:23:42,6.78,0.02,13,8814,买盘
2160,11:23:39,6.76,-0.01,1502,1015352,卖盘
2161,11:23:36,6.77,--,50,33850,买盘
2162,11:23:33,6.77,--,33,22341,买盘
2163,11:23:21,6.77,--,19,12863,买盘
2164,11:23:18,6.77,0.01,104,70408,买盘
2165,11:23:15,6.76,-0.01,90,60840,卖盘
2166,11:23:12,6.77,--,3,2030,买盘
2167,11:23:09,6.77,0.01,35,23695,买盘
2168,11:23:06,6.76,-0.01,6,4056,卖盘
2169,11:23:03,6.77,0.01,20,13540,买盘
2170,11:23:00,6.76,-0.01,44,29744,卖盘
2171,11:22:57,6.77,--,10,6770,买盘
2172,11:22:48,6.77,--,12,8123,买盘
2173,11:22:42,6.77,0.01,10,6770,买盘
2174,11:22:39,6.76,-0.01,3,2028,卖盘
2175,11:22:36,6.77,--,23,15570,买盘
2176,11:22:33,6.77,0.01,52,35204,买盘
2177,11:22:30,6.76,--,165,111540,买盘
2178,11:22:27,6.76,0.01,70,47320,买盘
2179,11:22:24,6.75,-0.01,5,3375,卖盘
2180,11:22:21,6.76,--,9,6084,买盘
2181,11:22:18,6.76,--,215,145340,买盘
2182,11:22:15,6.76,--,16,10816,买盘
2183,11:22:12,6.76,--,40,27040,买盘
2184,11:22:09,6.76,0.01,20,13520,买盘
2185,11:22:06,6.75,-0.01,209,141075,卖盘
2186,11:22:03,6.76,0.01,72,48672,买盘
2187,11:22:00,6.75,-0.01,35,23625,卖盘
2188,11:21:54,6.76,--,14,9464,买盘
2189,11:21:51,6.76,--,100,67600,买盘
2190,11:21:48,6.76,0.01,7,4732,买盘
2191,11:21:45,6.75,-0.01,40,27000,卖盘
2192,11:21:42,6.76,--,75,50700,卖盘
2193,11:21:39,6.76,-0.01,1,676,卖盘
2194,11:21:36,6.77,0.01,2000,1354000,买盘
2195,11:21:33,6.76,--,9,6084,买盘
2196,11:21:30,6.76,0.01,81,54756,买盘
2197,11:21:27,6.75,-0.01,70,47250,卖盘
2198,11:21:21,6.76,0.01,14,9464,买盘
2199,11:21:18,6.75,--,33,22275,卖盘
2200,11:21:15,6.75,-0.01,136,91800,卖盘
2201,11:21:12,6.76,--,56,37856,买盘
2202,11:21:09,6.76,--,39,26364,买盘
2203,11:21:06,6.76,--,24,16224,买盘
2204,11:21:03,6.76,0.01,48,32448,买盘
2205,11:21:00,6.75,-0.01,32,21600,卖盘
2206,11:20:57,6.76,--,31,20956,买盘
2207,11:20:51,6.76,--,10,6760,买盘
2208,11:20:48,6.76,--,3,2028,买盘
2209,11:20:45,6.76,0.01,11,7436,买盘
2210,11:20:42,6.75,-0.01,14,9450,卖盘
2211,11:20:39,6.76,--,12,8112,买盘
2212,11:20:36,6.76,--,13,8788,买盘
2213,11:20:33,6.76,--,7,4732,买盘
2214,11:20:30,6.76,--,1,676,买盘
2215,11:20:24,6.76,--,2467,1668097,卖盘
2216,11:20:21,6.76,-0.01,40,27040,卖盘
2217,11:20:18,6.77,--,21,14217,买盘
2218,11:20:15,6.77,--,120,81240,买盘
2219,11:20:12,6.77,--,25,16925,买盘
2220,11:20:09,6.77,--,202,136754,买盘
2221,11:20:03,6.77,--,12,8123,买盘
2222,11:20:00,6.77,--,37,25049,买盘
2223,11:19:54,6.77,--,20,13540,买盘
2224,11:19:51,6.77,--,17,11509,买盘
2225,11:19:48,6.77,--,18,12186,买盘
2226,11:19:42,6.77,--,15,10155,买盘
2227,11:19:39,6.77,--,94,63637,买盘
2228,11:19:36,6.77,--,21,14217,买盘
2229,11:19:30,6.77,0.01,24,16247,买盘
2230,11:19:24,6.76,-0.01,50,33800,卖盘
2231,11:19:21,6.77,0.01,20,13540,买盘
2232,11:19:18,6.76,-0.01,176,118976,卖盘
2233,11:19:15,6.77,--,101,68377,买盘
2234,11:19:09,6.77,--,22,14893,买盘
2235,11:19:06,6.77,--,98,66346,买盘
2236,11:19:03,6.77,0.01,24,16247,买盘
2237,11:19:00,6.76,-0.01,47,31772,卖盘
2238,11:18:57,6.77,0.01,13,8801,买盘
2239,11:18:54,6.76,-0.01,20,13520,卖盘
2240,11:18:51,6.77,--,6,4061,买盘
2241,11:18:48,6.77,--,2,1354,买盘
2242,11:18:45,6.77,0.01,26,17602,买盘
2243,11:18:39,6.76,-0.01,20,13520,卖盘
2244,11:18:33,6.77,0.01,21,14217,买盘
2245,11:18:30,6.76,--,3,2028,卖盘
2246,11:18:27,6.76,-0.01,20,13520,卖盘
2247,11:18:24,6.77,--,17,11509,买盘
2248,11:18:21,6.77,--,2,1354,买盘
2249,11:18:18,6.77,0.01,19,12863,买盘
2250,11:18:15,6.76,-0.01,4,2704,卖盘
2251,11:18:12,6.77,--,13,8801,买盘
2252,11:18:09,6.77,0.01,20,13540,买盘
2253,11:18:03,6.76,-0.01,8,5408,卖盘
2254,11:18:00,6.77,--,50,33850,买盘
2255,11:17:54,6.77,--,1,677,买盘
2256,11:17:51,6.77,--,64,43328,买盘
2257,11:17:48,6.77,--,12,8123,买盘
2258,11:17:45,6.77,0.01,2,1354,买盘
2259,11:17:39,6.76,-0.01,30,20280,卖盘
2260,11:17:36,6.77,0.01,17,11509,买盘
2261,11:17:33,6.76,-0.01,2,1352,卖盘
2262,11:17:30,6.77,--,325,220025,买盘
2263,11:17:27,6.77,--,16,10832,买盘
2264,11:17:24,6.77,--,6,4061,买盘
2265,11:17:21,6.77,--,12,8123,买盘
2266,11:17:18,6.77,--,52,35204,买盘
2267,11:17:15,6.77,0.01,91,61606,买盘
2268,11:17:09,6.76,-0.01,26,17576,卖盘
2269,11:17:06,6.77,0.01,15,10155,买盘
2270,11:17:03,6.76,-0.01,4,2704,卖盘
2271,11:17:00,6.77,0.01,6,4061,买盘
2272,11:16:57,6.76,-0.01,101,68276,卖盘
2273,11:16:54,6.77,--,19,12863,买盘
2274,11:16:51,6.77,--,112,75824,买盘
2275,11:16:48,6.77,--,6,4061,买盘
2276,11:16:45,6.77,--,19,12863,买盘
2277,11:16:42,6.77,--,52,35204,买盘
2278,11:16:39,6.77,--,301,203777,买盘
2279,11:16:36,6.77,--,200,135400,买盘
2280,11:16:33,6.77,--,234,158418,买盘
2281,11:16:30,6.77,--,341,230857,卖盘
2282,11:16:27,6.77,-0.01,7,4739,卖盘
2283,11:16:24,6.78,--,12,8136,买盘
2284,11:16:21,6.78,--,234,158652,买盘
2285,11:16:18,6.78,0.01,33,22374,买盘
2286,11:16:15,6.77,--,22,14893,卖盘
2287,11:16:12,6.77,--,23,15570,卖盘
2288,11:16:09,6.77,-0.01,26,17602,卖盘
2289,11:16:03,6.78,0.01,6,4068,买盘
2290,11:16:00,6.77,-0.01,124,83948,卖盘
2291,11:15:57,6.78,--,76,51528,买盘
2292,11:15:54,6.78,--,12,8136,买盘
2293,11:15:51,6.78,--,11,7458,买盘
2294,11:15:48,6.78,--,65,44070,买盘
2295,11:15:42,6.78,0.01,48,32544,买盘
2296,11:15:39,6.77,-0.01,116,78532,卖盘
2297,11:15:36,6.78,--,21,14238,买盘
2298,11:15:33,6.78,--,408,276624,买盘
2299,11:15:30,6.78,--,7,4746,买盘
2300,11:15:27,6.78,0.01,27,18306,买盘
2301,11:15:21,6.77,-0.01,1,677,卖盘
2302,11:15:18,6.78,--,28,18984,买盘
2303,11:15:15,6.78,0.01,305,206790,买盘
2304,11:15:12,6.77,--,24,16247,买盘
2305,11:15:09,6.77,--,63,42651,买盘
2306,11:15:06,6.77,--,30,20310,买盘
2307,11:15:00,6.77,--,87,58898,买盘
2308,11:14:57,6.77,--,485,328345,买盘
2309,11:14:54,6.77,--,59,39943,买盘
2310,11:14:51,6.77,0.01,51,34527,买盘
2311,11:14:45,6.76,-0.01,61,41236,卖盘
2312,11:14:42,6.77,0.01,63,42651,买盘
2313,11:14:39,6.76,-0.01,23,15548,卖盘
2314,11:14:36,6.77,--,45,30464,买盘
2315,11:14:33,6.77,--,26,17602,买盘
2316,11:14:30,6.77,0.01,92,62283,买盘
2317,11:14:27,6.76,-0.01,15,10140,卖盘
2318,11:14:24,6.77,--,24,16247,买盘
2319,11:14:21,6.77,0.01,37,25049,买盘
2320,11:14:18,6.76,-0.01,20,13520,卖盘
2321,11:14:15,6.77,--,158,106966,买盘
2322,11:14:12,6.77,--,24,16247,买盘
2323,11:14:09,6.77,--,217,146909,买盘
2324,11:14:06,6.77,--,51,34527,买盘
2325,11:14:03,6.77,--,113,76501,买盘
2326,11:14:00,6.77,--,126,85302,买盘
2327,11:13:57,6.77,--,348,235595,买盘
2328,11:13:54,6.77,--,60,40620,买盘
2329,11:13:51,6.77,--,3,2030,买盘
2330,11:13:48,6.77,--,41,27757,买盘
2331,11:13:45,6.77,--,298,201746,买盘
2332,11:13:42,6.77,--,54,36558,买盘
2333,11:13:39,6.77,0.01,30,20310,买盘
2334,11:13:36,6.76,--,75,50700,卖盘
2335,11:13:33,6.76,-0.01,22,14872,卖盘
2336,11:13:30,6.77,0.01,70,47390,买盘
2337,11:13:27,6.76,-0.01,34,22984,卖盘
2338,11:13:24,6.77,0.01,133,90041,买盘
2339,11:13:21,6.76,-0.01,1,676,卖盘
2340,11:13:18,6.77,--,100,67700,买盘
2341,11:13:15,6.77,0.01,53,35881,买盘
2342,11:13:06,6.76,-0.01,2,1352,卖盘
2343,11:13:03,6.77,0.01,52,35204,买盘
2344,11:13:00,6.76,-0.01,19,12844,卖盘
2345,11:12:54,6.77,--,11,7446,买盘
2346,11:12:51,6.77,0.01,66,44682,买盘
2347,11:12:48,6.76,-0.01,12,8112,卖盘
2348,11:12:42,6.77,0.01,42,28434,买盘
2349,11:12:39,6.76,-0.01,1,676,卖盘
2350,11:12:36,6.77,--,23,15570,买盘
2351,11:12:33,6.77,--,35,23695,买盘
2352,11:12:30,6.77,--,14,9478,买盘
2353,11:12:27,6.77,--,2,1354,买盘
2354,11:12:18,6.77,0.01,24,16247,买盘
2355,11:12:15,6.76,--,906,612726,买盘
2356,11:12:12,6.76,--,9,6084,买盘
2357,11:12:09,6.76,0.01,14,9464,买盘
2358,11:12:06,6.75,-0.01,238,160650,卖盘
2359,11:12:03,6.76,--,7,4732,买盘
2360,11:12:00,6.76,--,114,77064,买盘
2361,11:11:57,6.76,--,35,23660,买盘
2362,11:11:51,6.76,0.01,13,8788,买盘
2363,11:11:48,6.75,-0.01,55,37125,卖盘
2364,11:11:45,6.76,--,214,144664,买盘
2365,11:11:39,6.76,--,22,14872,买盘
2366,11:11:36,6.76,0.01,49,33124,买盘
2367,11:11:33,6.75,-0.01,60,40500,卖盘
2368,11:11:27,6.76,--,2,1352,买盘
2369,11:11:24,6.76,0.01,230,155480,买盘
2370,11:11:21,6.75,--,1,675,卖盘
2371,11:11:18,6.75,--,1,675,卖盘
2372,11:11:15,6.75,-0.01,191,128925,卖盘
2373,11:11:12,6.76,--,66,44616,买盘
2374,11:11:09,6.76,0.01,27,18252,买盘
2375,11:11:06,6.75,-0.01,30,20250,卖盘
2376,11:11:03,6.76,0.01,19,12844,买盘
2377,11:11:00,6.75,--,5,3375,买盘
2378,11:10:57,6.75,--,265,178875,买盘
2379,11:10:54,6.75,-0.01,131,88425,买盘
2380,11:10:51,6.76,0.01,13,8788,买盘
2381,11:10:48,6.75,--,9,6075,卖盘
2382,11:10:45,6.75,-0.01,12,8100,卖盘
2383,11:10:42,6.76,0.01,12,8112,买盘
2384,11:10:39,6.75,--,29,19575,卖盘
2385,11:10:36,6.75,--,25,16875,卖盘
2386,11:10:33,6.75,--,1106,746550,买盘
2387,11:10:30,6.75,--,15,10125,买盘
2388,11:10:27,6.75,--,100,67500,买盘
2389,11:10:24,6.75,0.01,19,12825,买盘
2390,11:10:21,6.74,-0.01,23,15502,卖盘
2391,11:10:18,6.75,0.01,62,41850,买盘
2392,11:10:15,6.74,-0.01,109,73466,卖盘
2393,11:10:12,6.75,0.01,14,9450,买盘
2394,11:10:09,6.74,-0.01,194,130756,卖盘
2395,11:10:06,6.75,--,75,50625,买盘
2396,11:10:03,6.75,--,8,5400,买盘
2397,11:09:57,6.75,--,146,98550,买盘
2398,11:09:54,6.75,--,27,18225,买盘
2399,11:09:51,6.75,--,54,36450,买盘
2400,11:09:48,6.75,--,25,16875,卖盘
2401,11:09:45,6.75,0.01,50,33750,卖盘
2402,11:09:42,6.74,-0.02,23,15502,卖盘
2403,11:09:39,6.76,0.01,475,321100,买盘
2404,11:09:36,6.75,--,42,28350,买盘
2405,11:09:33,6.75,--,15,10125,买盘
2406,11:09:30,6.75,--,45,30375,买盘
2407,11:09:27,6.75,--,35,23625,买盘
2408,11:09:24,6.75,--,28,18900,买盘
2409,11:09:21,6.75,--,10,6750,买盘
2410,11:09:18,6.75,--,145,97875,买盘
2411,11:09:15,6.75,--,23,15525,买盘
2412,11:09:12,6.75,0.01,15,10125,买盘
2413,11:09:09,6.74,-0.01,30,20220,卖盘
2414,11:09:06,6.75,--,16,10800,买盘
2415,11:09:03,6.75,-0.01,4860,3280500,卖盘
2416,11:09:00,6.76,--,31,20956,买盘
2417,11:08:57,6.76,--,34,22984,买盘
2418,11:08:54,6.76,--,43,29068,买盘
2419,11:08:51,6.76,--,43,29068,买盘
2420,11:08:48,6.76,--,4,2704,买盘
2421,11:08:45,6.76,--,21,14196,买盘
2422,11:08:39,6.76,--,1093,739273,卖盘
2423,11:08:36,6.76,--,200,135200,卖盘
2424,11:08:30,6.76,--,33,22308,卖盘
2425,11:08:27,6.76,--,38,25688,卖盘
2426,11:08:24,6.76,-0.01,14,9464,卖盘
2427,11:08:21,6.77,0.01,28,18956,买盘
2428,11:08:18,6.76,-0.01,32,21632,卖盘
2429,11:08:15,6.77,--,119,80563,买盘
2430,11:08:12,6.77,0.01,20,13540,买盘
2431,11:08:09,6.76,--,9,6489,卖盘
2432,11:08:06,6.76,-0.01,89,60164,卖盘
2433,11:08:03,6.77,0.01,1650,1117050,买盘
2434,11:08:00,6.76,-0.01,50,33800,卖盘
2435,11:07:57,6.77,0.01,74,50098,买盘
2436,11:07:54,6.76,--,137,92612,卖盘
2437,11:07:51,6.76,-0.01,15,10140,卖盘
2438,11:07:48,6.77,0.01,20,13540,买盘
2439,11:07:45,6.76,-0.01,256,173056,卖盘
2440,11:07:42,6.77,--,38,25726,买盘
2441,11:07:39,6.77,--,139,94103,买盘
2442,11:07:36,6.77,-0.01,1047,708819,卖盘
2443,11:07:33,6.78,--,67,45426,买盘
2444,11:07:30,6.78,--,1,678,买盘
2445,11:07:27,6.78,--,5,3390,买盘
2446,11:07:24,6.78,0.01,70,47460,买盘
2447,11:07:21,6.77,-0.01,14,9478,卖盘
2448,11:07:18,6.78,0.01,8,5424,买盘
2449,11:07:15,6.77,--,19,12863,卖盘
2450,11:07:12,6.77,--,117,79209,卖盘
2451,11:07:09,6.77,-0.01,9,6093,卖盘
2452,11:07:06,6.78,--,23,15594,买盘
2453,11:07:00,6.78,--,20,13560,买盘
2454,11:06:57,6.78,--,129,87462,买盘
2455,11:06:54,6.78,--,8,5424,买盘
2456,11:06:51,6.78,--,146,98988,买盘
2457,11:06:48,6.78,--,504,341712,买盘
2458,11:06:45,6.78,0.01,8,5424,买盘
2459,11:06:42,6.77,--,1,677,卖盘
2460,11:06:36,6.77,-0.01,15,10155,卖盘
2461,11:06:33,6.78,0.01,11,7458,买盘
2462,11:06:30,6.77,-0.01,1,677,卖盘
2463,11:06:27,6.78,--,54,36612,买盘
2464,11:06:24,6.78,--,12,8136,买盘
2465,11:06:21,6.78,--,8,5424,买盘
2466,11:06:18,6.78,0.01,15,10170,买盘
2467,11:06:15,6.77,-0.01,1,677,卖盘
2468,11:06:12,6.78,--,258,174924,买盘
2469,11:06:09,6.78,--,1,678,买盘
2470,11:06:03,6.78,--,704,477312,买盘
2471,11:06:00,6.78,0.01,29,19662,买盘
2472,11:05:57,6.77,-0.01,114,77178,卖盘
2473,11:05:54,6.78,0.01,32,21696,买盘
2474,11:05:51,6.77,-0.01,3,2030,卖盘
2475,11:05:48,6.78,--,79,53562,买盘
2476,11:05:45,6.78,--,1,678,买盘
2477,11:05:42,6.78,--,50,33900,买盘
2478,11:05:39,6.78,0.01,8,5424,买盘
2479,11:05:36,6.77,--,34,23018,卖盘
2480,11:05:30,6.77,-0.01,15,10155,卖盘
2481,11:05:27,6.78,0.01,20,13560,买盘
2482,11:05:24,6.77,--,60,40620,卖盘
2483,11:05:21,6.77,-0.01,11,7446,卖盘
2484,11:05:15,6.78,0.01,649,440022,买盘
2485,11:05:12,6.77,--,70,47390,买盘
2486,11:05:09,6.77,--,8,5416,买盘
2487,11:05:06,6.77,-0.01,81,54837,卖盘
2488,11:05:03,6.78,0.01,25,16950,买盘
2489,11:05:00,6.77,-0.01,134,90718,卖盘
2490,11:04:57,6.78,--,16,10848,买盘
2491,11:04:54,6.78,0.01,141,95598,买盘
2492,11:04:51,6.77,--,62,41974,卖盘
2493,11:04:48,6.77,--,37,25049,卖盘
2494,11:04:45,6.77,-0.01,9,6093,卖盘
2495,11:04:42,6.78,--,171,115938,买盘
2496,11:04:39,6.78,0.01,6,4068,买盘
2497,11:04:36,6.77,--,226,153002,卖盘
2498,11:04:33,6.77,--,97,65669,卖盘
2499,11:04:30,6.77,--,32,21664,卖盘
2500,11:04:27,6.77,-0.01,15,10155,卖盘
2501,11:04:24,6.78,0.01,64,43392,买盘
2502,11:04:21,6.77,--,428,289756,卖盘
2503,11:04:18,6.77,-0.01,10,6770,卖盘
2504,11:04:15,6.78,--,18,12204,买盘
2505,11:04:12,6.78,--,22,14916,买盘
2506,11:04:09,6.78,0.01,15,10170,买盘
2507,11:04:03,6.77,-0.01,25,16925,卖盘
2508,11:04:00,6.78,0.01,66,44748,买盘
2509,11:03:57,6.77,--,10,6770,卖盘
2510,11:03:51,6.77,-0.01,84,56868,卖盘
2511,11:03:48,6.78,--,48,32544,买盘
2512,11:03:45,6.78,0.01,5,3390,买盘
2513,11:03:42,6.77,-0.01,290,196330,卖盘
2514,11:03:39,6.78,--,10,6780,买盘
2515,11:03:36,6.78,--,140,94920,买盘
2516,11:03:33,6.78,0.01,30,20340,买盘
2517,11:03:27,6.77,--,17,11509,卖盘
2518,11:03:24,6.77,--,43,29110,卖盘
2519,11:03:21,6.77,--,51,34527,卖盘
2520,11:03:18,6.77,--,8,5416,卖盘
2521,11:03:15,6.77,--,98,66346,卖盘
2522,11:03:12,6.77,-0.01,85,57545,卖盘
2523,11:03:09,6.78,--,5,3390,买盘
2524,11:03:06,6.78,--,122,82716,买盘
2525,11:03:03,6.78,0.01,20,13560,买盘
2526,11:03:00,6.77,-0.01,2,1354,卖盘
2527,11:02:57,6.78,--,23,15594,买盘
2528,11:02:54,6.78,--,18,12204,买盘
2529,11:02:51,6.78,--,69,46782,买盘
2530,11:02:48,6.78,--,244,165432,买盘
2531,11:02:45,6.78,0.01,21,14238,买盘
2532,11:02:42,6.77,-0.01,17,11509,卖盘
2533,11:02:36,6.78,--,12,8136,买盘
2534,11:02:33,6.78,0.01,100,67800,买盘
2535,11:02:30,6.77,-0.01,82,55514,卖盘
2536,11:02:24,6.78,0.01,130,88140,买盘
2537,11:02:21,6.77,-0.01,42,28434,卖盘
2538,11:02:18,6.78,--,208,141024,买盘
2539,11:02:15,6.78,--,20,13560,买盘
2540,11:02:12,6.78,0.01,3,2034,买盘
2541,11:02:09,6.77,-0.01,34,23018,卖盘
2542,11:02:06,6.78,--,12,8136,买盘
2543,11:02:00,6.78,--,8,5424,买盘
2544,11:01:57,6.78,--,7,4746,买盘
2545,11:01:54,6.78,0.01,101,68478,买盘
2546,11:01:48,6.77,-0.01,5,3385,卖盘
2547,11:01:45,6.78,0.01,9,6102,买盘
2548,11:01:39,6.77,-0.01,62,41974,卖盘
2549,11:01:36,6.78,--,8,5424,买盘
2550,11:01:33,6.78,0.01,2,1356,买盘
2551,11:01:30,6.77,--,177,119828,卖盘
2552,11:01:27,6.77,-0.01,26,17602,卖盘
2553,11:01:24,6.78,0.01,457,309846,买盘
2554,11:01:21,6.77,--,70,47390,卖盘
2555,11:01:18,6.77,-0.01,119,80563,卖盘
2556,11:01:12,6.78,--,8,5424,买盘
2557,11:01:09,6.78,0.01,98,66444,买盘
2558,11:01:06,6.77,-0.01,30,20310,卖盘
2559,11:01:03,6.78,--,9,6102,买盘
2560,11:00:57,6.78,0.01,51,34578,买盘
2561,11:00:54,6.77,-0.01,58,39266,卖盘
2562,11:00:51,6.78,0.01,384,260352,买盘
2563,11:00:48,6.77,--,45,30464,卖盘
2564,11:00:42,6.77,-0.01,53,35881,卖盘
2565,11:00:39,6.78,0.01,251,170178,买盘
2566,11:00:36,6.77,-0.01,801,542277,卖盘
2567,11:00:33,6.78,--,2,1356,买盘
2568,11:00:30,6.78,--,7,4746,买盘
2569,11:00:24,6.78,--,68,46104,买盘
2570,11:00:21,6.78,0.01,4,2712,买盘
2571,11:00:18,6.77,--,51,34527,卖盘
2572,11:00:12,6.77,--,79,53483,卖盘
2573,11:00:09,6.77,-0.01,130,88010,卖盘
2574,11:00:06,6.78,0.01,7,4746,买盘
2575,11:00:03,6.77,-0.01,6,4061,卖盘
2576,11:00:00,6.78,--,50,33900,买盘
2577,10:59:57,6.78,0.01,6,4068,买盘
2578,10:59:54,6.77,--,30,20310,卖盘
2579,10:59:48,6.77,--,70,47390,买盘
2580,10:59:45,6.77,--,36,24372,买盘
2581,10:59:42,6.77,--,524,354748,买盘
2582,10:59:39,6.77,0.01,17,11509,买盘
2583,10:59:36,6.76,-0.01,333,225108,卖盘
2584,10:59:33,6.77,--,74,50098,买盘
2585,10:59:30,6.77,--,56,37912,买盘
2586,10:59:27,6.77,--,5,3385,买盘
2587,10:59:24,6.77,--,29,19633,买盘
2588,10:59:21,6.77,0.01,103,69731,买盘
2589,10:59:18,6.76,-0.01,252,170352,卖盘
2590,10:59:15,6.77,--,38,25726,买盘
2591,10:59:12,6.77,0.01,8,5416,买盘
2592,10:59:09,6.76,-0.01,29,19604,卖盘
2593,10:59:06,6.77,--,48,32495,买盘
2594,10:59:03,6.77,--,266,180082,买盘
2595,10:59:00,6.77,-0.01,22,14893,卖盘
2596,10:58:57,6.78,--,10,6780,买盘
2597,10:58:54,6.78,0.01,86,58308,买盘
2598,10:58:51,6.77,-0.01,1983,1342761,卖盘
2599,10:58:48,6.78,--,12,8136,买盘
2600,10:58:45,6.78,--,3,2034,买盘
2601,10:58:42,6.78,--,74,50172,买盘
2602,10:58:39,6.78,--,259,176252,卖盘
2603,10:58:36,6.78,--,5,3390,卖盘
2604,10:58:33,6.78,-0.01,8,5424,卖盘
2605,10:58:27,6.79,0.01,8,5432,买盘
2606,10:58:24,6.78,--,21,14265,买盘
2607,10:58:21,6.78,--,204,138312,买盘
2608,10:58:18,6.78,--,282,191196,买盘
2609,10:58:15,6.78,--,487,330186,买盘
2610,10:58:12,6.78,--,65,44070,买盘
2611,10:58:06,6.78,--,9,6102,买盘
2612,10:58:03,6.78,--,107,72546,买盘
2613,10:58:00,6.78,0.01,14,9492,买盘
2614,10:57:57,6.77,-0.01,114,77178,卖盘
2615,10:57:54,6.78,0.01,12,8136,买盘
2616,10:57:51,6.77,-0.01,127,85979,卖盘
2617,10:57:48,6.78,--,32,21696,买盘
2618,10:57:45,6.78,--,16,10848,买盘
2619,10:57:42,6.78,--,29,19662,买盘
2620,10:57:39,6.78,--,80,54240,买盘
2621,10:57:36,6.78,--,63,42714,买盘
2622,10:57:33,6.78,0.01,7,4746,买盘
2623,10:57:30,6.77,-0.01,162,109674,卖盘
2624,10:57:27,6.78,--,1,678,买盘
2625,10:57:24,6.78,--,7,4746,买盘
2626,10:57:21,6.78,--,40,27120,买盘
2627,10:57:18,6.78,--,66,44748,买盘
2628,10:57:15,6.78,--,10,6780,买盘
2629,10:57:12,6.78,--,67,45426,买盘
2630,10:57:09,6.78,--,80,54240,买盘
2631,10:57:06,6.78,--,103,69834,买盘
2632,10:57:03,6.78,--,23,15594,买盘
2633,10:57:00,6.78,--,126,85428,买盘
2634,10:56:57,6.78,--,4,2712,买盘
2635,10:56:51,6.78,--,118,80004,买盘
2636,10:56:48,6.78,--,10,6780,买盘
2637,10:56:45,6.78,--,33,22374,买盘
2638,10:56:42,6.78,--,64,43392,买盘
2639,10:56:39,6.78,0.01,86,58308,买盘
2640,10:56:36,6.77,-0.01,181,122536,卖盘
2641,10:56:33,6.78,--,12,8136,买盘
2642,10:56:30,6.78,--,54,36612,买盘
2643,10:56:27,6.78,--,10,6780,买盘
2644,10:56:24,6.78,0.01,22,14916,买盘
2645,10:56:21,6.77,-0.01,30,20310,卖盘
2646,10:56:18,6.78,0.01,7,4746,买盘
2647,10:56:15,6.77,--,26,18008,买盘
2648,10:56:12,6.77,--,3,2030,买盘
2649,10:56:09,6.77,--,46,31141,买盘
2650,10:56:06,6.77,0.01,459,310743,买盘
2651,10:56:03,6.76,-0.01,13,8788,卖盘
2652,10:56:00,6.77,--,106,71762,买盘
2653,10:55:57,6.77,--,38,25726,买盘
2654,10:55:54,6.77,--,190,128629,买盘
2655,10:55:51,6.77,--,41,27757,买盘
2656,10:55:48,6.77,--,40,27080,买盘
2657,10:55:45,6.77,--,93,62960,买盘
2658,10:55:42,6.77,--,26,17602,买盘
2659,10:55:39,6.77,--,20,13540,买盘
2660,10:55:36,6.77,0.01,117,79209,买盘
2661,10:55:33,6.76,-0.01,12,8112,卖盘
2662,10:55:30,6.77,0.01,6,4061,买盘
2663,10:55:27,6.76,-0.01,92,62192,卖盘
2664,10:55:24,6.77,--,10,6770,买盘
2665,10:55:21,6.77,--,67,45359,买盘
2666,10:55:18,6.77,--,25,16925,买盘
2667,10:55:15,6.77,0.01,5,3385,买盘
2668,10:55:12,6.76,-0.01,6,4056,卖盘
2669,10:55:09,6.77,--,12,8123,买盘
2670,10:55:06,6.77,--,90,60929,买盘
2671,10:54:57,6.77,--,285,192945,卖盘
2672,10:54:54,6.77,--,1347,911919,卖盘
2673,10:54:51,6.77,-0.01,60,40620,卖盘
2674,10:54:48,6.78,--,38,25764,买盘
2675,10:54:45,6.78,--,54,36612,买盘
2676,10:54:42,6.78,0.01,85,57630,买盘
2677,10:54:39,6.77,-0.01,212,143524,卖盘
2678,10:54:36,6.78,--,46,31188,买盘
2679,10:54:33,6.78,--,72,48816,买盘
2680,10:54:30,6.78,--,15,10170,买盘
2681,10:54:27,6.78,--,3,2034,买盘
2682,10:54:24,6.78,0.01,21,14238,买盘
2683,10:54:21,6.77,-0.01,49,33173,卖盘
2684,10:54:18,6.78,--,10,6780,买盘
2685,10:54:15,6.78,--,78,52884,买盘
2686,10:54:12,6.78,--,20,13560,买盘
2687,10:54:09,6.78,--,30,20340,买盘
2688,10:54:06,6.78,--,54,36612,买盘
2689,10:54:03,6.78,--,75,50850,买盘
2690,10:54:00,6.78,-0.01,1004,680712,卖盘
2691,10:53:57,6.79,0.01,6,4074,买盘
2692,10:53:51,6.78,-0.01,159,107802,卖盘
2693,10:53:48,6.79,0.01,87,59073,买盘
2694,10:53:42,6.78,-0.01,43,29154,卖盘
2695,10:53:33,6.79,--,17,11543,买盘
2696,10:53:30,6.79,0.01,10,6790,买盘
2697,10:53:27,6.78,--,41,27798,卖盘
2698,10:53:21,6.78,-0.01,45,30510,卖盘
2699,10:53:18,6.79,0.01,148,100492,买盘
2700,10:53:15,6.78,--,10,6780,买盘
2701,10:53:12,6.78,--,45,30510,买盘
2702,10:53:09,6.78,--,110,74580,买盘
2703,10:53:03,6.78,--,52,35256,买盘
2704,10:53:00,6.78,--,47,31866,买盘
2705,10:52:57,6.78,--,37,25086,买盘
2706,10:52:54,6.78,--,1,678,买盘
2707,10:52:51,6.78,--,93,63054,买盘
2708,10:52:45,6.78,--,14,9492,买盘
2709,10:52:42,6.78,--,21,14238,买盘
2710,10:52:36,6.78,--,38,25764,卖盘
2711,10:52:33,6.78,-0.01,1370,928860,卖盘
2712,10:52:30,6.79,0.01,164,111356,买盘
2713,10:52:27,6.78,-0.01,48,32544,卖盘
2714,10:52:24,6.79,--,52,35308,买盘
2715,10:52:21,6.79,0.01,1250,848750,买盘
2716,10:52:18,6.78,-0.01,40,27120,卖盘
2717,10:52:15,6.79,--,21,14259,买盘
2718,10:52:12,6.79,0.01,8,5432,买盘
2719,10:52:06,6.78,-0.01,513,347814,卖盘
2720,10:52:03,6.79,0.01,8,5432,买盘
2721,10:52:00,6.78,-0.01,460,311880,卖盘
2722,10:51:57,6.79,0.01,108,73332,买盘
2723,10:51:54,6.78,--,53,35934,卖盘
2724,10:51:51,6.78,-0.01,99,67122,卖盘
2725,10:51:48,6.79,--,45,30555,买盘
2726,10:51:42,6.79,--,72,48888,买盘
2727,10:51:39,6.79,0.01,45,30555,买盘
2728,10:51:36,6.78,-0.01,94,63732,卖盘
2729,10:51:30,6.79,--,80,54320,买盘
2730,10:51:27,6.79,0.01,3,2037,买盘
2731,10:51:24,6.78,--,86,58308,卖盘
2732,10:51:21,6.78,--,69,46782,卖盘
2733,10:51:18,6.78,--,47,31866,卖盘
2734,10:51:15,6.78,--,10,6780,卖盘
2735,10:51:12,6.78,--,27,18306,卖盘
2736,10:51:09,6.78,-0.01,24,16272,卖盘
2737,10:51:06,6.79,--,30,20370,买盘
2738,10:51:03,6.79,0.01,1,679,买盘
2739,10:51:00,6.78,-0.01,105,71190,卖盘
2740,10:50:57,6.79,0.01,7,4753,买盘
2741,10:50:54,6.78,--,53,35934,卖盘
2742,10:50:51,6.78,--,16,10848,卖盘
2743,10:50:48,6.78,--,6,4068,卖盘
2744,10:50:45,6.78,-0.01,30,20340,卖盘
2745,10:50:42,6.79,0.01,12,8148,买盘
2746,10:50:36,6.78,-0.01,14,9492,卖盘
2747,10:50:33,6.79,--,20,13580,买盘
2748,10:50:30,6.79,--,7,4753,买盘
2749,10:50:27,6.79,--,7,4753,买盘
2750,10:50:24,6.79,--,27,18333,买盘
2751,10:50:21,6.79,--,95,64505,买盘
2752,10:50:18,6.79,0.01,70,47530,买盘
2753,10:50:15,6.78,-0.01,22,14916,卖盘
2754,10:50:12,6.79,0.01,150,101850,买盘
2755,10:50:09,6.78,-0.01,26,17628,卖盘
2756,10:50:06,6.79,0.01,23,15617,买盘
2757,10:50:03,6.78,-0.01,21,14238,卖盘
2758,10:50:00,6.79,--,21,14259,买盘
2759,10:49:57,6.79,--,358,243082,卖盘
2760,10:49:51,6.79,-0.01,111,75369,卖盘
2761,10:49:48,6.8,--,15,10200,买盘
2762,10:49:45,6.8,0.01,12,8160,买盘
2763,10:49:42,6.79,--,196,133084,卖盘
2764,10:49:39,6.79,--,35,23765,卖盘
2765,10:49:36,6.79,0.01,54,36666,买盘
2766,10:49:33,6.78,--,95,64410,卖盘
2767,10:49:30,6.78,-0.01,17,11526,卖盘
2768,10:49:27,6.79,--,148,100492,买盘
2769,10:49:24,6.79,--,63,42777,买盘
2770,10:49:21,6.79,--,124,84196,买盘
2771,10:49:18,6.79,--,151,102529,买盘
2772,10:49:15,6.79,--,121,82159,买盘
2773,10:49:12,6.79,--,213,144627,买盘
2774,10:49:09,6.79,--,45,30555,买盘
2775,10:49:06,6.79,--,12,8148,买盘
2776,10:49:03,6.79,--,143,97097,买盘
2777,10:49:00,6.79,--,46,31234,买盘
2778,10:48:57,6.79,--,456,309624,买盘
2779,10:48:54,6.79,--,239,162281,买盘
2780,10:48:51,6.79,--,16,10864,买盘
2781,10:48:48,6.79,0.01,43,29197,买盘
2782,10:48:45,6.78,-0.01,35,23730,卖盘
2783,10:48:42,6.79,0.01,249,169071,买盘
2784,10:48:39,6.78,-0.01,450,305100,卖盘
2785,10:48:36,6.79,--,130,88270,买盘
2786,10:48:33,6.79,--,20,13580,买盘
2787,10:48:27,6.79,--,88,59752,卖盘
2788,10:48:24,6.79,--,44,29876,卖盘
2789,10:48:21,6.79,-0.01,93,63147,卖盘
2790,10:48:18,6.8,0.01,65,44200,买盘
2791,10:48:15,6.79,--,49,33271,卖盘
2792,10:48:12,6.79,--,99,67221,买盘
2793,10:48:09,6.79,--,344,233576,买盘
2794,10:48:06,6.79,0.01,40,27160,买盘
2795,10:48:03,6.78,--,44,29832,卖盘
2796,10:48:00,6.78,-0.01,96,65088,卖盘
2797,10:47:57,6.79,--,28,19012,买盘
2798,10:47:54,6.79,--,108,73332,买盘
2799,10:47:51,6.79,--,115,78085,买盘
2800,10:47:48,6.79,--,115,78085,卖盘
2801,10:47:45,6.79,--,40,27160,卖盘
2802,10:47:42,6.79,-0.01,15,10185,卖盘
2803,10:47:39,6.8,0.01,200,136000,买盘
2804,10:47:33,6.79,--,696,472584,卖盘
2805,10:47:30,6.79,--,46,31234,卖盘
2806,10:47:27,6.79,--,161,109319,卖盘
2807,10:47:24,6.79,--,50,33950,卖盘
2808,10:47:21,6.79,--,464,315056,卖盘
2809,10:47:18,6.79,-0.01,24,16296,卖盘
2810,10:47:15,6.8,0.01,5,3400,买盘
2811,10:47:12,6.79,--,12,8148,卖盘
2812,10:47:09,6.79,--,614,416906,卖盘
2813,10:47:06,6.79,--,70,47530,卖盘
2814,10:47:03,6.79,--,338,229502,卖盘
2815,10:47:00,6.79,-0.01,5,3395,卖盘
2816,10:46:57,6.8,--,20,13600,买盘
2817,10:46:54,6.8,0.01,177,120360,买盘
2818,10:46:51,6.79,--,50,33950,卖盘
2819,10:46:48,6.79,-0.01,1066,723814,卖盘
2820,10:46:45,6.8,0.01,59,40120,买盘
2821,10:46:42,6.79,-0.01,87,59073,卖盘
2822,10:46:39,6.8,0.01,27,18360,买盘
2823,10:46:36,6.79,-0.01,643,436597,卖盘
2824,10:46:33,6.8,--,75,51000,买盘
2825,10:46:30,6.8,0.01,194,131920,买盘
2826,10:46:27,6.79,-0.01,100,67900,卖盘
2827,10:46:24,6.8,--,118,80240,买盘
2828,10:46:21,6.8,--,231,157080,买盘
2829,10:46:18,6.8,--,100,68000,买盘
2830,10:46:15,6.8,--,100,68000,买盘
2831,10:46:12,6.8,--,88,59840,买盘
2832,10:46:09,6.8,--,409,278120,买盘
2833,10:46:06,6.8,0.01,190,129200,买盘
2834,10:46:03,6.79,-0.01,93,63147,卖盘
2835,10:46:00,6.8,--,49,33320,买盘
2836,10:45:57,6.8,--,978,665040,买盘
2837,10:45:54,6.8,--,158,107440,买盘
2838,10:45:51,6.8,0.01,1,680,买盘
2839,10:45:48,6.79,-0.01,21,14259,卖盘
2840,10:45:45,6.8,--,306,208080,买盘
2841,10:45:42,6.8,--,65,44200,买盘
2842,10:45:39,6.8,-0.01,1469,998920,卖盘
2843,10:45:36,6.81,--,176,119856,买盘
2844,10:45:33,6.81,--,72,49032,买盘
2845,10:45:30,6.81,0.01,187,127346,买盘
2846,10:45:27,6.8,-0.01,128,87040,卖盘
2847,10:45:24,6.81,0.01,161,109641,买盘
2848,10:45:21,6.8,-0.01,564,383520,卖盘
2849,10:45:18,6.81,--,458,311898,买盘
2850,10:45:15,6.81,--,1109,755229,卖盘
2851,10:45:12,6.81,--,31,21111,卖盘
2852,10:45:09,6.81,--,130,88530,卖盘
2853,10:45:06,6.81,0.01,101,68781,买盘
2854,10:45:03,6.8,-0.01,13,8840,卖盘
2855,10:45:00,6.81,--,107,72867,卖盘
2856,10:44:57,6.81,--,2532,1724292,买盘
2857,10:44:54,6.81,--,396,269676,买盘
2858,10:44:51,6.81,--,49,33369,买盘
2859,10:44:48,6.81,0.01,303,206343,买盘
2860,10:44:45,6.8,-0.02,106,72080,卖盘
2861,10:44:42,6.82,0.01,2893,1973026,买盘
2862,10:44:39,6.81,--,125,85125,买盘
2863,10:44:36,6.81,0.01,544,370464,买盘
2864,10:44:33,6.8,--,69,46920,卖盘
2865,10:44:30,6.8,-0.01,158,107440,卖盘
2866,10:44:27,6.81,--,91,61971,买盘
2867,10:44:24,6.81,--,73,49713,买盘
2868,10:44:21,6.81,--,148,100788,卖盘
2869,10:44:18,6.81,--,397,270357,买盘
2870,10:44:15,6.81,--,720,490320,买盘
2871,10:44:12,6.81,0.01,105,71505,买盘
2872,10:44:09,6.8,--,618,420240,卖盘
2873,10:44:06,6.8,--,36,24480,卖盘
2874,10:44:03,6.8,--,211,143480,卖盘
2875,10:44:00,6.8,-0.01,209,142120,卖盘
2876,10:43:57,6.81,0.01,52,35412,买盘
2877,10:43:54,6.8,--,325,221000,买盘
2878,10:43:51,6.8,--,64,43520,买盘
2879,10:43:48,6.8,--,182,123760,买盘
