,time,price,change,volume,amount,type
0,15:00:03,6.91,--,4757,3287736,买盘
1,14:57:00,6.91,--,7,4878,买盘
2,14:56:57,6.91,0.01,25,17275,买盘
3,14:56:54,6.9,-0.01,12,8280,卖盘
4,14:56:51,6.91,--,74,51134,买盘
5,14:56:48,6.91,--,247,170677,买盘
6,14:56:45,6.91,--,22,15202,买盘
7,14:56:42,6.91,--,1010,697910,买盘
8,14:56:39,6.91,--,32,22112,买盘
9,14:56:36,6.91,--,47,32477,买盘
10,14:56:33,6.91,0.01,385,266035,买盘
11,14:56:30,6.9,-0.01,114,78660,卖盘
12,14:56:27,6.91,0.01,120,82920,买盘
13,14:56:24,6.9,--,1,690,卖盘
14,14:56:21,6.9,-0.01,1,690,卖盘
15,14:56:18,6.91,--,654,451914,买盘
16,14:56:15,6.91,--,10,6910,买盘
17,14:56:12,6.91,--,79,54589,买盘
18,14:56:09,6.91,--,156,107796,买盘
19,14:56:06,6.91,--,200,138200,买盘
20,14:56:03,6.91,--,306,211446,买盘
21,14:56:00,6.91,--,310,214210,卖盘
22,14:55:57,6.91,--,55,38005,卖盘
23,14:55:54,6.91,--,35,24185,卖盘
24,14:55:51,6.91,--,143,98813,卖盘
25,14:55:48,6.91,--,17,11747,卖盘
26,14:55:45,6.91,--,64,44224,卖盘
27,14:55:42,6.91,0.01,3452,2385332,买盘
28,14:55:39,6.9,--,10,6900,卖盘
29,14:55:36,6.9,--,102,70380,卖盘
30,14:55:33,6.9,-0.01,15,10350,卖盘
31,14:55:30,6.91,--,40,27640,买盘
32,14:55:27,6.91,0.01,3136,2166976,买盘
33,14:55:24,6.9,--,28,19320,卖盘
34,14:55:21,6.9,-0.01,7,4830,卖盘
35,14:55:18,6.91,0.01,110,76010,买盘
36,14:55:15,6.9,--,212,146280,卖盘
37,14:55:12,6.9,--,106,73140,卖盘
38,14:55:09,6.9,--,39,26910,卖盘
39,14:55:06,6.9,--,279,192510,卖盘
40,14:55:03,6.9,--,10,6900,卖盘
41,14:55:00,6.9,--,12,8280,卖盘
42,14:54:57,6.9,--,211,145590,卖盘
43,14:54:54,6.9,--,90,62100,卖盘
44,14:54:51,6.9,-0.01,27,18630,卖盘
45,14:54:48,6.91,--,2,1382,买盘
46,14:54:42,6.91,0.01,29,20039,买盘
47,14:54:39,6.9,-0.01,128,88320,卖盘
48,14:54:36,6.91,--,19,13129,买盘
49,14:54:33,6.91,0.01,5,3455,买盘
50,14:54:30,6.9,--,22,15180,卖盘
51,14:54:27,6.9,--,36,24840,卖盘
52,14:54:24,6.9,--,33,22770,卖盘
53,14:54:21,6.9,--,25,17250,卖盘
54,14:54:18,6.9,-0.01,5,3450,卖盘
55,14:54:15,6.91,0.01,876,605316,买盘
56,14:54:12,6.9,--,108,74520,卖盘
57,14:54:09,6.9,--,3,2070,卖盘
58,14:54:06,6.9,--,102,70380,卖盘
59,14:54:03,6.9,--,62,42780,卖盘
60,14:54:00,6.9,--,6,4140,卖盘
61,14:53:57,6.9,--,172,118680,卖盘
62,14:53:54,6.9,--,136,93840,卖盘
63,14:53:51,6.9,--,186,128340,卖盘
64,14:53:48,6.9,--,90,62100,卖盘
65,14:53:39,6.9,--,3,2070,卖盘
66,14:53:33,6.9,--,25,17250,卖盘
67,14:53:30,6.9,--,60,41400,卖盘
68,14:53:27,6.9,--,113,77970,卖盘
69,14:53:24,6.9,--,70,48300,卖盘
70,14:53:21,6.9,-0.01,164,113160,卖盘
71,14:53:18,6.91,0.01,12,8292,买盘
72,14:53:15,6.9,--,178,122820,卖盘
73,14:53:12,6.9,-0.01,18,12420,卖盘
74,14:53:09,6.91,0.01,11,7601,买盘
75,14:53:06,6.9,--,30,20700,卖盘
76,14:53:03,6.9,-0.01,60,41400,卖盘
77,14:53:00,6.91,0.01,54,37314,买盘
78,14:52:57,6.9,--,6,4140,卖盘
79,14:52:54,6.9,--,30,20700,卖盘
80,14:52:51,6.9,-0.01,129,89010,卖盘
81,14:52:48,6.91,0.01,29,20039,买盘
82,14:52:45,6.9,-0.01,33,22770,卖盘
83,14:52:42,6.91,0.01,60,41460,买盘
84,14:52:39,6.9,--,169,116610,卖盘
85,14:52:36,6.9,--,222,153180,卖盘
86,14:52:33,6.9,--,10,6900,卖盘
87,14:52:27,6.9,--,211,145590,卖盘
88,14:52:21,6.9,--,18,12420,卖盘
89,14:52:18,6.9,--,253,174570,卖盘
90,14:52:15,6.9,--,2,1380,卖盘
91,14:52:12,6.9,--,53,36570,卖盘
92,14:52:09,6.9,--,1078,743820,卖盘
93,14:52:06,6.9,--,320,220800,卖盘
94,14:52:03,6.9,-0.01,13,8970,卖盘
95,14:52:00,6.91,0.01,27,18657,买盘
96,14:51:57,6.9,--,21,14490,卖盘
97,14:51:54,6.9,--,162,111780,卖盘
98,14:51:48,6.9,--,61,42090,卖盘
99,14:51:45,6.9,-0.01,8,5520,卖盘
100,14:51:42,6.91,--,712,491992,买盘
101,14:51:39,6.91,--,10,6910,买盘
102,14:51:36,6.91,0.01,109,75319,买盘
103,14:51:33,6.9,-0.01,25,17250,卖盘
104,14:51:30,6.91,0.01,8,5528,买盘
105,14:51:27,6.9,--,1,690,卖盘
106,14:51:24,6.9,--,279,192510,卖盘
107,14:51:21,6.9,--,18,12420,卖盘
108,14:51:18,6.9,--,30,20700,卖盘
109,14:51:15,6.9,--,163,112470,卖盘
110,14:51:12,6.9,--,10,6900,卖盘
111,14:51:09,6.9,--,105,72450,卖盘
112,14:51:06,6.9,--,20,13800,卖盘
113,14:51:03,6.9,--,15,10350,卖盘
114,14:51:00,6.9,--,5,3450,卖盘
115,14:50:57,6.9,--,20,13800,卖盘
116,14:50:54,6.9,--,80,55200,卖盘
117,14:50:51,6.9,-0.01,10,6900,卖盘
118,14:50:45,6.91,0.01,28,19348,买盘
119,14:50:42,6.9,--,1,690,卖盘
120,14:50:39,6.9,--,35,24150,卖盘
121,14:50:36,6.9,--,509,351210,卖盘
122,14:50:33,6.9,-0.01,3,2070,卖盘
123,14:50:30,6.91,0.01,142,98122,买盘
124,14:50:27,6.9,-0.01,100,69000,卖盘
125,14:50:24,6.91,0.01,40,27640,买盘
126,14:50:15,6.9,-0.01,30,20700,卖盘
127,14:50:12,6.91,0.01,25,17275,买盘
128,14:50:09,6.9,--,43,29670,卖盘
129,14:50:06,6.9,--,30,20700,卖盘
130,14:50:00,6.9,--,33,22770,卖盘
131,14:49:57,6.9,--,10,6900,卖盘
132,14:49:54,6.9,-0.01,30,20700,卖盘
133,14:49:51,6.91,--,57,39387,买盘
134,14:49:48,6.91,0.01,7,4837,买盘
135,14:49:45,6.9,-0.01,24,16560,卖盘
136,14:49:39,6.91,0.01,30,20730,买盘
137,14:49:36,6.9,--,425,293250,卖盘
138,14:49:33,6.9,-0.01,29,20010,卖盘
139,14:49:30,6.91,--,115,79465,买盘
140,14:49:24,6.91,0.01,93,64263,买盘
141,14:49:21,6.9,-0.01,16,11040,卖盘
142,14:49:18,6.91,0.01,46,31786,买盘
143,14:49:15,6.9,--,17,11730,卖盘
144,14:49:12,6.9,-0.01,99,68310,卖盘
145,14:49:09,6.91,0.01,5,3455,买盘
146,14:49:06,6.9,--,31,21390,卖盘
147,14:49:03,6.9,-0.01,13,8970,卖盘
148,14:49:00,6.91,0.01,19,13129,买盘
149,14:48:57,6.9,-0.01,9,6210,卖盘
150,14:48:51,6.91,--,132,91212,买盘
151,14:48:48,6.91,--,7,4837,买盘
152,14:48:45,6.91,0.01,306,211446,买盘
153,14:48:39,6.9,-0.01,22,15180,卖盘
154,14:48:36,6.91,0.01,3,2073,买盘
155,14:48:33,6.9,--,61,42090,卖盘
156,14:48:30,6.9,--,35,24150,卖盘
157,14:48:27,6.9,--,234,161460,卖盘
158,14:48:24,6.9,-0.01,50,34500,卖盘
159,14:48:21,6.91,0.01,211,145801,买盘
160,14:48:18,6.9,-0.01,162,111780,卖盘
161,14:48:15,6.91,0.01,2,1382,买盘
162,14:48:12,6.9,-0.01,50,34500,卖盘
163,14:48:06,6.91,0.01,70,48370,买盘
164,14:48:03,6.9,--,72,49680,卖盘
165,14:48:00,6.9,-0.01,60,41400,卖盘
166,14:47:57,6.91,0.01,37,25567,买盘
167,14:47:54,6.9,-0.01,20,13800,卖盘
168,14:47:51,6.91,0.01,10,6910,买盘
169,14:47:48,6.9,-0.01,60,41400,卖盘
170,14:47:45,6.91,--,4,2764,买盘
171,14:47:39,6.91,--,238,164458,买盘
172,14:47:36,6.91,--,2,1382,买盘
173,14:47:33,6.91,--,120,82920,买盘
174,14:47:30,6.91,--,226,156166,买盘
175,14:47:27,6.91,0.01,34,23494,买盘
176,14:47:24,6.9,-0.01,979,675510,卖盘
177,14:47:21,6.91,-0.01,1653,1142223,卖盘
178,14:47:18,6.92,--,30,20760,买盘
179,14:47:15,6.92,0.01,204,141168,买盘
180,14:47:12,6.91,--,1,691,卖盘
181,14:47:09,6.91,-0.01,54,37314,卖盘
182,14:47:06,6.92,0.01,70,48440,买盘
183,14:47:03,6.91,-0.01,144,99504,卖盘
184,14:47:00,6.92,0.01,172,119024,买盘
185,14:46:57,6.91,-0.01,89,61499,卖盘
186,14:46:54,6.92,--,29,20068,买盘
187,14:46:51,6.92,0.01,3,2076,买盘
188,14:46:48,6.91,--,31,21421,卖盘
189,14:46:45,6.91,-0.01,25,17275,卖盘
190,14:46:42,6.92,--,13,8996,买盘
191,14:46:39,6.92,0.01,228,157776,买盘
192,14:46:36,6.91,--,5,3455,卖盘
193,14:46:33,6.91,-0.01,155,107105,卖盘
194,14:46:30,6.92,--,654,452568,买盘
195,14:46:27,6.92,0.01,332,229744,买盘
196,14:46:24,6.91,--,20,13820,卖盘
197,14:46:21,6.91,-0.01,8,5528,卖盘
198,14:46:18,6.92,0.01,3,2076,买盘
199,14:46:15,6.91,--,15,10365,卖盘
200,14:46:09,6.91,--,151,104341,卖盘
201,14:46:06,6.91,--,1063,734533,卖盘
202,14:46:03,6.91,--,113,78083,卖盘
203,14:46:00,6.91,-0.01,45,31095,卖盘
204,14:45:57,6.92,--,11,7612,买盘
205,14:45:54,6.92,0.01,25,17300,买盘
206,14:45:48,6.91,-0.01,12,8292,卖盘
207,14:45:45,6.92,0.01,33,22836,买盘
208,14:45:39,6.91,--,8,5528,卖盘
209,14:45:36,6.91,-0.01,9,6219,卖盘
210,14:45:33,6.92,0.01,119,82348,买盘
211,14:45:27,6.91,-0.01,10,6910,卖盘
212,14:45:24,6.92,--,224,155008,买盘
213,14:45:21,6.92,0.01,12,8304,买盘
214,14:45:15,6.91,--,9,6219,卖盘
215,14:45:12,6.91,--,51,35241,卖盘
216,14:45:09,6.91,--,32,22112,卖盘
217,14:45:03,6.91,-0.01,51,35241,卖盘
218,14:45:00,6.92,--,136,94112,买盘
219,14:44:57,6.92,0.01,35,24220,买盘
220,14:44:54,6.91,--,195,134745,卖盘
221,14:44:51,6.91,-0.01,151,104341,卖盘
222,14:44:48,6.92,--,3,2076,买盘
223,14:44:45,6.92,--,614,424888,买盘
224,14:44:42,6.92,0.01,37,25604,买盘
225,14:44:39,6.91,-0.01,108,74628,卖盘
226,14:44:36,6.92,0.01,3,2076,买盘
227,14:44:33,6.91,--,10,6910,卖盘
228,14:44:30,6.91,-0.01,153,105723,卖盘
229,14:44:27,6.92,--,4,2768,买盘
230,14:44:24,6.92,--,212,146704,买盘
231,14:44:21,6.92,0.01,17,11764,买盘
232,14:44:18,6.91,--,8,5528,卖盘
233,14:44:15,6.91,-0.01,49,33859,卖盘
234,14:44:12,6.92,0.01,36,24912,买盘
235,14:44:09,6.91,--,9,6219,卖盘
236,14:44:06,6.91,--,61,42151,卖盘
237,14:44:03,6.91,--,33,22803,卖盘
238,14:44:00,6.91,--,28,19348,卖盘
239,14:43:57,6.91,-0.01,49,33859,卖盘
240,14:43:54,6.92,0.01,748,517616,买盘
241,14:43:51,6.91,--,80,55280,卖盘
242,14:43:48,6.91,--,40,27640,卖盘
243,14:43:45,6.91,--,8,5528,卖盘
244,14:43:42,6.91,-0.01,19,13129,卖盘
245,14:43:39,6.92,0.01,60,41520,买盘
246,14:43:36,6.91,-0.01,30,20730,卖盘
247,14:43:33,6.92,--,96,66432,买盘
248,14:43:30,6.92,--,118,81656,买盘
249,14:43:27,6.92,--,13,8996,买盘
250,14:43:24,6.92,0.01,209,144628,买盘
251,14:43:21,6.91,--,17,11747,买盘
252,14:43:18,6.91,--,17,11747,买盘
253,14:43:15,6.91,--,3,2073,买盘
254,14:43:12,6.91,--,13,8983,买盘
255,14:43:09,6.91,--,5,3455,买盘
256,14:43:06,6.91,--,84,58044,卖盘
257,14:43:03,6.91,-0.01,80,55280,卖盘
258,14:43:00,6.92,--,18,12456,买盘
259,14:42:57,6.92,0.01,78,53976,买盘
260,14:42:54,6.91,--,104,71864,卖盘
261,14:42:51,6.91,--,130,89830,卖盘
262,14:42:45,6.91,--,27,18657,卖盘
263,14:42:42,6.91,--,61,42151,卖盘
264,14:42:39,6.91,-0.01,8,5528,卖盘
265,14:42:36,6.92,--,207,143244,买盘
266,14:42:33,6.92,0.01,53,36676,买盘
267,14:42:30,6.91,--,215,148565,卖盘
268,14:42:27,6.91,--,322,222502,卖盘
269,14:42:24,6.91,--,5,3455,卖盘
270,14:42:21,6.91,-0.01,18,12438,卖盘
271,14:42:18,6.92,0.01,207,143244,买盘
272,14:42:12,6.91,--,57,39387,卖盘
273,14:42:09,6.91,-0.01,10,6910,卖盘
274,14:42:06,6.92,0.01,72,49824,买盘
275,14:42:03,6.91,--,67,46297,卖盘
276,14:42:00,6.91,-0.01,27,18657,卖盘
277,14:41:57,6.92,0.01,40,27680,买盘
278,14:41:54,6.91,-0.01,37,25567,卖盘
279,14:41:51,6.92,0.01,43,29756,买盘
280,14:41:45,6.91,-0.01,151,104341,卖盘
281,14:41:42,6.92,0.01,101,69892,买盘
282,14:41:39,6.91,--,28,19348,买盘
283,14:41:36,6.91,0.01,24,16584,买盘
284,14:41:33,6.9,-0.02,17,11730,卖盘
285,14:41:30,6.92,0.01,255,176460,买盘
286,14:41:27,6.91,--,10,6910,买盘
287,14:41:24,6.91,-0.01,2578,1781398,卖盘
288,14:41:21,6.92,--,3,2076,买盘
289,14:41:18,6.92,0.01,257,178273,买盘
290,14:41:15,6.91,--,3,2073,卖盘
291,14:41:12,6.91,--,198,136818,卖盘
292,14:41:09,6.91,-0.01,105,72555,卖盘
293,14:41:06,6.92,0.01,22,15224,买盘
294,14:41:03,6.91,--,10,6910,卖盘
295,14:41:00,6.91,--,50,34550,卖盘
296,14:40:57,6.91,--,132,91212,卖盘
297,14:40:54,6.91,--,30,20730,卖盘
298,14:40:51,6.91,-0.01,14,9674,卖盘
299,14:40:48,6.92,--,71,49132,买盘
300,14:40:45,6.92,0.01,13,8996,买盘
301,14:40:42,6.91,--,107,74199,买盘
302,14:40:39,6.91,--,30,20730,买盘
303,14:40:36,6.91,--,13,8983,买盘
304,14:40:33,6.91,-0.01,290,200818,卖盘
305,14:40:30,6.92,0.01,96,66432,买盘
306,14:40:27,6.91,--,104,71864,卖盘
307,14:40:24,6.91,-0.01,20,13820,卖盘
308,14:40:21,6.92,0.01,224,155008,买盘
309,14:40:18,6.91,--,83,57615,买盘
310,14:40:15,6.91,--,24,16584,买盘
311,14:40:12,6.91,--,3,2073,买盘
312,14:40:09,6.91,0.01,58,40078,买盘
313,14:40:06,6.9,--,57,39330,卖盘
314,14:40:03,6.9,-0.01,36,24840,卖盘
315,14:40:00,6.91,--,4,2764,买盘
316,14:39:57,6.91,0.01,14,9674,买盘
317,14:39:51,6.9,-0.01,335,231150,卖盘
318,14:39:48,6.91,0.01,295,203845,买盘
319,14:39:45,6.9,-0.01,31,21390,卖盘
320,14:39:42,6.91,--,52,35932,买盘
321,14:39:39,6.91,--,123,84993,买盘
322,14:39:36,6.91,--,522,360702,买盘
323,14:39:30,6.91,--,25,17275,买盘
324,14:39:24,6.91,--,542,374950,卖盘
325,14:39:21,6.91,--,39,26949,卖盘
326,14:39:18,6.91,-0.01,237,163767,卖盘
327,14:39:15,6.92,0.01,71,49132,买盘
328,14:39:12,6.91,--,61,42151,卖盘
329,14:39:09,6.91,--,100,69100,卖盘
330,14:39:06,6.91,--,55,38005,卖盘
331,14:39:03,6.91,-0.01,399,275709,卖盘
332,14:39:00,6.92,0.01,4,2768,买盘
333,14:38:57,6.91,--,9,6219,卖盘
334,14:38:54,6.91,-0.01,67,46297,卖盘
335,14:38:51,6.92,0.01,134,92728,买盘
336,14:38:48,6.91,-0.01,100,69100,卖盘
337,14:38:45,6.92,0.01,59,40828,买盘
338,14:38:42,6.91,--,49,33859,卖盘
339,14:38:39,6.91,--,163,112633,卖盘
340,14:38:36,6.91,-0.01,2,1382,卖盘
341,14:38:33,6.92,0.01,4,2768,买盘
342,14:38:30,6.91,--,40,27640,卖盘
343,14:38:27,6.91,-0.01,4,2764,卖盘
344,14:38:24,6.92,0.01,259,179228,买盘
345,14:38:21,6.91,--,23,15893,卖盘
346,14:38:18,6.91,-0.01,254,175514,卖盘
347,14:38:15,6.92,0.01,23,15916,买盘
348,14:38:09,6.91,-0.01,35,24185,卖盘
349,14:38:06,6.92,--,2,1384,买盘
350,14:38:03,6.92,--,3,2076,买盘
351,14:38:00,6.92,--,20,13840,买盘
352,14:37:57,6.92,--,62,42904,买盘
353,14:37:54,6.92,0.01,32,22144,买盘
354,14:37:48,6.91,-0.01,100,69100,卖盘
355,14:37:45,6.92,0.01,44,30448,买盘
356,14:37:42,6.91,-0.01,73,50443,卖盘
357,14:37:39,6.92,--,51,35292,买盘
358,14:37:36,6.92,--,40,27680,买盘
359,14:37:33,6.92,0.01,72,49824,买盘
360,14:37:30,6.91,--,137,94667,卖盘
361,14:37:27,6.91,-0.01,13,8983,卖盘
362,14:37:24,6.92,--,26,17992,买盘
363,14:37:21,6.92,--,189,130788,买盘
364,14:37:18,6.92,--,3,2076,买盘
365,14:37:15,6.92,0.01,215,148780,买盘
366,14:37:09,6.91,-0.01,3,2073,卖盘
367,14:37:06,6.92,0.01,3,2076,买盘
368,14:37:03,6.91,-0.01,336,232176,卖盘
369,14:36:57,6.92,--,231,159852,买盘
370,14:36:54,6.92,0.01,4,2768,买盘
371,14:36:51,6.91,--,69,47679,卖盘
372,14:36:48,6.91,-0.01,48,33168,卖盘
373,14:36:45,6.92,--,44,30448,买盘
374,14:36:39,6.92,--,101,69892,买盘
375,14:36:33,6.92,--,33,22836,买盘
376,14:36:27,6.92,--,55,38060,买盘
377,14:36:24,6.92,0.01,57,39444,买盘
378,14:36:21,6.91,--,4,2764,卖盘
379,14:36:18,6.91,-0.01,233,161003,卖盘
380,14:36:15,6.92,--,70,48440,买盘
381,14:36:12,6.92,--,206,142552,买盘
382,14:36:09,6.92,0.01,66,45672,买盘
383,14:36:06,6.91,--,84,58044,卖盘
384,14:36:03,6.91,-0.01,34,23494,卖盘
385,14:36:00,6.92,--,130,89960,买盘
386,14:35:57,6.92,0.01,23,15916,买盘
387,14:35:51,6.91,-0.01,40,27640,卖盘
388,14:35:48,6.92,--,8,5536,买盘
389,14:35:45,6.92,--,16,11072,买盘
390,14:35:42,6.92,0.01,42,29064,买盘
391,14:35:39,6.91,-0.01,82,56662,卖盘
392,14:35:36,6.92,0.01,136,94112,买盘
393,14:35:33,6.91,-0.01,9,6219,卖盘
394,14:35:30,6.92,--,57,39444,买盘
395,14:35:27,6.92,--,731,505852,买盘
396,14:35:24,6.92,--,176,121792,买盘
397,14:35:21,6.92,--,4,2768,买盘
398,14:35:18,6.92,0.01,125,86500,买盘
399,14:35:15,6.91,-0.01,296,204536,卖盘
400,14:35:12,6.92,0.01,23,15916,买盘
401,14:35:09,6.91,-0.01,33,22803,卖盘
402,14:35:06,6.92,0.01,440,304480,买盘
403,14:35:03,6.91,-0.01,1,691,卖盘
404,14:35:00,6.92,--,49,33908,买盘
405,14:34:57,6.92,--,1,692,买盘
406,14:34:54,6.92,0.01,6,4152,买盘
407,14:34:51,6.91,-0.01,50,34550,卖盘
408,14:34:48,6.92,0.01,223,154316,买盘
409,14:34:45,6.91,--,14,9674,卖盘
410,14:34:42,6.91,--,62,42842,卖盘
411,14:34:39,6.91,-0.01,88,60808,卖盘
412,14:34:36,6.92,0.01,108,74998,买盘
413,14:34:33,6.91,-0.01,25,17275,卖盘
414,14:34:27,6.92,0.01,17,11764,买盘
415,14:34:24,6.91,-0.01,115,79465,卖盘
416,14:34:18,6.92,--,126,87192,买盘
417,14:34:15,6.92,0.01,3,2076,买盘
418,14:34:12,6.91,--,495,342045,买盘
419,14:34:09,6.91,--,64,44224,买盘
420,14:34:03,6.91,--,113,78083,买盘
421,14:34:00,6.91,--,51,35241,买盘
422,14:33:57,6.91,--,29,20039,买盘
423,14:33:51,6.91,--,14,9674,买盘
424,14:33:48,6.91,0.01,57,39387,买盘
425,14:33:45,6.9,-0.01,120,82800,卖盘
426,14:33:42,6.91,--,524,362084,买盘
427,14:33:39,6.91,0.01,7,4837,买盘
428,14:33:36,6.9,--,37,25530,卖盘
429,14:33:33,6.9,--,30,20700,卖盘
430,14:33:30,6.9,-0.01,145,100050,卖盘
431,14:33:24,6.91,--,24,16584,买盘
432,14:33:21,6.91,--,21,14511,买盘
433,14:33:18,6.91,--,4,2764,买盘
434,14:33:15,6.91,0.01,112,77392,买盘
435,14:33:12,6.9,-0.01,136,93840,卖盘
436,14:33:09,6.91,--,205,141655,买盘
437,14:33:06,6.91,--,33,22803,买盘
438,14:33:03,6.91,--,500,345500,买盘
439,14:33:00,6.91,0.01,59,40769,买盘
440,14:32:57,6.9,-0.01,13,8970,卖盘
441,14:32:54,6.91,--,55,38005,买盘
442,14:32:48,6.91,--,64,44224,买盘
443,14:32:45,6.91,--,4,2764,买盘
444,14:32:42,6.91,--,34,23494,买盘
445,14:32:39,6.91,0.01,73,50443,买盘
446,14:32:36,6.9,-0.01,30,20700,卖盘
447,14:32:33,6.91,--,60,41460,买盘
448,14:32:30,6.91,--,24,16584,买盘
449,14:32:27,6.91,--,11,7601,买盘
450,14:32:24,6.91,--,198,136818,买盘
451,14:32:21,6.91,--,72,49752,买盘
452,14:32:18,6.91,-0.01,53,36623,卖盘
453,14:32:15,6.92,--,166,114872,买盘
454,14:32:12,6.92,--,201,139092,买盘
455,14:32:09,6.92,0.01,3,2076,买盘
456,14:32:06,6.91,0.01,509,351719,买盘
457,14:32:03,6.9,-0.01,15,10350,卖盘
458,14:32:00,6.91,--,13,8983,买盘
459,14:31:57,6.91,--,49,33859,买盘
460,14:31:54,6.91,--,252,174132,买盘
461,14:31:51,6.91,--,192,132672,卖盘
462,14:31:48,6.91,--,13,8983,卖盘
463,14:31:45,6.91,--,150,103650,买盘
464,14:31:42,6.91,--,30,20730,买盘
465,14:31:39,6.91,--,208,143728,买盘
466,14:31:36,6.91,--,13,8983,买盘
467,14:31:33,6.91,0.01,51,35241,买盘
468,14:31:30,6.9,-0.01,89,61410,卖盘
469,14:31:27,6.91,--,168,116088,买盘
470,14:31:24,6.91,--,447,308877,买盘
471,14:31:21,6.91,0.01,27,18657,买盘
472,14:31:18,6.9,-0.01,317,218730,卖盘
473,14:31:15,6.91,--,3897,2692827,买盘
474,14:31:12,6.91,--,30,20730,买盘
475,14:31:09,6.91,0.01,102,70482,买盘
476,14:31:06,6.9,-0.01,1191,821790,卖盘
477,14:31:00,6.91,--,33,22803,买盘
478,14:30:57,6.91,0.01,1,691,买盘
479,14:30:54,6.9,-0.01,194,133860,卖盘
480,14:30:51,6.91,--,31,21421,买盘
481,14:30:48,6.91,--,172,118852,买盘
482,14:30:45,6.91,--,9,6219,买盘
483,14:30:39,6.91,--,618,427038,买盘
484,14:30:36,6.91,--,119,82229,买盘
485,14:30:33,6.91,0.01,16,11056,买盘
486,14:30:30,6.9,--,30,20700,卖盘
487,14:30:27,6.9,-0.01,33,22770,卖盘
488,14:30:21,6.91,--,100,69100,买盘
489,14:30:18,6.91,0.01,14,9674,买盘
490,14:30:15,6.9,-0.01,7,4830,卖盘
491,14:30:12,6.91,--,198,136818,买盘
492,14:30:09,6.91,--,127,87757,买盘
493,14:30:06,6.91,--,196,135436,买盘
494,14:30:03,6.91,--,73,50443,买盘
495,14:30:00,6.91,--,156,107796,买盘
496,14:29:57,6.91,0.01,101,69791,买盘
497,14:29:54,6.9,-0.01,28,19320,卖盘
498,14:29:51,6.91,--,75,51825,买盘
499,14:29:48,6.91,--,1,691,买盘
500,14:29:45,6.91,0.01,37,25567,买盘
501,14:29:42,6.9,-0.01,53,36570,卖盘
502,14:29:39,6.91,--,10,6910,买盘
503,14:29:33,6.91,--,5,3455,买盘
504,14:29:30,6.91,0.01,45,31095,买盘
505,14:29:27,6.9,-0.01,108,74520,卖盘
506,14:29:24,6.91,0.01,2,1382,买盘
507,14:29:21,6.9,-0.01,39,26910,卖盘
508,14:29:18,6.91,--,17,11747,买盘
509,14:29:15,6.91,0.01,14,9674,买盘
510,14:29:12,6.9,-0.01,51,35190,卖盘
511,14:29:09,6.91,0.01,118,81538,买盘
512,14:29:06,6.9,--,112,77280,卖盘
513,14:29:03,6.9,-0.01,345,238050,卖盘
514,14:29:00,6.91,0.01,550,380050,买盘
515,14:28:57,6.9,-0.01,109,75210,卖盘
516,14:28:54,6.91,--,3,2073,买盘
517,14:28:48,6.91,--,56,38696,买盘
518,14:28:45,6.91,--,2982,2060562,买盘
519,14:28:42,6.91,0.01,3,2073,买盘
520,14:28:36,6.9,-0.01,23,15870,卖盘
521,14:28:33,6.91,0.01,3,2073,买盘
522,14:28:30,6.9,--,30,20700,卖盘
523,14:28:27,6.9,--,123,84870,卖盘
524,14:28:24,6.9,--,100,69000,卖盘
525,14:28:21,6.9,--,542,373980,买盘
526,14:28:18,6.9,--,204,140760,买盘
527,14:28:15,6.9,--,156,107640,买盘
528,14:28:12,6.9,--,78,53820,买盘
529,14:28:09,6.9,-0.01,276,190440,卖盘
530,14:28:06,6.91,0.01,119,82229,买盘
531,14:28:03,6.9,-0.01,243,167670,卖盘
532,14:28:00,6.91,--,170,117470,买盘
533,14:27:57,6.91,0.01,17,11747,买盘
534,14:27:54,6.9,-0.01,129,89010,卖盘
535,14:27:48,6.91,--,3,2073,买盘
536,14:27:45,6.91,--,45,31095,买盘
537,14:27:42,6.91,0.01,5,3455,买盘
538,14:27:36,6.9,--,23,15870,卖盘
539,14:27:33,6.9,--,2031,1401390,卖盘
540,14:27:30,6.9,--,65,44850,卖盘
541,14:27:27,6.9,--,154,106260,卖盘
542,14:27:24,6.9,--,38,26220,卖盘
543,14:27:18,6.9,-0.01,30,20700,卖盘
544,14:27:15,6.91,--,4,2764,买盘
545,14:27:12,6.91,0.01,17,11747,买盘
546,14:27:09,6.9,-0.01,31,21390,卖盘
547,14:27:06,6.91,--,126,87066,买盘
548,14:27:03,6.91,0.01,366,252906,买盘
549,14:27:00,6.9,--,206,142140,买盘
550,14:26:57,6.9,--,327,225630,买盘
551,14:26:54,6.9,--,723,498870,买盘
552,14:26:51,6.9,--,606,418140,买盘
553,14:26:48,6.9,0.01,10,6900,买盘
554,14:26:45,6.89,-0.01,155,106795,卖盘
555,14:26:42,6.9,--,563,388470,买盘
556,14:26:39,6.9,--,3,2070,买盘
557,14:26:36,6.9,--,179,123510,买盘
558,14:26:33,6.9,--,60,41400,买盘
559,14:26:30,6.9,--,21,14490,买盘
560,14:26:27,6.9,--,13,8970,买盘
561,14:26:24,6.9,0.01,130,89700,买盘
562,14:26:21,6.89,-0.01,350,241150,卖盘
563,14:26:18,6.9,--,1844,1272360,买盘
564,14:26:15,6.9,0.01,83,57270,买盘
565,14:26:12,6.89,-0.01,3,2067,卖盘
566,14:26:09,6.9,--,34,23460,买盘
567,14:26:06,6.9,--,61,42090,买盘
568,14:26:03,6.9,--,118,81420,买盘
569,14:26:00,6.9,--,338,233220,买盘
570,14:25:57,6.9,--,9,6210,买盘
571,14:25:54,6.9,--,3,2070,买盘
572,14:25:51,6.9,--,432,298080,买盘
573,14:25:48,6.9,--,731,504390,买盘
574,14:25:42,6.9,--,48,33120,买盘
575,14:25:39,6.9,--,21,14490,买盘
576,14:25:36,6.9,--,12,8280,买盘
577,14:25:33,6.9,--,177,122130,买盘
578,14:25:30,6.9,--,4,2760,买盘
579,14:25:27,6.9,--,486,335340,买盘
580,14:25:24,6.9,0.01,557,384330,买盘
581,14:25:21,6.89,-0.01,30,20670,卖盘
582,14:25:18,6.9,--,95,65550,买盘
583,14:25:15,6.9,0.01,64,44160,买盘
584,14:25:12,6.89,-0.01,407,280423,卖盘
585,14:25:09,6.9,--,3,2070,买盘
586,14:25:06,6.9,0.01,18,12420,买盘
587,14:25:03,6.89,-0.01,9,6201,卖盘
588,14:25:00,6.9,--,81,55890,买盘
589,14:24:57,6.9,0.01,199,137310,买盘
590,14:24:54,6.89,--,10,6890,卖盘
591,14:24:51,6.89,-0.01,44,30316,卖盘
592,14:24:48,6.9,--,19,13110,买盘
593,14:24:45,6.9,0.01,54,37260,买盘
594,14:24:42,6.89,-0.01,10,6890,卖盘
595,14:24:39,6.9,--,55,37950,买盘
596,14:24:36,6.9,--,45,31050,买盘
597,14:24:33,6.9,--,26,17940,买盘
598,14:24:30,6.9,0.01,20,13800,买盘
599,14:24:27,6.89,-0.01,67,46163,卖盘
600,14:24:24,6.9,--,34,23460,买盘
601,14:24:21,6.9,--,23,15870,买盘
602,14:24:18,6.9,--,13,8970,买盘
603,14:24:12,6.9,0.01,2,1380,买盘
604,14:24:09,6.89,-0.01,44,30316,卖盘
605,14:24:06,6.9,--,19,13110,买盘
606,14:24:03,6.9,0.01,99,68310,买盘
607,14:24:00,6.89,-0.01,117,80613,卖盘
608,14:23:57,6.9,--,21,14490,买盘
609,14:23:54,6.9,--,227,156630,买盘
610,14:23:48,6.9,--,3,2070,买盘
611,14:23:45,6.9,0.01,28,19320,买盘
612,14:23:39,6.89,--,947,652483,卖盘
613,14:23:36,6.89,-0.01,75,51675,卖盘
614,14:23:33,6.9,--,56,38640,买盘
615,14:23:30,6.9,--,45,31050,买盘
616,14:23:27,6.9,--,7,4830,买盘
617,14:23:21,6.9,0.01,21,14490,买盘
618,14:23:18,6.89,-0.01,22,15158,卖盘
619,14:23:15,6.9,0.01,164,113160,买盘
620,14:23:12,6.89,-0.01,30,20670,卖盘
621,14:23:09,6.9,--,17,11730,买盘
622,14:23:03,6.9,--,5,3450,买盘
623,14:23:00,6.9,--,20,13800,买盘
624,14:22:57,6.9,--,15,10350,买盘
625,14:22:54,6.9,--,200,138000,买盘
626,14:22:51,6.9,--,3,2070,买盘
627,14:22:48,6.9,--,25,17250,买盘
628,14:22:39,6.9,--,2,1380,买盘
629,14:22:36,6.9,--,68,46920,买盘
630,14:22:33,6.9,--,3,2070,买盘
631,14:22:30,6.9,--,96,66240,买盘
632,14:22:27,6.9,--,19,13110,买盘
633,14:22:21,6.9,--,165,113850,买盘
634,14:22:18,6.9,0.01,2,1380,买盘
635,14:22:15,6.89,-0.01,49,33761,卖盘
636,14:22:06,6.9,0.01,83,57270,买盘
637,14:22:03,6.89,-0.01,242,166738,卖盘
638,14:21:57,6.9,--,21,14490,买盘
639,14:21:54,6.9,--,36,24840,买盘
640,14:21:51,6.9,0.01,60,41400,买盘
641,14:21:48,6.89,-0.01,100,68900,卖盘
642,14:21:45,6.9,--,6,4140,买盘
643,14:21:42,6.9,--,20,13800,买盘
644,14:21:39,6.9,0.01,1,690,买盘
645,14:21:36,6.89,-0.01,1,689,卖盘
646,14:21:33,6.9,--,69,47610,买盘
647,14:21:30,6.9,--,32,22080,买盘
648,14:21:27,6.9,--,45,31050,买盘
649,14:21:24,6.9,0.01,174,120060,买盘
650,14:21:21,6.89,--,35,24115,卖盘
651,14:21:18,6.89,--,344,237016,卖盘
652,14:21:15,6.89,--,50,34450,卖盘
653,14:21:12,6.89,-0.01,26,17914,卖盘
654,14:21:09,6.9,--,44,30360,买盘
655,14:21:03,6.9,--,19,13110,买盘
656,14:21:00,6.9,--,96,66240,买盘
657,14:20:57,6.9,--,3,2070,买盘
658,14:20:54,6.9,--,14,9660,买盘
659,14:20:51,6.9,--,224,154560,买盘
660,14:20:48,6.9,--,3,2070,买盘
661,14:20:45,6.9,0.01,18,12420,买盘
662,14:20:42,6.89,-0.01,73,50297,卖盘
663,14:20:36,6.9,0.01,26,17940,买盘
664,14:20:33,6.89,-0.01,26,17914,卖盘
665,14:20:30,6.9,--,45,31050,买盘
666,14:20:27,6.9,--,208,143520,买盘
667,14:20:24,6.9,0.01,38,26220,买盘
668,14:20:21,6.89,-0.01,128,88192,卖盘
669,14:20:18,6.9,--,2,1380,买盘
670,14:20:15,6.9,--,10,6900,买盘
671,14:20:12,6.9,0.01,73,50370,买盘
672,14:20:09,6.89,--,2,1378,卖盘
673,14:20:06,6.89,--,6,4134,卖盘
674,14:20:03,6.89,-0.01,52,35828,卖盘
675,14:20:00,6.9,--,9,6210,买盘
676,14:19:57,6.9,0.01,54,37260,买盘
677,14:19:54,6.89,--,400,275600,卖盘
678,14:19:51,6.89,-0.01,300,206700,卖盘
679,14:19:48,6.9,--,30,20700,买盘
680,14:19:42,6.9,--,20,13800,买盘
681,14:19:39,6.9,--,10,6900,买盘
682,14:19:36,6.9,0.01,9,6210,买盘
683,14:19:30,6.89,--,243,167427,卖盘
684,14:19:27,6.89,-0.01,144,99216,卖盘
685,14:19:24,6.9,--,45,31050,买盘
686,14:19:21,6.9,--,109,75210,买盘
687,14:19:18,6.9,--,261,180090,买盘
688,14:19:15,6.9,--,2,1380,买盘
689,14:19:12,6.9,--,20,13800,买盘
690,14:19:09,6.9,0.01,1,690,买盘
691,14:19:06,6.89,--,102,70278,卖盘
692,14:19:03,6.89,-0.01,24,16536,卖盘
693,14:18:57,6.9,--,27,18630,买盘
694,14:18:54,6.9,--,64,44160,买盘
695,14:18:51,6.9,--,3,2070,买盘
696,14:18:48,6.9,--,31,21390,买盘
697,14:18:45,6.9,0.01,76,52440,买盘
698,14:18:42,6.89,--,6,4134,卖盘
699,14:18:39,6.89,-0.01,65,44785,卖盘
700,14:18:36,6.9,0.01,21,14490,买盘
701,14:18:33,6.89,-0.01,45,31005,卖盘
702,14:18:30,6.9,--,189,130410,买盘
703,14:18:27,6.9,--,251,173190,买盘
704,14:18:24,6.9,--,479,330510,买盘
705,14:18:21,6.9,--,48,33120,买盘
706,14:18:18,6.9,--,3,2070,买盘
707,14:18:15,6.9,0.01,121,83490,买盘
708,14:18:12,6.89,-0.01,50,34450,卖盘
709,14:18:09,6.9,--,135,93150,买盘
710,14:18:06,6.9,--,563,388470,买盘
711,14:18:03,6.9,0.01,70,48300,买盘
712,14:18:00,6.89,-0.01,4618,3181802,卖盘
713,14:17:57,6.9,--,1,690,买盘
714,14:17:54,6.9,--,13,8970,买盘
715,14:17:51,6.9,--,30,20700,买盘
716,14:17:48,6.9,0.01,127,87630,买盘
717,14:17:45,6.89,-0.01,24,16536,卖盘
718,14:17:42,6.9,0.01,25,17250,买盘
719,14:17:36,6.89,-0.01,4,2756,卖盘
720,14:17:33,6.9,0.01,3,2070,买盘
721,14:17:27,6.89,--,75,51675,卖盘
722,14:17:24,6.89,-0.01,111,76479,卖盘
723,14:17:21,6.9,0.01,66,45540,买盘
724,14:17:18,6.89,-0.01,6,4134,卖盘
725,14:17:15,6.9,--,50,34500,买盘
726,14:17:12,6.9,--,30,20700,买盘
727,14:17:09,6.9,--,110,75900,买盘
728,14:17:06,6.9,0.01,121,83490,买盘
729,14:17:00,6.89,-0.01,150,103350,卖盘
730,14:16:57,6.9,--,169,116610,买盘
731,14:16:48,6.9,--,230,158700,买盘
732,14:16:45,6.9,--,138,95220,买盘
733,14:16:42,6.9,--,14,9660,买盘
734,14:16:39,6.9,--,2,1380,买盘
735,14:16:36,6.9,--,62,42780,买盘
736,14:16:33,6.9,0.01,3,2070,买盘
737,14:16:30,6.89,-0.01,184,126776,卖盘
738,14:16:27,6.9,--,67,46230,买盘
739,14:16:24,6.9,--,21,14490,买盘
740,14:16:21,6.9,0.01,84,57960,买盘
741,14:16:15,6.89,-0.01,2,1378,卖盘
742,14:16:12,6.9,--,21,14490,买盘
743,14:16:09,6.9,0.01,119,82110,买盘
744,14:16:06,6.89,--,100,68900,卖盘
745,14:16:03,6.89,-0.01,1,689,卖盘
746,14:16:00,6.9,--,33,22770,买盘
747,14:15:57,6.9,0.01,31,21390,买盘
748,14:15:54,6.89,--,20,13780,卖盘
749,14:15:51,6.89,-0.01,246,169494,卖盘
750,14:15:48,6.9,--,17,11730,买盘
751,14:15:42,6.9,0.01,24,16560,买盘
752,14:15:39,6.89,-0.01,11,7579,卖盘
753,14:15:36,6.9,0.01,27,18630,买盘
754,14:15:33,6.89,--,62,42718,卖盘
755,14:15:30,6.89,-0.01,24,16536,卖盘
756,14:15:27,6.9,--,83,57270,买盘
757,14:15:24,6.9,0.01,49,33810,买盘
758,14:15:21,6.89,--,21,14469,卖盘
759,14:15:18,6.89,-0.01,21,14469,卖盘
760,14:15:15,6.9,--,28,19320,买盘
761,14:15:12,6.9,--,134,92460,买盘
762,14:15:09,6.9,--,29,20010,买盘
763,14:15:06,6.9,0.01,6,4140,买盘
764,14:15:03,6.89,-0.01,5,3445,卖盘
765,14:15:00,6.9,0.01,321,221490,买盘
766,14:14:57,6.89,-0.01,51,35139,卖盘
767,14:14:54,6.9,--,31,21390,买盘
768,14:14:51,6.9,0.01,12,8280,买盘
769,14:14:45,6.89,-0.01,85,58565,卖盘
770,14:14:42,6.9,0.01,61,42090,买盘
771,14:14:39,6.89,--,13,8957,卖盘
772,14:14:36,6.89,-0.01,27,18603,卖盘
773,14:14:30,6.9,--,18,12420,买盘
774,14:14:27,6.9,--,6,4140,买盘
775,14:14:24,6.9,--,33,22770,买盘
776,14:14:21,6.9,0.01,74,51060,买盘
777,14:14:18,6.89,--,39,26871,买盘
778,14:14:15,6.89,--,87,59943,买盘
779,14:14:12,6.89,--,126,86814,买盘
780,14:14:09,6.89,--,31,21359,买盘
781,14:14:06,6.89,--,12,8268,买盘
782,14:14:03,6.89,--,199,137111,买盘
783,14:14:00,6.89,0.01,41,28249,买盘
784,14:13:57,6.88,--,40,27520,卖盘
785,14:13:54,6.88,-0.01,25,17200,卖盘
786,14:13:51,6.89,0.01,9,6201,买盘
787,14:13:48,6.88,-0.01,50,34400,卖盘
788,14:13:42,6.89,--,153,105417,买盘
789,14:13:39,6.89,--,73,50297,买盘
790,14:13:33,6.89,--,11,7579,买盘
791,14:13:30,6.89,--,4,2756,买盘
792,14:13:27,6.89,0.01,19,13091,买盘
793,14:13:24,6.88,-0.01,51,35088,卖盘
794,14:13:21,6.89,--,18,12402,买盘
795,14:13:18,6.89,--,48,33072,买盘
796,14:13:15,6.89,--,18,12402,买盘
797,14:13:12,6.89,--,109,75101,买盘
798,14:13:09,6.89,--,34,23426,买盘
799,14:13:06,6.89,--,220,151580,买盘
800,14:13:03,6.89,--,42,28938,买盘
801,14:13:00,6.89,--,229,157781,买盘
802,14:12:57,6.89,--,12,8268,买盘
803,14:12:54,6.89,0.01,28,19292,买盘
804,14:12:51,6.88,-0.01,30,20640,卖盘
805,14:12:48,6.89,0.01,47,32383,买盘
806,14:12:45,6.88,--,8,5504,卖盘
807,14:12:42,6.88,-0.01,39,26832,卖盘
808,14:12:39,6.89,--,14,9646,买盘
809,14:12:36,6.89,--,26,17914,买盘
810,14:12:33,6.89,0.01,21,14469,买盘
811,14:12:24,6.88,-0.01,120,82560,卖盘
812,14:12:18,6.89,0.01,95,65455,买盘
813,14:12:12,6.88,-0.01,36,24768,卖盘
814,14:12:09,6.89,--,3,2067,买盘
815,14:12:06,6.89,--,247,170183,买盘
816,14:12:00,6.89,--,99,68211,买盘
817,14:11:57,6.89,--,232,159848,买盘
818,14:11:51,6.89,--,52,35828,买盘
819,14:11:48,6.89,--,9,6201,买盘
820,14:11:45,6.89,0.01,8,5512,买盘
821,14:11:42,6.88,-0.01,38,26144,卖盘
822,14:11:39,6.89,--,17,11713,买盘
823,14:11:36,6.89,--,5,3445,买盘
824,14:11:33,6.89,--,14,9646,买盘
825,14:11:27,6.89,0.01,21,14469,买盘
826,14:11:24,6.88,-0.01,81,55728,卖盘
827,14:11:21,6.89,--,31,21359,买盘
828,14:11:18,6.89,--,32,22048,买盘
829,14:11:15,6.89,0.01,64,44096,买盘
830,14:11:12,6.88,-0.01,4,2752,卖盘
831,14:11:09,6.89,0.01,32,22048,买盘
832,14:11:06,6.88,-0.01,145,99760,卖盘
833,14:11:03,6.89,-0.01,56,38584,卖盘
834,14:11:00,6.9,--,16,11040,买盘
835,14:10:57,6.9,0.01,11,7590,买盘
836,14:10:54,6.89,-0.01,43,29627,中性盘
837,14:10:51,6.9,0.01,240,165600,买盘
838,14:10:48,6.89,--,176,121264,卖盘
839,14:10:45,6.89,-0.01,105,72345,卖盘
840,14:10:42,6.9,0.01,20,13800,买盘
841,14:10:39,6.89,-0.01,43,29627,卖盘
842,14:10:33,6.9,--,50,34500,买盘
843,14:10:30,6.9,--,36,24840,买盘
844,14:10:27,6.9,--,13,8970,买盘
845,14:10:21,6.9,0.01,88,60720,买盘
846,14:10:18,6.89,--,96,66144,买盘
847,14:10:15,6.89,--,60,41340,卖盘
848,14:10:12,6.89,-0.01,5,3445,卖盘
849,14:10:06,6.9,--,116,80040,买盘
850,14:10:03,6.9,--,3,2070,买盘
851,14:10:00,6.9,--,99,68310,买盘
852,14:09:57,6.9,0.01,269,185610,买盘
853,14:09:54,6.89,--,70,48230,买盘
854,14:09:51,6.89,0.01,89,61321,买盘
855,14:09:48,6.88,-0.01,47,32336,卖盘
856,14:09:45,6.89,--,18,12402,买盘
857,14:09:42,6.89,-0.01,1,689,卖盘
858,14:09:39,6.9,--,5,3450,买盘
859,14:09:36,6.9,0.02,23,15870,买盘
860,14:09:33,6.88,-0.01,7,4816,卖盘
861,14:09:27,6.89,-0.01,3,2067,中性盘
862,14:09:24,6.9,--,51,35190,买盘
863,14:09:21,6.9,0.01,105,72450,买盘
864,14:09:18,6.89,-0.01,32,22048,卖盘
865,14:09:15,6.9,0.02,3,2070,买盘
866,14:09:12,6.88,-0.02,100,68800,卖盘
867,14:09:09,6.9,0.01,45,31050,买盘
868,14:09:06,6.89,--,4,2756,卖盘
869,14:09:03,6.89,--,75,51675,卖盘
870,14:09:00,6.89,-0.01,10,6890,卖盘
871,14:08:57,6.9,0.01,25,17388,买盘
872,14:08:54,6.89,0.01,24,16536,买盘
873,14:08:51,6.88,-0.01,30,20640,卖盘
874,14:08:48,6.89,0.01,19,13091,买盘
875,14:08:45,6.88,-0.01,1,688,卖盘
876,14:08:42,6.89,--,27,18603,买盘
877,14:08:39,6.89,-0.01,80,55671,卖盘
878,14:08:36,6.9,--,232,160080,买盘
879,14:08:33,6.9,--,19,13110,买盘
880,14:08:30,6.9,0.01,65,44850,买盘
881,14:08:27,6.89,--,31,21359,卖盘
882,14:08:24,6.89,-0.01,10,6890,卖盘
883,14:08:18,6.9,--,173,119370,买盘
884,14:08:15,6.9,--,43,29670,买盘
885,14:08:12,6.9,0.01,143,98670,买盘
886,14:08:09,6.89,-0.01,50,34450,卖盘
887,14:08:06,6.9,--,43,29670,买盘
888,14:08:03,6.9,--,44,30360,买盘
889,14:08:00,6.9,0.01,22,15180,买盘
890,14:07:57,6.89,-0.01,74,50986,卖盘
891,14:07:51,6.9,0.01,31,21390,买盘
892,14:07:48,6.89,--,19,13091,卖盘
893,14:07:45,6.89,-0.01,39,26871,卖盘
894,14:07:42,6.9,0.01,154,106260,买盘
895,14:07:39,6.89,-0.01,35,24115,卖盘
896,14:07:36,6.9,--,13,8970,买盘
897,14:07:33,6.9,0.01,7,4830,买盘
898,14:07:30,6.89,--,219,150891,卖盘
899,14:07:27,6.89,--,19,13091,卖盘
900,14:07:24,6.89,-0.01,37,25493,卖盘
901,14:07:21,6.9,--,9,6210,买盘
902,14:07:12,6.9,--,32,22080,买盘
903,14:07:09,6.9,0.01,98,67620,买盘
904,14:07:06,6.89,--,12,8268,卖盘
905,14:07:03,6.89,-0.01,1,689,卖盘
906,14:07:00,6.9,--,92,63480,买盘
907,14:06:57,6.9,--,4,2760,买盘
908,14:06:54,6.9,--,6,4140,买盘
909,14:06:51,6.9,--,22,15180,买盘
910,14:06:48,6.9,0.01,5,3450,买盘
911,14:06:45,6.89,-0.01,152,104728,卖盘
912,14:06:42,6.9,0.01,668,460920,买盘
913,14:06:39,6.89,--,510,351390,卖盘
914,14:06:36,6.89,-0.01,44,30316,卖盘
915,14:06:33,6.9,0.01,207,142830,买盘
916,14:06:30,6.89,--,86,59254,卖盘
917,14:06:27,6.89,--,51,35139,卖盘
918,14:06:24,6.89,--,13,8957,卖盘
919,14:06:21,6.89,0.01,3026,2085051,买盘
920,14:06:18,6.88,--,9,6192,卖盘
921,14:06:15,6.88,-0.01,5,3440,卖盘
922,14:06:12,6.89,0.01,3,2067,买盘
923,14:06:09,6.88,--,182,125216,卖盘
924,14:06:06,6.88,-0.01,96,66048,卖盘
925,14:06:00,6.89,--,131,90259,买盘
926,14:05:57,6.89,--,22,15158,买盘
927,14:05:51,6.89,--,14,9646,买盘
928,14:05:48,6.89,--,11,7579,买盘
929,14:05:45,6.89,0.01,11,7579,买盘
930,14:05:42,6.88,-0.01,1,688,卖盘
931,14:05:39,6.89,--,123,84747,买盘
932,14:05:36,6.89,0.01,42,28938,买盘
933,14:05:33,6.88,-0.01,16,11008,卖盘
934,14:05:30,6.89,0.02,270,186030,买盘
935,14:05:27,6.87,-0.01,15,10305,卖盘
936,14:05:24,6.88,--,38,26144,买盘
937,14:05:21,6.88,--,3,2064,买盘
938,14:05:18,6.88,--,5,3440,买盘
939,14:05:15,6.88,--,20,13760,买盘
940,14:05:12,6.88,--,16,11008,买盘
941,14:05:09,6.88,--,51,35088,买盘
942,14:05:06,6.88,--,55,37840,买盘
943,14:05:03,6.88,--,35,24080,买盘
944,14:04:54,6.88,--,22,15136,买盘
945,14:04:51,6.88,--,3,2064,买盘
946,14:04:48,6.88,--,82,56416,买盘
947,14:04:45,6.88,--,31,21328,买盘
948,14:04:42,6.88,--,15,10320,买盘
949,14:04:39,6.88,--,14,9632,买盘
950,14:04:36,6.88,--,225,154800,买盘
951,14:04:33,6.88,0.01,10,6880,买盘
952,14:04:30,6.87,-0.01,55,37785,卖盘
953,14:04:27,6.88,--,200,137600,买盘
954,14:04:24,6.88,--,90,61920,买盘
955,14:04:18,6.88,--,4,2752,买盘
956,14:04:15,6.88,0.01,18,12384,买盘
957,14:04:12,6.87,-0.01,14,9618,卖盘
958,14:04:06,6.88,--,34,23392,买盘
959,14:04:03,6.88,--,45,30960,买盘
960,14:03:57,6.88,--,50,34400,买盘
961,14:03:54,6.88,-0.01,3,2064,买盘
962,14:03:48,6.89,0.01,23,15847,买盘
963,14:03:45,6.88,-0.01,16,11008,卖盘
964,14:03:42,6.89,--,8,5512,买盘
965,14:03:39,6.89,--,131,90259,买盘
966,14:03:33,6.89,0.01,209,144001,买盘
967,14:03:30,6.88,0.01,26,17888,买盘
968,14:03:27,6.87,-0.02,375,257625,卖盘
969,14:03:24,6.89,--,62,42718,买盘
970,14:03:21,6.89,--,26,17914,买盘
971,14:03:18,6.89,--,10,6890,买盘
972,14:03:15,6.89,--,288,198432,买盘
973,14:03:12,6.89,--,18,12402,买盘
974,14:03:09,6.89,--,31,21359,买盘
975,14:03:06,6.89,--,61,42029,买盘
976,14:03:03,6.89,--,45,31005,买盘
977,14:03:00,6.89,--,9,6201,买盘
978,14:02:57,6.89,--,99,68211,买盘
979,14:02:54,6.89,--,30,20670,买盘
980,14:02:51,6.89,--,47,32383,买盘
981,14:02:48,6.89,--,61,42029,买盘
982,14:02:45,6.89,--,86,59254,买盘
983,14:02:42,6.89,0.01,11,7579,买盘
984,14:02:39,6.88,--,18,12384,买盘
985,14:02:36,6.88,--,100,68800,买盘
986,14:02:33,6.88,-0.01,23,15824,中性盘
987,14:02:30,6.89,0.01,268,184652,买盘
988,14:02:27,6.88,--,83,57104,买盘
989,14:02:24,6.88,--,10,6880,买盘
990,14:02:21,6.88,0.01,44,30272,中性盘
991,14:02:18,6.87,-0.02,178,122286,卖盘
992,14:02:15,6.89,0.02,19,13091,买盘
993,14:02:12,6.87,-0.02,4,2748,卖盘
994,14:02:09,6.89,0.02,27,18603,买盘
995,14:02:06,6.87,-0.02,10,6870,卖盘
996,14:02:03,6.89,--,50,34450,买盘
997,14:02:00,6.89,0.01,48,33072,买盘
998,14:01:57,6.88,-0.01,9,6192,买盘
999,14:01:51,6.89,0.01,38,26182,买盘
1000,14:01:48,6.88,--,3,2064,买盘
1001,14:01:45,6.88,--,90,61920,买盘
1002,14:01:42,6.88,0.01,50,34400,买盘
1003,14:01:39,6.87,-0.01,9,6183,卖盘
1004,14:01:36,6.88,--,3,2064,买盘
1005,14:01:33,6.88,--,31,21328,买盘
1006,14:01:30,6.88,0.01,95,65360,买盘
1007,14:01:27,6.87,-0.01,30,20610,卖盘
1008,14:01:24,6.88,--,224,154112,买盘
1009,14:01:18,6.88,--,68,46784,买盘
1010,14:01:15,6.88,0.01,6,4128,买盘
1011,14:01:12,6.87,-0.01,39,26793,卖盘
1012,14:01:09,6.88,--,4,2752,买盘
1013,14:01:06,6.88,0.01,47,32336,买盘
1014,14:01:03,6.87,--,19,13053,卖盘
1015,14:01:00,6.87,-0.01,195,133965,卖盘
1016,14:00:57,6.88,--,9,6192,买盘
1017,14:00:54,6.88,--,131,90128,卖盘
1018,14:00:51,6.88,0.01,109,74992,买盘
1019,14:00:48,6.87,-0.01,25,17175,卖盘
1020,14:00:45,6.88,--,165,113520,买盘
1021,14:00:42,6.88,--,11,7568,买盘
1022,14:00:39,6.88,--,16,11008,买盘
1023,14:00:36,6.88,--,45,30960,买盘
1024,14:00:33,6.88,--,29,19952,买盘
1025,14:00:30,6.88,--,103,70864,买盘
1026,14:00:27,6.88,0.01,95,65360,买盘
1027,14:00:24,6.87,--,256,175872,卖盘
1028,14:00:18,6.87,-0.01,30,20610,卖盘
1029,14:00:15,6.88,--,10,6880,买盘
1030,14:00:12,6.88,--,45,30960,买盘
1031,14:00:09,6.88,0.01,88,60544,买盘
1032,14:00:06,6.87,-0.01,10,6870,卖盘
1033,14:00:03,6.88,--,56,38528,买盘
1034,14:00:00,6.88,--,545,374960,买盘
1035,13:59:57,6.88,--,1,688,买盘
1036,13:59:54,6.88,--,245,168560,买盘
1037,13:59:51,6.88,--,81,55728,买盘
1038,13:59:48,6.88,--,233,160304,卖盘
1039,13:59:45,6.88,-0.01,68,46784,卖盘
1040,13:59:42,6.89,--,13,8957,买盘
1041,13:59:39,6.89,--,120,82680,买盘
1042,13:59:33,6.89,--,6,4134,买盘
1043,13:59:30,6.89,--,14,9646,买盘
1044,13:59:27,6.89,0.01,246,169494,买盘
1045,13:59:24,6.88,0.01,41,28208,买盘
1046,13:59:21,6.87,-0.01,3,2061,卖盘
1047,13:59:18,6.88,--,60,41280,买盘
1048,13:59:15,6.88,--,6,4128,买盘
1049,13:59:12,6.88,-0.01,2,1376,卖盘
1050,13:59:09,6.89,0.02,3,2067,买盘
1051,13:59:06,6.87,-0.01,20,13740,卖盘
1052,13:59:03,6.88,--,31,21328,买盘
1053,13:59:00,6.88,-0.01,96,66048,卖盘
1054,13:58:57,6.89,0.01,52,35828,买盘
1055,13:58:54,6.88,-0.01,20,13760,卖盘
1056,13:58:51,6.89,0.01,25,17225,买盘
1057,13:58:45,6.88,-0.01,70,48160,卖盘
1058,13:58:42,6.89,--,150,103350,买盘
1059,13:58:39,6.89,--,67,46163,买盘
1060,13:58:36,6.89,--,11,7579,买盘
1061,13:58:33,6.89,--,20,13780,买盘
1062,13:58:27,6.89,--,20,13780,买盘
1063,13:58:24,6.89,--,12,8268,买盘
1064,13:58:21,6.89,--,82,56498,买盘
1065,13:58:18,6.89,--,52,35828,买盘
1066,13:58:12,6.89,--,14,9646,买盘
1067,13:58:09,6.89,--,189,130221,买盘
1068,13:58:06,6.89,--,36,24804,买盘
1069,13:58:03,6.89,--,29,19981,买盘
1070,13:58:00,6.89,--,79,54431,买盘
1071,13:57:54,6.89,--,21,14469,买盘
1072,13:57:51,6.89,--,6,4134,买盘
1073,13:57:48,6.89,--,14,9646,买盘
1074,13:57:42,6.89,0.01,146,100594,买盘
1075,13:57:39,6.88,-0.01,16,11008,卖盘
1076,13:57:36,6.89,--,9,6201,买盘
1077,13:57:33,6.89,--,7,4823,买盘
1078,13:57:30,6.89,0.01,34,23426,买盘
1079,13:57:27,6.88,--,44,30272,买盘
1080,13:57:24,6.88,-0.01,12,8256,中性盘
1081,13:57:15,6.89,--,60,41340,买盘
1082,13:57:12,6.89,--,88,60632,买盘
1083,13:57:09,6.89,0.01,20,13780,买盘
1084,13:57:06,6.88,--,7,4816,卖盘
1085,13:57:03,6.88,-0.01,35,24080,卖盘
1086,13:57:00,6.89,0.01,57,39273,买盘
1087,13:56:57,6.88,-0.01,69,47472,卖盘
1088,13:56:54,6.89,--,235,161915,买盘
1089,13:56:51,6.89,--,3,2067,买盘
1090,13:56:48,6.89,0.01,50,34450,买盘
1091,13:56:42,6.88,-0.01,44,30272,卖盘
1092,13:56:39,6.89,0.01,33,22737,买盘
1093,13:56:33,6.88,--,107,73616,买盘
1094,13:56:30,6.88,-0.01,31,21328,卖盘
1095,13:56:27,6.89,--,3,2067,买盘
1096,13:56:24,6.89,0.01,84,57876,买盘
1097,13:56:21,6.88,--,415,285520,卖盘
1098,13:56:18,6.88,-0.01,2,1376,卖盘
1099,13:56:15,6.89,0.01,69,47541,买盘
1100,13:56:12,6.88,-0.01,9,6192,卖盘
1101,13:56:09,6.89,0.01,227,156403,买盘
1102,13:56:06,6.88,-0.01,534,367392,卖盘
1103,13:56:03,6.89,--,93,64077,买盘
1104,13:56:00,6.89,--,44,30316,买盘
1105,13:55:57,6.89,0.01,18,12402,买盘
1106,13:55:54,6.88,-0.01,53,36464,卖盘
1107,13:55:51,6.89,--,15,10335,买盘
1108,13:55:48,6.89,0.01,20,13780,买盘
1109,13:55:45,6.88,-0.01,77,52976,卖盘
1110,13:55:42,6.89,--,458,315562,买盘
1111,13:55:33,6.89,--,22,15158,买盘
1112,13:55:30,6.89,--,27,18603,买盘
1113,13:55:27,6.89,--,11,7579,买盘
1114,13:55:24,6.89,--,11,7579,买盘
1115,13:55:18,6.89,--,30,20670,买盘
1116,13:55:15,6.89,--,23,15847,买盘
1117,13:55:12,6.89,--,15,10335,买盘
1118,13:55:06,6.89,--,106,73034,买盘
1119,13:54:57,6.89,--,12,8268,买盘
1120,13:54:54,6.89,--,42,28938,买盘
1121,13:54:51,6.89,--,123,84747,买盘
1122,13:54:48,6.89,0.01,30,20670,买盘
1123,13:54:45,6.88,--,43,29584,卖盘
1124,13:54:42,6.88,-0.01,43,29584,卖盘
1125,13:54:39,6.89,0.01,200,137800,买盘
1126,13:54:36,6.88,-0.01,10,6880,卖盘
1127,13:54:33,6.89,0.01,25,17225,买盘
1128,13:54:30,6.88,-0.01,123,84624,卖盘
1129,13:54:24,6.89,--,38,26182,买盘
1130,13:54:21,6.89,0.01,14,9646,买盘
1131,13:54:18,6.88,-0.01,14,9632,卖盘
1132,13:54:15,6.89,--,18,12402,买盘
1133,13:54:12,6.89,--,1,689,买盘
1134,13:54:09,6.89,--,4,2756,买盘
1135,13:54:06,6.89,--,149,102661,买盘
1136,13:54:03,6.89,--,20,13780,买盘
1137,13:53:57,6.89,--,3,2067,买盘
1138,13:53:48,6.89,--,93,64077,买盘
1139,13:53:45,6.89,0.01,9,6201,买盘
1140,13:53:42,6.88,-0.01,10,6880,卖盘
1141,13:53:39,6.89,0.01,210,144690,买盘
1142,13:53:36,6.88,-0.01,53,36464,卖盘
1143,13:53:30,6.89,0.01,22,15158,买盘
1144,13:53:27,6.88,-0.01,64,44032,卖盘
1145,13:53:24,6.89,0.01,34,23426,买盘
1146,13:53:18,6.88,-0.01,22,15136,卖盘
1147,13:53:15,6.89,--,19,13091,买盘
1148,13:53:12,6.89,0.01,21,14469,买盘
1149,13:53:09,6.88,-0.01,135,92880,卖盘
1150,13:53:06,6.89,0.01,23,15847,买盘
1151,13:53:03,6.88,0.01,34,23392,中性盘
1152,13:52:57,6.87,-0.02,3,2061,卖盘
1153,13:52:54,6.89,0.01,253,174317,买盘
1154,13:52:51,6.88,--,18,12384,买盘
1155,13:52:48,6.88,--,20,13760,买盘
1156,13:52:45,6.88,--,9,6192,卖盘
1157,13:52:42,6.88,--,60,41280,卖盘
1158,13:52:39,6.88,--,27,18576,卖盘
1159,13:52:36,6.88,-0.01,1495,1028560,卖盘
1160,13:52:33,6.89,0.01,27,18603,买盘
1161,13:52:30,6.88,--,5,3440,卖盘
1162,13:52:27,6.88,-0.01,37,25456,卖盘
1163,13:52:21,6.89,--,11,7579,买盘
1164,13:52:18,6.89,--,40,27560,买盘
1165,13:52:15,6.89,--,14,9646,买盘
1166,13:52:12,6.89,0.01,35,24115,买盘
1167,13:52:09,6.88,-0.01,142,97696,卖盘
1168,13:52:06,6.89,0.01,11,7579,买盘
1169,13:52:03,6.88,-0.01,28,19264,卖盘
1170,13:51:57,6.89,--,14,9646,买盘
1171,13:51:54,6.89,--,3,2067,买盘
1172,13:51:51,6.89,--,18,12402,买盘
1173,13:51:48,6.89,--,217,149513,买盘
1174,13:51:42,6.89,--,3,2067,买盘
1175,13:51:36,6.89,0.01,37,25493,买盘
1176,13:51:33,6.88,-0.01,10,6880,卖盘
1177,13:51:30,6.89,--,4,2756,买盘
1178,13:51:27,6.89,0.01,30,20670,买盘
1179,13:51:24,6.88,--,7,4816,卖盘
1180,13:51:21,6.88,-0.01,63,43344,卖盘
1181,13:51:18,6.89,0.01,14,9646,买盘
1182,13:51:15,6.88,-0.01,20,13760,卖盘
1183,13:51:12,6.89,0.01,153,105417,买盘
1184,13:51:09,6.88,--,6,4128,卖盘
1185,13:51:06,6.88,-0.01,1,688,卖盘
1186,13:51:03,6.89,--,19,13091,买盘
1187,13:51:00,6.89,0.01,10,6890,买盘
1188,13:50:57,6.88,--,213,146544,卖盘
1189,13:50:54,6.88,-0.01,49,33712,卖盘
1190,13:50:51,6.89,0.01,32,22048,买盘
1191,13:50:48,6.88,-0.01,16,11008,卖盘
1192,13:50:45,6.89,0.01,51,35139,买盘
1193,13:50:42,6.88,-0.01,50,34400,卖盘
1194,13:50:39,6.89,0.01,30,20670,买盘
1195,13:50:36,6.88,-0.01,20,13760,卖盘
1196,13:50:33,6.89,--,3,2067,买盘
1197,13:50:30,6.89,0.01,23,15847,买盘
1198,13:50:27,6.88,-0.01,8,5504,卖盘
1199,13:50:24,6.89,--,103,70967,买盘
1200,13:50:21,6.89,--,61,42029,买盘
1201,13:50:18,6.89,0.01,32,22048,买盘
1202,13:50:15,6.88,-0.01,493,339184,卖盘
1203,13:50:09,6.89,0.01,64,44096,买盘
1204,13:50:06,6.88,-0.01,191,131408,卖盘
1205,13:50:03,6.89,--,221,152269,买盘
1206,13:50:00,6.89,--,4,2756,买盘
1207,13:49:54,6.89,0.01,235,161915,买盘
1208,13:49:51,6.88,--,10,6880,卖盘
1209,13:49:48,6.88,--,117,80496,卖盘
1210,13:49:45,6.88,-0.01,70,48160,卖盘
1211,13:49:42,6.89,--,9,6201,买盘
1212,13:49:39,6.89,--,21,14469,买盘
1213,13:49:36,6.89,--,952,655928,卖盘
1214,13:49:33,6.89,-0.01,1,689,卖盘
1215,13:49:30,6.9,--,31,21390,买盘
1216,13:49:27,6.9,--,2,1380,买盘
1217,13:49:24,6.9,--,144,99360,买盘
1218,13:49:21,6.9,--,119,82110,买盘
1219,13:49:15,6.9,--,10,6900,买盘
1220,13:49:12,6.9,--,114,78660,买盘
1221,13:49:09,6.9,0.01,21,14490,买盘
1222,13:49:06,6.89,-0.01,21,14469,卖盘
1223,13:49:03,6.9,--,8,5520,买盘
1224,13:49:00,6.9,--,19,13110,买盘
1225,13:48:51,6.9,0.01,95,65550,买盘
1226,13:48:45,6.89,-0.01,281,193609,卖盘
1227,13:48:42,6.9,0.01,36,24840,买盘
1228,13:48:39,6.89,--,33,22737,卖盘
1229,13:48:36,6.89,-0.01,202,139178,卖盘
1230,13:48:30,6.9,--,322,222180,买盘
1231,13:48:27,6.9,--,9,6210,买盘
1232,13:48:21,6.9,--,85,58650,买盘
1233,13:48:18,6.9,--,4,2760,买盘
1234,13:48:15,6.9,0.01,44,30360,买盘
1235,13:48:12,6.89,-0.01,3,2067,卖盘
1236,13:48:09,6.9,--,110,75900,买盘
1237,13:48:06,6.9,--,5,3450,买盘
1238,13:48:03,6.9,--,11,7590,买盘
1239,13:47:57,6.9,--,19,13110,买盘
1240,13:47:54,6.9,--,3,2070,买盘
1241,13:47:51,6.9,0.01,186,128340,买盘
1242,13:47:45,6.89,-0.01,88,60632,卖盘
1243,13:47:42,6.9,0.01,17,11730,买盘
1244,13:47:39,6.89,--,11,7579,卖盘
1245,13:47:36,6.89,--,10,6890,卖盘
1246,13:47:33,6.89,-0.01,20,13780,卖盘
1247,13:47:30,6.9,--,252,173880,买盘
1248,13:47:24,6.9,0.01,67,46230,买盘
1249,13:47:21,6.89,-0.01,100,68900,卖盘
1250,13:47:18,6.9,--,17,11730,买盘
1251,13:47:15,6.9,--,14,9660,买盘
1252,13:47:09,6.9,--,46,31740,买盘
1253,13:47:06,6.9,--,26,17940,买盘
1254,13:47:03,6.9,--,113,77970,买盘
1255,13:47:00,6.9,--,240,165600,买盘
1256,13:46:57,6.9,0.01,5,3450,买盘
1257,13:46:51,6.89,--,226,155714,卖盘
1258,13:46:45,6.89,-0.01,21,14469,卖盘
1259,13:46:42,6.9,--,30,20700,买盘
1260,13:46:39,6.9,0.01,394,271860,买盘
1261,13:46:36,6.89,-0.01,111,76479,卖盘
1262,13:46:33,6.9,0.01,273,188370,买盘
1263,13:46:30,6.89,--,12,8268,卖盘
1264,13:46:27,6.89,--,1405,968045,卖盘
1265,13:46:24,6.89,-0.01,169,116441,卖盘
1266,13:46:21,6.9,--,74,51060,买盘
1267,13:46:15,6.9,--,25,17250,买盘
1268,13:46:12,6.9,0.01,23,15870,买盘
1269,13:46:09,6.89,-0.01,46,31694,卖盘
1270,13:46:06,6.9,--,15,10350,买盘
1271,13:46:03,6.9,--,25,17250,买盘
1272,13:46:00,6.9,0.01,156,107640,买盘
1273,13:45:54,6.89,-0.01,162,111618,卖盘
1274,13:45:48,6.9,--,19,13110,买盘
1275,13:45:45,6.9,--,107,73830,买盘
1276,13:45:39,6.9,--,24,16560,买盘
1277,13:45:36,6.9,--,1,690,买盘
1278,13:45:33,6.9,--,1,690,买盘
1279,13:45:30,6.9,--,191,131790,买盘
1280,13:45:27,6.9,0.01,22,15180,买盘
1281,13:45:24,6.89,--,355,244595,卖盘
1282,13:45:21,6.89,-0.01,39,26871,卖盘
1283,13:45:18,6.9,--,94,64860,买盘
1284,13:45:15,6.9,--,57,39330,买盘
1285,13:45:12,6.9,0.01,33,22770,买盘
1286,13:45:09,6.89,-0.01,3,2067,卖盘
1287,13:45:06,6.9,--,18,12420,买盘
1288,13:45:03,6.9,0.01,17,11730,买盘
1289,13:45:00,6.89,--,57,39273,卖盘
1290,13:44:57,6.89,-0.01,30,20670,卖盘
1291,13:44:54,6.9,--,180,124200,买盘
1292,13:44:51,6.9,0.01,122,84180,买盘
1293,13:44:48,6.89,-0.01,7,4823,卖盘
1294,13:44:45,6.9,0.01,82,56580,买盘
1295,13:44:42,6.89,-0.01,6,4134,卖盘
1296,13:44:39,6.9,--,119,82110,买盘
1297,13:44:36,6.9,--,6,4140,买盘
1298,13:44:33,6.9,--,39,26910,买盘
1299,13:44:30,6.9,--,3,2070,买盘
1300,13:44:27,6.9,0.01,6,4140,买盘
1301,13:44:24,6.89,-0.01,250,172250,卖盘
1302,13:44:21,6.9,--,1,690,买盘
1303,13:44:18,6.9,--,3,2070,买盘
1304,13:44:15,6.9,--,26,17940,买盘
1305,13:44:12,6.9,0.01,6,4140,买盘
1306,13:44:09,6.89,-0.01,3,2067,卖盘
1307,13:44:06,6.9,--,69,47610,买盘
1308,13:44:03,6.9,--,8,5520,买盘
1309,13:44:00,6.9,--,2,1380,买盘
1310,13:43:57,6.9,--,6,4140,买盘
1311,13:43:54,6.9,0.01,107,73830,买盘
1312,13:43:51,6.89,-0.01,419,288691,卖盘
1313,13:43:48,6.9,0.01,6,4140,买盘
1314,13:43:45,6.89,-0.01,27,18603,卖盘
1315,13:43:42,6.9,--,214,147660,买盘
1316,13:43:39,6.9,--,18,12420,买盘
1317,13:43:36,6.9,--,20,13800,买盘
1318,13:43:33,6.9,--,243,167670,买盘
1319,13:43:30,6.9,--,5,3450,买盘
1320,13:43:27,6.9,--,99,68310,买盘
1321,13:43:24,6.9,--,220,151800,买盘
1322,13:43:21,6.9,0.01,16,11040,买盘
1323,13:43:15,6.89,-0.01,13,8957,卖盘
1324,13:43:12,6.9,--,5,3450,买盘
1325,13:43:09,6.9,0.01,327,225630,买盘
1326,13:43:06,6.89,--,32,22048,卖盘
1327,13:43:00,6.89,-0.01,63,43407,卖盘
1328,13:42:57,6.9,--,155,106950,买盘
1329,13:42:54,6.9,0.01,20,13800,买盘
1330,13:42:48,6.89,-0.01,55,37895,卖盘
1331,13:42:45,6.9,0.01,172,118680,买盘
1332,13:42:42,6.89,-0.01,114,78546,卖盘
1333,13:42:39,6.9,--,112,77280,买盘
1334,13:42:36,6.9,0.01,147,101430,买盘
1335,13:42:33,6.89,--,184,126776,卖盘
1336,13:42:30,6.89,--,169,116441,卖盘
1337,13:42:27,6.89,-0.01,33,22737,卖盘
1338,13:42:24,6.9,0.01,42,28980,买盘
1339,13:42:21,6.89,-0.01,217,149513,卖盘
1340,13:42:18,6.9,0.01,10,6900,买盘
1341,13:42:15,6.89,-0.01,13,8957,卖盘
1342,13:42:12,6.9,--,10,6900,买盘
1343,13:42:09,6.9,--,7,4830,买盘
1344,13:42:06,6.9,--,45,31050,买盘
1345,13:42:03,6.9,--,26,17940,买盘
1346,13:42:00,6.9,--,48,33120,买盘
1347,13:41:57,6.9,0.01,61,42090,买盘
1348,13:41:54,6.89,-0.01,60,41340,卖盘
1349,13:41:51,6.9,--,9,6210,买盘
1350,13:41:48,6.9,0.01,80,55200,买盘
1351,13:41:45,6.89,-0.01,24,16536,卖盘
1352,13:41:42,6.9,--,15,10350,买盘
1353,13:41:39,6.9,--,90,62100,买盘
1354,13:41:36,6.9,--,336,231840,买盘
1355,13:41:33,6.9,0.01,229,158010,买盘
1356,13:41:30,6.89,-0.01,58,39962,卖盘
1357,13:41:27,6.9,0.01,46,31740,买盘
1358,13:41:24,6.89,--,147,101283,卖盘
1359,13:41:21,6.89,-0.01,27,18603,卖盘
1360,13:41:18,6.9,--,202,139380,买盘
1361,13:41:15,6.9,--,55,37950,买盘
1362,13:41:12,6.9,--,556,383640,买盘
1363,13:41:09,6.9,--,26,17940,买盘
1364,13:41:06,6.9,--,68,46920,买盘
1365,13:41:03,6.9,--,47,32430,买盘
1366,13:41:00,6.9,--,29,20010,买盘
1367,13:40:57,6.9,--,46,31740,买盘
1368,13:40:54,6.9,--,79,54510,买盘
1369,13:40:51,6.9,0.01,84,57960,买盘
1370,13:40:48,6.89,-0.01,15,10335,卖盘
1371,13:40:45,6.9,--,71,48990,买盘
1372,13:40:42,6.9,--,6,4140,买盘
1373,13:40:39,6.9,--,70,48300,买盘
1374,13:40:36,6.9,--,39,26910,买盘
1375,13:40:33,6.9,--,38,26220,买盘
1376,13:40:30,6.9,--,6,4140,买盘
1377,13:40:27,6.9,--,20,13800,买盘
1378,13:40:24,6.9,--,150,103500,买盘
1379,13:40:21,6.9,--,220,151800,买盘
1380,13:40:18,6.9,--,80,55200,买盘
1381,13:40:15,6.9,--,14,9660,买盘
1382,13:40:12,6.9,--,18,12420,买盘
1383,13:40:09,6.9,--,102,70380,买盘
1384,13:40:06,6.9,0.01,32,22080,买盘
1385,13:40:03,6.89,-0.01,4,2756,卖盘
1386,13:40:00,6.9,0.01,94,64860,买盘
1387,13:39:57,6.89,-0.01,29,19981,卖盘
1388,13:39:54,6.9,--,111,76590,买盘
1389,13:39:51,6.9,--,6,4140,买盘
1390,13:39:48,6.9,0.01,46,31740,买盘
1391,13:39:45,6.89,--,181,124709,卖盘
1392,13:39:42,6.89,-0.01,34,23426,卖盘
1393,13:39:39,6.9,--,117,80730,买盘
1394,13:39:36,6.9,--,3,2070,买盘
1395,13:39:33,6.9,0.01,96,66240,买盘
1396,13:39:30,6.89,-0.01,102,70278,卖盘
1397,13:39:27,6.9,--,4,2760,买盘
1398,13:39:24,6.9,--,97,66930,买盘
1399,13:39:21,6.9,--,14,9660,买盘
1400,13:39:18,6.9,--,256,176640,买盘
1401,13:39:15,6.9,--,12,8280,买盘
1402,13:39:12,6.9,--,29,20010,买盘
1403,13:39:06,6.9,0.01,102,70380,买盘
1404,13:39:03,6.89,-0.01,10,6890,卖盘
1405,13:39:00,6.9,0.01,6,4140,买盘
1406,13:38:57,6.89,-0.01,13,8957,卖盘
1407,13:38:54,6.9,--,95,65550,买盘
1408,13:38:51,6.9,--,9,6210,买盘
1409,13:38:48,6.9,--,96,66240,买盘
1410,13:38:45,6.9,--,40,27600,买盘
1411,13:38:42,6.9,--,74,51060,买盘
1412,13:38:39,6.9,--,19,13110,买盘
1413,13:38:36,6.9,--,17,11730,买盘
1414,13:38:33,6.9,--,71,48990,买盘
1415,13:38:30,6.9,--,185,127650,买盘
1416,13:38:27,6.9,0.01,118,81420,买盘
1417,13:38:24,6.89,-0.01,24,16536,卖盘
1418,13:38:21,6.9,--,20,13800,买盘
1419,13:38:18,6.9,0.01,235,162150,买盘
1420,13:38:15,6.89,-0.01,26,17914,卖盘
1421,13:38:12,6.9,0.01,31,21390,买盘
1422,13:38:09,6.89,-0.01,7,4823,卖盘
1423,13:38:06,6.9,--,14,9660,买盘
1424,13:38:03,6.9,--,15,10350,买盘
1425,13:38:00,6.9,0.01,32,22080,买盘
1426,13:37:57,6.89,-0.01,9,6201,卖盘
1427,13:37:54,6.9,0.01,42,28980,买盘
1428,13:37:51,6.89,--,7,4823,卖盘
1429,13:37:48,6.89,--,71,48919,卖盘
1430,13:37:45,6.89,-0.01,6,4134,卖盘
1431,13:37:42,6.9,--,506,349140,买盘
1432,13:37:39,6.9,--,33,22770,买盘
1433,13:37:36,6.9,0.01,107,73830,买盘
1434,13:37:33,6.89,-0.01,82,56560,卖盘
1435,13:37:30,6.9,--,11,7590,买盘
1436,13:37:27,6.9,0.01,171,118576,买盘
1437,13:37:24,6.89,--,571,393419,买盘
1438,13:37:21,6.89,--,359,247351,买盘
1439,13:37:18,6.89,--,54,37206,买盘
1440,13:37:15,6.89,--,250,172250,买盘
1441,13:37:12,6.89,--,27,18603,买盘
1442,13:37:09,6.89,0.01,36,24804,买盘
1443,13:37:06,6.88,-0.01,1,688,卖盘
1444,13:37:03,6.89,--,6,4134,买盘
1445,13:37:00,6.89,--,595,409955,买盘
1446,13:36:57,6.89,0.01,47,32383,买盘
1447,13:36:54,6.88,-0.01,112,77056,卖盘
1448,13:36:51,6.89,--,6,4134,买盘
1449,13:36:48,6.89,--,46,31694,买盘
1450,13:36:45,6.89,--,9,6201,买盘
1451,13:36:42,6.89,0.01,919,633191,买盘
1452,13:36:36,6.88,-0.01,29,19952,卖盘
1453,13:36:33,6.89,--,147,101283,买盘
1454,13:36:30,6.89,0.01,44,30316,买盘
1455,13:36:27,6.88,-0.01,7,4816,卖盘
1456,13:36:24,6.89,--,1508,1039012,买盘
1457,13:36:21,6.89,--,38,26182,买盘
1458,13:36:18,6.89,0.01,12,8268,买盘
1459,13:36:15,6.88,-0.01,201,138288,卖盘
1460,13:36:12,6.89,--,240,165360,买盘
1461,13:36:09,6.89,--,20,13780,买盘
1462,13:36:06,6.89,0.01,16,11024,买盘
1463,13:36:03,6.88,-0.01,1,688,卖盘
1464,13:36:00,6.89,0.01,22,15158,买盘
1465,13:35:57,6.88,-0.01,1,688,卖盘
1466,13:35:54,6.89,0.01,6,4134,买盘
1467,13:35:51,6.88,--,43,29584,卖盘
1468,13:35:48,6.88,-0.01,85,58480,卖盘
1469,13:35:45,6.89,0.01,8,5512,买盘
1470,13:35:42,6.88,-0.01,66,45408,卖盘
1471,13:35:39,6.89,--,81,55809,买盘
1472,13:35:36,6.89,0.01,68,46852,买盘
1473,13:35:33,6.88,-0.01,1,688,卖盘
1474,13:35:30,6.89,--,113,77857,买盘
1475,13:35:27,6.89,0.01,9,6201,买盘
1476,13:35:24,6.88,-0.01,174,119712,卖盘
1477,13:35:21,6.89,0.01,194,133666,买盘
1478,13:35:18,6.88,--,31,21328,买盘
1479,13:35:15,6.88,--,79,54352,买盘
1480,13:35:12,6.88,0.01,31,21328,买盘
1481,13:35:09,6.87,-0.01,18,12366,卖盘
1482,13:35:06,6.88,0.01,19,13072,买盘
1483,13:35:03,6.87,-0.01,39,26793,卖盘
1484,13:35:00,6.88,--,16,11008,买盘
1485,13:34:57,6.88,--,6,4128,买盘
1486,13:34:54,6.88,-0.01,22,15136,卖盘
1487,13:34:51,6.89,--,21,14469,买盘
1488,13:34:48,6.89,--,6,4134,买盘
1489,13:34:45,6.89,--,52,35828,买盘
1490,13:34:42,6.89,0.02,24,16536,买盘
1491,13:34:39,6.87,-0.01,112,76944,卖盘
1492,13:34:36,6.88,0.01,232,159616,卖盘
1493,13:34:33,6.87,-0.02,1002,688374,卖盘
1494,13:34:30,6.89,--,8,5512,买盘
1495,13:34:27,6.89,--,114,78546,买盘
1496,13:34:24,6.89,--,12,8268,买盘
1497,13:34:18,6.89,--,254,175006,买盘
1498,13:34:15,6.89,--,15,10335,买盘
1499,13:34:12,6.89,--,18,12402,买盘
1500,13:34:09,6.89,--,9,6201,买盘
1501,13:34:06,6.89,0.02,37,25493,买盘
1502,13:34:03,6.87,-0.01,27,18549,卖盘
1503,13:34:00,6.88,-0.01,3,2064,中性盘
1504,13:33:57,6.89,--,12,8268,买盘
1505,13:33:54,6.89,--,6,4134,买盘
1506,13:33:51,6.89,0.01,179,123331,买盘
1507,13:33:48,6.88,--,44,30272,买盘
1508,13:33:45,6.88,-0.01,7,4816,中性盘
1509,13:33:42,6.89,--,6,4134,买盘
1510,13:33:39,6.89,0.02,157,108173,买盘
1511,13:33:36,6.87,-0.02,122,83814,卖盘
1512,13:33:33,6.89,--,146,100594,买盘
1513,13:33:30,6.89,--,19,13091,买盘
1514,13:33:27,6.89,0.02,85,58565,买盘
1515,13:33:24,6.87,-0.02,356,244572,卖盘
1516,13:33:21,6.89,0.01,197,135733,买盘
1517,13:33:18,6.88,-0.01,7,4816,中性盘
1518,13:33:15,6.89,0.02,43,29627,买盘
1519,13:33:12,6.87,-0.02,6,4122,卖盘
1520,13:33:09,6.89,0.01,25,17225,买盘
1521,13:33:06,6.88,-0.01,4,2752,卖盘
1522,13:33:03,6.89,--,44,30316,买盘
1523,13:33:00,6.89,--,13,8957,买盘
1524,13:32:57,6.89,--,6,4134,买盘
1525,13:32:54,6.89,--,29,19981,买盘
1526,13:32:51,6.89,--,10,6890,买盘
1527,13:32:48,6.89,--,19,13091,买盘
1528,13:32:45,6.89,0.01,7,4823,买盘
1529,13:32:42,6.88,-0.01,3,2064,中性盘
1530,13:32:39,6.89,0.02,69,47541,买盘
1531,13:32:36,6.87,-0.01,366,251442,卖盘
1532,13:32:33,6.88,--,15,10320,买盘
1533,13:32:30,6.88,--,145,99760,买盘
1534,13:32:27,6.88,--,13,8944,买盘
1535,13:32:24,6.88,--,116,79808,买盘
1536,13:32:21,6.88,0.01,222,152736,买盘
1537,13:32:18,6.87,-0.01,10,6870,卖盘
1538,13:32:15,6.88,--,29,19952,买盘
1539,13:32:12,6.88,-0.01,29,19952,中性盘
1540,13:32:06,6.89,0.01,221,152269,买盘
1541,13:32:03,6.88,0.01,22,15136,买盘
1542,13:32:00,6.87,-0.01,29,19923,卖盘
1543,13:31:57,6.88,--,30,20640,买盘
1544,13:31:54,6.88,--,4,2752,买盘
1545,13:31:48,6.88,--,322,221536,买盘
1546,13:31:45,6.88,--,8,5504,卖盘
1547,13:31:42,6.88,--,10,6880,卖盘
1548,13:31:39,6.88,-0.01,86,59168,卖盘
1549,13:31:36,6.89,--,32,22048,买盘
1550,13:31:33,6.89,--,130,89570,买盘
1551,13:31:30,6.89,--,82,56498,买盘
1552,13:31:27,6.89,0.01,107,73723,买盘
1553,13:31:24,6.88,-0.01,20,13760,中性盘
1554,13:31:18,6.89,0.02,10,6890,买盘
1555,13:31:15,6.87,-0.02,3,2061,卖盘
1556,13:31:12,6.89,0.01,231,159159,买盘
1557,13:31:06,6.88,--,38,26144,买盘
1558,13:31:03,6.88,0.01,46,31648,买盘
1559,13:31:00,6.87,-0.02,302,207474,卖盘
1560,13:30:57,6.89,--,22,15158,买盘
1561,13:30:54,6.89,0.01,101,69589,买盘
1562,13:30:51,6.88,--,101,69488,卖盘
1563,13:30:48,6.88,--,1,688,卖盘
1564,13:30:45,6.88,--,4,2752,卖盘
1565,13:30:42,6.88,-0.01,23,15824,卖盘
1566,13:30:39,6.89,--,34,23426,买盘
1567,13:30:36,6.89,--,36,24804,买盘
1568,13:30:33,6.89,--,56,38584,买盘
1569,13:30:30,6.89,--,179,123331,买盘
1570,13:30:27,6.89,0.01,121,83369,买盘
1571,13:30:24,6.88,-0.01,1,688,卖盘
1572,13:30:21,6.89,--,25,17225,买盘
1573,13:30:18,6.89,--,82,56498,买盘
1574,13:30:15,6.89,0.01,31,21359,买盘
1575,13:30:12,6.88,--,242,166496,卖盘
1576,13:30:09,6.88,-0.01,360,247680,卖盘
1577,13:30:06,6.89,0.01,29,19981,买盘
1578,13:30:03,6.88,--,22,15136,卖盘
1579,13:30:00,6.88,--,1,688,卖盘
1580,13:29:57,6.88,-0.01,10,6880,卖盘
1581,13:29:54,6.89,--,28,19292,买盘
1582,13:29:51,6.89,0.01,4,2756,买盘
1583,13:29:48,6.88,-0.01,13,8944,卖盘
1584,13:29:45,6.89,0.01,21,14469,买盘
1585,13:29:42,6.88,--,100,68800,卖盘
1586,13:29:39,6.88,-0.01,154,105952,卖盘
1587,13:29:36,6.89,0.01,38,26182,买盘
1588,13:29:33,6.88,-0.01,1,688,卖盘
1589,13:29:30,6.89,--,162,111618,买盘
1590,13:29:27,6.89,--,45,31005,买盘
1591,13:29:24,6.89,0.02,46,31694,买盘
1592,13:29:21,6.87,-0.01,376,258312,卖盘
1593,13:29:18,6.88,0.01,5,3440,买盘
1594,13:29:12,6.87,--,18,12366,卖盘
1595,13:29:09,6.87,-0.01,4,2748,卖盘
1596,13:29:06,6.88,-0.01,699,481476,卖盘
1597,13:29:03,6.89,--,228,157092,买盘
1598,13:29:00,6.89,--,19,13091,买盘
1599,13:28:57,6.89,0.01,21,14469,买盘
1600,13:28:54,6.88,-0.01,1,688,卖盘
1601,13:28:51,6.89,0.01,24,16536,买盘
1602,13:28:48,6.88,--,30,20640,卖盘
1603,13:28:45,6.88,-0.01,1,688,卖盘
1604,13:28:42,6.89,0.01,12,8805,买盘
1605,13:28:39,6.88,--,30,20915,卖盘
1606,13:28:36,6.88,--,1,688,卖盘
1607,13:28:33,6.88,-0.01,25,17200,卖盘
1608,13:28:30,6.89,--,75,51675,买盘
1609,13:28:27,6.89,--,12,8268,买盘
1610,13:28:24,6.89,--,82,56498,买盘
1611,13:28:21,6.89,0.01,46,31694,买盘
1612,13:28:18,6.88,-0.01,1,688,卖盘
1613,13:28:15,6.89,--,148,101972,买盘
1614,13:28:12,6.89,0.01,21,14469,买盘
1615,13:28:09,6.88,--,1,688,卖盘
1616,13:28:06,6.88,-0.01,228,156864,卖盘
1617,13:28:03,6.89,0.01,25,17225,买盘
1618,13:27:57,6.88,-0.01,8,5504,卖盘
1619,13:27:54,6.89,--,59,40651,买盘
1620,13:27:51,6.89,0.01,15,10335,买盘
1621,13:27:48,6.88,--,1,688,卖盘
1622,13:27:45,6.88,-0.01,30,20640,卖盘
1623,13:27:42,6.89,0.01,24,16536,买盘
1624,13:27:39,6.88,--,25,17200,卖盘
1625,13:27:36,6.88,-0.01,3,2064,卖盘
1626,13:27:33,6.89,0.01,68,46852,买盘
1627,13:27:30,6.88,--,3,2064,买盘
1628,13:27:27,6.88,-0.01,32,22016,中性盘
1629,13:27:24,6.89,--,44,30316,买盘
1630,13:27:21,6.89,--,19,13091,买盘
1631,13:27:18,6.89,--,60,41340,买盘
1632,13:27:15,6.89,--,117,80613,买盘
1633,13:27:12,6.89,--,134,92326,买盘
1634,13:27:06,6.89,0.01,223,153647,买盘
1635,13:27:00,6.88,0.01,22,15136,买盘
1636,13:26:57,6.87,-0.02,260,178620,卖盘
1637,13:26:54,6.89,0.01,48,33072,买盘
1638,13:26:51,6.88,-0.01,1,688,卖盘
1639,13:26:48,6.89,--,11,7579,买盘
1640,13:26:45,6.89,0.01,20,13780,买盘
1641,13:26:42,6.88,-0.01,29,19952,卖盘
1642,13:26:39,6.89,0.01,52,35828,买盘
1643,13:26:36,6.88,-0.01,1,688,卖盘
1644,13:26:33,6.89,0.01,63,43407,买盘
1645,13:26:30,6.88,--,1,688,卖盘
1646,13:26:27,6.88,-0.01,1,688,卖盘
1647,13:26:24,6.89,--,59,40651,买盘
1648,13:26:21,6.89,--,4,2756,买盘
1649,13:26:18,6.89,--,89,61321,买盘
1650,13:26:15,6.89,0.01,80,55120,买盘
1651,13:26:12,6.88,--,42,28896,买盘
1652,13:26:09,6.88,-0.01,244,167872,卖盘
1653,13:26:06,6.89,--,89,61321,买盘
1654,13:26:03,6.89,0.01,22,15158,买盘
1655,13:26:00,6.88,-0.01,8,5504,卖盘
1656,13:25:57,6.89,0.01,465,320385,买盘
1657,13:25:54,6.88,-0.01,88,60544,卖盘
1658,13:25:51,6.89,0.01,65,44785,买盘
1659,13:25:48,6.88,--,16,11008,卖盘
1660,13:25:45,6.88,-0.01,2,1376,卖盘
1661,13:25:42,6.89,0.01,42,28938,买盘
1662,13:25:39,6.88,-0.01,12,8256,卖盘
1663,13:25:36,6.89,--,20,13780,买盘
1664,13:25:33,6.89,--,59,40651,买盘
1665,13:25:30,6.89,0.01,18,12402,买盘
1666,13:25:27,6.88,-0.01,35,24080,卖盘
1667,13:25:24,6.89,0.01,63,43407,买盘
1668,13:25:21,6.88,-0.01,1,688,中性盘
1669,13:25:18,6.89,0.01,109,75101,买盘
1670,13:25:15,6.88,--,3,2064,买盘
1671,13:25:12,6.88,0.01,100,68800,买盘
1672,13:25:09,6.87,-0.01,1,687,卖盘
1673,13:25:06,6.88,--,142,97696,买盘
1674,13:25:03,6.88,--,38,26144,买盘
1675,13:25:00,6.88,--,16,11008,买盘
1676,13:24:57,6.88,--,208,143104,买盘
1677,13:24:54,6.88,--,28,19264,买盘
1678,13:24:51,6.88,--,77,52976,卖盘
1679,13:24:48,6.88,-0.01,2,1376,卖盘
1680,13:24:45,6.89,--,21,14469,买盘
1681,13:24:39,6.89,--,27,18603,买盘
1682,13:24:36,6.89,--,17,11713,买盘
1683,13:24:33,6.89,0.01,276,190164,买盘
1684,13:24:27,6.88,-0.01,15,10320,中性盘
1685,13:24:24,6.89,--,85,58565,买盘
1686,13:24:21,6.89,0.01,44,30316,买盘
1687,13:24:18,6.88,-0.01,1,688,卖盘
1688,13:24:15,6.89,--,44,30316,买盘
1689,13:24:12,6.89,--,169,116441,买盘
1690,13:24:09,6.89,0.01,39,26871,买盘
1691,13:24:06,6.88,-0.01,20,13760,买盘
1692,13:24:03,6.89,--,116,79924,买盘
1693,13:24:00,6.89,--,21,14469,买盘
1694,13:23:57,6.89,0.01,224,154336,买盘
1695,13:23:54,6.88,--,257,176816,卖盘
1696,13:23:51,6.88,--,21,14448,卖盘
1697,13:23:48,6.88,-0.01,19,13072,卖盘
1698,13:23:45,6.89,0.01,2,1378,买盘
1699,13:23:42,6.88,-0.01,6,4128,卖盘
1700,13:23:39,6.89,--,44,30316,买盘
1701,13:23:36,6.89,--,51,35139,买盘
1702,13:23:33,6.89,0.01,40,27560,买盘
1703,13:23:30,6.88,-0.01,64,44032,中性盘
1704,13:23:24,6.89,--,2332,1606748,买盘
1705,13:23:21,6.89,0.01,116,79924,买盘
1706,13:23:18,6.88,-0.01,25,17200,卖盘
1707,13:23:15,6.89,--,51,35139,买盘
1708,13:23:12,6.89,--,152,104728,买盘
1709,13:23:09,6.89,0.02,139,95771,买盘
1710,13:23:06,6.87,--,120,82440,卖盘
1711,13:23:03,6.87,--,16,10992,卖盘
1712,13:23:00,6.87,-0.01,16,10992,卖盘
1713,13:22:57,6.88,--,199,136912,买盘
1714,13:22:54,6.88,0.01,81,55728,买盘
1715,13:22:51,6.87,-0.01,359,246633,卖盘
1716,13:22:45,6.88,0.01,3,2064,买盘
1717,13:22:42,6.87,-0.01,17,11679,卖盘
1718,13:22:39,6.88,0.01,18,12384,买盘
1719,13:22:36,6.87,-0.01,23,15801,卖盘
1720,13:22:30,6.88,--,59,40592,买盘
1721,13:22:24,6.88,--,3,2064,买盘
1722,13:22:21,6.88,--,93,63984,买盘
1723,13:22:18,6.88,--,64,44032,买盘
1724,13:22:15,6.88,--,4,2752,买盘
1725,13:22:12,6.88,--,106,72928,买盘
1726,13:22:09,6.88,--,47,32336,买盘
1727,13:22:06,6.88,0.01,279,191952,买盘
1728,13:22:03,6.87,-0.01,5,3435,卖盘
1729,13:22:00,6.88,0.01,94,64672,买盘
1730,13:21:57,6.87,--,253,173811,卖盘
1731,13:21:51,6.87,-0.01,339,232893,卖盘
1732,13:21:48,6.88,--,93,63984,买盘
1733,13:21:45,6.88,--,125,86000,买盘
1734,13:21:39,6.88,0.01,32,22016,买盘
1735,13:21:36,6.87,-0.01,21,14427,卖盘
1736,13:21:33,6.88,--,68,46784,买盘
1737,13:21:30,6.88,--,103,70864,买盘
1738,13:21:27,6.88,--,3,2064,买盘
1739,13:21:24,6.88,--,26,17888,买盘
1740,13:21:21,6.88,--,52,35776,买盘
1741,13:21:18,6.88,-0.01,268,184384,中性盘
1742,13:21:15,6.89,0.02,67,46163,买盘
1743,13:21:12,6.87,-0.02,43,29541,卖盘
1744,13:21:09,6.89,--,62,42718,买盘
1745,13:21:06,6.89,0.02,122,84058,买盘
1746,13:21:03,6.87,--,28,19236,卖盘
1747,13:21:00,6.87,--,4,2748,卖盘
1748,13:20:57,6.87,-0.02,3,2061,卖盘
1749,13:20:54,6.89,0.01,200,137800,买盘
1750,13:20:51,6.88,0.01,364,250432,买盘
1751,13:20:48,6.87,--,31,21297,卖盘
1752,13:20:45,6.87,-0.01,5,3435,卖盘
1753,13:20:42,6.88,--,468,321984,买盘
1754,13:20:39,6.88,0.01,3,2064,买盘
1755,13:20:33,6.87,-0.01,144,98928,卖盘
1756,13:20:30,6.88,--,68,46784,买盘
1757,13:20:27,6.88,--,13,8944,买盘
1758,13:20:24,6.88,--,50,34400,买盘
1759,13:20:21,6.88,--,33,22704,买盘
1760,13:20:18,6.88,--,3,2064,买盘
1761,13:20:15,6.88,-0.01,69,47472,买盘
1762,13:20:12,6.89,0.01,168,115752,买盘
1763,13:20:09,6.88,-0.01,171,117840,卖盘
1764,13:20:06,6.89,--,3,2067,买盘
1765,13:20:03,6.89,0.01,52,35828,买盘
1766,13:20:00,6.88,--,151,103888,卖盘
1767,13:19:57,6.88,-0.01,1,688,卖盘
1768,13:19:54,6.89,--,4,2756,买盘
1769,13:19:51,6.89,0.01,355,244595,买盘
1770,13:19:48,6.88,--,247,169936,卖盘
1771,13:19:45,6.88,--,27,18576,卖盘
1772,13:19:42,6.88,--,5,3440,卖盘
1773,13:19:39,6.88,-0.01,29,19952,卖盘
1774,13:19:36,6.89,--,21,14469,买盘
1775,13:19:33,6.89,0.01,9,6201,买盘
1776,13:19:30,6.88,--,21,14448,卖盘
1777,13:19:27,6.88,-0.01,4,2752,卖盘
1778,13:19:24,6.89,--,20,13780,买盘
1779,13:19:21,6.89,--,4,2756,买盘
1780,13:19:18,6.89,0.01,43,29627,买盘
1781,13:19:15,6.88,--,47,32336,卖盘
1782,13:19:12,6.88,--,34,23392,卖盘
1783,13:19:09,6.88,-0.01,24,16512,卖盘
1784,13:19:06,6.89,--,109,75101,买盘
1785,13:19:03,6.89,0.01,138,95082,买盘
1786,13:19:00,6.88,-0.01,5,3440,卖盘
1787,13:18:57,6.89,--,5,3445,买盘
1788,13:18:54,6.89,0.01,19,13091,买盘
1789,13:18:51,6.88,-0.01,41,28208,卖盘
1790,13:18:48,6.89,0.01,566,389974,买盘
1791,13:18:45,6.88,--,32,22016,卖盘
1792,13:18:42,6.88,-0.01,12,8338,卖盘
1793,13:18:39,6.89,0.01,45,31005,买盘
1794,13:18:36,6.88,--,36,24768,卖盘
1795,13:18:33,6.88,--,21,14448,卖盘
1796,13:18:30,6.88,-0.01,37,25456,卖盘
1797,13:18:27,6.89,--,25,17225,买盘
1798,13:18:24,6.89,0.01,92,63388,买盘
1799,13:18:21,6.88,--,101,69488,卖盘
1800,13:18:18,6.88,-0.01,1,688,卖盘
1801,13:18:15,6.89,--,94,64766,买盘
1802,13:18:12,6.89,0.01,34,23426,买盘
1803,13:18:09,6.88,-0.01,14,9797,卖盘
1804,13:18:06,6.89,--,108,74412,买盘
1805,13:18:03,6.89,--,51,35139,买盘
1806,13:18:00,6.89,0.01,4,2756,买盘
1807,13:17:57,6.88,--,1,688,卖盘
1808,13:17:54,6.88,--,133,91504,卖盘
1809,13:17:51,6.88,-0.01,228,157111,卖盘
1810,13:17:48,6.89,--,325,223925,买盘
1811,13:17:45,6.89,0.01,18,12402,买盘
1812,13:17:42,6.88,-0.01,23,15824,卖盘
1813,13:17:39,6.89,0.01,6,4134,买盘
1814,13:17:36,6.88,--,8,5504,卖盘
1815,13:17:33,6.88,--,37,25456,卖盘
1816,13:17:30,6.88,--,18,12384,卖盘
1817,13:17:27,6.88,--,28,19264,卖盘
1818,13:17:24,6.88,-0.01,6,4128,卖盘
1819,13:17:21,6.89,--,42,28938,买盘
1820,13:17:18,6.89,0.01,32,22048,买盘
1821,13:17:15,6.88,--,31,21328,卖盘
1822,13:17:12,6.88,--,154,105952,卖盘
1823,13:17:09,6.88,--,229,157552,卖盘
1824,13:17:06,6.88,-0.01,21,14448,卖盘
1825,13:17:03,6.89,0.01,206,141934,买盘
1826,13:17:00,6.88,-0.01,1,688,卖盘
1827,13:16:57,6.89,0.01,6,4134,买盘
1828,13:16:54,6.88,-0.01,10,6880,卖盘
1829,13:16:51,6.89,--,19,13091,买盘
1830,13:16:48,6.89,0.01,228,157092,买盘
1831,13:16:45,6.88,--,304,209152,卖盘
1832,13:16:42,6.88,--,26,17888,卖盘
1833,13:16:39,6.88,-0.01,89,61232,卖盘
1834,13:16:36,6.89,0.01,23,15847,买盘
1835,13:16:33,6.88,-0.01,46,31648,卖盘
1836,13:16:30,6.89,--,4,2756,买盘
1837,13:16:27,6.89,0.01,78,53742,买盘
1838,13:16:24,6.88,-0.01,16,11008,卖盘
1839,13:16:21,6.89,--,29,19981,买盘
1840,13:16:18,6.89,0.01,52,35828,买盘
1841,13:16:15,6.88,-0.01,5,3440,卖盘
1842,13:16:12,6.89,--,34,23426,买盘
1843,13:16:09,6.89,0.01,69,47541,买盘
1844,13:16:06,6.88,-0.01,50,34400,卖盘
1845,13:16:03,6.89,0.01,20,13780,买盘
1846,13:16:00,6.88,-0.01,33,22704,卖盘
1847,13:15:57,6.89,--,3,2067,买盘
1848,13:15:54,6.89,0.02,138,95082,买盘
1849,13:15:51,6.87,-0.02,9,6183,卖盘
1850,13:15:48,6.89,0.02,216,148824,买盘
1851,13:15:45,6.87,-0.01,323,221901,卖盘
1852,13:15:42,6.88,--,23,15824,买盘
1853,13:15:39,6.88,--,3,2064,买盘
1854,13:15:36,6.88,--,20,13760,买盘
1855,13:15:33,6.88,0.01,23,15824,买盘
1856,13:15:30,6.87,-0.01,6,4122,卖盘
1857,13:15:24,6.88,--,41,28208,买盘
1858,13:15:21,6.88,--,29,19952,买盘
1859,13:15:12,6.88,-0.01,4,3027,卖盘
1860,13:15:09,6.89,0.01,31,21359,买盘
1861,13:15:06,6.88,--,1,688,卖盘
1862,13:15:03,6.88,--,14,10044,买盘
1863,13:15:00,6.88,0.01,3,2064,买盘
1864,13:14:57,6.87,-0.01,1,687,卖盘
1865,13:14:54,6.88,--,131,90128,买盘
1866,13:14:51,6.88,--,23,15824,买盘
1867,13:14:48,6.88,--,197,135536,买盘
1868,13:14:45,6.88,--,39,27107,卖盘
1869,13:14:39,6.88,-0.01,154,105952,卖盘
1870,13:14:36,6.89,0.01,4,2756,买盘
1871,13:14:33,6.88,--,1,688,卖盘
1872,13:14:30,6.88,-0.01,15,10320,卖盘
1873,13:14:27,6.89,--,27,18603,买盘
1874,13:14:24,6.89,0.01,62,42718,买盘
1875,13:14:21,6.88,--,21,14448,卖盘
1876,13:14:18,6.88,-0.01,64,44032,卖盘
1877,13:14:15,6.89,0.01,119,81991,买盘
1878,13:14:12,6.88,-0.01,13,8944,卖盘
1879,13:14:09,6.89,0.01,19,13091,买盘
1880,13:14:06,6.88,-0.01,230,158240,卖盘
1881,13:14:03,6.89,0.01,25,17225,买盘
1882,13:14:00,6.88,--,53,36464,卖盘
1883,13:13:57,6.88,-0.01,72,49536,卖盘
1884,13:13:54,6.89,--,40,27560,买盘
1885,13:13:51,6.89,--,20,13780,买盘
1886,13:13:48,6.89,0.01,518,356902,买盘
1887,13:13:45,6.88,--,480,330240,卖盘
1888,13:13:42,6.88,-0.01,334,229792,卖盘
1889,13:13:39,6.89,0.01,199,137111,买盘
1890,13:13:36,6.88,--,24,16512,卖盘
1891,13:13:33,6.88,-0.01,1,688,卖盘
1892,13:13:30,6.89,--,15,10335,买盘
1893,13:13:27,6.89,0.01,4,2756,买盘
1894,13:13:24,6.88,--,31,21328,卖盘
1895,13:13:21,6.88,-0.01,31,21328,卖盘
1896,13:13:18,6.89,--,22,15158,买盘
1897,13:13:15,6.89,0.01,8,5512,买盘
1898,13:13:12,6.88,--,275,189200,卖盘
1899,13:13:09,6.88,-0.01,8,5504,卖盘
1900,13:13:06,6.89,0.01,16,11024,买盘
1901,13:13:03,6.88,--,1,688,卖盘
1902,13:13:00,6.88,--,206,141728,卖盘
1903,13:12:57,6.88,-0.01,27,18576,卖盘
1904,13:12:54,6.89,0.01,99,68211,买盘
1905,13:12:51,6.88,-0.01,1,688,卖盘
1906,13:12:48,6.89,--,34,23426,买盘
1907,13:12:45,6.89,0.01,231,159159,买盘
1908,13:12:42,6.88,-0.01,303,208464,卖盘
1909,13:12:39,6.89,0.01,27,18603,买盘
1910,13:12:36,6.88,-0.01,77,52976,卖盘
1911,13:12:33,6.89,0.01,33,22737,买盘
1912,13:12:30,6.88,-0.01,2,1376,卖盘
1913,13:12:27,6.89,0.01,21,14469,买盘
1914,13:12:24,6.88,--,29,19952,卖盘
1915,13:12:21,6.88,--,1,688,卖盘
1916,13:12:18,6.88,-0.01,26,17888,卖盘
1917,13:12:15,6.89,0.01,34,23426,买盘
1918,13:12:12,6.88,--,4,2752,卖盘
1919,13:12:09,6.88,-0.01,8,5504,卖盘
1920,13:12:06,6.89,0.01,99,68211,买盘
1921,13:12:03,6.88,-0.01,105,72240,卖盘
1922,13:12:00,6.89,0.01,32,22048,买盘
1923,13:11:57,6.88,--,10,6880,卖盘
1924,13:11:54,6.88,-0.01,103,70864,卖盘
1925,13:11:51,6.89,--,38,26182,买盘
1926,13:11:48,6.89,0.01,99,68211,买盘
1927,13:11:45,6.88,-0.01,159,109392,卖盘
1928,13:11:42,6.89,0.01,548,377572,买盘
1929,13:11:39,6.88,-0.01,40,27520,卖盘
1930,13:11:36,6.89,0.01,4,2756,买盘
1931,13:11:33,6.88,--,25,17200,卖盘
1932,13:11:30,6.88,-0.01,1,688,卖盘
1933,13:11:27,6.89,0.01,31,21359,买盘
1934,13:11:24,6.88,--,37,25456,卖盘
1935,13:11:21,6.88,--,10,6880,卖盘
1936,13:11:18,6.88,--,21,14448,卖盘
1937,13:11:15,6.88,--,9,6192,卖盘
1938,13:11:12,6.88,-0.01,2,1376,卖盘
1939,13:11:09,6.89,0.01,21,14469,买盘
1940,13:11:06,6.88,-0.01,226,155488,卖盘
1941,13:11:03,6.89,0.01,4,2756,买盘
1942,13:11:00,6.88,-0.01,6,4678,卖盘
1943,13:10:57,6.89,--,31,21359,买盘
1944,13:10:54,6.89,--,21,14469,买盘
1945,13:10:51,6.89,--,141,97149,买盘
1946,13:10:48,6.89,0.01,233,160537,买盘
1947,13:10:45,6.88,-0.01,5,3440,卖盘
1948,13:10:42,6.89,0.01,63,43407,买盘
1949,13:10:39,6.88,-0.01,430,295840,卖盘
1950,13:10:36,6.89,--,23,15847,买盘
1951,13:10:33,6.89,--,41,28249,买盘
1952,13:10:30,6.89,--,297,204633,买盘
1953,13:10:27,6.89,0.01,99,68211,买盘
1954,13:10:24,6.88,-0.01,1,688,卖盘
1955,13:10:21,6.89,--,10,6890,买盘
1956,13:10:18,6.89,0.01,79,54982,买盘
1957,13:10:15,6.88,--,48,33024,卖盘
1958,13:10:12,6.88,--,38,26144,卖盘
1959,13:10:09,6.88,-0.01,5,3440,卖盘
1960,13:10:06,6.89,0.01,65,44785,买盘
1961,13:10:03,6.88,--,20,13760,卖盘
1962,13:10:00,6.88,-0.01,5,3440,卖盘
1963,13:09:57,6.89,0.01,153,105417,买盘
1964,13:09:54,6.88,-0.01,1,688,卖盘
1965,13:09:51,6.89,--,54,37206,买盘
1966,13:09:48,6.89,0.01,103,70967,买盘
1967,13:09:45,6.88,-0.01,32,22016,卖盘
1968,13:09:42,6.89,0.01,22,15158,买盘
1969,13:09:39,6.88,--,621,427248,卖盘
1970,13:09:36,6.88,--,1,688,卖盘
1971,13:09:33,6.88,-0.01,12,8256,卖盘
1972,13:09:30,6.89,0.01,26,17914,买盘
1973,13:09:27,6.88,-0.01,166,114208,卖盘
1974,13:09:24,6.89,0.01,31,21359,买盘
1975,13:09:21,6.88,-0.01,5,3440,卖盘
1976,13:09:18,6.89,--,66,45474,买盘
1977,13:09:15,6.89,--,71,48919,买盘
1978,13:09:12,6.89,--,10,6890,买盘
1979,13:09:09,6.89,0.01,28,19292,买盘
1980,13:09:06,6.88,--,6,4128,卖盘
1981,13:09:03,6.88,--,37,25456,卖盘
1982,13:09:00,6.88,-0.01,20,13760,卖盘
1983,13:08:57,6.89,0.01,22,15158,买盘
1984,13:08:54,6.88,-0.01,6,4128,卖盘
1985,13:08:51,6.89,--,80,55120,买盘
1986,13:08:48,6.89,0.01,26,17914,买盘
1987,13:08:42,6.88,--,96,66048,卖盘
1988,13:08:39,6.88,-0.01,535,368080,卖盘
1989,13:08:36,6.89,0.01,128,88192,买盘
1990,13:08:33,6.88,-0.01,4,2752,卖盘
1991,13:08:30,6.89,0.01,102,70278,买盘
1992,13:08:27,6.88,--,23,15824,卖盘
1993,13:08:21,6.88,-0.01,14,9632,卖盘
1994,13:08:18,6.89,--,22,15158,买盘
1995,13:08:15,6.89,0.01,5,3445,买盘
1996,13:08:12,6.88,--,21,14448,卖盘
1997,13:08:09,6.88,--,5,3440,卖盘
1998,13:08:06,6.88,-0.01,2,1376,卖盘
1999,13:08:03,6.89,0.01,56,38584,买盘
2000,13:08:00,6.88,--,32,22016,卖盘
2001,13:07:57,6.88,-0.01,101,69488,卖盘
2002,13:07:54,6.89,--,82,56498,买盘
2003,13:07:51,6.89,--,6,4134,买盘
2004,13:07:48,6.89,-0.01,54,37206,中性盘
2005,13:07:45,6.9,0.01,98,67620,买盘
2006,13:07:42,6.89,-0.01,4,2756,买盘
2007,13:07:39,6.9,0.01,233,160770,买盘
2008,13:07:36,6.89,-0.01,517,356881,卖盘
2009,13:07:33,6.9,--,38,26220,买盘
2010,13:07:30,6.9,0.01,24,16560,买盘
2011,13:07:27,6.89,--,6,4134,卖盘
2012,13:07:24,6.89,-0.01,110,75790,卖盘
2013,13:07:21,6.9,0.01,21,14490,买盘
2014,13:07:18,6.89,--,6,4134,卖盘
2015,13:07:15,6.89,--,1,689,卖盘
2016,13:07:12,6.89,--,53,36537,卖盘
2017,13:07:09,6.89,-0.01,42,28938,卖盘
2018,13:07:06,6.9,--,8,5520,买盘
2019,13:07:03,6.9,0.01,25,17250,买盘
2020,13:07:00,6.89,--,13,8957,卖盘
2021,13:06:57,6.89,--,60,41340,卖盘
2022,13:06:54,6.89,--,6,4134,卖盘
2023,13:06:51,6.89,--,113,77857,卖盘
2024,13:06:48,6.89,-0.01,23,15847,卖盘
2025,13:06:45,6.9,--,24,16560,买盘
2026,13:06:39,6.9,0.02,154,106260,买盘
2027,13:06:36,6.88,-0.01,298,205024,卖盘
2028,13:06:33,6.89,--,206,141934,卖盘
2029,13:06:30,6.89,--,63,43407,卖盘
2030,13:06:27,6.89,0.01,24,16536,卖盘
2031,13:06:24,6.88,--,24,16512,卖盘
2032,13:06:18,6.88,-0.02,5,3440,卖盘
2033,13:06:15,6.9,0.02,26,17940,买盘
2034,13:06:12,6.88,-0.02,4,2752,卖盘
2035,13:06:09,6.9,0.02,45,31050,买盘
2036,13:06:06,6.88,--,1,688,卖盘
2037,13:06:03,6.88,-0.02,1,688,卖盘
2038,13:06:00,6.9,--,5,3450,买盘
2039,13:05:57,6.9,--,21,14490,买盘
2040,13:05:54,6.9,0.01,90,62403,买盘
2041,13:05:51,6.89,-0.01,4,2756,卖盘
2042,13:05:48,6.9,0.01,119,82496,买盘
2043,13:05:45,6.89,0.01,30,20670,买盘
2044,13:05:42,6.88,-0.01,5,3440,卖盘
2045,13:05:39,6.89,--,115,79235,买盘
2046,13:05:36,6.89,--,7,4823,买盘
2047,13:05:33,6.89,--,340,234563,卖盘
2048,13:05:30,6.89,-0.01,31,21359,卖盘
2049,13:05:27,6.9,--,132,91080,买盘
2050,13:05:24,6.9,0.01,178,122820,买盘
2051,13:05:21,6.89,-0.01,131,90259,卖盘
2052,13:05:18,6.9,--,2,1380,买盘
2053,13:05:15,6.9,0.01,18,12420,买盘
2054,13:05:09,6.89,--,591,407199,卖盘
2055,13:05:06,6.89,-0.01,106,73034,卖盘
2056,13:05:03,6.9,0.01,9,6210,买盘
2057,13:05:00,6.89,--,33,22737,卖盘
2058,13:04:57,6.89,-0.01,1,689,卖盘
2059,13:04:54,6.9,--,74,51060,买盘
2060,13:04:51,6.9,--,6,4140,买盘
2061,13:04:48,6.9,--,14,9660,买盘
2062,13:04:45,6.9,0.01,60,41400,买盘
2063,13:04:42,6.89,-0.01,157,108173,卖盘
2064,13:04:39,6.9,0.01,45,31050,买盘
2065,13:04:36,6.89,-0.01,54,37206,卖盘
2066,13:04:33,6.9,--,241,166290,买盘
2067,13:04:30,6.9,--,29,20010,买盘
2068,13:04:27,6.9,--,13,8970,买盘
2069,13:04:24,6.9,0.01,6,4140,买盘
2070,13:04:21,6.89,--,130,89570,卖盘
2071,13:04:18,6.89,-0.01,3,2067,卖盘
2072,13:04:15,6.9,0.01,46,31740,买盘
2073,13:04:09,6.89,-0.01,24,16536,卖盘
2074,13:04:06,6.9,--,25,17250,买盘
2075,13:04:03,6.9,--,35,24150,买盘
2076,13:04:00,6.9,--,8,5520,买盘
2077,13:03:57,6.9,--,10,6900,买盘
2078,13:03:54,6.9,--,67,46230,买盘
2079,13:03:51,6.9,--,21,14490,买盘
2080,13:03:48,6.9,--,29,20010,买盘
2081,13:03:45,6.9,--,19,13110,买盘
2082,13:03:42,6.9,--,40,27600,买盘
2083,13:03:39,6.9,--,48,33120,买盘
2084,13:03:36,6.9,--,189,130410,买盘
2085,13:03:33,6.9,0.01,11,7590,买盘
2086,13:03:30,6.89,--,249,171561,卖盘
2087,13:03:27,6.89,-0.01,7,4823,卖盘
2088,13:03:24,6.9,--,32,22080,买盘
2089,13:03:21,6.9,--,14,9660,买盘
2090,13:03:18,6.9,--,41,28290,买盘
2091,13:03:15,6.9,--,6,4140,买盘
2092,13:03:12,6.9,0.01,9,6210,买盘
2093,13:03:09,6.89,-0.01,30,20670,卖盘
2094,13:03:06,6.9,--,11,7590,买盘
2095,13:03:03,6.9,0.01,35,24150,买盘
2096,13:03:00,6.89,-0.01,5,3445,卖盘
2097,13:02:57,6.9,0.01,39,26910,买盘
2098,13:02:54,6.89,-0.01,17,11713,卖盘
2099,13:02:51,6.9,--,9,6210,买盘
2100,13:02:48,6.9,--,61,42090,买盘
2101,13:02:45,6.9,--,21,14490,买盘
2102,13:02:42,6.9,--,36,24840,买盘
2103,13:02:39,6.9,--,107,73830,买盘
2104,13:02:36,6.9,--,130,89700,买盘
2105,13:02:33,6.9,--,243,167670,买盘
2106,13:02:30,6.9,0.01,51,35190,买盘
2107,13:02:27,6.89,-0.01,48,33072,卖盘
2108,13:02:24,6.9,0.01,16,11040,买盘
2109,13:02:21,6.89,-0.01,28,19292,卖盘
2110,13:02:18,6.9,--,91,62790,买盘
2111,13:02:15,6.9,--,212,146280,买盘
2112,13:02:12,6.9,--,12,8280,买盘
2113,13:02:09,6.9,--,81,55890,买盘
2114,13:02:06,6.9,--,51,35190,买盘
2115,13:02:03,6.9,0.01,83,57270,买盘
2116,13:02:00,6.89,-0.01,26,17914,卖盘
2117,13:01:57,6.9,--,15,10350,买盘
2118,13:01:54,6.9,--,35,24150,买盘
2119,13:01:51,6.9,--,21,14490,买盘
2120,13:01:48,6.9,0.01,49,33810,买盘
2121,13:01:45,6.89,-0.01,73,50297,卖盘
2122,13:01:42,6.9,0.01,11,7590,买盘
2123,13:01:39,6.89,-0.01,145,99905,卖盘
2124,13:01:36,6.9,--,221,152490,买盘
2125,13:01:33,6.9,--,15,10350,买盘
2126,13:01:30,6.9,0.01,238,164220,买盘
2127,13:01:27,6.89,-0.01,43,29627,卖盘
2128,13:01:24,6.9,--,30,20700,买盘
2129,13:01:21,6.9,--,26,17940,买盘
2130,13:01:18,6.9,--,11,7590,买盘
2131,13:01:15,6.9,--,12,8280,买盘
2132,13:01:12,6.9,--,40,27600,买盘
2133,13:01:09,6.9,--,33,22770,买盘
2134,13:01:06,6.9,--,26,17940,买盘
2135,13:01:03,6.9,--,18,12420,买盘
2136,13:01:00,6.9,--,48,33120,买盘
2137,13:00:57,6.9,--,32,22080,买盘
2138,13:00:54,6.9,--,20,13800,买盘
2139,13:00:51,6.9,--,9,6210,买盘
2140,13:00:48,6.9,--,60,41400,买盘
2141,13:00:45,6.9,--,16,11040,买盘
2142,13:00:42,6.9,--,17,11730,买盘
2143,13:00:39,6.9,0.01,63,43470,买盘
2144,13:00:36,6.89,-0.01,114,78546,卖盘
2145,13:00:33,6.9,--,14,9660,买盘
2146,13:00:30,6.9,--,39,26910,买盘
2147,13:00:27,6.9,--,240,165600,买盘
2148,13:00:24,6.9,0.01,15,10350,买盘
2149,13:00:21,6.89,--,248,171257,买盘
2150,13:00:18,6.89,--,611,420979,买盘
2151,13:00:15,6.89,--,24,16536,买盘
2152,13:00:12,6.89,--,27,18603,买盘
2153,13:00:09,6.89,--,114,78546,买盘
2154,13:00:06,6.89,--,713,491257,买盘
2155,13:00:03,6.89,--,1750,1205750,买盘
2156,13:00:00,6.89,--,20,13780,买盘
2157,11:30:00,6.89,--,24,16536,买盘
2158,11:29:57,6.89,0.01,52,35828,买盘
2159,11:29:54,6.88,-0.01,420,288960,卖盘
2160,11:29:51,6.89,--,124,85436,买盘
2161,11:29:48,6.89,--,217,149513,买盘
2162,11:29:45,6.89,--,654,450606,买盘
2163,11:29:42,6.89,--,18,12402,买盘
2164,11:29:39,6.89,--,145,99905,买盘
2165,11:29:36,6.89,--,324,223236,买盘
2166,11:29:33,6.89,--,503,346567,买盘
2167,11:29:30,6.89,--,72,49608,买盘
2168,11:29:27,6.89,--,831,572559,买盘
2169,11:29:24,6.89,--,6,4134,买盘
2170,11:29:21,6.89,--,14,9646,买盘
2171,11:29:18,6.89,--,274,188786,买盘
2172,11:29:15,6.89,--,12,8268,买盘
2173,11:29:12,6.89,--,36,24804,买盘
2174,11:29:09,6.89,--,548,377572,买盘
2175,11:29:06,6.89,--,487,335543,买盘
2176,11:29:03,6.89,0.01,7,4823,买盘
2177,11:29:00,6.88,-0.01,262,180256,卖盘
2178,11:28:57,6.89,0.01,29,19981,买盘
2179,11:28:54,6.88,-0.01,26,17888,卖盘
2180,11:28:51,6.89,--,463,319007,买盘
2181,11:28:48,6.89,--,6,4134,买盘
2182,11:28:45,6.89,--,427,294203,买盘
2183,11:28:42,6.89,--,22,15158,买盘
2184,11:28:39,6.89,--,9,6201,买盘
2185,11:28:36,6.89,--,14,9646,买盘
2186,11:28:33,6.89,--,10,6890,买盘
2187,11:28:30,6.89,--,123,84747,买盘
2188,11:28:27,6.89,--,227,156403,买盘
2189,11:28:24,6.89,0.01,39,26871,买盘
2190,11:28:21,6.88,--,4,2752,卖盘
2191,11:28:18,6.88,-0.01,8,5504,卖盘
2192,11:28:15,6.89,--,20,13780,买盘
2193,11:28:12,6.89,--,45,31005,买盘
2194,11:28:09,6.89,0.01,20,13780,买盘
2195,11:28:06,6.88,-0.01,66,45408,卖盘
2196,11:28:03,6.89,0.01,3,2067,买盘
2197,11:28:00,6.88,--,11,7568,卖盘
2198,11:27:57,6.88,--,25,17200,卖盘
2199,11:27:54,6.88,-0.01,30,20640,卖盘
2200,11:27:51,6.89,0.01,101,69589,买盘
2201,11:27:48,6.88,--,4,2752,卖盘
2202,11:27:42,6.88,--,26,17888,卖盘
2203,11:27:39,6.88,-0.01,9,6192,卖盘
2204,11:27:36,6.89,0.01,5,3445,买盘
2205,11:27:33,6.88,-0.01,167,114896,卖盘
2206,11:27:30,6.89,--,110,75790,买盘
2207,11:27:27,6.89,--,136,93704,买盘
2208,11:27:21,6.89,--,248,170872,买盘
2209,11:27:18,6.89,--,36,24804,买盘
2210,11:27:12,6.89,0.01,53,36517,买盘
2211,11:27:09,6.88,-0.01,86,59168,卖盘
2212,11:27:06,6.89,--,65,44785,买盘
2213,11:27:00,6.89,0.01,34,23426,买盘
2214,11:26:57,6.88,--,137,94256,卖盘
2215,11:26:54,6.88,--,101,69488,卖盘
2216,11:26:51,6.88,-0.01,538,370144,卖盘
2217,11:26:48,6.89,--,2,1378,买盘
2218,11:26:45,6.89,--,489,336921,买盘
2219,11:26:42,6.89,0.01,30,20670,买盘
2220,11:26:39,6.88,-0.01,7,4816,卖盘
2221,11:26:36,6.89,0.01,3,2067,买盘
2222,11:26:33,6.88,-0.01,53,36464,卖盘
2223,11:26:30,6.89,0.01,20,13780,买盘
2224,11:26:27,6.88,-0.01,124,85312,卖盘
2225,11:26:21,6.89,0.01,106,73034,买盘
2226,11:26:18,6.88,-0.01,231,158928,卖盘
2227,11:26:15,6.89,--,29,19981,买盘
2228,11:26:12,6.89,0.01,7,4823,买盘
2229,11:26:09,6.88,-0.01,67,46096,卖盘
2230,11:26:06,6.89,--,65,44785,买盘
2231,11:26:03,6.89,--,36,24804,买盘
2232,11:26:00,6.89,0.01,65,44785,买盘
2233,11:25:57,6.88,--,5,3440,卖盘
2234,11:25:54,6.88,-0.01,20,13760,卖盘
2235,11:25:51,6.89,0.01,52,35828,买盘
2236,11:25:48,6.88,-0.01,22,15136,卖盘
2237,11:25:45,6.89,--,26,17914,买盘
2238,11:25:42,6.89,--,1,689,买盘
2239,11:25:39,6.89,--,5,3445,买盘
2240,11:25:36,6.89,0.01,24,16536,买盘
2241,11:25:33,6.88,--,24,16512,卖盘
2242,11:25:30,6.88,-0.01,60,41280,卖盘
2243,11:25:27,6.89,--,263,181207,买盘
2244,11:25:24,6.89,--,108,74412,买盘
2245,11:25:21,6.89,--,220,151580,买盘
2246,11:25:18,6.89,0.01,25,17225,买盘
2247,11:25:15,6.88,--,22,15136,卖盘
2248,11:25:12,6.88,-0.01,59,40592,卖盘
2249,11:25:09,6.89,0.01,5,3445,买盘
2250,11:25:06,6.88,-0.01,4,2752,卖盘
2251,11:25:03,6.89,0.01,63,43407,买盘
2252,11:24:57,6.88,-0.01,1,688,卖盘
2253,11:24:54,6.89,--,23,15847,买盘
2254,11:24:51,6.89,0.01,133,91637,买盘
2255,11:24:48,6.88,--,24,16512,卖盘
2256,11:24:45,6.88,-0.01,24,16512,卖盘
2257,11:24:42,6.89,0.01,6,4134,买盘
2258,11:24:39,6.88,-0.01,23,15824,卖盘
2259,11:24:33,6.89,0.01,6,4134,买盘
2260,11:24:30,6.88,--,29,19952,卖盘
2261,11:24:27,6.88,--,175,120400,卖盘
2262,11:24:21,6.88,-0.01,15,10320,卖盘
2263,11:24:18,6.89,0.01,216,148824,买盘
2264,11:24:15,6.88,--,10,6880,卖盘
2265,11:24:12,6.88,-0.01,122,83936,卖盘
2266,11:24:09,6.89,0.01,93,64077,买盘
2267,11:24:06,6.88,-0.01,7,4816,卖盘
2268,11:24:03,6.89,0.01,1,689,买盘
2269,11:24:00,6.88,--,93,63984,卖盘
2270,11:23:57,6.88,--,17,11696,卖盘
2271,11:23:51,6.88,-0.01,25,17200,卖盘
2272,11:23:48,6.89,0.01,22,15158,买盘
2273,11:23:45,6.88,-0.01,3,2064,卖盘
2274,11:23:42,6.89,0.01,22,15158,买盘
2275,11:23:39,6.88,-0.01,2,1376,卖盘
2276,11:23:36,6.89,0.01,6,4134,买盘
2277,11:23:33,6.88,-0.01,45,30960,卖盘
2278,11:23:30,6.89,--,22,15158,买盘
2279,11:23:27,6.89,0.01,34,23426,买盘
2280,11:23:24,6.88,-0.01,112,77056,卖盘
2281,11:23:21,6.89,0.01,225,155025,买盘
2282,11:23:15,6.88,--,43,29584,卖盘
2283,11:23:12,6.88,--,54,37152,卖盘
2284,11:23:09,6.88,-0.01,6,4128,卖盘
2285,11:23:06,6.89,0.01,43,29627,买盘
2286,11:23:03,6.88,-0.01,1549,1065712,卖盘
2287,11:23:00,6.89,--,82,56498,买盘
2288,11:22:57,6.89,--,630,434070,买盘
2289,11:22:54,6.89,--,55,37895,买盘
2290,11:22:51,6.89,0.01,152,104728,买盘
2291,11:22:45,6.88,-0.01,132,90816,中性盘
2292,11:22:42,6.89,--,24,16536,买盘
2293,11:22:39,6.89,--,69,47844,买盘
2294,11:22:36,6.89,0.01,2,1378,买盘
2295,11:22:33,6.88,--,1136,781953,买盘
2296,11:22:30,6.88,0.01,3,2064,买盘
2297,11:22:27,6.87,-0.01,34,23358,卖盘
2298,11:22:24,6.88,--,837,575856,买盘
2299,11:22:21,6.88,--,818,562784,买盘
2300,11:22:18,6.88,--,269,185072,买盘
2301,11:22:15,6.88,0.01,19,13072,买盘
2302,11:22:12,6.87,-0.01,2,1374,卖盘
2303,11:22:09,6.88,--,3,2064,买盘
2304,11:22:06,6.88,--,1188,817344,买盘
2305,11:22:03,6.88,0.01,142,97696,买盘
2306,11:22:00,6.87,-0.01,589,404643,卖盘
2307,11:21:57,6.88,--,74,50912,买盘
2308,11:21:54,6.88,0.01,19,13072,买盘
2309,11:21:51,6.87,--,31,21297,卖盘
2310,11:21:48,6.87,-0.01,30,20610,卖盘
2311,11:21:45,6.88,--,73,50224,买盘
2312,11:21:42,6.88,--,38,26144,买盘
2313,11:21:36,6.88,--,4,2752,买盘
2314,11:21:33,6.88,--,2,1376,买盘
2315,11:21:30,6.88,--,222,152736,买盘
2316,11:21:27,6.88,--,12,8256,买盘
2317,11:21:24,6.88,0.01,3,2064,买盘
2318,11:21:21,6.87,-0.01,129,88623,卖盘
2319,11:21:18,6.88,--,21,14448,买盘
2320,11:21:15,6.88,--,1433,985904,买盘
2321,11:21:12,6.88,--,3,2064,买盘
2322,11:21:09,6.88,--,46,31648,买盘
2323,11:21:06,6.88,--,892,613696,买盘
2324,11:21:03,6.88,--,52,35776,买盘
2325,11:21:00,6.88,0.01,21,14448,买盘
2326,11:20:57,6.87,--,863,592881,卖盘
2327,11:20:54,6.87,--,17,11679,卖盘
2328,11:20:51,6.87,-0.01,32,21984,卖盘
2329,11:20:48,6.88,--,141,97008,买盘
2330,11:20:45,6.88,--,392,269696,买盘
2331,11:20:42,6.88,--,39,26832,买盘
2332,11:20:39,6.88,0.01,12,8256,买盘
2333,11:20:36,6.87,-0.01,23,15801,卖盘
2334,11:20:30,6.88,0.01,30,20640,买盘
2335,11:20:27,6.87,-0.01,16,10992,卖盘
2336,11:20:24,6.88,--,19,13072,买盘
2337,11:20:21,6.88,--,4,2752,买盘
2338,11:20:18,6.88,--,223,153424,买盘
2339,11:20:15,6.88,--,54,37152,买盘
2340,11:20:12,6.88,0.01,236,162368,买盘
2341,11:20:09,6.87,--,75,51525,卖盘
2342,11:20:06,6.87,--,6,4122,卖盘
2343,11:20:03,6.87,-0.01,66,46022,卖盘
2344,11:19:57,6.88,0.01,22,15136,买盘
2345,11:19:54,6.87,--,92,63204,卖盘
2346,11:19:51,6.87,--,1,687,卖盘
2347,11:19:48,6.87,-0.01,50,34350,卖盘
2348,11:19:45,6.88,--,29,19952,买盘
2349,11:19:42,6.88,--,1,688,买盘
2350,11:19:39,6.88,--,35,24080,买盘
2351,11:19:36,6.88,--,21,14448,买盘
2352,11:19:33,6.88,--,3,2064,买盘
2353,11:19:30,6.88,--,21,14448,买盘
2354,11:19:27,6.88,--,23,15824,买盘
2355,11:19:24,6.88,--,6,4128,买盘
2356,11:19:21,6.88,--,2,1376,买盘
2357,11:19:18,6.88,--,145,99760,买盘
2358,11:19:12,6.88,--,245,168560,买盘
2359,11:19:03,6.88,--,4,2752,买盘
2360,11:19:00,6.88,0.01,63,43344,买盘
2361,11:18:57,6.87,--,1,687,卖盘
2362,11:18:54,6.87,--,27,18549,卖盘
2363,11:18:51,6.87,-0.01,70,48090,卖盘
2364,11:18:48,6.88,0.01,110,75680,买盘
2365,11:18:45,6.87,--,14,9618,卖盘
2366,11:18:42,6.87,-0.01,67,46029,卖盘
2367,11:18:39,6.88,0.01,44,30272,买盘
2368,11:18:33,6.87,-0.01,6,4122,卖盘
2369,11:18:30,6.88,--,25,17200,买盘
2370,11:18:27,6.88,--,25,17200,买盘
2371,11:18:24,6.88,0.01,1,688,买盘
2372,11:18:21,6.87,--,57,39159,卖盘
2373,11:18:18,6.87,--,14,9618,卖盘
2374,11:18:15,6.87,-0.01,106,72822,卖盘
2375,11:18:12,6.88,0.01,243,167184,买盘
2376,11:18:09,6.87,-0.01,1,687,卖盘
2377,11:18:06,6.88,--,14,9632,买盘
2378,11:18:03,6.88,0.01,19,13072,买盘
2379,11:18:00,6.87,--,105,72135,卖盘
2380,11:17:57,6.87,-0.01,58,39846,卖盘
2381,11:17:54,6.88,0.01,31,21328,买盘
2382,11:17:51,6.87,-0.01,63,43281,卖盘
2383,11:17:45,6.88,0.01,24,16512,买盘
2384,11:17:42,6.87,0.01,50,34350,买盘
2385,11:17:39,6.86,-0.02,10,6860,卖盘
2386,11:17:36,6.88,--,131,90128,买盘
2387,11:17:33,6.88,0.01,32,22016,买盘
2388,11:17:27,6.87,--,6,4122,买盘
2389,11:17:24,6.87,--,130,89310,卖盘
2390,11:17:21,6.87,--,28,19236,卖盘
2391,11:17:18,6.87,-0.01,11,7557,卖盘
2392,11:17:15,6.88,0.01,115,79120,买盘
2393,11:17:12,6.87,-0.01,7,4809,买盘
2394,11:17:09,6.88,--,215,147920,买盘
2395,11:17:03,6.88,0.02,18,12384,买盘
2396,11:17:00,6.86,-0.02,14,9604,卖盘
2397,11:16:57,6.88,0.02,44,30272,买盘
2398,11:16:54,6.86,--,23,15778,卖盘
2399,11:16:51,6.86,-0.01,95,65170,卖盘
2400,11:16:48,6.87,--,138,94806,买盘
2401,11:16:45,6.87,--,30,20610,买盘
2402,11:16:42,6.87,0.01,101,69387,买盘
2403,11:16:39,6.86,-0.01,25,17150,卖盘
2404,11:16:36,6.87,--,54,37098,卖盘
2405,11:16:33,6.87,--,7,4809,卖盘
2406,11:16:30,6.87,-0.01,4,2748,卖盘
2407,11:16:27,6.88,0.02,29,19952,买盘
2408,11:16:24,6.86,-0.01,21,14406,卖盘
2409,11:16:21,6.87,--,4,2748,买盘
2410,11:16:18,6.87,-0.01,5,3435,卖盘
2411,11:16:15,6.88,--,168,115584,买盘
2412,11:16:09,6.88,0.01,351,241488,买盘
2413,11:16:06,6.87,-0.01,52,35724,卖盘
2414,11:16:03,6.88,--,1,688,买盘
2415,11:15:54,6.88,0.02,53,36464,买盘
2416,11:15:51,6.86,-0.01,88,60368,卖盘
2417,11:15:48,6.87,--,90,61830,买盘
2418,11:15:45,6.87,-0.01,117,80379,卖盘
2419,11:15:42,6.88,0.01,31,21328,买盘
2420,11:15:39,6.87,--,20,13740,卖盘
2421,11:15:36,6.87,--,3,2061,卖盘
2422,11:15:33,6.87,-0.01,23,15801,卖盘
2423,11:15:30,6.88,--,12,8256,买盘
2424,11:15:27,6.88,0.01,114,78432,买盘
2425,11:15:24,6.87,-0.01,41,28167,卖盘
2426,11:15:21,6.88,0.01,30,20640,买盘
2427,11:15:18,6.87,-0.01,2,1374,卖盘
2428,11:15:15,6.88,--,20,13760,买盘
2429,11:15:12,6.88,--,34,23392,买盘
2430,11:15:09,6.88,0.02,117,80496,买盘
2431,11:15:06,6.86,-0.01,307,210602,卖盘
2432,11:15:03,6.87,0.01,720,494640,买盘
2433,11:15:00,6.86,-0.01,163,111818,卖盘
2434,11:14:57,6.87,--,3,2061,买盘
2435,11:14:54,6.87,--,165,113355,买盘
2436,11:14:51,6.87,--,47,32289,买盘
2437,11:14:48,6.87,--,187,128469,买盘
2438,11:14:45,6.87,--,470,322890,买盘
2439,11:14:42,6.87,--,1,687,买盘
2440,11:14:39,6.87,--,50,34350,买盘
2441,11:14:36,6.87,0.01,27,18549,买盘
2442,11:14:33,6.86,--,120,82320,卖盘
2443,11:14:30,6.86,-0.01,21,14406,卖盘
2444,11:14:27,6.87,--,95,65265,买盘
2445,11:14:24,6.87,0.01,3,2061,买盘
2446,11:14:21,6.86,-0.01,24,16464,卖盘
2447,11:14:18,6.87,--,127,87249,买盘
2448,11:14:15,6.87,0.01,3,2061,买盘
2449,11:14:12,6.86,-0.01,98,67228,卖盘
2450,11:14:06,6.87,--,706,485022,买盘
2451,11:14:03,6.87,--,35,24045,买盘
2452,11:14:00,6.87,0.01,48,32976,买盘
2453,11:13:57,6.86,--,3,2058,卖盘
2454,11:13:51,6.86,--,25,17150,卖盘
2455,11:13:48,6.86,--,65,44590,卖盘
2456,11:13:42,6.86,-0.01,10,6860,卖盘
2457,11:13:39,6.87,0.01,19,13053,买盘
2458,11:13:36,6.86,--,21,14406,卖盘
2459,11:13:33,6.86,-0.01,14,9604,卖盘
2460,11:13:30,6.87,--,4,2748,买盘
2461,11:13:27,6.87,--,65,44655,买盘
2462,11:13:24,6.87,--,30,20610,买盘
2463,11:13:21,6.87,0.01,3,2061,买盘
2464,11:13:18,6.86,-0.01,6,4116,卖盘
2465,11:13:15,6.87,--,24,16488,买盘
2466,11:13:12,6.87,--,5,3435,买盘
2467,11:13:09,6.87,--,259,177933,买盘
2468,11:13:06,6.87,0.01,301,206787,买盘
2469,11:13:03,6.86,-0.01,13,8918,卖盘
2470,11:13:00,6.87,--,188,129156,买盘
2471,11:12:57,6.87,--,100,68700,买盘
2472,11:12:54,6.87,--,54,37098,买盘
2473,11:12:51,6.87,--,21,14427,买盘
2474,11:12:48,6.87,0.01,153,105111,买盘
2475,11:12:45,6.86,-0.01,66,45276,卖盘
2476,11:12:42,6.87,--,2,1374,买盘
2477,11:12:36,6.87,--,180,123660,买盘
2478,11:12:33,6.87,--,24,16488,买盘
2479,11:12:27,6.87,--,212,145644,买盘
2480,11:12:24,6.87,--,17,11679,买盘
2481,11:12:21,6.87,--,3,2061,买盘
2482,11:12:18,6.87,--,34,23358,买盘
2483,11:12:15,6.87,--,19,13053,买盘
2484,11:12:12,6.87,0.01,3,2061,买盘
2485,11:12:09,6.86,-0.01,13,8918,卖盘
2486,11:12:06,6.87,--,94,64578,买盘
2487,11:12:03,6.87,--,229,157323,买盘
2488,11:12:00,6.87,--,26,17862,买盘
2489,11:11:57,6.87,--,98,67326,买盘
2490,11:11:54,6.87,0.01,212,145644,买盘
2491,11:11:51,6.86,--,49,33614,卖盘
2492,11:11:48,6.86,--,50,34300,卖盘
2493,11:11:45,6.86,--,65,44590,卖盘
2494,11:11:42,6.86,-0.01,21,14406,卖盘
2495,11:11:39,6.87,0.01,22,15114,买盘
2496,11:11:33,6.86,-0.01,20,13720,卖盘
2497,11:11:30,6.87,--,107,73509,买盘
2498,11:11:27,6.87,0.01,66,45342,买盘
2499,11:11:24,6.86,-0.01,21,14406,卖盘
2500,11:11:21,6.87,--,1,687,买盘
2501,11:11:18,6.87,--,7,4809,买盘
2502,11:11:15,6.87,0.01,22,15114,买盘
2503,11:11:09,6.86,-0.01,110,75460,卖盘
2504,11:11:06,6.87,--,129,88623,买盘
2505,11:11:03,6.87,--,2,1374,买盘
2506,11:11:00,6.87,--,246,169002,买盘
2507,11:10:57,6.87,0.01,19,13053,买盘
2508,11:10:54,6.86,--,36,24696,卖盘
2509,11:10:51,6.86,-0.01,1,686,卖盘
2510,11:10:48,6.87,--,593,407391,买盘
2511,11:10:45,6.87,--,192,131904,买盘
2512,11:10:42,6.87,--,7,4809,买盘
2513,11:10:39,6.87,0.01,86,59082,买盘
2514,11:10:36,6.86,--,104,71344,卖盘
2515,11:10:33,6.86,--,27,18522,卖盘
2516,11:10:30,6.86,--,40,27440,卖盘
2517,11:10:24,6.86,-0.01,21,14406,卖盘
2518,11:10:21,6.87,0.01,25,17175,买盘
2519,11:10:18,6.86,-0.01,76,52136,卖盘
2520,11:10:15,6.87,0.01,20,13740,买盘
2521,11:10:12,6.86,--,16,10976,卖盘
2522,11:10:09,6.86,--,18,12348,卖盘
2523,11:10:03,6.86,--,151,103586,卖盘
2524,11:10:00,6.86,-0.01,211,144746,卖盘
2525,11:09:57,6.87,0.01,1,687,买盘
2526,11:09:51,6.86,-0.01,1,686,卖盘
2527,11:09:48,6.87,--,16,10992,买盘
2528,11:09:45,6.87,--,24,16488,买盘
2529,11:09:42,6.87,0.01,45,30915,买盘
2530,11:09:39,6.86,-0.01,179,122794,卖盘
2531,11:09:36,6.87,--,50,34350,买盘
2532,11:09:33,6.87,0.01,1,687,买盘
2533,11:09:30,6.86,--,10,6860,卖盘
2534,11:09:27,6.86,-0.01,24,16464,卖盘
2535,11:09:24,6.87,--,39,26793,买盘
2536,11:09:21,6.87,--,19,13053,买盘
2537,11:09:18,6.87,0.01,7,4809,买盘
2538,11:09:15,6.86,-0.01,89,61054,卖盘
2539,11:09:12,6.87,--,9,6183,买盘
2540,11:09:09,6.87,--,23,15801,买盘
2541,11:09:06,6.87,0.01,103,70761,买盘
2542,11:09:03,6.86,--,137,93982,卖盘
2543,11:08:57,6.86,--,236,161896,卖盘
2544,11:08:54,6.86,--,13,8918,卖盘
2545,11:08:51,6.86,--,1,686,卖盘
2546,11:08:48,6.86,-0.01,85,58310,卖盘
2547,11:08:45,6.87,0.01,183,125721,买盘
2548,11:08:42,6.86,--,204,139944,卖盘
2549,11:08:39,6.86,--,83,56938,卖盘
2550,11:08:33,6.86,-0.01,10,6860,卖盘
2551,11:08:30,6.87,0.01,3,2061,买盘
2552,11:08:27,6.86,--,1,686,卖盘
2553,11:08:24,6.86,-0.01,26,17836,卖盘
2554,11:08:21,6.87,0.01,21,14427,买盘
2555,11:08:18,6.86,-0.01,21,14406,卖盘
2556,11:08:15,6.87,0.01,30,20610,买盘
2557,11:08:12,6.86,-0.01,551,377986,卖盘
2558,11:08:09,6.87,0.01,34,23358,买盘
2559,11:08:06,6.86,--,77,52822,卖盘
2560,11:08:03,6.86,-0.01,216,148176,卖盘
2561,11:08:00,6.87,--,20,13740,买盘
2562,11:07:57,6.87,0.01,219,150453,买盘
2563,11:07:54,6.86,--,1,686,卖盘
2564,11:07:51,6.86,-0.01,55,37730,卖盘
2565,11:07:48,6.87,--,3,2061,买盘
2566,11:07:45,6.87,--,208,142896,买盘
2567,11:07:42,6.87,0.01,18,12366,买盘
2568,11:07:39,6.86,--,59,40474,卖盘
2569,11:07:36,6.86,-0.01,69,47334,卖盘
2570,11:07:33,6.87,0.01,72,49464,买盘
2571,11:07:30,6.86,-0.01,20,13720,卖盘
2572,11:07:27,6.87,--,2,1374,买盘
2573,11:07:24,6.87,0.01,41,28167,买盘
2574,11:07:21,6.86,--,75,51450,卖盘
2575,11:07:18,6.86,--,27,18522,卖盘
2576,11:07:15,6.86,--,33,22638,卖盘
2577,11:07:12,6.86,--,4,2744,卖盘
2578,11:07:09,6.86,--,387,265482,卖盘
2579,11:07:06,6.86,--,18,12348,卖盘
2580,11:07:03,6.86,-0.01,16,10976,卖盘
2581,11:07:00,6.87,--,121,83127,买盘
2582,11:06:57,6.87,--,46,31602,买盘
2583,11:06:54,6.87,0.01,220,151140,买盘
2584,11:06:51,6.86,--,202,138572,卖盘
2585,11:06:48,6.86,-0.01,9,6174,卖盘
2586,11:06:45,6.87,--,121,83127,买盘
2587,11:06:42,6.87,--,2,1374,买盘
2588,11:06:39,6.87,0.01,152,104424,买盘
2589,11:06:33,6.86,--,233,159838,卖盘
2590,11:06:27,6.86,--,1,686,卖盘
2591,11:06:24,6.86,--,42,28812,卖盘
2592,11:06:21,6.86,--,22,15092,卖盘
2593,11:06:18,6.86,-0.01,20,13720,卖盘
2594,11:06:15,6.87,0.01,6,4122,买盘
2595,11:06:12,6.86,--,2,1372,卖盘
2596,11:06:09,6.86,--,20,13720,卖盘
2597,11:06:06,6.86,--,36,24696,卖盘
2598,11:06:03,6.86,--,39,26754,卖盘
2599,11:06:00,6.86,--,18,12348,卖盘
2600,11:05:57,6.86,--,112,76832,卖盘
2601,11:05:54,6.86,--,207,142002,卖盘
2602,11:05:51,6.86,-0.01,5,3430,卖盘
2603,11:05:45,6.87,--,20,13740,买盘
2604,11:05:42,6.87,0.01,55,37785,买盘
2605,11:05:39,6.86,--,54,37044,卖盘
2606,11:05:36,6.86,-0.01,1,686,卖盘
2607,11:05:33,6.87,0.01,83,57021,买盘
2608,11:05:30,6.86,-0.01,410,281260,卖盘
2609,11:05:24,6.87,--,19,13053,买盘
2610,11:05:21,6.87,0.01,135,92745,买盘
2611,11:05:18,6.86,-0.01,21,14406,卖盘
2612,11:05:15,6.87,--,76,52212,买盘
2613,11:05:12,6.87,0.01,27,18549,买盘
2614,11:05:09,6.86,-0.01,89,61054,卖盘
2615,11:05:06,6.87,--,3,2061,买盘
2616,11:05:03,6.87,0.01,78,53586,买盘
2617,11:05:00,6.86,--,82,56252,卖盘
2618,11:04:57,6.86,-0.01,139,95354,卖盘
2619,11:04:54,6.87,--,248,170376,买盘
2620,11:04:48,6.87,--,65,44655,买盘
2621,11:04:45,6.87,0.01,110,75570,买盘
2622,11:04:42,6.86,--,43,29498,卖盘
2623,11:04:39,6.86,-0.01,48,32928,卖盘
2624,11:04:33,6.87,--,63,43281,买盘
2625,11:04:30,6.87,0.01,22,15114,买盘
2626,11:04:27,6.86,--,101,69286,卖盘
2627,11:04:24,6.86,-0.01,19,13034,卖盘
2628,11:04:21,6.87,--,22,15114,买盘
2629,11:04:18,6.87,0.01,210,144270,买盘
2630,11:04:15,6.86,--,82,56252,卖盘
2631,11:04:12,6.86,-0.01,5,3430,卖盘
2632,11:04:09,6.87,--,19,13053,买盘
2633,11:04:06,6.87,--,8,5496,买盘
2634,11:04:03,6.87,0.01,2,1374,买盘
2635,11:04:00,6.86,-0.01,4,2744,卖盘
2636,11:03:57,6.87,0.01,47,32289,买盘
2637,11:03:54,6.86,--,133,91238,卖盘
2638,11:03:51,6.86,-0.01,231,158466,卖盘
2639,11:03:45,6.87,--,1,687,买盘
2640,11:03:42,6.87,0.01,101,69387,买盘
2641,11:03:39,6.86,--,44,30184,卖盘
2642,11:03:36,6.86,-0.01,2358,1617588,卖盘
2643,11:03:33,6.87,--,6,4122,卖盘
2644,11:03:30,6.87,-0.01,3,2061,卖盘
2645,11:03:27,6.88,--,152,104576,买盘
2646,11:03:24,6.88,--,6,4128,买盘
2647,11:03:21,6.88,0.01,252,173376,买盘
2648,11:03:18,6.87,--,38,26106,卖盘
2649,11:03:15,6.87,--,5,3435,卖盘
2650,11:03:12,6.87,-0.01,26,17862,卖盘
2651,11:03:09,6.88,0.01,35,24080,买盘
2652,11:03:06,6.87,-0.01,10,6870,卖盘
2653,11:03:03,6.88,--,26,17888,买盘
2654,11:02:57,6.88,0.01,363,249744,买盘
2655,11:02:54,6.87,-0.01,34,23358,卖盘
2656,11:02:51,6.88,0.01,149,102512,买盘
2657,11:02:48,6.87,--,224,153888,卖盘
2658,11:02:45,6.87,-0.01,11,7557,卖盘
2659,11:02:42,6.88,--,145,99760,买盘
2660,11:02:39,6.88,0.01,44,30272,买盘
2661,11:02:36,6.87,--,7,4809,卖盘
2662,11:02:33,6.87,-0.01,64,43968,卖盘
2663,11:02:30,6.88,0.01,82,56416,买盘
2664,11:02:24,6.87,-0.01,2,1374,卖盘
2665,11:02:21,6.88,--,5,3440,买盘
2666,11:02:18,6.88,0.01,22,15136,买盘
2667,11:02:15,6.87,--,35,24045,卖盘
2668,11:02:12,6.87,--,20,13740,卖盘
2669,11:02:09,6.87,-0.01,55,37785,卖盘
2670,11:02:06,6.88,0.01,3,2064,买盘
2671,11:02:03,6.87,--,32,21984,卖盘
2672,11:02:00,6.87,-0.01,72,49464,卖盘
2673,11:01:57,6.88,--,42,28896,买盘
2674,11:01:54,6.88,--,38,26144,买盘
2675,11:01:51,6.88,0.01,116,79808,买盘
2676,11:01:48,6.87,--,207,142209,卖盘
2677,11:01:45,6.87,--,4,2748,卖盘
2678,11:01:42,6.87,-0.01,25,17175,卖盘
2679,11:01:39,6.88,0.01,62,42656,买盘
2680,11:01:33,6.87,-0.01,8,5496,卖盘
2681,11:01:27,6.88,--,22,15136,买盘
2682,11:01:24,6.88,--,70,48160,买盘
2683,11:01:21,6.88,--,22,15136,买盘
2684,11:01:18,6.88,0.01,12,8256,买盘
2685,11:01:12,6.87,--,28,19236,卖盘
2686,11:01:09,6.87,--,21,14427,卖盘
2687,11:01:06,6.87,-0.01,44,30228,卖盘
2688,11:01:03,6.88,0.01,68,46784,买盘
2689,11:01:00,6.87,--,248,170376,卖盘
2690,11:00:57,6.87,--,24,16488,卖盘
2691,11:00:54,6.87,--,252,173124,卖盘
2692,11:00:51,6.87,-0.01,5,3435,卖盘
2693,11:00:48,6.88,--,25,17200,买盘
2694,11:00:45,6.88,--,221,152048,买盘
2695,11:00:42,6.88,--,205,141040,买盘
2696,11:00:39,6.88,0.01,91,62608,买盘
2697,11:00:36,6.87,--,21,14427,卖盘
2698,11:00:33,6.87,-0.01,50,34350,卖盘
2699,11:00:30,6.88,--,11,7568,买盘
2700,11:00:27,6.88,0.01,81,55728,买盘
2701,11:00:24,6.87,-0.01,5,3435,卖盘
2702,11:00:21,6.88,0.01,129,88752,买盘
2703,11:00:18,6.87,--,8,5496,卖盘
2704,11:00:15,6.87,-0.01,5,3435,卖盘
2705,11:00:12,6.88,--,122,83936,买盘
2706,11:00:09,6.88,0.01,2,1376,买盘
2707,11:00:06,6.87,-0.01,39,26793,卖盘
2708,11:00:03,6.88,0.01,1,688,买盘
2709,11:00:00,6.87,-0.01,55,37785,卖盘
2710,10:59:57,6.88,--,3,2064,买盘
2711,10:59:54,6.88,0.01,29,19952,买盘
2712,10:59:51,6.87,--,123,84501,卖盘
2713,10:59:48,6.87,--,16,10992,卖盘
2714,10:59:45,6.87,--,216,148392,卖盘
2715,10:59:42,6.87,-0.01,70,48090,卖盘
2716,10:59:39,6.88,0.01,19,13072,买盘
2717,10:59:36,6.87,-0.01,112,76944,卖盘
2718,10:59:33,6.88,--,100,68800,买盘
2719,10:59:30,6.88,0.01,21,14448,买盘
2720,10:59:27,6.87,--,61,41907,卖盘
2721,10:59:24,6.87,--,4,2748,卖盘
2722,10:59:21,6.87,-0.01,26,17862,卖盘
2723,10:59:18,6.88,--,8,5504,买盘
2724,10:59:15,6.88,0.01,26,17888,买盘
2725,10:59:09,6.87,--,48,32976,卖盘
2726,10:59:06,6.87,--,5,3435,卖盘
2727,10:59:03,6.87,-0.01,27,18549,卖盘
2728,10:58:57,6.88,--,46,31648,买盘
2729,10:58:54,6.88,0.01,23,15824,买盘
2730,10:58:51,6.87,-0.01,131,89997,卖盘
2731,10:58:48,6.88,--,59,40592,买盘
2732,10:58:42,6.88,--,325,223600,买盘
2733,10:58:36,6.88,--,29,19952,买盘
2734,10:58:33,6.88,0.01,38,26144,买盘
2735,10:58:30,6.87,-0.01,17,11679,卖盘
2736,10:58:24,6.88,0.01,82,56416,买盘
2737,10:58:21,6.87,-0.01,4,2748,卖盘
2738,10:58:18,6.88,0.01,2,1376,买盘
2739,10:58:15,6.87,--,39,26793,卖盘
2740,10:58:12,6.87,--,25,17175,卖盘
2741,10:58:09,6.87,-0.01,25,17175,卖盘
2742,10:58:06,6.88,0.01,2,1376,买盘
2743,10:58:03,6.87,--,39,26793,卖盘
2744,10:58:00,6.87,-0.01,23,15801,卖盘
2745,10:57:57,6.88,--,1,688,买盘
2746,10:57:54,6.88,0.01,23,15824,买盘
2747,10:57:51,6.87,-0.01,31,21297,卖盘
2748,10:57:45,6.88,0.01,317,218096,买盘
2749,10:57:42,6.87,-0.01,4,2748,卖盘
2750,10:57:39,6.88,0.01,34,23392,买盘
2751,10:57:36,6.87,-0.01,28,19236,卖盘
2752,10:57:30,6.88,0.01,19,13072,买盘
2753,10:57:27,6.87,-0.01,4,2748,卖盘
2754,10:57:21,6.88,0.01,103,70864,买盘
2755,10:57:18,6.87,-0.01,3,2061,卖盘
2756,10:57:15,6.88,--,60,41280,买盘
2757,10:57:09,6.88,0.01,4,2752,买盘
2758,10:57:06,6.87,-0.01,43,29541,卖盘
2759,10:57:03,6.88,0.01,17,11696,买盘
2760,10:57:00,6.87,-0.01,26,17862,卖盘
2761,10:56:57,6.88,--,223,153424,买盘
2762,10:56:54,6.88,0.01,19,13072,买盘
2763,10:56:51,6.87,--,3,2061,卖盘
2764,10:56:48,6.87,--,93,63891,卖盘
2765,10:56:45,6.87,-0.01,173,118851,卖盘
2766,10:56:42,6.88,--,429,295152,买盘
2767,10:56:39,6.88,0.01,235,161680,买盘
2768,10:56:36,6.87,-0.01,36,24732,卖盘
2769,10:56:33,6.88,0.01,151,103888,买盘
2770,10:56:30,6.87,-0.01,8,5496,卖盘
2771,10:56:27,6.88,--,2,1376,买盘
2772,10:56:21,6.88,0.01,20,13760,买盘
2773,10:56:18,6.87,-0.01,10,6870,卖盘
2774,10:56:12,6.88,0.01,19,13072,买盘
2775,10:56:09,6.87,--,4,2748,卖盘
2776,10:56:06,6.87,-0.01,21,14427,卖盘
2777,10:56:03,6.88,--,37,25456,买盘
2778,10:56:00,6.88,0.01,17,11696,买盘
2779,10:55:57,6.87,--,36,24732,卖盘
2780,10:55:54,6.87,-0.01,17,11679,卖盘
2781,10:55:51,6.88,--,10,6880,买盘
2782,10:55:48,6.88,0.01,243,167184,买盘
2783,10:55:45,6.87,-0.01,5,3435,卖盘
2784,10:55:42,6.88,0.01,104,71552,买盘
2785,10:55:39,6.87,-0.01,217,149079,卖盘
2786,10:55:36,6.88,0.01,55,37840,买盘
2787,10:55:33,6.87,--,105,72135,卖盘
2788,10:55:30,6.87,--,12,8244,卖盘
2789,10:55:27,6.87,-0.01,120,82440,卖盘
2790,10:55:21,6.88,--,214,147232,买盘
2791,10:55:18,6.88,--,130,89440,买盘
2792,10:55:15,6.88,0.01,12,8256,买盘
2793,10:55:12,6.87,--,230,158010,卖盘
2794,10:55:06,6.87,--,23,15801,卖盘
2795,10:55:03,6.87,--,116,79692,卖盘
2796,10:55:00,6.87,-0.01,5,3435,卖盘
2797,10:54:57,6.88,--,32,22016,买盘
2798,10:54:54,6.88,--,110,75680,买盘
2799,10:54:51,6.88,0.01,82,56416,买盘
2800,10:54:48,6.87,-0.01,5,3435,卖盘
2801,10:54:42,6.88,--,244,167872,买盘
2802,10:54:39,6.88,--,220,151360,买盘
2803,10:54:36,6.88,0.01,147,101136,买盘
2804,10:54:33,6.87,--,22,15114,卖盘
2805,10:54:30,6.87,--,7,4809,卖盘
2806,10:54:27,6.87,-0.01,6,4122,卖盘
2807,10:54:24,6.88,0.01,111,76368,买盘
2808,10:54:21,6.87,-0.01,52,35724,卖盘
2809,10:54:18,6.88,--,368,253184,买盘
2810,10:54:15,6.88,--,125,86000,买盘
2811,10:54:12,6.88,--,18,12384,买盘
2812,10:54:06,6.88,0.01,8,5504,买盘
2813,10:54:03,6.87,-0.01,98,67326,卖盘
2814,10:54:00,6.88,--,20,13760,买盘
2815,10:53:57,6.88,--,2,1376,买盘
2816,10:53:54,6.88,0.01,32,22016,买盘
2817,10:53:51,6.87,--,1,687,卖盘
2818,10:53:48,6.87,-0.01,1,687,卖盘
2819,10:53:45,6.88,0.01,20,13760,买盘
2820,10:53:42,6.87,-0.01,109,74883,卖盘
2821,10:53:39,6.88,0.01,257,176816,买盘
2822,10:53:36,6.87,--,5,3435,卖盘
2823,10:53:33,6.87,--,31,21297,卖盘
2824,10:53:30,6.87,-0.01,13,8931,卖盘
2825,10:53:27,6.88,0.01,38,26144,买盘
2826,10:53:24,6.87,-0.01,13,8931,卖盘
2827,10:53:21,6.88,--,21,14448,买盘
2828,10:53:18,6.88,0.01,24,16512,买盘
2829,10:53:15,6.87,--,1,687,卖盘
2830,10:53:12,6.87,--,4,2748,卖盘
2831,10:53:09,6.87,-0.01,25,17175,卖盘
2832,10:53:06,6.88,0.01,22,15136,买盘
2833,10:53:03,6.87,--,8,5496,卖盘
2834,10:53:00,6.87,--,30,20610,卖盘
2835,10:52:57,6.87,-0.01,16,10992,卖盘
2836,10:52:54,6.88,0.01,75,51600,买盘
2837,10:52:51,6.87,-0.01,61,41907,卖盘
2838,10:52:48,6.88,--,39,26832,买盘
2839,10:52:45,6.88,0.01,21,14448,买盘
2840,10:52:42,6.87,--,237,162819,卖盘
2841,10:52:39,6.87,--,10,6870,卖盘
2842,10:52:36,6.87,-0.01,268,184116,卖盘
2843,10:52:33,6.88,0.01,26,17888,买盘
2844,10:52:30,6.87,--,1,687,卖盘
2845,10:52:24,6.87,-0.01,8,5496,卖盘
2846,10:52:21,6.88,--,31,21328,买盘
2847,10:52:18,6.88,0.01,59,40592,买盘
2848,10:52:15,6.87,--,7,4809,卖盘
2849,10:52:12,6.87,--,5,3435,卖盘
2850,10:52:09,6.87,--,5,3435,卖盘
2851,10:52:06,6.87,-0.01,2,1374,卖盘
2852,10:52:03,6.88,--,51,35088,买盘
2853,10:52:00,6.88,--,58,39904,买盘
2854,10:51:57,6.88,--,47,32336,买盘
2855,10:51:51,6.88,0.01,74,50912,买盘
2856,10:51:48,6.87,-0.01,21,14427,卖盘
2857,10:51:42,6.88,--,1,688,买盘
2858,10:51:39,6.88,0.01,149,102512,买盘
2859,10:51:36,6.87,-0.01,52,35724,卖盘
2860,10:51:33,6.88,0.01,195,134160,买盘
2861,10:51:30,6.87,-0.01,23,15801,卖盘
2862,10:51:27,6.88,--,21,14448,买盘
2863,10:51:24,6.88,0.01,7,4816,买盘
2864,10:51:21,6.87,-0.01,63,43281,卖盘
2865,10:51:18,6.88,--,23,15824,买盘
2866,10:51:15,6.88,0.01,8,5504,买盘
2867,10:51:12,6.87,--,34,23358,卖盘
2868,10:51:06,6.87,--,42,28854,卖盘
2869,10:51:03,6.87,-0.01,7,4809,卖盘
2870,10:51:00,6.88,0.01,122,83936,买盘
2871,10:50:57,6.87,--,25,17175,卖盘
2872,10:50:54,6.87,--,6,4122,卖盘
2873,10:50:51,6.87,-0.01,25,17175,卖盘
2874,10:50:48,6.88,--,43,29584,买盘
2875,10:50:45,6.88,--,19,13072,买盘
2876,10:50:42,6.88,--,217,149296,买盘
2877,10:50:39,6.88,--,4,2752,买盘
2878,10:50:36,6.88,--,32,22016,买盘
2879,10:50:33,6.88,--,247,169936,买盘
2880,10:50:30,6.88,--,75,51600,买盘
2881,10:50:27,6.88,--,36,24768,买盘
2882,10:50:24,6.88,--,108,74304,买盘
2883,10:50:21,6.88,--,5,3440,买盘
2884,10:50:18,6.88,0.01,3,2064,买盘
2885,10:50:15,6.87,--,64,43968,卖盘
2886,10:50:12,6.87,-0.01,1,687,卖盘
2887,10:50:09,6.88,0.01,121,83248,买盘
2888,10:50:06,6.87,-0.01,10,6870,卖盘
2889,10:50:03,6.88,--,56,38528,买盘
2890,10:50:00,6.88,0.01,18,12384,买盘
2891,10:49:57,6.87,-0.01,26,17862,卖盘
2892,10:49:54,6.88,0.01,105,72240,买盘
