,time,price,change,volume,amount,type
0,15:00:03,7.98,0.01,5331,4254138,买盘
1,14:57:00,7.97,-0.01,837,667089,卖盘
2,14:56:57,7.98,--,274,218652,卖盘
3,14:56:54,7.98,--,44,35112,中性盘
4,14:56:51,7.98,--,469,374333,买盘
5,14:56:48,7.98,--,1,798,买盘
6,14:56:45,7.98,--,10,7980,买盘
7,14:56:42,7.98,--,290,232146,卖盘
8,14:56:39,7.98,--,161,128478,卖盘
9,14:56:36,7.98,--,105,83790,卖盘
10,14:56:33,7.98,--,50,39900,卖盘
11,14:56:30,7.98,--,18,14364,卖盘
12,14:56:27,7.98,0.01,3890,3104291,买盘
13,14:56:24,7.97,--,655,522035,卖盘
14,14:56:21,7.97,--,210,167370,卖盘
15,14:56:18,7.97,--,1041,829677,卖盘
16,14:56:15,7.97,--,31,24707,卖盘
17,14:56:12,7.97,-0.01,51,40647,卖盘
18,14:56:09,7.98,--,161,128478,买盘
19,14:56:06,7.98,--,133,106134,买盘
20,14:56:03,7.98,--,1933,1542534,买盘
21,14:56:00,7.98,0.01,46,36708,买盘
22,14:55:57,7.97,-0.01,153,121941,卖盘
23,14:55:54,7.98,--,258,205884,买盘
24,14:55:51,7.98,0.01,160,127680,买盘
25,14:55:48,7.97,-0.01,58,46226,卖盘
26,14:55:45,7.98,--,631,503857,买盘
27,14:55:42,7.98,--,46,36708,买盘
28,14:55:39,7.98,0.01,2085,1663830,买盘
29,14:55:36,7.97,-0.01,30,23910,卖盘
30,14:55:33,7.98,--,518,413364,买盘
31,14:55:30,7.98,--,433,345534,买盘
32,14:55:27,7.98,0.01,71,56658,买盘
33,14:55:24,7.97,--,100,79700,卖盘
34,14:55:21,7.97,-0.01,32,25504,卖盘
35,14:55:18,7.98,--,60,47880,买盘
36,14:55:15,7.98,--,225,179550,买盘
37,14:55:12,7.98,--,820,654360,买盘
38,14:55:09,7.98,0.01,50,39900,买盘
39,14:55:06,7.97,-0.01,338,269386,卖盘
40,14:55:03,7.98,--,514,410172,买盘
41,14:55:00,7.98,--,86,68628,买盘
42,14:54:57,7.98,--,174,138852,买盘
43,14:54:54,7.98,--,188,150024,买盘
44,14:54:51,7.98,0.01,60,47880,买盘
45,14:54:48,7.97,-0.01,82,65354,卖盘
46,14:54:45,7.98,0.01,192,153216,买盘
47,14:54:42,7.97,-0.01,192,153024,卖盘
48,14:54:39,7.98,--,734,585732,买盘
49,14:54:36,7.98,0.01,45,35910,买盘
50,14:54:33,7.97,-0.01,141,112377,卖盘
51,14:54:30,7.98,0.01,183,146034,买盘
52,14:54:27,7.97,-0.01,111,88467,卖盘
53,14:54:24,7.98,0.01,50,39900,买盘
54,14:54:21,7.97,-0.01,33,26301,卖盘
55,14:54:18,7.98,0.01,55,43890,买盘
56,14:54:15,7.97,-0.01,291,231927,卖盘
57,14:54:09,7.98,--,53,42294,买盘
58,14:54:03,7.98,--,92,73416,买盘
59,14:54:00,7.98,0.01,184,146832,买盘
60,14:53:57,7.97,--,52,41444,卖盘
61,14:53:54,7.97,-0.01,145,115565,卖盘
62,14:53:51,7.98,0.01,68,54264,买盘
63,14:53:48,7.97,-0.01,11,8767,卖盘
64,14:53:45,7.98,--,10,7980,买盘
65,14:53:42,7.98,--,49,39102,买盘
66,14:53:39,7.98,0.01,20,15960,买盘
67,14:53:36,7.97,--,173,137881,卖盘
68,14:53:33,7.97,-0.01,160,127520,卖盘
69,14:53:30,7.98,--,160,127680,买盘
70,14:53:27,7.98,--,49,39102,买盘
71,14:53:24,7.98,--,176,140448,买盘
72,14:53:21,7.98,0.01,26,20748,买盘
73,14:53:18,7.97,-0.01,137,109189,卖盘
74,14:53:15,7.98,0.01,7,5586,买盘
75,14:53:12,7.97,-0.01,6,4782,卖盘
76,14:53:09,7.98,--,35,27930,买盘
77,14:53:06,7.98,0.01,47,37506,买盘
78,14:53:03,7.97,-0.01,240,191280,卖盘
79,14:53:00,7.98,--,93,74214,买盘
80,14:52:57,7.98,0.01,159,126882,买盘
81,14:52:54,7.97,-0.01,65,51805,卖盘
82,14:52:51,7.98,0.01,234,186732,买盘
83,14:52:48,7.97,--,97,77309,卖盘
84,14:52:45,7.97,--,30,23910,卖盘
85,14:52:42,7.97,-0.01,30,23910,卖盘
86,14:52:39,7.98,0.01,208,165984,买盘
87,14:52:36,7.97,--,18,14346,卖盘
88,14:52:33,7.97,-0.01,1034,824098,卖盘
89,14:52:30,7.98,--,241,192318,买盘
90,14:52:27,7.98,--,80,63840,买盘
91,14:52:24,7.98,0.01,21,16758,买盘
92,14:52:21,7.97,--,122,97234,卖盘
93,14:52:18,7.97,--,25,19925,卖盘
94,14:52:15,7.97,--,135,107595,卖盘
95,14:52:12,7.97,--,292,232724,卖盘
96,14:52:09,7.97,--,153,121941,卖盘
97,14:52:06,7.97,--,74,58978,卖盘
98,14:52:03,7.97,-0.01,219,174543,卖盘
99,14:52:00,7.98,--,243,193914,买盘
100,14:51:57,7.98,0.01,28,22344,买盘
101,14:51:54,7.97,-0.01,34,27098,卖盘
102,14:51:51,7.98,0.01,35,27930,买盘
103,14:51:48,7.97,-0.01,152,121144,卖盘
104,14:51:42,7.98,0.01,189,150822,买盘
105,14:51:39,7.97,-0.01,65,51805,卖盘
106,14:51:36,7.98,--,244,194712,买盘
107,14:51:33,7.98,--,13,10374,买盘
108,14:51:30,7.98,--,168,134064,买盘
109,14:51:24,7.98,0.01,2,1596,买盘
110,14:51:21,7.97,-0.01,20,15940,卖盘
111,14:51:18,7.98,0.01,9,7182,买盘
112,14:51:15,7.97,-0.01,44,35068,卖盘
113,14:51:12,7.98,0.01,53,42294,买盘
114,14:51:09,7.97,--,9,7173,卖盘
115,14:51:06,7.97,-0.01,51,40647,卖盘
116,14:51:03,7.98,--,68,54264,买盘
117,14:51:00,7.98,--,99,79002,买盘
118,14:50:57,7.98,0.01,208,165984,买盘
119,14:50:51,7.97,--,193,153821,卖盘
120,14:50:48,7.97,--,80,63760,卖盘
121,14:50:45,7.97,-0.01,257,204829,卖盘
122,14:50:42,7.98,0.01,21,16758,买盘
123,14:50:39,7.97,--,31,24707,卖盘
124,14:50:36,7.97,--,693,552321,卖盘
125,14:50:33,7.97,-0.01,423,337131,卖盘
126,14:50:30,7.98,0.01,153,122094,买盘
127,14:50:27,7.97,-0.01,67,53399,卖盘
128,14:50:24,7.98,0.01,42,33516,买盘
129,14:50:21,7.97,-0.01,24,19128,卖盘
130,14:50:18,7.98,0.01,8,6384,买盘
131,14:50:15,7.97,-0.01,35,27895,卖盘
132,14:50:12,7.98,--,738,588924,买盘
133,14:50:09,7.98,--,41,32718,买盘
134,14:50:06,7.98,0.01,167,133266,买盘
135,14:50:03,7.97,-0.01,599,477403,卖盘
136,14:50:00,7.98,--,377,300846,买盘
137,14:49:57,7.98,0.01,7,5586,买盘
138,14:49:54,7.97,--,19,15143,卖盘
139,14:49:48,7.97,--,25,19925,卖盘
140,14:49:45,7.97,-0.01,424,337928,卖盘
141,14:49:42,7.98,0.01,139,110922,买盘
142,14:49:39,7.97,-0.01,19,15143,卖盘
143,14:49:36,7.98,0.01,44,35112,买盘
144,14:49:33,7.97,-0.01,18,14346,卖盘
145,14:49:30,7.98,--,208,165984,买盘
146,14:49:27,7.98,--,59,47082,买盘
147,14:49:24,7.98,0.01,1,798,买盘
148,14:49:21,7.97,-0.01,8,6376,卖盘
149,14:49:18,7.98,0.01,138,110124,买盘
150,14:49:15,7.97,-0.01,34,27098,卖盘
151,14:49:12,7.98,--,104,82992,买盘
152,14:49:09,7.98,--,19,15162,买盘
153,14:49:06,7.98,0.01,48,38304,买盘
154,14:49:03,7.97,-0.01,62,49414,卖盘
155,14:49:00,7.98,0.01,215,171570,买盘
156,14:48:57,7.97,-0.01,9,7173,卖盘
157,14:48:54,7.98,0.01,104,82992,买盘
158,14:48:51,7.97,-0.01,27,21519,卖盘
159,14:48:48,7.98,--,146,116508,买盘
160,14:48:45,7.98,--,43,34314,买盘
161,14:48:42,7.98,--,143,114114,买盘
162,14:48:39,7.98,0.01,50,39900,买盘
163,14:48:36,7.97,--,23,18331,卖盘
164,14:48:33,7.97,-0.01,103,82091,卖盘
165,14:48:30,7.98,0.01,412,328776,买盘
166,14:48:27,7.97,--,47,37459,卖盘
167,14:48:24,7.97,--,10,7970,卖盘
168,14:48:21,7.97,--,49,39053,卖盘
169,14:48:18,7.97,--,203,161791,卖盘
170,14:48:15,7.97,--,626,498922,卖盘
171,14:48:12,7.97,--,91,72527,卖盘
172,14:48:09,7.97,-0.01,92,73324,卖盘
173,14:48:06,7.98,--,177,141246,买盘
174,14:48:03,7.98,--,180,143640,买盘
175,14:48:00,7.98,0.01,120,95760,买盘
176,14:47:57,7.97,-0.01,285,227145,卖盘
177,14:47:54,7.98,--,188,150024,买盘
178,14:47:51,7.98,0.01,49,39102,买盘
179,14:47:48,7.97,--,510,406470,卖盘
180,14:47:45,7.97,-0.01,21,16737,卖盘
181,14:47:42,7.98,--,54,43092,买盘
182,14:47:39,7.98,0.01,12,9576,买盘
183,14:47:36,7.97,--,28,22316,卖盘
184,14:47:33,7.97,-0.01,188,149836,卖盘
185,14:47:30,7.98,--,532,424536,买盘
186,14:47:27,7.98,0.01,11,8778,买盘
187,14:47:24,7.97,-0.01,48,38256,卖盘
188,14:47:21,7.98,0.01,198,158004,买盘
189,14:47:18,7.97,-0.01,190,151430,卖盘
190,14:47:15,7.98,0.01,25,19950,买盘
191,14:47:12,7.97,--,62,49414,卖盘
192,14:47:09,7.97,-0.01,116,92452,卖盘
193,14:47:06,7.98,0.01,2,1596,买盘
194,14:47:03,7.97,-0.01,56,44632,卖盘
195,14:47:00,7.98,--,151,120498,买盘
196,14:46:57,7.98,0.01,92,73416,买盘
197,14:46:54,7.97,--,20,15940,卖盘
198,14:46:51,7.97,--,50,39850,卖盘
199,14:46:48,7.97,-0.01,372,296484,卖盘
200,14:46:45,7.98,0.01,125,99750,买盘
201,14:46:42,7.97,--,51,40647,卖盘
202,14:46:39,7.97,--,483,384951,卖盘
203,14:46:36,7.97,-0.01,65,51805,卖盘
204,14:46:33,7.98,--,48,38304,买盘
205,14:46:30,7.98,--,220,175560,买盘
206,14:46:27,7.98,--,219,174762,买盘
207,14:46:24,7.98,0.01,119,94962,买盘
208,14:46:21,7.97,--,41,32677,卖盘
209,14:46:18,7.97,--,248,197656,卖盘
210,14:46:15,7.97,--,64,51008,卖盘
211,14:46:12,7.97,--,25,19925,卖盘
212,14:46:09,7.97,--,82,65354,卖盘
213,14:46:06,7.97,-0.01,38,30286,卖盘
214,14:46:03,7.98,0.01,108,86184,买盘
215,14:46:00,7.97,-0.01,226,180122,卖盘
216,14:45:57,7.98,0.01,218,173964,买盘
217,14:45:54,7.97,-0.01,112,89264,卖盘
218,14:45:51,7.98,0.01,49,39102,买盘
219,14:45:48,7.97,--,5,3985,卖盘
220,14:45:45,7.97,--,48,38256,卖盘
221,14:45:42,7.97,--,706,562682,买盘
222,14:45:39,7.97,--,48,38256,买盘
223,14:45:36,7.97,--,1,797,买盘
224,14:45:33,7.97,--,13,10361,买盘
225,14:45:30,7.97,--,235,187295,买盘
226,14:45:27,7.97,0.01,22,17534,买盘
227,14:45:24,7.96,-0.01,163,129748,卖盘
228,14:45:21,7.97,--,61,48617,买盘
229,14:45:18,7.97,--,63,50211,买盘
230,14:45:15,7.97,-0.01,280,223725,卖盘
231,14:45:12,7.98,0.01,16,12768,买盘
232,14:45:09,7.97,--,402,320394,卖盘
233,14:45:06,7.97,-0.01,570,454290,卖盘
234,14:45:03,7.98,--,78,62244,买盘
235,14:45:00,7.98,0.01,208,165984,买盘
236,14:44:57,7.97,--,319,254243,卖盘
237,14:44:54,7.97,--,15,11955,卖盘
238,14:44:51,7.97,-0.01,67,53399,卖盘
239,14:44:48,7.98,0.01,109,86982,买盘
240,14:44:45,7.97,-0.01,161,128317,卖盘
241,14:44:42,7.98,0.01,21,16758,买盘
242,14:44:36,7.97,-0.01,44,35068,卖盘
243,14:44:33,7.98,--,679,542073,买盘
244,14:44:30,7.98,0.01,101,80598,买盘
245,14:44:27,7.97,-0.01,103,82091,卖盘
246,14:44:24,7.98,--,62,49476,买盘
247,14:44:21,7.98,0.01,48,38304,买盘
248,14:44:18,7.97,--,21,16737,卖盘
249,14:44:15,7.97,-0.01,88,70295,卖盘
250,14:44:12,7.98,0.01,66,52668,买盘
251,14:44:09,7.97,--,43,34908,买盘
252,14:44:06,7.97,-0.01,329,262372,卖盘
253,14:44:03,7.98,--,284,226632,买盘
254,14:44:00,7.98,0.01,320,255360,买盘
255,14:43:57,7.97,--,76,60572,卖盘
256,14:43:54,7.97,--,221,176137,卖盘
257,14:43:51,7.97,-0.01,196,156212,卖盘
258,14:43:48,7.98,0.01,134,106932,买盘
259,14:43:45,7.97,-0.01,5,3985,卖盘
260,14:43:42,7.98,0.01,56,44688,买盘
261,14:43:39,7.97,-0.01,225,179325,卖盘
262,14:43:36,7.98,0.01,30,23940,买盘
263,14:43:33,7.97,-0.01,42,33474,卖盘
264,14:43:30,7.98,--,315,251370,买盘
265,14:43:27,7.98,0.01,140,111720,买盘
266,14:43:24,7.97,--,32,25504,卖盘
267,14:43:21,7.97,--,62,49414,卖盘
268,14:43:18,7.97,-0.01,70,55790,卖盘
269,14:43:15,7.98,0.01,25,19950,买盘
270,14:43:12,7.97,--,196,156212,卖盘
271,14:43:09,7.97,-0.01,6,4782,卖盘
272,14:43:06,7.98,0.01,88,70224,买盘
273,14:43:03,7.97,-0.01,75,59775,卖盘
274,14:43:00,7.98,--,139,110922,买盘
275,14:42:57,7.98,0.01,75,59850,买盘
276,14:42:54,7.97,--,141,112377,卖盘
277,14:42:51,7.97,--,191,152227,卖盘
278,14:42:48,7.97,--,153,121941,卖盘
279,14:42:45,7.97,--,145,116202,卖盘
280,14:42:39,7.97,-0.01,17,13549,卖盘
281,14:42:36,7.98,0.01,39,31122,买盘
282,14:42:33,7.97,-0.01,258,205626,卖盘
283,14:42:30,7.98,--,96,76608,买盘
284,14:42:27,7.98,0.01,183,146034,买盘
285,14:42:24,7.97,-0.01,281,223957,卖盘
286,14:42:21,7.98,0.01,57,45486,买盘
287,14:42:18,7.97,--,57,45429,卖盘
288,14:42:15,7.97,--,328,261416,卖盘
289,14:42:12,7.97,--,55,43835,卖盘
290,14:42:09,7.97,--,34,27098,卖盘
291,14:42:06,7.97,--,73,58181,卖盘
292,14:42:03,7.97,-0.01,119,94843,卖盘
293,14:42:00,7.98,0.01,384,306432,买盘
294,14:41:57,7.97,--,15,11955,卖盘
295,14:41:54,7.97,-0.01,194,154618,卖盘
296,14:41:51,7.98,0.01,195,155610,买盘
297,14:41:48,7.97,-0.01,117,93249,卖盘
298,14:41:45,7.98,0.01,34,27132,买盘
299,14:41:42,7.97,--,36,28692,卖盘
300,14:41:39,7.97,-0.01,96,76512,卖盘
301,14:41:36,7.98,0.01,2,1596,买盘
302,14:41:33,7.97,-0.01,30,23910,卖盘
303,14:41:30,7.98,0.01,118,94164,买盘
304,14:41:27,7.97,--,87,69339,卖盘
305,14:41:24,7.97,--,5,3985,卖盘
306,14:41:21,7.97,--,50,39850,卖盘
307,14:41:18,7.97,-0.01,20,15940,卖盘
308,14:41:15,7.98,0.01,46,36708,买盘
309,14:41:12,7.97,--,65,51805,卖盘
310,14:41:09,7.97,--,18,14346,卖盘
311,14:41:06,7.97,-0.01,149,118753,卖盘
312,14:41:03,7.98,--,130,103740,买盘
313,14:41:00,7.98,0.01,144,114912,买盘
314,14:40:57,7.97,-0.01,10,7970,卖盘
315,14:40:54,7.98,--,120,95760,买盘
316,14:40:51,7.98,--,34,27132,买盘
317,14:40:42,7.98,--,93,74214,买盘
318,14:40:39,7.98,--,28,22344,买盘
319,14:40:36,7.98,0.01,152,121296,买盘
320,14:40:33,7.97,-0.01,386,307642,卖盘
321,14:40:30,7.98,--,749,597702,买盘
322,14:40:27,7.98,0.01,23,18354,买盘
323,14:40:24,7.97,--,50,39850,卖盘
324,14:40:21,7.97,-0.01,139,110783,卖盘
325,14:40:18,7.98,0.01,17,13566,买盘
326,14:40:15,7.97,-0.01,169,134693,卖盘
327,14:40:12,7.98,0.01,11,8778,买盘
328,14:40:09,7.97,-0.01,103,82091,卖盘
329,14:40:06,7.98,--,35,27930,买盘
330,14:40:03,7.98,--,5,3990,买盘
331,14:40:00,7.98,--,143,114114,买盘
332,14:39:57,7.98,--,55,43890,买盘
333,14:39:54,7.98,-0.01,172,137734,卖盘
334,14:39:51,7.99,0.01,143,114257,买盘
335,14:39:48,7.98,-0.01,83,66234,卖盘
336,14:39:45,7.99,0.01,63,50337,买盘
337,14:39:42,7.98,--,347,276906,卖盘
338,14:39:39,7.98,--,17,13566,卖盘
339,14:39:36,7.98,--,581,463638,卖盘
340,14:39:33,7.98,-0.01,57,45486,卖盘
341,14:39:30,7.99,0.01,107,85493,买盘
342,14:39:27,7.98,--,97,77406,卖盘
343,14:39:24,7.98,--,39,31122,卖盘
344,14:39:21,7.98,--,106,84588,卖盘
345,14:39:18,7.98,--,56,44688,卖盘
346,14:39:15,7.98,--,351,280098,卖盘
347,14:39:12,7.98,--,31,24738,卖盘
348,14:39:09,7.98,-0.01,69,55062,卖盘
349,14:39:06,7.99,--,41,32759,买盘
350,14:39:03,7.99,--,127,101473,买盘
351,14:39:00,7.99,0.01,158,126242,买盘
352,14:38:54,7.98,-0.01,49,39102,卖盘
353,14:38:51,7.99,0.01,187,149413,买盘
354,14:38:48,7.98,--,136,108528,卖盘
355,14:38:45,7.98,-0.01,152,121296,卖盘
356,14:38:42,7.99,0.01,92,73508,买盘
357,14:38:39,7.98,-0.01,49,39102,卖盘
358,14:38:36,7.99,0.01,45,35955,买盘
359,14:38:33,7.98,-0.01,226,180348,卖盘
360,14:38:30,7.99,--,222,177378,买盘
361,14:38:27,7.99,0.01,10,7990,买盘
362,14:38:24,7.98,--,285,227430,卖盘
363,14:38:21,7.98,-0.01,4,3192,卖盘
364,14:38:18,7.99,--,223,178177,买盘
365,14:38:15,7.99,--,97,77503,买盘
366,14:38:12,7.99,0.01,39,31161,买盘
367,14:38:09,7.98,--,63,50274,卖盘
368,14:38:06,7.98,-0.01,95,75810,卖盘
369,14:38:03,7.99,--,48,38352,买盘
370,14:38:00,7.99,--,88,70312,买盘
371,14:37:57,7.99,0.01,776,620024,买盘
372,14:37:54,7.98,-0.01,36,28728,卖盘
373,14:37:51,7.99,0.01,2276,1818524,买盘
374,14:37:48,7.98,-0.01,296,236208,卖盘
375,14:37:45,7.99,0.01,60,47940,买盘
376,14:37:42,7.98,--,500,399000,卖盘
377,14:37:39,7.98,--,30,23940,卖盘
378,14:37:36,7.98,--,120,95760,卖盘
379,14:37:33,7.98,-0.01,8,6384,卖盘
380,14:37:30,7.99,0.01,199,159001,买盘
381,14:37:24,7.98,-0.01,256,204288,卖盘
382,14:37:21,7.99,--,1,799,买盘
383,14:37:18,7.99,--,48,38352,买盘
384,14:37:15,7.99,0.01,333,266067,买盘
385,14:37:12,7.98,-0.01,404,322392,卖盘
386,14:37:09,7.99,0.01,48,38352,买盘
387,14:37:06,7.98,-0.01,76,60648,卖盘
388,14:37:03,7.99,--,180,143820,买盘
389,14:37:00,7.99,--,116,92684,买盘
390,14:36:57,7.99,0.01,261,208539,买盘
391,14:36:54,7.98,--,23,18354,卖盘
392,14:36:51,7.98,-0.01,521,415758,卖盘
393,14:36:48,7.99,0.01,217,173383,买盘
394,14:36:45,7.98,-0.01,23,18354,卖盘
395,14:36:39,7.99,--,81,64719,买盘
396,14:36:36,7.99,0.01,256,204544,买盘
397,14:36:33,7.98,-0.01,196,156408,卖盘
398,14:36:30,7.99,0.01,140,111860,买盘
399,14:36:27,7.98,--,56,44688,卖盘
400,14:36:24,7.98,-0.01,75,59850,卖盘
401,14:36:21,7.99,--,58,46342,买盘
402,14:36:18,7.99,--,97,77503,买盘
403,14:36:15,7.99,0.01,121,96679,买盘
404,14:36:12,7.98,-0.01,51,40698,卖盘
405,14:36:09,7.99,--,118,94282,买盘
406,14:36:06,7.99,0.01,795,635205,买盘
407,14:36:03,7.98,-0.01,92,73416,卖盘
408,14:36:00,7.99,--,103,82297,买盘
409,14:35:57,7.99,0.01,72,57528,买盘
410,14:35:54,7.98,--,259,206682,卖盘
411,14:35:51,7.98,-0.01,29,23142,卖盘
412,14:35:48,7.99,0.01,1,799,买盘
413,14:35:45,7.98,-0.01,79,63042,卖盘
414,14:35:42,7.99,0.01,45,35955,买盘
415,14:35:39,7.98,-0.01,659,525882,卖盘
416,14:35:36,7.99,--,1,799,买盘
417,14:35:33,7.99,--,89,71111,买盘
418,14:35:30,7.99,0.01,156,124644,买盘
419,14:35:24,7.98,-0.01,102,81396,卖盘
420,14:35:21,7.99,0.01,7,5593,买盘
421,14:35:18,7.98,-0.01,87,69426,卖盘
422,14:35:15,7.99,0.01,63,50337,买盘
423,14:35:12,7.98,-0.01,76,60648,卖盘
424,14:35:06,7.99,--,36,28764,买盘
425,14:35:03,7.99,--,31,24769,买盘
426,14:35:00,7.99,--,191,152609,买盘
427,14:34:57,7.99,--,710,567290,卖盘
428,14:34:54,7.99,--,11,8789,卖盘
429,14:34:51,7.99,--,1048,837352,卖盘
430,14:34:48,7.99,-0.01,2,1598,卖盘
431,14:34:45,8.0,0.01,177,141600,买盘
432,14:34:42,7.99,--,2,1598,卖盘
433,14:34:39,7.99,-0.01,161,128639,卖盘
434,14:34:36,8.0,--,1,800,买盘
435,14:34:33,8.0,--,931,744800,买盘
436,14:34:30,8.0,--,127,101600,买盘
437,14:34:27,8.0,0.01,47,37600,买盘
438,14:34:24,7.99,-0.01,8,6392,卖盘
439,14:34:21,8.0,--,20,16000,买盘
440,14:34:18,8.0,0.01,122,97600,买盘
441,14:34:15,7.99,-0.01,311,248489,卖盘
442,14:34:12,8.0,0.01,29,23200,买盘
443,14:34:09,7.99,-0.01,3,2397,卖盘
444,14:34:06,8.0,--,128,102400,买盘
445,14:34:03,8.0,--,5,4000,买盘
446,14:34:00,8.0,--,325,260000,买盘
447,14:33:57,8.0,0.01,49,39200,买盘
448,14:33:54,7.99,--,193,154207,卖盘
449,14:33:51,7.99,--,116,92684,卖盘
450,14:33:48,7.99,--,26,20774,卖盘
451,14:33:45,7.99,--,151,120649,买盘
452,14:33:42,7.99,0.01,111,88689,买盘
453,14:33:39,7.98,-0.01,5,3990,卖盘
454,14:33:36,7.99,--,105,83895,买盘
455,14:33:33,7.99,--,96,76704,买盘
456,14:33:30,7.99,--,157,125443,卖盘
457,14:33:27,7.99,--,45,35955,卖盘
458,14:33:24,7.99,--,9,7191,卖盘
459,14:33:21,7.99,--,172,137428,买盘
460,14:33:18,7.99,--,229,182971,买盘
461,14:33:15,7.99,--,240,191760,买盘
462,14:33:12,7.99,0.01,54,43146,买盘
463,14:33:09,7.98,-0.02,161,128605,卖盘
464,14:33:06,8.0,--,38,30400,买盘
465,14:33:03,8.0,--,124,99200,买盘
466,14:33:00,8.0,--,212,169600,买盘
467,14:32:57,8.0,0.01,21,16800,买盘
468,14:32:54,7.99,--,486,388985,买盘
469,14:32:51,7.99,--,207,165393,买盘
470,14:32:48,7.99,--,220,175780,买盘
471,14:32:45,7.99,--,124,99076,买盘
472,14:32:42,7.99,--,253,202147,买盘
473,14:32:36,7.99,--,81,64719,买盘
474,14:32:33,7.99,--,11,8789,买盘
475,14:32:30,7.99,--,188,150212,买盘
476,14:32:27,7.99,0.01,57,45543,买盘
477,14:32:24,7.98,-0.01,57,45486,卖盘
478,14:32:21,7.99,--,24,19176,卖盘
479,14:32:18,7.99,--,2,1598,卖盘
480,14:32:15,7.99,0.01,58,46342,中性盘
481,14:32:12,7.98,-0.01,250,199500,卖盘
482,14:32:09,7.99,-0.01,122,97478,卖盘
483,14:32:03,8.0,0.01,125,100000,买盘
484,14:32:00,7.99,--,129,103071,买盘
485,14:31:57,7.99,-0.01,11,8789,中性盘
486,14:31:54,8.0,0.02,3246,2596800,买盘
487,14:31:51,7.98,--,500,399000,卖盘
488,14:31:48,7.98,-0.01,9,7182,卖盘
489,14:31:45,7.99,--,62,49538,买盘
490,14:31:42,7.99,0.01,113,90287,买盘
491,14:31:39,7.98,-0.01,40,31920,卖盘
492,14:31:36,7.99,--,7,5593,买盘
493,14:31:33,7.99,--,5,3995,买盘
494,14:31:30,7.99,0.01,240,191760,买盘
495,14:31:27,7.98,--,278,221844,卖盘
496,14:31:24,7.98,-0.01,13,10374,卖盘
497,14:31:21,7.99,--,130,103870,买盘
498,14:31:18,7.99,--,319,254881,买盘
499,14:31:15,7.99,--,15,11985,买盘
500,14:31:12,7.99,--,55,43945,买盘
501,14:31:09,7.99,0.01,113,90287,买盘
502,14:31:06,7.98,-0.01,116,92568,卖盘
503,14:31:03,7.99,--,133,106267,买盘
504,14:31:00,7.99,--,250,199750,买盘
505,14:30:57,7.99,--,269,214931,买盘
506,14:30:54,7.99,--,63,50337,买盘
507,14:30:51,7.99,0.01,83,66317,买盘
508,14:30:48,7.98,-0.01,154,122892,卖盘
509,14:30:45,7.99,--,49,39151,买盘
510,14:30:42,7.99,--,31,24769,买盘
511,14:30:39,7.99,0.01,26,20774,买盘
512,14:30:36,7.98,-0.01,46,36708,卖盘
513,14:30:33,7.99,--,4,3196,买盘
514,14:30:30,7.99,0.01,100,79900,中性盘
515,14:30:27,7.98,-0.01,79,63042,卖盘
516,14:30:24,7.99,--,105,83895,卖盘
517,14:30:21,7.99,-0.01,98,78302,卖盘
518,14:30:18,8.0,0.02,423,338400,买盘
519,14:30:15,7.98,--,67,53466,卖盘
520,14:30:12,7.98,-0.01,64,51072,卖盘
521,14:30:09,7.99,0.01,160,128159,买盘
522,14:30:06,7.98,-0.01,74,59052,卖盘
523,14:30:03,7.99,--,81,64719,买盘
524,14:30:00,7.99,--,88,70312,买盘
525,14:29:57,7.99,--,160,127840,买盘
526,14:29:54,7.99,--,73,58327,买盘
527,14:29:51,7.99,--,54,43146,买盘
528,14:29:48,7.99,--,15,11985,买盘
529,14:29:42,7.99,0.01,294,234906,买盘
530,14:29:39,7.98,-0.01,94,75012,卖盘
531,14:29:36,7.99,--,3,2397,买盘
532,14:29:33,7.99,--,298,238102,买盘
533,14:29:30,7.99,--,194,155006,买盘
534,14:29:27,7.99,--,224,178976,买盘
535,14:29:24,7.99,--,1714,1369486,卖盘
536,14:29:21,7.99,-0.01,129,103071,卖盘
537,14:29:18,8.0,0.01,48,38400,买盘
538,14:29:15,7.99,-0.01,1,799,卖盘
539,14:29:12,8.0,0.01,113,90400,买盘
540,14:29:09,7.99,--,122,97478,卖盘
541,14:29:06,7.99,--,47,37553,卖盘
542,14:29:03,7.99,-0.01,51,40749,卖盘
543,14:29:00,8.0,0.01,190,152000,买盘
544,14:28:57,7.99,--,725,579275,卖盘
545,14:28:54,7.99,--,105,83895,卖盘
546,14:28:51,7.99,--,1763,1408637,买盘
547,14:28:48,7.99,0.01,33,26367,买盘
548,14:28:45,7.98,--,85,67830,卖盘
549,14:28:42,7.98,-0.01,59,47082,卖盘
550,14:28:39,7.99,--,36,28764,买盘
551,14:28:36,7.99,0.01,110,87890,买盘
552,14:28:33,7.98,-0.01,80,63840,卖盘
553,14:28:30,7.99,0.01,263,210137,买盘
554,14:28:27,7.98,--,101,80598,卖盘
555,14:28:24,7.98,--,69,55062,卖盘
556,14:28:21,7.98,--,229,182742,卖盘
557,14:28:18,7.98,-0.01,110,87780,卖盘
558,14:28:15,7.99,--,2,1598,买盘
559,14:28:12,7.99,0.01,258,206142,买盘
560,14:28:09,7.98,-0.01,87,69426,卖盘
561,14:28:06,7.99,0.01,549,438651,买盘
562,14:28:03,7.98,-0.01,66,52668,卖盘
563,14:28:00,7.99,--,174,139026,买盘
564,14:27:57,7.99,0.01,140,111860,买盘
565,14:27:54,7.98,-0.01,3,2394,卖盘
566,14:27:51,7.99,--,249,198951,买盘
567,14:27:48,7.99,--,28,22372,买盘
568,14:27:45,7.99,0.01,213,170187,买盘
569,14:27:42,7.98,-0.01,246,196308,卖盘
570,14:27:39,7.99,--,463,369937,买盘
571,14:27:36,7.99,0.01,5,3995,买盘
572,14:27:33,7.98,-0.01,13,10374,卖盘
573,14:27:30,7.99,--,198,158202,买盘
574,14:27:27,7.99,--,10,7990,买盘
575,14:27:24,7.99,-0.01,33,26367,买盘
576,14:27:21,8.0,0.01,134,107200,买盘
577,14:27:18,7.99,--,220,175780,卖盘
578,14:27:15,7.99,-0.01,171,136629,卖盘
579,14:27:12,8.0,--,141,112800,买盘
580,14:27:09,8.0,--,81,64800,买盘
581,14:27:06,8.0,0.01,91,72800,买盘
582,14:27:03,7.99,-0.01,83,66317,中性盘
583,14:27:00,8.0,0.02,150,120000,买盘
584,14:26:57,7.98,-0.01,68,54264,卖盘
585,14:26:54,7.99,--,160,127840,卖盘
586,14:26:48,7.99,-0.01,107,85493,卖盘
587,14:26:45,8.0,0.01,50,40000,买盘
588,14:26:42,7.99,--,78,62322,卖盘
589,14:26:39,7.99,--,21,16779,卖盘
590,14:26:36,7.99,-0.01,18,14382,卖盘
591,14:26:33,8.0,--,108,86400,买盘
592,14:26:30,8.0,0.01,440,352000,买盘
593,14:26:27,7.99,--,93,74307,卖盘
594,14:26:24,7.99,--,72,57528,卖盘
595,14:26:21,7.99,-0.01,114,91086,卖盘
596,14:26:18,8.0,0.01,4,3200,买盘
597,14:26:15,7.99,--,50,39950,卖盘
598,14:26:12,7.99,--,476,380324,卖盘
599,14:26:09,7.99,-0.01,154,123046,卖盘
600,14:26:06,8.0,0.01,708,566400,买盘
601,14:26:03,7.99,-0.01,18,14382,卖盘
602,14:26:00,8.0,--,392,313600,买盘
603,14:25:57,8.0,0.01,139,111200,买盘
604,14:25:54,7.99,--,56,44744,卖盘
605,14:25:51,7.99,-0.01,76,60724,卖盘
606,14:25:48,8.0,--,162,129600,买盘
607,14:25:45,8.0,--,76,60800,买盘
608,14:25:42,8.0,0.01,1,800,买盘
609,14:25:39,7.99,-0.01,91,72709,卖盘
610,14:25:36,8.0,0.01,53,42400,买盘
611,14:25:33,7.99,-0.01,11,8789,卖盘
612,14:25:30,8.0,0.01,2147,1717600,买盘
613,14:25:27,7.99,--,162,129438,卖盘
614,14:25:24,7.99,-0.01,5,3995,卖盘
615,14:25:21,8.0,--,109,87200,买盘
616,14:25:18,8.0,--,55,44000,买盘
617,14:25:15,8.0,0.01,2,1600,买盘
618,14:25:12,7.99,--,40,31960,卖盘
619,14:25:09,7.99,-0.01,89,71111,卖盘
620,14:25:06,8.0,--,102,81600,买盘
621,14:25:03,8.0,--,19,15200,买盘
622,14:25:00,8.0,0.01,255,204000,买盘
623,14:24:57,7.99,--,392,313208,卖盘
624,14:24:54,7.99,--,54,43146,卖盘
625,14:24:48,7.99,-0.01,62,49538,卖盘
626,14:24:45,8.0,--,47,37600,买盘
627,14:24:42,8.0,--,98,78400,买盘
628,14:24:39,8.0,0.01,149,119200,买盘
629,14:24:36,7.99,--,20,15980,卖盘
630,14:24:33,7.99,-0.01,166,132634,卖盘
631,14:24:30,8.0,--,107,85600,买盘
632,14:24:27,8.0,0.01,332,265600,买盘
633,14:24:24,7.99,--,521,416279,卖盘
634,14:24:21,7.99,--,75,59925,卖盘
635,14:24:18,7.99,-0.01,3,2397,卖盘
636,14:24:15,8.0,--,191,152800,买盘
637,14:24:12,8.0,--,82,65600,买盘
638,14:24:09,8.0,-0.01,1991,1592800,卖盘
639,14:24:06,8.01,0.01,46,36846,买盘
640,14:24:03,8.0,--,257,205600,卖盘
641,14:24:00,8.0,--,366,292800,卖盘
642,14:23:57,8.0,--,47,37600,卖盘
643,14:23:54,8.0,-0.01,108,86400,卖盘
644,14:23:51,8.01,0.01,108,86508,买盘
645,14:23:48,8.0,-0.01,62,49600,卖盘
646,14:23:45,8.01,0.01,21,16821,买盘
647,14:23:42,8.0,--,231,184800,卖盘
648,14:23:39,8.0,-0.01,133,106400,卖盘
649,14:23:36,8.01,--,44,35244,买盘
650,14:23:33,8.01,--,105,84105,买盘
651,14:23:27,8.01,--,339,271539,买盘
652,14:23:24,8.01,--,21,16821,买盘
653,14:23:21,8.01,0.01,14,11214,买盘
654,14:23:18,8.0,--,101,80800,卖盘
655,14:23:15,8.0,--,314,251200,买盘
656,14:23:12,8.0,-0.01,292,234016,卖盘
657,14:23:09,8.01,0.01,1459,1168659,买盘
658,14:23:06,8.0,-0.01,94,75200,卖盘
659,14:23:03,8.01,0.01,75,60075,买盘
660,14:23:00,8.0,--,238,190400,卖盘
661,14:22:57,8.0,--,30,24000,卖盘
662,14:22:54,8.0,-0.01,75,60000,卖盘
663,14:22:51,8.01,--,212,169812,买盘
664,14:22:48,8.01,0.01,247,197847,买盘
665,14:22:45,8.0,--,37,29600,卖盘
666,14:22:42,8.0,--,304,243200,卖盘
667,14:22:39,8.0,--,38,30400,卖盘
668,14:22:36,8.0,-0.01,217,173600,卖盘
669,14:22:30,8.01,0.01,94,75294,买盘
670,14:22:27,8.0,0.01,1240,992384,买盘
671,14:22:24,7.99,-0.01,11,8789,卖盘
672,14:22:21,8.0,--,103,82400,买盘
673,14:22:18,8.0,--,33,26400,买盘
674,14:22:15,8.0,--,19,15200,买盘
675,14:22:12,8.0,--,323,258816,卖盘
676,14:22:09,8.0,-0.01,896,716800,卖盘
677,14:22:06,8.01,0.01,891,713691,买盘
678,14:22:03,8.0,-0.01,55,44384,卖盘
679,14:22:00,8.01,0.01,2479,1985679,买盘
680,14:21:57,8.0,--,158,126400,卖盘
681,14:21:54,8.0,--,4237,3389600,卖盘
682,14:21:51,8.0,--,75,60000,卖盘
683,14:21:48,8.0,--,423,338400,卖盘
684,14:21:45,8.0,--,111,88800,卖盘
685,14:21:42,8.0,--,109,87200,卖盘
686,14:21:39,8.0,--,70,56000,卖盘
687,14:21:36,8.0,--,52,41600,卖盘
688,14:21:33,8.0,--,267,213600,卖盘
689,14:21:30,8.0,--,263,210400,卖盘
690,14:21:27,8.0,--,33,26400,卖盘
691,14:21:24,8.0,--,146,116800,卖盘
692,14:21:21,8.0,--,39,31200,卖盘
693,14:21:18,8.0,-0.01,237,189600,卖盘
694,14:21:15,8.01,0.01,268,214668,买盘
695,14:21:12,8.0,--,14,11200,卖盘
696,14:21:09,8.0,-0.01,88,70400,卖盘
697,14:21:06,8.01,--,174,139374,买盘
698,14:21:03,8.01,0.01,52,41652,买盘
699,14:21:00,8.0,--,93,74400,卖盘
700,14:20:57,8.0,-0.01,4,3200,卖盘
701,14:20:54,8.01,--,104,83304,买盘
702,14:20:51,8.01,0.01,67,53667,买盘
703,14:20:48,8.0,-0.01,180,144000,卖盘
704,14:20:45,8.01,--,98,78498,卖盘
705,14:20:42,8.01,--,370,296370,卖盘
706,14:20:39,8.01,--,57,45657,卖盘
707,14:20:36,8.01,--,256,205056,卖盘
708,14:20:33,8.01,--,92,73692,卖盘
709,14:20:30,8.01,--,70,56070,卖盘
710,14:20:27,8.01,-0.01,107,85707,卖盘
711,14:20:24,8.02,0.01,87,69774,买盘
712,14:20:21,8.01,-0.01,218,174618,卖盘
713,14:20:18,8.02,0.01,117,93834,买盘
714,14:20:15,8.01,--,157,125757,卖盘
715,14:20:12,8.01,-0.01,2045,1638045,卖盘
716,14:20:09,8.02,--,81,64962,买盘
717,14:20:06,8.02,0.01,16,12832,买盘
718,14:20:03,8.01,--,73,58473,卖盘
719,14:20:00,8.01,-0.01,401,321201,卖盘
720,14:19:57,8.02,0.01,81,64962,买盘
721,14:19:54,8.01,--,13,10413,卖盘
722,14:19:51,8.01,-0.01,73,58473,卖盘
723,14:19:48,8.02,--,7,5614,买盘
724,14:19:45,8.02,-0.01,684,548568,卖盘
725,14:19:42,8.03,0.01,66,52997,买盘
726,14:19:39,8.02,--,109,87418,卖盘
727,14:19:36,8.02,--,169,135538,卖盘
728,14:19:33,8.02,-0.01,18,14436,卖盘
729,14:19:30,8.03,0.01,302,242505,买盘
730,14:19:27,8.02,--,1009,809218,卖盘
731,14:19:24,8.02,--,296,237392,卖盘
732,14:19:21,8.02,--,105,84210,卖盘
733,14:19:18,8.02,--,5,4010,卖盘
734,14:19:15,8.02,--,11,8822,卖盘
735,14:19:12,8.02,--,194,155588,卖盘
736,14:19:09,8.02,--,37,29674,卖盘
737,14:19:06,8.02,--,58,46516,卖盘
738,14:19:03,8.02,-0.01,263,210926,卖盘
739,14:19:00,8.03,--,88,70664,买盘
740,14:18:57,8.03,0.01,83,66649,买盘
741,14:18:54,8.02,--,46,36892,卖盘
742,14:18:51,8.02,--,152,121904,卖盘
743,14:18:48,8.02,--,13,10426,卖盘
744,14:18:45,8.02,--,24,19248,卖盘
745,14:18:42,8.02,--,170,136340,卖盘
746,14:18:39,8.02,--,62,49724,卖盘
747,14:18:36,8.02,--,127,101854,卖盘
748,14:18:33,8.02,-0.01,12,9624,卖盘
749,14:18:30,8.03,--,56,44968,买盘
750,14:18:27,8.03,0.01,95,76285,买盘
751,14:18:24,8.02,--,164,131528,卖盘
752,14:18:21,8.02,--,63,50526,卖盘
753,14:18:18,8.02,-0.01,227,182054,卖盘
754,14:18:15,8.03,0.01,1986,1594757,买盘
755,14:18:12,8.02,--,11,8822,卖盘
756,14:18:09,8.02,-0.01,55,44110,卖盘
757,14:18:06,8.03,--,50,40150,买盘
758,14:18:03,8.03,0.01,16,12847,买盘
759,14:18:00,8.02,--,50,40100,卖盘
760,14:17:57,8.02,-0.01,85,68170,卖盘
761,14:17:54,8.03,0.01,252,202355,买盘
762,14:17:51,8.02,--,69,55338,卖盘
763,14:17:48,8.02,-0.01,9,7218,卖盘
764,14:17:45,8.03,0.01,351,281853,买盘
765,14:17:42,8.02,--,11,8822,卖盘
766,14:17:39,8.02,--,516,413832,卖盘
767,14:17:36,8.02,-0.01,86,68972,卖盘
768,14:17:33,8.03,--,74,59421,买盘
769,14:17:30,8.03,--,58,46573,买盘
770,14:17:27,8.03,--,115,92344,买盘
771,14:17:21,8.03,--,87,69861,买盘
772,14:17:15,8.03,0.01,33,26498,买盘
773,14:17:12,8.02,-0.01,384,307968,卖盘
774,14:17:09,8.03,--,631,506692,买盘
775,14:17:06,8.03,0.01,62,49785,买盘
776,14:17:03,8.02,-0.01,71,56942,卖盘
777,14:17:00,8.03,--,86,69058,买盘
778,14:16:57,8.03,--,4790,3846787,卖盘
779,14:16:54,8.03,--,17,13650,卖盘
780,14:16:51,8.03,-0.01,556,446467,卖盘
781,14:16:48,8.04,--,342,274967,买盘
782,14:16:45,8.04,0.01,97,77987,买盘
783,14:16:42,8.03,--,121,97162,卖盘
784,14:16:39,8.03,--,88,70664,卖盘
785,14:16:36,8.03,-0.01,18,14453,卖盘
786,14:16:33,8.04,--,67,53867,买盘
787,14:16:30,8.04,0.01,79,63515,买盘
788,14:16:27,8.03,--,117,93950,卖盘
789,14:16:24,8.03,-0.01,10,8029,卖盘
790,14:16:21,8.04,0.01,13,10451,买盘
791,14:16:18,8.03,-0.01,2,1605,卖盘
792,14:16:15,8.04,0.01,75,60299,买盘
793,14:16:09,8.03,-0.01,64,51391,卖盘
794,14:16:06,8.04,--,76,61103,买盘
795,14:16:03,8.04,--,23,18491,买盘
796,14:16:00,8.04,0.01,13,10451,买盘
797,14:15:57,8.03,--,119,95556,卖盘
798,14:15:54,8.03,-0.01,156,125267,卖盘
799,14:15:51,8.04,--,31,24923,买盘
800,14:15:48,8.04,--,2229,1792598,买盘
801,14:15:45,8.04,--,85,68340,买盘
802,14:15:42,8.04,--,218,175271,买盘
803,14:15:39,8.04,--,50,40199,买盘
804,14:15:36,8.04,--,102,82007,买盘
805,14:15:33,8.04,0.01,79,63515,买盘
806,14:15:30,8.03,--,3,2409,卖盘
807,14:15:27,8.03,-0.01,65,52194,卖盘
808,14:15:24,8.04,0.01,29,23315,买盘
809,14:15:21,8.03,-0.01,167,134261,卖盘
810,14:15:18,8.04,--,85,68340,卖盘
811,14:15:15,8.04,--,108,86831,卖盘
812,14:15:12,8.04,--,180,144719,买盘
813,14:15:09,8.04,--,82,65928,买盘
814,14:15:06,8.04,--,34,27335,买盘
815,14:15:03,8.04,--,1,803,买盘
816,14:15:00,8.04,0.01,175,140699,买盘
817,14:14:57,8.03,-0.01,57,45770,卖盘
818,14:14:54,8.04,--,230,184919,买盘
819,14:14:51,8.04,--,63,50651,买盘
820,14:14:48,8.04,--,506,406823,买盘
821,14:14:45,8.04,0.01,102,82007,买盘
822,14:14:42,8.03,-0.01,164,131692,卖盘
823,14:14:39,8.04,--,51,41003,买盘
824,14:14:36,8.04,0.01,102,82007,中性盘
825,14:14:33,8.03,-0.02,636,510707,卖盘
826,14:14:30,8.05,--,73,58765,买盘
827,14:14:27,8.05,0.01,1382,1112510,买盘
828,14:14:24,8.04,--,10,8039,买盘
829,14:14:21,8.04,-0.01,9,7235,中性盘
830,14:14:18,8.05,0.01,29,23345,买盘
831,14:14:15,8.04,--,612,492047,卖盘
832,14:14:12,8.04,-0.01,111,89243,卖盘
833,14:14:09,8.05,0.01,157,126385,买盘
834,14:14:06,8.04,-0.01,228,183311,卖盘
835,14:14:03,8.05,0.01,216,173880,买盘
836,14:14:00,8.04,--,109,87635,卖盘
837,14:13:57,8.04,--,143,114971,卖盘
838,14:13:54,8.04,--,908,730031,卖盘
839,14:13:51,8.04,--,437,351347,卖盘
840,14:13:48,8.04,-0.01,112,90047,卖盘
841,14:13:45,8.05,0.01,140,112700,买盘
842,14:13:42,8.04,--,111,89243,卖盘
843,14:13:39,8.04,-0.01,21,16884,卖盘
844,14:13:36,8.05,0.01,94,75670,买盘
845,14:13:33,8.04,--,412,331247,卖盘
846,14:13:30,8.04,--,81,65123,卖盘
847,14:13:27,8.04,--,86,69143,卖盘
848,14:13:24,8.04,--,215,172859,卖盘
849,14:13:21,8.04,-0.01,97,77987,卖盘
850,14:13:18,8.05,0.01,144,115920,买盘
851,14:13:15,8.04,--,121,97283,卖盘
852,14:13:12,8.04,--,184,147935,卖盘
853,14:13:09,8.04,--,137,110147,卖盘
854,14:13:06,8.04,-0.01,2,1607,卖盘
855,14:13:03,8.05,--,2,1610,买盘
856,14:13:00,8.05,0.01,130,104650,买盘
857,14:12:57,8.04,-0.01,154,123815,卖盘
858,14:12:54,8.05,0.01,19,15295,买盘
859,14:12:51,8.04,-0.01,38,30551,卖盘
860,14:12:48,8.05,--,165,132825,买盘
861,14:12:45,8.05,0.01,178,143290,买盘
862,14:12:42,8.04,--,100,80399,卖盘
863,14:12:39,8.04,--,339,272556,卖盘
864,14:12:36,8.04,-0.01,124,99695,卖盘
865,14:12:33,8.05,0.01,253,203665,买盘
866,14:12:30,8.04,--,6,4823,卖盘
867,14:12:27,8.04,-0.01,127,102107,卖盘
868,14:12:24,8.05,0.01,102,82110,买盘
869,14:12:21,8.04,--,84,67536,卖盘
870,14:12:18,8.04,-0.01,62,49847,卖盘
871,14:12:15,8.05,--,56,45080,买盘
872,14:12:12,8.05,0.01,113,90965,买盘
873,14:12:09,8.04,-0.01,26,20903,卖盘
874,14:12:06,8.05,0.01,179,144095,买盘
875,14:12:03,8.04,-0.01,266,213863,卖盘
876,14:12:00,8.05,0.01,132,106260,买盘
877,14:11:57,8.04,--,36,28943,卖盘
878,14:11:54,8.04,--,474,381095,卖盘
879,14:11:51,8.04,0.01,235,188939,买盘
880,14:11:48,8.03,-0.01,74,59421,卖盘
881,14:11:45,8.04,--,73,58691,买盘
882,14:11:42,8.04,--,168,135072,卖盘
883,14:11:39,8.04,--,202,162407,卖盘
884,14:11:36,8.04,--,53,42611,卖盘
885,14:11:33,8.04,--,53,42611,卖盘
886,14:11:30,8.04,--,103,82811,卖盘
887,14:11:27,8.04,-0.01,135,108539,卖盘
888,14:11:24,8.05,0.01,46,37030,买盘
889,14:11:21,8.04,--,8,6431,卖盘
890,14:11:18,8.04,--,144,115775,卖盘
891,14:11:15,8.04,--,72,57887,买盘
892,14:11:12,8.04,0.01,85,68340,买盘
893,14:11:09,8.03,-0.01,47,37741,卖盘
894,14:11:06,8.04,-0.01,32,25727,买盘
895,14:11:03,8.05,0.01,62,49910,买盘
896,14:11:00,8.04,--,63,50651,卖盘
897,14:10:57,8.04,--,205,164819,卖盘
898,14:10:54,8.04,0.01,49,39395,卖盘
899,14:10:51,8.03,-0.01,794,637582,卖盘
900,14:10:48,8.04,--,10,8039,买盘
901,14:10:45,8.04,--,106,85223,买盘
902,14:10:42,8.04,--,16,12863,买盘
903,14:10:39,8.04,--,213,171251,买盘
904,14:10:36,8.04,--,184,147935,买盘
905,14:10:33,8.04,--,168,135072,买盘
906,14:10:30,8.04,--,1,803,买盘
907,14:10:27,8.04,--,41,32964,买盘
908,14:10:24,8.04,--,383,307931,买盘
909,14:10:21,8.04,--,30,24119,买盘
910,14:10:18,8.04,--,4,3215,买盘
911,14:10:15,8.04,--,76,61264,卖盘
912,14:10:12,8.04,--,157,126227,卖盘
913,14:10:09,8.04,--,56,45023,卖盘
914,14:10:06,8.04,--,192,154367,卖盘
915,14:10:03,8.04,-0.01,51,41003,卖盘
916,14:10:00,8.05,0.01,43,34615,买盘
917,14:09:57,8.04,--,1412,1135891,买盘
918,14:09:54,8.04,--,1017,817667,买盘
919,14:09:51,8.04,0.01,62,49847,买盘
920,14:09:48,8.03,-0.01,26,20878,卖盘
921,14:09:45,8.04,--,86,69143,买盘
922,14:09:42,8.04,0.01,45,36179,买盘
923,14:09:39,8.03,--,101,81103,卖盘
924,14:09:36,8.03,-0.01,302,242505,卖盘
925,14:09:33,8.04,0.01,38,30551,买盘
926,14:09:30,8.03,-0.01,50,40150,卖盘
927,14:09:27,8.04,0.01,57,45827,买盘
928,14:09:24,8.03,-0.01,15,12044,卖盘
929,14:09:21,8.04,--,41,32964,买盘
930,14:09:18,8.04,0.01,104,83615,买盘
931,14:09:15,8.03,-0.01,2,1605,卖盘
932,14:09:12,8.04,--,144,115775,买盘
933,14:09:06,8.04,--,203,163211,买盘
934,14:09:03,8.04,0.01,64,51455,买盘
935,14:09:00,8.03,--,32,25695,卖盘
936,14:08:57,8.03,-0.01,3,2409,卖盘
937,14:08:54,8.04,--,274,220295,买盘
938,14:08:51,8.04,--,35,28139,买盘
939,14:08:48,8.04,--,38,30551,买盘
940,14:08:45,8.04,0.01,79,63515,买盘
941,14:08:42,8.03,-0.01,40,32119,卖盘
942,14:08:39,8.04,--,44,35375,买盘
943,14:08:36,8.04,--,102,82007,买盘
944,14:08:33,8.04,0.01,78,62711,买盘
945,14:08:30,8.03,-0.01,91,73073,卖盘
946,14:08:27,8.04,0.01,24,19295,买盘
947,14:08:24,8.03,-0.01,59,47376,卖盘
948,14:08:21,8.04,0.01,119,95675,买盘
949,14:08:18,8.03,-0.01,97,77891,卖盘
950,14:08:15,8.04,0.01,77,61907,买盘
951,14:08:12,8.03,--,78,62633,卖盘
952,14:08:09,8.03,-0.01,42,33726,卖盘
953,14:08:06,8.04,--,365,293459,买盘
954,14:08:03,8.04,--,709,570035,买盘
955,14:08:00,8.04,--,66,53063,买盘
956,14:07:57,8.04,0.01,149,119795,买盘
957,14:07:54,8.03,--,108,86724,卖盘
958,14:07:51,8.03,-0.01,64,51391,卖盘
959,14:07:48,8.04,--,108,86831,买盘
960,14:07:45,8.04,--,106,85931,买盘
961,14:07:42,8.04,0.01,17,13667,买盘
962,14:07:39,8.03,--,143,114828,卖盘
963,14:07:36,8.03,--,76,61027,卖盘
964,14:07:33,8.03,-0.01,187,150161,卖盘
965,14:07:30,8.04,--,262,210647,买盘
966,14:07:27,8.04,--,72,57887,买盘
967,14:07:24,8.04,0.01,6,4823,买盘
968,14:07:21,8.03,--,102,81906,卖盘
969,14:07:18,8.03,--,126,101177,卖盘
970,14:07:15,8.03,--,32,25695,卖盘
971,14:07:12,8.03,--,20,16059,卖盘
972,14:07:09,8.03,--,21,16863,卖盘
973,14:07:06,8.03,-0.01,82,65846,卖盘
974,14:07:03,8.04,0.01,91,73163,买盘
975,14:07:00,8.03,-0.01,44,35332,卖盘
976,14:06:57,8.04,--,20,16079,买盘
977,14:06:54,8.04,--,138,110951,买盘
978,14:06:51,8.04,--,1,803,买盘
979,14:06:48,8.04,--,54,43415,买盘
980,14:06:45,8.04,--,54,43415,买盘
981,14:06:42,8.04,0.01,128,102911,买盘
982,14:06:39,8.03,--,222,178266,卖盘
983,14:06:36,8.03,--,38,30513,卖盘
984,14:06:33,8.03,-0.01,175,140525,卖盘
985,14:06:30,8.04,--,79,63515,买盘
986,14:06:27,8.04,0.01,251,201803,买盘
987,14:06:24,8.03,--,33,26498,卖盘
988,14:06:21,8.03,-0.01,162,130085,卖盘
989,14:06:18,8.04,--,81,65123,买盘
990,14:06:15,8.04,--,76,61103,买盘
991,14:06:12,8.04,0.01,44,35375,买盘
992,14:06:09,8.03,-0.01,72,57815,卖盘
993,14:06:06,8.04,--,6,4823,买盘
994,14:06:03,8.04,--,17,13667,买盘
995,14:06:00,8.04,--,7,5627,买盘
996,14:05:57,8.04,--,119,95675,买盘
997,14:05:54,8.04,--,121,97283,买盘
998,14:05:51,8.04,--,34,27335,买盘
999,14:05:48,8.04,-0.01,169,135876,卖盘
1000,14:05:45,8.05,0.01,245,197225,买盘
1001,14:05:42,8.04,-0.01,24,19295,中性盘
1002,14:05:39,8.05,--,258,207690,买盘
1003,14:05:36,8.05,0.01,70,56350,买盘
1004,14:05:33,8.04,-0.01,610,490439,卖盘
1005,14:05:30,8.05,0.01,16,12880,买盘
1006,14:05:27,8.04,--,230,184919,卖盘
1007,14:05:24,8.04,--,207,166427,卖盘
1008,14:05:21,8.04,--,189,151955,卖盘
1009,14:05:18,8.04,--,517,415667,卖盘
1010,14:05:15,8.04,-0.01,140,112559,卖盘
1011,14:05:12,8.05,0.01,33,26565,买盘
1012,14:05:09,8.04,--,116,93263,卖盘
1013,14:05:06,8.04,-0.01,267,214667,卖盘
1014,14:05:03,8.05,0.01,71,57155,买盘
1015,14:05:00,8.04,-0.01,10,8039,卖盘
1016,14:04:57,8.05,0.01,152,122360,买盘
1017,14:04:54,8.04,--,48,38591,卖盘
1018,14:04:51,8.04,--,83,66732,卖盘
1019,14:04:48,8.04,-0.01,148,118991,卖盘
1020,14:04:45,8.05,--,118,94990,买盘
1021,14:04:42,8.05,0.01,183,147315,买盘
1022,14:04:36,8.04,--,40,32159,卖盘
1023,14:04:33,8.04,-0.01,305,245219,卖盘
1024,14:04:30,8.05,--,80,64400,买盘
1025,14:04:27,8.05,--,130,104650,买盘
1026,14:04:24,8.05,--,66,53130,买盘
1027,14:04:21,8.05,--,56,45080,买盘
1028,14:04:18,8.05,--,116,93380,买盘
1029,14:04:15,8.05,--,294,236670,买盘
1030,14:04:12,8.05,0.01,56,45080,买盘
1031,14:04:09,8.04,-0.01,202,162407,卖盘
1032,14:04:06,8.05,0.01,18,14490,买盘
1033,14:04:03,8.04,--,113,90851,卖盘
1034,14:04:00,8.04,--,22,17687,卖盘
1035,14:03:57,8.04,--,133,106931,卖盘
1036,14:03:54,8.04,--,118,94871,卖盘
1037,14:03:51,8.04,--,70,56279,卖盘
1038,14:03:48,8.04,-0.01,40,32159,卖盘
1039,14:03:45,8.05,0.01,293,235865,买盘
1040,14:03:42,8.04,--,356,286223,卖盘
1041,14:03:39,8.04,--,151,121403,卖盘
1042,14:03:36,8.04,--,208,167231,卖盘
1043,14:03:33,8.04,-0.01,138,110951,卖盘
1044,14:03:30,8.05,0.01,17,13685,买盘
1045,14:03:27,8.04,-0.01,238,191351,卖盘
1046,14:03:24,8.05,0.01,177,142485,买盘
1047,14:03:21,8.04,-0.01,9,7235,卖盘
1048,14:03:18,8.05,--,59,47495,买盘
1049,14:03:15,8.05,0.01,51,41055,买盘
1050,14:03:12,8.04,-0.01,455,365819,卖盘
1051,14:03:09,8.05,0.01,93,74865,买盘
1052,14:03:06,8.04,--,285,229139,卖盘
1053,14:03:03,8.04,-0.01,92,73967,卖盘
1054,14:03:00,8.05,--,1091,878255,买盘
1055,14:02:57,8.05,--,232,186760,买盘
1056,14:02:54,8.05,--,79,63595,买盘
1057,14:02:51,8.05,--,67,53935,买盘
1058,14:02:48,8.05,--,10,8050,买盘
1059,14:02:45,8.05,--,93,74865,买盘
1060,14:02:42,8.05,0.01,100,80500,买盘
1061,14:02:39,8.04,--,58,46631,卖盘
1062,14:02:36,8.04,--,20,16079,卖盘
1063,14:02:33,8.04,--,81,65123,卖盘
1064,14:02:30,8.04,-0.01,114,91655,卖盘
1065,14:02:27,8.05,0.01,33,26565,买盘
1066,14:02:24,8.04,--,145,116579,卖盘
1067,14:02:21,8.04,-0.01,58,46631,卖盘
1068,14:02:18,8.05,0.01,86,69230,买盘
1069,14:02:15,8.04,--,127,102107,卖盘
1070,14:02:12,8.04,--,485,389939,卖盘
1071,14:02:09,8.04,-0.01,188,151151,卖盘
1072,14:02:06,8.05,--,80,64400,买盘
1073,14:02:03,8.05,0.01,206,165830,买盘
1074,14:02:00,8.04,--,87,69947,卖盘
1075,14:01:57,8.04,--,87,69947,卖盘
1076,14:01:54,8.04,--,454,365015,卖盘
1077,14:01:51,8.04,--,830,667319,买盘
1078,14:01:48,8.04,--,470,377879,买盘
1079,14:01:45,8.04,--,151,121403,买盘
1080,14:01:42,8.04,--,1106,889223,买盘
1081,14:01:39,8.04,-0.01,615,494459,卖盘
1082,14:01:36,8.05,0.01,117,94185,买盘
1083,14:01:33,8.04,--,194,155975,卖盘
1084,14:01:30,8.04,--,2,1607,卖盘
1085,14:01:27,8.04,--,4,3215,卖盘
1086,14:01:24,8.04,--,164,131856,卖盘
1087,14:01:21,8.04,--,275,221099,卖盘
1088,14:01:18,8.04,--,22,17687,卖盘
1089,14:01:15,8.04,--,382,307127,卖盘
1090,14:01:12,8.04,--,73,58691,买盘
1091,14:01:09,8.04,--,258,207431,卖盘
1092,14:01:06,8.04,--,42,33768,卖盘
1093,14:01:03,8.04,--,212,170447,买盘
1094,14:01:00,8.04,0.01,305,245219,买盘
1095,14:00:57,8.03,--,903,725109,卖盘
1096,14:00:54,8.03,--,245,196734,卖盘
1097,14:00:51,8.03,-0.01,367,294701,卖盘
1098,14:00:48,8.04,--,510,410039,买盘
1099,14:00:45,8.04,--,790,635159,买盘
1100,14:00:42,8.04,0.01,1161,933443,买盘
1101,14:00:39,8.03,-0.01,160,128479,卖盘
1102,14:00:36,8.04,--,375,301499,买盘
1103,14:00:33,8.04,--,15,12059,买盘
1104,14:00:30,8.04,0.01,223,179291,买盘
1105,14:00:27,8.03,--,80,64239,卖盘
1106,14:00:24,8.03,-0.01,43,34529,卖盘
1107,14:00:21,8.04,--,15,12059,买盘
1108,14:00:18,8.04,--,188,151151,买盘
1109,14:00:15,8.04,0.01,1319,1060476,买盘
1110,14:00:12,8.03,--,35,28104,卖盘
1111,14:00:09,8.03,-0.01,239,191916,卖盘
1112,14:00:06,8.04,--,641,515363,买盘
1113,14:00:03,8.04,--,409,328835,买盘
1114,14:00:00,8.04,0.01,282,226727,买盘
1115,13:59:57,8.03,-0.01,221,177463,卖盘
1116,13:59:54,8.04,0.01,110,88439,买盘
1117,13:59:51,8.03,--,452,362956,卖盘
1118,13:59:48,8.03,-0.01,126,101177,卖盘
1119,13:59:45,8.04,--,173,139091,买盘
1120,13:59:42,8.04,0.01,70,56279,买盘
1121,13:59:39,8.03,-0.01,1,802,卖盘
1122,13:59:36,8.04,--,151,121403,买盘
1123,13:59:33,8.04,0.01,114,91655,买盘
1124,13:59:30,8.03,--,165,132495,卖盘
1125,13:59:24,8.03,-0.01,37,29710,卖盘
1126,13:59:21,8.04,0.01,249,200195,买盘
1127,13:59:18,8.03,-0.01,128,102783,卖盘
1128,13:59:15,8.04,0.01,45,36179,买盘
1129,13:59:12,8.03,--,111,89133,卖盘
1130,13:59:09,8.03,--,16,12847,卖盘
1131,13:59:06,8.03,-0.01,76,61027,卖盘
1132,13:59:03,8.04,--,653,525012,买盘
1133,13:59:00,8.04,0.01,134,107735,买盘
1134,13:58:57,8.03,-0.01,27,21681,卖盘
1135,13:58:54,8.04,--,134,107735,买盘
1136,13:58:51,8.04,--,52,41807,买盘
1137,13:58:48,8.04,0.01,199,159995,买盘
1138,13:58:45,8.03,--,536,430407,卖盘
1139,13:58:42,8.03,--,150,120449,卖盘
1140,13:58:39,8.03,--,608,488223,卖盘
1141,13:58:36,8.03,--,5,4014,卖盘
1142,13:58:33,8.03,--,505,405514,卖盘
1143,13:58:30,8.03,-0.01,263,211188,卖盘
1144,13:58:27,8.04,0.01,98,78791,买盘
1145,13:58:24,8.03,-0.01,242,194325,卖盘
1146,13:58:21,8.04,0.01,113,90851,买盘
1147,13:58:18,8.03,-0.01,613,492238,卖盘
1148,13:58:15,8.04,0.01,114,91655,买盘
1149,13:58:12,8.03,-0.01,2,1605,卖盘
1150,13:58:09,8.04,--,120,96479,买盘
1151,13:58:06,8.04,0.01,156,125423,买盘
1152,13:58:03,8.03,-0.01,86,69058,卖盘
1153,13:58:00,8.04,0.01,48,38591,买盘
1154,13:57:57,8.03,--,255,204764,卖盘
1155,13:57:54,8.03,-0.01,119,95556,卖盘
1156,13:57:51,8.04,--,46,36983,买盘
1157,13:57:48,8.04,0.01,165,132660,买盘
1158,13:57:45,8.03,-0.01,294,236724,卖盘
1159,13:57:42,8.04,0.01,579,465515,买盘
1160,13:57:39,8.03,--,55,44165,买盘
1161,13:57:36,8.03,-0.01,102,81906,卖盘
1162,13:57:33,8.04,0.01,258,207431,买盘
1163,13:57:30,8.03,--,20,16059,卖盘
1164,13:57:27,8.03,--,166,133298,卖盘
1165,13:57:24,8.03,0.01,145,116434,买盘
1166,13:57:21,8.02,-0.01,224,179648,卖盘
1167,13:57:18,8.03,--,171,137313,买盘
1168,13:57:15,8.03,--,30,24089,买盘
1169,13:57:12,8.03,--,79,63436,买盘
1170,13:57:09,8.03,--,109,87527,买盘
1171,13:57:06,8.03,--,81,65042,买盘
1172,13:57:03,8.03,--,94,75482,买盘
1173,13:57:00,8.03,--,197,158191,买盘
1174,13:56:57,8.03,0.01,3,2409,买盘
1175,13:56:54,8.02,-0.01,261,209322,卖盘
1176,13:56:51,8.03,--,14,11242,买盘
1177,13:56:48,8.03,--,164,131692,买盘
1178,13:56:45,8.03,--,155,124464,买盘
1179,13:56:42,8.03,--,26,20878,买盘
1180,13:56:39,8.03,-0.01,27,21681,卖盘
1181,13:56:36,8.04,0.01,311,250043,买盘
1182,13:56:33,8.03,--,122,97965,卖盘
1183,13:56:30,8.03,--,110,88330,卖盘
1184,13:56:27,8.03,--,297,238490,买盘
1185,13:56:24,8.03,--,86,69058,买盘
1186,13:56:21,8.03,--,28,22484,买盘
1187,13:56:18,8.03,0.01,35,28104,卖盘
1188,13:56:15,8.02,-0.01,160,128320,卖盘
1189,13:56:12,8.03,--,322,258565,买盘
1190,13:56:06,8.03,--,90,72270,买盘
1191,13:56:03,8.03,--,104,83512,买盘
1192,13:56:00,8.03,--,19,15256,买盘
1193,13:55:57,8.03,--,61,48982,买盘
1194,13:55:54,8.03,--,205,164615,卖盘
1195,13:55:51,8.03,-0.01,30,24089,卖盘
1196,13:55:48,8.04,0.01,1,803,买盘
1197,13:55:45,8.03,--,240,192719,卖盘
1198,13:55:42,8.03,-0.01,247,198340,卖盘
1199,13:55:39,8.04,0.01,353,283811,买盘
1200,13:55:36,8.03,--,575,461724,卖盘
1201,13:55:33,8.03,-0.01,113,90739,卖盘
1202,13:55:30,8.04,0.01,143,114971,买盘
1203,13:55:27,8.03,-0.01,10,8029,卖盘
1204,13:55:24,8.04,0.01,11,8843,买盘
1205,13:55:21,8.03,--,154,123661,卖盘
1206,13:55:18,8.03,--,33,26498,买盘
1207,13:55:15,8.03,0.01,23,18469,买盘
1208,13:55:12,8.02,-0.01,119,95919,卖盘
1209,13:55:09,8.03,0.01,291,233672,买盘
1210,13:55:06,8.02,-0.01,287,230174,卖盘
1211,13:55:03,8.03,0.01,188,150964,买盘
1212,13:55:00,8.02,-0.01,262,210124,卖盘
1213,13:54:57,8.03,--,83,66649,买盘
1214,13:54:54,8.03,0.01,155,124464,买盘
1215,13:54:51,8.02,--,68,54536,卖盘
1216,13:54:48,8.02,--,510,409020,卖盘
1217,13:54:45,8.02,--,101,81483,卖盘
1218,13:54:42,8.02,-0.01,188,150776,卖盘
1219,13:54:39,8.03,--,451,362153,买盘
1220,13:54:36,8.03,--,124,99571,买盘
1221,13:54:33,8.03,0.01,60,48179,买盘
1222,13:54:30,8.02,--,69,55338,卖盘
1223,13:54:27,8.02,--,389,311978,卖盘
1224,13:54:24,8.02,--,77,61754,卖盘
1225,13:54:21,8.02,--,212,170024,卖盘
1226,13:54:18,8.02,--,84,67368,卖盘
1227,13:54:15,8.02,--,140,112280,卖盘
1228,13:54:09,8.02,--,612,490824,卖盘
1229,13:54:06,8.02,-0.01,521,417842,卖盘
1230,13:54:03,8.03,0.01,167,134101,买盘
1231,13:54:00,8.02,-0.01,123,98646,卖盘
1232,13:53:57,8.03,--,16,12847,买盘
1233,13:53:54,8.03,0.01,216,173448,买盘
1234,13:53:51,8.02,-0.01,2633,2111666,卖盘
1235,13:53:48,8.03,0.01,57,45770,买盘
1236,13:53:45,8.02,--,231,185262,买盘
1237,13:53:42,8.02,-0.01,188,150776,卖盘
1238,13:53:39,8.03,0.01,252,202355,买盘
1239,13:53:36,8.02,--,29,23258,卖盘
1240,13:53:33,8.02,--,73,58546,卖盘
1241,13:53:30,8.02,-0.01,204,163608,卖盘
1242,13:53:27,8.03,0.01,230,184689,买盘
1243,13:53:24,8.02,--,1621,1300042,卖盘
1244,13:53:21,8.02,-0.01,160,128320,卖盘
1245,13:53:18,8.03,0.01,149,119646,买盘
1246,13:53:15,8.02,--,43,34486,卖盘
1247,13:53:12,8.02,-0.01,120,96240,卖盘
1248,13:53:09,8.03,--,128,102783,买盘
1249,13:53:06,8.03,--,193,154979,买盘
1250,13:53:03,8.03,0.01,148,118843,买盘
1251,13:53:00,8.02,-0.01,341,273482,卖盘
1252,13:52:57,8.03,0.01,186,149358,买盘
1253,13:52:54,8.02,--,52,41704,卖盘
1254,13:52:51,8.02,--,409,328018,卖盘
1255,13:52:48,8.02,-0.01,199,159598,卖盘
1256,13:52:45,8.03,0.01,11,8833,买盘
1257,13:52:42,8.02,--,233,186866,卖盘
1258,13:52:39,8.02,--,262,210124,卖盘
1259,13:52:36,8.02,-0.01,85,68170,卖盘
1260,13:52:33,8.03,0.01,135,108404,买盘
1261,13:52:30,8.02,--,10,8020,卖盘
1262,13:52:27,8.02,--,359,287918,卖盘
1263,13:52:24,8.02,--,115,92230,卖盘
1264,13:52:21,8.02,--,40,32080,卖盘
1265,13:52:18,8.02,--,37,29674,卖盘
1266,13:52:15,8.02,--,115,92230,卖盘
1267,13:52:12,8.02,--,127,101854,卖盘
1268,13:52:09,8.02,-0.01,40,32080,卖盘
1269,13:52:06,8.03,0.01,1,802,买盘
1270,13:52:03,8.02,--,151,121102,买盘
1271,13:52:00,8.02,0.01,47,37694,买盘
1272,13:51:57,8.01,-0.01,9,7209,卖盘
1273,13:51:54,8.02,--,94,75388,买盘
1274,13:51:51,8.02,-0.01,243,195206,卖盘
1275,13:51:48,8.03,0.01,2239,1797916,买盘
1276,13:51:45,8.02,--,41,33523,卖盘
1277,13:51:42,8.02,-0.01,69,55338,卖盘
1278,13:51:39,8.03,0.01,164,131692,买盘
1279,13:51:36,8.02,-0.01,14,11228,卖盘
1280,13:51:33,8.03,0.01,201,161403,买盘
1281,13:51:30,8.02,-0.01,203,162806,卖盘
1282,13:51:27,8.03,--,93,74679,买盘
1283,13:51:24,8.03,--,101,81103,买盘
1284,13:51:21,8.03,--,130,104389,买盘
1285,13:51:18,8.03,--,135,108404,买盘
1286,13:51:15,8.03,--,57,45770,买盘
1287,13:51:12,8.03,--,220,176660,买盘
1288,13:51:09,8.03,--,86,69058,买盘
1289,13:51:06,8.03,--,106,85118,买盘
1290,13:51:03,8.03,--,224,179872,买盘
1291,13:51:00,8.03,--,46,36938,买盘
1292,13:50:57,8.03,0.01,635,509904,买盘
1293,13:50:54,8.02,-0.01,138,110676,卖盘
1294,13:50:51,8.03,0.01,870,698610,买盘
1295,13:50:48,8.02,-0.01,571,457942,卖盘
1296,13:50:45,8.03,0.01,734,589402,买盘
1297,13:50:42,8.02,--,205,164410,卖盘
1298,13:50:39,8.02,--,149,119498,卖盘
1299,13:50:36,8.02,-0.01,129,103458,卖盘
1300,13:50:33,8.03,0.01,242,194968,买盘
1301,13:50:30,8.02,--,53,42506,卖盘
1302,13:50:27,8.02,0.01,144,115488,买盘
1303,13:50:24,8.01,-0.01,48,38448,卖盘
1304,13:50:21,8.02,--,133,106666,买盘
1305,13:50:18,8.02,0.01,13,10426,买盘
1306,13:50:15,8.01,--,152,121752,卖盘
1307,13:50:12,8.01,-0.01,318,254718,卖盘
1308,13:50:09,8.02,--,445,356890,买盘
1309,13:50:06,8.02,--,214,171628,买盘
1310,13:50:03,8.02,0.01,287,230174,买盘
1311,13:50:00,8.01,--,189,151389,卖盘
1312,13:49:57,8.01,-0.01,5,4005,卖盘
1313,13:49:54,8.02,0.01,283,226966,买盘
1314,13:49:51,8.01,-0.01,86,68886,卖盘
1315,13:49:48,8.02,--,116,93032,卖盘
1316,13:49:45,8.02,--,61,48922,买盘
1317,13:49:42,8.02,--,413,331226,买盘
1318,13:49:39,8.02,--,223,178846,买盘
1319,13:49:36,8.02,--,390,312780,买盘
1320,13:49:33,8.02,--,236,189272,买盘
1321,13:49:30,8.02,0.01,176,141152,买盘
1322,13:49:27,8.01,--,149,119349,卖盘
1323,13:49:24,8.01,-0.01,12,9612,卖盘
1324,13:49:21,8.02,0.01,235,188470,买盘
1325,13:49:18,8.01,-0.01,35,28035,卖盘
1326,13:49:15,8.02,0.01,104,83408,买盘
1327,13:49:12,8.01,--,82,65682,卖盘
1328,13:49:09,8.01,-0.01,98,78498,卖盘
1329,13:49:06,8.02,--,124,99448,买盘
1330,13:49:03,8.02,0.01,111,89022,买盘
1331,13:49:00,8.01,--,38,30438,卖盘
1332,13:48:57,8.01,-0.01,70,56070,卖盘
1333,13:48:54,8.02,--,157,125914,买盘
1334,13:48:51,8.02,0.01,102,81804,买盘
1335,13:48:48,8.01,-0.01,68,54468,卖盘
1336,13:48:45,8.02,--,20,16040,买盘
1337,13:48:42,8.02,--,169,135538,买盘
1338,13:48:39,8.02,--,155,124310,卖盘
1339,13:48:36,8.02,--,50,40100,卖盘
1340,13:48:33,8.02,--,267,214134,买盘
1341,13:48:30,8.02,--,227,182054,买盘
1342,13:48:27,8.02,0.01,167,133934,买盘
1343,13:48:24,8.01,-0.01,22,17622,卖盘
1344,13:48:21,8.02,--,848,680096,卖盘
1345,13:48:18,8.02,-0.01,39,31278,卖盘
1346,13:48:15,8.03,0.01,18,14453,买盘
1347,13:48:12,8.02,-0.01,139,111478,卖盘
1348,13:48:09,8.03,0.01,110,88330,买盘
1349,13:48:06,8.02,--,110,88220,卖盘
1350,13:48:03,8.02,--,589,472378,卖盘
1351,13:48:00,8.02,-0.01,332,266264,卖盘
1352,13:47:57,8.03,0.01,111,89133,买盘
1353,13:47:54,8.02,--,67,53734,卖盘
1354,13:47:51,8.02,-0.01,319,255838,卖盘
1355,13:47:48,8.03,--,675,542025,买盘
1356,13:47:45,8.03,0.01,1151,924252,买盘
1357,13:47:42,8.02,-0.01,30,24060,卖盘
1358,13:47:39,8.03,--,53,42559,买盘
1359,13:47:36,8.03,0.01,516,414347,买盘
1360,13:47:33,8.02,-0.01,182,145964,卖盘
1361,13:47:30,8.03,0.01,213,171039,买盘
1362,13:47:27,8.02,-0.01,142,113884,卖盘
1363,13:47:24,8.03,--,82,65846,买盘
1364,13:47:21,8.03,--,125,100374,买盘
1365,13:47:18,8.03,--,79,63436,买盘
1366,13:47:15,8.03,--,427,342881,买盘
1367,13:47:12,8.03,0.01,48,38544,买盘
1368,13:47:09,8.02,--,75,60150,卖盘
1369,13:47:06,8.02,-0.01,18,14436,卖盘
1370,13:47:03,8.03,0.01,165,132495,买盘
1371,13:47:00,8.02,--,263,210926,卖盘
1372,13:46:57,8.02,-0.01,316,253432,卖盘
1373,13:46:54,8.03,--,148,118843,买盘
1374,13:46:51,8.03,--,224,179872,买盘
1375,13:46:45,8.03,--,11,8833,买盘
1376,13:46:42,8.03,--,330,264990,卖盘
1377,13:46:39,8.03,-0.01,146,117237,中性盘
1378,13:46:36,8.04,--,272,219299,买盘
1379,13:46:33,8.04,0.01,194,155975,买盘
1380,13:46:30,8.03,--,300,240899,卖盘
1381,13:46:27,8.03,-0.01,188,150964,卖盘
1382,13:46:24,8.04,0.01,115,92459,买盘
1383,13:46:21,8.03,-0.01,174,139722,卖盘
1384,13:46:18,8.04,--,321,258083,买盘
1385,13:46:15,8.04,--,1162,934247,买盘
1386,13:46:12,8.04,--,233,187331,买盘
1387,13:46:09,8.04,--,697,560580,买盘
1388,13:46:06,8.04,0.01,44,35375,买盘
1389,13:46:03,8.03,-0.01,704,565312,卖盘
1390,13:46:00,8.04,0.01,79,63515,买盘
1391,13:45:57,8.03,-0.01,1176,944327,卖盘
1392,13:45:54,8.04,0.01,108,86831,买盘
1393,13:45:51,8.03,--,1154,926661,卖盘
1394,13:45:48,8.03,-0.01,155,124464,卖盘
1395,13:45:45,8.04,0.01,796,639983,买盘
1396,13:45:42,8.03,-0.01,1208,970023,卖盘
1397,13:45:39,8.04,--,1205,968819,买盘
1398,13:45:36,8.04,--,524,421295,买盘
1399,13:45:33,8.04,--,696,559583,买盘
1400,13:45:30,8.04,--,2592,2083967,买盘
1401,13:45:27,8.04,--,159,127835,买盘
1402,13:45:24,8.04,0.01,241,193763,买盘
1403,13:45:21,8.03,--,1512,1214136,卖盘
1404,13:45:18,8.03,-0.01,1147,921040,卖盘
1405,13:45:15,8.04,--,552,443807,买盘
1406,13:45:12,8.04,--,390,313559,卖盘
1407,13:45:09,8.04,--,61,49043,卖盘
1408,13:45:06,8.04,--,538,432551,买盘
1409,13:45:03,8.04,--,1625,1306499,买盘
1410,13:45:00,8.04,--,1295,1041179,买盘
1411,13:44:57,8.04,--,1655,1330619,买盘
1412,13:44:54,8.04,--,500,401999,买盘
1413,13:44:51,8.04,--,779,626315,买盘
1414,13:44:48,8.04,0.01,695,558779,买盘
1415,13:44:45,8.03,-0.01,271,217612,卖盘
1416,13:44:42,8.04,-0.01,1283,1031531,卖盘
1417,13:44:39,8.05,0.01,385,309925,买盘
1418,13:44:36,8.04,--,695,558779,卖盘
1419,13:44:33,8.04,0.01,378,303911,买盘
1420,13:44:30,8.03,-0.01,793,636779,卖盘
1421,13:44:27,8.04,0.01,875,703499,买盘
1422,13:44:24,8.03,-0.01,418,335654,卖盘
1423,13:44:21,8.04,--,203,163211,买盘
1424,13:44:18,8.04,0.02,418,336071,买盘
1425,13:44:15,8.02,-0.01,1757,1409154,卖盘
1426,13:44:12,8.03,--,1300,1043899,买盘
1427,13:44:09,8.03,--,311,249732,买盘
1428,13:44:06,8.03,--,744,597432,买盘
1429,13:44:03,8.03,0.01,188,150964,买盘
1430,13:44:00,8.02,--,23,18446,卖盘
1431,13:43:57,8.02,--,788,632296,买盘
1432,13:43:54,8.02,--,392,314384,买盘
1433,13:43:51,8.02,--,2676,2146152,买盘
1434,13:43:48,8.02,--,153,122706,买盘
1435,13:43:45,8.02,0.01,719,576638,买盘
1436,13:43:42,8.01,--,447,358047,卖盘
1437,13:43:39,8.01,-0.01,102,81702,卖盘
1438,13:43:36,8.02,--,382,306364,买盘
1439,13:43:33,8.02,--,381,305562,买盘
1440,13:43:30,8.02,0.01,876,703033,买盘
1441,13:43:27,8.01,--,476,381276,买盘
1442,13:43:24,8.01,--,1514,1212714,买盘
1443,13:43:21,8.01,--,1230,985230,买盘
1444,13:43:18,8.01,--,1057,846657,买盘
1445,13:43:15,8.01,0.01,70,56070,买盘
1446,13:43:12,8.0,-0.01,166,132800,卖盘
1447,13:43:09,8.01,0.01,2067,1655667,买盘
1448,13:43:06,8.0,--,10756,8604800,买盘
1449,13:43:03,8.0,--,582,465600,买盘
1450,13:43:00,8.0,--,410,328000,买盘
1451,13:42:57,8.0,--,134,107200,买盘
1452,13:42:54,8.0,0.01,1314,1051200,买盘
1453,13:42:51,7.99,-0.01,147,117453,卖盘
1454,13:42:48,8.0,--,106,84800,买盘
1455,13:42:45,8.0,--,12,9600,买盘
1456,13:42:42,8.0,0.01,118,94400,买盘
1457,13:42:39,7.99,--,191,152609,卖盘
1458,13:42:36,7.99,--,290,231710,卖盘
1459,13:42:33,7.99,--,149,119051,买盘
1460,13:42:30,7.99,--,567,453033,买盘
1461,13:42:27,7.99,--,1268,1013132,买盘
1462,13:42:24,7.99,--,240,191760,买盘
1463,13:42:21,7.99,--,90,71910,买盘
1464,13:42:18,7.99,--,250,199750,买盘
1465,13:42:15,7.99,0.01,154,123046,买盘
1466,13:42:12,7.98,-0.01,87,69426,卖盘
1467,13:42:09,7.99,--,315,251685,买盘
1468,13:42:06,7.99,--,1229,981971,买盘
1469,13:42:03,7.99,--,80,63920,买盘
1470,13:42:00,7.99,0.01,193,154207,买盘
1471,13:41:57,7.98,-0.01,688,549024,卖盘
1472,13:41:54,7.99,0.01,593,473807,买盘
1473,13:41:51,7.98,-0.01,95,75810,卖盘
1474,13:41:48,7.99,0.01,104,83096,买盘
1475,13:41:45,7.98,--,1207,963186,买盘
1476,13:41:42,7.98,--,69,55062,买盘
1477,13:41:39,7.98,--,873,696654,买盘
1478,13:41:36,7.98,-0.01,225,179550,卖盘
1479,13:41:33,7.99,--,811,647989,买盘
1480,13:41:30,7.99,--,495,395505,买盘
1481,13:41:27,7.99,--,2845,2273155,卖盘
1482,13:41:24,7.99,--,1800,1438200,卖盘
1483,13:41:21,7.99,--,1014,810186,卖盘
1484,13:41:18,7.99,-0.01,1722,1375878,卖盘
1485,13:41:15,8.0,--,866,692800,买盘
1486,13:41:12,8.0,--,824,659200,买盘
1487,13:41:09,8.0,0.01,1217,973600,买盘
1488,13:41:06,7.99,-0.01,1504,1201696,卖盘
1489,13:41:03,8.0,--,2159,1727200,买盘
1490,13:41:00,8.0,0.01,1253,1002400,买盘
1491,13:40:57,7.99,--,305,243695,卖盘
1492,13:40:54,7.99,--,11593,9262807,买盘
1493,13:40:51,7.99,--,12515,9999485,买盘
1494,13:40:48,7.99,--,1647,1315953,买盘
1495,13:40:45,7.99,--,5359,4281841,买盘
1496,13:40:42,7.99,0.02,8048,6430991,买盘
1497,13:40:39,7.97,-0.01,2100,1673700,卖盘
1498,13:40:36,7.98,--,1260,1005480,买盘
1499,13:40:33,7.98,0.01,10138,8090124,买盘
1500,13:40:30,7.97,-0.01,139,110783,卖盘
1501,13:40:27,7.98,0.01,168,134064,买盘
1502,13:40:24,7.97,--,84,66948,卖盘
1503,13:40:21,7.97,0.01,6138,4892647,买盘
1504,13:40:18,7.96,-0.01,107,85172,卖盘
1505,13:40:15,7.97,0.01,501,399297,买盘
1506,13:40:12,7.96,--,22,17512,卖盘
1507,13:40:09,7.96,-0.01,40,31840,卖盘
1508,13:40:06,7.97,--,16,12752,买盘
1509,13:40:03,7.97,--,121,96437,买盘
1510,13:40:00,7.97,0.01,150,119550,买盘
1511,13:39:57,7.96,-0.01,2,1592,卖盘
1512,13:39:54,7.97,--,121,96437,买盘
1513,13:39:51,7.97,--,420,334740,买盘
1514,13:39:48,7.97,0.01,83,66151,买盘
1515,13:39:42,7.96,-0.01,199,158404,卖盘
1516,13:39:39,7.97,--,83,66151,买盘
1517,13:39:36,7.97,--,50,39850,买盘
1518,13:39:33,7.97,--,6,4782,买盘
1519,13:39:30,7.97,0.01,212,168964,买盘
1520,13:39:27,7.96,-0.01,84,66864,卖盘
1521,13:39:24,7.97,--,4,3188,买盘
1522,13:39:21,7.97,--,1187,946039,买盘
1523,13:39:18,7.97,0.01,50,39850,买盘
1524,13:39:15,7.96,--,53,42188,卖盘
1525,13:39:12,7.96,--,235,187060,卖盘
1526,13:39:09,7.96,--,333,265068,卖盘
1527,13:39:06,7.96,--,83,66068,买盘
1528,13:39:03,7.96,--,168,133728,买盘
1529,13:39:00,7.96,--,178,141688,买盘
1530,13:38:57,7.96,--,248,197408,卖盘
1531,13:38:54,7.96,--,67,53332,卖盘
1532,13:38:51,7.96,-0.01,10,7960,卖盘
1533,13:38:48,7.97,0.01,101,80497,买盘
1534,13:38:45,7.96,--,76,60496,卖盘
1535,13:38:42,7.96,--,71,56516,卖盘
1536,13:38:39,7.96,-0.01,33,26268,卖盘
1537,13:38:36,7.97,0.01,232,184904,买盘
1538,13:38:33,7.96,--,75,59700,买盘
1539,13:38:30,7.96,0.01,149,118604,买盘
1540,13:38:27,7.95,-0.01,280,222600,卖盘
1541,13:38:24,7.96,--,99,78804,买盘
1542,13:38:21,7.96,--,47,37412,买盘
1543,13:38:15,7.96,0.01,96,76416,买盘
1544,13:38:06,7.95,-0.01,152,120840,卖盘
1545,13:38:03,7.96,--,173,137708,买盘
1546,13:38:00,7.96,--,133,106011,买盘
1547,13:37:57,7.96,--,288,229248,买盘
1548,13:37:54,7.96,--,622,495112,买盘
1549,13:37:51,7.96,0.01,285,226860,买盘
1550,13:37:48,7.95,--,123,97785,卖盘
1551,13:37:45,7.95,-0.01,1930,1534350,卖盘
1552,13:37:42,7.96,0.01,123,97908,买盘
1553,13:37:39,7.95,--,93,73935,卖盘
1554,13:37:36,7.95,--,50,39750,卖盘
1555,13:37:33,7.95,-0.01,5,3975,卖盘
1556,13:37:30,7.96,0.01,195,155220,买盘
1557,13:37:27,7.95,--,50,39750,卖盘
1558,13:37:24,7.95,--,48,38160,卖盘
1559,13:37:18,7.95,--,564,448435,卖盘
1560,13:37:12,7.95,-0.01,270,214650,卖盘
1561,13:37:09,7.96,0.01,104,82784,买盘
1562,13:37:06,7.95,-0.01,5,3975,卖盘
1563,13:37:03,7.96,--,10,7960,买盘
1564,13:37:00,7.96,0.01,88,70048,买盘
1565,13:36:57,7.95,--,632,502440,卖盘
1566,13:36:54,7.95,--,2,1590,卖盘
1567,13:36:51,7.95,-0.01,2,1590,卖盘
1568,13:36:45,7.96,0.01,320,254720,买盘
1569,13:36:42,7.95,-0.01,80,63600,卖盘
1570,13:36:39,7.96,--,47,37412,买盘
1571,13:36:36,7.96,--,131,104276,买盘
1572,13:36:33,7.96,--,1,796,买盘
1573,13:36:30,7.96,-0.01,141,112236,中性盘
1574,13:36:27,7.97,0.02,106,84482,买盘
1575,13:36:24,7.95,-0.01,197,156615,卖盘
1576,13:36:21,7.96,--,141,112236,卖盘
1577,13:36:18,7.96,--,983,782468,买盘
1578,13:36:15,7.96,0.01,264,210144,买盘
1579,13:36:12,7.95,-0.01,171,135945,卖盘
1580,13:36:09,7.96,--,126,100296,买盘
1581,13:36:06,7.96,0.01,53,42188,买盘
1582,13:36:03,7.95,-0.01,265,210675,卖盘
1583,13:36:00,7.96,0.01,184,146782,买盘
1584,13:35:57,7.95,0.01,83,65985,买盘
1585,13:35:54,7.94,-0.02,359,285522,卖盘
1586,13:35:51,7.96,--,162,128952,买盘
1587,13:35:48,7.96,0.01,22,17512,买盘
1588,13:35:42,7.95,-0.01,118,93810,卖盘
1589,13:35:39,7.96,0.01,390,310440,买盘
1590,13:35:36,7.95,--,510,405450,卖盘
1591,13:35:33,7.95,-0.01,809,643155,卖盘
1592,13:35:30,7.96,--,280,222880,买盘
1593,13:35:27,7.96,--,147,117012,买盘
1594,13:35:24,7.96,--,153,121788,买盘
1595,13:35:21,7.96,0.01,49,39004,买盘
1596,13:35:18,7.95,-0.01,216,171720,卖盘
1597,13:35:15,7.96,0.01,16,12736,买盘
1598,13:35:12,7.95,--,2,1590,卖盘
1599,13:35:09,7.95,-0.01,2,1590,卖盘
1600,13:35:06,7.96,--,326,259496,买盘
1601,13:35:03,7.96,--,10,7960,买盘
1602,13:35:00,7.96,--,1140,907599,卖盘
1603,13:34:57,7.96,--,4221,3359916,卖盘
1604,13:34:54,7.96,--,143,113828,卖盘
1605,13:34:51,7.96,--,635,505460,卖盘
1606,13:34:48,7.96,--,110,87560,卖盘
1607,13:34:45,7.96,--,203,161588,卖盘
1608,13:34:42,7.96,--,5,3980,卖盘
1609,13:34:39,7.96,--,5,3980,卖盘
1610,13:34:36,7.96,-0.01,4,3184,卖盘
1611,13:34:33,7.97,--,124,98828,买盘
1612,13:34:30,7.97,--,100,79700,买盘
1613,13:34:24,7.97,--,118,94046,买盘
1614,13:34:21,7.97,--,276,219972,买盘
1615,13:34:18,7.97,0.01,87,69339,买盘
1616,13:34:15,7.96,--,8,6368,卖盘
1617,13:34:12,7.96,-0.01,145,115420,卖盘
1618,13:34:09,7.97,0.01,1,797,买盘
1619,13:34:06,7.96,--,11,8756,卖盘
1620,13:34:03,7.96,-0.01,1,796,卖盘
1621,13:34:00,7.97,0.01,405,322785,买盘
1622,13:33:57,7.96,--,257,204572,卖盘
1623,13:33:54,7.96,-0.01,10,7960,卖盘
1624,13:33:51,7.97,--,73,58181,买盘
1625,13:33:48,7.97,0.01,116,92452,买盘
1626,13:33:45,7.96,-0.01,22,17512,卖盘
1627,13:33:42,7.97,0.01,6,4782,买盘
1628,13:33:39,7.96,-0.01,111,88356,卖盘
1629,13:33:36,7.97,--,1,797,买盘
1630,13:33:33,7.97,--,87,69339,买盘
1631,13:33:30,7.97,--,90,71730,买盘
1632,13:33:27,7.97,0.01,115,91655,买盘
1633,13:33:24,7.96,--,79,62884,卖盘
1634,13:33:21,7.96,--,24,19104,卖盘
1635,13:33:18,7.96,-0.01,74,58904,卖盘
1636,13:33:15,7.97,0.01,37,29489,买盘
1637,13:33:12,7.96,--,49,39004,卖盘
1638,13:33:09,7.96,-0.01,11,8756,卖盘
1639,13:33:06,7.97,--,127,101219,买盘
1640,13:33:03,7.97,--,46,36662,买盘
1641,13:33:00,7.97,0.01,88,70136,买盘
1642,13:32:57,7.96,-0.01,23,18308,卖盘
1643,13:32:54,7.97,0.01,99,78903,买盘
1644,13:32:51,7.96,-0.01,3,2388,卖盘
1645,13:32:48,7.97,0.01,20,15940,买盘
1646,13:32:45,7.96,-0.01,146,116216,卖盘
1647,13:32:42,7.97,--,175,139475,买盘
1648,13:32:39,7.97,0.01,27,21519,买盘
1649,13:32:36,7.96,-0.01,538,428248,卖盘
1650,13:32:33,7.97,--,135,107595,买盘
1651,13:32:30,7.97,--,121,96437,买盘
1652,13:32:27,7.97,--,353,281341,买盘
1653,13:32:24,7.97,0.01,510,406470,买盘
1654,13:32:21,7.96,-0.01,316,251536,卖盘
1655,13:32:18,7.97,0.01,111,88467,买盘
1656,13:32:15,7.96,-0.01,30,23880,卖盘
1657,13:32:12,7.97,0.01,6,4782,买盘
1658,13:32:09,7.96,-0.01,205,163180,卖盘
1659,13:32:06,7.97,0.01,1,797,买盘
1660,13:32:03,7.96,-0.01,309,245964,卖盘
1661,13:32:00,7.97,0.01,488,389573,买盘
1662,13:31:57,7.96,-0.01,29,23084,卖盘
1663,13:31:54,7.97,--,43,34271,买盘
1664,13:31:51,7.97,--,3,2391,买盘
1665,13:31:48,7.97,0.01,120,95640,买盘
1666,13:31:45,7.96,--,75,59700,卖盘
1667,13:31:39,7.96,-0.01,12,9552,卖盘
1668,13:31:36,7.97,--,473,376981,买盘
1669,13:31:30,7.97,0.01,108,86076,买盘
1670,13:31:27,7.96,-0.01,99,78804,卖盘
1671,13:31:21,7.97,0.01,9,7173,买盘
1672,13:31:18,7.96,-0.01,437,347852,卖盘
1673,13:31:15,7.97,0.01,176,140272,买盘
1674,13:31:12,7.96,-0.01,59,46964,卖盘
1675,13:31:09,7.97,0.01,9,7173,买盘
1676,13:31:06,7.96,-0.01,510,405960,卖盘
1677,13:31:03,7.97,--,328,261416,买盘
1678,13:31:00,7.97,0.01,290,231130,买盘
1679,13:30:57,7.96,-0.01,8,6368,卖盘
1680,13:30:54,7.97,--,225,179325,买盘
1681,13:30:51,7.97,0.01,143,113971,买盘
1682,13:30:48,7.96,-0.01,14,11144,卖盘
1683,13:30:45,7.97,0.01,10,7970,买盘
1684,13:30:42,7.96,-0.01,108,85968,卖盘
1685,13:30:36,7.97,0.01,99,78903,买盘
1686,13:30:33,7.96,-0.01,64,50944,卖盘
1687,13:30:30,7.97,--,186,148242,买盘
1688,13:30:27,7.97,0.01,20,15940,买盘
1689,13:30:24,7.96,--,2,1592,卖盘
1690,13:30:21,7.96,--,347,276212,卖盘
1691,13:30:18,7.96,-0.01,122,97112,卖盘
1692,13:30:15,7.97,0.01,15,11955,买盘
1693,13:30:12,7.96,-0.01,72,57312,卖盘
1694,13:30:09,7.97,0.01,173,137881,买盘
1695,13:30:06,7.96,--,55,43780,卖盘
1696,13:30:03,7.96,-0.01,10,7960,卖盘
1697,13:30:00,7.97,--,169,134693,买盘
1698,13:29:57,7.97,0.01,161,128317,买盘
1699,13:29:54,7.96,--,6,4776,卖盘
1700,13:29:51,7.96,--,73,58108,卖盘
1701,13:29:48,7.96,-0.01,727,578692,卖盘
1702,13:29:45,7.97,0.01,56,44632,买盘
1703,13:29:42,7.96,--,10,7960,卖盘
1704,13:29:39,7.96,--,8,6368,卖盘
1705,13:29:36,7.96,-0.01,154,122584,卖盘
1706,13:29:30,7.97,0.01,1057,842429,买盘
1707,13:29:27,7.96,--,205,163180,买盘
1708,13:29:24,7.96,--,111,88356,买盘
1709,13:29:21,7.96,0.01,37,29452,买盘
1710,13:29:18,7.95,-0.01,3,2385,卖盘
1711,13:29:15,7.96,--,114,90744,买盘
1712,13:29:12,7.96,--,227,180692,买盘
1713,13:29:09,7.96,0.01,23,18308,买盘
1714,13:29:06,7.95,--,5,3975,卖盘
1715,13:29:03,7.95,-0.01,156,124020,卖盘
1716,13:29:00,7.96,0.01,200,159200,买盘
1717,13:28:57,7.95,--,22,17490,卖盘
1718,13:28:54,7.95,-0.01,2,1590,卖盘
1719,13:28:51,7.96,0.01,134,106664,买盘
1720,13:28:48,7.95,-0.01,4,3180,卖盘
1721,13:28:45,7.96,0.01,197,157130,买盘
1722,13:28:42,7.95,-0.01,102,81090,卖盘
1723,13:28:39,7.96,0.01,25,19900,买盘
1724,13:28:36,7.95,--,11,8745,卖盘
1725,13:28:33,7.95,-0.01,128,101760,卖盘
1726,13:28:30,7.96,0.01,108,85968,买盘
1727,13:28:27,7.95,-0.01,22,17490,卖盘
1728,13:28:24,7.96,0.01,2040,1623840,买盘
1729,13:28:21,7.95,-0.01,103,81885,卖盘
1730,13:28:18,7.96,--,195,155220,买盘
1731,13:28:15,7.96,0.01,41,32636,买盘
1732,13:28:12,7.95,--,9,7155,卖盘
1733,13:28:09,7.95,--,96,76320,卖盘
1734,13:28:06,7.95,--,1,795,卖盘
1735,13:28:03,7.95,-0.01,25,19875,卖盘
1736,13:28:00,7.96,0.01,125,99500,买盘
1737,13:27:57,7.95,-0.01,118,93810,卖盘
1738,13:27:54,7.96,0.01,66,52536,买盘
1739,13:27:51,7.95,--,5,3975,卖盘
1740,13:27:48,7.95,--,14,11130,卖盘
1741,13:27:45,7.95,--,300,238500,卖盘
1742,13:27:42,7.95,-0.01,67,53265,卖盘
1743,13:27:36,7.96,--,1,796,买盘
1744,13:27:33,7.96,--,224,178304,买盘
1745,13:27:30,7.96,0.01,290,230840,买盘
1746,13:27:27,7.95,--,30,23850,卖盘
1747,13:27:24,7.95,-0.01,117,93015,卖盘
1748,13:27:21,7.96,0.01,20,15920,买盘
1749,13:27:18,7.95,--,1,795,卖盘
1750,13:27:15,7.95,-0.01,20,15900,卖盘
1751,13:27:12,7.96,0.01,164,130544,买盘
1752,13:27:09,7.95,-0.01,53,42135,卖盘
1753,13:27:06,7.96,--,114,90744,买盘
1754,13:27:03,7.96,--,23,18308,买盘
1755,13:27:00,7.96,--,201,159996,买盘
1756,13:26:57,7.96,0.01,223,177508,买盘
1757,13:26:54,7.95,--,51,40545,卖盘
1758,13:26:51,7.95,0.01,318,252810,中性盘
1759,13:26:48,7.94,-0.01,46,36524,卖盘
1760,13:26:45,7.95,--,15,11925,卖盘
1761,13:26:42,7.95,0.01,28,22260,买盘
1762,13:26:39,7.94,--,131,104014,卖盘
1763,13:26:36,7.94,-0.02,2,1588,卖盘
1764,13:26:30,7.96,0.02,94,74824,买盘
1765,13:26:27,7.94,-0.01,118,93692,卖盘
1766,13:26:24,7.95,--,97,77115,卖盘
1767,13:26:21,7.95,-0.01,75,59625,卖盘
1768,13:26:18,7.96,0.01,115,91540,买盘
1769,13:26:15,7.95,--,8,6360,卖盘
1770,13:26:12,7.95,-0.01,143,113685,卖盘
1771,13:26:09,7.96,--,133,105868,买盘
1772,13:26:06,7.96,0.02,144,114624,买盘
1773,13:26:03,7.94,-0.01,2,1588,卖盘
1774,13:26:00,7.95,--,101,80295,买盘
1775,13:25:57,7.95,--,3,2385,买盘
1776,13:25:54,7.95,0.01,131,104145,买盘
1777,13:25:45,7.94,-0.01,106,84164,卖盘
1778,13:25:42,7.95,0.01,36,28620,买盘
1779,13:25:39,7.94,-0.01,8,6352,卖盘
1780,13:25:36,7.95,--,30,23850,卖盘
1781,13:25:33,7.95,-0.01,134,106530,卖盘
1782,13:25:30,7.96,0.01,167,132932,买盘
1783,13:25:21,7.95,-0.01,99,78705,中性盘
1784,13:25:18,7.96,0.01,18,14328,买盘
1785,13:25:15,7.95,-0.01,3,2385,卖盘
1786,13:25:12,7.96,0.01,112,89152,买盘
1787,13:25:09,7.95,0.01,47,37365,买盘
1788,13:25:06,7.94,--,1,794,卖盘
1789,13:25:03,7.94,-0.02,6,4764,卖盘
1790,13:25:00,7.96,0.02,185,147260,买盘
1791,13:24:57,7.94,-0.01,212,168328,卖盘
1792,13:24:54,7.95,0.01,1,795,买盘
1793,13:24:51,7.94,-0.02,498,395412,卖盘
1794,13:24:48,7.96,0.02,114,90744,买盘
1795,13:24:45,7.94,--,64,50816,卖盘
1796,13:24:42,7.94,-0.01,18,14292,卖盘
1797,13:24:39,7.95,--,124,98580,买盘
1798,13:24:36,7.95,-0.01,71,56445,中性盘
1799,13:24:33,7.96,--,29,23084,买盘
1800,13:24:30,7.96,--,91,72436,买盘
1801,13:24:27,7.96,0.01,108,85968,买盘
1802,13:24:24,7.95,-0.01,5,3975,中性盘
1803,13:24:21,7.96,0.01,99,78804,买盘
1804,13:24:18,7.95,-0.01,1161,922995,卖盘
1805,13:24:15,7.96,0.01,108,85968,买盘
1806,13:24:12,7.95,--,29,23055,卖盘
1807,13:24:09,7.95,--,2,1590,卖盘
1808,13:24:06,7.95,--,146,116070,卖盘
1809,13:24:03,7.95,-0.01,14,11130,卖盘
1810,13:24:00,7.96,--,123,97908,买盘
1811,13:23:57,7.96,0.01,1,796,买盘
1812,13:23:54,7.95,--,218,173310,卖盘
1813,13:23:51,7.95,-0.01,143,113685,卖盘
1814,13:23:48,7.96,0.01,103,81988,买盘
1815,13:23:45,7.95,-0.01,6,4770,卖盘
1816,13:23:42,7.96,0.01,136,108256,买盘
1817,13:23:39,7.95,--,81,64395,卖盘
1818,13:23:33,7.95,-0.01,325,258375,卖盘
1819,13:23:30,7.96,--,123,97908,买盘
1820,13:23:27,7.96,0.01,5,3980,买盘
1821,13:23:24,7.95,-0.01,32,25440,卖盘
1822,13:23:21,7.96,--,126,100296,买盘
1823,13:23:18,7.96,--,37,29452,买盘
1824,13:23:15,7.96,0.01,83,66068,买盘
1825,13:23:12,7.95,-0.01,89,70755,卖盘
1826,13:23:09,7.96,0.01,99,78804,买盘
1827,13:23:06,7.95,-0.01,63,50085,卖盘
1828,13:23:03,7.96,--,117,93132,买盘
1829,13:23:00,7.96,0.01,219,174324,买盘
1830,13:22:57,7.95,-0.01,67,53265,卖盘
1831,13:22:54,7.96,0.01,3,2388,买盘
1832,13:22:51,7.95,-0.01,50,39750,卖盘
1833,13:22:48,7.96,--,1018,810328,买盘
1834,13:22:45,7.96,--,1,796,买盘
1835,13:22:42,7.96,0.01,11,8756,买盘
1836,13:22:39,7.95,-0.01,29,23055,卖盘
1837,13:22:36,7.96,0.01,126,100296,买盘
1838,13:22:33,7.95,-0.01,190,151050,卖盘
1839,13:22:30,7.96,--,90,71640,买盘
1840,13:22:27,7.96,0.01,109,86764,买盘
1841,13:22:24,7.95,-0.01,100,79500,卖盘
1842,13:22:21,7.96,0.01,69,54924,买盘
1843,13:22:18,7.95,-0.01,36,28620,卖盘
1844,13:22:15,7.96,--,140,111440,买盘
1845,13:22:12,7.96,0.01,12,9552,买盘
1846,13:22:09,7.95,-0.01,31,24645,卖盘
1847,13:22:06,7.96,--,337,268252,买盘
1848,13:22:03,7.96,--,97,77212,买盘
1849,13:22:00,7.96,--,113,89948,买盘
1850,13:21:54,7.96,--,93,74028,买盘
1851,13:21:51,7.96,--,294,234024,买盘
1852,13:21:48,7.96,--,55,43780,买盘
1853,13:21:45,7.96,0.01,31,24676,买盘
1854,13:21:42,7.95,--,131,104145,卖盘
1855,13:21:39,7.95,--,24,19080,卖盘
1856,13:21:33,7.95,-0.01,1,795,卖盘
1857,13:21:30,7.96,0.01,419,333524,买盘
1858,13:21:27,7.95,-0.01,797,633615,卖盘
1859,13:21:24,7.96,--,1,796,买盘
1860,13:21:18,7.96,--,262,208552,买盘
1861,13:21:15,7.96,0.01,59,46964,买盘
1862,13:21:09,7.95,--,184,146280,卖盘
1863,13:21:06,7.95,-0.01,45,35775,卖盘
1864,13:21:03,7.96,--,8,6368,买盘
1865,13:21:00,7.96,0.01,100,79600,买盘
1866,13:20:57,7.95,-0.01,115,91425,卖盘
1867,13:20:54,7.96,--,558,444168,买盘
1868,13:20:48,7.96,--,39,31044,买盘
1869,13:20:45,7.96,0.01,113,89948,买盘
1870,13:20:42,7.95,-0.02,29,23055,卖盘
1871,13:20:36,7.97,--,509,405673,买盘
1872,13:20:33,7.97,--,1,797,买盘
1873,13:20:30,7.97,0.02,119,94843,买盘
1874,13:20:27,7.95,-0.02,4,3180,卖盘
1875,13:20:24,7.97,0.01,109,86873,买盘
1876,13:20:21,7.96,--,1892,1506032,买盘
1877,13:20:18,7.96,0.01,4,3184,买盘
1878,13:20:15,7.95,-0.01,23,18285,中性盘
1879,13:20:12,7.96,0.01,259,206164,买盘
1880,13:20:06,7.95,--,20,15900,卖盘
1881,13:20:03,7.95,-0.01,112,89040,卖盘
1882,13:20:00,7.96,0.02,121,96316,买盘
1883,13:19:54,7.94,--,82,65108,卖盘
1884,13:19:51,7.94,-0.01,321,254874,卖盘
1885,13:19:48,7.95,--,4,3180,买盘
1886,13:19:45,7.95,0.01,4,3180,中性盘
1887,13:19:42,7.94,-0.02,39,30966,卖盘
1888,13:19:39,7.96,--,596,474416,买盘
1889,13:19:36,7.96,--,820,652720,买盘
1890,13:19:30,7.96,0.01,219,174324,买盘
1891,13:19:27,7.95,-0.01,103,81885,卖盘
1892,13:19:24,7.96,0.01,202,160792,买盘
1893,13:19:21,7.95,-0.01,100,79500,卖盘
1894,13:19:18,7.96,0.01,112,89152,买盘
1895,13:19:15,7.95,-0.01,22,17490,卖盘
1896,13:19:12,7.96,0.01,30,23880,买盘
1897,13:19:09,7.95,-0.01,63,50085,卖盘
1898,13:19:06,7.96,--,141,112236,买盘
1899,13:19:03,7.96,--,109,86764,买盘
1900,13:19:00,7.96,0.01,88,70048,买盘
1901,13:18:57,7.95,-0.01,168,133560,卖盘
1902,13:18:54,7.96,--,32,25472,买盘
1903,13:18:51,7.96,0.01,91,72436,买盘
1904,13:18:48,7.95,--,25,19875,卖盘
1905,13:18:45,7.95,-0.01,189,150255,卖盘
1906,13:18:42,7.96,--,75,59700,买盘
1907,13:18:39,7.96,0.01,34,27064,买盘
1908,13:18:36,7.95,-0.01,70,55650,卖盘
1909,13:18:33,7.96,--,159,126564,买盘
1910,13:18:30,7.96,--,108,85968,买盘
1911,13:18:27,7.96,0.01,46,36616,买盘
1912,13:18:24,7.95,--,900,715500,卖盘
1913,13:18:21,7.95,--,9,7155,卖盘
1914,13:18:18,7.95,--,16,12720,卖盘
1915,13:18:15,7.95,--,13,10335,卖盘
1916,13:18:12,7.95,--,188,149460,卖盘
1917,13:18:09,7.95,--,53,42135,卖盘
1918,13:18:06,7.95,-0.01,20,15900,卖盘
1919,13:18:03,7.96,--,84,66864,买盘
1920,13:18:00,7.96,0.01,330,262680,买盘
1921,13:17:57,7.95,--,73,58035,卖盘
1922,13:17:54,7.95,--,8,6360,卖盘
1923,13:17:51,7.95,-0.01,194,154230,卖盘
1924,13:17:48,7.96,--,34,27064,买盘
1925,13:17:45,7.96,0.01,20,15920,买盘
1926,13:17:39,7.95,-0.01,125,99375,卖盘
1927,13:17:36,7.96,--,15,11940,卖盘
1928,13:17:33,7.96,-0.01,53,42188,卖盘
1929,13:17:30,7.97,0.02,106,84482,买盘
1930,13:17:27,7.95,-0.01,619,492105,卖盘
1931,13:17:24,7.96,-0.01,49,39004,卖盘
1932,13:17:21,7.97,0.01,5,3985,买盘
1933,13:17:18,7.96,--,184,146464,卖盘
1934,13:17:15,7.96,--,50,39800,卖盘
1935,13:17:12,7.96,-0.01,220,175120,卖盘
1936,13:17:09,7.97,0.01,133,106001,买盘
1937,13:17:06,7.96,--,124,98704,卖盘
1938,13:17:03,7.96,-0.01,19,15124,卖盘
1939,13:17:00,7.97,0.01,95,75715,买盘
1940,13:16:57,7.96,-0.01,66,52536,卖盘
1941,13:16:54,7.97,0.01,113,90061,买盘
1942,13:16:48,7.96,--,30,23880,卖盘
1943,13:16:45,7.96,--,227,180692,卖盘
1944,13:16:39,7.96,--,223,177508,卖盘
1945,13:16:36,7.96,-0.01,72,57312,卖盘
1946,13:16:33,7.97,--,101,80497,买盘
1947,13:16:30,7.97,0.01,184,146648,买盘
1948,13:16:27,7.96,--,1,796,买盘
1949,13:16:24,7.96,-0.01,5,3980,中性盘
1950,13:16:21,7.97,0.02,101,80497,买盘
1951,13:16:18,7.95,-0.01,21,16695,卖盘
1952,13:16:12,7.96,--,95,75620,买盘
1953,13:16:09,7.96,-0.01,11,8756,买盘
1954,13:16:06,7.97,0.01,38,30286,买盘
1955,13:16:03,7.96,-0.01,15,11940,卖盘
1956,13:16:00,7.97,--,246,196062,买盘
1957,13:15:57,7.97,0.01,57,45429,买盘
1958,13:15:54,7.96,--,395,314420,卖盘
1959,13:15:51,7.96,-0.01,3,2388,卖盘
1960,13:15:48,7.97,0.01,139,110783,买盘
1961,13:15:45,7.96,--,49,39004,卖盘
1962,13:15:42,7.96,--,9,7164,卖盘
1963,13:15:39,7.96,--,309,245964,买盘
1964,13:15:36,7.96,0.01,218,173528,买盘
1965,13:15:33,7.95,-0.02,27,21465,卖盘
1966,13:15:30,7.97,0.01,126,100422,买盘
1967,13:15:27,7.96,--,145,115420,买盘
1968,13:15:24,7.96,-0.01,13,10348,中性盘
1969,13:15:21,7.97,0.01,203,161791,买盘
1970,13:15:18,7.96,0.01,26,20696,买盘
1971,13:15:15,7.95,--,190,151050,卖盘
1972,13:15:06,7.95,-0.02,420,333900,卖盘
1973,13:15:03,7.97,0.02,660,526020,买盘
1974,13:15:00,7.95,-0.01,731,581145,卖盘
1975,13:14:57,7.96,0.01,33,26268,买盘
1976,13:14:54,7.95,--,107,85065,卖盘
1977,13:14:51,7.95,-0.01,46,36570,卖盘
1978,13:14:45,7.96,--,56,44576,买盘
1979,13:14:42,7.96,--,143,113828,买盘
1980,13:14:39,7.96,--,44,35024,买盘
1981,13:14:36,7.96,0.01,139,110644,买盘
1982,13:14:33,7.95,-0.01,172,136740,卖盘
1983,13:14:30,7.96,--,186,148056,买盘
1984,13:14:27,7.96,0.01,21,16716,买盘
1985,13:14:24,7.95,-0.01,5,3975,卖盘
1986,13:14:21,7.96,--,136,108256,买盘
1987,13:14:18,7.96,--,215,171140,买盘
1988,13:14:15,7.96,--,9,7164,买盘
1989,13:14:12,7.96,--,44,35024,买盘
1990,13:14:09,7.96,--,159,126564,买盘
1991,13:14:06,7.96,0.01,57,45372,买盘
1992,13:14:03,7.95,-0.01,209,166155,卖盘
1993,13:14:00,7.96,--,420,334320,买盘
1994,13:13:57,7.96,0.01,120,95520,买盘
1995,13:13:54,7.95,--,36,28620,卖盘
1996,13:13:51,7.95,--,86,68370,卖盘
1997,13:13:48,7.95,-0.01,107,85065,卖盘
1998,13:13:45,7.96,--,56,44576,买盘
1999,13:13:42,7.96,--,6,4776,买盘
2000,13:13:39,7.96,--,50,39800,买盘
2001,13:13:36,7.96,0.01,258,205368,中性盘
2002,13:13:33,7.95,-0.02,233,185235,卖盘
2003,13:13:30,7.97,--,91,72527,买盘
2004,13:13:27,7.97,0.01,520,414440,买盘
2005,13:13:24,7.96,0.01,173,137708,买盘
2006,13:13:21,7.95,-0.02,50,39750,卖盘
2007,13:13:18,7.97,--,189,150633,买盘
2008,13:13:15,7.97,0.01,573,456681,买盘
2009,13:13:12,7.96,--,8,6368,买盘
2010,13:13:09,7.96,--,6,4776,中性盘
2011,13:13:06,7.96,--,69,54924,买盘
2012,13:13:03,7.96,-0.01,371,295316,卖盘
2013,13:13:00,7.97,0.01,88,70136,买盘
2014,13:12:57,7.96,0.01,29,23084,买盘
2015,13:12:54,7.95,-0.01,59,46905,卖盘
2016,13:12:51,7.96,0.01,146,116216,买盘
2017,13:12:48,7.95,-0.01,6,4770,卖盘
2018,13:12:45,7.96,-0.01,676,538096,卖盘
2019,13:12:42,7.97,0.01,110,87670,买盘
2020,13:12:39,7.96,-0.01,10,7960,卖盘
2021,13:12:36,7.97,0.01,68,54196,买盘
2022,13:12:33,7.96,-0.01,11,8756,卖盘
2023,13:12:30,7.97,0.01,283,225551,买盘
2024,13:12:27,7.96,-0.01,96,76416,卖盘
2025,13:12:24,7.97,0.01,1020,812940,买盘
2026,13:12:21,7.96,--,124,98704,卖盘
2027,13:12:18,7.96,--,156,124176,卖盘
2028,13:12:15,7.96,-0.01,108,85968,卖盘
2029,13:12:12,7.97,0.01,120,95640,买盘
2030,13:12:09,7.96,--,160,127360,卖盘
2031,13:12:06,7.96,--,43,34228,卖盘
2032,13:12:03,7.96,-0.01,21,16716,卖盘
2033,13:12:00,7.97,0.01,108,86076,买盘
2034,13:11:57,7.96,--,145,115420,卖盘
2035,13:11:54,7.96,--,41,32636,卖盘
2036,13:11:51,7.96,--,52,41392,卖盘
2037,13:11:48,7.96,--,1,796,卖盘
2038,13:11:45,7.96,-0.01,150,119400,卖盘
2039,13:11:42,7.97,0.01,15,11955,买盘
2040,13:11:39,7.96,-0.01,5,3980,卖盘
2041,13:11:36,7.97,--,239,190483,买盘
2042,13:11:33,7.97,--,139,110783,买盘
2043,13:11:30,7.97,--,324,258228,买盘
2044,13:11:27,7.97,--,91,72527,买盘
2045,13:11:24,7.97,--,170,135490,买盘
2046,13:11:21,7.97,0.01,131,104407,买盘
2047,13:11:18,7.96,-0.01,552,439392,卖盘
2048,13:11:15,7.97,--,277,220769,买盘
2049,13:11:12,7.97,0.01,284,226348,买盘
2050,13:11:09,7.96,--,28,22288,卖盘
2051,13:11:06,7.96,--,1105,879580,卖盘
2052,13:11:03,7.96,-0.01,211,167956,卖盘
2053,13:11:00,7.97,0.01,211,168167,买盘
2054,13:10:57,7.96,-0.01,4,3184,卖盘
2055,13:10:54,7.97,0.01,48,38256,买盘
2056,13:10:51,7.96,--,653,519788,卖盘
2057,13:10:48,7.96,--,78,62088,卖盘
2058,13:10:45,7.96,-0.01,93,74028,卖盘
2059,13:10:42,7.97,--,81,64557,买盘
2060,13:10:39,7.97,0.01,107,85279,买盘
2061,13:10:36,7.96,-0.01,102,81192,卖盘
2062,13:10:33,7.97,--,11,8767,买盘
2063,13:10:30,7.97,0.01,225,179325,买盘
2064,13:10:27,7.96,--,53,42188,卖盘
2065,13:10:24,7.96,-0.01,32,25472,卖盘
2066,13:10:21,7.97,0.01,563,448711,买盘
2067,13:10:18,7.96,--,180,143280,卖盘
2068,13:10:15,7.96,--,100,79600,卖盘
2069,13:10:12,7.96,-0.01,12,9552,卖盘
2070,13:10:09,7.97,--,263,209611,买盘
2071,13:10:06,7.97,0.02,119,94843,买盘
2072,13:10:03,7.95,-0.02,572,454740,卖盘
2073,13:10:00,7.97,0.02,256,204032,买盘
2074,13:09:57,7.95,--,190,151050,卖盘
2075,13:09:54,7.95,-0.02,10,7950,卖盘
2076,13:09:51,7.97,0.02,84,67203,买盘
2077,13:09:48,7.95,-0.02,265,210675,卖盘
2078,13:09:45,7.97,0.01,1986,1582842,买盘
2079,13:09:42,7.96,-0.01,41,32636,卖盘
2080,13:09:39,7.97,--,121,97074,卖盘
2081,13:09:36,7.97,--,1332,1061604,卖盘
2082,13:09:33,7.97,-0.01,741,590577,卖盘
2083,13:09:30,7.98,--,324,258552,买盘
2084,13:09:27,7.98,--,425,339150,买盘
2085,13:09:24,7.98,0.01,520,414960,买盘
2086,13:09:21,7.97,--,221,176137,卖盘
2087,13:09:18,7.97,--,542,431974,卖盘
2088,13:09:15,7.97,--,44,35068,卖盘
2089,13:09:12,7.97,--,440,350680,卖盘
2090,13:09:09,7.97,--,240,191280,卖盘
2091,13:09:06,7.97,--,4659,3713382,买盘
2092,13:09:03,7.97,--,702,559494,买盘
2093,13:09:00,7.97,--,717,571449,买盘
2094,13:08:57,7.97,--,130,103610,买盘
2095,13:08:54,7.97,--,307,244679,买盘
2096,13:08:51,7.97,--,473,377522,买盘
2097,13:08:48,7.97,--,162,129114,买盘
2098,13:08:45,7.97,--,1576,1256072,买盘
2099,13:08:42,7.97,--,1120,892640,买盘
2100,13:08:39,7.97,--,260,207220,买盘
2101,13:08:36,7.97,--,553,440741,买盘
2102,13:08:33,7.97,--,162,129114,买盘
2103,13:08:30,7.97,0.01,155,123535,买盘
2104,13:08:27,7.96,0.01,1630,1297480,买盘
2105,13:08:24,7.95,-0.01,5584,4439280,卖盘
2106,13:08:21,7.96,0.01,841,669436,买盘
2107,13:08:18,7.95,-0.01,111,88245,卖盘
2108,13:08:15,7.96,0.01,2168,1726078,买盘
2109,13:08:12,7.95,--,2161,1717995,买盘
2110,13:08:09,7.95,--,555,441225,买盘
2111,13:08:06,7.95,0.01,357,283815,买盘
2112,13:08:03,7.94,-0.01,3268,2594792,卖盘
2113,13:08:00,7.95,--,552,438840,买盘
2114,13:07:57,7.95,--,780,620100,买盘
2115,13:07:54,7.95,--,5289,4204755,买盘
2116,13:07:51,7.95,--,49,38955,买盘
2117,13:07:48,7.95,--,507,403065,买盘
2118,13:07:45,7.95,0.01,746,593070,买盘
2119,13:07:42,7.94,--,2139,1698366,卖盘
2120,13:07:39,7.94,-0.01,15,11910,卖盘
2121,13:07:36,7.95,--,55,43725,买盘
2122,13:07:33,7.95,--,141,112095,买盘
2123,13:07:30,7.95,--,110,87450,买盘
2124,13:07:27,7.95,--,80,63600,买盘
2125,13:07:24,7.95,--,730,580350,买盘
2126,13:07:21,7.95,0.01,153,121635,买盘
2127,13:07:18,7.94,-0.01,64,50816,卖盘
2128,13:07:15,7.95,0.01,29,23055,买盘
2129,13:07:12,7.94,--,141,111954,卖盘
2130,13:07:09,7.94,-0.01,141,111954,卖盘
2131,13:07:06,7.95,--,101,80295,买盘
2132,13:07:03,7.95,--,4,3180,买盘
2133,13:07:00,7.95,--,240,190800,买盘
2134,13:06:57,7.95,--,35,27825,买盘
2135,13:06:54,7.95,--,146,116070,买盘
2136,13:06:51,7.95,--,51,40545,买盘
2137,13:06:48,7.95,0.01,101,80295,买盘
2138,13:06:45,7.94,--,125,99250,卖盘
2139,13:06:42,7.94,--,12,9528,卖盘
2140,13:06:39,7.94,-0.01,30,23820,卖盘
2141,13:06:36,7.95,0.01,223,177285,买盘
2142,13:06:33,7.94,-0.01,87,69078,卖盘
2143,13:06:30,7.95,0.01,108,85860,买盘
2144,13:06:27,7.94,--,432,343008,卖盘
2145,13:06:24,7.94,--,349,277106,卖盘
2146,13:06:21,7.94,--,51,40494,卖盘
2147,13:06:18,7.94,0.01,4587,3642752,买盘
2148,13:06:15,7.93,--,139,110227,卖盘
2149,13:06:12,7.93,-0.01,718,569374,卖盘
2150,13:06:09,7.94,--,141,111954,买盘
2151,13:06:06,7.94,--,2,1588,买盘
2152,13:06:03,7.94,--,213,169122,买盘
2153,13:06:00,7.94,0.01,275,218350,买盘
2154,13:05:57,7.93,-0.01,22,17446,卖盘
2155,13:05:54,7.94,--,254,201676,买盘
2156,13:05:51,7.94,--,11,8734,买盘
2157,13:05:48,7.94,0.01,162,128628,买盘
2158,13:05:45,7.93,--,25,19825,卖盘
2159,13:05:42,7.93,-0.01,114,90402,卖盘
2160,13:05:39,7.94,--,19,15086,买盘
2161,13:05:36,7.94,--,14,11116,买盘
2162,13:05:33,7.94,--,225,178650,买盘
2163,13:05:30,7.94,0.01,240,190560,买盘
2164,13:05:27,7.93,--,13,10309,卖盘
2165,13:05:24,7.93,-0.01,7,5551,卖盘
2166,13:05:21,7.94,0.01,133,105602,买盘
2167,13:05:15,7.93,--,3,2379,卖盘
2168,13:05:12,7.93,-0.01,82,65026,卖盘
2169,13:05:09,7.94,--,101,80194,买盘
2170,13:05:06,7.94,--,51,40494,买盘
2171,13:05:03,7.94,0.01,88,69872,买盘
2172,13:05:00,7.93,-0.01,184,145912,卖盘
2173,13:04:57,7.94,--,169,134186,买盘
2174,13:04:54,7.94,0.01,27,21438,买盘
2175,13:04:51,7.93,--,214,169702,卖盘
2176,13:04:48,7.93,-0.01,120,95160,卖盘
2177,13:04:45,7.94,0.01,116,92104,买盘
2178,13:04:42,7.93,-0.01,178,141154,卖盘
2179,13:04:39,7.94,--,38,30172,买盘
2180,13:04:36,7.94,0.01,95,75430,买盘
2181,13:04:33,7.93,-0.01,92,72956,卖盘
2182,13:04:30,7.94,--,20,15880,买盘
2183,13:04:27,7.94,0.01,13,10322,买盘
2184,13:04:24,7.93,--,125,99125,卖盘
2185,13:04:21,7.93,-0.01,63,49959,卖盘
2186,13:04:18,7.94,--,1,794,买盘
2187,13:04:15,7.94,--,282,223908,买盘
2188,13:04:09,7.94,--,102,80988,买盘
2189,13:04:06,7.94,0.01,36,28584,买盘
2190,13:04:03,7.93,-0.01,163,129259,卖盘
2191,13:04:00,7.94,0.01,139,110366,买盘
2192,13:03:57,7.93,--,46,36478,卖盘
2193,13:03:54,7.93,-0.01,78,61854,卖盘
2194,13:03:51,7.94,--,104,82576,买盘
2195,13:03:48,7.94,--,39,30966,买盘
2196,13:03:45,7.94,--,14,11116,买盘
2197,13:03:42,7.94,0.01,105,83370,买盘
2198,13:03:39,7.93,--,11,8723,卖盘
2199,13:03:33,7.93,-0.01,8,6344,卖盘
2200,13:03:30,7.94,0.01,190,150860,买盘
2201,13:03:21,7.93,-0.01,16,12688,卖盘
2202,13:03:18,7.94,0.01,108,85752,买盘
2203,13:03:15,7.93,-0.01,53,42029,卖盘
2204,13:03:12,7.94,--,1,794,买盘
2205,13:03:09,7.94,0.01,123,97662,买盘
2206,13:03:06,7.93,--,4,3172,卖盘
2207,13:03:03,7.93,-0.01,1,793,卖盘
2208,13:03:00,7.94,0.01,215,170710,买盘
2209,13:02:57,7.93,--,127,100711,卖盘
2210,13:02:48,7.93,-0.01,90,71370,卖盘
2211,13:02:45,7.94,--,111,88134,买盘
2212,13:02:42,7.94,0.01,100,79400,买盘
2213,13:02:39,7.93,--,98,77714,卖盘
2214,13:02:36,7.93,--,120,95160,卖盘
2215,13:02:33,7.93,-0.01,2,1586,卖盘
2216,13:02:30,7.94,0.01,121,96074,买盘
2217,13:02:27,7.93,-0.01,3,2379,卖盘
2218,13:02:24,7.94,--,117,92898,买盘
2219,13:02:21,7.94,0.01,7,5558,买盘
2220,13:02:18,7.93,--,326,258518,卖盘
2221,13:02:15,7.93,--,873,692289,卖盘
2222,13:02:12,7.93,-0.01,144,114192,卖盘
2223,13:02:09,7.94,0.01,30,23820,买盘
2224,13:02:03,7.93,-0.01,27,21411,卖盘
2225,13:02:00,7.94,0.01,210,166740,买盘
2226,13:01:57,7.93,-0.01,136,107848,卖盘
2227,13:01:54,7.94,0.01,89,70666,买盘
2228,13:01:51,7.93,--,116,91988,卖盘
2229,13:01:48,7.93,-0.01,30,23790,卖盘
2230,13:01:45,7.94,--,20,15880,买盘
2231,13:01:42,7.94,--,42,33348,买盘
2232,13:01:39,7.94,0.01,227,180238,买盘
2233,13:01:36,7.93,--,719,570167,卖盘
2234,13:01:33,7.93,-0.01,129,102297,卖盘
2235,13:01:30,7.94,--,189,150066,买盘
2236,13:01:27,7.94,0.01,107,84958,买盘
2237,13:01:24,7.93,-0.01,3,2379,卖盘
2238,13:01:21,7.94,0.01,22,17468,买盘
2239,13:01:18,7.93,--,114,90402,卖盘
2240,13:01:15,7.93,--,2,1586,卖盘
2241,13:01:12,7.93,-0.01,69,54717,卖盘
2242,13:01:09,7.94,0.01,63,50022,买盘
2243,13:01:06,7.93,-0.01,104,82472,卖盘
2244,13:01:03,7.94,--,1,794,买盘
2245,13:01:00,7.94,--,92,73048,买盘
2246,13:00:57,7.94,0.01,14,11116,买盘
2247,13:00:54,7.93,--,250,198250,卖盘
2248,13:00:51,7.93,-0.01,100,79300,卖盘
2249,13:00:48,7.94,--,16,12704,买盘
2250,13:00:45,7.94,--,100,79400,买盘
2251,13:00:42,7.94,0.01,672,533568,买盘
2252,13:00:39,7.93,--,353,279929,卖盘
2253,13:00:36,7.93,--,47,37271,卖盘
2254,13:00:33,7.93,-0.01,163,129259,卖盘
2255,13:00:30,7.94,--,91,72254,买盘
2256,13:00:27,7.94,--,52,41288,买盘
2257,13:00:24,7.94,--,131,104014,买盘
2258,13:00:21,7.94,0.01,112,88928,买盘
2259,13:00:18,7.93,--,3,2379,卖盘
2260,13:00:15,7.93,-0.01,20,15860,卖盘
2261,13:00:12,7.94,0.01,821,651874,买盘
2262,13:00:09,7.93,-0.01,659,522587,卖盘
2263,13:00:06,7.94,0.01,1854,1472076,买盘
2264,13:00:03,7.93,--,4535,3596286,卖盘
2265,13:00:00,7.93,--,0,0,卖盘
2266,11:30:00,7.93,--,181,143533,卖盘
2267,11:29:57,7.93,--,42,33306,卖盘
2268,11:29:54,7.93,--,72,57096,卖盘
2269,11:29:51,7.93,--,536,425048,卖盘
2270,11:29:48,7.93,--,153,121329,卖盘
2271,11:29:45,7.93,--,106,84058,卖盘
2272,11:29:42,7.93,--,834,661362,卖盘
2273,11:29:39,7.93,--,158,125294,卖盘
2274,11:29:36,7.93,--,24,19032,卖盘
2275,11:29:33,7.93,--,339,268827,卖盘
2276,11:29:30,7.93,-0.01,41,32513,卖盘
2277,11:29:27,7.94,--,214,169916,买盘
2278,11:29:24,7.94,0.01,5,3970,买盘
2279,11:29:21,7.93,-0.01,114,90402,卖盘
2280,11:29:18,7.94,--,98,77812,买盘
2281,11:29:15,7.94,--,139,110366,买盘
2282,11:29:12,7.94,--,387,307278,买盘
2283,11:29:09,7.94,--,46,36524,买盘
2284,11:29:06,7.94,--,247,196118,买盘
2285,11:29:03,7.94,0.01,88,69872,买盘
2286,11:29:00,7.93,--,54,42822,卖盘
2287,11:28:54,7.93,--,219,174142,买盘
2288,11:28:51,7.93,--,158,125294,买盘
2289,11:28:48,7.93,--,240,190320,买盘
2290,11:28:45,7.93,--,1284,1018212,买盘
2291,11:28:42,7.93,--,4808,3812744,买盘
2292,11:28:39,7.93,--,894,708942,买盘
2293,11:28:36,7.93,--,565,448045,买盘
2294,11:28:33,7.93,--,268,212524,买盘
2295,11:28:30,7.93,0.01,63,49959,买盘
2296,11:28:27,7.92,--,159,125928,卖盘
2297,11:28:24,7.92,-0.01,301,238392,卖盘
2298,11:28:21,7.93,--,115,91195,买盘
2299,11:28:18,7.93,--,999,792207,买盘
2300,11:28:15,7.93,--,132,104676,买盘
2301,11:28:12,7.93,--,120,95160,买盘
2302,11:28:09,7.93,0.01,379,300547,买盘
2303,11:28:06,7.92,--,2,1584,卖盘
2304,11:28:03,7.92,-0.01,115,91080,卖盘
2305,11:28:00,7.93,--,338,268034,买盘
2306,11:27:57,7.93,--,221,175253,买盘
2307,11:27:54,7.93,--,10,7930,买盘
2308,11:27:48,7.93,0.01,169,134017,买盘
2309,11:27:45,7.92,-0.01,3,2376,卖盘
2310,11:27:42,7.93,--,17,13481,买盘
2311,11:27:39,7.93,0.01,136,107848,买盘
2312,11:27:36,7.92,-0.01,113,89496,卖盘
2313,11:27:33,7.93,--,425,337025,买盘
2314,11:27:30,7.93,0.01,5,3965,买盘
2315,11:27:27,7.92,--,171,135432,卖盘
2316,11:27:24,7.92,--,15,11880,卖盘
2317,11:27:21,7.92,--,16,12672,卖盘
2318,11:27:18,7.92,--,95,75240,卖盘
2319,11:27:15,7.92,--,120,95040,卖盘
2320,11:27:12,7.92,--,51,40392,卖盘
2321,11:27:09,7.92,-0.01,5,3960,卖盘
2322,11:27:06,7.93,--,205,162565,买盘
2323,11:27:03,7.93,0.01,240,190320,买盘
2324,11:27:00,7.92,--,80,63360,卖盘
2325,11:26:57,7.92,-0.01,1138,901296,卖盘
2326,11:26:54,7.93,0.01,113,89609,买盘
2327,11:26:51,7.92,--,1458,1154894,买盘
2328,11:26:48,7.92,--,22,17424,买盘
2329,11:26:45,7.92,--,12,9504,买盘
2330,11:26:42,7.92,--,225,178200,买盘
2331,11:26:39,7.92,--,37,29304,买盘
2332,11:26:36,7.92,0.01,144,114048,买盘
2333,11:26:33,7.91,-0.01,217,171647,卖盘
2334,11:26:30,7.92,--,142,112464,买盘
2335,11:26:24,7.92,0.01,34,26928,买盘
2336,11:26:21,7.91,-0.01,519,410529,卖盘
2337,11:26:18,7.92,--,10,7920,买盘
2338,11:26:15,7.92,--,260,205920,买盘
2339,11:26:12,7.92,--,11,8712,买盘
2340,11:26:09,7.92,0.01,214,169488,买盘
2341,11:26:06,7.91,-0.01,10,7910,卖盘
2342,11:26:03,7.92,0.01,135,106920,买盘
2343,11:26:00,7.91,-0.01,22,17402,卖盘
2344,11:25:57,7.92,--,603,477576,买盘
2345,11:25:54,7.92,0.01,54,42768,买盘
2346,11:25:51,7.91,-0.01,51,40341,卖盘
2347,11:25:48,7.92,--,37,29304,买盘
2348,11:25:45,7.92,--,123,97416,买盘
2349,11:25:39,7.92,--,210,166320,买盘
2350,11:25:36,7.92,0.01,159,125928,买盘
2351,11:25:33,7.91,-0.01,158,124978,卖盘
2352,11:25:30,7.92,0.01,21,16632,买盘
2353,11:25:24,7.91,--,117,92547,卖盘
2354,11:25:21,7.91,--,58,45878,卖盘
2355,11:25:18,7.91,--,83,65653,卖盘
2356,11:25:15,7.91,-0.01,8,6328,卖盘
2357,11:25:12,7.92,0.01,310,245520,买盘
2358,11:25:09,7.91,--,117,92547,卖盘
2359,11:25:06,7.91,-0.01,37,29267,卖盘
2360,11:25:03,7.92,0.01,301,238392,买盘
2361,11:25:00,7.91,-0.01,10,7910,卖盘
2362,11:24:57,7.92,--,28,22176,买盘
2363,11:24:54,7.92,--,3,2376,买盘
2364,11:24:51,7.92,0.01,136,107712,买盘
2365,11:24:48,7.91,-0.01,92,72772,卖盘
2366,11:24:42,7.92,--,20,15840,买盘
2367,11:24:39,7.92,--,116,91872,买盘
2368,11:24:36,7.92,0.01,2,1584,买盘
2369,11:24:33,7.91,-0.01,143,113113,卖盘
2370,11:24:30,7.92,0.01,27,21384,买盘
2371,11:24:27,7.91,--,567,448497,卖盘
2372,11:24:24,7.91,--,60,47460,卖盘
2373,11:24:21,7.91,-0.01,6,4746,卖盘
2374,11:24:18,7.92,0.01,106,83952,买盘
2375,11:24:15,7.91,--,3,2373,卖盘
2376,11:24:12,7.91,--,41,32431,卖盘
2377,11:24:09,7.91,-0.01,1,791,卖盘
2378,11:24:06,7.92,--,51,40392,买盘
2379,11:24:03,7.92,--,91,72072,买盘
2380,11:24:00,7.92,0.01,355,281160,买盘
2381,11:23:57,7.91,--,30,23730,卖盘
2382,11:23:54,7.91,--,45,35595,卖盘
2383,11:23:51,7.91,--,150,118650,卖盘
2384,11:23:42,7.91,-0.01,156,123396,卖盘
2385,11:23:39,7.92,0.01,37,29304,买盘
2386,11:23:36,7.91,-0.01,10,7910,卖盘
2387,11:23:33,7.92,0.01,132,104544,买盘
2388,11:23:30,7.91,-0.01,4,3164,卖盘
2389,11:23:24,7.92,0.01,51,40392,买盘
2390,11:23:21,7.91,--,48,37968,卖盘
2391,11:23:18,7.91,-0.01,63,49833,卖盘
2392,11:23:15,7.92,0.01,22,17424,买盘
2393,11:23:12,7.91,--,2,1582,卖盘
2394,11:23:09,7.91,--,226,178766,卖盘
2395,11:23:06,7.91,-0.01,37,29267,卖盘
2396,11:23:03,7.92,--,924,731808,买盘
2397,11:23:00,7.92,0.01,5,3960,买盘
2398,11:22:51,7.91,--,1,791,卖盘
2399,11:22:48,7.91,--,1,791,卖盘
2400,11:22:45,7.91,--,18,14238,卖盘
2401,11:22:42,7.91,-0.01,78,61698,卖盘
2402,11:22:39,7.92,0.01,15,11880,买盘
2403,11:22:36,7.91,--,10,7910,卖盘
2404,11:22:33,7.91,-0.01,99,78309,卖盘
2405,11:22:30,7.92,--,92,72864,买盘
2406,11:22:27,7.92,--,48,38016,买盘
2407,11:22:24,7.92,0.01,19,15048,买盘
2408,11:22:21,7.91,-0.01,1,791,卖盘
2409,11:22:18,7.92,--,7,5544,买盘
2410,11:22:15,7.92,--,515,407880,买盘
2411,11:22:12,7.92,--,434,343728,买盘
2412,11:22:09,7.92,--,808,639936,买盘
2413,11:22:06,7.92,--,152,120384,买盘
2414,11:22:03,7.92,0.01,146,115632,买盘
2415,11:22:00,7.91,-0.01,8,6328,卖盘
2416,11:21:57,7.92,--,2032,1609344,买盘
2417,11:21:54,7.92,0.01,2,1584,买盘
2418,11:21:51,7.91,--,1,791,卖盘
2419,11:21:48,7.91,-0.01,156,123396,卖盘
2420,11:21:45,7.92,0.01,53,41976,买盘
2421,11:21:42,7.91,-0.01,3,2373,卖盘
2422,11:21:39,7.92,0.01,107,84744,买盘
2423,11:21:36,7.91,-0.01,21,16611,卖盘
2424,11:21:33,7.92,--,233,184536,买盘
2425,11:21:30,7.92,0.01,206,163152,买盘
2426,11:21:24,7.91,--,4,3164,卖盘
2427,11:21:21,7.91,-0.01,3,2373,卖盘
2428,11:21:18,7.92,--,270,213840,买盘
2429,11:21:15,7.92,--,68,53856,买盘
2430,11:21:12,7.92,0.01,85,67320,买盘
2431,11:21:09,7.91,-0.01,24,18984,卖盘
2432,11:21:06,7.92,--,244,193248,买盘
2433,11:21:03,7.92,--,263,208296,买盘
2434,11:21:00,7.92,0.01,104,82368,买盘
2435,11:20:57,7.91,--,58,45878,卖盘
2436,11:20:54,7.91,--,50,39550,卖盘
2437,11:20:51,7.91,--,751,594737,买盘
2438,11:20:48,7.91,0.01,1201,949991,买盘
2439,11:20:45,7.9,-0.01,154,121660,卖盘
2440,11:20:42,7.91,--,1459,1154069,买盘
2441,11:20:39,7.91,--,505,399455,买盘
2442,11:20:36,7.91,0.01,94,74354,买盘
2443,11:20:33,7.9,-0.01,131,103490,卖盘
2444,11:20:30,7.91,--,530,419230,买盘
2445,11:20:27,7.91,--,1717,1358147,买盘
2446,11:20:24,7.91,--,33,26103,买盘
2447,11:20:21,7.91,--,1967,1555897,买盘
2448,11:20:18,7.91,--,2,1582,买盘
2449,11:20:15,7.91,--,24,18984,买盘
2450,11:20:12,7.91,0.01,116,91756,买盘
2451,11:20:09,7.9,-0.01,8,6320,卖盘
2452,11:20:06,7.91,0.01,85,67235,买盘
2453,11:20:03,7.9,--,195,154050,卖盘
2454,11:19:57,7.9,-0.01,23,18170,卖盘
2455,11:19:54,7.91,0.01,58,45878,买盘
2456,11:19:51,7.9,-0.01,70,55300,卖盘
2457,11:19:48,7.91,0.01,233,184303,买盘
2458,11:19:45,7.9,-0.01,132,104280,卖盘
2459,11:19:42,7.91,0.01,31,24521,买盘
2460,11:19:39,7.9,--,1,790,卖盘
2461,11:19:36,7.9,-0.01,6,4740,卖盘
2462,11:19:33,7.91,0.01,174,137634,买盘
2463,11:19:30,7.9,--,69,54510,卖盘
2464,11:19:27,7.9,-0.01,23,18170,卖盘
2465,11:19:24,7.91,--,31,24521,买盘
2466,11:19:21,7.91,0.01,154,121814,买盘
2467,11:19:18,7.9,--,18,14220,卖盘
2468,11:19:15,7.9,--,26,20540,卖盘
2469,11:19:12,7.9,--,3,2370,卖盘
2470,11:19:06,7.9,-0.01,1,790,卖盘
2471,11:19:03,7.91,--,106,83846,买盘
2472,11:19:00,7.91,--,179,141589,买盘
2473,11:18:57,7.91,0.01,50,39550,买盘
2474,11:18:54,7.9,--,4,3160,卖盘
2475,11:18:51,7.9,--,11,8690,卖盘
2476,11:18:48,7.9,--,8,6320,卖盘
2477,11:18:45,7.9,-0.01,24,18960,卖盘
2478,11:18:39,7.91,--,39,30849,买盘
2479,11:18:36,7.91,--,25,19775,买盘
2480,11:18:33,7.91,0.01,125,98875,买盘
2481,11:18:30,7.9,--,1,790,卖盘
2482,11:18:27,7.9,--,8,6320,卖盘
2483,11:18:24,7.9,--,7,5530,卖盘
2484,11:18:21,7.9,--,1,790,卖盘
2485,11:18:18,7.9,-0.01,405,319950,卖盘
2486,11:18:15,7.91,0.01,36,28476,买盘
2487,11:18:09,7.9,--,32,25280,卖盘
2488,11:18:06,7.9,-0.01,16,12640,卖盘
2489,11:18:03,7.91,--,132,104412,买盘
2490,11:18:00,7.91,--,36,28476,买盘
2491,11:17:57,7.91,0.01,2,1582,买盘
2492,11:17:54,7.9,--,49,38710,卖盘
2493,11:17:51,7.9,--,1,790,卖盘
2494,11:17:48,7.9,--,30,23700,卖盘
2495,11:17:45,7.9,--,3,2370,卖盘
2496,11:17:42,7.9,--,36,28440,卖盘
2497,11:17:39,7.9,--,57,45030,卖盘
2498,11:17:36,7.9,-0.01,11,8690,卖盘
2499,11:17:33,7.91,0.01,169,133679,买盘
2500,11:17:30,7.9,--,56,44240,卖盘
2501,11:17:27,7.9,-0.01,9,7110,卖盘
2502,11:17:24,7.91,--,4,3164,买盘
2503,11:17:21,7.91,--,200,158200,买盘
2504,11:17:15,7.91,0.01,1,791,买盘
2505,11:17:12,7.9,--,8,6320,卖盘
2506,11:17:09,7.9,--,5,3950,卖盘
2507,11:17:06,7.9,-0.01,201,158790,卖盘
2508,11:17:03,7.91,0.01,198,156618,买盘
2509,11:17:00,7.9,--,36,28440,买盘
2510,11:16:57,7.9,0.01,55,43450,买盘
2511,11:16:54,7.89,--,29,22881,卖盘
2512,11:16:51,7.89,--,13,10257,卖盘
2513,11:16:48,7.89,-0.01,45,35505,卖盘
2514,11:16:45,7.9,--,9,7110,买盘
2515,11:16:42,7.9,0.01,28,22120,买盘
2516,11:16:39,7.89,--,141,111249,卖盘
2517,11:16:36,7.89,-0.01,153,120717,卖盘
2518,11:16:33,7.9,--,88,69520,买盘
2519,11:16:30,7.9,0.01,579,457410,买盘
2520,11:16:27,7.89,--,3,2367,卖盘
2521,11:16:24,7.89,--,127,100203,卖盘
2522,11:16:21,7.89,--,10,7890,卖盘
2523,11:16:18,7.89,--,15,11835,卖盘
2524,11:16:15,7.89,--,11,8679,卖盘
2525,11:16:12,7.89,-0.01,42,33138,卖盘
2526,11:16:09,7.9,0.01,483,382044,买盘
2527,11:16:06,7.89,-0.01,100,78900,卖盘
2528,11:16:03,7.9,--,98,77420,买盘
2529,11:16:00,7.9,0.01,38,30020,买盘
2530,11:15:57,7.89,-0.01,1019,803991,卖盘
2531,11:15:54,7.9,--,500,395000,买盘
2532,11:15:51,7.9,0.01,1213,958270,买盘
2533,11:15:48,7.89,-0.01,818,645402,卖盘
2534,11:15:45,7.9,0.01,26,20540,买盘
2535,11:15:42,7.89,--,5,3945,卖盘
2536,11:15:36,7.89,-0.01,23,18147,卖盘
2537,11:15:33,7.9,--,130,102700,买盘
2538,11:15:30,7.9,0.01,36,28440,买盘
2539,11:15:24,7.89,--,4,3156,卖盘
2540,11:15:21,7.89,--,54,42606,卖盘
2541,11:15:18,7.89,-0.01,3,2367,卖盘
2542,11:15:15,7.9,0.01,1,790,买盘
2543,11:15:09,7.89,--,1,789,卖盘
2544,11:15:06,7.89,--,296,233544,卖盘
2545,11:15:03,7.89,-0.01,104,82056,卖盘
2546,11:15:00,7.9,0.01,46,36340,买盘
2547,11:14:57,7.89,-0.01,6,4734,卖盘
2548,11:14:54,7.9,0.01,192,151680,买盘
2549,11:14:51,7.89,--,63,49707,卖盘
2550,11:14:45,7.89,--,3,2367,卖盘
2551,11:14:42,7.89,-0.01,6,4734,卖盘
2552,11:14:39,7.9,--,33,26070,买盘
2553,11:14:36,7.9,--,2,1580,买盘
2554,11:14:33,7.9,0.01,88,69520,买盘
2555,11:14:30,7.89,--,65,51285,卖盘
2556,11:14:27,7.89,-0.01,5,3945,卖盘
2557,11:14:24,7.9,--,74,58460,买盘
2558,11:14:21,7.9,--,31,24490,买盘
2559,11:14:18,7.9,0.01,24,18960,买盘
2560,11:14:15,7.89,-0.01,4,3156,卖盘
2561,11:14:12,7.9,0.01,10,7900,买盘
2562,11:14:09,7.89,--,50,39450,卖盘
2563,11:14:06,7.89,-0.01,65,51285,卖盘
2564,11:14:03,7.9,--,100,79000,买盘
2565,11:14:00,7.9,0.01,6,4740,买盘
2566,11:13:57,7.89,--,68,53809,卖盘
2567,11:13:54,7.89,-0.01,5,3945,卖盘
2568,11:13:51,7.9,--,205,161950,买盘
2569,11:13:48,7.9,--,1,790,买盘
2570,11:13:45,7.9,--,15,11850,买盘
2571,11:13:42,7.9,0.01,32,25280,买盘
2572,11:13:36,7.89,-0.01,6,4734,卖盘
2573,11:13:33,7.9,--,103,81370,买盘
2574,11:13:30,7.9,0.01,1,790,买盘
2575,11:13:27,7.89,--,6,4734,卖盘
2576,11:13:21,7.89,-0.01,43,33927,卖盘
2577,11:13:15,7.9,0.01,2,1580,买盘
2578,11:13:12,7.89,-0.01,103,81267,卖盘
2579,11:13:09,7.9,--,1249,986710,买盘
2580,11:13:06,7.9,--,101,79790,买盘
2581,11:13:03,7.9,--,114,90060,买盘
2582,11:13:00,7.9,0.01,9,7110,买盘
2583,11:12:57,7.89,-0.01,3,2367,卖盘
2584,11:12:54,7.9,--,3,2370,卖盘
2585,11:12:51,7.9,--,1,790,卖盘
2586,11:12:48,7.9,0.01,8,6320,买盘
2587,11:12:45,7.89,-0.01,7,5523,卖盘
2588,11:12:42,7.9,-0.01,9,7110,中性盘
2589,11:12:39,7.91,--,88,69608,买盘
2590,11:12:36,7.91,0.01,1796,1420636,买盘
2591,11:12:33,7.9,--,293,231470,买盘
2592,11:12:30,7.9,--,206,162740,卖盘
2593,11:12:27,7.9,--,7,5530,卖盘
2594,11:12:24,7.9,--,30,23700,卖盘
2595,11:12:21,7.9,-0.01,13,10270,卖盘
2596,11:12:18,7.91,0.01,86,68026,买盘
2597,11:12:15,7.9,--,64,50560,卖盘
2598,11:12:12,7.9,-0.01,1,790,卖盘
2599,11:12:09,7.91,0.01,12,9492,买盘
2600,11:12:06,7.9,-0.01,11,8690,卖盘
2601,11:12:03,7.91,--,88,69608,买盘
2602,11:12:00,7.91,0.01,241,190631,买盘
2603,11:11:57,7.9,--,10,7900,卖盘
2604,11:11:54,7.9,--,5,3950,卖盘
2605,11:11:51,7.9,--,1,790,卖盘
2606,11:11:48,7.9,--,282,222780,卖盘
2607,11:11:45,7.9,--,26,20540,卖盘
2608,11:11:42,7.9,--,200,158000,卖盘
2609,11:11:36,7.9,--,75,59250,卖盘
2610,11:11:33,7.9,--,108,85320,卖盘
2611,11:11:30,7.9,--,68,53720,买盘
2612,11:11:27,7.9,0.01,2,1580,买盘
2613,11:11:24,7.89,-0.01,227,179103,卖盘
2614,11:11:21,7.9,0.01,25,19750,中性盘
2615,11:11:18,7.89,--,16,12624,卖盘
2616,11:11:15,7.89,-0.01,1589,1253721,卖盘
2617,11:11:12,7.9,0.01,8,6320,买盘
2618,11:11:09,7.89,--,30,23670,卖盘
2619,11:11:06,7.89,-0.01,45,35505,卖盘
2620,11:11:03,7.9,--,97,76630,买盘
2621,11:11:00,7.9,0.01,15,11850,买盘
2622,11:10:57,7.89,--,32,25248,卖盘
2623,11:10:51,7.89,-0.01,1,789,卖盘
2624,11:10:48,7.9,0.01,105,82950,买盘
2625,11:10:45,7.89,-0.01,12,9468,卖盘
2626,11:10:42,7.9,0.01,24,18960,买盘
2627,11:10:36,7.89,-0.01,1,789,卖盘
2628,11:10:33,7.9,0.01,143,112970,买盘
2629,11:10:30,7.89,--,1,789,卖盘
2630,11:10:27,7.89,--,14,11046,卖盘
2631,11:10:24,7.89,--,8,6312,卖盘
2632,11:10:21,7.89,--,5,3945,卖盘
2633,11:10:18,7.89,-0.01,10,7890,卖盘
2634,11:10:15,7.9,--,10,7900,买盘
2635,11:10:12,7.9,--,12,9480,买盘
2636,11:10:09,7.9,0.01,39,30810,买盘
2637,11:10:06,7.89,-0.01,1,789,卖盘
2638,11:10:03,7.9,0.01,112,88480,买盘
2639,11:10:00,7.89,--,208,164112,卖盘
2640,11:09:57,7.89,-0.01,14,11046,卖盘
2641,11:09:54,7.9,--,82,64780,买盘
2642,11:09:51,7.9,--,134,105860,买盘
2643,11:09:48,7.9,0.01,41,32390,买盘
2644,11:09:45,7.89,--,8,6312,卖盘
2645,11:09:42,7.89,--,28,22092,卖盘
2646,11:09:39,7.89,-0.01,4,3156,卖盘
2647,11:09:36,7.9,--,118,93220,买盘
2648,11:09:33,7.9,--,90,71100,买盘
2649,11:09:30,7.9,0.01,1354,1069660,买盘
2650,11:09:27,7.89,-0.01,3,2367,卖盘
2651,11:09:24,7.9,0.01,9,7110,买盘
2652,11:09:21,7.89,--,79,62331,卖盘
2653,11:09:18,7.89,-0.01,434,342426,卖盘
2654,11:09:15,7.9,--,19,15010,买盘
2655,11:09:12,7.9,0.01,30,23700,买盘
2656,11:09:06,7.89,-0.02,1,789,卖盘
2657,11:09:03,7.91,--,88,69608,买盘
2658,11:09:00,7.91,0.01,24,18984,买盘
2659,11:08:57,7.9,0.01,58,45820,中性盘
2660,11:08:54,7.89,--,1,789,卖盘
2661,11:08:51,7.89,-0.01,52,41028,卖盘
2662,11:08:48,7.9,0.01,24,18960,买盘
2663,11:08:45,7.89,-0.01,59,46551,卖盘
2664,11:08:42,7.9,-0.01,3,2370,中性盘
2665,11:08:39,7.91,0.02,43,34013,买盘
2666,11:08:36,7.89,-0.02,1,789,卖盘
2667,11:08:33,7.91,0.01,98,77518,买盘
2668,11:08:30,7.9,--,28,22120,买盘
2669,11:08:27,7.9,--,5,3950,买盘
2670,11:08:24,7.9,--,3545,2800708,卖盘
2671,11:08:21,7.9,-0.01,1,790,卖盘
2672,11:08:18,7.91,--,29,22939,买盘
2673,11:08:15,7.91,0.01,137,108367,买盘
2674,11:08:12,7.9,-0.01,50,39500,卖盘
2675,11:08:09,7.91,--,12,9492,买盘
2676,11:08:06,7.91,--,42,33222,买盘
2677,11:08:03,7.91,--,99,78309,买盘
2678,11:08:00,7.91,--,29,22939,买盘
2679,11:07:57,7.91,0.01,54,42714,买盘
2680,11:07:54,7.9,--,1,790,卖盘
2681,11:07:51,7.9,--,85,67150,卖盘
2682,11:07:48,7.9,-0.01,83,65570,卖盘
2683,11:07:45,7.91,--,1,791,买盘
2684,11:07:42,7.91,0.01,11,8701,买盘
2685,11:07:39,7.9,--,118,93220,卖盘
2686,11:07:36,7.9,-0.01,273,215670,卖盘
2687,11:07:33,7.91,--,109,86219,买盘
2688,11:07:30,7.91,--,91,71981,买盘
2689,11:07:24,7.91,0.01,108,85428,买盘
2690,11:07:21,7.9,--,188,148520,卖盘
2691,11:07:18,7.9,-0.01,128,101120,卖盘
2692,11:07:15,7.91,0.01,1,791,买盘
2693,11:07:12,7.9,-0.01,1,790,卖盘
2694,11:07:09,7.91,--,214,169274,买盘
2695,11:07:03,7.91,--,881,696871,买盘
2696,11:07:00,7.91,0.01,123,97293,买盘
2697,11:06:57,7.9,--,122,96380,卖盘
2698,11:06:54,7.9,--,56,44240,卖盘
2699,11:06:51,7.9,--,5,3950,卖盘
2700,11:06:48,7.9,-0.01,32,25280,卖盘
2701,11:06:45,7.91,--,327,258657,买盘
2702,11:06:42,7.91,0.01,135,106785,买盘
2703,11:06:39,7.9,-0.01,45,35550,卖盘
2704,11:06:36,7.91,--,27,21357,买盘
2705,11:06:33,7.91,--,124,98084,买盘
2706,11:06:30,7.91,--,71,56161,买盘
2707,11:06:27,7.91,--,656,518896,买盘
2708,11:06:24,7.91,--,627,495957,买盘
2709,11:06:21,7.91,0.01,80,63280,买盘
2710,11:06:18,7.9,-0.01,13,10270,卖盘
2711,11:06:15,7.91,--,16,12656,买盘
2712,11:06:12,7.91,0.01,66,52206,买盘
2713,11:06:09,7.9,--,10,7900,卖盘
2714,11:06:06,7.9,-0.01,6,4740,卖盘
2715,11:06:03,7.91,0.01,88,69608,买盘
2716,11:06:00,7.9,-0.01,20,15800,卖盘
2717,11:05:57,7.91,0.01,10,7910,买盘
2718,11:05:54,7.9,-0.01,37,29230,卖盘
2719,11:05:51,7.91,0.01,1,791,买盘
2720,11:05:48,7.9,--,10,7900,卖盘
2721,11:05:45,7.9,--,37,29230,卖盘
2722,11:05:42,7.9,--,4,3160,卖盘
2723,11:05:39,7.9,--,2651,2094922,买盘
2724,11:05:33,7.9,--,93,73470,买盘
2725,11:05:30,7.9,0.01,1224,966960,买盘
2726,11:05:27,7.89,-0.01,29,22881,卖盘
2727,11:05:21,7.9,0.01,209,165110,买盘
2728,11:05:18,7.89,-0.01,62,48918,卖盘
2729,11:05:15,7.9,0.01,66,52140,买盘
2730,11:05:12,7.89,--,2,1578,卖盘
2731,11:05:09,7.89,-0.01,2,1578,卖盘
2732,11:05:06,7.9,0.01,1,790,买盘
2733,11:05:03,7.89,--,92,72588,卖盘
2734,11:05:00,7.89,-0.01,5,3945,卖盘
2735,11:04:57,7.9,0.01,35,27650,买盘
2736,11:04:54,7.89,--,8,6312,卖盘
2737,11:04:48,7.89,--,5,3945,卖盘
2738,11:04:45,7.89,--,21,16569,卖盘
2739,11:04:42,7.89,--,6,4734,卖盘
2740,11:04:39,7.89,--,4,3156,卖盘
2741,11:04:36,7.89,--,386,304554,卖盘
2742,11:04:33,7.89,--,119,93891,卖盘
2743,11:04:30,7.89,--,1,789,卖盘
2744,11:04:27,7.89,--,3,2367,卖盘
2745,11:04:24,7.89,--,20,15780,卖盘
2746,11:04:21,7.89,--,3,2367,卖盘
2747,11:04:15,7.89,--,1370,1080930,买盘
2748,11:04:12,7.89,--,635,501015,卖盘
2749,11:04:09,7.89,--,3,2367,卖盘
2750,11:04:03,7.89,--,90,71010,卖盘
2751,11:04:00,7.89,--,10,7890,卖盘
2752,11:03:57,7.89,--,3,2367,卖盘
2753,11:03:54,7.89,--,30,23670,卖盘
2754,11:03:51,7.89,--,3,2367,卖盘
2755,11:03:48,7.89,-0.01,49,38661,卖盘
2756,11:03:45,7.9,0.01,181,142990,买盘
2757,11:03:42,7.89,--,185,145965,卖盘
2758,11:03:39,7.89,-0.01,190,149910,卖盘
2759,11:03:33,7.9,0.01,102,80580,买盘
2760,11:03:30,7.89,-0.01,378,298242,卖盘
2761,11:03:27,7.9,--,16,12640,买盘
2762,11:03:24,7.9,--,32,25280,买盘
2763,11:03:21,7.9,--,1531,1209490,买盘
2764,11:03:18,7.9,--,77,60830,买盘
2765,11:03:12,7.9,--,12,9480,买盘
2766,11:03:09,7.9,--,25,19750,买盘
2767,11:03:06,7.9,--,38,30020,买盘
2768,11:03:03,7.9,0.01,89,70310,买盘
2769,11:03:00,7.89,--,4,3156,卖盘
2770,11:02:57,7.89,-0.01,965,761385,卖盘
2771,11:02:54,7.9,--,1,790,买盘
2772,11:02:51,7.9,0.01,48,37920,买盘
2773,11:02:48,7.89,-0.01,3,2367,卖盘
2774,11:02:45,7.9,0.01,39,30810,买盘
2775,11:02:42,7.89,--,15,11835,卖盘
2776,11:02:39,7.89,--,3,2367,卖盘
2777,11:02:36,7.89,--,2,1578,卖盘
2778,11:02:33,7.89,--,190,149910,卖盘
2779,11:02:27,7.89,--,3,2367,卖盘
2780,11:02:24,7.89,--,10,7890,卖盘
2781,11:02:21,7.89,-0.01,23,18147,卖盘
2782,11:02:18,7.9,--,7,5530,买盘
2783,11:02:15,7.9,0.01,86,67940,买盘
2784,11:02:12,7.89,-0.01,42,33138,卖盘
2785,11:02:06,7.9,--,1,790,买盘
2786,11:02:03,7.9,--,191,150890,买盘
2787,11:02:00,7.9,0.01,7,5530,买盘
2788,11:01:57,7.89,--,15,11835,卖盘
2789,11:01:54,7.89,--,3,2367,卖盘
2790,11:01:48,7.89,--,1,789,卖盘
2791,11:01:45,7.89,-0.01,1,789,卖盘
2792,11:01:42,7.9,0.01,5,3950,买盘
2793,11:01:39,7.89,-0.01,615,485235,卖盘
2794,11:01:36,7.9,--,1,790,买盘
2795,11:01:33,7.9,0.01,190,150100,买盘
2796,11:01:30,7.89,--,6,4734,卖盘
2797,11:01:27,7.89,--,3,2367,卖盘
2798,11:01:21,7.89,-0.01,1,789,卖盘
2799,11:01:18,7.9,0.01,9,7110,买盘
2800,11:01:15,7.89,0.01,72,56808,买盘
2801,11:01:12,7.88,--,1,788,卖盘
2802,11:01:09,7.88,-0.01,38,29944,卖盘
2803,11:01:03,7.89,--,104,82056,中性盘
2804,11:01:00,7.89,0.01,95,74955,买盘
2805,11:00:57,7.88,-0.01,3,2364,卖盘
2806,11:00:51,7.89,--,69,54441,买盘
2807,11:00:45,7.89,0.01,27,21303,买盘
2808,11:00:39,7.88,-0.01,24,18912,卖盘
2809,11:00:36,7.89,--,2,1578,买盘
2810,11:00:33,7.89,--,238,187782,卖盘
2811,11:00:30,7.89,-0.01,4,3156,卖盘
2812,11:00:27,7.9,0.01,203,160370,买盘
2813,11:00:24,7.89,-0.01,52,41028,卖盘
2814,11:00:21,7.9,0.01,43,33970,买盘
2815,11:00:18,7.89,--,57,44973,卖盘
2816,11:00:15,7.89,--,3,2367,卖盘
2817,11:00:12,7.89,--,120,94680,卖盘
2818,11:00:09,7.89,--,3,2367,卖盘
2819,11:00:06,7.89,-0.01,3,2367,卖盘
2820,11:00:03,7.9,0.01,88,69520,买盘
