,time,price,change,volume,amount,type
0,15:00:03,10.46,-0.03,4178,4370188,卖盘
1,14:57:00,10.49,--,15,15735,买盘
2,14:56:57,10.49,--,10,10490,买盘
3,14:56:54,10.49,--,1,1049,买盘
4,14:56:51,10.49,0.01,27,28323,买盘
5,14:56:48,10.48,-0.01,57,59736,卖盘
6,14:56:45,10.49,0.01,65,68185,买盘
7,14:56:42,10.48,-0.01,48,50304,卖盘
8,14:56:39,10.49,0.01,23,24127,买盘
9,14:56:36,10.48,--,20,20960,卖盘
10,14:56:33,10.48,--,31,32488,卖盘
11,14:56:30,10.48,-0.01,24,25152,卖盘
12,14:56:27,10.49,--,75,78675,卖盘
13,14:56:24,10.49,--,24,25176,卖盘
14,14:56:21,10.49,--,195,204555,卖盘
15,14:56:18,10.49,--,14,14686,卖盘
16,14:56:15,10.49,-0.01,42,44058,卖盘
17,14:56:12,10.5,--,28,29400,买盘
18,14:56:09,10.5,--,66,69300,买盘
19,14:56:06,10.5,--,44,46200,买盘
20,14:56:03,10.5,--,43,45150,买盘
21,14:56:00,10.5,0.01,6,6300,买盘
22,14:55:57,10.49,--,18,18882,卖盘
23,14:55:54,10.49,-0.01,352,369248,卖盘
24,14:55:51,10.5,--,8,8400,卖盘
25,14:55:48,10.5,--,82,86100,卖盘
26,14:55:45,10.5,--,170,178500,买盘
27,14:55:42,10.5,--,40,42000,买盘
28,14:55:39,10.5,0.01,58,60900,买盘
29,14:55:36,10.49,-0.01,185,194065,卖盘
30,14:55:33,10.5,--,4,4200,买盘
31,14:55:30,10.5,--,58,60900,买盘
32,14:55:27,10.5,--,15,15750,买盘
33,14:55:24,10.5,0.01,11,11550,买盘
34,14:55:21,10.49,-0.01,9,9441,卖盘
35,14:55:18,10.5,--,8,8400,买盘
36,14:55:15,10.5,--,81,85050,买盘
37,14:55:06,10.5,--,15,15750,买盘
38,14:55:03,10.5,0.01,12,12600,买盘
39,14:55:00,10.49,--,16,16784,卖盘
40,14:54:57,10.49,--,6,6294,卖盘
41,14:54:54,10.49,-0.01,2,2098,卖盘
42,14:54:51,10.5,--,41,43050,买盘
43,14:54:48,10.5,0.01,9,9450,买盘
44,14:54:45,10.49,-0.01,56,58744,卖盘
45,14:54:42,10.5,0.01,30,31500,买盘
46,14:54:39,10.49,-0.01,64,67136,卖盘
47,14:54:36,10.5,--,59,61950,买盘
48,14:54:33,10.5,-0.02,86,90300,卖盘
49,14:54:30,10.52,0.01,533,560716,买盘
50,14:54:27,10.51,--,38,39938,买盘
51,14:54:24,10.51,0.01,39,40989,买盘
52,14:54:21,10.5,-0.01,41,43050,卖盘
53,14:54:18,10.51,0.01,16,16816,买盘
54,14:54:15,10.5,--,56,58800,卖盘
55,14:54:12,10.5,-0.01,12,12600,卖盘
56,14:54:06,10.51,0.01,19,19969,买盘
57,14:54:03,10.5,-0.01,75,78750,卖盘
58,14:54:00,10.51,--,51,53601,买盘
59,14:53:57,10.51,--,12,12612,买盘
60,14:53:54,10.51,--,24,25224,买盘
61,14:53:51,10.51,--,18,18918,买盘
62,14:53:48,10.51,0.01,54,56754,买盘
63,14:53:45,10.5,--,104,109200,卖盘
64,14:53:42,10.5,--,15,15750,卖盘
65,14:53:39,10.5,-0.01,36,37800,卖盘
66,14:53:36,10.51,0.01,25,26275,买盘
67,14:53:33,10.5,-0.01,50,52500,卖盘
68,14:53:30,10.51,--,622,653722,买盘
69,14:53:27,10.51,0.01,67,70417,买盘
70,14:53:24,10.5,-0.01,34,35700,卖盘
71,14:53:21,10.51,0.01,69,72519,买盘
72,14:53:18,10.5,--,5,5250,买盘
73,14:53:09,10.5,0.01,15,15750,买盘
74,14:53:06,10.49,--,31,32928,买盘
75,14:53:03,10.49,0.01,49,51401,买盘
76,14:53:00,10.48,-0.01,31,32488,卖盘
77,14:52:57,10.49,--,5,5245,买盘
78,14:52:54,10.49,--,12,12588,买盘
79,14:52:51,10.49,-0.01,972,1020267,卖盘
80,14:52:45,10.5,-0.01,68,71400,卖盘
81,14:52:42,10.51,0.01,35,36785,买盘
82,14:52:39,10.5,-0.02,50,52500,卖盘
83,14:52:36,10.52,0.02,361,379772,买盘
84,14:52:33,10.5,--,20,21000,卖盘
85,14:52:30,10.5,0.01,24,25200,卖盘
86,14:52:27,10.49,-0.02,66,69234,卖盘
87,14:52:24,10.51,0.02,137,143987,买盘
88,14:52:21,10.49,--,87,91263,卖盘
89,14:52:18,10.49,-0.01,128,134334,卖盘
90,14:52:15,10.5,0.01,126,132300,买盘
91,14:52:12,10.49,--,12,12588,卖盘
92,14:52:09,10.49,--,71,74479,卖盘
93,14:52:06,10.49,-0.01,25,26225,卖盘
94,14:52:03,10.5,--,167,176337,卖盘
95,14:52:00,10.5,--,53,55650,卖盘
96,14:51:57,10.5,--,12,12600,卖盘
97,14:51:54,10.5,--,17,17850,卖盘
98,14:51:51,10.5,--,41,43050,卖盘
99,14:51:48,10.5,--,22,23100,卖盘
100,14:51:45,10.5,--,41,43050,卖盘
101,14:51:42,10.5,-0.01,201,211050,卖盘
102,14:51:39,10.51,0.01,23,24173,买盘
103,14:51:36,10.5,-0.01,12,12600,卖盘
104,14:51:33,10.51,0.01,191,200741,买盘
105,14:51:30,10.5,-0.01,11,11550,卖盘
106,14:51:27,10.51,--,15,15765,买盘
107,14:51:24,10.51,--,200,210200,买盘
108,14:51:21,10.51,--,28,29428,买盘
109,14:51:18,10.51,0.01,56,58856,买盘
110,14:51:15,10.5,-0.01,26,27300,卖盘
111,14:51:12,10.51,--,18,18918,买盘
112,14:51:09,10.51,--,57,59907,买盘
113,14:51:06,10.51,0.01,24,25224,买盘
114,14:51:03,10.5,-0.01,266,279300,卖盘
115,14:51:00,10.51,0.01,64,67264,买盘
116,14:50:57,10.5,-0.01,5,5250,卖盘
117,14:50:54,10.51,0.01,1,1051,买盘
118,14:50:51,10.5,--,158,165900,卖盘
119,14:50:48,10.5,--,11,11550,卖盘
120,14:50:45,10.5,--,233,244650,卖盘
121,14:50:42,10.5,--,90,94500,卖盘
122,14:50:39,10.5,-0.01,610,640500,卖盘
123,14:50:36,10.51,--,10,10510,买盘
124,14:50:30,10.51,0.01,364,382564,买盘
125,14:50:27,10.5,-0.01,1,1113,卖盘
126,14:50:24,10.51,--,37,38887,买盘
127,14:50:21,10.51,--,66,69366,买盘
128,14:50:18,10.51,--,68,71468,买盘
129,14:50:15,10.51,--,120,126120,卖盘
130,14:50:12,10.51,--,28,29428,卖盘
131,14:50:09,10.51,-0.01,22,23122,卖盘
132,14:50:06,10.52,0.01,1,1052,买盘
133,14:50:03,10.51,--,375,394125,买盘
134,14:50:00,10.51,0.01,16,16816,买盘
135,14:49:57,10.5,-0.01,80,84000,卖盘
136,14:49:54,10.51,--,18,18918,买盘
137,14:49:51,10.51,0.01,67,70417,买盘
138,14:49:48,10.5,--,95,99939,买盘
139,14:49:42,10.5,0.01,16,16800,买盘
140,14:49:39,10.49,-0.01,109,114341,卖盘
141,14:49:36,10.5,--,69,73311,卖盘
142,14:49:33,10.5,--,254,266700,卖盘
143,14:49:30,10.5,--,22,23100,卖盘
144,14:49:27,10.5,--,0,189,卖盘
145,14:49:24,10.5,--,311,326550,买盘
146,14:49:21,10.5,--,15,15750,买盘
147,14:49:18,10.5,0.01,10,10500,买盘
148,14:49:15,10.49,--,15,15735,卖盘
149,14:49:12,10.49,--,24,25176,卖盘
150,14:49:09,10.49,--,259,271848,买盘
151,14:49:06,10.49,--,80,83920,买盘
152,14:49:03,10.49,--,207,217751,买盘
153,14:49:00,10.49,0.01,43,45107,买盘
154,14:48:57,10.48,-0.01,29,30392,卖盘
155,14:48:54,10.49,--,41,43009,买盘
156,14:48:51,10.49,0.01,55,57695,买盘
157,14:48:48,10.48,--,19,19912,卖盘
158,14:48:45,10.48,-0.01,45,47160,卖盘
159,14:48:42,10.49,0.01,125,131125,买盘
160,14:48:39,10.48,-0.03,809,848240,卖盘
161,14:48:36,10.51,--,17,17867,买盘
162,14:48:33,10.51,--,18,18918,买盘
163,14:48:30,10.51,--,77,81000,买盘
164,14:48:27,10.51,0.01,204,214845,买盘
165,14:48:24,10.5,--,39,41076,买盘
166,14:48:21,10.5,0.01,98,102900,买盘
167,14:48:18,10.49,-0.01,119,124831,卖盘
168,14:48:15,10.5,--,30,31500,买盘
169,14:48:12,10.5,--,22,23100,买盘
170,14:48:09,10.5,--,140,147000,买盘
171,14:48:06,10.5,--,338,354900,买盘
172,14:48:03,10.5,0.01,56,58800,买盘
173,14:48:00,10.49,--,28,29372,卖盘
174,14:47:57,10.49,-0.01,22,23078,卖盘
175,14:47:54,10.5,--,28,29400,买盘
176,14:47:51,10.5,--,519,545622,卖盘
177,14:47:48,10.5,-0.01,37,38850,卖盘
178,14:47:45,10.51,--,22,23122,买盘
179,14:47:42,10.51,0.01,134,141212,买盘
180,14:47:39,10.5,--,77,80850,买盘
181,14:47:36,10.5,--,17,17850,买盘
182,14:47:33,10.5,-0.01,48,51072,卖盘
183,14:47:30,10.51,--,168,176631,买盘
184,14:47:27,10.51,0.01,62,65162,买盘
185,14:47:24,10.5,--,69,72576,卖盘
186,14:47:21,10.5,--,54,56700,卖盘
187,14:47:18,10.5,-0.01,17,17850,卖盘
188,14:47:15,10.51,--,34,35734,买盘
189,14:47:12,10.51,--,68,71468,买盘
190,14:47:09,10.51,0.01,45,47295,买盘
191,14:47:06,10.5,--,2,2100,卖盘
192,14:47:03,10.5,0.01,714,749889,买盘
193,14:47:00,10.49,0.01,18,18882,买盘
194,14:46:57,10.48,-0.01,1,1048,卖盘
195,14:46:54,10.49,--,98,102802,买盘
196,14:46:51,10.49,--,87,91263,卖盘
197,14:46:48,10.49,-0.01,73,76577,卖盘
198,14:46:45,10.5,--,10,10500,买盘
199,14:46:42,10.5,--,79,82950,买盘
200,14:46:39,10.5,-0.01,385,405111,卖盘
201,14:46:36,10.51,--,149,156599,买盘
202,14:46:33,10.51,--,32,33632,买盘
203,14:46:30,10.51,--,93,98604,卖盘
204,14:46:27,10.51,--,15,15828,卖盘
205,14:46:24,10.51,--,0,126,卖盘
206,14:46:18,10.51,--,11,11561,卖盘
207,14:46:15,10.51,-0.02,34,35734,卖盘
208,14:46:12,10.53,--,22,23166,买盘
209,14:46:09,10.53,--,8,8424,买盘
210,14:46:06,10.53,0.02,38,40014,买盘
211,14:46:03,10.51,0.01,88,92488,中性盘
212,14:45:57,10.5,-0.04,63,66150,卖盘
213,14:45:54,10.54,0.01,25,26349,买盘
214,14:45:51,10.53,0.01,1588,1672164,买盘
215,14:45:48,10.52,-0.01,45,47529,卖盘
216,14:45:45,10.53,--,139,147230,卖盘
217,14:45:42,10.53,--,42,44226,卖盘
218,14:45:39,10.53,--,12,12636,卖盘
219,14:45:36,10.53,--,11,11583,卖盘
220,14:45:33,10.53,--,7,7560,卖盘
221,14:45:30,10.53,--,82,86346,买盘
222,14:45:27,10.53,-0.02,70,73710,卖盘
223,14:45:21,10.55,--,18,18990,买盘
224,14:45:18,10.55,0.02,22,23210,买盘
225,14:45:12,10.53,-0.01,25,26325,卖盘
226,14:45:09,10.54,-0.01,52,55482,卖盘
227,14:45:06,10.55,0.01,22,23210,买盘
228,14:45:03,10.54,-0.01,30,31619,卖盘
229,14:45:00,10.55,-0.01,61,64355,卖盘
230,14:44:57,10.56,0.01,28,29568,买盘
231,14:44:54,10.55,-0.01,108,113940,卖盘
232,14:44:51,10.56,--,35,36960,买盘
233,14:44:48,10.56,0.01,58,61248,买盘
234,14:44:45,10.55,-0.01,18,18990,卖盘
235,14:44:39,10.56,--,8,9081,卖盘
236,14:44:36,10.56,--,37,39072,卖盘
237,14:44:33,10.56,--,33,34848,卖盘
238,14:44:30,10.56,--,3,3231,卖盘
239,14:44:27,10.56,-0.01,18,19008,卖盘
240,14:44:24,10.57,0.01,68,72002,买盘
241,14:44:21,10.56,--,53,55968,卖盘
242,14:44:18,10.56,--,121,127776,卖盘
243,14:44:15,10.56,-0.01,19,20064,卖盘
244,14:44:12,10.57,--,60,63420,买盘
245,14:44:09,10.57,--,6,6342,买盘
246,14:44:06,10.57,--,8,8456,买盘
247,14:44:03,10.57,--,33,34881,买盘
248,14:44:00,10.57,--,11,11627,买盘
249,14:43:57,10.57,0.01,24,25368,买盘
250,14:43:54,10.56,-0.01,11,11616,卖盘
251,14:43:51,10.57,--,56,59192,买盘
252,14:43:48,10.57,0.01,30,31710,买盘
253,14:43:42,10.56,-0.01,38,40128,卖盘
254,14:43:39,10.57,0.01,33,34881,买盘
255,14:43:36,10.56,-0.01,4,4224,卖盘
256,14:43:33,10.57,--,9,9513,买盘
257,14:43:30,10.57,--,36,38052,买盘
258,14:43:27,10.57,--,20,21192,买盘
259,14:43:24,10.57,--,20,21266,买盘
260,14:43:21,10.57,--,6,6342,买盘
261,14:43:18,10.57,0.01,37,39109,买盘
262,14:43:15,10.56,0.01,288,304180,买盘
263,14:43:12,10.55,--,8,8440,卖盘
264,14:43:09,10.55,-0.01,19,20045,卖盘
265,14:43:06,10.56,0.02,54,57024,买盘
266,14:43:03,10.54,-0.02,12,12647,卖盘
267,14:43:00,10.56,0.01,40,42240,买盘
268,14:42:57,10.55,0.01,35,36925,买盘
269,14:42:54,10.54,-0.02,20,21080,卖盘
270,14:42:51,10.56,0.01,9,9504,买盘
271,14:42:48,10.55,-0.01,7,7385,卖盘
272,14:42:45,10.56,--,47,49632,买盘
273,14:42:42,10.56,0.01,33,34848,买盘
274,14:42:36,10.55,-0.01,34,35870,卖盘
275,14:42:33,10.56,0.01,33,34848,买盘
276,14:42:30,10.55,--,5,5275,卖盘
277,14:42:27,10.55,--,0,63,卖盘
278,14:42:24,10.55,-0.01,95,100351,卖盘
279,14:42:21,10.56,0.01,18,19008,买盘
280,14:42:15,10.55,-0.01,92,97060,卖盘
281,14:42:12,10.56,--,47,49632,买盘
282,14:42:06,10.56,0.01,23,24288,买盘
283,14:42:03,10.55,--,431,454705,买盘
284,14:42:00,10.55,0.01,125,131875,买盘
285,14:41:57,10.54,--,65,68510,卖盘
286,14:41:54,10.54,-0.01,23,24241,卖盘
287,14:41:51,10.55,0.01,54,56970,买盘
288,14:41:48,10.54,--,50,52699,卖盘
289,14:41:42,10.54,-0.01,32,33728,卖盘
290,14:41:39,10.55,0.01,44,46420,买盘
291,14:41:36,10.54,--,114,120155,卖盘
292,14:41:33,10.54,--,184,194125,买盘
293,14:41:30,10.54,--,21,22134,买盘
294,14:41:27,10.54,0.02,928,978111,买盘
295,14:41:24,10.52,-0.01,111,116772,卖盘
296,14:41:21,10.53,-0.01,81,85293,卖盘
297,14:41:18,10.54,0.01,31,32673,买盘
298,14:41:15,10.53,--,21,22113,卖盘
299,14:41:12,10.53,-0.01,17,17901,卖盘
300,14:41:09,10.54,--,35,36890,买盘
301,14:41:06,10.54,0.01,32,33728,买盘
302,14:41:03,10.53,-0.01,93,97929,卖盘
303,14:41:00,10.54,0.01,117,123317,买盘
304,14:40:57,10.53,-0.01,34,35802,卖盘
305,14:40:54,10.54,--,57,60077,买盘
306,14:40:51,10.54,--,1,1054,买盘
307,14:40:48,10.54,--,4,4216,买盘
308,14:40:45,10.54,0.01,38,40052,买盘
309,14:40:42,10.53,--,126,132678,卖盘
310,14:40:39,10.53,--,21,22113,卖盘
311,14:40:36,10.53,-0.01,16,16848,卖盘
312,14:40:33,10.54,--,65,68510,买盘
313,14:40:30,10.54,--,569,600463,卖盘
314,14:40:27,10.54,--,60,63429,卖盘
315,14:40:24,10.54,-0.01,25,26349,卖盘
316,14:40:21,10.55,0.01,18,18990,买盘
317,14:40:18,10.54,--,18,18972,卖盘
318,14:40:15,10.54,-0.01,76,80104,卖盘
319,14:40:12,10.55,--,33,34815,买盘
320,14:40:09,10.55,0.01,1,1055,买盘
321,14:40:03,10.54,-0.01,47,49537,卖盘
322,14:40:00,10.55,0.01,32,33760,买盘
323,14:39:54,10.54,-0.01,44,46375,卖盘
324,14:39:51,10.55,-0.01,119,126104,卖盘
325,14:39:48,10.56,0.01,74,78144,买盘
326,14:39:45,10.55,-0.01,230,242650,卖盘
327,14:39:39,10.56,0.01,43,45408,买盘
328,14:39:36,10.55,-0.01,146,154030,卖盘
329,14:39:33,10.56,--,65,68640,买盘
330,14:39:27,10.56,--,239,253387,卖盘
331,14:39:24,10.56,--,13,14741,卖盘
332,14:39:21,10.56,-0.01,2,2238,卖盘
333,14:39:18,10.57,--,39,41223,买盘
334,14:39:15,10.57,--,34,35938,买盘
335,14:39:12,10.57,--,3,3171,买盘
336,14:39:09,10.57,0.01,1,1057,买盘
337,14:39:06,10.56,--,32,33792,卖盘
338,14:39:03,10.56,-0.01,17,17952,卖盘
339,14:39:00,10.57,--,40,42280,买盘
340,14:38:54,10.57,--,334,353038,买盘
341,14:38:51,10.57,--,18,19026,买盘
342,14:38:48,10.57,--,30,31710,买盘
343,14:38:45,10.57,-0.01,55,58135,卖盘
344,14:38:42,10.58,0.01,39,41262,买盘
345,14:38:33,10.57,-0.01,42,44394,卖盘
346,14:38:30,10.58,0.01,4,4232,买盘
347,14:38:27,10.57,--,17,17969,卖盘
348,14:38:24,10.57,--,46,48886,卖盘
349,14:38:21,10.57,-0.01,336,355152,卖盘
350,14:38:18,10.58,--,42,44436,买盘
351,14:38:15,10.58,--,1,1058,买盘
352,14:38:12,10.58,--,33,34914,买盘
353,14:38:09,10.58,0.01,2,2116,买盘
354,14:38:06,10.57,--,38,40166,卖盘
355,14:38:03,10.57,-0.01,15,15855,卖盘
356,14:38:00,10.58,0.01,33,34914,买盘
357,14:37:57,10.57,--,31,32767,卖盘
358,14:37:54,10.57,-0.01,100,105700,卖盘
359,14:37:51,10.58,--,12,12696,买盘
360,14:37:48,10.58,0.01,39,41262,买盘
361,14:37:45,10.57,-0.01,7,7399,卖盘
362,14:37:39,10.58,-0.01,367,389269,卖盘
363,14:37:36,10.59,0.01,7,7413,买盘
364,14:37:33,10.58,--,7,7406,卖盘
365,14:37:30,10.58,-0.01,52,55016,卖盘
366,14:37:27,10.59,0.01,45,47782,买盘
367,14:37:24,10.58,--,15,15933,卖盘
368,14:37:21,10.58,--,45,47610,卖盘
369,14:37:18,10.58,-0.01,185,195730,卖盘
370,14:37:15,10.59,--,32,33888,买盘
371,14:37:09,10.59,--,7,7413,买盘
372,14:37:06,10.59,--,1,1059,买盘
373,14:37:03,10.59,0.01,38,40242,买盘
374,14:37:00,10.58,--,21,22218,卖盘
375,14:36:57,10.58,-0.01,18,19044,卖盘
376,14:36:54,10.59,--,53,56127,买盘
377,14:36:51,10.59,--,11,11649,卖盘
378,14:36:45,10.59,-0.01,7,7413,中性盘
379,14:36:42,10.6,0.01,55,58300,买盘
380,14:36:33,10.59,--,22,23298,卖盘
381,14:36:30,10.59,--,53,56614,卖盘
382,14:36:27,10.59,0.01,0,571,买盘
383,14:36:24,10.58,--,9,9712,卖盘
384,14:36:21,10.58,-0.01,57,60306,卖盘
385,14:36:18,10.59,--,1,1059,买盘
386,14:36:15,10.59,0.01,5,5295,买盘
387,14:36:12,10.58,-0.01,1,1058,卖盘
388,14:36:09,10.59,--,34,36006,买盘
389,14:36:06,10.59,--,19,20121,买盘
390,14:36:03,10.59,0.01,52,55068,买盘
391,14:36:00,10.58,-0.01,1,1058,卖盘
392,14:35:57,10.59,--,52,55068,买盘
393,14:35:51,10.59,--,2,2118,买盘
394,14:35:48,10.59,--,29,30711,买盘
395,14:35:45,10.59,0.01,31,32829,买盘
396,14:35:42,10.58,-0.01,7,7406,卖盘
397,14:35:39,10.59,--,13,13767,买盘
398,14:35:36,10.59,0.01,35,37065,买盘
399,14:35:33,10.58,--,5,5290,卖盘
400,14:35:27,10.58,--,4,4232,卖盘
401,14:35:24,10.58,-0.01,41,43568,卖盘
402,14:35:21,10.59,--,20,21180,买盘
403,14:35:18,10.59,-0.02,177,187930,卖盘
404,14:35:15,10.61,0.02,64,67904,买盘
405,14:35:12,10.59,-0.02,18,19062,卖盘
406,14:35:09,10.61,0.02,29,30769,买盘
407,14:35:06,10.59,--,35,37065,卖盘
408,14:35:03,10.59,-0.01,43,45537,卖盘
409,14:35:00,10.6,--,23,24380,买盘
410,14:34:57,10.6,--,12,12720,买盘
411,14:34:54,10.6,--,18,19080,买盘
412,14:34:51,10.6,0.01,29,30740,买盘
413,14:34:48,10.59,-0.01,3,3177,卖盘
414,14:34:42,10.6,0.01,56,59360,买盘
415,14:34:39,10.59,--,1,1059,卖盘
416,14:34:36,10.59,--,33,34947,卖盘
417,14:34:33,10.59,--,39,41301,卖盘
418,14:34:30,10.59,--,35,37065,卖盘
419,14:34:27,10.59,--,2,2181,卖盘
420,14:34:24,10.59,--,15,15885,卖盘
421,14:34:21,10.59,--,11,11776,卖盘
422,14:34:18,10.59,--,47,49773,卖盘
423,14:34:15,10.59,-0.01,100,105900,卖盘
424,14:34:12,10.6,--,70,74200,买盘
425,14:34:09,10.6,--,81,85860,买盘
426,14:34:06,10.6,--,50,53000,卖盘
427,14:34:03,10.6,--,5,5300,卖盘
428,14:34:00,10.6,0.01,17,18020,买盘
429,14:33:57,10.59,-0.01,60,63540,卖盘
430,14:33:54,10.6,-0.01,157,166420,卖盘
431,14:33:51,10.61,--,2,2122,买盘
432,14:33:48,10.61,--,13,13793,买盘
433,14:33:45,10.61,0.01,30,31830,买盘
434,14:33:39,10.6,-0.01,7,7420,卖盘
435,14:33:36,10.61,--,38,40318,买盘
436,14:33:33,10.61,0.01,14,14854,买盘
437,14:33:27,10.6,0.01,7,7420,中性盘
438,14:33:24,10.59,--,43,45600,卖盘
439,14:33:21,10.59,-0.01,10,10717,卖盘
440,14:33:18,10.6,--,13,13780,买盘
441,14:33:12,10.6,--,72,76320,买盘
442,14:33:09,10.6,--,2,2120,买盘
443,14:33:06,10.6,--,71,75260,买盘
444,14:33:03,10.6,--,80,84800,买盘
445,14:33:00,10.6,0.01,4,4240,买盘
446,14:32:57,10.59,--,6,6354,卖盘
447,14:32:54,10.59,-0.01,18,19062,卖盘
448,14:32:51,10.6,0.01,28,29680,买盘
449,14:32:48,10.59,--,1,1059,卖盘
450,14:32:45,10.59,--,12,12708,卖盘
451,14:32:42,10.59,-0.01,30,31770,卖盘
452,14:32:33,10.6,0.01,3,3180,买盘
453,14:32:30,10.59,--,21,22239,卖盘
454,14:32:27,10.59,--,7,7413,卖盘
455,14:32:24,10.59,--,21,22302,卖盘
456,14:32:21,10.59,-0.01,0,127,卖盘
457,14:32:18,10.6,0.01,15,15900,买盘
458,14:32:15,10.59,-0.01,58,61422,卖盘
459,14:32:12,10.6,--,83,87980,买盘
460,14:32:09,10.6,--,19,20140,买盘
461,14:32:06,10.6,0.01,3,3180,买盘
462,14:32:03,10.59,-0.01,12,12708,卖盘
463,14:32:00,10.6,--,10,10600,买盘
464,14:31:57,10.6,--,29,30740,买盘
465,14:31:51,10.6,--,3,3180,买盘
466,14:31:45,10.6,0.01,31,32860,买盘
467,14:31:42,10.59,--,50,52950,卖盘
468,14:31:39,10.59,--,47,49773,卖盘
469,14:31:36,10.59,-0.01,102,108018,卖盘
470,14:31:33,10.6,--,19,20140,买盘
471,14:31:30,10.6,--,12,12720,买盘
472,14:31:27,10.6,0.02,21,22260,买盘
473,14:31:24,10.58,--,16,16980,卖盘
474,14:31:21,10.58,-0.02,40,42446,卖盘
475,14:31:18,10.6,0.01,31,32860,买盘
476,14:31:15,10.59,--,20,21180,买盘
477,14:31:12,10.59,--,68,72012,买盘
478,14:31:09,10.59,--,2,2118,买盘
479,14:31:06,10.59,--,1,1059,买盘
480,14:31:03,10.59,0.01,19,20121,买盘
481,14:31:00,10.58,-0.01,51,53958,卖盘
482,14:30:54,10.59,0.01,8,8472,买盘
483,14:30:51,10.58,--,17,17986,卖盘
484,14:30:45,10.58,--,11,11638,卖盘
485,14:30:42,10.58,-0.01,7,7406,卖盘
486,14:30:39,10.59,--,50,52950,买盘
487,14:30:33,10.59,--,122,129198,买盘
488,14:30:27,10.59,0.01,30,31770,买盘
489,14:30:24,10.58,-0.01,38,40394,卖盘
490,14:30:21,10.59,0.01,10,10590,买盘
491,14:30:18,10.58,--,34,35972,卖盘
492,14:30:15,10.58,--,4,4232,卖盘
493,14:30:09,10.58,-0.01,4,4232,卖盘
494,14:30:06,10.59,0.01,39,41301,买盘
495,14:30:03,10.58,-0.01,10,10580,卖盘
496,14:29:57,10.59,--,24,25416,买盘
497,14:29:54,10.59,--,16,16944,买盘
498,14:29:51,10.59,--,2,2118,买盘
499,14:29:45,10.59,0.01,14,14826,买盘
500,14:29:42,10.58,--,15,15870,卖盘
501,14:29:39,10.58,-0.01,1,1058,卖盘
502,14:29:36,10.59,0.01,13,13767,买盘
503,14:29:33,10.58,-0.01,20,21160,卖盘
504,14:29:27,10.59,--,23,24357,买盘
505,14:29:24,10.59,0.01,56,59367,买盘
506,14:29:21,10.58,-0.01,16,17054,卖盘
507,14:29:12,10.59,--,15,15885,买盘
508,14:29:09,10.59,--,13,13767,买盘
509,14:29:06,10.59,0.01,2,2118,买盘
510,14:29:03,10.58,--,16,16928,卖盘
511,14:29:00,10.58,--,15,15870,卖盘
512,14:28:54,10.58,-0.01,1,1058,卖盘
513,14:28:48,10.59,--,160,169440,买盘
514,14:28:42,10.59,0.01,31,32829,买盘
515,14:28:39,10.58,--,74,78292,买盘
516,14:28:33,10.58,--,119,125902,买盘
517,14:28:30,10.58,0.01,4,4232,买盘
518,14:28:27,10.57,-0.01,169,178633,卖盘
519,14:28:24,10.58,0.01,79,83582,买盘
520,14:28:21,10.57,-0.01,1,1247,卖盘
521,14:28:15,10.58,0.01,27,28566,买盘
522,14:28:12,10.57,--,95,100415,卖盘
523,14:28:09,10.57,-0.01,2,2114,卖盘
524,14:28:06,10.58,--,17,17986,买盘
525,14:28:03,10.58,--,21,22218,买盘
526,14:27:57,10.58,--,3,3174,买盘
527,14:27:54,10.58,--,47,49726,买盘
528,14:27:51,10.58,--,6,6348,买盘
529,14:27:45,10.58,--,26,27508,买盘
530,14:27:42,10.58,0.01,15,15870,买盘
531,14:27:36,10.57,--,12,12684,卖盘
532,14:27:33,10.57,--,58,61306,卖盘
533,14:27:30,10.57,--,1,1057,卖盘
534,14:27:24,10.57,--,125,132251,卖盘
535,14:27:21,10.57,-0.01,21,22260,卖盘
536,14:27:18,10.58,--,23,24334,买盘
537,14:27:15,10.58,--,5,5290,买盘
538,14:27:09,10.58,0.01,18,19044,买盘
539,14:27:06,10.57,-0.01,4,4228,卖盘
540,14:27:03,10.58,0.01,5,5290,买盘
541,14:27:00,10.57,-0.01,22,23254,卖盘
542,14:26:57,10.58,0.01,6,6348,买盘
543,14:26:54,10.57,-0.01,22,23254,卖盘
544,14:26:51,10.58,--,15,15870,买盘
545,14:26:48,10.58,--,16,16928,买盘
546,14:26:42,10.58,0.01,12,12696,买盘
547,14:26:39,10.57,-0.01,1,1057,卖盘
548,14:26:36,10.58,0.01,26,27508,买盘
549,14:26:33,10.57,-0.01,18,19026,卖盘
550,14:26:30,10.58,--,14,14812,买盘
551,14:26:27,10.58,0.02,37,39146,买盘
552,14:26:24,10.56,-0.01,87,92062,卖盘
553,14:26:21,10.57,0.01,2,2114,买盘
554,14:26:18,10.56,-0.01,18,19008,卖盘
555,14:26:15,10.57,0.01,47,49679,买盘
556,14:26:09,10.56,-0.01,30,31680,卖盘
557,14:26:06,10.57,--,2,2114,买盘
558,14:26:03,10.57,--,39,41223,买盘
559,14:25:57,10.57,0.01,22,23254,买盘
560,14:25:54,10.56,-0.01,16,16896,卖盘
561,14:25:45,10.57,--,14,14798,买盘
562,14:25:42,10.57,--,10,10570,买盘
563,14:25:39,10.57,--,4,4228,买盘
564,14:25:36,10.57,--,13,13741,买盘
565,14:25:33,10.57,--,36,38052,买盘
566,14:25:30,10.57,--,4,4228,买盘
567,14:25:27,10.57,--,13,13741,买盘
568,14:25:24,10.57,0.01,15,15918,买盘
569,14:25:21,10.56,-0.01,0,126,卖盘
570,14:25:18,10.57,--,54,57078,买盘
571,14:25:15,10.57,--,31,32767,买盘
572,14:25:12,10.57,--,227,240805,卖盘
573,14:25:09,10.57,-0.01,1,1057,卖盘
574,14:25:06,10.58,--,2,2116,买盘
575,14:25:03,10.58,--,46,48668,买盘
576,14:25:00,10.58,--,14,14812,买盘
577,14:24:54,10.58,--,50,52900,买盘
578,14:24:51,10.58,--,26,27508,买盘
579,14:24:48,10.58,0.01,100,105800,买盘
580,14:24:42,10.57,--,20,21140,卖盘
581,14:24:39,10.57,--,18,19026,卖盘
582,14:24:33,10.57,-0.01,26,27482,卖盘
583,14:24:27,10.58,0.01,12,12696,买盘
584,14:24:24,10.57,--,1,1120,卖盘
585,14:24:21,10.57,-0.01,12,12810,卖盘
586,14:24:18,10.58,--,20,21160,买盘
587,14:24:09,10.58,--,1,1058,买盘
588,14:24:06,10.58,0.01,69,73002,买盘
589,14:24:03,10.57,-0.01,21,22197,卖盘
590,14:24:00,10.58,--,1,1058,买盘
591,14:23:57,10.58,--,30,31740,买盘
592,14:23:54,10.58,--,14,14812,买盘
593,14:23:51,10.58,0.02,8,8464,买盘
594,14:23:48,10.56,-0.02,49,51744,卖盘
595,14:23:45,10.58,0.03,13,13754,买盘
596,14:23:42,10.55,--,1,1055,卖盘
597,14:23:39,10.55,-0.01,25,26375,卖盘
598,14:23:36,10.56,--,53,56158,买盘
599,14:23:33,10.56,--,22,23232,买盘
600,14:23:30,10.56,--,39,42049,卖盘
601,14:23:27,10.56,--,4,4224,卖盘
602,14:23:24,10.56,-0.02,0,63,卖盘
603,14:23:21,10.58,0.01,14,14938,买盘
604,14:23:18,10.57,--,14,14798,买盘
605,14:23:15,10.57,--,7,7399,买盘
606,14:23:12,10.57,-0.01,26,28475,卖盘
607,14:23:09,10.58,0.01,3,3237,买盘
608,14:23:06,10.57,0.01,12,12684,买盘
609,14:23:03,10.56,-0.01,15,15840,卖盘
610,14:23:00,10.57,0.02,21,22197,买盘
611,14:22:57,10.55,--,20,21100,卖盘
612,14:22:54,10.55,--,161,170160,买盘
613,14:22:51,10.55,--,109,114995,买盘
614,14:22:48,10.55,--,73,77015,买盘
615,14:22:45,10.55,--,11,11605,买盘
616,14:22:42,10.55,--,94,99170,买盘
617,14:22:39,10.55,0.01,118,124490,买盘
618,14:22:36,10.54,-0.01,24,25295,卖盘
619,14:22:33,10.55,--,12,12660,买盘
620,14:22:30,10.55,--,7,7385,买盘
621,14:22:27,10.55,--,24,25320,买盘
622,14:22:24,10.55,--,78,82416,买盘
623,14:22:21,10.55,--,75,79125,买盘
624,14:22:18,10.55,-0.03,412,435409,卖盘
625,14:22:15,10.58,--,34,35972,买盘
626,14:22:12,10.58,0.01,44,46552,买盘
627,14:22:09,10.57,-0.01,21,22197,卖盘
628,14:22:06,10.58,0.01,14,14812,买盘
629,14:22:03,10.57,--,254,268668,买盘
630,14:22:00,10.57,--,5,5285,买盘
631,14:21:54,10.57,0.01,188,198716,买盘
632,14:21:51,10.56,0.01,27,28512,买盘
633,14:21:48,10.55,-0.01,453,477915,卖盘
634,14:21:45,10.56,0.01,142,149952,买盘
635,14:21:42,10.55,--,26,27430,卖盘
636,14:21:39,10.55,-0.01,69,72795,卖盘
637,14:21:36,10.56,--,52,54912,买盘
638,14:21:33,10.56,--,55,58080,买盘
639,14:21:30,10.56,-0.01,152,160512,卖盘
640,14:21:27,10.57,0.01,33,34881,买盘
641,14:21:24,10.56,-0.02,36,38881,卖盘
642,14:21:21,10.58,0.01,81,85698,买盘
643,14:21:18,10.57,0.01,23,24501,中性盘
644,14:21:15,10.56,-0.02,13,13728,卖盘
645,14:21:09,10.58,0.01,27,28566,买盘
646,14:21:06,10.57,--,2,2114,买盘
647,14:21:03,10.57,--,31,32767,买盘
648,14:21:00,10.57,0.02,18,19026,中性盘
649,14:20:57,10.55,-0.03,1259,1328245,卖盘
650,14:20:54,10.58,-0.01,2,2116,卖盘
651,14:20:51,10.59,--,26,27534,买盘
652,14:20:48,10.59,0.01,17,18003,买盘
653,14:20:45,10.58,--,18,19044,卖盘
654,14:20:42,10.58,--,1,1058,卖盘
655,14:20:39,10.58,-0.01,46,48668,卖盘
656,14:20:33,10.59,--,13,13767,买盘
657,14:20:30,10.59,--,8,8472,买盘
658,14:20:27,10.59,0.01,13,13767,买盘
659,14:20:24,10.58,-0.01,14,14812,卖盘
660,14:20:21,10.59,0.01,10,10590,买盘
661,14:20:18,10.58,--,48,51164,买盘
662,14:20:15,10.58,--,224,237859,卖盘
663,14:20:12,10.58,--,17,17986,卖盘
664,14:20:09,10.58,--,4,4232,卖盘
665,14:20:06,10.58,-0.01,19,20102,卖盘
666,14:20:03,10.59,0.01,8,8472,买盘
667,14:20:00,10.58,-0.01,31,32798,卖盘
668,14:19:54,10.59,0.01,28,29652,买盘
669,14:19:51,10.58,--,10,10580,卖盘
670,14:19:48,10.58,-0.01,20,21160,卖盘
671,14:19:42,10.59,0.01,14,14826,买盘
672,14:19:39,10.58,--,27,28566,卖盘
673,14:19:36,10.58,-0.01,9,9522,卖盘
674,14:19:33,10.59,0.01,18,19062,买盘
675,14:19:30,10.58,-0.01,18,19044,卖盘
676,14:19:27,10.59,0.01,39,41301,买盘
677,14:19:21,10.58,--,19,20102,卖盘
678,14:19:18,10.58,--,31,32988,卖盘
679,14:19:15,10.58,--,3,3174,卖盘
680,14:19:12,10.58,-0.01,104,110032,卖盘
681,14:19:09,10.59,--,13,13767,买盘
682,14:19:03,10.59,--,52,55068,买盘
683,14:19:00,10.59,--,33,34947,买盘
684,14:18:57,10.59,0.01,31,32829,买盘
685,14:18:54,10.58,-0.01,5,5290,卖盘
686,14:18:51,10.59,--,1,1059,买盘
687,14:18:48,10.59,--,16,17558,买盘
688,14:18:45,10.59,0.02,18,19062,买盘
689,14:18:42,10.57,--,1,1057,卖盘
690,14:18:39,10.57,-0.02,110,116270,卖盘
691,14:18:36,10.59,0.01,12,12708,买盘
692,14:18:33,10.58,--,17,17986,买盘
693,14:18:30,10.58,--,72,76176,买盘
694,14:18:27,10.58,--,26,27508,卖盘
695,14:18:24,10.58,0.01,1,1058,卖盘
696,14:18:21,10.57,--,0,126,卖盘
697,14:18:18,10.57,-0.02,0,52,卖盘
698,14:18:15,10.59,0.01,19,20121,买盘
699,14:18:09,10.58,-0.01,9,9522,卖盘
700,14:18:06,10.59,0.01,7,7413,买盘
701,14:18:03,10.58,--,37,39146,买盘
702,14:18:00,10.58,--,36,38088,卖盘
703,14:17:57,10.58,--,7,7406,卖盘
704,14:17:54,10.58,-0.01,35,37030,卖盘
705,14:17:51,10.59,0.01,139,147201,买盘
706,14:17:45,10.58,-0.01,21,22218,卖盘
707,14:17:42,10.59,0.01,34,36006,买盘
708,14:17:39,10.58,--,22,23276,卖盘
709,14:17:36,10.58,--,20,21160,卖盘
710,14:17:33,10.58,--,11,11638,卖盘
711,14:17:30,10.58,--,112,118496,卖盘
712,14:17:27,10.58,-0.01,7,7406,卖盘
713,14:17:24,10.59,0.01,308,326172,买盘
714,14:17:21,10.58,-0.01,7,7406,卖盘
715,14:17:18,10.59,--,24,25416,卖盘
716,14:17:15,10.59,--,6,6354,卖盘
717,14:17:12,10.59,0.01,4,4236,卖盘
718,14:17:09,10.58,-0.01,43,45494,卖盘
719,14:17:06,10.59,-0.01,238,252910,卖盘
720,14:17:03,10.6,--,6,6360,买盘
721,14:16:57,10.6,0.01,25,26500,买盘
722,14:16:54,10.59,-0.01,34,36006,卖盘
723,14:16:51,10.6,0.01,1,1060,买盘
724,14:16:48,10.59,-0.01,1,1059,卖盘
725,14:16:45,10.6,--,12,12720,买盘
726,14:16:42,10.6,--,62,65720,买盘
727,14:16:36,10.6,--,14,14840,买盘
728,14:16:33,10.6,--,6,6360,买盘
729,14:16:27,10.6,0.01,20,21200,买盘
730,14:16:24,10.59,--,113,119667,卖盘
731,14:16:21,10.59,--,10,10780,卖盘
732,14:16:15,10.59,-0.01,26,27534,卖盘
733,14:16:12,10.6,--,238,252735,卖盘
734,14:16:09,10.6,-0.01,5,5300,卖盘
735,14:16:06,10.61,--,23,24403,买盘
736,14:16:03,10.61,0.01,19,20159,买盘
737,14:16:00,10.6,--,114,120840,卖盘
738,14:15:57,10.6,-0.01,10,10600,卖盘
739,14:15:54,10.61,0.01,1,1061,买盘
740,14:15:51,10.6,-0.01,64,67840,卖盘
741,14:15:45,10.61,0.01,21,22281,买盘
742,14:15:42,10.6,-0.01,6,6360,卖盘
743,14:15:39,10.61,--,13,13793,买盘
744,14:15:33,10.61,0.01,4,4244,买盘
745,14:15:30,10.6,--,37,39220,卖盘
746,14:15:24,10.6,-0.01,1,1060,卖盘
747,14:15:21,10.61,--,134,142237,买盘
748,14:15:18,10.61,0.01,26,27713,买盘
749,14:15:15,10.6,--,227,240620,卖盘
750,14:15:12,10.6,-0.01,27,28620,卖盘
751,14:15:09,10.61,--,45,47745,买盘
752,14:15:06,10.61,0.01,13,13793,买盘
753,14:15:03,10.6,--,81,85860,卖盘
754,14:15:00,10.6,-0.01,7,7420,卖盘
755,14:14:57,10.61,0.01,13,13793,买盘
756,14:14:54,10.6,--,2,2120,卖盘
757,14:14:51,10.6,--,44,46640,卖盘
758,14:14:45,10.6,--,29,30740,卖盘
759,14:14:42,10.6,--,7,7420,卖盘
760,14:14:39,10.6,-0.01,1,1060,卖盘
761,14:14:33,10.61,--,17,18037,买盘
762,14:14:30,10.61,0.01,23,24403,买盘
763,14:14:27,10.6,-0.01,30,31800,卖盘
764,14:14:24,10.61,--,29,30769,买盘
765,14:14:21,10.61,--,27,28647,买盘
766,14:14:18,10.61,--,48,50928,卖盘
767,14:14:15,10.61,--,7,7427,卖盘
768,14:14:12,10.61,--,221,234481,卖盘
769,14:14:06,10.61,-0.01,4,4244,卖盘
770,14:14:00,10.62,--,20,21240,买盘
771,14:13:57,10.62,--,1,1062,买盘
772,14:13:54,10.62,--,28,29735,买盘
773,14:13:51,10.62,--,14,14867,买盘
774,14:13:45,10.62,0.02,3,3185,买盘
775,14:13:42,10.6,-0.02,42,44520,卖盘
776,14:13:39,10.62,--,14,14867,买盘
777,14:13:36,10.62,0.02,28,29735,买盘
778,14:13:33,10.6,-0.02,47,49820,卖盘
779,14:13:27,10.62,--,82,87084,买盘
780,14:13:24,10.62,0.02,126,133812,买盘
781,14:13:21,10.6,--,65,69027,卖盘
782,14:13:18,10.6,-0.02,13,13843,卖盘
783,14:13:15,10.62,--,1,1062,买盘
784,14:13:12,10.62,0.02,9,9558,买盘
785,14:13:09,10.6,-0.02,8,8480,卖盘
786,14:13:06,10.62,0.02,60,63719,买盘
787,14:13:03,10.6,-0.01,18,19080,卖盘
788,14:13:00,10.61,--,33,35013,卖盘
789,14:12:57,10.61,-0.01,10,10610,中性盘
790,14:12:54,10.62,--,243,258968,买盘
791,14:12:51,10.62,0.01,10,10620,买盘
792,14:12:48,10.61,0.01,61,64911,买盘
793,14:12:45,10.6,-0.01,27,28620,卖盘
794,14:12:42,10.61,-0.01,40,43310,卖盘
795,14:12:39,10.62,--,14,14867,买盘
796,14:12:36,10.62,--,100,106199,买盘
797,14:12:33,10.62,--,29,30797,买盘
798,14:12:30,10.62,0.01,10,10620,买盘
799,14:12:27,10.61,--,20,21220,卖盘
800,14:12:24,10.61,-0.01,46,48806,卖盘
801,14:12:21,10.62,0.01,13,13997,买盘
802,14:12:18,10.61,--,31,32891,卖盘
803,14:12:12,10.61,-0.01,17,18037,卖盘
804,14:12:06,10.62,--,12,12743,买盘
805,14:12:03,10.62,--,19,20178,买盘
806,14:12:00,10.62,--,65,69030,买盘
807,14:11:57,10.62,--,10,10620,买盘
808,14:11:54,10.62,-0.01,54,58218,卖盘
809,14:11:51,10.63,--,7,7441,买盘
810,14:11:48,10.63,--,15,15945,买盘
811,14:11:45,10.63,0.01,14,14882,买盘
812,14:11:42,10.62,--,19,20178,卖盘
813,14:11:39,10.62,-0.01,14,14867,卖盘
814,14:11:36,10.63,--,52,55276,买盘
815,14:11:33,10.63,0.01,26,27638,买盘
816,14:11:30,10.62,--,9,9558,卖盘
817,14:11:27,10.62,--,37,39485,买盘
818,14:11:24,10.62,--,25,26549,买盘
819,14:11:21,10.62,0.01,25,26549,买盘
820,14:11:18,10.61,-0.01,0,127,卖盘
821,14:11:15,10.62,0.01,37,39357,买盘
822,14:11:12,10.61,--,15,15915,卖盘
823,14:11:09,10.61,-0.01,23,24403,卖盘
824,14:11:06,10.62,--,71,75402,买盘
825,14:11:03,10.62,0.01,16,16992,买盘
826,14:11:00,10.61,--,44,46684,卖盘
827,14:10:57,10.61,-0.01,5,5305,卖盘
828,14:10:54,10.62,--,18,19116,买盘
829,14:10:51,10.62,--,11,11682,买盘
830,14:10:42,10.62,--,44,46728,买盘
831,14:10:39,10.62,0.01,11,11682,买盘
832,14:10:36,10.61,--,3,3183,卖盘
833,14:10:33,10.61,-0.01,32,33952,卖盘
834,14:10:27,10.62,--,10,10620,买盘
835,14:10:24,10.62,0.01,100,106199,买盘
836,14:10:21,10.61,-0.01,52,55172,卖盘
837,14:10:18,10.62,-0.01,12,12743,卖盘
838,14:10:12,10.63,--,17,18071,买盘
839,14:10:09,10.63,0.01,17,18071,买盘
840,14:10:06,10.62,0.01,10,10620,买盘
841,14:10:03,10.61,-0.01,8,8488,卖盘
842,14:10:00,10.62,0.01,16,16992,买盘
843,14:09:57,10.61,--,13,13793,卖盘
844,14:09:54,10.61,-0.01,16,16976,卖盘
845,14:09:48,10.62,--,12,12743,买盘
846,14:09:45,10.62,--,27,28673,买盘
847,14:09:36,10.62,--,40,42480,买盘
848,14:09:33,10.62,0.01,13,13805,买盘
849,14:09:27,10.61,--,17,18037,卖盘
850,14:09:24,10.61,-0.01,1,1061,卖盘
851,14:09:21,10.62,0.01,10,10747,买盘
852,14:09:18,10.61,0.01,6,6429,买盘
853,14:09:15,10.6,--,78,82680,卖盘
854,14:09:12,10.6,-0.02,138,146280,卖盘
855,14:09:06,10.62,0.02,1,1062,买盘
856,14:09:03,10.6,-0.02,23,24380,卖盘
857,14:09:00,10.62,0.02,12,12743,买盘
858,14:08:57,10.6,-0.02,1,1060,卖盘
859,14:08:54,10.62,0.02,14,14867,买盘
860,14:08:51,10.6,-0.02,32,33920,卖盘
861,14:08:48,10.62,--,35,37170,买盘
862,14:08:42,10.62,0.02,13,13805,买盘
863,14:08:39,10.6,-0.02,17,18020,卖盘
864,14:08:33,10.62,0.02,18,19116,买盘
865,14:08:30,10.6,--,15,15900,卖盘
866,14:08:27,10.6,--,225,238500,卖盘
867,14:08:24,10.6,--,55,58300,卖盘
868,14:08:21,10.6,--,20,21200,卖盘
869,14:08:15,10.6,-0.02,13,13970,卖盘
870,14:08:09,10.62,--,14,14867,买盘
871,14:08:06,10.62,0.02,49,52037,买盘
872,14:08:03,10.6,-0.02,51,54060,卖盘
873,14:08:00,10.62,--,15,15929,买盘
874,14:07:57,10.62,--,14,14867,买盘
875,14:07:54,10.62,--,140,148924,买盘
876,14:07:51,10.62,--,1,1062,买盘
877,14:07:48,10.62,0.01,14,14867,买盘
878,14:07:45,10.61,-0.01,1,1061,卖盘
879,14:07:42,10.62,--,31,32922,买盘
880,14:07:36,10.62,0.01,14,14867,买盘
881,14:07:33,10.61,--,35,37135,卖盘
882,14:07:27,10.61,--,92,97612,卖盘
883,14:07:24,10.61,-0.01,12,12732,卖盘
884,14:07:21,10.62,--,10,10620,买盘
885,14:07:18,10.62,0.01,50,53099,买盘
886,14:07:15,10.61,-0.01,19,20349,卖盘
887,14:07:09,10.62,--,11,11682,买盘
888,14:07:06,10.62,--,14,14867,买盘
889,14:07:03,10.62,--,21,22302,买盘
890,14:07:00,10.62,--,25,26549,买盘
891,14:06:57,10.62,--,25,26549,买盘
892,14:06:54,10.62,--,17,18054,买盘
893,14:06:51,10.62,--,6,6371,买盘
894,14:06:48,10.62,--,26,27611,买盘
895,14:06:42,10.62,--,16,16992,买盘
896,14:06:39,10.62,-0.01,4,4248,中性盘
897,14:06:36,10.63,0.01,128,136064,买盘
898,14:06:33,10.62,-0.01,7,7433,中性盘
899,14:06:30,10.63,0.01,17,18071,买盘
900,14:06:27,10.62,--,21,22302,买盘
901,14:06:24,10.62,-0.01,44,47471,卖盘
902,14:06:21,10.63,0.01,14,14882,买盘
903,14:06:18,10.62,--,1,1189,卖盘
904,14:06:15,10.62,0.01,55,58654,买盘
905,14:06:12,10.61,-0.01,214,227054,卖盘
906,14:06:09,10.62,0.01,12,12743,买盘
907,14:06:06,10.61,-0.01,13,13793,卖盘
908,14:06:03,10.62,--,27,28673,买盘
909,14:06:00,10.62,--,10,10620,买盘
910,14:05:57,10.62,0.01,14,14867,买盘
911,14:05:54,10.61,-0.01,56,59416,卖盘
912,14:05:51,10.62,0.01,32,33984,买盘
913,14:05:48,10.61,--,65,68965,卖盘
914,14:05:45,10.61,-0.01,20,21220,卖盘
915,14:05:42,10.62,0.01,10,10620,买盘
916,14:05:39,10.61,-0.01,2,2122,卖盘
917,14:05:36,10.62,0.01,52,55223,买盘
918,14:05:33,10.61,-0.01,18,19098,卖盘
919,14:05:30,10.62,0.01,10,10620,买盘
920,14:05:27,10.61,-0.01,12,12732,卖盘
921,14:05:24,10.62,0.01,14,14867,买盘
922,14:05:21,10.61,-0.01,3,3183,卖盘
923,14:05:18,10.62,0.01,10,10811,买盘
924,14:05:15,10.61,-0.01,8,8488,卖盘
925,14:05:09,10.62,--,24,25487,买盘
926,14:05:06,10.62,--,65,69030,买盘
927,14:05:03,10.62,--,68,73086,卖盘
928,14:05:00,10.62,--,20,21240,卖盘
929,14:04:57,10.62,--,114,121067,卖盘
930,14:04:48,10.62,--,14,14867,卖盘
931,14:04:45,10.62,-0.01,48,50975,卖盘
932,14:04:42,10.63,0.01,13,13819,买盘
933,14:04:39,10.62,-0.01,17,18054,卖盘
934,14:04:36,10.63,--,12,12756,买盘
935,14:04:33,10.63,--,4,4252,买盘
936,14:04:30,10.63,--,10,10630,买盘
937,14:04:24,10.63,0.01,11,11693,买盘
938,14:04:21,10.62,--,15,15929,卖盘
939,14:04:18,10.62,--,2,2124,卖盘
940,14:04:15,10.62,-0.01,1,1253,卖盘
941,14:04:12,10.63,--,24,25512,买盘
942,14:04:03,10.63,--,14,14882,买盘
943,14:04:00,10.63,0.01,17,18071,买盘
944,14:03:57,10.62,-0.01,59,62657,卖盘
945,14:03:51,10.63,0.01,11,11693,买盘
946,14:03:48,10.62,-0.01,1,1062,卖盘
947,14:03:45,10.63,--,13,13819,买盘
948,14:03:39,10.63,0.01,38,40394,买盘
949,14:03:33,10.62,-0.01,12,12743,卖盘
950,14:03:30,10.63,--,11,11693,买盘
951,14:03:18,10.63,0.02,37,39331,买盘
952,14:03:15,10.61,-0.01,58,61728,卖盘
953,14:03:09,10.62,--,112,118943,买盘
954,14:03:06,10.62,0.01,25,26549,买盘
955,14:03:03,10.61,-0.01,20,21220,卖盘
956,14:03:00,10.62,--,112,118943,买盘
957,14:02:57,10.62,0.01,16,16992,买盘
958,14:02:54,10.61,-0.01,14,14854,卖盘
959,14:02:51,10.62,0.01,14,14867,买盘
960,14:02:45,10.61,--,12,12732,卖盘
961,14:02:42,10.61,--,13,13793,卖盘
962,14:02:39,10.61,-0.01,6,6366,卖盘
963,14:02:33,10.62,--,24,25487,买盘
964,14:02:27,10.62,--,25,26549,买盘
965,14:02:24,10.62,--,23,24426,买盘
966,14:02:21,10.62,0.01,25,26549,买盘
967,14:02:18,10.61,--,24,25591,卖盘
968,14:02:15,10.61,-0.01,2,2185,卖盘
969,14:02:12,10.62,--,11,11682,买盘
970,14:02:09,10.62,--,23,24426,买盘
971,14:02:03,10.62,--,4,4248,买盘
972,14:02:00,10.62,0.01,23,24426,买盘
973,14:01:57,10.61,--,4,4244,卖盘
974,14:01:54,10.61,--,43,45623,卖盘
975,14:01:51,10.61,-0.01,26,27586,卖盘
976,14:01:39,10.62,0.01,10,10620,买盘
977,14:01:33,10.61,-0.02,23,24403,卖盘
978,14:01:27,10.63,--,22,23386,买盘
979,14:01:24,10.63,0.02,44,46772,买盘
980,14:01:21,10.61,-0.01,14,14854,卖盘
981,14:01:18,10.62,--,25,27420,卖盘
982,14:01:15,10.62,--,15,16057,卖盘
983,14:01:12,10.62,-0.01,0,63,卖盘
984,14:01:06,10.63,--,11,11693,买盘
985,14:01:03,10.63,--,4,4252,买盘
986,14:01:00,10.63,0.01,58,61654,买盘
987,14:00:57,10.62,-0.01,4,4248,卖盘
988,14:00:54,10.63,--,10,10630,买盘
989,14:00:51,10.63,0.02,4,4252,买盘
990,14:00:48,10.61,--,14,14854,卖盘
991,14:00:45,10.61,-0.02,26,27586,卖盘
992,14:00:42,10.63,--,6,6378,买盘
993,14:00:36,10.63,--,22,24257,买盘
994,14:00:33,10.63,--,35,37205,买盘
995,14:00:30,10.63,0.01,3,3189,买盘
996,14:00:27,10.62,-0.01,20,21240,卖盘
997,14:00:21,10.63,0.01,14,14882,买盘
998,14:00:18,10.62,--,28,29863,卖盘
999,14:00:15,10.62,--,1,1062,卖盘
1000,14:00:12,10.62,-0.01,9,9621,卖盘
1001,14:00:09,10.63,--,18,19134,买盘
1002,14:00:03,10.63,0.02,17,18071,买盘
1003,14:00:00,10.61,--,29,30769,卖盘
1004,13:59:57,10.61,-0.02,52,55172,卖盘
1005,13:59:54,10.63,0.02,15,15945,买盘
1006,13:59:51,10.61,-0.02,15,15915,卖盘
1007,13:59:39,10.63,0.02,91,96733,买盘
1008,13:59:36,10.61,-0.03,32,33952,卖盘
1009,13:59:30,10.64,--,17,18088,买盘
1010,13:59:27,10.64,0.01,163,173432,买盘
1011,13:59:18,10.63,0.04,372,395478,买盘
1012,13:59:12,10.59,--,8,8472,买盘
1013,13:59:09,10.59,-0.04,2054,2175186,卖盘
1014,13:59:06,10.63,0.01,39,41457,买盘
1015,13:59:03,10.62,-0.01,8,8496,卖盘
1016,13:59:00,10.63,--,9,9567,买盘
1017,13:58:57,10.63,--,53,56339,买盘
1018,13:58:54,10.63,--,10,10630,买盘
1019,13:58:51,10.63,--,5,5315,买盘
1020,13:58:45,10.63,--,15,15945,买盘
1021,13:58:42,10.63,0.01,22,23386,买盘
1022,13:58:36,10.62,-0.01,30,31859,卖盘
1023,13:58:33,10.63,0.01,24,25512,买盘
1024,13:58:30,10.62,-0.01,4,4248,卖盘
1025,13:58:24,10.63,-0.01,61,65629,卖盘
1026,13:58:21,10.64,0.01,20,21280,买盘
1027,13:58:15,10.63,-0.01,17,18071,卖盘
1028,13:58:12,10.64,--,23,24472,买盘
1029,13:58:09,10.64,0.01,521,554620,买盘
1030,13:58:06,10.63,--,1,1063,买盘
1031,13:58:03,10.63,--,3,3189,买盘
1032,13:58:00,10.63,--,15,15945,买盘
1033,13:57:57,10.63,0.01,25,26575,买盘
1034,13:57:54,10.62,-0.01,4,4248,卖盘
1035,13:57:51,10.63,--,1,1063,买盘
1036,13:57:48,10.63,0.01,54,57402,买盘
1037,13:57:45,10.62,-0.01,18,19116,卖盘
1038,13:57:39,10.63,0.01,18,19134,买盘
1039,13:57:36,10.62,--,20,21240,买盘
1040,13:57:33,10.62,0.01,4,4248,买盘
1041,13:57:30,10.61,-0.02,43,45623,卖盘
1042,13:57:27,10.63,--,36,38268,买盘
1043,13:57:18,10.63,--,14,14882,买盘
1044,13:57:15,10.63,0.02,32,34016,买盘
1045,13:57:12,10.61,-0.02,15,15915,卖盘
1046,13:57:06,10.63,--,86,91418,买盘
1047,13:57:03,10.63,--,14,14882,买盘
1048,13:57:00,10.63,--,22,23386,买盘
1049,13:56:57,10.63,--,5,5315,买盘
1050,13:56:54,10.63,--,76,80788,买盘
1051,13:56:51,10.63,0.01,14,14882,买盘
1052,13:56:48,10.62,-0.01,15,15929,卖盘
1053,13:56:45,10.63,--,3,3189,买盘
1054,13:56:42,10.63,--,22,23386,买盘
1055,13:56:39,10.63,0.02,40,42520,买盘
1056,13:56:33,10.61,-0.02,68,72148,卖盘
1057,13:56:30,10.63,0.02,11,11693,买盘
1058,13:56:24,10.61,-0.02,14,14854,卖盘
1059,13:56:21,10.63,0.01,34,36142,买盘
1060,13:56:18,10.62,-0.01,30,31859,卖盘
1061,13:56:12,10.63,--,5,5315,买盘
1062,13:56:09,10.63,0.02,50,53150,买盘
1063,13:56:06,10.61,-0.02,12,12732,卖盘
1064,13:56:03,10.63,--,4,4252,买盘
1065,13:56:00,10.63,--,11,11693,买盘
1066,13:55:57,10.63,--,10,10630,买盘
1067,13:55:54,10.63,0.02,13,13819,买盘
1068,13:55:51,10.61,-0.02,11,11671,卖盘
1069,13:55:48,10.63,--,20,21260,买盘
1070,13:55:45,10.63,--,285,302955,买盘
1071,13:55:36,10.63,--,22,23386,买盘
1072,13:55:33,10.63,0.02,3,3189,买盘
1073,13:55:30,10.61,-0.01,44,46684,卖盘
1074,13:55:27,10.62,--,55,58409,买盘
1075,13:55:24,10.62,--,10,10620,买盘
1076,13:55:21,10.62,--,20,21240,买盘
1077,13:55:15,10.62,--,37,39294,买盘
1078,13:55:09,10.62,--,19,20178,买盘
1079,13:55:06,10.62,--,270,286740,买盘
1080,13:55:03,10.62,--,44,46728,买盘
1081,13:55:00,10.62,0.02,14,14867,买盘
1082,13:54:57,10.6,--,42,44520,卖盘
1083,13:54:54,10.6,-0.01,525,556500,卖盘
1084,13:54:51,10.61,--,56,59416,买盘
1085,13:54:45,10.61,--,12,12732,买盘
1086,13:54:42,10.61,--,23,24403,买盘
1087,13:54:39,10.61,0.01,50,53050,买盘
1088,13:54:36,10.6,-0.01,140,148400,卖盘
1089,13:54:33,10.61,--,15,15915,买盘
1090,13:54:30,10.61,--,24,25464,买盘
1091,13:54:27,10.61,--,3,3183,买盘
1092,13:54:21,10.61,-0.01,81,85941,中性盘
1093,13:54:18,10.62,0.03,11,11682,买盘
1094,13:54:15,10.59,-0.03,52,55068,卖盘
1095,13:54:09,10.62,--,19,20178,买盘
1096,13:54:03,10.62,0.01,25,26549,买盘
1097,13:54:00,10.61,0.02,24,25464,买盘
1098,13:53:57,10.59,0.01,25,26475,买盘
1099,13:53:54,10.58,-0.01,162,171396,卖盘
1100,13:53:51,10.59,-0.02,2996,3172764,卖盘
1101,13:53:48,10.61,-0.01,28,29708,卖盘
1102,13:53:45,10.62,--,32,33984,买盘
1103,13:53:42,10.62,--,10,10620,买盘
1104,13:53:39,10.62,0.01,52,55223,买盘
1105,13:53:36,10.61,0.01,236,250396,买盘
1106,13:53:33,10.6,-0.01,33,34980,卖盘
1107,13:53:30,10.61,-0.01,378,401058,卖盘
1108,13:53:27,10.62,--,387,410993,买盘
1109,13:53:24,10.62,--,84,89208,买盘
1110,13:53:21,10.62,0.01,1,1062,买盘
1111,13:53:18,10.61,-0.01,15,15915,卖盘
1112,13:53:15,10.62,--,10,10620,买盘
1113,13:53:12,10.62,0.01,115,122129,买盘
1114,13:53:09,10.61,-0.01,66,70026,卖盘
1115,13:53:06,10.62,--,76,80712,买盘
1116,13:53:03,10.62,--,624,662688,买盘
1117,13:53:00,10.62,0.01,66,70092,买盘
1118,13:52:57,10.61,-0.01,10,10610,卖盘
1119,13:52:51,10.62,0.01,137,145494,买盘
1120,13:52:48,10.61,--,10,10610,卖盘
1121,13:52:45,10.61,-0.01,87,92307,卖盘
1122,13:52:42,10.62,--,10,10620,买盘
1123,13:52:39,10.62,--,86,91332,买盘
1124,13:52:33,10.62,-0.01,1064,1129968,卖盘
1125,13:52:30,10.63,--,80,85040,买盘
1126,13:52:27,10.63,0.01,26,27638,买盘
1127,13:52:21,10.62,-0.01,114,121067,卖盘
1128,13:52:18,10.63,--,22,23386,买盘
1129,13:52:15,10.63,0.01,39,41457,买盘
1130,13:52:12,10.62,--,35,37170,卖盘
1131,13:52:09,10.62,-0.01,25,26549,卖盘
1132,13:52:06,10.63,--,9,9567,买盘
1133,13:52:03,10.63,--,44,46772,买盘
1134,13:52:00,10.63,-0.01,101,108149,卖盘
1135,13:51:57,10.64,--,35,37240,买盘
1136,13:51:54,10.64,--,405,430920,买盘
1137,13:51:51,10.64,0.01,19,20216,买盘
1138,13:51:48,10.63,-0.01,10,10630,卖盘
1139,13:51:45,10.64,0.01,53,56392,买盘
1140,13:51:42,10.63,--,332,352916,卖盘
1141,13:51:39,10.63,--,22,23386,卖盘
1142,13:51:36,10.63,-0.01,19,20197,卖盘
1143,13:51:33,10.64,--,35,37240,买盘
1144,13:51:30,10.64,0.01,26,27664,买盘
1145,13:51:27,10.63,--,1,1063,卖盘
1146,13:51:24,10.63,-0.01,11,11693,卖盘
1147,13:51:21,10.64,--,18,19152,买盘
1148,13:51:18,10.64,0.01,13,13832,买盘
1149,13:51:15,10.63,-0.01,1,1063,卖盘
1150,13:51:12,10.64,--,46,48944,买盘
1151,13:51:06,10.64,--,1,1064,买盘
1152,13:51:03,10.64,--,14,14896,买盘
1153,13:51:00,10.64,-0.01,56,59711,卖盘
1154,13:50:57,10.65,0.01,12,12780,买盘
1155,13:50:54,10.64,--,129,138192,卖盘
1156,13:50:51,10.64,-0.01,90,95760,卖盘
1157,13:50:48,10.65,0.01,171,182115,买盘
1158,13:50:45,10.64,--,315,335160,卖盘
1159,13:50:42,10.64,--,5,5320,卖盘
1160,13:50:39,10.64,--,81,86184,卖盘
1161,13:50:33,10.64,-0.01,39,41496,卖盘
1162,13:50:30,10.65,--,11,11715,买盘
1163,13:50:27,10.65,--,10,10650,买盘
1164,13:50:21,10.65,--,26,27690,买盘
1165,13:50:18,10.65,--,43,45954,卖盘
1166,13:50:15,10.65,--,94,100110,卖盘
1167,13:50:12,10.65,-0.01,10,10650,卖盘
1168,13:50:06,10.66,0.01,122,130052,买盘
1169,13:50:03,10.65,-0.01,14,14910,卖盘
1170,13:50:00,10.66,0.01,2,2132,买盘
1171,13:49:57,10.65,--,17,18105,卖盘
1172,13:49:54,10.65,-0.01,38,40470,卖盘
1173,13:49:51,10.66,0.01,5,5330,买盘
1174,13:49:48,10.65,--,13,13845,卖盘
1175,13:49:45,10.65,-0.01,16,17040,卖盘
1176,13:49:42,10.66,0.01,9,9594,买盘
1177,13:49:39,10.65,-0.01,117,124605,卖盘
1178,13:49:36,10.66,--,39,41574,买盘
1179,13:49:33,10.66,--,18,19188,买盘
1180,13:49:30,10.66,--,18,19188,买盘
1181,13:49:27,10.66,0.01,17,18122,买盘
1182,13:49:24,10.65,-0.01,16,17040,卖盘
1183,13:49:21,10.66,0.01,11,11726,买盘
1184,13:49:18,10.65,-0.01,30,31950,卖盘
1185,13:49:15,10.66,0.01,51,54366,买盘
1186,13:49:12,10.65,-0.01,26,27690,卖盘
1187,13:49:09,10.66,--,10,10660,买盘
1188,13:49:03,10.66,--,4,4264,买盘
1189,13:49:00,10.66,0.01,64,68224,买盘
1190,13:48:57,10.65,--,76,80940,卖盘
1191,13:48:54,10.65,-0.01,26,27690,卖盘
1192,13:48:51,10.66,0.01,10,10660,买盘
1193,13:48:48,10.65,--,28,29820,卖盘
1194,13:48:45,10.65,--,12,12780,卖盘
1195,13:48:39,10.65,-0.01,111,118215,卖盘
1196,13:48:36,10.66,--,42,44772,买盘
1197,13:48:30,10.66,--,35,37310,买盘
1198,13:48:27,10.66,--,35,37310,买盘
1199,13:48:18,10.66,--,10,10660,买盘
1200,13:48:15,10.66,0.01,10,10660,买盘
1201,13:48:09,10.65,-0.01,13,13845,卖盘
1202,13:48:06,10.66,--,13,13858,买盘
1203,13:48:03,10.66,0.01,27,28782,买盘
1204,13:48:00,10.65,-0.01,0,436,卖盘
1205,13:47:57,10.66,--,12,12792,买盘
1206,13:47:54,10.66,--,51,54366,买盘
1207,13:47:51,10.66,--,23,24518,买盘
1208,13:47:48,10.66,-0.01,318,338988,卖盘
1209,13:47:45,10.67,--,10,10670,买盘
1210,13:47:42,10.67,--,14,14938,买盘
1211,13:47:36,10.67,--,13,13871,买盘
1212,13:47:33,10.67,--,21,22407,买盘
1213,13:47:30,10.67,--,24,25608,买盘
1214,13:47:27,10.67,--,13,13871,买盘
1215,13:47:24,10.67,--,3,3201,买盘
1216,13:47:21,10.67,--,20,21340,买盘
1217,13:47:15,10.67,0.01,30,32010,买盘
1218,13:47:12,10.66,-0.01,30,31980,卖盘
1219,13:47:09,10.67,--,32,34144,买盘
1220,13:47:06,10.67,0.01,1,1067,买盘
1221,13:47:03,10.66,-0.01,18,19188,卖盘
1222,13:47:00,10.67,--,26,27742,买盘
1223,13:46:57,10.67,--,7,7469,买盘
1224,13:46:51,10.67,--,4,4268,买盘
1225,13:46:48,10.67,--,76,81092,买盘
1226,13:46:45,10.67,0.01,11,11737,买盘
1227,13:46:42,10.66,-0.01,18,19188,卖盘
1228,13:46:39,10.67,--,28,29876,买盘
1229,13:46:36,10.67,0.01,9,9603,买盘
1230,13:46:33,10.66,-0.01,29,30914,卖盘
1231,13:46:30,10.67,--,30,32010,买盘
1232,13:46:27,10.67,--,10,10670,买盘
1233,13:46:24,10.67,0.01,10,10670,买盘
1234,13:46:21,10.66,-0.01,13,13858,卖盘
1235,13:46:18,10.67,--,7,7469,买盘
1236,13:46:15,10.67,0.01,22,23474,买盘
1237,13:46:12,10.66,--,18,19188,卖盘
1238,13:46:09,10.66,-0.01,2,2132,卖盘
1239,13:46:03,10.67,--,54,57618,买盘
1240,13:46:00,10.67,--,36,38412,买盘
1241,13:45:57,10.67,--,2,2134,买盘
1242,13:45:54,10.67,0.01,11,11737,买盘
1243,13:45:51,10.66,-0.01,2,2132,卖盘
1244,13:45:45,10.67,--,30,32010,买盘
1245,13:45:42,10.67,0.02,43,45881,买盘
1246,13:45:39,10.65,-0.01,15,15975,卖盘
1247,13:45:33,10.66,--,6,6396,买盘
1248,13:45:30,10.66,--,11,11726,买盘
1249,13:45:27,10.66,0.01,108,115128,买盘
1250,13:45:24,10.65,-0.01,112,119280,卖盘
1251,13:45:21,10.66,--,21,22386,买盘
1252,13:45:18,10.66,--,16,17056,买盘
1253,13:45:15,10.66,--,20,21320,买盘
1254,13:45:09,10.66,--,19,20254,买盘
1255,13:45:06,10.66,--,1,1066,买盘
1256,13:45:03,10.66,--,22,23452,买盘
1257,13:44:57,10.66,--,12,12792,买盘
1258,13:44:51,10.66,--,20,21320,买盘
1259,13:44:48,10.66,--,69,73554,买盘
1260,13:44:45,10.66,--,6,6396,买盘
1261,13:44:39,10.66,--,45,47970,买盘
1262,13:44:36,10.66,--,10,10660,买盘
1263,13:44:33,10.66,0.01,12,12792,买盘
1264,13:44:27,10.65,--,29,30885,卖盘
1265,13:44:24,10.65,-0.01,5,5325,卖盘
1266,13:44:21,10.66,--,44,46904,买盘
1267,13:44:18,10.66,--,5,5330,买盘
1268,13:44:15,10.66,--,11,11726,买盘
1269,13:44:06,10.66,--,7,7462,买盘
1270,13:44:03,10.66,0.01,76,81016,买盘
1271,13:44:00,10.65,-0.01,14,14910,卖盘
1272,13:43:57,10.66,--,2,2132,买盘
1273,13:43:54,10.66,--,22,23452,买盘
1274,13:43:51,10.66,--,12,12792,买盘
1275,13:43:45,10.66,--,6,6396,买盘
1276,13:43:42,10.66,--,16,17056,买盘
1277,13:43:39,10.66,0.01,47,50102,买盘
1278,13:43:36,10.65,-0.01,4,4260,卖盘
1279,13:43:33,10.66,--,7,7462,买盘
1280,13:43:30,10.66,--,10,10660,买盘
1281,13:43:27,10.66,--,13,13858,买盘
1282,13:43:18,10.66,--,21,22386,买盘
1283,13:43:12,10.66,0.01,17,18122,买盘
1284,13:43:09,10.65,-0.01,27,28755,卖盘
1285,13:43:06,10.66,--,1,1066,买盘
1286,13:43:00,10.66,--,17,18122,买盘
1287,13:42:57,10.66,--,14,15393,买盘
1288,13:42:54,10.66,--,2,2132,买盘
1289,13:42:51,10.66,0.01,1,1066,买盘
1290,13:42:48,10.65,-0.01,4,4260,卖盘
1291,13:42:45,10.66,--,11,11726,买盘
1292,13:42:39,10.66,--,27,28782,买盘
1293,13:42:36,10.66,0.02,10,10660,买盘
1294,13:42:33,10.64,-0.02,52,55328,卖盘
1295,13:42:30,10.66,--,25,26650,买盘
1296,13:42:27,10.66,--,13,13858,买盘
1297,13:42:24,10.66,0.01,9,9594,买盘
1298,13:42:21,10.65,--,5,5325,中性盘
1299,13:42:15,10.65,--,48,51120,买盘
1300,13:42:12,10.65,-0.01,84,89460,卖盘
1301,13:42:03,10.66,--,43,45838,买盘
1302,13:42:00,10.66,0.01,4,4264,买盘
1303,13:41:57,10.65,-0.01,1,1065,卖盘
1304,13:41:54,10.66,--,20,21320,买盘
1305,13:41:51,10.66,--,9,9594,买盘
1306,13:41:48,10.66,--,1,1066,买盘
1307,13:41:45,10.66,0.01,14,14924,买盘
1308,13:41:42,10.65,--,11,11715,卖盘
1309,13:41:39,10.65,-0.01,10,10650,卖盘
1310,13:41:36,10.66,0.01,13,13858,买盘
1311,13:41:33,10.65,-0.01,8,8520,卖盘
1312,13:41:30,10.66,--,10,10660,买盘
1313,13:41:18,10.66,0.01,65,69290,买盘
1314,13:41:15,10.65,--,15,15975,买盘
1315,13:41:12,10.65,-0.01,26,27690,卖盘
1316,13:41:09,10.66,--,24,25584,买盘
1317,13:41:06,10.66,0.01,1,1066,买盘
1318,13:41:03,10.65,-0.01,4,4260,买盘
1319,13:40:57,10.66,--,200,213200,买盘
1320,13:40:54,10.66,--,2,2132,买盘
1321,13:40:51,10.66,--,1,1066,买盘
1322,13:40:45,10.66,0.02,12,12792,买盘
1323,13:40:42,10.64,-0.02,15,15960,卖盘
1324,13:40:39,10.66,0.02,14,14924,买盘
1325,13:40:36,10.64,-0.02,13,13832,卖盘
1326,13:40:33,10.66,--,3,3198,买盘
1327,13:40:30,10.66,--,15,15990,买盘
1328,13:40:24,10.66,0.02,24,25584,买盘
1329,13:40:21,10.64,--,1,1064,卖盘
1330,13:40:18,10.64,--,47,50008,买盘
1331,13:40:12,10.64,--,42,44688,买盘
1332,13:40:09,10.64,--,20,21280,买盘
1333,13:40:06,10.64,--,3,3192,买盘
1334,13:40:03,10.64,--,108,114912,买盘
1335,13:39:57,10.64,--,4,4256,买盘
1336,13:39:54,10.64,--,5,5320,买盘
1337,13:39:51,10.64,--,29,30856,买盘
1338,13:39:45,10.64,--,13,13832,买盘
1339,13:39:39,10.64,--,11,11704,买盘
1340,13:39:36,10.64,--,42,44688,买盘
1341,13:39:33,10.64,-0.02,285,303240,卖盘
1342,13:39:30,10.66,0.01,24,25584,买盘
1343,13:39:27,10.65,0.01,3,3195,买盘
1344,13:39:21,10.64,--,21,22344,卖盘
1345,13:39:18,10.64,--,82,87248,卖盘
1346,13:39:15,10.64,-0.01,1100,1170400,卖盘
1347,13:39:09,10.65,-0.01,6,6390,卖盘
1348,13:39:06,10.66,--,11,11726,买盘
1349,13:39:03,10.66,0.01,23,24518,买盘
1350,13:39:00,10.65,-0.01,27,28755,卖盘
1351,13:38:57,10.66,0.01,47,50102,买盘
1352,13:38:54,10.65,--,15,15975,买盘
1353,13:38:51,10.65,--,103,109695,买盘
1354,13:38:48,10.65,--,26,27690,买盘
1355,13:38:45,10.65,--,10,10650,买盘
1356,13:38:42,10.65,--,11,11715,买盘
1357,13:38:39,10.65,--,31,33015,买盘
1358,13:38:36,10.65,--,31,33015,买盘
1359,13:38:33,10.65,0.01,35,37275,买盘
1360,13:38:30,10.64,-0.01,24,25536,卖盘
1361,13:38:27,10.65,--,22,23430,买盘
1362,13:38:24,10.65,--,42,44730,买盘
1363,13:38:21,10.65,--,25,26625,买盘
1364,13:38:18,10.65,--,3,3195,买盘
1365,13:38:12,10.65,0.01,10,10650,买盘
1366,13:38:06,10.64,-0.01,25,26600,卖盘
1367,13:38:03,10.65,--,3,3195,买盘
1368,13:38:00,10.65,0.01,52,55380,买盘
1369,13:37:57,10.64,-0.01,12,12768,卖盘
1370,13:37:54,10.65,--,15,15975,买盘
1371,13:37:51,10.65,--,16,17040,买盘
1372,13:37:48,10.65,--,36,38340,卖盘
1373,13:37:45,10.65,--,7,7455,卖盘
1374,13:37:39,10.65,--,15,15975,买盘
1375,13:37:36,10.65,0.01,57,60705,买盘
1376,13:37:33,10.64,-0.02,9,9576,卖盘
1377,13:37:30,10.66,--,8,8528,买盘
1378,13:37:27,10.66,0.01,61,65026,买盘
1379,13:37:24,10.65,--,18,19170,买盘
1380,13:37:18,10.65,--,7,7455,买盘
1381,13:37:15,10.65,--,19,20235,中性盘
1382,13:37:12,10.65,--,1,1065,买盘
1383,13:37:09,10.65,--,67,71355,买盘
1384,13:37:06,10.65,-0.01,213,226845,卖盘
1385,13:37:03,10.66,--,13,13858,买盘
1386,13:37:00,10.66,--,11,11726,买盘
1387,13:36:57,10.66,--,13,13858,买盘
1388,13:36:54,10.66,--,11,11726,买盘
1389,13:36:51,10.66,0.01,1,1066,买盘
1390,13:36:42,10.65,--,14,14910,卖盘
1391,13:36:36,10.65,-0.01,30,31950,卖盘
1392,13:36:33,10.66,0.01,14,14924,买盘
1393,13:36:30,10.65,-0.01,31,33015,卖盘
1394,13:36:27,10.66,0.01,10,10660,买盘
1395,13:36:24,10.65,-0.01,56,59640,卖盘
1396,13:36:21,10.66,0.01,9,9594,买盘
1397,13:36:18,10.65,--,861,916965,卖盘
1398,13:36:15,10.65,--,41,43665,卖盘
1399,13:36:12,10.65,-0.01,3,3195,卖盘
1400,13:36:09,10.66,--,13,13858,买盘
1401,13:36:06,10.66,--,7,7462,买盘
1402,13:36:03,10.66,--,38,40508,买盘
1403,13:36:00,10.66,--,10,10660,买盘
1404,13:35:54,10.66,--,2,2132,买盘
1405,13:35:48,10.66,--,11,11726,买盘
1406,13:35:45,10.66,--,7,7462,买盘
1407,13:35:42,10.66,--,12,12792,买盘
1408,13:35:39,10.66,--,70,74620,买盘
1409,13:35:36,10.66,0.01,31,33046,买盘
1410,13:35:33,10.65,--,5,5325,卖盘
1411,13:35:30,10.65,-0.01,8,8520,卖盘
1412,13:35:27,10.66,--,68,72488,买盘
1413,13:35:24,10.66,--,11,11726,买盘
1414,13:35:15,10.66,--,10,10660,买盘
1415,13:35:09,10.66,0.01,13,13858,买盘
1416,13:35:06,10.65,-0.01,10,10650,卖盘
1417,13:35:03,10.66,0.01,15,15990,买盘
1418,13:35:00,10.65,--,18,19170,卖盘
1419,13:34:57,10.65,--,242,257730,卖盘
1420,13:34:54,10.65,-0.01,21,22365,卖盘
1421,13:34:51,10.66,0.01,12,12792,买盘
1422,13:34:45,10.65,-0.01,18,19170,卖盘
1423,13:34:42,10.66,--,11,11726,买盘
1424,13:34:39,10.66,--,14,14924,买盘
1425,13:34:33,10.66,0.01,4,4264,买盘
1426,13:34:30,10.65,--,63,67095,卖盘
1427,13:34:24,10.65,-0.01,6,6390,卖盘
1428,13:34:21,10.66,0.01,10,10660,买盘
1429,13:34:18,10.65,-0.01,10,10650,卖盘
1430,13:34:15,10.66,--,5,5330,买盘
1431,13:34:12,10.66,--,13,13858,买盘
1432,13:34:09,10.66,--,24,25584,买盘
1433,13:34:06,10.66,-0.01,31,33046,卖盘
1434,13:34:03,10.67,--,4,4268,买盘
1435,13:33:57,10.67,--,30,32010,买盘
1436,13:33:54,10.67,0.01,2,2134,买盘
1437,13:33:51,10.66,--,1,1066,卖盘
1438,13:33:48,10.66,-0.01,15,15990,卖盘
1439,13:33:45,10.67,0.01,13,13871,买盘
1440,13:33:42,10.66,--,102,108732,买盘
1441,13:33:36,10.66,--,11,11726,买盘
1442,13:33:33,10.66,--,474,505284,卖盘
1443,13:33:27,10.66,-0.01,6,6396,卖盘
1444,13:33:24,10.67,0.01,11,11737,买盘
1445,13:33:21,10.66,-0.01,3,3198,卖盘
1446,13:33:18,10.67,0.01,13,13871,买盘
1447,13:33:15,10.66,-0.01,15,15990,卖盘
1448,13:33:12,10.67,--,21,22407,买盘
1449,13:33:03,10.67,--,13,13871,买盘
1450,13:32:54,10.67,--,2,2134,买盘
1451,13:32:51,10.67,--,11,11737,买盘
1452,13:32:48,10.67,0.01,17,18139,买盘
1453,13:32:42,10.66,-0.01,20,21320,卖盘
1454,13:32:39,10.67,0.01,27,28809,买盘
1455,13:32:33,10.66,-0.01,22,23452,卖盘
1456,13:32:30,10.67,0.01,27,28809,买盘
1457,13:32:27,10.66,--,200,213200,卖盘
1458,13:32:24,10.66,-0.01,34,36244,卖盘
1459,13:32:21,10.67,--,13,13871,买盘
1460,13:32:18,10.67,0.01,48,51216,买盘
1461,13:32:09,10.66,-0.01,1,1066,卖盘
1462,13:32:06,10.67,--,10,10670,买盘
1463,13:32:03,10.67,--,4,4268,买盘
1464,13:32:00,10.67,0.01,20,21340,买盘
1465,13:31:57,10.66,-0.01,29,30914,卖盘
1466,13:31:54,10.67,-0.01,20,21340,中性盘
1467,13:31:45,10.68,0.01,30,32040,买盘
1468,13:31:42,10.67,--,23,24701,卖盘
1469,13:31:39,10.67,0.01,43,46787,买盘
1470,13:31:36,10.66,-0.01,5,5330,卖盘
1471,13:31:33,10.67,0.01,25,26675,买盘
1472,13:31:27,10.66,--,17,18122,卖盘
1473,13:31:24,10.66,--,24,25584,卖盘
1474,13:31:18,10.66,-0.01,15,15990,卖盘
1475,13:31:12,10.67,--,3,3201,买盘
1476,13:31:09,10.67,0.01,20,21340,买盘
1477,13:31:03,10.66,--,29,30914,卖盘
1478,13:30:57,10.66,-0.01,65,69290,卖盘
1479,13:30:54,10.67,0.01,2,2134,买盘
1480,13:30:51,10.66,--,1,1066,卖盘
1481,13:30:45,10.66,-0.01,9,9594,卖盘
1482,13:30:33,10.67,--,45,48015,买盘
1483,13:30:30,10.67,0.01,14,14938,买盘
1484,13:30:27,10.66,-0.01,6,6396,卖盘
1485,13:30:24,10.67,0.01,1,1067,买盘
1486,13:30:21,10.66,--,52,55432,卖盘
1487,13:30:18,10.66,--,20,21320,卖盘
1488,13:30:15,10.66,--,30,31980,卖盘
1489,13:30:12,10.66,--,50,53300,卖盘
1490,13:30:09,10.66,--,11,11726,卖盘
1491,13:30:06,10.66,--,165,175890,买盘
1492,13:30:03,10.66,0.01,17,18122,买盘
1493,13:30:00,10.65,--,2,2130,卖盘
1494,13:29:57,10.65,-0.01,100,106500,卖盘
1495,13:29:54,10.66,--,18,19188,买盘
1496,13:29:51,10.66,--,12,12792,买盘
1497,13:29:48,10.66,0.01,12,12792,买盘
1498,13:29:45,10.65,--,40,42600,卖盘
1499,13:29:39,10.65,-0.01,14,14910,卖盘
1500,13:29:36,10.66,0.01,13,13858,买盘
1501,13:29:33,10.65,--,14,14910,卖盘
1502,13:29:24,10.65,-0.01,4,4260,卖盘
1503,13:29:15,10.66,-0.01,13,13858,卖盘
1504,13:29:06,10.67,0.01,49,52283,买盘
1505,13:29:03,10.66,--,42,44931,卖盘
1506,13:29:00,10.66,-0.02,10,10660,卖盘
1507,13:28:54,10.68,--,4,4272,买盘
1508,13:28:51,10.68,0.02,469,500892,买盘
1509,13:28:42,10.66,-0.02,50,53300,卖盘
1510,13:28:39,10.68,--,13,13884,买盘
1511,13:28:30,10.68,0.02,35,37380,买盘
1512,13:28:27,10.66,--,54,57564,卖盘
1513,13:28:18,10.66,-0.01,60,63960,卖盘
1514,13:28:15,10.67,0.01,11,11737,买盘
1515,13:28:12,10.66,-0.02,15,15990,卖盘
1516,13:28:03,10.68,0.02,3,3204,买盘
1517,13:28:00,10.66,-0.01,15,15990,卖盘
1518,13:27:57,10.67,-0.01,39,41613,卖盘
1519,13:27:54,10.68,--,44,46992,买盘
1520,13:27:51,10.68,--,2,2136,买盘
1521,13:27:48,10.68,--,12,12816,买盘
1522,13:27:45,10.68,0.01,13,13884,买盘
1523,13:27:36,10.67,-0.01,10,10670,卖盘
1524,13:27:33,10.68,0.01,4,4272,买盘
1525,13:27:30,10.67,--,31,33077,卖盘
1526,13:27:21,10.67,--,4,4268,卖盘
1527,13:27:18,10.67,--,17,18139,卖盘
1528,13:27:15,10.67,--,14,14938,卖盘
1529,13:27:06,10.67,--,73,77891,卖盘
1530,13:27:03,10.67,--,58,61886,卖盘
1531,13:26:57,10.67,-0.01,20,21340,卖盘
1532,13:26:54,10.68,--,2,2136,买盘
1533,13:26:51,10.68,--,2,2136,买盘
1534,13:26:48,10.68,0.01,13,13884,买盘
1535,13:26:45,10.67,--,7,7469,卖盘
1536,13:26:39,10.67,--,40,42680,卖盘
1537,13:26:33,10.67,--,14,14938,卖盘
1538,13:26:30,10.67,--,1,1067,卖盘
1539,13:26:27,10.67,-0.01,5,5335,卖盘
1540,13:26:24,10.68,--,9,9612,买盘
1541,13:26:21,10.68,0.01,84,89712,买盘
1542,13:26:12,10.67,--,1,1067,卖盘
1543,13:26:06,10.67,-0.01,45,48015,卖盘
1544,13:26:03,10.68,--,3,3204,买盘
1545,13:26:00,10.68,-0.01,54,57672,卖盘
1546,13:25:57,10.69,--,16,17104,买盘
1547,13:25:54,10.69,--,15,16035,买盘
1548,13:25:51,10.69,--,2,2138,买盘
1549,13:25:39,10.69,--,9,9621,买盘
1550,13:25:33,10.69,--,4,4276,买盘
1551,13:25:30,10.69,--,26,27794,买盘
1552,13:25:27,10.69,0.01,13,13897,买盘
1553,13:25:24,10.68,-0.01,4,4272,卖盘
1554,13:25:18,10.69,-0.01,9,9621,中性盘
1555,13:25:06,10.7,0.02,11,11770,买盘
1556,13:25:03,10.68,0.01,5,5340,卖盘
1557,13:25:00,10.67,--,3,3201,卖盘
1558,13:24:57,10.67,-0.02,24,25608,卖盘
1559,13:24:54,10.69,--,8,8552,买盘
1560,13:24:51,10.69,0.01,15,16035,买盘
1561,13:24:48,10.68,-0.01,15,16020,卖盘
1562,13:24:45,10.69,--,10,10690,买盘
1563,13:24:36,10.69,--,29,31001,卖盘
1564,13:24:33,10.69,-0.01,106,113314,中性盘
1565,13:24:30,10.7,0.03,48,51360,买盘
1566,13:24:27,10.67,-0.01,30,32010,卖盘
1567,13:24:24,10.68,0.01,9,9612,买盘
1568,13:24:21,10.67,-0.03,4,4268,卖盘
1569,13:24:12,10.7,--,1437,1537590,卖盘
1570,13:24:09,10.7,--,1043,1116480,卖盘
1571,13:24:06,10.7,--,261,279708,买盘
1572,13:24:03,10.7,--,13,13909,买盘
1573,13:24:00,10.7,0.01,61,65269,买盘
1574,13:23:57,10.69,0.01,17,18173,卖盘
1575,13:23:54,10.68,-0.02,9,9612,卖盘
1576,13:23:51,10.7,--,11,11770,买盘
1577,13:23:48,10.7,0.01,4,4280,买盘
1578,13:23:45,10.69,0.01,25,26725,买盘
1579,13:23:42,10.68,-0.01,28,29904,卖盘
1580,13:23:39,10.69,--,10,10690,买盘
1581,13:23:36,10.69,--,13,13897,买盘
1582,13:23:33,10.69,--,3,3207,买盘
1583,13:23:30,10.69,0.02,11,11759,买盘
1584,13:23:27,10.67,-0.01,10,10670,卖盘
1585,13:23:24,10.68,--,28,29904,买盘
1586,13:23:18,10.68,0.01,212,226416,买盘
1587,13:23:15,10.67,-0.01,4,4268,卖盘
1588,13:23:06,10.68,--,35,37380,买盘
1589,13:23:03,10.68,--,5,5340,买盘
1590,13:22:57,10.68,--,13,13884,买盘
1591,13:22:51,10.68,0.01,4,4272,买盘
1592,13:22:45,10.67,--,34,36278,卖盘
1593,13:22:42,10.67,-0.01,1,1067,卖盘
1594,13:22:39,10.68,--,13,13884,买盘
1595,13:22:33,10.68,0.01,13,13884,买盘
1596,13:22:24,10.67,-0.01,14,14938,卖盘
1597,13:22:21,10.68,--,57,60876,卖盘
1598,13:22:15,10.68,--,4,4272,卖盘
1599,13:22:12,10.68,--,27,28836,卖盘
1600,13:22:06,10.68,--,23,24564,卖盘
1601,13:22:03,10.68,-0.01,23,24564,卖盘
1602,13:22:00,10.69,--,11,11759,买盘
1603,13:21:51,10.69,--,14,14966,买盘
1604,13:21:48,10.69,--,20,21380,买盘
1605,13:21:45,10.69,0.01,26,27794,买盘
1606,13:21:42,10.68,--,35,37380,卖盘
1607,13:21:39,10.68,-0.01,17,18156,卖盘
1608,13:21:33,10.69,--,4,4276,买盘
1609,13:21:27,10.69,0.01,17,18173,买盘
1610,13:21:24,10.68,--,7,7476,买盘
1611,13:21:18,10.68,--,9,9612,买盘
1612,13:21:15,10.68,0.01,69,73692,买盘
1613,13:21:12,10.67,--,8,8536,买盘
1614,13:21:09,10.67,--,2,2134,买盘
1615,13:21:06,10.67,--,30,32010,买盘
1616,13:21:03,10.67,--,3,3201,买盘
1617,13:21:00,10.67,--,2,2134,买盘
1618,13:20:54,10.67,--,542,578314,买盘
1619,13:20:51,10.67,--,34,36278,买盘
1620,13:20:48,10.67,--,13,13871,买盘
1621,13:20:45,10.67,0.01,10,10670,买盘
1622,13:20:39,10.66,--,5,5330,卖盘
1623,13:20:36,10.66,--,14,14924,卖盘
1624,13:20:33,10.66,-0.01,22,23452,卖盘
1625,13:20:30,10.67,--,54,57618,买盘
1626,13:20:27,10.67,--,1,1067,买盘
1627,13:20:24,10.67,--,86,91762,买盘
1628,13:20:21,10.67,0.01,23,24541,买盘
1629,13:20:18,10.66,--,13,13858,卖盘
1630,13:20:15,10.66,-0.01,5,5330,卖盘
1631,13:20:12,10.67,0.01,10,10670,买盘
1632,13:20:09,10.66,-0.01,3,3198,卖盘
1633,13:20:03,10.67,0.01,34,36278,买盘
1634,13:20:00,10.66,-0.01,30,31980,卖盘
1635,13:19:57,10.67,--,37,39479,买盘
1636,13:19:54,10.67,--,15,16005,买盘
1637,13:19:51,10.67,--,2,2134,买盘
1638,13:19:48,10.67,0.01,10,10670,买盘
1639,13:19:45,10.66,-0.01,30,31980,卖盘
1640,13:19:42,10.67,--,1,1067,买盘
1641,13:19:39,10.67,-0.01,74,78958,卖盘
1642,13:19:36,10.68,--,31,33108,买盘
1643,13:19:33,10.68,--,4,4272,买盘
1644,13:19:27,10.68,--,14,14952,买盘
1645,13:19:24,10.68,--,13,13884,买盘
1646,13:19:18,10.68,0.01,26,27768,买盘
1647,13:19:15,10.67,0.01,30,32010,买盘
1648,13:19:12,10.66,-0.01,146,155636,卖盘
1649,13:19:09,10.67,--,2,2134,买盘
1650,13:19:06,10.67,0.01,7,7469,买盘
1651,13:19:03,10.66,--,76,81016,卖盘
1652,13:19:00,10.66,-0.01,8,8528,卖盘
1653,13:18:57,10.67,--,33,35211,买盘
1654,13:18:54,10.67,--,24,25608,买盘
1655,13:18:51,10.67,--,22,23474,买盘
1656,13:18:48,10.67,--,2,2134,买盘
1657,13:18:45,10.67,-0.01,1134,1209978,卖盘
1658,13:18:42,10.68,--,141,150588,卖盘
1659,13:18:39,10.68,-0.01,6,6408,卖盘
1660,13:18:36,10.69,--,22,23518,买盘
1661,13:18:33,10.69,-0.01,63,67347,卖盘
1662,13:18:30,10.7,0.02,23,24610,买盘
1663,13:18:27,10.68,--,12,12816,卖盘
1664,13:18:24,10.68,--,1,1068,卖盘
1665,13:18:21,10.68,--,41,43788,卖盘
1666,13:18:18,10.68,--,28,29904,卖盘
1667,13:18:12,10.68,-0.02,74,79032,卖盘
1668,13:18:09,10.7,--,10,10700,买盘
1669,13:18:06,10.7,0.02,1,1070,买盘
1670,13:18:03,10.68,-0.02,24,25632,卖盘
1671,13:17:57,10.7,0.02,11,11770,买盘
1672,13:17:54,10.68,-0.01,13,13884,卖盘
1673,13:17:51,10.69,0.01,16,17104,买盘
1674,13:17:48,10.68,-0.02,25,26700,卖盘
1675,13:17:42,10.7,--,19,20330,买盘
1676,13:17:36,10.7,--,65,69550,买盘
1677,13:17:33,10.7,0.02,18,19260,买盘
1678,13:17:30,10.68,-0.01,13,13884,卖盘
1679,13:17:27,10.69,-0.01,1,1069,中性盘
1680,13:17:24,10.7,--,14,14979,买盘
1681,13:17:15,10.7,--,11,11770,买盘
1682,13:17:12,10.7,--,18,19260,买盘
1683,13:17:06,10.7,--,49,52430,买盘
1684,13:17:03,10.7,0.03,13,13909,买盘
1685,13:17:00,10.67,-0.03,400,426800,卖盘
1686,13:16:54,10.7,0.01,320,342400,买盘
1687,13:16:51,10.69,0.02,36,38484,买盘
1688,13:16:48,10.67,-0.02,35,37345,卖盘
1689,13:16:42,10.69,--,23,24587,买盘
1690,13:16:39,10.69,--,13,13897,买盘
1691,13:16:33,10.69,--,4,4276,买盘
1692,13:16:30,10.69,--,1468,1569292,买盘
1693,13:16:27,10.69,0.01,10,10690,买盘
1694,13:16:24,10.68,--,52,55536,卖盘
1695,13:16:21,10.68,--,24,25632,卖盘
1696,13:16:18,10.68,-0.01,1199,1280532,卖盘
1697,13:16:12,10.69,0.01,14,14966,买盘
1698,13:16:09,10.68,-0.01,13,13884,卖盘
1699,13:16:06,10.69,--,7,7483,买盘
1700,13:16:03,10.69,--,228,244362,卖盘
1701,13:16:00,10.69,-0.01,16,17104,卖盘
1702,13:15:57,10.7,--,10,10700,买盘
1703,13:15:54,10.7,--,10,10700,买盘
1704,13:15:51,10.7,--,40,42800,买盘
1705,13:15:48,10.7,--,55,58849,买盘
1706,13:15:45,10.7,--,23,24610,买盘
1707,13:15:36,10.7,--,16,17120,买盘
1708,13:15:33,10.7,--,3,3210,买盘
1709,13:15:30,10.7,--,10,10700,买盘
1710,13:15:27,10.7,--,6,6420,买盘
1711,13:15:24,10.7,--,21,22609,买盘
1712,13:15:21,10.7,--,6,6420,买盘
1713,13:15:18,10.7,--,6,6420,买盘
1714,13:15:15,10.7,--,21,22470,买盘
1715,13:15:12,10.7,--,19,20330,买盘
1716,13:15:09,10.7,--,13,13909,买盘
1717,13:15:06,10.7,-0.01,218,233259,卖盘
1718,13:15:03,10.71,--,41,43911,买盘
1719,13:15:00,10.71,0.01,8,8568,买盘
1720,13:14:57,10.7,--,20,21400,卖盘
1721,13:14:54,10.7,-0.01,1,1070,卖盘
1722,13:14:51,10.71,--,21,22491,买盘
1723,13:14:48,10.71,--,13,13923,买盘
1724,13:14:45,10.71,0.01,7,7497,买盘
1725,13:14:42,10.7,-0.01,50,53500,卖盘
1726,13:14:39,10.71,0.01,9,9639,买盘
1727,13:14:36,10.7,-0.01,77,82390,卖盘
1728,13:14:33,10.71,--,28,29988,买盘
1729,13:14:30,10.71,0.01,15,16065,买盘
1730,13:14:27,10.7,--,74,79180,卖盘
1731,13:14:24,10.7,-0.01,880,941599,卖盘
1732,13:14:21,10.71,--,121,129591,买盘
1733,13:14:18,10.71,--,10,10710,买盘
1734,13:14:06,10.71,--,349,373779,买盘
1735,13:14:03,10.71,--,4,4284,买盘
1736,13:13:57,10.71,--,9,9639,买盘
1737,13:13:54,10.71,--,144,154224,买盘
1738,13:13:51,10.71,--,4,4284,买盘
1739,13:13:48,10.71,--,6,6426,买盘
1740,13:13:45,10.71,--,54,57834,买盘
1741,13:13:42,10.71,--,24,25704,买盘
1742,13:13:36,10.71,--,7,7497,买盘
1743,13:13:33,10.71,0.01,13,13923,买盘
1744,13:13:30,10.7,-0.01,2,2140,卖盘
1745,13:13:24,10.71,0.01,24,25704,买盘
1746,13:13:21,10.7,-0.01,150,160500,卖盘
1747,13:13:12,10.71,0.01,14,14994,买盘
1748,13:13:09,10.7,--,1,1070,卖盘
1749,13:13:06,10.7,--,8,8560,卖盘
1750,13:13:03,10.7,-0.01,11,11770,卖盘
1751,13:13:00,10.71,--,13,13923,买盘
1752,13:12:57,10.71,--,15,16065,买盘
1753,13:12:51,10.71,--,11,11781,买盘
1754,13:12:48,10.71,--,2,2142,买盘
1755,13:12:39,10.71,--,10,10710,买盘
1756,13:12:36,10.71,--,7,7497,买盘
1757,13:12:33,10.71,--,274,293518,卖盘
1758,13:12:30,10.71,-0.01,14,14994,卖盘
1759,13:12:27,10.72,--,26,27872,买盘
1760,13:12:21,10.72,0.01,10,10720,买盘
1761,13:12:18,10.71,-0.01,10,10710,卖盘
1762,13:12:15,10.72,0.01,10,10720,买盘
1763,13:12:09,10.71,--,4,4284,卖盘
1764,13:12:06,10.71,-0.01,15,16065,卖盘
1765,13:12:03,10.72,0.01,43,46096,买盘
1766,13:12:00,10.71,-0.01,15,16065,卖盘
1767,13:11:57,10.72,--,9,9648,买盘
1768,13:11:54,10.72,--,14,15008,买盘
1769,13:11:51,10.72,--,2,2144,买盘
1770,13:11:48,10.72,--,2,2144,买盘
1771,13:11:45,10.72,0.01,10,10720,买盘
1772,13:11:42,10.71,-0.01,10,10710,卖盘
1773,13:11:39,10.72,--,2,2144,买盘
1774,13:11:33,10.72,0.01,27,28944,买盘
1775,13:11:30,10.71,--,2,2142,卖盘
1776,13:11:27,10.71,--,10,10710,卖盘
1777,13:11:24,10.71,--,20,21420,卖盘
1778,13:11:21,10.71,--,16,17136,卖盘
1779,13:11:18,10.71,-0.01,35,37485,卖盘
1780,13:11:12,10.72,0.01,69,73968,买盘
1781,13:11:09,10.71,-0.01,3,3213,卖盘
1782,13:11:06,10.72,0.01,26,27872,买盘
1783,13:11:03,10.71,-0.01,14,14994,卖盘
1784,13:11:00,10.72,0.01,29,31088,买盘
1785,13:10:57,10.71,-0.01,81,86751,卖盘
1786,13:10:54,10.72,--,16,17152,买盘
1787,13:10:51,10.72,--,9,9648,买盘
1788,13:10:48,10.72,--,12,12864,买盘
1789,13:10:45,10.72,0.01,26,27872,买盘
1790,13:10:42,10.71,--,26,27846,卖盘
1791,13:10:39,10.71,--,45,48195,卖盘
1792,13:10:36,10.71,--,40,42840,卖盘
1793,13:10:33,10.71,-0.01,92,98532,卖盘
1794,13:10:30,10.72,0.01,34,36448,买盘
1795,13:10:27,10.71,--,19,20349,卖盘
1796,13:10:24,10.71,-0.01,6,6426,卖盘
1797,13:10:21,10.72,--,10,10720,买盘
1798,13:10:15,10.72,--,63,67536,买盘
1799,13:10:12,10.72,--,24,25728,买盘
1800,13:10:09,10.72,--,11,11792,买盘
1801,13:10:06,10.72,0.01,10,10720,买盘
1802,13:10:03,10.71,-0.01,136,145656,卖盘
1803,13:10:00,10.72,--,19,20368,买盘
1804,13:09:54,10.72,--,60,64320,买盘
1805,13:09:51,10.72,--,3,3216,买盘
1806,13:09:48,10.72,--,33,35376,买盘
1807,13:09:42,10.72,--,23,24656,买盘
1808,13:09:39,10.72,--,20,21440,买盘
1809,13:09:33,10.72,0.01,45,48240,买盘
1810,13:09:30,10.71,-0.01,12,12852,卖盘
1811,13:09:27,10.72,--,16,17152,买盘
1812,13:09:24,10.72,--,6,6432,买盘
1813,13:09:21,10.72,0.01,29,31088,买盘
1814,13:09:18,10.71,-0.01,200,214200,卖盘
1815,13:09:15,10.72,--,22,23584,买盘
1816,13:09:09,10.72,--,17,18224,买盘
1817,13:09:06,10.72,--,16,17152,买盘
1818,13:09:03,10.72,-0.01,15,16080,卖盘
1819,13:09:00,10.73,--,14,15022,买盘
1820,13:08:54,10.73,0.02,12,12876,买盘
1821,13:08:51,10.71,-0.02,59,63189,卖盘
1822,13:08:48,10.73,0.02,26,27898,买盘
1823,13:08:45,10.71,-0.02,50,53550,卖盘
1824,13:08:42,10.73,--,10,10730,买盘
1825,13:08:39,10.73,--,20,21460,买盘
1826,13:08:36,10.73,--,10,10730,买盘
1827,13:08:33,10.73,0.02,13,13949,买盘
1828,13:08:30,10.71,-0.02,9,9639,卖盘
1829,13:08:27,10.73,--,10,10730,买盘
1830,13:08:24,10.73,--,6,6438,买盘
1831,13:08:21,10.73,--,23,24679,买盘
1832,13:08:15,10.73,--,10,10730,买盘
1833,13:08:09,10.73,0.02,21,22533,买盘
1834,13:08:06,10.71,--,1,1071,卖盘
1835,13:08:03,10.71,-0.02,20,21420,卖盘
1836,13:08:00,10.73,--,28,30044,买盘
1837,13:07:57,10.73,0.02,1,1073,买盘
1838,13:07:54,10.71,-0.02,17,18207,卖盘
1839,13:07:51,10.73,0.01,384,412032,买盘
1840,13:07:48,10.72,--,36,38592,卖盘
1841,13:07:45,10.72,--,31,33232,卖盘
1842,13:07:42,10.72,--,19,20368,卖盘
1843,13:07:36,10.72,-0.01,29,31088,卖盘
1844,13:07:33,10.73,0.01,22,23606,买盘
1845,13:07:30,10.72,-0.02,12,12864,卖盘
1846,13:07:24,10.74,--,24,25776,买盘
1847,13:07:18,10.74,--,11,11814,买盘
1848,13:07:15,10.74,--,11,11814,买盘
1849,13:07:12,10.74,--,12,12888,买盘
1850,13:07:09,10.74,0.02,9,9666,买盘
1851,13:07:03,10.72,-0.01,37,39664,卖盘
1852,13:07:00,10.73,0.01,4,4292,中性盘
1853,13:06:57,10.72,-0.01,115,123280,卖盘
1854,13:06:54,10.73,--,3,3219,买盘
1855,13:06:51,10.73,-0.01,232,248936,卖盘
1856,13:06:48,10.74,--,20,21480,买盘
1857,13:06:45,10.74,--,11,11814,买盘
1858,13:06:42,10.74,0.01,11,11814,买盘
1859,13:06:39,10.73,--,136,145928,买盘
1860,13:06:36,10.73,-0.01,36,38628,中性盘
1861,13:06:30,10.74,0.01,43,46182,买盘
1862,13:06:24,10.73,--,14,15022,买盘
1863,13:06:18,10.73,--,11,11803,买盘
1864,13:06:12,10.73,0.01,59,63307,买盘
1865,13:06:09,10.72,--,17,18224,卖盘
1866,13:06:06,10.72,-0.01,11,11792,卖盘
1867,13:06:03,10.73,0.01,26,27898,买盘
1868,13:05:57,10.72,-0.01,31,33232,卖盘
1869,13:05:54,10.73,--,2,2146,买盘
1870,13:05:51,10.73,--,10,10730,买盘
1871,13:05:48,10.73,-0.01,15,16095,中性盘
1872,13:05:42,10.74,0.01,7,7518,买盘
1873,13:05:39,10.73,--,23,24679,买盘
1874,13:05:36,10.73,--,26,27898,买盘
1875,13:05:33,10.73,--,14,15022,买盘
1876,13:05:30,10.73,--,14,15022,买盘
1877,13:05:24,10.73,--,10,10730,买盘
1878,13:05:18,10.73,--,11,11803,买盘
1879,13:05:15,10.73,--,11,11803,买盘
1880,13:05:12,10.73,0.01,3,3219,买盘
1881,13:05:09,10.72,-0.01,14,15008,卖盘
1882,13:05:06,10.73,0.01,27,28971,买盘
1883,13:05:03,10.72,-0.01,21,22512,卖盘
1884,13:04:57,10.73,0.01,19,20387,买盘
1885,13:04:54,10.72,-0.01,11,11792,卖盘
1886,13:04:51,10.73,0.01,10,10730,买盘
1887,13:04:48,10.72,-0.01,17,18224,卖盘
1888,13:04:45,10.73,0.01,11,11803,买盘
1889,13:04:42,10.72,-0.01,49,52528,卖盘
1890,13:04:39,10.73,0.01,14,15022,买盘
1891,13:04:36,10.72,-0.01,19,20368,卖盘
1892,13:04:33,10.73,0.01,16,17168,买盘
1893,13:04:30,10.72,--,15,16080,卖盘
1894,13:04:27,10.72,-0.01,24,25728,卖盘
1895,13:04:24,10.73,--,130,139490,买盘
1896,13:04:18,10.73,0.01,129,138417,买盘
1897,13:04:15,10.72,-0.02,69,73968,卖盘
1898,13:04:12,10.74,0.02,23,24702,买盘
1899,13:04:09,10.72,-0.01,62,66892,卖盘
1900,13:04:06,10.73,--,30,32190,卖盘
1901,13:04:03,10.73,-0.01,345,370185,卖盘
1902,13:04:00,10.74,0.01,57,61218,买盘
1903,13:03:57,10.73,-0.01,20,21460,卖盘
1904,13:03:54,10.74,0.01,63,67662,买盘
1905,13:03:51,10.73,-0.01,12,12876,卖盘
1906,13:03:48,10.74,--,2,2148,买盘
1907,13:03:45,10.74,--,26,27924,买盘
1908,13:03:42,10.74,--,14,15036,买盘
1909,13:03:39,10.74,--,32,34368,买盘
1910,13:03:36,10.74,--,78,83772,买盘
1911,13:03:33,10.74,--,3,3222,买盘
1912,13:03:30,10.74,--,10,10740,买盘
1913,13:03:27,10.74,--,5,5370,买盘
1914,13:03:24,10.74,0.01,41,44034,买盘
1915,13:03:21,10.73,--,24,25752,卖盘
1916,13:03:18,10.73,-0.01,74,79402,卖盘
1917,13:03:15,10.74,--,82,88068,买盘
1918,13:03:12,10.74,0.01,10,10740,买盘
1919,13:03:09,10.73,-0.01,3,3219,卖盘
1920,13:03:06,10.74,--,18,19332,买盘
1921,13:03:03,10.74,--,15,16110,买盘
1922,13:03:00,10.74,0.01,17,18258,买盘
1923,13:02:57,10.73,-0.01,91,97643,卖盘
1924,13:02:54,10.74,--,39,41886,买盘
1925,13:02:51,10.74,--,19,20406,买盘
1926,13:02:48,10.74,--,13,13962,买盘
1927,13:02:45,10.74,--,23,24702,买盘
1928,13:02:42,10.74,--,9,9666,买盘
1929,13:02:39,10.74,--,59,63366,买盘
1930,13:02:36,10.74,0.01,5,5370,买盘
1931,13:02:33,10.73,-0.01,75,80475,卖盘
1932,13:02:30,10.74,--,14,15036,买盘
1933,13:02:24,10.74,--,10,10740,买盘
1934,13:02:21,10.74,--,25,26850,买盘
1935,13:02:18,10.74,--,13,13962,买盘
1936,13:02:15,10.74,--,42,45108,买盘
1937,13:02:12,10.74,--,10,10740,买盘
1938,13:02:09,10.74,--,67,71958,买盘
1939,13:02:06,10.74,--,20,21480,买盘
1940,13:02:03,10.74,--,9,9666,买盘
1941,13:02:00,10.74,0.01,11,11814,买盘
1942,13:01:57,10.73,-0.01,15,16095,卖盘
1943,13:01:51,10.74,--,14,15036,买盘
1944,13:01:48,10.74,--,12,12888,买盘
1945,13:01:45,10.74,0.01,11,11814,买盘
1946,13:01:42,10.73,-0.01,84,90132,卖盘
1947,13:01:39,10.74,0.01,82,88068,买盘
1948,13:01:36,10.73,-0.01,8,8584,卖盘
1949,13:01:33,10.74,0.01,45,48330,买盘
1950,13:01:30,10.73,-0.01,384,412032,卖盘
1951,13:01:27,10.74,--,46,49404,买盘
1952,13:01:24,10.74,--,23,24702,买盘
1953,13:01:21,10.74,0.01,12,12888,买盘
1954,13:01:18,10.73,-0.01,71,76183,卖盘
1955,13:01:12,10.74,--,10,10740,买盘
1956,13:01:06,10.74,0.01,10,10740,买盘
1957,13:01:03,10.73,--,16,17168,卖盘
1958,13:01:00,10.73,-0.01,11,12446,卖盘
1959,13:00:57,10.74,0.01,13,13962,买盘
1960,13:00:54,10.73,-0.01,78,83694,卖盘
1961,13:00:51,10.74,--,8,8592,买盘
1962,13:00:48,10.74,0.01,9,9666,买盘
1963,13:00:45,10.73,-0.01,1,1073,卖盘
1964,13:00:42,10.74,--,10,10740,买盘
1965,13:00:39,10.74,0.01,36,38664,买盘
1966,13:00:36,10.73,-0.01,58,62234,卖盘
1967,13:00:33,10.74,--,14,15036,买盘
1968,13:00:30,10.74,--,14,15036,买盘
1969,13:00:27,10.74,--,29,31146,买盘
1970,13:00:21,10.74,--,10,10740,买盘
1971,13:00:18,10.74,--,21,22554,买盘
1972,13:00:15,10.74,--,22,23628,买盘
1973,13:00:12,10.74,--,55,59070,买盘
1974,13:00:09,10.74,-0.02,1430,1535991,卖盘
1975,13:00:06,10.76,0.01,62,66712,买盘
1976,13:00:03,10.75,--,813,873975,买盘
1977,13:00:00,10.75,--,0,0,买盘
1978,11:30:00,10.75,--,37,39775,买盘
1979,11:29:57,10.75,--,13,13975,买盘
1980,11:29:54,10.75,--,80,86000,买盘
1981,11:29:48,10.75,0.01,17,18275,买盘
1982,11:29:45,10.74,-0.01,59,63366,卖盘
1983,11:29:42,10.75,--,17,18275,买盘
1984,11:29:36,10.75,--,18,19350,买盘
1985,11:29:33,10.75,--,21,22575,买盘
1986,11:29:27,10.75,0.01,202,217150,买盘
1987,11:29:24,10.74,-0.01,14,15036,卖盘
1988,11:29:21,10.75,--,35,37625,买盘
1989,11:29:15,10.75,--,45,48375,买盘
1990,11:29:12,10.75,--,23,24725,买盘
1991,11:29:09,10.75,--,19,20425,买盘
1992,11:29:06,10.75,-0.01,20,21500,卖盘
1993,11:29:03,10.76,--,23,24748,买盘
1994,11:29:00,10.76,0.02,20,21520,买盘
1995,11:28:57,10.74,-0.01,9,9666,卖盘
1996,11:28:54,10.75,0.01,16,17200,买盘
1997,11:28:51,10.74,-0.01,4,4296,卖盘
1998,11:28:48,10.75,--,80,86000,买盘
1999,11:28:45,10.75,--,12,12900,买盘
2000,11:28:42,10.75,--,10,10750,买盘
2001,11:28:39,10.75,-0.01,19,20425,卖盘
2002,11:28:36,10.76,0.01,33,35508,买盘
2003,11:28:33,10.75,-0.01,23,24725,卖盘
2004,11:28:30,10.76,--,10,10760,买盘
2005,11:28:27,10.76,--,31,33356,买盘
2006,11:28:24,10.76,--,46,49496,买盘
2007,11:28:21,10.76,--,11,11836,买盘
2008,11:28:15,10.76,--,33,35508,买盘
2009,11:28:09,10.76,0.01,96,103296,买盘
2010,11:28:06,10.75,-0.01,23,24725,卖盘
2011,11:28:03,10.76,0.01,33,35508,买盘
2012,11:28:00,10.75,--,10,10750,买盘
2013,11:27:57,10.75,--,54,58050,买盘
2014,11:27:54,10.75,--,18,19350,买盘
2015,11:27:51,10.75,--,63,67725,卖盘
2016,11:27:48,10.75,0.01,81,87075,中性盘
2017,11:27:45,10.74,-0.02,65,69810,卖盘
2018,11:27:42,10.76,--,26,27976,买盘
2019,11:27:39,10.76,0.01,29,31204,买盘
2020,11:27:36,10.75,--,13,13975,买盘
2021,11:27:33,10.75,--,65,69875,买盘
2022,11:27:30,10.75,--,53,56975,买盘
2023,11:27:27,10.75,--,90,96750,买盘
2024,11:27:24,10.75,--,57,61275,买盘
2025,11:27:21,10.75,--,21,22575,买盘
2026,11:27:18,10.75,--,45,48375,买盘
2027,11:27:15,10.75,--,9,9675,买盘
2028,11:27:12,10.75,--,1,1075,买盘
2029,11:27:09,10.75,--,28,30100,卖盘
2030,11:27:06,10.75,--,36,38700,买盘
2031,11:27:03,10.75,--,55,59125,买盘
2032,11:27:00,10.75,--,9,9675,买盘
2033,11:26:57,10.75,--,126,135450,买盘
2034,11:26:54,10.75,--,108,116100,买盘
2035,11:26:51,10.75,--,89,95675,卖盘
2036,11:26:48,10.75,-0.01,46,49450,卖盘
2037,11:26:45,10.76,--,4,4304,买盘
2038,11:26:39,10.76,--,18,19368,买盘
2039,11:26:36,10.76,0.01,35,37660,买盘
2040,11:26:33,10.75,--,63,67725,卖盘
2041,11:26:27,10.75,-0.01,48,51600,卖盘
2042,11:26:24,10.76,0.01,111,119436,买盘
2043,11:26:21,10.75,--,2000,2150000,买盘
2044,11:26:15,10.75,--,62,66650,买盘
2045,11:26:12,10.75,--,28,30100,买盘
2046,11:26:06,10.75,--,7,7525,买盘
2047,11:26:03,10.75,0.01,20,21500,买盘
2048,11:25:57,10.74,-0.01,5,5370,卖盘
2049,11:25:54,10.75,0.01,95,102125,买盘
2050,11:25:51,10.74,--,29,31146,卖盘
2051,11:25:48,10.74,--,39,42788,买盘
2052,11:25:45,10.74,--,6,6444,买盘
2053,11:25:42,10.74,--,53,56922,买盘
2054,11:25:39,10.74,--,1,1074,买盘
2055,11:25:33,10.74,-0.01,38,40983,卖盘
2056,11:25:30,10.75,0.01,51,54825,买盘
2057,11:25:24,10.74,--,5,5370,卖盘
2058,11:25:21,10.74,--,96,104006,买盘
2059,11:25:18,10.74,--,10,10740,买盘
2060,11:25:15,10.74,--,17,18258,买盘
2061,11:25:09,10.74,--,524,562776,买盘
2062,11:25:00,10.74,--,1,1074,买盘
2063,11:24:57,10.74,--,580,622920,买盘
2064,11:24:54,10.74,0.01,52,55848,买盘
2065,11:24:51,10.73,-0.01,13,13949,卖盘
2066,11:24:48,10.74,--,39,41886,买盘
2067,11:24:45,10.74,0.01,25,26850,买盘
2068,11:24:42,10.73,--,5,5365,卖盘
2069,11:24:39,10.73,-0.01,14,15022,卖盘
2070,11:24:36,10.74,--,21,22554,买盘
2071,11:24:30,10.74,--,13,13962,买盘
2072,11:24:27,10.74,--,5,5370,买盘
2073,11:24:24,10.74,0.01,21,22554,买盘
2074,11:24:18,10.73,--,86,92278,卖盘
2075,11:24:15,10.73,-0.01,69,74037,卖盘
2076,11:24:12,10.74,0.01,37,39738,买盘
2077,11:24:09,10.73,--,40,42920,卖盘
2078,11:24:06,10.73,--,16,17168,买盘
2079,11:24:03,10.73,--,92,98716,买盘
2080,11:23:57,10.73,0.01,5,5365,买盘
2081,11:23:54,10.72,-0.01,26,27872,卖盘
2082,11:23:51,10.73,0.01,39,41847,买盘
2083,11:23:48,10.72,-0.01,4,4288,卖盘
2084,11:23:45,10.73,--,5,5365,买盘
2085,11:23:42,10.73,--,2,2146,买盘
2086,11:23:39,10.73,0.01,77,82621,买盘
2087,11:23:36,10.72,-0.01,12,12864,卖盘
2088,11:23:30,10.73,0.01,57,61161,买盘
2089,11:23:27,10.72,-0.01,10,10720,卖盘
2090,11:23:24,10.73,--,23,24679,买盘
2091,11:23:18,10.73,0.01,129,138417,买盘
2092,11:23:15,10.72,-0.01,5,5360,卖盘
2093,11:23:12,10.73,--,20,21460,买盘
2094,11:23:06,10.73,--,22,23606,买盘
2095,11:23:03,10.73,--,5,5365,买盘
2096,11:22:57,10.73,--,20,21460,买盘
2097,11:22:54,10.73,--,32,34336,买盘
2098,11:22:48,10.73,--,1,1073,买盘
2099,11:22:45,10.73,--,36,38628,买盘
2100,11:22:39,10.73,--,5,5365,买盘
2101,11:22:36,10.73,--,8,8584,买盘
2102,11:22:33,10.73,0.01,263,282778,买盘
2103,11:22:27,10.72,--,46,49312,买盘
2104,11:22:24,10.72,--,36,38592,买盘
2105,11:22:15,10.72,--,34,36448,买盘
2106,11:22:12,10.72,--,19,20368,买盘
2107,11:22:09,10.72,--,5,5360,买盘
2108,11:22:06,10.72,--,20,21440,买盘
2109,11:22:03,10.72,--,15,16080,买盘
2110,11:22:00,10.72,--,61,65392,买盘
2111,11:21:57,10.72,0.01,19,20368,买盘
2112,11:21:54,10.71,-0.02,230,246822,卖盘
2113,11:21:51,10.73,--,96,103008,买盘
2114,11:21:48,10.73,--,1274,1368010,买盘
2115,11:21:45,10.73,0.01,11,11803,买盘
2116,11:21:42,10.72,-0.01,13,13936,卖盘
2117,11:21:39,10.73,--,20,21460,买盘
2118,11:21:36,10.73,--,5,5365,买盘
2119,11:21:33,10.73,--,51,54723,买盘
2120,11:21:30,10.73,--,32,34336,买盘
2121,11:21:27,10.73,--,28,30044,买盘
2122,11:21:21,10.73,--,5,5365,买盘
2123,11:21:18,10.73,0.01,50,53650,买盘
2124,11:21:15,10.72,-0.01,9,9648,卖盘
2125,11:21:12,10.73,0.01,18,19314,买盘
2126,11:21:09,10.72,-0.01,22,23584,卖盘
2127,11:21:06,10.73,--,20,21460,买盘
2128,11:21:03,10.73,--,15,16095,买盘
2129,11:21:00,10.73,--,9,9657,买盘
2130,11:20:57,10.73,--,11,11803,买盘
2131,11:20:54,10.73,0.01,21,22533,买盘
2132,11:20:51,10.72,-0.01,14,15008,卖盘
2133,11:20:48,10.73,0.01,9,9657,买盘
2134,11:20:45,10.72,-0.01,30,32160,卖盘
2135,11:20:36,10.73,--,11,11803,买盘
2136,11:20:33,10.73,--,33,35409,买盘
2137,11:20:30,10.73,0.01,1,1073,买盘
2138,11:20:27,10.72,-0.01,15,16080,卖盘
2139,11:20:24,10.73,--,10,10730,买盘
2140,11:20:21,10.73,0.01,21,22533,买盘
2141,11:20:18,10.72,--,26,27872,卖盘
2142,11:20:15,10.72,-0.01,95,101840,卖盘
2143,11:20:12,10.73,--,34,36482,买盘
2144,11:20:06,10.73,0.01,27,28971,买盘
2145,11:20:03,10.72,-0.01,141,151152,卖盘
2146,11:20:00,10.73,--,25,26825,买盘
2147,11:19:51,10.73,--,9,9657,买盘
2148,11:19:48,10.73,--,19,20387,买盘
2149,11:19:45,10.73,--,10,10730,买盘
2150,11:19:39,10.73,0.01,44,47212,买盘
2151,11:19:36,10.72,-0.01,25,26800,卖盘
2152,11:19:33,10.73,--,9,9657,买盘
2153,11:19:30,10.73,--,53,56869,买盘
2154,11:19:27,10.73,--,19,20387,买盘
2155,11:19:18,10.73,--,10,10730,买盘
2156,11:19:15,10.73,--,26,27898,买盘
2157,11:19:09,10.73,--,23,24679,买盘
2158,11:19:06,10.73,--,19,20387,买盘
2159,11:19:00,10.73,--,5,5365,买盘
2160,11:18:57,10.73,0.01,9,9657,买盘
2161,11:18:54,10.72,-0.01,55,58960,卖盘
2162,11:18:45,10.73,--,36,38628,买盘
2163,11:18:42,10.73,--,38,40774,买盘
2164,11:18:36,10.73,--,30,32190,买盘
2165,11:18:33,10.73,0.01,29,31117,买盘
2166,11:18:30,10.72,--,53,56816,卖盘
2167,11:18:27,10.72,-0.01,6,6432,卖盘
2168,11:18:24,10.73,--,10,10730,买盘
2169,11:18:21,10.73,--,26,27898,买盘
2170,11:18:18,10.73,--,1,1073,买盘
2171,11:18:15,10.73,-0.01,40,42920,卖盘
2172,11:18:12,10.74,--,40,42960,买盘
2173,11:18:09,10.74,0.01,52,55848,买盘
2174,11:18:03,10.73,--,6,6438,卖盘
2175,11:18:00,10.73,--,59,63307,买盘
2176,11:17:57,10.73,0.01,10,10730,买盘
2177,11:17:54,10.72,-0.01,14,15008,卖盘
2178,11:17:51,10.73,--,55,59015,买盘
2179,11:17:48,10.73,--,32,34336,买盘
2180,11:17:45,10.73,--,20,21460,买盘
2181,11:17:42,10.73,--,11,11803,买盘
2182,11:17:39,10.73,--,20,21460,买盘
2183,11:17:36,10.73,--,19,20387,买盘
2184,11:17:33,10.73,--,17,18241,买盘
2185,11:17:30,10.73,--,28,30044,买盘
2186,11:17:27,10.73,--,72,77256,买盘
2187,11:17:24,10.73,--,23,24679,买盘
2188,11:17:21,10.73,--,20,21460,买盘
2189,11:17:18,10.73,0.01,48,51504,买盘
2190,11:17:15,10.72,--,27,28944,卖盘
2191,11:17:12,10.72,-0.01,16,17152,卖盘
2192,11:17:06,10.73,--,40,42920,买盘
2193,11:17:03,10.73,--,26,27898,买盘
2194,11:16:54,10.73,--,25,26825,买盘
2195,11:16:51,10.73,--,10,10730,买盘
2196,11:16:48,10.73,0.01,20,21460,买盘
2197,11:16:45,10.72,-0.01,21,22512,卖盘
2198,11:16:42,10.73,--,114,122322,买盘
2199,11:16:39,10.73,--,1,1073,买盘
2200,11:16:36,10.73,--,28,30044,买盘
2201,11:16:33,10.73,--,21,22533,买盘
2202,11:16:30,10.73,--,23,24679,买盘
2203,11:16:21,10.73,--,81,86913,买盘
2204,11:16:18,10.73,0.01,10,10730,买盘
2205,11:16:15,10.72,-0.01,22,23584,卖盘
2206,11:16:12,10.73,--,38,40774,买盘
2207,11:16:09,10.73,--,108,115884,买盘
2208,11:16:06,10.73,--,60,64380,买盘
2209,11:16:03,10.73,--,97,104081,买盘
2210,11:16:00,10.73,--,24,25752,买盘
2211,11:15:57,10.73,--,24,25752,买盘
2212,11:15:54,10.73,--,13,13949,买盘
2213,11:15:48,10.73,--,11,11803,买盘
2214,11:15:45,10.73,--,29,31117,买盘
2215,11:15:42,10.73,0.01,2,2146,买盘
2216,11:15:39,10.72,--,24,25728,卖盘
2217,11:15:36,10.72,-0.01,120,128640,卖盘
2218,11:15:33,10.73,0.01,20,21460,买盘
2219,11:15:30,10.72,-0.01,10,10720,卖盘
2220,11:15:27,10.73,--,19,20387,买盘
2221,11:15:24,10.73,0.01,124,133052,买盘
2222,11:15:21,10.72,-0.01,8,8576,卖盘
2223,11:15:15,10.73,--,22,23606,买盘
2224,11:15:12,10.73,0.01,14,15022,买盘
2225,11:15:09,10.72,-0.01,13,13936,卖盘
2226,11:15:06,10.73,0.01,61,65453,买盘
2227,11:15:03,10.72,-0.01,52,55744,卖盘
2228,11:15:00,10.73,0.01,5,5365,买盘
2229,11:14:57,10.72,-0.01,23,24656,卖盘
2230,11:14:54,10.73,--,10,10730,买盘
2231,11:14:51,10.73,0.01,20,21460,买盘
2232,11:14:48,10.72,-0.01,15,16080,卖盘
2233,11:14:45,10.73,--,4,4292,买盘
2234,11:14:42,10.73,--,21,22533,买盘
2235,11:14:39,10.73,--,15,16095,买盘
2236,11:14:33,10.73,0.01,10,10730,买盘
2237,11:14:30,10.72,--,48,51456,卖盘
2238,11:14:27,10.72,--,10,10720,卖盘
2239,11:14:24,10.72,-0.01,52,55744,卖盘
2240,11:14:21,10.73,--,11,11803,买盘
2241,11:14:18,10.73,0.01,26,27898,买盘
2242,11:14:15,10.72,-0.01,5,5360,卖盘
2243,11:14:09,10.73,--,85,91205,买盘
2244,11:14:06,10.73,0.01,11,11803,买盘
2245,11:14:03,10.72,-0.01,14,15008,卖盘
2246,11:14:00,10.73,0.01,24,25752,买盘
2247,11:13:57,10.72,-0.01,40,42880,卖盘
2248,11:13:54,10.73,--,5,5365,买盘
2249,11:13:48,10.73,--,9,9657,买盘
2250,11:13:45,10.73,--,25,26825,买盘
2251,11:13:42,10.73,--,6,6438,买盘
2252,11:13:39,10.73,--,10,10730,买盘
2253,11:13:36,10.73,0.01,19,20387,买盘
2254,11:13:33,10.72,--,30,32160,卖盘
2255,11:13:30,10.72,--,10,10720,卖盘
2256,11:13:27,10.72,-0.01,26,27872,卖盘
2257,11:13:24,10.73,--,24,25752,买盘
2258,11:13:21,10.73,0.01,50,53650,买盘
2259,11:13:15,10.72,-0.01,15,16080,卖盘
2260,11:13:12,10.73,--,10,10730,买盘
2261,11:13:06,10.73,--,11,11803,买盘
2262,11:13:03,10.73,--,23,24679,买盘
2263,11:13:00,10.73,--,7,7511,买盘
2264,11:12:54,10.73,--,9,9657,买盘
2265,11:12:51,10.73,--,20,21460,买盘
2266,11:12:48,10.73,--,500,536500,买盘
2267,11:12:45,10.73,--,4,4292,买盘
2268,11:12:42,10.73,0.01,11,11803,买盘
2269,11:12:39,10.72,-0.01,22,23584,卖盘
2270,11:12:36,10.73,-0.01,73,78329,买盘
2271,11:12:33,10.74,--,10,10740,买盘
2272,11:12:30,10.74,0.01,65,69810,买盘
2273,11:12:27,10.73,0.01,10,10730,买盘
2274,11:12:24,10.72,--,15,16080,卖盘
2275,11:12:21,10.72,-0.02,303,324816,卖盘
2276,11:12:18,10.74,0.02,10,10740,买盘
2277,11:12:15,10.72,--,16,17152,卖盘
2278,11:12:09,10.72,-0.02,67,71824,卖盘
2279,11:12:06,10.74,0.02,26,27924,买盘
2280,11:12:03,10.72,--,502,538787,卖盘
2281,11:12:00,10.72,-0.01,22,23584,卖盘
2282,11:11:57,10.73,--,10,10730,买盘
2283,11:11:54,10.73,--,20,21460,买盘
2284,11:11:45,10.73,0.01,70,75110,买盘
2285,11:11:42,10.72,--,24,25728,买盘
2286,11:11:39,10.72,0.01,41,43952,卖盘
2287,11:11:36,10.71,-0.01,14,14994,卖盘
2288,11:11:33,10.72,--,86,92192,买盘
2289,11:11:30,10.72,--,9,9648,买盘
2290,11:11:27,10.72,--,10,10720,买盘
2291,11:11:24,10.72,--,35,37520,买盘
2292,11:11:21,10.72,--,115,123280,买盘
2293,11:11:18,10.72,0.01,148,158656,买盘
2294,11:11:15,10.71,-0.01,40,42840,卖盘
2295,11:11:12,10.72,0.01,29,31088,买盘
2296,11:11:09,10.71,-0.01,74,79254,卖盘
2297,11:11:03,10.72,0.01,10,10720,买盘
2298,11:11:00,10.71,--,35,37485,卖盘
2299,11:10:54,10.71,--,55,58905,卖盘
2300,11:10:51,10.71,-0.02,26,27846,卖盘
2301,11:10:48,10.73,0.02,25,26825,买盘
2302,11:10:45,10.71,-0.01,27,28917,卖盘
2303,11:10:42,10.72,--,28,30016,买盘
2304,11:10:39,10.72,--,21,22512,买盘
2305,11:10:36,10.72,--,25,26800,买盘
2306,11:10:33,10.72,0.01,10,10720,买盘
2307,11:10:30,10.71,--,20,21420,卖盘
2308,11:10:27,10.71,--,49,52479,卖盘
2309,11:10:24,10.71,--,130,139230,卖盘
2310,11:10:21,10.71,--,16,17136,卖盘
2311,11:10:18,10.71,--,55,58905,卖盘
2312,11:10:15,10.71,--,181,193851,卖盘
2313,11:10:12,10.71,--,8,8568,卖盘
2314,11:10:09,10.71,--,19,20777,卖盘
2315,11:10:06,10.71,-0.01,28,29988,卖盘
2316,11:10:03,10.72,--,10,10720,买盘
2317,11:09:57,10.72,--,10,10720,买盘
2318,11:09:54,10.72,--,931,998460,卖盘
2319,11:09:51,10.72,-0.01,70,75040,卖盘
2320,11:09:48,10.73,--,13,13949,买盘
2321,11:09:45,10.73,--,24,25752,买盘
2322,11:09:42,10.73,0.01,21,22533,买盘
2323,11:09:39,10.72,-0.01,13,14579,卖盘
2324,11:09:36,10.73,-0.01,57,61161,卖盘
2325,11:09:33,10.74,0.01,11,11814,买盘
2326,11:09:30,10.73,0.01,16,17168,中性盘
2327,11:09:27,10.72,-0.01,29,31088,卖盘
2328,11:09:24,10.73,-0.01,15,16095,买盘
2329,11:09:21,10.74,0.02,125,134250,买盘
2330,11:09:15,10.72,-0.01,5,5360,卖盘
2331,11:09:12,10.73,--,40,42920,买盘
2332,11:09:09,10.73,--,93,99789,买盘
2333,11:09:06,10.73,--,6,6438,买盘
2334,11:09:03,10.73,--,260,278980,买盘
2335,11:09:00,10.73,--,19,20387,买盘
2336,11:08:57,10.73,--,29,31117,买盘
2337,11:08:51,10.73,--,23,24679,买盘
2338,11:08:48,10.73,0.01,34,36482,买盘
2339,11:08:45,10.72,-0.01,59,63248,卖盘
2340,11:08:39,10.73,--,55,59015,买盘
2341,11:08:36,10.73,0.01,16,17168,买盘
2342,11:08:33,10.72,-0.01,4,4288,卖盘
2343,11:08:30,10.73,--,52,55796,买盘
2344,11:08:27,10.73,--,45,48285,买盘
2345,11:08:24,10.73,--,24,25752,买盘
2346,11:08:21,10.73,0.01,46,49358,买盘
2347,11:08:18,10.72,--,20,21440,卖盘
2348,11:08:15,10.72,--,473,507056,卖盘
2349,11:08:12,10.72,-0.01,5,5360,卖盘
2350,11:08:06,10.73,0.01,41,43993,买盘
2351,11:08:03,10.72,-0.01,31,33232,卖盘
2352,11:07:54,10.73,--,33,35409,买盘
2353,11:07:51,10.73,--,12,12876,买盘
2354,11:07:48,10.73,0.01,2,2146,买盘
2355,11:07:45,10.72,-0.01,31,33232,卖盘
2356,11:07:42,10.73,--,20,21460,买盘
2357,11:07:39,10.73,--,25,26825,买盘
2358,11:07:36,10.73,--,5,5365,买盘
2359,11:07:33,10.73,0.01,19,20387,买盘
2360,11:07:30,10.72,-0.01,15,16080,卖盘
2361,11:07:27,10.73,--,28,30044,买盘
2362,11:07:24,10.73,--,11,11803,买盘
2363,11:07:21,10.73,--,22,23606,买盘
2364,11:07:18,10.73,0.01,10,10730,买盘
2365,11:07:15,10.72,-0.01,5,5360,卖盘
2366,11:07:12,10.73,--,110,118030,买盘
2367,11:07:09,10.73,0.01,76,81548,买盘
2368,11:07:06,10.72,--,135,144720,卖盘
2369,11:07:03,10.72,-0.01,16,17152,卖盘
2370,11:07:00,10.73,--,35,37555,买盘
2371,11:06:57,10.73,--,31,33263,买盘
2372,11:06:54,10.73,--,163,174899,买盘
2373,11:06:51,10.73,--,10,10730,买盘
2374,11:06:48,10.73,--,10,10730,买盘
2375,11:06:45,10.73,--,12,12876,买盘
2376,11:06:42,10.73,--,2,2146,买盘
2377,11:06:39,10.73,--,11,11803,买盘
2378,11:06:36,10.73,--,20,21460,买盘
2379,11:06:30,10.73,--,18,19314,买盘
2380,11:06:27,10.73,--,19,20387,买盘
2381,11:06:24,10.73,0.01,32,34336,买盘
2382,11:06:21,10.72,--,30,32160,卖盘
2383,11:06:15,10.72,-0.01,83,88976,卖盘
2384,11:06:12,10.73,0.01,29,31117,买盘
2385,11:06:09,10.72,--,3,3216,卖盘
2386,11:06:06,10.72,-0.01,20,21440,卖盘
2387,11:06:03,10.73,0.01,32,34336,买盘
2388,11:06:00,10.72,-0.01,14,15008,卖盘
2389,11:05:54,10.73,0.01,21,22533,买盘
2390,11:05:51,10.72,-0.01,60,64320,卖盘
2391,11:05:48,10.73,0.01,20,21460,买盘
2392,11:05:45,10.72,-0.01,45,48240,卖盘
2393,11:05:42,10.73,--,28,30044,买盘
2394,11:05:39,10.73,--,12,12876,买盘
2395,11:05:36,10.73,--,13,13949,买盘
2396,11:05:33,10.73,--,11,11803,买盘
2397,11:05:30,10.73,0.01,70,75110,买盘
2398,11:05:27,10.72,--,19,20368,卖盘
2399,11:05:24,10.72,-0.01,18,19296,卖盘
2400,11:05:21,10.73,--,21,22533,买盘
2401,11:05:18,10.73,0.01,11,11803,买盘
2402,11:05:15,10.72,-0.01,5,5360,中性盘
2403,11:05:09,10.73,0.01,45,48285,买盘
2404,11:05:06,10.72,-0.01,27,28944,卖盘
2405,11:05:03,10.73,0.01,30,32190,买盘
2406,11:05:00,10.72,--,38,40736,买盘
2407,11:04:57,10.72,0.01,18,19296,买盘
2408,11:04:51,10.71,-0.01,27,28917,卖盘
2409,11:04:48,10.72,--,27,28944,买盘
2410,11:04:45,10.72,0.01,24,25728,买盘
2411,11:04:42,10.71,-0.01,6,6426,卖盘
2412,11:04:39,10.72,--,36,38592,买盘
2413,11:04:36,10.72,0.01,28,30016,买盘
2414,11:04:33,10.71,--,21,22491,卖盘
2415,11:04:30,10.71,-0.01,4,4284,卖盘
2416,11:04:27,10.72,0.01,323,346256,买盘
2417,11:04:24,10.71,--,143,153153,卖盘
2418,11:04:21,10.71,-0.01,1,1071,卖盘
2419,11:04:15,10.72,--,27,28944,买盘
2420,11:04:12,10.72,--,20,21440,买盘
2421,11:04:09,10.72,0.01,51,54672,买盘
2422,11:04:06,10.71,-0.01,99,106029,卖盘
2423,11:04:03,10.72,--,47,50384,买盘
2424,11:04:00,10.72,0.01,1012,1084864,买盘
2425,11:03:57,10.71,-0.01,46,49266,卖盘
2426,11:03:54,10.72,--,11,11792,买盘
2427,11:03:51,10.72,0.01,22,23584,买盘
2428,11:03:48,10.71,-0.01,23,24633,卖盘
2429,11:03:45,10.72,--,6,6432,买盘
2430,11:03:42,10.72,0.01,22,23584,买盘
2431,11:03:39,10.71,-0.01,24,25704,卖盘
2432,11:03:36,10.72,--,7,7504,买盘
2433,11:03:33,10.72,--,16,17152,买盘
2434,11:03:30,10.72,--,21,22512,买盘
2435,11:03:27,10.72,--,27,28944,买盘
2436,11:03:21,10.72,--,51,54672,买盘
2437,11:03:18,10.72,--,21,22512,买盘
2438,11:03:15,10.72,--,19,20368,买盘
2439,11:03:09,10.72,--,45,48240,买盘
2440,11:03:06,10.72,--,17,18224,买盘
2441,11:03:03,10.72,0.01,1,1072,买盘
2442,11:03:00,10.71,-0.01,26,27846,卖盘
2443,11:02:57,10.72,--,10,10720,买盘
2444,11:02:54,10.72,--,10,10720,买盘
2445,11:02:48,10.72,--,11,11792,买盘
2446,11:02:45,10.72,--,19,20368,买盘
2447,11:02:42,10.72,--,71,76112,买盘
2448,11:02:39,10.72,0.01,2,2144,买盘
2449,11:02:36,10.71,-0.01,21,22491,卖盘
2450,11:02:33,10.72,0.02,509,545648,买盘
2451,11:02:30,10.7,-0.01,14,14979,卖盘
2452,11:02:27,10.71,--,2,2142,买盘
2453,11:02:24,10.71,--,14,14994,买盘
2454,11:02:21,10.71,--,10,10710,买盘
2455,11:02:18,10.71,--,13,13923,买盘
2456,11:02:15,10.71,--,753,806463,买盘
2457,11:02:12,10.71,0.01,123,131733,买盘
2458,11:02:09,10.7,-0.01,15,16049,卖盘
2459,11:02:06,10.71,--,41,43911,买盘
2460,11:02:03,10.71,0.01,23,24633,买盘
2461,11:02:00,10.7,-0.01,50,53500,卖盘
2462,11:01:51,10.71,0.01,34,36414,买盘
2463,11:01:48,10.7,--,24,25680,卖盘
2464,11:01:45,10.7,-0.01,4,4280,卖盘
2465,11:01:42,10.71,--,121,129591,买盘
2466,11:01:39,10.71,--,2,2142,买盘
2467,11:01:36,10.71,0.01,17,18207,买盘
2468,11:01:30,10.7,-0.01,45,48150,卖盘
2469,11:01:27,10.71,0.01,16,17136,买盘
2470,11:01:24,10.7,-0.01,4,4280,卖盘
2471,11:01:21,10.71,--,13,13923,买盘
2472,11:01:18,10.71,--,9,9639,买盘
2473,11:01:15,10.71,0.01,14,14994,买盘
2474,11:01:12,10.7,--,12,12840,卖盘
2475,11:01:09,10.7,-0.01,77,82390,卖盘
2476,11:01:06,10.71,0.01,11,11781,买盘
2477,11:01:00,10.7,--,55,58849,买盘
2478,11:00:57,10.7,--,36,38520,买盘
2479,11:00:54,10.7,--,24,25680,买盘
2480,11:00:51,10.7,0.01,11,11770,买盘
2481,11:00:48,10.69,-0.01,13,13897,卖盘
2482,11:00:45,10.7,--,28,29959,买盘
2483,11:00:42,10.7,-0.01,19,20330,卖盘
2484,11:00:39,10.71,--,2,2142,买盘
2485,11:00:36,10.71,--,10,10710,买盘
2486,11:00:33,10.71,0.01,11,11781,买盘
2487,11:00:30,10.7,--,2,2140,买盘
2488,11:00:27,10.7,-0.01,65,69550,买盘
2489,11:00:24,10.71,--,24,25704,买盘
2490,11:00:21,10.71,0.01,13,13923,买盘
2491,11:00:18,10.7,--,20,21400,卖盘
2492,11:00:15,10.7,0.01,14,14979,卖盘
2493,11:00:12,10.69,-0.02,1000,1069000,卖盘
2494,11:00:09,10.71,--,10,10710,买盘
2495,11:00:06,10.71,0.01,2,2142,买盘
2496,11:00:03,10.7,-0.01,61,65269,卖盘
2497,11:00:00,10.71,0.01,53,56763,买盘
2498,10:59:57,10.7,-0.01,28,29959,卖盘
2499,10:59:51,10.71,0.01,96,103672,买盘
2500,10:59:48,10.7,--,11,11770,买盘
2501,10:59:45,10.7,0.01,4,4280,买盘
2502,10:59:42,10.69,-0.01,15,16035,卖盘
2503,10:59:39,10.7,--,2,2140,买盘
2504,10:59:36,10.7,--,524,560680,买盘
2505,10:59:30,10.7,0.01,113,120909,买盘
2506,10:59:27,10.69,--,12,12828,卖盘
2507,10:59:24,10.69,-0.01,4,4276,卖盘
2508,10:59:18,10.7,0.01,10,10700,买盘
2509,10:59:15,10.69,--,142,151798,卖盘
2510,10:59:12,10.69,-0.01,85,90865,卖盘
2511,10:59:09,10.7,--,83,89024,卖盘
2512,10:59:06,10.7,-0.01,86,92020,卖盘
2513,10:59:03,10.71,--,23,24633,买盘
2514,10:59:00,10.71,0.01,14,14994,买盘
2515,10:58:57,10.7,-0.01,11,11770,卖盘
2516,10:58:51,10.71,--,11,11781,买盘
2517,10:58:48,10.71,--,5,5355,买盘
2518,10:58:45,10.71,--,29,31059,买盘
2519,10:58:42,10.71,0.01,137,146727,买盘
2520,10:58:39,10.7,-0.01,12,13696,卖盘
2521,10:58:33,10.71,--,22,23562,买盘
2522,10:58:30,10.71,0.01,10,10710,买盘
2523,10:58:27,10.7,-0.01,1,1070,卖盘
2524,10:58:24,10.71,0.01,140,149940,买盘
2525,10:58:21,10.7,-0.01,19,20330,卖盘
2526,10:58:15,10.71,--,4,4284,买盘
2527,10:58:12,10.71,--,10,10710,买盘
2528,10:58:09,10.71,--,146,156366,买盘
2529,10:58:06,10.71,0.01,63,67473,买盘
2530,10:58:03,10.7,-0.01,36,38520,卖盘
2531,10:58:00,10.71,0.01,10,10710,买盘
2532,10:57:57,10.7,--,11,11770,卖盘
2533,10:57:54,10.7,-0.01,20,21400,卖盘
2534,10:57:48,10.71,--,10,10710,买盘
2535,10:57:45,10.71,0.01,14,14994,买盘
2536,10:57:42,10.7,-0.01,8,8560,卖盘
2537,10:57:39,10.71,--,28,29988,买盘
2538,10:57:36,10.71,--,23,24633,买盘
2539,10:57:33,10.71,--,36,38556,买盘
2540,10:57:27,10.71,--,15,16065,买盘
2541,10:57:24,10.71,--,31,33201,买盘
2542,10:57:21,10.71,0.01,10,10710,买盘
2543,10:57:18,10.7,-0.01,19,20330,卖盘
2544,10:57:15,10.71,--,13,13923,买盘
2545,10:57:12,10.71,0.01,98,104958,买盘
2546,10:57:09,10.7,-0.01,27,28889,卖盘
2547,10:57:06,10.71,--,10,10710,买盘
2548,10:57:03,10.71,--,9,9639,买盘
2549,10:56:57,10.71,0.01,10,10710,买盘
2550,10:56:54,10.7,--,742,793940,买盘
2551,10:56:51,10.7,0.01,35,37450,买盘
2552,10:56:48,10.69,-0.01,10,10690,卖盘
2553,10:56:45,10.7,0.01,37,39590,买盘
2554,10:56:42,10.69,-0.01,165,176385,卖盘
2555,10:56:39,10.7,--,10,10700,买盘
2556,10:56:36,10.7,--,2,2140,买盘
2557,10:56:33,10.7,0.01,31,33170,买盘
2558,10:56:30,10.69,--,32,34208,卖盘
2559,10:56:27,10.69,-0.01,35,37415,卖盘
2560,10:56:24,10.7,--,9,9630,买盘
2561,10:56:21,10.7,--,46,49220,买盘
2562,10:56:18,10.7,--,9,9630,买盘
2563,10:56:15,10.7,--,4,4280,买盘
2564,10:56:12,10.7,--,13,13909,买盘
2565,10:56:09,10.7,--,28,29959,买盘
2566,10:56:06,10.7,0.01,20,21400,买盘
2567,10:56:03,10.69,--,15,16035,卖盘
2568,10:56:00,10.69,-0.01,31,33139,卖盘
2569,10:55:57,10.7,--,10,10700,买盘
2570,10:55:48,10.7,--,82,87740,买盘
2571,10:55:45,10.7,0.01,27,28889,买盘
2572,10:55:42,10.69,--,60,64140,卖盘
2573,10:55:39,10.69,-0.01,17,18173,卖盘
2574,10:55:36,10.7,0.01,60,64199,买盘
2575,10:55:33,10.69,0.01,78,83895,买盘
2576,10:55:30,10.68,-0.01,6,6408,卖盘
2577,10:55:27,10.69,--,25,26725,买盘
2578,10:55:24,10.69,0.01,118,126142,买盘
2579,10:55:21,10.68,--,14,14952,卖盘
2580,10:55:18,10.68,-0.01,17,18156,卖盘
2581,10:55:15,10.69,--,24,25656,买盘
2582,10:55:12,10.69,--,11,11759,买盘
2583,10:55:06,10.69,--,37,39553,买盘
2584,10:55:00,10.69,0.01,23,24587,买盘
2585,10:54:57,10.68,--,11,11748,卖盘
2586,10:54:54,10.68,--,15,16020,卖盘
2587,10:54:51,10.68,-0.01,29,30972,卖盘
2588,10:54:48,10.69,0.01,14,14966,买盘
2589,10:54:45,10.68,--,14,14952,卖盘
2590,10:54:42,10.68,-0.01,10,10680,卖盘
2591,10:54:39,10.69,--,24,25656,买盘
2592,10:54:36,10.69,0.01,32,34208,买盘
2593,10:54:30,10.68,-0.01,33,35244,卖盘
2594,10:54:27,10.69,--,66,70554,买盘
2595,10:54:21,10.69,--,27,28863,买盘
2596,10:54:18,10.69,0.01,23,24587,买盘
2597,10:54:15,10.68,--,9,9612,卖盘
2598,10:54:12,10.68,-0.01,60,64080,卖盘
2599,10:54:09,10.69,-0.01,699,747786,卖盘
2600,10:54:06,10.7,--,10,10700,买盘
2601,10:54:03,10.7,--,55,58849,买盘
2602,10:53:57,10.7,--,57,60989,买盘
2603,10:53:54,10.7,0.01,10,10700,买盘
2604,10:53:51,10.69,-0.01,48,51312,卖盘
2605,10:53:48,10.7,--,6,6420,买盘
2606,10:53:45,10.7,0.01,14,14979,买盘
2607,10:53:42,10.69,--,77,82313,卖盘
2608,10:53:39,10.69,--,63,67347,卖盘
2609,10:53:36,10.69,-0.01,9,9621,卖盘
2610,10:53:33,10.7,--,23,24610,买盘
2611,10:53:24,10.7,0.01,22,23540,买盘
2612,10:53:18,10.69,--,64,68416,卖盘
2613,10:53:15,10.69,-0.01,8,8552,卖盘
2614,10:53:12,10.7,--,38,40660,买盘
2615,10:53:09,10.7,--,5,5350,买盘
2616,10:53:00,10.7,0.01,10,10700,买盘
2617,10:52:57,10.69,--,23,24587,卖盘
2618,10:52:54,10.69,--,56,59864,卖盘
2619,10:52:51,10.69,-0.01,14,14966,卖盘
2620,10:52:48,10.7,--,10,10700,买盘
2621,10:52:45,10.7,--,4,4280,买盘
2622,10:52:39,10.7,--,19,20330,买盘
2623,10:52:36,10.7,0.01,2,2140,买盘
2624,10:52:33,10.69,--,50,53450,卖盘
2625,10:52:30,10.69,-0.01,21,22449,卖盘
2626,10:52:27,10.7,0.01,23,24610,买盘
2627,10:52:24,10.69,--,6,6927,卖盘
2628,10:52:18,10.69,-0.01,4,4276,卖盘
2629,10:52:15,10.7,0.01,17,18190,买盘
2630,10:52:12,10.69,-0.01,37,39553,卖盘
2631,10:52:09,10.7,--,39,41730,买盘
2632,10:52:06,10.7,--,9,9630,买盘
2633,10:52:03,10.7,--,87,93090,买盘
2634,10:52:00,10.7,--,13,13909,买盘
2635,10:51:57,10.7,0.01,118,126259,买盘
2636,10:51:54,10.69,--,28,29932,卖盘
2637,10:51:51,10.69,--,13,13897,卖盘
2638,10:51:48,10.69,-0.01,5,5345,卖盘
2639,10:51:45,10.7,--,51,54570,买盘
2640,10:51:42,10.7,--,10,10700,买盘
2641,10:51:39,10.7,--,12,12840,买盘
2642,10:51:36,10.7,--,22,23540,买盘
2643,10:51:33,10.7,--,38,40660,买盘
2644,10:51:30,10.7,0.01,90,96300,买盘
2645,10:51:27,10.69,-0.01,14,14966,卖盘
2646,10:51:24,10.7,0.01,5,5350,买盘
2647,10:51:21,10.69,-0.01,28,29932,卖盘
2648,10:51:18,10.7,--,1,1070,买盘
2649,10:51:15,10.7,0.01,4,4280,买盘
2650,10:51:12,10.69,-0.01,4,4276,卖盘
2651,10:51:09,10.7,--,12,12840,买盘
2652,10:51:06,10.7,--,81,86670,买盘
2653,10:51:03,10.7,--,29,31029,买盘
2654,10:51:00,10.7,--,28,29959,买盘
2655,10:50:57,10.7,0.01,33,35310,买盘
2656,10:50:54,10.69,-0.01,44,47036,卖盘
2657,10:50:48,10.7,--,11,11770,买盘
2658,10:50:45,10.7,--,25,26750,买盘
2659,10:50:42,10.7,--,3,3210,买盘
2660,10:50:36,10.7,--,26,27819,买盘
2661,10:50:27,10.7,0.01,10,10700,买盘
2662,10:50:24,10.69,-0.01,300,320700,卖盘
2663,10:50:21,10.7,0.01,9,9630,买盘
2664,10:50:18,10.69,-0.01,2,2138,卖盘
2665,10:50:15,10.7,0.01,13,13909,买盘
2666,10:50:12,10.69,--,4,4276,卖盘
2667,10:50:09,10.69,-0.01,100,106900,卖盘
2668,10:50:06,10.7,--,79,84530,买盘
2669,10:50:03,10.7,0.01,103,110209,买盘
2670,10:50:00,10.69,--,1,1069,卖盘
2671,10:49:54,10.69,--,12,12828,卖盘
2672,10:49:48,10.69,-0.01,15,16035,卖盘
2673,10:49:45,10.7,--,4,4280,买盘
2674,10:49:42,10.7,--,194,207580,买盘
2675,10:49:39,10.7,--,13,13909,买盘
2676,10:49:36,10.7,--,2,2140,买盘
2677,10:49:30,10.7,0.01,23,24610,买盘
2678,10:49:27,10.69,--,1,1069,卖盘
2679,10:49:24,10.69,-0.01,100,106900,卖盘
2680,10:49:21,10.7,0.01,30,32099,买盘
2681,10:49:18,10.69,-0.01,98,104762,卖盘
2682,10:49:15,10.7,--,3,3210,买盘
2683,10:49:12,10.7,0.01,13,13909,买盘
2684,10:49:09,10.69,--,27,28863,卖盘
2685,10:49:06,10.69,--,48,51312,卖盘
2686,10:49:03,10.69,--,65,69485,卖盘
2687,10:49:00,10.69,-0.01,81,86589,卖盘
2688,10:48:57,10.7,0.01,136,145520,买盘
2689,10:48:54,10.69,--,28,29932,卖盘
2690,10:48:51,10.69,-0.01,1,1069,卖盘
2691,10:48:48,10.7,0.01,11,11770,买盘
2692,10:48:45,10.69,-0.01,18,19242,卖盘
2693,10:48:42,10.7,--,14,14979,买盘
2694,10:48:39,10.7,--,40,42800,买盘
2695,10:48:36,10.7,0.01,18,19260,买盘
2696,10:48:33,10.69,-0.01,3,3207,卖盘
2697,10:48:30,10.7,--,25,26750,买盘
2698,10:48:24,10.7,--,25,26750,买盘
2699,10:48:15,10.7,0.01,30,32099,买盘
2700,10:48:12,10.69,--,32,34208,卖盘
2701,10:48:06,10.69,--,112,119728,卖盘
2702,10:48:03,10.69,--,162,173178,卖盘
2703,10:47:57,10.69,-0.01,2,2138,卖盘
2704,10:47:51,10.7,0.01,11,11770,买盘
2705,10:47:48,10.69,--,31,33139,卖盘
2706,10:47:45,10.69,-0.01,7,7483,卖盘
2707,10:47:42,10.7,--,59,63129,买盘
2708,10:47:36,10.7,0.01,13,13909,买盘
2709,10:47:33,10.69,-0.01,69,73761,卖盘
2710,10:47:30,10.7,--,1587,1698090,卖盘
2711,10:47:24,10.7,-0.01,15,16049,卖盘
2712,10:47:18,10.71,--,24,25704,买盘
2713,10:47:15,10.71,--,4,4284,买盘
2714,10:47:12,10.71,0.01,46,49266,买盘
2715,10:47:09,10.7,--,28,29959,卖盘
2716,10:47:06,10.7,--,20,21400,卖盘
2717,10:47:03,10.7,-0.01,54,57779,卖盘
2718,10:47:00,10.71,--,51,54621,买盘
2719,10:46:57,10.71,--,23,24633,买盘
2720,10:46:54,10.71,--,24,25704,买盘
2721,10:46:51,10.71,0.01,33,35343,买盘
2722,10:46:48,10.7,-0.01,33,35310,卖盘
2723,10:46:45,10.71,--,20,21420,买盘
2724,10:46:39,10.71,--,150,160650,买盘
2725,10:46:36,10.71,0.01,19,20349,买盘
2726,10:46:30,10.7,-0.01,14,14979,卖盘
2727,10:46:24,10.71,-0.01,210,224910,卖盘
2728,10:46:21,10.72,--,14,15008,买盘
2729,10:46:15,10.72,--,4,4288,买盘
2730,10:46:12,10.72,0.01,55,58960,买盘
2731,10:46:09,10.71,--,35,37485,卖盘
2732,10:46:06,10.71,-0.02,4,4284,卖盘
2733,10:46:03,10.73,0.01,14,15022,买盘
2734,10:46:00,10.72,-0.01,18,19296,卖盘
2735,10:45:57,10.73,--,6,6438,买盘
2736,10:45:54,10.73,--,13,13949,买盘
2737,10:45:51,10.73,--,27,28971,买盘
2738,10:45:48,10.73,--,11,11803,买盘
2739,10:45:45,10.73,--,4,4292,买盘
2740,10:45:39,10.73,0.01,20,21460,买盘
2741,10:45:36,10.72,0.01,12,12864,买盘
2742,10:45:33,10.71,-0.01,15,16065,卖盘
2743,10:45:27,10.72,--,22,23584,买盘
2744,10:45:24,10.72,--,10,10720,买盘
2745,10:45:21,10.72,--,91,97552,买盘
2746,10:45:18,10.72,--,11,11792,买盘
2747,10:45:15,10.72,--,13,13936,买盘
2748,10:45:12,10.72,0.01,17,18224,买盘
2749,10:45:09,10.71,--,31,33201,卖盘
2750,10:45:06,10.71,--,15,16065,卖盘
2751,10:45:03,10.71,-0.01,11,11781,卖盘
2752,10:44:57,10.72,0.01,13,13936,买盘
2753,10:44:54,10.71,-0.01,13,13923,卖盘
2754,10:44:51,10.72,0.01,22,23584,买盘
2755,10:44:48,10.71,-0.01,8,8568,卖盘
2756,10:44:45,10.72,--,4,4288,买盘
2757,10:44:42,10.72,0.01,11,11792,买盘
2758,10:44:36,10.71,-0.01,13,13923,卖盘
2759,10:44:33,10.72,-0.01,26,27872,卖盘
2760,10:44:30,10.73,0.01,30,32190,买盘
2761,10:44:27,10.72,-0.01,365,391280,中性盘
2762,10:44:18,10.73,0.02,9,9657,买盘
2763,10:44:15,10.71,-0.01,7,7497,卖盘
2764,10:44:12,10.72,-0.01,27,28944,卖盘
2765,10:44:09,10.73,0.01,70,75110,买盘
2766,10:44:06,10.72,-0.01,4,4288,卖盘
2767,10:44:03,10.73,--,28,30044,买盘
2768,10:43:57,10.73,0.01,9,9657,买盘
2769,10:43:51,10.72,-0.01,3,3216,卖盘
2770,10:43:45,10.73,0.01,63,67599,买盘
2771,10:43:39,10.72,0.01,9,9648,买盘
2772,10:43:36,10.71,-0.01,83,88893,卖盘
2773,10:43:33,10.72,--,123,131856,买盘
2774,10:43:24,10.72,0.01,29,31088,买盘
2775,10:43:21,10.71,--,55,58905,卖盘
2776,10:43:18,10.71,-0.01,7,7497,卖盘
2777,10:43:15,10.72,--,4,4288,买盘
2778,10:43:12,10.72,--,26,27872,买盘
2779,10:43:09,10.72,--,7,7504,买盘
2780,10:43:06,10.72,0.02,10,10720,买盘
2781,10:43:03,10.7,-0.01,29,31029,卖盘
2782,10:42:57,10.71,0.01,22,23562,买盘
2783,10:42:54,10.7,-0.01,18,19260,卖盘
2784,10:42:51,10.71,--,42,44982,买盘
2785,10:42:45,10.71,--,4,4284,买盘
2786,10:42:39,10.71,--,56,59976,买盘
2787,10:42:36,10.71,0.01,8,8568,买盘
2788,10:42:33,10.7,--,13,13909,卖盘
2789,10:42:30,10.7,--,26,27819,卖盘
2790,10:42:21,10.7,-0.01,13,13909,卖盘
2791,10:42:18,10.71,--,23,24633,买盘
2792,10:42:15,10.71,0.01,14,14994,买盘
2793,10:42:12,10.7,-0.01,34,36380,卖盘
2794,10:42:09,10.71,-0.01,297,318087,卖盘
2795,10:42:06,10.72,0.01,24,25728,买盘
2796,10:42:03,10.71,--,113,121023,卖盘
2797,10:42:00,10.71,-0.01,24,25704,买盘
2798,10:41:57,10.72,0.02,23,24656,买盘
2799,10:41:54,10.7,-0.01,10,10700,卖盘
2800,10:41:48,10.71,--,23,24633,买盘
2801,10:41:45,10.71,--,24,25704,买盘
2802,10:41:42,10.71,--,19,20349,买盘
2803,10:41:39,10.71,0.01,44,47124,买盘
2804,10:41:36,10.7,-0.01,25,26750,卖盘
2805,10:41:33,10.71,0.01,33,35343,买盘
2806,10:41:27,10.7,-0.01,42,44940,卖盘
2807,10:41:24,10.71,--,25,26775,买盘
2808,10:41:21,10.71,--,22,23562,卖盘
2809,10:41:18,10.71,0.01,11,11781,卖盘
2810,10:41:15,10.7,-0.02,49,52430,卖盘
2811,10:41:12,10.72,0.02,22,23584,买盘
2812,10:41:06,10.7,--,5,5350,卖盘
2813,10:41:03,10.7,-0.02,16,17120,卖盘
2814,10:41:00,10.72,--,88,94336,买盘
2815,10:40:54,10.72,--,6,6432,买盘
2816,10:40:51,10.72,--,25,26800,买盘
