,time,price,change,volume,amount,type
0,15:00:03,11.16,0.02,639,713124,买盘
1,14:57:00,11.14,-0.01,579,645006,卖盘
2,14:56:57,11.15,0.01,6,6690,买盘
3,14:56:54,11.14,--,107,119198,卖盘
4,14:56:51,11.14,--,31,34734,卖盘
5,14:56:48,11.14,-0.01,9,10026,卖盘
6,14:56:45,11.15,--,7,7805,买盘
7,14:56:42,11.15,--,5,5575,买盘
8,14:56:39,11.15,0.01,45,50175,买盘
9,14:56:36,11.14,-0.01,568,633275,卖盘
10,14:56:30,11.15,-0.01,40,44600,卖盘
11,14:56:27,11.16,0.01,1,1116,买盘
12,14:56:24,11.15,--,4,4460,卖盘
13,14:56:18,11.15,-0.01,3,3345,卖盘
14,14:56:15,11.16,0.01,10,11160,买盘
15,14:56:12,11.15,-0.02,74,82510,卖盘
16,14:56:09,11.17,0.01,9,10053,买盘
17,14:56:06,11.16,--,49,54684,卖盘
18,14:56:03,11.16,-0.01,10,11160,卖盘
19,14:56:00,11.17,0.01,1,1117,买盘
20,14:55:51,11.16,-0.02,333,371873,卖盘
21,14:55:48,11.18,0.01,36,40248,买盘
22,14:55:45,11.17,-0.01,38,42446,卖盘
23,14:55:42,11.18,--,31,34658,买盘
24,14:55:39,11.18,0.01,20,22360,买盘
25,14:55:27,11.17,0.01,243,272302,买盘
26,14:55:24,11.16,--,8,8928,买盘
27,14:55:21,11.16,--,2,2232,买盘
28,14:55:18,11.16,--,12,13392,卖盘
29,14:55:12,11.16,-0.01,10,11160,卖盘
30,14:55:09,11.17,0.01,1,1117,买盘
31,14:55:06,11.16,-0.01,10,11160,卖盘
32,14:55:03,11.17,--,136,151912,买盘
33,14:55:00,11.17,--,22,24574,买盘
34,14:54:57,11.17,--,1,1117,买盘
35,14:54:48,11.17,0.01,2,2234,买盘
36,14:54:45,11.16,-0.01,1,1116,卖盘
37,14:54:42,11.17,--,64,71488,买盘
38,14:54:39,11.17,0.01,85,94945,买盘
39,14:54:36,11.16,-0.01,18,20088,卖盘
40,14:54:33,11.17,--,2,2234,买盘
41,14:54:30,11.17,0.01,1,1117,买盘
42,14:54:27,11.16,-0.01,8,8928,卖盘
43,14:54:24,11.17,--,10,11170,买盘
44,14:54:18,11.17,0.01,3,3351,买盘
45,14:54:15,11.16,--,21,23436,卖盘
46,14:54:06,11.16,-0.01,25,27900,卖盘
47,14:54:03,11.17,--,46,51382,买盘
48,14:53:57,11.17,0.01,8,8936,买盘
49,14:53:54,11.16,-0.01,8,8928,卖盘
50,14:53:51,11.17,0.01,10,11170,买盘
51,14:53:48,11.16,0.01,22,24552,买盘
52,14:53:45,11.15,-0.01,21,23415,卖盘
53,14:53:42,11.16,-0.01,8,8928,卖盘
54,14:53:36,11.17,0.01,10,11170,买盘
55,14:53:33,11.16,--,72,80352,卖盘
56,14:53:30,11.16,--,16,17856,卖盘
57,14:53:27,11.16,--,12,13392,卖盘
58,14:53:24,11.16,0.01,27,30723,买盘
59,14:53:21,11.15,--,8,8920,卖盘
60,14:53:18,11.15,--,5,5575,卖盘
61,14:53:09,11.15,-0.01,23,25645,卖盘
62,14:53:06,11.16,--,23,25668,买盘
63,14:53:03,11.16,0.01,22,24552,买盘
64,14:53:00,11.15,-0.01,36,40664,卖盘
65,14:52:57,11.16,--,24,26784,卖盘
66,14:52:54,11.16,--,5,5580,卖盘
67,14:52:51,11.16,--,25,27900,卖盘
68,14:52:48,11.16,--,5,5580,卖盘
69,14:52:42,11.16,--,74,83175,买盘
70,14:52:39,11.16,--,2,2232,买盘
71,14:52:36,11.16,0.01,35,39060,买盘
72,14:52:33,11.15,--,5,5575,卖盘
73,14:52:30,11.15,-0.01,24,26760,卖盘
74,14:52:27,11.16,0.01,22,24552,买盘
75,14:52:24,11.15,--,131,146065,卖盘
76,14:52:21,11.15,--,2,2230,卖盘
77,14:52:15,11.15,-0.01,22,24530,卖盘
78,14:52:12,11.16,0.01,3,3348,买盘
79,14:52:09,11.15,--,86,95890,卖盘
80,14:52:06,11.15,--,27,30105,卖盘
81,14:52:03,11.15,--,17,18955,卖盘
82,14:52:00,11.15,-0.01,18,20070,卖盘
83,14:51:54,11.16,0.01,68,75888,买盘
84,14:51:51,11.15,--,1,1115,卖盘
85,14:51:48,11.15,--,47,52405,买盘
86,14:51:45,11.15,-0.01,8,8920,卖盘
87,14:51:42,11.16,--,257,286812,买盘
88,14:51:36,11.16,0.02,63,70308,买盘
89,14:51:33,11.14,-0.02,23,25622,卖盘
90,14:51:30,11.16,0.01,20,22320,买盘
91,14:51:27,11.15,0.01,46,51290,中性盘
92,14:51:24,11.14,-0.02,28,31192,卖盘
93,14:51:21,11.16,0.01,4,4464,买盘
94,14:51:18,11.15,-0.01,15,16725,卖盘
95,14:51:15,11.16,--,42,46872,买盘
96,14:51:12,11.16,0.01,11,12276,买盘
97,14:51:09,11.15,--,17,18955,卖盘
98,14:51:06,11.15,-0.01,10,11150,卖盘
99,14:51:03,11.16,0.01,40,44785,买盘
100,14:51:00,11.15,-0.01,2,2230,中性盘
101,14:50:48,11.16,0.01,124,138384,买盘
102,14:50:45,11.15,--,32,35680,中性盘
103,14:50:42,11.15,--,1,1115,中性盘
104,14:50:39,11.15,--,65,72475,买盘
105,14:50:36,11.15,--,100,111500,买盘
106,14:50:33,11.15,0.01,10,11150,买盘
107,14:50:30,11.14,-0.01,23,25622,卖盘
108,14:50:27,11.15,--,10,11150,买盘
109,14:50:24,11.15,0.01,5,5575,买盘
110,14:50:21,11.14,--,92,102488,卖盘
111,14:50:18,11.14,-0.01,7,8377,卖盘
112,14:50:15,11.15,--,95,105925,买盘
113,14:50:09,11.15,--,1,1115,买盘
114,14:50:03,11.15,0.01,65,72475,买盘
115,14:50:00,11.14,-0.01,3,3342,卖盘
116,14:49:57,11.15,--,11,12265,买盘
117,14:49:54,11.15,0.01,6,6690,买盘
118,14:49:51,11.14,--,24,27326,卖盘
119,14:49:48,11.14,-0.02,11,12254,卖盘
120,14:49:45,11.16,--,10,11160,买盘
121,14:49:42,11.16,--,17,18972,买盘
122,14:49:39,11.16,--,8,8928,买盘
123,14:49:36,11.16,0.01,102,113832,买盘
124,14:49:33,11.15,0.01,22,24530,买盘
125,14:49:30,11.14,--,33,36762,卖盘
126,14:49:27,11.14,0.01,82,91348,买盘
127,14:49:24,11.13,--,312,347256,卖盘
128,14:49:21,11.13,--,18,20034,卖盘
129,14:49:18,11.13,--,21,23373,卖盘
130,14:49:15,11.13,-0.01,372,414614,卖盘
131,14:49:06,11.14,--,4,4456,卖盘
132,14:49:03,11.14,--,10,11140,卖盘
133,14:49:00,11.14,--,22,24508,卖盘
134,14:48:57,11.14,--,31,35124,买盘
135,14:48:54,11.14,--,92,103011,卖盘
136,14:48:51,11.14,--,6,6684,卖盘
137,14:48:48,11.14,--,56,62974,卖盘
138,14:48:45,11.14,--,11,12254,卖盘
139,14:48:42,11.14,-0.01,3,3342,卖盘
140,14:48:39,11.15,0.01,21,23415,买盘
141,14:48:36,11.14,0.01,461,513554,中性盘
142,14:48:33,11.13,-0.01,176,195888,卖盘
143,14:48:30,11.14,-0.01,7,7798,卖盘
144,14:48:27,11.15,0.02,12,13380,买盘
145,14:48:24,11.13,--,101,112413,卖盘
146,14:48:21,11.13,--,3,3917,卖盘
147,14:48:18,11.13,-0.01,5,5565,卖盘
148,14:48:15,11.14,--,2,2228,买盘
149,14:48:12,11.14,--,1,1114,买盘
150,14:48:09,11.14,--,73,81322,买盘
151,14:48:06,11.14,--,2,2228,买盘
152,14:48:03,11.14,0.01,6,6684,买盘
153,14:48:00,11.13,--,16,17808,卖盘
154,14:47:57,11.13,-0.02,155,172515,卖盘
155,14:47:54,11.15,0.02,100,111500,买盘
156,14:47:48,11.13,--,5,5565,卖盘
157,14:47:45,11.13,-0.01,4,5041,卖盘
158,14:47:42,11.14,--,35,38990,买盘
159,14:47:39,11.14,-0.01,6,6684,卖盘
160,14:47:36,11.15,--,70,78050,买盘
161,14:47:33,11.15,--,2,2230,买盘
162,14:47:30,11.15,0.02,2,2230,买盘
163,14:47:27,11.13,-0.01,319,355047,卖盘
164,14:47:24,11.14,--,103,115321,买盘
165,14:47:21,11.14,-0.01,82,91348,卖盘
166,14:47:18,11.15,0.01,2,2230,买盘
167,14:47:12,11.14,--,11,12254,卖盘
168,14:47:09,11.14,--,32,35648,卖盘
169,14:47:06,11.14,-0.01,2,2228,卖盘
170,14:47:03,11.15,--,51,56865,卖盘
171,14:47:00,11.15,-0.01,91,101465,卖盘
172,14:46:54,11.16,0.01,3,3348,买盘
173,14:46:51,11.15,--,70,78050,买盘
174,14:46:48,11.15,0.01,19,21775,买盘
175,14:46:45,11.14,-0.01,15,16710,卖盘
176,14:46:42,11.15,--,1,1115,买盘
177,14:46:36,11.15,0.01,75,83625,中性盘
178,14:46:33,11.14,-0.02,25,27850,卖盘
179,14:46:30,11.16,0.02,39,43524,买盘
180,14:46:27,11.14,--,44,49016,买盘
181,14:46:24,11.14,0.01,2,2228,买盘
182,14:46:18,11.13,--,22,25064,卖盘
183,14:46:12,11.13,-0.02,19,21147,卖盘
184,14:46:09,11.15,0.02,27,30105,买盘
185,14:46:06,11.13,-0.03,62,69006,卖盘
186,14:46:03,11.16,0.01,288,321408,买盘
187,14:46:00,11.15,--,14,15610,买盘
188,14:45:57,11.15,0.02,7,7805,买盘
189,14:45:54,11.13,-0.01,6,6678,卖盘
190,14:45:51,11.14,-0.01,11,12254,卖盘
191,14:45:48,11.15,0.01,137,153334,买盘
192,14:45:45,11.14,--,20,22280,卖盘
193,14:45:42,11.14,-0.02,52,57928,卖盘
194,14:45:39,11.16,--,60,66960,买盘
195,14:45:36,11.16,0.03,110,122760,买盘
196,14:45:33,11.13,--,1,1113,卖盘
197,14:45:30,11.13,-0.02,105,117443,卖盘
198,14:45:27,11.15,0.01,408,454920,买盘
199,14:45:24,11.14,--,84,93576,卖盘
200,14:45:21,11.14,--,54,60746,卖盘
201,14:45:15,11.14,-0.01,31,34534,卖盘
202,14:45:12,11.15,--,144,161095,卖盘
203,14:45:09,11.15,--,10,11150,卖盘
204,14:45:06,11.15,-0.01,38,42370,卖盘
205,14:45:03,11.16,0.01,5,5580,买盘
206,14:45:00,11.15,-0.01,14,15610,卖盘
207,14:44:54,11.16,--,3,3928,买盘
208,14:44:51,11.16,0.01,23,25668,买盘
209,14:44:48,11.15,--,12,13380,卖盘
210,14:44:45,11.15,-0.01,4,4460,卖盘
211,14:44:42,11.16,0.01,70,78120,买盘
212,14:44:39,11.15,--,11,12265,卖盘
213,14:44:36,11.15,--,127,141605,卖盘
214,14:44:33,11.15,-0.01,10,11150,卖盘
215,14:44:30,11.16,0.01,4,4464,买盘
216,14:44:27,11.15,-0.01,2,2230,中性盘
217,14:44:24,11.16,0.02,112,124992,买盘
218,14:44:21,11.14,--,2,2818,卖盘
219,14:44:18,11.14,-0.01,48,53472,卖盘
220,14:44:15,11.15,0.01,2,2230,买盘
221,14:44:09,11.14,--,16,17824,卖盘
222,14:44:06,11.14,--,1,1114,卖盘
223,14:44:03,11.14,--,32,35648,卖盘
224,14:43:57,11.14,--,66,73524,卖盘
225,14:43:54,11.14,--,20,22280,卖盘
226,14:43:51,11.14,--,37,41218,卖盘
227,14:43:48,11.14,--,22,24508,卖盘
228,14:43:45,11.14,-0.01,4,5035,卖盘
229,14:43:39,11.15,0.01,231,257565,卖盘
230,14:43:36,11.14,-0.02,153,170442,卖盘
231,14:43:33,11.16,0.02,88,98208,买盘
232,14:43:30,11.14,--,35,38990,卖盘
233,14:43:27,11.14,--,19,21166,卖盘
234,14:43:24,11.14,--,25,27850,卖盘
235,14:43:21,11.14,-0.01,96,106944,卖盘
236,14:43:18,11.15,--,823,918235,买盘
237,14:43:15,11.15,0.01,10,11150,买盘
238,14:43:12,11.14,-0.01,250,278500,卖盘
239,14:43:09,11.15,0.01,122,136030,买盘
240,14:43:06,11.14,-0.02,26,28964,卖盘
241,14:43:03,11.16,0.01,4,4464,买盘
242,14:43:00,11.15,--,77,85855,卖盘
243,14:42:57,11.15,0.01,141,157215,买盘
244,14:42:51,11.14,--,4,5035,卖盘
245,14:42:45,11.14,--,27,30078,卖盘
246,14:42:42,11.14,-0.02,368,409952,卖盘
247,14:42:39,11.16,0.01,16,17856,买盘
248,14:42:36,11.15,-0.01,14,15610,卖盘
249,14:42:33,11.16,--,69,77004,买盘
250,14:42:30,11.16,0.01,21,23436,买盘
251,14:42:27,11.15,--,2,2230,卖盘
252,14:42:24,11.15,--,5,6165,卖盘
253,14:42:18,11.15,--,313,348995,卖盘
254,14:42:15,11.15,-0.01,3,3345,卖盘
255,14:42:09,11.16,0.01,10,11160,买盘
256,14:42:06,11.15,--,106,118190,卖盘
257,14:42:03,11.15,--,502,559730,卖盘
258,14:42:00,11.15,--,20,22300,卖盘
259,14:41:57,11.15,-0.01,364,406083,卖盘
260,14:41:54,11.16,0.01,4,4464,买盘
261,14:41:51,11.15,-0.01,280,312200,卖盘
262,14:41:48,11.16,0.01,14,15624,买盘
263,14:41:45,11.15,-0.01,35,39604,卖盘
264,14:41:42,11.16,-0.01,349,390008,卖盘
265,14:41:36,11.17,--,14,15638,买盘
266,14:41:33,11.17,0.01,86,96062,买盘
267,14:41:30,11.16,--,16,18447,买盘
268,14:41:27,11.16,--,13,15032,卖盘
269,14:41:24,11.16,-0.01,2,2823,中性盘
270,14:41:21,11.17,0.02,33,36861,买盘
271,14:41:18,11.15,-0.01,308,343420,卖盘
272,14:41:15,11.16,--,10,11160,卖盘
273,14:41:12,11.16,-0.01,339,378324,卖盘
274,14:41:09,11.17,0.01,5,5585,买盘
275,14:41:06,11.16,--,64,71424,卖盘
276,14:41:03,11.16,--,11,12276,卖盘
277,14:41:00,11.16,--,93,103788,卖盘
278,14:40:57,11.16,--,11,12276,卖盘
279,14:40:54,11.16,--,2,2812,卖盘
280,14:40:51,11.16,--,39,43524,卖盘
281,14:40:48,11.16,--,12,13392,卖盘
282,14:40:45,11.16,--,1,1116,卖盘
283,14:40:42,11.16,-0.01,30,33480,卖盘
284,14:40:39,11.17,--,2,2234,买盘
285,14:40:36,11.17,--,40,44680,买盘
286,14:40:33,11.17,--,30,33510,买盘
287,14:40:30,11.17,0.01,5,5585,买盘
288,14:40:27,11.16,--,201,224316,卖盘
289,14:40:24,11.16,-0.01,5,5580,卖盘
290,14:40:21,11.17,0.01,10,11170,买盘
291,14:40:18,11.16,--,16,17856,卖盘
292,14:40:15,11.16,-0.01,66,74760,卖盘
293,14:40:12,11.17,--,17,18989,买盘
294,14:40:09,11.17,0.01,16,17872,买盘
295,14:40:06,11.16,-0.01,97,108252,卖盘
296,14:40:03,11.17,--,2,2234,买盘
297,14:40:00,11.17,0.01,2,2234,买盘
298,14:39:54,11.16,--,57,63612,卖盘
299,14:39:48,11.16,--,11,12276,卖盘
300,14:39:45,11.16,--,1,2220,卖盘
301,14:39:42,11.16,-0.02,313,349308,卖盘
302,14:39:39,11.18,0.01,2,2236,买盘
303,14:39:36,11.17,-0.01,23,25691,卖盘
304,14:39:33,11.18,--,130,145340,买盘
305,14:39:30,11.18,--,114,127463,卖盘
306,14:39:27,11.18,--,8,8944,卖盘
307,14:39:24,11.18,-0.01,54,60372,卖盘
308,14:39:18,11.19,0.01,28,31332,买盘
309,14:39:15,11.18,--,17,20112,卖盘
310,14:39:12,11.18,--,20,22360,卖盘
311,14:39:09,11.18,--,11,12298,卖盘
312,14:39:06,11.18,--,21,23478,卖盘
313,14:38:57,11.18,--,14,15652,买盘
314,14:38:54,11.18,0.01,90,100620,买盘
315,14:38:51,11.17,--,214,239038,卖盘
316,14:38:45,11.17,--,1,1117,卖盘
317,14:38:42,11.17,-0.02,0,1105,卖盘
318,14:38:39,11.19,--,18,20142,买盘
319,14:38:36,11.19,0.01,30,33570,买盘
320,14:38:33,11.18,-0.01,114,127452,中性盘
321,14:38:27,11.19,0.02,72,80568,买盘
322,14:38:21,11.17,--,16,17872,卖盘
323,14:38:18,11.17,--,10,11170,卖盘
324,14:38:15,11.17,-0.02,9,10053,卖盘
325,14:38:12,11.19,0.02,60,68247,买盘
326,14:38:09,11.17,--,32,35744,买盘
327,14:38:06,11.17,-0.02,12,13404,中性盘
328,14:37:57,11.19,--,242,270809,卖盘
329,14:37:54,11.19,0.02,757,848190,买盘
330,14:37:51,11.17,--,44,49159,卖盘
331,14:37:48,11.17,--,1,2222,卖盘
332,14:37:45,11.17,-0.01,52,58084,卖盘
333,14:37:42,11.18,--,64,71552,买盘
334,14:37:39,11.18,0.01,1,1118,买盘
335,14:37:36,11.17,-0.01,3,3351,卖盘
336,14:37:33,11.18,0.02,75,83850,买盘
337,14:37:27,11.16,-0.01,21,23436,卖盘
338,14:37:24,11.17,--,3,3362,卖盘
339,14:37:21,11.17,-0.01,1,1117,卖盘
340,14:37:15,11.18,--,3,3354,买盘
341,14:37:12,11.18,--,38,43590,买盘
342,14:37:09,11.18,--,3,3354,买盘
343,14:37:06,11.18,0.01,95,106210,买盘
344,14:37:00,11.17,--,8,8936,买盘
345,14:36:57,11.17,--,21,23457,买盘
346,14:36:54,11.17,--,31,34627,买盘
347,14:36:48,11.17,0.01,2,2234,买盘
348,14:36:45,11.16,-0.01,63,71412,卖盘
349,14:36:42,11.17,--,61,68137,买盘
350,14:36:39,11.17,0.02,28,31276,买盘
351,14:36:36,11.15,-0.02,6,6690,卖盘
352,14:36:33,11.17,--,60,67020,买盘
353,14:36:30,11.17,0.02,22,24574,买盘
354,14:36:27,11.15,--,165,183975,卖盘
355,14:36:24,11.15,-0.01,40,44600,卖盘
356,14:36:21,11.16,--,2,2232,买盘
357,14:36:18,11.16,0.01,29,32364,买盘
358,14:36:15,11.15,--,28,31220,卖盘
359,14:36:12,11.15,--,31,35668,卖盘
360,14:36:09,11.15,-0.01,5,5575,卖盘
361,14:36:06,11.16,--,26,29016,买盘
362,14:36:03,11.16,0.01,338,377208,买盘
363,14:36:00,11.15,-0.01,301,335615,卖盘
364,14:35:54,11.16,-0.01,3,3348,卖盘
365,14:35:51,11.17,--,5,5585,买盘
366,14:35:48,11.17,0.01,26,29042,买盘
367,14:35:45,11.16,--,4,4464,卖盘
368,14:35:42,11.16,--,2,2232,卖盘
369,14:35:39,11.16,-0.01,13,15612,卖盘
370,14:35:36,11.17,--,1,1117,买盘
371,14:35:33,11.17,0.02,60,67020,买盘
372,14:35:30,11.15,-0.01,58,64670,卖盘
373,14:35:27,11.16,--,4,4464,卖盘
374,14:35:24,11.16,--,3,4441,买盘
375,14:35:21,11.16,--,86,95998,卖盘
376,14:35:15,11.16,--,822,918445,买盘
377,14:35:12,11.16,0.01,54,61246,买盘
378,14:35:09,11.15,-0.01,11,12265,卖盘
379,14:35:06,11.16,0.01,178,198648,买盘
380,14:35:03,11.15,-0.01,15,16725,卖盘
381,14:35:00,11.16,0.01,41,45756,买盘
382,14:34:57,11.15,--,69,76935,买盘
383,14:34:54,11.15,--,47,52405,买盘
384,14:34:51,11.15,--,154,171710,卖盘
385,14:34:48,11.15,--,288,322223,卖盘
386,14:34:45,11.15,--,63,70245,卖盘
387,14:34:42,11.15,-0.01,280,312200,卖盘
388,14:34:39,11.16,0.01,53,59148,买盘
389,14:34:36,11.15,-0.01,3,3345,卖盘
390,14:34:33,11.16,--,70,78120,买盘
391,14:34:30,11.16,0.01,10,11160,买盘
392,14:34:27,11.15,--,103,114845,卖盘
393,14:34:24,11.15,--,782,871930,卖盘
394,14:34:21,11.15,-0.01,28,31220,卖盘
395,14:34:18,11.16,0.01,8,8928,买盘
396,14:34:15,11.15,--,4,5563,卖盘
397,14:34:12,11.15,-0.01,1,1115,卖盘
398,14:34:09,11.16,--,64,71424,买盘
399,14:34:06,11.16,--,25,27900,买盘
400,14:34:03,11.16,0.01,2,2232,买盘
401,14:34:00,11.15,-0.02,26,29012,卖盘
402,14:33:57,11.17,0.01,24,26808,买盘
403,14:33:51,11.16,-0.01,20,22320,卖盘
404,14:33:45,11.17,0.01,89,99413,买盘
405,14:33:42,11.16,-0.01,127,142836,卖盘
406,14:33:39,11.17,--,4,4468,买盘
407,14:33:36,11.17,--,10,11170,买盘
408,14:33:33,11.17,--,108,120636,买盘
409,14:33:30,11.17,--,19,21223,买盘
410,14:33:27,11.17,0.01,99,110583,买盘
411,14:33:24,11.16,--,400,446400,卖盘
412,14:33:21,11.16,-0.01,14,15624,卖盘
413,14:33:18,11.17,0.01,2,2234,买盘
414,14:33:15,11.16,--,16,17856,卖盘
415,14:33:12,11.16,--,17,20076,卖盘
416,14:33:09,11.16,-0.01,35,39060,卖盘
417,14:33:06,11.17,-0.01,80,89438,卖盘
418,14:33:03,11.18,0.01,3,3354,买盘
419,14:33:00,11.17,--,21,23457,卖盘
420,14:32:57,11.17,--,18,20106,卖盘
421,14:32:54,11.17,--,1,1117,卖盘
422,14:32:51,11.17,--,10,11170,卖盘
423,14:32:45,11.17,--,61,69242,卖盘
424,14:32:42,11.17,--,22,24574,卖盘
425,14:32:39,11.17,-0.01,234,261378,卖盘
426,14:32:33,11.18,0.01,82,91676,买盘
427,14:32:30,11.17,-0.01,29,32393,卖盘
428,14:32:27,11.18,--,37,41410,卖盘
429,14:32:24,11.18,--,2,2236,卖盘
430,14:32:21,11.18,-0.01,13,14534,卖盘
431,14:32:18,11.19,0.01,64,71616,买盘
432,14:32:15,11.18,--,0,1106,卖盘
433,14:32:12,11.18,-0.01,53,59254,卖盘
434,14:32:09,11.19,--,2,2238,买盘
435,14:32:06,11.19,0.01,28,31332,买盘
436,14:32:03,11.18,--,62,69316,卖盘
437,14:31:54,11.18,-0.01,12,13416,卖盘
438,14:31:51,11.19,0.01,79,88401,买盘
439,14:31:48,11.18,--,10,11180,卖盘
440,14:31:45,11.18,--,2,2236,卖盘
441,14:31:42,11.18,-0.01,5,6696,卖盘
442,14:31:39,11.19,0.01,4,4476,买盘
443,14:31:33,11.18,-0.01,150,167700,卖盘
444,14:31:27,11.19,0.01,27,30213,买盘
445,14:31:24,11.18,-0.01,2,2236,卖盘
446,14:31:21,11.19,0.01,15,16785,买盘
447,14:31:15,11.18,--,28,31304,卖盘
448,14:31:12,11.18,-0.01,0,1106,卖盘
449,14:31:09,11.19,-0.01,76,85044,中性盘
450,14:31:06,11.2,0.02,54,60479,买盘
451,14:30:57,11.18,--,175,195650,卖盘
452,14:30:51,11.18,--,1,1118,卖盘
453,14:30:48,11.18,--,101,114024,卖盘
454,14:30:45,11.18,-0.01,2,2236,卖盘
455,14:30:42,11.19,--,7,7833,买盘
456,14:30:39,11.19,--,1,1119,买盘
457,14:30:36,11.19,--,14,15666,买盘
458,14:30:33,11.19,0.01,60,67140,买盘
459,14:30:30,11.18,-0.02,177,197886,卖盘
460,14:30:27,11.2,--,37,41440,买盘
461,14:30:21,11.2,0.03,45,50400,买盘
462,14:30:18,11.17,-0.03,9,10053,卖盘
463,14:30:15,11.2,--,2,2240,买盘
464,14:30:12,11.2,0.02,45,51508,买盘
465,14:30:09,11.18,-0.02,2,2236,中性盘
466,14:30:06,11.2,--,42,47040,买盘
467,14:30:03,11.2,--,89,99680,买盘
468,14:30:00,11.2,0.03,20,22400,买盘
469,14:29:51,11.17,-0.03,6,6702,卖盘
470,14:29:45,11.2,--,5,6708,买盘
471,14:29:42,11.2,--,15,16800,买盘
472,14:29:39,11.2,0.02,158,176960,买盘
473,14:29:36,11.18,-0.02,2,2236,中性盘
474,14:29:33,11.2,0.03,60,67200,买盘
475,14:29:30,11.17,-0.02,28,31276,卖盘
476,14:29:27,11.19,0.01,22,24618,买盘
477,14:29:21,11.18,-0.01,1,1118,卖盘
478,14:29:18,11.19,0.01,2,2238,买盘
479,14:29:15,11.18,-0.01,0,1106,卖盘
480,14:29:09,11.19,-0.01,11,12309,中性盘
481,14:29:06,11.2,--,128,143360,买盘
482,14:29:00,11.2,--,10,11200,买盘
483,14:28:51,11.2,0.03,32,35840,买盘
484,14:28:45,11.17,--,2,2234,卖盘
485,14:28:39,11.17,-0.03,15,17860,卖盘
486,14:28:33,11.2,0.01,100,112000,买盘
487,14:28:30,11.19,--,8,8952,卖盘
488,14:28:27,11.19,-0.01,1,1119,卖盘
489,14:28:21,11.2,--,4,4480,买盘
490,14:28:15,11.2,0.02,971,1088617,买盘
491,14:28:12,11.18,0.01,31,34658,买盘
492,14:28:09,11.17,--,3,3351,买盘
493,14:28:06,11.17,0.01,89,99413,买盘
494,14:28:03,11.16,--,235,262260,卖盘
495,14:28:00,11.16,-0.01,33,36828,卖盘
496,14:27:54,11.17,--,13,14521,买盘
497,14:27:51,11.17,--,28,31287,卖盘
498,14:27:48,11.17,--,7,7819,卖盘
499,14:27:45,11.17,--,3,3351,卖盘
500,14:27:42,11.17,--,0,1105,卖盘
501,14:27:39,11.17,-0.01,9,10053,卖盘
502,14:27:33,11.18,--,60,67080,买盘
503,14:27:30,11.18,0.02,100,111800,买盘
504,14:27:27,11.16,-0.01,10,11160,卖盘
505,14:27:21,11.17,0.01,2,2234,中性盘
506,14:27:18,11.16,--,1,2220,卖盘
507,14:27:15,11.16,--,41,45756,卖盘
508,14:27:12,11.16,-0.02,1,1116,卖盘
509,14:27:09,11.18,--,3,3354,买盘
510,14:27:06,11.18,0.02,65,72670,买盘
511,14:27:03,11.16,-0.02,20,22320,卖盘
512,14:27:00,11.18,--,34,38012,买盘
513,14:26:57,11.18,0.02,2,2236,买盘
514,14:26:54,11.16,--,15,16740,卖盘
515,14:26:51,11.16,--,32,35712,卖盘
516,14:26:48,11.16,--,21,23436,卖盘
517,14:26:45,11.16,--,52,59136,卖盘
518,14:26:42,11.16,-0.02,51,56916,卖盘
519,14:26:39,11.18,--,4,4472,买盘
520,14:26:36,11.18,--,29,32422,买盘
521,14:26:33,11.18,--,111,124098,买盘
522,14:26:30,11.18,0.02,5,5590,买盘
523,14:26:27,11.16,-0.02,277,309132,卖盘
524,14:26:24,11.18,0.01,67,74906,买盘
525,14:26:21,11.17,0.01,51,58072,买盘
526,14:26:18,11.16,-0.01,17,18972,卖盘
527,14:26:12,11.17,0.01,10,12275,买盘
528,14:26:09,11.16,-0.02,69,77015,卖盘
529,14:26:06,11.18,--,25,27950,买盘
530,14:26:03,11.18,0.01,2,2236,买盘
531,14:26:00,11.17,--,46,51382,卖盘
532,14:25:57,11.17,--,2,2234,卖盘
533,14:25:54,11.17,--,52,58084,卖盘
534,14:25:51,11.17,--,1,1117,卖盘
535,14:25:48,11.17,--,6,6702,卖盘
536,14:25:45,11.17,--,4,5573,卖盘
537,14:25:42,11.17,--,19,22328,买盘
538,14:25:39,11.17,--,38,42457,卖盘
539,14:25:36,11.17,-0.01,2,2234,卖盘
540,14:25:33,11.18,0.01,81,90558,买盘
541,14:25:27,11.17,--,99,110583,卖盘
542,14:25:21,11.17,--,14,15638,卖盘
543,14:25:18,11.17,--,1,1117,卖盘
544,14:25:15,11.17,--,7,7819,卖盘
545,14:25:12,11.17,--,0,1105,卖盘
546,14:25:09,11.17,--,30,33510,买盘
547,14:25:06,11.17,0.01,49,54733,买盘
548,14:25:00,11.16,-0.01,18,20088,卖盘
549,14:24:57,11.17,0.01,3,3351,买盘
550,14:24:54,11.16,--,11,12276,卖盘
551,14:24:51,11.16,--,51,56916,卖盘
552,14:24:48,11.16,--,1,1116,卖盘
553,14:24:45,11.16,--,27,30132,卖盘
554,14:24:42,11.16,-0.01,15,16740,卖盘
555,14:24:39,11.17,--,67,75944,卖盘
556,14:24:36,11.17,0.01,4,4468,卖盘
557,14:24:33,11.16,-0.01,54,60264,卖盘
558,14:24:30,11.17,0.01,83,92711,买盘
559,14:24:27,11.16,--,335,373860,卖盘
560,14:24:24,11.16,-0.01,6,6696,卖盘
561,14:24:21,11.17,--,111,123987,买盘
562,14:24:18,11.17,0.01,26,29042,买盘
563,14:24:15,11.16,-0.01,6,6696,卖盘
564,14:24:12,11.17,0.01,16,18977,买盘
565,14:24:09,11.16,-0.01,82,91512,卖盘
566,14:24:06,11.17,--,28,31276,买盘
567,14:24:03,11.17,--,162,181344,卖盘
568,14:24:00,11.17,--,6,6702,卖盘
569,14:23:54,11.17,--,20,22340,卖盘
570,14:23:51,11.17,--,48,53616,卖盘
571,14:23:48,11.17,-0.01,9,10053,卖盘
572,14:23:45,11.18,--,28,32410,买盘
573,14:23:42,11.18,0.01,19,21242,买盘
574,14:23:39,11.17,--,75,83775,卖盘
575,14:23:36,11.17,--,7,7819,卖盘
576,14:23:33,11.17,-0.01,4,4468,卖盘
577,14:23:30,11.18,0.01,293,327574,买盘
578,14:23:27,11.17,--,45,50265,卖盘
579,14:23:24,11.17,--,6,6702,卖盘
580,14:23:21,11.17,-0.01,1,1117,卖盘
581,14:23:18,11.18,--,6,6708,买盘
582,14:23:15,11.18,--,40,45826,买盘
583,14:23:12,11.18,0.01,49,54782,买盘
584,14:23:09,11.17,-0.01,4,4468,卖盘
585,14:23:06,11.18,--,23,25714,买盘
586,14:23:03,11.18,0.01,18,20124,买盘
587,14:22:57,11.17,--,13,14521,卖盘
588,14:22:54,11.17,--,7,7819,卖盘
589,14:22:51,11.17,-0.01,1,1117,卖盘
590,14:22:48,11.18,0.01,56,62608,买盘
591,14:22:45,11.17,--,5,5585,卖盘
592,14:22:42,11.17,-0.01,7,7819,卖盘
593,14:22:39,11.18,-0.01,3,4460,中性盘
594,14:22:36,11.19,0.02,21,23499,买盘
595,14:22:33,11.17,--,2,2234,卖盘
596,14:22:30,11.17,--,97,108349,卖盘
597,14:22:27,11.17,-0.02,227,253559,卖盘
598,14:22:24,11.19,0.02,7,7833,买盘
599,14:22:21,11.17,--,34,37978,卖盘
600,14:22:18,11.17,--,4,4468,卖盘
601,14:22:15,11.17,--,0,1105,卖盘
602,14:22:12,11.17,--,49,54733,卖盘
603,14:22:09,11.17,-0.02,93,103881,卖盘
604,14:22:06,11.19,--,24,26856,买盘
605,14:22:03,11.19,--,2,2238,买盘
606,14:22:00,11.19,--,6,6714,买盘
607,14:21:57,11.19,0.02,9,10071,买盘
608,14:21:54,11.17,--,106,118402,卖盘
609,14:21:51,11.17,-0.02,1,1117,卖盘
610,14:21:48,11.19,0.02,285,318915,买盘
611,14:21:45,11.17,-0.01,33,36861,卖盘
612,14:21:42,11.18,--,0,1106,卖盘
613,14:21:39,11.18,--,9,11146,买盘
614,14:21:36,11.18,--,25,27950,买盘
615,14:21:33,11.18,--,30,33540,买盘
616,14:21:30,11.18,--,74,82732,买盘
617,14:21:27,11.18,0.01,2,2236,买盘
618,14:21:24,11.17,-0.01,18,20106,卖盘
619,14:21:21,11.18,--,12,13416,买盘
620,14:21:18,11.18,0.01,46,51428,买盘
621,14:21:15,11.17,-0.01,7,8924,卖盘
622,14:21:12,11.18,--,17,19006,买盘
623,14:21:09,11.18,0.01,14,15652,买盘
624,14:21:06,11.17,--,43,48031,卖盘
625,14:21:03,11.17,--,90,100530,卖盘
626,14:21:00,11.17,-0.01,68,75956,卖盘
627,14:20:57,11.18,0.01,1,1118,买盘
628,14:20:54,11.17,--,15,16755,卖盘
629,14:20:51,11.17,-0.01,7,7819,卖盘
630,14:20:48,11.18,0.01,14,15652,买盘
631,14:20:45,11.17,-0.01,6,7807,卖盘
632,14:20:42,11.18,0.01,34,38012,买盘
633,14:20:39,11.17,--,1,1117,卖盘
634,14:20:36,11.17,-0.01,142,158669,卖盘
635,14:20:30,11.18,0.01,112,125216,买盘
636,14:20:27,11.17,-0.01,289,322813,卖盘
637,14:20:24,11.18,--,38,42484,买盘
638,14:20:21,11.18,--,256,286241,卖盘
639,14:20:18,11.18,-0.01,7,7826,卖盘
640,14:20:15,11.19,0.01,1,1119,买盘
641,14:20:12,11.18,--,3,3354,卖盘
642,14:20:09,11.18,--,9,11168,卖盘
643,14:20:06,11.18,--,23,25714,卖盘
644,14:20:00,11.18,--,5,5590,卖盘
645,14:19:57,11.18,--,9,10062,卖盘
646,14:19:54,11.18,-0.01,4,4472,卖盘
647,14:19:51,11.19,0.01,22,24618,买盘
648,14:19:48,11.18,--,2,2236,卖盘
649,14:19:45,11.18,-0.01,14,15652,卖盘
650,14:19:42,11.19,0.01,1,1119,买盘
651,14:19:39,11.18,--,0,1106,卖盘
652,14:19:36,11.18,-0.01,6,6708,卖盘
653,14:19:30,11.19,0.01,62,69378,买盘
654,14:19:27,11.18,--,11,12298,卖盘
655,14:19:24,11.18,--,6,6708,卖盘
656,14:19:21,11.18,-0.02,1,1118,卖盘
657,14:19:18,11.2,0.02,156,174720,买盘
658,14:19:15,11.18,--,1,1118,卖盘
659,14:19:12,11.18,--,9,10062,卖盘
660,14:19:09,11.18,-0.02,215,241476,卖盘
661,14:19:06,11.2,0.02,25,28000,买盘
662,14:19:03,11.18,-0.02,7,7826,卖盘
663,14:19:00,11.2,--,3,3360,买盘
664,14:18:57,11.2,0.02,17,19040,买盘
665,14:18:51,11.18,--,7,7826,卖盘
666,14:18:48,11.18,-0.01,1,1118,卖盘
667,14:18:45,11.19,-0.01,6,6714,卖盘
668,14:18:42,11.2,0.02,4,5588,买盘
669,14:18:39,11.18,-0.02,21,23478,中性盘
670,14:18:33,11.2,--,7,7839,买盘
671,14:18:30,11.2,0.03,156,174720,买盘
672,14:18:27,11.17,-0.01,710,794064,卖盘
673,14:18:24,11.18,-0.01,302,337636,卖盘
674,14:18:21,11.19,0.01,5,5595,中性盘
675,14:18:18,11.18,--,13,14534,卖盘
676,14:18:15,11.18,--,0,1106,卖盘
677,14:18:12,11.18,--,31,34658,卖盘
678,14:18:09,11.18,-0.02,241,269438,卖盘
679,14:18:06,11.2,--,46,51520,买盘
680,14:18:00,11.2,0.01,1,1120,买盘
681,14:17:57,11.19,--,6,6714,卖盘
682,14:17:51,11.19,--,1,1119,卖盘
683,14:17:48,11.19,--,1,1119,卖盘
684,14:17:45,11.19,0.01,8,10059,中性盘
685,14:17:42,11.18,-0.01,33,36894,卖盘
686,14:17:39,11.19,-0.01,2,2238,中性盘
687,14:17:36,11.2,0.02,2,2240,买盘
688,14:17:33,11.18,-0.02,6,6708,卖盘
689,14:17:30,11.2,--,60,67200,买盘
690,14:17:27,11.2,0.02,11,13294,买盘
691,14:17:24,11.18,-0.02,6,6708,卖盘
692,14:17:21,11.2,--,32,35840,买盘
693,14:17:18,11.2,0.02,3,3360,买盘
694,14:17:12,11.18,--,22,24596,卖盘
695,14:17:09,11.18,--,9,11168,卖盘
696,14:17:06,11.18,-0.02,5,5590,卖盘
697,14:17:03,11.2,0.02,40,44800,买盘
698,14:17:00,11.18,--,9,10062,卖盘
699,14:16:57,11.18,-0.02,239,267202,卖盘
700,14:16:54,11.2,0.01,13,14559,买盘
701,14:16:51,11.19,--,6,6714,卖盘
702,14:16:48,11.19,--,1,2226,卖盘
703,14:16:45,11.19,-0.01,2,2238,卖盘
704,14:16:42,11.2,--,6,6720,买盘
705,14:16:39,11.2,-0.01,7,7839,中性盘
706,14:16:27,11.21,0.03,131,146851,买盘
707,14:16:24,11.18,-0.01,245,273910,卖盘
708,14:16:18,11.19,0.01,1,2226,买盘
709,14:16:15,11.18,-0.01,9,10062,卖盘
710,14:16:12,11.19,0.01,69,77211,买盘
711,14:16:09,11.18,--,125,139750,卖盘
712,14:16:06,11.18,-0.02,587,656266,卖盘
713,14:16:03,11.2,0.01,2,2240,买盘
714,14:15:54,11.19,--,7,7833,卖盘
715,14:15:51,11.19,--,33,36927,卖盘
716,14:15:48,11.19,--,258,288702,卖盘
717,14:15:45,11.19,-0.01,36,40284,卖盘
718,14:15:42,11.2,-0.01,7,7839,卖盘
719,14:15:39,11.21,0.01,7,7847,买盘
720,14:15:36,11.2,--,14,15679,卖盘
721,14:15:33,11.2,-0.01,6,6720,卖盘
722,14:15:30,11.21,--,17,19057,买盘
723,14:15:27,11.21,--,75,84075,买盘
724,14:15:24,11.21,0.01,10,11210,买盘
725,14:15:21,11.2,-0.01,23,25760,卖盘
726,14:15:18,11.21,--,2,2242,买盘
727,14:15:15,11.21,0.01,30,33630,买盘
728,14:15:12,11.2,0.01,94,105280,买盘
729,14:15:09,11.19,--,22,24618,卖盘
730,14:15:06,11.19,--,77,86163,卖盘
731,14:15:00,11.19,-0.01,7,7833,卖盘
732,14:14:57,11.2,0.01,47,52640,买盘
733,14:14:54,11.19,-0.01,59,66021,卖盘
734,14:14:48,11.2,0.01,10,11200,买盘
735,14:14:45,11.19,-0.01,1,1119,卖盘
736,14:14:42,11.2,0.01,25,28000,中性盘
737,14:14:39,11.19,-0.01,159,177921,卖盘
738,14:14:36,11.2,0.01,5,5600,买盘
739,14:14:33,11.19,-0.02,44,49236,卖盘
740,14:14:30,11.21,--,36,40356,买盘
741,14:14:27,11.21,0.01,54,60534,买盘
742,14:14:24,11.2,--,25,28000,买盘
743,14:14:21,11.2,--,2,2240,买盘
744,14:14:15,11.2,-0.01,166,186715,卖盘
745,14:14:12,11.21,0.01,31,34751,买盘
746,14:14:09,11.2,--,5,5600,卖盘
747,14:14:06,11.2,--,266,298424,卖盘
748,14:14:03,11.2,-0.01,79,88928,卖盘
749,14:14:00,11.21,0.01,25,28025,买盘
750,14:13:57,11.2,--,43,48160,卖盘
751,14:13:54,11.2,--,9,10080,卖盘
752,14:13:51,11.2,--,144,161772,买盘
753,14:13:48,11.2,0.01,100,112000,买盘
754,14:13:45,11.19,-0.01,26,29094,卖盘
755,14:13:42,11.2,--,8,8960,买盘
756,14:13:39,11.2,--,48,53760,买盘
757,14:13:36,11.2,--,1,1120,买盘
758,14:13:33,11.2,0.01,7,7839,买盘
759,14:13:30,11.19,-0.01,51,57069,卖盘
760,14:13:27,11.2,0.01,162,181440,买盘
761,14:13:24,11.19,-0.01,7,7833,卖盘
762,14:13:21,11.2,--,12,13440,买盘
763,14:13:18,11.2,0.01,50,56000,买盘
764,14:13:15,11.19,-0.01,32,35808,卖盘
765,14:13:12,11.2,0.01,10,11200,买盘
766,14:13:09,11.19,--,49,54831,卖盘
767,14:13:06,11.19,-0.01,24,26856,卖盘
768,14:13:03,11.2,--,13,14559,买盘
769,14:13:00,11.2,0.01,23,25760,买盘
770,14:12:57,11.19,--,16,17904,卖盘
771,14:12:54,11.19,--,20,22380,卖盘
772,14:12:48,11.19,--,7,7833,卖盘
773,14:12:45,11.19,--,1,1119,卖盘
774,14:12:42,11.19,--,6,6714,卖盘
775,14:12:39,11.19,--,185,207015,买盘
776,14:12:36,11.19,0.01,12,13428,买盘
777,14:12:33,11.18,-0.01,6,6708,卖盘
778,14:12:30,11.19,--,21,23499,买盘
779,14:12:27,11.19,0.01,64,71616,买盘
780,14:12:24,11.18,--,6,6708,卖盘
781,14:12:18,11.18,--,2,2236,卖盘
782,14:12:15,11.18,-0.01,107,119626,卖盘
783,14:12:09,11.19,0.01,3,3357,买盘
784,14:12:06,11.18,--,23,25714,卖盘
785,14:12:03,11.18,-0.01,128,143104,卖盘
786,14:12:00,11.19,--,37,41403,买盘
787,14:11:57,11.19,--,1,1119,买盘
788,14:11:54,11.19,0.01,41,45879,买盘
789,14:11:51,11.18,--,1,1118,卖盘
790,14:11:48,11.18,0.01,5,5590,中性盘
791,14:11:45,11.17,-0.01,79,88243,卖盘
792,14:11:42,11.18,--,27,30186,买盘
793,14:11:39,11.18,--,54,60372,买盘
794,14:11:36,11.18,0.01,12,13416,买盘
795,14:11:33,11.17,--,13,14521,卖盘
796,14:11:30,11.17,-0.01,7,7819,卖盘
797,14:11:27,11.18,--,67,74906,买盘
798,14:11:24,11.18,0.01,3,3354,买盘
799,14:11:21,11.17,--,139,155263,卖盘
800,14:11:18,11.17,-0.01,13,14521,卖盘
801,14:11:15,11.18,--,54,60372,买盘
802,14:11:09,11.18,0.01,8,8944,买盘
803,14:11:06,11.17,-0.01,59,65903,卖盘
804,14:11:03,11.18,--,21,23478,买盘
805,14:11:00,11.18,0.01,127,141986,买盘
806,14:10:57,11.17,--,30,33510,卖盘
807,14:10:54,11.17,--,140,156380,卖盘
808,14:10:48,11.17,--,8,8936,卖盘
809,14:10:45,11.17,-0.01,22,24574,卖盘
810,14:10:39,11.18,--,18,20124,买盘
811,14:10:36,11.18,0.01,86,96148,买盘
812,14:10:33,11.17,-0.01,687,767379,卖盘
813,14:10:27,11.18,0.01,63,70434,买盘
814,14:10:24,11.17,--,7,7819,卖盘
815,14:10:21,11.17,--,58,64786,卖盘
816,14:10:18,11.17,-0.01,138,154146,卖盘
817,14:10:15,11.18,0.01,69,77142,买盘
818,14:10:12,11.17,-0.01,21,23457,卖盘
819,14:10:09,11.18,0.01,3,3354,买盘
820,14:10:06,11.17,-0.01,28,31276,卖盘
821,14:10:03,11.18,--,7,7826,买盘
822,14:10:00,11.18,--,121,135278,买盘
823,14:09:57,11.18,--,26,29068,卖盘
824,14:09:54,11.18,--,31,34658,卖盘
825,14:09:51,11.18,--,133,148694,买盘
826,14:09:48,11.18,--,161,180366,卖盘
827,14:09:45,11.18,-0.01,1,1118,卖盘
828,14:09:42,11.19,--,9,10071,买盘
829,14:09:39,11.19,0.01,28,31332,买盘
830,14:09:33,11.18,--,29,32422,卖盘
831,14:09:30,11.18,--,111,124098,卖盘
832,14:09:27,11.18,-0.01,72,80496,卖盘
833,14:09:21,11.19,0.01,165,184635,买盘
834,14:09:18,11.18,--,148,165464,卖盘
835,14:09:15,11.18,--,10,11180,卖盘
836,14:09:12,11.18,-0.01,79,88322,卖盘
837,14:09:09,11.19,0.01,31,34689,买盘
838,14:09:06,11.18,-0.01,91,101738,卖盘
839,14:09:00,11.19,--,178,199182,卖盘
840,14:08:57,11.19,0.01,118,132042,中性盘
841,14:08:54,11.18,-0.01,1048,1171664,卖盘
842,14:08:51,11.19,0.01,47,52593,买盘
843,14:08:48,11.18,--,29,32422,卖盘
844,14:08:45,11.18,-0.01,78,87204,卖盘
845,14:08:42,11.19,--,352,393888,卖盘
846,14:08:39,11.19,--,481,538239,卖盘
847,14:08:36,11.19,--,356,398364,卖盘
848,14:08:33,11.19,--,7,7833,卖盘
849,14:08:30,11.19,--,17,19023,卖盘
850,14:08:27,11.19,--,86,96234,卖盘
851,14:08:24,11.19,--,31,34689,卖盘
852,14:08:21,11.19,-0.01,47,52593,卖盘
853,14:08:18,11.2,--,71,79520,买盘
854,14:08:15,11.2,--,139,156307,卖盘
855,14:08:12,11.2,--,53,59863,卖盘
856,14:08:09,11.2,--,104,117364,卖盘
857,14:08:06,11.2,--,26,29119,卖盘
858,14:08:03,11.2,-0.01,90,101024,卖盘
859,14:08:00,11.21,--,24,26904,买盘
860,14:07:57,11.21,0.01,1,1121,买盘
861,14:07:54,11.2,--,55,61599,卖盘
862,14:07:51,11.2,0.01,11,12320,中性盘
863,14:07:48,11.19,-0.01,258,288702,卖盘
864,14:07:45,11.2,-0.01,21,23520,中性盘
865,14:07:42,11.21,--,1,1121,买盘
866,14:07:39,11.21,0.02,19,21299,买盘
867,14:07:33,11.19,-0.02,74,82806,卖盘
868,14:07:30,11.21,--,117,131157,卖盘
869,14:07:27,11.21,0.01,313,350873,买盘
870,14:07:24,11.2,--,739,827680,卖盘
871,14:07:21,11.2,-0.02,1381,1547067,卖盘
872,14:07:18,11.22,0.01,69,77418,买盘
873,14:07:15,11.21,0.01,17,19057,卖盘
874,14:07:12,11.2,--,72,80640,卖盘
875,14:07:06,11.2,-0.01,61,68320,卖盘
876,14:07:03,11.21,-0.01,5,5605,卖盘
877,14:06:57,11.22,0.01,77,86394,买盘
878,14:06:54,11.21,-0.01,7,7847,卖盘
879,14:06:51,11.22,--,6,6732,买盘
880,14:06:48,11.22,--,58,65076,买盘
881,14:06:45,11.22,--,48,53856,买盘
882,14:06:42,11.22,--,2,2244,买盘
883,14:06:39,11.22,--,3,3366,买盘
884,14:06:36,11.22,0.02,20,22440,买盘
885,14:06:33,11.2,-0.02,270,302400,卖盘
886,14:06:27,11.22,0.01,58,65076,买盘
887,14:06:24,11.21,--,154,172634,卖盘
888,14:06:21,11.21,-0.01,43,48203,卖盘
889,14:06:18,11.22,0.02,207,232254,买盘
890,14:06:15,11.2,-0.01,45,50400,卖盘
891,14:06:12,11.21,--,20,22420,买盘
892,14:06:09,11.21,--,182,204022,买盘
893,14:06:06,11.21,-0.01,206,230926,卖盘
894,14:06:03,11.22,0.01,30,33660,买盘
895,14:06:00,11.21,--,56,62776,卖盘
896,14:05:57,11.21,0.01,40,44840,中性盘
897,14:05:48,11.2,--,6,6720,卖盘
898,14:05:45,11.2,--,14,15679,卖盘
899,14:05:42,11.2,-0.02,103,115359,卖盘
900,14:05:39,11.22,--,43,48246,买盘
901,14:05:36,11.22,--,69,77418,买盘
902,14:05:33,11.22,0.01,1,1122,买盘
903,14:05:27,11.21,-0.01,39,43719,卖盘
904,14:05:24,11.22,0.02,72,80784,买盘
905,14:05:21,11.2,--,1,1120,卖盘
906,14:05:18,11.2,-0.02,132,147840,卖盘
907,14:05:12,11.22,--,23,25806,买盘
908,14:05:09,11.22,0.02,5,5610,买盘
909,14:05:06,11.2,-0.01,29,32479,卖盘
910,14:05:03,11.21,--,2,2242,买盘
911,14:05:00,11.21,-0.01,160,179360,卖盘
912,14:04:57,11.22,--,70,78540,买盘
913,14:04:54,11.22,0.01,46,51612,买盘
914,14:04:48,11.21,--,1,1121,卖盘
915,14:04:45,11.21,--,1,1121,卖盘
916,14:04:42,11.21,--,16,17936,卖盘
917,14:04:33,11.21,--,10,11210,卖盘
918,14:04:27,11.21,--,92,103132,卖盘
919,14:04:21,11.21,-0.01,31,34751,卖盘
920,14:04:18,11.22,--,2,2244,买盘
921,14:04:12,11.22,0.01,6,6732,买盘
922,14:04:09,11.21,0.01,19,21299,中性盘
923,14:04:06,11.2,-0.03,5,5600,卖盘
924,14:04:03,11.23,0.02,241,270643,买盘
925,14:04:00,11.21,-0.02,6,6726,卖盘
926,14:03:57,11.23,--,1,1123,买盘
927,14:03:54,11.23,--,112,125776,买盘
928,14:03:51,11.23,0.02,62,69626,买盘
929,14:03:48,11.21,0.01,20,22420,中性盘
930,14:03:45,11.2,-0.03,1,1120,卖盘
931,14:03:42,11.23,0.03,39,43797,买盘
932,14:03:39,11.2,-0.01,555,621600,卖盘
933,14:03:36,11.21,-0.01,29,32509,卖盘
934,14:03:33,11.22,0.02,1,1122,买盘
935,14:03:27,11.2,-0.02,7,7839,卖盘
936,14:03:24,11.22,0.02,61,68442,买盘
937,14:03:21,11.2,-0.02,429,480479,卖盘
938,14:03:15,11.22,0.02,16,17952,买盘
939,14:03:12,11.2,-0.02,184,206080,卖盘
940,14:03:09,11.22,-0.01,3,3366,中性盘
941,14:03:06,11.23,0.02,26,29198,买盘
942,14:03:03,11.21,--,39,43719,卖盘
943,14:03:00,11.21,--,304,340784,卖盘
944,14:02:57,11.21,--,2,2242,卖盘
945,14:02:54,11.21,-0.01,7,7847,卖盘
946,14:02:51,11.22,0.01,5,5610,买盘
947,14:02:48,11.21,--,102,114342,卖盘
948,14:02:45,11.21,--,24,26904,卖盘
949,14:02:42,11.21,-0.02,7,7847,卖盘
950,14:02:39,11.23,--,10,11230,买盘
951,14:02:36,11.23,--,101,113423,买盘
952,14:02:33,11.23,0.02,1,1123,买盘
953,14:02:30,11.21,--,11,12331,卖盘
954,14:02:27,11.21,-0.02,6,6726,卖盘
955,14:02:24,11.23,0.02,153,171819,买盘
956,14:02:21,11.21,-0.02,6,6726,卖盘
957,14:02:18,11.23,0.01,40,44920,买盘
958,14:02:15,11.22,-0.01,1,1122,中性盘
959,14:02:12,11.23,--,20,22460,买盘
960,14:02:09,11.23,0.02,20,22460,买盘
961,14:02:06,11.21,-0.01,51,57171,卖盘
962,14:02:03,11.22,0.01,1,1122,买盘
963,14:01:57,11.21,-0.01,69,77349,卖盘
964,14:01:51,11.22,0.01,15,16830,买盘
965,14:01:48,11.21,--,6,6726,卖盘
966,14:01:45,11.21,-0.01,1,1121,卖盘
967,14:01:42,11.22,--,37,41514,买盘
968,14:01:39,11.22,0.01,1,1122,买盘
969,14:01:36,11.21,--,13,14573,卖盘
970,14:01:33,11.21,-0.01,55,61655,卖盘
971,14:01:27,11.22,--,6,6732,买盘
972,14:01:24,11.22,--,67,75174,买盘
973,14:01:21,11.22,--,21,23562,买盘
974,14:01:18,11.22,--,10,11220,买盘
975,14:01:15,11.22,0.01,3,3366,买盘
976,14:01:12,11.21,--,13,14573,卖盘
977,14:01:09,11.21,-0.01,80,89680,卖盘
978,14:01:06,11.22,0.01,42,47124,买盘
979,14:01:03,11.21,-0.01,27,30267,卖盘
980,14:01:00,11.22,0.01,16,17952,买盘
981,14:00:57,11.21,--,4,4484,卖盘
982,14:00:54,11.21,--,12,13452,卖盘
983,14:00:51,11.21,-0.01,6,6726,卖盘
984,14:00:48,11.22,0.01,12,13464,买盘
985,14:00:45,11.21,-0.01,4,4484,卖盘
986,14:00:42,11.22,0.01,117,131274,买盘
987,14:00:39,11.21,--,7,7847,卖盘
988,14:00:36,11.21,--,2,2242,卖盘
989,14:00:33,11.21,-0.01,54,60534,卖盘
990,14:00:30,11.22,0.01,9,10098,买盘
991,14:00:27,11.21,-0.01,9,10089,卖盘
992,14:00:24,11.22,0.02,60,67320,买盘
993,14:00:21,11.2,-0.02,6,6720,卖盘
994,14:00:18,11.22,--,84,94248,买盘
995,14:00:15,11.22,--,1,1122,买盘
996,14:00:09,11.22,0.01,58,65076,买盘
997,14:00:06,11.21,--,87,97527,卖盘
998,14:00:03,11.21,--,9,10089,卖盘
999,14:00:00,11.21,--,16,17936,卖盘
1000,13:59:57,11.21,--,8,8968,卖盘
1001,13:59:54,11.21,--,83,93043,卖盘
1002,13:59:51,11.21,-0.01,9,10089,卖盘
1003,13:59:48,11.22,0.01,37,41514,买盘
1004,13:59:45,11.21,--,19,21299,卖盘
1005,13:59:42,11.21,-0.01,85,95285,卖盘
1006,13:59:39,11.22,0.01,1,1122,买盘
1007,13:59:36,11.21,-0.01,7,7847,卖盘
1008,13:59:33,11.22,0.02,18,20196,买盘
1009,13:59:30,11.2,--,5,5600,卖盘
1010,13:59:27,11.2,-0.01,100,112000,卖盘
1011,13:59:24,11.21,-0.01,69,77349,卖盘
1012,13:59:18,11.22,0.01,6,6732,买盘
1013,13:59:15,11.21,0.01,7,7847,中性盘
1014,13:59:12,11.2,-0.01,88,98963,卖盘
1015,13:59:09,11.21,0.01,10,11210,买盘
1016,13:59:06,11.2,--,22,24640,卖盘
1017,13:59:03,11.2,-0.01,164,183680,卖盘
1018,13:59:00,11.21,--,72,80712,买盘
1019,13:58:57,11.21,--,1,1121,买盘
1020,13:58:54,11.21,--,215,241732,卖盘
1021,13:58:51,11.21,--,7,7847,卖盘
1022,13:58:45,11.21,-0.01,46,51566,卖盘
1023,13:58:42,11.22,--,5,5610,买盘
1024,13:58:39,11.22,0.01,111,124542,买盘
1025,13:58:36,11.21,-0.01,47,52687,卖盘
1026,13:58:33,11.22,--,6,6732,买盘
1027,13:58:30,11.22,--,49,54978,买盘
1028,13:58:27,11.22,--,9,10098,买盘
1029,13:58:24,11.22,0.01,60,67320,买盘
1030,13:58:18,11.21,--,20,22420,卖盘
1031,13:58:15,11.21,--,3,3363,卖盘
1032,13:58:12,11.21,-0.01,56,62776,卖盘
1033,13:58:09,11.22,0.01,1,1122,买盘
1034,13:58:06,11.21,-0.02,12,13452,卖盘
1035,13:58:03,11.23,--,10,11230,买盘
1036,13:58:00,11.23,--,4,4492,买盘
1037,13:57:57,11.23,0.01,11,12353,买盘
1038,13:57:54,11.22,--,14,15708,买盘
1039,13:57:51,11.22,0.01,45,50490,买盘
1040,13:57:48,11.21,--,57,63897,卖盘
1041,13:57:45,11.21,-0.01,7,7847,卖盘
1042,13:57:42,11.22,--,4,4488,买盘
1043,13:57:36,11.22,0.01,44,49368,买盘
1044,13:57:33,11.21,-0.01,7,7847,卖盘
1045,13:57:30,11.22,--,3,3366,买盘
1046,13:57:27,11.22,-0.01,21,23562,卖盘
1047,13:57:24,11.23,0.02,81,90963,买盘
1048,13:57:21,11.21,--,37,41477,卖盘
1049,13:57:12,11.21,--,7,7847,卖盘
1050,13:57:06,11.21,-0.01,8,8968,卖盘
1051,13:57:03,11.22,0.01,21,23562,中性盘
1052,13:57:00,11.21,-0.01,7,7847,卖盘
1053,13:56:57,11.22,0.01,1,1122,买盘
1054,13:56:54,11.21,--,41,45961,卖盘
1055,13:56:48,11.21,--,5,5605,卖盘
1056,13:56:45,11.21,-0.02,14,15694,卖盘
1057,13:56:42,11.23,0.02,1,1123,买盘
1058,13:56:39,11.21,-0.02,57,63897,卖盘
1059,13:56:36,11.23,--,1,1123,买盘
1060,13:56:33,11.23,0.01,10,11230,买盘
1061,13:56:30,11.22,0.01,1,1122,买盘
1062,13:56:27,11.21,-0.01,91,102011,卖盘
1063,13:56:24,11.22,0.01,73,81906,买盘
1064,13:56:18,11.21,-0.01,22,24662,卖盘
1065,13:56:15,11.22,--,28,31416,买盘
1066,13:56:12,11.22,--,27,30294,买盘
1067,13:56:06,11.22,0.01,42,47124,买盘
1068,13:56:03,11.21,--,53,59413,卖盘
1069,13:56:00,11.21,--,4,4484,卖盘
1070,13:55:57,11.21,--,2,2242,卖盘
1071,13:55:54,11.21,-0.01,60,67260,卖盘
1072,13:55:51,11.22,--,3,3366,买盘
1073,13:55:48,11.22,0.01,8,8976,买盘
1074,13:55:45,11.21,--,3,3363,卖盘
1075,13:55:42,11.21,-0.01,34,38114,卖盘
1076,13:55:39,11.22,--,51,57222,买盘
1077,13:55:36,11.22,-0.01,4,4488,中性盘
1078,13:55:33,11.23,--,10,11230,买盘
1079,13:55:30,11.23,0.02,4,4492,买盘
1080,13:55:27,11.21,-0.02,1,1121,卖盘
1081,13:55:24,11.23,0.02,79,88717,买盘
1082,13:55:21,11.21,-0.02,6,6726,卖盘
1083,13:55:15,11.23,0.02,1,1123,买盘
1084,13:55:12,11.21,-0.02,128,143488,卖盘
1085,13:55:09,11.23,0.02,28,31444,买盘
1086,13:55:06,11.21,--,47,52687,卖盘
1087,13:55:03,11.21,-0.01,201,225321,卖盘
1088,13:55:00,11.22,-0.01,7,7854,卖盘
1089,13:54:57,11.23,0.01,5,5615,买盘
1090,13:54:48,11.22,0.01,72,80784,中性盘
1091,13:54:45,11.21,-0.02,21,23541,卖盘
1092,13:54:42,11.23,0.02,17,19091,买盘
1093,13:54:36,11.21,-0.02,10,11210,卖盘
1094,13:54:33,11.23,--,4,4492,买盘
1095,13:54:30,11.23,0.02,44,50321,买盘
1096,13:54:27,11.21,--,8,8968,卖盘
1097,13:54:24,11.21,-0.03,133,149093,卖盘
1098,13:54:21,11.24,0.01,66,74184,买盘
1099,13:54:18,11.23,0.02,2,2246,买盘
1100,13:54:15,11.21,-0.02,8,8968,卖盘
1101,13:54:09,11.23,0.02,83,94096,买盘
1102,13:54:06,11.21,-0.02,22,24662,卖盘
1103,13:54:03,11.23,--,20,22460,买盘
1104,13:54:00,11.23,0.02,1,1123,买盘
1105,13:53:57,11.21,-0.02,82,91922,卖盘
1106,13:53:54,11.23,0.02,17,19091,买盘
1107,13:53:51,11.21,--,1,1121,卖盘
1108,13:53:48,11.21,-0.02,42,47082,卖盘
1109,13:53:45,11.23,0.02,11,12353,买盘
1110,13:53:42,11.21,-0.02,83,93043,卖盘
1111,13:53:39,11.23,--,3,3369,买盘
1112,13:53:36,11.23,0.02,9,10107,买盘
1113,13:53:33,11.21,-0.02,60,67260,卖盘
1114,13:53:30,11.23,0.02,2,2246,买盘
1115,13:53:27,11.21,--,2,2242,卖盘
1116,13:53:24,11.21,-0.02,68,76228,卖盘
1117,13:53:21,11.23,--,60,67380,买盘
1118,13:53:18,11.23,0.01,3,3369,买盘
1119,13:53:12,11.22,--,2,2244,买盘
1120,13:53:09,11.22,0.01,73,81906,买盘
1121,13:53:06,11.21,-0.02,23,25783,卖盘
1122,13:53:03,11.23,0.01,65,72995,买盘
1123,13:53:00,11.22,0.01,12,13464,买盘
1124,13:52:57,11.21,--,4,4484,卖盘
1125,13:52:54,11.21,--,5,5605,卖盘
1126,13:52:51,11.21,--,8,8968,卖盘
1127,13:52:45,11.21,--,1,1121,卖盘
1128,13:52:42,11.21,-0.01,207,232047,卖盘
1129,13:52:39,11.22,--,29,32538,卖盘
1130,13:52:36,11.22,--,41,46002,买盘
1131,13:52:33,11.22,-0.02,97,108834,卖盘
1132,13:52:30,11.24,--,80,89920,买盘
1133,13:52:27,11.24,--,13,14612,买盘
1134,13:52:24,11.24,--,4,4496,买盘
1135,13:52:21,11.24,0.02,104,116896,买盘
1136,13:52:18,11.22,--,40,44880,卖盘
1137,13:52:15,11.22,-0.01,41,46002,卖盘
1138,13:52:12,11.23,--,4,4492,买盘
1139,13:52:09,11.23,0.01,1,1123,买盘
1140,13:52:06,11.22,-0.02,9,10098,卖盘
1141,13:52:03,11.24,--,25,28100,买盘
1142,13:52:00,11.24,--,3,3372,买盘
1143,13:51:57,11.24,0.01,9,10116,买盘
1144,13:51:54,11.23,--,49,55027,买盘
1145,13:51:51,11.23,0.01,6,6738,买盘
1146,13:51:48,11.22,-0.01,2,2244,卖盘
1147,13:51:45,11.23,--,26,29198,买盘
1148,13:51:42,11.23,--,1,1123,买盘
1149,13:51:39,11.23,--,5,5615,买盘
1150,13:51:36,11.23,0.01,60,67380,买盘
1151,13:51:33,11.22,-0.01,4,4488,卖盘
1152,13:51:30,11.23,0.01,1,1123,买盘
1153,13:51:27,11.22,-0.01,59,66198,卖盘
1154,13:51:21,11.23,0.01,61,68503,买盘
1155,13:51:18,11.22,--,42,47124,卖盘
1156,13:51:09,11.22,0.01,2,2244,买盘
1157,13:51:06,11.21,--,22,24662,卖盘
1158,13:51:03,11.21,-0.01,31,34751,卖盘
1159,13:51:00,11.22,-0.01,31,34782,卖盘
1160,13:50:57,11.23,--,3,3369,买盘
1161,13:50:54,11.23,--,18,20214,买盘
1162,13:50:51,11.23,0.01,1,1123,买盘
1163,13:50:48,11.22,--,2,2244,卖盘
1164,13:50:45,11.22,-0.01,5,5610,中性盘
1165,13:50:42,11.23,--,1,1123,买盘
1166,13:50:33,11.23,--,1,1123,买盘
1167,13:50:30,11.23,0.02,4,4492,买盘
1168,13:50:27,11.21,-0.01,77,86317,卖盘
1169,13:50:21,11.22,--,73,81906,卖盘
1170,13:50:18,11.22,0.01,5,5610,卖盘
1171,13:50:12,11.21,-0.01,16,17936,卖盘
1172,13:50:09,11.22,0.01,51,57222,买盘
1173,13:50:06,11.21,--,30,33630,卖盘
1174,13:50:03,11.21,-0.01,27,30267,卖盘
1175,13:50:00,11.22,--,21,23562,买盘
1176,13:49:57,11.22,-0.01,1,1122,买盘
1177,13:49:54,11.23,0.02,1,1123,卖盘
1178,13:49:51,11.21,-0.03,7,7847,卖盘
1179,13:49:48,11.24,0.03,14,15736,买盘
1180,13:49:45,11.21,-0.02,1,1121,卖盘
1181,13:49:42,11.23,-0.01,1,1123,中性盘
1182,13:49:33,11.24,--,4,4496,买盘
1183,13:49:30,11.24,0.03,7,7868,买盘
1184,13:49:27,11.21,--,2,2242,卖盘
1185,13:49:24,11.21,-0.03,57,63897,卖盘
1186,13:49:21,11.24,--,61,68564,买盘
1187,13:49:18,11.24,0.02,28,31472,买盘
1188,13:49:09,11.22,0.01,16,17952,买盘
1189,13:49:06,11.21,--,25,28025,卖盘
1190,13:48:57,11.21,-0.03,106,118826,卖盘
1191,13:48:48,11.24,0.03,1,1124,买盘
1192,13:48:45,11.21,-0.03,209,234289,卖盘
1193,13:48:42,11.24,0.02,20,22480,买盘
1194,13:48:39,11.22,-0.02,5,5610,卖盘
1195,13:48:36,11.24,0.02,2,2248,买盘
1196,13:48:33,11.22,-0.02,43,48246,卖盘
1197,13:48:30,11.24,0.02,1,1124,买盘
1198,13:48:27,11.22,-0.02,2,2244,卖盘
1199,13:48:21,11.24,--,88,98912,买盘
1200,13:48:18,11.24,--,2,2248,买盘
1201,13:48:09,11.24,0.02,45,50580,买盘
1202,13:48:06,11.22,-0.02,22,24684,卖盘
1203,13:48:03,11.24,--,20,22480,买盘
1204,13:48:00,11.24,--,3,3372,买盘
1205,13:47:57,11.24,--,1,1124,买盘
1206,13:47:51,11.24,0.01,1,1124,买盘
1207,13:47:45,11.23,-0.01,1,1123,卖盘
1208,13:47:42,11.24,0.02,28,31472,买盘
1209,13:47:39,11.22,-0.02,46,51612,卖盘
1210,13:47:36,11.24,--,4,4496,买盘
1211,13:47:33,11.24,--,1,1124,买盘
1212,13:47:30,11.24,0.02,3,3372,买盘
1213,13:47:27,11.22,-0.02,1,1122,卖盘
1214,13:47:21,11.24,--,1,1124,买盘
1215,13:47:18,11.24,--,72,80928,买盘
1216,13:47:12,11.24,--,32,35968,买盘
1217,13:47:09,11.24,0.02,15,16860,买盘
1218,13:47:06,11.22,-0.02,23,25806,卖盘
1219,13:46:57,11.24,0.01,13,14612,买盘
1220,13:46:51,11.23,--,1,1123,买盘
1221,13:46:48,11.23,0.01,46,51658,买盘
1222,13:46:45,11.22,--,11,12342,卖盘
1223,13:46:42,11.22,0.01,40,44880,买盘
1224,13:46:33,11.21,-0.01,8,8968,卖盘
1225,13:46:30,11.22,--,2,2244,中性盘
1226,13:46:27,11.22,0.01,1,1122,卖盘
1227,13:46:24,11.21,-0.03,108,121068,卖盘
1228,13:46:21,11.24,0.01,60,67440,买盘
1229,13:46:18,11.23,--,3,3369,买盘
1230,13:46:15,11.23,0.01,12,13476,买盘
1231,13:46:12,11.22,-0.01,19,21318,卖盘
1232,13:46:09,11.23,0.01,3,3369,买盘
1233,13:46:06,11.22,-0.01,24,26928,卖盘
1234,13:46:03,11.23,0.01,3,3369,买盘
1235,13:46:00,11.22,-0.01,100,112200,卖盘
1236,13:45:57,11.23,-0.01,32,35936,卖盘
1237,13:45:51,11.24,--,10,11240,买盘
1238,13:45:48,11.24,0.01,3,3372,买盘
1239,13:45:45,11.23,--,25,28075,买盘
1240,13:45:42,11.23,--,1,1123,买盘
1241,13:45:39,11.23,--,18,20214,买盘
1242,13:45:36,11.23,0.02,2,2246,买盘
1243,13:45:33,11.21,-0.02,90,100890,卖盘
1244,13:45:30,11.23,--,9,10107,买盘
1245,13:45:27,11.23,--,4,4492,买盘
1246,13:45:24,11.23,-0.01,68,76364,卖盘
1247,13:45:21,11.24,--,2,2248,买盘
1248,13:45:18,11.24,0.01,67,75308,买盘
1249,13:45:15,11.23,-0.01,14,15722,卖盘
1250,13:45:09,11.24,0.02,334,375416,买盘
1251,13:45:06,11.22,-0.01,33,37026,卖盘
1252,13:45:03,11.23,--,90,101070,买盘
1253,13:44:57,11.23,0.01,36,40428,买盘
1254,13:44:54,11.22,-0.01,11,12342,卖盘
1255,13:44:51,11.23,--,1,1123,买盘
1256,13:44:48,11.23,0.01,1,1123,买盘
1257,13:44:45,11.22,--,10,11220,卖盘
1258,13:44:42,11.22,-0.01,582,653004,卖盘
1259,13:44:39,11.23,-0.02,65,72995,卖盘
1260,13:44:36,11.25,0.02,29,32625,买盘
1261,13:44:33,11.23,--,7,7861,卖盘
1262,13:44:30,11.23,--,5,5615,卖盘
1263,13:44:27,11.23,-0.02,7,7861,卖盘
1264,13:44:24,11.25,0.02,8,9000,买盘
1265,13:44:21,11.23,-0.02,8,8984,卖盘
1266,13:44:18,11.25,--,88,99000,买盘
1267,13:44:15,11.25,0.01,24,27000,买盘
1268,13:44:12,11.24,--,12,13488,买盘
1269,13:44:09,11.24,0.01,1,1124,买盘
1270,13:44:06,11.23,-0.02,5,5615,卖盘
1271,13:44:03,11.25,0.01,2,2250,买盘
1272,13:44:00,11.24,-0.01,8,8992,卖盘
1273,13:43:57,11.25,--,4,4500,买盘
1274,13:43:51,11.25,0.03,1,1125,买盘
1275,13:43:48,11.22,-0.03,44,49368,卖盘
1276,13:43:45,11.25,--,24,27000,买盘
1277,13:43:39,11.25,--,14,15750,买盘
1278,13:43:36,11.25,0.01,26,29250,买盘
1279,13:43:30,11.24,--,6,6744,买盘
1280,13:43:27,11.24,0.02,14,15736,买盘
1281,13:43:24,11.22,-0.02,49,54978,卖盘
1282,13:43:18,11.24,0.02,60,67440,买盘
1283,13:43:15,11.22,-0.02,8,8976,卖盘
1284,13:43:09,11.24,0.02,1,1124,买盘
1285,13:43:06,11.22,-0.02,30,33660,卖盘
1286,13:43:03,11.24,--,1,1124,买盘
1287,13:43:00,11.24,--,3,3372,买盘
1288,13:42:57,11.24,0.01,1,1124,买盘
1289,13:42:54,11.23,-0.01,106,119038,卖盘
1290,13:42:51,11.24,--,1,1124,买盘
1291,13:42:48,11.24,0.01,3,3372,买盘
1292,13:42:45,11.23,--,27,30321,卖盘
1293,13:42:42,11.23,--,12,13476,买盘
1294,13:42:39,11.23,-0.01,1,1123,买盘
1295,13:42:36,11.24,--,1,1124,买盘
1296,13:42:33,11.24,0.02,12,13488,买盘
1297,13:42:30,11.22,--,169,189618,卖盘
1298,13:42:27,11.22,--,69,77418,卖盘
1299,13:42:21,11.22,-0.02,38,42636,卖盘
1300,13:42:18,11.24,--,32,35968,买盘
1301,13:42:15,11.24,0.02,51,57324,买盘
1302,13:42:09,11.22,--,9,10098,卖盘
1303,13:42:06,11.22,--,27,30294,卖盘
1304,13:42:03,11.22,-0.02,52,58344,卖盘
1305,13:42:00,11.24,--,12,13488,买盘
1306,13:41:57,11.24,0.02,1,1124,买盘
1307,13:41:51,11.22,--,70,78540,卖盘
1308,13:41:48,11.22,--,9,10098,卖盘
1309,13:41:45,11.22,-0.02,23,25806,卖盘
1310,13:41:42,11.24,--,3,3372,买盘
1311,13:41:39,11.24,0.01,64,71936,买盘
1312,13:41:36,11.23,-0.01,18,20214,卖盘
1313,13:41:33,11.24,0.01,45,50580,买盘
1314,13:41:27,11.23,-0.01,9,10107,中性盘
1315,13:41:18,11.24,0.02,66,74184,买盘
1316,13:41:15,11.22,--,7,7854,卖盘
1317,13:41:12,11.22,-0.01,40,44880,卖盘
1318,13:41:09,11.23,0.01,7,7861,买盘
1319,13:41:06,11.22,--,23,25806,卖盘
1320,13:41:03,11.22,--,39,43758,卖盘
1321,13:41:00,11.22,-0.01,5,5610,卖盘
1322,13:40:57,11.23,0.01,1,1123,买盘
1323,13:40:54,11.22,--,8,8976,卖盘
1324,13:40:51,11.22,-0.01,10,11220,卖盘
1325,13:40:48,11.23,0.01,38,42674,买盘
1326,13:40:45,11.22,--,1,1122,卖盘
1327,13:40:42,11.22,--,14,15708,卖盘
1328,13:40:39,11.22,-0.01,11,12342,卖盘
1329,13:40:36,11.23,0.01,51,57273,买盘
1330,13:40:33,11.22,--,7,7854,卖盘
1331,13:40:27,11.22,--,1,1122,卖盘
1332,13:40:24,11.22,--,48,53856,卖盘
1333,13:40:21,11.22,-0.02,8,8976,卖盘
1334,13:40:18,11.24,--,60,67440,买盘
1335,13:40:12,11.24,--,2,2248,买盘
1336,13:40:09,11.24,0.02,8,8992,买盘
1337,13:40:06,11.22,--,24,26928,卖盘
1338,13:40:00,11.22,-0.01,10,11220,卖盘
1339,13:39:57,11.23,0.01,1,1123,买盘
1340,13:39:54,11.22,-0.02,44,49368,卖盘
1341,13:39:48,11.24,0.01,15,16860,买盘
1342,13:39:45,11.23,-0.01,5,5615,卖盘
1343,13:39:42,11.24,0.01,5,5620,买盘
1344,13:39:36,11.23,-0.01,7,7861,中性盘
1345,13:39:30,11.24,0.02,68,76432,买盘
1346,13:39:27,11.22,--,57,63954,卖盘
1347,13:39:24,11.22,-0.02,8,8976,卖盘
1348,13:39:18,11.24,0.02,62,69688,买盘
1349,13:39:15,11.22,-0.02,9,10098,卖盘
1350,13:39:12,11.24,0.02,7,7868,买盘
1351,13:39:09,11.22,--,15,16830,卖盘
1352,13:39:06,11.22,--,23,25806,卖盘
1353,13:39:03,11.22,-0.02,64,71808,卖盘
1354,13:38:57,11.24,0.01,1,1124,买盘
1355,13:38:54,11.23,--,7,7861,卖盘
1356,13:38:51,11.23,-0.01,8,8984,卖盘
1357,13:38:48,11.24,0.01,4,4496,买盘
1358,13:38:45,11.23,0.01,4,4492,中性盘
1359,13:38:42,11.22,--,7,7854,卖盘
1360,13:38:39,11.22,-0.01,137,153714,卖盘
1361,13:38:30,11.23,--,9,10107,卖盘
1362,13:38:27,11.23,-0.01,2,2246,卖盘
1363,13:38:21,11.24,0.01,3,3372,买盘
1364,13:38:18,11.23,-0.01,37,41551,卖盘
1365,13:38:15,11.24,0.01,30,33720,买盘
1366,13:38:12,11.23,-0.01,64,71872,卖盘
1367,13:38:09,11.24,0.01,12,13488,买盘
1368,13:38:06,11.23,-0.01,30,33690,卖盘
1369,13:38:03,11.24,--,24,26976,买盘
1370,13:37:57,11.24,--,9,10116,买盘
1371,13:37:54,11.24,--,3,3372,买盘
1372,13:37:45,11.24,--,21,23604,买盘
1373,13:37:42,11.24,0.01,27,30348,买盘
1374,13:37:36,11.23,0.01,2,2246,买盘
1375,13:37:33,11.22,--,152,170544,卖盘
1376,13:37:27,11.22,-0.02,6,6732,卖盘
1377,13:37:24,11.24,--,11,12364,买盘
1378,13:37:21,11.24,0.01,20,22480,买盘
1379,13:37:15,11.23,0.01,89,99947,买盘
1380,13:37:12,11.22,--,28,31416,卖盘
1381,13:37:09,11.22,-0.01,33,37026,卖盘
1382,13:37:06,11.23,--,25,28075,买盘
1383,13:37:03,11.23,0.01,2,2246,买盘
1384,13:37:00,11.22,-0.01,18,20196,卖盘
1385,13:36:57,11.23,--,3,3369,买盘
1386,13:36:51,11.23,--,32,35936,买盘
1387,13:36:48,11.23,0.01,1,1123,买盘
1388,13:36:45,11.22,-0.01,1,1122,卖盘
1389,13:36:39,11.23,--,10,11230,买盘
1390,13:36:36,11.23,--,4,4492,买盘
1391,13:36:33,11.23,--,49,55027,买盘
1392,13:36:30,11.23,0.01,3,3369,买盘
1393,13:36:27,11.22,-0.01,9,10098,卖盘
1394,13:36:18,11.23,--,10,11230,买盘
1395,13:36:15,11.23,--,112,125776,买盘
1396,13:36:12,11.23,--,30,33690,买盘
1397,13:36:09,11.23,0.01,1,1123,买盘
1398,13:36:06,11.22,-0.01,39,43758,卖盘
1399,13:36:03,11.23,-0.01,136,152728,卖盘
1400,13:36:00,11.24,--,2,2248,买盘
1401,13:35:57,11.24,--,10,11240,买盘
1402,13:35:54,11.24,--,27,30348,买盘
1403,13:35:51,11.24,--,1,1124,买盘
1404,13:35:48,11.24,0.01,1,1124,买盘
1405,13:35:45,11.23,-0.01,8,8984,卖盘
1406,13:35:39,11.24,--,6,6744,买盘
1407,13:35:36,11.24,0.01,72,80928,买盘
1408,13:35:33,11.23,--,11,12353,卖盘
1409,13:35:27,11.23,--,1,1123,卖盘
1410,13:35:24,11.23,-0.02,8,8984,卖盘
1411,13:35:18,11.25,0.01,31,34875,买盘
1412,13:35:15,11.24,0.01,49,55076,买盘
1413,13:35:12,11.23,-0.01,8,8984,卖盘
1414,13:35:09,11.24,0.01,1,1124,买盘
1415,13:35:06,11.23,-0.01,22,24706,卖盘
1416,13:35:03,11.24,0.01,27,30348,买盘
1417,13:35:00,11.23,-0.01,17,19091,卖盘
1418,13:34:57,11.24,--,1,1124,买盘
1419,13:34:51,11.24,0.01,70,78680,买盘
1420,13:34:48,11.23,--,24,26952,卖盘
1421,13:34:45,11.23,--,34,38182,卖盘
1422,13:34:39,11.23,-0.01,47,52781,卖盘
1423,13:34:36,11.24,0.01,7,7868,买盘
1424,13:34:27,11.23,-0.01,32,35936,卖盘
1425,13:34:24,11.24,0.01,5,5620,买盘
1426,13:34:18,11.23,-0.01,71,79733,卖盘
1427,13:34:15,11.24,--,1,1124,买盘
1428,13:34:09,11.24,0.01,27,30348,买盘
1429,13:34:06,11.23,-0.01,30,33690,卖盘
1430,13:34:03,11.24,0.01,3,3372,中性盘
1431,13:34:00,11.23,-0.02,1,1123,卖盘
1432,13:33:57,11.25,0.02,1,1125,买盘
1433,13:33:54,11.23,-0.02,7,7861,卖盘
1434,13:33:48,11.25,0.01,27,30375,买盘
1435,13:33:45,11.24,--,9,10116,卖盘
1436,13:33:42,11.24,-0.01,10,11240,卖盘
1437,13:33:39,11.25,0.01,12,13500,买盘
1438,13:33:36,11.24,--,2,2248,卖盘
1439,13:33:33,11.24,--,8,8992,卖盘
1440,13:33:27,11.24,-0.01,2,2248,卖盘
1441,13:33:24,11.25,--,28,31500,买盘
1442,13:33:21,11.25,--,1,1125,买盘
1443,13:33:15,11.25,--,60,67500,买盘
1444,13:33:12,11.25,--,30,33750,买盘
1445,13:33:09,11.25,0.01,1,1125,买盘
1446,13:33:06,11.24,-0.01,33,37092,卖盘
1447,13:33:03,11.25,0.01,26,29250,买盘
1448,13:33:00,11.24,-0.01,8,8992,卖盘
1449,13:32:57,11.25,--,13,14625,买盘
1450,13:32:54,11.25,0.01,1,1125,买盘
1451,13:32:51,11.24,--,4,4496,卖盘
1452,13:32:48,11.24,--,9,10116,卖盘
1453,13:32:45,11.24,--,5,5620,卖盘
1454,13:32:36,11.24,--,7,7868,卖盘
1455,13:32:30,11.24,--,26,29224,卖盘
1456,13:32:27,11.24,--,10,11240,卖盘
1457,13:32:24,11.24,-0.01,3,3372,卖盘
1458,13:32:21,11.25,--,18,20250,买盘
1459,13:32:18,11.25,--,1,1125,买盘
1460,13:32:15,11.25,0.01,68,76500,买盘
1461,13:32:12,11.24,0.01,10,11240,买盘
1462,13:32:09,11.23,-0.01,12,13476,卖盘
1463,13:32:06,11.24,0.01,23,25852,中性盘
1464,13:32:03,11.23,--,15,16845,卖盘
1465,13:32:00,11.23,-0.02,11,12353,卖盘
1466,13:31:57,11.25,0.02,24,27000,买盘
1467,13:31:54,11.23,--,38,42674,卖盘
1468,13:31:48,11.23,0.01,43,48289,买盘
1469,13:31:45,11.22,--,81,90882,卖盘
1470,13:31:42,11.22,-0.01,18,20196,卖盘
1471,13:31:39,11.23,0.01,50,56150,买盘
1472,13:31:30,11.22,--,16,17952,卖盘
1473,13:31:27,11.22,-0.01,1,1122,卖盘
1474,13:31:21,11.23,--,12,13476,买盘
1475,13:31:18,11.23,--,735,825405,买盘
1476,13:31:15,11.23,--,60,67380,买盘
1477,13:31:12,11.23,--,69,77487,买盘
1478,13:31:09,11.23,--,10,11230,卖盘
1479,13:31:06,11.23,-0.01,523,587329,卖盘
1480,13:31:03,11.24,--,3,3372,买盘
1481,13:30:57,11.24,0.01,9,10116,买盘
1482,13:30:54,11.23,-0.01,32,35936,卖盘
1483,13:30:51,11.24,0.01,2,2248,买盘
1484,13:30:48,11.23,--,9,10107,卖盘
1485,13:30:45,11.23,-0.01,1,1123,卖盘
1486,13:30:42,11.24,--,124,139376,卖盘
1487,13:30:39,11.24,--,22,24728,卖盘
1488,13:30:36,11.24,-0.01,24,26976,卖盘
1489,13:30:30,11.25,0.01,7,7875,买盘
1490,13:30:27,11.24,-0.01,9,10116,卖盘
1491,13:30:24,11.25,0.01,3,3375,买盘
1492,13:30:21,11.24,--,16,17984,卖盘
1493,13:30:18,11.24,-0.01,13,14612,中性盘
1494,13:30:15,11.25,0.01,69,77625,买盘
1495,13:30:12,11.24,--,4,4496,买盘
1496,13:30:09,11.24,0.01,1,1124,买盘
1497,13:30:06,11.23,-0.01,22,24706,卖盘
1498,13:30:03,11.24,--,11,12364,买盘
1499,13:30:00,11.24,--,10,11240,买盘
1500,13:29:57,11.24,--,4,4496,买盘
1501,13:29:54,11.24,0.01,4,4496,中性盘
1502,13:29:51,11.23,-0.01,8,8984,卖盘
1503,13:29:48,11.24,--,89,100036,卖盘
1504,13:29:45,11.24,-0.01,6,6744,卖盘
1505,13:29:42,11.25,0.01,5,5625,买盘
1506,13:29:39,11.24,--,89,100036,买盘
1507,13:29:33,11.24,0.01,1,1124,买盘
1508,13:29:30,11.23,-0.01,26,29198,卖盘
1509,13:29:27,11.24,0.01,15,16860,买盘
1510,13:29:24,11.23,-0.01,2,2246,卖盘
1511,13:29:21,11.24,0.01,1,1124,买盘
1512,13:29:18,11.23,-0.02,7,7861,卖盘
1513,13:29:15,11.25,0.01,60,67500,买盘
1514,13:29:12,11.24,--,19,21356,买盘
1515,13:29:09,11.24,--,9,10116,买盘
1516,13:29:06,11.24,--,32,35968,买盘
1517,13:29:03,11.24,--,2,2248,买盘
1518,13:29:00,11.24,--,4,4496,买盘
1519,13:28:57,11.24,0.01,9,10116,买盘
1520,13:28:54,11.23,--,58,65134,卖盘
1521,13:28:51,11.23,--,3,3369,卖盘
1522,13:28:48,11.23,--,9,10107,卖盘
1523,13:28:45,11.23,-0.01,2,2246,卖盘
1524,13:28:42,11.24,--,10,11240,买盘
1525,13:28:39,11.24,0.02,10,11240,买盘
1526,13:28:36,11.22,-0.02,11,12342,卖盘
1527,13:28:33,11.24,0.01,3,3372,买盘
1528,13:28:27,11.23,--,1,1123,卖盘
1529,13:28:24,11.23,-0.02,8,8984,卖盘
1530,13:28:15,11.25,0.01,68,76500,买盘
1531,13:28:09,11.24,--,1,1124,买盘
1532,13:28:06,11.24,-0.01,3,3372,卖盘
1533,13:28:03,11.25,--,16,18000,买盘
1534,13:28:00,11.25,0.01,14,15750,买盘
1535,13:27:57,11.24,0.01,1,1124,买盘
1536,13:27:51,11.23,--,7,7861,卖盘
1537,13:27:45,11.23,--,3,3369,卖盘
1538,13:27:42,11.23,--,8,8984,卖盘
1539,13:27:39,11.23,-0.02,2,2246,卖盘
1540,13:27:36,11.25,--,2,2250,买盘
1541,13:27:33,11.25,0.02,1,1125,买盘
1542,13:27:30,11.23,--,7,7861,卖盘
1543,13:27:27,11.23,--,2,2246,卖盘
1544,13:27:18,11.23,-0.02,13,14599,卖盘
1545,13:27:15,11.25,0.01,80,90000,买盘
1546,13:27:09,11.24,--,17,19108,买盘
1547,13:27:06,11.24,--,25,28100,买盘
1548,13:27:03,11.24,--,1,1124,买盘
1549,13:27:00,11.24,--,1,1124,买盘
1550,13:26:57,11.24,--,8,8992,买盘
1551,13:26:54,11.24,0.02,18,20232,买盘
1552,13:26:45,11.22,-0.03,9,10098,卖盘
1553,13:26:42,11.25,--,1,1125,买盘
1554,13:26:39,11.25,0.03,4,4500,买盘
1555,13:26:36,11.22,-0.01,3,3366,卖盘
1556,13:26:33,11.23,0.01,51,57273,买盘
1557,13:26:27,11.22,--,1,1122,卖盘
1558,13:26:24,11.22,-0.01,19,21318,卖盘
1559,13:26:21,11.23,-0.02,10,11230,卖盘
1560,13:26:15,11.25,--,31,34875,买盘
1561,13:26:12,11.25,0.02,40,45000,买盘
1562,13:26:09,11.23,0.01,31,34813,买盘
1563,13:26:06,11.22,--,23,25806,卖盘
1564,13:26:03,11.22,--,9,10098,卖盘
1565,13:26:00,11.22,-0.01,20,22440,卖盘
1566,13:25:57,11.23,--,11,12353,买盘
1567,13:25:54,11.23,0.01,73,81979,买盘
1568,13:25:51,11.22,--,13,14586,卖盘
1569,13:25:48,11.22,--,2,2244,卖盘
1570,13:25:45,11.22,-0.01,13,14586,卖盘
1571,13:25:42,11.23,--,4,4492,买盘
1572,13:25:39,11.23,--,10,11230,买盘
1573,13:25:36,11.23,--,241,270643,卖盘
1574,13:25:33,11.23,-0.01,43,48289,卖盘
1575,13:25:30,11.24,0.01,33,37092,买盘
1576,13:25:27,11.23,-0.01,9,10107,卖盘
1577,13:25:18,11.24,0.01,13,14612,买盘
1578,13:25:15,11.23,-0.01,52,58396,卖盘
1579,13:25:12,11.24,--,124,139376,买盘
1580,13:25:09,11.24,0.01,1,1124,买盘
1581,13:25:06,11.23,-0.01,30,33690,卖盘
1582,13:25:00,11.24,-0.01,3,3372,中性盘
1583,13:24:57,11.25,0.02,1,1125,买盘
1584,13:24:54,11.23,-0.02,19,21337,卖盘
1585,13:24:48,11.25,0.02,4,4500,买盘
1586,13:24:45,11.23,-0.01,602,676046,卖盘
1587,13:24:42,11.24,0.01,12,13488,卖盘
1588,13:24:39,11.23,--,22,24706,卖盘
1589,13:24:33,11.23,-0.01,8,8984,卖盘
1590,13:24:30,11.24,0.01,9,10116,买盘
1591,13:24:27,11.23,--,1,1123,卖盘
1592,13:24:21,11.23,-0.02,17,19091,卖盘
1593,13:24:18,11.25,--,3,3375,买盘
1594,13:24:12,11.25,0.01,122,137250,买盘
1595,13:24:09,11.24,0.01,1,1124,买盘
1596,13:24:06,11.23,-0.02,22,24706,卖盘
1597,13:24:03,11.25,0.02,26,29250,买盘
1598,13:24:00,11.23,-0.02,10,11230,卖盘
1599,13:23:57,11.25,--,1,1125,买盘
1600,13:23:51,11.25,0.02,9,10125,买盘
1601,13:23:48,11.23,--,8,8984,卖盘
1602,13:23:45,11.23,-0.02,3,3369,卖盘
1603,13:23:42,11.25,--,1,1125,买盘
1604,13:23:39,11.25,--,84,94500,买盘
1605,13:23:36,11.25,--,35,39375,买盘
1606,13:23:33,11.25,--,40,45000,买盘
1607,13:23:30,11.25,--,1,1125,买盘
1608,13:23:27,11.25,--,40,45000,买盘
1609,13:23:24,11.25,0.02,2,2250,买盘
1610,13:23:18,11.23,-0.02,12,13476,卖盘
1611,13:23:15,11.25,--,8,9000,买盘
1612,13:23:12,11.25,--,79,88875,买盘
1613,13:23:09,11.25,0.02,1,1125,买盘
1614,13:23:06,11.23,-0.02,31,34813,卖盘
1615,13:23:03,11.25,--,28,31500,买盘
1616,13:22:54,11.25,--,18,20250,买盘
1617,13:22:51,11.25,--,1,1125,买盘
1618,13:22:45,11.25,0.02,2,2250,买盘
1619,13:22:42,11.23,--,10,11230,卖盘
1620,13:22:39,11.23,-0.01,100,112300,卖盘
1621,13:22:36,11.24,0.01,27,30348,买盘
1622,13:22:30,11.23,-0.02,10,11230,卖盘
1623,13:22:27,11.25,0.02,5,5625,买盘
1624,13:22:21,11.23,-0.02,8,8984,卖盘
1625,13:22:15,11.25,--,7,7875,买盘
1626,13:22:12,11.25,0.03,72,81000,买盘
1627,13:22:09,11.22,-0.01,14,15708,卖盘
1628,13:22:06,11.23,--,22,24706,卖盘
1629,13:22:00,11.23,--,28,31444,买盘
1630,13:21:57,11.23,0.01,7,7861,买盘
1631,13:21:51,11.22,--,2,2244,卖盘
1632,13:21:48,11.22,--,10,11220,卖盘
1633,13:21:45,11.22,-0.01,1,1122,卖盘
1634,13:21:42,11.23,--,7,7861,买盘
1635,13:21:39,11.23,0.01,6,6738,买盘
1636,13:21:36,11.22,-0.01,12,13464,卖盘
1637,13:21:33,11.23,--,1,1123,买盘
1638,13:21:30,11.23,0.01,4,4492,买盘
1639,13:21:27,11.22,--,8,8976,卖盘
1640,13:21:24,11.22,-0.01,82,92004,卖盘
1641,13:21:21,11.23,0.01,1,1123,中性盘
1642,13:21:15,11.22,-0.02,8,8976,卖盘
1643,13:21:12,11.24,0.01,60,67440,买盘
1644,13:21:09,11.23,0.01,11,12353,买盘
1645,13:21:06,11.22,-0.01,23,25806,卖盘
1646,13:21:03,11.23,-0.01,31,34813,卖盘
1647,13:21:00,11.24,--,1,1124,买盘
1648,13:20:57,11.24,0.01,12,13488,买盘
1649,13:20:54,11.23,-0.01,7,7861,卖盘
1650,13:20:48,11.24,--,10,11240,买盘
1651,13:20:45,11.24,0.01,2,2248,买盘
1652,13:20:42,11.23,-0.01,9,10107,卖盘
1653,13:20:39,11.24,--,1,1124,买盘
1654,13:20:36,11.24,0.01,3,3372,买盘
1655,13:20:33,11.23,0.01,26,29198,买盘
1656,13:20:30,11.22,--,7,7854,卖盘
1657,13:20:27,11.22,--,3,3366,卖盘
1658,13:20:24,11.22,--,5,5610,卖盘
1659,13:20:21,11.22,-0.01,8,8976,卖盘
1660,13:20:18,11.23,-0.01,6,6738,买盘
1661,13:20:12,11.24,0.02,60,67440,买盘
1662,13:20:09,11.22,-0.01,14,15708,卖盘
1663,13:20:06,11.23,--,193,216963,卖盘
1664,13:20:03,11.23,--,2,2246,卖盘
1665,13:20:00,11.23,--,0,898,卖盘
1666,13:19:57,11.23,--,8,8984,卖盘
1667,13:19:51,11.23,--,12,13476,卖盘
1668,13:19:48,11.23,--,58,65134,卖盘
1669,13:19:45,11.23,-0.01,2,2246,卖盘
1670,13:19:42,11.24,0.01,20,22480,买盘
1671,13:19:39,11.23,--,28,31444,卖盘
1672,13:19:33,11.23,-0.01,32,35936,卖盘
1673,13:19:30,11.24,0.01,1,1124,买盘
1674,13:19:27,11.23,--,1,1123,卖盘
1675,13:19:24,11.23,--,17,19091,卖盘
1676,13:19:21,11.23,--,73,81979,卖盘
1677,13:19:18,11.23,-0.01,36,40428,卖盘
1678,13:19:15,11.24,--,92,103408,买盘
1679,13:19:12,11.24,0.01,62,69688,买盘
1680,13:19:09,11.23,--,30,33690,卖盘
1681,13:19:06,11.23,--,104,116792,卖盘
1682,13:19:03,11.23,--,64,71872,卖盘
1683,13:19:00,11.23,--,10,11230,卖盘
1684,13:18:57,11.23,--,65,72995,卖盘
1685,13:18:51,11.23,--,3,3369,卖盘
1686,13:18:45,11.23,-0.01,19,21337,卖盘
1687,13:18:42,11.24,0.01,19,21356,买盘
1688,13:18:39,11.23,-0.01,90,101070,卖盘
1689,13:18:33,11.24,--,13,14612,买盘
1690,13:18:30,11.24,0.01,16,17984,买盘
1691,13:18:27,11.23,--,1,1123,卖盘
1692,13:18:24,11.23,--,166,186418,买盘
1693,13:18:18,11.23,--,2,2246,买盘
1694,13:18:15,11.23,0.01,3,3369,买盘
1695,13:18:12,11.22,-0.01,65,72930,卖盘
1696,13:18:09,11.23,0.01,1,1123,买盘
1697,13:18:06,11.22,-0.01,22,24684,卖盘
1698,13:18:03,11.23,--,2,2246,买盘
1699,13:18:00,11.23,0.01,138,154974,买盘
1700,13:17:57,11.22,--,20,22440,卖盘
1701,13:17:54,11.22,-0.01,5,5610,卖盘
1702,13:17:48,11.23,--,2,2246,买盘
1703,13:17:45,11.23,--,10,11230,买盘
1704,13:17:42,11.23,--,5,5615,买盘
1705,13:17:39,11.23,--,3,3369,买盘
1706,13:17:33,11.23,0.01,1,1123,买盘
1707,13:17:27,11.22,-0.01,2,2244,卖盘
1708,13:17:24,11.23,--,30,33690,买盘
1709,13:17:18,11.23,--,5,5615,买盘
1710,13:17:12,11.23,--,47,52781,买盘
1711,13:17:09,11.23,--,127,142621,卖盘
1712,13:17:06,11.23,-0.02,22,24706,卖盘
1713,13:17:03,11.25,--,5,5625,买盘
1714,13:16:51,11.25,--,2,2250,买盘
1715,13:16:45,11.25,--,11,12375,买盘
1716,13:16:39,11.25,--,1,1125,买盘
1717,13:16:33,11.25,0.03,1,1125,买盘
1718,13:16:30,11.22,--,12,13464,卖盘
1719,13:16:27,11.22,--,1,1122,卖盘
1720,13:16:24,11.22,-0.03,82,92004,卖盘
1721,13:16:21,11.25,--,3,3375,买盘
1722,13:16:09,11.25,0.02,116,130500,买盘
1723,13:16:06,11.23,-0.02,23,25829,卖盘
1724,13:16:03,11.25,0.03,1,1125,买盘
1725,13:15:54,11.22,-0.01,7,7854,卖盘
1726,13:15:51,11.23,--,33,37059,卖盘
1727,13:15:48,11.23,0.01,10,11230,买盘
1728,13:15:45,11.22,-0.01,17,19074,卖盘
1729,13:15:42,11.23,--,71,79733,买盘
1730,13:15:39,11.23,--,15,16845,卖盘
1731,13:15:36,11.23,-0.02,38,42674,卖盘
1732,13:15:33,11.25,0.02,1,1125,买盘
1733,13:15:30,11.23,--,1,1123,卖盘
1734,13:15:27,11.23,0.01,10,11230,中性盘
1735,13:15:24,11.22,-0.01,7,7854,卖盘
1736,13:15:21,11.23,-0.02,68,76364,卖盘
1737,13:15:18,11.25,0.02,2,3105,买盘
1738,13:15:12,11.23,-0.01,69,77487,卖盘
1739,13:15:09,11.24,0.01,1,1124,买盘
1740,13:15:06,11.23,-0.01,23,25829,卖盘
1741,13:15:03,11.24,-0.01,128,143872,卖盘
1742,13:14:57,11.25,0.01,48,54000,买盘
1743,13:14:51,11.24,-0.01,6,6744,卖盘
1744,13:14:48,11.25,0.01,1,1125,买盘
1745,13:14:45,11.24,-0.01,101,113524,卖盘
1746,13:14:42,11.25,--,2,2250,买盘
1747,13:14:39,11.25,--,2,2250,买盘
1748,13:14:33,11.25,--,2,2250,买盘
1749,13:14:30,11.25,0.01,53,59625,买盘
1750,13:14:27,11.24,--,13,14612,卖盘
1751,13:14:24,11.24,-0.01,30,33720,卖盘
1752,13:14:18,11.25,--,2,2250,买盘
1753,13:14:09,11.25,0.01,94,106830,买盘
1754,13:14:06,11.24,0.01,543,610376,买盘
1755,13:14:03,11.23,-0.01,23,25829,卖盘
1756,13:14:00,11.24,--,1,1124,买盘
1757,13:13:57,11.24,0.01,21,23604,买盘
1758,13:13:54,11.23,--,32,35936,买盘
1759,13:13:48,11.23,0.01,1,1123,买盘
1760,13:13:45,11.22,-0.02,92,103224,卖盘
1761,13:13:42,11.24,--,128,143872,买盘
1762,13:13:39,11.24,--,1,1124,买盘
1763,13:13:33,11.24,--,228,256272,买盘
1764,13:13:30,11.24,0.01,1,1124,买盘
1765,13:13:27,11.23,-0.01,1,1123,卖盘
1766,13:13:21,11.24,--,7,7868,买盘
1767,13:13:18,11.24,--,2,2248,买盘
1768,13:13:15,11.24,0.01,20,22480,买盘
1769,13:13:12,11.23,-0.01,4,4492,买盘
1770,13:13:09,11.24,0.02,61,68564,买盘
1771,13:13:06,11.22,-0.01,34,38148,卖盘
1772,13:13:03,11.23,0.01,1,1123,买盘
1773,13:13:00,11.22,-0.01,21,23562,卖盘
1774,13:12:54,11.23,--,1,1123,买盘
1775,13:12:48,11.23,0.01,9,10107,买盘
1776,13:12:45,11.22,--,2,2244,卖盘
1777,13:12:42,11.22,-0.01,8,8976,卖盘
1778,13:12:39,11.23,--,2,2246,买盘
1779,13:12:33,11.23,--,403,452569,卖盘
1780,13:12:27,11.23,--,414,464922,卖盘
1781,13:12:24,11.23,--,44,49412,卖盘
1782,13:12:21,11.23,--,125,140375,买盘
1783,13:12:18,11.23,--,2,2246,买盘
1784,13:12:12,11.23,0.01,48,53904,买盘
1785,13:12:09,11.22,--,185,207570,卖盘
1786,13:12:06,11.22,-0.01,22,24684,卖盘
1787,13:12:03,11.23,--,1,1123,买盘
1788,13:12:00,11.23,--,9,10107,买盘
1789,13:11:57,11.23,--,1,1123,买盘
1790,13:11:54,11.23,--,23,25829,买盘
1791,13:11:48,11.23,0.01,1,1123,买盘
1792,13:11:45,11.22,-0.01,1,1122,卖盘
1793,13:11:42,11.23,--,435,488505,卖盘
1794,13:11:39,11.23,--,82,92086,卖盘
1795,13:11:36,11.23,--,50,56150,卖盘
1796,13:11:27,11.23,--,2,2246,卖盘
1797,13:11:24,11.23,-0.01,30,33690,卖盘
1798,13:11:18,11.24,--,3,3372,买盘
1799,13:11:15,11.24,--,3,3372,买盘
1800,13:11:09,11.24,0.01,65,73060,买盘
1801,13:11:06,11.23,-0.01,52,58396,卖盘
1802,13:11:00,11.24,--,1,1124,买盘
1803,13:10:57,11.24,--,13,14612,买盘
1804,13:10:45,11.24,0.01,5,5620,买盘
1805,13:10:42,11.23,-0.01,10,11230,卖盘
1806,13:10:39,11.24,0.01,1,1124,买盘
1807,13:10:33,11.23,0.01,149,167327,买盘
1808,13:10:27,11.22,--,1,1122,卖盘
1809,13:10:24,11.22,--,54,60588,卖盘
1810,13:10:21,11.22,-0.01,50,56100,卖盘
1811,13:10:18,11.23,--,2,2246,买盘
1812,13:10:15,11.23,--,1,1123,买盘
1813,13:10:12,11.23,--,6,6738,买盘
1814,13:10:09,11.23,0.01,65,72995,买盘
1815,13:10:06,11.22,-0.01,23,25806,卖盘
1816,13:10:00,11.23,0.01,2,2246,买盘
1817,13:09:54,11.22,--,13,14586,卖盘
1818,13:09:51,11.22,--,7,7854,卖盘
1819,13:09:48,11.22,--,14,15708,卖盘
1820,13:09:45,11.22,--,2,2244,卖盘
1821,13:09:36,11.22,--,2,2244,卖盘
1822,13:09:33,11.22,--,46,51612,卖盘
1823,13:09:27,11.22,--,1,1122,卖盘
1824,13:09:24,11.22,-0.01,44,49368,卖盘
1825,13:09:21,11.23,--,3,3369,买盘
1826,13:09:18,11.23,--,45,50535,买盘
1827,13:09:15,11.23,--,4,4492,买盘
1828,13:09:12,11.23,--,13,14599,买盘
1829,13:09:09,11.23,0.01,61,68503,买盘
1830,13:09:06,11.22,-0.01,39,43758,卖盘
1831,13:09:03,11.23,0.01,1,1123,买盘
1832,13:09:00,11.22,-0.01,3,3366,卖盘
1833,13:08:57,11.23,--,16,17968,买盘
1834,13:08:54,11.23,--,5,5615,买盘
1835,13:08:48,11.23,0.01,1,1123,买盘
1836,13:08:45,11.22,-0.01,5,5610,卖盘
1837,13:08:39,11.23,0.01,20,22460,买盘
1838,13:08:33,11.22,--,61,68442,卖盘
1839,13:08:30,11.22,--,7,7854,卖盘
1840,13:08:27,11.22,-0.01,3,3366,卖盘
1841,13:08:24,11.23,0.01,16,17968,买盘
1842,13:08:18,11.22,-0.01,13,14586,卖盘
1843,13:08:09,11.23,0.01,83,93209,买盘
1844,13:08:06,11.22,--,22,24684,卖盘
1845,13:08:03,11.22,-0.01,3,3366,卖盘
1846,13:07:57,11.23,0.01,4,4492,买盘
1847,13:07:45,11.22,-0.01,3,3366,卖盘
1848,13:07:39,11.23,0.01,5,5615,买盘
1849,13:07:33,11.22,-0.01,4,4488,卖盘
1850,13:07:30,11.23,0.01,3,3369,买盘
1851,13:07:27,11.22,-0.01,1,1122,卖盘
1852,13:07:21,11.23,--,4,4492,买盘
1853,13:07:15,11.23,0.01,1,1123,买盘
1854,13:07:12,11.22,-0.01,200,224400,卖盘
1855,13:07:09,11.23,0.01,161,180803,买盘
1856,13:07:06,11.22,-0.01,45,50490,卖盘
1857,13:07:03,11.23,--,2,2246,买盘
1858,13:07:00,11.23,0.01,2,2246,买盘
1859,13:06:45,11.22,-0.01,2,2244,卖盘
1860,13:06:42,11.23,--,249,279627,卖盘
1861,13:06:39,11.23,--,10,11230,卖盘
1862,13:06:33,11.23,--,29,32567,卖盘
1863,13:06:27,11.23,0.01,2,2246,卖盘
1864,13:06:18,11.22,-0.02,12,13464,卖盘
1865,13:06:12,11.24,--,30,33720,买盘
1866,13:06:09,11.24,--,31,34844,买盘
1867,13:06:06,11.24,0.02,57,64068,买盘
1868,13:06:03,11.22,-0.02,50,56100,卖盘
1869,13:06:00,11.24,0.02,1,1124,买盘
1870,13:05:57,11.22,-0.02,2,2244,卖盘
1871,13:05:48,11.24,0.02,15,16860,买盘
1872,13:05:45,11.22,-0.01,197,221034,卖盘
1873,13:05:39,11.23,-0.01,3,3369,卖盘
1874,13:05:36,11.24,0.01,3,3372,买盘
1875,13:05:33,11.23,0.01,2,2246,买盘
1876,13:05:30,11.22,--,20,22440,卖盘
1877,13:05:27,11.22,-0.02,1,1122,卖盘
1878,13:05:15,11.24,--,1,1124,买盘
1879,13:05:12,11.24,0.01,34,38216,买盘
1880,13:05:09,11.23,--,33,37059,买盘
1881,13:05:06,11.23,0.01,53,59519,买盘
1882,13:05:03,11.22,-0.02,50,56100,卖盘
1883,13:05:00,11.24,--,1,1124,买盘
1884,13:04:57,11.24,0.01,1,1124,买盘
1885,13:04:54,11.23,--,6,6738,卖盘
1886,13:04:51,11.23,--,34,38182,卖盘
1887,13:04:48,11.23,--,3,3369,卖盘
1888,13:04:45,11.23,-0.01,6,6738,卖盘
1889,13:04:42,11.24,0.01,3,3372,买盘
1890,13:04:36,11.23,-0.01,13,14599,卖盘
1891,13:04:33,11.24,0.01,1,1124,买盘
1892,13:04:30,11.23,--,8,8984,卖盘
1893,13:04:27,11.23,--,1,1123,卖盘
1894,13:04:24,11.23,-0.01,3,3369,卖盘
1895,13:04:18,11.24,0.01,7,7868,买盘
1896,13:04:15,11.23,-0.01,12,13476,卖盘
1897,13:04:12,11.24,--,2,2248,买盘
1898,13:04:09,11.24,--,31,34844,买盘
1899,13:04:06,11.24,0.01,52,58448,买盘
1900,13:04:03,11.23,--,36,40428,买盘
1901,13:04:00,11.23,--,2,2246,买盘
1902,13:03:57,11.23,--,30,33690,中性盘
1903,13:03:45,11.23,-0.01,5,5615,卖盘
1904,13:03:36,11.24,0.01,6,6744,买盘
1905,13:03:33,11.23,-0.01,4,4492,卖盘
1906,13:03:30,11.24,0.01,31,34844,买盘
1907,13:03:27,11.23,-0.01,1,1123,中性盘
1908,13:03:18,11.24,--,14,15736,买盘
1909,13:03:15,11.24,--,7,7868,买盘
1910,13:03:12,11.24,--,3,3372,买盘
1911,13:03:09,11.24,--,31,34844,买盘
1912,13:03:06,11.24,0.01,228,256541,中性盘
1913,13:03:03,11.23,-0.02,5,6468,卖盘
1914,13:03:00,11.25,0.02,1,1125,买盘
1915,13:02:57,11.23,-0.02,11,12353,卖盘
1916,13:02:48,11.25,0.01,6,6750,买盘
1917,13:02:45,11.24,-0.01,2,2248,卖盘
1918,13:02:33,11.25,--,1,1125,买盘
1919,13:02:27,11.25,--,9,10125,买盘
1920,13:02:21,11.25,0.02,3,3375,买盘
1921,13:02:18,11.23,-0.02,3,3369,卖盘
1922,13:02:15,11.25,0.01,16,18000,买盘
1923,13:02:12,11.24,0.01,1,1124,买盘
1924,13:02:09,11.23,-0.01,75,84225,卖盘
1925,13:02:06,11.24,--,52,58448,买盘
1926,13:02:00,11.24,--,1,1124,买盘
1927,13:01:57,11.24,0.01,1,1124,买盘
1928,13:01:54,11.23,--,5,5615,卖盘
1929,13:01:51,11.23,-0.01,126,141498,卖盘
1930,13:01:48,11.24,0.01,53,59572,买盘
1931,13:01:45,11.23,-0.01,4,4492,卖盘
1932,13:01:33,11.24,--,22,24728,买盘
1933,13:01:30,11.24,0.01,1,1124,买盘
1934,13:01:27,11.23,-0.01,2,2246,卖盘
1935,13:01:24,11.24,--,3,3372,买盘
1936,13:01:12,11.24,0.01,1,1124,买盘
1937,13:01:09,11.23,-0.02,106,119038,卖盘
1938,13:01:06,11.25,0.01,103,115875,买盘
1939,13:01:03,11.24,--,1,1124,买盘
1940,13:01:00,11.24,--,11,12364,买盘
1941,13:00:57,11.24,0.01,2,2248,买盘
1942,13:00:51,11.23,--,1,1123,卖盘
1943,13:00:48,11.23,--,2,2246,卖盘
1944,13:00:45,11.23,-0.01,1,1123,卖盘
1945,13:00:33,11.24,0.01,1,1124,买盘
1946,13:00:30,11.23,--,7,7861,卖盘
1947,13:00:27,11.23,--,2,2246,卖盘
1948,13:00:24,11.23,--,91,102193,卖盘
1949,13:00:18,11.23,-0.01,1,1123,卖盘
1950,13:00:15,11.24,--,1,1124,买盘
1951,13:00:12,11.24,0.01,3,3372,中性盘
1952,13:00:09,11.23,-0.02,532,597436,卖盘
1953,13:00:06,11.25,--,129,145125,买盘
1954,13:00:03,11.25,--,438,492750,卖盘
1955,13:00:00,11.25,--,0,0,卖盘
1956,11:30:00,11.25,-0.01,11,12375,卖盘
1957,11:29:57,11.26,0.01,5,5630,买盘
1958,11:29:54,11.25,--,71,79875,卖盘
1959,11:29:51,11.25,-0.01,162,182250,卖盘
1960,11:29:48,11.26,0.01,1,1126,买盘
1961,11:29:45,11.25,-0.01,1,1125,卖盘
1962,11:29:42,11.26,0.01,11,12386,买盘
1963,11:29:36,11.25,-0.01,20,22500,卖盘
1964,11:29:33,11.26,--,92,103592,买盘
1965,11:29:27,11.26,0.01,28,31528,买盘
1966,11:29:24,11.25,--,34,38250,卖盘
1967,11:29:21,11.25,-0.01,12,13500,卖盘
1968,11:29:15,11.26,0.01,96,108096,买盘
1969,11:29:09,11.25,-0.01,22,24750,卖盘
1970,11:29:06,11.26,--,90,101340,买盘
1971,11:29:00,11.26,--,3,3378,买盘
1972,11:28:57,11.26,--,13,14638,买盘
1973,11:28:54,11.26,0.01,1,1126,买盘
1974,11:28:45,11.25,--,1,1125,卖盘
1975,11:28:42,11.25,-0.02,36,40500,卖盘
1976,11:28:36,11.27,0.01,12,13524,买盘
1977,11:28:30,11.26,-0.01,2,2252,中性盘
1978,11:28:27,11.27,0.02,1,1127,买盘
1979,11:28:24,11.25,--,1,1125,卖盘
1980,11:28:21,11.25,-0.02,20,22500,卖盘
1981,11:28:18,11.27,--,6,6762,买盘
1982,11:28:12,11.27,0.02,26,29302,买盘
1983,11:28:09,11.25,-0.02,22,24750,卖盘
1984,11:28:06,11.27,0.01,77,86779,买盘
1985,11:28:03,11.26,--,3,3378,买盘
1986,11:27:57,11.26,0.01,10,11260,买盘
1987,11:27:54,11.25,-0.01,2,2250,卖盘
1988,11:27:51,11.26,--,22,24772,买盘
1989,11:27:48,11.26,0.01,10,11260,买盘
1990,11:27:45,11.25,-0.01,6,6750,卖盘
1991,11:27:39,11.26,--,11,12386,买盘
1992,11:27:33,11.26,--,3,3378,买盘
1993,11:27:30,11.26,0.01,2,2252,买盘
1994,11:27:27,11.25,--,1,1125,卖盘
1995,11:27:18,11.25,-0.01,14,15750,卖盘
1996,11:27:15,11.26,--,1,1126,买盘
1997,11:27:09,11.26,-0.01,30,33780,卖盘
1998,11:27:06,11.27,0.01,61,68747,买盘
1999,11:26:57,11.26,--,2,2252,买盘
2000,11:26:54,11.26,--,1,1126,买盘
2001,11:26:51,11.26,0.01,12,13512,买盘
2002,11:26:45,11.25,-0.01,1,1125,卖盘
2003,11:26:42,11.26,-0.01,88,99088,卖盘
2004,11:26:39,11.27,--,3,3381,买盘
2005,11:26:36,11.27,--,10,11270,买盘
2006,11:26:30,11.27,--,18,20286,买盘
2007,11:26:27,11.27,--,3,3381,买盘
2008,11:26:24,11.27,0.01,1,1127,买盘
2009,11:26:21,11.26,-0.01,24,27024,卖盘
2010,11:26:18,11.27,--,102,114954,买盘
2011,11:26:15,11.27,0.01,1,1127,买盘
2012,11:26:12,11.26,--,9,10134,卖盘
2013,11:26:09,11.26,-0.01,49,55174,卖盘
2014,11:26:06,11.27,--,121,136367,买盘
2015,11:26:03,11.27,--,301,339227,买盘
2016,11:25:57,11.27,--,232,261464,卖盘
2017,11:25:54,11.27,--,179,201733,卖盘
2018,11:25:51,11.27,-0.01,3,3381,卖盘
2019,11:25:48,11.28,0.01,4,4512,买盘
2020,11:25:45,11.27,-0.01,2,2254,卖盘
2021,11:25:42,11.28,--,3,3384,买盘
2022,11:25:39,11.28,--,2,2256,买盘
2023,11:25:33,11.28,0.01,14,15792,买盘
2024,11:25:30,11.27,--,7,7889,卖盘
2025,11:25:27,11.27,--,2,2254,卖盘
2026,11:25:24,11.27,--,36,40572,卖盘
2027,11:25:21,11.27,-0.01,31,34937,卖盘
2028,11:25:15,11.28,--,13,14664,买盘
2029,11:25:12,11.28,0.01,4,4512,买盘
2030,11:25:09,11.27,-0.01,35,39445,卖盘
2031,11:25:06,11.28,0.01,61,68808,买盘
2032,11:25:00,11.27,--,30,33810,买盘
2033,11:24:57,11.27,--,2,2254,买盘
2034,11:24:54,11.27,0.01,1,1127,买盘
2035,11:24:51,11.26,--,3,3378,卖盘
2036,11:24:48,11.26,--,22,24772,卖盘
2037,11:24:45,11.26,-0.01,155,174530,卖盘
2038,11:24:33,11.27,-0.01,18,20286,卖盘
2039,11:24:30,11.28,0.01,36,40608,买盘
2040,11:24:27,11.27,-0.01,1,1127,卖盘
2041,11:24:24,11.28,0.01,10,11280,买盘
2042,11:24:21,11.27,--,5,5635,卖盘
2043,11:24:15,11.27,--,7,7889,卖盘
2044,11:24:09,11.27,--,124,139748,买盘
2045,11:24:06,11.27,0.01,62,69874,买盘
2046,11:24:03,11.26,-0.01,5,5630,卖盘
2047,11:24:00,11.27,--,20,22540,买盘
2048,11:23:57,11.27,--,2,2254,买盘
2049,11:23:54,11.27,0.01,1,1127,买盘
2050,11:23:51,11.26,--,3,3378,卖盘
2051,11:23:48,11.26,--,20,22520,卖盘
2052,11:23:45,11.26,-0.01,1,1126,卖盘
2053,11:23:42,11.27,--,1,1127,买盘
2054,11:23:39,11.27,--,28,31556,买盘
2055,11:23:33,11.27,--,30,33810,买盘
2056,11:23:30,11.27,0.01,1,1127,买盘
2057,11:23:27,11.26,-0.01,1,1126,卖盘
2058,11:23:24,11.27,0.01,1,1127,中性盘
2059,11:23:21,11.26,-0.02,49,55174,卖盘
2060,11:23:18,11.28,--,3,3384,买盘
2061,11:23:15,11.28,0.02,28,31584,买盘
2062,11:23:12,11.26,--,12,13512,卖盘
2063,11:23:09,11.26,--,41,46166,卖盘
2064,11:23:06,11.26,-0.01,112,126112,卖盘
2065,11:22:57,11.27,0.01,2,2254,买盘
2066,11:22:51,11.26,-0.01,6,6756,卖盘
2067,11:22:48,11.27,0.01,36,40572,买盘
2068,11:22:45,11.26,-0.02,18,20268,卖盘
2069,11:22:42,11.28,0.02,1,1128,买盘
2070,11:22:33,11.26,--,11,12386,卖盘
2071,11:22:30,11.26,--,15,16890,卖盘
2072,11:22:27,11.26,--,1,1126,卖盘
2073,11:22:24,11.26,-0.01,20,22520,卖盘
2074,11:22:21,11.27,--,3,3381,买盘
2075,11:22:18,11.27,--,25,28175,买盘
2076,11:22:15,11.27,0.02,112,126224,买盘
2077,11:22:09,11.25,--,22,24750,卖盘
2078,11:22:06,11.25,-0.02,32,36000,卖盘
2079,11:22:03,11.27,0.01,30,33810,买盘
2080,11:21:57,11.26,--,10,11260,买盘
2081,11:21:54,11.26,-0.01,3,3378,中性盘
2082,11:21:51,11.27,0.01,41,46207,买盘
2083,11:21:48,11.26,--,3,3378,卖盘
2084,11:21:45,11.26,0.01,1,1126,卖盘
2085,11:21:39,11.25,--,35,39375,卖盘
2086,11:21:36,11.25,-0.01,42,47925,卖盘
2087,11:21:33,11.26,--,62,70262,买盘
2088,11:21:30,11.26,0.01,9,10134,买盘
2089,11:21:27,11.25,-0.01,2,2250,卖盘
2090,11:21:24,11.26,--,3,3378,买盘
2091,11:21:21,11.26,0.01,33,37158,买盘
2092,11:21:12,11.25,--,10,11250,卖盘
2093,11:21:09,11.25,0.01,22,24750,中性盘
2094,11:21:06,11.24,-0.02,44,49456,卖盘
2095,11:21:03,11.26,0.01,30,33780,买盘
2096,11:21:00,11.25,--,1,1125,买盘
2097,11:20:57,11.25,-0.01,5,5625,中性盘
2098,11:20:54,11.26,0.01,27,30402,买盘
2099,11:20:48,11.25,0.01,8,9000,买盘
2100,11:20:45,11.24,-0.01,1,1124,卖盘
2101,11:20:39,11.25,-0.01,21,23625,中性盘
2102,11:20:36,11.26,0.01,21,23646,买盘
2103,11:20:27,11.25,--,4,4500,买盘
2104,11:20:21,11.25,-0.01,14,15750,买盘
2105,11:20:18,11.26,--,6,6756,买盘
2106,11:20:15,11.26,0.02,33,37158,买盘
2107,11:20:12,11.24,-0.02,100,112400,卖盘
2108,11:20:09,11.26,0.01,61,68686,买盘
2109,11:20:06,11.25,--,62,69750,卖盘
2110,11:20:03,11.25,-0.01,30,33750,中性盘
2111,11:20:00,11.26,0.01,17,19142,买盘
2112,11:19:57,11.25,-0.01,22,24750,中性盘
2113,11:19:48,11.26,0.02,1,1126,买盘
2114,11:19:45,11.24,-0.02,1,1124,卖盘
2115,11:19:39,11.26,0.01,29,32654,买盘
2116,11:19:36,11.25,0.01,3,3375,买盘
2117,11:19:33,11.24,-0.01,15,16860,卖盘
2118,11:19:30,11.25,--,8,9000,买盘
2119,11:19:27,11.25,--,17,19125,买盘
2120,11:19:24,11.25,--,6,6750,买盘
2121,11:19:18,11.25,--,26,29250,买盘
2122,11:19:15,11.25,--,1,1125,买盘
2123,11:19:09,11.25,--,2,2250,卖盘
2124,11:19:06,11.25,-0.01,33,37125,卖盘
2125,11:19:03,11.26,0.01,34,38284,买盘
2126,11:18:57,11.25,--,1,1125,买盘
2127,11:18:54,11.25,-0.01,1,1125,中性盘
2128,11:18:51,11.26,--,23,25898,买盘
2129,11:18:48,11.26,0.02,1,1126,买盘
2130,11:18:45,11.24,-0.02,21,23604,卖盘
2131,11:18:39,11.26,0.02,20,22520,买盘
2132,11:18:36,11.24,-0.01,4,4496,卖盘
2133,11:18:33,11.25,-0.01,3,3375,中性盘
2134,11:18:27,11.26,--,9,10134,买盘
2135,11:18:24,11.26,--,119,134669,买盘
2136,11:18:18,11.26,0.02,1,1126,买盘
2137,11:18:09,11.24,--,56,62944,卖盘
2138,11:18:06,11.24,-0.02,69,77556,卖盘
2139,11:18:03,11.26,0.01,30,34230,买盘
2140,11:17:57,11.25,0.01,26,29250,买盘
2141,11:17:54,11.24,-0.01,3,3372,卖盘
2142,11:17:51,11.25,0.01,1,1125,买盘
2143,11:17:48,11.24,--,9,10116,卖盘
2144,11:17:45,11.24,-0.01,24,26976,卖盘
2145,11:17:36,11.25,0.01,2,2250,买盘
2146,11:17:33,11.24,-0.01,5,5620,卖盘
2147,11:17:30,11.25,0.01,42,47250,买盘
2148,11:17:27,11.24,-0.01,1,1124,卖盘
2149,11:17:15,11.25,0.01,5,5625,买盘
2150,11:17:12,11.24,--,5,5620,卖盘
2151,11:17:09,11.24,-0.01,43,48332,卖盘
2152,11:17:06,11.25,--,118,132750,买盘
2153,11:17:03,11.25,--,60,67500,买盘
2154,11:17:00,11.25,--,1,1125,买盘
2155,11:16:57,11.25,0.01,7,7875,买盘
2156,11:16:54,11.24,-0.01,12,13488,卖盘
2157,11:16:51,11.25,0.01,8,9000,买盘
2158,11:16:45,11.24,-0.01,3,3372,卖盘
2159,11:16:42,11.25,0.01,43,48375,买盘
2160,11:16:33,11.24,--,5,5620,卖盘
2161,11:16:27,11.24,--,43,48332,卖盘
2162,11:16:24,11.24,-0.01,3,3372,卖盘
2163,11:16:18,11.25,--,21,23625,买盘
2164,11:16:12,11.25,0.02,2,2250,买盘
2165,11:16:09,11.23,-0.01,33,37059,卖盘
2166,11:16:06,11.24,--,37,42262,卖盘
2167,11:16:03,11.24,-0.01,62,69688,卖盘
2168,11:16:00,11.25,--,2,2250,买盘
2169,11:15:57,11.25,0.01,4,4500,中性盘
2170,11:15:54,11.24,--,249,280325,买盘
2171,11:15:51,11.24,--,1,1124,买盘
2172,11:15:48,11.24,0.01,22,24728,买盘
2173,11:15:45,11.23,-0.01,2,2246,卖盘
2174,11:15:42,11.24,--,3,3372,买盘
2175,11:15:39,11.24,--,13,14612,买盘
2176,11:15:30,11.24,0.01,1,1124,买盘
2177,11:15:27,11.23,-0.01,2,2246,卖盘
2178,11:15:24,11.24,--,14,15736,买盘
2179,11:15:21,11.24,-0.02,34,38890,卖盘
2180,11:15:18,11.26,0.01,27,30402,买盘
2181,11:15:15,11.25,-0.01,2,2250,中性盘
2182,11:15:12,11.26,0.01,17,19142,买盘
2183,11:15:09,11.25,--,630,709200,买盘
2184,11:15:06,11.25,--,2,2250,买盘
2185,11:15:03,11.25,--,61,68625,买盘
2186,11:15:00,11.25,--,27,30375,买盘
2187,11:14:57,11.25,--,31,34875,卖盘
2188,11:14:54,11.25,--,11,12375,卖盘
2189,11:14:48,11.25,-0.01,4,4500,卖盘
2190,11:14:45,11.26,--,11,12386,买盘
2191,11:14:39,11.26,0.01,25,28150,买盘
2192,11:14:36,11.25,-0.01,10,11250,卖盘
2193,11:14:30,11.26,0.01,1,1126,买盘
2194,11:14:24,11.25,0.01,8,9000,买盘
2195,11:14:21,11.24,-0.01,50,56200,卖盘
2196,11:14:18,11.25,0.01,2,2250,买盘
2197,11:14:15,11.24,--,2,2248,卖盘
2198,11:14:09,11.24,-0.01,21,23604,卖盘
2199,11:14:06,11.25,0.01,10,11250,中性盘
2200,11:14:03,11.24,-0.02,70,78680,卖盘
2201,11:14:00,11.26,0.01,10,11260,买盘
2202,11:13:57,11.25,-0.01,1,1125,中性盘
2203,11:13:54,11.26,--,21,23646,买盘
2204,11:13:51,11.26,--,3,3378,买盘
2205,11:13:45,11.26,0.02,2,2252,买盘
2206,11:13:42,11.24,-0.02,89,100036,卖盘
2207,11:13:36,11.26,0.01,24,27024,买盘
2208,11:13:33,11.25,0.01,1,1125,买盘
2209,11:13:30,11.24,-0.01,8,8992,卖盘
2210,11:13:27,11.25,-0.01,5,5625,卖盘
2211,11:13:24,11.26,0.01,8,9008,买盘
2212,11:13:21,11.25,--,75,84375,卖盘
2213,11:13:18,11.25,--,23,25875,卖盘
2214,11:13:15,11.25,--,32,36000,卖盘
2215,11:13:12,11.25,--,13,14625,买盘
2216,11:13:09,11.25,-0.01,18,20250,卖盘
2217,11:13:06,11.26,--,2,2252,买盘
2218,11:13:03,11.26,0.01,61,68686,买盘
2219,11:13:00,11.25,-0.01,24,27000,卖盘
2220,11:12:57,11.26,0.02,9,10134,买盘
2221,11:12:54,11.24,-0.01,76,85424,卖盘
2222,11:12:51,11.25,--,6,6750,买盘
2223,11:12:48,11.25,0.01,4,4500,中性盘
2224,11:12:45,11.24,-0.01,48,53952,卖盘
2225,11:12:42,11.25,--,8,9000,买盘
2226,11:12:39,11.25,-0.01,283,318375,卖盘
2227,11:12:36,11.26,--,29,32654,买盘
2228,11:12:30,11.26,0.01,1,1126,买盘
2229,11:12:24,11.25,--,26,29250,卖盘
2230,11:12:18,11.25,--,1,1125,卖盘
2231,11:12:15,11.25,--,7,7875,卖盘
2232,11:12:09,11.25,-0.01,55,61875,卖盘
2233,11:12:06,11.26,--,18,20268,买盘
2234,11:12:03,11.26,0.01,69,77694,买盘
2235,11:12:00,11.25,-0.01,200,225000,卖盘
2236,11:11:57,11.26,0.01,3,3378,买盘
2237,11:11:54,11.25,-0.01,747,840375,卖盘
2238,11:11:51,11.26,0.01,6,6756,买盘
2239,11:11:48,11.25,-0.01,88,99000,卖盘
2240,11:11:45,11.26,0.01,1,1126,买盘
2241,11:11:42,11.25,--,71,79875,卖盘
2242,11:11:39,11.25,-0.01,7,7875,卖盘
2243,11:11:36,11.26,--,1,1126,买盘
2244,11:11:30,11.26,--,20,22520,买盘
2245,11:11:27,11.26,--,6,6756,买盘
2246,11:11:24,11.26,0.01,10,11260,买盘
2247,11:11:21,11.25,--,30,33750,卖盘
2248,11:11:18,11.25,--,8,9000,卖盘
2249,11:11:12,11.25,--,60,67500,卖盘
2250,11:11:09,11.25,--,21,23625,卖盘
2251,11:11:06,11.25,-0.01,9,10125,卖盘
2252,11:11:03,11.26,0.01,194,218444,买盘
2253,11:11:00,11.25,-0.01,46,51750,卖盘
2254,11:10:57,11.26,--,32,36032,买盘
2255,11:10:54,11.26,--,11,12386,买盘
2256,11:10:51,11.26,0.01,6,6756,买盘
2257,11:10:48,11.25,-0.01,6,6750,卖盘
2258,11:10:45,11.26,--,9,10134,买盘
2259,11:10:39,11.26,0.01,23,25898,买盘
2260,11:10:36,11.25,--,8,9000,卖盘
2261,11:10:33,11.25,-0.01,211,237375,卖盘
2262,11:10:30,11.26,-0.01,365,410990,卖盘
2263,11:10:24,11.27,--,128,144256,买盘
2264,11:10:21,11.27,0.01,39,43953,买盘
2265,11:10:18,11.26,-0.01,127,143002,卖盘
2266,11:10:15,11.27,--,200,225400,买盘
2267,11:10:12,11.27,0.01,124,139748,买盘
2268,11:10:09,11.26,--,21,23646,卖盘
2269,11:10:06,11.26,-0.01,113,127238,卖盘
2270,11:10:03,11.27,--,246,277242,买盘
2271,11:10:00,11.27,--,3,3381,买盘
2272,11:09:57,11.27,0.01,24,27048,买盘
2273,11:09:54,11.26,-0.01,6,6756,卖盘
2274,11:09:51,11.27,--,30,33810,买盘
2275,11:09:45,11.27,0.01,1,1127,买盘
2276,11:09:42,11.26,--,42,47292,卖盘
2277,11:09:39,11.26,--,8,9008,卖盘
2278,11:09:36,11.26,-0.01,10,11260,卖盘
2279,11:09:33,11.27,--,8,9016,买盘
2280,11:09:30,11.27,0.01,8,9016,买盘
2281,11:09:27,11.26,-0.01,8,9008,卖盘
2282,11:09:21,11.27,--,1,1127,买盘
2283,11:09:18,11.27,--,34,38318,买盘
2284,11:09:15,11.27,-0.02,897,1010919,卖盘
2285,11:09:12,11.29,0.01,178,200961,买盘
2286,11:09:09,11.28,--,24,27072,卖盘
2287,11:09:06,11.28,-0.01,16,18048,卖盘
2288,11:09:03,11.29,0.01,61,68869,买盘
2289,11:09:00,11.28,-0.01,3,3384,卖盘
2290,11:08:57,11.29,--,27,30482,买盘
2291,11:08:54,11.29,--,10,11290,买盘
2292,11:08:48,11.29,--,91,102738,买盘
2293,11:08:45,11.29,0.01,8,9032,买盘
2294,11:08:42,11.28,--,30,33840,卖盘
2295,11:08:39,11.28,--,1,1128,卖盘
2296,11:08:36,11.28,--,5,5640,卖盘
2297,11:08:33,11.28,-0.01,9,10152,卖盘
2298,11:08:27,11.29,0.01,89,100480,买盘
2299,11:08:21,11.28,--,8,9024,卖盘
2300,11:08:18,11.28,-0.01,52,58656,卖盘
2301,11:08:15,11.29,0.01,29,32740,买盘
2302,11:08:12,11.28,--,12,13536,卖盘
2303,11:08:09,11.28,-0.01,38,42864,卖盘
2304,11:08:06,11.29,--,21,23709,买盘
2305,11:08:03,11.29,--,61,68869,买盘
2306,11:08:00,11.29,0.01,38,42902,买盘
2307,11:07:57,11.28,-0.01,8,9024,卖盘
2308,11:07:51,11.29,0.01,1,1129,买盘
2309,11:07:48,11.28,--,7,7896,卖盘
2310,11:07:45,11.28,-0.01,30,33840,卖盘
2311,11:07:42,11.29,--,2,2258,买盘
2312,11:07:39,11.29,0.01,9,10161,买盘
2313,11:07:36,11.28,--,9,10152,卖盘
2314,11:07:27,11.28,--,20,22560,卖盘
2315,11:07:18,11.28,--,105,118440,卖盘
2316,11:07:15,11.28,--,9,10152,卖盘
2317,11:07:12,11.28,--,28,31584,卖盘
2318,11:07:09,11.28,-0.01,21,23688,卖盘
2319,11:07:06,11.29,--,24,27095,买盘
2320,11:07:03,11.29,0.01,63,71127,买盘
2321,11:07:00,11.28,-0.01,7,7896,卖盘
2322,11:06:57,11.29,0.01,11,12418,买盘
2323,11:06:54,11.28,--,76,85728,卖盘
2324,11:06:51,11.28,-0.01,64,72192,卖盘
2325,11:06:45,11.29,--,10,11290,买盘
2326,11:06:42,11.29,0.01,2,2258,买盘
2327,11:06:33,11.28,--,52,58656,卖盘
2328,11:06:21,11.28,--,8,9024,卖盘
2329,11:06:18,11.28,--,11,12408,卖盘
2330,11:06:15,11.28,-0.01,7,7896,卖盘
2331,11:06:12,11.29,0.01,1,1129,买盘
2332,11:06:09,11.28,-0.01,40,45120,卖盘
2333,11:06:06,11.29,--,5,5645,卖盘
2334,11:06:03,11.29,--,61,68869,买盘
2335,11:06:00,11.29,--,9,10161,买盘
2336,11:05:57,11.29,--,18,20322,买盘
2337,11:05:51,11.29,0.02,1,1129,买盘
2338,11:05:48,11.27,--,8,9016,卖盘
2339,11:05:45,11.27,-0.03,92,103684,卖盘
2340,11:05:36,11.3,0.01,25,28250,买盘
2341,11:05:33,11.29,0.02,30,33870,买盘
2342,11:05:30,11.27,-0.01,50,56350,卖盘
2343,11:05:27,11.28,0.01,53,59784,买盘
2344,11:05:21,11.27,-0.01,27,30429,卖盘
2345,11:05:18,11.28,0.01,7,7896,买盘
2346,11:05:15,11.27,-0.01,9,10143,卖盘
2347,11:05:12,11.28,--,1,1128,买盘
2348,11:05:09,11.28,-0.01,6,6768,卖盘
2349,11:05:06,11.29,--,87,98222,卖盘
2350,11:05:03,11.29,-0.01,89,100480,卖盘
2351,11:05:00,11.3,0.01,31,35030,买盘
2352,11:04:57,11.29,--,61,68869,卖盘
2353,11:04:54,11.29,-0.01,8,9032,卖盘
2354,11:04:51,11.3,--,2,2260,买盘
2355,11:04:48,11.3,--,3,3390,买盘
2356,11:04:42,11.3,--,31,35030,买盘
2357,11:04:39,11.3,--,14,15820,买盘
2358,11:04:33,11.3,--,62,70060,买盘
2359,11:04:27,11.3,--,2,2260,买盘
2360,11:04:24,11.3,0.01,9,10170,买盘
2361,11:04:21,11.29,-0.01,82,92578,卖盘
2362,11:04:18,11.3,--,1,1130,买盘
2363,11:04:15,11.3,0.01,101,114130,买盘
2364,11:04:12,11.29,--,49,55320,买盘
2365,11:04:09,11.29,--,82,92578,买盘
2366,11:04:06,11.29,--,2,2258,买盘
2367,11:04:03,11.29,--,89,100480,买盘
2368,11:03:57,11.29,--,11,12418,买盘
2369,11:03:54,11.29,0.01,4,4516,买盘
2370,11:03:51,11.28,--,8,9024,卖盘
2371,11:03:45,11.28,-0.02,8,9024,卖盘
2372,11:03:39,11.3,0.02,20,22600,买盘
2373,11:03:36,11.28,-0.02,9,10152,卖盘
2374,11:03:33,11.3,--,1,1130,买盘
2375,11:03:30,11.3,--,12,13560,买盘
2376,11:03:27,11.3,0.02,2,2260,买盘
2377,11:03:24,11.28,-0.02,10,11280,卖盘
2378,11:03:21,11.3,--,1,1130,买盘
2379,11:03:18,11.3,--,18,20340,买盘
2380,11:03:12,11.3,0.02,15,16950,买盘
2381,11:03:09,11.28,--,22,24816,卖盘
2382,11:03:06,11.28,-0.02,8,9024,卖盘
2383,11:03:03,11.3,--,70,79100,买盘
2384,11:03:00,11.3,0.02,1,1130,买盘
2385,11:02:57,11.28,-0.02,36,40608,卖盘
2386,11:02:54,11.3,--,1,1130,买盘
2387,11:02:51,11.3,--,30,33900,买盘
2388,11:02:42,11.3,--,8,9040,买盘
2389,11:02:39,11.3,--,1,1130,买盘
2390,11:02:36,11.3,--,1,1130,买盘
2391,11:02:33,11.3,--,1,1130,买盘
2392,11:02:30,11.3,--,26,29380,买盘
2393,11:02:27,11.3,--,5,5650,买盘
2394,11:02:21,11.3,0.02,1,1130,买盘
2395,11:02:18,11.28,--,22,24816,卖盘
2396,11:02:15,11.28,-0.02,38,42864,卖盘
2397,11:02:12,11.3,0.02,1,1130,买盘
2398,11:02:09,11.28,0.01,64,72192,买盘
2399,11:02:06,11.27,-0.01,97,109319,卖盘
2400,11:02:03,11.28,--,67,75576,买盘
2401,11:02:00,11.28,--,8,9024,买盘
2402,11:01:57,11.28,--,11,12408,买盘
2403,11:01:54,11.28,--,1,1128,买盘
2404,11:01:51,11.28,-0.02,20,22560,卖盘
2405,11:01:48,11.3,0.02,5,5650,买盘
2406,11:01:45,11.28,-0.02,8,9024,卖盘
2407,11:01:42,11.3,0.02,1,1130,买盘
2408,11:01:33,11.28,-0.01,114,128591,卖盘
2409,11:01:30,11.29,--,3,3386,买盘
2410,11:01:27,11.29,0.01,34,38386,买盘
2411,11:01:24,11.28,--,7,7896,卖盘
2412,11:01:21,11.28,--,15,16920,买盘
2413,11:01:18,11.28,--,2,2256,买盘
2414,11:01:15,11.28,0.01,13,14664,买盘
2415,11:01:12,11.27,-0.01,106,119462,卖盘
2416,11:01:09,11.28,-0.01,94,106032,卖盘
2417,11:01:06,11.29,-0.01,61,68869,卖盘
2418,11:01:03,11.3,--,296,334480,买盘
2419,11:01:00,11.3,0.01,340,384200,买盘
2420,11:00:57,11.29,--,249,281121,卖盘
2421,11:00:54,11.29,-0.01,213,240476,卖盘
2422,11:00:51,11.3,--,18,20340,买盘
2423,11:00:48,11.3,0.01,20,22600,买盘
2424,11:00:42,11.29,--,7,7902,卖盘
2425,11:00:39,11.29,--,9,10161,卖盘
2426,11:00:36,11.29,-0.01,3,3386,卖盘
2427,11:00:33,11.3,0.01,4,4520,买盘
2428,11:00:30,11.29,--,30,33870,卖盘
2429,11:00:27,11.29,-0.01,13,14676,卖盘
2430,11:00:24,11.3,--,1,1130,买盘
2431,11:00:21,11.3,0.01,1,1130,买盘
2432,11:00:18,11.29,-0.01,26,29353,卖盘
2433,11:00:15,11.3,--,6,6780,买盘
2434,11:00:12,11.3,--,4,4520,买盘
2435,11:00:09,11.3,--,42,47460,买盘
2436,11:00:06,11.3,--,16,18080,买盘
2437,11:00:03,11.3,--,73,82490,买盘
2438,11:00:00,11.3,--,40,45200,买盘
2439,10:59:57,11.3,0.01,2,2260,买盘
2440,10:59:54,11.29,-0.01,9,10161,卖盘
2441,10:59:51,11.3,--,37,41810,买盘
2442,10:59:45,11.3,--,31,35030,买盘
2443,10:59:42,11.3,--,1,1130,买盘
2444,10:59:36,11.3,0.01,7,7910,买盘
2445,10:59:33,11.29,--,47,53062,买盘
2446,10:59:30,11.29,--,10,11290,买盘
2447,10:59:27,11.29,0.02,2,2258,买盘
2448,10:59:24,11.27,--,7,7889,卖盘
2449,10:59:18,11.27,-0.02,53,59731,卖盘
2450,10:59:15,11.29,0.01,1,1129,买盘
2451,10:59:12,11.28,--,18,20304,卖盘
2452,10:59:09,11.28,--,26,29328,买盘
2453,10:59:06,11.28,-0.02,5,5640,卖盘
2454,10:59:03,11.3,0.02,60,67800,买盘
2455,10:59:00,11.28,-0.02,56,63168,卖盘
2456,10:58:54,11.3,0.02,9,10170,买盘
2457,10:58:51,11.28,-0.01,63,71064,卖盘
2458,10:58:42,11.29,--,2,2258,买盘
2459,10:58:39,11.29,0.01,33,37257,买盘
2460,10:58:36,11.28,-0.01,3,3384,卖盘
2461,10:58:33,11.29,0.01,4,4516,买盘
2462,10:58:30,11.28,--,21,23688,卖盘
2463,10:58:27,11.28,-0.01,9,10152,卖盘
2464,10:58:21,11.29,0.01,21,23709,买盘
2465,10:58:18,11.28,--,5,5640,卖盘
2466,10:58:15,11.28,-0.01,7,7896,卖盘
2467,10:58:12,11.29,--,8,9032,买盘
2468,10:58:09,11.29,--,22,24837,买盘
2469,10:58:06,11.29,--,11,12418,买盘
2470,10:58:03,11.29,--,5,5645,买盘
2471,10:58:00,11.29,--,60,67740,买盘
2472,10:57:57,11.29,--,30,33870,买盘
2473,10:57:54,11.29,0.01,22,24837,买盘
2474,10:57:51,11.28,0.01,128,144384,买盘
2475,10:57:48,11.27,--,12,13524,卖盘
2476,10:57:45,11.27,-0.02,125,140875,卖盘
2477,10:57:42,11.29,0.01,71,80159,买盘
2478,10:57:39,11.28,0.01,38,42864,中性盘
2479,10:57:33,11.27,-0.02,8,9016,卖盘
2480,10:57:27,11.29,0.02,1,1129,买盘
2481,10:57:21,11.27,-0.02,14,15778,卖盘
2482,10:57:18,11.29,--,18,20322,买盘
2483,10:57:15,11.29,--,3,3386,买盘
2484,10:57:12,11.29,0.02,6,6773,买盘
2485,10:57:09,11.27,-0.02,29,32683,卖盘
2486,10:57:06,11.29,--,1,1129,买盘
2487,10:57:03,11.29,--,1,1129,买盘
2488,10:57:00,11.29,--,68,76772,买盘
2489,10:56:57,11.29,0.01,28,31611,买盘
2490,10:56:54,11.28,--,41,46248,买盘
2491,10:56:51,11.28,--,24,27072,卖盘
2492,10:56:48,11.28,--,160,180480,卖盘
2493,10:56:45,11.28,--,195,219960,卖盘
2494,10:56:42,11.28,--,129,145512,卖盘
2495,10:56:39,11.28,-0.01,23,25944,卖盘
2496,10:56:36,11.29,--,15,16935,买盘
2497,10:56:30,11.29,--,1,1129,买盘
2498,10:56:27,11.29,0.01,17,19193,买盘
2499,10:56:24,11.28,--,8,9024,卖盘
2500,10:56:21,11.28,-0.01,4,4512,卖盘
2501,10:56:18,11.29,0.01,24,27095,买盘
2502,10:56:15,11.28,-0.01,7,7896,卖盘
2503,10:56:12,11.29,--,5,5645,买盘
2504,10:56:09,11.29,--,72,81288,买盘
2505,10:56:06,11.29,--,1,1129,买盘
2506,10:56:03,11.29,--,10,11290,买盘
2507,10:56:00,11.29,--,79,89191,买盘
2508,10:55:54,11.29,--,15,16935,买盘
2509,10:55:51,11.29,--,6,6773,买盘
2510,10:55:48,11.29,0.01,3,3386,买盘
2511,10:55:42,11.28,--,48,54144,卖盘
2512,10:55:39,11.28,-0.01,1,1128,卖盘
2513,10:55:36,11.29,0.01,27,30482,买盘
2514,10:55:30,11.28,--,8,9024,卖盘
2515,10:55:24,11.28,--,2,2256,卖盘
2516,10:55:21,11.28,-0.01,111,125208,卖盘
2517,10:55:18,11.29,--,3,3386,买盘
2518,10:55:15,11.29,--,42,47418,买盘
2519,10:55:12,11.29,0.01,7,7902,买盘
2520,10:55:09,11.28,-0.01,30,33840,卖盘
2521,10:55:06,11.29,-0.01,9,10161,买盘
2522,10:55:03,11.3,--,1,1130,买盘
2523,10:55:00,11.3,0.02,60,67800,买盘
2524,10:54:57,11.28,-0.02,11,12408,卖盘
2525,10:54:54,11.3,0.02,24,27120,买盘
2526,10:54:51,11.28,-0.01,92,103776,卖盘
2527,10:54:48,11.29,0.01,9,10161,买盘
2528,10:54:45,11.28,-0.01,11,12408,卖盘
2529,10:54:42,11.29,--,2,2258,买盘
2530,10:54:39,11.29,0.01,5,5645,买盘
2531,10:54:36,11.28,-0.02,8,9024,卖盘
2532,10:54:33,11.3,--,27,30510,买盘
2533,10:54:30,11.3,--,1,1130,买盘
2534,10:54:27,11.3,0.02,7,7910,买盘
2535,10:54:24,11.28,-0.02,11,12408,卖盘
2536,10:54:21,11.3,--,1,1130,买盘
2537,10:54:18,11.3,0.03,13,14690,买盘
2538,10:54:15,11.27,-0.03,8,9016,卖盘
2539,10:54:12,11.3,0.03,32,36160,买盘
2540,10:54:09,11.27,--,72,81144,卖盘
2541,10:54:06,11.27,-0.03,2,2254,卖盘
2542,10:54:03,11.3,--,22,24860,买盘
2543,10:54:00,11.3,0.02,64,72320,买盘
2544,10:53:57,11.28,-0.02,15,16920,卖盘
2545,10:53:54,11.3,0.02,4,4520,买盘
2546,10:53:51,11.28,-0.02,28,31584,卖盘
2547,10:53:45,11.3,--,4,4520,买盘
2548,10:53:42,11.3,--,14,15820,买盘
2549,10:53:39,11.3,--,2,2260,买盘
2550,10:53:36,11.3,0.02,8,9040,买盘
2551,10:53:33,11.28,--,8,9024,卖盘
2552,10:53:30,11.28,--,19,21432,卖盘
2553,10:53:27,11.28,--,24,27072,买盘
2554,10:53:24,11.28,-0.02,76,85728,卖盘
2555,10:53:21,11.3,0.02,19,21470,买盘
2556,10:53:18,11.28,-0.02,357,402696,卖盘
2557,10:53:12,11.3,0.02,1,1130,买盘
2558,10:53:09,11.28,-0.02,43,48504,卖盘
2559,10:53:06,11.3,0.01,348,393240,买盘
2560,10:53:03,11.29,-0.01,3,3386,中性盘
2561,10:53:00,11.3,0.01,82,92660,买盘
2562,10:52:57,11.29,0.01,11,12418,买盘
2563,10:52:54,11.28,-0.01,3,3384,卖盘
2564,10:52:51,11.29,0.01,3,3386,买盘
2565,10:52:45,11.28,--,9,10152,卖盘
2566,10:52:42,11.28,-0.01,6,6768,卖盘
2567,10:52:39,11.29,0.01,25,28224,买盘
2568,10:52:36,11.28,-0.01,44,49632,卖盘
2569,10:52:33,11.29,0.01,13,14676,买盘
2570,10:52:30,11.28,--,14,15792,卖盘
2571,10:52:27,11.28,--,58,65423,卖盘
2572,10:52:24,11.28,--,7,7896,卖盘
2573,10:52:18,11.28,--,15,16920,卖盘
2574,10:52:15,11.28,--,10,11280,卖盘
2575,10:52:12,11.28,--,34,38352,卖盘
2576,10:52:09,11.28,-0.02,21,23688,卖盘
2577,10:52:06,11.3,0.02,64,72320,买盘
2578,10:52:03,11.28,-0.02,9,10152,卖盘
2579,10:52:00,11.3,0.02,64,72320,买盘
2580,10:51:57,11.28,-0.01,2,2256,卖盘
2581,10:51:54,11.29,0.01,32,36128,买盘
2582,10:51:51,11.28,-0.01,8,9024,卖盘
2583,10:51:42,11.29,0.01,1,1129,买盘
2584,10:51:39,11.28,-0.01,8,9024,卖盘
2585,10:51:36,11.29,0.01,18,20322,买盘
2586,10:51:33,11.28,--,6,6768,卖盘
2587,10:51:30,11.28,--,10,11280,卖盘
2588,10:51:27,11.28,-0.01,20,22560,卖盘
2589,10:51:21,11.29,0.01,15,16935,买盘
2590,10:51:18,11.28,--,7,7896,卖盘
2591,10:51:15,11.28,-0.02,11,12408,卖盘
2592,10:51:12,11.3,0.02,27,30510,买盘
2593,10:51:09,11.28,-0.01,21,23688,卖盘
2594,10:51:06,11.29,--,13,14676,买盘
2595,10:51:03,11.29,--,3,3386,买盘
2596,10:51:00,11.29,0.01,60,67740,买盘
2597,10:50:57,11.28,--,8,9024,卖盘
2598,10:50:54,11.28,-0.01,27,30456,卖盘
2599,10:50:45,11.29,--,9,10161,买盘
2600,10:50:42,11.29,-0.01,35,39785,卖盘
2601,10:50:36,11.3,0.01,25,28250,买盘
2602,10:50:33,11.29,--,29,32740,卖盘
2603,10:50:30,11.29,--,4,4516,卖盘
2604,10:50:21,11.29,-0.01,9,10161,卖盘
2605,10:50:12,11.3,0.01,31,35030,买盘
2606,10:50:09,11.29,--,23,25966,卖盘
2607,10:50:06,11.29,--,5,5645,卖盘
2608,10:50:03,11.29,0.02,162,183756,买盘
2609,10:50:00,11.27,-0.02,69,77763,卖盘
2610,10:49:51,11.29,0.02,34,38386,买盘
2611,10:49:48,11.27,-0.02,31,34937,卖盘
2612,10:49:42,11.29,0.02,1,1129,买盘
2613,10:49:39,11.27,--,149,167923,卖盘
2614,10:49:36,11.27,-0.02,19,21413,卖盘
2615,10:49:33,11.29,0.02,21,23709,买盘
2616,10:49:27,11.27,--,8,9016,卖盘
2617,10:49:18,11.27,-0.02,7,7889,卖盘
2618,10:49:15,11.29,--,1,1129,买盘
2619,10:49:12,11.29,0.02,2,2258,买盘
2620,10:49:09,11.27,-0.02,21,23667,卖盘
2621,10:49:06,11.29,--,32,36128,买盘
2622,10:49:00,11.29,0.02,61,68869,买盘
2623,10:48:57,11.27,--,12,13524,卖盘
2624,10:48:54,11.27,-0.02,7,7889,卖盘
2625,10:48:45,11.29,0.02,22,24837,买盘
2626,10:48:42,11.27,-0.02,12,13524,卖盘
2627,10:48:39,11.29,--,53,59836,买盘
2628,10:48:36,11.29,0.01,55,62094,买盘
2629,10:48:33,11.28,-0.01,44,49632,卖盘
2630,10:48:27,11.29,0.01,24,27095,买盘
2631,10:48:24,11.28,0.01,6,6768,买盘
2632,10:48:21,11.27,--,8,9016,卖盘
2633,10:48:18,11.27,-0.01,12,13524,卖盘
2634,10:48:15,11.28,--,44,49632,卖盘
2635,10:48:09,11.28,-0.01,49,55272,卖盘
2636,10:48:06,11.29,--,2,2258,买盘
2637,10:48:00,11.29,0.01,68,76772,买盘
2638,10:47:57,11.28,--,11,12408,买盘
2639,10:47:51,11.28,0.01,23,25944,买盘
2640,10:47:48,11.27,-0.01,8,9016,卖盘
2641,10:47:45,11.28,0.01,15,16920,买盘
2642,10:47:42,11.27,--,4,4508,卖盘
2643,10:47:36,11.27,-0.01,9,10143,卖盘
2644,10:47:33,11.28,0.01,35,39480,买盘
2645,10:47:27,11.27,--,17,19159,卖盘
2646,10:47:21,11.27,--,6,6762,卖盘
2647,10:47:18,11.27,--,4,4508,卖盘
2648,10:47:15,11.27,-0.01,18,20286,卖盘
2649,10:47:12,11.28,0.01,1,1128,中性盘
2650,10:47:09,11.27,--,52,58604,卖盘
2651,10:47:06,11.27,--,9,10143,卖盘
2652,10:47:03,11.27,-0.02,95,107065,卖盘
2653,10:47:00,11.29,--,60,67740,买盘
2654,10:46:57,11.29,0.02,15,16935,买盘
2655,10:46:54,11.27,--,8,9016,卖盘
2656,10:46:48,11.27,-0.02,29,32683,卖盘
2657,10:46:45,11.29,0.02,1,1129,买盘
2658,10:46:42,11.27,--,39,43953,卖盘
2659,10:46:36,11.27,-0.01,85,95795,卖盘
2660,10:46:33,11.28,-0.01,8,9024,卖盘
2661,10:46:30,11.29,0.01,25,28224,买盘
2662,10:46:27,11.28,--,142,160176,买盘
2663,10:46:24,11.28,0.01,21,23688,买盘
2664,10:46:21,11.27,-0.01,11,12397,卖盘
2665,10:46:18,11.28,--,2,2256,买盘
2666,10:46:12,11.28,0.01,1,1128,买盘
2667,10:46:09,11.27,-0.01,29,32683,卖盘
2668,10:46:06,11.28,--,3,3384,买盘
2669,10:46:03,11.28,--,1,1128,买盘
2670,10:46:00,11.28,--,67,75576,买盘
2671,10:45:57,11.28,0.01,1,1128,买盘
2672,10:45:54,11.27,-0.01,24,27048,卖盘
2673,10:45:51,11.28,--,22,24816,买盘
2674,10:45:48,11.28,--,1,1128,买盘
2675,10:45:45,11.28,-0.01,70,78960,中性盘
2676,10:45:36,11.29,0.01,27,30482,买盘
2677,10:45:27,11.28,--,1,1128,卖盘
2678,10:45:24,11.28,--,2,2256,买盘
2679,10:45:18,11.28,-0.01,2,2256,卖盘
2680,10:45:15,11.29,0.01,28,31611,买盘
2681,10:45:12,11.28,--,1,1128,买盘
2682,10:45:09,11.28,-0.01,6,6768,卖盘
2683,10:45:03,11.29,--,15,16935,买盘
2684,10:45:00,11.29,--,60,67740,买盘
2685,10:44:57,11.29,--,1,1129,买盘
2686,10:44:54,11.29,0.01,25,28224,买盘
2687,10:44:45,11.28,0.01,2,2256,中性盘
2688,10:44:39,11.27,--,41,46207,卖盘
2689,10:44:33,11.27,-0.02,21,23667,卖盘
2690,10:44:27,11.29,0.02,4,4516,买盘
2691,10:44:21,11.27,--,41,46207,卖盘
2692,10:44:09,11.27,-0.02,34,38318,卖盘
2693,10:44:00,11.29,--,60,67740,买盘
2694,10:43:57,11.29,--,3,3386,买盘
2695,10:43:54,11.29,0.02,5,5645,买盘
2696,10:43:48,11.27,-0.02,4,4508,卖盘
2697,10:43:45,11.29,--,20,22580,买盘
2698,10:43:33,11.29,0.01,22,24837,买盘
2699,10:43:30,11.28,-0.01,91,102648,卖盘
2700,10:43:27,11.29,--,1,1129,买盘
2701,10:43:24,11.29,0.01,25,28224,买盘
2702,10:43:18,11.28,-0.01,30,33840,卖盘
2703,10:43:12,11.29,0.01,72,81288,买盘
2704,10:43:09,11.28,-0.01,32,36096,卖盘
2705,10:43:03,11.29,--,19,21451,买盘
2706,10:43:00,11.29,--,93,104996,买盘
2707,10:42:57,11.29,--,31,34999,买盘
2708,10:42:48,11.29,0.01,15,16935,买盘
2709,10:42:45,11.28,--,244,275232,买盘
2710,10:42:36,11.28,0.01,20,22560,买盘
2711,10:42:33,11.27,-0.01,15,16905,卖盘
2712,10:42:27,11.28,--,81,91368,买盘
2713,10:42:24,11.28,--,2,2256,买盘
2714,10:42:15,11.28,--,26,29328,买盘
2715,10:42:09,11.28,--,22,24816,买盘
2716,10:42:03,11.28,--,56,63168,买盘
2717,10:42:00,11.28,--,11,12408,买盘
2718,10:41:57,11.28,--,63,71064,买盘
2719,10:41:54,11.28,--,27,30456,买盘
2720,10:41:51,11.28,--,10,11280,买盘
2721,10:41:45,11.28,--,45,50760,买盘
2722,10:41:42,11.28,--,6,6768,买盘
2723,10:41:36,11.28,--,7,7896,买盘
2724,10:41:30,11.28,--,146,164688,买盘
2725,10:41:27,11.28,0.01,1,1128,买盘
2726,10:41:24,11.27,--,24,27048,卖盘
2727,10:41:21,11.27,--,12,13524,卖盘
2728,10:41:18,11.27,-0.01,5,5635,卖盘
2729,10:41:15,11.28,--,1,1128,买盘
2730,10:41:12,11.28,0.01,45,50760,买盘
2731,10:41:09,11.27,-0.01,10,11270,卖盘
2732,10:41:06,11.28,0.02,3,3384,买盘
2733,10:41:03,11.26,-0.02,26,29276,卖盘
2734,10:40:57,11.28,0.01,64,72192,买盘
2735,10:40:54,11.27,--,81,91287,卖盘
2736,10:40:51,11.27,--,8,9016,中性盘
2737,10:40:45,11.27,-0.01,30,33810,卖盘
2738,10:40:39,11.28,0.01,2,2256,买盘
2739,10:40:36,11.27,-0.01,8,9016,卖盘
2740,10:40:33,11.28,--,19,21432,买盘
2741,10:40:27,11.28,0.01,6,6768,买盘
2742,10:40:24,11.27,--,5,5635,卖盘
2743,10:40:21,11.27,-0.01,8,9016,卖盘
2744,10:40:15,11.28,0.01,25,28200,买盘
2745,10:40:12,11.27,-0.01,77,86779,卖盘
2746,10:40:09,11.28,--,24,27072,买盘
2747,10:40:03,11.28,--,1,1128,买盘
2748,10:40:00,11.28,--,114,128591,买盘
2749,10:39:57,11.28,--,60,67680,买盘
2750,10:39:54,11.28,--,127,143256,买盘
2751,10:39:51,11.28,--,1,1128,买盘
2752,10:39:45,11.28,--,8,9024,买盘
2753,10:39:42,11.28,0.01,9,10152,买盘
2754,10:39:39,11.27,--,10,11270,卖盘
2755,10:39:36,11.27,--,45,50715,卖盘
2756,10:39:33,11.27,-0.01,44,49588,卖盘
2757,10:39:24,11.28,0.01,1,1128,买盘
2758,10:39:21,11.27,-0.01,9,10143,卖盘
2759,10:39:18,11.28,--,23,25944,买盘
2760,10:39:15,11.28,--,2,2256,买盘
2761,10:39:12,11.28,0.01,1,1128,买盘
2762,10:39:09,11.27,-0.01,21,23667,卖盘
2763,10:39:06,11.28,--,2,2256,买盘
2764,10:39:03,11.28,--,1,1128,买盘
2765,10:39:00,11.28,--,23,25944,买盘
2766,10:38:57,11.28,0.01,104,117312,买盘
2767,10:38:54,11.27,--,18,20286,卖盘
2768,10:38:51,11.27,--,48,54096,卖盘
2769,10:38:45,11.27,-0.01,30,33810,卖盘
2770,10:38:42,11.28,--,23,25944,买盘
2771,10:38:39,11.28,0.01,2,2256,买盘
2772,10:38:36,11.27,--,3,3381,卖盘
2773,10:38:30,11.27,-0.01,1,1127,卖盘
2774,10:38:27,11.28,0.01,1,1128,买盘
2775,10:38:24,11.27,--,10,11270,卖盘
2776,10:38:21,11.27,-0.01,111,125097,卖盘
2777,10:38:18,11.28,--,14,15792,买盘
2778,10:38:15,11.28,--,10,11280,买盘
2779,10:38:12,11.28,0.01,1,1128,买盘
2780,10:38:09,11.27,-0.01,25,28175,卖盘
2781,10:38:06,11.28,--,1,1128,买盘
2782,10:38:00,11.28,0.01,22,24816,买盘
2783,10:37:57,11.27,--,70,78890,卖盘
2784,10:37:54,11.27,-0.01,72,81144,卖盘
2785,10:37:48,11.28,0.01,3,3384,买盘
2786,10:37:42,11.27,-0.01,51,57477,卖盘
2787,10:37:39,11.28,--,1,1128,买盘
2788,10:37:33,11.28,--,15,16920,买盘
2789,10:37:30,11.28,--,1,1128,买盘
2790,10:37:21,11.28,--,2,2256,买盘
2791,10:37:18,11.28,--,11,12408,买盘
2792,10:37:12,11.28,0.01,6,6768,买盘
2793,10:37:09,11.27,--,117,131859,卖盘
2794,10:37:06,11.27,-0.01,60,67620,卖盘
2795,10:37:03,11.28,--,4,4512,买盘
2796,10:36:57,11.28,--,60,67680,买盘
2797,10:36:51,11.28,--,3,3384,买盘
2798,10:36:48,11.28,--,31,34968,买盘
2799,10:36:42,11.28,--,1,1128,买盘
2800,10:36:39,11.28,--,22,24816,买盘
2801,10:36:27,11.28,0.01,1,1128,买盘
2802,10:36:24,11.27,-0.01,13,14651,卖盘
2803,10:36:21,11.28,-0.01,1,1128,卖盘
2804,10:36:18,11.29,0.01,15,16935,买盘
2805,10:36:15,11.28,--,13,14664,买盘
2806,10:36:12,11.28,--,99,111672,卖盘
2807,10:36:09,11.28,--,22,24816,卖盘
2808,10:36:06,11.28,-0.01,20,22560,卖盘
2809,10:36:00,11.29,0.01,15,16935,买盘
2810,10:35:57,11.28,-0.01,95,107160,卖盘
2811,10:35:54,11.29,--,2,2258,买盘
2812,10:35:51,11.29,0.01,46,51933,买盘
2813,10:35:48,11.28,-0.01,16,18048,卖盘
2814,10:35:42,11.29,0.01,16,18064,买盘
2815,10:35:39,11.28,--,17,19176,卖盘
2816,10:35:33,11.28,-0.01,460,518879,卖盘
2817,10:35:30,11.29,--,22,24837,买盘
2818,10:35:27,11.29,0.01,4,4516,买盘
2819,10:35:21,11.28,-0.01,3,3384,卖盘
2820,10:35:18,11.29,--,6,6773,卖盘
2821,10:35:12,11.29,--,33,37257,卖盘
2822,10:35:09,11.29,--,21,23709,卖盘
2823,10:35:06,11.29,-0.01,204,230315,卖盘
2824,10:35:03,11.3,--,9,10170,买盘
2825,10:35:00,11.3,--,35,39550,买盘
2826,10:34:57,11.3,0.01,144,162720,买盘
