,time,price,change,volume,amount,type
0,15:00:03,11.11,0.01,8593,9547322,买盘
1,14:57:00,11.1,--,60,66600,买盘
2,14:56:57,11.1,0.01,13,14430,买盘
3,14:56:51,11.09,-0.01,1,1109,卖盘
4,14:56:48,11.1,--,34,37740,买盘
5,14:56:45,11.1,0.01,35,38850,中性盘
6,14:56:39,11.09,--,52,57668,买盘
7,14:56:33,11.09,0.01,1,1109,买盘
8,14:56:30,11.08,-0.01,12,13296,卖盘
9,14:56:27,11.09,0.01,123,136407,卖盘
10,14:56:18,11.08,-0.02,20,22160,卖盘
11,14:56:15,11.1,0.01,57,63270,卖盘
12,14:56:06,11.09,--,702,778518,买盘
13,14:56:03,11.09,--,83,92047,卖盘
14,14:56:00,11.09,-0.02,20,22180,卖盘
15,14:55:57,11.11,--,13,14443,买盘
16,14:55:54,11.11,0.03,7,7777,买盘
17,14:55:51,11.08,--,40,44320,卖盘
18,14:55:48,11.08,-0.03,31,34348,卖盘
19,14:55:45,11.11,--,3,3333,买盘
20,14:55:42,11.11,--,20,22220,买盘
21,14:55:39,11.11,--,6,6666,买盘
22,14:55:36,11.11,--,33,36663,买盘
23,14:55:33,11.11,--,2,2222,买盘
24,14:55:27,11.11,0.03,1,1111,买盘
25,14:55:24,11.08,-0.03,11,12188,卖盘
26,14:55:21,11.11,0.04,5,5555,买盘
27,14:55:18,11.07,-0.04,23,25461,卖盘
28,14:55:15,11.11,0.03,4,4444,买盘
29,14:55:12,11.08,-0.06,24,26592,卖盘
30,14:55:09,11.14,0.02,699,778686,买盘
31,14:55:06,11.12,0.04,3978,4423536,买盘
32,14:55:03,11.08,--,113,125204,买盘
33,14:55:00,11.08,0.01,38,42104,买盘
34,14:54:57,11.07,-0.01,46,50922,卖盘
35,14:54:54,11.08,--,12,13296,买盘
36,14:54:51,11.08,0.01,74,81992,买盘
37,14:54:48,11.07,-0.01,12,13284,卖盘
38,14:54:39,11.08,--,18,19944,买盘
39,14:54:36,11.08,0.01,97,107476,买盘
40,14:54:33,11.07,-0.01,82,90774,卖盘
41,14:54:30,11.08,0.01,61,67588,买盘
42,14:54:27,11.07,--,26,28782,卖盘
43,14:54:24,11.07,-0.01,15,16605,卖盘
44,14:54:21,11.08,--,155,171740,买盘
45,14:54:18,11.08,0.01,49,54292,买盘
46,14:54:15,11.07,--,22,24354,卖盘
47,14:54:12,11.07,-0.01,53,58671,卖盘
48,14:54:09,11.08,0.01,9,9972,买盘
49,14:54:06,11.07,--,39,43173,卖盘
50,14:54:03,11.07,--,15,16605,卖盘
51,14:53:54,11.07,--,19,21033,卖盘
52,14:53:51,11.07,-0.01,50,55350,卖盘
53,14:53:48,11.08,0.01,8,8864,买盘
54,14:53:45,11.07,--,35,38745,卖盘
55,14:53:42,11.07,--,82,90774,卖盘
56,14:53:39,11.07,--,77,85239,卖盘
57,14:53:36,11.07,--,35,38745,卖盘
58,14:53:30,11.07,--,165,182655,卖盘
59,14:53:27,11.07,-0.01,78,86346,卖盘
60,14:53:24,11.08,--,259,286972,买盘
61,14:53:21,11.08,0.01,23,25484,买盘
62,14:53:18,11.07,--,24,26568,卖盘
63,14:53:15,11.07,-0.01,35,38745,卖盘
64,14:53:12,11.08,--,53,58724,买盘
65,14:53:09,11.08,--,25,27700,买盘
66,14:52:57,11.08,0.01,108,119664,买盘
67,14:52:51,11.07,--,22,24354,卖盘
68,14:52:45,11.07,-0.01,100,110700,卖盘
69,14:52:42,11.08,--,27,29916,买盘
70,14:52:39,11.08,0.01,76,84208,买盘
71,14:52:36,11.07,-0.01,163,180441,卖盘
72,14:52:33,11.08,0.01,4,4432,买盘
73,14:52:30,11.07,--,134,148338,卖盘
74,14:52:27,11.07,--,50,55350,卖盘
75,14:52:24,11.07,--,67,74169,卖盘
76,14:52:21,11.07,-0.01,300,332100,卖盘
77,14:52:18,11.08,0.01,3,3324,买盘
78,14:52:15,11.07,--,10,11070,卖盘
79,14:52:09,11.07,-0.01,8,8856,卖盘
80,14:52:03,11.08,--,1,1108,买盘
81,14:51:57,11.08,0.01,12,13296,买盘
82,14:51:54,11.07,--,3,3321,卖盘
83,14:51:51,11.07,-0.02,40,44280,卖盘
84,14:51:39,11.09,0.02,64,70976,买盘
85,14:51:36,11.07,-0.02,132,146124,卖盘
86,14:51:33,11.09,--,9,9981,买盘
87,14:51:30,11.09,0.01,16,17744,买盘
88,14:51:21,11.08,--,16,17728,买盘
89,14:51:15,11.08,--,20,22160,买盘
90,14:51:12,11.08,-0.01,74,81992,中性盘
91,14:51:03,11.09,0.01,158,175222,买盘
92,14:51:00,11.08,--,322,356776,卖盘
93,14:50:57,11.08,-0.01,8,8864,卖盘
94,14:50:54,11.09,0.01,2,2218,买盘
95,14:50:51,11.08,--,72,79776,卖盘
96,14:50:48,11.08,-0.01,87,96396,卖盘
97,14:50:45,11.09,0.01,10,11090,买盘
98,14:50:36,11.08,-0.01,94,104152,卖盘
99,14:50:21,11.09,0.02,3,3327,买盘
100,14:50:18,11.07,-0.02,99,109593,卖盘
101,14:50:15,11.09,0.02,56,62104,买盘
102,14:50:12,11.07,-0.01,195,215865,卖盘
103,14:50:06,11.08,-0.01,1,1108,卖盘
104,14:50:03,11.09,--,5,5545,买盘
105,14:50:00,11.09,0.03,4,4436,买盘
106,14:49:48,11.06,-0.03,92,101774,卖盘
107,14:49:45,11.09,--,5,5545,买盘
108,14:49:36,11.09,-0.01,7,7763,卖盘
109,14:49:33,11.1,0.01,58,64380,买盘
110,14:49:30,11.09,--,27,29943,卖盘
111,14:49:24,11.09,0.03,19,21071,买盘
112,14:49:21,11.06,-0.01,128,141568,卖盘
113,14:49:18,11.07,-0.03,92,101844,卖盘
114,14:49:15,11.1,0.03,204,226440,买盘
115,14:49:12,11.07,-0.02,1010,1118070,卖盘
116,14:49:09,11.09,--,279,309411,买盘
117,14:49:06,11.09,0.01,1510,1674590,买盘
118,14:49:00,11.08,-0.01,3,3324,卖盘
119,14:48:54,11.09,0.01,68,75412,买盘
120,14:48:51,11.08,--,92,101936,卖盘
121,14:48:48,11.08,-0.01,6,6648,卖盘
122,14:48:42,11.09,0.01,191,211819,买盘
123,14:48:39,11.08,-0.01,12,13296,卖盘
124,14:48:36,11.09,--,5,5545,卖盘
125,14:48:30,11.09,-0.01,20,22180,卖盘
126,14:48:24,11.1,0.01,63,69930,买盘
127,14:48:21,11.09,--,92,102028,卖盘
128,14:48:18,11.09,--,31,34379,卖盘
129,14:48:12,11.09,--,9,9981,卖盘
130,14:48:06,11.09,--,5,5545,卖盘
131,14:48:03,11.09,--,69,76521,买盘
132,14:48:00,11.09,0.01,13,14417,买盘
133,14:47:57,11.08,-0.01,2,2216,卖盘
134,14:47:51,11.09,0.01,7,7763,买盘
135,14:47:48,11.08,--,177,196116,卖盘
136,14:47:45,11.08,--,20,22160,卖盘
137,14:47:42,11.08,--,8,8864,卖盘
138,14:47:39,11.08,--,10,11080,卖盘
139,14:47:36,11.08,--,31,34348,卖盘
140,14:47:27,11.08,-0.02,211,233788,卖盘
141,14:47:21,11.1,0.02,50,55500,买盘
142,14:47:18,11.08,-0.01,92,101936,卖盘
143,14:47:15,11.09,--,23,25507,买盘
144,14:47:09,11.09,0.01,3,3327,中性盘
145,14:47:06,11.08,-0.02,16,17728,卖盘
146,14:47:03,11.1,0.01,11,12210,买盘
147,14:47:00,11.09,0.01,30,33270,买盘
148,14:46:57,11.08,--,161,178388,卖盘
149,14:46:54,11.08,--,15,16620,卖盘
150,14:46:51,11.08,--,7,7756,卖盘
151,14:46:48,11.08,-0.01,100,110800,卖盘
152,14:46:45,11.09,0.01,4,4436,买盘
153,14:46:42,11.08,-0.01,150,166200,卖盘
154,14:46:39,11.09,0.01,71,78739,买盘
155,14:46:36,11.08,-0.01,132,146256,卖盘
156,14:46:27,11.09,--,42,46578,卖盘
157,14:46:18,11.09,--,92,102028,卖盘
158,14:46:03,11.09,-0.01,113,125317,卖盘
159,14:46:00,11.1,--,16,17760,买盘
160,14:45:57,11.1,0.01,24,26640,买盘
161,14:45:51,11.09,--,1,1109,卖盘
162,14:45:48,11.09,--,5,5545,卖盘
163,14:45:36,11.09,-0.01,1,1109,卖盘
164,14:45:24,11.1,0.01,3,3330,买盘
165,14:45:18,11.09,--,40,44360,卖盘
166,14:45:15,11.09,0.01,10,11090,买盘
167,14:45:12,11.08,-0.01,25,27700,卖盘
168,14:45:06,11.09,--,70,77630,买盘
169,14:44:51,11.09,--,26,28834,买盘
170,14:44:48,11.09,0.01,42,46578,买盘
171,14:44:42,11.08,--,70,77560,卖盘
172,14:44:27,11.08,--,6,6648,卖盘
173,14:44:24,11.08,-0.01,9,9972,卖盘
174,14:44:18,11.09,0.01,24,26616,买盘
175,14:44:15,11.08,--,49,54292,卖盘
176,14:44:06,11.08,-0.01,24,26592,卖盘
177,14:44:03,11.09,--,16,17744,买盘
178,14:44:00,11.09,0.01,300,332700,买盘
179,14:43:54,11.08,-0.01,35,38780,卖盘
180,14:43:45,11.09,0.01,44,48796,买盘
181,14:43:42,11.08,-0.01,14,15512,卖盘
182,14:43:39,11.09,--,1,1109,买盘
183,14:43:33,11.09,--,20,22180,买盘
184,14:43:30,11.09,0.01,300,332700,买盘
185,14:43:27,11.08,--,3,3324,卖盘
186,14:43:21,11.08,--,5,5540,卖盘
187,14:43:18,11.08,-0.01,33,36564,卖盘
188,14:43:15,11.09,--,73,80957,买盘
189,14:43:06,11.09,0.01,5,5545,买盘
190,14:43:00,11.08,--,3,3324,卖盘
191,14:42:45,11.08,-0.01,10,11080,卖盘
192,14:42:42,11.09,0.01,54,59886,买盘
193,14:42:36,11.08,-0.01,23,25484,卖盘
194,14:42:33,11.09,--,104,115336,买盘
195,14:42:27,11.09,--,188,208492,买盘
196,14:42:24,11.09,0.01,2,2218,买盘
197,14:42:21,11.08,-0.01,20,22160,卖盘
198,14:42:18,11.09,0.01,5,5545,买盘
199,14:42:15,11.08,-0.01,143,158444,卖盘
200,14:42:12,11.09,--,10,11090,买盘
201,14:42:09,11.09,--,6,6654,买盘
202,14:42:06,11.09,--,6,6654,买盘
203,14:42:03,11.09,--,1,1109,买盘
204,14:41:51,11.09,--,24,26616,买盘
205,14:41:48,11.09,0.01,30,33270,买盘
206,14:41:42,11.08,-0.01,31,34348,卖盘
207,14:41:39,11.09,--,17,18853,买盘
208,14:41:27,11.09,0.01,11,12199,买盘
209,14:41:24,11.08,-0.01,133,147364,卖盘
210,14:41:18,11.09,--,2,2218,买盘
211,14:41:15,11.09,0.01,5,5545,买盘
212,14:41:12,11.08,--,9,9972,卖盘
213,14:41:09,11.08,--,416,460928,买盘
214,14:41:06,11.08,0.01,1,1108,买盘
215,14:41:00,11.07,-0.01,20,22140,卖盘
216,14:40:54,11.08,--,1,1108,买盘
217,14:40:51,11.08,--,26,28808,买盘
218,14:40:42,11.08,--,1,1108,买盘
219,14:40:39,11.08,--,2,2216,买盘
220,14:40:33,11.08,0.01,13,14404,买盘
221,14:40:27,11.07,--,78,86346,卖盘
222,14:40:24,11.07,-0.01,106,117342,卖盘
223,14:40:21,11.08,0.01,101,111908,买盘
224,14:40:18,11.07,--,13,14391,卖盘
225,14:40:12,11.07,-0.01,13,14391,卖盘
226,14:40:09,11.08,--,7,7756,买盘
227,14:40:06,11.08,0.01,1200,1329600,买盘
228,14:40:00,11.07,-0.01,30,33210,卖盘
229,14:39:57,11.08,--,56,62048,买盘
230,14:39:54,11.08,--,18,19944,买盘
231,14:39:48,11.08,0.01,1,1108,买盘
232,14:39:45,11.07,--,100,110700,卖盘
233,14:39:39,11.07,--,209,231363,卖盘
234,14:39:36,11.07,--,8,8856,卖盘
235,14:39:33,11.07,-0.01,8,8856,卖盘
236,14:39:27,11.08,--,15,16620,买盘
237,14:39:24,11.08,--,2,2216,买盘
238,14:39:15,11.08,--,2,2216,买盘
239,14:39:12,11.08,0.01,21,23268,买盘
240,14:39:09,11.07,-0.01,46,50922,卖盘
241,14:39:06,11.08,--,24,26592,买盘
242,14:39:03,11.08,0.01,1,1108,买盘
243,14:39:00,11.07,--,10,11070,卖盘
244,14:38:57,11.07,--,1,1107,卖盘
245,14:38:54,11.07,-0.01,2,2214,卖盘
246,14:38:51,11.08,0.01,1,1108,买盘
247,14:38:42,11.07,--,5,5535,卖盘
248,14:38:39,11.07,--,111,122877,卖盘
249,14:38:30,11.07,-0.01,22,24354,卖盘
250,14:38:27,11.08,0.01,1,1108,买盘
251,14:38:24,11.07,-0.01,3,3321,卖盘
252,14:38:21,11.08,0.01,18,19944,买盘
253,14:38:18,11.07,-0.01,15,16605,卖盘
254,14:38:12,11.08,0.01,23,25484,买盘
255,14:38:09,11.07,-0.01,55,60885,卖盘
256,14:38:06,11.08,--,6,6648,买盘
257,14:38:03,11.08,0.01,1,1108,买盘
258,14:37:57,11.07,-0.01,1,1107,卖盘
259,14:37:54,11.08,--,2,2216,买盘
260,14:37:48,11.08,0.01,9,9972,买盘
261,14:37:45,11.07,-0.01,30,33210,卖盘
262,14:37:42,11.08,--,1,1108,买盘
263,14:37:39,11.08,--,98,108584,买盘
264,14:37:36,11.08,--,4,4432,买盘
265,14:37:33,11.08,--,1,1108,买盘
266,14:37:21,11.08,--,2,2216,买盘
267,14:37:12,11.08,--,25,27700,买盘
268,14:37:09,11.08,0.01,59,65372,买盘
269,14:37:06,11.07,-0.01,30,33210,卖盘
270,14:37:00,11.08,0.01,1,1108,买盘
271,14:36:57,11.07,-0.01,20,22140,卖盘
272,14:36:48,11.08,0.01,2,2216,买盘
273,14:36:45,11.07,0.01,58,64206,中性盘
274,14:36:39,11.06,-0.02,46,50876,卖盘
275,14:36:36,11.08,--,4,4432,买盘
276,14:36:33,11.08,0.01,40,44320,买盘
277,14:36:30,11.07,-0.01,3,3321,中性盘
278,14:36:27,11.08,--,80,88640,买盘
279,14:36:24,11.08,0.01,15,16620,买盘
280,14:36:21,11.07,--,98,108486,卖盘
281,14:36:18,11.07,--,120,132840,卖盘
282,14:36:15,11.07,-0.01,22,24354,卖盘
283,14:36:12,11.08,0.01,160,177280,买盘
284,14:36:09,11.07,--,46,50922,卖盘
285,14:36:06,11.07,-0.01,2,2214,卖盘
286,14:36:03,11.08,--,7,7756,买盘
287,14:35:57,11.08,--,5,5540,买盘
288,14:35:51,11.08,--,11,12188,买盘
289,14:35:48,11.08,0.01,10,11080,买盘
290,14:35:45,11.07,--,15,16605,卖盘
291,14:35:39,11.07,-0.01,99,109593,卖盘
292,14:35:36,11.08,0.01,1,1108,买盘
293,14:35:30,11.07,-0.01,150,166050,卖盘
294,14:35:27,11.08,0.01,3,3324,买盘
295,14:35:24,11.07,--,90,99630,卖盘
296,14:35:21,11.07,-0.01,3,3321,卖盘
297,14:35:18,11.08,--,2,2216,买盘
298,14:35:15,11.08,0.01,1,1108,买盘
299,14:35:12,11.07,--,205,226935,卖盘
300,14:35:09,11.07,-0.01,55,60885,卖盘
301,14:35:06,11.08,--,1,1108,买盘
302,14:35:03,11.08,--,29,32132,买盘
303,14:34:54,11.08,0.01,1,1108,买盘
304,14:34:48,11.07,-0.01,23,25461,卖盘
305,14:34:42,11.08,0.01,9,9972,买盘
306,14:34:39,11.07,-0.01,116,128412,卖盘
307,14:34:36,11.08,--,3,3324,买盘
308,14:34:30,11.08,--,2,2216,买盘
309,14:34:27,11.08,0.01,24,26592,买盘
310,14:34:24,11.07,-0.01,65,71955,卖盘
311,14:34:21,11.08,0.01,11,12188,买盘
312,14:34:12,11.07,-0.01,10,11070,卖盘
313,14:34:09,11.08,--,56,62048,买盘
314,14:34:06,11.08,--,16,17728,买盘
315,14:33:57,11.08,--,32,35456,买盘
316,14:33:45,11.08,0.01,41,45428,买盘
317,14:33:42,11.07,-0.01,22,24354,卖盘
318,14:33:39,11.08,0.01,76,84208,买盘
319,14:33:36,11.07,-0.01,4,4428,卖盘
320,14:33:30,11.08,--,10,11080,买盘
321,14:33:27,11.08,--,3,3324,买盘
322,14:33:24,11.08,0.01,1,1108,买盘
323,14:33:21,11.07,--,110,121770,卖盘
324,14:33:15,11.07,-0.01,30,33210,卖盘
325,14:33:12,11.08,0.01,2,2216,买盘
326,14:33:09,11.07,-0.01,55,60885,卖盘
327,14:33:06,11.08,--,5,5540,买盘
328,14:33:03,11.08,--,1,1108,买盘
329,14:32:51,11.08,0.01,31,34348,买盘
330,14:32:48,11.07,-0.01,28,30996,卖盘
331,14:32:45,11.08,--,43,47644,买盘
332,14:32:39,11.08,--,48,53184,买盘
333,14:32:36,11.08,0.01,123,136284,买盘
334,14:32:33,11.07,-0.01,35,38745,卖盘
335,14:32:27,11.08,0.01,2,2216,买盘
336,14:32:18,11.07,-0.01,25,27675,卖盘
337,14:32:09,11.08,--,266,294728,买盘
338,14:32:06,11.08,--,8,8864,买盘
339,14:31:57,11.08,--,10,11080,买盘
340,14:31:54,11.08,0.01,101,111908,买盘
341,14:31:51,11.07,-0.01,10,11070,卖盘
342,14:31:48,11.08,0.01,30,33240,买盘
343,14:31:45,11.07,-0.01,20,22140,卖盘
344,14:31:42,11.08,0.01,32,35456,买盘
345,14:31:39,11.07,-0.01,48,53136,卖盘
346,14:31:33,11.08,--,3,3324,买盘
347,14:31:30,11.08,--,74,81992,买盘
348,14:31:21,11.08,--,2,2216,买盘
349,14:31:18,11.08,0.01,3,3324,买盘
350,14:31:15,11.07,--,5,5535,卖盘
351,14:31:09,11.07,-0.01,17,18819,卖盘
352,14:31:06,11.08,--,2,2216,买盘
353,14:30:57,11.08,0.01,1,1108,买盘
354,14:30:54,11.07,-0.01,15,16605,卖盘
355,14:30:48,11.08,--,27,29916,买盘
356,14:30:45,11.08,--,25,27700,买盘
357,14:30:42,11.08,--,3,3324,买盘
358,14:30:36,11.08,0.01,4,4432,买盘
359,14:30:33,11.07,--,281,311067,卖盘
360,14:30:24,11.07,-0.01,51,56457,卖盘
361,14:30:21,11.08,--,1,1108,买盘
362,14:30:15,11.08,0.01,8,8864,买盘
363,14:30:09,11.07,--,14,15498,卖盘
364,14:30:06,11.07,-0.01,9,9963,卖盘
365,14:30:03,11.08,--,11,12188,买盘
366,14:29:51,11.08,--,43,47644,买盘
367,14:29:45,11.08,--,63,69804,买盘
368,14:29:42,11.08,--,2,2216,买盘
369,14:29:39,11.08,--,3,3324,买盘
370,14:29:36,11.08,--,39,43212,买盘
371,14:29:33,11.08,--,3,3324,买盘
372,14:29:30,11.08,--,20,22160,买盘
373,14:29:27,11.08,--,3,3324,买盘
374,14:29:21,11.08,--,62,68696,买盘
375,14:29:18,11.08,0.01,1,1108,买盘
376,14:29:09,11.07,-0.01,31,34317,卖盘
377,14:29:06,11.08,0.01,31,34348,买盘
378,14:29:03,11.07,-0.01,9,9963,卖盘
379,14:29:00,11.08,0.01,2,2216,买盘
380,14:28:57,11.07,-0.01,4,4428,卖盘
381,14:28:54,11.08,--,2,2216,买盘
382,14:28:51,11.08,--,10,11080,买盘
383,14:28:45,11.08,0.01,1,1108,买盘
384,14:28:42,11.07,-0.01,10,11070,卖盘
385,14:28:39,11.08,0.01,13,14404,买盘
386,14:28:36,11.07,-0.01,3,3321,卖盘
387,14:28:33,11.08,0.01,1,1108,买盘
388,14:28:24,11.07,-0.01,1,1107,卖盘
389,14:28:21,11.08,0.01,31,34348,买盘
390,14:28:18,11.07,-0.01,10,11070,卖盘
391,14:28:12,11.08,--,3,3324,买盘
392,14:28:09,11.08,0.01,10,11080,买盘
393,14:28:06,11.07,-0.01,10,11070,卖盘
394,14:28:03,11.08,--,200,221600,买盘
395,14:28:00,11.08,0.01,1,1108,买盘
396,14:27:48,11.07,-0.01,92,101844,卖盘
397,14:27:45,11.08,0.01,132,146256,买盘
398,14:27:42,11.07,--,14,15498,卖盘
399,14:27:39,11.07,-0.01,181,200367,卖盘
400,14:27:36,11.08,--,9,9972,买盘
401,14:27:33,11.08,0.01,5,5540,买盘
402,14:27:27,11.07,-0.01,5,5535,卖盘
403,14:27:24,11.08,--,2,2216,买盘
404,14:27:21,11.08,0.01,2,2216,买盘
405,14:27:18,11.07,-0.01,34,37638,卖盘
406,14:27:15,11.08,0.01,1,1108,买盘
407,14:27:12,11.07,--,36,39852,卖盘
408,14:27:09,11.07,--,9,9963,卖盘
409,14:27:06,11.07,--,20,22140,卖盘
410,14:27:03,11.07,-0.01,12,13284,卖盘
411,14:26:57,11.08,0.01,3,3324,买盘
412,14:26:54,11.07,-0.01,66,73062,卖盘
413,14:26:51,11.08,0.01,49,54292,买盘
414,14:26:48,11.07,--,101,111807,卖盘
415,14:26:45,11.07,--,8,8856,卖盘
416,14:26:42,11.07,--,7,7749,卖盘
417,14:26:36,11.07,--,5,5535,卖盘
418,14:26:33,11.07,-0.01,31,34317,卖盘
419,14:26:30,11.08,0.01,1,1108,买盘
420,14:26:27,11.07,0.01,204,225828,中性盘
421,14:26:24,11.06,-0.01,500,553000,卖盘
422,14:26:21,11.07,--,17,18819,卖盘
423,14:26:18,11.07,--,11,12177,卖盘
424,14:26:15,11.07,--,3,3321,卖盘
425,14:26:12,11.07,-0.01,127,140589,卖盘
426,14:26:09,11.08,--,1,1108,买盘
427,14:26:06,11.08,0.01,19,21052,买盘
428,14:26:03,11.07,-0.01,10,11070,卖盘
429,14:25:57,11.08,0.01,1,1108,买盘
430,14:25:54,11.07,--,15,16605,卖盘
431,14:25:51,11.07,--,2,2214,卖盘
432,14:25:48,11.07,-0.01,287,317709,卖盘
433,14:25:45,11.08,--,2,2216,买盘
434,14:25:42,11.08,0.01,2,2216,买盘
435,14:25:36,11.07,-0.01,10,11070,卖盘
436,14:25:33,11.08,0.01,4,4432,买盘
437,14:25:27,11.07,--,5,5535,卖盘
438,14:25:24,11.07,--,11,12177,卖盘
439,14:25:21,11.07,-0.01,35,38745,卖盘
440,14:25:18,11.08,--,18,19944,买盘
441,14:25:15,11.08,--,3,3324,买盘
442,14:25:12,11.08,0.01,1,1108,买盘
443,14:25:09,11.07,--,9,9963,卖盘
444,14:25:06,11.07,-0.01,11,12177,卖盘
445,14:25:00,11.08,0.01,4,4432,买盘
446,14:24:57,11.07,-0.01,21,23247,卖盘
447,14:24:48,11.08,--,1,1108,买盘
448,14:24:45,11.08,--,10,11080,买盘
449,14:24:42,11.08,--,55,60940,买盘
450,14:24:39,11.08,--,1,1108,买盘
451,14:24:33,11.08,--,2,2216,买盘
452,14:24:27,11.08,0.01,7,7756,买盘
453,14:24:24,11.07,--,8,8856,卖盘
454,14:24:18,11.07,-0.01,184,203688,卖盘
455,14:24:15,11.08,0.01,32,35456,买盘
456,14:24:09,11.07,--,22,24354,卖盘
457,14:24:06,11.07,-0.01,9,9963,卖盘
458,14:24:03,11.08,0.01,12,13296,买盘
459,14:24:00,11.07,-0.01,62,68634,卖盘
460,14:23:54,11.08,--,1,1108,买盘
461,14:23:48,11.08,--,27,29916,买盘
462,14:23:42,11.08,--,2,2216,买盘
463,14:23:33,11.08,--,3,3324,买盘
464,14:23:30,11.08,0.01,2,2216,买盘
465,14:23:24,11.07,-0.01,4,4428,卖盘
466,14:23:21,11.08,--,12,13296,买盘
467,14:23:18,11.08,0.01,59,65372,买盘
468,14:23:15,11.07,-0.01,3,3321,卖盘
469,14:23:12,11.08,0.01,11,12188,买盘
470,14:23:09,11.07,--,2,2214,卖盘
471,14:23:06,11.07,--,9,9963,卖盘
472,14:23:03,11.07,-0.01,55,60885,卖盘
473,14:22:57,11.08,--,2,2216,买盘
474,14:22:51,11.08,--,25,27700,买盘
475,14:22:45,11.08,--,9,9972,买盘
476,14:22:33,11.08,0.01,279,309132,买盘
477,14:22:30,11.07,--,15,16605,卖盘
478,14:22:24,11.07,-0.01,79,87453,卖盘
479,14:22:21,11.08,0.01,6,6648,买盘
480,14:22:15,11.07,-0.01,5,5535,卖盘
481,14:22:12,11.08,--,2,2216,买盘
482,14:22:09,11.08,0.01,1,1108,买盘
483,14:22:06,11.07,-0.01,19,21033,卖盘
484,14:22:00,11.08,0.01,1,1108,买盘
485,14:21:57,11.07,--,50,55350,卖盘
486,14:21:51,11.07,-0.01,8,8856,卖盘
487,14:21:48,11.08,--,51,56508,买盘
488,14:21:39,11.08,--,1,1108,买盘
489,14:21:33,11.08,--,2,2216,买盘
490,14:21:30,11.08,--,9,9972,买盘
491,14:21:27,11.08,0.01,2,2216,买盘
492,14:21:21,11.07,--,30,33210,卖盘
493,14:21:18,11.07,-0.01,50,55350,卖盘
494,14:21:15,11.08,--,21,23268,买盘
495,14:21:12,11.08,0.01,1,1108,买盘
496,14:21:06,11.07,-0.01,10,11070,卖盘
497,14:21:03,11.08,0.01,96,106368,买盘
498,14:21:00,11.07,--,4,4428,卖盘
499,14:20:57,11.07,-0.01,8,8856,卖盘
500,14:20:54,11.08,--,151,167308,买盘
501,14:20:48,11.08,0.01,74,81992,买盘
502,14:20:42,11.07,--,11,12177,卖盘
503,14:20:39,11.07,-0.01,1,1107,卖盘
504,14:20:36,11.08,--,10,11080,买盘
505,14:20:33,11.08,0.01,3,3324,买盘
506,14:20:30,11.07,-0.01,7,7749,卖盘
507,14:20:21,11.08,0.01,7,7756,买盘
508,14:20:18,11.07,-0.01,9,9963,卖盘
509,14:20:15,11.08,0.01,19,21052,买盘
510,14:20:12,11.07,-0.01,1,1107,卖盘
511,14:20:09,11.08,0.01,1,1108,买盘
512,14:20:03,11.07,--,12,13284,卖盘
513,14:20:00,11.07,-0.01,82,90774,卖盘
514,14:19:57,11.08,--,2,2216,买盘
515,14:19:48,11.08,--,284,314672,买盘
516,14:19:45,11.08,--,1,1108,买盘
517,14:19:42,11.08,--,28,31024,买盘
518,14:19:36,11.08,--,2,2216,买盘
519,14:19:33,11.08,--,2,2216,买盘
520,14:19:24,11.08,--,1,1108,买盘
521,14:19:12,11.08,0.01,2,2216,买盘
522,14:19:06,11.07,-0.01,9,9963,卖盘
523,14:19:03,11.08,0.01,1,1108,买盘
524,14:19:00,11.07,-0.01,63,69741,卖盘
525,14:18:57,11.08,0.01,5,5540,买盘
526,14:18:54,11.07,-0.01,22,24354,卖盘
527,14:18:51,11.08,--,51,56508,买盘
528,14:18:48,11.08,0.01,25,27700,买盘
529,14:18:39,11.07,--,21,23247,卖盘
530,14:18:33,11.07,-0.01,76,84132,卖盘
531,14:18:30,11.08,--,2,2216,买盘
532,14:18:27,11.08,--,2,2216,买盘
533,14:18:24,11.08,--,1,1108,买盘
534,14:18:18,11.08,--,6,6648,买盘
535,14:18:15,11.08,0.01,13,14404,买盘
536,14:18:06,11.07,--,10,11070,卖盘
537,14:18:03,11.07,--,300,332100,卖盘
538,14:18:00,11.07,--,10,11070,卖盘
539,14:17:57,11.07,-0.01,18,19926,卖盘
540,14:17:54,11.08,--,2,2216,买盘
541,14:17:51,11.08,0.01,35,38780,买盘
542,14:17:45,11.07,-0.01,1,1107,卖盘
543,14:17:42,11.08,0.01,1,1108,买盘
544,14:17:39,11.07,--,20,22140,卖盘
545,14:17:33,11.07,-0.01,20,22140,卖盘
546,14:17:30,11.08,--,61,67588,买盘
547,14:17:21,11.08,0.01,18,19944,买盘
548,14:17:18,11.07,-0.01,1,1107,卖盘
549,14:17:12,11.08,--,10,11080,买盘
550,14:17:09,11.08,0.01,10,11080,买盘
551,14:17:06,11.07,-0.01,9,9963,卖盘
552,14:16:57,11.08,0.01,138,152904,买盘
553,14:16:51,11.07,--,10,11070,卖盘
554,14:16:48,11.07,-0.01,412,456084,卖盘
555,14:16:42,11.08,--,15,16620,买盘
556,14:16:36,11.08,--,1,1108,买盘
557,14:16:33,11.08,--,3,3324,买盘
558,14:16:24,11.08,--,8,8864,买盘
559,14:16:21,11.08,--,50,55400,买盘
560,14:16:12,11.08,0.01,16,17728,买盘
561,14:16:03,11.07,--,10,11070,卖盘
562,14:16:00,11.07,--,1,1107,卖盘
563,14:15:57,11.07,--,30,33210,卖盘
564,14:15:54,11.07,-0.01,326,360882,卖盘
565,14:15:51,11.08,0.01,4,4432,买盘
566,14:15:45,11.07,--,10,11070,卖盘
567,14:15:42,11.07,-0.01,12,13284,卖盘
568,14:15:39,11.08,--,1,1108,买盘
569,14:15:36,11.08,--,1,1108,买盘
570,14:15:30,11.08,--,4,4432,买盘
571,14:15:18,11.08,--,1,1108,买盘
572,14:15:12,11.08,0.01,5,5540,买盘
573,14:15:09,11.07,-0.01,27,29889,卖盘
574,14:15:06,11.08,--,10,11080,买盘
575,14:15:03,11.08,--,30,33240,买盘
576,14:14:54,11.08,0.01,2,2216,买盘
577,14:14:48,11.07,-0.01,9,9963,卖盘
578,14:14:45,11.08,0.01,1,1108,买盘
579,14:14:39,11.07,-0.01,9,9963,卖盘
580,14:14:33,11.08,--,5,5540,买盘
581,14:14:21,11.08,--,2,2216,买盘
582,14:14:12,11.08,0.01,1,1108,买盘
583,14:14:09,11.07,--,59,65313,卖盘
584,14:14:06,11.07,--,11,12177,卖盘
585,14:14:03,11.07,-0.01,19,21033,卖盘
586,14:14:00,11.08,0.01,136,150688,买盘
587,14:13:48,11.07,-0.01,2,2214,卖盘
588,14:13:36,11.08,0.01,2,2216,买盘
589,14:13:33,11.07,-0.01,11,12177,卖盘
590,14:13:30,11.08,--,3,3324,买盘
591,14:13:27,11.08,0.01,7,7756,买盘
592,14:13:21,11.07,-0.01,3,3321,卖盘
593,14:13:15,11.08,--,4,4432,买盘
594,14:13:06,11.08,--,40,44320,买盘
595,14:13:03,11.08,0.01,10,11080,买盘
596,14:13:00,11.07,-0.01,10,11070,卖盘
597,14:12:54,11.08,0.01,1,1108,买盘
598,14:12:51,11.07,-0.01,11,12177,卖盘
599,14:12:42,11.08,--,2,2216,买盘
600,14:12:33,11.08,--,20,22160,买盘
601,14:12:30,11.08,--,3,3324,买盘
602,14:12:27,11.08,-0.01,2,2216,卖盘
603,14:12:18,11.09,0.03,1,1109,买盘
604,14:12:12,11.06,-0.02,3097,3425282,卖盘
605,14:12:09,11.08,--,3,3324,卖盘
606,14:12:03,11.08,-0.01,9,9972,卖盘
607,14:12:00,11.09,0.01,3,3327,买盘
608,14:11:57,11.08,-0.01,92,101936,卖盘
609,14:11:51,11.09,--,31,34379,买盘
610,14:11:45,11.09,--,1,1109,买盘
611,14:11:42,11.09,--,10,11090,买盘
612,14:11:33,11.09,--,6,6654,买盘
613,14:11:30,11.09,0.01,138,153042,买盘
614,14:11:27,11.08,-0.01,1,1108,卖盘
615,14:11:24,11.09,--,11,12199,买盘
616,14:11:12,11.09,0.01,21,23289,买盘
617,14:11:03,11.08,-0.01,10,11080,卖盘
618,14:11:00,11.09,--,1,1109,买盘
619,14:10:48,11.09,0.01,1,1109,买盘
620,14:10:45,11.08,--,9,9972,卖盘
621,14:10:42,11.08,-0.01,126,139608,卖盘
622,14:10:39,11.09,--,102,113118,买盘
623,14:10:33,11.09,0.01,2,2218,买盘
624,14:10:30,11.08,-0.01,3,3324,卖盘
625,14:10:27,11.09,--,1,1109,买盘
626,14:10:21,11.09,0.01,11,12199,买盘
627,14:10:18,11.08,-0.01,16,17728,卖盘
628,14:10:15,11.09,0.01,6,6654,买盘
629,14:10:06,11.08,-0.01,21,23268,卖盘
630,14:10:03,11.09,--,12,13308,买盘
631,14:09:57,11.09,--,33,36597,买盘
632,14:09:54,11.09,--,1,1109,买盘
633,14:09:48,11.09,--,11,12199,买盘
634,14:09:42,11.09,0.01,2,2218,买盘
635,14:09:39,11.08,-0.01,15,16620,卖盘
636,14:09:33,11.09,--,3,3327,买盘
637,14:09:30,11.09,--,1,1109,买盘
638,14:09:24,11.09,0.01,6,6654,买盘
639,14:09:21,11.08,-0.01,10,11080,卖盘
640,14:09:18,11.09,0.01,104,115336,买盘
641,14:09:12,11.08,-0.01,35,38780,卖盘
642,14:09:09,11.09,0.01,4,4436,买盘
643,14:09:06,11.08,--,39,43212,卖盘
644,14:09:03,11.08,--,9,9972,卖盘
645,14:09:00,11.08,-0.01,18,20409,卖盘
646,14:08:57,11.09,0.01,1,1109,买盘
647,14:08:54,11.08,--,6,6648,卖盘
648,14:08:51,11.08,-0.01,34,37672,卖盘
649,14:08:45,11.09,0.01,17,18853,买盘
650,14:08:42,11.08,-0.01,21,23268,卖盘
651,14:08:39,11.09,--,16,17744,买盘
652,14:08:36,11.09,--,1,1109,买盘
653,14:08:30,11.09,--,5,5545,买盘
654,14:08:24,11.09,0.01,2,2218,买盘
655,14:08:21,11.08,-0.01,15,16620,卖盘
656,14:08:18,11.09,--,15,16635,买盘
657,14:08:12,11.09,--,1,1109,买盘
658,14:08:09,11.09,--,7,7763,买盘
659,14:08:06,11.09,0.01,4,4436,买盘
660,14:08:03,11.08,-0.01,11,12188,卖盘
661,14:08:00,11.09,0.01,11,12199,买盘
662,14:07:57,11.08,-0.01,139,154012,卖盘
663,14:07:51,11.09,--,2,2218,买盘
664,14:07:39,11.09,0.01,1,1109,买盘
665,14:07:36,11.08,-0.01,25,27700,卖盘
666,14:07:33,11.09,--,3,3327,买盘
667,14:07:27,11.09,0.01,7,7763,买盘
668,14:07:21,11.08,-0.01,2,2216,卖盘
669,14:07:18,11.09,--,2,2218,买盘
670,14:07:15,11.09,--,3,3327,买盘
671,14:07:09,11.09,--,15,16635,买盘
672,14:07:06,11.09,0.01,1,1109,买盘
673,14:07:03,11.08,-0.01,9,9972,卖盘
674,14:06:54,11.09,--,11,12199,买盘
675,14:06:42,11.09,0.01,137,151933,买盘
676,14:06:36,11.08,-0.01,106,117448,卖盘
677,14:06:33,11.09,0.01,1,1109,买盘
678,14:06:30,11.08,-0.01,52,57616,卖盘
679,14:06:24,11.09,--,212,235108,买盘
680,14:06:21,11.09,--,21,23289,买盘
681,14:06:18,11.09,0.01,16,17744,买盘
682,14:06:12,11.08,-0.01,5,5540,卖盘
683,14:06:09,11.09,0.01,1,1109,买盘
684,14:06:03,11.08,-0.01,49,54292,卖盘
685,14:06:00,11.09,0.01,1,1109,买盘
686,14:05:48,11.08,-0.01,12,13296,卖盘
687,14:05:45,11.09,--,1,1109,买盘
688,14:05:36,11.09,--,5,5545,买盘
689,14:05:30,11.09,0.01,4,4436,买盘
690,14:05:27,11.08,-0.01,20,22160,卖盘
691,14:05:24,11.09,0.01,1,1109,买盘
692,14:05:15,11.08,--,3,3324,卖盘
693,14:05:12,11.08,--,3,3324,卖盘
694,14:05:06,11.08,--,9,9972,卖盘
695,14:05:03,11.08,--,26,29251,卖盘
696,14:04:54,11.08,-0.01,20,22160,卖盘
697,14:04:51,11.09,--,81,89829,买盘
698,14:04:48,11.09,--,10,11090,买盘
699,14:04:45,11.09,--,129,143061,买盘
700,14:04:42,11.09,--,2,2218,买盘
701,14:04:36,11.09,--,1,1109,买盘
702,14:04:33,11.09,--,3,3327,买盘
703,14:04:30,11.09,--,5,5545,买盘
704,14:04:27,11.09,0.01,1,1109,买盘
705,14:04:24,11.08,-0.02,1,1108,卖盘
706,14:04:18,11.1,--,1,1110,买盘
707,14:04:15,11.1,0.02,4,4440,买盘
708,14:04:12,11.08,-0.01,3,3324,卖盘
709,14:04:06,11.09,--,1,1109,买盘
710,14:04:00,11.09,-0.01,5,5545,卖盘
711,14:03:57,11.1,--,2,2220,买盘
712,14:03:54,11.1,0.01,52,57720,买盘
713,14:03:45,11.09,--,1,1109,买盘
714,14:03:33,11.09,-0.01,3,3327,买盘
715,14:03:24,11.1,0.03,2,2220,买盘
716,14:03:21,11.07,-0.02,1000,1107000,卖盘
717,14:03:15,11.09,-0.01,25,27725,卖盘
718,14:03:12,11.1,0.01,1,1110,买盘
719,14:03:06,11.09,--,19,21071,卖盘
720,14:03:03,11.09,-0.01,9,9981,卖盘
721,14:03:00,11.1,--,1,1110,买盘
722,14:02:48,11.1,--,2,2220,买盘
723,14:02:39,11.1,0.01,1,1110,买盘
724,14:02:30,11.09,--,43,47687,买盘
725,14:02:27,11.09,--,1,1109,买盘
726,14:02:15,11.09,0.01,2,2218,买盘
727,14:02:09,11.08,-0.01,6,6648,卖盘
728,14:02:03,11.09,--,10,11090,买盘
729,14:02:00,11.09,--,2,2218,买盘
730,14:01:54,11.09,--,2,2218,买盘
731,14:01:51,11.09,--,4,4436,买盘
732,14:01:42,11.09,-0.01,22,24398,卖盘
733,14:01:39,11.1,0.01,1,1110,买盘
734,14:01:33,11.09,-0.01,3,3327,卖盘
735,14:01:30,11.1,--,17,18870,买盘
736,14:01:27,11.1,--,34,37740,买盘
737,14:01:21,11.1,0.01,3,3330,买盘
738,14:01:18,11.09,--,3,3327,卖盘
739,14:01:09,11.09,-0.01,76,84284,卖盘
740,14:01:06,11.1,--,50,55500,买盘
741,14:01:03,11.1,0.01,4,4440,买盘
742,14:01:00,11.09,-0.01,9,9981,卖盘
743,14:00:57,11.1,0.01,2,2220,买盘
744,14:00:51,11.09,-0.01,15,16635,卖盘
745,14:00:48,11.1,--,3,3330,买盘
746,14:00:45,11.1,0.01,10,11100,买盘
747,14:00:42,11.09,-0.01,30,33270,卖盘
748,14:00:36,11.1,0.02,356,395160,买盘
749,14:00:33,11.08,-0.01,6,6648,卖盘
750,14:00:27,11.09,--,14,15526,买盘
751,14:00:24,11.09,--,23,25507,买盘
752,14:00:18,11.09,--,7,7763,买盘
753,14:00:12,11.09,--,18,19962,买盘
754,14:00:06,11.09,--,7,7763,买盘
755,14:00:03,11.09,0.01,10,11090,买盘
756,13:59:51,11.08,-0.01,71,78668,卖盘
757,13:59:48,11.09,--,135,149715,买盘
758,13:59:39,11.09,0.01,1,1109,买盘
759,13:59:33,11.08,-0.01,50,55400,卖盘
760,13:59:30,11.09,0.01,8,8872,买盘
761,13:59:27,11.08,-0.01,1,1108,卖盘
762,13:59:24,11.09,--,12,13308,买盘
763,13:59:18,11.09,--,1,1109,买盘
764,13:59:06,11.09,0.01,1,1109,买盘
765,13:59:03,11.08,-0.01,9,9972,卖盘
766,13:59:00,11.09,--,2,2218,买盘
767,13:58:54,11.09,--,32,35488,买盘
768,13:58:51,11.09,--,31,34379,买盘
769,13:58:45,11.09,0.01,1,1109,买盘
770,13:58:42,11.08,-0.01,20,22160,卖盘
771,13:58:39,11.09,0.01,5,5545,买盘
772,13:58:33,11.08,-0.01,9,9972,卖盘
773,13:58:30,11.09,--,37,41033,买盘
774,13:58:27,11.09,--,140,155260,买盘
775,13:58:21,11.09,0.01,31,34379,买盘
776,13:58:15,11.08,-0.01,7,7756,卖盘
777,13:58:12,11.09,0.01,2,2218,买盘
778,13:58:09,11.08,0.01,1,1108,中性盘
779,13:58:00,11.07,--,11,12177,卖盘
780,13:57:57,11.07,-0.01,11,12177,卖盘
781,13:57:48,11.08,--,43,47644,买盘
782,13:57:42,11.08,--,10,11080,买盘
783,13:57:39,11.08,-0.01,73,80884,卖盘
784,13:57:30,11.09,--,2,2218,买盘
785,13:57:27,11.09,--,36,39924,买盘
786,13:57:21,11.09,--,5,5545,买盘
787,13:57:15,11.09,--,2,2218,买盘
788,13:57:03,11.09,0.01,1,1109,买盘
789,13:57:00,11.08,--,9,9972,卖盘
790,13:56:57,11.08,-0.01,20,22160,卖盘
791,13:56:51,11.09,0.01,1,1109,买盘
792,13:56:45,11.08,--,43,47644,买盘
793,13:56:42,11.08,0.01,2,2216,买盘
794,13:56:39,11.07,-0.01,5,5535,卖盘
795,13:56:33,11.08,--,9,9972,买盘
796,13:56:30,11.08,--,1,1108,买盘
797,13:56:27,11.08,--,13,14404,买盘
798,13:56:18,11.08,--,1,1108,买盘
799,13:56:15,11.08,--,20,22160,买盘
800,13:56:12,11.08,0.01,31,34348,买盘
801,13:56:09,11.07,--,12,13284,卖盘
802,13:56:06,11.07,-0.01,1,1107,卖盘
803,13:56:03,11.08,0.01,1,1108,买盘
804,13:56:00,11.07,-0.01,9,9963,卖盘
805,13:55:57,11.08,--,1,1108,买盘
806,13:55:48,11.08,--,10,11080,买盘
807,13:55:45,11.08,--,1,1108,买盘
808,13:55:39,11.08,0.01,18,19944,买盘
809,13:55:36,11.07,-0.01,3,3321,卖盘
810,13:55:27,11.08,--,240,265920,买盘
811,13:55:24,11.08,--,2,2216,买盘
812,13:55:12,11.08,--,1,1108,买盘
813,13:55:06,11.08,--,7,7756,买盘
814,13:55:00,11.08,0.01,136,150688,买盘
815,13:54:57,11.07,-0.01,9,9963,卖盘
816,13:54:51,11.08,--,1,1108,买盘
817,13:54:48,11.08,--,8,8864,买盘
818,13:54:39,11.08,0.01,2,2216,买盘
819,13:54:36,11.07,-0.01,1,1107,卖盘
820,13:54:30,11.08,--,31,34348,买盘
821,13:54:27,11.08,--,3,3324,买盘
822,13:54:24,11.08,--,7,7756,买盘
823,13:54:18,11.08,--,1,1108,买盘
824,13:54:12,11.08,--,62,68696,买盘
825,13:54:06,11.08,--,2,2216,买盘
826,13:54:00,11.08,0.01,62,68696,买盘
827,13:53:57,11.07,-0.01,19,21033,卖盘
828,13:53:54,11.08,0.01,1,1108,买盘
829,13:53:51,11.07,-0.01,145,160515,卖盘
830,13:53:45,11.08,--,1,1108,买盘
831,13:53:42,11.08,--,7,7756,买盘
832,13:53:36,11.08,--,19,21052,买盘
833,13:53:33,11.08,--,1,1108,买盘
834,13:53:30,11.08,--,11,12188,买盘
835,13:53:27,11.08,0.01,3,3324,买盘
836,13:53:24,11.07,--,11,12177,买盘
837,13:53:21,11.07,--,9,9963,买盘
838,13:53:18,11.07,--,5,5535,买盘
839,13:53:15,11.07,--,1,1107,买盘
840,13:53:09,11.07,--,3,3321,买盘
841,13:53:06,11.07,--,14,15498,买盘
842,13:53:03,11.07,--,19,21033,买盘
843,13:53:00,11.07,0.01,9,9963,买盘
844,13:52:48,11.06,--,8,9290,卖盘
845,13:52:42,11.06,-0.01,23,25438,卖盘
846,13:52:36,11.07,0.01,1,1107,买盘
847,13:52:30,11.06,-0.01,2,2212,卖盘
848,13:52:27,11.07,--,3,3321,买盘
849,13:52:21,11.07,--,106,117342,买盘
850,13:52:15,11.07,--,2,2214,买盘
851,13:52:12,11.07,0.01,1,1107,买盘
852,13:52:09,11.06,--,17,18802,卖盘
853,13:52:06,11.06,-0.01,4,4424,卖盘
854,13:52:03,11.07,--,11,12177,买盘
855,13:52:00,11.07,0.01,8,8856,买盘
856,13:51:57,11.06,-0.01,9,9954,卖盘
857,13:51:54,11.07,0.01,1,1107,买盘
858,13:51:51,11.06,--,5,5530,卖盘
859,13:51:45,11.06,-0.01,2,2212,卖盘
860,13:51:42,11.07,0.01,2,2214,买盘
861,13:51:39,11.06,-0.01,122,134932,卖盘
862,13:51:33,11.07,--,12,13284,买盘
863,13:51:30,11.07,--,1,1107,买盘
864,13:51:27,11.07,--,3,3321,买盘
865,13:51:21,11.07,0.01,1,1107,买盘
866,13:51:15,11.06,-0.01,51,56406,卖盘
867,13:51:12,11.07,--,7,7749,买盘
868,13:51:09,11.07,--,33,36531,买盘
869,13:50:57,11.07,0.01,42,46494,买盘
870,13:50:54,11.06,-0.01,1,1106,卖盘
871,13:50:51,11.07,--,8,8856,买盘
872,13:50:45,11.07,--,1,1107,买盘
873,13:50:42,11.07,--,100,110700,买盘
874,13:50:33,11.07,0.01,2,2214,买盘
875,13:50:30,11.06,-0.01,111,122766,卖盘
876,13:50:27,11.07,--,3,3321,买盘
877,13:50:24,11.07,--,1,1107,买盘
878,13:50:15,11.07,--,26,28782,买盘
879,13:50:12,11.07,--,1,1107,买盘
880,13:50:06,11.07,--,7,7749,买盘
881,13:50:03,11.07,--,15,16605,买盘
882,13:50:00,11.07,--,22,24354,买盘
883,13:49:51,11.07,--,1,1107,买盘
884,13:49:39,11.07,--,1,1107,买盘
885,13:49:36,11.07,--,7,7749,买盘
886,13:49:30,11.07,--,8,8856,买盘
887,13:49:27,11.07,--,5,5535,买盘
888,13:49:21,11.07,--,1,1107,买盘
889,13:49:18,11.07,--,1,1107,买盘
890,13:49:12,11.07,--,8,8856,买盘
891,13:49:09,11.07,-0.01,10,11070,卖盘
892,13:49:06,11.08,0.01,1,1108,买盘
893,13:49:00,11.07,--,169,187083,买盘
894,13:48:54,11.07,0.01,19,21033,买盘
895,13:48:51,11.06,-0.01,10,11060,卖盘
896,13:48:45,11.07,0.01,1,1107,买盘
897,13:48:36,11.06,-0.01,2,2212,卖盘
898,13:48:33,11.07,--,1,1107,买盘
899,13:48:27,11.07,--,10,11070,买盘
900,13:48:24,11.07,--,8,8856,买盘
901,13:48:21,11.07,--,2,2214,买盘
902,13:48:12,11.07,-0.01,192,212544,卖盘
903,13:48:06,11.08,0.01,83,91964,买盘
904,13:48:03,11.07,-0.01,12,13284,卖盘
905,13:48:00,11.08,--,1,1108,买盘
906,13:47:48,11.08,--,2,2216,买盘
907,13:47:45,11.08,--,1,1108,买盘
908,13:47:39,11.08,--,2,2216,买盘
909,13:47:36,11.08,--,9,9972,买盘
910,13:47:27,11.08,0.01,4,4432,买盘
911,13:47:24,11.07,-0.01,10,11070,卖盘
912,13:47:18,11.08,--,2,2216,买盘
913,13:47:15,11.08,0.01,10,11080,买盘
914,13:47:12,11.07,-0.01,10,11070,卖盘
915,13:47:09,11.08,0.01,2,2216,买盘
916,13:47:06,11.07,-0.01,20,22140,卖盘
917,13:47:03,11.08,0.01,57,63156,买盘
918,13:46:57,11.07,0.01,5,5535,买盘
919,13:46:54,11.06,-0.01,10,11060,卖盘
920,13:46:51,11.07,-0.01,34,37638,卖盘
921,13:46:42,11.08,0.01,2,2216,买盘
922,13:46:39,11.07,--,2,2214,卖盘
923,13:46:36,11.07,-0.01,100,110700,卖盘
924,13:46:30,11.08,0.01,1,1108,买盘
925,13:46:27,11.07,-0.01,22,24354,卖盘
926,13:46:24,11.08,0.01,3,3324,买盘
927,13:46:21,11.07,0.01,9,9963,买盘
928,13:46:18,11.06,-0.01,5,5530,卖盘
929,13:46:15,11.07,--,8,8856,买盘
930,13:46:09,11.07,--,1,1107,买盘
931,13:46:06,11.07,--,10,11070,买盘
932,13:45:57,11.07,0.01,13,14391,买盘
933,13:45:54,11.06,-0.01,9,9954,卖盘
934,13:45:51,11.07,0.01,3,3321,买盘
935,13:45:48,11.06,--,6,6636,卖盘
936,13:45:39,11.06,-0.01,9,9954,卖盘
937,13:45:36,11.07,--,1,1107,买盘
938,13:45:33,11.07,-0.01,60,66420,卖盘
939,13:45:24,11.08,-0.01,9,9972,中性盘
940,13:45:21,11.09,0.02,14,15526,买盘
941,13:45:18,11.07,-0.02,105,116235,卖盘
942,13:45:15,11.09,--,1,1109,买盘
943,13:45:03,11.09,--,101,112009,买盘
944,13:44:51,11.09,0.01,3,3327,买盘
945,13:44:48,11.08,--,11,12188,卖盘
946,13:44:42,11.08,--,12,13296,卖盘
947,13:44:39,11.08,-0.01,2,2216,卖盘
948,13:44:30,11.09,--,1,1109,买盘
949,13:44:27,11.09,--,4,4436,买盘
950,13:44:18,11.09,--,14,15526,买盘
951,13:44:06,11.09,0.01,1,1109,买盘
952,13:44:03,11.08,--,5,5540,卖盘
953,13:44:00,11.08,0.01,65,72020,买盘
954,13:43:57,11.07,-0.01,61,67527,卖盘
955,13:43:54,11.08,0.01,10,11080,买盘
956,13:43:51,11.07,--,1,1107,卖盘
957,13:43:48,11.07,-0.01,19,21033,卖盘
958,13:43:45,11.08,0.01,1,1108,买盘
959,13:43:39,11.07,-0.01,2,2214,卖盘
960,13:43:33,11.08,--,2,2216,买盘
961,13:43:30,11.08,0.01,4,4432,买盘
962,13:43:27,11.07,-0.01,5,5535,卖盘
963,13:43:24,11.08,--,2,2216,买盘
964,13:43:21,11.08,0.01,1,1108,买盘
965,13:43:18,11.07,-0.01,5,5535,卖盘
966,13:43:12,11.08,--,25,27700,买盘
967,13:43:00,11.08,0.01,2,2216,买盘
968,13:42:51,11.07,-0.01,2,2214,卖盘
969,13:42:48,11.08,0.01,1,1108,买盘
970,13:42:42,11.07,-0.01,2,2214,卖盘
971,13:42:39,11.08,--,1,1108,买盘
972,13:42:27,11.08,--,1,1108,买盘
973,13:42:24,11.08,0.01,3,3324,买盘
974,13:42:18,11.07,-0.01,3,3321,卖盘
975,13:42:15,11.08,0.01,8,8864,买盘
976,13:42:12,11.07,-0.01,22,24354,卖盘
977,13:42:06,11.08,--,1,1108,买盘
978,13:42:03,11.08,--,1,1108,买盘
979,13:42:00,11.08,--,77,85316,买盘
980,13:41:57,11.08,--,4,4432,买盘
981,13:41:54,11.08,--,2,2216,买盘
982,13:41:45,11.08,--,20,22160,买盘
983,13:41:42,11.08,0.01,2,2216,买盘
984,13:41:39,11.07,--,1,1107,卖盘
985,13:41:36,11.07,-0.01,29,32103,卖盘
986,13:41:33,11.08,0.01,1,1108,买盘
987,13:41:30,11.07,-0.01,4,4428,卖盘
988,13:41:27,11.08,--,32,35456,买盘
989,13:41:21,11.08,--,9,9972,买盘
990,13:41:15,11.08,--,1,1108,买盘
991,13:41:09,11.08,--,2,2216,买盘
992,13:41:03,11.08,--,22,24376,买盘
993,13:41:00,11.08,0.01,1,1108,买盘
994,13:40:54,11.07,-0.01,15,16605,卖盘
995,13:40:48,11.08,0.01,6,6648,买盘
996,13:40:45,11.07,--,16,17712,卖盘
997,13:40:42,11.07,--,1,1107,卖盘
998,13:40:36,11.07,-0.01,72,79704,卖盘
999,13:40:27,11.08,--,5,5540,买盘
1000,13:40:24,11.08,0.01,1,1108,买盘
1001,13:40:21,11.07,-0.01,2,2214,卖盘
1002,13:40:18,11.08,--,17,18836,买盘
1003,13:40:15,11.08,--,1,1108,买盘
1004,13:40:06,11.08,--,10,11080,买盘
1005,13:40:03,11.08,--,1,1108,买盘
1006,13:39:57,11.08,--,3,3324,买盘
1007,13:39:54,11.08,--,1,1108,买盘
1008,13:39:51,11.08,--,4,4432,买盘
1009,13:39:42,11.08,--,31,34348,买盘
1010,13:39:30,11.08,--,31,34348,买盘
1011,13:39:24,11.08,--,3,3324,买盘
1012,13:39:21,11.08,--,1,1108,买盘
1013,13:39:18,11.08,-0.01,146,161768,卖盘
1014,13:39:15,11.09,0.01,34,37706,买盘
1015,13:39:12,11.08,--,3,3324,买盘
1016,13:39:09,11.08,0.01,6,6648,买盘
1017,13:39:00,11.07,-0.01,1,1107,卖盘
1018,13:38:57,11.08,0.01,1,1108,买盘
1019,13:38:54,11.07,--,11,12177,卖盘
1020,13:38:51,11.07,0.01,4,4428,买盘
1021,13:38:48,11.06,-0.01,71,78526,卖盘
1022,13:38:45,11.07,--,2,2214,买盘
1023,13:38:39,11.07,--,1,1107,买盘
1024,13:38:36,11.07,--,2,2214,买盘
1025,13:38:27,11.07,-0.02,10,11070,卖盘
1026,13:38:24,11.09,--,1,1109,买盘
1027,13:38:21,11.09,--,2,2218,买盘
1028,13:38:15,11.09,0.02,1,1109,买盘
1029,13:38:09,11.07,--,21,23247,买盘
1030,13:38:03,11.07,--,1,1107,买盘
1031,13:38:00,11.07,--,3,3321,买盘
1032,13:37:54,11.07,--,5,5535,买盘
1033,13:37:51,11.07,-0.02,179,198153,卖盘
1034,13:37:45,11.09,--,15,16635,买盘
1035,13:37:42,11.09,--,31,34379,买盘
1036,13:37:33,11.09,0.01,23,25507,买盘
1037,13:37:30,11.08,-0.01,1,1108,中性盘
1038,13:37:24,11.09,--,18,19962,买盘
1039,13:37:18,11.09,--,2,2218,买盘
1040,13:37:12,11.09,0.02,27,29943,买盘
1041,13:37:09,11.07,-0.02,5,5535,卖盘
1042,13:37:06,11.09,--,1,1109,买盘
1043,13:36:57,11.09,--,1,1109,买盘
1044,13:36:51,11.09,--,2,2218,买盘
1045,13:36:45,11.09,--,2,2218,买盘
1046,13:36:36,11.09,0.01,76,84284,买盘
1047,13:36:33,11.08,--,1,1108,买盘
1048,13:36:27,11.08,--,1,1108,买盘
1049,13:36:24,11.08,--,1,1108,买盘
1050,13:36:21,11.08,--,2,2216,买盘
1051,13:36:12,11.08,--,1,1108,买盘
1052,13:36:00,11.08,--,2,2216,买盘
1053,13:35:51,11.08,-0.01,2001,2217108,卖盘
1054,13:35:42,11.09,0.01,2,2218,买盘
1055,13:35:39,11.08,--,36,39888,买盘
1056,13:35:27,11.08,--,1,1108,买盘
1057,13:35:24,11.08,--,3,3324,中性盘
1058,13:35:18,11.08,--,33,36564,买盘
1059,13:35:06,11.08,--,1,1108,买盘
1060,13:35:03,11.08,--,3,3324,买盘
1061,13:34:54,11.08,0.01,1,1108,中性盘
1062,13:34:45,11.07,-0.02,3,3321,卖盘
1063,13:34:33,11.09,--,1,1109,买盘
1064,13:34:24,11.09,--,2,2218,买盘
1065,13:34:21,11.09,0.01,3,3327,买盘
1066,13:34:18,11.08,--,10,11080,买盘
1067,13:34:15,11.08,--,10,11080,买盘
1068,13:34:12,11.08,0.01,1,1108,买盘
1069,13:34:09,11.07,-0.01,3,3321,卖盘
1070,13:34:00,11.08,0.01,2,2216,买盘
1071,13:33:57,11.07,-0.01,10,11070,卖盘
1072,13:33:48,11.08,0.01,1,1108,买盘
1073,13:33:42,11.07,-0.01,2,2214,卖盘
1074,13:33:39,11.08,--,2,2216,买盘
1075,13:33:33,11.08,--,10,11080,买盘
1076,13:33:27,11.08,0.01,7,7756,买盘
1077,13:33:24,11.07,-0.02,11,12177,卖盘
1078,13:33:21,11.09,--,3,3327,买盘
1079,13:33:15,11.09,--,1,1109,买盘
1080,13:33:12,11.09,--,16,17744,买盘
1081,13:33:06,11.09,--,1,1109,买盘
1082,13:32:54,11.09,0.01,4,4436,买盘
1083,13:32:48,11.08,--,31,34348,买盘
1084,13:32:42,11.08,--,4,4432,买盘
1085,13:32:33,11.08,--,1,1108,买盘
1086,13:32:21,11.08,-0.01,4,4432,中性盘
1087,13:32:12,11.09,0.01,127,140843,买盘
1088,13:32:09,11.08,--,1,1108,买盘
1089,13:32:06,11.08,-0.01,4,4432,中性盘
1090,13:32:00,11.09,0.02,4,4436,买盘
1091,13:31:51,11.07,--,53,58671,卖盘
1092,13:31:48,11.07,-0.01,29,32103,卖盘
1093,13:31:36,11.08,--,1,1108,买盘
1094,13:31:27,11.08,-0.01,175,193900,卖盘
1095,13:31:24,11.09,--,2,2218,买盘
1096,13:31:21,11.09,--,3,3327,买盘
1097,13:31:15,11.09,--,1,1109,买盘
1098,13:31:09,11.09,0.01,3,3327,买盘
1099,13:31:03,11.08,--,101,111908,卖盘
1100,13:31:00,11.08,-0.01,16,17728,卖盘
1101,13:30:51,11.09,0.01,4,4436,买盘
1102,13:30:48,11.08,-0.01,5,5540,卖盘
1103,13:30:42,11.09,--,72,79848,买盘
1104,13:30:33,11.09,--,1,1109,买盘
1105,13:30:30,11.09,--,1,1109,买盘
1106,13:30:24,11.09,--,3,3327,买盘
1107,13:30:18,11.09,--,2,2218,买盘
1108,13:30:09,11.09,0.01,1,1109,买盘
1109,13:30:06,11.08,-0.01,22,24376,卖盘
1110,13:30:03,11.09,--,16,17744,买盘
1111,13:29:57,11.09,0.01,1,1109,买盘
1112,13:29:54,11.08,--,3,3324,卖盘
1113,13:29:51,11.08,--,100,110800,卖盘
1114,13:29:48,11.08,--,20,22160,买盘
1115,13:29:45,11.08,0.01,2,2216,买盘
1116,13:29:42,11.07,-0.01,20,22140,卖盘
1117,13:29:36,11.08,0.01,5,5540,买盘
1118,13:29:30,11.07,--,6,6642,买盘
1119,13:29:24,11.07,--,1,1107,买盘
1120,13:29:21,11.07,-0.02,2,2214,中性盘
1121,13:29:12,11.09,--,1,1109,买盘
1122,13:29:09,11.09,--,163,180767,买盘
1123,13:29:03,11.09,--,2,2218,买盘
1124,13:28:57,11.09,0.01,10,11090,买盘
1125,13:28:54,11.08,--,430,476905,买盘
1126,13:28:51,11.08,0.01,1,1108,买盘
1127,13:28:42,11.07,--,21,23833,买盘
1128,13:28:39,11.07,--,1,1107,买盘
1129,13:28:36,11.07,--,4,4428,买盘
1130,13:28:33,11.07,-0.02,73,81331,卖盘
1131,13:28:30,11.09,--,2,2218,买盘
1132,13:28:27,11.09,--,6,6654,买盘
1133,13:28:21,11.09,--,5,5545,买盘
1134,13:28:18,11.09,0.02,1,1109,买盘
1135,13:28:15,11.07,-0.01,429,475489,卖盘
1136,13:28:09,11.08,--,8,8864,买盘
1137,13:28:06,11.08,--,1,1108,买盘
1138,13:28:03,11.08,--,1,1108,买盘
1139,13:27:57,11.08,0.01,2,2216,买盘
1140,13:27:54,11.07,-0.01,169,187083,卖盘
1141,13:27:48,11.08,--,10,11080,买盘
1142,13:27:45,11.08,--,1,1108,买盘
1143,13:27:42,11.08,0.01,2,2216,买盘
1144,13:27:39,11.07,--,24,26568,卖盘
1145,13:27:36,11.07,-0.01,5,5535,卖盘
1146,13:27:33,11.08,--,1,1108,买盘
1147,13:27:27,11.08,-0.01,13,14924,卖盘
1148,13:27:24,11.09,--,1,1109,买盘
1149,13:27:21,11.09,0.01,2,2218,买盘
1150,13:27:18,11.08,--,186,206675,买盘
1151,13:27:15,11.08,--,10,11080,买盘
1152,13:27:12,11.08,0.01,2,2216,买盘
1153,13:27:06,11.07,-0.01,8,8856,卖盘
1154,13:27:03,11.08,--,29,32132,买盘
1155,13:27:00,11.08,--,5,5540,买盘
1156,13:26:51,11.08,0.01,4,4432,买盘
1157,13:26:48,11.07,-0.01,4,4428,卖盘
1158,13:26:39,11.08,0.01,12,13296,买盘
1159,13:26:30,11.07,-0.01,20,22140,卖盘
1160,13:26:27,11.08,--,80,88640,买盘
1161,13:26:21,11.08,--,3,3324,买盘
1162,13:26:18,11.08,--,33,36564,买盘
1163,13:26:09,11.08,--,8,8864,买盘
1164,13:26:06,11.08,--,1,1108,买盘
1165,13:25:54,11.08,--,2,2216,买盘
1166,13:25:51,11.08,--,8,8864,买盘
1167,13:25:45,11.08,--,1,1108,买盘
1168,13:25:33,11.08,--,2,2216,买盘
1169,13:25:21,11.08,--,609,675414,买盘
1170,13:25:15,11.08,0.02,77,85316,买盘
1171,13:25:12,11.06,-0.02,10,11060,卖盘
1172,13:25:09,11.08,0.02,1,1108,买盘
1173,13:25:06,11.06,--,94,103964,卖盘
1174,13:25:03,11.06,-0.01,19,21014,卖盘
1175,13:25:00,11.07,0.01,4,4428,买盘
1176,13:24:57,11.06,--,1,1106,卖盘
1177,13:24:54,11.06,-0.01,20,22120,卖盘
1178,13:24:48,11.07,--,11,12177,买盘
1179,13:24:45,11.07,0.01,7,7749,买盘
1180,13:24:42,11.06,-0.02,2,2212,卖盘
1181,13:24:36,11.08,0.02,1,1108,买盘
1182,13:24:27,11.06,-0.02,4,4424,卖盘
1183,13:24:24,11.08,0.02,19,21052,买盘
1184,13:24:21,11.06,-0.02,4,4424,卖盘
1185,13:24:18,11.08,--,16,17728,买盘
1186,13:24:15,11.08,--,1,1108,买盘
1187,13:24:03,11.08,--,2,2216,买盘
1188,13:24:00,11.08,--,4,4432,买盘
1189,13:23:54,11.08,--,1,1108,买盘
1190,13:23:45,11.08,--,3,3324,买盘
1191,13:23:42,11.08,--,1,1108,买盘
1192,13:23:30,11.08,--,5,5540,买盘
1193,13:23:21,11.08,--,3,3324,买盘
1194,13:23:09,11.08,--,18,19944,买盘
1195,13:23:00,11.08,--,4,4432,买盘
1196,13:22:57,11.08,--,2,2216,买盘
1197,13:22:51,11.08,--,3,3324,买盘
1198,13:22:48,11.08,--,1,1108,买盘
1199,13:22:36,11.08,--,9,9972,买盘
1200,13:22:27,11.08,--,2,2216,买盘
1201,13:22:21,11.08,--,3,3324,买盘
1202,13:22:15,11.08,0.01,2,2216,买盘
1203,13:22:06,11.07,--,11,12177,卖盘
1204,13:22:03,11.07,-0.01,11,12177,卖盘
1205,13:21:51,11.08,--,2,2216,买盘
1206,13:21:45,11.08,--,1,1108,买盘
1207,13:21:39,11.08,--,5,5540,买盘
1208,13:21:30,11.08,--,1,1108,买盘
1209,13:21:21,11.08,0.01,3,3324,买盘
1210,13:21:18,11.07,0.01,7,7749,卖盘
1211,13:21:15,11.06,--,2,2212,卖盘
1212,13:21:12,11.06,-0.01,10,11060,卖盘
1213,13:21:06,11.07,--,1,1107,买盘
1214,13:20:57,11.07,--,1,1107,买盘
1215,13:20:51,11.07,--,6,6642,买盘
1216,13:20:45,11.07,0.01,2,2214,买盘
1217,13:20:42,11.06,--,25,27650,卖盘
1218,13:20:39,11.06,-0.01,6,6636,卖盘
1219,13:20:33,11.07,--,1,1107,买盘
1220,13:20:24,11.07,--,1,1107,买盘
1221,13:20:21,11.07,-0.01,5,5535,卖盘
1222,13:20:18,11.08,--,2,2216,买盘
1223,13:20:12,11.08,--,1,1108,买盘
1224,13:20:09,11.08,0.01,11,12188,买盘
1225,13:20:03,11.07,-0.01,5,5535,卖盘
1226,13:20:00,11.08,0.01,2,2216,买盘
1227,13:19:54,11.07,-0.01,3,3321,卖盘
1228,13:19:51,11.08,0.01,1,1108,买盘
1229,13:19:45,11.07,--,24,26568,卖盘
1230,13:19:42,11.07,-0.01,100,110700,卖盘
1231,13:19:39,11.08,--,2,2216,买盘
1232,13:19:27,11.08,--,2,2216,买盘
1233,13:19:21,11.08,--,5,5540,买盘
1234,13:19:18,11.08,--,4,4432,买盘
1235,13:19:06,11.08,--,1,1108,买盘
1236,13:19:03,11.08,--,2,2216,买盘
1237,13:18:54,11.08,0.01,2,2216,买盘
1238,13:18:45,11.07,-0.01,25,27675,卖盘
1239,13:18:33,11.08,0.01,1,1108,买盘
1240,13:18:21,11.07,--,4,4428,卖盘
1241,13:18:18,11.07,--,30,33210,卖盘
1242,13:18:09,11.07,--,3,3321,卖盘
1243,13:18:06,11.07,--,10,11070,卖盘
1244,13:18:03,11.07,-0.01,17,18819,卖盘
1245,13:18:00,11.08,0.01,1,1108,买盘
1246,13:17:57,11.07,--,21,23247,买盘
1247,13:17:51,11.07,0.01,4,4428,买盘
1248,13:17:48,11.06,-0.01,11,12166,卖盘
1249,13:17:39,11.07,--,69,76383,买盘
1250,13:17:36,11.07,--,2,2214,买盘
1251,13:17:27,11.07,--,12,13284,买盘
1252,13:17:24,11.07,--,7,7749,买盘
1253,13:17:21,11.07,--,3,3321,买盘
1254,13:17:15,11.07,--,1,1107,买盘
1255,13:17:03,11.07,0.01,2,2678,买盘
1256,13:17:00,11.06,0.01,53,58618,买盘
1257,13:16:57,11.05,-0.01,30,33150,卖盘
1258,13:16:54,11.06,--,1,1106,买盘
1259,13:16:51,11.06,--,1,1106,买盘
1260,13:16:45,11.06,--,6,6636,买盘
1261,13:16:42,11.06,--,1,1106,买盘
1262,13:16:36,11.06,--,3,3318,买盘
1263,13:16:30,11.06,--,1,1106,买盘
1264,13:16:27,11.06,-0.01,3,3959,卖盘
1265,13:16:24,11.07,0.01,4,4428,买盘
1266,13:16:21,11.06,-0.01,11,12166,卖盘
1267,13:16:18,11.07,0.01,2,2214,买盘
1268,13:16:15,11.06,-0.01,0,464,中性盘
1269,13:16:12,11.07,0.01,2,2214,买盘
1270,13:16:09,11.06,--,1,1106,买盘
1271,13:16:06,11.06,-0.01,111,122766,卖盘
1272,13:16:03,11.07,0.02,62,68634,买盘
1273,13:16:00,11.05,-0.02,400,442000,卖盘
1274,13:15:57,11.07,0.01,36,39852,买盘
1275,13:15:48,11.06,--,1,1106,买盘
1276,13:15:45,11.06,--,14,15484,买盘
1277,13:15:42,11.06,--,11,12166,买盘
1278,13:15:36,11.06,--,5,5530,买盘
1279,13:15:24,11.06,0.01,1,1106,买盘
1280,13:15:18,11.05,-0.02,30,33150,卖盘
1281,13:15:15,11.07,--,14,15498,买盘
1282,13:15:12,11.07,0.02,32,35424,买盘
1283,13:15:09,11.05,--,2,2210,卖盘
1284,13:15:06,11.05,-0.01,55,60775,卖盘
1285,13:15:03,11.06,-0.01,2,2212,中性盘
1286,13:14:51,11.07,0.01,1,1107,买盘
1287,13:14:45,11.06,-0.01,16,17696,卖盘
1288,13:14:42,11.07,0.02,1,1107,买盘
1289,13:14:39,11.05,-0.01,10,11050,卖盘
1290,13:14:36,11.06,-0.01,9,9954,中性盘
1291,13:14:30,11.07,0.02,2,2214,买盘
1292,13:14:24,11.05,-0.02,16,17680,卖盘
1293,13:14:18,11.07,0.01,3,3321,买盘
1294,13:14:09,11.06,--,2,2212,买盘
1295,13:14:03,11.06,--,1,1106,买盘
1296,13:13:57,11.06,--,2,2212,买盘
1297,13:13:54,11.06,--,28,30968,买盘
1298,13:13:48,11.06,-0.01,2,2212,卖盘
1299,13:13:45,11.07,0.01,1,1107,买盘
1300,13:13:39,11.06,--,1,1106,卖盘
1301,13:13:36,11.06,--,15,16590,卖盘
1302,13:13:30,11.06,-0.01,5,5530,卖盘
1303,13:13:27,11.07,--,1,1107,买盘
1304,13:13:24,11.07,0.01,2,2214,买盘
1305,13:13:21,11.06,--,3,3318,卖盘
1306,13:13:18,11.06,-0.01,6,6636,卖盘
1307,13:13:12,11.07,0.01,5,5535,买盘
1308,13:13:09,11.06,--,12,13272,卖盘
1309,13:13:06,11.06,-0.01,10,11060,卖盘
1310,13:13:03,11.07,--,1,1107,买盘
1311,13:13:00,11.07,0.02,74,81918,买盘
1312,13:12:54,11.05,-0.02,5,5525,卖盘
1313,13:12:51,11.07,0.01,2,2214,买盘
1314,13:12:39,11.06,0.01,1,1106,买盘
1315,13:12:36,11.05,--,6,6630,卖盘
1316,13:12:33,11.05,-0.01,14,15470,卖盘
1317,13:12:27,11.06,--,5,5530,卖盘
1318,13:12:24,11.06,--,30,33180,买盘
1319,13:12:21,11.06,-0.01,14,15484,买盘
1320,13:12:18,11.07,--,1,1107,买盘
1321,13:12:15,11.07,0.02,31,34317,买盘
1322,13:12:12,11.05,-0.02,88,97240,卖盘
1323,13:12:06,11.07,--,2,2214,买盘
1324,13:11:54,11.07,0.01,1,1107,买盘
1325,13:11:51,11.06,-0.01,1,1106,卖盘
1326,13:11:45,11.07,--,1,1107,买盘
1327,13:11:42,11.07,0.01,5,5535,买盘
1328,13:11:33,11.06,-0.01,1,1106,中性盘
1329,13:11:24,11.07,--,8,8856,买盘
1330,13:11:21,11.07,--,2,2214,买盘
1331,13:11:18,11.07,0.01,2,2214,买盘
1332,13:11:15,11.06,-0.01,17,18802,卖盘
1333,13:11:12,11.07,0.01,7,7749,买盘
1334,13:11:03,11.06,-0.01,10,11060,卖盘
1335,13:11:00,11.07,--,1,1107,买盘
1336,13:10:57,11.07,0.01,27,29889,买盘
1337,13:10:54,11.06,-0.01,20,22120,卖盘
1338,13:10:48,11.07,--,9,9963,买盘
1339,13:10:42,11.07,--,90,99630,买盘
1340,13:10:39,11.07,0.01,1,1107,买盘
1341,13:10:33,11.06,-0.01,2,2212,卖盘
1342,13:10:27,11.07,0.01,1,1107,买盘
1343,13:10:24,11.06,--,1,1106,卖盘
1344,13:10:18,11.06,-0.01,8,8848,卖盘
1345,13:10:15,11.07,0.01,1,1107,买盘
1346,13:10:12,11.06,-0.01,10,11060,卖盘
1347,13:10:06,11.07,--,2,2214,买盘
1348,13:10:03,11.07,--,8,8856,买盘
1349,13:09:54,11.07,--,1,1107,买盘
1350,13:09:45,11.07,--,41,45387,买盘
1351,13:09:42,11.07,0.01,1,1107,买盘
1352,13:09:39,11.06,-0.03,2,2212,卖盘
1353,13:09:33,11.09,0.01,146,161914,买盘
1354,13:09:27,11.08,--,79,88351,买盘
1355,13:09:21,11.08,0.01,40,44320,买盘
1356,13:09:18,11.07,0.01,101,111807,买盘
1357,13:09:12,11.06,--,34,37604,买盘
1358,13:09:09,11.06,--,21,23226,买盘
1359,13:09:06,11.06,--,9,9954,买盘
1360,13:09:03,11.06,--,46,50876,买盘
1361,13:09:00,11.06,0.01,1,1106,买盘
1362,13:08:51,11.05,-0.01,5,5525,卖盘
1363,13:08:48,11.06,--,1,1106,买盘
1364,13:08:42,11.06,--,28,30968,买盘
1365,13:08:36,11.06,0.01,69,76314,买盘
1366,13:08:27,11.05,-0.01,22,24310,卖盘
1367,13:08:21,11.06,--,30,33180,买盘
1368,13:08:18,11.06,--,3,3318,买盘
1369,13:08:15,11.06,--,1,1106,买盘
1370,13:08:12,11.06,--,20,22120,买盘
1371,13:08:06,11.06,--,1,1106,买盘
1372,13:08:03,11.06,--,2,2212,买盘
1373,13:07:54,11.06,--,1,1106,买盘
1374,13:07:51,11.06,--,33,36498,买盘
1375,13:07:48,11.06,--,8,8848,买盘
1376,13:07:42,11.06,0.01,1,1106,买盘
1377,13:07:36,11.05,--,20,22100,卖盘
1378,13:07:33,11.05,-0.01,25,27625,卖盘
1379,13:07:30,11.06,--,3,3318,买盘
1380,13:07:21,11.06,--,51,56406,买盘
1381,13:07:18,11.06,--,11,12166,买盘
1382,13:07:15,11.06,--,11,12166,买盘
1383,13:07:12,11.06,--,83,91798,买盘
1384,13:07:09,11.06,--,405,447930,买盘
1385,13:07:06,11.06,--,8,8848,买盘
1386,13:06:57,11.06,--,52,57512,买盘
1387,13:06:48,11.06,0.01,1,1106,买盘
1388,13:06:39,11.05,-0.01,2,2210,卖盘
1389,13:06:36,11.06,--,1,1106,买盘
1390,13:06:27,11.06,--,39,43134,买盘
1391,13:06:24,11.06,-0.01,145,160370,卖盘
1392,13:06:15,11.07,0.01,5,5535,买盘
1393,13:06:06,11.06,-0.01,3,3318,卖盘
1394,13:06:03,11.07,--,1,1107,买盘
1395,13:05:51,11.07,--,11,12177,买盘
1396,13:05:42,11.07,--,2,2214,买盘
1397,13:05:39,11.07,-0.01,15,16605,卖盘
1398,13:05:30,11.08,0.01,1,1108,买盘
1399,13:05:27,11.07,-0.01,31,34317,卖盘
1400,13:05:18,11.08,--,1,1108,买盘
1401,13:05:15,11.08,0.01,3,3324,买盘
1402,13:05:09,11.07,-0.01,1,1107,卖盘
1403,13:05:06,11.08,--,1,1108,买盘
1404,13:04:57,11.08,--,2,2216,买盘
1405,13:04:51,11.08,--,66,73128,买盘
1406,13:04:48,11.08,--,358,396664,买盘
1407,13:04:45,11.08,0.01,1,1108,买盘
1408,13:04:33,11.07,-0.01,9,9963,卖盘
1409,13:04:24,11.08,--,2,2216,买盘
1410,13:04:15,11.08,--,2,2216,买盘
1411,13:04:12,11.08,--,28,31024,买盘
1412,13:04:00,11.08,0.01,1,1108,买盘
1413,13:03:54,11.07,--,1,1107,买盘
1414,13:03:51,11.07,--,2,2214,买盘
1415,13:03:39,11.07,0.01,1,1107,买盘
1416,13:03:33,11.06,-0.01,5,5530,卖盘
1417,13:03:27,11.07,--,1,1107,买盘
1418,13:03:24,11.07,-0.01,95,105165,卖盘
1419,13:03:18,11.08,--,2,2216,买盘
1420,13:03:15,11.08,0.01,3,3324,买盘
1421,13:03:12,11.07,-0.01,10,11070,卖盘
1422,13:03:06,11.08,--,1,1108,买盘
1423,13:03:00,11.08,--,2,2216,买盘
1424,13:02:54,11.08,--,1,1108,买盘
1425,13:02:51,11.08,--,1,1108,买盘
1426,13:02:45,11.08,--,1,1108,买盘
1427,13:02:42,11.08,0.01,2,2216,买盘
1428,13:02:36,11.07,-0.01,20,22140,卖盘
1429,13:02:33,11.08,--,2,2216,买盘
1430,13:02:21,11.08,0.01,29,32132,买盘
1431,13:02:18,11.07,-0.01,5,5535,卖盘
1432,13:02:15,11.08,--,2,2216,买盘
1433,13:02:12,11.08,0.01,1,1108,买盘
1434,13:02:06,11.07,--,14,15498,卖盘
1435,13:02:00,11.07,--,3,3321,买盘
1436,13:01:57,11.07,--,37,40959,卖盘
1437,13:01:48,11.07,-0.01,14,15498,卖盘
1438,13:01:39,11.08,0.01,1,1108,买盘
1439,13:01:33,11.07,--,3,3321,卖盘
1440,13:01:27,11.07,--,5,5535,卖盘
1441,13:01:24,11.07,-0.01,20,22140,卖盘
1442,13:01:15,11.08,--,2,2216,买盘
1443,13:01:12,11.08,--,3,3324,买盘
1444,13:01:06,11.08,--,1,1108,买盘
1445,13:01:00,11.08,0.01,4,4432,买盘
1446,13:00:57,11.07,-0.01,10,11070,卖盘
1447,13:00:54,11.08,--,1,1108,买盘
1448,13:00:42,11.08,0.01,15,16620,买盘
1449,13:00:33,11.07,--,1,1107,买盘
1450,13:00:21,11.07,--,1,1107,买盘
1451,13:00:12,11.07,--,2,2214,买盘
1452,13:00:09,11.07,-0.01,179,198153,卖盘
1453,13:00:03,11.08,0.02,623,690284,中性盘
1454,13:00:00,11.06,-0.02,300,331800,卖盘
1455,11:30:00,11.08,-0.01,2,2216,卖盘
1456,11:29:57,11.09,--,1,1109,买盘
1457,11:29:54,11.09,--,8,8872,买盘
1458,11:29:48,11.09,--,1,1109,买盘
1459,11:29:42,11.09,--,37,41033,买盘
1460,11:29:39,11.09,--,9,9981,买盘
1461,11:29:36,11.09,0.02,151,167459,买盘
1462,11:29:27,11.07,-0.02,30,33210,卖盘
1463,11:29:24,11.09,--,2,2218,买盘
1464,11:29:15,11.09,--,1,1109,买盘
1465,11:29:03,11.09,0.02,1,1109,买盘
1466,11:28:57,11.07,-0.02,4,4428,卖盘
1467,11:28:51,11.09,--,8,8872,买盘
1468,11:28:42,11.09,0.02,73,80957,买盘
1469,11:28:36,11.07,-0.02,350,387450,卖盘
1470,11:28:30,11.09,--,1,1109,买盘
1471,11:28:18,11.09,0.01,1,1109,买盘
1472,11:28:09,11.08,--,3,3324,卖盘
1473,11:27:57,11.08,--,52,57616,卖盘
1474,11:27:48,11.08,-0.01,4,4432,卖盘
1475,11:27:45,11.09,0.01,32,35488,买盘
1476,11:27:42,11.08,--,88,97504,卖盘
1477,11:27:39,11.08,-0.01,50,55400,卖盘
1478,11:27:36,11.09,--,3,3327,买盘
1479,11:27:33,11.09,--,2,2218,买盘
1480,11:27:24,11.09,--,1,1109,买盘
1481,11:27:12,11.09,0.01,63,69867,买盘
1482,11:27:09,11.08,-0.01,110,121880,卖盘
1483,11:27:06,11.09,--,9,9981,买盘
1484,11:27:03,11.09,--,2,2218,买盘
1485,11:26:51,11.09,--,1,1109,买盘
1486,11:26:39,11.09,--,1,1109,买盘
1487,11:26:30,11.09,--,1,1109,买盘
1488,11:26:18,11.09,--,2,2218,买盘
1489,11:26:12,11.09,--,3,3327,买盘
1490,11:26:06,11.09,--,1,1109,买盘
1491,11:25:57,11.09,0.02,7,7763,中性盘
1492,11:25:54,11.07,--,20,22140,卖盘
1493,11:25:51,11.07,-0.03,1,1107,卖盘
1494,11:25:45,11.1,0.03,2,2220,买盘
1495,11:25:36,11.07,-0.03,10,11070,卖盘
1496,11:25:33,11.1,--,21,23310,买盘
1497,11:25:30,11.1,--,4,4440,买盘
1498,11:25:27,11.1,0.03,37,41070,买盘
1499,11:25:24,11.07,-0.01,87,96309,卖盘
1500,11:25:21,11.08,--,24,26592,卖盘
1501,11:25:12,11.08,--,28,31024,买盘
1502,11:25:09,11.08,--,15,16620,买盘
1503,11:25:06,11.08,--,2,2216,买盘
1504,11:25:03,11.08,--,13,14404,买盘
1505,11:25:00,11.08,--,11,12188,买盘
1506,11:24:51,11.08,0.01,1,1108,买盘
1507,11:24:45,11.07,-0.03,5,5535,卖盘
1508,11:24:39,11.1,0.02,3,3330,买盘
1509,11:24:36,11.08,--,10,11080,买盘
1510,11:24:33,11.08,--,4,4432,买盘
1511,11:24:27,11.08,-0.02,1,1108,中性盘
1512,11:24:18,11.1,--,1,1110,买盘
1513,11:24:12,11.1,--,71,78810,买盘
1514,11:24:06,11.1,--,353,391830,买盘
1515,11:24:03,11.1,0.01,4,4440,买盘
1516,11:23:57,11.09,--,6,6654,买盘
1517,11:23:54,11.09,--,2,2218,买盘
1518,11:23:48,11.09,--,1,1109,买盘
1519,11:23:45,11.09,0.02,1,1109,买盘
1520,11:23:39,11.07,-0.03,20,22140,卖盘
1521,11:23:36,11.1,0.02,33,36630,买盘
1522,11:23:33,11.08,--,1,1108,买盘
1523,11:23:30,11.08,--,23,25484,卖盘
1524,11:23:24,11.08,-0.02,1,1108,卖盘
1525,11:23:21,11.1,--,154,170940,买盘
1526,11:23:15,11.1,--,7,7770,买盘
1527,11:23:12,11.1,0.01,62,68820,买盘
1528,11:23:09,11.09,--,201,222909,买盘
1529,11:23:00,11.09,--,1,1109,买盘
1530,11:22:48,11.09,0.01,8,8872,买盘
1531,11:22:42,11.08,--,8,8864,买盘
1532,11:22:36,11.08,--,16,17728,买盘
1533,11:22:30,11.08,--,1,1108,卖盘
1534,11:22:27,11.08,--,30,33240,买盘
1535,11:22:21,11.08,--,1,1108,买盘
1536,11:22:15,11.08,--,7,7756,买盘
1537,11:22:12,11.08,--,3,3324,买盘
1538,11:22:03,11.08,0.01,2,2216,买盘
1539,11:22:00,11.07,-0.01,4,4428,卖盘
1540,11:21:54,11.08,--,1,1108,买盘
1541,11:21:42,11.08,--,1,1108,买盘
1542,11:21:39,11.08,-0.01,6,6648,中性盘
1543,11:21:30,11.09,0.02,5,5545,买盘
1544,11:21:27,11.07,-0.03,20,22140,卖盘
1545,11:21:21,11.1,0.03,2,2220,买盘
1546,11:21:18,11.07,-0.03,28,30996,卖盘
1547,11:21:15,11.1,--,45,49950,买盘
1548,11:21:12,11.1,--,2,2220,买盘
1549,11:21:09,11.1,--,1,1110,买盘
1550,11:21:03,11.1,--,6,6660,买盘
1551,11:20:57,11.1,--,1,1110,买盘
1552,11:20:54,11.1,--,244,270840,买盘
1553,11:20:51,11.1,--,41,45510,买盘
1554,11:20:48,11.1,0.01,2,2220,买盘
1555,11:20:45,11.09,--,114,126426,买盘
1556,11:20:39,11.09,--,15,16635,买盘
1557,11:20:36,11.09,--,1,1109,买盘
1558,11:20:33,11.09,--,9,9981,买盘
1559,11:20:24,11.09,0.02,1,1109,中性盘
1560,11:20:18,11.07,-0.03,86,95202,卖盘
1561,11:20:15,11.1,--,2,2220,买盘
1562,11:20:09,11.1,--,3,3330,买盘
1563,11:20:06,11.1,0.01,68,75480,买盘
1564,11:20:03,11.09,--,264,292776,买盘
1565,11:20:00,11.09,0.01,8,8872,买盘
1566,11:19:54,11.08,--,12,13296,买盘
1567,11:19:51,11.08,--,1,1108,买盘
1568,11:19:48,11.08,0.01,62,68696,买盘
1569,11:19:45,11.07,-0.01,20,22140,卖盘
1570,11:19:42,11.08,--,1,1108,买盘
1571,11:19:33,11.08,0.01,1,1108,买盘
1572,11:19:30,11.07,--,5,5535,买盘
1573,11:19:21,11.07,-0.01,7,7749,卖盘
1574,11:19:18,11.08,--,1,1108,买盘
1575,11:19:12,11.08,--,43,47644,买盘
1576,11:19:09,11.08,0.01,6,6648,买盘
1577,11:19:00,11.07,-0.02,16,17712,卖盘
1578,11:18:57,11.09,--,178,197402,买盘
1579,11:18:54,11.09,0.01,18,19962,买盘
1580,11:18:51,11.08,0.01,7,7756,买盘
1581,11:18:48,11.07,-0.01,5,5535,卖盘
1582,11:18:45,11.08,0.01,60,66480,买盘
1583,11:18:42,11.07,--,173,191511,买盘
1584,11:18:36,11.07,0.01,8,8856,买盘
1585,11:18:27,11.06,-0.01,50,55300,卖盘
1586,11:18:24,11.07,0.01,2,2214,买盘
1587,11:18:21,11.06,--,17,18802,买盘
1588,11:18:15,11.06,--,16,17696,买盘
1589,11:18:12,11.06,--,23,25438,买盘
1590,11:18:03,11.06,0.01,1,1106,买盘
1591,11:17:51,11.05,-0.01,12,13260,卖盘
1592,11:17:45,11.06,--,1,1106,买盘
1593,11:17:42,11.06,0.01,150,166607,买盘
1594,11:17:39,11.05,0.01,1,1105,买盘
1595,11:17:30,11.04,-0.01,191,210863,卖盘
1596,11:17:18,11.05,-0.01,454,501670,卖盘
1597,11:17:15,11.06,--,39,43134,买盘
1598,11:17:12,11.06,--,3,3318,买盘
1599,11:17:06,11.06,0.01,202,223412,买盘
1600,11:17:03,11.05,-0.01,3,3315,卖盘
1601,11:17:00,11.06,--,5,5530,买盘
1602,11:16:57,11.06,--,3,3318,买盘
1603,11:16:51,11.06,0.01,47,51982,买盘
1604,11:16:48,11.05,--,5,5525,卖盘
1605,11:16:45,11.05,--,89,98345,卖盘
1606,11:16:39,11.05,--,10,11050,卖盘
1607,11:16:36,11.05,-0.01,26,28730,卖盘
1608,11:16:33,11.06,--,2,2212,买盘
1609,11:16:30,11.06,--,10,11060,买盘
1610,11:16:21,11.06,--,25,27650,买盘
1611,11:16:18,11.06,0.01,10,11060,买盘
1612,11:16:12,11.05,--,13,14365,卖盘
1613,11:16:03,11.05,--,7,7735,卖盘
1614,11:16:00,11.05,-0.01,18,19890,卖盘
1615,11:15:48,11.06,--,44,48664,买盘
1616,11:15:45,11.06,0.01,65,71890,买盘
1617,11:15:42,11.05,-0.01,87,96135,卖盘
1618,11:15:39,11.06,--,21,23226,买盘
1619,11:15:36,11.06,0.01,101,111706,买盘
1620,11:15:33,11.05,-0.01,13,14365,卖盘
1621,11:15:27,11.06,0.01,2,2212,买盘
1622,11:15:24,11.05,--,87,96135,买盘
1623,11:15:21,11.05,--,35,38675,买盘
1624,11:15:18,11.05,0.01,2,2210,买盘
1625,11:15:15,11.04,-0.01,48,52991,卖盘
1626,11:15:12,11.05,--,3,3315,买盘
1627,11:15:06,11.05,0.01,1,1105,买盘
1628,11:15:03,11.04,--,20,22080,卖盘
1629,11:15:00,11.04,-0.01,90,99359,卖盘
1630,11:14:54,11.05,--,18,19890,买盘
1631,11:14:51,11.05,-0.01,15,16575,卖盘
1632,11:14:45,11.06,--,33,36498,买盘
1633,11:14:42,11.06,0.01,2,2212,买盘
1634,11:14:36,11.05,-0.01,32,35360,中性盘
1635,11:14:33,11.06,0.02,9,9954,买盘
1636,11:14:30,11.04,-0.01,2,2208,卖盘
1637,11:14:24,11.05,--,50,55250,买盘
1638,11:14:21,11.05,--,4,4420,买盘
1639,11:14:15,11.05,--,6,6630,买盘
1640,11:14:12,11.05,--,25,27625,买盘
1641,11:14:09,11.05,--,2,2210,买盘
1642,11:14:03,11.05,--,45,49725,买盘
1643,11:14:00,11.05,--,8,8840,买盘
1644,11:13:57,11.05,--,1,1105,买盘
1645,11:13:54,11.05,--,2,2210,买盘
1646,11:13:51,11.05,0.01,97,107185,买盘
1647,11:13:48,11.04,0.01,1,1104,买盘
1648,11:13:45,11.03,-0.01,404,445667,卖盘
1649,11:13:39,11.04,-0.01,9,9936,卖盘
1650,11:13:36,11.05,0.01,2,2210,买盘
1651,11:13:33,11.04,--,50,56248,买盘
1652,11:13:30,11.04,--,31,34224,卖盘
1653,11:13:27,11.04,-0.01,141,155664,卖盘
1654,11:13:21,11.05,--,20,22100,买盘
1655,11:13:18,11.05,--,47,51935,买盘
1656,11:13:15,11.05,--,51,56355,买盘
1657,11:13:12,11.05,0.01,3,3315,买盘
1658,11:13:09,11.04,--,57,62927,卖盘
1659,11:13:06,11.04,-0.01,26,28703,卖盘
1660,11:13:03,11.05,--,201,222105,买盘
1661,11:13:00,11.05,0.01,152,167960,买盘
1662,11:12:54,11.04,-0.01,152,167808,卖盘
1663,11:12:48,11.05,--,8,8840,买盘
1664,11:12:45,11.05,--,40,44200,买盘
1665,11:12:42,11.05,--,1,1105,买盘
1666,11:12:39,11.05,--,22,24310,买盘
1667,11:12:36,11.05,--,112,123760,买盘
1668,11:12:30,11.05,--,8,8840,买盘
1669,11:12:24,11.05,-0.01,11,12155,卖盘
1670,11:12:21,11.06,0.01,2,2212,买盘
1671,11:12:15,11.05,-0.01,150,165750,卖盘
1672,11:12:12,11.06,--,36,39816,买盘
1673,11:12:09,11.06,--,113,124978,买盘
1674,11:12:06,11.06,--,7,7742,买盘
1675,11:12:03,11.06,--,11,12166,买盘
1676,11:12:00,11.06,--,10,11060,买盘
1677,11:11:57,11.06,0.01,31,34286,买盘
1678,11:11:51,11.05,-0.01,2,2210,卖盘
1679,11:11:48,11.06,--,2,2212,买盘
1680,11:11:39,11.06,--,7,7742,买盘
1681,11:11:36,11.06,--,5,5530,买盘
1682,11:11:33,11.06,--,20,22120,买盘
1683,11:11:27,11.06,--,29,32074,买盘
1684,11:11:24,11.06,0.01,1,1106,买盘
1685,11:11:21,11.05,-0.01,25,27625,卖盘
1686,11:11:18,11.06,--,50,55300,买盘
1687,11:11:15,11.06,--,1,1106,买盘
1688,11:11:09,11.06,--,4,4424,买盘
1689,11:11:06,11.06,-0.01,8,8848,中性盘
1690,11:11:03,11.07,0.01,2,2214,买盘
1691,11:11:00,11.06,--,19,21014,卖盘
1692,11:10:57,11.06,--,19,21014,卖盘
1693,11:10:51,11.06,-0.01,4,4424,卖盘
1694,11:10:48,11.07,--,28,30996,买盘
1695,11:10:42,11.07,--,1,1107,买盘
1696,11:10:36,11.07,0.01,195,215865,买盘
1697,11:10:33,11.06,0.01,3,3318,买盘
1698,11:10:30,11.05,-0.01,9,9945,卖盘
1699,11:10:21,11.06,-0.01,1,1106,卖盘
1700,11:10:18,11.07,0.02,1000,1107000,买盘
1701,11:10:15,11.05,--,89,98345,卖盘
1702,11:10:12,11.05,-0.01,49,54145,卖盘
1703,11:10:09,11.06,0.01,17,18802,买盘
1704,11:10:06,11.05,--,100,110500,卖盘
1705,11:10:03,11.05,--,3,3315,买盘
1706,11:09:57,11.05,--,12,13260,卖盘
1707,11:09:54,11.05,--,14,15470,买盘
1708,11:09:48,11.05,-0.01,32,35360,卖盘
1709,11:09:45,11.06,0.01,18,19908,买盘
1710,11:09:42,11.05,--,9,9945,买盘
1711,11:09:39,11.05,--,25,27625,卖盘
1712,11:09:36,11.05,-0.01,42,46410,卖盘
1713,11:09:33,11.06,--,1,1106,买盘
1714,11:09:30,11.06,--,31,34286,卖盘
1715,11:09:27,11.06,--,24,26544,买盘
1716,11:09:24,11.06,--,2,2212,买盘
1717,11:09:21,11.06,--,14,15484,卖盘
1718,11:09:15,11.06,-0.01,1,1106,中性盘
1719,11:09:12,11.07,--,32,35424,买盘
1720,11:09:06,11.07,0.02,160,177120,买盘
1721,11:09:03,11.05,-0.02,542,598910,卖盘
1722,11:09:00,11.07,0.01,11,12177,买盘
1723,11:08:54,11.06,-0.01,10,11060,卖盘
1724,11:08:51,11.07,0.01,2,2214,买盘
1725,11:08:48,11.06,--,49,54194,买盘
1726,11:08:45,11.06,--,3,3318,买盘
1727,11:08:42,11.06,--,29,32074,买盘
1728,11:08:39,11.06,--,1,1106,买盘
1729,11:08:36,11.06,--,8,8848,买盘
1730,11:08:30,11.06,-0.01,20,22120,卖盘
1731,11:08:27,11.07,--,9,9963,买盘
1732,11:08:21,11.07,--,17,18819,买盘
1733,11:08:18,11.07,--,11,12177,买盘
1734,11:08:15,11.07,0.01,94,104058,买盘
1735,11:08:12,11.06,-0.01,50,55300,卖盘
1736,11:08:09,11.07,--,3,3321,买盘
1737,11:08:06,11.07,0.01,10,11070,买盘
1738,11:07:57,11.06,-0.01,1,1106,卖盘
1739,11:07:54,11.07,--,1,1107,买盘
1740,11:07:51,11.07,0.01,17,18819,买盘
1741,11:07:48,11.06,-0.01,3,3318,卖盘
1742,11:07:45,11.07,0.01,13,14391,买盘
1743,11:07:36,11.06,-0.01,17,18802,卖盘
1744,11:07:33,11.07,-0.01,2,2214,买盘
1745,11:07:30,11.08,0.02,40,44320,买盘
1746,11:07:27,11.06,-0.01,117,129402,卖盘
1747,11:07:21,11.07,--,8,8856,买盘
1748,11:07:18,11.07,0.01,10,11070,买盘
1749,11:07:15,11.06,-0.02,410,453460,卖盘
1750,11:07:12,11.08,--,1,1108,买盘
1751,11:07:09,11.08,0.01,112,124096,买盘
1752,11:07:03,11.07,--,77,85239,卖盘
1753,11:07:00,11.07,--,32,35424,卖盘
1754,11:06:57,11.07,--,24,26568,卖盘
1755,11:06:54,11.07,-0.01,10,11070,卖盘
1756,11:06:51,11.08,--,50,55400,买盘
1757,11:06:48,11.08,--,44,48752,买盘
1758,11:06:45,11.08,--,8,8864,买盘
1759,11:06:42,11.08,0.01,7,7756,买盘
1760,11:06:39,11.07,-0.01,92,101844,卖盘
1761,11:06:36,11.08,--,104,115232,买盘
1762,11:06:30,11.08,-0.01,9,9972,买盘
1763,11:06:27,11.09,0.01,72,79848,买盘
1764,11:06:24,11.08,--,5,5540,卖盘
1765,11:06:21,11.08,0.02,487,539596,买盘
1766,11:06:18,11.06,-0.01,10,11060,卖盘
1767,11:06:15,11.07,-0.01,3,3321,买盘
1768,11:06:12,11.08,0.02,37,40996,买盘
1769,11:06:09,11.06,-0.01,23,25438,卖盘
1770,11:06:06,11.07,0.01,10,11070,买盘
1771,11:06:03,11.06,-0.01,11,12166,卖盘
1772,11:05:57,11.07,--,14,15498,买盘
1773,11:05:54,11.07,0.01,13,14391,买盘
1774,11:05:48,11.06,-0.01,19,21014,卖盘
1775,11:05:45,11.07,--,198,219186,买盘
1776,11:05:42,11.07,--,64,70848,买盘
1777,11:05:39,11.07,--,38,42066,买盘
1778,11:05:36,11.07,0.01,11,12177,买盘
1779,11:05:33,11.06,--,59,65254,卖盘
1780,11:05:30,11.06,--,200,221200,卖盘
1781,11:05:24,11.06,-0.01,20,22120,卖盘
1782,11:05:21,11.07,0.01,70,77490,买盘
1783,11:05:18,11.06,0.01,35,38710,买盘
1784,11:05:15,11.05,--,20,22100,卖盘
1785,11:05:12,11.05,-0.01,20,22100,卖盘
1786,11:05:09,11.06,--,40,44240,买盘
1787,11:05:06,11.06,0.01,2,2212,买盘
1788,11:05:00,11.05,-0.02,16,17680,卖盘
1789,11:04:57,11.07,--,68,75276,买盘
1790,11:04:54,11.07,0.02,10,11070,买盘
1791,11:04:51,11.05,-0.02,21,23205,卖盘
1792,11:04:48,11.07,--,1,1107,买盘
1793,11:04:42,11.07,--,8,8856,买盘
1794,11:04:39,11.07,-0.01,153,169371,卖盘
1795,11:04:36,11.08,0.01,7,7756,买盘
1796,11:04:33,11.07,-0.01,14,15498,卖盘
1797,11:04:30,11.08,0.01,242,268136,买盘
1798,11:04:27,11.07,0.02,330,365310,买盘
1799,11:04:24,11.05,-0.01,113,124865,卖盘
1800,11:04:21,11.06,--,2,2212,卖盘
1801,11:04:15,11.06,0.01,470,519820,买盘
1802,11:04:09,11.05,--,25,27625,买盘
1803,11:04:06,11.05,-0.01,699,772395,卖盘
1804,11:04:03,11.06,--,9,9954,买盘
1805,11:04:00,11.06,-0.01,53,58618,卖盘
1806,11:03:57,11.07,--,9,9963,买盘
1807,11:03:54,11.07,--,191,211437,买盘
1808,11:03:48,11.07,0.01,61,67527,买盘
1809,11:03:45,11.06,-0.02,1200,1327200,卖盘
1810,11:03:42,11.08,0.01,175,193900,买盘
1811,11:03:39,11.07,-0.01,191,211437,卖盘
1812,11:03:36,11.08,0.01,21,23268,买盘
1813,11:03:33,11.07,-0.01,507,561249,卖盘
1814,11:03:30,11.08,--,1,1108,买盘
1815,11:03:18,11.08,--,2,2216,买盘
1816,11:03:15,11.08,--,300,332400,卖盘
1817,11:03:12,11.08,-0.01,34,37672,卖盘
1818,11:03:09,11.09,--,1,1109,买盘
1819,11:03:06,11.09,0.01,127,140843,买盘
1820,11:03:03,11.08,-0.01,42,46536,卖盘
1821,11:02:57,11.09,--,8,8872,买盘
1822,11:02:51,11.09,--,53,58777,买盘
1823,11:02:48,11.09,-0.01,107,118663,卖盘
1824,11:02:45,11.1,0.01,83,92130,买盘
1825,11:02:39,11.09,--,8,8872,卖盘
1826,11:02:36,11.09,--,7,7763,卖盘
1827,11:02:33,11.09,--,76,84284,卖盘
1828,11:02:27,11.09,-0.01,50,55450,卖盘
1829,11:02:24,11.1,--,55,61050,买盘
1830,11:02:21,11.1,--,5,5550,买盘
1831,11:02:12,11.1,--,8,8880,买盘
1832,11:02:09,11.1,--,3,3330,买盘
1833,11:02:06,11.1,--,12,13320,买盘
1834,11:02:03,11.1,0.01,2,2220,买盘
1835,11:02:00,11.09,-0.01,1,1109,卖盘
1836,11:01:57,11.1,--,124,137640,买盘
1837,11:01:54,11.1,--,10,11100,买盘
1838,11:01:51,11.1,0.01,5,5550,买盘
1839,11:01:48,11.09,-0.01,61,67649,卖盘
1840,11:01:45,11.1,--,7,7770,买盘
1841,11:01:42,11.1,--,16,17760,买盘
1842,11:01:39,11.1,--,1,1110,买盘
1843,11:01:36,11.1,--,1,1110,买盘
1844,11:01:33,11.1,--,7,7770,买盘
1845,11:01:30,11.1,--,1,1110,买盘
1846,11:01:21,11.1,-0.01,7,7770,卖盘
1847,11:01:18,11.11,0.01,13,14443,买盘
1848,11:01:15,11.1,--,2,2220,卖盘
1849,11:01:09,11.1,-0.01,1,1110,卖盘
1850,11:01:06,11.11,--,11,12221,买盘
1851,11:01:00,11.11,--,13,14443,买盘
1852,11:00:57,11.11,--,31,34441,买盘
1853,11:00:45,11.11,0.02,9,9999,买盘
1854,11:00:42,11.09,-0.02,30,33270,卖盘
1855,11:00:33,11.11,--,14,15554,买盘
1856,11:00:30,11.11,0.02,213,236643,买盘
1857,11:00:24,11.09,-0.01,61,67649,卖盘
1858,11:00:15,11.1,--,8,8880,买盘
1859,11:00:12,11.1,0.01,450,499500,买盘
1860,11:00:06,11.09,0.01,114,126426,买盘
1861,11:00:00,11.08,--,51,56508,卖盘
1862,10:59:57,11.08,-0.01,49,54292,卖盘
1863,10:59:51,11.09,0.01,11,12199,买盘
1864,10:59:48,11.08,-0.01,500,554000,卖盘
1865,10:59:42,11.09,--,28,31052,买盘
1866,10:59:39,11.09,0.01,1,1109,买盘
1867,10:59:36,11.08,--,39,43212,卖盘
1868,10:59:33,11.08,-0.01,9,9972,卖盘
1869,10:59:27,11.09,0.01,7,7763,买盘
1870,10:59:21,11.08,-0.01,19,21052,卖盘
1871,10:59:18,11.09,0.01,1,1109,买盘
1872,10:59:15,11.08,-0.01,10,11080,卖盘
1873,10:59:09,11.09,-0.01,41,45469,卖盘
1874,10:59:06,11.1,0.01,28,31080,买盘
1875,10:59:03,11.09,-0.01,7,7763,卖盘
1876,10:59:00,11.1,0.01,57,63270,买盘
1877,10:58:57,11.09,-0.01,196,217364,卖盘
1878,10:58:54,11.1,0.01,32,35520,买盘
1879,10:58:48,11.09,-0.01,1,1109,卖盘
1880,10:58:45,11.1,--,1,1110,买盘
1881,10:58:33,11.1,--,1,1110,买盘
1882,10:58:30,11.1,--,8,8880,买盘
1883,10:58:27,11.1,--,42,46620,卖盘
1884,10:58:24,11.1,-0.01,6,6660,卖盘
1885,10:58:21,11.11,0.01,1,1111,买盘
1886,10:58:12,11.1,-0.01,12,13320,中性盘
1887,10:58:09,11.11,0.02,9,9999,买盘
1888,10:58:06,11.09,--,74,82066,卖盘
1889,10:58:03,11.09,-0.01,119,131971,卖盘
1890,10:58:00,11.1,0.01,142,157620,买盘
1891,10:57:57,11.09,-0.01,9,9981,卖盘
1892,10:57:54,11.1,0.01,2,2220,买盘
1893,10:57:51,11.09,-0.01,34,37706,卖盘
1894,10:57:48,11.1,--,14,15540,买盘
1895,10:57:45,11.1,--,8,8880,买盘
1896,10:57:42,11.1,--,48,53280,买盘
1897,10:57:39,11.1,0.01,15,16650,买盘
1898,10:57:36,11.09,--,10,11090,卖盘
1899,10:57:33,11.09,-0.01,18,19962,卖盘
1900,10:57:27,11.1,--,1,1110,买盘
1901,10:57:24,11.1,-0.01,121,135198,卖盘
1902,10:57:21,11.11,0.01,68,75548,买盘
1903,10:57:18,11.1,-0.01,34,37740,卖盘
1904,10:57:15,11.11,0.01,77,85547,买盘
1905,10:57:09,11.1,-0.01,4,4440,卖盘
1906,10:57:06,11.11,--,2,2222,买盘
1907,10:57:03,11.11,--,14,15554,买盘
1908,10:56:57,11.11,-0.01,400,444400,卖盘
1909,10:56:54,11.12,--,21,23352,买盘
1910,10:56:51,11.12,--,26,28911,买盘
1911,10:56:45,11.12,--,9,10008,买盘
1912,10:56:42,11.12,--,37,41144,买盘
1913,10:56:33,11.12,--,2,2224,买盘
1914,10:56:24,11.12,--,7,7783,买盘
1915,10:56:21,11.12,-0.01,59,65608,卖盘
1916,10:56:12,11.13,--,1,1113,买盘
1917,10:56:06,11.13,0.01,2,2226,买盘
1918,10:56:00,11.12,-0.01,13,14455,卖盘
1919,10:55:57,11.13,--,7,7791,买盘
1920,10:55:48,11.13,-0.01,2,2226,中性盘
1921,10:55:39,11.14,--,1,1114,买盘
1922,10:55:36,11.14,0.02,44,49016,买盘
1923,10:55:33,11.12,-0.01,75,83400,卖盘
1924,10:55:27,11.13,--,4,4452,买盘
1925,10:55:15,11.13,--,10,11130,买盘
1926,10:55:06,11.13,--,1,1113,买盘
1927,10:55:03,11.13,-0.01,3,3339,中性盘
1928,10:54:54,11.14,0.02,1,1114,买盘
1929,10:54:51,11.12,-0.02,35,38920,卖盘
1930,10:54:45,11.14,--,24,26736,买盘
1931,10:54:42,11.14,0.01,1,1114,买盘
1932,10:54:33,11.13,--,12,13356,卖盘
1933,10:54:27,11.13,--,3,3339,卖盘
1934,10:54:24,11.13,--,12,13356,买盘
1935,10:54:21,11.13,--,2,2226,买盘
1936,10:54:09,11.13,--,1,1113,买盘
1937,10:54:03,11.13,--,2,2226,买盘
1938,10:54:00,11.13,0.01,2,2226,买盘
1939,10:53:57,11.12,-0.01,1,1112,卖盘
1940,10:53:48,11.13,--,1,1113,买盘
1941,10:53:36,11.13,--,1,1113,买盘
1942,10:53:27,11.13,-0.01,1,1113,中性盘
1943,10:53:15,11.14,--,2,2228,买盘
1944,10:53:03,11.14,--,4,4456,买盘
1945,10:52:57,11.14,--,2,2228,买盘
1946,10:52:54,11.14,--,1,1114,买盘
1947,10:52:45,11.14,--,7,7798,买盘
1948,10:52:42,11.14,--,1,1114,买盘
1949,10:52:36,11.14,0.01,192,213888,买盘
1950,10:52:30,11.13,0.02,1002,1115226,买盘
1951,10:52:24,11.11,-0.02,20,22220,卖盘
1952,10:52:21,11.13,0.02,1,1113,中性盘
1953,10:52:15,11.11,-0.03,65,72215,卖盘
1954,10:52:12,11.14,--,48,53472,买盘
1955,10:52:09,11.14,0.03,16,17824,买盘
1956,10:52:03,11.11,-0.03,109,121099,卖盘
1957,10:51:57,11.14,--,2,2228,买盘
1958,10:51:48,11.14,--,1,1114,买盘
1959,10:51:45,11.14,0.01,251,279614,买盘
1960,10:51:36,11.13,0.02,334,372187,买盘
1961,10:51:33,11.11,-0.01,23,25553,卖盘
1962,10:51:27,11.12,--,238,264656,买盘
1963,10:51:24,11.12,--,11,12232,买盘
1964,10:51:21,11.12,0.01,41,45592,买盘
1965,10:51:18,11.11,-0.01,103,114655,卖盘
1966,10:51:12,11.12,--,2,2224,买盘
1967,10:51:03,11.12,0.01,3,3335,买盘
1968,10:51:00,11.11,-0.01,7,7777,卖盘
1969,10:50:57,11.12,0.01,5,5560,买盘
1970,10:50:54,11.11,--,5,5555,卖盘
1971,10:50:51,11.11,--,5,5555,卖盘
1972,10:50:45,11.11,-0.01,13,14443,卖盘
1973,10:50:42,11.12,--,36,40032,买盘
1974,10:50:39,11.12,0.01,1,1112,买盘
1975,10:50:30,11.11,--,10,11110,卖盘
1976,10:50:24,11.11,-0.01,20,22220,卖盘
1977,10:50:21,11.12,0.01,43,47816,买盘
1978,10:50:18,11.11,--,6,6666,卖盘
1979,10:50:15,11.11,--,29,32219,卖盘
1980,10:50:09,11.11,-0.01,13,14443,卖盘
1981,10:50:06,11.12,--,1,1112,买盘
1982,10:50:03,11.12,--,3,3335,买盘
1983,10:49:57,11.12,--,2,2224,买盘
1984,10:49:54,11.12,0.01,6,6671,买盘
1985,10:49:48,11.11,-0.01,50,55550,卖盘
1986,10:49:45,11.12,--,1,1112,买盘
1987,10:49:36,11.12,--,30,33360,买盘
1988,10:49:33,11.12,--,1,1112,买盘
1989,10:49:27,11.12,-0.01,30,33360,卖盘
1990,10:49:24,11.13,--,1,1113,买盘
1991,10:49:21,11.13,0.01,41,45633,买盘
1992,10:49:15,11.12,--,50,55599,卖盘
1993,10:49:12,11.12,--,116,128991,卖盘
1994,10:49:06,11.12,-0.01,3,3335,卖盘
1995,10:49:03,11.13,--,48,53424,买盘
1996,10:49:00,11.13,0.01,1,1113,买盘
1997,10:48:51,11.12,-0.01,54,60047,卖盘
1998,10:48:45,11.13,--,122,135786,卖盘
1999,10:48:42,11.13,-0.01,16,17808,卖盘
2000,10:48:39,11.14,--,2,2228,买盘
2001,10:48:27,11.14,0.01,1,1114,买盘
2002,10:48:24,11.13,--,36,40068,卖盘
2003,10:48:18,11.13,--,6,6678,卖盘
2004,10:48:15,11.13,-0.01,50,55650,卖盘
2005,10:48:09,11.14,--,10,11140,买盘
2006,10:48:06,11.14,0.01,39,43446,买盘
2007,10:48:03,11.13,-0.01,40,44520,卖盘
2008,10:48:00,11.14,--,3,3342,买盘
2009,10:47:54,11.14,--,12,13368,买盘
2010,10:47:45,11.14,--,1,1114,买盘
2011,10:47:33,11.14,0.01,9,10026,买盘
2012,10:47:30,11.13,-0.01,28,31164,卖盘
2013,10:47:21,11.14,--,2,2228,买盘
2014,10:47:12,11.14,--,1,1114,买盘
2015,10:47:03,11.14,--,10,11140,买盘
2016,10:47:00,11.14,--,14,15596,买盘
2017,10:46:48,11.14,--,2,2228,买盘
2018,10:46:45,11.14,-0.01,28,31192,卖盘
2019,10:46:39,11.15,0.01,1,1115,买盘
2020,10:46:36,11.14,-0.01,15,16710,卖盘
2021,10:46:30,11.15,--,43,47945,买盘
2022,10:46:27,11.15,0.02,134,149410,买盘
2023,10:46:24,11.13,-0.01,5,5565,卖盘
2024,10:46:15,11.14,--,256,285184,中性盘
2025,10:46:12,11.14,-0.01,2,2228,卖盘
2026,10:46:06,11.15,0.01,465,519567,买盘
2027,10:46:03,11.14,--,3,3342,买盘
2028,10:46:00,11.14,0.01,45,50130,买盘
2029,10:45:57,11.13,-0.01,101,112413,卖盘
2030,10:45:54,11.14,0.01,1,1114,买盘
2031,10:45:48,11.13,-0.01,5,5565,卖盘
2032,10:45:42,11.14,--,1,1114,买盘
2033,10:45:33,11.14,0.01,2,2228,买盘
2034,10:45:24,11.13,-0.01,10,11130,卖盘
2035,10:45:21,11.14,0.01,6,6684,买盘
2036,10:45:18,11.13,--,1,1113,卖盘
2037,10:45:09,11.13,-0.01,20,22260,卖盘
2038,10:45:03,11.14,--,2,2228,买盘
2039,10:45:00,11.14,0.01,1,1114,买盘
2040,10:44:57,11.13,--,5,5565,卖盘
2041,10:44:48,11.13,-0.01,7,7791,卖盘
2042,10:44:45,11.14,0.01,44,49016,买盘
2043,10:44:39,11.13,-0.01,21,23373,卖盘
2044,10:44:36,11.14,0.01,1,1114,买盘
2045,10:44:33,11.13,-0.01,11,12243,卖盘
2046,10:44:24,11.14,0.01,1,1114,买盘
2047,10:44:18,11.13,-0.01,10,11130,卖盘
2048,10:44:15,11.14,--,2,2228,买盘
2049,10:44:03,11.14,--,1,1114,买盘
2050,10:44:00,11.14,0.01,3,3342,买盘
2051,10:43:54,11.13,-0.01,1,1113,卖盘
2052,10:43:51,11.14,--,59,65726,买盘
2053,10:43:48,11.14,--,274,305236,买盘
2054,10:43:42,11.14,0.01,1,1114,买盘
2055,10:43:36,11.13,--,5,5565,卖盘
2056,10:43:33,11.13,-0.01,5,5565,卖盘
2057,10:43:30,11.14,0.01,2,2228,买盘
2058,10:43:24,11.13,-0.01,20,22260,卖盘
2059,10:43:21,11.14,0.01,1,1114,买盘
2060,10:43:18,11.13,-0.01,4,4452,卖盘
2061,10:43:09,11.14,--,2,2228,买盘
2062,10:43:03,11.14,0.01,7,7798,买盘
2063,10:43:00,11.13,-0.01,5,5565,卖盘
2064,10:42:57,11.14,--,31,34534,买盘
2065,10:42:48,11.14,--,2,2228,买盘
2066,10:42:45,11.14,--,1,1114,买盘
2067,10:42:39,11.14,--,15,16710,买盘
2068,10:42:36,11.14,--,1,1114,买盘
2069,10:42:27,11.14,0.01,63,70182,买盘
2070,10:42:24,11.13,-0.01,12,13356,卖盘
2071,10:42:15,11.14,--,1,1114,买盘
2072,10:42:03,11.14,0.01,3,3342,买盘
2073,10:42:00,11.13,--,40,44520,卖盘
2074,10:41:54,11.13,-0.01,10,11130,卖盘
2075,10:41:51,11.14,--,6,6684,买盘
2076,10:41:42,11.14,--,2,2228,买盘
2077,10:41:36,11.14,0.01,38,42332,买盘
2078,10:41:33,11.13,--,1,1113,卖盘
2079,10:41:30,11.13,-0.01,15,16695,卖盘
2080,10:41:24,11.14,0.01,1,1114,买盘
2081,10:41:21,11.13,-0.01,50,55650,卖盘
2082,10:41:18,11.14,--,21,23394,买盘
2083,10:41:15,11.14,--,43,47902,买盘
2084,10:41:09,11.14,--,2,2228,买盘
2085,10:41:03,11.14,0.01,3,3342,买盘
2086,10:40:57,11.13,-0.01,6,6678,卖盘
2087,10:40:51,11.14,0.01,54,60156,买盘
2088,10:40:48,11.13,-0.01,102,113526,卖盘
2089,10:40:45,11.14,0.01,1,1114,买盘
2090,10:40:36,11.13,--,3,3339,卖盘
2091,10:40:27,11.13,--,2,2226,买盘
2092,10:40:24,11.13,--,1,1113,买盘
2093,10:40:21,11.13,0.01,1,1113,买盘
2094,10:40:18,11.12,-0.01,4,4448,卖盘
2095,10:40:12,11.13,--,1,1113,买盘
2096,10:40:09,11.13,--,77,85701,卖盘
2097,10:40:03,11.13,-0.01,5,5565,卖盘
2098,10:40:00,11.14,0.01,31,34534,买盘
2099,10:39:57,11.13,--,39,43407,买盘
2100,10:39:51,11.13,--,1,1113,买盘
2101,10:39:42,11.13,-0.01,1,1113,卖盘
2102,10:39:39,11.14,--,1,1114,买盘
2103,10:39:33,11.14,--,44,49016,买盘
2104,10:39:30,11.14,--,61,67954,买盘
2105,10:39:18,11.14,0.01,2,2228,买盘
2106,10:39:15,11.13,-0.01,10,11130,中性盘
2107,10:39:06,11.14,--,1,1114,买盘
2108,10:39:00,11.14,-0.01,3,3342,中性盘
2109,10:38:57,11.15,0.01,34,37910,买盘
2110,10:38:51,11.14,0.01,86,95804,买盘
2111,10:38:45,11.13,--,44,48972,卖盘
2112,10:38:39,11.13,-0.01,10,11130,卖盘
2113,10:38:33,11.14,0.01,2,2228,买盘
2114,10:38:27,11.13,-0.01,35,38955,卖盘
2115,10:38:24,11.14,0.01,1,1114,买盘
2116,10:38:21,11.13,-0.01,5,5565,卖盘
2117,10:38:12,11.14,--,1,1114,买盘
2118,10:38:00,11.14,--,2,2228,买盘
2119,10:37:57,11.14,-0.01,2,2228,中性盘
2120,10:37:51,11.15,0.03,33,36795,买盘
2121,10:37:48,11.12,--,128,142336,卖盘
2122,10:37:42,11.12,-0.02,8,8896,卖盘
2123,10:37:39,11.14,-0.01,1,1114,中性盘
2124,10:37:33,11.15,0.03,1,1115,买盘
2125,10:37:27,11.12,-0.02,39,43368,卖盘
2126,10:37:18,11.14,-0.01,1,1114,中性盘
2127,10:37:06,11.15,0.02,35,39025,买盘
2128,10:37:03,11.13,0.01,20,22260,买盘
2129,10:37:00,11.12,--,14,15567,卖盘
2130,10:36:57,11.12,-0.01,5,5560,卖盘
2131,10:36:54,11.13,0.01,1,1113,买盘
2132,10:36:48,11.12,-0.01,151,167912,卖盘
2133,10:36:45,11.13,--,2,2226,买盘
2134,10:36:33,11.13,--,1,1113,买盘
2135,10:36:30,11.13,--,46,51198,买盘
2136,10:36:27,11.13,-0.01,119,132447,卖盘
2137,10:36:21,11.14,0.01,1,1114,买盘
2138,10:36:18,11.13,--,2,2226,卖盘
2139,10:36:12,11.13,--,52,57876,卖盘
2140,10:36:06,11.13,--,1,1113,卖盘
2141,10:36:00,11.13,-0.01,24,26712,卖盘
2142,10:35:48,11.14,--,1,1114,买盘
2143,10:35:39,11.14,0.01,1,1114,买盘
2144,10:35:33,11.13,0.01,30,33390,卖盘
2145,10:35:30,11.12,-0.02,9,10008,卖盘
2146,10:35:27,11.14,--,2,2228,买盘
2147,10:35:15,11.14,-0.01,1,1114,中性盘
2148,10:35:06,11.15,0.03,1,1115,买盘
2149,10:35:03,11.12,-0.02,58,64495,卖盘
2150,10:35:00,11.14,--,2,2461,买盘
2151,10:34:57,11.14,--,148,164872,买盘
2152,10:34:54,11.14,0.02,1,1114,买盘
2153,10:34:51,11.12,--,10,11120,卖盘
2154,10:34:45,11.12,--,59,65608,卖盘
2155,10:34:42,11.12,-0.02,21,23352,卖盘
2156,10:34:33,11.14,--,1,1114,买盘
2157,10:34:21,11.14,0.01,69,76866,买盘
2158,10:34:15,11.13,--,315,351474,卖盘
2159,10:34:12,11.13,--,50,55650,卖盘
2160,10:34:09,11.13,--,1,1346,卖盘
2161,10:34:00,11.13,--,14,15582,卖盘
2162,10:33:57,11.13,-0.01,5,5565,卖盘
2163,10:33:48,11.14,0.01,1,1114,买盘
2164,10:33:45,11.13,-0.01,1,1113,卖盘
2165,10:33:42,11.14,--,31,34534,买盘
2166,10:33:36,11.14,--,1,1114,买盘
2167,10:33:30,11.14,--,2,2228,买盘
2168,10:33:27,11.14,0.01,2,2228,买盘
2169,10:33:18,11.13,-0.01,3,3339,卖盘
2170,10:33:15,11.14,--,1,1114,买盘
2171,10:33:03,11.14,--,1,1114,买盘
2172,10:33:00,11.14,0.01,3,3342,买盘
2173,10:32:57,11.13,-0.01,20,22260,卖盘
2174,10:32:54,11.14,0.01,2,2228,买盘
2175,10:32:48,11.13,--,5,5565,卖盘
2176,10:32:45,11.13,-0.01,88,97944,卖盘
2177,10:32:42,11.14,0.01,1,1114,买盘
2178,10:32:33,11.13,-0.01,5,5565,卖盘
2179,10:32:30,11.14,0.01,1,1114,买盘
2180,10:32:24,11.13,-0.01,10,11130,卖盘
2181,10:32:21,11.14,--,1,1114,买盘
2182,10:32:09,11.14,--,3,3342,卖盘
2183,10:31:57,11.14,--,4,4456,买盘
2184,10:31:45,11.14,0.01,1,1114,买盘
2185,10:31:39,11.13,-0.02,5,5565,卖盘
2186,10:31:36,11.15,--,1,1115,买盘
2187,10:31:27,11.15,0.01,52,57980,买盘
2188,10:31:24,11.14,--,2,2228,买盘
2189,10:31:21,11.14,--,43,47902,买盘
2190,10:31:18,11.14,--,10,11140,买盘
2191,10:31:12,11.14,--,1,1114,买盘
2192,10:31:03,11.14,--,8,8912,买盘
2193,10:31:00,11.14,--,2,2228,买盘
2194,10:30:57,11.14,--,3,3342,买盘
2195,10:30:51,11.14,--,33,36762,买盘
2196,10:30:45,11.14,-0.01,65,72410,卖盘
2197,10:30:39,11.15,0.01,1,1115,买盘
2198,10:30:33,11.14,-0.01,28,31192,卖盘
2199,10:30:30,11.15,0.01,1,1115,买盘
2200,10:30:24,11.14,-0.01,8,8912,卖盘
2201,10:30:21,11.15,--,39,43485,买盘
2202,10:30:18,11.15,0.01,1,1115,买盘
2203,10:30:15,11.14,-0.01,99,110286,卖盘
2204,10:30:09,11.15,--,31,34565,买盘
2205,10:30:06,11.15,0.01,2,2230,买盘
2206,10:30:03,11.14,--,32,35648,买盘
2207,10:29:57,11.14,--,4,4456,买盘
2208,10:29:45,11.14,0.01,1,1114,买盘
2209,10:29:42,11.13,-0.01,29,32277,卖盘
2210,10:29:39,11.14,-0.01,2,2228,中性盘
2211,10:29:36,11.15,0.01,55,61325,买盘
2212,10:29:33,11.14,0.01,202,225028,买盘
2213,10:29:27,11.13,-0.01,3,3339,卖盘
2214,10:29:24,11.14,--,1,1114,买盘
2215,10:29:12,11.14,--,1,1114,买盘
2216,10:29:09,11.14,--,2,2228,买盘
2217,10:29:00,11.14,--,5,5570,买盘
2218,10:28:57,11.14,0.01,2,2228,买盘
2219,10:28:54,11.13,-0.01,3,3339,卖盘
2220,10:28:51,11.14,--,2,2228,买盘
2221,10:28:48,11.14,0.01,7,7798,买盘
2222,10:28:42,11.13,-0.01,3,3339,卖盘
2223,10:28:39,11.14,0.01,2,2228,买盘
2224,10:28:36,11.13,--,60,66780,卖盘
2225,10:28:33,11.13,-0.01,7,7791,卖盘
2226,10:28:27,11.14,0.01,38,42332,买盘
2227,10:28:21,11.13,-0.01,133,148029,卖盘
2228,10:28:18,11.14,0.01,2,2228,买盘
2229,10:28:09,11.13,-0.01,20,22260,卖盘
2230,10:28:06,11.14,0.01,1,1114,买盘
2231,10:28:03,11.13,-0.01,35,38955,卖盘
2232,10:27:57,11.14,0.01,12,13368,买盘
2233,10:27:51,11.13,-0.01,32,35616,卖盘
2234,10:27:45,11.14,0.01,2,2228,买盘
2235,10:27:39,11.13,-0.01,24,26712,卖盘
2236,10:27:33,11.14,0.01,1,1114,买盘
2237,10:27:24,11.13,-0.01,1,1113,卖盘
2238,10:27:21,11.14,--,8,8912,买盘
2239,10:27:12,11.14,--,1,1114,买盘
2240,10:27:09,11.14,--,1,1114,买盘
2241,10:27:00,11.14,--,2,2228,买盘
2242,10:26:57,11.14,--,22,24508,买盘
2243,10:26:54,11.14,-0.01,16,17824,卖盘
2244,10:26:51,11.15,--,1,1115,买盘
2245,10:26:45,11.15,--,8,8920,买盘
2246,10:26:39,11.15,--,2,2230,买盘
2247,10:26:27,11.15,-0.01,9,10035,买盘
2248,10:26:21,11.16,--,1,1116,买盘
2249,10:26:18,11.16,--,1,1116,买盘
2250,10:26:15,11.16,0.01,27,30132,买盘
2251,10:26:12,11.15,--,53,59095,买盘
2252,10:26:09,11.15,--,10,11150,买盘
2253,10:26:06,11.15,--,9,10035,买盘
2254,10:25:57,11.15,--,4,4460,买盘
2255,10:25:54,11.15,--,1,1115,买盘
2256,10:25:48,11.15,-0.01,13,15164,卖盘
2257,10:25:45,11.16,--,2,2232,买盘
2258,10:25:39,11.16,0.01,1,1116,买盘
2259,10:25:36,11.15,-0.01,3,3345,卖盘
2260,10:25:33,11.16,--,1,1116,买盘
2261,10:25:27,11.16,0.01,146,162936,买盘
2262,10:25:24,11.15,--,381,425261,买盘
2263,10:25:21,11.15,0.01,61,68015,买盘
2264,10:25:18,11.14,--,5,5570,卖盘
2265,10:25:12,11.14,-0.01,6,6684,卖盘
2266,10:25:09,11.15,--,33,36795,买盘
2267,10:25:06,11.15,0.01,7,7805,买盘
2268,10:25:03,11.14,--,6,6684,卖盘
2269,10:25:00,11.14,-0.01,19,21166,卖盘
2270,10:24:57,11.15,0.01,43,47945,买盘
2271,10:24:54,11.14,--,82,91348,买盘
2272,10:24:48,11.14,--,8,8912,买盘
2273,10:24:39,11.14,--,1,1114,买盘
2274,10:24:36,11.14,0.02,1,1114,买盘
2275,10:24:33,11.12,-0.02,5,5560,卖盘
2276,10:24:30,11.14,--,8,8912,买盘
2277,10:24:27,11.14,0.02,2,2228,买盘
2278,10:24:21,11.12,-0.02,20,22240,卖盘
2279,10:24:15,11.14,--,1,1114,买盘
2280,10:24:09,11.14,--,9,10026,买盘
2281,10:24:06,11.14,--,90,100260,买盘
2282,10:24:03,11.14,0.01,1,1114,买盘
2283,10:24:00,11.13,-0.01,19,21147,卖盘
2284,10:23:57,11.14,0.01,19,21166,买盘
2285,10:23:54,11.13,-0.01,32,35616,卖盘
2286,10:23:51,11.14,--,7,7798,买盘
2287,10:23:42,11.14,0.01,2,2228,买盘
2288,10:23:39,11.13,-0.01,19,21147,卖盘
2289,10:23:33,11.14,--,8,8912,买盘
2290,10:23:30,11.14,0.01,15,16710,买盘
2291,10:23:27,11.13,--,39,43407,卖盘
2292,10:23:21,11.13,-0.01,12,13356,卖盘
2293,10:23:18,11.14,--,1,1114,买盘
2294,10:23:15,11.14,0.01,31,34534,买盘
2295,10:23:12,11.13,-0.01,112,124656,卖盘
2296,10:23:09,11.14,--,2,2228,买盘
2297,10:23:06,11.14,--,10,11140,买盘
2298,10:22:57,11.14,0.01,5,5570,买盘
2299,10:22:48,11.13,-0.01,5,5565,卖盘
2300,10:22:42,11.14,--,28,31192,买盘
2301,10:22:39,11.14,--,11,12254,买盘
2302,10:22:36,11.14,--,30,33420,买盘
2303,10:22:33,11.14,0.01,3,3342,买盘
2304,10:22:30,11.13,--,20,22260,卖盘
2305,10:22:27,11.13,-0.01,15,16695,卖盘
2306,10:22:24,11.14,0.01,1,1114,买盘
2307,10:22:21,11.13,--,5,5565,卖盘
2308,10:22:15,11.13,--,7,7791,卖盘
2309,10:22:09,11.13,-0.01,23,25599,卖盘
2310,10:22:03,11.14,--,1,1114,买盘
2311,10:21:57,11.14,--,23,25622,买盘
2312,10:21:51,11.14,--,2,2228,买盘
2313,10:21:45,11.14,--,7,7798,买盘
2314,10:21:42,11.14,0.01,1,1114,买盘
2315,10:21:39,11.13,--,6,6678,卖盘
2316,10:21:30,11.13,--,11,12243,卖盘
2317,10:21:27,11.13,-0.01,5,5565,卖盘
2318,10:21:21,11.14,--,13,14482,买盘
2319,10:21:18,11.14,--,1,1114,买盘
2320,10:21:12,11.14,--,11,12254,买盘
2321,10:21:09,11.14,0.01,3,3342,买盘
2322,10:21:06,11.13,-0.02,3,3339,卖盘
2323,10:21:00,11.15,--,32,35680,买盘
2324,10:20:57,11.15,--,1,1115,买盘
2325,10:20:54,11.15,0.01,77,85855,买盘
2326,10:20:51,11.14,--,8,8912,买盘
2327,10:20:48,11.14,-0.01,24,26736,卖盘
2328,10:20:45,11.15,--,41,45715,买盘
2329,10:20:42,11.15,--,8,8920,买盘
2330,10:20:39,11.15,--,2,2230,买盘
2331,10:20:36,11.15,0.01,30,33450,买盘
2332,10:20:33,11.14,-0.01,34,37876,卖盘
2333,10:20:24,11.15,--,2,2230,买盘
2334,10:20:21,11.15,0.01,7,7805,买盘
2335,10:20:15,11.14,-0.01,30,33420,卖盘
2336,10:20:12,11.15,--,1,1115,买盘
2337,10:20:09,11.15,--,1,1115,买盘
2338,10:20:03,11.15,--,8,8920,买盘
2339,10:19:54,11.15,--,2,2230,买盘
2340,10:19:51,11.15,--,21,23415,买盘
2341,10:19:45,11.15,--,8,8920,买盘
2342,10:19:39,11.15,--,2,2230,买盘
2343,10:19:30,11.15,--,1,1115,买盘
2344,10:19:27,11.15,--,13,14495,买盘
2345,10:19:18,11.15,0.01,14,15610,买盘
2346,10:19:12,11.14,-0.01,10,11140,卖盘
2347,10:19:09,11.15,--,4,4460,买盘
2348,10:19:06,11.15,--,8,8920,买盘
2349,10:18:57,11.15,--,36,40140,买盘
2350,10:18:54,11.15,--,5,5575,买盘
2351,10:18:51,11.15,--,71,79165,买盘
2352,10:18:45,11.15,0.01,9,10035,买盘
2353,10:18:42,11.14,-0.01,5,5570,卖盘
2354,10:18:39,11.15,--,1,1115,买盘
2355,10:18:33,11.15,--,1,1115,买盘
2356,10:18:27,11.15,-0.02,23,25645,卖盘
2357,10:18:21,11.17,0.02,2,2234,买盘
2358,10:18:15,11.15,--,3,3345,买盘
2359,10:18:12,11.15,-0.02,78,86970,卖盘
2360,10:18:09,11.17,--,8,8936,买盘
2361,10:18:06,11.17,0.01,27,30159,买盘
2362,10:18:00,11.16,-0.01,13,14508,卖盘
2363,10:17:57,11.17,--,2,2234,买盘
2364,10:17:54,11.17,0.01,16,17872,买盘
2365,10:17:48,11.16,0.01,1,1116,买盘
2366,10:17:45,11.15,-0.02,5,5575,卖盘
2367,10:17:42,11.17,--,7,7819,买盘
2368,10:17:39,11.17,--,3,3351,买盘
2369,10:17:27,11.17,--,1,1117,买盘
2370,10:17:21,11.17,--,13,14521,买盘
2371,10:17:15,11.17,--,45,50265,买盘
2372,10:17:09,11.17,--,1,1117,买盘
2373,10:17:06,11.17,--,2,2234,买盘
2374,10:16:57,11.17,--,3,3351,买盘
2375,10:16:54,11.17,--,1,1117,买盘
2376,10:16:51,11.17,--,21,23457,买盘
2377,10:16:42,11.17,--,1,1117,买盘
2378,10:16:39,11.17,--,1,1117,买盘
2379,10:16:33,11.17,--,1,1117,买盘
2380,10:16:21,11.17,--,2,2234,买盘
2381,10:16:15,11.17,0.02,9,10053,买盘
2382,10:16:09,11.15,-0.02,2,2230,中性盘
2383,10:16:06,11.17,0.03,32,35744,买盘
2384,10:16:03,11.14,-0.01,20,22280,卖盘
2385,10:16:00,11.15,--,32,35680,买盘
2386,10:15:54,11.15,--,9,10035,买盘
2387,10:15:51,11.15,--,10,11150,买盘
2388,10:15:48,11.15,--,2,2230,买盘
2389,10:15:39,11.15,--,1,1115,买盘
2390,10:15:36,11.15,-0.02,108,120698,卖盘
2391,10:15:30,11.17,--,39,43563,买盘
2392,10:15:27,11.17,--,179,199943,买盘
2393,10:15:21,11.17,0.01,13,14521,买盘
2394,10:15:18,11.16,--,13,14508,卖盘
2395,10:15:15,11.16,-0.01,4,4464,卖盘
2396,10:15:12,11.17,--,10,11170,买盘
2397,10:15:09,11.17,--,2,2234,买盘
2398,10:15:03,11.17,--,1,1117,买盘
2399,10:15:00,11.17,--,43,48031,买盘
2400,10:14:54,11.17,0.01,187,208879,买盘
2401,10:14:51,11.16,--,8,8928,买盘
2402,10:14:45,11.16,--,34,37944,买盘
2403,10:14:42,11.16,--,1,1116,买盘
2404,10:14:39,11.16,--,1,1116,买盘
2405,10:14:36,11.16,0.01,51,56916,买盘
2406,10:14:33,11.15,-0.01,91,101465,卖盘
2407,10:14:30,11.16,0.01,9,10044,买盘
2408,10:14:27,11.15,-0.01,1,1115,卖盘
2409,10:14:21,11.16,--,1,1116,买盘
2410,10:14:15,11.16,0.01,7,7812,买盘
2411,10:14:12,11.15,-0.01,29,32335,卖盘
2412,10:14:09,11.16,0.01,2,2232,买盘
2413,10:14:03,11.15,--,1,1115,卖盘
2414,10:14:00,11.15,--,4,5296,买盘
2415,10:13:57,11.15,0.01,20,22300,买盘
2416,10:13:54,11.14,-0.01,47,52358,卖盘
2417,10:13:51,11.15,--,1,1115,买盘
2418,10:13:48,11.15,--,9,10035,买盘
2419,10:13:42,11.15,--,4,4460,买盘
2420,10:13:39,11.15,--,1,1115,买盘
2421,10:13:36,11.15,0.01,58,64670,买盘
2422,10:13:30,11.14,-0.01,149,165986,卖盘
2423,10:13:27,11.15,--,1,1115,买盘
2424,10:13:24,11.15,0.01,85,94775,买盘
2425,10:13:18,11.14,-0.01,10,11140,卖盘
2426,10:13:15,11.15,0.01,10,11150,买盘
2427,10:13:12,11.14,--,110,122540,卖盘
2428,10:13:09,11.14,-0.01,249,277386,卖盘
2429,10:13:06,11.15,--,80,89200,买盘
2430,10:13:03,11.15,0.01,1,1115,买盘
2431,10:12:54,11.14,-0.01,57,63498,卖盘
2432,10:12:48,11.15,--,10,11150,买盘
2433,10:12:42,11.15,0.01,29,32335,买盘
2434,10:12:39,11.14,--,26,28964,卖盘
2435,10:12:36,11.14,--,24,26736,卖盘
2436,10:12:30,11.14,-0.01,7,7798,卖盘
2437,10:12:27,11.15,0.01,7,7805,买盘
2438,10:12:24,11.14,-0.01,10,11140,卖盘
2439,10:12:21,11.15,0.01,1,1115,买盘
2440,10:12:18,11.14,--,10,11140,卖盘
2441,10:12:09,11.14,-0.01,6,6684,卖盘
2442,10:11:57,11.15,--,7,7805,买盘
2443,10:11:54,11.15,--,2,2230,买盘
2444,10:11:39,11.15,0.01,9,10035,买盘
2445,10:11:27,11.14,-0.01,8,8912,卖盘
2446,10:11:21,11.15,0.01,12,13380,买盘
2447,10:11:18,11.14,-0.01,1,1114,卖盘
2448,10:11:06,11.15,--,13,14495,买盘
2449,10:11:03,11.15,--,7,7805,买盘
2450,10:10:54,11.15,--,3,3345,买盘
2451,10:10:51,11.15,0.01,108,120420,买盘
2452,10:10:45,11.14,-0.01,2,2228,卖盘
2453,10:10:42,11.15,--,7,7805,买盘
2454,10:10:39,11.15,--,501,558615,买盘
2455,10:10:24,11.15,--,7,7805,买盘
2456,10:10:15,11.15,--,5,5575,买盘
2457,10:10:09,11.15,--,1,1115,买盘
2458,10:10:06,11.15,--,8,8920,买盘
2459,10:10:03,11.15,--,72,80280,买盘
2460,10:10:00,11.15,--,5,5575,买盘
2461,10:09:57,11.15,--,3,3345,买盘
2462,10:09:54,11.15,--,3,3345,买盘
2463,10:09:48,11.15,--,8,8920,买盘
2464,10:09:45,11.15,--,54,60210,买盘
2465,10:09:39,11.15,-0.01,60,66900,卖盘
2466,10:09:33,11.16,0.01,6,6696,买盘
2467,10:09:30,11.15,--,107,119305,卖盘
2468,10:09:27,11.15,--,23,25645,卖盘
2469,10:09:24,11.15,-0.02,100,111500,卖盘
2470,10:09:21,11.17,0.02,657,733869,买盘
2471,10:09:18,11.15,-0.01,2,2230,卖盘
2472,10:09:15,11.16,--,28,31248,买盘
2473,10:09:09,11.16,--,1,1116,买盘
2474,10:09:06,11.16,0.02,183,204228,买盘
2475,10:08:57,11.14,-0.01,13,14482,卖盘
2476,10:08:54,11.15,--,2,2230,买盘
2477,10:08:48,11.15,--,109,121624,卖盘
2478,10:08:45,11.15,--,5,5575,卖盘
2479,10:08:42,11.15,--,5,5575,卖盘
2480,10:08:39,11.15,--,31,34565,卖盘
2481,10:08:36,11.15,0.01,861,961040,买盘
2482,10:08:30,11.14,--,80,89120,卖盘
2483,10:08:27,11.14,-0.01,55,61270,卖盘
2484,10:08:18,11.15,--,7,7805,买盘
2485,10:08:09,11.15,--,1,1115,买盘
2486,10:08:00,11.15,--,7,7805,买盘
2487,10:07:54,11.15,--,9,10035,买盘
2488,10:07:51,11.15,--,162,180719,卖盘
2489,10:07:48,11.15,--,3,3345,卖盘
2490,10:07:42,11.15,0.01,848,946545,买盘
2491,10:07:39,11.14,-0.01,19,21166,卖盘
2492,10:07:36,11.15,0.01,9,10035,买盘
2493,10:07:27,11.14,--,9,10026,卖盘
2494,10:07:15,11.14,-0.01,1,1114,卖盘
2495,10:07:09,11.15,0.01,1,1115,买盘
2496,10:06:57,11.14,-0.01,50,55700,卖盘
2497,10:06:54,11.15,0.01,9,10035,买盘
2498,10:06:48,11.14,-0.01,20,22280,卖盘
2499,10:06:45,11.15,--,37,41255,买盘
2500,10:06:39,11.15,0.01,1,1115,买盘
2501,10:06:36,11.14,0.01,239,266246,买盘
2502,10:06:33,11.13,--,79,87927,卖盘
2503,10:06:30,11.13,--,10,11130,卖盘
2504,10:06:27,11.13,--,14,15582,卖盘
2505,10:06:24,11.13,-0.01,3,3339,卖盘
2506,10:06:12,11.14,--,8,8912,买盘
2507,10:06:09,11.14,--,1,1114,买盘
2508,10:06:03,11.14,0.01,26,28964,买盘
2509,10:06:00,11.13,-0.01,2,2226,卖盘
2510,10:05:54,11.14,--,7,7798,买盘
2511,10:05:51,11.14,--,12,13368,买盘
2512,10:05:48,11.14,0.01,94,104716,买盘
2513,10:05:45,11.13,-0.01,5,5565,卖盘
2514,10:05:39,11.14,--,1,1114,买盘
2515,10:05:36,11.14,0.01,5,5570,买盘
2516,10:05:33,11.13,-0.01,150,166950,卖盘
2517,10:05:21,11.14,0.01,2,2228,买盘
2518,10:05:18,11.13,-0.01,20,22260,卖盘
2519,10:05:15,11.14,0.01,32,35648,买盘
2520,10:05:12,11.13,-0.01,41,45633,卖盘
2521,10:05:09,11.14,--,21,23394,买盘
2522,10:05:00,11.14,--,4,4456,买盘
2523,10:04:57,11.14,--,118,131452,买盘
2524,10:04:54,11.14,--,8,8912,买盘
2525,10:04:51,11.14,--,3,3342,买盘
2526,10:04:48,11.14,--,26,28964,买盘
2527,10:04:45,11.14,--,7,7798,买盘
2528,10:04:42,11.14,--,8,8912,买盘
2529,10:04:39,11.14,-0.01,69,76866,卖盘
2530,10:04:36,11.15,0.01,13,14495,买盘
2531,10:04:33,11.14,--,5,5570,买盘
2532,10:04:24,11.14,-0.01,4,4456,卖盘
2533,10:04:18,11.15,--,7,7805,买盘
2534,10:04:12,11.15,--,1,1115,买盘
2535,10:04:09,11.15,0.01,1,1115,买盘
2536,10:04:06,11.14,0.01,5,5570,买盘
2537,10:04:00,11.13,--,5,5565,买盘
2538,10:03:57,11.13,--,4,4452,买盘
2539,10:03:54,11.13,--,1,1113,买盘
2540,10:03:51,11.13,--,10,11130,买盘
2541,10:03:48,11.13,--,3,3339,买盘
2542,10:03:45,11.13,-0.02,7,7791,中性盘
2543,10:03:42,11.15,--,89,99235,买盘
2544,10:03:39,11.15,0.01,91,101465,买盘
2545,10:03:36,11.14,--,243,270702,买盘
2546,10:03:27,11.14,--,2,2228,买盘
2547,10:03:24,11.14,--,7,7798,买盘
2548,10:03:21,11.14,0.01,3,3342,买盘
2549,10:03:18,11.13,-0.01,10,11130,中性盘
2550,10:03:15,11.14,--,36,40104,买盘
2551,10:03:12,11.14,0.02,162,180468,买盘
2552,10:03:09,11.12,-0.02,48,53375,卖盘
2553,10:03:06,11.14,0.01,288,320832,买盘
2554,10:03:03,11.13,--,8,8904,买盘
2555,10:03:00,11.13,--,6,6678,买盘
2556,10:02:57,11.13,--,1,1113,买盘
2557,10:02:54,11.13,--,6,6678,买盘
2558,10:02:51,11.13,--,7,7791,买盘
2559,10:02:48,11.13,-0.01,24,26712,卖盘
2560,10:02:45,11.14,--,3,3342,买盘
2561,10:02:42,11.14,--,22,24508,买盘
2562,10:02:39,11.14,--,20,22280,买盘
2563,10:02:36,11.14,0.02,20,22280,买盘
2564,10:02:33,11.12,-0.02,26,28911,卖盘
2565,10:02:30,11.14,0.02,76,84664,买盘
2566,10:02:27,11.12,-0.01,11,12232,卖盘
2567,10:02:24,11.13,-0.01,14,15582,中性盘
2568,10:02:21,11.14,--,11,12254,买盘
2569,10:02:15,11.14,0.01,32,35648,买盘
2570,10:02:12,11.13,--,58,64554,买盘
2571,10:02:09,11.13,-0.01,98,109074,卖盘
2572,10:02:06,11.14,0.01,228,253992,买盘
2573,10:02:03,11.13,-0.01,25,27825,卖盘
2574,10:02:00,11.14,--,8,8912,买盘
2575,10:01:57,11.14,--,5,5570,买盘
2576,10:01:51,11.14,0.01,19,21166,买盘
2577,10:01:48,11.13,--,49,54537,买盘
2578,10:01:45,11.13,--,51,56763,买盘
2579,10:01:42,11.13,0.01,269,299397,买盘
2580,10:01:36,11.12,0.01,450,500399,买盘
2581,10:01:33,11.11,--,21,23331,买盘
2582,10:01:30,11.11,--,9,9999,买盘
2583,10:01:27,11.11,--,12,13332,买盘
2584,10:01:24,11.11,-0.01,20,22220,卖盘
2585,10:01:15,11.12,--,1,1112,买盘
2586,10:01:12,11.12,--,3,3335,买盘
2587,10:01:09,11.12,--,15,16680,买盘
2588,10:01:06,11.12,--,21,23352,买盘
2589,10:01:03,11.12,0.02,1,1112,买盘
2590,10:01:00,11.1,--,1,1110,卖盘
2591,10:00:57,11.1,-0.02,3,3330,卖盘
2592,10:00:54,11.12,--,5,5560,买盘
2593,10:00:51,11.12,--,16,17792,买盘
2594,10:00:48,11.12,--,19,21128,买盘
2595,10:00:45,11.12,--,23,25576,买盘
2596,10:00:42,11.12,--,70,77840,买盘
2597,10:00:39,11.12,-0.01,80,88960,卖盘
2598,10:00:33,11.13,--,12,13356,买盘
2599,10:00:30,11.13,--,33,36729,买盘
2600,10:00:27,11.13,--,107,119091,买盘
2601,10:00:21,11.13,--,2,2226,买盘
2602,10:00:18,11.13,--,8,8904,买盘
2603,10:00:15,11.13,--,1,1113,买盘
2604,10:00:12,11.13,--,1,1113,买盘
2605,10:00:09,11.13,--,14,15582,买盘
2606,10:00:06,11.13,0.01,48,53424,买盘
2607,10:00:00,11.12,-0.01,4,4448,买盘
2608,09:59:57,11.13,--,8,8904,买盘
2609,09:59:54,11.13,0.03,21,23373,买盘
2610,09:59:51,11.1,--,76,84360,卖盘
2611,09:59:45,11.1,-0.03,112,124320,卖盘
2612,09:59:42,11.13,0.01,313,348369,买盘
2613,09:59:39,11.12,--,28,31135,买盘
2614,09:59:36,11.12,0.01,27,30023,买盘
2615,09:59:33,11.11,0.01,12,13332,中性盘
2616,09:59:30,11.1,-0.01,345,382950,卖盘
2617,09:59:27,11.11,-0.01,95,105545,中性盘
2618,09:59:24,11.12,0.02,1036,1152032,买盘
2619,09:59:21,11.1,--,23,25530,卖盘
2620,09:59:18,11.1,-0.02,104,115440,卖盘
2621,09:59:15,11.12,0.02,62,68944,买盘
2622,09:59:12,11.1,-0.01,30,33300,卖盘
2623,09:59:09,11.11,0.01,32,35552,买盘
2624,09:59:06,11.1,--,87,96570,卖盘
2625,09:59:03,11.1,-0.01,1,1110,卖盘
2626,09:59:00,11.11,--,12,13332,买盘
2627,09:58:54,11.11,--,28,31108,买盘
2628,09:58:51,11.11,--,148,164428,买盘
2629,09:58:48,11.11,-0.01,242,268862,卖盘
2630,09:58:45,11.12,--,1,1112,买盘
2631,09:58:42,11.12,--,1,1112,买盘
2632,09:58:39,11.12,--,10,11120,买盘
2633,09:58:36,11.12,--,28,31135,买盘
2634,09:58:33,11.12,--,61,67832,买盘
2635,09:58:30,11.12,0.01,19,21128,买盘
2636,09:58:27,11.11,0.01,217,241087,买盘
2637,09:58:24,11.1,-0.01,26,28860,卖盘
2638,09:58:21,11.11,--,1,1111,买盘
2639,09:58:18,11.11,--,1,1111,买盘
2640,09:58:15,11.11,--,6,6666,买盘
2641,09:58:12,11.11,0.01,39,43329,买盘
2642,09:58:09,11.1,-0.01,113,125430,卖盘
2643,09:58:06,11.11,--,35,38885,买盘
2644,09:58:03,11.11,--,253,281083,买盘
2645,09:58:00,11.11,-0.01,676,751036,卖盘
2646,09:57:57,11.12,--,250,278000,买盘
2647,09:57:54,11.12,--,18,20016,买盘
2648,09:57:51,11.12,-0.01,59,65608,卖盘
2649,09:57:48,11.13,--,9,10017,买盘
2650,09:57:45,11.13,--,29,32277,买盘
2651,09:57:42,11.13,--,6,6678,买盘
2652,09:57:39,11.13,0.01,32,35616,买盘
2653,09:57:36,11.12,--,106,117871,卖盘
2654,09:57:33,11.12,--,239,265768,买盘
2655,09:57:27,11.12,0.01,10,11120,买盘
2656,09:57:18,11.11,--,11,12221,卖盘
2657,09:57:15,11.11,-0.01,60,66660,卖盘
2658,09:57:09,11.12,--,8,8896,买盘
2659,09:57:06,11.12,0.01,111,123431,买盘
2660,09:57:03,11.11,-0.01,37,41107,卖盘
2661,09:57:00,11.12,--,23,25576,买盘
2662,09:56:57,11.12,0.01,15,16680,买盘
2663,09:56:54,11.11,--,10,11110,卖盘
2664,09:56:51,11.11,--,24,26664,卖盘
2665,09:56:48,11.11,--,2,2222,卖盘
2666,09:56:39,11.11,-0.01,63,69993,卖盘
2667,09:56:36,11.12,--,3,3335,买盘
2668,09:56:33,11.12,--,7,7783,买盘
2669,09:56:30,11.12,--,11,12232,买盘
2670,09:56:27,11.12,-0.01,9,10008,卖盘
2671,09:56:21,11.13,--,43,47859,买盘
2672,09:56:18,11.13,--,35,38955,买盘
2673,09:56:15,11.13,0.01,27,30051,买盘
2674,09:56:12,11.12,-0.01,134,149008,卖盘
2675,09:56:09,11.13,--,10,11130,买盘
2676,09:56:06,11.13,0.01,5,5565,买盘
2677,09:56:00,11.12,-0.01,30,33360,卖盘
2678,09:55:57,11.13,--,41,45633,买盘
2679,09:55:54,11.13,0.01,96,106848,买盘
2680,09:55:51,11.12,0.01,2,2224,买盘
2681,09:55:39,11.11,-0.01,102,113322,卖盘
2682,09:55:36,11.12,--,31,34472,卖盘
2683,09:55:33,11.12,-0.01,6,6671,卖盘
2684,09:55:27,11.13,0.01,35,38955,买盘
2685,09:55:24,11.12,--,106,117871,卖盘
2686,09:55:21,11.12,--,30,33360,卖盘
2687,09:55:18,11.12,-0.01,22,24464,卖盘
2688,09:55:12,11.13,0.01,7,7791,买盘
2689,09:55:09,11.12,--,28,31135,买盘
2690,09:55:06,11.12,-0.01,5,5560,中性盘
2691,09:54:57,11.13,0.02,29,32277,买盘
2692,09:54:54,11.11,-0.02,40,44440,卖盘
2693,09:54:51,11.13,0.02,3,3339,买盘
2694,09:54:48,11.11,-0.02,6,6666,卖盘
2695,09:54:36,11.13,0.02,8,8904,买盘
2696,09:54:30,11.11,--,9,9999,卖盘
2697,09:54:27,11.11,--,10,11110,卖盘
2698,09:54:24,11.11,-0.02,74,82214,卖盘
2699,09:54:21,11.13,0.02,79,87927,买盘
2700,09:54:18,11.11,--,2,2222,卖盘
2701,09:54:15,11.11,--,175,194425,买盘
2702,09:54:12,11.11,--,23,25553,买盘
2703,09:54:03,11.11,--,15,16665,买盘
2704,09:54:00,11.11,0.01,90,99990,买盘
2705,09:53:57,11.1,--,126,139860,卖盘
2706,09:53:54,11.1,-0.01,128,142080,卖盘
2707,09:53:51,11.11,--,12,13332,买盘
2708,09:53:48,11.11,--,36,39996,买盘
2709,09:53:45,11.11,--,10,11110,买盘
2710,09:53:39,11.11,--,6,6666,买盘
2711,09:53:33,11.11,--,10,11110,买盘
2712,09:53:30,11.11,--,65,72215,买盘
2713,09:53:27,11.11,0.01,18,19998,中性盘
2714,09:53:24,11.1,-0.03,312,346320,卖盘
2715,09:53:18,11.13,--,2,2226,买盘
2716,09:53:06,11.13,0.02,102,113526,买盘
2717,09:53:03,11.11,--,12,13332,买盘
2718,09:53:00,11.11,0.01,18,19998,买盘
2719,09:52:57,11.1,-0.01,157,174270,卖盘
2720,09:52:54,11.11,--,19,21109,买盘
2721,09:52:48,11.11,--,161,178871,买盘
2722,09:52:45,11.11,--,1,1111,买盘
2723,09:52:42,11.11,--,90,99990,买盘
2724,09:52:39,11.11,--,3,3333,买盘
2725,09:52:36,11.11,--,7,7777,买盘
2726,09:52:30,11.11,--,30,33330,买盘
2727,09:52:27,11.11,--,34,37774,买盘
2728,09:52:24,11.11,0.01,11,12221,买盘
2729,09:52:21,11.1,-0.03,230,255300,卖盘
2730,09:52:18,11.13,0.01,37,41181,买盘
2731,09:52:15,11.12,0.02,193,214615,买盘
2732,09:52:12,11.1,-0.01,38,42180,卖盘
2733,09:52:09,11.11,0.01,37,41107,买盘
2734,09:52:06,11.1,-0.01,32,35520,卖盘
2735,09:52:03,11.11,--,535,594385,买盘
2736,09:52:00,11.11,--,20,22220,买盘
2737,09:51:57,11.11,0.01,80,88880,买盘
2738,09:51:54,11.1,-0.01,3,3330,卖盘
2739,09:51:51,11.11,--,71,78881,买盘
2740,09:51:48,11.11,0.01,102,113322,买盘
2741,09:51:39,11.1,-0.02,27,29970,卖盘
2742,09:51:36,11.12,0.02,77,85624,买盘
2743,09:51:33,11.1,-0.01,29,32190,卖盘
2744,09:51:30,11.11,0.01,119,132209,买盘
2745,09:51:27,11.1,-0.01,206,228660,卖盘
2746,09:51:24,11.11,0.01,338,375518,买盘
2747,09:51:21,11.1,--,10,11100,卖盘
2748,09:51:18,11.1,--,90,99900,卖盘
2749,09:51:12,11.1,--,99,109890,卖盘
2750,09:51:06,11.1,--,16,17760,卖盘
2751,09:51:03,11.1,-0.01,5,5550,卖盘
2752,09:51:00,11.11,--,381,423291,卖盘
2753,09:50:54,11.11,-0.01,100,111100,卖盘
2754,09:50:51,11.12,0.01,36,40032,买盘
2755,09:50:48,11.11,--,3,3333,买盘
2756,09:50:45,11.11,0.01,75,83325,买盘
2757,09:50:42,11.1,-0.01,96,106560,卖盘
2758,09:50:36,11.11,--,126,139986,买盘
2759,09:50:33,11.11,--,1,1111,买盘
2760,09:50:30,11.11,0.01,24,26664,中性盘
2761,09:50:27,11.1,-0.01,400,444000,卖盘
2762,09:50:24,11.11,-0.02,31,34441,卖盘
2763,09:50:21,11.13,0.02,10,11130,买盘
2764,09:50:15,11.11,--,73,81103,卖盘
2765,09:50:12,11.11,--,199,221089,卖盘
2766,09:50:06,11.11,--,91,101101,卖盘
2767,09:50:03,11.11,-0.02,20,22220,卖盘
2768,09:49:57,11.13,0.02,8,8904,买盘
2769,09:49:54,11.11,-0.02,5,5555,卖盘
2770,09:49:51,11.13,0.02,17,18921,买盘
2771,09:49:48,11.11,-0.02,48,53328,卖盘
2772,09:49:45,11.13,0.01,33,36729,买盘
2773,09:49:42,11.12,--,7,7783,卖盘
2774,09:49:39,11.12,-0.01,6,6671,中性盘
2775,09:49:33,11.13,0.03,111,123543,买盘
2776,09:49:30,11.1,--,39,43290,卖盘
2777,09:49:18,11.1,0.01,3,3330,中性盘
2778,09:49:15,11.09,-0.04,21,23289,卖盘
2779,09:49:06,11.13,--,42,47202,卖盘
2780,09:49:03,11.13,--,34,37842,卖盘
2781,09:49:00,11.13,0.03,117,130877,买盘
2782,09:48:57,11.1,-0.01,821,911765,卖盘
2783,09:48:54,11.11,-0.03,1,1111,卖盘
2784,09:48:51,11.14,0.02,11,12254,买盘
2785,09:48:45,11.12,-0.03,200,222399,卖盘
2786,09:48:42,11.15,0.02,8,8920,买盘
2787,09:48:39,11.13,-0.02,7,7791,卖盘
2788,09:48:36,11.15,0.03,165,183975,买盘
2789,09:48:33,11.12,-0.01,1,1112,卖盘
2790,09:48:30,11.13,0.01,9,10017,买盘
2791,09:48:27,11.12,-0.01,96,106751,卖盘
2792,09:48:18,11.13,0.01,501,557613,买盘
2793,09:48:15,11.12,--,10,11120,卖盘
2794,09:48:12,11.12,-0.01,6,6671,卖盘
2795,09:48:09,11.13,--,76,84588,买盘
2796,09:48:06,11.13,--,5,5565,买盘
2797,09:48:00,11.13,0.01,5,5565,中性盘
2798,09:47:51,11.12,-0.01,147,163464,卖盘
2799,09:47:48,11.13,--,22,24486,卖盘
2800,09:47:45,11.13,--,22,24486,卖盘
2801,09:47:42,11.13,--,16,17808,卖盘
2802,09:47:36,11.13,--,20,22260,卖盘
2803,09:47:33,11.13,-0.02,10,11130,卖盘
2804,09:47:30,11.15,0.02,12,13380,买盘
2805,09:47:27,11.13,-0.02,20,22260,卖盘
2806,09:47:24,11.15,--,14,15610,买盘
2807,09:47:21,11.15,0.02,6,6690,买盘
2808,09:47:12,11.13,--,100,111956,买盘
2809,09:47:09,11.13,-0.02,300,334356,卖盘
2810,09:47:06,11.15,--,17,18955,买盘
2811,09:47:03,11.15,-0.01,39,43485,中性盘
2812,09:46:45,11.16,0.03,89,99324,买盘
2813,09:46:39,11.13,--,17,18921,卖盘
2814,09:46:36,11.13,-0.01,30,33390,卖盘
2815,09:46:33,11.14,0.01,22,24508,中性盘
2816,09:46:30,11.13,-0.03,200,222600,卖盘
2817,09:46:21,11.16,0.02,88,98208,买盘
2818,09:46:18,11.14,0.01,65,73067,买盘
2819,09:46:15,11.13,--,252,280476,卖盘
2820,09:46:06,11.13,-0.01,11,12243,卖盘
2821,09:46:03,11.14,--,12,13368,买盘
2822,09:46:00,11.14,--,10,11140,买盘
2823,09:45:54,11.14,--,7,7798,买盘
2824,09:45:51,11.14,--,19,21166,买盘
2825,09:45:48,11.14,--,34,37876,卖盘
2826,09:45:42,11.14,--,10,11140,卖盘
2827,09:45:39,11.14,-0.02,34,37876,卖盘
2828,09:45:36,11.16,0.01,58,64728,买盘
2829,09:45:30,11.15,--,70,78050,买盘
2830,09:45:27,11.15,--,55,61325,卖盘
2831,09:45:21,11.15,--,5,5575,卖盘
2832,09:45:15,11.15,-0.01,175,195125,卖盘
2833,09:45:12,11.16,--,50,55800,买盘
2834,09:45:09,11.16,--,1,1116,买盘
2835,09:45:06,11.16,--,258,287928,卖盘
2836,09:44:57,11.16,-0.01,11,12276,卖盘
2837,09:44:54,11.17,--,8,8936,买盘
2838,09:44:48,11.17,--,9,10053,买盘
2839,09:44:42,11.17,--,34,37978,买盘
2840,09:44:39,11.17,--,56,62552,买盘
2841,09:44:36,11.17,--,8,8936,买盘
2842,09:44:30,11.17,--,9,10053,买盘
2843,09:44:24,11.17,0.01,8,8936,买盘
2844,09:44:21,11.16,--,11,12276,卖盘
2845,09:44:12,11.16,-0.01,10,11160,卖盘
2846,09:44:09,11.17,--,1,1117,买盘
2847,09:43:57,11.17,--,2,2234,买盘
2848,09:43:48,11.17,-0.01,87,97179,买盘
2849,09:43:42,11.18,0.01,39,43602,买盘
2850,09:43:39,11.17,--,94,104998,卖盘
