,time,price,change,volume,amount,type
0,15:00:03,8.99,--,7830,7039170,买盘
1,14:57:00,8.99,0.01,73,65627,买盘
2,14:56:57,8.98,-0.01,130,116740,卖盘
3,14:56:54,8.99,0.01,111,100508,买盘
4,14:56:51,8.98,--,392,352375,买盘
5,14:56:48,8.98,--,93,83514,买盘
6,14:56:45,8.98,--,310,278380,买盘
7,14:56:42,8.98,-0.01,330,296340,卖盘
8,14:56:39,8.99,0.01,31,27869,买盘
9,14:56:36,8.98,-0.01,660,592680,卖盘
10,14:56:33,8.99,0.01,1436,1290964,买盘
11,14:56:30,8.98,-0.01,80,71840,卖盘
12,14:56:27,8.99,--,141,126759,买盘
13,14:56:24,8.99,0.01,35,31465,买盘
14,14:56:21,8.98,0.01,152,136496,买盘
15,14:56:18,8.97,-0.01,68,60996,卖盘
16,14:56:15,8.98,-0.01,266,239514,卖盘
17,14:56:12,8.99,--,298,267902,买盘
18,14:56:09,8.99,--,303,272397,买盘
19,14:56:06,8.99,0.01,84,75516,买盘
20,14:56:03,8.98,--,205,184090,卖盘
21,14:56:00,8.98,--,430,386140,卖盘
22,14:55:57,8.98,--,192,172416,卖盘
23,14:55:54,8.98,-0.01,119,106862,卖盘
24,14:55:51,8.99,0.01,472,424328,买盘
25,14:55:48,8.98,--,73,65554,卖盘
26,14:55:45,8.98,--,1276,1146099,买盘
27,14:55:42,8.98,-0.01,648,582550,卖盘
28,14:55:39,8.99,0.01,116,104284,买盘
29,14:55:36,8.98,--,134,120332,卖盘
30,14:55:33,8.98,-0.01,65,58370,卖盘
31,14:55:30,8.99,0.01,210,188790,买盘
32,14:55:27,8.98,-0.01,110,98780,卖盘
33,14:55:24,8.99,0.01,80,71920,买盘
34,14:55:21,8.98,-0.01,237,212826,卖盘
35,14:55:18,8.99,--,63,56637,买盘
36,14:55:15,8.99,--,1792,1611008,买盘
37,14:55:12,8.99,--,62,55738,买盘
38,14:55:09,8.99,0.01,47,42253,买盘
39,14:55:06,8.98,--,145,130210,卖盘
40,14:55:03,8.98,-0.02,231,207438,卖盘
41,14:55:00,9.0,--,875,787500,买盘
42,14:54:57,9.0,0.01,162,145800,买盘
43,14:54:54,8.99,--,143,128557,卖盘
44,14:54:51,8.99,--,72,64728,卖盘
45,14:54:48,8.99,--,259,232841,买盘
46,14:54:45,8.99,--,184,165416,买盘
47,14:54:42,8.99,--,82,73718,买盘
48,14:54:39,8.99,--,76,68324,卖盘
49,14:54:36,8.99,0.01,178,160022,买盘
50,14:54:33,8.98,-0.01,1167,1047966,卖盘
51,14:54:30,8.99,--,293,263407,买盘
52,14:54:27,8.99,--,105,94395,买盘
53,14:54:24,8.99,--,128,115072,买盘
54,14:54:21,8.99,--,27,24273,买盘
55,14:54:18,8.99,--,136,122264,买盘
56,14:54:15,8.99,--,26,23374,卖盘
57,14:54:12,8.99,0.01,42,37758,中性盘
58,14:54:09,8.98,-0.01,144,129312,卖盘
59,14:54:06,8.99,-0.01,31,27869,中性盘
60,14:54:03,9.0,0.02,66,59400,买盘
61,14:54:00,8.98,-0.02,2204,1979192,卖盘
62,14:53:57,9.0,0.02,103,92700,买盘
63,14:53:54,8.98,-0.01,91,81969,卖盘
64,14:53:51,8.99,--,161,144739,买盘
65,14:53:48,8.99,-0.01,454,408793,卖盘
66,14:53:45,9.0,--,366,329400,买盘
67,14:53:42,9.0,0.01,320,288000,买盘
68,14:53:39,8.99,-0.01,78,70122,卖盘
69,14:53:36,9.0,--,243,218700,买盘
70,14:53:33,9.0,0.01,271,243900,买盘
71,14:53:30,8.99,--,55,49445,卖盘
72,14:53:27,8.99,-0.01,196,176204,卖盘
73,14:53:24,9.0,--,568,511200,买盘
74,14:53:21,9.0,0.01,48,43200,买盘
75,14:53:18,8.99,--,61,54839,卖盘
76,14:53:15,8.99,--,78,70122,卖盘
77,14:53:12,8.99,--,172,154879,买盘
78,14:53:09,8.99,--,434,390813,卖盘
79,14:53:06,8.99,--,361,324790,卖盘
80,14:53:03,8.99,-0.01,183,164517,卖盘
81,14:53:00,9.0,--,44,39600,买盘
82,14:52:57,9.0,0.01,273,245700,买盘
83,14:52:54,8.99,-0.01,84,75516,卖盘
84,14:52:51,9.0,0.01,16,14400,买盘
85,14:52:48,8.99,-0.01,134,120466,卖盘
86,14:52:45,9.0,0.01,2737,2463300,买盘
87,14:52:42,8.99,--,231,207669,卖盘
88,14:52:39,8.99,--,327,293973,卖盘
89,14:52:36,8.99,--,8,7192,卖盘
90,14:52:33,8.99,--,285,256215,买盘
91,14:52:30,8.99,--,48,43152,买盘
92,14:52:27,8.99,--,174,156426,买盘
93,14:52:24,8.99,--,113,101587,买盘
94,14:52:21,8.99,--,41,36859,买盘
95,14:52:18,8.99,--,54,48546,买盘
96,14:52:15,8.99,--,437,392863,卖盘
97,14:52:12,8.99,-0.01,363,326337,卖盘
98,14:52:09,9.0,0.01,4,3600,买盘
99,14:52:06,8.99,--,152,136648,卖盘
100,14:52:03,8.99,--,187,168113,买盘
101,14:52:00,8.99,-0.01,498,447702,卖盘
102,14:51:57,9.0,0.01,434,390600,买盘
103,14:51:54,8.99,--,91,81809,卖盘
104,14:51:51,8.99,--,160,143840,卖盘
105,14:51:48,8.99,--,253,227447,卖盘
106,14:51:45,8.99,-0.01,58,52142,卖盘
107,14:51:42,9.0,0.01,495,445500,买盘
108,14:51:39,8.99,0.01,107,96193,中性盘
109,14:51:36,8.98,-0.01,308,276584,卖盘
110,14:51:33,8.99,--,692,622108,买盘
111,14:51:30,8.99,0.01,230,206770,买盘
112,14:51:27,8.98,-0.01,125,112250,卖盘
113,14:51:24,8.99,0.01,285,256215,买盘
114,14:51:21,8.98,--,96,86208,卖盘
115,14:51:18,8.98,-0.01,186,167028,卖盘
116,14:51:15,8.99,--,83,74617,卖盘
117,14:51:12,8.99,0.01,165,148335,买盘
118,14:51:09,8.98,--,80,71840,卖盘
119,14:51:06,8.98,-0.01,105,94290,卖盘
120,14:51:03,8.99,0.01,100,89900,买盘
121,14:51:00,8.98,--,29,26042,卖盘
122,14:50:57,8.98,-0.01,177,158946,卖盘
123,14:50:54,8.99,--,171,153729,买盘
124,14:50:51,8.99,--,99,89001,买盘
125,14:50:48,8.99,--,119,106981,买盘
126,14:50:45,8.99,--,387,347913,买盘
127,14:50:42,8.99,0.01,67,60233,买盘
128,14:50:39,8.98,-0.01,19,17062,卖盘
129,14:50:36,8.99,--,45,40455,买盘
130,14:50:33,8.99,0.01,102,91698,买盘
131,14:50:30,8.98,-0.02,184,165232,卖盘
132,14:50:27,9.0,0.01,207,186300,买盘
133,14:50:24,8.99,-0.01,742,667058,卖盘
134,14:50:21,9.0,--,57,51300,买盘
135,14:50:18,9.0,--,12,10800,买盘
136,14:50:15,9.0,--,54,48600,买盘
137,14:50:12,9.0,0.02,511,459900,买盘
138,14:50:09,8.98,-0.02,473,424754,卖盘
139,14:50:06,9.0,0.01,236,212400,买盘
140,14:50:03,8.99,-0.01,432,388368,卖盘
141,14:50:00,9.0,--,218,196200,买盘
142,14:49:57,9.0,--,280,252000,买盘
143,14:49:54,9.0,0.01,172,154800,买盘
144,14:49:51,8.99,-0.01,207,186093,卖盘
145,14:49:48,9.0,--,1362,1225800,买盘
146,14:49:45,9.0,0.01,949,854100,买盘
147,14:49:42,8.99,-0.01,48,43152,卖盘
148,14:49:39,9.0,0.01,132,118800,买盘
149,14:49:36,8.99,--,21,18879,卖盘
150,14:49:33,8.99,-0.01,76,68324,卖盘
151,14:49:30,9.0,--,821,738900,买盘
152,14:49:27,9.0,0.01,55,49500,买盘
153,14:49:24,8.99,--,266,239134,卖盘
154,14:49:21,8.99,--,40,35960,卖盘
155,14:49:18,8.99,--,252,226548,卖盘
156,14:49:15,8.99,--,204,183396,卖盘
157,14:49:12,8.99,--,41,36859,卖盘
158,14:49:09,8.99,--,94,84506,卖盘
159,14:49:06,8.99,--,85,76415,卖盘
160,14:49:03,8.99,--,54,48546,卖盘
161,14:49:00,8.99,--,76,68324,卖盘
162,14:48:57,8.99,--,29,26071,卖盘
163,14:48:54,8.99,-0.01,81,72819,卖盘
164,14:48:51,9.0,0.01,81,72900,买盘
165,14:48:48,8.99,-0.01,46,41354,卖盘
166,14:48:45,9.0,0.01,1266,1139400,买盘
167,14:48:42,8.99,--,42,37758,卖盘
168,14:48:39,8.99,-0.01,28,25172,卖盘
169,14:48:36,9.0,--,781,702900,买盘
170,14:48:33,9.0,0.01,961,864900,买盘
171,14:48:30,8.99,--,46,41354,卖盘
172,14:48:27,8.99,-0.01,20,17980,卖盘
173,14:48:24,9.0,--,427,384300,买盘
174,14:48:21,9.0,--,28,25200,买盘
175,14:48:18,9.0,--,27,24300,买盘
176,14:48:15,9.0,0.01,197,177300,买盘
177,14:48:12,8.99,--,254,228346,卖盘
178,14:48:09,8.99,--,110,98890,卖盘
179,14:48:06,8.99,--,66,59334,卖盘
180,14:48:03,8.99,--,61,54839,卖盘
181,14:48:00,8.99,-0.01,116,104284,卖盘
182,14:47:57,9.0,--,16,14400,买盘
183,14:47:54,9.0,--,135,121500,买盘
184,14:47:51,9.0,--,39,35100,买盘
185,14:47:48,9.0,--,117,105300,买盘
186,14:47:45,9.0,0.01,75,67500,买盘
187,14:47:42,8.99,--,140,125860,卖盘
188,14:47:39,8.99,-0.01,575,516925,卖盘
189,14:47:36,9.0,--,241,216900,买盘
190,14:47:33,9.0,--,41,36900,买盘
191,14:47:30,9.0,--,1020,918180,卖盘
192,14:47:27,9.0,--,1505,1354500,卖盘
193,14:47:24,9.0,-0.01,532,478800,卖盘
194,14:47:21,9.01,0.01,200,180200,买盘
195,14:47:18,9.0,-0.01,51,45900,卖盘
196,14:47:15,9.01,0.01,443,399143,买盘
197,14:47:12,9.0,--,92,82800,卖盘
198,14:47:09,9.0,--,230,207000,卖盘
199,14:47:06,9.0,-0.01,371,333900,卖盘
200,14:47:03,9.01,0.01,261,235161,买盘
201,14:47:00,9.0,-0.01,577,519300,卖盘
202,14:46:57,9.01,0.01,89,80189,买盘
203,14:46:54,9.0,-0.01,773,695700,卖盘
204,14:46:51,9.01,0.01,2,1802,买盘
205,14:46:48,9.0,--,112,100800,卖盘
206,14:46:45,9.0,--,68,61200,卖盘
207,14:46:42,9.0,-0.01,64,57600,卖盘
208,14:46:39,9.01,--,117,105417,买盘
209,14:46:36,9.01,--,6,5406,买盘
210,14:46:33,9.01,0.01,73,65773,买盘
211,14:46:30,9.0,-0.01,131,117900,卖盘
212,14:46:27,9.01,--,129,116229,买盘
213,14:46:24,9.01,0.01,145,130645,买盘
214,14:46:21,9.0,--,42,37800,卖盘
215,14:46:18,9.0,-0.01,72,64800,卖盘
216,14:46:15,9.01,--,122,109922,买盘
217,14:46:12,9.01,--,86,77486,买盘
218,14:46:09,9.01,0.01,30,27030,买盘
219,14:46:06,9.0,--,202,181800,卖盘
220,14:46:03,9.0,--,62,55800,卖盘
221,14:46:00,9.0,-0.01,31,27900,卖盘
222,14:45:57,9.01,--,24,21624,买盘
223,14:45:54,9.01,--,91,81991,买盘
224,14:45:51,9.01,--,21,18921,买盘
225,14:45:48,9.01,--,154,138754,买盘
226,14:45:45,9.01,0.01,70,63070,买盘
227,14:45:42,9.0,--,37,33300,卖盘
228,14:45:39,9.0,--,126,113400,卖盘
229,14:45:36,9.0,-0.01,504,453600,卖盘
230,14:45:33,9.01,0.01,255,229755,买盘
231,14:45:30,9.0,--,283,254700,卖盘
232,14:45:27,9.0,--,127,114300,卖盘
233,14:45:24,9.0,--,84,75600,卖盘
234,14:45:21,9.0,--,8,7200,卖盘
235,14:45:18,9.0,--,308,277200,卖盘
236,14:45:15,9.0,--,547,492300,卖盘
237,14:45:12,9.0,--,337,303300,卖盘
238,14:45:09,9.0,--,109,98100,卖盘
239,14:45:06,9.0,0.01,941,847620,买盘
240,14:45:03,8.99,-0.01,201,180699,卖盘
241,14:45:00,9.0,0.01,442,397800,买盘
242,14:44:57,8.99,-0.01,776,697624,卖盘
243,14:44:54,9.0,--,62,55800,买盘
244,14:44:51,9.0,--,9,8100,买盘
245,14:44:48,9.0,--,957,861300,买盘
246,14:44:45,9.0,0.01,865,778500,买盘
247,14:44:42,8.99,--,68,61132,卖盘
248,14:44:39,8.99,-0.01,257,231043,卖盘
249,14:44:36,9.0,--,49,44100,买盘
250,14:44:33,9.0,--,149,134100,买盘
251,14:44:30,9.0,--,116,104400,买盘
252,14:44:27,9.0,0.01,165,148500,买盘
253,14:44:24,8.99,-0.01,151,135749,卖盘
254,14:44:21,9.0,--,260,234000,买盘
255,14:44:18,9.0,0.01,629,566100,买盘
256,14:44:15,8.99,-0.01,25,22475,卖盘
257,14:44:12,9.0,--,527,474300,买盘
258,14:44:09,9.0,0.01,154,138600,买盘
259,14:44:06,8.99,--,66,59334,卖盘
260,14:44:03,8.99,--,8,7192,卖盘
261,14:44:00,8.99,--,41,36859,卖盘
262,14:43:57,8.99,--,103,92597,卖盘
263,14:43:54,8.99,-0.01,26,23374,卖盘
264,14:43:51,9.0,--,48,43200,买盘
265,14:43:48,9.0,0.01,204,183600,买盘
266,14:43:45,8.99,--,343,308357,卖盘
267,14:43:42,8.99,--,24,21576,卖盘
268,14:43:39,8.99,--,47,42253,卖盘
269,14:43:36,8.99,-0.01,149,133951,卖盘
270,14:43:33,9.0,0.01,37,33300,买盘
271,14:43:30,8.99,--,85,76415,卖盘
272,14:43:27,8.99,--,18,16182,卖盘
273,14:43:24,8.99,-0.01,49,44051,卖盘
274,14:43:21,9.0,0.02,32,28800,买盘
275,14:43:18,8.98,-0.01,1101,988698,卖盘
276,14:43:15,8.99,--,122,109678,买盘
277,14:43:12,8.99,--,91,81809,买盘
278,14:43:09,8.99,--,325,292175,买盘
279,14:43:06,8.99,--,48,43152,买盘
280,14:43:03,8.99,0.01,20,17980,买盘
281,14:43:00,8.98,--,2,1796,卖盘
282,14:42:57,8.98,-0.01,64,57472,卖盘
283,14:42:54,8.99,0.01,454,408146,买盘
284,14:42:51,8.98,--,65,58370,卖盘
285,14:42:48,8.98,-0.01,28,25862,卖盘
286,14:42:45,8.99,--,34,30566,买盘
287,14:42:42,8.99,--,83,74617,买盘
288,14:42:39,8.99,0.01,170,152830,买盘
289,14:42:36,8.98,--,435,390630,卖盘
290,14:42:33,8.98,--,45,40410,卖盘
291,14:42:30,8.98,--,33,29634,卖盘
292,14:42:27,8.98,-0.01,185,166130,卖盘
293,14:42:24,8.99,--,34,30566,买盘
294,14:42:21,8.99,0.01,564,507036,买盘
295,14:42:18,8.98,--,61,54778,卖盘
296,14:42:15,8.98,--,166,149068,卖盘
297,14:42:12,8.98,-0.01,137,123026,卖盘
298,14:42:09,8.99,0.01,66,59334,买盘
299,14:42:06,8.98,-0.01,329,295442,卖盘
300,14:42:03,8.99,-0.01,77,69223,卖盘
301,14:42:00,9.0,--,148,133200,买盘
302,14:41:57,9.0,--,210,189000,买盘
303,14:41:54,9.0,0.01,281,252900,买盘
304,14:41:51,8.99,-0.01,49,44051,卖盘
305,14:41:48,9.0,--,56,50400,买盘
306,14:41:45,9.0,--,48,43200,买盘
307,14:41:42,9.0,0.01,8,7200,买盘
308,14:41:39,8.99,--,78,70122,卖盘
309,14:41:36,8.99,-0.01,281,252619,卖盘
310,14:41:33,9.0,--,558,502200,买盘
311,14:41:30,9.0,0.01,33,29700,买盘
312,14:41:27,8.99,--,107,96193,卖盘
313,14:41:24,8.99,-0.01,21,18879,卖盘
314,14:41:21,9.0,--,132,118800,买盘
315,14:41:18,9.0,--,467,420300,买盘
316,14:41:15,9.0,-0.01,1765,1588851,卖盘
317,14:41:12,9.01,--,203,182903,买盘
318,14:41:09,9.01,--,56,50456,买盘
319,14:41:06,9.01,--,53,47753,买盘
320,14:41:03,9.01,--,132,118932,买盘
321,14:41:00,9.01,0.01,78,70278,买盘
322,14:40:57,9.0,-0.01,735,661500,卖盘
323,14:40:54,9.01,--,24,21624,买盘
324,14:40:51,9.01,--,132,118932,买盘
325,14:40:48,9.01,0.01,9,8109,买盘
326,14:40:45,9.0,--,50,45000,卖盘
327,14:40:42,9.0,-0.01,99,89100,卖盘
328,14:40:39,9.01,0.02,2283,2057532,买盘
329,14:40:36,8.99,--,504,453096,卖盘
330,14:40:33,8.99,-0.01,34,30566,卖盘
331,14:40:30,9.0,--,522,469800,买盘
332,14:40:27,9.0,0.01,213,191700,买盘
333,14:40:24,8.99,-0.01,283,254417,卖盘
334,14:40:21,9.0,--,71,63900,买盘
335,14:40:18,9.0,--,465,418500,买盘
336,14:40:15,9.0,--,452,406800,买盘
337,14:40:12,9.0,--,179,161100,买盘
338,14:40:09,9.0,--,163,146700,买盘
339,14:40:06,9.0,--,193,173700,买盘
340,14:40:03,9.0,0.01,931,837900,买盘
341,14:40:00,8.99,--,139,124961,卖盘
342,14:39:57,8.99,-0.01,217,195083,卖盘
343,14:39:54,9.0,--,54,48600,买盘
344,14:39:51,9.0,--,1073,965700,买盘
345,14:39:48,9.0,--,141,126900,买盘
346,14:39:45,9.0,--,75,67500,买盘
347,14:39:42,9.0,--,1217,1095300,买盘
348,14:39:39,9.0,0.01,87,78300,买盘
349,14:39:36,8.99,-0.01,773,694927,卖盘
350,14:39:33,9.0,--,90,81000,买盘
351,14:39:30,9.0,--,244,219600,买盘
352,14:39:27,9.0,0.01,604,543600,买盘
353,14:39:24,8.99,-0.01,134,120466,卖盘
354,14:39:21,9.0,0.01,196,176400,买盘
355,14:39:18,8.99,-0.01,65,58435,卖盘
356,14:39:15,9.0,--,155,139500,买盘
357,14:39:12,9.0,0.01,76,68400,买盘
358,14:39:09,8.99,0.01,235,211265,买盘
359,14:39:06,8.98,-0.01,480,431040,卖盘
360,14:39:03,8.99,--,735,660765,买盘
361,14:39:00,8.99,--,464,417136,买盘
362,14:38:57,8.99,0.01,150,134850,买盘
363,14:38:54,8.98,-0.01,100,89800,卖盘
364,14:38:51,8.99,--,97,87203,买盘
365,14:38:48,8.99,0.01,4,3596,买盘
366,14:38:45,8.98,--,110,98780,卖盘
367,14:38:42,8.98,0.01,35,31430,买盘
368,14:38:39,8.97,-0.01,504,452088,卖盘
369,14:38:36,8.98,--,170,152660,买盘
370,14:38:33,8.98,0.01,250,224500,买盘
371,14:38:30,8.97,-0.01,87,78039,卖盘
372,14:38:27,8.98,--,321,288258,买盘
373,14:38:24,8.98,--,82,73636,买盘
374,14:38:21,8.98,--,90,80820,买盘
375,14:38:18,8.98,--,306,274788,买盘
376,14:38:15,8.98,--,30,26940,买盘
377,14:38:12,8.98,--,16,14368,买盘
378,14:38:09,8.98,--,2,1796,买盘
379,14:38:06,8.98,0.01,33,29634,买盘
380,14:38:03,8.97,--,90,80909,买盘
381,14:38:00,8.97,--,63,56511,买盘
382,14:37:57,8.97,--,126,113022,买盘
383,14:37:54,8.97,--,99,88803,买盘
384,14:37:51,8.97,--,468,419796,买盘
385,14:37:48,8.97,--,120,107640,买盘
386,14:37:45,8.97,--,70,62790,买盘
387,14:37:42,8.97,--,73,65481,买盘
388,14:37:39,8.97,--,230,206310,买盘
389,14:37:36,8.97,--,92,82524,买盘
390,14:37:33,8.97,0.01,91,81627,买盘
391,14:37:30,8.96,-0.01,58,51968,卖盘
392,14:37:27,8.97,--,430,385710,买盘
393,14:37:24,8.97,0.01,118,105846,买盘
394,14:37:21,8.96,--,34,30464,卖盘
395,14:37:18,8.96,--,7,6272,卖盘
396,14:37:15,8.96,-0.01,44,39424,卖盘
397,14:37:09,8.97,0.01,40,35880,买盘
398,14:37:06,8.96,-0.01,2,1792,卖盘
399,14:37:03,8.97,--,43,38571,买盘
400,14:37:00,8.97,--,436,391092,买盘
401,14:36:57,8.97,0.01,582,522054,买盘
402,14:36:54,8.96,--,17,15232,卖盘
403,14:36:51,8.96,-0.01,65,58240,卖盘
404,14:36:48,8.97,0.01,151,135447,买盘
405,14:36:45,8.96,-0.01,35,31360,卖盘
406,14:36:42,8.97,0.01,22,19734,买盘
407,14:36:39,8.96,--,64,57344,卖盘
408,14:36:36,8.96,-0.01,18,16128,卖盘
409,14:36:33,8.97,--,13,11661,买盘
410,14:36:30,8.97,0.01,70,62790,买盘
411,14:36:27,8.96,--,16,14336,卖盘
412,14:36:24,8.96,-0.01,47,42112,卖盘
413,14:36:21,8.97,--,3,2691,买盘
414,14:36:18,8.97,--,18,16146,买盘
415,14:36:15,8.97,0.01,113,101361,买盘
416,14:36:12,8.96,--,224,200704,买盘
417,14:36:09,8.96,0.01,7863,7045248,买盘
418,14:36:06,8.95,-0.01,155,138725,卖盘
419,14:36:03,8.96,0.01,55,49280,买盘
420,14:36:00,8.95,--,142,127089,卖盘
421,14:35:57,8.95,-0.01,5,4475,卖盘
422,14:35:54,8.96,--,78,69888,买盘
423,14:35:51,8.96,--,4,3584,买盘
424,14:35:48,8.96,--,470,421120,买盘
425,14:35:45,8.96,--,5,4480,买盘
426,14:35:42,8.96,--,329,294784,买盘
427,14:35:39,8.96,--,47,42112,买盘
428,14:35:36,8.96,--,92,82432,买盘
429,14:35:33,8.96,0.01,113,101248,买盘
430,14:35:30,8.95,-0.01,329,294455,卖盘
431,14:35:27,8.96,0.01,125,112000,买盘
432,14:35:24,8.95,--,48,42960,卖盘
433,14:35:21,8.95,--,654,585330,卖盘
434,14:35:18,8.95,--,26,23269,卖盘
435,14:35:15,8.95,-0.01,345,308775,卖盘
436,14:35:12,8.96,0.01,26,23296,买盘
437,14:35:09,8.95,--,320,286400,卖盘
438,14:35:06,8.95,-0.01,106,94869,卖盘
439,14:35:03,8.96,--,152,136192,买盘
440,14:35:00,8.96,0.01,24,21504,买盘
441,14:34:54,8.95,-0.01,304,272080,卖盘
442,14:34:48,8.96,0.01,78,69888,买盘
443,14:34:45,8.95,-0.01,132,118139,卖盘
444,14:34:42,8.96,--,48,43008,买盘
445,14:34:39,8.96,--,113,101248,买盘
446,14:34:36,8.96,0.01,37,33152,买盘
447,14:34:33,8.95,--,648,579960,卖盘
448,14:34:30,8.95,-0.01,81,72495,卖盘
449,14:34:27,8.96,0.01,49,43904,买盘
450,14:34:24,8.95,--,198,177210,卖盘
451,14:34:21,8.95,-0.01,114,102029,卖盘
452,14:34:18,8.96,--,62,55552,买盘
453,14:34:15,8.96,--,126,112896,买盘
454,14:34:12,8.96,--,56,50176,买盘
455,14:34:09,8.96,--,81,72576,买盘
456,14:34:06,8.96,--,77,68992,买盘
457,14:34:03,8.96,0.01,19,17024,买盘
458,14:34:00,8.95,-0.01,24,21480,卖盘
459,14:33:57,8.96,--,50,44800,买盘
460,14:33:54,8.96,--,86,77056,买盘
461,14:33:51,8.96,--,38,34048,买盘
462,14:33:48,8.96,--,55,49280,买盘
463,14:33:45,8.96,-0.01,243,218086,卖盘
464,14:33:42,8.97,--,2,1794,买盘
465,14:33:39,8.97,0.01,80,71760,买盘
466,14:33:36,8.96,-0.01,94,84224,卖盘
467,14:33:33,8.97,0.01,283,254389,买盘
468,14:33:30,8.96,0.01,328,293888,买盘
469,14:33:27,8.95,-0.01,40,35800,卖盘
470,14:33:24,8.96,--,888,795648,买盘
471,14:33:21,8.96,--,137,122752,买盘
472,14:33:18,8.96,--,24,21504,买盘
473,14:33:15,8.96,--,229,205184,买盘
474,14:33:12,8.96,--,39,34944,买盘
475,14:33:09,8.96,0.01,60,53760,买盘
476,14:33:06,8.95,-0.01,62,55489,卖盘
477,14:33:03,8.96,--,1050,940800,买盘
478,14:33:00,8.96,--,141,126336,买盘
479,14:32:57,8.96,--,59,52864,买盘
480,14:32:54,8.96,--,14,12544,买盘
481,14:32:51,8.96,--,116,103936,买盘
482,14:32:48,8.96,0.01,42,37632,买盘
483,14:32:45,8.95,--,1182,1057890,买盘
484,14:32:42,8.95,--,205,183474,买盘
485,14:32:39,8.95,--,1706,1526869,卖盘
486,14:32:36,8.95,--,22,19690,卖盘
487,14:32:33,8.95,-0.01,13,11634,卖盘
488,14:32:30,8.96,0.01,332,297472,买盘
489,14:32:27,8.95,-0.01,16,14319,卖盘
490,14:32:24,8.96,0.01,65,58240,买盘
491,14:32:21,8.95,-0.01,60,53699,卖盘
492,14:32:18,8.96,--,50,44800,买盘
493,14:32:15,8.96,0.01,682,611072,买盘
494,14:32:12,8.95,--,110,98449,卖盘
495,14:32:09,8.95,-0.01,109,97554,卖盘
496,14:32:06,8.96,0.01,45,40320,买盘
497,14:32:03,8.95,-0.01,562,502989,卖盘
498,14:32:00,8.96,0.01,151,135296,买盘
499,14:31:57,8.95,--,5,4475,卖盘
500,14:31:54,8.95,--,109,97554,卖盘
501,14:31:51,8.95,0.01,640,572800,买盘
502,14:31:48,8.94,-0.01,61,54534,卖盘
503,14:31:45,8.95,--,253,226434,买盘
504,14:31:42,8.95,--,304,272080,买盘
505,14:31:39,8.95,--,290,259549,卖盘
506,14:31:36,8.95,--,59,52804,卖盘
507,14:31:33,8.95,--,16,14319,卖盘
508,14:31:30,8.95,-0.01,432,386639,卖盘
509,14:31:27,8.96,--,178,159488,买盘
510,14:31:21,8.96,0.01,321,287616,买盘
511,14:31:18,8.95,--,838,750009,买盘
512,14:31:15,8.95,--,402,359790,买盘
513,14:31:12,8.95,--,233,208534,买盘
514,14:31:09,8.95,0.01,52,46539,买盘
515,14:31:06,8.94,-0.01,579,517626,卖盘
516,14:31:03,8.95,--,157,140515,买盘
517,14:31:00,8.95,0.01,81,72495,买盘
518,14:30:57,8.94,-0.01,714,638316,卖盘
519,14:30:54,8.95,--,76,68020,买盘
520,14:30:51,8.95,--,51,45645,买盘
521,14:30:48,8.95,0.01,165,147675,买盘
522,14:30:45,8.94,-0.01,186,166284,卖盘
523,14:30:42,8.95,--,114,102029,买盘
524,14:30:39,8.95,--,76,68020,买盘
525,14:30:36,8.95,--,232,207639,买盘
526,14:30:33,8.95,--,51,45645,买盘
527,14:30:30,8.95,0.01,240,214799,买盘
528,14:30:27,8.94,--,8,7152,卖盘
529,14:30:24,8.94,-0.01,108,96552,卖盘
530,14:30:21,8.95,0.01,175,156625,买盘
531,14:30:18,8.94,-0.01,52,46488,卖盘
532,14:30:15,8.95,--,93,83235,买盘
533,14:30:12,8.95,0.01,113,101134,买盘
534,14:30:09,8.94,-0.01,69,61686,卖盘
535,14:30:06,8.95,0.01,106,94869,买盘
536,14:30:03,8.94,-0.01,2,1788,卖盘
537,14:30:00,8.95,0.01,250,223749,买盘
538,14:29:57,8.94,-0.01,68,60792,卖盘
539,14:29:54,8.95,--,169,151255,买盘
540,14:29:51,8.95,--,47,42065,买盘
541,14:29:48,8.95,--,121,108294,买盘
542,14:29:45,8.95,--,229,204954,买盘
543,14:29:42,8.95,--,116,103819,买盘
544,14:29:39,8.95,--,101,90395,买盘
545,14:29:36,8.95,--,196,175420,买盘
546,14:29:33,8.95,--,93,83235,买盘
547,14:29:30,8.95,--,78,69810,买盘
548,14:29:27,8.95,--,119,106504,买盘
549,14:29:24,8.95,--,241,215694,买盘
550,14:29:21,8.95,--,12,10740,买盘
551,14:29:18,8.95,--,17,15214,买盘
552,14:29:15,8.95,--,78,69810,买盘
553,14:29:12,8.95,--,173,154835,买盘
554,14:29:09,8.95,--,7,6264,买盘
555,14:29:06,8.95,--,476,426019,卖盘
556,14:29:03,8.95,--,15,13424,卖盘
557,14:29:00,8.95,--,105,93974,卖盘
558,14:28:57,8.95,--,121,108294,卖盘
559,14:28:54,8.95,--,59,52804,卖盘
560,14:28:51,8.95,--,20,17900,卖盘
561,14:28:48,8.95,--,419,375004,卖盘
562,14:28:45,8.95,-0.01,8,7159,卖盘
563,14:28:42,8.96,0.01,63,56448,买盘
564,14:28:39,8.95,--,1,894,卖盘
565,14:28:36,8.95,--,86,76970,买盘
566,14:28:33,8.95,--,51,45645,买盘
567,14:28:30,8.95,--,30,26849,买盘
568,14:28:27,8.95,0.01,49,43855,买盘
569,14:28:24,8.94,-0.02,301,269094,卖盘
570,14:28:21,8.96,0.02,380,340480,买盘
571,14:28:18,8.94,--,329,294126,卖盘
572,14:28:15,8.94,--,7,6258,卖盘
573,14:28:12,8.94,--,15,13410,卖盘
574,14:28:09,8.94,0.01,145,129630,买盘
575,14:28:06,8.93,--,442,394706,卖盘
576,14:28:03,8.93,--,1129,1008197,买盘
577,14:28:00,8.93,--,1385,1236805,买盘
578,14:27:57,8.93,--,1942,1734206,买盘
579,14:27:54,8.93,0.01,499,445607,买盘
580,14:27:51,8.92,-0.01,66,58872,卖盘
581,14:27:48,8.93,0.01,1056,943008,买盘
582,14:27:45,8.92,-0.01,187,166804,卖盘
583,14:27:42,8.93,--,25,22325,买盘
584,14:27:39,8.93,0.01,358,319694,买盘
585,14:27:36,8.92,--,431,384452,卖盘
586,14:27:33,8.92,--,125,111500,卖盘
587,14:27:30,8.92,-0.01,107,95444,卖盘
588,14:27:27,8.93,--,270,241110,买盘
589,14:27:24,8.93,0.01,257,229501,买盘
590,14:27:21,8.92,-0.01,20,17840,卖盘
591,14:27:18,8.93,--,379,338447,买盘
592,14:27:15,8.93,0.01,27,24111,买盘
593,14:27:12,8.92,-0.01,134,119528,卖盘
594,14:27:09,8.93,--,756,675108,买盘
595,14:27:06,8.93,--,144,128592,买盘
596,14:27:03,8.93,--,61,54473,买盘
597,14:27:00,8.93,--,1408,1257344,买盘
598,14:26:57,8.93,--,9,8037,买盘
599,14:26:54,8.93,--,113,100909,买盘
600,14:26:51,8.93,0.01,80,71440,买盘
601,14:26:48,8.92,--,102,90984,卖盘
602,14:26:45,8.92,--,71,63332,卖盘
603,14:26:42,8.92,-0.01,75,66900,卖盘
604,14:26:39,8.93,--,471,420603,买盘
605,14:26:36,8.93,--,183,163419,买盘
606,14:26:33,8.93,--,500,446500,买盘
607,14:26:30,8.93,--,243,216999,买盘
608,14:26:27,8.93,--,66,58938,买盘
609,14:26:24,8.93,--,185,165205,买盘
610,14:26:21,8.93,--,365,325945,买盘
611,14:26:18,8.93,--,273,243789,买盘
612,14:26:15,8.93,--,9,8037,买盘
613,14:26:12,8.93,--,54,48222,买盘
614,14:26:09,8.93,--,235,209855,买盘
615,14:26:06,8.93,0.01,110,98230,买盘
616,14:26:03,8.92,--,63,56196,卖盘
617,14:26:00,8.92,--,377,336284,卖盘
618,14:25:57,8.92,-0.01,277,247084,卖盘
619,14:25:54,8.93,--,115,102695,买盘
620,14:25:51,8.93,--,528,471504,买盘
621,14:25:48,8.93,--,8,7144,买盘
622,14:25:45,8.93,0.01,350,312550,买盘
623,14:25:42,8.92,--,195,173940,卖盘
624,14:25:39,8.92,-0.01,150,133800,卖盘
625,14:25:36,8.93,0.01,210,187530,买盘
626,14:25:33,8.92,-0.01,271,241732,卖盘
627,14:25:30,8.93,0.01,103,91979,买盘
628,14:25:27,8.92,--,64,57088,卖盘
629,14:25:24,8.92,-0.01,119,106148,卖盘
630,14:25:21,8.93,0.01,233,208069,买盘
631,14:25:18,8.92,--,225,200700,卖盘
632,14:25:15,8.92,--,163,145396,卖盘
633,14:25:12,8.92,--,132,117744,卖盘
634,14:25:09,8.92,-0.01,686,611912,卖盘
635,14:25:06,8.93,0.01,147,131271,买盘
636,14:25:03,8.92,-0.01,129,115068,卖盘
637,14:24:54,8.93,-0.01,1761,1572573,卖盘
638,14:24:51,8.94,--,21,18774,买盘
639,14:24:48,8.94,--,318,284292,卖盘
640,14:24:45,8.94,--,96,85824,卖盘
641,14:24:42,8.94,--,140,125160,卖盘
642,14:24:39,8.94,--,121,108174,卖盘
643,14:24:36,8.94,--,183,163602,卖盘
644,14:24:33,8.94,-0.01,344,307536,卖盘
645,14:24:30,8.95,0.01,47,42065,买盘
646,14:24:27,8.94,--,187,167178,卖盘
647,14:24:24,8.94,-0.01,249,222606,卖盘
648,14:24:21,8.95,0.01,90,80550,买盘
649,14:24:18,8.94,-0.01,414,370116,卖盘
650,14:24:15,8.95,--,100,89500,买盘
651,14:24:12,8.95,--,308,275660,买盘
652,14:24:09,8.95,-0.01,90,80550,卖盘
653,14:24:06,8.96,0.01,81,72576,买盘
654,14:24:03,8.95,--,207,185264,卖盘
655,14:24:00,8.95,--,1325,1185875,卖盘
656,14:23:57,8.95,--,889,795654,卖盘
657,14:23:54,8.95,--,786,703470,卖盘
658,14:23:51,8.95,-0.01,68,60859,卖盘
659,14:23:48,8.96,0.01,635,568960,买盘
660,14:23:45,8.95,-0.01,278,248809,卖盘
661,14:23:42,8.96,0.01,198,177408,买盘
662,14:23:39,8.95,--,14,12529,卖盘
663,14:23:36,8.95,--,281,251494,卖盘
664,14:23:33,8.95,-0.01,345,308775,卖盘
665,14:23:30,8.96,--,571,511616,买盘
666,14:23:27,8.96,0.01,218,195328,买盘
667,14:23:24,8.95,-0.01,57,51014,卖盘
668,14:23:21,8.96,--,199,178304,买盘
669,14:23:15,8.96,0.01,70,62720,买盘
670,14:23:12,8.95,-0.01,260,232699,卖盘
671,14:23:09,8.96,--,184,164864,买盘
672,14:23:06,8.96,--,57,51072,买盘
673,14:23:03,8.96,--,1147,1027712,买盘
674,14:23:00,8.96,--,185,165760,买盘
675,14:22:57,8.96,--,171,153216,买盘
676,14:22:54,8.96,-0.01,370,331520,卖盘
677,14:22:51,8.97,0.01,260,233220,买盘
678,14:22:48,8.96,--,31,27776,卖盘
679,14:22:45,8.96,--,90,80640,卖盘
680,14:22:42,8.96,--,24,21504,买盘
681,14:22:39,8.96,--,122,109312,买盘
682,14:22:36,8.96,--,118,105728,买盘
683,14:22:33,8.96,--,51,45696,买盘
684,14:22:30,8.96,--,8,7168,买盘
685,14:22:27,8.96,--,230,206080,卖盘
686,14:22:24,8.96,-0.01,81,72576,卖盘
687,14:22:21,8.97,0.01,17,15249,买盘
688,14:22:18,8.96,--,543,486528,卖盘
689,14:22:15,8.96,--,40,35840,卖盘
690,14:22:12,8.96,--,12,10752,卖盘
691,14:22:09,8.96,--,73,65408,卖盘
692,14:22:06,8.96,--,106,94976,卖盘
693,14:22:03,8.96,--,12,10752,卖盘
694,14:22:00,8.96,--,25,22400,买盘
695,14:21:57,8.96,--,25,22400,买盘
696,14:21:54,8.96,--,732,655872,卖盘
697,14:21:51,8.96,-0.01,83,74368,卖盘
698,14:21:48,8.97,--,14,12558,买盘
699,14:21:45,8.97,0.01,107,95979,买盘
700,14:21:42,8.96,-0.01,144,129024,卖盘
701,14:21:39,8.97,0.01,74,66378,买盘
702,14:21:36,8.96,-0.01,1523,1364608,卖盘
703,14:21:33,8.97,0.01,167,149799,买盘
704,14:21:30,8.96,-0.01,264,236544,卖盘
705,14:21:27,8.97,--,305,273585,卖盘
706,14:21:24,8.97,-0.01,110,98670,卖盘
707,14:21:21,8.98,0.01,55,49390,买盘
708,14:21:18,8.97,--,101,90597,卖盘
709,14:21:15,8.97,--,435,390195,卖盘
710,14:21:12,8.97,--,161,144417,卖盘
711,14:21:09,8.97,-0.01,1,897,卖盘
712,14:21:06,8.98,--,14,12572,买盘
713,14:21:03,8.98,--,6,5388,买盘
714,14:21:00,8.98,--,170,152660,买盘
715,14:20:57,8.98,0.01,138,123924,买盘
716,14:20:54,8.97,--,170,152490,卖盘
717,14:20:51,8.97,--,146,130962,卖盘
718,14:20:48,8.97,0.01,525,470925,买盘
719,14:20:45,8.96,-0.01,190,170240,卖盘
720,14:20:42,8.97,--,197,176709,买盘
721,14:20:39,8.97,0.01,313,280761,买盘
722,14:20:36,8.96,--,866,775936,卖盘
723,14:20:33,8.96,-0.01,122,109312,卖盘
724,14:20:30,8.97,--,79,70863,买盘
725,14:20:27,8.97,0.01,244,218868,买盘
726,14:20:24,8.96,-0.01,112,100352,卖盘
727,14:20:21,8.97,--,115,103155,买盘
728,14:20:18,8.97,--,6,5382,买盘
729,14:20:15,8.97,--,307,275379,买盘
730,14:20:12,8.97,--,86,77142,买盘
731,14:20:09,8.97,0.01,115,103155,买盘
732,14:20:06,8.96,-0.01,98,87808,卖盘
733,14:20:03,8.97,0.01,602,539994,买盘
734,14:20:00,8.96,-0.01,142,127232,卖盘
735,14:19:57,8.97,--,120,107640,买盘
736,14:19:54,8.97,0.01,160,143520,买盘
737,14:19:51,8.96,--,128,114688,卖盘
738,14:19:48,8.96,--,527,472192,卖盘
739,14:19:45,8.96,--,194,173824,卖盘
740,14:19:42,8.96,--,137,122752,卖盘
741,14:19:39,8.96,-0.01,70,62720,卖盘
742,14:19:36,8.97,0.01,27,24219,买盘
743,14:19:33,8.96,--,361,323456,卖盘
744,14:19:30,8.96,--,220,197120,卖盘
745,14:19:27,8.96,-0.01,23,20608,卖盘
746,14:19:24,8.97,--,2,1794,买盘
747,14:19:21,8.97,0.01,1,897,买盘
748,14:19:18,8.96,-0.01,42,37632,卖盘
749,14:19:15,8.97,0.01,18,16146,中性盘
750,14:19:12,8.96,-0.02,1180,1057280,卖盘
751,14:19:09,8.98,--,20,17960,买盘
752,14:19:06,8.98,--,144,129312,买盘
753,14:19:03,8.98,--,22,19756,买盘
754,14:19:00,8.98,--,446,400508,买盘
755,14:18:57,8.98,--,312,280355,卖盘
756,14:18:54,8.98,--,188,168824,卖盘
757,14:18:51,8.98,--,458,411284,卖盘
758,14:18:48,8.98,--,265,237970,卖盘
759,14:18:45,8.98,--,60,53880,卖盘
760,14:18:42,8.98,0.01,285,256648,买盘
761,14:18:39,8.97,--,511,458367,卖盘
762,14:18:36,8.97,--,27,24219,卖盘
763,14:18:33,8.97,-0.01,281,252057,卖盘
764,14:18:30,8.98,0.01,33,29634,买盘
765,14:18:27,8.97,-0.01,291,261027,卖盘
766,14:18:24,8.98,--,10,8980,买盘
767,14:18:21,8.98,--,87,78126,买盘
768,14:18:18,8.98,--,16,14368,买盘
769,14:18:15,8.98,--,210,188759,卖盘
770,14:18:12,8.98,-0.01,50,44900,卖盘
771,14:18:09,8.99,0.01,487,437813,买盘
772,14:18:06,8.98,-0.01,399,358302,卖盘
773,14:18:03,8.99,0.01,381,342519,买盘
774,14:18:00,8.98,-0.01,1032,926736,卖盘
775,14:17:57,8.99,--,41,36859,买盘
776,14:17:54,8.99,0.01,89,80011,买盘
777,14:17:51,8.98,--,160,143680,卖盘
778,14:17:48,8.98,--,539,484022,卖盘
779,14:17:45,8.98,-0.01,42,37716,卖盘
780,14:17:42,8.99,--,34,30566,买盘
781,14:17:39,8.99,--,415,373085,买盘
782,14:17:36,8.99,0.01,253,227447,买盘
783,14:17:33,8.98,--,57,51186,卖盘
784,14:17:30,8.98,--,20,17960,卖盘
785,14:17:27,8.98,--,266,238868,卖盘
786,14:17:24,8.98,-0.01,74,66452,卖盘
787,14:17:21,8.99,0.01,114,102486,买盘
788,14:17:18,8.98,--,143,128414,卖盘
789,14:17:15,8.98,-0.01,198,177804,卖盘
790,14:17:09,8.99,--,14,12586,买盘
791,14:17:06,8.99,-0.01,1147,1031153,卖盘
792,14:17:03,9.0,0.01,153,137700,买盘
793,14:17:00,8.99,--,76,68324,卖盘
794,14:16:57,8.99,--,133,119567,卖盘
795,14:16:54,8.99,-0.01,218,195982,卖盘
796,14:16:51,9.0,--,2,1800,买盘
797,14:16:48,9.0,0.01,77,69300,买盘
798,14:16:45,8.99,--,9,8091,卖盘
799,14:16:42,8.99,--,215,193285,卖盘
800,14:16:39,8.99,-0.01,51,45849,卖盘
801,14:16:36,9.0,--,50,45000,买盘
802,14:16:30,9.0,--,49,44100,买盘
803,14:16:27,9.0,--,34,30600,买盘
804,14:16:24,9.0,--,191,172620,卖盘
805,14:16:21,9.0,--,123,110700,卖盘
806,14:16:18,9.0,--,530,477000,卖盘
807,14:16:15,9.0,--,480,432000,卖盘
808,14:16:12,9.0,--,398,358200,卖盘
809,14:16:09,9.0,--,126,113400,卖盘
810,14:16:06,9.0,--,233,209700,卖盘
811,14:16:03,9.0,-0.01,164,147600,卖盘
812,14:15:57,9.01,0.01,18,16218,买盘
813,14:15:54,9.0,-0.01,22,19800,卖盘
814,14:15:51,9.01,0.01,30,27030,买盘
815,14:15:48,9.0,-0.01,338,304200,卖盘
816,14:15:45,9.01,--,238,214438,卖盘
817,14:15:42,9.01,--,138,124338,卖盘
818,14:15:39,9.01,--,73,65773,卖盘
819,14:15:36,9.01,--,62,55862,卖盘
820,14:15:33,9.01,--,26,23426,卖盘
821,14:15:30,9.01,--,37,33337,卖盘
822,14:15:27,9.01,--,214,192814,卖盘
823,14:15:24,9.01,--,8,7208,卖盘
824,14:15:21,9.01,--,187,168487,卖盘
825,14:15:18,9.01,-0.01,679,611779,卖盘
826,14:15:15,9.02,0.01,315,284130,买盘
827,14:15:09,9.01,--,171,154071,卖盘
828,14:15:06,9.01,--,10,9010,卖盘
829,14:15:03,9.01,--,132,118932,卖盘
830,14:15:00,9.01,--,70,63070,卖盘
831,14:14:57,9.01,--,15,13515,卖盘
832,14:14:54,9.01,-0.01,13,11713,卖盘
833,14:14:51,9.02,--,29,26158,买盘
834,14:14:45,9.02,--,158,142516,买盘
835,14:14:42,9.02,--,51,46002,卖盘
836,14:14:39,9.02,--,177,159654,卖盘
837,14:14:36,9.02,--,44,39688,卖盘
838,14:14:33,9.02,--,394,355388,卖盘
839,14:14:30,9.02,--,234,211068,卖盘
840,14:14:27,9.02,--,40,36080,卖盘
841,14:14:24,9.02,--,361,325622,买盘
842,14:14:21,9.02,--,8,7216,买盘
843,14:14:18,9.02,--,3,2706,买盘
844,14:14:15,9.02,--,138,124476,卖盘
845,14:14:12,9.02,-0.01,305,275110,卖盘
846,14:14:09,9.03,--,146,131838,买盘
847,14:14:06,9.03,--,17,15350,买盘
848,14:14:03,9.03,0.01,34,30701,买盘
849,14:14:00,9.02,-0.01,60,54120,卖盘
850,14:13:57,9.03,--,21,18963,买盘
851,14:13:54,9.03,--,9,8126,买盘
852,14:13:48,9.03,0.01,68,61403,买盘
853,14:13:45,9.02,--,14,12628,买盘
854,14:13:42,9.02,--,33,29766,买盘
855,14:13:39,9.02,0.01,20,18040,买盘
856,14:13:36,9.01,-0.02,140,126140,卖盘
857,14:13:33,9.03,0.01,125,112874,买盘
858,14:13:30,9.02,--,118,106436,卖盘
859,14:13:27,9.02,-0.01,353,318406,卖盘
860,14:13:24,9.03,--,427,385581,买盘
861,14:13:21,9.03,0.01,11,9933,买盘
862,14:13:18,9.02,--,245,220990,卖盘
863,14:13:15,9.02,--,110,99220,卖盘
864,14:13:12,9.02,--,51,46002,卖盘
865,14:13:09,9.02,-0.01,247,222794,卖盘
866,14:13:06,9.03,--,144,130031,买盘
867,14:13:03,9.03,0.01,312,281736,买盘
868,14:13:00,9.02,--,24,21648,卖盘
869,14:12:57,9.02,-0.01,72,64944,卖盘
870,14:12:54,9.03,--,173,156219,买盘
871,14:12:51,9.03,--,3,2709,买盘
872,14:12:48,9.03,--,254,229361,买盘
873,14:12:45,9.03,--,111,100233,买盘
874,14:12:42,9.03,0.01,46,41538,中性盘
875,14:12:39,9.02,-0.01,67,60434,卖盘
876,14:12:36,9.03,--,177,159831,买盘
877,14:12:33,9.03,--,55,49665,买盘
878,14:12:30,9.03,--,237,214010,买盘
879,14:12:27,9.03,--,62,55985,买盘
880,14:12:24,9.03,--,365,329595,买盘
881,14:12:21,9.03,-0.01,15,13544,卖盘
882,14:12:18,9.04,0.01,122,110287,买盘
883,14:12:15,9.03,0.01,13,11739,买盘
884,14:12:12,9.02,-0.01,278,250756,买盘
885,14:12:09,9.03,--,532,480395,买盘
886,14:12:06,9.03,0.01,81,73143,买盘
887,14:12:03,9.02,-0.01,89,80278,中性盘
888,14:12:00,9.03,0.01,629,567987,买盘
889,14:11:57,9.02,-0.01,404,364408,卖盘
890,14:11:54,9.03,-0.02,81,73143,卖盘
891,14:11:51,9.05,0.01,342,309510,买盘
892,14:11:48,9.04,--,207,187127,买盘
893,14:11:45,9.04,0.01,73,65992,买盘
894,14:11:42,9.03,--,33,29798,卖盘
895,14:11:39,9.03,--,2,1805,卖盘
896,14:11:36,9.03,--,37,33411,买盘
897,14:11:33,9.03,--,1,902,买盘
898,14:11:30,9.03,0.02,15,13544,买盘
899,14:11:27,9.01,0.01,50,45050,中性盘
900,14:11:24,9.0,-0.04,2020,1818000,卖盘
901,14:11:21,9.04,0.03,10462,9457648,买盘
902,14:11:15,9.01,0.01,89,80189,买盘
903,14:11:12,9.0,-0.01,11,9900,卖盘
904,14:11:09,9.01,0.01,58,52258,买盘
905,14:11:06,9.0,-0.01,55,49500,卖盘
906,14:11:03,9.01,0.01,106,95506,买盘
907,14:11:00,9.0,--,129,116100,卖盘
908,14:10:57,9.0,-0.01,136,122400,卖盘
909,14:10:54,9.01,0.01,157,141457,买盘
910,14:10:51,9.0,--,1283,1154880,买盘
911,14:10:48,9.0,--,3,2700,买盘
912,14:10:45,9.0,0.01,47,42300,买盘
913,14:10:42,8.99,-0.01,12,10788,卖盘
914,14:10:39,9.0,--,64,57600,买盘
915,14:10:36,9.0,--,130,117000,买盘
916,14:10:33,9.0,--,38,34200,买盘
917,14:10:27,9.0,--,25,22500,买盘
918,14:10:24,9.0,--,17,15300,买盘
919,14:10:21,9.0,--,433,390420,买盘
920,14:10:18,9.0,--,31,27900,买盘
921,14:10:15,9.0,--,56,50400,买盘
922,14:10:12,9.0,--,124,112320,卖盘
923,14:10:09,9.0,-0.01,256,230400,卖盘
924,14:10:06,9.01,0.01,14,12614,买盘
925,14:10:03,9.0,--,14,12600,卖盘
926,14:10:00,9.0,--,88,79200,卖盘
927,14:09:57,9.0,0.01,38,34380,买盘
928,14:09:54,8.99,-0.01,40,35960,卖盘
929,14:09:51,9.0,--,219,197100,买盘
930,14:09:48,9.0,--,171,153900,买盘
931,14:09:45,9.0,--,21,18900,买盘
932,14:09:42,9.0,--,14,12600,买盘
933,14:09:39,9.0,--,30,27000,买盘
934,14:09:36,9.0,--,96,86400,买盘
935,14:09:33,9.0,--,1,900,买盘
936,14:09:30,9.0,--,50,45000,买盘
937,14:09:27,9.0,--,984,885600,买盘
938,14:09:24,9.0,--,95,85500,买盘
939,14:09:21,9.0,--,1,900,买盘
940,14:09:18,9.0,--,201,180900,买盘
941,14:09:15,9.0,0.01,3,2700,买盘
942,14:09:12,8.99,-0.01,57,51243,卖盘
943,14:09:09,9.0,--,55,49500,买盘
944,14:09:06,9.0,--,313,281700,买盘
945,14:09:03,9.0,--,42,37800,买盘
946,14:09:00,9.0,0.01,109,98100,买盘
947,14:08:57,8.99,--,151,135749,卖盘
948,14:08:51,8.99,-0.01,201,180699,卖盘
949,14:08:48,9.0,0.01,37,33300,买盘
950,14:08:45,8.99,-0.01,1,899,卖盘
951,14:08:42,9.0,0.01,101,90900,买盘
952,14:08:36,8.99,--,108,97092,卖盘
953,14:08:33,8.99,-0.01,29,26071,卖盘
954,14:08:30,9.0,--,64,57600,买盘
955,14:08:27,9.0,--,17,15300,买盘
956,14:08:21,9.0,0.01,56,50400,买盘
957,14:08:18,8.99,--,19,17081,卖盘
958,14:08:15,8.99,--,103,92597,中性盘
959,14:08:12,8.99,-0.01,1109,996991,卖盘
960,14:08:09,9.0,--,237,213300,买盘
961,14:08:06,9.0,--,22,19800,买盘
962,14:08:03,9.0,--,7,6300,买盘
963,14:08:00,9.0,-0.01,771,694620,卖盘
964,14:07:57,9.01,0.01,30,27030,买盘
965,14:07:54,9.0,-0.01,12,10800,卖盘
966,14:07:51,9.01,--,75,67575,买盘
967,14:07:48,9.01,--,82,73882,买盘
968,14:07:45,9.01,--,226,203626,买盘
969,14:07:42,9.01,--,187,168487,买盘
970,14:07:36,9.01,-0.01,143,128843,买盘
971,14:07:33,9.02,0.01,67,60434,买盘
972,14:07:30,9.01,--,129,116409,卖盘
973,14:07:27,9.01,--,63,56763,卖盘
974,14:07:24,9.01,-0.01,530,477530,卖盘
975,14:07:21,9.02,0.01,48,43296,买盘
976,14:07:18,9.01,--,240,216240,卖盘
977,14:07:15,9.01,-0.01,22,19822,卖盘
978,14:07:12,9.02,0.01,709,639518,买盘
979,14:07:09,9.01,-0.01,88,79288,卖盘
980,14:07:06,9.02,0.01,54,49429,买盘
981,14:07:03,9.01,--,19,17119,卖盘
982,14:07:00,9.01,--,21,18921,卖盘
983,14:06:57,9.01,-0.01,518,466718,卖盘
984,14:06:54,9.02,0.01,100,90200,买盘
985,14:06:51,9.01,--,707,637007,卖盘
986,14:06:48,9.01,--,30,27030,卖盘
987,14:06:45,9.01,--,28,25228,卖盘
988,14:06:42,9.01,--,20,18020,卖盘
989,14:06:39,9.01,--,36,32436,卖盘
990,14:06:36,9.01,--,114,102714,卖盘
991,14:06:33,9.01,--,528,475728,卖盘
992,14:06:30,9.01,0.01,1623,1462323,买盘
993,14:06:27,9.0,-0.01,27,24300,卖盘
994,14:06:24,9.01,--,97,87397,买盘
995,14:06:21,9.01,--,146,131546,买盘
996,14:06:18,9.01,0.01,227,204527,买盘
997,14:06:15,9.0,-0.01,189,170100,卖盘
998,14:06:12,9.01,0.01,64,57664,买盘
999,14:06:09,9.0,--,801,720900,卖盘
1000,14:06:06,9.0,-0.01,15,13500,卖盘
1001,14:06:03,9.01,--,93,83793,买盘
1002,14:06:00,9.01,--,3,2703,买盘
1003,14:05:57,9.01,0.01,59,53159,买盘
1004,14:05:54,9.0,-0.01,68,61200,卖盘
1005,14:05:51,9.01,0.01,110,99110,买盘
1006,14:05:48,9.0,-0.01,18,16200,卖盘
1007,14:05:45,9.01,--,166,149566,买盘
1008,14:05:42,9.01,0.01,12,10812,买盘
1009,14:05:39,9.0,-0.01,21,18900,卖盘
1010,14:05:36,9.01,--,120,108120,买盘
1011,14:05:33,9.01,--,152,136952,买盘
1012,14:05:30,9.01,--,135,121635,买盘
1013,14:05:27,9.01,--,32,28832,买盘
1014,14:05:24,9.01,--,366,329766,买盘
1015,14:05:21,9.01,--,95,85595,买盘
1016,14:05:18,9.01,--,310,279310,买盘
1017,14:05:15,9.01,--,44,39644,买盘
1018,14:05:12,9.01,--,10,9010,买盘
1019,14:05:09,9.01,0.01,7,6307,买盘
1020,14:05:06,9.0,-0.01,18,16200,卖盘
1021,14:05:03,9.01,0.01,4,3604,中性盘
1022,14:04:57,9.0,-0.01,114,102600,卖盘
1023,14:04:54,9.01,0.01,45,40545,买盘
1024,14:04:51,9.0,--,309,278100,卖盘
1025,14:04:48,9.0,-0.01,20,18000,卖盘
1026,14:04:45,9.01,--,20,18020,买盘
1027,14:04:42,9.01,--,54,48654,买盘
1028,14:04:39,9.01,-0.01,130,117130,卖盘
1029,14:04:36,9.02,0.01,218,196636,买盘
1030,14:04:30,9.01,--,168,151368,卖盘
1031,14:04:27,9.01,-0.01,140,126140,卖盘
1032,14:04:24,9.02,--,334,301268,买盘
1033,14:04:21,9.02,--,77,69454,买盘
1034,14:04:18,9.02,0.01,5,4510,买盘
1035,14:04:15,9.01,-0.01,13,11713,卖盘
1036,14:04:12,9.02,--,220,198440,买盘
1037,14:04:09,9.02,0.01,45,40590,买盘
1038,14:04:06,9.01,--,22,19822,卖盘
1039,14:04:03,9.01,-0.01,75,67575,卖盘
1040,14:04:00,9.02,--,50,45100,买盘
1041,14:03:57,9.02,--,9,8118,买盘
1042,14:03:54,9.02,--,63,56826,买盘
1043,14:03:51,9.02,--,205,184910,买盘
1044,14:03:48,9.02,--,21,18942,买盘
1045,14:03:45,9.02,--,603,543906,买盘
1046,14:03:42,9.02,--,89,80278,买盘
1047,14:03:39,9.02,0.01,102,92004,买盘
1048,14:03:36,9.01,-0.01,46,41446,卖盘
1049,14:03:33,9.02,0.01,45,40590,买盘
1050,14:03:30,9.01,--,35,31535,卖盘
1051,14:03:27,9.01,-0.01,9,8109,卖盘
1052,14:03:24,9.02,--,520,469040,买盘
1053,14:03:21,9.02,0.01,12,10824,买盘
1054,14:03:18,9.01,-0.01,55,49555,买盘
1055,14:03:15,9.02,--,6,5412,买盘
1056,14:03:12,9.02,--,43,38786,买盘
1057,14:03:09,9.02,0.02,1199,1081498,买盘
1058,14:03:06,9.0,-0.01,996,896400,卖盘
1059,14:03:03,9.01,-0.01,28,26056,卖盘
1060,14:03:00,9.02,0.02,1440,1298952,买盘
1061,14:02:57,9.0,-0.01,88,79200,卖盘
1062,14:02:54,9.01,-0.01,213,191913,卖盘
1063,14:02:51,9.02,0.01,212,191224,买盘
1064,14:02:48,9.01,-0.01,119,107219,卖盘
1065,14:02:45,9.02,0.01,37,33374,买盘
1066,14:02:42,9.01,--,52,46852,卖盘
1067,14:02:39,9.01,--,78,70278,买盘
1068,14:02:36,9.01,-0.01,95,85595,卖盘
1069,14:02:33,9.02,--,117,105534,买盘
1070,14:02:30,9.02,0.01,181,163262,买盘
1071,14:02:27,9.01,-0.01,1564,1409164,卖盘
1072,14:02:24,9.02,--,36,32472,买盘
1073,14:02:21,9.02,0.01,113,101926,买盘
1074,14:02:18,9.01,--,623,561323,卖盘
1075,14:02:15,9.01,-0.01,115,103615,卖盘
1076,14:02:12,9.02,--,183,165066,买盘
1077,14:02:09,9.02,0.01,42,37884,买盘
1078,14:02:06,9.01,--,5,4505,卖盘
1079,14:02:03,9.01,-0.01,18,16218,卖盘
1080,14:02:00,9.02,0.01,38,34276,买盘
1081,14:01:57,9.01,-0.01,89,80189,卖盘
1082,14:01:54,9.02,0.01,137,123574,买盘
1083,14:01:51,9.01,-0.01,597,537897,卖盘
1084,14:01:48,9.02,0.01,330,297660,买盘
1085,14:01:45,9.01,--,17,15317,卖盘
1086,14:01:42,9.01,-0.01,345,310845,卖盘
1087,14:01:39,9.02,--,112,101024,买盘
1088,14:01:36,9.02,--,79,71258,买盘
1089,14:01:33,9.02,0.01,72,64944,买盘
1090,14:01:30,9.01,--,52,46852,卖盘
1091,14:01:27,9.01,-0.01,23,20723,卖盘
1092,14:01:24,9.02,--,573,516846,买盘
1093,14:01:21,9.02,0.01,50,45100,买盘
1094,14:01:18,9.01,--,525,473025,买盘
1095,14:01:15,9.01,--,584,526184,买盘
1096,14:01:12,9.01,--,28,25228,买盘
1097,14:01:09,9.01,--,14,12614,买盘
1098,14:01:06,9.01,--,64,57664,买盘
1099,14:01:03,9.01,--,76,68476,买盘
1100,14:01:00,9.01,--,57,51357,买盘
1101,14:00:57,9.01,--,37,33337,买盘
1102,14:00:54,9.01,0.01,154,138754,买盘
1103,14:00:51,9.0,-0.01,10,9000,卖盘
1104,14:00:48,9.01,--,91,81991,买盘
1105,14:00:45,9.01,--,26,23426,买盘
1106,14:00:42,9.01,--,66,59466,买盘
1107,14:00:39,9.01,--,78,70278,买盘
1108,14:00:36,9.01,--,22,19822,买盘
1109,14:00:33,9.01,--,189,170289,买盘
1110,14:00:30,9.01,--,39,35139,买盘
1111,14:00:27,9.01,--,493,444193,买盘
1112,14:00:24,9.01,--,100,90100,买盘
1113,14:00:21,9.01,--,120,108120,买盘
1114,14:00:18,9.01,0.01,13,11713,买盘
1115,14:00:15,9.0,--,37,33300,卖盘
1116,14:00:12,9.0,--,52,46800,卖盘
1117,14:00:09,9.0,--,14,12600,卖盘
1118,14:00:06,9.0,--,129,116280,买盘
1119,14:00:03,9.0,0.01,2071,1863900,买盘
1120,14:00:00,8.99,-0.01,8,7192,卖盘
1121,13:59:57,9.0,--,14,12600,买盘
1122,13:59:54,9.0,0.01,58,52200,买盘
1123,13:59:51,8.99,-0.01,1,899,卖盘
1124,13:59:45,9.0,0.01,407,367020,买盘
1125,13:59:42,8.99,--,113,101587,买盘
1126,13:59:39,8.99,0.01,71,63829,买盘
1127,13:59:36,8.98,-0.01,20,17960,卖盘
1128,13:59:33,8.99,0.01,438,393762,买盘
1129,13:59:30,8.98,-0.01,1143,1026414,卖盘
1130,13:59:27,8.99,--,223,200477,买盘
1131,13:59:24,8.99,0.01,146,131254,买盘
1132,13:59:21,8.98,--,53,47594,卖盘
1133,13:59:18,8.98,--,1548,1390104,卖盘
1134,13:59:15,8.98,--,72,64656,卖盘
1135,13:59:12,8.98,-0.01,521,467858,卖盘
1136,13:59:09,8.99,--,14,12586,买盘
1137,13:59:06,8.99,0.01,71,63829,买盘
1138,13:59:03,8.98,-0.01,84,75432,卖盘
1139,13:59:00,8.99,0.01,68,61132,买盘
1140,13:58:57,8.98,-0.01,540,484920,卖盘
1141,13:58:54,8.99,0.01,33,29667,买盘
1142,13:58:51,8.98,-0.01,1119,1004862,卖盘
1143,13:58:48,8.99,0.01,56,50344,买盘
1144,13:58:45,8.98,--,54,48492,卖盘
1145,13:58:42,8.98,-0.01,48,43104,卖盘
1146,13:58:39,8.99,0.01,206,185194,买盘
1147,13:58:36,8.98,--,10,8980,卖盘
1148,13:58:33,8.98,--,106,95188,卖盘
1149,13:58:30,8.98,--,153,137394,买盘
1150,13:58:27,8.98,--,115,103270,买盘
1151,13:58:24,8.98,--,166,149247,买盘
1152,13:58:21,8.98,--,40,35920,买盘
1153,13:58:18,8.98,--,113,101474,买盘
1154,13:58:15,8.98,-0.01,539,484022,卖盘
1155,13:58:12,8.99,0.01,470,422530,买盘
1156,13:58:09,8.98,-0.01,129,115842,卖盘
1157,13:58:06,8.99,0.01,66,59334,买盘
1158,13:58:03,8.98,--,18,16164,卖盘
1159,13:58:00,8.98,-0.01,41,36818,卖盘
1160,13:57:57,8.99,0.01,109,97991,买盘
1161,13:57:54,8.98,--,50,44900,卖盘
1162,13:57:51,8.98,--,25,22450,买盘
1163,13:57:48,8.98,--,277,248746,买盘
1164,13:57:45,8.98,--,298,267604,买盘
1165,13:57:42,8.98,0.01,86,77228,买盘
1166,13:57:39,8.97,--,242,217074,卖盘
1167,13:57:36,8.97,-0.01,255,228735,卖盘
1168,13:57:33,8.98,0.01,144,129312,买盘
1169,13:57:30,8.97,--,58,52026,卖盘
1170,13:57:27,8.97,--,43,38571,卖盘
1171,13:57:24,8.97,--,4997,4482309,买盘
1172,13:57:21,8.97,--,126,113022,买盘
1173,13:57:18,8.97,0.01,261,234117,买盘
1174,13:57:15,8.96,--,264,236544,卖盘
1175,13:57:12,8.96,--,160,143360,卖盘
1176,13:57:09,8.96,--,453,405888,卖盘
1177,13:57:06,8.96,--,80,71680,卖盘
1178,13:57:03,8.96,--,38,34048,卖盘
1179,13:57:00,8.96,-0.01,126,112896,卖盘
1180,13:56:57,8.97,--,160,143520,买盘
1181,13:56:54,8.97,--,666,597402,卖盘
1182,13:56:51,8.97,--,363,325611,卖盘
1183,13:56:48,8.97,--,81,72657,卖盘
1184,13:56:45,8.97,--,696,624312,卖盘
1185,13:56:42,8.97,--,28,25116,卖盘
1186,13:56:39,8.97,--,212,190164,卖盘
1187,13:56:36,8.97,--,401,359697,卖盘
1188,13:56:33,8.97,-0.01,52,46644,卖盘
1189,13:56:30,8.98,--,71,63758,买盘
1190,13:56:27,8.98,-0.01,57,51186,卖盘
1191,13:56:24,8.99,0.01,379,340721,买盘
1192,13:56:21,8.98,--,245,220010,卖盘
1193,13:56:18,8.98,--,743,667214,卖盘
1194,13:56:15,8.98,-0.01,1074,964452,卖盘
1195,13:56:12,8.99,0.01,71,63829,买盘
1196,13:56:09,8.98,-0.01,797,715706,卖盘
1197,13:56:06,8.99,-0.01,79,71021,卖盘
1198,13:56:03,9.0,0.01,154,138600,买盘
1199,13:56:00,8.99,-0.01,13,11687,卖盘
1200,13:55:57,9.0,--,541,486900,买盘
1201,13:55:54,9.0,--,714,643464,卖盘
1202,13:55:51,9.0,--,4479,4031820,卖盘
1203,13:55:48,9.0,--,3151,2835900,卖盘
1204,13:55:45,9.0,--,455,409500,卖盘
1205,13:55:42,9.0,--,61,54900,卖盘
1206,13:55:39,9.0,--,604,543600,卖盘
1207,13:55:36,9.0,-0.01,49,44100,卖盘
1208,13:55:33,9.01,0.01,3160,2847160,买盘
1209,13:55:30,9.0,--,81,72900,卖盘
1210,13:55:27,9.0,-0.01,31,27900,卖盘
1211,13:55:24,9.01,--,62,55862,买盘
1212,13:55:21,9.01,--,13,11713,买盘
1213,13:55:18,9.01,0.01,30,27030,买盘
1214,13:55:15,9.0,-0.02,37,33300,卖盘
1215,13:55:12,9.02,--,12,10824,买盘
1216,13:55:09,9.02,0.01,179,161458,买盘
1217,13:55:06,9.01,--,36,32436,卖盘
1218,13:55:03,9.01,--,162,145962,卖盘
1219,13:55:00,9.01,--,10,9010,卖盘
1220,13:54:57,9.01,--,79,71179,卖盘
1221,13:54:54,9.01,--,277,249577,卖盘
1222,13:54:51,9.01,-0.01,212,191012,卖盘
1223,13:54:48,9.02,0.02,2065,1862630,买盘
1224,13:54:45,9.0,--,1181,1062900,卖盘
1225,13:54:42,9.0,--,306,275400,卖盘
1226,13:54:39,9.0,--,111,99900,卖盘
1227,13:54:33,9.0,-0.01,53,47700,卖盘
1228,13:54:30,9.01,--,32,28832,买盘
1229,13:54:27,9.01,--,44,39644,买盘
1230,13:54:24,9.01,--,57,51357,买盘
1231,13:54:21,9.01,--,240,216240,卖盘
1232,13:54:18,9.01,--,146,131546,卖盘
1233,13:54:15,9.01,--,399,359499,卖盘
1234,13:54:12,9.01,--,53,47753,卖盘
1235,13:54:09,9.01,--,242,218042,卖盘
1236,13:54:06,9.01,--,105,94605,卖盘
1237,13:54:03,9.01,--,45,40545,卖盘
1238,13:54:00,9.01,--,464,418064,卖盘
1239,13:53:57,9.01,-0.01,389,350489,卖盘
1240,13:53:54,9.02,0.01,172,155144,买盘
1241,13:53:51,9.01,-0.01,268,241468,卖盘
1242,13:53:48,9.02,0.01,245,220990,买盘
1243,13:53:45,9.01,-0.01,17,15317,卖盘
1244,13:53:42,9.02,--,791,713482,买盘
1245,13:53:39,9.02,0.01,72,64944,买盘
1246,13:53:36,9.01,-0.01,208,187408,卖盘
1247,13:53:33,9.02,--,107,96514,买盘
1248,13:53:30,9.02,--,126,113652,买盘
1249,13:53:27,9.02,0.01,112,101024,买盘
1250,13:53:24,9.01,-0.01,529,476629,卖盘
1251,13:53:21,9.02,0.01,55,49610,买盘
1252,13:53:18,9.01,--,208,187408,卖盘
1253,13:53:15,9.01,--,173,155873,卖盘
1254,13:53:12,9.01,--,84,75684,买盘
1255,13:53:09,9.01,0.01,2,1802,中性盘
1256,13:53:06,9.0,-0.02,52,46800,卖盘
1257,13:53:03,9.02,--,25,22550,卖盘
1258,13:53:00,9.02,-0.01,58,52316,买盘
1259,13:52:57,9.03,0.01,211,190533,买盘
1260,13:52:54,9.02,--,7914,7138428,卖盘
1261,13:52:51,9.02,--,154,138908,卖盘
1262,13:52:48,9.02,--,21,18942,卖盘
1263,13:52:45,9.02,--,139,125378,卖盘
1264,13:52:42,9.02,-0.01,88,79376,卖盘
1265,13:52:39,9.03,--,3018,2725254,买盘
1266,13:52:36,9.03,--,169,152607,买盘
1267,13:52:33,9.03,--,3,2709,买盘
1268,13:52:30,9.03,0.01,19,17157,买盘
1269,13:52:24,9.02,-0.01,239,215578,卖盘
1270,13:52:21,9.03,-0.01,569,513806,卖盘
1271,13:52:18,9.04,0.01,185,167239,买盘
1272,13:52:15,9.03,-0.01,57,51470,卖盘
1273,13:52:12,9.04,0.01,94,84975,买盘
1274,13:52:09,9.03,--,30,27089,卖盘
1275,13:52:06,9.03,-0.01,36,32507,卖盘
1276,13:52:03,9.04,0.01,41,37064,买盘
1277,13:52:00,9.03,--,39,35217,买盘
1278,13:51:57,9.03,--,228,205883,卖盘
1279,13:51:54,9.03,-0.01,397,358491,卖盘
1280,13:51:51,9.04,0.01,69,62375,买盘
1281,13:51:48,9.03,--,51,46053,卖盘
1282,13:51:45,9.03,--,530,478589,卖盘
1283,13:51:42,9.03,--,12,10836,卖盘
1284,13:51:39,9.03,--,5,4515,卖盘
1285,13:51:36,9.03,--,23,20769,卖盘
1286,13:51:33,9.03,-0.01,142,128225,卖盘
1287,13:51:30,9.04,--,18,16271,买盘
1288,13:51:27,9.04,--,317,286568,买盘
1289,13:51:24,9.04,--,1016,918463,买盘
1290,13:51:21,9.04,--,15,13559,买盘
1291,13:51:15,9.04,--,213,192551,买盘
1292,13:51:12,9.04,-0.01,1510,1365039,卖盘
1293,13:51:09,9.05,0.01,137,123985,买盘
1294,13:51:06,9.04,--,141,127463,卖盘
1295,13:51:03,9.04,--,219,197975,卖盘
1296,13:51:00,9.04,-0.01,100,90399,卖盘
1297,13:50:57,9.05,0.01,19,17195,买盘
1298,13:50:54,9.04,--,132,119327,卖盘
1299,13:50:51,9.04,--,2066,1867663,卖盘
1300,13:50:48,9.04,--,63,56951,卖盘
1301,13:50:45,9.04,--,917,828967,买盘
1302,13:50:42,9.04,0.01,93,84071,买盘
1303,13:50:39,9.03,-0.01,27,24381,卖盘
1304,13:50:36,9.04,--,89,80455,买盘
1305,13:50:33,9.04,--,45,40679,买盘
1306,13:50:30,9.04,--,46,41583,买盘
1307,13:50:27,9.04,-0.01,86,77743,卖盘
1308,13:50:24,9.05,--,30,27150,买盘
1309,13:50:21,9.05,0.01,19,17195,买盘
1310,13:50:18,9.04,--,119,107575,卖盘
1311,13:50:15,9.04,--,46,41583,买盘
1312,13:50:12,9.04,--,216,195263,买盘
1313,13:50:09,9.04,--,136,122943,买盘
1314,13:50:06,9.04,--,138,124751,买盘
1315,13:50:03,9.04,--,6463,5842551,买盘
1316,13:50:00,9.04,--,95,85879,买盘
1317,13:49:57,9.04,0.01,73,65992,买盘
1318,13:49:54,9.03,-0.01,250,225749,卖盘
1319,13:49:51,9.04,0.01,1166,1054064,买盘
1320,13:49:48,9.03,-0.01,6,5418,卖盘
1321,13:49:45,9.04,0.01,140,126559,买盘
1322,13:49:42,9.03,-0.01,143,129128,卖盘
1323,13:49:39,9.04,0.01,14,12655,买盘
1324,13:49:36,9.03,-0.01,79,71337,卖盘
1325,13:49:33,9.04,0.01,261,235943,买盘
1326,13:49:30,9.03,--,116,104747,卖盘
1327,13:49:27,9.03,-0.01,61,55082,卖盘
1328,13:49:24,9.04,0.01,47,42487,买盘
1329,13:49:21,9.03,-0.01,172,155316,卖盘
1330,13:49:18,9.04,0.01,221,199783,买盘
1331,13:49:15,9.03,-0.01,383,345849,卖盘
1332,13:49:12,9.04,0.01,6,5423,买盘
1333,13:49:09,9.03,-0.01,1015,916544,卖盘
1334,13:49:06,9.04,0.01,39,35256,买盘
1335,13:49:03,9.03,--,88,79464,卖盘
1336,13:49:00,9.03,-0.01,42,37926,卖盘
1337,13:48:57,9.04,0.01,150,135600,买盘
1338,13:48:54,9.03,-0.01,53,47859,卖盘
1339,13:48:51,9.04,--,163,147352,买盘
1340,13:48:48,9.04,0.01,173,156391,买盘
1341,13:48:45,9.03,-0.01,694,626682,卖盘
1342,13:48:42,9.04,--,33,29831,买盘
1343,13:48:39,9.04,0.01,9,8859,买盘
1344,13:48:36,9.03,-0.01,59,53276,卖盘
1345,13:48:33,9.04,--,45,40679,买盘
1346,13:48:30,9.04,--,724,654495,买盘
1347,13:48:27,9.04,0.01,152,137408,买盘
1348,13:48:24,9.03,-0.01,179,161637,卖盘
1349,13:48:21,9.04,--,233,210631,买盘
1350,13:48:18,9.04,0.01,70,63279,买盘
1351,13:48:15,9.03,--,90,81270,卖盘
1352,13:48:12,9.03,--,1701,1536003,卖盘
1353,13:48:09,9.03,--,45,40635,卖盘
1354,13:48:06,9.03,--,224,202272,卖盘
1355,13:48:03,9.03,--,697,629391,卖盘
1356,13:48:00,9.03,-0.01,269,242906,卖盘
1357,13:47:57,9.04,0.01,119,107575,买盘
1358,13:47:54,9.03,--,119,107456,卖盘
1359,13:47:51,9.03,--,78,70434,卖盘
1360,13:47:48,9.03,--,4,3611,卖盘
1361,13:47:45,9.03,--,52,46956,卖盘
1362,13:47:42,9.03,--,92,83076,卖盘
1363,13:47:39,9.03,--,250,225749,卖盘
1364,13:47:36,9.03,--,108,97524,卖盘
1365,13:47:33,9.03,--,178,160734,卖盘
1366,13:47:30,9.03,--,535,483104,卖盘
1367,13:47:27,9.03,--,371,335013,卖盘
1368,13:47:24,9.03,-0.01,78,70434,卖盘
1369,13:47:21,9.04,0.01,21,18984,买盘
1370,13:47:18,9.03,--,118,106553,卖盘
1371,13:47:15,9.03,-0.01,51,46053,卖盘
1372,13:47:12,9.04,--,51,46103,买盘
1373,13:47:09,9.04,--,126,113903,买盘
1374,13:47:06,9.04,0.01,50,45199,买盘
1375,13:47:03,9.03,--,21,18963,卖盘
1376,13:47:00,9.03,--,56,50568,卖盘
1377,13:46:57,9.03,-0.01,105,94815,卖盘
1378,13:46:54,9.04,--,252,227807,买盘
1379,13:46:51,9.04,0.01,18,16271,买盘
1380,13:46:48,9.03,-0.01,286,258257,卖盘
1381,13:46:45,9.04,0.01,429,387815,买盘
1382,13:46:42,9.03,--,370,334110,卖盘
1383,13:46:39,9.03,-0.01,43,38829,卖盘
1384,13:46:36,9.04,--,19,17176,买盘
1385,13:46:33,9.04,--,32,28927,买盘
1386,13:46:30,9.04,0.01,425,384199,买盘
1387,13:46:27,9.03,-0.01,231,208592,卖盘
1388,13:46:24,9.04,--,17,15367,买盘
1389,13:46:21,9.04,0.01,270,244079,买盘
1390,13:46:18,9.03,--,805,726915,卖盘
1391,13:46:15,9.03,-0.01,182,164346,卖盘
1392,13:46:12,9.04,0.01,367,331767,买盘
1393,13:46:09,9.03,-0.01,53,47859,卖盘
1394,13:46:06,9.04,--,111,100343,买盘
1395,13:46:03,9.04,--,55,49719,买盘
1396,13:46:00,9.04,0.01,486,439343,买盘
1397,13:45:57,9.03,--,539,486716,卖盘
1398,13:45:54,9.03,-0.01,184,166152,卖盘
1399,13:45:51,9.04,0.01,106,95823,买盘
1400,13:45:48,9.03,--,53,47859,卖盘
1401,13:45:45,9.03,-0.01,22,19866,卖盘
1402,13:45:42,9.04,0.01,68,61471,买盘
1403,13:45:39,9.03,--,11,9933,卖盘
1404,13:45:36,9.03,-0.01,12,10836,卖盘
1405,13:45:33,9.04,0.01,59,53335,买盘
1406,13:45:30,9.03,-0.01,178,160734,卖盘
1407,13:45:27,9.04,0.01,423,382753,买盘
1408,13:45:24,9.03,--,35,31604,买盘
1409,13:45:21,9.03,--,625,564375,卖盘
1410,13:45:15,9.03,--,659,595077,卖盘
1411,13:45:12,9.03,-0.01,188,169764,卖盘
1412,13:45:09,9.04,--,257,232327,买盘
1413,13:45:06,9.04,0.01,161,145544,买盘
1414,13:45:03,9.03,--,74,66822,卖盘
1415,13:45:00,9.03,--,223,201369,卖盘
1416,13:44:57,9.03,-0.01,116,104747,卖盘
1417,13:44:54,9.04,--,2092,1891167,买盘
1418,13:44:51,9.04,--,86,77743,买盘
1419,13:44:48,9.04,--,219,197975,买盘
1420,13:44:45,9.04,--,26,23503,买盘
1421,13:44:42,9.04,0.01,18,16271,买盘
1422,13:44:39,9.03,-0.01,114,102941,卖盘
1423,13:44:36,9.04,--,520,470079,买盘
1424,13:44:33,9.04,--,108,97631,买盘
1425,13:44:30,9.04,0.01,117,105767,买盘
1426,13:44:27,9.03,-0.01,112,101136,卖盘
1427,13:44:24,9.04,0.01,92,83167,买盘
1428,13:44:21,9.03,-0.01,1610,1454552,卖盘
1429,13:44:18,9.04,0.01,45,40679,买盘
1430,13:44:15,9.03,-0.01,106,95718,卖盘
1431,13:44:12,9.04,--,493,445671,买盘
1432,13:44:09,9.04,0.01,78,70512,买盘
1433,13:44:06,9.03,--,469,423506,卖盘
1434,13:44:03,9.03,--,122,110888,卖盘
1435,13:44:00,9.03,--,56,50568,卖盘
1436,13:43:57,9.03,--,492,444275,卖盘
1437,13:43:54,9.03,-0.01,294,265482,卖盘
1438,13:43:51,9.04,--,137,123847,买盘
1439,13:43:48,9.04,0.01,1757,1588327,买盘
1440,13:43:45,9.03,--,23,20769,卖盘
1441,13:43:42,9.03,-0.01,58,52373,卖盘
1442,13:43:39,9.04,--,40,36160,买盘
1443,13:43:36,9.04,0.01,21,18984,买盘
1444,13:43:33,9.03,-0.01,194,175182,卖盘
1445,13:43:30,9.04,0.01,20,18080,买盘
1446,13:43:27,9.03,--,84,75852,卖盘
1447,13:43:24,9.03,--,50,45150,卖盘
1448,13:43:21,9.03,--,26,23478,卖盘
1449,13:43:18,9.03,-0.01,57,51470,卖盘
1450,13:43:15,9.04,0.01,14,12655,买盘
1451,13:43:12,9.03,-0.01,44,40093,卖盘
1452,13:43:09,9.04,0.01,66,59663,买盘
1453,13:43:06,9.03,-0.01,74,66822,卖盘
1454,13:43:03,9.04,0.01,2,1807,买盘
1455,13:43:00,9.03,--,452,408156,卖盘
1456,13:42:57,9.03,--,299,269997,卖盘
1457,13:42:54,9.03,--,4,3611,卖盘
1458,13:42:51,9.03,-0.01,80,72240,卖盘
1459,13:42:48,9.04,0.01,198,178991,买盘
1460,13:42:45,9.03,--,183,165249,卖盘
1461,13:42:42,9.03,-0.01,512,462335,卖盘
1462,13:42:39,9.04,0.01,167,150968,买盘
1463,13:42:36,9.03,--,51,46053,卖盘
1464,13:42:33,9.03,--,107,96621,卖盘
1465,13:42:30,9.03,-0.01,427,385581,卖盘
1466,13:42:27,9.04,--,88,79551,买盘
1467,13:42:24,9.04,0.01,38,34352,买盘
1468,13:42:21,9.03,-0.01,32,28895,卖盘
1469,13:42:18,9.04,0.01,131,118423,买盘
1470,13:42:15,9.03,-0.01,167,150801,卖盘
1471,13:42:12,9.04,--,36,32543,买盘
1472,13:42:09,9.04,--,302,273008,买盘
1473,13:42:06,9.04,--,110,99439,买盘
1474,13:42:03,9.04,0.01,433,391431,买盘
1475,13:42:00,9.03,-0.01,97,87591,卖盘
1476,13:41:57,9.04,0.01,49,44295,买盘
1477,13:41:54,9.03,--,26,23478,卖盘
1478,13:41:51,9.03,-0.01,645,582435,卖盘
1479,13:41:48,9.04,0.01,645,583080,买盘
1480,13:41:45,9.03,--,117,105650,卖盘
1481,13:41:42,9.03,-0.01,383,345849,卖盘
1482,13:41:39,9.04,--,474,428495,买盘
1483,13:41:36,9.04,0.01,2,1807,买盘
1484,13:41:33,9.03,--,248,223943,卖盘
1485,13:41:30,9.03,-0.01,154,139062,卖盘
1486,13:41:27,9.04,--,50,45199,买盘
1487,13:41:24,9.04,--,883,798412,卖盘
1488,13:41:21,9.04,-0.01,217,196167,卖盘
1489,13:41:18,9.05,0.01,1009,913145,买盘
1490,13:41:15,9.04,-0.01,1003,906711,卖盘
1491,13:41:12,9.05,--,26,23530,买盘
1492,13:41:09,9.05,--,102,92310,买盘
1493,13:41:06,9.05,0.01,71,64255,买盘
1494,13:41:03,9.04,--,14,12655,卖盘
1495,13:41:00,9.04,--,161,145544,卖盘
1496,13:40:57,9.04,-0.01,617,557768,卖盘
1497,13:40:54,9.05,0.01,30,27150,买盘
1498,13:40:51,9.04,-0.01,82,74128,卖盘
1499,13:40:48,9.05,0.01,51,46155,买盘
1500,13:40:45,9.04,--,165,149160,卖盘
1501,13:40:42,9.04,--,168,151872,卖盘
1502,13:40:39,9.04,--,57,51527,卖盘
1503,13:40:36,9.04,-0.01,88,79551,卖盘
1504,13:40:33,9.05,--,54,48870,买盘
1505,13:40:30,9.05,--,41,37105,卖盘
1506,13:40:27,9.05,--,2085,1886925,买盘
1507,13:40:24,9.05,0.01,31,28055,买盘
1508,13:40:21,9.04,-0.01,135,122039,卖盘
1509,13:40:18,9.05,0.01,144,130320,买盘
1510,13:40:15,9.04,-0.01,1175,1062200,卖盘
1511,13:40:12,9.05,--,131,118555,买盘
1512,13:40:09,9.05,--,12,10860,买盘
1513,13:40:06,9.05,--,54,48870,买盘
1514,13:40:03,9.05,--,64,57920,买盘
1515,13:40:00,9.05,-0.01,1197,1083285,卖盘
1516,13:39:57,9.06,0.01,120,108720,买盘
1517,13:39:54,9.05,--,239,216295,卖盘
1518,13:39:51,9.05,-0.01,1038,939390,卖盘
1519,13:39:48,9.06,--,80,72480,买盘
1520,13:39:45,9.06,--,99,89694,买盘
1521,13:39:42,9.06,0.01,320,289920,买盘
1522,13:39:39,9.05,-0.01,1174,1062470,卖盘
1523,13:39:36,9.06,0.01,380,344280,买盘
1524,13:39:33,9.05,-0.01,264,238920,卖盘
1525,13:39:30,9.06,0.01,143,129558,买盘
1526,13:39:27,9.05,-0.01,1341,1213605,卖盘
1527,13:39:24,9.06,0.01,723,655038,买盘
1528,13:39:21,9.05,0.01,212,191860,买盘
1529,13:39:18,9.04,-0.01,364,329055,卖盘
1530,13:39:15,9.05,-0.01,1873,1695065,卖盘
1531,13:39:12,9.06,--,73,66138,买盘
1532,13:39:09,9.06,0.01,1125,1019250,买盘
1533,13:39:06,9.05,--,414,374670,卖盘
1534,13:39:03,9.05,--,408,369240,卖盘
1535,13:39:00,9.05,-0.01,409,370145,卖盘
1536,13:38:57,9.06,--,1198,1085388,买盘
1537,13:38:54,9.06,--,485,439410,买盘
1538,13:38:51,9.06,--,334,302604,买盘
1539,13:38:48,9.06,0.01,1751,1586406,买盘
1540,13:38:45,9.05,-0.01,1130,1022650,卖盘
1541,13:38:42,9.06,0.01,128,115968,买盘
1542,13:38:39,9.05,-0.01,417,377385,卖盘
1543,13:38:36,9.06,0.01,541,490146,买盘
1544,13:38:33,9.05,--,66,59730,卖盘
1545,13:38:30,9.05,--,1071,969255,卖盘
1546,13:38:27,9.05,--,921,834229,买盘
1547,13:38:24,9.05,--,291,263355,买盘
1548,13:38:21,9.05,0.01,10048,9093440,买盘
1549,13:38:18,9.04,--,242,218767,卖盘
1550,13:38:15,9.04,-0.01,65,58759,卖盘
1551,13:38:12,9.05,--,511,462455,买盘
1552,13:38:09,9.05,--,1054,953870,买盘
1553,13:38:06,9.05,--,188,170140,买盘
1554,13:38:03,9.05,0.01,282,255210,买盘
1555,13:38:00,9.04,--,181,163623,卖盘
1556,13:37:57,9.04,-0.01,4,3615,卖盘
1557,13:37:54,9.05,0.01,1399,1266095,买盘
1558,13:37:51,9.04,--,1221,1103784,买盘
1559,13:37:48,9.04,--,397,358887,买盘
1560,13:37:45,9.04,--,273,246791,买盘
1561,13:37:42,9.04,0.01,560,506239,买盘
1562,13:37:39,9.03,-0.01,403,363909,卖盘
1563,13:37:36,9.04,--,1110,1003439,买盘
1564,13:37:33,9.04,--,1333,1205032,买盘
1565,13:37:30,9.04,--,258,233231,买盘
1566,13:37:27,9.04,--,1779,1608215,买盘
1567,13:37:24,9.04,--,18,16271,买盘
1568,13:37:21,9.04,--,76,68704,买盘
1569,13:37:18,9.04,0.01,117,105767,买盘
1570,13:37:15,9.03,0.01,7411,6692683,买盘
1571,13:37:12,9.02,-0.01,111,100122,卖盘
1572,13:37:09,9.03,--,63,56888,买盘
1573,13:37:06,9.03,0.01,54,48762,买盘
1574,13:37:03,9.02,-0.01,639,576378,卖盘
1575,13:37:00,9.03,--,10,9030,买盘
1576,13:36:57,9.03,--,122,110165,买盘
1577,13:36:54,9.03,--,57,51470,买盘
1578,13:36:51,9.03,--,313,282639,买盘
1579,13:36:48,9.03,--,198,178794,买盘
1580,13:36:45,9.03,--,34,30701,买盘
1581,13:36:42,9.03,--,129,116486,买盘
1582,13:36:39,9.03,--,394,355782,买盘
1583,13:36:36,9.03,0.01,42,37926,买盘
1584,13:36:33,9.02,--,36,32472,卖盘
1585,13:36:30,9.02,-0.01,211,190322,卖盘
1586,13:36:27,9.03,0.01,286,258257,买盘
1587,13:36:24,9.02,-0.01,3049,2750198,卖盘
1588,13:36:21,9.03,0.01,28,25284,买盘
1589,13:36:18,9.02,--,259,233618,卖盘
1590,13:36:15,9.02,--,12,10824,卖盘
1591,13:36:12,9.02,--,57,51414,卖盘
1592,13:36:09,9.02,--,1104,995808,买盘
1593,13:36:06,9.02,--,100,90200,买盘
1594,13:36:03,9.02,--,294,265188,卖盘
1595,13:36:00,9.02,--,62,55924,卖盘
1596,13:35:57,9.02,--,312,281424,卖盘
1597,13:35:54,9.02,--,157,141614,买盘
1598,13:35:51,9.02,--,67,60434,买盘
1599,13:35:48,9.02,0.01,37,33374,买盘
1600,13:35:45,9.01,-0.01,43,38743,卖盘
1601,13:35:42,9.02,--,128,115456,卖盘
1602,13:35:39,9.02,--,154,138908,卖盘
1603,13:35:36,9.02,--,606,546612,卖盘
1604,13:35:33,9.02,--,170,153340,卖盘
1605,13:35:30,9.02,--,887,800074,卖盘
1606,13:35:27,9.02,--,824,743248,卖盘
1607,13:35:24,9.02,--,39,35178,卖盘
1608,13:35:21,9.02,--,167,150634,卖盘
1609,13:35:18,9.02,--,57,52135,卖盘
1610,13:35:15,9.02,--,69,62238,卖盘
1611,13:35:12,9.02,--,23,20746,卖盘
1612,13:35:09,9.02,--,177,159654,卖盘
1613,13:35:06,9.02,--,1133,1021966,卖盘
1614,13:35:03,9.02,--,123,110946,卖盘
1615,13:35:00,9.02,--,58,52316,卖盘
1616,13:34:57,9.02,--,39,35178,卖盘
1617,13:34:54,9.02,--,123,110946,卖盘
1618,13:34:51,9.02,--,117,105534,卖盘
1619,13:34:48,9.02,--,86,77572,卖盘
1620,13:34:45,9.02,--,191,172282,卖盘
1621,13:34:42,9.02,--,26,23452,卖盘
1622,13:34:39,9.02,0.01,2511,2264922,买盘
1623,13:34:36,9.01,--,14,12614,卖盘
1624,13:34:33,9.01,--,519,467619,卖盘
1625,13:34:30,9.01,-0.01,239,215339,卖盘
1626,13:34:27,9.02,--,68,61336,买盘
1627,13:34:24,9.02,0.01,4,3608,买盘
1628,13:34:21,9.01,--,97,87397,卖盘
1629,13:34:18,9.01,-0.01,16,14596,卖盘
1630,13:34:15,9.02,0.01,292,263384,买盘
1631,13:34:12,9.01,-0.01,1687,1519987,卖盘
1632,13:34:09,9.02,0.01,109,98318,买盘
1633,13:34:06,9.01,-0.01,244,219844,卖盘
1634,13:34:03,9.02,0.01,67,60434,买盘
1635,13:34:00,9.01,-0.01,6,5406,卖盘
1636,13:33:57,9.02,0.01,59,53218,买盘
1637,13:33:54,9.01,-0.01,408,367608,卖盘
1638,13:33:51,9.02,0.01,176,158752,买盘
1639,13:33:48,9.01,-0.01,412,371212,卖盘
1640,13:33:45,9.02,0.01,68,61336,买盘
1641,13:33:42,9.01,-0.01,22,19822,卖盘
1642,13:33:39,9.02,0.01,115,103730,买盘
1643,13:33:36,9.01,-0.01,128,115328,卖盘
1644,13:33:33,9.02,0.01,55,49610,买盘
1645,13:33:30,9.01,--,2,1802,卖盘
1646,13:33:27,9.01,-0.01,10,9010,卖盘
1647,13:33:24,9.02,0.01,69,62238,买盘
1648,13:33:21,9.01,-0.01,251,226151,卖盘
1649,13:33:18,9.02,0.01,26,23452,买盘
1650,13:33:15,9.01,--,32,28832,卖盘
1651,13:33:12,9.01,--,68,61268,卖盘
1652,13:33:09,9.01,-0.01,262,236062,卖盘
1653,13:33:06,9.02,--,212,191224,买盘
1654,13:33:03,9.02,--,17,15334,买盘
1655,13:33:00,9.02,--,13,11726,买盘
1656,13:32:57,9.02,0.01,25,22550,买盘
1657,13:32:54,9.01,-0.01,111,100011,卖盘
1658,13:32:51,9.02,--,99,89298,卖盘
1659,13:32:48,9.02,--,136,122672,卖盘
1660,13:32:45,9.02,0.01,39,35178,买盘
1661,13:32:42,9.01,-0.01,53,47753,卖盘
1662,13:32:39,9.02,--,116,104632,卖盘
1663,13:32:36,9.02,--,125,112750,买盘
1664,13:32:33,9.02,0.01,343,309386,买盘
1665,13:32:30,9.01,--,7,6307,卖盘
1666,13:32:27,9.01,-0.01,231,208131,卖盘
1667,13:32:24,9.02,--,162,146124,买盘
1668,13:32:21,9.02,0.01,17,15334,中性盘
1669,13:32:18,9.01,-0.01,227,204527,卖盘
1670,13:32:15,9.02,--,84,75768,卖盘
1671,13:32:12,9.02,--,276,248952,买盘
1672,13:32:09,9.02,0.01,20,18040,买盘
1673,13:32:06,9.01,--,33,29733,卖盘
1674,13:32:03,9.01,--,701,631601,卖盘
1675,13:32:00,9.01,-0.01,6,5406,卖盘
1676,13:31:57,9.02,0.01,50,45100,买盘
1677,13:31:54,9.01,-0.01,95,85595,卖盘
1678,13:31:51,9.02,0.01,56,50512,买盘
1679,13:31:48,9.01,--,9,8109,卖盘
1680,13:31:45,9.01,-0.01,348,313548,卖盘
1681,13:31:42,9.02,--,61,55022,买盘
1682,13:31:39,9.02,--,288,259776,买盘
1683,13:31:36,9.02,0.01,83,74866,买盘
1684,13:31:33,9.01,-0.01,10,9010,卖盘
1685,13:31:27,9.02,--,186,167772,买盘
1686,13:31:24,9.02,0.01,152,137104,买盘
1687,13:31:21,9.01,-0.01,27,24327,卖盘
1688,13:31:18,9.02,--,343,309386,卖盘
1689,13:31:15,9.02,-0.01,130,117260,卖盘
1690,13:31:12,9.03,0.01,247,223040,买盘
1691,13:31:09,9.02,-0.01,119,107338,卖盘
1692,13:31:06,9.03,0.01,321,289863,买盘
1693,13:31:03,9.02,--,49,44198,卖盘
1694,13:31:00,9.02,--,193,174086,卖盘
1695,13:30:57,9.02,0.01,504,454608,买盘
1696,13:30:54,9.01,-0.01,275,247775,卖盘
1697,13:30:51,9.02,0.01,63,56826,买盘
1698,13:30:48,9.01,-0.01,30,27030,卖盘
1699,13:30:45,9.02,0.01,25,22550,买盘
1700,13:30:42,9.01,-0.01,12,10812,卖盘
1701,13:30:39,9.02,--,154,138908,买盘
1702,13:30:36,9.02,--,25,22550,买盘
1703,13:30:33,9.02,--,51,46002,买盘
1704,13:30:30,9.02,--,89,80278,买盘
1705,13:30:27,9.02,0.01,69,62238,买盘
1706,13:30:24,9.01,--,2,1802,卖盘
1707,13:30:21,9.01,--,90,81090,卖盘
1708,13:30:18,9.01,--,134,120950,卖盘
1709,13:30:15,9.01,--,646,582046,卖盘
1710,13:30:12,9.01,-0.01,152,136952,卖盘
1711,13:30:09,9.02,--,493,444686,买盘
1712,13:30:06,9.02,0.01,300,270600,买盘
1713,13:30:03,9.01,-0.01,151,136051,卖盘
1714,13:30:00,9.02,--,93,83886,买盘
1715,13:29:57,9.02,--,365,329230,买盘
1716,13:29:54,9.02,0.01,155,139810,买盘
1717,13:29:51,9.01,-0.01,217,195517,卖盘
1718,13:29:48,9.02,--,135,121770,买盘
1719,13:29:45,9.02,0.01,62,55924,买盘
1720,13:29:42,9.01,-0.01,219,197319,卖盘
1721,13:29:39,9.02,--,135,121770,买盘
1722,13:29:36,9.02,--,590,532180,买盘
1723,13:29:33,9.02,0.01,52,46904,买盘
1724,13:29:30,9.01,-0.01,97,87397,卖盘
1725,13:29:27,9.02,--,198,178596,买盘
1726,13:29:24,9.02,--,61,55022,买盘
1727,13:29:21,9.02,--,244,220088,买盘
1728,13:29:18,9.02,0.01,122,110044,买盘
1729,13:29:15,9.01,-0.01,55,49555,卖盘
1730,13:29:12,9.02,0.01,10,9020,买盘
1731,13:29:09,9.01,--,3464,3121064,卖盘
1732,13:29:06,9.01,--,246,221646,卖盘
1733,13:29:03,9.01,--,22,19822,卖盘
1734,13:29:00,9.01,--,458,412658,卖盘
1735,13:28:57,9.01,--,155,139655,买盘
1736,13:28:54,9.01,-0.01,112,100912,卖盘
1737,13:28:51,9.02,0.02,65,58630,买盘
1738,13:28:48,9.0,-0.01,130,117000,卖盘
1739,13:28:45,9.01,--,201,181101,买盘
1740,13:28:42,9.01,-0.01,232,209032,卖盘
1741,13:28:39,9.02,0.01,213,192126,买盘
1742,13:28:36,9.01,-0.01,108,97308,卖盘
1743,13:28:33,9.02,--,1223,1103326,买盘
1744,13:28:30,9.02,0.01,15,13530,买盘
1745,13:28:27,9.01,-0.01,566,509966,卖盘
1746,13:28:24,9.02,--,216,194832,买盘
1747,13:28:21,9.02,0.01,236,212872,买盘
1748,13:28:18,9.01,--,264,237864,卖盘
1749,13:28:15,9.01,-0.01,750,675750,卖盘
1750,13:28:12,9.02,--,523,471746,买盘
1751,13:28:09,9.02,--,1660,1497320,买盘
1752,13:28:06,9.02,--,257,231814,买盘
1753,13:28:03,9.02,--,448,404096,买盘
1754,13:28:00,9.02,--,95,85690,买盘
1755,13:27:57,9.02,--,351,316602,买盘
1756,13:27:54,9.02,--,130,117260,买盘
1757,13:27:51,9.02,0.01,63,56826,买盘
1758,13:27:48,9.01,-0.01,146,131546,卖盘
1759,13:27:45,9.02,--,123,110946,买盘
1760,13:27:42,9.02,0.01,272,245344,买盘
1761,13:27:39,9.01,--,356,320756,卖盘
1762,13:27:36,9.01,--,35,31535,卖盘
1763,13:27:33,9.01,--,45,40545,卖盘
1764,13:27:30,9.01,0.01,2695,2428717,买盘
1765,13:27:27,9.0,-0.01,84,75600,卖盘
1766,13:27:24,9.01,--,84,75684,买盘
1767,13:27:21,9.01,--,42,37842,买盘
1768,13:27:18,9.01,0.01,388,349588,买盘
1769,13:27:15,9.0,--,36,32400,卖盘
1770,13:27:12,9.0,--,446,401400,卖盘
1771,13:27:09,9.0,-0.01,1103,992700,卖盘
1772,13:27:06,9.01,--,248,223448,买盘
1773,13:27:03,9.01,--,184,165784,买盘
1774,13:27:00,9.01,0.01,302,272102,买盘
1775,13:26:57,9.0,-0.01,203,182700,卖盘
1776,13:26:54,9.01,--,214,192814,买盘
1777,13:26:51,9.01,0.01,10,9010,买盘
1778,13:26:48,9.0,--,72,64800,卖盘
1779,13:26:45,9.0,--,174,156780,卖盘
1780,13:26:42,9.0,--,335,301500,卖盘
1781,13:26:39,9.0,--,2847,2562660,买盘
1782,13:26:36,9.0,--,500,450000,买盘
1783,13:26:33,9.0,--,1444,1299600,买盘
1784,13:26:30,9.0,--,15,13500,买盘
1785,13:26:27,9.0,--,828,745200,买盘
1786,13:26:24,9.0,--,125,112500,买盘
1787,13:26:21,9.0,--,819,737100,买盘
1788,13:26:18,9.0,--,147,132300,买盘
1789,13:26:15,9.0,--,324,291600,买盘
1790,13:26:12,9.0,--,157,141300,买盘
1791,13:26:09,9.0,--,102,91800,买盘
1792,13:26:06,9.0,--,518,466200,买盘
1793,13:26:03,9.0,--,19,17100,买盘
1794,13:26:00,9.0,0.01,662,595800,买盘
1795,13:25:57,8.99,-0.01,682,613118,卖盘
1796,13:25:54,9.0,--,196,176400,买盘
1797,13:25:51,9.0,--,178,160200,买盘
1798,13:25:48,9.0,--,100,90000,买盘
1799,13:25:45,9.0,0.01,464,417600,买盘
1800,13:25:42,8.99,--,7,6293,卖盘
1801,13:25:39,8.99,--,66,59334,卖盘
1802,13:25:36,8.99,--,283,254417,卖盘
1803,13:25:33,8.99,--,59,53041,卖盘
1804,13:25:30,8.99,-0.01,8,7192,卖盘
1805,13:25:27,9.0,0.01,103,93024,买盘
1806,13:25:24,8.99,--,41,36859,买盘
1807,13:25:21,8.99,--,97,87778,卖盘
1808,13:25:18,8.99,--,153,137547,卖盘
1809,13:25:15,8.99,--,363,326660,买盘
1810,13:25:12,8.99,--,94,84506,买盘
1811,13:25:09,8.99,0.01,66,59334,买盘
1812,13:25:06,8.98,-0.01,51,45798,卖盘
1813,13:25:03,8.99,0.01,88,79112,买盘
1814,13:25:00,8.98,-0.01,33,29634,卖盘
1815,13:24:57,8.99,0.01,600,539400,买盘
1816,13:24:54,8.98,-0.01,762,684276,卖盘
1817,13:24:51,8.99,0.01,204,183396,买盘
1818,13:24:48,8.98,--,122,109556,卖盘
1819,13:24:45,8.98,--,580,520840,卖盘
1820,13:24:42,8.98,-0.01,125,112250,卖盘
1821,13:24:39,8.99,--,8,7192,买盘
1822,13:24:36,8.99,--,217,195083,买盘
1823,13:24:33,8.99,--,525,471975,买盘
1824,13:24:30,8.99,0.01,357,320943,买盘
1825,13:24:27,8.98,--,168,150864,卖盘
1826,13:24:24,8.98,--,36,32328,卖盘
1827,13:24:21,8.98,-0.01,259,232582,卖盘
1828,13:24:18,8.99,0.01,183,164517,买盘
1829,13:24:15,8.98,--,525,471450,卖盘
1830,13:24:12,8.98,--,31,27838,卖盘
1831,13:24:09,8.98,-0.01,201,180498,卖盘
1832,13:24:06,8.99,0.01,5,4495,买盘
1833,13:24:03,8.98,--,155,139190,卖盘
1834,13:24:00,8.98,--,109,97882,卖盘
1835,13:23:57,8.98,--,290,261273,买盘
1836,13:23:54,8.98,--,9,8082,买盘
1837,13:23:51,8.98,--,671,602602,卖盘
1838,13:23:48,8.98,-0.01,62,55676,卖盘
1839,13:23:45,8.99,0.01,13,11687,买盘
1840,13:23:42,8.98,--,72,64656,卖盘
1841,13:23:39,8.98,--,27,24246,卖盘
1842,13:23:36,8.98,-0.01,74,66452,卖盘
1843,13:23:33,8.99,--,389,349711,买盘
1844,13:23:30,8.99,0.01,130,116870,买盘
1845,13:23:27,8.98,--,42,37716,卖盘
1846,13:23:24,8.98,--,35,31430,卖盘
1847,13:23:21,8.98,-0.01,186,167028,卖盘
1848,13:23:18,8.99,0.01,555,498945,买盘
1849,13:23:15,8.98,-0.01,437,392426,卖盘
1850,13:23:12,8.99,--,25,22475,买盘
1851,13:23:09,8.99,0.01,28,25172,买盘
1852,13:23:06,8.98,--,153,137394,卖盘
1853,13:23:03,8.98,--,129,115842,卖盘
1854,13:23:00,8.98,-0.01,131,117638,卖盘
1855,13:22:57,8.99,0.01,82,73718,买盘
1856,13:22:54,8.98,--,61,54778,卖盘
1857,13:22:51,8.98,--,26,23348,卖盘
1858,13:22:48,8.98,--,613,550474,卖盘
1859,13:22:45,8.98,--,2999,2693102,卖盘
1860,13:22:42,8.98,--,393,352914,卖盘
1861,13:22:39,8.98,--,140,126573,买盘
1862,13:22:36,8.98,--,181,162538,卖盘
1863,13:22:33,8.98,--,505,453490,买盘
1864,13:22:30,8.98,--,48,43104,买盘
1865,13:22:27,8.98,--,100,89800,买盘
1866,13:22:24,8.98,--,20,17960,买盘
1867,13:22:21,8.98,--,40,35920,买盘
1868,13:22:18,8.98,--,417,374466,卖盘
1869,13:22:15,8.98,-0.01,39,35022,卖盘
1870,13:22:12,8.99,0.01,623,560077,买盘
1871,13:22:09,8.98,--,142,127516,卖盘
1872,13:22:06,8.98,--,761,683378,卖盘
1873,13:22:03,8.98,--,169,151762,卖盘
1874,13:22:00,8.98,--,274,246052,卖盘
1875,13:21:57,8.98,--,31,27838,卖盘
1876,13:21:54,8.98,--,452,405896,卖盘
1877,13:21:51,8.98,--,160,143680,卖盘
1878,13:21:48,8.98,--,969,870162,买盘
1879,13:21:45,8.98,0.01,104,93392,买盘
1880,13:21:42,8.97,--,48,43056,卖盘
1881,13:21:39,8.97,--,7,6279,卖盘
1882,13:21:36,8.97,-0.01,616,552552,卖盘
1883,13:21:33,8.98,-0.01,60,53880,卖盘
1884,13:21:30,8.99,0.01,463,416237,买盘
1885,13:21:27,8.98,--,64,57472,卖盘
1886,13:21:24,8.98,--,107,96086,卖盘
1887,13:21:21,8.98,--,58,52084,卖盘
1888,13:21:15,8.98,--,773,694154,卖盘
1889,13:21:12,8.98,-0.01,346,310708,卖盘
1890,13:21:09,8.99,--,6,5394,买盘
1891,13:21:06,8.99,--,114,102486,买盘
1892,13:21:03,8.99,--,429,386246,卖盘
1893,13:21:00,8.99,--,232,208568,卖盘
1894,13:20:57,8.99,--,255,229245,卖盘
1895,13:20:54,8.99,--,382,343418,卖盘
1896,13:20:51,8.99,--,83,74617,卖盘
1897,13:20:48,8.99,-0.01,90,80910,卖盘
1898,13:20:45,9.0,--,31,27900,买盘
1899,13:20:42,9.0,0.01,10,9000,买盘
1900,13:20:39,8.99,--,218,195982,卖盘
1901,13:20:36,8.99,--,42,37758,卖盘
1902,13:20:33,8.99,-0.01,147,132422,卖盘
1903,13:20:30,9.0,0.01,48,43200,买盘
1904,13:20:27,8.99,--,121,108779,卖盘
1905,13:20:24,8.99,-0.01,88,79112,卖盘
1906,13:20:21,9.0,0.01,117,105300,买盘
1907,13:20:18,8.99,--,22,19778,卖盘
1908,13:20:15,8.99,-0.01,668,600532,卖盘
1909,13:20:12,9.0,--,23,20700,买盘
1910,13:20:09,9.0,--,218,196200,买盘
1911,13:20:06,9.0,--,115,103500,买盘
1912,13:20:03,9.0,0.01,14,12600,买盘
1913,13:20:00,8.99,-0.01,294,264306,卖盘
1914,13:19:57,9.0,--,175,157500,买盘
1915,13:19:54,9.0,--,356,320400,买盘
1916,13:19:51,9.0,--,34,30600,买盘
1917,13:19:45,9.0,0.01,41,36900,买盘
1918,13:19:42,8.99,-0.01,17,15283,卖盘
1919,13:19:39,9.0,--,70,63468,卖盘
1920,13:19:36,9.0,--,153,137700,卖盘
1921,13:19:33,9.0,--,160,144000,卖盘
1922,13:19:30,9.0,-0.01,306,275400,卖盘
1923,13:19:27,9.01,0.01,72,64872,买盘
1924,13:19:24,9.0,-0.01,367,330300,卖盘
1925,13:19:21,9.01,0.01,110,99110,买盘
1926,13:19:18,9.0,--,394,354600,卖盘
1927,13:19:15,9.0,--,483,434700,卖盘
1928,13:19:12,9.0,--,300,270000,卖盘
1929,13:19:09,9.0,--,82,73800,卖盘
1930,13:19:06,9.0,-0.01,161,145134,卖盘
1931,13:19:03,9.01,0.01,202,182002,买盘
1932,13:19:00,9.0,-0.01,145,130500,卖盘
1933,13:18:57,9.01,0.01,122,109922,买盘
1934,13:18:54,9.0,--,270,243000,卖盘
1935,13:18:51,9.0,--,101,90900,卖盘
1936,13:18:48,9.0,--,25,22500,卖盘
1937,13:18:45,9.0,--,28,25200,卖盘
1938,13:18:42,9.0,--,172,154800,卖盘
1939,13:18:39,9.0,--,241,216900,卖盘
1940,13:18:36,9.0,0.01,2998,2698398,买盘
1941,13:18:33,8.99,--,114,102486,卖盘
1942,13:18:30,8.99,-0.01,435,391065,卖盘
1943,13:18:27,9.0,--,99,89100,买盘
1944,13:18:24,9.0,0.01,140,126000,买盘
1945,13:18:21,8.99,--,209,187891,卖盘
1946,13:18:18,8.99,--,336,302064,卖盘
1947,13:18:15,8.99,--,40,35960,卖盘
1948,13:18:12,8.99,-0.01,347,311953,卖盘
1949,13:18:09,9.0,0.01,177,159300,买盘
1950,13:18:06,8.99,--,142,127658,卖盘
1951,13:18:03,8.99,--,507,455793,卖盘
1952,13:18:00,8.99,--,33,29667,卖盘
1953,13:17:57,8.99,-0.01,104,93496,卖盘
1954,13:17:54,9.0,0.01,107,96300,买盘
1955,13:17:51,8.99,--,241,216659,卖盘
1956,13:17:48,8.99,-0.01,136,122264,卖盘
1957,13:17:45,9.0,0.01,53,47700,买盘
1958,13:17:42,8.99,-0.01,126,113274,卖盘
1959,13:17:39,9.0,0.01,408,367200,买盘
1960,13:17:36,8.99,--,197,177103,卖盘
1961,13:17:33,8.99,--,19,17081,卖盘
1962,13:17:30,8.99,-0.01,151,135749,卖盘
1963,13:17:27,9.0,0.01,54,48600,买盘
1964,13:17:24,8.99,-0.01,118,106621,卖盘
1965,13:17:21,9.0,0.01,51,46575,买盘
1966,13:17:18,8.99,--,89,80649,卖盘
1967,13:17:15,8.99,-0.01,20,17980,卖盘
1968,13:17:12,9.0,0.01,175,157500,买盘
1969,13:17:09,8.99,-0.01,31,27869,卖盘
1970,13:17:06,9.0,0.01,96,86400,买盘
1971,13:17:03,8.99,--,270,242730,卖盘
1972,13:17:00,8.99,--,156,140244,卖盘
1973,13:16:57,8.99,-0.01,22,19778,卖盘
1974,13:16:54,9.0,0.01,61,54900,买盘
1975,13:16:51,8.99,-0.01,27,24273,卖盘
1976,13:16:48,9.0,--,68,61200,买盘
1977,13:16:45,9.0,0.01,595,535500,买盘
1978,13:16:42,8.99,-0.01,1,899,卖盘
1979,13:16:39,9.0,-0.01,48,43200,卖盘
1980,13:16:36,9.01,0.01,499,449599,买盘
1981,13:16:33,9.0,--,481,432900,卖盘
1982,13:16:30,9.0,--,67,60300,卖盘
1983,13:16:27,9.0,--,102,91800,卖盘
1984,13:16:24,9.0,--,59,53100,卖盘
1985,13:16:21,9.0,--,153,137700,卖盘
1986,13:16:18,9.0,-0.01,357,321300,卖盘
1987,13:16:15,9.01,0.01,449,404549,买盘
1988,13:16:12,9.0,-0.01,600,540000,卖盘
1989,13:16:09,9.01,--,46,41446,买盘
1990,13:16:06,9.01,0.01,361,325261,买盘
1991,13:16:03,9.0,-0.01,118,106200,卖盘
1992,13:16:00,9.01,--,369,332469,买盘
1993,13:15:57,9.01,0.01,111,100011,买盘
1994,13:15:54,9.0,-0.01,286,257400,卖盘
1995,13:15:51,9.01,--,144,129744,买盘
1996,13:15:48,9.01,--,1429,1287529,卖盘
1997,13:15:45,9.01,--,46,41446,卖盘
1998,13:15:42,9.01,--,117,105417,卖盘
1999,13:15:39,9.01,--,130,117130,卖盘
2000,13:15:36,9.01,--,329,296429,卖盘
2001,13:15:33,9.01,--,31,27931,卖盘
2002,13:15:30,9.01,--,620,558620,卖盘
2003,13:15:27,9.01,--,1383,1246083,卖盘
2004,13:15:24,9.01,--,29,26129,卖盘
2005,13:15:21,9.01,-0.01,130,117130,卖盘
2006,13:15:18,9.02,--,157,141614,买盘
2007,13:15:15,9.02,0.01,402,362604,买盘
2008,13:15:12,9.01,-0.01,235,211735,卖盘
2009,13:15:09,9.02,0.01,113,101926,买盘
2010,13:15:06,9.01,--,28,25228,卖盘
2011,13:15:03,9.01,--,177,159477,卖盘
2012,13:15:00,9.01,--,236,212636,卖盘
2013,13:14:57,9.01,-0.01,66,59466,卖盘
2014,13:14:54,9.02,0.01,120,108240,买盘
2015,13:14:51,9.01,--,145,130645,卖盘
2016,13:14:48,9.01,--,267,240567,卖盘
2017,13:14:45,9.01,--,89,80189,卖盘
2018,13:14:42,9.01,--,64,57664,卖盘
2019,13:14:39,9.01,--,113,101813,卖盘
2020,13:14:36,9.01,--,277,249577,卖盘
2021,13:14:33,9.01,--,1049,945149,卖盘
2022,13:14:30,9.01,--,98,88298,卖盘
2023,13:14:27,9.01,--,923,831623,买盘
2024,13:14:24,9.01,0.01,50,45050,买盘
2025,13:14:21,9.0,-0.01,158,142200,卖盘
2026,13:14:18,9.01,0.01,289,260389,买盘
2027,13:14:15,9.0,-0.01,330,297000,卖盘
2028,13:14:12,9.01,--,146,131546,买盘
2029,13:14:09,9.01,-0.01,151,136051,卖盘
2030,13:14:06,9.02,0.01,160,144320,买盘
2031,13:14:03,9.01,--,308,277508,卖盘
2032,13:14:00,9.01,--,129,116229,卖盘
2033,13:13:57,9.01,--,490,441490,卖盘
2034,13:13:54,9.01,--,614,553214,卖盘
2035,13:13:51,9.01,-0.01,285,256785,卖盘
2036,13:13:48,9.02,--,96,86592,买盘
2037,13:13:45,9.02,--,20,18040,买盘
2038,13:13:42,9.02,--,142,128084,卖盘
2039,13:13:39,9.02,0.01,104,93808,买盘
2040,13:13:36,9.01,-0.01,323,291023,卖盘
2041,13:13:33,9.02,--,108,97416,买盘
2042,13:13:30,9.02,--,58,52316,买盘
2043,13:13:27,9.02,--,162,146124,卖盘
2044,13:13:24,9.02,-0.01,600,541840,卖盘
2045,13:13:21,9.03,0.01,66,59597,买盘
2046,13:13:18,9.02,--,69,62238,卖盘
2047,13:13:15,9.02,-0.01,46,41492,卖盘
2048,13:13:12,9.03,--,315,284445,买盘
2049,13:13:09,9.03,0.01,93,83979,买盘
2050,13:13:06,9.02,-0.01,206,185812,卖盘
2051,13:13:03,9.03,0.01,7,6321,买盘
2052,13:13:00,9.02,-0.01,66,59532,卖盘
2053,13:12:57,9.03,--,399,360730,卖盘
2054,13:12:54,9.03,--,154,139531,卖盘
2055,13:12:51,9.03,--,363,327789,卖盘
2056,13:12:48,9.03,--,164,148651,买盘
2057,13:12:45,9.03,--,534,482201,买盘
2058,13:12:42,9.03,--,26,23478,买盘
2059,13:12:39,9.03,--,106,95718,买盘
2060,13:12:36,9.03,0.01,649,586047,买盘
2061,13:12:33,9.02,-0.01,159,143418,卖盘
2062,13:12:30,9.03,--,156,140868,买盘
2063,13:12:27,9.03,0.01,126,113777,买盘
2064,13:12:24,9.02,-0.01,258,232716,卖盘
2065,13:12:21,9.03,--,111,100233,买盘
2066,13:12:18,9.03,--,1654,1494085,买盘
2067,13:12:15,9.03,--,428,386484,买盘
2068,13:12:12,9.03,--,299,270845,买盘
2069,13:12:09,9.03,--,232,209495,买盘
2070,13:12:06,9.03,--,171,154413,买盘
2071,13:12:03,9.03,0.01,316,285348,买盘
2072,13:12:00,9.02,-0.01,111,100122,卖盘
2073,13:11:57,9.03,--,547,493940,买盘
2074,13:11:54,9.03,--,86,77658,买盘
2075,13:11:51,9.03,--,832,751747,卖盘
2076,13:11:48,9.03,0.01,294,265933,买盘
2077,13:11:45,9.02,-0.01,158,142516,卖盘
2078,13:11:42,9.03,0.01,606,547218,买盘
2079,13:11:39,9.02,-0.01,361,325622,卖盘
2080,13:11:36,9.03,--,63,56888,买盘
2081,13:11:33,9.03,0.01,168,151704,买盘
2082,13:11:30,9.02,-0.01,155,140414,卖盘
2083,13:11:27,9.03,--,128,115583,买盘
2084,13:11:24,9.03,0.01,468,422603,买盘
2085,13:11:21,9.02,-0.01,132,119064,卖盘
2086,13:11:18,9.03,--,1345,1214535,买盘
2087,13:11:15,9.03,--,29,26186,买盘
2088,13:11:12,9.03,0.01,167,150801,买盘
2089,13:11:09,9.02,-0.01,127,114554,卖盘
2090,13:11:06,9.03,--,111,100233,买盘
2091,13:11:03,9.03,--,114,102941,买盘
2092,13:11:00,9.03,0.01,77,69531,买盘
2093,13:10:57,9.02,--,326,294484,卖盘
2094,13:10:54,9.02,-0.01,523,471746,卖盘
2095,13:10:51,9.03,--,145,130934,买盘
2096,13:10:48,9.03,0.01,35,31604,买盘
2097,13:10:45,9.02,--,9,8118,卖盘
2098,13:10:42,9.02,-0.01,45,40590,卖盘
2099,13:10:39,9.03,0.01,809,730527,买盘
2100,13:10:36,9.02,--,166,149732,卖盘
2101,13:10:33,9.02,--,147,132594,买盘
2102,13:10:30,9.02,--,284,256168,买盘
2103,13:10:27,9.02,--,277,249854,买盘
2104,13:10:24,9.02,--,287,258874,买盘
2105,13:10:21,9.02,--,9,8118,买盘
2106,13:10:18,9.02,--,33,29766,买盘
2107,13:10:15,9.02,--,239,215578,买盘
2108,13:10:12,9.02,--,5,4510,买盘
2109,13:10:09,9.02,--,369,332838,卖盘
2110,13:10:06,9.02,--,336,303072,买盘
2111,13:10:03,9.02,-0.01,153,138006,买盘
2112,13:10:00,9.03,0.01,276,249227,买盘
2113,13:09:57,9.02,--,166,149732,卖盘
2114,13:09:54,9.02,--,46,41492,卖盘
2115,13:09:51,9.02,-0.01,55,49610,中性盘
2116,13:09:48,9.03,0.01,147,132741,买盘
2117,13:09:45,9.02,0.01,628,566456,中性盘
2118,13:09:42,9.01,-0.01,109,98209,卖盘
2119,13:09:39,9.02,--,136,122672,卖盘
2120,13:09:36,9.02,--,350,315700,买盘
2121,13:09:33,9.02,-0.01,444,401209,卖盘
2122,13:09:30,9.03,0.01,315,284445,买盘
2123,13:09:27,9.02,--,394,355388,卖盘
2124,13:09:24,9.02,-0.01,109,98318,卖盘
2125,13:09:21,9.03,0.01,383,345849,买盘
2126,13:09:18,9.02,-0.01,202,182204,卖盘
2127,13:09:15,9.03,0.01,85,76755,买盘
2128,13:09:12,9.02,--,7,6314,卖盘
2129,13:09:09,9.02,--,751,677402,卖盘
2130,13:09:06,9.02,0.01,1481,1336042,买盘
2131,13:09:03,9.01,--,1025,923525,卖盘
2132,13:09:00,9.01,-0.01,320,288320,卖盘
2133,13:08:57,9.02,--,60,54120,买盘
2134,13:08:54,9.02,0.01,67,60434,买盘
2135,13:08:51,9.01,--,110,99110,卖盘
2136,13:08:48,9.01,-0.01,74,66674,卖盘
2137,13:08:45,9.02,0.01,86,77572,买盘
2138,13:08:42,9.01,--,96,86496,卖盘
2139,13:08:39,9.01,--,106,95506,卖盘
2140,13:08:36,9.01,0.01,3082,2776882,买盘
2141,13:08:33,9.0,--,322,289800,卖盘
2142,13:08:30,9.0,--,78,70200,卖盘
2143,13:08:27,9.0,--,120,108000,卖盘
2144,13:08:24,9.0,--,35,31500,卖盘
2145,13:08:21,9.0,0.01,1783,1604700,买盘
2146,13:08:18,8.99,--,124,111476,卖盘
2147,13:08:15,8.99,--,112,100688,卖盘
2148,13:08:12,8.99,--,12,10788,卖盘
2149,13:08:09,8.99,--,511,459389,卖盘
2150,13:08:06,8.99,-0.01,28,25172,卖盘
2151,13:08:03,9.0,--,41,36900,买盘
2152,13:08:00,9.0,0.01,142,127800,买盘
2153,13:07:57,8.99,-0.01,22,19778,卖盘
2154,13:07:54,9.0,--,127,114300,买盘
2155,13:07:51,9.0,0.01,68,61200,买盘
2156,13:07:48,8.99,--,96,86304,卖盘
2157,13:07:45,8.99,-0.01,222,199578,卖盘
2158,13:07:42,9.0,--,232,208800,卖盘
2159,13:07:39,9.0,--,1549,1394100,买盘
2160,13:07:36,9.0,--,223,200700,买盘
2161,13:07:33,9.0,--,43,38700,买盘
2162,13:07:30,9.0,--,272,244800,买盘
2163,13:07:27,9.0,--,279,251100,买盘
2164,13:07:24,9.0,--,467,420300,买盘
2165,13:07:21,9.0,0.01,314,282600,买盘
2166,13:07:18,8.99,--,104,93496,卖盘
2167,13:07:15,8.99,-0.01,184,165416,卖盘
2168,13:07:12,9.0,0.01,128,115200,买盘
2169,13:07:09,8.99,-0.01,80,71920,卖盘
2170,13:07:06,9.0,--,52,46800,买盘
2171,13:07:03,9.0,--,144,129600,买盘
2172,13:07:00,9.0,--,119,107100,买盘
2173,13:06:57,9.0,0.01,125,112500,买盘
2174,13:06:54,8.99,-0.01,131,117769,卖盘
2175,13:06:51,9.0,--,531,477900,买盘
2176,13:06:48,9.0,0.01,89,80100,买盘
2177,13:06:45,8.99,--,64,57536,卖盘
2178,13:06:42,8.99,--,7,6293,卖盘
2179,13:06:39,8.99,-0.01,33,29667,卖盘
2180,13:06:36,9.0,--,448,403200,买盘
2181,13:06:33,9.0,--,51,45900,买盘
2182,13:06:30,9.0,--,276,248400,买盘
2183,13:06:27,9.0,--,55,49500,买盘
2184,13:06:24,9.0,0.01,112,100800,买盘
2185,13:06:21,8.99,-0.01,73,65627,卖盘
2186,13:06:18,9.0,0.01,33,29700,买盘
2187,13:06:15,8.99,-0.01,145,130355,卖盘
2188,13:06:12,9.0,--,136,122400,买盘
2189,13:06:09,9.0,--,355,319500,买盘
2190,13:06:06,9.0,--,86,77400,买盘
2191,13:06:03,9.0,--,56,50400,卖盘
2192,13:06:00,9.0,--,281,252900,卖盘
2193,13:05:57,9.0,--,259,233100,卖盘
2194,13:05:54,9.0,--,2115,1903500,买盘
2195,13:05:51,9.0,0.01,135,121500,买盘
2196,13:05:48,8.99,-0.01,26,23374,卖盘
2197,13:05:45,9.0,0.01,313,281700,买盘
2198,13:05:42,8.99,--,32,28768,卖盘
2199,13:05:39,8.99,--,58,52142,卖盘
2200,13:05:36,8.99,--,85,76415,卖盘
2201,13:05:33,8.99,-0.01,89,80011,卖盘
2202,13:05:30,9.0,0.01,67,60300,买盘
2203,13:05:27,8.99,-0.01,10,8990,卖盘
2204,13:05:24,9.0,0.01,120,108000,买盘
2205,13:05:21,8.99,-0.01,75,67425,卖盘
2206,13:05:18,9.0,--,390,351000,卖盘
2207,13:05:15,9.0,--,98,88200,卖盘
2208,13:05:12,9.0,--,141,126900,卖盘
2209,13:05:09,9.0,--,863,776700,买盘
2210,13:05:06,9.0,0.02,113,101700,买盘
2211,13:05:03,8.98,-0.02,46,41308,卖盘
2212,13:05:00,9.0,0.02,69,62100,买盘
2213,13:04:57,8.98,--,161,144578,卖盘
2214,13:04:54,8.98,-0.01,116,104168,卖盘
2215,13:04:51,8.99,0.01,28,25172,中性盘
2216,13:04:48,8.98,-0.02,3134,2814332,卖盘
2217,13:04:45,9.0,--,279,251100,买盘
2218,13:04:42,9.0,--,102,91800,买盘
2219,13:04:39,9.0,0.02,57,51300,买盘
2220,13:04:36,8.98,-0.02,407,365486,卖盘
2221,13:04:33,9.0,--,156,140400,买盘
2222,13:04:30,9.0,--,2785,2506500,买盘
2223,13:04:27,9.0,--,178,160200,卖盘
2224,13:04:24,9.0,-0.01,95,85500,卖盘
2225,13:04:21,9.01,0.01,60,54060,买盘
2226,13:04:18,9.0,--,112,100800,卖盘
2227,13:04:15,9.0,--,93,83700,买盘
2228,13:04:12,9.0,--,108,97200,买盘
2229,13:04:09,9.0,--,281,252900,买盘
2230,13:04:06,9.0,--,276,248400,买盘
2231,13:04:03,9.0,--,350,315000,卖盘
2232,13:04:00,9.0,--,292,262800,买盘
2233,13:03:57,9.0,--,80,72000,买盘
2234,13:03:54,9.0,0.01,88,79200,买盘
2235,13:03:51,8.99,-0.01,429,385671,卖盘
2236,13:03:48,9.0,0.01,42,37800,买盘
2237,13:03:45,8.99,-0.01,745,669755,卖盘
2238,13:03:42,9.0,--,280,252000,卖盘
2239,13:03:39,9.0,--,158,142200,买盘
2240,13:03:36,9.0,--,1355,1219500,买盘
2241,13:03:33,9.0,-0.01,517,465300,卖盘
2242,13:03:30,9.01,--,219,197319,买盘
2243,13:03:27,9.01,0.01,579,521679,买盘
2244,13:03:24,9.0,--,349,314100,卖盘
2245,13:03:21,9.0,--,67,60300,卖盘
2246,13:03:18,9.0,--,370,333000,卖盘
2247,13:03:15,9.0,--,535,481500,买盘
2248,13:03:12,9.0,0.01,169,152100,买盘
2249,13:03:09,8.99,--,540,485460,卖盘
2250,13:03:06,8.99,-0.01,72,64728,卖盘
2251,13:03:03,9.0,--,75,67500,买盘
2252,13:03:00,9.0,0.01,94,84600,买盘
2253,13:02:57,8.99,0.01,59,53041,中性盘
2254,13:02:54,8.98,-0.01,472,423856,卖盘
2255,13:02:51,8.99,-0.01,157,141143,卖盘
2256,13:02:48,9.0,0.01,230,207000,买盘
2257,13:02:45,8.99,-0.01,110,98890,卖盘
2258,13:02:42,9.0,--,142,127800,买盘
2259,13:02:39,9.0,--,426,383400,买盘
2260,13:02:36,9.0,--,142,127800,买盘
2261,13:02:33,9.0,0.01,406,365400,买盘
2262,13:02:30,8.99,-0.02,5018,4511721,卖盘
2263,13:02:27,9.01,--,181,163081,买盘
2264,13:02:24,9.01,--,1357,1222657,买盘
2265,13:02:21,9.01,0.01,379,341479,买盘
2266,13:02:18,9.0,-0.01,366,329400,卖盘
2267,13:02:15,9.01,0.01,320,288320,买盘
2268,13:02:12,9.0,--,977,879300,卖盘
2269,13:02:09,9.0,--,32,28800,卖盘
2270,13:02:06,9.0,0.01,9686,8717760,买盘
2271,13:02:03,8.99,-0.01,776,697624,卖盘
2272,13:02:00,9.0,--,4028,3625200,买盘
2273,13:01:57,9.0,0.01,470,423000,买盘
2274,13:01:54,8.99,-0.01,36,32364,卖盘
2275,13:01:51,9.0,0.01,496,446400,买盘
2276,13:01:48,8.99,--,77,69223,卖盘
2277,13:01:45,8.99,--,119,106981,卖盘
2278,13:01:42,8.99,--,6273,5639427,买盘
2279,13:01:39,8.99,--,166,149234,买盘
2280,13:01:36,8.99,--,595,534905,买盘
2281,13:01:33,8.99,--,84,75516,买盘
2282,13:01:30,8.99,--,84,75516,买盘
2283,13:01:27,8.99,0.01,175,157325,中性盘
2284,13:01:24,8.98,-0.02,2950,2649100,卖盘
2285,13:01:21,9.0,0.01,138,124200,买盘
2286,13:01:18,8.99,--,979,880121,卖盘
2287,13:01:15,8.99,--,166,149234,卖盘
2288,13:01:12,8.99,--,153,137547,卖盘
2289,13:01:09,8.99,-0.01,50,44950,卖盘
2290,13:01:06,9.0,0.01,87,78300,买盘
2291,13:01:03,8.99,--,1099,988001,卖盘
2292,13:01:00,8.99,--,566,508834,卖盘
2293,13:00:57,8.99,--,95,85405,卖盘
2294,13:00:54,8.99,--,251,225649,卖盘
2295,13:00:51,8.99,--,212,190588,卖盘
2296,13:00:48,8.99,--,3346,3008413,买盘
2297,13:00:45,8.99,0.01,18,16182,买盘
2298,13:00:42,8.98,-0.01,1196,1074008,卖盘
2299,13:00:39,8.99,--,128,115072,买盘
2300,13:00:36,8.99,--,56,50344,买盘
2301,13:00:33,8.99,0.01,837,752463,买盘
2302,13:00:30,8.98,-0.01,542,486716,卖盘
2303,13:00:27,8.99,--,337,302963,买盘
2304,13:00:24,8.99,--,307,275993,买盘
2305,13:00:21,8.99,--,359,322741,买盘
2306,13:00:18,8.99,0.01,38,34162,买盘
2307,13:00:15,8.98,--,20,17960,卖盘
2308,13:00:12,8.98,--,4563,4097574,卖盘
2309,13:00:09,8.98,--,1198,1075804,卖盘
2310,13:00:06,8.98,-0.01,2449,2199920,卖盘
2311,13:00:03,8.99,0.02,16756,15063859,买盘
2312,13:00:00,8.97,--,3,2691,卖盘
2313,11:30:00,8.97,--,98,87906,卖盘
2314,11:29:57,8.97,--,116,104052,卖盘
2315,11:29:54,8.97,0.01,224,200928,中性盘
2316,11:29:51,8.96,-0.01,1004,899754,卖盘
2317,11:29:48,8.97,--,637,571389,买盘
2318,11:29:45,8.97,-0.01,1203,1079449,卖盘
2319,11:29:42,8.98,0.01,75,67350,买盘
2320,11:29:39,8.97,--,20,17940,卖盘
2321,11:29:36,8.97,--,148,132756,卖盘
2322,11:29:33,8.97,--,420,376740,卖盘
2323,11:29:30,8.97,--,255,228735,卖盘
2324,11:29:27,8.97,--,602,539994,卖盘
2325,11:29:24,8.97,-0.01,1307,1172379,卖盘
2326,11:29:21,8.98,0.01,79,70942,买盘
2327,11:29:18,8.97,--,14,12558,卖盘
2328,11:29:15,8.97,0.01,264,237346,买盘
2329,11:29:12,8.96,--,128,114688,卖盘
2330,11:29:09,8.96,-0.01,3473,3111808,卖盘
2331,11:29:06,8.97,0.01,237,212589,买盘
2332,11:29:03,8.96,-0.01,277,248192,卖盘
2333,11:29:00,8.97,--,57,51129,买盘
2334,11:28:57,8.97,0.01,315,282555,买盘
2335,11:28:54,8.96,--,217,194432,卖盘
2336,11:28:51,8.96,-0.01,17,15232,卖盘
2337,11:28:48,8.97,--,147,131859,买盘
2338,11:28:45,8.97,0.01,786,705042,买盘
2339,11:28:42,8.96,--,155,138880,卖盘
2340,11:28:39,8.96,-0.01,126,112896,卖盘
2341,11:28:36,8.97,--,152,136344,买盘
2342,11:28:33,8.97,--,308,276276,买盘
2343,11:28:30,8.97,0.01,256,229632,买盘
2344,11:28:27,8.96,--,23,20608,卖盘
2345,11:28:24,8.96,--,589,527744,买盘
2346,11:28:21,8.96,--,751,672896,买盘
2347,11:28:18,8.96,--,32,28672,买盘
2348,11:28:15,8.96,0.01,46,41216,买盘
2349,11:28:12,8.95,--,37,33115,卖盘
2350,11:28:09,8.95,-0.01,341,305195,卖盘
2351,11:28:06,8.96,--,288,258048,买盘
2352,11:28:03,8.96,--,184,164864,买盘
2353,11:28:00,8.96,--,237,212352,买盘
2354,11:27:57,8.96,--,40,35840,买盘
2355,11:27:54,8.96,--,218,195328,卖盘
2356,11:27:51,8.96,-0.01,485,434560,卖盘
2357,11:27:48,8.97,--,769,689793,买盘
2358,11:27:45,8.97,--,522,468234,买盘
2359,11:27:42,8.97,--,31,27807,买盘
2360,11:27:39,8.97,0.01,228,204516,买盘
2361,11:27:36,8.96,-0.01,59,52864,卖盘
2362,11:27:33,8.97,0.01,241,216177,买盘
2363,11:27:30,8.96,--,250,224000,卖盘
2364,11:27:27,8.96,--,332,297472,卖盘
2365,11:27:24,8.96,-0.01,189,169344,卖盘
2366,11:27:21,8.97,--,55,49335,买盘
2367,11:27:18,8.97,--,453,406341,买盘
2368,11:27:15,8.97,0.01,335,300495,买盘
2369,11:27:12,8.96,-0.01,53,47488,卖盘
2370,11:27:09,8.97,--,179,160563,买盘
2371,11:27:06,8.97,0.01,120,107640,买盘
2372,11:27:03,8.96,-0.01,155,138880,卖盘
2373,11:27:00,8.97,--,49,43953,买盘
2374,11:26:57,8.97,--,164,147108,买盘
2375,11:26:54,8.97,--,371,332787,买盘
2376,11:26:51,8.97,--,215,192855,买盘
2377,11:26:48,8.97,--,246,220662,买盘
2378,11:26:45,8.97,--,264,236808,买盘
2379,11:26:42,8.97,--,248,222456,买盘
2380,11:26:39,8.97,--,160,143520,买盘
2381,11:26:36,8.97,0.01,115,103155,买盘
2382,11:26:33,8.96,--,116,103936,卖盘
2383,11:26:30,8.96,-0.01,734,657664,卖盘
2384,11:26:27,8.97,0.01,103,92391,买盘
2385,11:26:24,8.96,-0.01,5,4480,卖盘
2386,11:26:21,8.97,--,289,259233,买盘
2387,11:26:18,8.97,0.01,144,129168,买盘
2388,11:26:15,8.96,-0.01,219,196224,卖盘
2389,11:26:12,8.97,--,625,560625,买盘
2390,11:26:09,8.97,0.01,143,128271,买盘
2391,11:26:06,8.96,--,232,207872,卖盘
2392,11:26:03,8.96,-0.01,81,72576,卖盘
2393,11:26:00,8.97,0.01,1216,1090752,买盘
2394,11:25:57,8.96,-0.01,77,68992,卖盘
2395,11:25:54,8.97,--,214,191958,买盘
2396,11:25:51,8.97,--,21,18837,买盘
2397,11:25:48,8.97,--,504,452088,买盘
2398,11:25:45,8.97,0.01,29,26013,买盘
2399,11:25:42,8.96,--,427,382592,卖盘
2400,11:25:39,8.96,--,268,240128,卖盘
2401,11:25:36,8.96,--,172,154112,卖盘
2402,11:25:33,8.96,--,438,392448,卖盘
2403,11:25:30,8.96,--,21,18816,卖盘
2404,11:25:27,8.96,--,411,368256,卖盘
2405,11:25:24,8.96,--,378,338688,卖盘
2406,11:25:21,8.96,--,315,282240,买盘
2407,11:25:18,8.96,--,139,124544,买盘
2408,11:25:15,8.96,-0.01,328,293888,卖盘
2409,11:25:12,8.97,0.01,257,230529,买盘
2410,11:25:09,8.96,--,296,265216,买盘
2411,11:25:06,8.96,--,290,259840,买盘
2412,11:25:03,8.96,--,151,135296,卖盘
2413,11:25:00,8.96,--,306,274176,买盘
2414,11:24:57,8.96,--,701,628096,买盘
2415,11:24:54,8.96,--,852,763392,卖盘
2416,11:24:51,8.96,-0.01,1190,1066240,卖盘
2417,11:24:48,8.97,--,292,261924,买盘
2418,11:24:45,8.97,--,130,116610,买盘
2419,11:24:42,8.97,--,301,269997,买盘
2420,11:24:39,8.97,--,479,429663,买盘
2421,11:24:36,8.97,--,890,798330,买盘
2422,11:24:33,8.97,--,659,591123,买盘
2423,11:24:30,8.97,0.01,1308,1173276,买盘
2424,11:24:27,8.96,--,5100,4569600,卖盘
2425,11:24:24,8.96,-0.01,1113,997248,卖盘
2426,11:24:21,8.97,0.01,544,487968,买盘
2427,11:24:18,8.96,--,221,198016,卖盘
2428,11:24:15,8.96,--,39,34944,卖盘
2429,11:24:12,8.96,--,496,444416,买盘
2430,11:24:09,8.96,0.01,490,439040,买盘
2431,11:24:06,8.95,-0.01,1399,1252105,卖盘
2432,11:24:03,8.96,--,423,379008,买盘
2433,11:24:00,8.96,--,646,578816,买盘
2434,11:23:57,8.96,--,590,528640,买盘
2435,11:23:54,8.96,0.01,120,107520,买盘
2436,11:23:51,8.95,--,184,164680,卖盘
2437,11:23:48,8.95,--,1557,1393515,买盘
2438,11:23:45,8.95,0.01,11574,10358730,买盘
2439,11:23:42,8.94,--,666,595404,卖盘
2440,11:23:39,8.94,-0.01,148,132312,卖盘
2441,11:23:36,8.95,--,44,39380,买盘
2442,11:23:33,8.95,0.02,1132,1013829,买盘
2443,11:23:30,8.93,-0.01,3438,3070134,卖盘
2444,11:23:27,8.94,--,3568,3189792,买盘
2445,11:23:24,8.94,--,465,415710,买盘
2446,11:23:21,8.94,--,480,429120,买盘
2447,11:23:18,8.94,--,21,18774,买盘
2448,11:23:15,8.94,0.01,472,421968,买盘
2449,11:23:12,8.93,-0.01,342,305406,卖盘
2450,11:23:09,8.94,0.02,3237,2893878,买盘
2451,11:23:06,8.92,-0.01,69,61548,卖盘
2452,11:23:03,8.93,--,241,215213,买盘
2453,11:23:00,8.93,0.01,13,11609,买盘
2454,11:22:57,8.92,-0.01,64,57088,卖盘
2455,11:22:54,8.93,--,658,587594,买盘
2456,11:22:51,8.93,--,201,179493,买盘
2457,11:22:48,8.93,--,71,63403,买盘
2458,11:22:45,8.93,--,97,86621,买盘
2459,11:22:42,8.93,0.01,44,39292,买盘
2460,11:22:39,8.92,-0.01,60,53520,卖盘
2461,11:22:36,8.93,--,221,197353,买盘
2462,11:22:33,8.93,0.01,257,229501,买盘
2463,11:22:30,8.92,--,21,18732,卖盘
2464,11:22:27,8.92,--,66,58872,卖盘
2465,11:22:24,8.92,--,212,189104,卖盘
2466,11:22:21,8.92,--,29,25868,卖盘
2467,11:22:18,8.92,--,93,82956,卖盘
2468,11:22:15,8.92,-0.01,123,109716,卖盘
2469,11:22:12,8.93,0.01,55,49115,买盘
2470,11:22:09,8.92,--,72,64224,卖盘
2471,11:22:06,8.92,--,272,242624,卖盘
2472,11:22:03,8.92,--,311,277412,卖盘
2473,11:22:00,8.92,--,119,106148,卖盘
2474,11:21:57,8.92,--,68,60656,卖盘
2475,11:21:54,8.92,0.01,321,286332,买盘
2476,11:21:51,8.91,-0.01,204,181764,卖盘
2477,11:21:48,8.92,--,13,11596,买盘
2478,11:21:45,8.92,--,1684,1502128,买盘
2479,11:21:42,8.92,--,8,7136,买盘
2480,11:21:39,8.92,--,136,121312,买盘
2481,11:21:36,8.92,--,388,346096,卖盘
2482,11:21:33,8.92,--,1,892,卖盘
2483,11:21:30,8.92,--,75,66900,卖盘
2484,11:21:27,8.92,-0.01,8,7136,卖盘
2485,11:21:24,8.93,0.01,602,537586,买盘
2486,11:21:21,8.92,-0.01,272,242624,卖盘
2487,11:21:18,8.93,--,13,11609,买盘
2488,11:21:15,8.93,--,443,395599,买盘
2489,11:21:12,8.93,--,64,57152,买盘
2490,11:21:09,8.93,--,76,67868,买盘
2491,11:21:06,8.93,0.01,333,297369,买盘
2492,11:21:03,8.92,-0.01,42,37464,卖盘
2493,11:21:00,8.93,0.01,209,186637,买盘
2494,11:20:57,8.92,--,210,187320,卖盘
2495,11:20:54,8.92,--,38,34431,卖盘
2496,11:20:51,8.92,--,346,308632,卖盘
2497,11:20:48,8.92,-0.01,191,170372,卖盘
2498,11:20:45,8.93,0.02,1577,1408261,买盘
2499,11:20:42,8.91,--,5432,4839912,卖盘
2500,11:20:39,8.91,--,241,214731,卖盘
2501,11:20:36,8.91,--,212,188892,卖盘
2502,11:20:33,8.91,--,34,30294,卖盘
2503,11:20:30,8.91,--,7,6237,卖盘
2504,11:20:27,8.91,-0.01,179,159489,卖盘
2505,11:20:24,8.92,0.01,212,189104,买盘
2506,11:20:21,8.91,--,308,274428,买盘
2507,11:20:18,8.91,--,133,118503,买盘
2508,11:20:15,8.91,--,294,261954,买盘
2509,11:20:12,8.91,--,295,262845,买盘
2510,11:20:09,8.91,--,43,38313,买盘
2511,11:20:06,8.91,--,10,8910,买盘
2512,11:20:03,8.91,--,48,42768,买盘
2513,11:20:00,8.91,--,18,16038,买盘
2514,11:19:57,8.91,-0.01,486,433026,卖盘
2515,11:19:54,8.92,0.01,407,363044,买盘
2516,11:19:51,8.91,--,120,106920,卖盘
2517,11:19:48,8.91,-0.01,1326,1181466,卖盘
2518,11:19:45,8.92,--,54,48168,买盘
2519,11:19:42,8.92,0.01,425,379100,买盘
2520,11:19:39,8.91,--,45,40095,卖盘
2521,11:19:36,8.91,-0.01,40,35640,卖盘
2522,11:19:33,8.92,0.01,25,22300,买盘
2523,11:19:30,8.91,-0.01,38,33858,卖盘
2524,11:19:27,8.92,0.01,27,24084,买盘
2525,11:19:24,8.91,-0.01,169,150579,卖盘
2526,11:19:21,8.92,0.01,56,49952,买盘
2527,11:19:18,8.91,--,166,147906,卖盘
2528,11:19:15,8.91,--,150,133650,卖盘
2529,11:19:12,8.91,--,27,24057,卖盘
2530,11:19:09,8.91,--,141,125631,卖盘
2531,11:19:06,8.91,--,171,152361,卖盘
2532,11:19:03,8.91,--,116,103356,卖盘
2533,11:19:00,8.91,--,268,238788,卖盘
2534,11:18:54,8.91,--,90,80190,卖盘
2535,11:18:51,8.91,-0.01,59,52569,卖盘
2536,11:18:48,8.92,--,64,57088,买盘
2537,11:18:45,8.92,--,11,9812,买盘
2538,11:18:42,8.92,0.01,11,9812,买盘
2539,11:18:39,8.91,-0.01,38,33858,卖盘
2540,11:18:36,8.92,0.01,59,52628,买盘
2541,11:18:33,8.91,-0.01,119,106029,卖盘
2542,11:18:30,8.92,0.01,228,203376,买盘
2543,11:18:27,8.91,--,61,54351,卖盘
2544,11:18:24,8.91,--,347,309177,卖盘
2545,11:18:21,8.91,--,376,335016,卖盘
2546,11:18:18,8.91,--,110,98010,卖盘
2547,11:18:15,8.91,-0.01,287,255717,卖盘
2548,11:18:12,8.92,--,57,50844,买盘
2549,11:18:09,8.92,0.01,24,21408,买盘
2550,11:18:06,8.91,--,32,28512,卖盘
2551,11:18:03,8.91,-0.01,58,51678,卖盘
2552,11:18:00,8.92,0.01,18,16056,买盘
2553,11:17:57,8.91,--,204,181764,卖盘
2554,11:17:54,8.91,--,192,171072,卖盘
2555,11:17:51,8.91,-0.01,144,128304,卖盘
2556,11:17:48,8.92,0.01,267,238164,买盘
2557,11:17:45,8.91,--,32,28512,卖盘
2558,11:17:42,8.91,--,147,130977,卖盘
2559,11:17:39,8.91,--,39,34749,卖盘
2560,11:17:36,8.91,--,34,30294,卖盘
2561,11:17:33,8.91,--,272,242352,卖盘
2562,11:17:30,8.91,--,12,10692,卖盘
2563,11:17:27,8.91,--,94,83754,卖盘
2564,11:17:24,8.91,-0.01,235,209385,卖盘
2565,11:17:21,8.92,--,254,226568,买盘
2566,11:17:18,8.92,0.01,741,660972,买盘
2567,11:17:15,8.91,--,273,243243,卖盘
2568,11:17:12,8.91,--,176,156816,卖盘
2569,11:17:09,8.91,-0.01,33,29403,卖盘
2570,11:17:06,8.92,0.01,56,49952,买盘
2571,11:17:03,8.91,--,149,132759,卖盘
2572,11:17:00,8.91,--,1,891,卖盘
2573,11:16:57,8.91,-0.01,129,114939,卖盘
2574,11:16:54,8.92,0.01,122,108824,买盘
2575,11:16:51,8.91,--,1572,1400652,卖盘
2576,11:16:48,8.91,-0.01,1006,896346,卖盘
2577,11:16:45,8.92,--,141,125772,买盘
2578,11:16:42,8.92,--,47,41924,买盘
2579,11:16:39,8.92,--,240,214080,买盘
2580,11:16:36,8.92,0.01,94,83848,买盘
2581,11:16:33,8.91,--,10,8910,卖盘
2582,11:16:30,8.91,--,46,40986,卖盘
2583,11:16:27,8.91,-0.01,38,33858,卖盘
2584,11:16:24,8.92,0.01,92,82064,买盘
2585,11:16:21,8.91,-0.01,4,3564,卖盘
2586,11:16:18,8.92,--,66,58872,买盘
2587,11:16:15,8.92,0.01,14,12488,买盘
2588,11:16:12,8.91,--,108,96228,卖盘
2589,11:16:09,8.91,--,64,57024,卖盘
2590,11:16:06,8.91,-0.01,468,416988,卖盘
2591,11:16:03,8.92,--,42,37464,买盘
2592,11:16:00,8.92,0.01,36,32112,买盘
2593,11:15:57,8.91,--,123,109593,卖盘
2594,11:15:54,8.91,--,54,48114,卖盘
2595,11:15:51,8.91,--,5,4455,卖盘
2596,11:15:48,8.91,-0.01,361,321651,卖盘
2597,11:15:45,8.92,0.01,37,33004,买盘
2598,11:15:42,8.91,--,19,16929,卖盘
2599,11:15:39,8.91,--,31,27621,卖盘
2600,11:15:36,8.91,--,35,31185,卖盘
2601,11:15:33,8.91,--,843,751113,卖盘
2602,11:15:30,8.91,-0.01,48,42768,卖盘
2603,11:15:27,8.92,0.01,134,119528,买盘
2604,11:15:24,8.91,-0.01,209,186219,卖盘
2605,11:15:21,8.92,--,36,32112,买盘
2606,11:15:18,8.92,--,10,8920,买盘
2607,11:15:15,8.92,--,414,369288,买盘
2608,11:15:12,8.92,--,298,265816,卖盘
2609,11:15:09,8.92,-0.01,249,222108,卖盘
2610,11:15:06,8.93,0.01,52,46436,买盘
2611,11:15:03,8.92,--,68,60656,卖盘
2612,11:15:00,8.92,-0.01,28,24976,卖盘
2613,11:14:57,8.93,0.01,95,84835,买盘
2614,11:14:54,8.92,--,338,301496,卖盘
2615,11:14:51,8.92,--,155,138260,卖盘
2616,11:14:48,8.92,-0.01,64,57088,卖盘
2617,11:14:45,8.93,0.01,869,776017,买盘
2618,11:14:42,8.92,-0.01,1618,1443256,卖盘
2619,11:14:39,8.93,--,237,211641,买盘
2620,11:14:36,8.93,--,15,13395,买盘
2621,11:14:33,8.93,0.01,281,250933,买盘
2622,11:14:30,8.92,-0.01,108,96336,卖盘
2623,11:14:27,8.93,--,96,85728,买盘
2624,11:14:24,8.93,0.01,28,25004,买盘
2625,11:14:21,8.92,-0.01,28,24976,卖盘
2626,11:14:18,8.93,--,159,141987,买盘
2627,11:14:15,8.93,0.01,26,23218,买盘
2628,11:14:12,8.92,-0.01,185,165020,卖盘
2629,11:14:09,8.93,--,565,504545,买盘
2630,11:14:06,8.93,0.01,447,399171,买盘
2631,11:14:03,8.92,-0.01,175,156100,卖盘
2632,11:14:00,8.93,--,128,114304,买盘
2633,11:13:57,8.93,--,174,155382,买盘
2634,11:13:54,8.93,0.01,214,191102,买盘
2635,11:13:51,8.92,--,268,239056,卖盘
2636,11:13:48,8.92,-0.01,471,420132,卖盘
2637,11:13:45,8.93,0.01,102,91086,买盘
2638,11:13:42,8.92,-0.01,45,40140,卖盘
2639,11:13:39,8.93,0.01,11,9823,买盘
2640,11:13:36,8.92,-0.01,47,41924,卖盘
2641,11:13:33,8.93,0.01,206,183958,买盘
2642,11:13:30,8.92,-0.01,19,16948,卖盘
2643,11:13:27,8.93,0.01,54,48222,买盘
2644,11:13:24,8.92,--,230,205160,卖盘
2645,11:13:21,8.92,--,221,197132,卖盘
2646,11:13:18,8.92,--,303,270276,卖盘
2647,11:13:15,8.92,--,197,175724,卖盘
2648,11:13:12,8.92,-0.01,103,91876,卖盘
2649,11:13:09,8.93,0.01,58,51794,买盘
2650,11:13:06,8.92,-0.01,180,160560,卖盘
2651,11:13:03,8.93,--,895,799235,买盘
2652,11:13:00,8.93,--,30,26790,买盘
2653,11:12:57,8.93,--,123,109839,买盘
2654,11:12:54,8.93,0.01,108,96444,买盘
2655,11:12:51,8.92,-0.01,123,109716,卖盘
2656,11:12:48,8.93,0.01,152,135736,买盘
2657,11:12:45,8.92,-0.01,173,154316,卖盘
2658,11:12:42,8.93,--,77,68761,买盘
2659,11:12:39,8.93,--,127,113411,买盘
2660,11:12:36,8.93,--,140,125020,买盘
2661,11:12:33,8.93,--,363,324159,买盘
2662,11:12:30,8.93,0.01,154,137522,买盘
2663,11:12:27,8.92,-0.01,93,82956,卖盘
2664,11:12:24,8.93,0.01,153,136629,买盘
2665,11:12:21,8.92,--,94,83848,卖盘
2666,11:12:18,8.92,0.01,313,279196,买盘
2667,11:12:15,8.91,-0.01,19,16929,卖盘
2668,11:12:12,8.92,0.01,733,653836,中性盘
2669,11:12:09,8.91,-0.01,158,140778,卖盘
2670,11:12:06,8.92,--,354,315768,卖盘
2671,11:12:03,8.92,--,1172,1045959,买盘
2672,11:12:00,8.92,0.01,655,584260,买盘
2673,11:11:57,8.91,-0.01,55,49005,卖盘
2674,11:11:54,8.92,0.01,52,46384,买盘
2675,11:11:51,8.91,--,256,228096,卖盘
2676,11:11:48,8.91,-0.01,21,18711,卖盘
2677,11:11:45,8.92,0.01,29,25868,买盘
2678,11:11:42,8.91,--,28,24948,卖盘
2679,11:11:39,8.91,--,160,142560,卖盘
2680,11:11:36,8.91,-0.01,309,275319,卖盘
2681,11:11:33,8.92,--,306,272952,买盘
2682,11:11:30,8.92,0.01,132,117744,买盘
2683,11:11:27,8.91,-0.01,48,42768,卖盘
2684,11:11:24,8.92,0.01,12,10704,买盘
2685,11:11:21,8.91,--,153,136323,卖盘
2686,11:11:18,8.91,-0.01,130,115830,卖盘
2687,11:11:15,8.92,0.01,29,25868,买盘
2688,11:11:12,8.91,-0.01,1,891,卖盘
2689,11:11:09,8.92,--,18,16056,买盘
2690,11:11:06,8.92,--,39,34788,买盘
2691,11:11:03,8.92,--,44,39248,买盘
2692,11:11:00,8.92,--,40,35680,买盘
2693,11:10:57,8.92,--,126,112392,买盘
2694,11:10:54,8.92,--,350,312200,买盘
2695,11:10:51,8.92,--,561,500412,买盘
2696,11:10:48,8.92,0.01,220,196240,买盘
2697,11:10:45,8.91,-0.02,912,812948,卖盘
2698,11:10:42,8.93,--,22,19646,买盘
2699,11:10:39,8.93,--,54,48222,买盘
2700,11:10:36,8.93,0.01,320,285760,买盘
2701,11:10:33,8.92,-0.01,77,68684,卖盘
2702,11:10:30,8.93,0.01,625,558125,买盘
2703,11:10:27,8.92,-0.01,275,245300,卖盘
2704,11:10:24,8.93,0.01,84,75012,买盘
2705,11:10:21,8.92,--,59,52628,卖盘
2706,11:10:18,8.92,-0.01,9,8028,卖盘
2707,11:10:15,8.93,0.01,128,114304,买盘
2708,11:10:12,8.92,-0.01,213,189996,卖盘
2709,11:10:09,8.93,--,971,867103,买盘
2710,11:10:06,8.93,0.01,130,116090,买盘
2711,11:10:03,8.92,--,75,66900,卖盘
2712,11:10:00,8.92,-0.01,794,708248,卖盘
2713,11:09:57,8.93,--,32,28576,买盘
2714,11:09:54,8.93,0.01,1051,938543,买盘
2715,11:09:51,8.92,--,36,32112,卖盘
2716,11:09:48,8.92,--,117,104364,卖盘
2717,11:09:45,8.92,--,80,71360,卖盘
2718,11:09:42,8.92,-0.01,31,27652,卖盘
2719,11:09:39,8.93,--,92,82691,买盘
2720,11:09:36,8.93,--,99,88407,买盘
2721,11:09:33,8.93,0.01,304,271472,买盘
2722,11:09:30,8.92,-0.01,10,8920,卖盘
2723,11:09:27,8.93,0.01,53,47329,买盘
2724,11:09:24,8.92,--,94,83848,卖盘
2725,11:09:21,8.92,--,77,68684,卖盘
2726,11:09:18,8.92,-0.01,44,39248,卖盘
2727,11:09:15,8.93,--,565,504545,买盘
2728,11:09:12,8.93,--,32,28576,买盘
2729,11:09:09,8.93,0.01,706,630458,买盘
2730,11:09:06,8.92,--,152,135584,买盘
2731,11:09:03,8.92,--,1378,1229176,买盘
2732,11:09:00,8.92,--,150,133800,买盘
2733,11:08:57,8.92,0.01,181,161452,买盘
2734,11:08:54,8.91,--,70,62370,卖盘
2735,11:08:51,8.91,--,22,19602,卖盘
2736,11:08:48,8.91,-0.01,84,74844,卖盘
2737,11:08:45,8.92,--,136,121312,买盘
2738,11:08:42,8.92,--,41,36572,买盘
2739,11:08:39,8.92,0.01,146,130232,买盘
2740,11:08:36,8.91,-0.01,140,124740,卖盘
2741,11:08:33,8.92,0.01,138,123096,买盘
2742,11:08:30,8.91,--,121,107811,卖盘
2743,11:08:27,8.91,--,45,40095,卖盘
2744,11:08:24,8.91,--,66,58806,卖盘
2745,11:08:21,8.91,--,116,103356,卖盘
2746,11:08:18,8.91,--,46,40986,卖盘
2747,11:08:15,8.91,--,50,44550,卖盘
2748,11:08:12,8.91,--,2143,1909413,卖盘
2749,11:08:09,8.91,--,34,30294,卖盘
2750,11:08:06,8.91,0.01,1234,1099494,买盘
2751,11:08:03,8.9,-0.01,52,46280,卖盘
2752,11:08:00,8.91,--,29,25839,买盘
2753,11:07:57,8.91,0.01,333,296703,买盘
2754,11:07:54,8.9,--,113,100570,卖盘
2755,11:07:51,8.9,-0.01,107,95230,卖盘
2756,11:07:48,8.91,--,368,327888,买盘
2757,11:07:45,8.91,--,60,53460,买盘
2758,11:07:42,8.91,--,71,63261,买盘
2759,11:07:39,8.91,0.01,30,26730,买盘
2760,11:07:36,8.9,-0.01,443,394270,卖盘
2761,11:07:33,8.91,0.01,278,247698,买盘
2762,11:07:30,8.9,-0.01,68,60520,卖盘
2763,11:07:27,8.91,0.01,331,294921,买盘
2764,11:07:24,8.9,--,163,145782,卖盘
2765,11:07:21,8.9,--,90,80100,卖盘
2766,11:07:18,8.9,-0.01,246,218940,卖盘
2767,11:07:15,8.91,0.01,131,116721,买盘
2768,11:07:12,8.9,--,201,178890,卖盘
2769,11:07:06,8.9,--,369,328410,卖盘
2770,11:07:03,8.9,--,369,328410,卖盘
2771,11:07:00,8.9,-0.01,136,121040,卖盘
2772,11:06:57,8.91,0.01,634,564894,买盘
2773,11:06:54,8.9,-0.01,69,61410,卖盘
2774,11:06:51,8.91,0.01,332,295812,买盘
2775,11:06:48,8.9,--,162,144180,卖盘
2776,11:06:45,8.9,--,9,8010,卖盘
2777,11:06:42,8.9,--,1472,1310080,买盘
2778,11:06:39,8.9,--,16,14240,买盘
2779,11:06:36,8.9,--,149,132610,买盘
2780,11:06:33,8.9,0.01,97,86330,买盘
2781,11:06:30,8.89,-0.01,15,13335,卖盘
2782,11:06:27,8.9,--,199,177110,买盘
2783,11:06:24,8.9,--,175,155750,买盘
2784,11:06:21,8.9,0.01,237,210930,买盘
2785,11:06:18,8.89,-0.01,72,64008,卖盘
2786,11:06:15,8.9,0.01,854,760060,买盘
2787,11:06:12,8.89,--,143,127127,买盘
2788,11:06:09,8.89,--,374,332486,买盘
2789,11:06:06,8.89,--,490,435610,买盘
2790,11:06:03,8.89,--,335,297815,买盘
2791,11:06:00,8.89,--,312,277368,卖盘
2792,11:05:57,8.89,--,391,348310,买盘
2793,11:05:54,8.89,-0.01,470,417830,卖盘
2794,11:05:51,8.9,0.01,100,89000,买盘
2795,11:05:48,8.89,-0.01,507,450723,卖盘
2796,11:05:45,8.9,0.02,1,890,买盘
2797,11:05:42,8.88,-0.01,176,156288,卖盘
2798,11:05:39,8.89,--,383,340487,卖盘
