,time,price,change,volume,amount,type
0,15:00:03,7.49,--,5760,4314240,买盘
1,14:57:00,7.49,0.01,21,15729,买盘
2,14:56:57,7.48,-0.01,239,178772,卖盘
3,14:56:54,7.49,0.01,30,22470,买盘
4,14:56:51,7.48,-0.01,69,51612,卖盘
5,14:56:48,7.49,0.01,296,221704,买盘
6,14:56:45,7.48,-0.01,14,10472,卖盘
7,14:56:42,7.49,0.01,36,26964,买盘
8,14:56:39,7.48,-0.01,61,45628,卖盘
9,14:56:36,7.49,--,165,123585,买盘
10,14:56:33,7.49,0.01,80,59920,买盘
11,14:56:30,7.48,-0.01,61,45628,卖盘
12,14:56:27,7.49,--,240,179760,买盘
13,14:56:24,7.49,--,115,86135,买盘
14,14:56:21,7.49,--,24,17976,买盘
15,14:56:18,7.49,--,77,57673,买盘
16,14:56:15,7.49,0.01,53,39697,买盘
17,14:56:12,7.48,--,292,218954,卖盘
18,14:56:09,7.48,--,56,41888,卖盘
19,14:56:06,7.48,-0.01,50,37400,卖盘
20,14:56:03,7.49,0.01,584,437416,买盘
21,14:56:00,7.48,-0.01,213,159324,卖盘
22,14:55:57,7.49,--,42,31458,买盘
23,14:55:54,7.49,0.01,35,26215,买盘
24,14:55:51,7.48,--,54,40392,卖盘
25,14:55:48,7.48,-0.01,348,260304,卖盘
26,14:55:45,7.49,0.01,52,38948,买盘
27,14:55:39,7.48,-0.01,271,202708,卖盘
28,14:55:36,7.49,0.01,271,202979,买盘
29,14:55:33,7.48,--,8,5984,卖盘
30,14:55:30,7.48,--,24,17952,卖盘
31,14:55:21,7.48,--,581,434588,卖盘
32,14:55:18,7.48,--,95,71060,卖盘
33,14:55:15,7.48,--,15,11220,卖盘
34,14:55:09,7.48,--,268,200464,卖盘
35,14:55:06,7.48,--,136,101728,卖盘
36,14:55:03,7.48,--,60,44880,卖盘
37,14:55:00,7.48,-0.01,51,38148,卖盘
38,14:54:57,7.49,0.02,49,36701,买盘
39,14:54:54,7.47,-0.01,295,220365,卖盘
40,14:54:51,7.48,--,84,62832,买盘
41,14:54:48,7.48,--,297,222156,卖盘
42,14:54:45,7.48,--,439,328372,卖盘
43,14:54:42,7.48,--,561,419628,卖盘
44,14:54:39,7.48,--,34,25432,卖盘
45,14:54:33,7.48,-0.01,109,81532,卖盘
46,14:54:30,7.49,--,122,91378,买盘
47,14:54:27,7.49,0.01,23,17227,买盘
48,14:54:24,7.48,--,231,172788,卖盘
49,14:54:21,7.48,-0.01,199,148852,卖盘
50,14:54:18,7.49,0.01,323,241927,买盘
51,14:54:15,7.48,-0.01,166,124168,卖盘
52,14:54:12,7.49,--,119,89131,买盘
53,14:54:09,7.49,0.01,4,2996,买盘
54,14:54:06,7.48,--,252,188496,买盘
55,14:54:03,7.48,--,114,85272,买盘
56,14:54:00,7.48,--,94,70312,买盘
57,14:53:57,7.48,--,14,10472,买盘
58,14:53:54,7.48,-0.01,183,136884,卖盘
59,14:53:51,7.49,--,107,80143,买盘
60,14:53:48,7.49,--,20,14980,买盘
61,14:53:45,7.49,--,78,58422,买盘
62,14:53:42,7.49,--,77,57673,买盘
63,14:53:39,7.49,--,123,92127,买盘
64,14:53:36,7.49,--,67,50183,买盘
65,14:53:33,7.49,--,61,45689,买盘
66,14:53:30,7.49,0.01,51,38199,买盘
67,14:53:27,7.48,--,120,89760,买盘
68,14:53:24,7.48,--,125,93500,买盘
69,14:53:21,7.48,--,223,166804,买盘
70,14:53:18,7.48,-0.01,310,231880,卖盘
71,14:53:15,7.49,0.01,24,17976,买盘
72,14:53:12,7.48,--,85,63580,卖盘
73,14:53:09,7.48,-0.01,31,23188,卖盘
74,14:53:06,7.49,0.01,134,100366,买盘
75,14:53:03,7.48,--,53,39644,卖盘
76,14:53:00,7.48,--,166,124168,卖盘
77,14:52:57,7.48,-0.01,119,89012,卖盘
78,14:52:54,7.49,0.01,7,5243,买盘
79,14:52:51,7.48,-0.01,166,124168,卖盘
80,14:52:45,7.49,0.01,117,87633,买盘
81,14:52:42,7.48,-0.01,541,404668,卖盘
82,14:52:39,7.49,0.01,54,40446,买盘
83,14:52:36,7.48,-0.01,40,29920,卖盘
84,14:52:33,7.49,0.01,126,94374,买盘
85,14:52:30,7.48,--,99,74052,卖盘
86,14:52:27,7.48,--,97,72556,卖盘
87,14:52:24,7.48,-0.01,120,89760,卖盘
88,14:52:21,7.49,0.01,79,59171,买盘
89,14:52:18,7.48,-0.01,20,14960,卖盘
90,14:52:15,7.49,0.01,69,51681,买盘
91,14:52:12,7.48,--,90,67320,买盘
92,14:52:09,7.48,--,9,6732,买盘
93,14:52:06,7.48,0.01,148,110704,买盘
94,14:52:03,7.47,-0.01,82,61254,卖盘
95,14:52:00,7.48,--,65,48620,买盘
96,14:51:57,7.48,--,11,8228,买盘
97,14:51:54,7.48,--,86,64328,买盘
98,14:51:51,7.48,--,456,341088,卖盘
99,14:51:45,7.48,-0.01,40,29920,卖盘
100,14:51:42,7.49,0.01,51,38199,买盘
101,14:51:39,7.48,-0.01,221,165308,卖盘
102,14:51:36,7.49,0.01,516,386484,买盘
103,14:51:33,7.48,-0.01,744,556512,卖盘
104,14:51:30,7.49,0.01,4,2996,买盘
105,14:51:27,7.48,--,59,44132,卖盘
106,14:51:24,7.48,--,64,47872,卖盘
107,14:51:21,7.48,-0.01,55,41140,卖盘
108,14:51:18,7.49,0.01,171,128079,买盘
109,14:51:15,7.48,-0.01,87,65076,卖盘
110,14:51:12,7.49,--,64,47936,买盘
111,14:51:09,7.49,0.01,66,49434,买盘
112,14:51:06,7.48,-0.01,1040,777920,卖盘
113,14:51:03,7.49,0.01,799,598451,买盘
114,14:51:00,7.48,-0.01,10,7480,卖盘
115,14:50:57,7.49,--,137,102613,买盘
116,14:50:54,7.49,--,22,16478,买盘
117,14:50:51,7.49,--,87,65163,买盘
118,14:50:48,7.49,0.01,2,1498,买盘
119,14:50:42,7.48,-0.01,44,32912,卖盘
120,14:50:39,7.49,--,22,16478,买盘
121,14:50:36,7.49,0.01,15,11235,买盘
122,14:50:33,7.48,--,4,2992,买盘
123,14:50:30,7.48,0.01,676,505648,买盘
124,14:50:27,7.47,--,86,64242,卖盘
125,14:50:24,7.47,-0.01,367,274149,卖盘
126,14:50:21,7.48,-0.01,89,66572,卖盘
127,14:50:18,7.49,0.01,535,400715,买盘
128,14:50:15,7.48,--,8,5984,卖盘
129,14:50:12,7.48,--,3,2244,买盘
130,14:50:09,7.48,-0.01,102,76296,中性盘
131,14:50:06,7.49,--,471,353393,买盘
132,14:50:03,7.49,0.01,234,175266,买盘
133,14:50:00,7.48,-0.01,17,12716,卖盘
134,14:49:57,7.49,--,451,337799,买盘
135,14:49:54,7.49,0.01,327,244923,买盘
136,14:49:51,7.48,--,85,63580,卖盘
137,14:49:48,7.48,--,108,80784,卖盘
138,14:49:45,7.48,--,2,1496,卖盘
139,14:49:42,7.48,--,37,27810,买盘
140,14:49:36,7.48,--,17,12716,买盘
141,14:49:33,7.48,-0.01,142,106829,卖盘
142,14:49:30,7.49,0.01,137,102747,买盘
143,14:49:27,7.48,0.01,47,35156,买盘
144,14:49:24,7.47,-0.01,1,747,卖盘
145,14:49:21,7.48,--,45,33660,买盘
146,14:49:18,7.48,--,234,175032,买盘
147,14:49:15,7.48,0.01,121,90508,买盘
148,14:49:12,7.47,--,57,42579,卖盘
149,14:49:09,7.47,-0.01,1,747,卖盘
150,14:49:06,7.48,--,22,16456,买盘
151,14:49:03,7.48,--,179,133892,买盘
152,14:49:00,7.48,--,13,9724,买盘
153,14:48:57,7.48,-0.01,900,673813,卖盘
154,14:48:54,7.49,0.01,72,53928,买盘
155,14:48:51,7.48,-0.01,80,59840,卖盘
156,14:48:48,7.49,0.01,52,38948,买盘
157,14:48:45,7.48,--,1,748,卖盘
158,14:48:42,7.48,-0.01,465,347820,卖盘
159,14:48:39,7.49,0.01,391,292859,买盘
160,14:48:36,7.48,--,12,8976,卖盘
161,14:48:33,7.48,--,75,56100,卖盘
162,14:48:27,7.48,--,55,41140,卖盘
163,14:48:24,7.48,--,5,3740,卖盘
164,14:48:21,7.48,--,203,151844,卖盘
165,14:48:18,7.48,--,51,38148,卖盘
166,14:48:15,7.48,-0.01,36,26928,卖盘
167,14:48:12,7.49,0.01,302,226198,买盘
168,14:48:09,7.48,-0.01,16,11968,卖盘
169,14:48:06,7.49,0.01,67,50183,买盘
170,14:48:03,7.48,--,1898,1419838,买盘
171,14:48:00,7.48,0.01,18,13464,买盘
172,14:47:57,7.47,-0.01,38,28386,卖盘
173,14:47:54,7.48,0.01,12,8976,买盘
174,14:47:51,7.47,-0.01,83,62001,卖盘
175,14:47:48,7.48,--,23,17204,买盘
176,14:47:45,7.48,--,57,42636,买盘
177,14:47:42,7.48,--,45,33660,买盘
178,14:47:39,7.48,--,429,320892,买盘
179,14:47:36,7.48,--,5,3740,买盘
180,14:47:33,7.48,--,69,51612,买盘
181,14:47:30,7.48,--,773,578204,买盘
182,14:47:27,7.48,--,28,20944,买盘
183,14:47:24,7.48,--,31,23188,买盘
184,14:47:21,7.48,0.01,43,32164,买盘
185,14:47:18,7.47,--,61,45567,卖盘
186,14:47:15,7.47,-0.01,14,10458,卖盘
187,14:47:12,7.48,0.01,113,84524,买盘
188,14:47:09,7.47,-0.01,1,747,卖盘
189,14:47:06,7.48,--,36,26928,买盘
190,14:47:03,7.48,0.01,70,52360,买盘
191,14:47:00,7.47,-0.01,6,4482,卖盘
192,14:46:57,7.48,0.01,25,18700,买盘
193,14:46:54,7.47,--,17,12699,卖盘
194,14:46:51,7.47,-0.01,54,40338,卖盘
195,14:46:48,7.48,--,18,13464,买盘
196,14:46:45,7.48,--,36,26928,买盘
197,14:46:42,7.48,0.01,115,86020,买盘
198,14:46:39,7.47,-0.01,2,1494,卖盘
199,14:46:36,7.48,--,25,18700,买盘
200,14:46:33,7.48,0.01,59,44132,买盘
201,14:46:30,7.47,-0.01,14,10458,卖盘
202,14:46:27,7.48,--,32,23936,买盘
203,14:46:24,7.48,0.01,11,8228,买盘
204,14:46:21,7.47,-0.01,64,47808,卖盘
205,14:46:18,7.48,0.01,130,97240,买盘
206,14:46:15,7.47,-0.01,5,3735,卖盘
207,14:46:12,7.48,--,43,32164,买盘
208,14:46:09,7.48,0.01,241,180268,买盘
209,14:46:06,7.47,-0.01,9,6723,卖盘
210,14:46:03,7.48,--,194,145112,买盘
211,14:46:00,7.48,--,8,5984,买盘
212,14:45:57,7.48,--,462,345576,买盘
213,14:45:54,7.48,--,40,29920,买盘
214,14:45:51,7.48,--,215,160820,买盘
215,14:45:48,7.48,--,24,17952,买盘
216,14:45:45,7.48,--,6,4488,买盘
217,14:45:42,7.48,--,141,105468,买盘
218,14:45:39,7.48,--,21,15708,买盘
219,14:45:36,7.48,--,236,176528,买盘
220,14:45:33,7.48,--,186,139128,买盘
221,14:45:30,7.48,--,79,59092,买盘
222,14:45:27,7.48,--,315,235620,买盘
223,14:45:24,7.48,--,68,50864,买盘
224,14:45:21,7.48,--,769,575212,买盘
225,14:45:15,7.48,--,108,80784,买盘
226,14:45:12,7.48,0.01,45,33660,买盘
227,14:45:09,7.47,-0.01,22,16434,卖盘
228,14:45:06,7.48,--,165,123420,买盘
229,14:45:03,7.48,--,193,144364,买盘
230,14:45:00,7.48,0.01,5,3740,买盘
231,14:44:57,7.47,--,31,23157,卖盘
232,14:44:51,7.47,--,65,48555,卖盘
233,14:44:48,7.47,-0.01,50,37350,卖盘
234,14:44:45,7.48,0.01,156,116688,买盘
235,14:44:42,7.47,--,44,32868,卖盘
236,14:44:39,7.47,-0.01,50,37350,卖盘
237,14:44:36,7.48,--,127,94996,买盘
238,14:44:33,7.48,0.01,57,42636,买盘
239,14:44:30,7.47,--,515,384705,卖盘
240,14:44:27,7.47,-0.01,326,243522,卖盘
241,14:44:24,7.48,--,25,18700,买盘
242,14:44:21,7.48,0.01,62,46376,买盘
243,14:44:18,7.47,-0.01,74,55278,卖盘
244,14:44:12,7.48,--,68,50864,买盘
245,14:44:09,7.48,0.01,40,29920,买盘
246,14:44:06,7.47,-0.01,8,5976,卖盘
247,14:44:03,7.48,--,126,94248,买盘
248,14:44:00,7.48,--,291,217668,买盘
249,14:43:57,7.48,0.01,65,48620,买盘
250,14:43:54,7.47,--,303,226341,卖盘
251,14:43:51,7.47,-0.01,712,531864,卖盘
252,14:43:48,7.48,--,1,748,买盘
253,14:43:45,7.48,--,35,26180,买盘
254,14:43:42,7.48,--,103,77044,买盘
255,14:43:39,7.48,0.01,87,65076,买盘
256,14:43:36,7.47,-0.01,150,112050,卖盘
257,14:43:33,7.48,--,221,165308,买盘
258,14:43:30,7.48,--,171,127908,买盘
259,14:43:27,7.48,--,29,21692,买盘
260,14:43:21,7.48,--,176,131648,买盘
261,14:43:18,7.48,--,57,42636,买盘
262,14:43:15,7.48,0.01,19,14212,买盘
263,14:43:12,7.47,-0.01,45,33615,卖盘
264,14:43:06,7.48,--,26,19448,买盘
265,14:43:03,7.48,0.01,69,51612,买盘
266,14:43:00,7.47,-0.01,491,366777,卖盘
267,14:42:57,7.48,--,28,20944,买盘
268,14:42:54,7.48,--,11,8228,买盘
269,14:42:51,7.48,0.01,47,35156,买盘
270,14:42:48,7.47,-0.01,19,14193,卖盘
271,14:42:45,7.48,--,33,24684,买盘
272,14:42:42,7.48,0.01,43,32164,买盘
273,14:42:39,7.47,-0.01,35,26145,卖盘
274,14:42:36,7.48,--,89,66572,买盘
275,14:42:33,7.48,--,44,32912,买盘
276,14:42:30,7.48,--,108,80784,买盘
277,14:42:27,7.48,0.01,1,748,买盘
278,14:42:24,7.47,-0.01,717,535599,卖盘
279,14:42:21,7.48,--,50,37400,买盘
280,14:42:18,7.48,--,68,50864,买盘
281,14:42:15,7.48,0.01,35,26180,买盘
282,14:42:12,7.47,-0.01,333,248751,卖盘
283,14:42:09,7.48,--,7,5236,买盘
284,14:42:06,7.48,--,2,1496,买盘
285,14:42:03,7.48,--,48,35904,买盘
286,14:42:00,7.48,--,40,29920,买盘
287,14:41:57,7.48,--,17,12716,买盘
288,14:41:51,7.48,--,190,142120,买盘
289,14:41:42,7.48,--,59,44132,买盘
290,14:41:39,7.48,--,180,134640,买盘
291,14:41:36,7.48,--,141,105468,买盘
292,14:41:33,7.48,--,43,32164,买盘
293,14:41:30,7.48,--,91,68068,买盘
294,14:41:27,7.48,0.01,15,11220,买盘
295,14:41:24,7.47,--,1,747,卖盘
296,14:41:21,7.47,-0.01,53,39591,卖盘
297,14:41:18,7.48,0.01,12,8976,买盘
298,14:41:15,7.47,-0.01,4,2988,卖盘
299,14:41:12,7.48,--,188,140624,买盘
300,14:41:09,7.48,0.01,63,47124,买盘
301,14:41:06,7.47,-0.01,70,52290,卖盘
302,14:41:03,7.48,0.01,135,100980,买盘
303,14:41:00,7.47,--,3,2241,卖盘
304,14:40:57,7.47,--,710,530370,卖盘
305,14:40:54,7.47,-0.01,3,2241,卖盘
306,14:40:51,7.48,--,90,67320,买盘
307,14:40:48,7.48,0.01,47,35156,买盘
308,14:40:45,7.47,-0.01,158,118026,卖盘
309,14:40:42,7.48,--,564,421872,买盘
310,14:40:33,7.48,--,43,32164,买盘
311,14:40:30,7.48,0.01,10,7480,买盘
312,14:40:27,7.47,--,24,17928,卖盘
313,14:40:24,7.47,-0.01,118,88146,卖盘
314,14:40:21,7.48,--,54,40392,买盘
315,14:40:18,7.48,0.01,89,66572,买盘
316,14:40:15,7.47,--,2,1494,卖盘
317,14:40:12,7.47,-0.01,59,44073,卖盘
318,14:40:09,7.48,0.01,41,30668,买盘
319,14:40:06,7.47,-0.01,28,20916,卖盘
320,14:40:03,7.48,--,85,63580,买盘
321,14:40:00,7.48,--,60,44880,买盘
322,14:39:57,7.48,--,20,14960,买盘
323,14:39:54,7.48,--,6,4488,买盘
324,14:39:51,7.48,0.01,140,104720,买盘
325,14:39:48,7.47,--,39,29133,卖盘
326,14:39:45,7.47,-0.01,31,23157,卖盘
327,14:39:42,7.48,--,81,60588,买盘
328,14:39:39,7.48,--,60,44880,买盘
329,14:39:36,7.48,--,59,44132,买盘
330,14:39:33,7.48,0.01,142,106216,买盘
331,14:39:30,7.47,-0.01,692,516924,卖盘
332,14:39:27,7.48,--,22,16456,买盘
333,14:39:24,7.48,--,9,6732,买盘
334,14:39:21,7.48,0.01,182,136136,买盘
335,14:39:18,7.47,--,125,93375,卖盘
336,14:39:15,7.47,-0.01,1,747,卖盘
337,14:39:12,7.48,0.01,68,50864,买盘
338,14:39:09,7.47,-0.01,3,2241,卖盘
339,14:39:06,7.48,--,86,64328,买盘
340,14:39:03,7.48,0.01,50,37400,买盘
341,14:39:00,7.47,--,119,88893,卖盘
342,14:38:57,7.47,--,48,35856,卖盘
343,14:38:54,7.47,-0.01,105,78435,卖盘
344,14:38:51,7.48,0.01,47,35156,买盘
345,14:38:48,7.47,--,29,21663,卖盘
346,14:38:45,7.47,--,665,496755,卖盘
347,14:38:42,7.47,--,44,32868,卖盘
348,14:38:39,7.47,-0.01,16,11952,卖盘
349,14:38:36,7.48,0.01,100,74800,买盘
350,14:38:33,7.47,-0.01,44,32868,卖盘
351,14:38:30,7.48,--,20,14960,买盘
352,14:38:21,7.48,0.01,59,44132,买盘
353,14:38:18,7.47,--,4,2988,卖盘
354,14:38:15,7.47,-0.01,63,47061,卖盘
355,14:38:12,7.48,--,125,93500,买盘
356,14:38:09,7.48,--,2,1496,买盘
357,14:38:06,7.48,--,24,17952,买盘
358,14:38:03,7.48,--,169,126412,买盘
359,14:38:00,7.48,0.01,105,78540,买盘
360,14:37:54,7.47,-0.01,35,26145,卖盘
361,14:37:51,7.48,--,50,37400,买盘
362,14:37:48,7.48,0.01,36,26928,买盘
363,14:37:42,7.47,--,45,33615,卖盘
364,14:37:39,7.47,-0.01,5,3735,卖盘
365,14:37:36,7.48,--,172,128656,买盘
366,14:37:33,7.48,--,68,50864,买盘
367,14:37:30,7.48,0.01,115,86020,买盘
368,14:37:27,7.47,-0.01,3,2241,卖盘
369,14:37:24,7.48,--,31,23188,买盘
370,14:37:21,7.48,--,43,32164,买盘
371,14:37:18,7.48,0.01,31,23188,买盘
372,14:37:15,7.47,-0.01,91,67977,卖盘
373,14:37:12,7.48,--,44,32912,买盘
374,14:37:09,7.48,--,2,1496,买盘
375,14:37:06,7.48,--,2,1496,买盘
376,14:37:03,7.48,0.01,108,80784,买盘
377,14:36:57,7.47,--,17,12699,卖盘
378,14:36:54,7.47,-0.01,154,115038,卖盘
379,14:36:51,7.48,--,79,59092,买盘
380,14:36:48,7.48,--,17,12716,买盘
381,14:36:45,7.48,--,5,3740,买盘
382,14:36:42,7.48,0.01,43,32164,买盘
383,14:36:39,7.47,--,2,1494,卖盘
384,14:36:36,7.47,--,300,224100,卖盘
385,14:36:33,7.47,-0.01,497,371259,卖盘
386,14:36:27,7.48,--,89,66572,买盘
387,14:36:21,7.48,--,45,33660,买盘
388,14:36:18,7.48,0.01,2,1496,买盘
389,14:36:15,7.47,-0.01,17,12699,卖盘
390,14:36:12,7.48,0.01,45,33660,买盘
391,14:36:09,7.47,-0.01,19,14193,卖盘
392,14:36:06,7.48,0.01,3,2244,买盘
393,14:36:03,7.47,-0.01,63,47061,卖盘
394,14:36:00,7.48,--,110,82280,买盘
395,14:35:51,7.48,0.01,84,62832,买盘
396,14:35:48,7.47,--,83,62001,卖盘
397,14:35:45,7.47,-0.01,26,19422,卖盘
398,14:35:42,7.48,0.01,173,129404,买盘
399,14:35:39,7.47,-0.01,57,42579,卖盘
400,14:35:36,7.48,--,8,5984,买盘
401,14:35:33,7.48,--,43,32164,买盘
402,14:35:30,7.48,0.01,359,268532,买盘
403,14:35:27,7.47,--,3,2241,卖盘
404,14:35:24,7.47,-0.01,1,747,卖盘
405,14:35:21,7.48,--,144,107712,买盘
406,14:35:18,7.48,--,79,59705,卖盘
407,14:35:15,7.48,-0.01,4,2992,卖盘
408,14:35:12,7.49,--,753,563997,买盘
409,14:35:09,7.49,0.01,257,192493,买盘
410,14:35:06,7.48,-0.01,461,344828,卖盘
411,14:35:03,7.49,--,62,46438,买盘
412,14:35:00,7.49,0.01,32,23968,买盘
413,14:34:57,7.48,-0.01,95,71060,卖盘
414,14:34:54,7.49,--,96,71904,买盘
415,14:34:51,7.49,--,55,41195,买盘
416,14:34:48,7.49,--,35,26215,买盘
417,14:34:45,7.49,--,43,32207,买盘
418,14:34:42,7.49,0.01,43,32207,买盘
419,14:34:39,7.48,--,6,4488,卖盘
420,14:34:36,7.48,-0.01,11,8228,卖盘
421,14:34:33,7.49,--,137,102613,买盘
422,14:34:27,7.49,--,4,2996,买盘
423,14:34:24,7.49,--,2,1498,买盘
424,14:34:21,7.49,0.01,43,32207,买盘
425,14:34:18,7.48,-0.01,73,54604,卖盘
426,14:34:15,7.49,--,25,18725,买盘
427,14:34:12,7.49,--,43,32207,买盘
428,14:34:09,7.49,0.01,129,96621,买盘
429,14:34:06,7.48,-0.01,59,44132,卖盘
430,14:34:03,7.49,0.01,44,32956,买盘
431,14:34:00,7.48,--,24,17952,卖盘
432,14:33:57,7.48,--,20,14960,卖盘
433,14:33:54,7.48,-0.01,65,48620,卖盘
434,14:33:51,7.49,0.01,75,56175,买盘
435,14:33:48,7.48,--,42,31416,卖盘
436,14:33:45,7.48,--,127,94996,卖盘
437,14:33:42,7.48,--,526,393448,卖盘
438,14:33:39,7.48,--,462,345576,卖盘
439,14:33:36,7.48,-0.01,1,748,卖盘
440,14:33:33,7.49,--,543,406707,买盘
441,14:33:30,7.49,0.01,30,22470,买盘
442,14:33:27,7.48,-0.01,28,20944,卖盘
443,14:33:24,7.49,0.01,207,155043,买盘
444,14:33:21,7.48,--,46,34408,卖盘
445,14:33:18,7.48,-0.01,31,23188,卖盘
446,14:33:15,7.49,--,235,176015,买盘
447,14:33:12,7.49,--,59,44191,买盘
448,14:33:06,7.49,0.01,9,6741,买盘
449,14:33:03,7.48,--,127,94996,卖盘
450,14:33:00,7.48,--,36,26928,卖盘
451,14:32:57,7.48,--,2,1496,卖盘
452,14:32:54,7.48,-0.01,140,104720,卖盘
453,14:32:51,7.49,0.01,584,437416,买盘
454,14:32:45,7.48,--,272,203456,卖盘
455,14:32:42,7.48,-0.01,205,153340,卖盘
456,14:32:39,7.49,0.01,207,155043,买盘
457,14:32:36,7.48,-0.01,71,53108,卖盘
458,14:32:33,7.49,--,44,32956,买盘
459,14:32:30,7.49,--,80,59920,买盘
460,14:32:27,7.49,--,30,22470,买盘
461,14:32:24,7.49,--,98,73402,买盘
462,14:32:21,7.49,--,71,53179,买盘
463,14:32:18,7.49,--,168,125832,买盘
464,14:32:15,7.49,0.01,12,8988,买盘
465,14:32:12,7.48,--,759,567732,卖盘
466,14:32:09,7.48,-0.01,20,14960,卖盘
467,14:32:06,7.49,0.01,4,2996,买盘
468,14:32:03,7.48,-0.01,331,247588,卖盘
469,14:32:00,7.49,--,37,27713,买盘
470,14:31:51,7.49,0.01,136,101864,买盘
471,14:31:48,7.48,--,70,52360,卖盘
472,14:31:45,7.48,--,10,7480,卖盘
473,14:31:42,7.48,-0.01,46,34408,卖盘
474,14:31:39,7.49,0.01,11,8239,买盘
475,14:31:36,7.48,-0.01,2,1496,卖盘
476,14:31:33,7.49,0.01,42,31458,买盘
477,14:31:30,7.48,--,92,68816,卖盘
478,14:31:27,7.48,-0.01,25,18700,卖盘
479,14:31:24,7.49,--,101,75649,买盘
480,14:31:21,7.49,0.01,170,127330,买盘
481,14:31:18,7.48,-0.01,49,36652,卖盘
482,14:31:12,7.49,--,78,58422,买盘
483,14:31:09,7.49,--,6,4494,买盘
484,14:31:06,7.49,0.01,131,98119,买盘
485,14:31:03,7.48,-0.01,174,130152,卖盘
486,14:31:00,7.49,--,18,13482,买盘
487,14:30:57,7.49,0.01,79,59171,买盘
488,14:30:54,7.48,-0.01,7,5236,卖盘
489,14:30:51,7.49,0.01,243,182007,买盘
490,14:30:48,7.48,-0.01,56,41888,卖盘
491,14:30:45,7.49,--,1,749,买盘
492,14:30:42,7.49,--,54,40446,买盘
493,14:30:39,7.49,0.01,50,37450,买盘
494,14:30:36,7.48,--,6,4488,卖盘
495,14:30:33,7.48,-0.01,45,33660,卖盘
496,14:30:30,7.49,--,1,749,买盘
497,14:30:27,7.49,--,10,7490,买盘
498,14:30:21,7.49,0.01,43,32207,买盘
499,14:30:15,7.48,--,10,7480,卖盘
500,14:30:12,7.48,-0.01,107,80036,卖盘
501,14:30:09,7.49,--,9,6741,买盘
502,14:30:06,7.49,0.01,14,10486,买盘
503,14:30:03,7.48,-0.01,70,52360,卖盘
504,14:30:00,7.49,--,31,23219,买盘
505,14:29:57,7.49,--,128,95872,买盘
506,14:29:51,7.49,--,47,35203,买盘
507,14:29:42,7.49,0.01,43,32207,买盘
508,14:29:36,7.48,-0.01,1,748,卖盘
509,14:29:33,7.49,--,132,98868,买盘
510,14:29:30,7.49,0.01,30,22470,买盘
511,14:29:24,7.48,-0.01,8,5984,卖盘
512,14:29:21,7.49,0.01,61,45823,买盘
513,14:29:18,7.48,-0.01,5,3740,卖盘
514,14:29:12,7.49,--,43,32207,买盘
515,14:29:06,7.49,0.01,4,2996,买盘
516,14:29:03,7.48,--,26,19448,买盘
517,14:29:00,7.48,--,83,62084,买盘
518,14:28:57,7.48,--,340,254320,买盘
519,14:28:54,7.48,-0.01,94,70312,卖盘
520,14:28:51,7.49,0.01,104,78510,买盘
521,14:28:48,7.48,-0.01,6,4488,卖盘
522,14:28:45,7.49,0.01,25,18859,买盘
523,14:28:42,7.48,--,110,82893,卖盘
524,14:28:39,7.48,--,11,8228,卖盘
525,14:28:36,7.48,-0.01,161,120428,卖盘
526,14:28:33,7.49,0.01,43,32207,买盘
527,14:28:30,7.48,-0.01,51,38148,卖盘
528,14:28:27,7.49,0.01,231,173019,买盘
529,14:28:24,7.48,-0.01,21,15708,卖盘
530,14:28:21,7.49,0.01,92,68908,买盘
531,14:28:18,7.48,--,15,11220,卖盘
532,14:28:15,7.48,--,202,151230,买盘
533,14:28:12,7.48,--,90,67320,买盘
534,14:28:09,7.48,0.01,13,9724,买盘
535,14:28:06,7.47,-0.01,56,41832,卖盘
536,14:28:03,7.48,--,61,45628,买盘
537,14:28:00,7.48,--,48,35904,买盘
538,14:27:57,7.48,--,243,181764,买盘
539,14:27:51,7.48,--,42,31416,买盘
540,14:27:48,7.48,--,75,56100,买盘
541,14:27:45,7.48,--,3,2244,买盘
542,14:27:42,7.48,0.01,103,77044,买盘
543,14:27:36,7.47,-0.01,114,85158,卖盘
544,14:27:33,7.48,0.01,182,136136,买盘
545,14:27:30,7.47,-0.01,7,5229,卖盘
546,14:27:27,7.48,0.01,290,216920,买盘
547,14:27:24,7.47,-0.01,1959,1463373,卖盘
548,14:27:21,7.48,--,159,118932,买盘
549,14:27:18,7.48,0.01,2007,1501236,买盘
550,14:27:15,7.47,--,20,14940,卖盘
551,14:27:12,7.47,-0.01,1046,781362,卖盘
552,14:27:09,7.48,0.01,1004,750992,买盘
553,14:27:06,7.47,-0.01,66,49302,卖盘
554,14:27:03,7.48,0.01,43,32164,买盘
555,14:27:00,7.47,-0.01,10,7470,卖盘
556,14:26:57,7.48,0.01,277,207196,买盘
557,14:26:51,7.47,--,46,34362,卖盘
558,14:26:48,7.47,--,38,28386,卖盘
559,14:26:45,7.47,--,3,2241,卖盘
560,14:26:42,7.47,--,144,107568,卖盘
561,14:26:39,7.47,-0.01,2,1494,卖盘
562,14:26:36,7.48,--,344,257312,买盘
563,14:26:33,7.48,0.01,49,36652,买盘
564,14:26:30,7.47,--,1,747,卖盘
565,14:26:27,7.47,--,1,747,卖盘
566,14:26:24,7.47,-0.01,143,106821,卖盘
567,14:26:21,7.48,0.01,73,54604,买盘
568,14:26:15,7.47,-0.01,62,46314,卖盘
569,14:26:12,7.48,0.01,53,39644,买盘
570,14:26:06,7.47,-0.01,55,41085,卖盘
571,14:26:03,7.48,0.01,156,116688,买盘
572,14:26:00,7.47,--,619,462393,卖盘
573,14:25:57,7.47,--,426,318222,卖盘
574,14:25:54,7.47,-0.01,159,118773,卖盘
575,14:25:51,7.48,--,78,58344,买盘
576,14:25:48,7.48,--,17,12716,买盘
577,14:25:45,7.48,--,86,64328,买盘
578,14:25:42,7.48,0.01,66,49368,买盘
579,14:25:39,7.47,-0.01,101,75447,卖盘
580,14:25:36,7.48,--,1005,751740,买盘
581,14:25:33,7.48,0.01,58,43384,买盘
582,14:25:27,7.47,-0.01,1,747,卖盘
583,14:25:24,7.48,--,1037,775676,买盘
584,14:25:21,7.48,0.01,193,144364,买盘
585,14:25:15,7.47,-0.01,43,32121,卖盘
586,14:25:12,7.48,--,43,32164,买盘
587,14:25:06,7.48,--,63,47124,买盘
588,14:25:03,7.48,--,52,38896,买盘
589,14:25:00,7.48,--,108,80784,买盘
590,14:24:57,7.48,0.01,134,100232,买盘
591,14:24:54,7.47,-0.01,51,38097,卖盘
592,14:24:51,7.48,0.01,43,32164,买盘
593,14:24:48,7.47,-0.01,9,6723,卖盘
594,14:24:42,7.48,0.01,65,48620,买盘
595,14:24:39,7.47,-0.01,202,150894,卖盘
596,14:24:36,7.48,--,8,5984,买盘
597,14:24:33,7.48,0.01,229,171292,买盘
598,14:24:30,7.47,--,596,445212,卖盘
599,14:24:27,7.47,-0.01,8,5976,卖盘
600,14:24:21,7.48,0.01,53,39644,买盘
601,14:24:18,7.47,-0.01,2,1494,卖盘
602,14:24:15,7.48,--,14,10472,买盘
603,14:24:12,7.48,0.01,43,32164,买盘
604,14:24:09,7.47,--,5,3735,卖盘
605,14:24:06,7.47,-0.01,103,76941,卖盘
606,14:24:03,7.48,0.01,283,211684,买盘
607,14:24:00,7.47,-0.01,81,60507,卖盘
608,14:23:57,7.48,--,132,98736,买盘
609,14:23:51,7.48,--,43,32164,买盘
610,14:23:42,7.48,0.01,75,56100,买盘
611,14:23:39,7.47,--,1,747,卖盘
612,14:23:36,7.47,--,111,82917,卖盘
613,14:23:33,7.47,-0.01,83,62001,卖盘
614,14:23:30,7.48,0.01,22,16456,买盘
615,14:23:27,7.47,--,2,1494,卖盘
616,14:23:24,7.47,-0.01,1,747,卖盘
617,14:23:21,7.48,--,43,32164,买盘
618,14:23:18,7.48,0.01,13,9724,买盘
619,14:23:15,7.47,-0.01,52,38844,卖盘
620,14:23:12,7.48,0.01,78,58344,买盘
621,14:23:09,7.47,--,10,7470,卖盘
622,14:23:06,7.47,--,247,184509,卖盘
623,14:23:03,7.47,-0.01,609,454923,卖盘
624,14:23:00,7.48,--,15,11220,买盘
625,14:22:57,7.48,0.01,125,93500,买盘
626,14:22:54,7.47,-0.01,694,518418,卖盘
627,14:22:51,7.48,0.01,59,44132,买盘
628,14:22:48,7.47,-0.01,64,47808,卖盘
629,14:22:45,7.48,0.01,18,13464,买盘
630,14:22:42,7.47,--,73,54531,卖盘
631,14:22:39,7.47,-0.01,52,38844,卖盘
632,14:22:36,7.48,0.01,4,2992,买盘
633,14:22:33,7.47,-0.01,44,32868,卖盘
634,14:22:27,7.48,--,17,12716,买盘
635,14:22:24,7.48,--,5,3740,买盘
636,14:22:21,7.48,--,53,39644,买盘
637,14:22:18,7.48,0.01,12,8976,买盘
638,14:22:15,7.47,-0.01,5,3735,卖盘
639,14:22:12,7.48,0.01,43,32164,买盘
640,14:22:09,7.47,--,11,8217,卖盘
641,14:22:06,7.47,--,52,38844,卖盘
642,14:22:03,7.47,-0.01,64,47808,卖盘
643,14:22:00,7.48,--,11,8228,买盘
644,14:21:57,7.48,0.01,119,89012,买盘
645,14:21:51,7.47,--,77,57519,卖盘
646,14:21:48,7.47,--,39,29133,卖盘
647,14:21:45,7.47,--,40,29880,卖盘
648,14:21:42,7.47,-0.01,45,33615,卖盘
649,14:21:39,7.48,0.01,1,748,买盘
650,14:21:36,7.47,--,741,553527,卖盘
651,14:21:33,7.47,-0.01,47,35109,卖盘
652,14:21:30,7.48,0.01,4,2992,买盘
653,14:21:27,7.47,-0.01,1,747,卖盘
654,14:21:24,7.48,--,79,59092,买盘
655,14:21:21,7.48,--,153,114444,买盘
656,14:21:15,7.48,--,21,15708,买盘
657,14:21:12,7.48,0.01,43,32164,买盘
658,14:21:09,7.47,--,130,97110,卖盘
659,14:21:06,7.47,--,83,62001,卖盘
660,14:21:03,7.47,-0.01,49,36603,卖盘
661,14:21:00,7.48,--,11,8228,买盘
662,14:20:57,7.48,--,167,124916,买盘
663,14:20:54,7.48,--,4,2992,买盘
664,14:20:51,7.48,0.01,133,99484,买盘
665,14:20:48,7.47,--,22,16434,卖盘
666,14:20:45,7.47,-0.01,46,34362,卖盘
667,14:20:42,7.48,0.01,1044,780912,买盘
668,14:20:36,7.47,--,10,7470,卖盘
669,14:20:33,7.47,-0.01,147,109809,卖盘
670,14:20:30,7.48,0.01,105,78540,买盘
671,14:20:27,7.47,-0.01,12,8964,卖盘
672,14:20:24,7.48,--,32,23936,买盘
673,14:20:21,7.48,--,42,31416,买盘
674,14:20:18,7.48,--,1,748,买盘
675,14:20:12,7.48,0.01,43,32164,买盘
676,14:20:09,7.47,-0.01,741,553527,卖盘
677,14:20:06,7.48,--,82,61336,买盘
678,14:20:03,7.48,--,82,61336,买盘
679,14:20:00,7.48,--,1018,761464,买盘
680,14:19:57,7.48,0.01,139,103972,买盘
681,14:19:54,7.47,-0.01,38,28386,卖盘
682,14:19:51,7.48,0.01,44,32912,买盘
683,14:19:45,7.47,--,7,5229,卖盘
684,14:19:42,7.47,--,45,33615,卖盘
685,14:19:36,7.47,--,41,30627,卖盘
686,14:19:33,7.47,--,45,33615,卖盘
687,14:19:30,7.47,--,310,231570,卖盘
688,14:19:27,7.47,-0.01,1,747,卖盘
689,14:19:24,7.48,--,9,6732,买盘
690,14:19:21,7.48,0.01,43,32164,买盘
691,14:19:15,7.47,--,10,7470,卖盘
692,14:19:12,7.47,--,79,59013,卖盘
693,14:19:09,7.47,--,23,17181,卖盘
694,14:19:06,7.47,-0.01,170,126990,卖盘
695,14:19:03,7.48,--,48,35904,买盘
696,14:18:57,7.48,--,125,93500,买盘
697,14:18:54,7.48,--,10,7480,买盘
698,14:18:51,7.48,0.01,124,92752,买盘
699,14:18:48,7.47,--,165,123255,卖盘
700,14:18:42,7.47,-0.01,786,587142,卖盘
701,14:18:36,7.48,0.01,31,23188,买盘
702,14:18:33,7.47,-0.01,116,86652,卖盘
703,14:18:30,7.48,0.01,37,27676,买盘
704,14:18:27,7.47,-0.01,22,16434,卖盘
705,14:18:24,7.48,--,35,26180,买盘
706,14:18:21,7.48,--,43,32164,买盘
707,14:18:18,7.48,--,20,14960,买盘
708,14:18:15,7.48,--,26,19448,买盘
709,14:18:12,7.48,--,76,56848,买盘
710,14:18:09,7.48,--,205,153340,买盘
711,14:18:06,7.48,--,368,275264,买盘
712,14:18:03,7.48,--,49,36652,买盘
713,14:18:00,7.48,--,14,10472,买盘
714,14:17:57,7.48,--,136,101728,买盘
715,14:17:54,7.48,--,24,17952,买盘
716,14:17:51,7.48,0.01,81,60588,买盘
717,14:17:48,7.47,-0.01,23,17181,卖盘
718,14:17:45,7.48,--,292,218416,买盘
719,14:17:42,7.48,0.01,56,41888,买盘
720,14:17:39,7.47,-0.01,10,7470,卖盘
721,14:17:36,7.48,0.01,16,11968,买盘
722,14:17:33,7.47,--,83,62001,卖盘
723,14:17:30,7.47,--,22,16434,卖盘
724,14:17:27,7.47,-0.01,1,747,卖盘
725,14:17:24,7.48,--,60,45328,买盘
726,14:17:21,7.48,0.01,43,32164,买盘
727,14:17:18,7.47,--,6,4482,卖盘
728,14:17:15,7.47,--,47,35109,卖盘
729,14:17:12,7.47,-0.01,51,38097,卖盘
730,14:17:06,7.48,--,87,65076,买盘
731,14:17:03,7.48,0.01,148,110704,买盘
732,14:17:00,7.47,-0.01,12,8964,卖盘
733,14:16:57,7.48,--,142,106216,买盘
734,14:16:54,7.48,0.01,1,748,买盘
735,14:16:51,7.47,--,4691,3504475,买盘
736,14:16:48,7.47,--,15,11205,买盘
737,14:16:45,7.47,--,23,17181,买盘
738,14:16:42,7.47,--,102,76194,买盘
739,14:16:39,7.47,--,11,8217,买盘
740,14:16:36,7.47,0.01,20,14940,买盘
741,14:16:33,7.46,--,125,93250,卖盘
742,14:16:30,7.46,-0.01,9,6714,卖盘
743,14:16:27,7.47,0.01,1512,1129464,买盘
744,14:16:24,7.46,--,1,746,卖盘
745,14:16:21,7.46,--,299,223054,卖盘
746,14:16:18,7.46,--,1,746,卖盘
747,14:16:15,7.46,-0.01,70,52220,卖盘
748,14:16:12,7.47,--,56,41832,买盘
749,14:16:09,7.47,--,200,149400,买盘
750,14:16:06,7.47,0.01,513,383211,买盘
751,14:16:03,7.46,--,57,42522,卖盘
752,14:16:00,7.46,--,30,22380,卖盘
753,14:15:57,7.46,-0.01,125,93250,卖盘
754,14:15:54,7.47,--,10,7470,买盘
755,14:15:51,7.47,0.01,43,32121,买盘
756,14:15:48,7.46,--,9,6714,卖盘
757,14:15:42,7.46,-0.01,311,232006,卖盘
758,14:15:39,7.47,--,23,17181,买盘
759,14:15:36,7.47,0.01,12,8964,买盘
760,14:15:33,7.46,--,55,41030,卖盘
761,14:15:30,7.46,--,14,10444,卖盘
762,14:15:27,7.46,-0.01,1,746,卖盘
763,14:15:21,7.47,0.01,42,31374,买盘
764,14:15:18,7.46,-0.01,1,746,卖盘
765,14:15:15,7.47,0.01,20,14940,买盘
766,14:15:12,7.46,-0.01,87,64902,卖盘
767,14:15:09,7.47,--,13,9711,买盘
768,14:15:06,7.47,0.01,55,41085,买盘
769,14:15:03,7.46,-0.01,46,34316,卖盘
770,14:15:00,7.47,--,32,23904,买盘
771,14:14:57,7.47,--,117,87399,买盘
772,14:14:51,7.47,0.01,42,31374,买盘
773,14:14:48,7.46,--,42,31332,卖盘
774,14:14:45,7.46,--,253,188738,卖盘
775,14:14:42,7.46,--,48,35808,卖盘
776,14:14:39,7.46,-0.01,121,90266,卖盘
777,14:14:33,7.47,0.01,54,40338,买盘
778,14:14:30,7.46,--,386,287956,卖盘
779,14:14:27,7.46,--,1,746,卖盘
780,14:14:24,7.46,-0.01,29,21634,卖盘
781,14:14:21,7.47,--,52,38844,买盘
782,14:14:15,7.47,--,24,17928,买盘
783,14:14:12,7.47,0.01,230,171810,买盘
784,14:14:09,7.46,-0.01,3,2238,卖盘
785,14:14:06,7.47,0.01,53,39591,买盘
786,14:14:03,7.46,--,812,605752,卖盘
787,14:14:00,7.46,-0.01,1,746,卖盘
788,14:13:57,7.47,--,317,236799,买盘
789,14:13:54,7.47,--,4,2988,买盘
790,14:13:51,7.47,0.01,42,31374,买盘
791,14:13:48,7.46,-0.01,500,373000,卖盘
792,14:13:45,7.47,--,80,59760,买盘
793,14:13:42,7.47,--,43,32121,买盘
794,14:13:36,7.47,0.01,25,18675,买盘
795,14:13:33,7.46,-0.01,80,59680,卖盘
796,14:13:30,7.47,0.01,99,73953,买盘
797,14:13:27,7.46,-0.01,8,5968,卖盘
798,14:13:24,7.47,--,26,19422,买盘
799,14:13:21,7.47,--,43,32121,买盘
800,14:13:12,7.47,--,93,69471,买盘
801,14:13:06,7.47,0.01,100,74700,买盘
802,14:13:03,7.46,--,62,46252,卖盘
803,14:13:00,7.46,-0.01,32,23872,卖盘
804,14:12:57,7.47,0.01,117,87399,买盘
805,14:12:54,7.46,-0.01,4,2984,卖盘
806,14:12:51,7.47,0.01,43,32121,买盘
807,14:12:48,7.46,-0.01,9,6714,卖盘
808,14:12:45,7.47,0.01,42,31672,买盘
809,14:12:42,7.46,--,43,32078,买盘
810,14:12:36,7.46,--,738,550995,卖盘
811,14:12:33,7.46,--,44,32824,卖盘
812,14:12:30,7.46,--,773,576658,卖盘
813,14:12:27,7.46,-0.01,1,746,卖盘
814,14:12:24,7.47,--,1,747,买盘
815,14:12:21,7.47,--,43,32121,买盘
816,14:12:15,7.47,0.01,1,747,买盘
817,14:12:12,7.46,--,53,39538,卖盘
818,14:12:09,7.46,-0.01,31,23126,卖盘
819,14:12:06,7.47,0.01,53,39591,买盘
820,14:12:03,7.46,--,50,37300,卖盘
821,14:12:00,7.46,-0.01,405,302130,卖盘
822,14:11:57,7.47,0.01,131,97857,买盘
823,14:11:54,7.46,-0.01,43,32078,卖盘
824,14:11:51,7.47,--,93,69471,买盘
825,14:11:42,7.47,0.01,113,84411,买盘
826,14:11:39,7.46,-0.01,2,1492,卖盘
827,14:11:36,7.47,0.01,17,12699,买盘
828,14:11:33,7.46,--,43,32078,卖盘
829,14:11:30,7.46,--,1,746,卖盘
830,14:11:27,7.46,--,35,26110,卖盘
831,14:11:24,7.46,--,17,12682,卖盘
832,14:11:21,7.46,--,274,204404,卖盘
833,14:11:18,7.46,--,127,94742,卖盘
834,14:11:15,7.46,-0.01,2,1492,卖盘
835,14:11:12,7.47,0.01,42,31374,买盘
836,14:11:09,7.46,-0.01,11,8206,卖盘
837,14:11:06,7.47,0.01,64,47808,买盘
838,14:11:03,7.46,-0.01,96,71616,卖盘
839,14:11:00,7.47,--,17,12699,买盘
840,14:10:57,7.47,0.01,127,94869,买盘
841,14:10:54,7.46,-0.01,1,746,卖盘
842,14:10:51,7.47,0.01,75,56025,买盘
843,14:10:48,7.46,--,310,231260,卖盘
844,14:10:42,7.46,-0.01,63,46998,卖盘
845,14:10:36,7.47,0.01,15,11205,买盘
846,14:10:33,7.46,--,55,41030,卖盘
847,14:10:30,7.46,--,1,746,卖盘
848,14:10:27,7.46,-0.01,1,746,卖盘
849,14:10:24,7.47,--,7,5229,买盘
850,14:10:21,7.47,0.01,100,74700,买盘
851,14:10:18,7.46,--,6,4476,卖盘
852,14:10:15,7.46,--,58,43268,卖盘
853,14:10:12,7.46,--,53,39538,卖盘
854,14:10:09,7.46,-0.01,20,14920,卖盘
855,14:10:06,7.47,0.01,55,41085,买盘
856,14:10:03,7.46,--,655,488630,卖盘
857,14:10:00,7.46,0.01,190,142038,买盘
858,14:09:57,7.45,--,1198,892510,卖盘
859,14:09:54,7.45,-0.01,1,745,卖盘
860,14:09:51,7.46,--,42,31332,买盘
861,14:09:48,7.46,--,16,11936,买盘
862,14:09:42,7.46,0.01,874,652004,买盘
863,14:09:39,7.45,--,342,254790,卖盘
864,14:09:36,7.45,--,1,745,卖盘
865,14:09:33,7.45,--,85,63325,卖盘
866,14:09:30,7.45,--,91,67795,卖盘
867,14:09:27,7.45,--,4,2980,卖盘
868,14:09:24,7.45,-0.01,1,745,卖盘
869,14:09:21,7.46,--,182,135772,买盘
870,14:09:12,7.46,--,50,37300,买盘
871,14:09:06,7.46,0.01,58,43268,买盘
872,14:09:03,7.45,-0.01,47,35015,卖盘
873,14:09:00,7.46,0.01,2,1492,买盘
874,14:08:57,7.45,-0.01,663,493935,卖盘
875,14:08:51,7.46,0.01,49,36554,买盘
876,14:08:48,7.45,--,9,6705,卖盘
877,14:08:45,7.45,-0.01,37,27565,卖盘
878,14:08:42,7.46,--,1343,1002325,卖盘
879,14:08:39,7.46,--,35,26110,卖盘
880,14:08:33,7.46,--,47,35062,卖盘
881,14:08:30,7.46,--,79,58934,卖盘
882,14:08:27,7.46,--,1,746,卖盘
883,14:08:24,7.46,-0.01,2,1492,卖盘
884,14:08:21,7.47,0.01,53,39591,买盘
885,14:08:18,7.46,-0.01,1,746,卖盘
886,14:08:15,7.47,0.01,384,286848,买盘
887,14:08:12,7.46,--,384,286464,卖盘
888,14:08:06,7.46,--,556,414776,卖盘
889,14:08:03,7.46,--,59,44014,卖盘
890,14:08:00,7.46,-0.01,1,746,卖盘
891,14:07:57,7.47,0.01,151,112797,买盘
892,14:07:54,7.46,-0.01,21,15666,卖盘
893,14:07:51,7.47,0.01,43,32121,买盘
894,14:07:48,7.46,--,80,59680,卖盘
895,14:07:42,7.46,--,49,36554,卖盘
896,14:07:39,7.46,--,1,746,卖盘
897,14:07:33,7.46,--,44,32824,卖盘
898,14:07:30,7.46,--,11,8206,卖盘
899,14:07:27,7.46,-0.01,300,223800,卖盘
900,14:07:24,7.47,0.01,27,20169,买盘
901,14:07:21,7.46,--,74,55204,卖盘
902,14:07:18,7.46,--,105,78330,卖盘
903,14:07:15,7.46,--,2,1492,卖盘
904,14:07:12,7.46,--,51,38046,卖盘
905,14:07:09,7.46,--,70,52220,卖盘
906,14:07:06,7.46,--,52,38792,卖盘
907,14:07:03,7.46,--,147,109662,卖盘
908,14:07:00,7.46,-0.01,46,34316,卖盘
909,14:06:57,7.47,0.01,123,91881,买盘
910,14:06:54,7.46,-0.01,65,48490,卖盘
911,14:06:51,7.47,0.01,46,34362,买盘
912,14:06:48,7.46,--,318,237228,卖盘
913,14:06:45,7.46,-0.01,416,310336,卖盘
914,14:06:42,7.47,0.01,428,319716,买盘
915,14:06:39,7.46,-0.01,2,1492,卖盘
916,14:06:36,7.47,--,2,1494,买盘
917,14:06:33,7.47,0.01,157,117279,买盘
918,14:06:30,7.46,--,1,746,卖盘
919,14:06:24,7.46,-0.01,151,112646,卖盘
920,14:06:21,7.47,0.01,43,32121,买盘
921,14:06:15,7.46,-0.01,38,28348,卖盘
922,14:06:12,7.47,--,43,32121,买盘
923,14:06:09,7.47,--,16,11952,买盘
924,14:06:06,7.47,--,54,40338,买盘
925,14:06:03,7.47,0.01,47,35109,买盘
926,14:06:00,7.46,-0.01,1,746,卖盘
927,14:05:57,7.47,0.01,191,142677,买盘
928,14:05:54,7.46,--,100,74600,卖盘
929,14:05:51,7.46,-0.01,73,54458,卖盘
930,14:05:48,7.47,--,20,14940,买盘
931,14:05:42,7.47,0.01,58,43326,买盘
932,14:05:39,7.46,--,1,746,卖盘
933,14:05:36,7.46,-0.01,10,7460,卖盘
934,14:05:33,7.47,--,42,31374,买盘
935,14:05:27,7.47,0.01,9,6723,买盘
936,14:05:24,7.46,--,18,13726,卖盘
937,14:05:21,7.46,--,113,84298,卖盘
938,14:05:18,7.46,--,5,3730,卖盘
939,14:05:15,7.46,--,12,8952,卖盘
940,14:05:12,7.46,-0.01,143,106678,卖盘
941,14:05:06,7.47,--,57,42579,买盘
942,14:05:03,7.47,0.01,45,33615,买盘
943,14:05:00,7.46,-0.01,1,746,卖盘
944,14:04:57,7.47,0.01,115,85905,买盘
945,14:04:54,7.46,-0.01,100,74600,卖盘
946,14:04:51,7.47,0.01,44,32868,买盘
947,14:04:42,7.46,-0.01,129,96234,卖盘
948,14:04:39,7.47,0.01,3,2241,买盘
949,14:04:33,7.46,--,63,46998,卖盘
950,14:04:27,7.46,--,4,2984,卖盘
951,14:04:24,7.46,-0.01,1,746,卖盘
952,14:04:21,7.47,0.01,59,44073,买盘
953,14:04:15,7.46,-0.01,7,5222,卖盘
954,14:04:12,7.47,0.01,157,117279,买盘
955,14:04:06,7.46,-0.01,53,39538,卖盘
956,14:04:03,7.47,--,67,50049,买盘
957,14:04:00,7.47,0.01,13,9711,买盘
958,14:03:57,7.46,-0.01,137,102202,卖盘
959,14:03:54,7.47,--,3,2241,买盘
960,14:03:51,7.47,-0.01,422,315234,卖盘
961,14:03:48,7.48,0.01,104,77792,买盘
962,14:03:45,7.47,--,5,3735,卖盘
963,14:03:42,7.47,--,45,33615,卖盘
964,14:03:39,7.47,--,27,20169,卖盘
965,14:03:36,7.47,-0.01,10,7470,卖盘
966,14:03:33,7.48,0.01,149,111452,买盘
967,14:03:30,7.47,--,132,98604,卖盘
968,14:03:24,7.47,0.01,63,47061,买盘
969,14:03:21,7.46,--,60,44760,卖盘
970,14:03:15,7.46,--,2,1492,卖盘
971,14:03:12,7.46,-0.01,44,32824,卖盘
972,14:03:09,7.47,0.01,1,747,买盘
973,14:03:06,7.46,-0.01,52,38792,卖盘
974,14:03:03,7.47,--,54,40338,买盘
975,14:03:00,7.47,--,304,227088,买盘
976,14:02:57,7.47,--,117,87399,买盘
977,14:02:54,7.47,--,17,12699,买盘
978,14:02:51,7.47,--,60,44820,买盘
979,14:02:48,7.47,--,4,2988,买盘
980,14:02:45,7.47,0.01,1,747,买盘
981,14:02:42,7.46,--,45,33570,卖盘
982,14:02:39,7.46,--,1,746,卖盘
983,14:02:33,7.46,-0.01,46,34316,卖盘
984,14:02:30,7.47,--,5,3735,买盘
985,14:02:24,7.47,--,507,378729,卖盘
986,14:02:21,7.47,--,43,32121,卖盘
987,14:02:18,7.47,--,35,26145,卖盘
988,14:02:15,7.47,-0.01,47,35109,卖盘
989,14:02:12,7.48,--,106,79796,买盘
990,14:02:09,7.48,0.01,1,748,买盘
991,14:02:06,7.47,--,55,41085,卖盘
992,14:02:03,7.47,-0.01,1335,997245,卖盘
993,14:02:00,7.48,--,10,7480,买盘
994,14:01:57,7.48,0.01,135,100980,买盘
995,14:01:54,7.47,-0.01,161,120267,卖盘
996,14:01:51,7.48,0.01,75,56100,买盘
997,14:01:48,7.47,--,5,3735,卖盘
998,14:01:45,7.47,--,27,20169,卖盘
999,14:01:42,7.47,--,148,110556,卖盘
1000,14:01:39,7.47,--,5,3735,卖盘
1001,14:01:36,7.47,-0.01,127,94869,卖盘
1002,14:01:33,7.48,0.01,43,32164,买盘
1003,14:01:30,7.47,--,3,2241,卖盘
1004,14:01:27,7.47,--,14,10458,卖盘
1005,14:01:24,7.47,-0.01,15,11205,卖盘
1006,14:01:21,7.48,--,150,112200,买盘
1007,14:01:18,7.48,0.01,27,20196,买盘
1008,14:01:15,7.47,-0.01,2,1494,卖盘
1009,14:01:12,7.48,0.01,58,43384,买盘
1010,14:01:06,7.47,--,135,100845,卖盘
1011,14:01:03,7.47,-0.01,46,34362,卖盘
1012,14:00:57,7.48,--,122,91256,买盘
1013,14:00:51,7.48,--,145,108460,买盘
1014,14:00:48,7.48,0.01,269,201212,买盘
1015,14:00:45,7.47,-0.01,3,2241,卖盘
1016,14:00:42,7.48,0.01,43,32164,买盘
1017,14:00:39,7.47,--,1,747,卖盘
1018,14:00:33,7.47,--,48,35856,卖盘
1019,14:00:21,7.47,--,545,407115,卖盘
1020,14:00:15,7.47,-0.01,304,227088,卖盘
1021,14:00:12,7.48,0.01,48,35904,买盘
1022,14:00:09,7.47,--,276,206172,卖盘
1023,14:00:06,7.47,-0.01,93,69471,卖盘
1024,14:00:03,7.48,0.01,52,38896,买盘
1025,13:59:57,7.47,-0.01,175,130725,卖盘
1026,13:59:51,7.48,0.01,43,32164,买盘
1027,13:59:48,7.47,--,22,16434,卖盘
1028,13:59:45,7.47,-0.01,54,40338,卖盘
1029,13:59:42,7.48,0.01,63,47124,买盘
1030,13:59:39,7.47,--,1,747,卖盘
1031,13:59:36,7.47,--,1,747,卖盘
1032,13:59:33,7.47,-0.01,70,52290,卖盘
1033,13:59:30,7.48,0.01,97,72556,买盘
1034,13:59:27,7.47,--,90,67230,卖盘
1035,13:59:24,7.47,--,12,8964,卖盘
1036,13:59:21,7.47,--,864,645408,卖盘
1037,13:59:15,7.47,-0.01,2,1494,卖盘
1038,13:59:12,7.48,--,84,62832,买盘
1039,13:59:09,7.48,--,1,748,买盘
1040,13:59:06,7.48,--,130,97240,买盘
1041,13:59:03,7.48,0.01,51,38148,买盘
1042,13:59:00,7.47,-0.01,17,12699,卖盘
1043,13:58:57,7.48,--,131,97988,买盘
1044,13:58:51,7.48,0.01,92,68816,买盘
1045,13:58:45,7.47,-0.01,3,2241,卖盘
1046,13:58:42,7.48,--,43,32164,买盘
1047,13:58:39,7.48,--,32,23936,买盘
1048,13:58:33,7.48,--,44,32912,买盘
1049,13:58:30,7.48,0.01,20,14960,买盘
1050,13:58:27,7.47,-0.01,4,2988,卖盘
1051,13:58:24,7.48,0.01,36,26928,买盘
1052,13:58:21,7.47,-0.01,50,37350,卖盘
1053,13:58:18,7.48,0.01,7,5236,买盘
1054,13:58:15,7.47,-0.01,145,108315,卖盘
1055,13:58:12,7.48,0.01,42,31416,买盘
1056,13:58:09,7.47,-0.01,10,7470,卖盘
1057,13:58:06,7.48,--,73,54604,买盘
1058,13:58:03,7.48,0.01,44,32912,买盘
1059,13:58:00,7.47,--,2,1494,卖盘
1060,13:57:57,7.47,--,147,109809,卖盘
1061,13:57:54,7.47,--,7,5229,卖盘
1062,13:57:51,7.47,--,51,38097,卖盘
1063,13:57:48,7.47,--,9,6723,卖盘
1064,13:57:45,7.47,--,13,9711,卖盘
1065,13:57:42,7.47,--,46,34362,卖盘
1066,13:57:36,7.47,--,6,4482,卖盘
1067,13:57:33,7.47,--,43,32121,卖盘
1068,13:57:30,7.47,--,33,24651,卖盘
1069,13:57:27,7.47,--,29,21663,卖盘
1070,13:57:24,7.47,--,96,71712,卖盘
1071,13:57:21,7.47,--,227,169808,买盘
1072,13:57:18,7.47,--,1,747,买盘
1073,13:57:12,7.47,--,42,31374,买盘
1074,13:57:09,7.47,--,18,13446,买盘
1075,13:57:06,7.47,--,56,41832,买盘
1076,13:57:03,7.47,--,70,52290,买盘
1077,13:56:57,7.47,--,115,85905,买盘
1078,13:56:54,7.47,--,141,105327,买盘
1079,13:56:51,7.47,0.01,43,32121,买盘
1080,13:56:48,7.46,-0.01,63,46998,卖盘
1081,13:56:45,7.47,0.01,46,34362,买盘
1082,13:56:42,7.46,-0.01,44,32824,卖盘
1083,13:56:39,7.47,0.01,5,3735,买盘
1084,13:56:36,7.46,-0.01,15,11190,卖盘
1085,13:56:33,7.47,--,48,35856,买盘
1086,13:56:30,7.47,--,203,152148,卖盘
1087,13:56:27,7.47,--,491,366777,卖盘
1088,13:56:24,7.47,--,86,64242,卖盘
1089,13:56:21,7.47,--,654,488538,卖盘
1090,13:56:18,7.47,-0.01,60,44820,卖盘
1091,13:56:15,7.48,--,1,748,买盘
1092,13:56:12,7.48,0.01,43,32164,买盘
1093,13:56:09,7.47,-0.01,31,23157,卖盘
1094,13:56:06,7.48,0.01,191,142868,买盘
1095,13:56:03,7.47,-0.01,95,70965,卖盘
1096,13:56:00,7.48,--,131,97988,买盘
1097,13:55:57,7.48,0.01,115,86020,买盘
1098,13:55:54,7.47,-0.01,121,90387,卖盘
1099,13:55:51,7.48,0.01,362,270776,买盘
1100,13:55:45,7.47,--,32,23904,卖盘
1101,13:55:42,7.47,--,57,42579,卖盘
1102,13:55:39,7.47,--,95,70965,卖盘
1103,13:55:36,7.47,-0.01,67,50049,卖盘
1104,13:55:33,7.48,0.01,44,32912,买盘
1105,13:55:27,7.47,--,35,26145,卖盘
1106,13:55:24,7.47,-0.01,9,6723,卖盘
1107,13:55:21,7.48,--,52,38896,买盘
1108,13:55:18,7.48,0.01,6,4488,买盘
1109,13:55:15,7.47,--,16,11952,卖盘
1110,13:55:12,7.47,--,49,36603,卖盘
1111,13:55:09,7.47,-0.01,10,7470,卖盘
1112,13:55:06,7.48,0.01,572,427856,买盘
1113,13:55:03,7.47,-0.01,44,32868,卖盘
1114,13:54:57,7.48,0.01,126,94248,买盘
1115,13:54:51,7.47,--,746,557262,卖盘
1116,13:54:48,7.47,-0.01,43,32121,卖盘
1117,13:54:45,7.48,--,80,59840,买盘
1118,13:54:42,7.48,--,43,32164,买盘
1119,13:54:39,7.48,0.01,21,15708,买盘
1120,13:54:36,7.47,-0.01,5,3735,卖盘
1121,13:54:33,7.48,0.01,543,406164,买盘
1122,13:54:30,7.47,-0.01,42,31374,卖盘
1123,13:54:27,7.48,--,79,59092,买盘
1124,13:54:24,7.48,0.01,1,748,买盘
1125,13:54:21,7.47,--,44,32868,卖盘
1126,13:54:15,7.47,--,30,22410,卖盘
1127,13:54:12,7.47,--,63,47061,卖盘
1128,13:54:09,7.47,-0.01,92,68724,卖盘
1129,13:54:06,7.48,--,61,45628,买盘
1130,13:54:03,7.48,--,48,35904,买盘
1131,13:54:00,7.48,--,58,43384,买盘
1132,13:53:57,7.48,--,115,86020,买盘
1133,13:53:51,7.48,0.01,146,109208,买盘
1134,13:53:48,7.47,-0.01,5,3735,卖盘
1135,13:53:42,7.48,0.01,51,38148,买盘
1136,13:53:39,7.47,--,18,13446,卖盘
1137,13:53:36,7.47,-0.01,35,26145,卖盘
1138,13:53:33,7.48,0.01,44,32912,买盘
1139,13:53:27,7.47,0.01,141,105566,买盘
1140,13:53:21,7.46,-0.02,164,122851,卖盘
1141,13:53:18,7.48,0.01,610,456280,买盘
1142,13:53:15,7.47,-0.01,70,52290,卖盘
1143,13:53:12,7.48,0.01,53,39644,买盘
1144,13:53:09,7.47,-0.01,7,5229,卖盘
1145,13:53:06,7.48,--,135,100980,买盘
1146,13:53:03,7.48,0.01,119,89012,买盘
1147,13:52:57,7.47,--,121,90387,卖盘
1148,13:52:54,7.47,-0.01,23,17181,卖盘
1149,13:52:51,7.48,--,42,31416,买盘
1150,13:52:48,7.48,0.01,94,70312,买盘
1151,13:52:45,7.47,-0.01,116,86652,卖盘
1152,13:52:42,7.48,0.01,44,32912,买盘
1153,13:52:39,7.47,--,28,20916,卖盘
1154,13:52:33,7.47,-0.01,53,39591,卖盘
1155,13:52:30,7.48,0.01,102,76296,买盘
1156,13:52:27,7.47,0.01,2916,2178491,买盘
1157,13:52:21,7.46,-0.01,44,32824,卖盘
1158,13:52:18,7.47,0.01,103,76941,买盘
1159,13:52:12,7.46,-0.01,77,57442,卖盘
1160,13:52:06,7.47,0.01,76,56772,买盘
1161,13:52:03,7.46,-0.01,53,39538,卖盘
1162,13:51:57,7.47,--,116,86652,买盘
1163,13:51:54,7.47,--,1,747,买盘
1164,13:51:51,7.47,0.01,129,96363,买盘
1165,13:51:48,7.46,--,621,463266,卖盘
1166,13:51:42,7.46,-0.01,47,35062,卖盘
1167,13:51:39,7.47,--,275,205425,买盘
1168,13:51:33,7.47,0.01,65,48555,买盘
1169,13:51:27,7.46,-0.01,10,7460,卖盘
1170,13:51:24,7.47,--,23,17181,买盘
1171,13:51:21,7.47,--,150,112050,买盘
1172,13:51:15,7.47,0.01,2,1494,买盘
1173,13:51:12,7.46,-0.01,58,43268,卖盘
1174,13:51:09,7.47,--,203,151641,买盘
1175,13:51:06,7.47,0.01,55,41085,买盘
1176,13:51:03,7.46,--,103,76838,卖盘
1177,13:51:00,7.46,-0.01,36,26856,卖盘
1178,13:50:57,7.47,0.01,132,98604,买盘
1179,13:50:54,7.46,--,10,7460,卖盘
1180,13:50:51,7.46,--,51,38046,买盘
1181,13:50:42,7.46,0.01,54,40284,买盘
1182,13:50:39,7.45,--,7,5215,卖盘
1183,13:50:36,7.45,-0.01,32,23840,卖盘
1184,13:50:33,7.46,--,43,32078,买盘
1185,13:50:30,7.46,0.01,23,17158,买盘
1186,13:50:27,7.45,-0.01,4,2980,卖盘
1187,13:50:24,7.46,--,10,7460,买盘
1188,13:50:21,7.46,0.01,43,32078,买盘
1189,13:50:18,7.45,-0.02,443,330035,卖盘
1190,13:50:15,7.47,0.01,2,1494,买盘
1191,13:50:12,7.46,-0.01,79,58934,卖盘
1192,13:50:06,7.47,0.01,155,115785,买盘
1193,13:50:03,7.46,--,69,51474,卖盘
1194,13:50:00,7.46,-0.01,45,33570,卖盘
1195,13:49:57,7.47,0.01,482,360054,买盘
1196,13:49:54,7.46,-0.01,6,4476,卖盘
1197,13:49:51,7.47,0.01,43,32121,买盘
1198,13:49:48,7.46,-0.01,100,74600,卖盘
1199,13:49:45,7.47,0.01,10,7470,买盘
1200,13:49:42,7.46,-0.01,63,46998,卖盘
1201,13:49:39,7.47,0.01,44,32868,买盘
1202,13:49:33,7.46,--,48,35808,卖盘
1203,13:49:30,7.46,--,10,7460,卖盘
1204,13:49:27,7.46,-0.01,3,2238,卖盘
1205,13:49:21,7.47,0.01,44,32868,买盘
1206,13:49:18,7.46,-0.01,1114,831044,卖盘
1207,13:49:15,7.47,--,2,1494,买盘
1208,13:49:12,7.47,0.02,115,85905,买盘
1209,13:49:06,7.45,--,54,40230,卖盘
1210,13:49:03,7.45,-0.02,56,41720,卖盘
1211,13:49:00,7.47,--,100,74700,买盘
1212,13:48:57,7.47,0.01,116,86652,买盘
1213,13:48:54,7.46,--,5,3730,买盘
1214,13:48:51,7.46,0.01,45,33570,买盘
1215,13:48:48,7.45,-0.01,101,75245,卖盘
1216,13:48:45,7.46,-0.01,569,424921,卖盘
1217,13:48:42,7.47,--,111,82917,买盘
1218,13:48:39,7.47,--,143,106821,买盘
1219,13:48:36,7.47,0.01,51,38097,买盘
1220,13:48:33,7.46,-0.01,340,253640,卖盘
1221,13:48:30,7.47,0.01,14,10458,买盘
1222,13:48:27,7.46,--,4,2984,卖盘
1223,13:48:24,7.46,--,37,27602,卖盘
1224,13:48:21,7.46,--,146,108916,卖盘
1225,13:48:18,7.46,-0.01,10,7460,卖盘
1226,13:48:15,7.47,--,2,1494,买盘
1227,13:48:12,7.47,0.01,43,32121,买盘
1228,13:48:06,7.46,-0.01,53,39538,卖盘
1229,13:48:03,7.47,0.01,72,53784,买盘
1230,13:48:00,7.46,-0.01,206,153676,卖盘
1231,13:47:57,7.47,--,115,85905,买盘
1232,13:47:54,7.47,0.01,11,8217,买盘
1233,13:47:51,7.46,-0.01,129,96234,卖盘
1234,13:47:48,7.47,--,50,37350,买盘
1235,13:47:42,7.47,0.01,54,40338,买盘
1236,13:47:36,7.46,-0.01,6,4476,卖盘
1237,13:47:33,7.47,--,43,32121,买盘
1238,13:47:30,7.47,0.01,15,11205,买盘
1239,13:47:27,7.46,--,4,2984,卖盘
1240,13:47:24,7.46,--,51,38046,卖盘
1241,13:47:21,7.46,--,44,32824,卖盘
1242,13:47:18,7.46,-0.01,86,64156,卖盘
1243,13:47:15,7.47,--,613,457911,买盘
1244,13:47:12,7.47,0.01,43,32121,买盘
1245,13:47:09,7.46,--,9,6714,卖盘
1246,13:47:06,7.46,-0.01,89,66394,卖盘
1247,13:47:03,7.47,0.01,438,327186,买盘
1248,13:47:00,7.46,--,826,616196,卖盘
1249,13:46:57,7.46,--,119,88774,卖盘
1250,13:46:51,7.46,--,103,76838,卖盘
1251,13:46:48,7.46,-0.01,13,9698,卖盘
1252,13:46:45,7.47,0.01,1,747,买盘
1253,13:46:42,7.46,-0.01,174,129804,卖盘
1254,13:46:39,7.47,--,3,2241,买盘
1255,13:46:36,7.47,--,16,11952,买盘
1256,13:46:33,7.47,0.01,44,32868,买盘
1257,13:46:30,7.46,--,29,21634,卖盘
1258,13:46:27,7.46,--,4,2984,卖盘
1259,13:46:24,7.46,--,10,7460,卖盘
1260,13:46:21,7.46,-0.01,465,346890,卖盘
1261,13:46:15,7.47,--,2,1494,买盘
1262,13:46:12,7.47,--,42,31374,买盘
1263,13:46:09,7.47,--,23,17181,买盘
1264,13:46:06,7.47,--,67,50049,买盘
1265,13:46:03,7.47,--,44,32868,买盘
1266,13:45:57,7.47,0.01,116,86652,买盘
1267,13:45:54,7.46,-0.01,12,8952,卖盘
1268,13:45:51,7.47,0.01,119,88893,买盘
1269,13:45:48,7.46,--,9,6714,卖盘
1270,13:45:42,7.46,-0.01,50,37300,卖盘
1271,13:45:33,7.47,--,43,32121,买盘
1272,13:45:30,7.47,0.01,302,225594,买盘
1273,13:45:24,7.46,-0.01,4,2984,卖盘
1274,13:45:21,7.47,--,49,36603,买盘
1275,13:45:18,7.47,--,82,61552,买盘
1276,13:45:15,7.47,--,2,1494,买盘
1277,13:45:12,7.47,0.01,43,32121,买盘
1278,13:45:09,7.46,--,11,8206,卖盘
1279,13:45:06,7.46,-0.01,53,39538,卖盘
1280,13:45:03,7.47,0.01,45,33615,买盘
1281,13:45:00,7.46,-0.01,138,102948,卖盘
1282,13:44:57,7.47,0.01,851,635697,买盘
1283,13:44:54,7.46,--,39,29094,买盘
1284,13:44:51,7.46,0.01,59,44014,买盘
1285,13:44:42,7.45,-0.01,45,33525,卖盘
1286,13:44:39,7.46,--,64,47744,买盘
1287,13:44:36,7.46,0.01,1,746,买盘
1288,13:44:33,7.45,-0.01,64,47680,卖盘
1289,13:44:27,7.46,0.01,1,746,买盘
1290,13:44:24,7.45,-0.01,44,32780,卖盘
1291,13:44:21,7.46,--,240,179040,买盘
1292,13:44:18,7.46,--,208,155168,买盘
1293,13:44:15,7.46,0.01,4,2984,买盘
1294,13:44:12,7.45,--,96,71520,卖盘
1295,13:44:06,7.45,-0.01,52,38740,卖盘
1296,13:44:03,7.46,--,47,35062,买盘
1297,13:43:57,7.46,--,129,96234,买盘
1298,13:43:51,7.46,0.01,43,32078,买盘
1299,13:43:48,7.45,-0.01,365,271925,卖盘
1300,13:43:42,7.46,0.01,50,37300,买盘
1301,13:43:39,7.45,--,5,3725,卖盘
1302,13:43:33,7.45,--,37,27565,买盘
1303,13:43:30,7.45,--,83,61835,买盘
1304,13:43:27,7.45,0.01,212,157940,买盘
1305,13:43:24,7.44,-0.01,10,7440,卖盘
1306,13:43:21,7.45,--,43,32035,买盘
1307,13:43:15,7.45,--,2,1490,买盘
1308,13:43:12,7.45,0.01,43,32035,买盘
1309,13:43:06,7.44,-0.01,53,39432,卖盘
1310,13:43:03,7.45,--,92,68540,买盘
1311,13:42:57,7.45,--,120,89400,买盘
1312,13:42:51,7.45,--,159,118455,卖盘
1313,13:42:48,7.45,-0.01,65,48425,卖盘
1314,13:42:45,7.46,0.01,5,3730,买盘
1315,13:42:42,7.45,--,48,35760,卖盘
1316,13:42:39,7.45,-0.01,42,31290,卖盘
1317,13:42:33,7.46,--,43,32078,买盘
1318,13:42:30,7.46,0.01,1,746,买盘
1319,13:42:24,7.45,--,4,2980,卖盘
1320,13:42:21,7.45,--,45,33525,卖盘
1321,13:42:18,7.45,-0.01,1,745,卖盘
1322,13:42:15,7.46,0.01,2,1492,买盘
1323,13:42:12,7.45,-0.01,1211,902195,卖盘
1324,13:42:09,7.46,0.01,169,126074,买盘
1325,13:42:06,7.45,-0.01,101,75245,卖盘
1326,13:42:03,7.46,0.01,46,34316,买盘
1327,13:42:00,7.45,--,152,113240,买盘
1328,13:41:57,7.45,0.01,131,97595,买盘
1329,13:41:54,7.44,-0.01,78,58032,卖盘
1330,13:41:51,7.45,--,433,322585,买盘
1331,13:41:48,7.45,--,1,745,买盘
1332,13:41:42,7.45,0.01,42,31290,买盘
1333,13:41:39,7.44,-0.01,8,5952,卖盘
1334,13:41:36,7.45,--,17,12665,买盘
1335,13:41:33,7.45,--,43,32035,买盘
1336,13:41:30,7.45,0.01,44,32780,买盘
1337,13:41:27,7.44,--,100,74400,卖盘
1338,13:41:24,7.44,--,3,2232,卖盘
1339,13:41:21,7.44,--,51,37944,卖盘
1340,13:41:18,7.44,-0.01,23,17112,卖盘
1341,13:41:15,7.45,--,38,28310,买盘
1342,13:41:12,7.45,--,43,32035,买盘
1343,13:41:09,7.45,0.01,69,51405,买盘
1344,13:41:06,7.44,-0.01,139,103416,卖盘
1345,13:41:03,7.45,--,45,33525,买盘
1346,13:41:00,7.45,--,24,17880,买盘
1347,13:40:57,7.45,--,145,108025,买盘
1348,13:40:54,7.45,--,93,69285,买盘
1349,13:40:51,7.45,0.01,54,40230,买盘
1350,13:40:48,7.44,--,100,74400,卖盘
1351,13:40:45,7.44,--,6,4464,卖盘
1352,13:40:42,7.44,-0.01,44,32736,卖盘
1353,13:40:33,7.45,--,43,32035,买盘
1354,13:40:30,7.45,0.01,2,1490,买盘
1355,13:40:24,7.44,-0.01,4,2976,卖盘
1356,13:40:21,7.45,--,51,37995,买盘
1357,13:40:18,7.45,--,2,1490,买盘
1358,13:40:15,7.45,0.01,69,51405,买盘
1359,13:40:12,7.44,--,74,55056,卖盘
1360,13:40:09,7.44,--,1,744,卖盘
1361,13:40:06,7.44,-0.01,103,76632,卖盘
1362,13:40:03,7.45,--,63,46935,买盘
1363,13:40:00,7.45,--,40,29800,买盘
1364,13:39:57,7.45,--,115,85675,买盘
1365,13:39:51,7.45,0.01,44,32780,买盘
1366,13:39:48,7.44,-0.01,19,14136,卖盘
1367,13:39:45,7.45,--,5,3725,卖盘
1368,13:39:42,7.45,--,43,32035,卖盘
1369,13:39:39,7.45,--,46,34270,卖盘
1370,13:39:36,7.45,--,1,745,卖盘
1371,13:39:33,7.45,--,6,4470,买盘
1372,13:39:30,7.45,0.01,2,1490,买盘
1373,13:39:27,7.44,--,10,7440,卖盘
1374,13:39:24,7.44,-0.01,4,2976,卖盘
1375,13:39:21,7.45,--,43,32035,买盘
1376,13:39:18,7.45,--,2,1490,买盘
1377,13:39:15,7.45,-0.01,447,333015,卖盘
1378,13:39:12,7.46,0.01,42,31332,买盘
1379,13:39:09,7.45,--,231,172095,买盘
1380,13:39:06,7.45,0.01,104,77480,买盘
1381,13:39:03,7.44,-0.01,51,37944,卖盘
1382,13:39:00,7.45,--,50,37250,买盘
1383,13:38:57,7.45,0.01,170,126650,买盘
1384,13:38:54,7.44,-0.01,67,49848,卖盘
1385,13:38:51,7.45,0.01,42,31290,买盘
1386,13:38:45,7.44,--,32,23808,卖盘
1387,13:38:42,7.44,-0.01,54,40176,卖盘
1388,13:38:39,7.45,--,15,11175,买盘
1389,13:38:33,7.45,0.01,50,37250,买盘
1390,13:38:30,7.44,--,129,95976,卖盘
1391,13:38:24,7.44,-0.01,4,2976,卖盘
1392,13:38:21,7.45,-0.01,43,32035,买盘
1393,13:38:18,7.46,--,104,77584,买盘
1394,13:38:15,7.46,--,3,2238,买盘
1395,13:38:12,7.46,0.01,43,32078,买盘
1396,13:38:09,7.45,--,73,54385,卖盘
1397,13:38:06,7.45,-0.01,52,38740,卖盘
1398,13:38:03,7.46,--,54,40284,买盘
1399,13:37:57,7.46,0.01,115,85790,买盘
1400,13:37:54,7.45,-0.01,35,26075,卖盘
1401,13:37:51,7.46,0.01,43,32078,买盘
1402,13:37:45,7.45,-0.01,10,7450,卖盘
1403,13:37:42,7.46,--,42,31332,买盘
1404,13:37:36,7.46,0.01,1,746,买盘
1405,13:37:33,7.45,-0.01,787,586315,卖盘
1406,13:37:30,7.46,0.01,89,66394,买盘
1407,13:37:24,7.45,-0.01,27,20115,卖盘
1408,13:37:21,7.46,--,44,32824,买盘
1409,13:37:18,7.46,--,18,13428,买盘
1410,13:37:15,7.46,--,24,17904,买盘
1411,13:37:12,7.46,--,43,32078,买盘
1412,13:37:06,7.46,0.01,90,67140,买盘
1413,13:37:03,7.45,--,74,55130,卖盘
1414,13:37:00,7.45,-0.01,6,4470,卖盘
1415,13:36:57,7.46,0.01,115,85790,买盘
1416,13:36:54,7.45,-0.01,5,3725,卖盘
1417,13:36:51,7.46,0.01,68,50728,买盘
1418,13:36:48,7.45,-0.01,125,93125,卖盘
1419,13:36:45,7.46,--,7,5222,买盘
1420,13:36:42,7.46,0.01,44,32824,买盘
1421,13:36:39,7.45,--,6,4470,卖盘
1422,13:36:36,7.45,-0.01,37,27565,卖盘
1423,13:36:33,7.46,0.01,42,31332,买盘
1424,13:36:30,7.45,--,52,38740,卖盘
1425,13:36:24,7.45,--,4,2980,卖盘
1426,13:36:21,7.45,-0.01,152,113240,卖盘
1427,13:36:18,7.46,0.01,2,1492,买盘
1428,13:36:15,7.45,-0.01,8,5960,卖盘
1429,13:36:12,7.46,--,43,32078,买盘
1430,13:36:09,7.46,--,1,746,买盘
1431,13:36:06,7.46,--,129,96234,买盘
1432,13:36:03,7.46,--,55,41030,买盘
1433,13:35:57,7.46,0.01,116,86536,买盘
1434,13:35:54,7.45,-0.01,6,4470,卖盘
1435,13:35:51,7.46,--,48,35808,买盘
1436,13:35:45,7.46,--,21,15666,买盘
1437,13:35:42,7.46,--,42,31332,买盘
1438,13:35:39,7.46,--,3,2238,买盘
1439,13:35:33,7.46,0.01,43,32078,买盘
1440,13:35:30,7.45,--,8,5960,卖盘
1441,13:35:27,7.45,--,177,131865,卖盘
1442,13:35:24,7.45,--,14,10430,卖盘
1443,13:35:21,7.45,-0.01,47,35015,卖盘
1444,13:35:18,7.46,0.01,2,1492,买盘
1445,13:35:15,7.45,-0.01,582,433590,卖盘
1446,13:35:12,7.46,--,42,31332,买盘
1447,13:35:09,7.46,0.01,10,7460,买盘
1448,13:35:06,7.45,--,109,81205,卖盘
1449,13:35:03,7.45,-0.01,90,67050,卖盘
1450,13:35:00,7.46,--,119,88774,买盘
1451,13:34:57,7.46,--,115,85790,买盘
1452,13:34:54,7.46,--,20,14920,买盘
1453,13:34:51,7.46,0.01,43,32078,买盘
1454,13:34:48,7.45,-0.01,34,25330,卖盘
1455,13:34:45,7.46,0.01,18,13428,买盘
1456,13:34:42,7.45,-0.01,115,85675,卖盘
1457,13:34:39,7.46,--,752,560992,买盘
1458,13:34:33,7.46,0.01,44,32824,买盘
1459,13:34:30,7.45,--,23,17135,卖盘
1460,13:34:27,7.45,--,10,7450,卖盘
1461,13:34:21,7.45,--,45,33525,卖盘
1462,13:34:18,7.45,-0.01,1,745,卖盘
1463,13:34:15,7.46,--,6,4476,买盘
1464,13:34:12,7.46,0.01,43,32078,买盘
1465,13:34:09,7.45,--,25,18625,买盘
1466,13:34:06,7.45,--,293,218285,买盘
1467,13:34:03,7.45,--,60,44700,买盘
1468,13:34:00,7.45,--,53,39485,买盘
1469,13:33:57,7.45,--,115,85675,买盘
1470,13:33:51,7.45,0.01,95,70775,买盘
1471,13:33:48,7.44,-0.01,9,6696,卖盘
1472,13:33:45,7.45,--,133,99085,卖盘
1473,13:33:42,7.45,-0.01,88,65560,卖盘
1474,13:33:36,7.46,--,15,11190,买盘
1475,13:33:33,7.46,0.01,42,31332,买盘
1476,13:33:30,7.45,-0.01,102,75990,卖盘
1477,13:33:27,7.46,--,39,29094,买盘
1478,13:33:21,7.46,0.01,45,33570,买盘
1479,13:33:18,7.45,-0.01,3,2235,卖盘
1480,13:33:15,7.46,--,10,7460,买盘
1481,13:33:12,7.46,0.01,42,31332,买盘
1482,13:33:06,7.45,-0.01,56,41720,卖盘
1483,13:33:03,7.46,--,119,88774,买盘
1484,13:33:00,7.46,--,605,451330,买盘
1485,13:32:57,7.46,--,116,86536,买盘
1486,13:32:54,7.46,0.01,1,746,买盘
1487,13:32:51,7.45,-0.01,48,35760,卖盘
1488,13:32:45,7.46,0.01,6,4476,买盘
1489,13:32:42,7.45,-0.01,51,37995,卖盘
1490,13:32:36,7.46,--,326,243196,买盘
1491,13:32:33,7.46,--,1981,1477826,买盘
1492,13:32:30,7.46,--,67,49982,买盘
1493,13:32:21,7.46,0.01,43,32078,买盘
1494,13:32:15,7.45,--,79,58855,卖盘
1495,13:32:12,7.45,--,50,37250,卖盘
1496,13:32:06,7.45,--,60,44700,卖盘
1497,13:32:03,7.45,-0.01,44,32780,卖盘
1498,13:32:00,7.46,--,1,746,买盘
1499,13:31:57,7.46,--,115,85790,买盘
1500,13:31:54,7.46,--,1,746,买盘
1501,13:31:51,7.46,--,48,35808,买盘
1502,13:31:45,7.46,0.01,6,4476,买盘
1503,13:31:42,7.45,--,49,36505,卖盘
1504,13:31:39,7.45,-0.01,1,745,卖盘
1505,13:31:33,7.46,--,43,32078,买盘
1506,13:31:30,7.46,0.01,99,73854,买盘
1507,13:31:21,7.45,--,54,40230,卖盘
1508,13:31:18,7.45,--,47,35015,卖盘
1509,13:31:15,7.45,--,9,6705,卖盘
1510,13:31:12,7.45,-0.01,89,66305,卖盘
1511,13:31:06,7.46,0.01,79,58934,买盘
1512,13:31:03,7.45,--,45,33525,卖盘
1513,13:31:00,7.45,--,320,238698,买盘
1514,13:30:57,7.45,--,133,99085,买盘
1515,13:30:54,7.45,--,30,22350,买盘
1516,13:30:51,7.45,0.01,143,106535,买盘
1517,13:30:48,7.44,-0.01,9,6696,卖盘
1518,13:30:45,7.45,--,8,5960,买盘
1519,13:30:42,7.45,--,76,57067,卖盘
1520,13:30:39,7.45,--,21,15645,卖盘
1521,13:30:36,7.45,--,6,4470,卖盘
1522,13:30:33,7.45,-0.01,47,35015,卖盘
1523,13:30:30,7.46,0.01,66,49236,买盘
1524,13:30:24,7.45,--,3,2682,卖盘
1525,13:30:21,7.45,--,43,32035,卖盘
1526,13:30:18,7.45,--,115,85675,卖盘
1527,13:30:15,7.45,-0.01,6,4470,卖盘
1528,13:30:12,7.46,0.01,42,31332,买盘
1529,13:30:09,7.45,--,15,11175,卖盘
1530,13:30:06,7.45,-0.01,53,39485,卖盘
1531,13:30:03,7.46,0.01,44,32824,买盘
1532,13:30:00,7.45,--,0,596,卖盘
1533,13:29:57,7.45,-0.01,317,236165,卖盘
1534,13:29:54,7.46,--,1,746,买盘
1535,13:29:51,7.46,--,100,74600,买盘
1536,13:29:45,7.46,0.02,7,5222,买盘
1537,13:29:42,7.44,--,86,63984,卖盘
1538,13:29:39,7.44,--,133,98952,卖盘
1539,13:29:36,7.44,-0.01,194,144336,卖盘
1540,13:29:33,7.45,--,43,32035,买盘
1541,13:29:30,7.45,0.01,5,3725,买盘
1542,13:29:27,7.44,--,5,3720,卖盘
1543,13:29:21,7.44,-0.01,105,78120,卖盘
1544,13:29:18,7.45,--,585,435825,卖盘
1545,13:29:15,7.45,-0.01,37,27565,卖盘
1546,13:29:12,7.46,0.01,63,46998,买盘
1547,13:29:06,7.45,-0.01,52,38740,卖盘
1548,13:29:03,7.46,--,46,34316,买盘
1549,13:28:54,7.46,--,22,16412,买盘
1550,13:28:51,7.46,0.01,43,32078,买盘
1551,13:28:48,7.45,-0.01,46,34270,卖盘
1552,13:28:45,7.46,0.01,30,22380,买盘
1553,13:28:42,7.45,--,92,68540,卖盘
1554,13:28:39,7.45,-0.01,2,1490,卖盘
1555,13:28:33,7.46,--,43,32078,买盘
1556,13:28:21,7.46,0.01,42,31332,买盘
1557,13:28:15,7.45,-0.01,9,6705,卖盘
1558,13:28:12,7.46,0.01,45,33570,买盘
1559,13:28:06,7.45,-0.01,51,37995,卖盘
1560,13:28:03,7.46,--,44,32824,买盘
1561,13:28:00,7.46,--,99,73854,买盘
1562,13:27:54,7.46,--,34,25364,买盘
1563,13:27:51,7.46,0.01,116,86536,买盘
1564,13:27:48,7.45,-0.01,77,57365,卖盘
1565,13:27:45,7.46,--,513,382698,买盘
1566,13:27:42,7.46,0.01,54,40284,买盘
1567,13:27:39,7.45,-0.01,81,60345,卖盘
1568,13:27:36,7.46,--,9,6714,买盘
1569,13:27:33,7.46,--,43,32078,买盘
1570,13:27:30,7.46,0.01,95,70870,买盘
1571,13:27:24,7.45,-0.01,7,5215,卖盘
1572,13:27:21,7.46,--,45,33570,买盘
1573,13:27:15,7.46,--,2,1492,买盘
1574,13:27:12,7.46,0.01,143,106678,买盘
1575,13:27:09,7.45,--,30,22350,卖盘
1576,13:27:06,7.45,--,92,68540,卖盘
1577,13:27:03,7.45,--,108,80460,卖盘
1578,13:26:54,7.45,-0.01,11,8195,卖盘
1579,13:26:51,7.46,--,95,70870,买盘
1580,13:26:48,7.46,--,20,14920,买盘
1581,13:26:45,7.46,0.01,71,52966,买盘
1582,13:26:42,7.45,--,45,33525,卖盘
1583,13:26:33,7.45,--,245,182525,卖盘
1584,13:26:30,7.45,-0.01,2,1490,卖盘
1585,13:26:27,7.46,0.02,59,44014,买盘
1586,13:26:24,7.44,--,11,8184,卖盘
1587,13:26:21,7.44,-0.01,153,113832,卖盘
1588,13:26:18,7.45,-0.01,4,2980,卖盘
1589,13:26:15,7.46,0.01,522,389412,买盘
1590,13:26:12,7.45,--,67,49915,卖盘
1591,13:26:09,7.45,--,96,71520,卖盘
1592,13:26:06,7.45,-0.01,289,215305,卖盘
1593,13:26:03,7.46,--,46,34316,买盘
1594,13:26:00,7.46,0.01,3,2238,买盘
1595,13:25:54,7.45,-0.01,11,8195,卖盘
1596,13:25:51,7.46,0.01,44,32824,买盘
1597,13:25:45,7.45,-0.01,190,141550,卖盘
1598,13:25:42,7.46,--,62,46252,买盘
1599,13:25:39,7.46,0.01,1,746,买盘
1600,13:25:36,7.45,--,7,5215,卖盘
1601,13:25:33,7.45,-0.01,89,66305,卖盘
1602,13:25:30,7.46,0.01,4,2984,买盘
1603,13:25:24,7.45,-0.01,11,8195,卖盘
1604,13:25:21,7.46,0.01,43,32078,买盘
1605,13:25:18,7.45,--,83,61835,卖盘
1606,13:25:15,7.45,--,58,43835,买盘
1607,13:25:12,7.45,0.01,53,39485,买盘
1608,13:25:06,7.44,--,160,119040,卖盘
1609,13:25:03,7.44,-0.01,72,53568,卖盘
1610,13:24:57,7.45,--,100,74500,买盘
1611,13:24:54,7.45,--,13,9685,买盘
1612,13:24:51,7.45,--,121,90145,买盘
1613,13:24:48,7.45,--,41,30545,买盘
1614,13:24:45,7.45,--,82,61090,买盘
1615,13:24:42,7.45,-0.01,255,190094,卖盘
1616,13:24:39,7.46,--,101,75346,买盘
1617,13:24:33,7.46,--,93,69378,买盘
1618,13:24:30,7.46,--,90,67140,买盘
1619,13:24:27,7.46,--,72,53712,买盘
1620,13:24:24,7.46,0.01,429,320034,买盘
1621,13:24:21,7.45,-0.01,46,34270,卖盘
1622,13:24:18,7.46,--,2,1492,买盘
1623,13:24:15,7.46,--,5,3730,买盘
1624,13:24:12,7.46,0.01,153,114138,买盘
1625,13:24:09,7.45,--,4,2980,卖盘
1626,13:24:06,7.45,--,51,37995,卖盘
1627,13:24:03,7.45,--,74,55130,卖盘
1628,13:23:54,7.45,-0.01,31,23095,卖盘
1629,13:23:51,7.46,--,44,32824,买盘
1630,13:23:48,7.46,--,1,746,买盘
1631,13:23:45,7.46,--,32,23872,买盘
1632,13:23:42,7.46,0.01,46,34316,买盘
1633,13:23:33,7.45,--,53,39485,卖盘
1634,13:23:30,7.45,--,57,42465,卖盘
1635,13:23:27,7.45,--,1,745,卖盘
1636,13:23:24,7.45,--,11,8195,卖盘
1637,13:23:21,7.45,-0.01,44,32780,卖盘
1638,13:23:18,7.46,--,10,7460,买盘
1639,13:23:15,7.46,0.01,127,94742,买盘
1640,13:23:12,7.45,-0.01,558,415710,卖盘
1641,13:23:09,7.46,0.01,401,299146,买盘
1642,13:23:06,7.45,--,4052,3018918,卖盘
1643,13:23:03,7.45,-0.01,74,55130,卖盘
1644,13:23:00,7.46,--,18,13428,买盘
1645,13:22:57,7.46,0.01,42,31332,买盘
1646,13:22:54,7.45,-0.01,45,33525,卖盘
1647,13:22:51,7.46,--,67,49982,买盘
1648,13:22:48,7.46,--,2,1492,买盘
1649,13:22:45,7.46,--,20,14920,买盘
1650,13:22:42,7.46,0.01,49,36554,买盘
1651,13:22:39,7.45,-0.01,1,745,卖盘
1652,13:22:36,7.46,0.01,27,20142,买盘
1653,13:22:33,7.45,-0.01,85,63325,卖盘
1654,13:22:30,7.46,--,52,38792,买盘
1655,13:22:27,7.46,0.01,15,11190,买盘
1656,13:22:24,7.45,-0.01,11,8195,卖盘
1657,13:22:21,7.46,--,45,33570,买盘
1658,13:22:18,7.46,0.01,19,14174,买盘
1659,13:22:15,7.45,-0.01,11,8195,卖盘
1660,13:22:12,7.46,0.01,61,45506,买盘
1661,13:22:09,7.45,--,98,73010,卖盘
1662,13:22:06,7.45,-0.01,152,113240,卖盘
1663,13:22:03,7.46,--,180,134280,买盘
1664,13:22:00,7.46,0.01,36,26856,买盘
1665,13:21:57,7.45,--,9,6705,卖盘
1666,13:21:54,7.45,-0.01,45,33525,卖盘
1667,13:21:51,7.46,--,303,226038,买盘
1668,13:21:48,7.46,--,32,23872,买盘
1669,13:21:45,7.46,--,71,52966,买盘
1670,13:21:42,7.46,0.01,672,501312,买盘
1671,13:21:39,7.45,--,102,75990,卖盘
1672,13:21:36,7.45,-0.01,30,22350,卖盘
1673,13:21:33,7.46,--,171,127566,买盘
1674,13:21:30,7.46,0.01,27,20142,买盘
1675,13:21:27,7.45,--,32,23840,卖盘
1676,13:21:24,7.45,-0.01,72,53640,卖盘
1677,13:21:21,7.46,0.01,43,32078,买盘
1678,13:21:18,7.45,-0.01,45,33972,卖盘
1679,13:21:15,7.46,0.01,5,3730,买盘
1680,13:21:12,7.45,-0.01,60,44700,卖盘
1681,13:21:09,7.46,--,52,38792,买盘
1682,13:21:06,7.46,0.01,52,38792,买盘
1683,13:21:03,7.45,-0.01,66,49170,卖盘
1684,13:21:00,7.46,0.01,126,93996,买盘
1685,13:20:54,7.45,--,11,8195,卖盘
1686,13:20:51,7.45,-0.01,112,83440,卖盘
1687,13:20:48,7.46,--,69,51474,买盘
1688,13:20:45,7.46,--,19,14174,买盘
1689,13:20:42,7.46,--,61,45506,买盘
1690,13:20:39,7.46,--,19,14174,买盘
1691,13:20:36,7.46,--,1,746,买盘
1692,13:20:33,7.46,--,62,46252,买盘
1693,13:20:30,7.46,0.01,2,1492,买盘
1694,13:20:24,7.45,-0.01,42,31290,卖盘
1695,13:20:21,7.46,--,61,45506,买盘
1696,13:20:18,7.46,0.01,1,746,买盘
1697,13:20:15,7.45,--,52,38740,卖盘
1698,13:20:12,7.45,--,155,115475,卖盘
1699,13:20:09,7.45,-0.01,508,378460,卖盘
1700,13:20:06,7.46,0.01,72,53712,买盘
1701,13:20:03,7.45,-0.01,46,34270,卖盘
1702,13:20:00,7.46,0.01,18,13428,买盘
1703,13:19:57,7.45,--,20,14900,卖盘
1704,13:19:54,7.45,-0.01,30,22350,卖盘
1705,13:19:51,7.46,--,43,32078,买盘
1706,13:19:45,7.46,--,37,27602,买盘
1707,13:19:42,7.46,--,59,44014,买盘
1708,13:19:39,7.46,--,120,89520,买盘
1709,13:19:36,7.46,--,12,8952,买盘
1710,13:19:33,7.46,--,43,32078,买盘
1711,13:19:30,7.46,--,3,2238,买盘
1712,13:19:27,7.46,0.01,196,146216,买盘
1713,13:19:24,7.45,-0.01,261,194445,卖盘
1714,13:19:21,7.46,--,62,46252,买盘
1715,13:19:18,7.46,--,1,746,买盘
1716,13:19:15,7.46,--,18,13428,买盘
1717,13:19:12,7.46,0.01,43,32078,买盘
1718,13:19:09,7.45,-0.01,28,20860,卖盘
1719,13:19:06,7.46,0.01,90,67140,买盘
1720,13:19:03,7.45,-0.01,44,32780,卖盘
1721,13:19:00,7.46,0.01,19,14174,买盘
1722,13:18:54,7.45,-0.01,11,8195,卖盘
1723,13:18:51,7.46,--,62,46252,买盘
1724,13:18:48,7.46,--,25,18650,买盘
1725,13:18:45,7.46,--,3,2238,买盘
1726,13:18:42,7.46,0.01,77,57442,买盘
1727,13:18:39,7.45,-0.01,605,450725,卖盘
1728,13:18:36,7.46,--,102,76092,买盘
1729,13:18:33,7.46,--,43,32078,买盘
1730,13:18:30,7.46,0.01,20,14920,买盘
1731,13:18:27,7.45,--,4,2980,卖盘
1732,13:18:24,7.45,--,29,21605,卖盘
1733,13:18:21,7.45,-0.01,65,48425,卖盘
1734,13:18:18,7.46,--,1,746,买盘
1735,13:18:15,7.46,--,29,21634,买盘
1736,13:18:12,7.46,--,43,32078,买盘
1737,13:18:09,7.46,--,19,14174,买盘
1738,13:18:06,7.46,--,58,43268,买盘
1739,13:18:03,7.46,--,76,56696,买盘
1740,13:18:00,7.46,0.01,35,26110,买盘
1741,13:17:57,7.45,--,11,8195,卖盘
1742,13:17:54,7.45,-0.01,11,8195,卖盘
1743,13:17:51,7.46,--,43,32078,买盘
1744,13:17:48,7.46,--,19,14174,买盘
1745,13:17:45,7.46,--,12,8952,买盘
1746,13:17:42,7.46,0.01,62,46252,买盘
1747,13:17:33,7.45,-0.01,82,61090,卖盘
1748,13:17:30,7.46,0.01,138,102948,买盘
1749,13:17:27,7.45,--,10,7450,卖盘
1750,13:17:21,7.45,-0.01,144,107280,卖盘
1751,13:17:18,7.46,0.01,19,14174,买盘
1752,13:17:15,7.45,-0.01,11,8195,卖盘
1753,13:17:12,7.46,0.01,67,49982,买盘
1754,13:17:09,7.45,-0.01,12,8940,卖盘
1755,13:17:06,7.46,--,52,38792,买盘
1756,13:17:03,7.46,--,76,56696,买盘
1757,13:17:00,7.46,0.01,18,13428,买盘
1758,13:16:57,7.45,-0.01,10,7450,卖盘
1759,13:16:51,7.46,--,63,46998,买盘
1760,13:16:48,7.46,--,5,3730,买盘
1761,13:16:45,7.46,0.01,3,2238,买盘
1762,13:16:42,7.45,-0.01,63,46935,卖盘
1763,13:16:39,7.46,--,2,1492,买盘
1764,13:16:36,7.46,--,100,74600,买盘
1765,13:16:33,7.46,--,43,32078,买盘
1766,13:16:30,7.46,--,21,15666,买盘
1767,13:16:27,7.46,--,18,13428,卖盘
1768,13:16:21,7.46,--,168,125328,买盘
1769,13:16:18,7.46,--,103,76838,买盘
1770,13:16:15,7.46,--,91,67886,买盘
1771,13:16:12,7.46,--,68,50728,买盘
1772,13:16:09,7.46,0.01,18,13428,买盘
1773,13:16:06,7.45,--,52,38740,卖盘
1774,13:16:03,7.45,-0.01,94,70030,卖盘
1775,13:16:00,7.46,0.01,39,29094,买盘
1776,13:15:57,7.45,--,5,3725,卖盘
1777,13:15:54,7.45,-0.01,64,47680,卖盘
1778,13:15:51,7.46,0.01,43,32078,买盘
1779,13:15:48,7.45,-0.01,37,27565,卖盘
1780,13:15:45,7.46,--,2,1492,买盘
1781,13:15:42,7.46,--,54,40284,买盘
1782,13:15:39,7.46,--,25,18650,买盘
1783,13:15:36,7.46,--,16,11936,卖盘
1784,13:15:33,7.46,-0.01,27,20142,中性盘
1785,13:15:30,7.47,0.01,62,46314,买盘
1786,13:15:27,7.46,0.01,2,1492,买盘
1787,13:15:24,7.45,-0.02,2,1490,卖盘
1788,13:15:21,7.47,--,192,143424,买盘
1789,13:15:18,7.47,--,20,14940,买盘
1790,13:15:15,7.47,--,2,1494,买盘
1791,13:15:12,7.47,--,42,31374,买盘
1792,13:15:09,7.47,0.01,19,14193,买盘
1793,13:15:06,7.46,--,51,38046,卖盘
1794,13:15:03,7.46,-0.01,4,2984,买盘
1795,13:15:00,7.47,0.02,2260,1688220,买盘
1796,13:14:57,7.45,--,26,19370,买盘
1797,13:14:54,7.45,-0.01,30,22350,卖盘
1798,13:14:51,7.46,--,45,33570,买盘
1799,13:14:48,7.46,--,19,14174,买盘
1800,13:14:45,7.46,--,2,1492,买盘
1801,13:14:42,7.46,--,43,32078,买盘
1802,13:14:39,7.46,--,18,13428,买盘
1803,13:14:36,7.46,--,2,1492,买盘
1804,13:14:33,7.46,0.02,42,31332,买盘
1805,13:14:30,7.44,-0.02,409,304296,卖盘
1806,13:14:27,7.46,0.01,21,15666,买盘
1807,13:14:24,7.45,-0.01,20,14900,卖盘
1808,13:14:21,7.46,--,45,33570,买盘
1809,13:14:18,7.46,--,19,14174,买盘
1810,13:14:15,7.46,--,2,1492,买盘
1811,13:14:12,7.46,--,48,35808,买盘
1812,13:14:09,7.46,0.01,51,38046,买盘
1813,13:14:06,7.45,--,67,49915,卖盘
1814,13:14:03,7.45,-0.01,45,33525,卖盘
1815,13:14:00,7.46,--,136,101456,买盘
1816,13:13:54,7.46,--,10,7460,买盘
1817,13:13:51,7.46,0.01,43,32078,买盘
1818,13:13:48,7.45,-0.01,51,37995,卖盘
1819,13:13:45,7.46,--,50,37300,买盘
1820,13:13:42,7.46,--,43,32078,买盘
1821,13:13:39,7.46,--,20,14920,买盘
1822,13:13:36,7.46,--,5,3730,买盘
1823,13:13:33,7.46,--,43,32078,买盘
1824,13:13:27,7.46,0.01,19,14174,买盘
1825,13:13:21,7.45,-0.01,66,49170,卖盘
1826,13:13:18,7.46,0.01,3,2238,买盘
1827,13:13:15,7.45,--,9,7368,卖盘
1828,13:13:12,7.45,-0.01,93,69285,卖盘
1829,13:13:09,7.46,0.01,18,13428,买盘
1830,13:13:06,7.45,--,95,70775,卖盘
1831,13:13:03,7.45,--,46,34270,卖盘
1832,13:13:00,7.45,-0.01,4,2980,卖盘
1833,13:12:57,7.46,0.01,22,16412,买盘
1834,13:12:54,7.45,-0.01,2,1490,卖盘
1835,13:12:51,7.46,--,44,32824,买盘
1836,13:12:48,7.46,--,1038,774348,买盘
1837,13:12:42,7.46,--,43,32078,买盘
1838,13:12:39,7.46,--,17,12682,买盘
1839,13:12:36,7.46,--,59,44014,买盘
1840,13:12:33,7.46,--,45,33570,买盘
1841,13:12:30,7.46,-0.01,149,111154,卖盘
1842,13:12:27,7.47,0.03,598,446706,买盘
1843,13:12:24,7.44,--,2,1488,卖盘
1844,13:12:21,7.44,-0.02,43,31992,卖盘
1845,13:12:18,7.46,0.02,1519,1133174,买盘
1846,13:12:15,7.44,-0.02,564,419616,卖盘
1847,13:12:12,7.46,--,44,32824,买盘
1848,13:12:09,7.46,0.02,19,14174,买盘
1849,13:12:06,7.44,-0.02,54,40176,卖盘
1850,13:12:03,7.46,--,45,33570,买盘
1851,13:12:00,7.46,0.01,18,13428,买盘
1852,13:11:57,7.45,-0.01,1,745,中性盘
1853,13:11:51,7.46,--,47,35062,买盘
1854,13:11:48,7.46,--,19,14174,买盘
1855,13:11:45,7.46,0.01,90,67140,买盘
1856,13:11:42,7.45,--,83,61835,卖盘
1857,13:11:39,7.45,--,20,14900,卖盘
1858,13:11:36,7.45,-0.01,30,22350,卖盘
1859,13:11:33,7.46,0.01,44,32824,买盘
1860,13:11:30,7.45,-0.01,10,7450,卖盘
1861,13:11:27,7.46,0.01,2024,1509904,买盘
1862,13:11:21,7.45,-0.01,44,32780,卖盘
1863,13:11:18,7.46,--,3,2238,买盘
1864,13:11:15,7.46,--,21,15666,买盘
1865,13:11:12,7.46,--,43,32078,买盘
1866,13:11:06,7.46,--,71,52966,买盘
1867,13:11:03,7.46,--,44,32824,买盘
1868,13:10:57,7.46,0.01,19,14174,买盘
1869,13:10:51,7.45,-0.01,3,2235,买盘
1870,13:10:48,7.46,0.01,19,14174,买盘
1871,13:10:45,7.45,--,3,2235,买盘
1872,13:10:42,7.45,-0.01,641,477545,卖盘
1873,13:10:39,7.46,0.01,31,23126,买盘
1874,13:10:36,7.45,--,2,1490,卖盘
1875,13:10:33,7.45,-0.01,46,34270,卖盘
1876,13:10:30,7.46,--,119,88774,买盘
1877,13:10:27,7.46,0.01,12,8952,买盘
1878,13:10:24,7.45,--,36,26820,买盘
1879,13:10:21,7.45,0.01,44,32780,买盘
1880,13:10:18,7.44,-0.01,6,4464,卖盘
1881,13:10:15,7.45,--,42,31290,买盘
1882,13:10:12,7.45,--,543,404535,买盘
1883,13:10:09,7.45,--,1,745,买盘
1884,13:10:06,7.45,--,53,39485,买盘
1885,13:10:03,7.45,--,45,33525,买盘
1886,13:10:00,7.45,--,1,745,买盘
1887,13:09:57,7.45,-0.01,46,34270,中性盘
1888,13:09:54,7.46,--,1,746,买盘
1889,13:09:51,7.46,--,46,34316,买盘
1890,13:09:48,7.46,--,52,38792,买盘
1891,13:09:45,7.46,--,4,2984,买盘
1892,13:09:42,7.46,--,244,182024,买盘
1893,13:09:39,7.46,--,2,1492,买盘
1894,13:09:36,7.46,--,37,27602,买盘
1895,13:09:33,7.46,--,141,105186,买盘
1896,13:09:30,7.46,--,1,746,买盘
1897,13:09:27,7.46,0.02,25,18650,买盘
1898,13:09:24,7.44,-0.02,13,9672,卖盘
1899,13:09:21,7.46,--,49,36554,买盘
1900,13:09:18,7.46,--,62,46252,买盘
1901,13:09:15,7.46,--,20,14920,买盘
1902,13:09:12,7.46,--,580,432680,买盘
1903,13:09:09,7.46,0.01,44,32824,买盘
1904,13:09:06,7.45,-0.01,53,39485,卖盘
1905,13:09:03,7.46,--,47,35062,买盘
1906,13:09:00,7.46,--,2,1492,买盘
1907,13:08:57,7.46,--,19,14174,买盘
1908,13:08:54,7.46,--,1,746,买盘
1909,13:08:51,7.46,--,43,32078,买盘
1910,13:08:48,7.46,--,25,18650,买盘
1911,13:08:45,7.46,--,8,5968,买盘
1912,13:08:42,7.46,--,44,32824,买盘
1913,13:08:39,7.46,--,2,1492,买盘
1914,13:08:36,7.46,0.01,37,27602,买盘
1915,13:08:33,7.45,-0.01,67,49915,卖盘
1916,13:08:30,7.46,--,2,1492,买盘
1917,13:08:27,7.46,--,20,14920,买盘
1918,13:08:24,7.46,--,1,746,买盘
1919,13:08:21,7.46,--,44,32824,买盘
1920,13:08:18,7.46,--,1,746,买盘
1921,13:08:15,7.46,--,218,162628,买盘
1922,13:08:12,7.46,--,44,32824,买盘
1923,13:08:09,7.46,--,20,14920,买盘
1924,13:08:06,7.46,--,71,52966,卖盘
1925,13:08:03,7.46,--,23,17158,买盘
1926,13:08:00,7.46,0.01,35,26110,卖盘
1927,13:07:57,7.45,--,185,137825,卖盘
1928,13:07:54,7.45,-0.02,482,359090,卖盘
1929,13:07:51,7.47,--,43,32121,买盘
1930,13:07:48,7.47,--,22,16434,买盘
1931,13:07:45,7.47,--,3,2241,买盘
1932,13:07:42,7.47,0.02,45,33615,买盘
1933,13:07:39,7.45,-0.02,92,68540,卖盘
1934,13:07:36,7.47,--,2,1494,买盘
1935,13:07:33,7.47,--,45,33615,买盘
1936,13:07:30,7.47,--,12,8964,买盘
1937,13:07:27,7.47,0.01,21,15687,买盘
1938,13:07:24,7.46,0.01,3,2238,买盘
1939,13:07:21,7.45,-0.01,105,78225,卖盘
1940,13:07:18,7.46,0.01,23,17158,买盘
1941,13:07:15,7.45,-0.02,19,14155,卖盘
1942,13:07:12,7.47,--,45,33615,买盘
1943,13:07:09,7.47,--,20,14940,买盘
1944,13:07:06,7.47,--,2051,1532097,买盘
1945,13:07:03,7.47,--,171,127737,买盘
1946,13:07:00,7.47,--,94,70218,买盘
1947,13:06:57,7.47,0.01,20,14940,买盘
1948,13:06:54,7.46,-0.01,6,4476,卖盘
1949,13:06:51,7.47,--,44,32868,买盘
1950,13:06:48,7.47,--,29,21663,买盘
1951,13:06:45,7.47,--,168,125496,买盘
1952,13:06:42,7.47,0.01,43,32121,买盘
1953,13:06:36,7.46,--,21,15666,卖盘
1954,13:06:33,7.46,--,44,32824,卖盘
1955,13:06:30,7.46,-0.01,39,29094,卖盘
1956,13:06:27,7.47,0.01,3,2241,买盘
1957,13:06:24,7.46,--,1406,1048876,买盘
1958,13:06:21,7.46,--,146,108916,买盘
1959,13:06:18,7.46,--,10,7460,买盘
1960,13:06:15,7.46,--,22,16412,买盘
1961,13:06:12,7.46,--,43,32078,买盘
1962,13:06:09,7.46,--,416,310336,卖盘
1963,13:06:06,7.46,-0.01,52,38792,卖盘
1964,13:06:03,7.47,0.01,132,98604,买盘
1965,13:05:54,7.46,-0.01,6,4476,卖盘
1966,13:05:51,7.47,--,42,31374,买盘
1967,13:05:48,7.47,0.01,61,45567,买盘
1968,13:05:45,7.46,-0.01,33,24618,卖盘
1969,13:05:42,7.47,--,132,98604,买盘
1970,13:05:39,7.47,--,31,23157,买盘
1971,13:05:36,7.47,--,22,16434,买盘
1972,13:05:33,7.47,0.01,43,32121,买盘
1973,13:05:30,7.46,--,1,746,卖盘
1974,13:05:27,7.46,-0.01,5,3730,卖盘
1975,13:05:24,7.47,0.01,6,4482,买盘
1976,13:05:21,7.46,-0.01,142,105932,卖盘
1977,13:05:15,7.47,0.01,8,5976,买盘
1978,13:05:12,7.46,0.01,101,75346,买盘
1979,13:05:06,7.45,-0.02,51,37995,卖盘
1980,13:05:03,7.47,0.02,2043,1526121,买盘
1981,13:05:00,7.45,--,92,68540,卖盘
1982,13:04:54,7.45,-0.01,7,5215,卖盘
1983,13:04:51,7.46,--,44,32824,买盘
1984,13:04:45,7.46,0.01,83,61918,买盘
1985,13:04:42,7.45,-0.01,44,32780,卖盘
1986,13:04:39,7.46,0.01,101,75346,买盘
1987,13:04:36,7.45,-0.01,15,11175,卖盘
1988,13:04:33,7.46,--,43,32078,买盘
1989,13:04:27,7.46,--,2,1492,买盘
1990,13:04:24,7.46,--,88,65648,买盘
1991,13:04:21,7.46,--,148,110408,买盘
1992,13:04:18,7.46,0.01,11,8206,买盘
1993,13:04:15,7.45,-0.01,6,4470,卖盘
1994,13:04:12,7.46,0.02,43,32078,买盘
1995,13:04:06,7.44,-0.02,145,107880,卖盘
1996,13:04:03,7.46,--,45,33570,买盘
1997,13:04:00,7.46,0.02,88,65648,买盘
1998,13:03:54,7.44,-0.02,28,20832,卖盘
1999,13:03:51,7.46,0.02,43,32078,买盘
2000,13:03:48,7.44,-0.02,9,6696,卖盘
2001,13:03:45,7.46,0.02,2130,1588980,买盘
2002,13:03:42,7.44,-0.01,131,97464,卖盘
2003,13:03:39,7.45,0.01,47,35015,买盘
2004,13:03:33,7.44,-0.01,59,43896,卖盘
2005,13:03:30,7.45,0.01,89,66305,买盘
2006,13:03:27,7.44,-0.01,6,4464,卖盘
2007,13:03:24,7.45,--,104,77480,买盘
2008,13:03:21,7.45,--,159,118455,买盘
2009,13:03:18,7.45,--,9,6705,买盘
2010,13:03:15,7.45,--,11,8195,买盘
2011,13:03:12,7.45,--,55,40975,买盘
2012,13:03:09,7.45,0.01,50,37250,买盘
2013,13:03:06,7.44,--,698,519312,卖盘
2014,13:03:03,7.44,-0.01,117,87048,卖盘
2015,13:03:00,7.45,--,146,108770,买盘
2016,13:02:54,7.45,--,455,338975,买盘
2017,13:02:51,7.45,--,42,31290,买盘
2018,13:02:48,7.45,--,16,11920,买盘
2019,13:02:45,7.45,0.01,94,70030,买盘
2020,13:02:42,7.44,-0.01,136,101184,卖盘
2021,13:02:33,7.45,--,43,32035,买盘
2022,13:02:27,7.45,--,1,745,买盘
2023,13:02:24,7.45,--,88,65560,买盘
2024,13:02:21,7.45,--,180,134100,买盘
2025,13:02:15,7.45,--,2,1490,买盘
2026,13:02:12,7.45,--,60,44700,买盘
2027,13:02:09,7.45,--,12,8940,买盘
2028,13:02:06,7.45,--,142,105790,买盘
2029,13:02:03,7.45,0.01,46,34270,买盘
2030,13:02:00,7.44,--,124,92256,卖盘
2031,13:01:57,7.44,-0.01,16,11904,卖盘
2032,13:01:51,7.45,--,43,32035,买盘
2033,13:01:45,7.45,--,90,67050,买盘
2034,13:01:42,7.45,0.01,159,118455,买盘
2035,13:01:36,7.44,--,559,415896,卖盘
2036,13:01:33,7.44,--,143,106392,卖盘
2037,13:01:30,7.44,-0.01,80,59520,卖盘
2038,13:01:27,7.45,0.01,126,93870,买盘
2039,13:01:21,7.44,-0.01,45,33480,卖盘
2040,13:01:15,7.45,0.01,2,1490,买盘
2041,13:01:12,7.44,--,72,53568,卖盘
2042,13:01:09,7.44,--,5,3720,卖盘
2043,13:01:06,7.44,-0.01,151,112344,卖盘
2044,13:01:03,7.45,--,42,31290,买盘
2045,13:01:00,7.45,--,32,23840,买盘
2046,13:00:54,7.45,--,17,12665,买盘
2047,13:00:51,7.45,0.01,43,32035,买盘
2048,13:00:48,7.44,-0.01,5,3720,卖盘
2049,13:00:45,7.45,--,96,71520,买盘
2050,13:00:42,7.45,--,43,32035,买盘
2051,13:00:36,7.45,--,1,745,买盘
2052,13:00:33,7.45,--,44,32780,买盘
2053,13:00:27,7.45,0.01,92,68540,买盘
2054,13:00:21,7.44,-0.01,43,31992,卖盘
2055,13:00:15,7.45,--,2,1490,买盘
2056,13:00:12,7.45,0.01,49,36505,买盘
2057,13:00:09,7.44,-0.01,223,165912,卖盘
2058,13:00:06,7.45,0.01,248,184760,买盘
2059,13:00:03,7.44,-0.01,1583,1177752,卖盘
2060,13:00:00,7.45,0.01,3,2235,买盘
2061,11:30:00,7.44,-0.01,1,744,卖盘
2062,11:29:57,7.45,--,97,72265,买盘
2063,11:29:54,7.45,--,6,4470,买盘
2064,11:29:51,7.45,--,44,32780,买盘
2065,11:29:48,7.45,0.01,621,462645,买盘
2066,11:29:45,7.44,-0.01,4,2976,卖盘
2067,11:29:42,7.45,0.01,43,32035,买盘
2068,11:29:39,7.44,--,8,5952,卖盘
2069,11:29:33,7.44,-0.01,174,129456,卖盘
2070,11:29:30,7.45,0.01,207,154215,买盘
2071,11:29:27,7.44,--,200,148800,卖盘
2072,11:29:24,7.44,--,32,23808,卖盘
2073,11:29:21,7.44,--,60,44640,卖盘
2074,11:29:18,7.44,-0.01,101,75144,卖盘
2075,11:29:15,7.45,0.01,74,55130,买盘
2076,11:29:12,7.44,-0.01,74,55056,卖盘
2077,11:29:06,7.45,--,2,1490,买盘
2078,11:29:03,7.45,--,84,62580,买盘
2079,11:28:51,7.45,0.01,109,81205,买盘
2080,11:28:48,7.44,-0.01,1,744,卖盘
2081,11:28:42,7.45,--,42,31290,买盘
2082,11:28:39,7.45,0.01,3,2235,买盘
2083,11:28:36,7.44,--,2,1584,卖盘
2084,11:28:33,7.44,--,94,69936,卖盘
2085,11:28:21,7.44,-0.01,72,53568,卖盘
2086,11:28:15,7.45,--,33,24585,买盘
2087,11:28:12,7.45,0.01,46,34270,买盘
2088,11:28:09,7.44,-0.01,23,17112,卖盘
2089,11:28:06,7.45,--,2,1490,买盘
2090,11:28:03,7.45,--,109,81205,买盘
2091,11:27:51,7.45,--,42,31290,买盘
2092,11:27:48,7.45,--,41,31260,卖盘
2093,11:27:42,7.45,--,6,4499,买盘
2094,11:27:39,7.45,--,2,1490,买盘
2095,11:27:36,7.45,--,91,68510,卖盘
2096,11:27:33,7.45,-0.01,134,99830,卖盘
2097,11:27:27,7.46,0.01,158,117868,买盘
2098,11:27:24,7.45,--,39,29084,买盘
2099,11:27:21,7.45,--,485,361325,买盘
2100,11:27:18,7.45,--,315,234675,买盘
2101,11:27:15,7.45,--,20,14900,买盘
2102,11:27:12,7.45,0.01,604,449980,买盘
2103,11:27:06,7.44,-0.01,3,2232,卖盘
2104,11:27:03,7.45,--,43,32035,买盘
2105,11:26:54,7.45,-0.01,919,685370,卖盘
2106,11:26:51,7.46,--,42,31332,买盘
2107,11:26:48,7.46,--,9,6714,买盘
2108,11:26:42,7.46,--,42,31332,买盘
2109,11:26:39,7.46,0.01,85,63410,买盘
2110,11:26:36,7.45,-0.01,30,22350,卖盘
2111,11:26:33,7.46,0.01,124,92504,买盘
2112,11:26:30,7.45,-0.01,20,14900,卖盘
2113,11:26:27,7.46,--,128,95488,买盘
2114,11:26:24,7.46,--,8,5968,买盘
2115,11:26:21,7.46,--,163,121598,买盘
2116,11:26:18,7.46,--,3,2238,买盘
2117,11:26:15,7.46,--,13,9698,买盘
2118,11:26:12,7.46,--,46,34316,买盘
2119,11:26:06,7.46,0.01,48,35808,买盘
2120,11:26:03,7.45,--,226,168370,卖盘
2121,11:26:00,7.45,-0.01,192,143040,卖盘
2122,11:25:57,7.46,0.01,25,18650,买盘
2123,11:25:54,7.45,-0.01,5,3725,卖盘
2124,11:25:51,7.46,0.01,42,31332,买盘
2125,11:25:48,7.45,-0.01,51,37995,卖盘
2126,11:25:45,7.46,--,20,14920,买盘
2127,11:25:42,7.46,--,60,44760,买盘
2128,11:25:39,7.46,--,34,25364,买盘
2129,11:25:36,7.46,0.01,22,16412,买盘
2130,11:25:33,7.45,-0.01,185,137825,卖盘
2131,11:25:30,7.46,--,34,25364,买盘
2132,11:25:27,7.46,--,16,11936,买盘
2133,11:25:24,7.46,--,21,15666,买盘
2134,11:25:21,7.46,--,122,91012,买盘
2135,11:25:18,7.46,0.01,22,16412,买盘
2136,11:25:15,7.45,-0.01,44,32780,卖盘
2137,11:25:12,7.46,--,98,73108,买盘
2138,11:25:09,7.46,--,12,8952,买盘
2139,11:25:06,7.46,0.01,57,42522,买盘
2140,11:25:03,7.45,-0.01,50,37250,卖盘
2141,11:25:00,7.46,--,37,27602,买盘
2142,11:24:57,7.46,0.01,96,71616,买盘
2143,11:24:54,7.45,--,10,7450,卖盘
2144,11:24:51,7.45,-0.01,49,36505,卖盘
2145,11:24:48,7.46,--,55,41030,买盘
2146,11:24:42,7.46,0.01,77,57442,买盘
2147,11:24:39,7.45,-0.01,99,73755,卖盘
2148,11:24:36,7.46,--,29,21634,买盘
2149,11:24:33,7.46,--,111,82806,买盘
2150,11:24:30,7.46,--,108,80568,买盘
2151,11:24:27,7.46,--,8,5968,买盘
2152,11:24:24,7.46,--,32,23872,买盘
2153,11:24:21,7.46,--,59,44014,买盘
2154,11:24:18,7.46,--,116,86536,买盘
2155,11:24:15,7.46,--,172,128312,买盘
2156,11:24:12,7.46,--,105,78330,买盘
2157,11:24:09,7.46,--,146,108916,卖盘
2158,11:24:06,7.46,--,9,6714,卖盘
2159,11:24:03,7.46,--,224,167133,买盘
2160,11:24:00,7.46,--,9,6714,买盘
2161,11:23:51,7.46,0.01,74,55204,买盘
2162,11:23:48,7.45,-0.01,3,2235,卖盘
2163,11:23:42,7.46,0.01,300,223800,买盘
2164,11:23:39,7.45,-0.01,3,2235,卖盘
2165,11:23:36,7.46,0.01,20,14920,买盘
2166,11:23:33,7.45,-0.01,96,71520,卖盘
2167,11:23:30,7.46,--,12,8952,买盘
2168,11:23:27,7.46,--,19,14174,买盘
2169,11:23:24,7.46,--,60,44760,买盘
2170,11:23:21,7.46,0.01,41,30586,买盘
2171,11:23:18,7.45,-0.01,54,40230,卖盘
2172,11:23:15,7.46,--,7,5222,买盘
2173,11:23:12,7.46,--,46,34316,买盘
2174,11:23:09,7.46,--,10,7460,买盘
2175,11:23:06,7.46,--,3,2238,买盘
2176,11:23:03,7.46,--,55,41030,买盘
2177,11:22:57,7.46,--,97,72362,买盘
2178,11:22:51,7.46,0.01,123,91758,买盘
2179,11:22:48,7.45,--,54,40230,卖盘
2180,11:22:45,7.45,-0.01,31,23095,卖盘
2181,11:22:42,7.46,0.01,43,32078,买盘
2182,11:22:39,7.45,-0.01,14,10430,卖盘
2183,11:22:36,7.46,0.01,1,746,买盘
2184,11:22:33,7.45,--,276,205620,卖盘
2185,11:22:30,7.45,-0.01,191,142295,卖盘
2186,11:22:24,7.46,--,22,16412,买盘
2187,11:22:21,7.46,--,42,31332,买盘
2188,11:22:18,7.46,--,20,14920,买盘
2189,11:22:15,7.46,--,22,16412,买盘
2190,11:22:12,7.46,0.01,45,33570,买盘
2191,11:22:09,7.45,-0.01,38,28310,卖盘
2192,11:22:06,7.46,--,32,23872,买盘
2193,11:22:03,7.46,0.01,43,32078,买盘
2194,11:22:00,7.45,-0.01,10,7450,卖盘
2195,11:21:57,7.46,--,48,35808,买盘
2196,11:21:51,7.46,--,43,32078,买盘
2197,11:21:48,7.46,--,3,2238,买盘
2198,11:21:42,7.46,0.01,58,43268,买盘
2199,11:21:39,7.45,--,4,2980,卖盘
2200,11:21:33,7.45,-0.01,110,81950,卖盘
2201,11:21:30,7.46,--,21,15666,买盘
2202,11:21:27,7.46,0.01,6,4476,买盘
2203,11:21:24,7.45,--,467,347915,卖盘
2204,11:21:21,7.45,--,481,358345,卖盘
2205,11:21:18,7.45,-0.01,43,32035,卖盘
2206,11:21:12,7.46,--,46,34316,买盘
2207,11:21:09,7.46,--,4,2984,买盘
2208,11:21:06,7.46,--,13,9698,买盘
2209,11:21:03,7.46,--,43,32078,买盘
2210,11:21:00,7.46,--,28,20888,买盘
2211,11:20:57,7.46,--,50,37300,买盘
2212,11:20:54,7.46,--,18,13428,买盘
2213,11:20:51,7.46,--,42,31332,买盘
2214,11:20:48,7.46,--,1,746,买盘
2215,11:20:42,7.46,--,143,106678,买盘
2216,11:20:39,7.46,0.01,25,18650,买盘
2217,11:20:33,7.45,--,93,69285,卖盘
2218,11:20:30,7.45,--,61,45445,卖盘
2219,11:20:27,7.45,--,22,16390,卖盘
2220,11:20:24,7.45,-0.01,3,2235,卖盘
2221,11:20:21,7.46,--,43,32078,买盘
2222,11:20:18,7.46,--,31,23126,买盘
2223,11:20:15,7.46,0.01,50,37300,买盘
2224,11:20:12,7.45,-0.01,50,37250,卖盘
2225,11:20:09,7.46,--,17,12682,买盘
2226,11:20:06,7.46,--,64,47744,买盘
2227,11:20:03,7.46,--,44,32824,买盘
2228,11:20:00,7.46,--,1,746,买盘
2229,11:19:57,7.46,--,100,74600,买盘
2230,11:19:54,7.46,--,18,13428,买盘
2231,11:19:51,7.46,--,53,39538,买盘
2232,11:19:48,7.46,--,1,746,买盘
2233,11:19:42,7.46,--,42,31332,买盘
2234,11:19:39,7.46,--,101,75346,买盘
2235,11:19:36,7.46,0.01,1,746,买盘
2236,11:19:33,7.45,-0.01,190,141550,卖盘
2237,11:19:30,7.46,--,3,2238,买盘
2238,11:19:27,7.46,--,458,341668,买盘
2239,11:19:21,7.46,--,43,32078,买盘
2240,11:19:18,7.46,--,72,53712,买盘
2241,11:19:12,7.46,--,45,33570,买盘
2242,11:19:09,7.46,--,2,1492,买盘
2243,11:19:06,7.46,--,3,2238,买盘
2244,11:19:03,7.46,--,84,63380,卖盘
2245,11:18:57,7.46,-0.01,9,6743,卖盘
2246,11:18:54,7.47,--,12,8964,买盘
2247,11:18:51,7.47,0.01,49,36603,买盘
2248,11:18:48,7.46,-0.01,52,38792,卖盘
2249,11:18:42,7.47,0.02,142,106074,买盘
2250,11:18:39,7.45,-0.01,141,105045,卖盘
2251,11:18:33,7.46,-0.01,94,70124,卖盘
2252,11:18:30,7.47,0.01,135,100845,买盘
2253,11:18:27,7.46,--,1,746,卖盘
2254,11:18:24,7.46,-0.01,88,65648,卖盘
2255,11:18:21,7.47,0.01,45,33615,买盘
2256,11:18:18,7.46,-0.01,7,5222,卖盘
2257,11:18:12,7.47,0.01,182,135954,买盘
2258,11:18:09,7.46,--,2,1492,买盘
2259,11:18:06,7.46,--,33,24618,买盘
2260,11:18:03,7.46,--,42,31332,买盘
2261,11:17:57,7.46,--,9,6714,买盘
2262,11:17:54,7.46,--,12,8952,买盘
2263,11:17:51,7.46,-0.01,151,112646,卖盘
2264,11:17:48,7.47,0.01,2,1494,买盘
2265,11:17:45,7.46,--,6,4476,卖盘
2266,11:17:42,7.46,-0.01,34,25364,买盘
2267,11:17:39,7.47,0.02,2,1494,买盘
2268,11:17:33,7.45,-0.02,64,47680,卖盘
2269,11:17:24,7.47,--,10,7470,买盘
2270,11:17:21,7.47,--,46,34362,买盘
2271,11:17:18,7.47,--,1,747,买盘
2272,11:17:12,7.47,--,45,33615,买盘
2273,11:17:09,7.47,--,2,1494,买盘
2274,11:17:06,7.47,--,2,1494,买盘
2275,11:17:03,7.47,--,42,31374,买盘
2276,11:17:00,7.47,--,1,747,买盘
2277,11:16:54,7.47,--,27,20169,买盘
2278,11:16:51,7.47,--,45,33615,买盘
2279,11:16:48,7.47,0.02,17,12699,买盘
2280,11:16:42,7.45,-0.02,47,35015,卖盘
2281,11:16:39,7.47,0.02,2,1494,买盘
2282,11:16:33,7.45,-0.02,94,70030,卖盘
2283,11:16:30,7.47,--,1,747,买盘
2284,11:16:27,7.47,--,470,351090,买盘
2285,11:16:21,7.47,0.01,128,95616,买盘
2286,11:16:18,7.46,-0.01,4,2984,卖盘
2287,11:16:15,7.47,--,33,24651,买盘
2288,11:16:12,7.47,--,46,34362,买盘
2289,11:16:09,7.47,--,15,11205,买盘
2290,11:16:06,7.47,--,20,14940,买盘
2291,11:16:03,7.47,0.01,34,25398,买盘
2292,11:16:00,7.46,--,1,746,买盘
2293,11:15:57,7.46,--,88,65648,买盘
2294,11:15:54,7.46,--,39,29094,买盘
2295,11:15:51,7.46,--,43,32078,买盘
2296,11:15:48,7.46,0.01,3,2238,买盘
2297,11:15:45,7.45,-0.01,85,63325,卖盘
2298,11:15:42,7.46,--,73,54458,买盘
2299,11:15:39,7.46,--,2,1492,买盘
2300,11:15:33,7.46,--,240,179040,卖盘
2301,11:15:27,7.46,-0.01,38,28348,卖盘
2302,11:15:21,7.47,--,42,31374,买盘
2303,11:15:18,7.47,0.01,2,1494,买盘
2304,11:15:15,7.46,--,5,3730,卖盘
2305,11:15:12,7.46,-0.01,77,57442,卖盘
2306,11:15:06,7.47,0.01,130,97110,买盘
2307,11:15:03,7.46,0.01,2,1492,中性盘
2308,11:15:00,7.45,--,58,43210,卖盘
2309,11:14:57,7.45,-0.02,1,745,卖盘
2310,11:14:54,7.47,--,12,8964,买盘
2311,11:14:51,7.47,--,43,32121,买盘
2312,11:14:48,7.47,--,1,747,买盘
2313,11:14:45,7.47,0.01,33,24651,买盘
2314,11:14:42,7.46,0.01,42,31332,买盘
2315,11:14:39,7.45,--,3,2235,卖盘
2316,11:14:33,7.45,--,139,103555,卖盘
2317,11:14:27,7.45,--,32,23840,卖盘
2318,11:14:24,7.45,-0.01,126,93870,卖盘
2319,11:14:21,7.46,--,117,87282,买盘
2320,11:14:18,7.46,0.01,13,9698,买盘
2321,11:14:12,7.45,--,72,53640,卖盘
2322,11:14:06,7.45,--,28,20860,卖盘
2323,11:14:03,7.45,-0.01,44,32780,卖盘
2324,11:14:00,7.46,--,1,746,买盘
2325,11:13:57,7.46,--,19,14174,买盘
2326,11:13:54,7.46,--,27,20142,买盘
2327,11:13:51,7.46,0.01,44,32824,买盘
2328,11:13:48,7.45,-0.01,11,8195,卖盘
2329,11:13:45,7.46,0.01,13,9698,中性盘
2330,11:13:42,7.45,-0.01,809,602705,卖盘
2331,11:13:39,7.46,--,96,71616,买盘
2332,11:13:36,7.46,0.01,154,114884,买盘
2333,11:13:33,7.45,-0.01,124,92380,卖盘
2334,11:13:30,7.46,0.01,5,3730,买盘
2335,11:13:27,7.45,-0.01,1,745,卖盘
2336,11:13:21,7.46,--,532,396872,买盘
2337,11:13:18,7.46,--,19,14174,买盘
2338,11:13:15,7.46,--,535,399110,买盘
2339,11:13:12,7.46,--,46,34316,买盘
2340,11:13:09,7.46,--,5,3730,买盘
2341,11:13:06,7.46,0.01,2,1492,买盘
2342,11:13:03,7.45,-0.01,43,32035,卖盘
2343,11:13:00,7.46,--,59,44014,买盘
2344,11:12:54,7.46,--,43,32078,买盘
2345,11:12:51,7.46,--,179,133534,买盘
2346,11:12:48,7.46,--,1,746,买盘
2347,11:12:45,7.46,--,84,62664,买盘
2348,11:12:42,7.46,0.01,52,38792,买盘
2349,11:12:39,7.45,-0.01,10,7450,卖盘
2350,11:12:33,7.46,--,319,237974,买盘
2351,11:12:27,7.46,0.01,105,78330,买盘
2352,11:12:24,7.45,-0.01,35,26380,卖盘
2353,11:12:21,7.46,--,102,76092,买盘
2354,11:12:18,7.46,--,3,2238,买盘
2355,11:12:15,7.46,0.01,6,4476,买盘
2356,11:12:12,7.45,--,95,70775,卖盘
2357,11:12:06,7.45,--,74,55130,卖盘
2358,11:12:03,7.45,-0.01,43,32035,卖盘
2359,11:12:00,7.46,--,1,746,买盘
2360,11:11:54,7.46,--,12,8952,买盘
2361,11:11:51,7.46,--,43,32078,买盘
2362,11:11:48,7.46,0.01,7,5222,买盘
2363,11:11:42,7.45,-0.01,123,91992,卖盘
2364,11:11:39,7.46,0.01,132,98472,买盘
2365,11:11:33,7.45,--,95,70775,卖盘
2366,11:11:30,7.45,-0.01,6,4470,卖盘
2367,11:11:27,7.46,--,260,193960,买盘
2368,11:11:24,7.46,--,59,44014,买盘
2369,11:11:21,7.46,--,154,114884,买盘
2370,11:11:18,7.46,--,1,746,买盘
2371,11:11:15,7.46,--,10,7460,买盘
2372,11:11:12,7.46,--,45,33570,买盘
2373,11:11:06,7.46,--,3,2238,买盘
2374,11:11:03,7.46,--,42,31332,买盘
2375,11:11:00,7.46,-0.01,67,50302,卖盘
2376,11:10:57,7.47,0.01,6,4900,买盘
2377,11:10:54,7.46,--,14,10444,卖盘
2378,11:10:51,7.46,--,154,114891,买盘
2379,11:10:48,7.46,--,11,8206,买盘
2380,11:10:42,7.46,0.01,44,32824,买盘
2381,11:10:39,7.45,--,7,5468,卖盘
2382,11:10:36,7.45,--,52,39097,卖盘
2383,11:10:33,7.45,--,153,113985,卖盘
2384,11:10:24,7.45,-0.01,187,139315,卖盘
2385,11:10:21,7.46,--,241,179786,买盘
2386,11:10:18,7.46,0.01,231,172326,买盘
2387,11:10:15,7.45,-0.01,285,212325,卖盘
2388,11:10:12,7.46,--,117,87282,买盘
2389,11:10:09,7.46,--,10,7460,买盘
2390,11:10:06,7.46,--,39,29504,卖盘
2391,11:10:03,7.46,--,78,58523,买盘
2392,11:10:00,7.46,--,1,746,买盘
2393,11:09:57,7.46,--,1,746,买盘
2394,11:09:54,7.46,-0.01,13,9698,卖盘
2395,11:09:51,7.47,--,42,31374,买盘
2396,11:09:48,7.47,0.01,127,94869,买盘
2397,11:09:42,7.46,0.01,42,31332,买盘
2398,11:09:39,7.45,-0.01,68,50660,卖盘
2399,11:09:33,7.46,-0.01,61,45707,卖盘
2400,11:09:30,7.47,--,54,40338,买盘
2401,11:09:27,7.47,0.01,105,78435,买盘
2402,11:09:24,7.46,-0.01,142,105932,卖盘
2403,11:09:21,7.47,--,52,38844,买盘
2404,11:09:18,7.47,0.01,12,8964,买盘
2405,11:09:12,7.46,--,56,41776,卖盘
2406,11:09:06,7.46,--,46,34316,卖盘
2407,11:09:03,7.46,-0.01,44,32824,卖盘
2408,11:09:00,7.47,--,1,747,买盘
2409,11:08:57,7.47,--,165,123255,买盘
2410,11:08:54,7.47,0.01,11,8217,买盘
2411,11:08:51,7.46,-0.01,27,20686,买盘
2412,11:08:48,7.47,--,1,747,买盘
2413,11:08:42,7.47,0.01,42,31374,买盘
2414,11:08:39,7.46,--,32,23872,买盘
2415,11:08:33,7.46,0.01,90,67140,卖盘
2416,11:08:30,7.45,-0.02,156,116220,卖盘
2417,11:08:27,7.47,--,1,747,买盘
2418,11:08:24,7.47,--,125,93375,买盘
2419,11:08:21,7.47,--,47,35109,买盘
2420,11:08:18,7.47,--,1,747,买盘
2421,11:08:15,7.47,--,1,747,买盘
2422,11:08:12,7.47,--,44,32868,买盘
2423,11:08:09,7.47,0.02,11,8926,买盘
2424,11:08:06,7.45,--,23,17135,卖盘
2425,11:08:03,7.45,-0.01,44,32780,卖盘
2426,11:08:00,7.46,--,1,746,买盘
2427,11:07:57,7.46,--,12,8952,买盘
2428,11:07:54,7.46,--,26,19396,买盘
2429,11:07:51,7.46,--,46,34316,买盘
2430,11:07:48,7.46,-0.01,71,52966,卖盘
2431,11:07:45,7.47,--,74,55278,买盘
2432,11:07:42,7.47,0.01,46,34362,买盘
2433,11:07:39,7.46,-0.01,42,31332,卖盘
2434,11:07:36,7.47,0.01,168,125496,买盘
2435,11:07:33,7.46,--,110,82060,卖盘
2436,11:07:27,7.46,-0.01,3,2238,卖盘
2437,11:07:21,7.47,0.01,42,31374,买盘
2438,11:07:18,7.46,-0.01,41,30586,卖盘
2439,11:07:15,7.47,--,138,103086,买盘
2440,11:07:12,7.47,0.01,78,58266,买盘
2441,11:07:09,7.46,--,1,746,卖盘
2442,11:07:06,7.46,-0.01,19,14174,卖盘
2443,11:07:03,7.47,0.01,42,31374,买盘
2444,11:07:00,7.46,-0.01,20,14920,卖盘
2445,11:06:57,7.47,--,1,747,买盘
2446,11:06:54,7.47,--,12,8964,买盘
2447,11:06:51,7.47,0.01,74,55278,买盘
2448,11:06:48,7.46,--,41,30586,卖盘
2449,11:06:45,7.46,--,16,11936,卖盘
2450,11:06:42,7.46,0.01,15,11190,买盘
2451,11:06:39,7.45,-0.01,129,96105,卖盘
2452,11:06:36,7.46,0.01,11,8206,买盘
2453,11:06:33,7.45,-0.01,94,70030,卖盘
2454,11:06:30,7.46,--,8,5968,买盘
2455,11:06:27,7.46,0.01,26,19396,买盘
2456,11:06:24,7.45,--,18,13410,卖盘
2457,11:06:21,7.45,-0.01,72,53640,卖盘
2458,11:06:18,7.46,--,12,8952,买盘
2459,11:06:15,7.46,--,1,746,买盘
2460,11:06:12,7.46,--,97,72362,买盘
2461,11:06:06,7.46,--,56,41776,买盘
2462,11:06:03,7.46,--,54,40284,买盘
2463,11:06:00,7.46,--,35,26110,买盘
2464,11:05:57,7.46,--,66,49236,买盘
2465,11:05:51,7.46,0.01,244,182024,买盘
2466,11:05:48,7.45,-0.01,15,11175,卖盘
2467,11:05:45,7.46,0.01,8,5968,买盘
2468,11:05:42,7.45,--,95,70775,卖盘
2469,11:05:39,7.45,-0.01,2,1490,卖盘
2470,11:05:36,7.46,--,2,1492,买盘
2471,11:05:33,7.46,--,107,79822,买盘
2472,11:05:30,7.46,--,11,8206,买盘
2473,11:05:27,7.46,--,97,72362,买盘
2474,11:05:24,7.46,--,18,13428,买盘
2475,11:05:21,7.46,--,42,31332,买盘
2476,11:05:18,7.46,--,3,2238,买盘
2477,11:05:15,7.46,--,18,13428,买盘
2478,11:05:12,7.46,0.01,46,34316,买盘
2479,11:05:09,7.45,-0.01,30,22350,卖盘
2480,11:05:06,7.46,0.01,3,2238,买盘
2481,11:05:03,7.45,-0.01,74,55130,卖盘
2482,11:05:00,7.46,--,1,746,买盘
2483,11:04:57,7.46,--,141,105186,买盘
2484,11:04:51,7.46,0.01,43,32078,买盘
2485,11:04:48,7.45,-0.01,11,8195,卖盘
2486,11:04:45,7.46,--,1,746,买盘
2487,11:04:42,7.46,0.01,84,62664,买盘
2488,11:04:39,7.45,-0.01,2,1490,卖盘
2489,11:04:36,7.46,0.01,14,10444,买盘
2490,11:04:33,7.45,-0.01,94,70030,卖盘
2491,11:04:30,7.46,0.01,108,80568,买盘
2492,11:04:27,7.45,-0.01,204,151980,卖盘
2493,11:04:24,7.46,--,7,5222,买盘
2494,11:04:21,7.46,--,42,31332,买盘
2495,11:04:18,7.46,--,34,25364,买盘
2496,11:04:15,7.46,0.01,391,291686,买盘
2497,11:04:12,7.45,-0.01,47,35015,卖盘
2498,11:04:09,7.46,--,11,8206,买盘
2499,11:04:06,7.46,--,11,8206,买盘
2500,11:04:03,7.46,--,46,34316,买盘
2501,11:04:00,7.46,--,73,54458,买盘
2502,11:03:57,7.46,--,98,73108,卖盘
2503,11:03:54,7.46,-0.01,152,113392,卖盘
2504,11:03:51,7.47,0.01,44,32868,买盘
2505,11:03:48,7.46,-0.01,30,22380,卖盘
2506,11:03:45,7.47,0.01,17,12699,买盘
2507,11:03:42,7.46,--,29,21634,买盘
2508,11:03:39,7.46,--,52,38792,买盘
2509,11:03:36,7.46,--,63,46998,卖盘
2510,11:03:33,7.46,--,52,38792,卖盘
2511,11:03:30,7.46,--,5,3730,买盘
2512,11:03:24,7.46,0.01,1,746,买盘
2513,11:03:21,7.45,-0.01,77,57365,卖盘
2514,11:03:18,7.46,-0.01,21,15666,卖盘
2515,11:03:12,7.47,0.01,139,103833,买盘
2516,11:03:09,7.46,--,2,1492,卖盘
2517,11:03:06,7.46,-0.01,3,2238,卖盘
2518,11:03:03,7.47,0.02,10,7470,买盘
2519,11:03:00,7.45,-0.01,46,34270,卖盘
2520,11:02:57,7.46,0.01,5,3730,买盘
2521,11:02:54,7.45,-0.02,14,10430,卖盘
2522,11:02:51,7.47,0.01,49,36603,买盘
2523,11:02:48,7.46,--,5,3730,买盘
2524,11:02:45,7.46,-0.01,1,746,中性盘
2525,11:02:42,7.47,--,42,31374,买盘
2526,11:02:39,7.47,0.02,11,8217,买盘
2527,11:02:33,7.45,-0.01,78,58110,卖盘
2528,11:02:30,7.46,--,8,5968,买盘
2529,11:02:24,7.46,--,22,16412,买盘
2530,11:02:21,7.46,--,43,32078,买盘
2531,11:02:18,7.46,--,15,11190,买盘
2532,11:02:15,7.46,--,11,8206,买盘
2533,11:02:12,7.46,--,78,58188,买盘
2534,11:02:06,7.46,--,12,8952,买盘
2535,11:02:03,7.46,--,44,32824,买盘
2536,11:02:00,7.46,--,12,8952,买盘
2537,11:01:57,7.46,--,102,76092,买盘
2538,11:01:51,7.46,--,92,68632,买盘
2539,11:01:48,7.46,0.01,110,82060,买盘
2540,11:01:45,7.45,-0.01,2,1490,卖盘
2541,11:01:42,7.46,--,84,62664,买盘
2542,11:01:39,7.46,0.01,32,23872,买盘
2543,11:01:33,7.45,-0.02,95,70775,卖盘
2544,11:01:30,7.47,0.02,7,5229,买盘
2545,11:01:27,7.45,-0.02,41,30545,卖盘
2546,11:01:24,7.47,--,2,1494,买盘
2547,11:01:21,7.47,--,249,186003,买盘
2548,11:01:18,7.47,--,1,747,买盘
2549,11:01:12,7.47,--,44,32868,买盘
2550,11:01:09,7.47,0.01,140,104580,买盘
2551,11:01:06,7.46,--,37,27602,卖盘
2552,11:01:03,7.46,--,11,8206,买盘
2553,11:01:00,7.46,--,1,746,买盘
2554,11:00:57,7.46,-0.01,42,31332,卖盘
2555,11:00:54,7.47,--,151,112797,买盘
2556,11:00:51,7.47,0.01,122,91134,买盘
2557,11:00:48,7.46,-0.01,28,20888,卖盘
2558,11:00:45,7.47,--,1,747,买盘
2559,11:00:42,7.47,0.01,42,31374,买盘
2560,11:00:39,7.46,-0.01,3,2238,卖盘
2561,11:00:36,7.47,0.01,4,2988,买盘
2562,11:00:33,7.46,-0.01,107,79822,卖盘
2563,11:00:30,7.47,0.01,8,5976,买盘
2564,11:00:27,7.46,-0.01,301,224546,卖盘
2565,11:00:24,7.47,--,2,1494,买盘
2566,11:00:21,7.47,0.01,42,31374,买盘
2567,11:00:18,7.46,--,98,73108,卖盘
2568,11:00:12,7.46,-0.01,193,143978,卖盘
2569,11:00:09,7.47,--,15,11205,买盘
2570,11:00:06,7.47,--,101,75447,买盘
2571,11:00:03,7.47,--,44,32868,买盘
2572,11:00:00,7.47,--,1,747,买盘
2573,10:59:51,7.47,--,62,46314,买盘
2574,10:59:48,7.47,--,12,8964,买盘
2575,10:59:45,7.47,0.01,20,14940,买盘
2576,10:59:42,7.46,--,59,44014,卖盘
2577,10:59:39,7.46,-0.01,1,746,卖盘
2578,10:59:36,7.47,0.01,27,20169,买盘
2579,10:59:33,7.46,-0.01,94,70124,卖盘
2580,10:59:30,7.47,--,8,5976,买盘
2581,10:59:27,7.47,--,4,2988,买盘
2582,10:59:24,7.47,--,1,747,买盘
2583,10:59:21,7.47,0.01,42,31374,买盘
2584,10:59:18,7.46,--,167,124582,卖盘
2585,10:59:15,7.46,-0.01,117,87282,卖盘
2586,10:59:12,7.47,0.01,52,38844,买盘
2587,10:59:06,7.46,-0.01,31,23126,卖盘
2588,10:59:03,7.47,0.01,48,35856,买盘
2589,10:59:00,7.46,--,45,33570,买盘
2590,10:58:57,7.46,--,2,1492,买盘
2591,10:58:54,7.46,--,7,5222,买盘
2592,10:58:51,7.46,--,42,31332,买盘
2593,10:58:48,7.46,--,31,23126,买盘
2594,10:58:45,7.46,--,29,21634,买盘
2595,10:58:42,7.46,--,43,32078,买盘
2596,10:58:39,7.46,0.01,42,31332,买盘
2597,10:58:36,7.45,--,3,2235,卖盘
2598,10:58:33,7.45,-0.01,95,70775,卖盘
2599,10:58:30,7.46,--,8,5968,买盘
2600,10:58:27,7.46,--,98,73108,买盘
2601,10:58:24,7.46,--,22,16412,买盘
2602,10:58:21,7.46,0.01,102,76092,买盘
2603,10:58:18,7.45,-0.01,40,29800,卖盘
2604,10:58:12,7.46,--,110,82060,买盘
2605,10:58:09,7.46,0.01,34,25364,买盘
2606,10:58:06,7.45,-0.01,23,17135,卖盘
2607,10:58:03,7.46,--,46,34316,买盘
2608,10:58:00,7.46,0.01,51,38046,买盘
2609,10:57:57,7.45,-0.01,21,15645,卖盘
2610,10:57:51,7.46,--,41,30586,买盘
2611,10:57:45,7.46,--,26,19396,买盘
2612,10:57:42,7.46,0.01,44,32824,买盘
2613,10:57:36,7.45,--,35,26075,买盘
2614,10:57:33,7.45,0.01,59,43955,卖盘
2615,10:57:30,7.44,-0.02,37,27528,卖盘
2616,10:57:27,7.46,--,8,5968,买盘
2617,10:57:24,7.46,0.01,49,36554,买盘
2618,10:57:21,7.45,--,19,14602,买盘
2619,10:57:18,7.45,--,411,306195,买盘
2620,10:57:12,7.45,--,237,176565,买盘
2621,10:57:06,7.45,--,61,45445,买盘
2622,10:57:03,7.45,0.01,89,66305,买盘
2623,10:57:00,7.44,-0.01,13,9672,卖盘
2624,10:56:57,7.45,--,14,10430,买盘
2625,10:56:54,7.45,--,1,745,买盘
2626,10:56:51,7.45,--,257,191763,卖盘
2627,10:56:45,7.45,-0.01,31,23095,卖盘
2628,10:56:42,7.46,0.01,74,55204,买盘
2629,10:56:39,7.45,--,32,23840,卖盘
2630,10:56:33,7.45,-0.01,105,78225,卖盘
2631,10:56:30,7.46,--,8,5968,买盘
2632,10:56:24,7.46,--,1,746,买盘
2633,10:56:21,7.46,0.01,43,32078,买盘
2634,10:56:18,7.45,-0.01,51,37995,卖盘
2635,10:56:12,7.46,--,44,32824,买盘
2636,10:56:09,7.46,0.01,79,58934,买盘
2637,10:56:06,7.45,-0.01,1023,762135,卖盘
2638,10:56:03,7.46,--,54,40284,买盘
2639,10:56:00,7.46,--,23,17158,买盘
2640,10:55:54,7.46,--,2,1492,买盘
2641,10:55:51,7.46,--,79,58934,买盘
2642,10:55:48,7.46,--,7,5222,买盘
2643,10:55:45,7.46,--,11,8206,买盘
2644,10:55:42,7.46,0.01,42,31332,买盘
2645,10:55:39,7.45,-0.01,3,2235,卖盘
2646,10:55:36,7.46,0.01,2,1492,买盘
2647,10:55:33,7.45,-0.01,105,78225,卖盘
2648,10:55:30,7.46,--,11,8206,买盘
2649,10:55:27,7.46,--,34,25364,买盘
2650,10:55:24,7.46,--,11,8206,买盘
2651,10:55:21,7.46,--,50,37300,买盘
2652,10:55:18,7.46,0.01,5,3730,买盘
2653,10:55:15,7.45,-0.01,16,11920,卖盘
2654,10:55:12,7.46,--,45,33570,买盘
2655,10:55:09,7.46,--,2,1492,买盘
2656,10:55:06,7.46,--,18,13428,买盘
2657,10:55:03,7.46,--,89,66394,买盘
2658,10:55:00,7.46,--,1,746,买盘
2659,10:54:57,7.46,0.01,113,84298,买盘
2660,10:54:54,7.45,-0.01,51,37995,卖盘
2661,10:54:51,7.46,0.01,42,31332,买盘
2662,10:54:45,7.45,-0.01,1580,1177547,卖盘
2663,10:54:42,7.46,--,54,40284,买盘
2664,10:54:39,7.46,0.01,6,4476,买盘
2665,10:54:36,7.45,-0.01,31,23095,卖盘
2666,10:54:33,7.46,--,185,138010,买盘
2667,10:54:30,7.46,0.01,9,6714,买盘
2668,10:54:27,7.45,-0.01,51,37995,卖盘
2669,10:54:24,7.46,--,13,9698,买盘
2670,10:54:21,7.46,--,43,32078,买盘
2671,10:54:18,7.46,--,1,746,买盘
2672,10:54:12,7.46,--,44,32824,买盘
2673,10:54:09,7.46,--,15,11190,买盘
2674,10:54:03,7.46,--,43,32078,买盘
2675,10:54:00,7.46,--,3,2238,买盘
2676,10:53:54,7.46,--,12,8952,买盘
2677,10:53:51,7.46,0.01,42,31332,买盘
2678,10:53:48,7.45,-0.01,2,1490,卖盘
2679,10:53:45,7.46,--,10,7460,买盘
2680,10:53:42,7.46,--,43,32078,买盘
2681,10:53:39,7.46,--,3,2238,买盘
2682,10:53:36,7.46,0.01,11,8206,买盘
2683,10:53:33,7.45,--,95,70775,卖盘
2684,10:53:30,7.45,-0.01,38,28310,卖盘
2685,10:53:21,7.46,0.01,71,52966,买盘
2686,10:53:18,7.45,-0.01,2,1490,卖盘
2687,10:53:12,7.46,-0.01,68,50728,卖盘
2688,10:53:09,7.47,--,32,23904,买盘
2689,10:53:06,7.47,--,1,747,买盘
2690,10:53:03,7.47,--,45,33615,买盘
2691,10:53:00,7.47,--,501,374247,买盘
2692,10:52:54,7.47,--,118,88146,买盘
2693,10:52:51,7.47,0.01,173,129231,买盘
2694,10:52:48,7.46,-0.01,2,1492,卖盘
2695,10:52:42,7.47,0.01,42,31374,买盘
2696,10:52:39,7.46,--,6,4476,卖盘
2697,10:52:36,7.46,--,42,31332,卖盘
2698,10:52:33,7.46,--,95,70870,卖盘
2699,10:52:30,7.46,--,10,7460,卖盘
2700,10:52:27,7.46,-0.01,20,14920,卖盘
2701,10:52:24,7.47,--,1,747,买盘
2702,10:52:21,7.47,--,45,33615,买盘
2703,10:52:18,7.47,0.01,25,18675,买盘
2704,10:52:15,7.46,-0.01,81,60426,卖盘
2705,10:52:12,7.47,--,57,42579,买盘
2706,10:52:09,7.47,0.01,4,2988,买盘
2707,10:52:06,7.46,-0.01,17,12682,卖盘
2708,10:52:03,7.47,--,44,32868,买盘
2709,10:52:00,7.47,0.01,52,38844,买盘
2710,10:51:54,7.46,-0.01,145,108170,卖盘
2711,10:51:51,7.47,--,45,33615,买盘
2712,10:51:45,7.47,--,12,8964,买盘
2713,10:51:42,7.47,0.01,81,60507,买盘
2714,10:51:39,7.46,--,16,11936,卖盘
2715,10:51:36,7.46,--,2,1492,卖盘
2716,10:51:33,7.46,-0.01,101,75346,卖盘
2717,10:51:30,7.47,--,8,5976,买盘
2718,10:51:27,7.47,--,100,74700,买盘
2719,10:51:21,7.47,0.01,150,112050,买盘
2720,10:51:18,7.46,--,10,7460,买盘
2721,10:51:15,7.46,--,44,32824,卖盘
2722,10:51:12,7.46,--,1,746,买盘
2723,10:51:09,7.46,0.01,47,35062,买盘
2724,10:51:06,7.45,-0.01,1,745,卖盘
2725,10:51:03,7.46,--,45,33570,买盘
2726,10:51:00,7.46,--,1,746,买盘
2727,10:50:57,7.46,--,64,47744,买盘
2728,10:50:54,7.46,--,13,9698,买盘
2729,10:50:51,7.46,--,85,63410,卖盘
2730,10:50:48,7.46,-0.01,14,10444,卖盘
2731,10:50:45,7.47,--,290,216630,买盘
2732,10:50:42,7.47,--,42,31374,买盘
2733,10:50:36,7.47,0.01,3,2241,买盘
2734,10:50:33,7.46,-0.01,147,109662,卖盘
2735,10:50:27,7.47,0.01,9,6723,买盘
2736,10:50:24,7.46,--,3,2238,卖盘
2737,10:50:21,7.46,-0.01,46,34316,卖盘
2738,10:50:18,7.47,--,86,64242,买盘
2739,10:50:15,7.47,0.01,10,7470,买盘
2740,10:50:12,7.46,--,17,12682,买盘
2741,10:50:09,7.46,-0.01,3,2238,中性盘
2742,10:50:03,7.47,--,185,138195,买盘
2743,10:50:00,7.47,0.02,1,747,买盘
2744,10:49:57,7.45,-0.01,33,24585,卖盘
2745,10:49:54,7.46,-0.01,4,2984,卖盘
2746,10:49:51,7.47,0.01,46,34362,买盘
2747,10:49:48,7.46,--,1,746,卖盘
2748,10:49:42,7.46,0.01,38,28348,买盘
2749,10:49:33,7.45,-0.01,106,78970,卖盘
2750,10:49:27,7.46,--,39,29094,买盘
2751,10:49:24,7.46,--,75,55950,买盘
2752,10:49:21,7.46,--,43,32078,买盘
2753,10:49:18,7.46,--,16,11936,买盘
2754,10:49:15,7.46,--,1,746,买盘
2755,10:49:12,7.46,--,74,55204,买盘
2756,10:49:09,7.46,--,4,2984,买盘
2757,10:49:06,7.46,--,1,746,买盘
2758,10:49:03,7.46,--,43,32078,买盘
2759,10:49:00,7.46,--,18,13428,买盘
2760,10:48:54,7.46,--,1,746,买盘
2761,10:48:51,7.46,--,43,32078,买盘
2762,10:48:45,7.46,--,26,19396,买盘
2763,10:48:42,7.46,--,43,32078,买盘
2764,10:48:36,7.46,0.01,501,373746,买盘
2765,10:48:33,7.45,-0.01,132,98340,卖盘
2766,10:48:30,7.46,--,8,5968,买盘
2767,10:48:27,7.46,--,17,12682,买盘
2768,10:48:21,7.46,--,42,31332,买盘
2769,10:48:18,7.46,--,1000,746000,买盘
2770,10:48:15,7.46,--,1,746,买盘
2771,10:48:12,7.46,--,43,32078,买盘
2772,10:48:09,7.46,--,59,44014,买盘
2773,10:48:03,7.46,0.01,44,32824,买盘
2774,10:48:00,7.45,-0.01,51,37995,卖盘
2775,10:47:54,7.46,--,96,71616,买盘
2776,10:47:51,7.46,0.01,47,35062,买盘
2777,10:47:48,7.45,-0.01,106,78970,卖盘
2778,10:47:45,7.46,--,4,2984,买盘
2779,10:47:42,7.46,--,43,32078,买盘
2780,10:47:39,7.46,0.01,12,8952,买盘
2781,10:47:33,7.45,-0.01,95,70775,卖盘
2782,10:47:30,7.46,--,17,12682,买盘
2783,10:47:27,7.46,--,42,31332,买盘
2784,10:47:24,7.46,--,13,9698,买盘
2785,10:47:21,7.46,--,42,31332,买盘
2786,10:47:15,7.46,--,1,746,买盘
2787,10:47:12,7.46,--,43,32078,买盘
2788,10:47:09,7.46,0.01,9,6714,买盘
2789,10:47:06,7.45,--,37,27565,买盘
2790,10:47:03,7.45,--,47,35015,买盘
2791,10:47:00,7.45,--,101,75245,买盘
2792,10:46:54,7.45,--,1,745,买盘
2793,10:46:51,7.45,--,158,117710,买盘
2794,10:46:48,7.45,--,1021,760645,买盘
2795,10:46:45,7.45,--,1,745,买盘
2796,10:46:42,7.45,--,43,32035,买盘
2797,10:46:33,7.45,--,105,78225,买盘
2798,10:46:30,7.45,--,1008,750960,买盘
2799,10:46:27,7.45,--,3,2235,买盘
2800,10:46:24,7.45,--,5,3725,买盘
2801,10:46:21,7.45,--,93,69285,买盘
2802,10:46:18,7.45,--,13,9685,买盘
2803,10:46:15,7.45,0.01,1,745,买盘
2804,10:46:12,7.44,-0.01,46,34224,卖盘
2805,10:46:09,7.45,0.01,2,1490,买盘
2806,10:46:06,7.44,-0.01,25,18600,卖盘
2807,10:46:03,7.45,0.01,64,47680,买盘
2808,10:46:00,7.44,-0.01,3,2232,卖盘
2809,10:45:54,7.45,--,1,745,买盘
2810,10:45:51,7.45,--,52,38740,买盘
2811,10:45:45,7.45,0.01,12,8940,买盘
2812,10:45:42,7.44,-0.01,55,40920,卖盘
2813,10:45:39,7.45,0.01,33,24585,买盘
2814,10:45:33,7.44,-0.01,94,69936,卖盘
2815,10:45:30,7.45,--,40,29800,买盘
2816,10:45:27,7.45,--,16,11920,买盘
2817,10:45:24,7.45,--,2,1490,买盘
2818,10:45:21,7.45,--,176,131120,买盘
2819,10:45:18,7.45,--,165,122925,买盘
2820,10:45:15,7.45,-0.01,869,647405,卖盘
2821,10:45:12,7.46,--,44,32824,买盘
2822,10:45:09,7.46,--,2,1492,买盘
2823,10:45:06,7.46,--,131,97726,买盘
2824,10:45:03,7.46,0.01,752,560992,买盘
2825,10:45:00,7.45,-0.01,4,2980,卖盘
2826,10:44:54,7.46,--,1,746,买盘
2827,10:44:51,7.46,--,42,31332,买盘
2828,10:44:45,7.46,--,1,746,买盘
2829,10:44:42,7.46,--,42,31332,买盘
2830,10:44:36,7.46,--,1000,746000,买盘
2831,10:44:33,7.46,--,124,92504,买盘
2832,10:44:30,7.46,0.01,13,9698,买盘
2833,10:44:27,7.45,-0.01,1,745,卖盘
2834,10:44:24,7.46,--,94,70124,买盘
2835,10:44:21,7.46,0.01,43,32078,买盘
2836,10:44:15,7.45,-0.01,29,21605,卖盘
2837,10:44:12,7.46,--,52,38792,买盘
2838,10:44:09,7.46,--,2,1492,买盘
2839,10:44:06,7.46,--,600,447600,买盘
2840,10:44:03,7.46,--,44,32824,买盘
2841,10:44:00,7.46,--,1,746,买盘
2842,10:43:57,7.46,--,7,5222,买盘
2843,10:43:54,7.46,--,3,2238,买盘
2844,10:43:51,7.46,--,42,31332,买盘
2845,10:43:45,7.46,0.01,89,66394,买盘
2846,10:43:42,7.45,--,72,53640,卖盘
2847,10:43:33,7.45,--,265,197425,买盘
2848,10:43:30,7.45,0.01,109,81205,买盘
2849,10:43:27,7.44,-0.01,1,744,卖盘
2850,10:43:24,7.45,--,16,11920,买盘
2851,10:43:21,7.45,--,94,70030,买盘
2852,10:43:15,7.45,--,7,5215,买盘
2853,10:43:12,7.45,--,43,32035,买盘
2854,10:43:09,7.45,--,3,2235,买盘
2855,10:43:03,7.45,--,71,52895,卖盘
2856,10:43:00,7.45,--,5,3725,买盘
2857,10:42:57,7.45,--,85,63325,买盘
2858,10:42:51,7.45,--,43,32035,买盘
2859,10:42:48,7.45,--,11,8195,买盘
2860,10:42:45,7.45,--,1,745,买盘
2861,10:42:42,7.45,--,47,35015,卖盘
2862,10:42:36,7.45,-0.01,20,14900,卖盘
2863,10:42:33,7.46,--,44,32824,买盘
2864,10:42:30,7.46,0.01,7,5222,买盘
2865,10:42:27,7.45,--,167,124415,买盘
2866,10:42:21,7.45,0.01,118,87910,买盘
2867,10:42:18,7.44,-0.01,2,1488,卖盘
2868,10:42:15,7.45,--,40,29800,买盘
2869,10:42:12,7.45,--,74,55130,买盘
2870,10:42:09,7.45,--,2,1490,买盘
2871,10:42:03,7.45,--,283,210835,买盘
2872,10:42:00,7.45,--,22,16390,买盘
2873,10:41:57,7.45,--,36,26820,买盘
2874,10:41:54,7.45,--,60,44700,买盘
2875,10:41:51,7.45,0.01,119,88655,买盘
2876,10:41:48,7.44,-0.01,1,744,卖盘
2877,10:41:45,7.45,--,11,8195,买盘
2878,10:41:42,7.45,--,54,40230,买盘
2879,10:41:39,7.45,--,131,97595,卖盘
