,time,price,change,volume,amount,type
0,15:00:03,11.37,0.02,1535,1745294,买盘
1,14:57:00,11.35,0.01,23,26105,买盘
2,14:56:57,11.34,-0.01,14,15876,卖盘
3,14:56:51,11.35,0.01,73,82855,买盘
4,14:56:48,11.34,-0.01,103,116802,卖盘
5,14:56:45,11.35,0.01,481,545935,买盘
6,14:56:42,11.34,-0.01,114,129276,卖盘
7,14:56:36,11.35,0.01,76,86260,买盘
8,14:56:33,11.34,-0.01,141,159894,卖盘
9,14:56:27,11.35,--,353,400655,买盘
10,14:56:24,11.35,0.01,10,11350,买盘
11,14:56:21,11.34,-0.01,5,5670,卖盘
12,14:56:18,11.35,--,51,57885,买盘
13,14:56:15,11.35,0.01,25,28375,买盘
14,14:56:09,11.34,--,298,337932,买盘
15,14:56:06,11.34,--,5,5670,买盘
16,14:56:00,11.34,--,23,26082,卖盘
17,14:55:57,11.34,--,25,28350,卖盘
18,14:55:54,11.34,--,71,80514,卖盘
19,14:55:51,11.34,-0.01,62,70308,卖盘
20,14:55:48,11.35,0.01,22,24970,买盘
21,14:55:45,11.34,--,82,92988,买盘
22,14:55:33,11.34,0.01,61,69174,卖盘
23,14:55:30,11.33,-0.01,231,261723,卖盘
24,14:55:27,11.34,-0.01,4,4536,卖盘
25,14:55:24,11.35,--,261,296235,买盘
26,14:55:15,11.35,--,56,63560,买盘
27,14:55:06,11.35,--,5,5675,买盘
28,14:55:03,11.35,--,60,68100,买盘
29,14:55:00,11.35,--,56,63560,买盘
30,14:54:54,11.35,--,24,27240,买盘
31,14:54:51,11.35,-0.01,13,14755,买盘
32,14:54:48,11.36,0.02,26,29536,买盘
33,14:54:45,11.34,-0.01,16,18144,卖盘
34,14:54:42,11.35,-0.01,30,34050,卖盘
35,14:54:39,11.36,0.01,12,13632,买盘
36,14:54:36,11.35,-0.01,11,12485,卖盘
37,14:54:30,11.36,0.01,1,1136,买盘
38,14:54:27,11.35,-0.01,32,36320,卖盘
39,14:54:24,11.36,0.01,23,26128,买盘
40,14:54:21,11.35,--,33,37455,卖盘
41,14:54:18,11.35,--,108,122580,卖盘
42,14:54:15,11.35,--,68,77180,卖盘
43,14:54:09,11.35,0.01,44,49940,买盘
44,14:54:06,11.34,-0.01,63,71442,卖盘
45,14:54:03,11.35,--,237,268995,买盘
46,14:54:00,11.35,--,7,7945,买盘
47,14:53:57,11.35,--,47,53345,买盘
48,14:53:54,11.35,--,2,2270,买盘
49,14:53:51,11.35,--,23,26105,买盘
50,14:53:48,11.35,0.01,54,61290,买盘
51,14:53:45,11.34,-0.01,50,56700,卖盘
52,14:53:42,11.35,0.01,10,11350,买盘
53,14:53:36,11.34,--,44,49896,卖盘
54,14:53:30,11.34,-0.02,13,14742,卖盘
55,14:53:27,11.36,--,12,13632,买盘
56,14:53:21,11.36,0.02,22,24992,买盘
57,14:53:18,11.34,-0.01,22,24948,卖盘
58,14:53:15,11.35,--,23,26105,卖盘
59,14:53:12,11.35,--,17,19295,卖盘
60,14:53:09,11.35,--,204,231540,卖盘
61,14:53:06,11.35,-0.01,51,57885,卖盘
62,14:53:03,11.36,0.01,38,43168,买盘
63,14:52:57,11.35,--,17,19295,卖盘
64,14:52:54,11.35,-0.01,1,1135,卖盘
65,14:52:51,11.36,--,2,2272,买盘
66,14:52:48,11.36,--,55,62480,买盘
67,14:52:42,11.36,0.01,100,113600,买盘
68,14:52:39,11.35,--,97,110095,卖盘
69,14:52:36,11.35,-0.01,14,15890,卖盘
70,14:52:33,11.36,0.01,12,13632,买盘
71,14:52:30,11.35,--,220,249700,卖盘
72,14:52:27,11.35,-0.01,22,24970,卖盘
73,14:52:24,11.36,--,141,160176,买盘
74,14:52:21,11.36,0.01,42,47712,买盘
75,14:52:18,11.35,-0.01,58,65830,卖盘
76,14:52:15,11.36,0.01,3,3408,买盘
77,14:52:12,11.35,-0.01,67,76045,卖盘
78,14:52:09,11.36,0.01,50,56800,买盘
79,14:52:06,11.35,-0.01,371,421085,卖盘
80,14:52:03,11.36,0.01,72,81792,买盘
81,14:52:00,11.35,--,10,11350,卖盘
82,14:51:57,11.35,-0.01,212,240620,卖盘
83,14:51:54,11.36,0.01,14,15904,买盘
84,14:51:51,11.35,--,101,114635,卖盘
85,14:51:48,11.35,--,27,30645,卖盘
86,14:51:45,11.35,--,31,35185,卖盘
87,14:51:42,11.35,-0.01,300,340500,卖盘
88,14:51:39,11.36,--,36,40896,买盘
89,14:51:36,11.36,0.01,63,71568,买盘
90,14:51:33,11.35,--,129,146415,卖盘
91,14:51:30,11.35,-0.01,6,6810,卖盘
92,14:51:27,11.36,--,164,186304,买盘
93,14:51:24,11.36,0.01,5,5680,买盘
94,14:51:21,11.35,-0.01,12,13620,卖盘
95,14:51:18,11.36,0.01,180,204480,买盘
96,14:51:12,11.35,--,21,23835,卖盘
97,14:51:09,11.35,--,16,18160,卖盘
98,14:51:06,11.35,--,61,69235,买盘
99,14:51:03,11.35,--,11,12485,买盘
100,14:51:00,11.35,0.01,5,5675,买盘
101,14:50:57,11.34,-0.01,81,91854,卖盘
102,14:50:54,11.35,--,25,28375,卖盘
103,14:50:51,11.35,--,7,7945,买盘
104,14:50:48,11.35,--,17,19295,买盘
105,14:50:45,11.35,-0.01,508,576580,卖盘
106,14:50:39,11.36,0.01,30,34080,买盘
107,14:50:36,11.35,--,172,195220,卖盘
108,14:50:33,11.35,-0.01,11,12485,卖盘
109,14:50:30,11.36,--,49,55664,买盘
110,14:50:27,11.36,0.01,12,13632,买盘
111,14:50:18,11.35,--,27,30645,卖盘
112,14:50:15,11.35,--,2,2270,卖盘
113,14:50:12,11.35,-0.01,7,7945,卖盘
114,14:50:09,11.36,0.01,14,15904,买盘
115,14:50:06,11.35,-0.01,11,12485,卖盘
116,14:50:03,11.36,0.01,47,53392,买盘
117,14:50:00,11.35,--,26,29510,卖盘
118,14:49:57,11.35,--,11,12485,卖盘
119,14:49:54,11.35,--,1,1135,卖盘
120,14:49:51,11.35,-0.01,38,43130,卖盘
121,14:49:48,11.36,--,45,51120,买盘
122,14:49:45,11.36,--,30,34080,买盘
123,14:49:42,11.36,--,7,7952,买盘
124,14:49:39,11.36,0.01,320,363520,买盘
125,14:49:36,11.35,--,51,57885,卖盘
126,14:49:33,11.35,-0.01,200,227000,卖盘
127,14:49:27,11.36,0.01,34,38624,买盘
128,14:49:24,11.35,--,18,20430,卖盘
129,14:49:21,11.35,--,1,1135,卖盘
130,14:49:18,11.35,--,32,36320,卖盘
131,14:49:15,11.35,--,40,45400,卖盘
132,14:49:12,11.35,-0.01,230,261050,卖盘
133,14:49:09,11.36,0.01,10,11360,买盘
134,14:49:06,11.35,-0.01,31,35185,卖盘
135,14:49:03,11.36,--,45,51120,买盘
136,14:49:00,11.36,0.01,69,78384,买盘
137,14:48:57,11.35,-0.01,18,20430,卖盘
138,14:48:54,11.36,0.01,25,28400,买盘
139,14:48:51,11.35,--,19,21565,卖盘
140,14:48:48,11.35,--,269,305315,卖盘
141,14:48:45,11.35,--,40,45400,卖盘
142,14:48:36,11.35,--,69,78315,卖盘
143,14:48:33,11.35,-0.01,58,65830,卖盘
144,14:48:30,11.36,0.01,43,48848,买盘
145,14:48:27,11.35,-0.01,116,131660,卖盘
146,14:48:21,11.36,--,25,28400,买盘
147,14:48:18,11.36,0.01,28,31808,中性盘
148,14:48:12,11.35,-0.01,495,561825,卖盘
149,14:48:09,11.36,0.01,1,1136,买盘
150,14:48:06,11.35,-0.01,21,23835,卖盘
151,14:48:03,11.36,--,1,1136,买盘
152,14:48:00,11.36,0.01,441,500976,买盘
153,14:47:57,11.35,--,66,74910,卖盘
154,14:47:54,11.35,-0.01,33,37455,卖盘
155,14:47:51,11.36,0.01,107,121552,买盘
156,14:47:48,11.35,-0.01,23,26105,卖盘
157,14:47:45,11.36,--,21,23856,买盘
158,14:47:42,11.36,0.01,61,69296,买盘
159,14:47:36,11.35,--,72,81720,卖盘
160,14:47:30,11.35,--,18,20430,卖盘
161,14:47:27,11.35,-0.01,13,14755,卖盘
162,14:47:21,11.36,--,2,2272,买盘
163,14:47:18,11.36,--,131,148816,买盘
164,14:47:12,11.36,--,956,1086243,卖盘
165,14:47:09,11.36,--,297,337392,卖盘
166,14:47:06,11.36,--,511,580496,卖盘
167,14:47:03,11.36,--,145,164720,卖盘
168,14:46:57,11.36,--,85,96560,卖盘
169,14:46:48,11.36,--,11,12496,卖盘
170,14:46:45,11.36,--,4,4544,卖盘
171,14:46:39,11.36,--,3,3408,卖盘
172,14:46:36,11.36,--,46,53210,卖盘
173,14:46:27,11.36,-0.01,17,19312,卖盘
174,14:46:21,11.37,0.01,4,4548,买盘
175,14:46:18,11.36,-0.01,11,12496,卖盘
176,14:46:15,11.37,--,4,4548,买盘
177,14:46:12,11.37,0.01,240,272880,买盘
178,14:46:06,11.36,-0.01,39,44304,卖盘
179,14:46:03,11.37,0.01,10,11370,买盘
180,14:45:57,11.36,--,19,21584,卖盘
181,14:45:54,11.36,-0.01,28,31808,卖盘
182,14:45:51,11.37,0.01,1,1137,买盘
183,14:45:48,11.36,-0.01,11,12496,卖盘
184,14:45:45,11.37,--,94,106877,买盘
185,14:45:42,11.37,--,1,1137,买盘
186,14:45:39,11.37,--,6,6821,买盘
187,14:45:36,11.37,--,21,23877,买盘
188,14:45:30,11.37,-0.01,25,28606,卖盘
189,14:45:27,11.38,0.01,23,26174,买盘
190,14:45:24,11.37,--,14,15917,卖盘
191,14:45:21,11.37,--,24,27287,卖盘
192,14:45:18,11.37,--,11,12507,卖盘
193,14:45:12,11.37,-0.01,14,15917,卖盘
194,14:45:09,11.38,0.01,31,35278,买盘
195,14:45:06,11.37,-0.01,13,14780,卖盘
196,14:45:03,11.38,0.01,48,54624,买盘
197,14:44:57,11.37,-0.01,16,18192,卖盘
198,14:44:54,11.38,--,15,17070,买盘
199,14:44:51,11.38,0.01,1,1138,买盘
200,14:44:48,11.37,--,11,12507,卖盘
201,14:44:45,11.37,--,1,1137,卖盘
202,14:44:42,11.37,--,14,15917,卖盘
203,14:44:39,11.37,--,20,22740,卖盘
204,14:44:36,11.37,--,12,13643,卖盘
205,14:44:33,11.37,-0.01,15,17055,卖盘
206,14:44:30,11.38,0.01,12,13656,买盘
207,14:44:27,11.37,--,37,42069,卖盘
208,14:44:24,11.37,--,14,15917,卖盘
209,14:44:18,11.37,-0.01,311,353607,卖盘
210,14:44:15,11.38,0.01,5,5690,买盘
211,14:44:12,11.37,-0.01,14,15917,卖盘
212,14:44:09,11.38,0.01,2,2276,买盘
213,14:44:06,11.37,-0.01,112,127343,卖盘
214,14:44:03,11.38,--,16,18208,买盘
215,14:44:00,11.38,--,44,50072,卖盘
216,14:43:57,11.38,--,19,21622,卖盘
217,14:43:54,11.38,--,23,26174,买盘
218,14:43:51,11.38,0.01,23,26174,买盘
219,14:43:48,11.37,--,12,13643,卖盘
220,14:43:45,11.37,--,19,22205,卖盘
221,14:43:42,11.37,--,14,15917,卖盘
222,14:43:39,11.37,-0.01,34,39669,卖盘
223,14:43:36,11.38,0.01,11,12518,中性盘
224,14:43:33,11.37,--,14,15917,卖盘
225,14:43:30,11.37,--,3,3410,卖盘
226,14:43:27,11.37,--,315,358655,卖盘
227,14:43:24,11.37,-0.01,15,17055,卖盘
228,14:43:21,11.38,0.01,10,11380,买盘
229,14:43:18,11.37,--,12,13643,卖盘
230,14:43:12,11.37,-0.01,25,28424,卖盘
231,14:43:09,11.38,0.01,210,238980,买盘
232,14:43:06,11.37,-0.01,68,77316,卖盘
233,14:43:03,11.38,--,15,17070,买盘
234,14:43:00,11.38,0.01,34,38692,买盘
235,14:42:57,11.37,--,111,126206,卖盘
236,14:42:54,11.37,--,25,28424,卖盘
237,14:42:51,11.37,--,10,11370,卖盘
238,14:42:48,11.37,--,12,13643,卖盘
239,14:42:45,11.37,-0.01,40,46560,卖盘
240,14:42:42,11.38,0.01,20,22760,买盘
241,14:42:36,11.37,--,47,53473,卖盘
242,14:42:33,11.37,0.01,24,27287,卖盘
243,14:42:27,11.36,-0.01,12,13632,卖盘
244,14:42:24,11.37,--,14,15917,中性盘
245,14:42:18,11.37,--,12,13643,卖盘
246,14:42:15,11.37,0.01,14,15917,买盘
247,14:42:12,11.36,-0.01,300,340800,卖盘
248,14:42:09,11.37,--,10,11415,买盘
249,14:42:06,11.37,-0.01,4,5639,卖盘
250,14:42:03,11.38,0.01,11,12518,买盘
251,14:42:00,11.37,--,22,25014,卖盘
252,14:41:57,11.37,-0.01,14,15917,卖盘
253,14:41:51,11.38,0.01,24,27312,买盘
254,14:41:48,11.37,--,30,34155,卖盘
255,14:41:45,11.37,--,21,23877,卖盘
256,14:41:42,11.37,0.01,56,63671,买盘
257,14:41:36,11.36,-0.01,43,49915,卖盘
258,14:41:33,11.37,--,44,50028,卖盘
259,14:41:30,11.37,--,1,1137,卖盘
260,14:41:27,11.37,--,32,36384,卖盘
261,14:41:18,11.37,--,11,12507,卖盘
262,14:41:15,11.37,--,5,5685,卖盘
263,14:41:06,11.37,--,11,12507,卖盘
264,14:41:03,11.37,0.01,5,5685,买盘
265,14:41:00,11.36,--,53,60208,卖盘
266,14:40:57,11.36,--,13,14768,卖盘
267,14:40:48,11.36,--,11,12496,卖盘
268,14:40:42,11.36,--,35,40237,卖盘
269,14:40:36,11.36,-0.02,41,47212,卖盘
270,14:40:30,11.38,0.01,27,30726,买盘
271,14:40:27,11.37,--,5,5764,卖盘
272,14:40:24,11.37,--,150,170550,卖盘
273,14:40:21,11.37,--,5,5685,卖盘
274,14:40:18,11.37,--,11,12507,卖盘
275,14:40:12,11.37,0.01,129,147730,买盘
276,14:40:06,11.36,-0.02,267,303391,卖盘
277,14:40:03,11.38,0.01,101,114938,买盘
278,14:40:00,11.37,--,47,53438,卖盘
279,14:39:57,11.37,0.01,23,26151,买盘
280,14:39:51,11.36,--,23,26128,卖盘
281,14:39:48,11.36,-0.01,92,104512,卖盘
282,14:39:45,11.37,0.01,32,36384,买盘
283,14:39:42,11.36,--,12,13632,卖盘
284,14:39:39,11.36,--,117,133389,卖盘
285,14:39:36,11.36,--,12,13632,卖盘
286,14:39:33,11.36,--,33,38124,卖盘
287,14:39:30,11.36,--,50,56800,卖盘
288,14:39:27,11.36,--,12,13632,卖盘
289,14:39:21,11.36,-0.01,33,37488,卖盘
290,14:39:18,11.37,--,31,35247,买盘
291,14:39:15,11.37,0.01,10,11370,买盘
292,14:39:12,11.36,--,13,14768,卖盘
293,14:39:09,11.36,--,103,117008,卖盘
294,14:39:06,11.36,-0.01,12,13632,卖盘
295,14:39:03,11.37,0.01,1,1137,买盘
296,14:39:00,11.36,-0.01,35,39760,卖盘
297,14:38:57,11.37,--,53,60260,买盘
298,14:38:54,11.37,0.01,31,35247,买盘
299,14:38:51,11.36,--,72,81792,卖盘
300,14:38:48,11.36,--,35,39760,卖盘
301,14:38:45,11.36,--,1,1136,卖盘
302,14:38:42,11.36,-0.01,38,43168,卖盘
303,14:38:39,11.37,0.01,3,3410,买盘
304,14:38:36,11.36,--,53,61025,卖盘
305,14:38:30,11.36,-0.01,37,42327,卖盘
306,14:38:27,11.37,--,45,51165,卖盘
307,14:38:21,11.37,--,15,17055,买盘
308,14:38:18,11.37,--,9,10233,卖盘
309,14:38:15,11.37,--,11,12507,买盘
310,14:38:12,11.37,--,1,1137,卖盘
311,14:38:09,11.37,0.01,530,602610,买盘
312,14:38:06,11.36,-0.01,12,13632,卖盘
313,14:38:03,11.37,0.01,93,105741,买盘
314,14:38:00,11.36,--,13,14768,卖盘
315,14:37:57,11.36,-0.01,48,54528,卖盘
316,14:37:54,11.37,0.01,46,52302,买盘
317,14:37:51,11.36,--,12,13632,卖盘
318,14:37:48,11.36,--,11,12496,卖盘
319,14:37:45,11.36,--,10,11360,卖盘
320,14:37:42,11.36,--,13,14768,卖盘
321,14:37:39,11.36,--,19,21697,卖盘
322,14:37:36,11.36,--,12,13632,卖盘
323,14:37:33,11.36,--,10,11360,卖盘
324,14:37:30,11.36,--,43,49847,卖盘
325,14:37:27,11.36,--,63,71568,卖盘
326,14:37:24,11.36,--,20,22720,卖盘
327,14:37:21,11.36,--,12,13632,卖盘
328,14:37:18,11.36,-0.01,11,12496,卖盘
329,14:37:15,11.37,--,31,35247,买盘
330,14:37:12,11.37,--,33,37521,买盘
331,14:37:09,11.37,0.01,25,28424,买盘
332,14:37:06,11.36,-0.01,23,26128,卖盘
333,14:37:03,11.37,0.01,12,13643,买盘
334,14:37:00,11.36,--,36,40896,卖盘
335,14:36:57,11.36,-0.01,11,12496,卖盘
336,14:36:54,11.37,0.01,30,34110,买盘
337,14:36:51,11.36,-0.01,13,14768,卖盘
338,14:36:48,11.37,--,22,25014,买盘
339,14:36:45,11.37,--,1,1137,买盘
340,14:36:42,11.37,--,57,64808,买盘
341,14:36:39,11.37,0.01,11,12507,买盘
342,14:36:36,11.36,-0.01,42,47973,卖盘
343,14:36:33,11.37,0.01,5,5685,买盘
344,14:36:30,11.36,-0.01,45,51972,卖盘
345,14:36:27,11.37,--,62,70494,卖盘
346,14:36:21,11.37,--,17,19329,买盘
347,14:36:18,11.37,-0.01,7,7958,卖盘
348,14:36:15,11.38,0.01,79,89902,买盘
349,14:36:12,11.37,0.01,19,21603,买盘
350,14:36:09,11.36,-0.01,2,2272,卖盘
351,14:36:06,11.37,--,19,21603,卖盘
352,14:36:03,11.37,--,3,3410,买盘
353,14:36:00,11.37,--,9,10233,卖盘
354,14:35:57,11.37,0.01,11,12507,中性盘
355,14:35:51,11.36,-0.01,1013,1150768,卖盘
356,14:35:48,11.37,--,12,13643,卖盘
357,14:35:45,11.37,-0.01,55,62534,卖盘
358,14:35:42,11.38,0.01,14,15932,买盘
359,14:35:36,11.37,--,11,12507,卖盘
360,14:35:33,11.37,--,48,54905,卖盘
361,14:35:30,11.37,--,47,53438,卖盘
362,14:35:27,11.37,--,44,50812,卖盘
363,14:35:21,11.37,-0.01,93,105741,卖盘
364,14:35:18,11.38,--,13,14794,买盘
365,14:35:12,11.38,0.01,102,116076,买盘
366,14:35:09,11.37,--,6,6821,卖盘
367,14:35:06,11.37,--,18,20466,卖盘
368,14:35:03,11.37,--,43,48891,卖盘
369,14:35:00,11.37,--,13,14780,卖盘
370,14:34:57,11.37,--,12,13643,卖盘
371,14:34:54,11.37,--,5,5685,买盘
372,14:34:51,11.37,--,7,7958,卖盘
373,14:34:48,11.37,--,14,15917,买盘
374,14:34:42,11.37,-0.01,10,11370,卖盘
375,14:34:39,11.38,0.01,16,18208,买盘
376,14:34:36,11.37,--,11,12507,卖盘
377,14:34:33,11.37,0.01,12,13643,中性盘
378,14:34:30,11.36,-0.02,48,55368,卖盘
379,14:34:27,11.38,0.02,47,53486,买盘
380,14:34:24,11.36,--,36,41168,卖盘
381,14:34:21,11.36,-0.01,28,31808,卖盘
382,14:34:18,11.37,--,4,4548,卖盘
383,14:34:15,11.37,--,21,23877,卖盘
384,14:34:12,11.37,--,12,13643,中性盘
385,14:34:06,11.37,-0.01,159,180783,卖盘
386,14:34:03,11.38,0.02,28,31864,买盘
387,14:34:00,11.36,-0.01,134,152224,卖盘
388,14:33:57,11.37,-0.01,46,52324,卖盘
389,14:33:54,11.38,0.01,24,27312,买盘
390,14:33:51,11.37,--,13,14780,卖盘
391,14:33:48,11.37,--,11,12507,卖盘
392,14:33:45,11.37,0.01,25,29539,买盘
393,14:33:42,11.36,-0.01,60,68160,卖盘
394,14:33:39,11.37,0.01,4,4548,买盘
395,14:33:36,11.36,-0.01,91,103376,卖盘
396,14:33:33,11.37,0.01,60,68220,买盘
397,14:33:30,11.36,-0.01,82,93935,卖盘
398,14:33:27,11.37,--,55,62864,买盘
399,14:33:24,11.37,0.01,59,67083,买盘
400,14:33:21,11.36,-0.01,14,15904,卖盘
401,14:33:18,11.37,--,22,25014,买盘
402,14:33:15,11.37,0.01,22,25014,买盘
403,14:33:12,11.36,-0.01,23,26128,卖盘
404,14:33:09,11.37,0.01,73,83001,买盘
405,14:33:06,11.36,-0.01,12,13632,卖盘
406,14:33:03,11.37,--,16,18192,买盘
407,14:33:00,11.37,--,713,810703,卖盘
408,14:32:57,11.37,-0.01,34,38658,卖盘
409,14:32:54,11.38,0.01,3,3414,买盘
410,14:32:51,11.37,-0.01,13,14780,卖盘
411,14:32:48,11.38,0.01,22,25036,买盘
412,14:32:45,11.37,--,127,144399,卖盘
413,14:32:42,11.37,-0.01,12,13643,卖盘
414,14:32:39,11.38,0.01,10,11380,买盘
415,14:32:36,11.37,--,57,64808,卖盘
416,14:32:33,11.37,--,26,29561,卖盘
417,14:32:30,11.37,--,30,34826,卖盘
418,14:32:27,11.37,--,34,38658,卖盘
419,14:32:24,11.37,--,33,37918,卖盘
420,14:32:21,11.37,-0.01,34,38658,卖盘
421,14:32:18,11.38,0.01,12,13656,买盘
422,14:32:15,11.37,--,414,470717,卖盘
423,14:32:12,11.37,--,12,13643,卖盘
424,14:32:06,11.37,-0.01,66,75042,卖盘
425,14:32:03,11.38,--,3,3414,买盘
426,14:32:00,11.38,-0.01,163,186028,卖盘
427,14:31:57,11.39,0.01,98,111622,买盘
428,14:31:54,11.38,--,40,45520,卖盘
429,14:31:51,11.38,--,22,25036,卖盘
430,14:31:48,11.38,--,11,12518,卖盘
431,14:31:45,11.38,--,4,4552,卖盘
432,14:31:42,11.38,--,13,14794,卖盘
433,14:31:39,11.38,--,9,10242,卖盘
434,14:31:36,11.38,--,12,13656,卖盘
435,14:31:33,11.38,--,255,290190,卖盘
436,14:31:30,11.38,--,30,35243,卖盘
437,14:31:27,11.38,--,185,210530,卖盘
438,14:31:24,11.38,--,32,36427,卖盘
439,14:31:21,11.38,--,13,14794,卖盘
440,14:31:18,11.38,-0.01,42,47796,卖盘
441,14:31:12,11.39,0.01,62,70618,买盘
442,14:31:09,11.38,--,30,34140,卖盘
443,14:31:06,11.38,--,12,13656,卖盘
444,14:31:03,11.38,--,402,457476,卖盘
445,14:31:00,11.38,--,26,29588,卖盘
446,14:30:57,11.38,--,11,12518,卖盘
447,14:30:51,11.38,-0.01,77,87626,卖盘
448,14:30:48,11.39,0.01,13,14807,买盘
449,14:30:45,11.38,-0.01,40,45520,卖盘
450,14:30:42,11.39,0.01,47,53533,买盘
451,14:30:39,11.38,--,17,19346,卖盘
452,14:30:36,11.38,--,11,12518,卖盘
453,14:30:30,11.38,--,12,13656,卖盘
454,14:30:27,11.38,--,71,80798,卖盘
455,14:30:24,11.38,--,76,87136,卖盘
456,14:30:21,11.38,--,12,13656,卖盘
457,14:30:18,11.38,--,45,51676,卖盘
458,14:30:12,11.38,-0.01,13,14794,卖盘
459,14:30:09,11.39,0.01,4,4556,买盘
460,14:30:06,11.38,-0.01,62,70556,卖盘
461,14:30:03,11.39,--,16,18224,卖盘
462,14:30:00,11.39,0.01,12,13668,卖盘
463,14:29:57,11.38,-0.01,11,12518,卖盘
464,14:29:54,11.39,--,5,5695,卖盘
465,14:29:51,11.39,0.01,13,14807,中性盘
466,14:29:48,11.38,-0.01,12,13656,卖盘
467,14:29:45,11.39,-0.01,13,14807,卖盘
468,14:29:42,11.4,0.02,19,21660,买盘
469,14:29:39,11.38,-0.01,5,5690,卖盘
470,14:29:36,11.39,--,28,32598,买盘
471,14:29:30,11.39,--,45,51687,卖盘
472,14:29:27,11.39,--,43,49683,卖盘
473,14:29:21,11.39,--,23,26197,买盘
474,14:29:18,11.39,0.01,140,159870,中性盘
475,14:29:12,11.38,--,13,14794,卖盘
476,14:29:09,11.38,-0.01,97,110386,卖盘
477,14:29:06,11.39,-0.01,11,12529,中性盘
478,14:29:03,11.4,0.02,1,1140,买盘
479,14:29:00,11.38,--,14,15932,卖盘
480,14:28:57,11.38,--,11,12518,卖盘
481,14:28:51,11.38,--,12,13656,卖盘
482,14:28:48,11.38,--,12,13656,卖盘
483,14:28:45,11.38,--,1,1138,卖盘
484,14:28:42,11.38,--,23,26174,卖盘
485,14:28:39,11.38,--,30,34140,卖盘
486,14:28:36,11.38,--,11,12518,卖盘
487,14:28:30,11.38,--,12,13656,卖盘
488,14:28:27,11.38,--,19,21622,卖盘
489,14:28:24,11.38,-0.01,34,39682,卖盘
490,14:28:21,11.39,0.01,13,14807,卖盘
491,14:28:18,11.38,--,11,12518,卖盘
492,14:28:15,11.38,-0.01,31,35403,卖盘
493,14:28:12,11.39,-0.01,12,13668,中性盘
494,14:28:09,11.4,0.02,31,35340,买盘
495,14:28:06,11.38,-0.01,13,14794,卖盘
496,14:28:03,11.39,0.01,61,69479,买盘
497,14:28:00,11.38,--,13,14794,卖盘
498,14:27:57,11.38,--,45,51210,卖盘
499,14:27:51,11.38,-0.01,12,13656,卖盘
500,14:27:48,11.39,-0.02,3,3417,卖盘
501,14:27:42,11.41,0.02,32,36512,买盘
502,14:27:39,11.39,--,7,7973,买盘
503,14:27:36,11.39,--,8,9112,卖盘
504,14:27:33,11.39,--,1,1139,卖盘
505,14:27:30,11.39,--,49,55811,买盘
506,14:27:27,11.39,0.01,14,15946,买盘
507,14:27:21,11.38,--,31,36006,卖盘
508,14:27:18,11.38,--,11,12518,卖盘
509,14:27:15,11.38,--,31,35664,卖盘
510,14:27:12,11.38,-0.01,13,14794,卖盘
511,14:27:09,11.39,--,4,4556,买盘
512,14:27:06,11.39,-0.02,8,9112,卖盘
513,14:27:03,11.41,0.02,1,1141,买盘
514,14:27:00,11.39,--,15,17085,卖盘
515,14:26:57,11.39,--,16,18224,卖盘
516,14:26:54,11.39,0.01,3,3417,买盘
517,14:26:51,11.38,--,13,14794,卖盘
518,14:26:48,11.38,--,11,12518,卖盘
519,14:26:45,11.38,--,24,27312,卖盘
520,14:26:42,11.38,-0.01,102,117191,卖盘
521,14:26:39,11.39,--,58,66084,卖盘
522,14:26:36,11.39,--,11,12529,卖盘
523,14:26:33,11.39,--,50,56950,卖盘
524,14:26:30,11.39,-0.03,16,18224,卖盘
525,14:26:27,11.42,0.01,301,343742,买盘
526,14:26:24,11.41,0.01,4,4564,买盘
527,14:26:21,11.4,-0.01,29,34177,中性盘
528,14:26:18,11.41,0.02,65,74165,买盘
529,14:26:12,11.39,--,47,53533,卖盘
530,14:26:06,11.39,-0.01,15,17085,卖盘
531,14:26:03,11.4,0.01,157,178980,买盘
532,14:26:00,11.39,--,50,56950,卖盘
533,14:25:57,11.39,-0.01,11,12529,卖盘
534,14:25:51,11.4,0.01,34,38760,买盘
535,14:25:48,11.39,--,11,12529,卖盘
536,14:25:45,11.39,-0.01,1,1139,卖盘
537,14:25:42,11.4,0.01,16,18240,买盘
538,14:25:36,11.39,--,12,13668,卖盘
539,14:25:30,11.39,--,15,17085,卖盘
540,14:25:27,11.39,--,13,14807,卖盘
541,14:25:21,11.39,-0.01,13,14807,卖盘
542,14:25:18,11.4,0.01,51,58801,买盘
543,14:25:12,11.39,--,12,13668,卖盘
544,14:25:09,11.39,--,34,39181,卖盘
545,14:25:06,11.39,-0.01,12,13668,卖盘
546,14:25:03,11.4,0.01,1,1140,买盘
547,14:25:00,11.39,--,14,15946,卖盘
548,14:24:57,11.39,--,11,12529,卖盘
549,14:24:51,11.39,--,12,13668,卖盘
550,14:24:48,11.39,--,16,18224,卖盘
551,14:24:45,11.39,0.01,27,30753,买盘
552,14:24:42,11.38,-0.01,13,14794,卖盘
553,14:24:39,11.39,0.01,3,3417,买盘
554,14:24:36,11.38,-0.01,11,12518,卖盘
555,14:24:30,11.39,--,3,3417,卖盘
556,14:24:27,11.39,0.01,14,15946,中性盘
557,14:24:24,11.38,--,12,13656,卖盘
558,14:24:21,11.38,-0.01,713,811394,卖盘
559,14:24:18,11.39,--,25,28805,卖盘
560,14:24:12,11.39,-0.01,53,61152,卖盘
561,14:24:09,11.4,0.01,4,4560,买盘
562,14:24:06,11.39,-0.01,12,13668,卖盘
563,14:24:03,11.4,--,247,281580,卖盘
564,14:24:00,11.4,--,21,23940,卖盘
565,14:23:57,11.4,--,11,12540,卖盘
566,14:23:54,11.4,--,73,83220,卖盘
567,14:23:51,11.4,--,13,14820,卖盘
568,14:23:48,11.4,--,38,43320,卖盘
569,14:23:42,11.4,0.01,84,95760,中性盘
570,14:23:36,11.39,--,36,41004,卖盘
571,14:23:30,11.39,--,17,19363,卖盘
572,14:23:27,11.39,--,12,13668,卖盘
573,14:23:24,11.39,-0.01,100,113900,卖盘
574,14:23:21,11.4,0.01,23,26220,买盘
575,14:23:18,11.39,--,12,13668,卖盘
576,14:23:15,11.39,--,17,19579,卖盘
577,14:23:12,11.39,--,13,14807,卖盘
578,14:23:06,11.39,-0.02,33,38486,卖盘
579,14:23:03,11.41,0.01,1,1141,买盘
580,14:23:00,11.4,--,12,13680,卖盘
581,14:22:57,11.4,--,11,12540,卖盘
582,14:22:51,11.4,0.01,13,14820,卖盘
583,14:22:48,11.39,--,12,13668,卖盘
584,14:22:45,11.39,-0.02,1,1139,卖盘
585,14:22:42,11.41,0.01,15,17115,买盘
586,14:22:39,11.4,0.01,44,50160,买盘
587,14:22:36,11.39,--,12,13668,卖盘
588,14:22:33,11.39,--,1,1139,卖盘
589,14:22:30,11.39,--,12,13668,卖盘
590,14:22:27,11.39,-0.01,22,25058,卖盘
591,14:22:24,11.4,0.01,1,1140,买盘
592,14:22:21,11.39,--,13,14807,卖盘
593,14:22:18,11.39,--,12,13668,卖盘
594,14:22:12,11.39,--,29,33236,卖盘
595,14:22:06,11.39,-0.01,44,51027,卖盘
596,14:22:03,11.4,--,1,1140,买盘
597,14:22:00,11.4,--,4,4560,卖盘
598,14:21:57,11.4,--,12,13680,卖盘
599,14:21:51,11.4,--,34,38760,卖盘
600,14:21:48,11.4,-0.01,44,50160,卖盘
601,14:21:42,11.41,--,13,14833,卖盘
602,14:21:39,11.41,0.01,19,21679,买盘
603,14:21:36,11.4,0.01,17,19380,买盘
604,14:21:30,11.39,--,14,15946,卖盘
605,14:21:27,11.39,--,13,14807,卖盘
606,14:21:24,11.39,--,1,1139,卖盘
607,14:21:21,11.39,--,13,14807,卖盘
608,14:21:18,11.39,--,11,12529,卖盘
609,14:21:15,11.39,--,16,19021,卖盘
610,14:21:12,11.39,--,12,13668,卖盘
611,14:21:09,11.39,--,17,19363,卖盘
612,14:21:06,11.39,-0.01,34,39044,卖盘
613,14:21:03,11.4,0.01,1,1140,买盘
614,14:21:00,11.39,-0.01,13,14807,卖盘
615,14:20:57,11.4,-0.02,2,2280,卖盘
616,14:20:54,11.42,0.02,300,342600,买盘
617,14:20:51,11.4,0.01,123,140220,买盘
618,14:20:48,11.39,-0.01,11,12529,卖盘
619,14:20:42,11.4,--,16,18240,买盘
620,14:20:39,11.4,--,6,6840,卖盘
621,14:20:36,11.4,--,11,12540,卖盘
622,14:20:30,11.4,0.01,20,22800,买盘
623,14:20:27,11.39,-0.01,23,26197,卖盘
624,14:20:21,11.4,0.01,16,18240,买盘
625,14:20:18,11.39,--,11,12529,卖盘
626,14:20:15,11.39,-0.01,19,21846,卖盘
627,14:20:12,11.4,--,1,1368,卖盘
628,14:20:09,11.4,--,31,36252,卖盘
629,14:20:06,11.4,--,17,19380,买盘
630,14:20:03,11.4,0.01,10,11400,买盘
631,14:20:00,11.39,--,12,13668,卖盘
632,14:19:57,11.39,-0.01,12,13668,卖盘
633,14:19:51,11.4,--,7,7980,卖盘
634,14:19:48,11.4,--,11,12540,卖盘
635,14:19:42,11.4,0.01,19,21660,中性盘
636,14:19:36,11.39,--,33,37587,卖盘
637,14:19:30,11.39,-0.03,13,14807,卖盘
638,14:19:27,11.42,--,12,13704,买盘
639,14:19:24,11.42,0.03,11,12562,买盘
640,14:19:21,11.39,--,12,13668,卖盘
641,14:19:18,11.39,-0.03,11,12529,卖盘
642,14:19:15,11.42,0.03,3,3426,买盘
643,14:19:12,11.39,-0.02,27,31504,卖盘
644,14:19:09,11.41,0.02,10,11410,买盘
645,14:19:06,11.39,-0.03,12,13668,卖盘
646,14:19:03,11.42,--,39,44903,买盘
647,14:19:00,11.42,0.03,80,91360,买盘
648,14:18:57,11.39,-0.02,11,12529,卖盘
649,14:18:54,11.41,0.02,5,5705,买盘
650,14:18:51,11.39,-0.02,22,25058,卖盘
651,14:18:48,11.41,--,81,92443,卖盘
652,14:18:45,11.41,--,13,14833,卖盘
653,14:18:42,11.41,-0.01,13,14833,卖盘
654,14:18:39,11.42,--,1,1142,买盘
655,14:18:36,11.42,0.01,73,83366,买盘
656,14:18:30,11.41,0.01,21,25079,买盘
657,14:18:27,11.4,0.01,13,14820,买盘
658,14:18:24,11.39,--,21,23919,卖盘
659,14:18:21,11.39,--,13,14807,卖盘
660,14:18:18,11.39,-0.01,12,13668,卖盘
661,14:18:12,11.4,--,5,5722,卖盘
662,14:18:09,11.4,--,24,27736,卖盘
663,14:18:06,11.4,-0.02,11,12540,卖盘
664,14:18:03,11.42,0.02,41,47564,买盘
665,14:18:00,11.4,--,370,421800,卖盘
666,14:17:57,11.4,--,11,12540,卖盘
667,14:17:51,11.4,--,14,15960,卖盘
668,14:17:48,11.4,--,12,13680,卖盘
669,14:17:42,11.4,--,13,14820,卖盘
670,14:17:39,11.4,0.01,4,4560,买盘
671,14:17:36,11.39,-0.02,11,12529,卖盘
672,14:17:30,11.41,0.01,103,117523,买盘
673,14:17:27,11.4,0.01,12,13680,买盘
674,14:17:21,11.39,--,14,15946,卖盘
675,14:17:18,11.39,-0.01,12,13668,卖盘
676,14:17:15,11.4,--,5,5700,买盘
677,14:17:12,11.4,--,16,18240,买盘
678,14:17:09,11.4,0.01,2,2280,买盘
679,14:17:06,11.39,-0.01,29,33349,卖盘
680,14:17:03,11.4,0.01,1,1140,买盘
681,14:17:00,11.39,-0.01,12,13668,卖盘
682,14:16:57,11.4,0.01,66,76038,买盘
683,14:16:51,11.39,--,13,14807,卖盘
684,14:16:48,11.39,--,313,356507,卖盘
685,14:16:42,11.39,--,30,34170,卖盘
686,14:16:36,11.39,--,11,12529,卖盘
687,14:16:30,11.39,-0.01,19,21641,卖盘
688,14:16:27,11.4,--,15,17100,买盘
689,14:16:21,11.4,-0.01,6,6862,卖盘
690,14:16:18,11.41,0.01,14,15974,买盘
691,14:16:12,11.4,--,38,43320,卖盘
692,14:16:09,11.4,--,67,76516,卖盘
693,14:16:06,11.4,-0.01,12,13680,卖盘
694,14:16:03,11.41,0.01,1,1141,买盘
695,14:16:00,11.4,--,42,48860,卖盘
696,14:15:57,11.4,--,183,208620,买盘
697,14:15:54,11.4,0.01,1,1140,买盘
698,14:15:51,11.39,--,13,14807,卖盘
699,14:15:48,11.39,-0.01,11,12529,卖盘
700,14:15:45,11.4,-0.01,29,33060,卖盘
701,14:15:42,11.41,0.01,144,164304,买盘
702,14:15:36,11.4,--,17,20497,买盘
703,14:15:33,11.4,0.01,52,59280,买盘
704,14:15:30,11.39,--,13,14807,卖盘
705,14:15:27,11.39,-0.01,27,30775,卖盘
706,14:15:24,11.4,0.01,6,7957,买盘
707,14:15:21,11.39,--,15,17085,卖盘
708,14:15:18,11.39,--,11,12529,卖盘
709,14:15:12,11.39,-0.01,12,13668,卖盘
710,14:15:09,11.4,--,4,4560,买盘
711,14:15:06,11.4,-0.01,51,58140,卖盘
712,14:15:03,11.41,0.01,10,11410,买盘
713,14:15:00,11.4,--,23,26220,卖盘
714,14:14:57,11.4,--,48,54720,卖盘
715,14:14:51,11.4,--,12,13680,卖盘
716,14:14:48,11.4,--,11,12540,卖盘
717,14:14:45,11.4,--,20,22800,卖盘
718,14:14:42,11.4,--,13,14820,卖盘
719,14:14:36,11.4,-0.02,11,12540,中性盘
720,14:14:33,11.42,0.03,7,7994,买盘
721,14:14:30,11.39,--,14,15946,卖盘
722,14:14:27,11.39,-0.03,12,13668,卖盘
723,14:14:21,11.42,0.02,22,25124,买盘
724,14:14:18,11.4,-0.02,16,18240,卖盘
725,14:14:15,11.42,0.02,2,2284,买盘
726,14:14:12,11.4,0.01,22,25080,中性盘
727,14:14:06,11.39,-0.03,37,42746,卖盘
728,14:14:03,11.42,0.03,1,1142,买盘
729,14:14:00,11.39,-0.01,28,32404,卖盘
730,14:13:57,11.4,-0.01,45,52086,卖盘
731,14:13:54,11.41,0.01,0,353,买盘
732,14:13:51,11.4,-0.01,12,13680,卖盘
733,14:13:48,11.41,--,12,14479,卖盘
734,14:13:45,11.41,0.01,58,66531,买盘
735,14:13:42,11.4,--,12,13680,卖盘
736,14:13:39,11.4,-0.01,1,1140,中性盘
737,14:13:36,11.41,0.02,16,18256,买盘
738,14:13:33,11.39,--,8,9112,卖盘
739,14:13:30,11.39,--,16,18224,卖盘
740,14:13:27,11.39,-0.02,12,13668,卖盘
741,14:13:24,11.41,0.02,6,6846,买盘
742,14:13:21,11.39,--,13,14807,卖盘
743,14:13:18,11.39,-0.01,11,12529,卖盘
744,14:13:15,11.4,0.01,2,2280,买盘
745,14:13:12,11.39,--,13,14807,卖盘
746,14:13:06,11.39,--,12,13668,卖盘
747,14:13:03,11.39,--,62,70777,卖盘
748,14:13:00,11.39,--,20,22780,卖盘
749,14:12:57,11.39,-0.01,47,54489,卖盘
750,14:12:51,11.4,--,1,1140,卖盘
751,14:12:48,11.4,--,11,12540,卖盘
752,14:12:45,11.4,--,1,1140,卖盘
753,14:12:42,11.4,0.01,42,47880,买盘
754,14:12:36,11.39,--,12,13668,卖盘
755,14:12:30,11.39,-0.02,13,14807,卖盘
756,14:12:27,11.41,--,12,13692,买盘
757,14:12:24,11.41,0.02,30,34230,买盘
758,14:12:21,11.39,--,12,13668,卖盘
759,14:12:18,11.39,-0.01,12,13668,卖盘
760,14:12:12,11.4,0.01,14,15960,买盘
761,14:12:06,11.39,-0.01,11,12529,卖盘
762,14:12:03,11.4,0.01,1,1140,买盘
763,14:12:00,11.39,--,32,36994,卖盘
764,14:11:57,11.39,-0.01,11,12529,卖盘
765,14:11:51,11.4,--,44,50730,买盘
766,14:11:48,11.4,--,5,6213,卖盘
767,14:11:42,11.4,0.01,14,16587,买盘
768,14:11:36,11.39,--,11,12529,卖盘
769,14:11:33,11.39,--,1,1139,卖盘
770,14:11:30,11.39,--,12,13668,卖盘
771,14:11:27,11.39,-0.01,12,13668,卖盘
772,14:11:24,11.4,0.01,1,1140,买盘
773,14:11:21,11.39,--,23,26197,卖盘
774,14:11:18,11.39,--,12,13668,卖盘
775,14:11:15,11.39,-0.01,10,11390,卖盘
776,14:11:12,11.4,0.01,14,15960,买盘
777,14:11:06,11.39,-0.01,16,18224,卖盘
778,14:11:03,11.4,0.01,1,1140,买盘
779,14:11:00,11.39,--,13,14807,卖盘
780,14:10:57,11.39,-0.01,25,29443,卖盘
781,14:10:54,11.4,0.01,1,1140,买盘
782,14:10:51,11.39,-0.01,44,50776,卖盘
783,14:10:45,11.4,--,11,13167,买盘
784,14:10:42,11.4,--,3,3933,卖盘
785,14:10:33,11.4,--,71,80940,卖盘
786,14:10:30,11.4,-0.01,115,131100,卖盘
787,14:10:27,11.41,--,1,1141,买盘
788,14:10:24,11.41,0.01,2,2282,买盘
789,14:10:21,11.4,--,12,13680,卖盘
790,14:10:12,11.4,-0.01,13,14820,卖盘
791,14:10:09,11.41,--,3,3423,买盘
792,14:10:06,11.41,--,5,5705,买盘
793,14:10:03,11.41,0.01,1,1141,买盘
794,14:10:00,11.4,--,12,13680,卖盘
795,14:09:57,11.4,--,19,21796,卖盘
796,14:09:51,11.4,--,13,14820,卖盘
797,14:09:48,11.4,--,32,37460,卖盘
798,14:09:45,11.4,--,3,3420,卖盘
799,14:09:42,11.4,--,12,13680,卖盘
800,14:09:39,11.4,--,9,10260,卖盘
801,14:09:36,11.4,-0.01,1,1140,卖盘
802,14:09:33,11.41,0.01,1,1141,买盘
803,14:09:30,11.4,-0.01,14,15960,卖盘
804,14:09:24,11.41,--,50,57050,买盘
805,14:09:21,11.41,0.01,25,28525,买盘
806,14:09:12,11.4,-0.01,16,18240,卖盘
807,14:09:06,11.41,--,7,7987,买盘
808,14:09:03,11.41,0.01,1,1141,买盘
809,14:09:00,11.4,--,12,13680,卖盘
810,14:08:57,11.4,-0.01,15,17943,卖盘
811,14:08:54,11.41,0.01,2,2282,买盘
812,14:08:51,11.4,--,62,70680,卖盘
813,14:08:45,11.4,--,35,40173,卖盘
814,14:08:42,11.4,-0.01,13,14820,卖盘
815,14:08:36,11.41,0.01,16,18256,买盘
816,14:08:30,11.4,--,15,17100,卖盘
817,14:08:27,11.4,--,14,15960,卖盘
818,14:08:21,11.4,-0.01,13,14820,卖盘
819,14:08:18,11.41,0.01,2,2282,买盘
820,14:08:15,11.4,0.01,29,33732,买盘
821,14:08:12,11.39,-0.02,206,235100,卖盘
822,14:08:09,11.41,--,1,1141,买盘
823,14:08:06,11.41,--,106,120946,买盘
824,14:08:03,11.41,0.01,4,4564,买盘
825,14:08:00,11.4,-0.01,14,15960,卖盘
826,14:07:57,11.41,0.01,21,24599,买盘
827,14:07:51,11.4,--,12,13680,卖盘
828,14:07:48,11.4,--,30,34678,卖盘
829,14:07:45,11.4,-0.01,1,1892,卖盘
830,14:07:42,11.41,--,18,20538,买盘
831,14:07:39,11.41,0.01,1,1141,买盘
832,14:07:36,11.4,--,7,7980,卖盘
833,14:07:30,11.4,-0.02,12,13680,卖盘
834,14:07:27,11.42,0.01,31,35402,买盘
835,14:07:21,11.41,0.01,12,13692,卖盘
836,14:07:12,11.4,-0.03,12,13680,卖盘
837,14:07:06,11.43,--,4,4572,买盘
838,14:07:03,11.43,0.01,28,32004,买盘
839,14:07:00,11.42,--,18,20556,卖盘
840,14:06:57,11.42,-0.01,108,124375,卖盘
841,14:06:54,11.43,0.01,5,5715,买盘
842,14:06:51,11.42,--,12,13704,卖盘
843,14:06:48,11.42,-0.01,32,36623,卖盘
844,14:06:45,11.43,--,8,9144,买盘
845,14:06:42,11.43,--,21,24003,买盘
846,14:06:36,11.43,--,1,1143,买盘
847,14:06:30,11.43,0.01,19,21717,买盘
848,14:06:27,11.42,-0.01,8,9136,卖盘
849,14:06:21,11.43,--,14,16002,买盘
850,14:06:15,11.43,0.01,2,2286,买盘
851,14:06:12,11.42,-0.01,13,14846,卖盘
852,14:06:06,11.43,--,5,5715,买盘
853,14:06:03,11.43,--,1,1143,买盘
854,14:06:00,11.43,0.01,15,17145,买盘
855,14:05:54,11.42,--,1,1142,卖盘
856,14:05:51,11.42,-0.01,32,36703,卖盘
857,14:05:48,11.43,0.01,5,5715,买盘
858,14:05:45,11.42,--,33,38645,卖盘
859,14:05:42,11.42,-0.01,13,14846,卖盘
860,14:05:33,11.43,0.01,10,11430,买盘
861,14:05:30,11.42,-0.01,64,73088,卖盘
862,14:05:27,11.43,0.01,45,51435,买盘
863,14:05:24,11.42,--,1,1142,卖盘
864,14:05:21,11.42,-0.01,13,14846,卖盘
865,14:05:15,11.43,--,3,3429,买盘
866,14:05:12,11.43,--,15,17145,买盘
867,14:05:03,11.43,0.01,3,3429,买盘
868,14:05:00,11.42,-0.01,13,14846,卖盘
869,14:04:57,11.43,--,12,13716,买盘
870,14:04:54,11.43,--,20,23374,买盘
871,14:04:51,11.43,--,37,42291,买盘
872,14:04:42,11.43,0.01,338,386334,买盘
873,14:04:39,11.42,-0.01,31,36007,卖盘
874,14:04:33,11.43,0.01,2,2286,买盘
875,14:04:30,11.42,--,12,13704,卖盘
876,14:04:27,11.42,--,9,10278,卖盘
877,14:04:21,11.42,-0.01,13,14846,卖盘
878,14:04:18,11.43,0.01,11,12573,买盘
879,14:04:15,11.42,-0.01,1,1142,卖盘
880,14:04:12,11.43,0.01,14,16002,买盘
881,14:04:06,11.42,0.01,498,569047,买盘
882,14:04:03,11.41,0.01,1,1141,买盘
883,14:04:00,11.4,-0.01,69,78660,卖盘
884,14:03:54,11.41,0.01,17,19397,买盘
885,14:03:51,11.4,--,12,13680,卖盘
886,14:03:48,11.4,--,19,22355,卖盘
887,14:03:45,11.4,--,102,116701,卖盘
888,14:03:42,11.4,--,43,49020,卖盘
889,14:03:36,11.4,--,53,60420,卖盘
890,14:03:30,11.4,--,83,94620,卖盘
891,14:03:27,11.4,-0.01,3,3420,卖盘
892,14:03:24,11.41,0.01,6,6846,买盘
893,14:03:21,11.4,-0.01,12,13680,卖盘
894,14:03:18,11.41,--,4,4564,买盘
895,14:03:12,11.41,--,15,17115,买盘
896,14:03:06,11.41,--,31,36215,买盘
897,14:03:03,11.41,0.01,1,1141,买盘
898,14:03:00,11.4,-0.01,247,281580,中性盘
899,14:02:57,11.41,0.01,26,29666,买盘
900,14:02:54,11.4,0.01,3,3420,卖盘
901,14:02:51,11.39,-0.01,63,72873,卖盘
902,14:02:48,11.4,0.01,2,2280,买盘
903,14:02:45,11.39,-0.01,34,38726,卖盘
904,14:02:42,11.4,--,23,26220,买盘
905,14:02:39,11.4,0.01,23,26220,买盘
906,14:02:30,11.39,--,102,116178,卖盘
907,14:02:24,11.39,--,2,2278,卖盘
908,14:02:21,11.39,--,15,17085,卖盘
909,14:02:12,11.39,-0.01,13,14807,卖盘
910,14:02:03,11.4,0.01,1,1140,买盘
911,14:02:00,11.39,--,32,36448,买盘
912,14:01:57,11.39,0.01,9,10251,买盘
913,14:01:51,11.38,--,17,19346,卖盘
914,14:01:45,11.38,--,20,23181,卖盘
915,14:01:42,11.38,-0.01,13,14794,卖盘
916,14:01:39,11.39,0.01,4,4556,买盘
917,14:01:36,11.38,--,30,34834,卖盘
918,14:01:30,11.38,-0.01,46,52348,卖盘
919,14:01:27,11.39,--,1,1139,买盘
920,14:01:24,11.39,--,18,20502,卖盘
921,14:01:21,11.39,--,13,14807,卖盘
922,14:01:15,11.39,--,22,25058,卖盘
923,14:01:12,11.39,--,12,13668,卖盘
924,14:01:06,11.39,-0.01,1,1139,卖盘
925,14:01:03,11.4,0.01,1,1140,买盘
926,14:01:00,11.39,0.01,246,280194,中性盘
927,14:00:51,11.38,--,12,13656,卖盘
928,14:00:45,11.38,-0.01,26,29735,卖盘
929,14:00:42,11.39,--,37,43042,买盘
930,14:00:39,11.39,0.01,19,21641,买盘
931,14:00:36,11.38,-0.01,49,56729,卖盘
932,14:00:33,11.39,--,2,2278,买盘
933,14:00:30,11.39,--,21,23919,买盘
934,14:00:27,11.39,0.01,1,1139,买盘
935,14:00:21,11.38,-0.01,12,13656,卖盘
936,14:00:18,11.39,--,2,2278,买盘
937,14:00:12,11.39,--,10,11629,卖盘
938,14:00:06,11.39,--,1,2038,买盘
939,14:00:03,11.39,0.01,2,2278,买盘
940,14:00:00,11.38,-0.01,12,13656,卖盘
941,13:59:57,11.39,--,7,8212,卖盘
942,13:59:51,11.39,--,17,19363,卖盘
943,13:59:45,11.39,-0.01,1,1139,卖盘
944,13:59:42,11.4,0.01,32,36514,买盘
945,13:59:36,11.39,-0.01,39,45503,卖盘
946,13:59:33,11.4,0.01,5,5700,买盘
947,13:59:30,11.39,--,95,108205,卖盘
948,13:59:27,11.39,--,1,1139,卖盘
949,13:59:21,11.39,-0.01,21,23919,卖盘
950,13:59:18,11.4,0.01,11,12540,买盘
951,13:59:15,11.39,-0.01,30,34170,卖盘
952,13:59:12,11.4,--,16,18240,买盘
953,13:59:03,11.4,0.01,9,10260,买盘
954,13:59:00,11.39,--,12,13668,卖盘
955,13:58:57,11.39,-0.01,20,22780,卖盘
956,13:58:54,11.4,0.01,4,4560,买盘
957,13:58:51,11.39,--,13,14807,卖盘
958,13:58:45,11.39,-0.01,10,11390,卖盘
959,13:58:42,11.4,0.01,31,35351,买盘
960,13:58:36,11.39,--,33,38691,卖盘
961,13:58:33,11.39,--,4,4556,卖盘
962,13:58:30,11.39,-0.01,17,19363,卖盘
963,13:58:27,11.4,0.01,1,1140,买盘
964,13:58:24,11.39,--,1,1139,卖盘
965,13:58:21,11.39,--,13,14807,卖盘
966,13:58:18,11.39,-0.01,2,2278,卖盘
967,13:58:15,11.4,0.01,2,2280,买盘
968,13:58:12,11.39,--,12,13668,卖盘
969,13:58:06,11.39,-0.01,5,5695,卖盘
970,13:58:03,11.4,0.01,1,1140,买盘
971,13:58:00,11.39,-0.01,48,54672,卖盘
972,13:57:54,11.4,0.01,33,37620,买盘
973,13:57:51,11.39,--,12,13668,卖盘
974,13:57:48,11.39,--,1,1776,卖盘
975,13:57:42,11.39,--,13,14807,卖盘
976,13:57:39,11.39,--,24,28463,卖盘
977,13:57:36,11.39,--,30,35297,卖盘
978,13:57:30,11.39,--,12,13668,卖盘
979,13:57:24,11.39,--,5,5695,卖盘
980,13:57:21,11.39,-0.01,13,14807,卖盘
981,13:57:15,11.4,0.01,13,14820,买盘
982,13:57:12,11.39,-0.01,12,13668,卖盘
983,13:57:09,11.4,--,61,69540,买盘
984,13:57:03,11.4,0.01,10,11400,买盘
985,13:57:00,11.39,-0.01,12,13668,卖盘
986,13:56:54,11.4,0.01,12,13680,买盘
987,13:56:51,11.39,--,13,14807,卖盘
988,13:56:45,11.39,--,1,1139,卖盘
989,13:56:42,11.39,-0.01,32,37028,卖盘
990,13:56:39,11.4,0.01,2,2280,买盘
991,13:56:33,11.39,--,6,6834,卖盘
992,13:56:30,11.39,--,13,14807,卖盘
993,13:56:27,11.39,--,34,39261,卖盘
994,13:56:21,11.39,--,12,13668,卖盘
995,13:56:15,11.39,--,5,5695,卖盘
996,13:56:12,11.39,-0.01,21,23919,卖盘
997,13:56:03,11.4,0.01,16,18240,买盘
998,13:56:00,11.39,-0.01,12,13668,卖盘
999,13:55:57,11.4,0.01,50,57000,买盘
1000,13:55:51,11.39,--,21,23919,卖盘
1001,13:55:45,11.39,--,6,6834,卖盘
1002,13:55:42,11.39,--,32,36448,卖盘
1003,13:55:36,11.39,--,15,17255,卖盘
1004,13:55:30,11.39,-0.01,47,54478,卖盘
1005,13:55:27,11.4,0.01,1,1140,买盘
1006,13:55:24,11.39,--,3,3417,卖盘
1007,13:55:21,11.39,--,13,14807,卖盘
1008,13:55:18,11.39,-0.01,5,5695,卖盘
1009,13:55:15,11.4,0.01,10,11400,买盘
1010,13:55:12,11.39,--,12,13668,卖盘
1011,13:55:09,11.39,-0.01,5,5695,卖盘
1012,13:55:03,11.4,0.01,1,1140,买盘
1013,13:55:00,11.39,-0.01,13,14807,卖盘
1014,13:54:57,11.4,0.01,2,2280,买盘
1015,13:54:54,11.39,--,8,9112,卖盘
1016,13:54:51,11.39,-0.01,12,13668,卖盘
1017,13:54:45,11.4,0.01,5,5700,买盘
1018,13:54:42,11.39,-0.01,19,21641,卖盘
1019,13:54:39,11.4,--,3,3420,买盘
1020,13:54:33,11.4,0.01,19,22480,买盘
1021,13:54:30,11.39,-0.01,4,4556,卖盘
1022,13:54:27,11.4,0.01,2,2280,买盘
1023,13:54:24,11.39,--,35,40161,卖盘
1024,13:54:21,11.39,-0.01,13,14807,卖盘
1025,13:54:15,11.4,0.01,11,12540,买盘
1026,13:54:12,11.39,--,12,13668,卖盘
1027,13:54:06,11.39,--,1,1139,卖盘
1028,13:54:03,11.39,--,10,11390,卖盘
1029,13:54:00,11.39,-0.01,17,19363,卖盘
1030,13:53:51,11.4,-0.01,5,5700,中性盘
1031,13:53:42,11.41,0.02,42,48344,买盘
1032,13:53:36,11.39,--,65,74775,卖盘
1033,13:53:33,11.39,--,3,3417,卖盘
1034,13:53:30,11.39,--,13,14807,卖盘
1035,13:53:27,11.39,--,6,6834,卖盘
1036,13:53:24,11.39,--,40,45935,卖盘
1037,13:53:21,11.39,--,13,14807,卖盘
1038,13:53:12,11.39,--,124,141236,卖盘
1039,13:53:06,11.39,-0.01,4,4556,卖盘
1040,13:53:03,11.4,0.01,50,57000,买盘
1041,13:53:00,11.39,-0.01,12,13668,卖盘
1042,13:52:57,11.4,0.01,17,19380,买盘
1043,13:52:54,11.39,--,36,41004,卖盘
1044,13:52:51,11.39,-0.01,37,42143,卖盘
1045,13:52:42,11.4,--,315,359100,买盘
1046,13:52:39,11.4,--,39,44460,买盘
1047,13:52:36,11.4,--,4,5278,卖盘
1048,13:52:33,11.4,--,14,16689,卖盘
1049,13:52:30,11.4,--,18,20520,卖盘
1050,13:52:27,11.4,--,41,47127,卖盘
1051,13:52:24,11.4,--,1,1140,卖盘
1052,13:52:21,11.4,--,12,13680,卖盘
1053,13:52:12,11.4,--,13,14820,卖盘
1054,13:52:09,11.4,-0.01,5,5700,卖盘
1055,13:52:03,11.41,0.01,1,1141,买盘
1056,13:52:00,11.4,--,16,18240,卖盘
1057,13:51:51,11.4,-0.01,12,13680,卖盘
1058,13:51:45,11.41,0.01,15,17115,买盘
1059,13:51:42,11.4,--,13,14820,卖盘
1060,13:51:39,11.4,-0.01,4,4560,卖盘
1061,13:51:33,11.41,0.01,7,7987,买盘
1062,13:51:30,11.4,-0.01,12,13680,卖盘
1063,13:51:27,11.41,0.01,28,32039,买盘
1064,13:51:24,11.4,--,46,53466,卖盘
1065,13:51:21,11.4,--,18,20520,卖盘
1066,13:51:12,11.4,--,12,13680,卖盘
1067,13:51:06,11.4,-0.01,1,1140,卖盘
1068,13:51:03,11.41,0.01,5,5705,买盘
1069,13:51:00,11.4,-0.01,18,20520,卖盘
1070,13:50:54,11.41,--,4,4564,买盘
1071,13:50:51,11.41,0.01,15,17115,买盘
1072,13:50:48,11.4,--,1,1140,卖盘
1073,13:50:42,11.4,--,12,13680,卖盘
1074,13:50:39,11.4,-0.02,5,5700,卖盘
1075,13:50:33,11.42,0.02,18,21401,买盘
1076,13:50:30,11.4,-0.01,20,22800,卖盘
1077,13:50:27,11.41,0.01,16,18256,买盘
1078,13:50:24,11.4,-0.01,33,37893,卖盘
1079,13:50:21,11.41,0.01,34,38794,买盘
1080,13:50:18,11.4,-0.01,1,1140,卖盘
1081,13:50:15,11.41,0.01,9,10269,买盘
1082,13:50:12,11.4,--,13,14820,卖盘
1083,13:50:09,11.4,--,119,136150,买盘
1084,13:50:06,11.4,--,10,11400,买盘
1085,13:50:03,11.4,0.01,7,7980,买盘
1086,13:50:00,11.39,--,10,11390,卖盘
1087,13:49:54,11.39,--,11,12529,买盘
1088,13:49:51,11.39,0.01,42,47838,中性盘
1089,13:49:42,11.38,-0.02,12,13656,卖盘
1090,13:49:33,11.4,0.02,23,26220,买盘
1091,13:49:30,11.38,-0.02,13,14794,卖盘
1092,13:49:27,11.4,0.02,1,1140,买盘
1093,13:49:24,11.38,--,16,18811,卖盘
1094,13:49:21,11.38,--,12,13656,卖盘
1095,13:49:18,11.38,-0.02,35,40342,卖盘
1096,13:49:12,11.4,0.01,24,27360,买盘
1097,13:49:09,11.39,--,7,7973,卖盘
1098,13:49:03,11.39,0.01,24,27336,买盘
1099,13:49:00,11.38,--,12,13656,卖盘
1100,13:48:57,11.38,-0.01,2,2276,卖盘
1101,13:48:54,11.39,0.01,3,3417,买盘
1102,13:48:51,11.38,-0.01,13,14794,卖盘
1103,13:48:48,11.39,-0.01,3,3417,买盘
1104,13:48:42,11.4,--,15,17100,买盘
1105,13:48:36,11.4,0.01,5,5700,买盘
1106,13:48:30,11.39,0.01,12,13668,中性盘
1107,13:48:27,11.38,--,162,184356,卖盘
1108,13:48:24,11.38,--,40,45520,卖盘
1109,13:48:21,11.38,--,36,41559,卖盘
1110,13:48:18,11.38,--,31,35801,卖盘
1111,13:48:12,11.38,--,12,13656,卖盘
1112,13:48:06,11.38,-0.01,1,1138,卖盘
1113,13:48:03,11.39,0.01,1,1139,买盘
1114,13:48:00,11.38,--,37,42106,卖盘
1115,13:47:51,11.38,-0.01,20,22760,卖盘
1116,13:47:48,11.39,0.01,10,11390,买盘
1117,13:47:42,11.38,--,13,14794,卖盘
1118,13:47:39,11.38,--,58,66004,卖盘
1119,13:47:36,11.38,--,1,1138,卖盘
1120,13:47:33,11.38,--,2,2276,卖盘
1121,13:47:30,11.38,--,179,203702,卖盘
1122,13:47:27,11.38,-0.01,8,9104,卖盘
1123,13:47:24,11.39,0.01,1,1139,买盘
1124,13:47:21,11.38,--,32,37121,卖盘
1125,13:47:12,11.38,-0.01,38,44154,卖盘
1126,13:47:03,11.39,0.01,21,23919,买盘
1127,13:47:00,11.38,-0.01,19,21622,卖盘
1128,13:46:54,11.39,0.01,3,3417,买盘
1129,13:46:51,11.38,--,17,19346,卖盘
1130,13:46:45,11.38,--,8,9104,卖盘
1131,13:46:42,11.38,-0.01,13,14794,卖盘
1132,13:46:39,11.39,0.01,2,2278,买盘
1133,13:46:36,11.38,--,31,35278,卖盘
1134,13:46:33,11.38,--,13,14794,卖盘
1135,13:46:30,11.38,--,13,14794,卖盘
1136,13:46:27,11.38,-0.01,50,56900,卖盘
1137,13:46:24,11.39,0.01,27,30753,买盘
1138,13:46:21,11.38,--,21,23898,卖盘
1139,13:46:15,11.38,--,11,13018,卖盘
1140,13:46:12,11.38,-0.01,74,85327,卖盘
1141,13:46:09,11.39,--,10,11390,买盘
1142,13:46:03,11.39,0.01,1,1139,买盘
1143,13:46:00,11.38,--,12,13656,卖盘
1144,13:45:54,11.38,--,73,83074,卖盘
1145,13:45:51,11.38,-0.01,13,14794,卖盘
1146,13:45:45,11.39,--,5,5695,买盘
1147,13:45:42,11.39,0.01,18,20502,买盘
1148,13:45:39,11.38,-0.01,2,2276,卖盘
1149,13:45:36,11.39,--,33,37587,买盘
1150,13:45:33,11.39,0.01,3,3417,买盘
1151,13:45:30,11.38,-0.01,13,14794,卖盘
1152,13:45:27,11.39,--,34,38726,买盘
1153,13:45:24,11.39,0.01,2,2278,买盘
1154,13:45:21,11.38,-0.01,17,19346,卖盘
1155,13:45:18,11.39,0.01,11,13155,买盘
1156,13:45:12,11.38,-0.01,12,13656,卖盘
1157,13:45:09,11.39,--,105,120585,买盘
1158,13:45:06,11.39,0.01,89,101371,买盘
1159,13:45:03,11.38,--,7,7966,卖盘
1160,13:45:00,11.38,-0.01,24,27312,卖盘
1161,13:44:57,11.39,--,1,1139,买盘
1162,13:44:54,11.39,0.01,3,3417,买盘
1163,13:44:51,11.38,--,16,18208,卖盘
1164,13:44:42,11.38,--,13,14794,卖盘
1165,13:44:33,11.38,--,1,2093,卖盘
1166,13:44:30,11.38,--,12,13656,卖盘
1167,13:44:21,11.38,--,23,26174,卖盘
1168,13:44:18,11.38,--,11,13519,卖盘
1169,13:44:12,11.38,--,23,26174,卖盘
1170,13:44:09,11.38,--,24,27926,卖盘
1171,13:44:06,11.38,-0.01,5,5690,卖盘
1172,13:44:03,11.39,0.01,1,1139,买盘
1173,13:44:00,11.38,--,13,14794,卖盘
1174,13:43:54,11.38,--,6,6828,卖盘
1175,13:43:51,11.38,--,16,18208,卖盘
1176,13:43:45,11.38,--,2,2276,卖盘
1177,13:43:42,11.38,--,15,17070,卖盘
1178,13:43:30,11.38,-0.01,13,14794,卖盘
1179,13:43:27,11.39,0.01,2,2278,买盘
1180,13:43:21,11.38,-0.02,17,19346,卖盘
1181,13:43:15,11.4,0.02,2,2280,买盘
1182,13:43:12,11.38,--,26,29963,卖盘
1183,13:43:09,11.38,-0.02,25,28552,卖盘
1184,13:43:03,11.4,0.02,1,1140,买盘
1185,13:43:00,11.38,--,12,13656,卖盘
1186,13:42:51,11.38,--,13,14794,卖盘
1187,13:42:48,11.38,-0.02,5,5690,卖盘
1188,13:42:45,11.4,0.02,3,3420,买盘
1189,13:42:42,11.38,-0.02,17,19346,卖盘
1190,13:42:33,11.4,0.02,10,12369,买盘
1191,13:42:30,11.38,-0.02,13,14794,卖盘
1192,13:42:27,11.4,0.02,99,112860,买盘
1193,13:42:24,11.38,--,1,1138,卖盘
1194,13:42:21,11.38,--,12,13656,卖盘
1195,13:42:18,11.38,--,2,2276,卖盘
1196,13:42:15,11.38,-0.01,12,13758,卖盘
1197,13:42:12,11.39,--,12,13668,卖盘
1198,13:42:09,11.39,0.01,3,3417,卖盘
1199,13:42:06,11.38,-0.02,24,27687,卖盘
1200,13:42:03,11.4,0.02,1,1140,买盘
1201,13:42:00,11.38,--,36,40968,卖盘
1202,13:41:51,11.38,-0.02,12,13656,卖盘
1203,13:41:48,11.4,0.02,2,2280,买盘
1204,13:41:42,11.38,--,25,28450,卖盘
1205,13:41:39,11.38,--,5,5690,卖盘
1206,13:41:36,11.38,--,5,5690,卖盘
1207,13:41:30,11.38,-0.01,14,15932,卖盘
1208,13:41:24,11.39,0.01,1,1139,买盘
1209,13:41:21,11.38,-0.01,13,14794,卖盘
1210,13:41:18,11.39,0.01,1,1139,买盘
1211,13:41:15,11.38,-0.01,2,2276,卖盘
1212,13:41:12,11.39,0.01,20,22859,中性盘
1213,13:41:06,11.38,-0.02,22,25434,卖盘
1214,13:41:03,11.4,0.01,1,1140,买盘
1215,13:41:00,11.39,--,18,20502,卖盘
1216,13:40:51,11.39,--,12,13668,卖盘
1217,13:40:48,11.39,--,36,41004,买盘
1218,13:40:45,11.39,0.01,26,29614,买盘
1219,13:40:42,11.38,--,42,47796,卖盘
1220,13:40:39,11.38,--,1,1138,卖盘
1221,13:40:33,11.38,--,5,5690,卖盘
1222,13:40:30,11.38,-0.01,13,15067,卖盘
1223,13:40:24,11.39,0.01,3,3417,买盘
1224,13:40:21,11.38,--,12,13656,卖盘
1225,13:40:18,11.38,--,24,27312,卖盘
1226,13:40:12,11.38,-0.02,23,27107,卖盘
1227,13:40:09,11.4,0.02,8,9120,买盘
1228,13:40:06,11.38,-0.02,27,31408,卖盘
1229,13:40:03,11.4,0.01,28,31920,买盘
1230,13:40:00,11.39,-0.01,3,3417,中性盘
1231,13:39:54,11.4,0.02,49,55860,买盘
1232,13:39:51,11.38,--,13,14794,卖盘
1233,13:39:48,11.38,--,11,12518,卖盘
1234,13:39:42,11.38,--,12,13656,卖盘
1235,13:39:36,11.38,-0.01,79,89902,卖盘
1236,13:39:33,11.39,--,0,592,卖盘
1237,13:39:30,11.39,--,21,23919,卖盘
1238,13:39:24,11.39,0.01,39,45229,买盘
1239,13:39:21,11.38,-0.01,12,13656,卖盘
1240,13:39:12,11.39,0.01,23,26197,买盘
1241,13:39:06,11.38,-0.01,11,13325,卖盘
1242,13:39:03,11.39,--,412,469598,卖盘
1243,13:39:00,11.39,--,38,44090,卖盘
1244,13:38:57,11.39,--,53,60367,卖盘
1245,13:38:51,11.39,-0.01,12,13668,卖盘
1246,13:38:42,11.4,--,18,20520,买盘
1247,13:38:36,11.4,--,207,236629,卖盘
1248,13:38:33,11.4,--,49,55860,卖盘
1249,13:38:30,11.4,-0.01,14,15960,卖盘
1250,13:38:27,11.41,0.01,1,1141,买盘
1251,13:38:21,11.4,--,12,13680,卖盘
1252,13:38:18,11.4,-0.02,6,6840,卖盘
1253,13:38:12,11.42,0.02,14,15988,买盘
1254,13:38:06,11.4,-0.02,16,18285,卖盘
1255,13:38:03,11.42,--,76,86792,买盘
1256,13:38:00,11.42,0.01,39,44640,买盘
1257,13:37:51,11.41,-0.01,23,26243,卖盘
1258,13:37:45,11.42,--,43,49106,买盘
1259,13:37:42,11.42,0.01,24,27408,买盘
1260,13:37:39,11.41,--,17,19397,卖盘
1261,13:37:30,11.41,--,12,13692,卖盘
1262,13:37:27,11.41,--,20,22820,卖盘
1263,13:37:21,11.41,-0.01,13,14833,卖盘
1264,13:37:18,11.42,0.01,2,2284,买盘
1265,13:37:12,11.41,--,12,13692,卖盘
1266,13:37:09,11.41,--,10,11410,卖盘
1267,13:37:06,11.41,-0.01,3,3423,卖盘
1268,13:37:03,11.42,0.01,17,19585,买盘
1269,13:37:00,11.41,--,16,18256,卖盘
1270,13:36:57,11.41,--,24,27692,卖盘
1271,13:36:51,11.41,--,13,14833,卖盘
1272,13:36:42,11.41,-0.02,14,15974,卖盘
1273,13:36:39,11.43,0.01,12,14161,买盘
1274,13:36:30,11.42,-0.01,17,19414,卖盘
1275,13:36:27,11.43,0.01,3,3429,买盘
1276,13:36:24,11.42,--,51,58242,卖盘
1277,13:36:21,11.42,-0.01,12,13704,卖盘
1278,13:36:18,11.43,0.02,35,40702,买盘
1279,13:36:12,11.41,--,13,14833,卖盘
1280,13:36:03,11.41,-0.01,8,9128,卖盘
1281,13:36:00,11.42,--,146,166766,卖盘
1282,13:35:54,11.42,--,22,25569,卖盘
1283,13:35:51,11.42,--,12,13704,卖盘
1284,13:35:42,11.42,0.01,30,34260,买盘
1285,13:35:39,11.41,-0.01,3,3423,卖盘
1286,13:35:30,11.42,--,1,1142,卖盘
1287,13:35:27,11.42,0.01,5,5710,买盘
1288,13:35:21,11.41,--,12,13692,卖盘
1289,13:35:12,11.41,--,12,13692,卖盘
1290,13:35:09,11.41,-0.02,6,6846,卖盘
1291,13:35:06,11.43,--,53,60579,买盘
1292,13:35:03,11.43,0.01,33,37719,买盘
1293,13:35:00,11.42,-0.01,26,30537,卖盘
1294,13:34:57,11.43,0.01,36,41925,买盘
1295,13:34:54,11.42,--,5,5710,卖盘
1296,13:34:51,11.42,-0.01,17,19414,卖盘
1297,13:34:45,11.43,0.01,20,22860,买盘
1298,13:34:42,11.42,-0.01,22,25124,卖盘
1299,13:34:36,11.43,0.02,87,99441,买盘
1300,13:34:30,11.41,-0.02,14,15974,卖盘
1301,13:34:27,11.43,--,1,1143,买盘
1302,13:34:21,11.43,--,35,40005,买盘
1303,13:34:15,11.43,0.02,90,102870,买盘
1304,13:34:12,11.41,--,12,13692,卖盘
1305,13:34:09,11.41,-0.02,29,33089,卖盘
1306,13:34:03,11.43,0.02,1,1143,买盘
1307,13:34:00,11.41,-0.02,27,31217,卖盘
1308,13:33:54,11.43,0.02,26,29786,买盘
1309,13:33:51,11.41,--,12,13692,卖盘
1310,13:33:45,11.41,--,10,11410,卖盘
1311,13:33:42,11.41,-0.02,18,20538,卖盘
1312,13:33:39,11.43,0.02,3,3429,买盘
1313,13:33:30,11.41,--,13,15757,卖盘
1314,13:33:21,11.41,-0.02,12,13692,卖盘
1315,13:33:18,11.43,0.02,1,1143,买盘
1316,13:33:15,11.41,--,4,4564,卖盘
1317,13:33:12,11.41,-0.02,23,26243,卖盘
1318,13:33:06,11.43,--,2,2286,买盘
1319,13:33:03,11.43,0.02,1,1143,买盘
1320,13:33:00,11.41,--,12,13692,卖盘
1321,13:32:57,11.41,-0.02,15,17776,卖盘
1322,13:32:54,11.43,0.02,3,3429,买盘
1323,13:32:51,11.41,--,39,45457,卖盘
1324,13:32:48,11.41,--,4,4564,卖盘
1325,13:32:42,11.41,--,21,23961,卖盘
1326,13:32:36,11.41,-0.02,5,5705,卖盘
1327,13:32:33,11.43,0.02,51,58293,买盘
1328,13:32:30,11.41,-0.02,13,14833,卖盘
1329,13:32:27,11.43,--,64,73152,买盘
1330,13:32:21,11.43,--,15,17145,买盘
1331,13:32:18,11.43,0.02,2,2286,买盘
1332,13:32:15,11.41,-0.01,7,7987,卖盘
1333,13:32:12,11.42,0.01,16,18272,买盘
1334,13:32:06,11.41,-0.01,1,1141,卖盘
1335,13:32:03,11.42,0.01,9,10278,买盘
1336,13:32:00,11.41,--,13,14833,卖盘
1337,13:31:57,11.41,--,12,13749,卖盘
1338,13:31:51,11.41,-0.01,22,25102,卖盘
1339,13:31:48,11.42,--,24,27830,卖盘
1340,13:31:45,11.42,0.01,6,6852,卖盘
1341,13:31:42,11.41,-0.02,12,13692,卖盘
1342,13:31:39,11.43,--,11,12573,买盘
1343,13:31:36,11.43,0.02,9,10287,买盘
1344,13:31:30,11.41,--,13,14833,卖盘
1345,13:31:27,11.41,-0.01,92,104972,卖盘
1346,13:31:24,11.42,--,26,29692,卖盘
1347,13:31:21,11.42,-0.01,34,38828,卖盘
1348,13:31:18,11.43,--,9,10287,买盘
1349,13:31:15,11.43,0.01,4,4572,买盘
1350,13:31:12,11.42,--,12,13704,卖盘
1351,13:31:06,11.42,-0.01,3,3426,卖盘
1352,13:31:03,11.43,0.01,5,5715,买盘
1353,13:31:00,11.42,-0.01,13,14846,卖盘
1354,13:30:57,11.43,0.01,2,2286,买盘
1355,13:30:54,11.42,--,21,24221,卖盘
1356,13:30:51,11.42,--,43,49345,卖盘
1357,13:30:48,11.42,--,4,4568,卖盘
1358,13:30:45,11.42,--,4,4568,卖盘
1359,13:30:42,11.42,-0.01,13,14846,卖盘
1360,13:30:33,11.43,0.01,10,11430,买盘
1361,13:30:30,11.42,-0.01,12,13704,卖盘
1362,13:30:24,11.43,0.01,1,1143,买盘
1363,13:30:21,11.42,-0.01,33,37686,卖盘
1364,13:30:15,11.43,0.01,3,3429,买盘
1365,13:30:12,11.42,-0.01,13,14846,卖盘
1366,13:30:09,11.43,--,3,3429,买盘
1367,13:30:03,11.43,0.01,1,1143,买盘
1368,13:30:00,11.42,0.01,161,183862,买盘
1369,13:29:57,11.41,--,5,5705,卖盘
1370,13:29:54,11.41,--,12,13988,卖盘
1371,13:29:51,11.41,--,17,19397,卖盘
1372,13:29:45,11.41,0.01,71,81455,买盘
1373,13:29:42,11.4,--,12,13680,卖盘
1374,13:29:30,11.4,-0.01,13,14820,卖盘
1375,13:29:24,11.41,0.01,4,4564,买盘
1376,13:29:21,11.4,--,18,20520,卖盘
1377,13:29:12,11.4,--,18,20520,卖盘
1378,13:29:09,11.4,--,1,1140,卖盘
1379,13:29:03,11.4,--,6,6840,卖盘
1380,13:29:00,11.4,--,12,13680,卖盘
1381,13:28:54,11.4,0.01,9,10260,卖盘
1382,13:28:51,11.39,--,29,33167,卖盘
1383,13:28:45,11.39,-0.01,26,29955,卖盘
1384,13:28:42,11.4,--,29,33060,买盘
1385,13:28:30,11.4,-0.01,212,241680,卖盘
1386,13:28:27,11.41,--,12,13692,买盘
1387,13:28:24,11.41,0.01,3,3423,买盘
1388,13:28:21,11.4,--,14,15960,卖盘
1389,13:28:15,11.4,--,4,4560,卖盘
1390,13:28:12,11.4,--,12,13680,卖盘
1391,13:28:09,11.4,--,5,5700,卖盘
1392,13:28:06,11.4,--,4,4560,卖盘
1393,13:28:03,11.4,0.02,34,38760,买盘
1394,13:28:00,11.38,--,13,14794,卖盘
1395,13:27:51,11.38,--,12,13656,卖盘
1396,13:27:48,11.38,-0.02,19,22031,卖盘
1397,13:27:45,11.4,--,36,41108,买盘
1398,13:27:42,11.4,-0.01,18,20520,买盘
1399,13:27:30,11.41,--,166,189406,买盘
1400,13:27:27,11.41,0.01,23,26243,买盘
1401,13:27:21,11.4,-0.01,18,20520,卖盘
1402,13:27:15,11.41,-0.01,70,79870,卖盘
1403,13:27:12,11.42,--,76,86792,买盘
1404,13:27:03,11.42,--,4,4568,买盘
1405,13:27:00,11.42,0.01,160,182720,买盘
1406,13:26:54,11.41,--,10,11889,买盘
1407,13:26:51,11.41,0.01,25,29186,买盘
1408,13:26:48,11.4,--,10,11514,卖盘
1409,13:26:45,11.4,-0.01,5,5700,卖盘
1410,13:26:42,11.41,0.01,28,31948,买盘
1411,13:26:39,11.4,--,26,30004,卖盘
1412,13:26:36,11.4,0.01,2,2280,买盘
1413,13:26:33,11.39,--,32,36448,卖盘
1414,13:26:30,11.39,--,13,14807,卖盘
1415,13:26:24,11.39,-0.01,28,31892,卖盘
1416,13:26:21,11.4,--,47,53580,买盘
1417,13:26:12,11.4,--,76,86640,买盘
1418,13:26:06,11.4,--,5,5700,买盘
1419,13:26:03,11.4,0.01,3,3420,买盘
1420,13:26:00,11.39,--,12,13668,卖盘
1421,13:25:57,11.39,--,4,4556,卖盘
1422,13:25:54,11.39,0.01,130,148218,买盘
1423,13:25:51,11.38,--,18,20484,卖盘
1424,13:25:48,11.38,--,11,13223,卖盘
1425,13:25:45,11.38,--,4,4552,卖盘
1426,13:25:42,11.38,--,36,41878,卖盘
1427,13:25:30,11.38,--,12,13656,卖盘
1428,13:25:27,11.38,--,26,29588,卖盘
1429,13:25:21,11.38,-0.01,13,14794,卖盘
1430,13:25:18,11.39,--,7,7973,买盘
1431,13:25:12,11.39,--,22,25058,买盘
1432,13:25:06,11.39,--,83,94537,买盘
1433,13:25:03,11.39,0.01,1,1139,买盘
1434,13:25:00,11.38,--,68,77384,卖盘
1435,13:24:57,11.38,-0.01,4,4552,卖盘
1436,13:24:54,11.39,0.01,4,4556,买盘
1437,13:24:51,11.38,--,12,13656,卖盘
1438,13:24:48,11.38,--,13,14941,卖盘
1439,13:24:42,11.38,--,18,20484,卖盘
1440,13:24:39,11.38,--,26,29918,卖盘
1441,13:24:30,11.38,--,14,15932,卖盘
1442,13:24:21,11.38,--,112,127456,卖盘
1443,13:24:15,11.38,--,5,5690,卖盘
1444,13:24:12,11.38,-0.01,12,13656,卖盘
1445,13:24:09,11.39,--,2,2278,买盘
1446,13:24:03,11.39,0.01,3,3417,买盘
1447,13:24:00,11.38,-0.01,17,19346,卖盘
1448,13:23:57,11.39,0.01,3,3417,买盘
1449,13:23:54,11.38,--,5,5690,卖盘
1450,13:23:51,11.38,-0.01,32,36416,卖盘
1451,13:23:45,11.39,--,187,212993,卖盘
1452,13:23:42,11.39,0.01,13,14807,卖盘
1453,13:23:39,11.38,--,28,32194,卖盘
1454,13:23:33,11.38,-0.01,5,5690,卖盘
1455,13:23:30,11.39,-0.01,17,19363,卖盘
1456,13:23:27,11.4,0.01,1,1140,买盘
1457,13:23:24,11.39,--,1,1139,卖盘
1458,13:23:21,11.39,0.01,163,185770,买盘
1459,13:23:18,11.38,-0.01,18,20484,卖盘
1460,13:23:15,11.39,0.01,3,3417,买盘
1461,13:23:12,11.38,--,23,26174,卖盘
1462,13:23:09,11.38,--,2,2276,卖盘
1463,13:23:06,11.38,--,5,5690,卖盘
1464,13:23:03,11.38,--,10,11380,卖盘
1465,13:23:00,11.38,-0.01,20,22760,卖盘
1466,13:22:51,11.39,--,2,2278,卖盘
1467,13:22:48,11.39,0.01,8,9112,买盘
1468,13:22:42,11.38,--,12,13656,卖盘
1469,13:22:39,11.38,--,12,14600,卖盘
1470,13:22:36,11.38,--,28,32535,卖盘
1471,13:22:30,11.38,-0.01,17,19346,卖盘
1472,13:22:21,11.39,-0.01,4,4556,中性盘
1473,13:22:15,11.4,0.02,3,3420,买盘
1474,13:22:12,11.38,-0.01,12,13656,卖盘
1475,13:22:09,11.39,0.01,3,4202,买盘
1476,13:22:06,11.38,-0.01,1,1138,卖盘
1477,13:22:03,11.39,0.01,1,1139,买盘
1478,13:22:00,11.38,--,18,20484,卖盘
1479,13:21:51,11.38,--,12,13656,卖盘
1480,13:21:42,11.38,--,27,31203,卖盘
1481,13:21:36,11.38,--,22,25036,卖盘
1482,13:21:33,11.38,--,4,4552,卖盘
1483,13:21:30,11.38,--,12,13656,卖盘
1484,13:21:27,11.38,--,26,29588,卖盘
1485,13:21:24,11.38,-0.01,47,53486,卖盘
1486,13:21:21,11.39,0.01,16,18224,买盘
1487,13:21:15,11.38,0.01,331,377201,买盘
1488,13:21:12,11.37,--,12,13643,卖盘
1489,13:21:09,11.37,-0.01,60,68220,卖盘
1490,13:21:06,11.38,--,15,17070,买盘
1491,13:21:03,11.38,0.01,2,2276,买盘
1492,13:21:00,11.37,-0.01,23,26151,卖盘
1493,13:20:57,11.38,--,7,7966,买盘
1494,13:20:54,11.38,-0.01,590,672034,卖盘
1495,13:20:51,11.39,-0.01,12,13668,卖盘
1496,13:20:48,11.4,0.02,5,5700,买盘
1497,13:20:45,11.38,-0.02,1,1138,卖盘
1498,13:20:42,11.4,0.02,14,15960,买盘
1499,13:20:36,11.38,--,15,17388,卖盘
1500,13:20:33,11.38,--,119,135991,卖盘
1501,13:20:30,11.38,--,13,14794,卖盘
1502,13:20:27,11.38,-0.01,13,14794,卖盘
1503,13:20:24,11.39,0.01,1,1139,买盘
1504,13:20:21,11.38,--,15,17070,卖盘
1505,13:20:15,11.38,-0.01,5,5690,卖盘
1506,13:20:12,11.39,--,59,67201,买盘
1507,13:20:09,11.39,0.01,3,3417,买盘
1508,13:20:06,11.38,-0.01,579,658902,卖盘
1509,13:20:03,11.39,0.01,13,14807,买盘
1510,13:20:00,11.38,--,15,17070,卖盘
1511,13:19:51,11.38,--,13,14794,卖盘
1512,13:19:45,11.38,-0.01,190,216948,卖盘
1513,13:19:42,11.39,--,27,30753,卖盘
1514,13:19:36,11.39,-0.01,14,16800,卖盘
1515,13:19:33,11.4,0.01,98,111720,买盘
1516,13:19:30,11.39,-0.01,44,50879,卖盘
1517,13:19:27,11.4,--,5,5700,买盘
1518,13:19:24,11.4,0.01,2,2280,买盘
1519,13:19:21,11.39,--,12,13668,卖盘
1520,13:19:18,11.39,--,5,5695,卖盘
1521,13:19:15,11.39,--,6,6834,卖盘
1522,13:19:12,11.39,--,28,31892,卖盘
1523,13:19:09,11.39,--,5,5695,卖盘
1524,13:19:06,11.39,-0.01,1,1139,卖盘
1525,13:19:03,11.4,0.01,1,1140,买盘
1526,13:19:00,11.39,--,26,29614,卖盘
1527,13:18:51,11.39,--,12,13668,卖盘
1528,13:18:42,11.39,--,27,30753,卖盘
1529,13:18:39,11.39,-0.01,9,10251,卖盘
1530,13:18:36,11.4,0.01,18,20520,买盘
1531,13:18:33,11.39,--,12,13747,卖盘
1532,13:18:30,11.39,--,12,13668,卖盘
1533,13:18:27,11.39,-0.01,24,27734,卖盘
1534,13:18:24,11.4,0.01,57,64980,买盘
1535,13:18:21,11.39,--,13,14807,卖盘
1536,13:18:12,11.39,--,13,14807,卖盘
1537,13:18:06,11.39,-0.01,5,5695,卖盘
1538,13:18:03,11.4,0.01,8,9120,买盘
1539,13:18:00,11.39,--,13,14807,卖盘
1540,13:17:51,11.39,--,12,13668,卖盘
1541,13:17:45,11.39,--,1,1139,卖盘
1542,13:17:42,11.39,--,18,20502,卖盘
1543,13:17:39,11.39,-0.01,10,11390,卖盘
1544,13:17:36,11.4,0.01,3,3420,买盘
1545,13:17:30,11.39,-0.01,25,28657,卖盘
1546,13:17:27,11.4,0.01,24,27656,买盘
1547,13:17:21,11.39,--,13,14807,卖盘
1548,13:17:12,11.39,-0.01,12,13668,卖盘
1549,13:17:09,11.4,--,26,29640,买盘
1550,13:17:06,11.4,--,4,4560,买盘
1551,13:17:03,11.4,0.01,1,1140,买盘
1552,13:17:00,11.39,-0.01,12,13668,卖盘
1553,13:16:57,11.4,0.01,50,57000,买盘
1554,13:16:54,11.39,--,5,5695,卖盘
1555,13:16:51,11.39,-0.01,13,14807,卖盘
1556,13:16:45,11.4,0.01,6,6840,买盘
1557,13:16:42,11.39,--,44,50116,卖盘
1558,13:16:33,11.39,--,218,248324,卖盘
1559,13:16:30,11.39,--,14,15946,卖盘
1560,13:16:24,11.39,--,23,26652,卖盘
1561,13:16:21,11.39,--,12,13668,卖盘
1562,13:16:12,11.39,--,13,14807,卖盘
1563,13:16:06,11.39,-0.01,5,5695,卖盘
1564,13:16:03,11.4,0.01,1,1140,买盘
1565,13:16:00,11.39,--,13,14807,卖盘
1566,13:15:54,11.39,--,14,15946,卖盘
1567,13:15:51,11.39,--,22,25058,卖盘
1568,13:15:45,11.39,--,505,575195,卖盘
1569,13:15:42,11.39,--,12,13668,卖盘
1570,13:15:36,11.39,-0.01,62,70618,卖盘
1571,13:15:33,11.4,0.01,5,5700,买盘
1572,13:15:30,11.39,-0.01,42,47838,卖盘
1573,13:15:27,11.4,0.01,24,27930,买盘
1574,13:15:21,11.39,--,36,42051,卖盘
1575,13:15:18,11.39,--,9,10251,卖盘
1576,13:15:15,11.39,--,11,12529,卖盘
1577,13:15:12,11.39,--,12,13668,卖盘
1578,13:15:09,11.39,-0.01,5,5695,卖盘
1579,13:15:06,11.4,--,20,22800,买盘
1580,13:15:03,11.4,0.01,1,1140,买盘
1581,13:15:00,11.39,--,55,62645,卖盘
1582,13:14:51,11.39,-0.01,12,13668,卖盘
1583,13:14:48,11.4,0.01,2,2280,买盘
1584,13:14:45,11.39,--,1,1139,卖盘
1585,13:14:42,11.39,--,23,26197,卖盘
1586,13:14:30,11.39,-0.01,12,13668,卖盘
1587,13:14:27,11.4,--,710,809856,买盘
1588,13:14:24,11.4,0.01,60,68422,买盘
1589,13:14:21,11.39,-0.01,13,14807,卖盘
1590,13:14:18,11.4,0.01,30,34200,买盘
1591,13:14:15,11.39,--,4,4556,卖盘
1592,13:14:12,11.39,-0.01,17,19363,卖盘
1593,13:14:06,11.4,--,8,9120,买盘
1594,13:14:03,11.4,0.01,1,1140,买盘
1595,13:14:00,11.39,-0.01,13,14807,卖盘
1596,13:13:57,11.4,0.01,46,52440,买盘
1597,13:13:51,11.39,-0.01,12,13668,卖盘
1598,13:13:48,11.4,0.01,1,1140,买盘
1599,13:13:45,11.39,--,5,5695,卖盘
1600,13:13:42,11.39,--,16,18224,卖盘
1601,13:13:39,11.39,--,3,3417,卖盘
1602,13:13:33,11.39,--,5,5695,卖盘
1603,13:13:30,11.39,--,77,87703,卖盘
1604,13:13:27,11.39,--,14,16424,卖盘
1605,13:13:24,11.39,--,1,1139,卖盘
1606,13:13:21,11.39,--,36,41004,卖盘
1607,13:13:18,11.39,-0.01,5,5695,卖盘
1608,13:13:15,11.4,0.01,1,1140,买盘
1609,13:13:12,11.39,-0.01,13,14807,卖盘
1610,13:13:03,11.4,0.01,1,1140,买盘
1611,13:13:00,11.39,--,12,13668,卖盘
1612,13:12:51,11.39,--,13,14807,卖盘
1613,13:12:48,11.39,-0.01,5,5695,卖盘
1614,13:12:45,11.4,0.01,1,1140,买盘
1615,13:12:42,11.39,--,12,13668,卖盘
1616,13:12:39,11.39,--,93,105927,卖盘
1617,13:12:30,11.39,--,13,14807,卖盘
1618,13:12:27,11.39,--,16,18235,卖盘
1619,13:12:21,11.39,--,16,18224,卖盘
1620,13:12:18,11.39,-0.01,25,28941,卖盘
1621,13:12:15,11.4,0.01,181,206340,买盘
1622,13:12:12,11.39,-0.01,13,14807,卖盘
1623,13:12:09,11.4,0.01,5,5700,买盘
1624,13:12:06,11.39,-0.01,8,9112,卖盘
1625,13:12:03,11.4,0.01,101,115140,买盘
1626,13:12:00,11.39,-0.01,13,14807,卖盘
1627,13:11:57,11.4,0.01,13,14820,买盘
1628,13:11:54,11.39,--,4,4556,卖盘
1629,13:11:51,11.39,-0.01,13,14807,卖盘
1630,13:11:48,11.4,0.01,5,5700,买盘
1631,13:11:45,11.39,-0.01,1,1139,卖盘
1632,13:11:42,11.4,--,69,78660,买盘
1633,13:11:30,11.4,-0.02,9,10921,卖盘
1634,13:11:24,11.42,0.02,10,11420,买盘
1635,13:11:21,11.4,--,23,26744,卖盘
1636,13:11:18,11.4,--,25,29594,卖盘
1637,13:11:15,11.4,--,5,5700,卖盘
1638,13:11:12,11.4,-0.02,12,13680,卖盘
1639,13:11:09,11.42,0.02,2,2284,买盘
1640,13:11:03,11.4,0.01,5,5700,买盘
1641,13:11:00,11.39,--,13,14807,卖盘
1642,13:10:57,11.39,-0.01,8,9112,卖盘
1643,13:10:51,11.4,--,12,13680,卖盘
1644,13:10:45,11.4,--,7,7980,买盘
1645,13:10:42,11.4,-0.03,6,6840,卖盘
1646,13:10:36,11.43,0.03,10,11430,买盘
1647,13:10:30,11.4,0.02,15,17100,中性盘
1648,13:10:24,11.38,--,1,1138,卖盘
1649,13:10:21,11.38,-0.05,13,14794,卖盘
1650,13:10:18,11.43,0.04,24,28506,买盘
1651,13:10:15,11.39,--,33,38133,卖盘
1652,13:10:12,11.39,-0.04,12,13668,卖盘
1653,13:10:09,11.43,0.05,3,3429,买盘
1654,13:10:06,11.38,-0.06,22,25036,卖盘
1655,13:10:03,11.44,0.06,1,1144,买盘
1656,13:10:00,11.38,-0.06,12,13656,卖盘
1657,13:09:57,11.44,0.06,4,4576,买盘
1658,13:09:51,11.38,--,13,14794,卖盘
1659,13:09:42,11.38,--,15,17070,卖盘
1660,13:09:39,11.38,-0.04,2260,2571880,卖盘
1661,13:09:30,11.42,-0.02,13,14846,卖盘
1662,13:09:27,11.44,0.02,1,1144,买盘
1663,13:09:21,11.42,--,12,13704,卖盘
1664,13:09:18,11.42,--,20,22840,卖盘
1665,13:09:15,11.42,--,37,42996,卖盘
1666,13:09:12,11.42,--,36,41991,卖盘
1667,13:09:06,11.42,-0.01,6,6852,卖盘
1668,13:09:03,11.43,0.01,1,1143,买盘
1669,13:09:00,11.42,--,13,14846,卖盘
1670,13:08:54,11.42,--,1,1142,卖盘
1671,13:08:51,11.42,--,13,14846,卖盘
1672,13:08:48,11.42,-0.02,3,3426,卖盘
1673,13:08:45,11.44,0.02,39,44616,买盘
1674,13:08:42,11.42,--,12,13704,卖盘
1675,13:08:33,11.42,-0.01,45,51390,卖盘
1676,13:08:30,11.43,-0.01,12,13716,卖盘
1677,13:08:24,11.44,0.01,2,2288,买盘
1678,13:08:21,11.43,--,13,14859,卖盘
1679,13:08:18,11.43,--,17,20356,卖盘
1680,13:08:12,11.43,-0.01,42,48703,卖盘
1681,13:08:09,11.44,--,3,3432,买盘
1682,13:08:06,11.44,--,7,8008,买盘
1683,13:08:03,11.44,0.01,1,1144,买盘
1684,13:08:00,11.43,--,26,29718,卖盘
1685,13:07:51,11.43,-0.01,19,21717,卖盘
1686,13:07:48,11.44,0.01,5,5720,买盘
1687,13:07:42,11.43,--,13,14859,卖盘
1688,13:07:39,11.43,-0.01,5,5715,卖盘
1689,13:07:36,11.44,0.01,1,1144,买盘
1690,13:07:30,11.43,--,12,13716,卖盘
1691,13:07:24,11.43,--,1,1143,卖盘
1692,13:07:21,11.43,--,22,25146,卖盘
1693,13:07:15,11.43,--,14,16356,卖盘
1694,13:07:12,11.43,-0.01,34,38987,卖盘
1695,13:07:09,11.44,--,86,99413,卖盘
1696,13:07:06,11.44,-0.01,102,116688,卖盘
1697,13:07:03,11.45,0.01,14,16029,买盘
1698,13:07:00,11.44,--,24,27456,卖盘
1699,13:06:51,11.44,0.01,17,19562,买盘
1700,13:06:48,11.43,-0.01,9,10287,卖盘
1701,13:06:45,11.44,--,4,5605,卖盘
1702,13:06:42,11.44,--,12,13728,卖盘
1703,13:06:36,11.44,0.01,11,12698,买盘
1704,13:06:30,11.43,-0.01,14,16002,卖盘
1705,13:06:21,11.44,-0.01,8,10181,卖盘
1706,13:06:18,11.45,0.01,81,92745,买盘
1707,13:06:15,11.44,--,5,5720,卖盘
1708,13:06:12,11.44,-0.01,49,56536,卖盘
1709,13:06:06,11.45,--,30,34350,买盘
1710,13:06:03,11.45,0.01,2,2290,买盘
1711,13:06:00,11.44,--,13,14872,卖盘
1712,13:05:57,11.44,--,20,22880,卖盘
1713,13:05:51,11.44,--,13,14872,卖盘
1714,13:05:45,11.44,--,5,5720,卖盘
1715,13:05:42,11.44,--,20,22880,卖盘
1716,13:05:30,11.44,--,12,13728,卖盘
1717,13:05:27,11.44,--,4,4576,卖盘
1718,13:05:21,11.44,--,13,14872,卖盘
1719,13:05:15,11.44,--,14,16130,卖盘
1720,13:05:12,11.44,--,20,22880,卖盘
1721,13:05:09,11.44,--,25,28966,卖盘
1722,13:05:06,11.44,-0.01,4,4576,卖盘
1723,13:05:03,11.45,0.01,1,1145,买盘
1724,13:05:00,11.44,--,14,16016,卖盘
1725,13:04:51,11.44,--,12,13728,卖盘
1726,13:04:48,11.44,--,50,57200,卖盘
1727,13:04:45,11.44,-0.01,6,6864,卖盘
1728,13:04:42,11.45,0.01,58,66410,买盘
1729,13:04:39,11.44,--,6,6864,卖盘
1730,13:04:36,11.44,--,5,5720,卖盘
1731,13:04:30,11.44,--,12,13728,卖盘
1732,13:04:21,11.44,--,13,14872,卖盘
1733,13:04:18,11.44,-0.01,5,5720,卖盘
1734,13:04:15,11.45,0.01,28,32059,买盘
1735,13:04:12,11.44,--,12,13728,卖盘
1736,13:04:09,11.44,-0.01,36,41664,卖盘
1737,13:04:03,11.45,0.01,1,1145,买盘
1738,13:04:00,11.44,-0.01,12,13728,卖盘
1739,13:03:54,11.45,0.01,2,2290,买盘
1740,13:03:51,11.44,-0.01,20,22880,卖盘
1741,13:03:45,11.45,0.01,29,33205,买盘
1742,13:03:42,11.44,--,12,13728,卖盘
1743,13:03:30,11.44,-0.01,18,20592,卖盘
1744,13:03:24,11.45,0.01,2,2290,买盘
1745,13:03:21,11.44,-0.01,16,18304,卖盘
1746,13:03:18,11.45,0.01,3,3435,买盘
1747,13:03:12,11.44,--,38,43712,卖盘
1748,13:03:09,11.44,--,6,6864,卖盘
1749,13:03:06,11.44,-0.01,23,26552,卖盘
1750,13:03:03,11.45,0.01,3,3435,买盘
1751,13:03:00,11.44,--,12,13728,卖盘
1752,13:02:57,11.44,--,2,2288,卖盘
1753,13:02:51,11.44,-0.02,13,14872,卖盘
1754,13:02:45,11.46,0.01,8,9168,买盘
1755,13:02:42,11.45,--,12,13740,卖盘
1756,13:02:36,11.45,--,4,4580,卖盘
1757,13:02:30,11.45,--,13,14884,卖盘
1758,13:02:27,11.45,--,8,9160,卖盘
1759,13:02:24,11.45,--,40,45800,卖盘
1760,13:02:21,11.45,--,17,19465,卖盘
1761,13:02:18,11.45,--,5,5725,卖盘
1762,13:02:12,11.45,--,15,17175,卖盘
1763,13:02:06,11.45,--,19,21903,卖盘
1764,13:02:03,11.45,--,26,30102,卖盘
1765,13:02:00,11.45,--,15,17175,卖盘
1766,13:01:51,11.45,--,13,14884,卖盘
1767,13:01:48,11.45,--,4,4580,卖盘
1768,13:01:45,11.45,--,1,1145,卖盘
1769,13:01:42,11.45,--,12,13740,卖盘
1770,13:01:36,11.45,--,7,8014,卖盘
1771,13:01:30,11.45,-0.01,12,13740,卖盘
1772,13:01:27,11.46,0.01,2,2292,买盘
1773,13:01:21,11.45,-0.01,13,14884,卖盘
1774,13:01:18,11.46,0.01,8,9168,买盘
1775,13:01:12,11.45,--,17,19465,卖盘
1776,13:01:09,11.45,-0.01,12,14003,卖盘
1777,13:01:03,11.46,0.01,75,86167,买盘
1778,13:01:00,11.45,-0.01,14,16029,卖盘
1779,13:00:57,11.46,0.01,28,32088,买盘
1780,13:00:51,11.45,-0.01,12,13740,卖盘
1781,13:00:48,11.46,0.01,1,1146,买盘
1782,13:00:45,11.45,0.01,74,84730,买盘
1783,13:00:42,11.44,-0.01,13,14872,卖盘
1784,13:00:36,11.45,0.01,2,2290,买盘
1785,13:00:30,11.44,-0.01,12,13728,卖盘
1786,13:00:24,11.45,0.01,2,2290,买盘
1787,13:00:21,11.44,--,12,13728,卖盘
1788,13:00:18,11.44,--,5,5720,卖盘
1789,13:00:12,11.44,-0.01,37,42328,卖盘
1790,13:00:06,11.45,0.01,22,25190,买盘
1791,13:00:03,11.44,--,231,265019,卖盘
1792,13:00:00,11.44,--,0,0,卖盘
1793,11:30:00,11.44,--,24,28325,卖盘
1794,11:29:51,11.44,-0.01,12,13728,卖盘
1795,11:29:48,11.45,0.01,18,20610,买盘
1796,11:29:42,11.44,--,23,26312,买盘
1797,11:29:30,11.44,0.01,2,2288,中性盘
1798,11:29:24,11.43,--,4,5097,卖盘
1799,11:29:21,11.43,-0.01,12,13716,卖盘
1800,11:29:18,11.44,0.01,102,116688,买盘
1801,11:29:15,11.43,-0.01,4,4572,卖盘
1802,11:29:12,11.44,--,13,14872,买盘
1803,11:29:09,11.44,--,26,29744,买盘
1804,11:29:06,11.44,--,10,11440,买盘
1805,11:29:03,11.44,--,14,16565,买盘
1806,11:29:00,11.44,-0.01,3,4049,卖盘
1807,11:28:57,11.45,0.01,52,60616,买盘
1808,11:28:54,11.44,--,1,1144,卖盘
1809,11:28:51,11.44,--,12,13728,卖盘
1810,11:28:48,11.44,-0.02,5,5720,卖盘
1811,11:28:45,11.46,0.02,34,38964,买盘
1812,11:28:42,11.44,-0.02,12,13728,卖盘
1813,11:28:39,11.46,--,3,3438,买盘
1814,11:28:33,11.46,0.02,8,9168,买盘
1815,11:28:30,11.44,-0.01,12,13728,卖盘
1816,11:28:21,11.45,0.01,10,11450,卖盘
1817,11:28:15,11.44,--,6,6864,卖盘
1818,11:28:12,11.44,-0.02,12,13728,卖盘
1819,11:28:09,11.46,--,3,3438,买盘
1820,11:28:03,11.46,0.02,10,11460,买盘
1821,11:28:00,11.44,--,22,26117,卖盘
1822,11:27:57,11.44,--,37,43002,卖盘
1823,11:27:51,11.44,--,12,13728,卖盘
1824,11:27:48,11.44,--,7,8008,卖盘
1825,11:27:42,11.44,--,13,14872,卖盘
1826,11:27:36,11.44,-0.02,5,5720,卖盘
1827,11:27:33,11.46,0.02,9,10314,买盘
1828,11:27:30,11.44,-0.01,12,13728,卖盘
1829,11:27:21,11.45,--,14,16029,买盘
1830,11:27:18,11.45,-0.01,2,2290,中性盘
1831,11:27:15,11.46,0.02,3,3438,买盘
1832,11:27:12,11.44,-0.01,12,13728,卖盘
1833,11:27:09,11.45,--,3,3435,买盘
1834,11:27:03,11.45,0.01,10,11450,买盘
1835,11:27:00,11.44,-0.01,19,22193,卖盘
1836,11:26:54,11.45,0.01,25,28647,卖盘
1837,11:26:51,11.44,--,12,13728,卖盘
1838,11:26:48,11.44,--,1,1144,卖盘
1839,11:26:42,11.44,-0.02,12,13728,卖盘
1840,11:26:33,11.46,0.02,10,11460,买盘
1841,11:26:30,11.44,-0.02,12,13728,卖盘
1842,11:26:27,11.46,--,55,63030,买盘
1843,11:26:24,11.46,0.02,11,12606,买盘
1844,11:26:21,11.44,-0.02,12,13728,卖盘
1845,11:26:18,11.46,0.02,3,3438,买盘
1846,11:26:15,11.44,--,1,1144,卖盘
1847,11:26:12,11.44,-0.02,13,14872,卖盘
1848,11:26:09,11.46,--,26,29796,买盘
1849,11:26:03,11.46,0.02,10,11460,买盘
1850,11:26:00,11.44,--,12,13728,卖盘
1851,11:25:57,11.44,-0.01,14,16324,卖盘
1852,11:25:54,11.45,0.01,5,5725,中性盘
1853,11:25:51,11.44,-0.01,186,213321,卖盘
1854,11:25:48,11.45,--,6,6870,卖盘
1855,11:25:42,11.45,-0.01,12,13740,卖盘
1856,11:25:36,11.46,--,7,8022,买盘
1857,11:25:33,11.46,0.01,8,9168,买盘
1858,11:25:30,11.45,-0.01,13,14884,卖盘
1859,11:25:27,11.46,0.01,1,1146,买盘
1860,11:25:21,11.45,--,12,13740,卖盘
1861,11:25:18,11.45,-0.01,10,11450,卖盘
1862,11:25:15,11.46,0.01,2,2292,买盘
1863,11:25:12,11.45,--,13,14884,卖盘
1864,11:25:09,11.45,--,33,38563,买盘
1865,11:25:06,11.45,--,4,4580,买盘
1866,11:25:03,11.45,0.01,10,11450,买盘
1867,11:25:00,11.44,--,21,24024,卖盘
1868,11:24:54,11.44,-0.01,42,48528,卖盘
1869,11:24:51,11.45,0.01,17,19465,买盘
1870,11:24:48,11.44,--,5,5720,卖盘
1871,11:24:42,11.44,--,21,24024,卖盘
1872,11:24:39,11.44,--,13,14872,卖盘
1873,11:24:36,11.44,-0.01,1,1144,卖盘
1874,11:24:33,11.45,0.01,8,9160,买盘
1875,11:24:30,11.44,--,17,19448,卖盘
1876,11:24:21,11.44,-0.01,15,17160,卖盘
1877,11:24:18,11.45,0.01,33,37785,买盘
1878,11:24:12,11.44,--,26,29744,卖盘
1879,11:24:06,11.44,-0.01,15,17160,卖盘
1880,11:24:03,11.45,0.01,10,11450,买盘
1881,11:24:00,11.44,--,12,13728,卖盘
1882,11:23:57,11.44,--,13,15535,卖盘
1883,11:23:51,11.44,-0.01,34,39856,卖盘
1884,11:23:48,11.45,0.01,2,2290,买盘
1885,11:23:45,11.44,--,10,11440,卖盘
1886,11:23:42,11.44,--,12,13728,卖盘
1887,11:23:36,11.44,--,90,103440,买盘
1888,11:23:33,11.44,0.01,8,9152,买盘
1889,11:23:30,11.43,--,14,16002,卖盘
1890,11:23:27,11.43,--,10,11430,卖盘
1891,11:23:21,11.43,--,12,13716,卖盘
1892,11:23:15,11.43,--,5,5715,卖盘
1893,11:23:12,11.43,-0.01,12,13716,卖盘
1894,11:23:09,11.44,-0.01,1,1807,卖盘
1895,11:23:06,11.45,--,3,3435,买盘
1896,11:23:03,11.45,0.01,10,11450,买盘
1897,11:23:00,11.44,--,24,27456,卖盘
1898,11:22:54,11.44,--,10,12343,卖盘
1899,11:22:51,11.44,--,21,24024,卖盘
1900,11:22:48,11.44,--,25,29320,卖盘
1901,11:22:45,11.44,--,6,6864,卖盘
1902,11:22:42,11.44,-0.01,13,14872,卖盘
1903,11:22:39,11.45,--,18,20610,买盘
1904,11:22:33,11.45,0.01,13,14884,买盘
1905,11:22:30,11.44,--,16,18304,卖盘
1906,11:22:21,11.44,-0.01,12,13728,卖盘
1907,11:22:18,11.45,0.02,10,11450,买盘
1908,11:22:12,11.43,-0.02,12,13716,卖盘
1909,11:22:09,11.45,--,48,54960,买盘
1910,11:22:03,11.45,0.02,63,72135,买盘
1911,11:22:00,11.43,--,13,14859,卖盘
1912,11:21:54,11.43,--,13,15304,卖盘
1913,11:21:51,11.43,--,14,16002,卖盘
1914,11:21:48,11.43,-0.01,27,30895,卖盘
1915,11:21:42,11.44,-0.01,12,13728,中性盘
1916,11:21:33,11.45,0.02,23,26335,买盘
1917,11:21:30,11.43,--,12,14847,卖盘
1918,11:21:27,11.43,-0.02,6,6858,卖盘
1919,11:21:21,11.45,0.02,21,24045,买盘
1920,11:21:18,11.43,-0.01,30,34290,卖盘
1921,11:21:12,11.44,-0.01,3,3432,中性盘
1922,11:21:03,11.45,0.02,10,11450,买盘
1923,11:21:00,11.43,-0.02,12,13716,卖盘
1924,11:20:57,11.45,0.01,40,45800,买盘
1925,11:20:51,11.44,-0.01,17,19448,中性盘
1926,11:20:48,11.45,0.02,29,33617,买盘
1927,11:20:45,11.43,--,25,28643,卖盘
1928,11:20:42,11.43,-0.01,33,37719,卖盘
1929,11:20:39,11.44,--,1,1624,买盘
1930,11:20:33,11.44,--,9,10959,卖盘
1931,11:20:30,11.44,--,78,89712,买盘
1932,11:20:24,11.44,0.01,3,3432,买盘
1933,11:20:21,11.43,--,17,19431,卖盘
1934,11:20:15,11.43,--,1,1143,卖盘
1935,11:20:12,11.43,-0.01,12,13716,卖盘
1936,11:20:09,11.44,--,1,1144,买盘
1937,11:20:06,11.44,0.01,3,3432,买盘
1938,11:20:03,11.43,0.01,14,16002,中性盘
1939,11:20:00,11.42,--,35,39970,卖盘
1940,11:19:51,11.42,-0.02,13,14846,卖盘
1941,11:19:48,11.44,0.01,103,118701,买盘
1942,11:19:45,11.43,--,23,27043,买盘
1943,11:19:42,11.43,-0.01,2,2286,卖盘
1944,11:19:39,11.44,--,12,13728,买盘
1945,11:19:33,11.44,0.01,8,9152,买盘
1946,11:19:30,11.43,-0.01,12,13716,卖盘
1947,11:19:24,11.44,0.01,20,22880,买盘
1948,11:19:21,11.43,--,26,29718,卖盘
1949,11:19:18,11.43,--,5,5715,卖盘
1950,11:19:15,11.43,--,11,12573,卖盘
1951,11:19:12,11.43,-0.01,13,14859,卖盘
1952,11:19:03,11.44,0.02,23,26312,买盘
1953,11:19:00,11.42,-0.01,12,13704,卖盘
1954,11:18:57,11.43,0.01,3,3429,买盘
1955,11:18:54,11.42,--,6,6852,卖盘
1956,11:18:51,11.42,--,12,13704,卖盘
1957,11:18:48,11.42,--,12,14217,卖盘
1958,11:18:42,11.42,-0.02,46,53639,卖盘
1959,11:18:36,11.44,--,20,22880,买盘
1960,11:18:33,11.44,--,8,9152,买盘
1961,11:18:30,11.44,-0.01,31,36127,卖盘
1962,11:18:27,11.45,--,30,34350,买盘
1963,11:18:24,11.45,0.01,2,2290,买盘
1964,11:18:21,11.44,--,12,13728,卖盘
1965,11:18:12,11.44,--,12,13728,卖盘
1966,11:18:09,11.44,-0.01,20,22880,卖盘
1967,11:18:06,11.45,--,52,59539,买盘
1968,11:18:03,11.45,0.01,10,11450,买盘
1969,11:18:00,11.44,--,12,13728,卖盘
1970,11:17:51,11.44,-0.01,14,16016,卖盘
1971,11:17:48,11.45,--,133,152571,卖盘
1972,11:17:42,11.45,--,35,40636,卖盘
1973,11:17:36,11.45,-0.01,60,68700,卖盘
1974,11:17:33,11.46,0.01,8,9168,买盘
1975,11:17:30,11.45,-0.01,12,13740,卖盘
1976,11:17:24,11.46,0.01,13,14898,买盘
1977,11:17:21,11.45,-0.01,12,13740,卖盘
1978,11:17:18,11.46,--,5,5730,买盘
1979,11:17:12,11.46,--,22,25212,买盘
1980,11:17:09,11.46,0.01,21,24066,买盘
1981,11:17:06,11.45,-0.01,4,4580,卖盘
1982,11:17:03,11.46,0.01,18,20628,中性盘
1983,11:17:00,11.45,-0.01,13,14884,卖盘
1984,11:16:51,11.46,0.01,91,104286,买盘
1985,11:16:42,11.45,--,24,28521,卖盘
1986,11:16:39,11.45,-0.01,23,26918,卖盘
1987,11:16:33,11.46,--,8,9168,买盘
1988,11:16:30,11.46,-0.01,34,38964,买盘
1989,11:16:27,11.47,0.01,116,133052,买盘
1990,11:16:24,11.46,--,59,67614,买盘
1991,11:16:21,11.46,-0.01,37,42402,卖盘
1992,11:16:18,11.47,0.01,305,350064,买盘
1993,11:16:12,11.46,--,309,355030,买盘
1994,11:16:09,11.46,--,60,68760,买盘
1995,11:16:03,11.46,0.01,13,14898,买盘
1996,11:16:00,11.45,--,156,178620,卖盘
1997,11:15:57,11.45,--,5,5725,卖盘
1998,11:15:54,11.45,--,1,1145,卖盘
1999,11:15:51,11.45,-0.01,18,20610,卖盘
2000,11:15:48,11.46,0.01,10,11460,买盘
2001,11:15:42,11.45,-0.01,24,27903,卖盘
2002,11:15:39,11.46,--,28,32145,买盘
2003,11:15:33,11.46,0.01,8,9168,买盘
2004,11:15:30,11.45,--,12,13740,卖盘
2005,11:15:27,11.45,--,25,29105,买盘
2006,11:15:24,11.45,--,30,34350,买盘
2007,11:15:21,11.45,--,56,64784,卖盘
2008,11:15:15,11.45,--,16,18320,卖盘
2009,11:15:12,11.45,-0.01,12,13740,卖盘
2010,11:15:03,11.46,0.01,10,11460,买盘
2011,11:15:00,11.45,-0.01,28,32059,卖盘
2012,11:14:57,11.46,--,60,68760,买盘
2013,11:14:54,11.46,0.01,25,28650,买盘
2014,11:14:51,11.45,-0.01,17,19465,卖盘
2015,11:14:48,11.46,--,2,2292,买盘
2016,11:14:45,11.46,-0.01,2,2292,中性盘
2017,11:14:42,11.47,0.02,13,14911,买盘
2018,11:14:39,11.45,-0.02,12,14438,卖盘
2019,11:14:36,11.47,0.01,131,151186,买盘
2020,11:14:33,11.46,--,9,10314,买盘
2021,11:14:30,11.46,--,26,29796,买盘
2022,11:14:27,11.46,0.01,149,170754,买盘
2023,11:14:24,11.45,--,142,162590,卖盘
2024,11:14:21,11.45,-0.01,22,25190,卖盘
2025,11:14:18,11.46,--,4,4584,买盘
2026,11:14:12,11.46,--,21,24066,买盘
2027,11:14:09,11.46,--,110,126060,买盘
2028,11:14:03,11.46,--,80,91680,卖盘
2029,11:14:00,11.46,--,112,128352,卖盘
2030,11:13:54,11.46,--,10,11460,卖盘
2031,11:13:51,11.46,0.01,676,774696,买盘
2032,11:13:48,11.45,--,17,19465,买盘
2033,11:13:45,11.45,-0.01,159,182055,卖盘
2034,11:13:42,11.46,--,412,472152,买盘
2035,11:13:39,11.46,0.02,25,28650,买盘
2036,11:13:36,11.44,-0.02,55,63297,卖盘
2037,11:13:33,11.46,--,33,37921,买盘
2038,11:13:30,11.46,--,33,37818,买盘
2039,11:13:27,11.46,0.01,1,1146,买盘
2040,11:13:24,11.45,-0.01,8,9160,卖盘
2041,11:13:21,11.46,0.01,45,51570,买盘
2042,11:13:18,11.45,--,97,111545,买盘
2043,11:13:15,11.45,--,109,124804,买盘
2044,11:13:12,11.45,--,14,16029,买盘
2045,11:13:09,11.45,0.01,32,36640,买盘
2046,11:13:06,11.44,--,54,61776,卖盘
2047,11:13:03,11.44,--,23,26312,卖盘
2048,11:13:00,11.44,-0.01,16,18304,卖盘
2049,11:12:57,11.45,0.01,100,114500,买盘
2050,11:12:54,11.44,--,7,8008,卖盘
2051,11:12:51,11.44,--,13,14872,卖盘
2052,11:12:48,11.44,-0.02,76,87607,卖盘
2053,11:12:45,11.46,0.01,44,50424,买盘
2054,11:12:42,11.45,--,12,13740,卖盘
2055,11:12:36,11.45,--,23,27388,卖盘
2056,11:12:33,11.45,-0.01,137,157437,卖盘
2057,11:12:30,11.46,-0.01,11,12606,卖盘
2058,11:12:27,11.47,--,162,185814,买盘
2059,11:12:24,11.47,0.01,3,3441,买盘
2060,11:12:21,11.46,--,130,148980,卖盘
2061,11:12:18,11.46,--,14,16044,卖盘
2062,11:12:12,11.46,--,36,41256,买盘
2063,11:12:09,11.46,0.01,326,373596,买盘
2064,11:12:06,11.45,--,52,59539,买盘
2065,11:12:03,11.45,0.01,10,11450,买盘
2066,11:12:00,11.44,-0.01,37,42328,卖盘
2067,11:11:57,11.45,0.02,1,1145,买盘
2068,11:11:51,11.43,--,312,356616,卖盘
2069,11:11:48,11.43,--,32,36576,卖盘
2070,11:11:42,11.43,--,414,473202,买盘
2071,11:11:39,11.43,0.01,92,105156,买盘
2072,11:11:36,11.42,-0.01,115,132232,卖盘
2073,11:11:33,11.43,0.01,8,9144,买盘
2074,11:11:30,11.42,0.02,437,499339,买盘
2075,11:11:24,11.4,-0.02,2,2280,卖盘
2076,11:11:21,11.42,0.03,422,481924,买盘
2077,11:11:18,11.39,-0.01,31,35309,卖盘
2078,11:11:15,11.4,--,10,11400,买盘
2079,11:11:12,11.4,--,13,14820,买盘
2080,11:11:09,11.4,--,5,5700,买盘
2081,11:11:03,11.4,0.01,15,17100,买盘
2082,11:11:00,11.39,-0.01,12,13668,卖盘
2083,11:10:57,11.4,0.01,1,1140,买盘
2084,11:10:51,11.39,--,12,13668,卖盘
2085,11:10:48,11.39,-0.01,1,1139,卖盘
2086,11:10:45,11.4,0.01,2,2280,买盘
2087,11:10:42,11.39,--,13,14807,卖盘
2088,11:10:33,11.39,--,22,25171,卖盘
2089,11:10:30,11.39,-0.01,37,42507,卖盘
2090,11:10:24,11.4,0.01,3,3420,买盘
2091,11:10:21,11.39,--,12,13668,卖盘
2092,11:10:15,11.39,-0.01,1,1139,卖盘
2093,11:10:12,11.4,0.01,15,17100,买盘
2094,11:10:09,11.39,--,7,7973,卖盘
2095,11:10:03,11.39,--,14,15946,卖盘
2096,11:10:00,11.39,-0.01,13,14807,卖盘
2097,11:09:54,11.4,0.01,3,3420,买盘
2098,11:09:51,11.39,--,61,69479,卖盘
2099,11:09:42,11.39,--,21,23919,卖盘
2100,11:09:33,11.39,--,23,26333,卖盘
2101,11:09:30,11.39,--,17,19363,卖盘
2102,11:09:27,11.39,-0.01,26,29955,卖盘
2103,11:09:24,11.4,0.01,3,3420,买盘
2104,11:09:21,11.39,-0.01,28,31892,卖盘
2105,11:09:18,11.4,0.01,4,4560,买盘
2106,11:09:12,11.39,-0.01,14,15946,卖盘
2107,11:09:09,11.4,--,116,132901,卖盘
2108,11:09:06,11.4,-0.01,1,1140,卖盘
2109,11:09:03,11.41,0.01,10,11410,买盘
2110,11:09:00,11.4,--,15,17100,卖盘
2111,11:08:54,11.4,--,4,4560,卖盘
2112,11:08:51,11.4,--,12,13680,卖盘
2113,11:08:45,11.4,--,42,48358,买盘
2114,11:08:42,11.4,--,70,80461,卖盘
2115,11:08:36,11.4,-0.01,1,1140,卖盘
2116,11:08:33,11.41,0.01,19,22181,买盘
2117,11:08:30,11.4,-0.01,36,42157,卖盘
2118,11:08:24,11.41,--,3,3423,买盘
2119,11:08:21,11.41,--,316,360556,买盘
2120,11:08:18,11.41,0.01,1,1141,买盘
2121,11:08:12,11.4,--,12,13680,卖盘
2122,11:08:09,11.4,--,8,9120,卖盘
2123,11:08:06,11.4,--,161,183540,买盘
2124,11:08:03,11.4,0.01,14,15960,买盘
2125,11:08:00,11.39,--,13,14807,卖盘
2126,11:07:57,11.39,-0.01,3,3417,卖盘
2127,11:07:54,11.4,0.01,1,1140,买盘
2128,11:07:51,11.39,--,13,14807,卖盘
2129,11:07:45,11.39,--,35,39865,卖盘
2130,11:07:42,11.39,--,12,13668,卖盘
2131,11:07:36,11.39,-0.01,10,11390,卖盘
2132,11:07:33,11.4,0.01,15,17100,买盘
2133,11:07:30,11.39,--,24,28099,卖盘
2134,11:07:27,11.39,--,23,27051,卖盘
2135,11:07:24,11.39,--,3,3417,卖盘
2136,11:07:21,11.39,--,12,13668,卖盘
2137,11:07:18,11.39,--,1,1139,卖盘
2138,11:07:15,11.39,-0.01,5,5695,卖盘
2139,11:07:12,11.4,0.01,14,15960,买盘
2140,11:07:09,11.39,-0.01,4,4556,卖盘
2141,11:07:03,11.4,0.01,10,11400,买盘
2142,11:07:00,11.39,-0.01,12,13668,卖盘
2143,11:06:57,11.4,0.01,3,3420,买盘
2144,11:06:51,11.39,-0.01,15,17085,卖盘
2145,11:06:48,11.4,0.01,20,22800,买盘
2146,11:06:42,11.39,-0.01,94,107066,卖盘
2147,11:06:33,11.4,0.01,8,9120,买盘
2148,11:06:30,11.39,--,23,27028,卖盘
2149,11:06:27,11.39,-0.01,26,30399,卖盘
2150,11:06:24,11.4,0.01,1,1140,买盘
2151,11:06:21,11.39,--,12,13668,卖盘
2152,11:06:12,11.39,-0.01,18,20502,卖盘
2153,11:06:09,11.4,0.01,12,13680,买盘
2154,11:06:06,11.39,-0.01,5,5695,卖盘
2155,11:06:03,11.4,0.01,13,14820,买盘
2156,11:06:00,11.39,-0.01,12,13668,卖盘
2157,11:05:57,11.4,0.01,1,1140,买盘
2158,11:05:54,11.39,--,11,12529,卖盘
2159,11:05:51,11.39,-0.02,13,14807,卖盘
2160,11:05:42,11.41,0.01,26,29666,买盘
2161,11:05:36,11.4,--,1,1140,买盘
2162,11:05:33,11.4,0.01,90,102600,买盘
2163,11:05:30,11.39,--,27,31311,卖盘
2164,11:05:24,11.39,-0.01,21,24978,卖盘
2165,11:05:21,11.4,-0.01,3,3420,卖盘
2166,11:05:15,11.41,0.01,2,2282,买盘
2167,11:05:12,11.4,--,12,13680,卖盘
2168,11:05:09,11.4,0.01,20,22800,买盘
2169,11:05:03,11.39,--,14,15946,卖盘
2170,11:05:00,11.39,--,13,14807,卖盘
2171,11:04:51,11.39,-0.01,12,13668,卖盘
2172,11:04:45,11.4,--,98,111720,买盘
2173,11:04:42,11.4,--,57,64980,买盘
2174,11:04:36,11.4,0.01,8,9120,买盘
2175,11:04:33,11.39,--,11,12529,卖盘
2176,11:04:30,11.39,--,12,13668,卖盘
2177,11:04:27,11.39,-0.01,12,13747,卖盘
2178,11:04:24,11.4,0.01,1,1140,买盘
2179,11:04:21,11.39,--,94,107464,卖盘
2180,11:04:15,11.39,--,1,1139,卖盘
2181,11:04:12,11.39,--,12,13668,卖盘
2182,11:04:06,11.39,-0.01,8,9112,卖盘
2183,11:04:03,11.4,0.01,12,13680,买盘
2184,11:04:00,11.39,-0.01,12,13668,卖盘
2185,11:03:57,11.4,--,1,1140,买盘
2186,11:03:54,11.4,0.01,4,4560,买盘
2187,11:03:51,11.39,--,12,13668,卖盘
2188,11:03:42,11.39,-0.01,13,14807,卖盘
2189,11:03:33,11.4,0.01,11,12540,买盘
2190,11:03:30,11.39,--,13,15057,买盘
2191,11:03:27,11.39,--,1,1139,买盘
2192,11:03:24,11.39,0.01,41,47177,买盘
2193,11:03:21,11.38,-0.01,37,42106,卖盘
2194,11:03:15,11.39,--,6,6834,买盘
2195,11:03:12,11.39,0.01,62,70618,买盘
2196,11:03:09,11.38,--,21,23898,卖盘
2197,11:03:06,11.38,-0.01,1,1138,卖盘
2198,11:03:03,11.39,0.01,10,11390,买盘
2199,11:03:00,11.38,0.01,29,33002,买盘
2200,11:02:54,11.37,--,4,4548,卖盘
2201,11:02:51,11.37,-0.01,17,19329,卖盘
2202,11:02:48,11.38,--,23,26174,买盘
2203,11:02:45,11.38,--,2,2276,买盘
2204,11:02:42,11.38,--,17,19346,买盘
2205,11:02:39,11.38,--,30,34140,买盘
2206,11:02:33,11.38,0.01,8,9104,买盘
2207,11:02:30,11.37,--,62,70494,卖盘
2208,11:02:27,11.37,--,10,12393,卖盘
2209,11:02:24,11.37,--,3,3410,卖盘
2210,11:02:21,11.37,--,22,25014,卖盘
2211,11:02:18,11.37,-0.01,30,34701,卖盘
2212,11:02:15,11.38,0.01,5,5690,买盘
2213,11:02:12,11.37,-0.01,13,14780,卖盘
2214,11:02:09,11.38,0.01,6,6828,中性盘
2215,11:02:06,11.37,-0.02,13,14780,卖盘
2216,11:02:03,11.39,0.01,21,23919,买盘
2217,11:02:00,11.38,--,45,51210,卖盘
2218,11:01:51,11.38,-0.01,12,13656,卖盘
2219,11:01:48,11.39,0.02,5,5695,买盘
2220,11:01:42,11.37,-0.02,12,13643,卖盘
2221,11:01:39,11.39,0.02,10,11390,买盘
2222,11:01:36,11.37,-0.02,9,10233,卖盘
2223,11:01:33,11.39,0.01,14,15946,买盘
2224,11:01:30,11.38,-0.01,7,8853,卖盘
2225,11:01:24,11.39,0.01,1,1139,买盘
2226,11:01:21,11.38,--,23,27050,卖盘
2227,11:01:18,11.38,--,24,28051,卖盘
2228,11:01:15,11.38,--,15,17980,卖盘
2229,11:01:12,11.38,-0.01,12,13656,卖盘
2230,11:01:06,11.39,0.01,1,1139,买盘
2231,11:01:03,11.38,-0.01,14,15932,卖盘
2232,11:01:00,11.39,--,40,45560,买盘
2233,11:00:51,11.39,0.01,16,18224,买盘
2234,11:00:45,11.38,0.01,8,9104,买盘
2235,11:00:42,11.37,-0.01,12,13643,卖盘
2236,11:00:33,11.38,--,8,9104,买盘
2237,11:00:30,11.38,0.01,1,1138,卖盘
2238,11:00:21,11.37,--,12,13643,卖盘
2239,11:00:18,11.37,-0.01,15,17282,卖盘
2240,11:00:15,11.38,--,22,25286,卖盘
2241,11:00:12,11.38,-0.02,22,25036,卖盘
2242,11:00:09,11.4,--,4,4560,买盘
2243,11:00:06,11.4,--,350,399000,买盘
2244,11:00:03,11.4,--,10,11400,买盘
2245,11:00:00,11.4,0.01,32,36480,买盘
2246,10:59:54,11.39,--,1,1139,卖盘
2247,10:59:51,11.39,--,12,13668,卖盘
2248,10:59:48,11.39,0.01,56,64307,买盘
2249,10:59:42,11.38,--,12,13656,卖盘
2250,10:59:36,11.38,--,4,4552,卖盘
2251,10:59:33,11.38,--,12,13656,卖盘
2252,10:59:30,11.38,-0.01,12,13656,卖盘
2253,10:59:27,11.39,--,10,11390,买盘
2254,10:59:24,11.39,0.01,4,4556,买盘
2255,10:59:21,11.38,--,17,19346,卖盘
2256,10:59:18,11.38,--,10,12472,卖盘
2257,10:59:15,11.38,--,28,32387,卖盘
2258,10:59:12,11.38,-0.01,12,13656,卖盘
2259,10:59:03,11.39,0.01,53,60367,买盘
2260,10:59:00,11.38,--,12,13656,卖盘
2261,10:58:51,11.38,-0.01,12,13656,卖盘
2262,10:58:48,11.39,0.01,2,2278,买盘
2263,10:58:42,11.38,-0.01,13,14794,卖盘
2264,10:58:39,11.39,0.01,1,1139,买盘
2265,10:58:36,11.38,-0.01,6,6828,卖盘
2266,10:58:33,11.39,0.01,16,18224,买盘
2267,10:58:30,11.38,--,16,18208,卖盘
2268,10:58:21,11.38,--,28,31864,卖盘
2269,10:58:18,11.38,-0.01,11,13485,卖盘
2270,10:58:15,11.39,--,50,56950,买盘
2271,10:58:12,11.39,0.01,37,42792,买盘
2272,10:58:06,11.38,-0.01,6,6828,卖盘
2273,10:58:03,11.39,--,14,15946,买盘
2274,10:58:00,11.39,0.01,14,15946,买盘
2275,10:57:57,11.38,--,10,11380,卖盘
2276,10:57:54,11.38,--,4,4552,卖盘
2277,10:57:51,11.38,-0.01,12,13656,卖盘
2278,10:57:45,11.39,0.01,14,15946,买盘
2279,10:57:42,11.38,--,12,13656,卖盘
2280,10:57:39,11.38,--,26,29588,卖盘
2281,10:57:36,11.38,--,4,4552,卖盘
2282,10:57:33,11.38,--,13,14794,卖盘
2283,10:57:30,11.38,-0.01,12,13656,卖盘
2284,10:57:27,11.39,0.01,1,1139,买盘
2285,10:57:21,11.38,--,13,14794,卖盘
2286,10:57:18,11.38,--,15,17456,卖盘
2287,10:57:15,11.38,-0.01,1,1138,卖盘
2288,10:57:12,11.39,0.01,37,42234,买盘
2289,10:57:09,11.38,-0.01,4,4552,卖盘
2290,10:57:03,11.39,0.01,10,11390,买盘
2291,10:57:00,11.38,--,17,19346,卖盘
2292,10:56:54,11.38,--,5,5690,卖盘
2293,10:56:51,11.38,--,12,13656,卖盘
2294,10:56:48,11.38,-0.01,3,3414,卖盘
2295,10:56:45,11.39,0.01,9,10251,买盘
2296,10:56:42,11.38,--,12,13656,卖盘
2297,10:56:39,11.38,0.01,4,4552,中性盘
2298,10:56:33,11.37,--,51,57986,卖盘
2299,10:56:30,11.37,--,63,71631,卖盘
2300,10:56:21,11.37,--,12,13643,卖盘
2301,10:56:15,11.37,-0.02,14,17009,卖盘
2302,10:56:12,11.39,0.01,32,37063,买盘
2303,10:56:09,11.38,--,27,31249,卖盘
2304,10:56:06,11.38,-0.01,12,13656,卖盘
2305,10:56:03,11.39,0.01,23,26197,买盘
2306,10:56:00,11.38,--,12,13656,卖盘
2307,10:55:54,11.38,--,10,11380,卖盘
2308,10:55:51,11.38,--,14,15932,卖盘
2309,10:55:45,11.38,0.01,19,21622,买盘
2310,10:55:42,11.37,-0.01,81,92097,卖盘
2311,10:55:39,11.38,0.01,1,1138,卖盘
2312,10:55:36,11.37,-0.02,6,6821,卖盘
2313,10:55:33,11.39,0.01,8,9112,买盘
2314,10:55:30,11.38,-0.01,10,11380,卖盘
2315,10:55:24,11.39,0.02,1,1139,买盘
2316,10:55:21,11.37,--,12,13643,卖盘
2317,10:55:15,11.37,--,13,15258,卖盘
2318,10:55:12,11.37,--,83,94371,卖盘
2319,10:55:09,11.37,--,77,87549,卖盘
2320,10:55:06,11.37,--,23,26151,卖盘
2321,10:55:03,11.37,-0.01,108,122795,卖盘
2322,10:55:00,11.38,-0.01,12,13656,卖盘
2323,10:54:54,11.39,0.01,5,5695,买盘
2324,10:54:51,11.38,0.01,42,47796,中性盘
2325,10:54:48,11.37,-0.02,4,4548,卖盘
2326,10:54:42,11.39,0.02,132,150348,买盘
2327,10:54:39,11.37,--,3,3410,卖盘
2328,10:54:36,11.37,-0.02,6,6821,卖盘
2329,10:54:33,11.39,0.01,12,14294,买盘
2330,10:54:30,11.38,-0.01,8,9616,卖盘
2331,10:54:24,11.39,0.01,4,4556,买盘
2332,10:54:21,11.38,-0.01,12,13656,卖盘
2333,10:54:18,11.39,0.01,13,14807,买盘
2334,10:54:15,11.38,--,1,1138,卖盘
2335,10:54:12,11.38,--,12,13656,卖盘
2336,10:54:09,11.38,0.01,60,68905,买盘
2337,10:54:03,11.37,--,33,38510,卖盘
2338,10:54:00,11.37,--,67,76179,卖盘
2339,10:53:57,11.37,--,2,2274,卖盘
2340,10:53:54,11.37,-0.01,34,38658,卖盘
2341,10:53:51,11.38,0.01,37,42106,买盘
2342,10:53:42,11.37,--,13,14780,卖盘
2343,10:53:39,11.37,--,10,11370,卖盘
2344,10:53:33,11.37,--,30,34110,卖盘
2345,10:53:30,11.37,-0.01,65,73905,卖盘
2346,10:53:24,11.38,0.01,5,5690,买盘
2347,10:53:21,11.37,--,22,25014,卖盘
2348,10:53:15,11.37,--,5,5685,卖盘
2349,10:53:12,11.37,--,14,15917,卖盘
2350,10:53:09,11.37,--,19,22251,卖盘
2351,10:53:06,11.37,-0.01,26,30528,卖盘
2352,10:53:03,11.38,0.01,10,11380,买盘
2353,10:53:00,11.37,--,14,15917,卖盘
2354,10:52:57,11.37,--,1,1137,卖盘
2355,10:52:54,11.37,-0.01,2,2274,卖盘
2356,10:52:51,11.38,--,15,17070,买盘
2357,10:52:48,11.38,0.01,4,4552,买盘
2358,10:52:42,11.37,--,17,19329,卖盘
2359,10:52:39,11.37,-0.01,5,5685,卖盘
2360,10:52:36,11.38,--,29,33002,买盘
2361,10:52:33,11.38,0.01,8,9104,买盘
2362,10:52:30,11.37,--,12,13643,卖盘
2363,10:52:27,11.37,-0.01,3,3410,卖盘
2364,10:52:24,11.38,0.01,1,1138,买盘
2365,10:52:21,11.37,-0.01,113,128480,卖盘
2366,10:52:15,11.38,0.01,12,13656,中性盘
2367,10:52:12,11.37,-0.01,26,29561,卖盘
2368,10:52:09,11.38,--,3,3414,卖盘
2369,10:52:06,11.38,--,25,28836,买盘
2370,10:52:03,11.38,0.01,36,41115,买盘
2371,10:52:00,11.37,-0.01,12,13643,卖盘
2372,10:51:57,11.38,--,2,2276,买盘
2373,10:51:54,11.38,0.01,10,11380,买盘
2374,10:51:51,11.37,--,12,13643,卖盘
2375,10:51:45,11.37,0.01,61,69357,买盘
2376,10:51:42,11.36,-0.01,129,146544,卖盘
2377,10:51:33,11.37,0.01,14,15917,买盘
2378,10:51:30,11.36,-0.01,27,31751,卖盘
2379,10:51:27,11.37,--,4,4548,卖盘
2380,10:51:24,11.37,0.01,19,21659,买盘
2381,10:51:21,11.36,--,23,26128,卖盘
2382,10:51:18,11.36,--,8,9088,卖盘
2383,10:51:15,11.36,--,1,1136,卖盘
2384,10:51:12,11.36,-0.01,21,23856,卖盘
2385,10:51:06,11.37,--,15,17941,买盘
2386,10:51:03,11.37,0.01,87,98919,买盘
2387,10:51:00,11.36,--,85,97287,卖盘
2388,10:50:57,11.36,-0.03,313,355749,卖盘
2389,10:50:54,11.39,0.02,50,56950,买盘
2390,10:50:51,11.37,-0.02,13,14780,卖盘
2391,10:50:48,11.39,0.02,33,37587,买盘
2392,10:50:42,11.37,--,15,17055,卖盘
2393,10:50:39,11.37,-0.01,5,5685,卖盘
2394,10:50:36,11.38,--,87,99006,买盘
2395,10:50:33,11.38,0.01,8,9104,买盘
2396,10:50:30,11.37,-0.01,30,34110,卖盘
2397,10:50:27,11.38,--,8,9104,买盘
2398,10:50:24,11.38,0.01,1,1138,买盘
2399,10:50:21,11.37,-0.02,12,13643,卖盘
2400,10:50:12,11.39,0.02,19,21641,买盘
2401,10:50:06,11.37,-0.02,10,12109,卖盘
2402,10:50:03,11.39,0.02,13,14807,买盘
2403,10:50:00,11.37,--,37,42944,卖盘
2404,10:49:54,11.37,--,1,1137,卖盘
2405,10:49:51,11.37,--,29,32973,卖盘
2406,10:49:42,11.37,-0.02,51,57986,卖盘
2407,10:49:36,11.39,--,7,7973,买盘
2408,10:49:33,11.39,0.02,30,34170,买盘
2409,10:49:30,11.37,-0.02,14,15917,卖盘
2410,10:49:24,11.39,--,1,1139,买盘
2411,10:49:21,11.39,--,19,21641,买盘
2412,10:49:15,11.39,0.02,52,59228,买盘
2413,10:49:12,11.37,--,12,13643,卖盘
2414,10:49:09,11.37,0.01,92,105081,买盘
2415,10:49:06,11.36,--,25,28400,卖盘
2416,10:49:03,11.36,-0.01,446,506860,卖盘
2417,10:49:00,11.37,--,37,43001,卖盘
2418,10:48:54,11.37,--,4,4548,卖盘
2419,10:48:51,11.37,--,37,42069,买盘
2420,10:48:45,11.37,0.01,3,3410,中性盘
2421,10:48:39,11.36,--,1050,1192800,卖盘
2422,10:48:36,11.36,-0.04,1,1136,卖盘
2423,10:48:33,11.4,0.03,45,51300,买盘
2424,10:48:30,11.37,--,17,19329,买盘
2425,10:48:27,11.37,0.01,2,2274,买盘
2426,10:48:24,11.36,--,3,3408,卖盘
2427,10:48:21,11.36,-0.01,110,124960,卖盘
2428,10:48:15,11.37,--,8,9096,卖盘
2429,10:48:12,11.37,--,13,14780,卖盘
2430,10:48:09,11.37,-0.03,12,13643,买盘
2431,10:48:06,11.4,0.04,2,2280,买盘
2432,10:48:03,11.36,-0.01,186,211296,卖盘
2433,10:48:00,11.37,--,38,43274,卖盘
2434,10:47:57,11.37,--,135,153904,卖盘
2435,10:47:54,11.37,--,6,6821,卖盘
2436,10:47:51,11.37,-0.03,12,13643,卖盘
2437,10:47:42,11.4,--,14,15960,买盘
2438,10:47:33,11.4,--,8,9120,买盘
2439,10:47:30,11.4,0.03,281,320340,买盘
2440,10:47:27,11.37,-0.02,30,34110,卖盘
2441,10:47:24,11.39,0.01,4,4556,买盘
2442,10:47:21,11.38,0.01,170,193460,买盘
2443,10:47:15,11.37,--,16,18192,卖盘
2444,10:47:12,11.37,-0.01,17,19329,卖盘
2445,10:47:03,11.38,0.01,9,10242,买盘
2446,10:47:00,11.37,--,30,34951,卖盘
2447,10:46:57,11.37,--,6,6821,卖盘
2448,10:46:54,11.37,-0.01,26,30335,卖盘
2449,10:46:51,11.38,0.01,48,55079,买盘
2450,10:46:48,11.37,--,17,19329,卖盘
2451,10:46:45,11.37,0.01,15,17055,卖盘
2452,10:46:42,11.36,-0.02,13,14768,卖盘
2453,10:46:39,11.38,--,3,3414,买盘
2454,10:46:33,11.38,0.02,19,21622,买盘
2455,10:46:30,11.36,--,49,55664,卖盘
2456,10:46:24,11.36,--,9,10224,卖盘
2457,10:46:21,11.36,--,12,13632,卖盘
2458,10:46:15,11.36,-0.01,4,4544,卖盘
2459,10:46:12,11.37,0.01,75,85275,中性盘
2460,10:46:03,11.36,-0.02,10,11360,卖盘
2461,10:46:00,11.38,0.02,16,18208,买盘
2462,10:45:57,11.36,-0.01,59,67194,卖盘
2463,10:45:54,11.37,0.01,74,84433,买盘
2464,10:45:51,11.36,--,12,13632,卖盘
2465,10:45:48,11.36,-0.02,20,22731,卖盘
2466,10:45:45,11.38,0.01,32,36416,买盘
2467,10:45:42,11.37,--,40,45480,卖盘
2468,10:45:39,11.37,-0.01,496,563952,卖盘
2469,10:45:36,11.38,--,193,219634,买盘
2470,10:45:33,11.38,0.01,8,9104,买盘
2471,10:45:30,11.37,--,12,13643,卖盘
2472,10:45:24,11.37,--,119,135303,卖盘
2473,10:45:21,11.37,-0.02,17,19329,卖盘
2474,10:45:12,11.39,0.02,463,527357,买盘
2475,10:45:09,11.37,--,5,5685,卖盘
2476,10:45:06,11.37,--,80,90960,卖盘
2477,10:45:03,11.37,--,15,17055,卖盘
2478,10:45:00,11.37,--,24,27424,卖盘
2479,10:44:57,11.37,-0.01,115,130754,卖盘
2480,10:44:54,11.38,--,25,28791,卖盘
2481,10:44:51,11.38,--,14,15932,卖盘
2482,10:44:42,11.38,--,16,18208,卖盘
2483,10:44:39,11.38,--,34,38692,买盘
2484,10:44:33,11.38,0.01,13,14794,买盘
2485,10:44:30,11.37,-0.01,65,73905,卖盘
2486,10:44:27,11.38,0.01,1,1138,买盘
2487,10:44:21,11.37,--,28,31835,卖盘
2488,10:44:15,11.37,--,114,129617,卖盘
2489,10:44:12,11.37,-0.02,12,13643,卖盘
2490,10:44:09,11.39,0.01,27,30753,买盘
2491,10:44:03,11.38,0.01,9,10242,中性盘
2492,10:44:00,11.37,--,27,30698,卖盘
2493,10:43:57,11.37,--,1,1137,卖盘
2494,10:43:54,11.37,--,14,16531,卖盘
2495,10:43:51,11.37,-0.01,18,20466,卖盘
2496,10:43:48,11.38,--,21,24899,卖盘
2497,10:43:45,11.38,0.01,12,13656,买盘
2498,10:43:42,11.37,-0.01,71,80727,卖盘
2499,10:43:36,11.38,-0.01,3,3414,卖盘
2500,10:43:33,11.39,0.01,8,9112,买盘
2501,10:43:30,11.38,0.01,22,25036,买盘
2502,10:43:27,11.37,-0.01,4,4548,卖盘
2503,10:43:24,11.38,--,1,1138,买盘
2504,10:43:21,11.38,--,11,12518,卖盘
2505,10:43:15,11.38,--,10,11380,买盘
2506,10:43:12,11.38,--,3,3414,卖盘
2507,10:43:06,11.38,0.01,7,7966,买盘
2508,10:43:03,11.37,-0.01,29,32973,卖盘
2509,10:43:00,11.38,0.01,22,25036,买盘
2510,10:42:57,11.37,--,87,98919,卖盘
2511,10:42:54,11.37,--,15,17862,卖盘
2512,10:42:51,11.37,--,38,43206,卖盘
2513,10:42:48,11.37,--,33,37782,卖盘
2514,10:42:42,11.37,--,12,13643,卖盘
2515,10:42:36,11.37,-0.02,24,27287,卖盘
2516,10:42:33,11.39,0.02,8,9112,买盘
2517,10:42:30,11.37,-0.02,13,14780,卖盘
2518,10:42:27,11.39,0.02,40,45560,买盘
2519,10:42:24,11.37,--,14,15917,卖盘
2520,10:42:21,11.37,-0.01,12,13643,卖盘
2521,10:42:18,11.38,--,4,4552,买盘
2522,10:42:15,11.38,--,26,29588,卖盘
2523,10:42:12,11.38,-0.02,32,36416,卖盘
2524,10:42:03,11.4,0.01,16,18240,买盘
2525,10:42:00,11.39,-0.01,45,51255,中性盘
2526,10:41:54,11.4,0.02,13,15002,买盘
2527,10:41:51,11.38,--,37,42401,卖盘
2528,10:41:48,11.38,-0.01,10,11380,卖盘
2529,10:41:45,11.39,0.01,3,3417,卖盘
2530,10:41:42,11.38,--,23,26174,卖盘
2531,10:41:39,11.38,--,110,125180,卖盘
2532,10:41:33,11.38,--,11,12518,卖盘
2533,10:41:30,11.38,--,20,22760,卖盘
2534,10:41:27,11.38,-0.01,54,61452,卖盘
2535,10:41:24,11.39,0.01,1,1139,买盘
2536,10:41:21,11.38,--,15,17070,卖盘
2537,10:41:18,11.38,-0.01,2,2276,卖盘
2538,10:41:15,11.39,0.01,50,56950,买盘
2539,10:41:12,11.38,--,39,44382,卖盘
2540,10:41:09,11.38,-0.01,3,3414,卖盘
2541,10:41:03,11.39,0.01,13,14807,买盘
2542,10:41:00,11.38,-0.01,25,28450,卖盘
2543,10:40:57,11.39,0.01,10,11390,买盘
2544,10:40:51,11.38,-0.01,36,41445,卖盘
2545,10:40:48,11.39,0.01,13,14807,买盘
2546,10:40:45,11.38,--,29,33002,卖盘
2547,10:40:42,11.38,-0.01,12,13656,卖盘
2548,10:40:33,11.39,--,11,12529,买盘
2549,10:40:30,11.39,--,78,88842,买盘
2550,10:40:21,11.39,0.01,213,242607,买盘
2551,10:40:18,11.38,--,10,11380,卖盘
2552,10:40:15,11.38,--,12,13656,卖盘
2553,10:40:12,11.38,-0.01,12,13656,卖盘
2554,10:40:06,11.39,0.01,3,3417,买盘
2555,10:40:03,11.38,--,25,28450,卖盘
2556,10:40:00,11.38,-0.01,16,18208,卖盘
2557,10:39:54,11.39,0.01,2,2278,买盘
2558,10:39:51,11.38,--,12,13656,卖盘
2559,10:39:48,11.38,--,10,11949,卖盘
2560,10:39:45,11.38,--,25,29496,卖盘
2561,10:39:42,11.38,--,50,56900,卖盘
2562,10:39:39,11.38,--,3,3414,卖盘
2563,10:39:36,11.38,-0.01,1,1138,卖盘
2564,10:39:33,11.39,0.01,8,9112,买盘
2565,10:39:30,11.38,-0.01,12,13656,卖盘
2566,10:39:27,11.39,0.01,1,1139,买盘
2567,10:39:24,11.38,--,4,4552,卖盘
2568,10:39:21,11.38,--,22,25036,卖盘
2569,10:39:18,11.38,--,26,29588,卖盘
2570,10:39:12,11.38,--,20,22760,卖盘
2571,10:39:09,11.38,-0.01,23,26174,卖盘
2572,10:39:03,11.39,0.01,9,10251,买盘
2573,10:39:00,11.38,-0.01,23,26174,卖盘
2574,10:38:57,11.39,0.01,13,14807,买盘
2575,10:38:51,11.38,--,13,14794,卖盘
2576,10:38:48,11.38,--,5,5690,卖盘
2577,10:38:45,11.38,--,36,41445,卖盘
2578,10:38:42,11.38,-0.01,12,13656,卖盘
2579,10:38:39,11.39,--,55,62645,买盘
2580,10:38:33,11.39,0.01,8,9112,买盘
2581,10:38:30,11.38,-0.01,17,19346,卖盘
2582,10:38:27,11.39,0.01,3,3417,买盘
2583,10:38:24,11.38,--,37,42106,卖盘
2584,10:38:21,11.38,--,13,14794,卖盘
2585,10:38:18,11.38,-0.01,110,125180,卖盘
2586,10:38:15,11.39,0.01,90,102510,买盘
2587,10:38:12,11.38,--,22,25036,卖盘
2588,10:38:06,11.38,-0.01,7,7966,卖盘
2589,10:38:03,11.39,0.01,9,10251,买盘
2590,10:38:00,11.38,--,32,36416,卖盘
2591,10:37:51,11.38,--,24,27312,卖盘
2592,10:37:45,11.38,-0.01,10,11493,卖盘
2593,10:37:42,11.39,0.01,22,25058,买盘
2594,10:37:39,11.38,-0.01,26,29952,卖盘
2595,10:37:33,11.39,0.01,11,12529,买盘
2596,10:37:30,11.38,-0.01,15,17070,卖盘
2597,10:37:24,11.39,0.01,9,10251,买盘
2598,10:37:21,11.38,--,24,27312,卖盘
2599,10:37:12,11.38,--,12,13656,卖盘
2600,10:37:09,11.38,-0.01,5,5690,卖盘
2601,10:37:06,11.39,--,8,9112,买盘
2602,10:37:03,11.39,0.01,22,25058,买盘
2603,10:37:00,11.38,--,62,70556,卖盘
2604,10:36:57,11.38,--,9,10242,卖盘
2605,10:36:54,11.38,--,1,1138,卖盘
2606,10:36:51,11.38,--,33,37554,卖盘
2607,10:36:48,11.38,--,5,5690,卖盘
2608,10:36:45,11.38,--,46,52871,卖盘
2609,10:36:42,11.38,--,45,51210,卖盘
2610,10:36:39,11.38,-0.01,47,54578,卖盘
2611,10:36:36,11.39,0.01,30,34170,买盘
2612,10:36:30,11.38,-0.01,12,13656,卖盘
2613,10:36:27,11.39,0.01,1,1139,买盘
2614,10:36:21,11.38,-0.01,23,26174,卖盘
2615,10:36:18,11.39,--,3,3417,买盘
2616,10:36:12,11.39,--,27,30753,买盘
2617,10:36:06,11.39,--,12,13668,买盘
2618,10:36:03,11.39,0.01,41,46699,买盘
2619,10:36:00,11.38,--,16,18208,卖盘
2620,10:35:54,11.38,-0.01,27,30726,卖盘
2621,10:35:51,11.39,--,14,15946,买盘
2622,10:35:48,11.39,--,19,21641,买盘
2623,10:35:42,11.39,--,31,35787,买盘
2624,10:35:39,11.39,--,32,36448,买盘
2625,10:35:36,11.39,--,8,9112,买盘
2626,10:35:33,11.39,--,30,34170,卖盘
2627,10:35:30,11.39,-0.01,43,48977,卖盘
2628,10:35:27,11.4,0.02,5,5700,买盘
2629,10:35:21,11.38,-0.01,12,13656,卖盘
2630,10:35:15,11.39,0.01,7,7973,卖盘
2631,10:35:12,11.38,-0.02,12,13656,卖盘
2632,10:35:09,11.4,--,50,57000,买盘
2633,10:35:06,11.4,0.01,8,9120,买盘
2634,10:35:03,11.39,0.01,51,58089,买盘
2635,10:35:00,11.38,--,18,20484,卖盘
2636,10:34:57,11.38,-0.01,110,125180,卖盘
2637,10:34:51,11.39,--,13,14807,卖盘
2638,10:34:45,11.39,0.01,51,58761,买盘
2639,10:34:42,11.38,--,22,25036,卖盘
2640,10:34:39,11.38,--,30,35084,卖盘
2641,10:34:36,11.38,-0.01,33,37554,卖盘
2642,10:34:33,11.39,0.01,10,11390,买盘
2643,10:34:30,11.38,-0.01,12,13656,卖盘
2644,10:34:24,11.39,0.01,1,1139,买盘
2645,10:34:21,11.38,-0.01,12,13656,卖盘
2646,10:34:15,11.39,0.01,10,11390,买盘
2647,10:34:12,11.38,--,12,13656,卖盘
2648,10:34:09,11.38,--,53,60314,卖盘
2649,10:34:06,11.38,-0.02,50,56900,卖盘
2650,10:34:03,11.4,0.01,22,25080,买盘
2651,10:34:00,11.39,--,13,14807,卖盘
2652,10:33:54,11.39,0.01,68,77452,卖盘
2653,10:33:51,11.38,--,212,241256,卖盘
2654,10:33:45,11.38,--,61,69418,卖盘
2655,10:33:42,11.38,--,22,25036,卖盘
2656,10:33:39,11.38,--,14,16023,卖盘
2657,10:33:36,11.38,-0.02,25,28836,卖盘
2658,10:33:33,11.4,0.02,17,19380,买盘
2659,10:33:30,11.38,-0.02,19,21622,卖盘
2660,10:33:24,11.4,0.02,3,3420,买盘
2661,10:33:21,11.38,-0.02,13,14794,卖盘
2662,10:33:18,11.4,0.02,3,3420,买盘
2663,10:33:15,11.38,--,26,29588,卖盘
2664,10:33:12,11.38,-0.02,12,13656,卖盘
2665,10:33:09,11.4,0.02,50,57000,买盘
2666,10:33:06,11.38,--,89,101282,卖盘
2667,10:33:03,11.38,--,95,108110,卖盘
2668,10:33:00,11.38,-0.01,12,13656,卖盘
2669,10:32:57,11.39,0.01,3,3417,买盘
2670,10:32:51,11.38,-0.01,5,6054,卖盘
2671,10:32:48,11.39,0.01,7,8747,买盘
2672,10:32:45,11.38,-0.01,29,33002,卖盘
2673,10:32:42,11.39,0.01,14,15946,买盘
2674,10:32:36,11.38,--,37,42583,卖盘
2675,10:32:33,11.38,--,36,40968,卖盘
2676,10:32:30,11.38,-0.01,28,31864,卖盘
2677,10:32:24,11.39,0.01,52,59228,买盘
2678,10:32:21,11.38,-0.01,282,321280,卖盘
2679,10:32:18,11.39,--,8,9112,卖盘
2680,10:32:12,11.39,-0.02,18,20502,卖盘
2681,10:32:09,11.41,0.02,50,57050,买盘
2682,10:32:06,11.39,-0.02,108,123012,卖盘
2683,10:32:03,11.41,0.01,9,10269,买盘
2684,10:32:00,11.4,--,12,13680,卖盘
2685,10:31:51,11.4,--,13,14820,卖盘
2686,10:31:48,11.4,-0.01,6,6840,卖盘
2687,10:31:45,11.41,0.01,3,3423,买盘
2688,10:31:42,11.4,0.01,17,19380,中性盘
2689,10:31:36,11.39,-0.02,13,15148,卖盘
2690,10:31:33,11.41,0.02,138,157458,买盘
2691,10:31:30,11.39,-0.01,46,52530,卖盘
2692,10:31:27,11.4,--,3,3420,卖盘
2693,10:31:24,11.4,--,3,3420,卖盘
2694,10:31:21,11.4,--,17,19380,卖盘
2695,10:31:15,11.4,0.01,5,5700,卖盘
2696,10:31:12,11.39,-0.03,13,14807,卖盘
2697,10:31:09,11.42,0.03,50,57100,买盘
2698,10:31:06,11.39,-0.03,50,56950,卖盘
2699,10:31:03,11.42,0.02,63,71946,买盘
2700,10:31:00,11.4,--,33,37620,买盘
2701,10:30:54,11.4,0.01,18,20520,买盘
2702,10:30:51,11.39,-0.01,13,14807,卖盘
2703,10:30:45,11.4,--,2,2280,买盘
2704,10:30:42,11.4,0.01,48,54720,买盘
2705,10:30:33,11.39,--,18,21515,卖盘
2706,10:30:30,11.39,-0.02,25,29078,卖盘
2707,10:30:24,11.41,0.01,9,10269,买盘
2708,10:30:21,11.4,0.01,84,96717,买盘
2709,10:30:18,11.39,--,41,46699,卖盘
2710,10:30:15,11.39,--,140,159460,卖盘
2711,10:30:12,11.39,--,54,61506,卖盘
2712,10:30:09,11.39,--,61,69479,卖盘
2713,10:30:06,11.39,-0.01,50,56950,卖盘
2714,10:30:03,11.4,0.01,9,10260,买盘
2715,10:30:00,11.39,--,15,17085,卖盘
2716,10:29:51,11.39,--,13,14807,卖盘
2717,10:29:42,11.39,-0.01,28,31892,卖盘
2718,10:29:39,11.4,-0.01,246,280622,卖盘
2719,10:29:36,11.41,0.01,2,2282,买盘
2720,10:29:33,11.4,--,27,31247,卖盘
2721,10:29:30,11.4,-0.01,34,38771,卖盘
2722,10:29:24,11.41,--,1,1141,中性盘
2723,10:29:21,11.41,--,49,55909,买盘
2724,10:29:12,11.41,-0.01,5,6366,卖盘
2725,10:29:09,11.42,0.01,50,57100,买盘
2726,10:29:06,11.41,--,50,57050,卖盘
2727,10:29:03,11.41,--,19,21679,卖盘
2728,10:29:00,11.41,--,12,13692,卖盘
2729,10:28:57,11.41,--,16,18256,卖盘
2730,10:28:54,11.41,-0.01,4,4564,卖盘
2731,10:28:51,11.42,--,32,36544,买盘
2732,10:28:45,11.42,0.01,10,11420,买盘
2733,10:28:42,11.41,-0.01,12,13692,卖盘
2734,10:28:36,11.42,--,3,3426,买盘
2735,10:28:33,11.42,0.01,8,9136,买盘
2736,10:28:30,11.41,--,23,26802,卖盘
2737,10:28:27,11.41,-0.01,24,28445,卖盘
2738,10:28:24,11.42,-0.01,1,1142,买盘
2739,10:28:21,11.43,0.02,88,100584,买盘
2740,10:28:15,11.41,--,1,1141,卖盘
2741,10:28:12,11.41,-0.02,122,139202,卖盘
2742,10:28:09,11.43,0.02,87,99441,买盘
2743,10:28:06,11.41,--,64,73024,卖盘
2744,10:28:03,11.41,--,14,15974,卖盘
2745,10:28:00,11.41,--,40,45640,卖盘
2746,10:27:54,11.41,--,17,19397,卖盘
2747,10:27:51,11.41,--,12,13692,卖盘
2748,10:27:45,11.41,-0.01,4,4564,卖盘
2749,10:27:42,11.42,0.01,16,18272,买盘
2750,10:27:39,11.41,--,1,1141,买盘
2751,10:27:33,11.41,--,8,9128,买盘
2752,10:27:30,11.41,0.01,15,18221,卖盘
2753,10:27:27,11.4,--,23,26733,卖盘
2754,10:27:24,11.4,--,19,21660,卖盘
2755,10:27:21,11.4,--,10,11400,卖盘
2756,10:27:12,11.4,-0.02,12,13680,卖盘
2757,10:27:09,11.42,0.01,50,57100,买盘
2758,10:27:03,11.41,--,59,67319,买盘
2759,10:27:00,11.41,--,10,11592,卖盘
2760,10:26:54,11.41,--,44,50204,卖盘
2761,10:26:51,11.41,-0.01,52,59332,卖盘
2762,10:26:42,11.42,0.01,32,36544,买盘
2763,10:26:36,11.41,-0.01,3,3423,卖盘
2764,10:26:33,11.42,0.01,32,36544,买盘
2765,10:26:30,11.41,--,12,13692,卖盘
2766,10:26:27,11.41,--,60,68505,卖盘
2767,10:26:24,11.41,--,41,47214,卖盘
2768,10:26:21,11.41,-0.02,13,14833,卖盘
2769,10:26:15,11.43,--,5,5715,买盘
2770,10:26:12,11.43,--,24,27432,买盘
2771,10:26:09,11.43,0.02,50,57150,买盘
2772,10:26:06,11.41,-0.02,50,57050,卖盘
2773,10:26:03,11.43,0.02,9,10287,买盘
2774,10:26:00,11.41,-0.02,12,13692,卖盘
2775,10:25:54,11.43,0.02,300,342900,买盘
2776,10:25:51,11.41,-0.01,12,13692,卖盘
2777,10:25:48,11.42,--,7,7994,买盘
2778,10:25:42,11.42,--,13,14846,买盘
2779,10:25:39,11.42,0.01,31,35402,买盘
2780,10:25:33,11.41,--,14,15974,卖盘
2781,10:25:30,11.41,--,15,17115,卖盘
2782,10:25:24,11.41,--,61,70080,卖盘
2783,10:25:21,11.41,--,12,13692,卖盘
2784,10:25:18,11.41,--,6,6846,卖盘
2785,10:25:15,11.41,0.01,198,225918,买盘
2786,10:25:12,11.4,-0.01,12,13680,卖盘
2787,10:25:09,11.41,0.01,50,57050,买盘
2788,10:25:06,11.4,--,300,342000,买盘
2789,10:25:03,11.4,0.01,24,27360,买盘
2790,10:25:00,11.39,0.01,57,64923,中性盘
2791,10:24:54,11.38,--,110,125180,卖盘
2792,10:24:51,11.38,--,13,14794,卖盘
2793,10:24:48,11.38,--,4,4552,卖盘
2794,10:24:45,11.38,-0.01,5,5690,卖盘
2795,10:24:42,11.39,0.01,14,15946,买盘
2796,10:24:39,11.38,-0.01,14,15932,卖盘
2797,10:24:36,11.39,--,63,71757,买盘
2798,10:24:33,11.39,0.01,25,28475,买盘
2799,10:24:30,11.38,-0.01,12,13656,卖盘
2800,10:24:27,11.39,--,38,43282,买盘
2801,10:24:24,11.39,0.01,1,1139,买盘
2802,10:24:21,11.38,--,38,43300,卖盘
2803,10:24:18,11.38,-0.01,37,42527,卖盘
2804,10:24:15,11.39,0.01,120,136680,买盘
2805,10:24:12,11.38,-0.01,13,14794,卖盘
2806,10:24:09,11.39,0.01,50,56950,买盘
2807,10:24:06,11.38,-0.01,12,13656,卖盘
2808,10:24:03,11.39,0.01,86,97954,买盘
2809,10:24:00,11.38,--,11,12518,卖盘
2810,10:23:57,11.38,--,1,1138,买盘
2811,10:23:54,11.38,--,62,70556,卖盘
2812,10:23:51,11.38,--,130,147940,买盘
2813,10:23:48,11.38,--,15,17070,买盘
2814,10:23:45,11.38,--,10,11380,买盘
2815,10:23:42,11.38,--,32,36416,买盘
2816,10:23:36,11.38,--,30,34140,买盘
2817,10:23:33,11.38,0.01,21,23898,买盘
2818,10:23:30,11.37,-0.01,60,68220,卖盘
2819,10:23:27,11.38,--,20,22760,买盘
2820,10:23:24,11.38,0.01,60,68280,买盘
2821,10:23:21,11.37,--,45,51722,卖盘
