,time,price,change,volume,amount,type
0,15:00:03,10.75,--,3402,3657150,买盘
1,14:57:00,10.75,--,120,129000,买盘
2,14:56:54,10.75,0.02,2,2150,买盘
3,14:56:51,10.73,-0.01,398,427054,卖盘
4,14:56:45,10.74,--,50,54365,买盘
5,14:56:42,10.74,--,39,41886,买盘
6,14:56:39,10.74,-0.01,521,559962,卖盘
7,14:56:36,10.75,--,3,3225,卖盘
8,14:56:33,10.75,0.01,118,127731,买盘
9,14:56:30,10.74,-0.01,71,76254,卖盘
10,14:56:27,10.75,0.01,657,706275,买盘
11,14:56:24,10.74,--,70,75180,卖盘
12,14:56:21,10.74,-0.01,90,96660,卖盘
13,14:56:18,10.75,--,11,11825,买盘
14,14:56:15,10.75,--,13,13975,买盘
15,14:56:12,10.75,0.01,73,79120,买盘
16,14:56:09,10.74,-0.01,141,151434,卖盘
17,14:56:06,10.75,--,33,35475,买盘
18,14:56:03,10.75,--,169,181675,买盘
19,14:56:00,10.75,0.01,591,635325,买盘
20,14:55:57,10.74,--,238,255612,卖盘
21,14:55:54,10.74,-0.01,138,148212,卖盘
22,14:55:51,10.75,--,24,25800,买盘
23,14:55:48,10.75,--,2,2150,买盘
24,14:55:45,10.75,0.01,40,43000,买盘
25,14:55:42,10.74,--,123,132102,卖盘
26,14:55:39,10.74,--,151,162174,卖盘
27,14:55:36,10.74,--,43,46182,卖盘
28,14:55:33,10.74,-0.01,39,41886,卖盘
29,14:55:30,10.75,--,51,54825,买盘
30,14:55:27,10.75,--,14,15050,买盘
31,14:55:24,10.75,--,213,228975,买盘
32,14:55:21,10.75,--,540,580500,买盘
33,14:55:18,10.75,0.01,76,81700,买盘
34,14:55:15,10.74,--,20,21480,卖盘
35,14:55:12,10.74,-0.01,132,141768,卖盘
36,14:55:09,10.75,0.01,119,127925,买盘
37,14:55:06,10.74,-0.01,25,26850,卖盘
38,14:55:03,10.75,0.01,65,69875,买盘
39,14:55:00,10.74,-0.01,54,57996,卖盘
40,14:54:57,10.75,--,98,105350,买盘
41,14:54:54,10.75,--,182,195650,买盘
42,14:54:48,10.75,0.01,18,19350,买盘
43,14:54:45,10.74,--,33,35442,卖盘
44,14:54:42,10.74,-0.01,240,257760,卖盘
45,14:54:39,10.75,--,89,95675,买盘
46,14:54:36,10.75,--,92,98900,买盘
47,14:54:33,10.75,0.01,4,4300,买盘
48,14:54:30,10.74,-0.01,175,187950,卖盘
49,14:54:27,10.75,--,54,58050,买盘
50,14:54:24,10.75,--,9,9675,买盘
51,14:54:21,10.75,--,98,105350,买盘
52,14:54:18,10.75,--,7,7525,买盘
53,14:54:15,10.75,--,20,21500,买盘
54,14:54:12,10.75,--,259,278425,卖盘
55,14:54:09,10.75,--,54,58050,买盘
56,14:54:06,10.75,--,158,169850,买盘
57,14:54:03,10.75,--,96,103200,买盘
58,14:54:00,10.75,--,78,83850,买盘
59,14:53:57,10.75,--,73,78475,买盘
60,14:53:54,10.75,--,169,181675,买盘
61,14:53:51,10.75,0.01,75,80625,卖盘
62,14:53:48,10.74,-0.01,1010,1084740,卖盘
63,14:53:45,10.75,-0.01,106,113950,卖盘
64,14:53:42,10.76,0.01,33,35508,买盘
65,14:53:39,10.75,--,10,10750,卖盘
66,14:53:36,10.75,--,295,317125,买盘
67,14:53:33,10.75,--,231,248325,买盘
68,14:53:30,10.75,--,139,149425,买盘
69,14:53:27,10.75,--,29,31175,买盘
70,14:53:24,10.75,--,120,129000,买盘
71,14:53:21,10.75,--,38,40850,买盘
72,14:53:18,10.75,--,10,10750,买盘
73,14:53:15,10.75,--,81,87075,卖盘
74,14:53:12,10.75,--,105,112875,卖盘
75,14:53:09,10.75,--,46,49450,卖盘
76,14:53:06,10.75,--,82,88150,卖盘
77,14:53:03,10.75,--,23,24725,卖盘
78,14:52:57,10.75,--,142,152650,卖盘
79,14:52:54,10.75,-0.01,118,126850,卖盘
80,14:52:51,10.76,--,108,116208,买盘
81,14:52:48,10.76,0.01,36,38736,买盘
82,14:52:45,10.75,-0.01,54,58050,卖盘
83,14:52:42,10.76,--,84,90384,买盘
84,14:52:39,10.76,0.01,192,206592,买盘
85,14:52:36,10.75,-0.01,255,274125,卖盘
86,14:52:33,10.76,0.01,181,194756,买盘
87,14:52:30,10.75,--,110,118250,卖盘
88,14:52:27,10.75,--,201,216075,卖盘
89,14:52:24,10.75,--,152,163400,卖盘
90,14:52:21,10.75,--,50,53750,卖盘
91,14:52:15,10.75,--,230,247250,卖盘
92,14:52:12,10.75,--,285,306375,买盘
93,14:52:09,10.75,--,34,36765,买盘
94,14:52:06,10.75,--,205,220375,买盘
95,14:52:03,10.75,--,18,19350,买盘
96,14:52:00,10.75,--,233,250475,买盘
97,14:51:57,10.75,--,20,21500,买盘
98,14:51:54,10.75,--,320,344000,卖盘
99,14:51:51,10.75,--,30,32250,卖盘
100,14:51:48,10.75,--,79,84925,卖盘
101,14:51:45,10.75,--,226,242950,买盘
102,14:51:42,10.75,0.01,10,10750,买盘
103,14:51:39,10.74,-0.01,5,5370,卖盘
104,14:51:36,10.75,--,198,212850,买盘
105,14:51:33,10.75,--,14,15050,买盘
106,14:51:30,10.75,--,53,56975,买盘
107,14:51:27,10.75,--,34,36550,卖盘
108,14:51:24,10.75,-0.01,109,117175,中性盘
109,14:51:21,10.76,0.01,13,13988,买盘
110,14:51:18,10.75,--,52,55900,卖盘
111,14:51:15,10.75,--,39,41925,卖盘
112,14:51:12,10.75,--,150,161250,卖盘
113,14:51:09,10.75,--,15,16125,卖盘
114,14:51:06,10.75,-0.01,33,35475,中性盘
115,14:51:03,10.76,0.01,75,80700,买盘
116,14:51:00,10.75,0.01,105,112875,买盘
117,14:50:57,10.74,-0.01,14,15036,卖盘
118,14:50:54,10.75,--,726,780450,买盘
119,14:50:51,10.75,--,26,27950,买盘
120,14:50:48,10.75,0.01,18,19350,买盘
121,14:50:45,10.74,-0.01,30,32220,卖盘
122,14:50:42,10.75,0.01,14,15050,买盘
123,14:50:39,10.74,-0.01,5,5370,卖盘
124,14:50:36,10.75,0.01,63,67725,买盘
125,14:50:33,10.74,-0.01,100,107400,卖盘
126,14:50:30,10.75,--,129,138675,买盘
127,14:50:27,10.75,--,190,204250,买盘
128,14:50:24,10.75,0.01,179,192425,买盘
129,14:50:21,10.74,--,10,10740,卖盘
130,14:50:15,10.74,-0.01,63,67662,卖盘
131,14:50:12,10.75,0.01,32,34400,买盘
132,14:50:09,10.74,--,5,5370,卖盘
133,14:50:06,10.74,--,83,89142,卖盘
134,14:50:03,10.74,-0.01,17,18258,卖盘
135,14:50:00,10.75,0.01,32,34400,买盘
136,14:49:57,10.74,-0.01,32,34368,卖盘
137,14:49:54,10.75,0.01,109,117175,买盘
138,14:49:51,10.74,--,2,2148,卖盘
139,14:49:48,10.74,--,9,9666,卖盘
140,14:49:45,10.74,-0.01,44,47256,卖盘
141,14:49:42,10.75,0.01,25,26875,买盘
142,14:49:39,10.74,-0.01,3,3222,卖盘
143,14:49:36,10.75,--,119,127925,买盘
144,14:49:33,10.75,--,54,58050,买盘
145,14:49:30,10.75,--,33,35475,卖盘
146,14:49:27,10.75,--,1,1075,卖盘
147,14:49:24,10.75,--,142,152650,卖盘
148,14:49:21,10.75,--,57,61275,卖盘
149,14:49:18,10.75,--,97,104275,卖盘
150,14:49:09,10.75,-0.01,119,127925,卖盘
151,14:49:06,10.76,--,64,68864,买盘
152,14:49:03,10.76,0.01,45,48420,买盘
153,14:49:00,10.75,--,11,11825,卖盘
154,14:48:57,10.75,-0.01,25,26875,卖盘
155,14:48:54,10.76,0.01,150,161400,买盘
156,14:48:51,10.75,--,17,18275,卖盘
157,14:48:45,10.75,--,17,18275,卖盘
158,14:48:42,10.75,0.01,104,111800,买盘
159,14:48:39,10.74,-0.01,144,154656,卖盘
160,14:48:36,10.75,--,86,92450,买盘
161,14:48:33,10.75,-0.01,9,9675,中性盘
162,14:48:30,10.76,0.01,20,21520,买盘
163,14:48:27,10.75,--,55,59125,买盘
164,14:48:24,10.75,-0.01,396,425700,卖盘
165,14:48:18,10.76,--,83,89308,买盘
166,14:48:15,10.76,--,115,123740,买盘
167,14:48:12,10.76,0.01,67,72092,买盘
168,14:48:09,10.75,-0.01,114,122550,卖盘
169,14:48:06,10.76,--,122,131272,买盘
170,14:48:03,10.76,--,240,258240,卖盘
171,14:48:00,10.76,--,67,72092,买盘
172,14:47:57,10.76,-0.01,77,82852,买盘
173,14:47:54,10.77,0.02,109,117393,买盘
174,14:47:51,10.75,-0.01,18,19350,卖盘
175,14:47:48,10.76,--,18,19368,卖盘
176,14:47:45,10.76,0.01,314,337864,买盘
177,14:47:42,10.75,--,22,23650,卖盘
178,14:47:39,10.75,--,10,10750,卖盘
179,14:47:36,10.75,--,167,179525,卖盘
180,14:47:33,10.75,-0.01,121,130075,卖盘
181,14:47:30,10.76,0.01,31,33356,买盘
182,14:47:27,10.75,-0.01,3,3225,卖盘
183,14:47:24,10.76,0.01,156,167856,买盘
184,14:47:21,10.75,--,24,25800,卖盘
185,14:47:18,10.75,--,63,67725,卖盘
186,14:47:15,10.75,-0.01,13,13975,卖盘
187,14:47:12,10.76,0.01,6,6456,买盘
188,14:47:09,10.75,-0.01,10,10750,卖盘
189,14:47:06,10.76,0.01,69,74244,买盘
190,14:47:03,10.75,--,779,837425,买盘
191,14:47:00,10.75,0.01,52,55900,买盘
192,14:46:57,10.74,--,2,2148,卖盘
193,14:46:54,10.74,--,156,167544,卖盘
194,14:46:51,10.74,--,29,31146,卖盘
195,14:46:48,10.74,0.01,10,10740,卖盘
196,14:46:45,10.73,-0.01,50,53650,卖盘
197,14:46:42,10.74,--,23,24702,卖盘
198,14:46:39,10.74,--,285,306090,买盘
199,14:46:36,10.74,--,82,88068,买盘
200,14:46:33,10.74,0.01,107,114918,买盘
201,14:46:30,10.73,--,120,128760,卖盘
202,14:46:27,10.73,--,137,147001,卖盘
203,14:46:24,10.73,-0.01,104,111592,卖盘
204,14:46:21,10.74,0.01,33,35442,买盘
205,14:46:18,10.73,--,4,4292,卖盘
206,14:46:12,10.73,--,30,32190,卖盘
207,14:46:09,10.73,--,55,59015,卖盘
208,14:46:06,10.73,--,66,70818,卖盘
209,14:46:03,10.73,0.02,1801,1933095,买盘
210,14:46:00,10.71,--,10,10710,卖盘
211,14:45:57,10.71,-0.01,322,344862,卖盘
212,14:45:54,10.72,--,108,115776,买盘
213,14:45:51,10.72,--,1,1072,买盘
214,14:45:48,10.72,--,177,190172,卖盘
215,14:45:45,10.72,0.01,33,36019,买盘
216,14:45:42,10.71,--,7,7497,卖盘
217,14:45:39,10.71,-0.01,81,86751,卖盘
218,14:45:36,10.72,--,65,69680,买盘
219,14:45:33,10.72,--,130,139360,买盘
220,14:45:30,10.72,--,124,132928,卖盘
221,14:45:27,10.72,-0.01,76,81472,买盘
222,14:45:24,10.73,0.01,714,766143,买盘
223,14:45:21,10.72,--,42,45024,卖盘
224,14:45:18,10.72,--,44,47168,卖盘
225,14:45:15,10.72,--,25,26800,卖盘
226,14:45:12,10.72,--,102,109344,卖盘
227,14:45:09,10.72,--,47,50384,卖盘
228,14:45:06,10.72,--,79,84688,卖盘
229,14:45:03,10.72,--,879,942288,卖盘
230,14:45:00,10.72,--,61,65392,卖盘
231,14:44:57,10.72,--,61,65392,卖盘
232,14:44:54,10.72,-0.01,182,195104,卖盘
233,14:44:51,10.73,0.01,59,63307,买盘
234,14:44:45,10.72,-0.01,14,15008,卖盘
235,14:44:42,10.73,--,10,10730,买盘
236,14:44:36,10.73,--,445,477485,买盘
237,14:44:33,10.73,--,11,11803,买盘
238,14:44:27,10.73,-0.01,43,46139,买盘
239,14:44:24,10.74,--,969,1040706,买盘
240,14:44:21,10.74,--,16,17184,买盘
241,14:44:15,10.74,-0.01,20,21480,中性盘
242,14:44:12,10.75,--,14,15050,买盘
243,14:44:06,10.75,--,127,136525,买盘
244,14:44:03,10.75,--,1251,1344825,卖盘
245,14:44:00,10.75,--,13,13975,买盘
246,14:43:57,10.75,--,16,17200,买盘
247,14:43:54,10.75,--,133,142975,买盘
248,14:43:51,10.75,--,59,63425,买盘
249,14:43:48,10.75,--,12,12900,买盘
250,14:43:45,10.75,--,5,5375,买盘
251,14:43:39,10.75,--,6,6450,买盘
252,14:43:36,10.75,--,65,69875,买盘
253,14:43:33,10.75,--,160,172000,买盘
254,14:43:30,10.75,-0.01,50,53750,中性盘
255,14:43:24,10.76,0.01,93,100068,买盘
256,14:43:21,10.75,--,16,17200,买盘
257,14:43:15,10.75,0.01,9,9675,买盘
258,14:43:09,10.74,-0.01,155,166470,卖盘
259,14:43:06,10.75,--,194,208550,卖盘
260,14:43:03,10.75,--,17,18275,卖盘
261,14:43:00,10.75,-0.01,47,50525,卖盘
262,14:42:57,10.76,0.01,51,54876,买盘
263,14:42:54,10.75,-0.01,127,136525,卖盘
264,14:42:51,10.76,0.01,98,105448,买盘
265,14:42:42,10.75,--,37,39775,卖盘
266,14:42:39,10.75,-0.01,10,10750,卖盘
267,14:42:36,10.76,--,86,92536,买盘
268,14:42:33,10.76,--,146,157096,买盘
269,14:42:27,10.76,--,45,48420,买盘
270,14:42:24,10.76,0.01,108,116208,买盘
271,14:42:21,10.75,-0.01,8,8600,卖盘
272,14:42:15,10.76,0.01,20,21520,中性盘
273,14:42:12,10.75,-0.01,53,56975,卖盘
274,14:42:06,10.76,0.01,106,114056,中性盘
275,14:42:03,10.75,-0.01,171,183825,卖盘
276,14:42:00,10.76,--,11,11836,卖盘
277,14:41:54,10.76,--,116,124816,买盘
278,14:41:51,10.76,--,46,49496,买盘
279,14:41:45,10.76,--,46,49496,买盘
280,14:41:39,10.76,0.01,13,13988,买盘
281,14:41:36,10.75,-0.02,186,199950,卖盘
282,14:41:33,10.77,0.02,24,25848,买盘
283,14:41:30,10.75,-0.01,19,20425,卖盘
284,14:41:27,10.76,-0.01,16,17216,卖盘
285,14:41:24,10.77,0.01,93,100161,买盘
286,14:41:21,10.76,--,19,20444,买盘
287,14:41:18,10.76,--,38,40888,买盘
288,14:41:15,10.76,0.01,36,38736,买盘
289,14:41:12,10.75,--,17,18275,卖盘
290,14:41:06,10.75,-0.01,160,172000,卖盘
291,14:41:00,10.76,-0.01,2,2152,卖盘
292,14:40:57,10.77,0.01,30,32310,买盘
293,14:40:54,10.76,-0.01,123,132348,卖盘
294,14:40:51,10.77,0.01,17,18309,买盘
295,14:40:42,10.76,0.01,129,138804,买盘
296,14:40:39,10.75,--,18,19350,买盘
297,14:40:36,10.75,0.01,84,90300,买盘
298,14:40:33,10.74,-0.01,111,119214,卖盘
299,14:40:30,10.75,--,45,48375,卖盘
300,14:40:27,10.75,--,28,30100,卖盘
301,14:40:24,10.75,-0.01,153,164475,卖盘
302,14:40:21,10.76,--,42,45192,买盘
303,14:40:18,10.76,--,54,58104,买盘
304,14:40:12,10.76,0.01,30,32280,买盘
305,14:40:09,10.75,-0.01,10,10750,卖盘
306,14:40:06,10.76,0.01,63,67788,买盘
307,14:40:00,10.75,--,98,105350,卖盘
308,14:39:57,10.75,--,163,175225,买盘
309,14:39:54,10.75,--,94,101050,买盘
310,14:39:51,10.75,--,137,147275,买盘
311,14:39:48,10.75,0.01,56,60200,买盘
312,14:39:45,10.74,-0.01,110,118140,卖盘
313,14:39:42,10.75,--,65,69875,买盘
314,14:39:39,10.75,--,139,149425,买盘
315,14:39:36,10.75,--,151,162325,买盘
316,14:39:33,10.75,--,76,81700,买盘
317,14:39:27,10.75,--,1,1075,买盘
318,14:39:24,10.75,--,123,132225,买盘
319,14:39:21,10.75,0.01,41,44075,买盘
320,14:39:18,10.74,--,50,53700,卖盘
321,14:39:06,10.74,--,189,202986,卖盘
322,14:38:57,10.74,--,39,41886,卖盘
323,14:38:54,10.74,-0.01,120,128880,卖盘
324,14:38:51,10.75,0.01,35,37625,买盘
325,14:38:45,10.74,--,1,1074,卖盘
326,14:38:42,10.74,0.01,20,21480,卖盘
327,14:38:36,10.73,-0.01,50,53650,卖盘
328,14:38:33,10.74,--,33,35442,买盘
329,14:38:30,10.74,-0.01,57,61218,中性盘
330,14:38:27,10.75,0.01,94,101050,买盘
331,14:38:24,10.74,--,174,186876,卖盘
332,14:38:21,10.74,--,11,11814,卖盘
333,14:38:18,10.74,--,52,55848,卖盘
334,14:38:15,10.74,--,127,136398,卖盘
335,14:38:12,10.74,--,3,3222,卖盘
336,14:38:06,10.74,0.01,11,11814,买盘
337,14:38:03,10.73,-0.01,2,2146,卖盘
338,14:38:00,10.74,--,2,2148,买盘
339,14:37:57,10.74,-0.01,12,12888,中性盘
340,14:37:54,10.75,0.01,119,127925,买盘
341,14:37:51,10.74,0.01,72,77328,买盘
342,14:37:48,10.73,-0.01,9,9657,卖盘
343,14:37:45,10.74,--,615,660510,买盘
344,14:37:42,10.74,0.01,5,5370,买盘
345,14:37:39,10.73,-0.01,9,9657,卖盘
346,14:37:36,10.74,--,64,68736,买盘
347,14:37:33,10.74,--,114,122436,买盘
348,14:37:30,10.74,--,194,208356,卖盘
349,14:37:27,10.74,--,5,5370,卖盘
350,14:37:24,10.74,--,159,170766,买盘
351,14:37:21,10.74,--,51,54774,买盘
352,14:37:18,10.74,--,27,28998,买盘
353,14:37:15,10.74,--,12,12888,买盘
354,14:37:12,10.74,-0.01,169,181506,卖盘
355,14:37:09,10.75,0.01,205,220375,买盘
356,14:37:06,10.74,-0.01,93,99882,卖盘
357,14:37:03,10.75,--,20,21500,买盘
358,14:37:00,10.75,0.01,24,25800,买盘
359,14:36:57,10.74,-0.01,8,8592,卖盘
360,14:36:54,10.75,--,92,98900,买盘
361,14:36:51,10.75,0.01,65,69875,买盘
362,14:36:45,10.74,--,10,10740,卖盘
363,14:36:42,10.74,0.01,20,21480,买盘
364,14:36:39,10.73,-0.01,167,179191,卖盘
365,14:36:36,10.74,--,136,146064,买盘
366,14:36:33,10.74,--,332,356568,买盘
367,14:36:30,10.74,--,1,1074,买盘
368,14:36:27,10.74,--,51,54774,卖盘
369,14:36:24,10.74,-0.01,188,201912,卖盘
370,14:36:21,10.75,--,93,99975,买盘
371,14:36:18,10.75,--,20,21500,买盘
372,14:36:15,10.75,0.01,88,94600,买盘
373,14:36:12,10.74,--,70,75180,卖盘
374,14:36:09,10.74,--,36,38664,卖盘
375,14:36:06,10.74,--,69,74106,卖盘
376,14:36:03,10.74,-0.01,17,18258,卖盘
377,14:36:00,10.75,0.01,61,65575,买盘
378,14:35:57,10.74,--,32,34368,卖盘
379,14:35:54,10.74,-0.01,133,142842,卖盘
380,14:35:51,10.75,--,227,244025,买盘
381,14:35:48,10.75,--,7,7525,买盘
382,14:35:45,10.75,0.01,87,93525,买盘
383,14:35:42,10.74,--,8,8592,卖盘
384,14:35:39,10.74,-0.01,25,26850,卖盘
385,14:35:36,10.75,--,63,67725,买盘
386,14:35:33,10.75,--,100,107500,买盘
387,14:35:24,10.75,--,135,145125,买盘
388,14:35:21,10.75,--,105,112875,卖盘
389,14:35:18,10.75,--,302,324650,卖盘
390,14:35:15,10.75,--,128,137600,卖盘
391,14:35:12,10.75,-0.01,366,393450,卖盘
392,14:35:09,10.76,0.01,138,148488,买盘
393,14:35:06,10.75,-0.01,187,201025,卖盘
394,14:35:03,10.76,--,11,11836,买盘
395,14:35:00,10.76,--,68,73168,卖盘
396,14:34:57,10.76,--,153,164628,卖盘
397,14:34:54,10.76,-0.01,223,239948,卖盘
398,14:34:51,10.77,0.01,57,61389,买盘
399,14:34:48,10.76,-0.01,23,24748,卖盘
400,14:34:39,10.77,--,194,208938,买盘
401,14:34:36,10.77,--,76,81852,买盘
402,14:34:33,10.77,--,16,17232,买盘
403,14:34:30,10.77,--,42,45234,买盘
404,14:34:27,10.77,-0.01,199,214323,卖盘
405,14:34:24,10.78,--,134,144452,买盘
406,14:34:21,10.78,0.01,126,135828,买盘
407,14:34:18,10.77,--,220,236940,卖盘
408,14:34:15,10.77,-0.01,40,43080,卖盘
409,14:34:12,10.78,0.01,121,130437,买盘
410,14:34:09,10.77,-0.01,10,10770,卖盘
411,14:34:06,10.78,--,264,284592,买盘
412,14:34:00,10.78,--,114,122891,买盘
413,14:33:57,10.78,--,55,59290,买盘
414,14:33:54,10.78,--,114,122891,买盘
415,14:33:51,10.78,-0.01,38,40964,买盘
416,14:33:48,10.79,0.01,103,111136,买盘
417,14:33:45,10.78,--,2,2156,买盘
418,14:33:42,10.78,--,33,35574,卖盘
419,14:33:39,10.78,-0.01,50,53900,卖盘
420,14:33:36,10.79,0.01,78,84162,买盘
421,14:33:33,10.78,0.01,6,6468,中性盘
422,14:33:30,10.77,-0.02,110,118470,卖盘
423,14:33:27,10.79,0.01,109,117610,买盘
424,14:33:24,10.78,--,147,158466,买盘
425,14:33:21,10.78,--,17,18326,买盘
426,14:33:18,10.78,0.01,39,42042,买盘
427,14:33:15,10.77,-0.01,6,6462,卖盘
428,14:33:12,10.78,--,70,75460,买盘
429,14:33:09,10.78,--,68,73304,买盘
430,14:33:06,10.78,--,73,78694,买盘
431,14:33:03,10.78,--,111,119658,买盘
432,14:33:00,10.78,-0.01,35,37730,买盘
433,14:32:57,10.79,0.01,226,243853,买盘
434,14:32:54,10.78,-0.01,266,286748,卖盘
435,14:32:51,10.79,--,235,253564,买盘
436,14:32:48,10.79,0.01,30,32369,买盘
437,14:32:45,10.78,-0.01,20,21560,卖盘
438,14:32:42,10.79,--,130,140270,买盘
439,14:32:39,10.79,--,264,284856,买盘
440,14:32:36,10.79,--,134,144586,买盘
441,14:32:30,10.79,0.01,33,35607,买盘
442,14:32:27,10.78,-0.01,38,40964,卖盘
443,14:32:24,10.79,--,41,44239,买盘
444,14:32:21,10.79,--,250,269750,买盘
445,14:32:18,10.79,0.01,50,53949,买盘
446,14:32:15,10.78,-0.01,103,111034,卖盘
447,14:32:12,10.79,--,13,14026,买盘
448,14:32:09,10.79,--,2,2158,买盘
449,14:32:06,10.79,0.01,78,84162,买盘
450,14:32:03,10.78,-0.01,76,81928,卖盘
451,14:32:00,10.79,--,33,35607,买盘
452,14:31:57,10.79,0.01,39,42081,买盘
453,14:31:54,10.78,-0.01,95,102410,卖盘
454,14:31:51,10.79,--,47,50712,买盘
455,14:31:48,10.79,0.01,1,1079,买盘
456,14:31:45,10.78,--,56,60368,买盘
457,14:31:42,10.78,-0.01,116,125047,买盘
458,14:31:39,10.79,0.01,112,120847,买盘
459,14:31:36,10.78,--,113,121814,卖盘
460,14:31:33,10.78,-0.01,50,53900,卖盘
461,14:31:30,10.79,--,20,21580,买盘
462,14:31:27,10.79,--,5,5395,买盘
463,14:31:21,10.79,0.01,120,129479,买盘
464,14:31:18,10.78,--,36,38808,买盘
465,14:31:15,10.78,--,46,49588,买盘
466,14:31:12,10.78,--,24,25872,买盘
467,14:31:09,10.78,0.01,7,7546,买盘
468,14:31:06,10.77,-0.01,73,78621,卖盘
469,14:31:03,10.78,--,70,75460,买盘
470,14:31:00,10.78,--,28,30184,买盘
471,14:30:57,10.78,--,249,268422,买盘
472,14:30:54,10.78,--,93,100254,买盘
473,14:30:51,10.78,--,101,108878,买盘
474,14:30:48,10.78,--,46,49588,买盘
475,14:30:45,10.78,0.01,85,91630,中性盘
476,14:30:42,10.77,-0.02,150,161550,卖盘
477,14:30:39,10.79,--,9,9711,买盘
478,14:30:36,10.79,--,124,133796,买盘
479,14:30:33,10.79,0.02,13,14026,买盘
480,14:30:30,10.77,-0.02,103,110931,卖盘
481,14:30:27,10.79,0.01,2,2158,买盘
482,14:30:24,10.78,--,169,182182,买盘
483,14:30:21,10.78,--,124,133672,买盘
484,14:30:18,10.78,--,10,10780,买盘
485,14:30:15,10.78,--,180,194040,买盘
486,14:30:12,10.78,0.01,28,30184,买盘
487,14:30:09,10.77,-0.01,402,432954,卖盘
488,14:30:06,10.78,--,282,303996,买盘
489,14:30:03,10.78,--,24,25872,买盘
490,14:30:00,10.78,--,6,6468,买盘
491,14:29:57,10.78,--,30,32339,买盘
492,14:29:54,10.78,--,241,259797,买盘
493,14:29:51,10.78,--,116,125047,买盘
494,14:29:48,10.78,--,26,28028,买盘
495,14:29:45,10.78,0.01,210,226380,买盘
496,14:29:42,10.77,--,338,364026,卖盘
497,14:29:39,10.77,--,68,73451,买盘
498,14:29:36,10.77,--,94,101238,买盘
499,14:29:33,10.77,--,65,70005,买盘
500,14:29:30,10.77,--,31,33387,买盘
501,14:29:24,10.77,--,41,44157,买盘
502,14:29:21,10.77,--,121,130317,买盘
503,14:29:18,10.77,0.01,134,144318,买盘
504,14:29:15,10.76,--,57,61332,卖盘
505,14:29:12,10.76,-0.01,48,51648,卖盘
506,14:29:09,10.77,--,20,21540,买盘
507,14:29:06,10.77,0.01,8,8616,买盘
508,14:29:03,10.76,--,161,173236,卖盘
509,14:29:00,10.76,-0.01,7,7532,卖盘
510,14:28:57,10.77,--,54,58158,买盘
511,14:28:51,10.77,--,201,216477,买盘
512,14:28:48,10.77,0.01,43,46311,买盘
513,14:28:45,10.76,0.01,55,59180,买盘
514,14:28:42,10.75,-0.01,10,10750,卖盘
515,14:28:39,10.76,--,30,32280,买盘
516,14:28:33,10.76,--,26,27976,买盘
517,14:28:30,10.76,--,27,29052,买盘
518,14:28:24,10.76,--,93,100068,买盘
519,14:28:21,10.76,-0.01,58,62408,卖盘
520,14:28:18,10.77,0.01,29,31233,买盘
521,14:28:15,10.76,-0.01,13,13988,卖盘
522,14:28:09,10.77,--,21,22617,买盘
523,14:28:06,10.77,--,5,5385,买盘
524,14:28:03,10.77,0.01,3,3231,买盘
525,14:28:00,10.76,--,10,10760,卖盘
526,14:27:57,10.76,-0.01,15,16140,卖盘
527,14:27:51,10.77,0.01,205,220785,买盘
528,14:27:45,10.76,--,15,16140,卖盘
529,14:27:39,10.76,--,51,54876,买盘
530,14:27:36,10.76,-0.01,31,33356,中性盘
531,14:27:24,10.77,--,16,17232,买盘
532,14:27:21,10.77,0.01,109,117393,买盘
533,14:27:18,10.76,--,30,32280,卖盘
534,14:27:15,10.76,0.01,20,21520,中性盘
535,14:27:12,10.75,--,5,5375,卖盘
536,14:27:06,10.75,-0.01,33,35475,卖盘
537,14:27:03,10.76,-0.01,2,2152,卖盘
538,14:26:57,10.77,--,340,366180,买盘
539,14:26:51,10.77,--,110,118470,买盘
540,14:26:48,10.77,0.02,20,21540,买盘
541,14:26:45,10.75,-0.02,10,10750,卖盘
542,14:26:39,10.77,0.02,19,20463,买盘
543,14:26:24,10.75,-0.02,14,15050,卖盘
544,14:26:21,10.77,0.01,108,116316,买盘
545,14:26:15,10.76,--,27,29052,买盘
546,14:26:12,10.76,--,1,1076,买盘
547,14:26:09,10.76,-0.01,2,2152,中性盘
548,14:26:00,10.77,--,9,9693,买盘
549,14:25:57,10.77,0.01,16,17232,买盘
550,14:25:54,10.76,--,40,43040,买盘
551,14:25:51,10.76,--,118,126968,买盘
552,14:25:48,10.76,0.01,13,13988,买盘
553,14:25:45,10.75,-0.01,4,4300,卖盘
554,14:25:42,10.76,--,10,10760,买盘
555,14:25:39,10.76,--,16,17216,买盘
556,14:25:36,10.76,--,10,10760,买盘
557,14:25:33,10.76,--,17,18292,买盘
558,14:25:30,10.76,--,80,86940,卖盘
559,14:25:27,10.76,--,65,69940,卖盘
560,14:25:24,10.76,--,30,32495,买盘
561,14:25:21,10.76,--,109,117284,买盘
562,14:25:18,10.76,--,31,33356,买盘
563,14:25:09,10.76,0.01,5,5380,买盘
564,14:25:06,10.75,--,14,15050,卖盘
565,14:25:03,10.75,-0.01,1,1075,卖盘
566,14:24:57,10.76,0.01,77,82852,买盘
567,14:24:54,10.75,-0.01,20,21500,卖盘
568,14:24:51,10.76,--,212,228112,买盘
569,14:24:48,10.76,--,9,9684,买盘
570,14:24:45,10.76,--,11,11836,买盘
571,14:24:42,10.76,0.01,6,6456,买盘
572,14:24:27,10.75,-0.01,10,10750,卖盘
573,14:24:24,10.76,--,105,112980,买盘
574,14:24:21,10.76,--,577,620852,买盘
575,14:24:15,10.76,0.01,31,33356,买盘
576,14:24:12,10.75,--,1,1075,卖盘
577,14:24:09,10.75,--,3,3225,卖盘
578,14:24:06,10.75,--,2,2150,卖盘
579,14:24:03,10.75,-0.01,5,5375,卖盘
580,14:24:00,10.76,--,50,53800,买盘
581,14:23:57,10.76,--,4,4304,买盘
582,14:23:51,10.76,--,119,128044,买盘
583,14:23:48,10.76,0.01,1,1076,买盘
584,14:23:42,10.75,--,48,51600,卖盘
585,14:23:39,10.75,-0.01,2,2150,卖盘
586,14:23:36,10.76,0.01,61,65636,买盘
587,14:23:33,10.75,-0.01,1,1075,卖盘
588,14:23:30,10.76,0.01,10,10760,买盘
589,14:23:27,10.75,-0.01,4,4300,卖盘
590,14:23:24,10.76,--,105,112980,买盘
591,14:23:21,10.76,--,19,20444,买盘
592,14:23:18,10.76,0.01,31,33356,买盘
593,14:23:09,10.75,-0.01,4,4300,卖盘
594,14:23:06,10.76,--,12,12912,买盘
595,14:23:03,10.76,--,8,8608,买盘
596,14:23:00,10.76,--,16,17216,买盘
597,14:22:57,10.76,--,28,30128,买盘
598,14:22:54,10.76,--,59,63484,买盘
599,14:22:51,10.76,--,133,143108,买盘
600,14:22:48,10.76,0.01,69,74244,买盘
601,14:22:45,10.75,--,179,192425,卖盘
602,14:22:39,10.75,--,15,16125,卖盘
603,14:22:36,10.75,-0.01,1,1075,卖盘
604,14:22:30,10.76,0.01,3,3228,买盘
605,14:22:27,10.75,-0.01,98,105350,卖盘
606,14:22:24,10.76,--,108,116208,买盘
607,14:22:21,10.76,0.01,67,72092,买盘
608,14:22:18,10.75,--,46,49450,卖盘
609,14:22:15,10.75,--,20,21500,卖盘
610,14:22:12,10.75,--,3,3225,卖盘
611,14:22:09,10.75,--,20,21500,卖盘
612,14:22:06,10.75,--,1,1075,卖盘
613,14:22:03,10.75,--,281,302075,买盘
614,14:22:00,10.75,--,7,7525,买盘
615,14:21:57,10.75,--,70,75250,买盘
616,14:21:54,10.75,--,117,125775,买盘
617,14:21:51,10.75,--,70,75250,买盘
618,14:21:48,10.75,--,12,12900,买盘
619,14:21:45,10.75,--,22,23650,买盘
620,14:21:42,10.75,0.01,46,49450,买盘
621,14:21:33,10.74,--,5,5370,卖盘
622,14:21:30,10.74,-0.01,250,268500,卖盘
623,14:21:27,10.75,--,2,2150,买盘
624,14:21:21,10.75,0.01,109,117175,买盘
625,14:21:15,10.74,-0.01,61,65514,卖盘
626,14:21:12,10.75,0.01,11,11825,买盘
627,14:21:09,10.74,--,14,15036,卖盘
628,14:21:06,10.74,--,2,2148,卖盘
629,14:21:03,10.74,-0.01,1,1074,卖盘
630,14:20:57,10.75,--,21,22575,买盘
631,14:20:54,10.75,--,61,65575,买盘
632,14:20:51,10.75,--,120,129000,买盘
633,14:20:48,10.75,--,35,37625,买盘
634,14:20:45,10.75,--,41,44075,买盘
635,14:20:39,10.75,0.01,20,21500,买盘
636,14:20:27,10.74,--,48,51552,卖盘
637,14:20:24,10.74,-0.01,36,38664,卖盘
638,14:20:21,10.75,0.01,144,154800,买盘
639,14:20:15,10.74,--,100,107400,卖盘
640,14:20:06,10.74,--,72,77328,卖盘
641,14:20:03,10.74,-0.01,10,10740,卖盘
642,14:20:00,10.75,0.01,1,1075,买盘
643,14:19:54,10.74,-0.01,5,5370,卖盘
644,14:19:51,10.75,0.01,109,117175,买盘
645,14:19:48,10.74,-0.01,4,4296,卖盘
646,14:19:45,10.75,--,17,18275,买盘
647,14:19:42,10.75,--,181,194575,买盘
648,14:19:33,10.75,0.02,129,138675,买盘
649,14:19:30,10.73,-0.02,10,10730,卖盘
650,14:19:24,10.75,--,12,12900,买盘
651,14:19:21,10.75,0.01,122,131150,买盘
652,14:19:18,10.74,--,179,192246,卖盘
653,14:19:15,10.74,-0.01,4,4296,卖盘
654,14:19:09,10.75,0.01,10,10750,买盘
655,14:19:06,10.74,-0.01,40,42960,卖盘
656,14:19:03,10.75,--,147,158025,买盘
657,14:19:00,10.75,-0.01,27,29025,买盘
658,14:18:57,10.76,0.02,19,20444,买盘
659,14:18:54,10.74,-0.01,133,142842,卖盘
660,14:18:51,10.75,-0.01,78,83850,中性盘
661,14:18:48,10.76,0.02,57,61332,买盘
662,14:18:45,10.74,--,36,38664,卖盘
663,14:18:39,10.74,-0.02,7,7518,卖盘
664,14:18:36,10.76,--,11,11836,买盘
665,14:18:33,10.76,0.01,43,46268,买盘
666,14:18:30,10.75,--,27,29025,买盘
667,14:18:27,10.75,0.01,50,53750,买盘
668,14:18:24,10.74,-0.01,117,125658,卖盘
669,14:18:21,10.75,--,55,59125,买盘
670,14:18:18,10.75,--,158,170710,卖盘
671,14:18:12,10.75,-0.01,16,17200,卖盘
672,14:18:06,10.76,0.01,39,41964,买盘
673,14:18:00,10.75,-0.01,51,54825,卖盘
674,14:17:54,10.76,--,11,11836,买盘
675,14:17:51,10.76,--,110,118360,买盘
676,14:17:45,10.76,--,33,35508,买盘
677,14:17:42,10.76,--,4,4304,买盘
678,14:17:39,10.76,--,10,10760,买盘
679,14:17:36,10.76,0.01,7,7532,买盘
680,14:17:30,10.75,-0.01,7,7525,卖盘
681,14:17:27,10.76,--,60,64775,买盘
682,14:17:21,10.76,--,108,116208,买盘
683,14:17:18,10.76,0.01,5,5380,买盘
684,14:17:15,10.75,-0.01,3,3225,卖盘
685,14:17:06,10.76,0.01,5,5380,买盘
686,14:16:57,10.75,--,4,4300,卖盘
687,14:16:54,10.75,-0.01,2,2150,卖盘
688,14:16:51,10.76,--,117,125892,买盘
689,14:16:48,10.76,0.01,1,1076,买盘
690,14:16:42,10.75,--,30,32250,买盘
691,14:16:36,10.75,-0.02,20,21500,中性盘
692,14:16:30,10.77,--,12,12924,买盘
693,14:16:21,10.77,--,224,241248,买盘
694,14:16:18,10.77,--,46,49542,买盘
695,14:16:15,10.77,0.02,31,33387,买盘
696,14:16:06,10.75,--,7,7525,买盘
697,14:16:03,10.75,--,158,169850,买盘
698,14:16:00,10.75,--,15,16125,买盘
699,14:15:57,10.75,-0.01,247,265525,卖盘
700,14:15:54,10.76,--,84,90384,买盘
701,14:15:51,10.76,--,140,150640,买盘
702,14:15:48,10.76,0.02,8,8608,买盘
703,14:15:39,10.74,-0.01,89,95586,卖盘
704,14:15:36,10.75,--,10,10750,卖盘
705,14:15:30,10.75,--,53,56975,卖盘
706,14:15:27,10.75,-0.02,19,20425,卖盘
707,14:15:24,10.77,0.01,97,104469,买盘
708,14:15:21,10.76,-0.01,17,18292,中性盘
709,14:15:09,10.77,0.02,12,12924,买盘
710,14:15:03,10.75,-0.02,1,1075,卖盘
711,14:14:57,10.77,--,5,5385,买盘
712,14:14:54,10.77,--,47,50619,买盘
713,14:14:51,10.77,0.02,140,150780,买盘
714,14:14:48,10.75,--,92,98900,卖盘
715,14:14:45,10.75,--,34,36550,卖盘
716,14:14:39,10.75,-0.02,10,10750,卖盘
717,14:14:33,10.77,0.01,1,1077,买盘
718,14:14:30,10.76,0.01,20,21520,中性盘
719,14:14:27,10.75,-0.02,86,92450,卖盘
720,14:14:21,10.77,0.01,109,117393,买盘
721,14:14:15,10.76,--,10,10760,买盘
722,14:14:12,10.76,--,34,36584,买盘
723,14:14:09,10.76,--,3,3228,买盘
724,14:14:06,10.76,--,12,12912,买盘
725,14:13:57,10.76,--,14,15064,买盘
726,14:13:54,10.76,--,42,45192,买盘
727,14:13:51,10.76,--,109,117284,买盘
728,14:13:48,10.76,--,17,18292,买盘
729,14:13:45,10.76,0.01,51,54876,买盘
730,14:13:36,10.75,-0.01,140,150500,卖盘
731,14:13:27,10.76,--,58,62408,买盘
732,14:13:21,10.76,0.01,110,118360,买盘
733,14:13:18,10.75,--,20,21500,卖盘
734,14:13:09,10.75,--,1,1075,卖盘
735,14:13:06,10.75,0.01,5,5375,买盘
736,14:13:03,10.74,-0.01,17,18258,卖盘
737,14:13:00,10.75,--,5,5375,卖盘
738,14:12:57,10.75,-0.01,49,52675,卖盘
739,14:12:54,10.76,--,24,25824,买盘
740,14:12:51,10.76,0.01,154,165704,买盘
741,14:12:48,10.75,--,135,145125,卖盘
742,14:12:45,10.75,--,104,111800,卖盘
743,14:12:36,10.75,--,77,82775,卖盘
744,14:12:30,10.75,--,45,48375,卖盘
745,14:12:27,10.75,0.01,4,4300,买盘
746,14:12:24,10.74,-0.02,2,2148,卖盘
747,14:12:21,10.76,0.01,201,216276,买盘
748,14:12:18,10.75,-0.01,154,165550,卖盘
749,14:12:06,10.76,--,2,2152,买盘
750,14:12:00,10.76,--,1,1076,买盘
751,14:11:57,10.76,0.01,18,19368,买盘
752,14:11:54,10.75,-0.01,52,55900,卖盘
753,14:11:51,10.76,0.01,143,153868,买盘
754,14:11:48,10.75,-0.01,45,48375,卖盘
755,14:11:45,10.76,0.01,6,6456,买盘
756,14:11:39,10.75,--,3,3225,卖盘
757,14:11:36,10.75,--,2,2150,卖盘
758,14:11:27,10.75,--,55,59125,卖盘
759,14:11:24,10.75,-0.01,1,1075,卖盘
760,14:11:21,10.76,0.01,132,142032,买盘
761,14:11:18,10.75,-0.01,30,32250,卖盘
762,14:11:15,10.76,--,66,71016,买盘
763,14:11:12,10.76,0.01,3,3228,买盘
764,14:11:03,10.75,--,34,36550,卖盘
765,14:11:00,10.75,--,31,33841,买盘
766,14:10:57,10.75,--,97,104275,买盘
767,14:10:54,10.75,--,20,21500,买盘
768,14:10:51,10.75,--,215,231125,买盘
769,14:10:45,10.75,0.01,49,52675,买盘
770,14:10:39,10.74,-0.01,16,17184,卖盘
771,14:10:33,10.75,--,16,17200,买盘
772,14:10:30,10.75,--,313,336475,买盘
773,14:10:27,10.75,--,3,3225,买盘
774,14:10:24,10.75,--,40,43000,买盘
775,14:10:21,10.75,--,118,126850,买盘
776,14:10:15,10.75,--,59,63425,买盘
777,14:10:12,10.75,--,100,107500,买盘
778,14:10:09,10.75,0.01,24,25800,买盘
779,14:10:03,10.74,-0.01,1,1074,卖盘
780,14:09:54,10.75,--,11,11825,买盘
781,14:09:51,10.75,--,110,118250,买盘
782,14:09:48,10.75,--,13,13975,买盘
783,14:09:45,10.75,--,11,11825,买盘
784,14:09:42,10.75,--,33,35475,买盘
785,14:09:39,10.75,--,24,25800,买盘
786,14:09:36,10.75,--,164,176300,买盘
787,14:09:33,10.75,--,107,115025,买盘
788,14:09:30,10.75,0.01,25,26875,买盘
789,14:09:27,10.74,-0.01,12,12888,卖盘
790,14:09:24,10.75,--,132,141900,买盘
791,14:09:21,10.75,0.01,109,117175,买盘
792,14:09:15,10.74,--,19,20406,卖盘
793,14:09:12,10.74,--,71,76254,卖盘
794,14:09:09,10.74,--,14,15036,卖盘
795,14:09:03,10.74,-0.01,1,1074,中性盘
796,14:08:54,10.75,0.01,469,504175,买盘
797,14:08:51,10.74,--,233,250242,买盘
798,14:08:45,10.74,-0.01,75,80550,卖盘
799,14:08:42,10.75,--,3,3225,买盘
800,14:08:39,10.75,0.01,19,20425,买盘
801,14:08:36,10.74,-0.01,18,19332,中性盘
802,14:08:33,10.75,0.01,40,43000,买盘
803,14:08:30,10.74,--,3,3222,买盘
804,14:08:27,10.74,--,10,10740,买盘
805,14:08:24,10.74,--,10,10740,买盘
806,14:08:21,10.74,0.01,186,199764,买盘
807,14:08:18,10.73,-0.01,79,84767,卖盘
808,14:08:15,10.74,--,5,5370,买盘
809,14:08:12,10.74,0.01,16,17184,买盘
810,14:08:09,10.73,-0.01,39,41847,卖盘
811,14:08:06,10.74,--,55,59070,买盘
812,14:08:03,10.74,--,4,4296,买盘
813,14:08:00,10.74,--,3,3222,买盘
814,14:07:57,10.74,--,10,10740,买盘
815,14:07:54,10.74,--,59,63366,买盘
816,14:07:51,10.74,0.01,979,1051446,买盘
817,14:07:48,10.73,--,2,2146,买盘
818,14:07:45,10.73,--,581,623413,买盘
819,14:07:42,10.73,--,70,75110,买盘
820,14:07:36,10.73,--,123,131979,买盘
821,14:07:33,10.73,--,38,40774,买盘
822,14:07:30,10.73,--,303,325119,买盘
823,14:07:27,10.73,0.01,35,37555,买盘
824,14:07:24,10.72,-0.01,74,79328,卖盘
825,14:07:21,10.73,--,137,147001,买盘
826,14:07:18,10.73,--,28,30044,买盘
827,14:07:15,10.73,--,8,8584,买盘
828,14:07:12,10.73,--,30,32190,买盘
829,14:07:09,10.73,--,8,8584,买盘
830,14:07:06,10.73,--,44,47212,买盘
831,14:07:03,10.73,--,38,40774,买盘
832,14:06:51,10.73,--,108,115884,买盘
833,14:06:45,10.73,--,4,4292,买盘
834,14:06:42,10.73,0.01,10,10730,买盘
835,14:06:39,10.72,-0.01,26,27872,卖盘
836,14:06:36,10.73,--,30,32190,买盘
837,14:06:33,10.73,--,100,107300,买盘
838,14:06:27,10.73,0.01,20,21460,买盘
839,14:06:24,10.72,-0.01,0,418,卖盘
840,14:06:21,10.73,--,109,116957,买盘
841,14:06:18,10.73,0.01,5,5365,买盘
842,14:06:15,10.72,--,110,117920,卖盘
843,14:06:12,10.72,--,13,13936,卖盘
844,14:06:09,10.72,-0.01,25,26800,卖盘
845,14:06:00,10.73,--,8,8584,买盘
846,14:05:57,10.73,--,905,971065,买盘
847,14:05:51,10.73,--,110,118030,买盘
848,14:05:48,10.73,--,1,1073,买盘
849,14:05:45,10.73,0.01,302,324046,中性盘
850,14:05:42,10.72,-0.01,41,43952,卖盘
851,14:05:39,10.73,0.01,103,110519,买盘
852,14:05:36,10.72,-0.01,50,53600,卖盘
853,14:05:33,10.73,0.01,30,32190,买盘
854,14:05:30,10.72,-0.01,234,250848,卖盘
855,14:05:27,10.73,0.01,17,18241,买盘
856,14:05:24,10.72,-0.01,20,21440,卖盘
857,14:05:21,10.73,--,111,119103,买盘
858,14:05:18,10.73,0.01,206,221038,买盘
859,14:05:06,10.72,-0.01,16,17152,卖盘
860,14:05:03,10.73,--,32,34336,买盘
861,14:05:00,10.73,0.01,2,2146,买盘
862,14:04:57,10.72,-0.01,1,1072,卖盘
863,14:04:54,10.73,--,174,186702,买盘
864,14:04:51,10.73,--,266,285418,卖盘
865,14:04:48,10.73,-0.01,32,34336,卖盘
866,14:04:42,10.74,0.01,5,5370,买盘
867,14:04:39,10.73,--,57,61161,买盘
868,14:04:33,10.73,--,20,21460,买盘
869,14:04:27,10.73,--,8,8584,卖盘
870,14:04:24,10.73,-0.01,1,1073,中性盘
871,14:04:21,10.74,--,972,1044561,买盘
872,14:04:15,10.74,0.01,76,81624,买盘
873,14:04:12,10.73,--,20,21460,买盘
874,14:04:06,10.73,-0.01,620,665260,卖盘
875,14:04:03,10.74,0.01,54,57996,买盘
876,14:04:00,10.73,-0.01,19,20387,卖盘
877,14:03:57,10.74,0.01,7,7518,买盘
878,14:03:54,10.73,--,99,106227,卖盘
879,14:03:51,10.73,-0.01,173,185629,卖盘
880,14:03:48,10.74,--,35,37590,买盘
881,14:03:45,10.74,--,45,48330,买盘
882,14:03:42,10.74,0.01,22,23628,买盘
883,14:03:39,10.73,--,10,10730,卖盘
884,14:03:36,10.73,-0.01,64,68672,卖盘
885,14:03:33,10.74,0.01,13,13962,买盘
886,14:03:30,10.73,-0.01,10,10730,卖盘
887,14:03:21,10.74,--,110,118140,买盘
888,14:03:15,10.74,--,66,70884,买盘
889,14:03:12,10.74,0.01,23,24702,买盘
890,14:03:09,10.73,--,114,122322,卖盘
891,14:03:06,10.73,--,10,10730,卖盘
892,14:03:03,10.73,--,1,1073,卖盘
893,14:03:00,10.73,--,3,3219,卖盘
894,14:02:57,10.73,0.01,61,65453,买盘
895,14:02:54,10.72,-0.01,10,10720,卖盘
896,14:02:51,10.73,--,108,115884,买盘
897,14:02:48,10.73,--,44,47212,买盘
898,14:02:45,10.73,0.01,35,37555,买盘
899,14:02:42,10.72,-0.01,31,33232,卖盘
900,14:02:39,10.73,--,7,7511,买盘
901,14:02:36,10.73,0.01,5,5365,买盘
902,14:02:33,10.72,--,69,73968,卖盘
903,14:02:30,10.72,-0.01,38,40736,卖盘
904,14:02:21,10.73,--,149,159877,买盘
905,14:02:15,10.73,--,19,20387,卖盘
906,14:02:12,10.73,-0.01,32,34336,卖盘
907,14:02:09,10.74,0.01,32,34368,买盘
908,14:02:06,10.73,--,30,32190,卖盘
909,14:02:03,10.73,--,131,140563,买盘
910,14:02:00,10.73,--,8,8584,卖盘
911,14:01:57,10.73,0.01,12,12876,卖盘
912,14:01:54,10.72,-0.02,3,3216,卖盘
913,14:01:51,10.74,0.01,144,154656,买盘
914,14:01:48,10.73,0.01,81,86913,买盘
915,14:01:45,10.72,-0.01,111,118992,卖盘
916,14:01:42,10.73,0.01,121,129833,买盘
917,14:01:39,10.72,--,10,10720,卖盘
918,14:01:36,10.72,-0.01,87,93264,卖盘
919,14:01:30,10.73,--,10,10730,买盘
920,14:01:27,10.73,--,118,127171,卖盘
921,14:01:24,10.73,-0.01,53,56869,卖盘
922,14:01:21,10.74,0.01,138,148212,买盘
923,14:01:18,10.73,-0.01,363,389499,卖盘
924,14:01:15,10.74,0.01,84,90216,买盘
925,14:01:12,10.73,--,5,5365,卖盘
926,14:01:09,10.73,--,76,82063,买盘
927,14:01:06,10.73,--,568,610021,卖盘
928,14:01:03,10.73,--,1,1073,卖盘
929,14:01:00,10.73,-0.01,127,136271,卖盘
930,14:00:57,10.74,--,142,152508,买盘
931,14:00:54,10.74,-0.01,145,155730,中性盘
932,14:00:51,10.75,0.01,110,118250,买盘
933,14:00:48,10.74,0.01,25,26850,买盘
934,14:00:45,10.73,-0.01,37,39701,卖盘
935,14:00:42,10.74,--,8,8592,买盘
936,14:00:36,10.74,0.01,39,41886,买盘
937,14:00:33,10.73,-0.01,5,5365,卖盘
938,14:00:30,10.74,--,24,25776,卖盘
939,14:00:27,10.74,-0.01,1,1074,卖盘
940,14:00:21,10.75,0.02,109,117175,买盘
941,14:00:18,10.73,-0.01,45,48285,卖盘
942,14:00:15,10.74,--,20,21480,买盘
943,14:00:09,10.74,--,3,3222,买盘
944,14:00:06,10.74,-0.01,2,2148,卖盘
945,14:00:03,10.75,0.01,15,16125,买盘
946,14:00:00,10.74,-0.01,20,21480,中性盘
947,13:59:51,10.75,--,109,117175,买盘
948,13:59:48,10.75,--,54,58050,买盘
949,13:59:42,10.75,0.02,2,2150,买盘
950,13:59:36,10.73,-0.02,56,60088,卖盘
951,13:59:33,10.75,--,6,6450,买盘
952,13:59:30,10.75,0.02,726,780450,买盘
953,13:59:24,10.73,-0.02,19,20387,卖盘
954,13:59:21,10.75,0.02,109,117175,买盘
955,13:59:18,10.73,--,2,2146,卖盘
956,13:59:15,10.73,-0.02,1,1073,卖盘
957,13:59:12,10.75,0.02,100,107500,买盘
958,13:59:09,10.73,-0.02,1,1073,卖盘
959,13:59:06,10.75,0.02,2,2150,买盘
960,13:59:03,10.73,-0.03,1,1073,卖盘
961,13:59:00,10.76,0.03,63,67788,买盘
962,13:58:54,10.73,-0.03,2201,2361673,卖盘
963,13:58:51,10.76,--,141,151716,买盘
964,13:58:48,10.76,0.01,5,5380,买盘
965,13:58:45,10.75,-0.01,94,101050,卖盘
966,13:58:42,10.76,0.01,6,6456,买盘
967,13:58:39,10.75,-0.01,6,6450,卖盘
968,13:58:36,10.76,--,191,205516,卖盘
969,13:58:30,10.76,-0.02,1,1076,卖盘
970,13:58:27,10.78,0.02,52,56056,买盘
971,13:58:24,10.76,-0.02,10,10760,卖盘
972,13:58:21,10.78,0.02,119,128281,买盘
973,13:58:18,10.76,--,49,52724,买盘
974,13:58:15,10.76,--,96,103296,卖盘
975,13:58:12,10.76,--,5,5380,卖盘
976,13:58:09,10.76,0.01,34,36584,买盘
977,13:58:06,10.75,-0.01,1,1075,卖盘
978,13:58:03,10.76,--,54,58104,卖盘
979,13:57:57,10.76,--,512,550912,买盘
980,13:57:54,10.76,-0.02,23,24748,卖盘
981,13:57:51,10.78,0.01,109,117502,买盘
982,13:57:45,10.77,0.02,12,12924,买盘
983,13:57:42,10.75,-0.02,294,316050,卖盘
984,13:57:39,10.77,--,5,5385,买盘
985,13:57:36,10.77,-0.01,28,30156,买盘
986,13:57:30,10.78,--,1,1078,买盘
987,13:57:21,10.78,0.02,109,117502,买盘
988,13:57:18,10.76,-0.01,36,38736,卖盘
989,13:57:15,10.77,-0.01,110,118470,卖盘
990,13:57:12,10.78,0.02,18,19404,买盘
991,13:57:06,10.76,-0.02,20,21520,卖盘
992,13:57:03,10.78,0.02,48,51744,买盘
993,13:56:54,10.76,-0.02,14,15064,卖盘
994,13:56:51,10.78,--,110,118580,买盘
995,13:56:45,10.78,0.02,41,44198,买盘
996,13:56:42,10.76,-0.02,119,128044,卖盘
997,13:56:39,10.78,0.01,1,1078,买盘
998,13:56:30,10.77,0.01,12,12924,中性盘
999,13:56:24,10.76,-0.02,1,1076,卖盘
1000,13:56:21,10.78,0.02,109,117502,买盘
1001,13:56:12,10.76,-0.01,94,101144,卖盘
1002,13:56:06,10.77,--,12,12924,卖盘
1003,13:56:03,10.77,0.01,11,11847,中性盘
1004,13:55:54,10.76,-0.02,48,51648,卖盘
1005,13:55:51,10.78,0.01,108,116424,买盘
1006,13:55:48,10.77,--,36,38772,买盘
1007,13:55:45,10.77,--,40,43080,买盘
1008,13:55:39,10.77,0.01,106,114162,买盘
1009,13:55:36,10.76,--,5,5380,卖盘
1010,13:55:33,10.76,-0.01,45,48420,卖盘
1011,13:55:24,10.77,-0.02,418,450186,卖盘
1012,13:55:21,10.79,0.02,110,118689,买盘
1013,13:55:15,10.77,-0.02,222,239094,卖盘
1014,13:55:09,10.79,0.01,46,49633,买盘
1015,13:55:06,10.78,-0.01,28,30184,卖盘
1016,13:55:03,10.79,--,106,114373,买盘
1017,13:54:54,10.79,--,91,98188,买盘
1018,13:54:51,10.79,0.02,199,214720,买盘
1019,13:54:48,10.77,--,20,21540,买盘
1020,13:54:45,10.77,0.01,132,142164,中性盘
1021,13:54:42,10.76,--,20,21520,卖盘
1022,13:54:39,10.76,-0.02,113,121588,卖盘
1023,13:54:21,10.78,--,144,155232,买盘
1024,13:54:18,10.78,--,1,1078,买盘
1025,13:54:12,10.78,--,12,12936,买盘
1026,13:54:09,10.78,0.01,113,121814,买盘
1027,13:54:03,10.77,--,1,1077,卖盘
1028,13:54:00,10.77,-0.02,4,4308,卖盘
1029,13:53:51,10.79,0.01,172,185587,买盘
1030,13:53:48,10.78,--,4,4312,买盘
1031,13:53:39,10.78,--,120,129359,买盘
1032,13:53:36,10.78,--,1,1078,买盘
1033,13:53:27,10.78,-0.01,2,2156,中性盘
1034,13:53:21,10.79,0.01,160,172640,买盘
1035,13:53:18,10.78,0.01,192,207924,买盘
1036,13:53:15,10.77,-0.02,5,5385,卖盘
1037,13:53:09,10.79,0.02,125,134875,买盘
1038,13:53:06,10.77,-0.01,97,104469,卖盘
1039,13:53:03,10.78,-0.01,3,3234,卖盘
1040,13:53:00,10.79,0.01,16,17264,买盘
1041,13:52:57,10.78,-0.01,36,38808,买盘
1042,13:52:54,10.79,--,47,50712,买盘
1043,13:52:51,10.79,0.01,141,152139,买盘
1044,13:52:39,10.78,0.01,3,3234,买盘
1045,13:52:36,10.77,-0.01,104,112008,卖盘
1046,13:52:33,10.78,--,24,25872,卖盘
1047,13:52:30,10.78,--,9,9702,卖盘
1048,13:52:27,10.78,--,234,252251,卖盘
1049,13:52:24,10.78,-0.01,40,43120,卖盘
1050,13:52:21,10.79,0.01,121,130558,买盘
1051,13:52:15,10.78,-0.01,80,86240,卖盘
1052,13:52:12,10.79,0.01,8,8632,买盘
1053,13:52:06,10.78,--,94,101332,卖盘
1054,13:52:03,10.78,--,1,1078,卖盘
1055,13:52:00,10.78,--,193,208054,卖盘
1056,13:51:57,10.78,-0.02,60,64679,卖盘
1057,13:51:51,10.8,--,126,136080,买盘
1058,13:51:48,10.8,0.02,21,22680,买盘
1059,13:51:45,10.78,--,108,116424,卖盘
1060,13:51:42,10.78,-0.01,5,5390,卖盘
1061,13:51:39,10.79,0.01,1,1079,买盘
1062,13:51:36,10.78,-0.01,156,168168,卖盘
1063,13:51:33,10.79,0.01,85,91715,买盘
1064,13:51:24,10.78,-0.02,3,3234,卖盘
1065,13:51:21,10.8,0.01,849,916920,买盘
1066,13:51:18,10.79,0.01,105,113294,买盘
1067,13:51:15,10.78,--,5,5390,卖盘
1068,13:51:12,10.78,--,23,24794,卖盘
1069,13:51:09,10.78,--,62,66836,卖盘
1070,13:51:06,10.78,--,94,101332,卖盘
1071,13:51:03,10.78,--,1,1078,卖盘
1072,13:51:00,10.78,-0.02,1,1078,卖盘
1073,13:50:51,10.8,0.02,123,132840,买盘
1074,13:50:48,10.78,--,10,10780,卖盘
1075,13:50:45,10.78,-0.01,11,11858,卖盘
1076,13:50:42,10.79,--,7,7552,买盘
1077,13:50:39,10.79,--,18,19422,卖盘
1078,13:50:36,10.79,0.01,11,11868,买盘
1079,13:50:33,10.78,--,99,106722,卖盘
1080,13:50:30,10.78,--,13,14660,卖盘
1081,13:50:24,10.78,-0.02,320,344960,卖盘
1082,13:50:21,10.8,0.02,109,117720,买盘
1083,13:50:18,10.78,-0.02,7,7546,卖盘
1084,13:50:15,10.8,0.02,710,766800,买盘
1085,13:50:12,10.78,--,3,3234,卖盘
1086,13:50:03,10.78,--,95,102410,卖盘
1087,13:50:00,10.78,--,83,89474,卖盘
1088,13:49:57,10.78,-0.01,7,7546,卖盘
1089,13:49:54,10.79,--,56,60423,买盘
1090,13:49:51,10.79,--,139,149981,买盘
1091,13:49:42,10.79,--,1,1079,买盘
1092,13:49:36,10.79,0.01,6,6473,买盘
1093,13:49:33,10.78,-0.01,99,106722,卖盘
1094,13:49:27,10.79,-0.01,26,28053,卖盘
1095,13:49:24,10.8,--,447,482760,买盘
1096,13:49:21,10.8,--,109,117720,买盘
1097,13:49:18,10.8,--,21,22680,买盘
1098,13:49:15,10.8,0.01,667,720360,买盘
1099,13:49:12,10.79,--,5,5395,卖盘
1100,13:49:09,10.79,--,71,76609,卖盘
1101,13:49:06,10.79,--,94,101425,卖盘
1102,13:48:57,10.79,-0.01,8,8632,卖盘
1103,13:48:54,10.8,--,59,63720,买盘
1104,13:48:51,10.8,--,109,117720,买盘
1105,13:48:48,10.8,--,55,59400,买盘
1106,13:48:45,10.8,--,91,98280,买盘
1107,13:48:42,10.8,0.01,1,1080,买盘
1108,13:48:39,10.79,--,104,112215,卖盘
1109,13:48:36,10.79,-0.01,112,120847,买盘
1110,13:48:30,10.8,0.02,298,321840,买盘
1111,13:48:27,10.78,-0.01,5,5390,卖盘
1112,13:48:21,10.79,0.01,112,120847,买盘
1113,13:48:15,10.78,-0.01,13,14014,卖盘
1114,13:48:12,10.79,0.01,30,32369,买盘
1115,13:48:09,10.78,--,233,251173,卖盘
1116,13:48:06,10.78,--,33,35574,卖盘
1117,13:48:00,10.78,--,94,101332,卖盘
1118,13:47:54,10.78,-0.01,35,37730,卖盘
1119,13:47:51,10.79,--,110,118689,买盘
1120,13:47:48,10.79,0.01,44,47475,买盘
1121,13:47:45,10.78,-0.01,1,1078,卖盘
1122,13:47:39,10.79,--,218,235221,买盘
1123,13:47:36,10.79,--,3,3236,买盘
1124,13:47:27,10.79,--,104,112215,买盘
1125,13:47:24,10.79,-0.01,237,255722,卖盘
1126,13:47:21,10.8,--,110,118800,买盘
1127,13:47:18,10.8,0.01,16,17280,买盘
1128,13:47:15,10.79,--,52,56107,卖盘
1129,13:47:12,10.79,--,30,32369,卖盘
1130,13:47:09,10.79,--,117,126242,卖盘
1131,13:47:06,10.79,--,9,9711,卖盘
1132,13:47:00,10.79,-0.02,212,228747,卖盘
1133,13:46:57,10.81,0.01,5,5405,买盘
1134,13:46:54,10.8,-0.01,14,15120,卖盘
1135,13:46:51,10.81,0.01,126,136206,买盘
1136,13:46:48,10.8,--,5,5400,卖盘
1137,13:46:45,10.8,--,70,75600,卖盘
1138,13:46:42,10.8,--,10,10800,卖盘
1139,13:46:39,10.8,--,21,22680,买盘
1140,13:46:36,10.8,-0.01,6,6480,中性盘
1141,13:46:30,10.81,0.02,14,15134,买盘
1142,13:46:24,10.79,-0.02,94,101425,卖盘
1143,13:46:21,10.81,0.01,115,124315,买盘
1144,13:46:18,10.8,0.01,2,2160,卖盘
1145,13:46:15,10.79,--,7,7552,卖盘
1146,13:46:12,10.79,-0.02,30,32369,卖盘
1147,13:46:09,10.81,0.01,147,158907,买盘
1148,13:46:06,10.8,0.01,15,16200,买盘
1149,13:46:03,10.79,-0.01,51,55028,卖盘
1150,13:45:57,10.8,0.01,2,2160,买盘
1151,13:45:54,10.79,-0.01,113,121926,卖盘
1152,13:45:51,10.8,--,114,123120,卖盘
1153,13:45:45,10.8,-0.01,51,55080,卖盘
1154,13:45:42,10.81,0.01,30,32430,买盘
1155,13:45:39,10.8,-0.01,46,49680,卖盘
1156,13:45:36,10.81,--,5,5405,买盘
1157,13:45:33,10.81,--,20,21620,买盘
1158,13:45:30,10.81,0.01,72,77832,买盘
1159,13:45:27,10.8,-0.01,152,164160,卖盘
1160,13:45:24,10.81,--,23,24863,买盘
1161,13:45:21,10.81,0.01,170,183770,买盘
1162,13:45:18,10.8,-0.01,48,51840,卖盘
1163,13:45:15,10.81,0.01,33,35673,买盘
1164,13:45:12,10.8,--,109,117720,卖盘
1165,13:45:09,10.8,--,31,33480,卖盘
1166,13:45:06,10.8,--,23,24840,卖盘
1167,13:45:00,10.8,-0.01,94,101520,卖盘
1168,13:44:57,10.81,--,38,41078,买盘
1169,13:44:54,10.81,--,49,52969,买盘
1170,13:44:51,10.81,0.01,134,144854,买盘
1171,13:44:48,10.8,--,1,1080,卖盘
1172,13:44:45,10.8,--,210,226800,卖盘
1173,13:44:42,10.8,-0.01,16,17280,卖盘
1174,13:44:39,10.81,0.01,7,7567,买盘
1175,13:44:36,10.8,-0.02,294,317520,卖盘
1176,13:44:33,10.82,0.01,9,9738,买盘
1177,13:44:30,10.81,0.01,18,19458,中性盘
1178,13:44:24,10.8,-0.02,94,101520,卖盘
1179,13:44:21,10.82,0.01,159,172849,买盘
1180,13:44:18,10.81,0.01,17,18377,买盘
1181,13:44:15,10.8,-0.01,49,52920,卖盘
1182,13:44:12,10.81,--,35,37835,买盘
1183,13:44:06,10.81,--,213,230253,买盘
1184,13:44:00,10.81,0.01,520,562120,买盘
1185,13:43:57,10.8,--,76,82080,卖盘
1186,13:43:54,10.8,-0.01,226,244080,卖盘
1187,13:43:51,10.81,--,150,162150,买盘
1188,13:43:48,10.81,0.01,44,47564,买盘
1189,13:43:45,10.8,--,2,2160,卖盘
1190,13:43:42,10.8,--,6,6480,卖盘
1191,13:43:39,10.8,-0.01,22,23760,卖盘
1192,13:43:36,10.81,0.01,20,21620,买盘
1193,13:43:30,10.8,--,68,73440,买盘
1194,13:43:27,10.8,0.01,3,3240,买盘
1195,13:43:24,10.79,-0.02,103,111136,卖盘
1196,13:43:21,10.81,0.01,117,126477,买盘
1197,13:43:18,10.8,--,232,250560,买盘
1198,13:43:15,10.8,--,16,17280,买盘
1199,13:43:12,10.8,--,675,729270,卖盘
1200,13:43:09,10.8,--,10,10800,卖盘
1201,13:43:06,10.8,-0.01,1,1080,卖盘
1202,13:43:03,10.81,--,36,38916,买盘
1203,13:43:00,10.81,0.01,250,270250,买盘
1204,13:42:54,10.8,-0.01,94,101520,卖盘
1205,13:42:51,10.81,0.01,109,117829,买盘
1206,13:42:48,10.8,--,3,3240,卖盘
1207,13:42:45,10.8,--,405,437400,卖盘
1208,13:42:42,10.8,--,998,1078650,买盘
1209,13:42:39,10.8,0.01,1032,1114560,买盘
1210,13:42:36,10.79,--,10,10790,卖盘
1211,13:42:27,10.79,--,14,15105,卖盘
1212,13:42:24,10.79,-0.01,94,101425,卖盘
1213,13:42:21,10.8,0.01,507,547560,买盘
1214,13:42:18,10.79,0.01,20,21580,买盘
1215,13:42:15,10.78,-0.01,35,37730,卖盘
1216,13:42:12,10.79,0.01,24,25895,买盘
1217,13:42:09,10.78,--,24,25872,卖盘
1218,13:42:06,10.78,-0.01,188,202664,卖盘
1219,13:42:03,10.79,0.02,47,50712,买盘
1220,13:42:00,10.77,-0.01,60,64620,卖盘
1221,13:41:57,10.78,--,3,3234,买盘
1222,13:41:54,10.78,-0.01,191,205898,卖盘
1223,13:41:51,10.79,0.02,283,305357,买盘
1224,13:41:39,10.77,-0.01,1,1077,卖盘
1225,13:41:36,10.78,--,1,1078,买盘
1226,13:41:33,10.78,0.01,46,49588,中性盘
1227,13:41:24,10.77,-0.02,194,208938,卖盘
1228,13:41:21,10.79,0.01,114,123005,买盘
1229,13:41:18,10.78,--,1,1078,卖盘
1230,13:41:15,10.78,--,20,21560,卖盘
1231,13:41:12,10.78,--,30,32339,卖盘
1232,13:41:09,10.78,-0.01,8,8624,卖盘
1233,13:41:00,10.79,0.01,41,44239,买盘
1234,13:40:57,10.78,--,17,18326,卖盘
1235,13:40:54,10.78,-0.01,94,101332,卖盘
1236,13:40:51,10.79,0.01,110,118689,买盘
1237,13:40:48,10.78,--,1,1078,卖盘
1238,13:40:42,10.78,-0.01,6,6468,卖盘
1239,13:40:36,10.79,--,69,74451,买盘
1240,13:40:30,10.79,--,15,16184,买盘
1241,13:40:27,10.79,0.01,30,32369,买盘
1242,13:40:24,10.78,-0.01,94,101332,卖盘
1243,13:40:21,10.79,--,109,117610,买盘
1244,13:40:12,10.79,0.01,37,39923,买盘
1245,13:40:09,10.78,--,81,87318,卖盘
1246,13:40:06,10.78,-0.01,5,5390,卖盘
1247,13:40:00,10.79,--,70,75530,买盘
1248,13:39:57,10.79,--,2,2158,买盘
1249,13:39:54,10.79,--,327,352833,买盘
1250,13:39:51,10.79,0.01,136,146744,买盘
1251,13:39:48,10.78,--,5,5390,卖盘
1252,13:39:45,10.78,--,45,48510,卖盘
1253,13:39:42,10.78,--,40,43120,卖盘
1254,13:39:36,10.78,--,7,7546,卖盘
1255,13:39:33,10.78,--,106,114268,买盘
1256,13:39:27,10.78,0.01,8,8624,卖盘
1257,13:39:24,10.77,-0.02,99,106623,卖盘
1258,13:39:21,10.79,0.01,109,117610,买盘
1259,13:39:18,10.78,--,5,5390,卖盘
1260,13:39:12,10.78,0.01,19,20482,中性盘
1261,13:39:06,10.77,-0.02,9,9693,卖盘
1262,13:39:00,10.79,0.02,18,19422,买盘
1263,13:38:54,10.77,-0.03,97,104469,卖盘
1264,13:38:51,10.8,0.03,123,132840,买盘
1265,13:38:48,10.77,--,26,28002,卖盘
1266,13:38:45,10.77,-0.01,11,11847,卖盘
1267,13:38:42,10.78,0.01,9,9702,买盘
1268,13:38:39,10.77,-0.01,3,3231,卖盘
1269,13:38:36,10.78,--,1,1078,买盘
1270,13:38:33,10.78,-0.02,2,2156,中性盘
1271,13:38:27,10.8,0.02,1000,1080000,买盘
1272,13:38:24,10.78,--,28,30184,买盘
1273,13:38:21,10.78,--,110,118580,买盘
1274,13:38:15,10.78,--,12,12936,买盘
1275,13:38:09,10.78,--,5,5390,买盘
1276,13:38:06,10.78,-0.01,69,74382,买盘
1277,13:38:00,10.79,--,1,1079,买盘
1278,13:37:54,10.79,--,2,2158,买盘
1279,13:37:51,10.79,--,108,116531,买盘
1280,13:37:45,10.79,0.03,1,1079,买盘
1281,13:37:42,10.76,-0.01,1,1076,卖盘
1282,13:37:39,10.77,-0.02,100,107700,卖盘
1283,13:37:36,10.79,0.02,10,10790,买盘
1284,13:37:27,10.77,--,30,32310,卖盘
1285,13:37:24,10.77,-0.02,10,10770,卖盘
1286,13:37:21,10.79,0.02,109,117610,买盘
1287,13:37:18,10.77,-0.02,27,29079,中性盘
1288,13:37:15,10.79,0.02,208,224431,买盘
1289,13:37:09,10.77,--,2,2154,买盘
1290,13:37:06,10.77,0.01,200,215400,买盘
1291,13:37:03,10.76,-0.01,7,7532,卖盘
1292,13:37:00,10.77,--,45,48465,卖盘
1293,13:36:57,10.77,-0.02,14,15078,中性盘
1294,13:36:51,10.79,0.02,140,151060,买盘
1295,13:36:45,10.77,-0.03,25,26925,卖盘
1296,13:36:39,10.8,0.04,16,17280,买盘
1297,13:36:30,10.76,-0.04,2,2152,卖盘
1298,13:36:27,10.8,0.04,860,928800,买盘
1299,13:36:24,10.76,-0.03,52,55952,卖盘
1300,13:36:21,10.79,0.03,108,116531,买盘
1301,13:36:18,10.76,-0.01,5,5380,卖盘
1302,13:36:15,10.77,--,1,1077,买盘
1303,13:36:12,10.77,0.01,7,7539,买盘
1304,13:36:09,10.76,-0.01,110,118360,卖盘
1305,13:36:06,10.77,0.01,2,2154,买盘
1306,13:36:03,10.76,--,17,18292,卖盘
1307,13:36:00,10.76,--,1,1076,卖盘
1308,13:35:57,10.76,--,20,21520,卖盘
1309,13:35:54,10.76,-0.02,67,72092,卖盘
1310,13:35:51,10.78,0.02,165,177870,买盘
1311,13:35:45,10.76,--,30,32280,卖盘
1312,13:35:42,10.76,--,18,19368,卖盘
1313,13:35:39,10.76,-0.01,5,5380,卖盘
1314,13:35:36,10.77,--,1,1077,中性盘
1315,13:35:30,10.77,-0.01,10,10770,买盘
1316,13:35:27,10.78,0.02,10,10780,买盘
1317,13:35:24,10.76,-0.03,100,107600,卖盘
1318,13:35:21,10.79,0.01,109,117610,买盘
1319,13:35:18,10.78,--,12,12936,卖盘
1320,13:35:15,10.78,--,202,217756,卖盘
1321,13:35:12,10.78,0.02,18,19404,买盘
1322,13:35:09,10.76,--,301,323876,卖盘
1323,13:35:06,10.76,--,8,8608,卖盘
1324,13:35:03,10.76,-0.03,20,21520,卖盘
1325,13:35:00,10.79,0.03,33,35607,买盘
1326,13:34:57,10.76,--,32,34432,卖盘
1327,13:34:54,10.76,-0.03,100,107600,卖盘
1328,13:34:51,10.79,0.02,163,175877,买盘
1329,13:34:45,10.77,0.01,4,4308,买盘
1330,13:34:42,10.76,--,112,120512,卖盘
1331,13:34:36,10.76,--,6,6456,卖盘
1332,13:34:33,10.76,--,15,16140,卖盘
1333,13:34:30,10.76,--,2,2152,卖盘
1334,13:34:24,10.76,-0.02,382,411032,卖盘
1335,13:34:21,10.78,0.02,123,132594,买盘
1336,13:34:18,10.76,--,12,12912,卖盘
1337,13:34:15,10.76,-0.01,25,26900,卖盘
1338,13:34:12,10.77,0.01,9,9693,买盘
1339,13:34:09,10.76,-0.01,12,12912,卖盘
1340,13:34:03,10.77,0.01,54,58158,中性盘
1341,13:33:57,10.76,-0.01,305,328180,卖盘
1342,13:33:54,10.77,--,3,3231,卖盘
1343,13:33:51,10.77,--,267,287559,卖盘
1344,13:33:48,10.77,--,57,61389,卖盘
1345,13:33:45,10.77,-0.01,87,93699,卖盘
1346,13:33:42,10.78,0.01,516,556248,买盘
1347,13:33:39,10.77,-0.01,10,10770,卖盘
1348,13:33:36,10.78,0.01,1,1078,买盘
1349,13:33:33,10.77,--,75,80775,卖盘
1350,13:33:30,10.77,-0.01,524,564348,卖盘
1351,13:33:24,10.78,-0.02,13,14014,中性盘
1352,13:33:21,10.8,0.02,219,236520,买盘
1353,13:33:18,10.78,0.01,10,10780,买盘
1354,13:33:15,10.77,-0.01,38,40926,卖盘
1355,13:33:12,10.78,--,4,4312,中性盘
1356,13:33:09,10.78,0.01,11,11858,买盘
1357,13:33:06,10.77,-0.01,11,11847,卖盘
1358,13:33:03,10.78,--,13,14014,卖盘
1359,13:33:00,10.78,-0.02,207,223146,卖盘
1360,13:32:54,10.8,--,35,37800,买盘
1361,13:32:51,10.8,0.01,216,233280,买盘
1362,13:32:48,10.79,-0.01,10,10790,卖盘
1363,13:32:45,10.8,0.01,1,1080,买盘
1364,13:32:42,10.79,--,5,5395,买盘
1365,13:32:36,10.79,-0.01,3,3236,中性盘
1366,13:32:30,10.8,--,103,111240,买盘
1367,13:32:27,10.8,--,5,5400,买盘
1368,13:32:24,10.8,--,719,777384,买盘
1369,13:32:21,10.8,0.02,209,225720,买盘
1370,13:32:18,10.78,-0.02,4,4312,卖盘
1371,13:32:12,10.8,0.01,5,5400,买盘
1372,13:32:09,10.79,0.01,10,10790,买盘
1373,13:32:06,10.78,-0.01,374,403172,卖盘
1374,13:32:03,10.79,--,16,17264,中性盘
1375,13:32:00,10.79,--,10,10790,买盘
1376,13:31:57,10.79,-0.01,5,5395,中性盘
1377,13:31:51,10.8,0.01,159,171720,买盘
1378,13:31:48,10.79,--,70,75530,卖盘
1379,13:31:45,10.79,--,19,20501,卖盘
1380,13:31:42,10.79,--,4,4316,卖盘
1381,13:31:39,10.79,0.01,6,6473,买盘
1382,13:31:36,10.78,-0.02,40,43120,卖盘
1383,13:31:33,10.8,0.01,14,15336,买盘
1384,13:31:30,10.79,--,3,3236,买盘
1385,13:31:21,10.79,--,117,126242,买盘
1386,13:31:15,10.79,--,11,11868,买盘
1387,13:31:12,10.79,--,7,7552,买盘
1388,13:31:09,10.79,--,11,11868,买盘
1389,13:31:06,10.79,--,1,1942,卖盘
1390,13:31:03,10.79,-0.01,28,30427,卖盘
1391,13:31:00,10.8,0.02,48,51840,买盘
1392,13:30:57,10.78,-0.02,7,7546,卖盘
1393,13:30:54,10.8,--,216,233280,买盘
1394,13:30:51,10.8,0.01,126,136080,买盘
1395,13:30:48,10.79,-0.01,10,10790,卖盘
1396,13:30:45,10.8,--,109,117720,买盘
1397,13:30:39,10.8,0.01,123,132840,买盘
1398,13:30:36,10.79,--,52,56107,买盘
1399,13:30:33,10.79,-0.01,51,55028,卖盘
1400,13:30:30,10.8,0.02,309,333720,买盘
1401,13:30:27,10.78,--,14,15092,卖盘
1402,13:30:24,10.78,-0.01,3,3234,卖盘
1403,13:30:21,10.79,0.01,110,118689,买盘
1404,13:30:18,10.78,--,4,4312,卖盘
1405,13:30:15,10.78,-0.01,12,12936,卖盘
1406,13:30:12,10.79,--,18,19422,买盘
1407,13:30:09,10.79,0.01,9,9711,买盘
1408,13:30:06,10.78,-0.01,5,5390,卖盘
1409,13:30:03,10.79,0.01,2,2158,买盘
1410,13:29:57,10.78,-0.01,7,7546,卖盘
1411,13:29:51,10.79,0.01,130,140270,买盘
1412,13:29:48,10.78,-0.01,8,8624,卖盘
1413,13:29:39,10.79,--,30,32369,买盘
1414,13:29:33,10.79,-0.01,30,32369,中性盘
1415,13:29:27,10.8,0.02,218,235440,买盘
1416,13:29:24,10.78,-0.01,300,323400,卖盘
1417,13:29:21,10.79,--,204,220115,卖盘
1418,13:29:18,10.79,--,23,24816,卖盘
1419,13:29:12,10.79,--,2,2158,卖盘
1420,13:29:09,10.79,-0.01,13,14026,卖盘
1421,13:29:06,10.8,--,25,27000,买盘
1422,13:29:00,10.8,--,10,10800,买盘
1423,13:28:57,10.8,0.01,26,28080,买盘
1424,13:28:54,10.79,-0.01,20,21580,卖盘
1425,13:28:51,10.8,0.01,120,129600,买盘
1426,13:28:48,10.79,--,14,15105,卖盘
1427,13:28:45,10.79,-0.01,10,10790,卖盘
1428,13:28:42,10.8,--,1,1080,买盘
1429,13:28:39,10.8,0.01,63,68040,买盘
1430,13:28:33,10.79,-0.01,70,75530,卖盘
1431,13:28:30,10.8,0.01,30,32400,买盘
1432,13:28:27,10.79,--,1,1079,卖盘
1433,13:28:24,10.79,-0.02,1,1079,卖盘
1434,13:28:21,10.81,0.02,119,128639,买盘
1435,13:28:18,10.79,--,11,11868,卖盘
1436,13:28:15,10.79,-0.02,9,9711,卖盘
1437,13:28:12,10.81,0.01,115,124315,买盘
1438,13:28:09,10.8,--,14,15120,卖盘
1439,13:28:06,10.8,--,8,8640,卖盘
1440,13:28:00,10.8,--,83,89640,卖盘
1441,13:27:57,10.8,--,100,108000,卖盘
1442,13:27:54,10.8,-0.01,34,36720,卖盘
1443,13:27:51,10.81,0.01,110,118910,买盘
1444,13:27:48,10.8,--,10,10800,卖盘
1445,13:27:45,10.8,-0.01,1,1080,卖盘
1446,13:27:42,10.81,--,4,4324,买盘
1447,13:27:36,10.81,--,18,19458,买盘
1448,13:27:33,10.81,0.01,1,1081,买盘
1449,13:27:30,10.8,-0.01,42,45360,卖盘
1450,13:27:24,10.81,-0.01,12,13998,卖盘
1451,13:27:21,10.82,0.01,167,180748,买盘
1452,13:27:15,10.81,0.01,273,295113,买盘
1453,13:27:09,10.8,--,90,97200,卖盘
1454,13:27:00,10.8,-0.01,60,64800,卖盘
1455,13:26:54,10.81,--,258,278898,买盘
1456,13:26:51,10.81,--,143,154583,买盘
1457,13:26:45,10.81,--,27,29187,买盘
1458,13:26:42,10.81,--,11,11891,买盘
1459,13:26:39,10.81,0.01,70,75670,买盘
1460,13:26:36,10.8,--,22,23760,卖盘
1461,13:26:33,10.8,--,18,19440,卖盘
1462,13:26:30,10.8,-0.01,16,17280,卖盘
1463,13:26:27,10.81,--,7,7567,买盘
1464,13:26:24,10.81,0.01,1,1081,买盘
1465,13:26:21,10.8,-0.01,120,129600,卖盘
1466,13:26:15,10.81,0.01,2,2162,买盘
1467,13:26:12,10.8,--,50,54000,卖盘
1468,13:26:09,10.8,0.01,417,450360,买盘
1469,13:26:06,10.79,-0.02,86,92793,卖盘
1470,13:26:03,10.81,0.01,165,178365,买盘
1471,13:26:00,10.8,--,100,108000,买盘
1472,13:25:57,10.8,--,40,43200,买盘
1473,13:25:54,10.8,-0.01,572,618786,卖盘
1474,13:25:51,10.81,0.01,257,277817,买盘
1475,13:25:48,10.8,-0.01,15,16200,卖盘
1476,13:25:45,10.81,0.01,5,5405,买盘
1477,13:25:42,10.8,-0.01,887,957960,卖盘
1478,13:25:39,10.81,--,202,218362,卖盘
1479,13:25:36,10.81,--,19,20539,卖盘
1480,13:25:33,10.81,-0.01,103,111343,卖盘
1481,13:25:30,10.82,-0.01,10,10820,中性盘
1482,13:25:21,10.83,--,628,680124,买盘
1483,13:25:15,10.83,--,13,14079,买盘
1484,13:25:09,10.83,-0.01,55,59565,卖盘
1485,13:25:06,10.84,--,52,56368,买盘
1486,13:25:03,10.84,--,38,41192,买盘
1487,13:25:00,10.84,--,74,80216,买盘
1488,13:24:57,10.84,0.01,122,132248,买盘
1489,13:24:54,10.83,-0.01,111,120213,卖盘
1490,13:24:51,10.84,0.01,137,148508,买盘
1491,13:24:48,10.83,--,109,118047,卖盘
1492,13:24:45,10.83,-0.01,123,133209,卖盘
1493,13:24:42,10.84,--,4,4336,买盘
1494,13:24:39,10.84,--,11,11924,买盘
1495,13:24:36,10.84,-0.01,8,8672,买盘
1496,13:24:33,10.85,--,9,9765,买盘
1497,13:24:30,10.85,--,211,228935,买盘
1498,13:24:27,10.85,0.01,39,42315,买盘
1499,13:24:24,10.84,-0.01,5,5420,卖盘
1500,13:24:21,10.85,0.01,161,174685,买盘
1501,13:24:18,10.84,--,10,10840,卖盘
1502,13:24:15,10.84,-0.01,90,97560,卖盘
1503,13:24:12,10.85,--,31,33635,买盘
1504,13:24:09,10.85,--,40,43400,买盘
1505,13:24:06,10.85,--,159,172515,买盘
1506,13:24:03,10.85,--,62,67270,卖盘
1507,13:24:00,10.85,--,24,26040,卖盘
1508,13:23:57,10.85,0.01,1795,1947575,买盘
1509,13:23:54,10.84,--,5,5420,买盘
1510,13:23:51,10.84,--,158,171272,卖盘
1511,13:23:48,10.84,-0.01,142,153928,卖盘
1512,13:23:45,10.85,0.01,72,78120,买盘
1513,13:23:42,10.84,-0.01,5,5420,卖盘
1514,13:23:39,10.85,0.01,375,406875,买盘
1515,13:23:36,10.84,-0.01,35,37940,卖盘
1516,13:23:33,10.85,0.01,60,65100,买盘
1517,13:23:30,10.84,--,202,218968,卖盘
1518,13:23:27,10.84,-0.01,114,123576,卖盘
1519,13:23:24,10.85,--,9,9765,买盘
1520,13:23:21,10.85,0.01,153,166005,买盘
1521,13:23:18,10.84,--,22,23848,卖盘
1522,13:23:15,10.84,--,173,187532,卖盘
1523,13:23:12,10.84,-0.01,263,285092,卖盘
1524,13:23:09,10.85,0.01,159,172515,买盘
1525,13:23:06,10.84,--,94,101896,卖盘
1526,13:23:03,10.84,-0.01,25,27100,卖盘
1527,13:23:00,10.85,0.01,167,181195,买盘
1528,13:22:57,10.84,--,24,26016,买盘
1529,13:22:54,10.84,--,101,109484,买盘
1530,13:22:51,10.84,0.01,198,214632,买盘
1531,13:22:48,10.83,-0.01,571,618393,卖盘
1532,13:22:45,10.84,--,172,186448,买盘
1533,13:22:42,10.84,0.01,80,86720,买盘
1534,13:22:39,10.83,-0.01,2,2166,卖盘
1535,13:22:36,10.84,0.01,117,126828,买盘
1536,13:22:33,10.83,--,151,163533,卖盘
1537,13:22:30,10.83,--,224,242592,卖盘
1538,13:22:27,10.83,--,544,589152,买盘
1539,13:22:24,10.83,--,122,132126,买盘
1540,13:22:21,10.83,--,118,127794,买盘
1541,13:22:18,10.83,--,80,86640,买盘
1542,13:22:15,10.83,--,33,35739,买盘
1543,13:22:12,10.83,--,16,17328,买盘
1544,13:22:09,10.83,--,23,24909,买盘
1545,13:22:06,10.83,--,31,33573,买盘
1546,13:22:03,10.83,0.01,241,261003,买盘
1547,13:22:00,10.82,-0.01,315,340830,卖盘
1548,13:21:57,10.83,--,118,127794,买盘
1549,13:21:54,10.83,--,83,89889,买盘
1550,13:21:51,10.83,0.01,179,193857,买盘
1551,13:21:48,10.82,--,448,484736,买盘
1552,13:21:45,10.82,--,105,113610,买盘
1553,13:21:42,10.82,0.01,438,473916,买盘
1554,13:21:39,10.81,-0.01,632,683192,卖盘
1555,13:21:36,10.82,--,125,135250,买盘
1556,13:21:33,10.82,--,20,21640,买盘
1557,13:21:30,10.82,--,35,37870,买盘
1558,13:21:27,10.82,0.01,73,78986,买盘
1559,13:21:24,10.81,--,68,73508,卖盘
1560,13:21:21,10.81,-0.01,224,242144,卖盘
1561,13:21:18,10.82,--,70,75740,买盘
1562,13:21:15,10.82,0.01,19,20558,买盘
1563,13:21:12,10.81,--,45,48645,卖盘
1564,13:21:09,10.81,-0.01,201,217281,卖盘
1565,13:21:06,10.82,--,164,177448,买盘
1566,13:21:03,10.82,--,28,30296,买盘
1567,13:21:00,10.82,--,281,304042,买盘
1568,13:20:57,10.82,0.01,57,61674,买盘
1569,13:20:54,10.81,--,113,122153,买盘
1570,13:20:51,10.81,0.01,157,169717,买盘
1571,13:20:48,10.8,--,126,136080,卖盘
1572,13:20:45,10.8,--,12,12960,卖盘
1573,13:20:42,10.8,-0.01,125,135000,卖盘
1574,13:20:36,10.81,0.01,12,12972,买盘
1575,13:20:33,10.8,--,5,5400,卖盘
1576,13:20:30,10.8,--,81,87480,卖盘
1577,13:20:27,10.8,0.01,7201,7777134,买盘
1578,13:20:24,10.79,--,41,44239,买盘
1579,13:20:21,10.79,0.01,119,128400,买盘
1580,13:20:18,10.78,-0.01,45,48510,卖盘
1581,13:20:15,10.79,--,17,18343,买盘
1582,13:20:12,10.79,--,13,14026,买盘
1583,13:20:09,10.79,0.01,43,46396,买盘
1584,13:20:06,10.78,-0.01,137,147686,卖盘
1585,13:20:03,10.79,--,3,3236,买盘
1586,13:20:00,10.79,0.01,27,29132,买盘
1587,13:19:57,10.78,--,92,99176,卖盘
1588,13:19:54,10.78,--,28,30184,卖盘
1589,13:19:51,10.78,-0.01,117,126125,卖盘
1590,13:19:48,10.79,--,13,14026,买盘
1591,13:19:45,10.79,--,2,2158,买盘
1592,13:19:42,10.79,--,1,1079,买盘
1593,13:19:39,10.79,--,13,14026,买盘
1594,13:19:36,10.79,0.01,3,3236,买盘
1595,13:19:33,10.78,-0.01,71,76538,卖盘
1596,13:19:30,10.79,--,48,51791,买盘
1597,13:19:27,10.79,--,10,10790,买盘
1598,13:19:24,10.79,0.01,302,325858,买盘
1599,13:19:21,10.78,-0.01,177,190806,卖盘
1600,13:19:18,10.79,--,15,16184,买盘
1601,13:19:15,10.79,--,141,152139,买盘
1602,13:19:12,10.79,--,25,26974,买盘
1603,13:19:09,10.79,--,440,474759,卖盘
1604,13:19:06,10.79,-0.01,27,29132,卖盘
1605,13:19:03,10.8,0.01,93,100440,买盘
1606,13:19:00,10.79,-0.01,140,151060,卖盘
1607,13:18:57,10.8,--,95,102600,买盘
1608,13:18:54,10.8,--,48,51840,买盘
1609,13:18:51,10.8,--,127,137160,买盘
1610,13:18:48,10.8,0.01,46,49680,买盘
1611,13:18:45,10.79,-0.01,16,17264,卖盘
1612,13:18:42,10.8,--,1,1080,买盘
1613,13:18:39,10.8,0.01,21,22680,买盘
1614,13:18:36,10.79,-0.01,10,10790,卖盘
1615,13:18:33,10.8,0.01,11,11880,买盘
1616,13:18:30,10.79,--,70,75530,卖盘
1617,13:18:27,10.79,--,5,5395,卖盘
1618,13:18:24,10.79,--,69,74451,买盘
1619,13:18:21,10.79,--,132,142428,买盘
1620,13:18:18,10.79,-0.01,95,102504,卖盘
1621,13:18:15,10.8,0.01,126,136080,买盘
1622,13:18:12,10.79,--,63,67977,买盘
1623,13:18:09,10.79,--,144,155376,卖盘
1624,13:18:06,10.79,-0.01,149,160771,卖盘
1625,13:18:03,10.8,--,221,238680,买盘
1626,13:18:00,10.8,--,182,196560,买盘
1627,13:17:57,10.8,--,313,338040,买盘
1628,13:17:54,10.8,--,369,399114,买盘
1629,13:17:51,10.8,0.01,164,177120,买盘
1630,13:17:48,10.79,--,90,97109,卖盘
1631,13:17:45,10.79,--,76,82004,卖盘
1632,13:17:42,10.79,-0.01,18,19422,卖盘
1633,13:17:39,10.8,0.01,268,289440,买盘
1634,13:17:36,10.79,--,248,268077,买盘
1635,13:17:33,10.79,--,630,679770,买盘
1636,13:17:30,10.79,--,80,86320,买盘
1637,13:17:27,10.79,--,26,28053,买盘
1638,13:17:24,10.79,--,40,43160,买盘
1639,13:17:21,10.79,--,130,140270,买盘
1640,13:17:18,10.79,0.01,67,72293,买盘
1641,13:17:15,10.78,--,171,184338,卖盘
1642,13:17:12,10.78,-0.01,131,141218,卖盘
1643,13:17:09,10.79,0.01,20,21580,买盘
1644,13:17:06,10.78,-0.01,3,3234,卖盘
1645,13:17:03,10.79,--,2,2158,买盘
1646,13:17:00,10.79,0.01,14,15105,买盘
1647,13:16:57,10.78,--,2,2156,卖盘
1648,13:16:54,10.78,-0.01,59,63601,卖盘
1649,13:16:51,10.79,0.01,115,124084,买盘
1650,13:16:48,10.78,-0.01,70,75460,卖盘
1651,13:16:45,10.79,0.01,10,10790,买盘
1652,13:16:42,10.78,-0.01,65,70070,卖盘
1653,13:16:39,10.79,0.01,23,24816,买盘
1654,13:16:36,10.78,-0.01,36,38808,卖盘
1655,13:16:33,10.79,--,82,88478,买盘
1656,13:16:30,10.79,--,5,5395,买盘
1657,13:16:27,10.79,--,16,17264,买盘
1658,13:16:24,10.79,--,65,70135,买盘
1659,13:16:21,10.79,0.01,126,135954,买盘
1660,13:16:18,10.78,--,163,175714,买盘
1661,13:16:15,10.78,--,6,6468,买盘
1662,13:16:12,10.78,--,13,14014,买盘
1663,13:16:09,10.78,--,28,30184,买盘
1664,13:16:06,10.78,--,11,11858,买盘
1665,13:16:03,10.78,--,41,44198,买盘
1666,13:16:00,10.78,--,24,25872,买盘
1667,13:15:57,10.78,-0.01,14,15092,买盘
1668,13:15:54,10.79,--,49,52870,买盘
1669,13:15:51,10.79,0.01,117,126242,买盘
1670,13:15:48,10.78,--,100,107800,卖盘
1671,13:15:45,10.78,-0.01,56,60368,卖盘
1672,13:15:42,10.79,--,14,15105,买盘
1673,13:15:39,10.79,0.01,163,175877,买盘
1674,13:15:33,10.78,--,16,17248,买盘
1675,13:15:30,10.78,0.01,53,57134,买盘
1676,13:15:27,10.77,-0.01,50,53850,卖盘
1677,13:15:24,10.78,-0.01,312,336336,卖盘
1678,13:15:21,10.79,--,134,144586,买盘
1679,13:15:18,10.79,0.01,295,318305,买盘
1680,13:15:15,10.78,-0.01,32,34496,卖盘
1681,13:15:12,10.79,--,17,18343,买盘
1682,13:15:09,10.79,0.01,81,87399,买盘
1683,13:15:06,10.78,--,118,127203,买盘
1684,13:15:03,10.78,--,139,149842,买盘
1685,13:15:00,10.78,--,32,34496,买盘
1686,13:14:57,10.78,0.01,77,83006,买盘
1687,13:14:54,10.77,-0.02,259,278943,卖盘
1688,13:14:51,10.79,0.01,142,153218,买盘
1689,13:14:48,10.78,--,730,786940,买盘
1690,13:14:45,10.78,--,135,145530,买盘
1691,13:14:42,10.78,0.01,61,65758,买盘
1692,13:14:39,10.77,-0.01,549,591273,卖盘
1693,13:14:36,10.78,--,104,112112,买盘
1694,13:14:33,10.78,--,32,34496,买盘
1695,13:14:30,10.78,--,22,23716,买盘
1696,13:14:27,10.78,0.01,48,51744,买盘
1697,13:14:24,10.77,-0.01,45,48465,中性盘
1698,13:14:21,10.78,--,147,158466,买盘
1699,13:14:18,10.78,--,33,35574,买盘
1700,13:14:15,10.78,--,56,60368,买盘
1701,13:14:12,10.78,--,24,25872,买盘
1702,13:14:09,10.78,--,37,39886,买盘
1703,13:14:06,10.78,--,19,20482,买盘
1704,13:14:03,10.78,--,59,63601,买盘
1705,13:14:00,10.78,--,30,32339,买盘
1706,13:13:57,10.78,0.01,125,134750,买盘
1707,13:13:54,10.77,-0.01,160,172966,卖盘
1708,13:13:51,10.78,0.01,189,204173,买盘
1709,13:13:48,10.77,--,52,56004,买盘
1710,13:13:45,10.77,--,52,56004,买盘
1711,13:13:42,10.77,--,8,8616,买盘
1712,13:13:39,10.77,--,79,85083,卖盘
1713,13:13:36,10.77,--,16,17232,卖盘
1714,13:13:33,10.77,--,114,122778,卖盘
1715,13:13:30,10.77,-0.01,55,59235,买盘
1716,13:13:27,10.78,--,107,115346,买盘
1717,13:13:24,10.78,0.01,356,383768,买盘
1718,13:13:21,10.77,--,796,857292,买盘
1719,13:13:18,10.77,0.01,182,196014,买盘
1720,13:13:15,10.76,-0.01,46,49496,卖盘
1721,13:13:12,10.77,0.01,9,9693,买盘
1722,13:13:09,10.76,--,103,110828,卖盘
1723,13:13:06,10.76,--,9,9684,卖盘
1724,13:13:03,10.76,-0.01,170,182920,卖盘
1725,13:13:00,10.77,0.01,6,6462,买盘
1726,13:12:57,10.76,-0.01,141,151716,卖盘
1727,13:12:54,10.77,--,25,26925,买盘
1728,13:12:51,10.77,--,112,120624,买盘
1729,13:12:48,10.77,--,26,28002,买盘
1730,13:12:45,10.77,--,9,9693,买盘
1731,13:12:42,10.77,--,92,99084,买盘
1732,13:12:39,10.77,0.02,94,101238,买盘
1733,13:12:36,10.75,-0.01,398,427850,卖盘
1734,13:12:33,10.76,--,71,76396,买盘
1735,13:12:30,10.76,--,7,7532,买盘
1736,13:12:27,10.76,--,6,6456,买盘
1737,13:12:24,10.76,--,52,55952,买盘
1738,13:12:21,10.76,--,109,117284,买盘
1739,13:12:18,10.76,--,6,6456,买盘
1740,13:12:15,10.76,--,6,6456,买盘
1741,13:12:12,10.76,--,2,2152,买盘
1742,13:12:09,10.76,--,11,11836,买盘
1743,13:12:06,10.76,--,4,4304,买盘
1744,13:12:03,10.76,-0.01,45,49452,卖盘
1745,13:12:00,10.77,--,7,7582,买盘
1746,13:11:57,10.77,--,41,44157,买盘
1747,13:11:54,10.77,--,69,74313,买盘
1748,13:11:51,10.77,--,116,124932,买盘
1749,13:11:48,10.77,0.01,7,7539,买盘
1750,13:11:45,10.76,-0.01,16,17216,中性盘
1751,13:11:42,10.77,--,23,24771,买盘
1752,13:11:39,10.77,0.01,172,185244,买盘
1753,13:11:36,10.76,-0.01,77,82852,中性盘
1754,13:11:33,10.77,0.02,782,842214,买盘
1755,13:11:30,10.75,-0.01,53,56975,卖盘
1756,13:11:27,10.76,0.01,16,17216,买盘
1757,13:11:24,10.75,-0.01,30,32250,卖盘
1758,13:11:21,10.76,--,114,122664,买盘
1759,13:11:18,10.76,--,32,34432,买盘
1760,13:11:15,10.76,--,36,38736,买盘
1761,13:11:12,10.76,0.01,66,71016,买盘
1762,13:11:09,10.75,-0.01,73,78475,卖盘
1763,13:11:06,10.76,0.01,63,67788,买盘
1764,13:11:03,10.75,-0.01,48,51600,卖盘
1765,13:11:00,10.76,--,14,15064,买盘
1766,13:10:57,10.76,--,31,33356,买盘
1767,13:10:54,10.76,--,141,151716,买盘
1768,13:10:51,10.76,--,128,137728,买盘
1769,13:10:48,10.76,--,204,219504,买盘
1770,13:10:45,10.76,--,8,8608,买盘
1771,13:10:42,10.76,0.01,9,9684,买盘
1772,13:10:39,10.75,--,56,60200,卖盘
1773,13:10:36,10.75,-0.01,30,32250,卖盘
1774,13:10:33,10.76,--,204,219504,买盘
1775,13:10:30,10.76,--,17,18292,买盘
1776,13:10:27,10.76,--,31,33356,买盘
1777,13:10:24,10.76,--,129,138804,买盘
1778,13:10:21,10.76,--,143,153868,买盘
1779,13:10:18,10.76,--,12,12912,买盘
1780,13:10:15,10.76,--,2,2152,买盘
1781,13:10:12,10.76,0.01,25,26900,买盘
1782,13:10:09,10.75,-0.01,22,23650,卖盘
1783,13:10:06,10.76,--,24,25824,买盘
1784,13:10:03,10.76,0.01,103,110828,买盘
1785,13:10:00,10.75,-0.01,15,16125,卖盘
1786,13:09:57,10.76,--,38,40888,买盘
1787,13:09:54,10.76,--,64,68864,买盘
1788,13:09:51,10.76,0.01,273,293748,买盘
1789,13:09:48,10.75,--,122,131150,卖盘
1790,13:09:45,10.75,-0.01,192,206400,卖盘
1791,13:09:42,10.76,0.01,2,2152,买盘
1792,13:09:39,10.75,-0.01,14,15050,卖盘
1793,13:09:36,10.76,--,4,4304,买盘
1794,13:09:33,10.76,--,4,4304,买盘
1795,13:09:30,10.76,0.01,16,17216,买盘
1796,13:09:27,10.75,-0.01,10,10750,卖盘
1797,13:09:24,10.76,--,30,32280,买盘
1798,13:09:21,10.76,0.01,110,118360,买盘
1799,13:09:18,10.75,-0.01,2,2150,买盘
1800,13:09:15,10.76,--,12,12912,买盘
1801,13:09:12,10.76,--,5,5380,买盘
1802,13:09:09,10.76,0.01,47,50572,买盘
1803,13:09:06,10.75,-0.01,36,38700,卖盘
1804,13:09:03,10.76,0.01,37,39812,买盘
1805,13:09:00,10.75,-0.01,20,21500,卖盘
1806,13:08:54,10.76,0.01,57,61332,买盘
1807,13:08:51,10.75,-0.01,112,120400,中性盘
1808,13:08:48,10.76,0.01,24,25824,买盘
1809,13:08:45,10.75,--,11,11825,买盘
1810,13:08:42,10.75,--,1,1075,买盘
1811,13:08:39,10.75,-0.01,5,5375,买盘
1812,13:08:36,10.76,--,1,1076,买盘
1813,13:08:33,10.76,--,26,27976,买盘
1814,13:08:30,10.76,0.02,24,25824,买盘
1815,13:08:27,10.74,-0.02,5,5370,卖盘
1816,13:08:24,10.76,--,49,52724,买盘
1817,13:08:21,10.76,0.01,120,129120,买盘
1818,13:08:18,10.75,0.01,29,31175,买盘
1819,13:08:15,10.74,-0.01,26,27924,卖盘
1820,13:08:12,10.75,--,21,22575,买盘
1821,13:08:09,10.75,--,92,98900,卖盘
1822,13:08:06,10.75,-0.01,19,20425,卖盘
1823,13:08:03,10.76,0.01,83,90125,买盘
1824,13:08:00,10.75,--,19,20683,卖盘
1825,13:07:57,10.75,--,262,282467,买盘
1826,13:07:54,10.75,--,36,38700,买盘
1827,13:07:51,10.75,--,120,129000,买盘
1828,13:07:48,10.75,--,9,9675,买盘
1829,13:07:45,10.75,--,31,33325,买盘
1830,13:07:42,10.75,--,3,3225,买盘
1831,13:07:39,10.75,--,26,27950,买盘
1832,13:07:36,10.75,--,79,84925,买盘
1833,13:07:33,10.75,--,29,31175,买盘
1834,13:07:30,10.75,--,124,133300,买盘
1835,13:07:24,10.75,--,183,196725,买盘
1836,13:07:21,10.75,--,611,656825,买盘
1837,13:07:18,10.75,--,4,4300,买盘
1838,13:07:15,10.75,--,17,18275,买盘
1839,13:07:12,10.75,--,65,69875,买盘
1840,13:07:06,10.75,--,4,4300,买盘
1841,13:07:03,10.75,--,13,13975,买盘
1842,13:07:00,10.75,0.01,4,4300,买盘
1843,13:06:57,10.74,-0.01,61,65514,卖盘
1844,13:06:51,10.75,--,129,138675,买盘
1845,13:06:48,10.75,--,14,15050,买盘
1846,13:06:45,10.75,--,46,49450,买盘
1847,13:06:42,10.75,0.01,4,4300,买盘
1848,13:06:39,10.74,-0.01,9,9666,卖盘
1849,13:06:36,10.75,0.01,3,3225,买盘
1850,13:06:33,10.74,-0.01,13,13962,卖盘
1851,13:06:27,10.75,--,30,32250,买盘
1852,13:06:21,10.75,--,113,121475,买盘
1853,13:06:18,10.75,--,17,18275,买盘
1854,13:06:15,10.75,0.01,60,64500,买盘
1855,13:06:12,10.74,--,1,1074,买盘
1856,13:06:09,10.74,-0.01,2,2148,买盘
1857,13:06:06,10.75,--,6,6450,买盘
1858,13:06:03,10.75,--,23,24725,买盘
1859,13:06:00,10.75,--,4,4300,买盘
1860,13:05:57,10.75,--,94,101050,买盘
1861,13:05:54,10.75,--,34,36550,买盘
1862,13:05:51,10.75,--,157,168775,买盘
1863,13:05:48,10.75,0.01,22,23650,买盘
1864,13:05:45,10.74,--,18,19332,买盘
1865,13:05:42,10.74,--,2,2148,买盘
1866,13:05:39,10.74,--,7,7518,买盘
1867,13:05:36,10.74,-0.01,30,32220,卖盘
1868,13:05:33,10.75,--,34,36550,买盘
1869,13:05:30,10.75,--,113,121475,买盘
1870,13:05:27,10.75,--,116,124700,买盘
1871,13:05:24,10.75,--,11,11825,买盘
1872,13:05:21,10.75,--,237,254775,买盘
1873,13:05:18,10.75,--,11,11825,买盘
1874,13:05:15,10.75,--,2,2150,买盘
1875,13:05:12,10.75,--,10,10750,买盘
1876,13:05:09,10.75,--,16,17200,买盘
1877,13:05:06,10.75,0.01,48,51600,买盘
1878,13:05:03,10.74,--,8,8592,卖盘
1879,13:05:00,10.74,-0.01,11,11814,卖盘
1880,13:04:57,10.75,--,19,20425,买盘
1881,13:04:54,10.75,--,45,48375,买盘
1882,13:04:51,10.75,--,122,131150,买盘
1883,13:04:48,10.75,--,111,119325,买盘
1884,13:04:45,10.75,0.01,42,45150,买盘
1885,13:04:42,10.74,-0.01,9,9666,卖盘
1886,13:04:39,10.75,0.01,22,23650,买盘
1887,13:04:33,10.74,--,9,9666,卖盘
1888,13:04:30,10.74,-0.01,8,8592,卖盘
1889,13:04:27,10.75,--,33,35475,买盘
1890,13:04:24,10.75,--,6,6450,买盘
1891,13:04:21,10.75,0.01,113,121475,买盘
1892,13:04:18,10.74,0.01,15,16110,中性盘
1893,13:04:15,10.73,-0.02,40,42920,卖盘
1894,13:04:12,10.75,0.01,31,33325,买盘
1895,13:04:09,10.74,--,13,15014,卖盘
1896,13:04:06,10.74,--,88,94533,买盘
1897,13:04:03,10.74,--,29,31146,买盘
1898,13:04:00,10.74,--,56,60144,买盘
1899,13:03:57,10.74,--,11,11814,买盘
1900,13:03:54,10.74,--,56,60144,买盘
1901,13:03:51,10.74,--,110,118140,买盘
1902,13:03:42,10.74,--,3,3222,买盘
1903,13:03:39,10.74,--,11,11814,买盘
1904,13:03:36,10.74,--,1,1074,买盘
1905,13:03:33,10.74,0.02,2,2148,买盘
1906,13:03:30,10.72,-0.02,1,1072,卖盘
1907,13:03:27,10.74,0.02,6,6444,买盘
1908,13:03:24,10.72,-0.02,40,42880,卖盘
1909,13:03:21,10.74,--,141,151434,买盘
1910,13:03:12,10.74,--,10,10740,买盘
1911,13:03:09,10.74,--,1,1074,买盘
1912,13:03:06,10.74,--,5,5370,买盘
1913,13:03:03,10.74,0.02,44,47256,买盘
1914,13:02:54,10.72,-0.02,12,12864,卖盘
1915,13:02:51,10.74,0.01,143,153582,买盘
1916,13:02:48,10.73,--,1,1073,买盘
1917,13:02:45,10.73,--,27,28971,买盘
1918,13:02:42,10.73,-0.01,27,28971,卖盘
1919,13:02:36,10.74,0.01,16,17184,买盘
1920,13:02:33,10.73,-0.01,4,4292,卖盘
1921,13:02:21,10.74,0.01,108,115992,买盘
1922,13:02:18,10.73,--,1,1073,卖盘
1923,13:02:15,10.73,-0.01,5,5365,中性盘
1924,13:02:12,10.74,0.01,63,68714,买盘
1925,13:02:06,10.73,--,10,10730,卖盘
1926,13:01:54,10.73,-0.02,20,21460,卖盘
1927,13:01:51,10.75,0.01,117,125775,买盘
1928,13:01:48,10.74,--,29,31146,买盘
1929,13:01:36,10.74,--,2,2148,买盘
1930,13:01:33,10.74,--,12,12888,买盘
1931,13:01:24,10.74,--,40,42960,买盘
1932,13:01:21,10.74,--,110,118140,买盘
1933,13:01:18,10.74,--,132,141768,买盘
1934,13:01:15,10.74,0.01,45,48330,买盘
1935,13:01:12,10.73,-0.01,100,107300,卖盘
1936,13:01:03,10.74,0.01,10,10740,买盘
1937,13:00:57,10.73,-0.01,2,2146,卖盘
1938,13:00:51,10.74,0.01,117,125658,买盘
1939,13:00:45,10.73,--,4,4292,卖盘
1940,13:00:42,10.73,--,20,21460,卖盘
1941,13:00:39,10.73,-0.01,2,2146,卖盘
1942,13:00:33,10.74,--,2,2148,买盘
1943,13:00:27,10.74,--,176,189024,买盘
1944,13:00:21,10.74,0.01,109,117066,买盘
1945,13:00:15,10.73,-0.01,19,20387,卖盘
1946,13:00:09,10.74,0.01,26,27924,买盘
1947,13:00:06,10.73,-0.01,160,171680,卖盘
1948,13:00:03,10.74,0.01,1704,1830117,买盘
1949,13:00:00,10.73,--,0,0,卖盘
1950,11:30:00,10.73,--,0,0,卖盘
1951,11:29:54,10.73,-0.01,23,24679,卖盘
1952,11:29:51,10.74,--,139,149286,买盘
1953,11:29:36,10.74,0.01,1,1074,买盘
1954,11:29:33,10.73,-0.01,50,53650,卖盘
1955,11:29:30,10.74,0.01,1,1074,买盘
1956,11:29:27,10.73,-0.01,30,32190,卖盘
1957,11:29:24,10.74,--,50,53700,买盘
1958,11:29:21,10.74,0.01,109,117066,买盘
1959,11:29:18,10.73,--,196,210308,卖盘
1960,11:29:15,10.73,--,15,16095,卖盘
1961,11:29:12,10.73,-0.01,4,4292,卖盘
1962,11:29:09,10.74,0.01,2,2148,买盘
1963,11:29:06,10.73,-0.01,6,6438,卖盘
1964,11:28:51,10.74,0.02,111,119214,买盘
1965,11:28:48,10.72,-0.01,8,8576,卖盘
1966,11:28:45,10.73,--,30,32190,买盘
1967,11:28:36,10.73,--,17,18241,卖盘
1968,11:28:33,10.73,--,4,4292,卖盘
1969,11:28:30,10.73,-0.01,23,24679,卖盘
1970,11:28:27,10.74,--,1,1074,买盘
1971,11:28:24,10.74,0.01,207,222318,买盘
1972,11:28:21,10.73,--,143,153439,卖盘
1973,11:28:15,10.73,--,2,2146,卖盘
1974,11:28:09,10.73,--,6,6438,买盘
1975,11:28:03,10.73,--,13,13949,买盘
1976,11:28:00,10.73,--,11,11803,卖盘
1977,11:27:54,10.73,--,131,140563,卖盘
1978,11:27:48,10.73,--,56,60088,买盘
1979,11:27:45,10.73,--,10,10730,买盘
1980,11:27:39,10.73,--,2,2146,中性盘
1981,11:27:36,10.73,--,14,15022,卖盘
1982,11:27:27,10.73,-0.01,44,47212,卖盘
1983,11:27:24,10.74,0.02,110,118140,买盘
1984,11:27:21,10.72,-0.02,10,10720,卖盘
1985,11:27:18,10.74,--,3,3222,买盘
1986,11:27:15,10.74,0.02,3,3222,买盘
1987,11:27:12,10.72,--,14,15008,卖盘
1988,11:27:06,10.72,-0.02,18,19296,卖盘
1989,11:27:00,10.74,--,1,1074,买盘
1990,11:26:54,10.74,--,108,115992,买盘
1991,11:26:48,10.74,0.02,12,12888,买盘
1992,11:26:45,10.72,-0.02,5,5360,卖盘
1993,11:26:36,10.74,--,8,8592,买盘
1994,11:26:24,10.74,0.01,155,166470,买盘
1995,11:26:12,10.73,--,3,3219,买盘
1996,11:26:09,10.73,--,4,4292,买盘
1997,11:26:00,10.73,--,8,8584,卖盘
1998,11:25:54,10.73,--,254,272542,卖盘
1999,11:25:51,10.73,--,291,312243,卖盘
2000,11:25:48,10.73,--,12,12876,卖盘
2001,11:25:45,10.73,--,8,8584,卖盘
2002,11:25:36,10.73,--,10,10730,卖盘
2003,11:25:33,10.73,-0.01,1,1073,中性盘
2004,11:25:24,10.74,0.01,108,115992,买盘
2005,11:25:21,10.73,--,22,23606,买盘
2006,11:25:18,10.73,--,1,1073,买盘
2007,11:25:15,10.73,--,1,1073,买盘
2008,11:25:09,10.73,--,349,374477,卖盘
2009,11:25:06,10.73,--,3,3219,卖盘
2010,11:25:03,10.73,--,10,10730,卖盘
2011,11:25:00,10.73,--,1,1073,卖盘
2012,11:24:57,10.73,-0.01,6,6438,卖盘
2013,11:24:54,10.74,--,114,122436,买盘
2014,11:24:51,10.74,0.01,33,35442,买盘
2015,11:24:45,10.73,-0.01,8,8584,卖盘
2016,11:24:42,10.74,--,3,3222,买盘
2017,11:24:36,10.74,0.01,4,4296,买盘
2018,11:24:33,10.73,-0.01,6,6438,卖盘
2019,11:24:30,10.74,--,2,2148,买盘
2020,11:24:24,10.74,0.01,109,117066,买盘
2021,11:24:18,10.73,--,10,10730,卖盘
2022,11:24:15,10.73,--,20,21460,卖盘
2023,11:24:12,10.73,--,19,20387,买盘
2024,11:24:09,10.73,--,312,334776,卖盘
2025,11:24:06,10.73,--,11,11803,卖盘
2026,11:24:03,10.73,--,2,2146,卖盘
2027,11:23:57,10.73,--,1,1073,卖盘
2028,11:23:54,10.73,--,110,118030,卖盘
2029,11:23:51,10.73,--,22,23606,卖盘
2030,11:23:48,10.73,--,3,3219,卖盘
2031,11:23:45,10.73,--,43,46139,卖盘
2032,11:23:42,10.73,-0.01,23,24679,卖盘
2033,11:23:33,10.74,--,1,1074,买盘
2034,11:23:24,10.74,--,292,313608,买盘
2035,11:23:21,10.74,0.01,8,8592,买盘
2036,11:23:18,10.73,-0.01,36,38628,卖盘
2037,11:23:15,10.74,--,13,13962,买盘
2038,11:22:57,10.74,--,44,47256,买盘
2039,11:22:54,10.74,--,112,120288,买盘
2040,11:22:51,10.74,0.01,5,5370,买盘
2041,11:22:48,10.73,-0.01,41,43993,卖盘
2042,11:22:45,10.74,0.01,23,25346,买盘
2043,11:22:42,10.73,-0.01,3,3648,卖盘
2044,11:22:33,10.74,0.01,3,3222,买盘
2045,11:22:27,10.73,-0.01,60,64380,卖盘
2046,11:22:24,10.74,0.01,110,118140,买盘
2047,11:22:21,10.73,--,1,1073,卖盘
2048,11:22:18,10.73,--,40,42920,卖盘
2049,11:22:15,10.73,-0.01,83,89059,卖盘
2050,11:22:12,10.74,--,3,3222,买盘
2051,11:22:09,10.74,0.01,14,15036,买盘
2052,11:22:06,10.73,--,35,37555,卖盘
2053,11:22:00,10.73,-0.01,29,31760,卖盘
2054,11:21:57,10.74,--,25,26850,买盘
2055,11:21:54,10.74,--,118,126732,买盘
2056,11:21:51,10.74,0.01,47,50478,买盘
2057,11:21:42,10.73,--,29,31117,卖盘
2058,11:21:36,10.73,-0.01,20,21460,卖盘
2059,11:21:33,10.74,0.01,21,22554,买盘
2060,11:21:27,10.73,-0.01,8,8584,卖盘
2061,11:21:24,10.74,0.01,126,135324,买盘
2062,11:21:21,10.73,--,4,4292,卖盘
2063,11:21:18,10.73,-0.01,57,61161,卖盘
2064,11:21:15,10.74,0.01,1,1074,买盘
2065,11:21:12,10.73,--,17,18241,卖盘
2066,11:21:09,10.73,-0.01,42,45066,卖盘
2067,11:21:00,10.74,--,5,5370,买盘
2068,11:20:54,10.74,--,111,119214,买盘
2069,11:20:42,10.74,--,9,9666,买盘
2070,11:20:39,10.74,--,55,59070,买盘
2071,11:20:36,10.74,0.01,10,10740,买盘
2072,11:20:33,10.73,-0.01,10,10730,卖盘
2073,11:20:30,10.74,--,448,481152,买盘
2074,11:20:27,10.74,--,193,207282,买盘
2075,11:20:24,10.74,0.01,109,117066,买盘
2076,11:20:12,10.73,--,16,17168,卖盘
2077,11:20:06,10.73,--,85,91205,买盘
2078,11:20:00,10.73,--,8,8584,买盘
2079,11:19:54,10.73,-0.01,164,175972,卖盘
2080,11:19:51,10.74,--,29,31146,买盘
2081,11:19:48,10.74,0.01,23,24702,买盘
2082,11:19:45,10.73,--,24,25752,卖盘
2083,11:19:42,10.73,--,6,6438,卖盘
2084,11:19:39,10.73,-0.01,48,51504,中性盘
2085,11:19:30,10.74,--,10,10740,买盘
2086,11:19:24,10.74,0.01,109,117066,买盘
2087,11:19:21,10.73,--,2,2146,卖盘
2088,11:19:15,10.73,--,21,22758,买盘
2089,11:19:12,10.73,--,6,6438,买盘
2090,11:18:54,10.73,-0.01,142,153213,卖盘
2091,11:18:51,10.74,0.01,156,167544,买盘
2092,11:18:48,10.73,-0.01,100,107300,卖盘
2093,11:18:45,10.74,0.01,110,118140,买盘
2094,11:18:42,10.73,-0.01,194,208162,卖盘
2095,11:18:39,10.74,0.01,11,11814,买盘
2096,11:18:36,10.73,--,15,16095,卖盘
2097,11:18:33,10.73,--,7,7511,卖盘
2098,11:18:27,10.73,--,40,42920,卖盘
2099,11:18:24,10.73,--,112,120176,卖盘
2100,11:18:21,10.73,--,57,61386,买盘
2101,11:18:18,10.73,0.01,1,1073,买盘
2102,11:18:12,10.72,-0.01,1,1072,卖盘
2103,11:17:57,10.73,--,142,152366,买盘
2104,11:17:54,10.73,0.01,111,119103,买盘
2105,11:17:48,10.72,--,60,64320,卖盘
2106,11:17:42,10.72,--,1,1072,卖盘
2107,11:17:36,10.72,--,8,8576,卖盘
2108,11:17:33,10.72,-0.01,2,2144,卖盘
2109,11:17:27,10.73,--,5,5365,买盘
2110,11:17:24,10.73,0.01,109,116957,买盘
2111,11:17:21,10.72,-0.01,32,34304,卖盘
2112,11:17:18,10.73,0.01,82,87986,买盘
2113,11:17:12,10.72,--,1,1072,卖盘
2114,11:17:09,10.72,-0.01,3,3216,卖盘
2115,11:17:03,10.73,--,3,3219,买盘
2116,11:17:00,10.73,--,65,69745,买盘
2117,11:16:54,10.73,--,110,118030,买盘
2118,11:16:48,10.73,0.01,1,1073,买盘
2119,11:16:45,10.72,-0.01,11,11792,卖盘
2120,11:16:42,10.73,0.01,20,21460,买盘
2121,11:16:39,10.72,--,5,5360,卖盘
2122,11:16:36,10.72,--,8,8576,卖盘
2123,11:16:27,10.72,-0.01,4,4288,卖盘
2124,11:16:24,10.73,--,209,224257,买盘
2125,11:16:21,10.73,--,201,215673,买盘
2126,11:16:18,10.73,0.01,296,317608,买盘
2127,11:16:15,10.72,--,32,34304,卖盘
2128,11:16:12,10.72,--,5,5360,卖盘
2129,11:16:06,10.72,--,17,18224,卖盘
2130,11:16:03,10.72,--,5,5360,卖盘
2131,11:15:57,10.72,-0.01,2,2144,卖盘
2132,11:15:54,10.73,--,110,118030,买盘
2133,11:15:51,10.73,--,24,25752,买盘
2134,11:15:48,10.73,0.01,12,12876,买盘
2135,11:15:45,10.72,--,1,1072,卖盘
2136,11:15:39,10.72,--,179,191888,卖盘
2137,11:15:33,10.72,--,8,8576,卖盘
2138,11:15:27,10.72,-0.01,22,23584,卖盘
2139,11:15:24,10.73,0.01,109,116957,买盘
2140,11:15:21,10.72,-0.01,10,10720,卖盘
2141,11:15:18,10.73,0.01,1,1073,买盘
2142,11:15:15,10.72,--,1,1072,卖盘
2143,11:15:12,10.72,--,63,67536,卖盘
2144,11:15:09,10.72,-0.01,5,5360,卖盘
2145,11:15:03,10.73,0.01,7,7511,买盘
2146,11:15:00,10.72,-0.01,50,53600,卖盘
2147,11:14:54,10.73,0.01,309,331557,买盘
2148,11:14:51,10.72,-0.01,1,1072,卖盘
2149,11:14:42,10.73,--,1,1073,买盘
2150,11:14:39,10.73,--,10,10730,买盘
2151,11:14:36,10.73,0.01,52,55796,买盘
2152,11:14:33,10.72,--,8,8576,卖盘
2153,11:14:24,10.72,--,124,132928,卖盘
2154,11:14:21,10.72,--,15,16080,卖盘
2155,11:14:12,10.72,--,2,2144,卖盘
2156,11:14:09,10.72,--,10,10720,卖盘
2157,11:14:00,10.72,-0.01,8,8576,卖盘
2158,11:13:54,10.73,0.01,109,116957,买盘
2159,11:13:48,10.72,-0.01,20,21440,卖盘
2160,11:13:42,10.73,0.02,595,638435,买盘
2161,11:13:33,10.71,--,1,1071,卖盘
2162,11:13:30,10.71,-0.01,9,9639,卖盘
2163,11:13:27,10.72,--,5,5360,买盘
2164,11:13:24,10.72,--,124,132928,买盘
2165,11:13:18,10.72,0.01,44,47168,买盘
2166,11:13:15,10.71,--,3,3213,卖盘
2167,11:13:12,10.71,-0.01,15,16065,卖盘
2168,11:13:00,10.72,0.01,68,72896,买盘
2169,11:12:57,10.71,-0.01,1,1071,卖盘
2170,11:12:54,10.72,-0.01,111,118992,中性盘
2171,11:12:51,10.73,0.01,50,53650,买盘
2172,11:12:48,10.72,--,30,32160,卖盘
2173,11:12:42,10.72,--,401,429872,卖盘
2174,11:12:36,10.72,--,3,3216,卖盘
2175,11:12:33,10.72,--,10,10720,卖盘
2176,11:12:30,10.72,--,8,8576,卖盘
2177,11:12:27,10.72,-0.01,3,3216,卖盘
2178,11:12:24,10.73,--,201,215673,买盘
2179,11:12:18,10.73,--,1,1073,买盘
2180,11:12:15,10.73,--,94,100862,买盘
2181,11:12:12,10.73,--,11,11803,买盘
2182,11:12:03,10.73,--,5,5365,买盘
2183,11:11:57,10.73,0.01,3,3219,买盘
2184,11:11:54,10.72,-0.01,120,128640,卖盘
2185,11:11:51,10.73,0.01,4,4292,买盘
2186,11:11:48,10.72,--,46,49312,卖盘
2187,11:11:45,10.72,-0.01,5,5360,卖盘
2188,11:11:42,10.73,0.01,4,4292,买盘
2189,11:11:39,10.72,--,87,93264,卖盘
2190,11:11:36,10.72,-0.01,1,1072,卖盘
2191,11:11:30,10.73,0.01,19,20387,买盘
2192,11:11:27,10.72,-0.01,10,10720,卖盘
2193,11:11:24,10.73,0.01,109,116957,买盘
2194,11:11:21,10.72,--,1,1072,卖盘
2195,11:11:15,10.72,--,1,1072,卖盘
2196,11:11:12,10.72,-0.01,2,2144,卖盘
2197,11:11:06,10.73,0.01,104,111592,买盘
2198,11:10:57,10.72,-0.01,2,2144,卖盘
2199,11:10:54,10.73,--,4,4292,买盘
2200,11:10:51,10.73,--,114,122322,买盘
2201,11:10:48,10.73,0.01,1,1073,买盘
2202,11:10:42,10.72,--,1,1072,卖盘
2203,11:10:39,10.72,-0.01,150,160800,卖盘
2204,11:10:36,10.73,--,3,3219,买盘
2205,11:10:33,10.73,0.01,4,4292,买盘
2206,11:10:30,10.72,-0.01,8,8576,卖盘
2207,11:10:21,10.73,--,113,121249,买盘
2208,11:10:18,10.73,--,3,3219,买盘
2209,11:10:15,10.73,--,5,5365,买盘
2210,11:10:12,10.73,--,7,7511,买盘
2211,11:10:09,10.73,--,2,2146,买盘
2212,11:10:00,10.73,0.01,100,107300,买盘
2213,11:09:57,10.72,-0.01,21,22512,卖盘
2214,11:09:51,10.73,0.01,122,130906,买盘
2215,11:09:48,10.72,--,4,4288,卖盘
2216,11:09:45,10.72,-0.01,85,91120,卖盘
2217,11:09:42,10.73,0.01,1,1073,买盘
2218,11:09:39,10.72,-0.01,211,226192,卖盘
2219,11:09:36,10.73,--,259,277907,买盘
2220,11:09:30,10.73,0.01,102,109446,买盘
2221,11:09:27,10.72,--,8,8576,卖盘
2222,11:09:21,10.72,--,118,126496,卖盘
2223,11:09:18,10.72,--,53,56816,卖盘
2224,11:09:15,10.72,-0.01,5,5360,卖盘
2225,11:09:12,10.73,0.01,1,1073,买盘
2226,11:09:09,10.72,-0.01,5,5360,卖盘
2227,11:09:06,10.73,0.01,4,4292,买盘
2228,11:09:00,10.72,--,6,6432,卖盘
2229,11:08:51,10.72,--,10,10720,卖盘
2230,11:08:45,10.72,-0.01,2,2144,卖盘
2231,11:08:42,10.73,0.01,1,1073,买盘
2232,11:08:39,10.72,--,1,1072,卖盘
2233,11:08:33,10.72,-0.01,4,4288,卖盘
2234,11:08:30,10.73,0.01,11,11803,买盘
2235,11:08:27,10.72,--,8,8576,卖盘
2236,11:08:21,10.72,--,190,203680,卖盘
2237,11:08:18,10.72,-0.01,8,8576,卖盘
2238,11:08:15,10.73,0.01,83,89059,买盘
2239,11:08:09,10.72,0.01,59,63248,买盘
2240,11:08:06,10.71,--,1,1071,卖盘
2241,11:08:00,10.71,-0.01,2,2142,卖盘
2242,11:07:57,10.72,-0.01,46,49312,中性盘
2243,11:07:48,10.73,0.01,17,18241,买盘
2244,11:07:45,10.72,-0.01,43,46096,卖盘
2245,11:07:42,10.73,0.01,1,1073,买盘
2246,11:07:39,10.72,-0.01,62,66464,中性盘
2247,11:07:27,10.73,0.02,129,138417,买盘
2248,11:07:24,10.71,--,46,49266,卖盘
2249,11:07:15,10.71,-0.01,1,1071,卖盘
2250,11:07:12,10.72,--,1,1072,买盘
2251,11:07:09,10.72,--,2,2144,买盘
2252,11:07:06,10.72,--,10,10720,买盘
2253,11:07:03,10.72,--,57,61104,买盘
2254,11:06:57,10.72,0.01,29,31088,买盘
2255,11:06:51,10.71,-0.01,7,7497,卖盘
2256,11:06:42,10.72,--,25,26800,买盘
2257,11:06:39,10.72,-0.01,1,1843,卖盘
2258,11:06:36,10.73,0.02,100,107600,买盘
2259,11:06:33,10.71,--,9,9639,卖盘
2260,11:06:30,10.71,--,1,1071,卖盘
2261,11:06:27,10.71,-0.01,24,25704,卖盘
2262,11:06:24,10.72,--,9,9648,买盘
2263,11:06:18,10.72,-0.01,40,43651,卖盘
2264,11:06:12,10.73,0.01,2,2146,买盘
2265,11:06:06,10.72,--,2,2144,卖盘
2266,11:06:03,10.72,--,242,259938,卖盘
2267,11:06:00,10.72,--,128,138073,买盘
2268,11:05:57,10.72,--,10,10720,买盘
2269,11:05:51,10.72,--,10,10720,买盘
2270,11:05:42,10.72,--,5,5360,买盘
2271,11:05:39,10.72,--,42,45238,卖盘
2272,11:05:36,10.72,-0.01,11,11792,卖盘
2273,11:05:33,10.73,0.01,40,42920,买盘
2274,11:05:30,10.72,--,1,1072,卖盘
2275,11:05:24,10.72,--,13,13936,卖盘
2276,11:05:18,10.72,--,16,17152,卖盘
2277,11:05:15,10.72,-0.01,61,65392,卖盘
2278,11:05:12,10.73,0.01,1,1073,买盘
2279,11:05:09,10.72,-0.01,1,1072,卖盘
2280,11:05:03,10.73,0.01,44,47212,买盘
2281,11:05:00,10.72,--,7,7504,卖盘
2282,11:04:57,10.72,0.01,388,416793,买盘
2283,11:04:54,10.71,-0.01,20,21420,卖盘
2284,11:04:51,10.72,0.01,13,13936,买盘
2285,11:04:48,10.71,-0.01,8,8568,卖盘
2286,11:04:42,10.72,0.01,54,57888,买盘
2287,11:04:39,10.71,--,5,5355,卖盘
2288,11:04:30,10.71,--,17,18207,卖盘
2289,11:04:21,10.71,-0.01,39,41769,卖盘
2290,11:04:18,10.72,--,1,1072,买盘
2291,11:04:15,10.72,0.01,4,4288,买盘
2292,11:04:12,10.71,-0.02,10,10710,卖盘
2293,11:04:09,10.73,0.01,1,1073,买盘
2294,11:04:06,10.72,-0.01,80,85760,卖盘
2295,11:04:03,10.73,0.01,65,69745,买盘
2296,11:04:00,10.72,--,10,10720,卖盘
2297,11:03:57,10.72,0.01,56,60032,买盘
2298,11:03:48,10.71,-0.01,11,11781,卖盘
2299,11:03:42,10.72,0.01,200,214400,买盘
2300,11:03:39,10.71,-0.01,3,3213,卖盘
2301,11:03:36,10.72,--,6,6432,买盘
2302,11:03:33,10.72,--,10,10720,买盘
2303,11:03:21,10.72,--,24,25728,卖盘
2304,11:03:18,10.72,-0.01,10,10720,卖盘
2305,11:03:15,10.73,0.01,7,7511,买盘
2306,11:03:12,10.72,-0.01,160,171520,卖盘
2307,11:03:09,10.73,0.01,80,85840,买盘
2308,11:03:06,10.72,--,501,537072,卖盘
2309,11:03:00,10.72,-0.01,20,21440,卖盘
2310,11:02:57,10.73,0.01,7,7511,买盘
2311,11:02:54,10.72,-0.01,10,10720,卖盘
2312,11:02:48,10.73,--,42,45066,买盘
2313,11:02:42,10.73,0.01,1,1073,买盘
2314,11:02:36,10.72,-0.01,80,85760,卖盘
2315,11:02:30,10.73,0.01,11,11803,买盘
2316,11:02:27,10.72,--,6,6432,卖盘
2317,11:02:21,10.72,-0.01,8,8576,卖盘
2318,11:02:15,10.73,0.01,5,5365,买盘
2319,11:02:09,10.72,--,48,51456,卖盘
2320,11:02:00,10.72,--,4,4288,卖盘
2321,11:01:57,10.72,--,10,10720,卖盘
2322,11:01:54,10.72,--,1,1072,卖盘
2323,11:01:51,10.72,--,301,322672,卖盘
2324,11:01:48,10.72,-0.01,22,23584,卖盘
2325,11:01:45,10.73,0.01,6,6438,买盘
2326,11:01:42,10.72,-0.01,298,319456,卖盘
2327,11:01:39,10.73,--,4,4292,买盘
2328,11:01:24,10.73,0.01,10,10730,买盘
2329,11:01:21,10.72,-0.01,103,110416,卖盘
2330,11:01:18,10.73,0.01,1,1073,买盘
2331,11:01:15,10.72,--,73,78256,卖盘
2332,11:01:12,10.72,-0.01,1,1072,卖盘
2333,11:01:09,10.73,--,19,20387,买盘
2334,11:01:06,10.73,--,120,128760,买盘
2335,11:01:00,10.73,0.01,79,84767,买盘
2336,11:00:57,10.72,-0.01,100,107200,卖盘
2337,11:00:48,10.73,0.01,110,118030,买盘
2338,11:00:42,10.72,--,90,96480,卖盘
2339,11:00:36,10.72,--,10,10720,卖盘
2340,11:00:30,10.72,--,3,3216,卖盘
2341,11:00:24,10.72,--,62,66464,卖盘
2342,11:00:21,10.72,--,43,46096,卖盘
2343,11:00:18,10.72,--,12,12864,卖盘
2344,11:00:15,10.72,-0.01,1,1072,卖盘
2345,11:00:12,10.73,0.01,10,10730,买盘
2346,11:00:06,10.72,--,8,8576,卖盘
2347,11:00:00,10.72,--,3,3216,卖盘
2348,10:59:54,10.72,--,2,2144,卖盘
2349,10:59:51,10.72,-0.01,2,2144,卖盘
2350,10:59:48,10.73,--,1,1073,买盘
2351,10:59:45,10.73,--,4,4292,买盘
2352,10:59:42,10.73,0.01,11,11803,买盘
2353,10:59:39,10.72,-0.01,10,10720,卖盘
2354,10:59:27,10.73,0.01,7,7511,买盘
2355,10:59:24,10.72,--,17,18224,卖盘
2356,10:59:18,10.72,--,9,9648,卖盘
2357,10:59:12,10.72,-0.01,12,12864,卖盘
2358,10:59:03,10.73,--,11,11803,买盘
2359,10:58:57,10.73,--,20,21460,买盘
2360,10:58:54,10.73,--,9,9657,买盘
2361,10:58:51,10.73,--,100,107300,买盘
2362,10:58:48,10.73,--,215,230695,买盘
2363,10:58:36,10.73,--,7,7511,买盘
2364,10:58:30,10.73,--,60,64380,卖盘
2365,10:58:27,10.73,--,1,1073,卖盘
2366,10:58:24,10.73,--,61,65453,卖盘
2367,10:58:21,10.73,--,21,22533,卖盘
2368,10:58:18,10.73,--,7,7511,卖盘
2369,10:58:15,10.73,-0.01,19,20387,卖盘
2370,10:58:12,10.74,--,7,7518,买盘
2371,10:58:06,10.74,--,505,542370,买盘
2372,10:58:03,10.74,--,3,3222,买盘
2373,10:57:54,10.74,0.01,3,3222,买盘
2374,10:57:51,10.73,-0.01,19,20387,卖盘
2375,10:57:45,10.74,0.01,30,32220,买盘
2376,10:57:42,10.73,--,10,10730,卖盘
2377,10:57:39,10.73,--,3,3219,卖盘
2378,10:57:30,10.73,-0.01,9,9657,卖盘
2379,10:57:27,10.74,0.01,26,27924,买盘
2380,10:57:24,10.73,0.01,16,17168,买盘
2381,10:57:18,10.72,--,3,3216,卖盘
2382,10:57:15,10.72,-0.01,422,452384,卖盘
2383,10:57:12,10.73,0.01,2,2146,买盘
2384,10:57:09,10.72,-0.01,13,13936,卖盘
2385,10:57:06,10.73,0.01,5,5365,买盘
2386,10:56:57,10.72,-0.01,6,6432,卖盘
2387,10:56:54,10.73,0.01,60,64380,买盘
2388,10:56:51,10.72,--,51,54672,卖盘
2389,10:56:48,10.72,--,4,4288,卖盘
2390,10:56:45,10.72,-0.01,53,56816,卖盘
2391,10:56:42,10.73,--,11,11803,买盘
2392,10:56:39,10.73,--,298,319754,买盘
2393,10:56:30,10.73,0.01,50,53650,买盘
2394,10:56:27,10.72,--,69,73968,卖盘
2395,10:56:24,10.72,-0.01,52,55744,卖盘
2396,10:56:21,10.73,--,14,15022,买盘
2397,10:56:18,10.73,--,114,122322,买盘
2398,10:56:15,10.73,0.01,23,24679,买盘
2399,10:56:12,10.72,-0.01,209,224048,卖盘
2400,10:56:09,10.73,0.01,588,630924,买盘
2401,10:56:06,10.72,--,20,21440,卖盘
2402,10:56:03,10.72,--,10,10720,卖盘
2403,10:56:00,10.72,--,30,32160,卖盘
2404,10:55:57,10.72,--,5,5360,买盘
2405,10:55:54,10.72,-0.01,42,45024,卖盘
2406,10:55:51,10.73,--,23,24679,买盘
2407,10:55:48,10.73,--,8,8584,买盘
2408,10:55:45,10.73,--,8,8584,买盘
2409,10:55:42,10.73,0.01,21,22533,买盘
2410,10:55:39,10.72,--,42,45024,买盘
2411,10:55:30,10.72,0.01,61,65392,买盘
2412,10:55:24,10.71,--,11,11781,卖盘
2413,10:55:21,10.71,0.01,46,49266,卖盘
2414,10:55:18,10.7,--,20,21400,卖盘
2415,10:55:15,10.7,--,725,775750,卖盘
2416,10:55:12,10.7,-0.01,25,26750,卖盘
2417,10:55:03,10.71,--,76,81396,买盘
2418,10:54:51,10.71,--,2,2142,买盘
2419,10:54:42,10.71,0.02,1,1071,买盘
2420,10:54:39,10.69,-0.02,30,32070,卖盘
2421,10:54:36,10.71,0.01,41,43911,买盘
2422,10:54:30,10.7,--,49,52858,卖盘
2423,10:54:27,10.7,0.01,167,178690,买盘
2424,10:54:24,10.69,--,15,16035,卖盘
2425,10:54:18,10.69,--,26,27794,买盘
2426,10:54:15,10.69,0.01,14,14966,买盘
2427,10:54:12,10.68,-0.01,8,8544,卖盘
2428,10:54:06,10.69,--,1,1069,买盘
2429,10:54:03,10.69,-0.02,464,496016,卖盘
2430,10:54:00,10.71,0.01,10,10710,中性盘
2431,10:53:51,10.7,-0.02,44,47080,卖盘
2432,10:53:45,10.72,--,48,51456,买盘
2433,10:53:42,10.72,--,601,644272,买盘
2434,10:53:39,10.72,0.01,7,7504,买盘
2435,10:53:33,10.71,-0.01,3,3213,卖盘
2436,10:53:27,10.72,0.01,28,30016,买盘
2437,10:53:24,10.71,-0.01,28,29988,卖盘
2438,10:53:21,10.72,0.01,26,27872,买盘
2439,10:53:18,10.71,-0.01,40,42840,卖盘
2440,10:53:15,10.72,0.01,3,3216,买盘
2441,10:53:12,10.71,--,12,12852,卖盘
2442,10:53:09,10.71,-0.01,3,3213,卖盘
2443,10:53:03,10.72,0.01,182,195104,买盘
2444,10:53:00,10.71,--,4,4284,卖盘
2445,10:52:57,10.71,--,25,26775,卖盘
2446,10:52:51,10.71,-0.01,10,10710,卖盘
2447,10:52:48,10.72,--,1,1072,买盘
2448,10:52:45,10.72,--,9,9648,卖盘
2449,10:52:42,10.72,--,15,16080,卖盘
2450,10:52:36,10.72,--,24,25728,卖盘
2451,10:52:33,10.72,--,62,66464,卖盘
2452,10:52:30,10.72,-0.01,45,48240,卖盘
2453,10:52:27,10.73,0.01,1,1073,买盘
2454,10:52:21,10.72,--,53,56816,卖盘
2455,10:52:18,10.72,--,3,3216,卖盘
2456,10:52:15,10.72,-0.01,381,408432,卖盘
2457,10:52:12,10.73,--,6,6438,买盘
2458,10:52:09,10.73,--,21,22533,买盘
2459,10:52:06,10.73,0.01,281,301513,买盘
2460,10:52:03,10.72,-0.01,123,131856,卖盘
2461,10:52:00,10.73,--,13,13949,买盘
2462,10:51:57,10.73,--,20,21460,买盘
2463,10:51:54,10.73,0.01,12,12876,买盘
2464,10:51:51,10.72,-0.01,215,230480,卖盘
2465,10:51:48,10.73,--,3,3219,买盘
2466,10:51:45,10.73,--,41,43993,买盘
2467,10:51:42,10.73,0.01,19,20387,买盘
2468,10:51:36,10.72,--,7,7504,卖盘
2469,10:51:30,10.72,--,20,21440,卖盘
2470,10:51:27,10.72,--,20,21440,卖盘
2471,10:51:24,10.72,--,183,196176,卖盘
2472,10:51:18,10.72,-0.01,40,42880,卖盘
2473,10:51:15,10.73,0.01,28,30044,买盘
2474,10:51:12,10.72,--,1,1072,卖盘
2475,10:51:09,10.72,--,22,23584,卖盘
2476,10:51:06,10.72,-0.01,500,536000,卖盘
2477,10:51:00,10.73,0.01,59,63307,买盘
2478,10:50:57,10.72,--,29,31088,卖盘
2479,10:50:54,10.72,-0.01,110,117920,卖盘
2480,10:50:51,10.73,0.01,30,32190,买盘
2481,10:50:48,10.72,--,12,12864,卖盘
2482,10:50:45,10.72,-0.01,25,26800,卖盘
2483,10:50:42,10.73,0.01,31,33263,买盘
2484,10:50:39,10.72,-0.01,38,40736,卖盘
2485,10:50:36,10.73,0.01,10,10730,买盘
2486,10:50:33,10.72,-0.01,58,62176,卖盘
2487,10:50:30,10.73,0.01,46,49358,买盘
2488,10:50:27,10.72,--,77,82544,卖盘
2489,10:50:24,10.72,-0.01,6,6432,卖盘
2490,10:50:21,10.73,0.01,563,604099,买盘
2491,10:50:18,10.72,--,428,458816,买盘
2492,10:50:12,10.72,--,2,2144,买盘
2493,10:50:09,10.72,0.01,27,28944,买盘
2494,10:50:06,10.71,--,90,96390,买盘
2495,10:50:03,10.71,0.01,10,10710,买盘
2496,10:50:00,10.7,-0.01,8,8560,卖盘
2497,10:49:57,10.71,0.01,54,57834,买盘
2498,10:49:54,10.7,--,313,334910,卖盘
2499,10:49:48,10.7,--,10,10700,卖盘
2500,10:49:45,10.7,--,5,5350,卖盘
2501,10:49:42,10.7,0.01,1727,1847954,买盘
2502,10:49:33,10.69,0.01,30,32070,买盘
2503,10:49:21,10.68,-0.01,2,2136,卖盘
2504,10:49:18,10.69,0.01,1,1069,买盘
2505,10:49:12,10.68,--,36,38448,卖盘
2506,10:49:06,10.68,--,90,96120,卖盘
2507,10:48:51,10.68,-0.01,209,223212,卖盘
2508,10:48:48,10.69,--,1,1069,买盘
2509,10:48:42,10.69,--,6,6414,买盘
2510,10:48:39,10.69,--,200,213800,买盘
2511,10:48:36,10.69,--,62,66278,买盘
2512,10:48:30,10.69,--,57,60933,买盘
2513,10:48:27,10.69,--,22,23518,买盘
2514,10:48:24,10.69,--,4,4276,买盘
2515,10:48:12,10.69,--,2,2138,买盘
2516,10:48:09,10.69,0.01,6,6414,买盘
2517,10:48:06,10.68,-0.01,8,8544,卖盘
2518,10:48:03,10.69,--,115,122935,买盘
2519,10:48:00,10.69,--,103,110107,买盘
2520,10:47:57,10.69,--,24,25656,买盘
2521,10:47:54,10.69,--,12,12828,买盘
2522,10:47:48,10.69,--,2,2138,买盘
2523,10:47:45,10.69,--,36,38484,买盘
2524,10:47:42,10.69,--,3,3207,买盘
2525,10:47:36,10.69,0.01,1,1069,买盘
2526,10:47:30,10.68,--,28,29904,卖盘
2527,10:47:24,10.68,-0.01,40,42720,卖盘
2528,10:47:21,10.69,0.01,4,4276,买盘
2529,10:47:18,10.68,--,25,26700,卖盘
2530,10:47:12,10.68,-0.01,9,9612,卖盘
2531,10:47:09,10.69,--,46,49174,买盘
2532,10:47:06,10.69,0.01,15,16035,买盘
2533,10:47:03,10.68,-0.01,8,8544,卖盘
2534,10:47:00,10.69,--,1,1069,买盘
2535,10:46:54,10.69,--,5,5345,买盘
2536,10:46:51,10.69,--,2,2138,买盘
2537,10:46:48,10.69,0.01,405,432945,买盘
2538,10:46:45,10.68,-0.01,20,21360,卖盘
2539,10:46:33,10.69,-0.01,140,149660,卖盘
2540,10:46:27,10.7,0.01,60,64199,买盘
2541,10:46:24,10.69,0.01,10,10690,卖盘
2542,10:46:21,10.68,--,150,160200,卖盘
2543,10:46:15,10.68,-0.01,45,48060,卖盘
2544,10:46:12,10.69,--,124,132556,买盘
2545,10:46:09,10.69,--,19,20311,买盘
2546,10:46:03,10.69,0.01,35,37415,买盘
2547,10:46:00,10.68,-0.01,50,53400,卖盘
2548,10:45:57,10.69,--,4,4276,买盘
2549,10:45:54,10.69,0.01,178,190282,买盘
2550,10:45:51,10.68,-0.01,20,21360,卖盘
2551,10:45:48,10.69,0.01,17,18173,买盘
2552,10:45:45,10.68,--,24,25632,买盘
2553,10:45:42,10.68,--,41,43788,买盘
2554,10:45:39,10.68,--,57,60876,买盘
2555,10:45:33,10.68,--,10,10680,买盘
2556,10:45:30,10.68,--,20,21360,买盘
2557,10:45:27,10.68,0.01,21,22428,买盘
2558,10:45:24,10.67,--,14,14938,卖盘
2559,10:45:21,10.67,-0.01,65,69355,卖盘
2560,10:45:18,10.68,0.01,10,10680,买盘
2561,10:45:09,10.67,--,97,103499,买盘
2562,10:45:06,10.67,--,4,4268,买盘
2563,10:45:03,10.67,--,294,313698,买盘
2564,10:45:00,10.67,--,5,5335,买盘
2565,10:44:57,10.67,--,47,50149,买盘
2566,10:44:54,10.67,--,2,2134,买盘
2567,10:44:51,10.67,--,152,162184,买盘
2568,10:44:48,10.67,--,51,54417,买盘
2569,10:44:45,10.67,--,7,7469,买盘
2570,10:44:39,10.67,--,55,58685,买盘
2571,10:44:36,10.67,--,199,212333,买盘
2572,10:44:33,10.67,--,5,5335,买盘
2573,10:44:30,10.67,--,32,34144,买盘
2574,10:44:27,10.67,0.01,13,13871,买盘
2575,10:44:24,10.66,-0.01,1,1066,卖盘
2576,10:44:21,10.67,--,67,71489,买盘
2577,10:44:18,10.67,--,26,27742,买盘
2578,10:44:15,10.67,--,1,1067,买盘
2579,10:44:12,10.67,0.01,80,85360,买盘
2580,10:44:09,10.66,--,29,30914,卖盘
2581,10:44:06,10.66,--,10,10660,卖盘
2582,10:44:00,10.66,--,12,12792,卖盘
2583,10:43:57,10.66,-0.01,101,107666,卖盘
2584,10:43:51,10.67,--,10,10670,买盘
2585,10:43:48,10.67,--,1,1067,买盘
2586,10:43:45,10.67,--,110,117370,买盘
2587,10:43:42,10.67,--,23,24541,买盘
2588,10:43:36,10.67,0.01,161,171787,买盘
2589,10:43:33,10.66,--,58,61828,卖盘
2590,10:43:30,10.66,-0.01,43,45838,卖盘
2591,10:43:27,10.67,--,21,22407,买盘
2592,10:43:24,10.67,--,20,21340,买盘
2593,10:43:21,10.67,0.01,13,13871,买盘
2594,10:43:18,10.66,-0.01,4,4264,卖盘
2595,10:43:15,10.67,--,14,14938,买盘
2596,10:43:12,10.67,--,3,3201,买盘
2597,10:43:09,10.67,0.01,17,18139,中性盘
2598,10:43:00,10.66,-0.01,106,112996,卖盘
2599,10:42:57,10.67,--,13,13871,买盘
2600,10:42:54,10.67,0.01,10,10670,中性盘
2601,10:42:48,10.66,-0.02,5,5330,卖盘
2602,10:42:45,10.68,0.01,57,60876,买盘
2603,10:42:42,10.67,0.01,6,6402,买盘
2604,10:42:39,10.66,-0.01,59,62894,卖盘
2605,10:42:36,10.67,0.01,19,20273,买盘
2606,10:42:33,10.66,-0.01,7,7462,卖盘
2607,10:42:27,10.67,0.01,17,18139,买盘
2608,10:42:24,10.66,--,10,10660,卖盘
2609,10:42:21,10.66,-0.01,22,23452,卖盘
2610,10:42:18,10.67,0.01,1,1067,买盘
2611,10:42:15,10.66,-0.01,22,23452,卖盘
2612,10:42:12,10.67,0.01,4,4268,买盘
2613,10:42:09,10.66,--,13,13858,卖盘
2614,10:42:06,10.66,-0.01,12,12792,卖盘
2615,10:42:00,10.67,--,22,23474,买盘
2616,10:41:57,10.67,0.01,5,5335,买盘
2617,10:41:54,10.66,-0.01,50,53300,卖盘
2618,10:41:48,10.67,0.01,11,11737,买盘
2619,10:41:45,10.66,-0.01,27,28782,卖盘
2620,10:41:39,10.67,0.01,70,74690,买盘
2621,10:41:36,10.66,-0.01,64,68224,卖盘
2622,10:41:33,10.67,0.01,15,16005,买盘
2623,10:41:30,10.66,-0.01,31,33046,卖盘
2624,10:41:21,10.67,--,4,4268,买盘
2625,10:41:18,10.67,0.01,130,138710,买盘
2626,10:41:12,10.66,--,22,23452,卖盘
2627,10:41:09,10.66,-0.01,10,10660,卖盘
2628,10:41:06,10.67,0.01,25,26675,买盘
2629,10:41:03,10.66,--,6,6396,卖盘
2630,10:40:57,10.66,--,8,8528,卖盘
2631,10:40:54,10.66,0.01,28,30146,买盘
2632,10:40:51,10.65,-0.01,39,41535,卖盘
2633,10:40:48,10.66,--,1,1066,买盘
2634,10:40:45,10.66,0.01,212,225992,买盘
2635,10:40:39,10.65,-0.01,42,44730,卖盘
2636,10:40:36,10.66,0.01,23,24518,买盘
2637,10:40:33,10.65,-0.01,3,3195,卖盘
2638,10:40:30,10.66,--,8,8528,买盘
2639,10:40:27,10.66,--,63,67158,买盘
2640,10:40:24,10.66,--,5,5330,买盘
2641,10:40:21,10.66,-0.02,859,916461,卖盘
2642,10:40:18,10.68,0.01,19,20292,买盘
2643,10:40:15,10.67,--,10,10670,买盘
2644,10:40:12,10.67,--,168,179256,买盘
2645,10:40:06,10.67,--,11,11737,买盘
2646,10:40:03,10.67,-0.01,105,112035,卖盘
2647,10:40:00,10.68,0.01,5,5340,买盘
2648,10:39:57,10.67,--,8,8536,卖盘
2649,10:39:54,10.67,--,175,186725,卖盘
2650,10:39:51,10.67,--,150,160050,卖盘
2651,10:39:48,10.67,--,57,60819,卖盘
2652,10:39:45,10.67,--,91,97097,买盘
2653,10:39:42,10.67,0.01,5,5335,买盘
2654,10:39:39,10.66,--,2,2132,卖盘
2655,10:39:36,10.66,--,255,272128,卖盘
2656,10:39:33,10.66,--,28,29848,卖盘
2657,10:39:30,10.66,-0.01,3,3198,卖盘
2658,10:39:27,10.67,--,5,5335,买盘
2659,10:39:24,10.67,--,5,5335,买盘
2660,10:39:18,10.67,--,6,6402,买盘
2661,10:39:15,10.67,--,10,10670,买盘
2662,10:39:12,10.67,--,3,3201,买盘
2663,10:39:09,10.67,--,82,87494,买盘
2664,10:39:06,10.67,--,112,119504,卖盘
2665,10:39:03,10.67,-0.01,20,21340,卖盘
2666,10:39:00,10.68,0.01,54,57672,买盘
2667,10:38:57,10.67,--,38,40546,卖盘
2668,10:38:54,10.67,--,20,21340,卖盘
2669,10:38:48,10.67,--,32,34144,卖盘
2670,10:38:45,10.67,--,11,11737,卖盘
2671,10:38:42,10.67,--,48,51216,卖盘
2672,10:38:39,10.67,--,109,116303,卖盘
2673,10:38:33,10.67,--,54,57618,卖盘
2674,10:38:30,10.67,-0.01,23,24541,卖盘
2675,10:38:24,10.68,0.01,16,17088,买盘
2676,10:38:18,10.67,--,20,21340,卖盘
2677,10:38:12,10.67,-0.01,60,64020,卖盘
2678,10:38:06,10.68,--,3,3204,买盘
2679,10:38:03,10.68,--,1,1068,买盘
2680,10:38:00,10.68,-0.01,180,192240,卖盘
2681,10:37:57,10.69,0.01,7,7483,买盘
2682,10:37:54,10.68,--,8,8544,卖盘
2683,10:37:48,10.68,-0.01,224,239232,卖盘
2684,10:37:42,10.69,--,60,64140,买盘
2685,10:37:39,10.69,--,1,1069,买盘
2686,10:37:36,10.69,0.01,33,35277,买盘
2687,10:37:30,10.68,-0.01,5,5340,卖盘
2688,10:37:27,10.69,0.01,25,26725,买盘
2689,10:37:21,10.68,--,10,10680,卖盘
2690,10:37:18,10.68,--,59,63012,卖盘
2691,10:37:15,10.68,--,18,19224,卖盘
2692,10:37:03,10.68,--,5,5340,卖盘
2693,10:37:00,10.68,--,20,21360,卖盘
2694,10:36:54,10.68,--,19,20292,卖盘
2695,10:36:51,10.68,-0.01,159,169812,卖盘
2696,10:36:45,10.69,0.01,40,42760,买盘
2697,10:36:42,10.68,--,54,57672,卖盘
2698,10:36:39,10.68,--,209,223212,卖盘
2699,10:36:36,10.68,--,20,21360,卖盘
2700,10:36:30,10.68,--,15,16020,卖盘
2701,10:36:27,10.68,-0.01,43,45924,卖盘
2702,10:36:21,10.69,0.01,4,4276,买盘
2703,10:36:15,10.68,--,11,11748,卖盘
2704,10:36:12,10.68,-0.01,17,18156,卖盘
2705,10:36:06,10.69,--,244,260836,卖盘
2706,10:36:03,10.69,--,16,17104,卖盘
2707,10:36:00,10.69,-0.01,15,16035,卖盘
2708,10:35:57,10.7,0.01,23,24610,买盘
2709,10:35:54,10.69,--,11,11759,卖盘
2710,10:35:48,10.69,-0.01,30,32070,卖盘
2711,10:35:42,10.7,--,1,1070,买盘
2712,10:35:36,10.7,--,2,2140,买盘
2713,10:35:30,10.7,0.01,20,21400,买盘
2714,10:35:27,10.69,-0.01,5,5345,卖盘
2715,10:35:24,10.7,0.01,138,147660,买盘
2716,10:35:21,10.69,--,105,112245,卖盘
2717,10:35:15,10.69,-0.01,45,48105,卖盘
2718,10:35:12,10.7,--,8,8560,买盘
2719,10:35:09,10.7,0.01,10,10700,买盘
2720,10:35:06,10.69,--,63,67347,卖盘
2721,10:35:03,10.69,--,36,38484,卖盘
2722,10:35:00,10.69,-0.01,31,33139,卖盘
2723,10:34:54,10.7,0.01,6,6420,买盘
2724,10:34:51,10.69,--,48,51312,卖盘
2725,10:34:48,10.69,--,100,106900,卖盘
2726,10:34:45,10.69,-0.01,2,2138,卖盘
2727,10:34:42,10.7,0.01,1,1070,买盘
2728,10:34:39,10.69,--,81,86589,卖盘
2729,10:34:33,10.69,-0.01,40,42760,卖盘
2730,10:34:30,10.7,0.01,12,12840,买盘
2731,10:34:27,10.69,-0.01,23,24587,卖盘
2732,10:34:24,10.7,--,213,227909,买盘
2733,10:34:18,10.7,--,75,80250,买盘
2734,10:34:15,10.7,--,38,40660,买盘
2735,10:34:12,10.7,0.01,20,21400,买盘
2736,10:34:00,10.69,--,20,21380,卖盘
2737,10:33:57,10.69,--,60,64140,卖盘
2738,10:33:54,10.69,--,20,21380,卖盘
2739,10:33:51,10.69,-0.01,18,19242,卖盘
2740,10:33:42,10.7,--,4,4280,买盘
2741,10:33:39,10.7,--,20,21400,买盘
2742,10:33:36,10.7,--,10,10700,买盘
2743,10:33:33,10.7,0.02,64,68480,买盘
2744,10:33:30,10.68,--,91,97188,卖盘
2745,10:33:27,10.68,-0.02,201,214668,卖盘
2746,10:33:24,10.7,0.02,487,521089,买盘
2747,10:33:21,10.68,-0.01,17,18156,卖盘
2748,10:33:18,10.69,--,41,43829,买盘
2749,10:33:15,10.69,--,96,102624,买盘
2750,10:33:12,10.69,0.01,9,9621,买盘
2751,10:33:09,10.68,-0.01,115,122820,卖盘
2752,10:33:06,10.69,0.01,30,32070,买盘
2753,10:33:03,10.68,--,17,18156,卖盘
2754,10:32:57,10.68,--,50,53400,卖盘
2755,10:32:54,10.68,0.01,260,277680,买盘
2756,10:32:51,10.67,-0.01,98,104566,卖盘
2757,10:32:48,10.68,--,1,1068,买盘
2758,10:32:45,10.68,--,14,14952,买盘
2759,10:32:42,10.68,0.01,120,128160,买盘
2760,10:32:39,10.67,-0.01,1,1067,卖盘
2761,10:32:33,10.68,--,510,544680,买盘
2762,10:32:30,10.68,0.01,60,64080,买盘
2763,10:32:27,10.67,-0.01,10,10670,卖盘
2764,10:32:24,10.68,--,13,13884,买盘
2765,10:32:21,10.68,--,6,6408,买盘
2766,10:32:12,10.68,--,10,10680,买盘
2767,10:32:06,10.68,--,134,143112,卖盘
2768,10:32:03,10.68,--,32,34176,卖盘
2769,10:32:00,10.68,--,10,10680,卖盘
2770,10:31:54,10.68,--,13,13884,买盘
2771,10:31:51,10.68,--,503,537204,卖盘
2772,10:31:48,10.68,--,95,101460,卖盘
2773,10:31:45,10.68,--,16,17088,卖盘
2774,10:31:42,10.68,--,198,211464,卖盘
2775,10:31:39,10.68,-0.01,4,4272,卖盘
2776,10:31:36,10.69,--,188,200972,买盘
2777,10:31:30,10.69,--,388,414772,卖盘
2778,10:31:24,10.69,--,8,8552,卖盘
2779,10:31:18,10.69,--,1,1069,卖盘
2780,10:31:15,10.69,-0.01,180,192420,卖盘
2781,10:31:03,10.7,--,20,21400,买盘
2782,10:31:00,10.7,--,63,67410,卖盘
2783,10:30:57,10.7,--,89,95230,卖盘
2784,10:30:54,10.7,--,10,10700,卖盘
2785,10:30:51,10.7,--,126,134820,卖盘
2786,10:30:48,10.7,--,62,66340,卖盘
2787,10:30:45,10.7,--,246,263220,卖盘
2788,10:30:42,10.7,--,321,343470,卖盘
