,time,price,change,volume,amount,type
0,15:00:03,10.78,--,1685,1816430,卖盘
1,14:57:00,10.78,--,13,14014,卖盘
2,14:56:57,10.78,--,50,53900,卖盘
3,14:56:54,10.78,-0.01,103,111034,卖盘
4,14:56:51,10.79,0.01,33,35607,买盘
5,14:56:48,10.78,--,7,7546,卖盘
6,14:56:45,10.78,--,518,558404,卖盘
7,14:56:42,10.78,-0.01,17,18326,卖盘
8,14:56:39,10.79,--,20,21580,买盘
9,14:56:36,10.79,--,608,656032,卖盘
10,14:56:33,10.79,-0.01,42,45318,卖盘
11,14:56:30,10.8,0.01,62,66960,买盘
12,14:56:27,10.79,-0.01,12,12947,卖盘
13,14:56:24,10.8,0.01,15,16200,买盘
14,14:56:21,10.79,--,9,9711,卖盘
15,14:56:18,10.79,--,40,43160,卖盘
16,14:56:15,10.79,--,1,1079,卖盘
17,14:56:12,10.79,--,103,111136,卖盘
18,14:56:06,10.79,--,4,4316,卖盘
19,14:56:03,10.79,-0.01,7,7552,卖盘
20,14:56:00,10.8,--,253,273240,买盘
21,14:55:57,10.8,0.01,7,7560,买盘
22,14:55:54,10.79,--,16,17264,卖盘
23,14:55:51,10.79,--,4,4316,卖盘
24,14:55:48,10.79,-0.01,1,1079,卖盘
25,14:55:45,10.8,0.01,148,159840,买盘
26,14:55:42,10.79,-0.01,3,3236,卖盘
27,14:55:36,10.8,0.01,507,547560,买盘
28,14:55:33,10.79,--,3,3236,卖盘
29,14:55:30,10.79,--,3,3236,卖盘
30,14:55:27,10.79,-0.01,7,7552,卖盘
31,14:55:21,10.8,0.01,13,14040,买盘
32,14:55:15,10.79,--,2,2158,卖盘
33,14:55:12,10.79,-0.01,5,5395,卖盘
34,14:55:09,10.8,0.01,36,38880,买盘
35,14:55:06,10.79,-0.01,37,39923,卖盘
36,14:55:03,10.8,--,44,47520,买盘
37,14:55:00,10.8,0.01,26,28080,买盘
38,14:54:57,10.79,-0.01,5,5395,卖盘
39,14:54:54,10.8,--,42,45360,买盘
40,14:54:51,10.8,0.01,71,76680,买盘
41,14:54:48,10.79,--,39,42081,卖盘
42,14:54:45,10.79,--,14,15105,卖盘
43,14:54:42,10.79,--,2,2158,卖盘
44,14:54:36,10.79,--,86,92793,买盘
45,14:54:33,10.79,--,15,16184,买盘
46,14:54:30,10.79,--,164,176956,买盘
47,14:54:27,10.79,0.01,12,12947,买盘
48,14:54:24,10.78,--,13,14014,卖盘
49,14:54:21,10.78,-0.01,2,2156,卖盘
50,14:54:15,10.79,0.01,30,32369,买盘
51,14:54:12,10.78,-0.01,2,2156,卖盘
52,14:54:09,10.79,0.01,1,1079,买盘
53,14:54:06,10.78,--,27,29106,卖盘
54,14:54:03,10.78,-0.01,1,1078,卖盘
55,14:54:00,10.79,--,277,298883,卖盘
56,14:53:57,10.79,--,56,60423,卖盘
57,14:53:54,10.79,--,2,2158,卖盘
58,14:53:51,10.79,--,305,329095,卖盘
59,14:53:42,10.79,--,10,10790,卖盘
60,14:53:39,10.79,--,4,4316,卖盘
61,14:53:36,10.79,--,20,21580,卖盘
62,14:53:33,10.79,--,5,5395,卖盘
63,14:53:30,10.79,-0.01,3,3236,卖盘
64,14:53:27,10.8,0.01,30,32400,买盘
65,14:53:24,10.79,--,17,18343,卖盘
66,14:53:21,10.79,--,3,3236,卖盘
67,14:53:18,10.79,--,1,1079,卖盘
68,14:53:15,10.79,0.01,225,242774,买盘
69,14:53:12,10.78,--,2,2156,卖盘
70,14:53:06,10.78,--,2,2156,卖盘
71,14:53:03,10.78,--,36,38808,卖盘
72,14:53:00,10.78,--,304,327712,卖盘
73,14:52:57,10.78,--,82,88396,卖盘
74,14:52:54,10.78,--,5,5390,卖盘
75,14:52:51,10.78,--,4,4312,卖盘
76,14:52:48,10.78,--,75,80850,卖盘
77,14:52:45,10.78,--,6,6468,卖盘
78,14:52:42,10.78,--,2,2156,卖盘
79,14:52:39,10.78,-0.01,3,3234,卖盘
80,14:52:36,10.79,0.01,104,112215,买盘
81,14:52:33,10.78,--,3,3234,卖盘
82,14:52:30,10.78,-0.01,4,4312,卖盘
83,14:52:27,10.79,--,51,55028,卖盘
84,14:52:21,10.79,0.01,16,17264,买盘
85,14:52:15,10.78,-0.01,2,2156,卖盘
86,14:52:12,10.79,--,45,48554,买盘
87,14:52:09,10.79,0.01,47,50712,买盘
88,14:52:06,10.78,--,10,10780,卖盘
89,14:52:03,10.78,-0.01,73,78694,卖盘
90,14:52:00,10.79,--,101,108978,卖盘
91,14:51:57,10.79,--,2,2158,卖盘
92,14:51:54,10.79,--,3,3236,卖盘
93,14:51:51,10.79,--,10,10790,卖盘
94,14:51:48,10.79,--,47,50712,卖盘
95,14:51:45,10.79,--,27,29132,卖盘
96,14:51:42,10.79,--,2,2158,卖盘
97,14:51:39,10.79,--,21,22659,卖盘
98,14:51:36,10.79,--,2,2158,卖盘
99,14:51:30,10.79,-0.01,2,2158,卖盘
100,14:51:27,10.8,0.01,8,8640,买盘
101,14:51:21,10.79,--,38,41002,卖盘
102,14:51:15,10.79,-0.01,1,1079,卖盘
103,14:51:12,10.8,0.01,54,58320,买盘
104,14:51:09,10.79,--,36,38844,卖盘
105,14:51:06,10.79,--,10,10790,卖盘
106,14:51:00,10.79,--,4,4316,卖盘
107,14:50:57,10.79,-0.01,9,9711,卖盘
108,14:50:54,10.8,0.01,58,62640,买盘
109,14:50:51,10.79,-0.01,5,5395,卖盘
110,14:50:48,10.8,0.01,2543,2746440,买盘
111,14:50:45,10.79,--,2,2158,卖盘
112,14:50:42,10.79,--,9,9711,卖盘
113,14:50:39,10.79,-0.01,2,2158,卖盘
114,14:50:36,10.8,0.01,22,23760,买盘
115,14:50:30,10.79,--,32,34528,卖盘
116,14:50:24,10.79,--,6,6473,卖盘
117,14:50:21,10.79,--,495,534105,买盘
118,14:50:18,10.79,0.01,4,4316,买盘
119,14:50:15,10.78,-0.01,1,1078,卖盘
120,14:50:12,10.79,0.01,23,24816,买盘
121,14:50:09,10.78,--,50,53900,卖盘
122,14:50:06,10.78,-0.01,43,46354,卖盘
123,14:50:03,10.79,0.01,29,31290,买盘
124,14:49:57,10.78,-0.01,8,8624,卖盘
125,14:49:54,10.79,0.01,202,217957,买盘
126,14:49:51,10.78,--,4,4312,卖盘
127,14:49:45,10.78,--,6,6468,卖盘
128,14:49:42,10.78,--,11,11858,卖盘
129,14:49:39,10.78,--,23,24794,卖盘
130,14:49:33,10.78,--,2,2156,卖盘
131,14:49:30,10.78,--,1,1078,卖盘
132,14:49:27,10.78,--,83,89474,卖盘
133,14:49:24,10.78,--,12,12936,卖盘
134,14:49:21,10.78,-0.01,2,2156,卖盘
135,14:49:18,10.79,--,15,16184,买盘
136,14:49:15,10.79,0.01,25,26974,买盘
137,14:49:12,10.78,--,1,1078,卖盘
138,14:49:06,10.78,--,2,2156,卖盘
139,14:49:03,10.78,--,10,10780,卖盘
140,14:49:00,10.78,--,36,38808,卖盘
141,14:48:57,10.78,--,2,2156,卖盘
142,14:48:54,10.78,--,41,44198,卖盘
143,14:48:51,10.78,--,9,9702,卖盘
144,14:48:48,10.78,--,23,24794,卖盘
145,14:48:45,10.78,--,35,37730,卖盘
146,14:48:42,10.78,-0.01,29,31261,卖盘
147,14:48:39,10.79,--,5,5395,买盘
148,14:48:33,10.79,0.01,4,4316,买盘
149,14:48:30,10.78,-0.01,2,2156,卖盘
150,14:48:27,10.79,--,36,38844,买盘
151,14:48:24,10.79,0.01,39,42081,买盘
152,14:48:21,10.78,-0.01,8,8624,卖盘
153,14:48:18,10.79,0.01,6,6473,买盘
154,14:48:15,10.78,--,2,2156,卖盘
155,14:48:12,10.78,-0.01,3,3234,卖盘
156,14:48:06,10.79,--,25,26974,买盘
157,14:48:03,10.79,--,11,11868,买盘
158,14:48:00,10.79,0.01,34,36686,买盘
159,14:47:57,10.78,--,6,6942,卖盘
160,14:47:54,10.78,--,4,4312,卖盘
161,14:47:51,10.78,-0.01,10,10780,卖盘
162,14:47:48,10.79,--,10,10790,买盘
163,14:47:45,10.79,0.01,6,6473,买盘
164,14:47:42,10.78,-0.01,32,34496,卖盘
165,14:47:36,10.79,-0.01,20,21580,卖盘
166,14:47:33,10.8,0.01,4,4320,买盘
167,14:47:27,10.79,-0.01,6,6473,卖盘
168,14:47:24,10.8,--,4,4320,买盘
169,14:47:21,10.8,0.01,10,10800,买盘
170,14:47:18,10.79,--,7,7552,卖盘
171,14:47:15,10.79,--,12,12947,卖盘
172,14:47:12,10.79,--,1,1079,卖盘
173,14:47:09,10.79,--,23,24816,卖盘
174,14:47:06,10.79,--,19,20501,卖盘
175,14:47:03,10.79,-0.01,4,4316,中性盘
176,14:47:00,10.8,0.01,16,17280,买盘
177,14:46:57,10.79,0.01,12,12947,买盘
178,14:46:54,10.78,--,16,17248,卖盘
179,14:46:51,10.78,-0.02,16,17248,卖盘
180,14:46:48,10.8,--,13,14040,买盘
181,14:46:45,10.8,--,26,28080,买盘
182,14:46:42,10.8,--,11,11880,买盘
183,14:46:39,10.8,--,8,8640,买盘
184,14:46:36,10.8,0.02,128,138240,买盘
185,14:46:33,10.78,-0.02,18,19404,卖盘
186,14:46:30,10.8,0.01,34,36720,买盘
187,14:46:27,10.79,0.01,11,11868,买盘
188,14:46:24,10.78,-0.01,147,159091,卖盘
189,14:46:21,10.79,-0.01,25,26974,卖盘
190,14:46:18,10.8,0.01,200,216000,买盘
191,14:46:15,10.79,--,1,1079,卖盘
192,14:46:12,10.79,-0.01,10,10790,卖盘
193,14:46:09,10.8,0.01,6,6480,买盘
194,14:46:06,10.79,--,5,5395,卖盘
195,14:46:03,10.79,--,3,3236,卖盘
196,14:45:57,10.79,--,8,8632,卖盘
197,14:45:54,10.79,--,12,12947,卖盘
198,14:45:51,10.79,--,25,26974,卖盘
199,14:45:45,10.79,--,6,6473,卖盘
200,14:45:42,10.79,--,2,2158,卖盘
201,14:45:36,10.79,-0.01,7,7552,卖盘
202,14:45:33,10.8,0.01,29,31320,买盘
203,14:45:30,10.79,-0.01,34,36686,卖盘
204,14:45:27,10.8,0.01,15,16200,买盘
205,14:45:21,10.79,-0.01,2,2158,卖盘
206,14:45:18,10.8,0.01,9,9720,买盘
207,14:45:15,10.79,--,8,8632,卖盘
208,14:45:12,10.79,--,2,2158,卖盘
209,14:45:09,10.79,--,3,3236,卖盘
210,14:45:06,10.79,--,6,6473,卖盘
211,14:45:03,10.79,--,2,2158,卖盘
212,14:44:57,10.79,--,9,9711,卖盘
213,14:44:54,10.79,--,8,8632,卖盘
214,14:44:51,10.79,-0.01,13,14026,卖盘
215,14:44:45,10.8,0.01,3,3240,买盘
216,14:44:42,10.79,--,92,99267,卖盘
217,14:44:36,10.79,--,7,7552,卖盘
218,14:44:33,10.79,--,11,11868,卖盘
219,14:44:30,10.79,-0.01,2,2158,卖盘
220,14:44:24,10.8,-0.01,3,3240,卖盘
221,14:44:21,10.81,--,48,51888,买盘
222,14:44:18,10.81,0.01,420,454020,买盘
223,14:44:15,10.8,0.01,38,41040,买盘
224,14:44:12,10.79,--,9,9711,卖盘
225,14:44:09,10.79,--,8,8632,卖盘
226,14:44:06,10.79,-0.01,5,5395,卖盘
227,14:43:57,10.8,0.01,45,48600,买盘
228,14:43:54,10.79,-0.01,135,145665,卖盘
229,14:43:51,10.8,0.01,45,48600,买盘
230,14:43:42,10.79,-0.01,2,2158,卖盘
231,14:43:39,10.8,--,17,18360,买盘
232,14:43:36,10.8,--,173,186840,买盘
233,14:43:33,10.8,0.01,4,4320,买盘
234,14:43:30,10.79,-0.01,32,34528,卖盘
235,14:43:27,10.8,--,13,14040,买盘
236,14:43:24,10.8,0.01,26,28080,买盘
237,14:43:21,10.79,--,2,2158,卖盘
238,14:43:15,10.79,--,30,32369,卖盘
239,14:43:12,10.79,--,64,69056,卖盘
240,14:43:09,10.79,--,12,12947,卖盘
241,14:43:06,10.79,-0.01,5,5395,卖盘
242,14:43:00,10.8,--,4,4320,买盘
243,14:42:57,10.8,0.01,30,32400,买盘
244,14:42:54,10.79,--,5,5395,卖盘
245,14:42:51,10.79,-0.01,14,15105,卖盘
246,14:42:48,10.8,0.01,32,34560,买盘
247,14:42:45,10.79,-0.01,6,6473,卖盘
248,14:42:42,10.8,0.01,10,10800,买盘
249,14:42:39,10.79,-0.01,28,30211,卖盘
250,14:42:33,10.8,0.01,4,4320,买盘
251,14:42:30,10.79,-0.01,12,12947,卖盘
252,14:42:27,10.8,--,59,63720,买盘
253,14:42:24,10.8,0.01,143,154440,买盘
254,14:42:21,10.79,--,3,3236,卖盘
255,14:42:15,10.79,-0.01,26,28053,卖盘
256,14:42:12,10.8,--,15,16200,买盘
257,14:42:09,10.8,0.01,34,36720,买盘
258,14:42:06,10.79,-0.01,8,8632,卖盘
259,14:42:00,10.8,0.01,1,1080,买盘
260,14:41:57,10.79,--,1,1079,卖盘
261,14:41:54,10.79,--,22,23737,卖盘
262,14:41:51,10.79,--,37,39923,卖盘
263,14:41:48,10.79,--,126,135954,卖盘
264,14:41:45,10.79,--,1,1079,卖盘
265,14:41:42,10.79,--,1,1079,卖盘
266,14:41:36,10.79,-0.01,6,6473,卖盘
267,14:41:33,10.8,--,20,21600,买盘
268,14:41:30,10.8,--,122,131760,买盘
269,14:41:27,10.8,--,122,131760,买盘
270,14:41:24,10.8,--,6,6480,买盘
271,14:41:21,10.8,0.01,7,7560,买盘
272,14:41:18,10.79,--,10,10790,卖盘
273,14:41:15,10.79,--,20,21580,卖盘
274,14:41:12,10.79,--,2,2158,卖盘
275,14:41:09,10.79,--,3,3236,卖盘
276,14:41:06,10.79,-0.01,3,3236,卖盘
277,14:41:03,10.8,--,6,6480,买盘
278,14:41:00,10.8,0.01,7,7560,买盘
279,14:40:57,10.79,--,2,2158,卖盘
280,14:40:54,10.79,--,41,44239,卖盘
281,14:40:51,10.79,--,12,12947,卖盘
282,14:40:45,10.79,--,14,15105,卖盘
283,14:40:42,10.79,-0.01,15,16184,卖盘
284,14:40:36,10.8,0.01,12,12960,买盘
285,14:40:33,10.79,-0.01,123,132824,卖盘
286,14:40:27,10.8,--,4,4320,买盘
287,14:40:24,10.8,0.01,36,38880,买盘
288,14:40:21,10.79,-0.01,2,2158,卖盘
289,14:40:18,10.8,0.01,5,5400,买盘
290,14:40:15,10.79,-0.01,16,17264,卖盘
291,14:40:12,10.8,0.01,7,7560,买盘
292,14:40:09,10.79,--,6,6473,卖盘
293,14:40:06,10.79,--,12,12947,卖盘
294,14:40:03,10.79,--,12,12947,卖盘
295,14:39:57,10.79,--,2,2158,卖盘
296,14:39:54,10.79,--,5,5395,卖盘
297,14:39:51,10.79,--,4,4316,卖盘
298,14:39:48,10.79,--,10,10790,卖盘
299,14:39:45,10.79,--,19,20501,卖盘
300,14:39:42,10.79,-0.01,2,2158,卖盘
301,14:39:39,10.8,--,14,15120,买盘
302,14:39:36,10.8,0.01,10,10800,买盘
303,14:39:30,10.79,--,2,2158,卖盘
304,14:39:27,10.79,-0.01,8,8632,卖盘
305,14:39:24,10.8,0.01,29,31320,买盘
306,14:39:21,10.79,-0.01,2,2158,卖盘
307,14:39:15,10.8,--,41,44280,买盘
308,14:39:12,10.8,0.01,3,3240,买盘
309,14:39:09,10.79,--,3,3236,卖盘
310,14:39:06,10.79,-0.01,12,12947,卖盘
311,14:39:03,10.8,0.01,34,36720,买盘
312,14:39:00,10.79,-0.01,1,1079,卖盘
313,14:38:57,10.8,0.01,340,367200,买盘
314,14:38:54,10.79,--,4,4316,卖盘
315,14:38:51,10.79,--,5,5395,卖盘
316,14:38:45,10.79,--,9,9711,卖盘
317,14:38:42,10.79,-0.01,17,18343,卖盘
318,14:38:39,10.8,0.01,30,32400,买盘
319,14:38:30,10.79,-0.01,3,3236,卖盘
320,14:38:27,10.8,--,60,64800,买盘
321,14:38:24,10.8,--,96,103680,买盘
322,14:38:21,10.8,--,1339,1446552,卖盘
323,14:38:15,10.8,--,2,2160,卖盘
324,14:38:12,10.8,--,95,102600,卖盘
325,14:38:09,10.8,--,82,88560,卖盘
326,14:38:06,10.8,-0.01,4,4320,卖盘
327,14:38:03,10.81,--,2,2162,买盘
328,14:38:00,10.81,0.01,37,39997,买盘
329,14:37:57,10.8,--,4,4320,卖盘
330,14:37:54,10.8,--,5,5400,卖盘
331,14:37:51,10.8,--,11,11880,卖盘
332,14:37:45,10.8,--,10,10800,卖盘
333,14:37:42,10.8,-0.01,2,2160,卖盘
334,14:37:39,10.81,0.01,2,2162,买盘
335,14:37:30,10.8,--,4,4320,卖盘
336,14:37:27,10.8,-0.01,103,111240,卖盘
337,14:37:24,10.81,0.01,113,122153,买盘
338,14:37:21,10.8,-0.01,6,6480,卖盘
339,14:37:15,10.81,0.01,37,39997,买盘
340,14:37:12,10.8,--,2,2160,卖盘
341,14:37:09,10.8,--,4,4320,卖盘
342,14:37:06,10.8,-0.01,4,4320,卖盘
343,14:37:03,10.81,--,20,21620,买盘
344,14:37:00,10.81,--,19,20539,买盘
345,14:36:57,10.81,0.01,76,82156,买盘
346,14:36:54,10.8,--,49,52920,卖盘
347,14:36:51,10.8,-0.01,3,3240,卖盘
348,14:36:48,10.81,0.01,6,6486,买盘
349,14:36:45,10.8,--,44,47520,卖盘
350,14:36:42,10.8,--,106,114480,卖盘
351,14:36:39,10.8,--,12,12960,卖盘
352,14:36:33,10.8,--,4,4320,卖盘
353,14:36:30,10.8,--,28,30240,卖盘
354,14:36:27,10.8,--,3,3240,卖盘
355,14:36:21,10.8,--,28,30240,卖盘
356,14:36:18,10.8,--,30,32400,卖盘
357,14:36:15,10.8,-0.01,3,3240,卖盘
358,14:36:12,10.81,0.01,147,158907,买盘
359,14:36:09,10.8,--,23,24840,卖盘
360,14:36:06,10.8,-0.01,4,4320,卖盘
361,14:36:03,10.81,0.01,14,15134,买盘
362,14:36:00,10.8,--,33,35640,卖盘
363,14:35:57,10.8,--,15,16200,卖盘
364,14:35:54,10.8,--,106,114480,卖盘
365,14:35:51,10.8,--,10,10800,卖盘
366,14:35:48,10.8,--,3,3240,卖盘
367,14:35:45,10.8,--,245,264600,卖盘
368,14:35:42,10.8,--,109,117720,卖盘
369,14:35:39,10.8,--,37,39960,卖盘
370,14:35:36,10.8,--,4,4320,卖盘
371,14:35:33,10.8,-0.01,11,11880,卖盘
372,14:35:30,10.81,0.01,3,3243,买盘
373,14:35:27,10.8,--,131,141480,卖盘
374,14:35:24,10.8,--,5,5400,卖盘
375,14:35:21,10.8,--,66,71280,卖盘
376,14:35:15,10.8,--,3,3240,卖盘
377,14:35:12,10.8,--,5,5400,卖盘
378,14:35:09,10.8,--,3,3240,卖盘
379,14:35:06,10.8,--,11,11880,卖盘
380,14:35:03,10.8,--,24,25920,卖盘
381,14:35:00,10.8,--,11,11880,卖盘
382,14:34:57,10.8,--,16,17280,卖盘
383,14:34:54,10.8,--,22,23760,卖盘
384,14:34:51,10.8,--,163,176040,卖盘
385,14:34:48,10.8,--,6,6480,卖盘
386,14:34:45,10.8,-0.01,2,2160,卖盘
387,14:34:42,10.81,--,19,20539,买盘
388,14:34:39,10.81,0.01,42,45402,买盘
389,14:34:33,10.8,--,90,97200,卖盘
390,14:34:30,10.8,--,36,38880,卖盘
391,14:34:24,10.8,--,33,36288,卖盘
392,14:34:21,10.8,--,9,9720,卖盘
393,14:34:18,10.8,--,14,15120,卖盘
394,14:34:15,10.8,--,3,3240,卖盘
395,14:34:12,10.8,--,2,2160,卖盘
396,14:34:09,10.8,--,3,3240,卖盘
397,14:34:06,10.8,--,9,9720,卖盘
398,14:34:03,10.8,--,4388,4739040,卖盘
399,14:34:00,10.8,--,9,9720,卖盘
400,14:33:57,10.8,--,34,36720,卖盘
401,14:33:54,10.8,--,5,5400,卖盘
402,14:33:51,10.8,-0.01,28,30240,卖盘
403,14:33:48,10.81,0.01,9,9729,买盘
404,14:33:45,10.8,-0.01,19,20520,卖盘
405,14:33:42,10.81,--,38,41078,买盘
406,14:33:39,10.81,0.01,16,17296,买盘
407,14:33:36,10.8,-0.01,35,37800,卖盘
408,14:33:33,10.81,0.01,2,2162,买盘
409,14:33:30,10.8,--,12,12960,卖盘
410,14:33:27,10.8,--,93,100440,卖盘
411,14:33:24,10.8,--,4,4320,卖盘
412,14:33:21,10.8,-0.01,51,55080,卖盘
413,14:33:18,10.81,0.01,72,77832,买盘
414,14:33:15,10.8,--,18,19440,卖盘
415,14:33:12,10.8,--,8,8640,卖盘
416,14:33:09,10.8,--,12,12960,卖盘
417,14:33:06,10.8,--,4,4320,卖盘
418,14:33:03,10.8,-0.01,18,19440,卖盘
419,14:33:00,10.81,0.01,23,24863,买盘
420,14:32:57,10.8,--,18,19440,卖盘
421,14:32:54,10.8,--,34,36720,卖盘
422,14:32:51,10.8,--,31,33480,卖盘
423,14:32:48,10.8,--,31,33480,卖盘
424,14:32:45,10.8,-0.02,1,1080,卖盘
425,14:32:42,10.82,0.02,77,83314,买盘
426,14:32:39,10.8,-0.01,18,19440,卖盘
427,14:32:36,10.81,--,27,29187,卖盘
428,14:32:33,10.81,--,292,315652,卖盘
429,14:32:30,10.81,--,58,62698,卖盘
430,14:32:27,10.81,--,9,9729,卖盘
431,14:32:24,10.81,--,129,139449,卖盘
432,14:32:21,10.81,--,11,11891,卖盘
433,14:32:18,10.81,--,3,3243,卖盘
434,14:32:15,10.81,--,221,238901,卖盘
435,14:32:12,10.81,-0.01,2,2162,卖盘
436,14:32:09,10.82,0.01,30,32460,买盘
437,14:32:06,10.81,--,7,7567,卖盘
438,14:32:00,10.81,-0.01,2,2162,卖盘
439,14:31:57,10.82,0.01,128,138496,买盘
440,14:31:54,10.81,--,10,10810,卖盘
441,14:31:51,10.81,--,73,78913,卖盘
442,14:31:45,10.81,--,35,37835,卖盘
443,14:31:42,10.81,--,11,11891,卖盘
444,14:31:39,10.81,-0.01,14,15134,卖盘
445,14:31:36,10.82,--,10,10820,买盘
446,14:31:33,10.82,0.01,1,1082,买盘
447,14:31:30,10.81,--,25,27025,卖盘
448,14:31:27,10.81,--,3,3243,卖盘
449,14:31:21,10.81,--,8,8648,卖盘
450,14:31:15,10.81,--,10,10810,卖盘
451,14:31:12,10.81,--,1,1081,卖盘
452,14:31:09,10.81,--,43,46483,卖盘
453,14:31:06,10.81,--,20,21620,卖盘
454,14:31:03,10.81,--,1,1081,卖盘
455,14:31:00,10.81,--,2,2162,卖盘
456,14:30:57,10.81,--,7,7567,卖盘
457,14:30:54,10.81,--,17,18377,卖盘
458,14:30:51,10.81,--,5,5405,卖盘
459,14:30:48,10.81,--,7,7567,卖盘
460,14:30:45,10.81,-0.01,15,16215,卖盘
461,14:30:42,10.82,--,128,138496,买盘
462,14:30:33,10.82,0.01,15,16230,买盘
463,14:30:30,10.81,-0.01,45,48645,卖盘
464,14:30:27,10.82,0.01,120,129840,买盘
465,14:30:24,10.81,--,6,6486,卖盘
466,14:30:21,10.81,--,67,72427,卖盘
467,14:30:15,10.81,--,3,3243,卖盘
468,14:30:12,10.81,--,6,6486,卖盘
469,14:30:09,10.81,--,4,4324,卖盘
470,14:30:06,10.81,--,3,3243,卖盘
471,14:30:03,10.81,--,14,15134,卖盘
472,14:30:00,10.81,--,5,5405,卖盘
473,14:29:57,10.81,--,1,1081,卖盘
474,14:29:54,10.81,-0.01,16,17296,卖盘
475,14:29:51,10.82,0.01,5,5410,买盘
476,14:29:48,10.81,--,5,5405,卖盘
477,14:29:45,10.81,--,7,7567,卖盘
478,14:29:42,10.81,--,1,1081,卖盘
479,14:29:39,10.81,--,14,15134,卖盘
480,14:29:36,10.81,-0.01,107,115667,卖盘
481,14:29:33,10.82,0.01,3,3246,买盘
482,14:29:30,10.81,--,1,1081,卖盘
483,14:29:27,10.81,-0.01,66,71346,卖盘
484,14:29:24,10.82,0.01,127,137414,买盘
485,14:29:21,10.81,-0.01,2,2162,卖盘
486,14:29:18,10.82,0.01,82,88724,买盘
487,14:29:15,10.81,--,9,9729,卖盘
488,14:29:12,10.81,--,3,3243,卖盘
489,14:29:09,10.81,--,4,4324,卖盘
490,14:29:06,10.81,--,6,6486,卖盘
491,14:29:03,10.81,-0.01,32,34592,卖盘
492,14:29:00,10.82,0.01,2,2164,买盘
493,14:28:57,10.81,-0.01,2,2162,卖盘
494,14:28:54,10.82,0.01,14,15148,买盘
495,14:28:51,10.81,--,58,62698,卖盘
496,14:28:48,10.81,--,1,1081,卖盘
497,14:28:42,10.81,-0.01,6,6486,卖盘
498,14:28:36,10.82,--,63,68166,买盘
499,14:28:33,10.82,0.01,3,3246,买盘
500,14:28:30,10.81,-0.01,6,6486,卖盘
501,14:28:24,10.82,0.01,2,2164,买盘
502,14:28:21,10.81,--,5,5405,卖盘
503,14:28:18,10.81,--,1,1081,卖盘
504,14:28:15,10.81,--,1,1081,卖盘
505,14:28:12,10.81,--,9,9729,卖盘
506,14:28:09,10.81,--,7,7567,卖盘
507,14:28:06,10.81,--,16,17296,卖盘
508,14:28:03,10.81,-0.01,134,144854,卖盘
509,14:28:00,10.82,0.01,2,2164,买盘
510,14:27:57,10.81,-0.01,5,5405,卖盘
511,14:27:54,10.82,0.01,3,3246,买盘
512,14:27:51,10.81,--,6,6486,卖盘
513,14:27:48,10.81,-0.01,42,45402,卖盘
514,14:27:45,10.82,0.01,67,72494,买盘
515,14:27:42,10.81,-0.01,2,2162,卖盘
516,14:27:39,10.82,0.01,10,10820,买盘
517,14:27:36,10.81,-0.01,4,4324,卖盘
518,14:27:33,10.82,0.01,61,66002,买盘
519,14:27:30,10.81,--,32,34592,卖盘
520,14:27:24,10.81,--,15,16215,卖盘
521,14:27:21,10.81,--,4,4324,卖盘
522,14:27:18,10.81,--,2,2162,卖盘
523,14:27:15,10.81,--,10,10810,卖盘
524,14:27:12,10.81,--,2,2162,卖盘
525,14:27:09,10.81,--,5,5405,卖盘
526,14:27:06,10.81,--,4,4324,卖盘
527,14:27:03,10.81,-0.01,5,5405,卖盘
528,14:27:00,10.82,0.01,28,30296,买盘
529,14:26:57,10.81,-0.01,1,1081,卖盘
530,14:26:54,10.82,0.01,4,4328,买盘
531,14:26:51,10.81,--,125,135125,卖盘
532,14:26:48,10.81,--,2,2162,卖盘
533,14:26:45,10.81,-0.01,66,71346,卖盘
534,14:26:42,10.82,0.01,120,129840,买盘
535,14:26:39,10.81,-0.01,21,22701,卖盘
536,14:26:36,10.82,0.01,1,1082,买盘
537,14:26:33,10.81,--,22,23782,卖盘
538,14:26:30,10.81,--,2,2162,卖盘
539,14:26:24,10.81,--,5,5405,卖盘
540,14:26:21,10.81,--,12,12972,卖盘
541,14:26:18,10.81,--,4,4324,卖盘
542,14:26:15,10.81,--,10,10810,卖盘
543,14:26:12,10.81,--,6,6486,卖盘
544,14:26:09,10.81,--,10,10810,卖盘
545,14:26:06,10.81,--,33,35673,卖盘
546,14:26:03,10.81,--,2,2162,卖盘
547,14:26:00,10.81,--,21,22701,卖盘
548,14:25:57,10.81,-0.01,2,2162,卖盘
549,14:25:54,10.82,0.01,63,68166,买盘
550,14:25:51,10.81,--,3,3243,卖盘
551,14:25:48,10.81,--,25,27025,卖盘
552,14:25:45,10.81,--,25,27025,卖盘
553,14:25:42,10.81,-0.01,2,2162,卖盘
554,14:25:39,10.82,--,8,8656,买盘
555,14:25:36,10.82,0.01,9,9738,买盘
556,14:25:33,10.81,--,3,3243,卖盘
557,14:25:30,10.81,-0.01,3,3243,卖盘
558,14:25:27,10.82,--,125,135250,买盘
559,14:25:24,10.82,0.01,8,8656,买盘
560,14:25:21,10.81,--,2,2162,卖盘
561,14:25:18,10.81,--,4,4324,卖盘
562,14:25:12,10.81,--,1,1081,卖盘
563,14:25:09,10.81,--,40,43240,卖盘
564,14:25:06,10.81,--,103,111343,卖盘
565,14:25:03,10.81,-0.01,2,2162,卖盘
566,14:25:00,10.82,0.01,21,22722,买盘
567,14:24:57,10.81,-0.01,1,1081,卖盘
568,14:24:54,10.82,0.01,6,6492,买盘
569,14:24:51,10.81,--,4,4324,卖盘
570,14:24:48,10.81,--,2,2162,卖盘
571,14:24:42,10.81,-0.01,1,1081,卖盘
572,14:24:39,10.82,0.01,36,38952,买盘
573,14:24:36,10.81,--,22,23782,卖盘
574,14:24:33,10.81,--,1815,1962015,买盘
575,14:24:30,10.81,0.01,2,2162,买盘
576,14:24:27,10.8,--,29,31320,卖盘
577,14:24:24,10.8,-0.01,6,6480,卖盘
578,14:24:21,10.81,0.01,49,52969,买盘
579,14:24:18,10.8,--,2,2160,卖盘
580,14:24:15,10.8,-0.01,23,24840,卖盘
581,14:24:12,10.81,0.01,129,139449,买盘
582,14:24:09,10.8,--,276,298080,卖盘
583,14:24:06,10.8,--,5,5400,卖盘
584,14:24:03,10.8,--,1,1080,卖盘
585,14:23:57,10.8,--,8,8640,卖盘
586,14:23:54,10.8,--,5,5400,卖盘
587,14:23:51,10.8,--,2,2160,卖盘
588,14:23:48,10.8,--,22,23760,卖盘
589,14:23:42,10.8,-0.01,11,11880,卖盘
590,14:23:39,10.81,0.01,9,9729,买盘
591,14:23:36,10.8,-0.01,7,7560,卖盘
592,14:23:33,10.81,0.01,29,31349,买盘
593,14:23:30,10.8,-0.01,11,11880,卖盘
594,14:23:24,10.81,0.01,30,32430,买盘
595,14:23:21,10.8,--,13,14040,卖盘
596,14:23:18,10.8,--,2,2160,卖盘
597,14:23:15,10.8,--,1,1080,卖盘
598,14:23:12,10.8,--,11,11880,卖盘
599,14:23:09,10.8,--,3,3240,卖盘
600,14:23:06,10.8,--,16,17280,卖盘
601,14:23:03,10.8,--,7,7560,卖盘
602,14:22:57,10.8,-0.01,9,9720,卖盘
603,14:22:54,10.81,0.01,145,156745,买盘
604,14:22:51,10.8,--,14,15120,卖盘
605,14:22:48,10.8,--,32,34560,卖盘
606,14:22:45,10.8,--,7,7560,卖盘
607,14:22:42,10.8,-0.01,11,11880,卖盘
608,14:22:36,10.81,0.01,12,12972,买盘
609,14:22:33,10.8,--,12,12960,卖盘
610,14:22:30,10.8,--,10,10800,卖盘
611,14:22:24,10.8,--,38,41040,卖盘
612,14:22:21,10.8,--,8,8640,卖盘
613,14:22:18,10.8,--,14,15120,卖盘
614,14:22:15,10.8,--,8,8640,卖盘
615,14:22:12,10.8,--,2,2160,卖盘
616,14:22:09,10.8,--,203,219240,卖盘
617,14:22:06,10.8,--,1,1080,卖盘
618,14:22:03,10.8,--,2,2160,卖盘
619,14:21:57,10.8,--,8,8640,卖盘
620,14:21:54,10.8,-0.01,5,5400,卖盘
621,14:21:51,10.81,0.01,15,16215,买盘
622,14:21:48,10.8,--,1,1080,卖盘
623,14:21:42,10.8,--,22,23760,卖盘
624,14:21:36,10.8,--,7,7560,卖盘
625,14:21:33,10.8,--,128,138240,卖盘
626,14:21:30,10.8,-0.01,6,6480,卖盘
627,14:21:27,10.81,0.01,5,5405,买盘
628,14:21:24,10.8,--,9,9720,卖盘
629,14:21:21,10.8,-0.01,2,2160,卖盘
630,14:21:18,10.81,0.01,33,35673,买盘
631,14:21:15,10.8,--,2,2160,卖盘
632,14:21:12,10.8,--,2,2160,卖盘
633,14:21:09,10.8,--,6,6480,卖盘
634,14:21:06,10.8,--,40,43200,卖盘
635,14:21:03,10.8,--,103,111240,卖盘
636,14:20:57,10.8,--,3,3240,卖盘
637,14:20:54,10.8,--,4,4320,卖盘
638,14:20:51,10.8,--,20,21600,卖盘
639,14:20:48,10.8,--,51,55080,卖盘
640,14:20:42,10.8,--,8,8640,卖盘
641,14:20:39,10.8,--,26,28080,卖盘
642,14:20:36,10.8,--,64,69120,卖盘
643,14:20:33,10.8,--,2,2160,卖盘
644,14:20:30,10.8,--,16,17280,卖盘
645,14:20:24,10.8,--,9,9720,卖盘
646,14:20:21,10.8,--,9,9720,卖盘
647,14:20:18,10.8,--,1,1080,卖盘
648,14:20:15,10.8,--,2,2160,卖盘
649,14:20:12,10.8,--,1,1080,卖盘
650,14:20:09,10.8,--,5,5400,卖盘
651,14:20:06,10.8,--,32,34560,卖盘
652,14:20:03,10.8,-0.01,1,1080,卖盘
653,14:20:00,10.81,0.01,23,24863,买盘
654,14:19:57,10.8,--,22,23760,卖盘
655,14:19:54,10.8,--,55,59400,卖盘
656,14:19:51,10.8,--,3,3240,卖盘
657,14:19:48,10.8,--,2,2160,卖盘
658,14:19:42,10.8,--,17,18360,卖盘
659,14:19:39,10.8,--,51,55080,卖盘
660,14:19:33,10.8,-0.01,2,2160,卖盘
661,14:19:27,10.81,-0.01,13,14053,卖盘
662,14:19:24,10.82,0.01,68,73576,买盘
663,14:19:21,10.81,--,27,29187,卖盘
664,14:19:18,10.81,--,28,30268,卖盘
665,14:19:15,10.81,--,69,74589,卖盘
666,14:19:12,10.81,--,11,11891,卖盘
667,14:19:09,10.81,--,1106,1195586,卖盘
668,14:19:06,10.81,--,403,435643,卖盘
669,14:19:03,10.81,--,8,8648,卖盘
670,14:19:00,10.81,--,20,21620,卖盘
671,14:18:57,10.81,-0.01,1,1081,卖盘
672,14:18:54,10.82,0.01,3,3246,买盘
673,14:18:51,10.81,--,1,1081,卖盘
674,14:18:48,10.81,--,32,34592,卖盘
675,14:18:45,10.81,--,5,5405,卖盘
676,14:18:42,10.81,-0.01,1,1081,卖盘
677,14:18:39,10.82,0.01,75,81150,买盘
678,14:18:36,10.81,--,13,14053,卖盘
679,14:18:33,10.81,--,2,2162,卖盘
680,14:18:30,10.81,--,7,7567,卖盘
681,14:18:27,10.81,--,49,52969,卖盘
682,14:18:21,10.81,--,9,9729,卖盘
683,14:18:18,10.81,-0.01,1,1081,卖盘
684,14:18:15,10.82,--,3,3246,买盘
685,14:18:12,10.82,0.01,190,205580,买盘
686,14:18:09,10.81,--,5,5405,卖盘
687,14:18:06,10.81,--,22,23782,卖盘
688,14:18:03,10.81,-0.01,3,3243,卖盘
689,14:18:00,10.82,0.01,17,18394,买盘
690,14:17:57,10.81,-0.01,8,8648,卖盘
691,14:17:54,10.82,0.01,14,15148,买盘
692,14:17:51,10.81,--,3,3243,卖盘
693,14:17:48,10.81,--,21,22701,卖盘
694,14:17:45,10.81,-0.01,29,31349,卖盘
695,14:17:42,10.82,0.01,103,111446,买盘
696,14:17:39,10.81,--,1,1081,卖盘
697,14:17:36,10.81,--,7,7567,卖盘
698,14:17:33,10.81,--,12,12972,卖盘
699,14:17:30,10.81,--,51,55131,卖盘
700,14:17:27,10.81,--,1,1081,卖盘
701,14:17:21,10.81,--,11,11891,卖盘
702,14:17:18,10.81,--,121,130801,卖盘
703,14:17:15,10.81,--,13,14053,卖盘
704,14:17:12,10.81,--,21,22701,卖盘
705,14:17:09,10.81,--,5,5405,卖盘
706,14:17:06,10.81,-0.01,3,3243,卖盘
707,14:17:03,10.82,0.01,172,186104,买盘
708,14:17:00,10.81,--,32,34592,卖盘
709,14:16:57,10.81,-0.01,1,1081,卖盘
710,14:16:54,10.82,0.01,4,4328,买盘
711,14:16:51,10.81,--,5,5405,卖盘
712,14:16:48,10.81,--,2,2162,卖盘
713,14:16:45,10.81,--,11,11891,卖盘
714,14:16:42,10.81,-0.01,2,2162,卖盘
715,14:16:39,10.82,--,126,136332,买盘
716,14:16:36,10.82,0.01,22,23804,买盘
717,14:16:33,10.81,--,2,2162,卖盘
718,14:16:30,10.81,--,36,38916,卖盘
719,14:16:27,10.81,--,14,15134,卖盘
720,14:16:24,10.81,--,29,31349,卖盘
721,14:16:21,10.81,-0.01,10,10810,卖盘
722,14:16:18,10.82,0.01,44,47608,买盘
723,14:16:15,10.81,--,3,3243,卖盘
724,14:16:12,10.81,--,33,35673,卖盘
725,14:16:09,10.81,--,16,17296,卖盘
726,14:16:06,10.81,--,31,33511,卖盘
727,14:16:03,10.81,--,2,2162,卖盘
728,14:15:57,10.81,-0.01,272,294032,卖盘
729,14:15:54,10.82,0.01,18,19476,买盘
730,14:15:51,10.81,--,4,4324,卖盘
731,14:15:48,10.81,--,126,136206,卖盘
732,14:15:45,10.81,--,21,22701,卖盘
733,14:15:42,10.81,--,8,8648,卖盘
734,14:15:39,10.81,--,1,1081,卖盘
735,14:15:33,10.81,--,24,25944,卖盘
736,14:15:30,10.81,-0.01,2,2162,卖盘
737,14:15:27,10.82,0.01,271,293222,买盘
738,14:15:24,10.81,--,10,10810,卖盘
739,14:15:21,10.81,--,20,21620,卖盘
740,14:15:18,10.81,--,1,1081,卖盘
741,14:15:15,10.81,--,3,3243,卖盘
742,14:15:12,10.81,--,1,1081,卖盘
743,14:15:09,10.81,--,266,287546,卖盘
744,14:15:06,10.81,-0.01,2,2162,卖盘
745,14:15:03,10.82,0.01,115,124430,买盘
746,14:14:57,10.81,--,18,19458,卖盘
747,14:14:54,10.81,--,6,6486,卖盘
748,14:14:51,10.81,--,2,2162,卖盘
749,14:14:48,10.81,--,2,2162,卖盘
750,14:14:42,10.81,-0.01,2,2162,卖盘
751,14:14:39,10.82,0.01,10,10820,买盘
752,14:14:36,10.81,--,7,7567,卖盘
753,14:14:33,10.81,--,121,130801,卖盘
754,14:14:30,10.81,--,12,12972,卖盘
755,14:14:27,10.81,--,32,34592,卖盘
756,14:14:24,10.81,0.01,97,104857,买盘
757,14:14:21,10.8,--,19,20520,卖盘
758,14:14:18,10.8,--,14,15120,卖盘
759,14:14:15,10.8,-0.01,1,1080,卖盘
760,14:14:12,10.81,0.01,12,12972,买盘
761,14:14:09,10.8,-0.01,36,38880,卖盘
762,14:14:06,10.81,--,82,88642,买盘
763,14:14:03,10.81,0.01,116,125396,买盘
764,14:14:00,10.8,-0.01,66,71280,卖盘
765,14:13:57,10.81,0.01,21,22701,买盘
766,14:13:54,10.8,--,4,4320,卖盘
767,14:13:51,10.8,--,5,5400,卖盘
768,14:13:48,10.8,--,2,2160,卖盘
769,14:13:42,10.8,--,8,8640,卖盘
770,14:13:39,10.8,--,1,1080,卖盘
771,14:13:36,10.8,--,5,5400,卖盘
772,14:13:33,10.8,--,28,30240,卖盘
773,14:13:30,10.8,--,1,1080,卖盘
774,14:13:27,10.8,0.01,32,34560,买盘
775,14:13:21,10.79,--,8,8632,卖盘
776,14:13:15,10.79,--,10,10790,卖盘
777,14:13:12,10.79,--,5,5395,卖盘
778,14:13:09,10.79,--,608,656032,卖盘
779,14:13:06,10.79,-0.01,19,20501,卖盘
780,14:13:03,10.8,--,240,259200,卖盘
781,14:13:00,10.8,--,2290,2473200,卖盘
782,14:12:57,10.8,--,862,930960,卖盘
783,14:12:54,10.8,--,150,162000,卖盘
784,14:12:51,10.8,--,47,50760,卖盘
785,14:12:48,10.8,--,104,112320,卖盘
786,14:12:45,10.8,--,36,38880,卖盘
787,14:12:42,10.8,--,51,55080,卖盘
788,14:12:39,10.8,--,91,98280,卖盘
789,14:12:36,10.8,--,6,6480,卖盘
790,14:12:33,10.8,--,5,5400,卖盘
791,14:12:30,10.8,--,1,1080,卖盘
792,14:12:24,10.8,--,324,349920,卖盘
793,14:12:21,10.8,-0.01,11,11880,卖盘
794,14:12:18,10.81,--,113,122153,买盘
795,14:12:15,10.81,--,20,21620,买盘
796,14:12:12,10.81,0.01,11,11891,买盘
797,14:12:09,10.8,--,1,1080,卖盘
798,14:12:06,10.8,--,12,12960,卖盘
799,14:12:03,10.8,-0.01,1,1080,卖盘
800,14:12:00,10.81,0.01,12,12972,买盘
801,14:11:57,10.8,-0.01,109,117720,卖盘
802,14:11:54,10.81,0.01,12,12972,买盘
803,14:11:51,10.8,-0.01,70,75600,卖盘
804,14:11:48,10.81,0.01,21,22701,买盘
805,14:11:42,10.8,--,14,15120,卖盘
806,14:11:39,10.8,--,10,10800,卖盘
807,14:11:36,10.8,-0.01,7,7560,卖盘
808,14:11:33,10.81,0.01,19,20539,买盘
809,14:11:30,10.8,-0.01,10,10800,卖盘
810,14:11:27,10.81,0.01,3,3243,买盘
811,14:11:21,10.8,-0.01,1,1080,卖盘
812,14:11:18,10.81,--,38,41078,买盘
813,14:11:15,10.81,--,9,9729,买盘
814,14:11:12,10.81,--,106,114586,买盘
815,14:11:09,10.81,--,13,14053,买盘
816,14:11:06,10.81,0.01,57,61617,买盘
817,14:11:03,10.8,--,51,55080,卖盘
818,14:11:00,10.8,--,4,4320,卖盘
819,14:10:57,10.8,--,24,25920,卖盘
820,14:10:54,10.8,--,3,3240,卖盘
821,14:10:51,10.8,--,1,1080,卖盘
822,14:10:48,10.8,-0.01,20,21600,卖盘
823,14:10:45,10.81,0.01,35,37835,买盘
824,14:10:42,10.8,-0.01,3,3240,卖盘
825,14:10:39,10.81,--,64,69184,卖盘
826,14:10:36,10.81,0.01,242,261602,买盘
827,14:10:33,10.8,--,1,1080,卖盘
828,14:10:30,10.8,-0.01,1008,1088640,卖盘
829,14:10:27,10.81,0.01,1,1081,买盘
830,14:10:24,10.8,--,1,1080,卖盘
831,14:10:21,10.8,--,42,45360,卖盘
832,14:10:18,10.8,-0.01,13,14040,卖盘
833,14:10:15,10.81,--,6,6486,买盘
834,14:10:12,10.81,0.01,59,63779,买盘
835,14:10:09,10.8,--,15,16200,卖盘
836,14:10:06,10.8,-0.01,3,3240,卖盘
837,14:10:03,10.81,0.01,106,114586,买盘
838,14:10:00,10.8,-0.01,8,8640,卖盘
839,14:09:57,10.81,--,103,111343,买盘
840,14:09:54,10.81,0.01,2,2162,买盘
841,14:09:51,10.8,--,5,5400,卖盘
842,14:09:48,10.8,--,1,1080,卖盘
843,14:09:45,10.8,-0.01,7,7560,卖盘
844,14:09:42,10.81,0.01,2,2162,买盘
845,14:09:39,10.8,--,3,3240,卖盘
846,14:09:33,10.8,--,2,2160,卖盘
847,14:09:30,10.8,-0.01,12,12960,卖盘
848,14:09:27,10.81,0.01,2,2162,买盘
849,14:09:24,10.8,--,29,31320,卖盘
850,14:09:21,10.8,--,102,110160,卖盘
851,14:09:18,10.8,--,1,1080,卖盘
852,14:09:15,10.8,--,53,57240,卖盘
853,14:09:12,10.8,-0.01,8,8640,卖盘
854,14:09:09,10.81,0.01,15,16215,买盘
855,14:09:06,10.8,--,3,3240,卖盘
856,14:09:03,10.8,--,2,2160,卖盘
857,14:09:00,10.8,-0.01,7,7560,卖盘
858,14:08:57,10.81,0.01,114,123234,买盘
859,14:08:54,10.8,--,11,11880,卖盘
860,14:08:51,10.8,--,4,4320,卖盘
861,14:08:48,10.8,--,101,109080,卖盘
862,14:08:45,10.8,--,14,15120,卖盘
863,14:08:42,10.8,--,7,7560,卖盘
864,14:08:39,10.8,--,13,14040,卖盘
865,14:08:36,10.8,--,32,34560,卖盘
866,14:08:33,10.8,--,15,16200,卖盘
867,14:08:30,10.8,-0.01,9,9720,卖盘
868,14:08:27,10.81,0.01,14,15134,买盘
869,14:08:21,10.8,--,2,2160,卖盘
870,14:08:18,10.8,--,11,11880,卖盘
871,14:08:15,10.8,--,11,11880,卖盘
872,14:08:12,10.8,--,4,4320,卖盘
873,14:08:09,10.8,--,12,12960,卖盘
874,14:08:06,10.8,--,1,1080,卖盘
875,14:08:03,10.8,--,8,8640,卖盘
876,14:08:00,10.8,-0.01,57,61560,卖盘
877,14:07:57,10.81,0.01,3,3243,买盘
878,14:07:54,10.8,--,6,6480,卖盘
879,14:07:51,10.8,-0.01,111,119880,卖盘
880,14:07:48,10.81,0.01,228,246468,买盘
881,14:07:45,10.8,--,29,31320,卖盘
882,14:07:42,10.8,--,1,1080,卖盘
883,14:07:39,10.8,--,6,6480,卖盘
884,14:07:33,10.8,-0.01,12,12960,卖盘
885,14:07:27,10.81,0.01,58,62698,买盘
886,14:07:21,10.8,--,1,1080,卖盘
887,14:07:18,10.8,--,2,2160,卖盘
888,14:07:15,10.8,-0.01,51,55080,卖盘
889,14:07:12,10.81,0.01,6,6486,买盘
890,14:07:09,10.8,--,8,8640,卖盘
891,14:07:06,10.8,--,8,8640,卖盘
892,14:07:03,10.8,--,122,131760,卖盘
893,14:06:57,10.8,-0.01,1,1080,卖盘
894,14:06:54,10.81,0.01,3,3243,买盘
895,14:06:51,10.8,--,44,47520,卖盘
896,14:06:48,10.8,--,4,4320,卖盘
897,14:06:45,10.8,--,701,757080,卖盘
898,14:06:42,10.8,-0.01,1,1080,卖盘
899,14:06:39,10.81,--,124,134044,买盘
900,14:06:36,10.81,--,6,6486,买盘
901,14:06:33,10.81,0.01,48,51888,买盘
902,14:06:27,10.8,-0.01,2,2160,卖盘
903,14:06:24,10.81,0.01,20,21620,买盘
904,14:06:21,10.8,-0.01,1,1080,卖盘
905,14:06:18,10.81,0.01,46,49726,买盘
906,14:06:15,10.8,--,1,1080,卖盘
907,14:06:12,10.8,-0.01,8,8640,卖盘
908,14:06:09,10.81,--,5,5405,买盘
909,14:06:06,10.81,0.01,8,8648,买盘
910,14:06:03,10.8,-0.01,30,32400,卖盘
911,14:06:00,10.81,0.01,2,2162,买盘
912,14:05:57,10.8,--,2,2160,卖盘
913,14:05:54,10.8,--,4,4320,卖盘
914,14:05:51,10.8,--,2,2160,卖盘
915,14:05:48,10.8,-0.01,13,14040,卖盘
916,14:05:42,10.81,0.01,3,3243,买盘
917,14:05:39,10.8,-0.01,34,36720,卖盘
918,14:05:36,10.81,--,2,2162,买盘
919,14:05:33,10.81,0.01,3,3243,买盘
920,14:05:30,10.8,-0.01,1,1080,卖盘
921,14:05:27,10.81,0.01,112,121072,买盘
922,14:05:21,10.8,--,1,1080,卖盘
923,14:05:18,10.8,--,120,129600,卖盘
924,14:05:12,10.8,-0.01,5,5400,卖盘
925,14:05:09,10.81,--,3,3243,买盘
926,14:05:06,10.81,0.01,28,30268,买盘
927,14:05:03,10.8,-0.01,1,1080,卖盘
928,14:04:57,10.81,0.01,4,4324,买盘
929,14:04:54,10.8,--,3,3240,卖盘
930,14:04:51,10.8,--,4,4320,卖盘
931,14:04:48,10.8,-0.01,9,9720,卖盘
932,14:04:45,10.81,0.01,2,2162,买盘
933,14:04:42,10.8,-0.01,2,2160,卖盘
934,14:04:39,10.81,--,29,31349,买盘
935,14:04:36,10.81,0.01,104,112424,买盘
936,14:04:33,10.8,--,1,1080,卖盘
937,14:04:30,10.8,--,2,2160,卖盘
938,14:04:27,10.8,--,2,2160,卖盘
939,14:04:24,10.8,--,46,49680,卖盘
940,14:04:21,10.8,-0.01,1,1080,卖盘
941,14:04:18,10.81,--,124,134044,买盘
942,14:04:15,10.81,0.01,34,36754,买盘
943,14:04:12,10.8,--,12,12960,卖盘
944,14:04:09,10.8,-0.01,4,4320,卖盘
945,14:04:06,10.81,--,44,47564,买盘
946,14:04:03,10.81,--,7,7567,买盘
947,14:03:57,10.81,--,4,4324,买盘
948,14:03:54,10.81,0.01,13,14053,买盘
949,14:03:51,10.8,--,2,2160,卖盘
950,14:03:48,10.8,-0.01,1,1080,卖盘
951,14:03:45,10.81,0.01,13,14053,买盘
952,14:03:42,10.8,--,1,1080,卖盘
953,14:03:39,10.8,-0.01,77,83160,卖盘
954,14:03:36,10.81,--,2,2162,买盘
955,14:03:33,10.81,0.01,11,11891,买盘
956,14:03:30,10.8,-0.01,10,10800,卖盘
957,14:03:27,10.81,--,3,3243,买盘
958,14:03:24,10.81,0.01,27,29187,买盘
959,14:03:21,10.8,--,10,10800,卖盘
960,14:03:18,10.8,--,10,10800,卖盘
961,14:03:15,10.8,-0.01,21,22680,卖盘
962,14:03:12,10.81,0.01,2,2162,买盘
963,14:03:09,10.8,-0.01,122,131760,卖盘
964,14:03:06,10.81,--,15,16215,买盘
965,14:03:03,10.81,--,8,8648,买盘
966,14:03:00,10.81,0.01,9,9729,买盘
967,14:02:57,10.8,--,1,1080,卖盘
968,14:02:54,10.8,--,5,5400,卖盘
969,14:02:51,10.8,--,4,4320,卖盘
970,14:02:48,10.8,--,1,1080,卖盘
971,14:02:45,10.8,-0.01,34,36720,卖盘
972,14:02:42,10.81,--,5,5405,买盘
973,14:02:39,10.81,--,51,55131,买盘
974,14:02:36,10.81,0.01,2,2162,买盘
975,14:02:33,10.8,--,3,3240,卖盘
976,14:02:30,10.8,--,1,1080,卖盘
977,14:02:27,10.8,--,62,66960,卖盘
978,14:02:21,10.8,--,2,2160,卖盘
979,14:02:18,10.8,--,10,10800,卖盘
980,14:02:15,10.8,-0.01,1,1080,卖盘
981,14:02:12,10.81,0.01,10,10810,买盘
982,14:02:09,10.8,--,31,33480,卖盘
983,14:02:06,10.8,-0.01,20,21600,卖盘
984,14:02:03,10.81,--,5,5405,买盘
985,14:02:00,10.81,--,5,5405,买盘
986,14:01:57,10.81,0.01,118,127558,买盘
987,14:01:54,10.8,--,5,5400,卖盘
988,14:01:51,10.8,--,3,3240,卖盘
989,14:01:48,10.8,--,2,2160,卖盘
990,14:01:45,10.8,--,1,1080,卖盘
991,14:01:42,10.8,--,35,37800,卖盘
992,14:01:39,10.8,-0.01,12,12960,卖盘
993,14:01:36,10.81,0.01,14,15134,买盘
994,14:01:33,10.8,-0.01,4,4320,卖盘
995,14:01:27,10.81,0.01,5,5405,买盘
996,14:01:24,10.8,--,16,17280,卖盘
997,14:01:21,10.8,-0.01,1,1080,卖盘
998,14:01:18,10.81,0.01,15,16215,买盘
999,14:01:15,10.8,--,6,6480,卖盘
1000,14:01:12,10.8,--,58,62640,卖盘
1001,14:01:09,10.8,--,51,55080,卖盘
1002,14:01:06,10.8,-0.01,8,8640,卖盘
1003,14:01:03,10.81,--,34,36754,买盘
1004,14:01:00,10.81,0.01,6,6486,买盘
1005,14:00:57,10.8,--,4,4320,卖盘
1006,14:00:54,10.8,--,2,2160,卖盘
1007,14:00:51,10.8,-0.01,10,10800,卖盘
1008,14:00:48,10.81,0.01,114,123234,买盘
1009,14:00:45,10.8,--,100,108000,卖盘
1010,14:00:42,10.8,--,1,1080,卖盘
1011,14:00:39,10.8,--,81,87480,买盘
1012,14:00:36,10.8,0.01,6,6480,买盘
1013,14:00:33,10.79,--,2,2158,卖盘
1014,14:00:30,10.79,-0.01,1,1079,卖盘
1015,14:00:27,10.8,--,2,2160,买盘
1016,14:00:24,10.8,--,13,14040,卖盘
1017,14:00:21,10.8,0.01,23,24840,买盘
1018,14:00:15,10.79,-0.01,48,51791,卖盘
1019,14:00:12,10.8,--,1,1080,卖盘
1020,14:00:09,10.8,-0.01,1,1080,卖盘
1021,14:00:06,10.81,--,7,7567,买盘
1022,14:00:03,10.81,0.02,3,3243,买盘
1023,14:00:00,10.79,-0.02,389,419730,卖盘
1024,13:59:57,10.81,0.01,12,12972,买盘
1025,13:59:54,10.8,--,1,1080,卖盘
1026,13:59:51,10.8,0.01,1634,1765065,买盘
1027,13:59:48,10.79,--,2,2158,卖盘
1028,13:59:42,10.79,-0.01,12,12947,卖盘
1029,13:59:39,10.8,0.01,35,37800,买盘
1030,13:59:36,10.79,--,180,194219,卖盘
1031,13:59:33,10.79,--,157,169403,卖盘
1032,13:59:30,10.79,--,1,1079,卖盘
1033,13:59:21,10.79,--,7,7552,卖盘
1034,13:59:18,10.79,--,6,6473,卖盘
1035,13:59:15,10.79,--,13,14026,卖盘
1036,13:59:12,10.79,--,2,2158,卖盘
1037,13:59:09,10.79,-0.01,6,6473,卖盘
1038,13:59:06,10.8,0.01,6,6480,买盘
1039,13:59:03,10.79,-0.01,4,4316,卖盘
1040,13:59:00,10.8,--,1,1080,买盘
1041,13:58:57,10.8,--,7,7560,买盘
1042,13:58:54,10.8,0.01,10,10800,买盘
1043,13:58:51,10.79,--,2,2158,卖盘
1044,13:58:48,10.79,-0.01,2,2158,卖盘
1045,13:58:42,10.8,-0.01,130,141134,卖盘
1046,13:58:39,10.81,--,2,2162,买盘
1047,13:58:36,10.81,0.01,164,177284,买盘
1048,13:58:33,10.8,--,132,142560,卖盘
1049,13:58:30,10.8,--,1,1080,卖盘
1050,13:58:27,10.8,-0.01,250,270000,卖盘
1051,13:58:24,10.81,0.01,192,207552,买盘
1052,13:58:21,10.8,-0.01,11,11880,卖盘
1053,13:58:18,10.81,0.01,13,14053,买盘
1054,13:58:15,10.8,--,10,10800,卖盘
1055,13:58:12,10.8,-0.01,12,12960,卖盘
1056,13:58:09,10.81,--,2,2162,买盘
1057,13:58:06,10.81,0.01,8,8648,买盘
1058,13:58:03,10.8,-0.01,52,56160,卖盘
1059,13:58:00,10.81,0.01,3,3243,买盘
1060,13:57:57,10.8,--,48,51840,卖盘
1061,13:57:54,10.8,--,5,5400,卖盘
1062,13:57:51,10.8,-0.01,412,444960,卖盘
1063,13:57:48,10.81,--,29,31349,买盘
1064,13:57:42,10.81,0.01,116,125396,买盘
1065,13:57:39,10.8,-0.01,1,1080,卖盘
1066,13:57:36,10.81,0.01,20,21620,买盘
1067,13:57:33,10.8,--,2,2160,卖盘
1068,13:57:30,10.8,-0.01,241,260280,卖盘
1069,13:57:27,10.81,--,65,70265,买盘
1070,13:57:24,10.81,0.01,26,28106,买盘
1071,13:57:21,10.8,-0.01,105,113400,卖盘
1072,13:57:18,10.81,0.01,122,131882,买盘
1073,13:57:15,10.8,--,1,1080,卖盘
1074,13:57:12,10.8,--,1,1080,卖盘
1075,13:57:09,10.8,-0.01,3,3240,卖盘
1076,13:57:06,10.81,0.01,8,8648,买盘
1077,13:57:03,10.8,--,20,21600,卖盘
1078,13:57:00,10.8,-0.01,114,123120,卖盘
1079,13:56:57,10.81,0.01,4,4324,买盘
1080,13:56:54,10.8,--,110,118800,卖盘
1081,13:56:51,10.8,-0.01,8,8640,卖盘
1082,13:56:48,10.81,--,2,2162,买盘
1083,13:56:45,10.81,--,106,114586,买盘
1084,13:56:42,10.81,--,6,6486,买盘
1085,13:56:39,10.81,--,2,2162,买盘
1086,13:56:36,10.81,0.01,6,6486,买盘
1087,13:56:33,10.8,--,3,3240,卖盘
1088,13:56:30,10.8,-0.01,1,1080,卖盘
1089,13:56:27,10.81,--,2,2162,买盘
1090,13:56:24,10.81,0.01,10,10810,买盘
1091,13:56:21,10.8,--,2,2160,卖盘
1092,13:56:18,10.8,--,7,7560,卖盘
1093,13:56:15,10.8,--,9,9720,卖盘
1094,13:56:12,10.8,--,2,2160,卖盘
1095,13:56:09,10.8,-0.01,3,3240,卖盘
1096,13:56:06,10.81,--,5,5405,买盘
1097,13:56:03,10.81,0.01,126,136206,买盘
1098,13:56:00,10.8,-0.01,50,54000,卖盘
1099,13:55:57,10.81,0.01,11,11891,买盘
1100,13:55:54,10.8,--,8,8640,卖盘
1101,13:55:51,10.8,--,3,3240,卖盘
1102,13:55:48,10.8,-0.01,3,3240,卖盘
1103,13:55:42,10.81,--,4,4324,买盘
1104,13:55:39,10.81,0.01,2,2162,买盘
1105,13:55:36,10.8,-0.01,62,66960,卖盘
1106,13:55:33,10.81,0.01,11,11891,买盘
1107,13:55:30,10.8,--,4,4320,卖盘
1108,13:55:24,10.8,--,18,19440,卖盘
1109,13:55:21,10.8,-0.01,32,34560,卖盘
1110,13:55:18,10.81,0.01,3,3243,买盘
1111,13:55:15,10.8,--,4,4320,卖盘
1112,13:55:12,10.8,-0.01,21,22680,卖盘
1113,13:55:09,10.81,--,2,2162,买盘
1114,13:55:06,10.81,--,228,246468,买盘
1115,13:55:03,10.81,0.01,98,105938,买盘
1116,13:55:00,10.8,--,51,55080,卖盘
1117,13:54:57,10.8,-0.01,1,1080,卖盘
1118,13:54:54,10.81,0.01,8,8648,买盘
1119,13:54:51,10.8,--,10,10800,卖盘
1120,13:54:48,10.8,--,139,150120,卖盘
1121,13:54:42,10.8,-0.01,2,2160,卖盘
1122,13:54:39,10.81,--,39,42159,买盘
1123,13:54:36,10.81,--,2,2162,买盘
1124,13:54:33,10.81,0.01,10,10810,买盘
1125,13:54:30,10.8,-0.01,1,1080,卖盘
1126,13:54:27,10.81,--,10,10810,买盘
1127,13:54:24,10.81,0.01,52,56212,买盘
1128,13:54:21,10.8,--,31,33480,卖盘
1129,13:54:18,10.8,--,2,2160,卖盘
1130,13:54:15,10.8,-0.01,10,10800,卖盘
1131,13:54:12,10.81,0.01,19,21079,买盘
1132,13:54:09,10.8,--,10,10800,卖盘
1133,13:54:06,10.8,-0.01,12,12960,卖盘
1134,13:54:03,10.81,--,13,14593,买盘
1135,13:54:00,10.81,0.01,103,111343,买盘
1136,13:53:57,10.8,--,13,14040,卖盘
1137,13:53:54,10.8,--,10,10800,卖盘
1138,13:53:51,10.8,--,7,7560,卖盘
1139,13:53:48,10.8,-0.01,13,14040,卖盘
1140,13:53:45,10.81,0.01,2,2162,买盘
1141,13:53:42,10.8,-0.01,1,1080,卖盘
1142,13:53:39,10.81,--,2,2162,买盘
1143,13:53:36,10.81,--,9,9729,买盘
1144,13:53:33,10.81,0.01,125,135125,买盘
1145,13:53:30,10.8,--,1,1080,卖盘
1146,13:53:27,10.8,--,200,216000,卖盘
1147,13:53:21,10.8,-0.01,1,1080,卖盘
1148,13:53:18,10.81,--,32,34592,买盘
1149,13:53:15,10.81,--,47,50807,买盘
1150,13:53:12,10.81,0.01,2,2162,买盘
1151,13:53:09,10.8,-0.01,9,9720,卖盘
1152,13:53:06,10.81,--,6,6486,买盘
1153,13:53:03,10.81,0.01,5,5405,买盘
1154,13:53:00,10.8,--,5,5400,卖盘
1155,13:52:57,10.8,-0.01,4,4320,卖盘
1156,13:52:54,10.81,--,7,7567,买盘
1157,13:52:51,10.81,--,7,7567,买盘
1158,13:52:48,10.81,0.01,6,6486,买盘
1159,13:52:45,10.8,--,1,1080,卖盘
1160,13:52:42,10.8,--,7,7560,卖盘
1161,13:52:39,10.8,-0.01,1,1080,卖盘
1162,13:52:36,10.81,--,41,44321,买盘
1163,13:52:33,10.81,0.01,6,6486,买盘
1164,13:52:30,10.8,--,2,2160,卖盘
1165,13:52:27,10.8,--,2,2160,卖盘
1166,13:52:24,10.8,--,11,11880,卖盘
1167,13:52:21,10.8,-0.01,923,996840,卖盘
1168,13:52:18,10.81,0.01,135,145935,买盘
1169,13:52:15,10.8,--,1,1080,卖盘
1170,13:52:12,10.8,-0.01,2,2160,卖盘
1171,13:52:09,10.81,0.01,5,5405,买盘
1172,13:52:06,10.8,-0.01,4,4320,卖盘
1173,13:52:03,10.81,0.01,30,32430,买盘
1174,13:52:00,10.8,--,111,119880,卖盘
1175,13:51:57,10.8,--,37,39960,卖盘
1176,13:51:54,10.8,--,20,21600,卖盘
1177,13:51:51,10.8,--,6,6480,卖盘
1178,13:51:48,10.8,--,1,1080,卖盘
1179,13:51:45,10.8,-0.01,1,1080,卖盘
1180,13:51:42,10.81,--,12,12972,买盘
1181,13:51:39,10.81,0.01,441,476785,买盘
1182,13:51:33,10.8,--,34,36720,卖盘
1183,13:51:30,10.8,-0.01,12,12960,卖盘
1184,13:51:27,10.81,--,24,25944,买盘
1185,13:51:24,10.81,0.01,17,18377,买盘
1186,13:51:21,10.8,--,1,1080,卖盘
1187,13:51:18,10.8,-0.01,1,1080,卖盘
1188,13:51:15,10.81,0.01,57,61617,买盘
1189,13:51:12,10.8,--,1,1080,卖盘
1190,13:51:09,10.8,-0.01,1,1080,卖盘
1191,13:51:06,10.81,--,7,7567,买盘
1192,13:51:03,10.81,--,162,175122,买盘
1193,13:51:00,10.81,0.01,35,37835,买盘
1194,13:50:57,10.8,--,2,2160,卖盘
1195,13:50:54,10.8,--,4,4320,卖盘
1196,13:50:51,10.8,--,80,86400,卖盘
1197,13:50:48,10.8,--,2,2160,卖盘
1198,13:50:45,10.8,--,10,11815,卖盘
1199,13:50:42,10.8,-0.01,13,14040,卖盘
1200,13:50:39,10.81,--,8,8648,买盘
1201,13:50:36,10.81,--,2,2162,买盘
1202,13:50:33,10.81,0.01,26,28106,买盘
1203,13:50:30,10.8,-0.01,1,1080,卖盘
1204,13:50:27,10.81,0.01,1,1081,买盘
1205,13:50:24,10.8,--,35,37800,卖盘
1206,13:50:21,10.8,--,1,1080,卖盘
1207,13:50:18,10.8,--,2,2160,卖盘
1208,13:50:12,10.8,-0.01,4,4320,卖盘
1209,13:50:09,10.81,0.01,14,15134,买盘
1210,13:50:06,10.8,-0.01,54,58320,卖盘
1211,13:50:03,10.81,0.01,6,6486,买盘
1212,13:49:57,10.8,-0.01,46,49680,卖盘
1213,13:49:54,10.81,--,36,38916,买盘
1214,13:49:51,10.81,0.01,107,115667,买盘
1215,13:49:48,10.8,--,132,142560,卖盘
1216,13:49:45,10.8,--,5,5400,卖盘
1217,13:49:42,10.8,-0.01,1,1080,卖盘
1218,13:49:39,10.81,0.01,56,60536,买盘
1219,13:49:36,10.8,-0.01,8,8640,卖盘
1220,13:49:33,10.81,0.01,7,7567,买盘
1221,13:49:30,10.8,--,6,6480,卖盘
1222,13:49:27,10.8,0.01,182,196905,买盘
1223,13:49:21,10.79,--,15,16184,卖盘
1224,13:49:18,10.79,--,9,9711,卖盘
1225,13:49:15,10.79,-0.01,1,1079,卖盘
1226,13:49:12,10.8,--,12,12960,买盘
1227,13:49:09,10.8,0.01,18,19440,买盘
1228,13:49:06,10.79,-0.01,1,1079,卖盘
1229,13:49:03,10.8,--,7,7560,买盘
1230,13:49:00,10.8,0.01,30,32400,买盘
1231,13:48:57,10.79,--,4,4316,卖盘
1232,13:48:54,10.79,--,4,4316,卖盘
1233,13:48:51,10.79,--,16,17264,卖盘
1234,13:48:48,10.79,--,10,10790,卖盘
1235,13:48:45,10.79,--,23,24816,卖盘
1236,13:48:42,10.79,-0.01,2,2158,卖盘
1237,13:48:39,10.8,--,22,24494,卖盘
1238,13:48:36,10.8,--,4,4665,买盘
1239,13:48:33,10.8,0.01,10,10800,买盘
1240,13:48:30,10.79,--,42,45318,卖盘
1241,13:48:24,10.79,--,23,24816,卖盘
1242,13:48:21,10.79,--,1,1079,卖盘
1243,13:48:18,10.79,-0.01,66,71214,卖盘
1244,13:48:15,10.8,--,21,23414,卖盘
1245,13:48:12,10.8,--,10,10800,卖盘
1246,13:48:09,10.8,--,132,142560,卖盘
1247,13:48:06,10.8,-0.01,123,132840,卖盘
1248,13:48:03,10.81,0.01,7,7567,买盘
1249,13:48:00,10.8,--,13,14040,卖盘
1250,13:47:57,10.8,--,503,543240,卖盘
1251,13:47:54,10.8,--,4,4320,卖盘
1252,13:47:51,10.8,--,13,14040,卖盘
1253,13:47:48,10.8,--,39,42120,卖盘
1254,13:47:45,10.8,-0.01,23,24840,卖盘
1255,13:47:42,10.81,--,80,86480,买盘
1256,13:47:39,10.81,-0.01,1,1081,买盘
1257,13:47:36,10.82,--,48,51936,买盘
1258,13:47:33,10.82,0.01,124,134168,买盘
1259,13:47:30,10.81,--,82,88642,卖盘
1260,13:47:27,10.81,--,124,134044,卖盘
1261,13:47:24,10.81,--,34,36754,卖盘
1262,13:47:21,10.81,--,1,1081,卖盘
1263,13:47:18,10.81,--,407,439967,卖盘
1264,13:47:15,10.81,--,42,45402,卖盘
1265,13:47:12,10.81,--,7,7567,卖盘
1266,13:47:09,10.81,0.01,804,869124,买盘
1267,13:47:06,10.8,--,22,23760,卖盘
1268,13:47:03,10.8,--,29,31320,卖盘
1269,13:47:00,10.8,--,54,58320,卖盘
1270,13:46:57,10.8,-0.01,34,36720,卖盘
1271,13:46:54,10.81,0.01,100,108100,买盘
1272,13:46:51,10.8,--,1,1080,卖盘
1273,13:46:48,10.8,--,94,101520,卖盘
1274,13:46:45,10.8,--,29,31320,卖盘
1275,13:46:42,10.8,-0.01,61,65880,卖盘
1276,13:46:39,10.81,0.01,20,21620,买盘
1277,13:46:33,10.8,--,6,6480,卖盘
1278,13:46:30,10.8,--,2,2160,卖盘
1279,13:46:27,10.8,--,68,73440,卖盘
1280,13:46:24,10.8,--,21,22680,卖盘
1281,13:46:21,10.8,-0.01,32,34560,卖盘
1282,13:46:18,10.81,0.01,160,172960,买盘
1283,13:46:15,10.8,--,58,62640,卖盘
1284,13:46:12,10.8,-0.01,2,2160,卖盘
1285,13:46:09,10.81,0.01,17,18377,买盘
1286,13:46:06,10.8,-0.01,47,50760,卖盘
1287,13:46:03,10.81,0.01,14,15134,买盘
1288,13:46:00,10.8,--,1,1080,卖盘
1289,13:45:57,10.8,--,61,65880,卖盘
1290,13:45:54,10.8,--,3,3240,卖盘
1291,13:45:51,10.8,--,32,34560,卖盘
1292,13:45:48,10.8,--,20,21600,卖盘
1293,13:45:45,10.8,--,104,112320,卖盘
1294,13:45:42,10.8,-0.01,1,1080,卖盘
1295,13:45:39,10.81,--,56,60536,买盘
1296,13:45:36,10.81,0.01,24,25944,买盘
1297,13:45:33,10.8,-0.01,22,23760,卖盘
1298,13:45:30,10.81,0.01,107,115667,买盘
1299,13:45:27,10.8,--,88,95040,卖盘
1300,13:45:24,10.8,--,36,38880,卖盘
1301,13:45:21,10.8,--,2,2160,卖盘
1302,13:45:18,10.8,--,268,289440,卖盘
1303,13:45:15,10.8,--,23,24840,卖盘
1304,13:45:12,10.8,--,48,51840,卖盘
1305,13:45:09,10.8,0.01,945,1020945,买盘
1306,13:45:06,10.79,-0.01,2,2158,卖盘
1307,13:45:03,10.8,0.01,20,21600,买盘
1308,13:45:00,10.79,--,13,14026,卖盘
1309,13:44:57,10.79,--,161,173719,卖盘
1310,13:44:54,10.79,--,25,26974,卖盘
1311,13:44:51,10.79,--,24,25895,卖盘
1312,13:44:48,10.79,--,11,11868,卖盘
1313,13:44:45,10.79,--,15,16184,卖盘
1314,13:44:42,10.79,--,3,3236,卖盘
1315,13:44:39,10.79,--,22,23737,卖盘
1316,13:44:33,10.79,--,21,22659,卖盘
1317,13:44:30,10.79,--,25,26974,卖盘
1318,13:44:27,10.79,-0.01,61,65819,中性盘
1319,13:44:24,10.8,0.01,1,1080,买盘
1320,13:44:21,10.79,--,125,134875,卖盘
1321,13:44:18,10.79,--,97,104662,卖盘
1322,13:44:15,10.79,-0.01,2,2158,卖盘
1323,13:44:12,10.8,0.01,21,22680,买盘
1324,13:44:06,10.79,0.01,881,951483,买盘
1325,13:44:03,10.78,--,16,17248,卖盘
1326,13:44:00,10.78,--,12,12936,卖盘
1327,13:43:57,10.78,--,18,19404,卖盘
1328,13:43:54,10.78,--,24,25872,卖盘
1329,13:43:51,10.78,--,12,12936,卖盘
1330,13:43:48,10.78,--,36,38808,卖盘
1331,13:43:45,10.78,--,20,21560,卖盘
1332,13:43:42,10.78,--,1,1078,卖盘
1333,13:43:36,10.78,--,42,45276,卖盘
1334,13:43:33,10.78,-0.01,4,4312,卖盘
1335,13:43:30,10.79,0.01,33,35607,买盘
1336,13:43:27,10.78,--,30,32339,卖盘
1337,13:43:24,10.78,--,27,29106,卖盘
1338,13:43:21,10.78,--,76,81928,买盘
1339,13:43:18,10.78,0.01,103,111034,买盘
1340,13:43:12,10.77,-0.01,3,3231,卖盘
1341,13:43:09,10.78,--,4,4312,买盘
1342,13:43:06,10.78,--,144,155232,卖盘
1343,13:43:03,10.78,-0.01,3,3234,卖盘
1344,13:43:00,10.79,0.01,1,1079,买盘
1345,13:42:57,10.78,0.01,14,15092,中性盘
1346,13:42:54,10.77,-0.01,23,24771,卖盘
1347,13:42:51,10.78,0.01,977,1053852,买盘
1348,13:42:48,10.77,--,40,43080,卖盘
1349,13:42:45,10.77,-0.01,6,6462,卖盘
1350,13:42:42,10.78,0.01,144,155232,买盘
1351,13:42:36,10.77,-0.01,9,9693,卖盘
1352,13:42:33,10.78,0.01,3,3234,买盘
1353,13:42:30,10.77,--,23,24771,卖盘
1354,13:42:27,10.77,--,14,15078,卖盘
1355,13:42:21,10.77,--,4,4308,卖盘
1356,13:42:18,10.77,--,6,6462,卖盘
1357,13:42:15,10.77,--,1,1077,卖盘
1358,13:42:12,10.77,-0.01,42,45234,卖盘
1359,13:42:09,10.78,0.01,1,1078,买盘
1360,13:42:06,10.77,--,17,18309,卖盘
1361,13:42:03,10.77,--,1,1077,卖盘
1362,13:41:57,10.77,--,49,52773,卖盘
1363,13:41:54,10.77,--,3,3231,卖盘
1364,13:41:51,10.77,-0.01,144,155088,卖盘
1365,13:41:48,10.78,0.01,45,48510,买盘
1366,13:41:42,10.77,--,1,1077,卖盘
1367,13:41:39,10.77,--,6,6462,卖盘
1368,13:41:36,10.77,--,48,51696,卖盘
1369,13:41:33,10.77,--,1,1077,卖盘
1370,13:41:30,10.77,-0.01,21,22617,卖盘
1371,13:41:27,10.78,0.01,11,11858,买盘
1372,13:41:24,10.77,-0.01,136,146472,卖盘
1373,13:41:21,10.78,0.01,6,6468,买盘
1374,13:41:18,10.77,--,11,11847,卖盘
1375,13:41:15,10.77,--,5,5385,卖盘
1376,13:41:12,10.77,--,2,2154,卖盘
1377,13:41:09,10.77,--,8,8616,卖盘
1378,13:41:06,10.77,--,26,28002,卖盘
1379,13:41:03,10.77,--,1,1077,卖盘
1380,13:41:00,10.77,0.01,1,1077,买盘
1381,13:40:57,10.76,-0.01,73,78548,卖盘
1382,13:40:54,10.77,0.01,25,26925,买盘
1383,13:40:51,10.76,--,5,5380,卖盘
1384,13:40:48,10.76,-0.01,47,50572,卖盘
1385,13:40:45,10.77,--,27,29079,买盘
1386,13:40:42,10.77,--,17,18309,买盘
1387,13:40:39,10.77,0.01,1,1077,买盘
1388,13:40:36,10.76,-0.01,89,95764,卖盘
1389,13:40:33,10.77,0.01,61,65697,买盘
1390,13:40:30,10.76,-0.01,103,110828,卖盘
1391,13:40:27,10.77,0.01,8,8616,买盘
1392,13:40:24,10.76,--,91,97916,卖盘
1393,13:40:21,10.76,--,2,2152,卖盘
1394,13:40:18,10.76,--,22,23672,卖盘
1395,13:40:15,10.76,--,7,7532,卖盘
1396,13:40:12,10.76,--,1,1076,卖盘
1397,13:40:06,10.76,--,17,18292,卖盘
1398,13:40:03,10.76,--,1,1076,卖盘
1399,13:40:00,10.76,--,2,2152,卖盘
1400,13:39:57,10.76,-0.01,11,11836,卖盘
1401,13:39:54,10.77,0.01,57,61389,买盘
1402,13:39:51,10.76,--,25,26900,卖盘
1403,13:39:45,10.76,--,12,12912,卖盘
1404,13:39:42,10.76,--,1,1076,卖盘
1405,13:39:36,10.76,--,19,20444,卖盘
1406,13:39:30,10.76,--,25,26900,卖盘
1407,13:39:27,10.76,--,35,37660,卖盘
1408,13:39:24,10.76,--,1,1076,卖盘
1409,13:39:21,10.76,--,1,1076,卖盘
1410,13:39:15,10.76,--,127,136652,卖盘
1411,13:39:12,10.76,-0.01,11,11836,卖盘
1412,13:39:09,10.77,--,306,329562,卖盘
1413,13:39:06,10.77,--,129,138933,卖盘
1414,13:39:00,10.77,-0.01,3,3231,卖盘
1415,13:38:57,10.78,0.01,107,115346,买盘
1416,13:38:54,10.77,--,2,2154,卖盘
1417,13:38:51,10.77,--,2,2154,卖盘
1418,13:38:45,10.77,--,13,14001,卖盘
1419,13:38:42,10.77,-0.01,1,1077,卖盘
1420,13:38:36,10.78,--,35,37730,买盘
1421,13:38:33,10.78,0.01,6,6468,买盘
1422,13:38:30,10.77,--,22,23694,卖盘
1423,13:38:27,10.77,--,19,20463,卖盘
1424,13:38:21,10.77,--,11,11847,卖盘
1425,13:38:15,10.77,--,59,63543,卖盘
1426,13:38:12,10.77,-0.01,1,1077,卖盘
1427,13:38:09,10.78,0.01,105,113190,买盘
1428,13:38:06,10.77,-0.01,30,32310,卖盘
1429,13:38:03,10.78,--,2,2156,买盘
1430,13:38:00,10.78,0.01,14,15092,买盘
1431,13:37:57,10.77,--,33,35541,卖盘
1432,13:37:54,10.77,-0.01,2,2154,卖盘
1433,13:37:51,10.78,--,67,72226,买盘
1434,13:37:48,10.78,0.01,64,68992,买盘
1435,13:37:45,10.77,--,62,66774,卖盘
1436,13:37:42,10.77,-0.01,1,1077,卖盘
1437,13:37:39,10.78,0.01,205,220990,买盘
1438,13:37:36,10.77,--,34,36618,卖盘
1439,13:37:33,10.77,--,1,1077,卖盘
1440,13:37:30,10.77,--,31,33387,卖盘
1441,13:37:27,10.77,-0.01,11,11847,卖盘
1442,13:37:24,10.78,0.01,1,1078,买盘
1443,13:37:21,10.77,--,1,1077,卖盘
1444,13:37:15,10.77,-0.01,44,47388,卖盘
1445,13:37:12,10.78,0.01,6,6468,买盘
1446,13:37:06,10.77,-0.01,55,59235,卖盘
1447,13:37:03,10.78,0.01,104,112112,买盘
1448,13:37:00,10.77,--,13,14001,卖盘
1449,13:36:57,10.77,-0.01,12,12924,卖盘
1450,13:36:54,10.78,--,185,199861,卖盘
1451,13:36:51,10.78,--,2,2156,卖盘
1452,13:36:48,10.78,--,50,53900,卖盘
1453,13:36:45,10.78,--,16,17248,卖盘
1454,13:36:42,10.78,--,21,22638,卖盘
1455,13:36:39,10.78,--,1,1078,卖盘
1456,13:36:36,10.78,--,19,20482,卖盘
1457,13:36:30,10.78,--,2,2156,卖盘
1458,13:36:27,10.78,-0.01,21,23284,卖盘
1459,13:36:24,10.79,0.01,40,43160,买盘
1460,13:36:21,10.78,--,15,16169,卖盘
1461,13:36:15,10.78,--,17,18326,卖盘
1462,13:36:12,10.78,--,2,2156,卖盘
1463,13:36:09,10.78,--,14,15092,卖盘
1464,13:36:06,10.78,--,45,48510,卖盘
1465,13:36:00,10.78,-0.01,14,15092,卖盘
1466,13:35:57,10.79,0.01,161,173719,买盘
1467,13:35:54,10.78,--,3,3234,卖盘
1468,13:35:51,10.78,--,6,6468,卖盘
1469,13:35:48,10.78,--,1,1078,卖盘
1470,13:35:45,10.78,--,15,16169,卖盘
1471,13:35:42,10.78,-0.01,11,11858,卖盘
1472,13:35:39,10.79,0.01,2,2158,买盘
1473,13:35:36,10.78,--,33,35574,卖盘
1474,13:35:33,10.78,--,2,2156,卖盘
1475,13:35:30,10.78,--,3,3234,卖盘
1476,13:35:27,10.78,--,44,47432,卖盘
1477,13:35:21,10.78,--,2,2156,卖盘
1478,13:35:18,10.78,--,1,1078,卖盘
1479,13:35:15,10.78,0.01,162,174636,买盘
1480,13:35:12,10.77,-0.01,2,2154,卖盘
1481,13:35:09,10.78,--,44,47432,买盘
1482,13:35:06,10.78,--,22,23716,卖盘
1483,13:35:03,10.78,0.01,5,5390,中性盘
1484,13:34:57,10.77,--,6,6462,卖盘
1485,13:34:54,10.77,--,84,90468,卖盘
1486,13:34:51,10.77,--,3,3231,卖盘
1487,13:34:48,10.77,--,2,2154,卖盘
1488,13:34:45,10.77,--,14,15078,卖盘
1489,13:34:42,10.77,-0.01,2,2154,卖盘
1490,13:34:36,10.78,--,33,35768,卖盘
1491,13:34:33,10.78,--,19,21365,买盘
1492,13:34:30,10.78,0.01,2,2156,买盘
1493,13:34:24,10.77,--,89,95853,卖盘
1494,13:34:21,10.77,--,14,15078,卖盘
1495,13:34:18,10.77,--,2,2154,卖盘
1496,13:34:15,10.77,--,152,163704,卖盘
1497,13:34:12,10.77,-0.01,158,170166,卖盘
1498,13:34:09,10.78,0.01,470,506659,买盘
1499,13:34:06,10.77,--,11,11847,卖盘
1500,13:34:03,10.77,-0.01,123,132471,卖盘
1501,13:33:57,10.78,--,21,22638,买盘
1502,13:33:54,10.78,0.01,62,66836,买盘
1503,13:33:51,10.77,--,203,218631,卖盘
1504,13:33:45,10.77,--,2,2154,卖盘
1505,13:33:42,10.77,-0.01,45,48465,卖盘
1506,13:33:39,10.78,0.01,20,21560,买盘
1507,13:33:33,10.77,--,12,12924,卖盘
1508,13:33:30,10.77,-0.01,3,3231,卖盘
1509,13:33:24,10.78,--,39,42236,卖盘
1510,13:33:21,10.78,--,2,2156,卖盘
1511,13:33:18,10.78,--,68,73304,卖盘
1512,13:33:15,10.78,--,11,11858,卖盘
1513,13:33:12,10.78,-0.01,476,514011,卖盘
1514,13:33:09,10.79,--,16,17264,买盘
1515,13:33:06,10.79,0.01,18,19422,买盘
1516,13:33:03,10.78,--,30,32339,卖盘
1517,13:33:00,10.78,-0.01,1,1078,卖盘
1518,13:32:57,10.79,0.01,104,112215,买盘
1519,13:32:54,10.78,--,15,16169,卖盘
1520,13:32:51,10.78,--,2,2156,卖盘
1521,13:32:45,10.78,--,33,35574,卖盘
1522,13:32:42,10.78,-0.01,17,18326,卖盘
1523,13:32:39,10.79,0.01,1,1079,买盘
1524,13:32:33,10.78,--,3,3234,卖盘
1525,13:32:30,10.78,--,2,2156,卖盘
1526,13:32:24,10.78,--,8,8624,卖盘
1527,13:32:21,10.78,-0.01,1,1078,卖盘
1528,13:32:18,10.79,0.01,3,3236,买盘
1529,13:32:15,10.78,--,8,8624,卖盘
1530,13:32:12,10.78,--,20,21560,卖盘
1531,13:32:09,10.78,0.01,28,30184,买盘
1532,13:32:06,10.77,--,1,1077,卖盘
1533,13:32:03,10.77,-0.01,42,45234,卖盘
1534,13:32:00,10.78,0.01,5,5390,买盘
1535,13:31:57,10.77,--,1,1077,卖盘
1536,13:31:54,10.77,--,44,47388,卖盘
1537,13:31:51,10.77,--,37,39849,卖盘
1538,13:31:45,10.77,--,2,2154,卖盘
1539,13:31:42,10.77,-0.01,99,106623,卖盘
1540,13:31:39,10.78,0.01,1,1078,买盘
1541,13:31:36,10.77,--,300,323100,卖盘
1542,13:31:33,10.77,--,2,2154,卖盘
1543,13:31:30,10.77,-0.01,1,1077,卖盘
1544,13:31:27,10.78,--,89,95942,买盘
1545,13:31:24,10.78,0.01,2,2156,中性盘
1546,13:31:21,10.77,--,1,1077,卖盘
1547,13:31:18,10.77,--,1,1077,卖盘
1548,13:31:15,10.77,--,401,431877,卖盘
1549,13:31:12,10.77,-0.01,80,86160,卖盘
1550,13:31:09,10.78,--,7,7546,买盘
1551,13:31:06,10.78,--,110,118580,卖盘
1552,13:31:03,10.78,--,53,57134,卖盘
1553,13:31:00,10.78,--,2,2156,卖盘
1554,13:30:57,10.78,--,2,2156,卖盘
1555,13:30:54,10.78,--,6,6468,卖盘
1556,13:30:51,10.78,--,3,3234,卖盘
1557,13:30:48,10.78,--,201,216678,卖盘
1558,13:30:45,10.78,--,1,1078,卖盘
1559,13:30:42,10.78,--,14,15092,卖盘
1560,13:30:39,10.78,--,12,12936,卖盘
1561,13:30:36,10.78,--,5,5390,卖盘
1562,13:30:33,10.78,--,27,29106,卖盘
1563,13:30:30,10.78,--,7,7546,卖盘
1564,13:30:27,10.78,--,63,67914,买盘
1565,13:30:24,10.78,0.01,29,31261,买盘
1566,13:30:21,10.77,--,1,1077,卖盘
1567,13:30:15,10.77,-0.01,11,11847,卖盘
1568,13:30:12,10.78,--,68,73304,卖盘
1569,13:30:09,10.78,-0.01,31,33418,卖盘
1570,13:30:06,10.79,0.01,514,554606,买盘
1571,13:30:03,10.78,--,5,5390,卖盘
1572,13:30:00,10.78,--,2,2156,卖盘
1573,13:29:57,10.78,-0.01,1,1078,卖盘
1574,13:29:54,10.79,0.01,19,20501,买盘
1575,13:29:51,10.78,-0.01,1,1078,卖盘
1576,13:29:48,10.79,0.01,2,2158,买盘
1577,13:29:45,10.78,--,41,44198,卖盘
1578,13:29:42,10.78,--,12,12936,卖盘
1579,13:29:33,10.78,--,41,44198,卖盘
1580,13:29:30,10.78,-0.01,2,2156,卖盘
1581,13:29:27,10.79,0.01,2,2158,买盘
1582,13:29:24,10.78,--,27,29106,卖盘
1583,13:29:21,10.78,--,1,1078,卖盘
1584,13:29:15,10.78,--,2,2156,卖盘
1585,13:29:12,10.78,--,103,111034,卖盘
1586,13:29:09,10.78,--,2,2156,卖盘
1587,13:29:06,10.78,--,1,1078,卖盘
1588,13:29:03,10.78,--,5,5390,卖盘
1589,13:29:00,10.78,--,402,433356,卖盘
1590,13:28:57,10.78,--,1,1078,卖盘
1591,13:28:54,10.78,--,7,7546,卖盘
1592,13:28:51,10.78,--,3,3234,卖盘
1593,13:28:45,10.78,--,2,2156,卖盘
1594,13:28:42,10.78,-0.01,10,10780,卖盘
1595,13:28:39,10.79,--,1,1079,买盘
1596,13:28:33,10.79,0.01,33,35607,买盘
1597,13:28:30,10.78,--,2,2156,卖盘
1598,13:28:27,10.78,--,1,1078,卖盘
1599,13:28:21,10.78,--,42,45276,卖盘
1600,13:28:18,10.78,--,1,1078,卖盘
1601,13:28:15,10.78,--,1,1078,卖盘
1602,13:28:12,10.78,-0.01,128,137984,卖盘
1603,13:28:09,10.79,--,17,18343,买盘
1604,13:28:06,10.79,0.01,4,4316,买盘
1605,13:28:03,10.78,--,2,2156,卖盘
1606,13:28:00,10.78,--,502,541156,卖盘
1607,13:27:57,10.78,--,1,1078,卖盘
1608,13:27:54,10.78,--,2,2156,卖盘
1609,13:27:51,10.78,--,5,5390,卖盘
1610,13:27:45,10.78,--,4,4312,卖盘
1611,13:27:42,10.78,--,7,7546,卖盘
1612,13:27:36,10.78,--,3,3234,卖盘
1613,13:27:33,10.78,--,18,19404,卖盘
1614,13:27:30,10.78,--,3,3234,卖盘
1615,13:27:21,10.78,--,30,32339,卖盘
1616,13:27:15,10.78,--,51,54978,卖盘
1617,13:27:12,10.78,--,33,35574,卖盘
1618,13:27:09,10.78,--,9,9702,卖盘
1619,13:27:06,10.78,--,1,1078,卖盘
1620,13:27:03,10.78,--,2,2156,卖盘
1621,13:27:00,10.78,--,2,2156,卖盘
1622,13:26:57,10.78,--,120,129359,卖盘
1623,13:26:54,10.78,--,1,1078,卖盘
1624,13:26:51,10.78,--,8,8624,卖盘
1625,13:26:45,10.78,-0.01,1,1078,卖盘
1626,13:26:42,10.79,0.01,23,24816,买盘
1627,13:26:33,10.78,--,2,2156,卖盘
1628,13:26:30,10.78,--,3,3234,卖盘
1629,13:26:27,10.78,-0.01,1,1078,卖盘
1630,13:26:24,10.79,0.01,1,1079,买盘
1631,13:26:21,10.78,--,6,6468,卖盘
1632,13:26:18,10.78,--,3,3234,卖盘
1633,13:26:15,10.78,--,1,1078,卖盘
1634,13:26:12,10.78,--,17,18326,卖盘
1635,13:26:06,10.78,--,1,1078,卖盘
1636,13:26:03,10.78,--,19,20482,卖盘
1637,13:26:00,10.78,--,1,1078,卖盘
1638,13:25:57,10.78,--,1,1078,卖盘
1639,13:25:54,10.78,--,2,2156,卖盘
1640,13:25:51,10.78,--,72,77616,卖盘
1641,13:25:45,10.78,0.01,6,6468,买盘
1642,13:25:42,10.77,-0.01,265,285405,卖盘
1643,13:25:36,10.78,--,497,535766,卖盘
1644,13:25:33,10.78,--,46,49588,卖盘
1645,13:25:30,10.78,--,516,556248,卖盘
1646,13:25:24,10.78,--,10,10780,卖盘
1647,13:25:21,10.78,--,170,183260,卖盘
1648,13:25:15,10.78,--,47,50666,卖盘
1649,13:25:12,10.78,--,324,349272,卖盘
1650,13:25:09,10.78,--,106,114268,卖盘
1651,13:25:06,10.78,-0.01,2,2156,卖盘
1652,13:25:03,10.79,0.01,18,19422,买盘
1653,13:25:00,10.78,--,1,1078,卖盘
1654,13:24:57,10.78,--,2,2156,卖盘
1655,13:24:54,10.78,--,3,3234,卖盘
1656,13:24:51,10.78,-0.01,54,58212,卖盘
1657,13:24:48,10.79,0.01,10,10790,买盘
1658,13:24:45,10.78,--,9,9702,卖盘
1659,13:24:42,10.78,-0.01,4,4312,卖盘
1660,13:24:39,10.79,0.01,28,30211,买盘
1661,13:24:33,10.78,--,5,5390,卖盘
1662,13:24:30,10.78,-0.01,3,3234,卖盘
1663,13:24:27,10.79,0.01,1,1079,买盘
1664,13:24:21,10.78,--,18,19404,卖盘
1665,13:24:15,10.78,--,15,16169,卖盘
1666,13:24:12,10.78,--,44,47432,卖盘
1667,13:24:09,10.78,-0.01,9,9702,卖盘
1668,13:24:06,10.79,--,3,3236,买盘
1669,13:24:03,10.79,0.01,2,2158,买盘
1670,13:24:00,10.78,--,21,22638,卖盘
1671,13:23:57,10.78,-0.01,67,72226,卖盘
1672,13:23:54,10.79,0.01,220,237379,买盘
1673,13:23:51,10.78,-0.01,32,34496,卖盘
1674,13:23:48,10.79,0.01,13,14026,买盘
1675,13:23:45,10.78,--,102,109956,卖盘
1676,13:23:42,10.78,--,11,11858,卖盘
1677,13:23:30,10.78,-0.01,33,35574,卖盘
1678,13:23:27,10.79,--,5,5395,买盘
1679,13:23:24,10.79,--,4,4316,买盘
1680,13:23:21,10.79,0.01,117,126242,买盘
1681,13:23:15,10.78,--,2,2156,卖盘
1682,13:23:12,10.78,--,388,418264,买盘
1683,13:23:09,10.78,0.01,2,2156,买盘
1684,13:23:06,10.77,--,62,66774,卖盘
1685,13:23:03,10.77,--,1,1077,卖盘
1686,13:23:00,10.77,--,94,101238,卖盘
1687,13:22:57,10.77,-0.01,2,2154,卖盘
1688,13:22:54,10.78,--,60,64679,买盘
1689,13:22:51,10.78,--,306,329868,买盘
1690,13:22:48,10.78,0.01,2,2156,买盘
1691,13:22:45,10.77,--,585,630045,卖盘
1692,13:22:42,10.77,-0.01,44,47388,卖盘
1693,13:22:36,10.78,0.01,37,39886,买盘
1694,13:22:30,10.77,-0.01,8,8616,卖盘
1695,13:22:27,10.78,0.01,3,3234,买盘
1696,13:22:21,10.77,-0.01,14,15078,卖盘
1697,13:22:18,10.78,0.01,6,6468,买盘
1698,13:22:15,10.77,--,2,2154,卖盘
1699,13:22:12,10.77,--,26,28002,卖盘
1700,13:22:09,10.77,-0.01,24,25848,卖盘
1701,13:22:06,10.78,--,2,2156,买盘
1702,13:22:03,10.78,0.01,75,80850,买盘
1703,13:22:00,10.77,--,15,16155,卖盘
1704,13:21:57,10.77,--,1,1077,卖盘
1705,13:21:54,10.77,--,3,3231,卖盘
1706,13:21:51,10.77,--,8,8616,卖盘
1707,13:21:45,10.77,--,1,1077,卖盘
1708,13:21:42,10.77,--,1,1077,卖盘
1709,13:21:39,10.77,--,10,10770,卖盘
1710,13:21:36,10.77,--,2,2154,卖盘
1711,13:21:30,10.77,-0.01,16,17232,卖盘
1712,13:21:27,10.78,--,5,5390,买盘
1713,13:21:24,10.78,0.01,21,22638,买盘
1714,13:21:21,10.77,-0.01,18,19386,卖盘
1715,13:21:18,10.78,0.01,20,21560,买盘
1716,13:21:15,10.77,--,5,5385,卖盘
1717,13:21:12,10.77,--,9,9693,卖盘
1718,13:21:09,10.77,--,7,7539,卖盘
1719,13:21:06,10.77,-0.01,47,50619,卖盘
1720,13:21:03,10.78,0.01,1,1078,买盘
1721,13:21:00,10.77,--,6,6462,卖盘
1722,13:20:57,10.77,--,2,2154,卖盘
1723,13:20:54,10.77,--,3,3231,卖盘
1724,13:20:51,10.77,--,20,21540,卖盘
1725,13:20:45,10.77,--,52,56004,卖盘
1726,13:20:42,10.77,--,3,3231,卖盘
1727,13:20:39,10.77,--,10,10770,卖盘
1728,13:20:30,10.77,--,30,32310,卖盘
1729,13:20:21,10.77,--,60,64620,卖盘
1730,13:20:15,10.77,-0.01,52,56004,卖盘
1731,13:20:12,10.78,0.01,3,3234,买盘
1732,13:20:09,10.77,--,28,30156,卖盘
1733,13:20:06,10.77,--,2,2154,卖盘
1734,13:20:00,10.77,--,107,115239,卖盘
1735,13:19:57,10.77,--,1,1077,卖盘
1736,13:19:54,10.77,--,10,10770,卖盘
1737,13:19:51,10.77,--,9,9693,卖盘
1738,13:19:45,10.77,--,7,7539,卖盘
1739,13:19:42,10.77,--,2,2154,卖盘
1740,13:19:39,10.77,--,12,12924,卖盘
1741,13:19:30,10.77,--,10,10770,卖盘
1742,13:19:24,10.77,--,2,2154,卖盘
1743,13:19:21,10.77,--,29,31233,卖盘
1744,13:19:15,10.77,--,2,2154,卖盘
1745,13:19:12,10.77,--,1,1077,卖盘
1746,13:19:09,10.77,--,24,25848,卖盘
1747,13:19:06,10.77,--,1,1077,卖盘
1748,13:19:00,10.77,--,38,40926,卖盘
1749,13:18:57,10.77,-0.01,1,1077,卖盘
1750,13:18:54,10.78,0.01,6,6468,买盘
1751,13:18:51,10.77,--,51,54927,卖盘
1752,13:18:45,10.77,--,1,1077,卖盘
1753,13:18:42,10.77,--,1,1077,卖盘
1754,13:18:39,10.77,-0.01,146,157242,卖盘
1755,13:18:36,10.78,0.01,53,57134,买盘
1756,13:18:33,10.77,--,351,378027,卖盘
1757,13:18:30,10.77,-0.01,19,20463,卖盘
1758,13:18:27,10.78,0.01,12,12936,买盘
1759,13:18:24,10.77,--,1,1077,卖盘
1760,13:18:21,10.77,--,28,30156,卖盘
1761,13:18:15,10.77,--,1,1077,卖盘
1762,13:18:12,10.77,--,2,2154,卖盘
1763,13:18:09,10.77,--,3,3231,卖盘
1764,13:18:06,10.77,--,92,99084,卖盘
1765,13:18:00,10.77,--,10,10770,卖盘
1766,13:17:57,10.77,--,1,1077,卖盘
1767,13:17:54,10.77,--,14,15078,卖盘
1768,13:17:51,10.77,-0.01,9,9693,卖盘
1769,13:17:48,10.78,0.01,10,10780,买盘
1770,13:17:45,10.77,--,1,1077,卖盘
1771,13:17:42,10.77,-0.01,13,14001,卖盘
1772,13:17:39,10.78,--,12,12936,买盘
1773,13:17:33,10.78,0.01,11,11858,买盘
1774,13:17:30,10.77,-0.01,8,8616,卖盘
1775,13:17:24,10.78,0.01,10,10780,买盘
1776,13:17:21,10.77,--,4,4308,卖盘
1777,13:17:18,10.77,--,11,11847,卖盘
1778,13:17:15,10.77,--,3,3231,卖盘
1779,13:17:12,10.77,--,1,1077,卖盘
1780,13:17:09,10.77,--,8,8616,卖盘
1781,13:17:06,10.77,--,1,1077,卖盘
1782,13:17:00,10.77,--,9,9693,卖盘
1783,13:16:57,10.77,--,24,25848,卖盘
1784,13:16:54,10.77,--,3,3231,卖盘
1785,13:16:51,10.77,--,14,15078,卖盘
1786,13:16:45,10.77,--,2,2154,卖盘
1787,13:16:42,10.77,--,1,1077,卖盘
1788,13:16:39,10.77,--,29,31233,卖盘
1789,13:16:30,10.77,--,1,1077,卖盘
1790,13:16:27,10.77,-0.01,8,8616,卖盘
1791,13:16:24,10.78,--,109,117502,卖盘
1792,13:16:21,10.78,--,10,10780,卖盘
1793,13:16:15,10.78,--,3,3234,卖盘
1794,13:16:12,10.78,--,2,2156,卖盘
1795,13:16:09,10.78,-0.01,15,16169,卖盘
1796,13:16:06,10.79,0.01,4,4316,买盘
1797,13:16:03,10.78,--,9,9702,卖盘
1798,13:16:00,10.78,--,60,64679,卖盘
1799,13:15:57,10.78,--,1,1078,卖盘
1800,13:15:54,10.78,--,54,58212,卖盘
1801,13:15:51,10.78,--,16,17248,卖盘
1802,13:15:45,10.78,--,39,42042,卖盘
1803,13:15:42,10.78,--,6,6468,卖盘
1804,13:15:39,10.78,--,6,6468,卖盘
1805,13:15:30,10.78,--,17,18326,卖盘
1806,13:15:21,10.78,--,47,50666,卖盘
1807,13:15:15,10.78,--,15,16169,卖盘
1808,13:15:12,10.78,--,6,6468,卖盘
1809,13:15:09,10.78,--,17,18326,卖盘
1810,13:15:06,10.78,0.01,144,155361,买盘
1811,13:15:00,10.77,--,41,44157,卖盘
1812,13:14:57,10.77,-0.01,2,2154,卖盘
1813,13:14:51,10.78,--,145,157258,卖盘
1814,13:14:48,10.78,--,8,8624,卖盘
1815,13:14:45,10.78,--,6,6468,卖盘
1816,13:14:42,10.78,-0.01,2,2156,卖盘
1817,13:14:39,10.79,--,22,23737,买盘
1818,13:14:36,10.79,0.01,2,2158,买盘
1819,13:14:30,10.78,--,34,36652,卖盘
1820,13:14:27,10.78,--,0,21,卖盘
1821,13:14:21,10.78,--,2,2156,卖盘
1822,13:14:18,10.78,--,6,6468,卖盘
1823,13:14:15,10.78,--,3,3234,卖盘
1824,13:14:12,10.78,--,5,5390,卖盘
1825,13:14:09,10.78,--,23,24794,卖盘
1826,13:14:06,10.78,--,2,2156,卖盘
1827,13:14:00,10.78,--,18,19404,卖盘
1828,13:13:57,10.78,0.01,72,77723,买盘
1829,13:13:54,10.77,--,4,4308,卖盘
1830,13:13:51,10.77,-0.01,4,4308,卖盘
1831,13:13:48,10.78,0.01,60,64679,买盘
1832,13:13:45,10.77,--,2,2154,卖盘
1833,13:13:42,10.77,--,151,162627,卖盘
1834,13:13:39,10.77,-0.01,3,3231,卖盘
1835,13:13:36,10.78,0.01,16,17248,买盘
1836,13:13:30,10.77,--,11,11847,卖盘
1837,13:13:21,10.77,--,12,12924,卖盘
1838,13:13:18,10.77,--,15,16155,卖盘
1839,13:13:15,10.77,--,35,37695,卖盘
1840,13:13:12,10.77,-0.01,6,6462,卖盘
1841,13:13:09,10.78,0.01,18,19404,买盘
1842,13:13:06,10.77,--,1,1077,卖盘
1843,13:13:00,10.77,--,29,31233,卖盘
1844,13:12:57,10.77,--,2,2154,卖盘
1845,13:12:54,10.77,-0.01,34,36618,卖盘
1846,13:12:51,10.78,--,4,4312,买盘
1847,13:12:48,10.78,--,78,85054,卖盘
1848,13:12:45,10.78,--,4,4312,卖盘
1849,13:12:42,10.78,--,1,1078,卖盘
1850,13:12:39,10.78,--,10,10780,卖盘
1851,13:12:36,10.78,--,1,1078,卖盘
1852,13:12:33,10.78,--,2,2156,卖盘
1853,13:12:30,10.78,--,38,40964,卖盘
1854,13:12:21,10.78,0.01,125,134857,买盘
1855,13:12:15,10.77,--,23,24771,卖盘
1856,13:12:12,10.77,--,1,1077,卖盘
1857,13:12:06,10.77,-0.02,13,14001,卖盘
1858,13:12:03,10.79,0.02,200,215799,买盘
1859,13:11:57,10.77,--,1,1077,卖盘
1860,13:11:54,10.77,--,4,4308,卖盘
1861,13:11:51,10.77,-0.01,3,3231,卖盘
1862,13:11:48,10.78,--,8,8624,卖盘
1863,13:11:45,10.78,--,2,2156,卖盘
1864,13:11:42,10.78,-0.01,12,12936,卖盘
1865,13:11:39,10.79,0.01,19,20501,买盘
1866,13:11:36,10.78,--,38,40964,卖盘
1867,13:11:33,10.78,--,1,1078,卖盘
1868,13:11:30,10.78,-0.01,20,21560,卖盘
1869,13:11:21,10.79,0.01,38,41002,买盘
1870,13:11:18,10.78,--,4,4312,卖盘
1871,13:11:15,10.78,--,27,29106,卖盘
1872,13:11:12,10.78,--,2,2156,卖盘
1873,13:11:09,10.78,-0.01,5,5390,卖盘
1874,13:11:06,10.79,--,2,2158,买盘
1875,13:11:03,10.79,--,1,1079,买盘
1876,13:11:00,10.79,0.01,17,18343,买盘
1877,13:10:57,10.78,-0.01,1,1078,卖盘
1878,13:10:54,10.79,0.01,3,3236,买盘
1879,13:10:51,10.78,--,4,4312,卖盘
1880,13:10:48,10.78,-0.01,32,34496,卖盘
1881,13:10:45,10.79,0.01,15,16184,买盘
1882,13:10:42,10.78,-0.01,2,2156,卖盘
1883,13:10:39,10.79,--,69,74451,买盘
1884,13:10:36,10.79,0.01,1,1079,买盘
1885,13:10:30,10.78,-0.01,269,289982,卖盘
1886,13:10:24,10.79,0.01,10,10790,买盘
1887,13:10:21,10.78,--,22,23716,卖盘
1888,13:10:18,10.78,--,6,6468,卖盘
1889,13:10:15,10.78,--,2,2156,卖盘
1890,13:10:12,10.78,--,1,1078,卖盘
1891,13:10:09,10.78,--,19,20482,卖盘
1892,13:10:06,10.78,-0.01,2,2156,卖盘
1893,13:10:03,10.79,0.01,12,12947,买盘
1894,13:10:00,10.78,--,53,57134,卖盘
1895,13:09:57,10.78,--,2,2156,卖盘
1896,13:09:54,10.78,--,14,15092,卖盘
1897,13:09:51,10.78,0.01,180,194040,买盘
1898,13:09:48,10.77,--,11,11847,卖盘
1899,13:09:45,10.77,--,1,1077,卖盘
1900,13:09:42,10.77,--,1,1077,卖盘
1901,13:09:39,10.77,--,24,25848,卖盘
1902,13:09:36,10.77,-0.01,8,8616,卖盘
1903,13:09:33,10.78,0.01,11,11858,买盘
1904,13:09:30,10.77,-0.01,94,101238,卖盘
1905,13:09:24,10.78,--,183,197274,卖盘
1906,13:09:21,10.78,--,1,1078,卖盘
1907,13:09:18,10.78,--,54,58212,卖盘
1908,13:09:15,10.78,-0.01,2,2156,卖盘
1909,13:09:12,10.79,0.01,5,5395,买盘
1910,13:09:09,10.78,--,12,12936,卖盘
1911,13:09:06,10.78,--,1,1078,卖盘
1912,13:09:03,10.78,--,9,9702,卖盘
1913,13:09:00,10.78,--,2,2156,卖盘
1914,13:08:57,10.78,--,33,35574,卖盘
1915,13:08:54,10.78,--,2,2156,卖盘
1916,13:08:51,10.78,--,3,3234,卖盘
1917,13:08:48,10.78,--,30,32339,卖盘
1918,13:08:45,10.78,--,77,83006,卖盘
1919,13:08:42,10.78,--,1,1078,卖盘
1920,13:08:39,10.78,-0.01,1,1078,卖盘
1921,13:08:36,10.79,--,57,61502,买盘
1922,13:08:33,10.79,0.01,1,1079,买盘
1923,13:08:30,10.78,--,51,54978,卖盘
1924,13:08:27,10.78,--,5,5390,卖盘
1925,13:08:21,10.78,--,5,5390,卖盘
1926,13:08:18,10.78,--,3,3234,卖盘
1927,13:08:15,10.78,--,12,12936,卖盘
1928,13:08:12,10.78,--,1,1078,卖盘
1929,13:08:09,10.78,-0.01,6,6468,卖盘
1930,13:08:06,10.79,0.01,2,2158,买盘
1931,13:08:00,10.78,--,12,12936,卖盘
1932,13:07:57,10.78,--,7,7546,卖盘
1933,13:07:54,10.78,--,2,2156,卖盘
1934,13:07:51,10.78,--,3,3234,卖盘
1935,13:07:48,10.78,--,9,9702,卖盘
1936,13:07:45,10.78,--,11,11858,卖盘
1937,13:07:42,10.78,-0.01,1,1078,卖盘
1938,13:07:39,10.79,-0.01,37,39923,卖盘
1939,13:07:36,10.8,0.01,1,1080,买盘
1940,13:07:33,10.79,--,4,4316,卖盘
1941,13:07:30,10.79,0.01,5,5395,买盘
1942,13:07:27,10.78,-0.01,3,3234,卖盘
1943,13:07:21,10.79,--,1,1079,卖盘
1944,13:07:18,10.79,--,6,6473,卖盘
1945,13:07:15,10.79,--,3,3236,卖盘
1946,13:07:12,10.79,--,1,1079,卖盘
1947,13:07:09,10.79,--,22,23737,卖盘
1948,13:07:06,10.79,--,2,2158,卖盘
1949,13:07:00,10.79,-0.01,44,47475,卖盘
1950,13:06:57,10.8,--,41,45014,卖盘
1951,13:06:54,10.8,-0.01,74,79920,卖盘
1952,13:06:51,10.81,0.01,24,25944,买盘
1953,13:06:48,10.8,--,7,7560,卖盘
1954,13:06:45,10.8,--,287,309960,卖盘
1955,13:06:42,10.8,--,37,39960,卖盘
1956,13:06:39,10.8,0.02,1065,1150545,买盘
1957,13:06:36,10.78,-0.01,41,44198,卖盘
1958,13:06:30,10.79,0.01,13,14026,买盘
1959,13:06:27,10.78,--,5,5390,卖盘
1960,13:06:21,10.78,-0.01,2,2156,卖盘
1961,13:06:18,10.79,0.01,1,1079,买盘
1962,13:06:15,10.78,--,12,12936,卖盘
1963,13:06:12,10.78,--,5,5390,卖盘
1964,13:06:09,10.78,--,27,29106,卖盘
1965,13:06:06,10.78,--,10,10780,卖盘
1966,13:06:03,10.78,--,9,9702,卖盘
1967,13:06:00,10.78,-0.01,2,2156,卖盘
1968,13:05:57,10.79,0.01,15,16184,买盘
1969,13:05:54,10.78,--,2,2156,卖盘
1970,13:05:51,10.78,--,6,6468,卖盘
1971,13:05:48,10.78,--,2,2156,卖盘
1972,13:05:45,10.78,0.01,12,12936,买盘
1973,13:05:42,10.77,-0.01,1,1077,卖盘
1974,13:05:39,10.78,--,19,20482,买盘
1975,13:05:36,10.78,--,4,4312,卖盘
1976,13:05:33,10.78,0.01,2,2156,买盘
1977,13:05:30,10.77,-0.01,2,2154,卖盘
1978,13:05:27,10.78,--,54,58212,买盘
1979,13:05:24,10.78,0.01,50,53900,买盘
1980,13:05:21,10.77,-0.01,1,1077,卖盘
1981,13:05:18,10.78,--,4,4312,买盘
1982,13:05:15,10.78,--,7,7546,卖盘
1983,13:05:12,10.78,-0.01,1,1078,中性盘
1984,13:05:06,10.79,-0.01,3,3236,中性盘
1985,13:05:03,10.8,0.03,2300,2484000,买盘
1986,13:05:00,10.77,--,2,2154,卖盘
1987,13:04:57,10.77,--,30,32310,卖盘
1988,13:04:54,10.77,--,2,2154,卖盘
1989,13:04:51,10.77,--,2,2154,卖盘
1990,13:04:45,10.77,--,30,32310,卖盘
1991,13:04:42,10.77,--,1,1077,卖盘
1992,13:04:39,10.77,-0.01,5,5385,卖盘
1993,13:04:36,10.78,0.01,110,118580,买盘
1994,13:04:33,10.77,--,1,1077,卖盘
1995,13:04:30,10.77,--,5,5385,卖盘
1996,13:04:27,10.77,0.01,29,31233,买盘
1997,13:04:21,10.76,-0.01,2,2152,卖盘
1998,13:04:18,10.77,0.01,31,33387,买盘
1999,13:04:15,10.76,--,5,5380,卖盘
2000,13:04:12,10.76,-0.01,1,1076,卖盘
2001,13:04:09,10.77,0.01,9,9693,买盘
2002,13:04:06,10.76,--,4,4304,卖盘
2003,13:04:03,10.76,--,5,5380,卖盘
2004,13:04:00,10.76,--,1,1076,卖盘
2005,13:03:57,10.76,--,3,3228,卖盘
2006,13:03:54,10.76,--,1,1076,卖盘
2007,13:03:51,10.76,--,1,1076,卖盘
2008,13:03:45,10.76,--,5,5380,卖盘
2009,13:03:36,10.76,--,14,15064,卖盘
2010,13:03:30,10.76,--,2,2152,卖盘
2011,13:03:27,10.76,--,2,2152,卖盘
2012,13:03:24,10.76,-0.01,50,53800,卖盘
2013,13:03:21,10.77,0.01,2,2154,买盘
2014,13:03:15,10.76,--,7,7532,卖盘
2015,13:03:12,10.76,--,1,1076,卖盘
2016,13:03:06,10.76,--,5,5380,卖盘
2017,13:03:03,10.76,--,9,9684,卖盘
2018,13:03:00,10.76,--,1,1076,卖盘
2019,13:02:57,10.76,--,2,2152,卖盘
2020,13:02:54,10.76,--,12,12912,卖盘
2021,13:02:51,10.76,-0.01,2,2152,卖盘
2022,13:02:48,10.77,0.01,9,9693,买盘
2023,13:02:45,10.76,--,6,6456,卖盘
2024,13:02:42,10.76,--,2,2152,卖盘
2025,13:02:36,10.76,--,12,12912,卖盘
2026,13:02:30,10.76,-0.01,3,3228,卖盘
2027,13:02:27,10.77,0.01,30,32310,买盘
2028,13:02:24,10.76,0.01,14,15064,买盘
2029,13:02:21,10.75,--,2,2150,卖盘
2030,13:02:18,10.75,-0.01,11,11825,卖盘
2031,13:02:15,10.76,0.01,3,3228,卖盘
2032,13:02:12,10.75,--,3,3225,卖盘
2033,13:02:09,10.75,--,7,7525,卖盘
2034,13:02:06,10.75,--,36,38700,卖盘
2035,13:01:57,10.75,-0.01,51,54825,卖盘
2036,13:01:54,10.76,--,60,64560,卖盘
2037,13:01:51,10.76,-0.01,22,23672,卖盘
2038,13:01:48,10.77,0.01,52,56004,买盘
2039,13:01:45,10.76,--,12,12912,卖盘
2040,13:01:42,10.76,--,1,1076,卖盘
2041,13:01:36,10.76,-0.01,32,34432,卖盘
2042,13:01:33,10.77,0.01,6,6462,买盘
2043,13:01:30,10.76,--,3,3228,卖盘
2044,13:01:27,10.76,--,127,136652,卖盘
2045,13:01:21,10.76,-0.02,1,1076,卖盘
2046,13:01:18,10.78,0.02,13,14014,买盘
2047,13:01:12,10.76,-0.01,1,1076,卖盘
2048,13:01:06,10.77,--,22,23694,买盘
2049,13:01:00,10.77,0.01,7,7539,买盘
2050,13:00:57,10.76,--,19,20444,卖盘
2051,13:00:54,10.76,--,46,49496,卖盘
2052,13:00:51,10.76,-0.01,6,6456,卖盘
2053,13:00:48,10.77,0.01,23,24771,买盘
2054,13:00:45,10.76,-0.01,22,23672,卖盘
2055,13:00:42,10.77,--,100,107700,买盘
2056,13:00:36,10.77,--,80,86160,买盘
2057,13:00:33,10.77,0.01,4,4308,买盘
2058,13:00:30,10.76,-0.01,7,7532,卖盘
2059,13:00:24,10.77,--,113,121701,卖盘
2060,13:00:21,10.77,--,5,5385,卖盘
2061,13:00:15,10.77,--,3,3231,卖盘
2062,13:00:12,10.77,--,5,5385,卖盘
2063,13:00:06,10.77,--,32,34464,卖盘
2064,13:00:03,10.77,0.01,1112,1197624,买盘
2065,13:00:00,10.76,--,85,91460,卖盘
2066,11:30:00,10.76,--,1,1076,卖盘
2067,11:29:54,10.76,--,34,36584,卖盘
2068,11:29:51,10.76,-0.01,3,3228,卖盘
2069,11:29:48,10.77,0.01,86,92622,买盘
2070,11:29:45,10.76,-0.01,3,3228,卖盘
2071,11:29:42,10.77,0.01,41,44157,买盘
2072,11:29:36,10.76,--,3,3228,卖盘
2073,11:29:33,10.76,-0.01,1,1076,卖盘
2074,11:29:30,10.77,0.01,2,2154,买盘
2075,11:29:24,10.76,--,12,12912,卖盘
2076,11:29:21,10.76,--,2,2152,卖盘
2077,11:29:15,10.76,-0.02,13,13988,卖盘
2078,11:29:12,10.78,0.02,31,33418,买盘
2079,11:29:06,10.76,--,4,4304,卖盘
2080,11:29:00,10.76,--,1,1076,卖盘
2081,11:28:57,10.76,--,1,1076,卖盘
2082,11:28:54,10.76,--,6,6456,卖盘
2083,11:28:51,10.76,-0.01,3,3228,卖盘
2084,11:28:48,10.77,0.01,12,12924,买盘
2085,11:28:45,10.76,--,6,6456,卖盘
2086,11:28:42,10.76,--,1,1076,卖盘
2087,11:28:36,10.76,--,11,11836,卖盘
2088,11:28:33,10.76,--,1,1076,卖盘
2089,11:28:30,10.76,--,16,17216,卖盘
2090,11:28:27,10.76,--,3,3228,卖盘
2091,11:28:24,10.76,--,6,6456,卖盘
2092,11:28:21,10.76,-0.01,1,1076,卖盘
2093,11:28:15,10.77,--,19,20463,卖盘
2094,11:28:12,10.77,0.01,1,1077,中性盘
2095,11:28:09,10.76,-0.02,7,7532,卖盘
2096,11:28:06,10.78,--,4,4312,买盘
2097,11:28:03,10.78,0.02,200,215600,买盘
2098,11:28:00,10.76,--,1,1076,卖盘
2099,11:27:57,10.76,-0.01,2,2152,卖盘
2100,11:27:54,10.77,--,4,4308,卖盘
2101,11:27:51,10.77,--,4,4308,卖盘
2102,11:27:45,10.77,0.01,11,11847,卖盘
2103,11:27:42,10.76,--,1,1076,卖盘
2104,11:27:39,10.76,-0.01,25,26900,卖盘
2105,11:27:36,10.77,--,1,1077,买盘
2106,11:27:33,10.77,--,5,5385,卖盘
2107,11:27:30,10.77,--,2,2154,卖盘
2108,11:27:24,10.77,--,1,1077,卖盘
2109,11:27:21,10.77,--,21,22617,卖盘
2110,11:27:15,10.77,--,4,4308,卖盘
2111,11:27:12,10.77,-0.01,1,1077,卖盘
2112,11:27:06,10.78,0.01,2,2156,买盘
2113,11:27:03,10.77,--,4,4308,卖盘
2114,11:27:00,10.77,--,1,1077,卖盘
2115,11:26:57,10.77,--,1,1077,卖盘
2116,11:26:54,10.77,--,15,16155,卖盘
2117,11:26:51,10.77,--,1,1077,卖盘
2118,11:26:48,10.77,--,5,5385,卖盘
2119,11:26:45,10.77,--,23,24771,卖盘
2120,11:26:42,10.77,-0.01,1,1077,卖盘
2121,11:26:39,10.78,--,22,23716,买盘
2122,11:26:36,10.78,0.01,30,32339,买盘
2123,11:26:33,10.77,--,7,7539,买盘
2124,11:26:30,10.77,0.01,4,4308,买盘
2125,11:26:24,10.76,-0.01,2,2152,卖盘
2126,11:26:21,10.77,0.01,2,2154,买盘
2127,11:26:15,10.76,--,5,5380,卖盘
2128,11:26:12,10.76,--,1,1076,卖盘
2129,11:26:06,10.76,--,1,1076,卖盘
2130,11:26:03,10.76,--,7,7532,卖盘
2131,11:26:00,10.76,--,2,2152,卖盘
2132,11:25:57,10.76,--,1,1076,卖盘
2133,11:25:54,10.76,--,3,3228,卖盘
2134,11:25:51,10.76,-0.01,2,2152,卖盘
2135,11:25:48,10.77,0.01,20,21540,买盘
2136,11:25:45,10.76,--,28,30128,卖盘
2137,11:25:42,10.76,--,1,1076,卖盘
2138,11:25:39,10.76,-0.02,33,35508,中性盘
2139,11:25:36,10.78,--,30,32339,买盘
2140,11:25:33,10.78,0.03,41,44198,买盘
2141,11:25:30,10.75,-0.01,4,4300,卖盘
2142,11:25:27,10.76,0.01,5,5380,中性盘
2143,11:25:21,10.75,-0.02,10,10750,卖盘
2144,11:25:18,10.77,0.02,51,54927,买盘
2145,11:25:15,10.75,-0.01,1,1075,卖盘
2146,11:25:12,10.76,-0.01,10,10760,卖盘
2147,11:25:09,10.77,0.01,1,1077,买盘
2148,11:25:06,10.76,--,2,2152,卖盘
2149,11:25:03,10.76,--,96,103296,卖盘
2150,11:25:00,10.76,--,2,2152,卖盘
2151,11:24:57,10.76,--,1,1076,卖盘
2152,11:24:54,10.76,--,19,20444,卖盘
2153,11:24:51,10.76,-0.01,2,2152,卖盘
2154,11:24:48,10.77,--,362,389874,卖盘
2155,11:24:45,10.77,--,2,2154,卖盘
2156,11:24:42,10.77,-0.01,5,5385,卖盘
2157,11:24:39,10.78,--,23,24794,买盘
2158,11:24:36,10.78,--,30,32339,买盘
2159,11:24:33,10.78,0.01,9,9702,买盘
2160,11:24:30,10.77,-0.01,2,2154,卖盘
2161,11:24:24,10.78,0.01,11,11858,买盘
2162,11:24:21,10.77,--,15,16155,卖盘
2163,11:24:15,10.77,--,2,2154,卖盘
2164,11:24:12,10.77,--,4,4308,卖盘
2165,11:24:09,10.77,--,20,21540,卖盘
2166,11:24:06,10.77,-0.01,2,2154,卖盘
2167,11:24:03,10.78,0.01,7,7546,买盘
2168,11:24:00,10.77,--,3,3231,卖盘
2169,11:23:57,10.77,--,1,1077,卖盘
2170,11:23:54,10.77,--,10,10770,卖盘
2171,11:23:51,10.77,--,2,2154,卖盘
2172,11:23:48,10.77,--,6,6462,卖盘
2173,11:23:45,10.77,--,12,12924,卖盘
2174,11:23:42,10.77,-0.01,17,18309,卖盘
2175,11:23:39,10.78,--,3,3234,买盘
2176,11:23:36,10.78,--,22,23716,买盘
2177,11:23:33,10.78,0.01,38,40964,买盘
2178,11:23:30,10.77,--,2,2154,卖盘
2179,11:23:27,10.77,--,20,21540,卖盘
2180,11:23:24,10.77,--,2,2154,卖盘
2181,11:23:21,10.77,--,1,1077,卖盘
2182,11:23:15,10.77,--,1,1077,卖盘
2183,11:23:12,10.77,--,4,4308,卖盘
2184,11:23:06,10.77,--,1,1077,卖盘
2185,11:23:03,10.77,--,11,11847,卖盘
2186,11:23:00,10.77,--,10,10770,卖盘
2187,11:22:57,10.77,--,2,2154,卖盘
2188,11:22:54,10.77,--,3,3231,卖盘
2189,11:22:51,10.77,--,29,31448,买盘
2190,11:22:48,10.77,0.01,1,1077,买盘
2191,11:22:45,10.76,--,1,1076,卖盘
2192,11:22:42,10.76,--,1,1076,卖盘
2193,11:22:39,10.76,--,1,1076,卖盘
2194,11:22:36,10.76,-0.02,5,5380,卖盘
2195,11:22:33,10.78,0.02,69,74382,买盘
2196,11:22:30,10.76,--,1,1076,卖盘
2197,11:22:27,10.76,--,5,5380,卖盘
2198,11:22:24,10.76,--,3,3228,卖盘
2199,11:22:21,10.76,-0.01,24,26254,卖盘
2200,11:22:18,10.77,0.01,33,35541,买盘
2201,11:22:15,10.76,--,8,8608,卖盘
2202,11:22:12,10.76,--,3,3228,卖盘
2203,11:22:06,10.76,--,2,2152,卖盘
2204,11:22:03,10.76,--,5,5380,卖盘
2205,11:22:00,10.76,--,1,1076,卖盘
2206,11:21:57,10.76,--,1,1076,卖盘
2207,11:21:54,10.76,--,14,15494,卖盘
2208,11:21:51,10.76,-0.01,2,2152,卖盘
2209,11:21:48,10.77,0.01,1,1077,买盘
2210,11:21:45,10.76,--,3,3228,卖盘
2211,11:21:42,10.76,--,6,6456,卖盘
2212,11:21:33,10.76,--,33,35508,卖盘
2213,11:21:30,10.76,--,32,34432,卖盘
2214,11:21:27,10.76,--,10,10760,卖盘
2215,11:21:24,10.76,--,1,1076,卖盘
2216,11:21:21,10.76,--,1,1076,卖盘
2217,11:21:15,10.76,--,2,2152,卖盘
2218,11:21:12,10.76,--,2,2152,卖盘
2219,11:21:06,10.76,--,2,2152,卖盘
2220,11:20:57,10.76,--,2,2152,卖盘
2221,11:20:54,10.76,--,4,4304,卖盘
2222,11:20:51,10.76,--,6,6456,卖盘
2223,11:20:45,10.76,--,685,737060,卖盘
2224,11:20:42,10.76,-0.02,7,7532,卖盘
2225,11:20:39,10.78,--,5,5390,买盘
2226,11:20:33,10.78,0.02,36,38808,买盘
2227,11:20:30,10.76,--,35,37660,卖盘
2228,11:20:21,10.76,--,54,58104,卖盘
2229,11:20:15,10.76,--,2,2152,卖盘
2230,11:20:12,10.76,--,108,116208,卖盘
2231,11:20:06,10.76,-0.01,4,4304,卖盘
2232,11:20:03,10.77,0.01,20,21540,买盘
2233,11:20:00,10.76,--,2,2152,卖盘
2234,11:19:57,10.76,--,1,1076,卖盘
2235,11:19:54,10.76,--,2,2152,卖盘
2236,11:19:51,10.76,-0.01,6,6456,卖盘
2237,11:19:48,10.77,--,51,54927,买盘
2238,11:19:42,10.77,-0.01,14,15078,卖盘
2239,11:19:36,10.78,0.01,3,3234,买盘
2240,11:19:33,10.77,-0.01,128,137996,卖盘
2241,11:19:30,10.78,-0.01,63,67914,卖盘
2242,11:19:27,10.79,0.01,156,168324,买盘
2243,11:19:21,10.78,-0.01,52,56056,卖盘
2244,11:19:18,10.79,0.01,8,8632,买盘
2245,11:19:15,10.78,--,3,3234,卖盘
2246,11:19:12,10.78,--,6,6468,卖盘
2247,11:19:09,10.78,0.01,185,200367,买盘
2248,11:19:06,10.77,--,1,1077,卖盘
2249,11:19:03,10.77,--,4,4308,卖盘
2250,11:19:00,10.77,--,1,1077,卖盘
2251,11:18:57,10.77,--,15,16155,卖盘
2252,11:18:54,10.77,--,4,4308,卖盘
2253,11:18:51,10.77,--,11,11847,卖盘
2254,11:18:45,10.77,--,18,19386,卖盘
2255,11:18:42,10.77,--,16,17232,卖盘
2256,11:18:33,10.77,--,3,3231,卖盘
2257,11:18:30,10.77,-0.01,25,26925,卖盘
2258,11:18:27,10.78,0.01,35,37730,买盘
2259,11:18:21,10.77,--,11,11847,卖盘
2260,11:18:18,10.77,--,4,4308,卖盘
2261,11:18:15,10.77,--,23,24771,卖盘
2262,11:18:12,10.77,--,11,11847,卖盘
2263,11:18:06,10.77,-0.01,1,1077,卖盘
2264,11:18:03,10.78,0.01,38,40964,买盘
2265,11:18:00,10.77,--,1,1077,卖盘
2266,11:17:57,10.77,--,1,1077,卖盘
2267,11:17:54,10.77,--,13,14001,卖盘
2268,11:17:51,10.77,--,17,18309,卖盘
2269,11:17:45,10.77,0.01,18,19386,买盘
2270,11:17:42,10.76,-0.01,24,25824,卖盘
2271,11:17:39,10.77,--,5,5385,买盘
2272,11:17:33,10.77,-0.01,8,8616,中性盘
2273,11:17:27,10.78,0.02,52,56056,买盘
2274,11:17:21,10.76,--,44,47344,卖盘
2275,11:17:18,10.76,-0.02,1,1076,卖盘
2276,11:17:15,10.78,0.02,34,36652,买盘
2277,11:17:12,10.76,-0.01,8,8608,卖盘
2278,11:17:06,10.77,--,6,6462,买盘
2279,11:17:03,10.77,0.01,19,20463,买盘
2280,11:17:00,10.76,--,1,1076,卖盘
2281,11:16:57,10.76,--,2,2152,卖盘
2282,11:16:54,10.76,--,2,2152,卖盘
2283,11:16:51,10.76,--,4,4304,卖盘
2284,11:16:45,10.76,--,3,3228,卖盘
2285,11:16:42,10.76,--,2,2152,卖盘
2286,11:16:33,10.76,--,4,4304,卖盘
2287,11:16:30,10.76,-0.02,1,1076,卖盘
2288,11:16:27,10.78,0.01,22,23716,买盘
2289,11:16:24,10.77,0.01,30,32310,买盘
2290,11:16:21,10.76,--,9,9684,卖盘
2291,11:16:18,10.76,--,51,54876,卖盘
2292,11:16:15,10.76,--,23,24748,卖盘
2293,11:16:12,10.76,--,4,4304,卖盘
2294,11:16:06,10.76,--,1,1076,卖盘
2295,11:16:03,10.76,--,4,4304,卖盘
2296,11:16:00,10.76,--,2,2152,卖盘
2297,11:15:57,10.76,--,7,7532,卖盘
2298,11:15:54,10.76,--,4,4304,卖盘
2299,11:15:51,10.76,--,10,10760,卖盘
2300,11:15:45,10.76,-0.01,1,1076,卖盘
2301,11:15:42,10.77,-0.01,16,17232,卖盘
2302,11:15:36,10.78,0.01,20,21560,买盘
2303,11:15:33,10.77,--,50,53850,卖盘
2304,11:15:30,10.77,--,3,3231,卖盘
2305,11:15:27,10.77,-0.01,8,8616,卖盘
2306,11:15:24,10.78,--,52,56056,买盘
2307,11:15:21,10.78,--,36,38808,买盘
2308,11:15:18,10.78,0.02,110,118580,买盘
2309,11:15:15,10.76,--,2,2152,卖盘
2310,11:15:12,10.76,--,11,11836,卖盘
2311,11:15:06,10.76,--,2,2152,卖盘
2312,11:15:03,10.76,--,19,20444,卖盘
2313,11:15:00,10.76,--,1,1076,卖盘
2314,11:14:57,10.76,--,1,1076,卖盘
2315,11:14:54,10.76,-0.01,50,53800,卖盘
2316,11:14:51,10.77,-0.01,25,26925,卖盘
2317,11:14:45,10.78,0.01,43,46354,买盘
2318,11:14:42,10.77,--,8,8616,买盘
2319,11:14:33,10.77,0.01,1,1077,买盘
2320,11:14:30,10.76,--,19,20444,卖盘
2321,11:14:27,10.76,-0.01,5,5380,卖盘
2322,11:14:24,10.77,-0.01,2,2154,卖盘
2323,11:14:21,10.78,0.01,58,62523,买盘
2324,11:14:18,10.77,--,1,1077,卖盘
2325,11:14:15,10.77,--,3,3231,卖盘
2326,11:14:12,10.77,--,13,14001,买盘
2327,11:14:09,10.77,0.01,5,5385,买盘
2328,11:14:06,10.76,-0.01,1,1076,卖盘
2329,11:14:03,10.77,0.01,1,1077,买盘
2330,11:14:00,10.76,--,9,9684,卖盘
2331,11:13:57,10.76,--,1,1076,卖盘
2332,11:13:54,10.76,--,2,2152,卖盘
2333,11:13:51,10.76,--,31,33356,卖盘
2334,11:13:45,10.76,--,21,22596,卖盘
2335,11:13:42,10.76,--,16,17216,卖盘
2336,11:13:36,10.76,-0.01,50,53800,卖盘
2337,11:13:33,10.77,0.01,1,1077,买盘
2338,11:13:30,10.76,--,1,1076,卖盘
2339,11:13:27,10.76,-0.02,8,8608,卖盘
2340,11:13:21,10.78,0.02,53,57134,买盘
2341,11:13:18,10.76,-0.01,1,1076,卖盘
2342,11:13:15,10.77,0.01,124,133548,买盘
2343,11:13:12,10.76,-0.02,1,1076,卖盘
2344,11:13:06,10.78,0.01,32,34496,买盘
2345,11:13:00,10.77,--,8,8756,卖盘
2346,11:12:57,10.77,--,1,1077,卖盘
2347,11:12:54,10.77,--,3,3231,卖盘
2348,11:12:51,10.77,-0.01,14,15078,卖盘
2349,11:12:48,10.78,0.01,11,11858,买盘
2350,11:12:45,10.77,--,3,3231,卖盘
2351,11:12:42,10.77,--,7,7539,卖盘
2352,11:12:30,10.77,--,23,24771,卖盘
2353,11:12:21,10.77,-0.01,36,38772,卖盘
2354,11:12:18,10.78,--,32,34496,买盘
2355,11:12:15,10.78,0.01,17,18326,买盘
2356,11:12:12,10.77,--,4,4308,卖盘
2357,11:12:09,10.77,0.01,48,52632,买盘
2358,11:12:06,10.76,--,1,1076,卖盘
2359,11:12:00,10.76,--,10,10760,卖盘
2360,11:11:57,10.76,--,1,1076,卖盘
2361,11:11:54,10.76,--,5,5380,卖盘
2362,11:11:51,10.76,-0.01,28,30128,卖盘
2363,11:11:48,10.77,0.01,1,1077,买盘
2364,11:11:45,10.76,--,3,3228,卖盘
2365,11:11:42,10.76,--,10,10760,卖盘
2366,11:11:33,10.76,--,1,1076,卖盘
2367,11:11:30,10.76,-0.01,31,33356,卖盘
2368,11:11:27,10.77,0.01,49,52773,买盘
2369,11:11:21,10.76,-0.01,16,17216,卖盘
2370,11:11:18,10.77,0.01,54,58158,买盘
2371,11:11:15,10.76,--,1,1076,卖盘
2372,11:11:12,10.76,--,7,7532,卖盘
2373,11:11:09,10.76,--,50,53800,卖盘
2374,11:11:06,10.76,--,1,1076,卖盘
2375,11:11:03,10.76,--,4,4304,卖盘
2376,11:11:00,10.76,--,5,5380,卖盘
2377,11:10:57,10.76,--,1,1076,卖盘
2378,11:10:54,10.76,--,2,2152,卖盘
2379,11:10:51,10.76,--,6,6456,卖盘
2380,11:10:45,10.76,--,2,2152,卖盘
2381,11:10:42,10.76,-0.01,15,16140,卖盘
2382,11:10:33,10.77,0.01,2,2154,买盘
2383,11:10:30,10.76,--,35,37660,卖盘
2384,11:10:21,10.76,-0.01,46,49496,卖盘
2385,11:10:18,10.77,--,52,56004,买盘
2386,11:10:15,10.77,0.01,32,34464,买盘
2387,11:10:12,10.76,--,15,16140,卖盘
2388,11:10:06,10.76,-0.01,2,2152,卖盘
2389,11:10:03,10.77,0.01,1,1077,买盘
2390,11:10:00,10.76,-0.01,12,12912,卖盘
2391,11:09:57,10.77,0.01,11,11847,买盘
2392,11:09:54,10.76,--,4,4304,卖盘
2393,11:09:51,10.76,--,15,16140,卖盘
2394,11:09:48,10.76,--,20,21520,卖盘
2395,11:09:45,10.76,--,3,3228,卖盘
2396,11:09:42,10.76,--,44,47344,卖盘
2397,11:09:36,10.76,--,9,9684,卖盘
2398,11:09:30,10.76,--,36,38736,卖盘
2399,11:09:27,10.76,--,130,139880,卖盘
2400,11:09:21,10.76,-0.01,74,79624,卖盘
2401,11:09:18,10.77,--,1,1077,买盘
2402,11:09:15,10.77,0.01,55,59235,买盘
2403,11:09:12,10.76,--,19,20444,卖盘
2404,11:09:06,10.76,--,1,1076,卖盘
2405,11:09:00,10.76,--,68,73168,卖盘
2406,11:08:57,10.76,--,18,19368,卖盘
2407,11:08:54,10.76,-0.01,52,55952,卖盘
2408,11:08:51,10.77,--,37,39849,买盘
2409,11:08:48,10.77,0.01,1,1077,买盘
2410,11:08:45,10.76,--,53,57028,卖盘
2411,11:08:42,10.76,--,6,6456,卖盘
2412,11:08:30,10.76,-0.01,15,16140,卖盘
2413,11:08:24,10.77,0.01,5,5385,买盘
2414,11:08:21,10.76,-0.01,42,45192,卖盘
2415,11:08:18,10.77,0.01,1,1077,买盘
2416,11:08:15,10.76,-0.01,110,118360,卖盘
2417,11:08:12,10.77,0.01,45,48465,买盘
2418,11:08:09,10.76,--,7,7532,卖盘
2419,11:08:00,10.76,--,12,12912,卖盘
2420,11:07:57,10.76,--,11,11836,卖盘
2421,11:07:54,10.76,--,3,3228,卖盘
2422,11:07:51,10.76,--,44,47344,卖盘
2423,11:07:45,10.76,--,3,3228,卖盘
2424,11:07:42,10.76,0.01,29,31204,买盘
2425,11:07:39,10.75,-0.01,4,4300,卖盘
2426,11:07:36,10.76,--,2,2152,买盘
2427,11:07:33,10.76,0.01,1,1076,买盘
2428,11:07:30,10.75,-0.01,2,2150,卖盘
2429,11:07:27,10.76,0.01,13,13988,买盘
2430,11:07:21,10.75,-0.02,1,1075,卖盘
2431,11:07:15,10.77,0.02,29,31233,买盘
2432,11:07:12,10.75,--,69,74175,卖盘
2433,11:07:09,10.75,--,53,56975,卖盘
2434,11:07:06,10.75,-0.01,1,1075,卖盘
2435,11:07:03,10.76,0.01,1,1076,买盘
2436,11:07:00,10.75,--,43,46225,卖盘
2437,11:06:57,10.75,--,2,2150,卖盘
2438,11:06:54,10.75,--,4,4300,卖盘
2439,11:06:51,10.75,--,160,172000,卖盘
2440,11:06:48,10.75,--,2,2150,卖盘
2441,11:06:45,10.75,--,2,2150,卖盘
2442,11:06:42,10.75,--,1,1075,卖盘
2443,11:06:39,10.75,--,2,2150,卖盘
2444,11:06:33,10.75,--,43,46225,卖盘
2445,11:06:30,10.75,--,6,6450,卖盘
2446,11:06:21,10.75,--,4,4300,卖盘
2447,11:06:15,10.75,--,2,2150,卖盘
2448,11:06:12,10.75,--,2,2150,卖盘
2449,11:06:09,10.75,--,5,5375,卖盘
2450,11:06:00,10.75,--,11,11825,卖盘
2451,11:05:57,10.75,--,1,1075,卖盘
2452,11:05:54,10.75,--,2,2150,卖盘
2453,11:05:51,10.75,--,34,36550,买盘
2454,11:05:45,10.75,0.01,3,3225,买盘
2455,11:05:42,10.74,-0.01,1,1074,卖盘
2456,11:05:39,10.75,--,6,6450,卖盘
2457,11:05:36,10.75,0.01,12,12900,买盘
2458,11:05:30,10.74,-0.01,7,7518,卖盘
2459,11:05:24,10.75,0.01,1,1075,买盘
2460,11:05:21,10.74,--,17,18258,卖盘
2461,11:05:15,10.74,--,2,2148,卖盘
2462,11:05:12,10.74,-0.01,2,2148,卖盘
2463,11:05:09,10.75,--,36,38700,卖盘
2464,11:05:06,10.75,--,21,22575,卖盘
2465,11:05:03,10.75,--,28,30100,买盘
2466,11:05:00,10.75,0.01,50,53750,买盘
2467,11:04:57,10.74,--,1,1074,卖盘
2468,11:04:54,10.74,--,6,6444,卖盘
2469,11:04:51,10.74,-0.01,37,39738,卖盘
2470,11:04:48,10.75,0.01,1,1075,买盘
2471,11:04:45,10.74,--,3,3222,卖盘
2472,11:04:42,10.74,--,2,2148,卖盘
2473,11:04:39,10.74,--,3,3222,卖盘
2474,11:04:33,10.74,--,1,1074,卖盘
2475,11:04:30,10.74,-0.01,9,9666,卖盘
2476,11:04:24,10.75,0.01,2,2150,买盘
2477,11:04:21,10.74,-0.01,31,33294,卖盘
2478,11:04:18,10.75,0.01,1,1075,买盘
2479,11:04:15,10.74,--,2,2148,卖盘
2480,11:04:12,10.74,--,1,1074,卖盘
2481,11:04:09,10.74,--,69,74106,卖盘
2482,11:04:06,10.74,-0.01,8,8592,卖盘
2483,11:04:03,10.75,0.01,1,1075,买盘
2484,11:04:00,10.74,--,266,285684,卖盘
2485,11:03:57,10.74,-0.01,3,3222,卖盘
2486,11:03:54,10.75,--,33,35475,买盘
2487,11:03:51,10.75,0.01,16,17200,买盘
2488,11:03:48,10.74,--,1,1074,卖盘
2489,11:03:45,10.74,--,2,2148,卖盘
2490,11:03:42,10.74,--,13,13962,卖盘
2491,11:03:39,10.74,--,15,16110,卖盘
2492,11:03:33,10.74,-0.01,2,2148,卖盘
2493,11:03:30,10.75,--,16,17200,买盘
2494,11:03:24,10.75,0.01,2,2150,买盘
2495,11:03:21,10.74,-0.01,57,61218,卖盘
2496,11:03:15,10.75,0.01,9,9675,买盘
2497,11:03:12,10.74,--,32,34368,卖盘
2498,11:03:09,10.74,-0.01,65,69810,卖盘
2499,11:03:06,10.75,0.01,34,36550,买盘
2500,11:03:03,10.74,-0.01,298,320052,卖盘
2501,11:03:00,10.75,0.01,22,23650,买盘
2502,11:02:57,10.74,--,59,63366,卖盘
2503,11:02:54,10.74,--,6,6444,卖盘
2504,11:02:51,10.74,-0.01,3,3222,卖盘
2505,11:02:48,10.75,--,189,203175,卖盘
2506,11:02:45,10.75,--,40,43000,卖盘
2507,11:02:42,10.75,--,2,2150,卖盘
2508,11:02:39,10.75,--,84,90300,卖盘
2509,11:02:33,10.75,--,30,32250,卖盘
2510,11:02:30,10.75,-0.01,193,207475,卖盘
2511,11:02:27,10.76,--,106,114056,买盘
2512,11:02:24,10.76,0.01,5,5380,买盘
2513,11:02:21,10.75,--,1,1075,卖盘
2514,11:02:18,10.75,-0.01,3,3225,卖盘
2515,11:02:15,10.76,0.01,23,24748,买盘
2516,11:02:12,10.75,--,1,1075,卖盘
2517,11:02:09,10.75,--,1,1075,卖盘
2518,11:02:06,10.75,--,8,8600,卖盘
2519,11:02:00,10.75,--,2,2150,卖盘
2520,11:01:57,10.75,--,23,24725,卖盘
2521,11:01:54,10.75,--,34,36550,卖盘
2522,11:01:51,10.75,--,3,3225,卖盘
2523,11:01:48,10.75,-0.01,36,38700,卖盘
2524,11:01:45,10.76,0.01,1,1076,买盘
2525,11:01:42,10.75,--,2,2150,卖盘
2526,11:01:36,10.75,--,145,155875,卖盘
2527,11:01:30,10.75,--,432,464400,卖盘
2528,11:01:27,10.75,-0.01,7,7525,卖盘
2529,11:01:24,10.76,0.01,2,2152,买盘
2530,11:01:21,10.75,--,22,23650,卖盘
2531,11:01:18,10.75,--,10,10750,卖盘
2532,11:01:15,10.75,--,11,11825,卖盘
2533,11:01:12,10.75,--,4,4300,卖盘
2534,11:01:06,10.75,-0.01,29,31175,卖盘
2535,11:01:00,10.76,0.01,2,2152,买盘
2536,11:00:57,10.75,--,22,23650,卖盘
2537,11:00:54,10.75,--,5,5375,卖盘
2538,11:00:51,10.75,--,4,4300,卖盘
2539,11:00:48,10.75,--,56,60200,卖盘
2540,11:00:45,10.75,--,1,1075,卖盘
2541,11:00:42,10.75,--,16,17200,卖盘
2542,11:00:39,10.75,--,37,39775,卖盘
2543,11:00:36,10.75,-0.01,83,89225,卖盘
2544,11:00:33,10.76,0.01,15,16140,买盘
2545,11:00:30,10.75,--,33,35475,卖盘
2546,11:00:27,10.75,-0.01,41,44075,卖盘
2547,11:00:24,10.76,0.01,2,2152,买盘
2548,11:00:21,10.75,--,2,2150,卖盘
2549,11:00:18,10.75,--,13,13975,卖盘
2550,11:00:15,10.75,--,4,4300,卖盘
2551,11:00:12,10.75,--,3,3225,卖盘
2552,11:00:09,10.75,--,37,39775,卖盘
2553,11:00:06,10.75,--,9,9675,卖盘
2554,10:59:57,10.75,-0.01,26,27950,卖盘
2555,10:59:54,10.76,0.01,16,17216,买盘
2556,10:59:51,10.75,--,5,5375,卖盘
2557,10:59:48,10.75,--,20,21500,卖盘
2558,10:59:45,10.75,--,43,46225,卖盘
2559,10:59:42,10.75,--,1,1075,卖盘
2560,10:59:36,10.75,--,71,76325,卖盘
2561,10:59:30,10.75,--,7,7525,卖盘
2562,10:59:27,10.75,-0.01,7,7525,卖盘
2563,10:59:24,10.76,0.01,2,2152,买盘
2564,10:59:21,10.75,--,2,2150,卖盘
2565,10:59:18,10.75,--,16,17200,卖盘
2566,10:59:15,10.75,--,1,1075,卖盘
2567,10:59:12,10.75,--,2,2150,卖盘
2568,10:59:06,10.75,--,56,60200,卖盘
2569,10:59:00,10.75,--,11,11825,卖盘
2570,10:58:57,10.75,-0.01,66,70950,卖盘
2571,10:58:54,10.76,0.01,4,4304,买盘
2572,10:58:51,10.75,--,139,149425,卖盘
2573,10:58:48,10.75,-0.01,5,5375,卖盘
2574,10:58:45,10.76,0.01,3,3228,买盘
2575,10:58:42,10.75,--,2,2150,卖盘
2576,10:58:36,10.75,--,21,22575,卖盘
2577,10:58:33,10.75,-0.01,1,1075,卖盘
2578,10:58:30,10.76,0.01,51,54876,买盘
2579,10:58:27,10.75,-0.01,29,31175,卖盘
2580,10:58:24,10.76,0.01,2,2152,买盘
2581,10:58:21,10.75,--,1,1075,卖盘
2582,10:58:18,10.75,--,2,2150,卖盘
2583,10:58:15,10.75,--,4,4300,卖盘
2584,10:58:12,10.75,--,15,16125,卖盘
2585,10:58:06,10.75,--,5,5375,卖盘
2586,10:58:00,10.75,--,1,1075,卖盘
2587,10:57:57,10.75,--,4,4300,卖盘
2588,10:57:54,10.75,--,6,6450,卖盘
2589,10:57:51,10.75,--,5,5375,卖盘
2590,10:57:48,10.75,-0.01,2,2150,卖盘
2591,10:57:45,10.76,0.01,2,2152,买盘
2592,10:57:42,10.75,--,2,2150,卖盘
2593,10:57:36,10.75,--,3,3225,卖盘
2594,10:57:33,10.75,--,2,2150,卖盘
2595,10:57:30,10.75,--,2,2150,卖盘
2596,10:57:27,10.75,-0.01,13,13975,卖盘
2597,10:57:24,10.76,0.01,39,41964,买盘
2598,10:57:21,10.75,--,2,2150,卖盘
2599,10:57:18,10.75,--,8,8600,卖盘
2600,10:57:15,10.75,--,3,3225,卖盘
2601,10:57:12,10.75,--,7,7525,卖盘
2602,10:57:06,10.75,--,18,19350,卖盘
2603,10:57:00,10.75,-0.01,54,58050,卖盘
2604,10:56:57,10.76,0.01,5,5380,买盘
2605,10:56:54,10.75,--,6,6450,卖盘
2606,10:56:51,10.75,--,1,1075,卖盘
2607,10:56:48,10.75,--,2,2150,卖盘
2608,10:56:45,10.75,--,1,1075,卖盘
2609,10:56:42,10.75,-0.01,1,1075,卖盘
2610,10:56:39,10.76,0.01,2,2152,买盘
2611,10:56:36,10.75,--,6,6450,卖盘
2612,10:56:30,10.75,-0.01,3,3225,卖盘
2613,10:56:27,10.76,--,19,20444,买盘
2614,10:56:24,10.76,0.01,2,2152,买盘
2615,10:56:21,10.75,--,1,1075,卖盘
2616,10:56:18,10.75,--,7,7525,卖盘
2617,10:56:15,10.75,--,3,3225,卖盘
2618,10:56:12,10.75,--,1,1075,卖盘
2619,10:56:06,10.75,--,28,30100,卖盘
2620,10:56:00,10.75,--,17,18275,卖盘
2621,10:55:57,10.75,--,77,82775,卖盘
2622,10:55:54,10.75,--,9,9675,卖盘
2623,10:55:51,10.75,--,103,110725,卖盘
2624,10:55:48,10.75,-0.01,6,6450,卖盘
2625,10:55:45,10.76,0.01,34,36584,买盘
2626,10:55:42,10.75,--,31,33325,卖盘
2627,10:55:36,10.75,--,6,6450,卖盘
2628,10:55:30,10.75,--,3,3225,卖盘
2629,10:55:27,10.75,-0.01,18,19350,卖盘
2630,10:55:24,10.76,0.01,2,2152,买盘
2631,10:55:21,10.75,-0.01,46,49450,卖盘
2632,10:55:18,10.76,0.01,14,15064,买盘
2633,10:55:15,10.75,--,10,10750,卖盘
2634,10:55:12,10.75,-0.01,2,2150,卖盘
2635,10:55:09,10.76,0.01,11,11836,买盘
2636,10:55:06,10.75,--,11,11825,卖盘
2637,10:55:00,10.75,-0.01,1,1075,卖盘
2638,10:54:57,10.76,0.01,21,22596,买盘
2639,10:54:54,10.75,--,7,7525,卖盘
2640,10:54:51,10.75,--,42,45150,卖盘
2641,10:54:45,10.75,--,11,11825,卖盘
2642,10:54:42,10.75,--,2,2150,卖盘
2643,10:54:39,10.75,--,1,1075,卖盘
2644,10:54:36,10.75,--,27,29025,卖盘
2645,10:54:30,10.75,--,2,2150,卖盘
2646,10:54:27,10.75,-0.01,19,20425,卖盘
2647,10:54:24,10.76,0.01,2,2152,买盘
2648,10:54:21,10.75,--,1,1075,卖盘
2649,10:54:18,10.75,--,20,21500,卖盘
2650,10:54:15,10.75,--,39,41925,卖盘
2651,10:54:12,10.75,--,5,5375,卖盘
2652,10:54:06,10.75,--,21,22575,卖盘
2653,10:54:03,10.75,-0.01,17,18275,卖盘
2654,10:54:00,10.76,0.01,32,34432,买盘
2655,10:53:57,10.75,--,4,4300,卖盘
2656,10:53:54,10.75,--,25,26875,卖盘
2657,10:53:51,10.75,--,7,7525,卖盘
2658,10:53:45,10.75,--,4,4300,卖盘
2659,10:53:42,10.75,--,4,4300,卖盘
2660,10:53:36,10.75,--,9,9675,卖盘
2661,10:53:33,10.75,--,1,1075,卖盘
2662,10:53:30,10.75,-0.01,2,2150,卖盘
2663,10:53:27,10.76,--,33,35508,买盘
2664,10:53:24,10.76,0.01,2,2152,买盘
2665,10:53:21,10.75,-0.01,2,2150,卖盘
2666,10:53:18,10.76,0.01,20,21520,买盘
2667,10:53:15,10.75,--,16,17200,卖盘
2668,10:53:12,10.75,--,4,4300,卖盘
2669,10:53:09,10.75,--,12,12900,卖盘
2670,10:53:06,10.75,--,7,7525,卖盘
2671,10:52:57,10.75,-0.01,16,17200,卖盘
2672,10:52:54,10.76,0.01,4,4304,买盘
2673,10:52:51,10.75,--,2,2150,卖盘
2674,10:52:48,10.75,-0.01,6,6450,卖盘
2675,10:52:45,10.76,0.01,36,38736,买盘
2676,10:52:42,10.75,--,9,9675,卖盘
2677,10:52:36,10.75,--,23,24725,卖盘
2678,10:52:33,10.75,-0.01,2,2150,卖盘
2679,10:52:30,10.76,0.01,30,32280,买盘
2680,10:52:27,10.75,-0.01,90,96750,卖盘
2681,10:52:24,10.76,0.01,2,2152,买盘
2682,10:52:21,10.75,--,1,1075,卖盘
2683,10:52:15,10.75,--,194,208550,卖盘
2684,10:52:12,10.75,--,32,34400,卖盘
2685,10:52:06,10.75,--,24,25800,卖盘
2686,10:52:00,10.75,--,22,23650,卖盘
2687,10:51:57,10.75,--,18,19350,卖盘
2688,10:51:54,10.75,--,5,5375,卖盘
2689,10:51:51,10.75,--,3,3225,卖盘
2690,10:51:45,10.75,--,33,35475,卖盘
2691,10:51:42,10.75,--,3,3225,卖盘
2692,10:51:39,10.75,--,24,25800,卖盘
2693,10:51:36,10.75,--,6,6450,卖盘
2694,10:51:33,10.75,-0.01,30,32250,卖盘
2695,10:51:30,10.76,0.01,4,4304,买盘
2696,10:51:27,10.75,-0.01,17,18275,卖盘
2697,10:51:24,10.76,--,2,2152,买盘
2698,10:51:21,10.76,0.01,25,26900,买盘
2699,10:51:15,10.75,--,33,35475,卖盘
2700,10:51:12,10.75,--,3,3225,卖盘
2701,10:51:09,10.75,--,48,51600,卖盘
2702,10:51:06,10.75,--,9,9675,卖盘
2703,10:51:03,10.75,--,8,8600,卖盘
2704,10:51:00,10.75,--,22,23650,卖盘
2705,10:50:57,10.75,--,23,24725,卖盘
2706,10:50:54,10.75,--,5,5375,卖盘
2707,10:50:51,10.75,--,4,4300,卖盘
2708,10:50:42,10.75,-0.02,52,55900,卖盘
2709,10:50:39,10.77,0.01,32,34464,买盘
2710,10:50:33,10.76,--,41,44255,卖盘
2711,10:50:30,10.76,--,5,6316,卖盘
2712,10:50:27,10.76,--,14,15064,卖盘
2713,10:50:24,10.76,--,5,5380,卖盘
2714,10:50:21,10.76,--,11,11836,买盘
2715,10:50:15,10.76,-0.01,3,3228,中性盘
2716,10:50:12,10.77,--,34,36618,买盘
2717,10:50:09,10.77,0.01,11,11847,买盘
2718,10:50:06,10.76,-0.01,14,15064,卖盘
2719,10:50:03,10.77,0.01,20,21540,买盘
2720,10:50:00,10.76,--,10,10760,卖盘
2721,10:49:57,10.76,--,10,10760,卖盘
2722,10:49:54,10.76,--,6,6456,卖盘
2723,10:49:51,10.76,--,23,24748,卖盘
2724,10:49:48,10.76,--,23,24748,卖盘
2725,10:49:45,10.76,--,12,12912,卖盘
2726,10:49:42,10.76,--,2,2152,卖盘
2727,10:49:36,10.76,--,37,39812,卖盘
2728,10:49:30,10.76,-0.01,72,77472,卖盘
2729,10:49:27,10.77,0.01,70,75390,买盘
2730,10:49:24,10.76,--,7,7532,卖盘
2731,10:49:21,10.76,--,1,1076,卖盘
2732,10:49:15,10.76,--,93,100068,卖盘
2733,10:49:12,10.76,-0.01,181,194756,卖盘
2734,10:49:09,10.77,0.01,47,50619,买盘
2735,10:49:06,10.76,-0.01,10,10760,卖盘
2736,10:49:03,10.77,--,4,4308,买盘
2737,10:49:00,10.77,0.01,2,2154,买盘
2738,10:48:57,10.76,--,22,23672,卖盘
2739,10:48:54,10.76,--,14,15064,卖盘
2740,10:48:51,10.76,-0.01,1,1076,卖盘
2741,10:48:48,10.77,0.01,9,9693,买盘
2742,10:48:45,10.76,--,14,15064,卖盘
2743,10:48:42,10.76,--,1,1076,卖盘
2744,10:48:36,10.76,-0.01,28,30128,卖盘
2745,10:48:33,10.77,0.01,20,21540,买盘
2746,10:48:30,10.76,--,2,2152,卖盘
2747,10:48:27,10.76,--,30,32280,卖盘
2748,10:48:24,10.76,--,34,36584,卖盘
2749,10:48:21,10.76,--,7,7532,卖盘
2750,10:48:15,10.76,--,4,4304,卖盘
2751,10:48:12,10.76,--,5,5380,卖盘
2752,10:48:06,10.76,--,11,11836,卖盘
2753,10:47:57,10.76,--,18,19368,卖盘
2754,10:47:54,10.76,--,6,6456,卖盘
2755,10:47:51,10.76,--,6,6456,卖盘
2756,10:47:45,10.76,--,1,1076,卖盘
2757,10:47:42,10.76,--,4,4304,卖盘
2758,10:47:36,10.76,--,2,2152,卖盘
2759,10:47:30,10.76,--,1,1076,卖盘
2760,10:47:27,10.76,-0.01,2,2152,卖盘
2761,10:47:24,10.77,--,5,5385,卖盘
2762,10:47:21,10.77,0.01,1,1077,中性盘
2763,10:47:18,10.76,--,10,10760,卖盘
2764,10:47:15,10.76,-0.01,41,44116,卖盘
2765,10:47:12,10.77,--,68,73236,买盘
2766,10:47:06,10.77,0.01,40,43080,中性盘
2767,10:47:03,10.76,-0.01,50,53800,卖盘
2768,10:47:00,10.77,--,61,65697,卖盘
2769,10:46:57,10.77,--,5,5385,卖盘
2770,10:46:54,10.77,--,46,49542,卖盘
2771,10:46:51,10.77,0.01,306,329562,买盘
2772,10:46:48,10.76,--,103,110828,卖盘
2773,10:46:45,10.76,--,11,11836,卖盘
2774,10:46:42,10.76,--,2,2152,卖盘
2775,10:46:36,10.76,--,39,41964,卖盘
2776,10:46:30,10.76,--,3,3228,卖盘
2777,10:46:27,10.76,--,3,3228,卖盘
2778,10:46:24,10.76,--,79,85004,卖盘
2779,10:46:21,10.76,--,4,4304,卖盘
2780,10:46:18,10.76,--,10,10760,卖盘
2781,10:46:15,10.76,--,14,15064,卖盘
2782,10:46:12,10.76,-0.01,3,3228,卖盘
2783,10:46:06,10.77,--,21,22617,买盘
2784,10:46:03,10.77,0.01,30,32310,买盘
2785,10:45:57,10.76,--,5,5380,卖盘
2786,10:45:54,10.76,--,23,24748,卖盘
2787,10:45:51,10.76,--,16,17216,卖盘
2788,10:45:48,10.76,--,1,1076,卖盘
2789,10:45:45,10.76,--,5,5380,卖盘
2790,10:45:42,10.76,--,3,3228,卖盘
2791,10:45:36,10.76,--,15,16140,卖盘
2792,10:45:33,10.76,--,2,2152,卖盘
2793,10:45:27,10.76,--,3,3228,卖盘
2794,10:45:24,10.76,--,34,36584,卖盘
2795,10:45:21,10.76,--,22,23672,卖盘
2796,10:45:18,10.76,--,26,27976,买盘
2797,10:45:15,10.76,0.01,63,67788,买盘
2798,10:45:12,10.75,-0.01,3,3225,卖盘
2799,10:45:09,10.76,0.01,10,10760,买盘
2800,10:45:06,10.75,-0.01,36,38700,卖盘
2801,10:45:03,10.76,--,120,129120,买盘
2802,10:45:00,10.76,0.01,36,38736,买盘
2803,10:44:57,10.75,--,43,46225,卖盘
2804,10:44:54,10.75,--,52,55900,卖盘
2805,10:44:51,10.75,--,4,4300,卖盘
2806,10:44:48,10.75,0.01,117,125775,买盘
2807,10:44:45,10.74,--,6,6444,卖盘
2808,10:44:42,10.74,--,57,61218,卖盘
2809,10:44:36,10.74,--,22,23628,卖盘
2810,10:44:33,10.74,-0.01,1,1074,卖盘
2811,10:44:30,10.75,--,3,3225,买盘
2812,10:44:27,10.75,--,75,80625,卖盘
2813,10:44:24,10.75,--,6,6450,卖盘
2814,10:44:21,10.75,--,6,6450,卖盘
2815,10:44:15,10.75,--,5,5375,卖盘
2816,10:44:12,10.75,-0.01,4,4300,卖盘
2817,10:44:09,10.76,0.02,2,2152,买盘
2818,10:44:06,10.74,--,2,2148,卖盘
2819,10:44:03,10.74,--,15,16110,卖盘
2820,10:43:57,10.74,--,2,2148,卖盘
2821,10:43:54,10.74,--,88,94512,卖盘
2822,10:43:51,10.74,--,32,34368,卖盘
2823,10:43:42,10.74,-0.01,187,200838,卖盘
2824,10:43:39,10.75,--,4,4300,买盘
2825,10:43:36,10.75,--,723,777225,卖盘
2826,10:43:33,10.75,--,8,8600,卖盘
2827,10:43:30,10.75,--,3,3225,卖盘
2828,10:43:24,10.75,--,26,27950,卖盘
2829,10:43:21,10.75,--,1,1075,卖盘
2830,10:43:15,10.75,--,1,1075,卖盘
2831,10:43:12,10.75,--,8,8600,卖盘
2832,10:43:06,10.75,--,2,2150,卖盘
2833,10:43:03,10.75,-0.01,11,11825,卖盘
2834,10:43:00,10.76,0.01,14,15064,买盘
2835,10:42:57,10.75,--,28,30100,卖盘
2836,10:42:54,10.75,--,7,7525,卖盘
2837,10:42:51,10.75,-0.01,3,3225,卖盘
2838,10:42:48,10.76,--,8,8608,卖盘
2839,10:42:42,10.76,--,31,33356,卖盘
2840,10:42:39,10.76,--,10,10760,卖盘
2841,10:42:33,10.76,--,62,66712,卖盘
2842,10:42:30,10.76,--,12,12912,卖盘
2843,10:42:27,10.76,--,29,31204,卖盘
2844,10:42:24,10.76,--,73,78548,卖盘
2845,10:42:21,10.76,--,163,175388,卖盘
2846,10:42:18,10.76,--,1,1076,卖盘
2847,10:42:15,10.76,--,11,11836,卖盘
2848,10:42:12,10.76,--,47,50572,卖盘
2849,10:42:06,10.76,--,2,2152,卖盘
2850,10:42:03,10.76,--,9,9684,卖盘
2851,10:42:00,10.76,--,60,64560,卖盘
2852,10:41:57,10.76,--,4,4304,卖盘
2853,10:41:54,10.76,--,18,19368,卖盘
2854,10:41:51,10.76,--,17,18292,卖盘
2855,10:41:48,10.76,-0.01,51,54876,卖盘
2856,10:41:45,10.77,0.01,2,2154,买盘
2857,10:41:42,10.76,--,5,5380,卖盘
2858,10:41:33,10.76,--,7,7532,卖盘
2859,10:41:30,10.76,--,1,1076,卖盘
2860,10:41:27,10.76,--,2,2152,卖盘
2861,10:41:24,10.76,--,3,3228,卖盘
2862,10:41:21,10.76,-0.01,28,30128,卖盘
2863,10:41:15,10.77,--,1,1077,卖盘
2864,10:41:12,10.77,--,23,24771,卖盘
2865,10:41:06,10.77,--,36,38772,卖盘
2866,10:41:03,10.77,--,77,82929,卖盘
2867,10:40:57,10.77,--,15,16155,卖盘
2868,10:40:54,10.77,--,5,5385,卖盘
2869,10:40:51,10.77,--,216,232632,卖盘
2870,10:40:48,10.77,-0.01,31,33387,卖盘
2871,10:40:42,10.78,0.01,444,478632,买盘
2872,10:40:39,10.77,-0.01,16,17232,卖盘
2873,10:40:33,10.78,0.01,60,64679,买盘
2874,10:40:30,10.77,--,38,40926,卖盘
2875,10:40:27,10.77,-0.01,1,1077,卖盘
2876,10:40:24,10.78,0.01,13,14014,买盘
2877,10:40:21,10.77,--,42,45234,卖盘
2878,10:40:18,10.77,--,26,28002,卖盘
2879,10:40:15,10.77,--,44,47388,卖盘
2880,10:40:12,10.77,-0.01,120,129240,卖盘
2881,10:40:09,10.78,0.01,34,36652,买盘
2882,10:40:06,10.77,--,14,15078,卖盘
2883,10:40:03,10.77,--,8,8616,卖盘
2884,10:39:57,10.77,-0.01,6,6462,卖盘
2885,10:39:54,10.78,0.01,4,4312,买盘
2886,10:39:51,10.77,--,27,29079,卖盘
2887,10:39:48,10.77,--,1,1077,卖盘
2888,10:39:45,10.77,--,10,10770,卖盘
2889,10:39:42,10.77,-0.01,24,25848,卖盘
2890,10:39:39,10.78,0.01,60,64679,买盘
2891,10:39:33,10.77,-0.01,15,16155,卖盘
2892,10:39:27,10.78,--,3,3234,买盘
2893,10:39:24,10.78,0.01,2,2156,买盘
