,time,price,change,volume,amount,type
0,15:00:03,11.56,--,2185,2525860,买盘
1,14:57:00,11.56,--,257,297092,买盘
2,14:56:57,11.56,--,3,3468,买盘
3,14:56:54,11.56,0.01,4,4624,买盘
4,14:56:51,11.55,-0.01,28,32340,卖盘
5,14:56:48,11.56,0.01,67,77452,买盘
6,14:56:45,11.55,-0.01,1,1155,卖盘
7,14:56:42,11.56,0.01,72,83232,买盘
8,14:56:39,11.55,--,85,98175,卖盘
9,14:56:36,11.55,-0.01,30,34650,卖盘
10,14:56:33,11.56,--,87,100572,买盘
11,14:56:30,11.56,--,135,156060,买盘
12,14:56:27,11.56,0.01,336,388416,买盘
13,14:56:24,11.55,-0.01,17,19635,卖盘
14,14:56:21,11.56,--,9,10404,买盘
15,14:56:15,11.56,0.01,10,11560,买盘
16,14:56:12,11.55,--,400,462000,卖盘
17,14:56:09,11.55,-0.01,11,12705,卖盘
18,14:56:06,11.56,--,26,30056,买盘
19,14:56:03,11.56,--,2,2312,买盘
20,14:56:00,11.56,--,87,100572,买盘
21,14:55:57,11.56,--,99,115183,卖盘
22,14:55:54,11.56,--,28,32368,卖盘
23,14:55:51,11.56,--,12,13872,卖盘
24,14:55:48,11.56,--,59,68620,买盘
25,14:55:45,11.56,--,8,9248,买盘
26,14:55:42,11.56,--,10,12299,卖盘
27,14:55:39,11.56,--,66,76296,卖盘
28,14:55:36,11.56,--,21,24276,卖盘
29,14:55:33,11.56,--,88,101728,卖盘
30,14:55:30,11.56,--,66,76296,卖盘
31,14:55:27,11.56,--,81,93636,卖盘
32,14:55:24,11.56,0.01,208,240864,买盘
33,14:55:21,11.55,-0.01,129,149734,卖盘
34,14:55:18,11.56,0.01,1,1156,买盘
35,14:55:15,11.55,-0.01,260,300300,卖盘
36,14:55:09,11.56,--,29,33524,买盘
37,14:55:06,11.56,0.01,40,46240,中性盘
38,14:55:03,11.55,-0.01,332,383460,卖盘
39,14:55:00,11.56,0.01,35,40460,买盘
40,14:54:54,11.55,-0.01,319,368445,卖盘
41,14:54:51,11.56,--,36,41616,卖盘
42,14:54:48,11.56,--,38,43928,卖盘
43,14:54:45,11.56,--,26,30056,卖盘
44,14:54:42,11.56,--,170,196520,买盘
45,14:54:39,11.56,0.01,29,33524,买盘
46,14:54:36,11.55,-0.01,54,62370,卖盘
47,14:54:33,11.56,--,36,41616,买盘
48,14:54:27,11.56,0.01,61,70516,买盘
49,14:54:24,11.55,-0.01,40,46200,卖盘
50,14:54:21,11.56,--,50,57800,买盘
51,14:54:18,11.56,0.01,5,5780,买盘
52,14:54:15,11.55,--,25,28875,卖盘
53,14:54:12,11.55,-0.01,5,5775,卖盘
54,14:54:09,11.56,0.01,2,2312,买盘
55,14:54:03,11.55,-0.01,48,55440,卖盘
56,14:54:00,11.56,--,33,38148,买盘
57,14:53:54,11.56,0.01,282,325992,买盘
58,14:53:51,11.55,-0.01,30,34650,卖盘
59,14:53:42,11.56,0.01,30,34680,买盘
60,14:53:39,11.55,-0.01,43,49665,卖盘
61,14:53:33,11.56,--,96,110976,买盘
62,14:53:30,11.56,--,13,15028,买盘
63,14:53:27,11.56,--,18,20808,卖盘
64,14:53:24,11.56,0.01,25,28900,中性盘
65,14:53:18,11.55,-0.01,413,477015,卖盘
66,14:53:12,11.56,--,3,3468,买盘
67,14:53:09,11.56,0.01,80,92480,买盘
68,14:53:06,11.55,--,129,148995,卖盘
69,14:52:57,11.55,--,27,31185,卖盘
70,14:52:54,11.55,--,26,30030,卖盘
71,14:52:51,11.55,-0.01,39,45045,卖盘
72,14:52:48,11.56,0.01,16,18496,买盘
73,14:52:42,11.55,-0.01,106,122430,卖盘
74,14:52:39,11.56,0.01,5,5780,买盘
75,14:52:36,11.55,-0.01,89,102795,卖盘
76,14:52:30,11.56,0.01,3,3468,买盘
77,14:52:27,11.55,--,644,743820,卖盘
78,14:52:24,11.55,-0.01,27,31185,卖盘
79,14:52:21,11.56,0.01,52,60112,买盘
80,14:52:15,11.55,-0.01,10,11550,卖盘
81,14:52:12,11.56,0.01,2,2312,买盘
82,14:52:09,11.55,-0.01,227,262185,卖盘
83,14:52:06,11.56,0.01,97,112132,买盘
84,14:52:03,11.55,--,6,6930,卖盘
85,14:52:00,11.55,-0.01,30,34650,卖盘
86,14:51:57,11.56,--,14,16184,买盘
87,14:51:54,11.56,--,81,93636,卖盘
88,14:51:51,11.56,--,11,12716,卖盘
89,14:51:48,11.56,--,62,71672,买盘
90,14:51:45,11.56,--,54,62424,买盘
91,14:51:42,11.56,--,52,60112,买盘
92,14:51:39,11.56,--,17,19652,买盘
93,14:51:36,11.56,--,10,11560,买盘
94,14:51:27,11.56,--,20,23120,买盘
95,14:51:24,11.56,0.01,4,4624,买盘
96,14:51:21,11.55,--,12,13860,卖盘
97,14:51:18,11.55,--,152,175791,卖盘
98,14:51:09,11.55,-0.01,10,11550,卖盘
99,14:51:06,11.56,--,77,89012,买盘
100,14:51:03,11.56,--,80,92480,买盘
101,14:50:57,11.56,0.01,7,8092,买盘
102,14:50:51,11.55,-0.01,11,12705,卖盘
103,14:50:48,11.56,--,4,4624,买盘
104,14:50:45,11.56,--,79,91324,买盘
105,14:50:36,11.56,--,8,9248,卖盘
106,14:50:33,11.56,0.01,23,26588,买盘
107,14:50:30,11.55,-0.01,72,84153,卖盘
108,14:50:27,11.56,0.01,20,23120,买盘
109,14:50:24,11.55,-0.01,2,2310,卖盘
110,14:50:21,11.56,0.01,38,43928,买盘
111,14:50:15,11.55,--,1,1155,卖盘
112,14:50:12,11.55,--,42,48510,卖盘
113,14:50:09,11.55,-0.01,51,58905,卖盘
114,14:50:06,11.56,--,56,64736,卖盘
115,14:50:03,11.56,--,20,23120,卖盘
116,14:50:00,11.56,--,33,38148,卖盘
117,14:49:57,11.56,--,39,46170,买盘
118,14:49:54,11.56,--,147,169932,买盘
119,14:49:51,11.56,0.01,7,8092,买盘
120,14:49:48,11.55,--,11,12705,卖盘
121,14:49:42,11.55,-0.01,160,184800,卖盘
122,14:49:36,11.56,--,18,20877,卖盘
123,14:49:33,11.56,0.01,83,97034,买盘
124,14:49:30,11.55,--,11,12705,卖盘
125,14:49:27,11.55,-0.01,36,41580,卖盘
126,14:49:24,11.56,--,50,57800,买盘
127,14:49:21,11.56,--,28,32368,买盘
128,14:49:18,11.56,--,5,5780,买盘
129,14:49:15,11.56,0.01,190,219640,买盘
130,14:49:09,11.55,--,138,159390,卖盘
131,14:49:06,11.55,-0.01,2,2310,卖盘
132,14:49:00,11.56,--,20,23120,买盘
133,14:48:57,11.56,--,3,3468,买盘
134,14:48:51,11.56,0.01,65,75556,买盘
135,14:48:45,11.55,--,10,11550,卖盘
136,14:48:42,11.55,--,40,46200,卖盘
137,14:48:39,11.55,--,100,115500,卖盘
138,14:48:36,11.55,-0.01,1,1155,卖盘
139,14:48:33,11.56,0.01,36,41616,买盘
140,14:48:30,11.55,-0.01,44,50820,卖盘
141,14:48:27,11.56,0.01,5,5780,买盘
142,14:48:24,11.55,--,70,80850,卖盘
143,14:48:21,11.55,-0.01,32,36960,卖盘
144,14:48:18,11.56,--,17,19652,买盘
145,14:48:12,11.56,0.01,20,23120,买盘
146,14:48:09,11.55,-0.01,5,5775,卖盘
147,14:48:06,11.56,0.01,28,32368,买盘
148,14:48:03,11.55,--,1,1155,卖盘
149,14:47:57,11.55,--,98,113190,卖盘
150,14:47:54,11.55,-0.01,112,129360,卖盘
151,14:47:51,11.56,0.01,18,20808,买盘
152,14:47:42,11.55,-0.01,1,1155,卖盘
153,14:47:39,11.56,--,8,9248,买盘
154,14:47:36,11.56,0.01,2,2312,买盘
155,14:47:33,11.55,--,20,23100,卖盘
156,14:47:27,11.55,--,1,1155,卖盘
157,14:47:24,11.55,--,30,34650,卖盘
158,14:47:21,11.55,--,28,32340,卖盘
159,14:47:18,11.55,-0.01,10,11550,卖盘
160,14:47:15,11.56,--,5,5780,买盘
161,14:47:09,11.56,--,42,48621,卖盘
162,14:47:06,11.56,--,232,268192,卖盘
163,14:47:03,11.56,--,39,45084,卖盘
164,14:47:00,11.56,-0.01,21,24276,卖盘
165,14:46:57,11.57,0.01,45,52065,买盘
166,14:46:54,11.56,--,48,55488,卖盘
167,14:46:51,11.56,--,33,38148,卖盘
168,14:46:48,11.56,--,22,25432,卖盘
169,14:46:45,11.56,--,324,374544,卖盘
170,14:46:42,11.56,--,10,11560,卖盘
171,14:46:39,11.56,0.01,2284,2641390,买盘
172,14:46:36,11.55,0.01,5,5775,买盘
173,14:46:33,11.54,--,279,321966,卖盘
174,14:46:30,11.54,-0.01,10,11540,卖盘
175,14:46:27,11.55,--,19,21945,买盘
176,14:46:24,11.55,0.01,6,6930,买盘
177,14:46:21,11.54,-0.01,251,289654,卖盘
178,14:46:12,11.55,--,264,304920,买盘
179,14:46:09,11.55,--,104,120120,买盘
180,14:46:06,11.55,0.01,4,4620,买盘
181,14:46:03,11.54,--,201,231953,卖盘
182,14:45:57,11.54,--,223,257341,卖盘
183,14:45:54,11.54,--,17,19618,卖盘
184,14:45:51,11.54,--,101,116553,卖盘
185,14:45:45,11.54,--,20,23080,卖盘
186,14:45:39,11.54,-0.01,1,1154,卖盘
187,14:45:33,11.55,0.01,50,57750,买盘
188,14:45:30,11.54,-0.01,57,65778,卖盘
189,14:45:27,11.55,--,2,2310,买盘
190,14:45:24,11.55,--,5,5775,买盘
191,14:45:21,11.55,--,20,23100,买盘
192,14:45:18,11.55,--,5,5775,买盘
193,14:45:15,11.55,--,245,282975,卖盘
194,14:45:12,11.55,--,45,51975,卖盘
195,14:45:03,11.55,--,7,8085,卖盘
196,14:44:57,11.55,-0.01,50,57750,卖盘
197,14:44:54,11.56,0.01,47,54332,买盘
198,14:44:51,11.55,--,230,265650,卖盘
199,14:44:48,11.55,--,2,2310,卖盘
200,14:44:45,11.55,-0.01,50,57750,卖盘
201,14:44:42,11.56,--,18,20808,买盘
202,14:44:36,11.56,0.01,29,33524,买盘
203,14:44:30,11.55,--,33,38115,卖盘
204,14:44:27,11.55,--,121,139755,卖盘
205,14:44:24,11.55,--,6,6930,卖盘
206,14:44:21,11.55,--,10,11550,卖盘
207,14:44:18,11.55,--,9,10395,卖盘
208,14:44:15,11.55,0.01,444,512820,买盘
209,14:44:12,11.54,-0.01,26,30003,卖盘
210,14:44:06,11.55,0.01,33,38115,买盘
211,14:44:03,11.54,-0.01,5,5770,卖盘
212,14:44:00,11.55,--,45,51975,买盘
213,14:43:54,11.55,--,62,71610,买盘
214,14:43:51,11.55,--,1,1155,买盘
215,14:43:45,11.55,--,100,115500,买盘
216,14:43:42,11.55,--,10,11550,买盘
217,14:43:39,11.55,0.01,48,55440,买盘
218,14:43:36,11.54,-0.01,2,2308,卖盘
219,14:43:33,11.55,--,12,13860,买盘
220,14:43:27,11.55,--,19,21945,买盘
221,14:43:24,11.55,--,291,336105,卖盘
222,14:43:21,11.55,--,30,34650,卖盘
223,14:43:18,11.55,--,93,107415,卖盘
224,14:43:15,11.55,--,32,36960,卖盘
225,14:43:12,11.55,--,21,24255,卖盘
226,14:43:09,11.55,-0.01,29,33495,卖盘
227,14:43:06,11.56,0.01,35,40460,买盘
228,14:43:03,11.55,--,22,25410,卖盘
229,14:43:00,11.55,--,23,26565,卖盘
230,14:42:57,11.55,--,21,24255,卖盘
231,14:42:54,11.55,--,23,26565,卖盘
232,14:42:51,11.55,--,270,311850,买盘
233,14:42:48,11.55,-0.01,238,274890,卖盘
234,14:42:42,11.56,--,4,4624,买盘
235,14:42:36,11.56,0.01,30,34680,买盘
236,14:42:33,11.55,--,62,71610,卖盘
237,14:42:30,11.55,--,20,23100,卖盘
238,14:42:27,11.55,--,1,1155,卖盘
239,14:42:24,11.55,--,106,122430,卖盘
240,14:42:18,11.55,--,30,34650,卖盘
241,14:42:15,11.55,--,30,34650,卖盘
242,14:42:12,11.55,-0.01,10,11550,卖盘
243,14:42:09,11.56,--,5,5780,买盘
244,14:42:06,11.56,0.01,8,9248,买盘
245,14:42:03,11.55,--,2,2310,卖盘
246,14:41:57,11.55,--,215,248325,买盘
247,14:41:54,11.55,--,13,15015,买盘
248,14:41:45,11.55,--,76,87780,买盘
249,14:41:42,11.55,--,51,58905,买盘
250,14:41:39,11.55,--,33,38115,买盘
251,14:41:36,11.55,--,3,3465,买盘
252,14:41:33,11.55,--,108,124740,买盘
253,14:41:30,11.55,--,40,46200,买盘
254,14:41:27,11.55,--,2,2310,买盘
255,14:41:24,11.55,--,5,5775,买盘
256,14:41:21,11.55,--,14,16170,买盘
257,14:41:18,11.55,--,3,3465,买盘
258,14:41:15,11.55,-0.01,223,257565,卖盘
259,14:41:06,11.56,0.01,2,2312,买盘
260,14:41:03,11.55,--,110,127050,卖盘
261,14:41:00,11.55,-0.01,3,3465,卖盘
262,14:40:57,11.56,0.01,8,9248,买盘
263,14:40:54,11.55,-0.01,26,30030,卖盘
264,14:40:51,11.56,0.01,7,8092,买盘
265,14:40:39,11.55,--,38,43890,卖盘
266,14:40:36,11.55,0.01,373,430815,买盘
267,14:40:33,11.54,-0.01,23,26541,卖盘
268,14:40:30,11.55,--,20,23100,买盘
269,14:40:27,11.55,0.01,10,11550,买盘
270,14:40:24,11.54,-0.01,25,28849,卖盘
271,14:40:21,11.55,--,10,11550,买盘
272,14:40:18,11.55,--,10,11550,买盘
273,14:40:12,11.55,--,20,23100,买盘
274,14:40:06,11.55,-0.01,168,194040,卖盘
275,14:40:03,11.56,0.01,169,195364,买盘
276,14:40:00,11.55,-0.01,41,47355,卖盘
277,14:39:57,11.56,--,18,20808,买盘
278,14:39:54,11.56,0.01,55,63580,买盘
279,14:39:51,11.55,--,2,2310,卖盘
280,14:39:48,11.55,-0.01,100,115500,卖盘
281,14:39:45,11.56,0.01,10,11560,买盘
282,14:39:42,11.55,-0.01,5,5775,卖盘
283,14:39:39,11.56,--,4,4624,买盘
284,14:39:33,11.56,--,20,23120,买盘
285,14:39:30,11.56,--,6,6936,买盘
286,14:39:27,11.56,--,2,2312,买盘
287,14:39:21,11.56,--,31,35836,买盘
288,14:39:15,11.56,--,10,11560,买盘
289,14:39:12,11.56,-0.01,12,13872,卖盘
290,14:39:09,11.57,0.01,7,8099,买盘
291,14:39:06,11.56,-0.01,22,25432,买盘
292,14:39:03,11.57,0.01,90,104130,买盘
293,14:39:00,11.56,--,20,23120,买盘
294,14:38:57,11.56,--,73,84388,卖盘
295,14:38:45,11.56,--,8,9768,买盘
296,14:38:42,11.56,0.01,42,48552,买盘
297,14:38:39,11.55,-0.01,8,9240,卖盘
298,14:38:36,11.56,--,71,82076,买盘
299,14:38:33,11.56,--,16,18496,买盘
300,14:38:27,11.56,--,4,4624,买盘
301,14:38:24,11.56,--,1138,1315528,卖盘
302,14:38:21,11.56,-0.01,32,36992,卖盘
303,14:38:18,11.57,--,7,8099,买盘
304,14:38:15,11.57,0.01,33,38181,买盘
305,14:38:12,11.56,--,6,6936,卖盘
306,14:38:09,11.56,-0.01,26,30056,卖盘
307,14:38:06,11.57,0.01,8,9256,买盘
308,14:38:03,11.56,-0.01,7,8092,卖盘
309,14:38:00,11.57,--,51,59007,买盘
310,14:37:57,11.57,0.01,5,5785,买盘
311,14:37:54,11.56,--,5,5780,卖盘
312,14:37:51,11.56,-0.01,36,41616,卖盘
313,14:37:36,11.57,0.01,65,75205,买盘
314,14:37:33,11.56,--,307,354892,卖盘
315,14:37:30,11.56,-0.01,12,13872,卖盘
316,14:37:27,11.57,0.01,44,50908,买盘
317,14:37:21,11.56,-0.01,14,16184,卖盘
318,14:37:18,11.57,0.01,50,57850,买盘
319,14:37:12,11.56,-0.01,63,72828,卖盘
320,14:37:09,11.57,--,19,21983,买盘
321,14:37:06,11.57,--,118,136526,买盘
322,14:37:03,11.57,0.01,83,96031,买盘
323,14:37:00,11.56,-0.01,1,1156,卖盘
324,14:36:54,11.57,--,1,1157,买盘
325,14:36:45,11.57,--,8,9256,买盘
326,14:36:42,11.57,--,50,57850,买盘
327,14:36:39,11.57,--,1,1157,买盘
328,14:36:36,11.57,--,163,188591,卖盘
329,14:36:33,11.57,-0.01,206,238342,卖盘
330,14:36:30,11.58,--,10,11580,买盘
331,14:36:27,11.58,0.01,4,4632,买盘
332,14:36:24,11.57,-0.01,32,37024,卖盘
333,14:36:21,11.58,--,5,5790,买盘
334,14:36:18,11.58,--,51,59058,买盘
335,14:36:15,11.58,0.01,106,122748,买盘
336,14:36:12,11.57,-0.01,2,2314,卖盘
337,14:36:09,11.58,--,39,45162,买盘
338,14:36:06,11.58,--,8,9264,买盘
339,14:36:03,11.58,--,7,8106,买盘
340,14:35:57,11.58,--,5,5790,买盘
341,14:35:54,11.58,--,29,33582,买盘
342,14:35:51,11.58,0.01,406,470148,买盘
343,14:35:48,11.57,-0.01,60,69420,卖盘
344,14:35:39,11.58,--,20,23160,买盘
345,14:35:36,11.58,0.01,76,88008,买盘
346,14:35:33,11.57,-0.01,2,2314,卖盘
347,14:35:30,11.58,--,39,45162,买盘
348,14:35:27,11.58,--,2,2316,买盘
349,14:35:24,11.58,--,11,12738,买盘
350,14:35:21,11.58,--,238,275604,买盘
351,14:35:18,11.58,--,19,22002,卖盘
352,14:35:15,11.58,-0.01,110,127380,卖盘
353,14:35:12,11.59,--,211,244549,买盘
354,14:35:09,11.59,--,339,392901,买盘
355,14:35:06,11.59,--,919,1065121,买盘
356,14:35:03,11.59,--,294,340746,买盘
357,14:35:00,11.59,0.01,295,341905,买盘
358,14:34:57,11.58,--,35,40530,卖盘
359,14:34:54,11.58,-0.01,50,57900,卖盘
360,14:34:51,11.59,--,325,376675,买盘
361,14:34:48,11.59,0.01,7,8113,买盘
362,14:34:45,11.58,--,25,28950,卖盘
363,14:34:42,11.58,--,155,179490,卖盘
364,14:34:39,11.58,--,354,409932,卖盘
365,14:34:36,11.58,--,51,59058,买盘
366,14:34:33,11.58,0.01,120,138960,买盘
367,14:34:30,11.57,-0.01,40,46280,卖盘
368,14:34:27,11.58,0.01,255,295290,买盘
369,14:34:24,11.57,-0.01,11,12727,卖盘
370,14:34:21,11.58,--,57,66006,买盘
371,14:34:18,11.58,--,8,9264,卖盘
372,14:34:15,11.58,0.01,22,25476,中性盘
373,14:34:12,11.57,-0.01,159,184610,卖盘
374,14:34:09,11.58,--,65,75270,卖盘
375,14:34:06,11.58,--,1246,1443794,买盘
376,14:34:03,11.58,--,5,5790,买盘
377,14:34:00,11.58,0.01,26,30108,买盘
378,14:33:57,11.57,-0.01,4,4628,卖盘
379,14:33:54,11.58,0.01,125,144750,买盘
380,14:33:51,11.57,-0.01,300,347100,卖盘
381,14:33:45,11.58,0.01,347,401826,买盘
382,14:33:42,11.57,--,8,9256,卖盘
383,14:33:39,11.57,-0.01,194,224458,卖盘
384,14:33:36,11.58,0.01,99,114642,买盘
385,14:33:33,11.57,--,5,5785,买盘
386,14:33:30,11.57,--,125,144625,买盘
387,14:33:27,11.57,--,56,64792,买盘
388,14:33:24,11.57,--,225,260325,买盘
389,14:33:21,11.57,--,91,105287,买盘
390,14:33:18,11.57,--,94,108758,买盘
391,14:33:15,11.57,-0.01,323,373711,卖盘
392,14:33:09,11.58,--,92,106536,买盘
393,14:33:06,11.58,0.01,3,3474,买盘
394,14:33:03,11.57,--,25,28925,卖盘
395,14:33:00,11.57,--,286,330902,买盘
396,14:32:57,11.57,-0.01,14,16198,卖盘
397,14:32:54,11.58,--,60,69480,买盘
398,14:32:48,11.58,0.01,1339,1550562,买盘
399,14:32:45,11.57,-0.01,40,46280,卖盘
400,14:32:42,11.58,--,160,185280,买盘
401,14:32:39,11.58,--,32,37056,买盘
402,14:32:36,11.58,0.01,7,8106,买盘
403,14:32:30,11.57,--,28,32396,买盘
404,14:32:27,11.57,0.01,14,16198,买盘
405,14:32:24,11.56,--,6,6936,卖盘
406,14:32:21,11.56,-0.01,9,10404,卖盘
407,14:32:18,11.57,--,8,9256,买盘
408,14:32:15,11.57,--,14,16198,中性盘
409,14:32:09,11.57,--,161,186277,买盘
410,14:32:06,11.57,-0.01,13,15041,买盘
411,14:32:03,11.58,0.01,230,266340,买盘
412,14:31:57,11.57,0.01,17,19669,买盘
413,14:31:54,11.56,-0.01,3,3468,卖盘
414,14:31:51,11.57,--,6,6942,买盘
415,14:31:48,11.57,--,2,2314,买盘
416,14:31:45,11.57,0.01,13,15041,买盘
417,14:31:42,11.56,--,126,146234,买盘
418,14:31:39,11.56,--,21,24276,买盘
419,14:31:36,11.56,-0.01,763,882606,卖盘
420,14:31:33,11.57,--,32,37024,买盘
421,14:31:30,11.57,0.01,5,5785,买盘
422,14:31:27,11.56,-0.01,97,112132,卖盘
423,14:31:24,11.57,--,146,168922,卖盘
424,14:31:21,11.57,--,22,25454,卖盘
425,14:31:18,11.57,--,175,202475,卖盘
426,14:31:15,11.57,-0.01,90,104130,卖盘
427,14:31:12,11.58,--,31,35898,买盘
428,14:31:09,11.58,0.01,51,59058,买盘
429,14:31:06,11.57,--,32,37024,买盘
430,14:31:03,11.57,-0.01,54,62478,买盘
431,14:31:00,11.58,0.01,1239,1434762,买盘
432,14:30:57,11.57,-0.01,31,35867,卖盘
433,14:30:54,11.58,0.01,131,151698,买盘
434,14:30:51,11.57,--,41,47437,卖盘
435,14:30:48,11.57,--,21,24297,卖盘
436,14:30:45,11.57,-0.01,230,266110,卖盘
437,14:30:42,11.58,--,455,526890,买盘
438,14:30:39,11.58,0.01,143,165594,买盘
439,14:30:36,11.57,--,15,17355,买盘
440,14:30:33,11.57,--,105,121485,卖盘
441,14:30:30,11.57,--,121,139997,买盘
442,14:30:27,11.57,--,24,27768,买盘
443,14:30:24,11.57,--,91,105287,卖盘
444,14:30:21,11.57,--,177,204789,卖盘
445,14:30:18,11.57,-0.01,353,408421,卖盘
446,14:30:15,11.58,0.02,440,510214,买盘
447,14:30:12,11.56,--,53,61268,卖盘
448,14:30:09,11.56,-0.01,94,108664,卖盘
449,14:30:06,11.57,0.01,270,312390,买盘
450,14:30:03,11.56,--,447,516732,卖盘
451,14:30:00,11.56,--,58,67048,卖盘
452,14:29:57,11.56,--,21,24276,卖盘
453,14:29:54,11.56,--,3638,4206568,买盘
454,14:29:51,11.56,0.01,81,93636,买盘
455,14:29:48,11.55,-0.01,3,3465,卖盘
456,14:29:45,11.56,0.01,363,419628,买盘
457,14:29:33,11.55,--,18,20790,卖盘
458,14:29:30,11.55,0.02,3745,4326133,买盘
459,14:29:27,11.53,--,44,50732,买盘
460,14:29:24,11.53,--,10,11530,买盘
461,14:29:15,11.53,--,7,8071,买盘
462,14:29:12,11.53,--,253,291709,买盘
463,14:29:09,11.53,--,2,2306,买盘
464,14:29:06,11.53,--,2,2306,买盘
465,14:29:03,11.53,--,28,32284,买盘
466,14:28:48,11.53,-0.01,155,178715,卖盘
467,14:28:42,11.54,0.01,30,34620,买盘
468,14:28:39,11.53,--,5,5765,卖盘
469,14:28:36,11.53,-0.01,115,132595,卖盘
470,14:28:33,11.54,0.01,34,39236,买盘
471,14:28:27,11.53,--,147,170563,卖盘
472,14:28:24,11.53,-0.01,10,11530,卖盘
473,14:28:21,11.54,0.01,22,25387,买盘
474,14:28:15,11.53,-0.01,150,172950,卖盘
475,14:28:09,11.54,--,22,25387,买盘
476,14:28:06,11.54,--,18,20772,买盘
477,14:28:00,11.54,0.01,23,26541,买盘
478,14:27:57,11.53,-0.01,57,65721,卖盘
479,14:27:48,11.54,--,83,95782,买盘
480,14:27:45,11.54,0.01,267,308118,买盘
481,14:27:36,11.53,-0.01,8,9224,卖盘
482,14:27:33,11.54,0.01,6,6923,买盘
483,14:27:30,11.53,-0.01,31,35743,卖盘
484,14:27:24,11.54,--,8,9232,买盘
485,14:27:21,11.54,0.01,20,23080,买盘
486,14:27:18,11.53,-0.01,20,23060,卖盘
487,14:27:06,11.54,--,40,46160,买盘
488,14:27:03,11.54,--,261,301194,买盘
489,14:27:00,11.54,--,27,31157,买盘
490,14:26:54,11.54,--,7,8077,买盘
491,14:26:51,11.54,--,8,9232,买盘
492,14:26:42,11.54,--,64,73856,买盘
493,14:26:39,11.54,--,60,69240,买盘
494,14:26:36,11.54,--,17,19618,买盘
495,14:26:30,11.54,0.01,8,9232,买盘
496,14:26:27,11.53,-0.01,88,101464,卖盘
497,14:26:21,11.54,--,5,5770,买盘
498,14:26:12,11.54,--,49,56545,买盘
499,14:26:09,11.54,0.01,66,76164,买盘
500,14:26:06,11.53,--,87,100311,卖盘
501,14:26:03,11.53,-0.01,8,9224,卖盘
502,14:26:00,11.54,--,5,5770,买盘
503,14:25:57,11.54,0.01,13,15001,买盘
504,14:25:54,11.53,--,5,5765,卖盘
505,14:25:45,11.53,-0.01,11,12683,卖盘
506,14:25:42,11.54,0.01,1,1154,买盘
507,14:25:36,11.53,--,16,18448,卖盘
508,14:25:33,11.53,-0.01,5,5765,卖盘
509,14:25:30,11.54,0.01,59,68086,买盘
510,14:25:27,11.53,--,234,269802,买盘
511,14:25:18,11.53,--,35,40355,买盘
512,14:25:15,11.53,--,6,6918,中性盘
513,14:25:12,11.53,0.01,3,3459,中性盘
514,14:25:06,11.52,--,22,25344,卖盘
515,14:25:03,11.52,--,21,24192,卖盘
516,14:24:51,11.52,--,56,64512,卖盘
517,14:24:48,11.52,-0.01,12,13824,卖盘
518,14:24:42,11.53,--,69,79557,买盘
519,14:24:36,11.53,--,1,1153,买盘
520,14:24:30,11.53,--,5,5765,买盘
521,14:24:27,11.53,0.01,2,2306,买盘
522,14:24:18,11.52,-0.01,3,3456,卖盘
523,14:24:15,11.53,--,8,9224,买盘
524,14:24:12,11.53,-0.01,5,5765,中性盘
525,14:24:09,11.54,0.02,13,15001,买盘
526,14:24:06,11.52,--,17,19584,卖盘
527,14:24:03,11.52,-0.01,32,36864,卖盘
528,14:23:54,11.53,0.01,20,23060,买盘
529,14:23:48,11.52,-0.01,10,11520,卖盘
530,14:23:45,11.53,--,2,2306,卖盘
531,14:23:42,11.53,--,15,17295,卖盘
532,14:23:33,11.53,--,4,4612,买盘
533,14:23:27,11.53,0.01,2,2306,买盘
534,14:23:24,11.52,--,1,1152,卖盘
535,14:23:21,11.52,-0.01,10,11520,卖盘
536,14:23:18,11.53,--,17,19601,卖盘
537,14:23:12,11.53,-0.01,32,36896,卖盘
538,14:23:03,11.54,--,3,3461,买盘
539,14:23:00,11.54,0.01,6,6923,买盘
540,14:22:57,11.53,-0.01,21,24213,卖盘
541,14:22:51,11.54,0.02,57,65778,买盘
542,14:22:48,11.52,-0.02,28,32256,卖盘
543,14:22:45,11.54,--,100,115399,买盘
544,14:22:42,11.54,--,6,6923,买盘
545,14:22:39,11.54,--,852,983207,买盘
546,14:22:36,11.54,0.01,1,1154,买盘
547,14:22:30,11.53,--,209,240977,买盘
548,14:22:27,11.53,--,16,18448,买盘
549,14:22:24,11.53,--,22,25366,卖盘
550,14:22:18,11.53,--,10,11530,卖盘
551,14:22:15,11.53,-0.01,6,6918,中性盘
552,14:22:09,11.54,0.02,1522,1756387,买盘
553,14:22:06,11.52,-0.01,113,130176,卖盘
554,14:21:57,11.53,0.01,149,171797,买盘
555,14:21:45,11.52,--,23,26496,卖盘
556,14:21:42,11.52,--,10,11520,卖盘
557,14:21:30,11.52,-0.01,33,38016,卖盘
558,14:21:27,11.53,0.01,116,133748,买盘
559,14:21:24,11.52,-0.01,11,12672,卖盘
560,14:21:21,11.53,0.01,7,8071,买盘
561,14:21:18,11.52,--,215,247979,买盘
562,14:21:15,11.52,--,7,8064,买盘
563,14:21:12,11.52,-0.01,82,94464,卖盘
564,14:21:09,11.53,0.01,18,20754,买盘
565,14:21:06,11.52,--,14,16128,卖盘
566,14:21:03,11.52,--,1,1152,卖盘
567,14:21:00,11.52,--,52,59904,买盘
568,14:20:48,11.52,0.01,190,218880,买盘
569,14:20:45,11.51,--,1,1611,卖盘
570,14:20:42,11.51,--,14,16114,卖盘
571,14:20:39,11.51,-0.01,5,5755,卖盘
572,14:20:36,11.52,0.01,26,29952,买盘
573,14:20:30,11.51,-0.01,25,28775,卖盘
574,14:20:27,11.52,--,301,346752,买盘
575,14:20:24,11.52,--,11,12672,买盘
576,14:20:15,11.52,--,35,40320,买盘
577,14:20:12,11.52,--,50,57600,买盘
578,14:20:09,11.52,--,9,10368,买盘
579,14:20:06,11.52,0.01,3,3456,买盘
580,14:20:03,11.51,--,2,2302,卖盘
581,14:20:00,11.51,--,96,110496,卖盘
582,14:19:57,11.51,--,93,107043,卖盘
583,14:19:51,11.51,--,1,1151,卖盘
584,14:19:48,11.51,--,1,1611,卖盘
585,14:19:39,11.51,--,34,39134,卖盘
586,14:19:36,11.51,--,10,11533,卖盘
587,14:19:33,11.51,-0.01,159,183009,卖盘
588,14:19:27,11.52,--,5,5760,买盘
589,14:19:21,11.52,--,102,117504,买盘
590,14:19:18,11.52,--,41,47232,买盘
591,14:19:15,11.52,--,32,36864,买盘
592,14:19:12,11.52,--,10,11520,买盘
593,14:19:09,11.52,0.01,470,541440,买盘
594,14:19:03,11.51,--,21,24171,卖盘
595,14:19:00,11.51,-0.01,1,1151,卖盘
596,14:18:57,11.52,--,7,8064,买盘
597,14:18:51,11.52,0.01,45,51840,买盘
598,14:18:48,11.51,-0.01,2,2762,卖盘
599,14:18:42,11.52,--,10,11520,买盘
600,14:18:39,11.52,--,8,9216,买盘
601,14:18:36,11.52,--,10,11520,买盘
602,14:18:33,11.52,0.01,15,17280,买盘
603,14:18:30,11.51,-0.01,12,13812,卖盘
604,14:18:27,11.52,0.01,25,28800,买盘
605,14:18:24,11.51,-0.01,45,51795,卖盘
606,14:18:21,11.52,--,440,506880,买盘
607,14:18:03,11.52,0.01,3,3456,买盘
608,14:18:00,11.51,--,13,14963,卖盘
609,14:17:57,11.51,-0.01,86,98986,卖盘
610,14:17:54,11.52,0.01,41,47232,买盘
611,14:17:45,11.51,-0.01,1,1611,卖盘
612,14:17:39,11.52,0.01,50,57600,买盘
613,14:17:36,11.51,--,13,14963,卖盘
614,14:17:33,11.51,--,27,31077,卖盘
615,14:17:30,11.51,--,12,13812,卖盘
616,14:17:27,11.51,--,20,23020,卖盘
617,14:17:24,11.51,-0.01,35,40285,卖盘
618,14:17:21,11.52,--,3,3456,买盘
619,14:17:15,11.52,0.01,10,11520,买盘
620,14:17:12,11.51,--,23,26473,卖盘
621,14:17:09,11.51,-0.01,66,75966,卖盘
622,14:17:06,11.52,--,82,94464,买盘
623,14:17:03,11.52,0.01,2,2304,买盘
624,14:17:00,11.51,-0.01,26,29926,卖盘
625,14:16:57,11.52,0.01,25,28800,买盘
626,14:16:54,11.51,-0.01,62,71362,卖盘
627,14:16:51,11.52,0.01,11,12672,买盘
628,14:16:48,11.51,--,108,124308,卖盘
629,14:16:45,11.51,--,1,1611,卖盘
630,14:16:42,11.51,--,81,93231,卖盘
631,14:16:39,11.51,--,31,35681,卖盘
632,14:16:36,11.51,--,128,147328,卖盘
633,14:16:33,11.51,-0.01,21,24171,卖盘
634,14:16:27,11.52,0.01,14,16128,买盘
635,14:16:24,11.51,-0.01,32,36832,卖盘
636,14:16:21,11.52,--,3,3456,买盘
637,14:16:18,11.52,--,39,44928,买盘
638,14:16:15,11.52,--,45,51840,买盘
639,14:16:09,11.52,--,11,12672,买盘
640,14:16:06,11.52,--,18,20736,买盘
641,14:16:03,11.52,0.01,2,2304,买盘
642,14:16:00,11.51,--,1,1151,卖盘
643,14:15:57,11.51,--,50,57550,卖盘
644,14:15:51,11.51,--,76,87476,卖盘
645,14:15:48,11.51,--,38,43738,卖盘
646,14:15:45,11.51,--,32,37292,卖盘
647,14:15:42,11.51,-0.01,11,12661,卖盘
648,14:15:39,11.52,--,48,55296,买盘
649,14:15:36,11.52,0.01,6,6912,买盘
650,14:15:33,11.51,--,131,150781,卖盘
651,14:15:30,11.51,--,6,6906,买盘
652,14:15:27,11.51,--,45,51795,买盘
653,14:15:24,11.51,--,236,271636,买盘
654,14:15:21,11.51,--,44,50644,买盘
655,14:15:18,11.51,--,50,57550,买盘
656,14:15:15,11.51,--,131,150781,买盘
657,14:15:12,11.51,--,93,107043,卖盘
658,14:15:09,11.51,--,8,9208,卖盘
659,14:15:06,11.51,-0.01,18,20718,卖盘
660,14:15:03,11.52,0.01,2,2304,买盘
661,14:15:00,11.51,0.01,32,36832,中性盘
662,14:14:57,11.5,--,2,2300,卖盘
663,14:14:54,11.5,-0.01,33,37950,卖盘
664,14:14:51,11.51,--,30,34530,卖盘
665,14:14:48,11.51,0.01,228,262888,买盘
666,14:14:45,11.5,-0.01,42,48300,卖盘
667,14:14:39,11.51,--,6,6906,买盘
668,14:14:36,11.51,-0.01,25,28775,卖盘
669,14:14:33,11.52,--,200,230400,买盘
670,14:14:30,11.52,0.02,21,24192,买盘
671,14:14:27,11.5,-0.01,45,51750,卖盘
672,14:14:24,11.51,0.01,19,21869,买盘
673,14:14:21,11.5,--,91,104650,卖盘
674,14:14:18,11.5,--,161,185150,卖盘
675,14:14:15,11.5,--,734,844100,卖盘
676,14:14:12,11.5,--,35,40250,卖盘
677,14:14:09,11.5,-0.01,63,72450,卖盘
678,14:14:06,11.51,--,40,46040,买盘
679,14:14:03,11.51,0.01,4,4604,买盘
680,14:14:00,11.5,-0.01,145,166750,卖盘
681,14:13:57,11.51,--,2,2302,买盘
682,14:13:54,11.51,--,3,3453,买盘
683,14:13:51,11.51,0.01,20,23020,中性盘
684,14:13:48,11.5,-0.01,79,91310,卖盘
685,14:13:45,11.51,--,24,27624,卖盘
686,14:13:42,11.51,0.01,48,55248,买盘
687,14:13:39,11.5,-0.02,46,52900,卖盘
688,14:13:36,11.52,0.01,45,51840,买盘
689,14:13:33,11.51,--,312,359112,卖盘
690,14:13:30,11.51,--,2,2302,卖盘
691,14:13:27,11.51,-0.01,41,47191,卖盘
692,14:13:24,11.52,--,20,23040,买盘
693,14:13:21,11.52,0.01,10,11520,买盘
694,14:13:18,11.51,-0.01,381,438531,卖盘
695,14:13:15,11.52,0.01,31,35712,买盘
696,14:13:12,11.51,--,313,360263,卖盘
697,14:13:09,11.51,--,261,300411,卖盘
698,14:13:06,11.51,-0.01,332,382132,卖盘
699,14:13:03,11.52,0.01,913,1051776,买盘
700,14:13:00,11.51,--,95,109345,卖盘
701,14:12:57,11.51,--,340,391340,卖盘
702,14:12:54,11.51,--,2301,2648451,卖盘
703,14:12:48,11.51,--,161,185771,卖盘
704,14:12:45,11.51,-0.01,50,57550,卖盘
705,14:12:42,11.52,--,150,172800,买盘
706,14:12:39,11.52,0.01,18,20736,买盘
707,14:12:36,11.51,--,6,6906,卖盘
708,14:12:33,11.51,-0.01,43,49493,卖盘
709,14:12:30,11.52,0.01,50,57600,买盘
710,14:12:27,11.51,-0.01,76,87476,卖盘
711,14:12:24,11.52,--,379,436608,买盘
712,14:12:21,11.52,0.01,49,56448,买盘
713,14:12:18,11.51,--,92,105892,卖盘
714,14:12:09,11.51,-0.01,2,2302,卖盘
715,14:12:03,11.52,0.01,23,26496,买盘
716,14:12:00,11.51,-0.01,176,202576,卖盘
717,14:11:57,11.52,--,2,2304,买盘
718,14:11:54,11.52,--,41,47232,买盘
719,14:11:51,11.52,--,96,110592,买盘
720,14:11:48,11.52,--,444,511729,卖盘
721,14:11:42,11.52,--,20,23040,卖盘
722,14:11:39,11.52,--,88,101376,卖盘
723,14:11:36,11.52,--,924,1064448,卖盘
724,14:11:33,11.52,--,137,157824,卖盘
725,14:11:30,11.52,--,36,41472,卖盘
726,14:11:27,11.52,--,65,74880,卖盘
727,14:11:24,11.52,--,1,1152,卖盘
728,14:11:21,11.52,--,107,123264,卖盘
729,14:11:15,11.52,--,164,188928,卖盘
730,14:11:12,11.52,-0.01,537,618624,卖盘
731,14:11:03,11.53,--,1,1153,买盘
732,14:10:54,11.53,0.01,23,26519,买盘
733,14:10:51,11.52,--,32,36864,卖盘
734,14:10:48,11.52,--,100,115200,卖盘
735,14:10:45,11.52,--,900,1036800,卖盘
736,14:10:42,11.52,--,102,117504,卖盘
737,14:10:36,11.52,-0.01,43,49536,卖盘
738,14:10:33,11.53,0.01,30,34590,买盘
739,14:10:30,11.52,-0.01,58,66816,卖盘
740,14:10:27,11.53,0.01,8,9224,买盘
741,14:10:24,11.52,--,89,102528,卖盘
742,14:10:21,11.52,-0.01,89,102528,卖盘
743,14:10:18,11.53,--,10,11530,买盘
744,14:10:12,11.53,--,60,69180,买盘
745,14:10:09,11.53,--,46,53038,买盘
746,14:10:06,11.53,--,50,57650,买盘
747,14:10:03,11.53,--,20,23060,买盘
748,14:10:00,11.53,--,18,20754,买盘
749,14:09:54,11.53,--,38,43814,买盘
750,14:09:51,11.53,0.01,1,1153,买盘
751,14:09:48,11.52,--,37,42624,卖盘
752,14:09:39,11.52,--,40,46080,卖盘
753,14:09:36,11.52,-0.01,2,2304,卖盘
754,14:09:27,11.53,--,8,9224,买盘
755,14:09:24,11.53,--,8,9224,买盘
756,14:09:21,11.53,--,147,169491,买盘
757,14:09:18,11.53,--,1159,1337295,卖盘
758,14:09:15,11.53,-0.01,68,78404,卖盘
759,14:09:12,11.54,0.01,127,146558,买盘
760,14:09:09,11.53,-0.01,47,54191,卖盘
761,14:09:03,11.54,--,52,60007,买盘
762,14:08:54,11.54,--,151,174254,买盘
763,14:08:51,11.54,0.01,20,23080,买盘
764,14:08:42,11.53,-0.01,89,102617,卖盘
765,14:08:39,11.54,0.01,686,791643,买盘
766,14:08:36,11.53,-0.01,26,29978,卖盘
767,14:08:33,11.54,0.01,30,34620,买盘
768,14:08:27,11.53,--,1,1153,卖盘
769,14:08:21,11.53,--,36,41508,卖盘
770,14:08:18,11.53,--,28,32284,卖盘
771,14:08:15,11.53,--,27,31131,卖盘
772,14:08:12,11.53,--,33,38049,卖盘
773,14:08:09,11.53,--,12,13836,卖盘
774,14:08:06,11.53,-0.01,50,57650,卖盘
775,14:08:03,11.54,--,2,2308,买盘
776,14:08:00,11.54,0.01,68,78472,买盘
777,14:07:57,11.53,-0.01,327,377031,卖盘
778,14:07:54,11.54,--,3,3461,买盘
779,14:07:42,11.54,0.01,18,20772,买盘
780,14:07:39,11.53,--,10,11530,卖盘
781,14:07:36,11.53,-0.01,3,3459,卖盘
782,14:07:33,11.54,--,15,17310,买盘
783,14:07:30,11.54,--,46,53083,买盘
784,14:07:27,11.54,0.01,37,42698,买盘
785,14:07:24,11.53,-0.01,3,3459,卖盘
786,14:07:21,11.54,--,19,21926,买盘
787,14:07:18,11.54,--,10,11540,买盘
788,14:07:15,11.54,0.01,28,32311,买盘
789,14:07:12,11.53,-0.01,10,11530,卖盘
790,14:07:09,11.54,--,10,11540,买盘
791,14:07:06,11.54,--,26,30003,买盘
792,14:07:03,11.54,--,41,47314,买盘
793,14:07:00,11.54,--,112,129247,买盘
794,14:06:57,11.54,--,4,4616,买盘
795,14:06:54,11.54,--,45,51929,买盘
796,14:06:48,11.54,0.01,16,18464,买盘
797,14:06:45,11.53,-0.01,71,81863,卖盘
798,14:06:39,11.54,0.01,44,50775,买盘
799,14:06:36,11.53,-0.01,2,2306,卖盘
800,14:06:27,11.54,--,4,4616,买盘
801,14:06:21,11.54,--,73,84242,买盘
802,14:06:15,11.54,0.01,20,23080,买盘
803,14:06:12,11.53,--,12,13836,卖盘
804,14:06:09,11.53,-0.01,8,9224,卖盘
805,14:06:03,11.54,--,5,5770,买盘
806,14:06:00,11.54,-0.01,6,6923,卖盘
807,14:05:57,11.55,--,100,115500,买盘
808,14:05:54,11.55,0.02,2,2310,买盘
809,14:05:48,11.53,-0.02,45,51885,卖盘
810,14:05:45,11.55,0.02,30,34650,买盘
811,14:05:42,11.53,--,11,12683,卖盘
812,14:05:36,11.53,-0.02,3,3459,卖盘
813,14:05:33,11.55,0.01,232,267960,买盘
814,14:05:30,11.54,--,3,3461,买盘
815,14:05:27,11.54,--,65,75010,买盘
816,14:05:24,11.54,0.01,262,302348,买盘
817,14:05:21,11.53,-0.01,63,72639,卖盘
818,14:05:15,11.54,--,25,28849,买盘
819,14:05:12,11.54,--,40,46160,买盘
820,14:05:09,11.54,--,33,38082,买盘
821,14:05:06,11.54,--,148,170792,买盘
822,14:05:03,11.54,--,239,275806,买盘
823,14:05:00,11.54,0.01,31,35774,买盘
824,14:04:57,11.53,-0.01,40,46120,卖盘
825,14:04:54,11.54,--,28,32311,买盘
826,14:04:51,11.54,--,72,83088,买盘
827,14:04:42,11.54,--,81,93474,买盘
828,14:04:39,11.54,0.01,458,528532,买盘
829,14:04:36,11.53,-0.01,21,24213,卖盘
830,14:04:33,11.54,--,58,66932,买盘
831,14:04:30,11.54,--,10,11540,买盘
832,14:04:27,11.54,0.01,4,4616,买盘
833,14:04:24,11.53,--,17,19601,卖盘
834,14:04:21,11.53,-0.02,25,28825,卖盘
835,14:04:18,11.55,--,4,4620,买盘
836,14:04:15,11.55,0.02,10,11550,买盘
837,14:04:12,11.53,-0.02,31,35743,卖盘
838,14:04:09,11.55,0.01,272,314160,买盘
839,14:04:06,11.54,-0.01,13,15001,卖盘
840,14:04:03,11.55,0.01,52,60060,买盘
841,14:04:00,11.54,--,99,114245,买盘
842,14:03:57,11.54,--,37,42698,买盘
843,14:03:54,11.54,--,3,3461,买盘
844,14:03:51,11.54,--,61,70394,卖盘
845,14:03:48,11.54,--,39,45006,买盘
846,14:03:45,11.54,0.01,79,91166,买盘
847,14:03:42,11.53,-0.01,58,66874,卖盘
848,14:03:39,11.54,--,24,27695,卖盘
849,14:03:36,11.54,--,10,11540,卖盘
850,14:03:33,11.54,--,16,18464,卖盘
851,14:03:27,11.54,--,57,65778,卖盘
852,14:03:21,11.54,--,184,212335,卖盘
853,14:03:18,11.54,-0.01,34,39236,卖盘
854,14:03:15,11.55,--,30,34650,买盘
855,14:03:12,11.55,--,232,267960,买盘
856,14:03:09,11.55,0.01,7,8085,买盘
857,14:03:06,11.54,-0.01,10,11540,卖盘
858,14:03:03,11.55,--,41,47355,买盘
859,14:03:00,11.55,--,232,267960,买盘
860,14:02:57,11.55,--,6,6930,买盘
861,14:02:54,11.55,--,33,38115,买盘
862,14:02:51,11.55,--,21,24255,买盘
863,14:02:42,11.55,0.01,50,57750,买盘
864,14:02:39,11.54,--,4,4616,卖盘
865,14:02:36,11.54,--,3,3461,卖盘
866,14:02:33,11.54,--,81,93474,卖盘
867,14:02:30,11.54,--,12,13847,买盘
868,14:02:27,11.54,0.01,18,20772,买盘
869,14:02:24,11.53,-0.01,41,47273,卖盘
870,14:02:21,11.54,--,11,12693,卖盘
871,14:02:18,11.54,0.01,4,4616,中性盘
872,14:02:09,11.53,-0.02,22,25366,卖盘
873,14:02:06,11.55,0.01,31,35805,买盘
874,14:02:03,11.54,0.01,110,126939,买盘
875,14:02:00,11.53,--,42,48426,卖盘
876,14:01:54,11.53,-0.01,12,13836,卖盘
877,14:01:51,11.54,--,11,12693,买盘
878,14:01:48,11.54,--,6,6923,买盘
879,14:01:45,11.54,--,25,28849,买盘
880,14:01:42,11.54,0.01,46,53083,买盘
881,14:01:39,11.53,-0.01,13,14989,卖盘
882,14:01:36,11.54,--,14,16155,买盘
883,14:01:33,11.54,--,10,11540,买盘
884,14:01:30,11.54,--,21,24234,买盘
885,14:01:27,11.54,--,52,60007,买盘
886,14:01:24,11.54,--,10,11540,买盘
887,14:01:21,11.54,--,10,11540,买盘
888,14:01:18,11.54,--,273,315065,卖盘
889,14:01:12,11.54,-0.01,11,12693,卖盘
890,14:01:09,11.55,--,38,44652,买盘
891,14:01:06,11.55,--,137,158235,买盘
892,14:01:03,11.55,0.01,26,30030,买盘
893,14:01:00,11.54,-0.01,20,23080,卖盘
894,14:00:57,11.55,--,57,65835,买盘
895,14:00:54,11.55,--,4,4620,买盘
896,14:00:51,11.55,0.01,11,12705,买盘
897,14:00:39,11.54,--,9,10386,卖盘
898,14:00:36,11.54,--,11,12693,卖盘
899,14:00:33,11.54,--,10,11540,卖盘
900,14:00:24,11.54,--,49,56545,卖盘
901,14:00:21,11.54,--,99,114245,卖盘
902,14:00:15,11.54,--,59,68086,卖盘
903,14:00:12,11.54,-0.01,77,88858,卖盘
904,14:00:06,11.55,0.01,1,1155,买盘
905,14:00:03,11.54,--,65,75010,卖盘
906,14:00:00,11.54,--,16,18464,卖盘
907,13:59:57,11.54,-0.01,13,15001,卖盘
908,13:59:54,11.55,--,2,2310,买盘
909,13:59:51,11.55,0.01,81,93555,买盘
910,13:59:42,11.54,--,6,6923,卖盘
911,13:59:39,11.54,--,10,11540,卖盘
912,13:59:33,11.54,--,40,46160,卖盘
913,13:59:27,11.54,-0.01,6,6923,卖盘
914,13:59:24,11.55,0.01,136,157080,买盘
915,13:59:21,11.54,--,11,12693,卖盘
916,13:59:15,11.54,--,12,13847,卖盘
917,13:59:09,11.54,--,35,40390,卖盘
918,13:59:06,11.54,-0.01,9,10386,卖盘
919,13:59:03,11.55,--,11,12705,买盘
920,13:59:00,11.55,--,285,329175,买盘
921,13:58:57,11.55,--,39,45045,买盘
922,13:58:54,11.55,--,13,15015,买盘
923,13:58:51,11.55,--,17,19635,买盘
924,13:58:48,11.55,--,52,60060,买盘
925,13:58:45,11.55,--,122,140910,买盘
926,13:58:42,11.55,--,1,1155,买盘
927,13:58:39,11.55,--,24,27720,买盘
928,13:58:36,11.55,--,45,51975,买盘
929,13:58:33,11.55,0.01,20,23100,买盘
930,13:58:30,11.54,--,50,57699,卖盘
931,13:58:24,11.54,--,5,5770,卖盘
932,13:58:21,11.54,--,5,5770,卖盘
933,13:58:18,11.54,--,41,47314,卖盘
934,13:58:15,11.54,--,100,115399,卖盘
935,13:58:12,11.54,-0.01,3,3461,卖盘
936,13:58:09,11.55,0.01,37,43497,买盘
937,13:58:06,11.54,-0.01,6,6923,卖盘
938,13:58:03,11.55,0.01,55,63525,买盘
939,13:58:00,11.54,--,1,1154,卖盘
940,13:57:57,11.54,-0.01,7,8839,卖盘
941,13:57:54,11.55,0.01,23,26565,买盘
942,13:57:48,11.54,-0.01,20,23080,卖盘
943,13:57:45,11.55,--,52,60060,买盘
944,13:57:42,11.55,0.01,1,1155,买盘
945,13:57:39,11.54,-0.01,6,6923,卖盘
946,13:57:36,11.55,--,58,66990,买盘
947,13:57:33,11.55,--,9,10395,买盘
948,13:57:30,11.55,--,50,57750,买盘
949,13:57:27,11.55,--,26,30030,买盘
950,13:57:24,11.55,--,43,49665,买盘
951,13:57:18,11.55,--,30,34650,买盘
952,13:57:15,11.55,0.01,110,127050,买盘
953,13:57:12,11.54,-0.01,9,10386,卖盘
954,13:57:03,11.55,0.01,52,60060,买盘
955,13:57:00,11.54,-0.01,101,116553,卖盘
956,13:56:54,11.55,0.01,3,3465,买盘
957,13:56:51,11.54,--,11,12693,卖盘
958,13:56:48,11.54,--,6,6923,卖盘
959,13:56:42,11.54,-0.01,35,40390,卖盘
960,13:56:36,11.55,0.01,34,39270,买盘
961,13:56:27,11.54,-0.01,8,9232,卖盘
962,13:56:24,11.55,0.01,257,296835,买盘
963,13:56:21,11.54,--,10,11540,卖盘
964,13:56:18,11.54,--,10,11540,卖盘
965,13:56:12,11.54,--,15,17310,卖盘
966,13:56:09,11.54,-0.01,8,9232,卖盘
967,13:56:06,11.55,0.01,35,40425,买盘
968,13:56:03,11.54,-0.01,20,23080,卖盘
969,13:55:57,11.55,0.01,37,42735,买盘
970,13:55:54,11.54,-0.01,43,49621,卖盘
971,13:55:42,11.55,0.01,10,11550,买盘
972,13:55:39,11.54,-0.01,41,47314,卖盘
973,13:55:33,11.55,--,7,8085,买盘
974,13:55:30,11.55,--,178,205590,买盘
975,13:55:27,11.55,0.01,4,4620,买盘
976,13:55:24,11.54,-0.01,68,78472,卖盘
977,13:55:15,11.55,--,10,11550,买盘
978,13:55:12,11.55,0.01,7,8085,买盘
979,13:55:09,11.54,-0.01,7,8077,卖盘
980,13:55:03,11.55,--,1,1155,买盘
981,13:54:54,11.55,0.01,74,85470,买盘
982,13:54:48,11.54,--,53,61161,买盘
983,13:54:45,11.54,--,93,107321,买盘
984,13:54:42,11.54,--,1,1154,买盘
985,13:54:39,11.54,--,5,5770,买盘
986,13:54:36,11.54,--,12,13847,买盘
987,13:54:33,11.54,0.01,54,62315,买盘
988,13:54:30,11.53,-0.02,224,258272,卖盘
989,13:54:27,11.55,0.01,4,4620,买盘
990,13:54:24,11.54,--,5,5770,卖盘
991,13:54:21,11.54,-0.01,10,11540,卖盘
992,13:54:15,11.55,--,68,78540,买盘
993,13:54:06,11.55,--,114,131670,买盘
994,13:54:03,11.55,0.01,2,2310,买盘
995,13:53:54,11.54,--,307,354278,买盘
996,13:53:51,11.54,--,101,116553,买盘
997,13:53:48,11.54,--,108,124631,买盘
998,13:53:45,11.54,--,238,274652,买盘
999,13:53:42,11.54,-0.01,57,65778,卖盘
1000,13:53:39,11.55,--,7,8085,买盘
1001,13:53:36,11.55,--,57,65835,买盘
1002,13:53:33,11.55,0.01,274,316470,买盘
1003,13:53:30,11.54,--,107,123477,买盘
1004,13:53:27,11.54,-0.01,97,111937,卖盘
1005,13:53:24,11.55,0.01,157,181335,买盘
1006,13:53:21,11.54,--,192,221567,卖盘
1007,13:53:18,11.54,--,180,207719,买盘
1008,13:53:15,11.54,--,510,588540,卖盘
1009,13:53:12,11.54,--,3,3461,买盘
1010,13:53:09,11.54,--,52,60007,买盘
1011,13:53:06,11.54,--,612,706248,买盘
1012,13:53:03,11.54,-0.01,61,70394,卖盘
1013,13:53:00,11.55,0.01,77,88935,买盘
1014,13:52:57,11.54,--,5,5770,买盘
1015,13:52:54,11.54,--,32,36928,买盘
1016,13:52:51,11.54,--,300,346200,买盘
1017,13:52:48,11.54,--,51,58853,买盘
1018,13:52:45,11.54,--,117,135018,买盘
1019,13:52:42,11.54,0.01,105,121169,卖盘
1020,13:52:39,11.53,-0.01,153,176409,卖盘
1021,13:52:36,11.54,--,4,4616,卖盘
1022,13:52:33,11.54,--,534,616236,买盘
1023,13:52:30,11.54,0.01,1,1154,买盘
1024,13:52:27,11.53,--,44,50732,卖盘
1025,13:52:21,11.53,-0.01,842,970826,卖盘
1026,13:52:15,11.54,--,232,267728,买盘
1027,13:52:12,11.54,--,1,1154,买盘
1028,13:52:09,11.54,--,26,30003,买盘
1029,13:52:06,11.54,--,21,24234,买盘
1030,13:52:03,11.54,0.01,9,10386,买盘
1031,13:52:00,11.53,--,15,17295,卖盘
1032,13:51:57,11.53,-0.01,17,19601,卖盘
1033,13:51:54,11.54,--,3,3461,买盘
1034,13:51:51,11.54,--,44,50775,买盘
1035,13:51:48,11.54,0.01,45,51929,买盘
1036,13:51:39,11.53,-0.01,109,125677,卖盘
1037,13:51:36,11.54,--,5,5770,买盘
1038,13:51:33,11.54,--,48,55391,买盘
1039,13:51:27,11.54,0.01,66,76164,买盘
1040,13:51:24,11.53,-0.01,1,1153,卖盘
1041,13:51:21,11.54,--,7,8077,买盘
1042,13:51:18,11.54,0.01,320,369280,买盘
1043,13:51:12,11.53,-0.01,53,61109,卖盘
1044,13:51:09,11.54,--,13,15001,买盘
1045,13:51:06,11.54,0.01,5,5770,买盘
1046,13:51:03,11.53,-0.01,78,89934,卖盘
1047,13:51:00,11.54,-0.01,120,138480,中性盘
1048,13:50:54,11.55,--,204,235620,买盘
1049,13:50:51,11.55,--,168,194040,买盘
1050,13:50:48,11.55,--,26,30030,买盘
1051,13:50:36,11.55,--,10,11550,买盘
1052,13:50:27,11.55,--,14,16170,买盘
1053,13:50:24,11.55,0.02,31,35805,买盘
1054,13:50:21,11.53,-0.01,56,65167,卖盘
1055,13:50:18,11.54,-0.01,136,157497,卖盘
1056,13:50:15,11.55,0.01,15,17325,买盘
1057,13:50:12,11.54,--,39,45606,买盘
1058,13:50:09,11.54,--,4,4616,买盘
1059,13:50:06,11.54,--,14,16155,买盘
1060,13:50:03,11.54,--,161,186347,卖盘
1061,13:50:00,11.54,-0.01,10,11540,卖盘
1062,13:49:54,11.55,--,12,13860,买盘
1063,13:49:51,11.55,0.01,9,10395,买盘
1064,13:49:48,11.54,--,5,5770,卖盘
1065,13:49:42,11.54,--,9,10386,卖盘
1066,13:49:36,11.54,--,12,13847,卖盘
1067,13:49:33,11.54,--,34,39236,卖盘
1068,13:49:30,11.54,--,343,395821,卖盘
1069,13:49:27,11.54,-0.01,281,324274,卖盘
1070,13:49:24,11.55,0.01,4,4620,买盘
1071,13:49:21,11.54,-0.01,154,177716,卖盘
1072,13:49:12,11.55,0.01,232,267960,买盘
1073,13:49:09,11.54,-0.01,20,23080,卖盘
1074,13:49:06,11.55,0.01,36,41580,买盘
1075,13:49:03,11.54,--,149,171946,卖盘
1076,13:49:00,11.54,-0.01,53,61161,卖盘
1077,13:48:57,11.55,--,19,21945,买盘
1078,13:48:54,11.55,--,11,12705,买盘
1079,13:48:51,11.55,0.01,4,4620,买盘
1080,13:48:48,11.54,-0.01,74,85396,卖盘
1081,13:48:39,11.55,--,8,9240,买盘
1082,13:48:36,11.55,0.01,3,3465,买盘
1083,13:48:33,11.54,-0.01,3,3461,卖盘
1084,13:48:27,11.55,--,30,34650,买盘
1085,13:48:24,11.55,0.01,60,69300,买盘
1086,13:48:18,11.54,--,34,39236,卖盘
1087,13:48:12,11.54,--,9,10386,卖盘
1088,13:48:03,11.54,--,3,3461,卖盘
1089,13:48:00,11.54,--,1,1154,卖盘
1090,13:47:57,11.54,--,6,6923,卖盘
1091,13:47:51,11.54,-0.01,23,26541,卖盘
1092,13:47:45,11.55,--,14,16170,买盘
1093,13:47:42,11.55,--,30,34650,买盘
1094,13:47:39,11.55,--,17,19635,买盘
1095,13:47:36,11.55,--,53,61215,买盘
1096,13:47:30,11.55,--,502,579810,买盘
1097,13:47:24,11.55,0.01,14,16170,买盘
1098,13:47:21,11.54,-0.01,80,92320,卖盘
1099,13:47:18,11.55,0.01,160,184800,买盘
1100,13:47:15,11.54,--,6,6923,卖盘
1101,13:47:12,11.54,-0.01,10,11540,卖盘
1102,13:47:06,11.55,0.01,3,3465,买盘
1103,13:47:03,11.54,-0.01,40,46160,卖盘
1104,13:47:00,11.55,0.01,30,34650,买盘
1105,13:46:57,11.54,-0.01,4,4616,卖盘
1106,13:46:54,11.55,0.01,1,1155,买盘
1107,13:46:51,11.54,-0.01,30,34620,卖盘
1108,13:46:48,11.55,0.01,43,49665,买盘
1109,13:46:45,11.54,--,164,189256,卖盘
1110,13:46:42,11.54,--,154,177716,卖盘
1111,13:46:39,11.54,--,130,150020,卖盘
1112,13:46:36,11.54,--,34,39236,卖盘
1113,13:46:33,11.54,--,4,4616,卖盘
1114,13:46:27,11.54,-0.01,10,11540,卖盘
1115,13:46:21,11.55,0.01,10,11550,买盘
1116,13:46:18,11.54,-0.01,7,8839,卖盘
1117,13:46:12,11.55,0.01,53,61215,买盘
1118,13:46:09,11.54,-0.01,106,122323,卖盘
1119,13:46:06,11.55,--,3,3465,买盘
1120,13:46:03,11.55,0.01,20,23100,买盘
1121,13:45:54,11.54,--,12,13847,卖盘
1122,13:45:51,11.54,--,10,11540,卖盘
1123,13:45:45,11.54,--,27,31157,卖盘
1124,13:45:42,11.54,-0.01,1,1154,卖盘
1125,13:45:39,11.55,0.01,20,23100,买盘
1126,13:45:36,11.54,--,8,9232,卖盘
1127,13:45:27,11.54,-0.01,13,15001,卖盘
1128,13:45:24,11.55,0.01,24,27720,买盘
1129,13:45:21,11.54,-0.01,58,66932,卖盘
1130,13:45:15,11.55,0.01,5,5775,买盘
1131,13:45:09,11.54,--,3,3461,卖盘
1132,13:45:03,11.54,--,81,93474,卖盘
1133,13:44:51,11.54,-0.01,20,23080,卖盘
1134,13:44:45,11.55,--,252,291060,买盘
1135,13:44:42,11.55,0.01,1,1155,买盘
1136,13:44:39,11.54,-0.01,14,16155,卖盘
1137,13:44:36,11.55,--,56,64680,买盘
1138,13:44:33,11.55,--,258,297990,买盘
1139,13:44:27,11.55,--,3,3465,买盘
1140,13:44:21,11.55,--,43,49665,买盘
1141,13:44:18,11.55,0.01,42,48510,买盘
1142,13:44:12,11.54,--,55,63469,卖盘
1143,13:44:06,11.54,--,5,5770,卖盘
1144,13:44:03,11.54,-0.01,74,85396,卖盘
1145,13:44:00,11.55,0.01,4,4620,买盘
1146,13:43:57,11.54,--,11,12693,卖盘
1147,13:43:45,11.54,--,39,45006,卖盘
1148,13:43:42,11.54,--,180,207719,卖盘
1149,13:43:39,11.54,--,40,46160,卖盘
1150,13:43:36,11.54,-0.01,3,3461,卖盘
1151,13:43:33,11.55,0.01,25,28875,买盘
1152,13:43:30,11.54,-0.01,29,33466,卖盘
1153,13:43:27,11.55,--,6,6930,买盘
1154,13:43:21,11.55,--,19,21945,买盘
1155,13:43:18,11.55,0.01,51,58905,买盘
1156,13:43:15,11.54,--,11,12693,卖盘
1157,13:43:12,11.54,-0.01,108,124631,卖盘
1158,13:43:03,11.55,--,19,21945,买盘
1159,13:43:00,11.55,--,5,5775,买盘
1160,13:42:54,11.55,0.01,1,1155,买盘
1161,13:42:51,11.54,-0.01,13,15001,卖盘
1162,13:42:48,11.55,0.01,3,3465,买盘
1163,13:42:45,11.54,-0.01,202,233107,卖盘
1164,13:42:42,11.55,--,25,28875,买盘
1165,13:42:36,11.55,0.01,2,2310,买盘
1166,13:42:30,11.54,-0.01,188,216951,卖盘
1167,13:42:27,11.55,0.01,2,2310,买盘
1168,13:42:24,11.54,--,12,13847,卖盘
1169,13:42:21,11.54,--,36,41544,卖盘
1170,13:42:18,11.54,--,561,647394,卖盘
1171,13:42:12,11.54,--,177,204257,卖盘
1172,13:42:06,11.54,--,11,12693,卖盘
1173,13:42:03,11.54,--,30,34620,卖盘
1174,13:41:57,11.54,-0.01,20,23080,卖盘
1175,13:41:54,11.55,0.01,2,2310,买盘
1176,13:41:45,11.54,--,44,50775,卖盘
1177,13:41:42,11.54,--,107,123477,卖盘
1178,13:41:39,11.54,--,10,11540,卖盘
1179,13:41:36,11.54,--,75,86550,卖盘
1180,13:41:30,11.54,--,11,12693,卖盘
1181,13:41:27,11.54,--,63,72702,卖盘
1182,13:41:18,11.54,--,55,63469,卖盘
1183,13:41:15,11.54,--,29,33466,卖盘
1184,13:41:12,11.54,-0.01,2,2954,卖盘
1185,13:41:09,11.55,0.01,7,8085,买盘
1186,13:41:06,11.54,--,31,35774,卖盘
1187,13:41:03,11.54,--,2,2308,卖盘
1188,13:40:57,11.54,-0.01,2,2308,卖盘
1189,13:40:54,11.55,0.01,2,2310,买盘
1190,13:40:51,11.54,--,28,33073,卖盘
1191,13:40:48,11.54,-0.01,15,17310,卖盘
1192,13:40:45,11.55,--,105,121275,买盘
1193,13:40:42,11.55,--,7,8085,买盘
1194,13:40:33,11.55,--,8,9240,买盘
1195,13:40:30,11.55,--,32,36960,买盘
1196,13:40:27,11.55,0.01,3,3465,买盘
1197,13:40:24,11.54,--,10,11540,卖盘
1198,13:40:21,11.54,-0.01,16,18464,卖盘
1199,13:40:18,11.55,0.01,101,116655,买盘
1200,13:40:12,11.54,--,11,12693,卖盘
1201,13:40:06,11.54,-0.01,8,9993,卖盘
1202,13:40:03,11.55,0.01,312,360360,买盘
1203,13:40:00,11.54,-0.01,32,36928,卖盘
1204,13:39:57,11.55,--,5,5775,买盘
1205,13:39:54,11.55,--,3,3465,买盘
1206,13:39:48,11.55,0.01,7,8085,买盘
1207,13:39:45,11.54,-0.01,54,62315,卖盘
1208,13:39:36,11.55,0.01,1,1155,买盘
1209,13:39:33,11.54,--,32,36928,卖盘
1210,13:39:27,11.54,--,20,23841,卖盘
1211,13:39:18,11.54,--,100,115399,卖盘
1212,13:39:15,11.54,--,8,9232,卖盘
1213,13:39:09,11.54,--,7,8839,卖盘
1214,13:39:06,11.54,--,1,1154,卖盘
1215,13:39:03,11.54,-0.01,30,34620,卖盘
1216,13:39:00,11.55,--,42,48510,买盘
1217,13:38:54,11.55,--,9,10395,买盘
1218,13:38:51,11.55,--,40,46592,卖盘
1219,13:38:48,11.55,--,138,159390,卖盘
1220,13:38:45,11.55,--,75,86625,卖盘
1221,13:38:42,11.55,--,7,8847,卖盘
1222,13:38:39,11.55,--,133,153615,卖盘
1223,13:38:33,11.55,0.01,264,304920,买盘
1224,13:38:30,11.54,-0.01,14,16155,卖盘
1225,13:38:27,11.55,0.01,5,5775,买盘
1226,13:38:24,11.54,-0.01,48,55391,卖盘
1227,13:38:21,11.55,--,74,85470,买盘
1228,13:38:18,11.55,--,17,19635,买盘
1229,13:38:09,11.55,0.01,5,5775,买盘
1230,13:38:06,11.54,--,8,9993,卖盘
1231,13:38:03,11.54,--,1,1154,卖盘
1232,13:37:57,11.54,-0.01,50,57699,卖盘
1233,13:37:54,11.55,--,102,117810,买盘
1234,13:37:48,11.55,0.01,63,72765,买盘
1235,13:37:45,11.54,-0.01,60,69240,卖盘
1236,13:37:42,11.55,0.01,1,1155,买盘
1237,13:37:39,11.54,--,28,32311,卖盘
1238,13:37:36,11.54,--,10,11540,卖盘
1239,13:37:33,11.54,-0.01,52,60007,卖盘
1240,13:37:30,11.55,--,20,23100,买盘
1241,13:37:27,11.55,0.01,9,10395,买盘
1242,13:37:24,11.54,--,5,5770,卖盘
1243,13:37:18,11.54,--,14,16155,卖盘
1244,13:37:15,11.54,--,7,8077,卖盘
1245,13:37:12,11.54,--,434,500835,卖盘
1246,13:37:09,11.54,-0.01,100,115399,卖盘
1247,13:37:06,11.55,--,201,232155,买盘
1248,13:37:03,11.55,--,17,19635,买盘
1249,13:36:57,11.55,--,27,31185,买盘
1250,13:36:54,11.55,0.01,2,2310,买盘
1251,13:36:48,11.54,--,28,32311,卖盘
1252,13:36:45,11.54,-0.01,127,146558,卖盘
1253,13:36:42,11.55,--,31,35805,买盘
1254,13:36:39,11.55,--,90,103950,买盘
1255,13:36:36,11.55,--,121,139755,买盘
1256,13:36:33,11.55,--,1,1155,买盘
1257,13:36:30,11.55,--,2,2310,买盘
1258,13:36:27,11.55,--,2,2310,买盘
1259,13:36:24,11.55,--,6,6930,买盘
1260,13:36:21,11.55,0.01,900,1039500,买盘
1261,13:36:18,11.54,--,5,5770,卖盘
1262,13:36:15,11.54,--,9,10386,卖盘
1263,13:36:06,11.54,-0.01,155,178870,卖盘
1264,13:36:03,11.55,--,1,1155,买盘
1265,13:35:57,11.55,--,2,2310,买盘
1266,13:35:54,11.55,0.01,13,15015,买盘
1267,13:35:51,11.54,--,5,5770,卖盘
1268,13:35:48,11.54,--,35,40390,卖盘
1269,13:35:45,11.54,-0.01,1,1154,卖盘
1270,13:35:42,11.55,0.01,5,5775,买盘
1271,13:35:39,11.54,-0.01,27,31157,卖盘
1272,13:35:36,11.55,0.01,12,13860,买盘
1273,13:35:33,11.54,--,69,79626,卖盘
1274,13:35:30,11.54,--,230,265420,卖盘
1275,13:35:24,11.54,--,1,1154,卖盘
1276,13:35:21,11.54,--,20,23080,卖盘
1277,13:35:18,11.54,0.01,747,862037,买盘
1278,13:35:15,11.53,-0.01,33,38049,卖盘
1279,13:35:12,11.54,--,4,4616,买盘
1280,13:35:09,11.54,0.01,115,132710,买盘
1281,13:35:06,11.53,-0.01,28,32284,卖盘
1282,13:35:03,11.54,0.01,16,18464,买盘
1283,13:35:00,11.53,-0.01,4,4612,卖盘
1284,13:34:57,11.54,0.01,69,79626,买盘
1285,13:34:54,11.53,-0.01,23,26519,卖盘
1286,13:34:51,11.54,--,263,303502,买盘
1287,13:34:48,11.54,0.01,34,39236,买盘
1288,13:34:45,11.53,--,14,16142,卖盘
1289,13:34:42,11.53,--,8,9224,卖盘
1290,13:34:39,11.53,-0.01,13,15138,卖盘
1291,13:34:36,11.54,0.01,3,3461,买盘
1292,13:34:33,11.53,-0.01,10,11530,卖盘
1293,13:34:30,11.54,0.01,27,31157,买盘
1294,13:34:27,11.53,--,82,94546,卖盘
1295,13:34:24,11.53,--,2039,2350967,卖盘
1296,13:34:21,11.53,-0.01,12,13836,卖盘
1297,13:34:18,11.54,--,10,11540,买盘
1298,13:34:15,11.54,--,131,151174,买盘
1299,13:34:12,11.54,--,6,6923,买盘
1300,13:34:09,11.54,0.01,2,2308,买盘
1301,13:34:06,11.53,--,41,47273,卖盘
1302,13:34:03,11.53,-0.01,11,12683,卖盘
1303,13:33:57,11.54,0.01,5,5770,买盘
1304,13:33:54,11.53,-0.01,223,257119,卖盘
1305,13:33:51,11.54,--,9,10386,买盘
1306,13:33:48,11.54,0.01,9,10386,买盘
1307,13:33:45,11.53,-0.01,29,33437,卖盘
1308,13:33:42,11.54,0.01,86,99243,买盘
1309,13:33:39,11.53,-0.01,75,86475,卖盘
1310,13:33:36,11.54,0.01,39,45006,买盘
1311,13:33:33,11.53,-0.01,11,12683,卖盘
1312,13:33:27,11.54,--,20,23080,买盘
1313,13:33:24,11.54,--,3,3461,买盘
1314,13:33:21,11.54,0.01,10,11540,买盘
1315,13:33:18,11.53,--,11,12683,卖盘
1316,13:33:12,11.53,--,14,16142,卖盘
1317,13:33:06,11.53,-0.01,32,37783,卖盘
1318,13:33:03,11.54,0.01,11,12693,买盘
1319,13:33:00,11.53,--,13,14989,卖盘
1320,13:32:54,11.53,-0.01,106,122218,卖盘
1321,13:32:51,11.54,--,38,44936,买盘
1322,13:32:48,11.54,0.01,6,6923,买盘
1323,13:32:45,11.53,--,31,35743,卖盘
1324,13:32:42,11.53,-0.01,182,210653,卖盘
1325,13:32:39,11.54,--,23,26541,买盘
1326,13:32:36,11.54,--,1,1154,买盘
1327,13:32:30,11.54,--,10,11540,买盘
1328,13:32:27,11.54,--,43,49621,买盘
1329,13:32:21,11.54,--,23,26541,买盘
1330,13:32:18,11.54,--,1,1154,买盘
1331,13:32:15,11.54,0.01,133,153482,买盘
1332,13:32:12,11.53,--,2,2306,卖盘
1333,13:32:09,11.53,--,10,11530,卖盘
1334,13:32:06,11.53,-0.01,1,1153,卖盘
1335,13:32:03,11.54,0.01,6,6923,买盘
1336,13:31:57,11.53,--,39,44967,卖盘
1337,13:31:54,11.53,--,10,11530,卖盘
1338,13:31:48,11.53,--,7,8878,卖盘
1339,13:31:45,11.53,-0.01,53,61109,卖盘
1340,13:31:42,11.54,--,2,2308,买盘
1341,13:31:36,11.54,--,2,2308,买盘
1342,13:31:27,11.54,0.01,14,16155,买盘
1343,13:31:24,11.53,-0.01,51,58803,卖盘
1344,13:31:18,11.54,0.01,1,1154,买盘
1345,13:31:15,11.53,--,11,12683,卖盘
1346,13:31:06,11.53,-0.01,41,47273,卖盘
1347,13:31:03,11.54,--,2,2308,买盘
1348,13:31:00,11.54,--,24,27695,买盘
1349,13:30:54,11.54,0.01,2,2308,中性盘
1350,13:30:42,11.53,-0.02,54,62262,卖盘
1351,13:30:36,11.55,0.02,31,35805,买盘
1352,13:30:33,11.53,-0.01,5,5765,卖盘
1353,13:30:30,11.54,--,5,5770,卖盘
1354,13:30:27,11.54,--,2,2308,卖盘
1355,13:30:24,11.54,0.01,112,129247,买盘
1356,13:30:18,11.53,--,12,13836,卖盘
1357,13:30:15,11.53,-0.01,106,122218,卖盘
1358,13:30:12,11.54,--,154,177716,卖盘
1359,13:30:09,11.54,0.01,15,17310,买盘
1360,13:30:06,11.53,-0.02,4,4612,卖盘
1361,13:30:03,11.55,0.02,54,62370,买盘
1362,13:30:00,11.53,-0.01,151,175106,卖盘
1363,13:29:57,11.54,--,3,3612,卖盘
1364,13:29:54,11.54,--,5,6773,买盘
1365,13:29:51,11.54,--,150,173100,买盘
1366,13:29:45,11.54,0.01,10,11540,买盘
1367,13:29:42,11.53,-0.01,16,18448,卖盘
1368,13:29:33,11.54,--,137,158098,买盘
1369,13:29:27,11.54,0.01,13,15001,买盘
1370,13:29:24,11.53,-0.01,71,81863,卖盘
1371,13:29:18,11.54,0.01,1,1154,买盘
1372,13:29:15,11.53,-0.01,3,3459,卖盘
1373,13:29:12,11.54,0.01,5,5770,买盘
1374,13:29:09,11.53,-0.01,2,2767,卖盘
1375,13:29:06,11.54,0.01,30,34620,买盘
1376,13:29:03,11.53,--,90,103770,卖盘
1377,13:29:00,11.53,--,60,69180,卖盘
1378,13:28:57,11.53,-0.01,4,4612,卖盘
1379,13:28:54,11.54,0.01,2,2308,买盘
1380,13:28:51,11.53,-0.01,184,212152,卖盘
1381,13:28:48,11.54,--,20,23080,卖盘
1382,13:28:45,11.54,0.01,10,11540,买盘
1383,13:28:42,11.53,--,113,130289,卖盘
1384,13:28:39,11.53,--,12,13836,卖盘
1385,13:28:33,11.53,--,9,10377,卖盘
1386,13:28:30,11.53,-0.01,151,174944,卖盘
1387,13:28:27,11.54,--,12,14159,卖盘
1388,13:28:24,11.54,--,12,14690,卖盘
1389,13:28:21,11.54,--,108,124631,买盘
1390,13:28:18,11.54,--,56,64623,卖盘
1391,13:28:15,11.54,0.01,55,63469,买盘
1392,13:28:12,11.53,-0.01,177,204081,卖盘
1393,13:28:09,11.54,--,8,9232,卖盘
1394,13:28:06,11.54,0.01,6,6923,买盘
1395,13:28:03,11.53,-0.01,154,177562,卖盘
1396,13:28:00,11.54,--,16,18464,卖盘
1397,13:27:57,11.54,--,2,2308,买盘
1398,13:27:54,11.54,0.01,12,13847,买盘
1399,13:27:51,11.53,--,4,4612,卖盘
1400,13:27:48,11.53,-0.01,157,181021,卖盘
1401,13:27:45,11.54,--,33,38082,卖盘
1402,13:27:42,11.54,0.01,17,19618,买盘
1403,13:27:30,11.53,--,10,11530,卖盘
1404,13:27:27,11.53,-0.01,134,155309,卖盘
1405,13:27:24,11.54,--,20,23426,卖盘
1406,13:27:21,11.54,-0.01,15,17310,卖盘
1407,13:27:18,11.55,0.01,39,45045,买盘
1408,13:27:15,11.54,--,22,25387,卖盘
1409,13:27:12,11.54,--,137,158098,卖盘
1410,13:27:09,11.54,--,25,28849,卖盘
1411,13:27:06,11.54,--,261,301194,卖盘
1412,13:27:03,11.54,--,1,1154,卖盘
1413,13:27:00,11.54,-0.01,10,11540,卖盘
1414,13:26:54,11.55,--,2,2310,买盘
1415,13:26:51,11.55,--,32,36960,买盘
1416,13:26:45,11.55,--,9,10395,买盘
1417,13:26:42,11.55,0.01,30,34650,买盘
1418,13:26:36,11.54,-0.01,10,11540,卖盘
1419,13:26:27,11.55,--,36,41580,买盘
1420,13:26:21,11.55,--,60,69300,买盘
1421,13:26:18,11.55,0.01,13,15015,买盘
1422,13:26:15,11.54,--,7,8885,卖盘
1423,13:26:09,11.54,--,20,23080,卖盘
1424,13:26:06,11.54,-0.01,52,60007,卖盘
1425,13:26:03,11.55,0.01,2,2310,买盘
1426,13:25:57,11.54,--,32,36928,卖盘
1427,13:25:54,11.54,-0.01,22,25387,卖盘
1428,13:25:45,11.55,0.01,20,23100,买盘
1429,13:25:42,11.54,--,14,16155,卖盘
1430,13:25:36,11.54,--,7,8077,卖盘
1431,13:25:33,11.54,-0.01,29,33466,中性盘
1432,13:25:24,11.55,0.02,100,115500,买盘
1433,13:25:18,11.53,-0.02,123,142164,卖盘
1434,13:25:15,11.55,--,44,50820,买盘
1435,13:25:12,11.55,0.01,13,15015,买盘
1436,13:25:09,11.54,--,34,39236,卖盘
1437,13:25:06,11.54,-0.01,20,23080,卖盘
1438,13:24:57,11.55,0.01,21,24255,买盘
1439,13:24:54,11.54,--,7,8077,卖盘
1440,13:24:48,11.54,-0.01,18,21579,卖盘
1441,13:24:45,11.55,--,11,12705,买盘
1442,13:24:42,11.55,--,22,25410,买盘
1443,13:24:39,11.55,0.01,62,71610,买盘
1444,13:24:36,11.54,--,23,26541,买盘
1445,13:24:33,11.54,--,34,39236,买盘
1446,13:24:30,11.54,0.01,18,20772,买盘
1447,13:24:27,11.53,-0.01,51,58803,卖盘
1448,13:24:24,11.54,--,61,70394,买盘
1449,13:24:21,11.54,--,20,23080,买盘
1450,13:24:18,11.54,--,43,49621,买盘
1451,13:24:15,11.54,--,16,18464,买盘
1452,13:24:12,11.54,0.01,38,43852,买盘
1453,13:24:09,11.53,-0.01,106,122218,卖盘
1454,13:24:06,11.54,0.01,14,16155,买盘
1455,13:24:03,11.53,-0.01,13,14989,卖盘
1456,13:24:00,11.54,0.01,27,31157,买盘
1457,13:23:57,11.53,-0.01,7,8878,卖盘
1458,13:23:54,11.54,--,14,16155,买盘
1459,13:23:51,11.54,--,9,10386,买盘
1460,13:23:48,11.54,--,13,15001,买盘
1461,13:23:45,11.54,--,12,13847,买盘
1462,13:23:42,11.54,--,16,18464,买盘
1463,13:23:39,11.54,--,25,28849,买盘
1464,13:23:36,11.54,--,67,77318,买盘
1465,13:23:33,11.54,--,19,21926,买盘
1466,13:23:30,11.54,--,3,3461,买盘
1467,13:23:24,11.54,--,3,3461,买盘
1468,13:23:21,11.54,--,11,12693,买盘
1469,13:23:18,11.54,0.01,33,38082,中性盘
1470,13:23:15,11.53,-0.01,80,92240,卖盘
1471,13:23:12,11.54,--,78,90012,卖盘
1472,13:23:09,11.54,0.01,142,163868,买盘
1473,13:23:06,11.53,-0.01,114,131442,卖盘
1474,13:23:03,11.54,--,13,15001,买盘
1475,13:23:00,11.54,--,10,11540,买盘
1476,13:22:57,11.54,--,21,24234,买盘
1477,13:22:54,11.54,--,62,71548,买盘
1478,13:22:51,11.54,0.01,178,205411,买盘
1479,13:22:48,11.53,-0.01,52,59956,卖盘
1480,13:22:45,11.54,--,3,3461,买盘
1481,13:22:42,11.54,--,10,11540,买盘
1482,13:22:27,11.54,0.02,121,140303,买盘
1483,13:22:24,11.52,-0.01,8,9216,卖盘
1484,13:22:21,11.53,-0.01,35,40839,卖盘
1485,13:22:18,11.54,--,77,88858,卖盘
1486,13:22:15,11.54,0.01,232,267728,买盘
1487,13:22:12,11.53,--,11,12683,卖盘
1488,13:22:09,11.53,--,6,7586,买盘
1489,13:22:03,11.53,--,52,60163,卖盘
1490,13:21:51,11.53,-0.01,370,426610,卖盘
1491,13:21:48,11.54,--,6,6923,买盘
1492,13:21:45,11.54,--,10,11540,买盘
1493,13:21:39,11.54,--,109,125785,买盘
1494,13:21:36,11.54,--,2,2308,买盘
1495,13:21:30,11.54,--,80,92320,买盘
1496,13:21:27,11.54,--,157,181178,买盘
1497,13:21:24,11.54,--,8,9232,买盘
1498,13:21:18,11.54,0.01,2,2308,买盘
1499,13:21:15,11.53,-0.01,154,177562,卖盘
1500,13:21:12,11.54,0.01,1,1154,买盘
1501,13:21:09,11.53,--,15,17295,卖盘
1502,13:21:06,11.53,--,146,168338,卖盘
1503,13:21:03,11.53,--,3,3459,卖盘
1504,13:21:00,11.53,-0.01,154,177562,卖盘
1505,13:20:57,11.54,--,10,11540,买盘
1506,13:20:54,11.54,--,47,54237,买盘
1507,13:20:51,11.54,--,8,9232,买盘
1508,13:20:48,11.54,0.01,34,39236,买盘
1509,13:20:42,11.53,--,10,11530,卖盘
1510,13:20:39,11.53,-0.01,153,176547,卖盘
1511,13:20:36,11.54,--,1,2169,卖盘
1512,13:20:33,11.54,0.01,50,57838,买盘
1513,13:20:30,11.53,--,9,11184,卖盘
1514,13:20:27,11.53,-0.01,64,73792,卖盘
1515,13:20:24,11.54,0.01,6,6923,买盘
1516,13:20:21,11.53,-0.01,10,11530,卖盘
1517,13:20:18,11.54,0.01,39,45006,买盘
1518,13:20:15,11.53,--,24,27672,卖盘
1519,13:20:12,11.53,-0.01,13,14989,卖盘
1520,13:20:09,11.54,0.01,3,3461,买盘
1521,13:20:03,11.53,--,8,9224,卖盘
1522,13:20:00,11.53,-0.01,223,257119,卖盘
1523,13:19:57,11.54,--,23,26541,买盘
1524,13:19:51,11.54,--,14,16155,买盘
1525,13:19:45,11.54,--,9,10386,买盘
1526,13:19:42,11.54,--,6,6923,买盘
1527,13:19:36,11.54,--,10,11540,买盘
1528,13:19:33,11.54,--,167,192718,买盘
1529,13:19:30,11.54,0.01,12,13847,买盘
1530,13:19:27,11.53,-0.01,36,41508,卖盘
1531,13:19:24,11.54,0.01,30,34620,买盘
1532,13:19:18,11.53,--,9,10377,卖盘
1533,13:19:15,11.53,-0.01,11,12683,卖盘
1534,13:19:12,11.54,--,2,2308,买盘
1535,13:19:06,11.54,0.01,11,12693,买盘
1536,13:19:03,11.53,-0.01,149,171797,卖盘
1537,13:19:00,11.54,--,6,6923,买盘
1538,13:18:57,11.54,--,47,54237,买盘
1539,13:18:54,11.54,0.01,5,5770,买盘
1540,13:18:51,11.53,--,277,319392,买盘
1541,13:18:48,11.53,--,226,261719,卖盘
1542,13:18:45,11.53,-0.01,375,432375,卖盘
1543,13:18:33,11.54,0.01,49,56557,买盘
1544,13:18:30,11.53,-0.01,210,243271,卖盘
1545,13:18:27,11.54,0.01,3,3461,买盘
1546,13:18:24,11.53,-0.01,165,190245,卖盘
1547,13:18:18,11.54,--,12,13847,买盘
1548,13:18:15,11.54,0.01,1,1154,买盘
1549,13:18:12,11.53,--,261,300933,卖盘
1550,13:18:09,11.53,--,853,983509,卖盘
1551,13:18:03,11.53,-0.01,154,177562,卖盘
1552,13:18:00,11.54,--,72,83088,买盘
1553,13:17:54,11.54,--,57,65778,买盘
1554,13:17:51,11.54,0.01,50,57699,买盘
1555,13:17:48,11.53,-0.01,40,46120,卖盘
1556,13:17:36,11.54,0.01,27,31157,买盘
1557,13:17:33,11.53,--,15,17295,卖盘
1558,13:17:30,11.53,--,154,177562,卖盘
1559,13:17:27,11.53,-0.01,1,1153,卖盘
1560,13:17:24,11.54,0.01,10,11540,买盘
1561,13:17:18,11.53,-0.01,4,5004,卖盘
1562,13:17:12,11.54,--,66,76164,买盘
1563,13:17:09,11.54,0.01,24,27695,买盘
1564,13:17:06,11.53,-0.01,10,11530,卖盘
1565,13:17:03,11.54,0.01,32,36928,买盘
1566,13:16:57,11.53,--,2,2306,卖盘
1567,13:16:54,11.53,--,2,2306,卖盘
1568,13:16:51,11.53,--,19,21907,卖盘
1569,13:16:36,11.53,--,19,21907,卖盘
1570,13:16:33,11.53,--,54,62262,卖盘
1571,13:16:30,11.53,-0.01,34,39202,卖盘
1572,13:16:27,11.54,--,6,6923,买盘
1573,13:16:21,11.54,0.01,1,1154,买盘
1574,13:16:18,11.53,-0.01,13,14989,卖盘
1575,13:16:15,11.54,0.01,9,10386,买盘
1576,13:16:12,11.53,-0.01,58,66874,卖盘
1577,13:16:09,11.54,0.01,38,43852,买盘
1578,13:16:03,11.53,--,73,84169,卖盘
1579,13:15:54,11.53,--,10,11530,卖盘
1580,13:15:48,11.53,-0.01,10,11530,卖盘
1581,13:15:45,11.54,0.01,10,11540,买盘
1582,13:15:42,11.53,-0.01,70,80710,卖盘
1583,13:15:36,11.54,--,18,20772,买盘
1584,13:15:27,11.54,--,23,26541,买盘
1585,13:15:24,11.54,--,2,2308,买盘
1586,13:15:21,11.54,--,7,8077,买盘
1587,13:15:18,11.54,--,32,36928,买盘
1588,13:15:15,11.54,--,52,60007,买盘
1589,13:15:12,11.54,0.01,69,79626,买盘
1590,13:15:09,11.53,--,0,772,卖盘
1591,13:15:03,11.53,--,7,8071,卖盘
1592,13:15:00,11.53,-0.01,13,14989,卖盘
1593,13:14:57,11.54,--,100,115399,买盘
1594,13:14:51,11.54,0.01,6,6923,买盘
1595,13:14:48,11.53,-0.01,10,11530,卖盘
1596,13:14:42,11.54,--,22,25387,买盘
1597,13:14:39,11.54,0.01,127,146558,买盘
1598,13:14:36,11.53,-0.01,12,13836,卖盘
1599,13:14:33,11.54,--,66,76164,买盘
1600,13:14:30,11.54,0.01,3,3461,买盘
1601,13:14:27,11.53,--,42,48426,卖盘
1602,13:14:24,11.53,-0.01,10,11530,卖盘
1603,13:14:18,11.54,--,2,2308,买盘
1604,13:14:15,11.54,--,4,4616,买盘
1605,13:14:09,11.54,--,24,27695,买盘
1606,13:14:06,11.54,0.01,72,83088,买盘
1607,13:14:03,11.53,--,8,9224,卖盘
1608,13:14:00,11.53,--,11,12683,卖盘
1609,13:13:57,11.53,--,10,11530,卖盘
1610,13:13:54,11.53,-0.01,5,5765,卖盘
1611,13:13:51,11.54,0.01,20,23080,买盘
1612,13:13:45,11.53,-0.01,81,93393,卖盘
1613,13:13:42,11.54,--,2,2308,买盘
1614,13:13:39,11.54,--,14,16155,买盘
1615,13:13:36,11.54,0.01,1,1154,买盘
1616,13:13:33,11.53,-0.01,50,57650,卖盘
1617,13:13:30,11.54,0.01,39,45006,买盘
1618,13:13:27,11.53,--,1,1153,卖盘
1619,13:13:24,11.53,--,26,29978,卖盘
1620,13:13:21,11.53,--,69,79557,买盘
1621,13:13:18,11.53,0.01,40,46120,买盘
1622,13:13:15,11.52,--,1,1152,卖盘
1623,13:13:12,11.52,-0.01,30,34560,卖盘
1624,13:13:09,11.53,0.01,3,3459,买盘
1625,13:13:06,11.52,--,1,1152,卖盘
1626,13:13:03,11.52,-0.01,12,13824,卖盘
1627,13:12:57,11.53,--,1,1153,买盘
1628,13:12:54,11.53,--,6,6918,卖盘
1629,13:12:51,11.53,--,4,4612,买盘
1630,13:12:48,11.53,--,63,72639,卖盘
1631,13:12:42,11.53,--,10,11530,卖盘
1632,13:12:39,11.53,--,51,59056,买盘
1633,13:12:36,11.53,--,130,149890,买盘
1634,13:12:27,11.53,0.01,10,11530,买盘
1635,13:12:24,11.52,--,15,17280,卖盘
1636,13:12:18,11.52,--,82,94464,卖盘
1637,13:12:12,11.52,--,8,9216,卖盘
1638,13:12:09,11.52,-0.01,246,283392,卖盘
1639,13:12:06,11.53,0.01,12,13836,买盘
1640,13:12:03,11.52,--,118,135936,卖盘
1641,13:12:00,11.52,--,2008,2314022,卖盘
1642,13:11:57,11.52,-0.01,36,41541,卖盘
1643,13:11:54,11.53,--,10,11530,买盘
1644,13:11:51,11.53,0.01,94,108382,买盘
1645,13:11:48,11.52,-0.01,2,2304,卖盘
1646,13:11:39,11.53,--,21,24213,买盘
1647,13:11:36,11.53,0.01,2,2306,买盘
1648,13:11:30,11.52,-0.01,37,42624,卖盘
1649,13:11:21,11.53,--,1,1153,买盘
1650,13:11:18,11.53,0.01,2,2306,买盘
1651,13:11:06,11.52,--,7,8064,卖盘
1652,13:11:03,11.52,--,5,5760,卖盘
1653,13:11:00,11.52,--,14,16128,卖盘
1654,13:10:54,11.52,--,5,5760,卖盘
1655,13:10:51,11.52,-0.01,38,43776,卖盘
1656,13:10:48,11.53,0.01,3,3459,买盘
1657,13:10:42,11.52,--,147,169344,卖盘
1658,13:10:36,11.52,-0.01,8,9216,卖盘
1659,13:10:33,11.53,--,7,8071,买盘
1660,13:10:30,11.53,0.01,79,91087,买盘
1661,13:10:24,11.52,--,1,1152,卖盘
1662,13:10:21,11.52,-0.01,40,46080,卖盘
1663,13:10:18,11.53,--,39,44967,买盘
1664,13:10:15,11.53,0.01,5,5765,买盘
1665,13:10:09,11.52,--,10,11520,卖盘
1666,13:10:06,11.52,-0.01,7,8064,卖盘
1667,13:10:03,11.53,--,10,11530,买盘
1668,13:10:00,11.53,--,100,115300,买盘
1669,13:09:54,11.53,--,6,6918,买盘
1670,13:09:51,11.53,--,10,11530,买盘
1671,13:09:48,11.53,--,65,74945,买盘
1672,13:09:45,11.53,--,10,11530,买盘
1673,13:09:36,11.53,0.01,5,5765,买盘
1674,13:09:30,11.52,--,10,11520,卖盘
1675,13:09:27,11.52,--,34,39168,卖盘
1676,13:09:24,11.52,-0.01,3,3456,卖盘
1677,13:09:21,11.53,--,22,25366,买盘
1678,13:09:18,11.53,--,3,3459,买盘
1679,13:09:15,11.53,--,40,46120,买盘
1680,13:09:12,11.53,--,8,9224,买盘
1681,13:09:09,11.53,0.01,52,59956,买盘
1682,13:09:06,11.52,-0.01,7,8064,卖盘
1683,13:09:03,11.53,--,1,1153,买盘
1684,13:08:57,11.53,--,7,8071,买盘
1685,13:08:54,11.53,--,72,83016,买盘
1686,13:08:39,11.53,0.01,18,20754,买盘
1687,13:08:36,11.52,-0.01,80,92160,卖盘
1688,13:08:30,11.53,--,17,19601,买盘
1689,13:08:24,11.53,0.01,9,10377,买盘
1690,13:08:18,11.52,--,118,135936,卖盘
1691,13:08:15,11.52,--,46,52992,卖盘
1692,13:08:09,11.52,-0.01,147,169735,卖盘
1693,13:08:06,11.53,0.01,55,63415,买盘
1694,13:08:03,11.52,--,11,12672,卖盘
1695,13:08:00,11.52,-0.01,10,11520,卖盘
1696,13:07:51,11.53,0.01,10,11530,买盘
1697,13:07:48,11.52,--,40,46080,卖盘
1698,13:07:42,11.52,--,56,64512,卖盘
1699,13:07:33,11.52,-0.01,2,2304,卖盘
1700,13:07:30,11.53,0.01,12,13836,买盘
1701,13:07:27,11.52,-0.01,30,34560,卖盘
1702,13:07:24,11.53,--,66,76098,买盘
1703,13:07:18,11.53,--,5,5765,买盘
1704,13:07:15,11.53,0.01,2,2306,买盘
1705,13:07:09,11.52,--,9,10368,卖盘
1706,13:07:03,11.52,-0.01,2010,2315520,卖盘
1707,13:06:57,11.53,--,19,21907,卖盘
1708,13:06:51,11.53,--,4,5568,买盘
1709,13:06:48,11.53,0.01,46,53038,买盘
1710,13:06:45,11.52,-0.01,130,149760,卖盘
1711,13:06:42,11.53,--,10,11530,买盘
1712,13:06:36,11.53,-0.01,947,1092087,卖盘
1713,13:06:33,11.54,--,51,58853,买盘
1714,13:06:30,11.54,--,11,12693,买盘
1715,13:06:27,11.54,0.01,5,5770,买盘
1716,13:06:18,11.53,--,12,13836,卖盘
1717,13:06:15,11.53,-0.01,1,1153,卖盘
1718,13:06:06,11.54,--,13,15001,买盘
1719,13:06:03,11.54,--,37,42698,买盘
1720,13:06:00,11.54,0.01,476,549304,买盘
1721,13:05:54,11.53,-0.01,35,40355,卖盘
1722,13:05:48,11.54,0.01,26,30003,买盘
1723,13:05:45,11.53,--,21,24213,卖盘
1724,13:05:39,11.53,--,10,11530,卖盘
1725,13:05:36,11.53,-0.01,27,31131,卖盘
1726,13:05:24,11.54,--,22,25387,买盘
1727,13:05:21,11.54,--,32,36928,买盘
1728,13:05:18,11.54,--,12,13847,买盘
1729,13:05:15,11.54,0.01,4,4616,买盘
1730,13:05:06,11.53,-0.01,51,58803,卖盘
1731,13:05:03,11.54,--,17,19618,买盘
1732,13:05:00,11.54,--,7,8077,买盘
1733,13:04:54,11.54,--,14,16155,买盘
1734,13:04:51,11.54,--,73,84242,买盘
1735,13:04:39,11.54,0.01,8,9232,买盘
1736,13:04:36,11.53,-0.01,3,3459,卖盘
1737,13:04:21,11.54,--,12,13847,买盘
1738,13:04:18,11.54,--,219,253072,卖盘
1739,13:04:06,11.54,--,7,8077,卖盘
1740,13:04:03,11.54,--,1,1154,卖盘
1741,13:03:57,11.54,--,50,57699,卖盘
1742,13:03:48,11.54,--,14,16963,卖盘
1743,13:03:45,11.54,-0.01,10,11540,卖盘
1744,13:03:39,11.55,0.01,24,27720,买盘
1745,13:03:30,11.54,--,1,1154,卖盘
1746,13:03:27,11.54,0.01,45,51929,中性盘
1747,13:03:21,11.53,-0.02,4,4612,卖盘
1748,13:03:09,11.55,0.01,100,115500,买盘
1749,13:03:06,11.54,--,3,3877,卖盘
1750,13:03:03,11.54,--,5,5770,卖盘
1751,13:03:00,11.54,0.01,0,738,买盘
1752,13:02:57,11.53,-0.01,17,19601,卖盘
1753,13:02:54,11.54,--,66,76164,买盘
1754,13:02:45,11.54,-0.01,3,3461,中性盘
1755,13:02:27,11.55,--,82,94710,买盘
1756,13:02:24,11.55,0.02,7,8085,买盘
1757,13:02:21,11.53,--,10,11530,卖盘
1758,13:02:12,11.53,-0.01,1000,1153000,卖盘
1759,13:02:06,11.54,--,24,27695,卖盘
1760,13:02:03,11.54,--,194,224026,买盘
1761,13:01:51,11.54,0.01,1,1154,买盘
1762,13:01:48,11.53,-0.01,2,2306,卖盘
1763,13:01:42,11.54,--,15,17310,买盘
1764,13:01:39,11.54,--,33,38082,买盘
1765,13:01:36,11.54,--,7,8077,买盘
1766,13:01:33,11.54,0.01,7,8077,买盘
1767,13:01:30,11.53,-0.01,32,37703,卖盘
1768,13:01:21,11.54,0.01,4,4616,买盘
1769,13:01:12,11.53,--,9,10377,卖盘
1770,13:01:06,11.53,--,1,1153,卖盘
1771,13:01:03,11.53,-0.01,2,2306,卖盘
1772,13:01:00,11.54,--,21,24234,买盘
1773,13:00:57,11.54,--,3,3461,买盘
1774,13:00:51,11.54,--,18,20772,买盘
1775,13:00:48,11.54,--,844,973975,买盘
1776,13:00:36,11.54,--,10,11540,买盘
1777,13:00:33,11.54,0.01,7,8077,买盘
1778,13:00:27,11.53,--,3,3459,卖盘
1779,13:00:21,11.53,--,7,8071,卖盘
1780,13:00:15,11.53,--,2,2306,卖盘
1781,13:00:12,11.53,-0.01,4,4612,卖盘
1782,13:00:09,11.54,0.01,9,10386,买盘
1783,13:00:06,11.53,--,213,245589,卖盘
1784,13:00:03,11.53,--,882,1016946,卖盘
1785,13:00:00,11.53,--,0,0,卖盘
1786,11:30:00,11.53,--,1,1153,卖盘
1787,11:29:51,11.53,-0.01,3,3459,卖盘
1788,11:29:48,11.54,--,5,5770,买盘
1789,11:29:36,11.54,--,10,11540,买盘
1790,11:29:24,11.54,--,13,15001,买盘
1791,11:29:12,11.54,0.01,5,5770,买盘
1792,11:29:09,11.53,-0.01,37,42661,卖盘
1793,11:29:06,11.54,--,9,10386,买盘
1794,11:29:03,11.54,--,1,1154,买盘
1795,11:29:00,11.54,--,46,53083,买盘
1796,11:28:45,11.54,0.01,102,117707,买盘
1797,11:28:42,11.53,--,5,5765,卖盘
1798,11:28:39,11.53,--,6,6918,卖盘
1799,11:28:36,11.53,--,221,254813,卖盘
1800,11:28:21,11.53,--,47,54191,卖盘
1801,11:28:18,11.53,-0.01,46,53038,卖盘
1802,11:28:12,11.54,--,10,11540,买盘
1803,11:28:09,11.54,0.01,55,63469,买盘
1804,11:28:06,11.53,-0.01,11,12729,卖盘
1805,11:27:51,11.54,0.01,13,15001,买盘
1806,11:27:48,11.53,--,4,4612,卖盘
1807,11:27:45,11.53,--,10,11530,卖盘
1808,11:27:42,11.53,--,12,13836,卖盘
1809,11:27:39,11.53,-0.01,11,12683,卖盘
1810,11:27:36,11.54,0.01,1,1154,买盘
1811,11:27:27,11.53,-0.01,22,25366,卖盘
1812,11:27:21,11.54,0.01,6,6923,买盘
1813,11:27:09,11.53,-0.01,5,5765,卖盘
1814,11:27:06,11.54,0.01,1,1154,买盘
1815,11:27:03,11.53,--,1,1153,卖盘
1816,11:26:57,11.53,-0.01,1,1153,卖盘
1817,11:26:54,11.54,0.01,187,215797,买盘
1818,11:26:51,11.53,--,1002,1155306,卖盘
1819,11:26:48,11.53,--,30,34590,卖盘
1820,11:26:45,11.53,-0.01,109,125677,卖盘
1821,11:26:39,11.54,--,50,57699,买盘
1822,11:26:36,11.54,0.01,17,19618,买盘
1823,11:26:33,11.53,--,4,4612,卖盘
1824,11:26:30,11.53,-0.01,92,106076,卖盘
1825,11:26:27,11.54,0.01,22,25387,买盘
1826,11:26:24,11.53,--,2,2306,卖盘
1827,11:26:21,11.53,--,66,76098,卖盘
1828,11:26:15,11.53,-0.01,10,11530,卖盘
1829,11:26:09,11.54,--,805,928969,买盘
1830,11:26:06,11.54,--,1,1154,买盘
1831,11:26:03,11.54,0.01,18,20772,买盘
1832,11:26:00,11.53,--,1,1153,卖盘
1833,11:25:57,11.53,--,14,16142,卖盘
1834,11:25:54,11.53,-0.01,18,20754,卖盘
1835,11:25:51,11.54,--,2,2308,买盘
1836,11:25:48,11.54,--,5,5770,买盘
1837,11:25:45,11.54,--,23,26541,买盘
1838,11:25:36,11.54,0.01,54,62315,买盘
1839,11:25:33,11.53,--,92,106076,卖盘
1840,11:25:30,11.53,-0.01,7,8071,卖盘
1841,11:25:24,11.54,--,10,11540,买盘
1842,11:25:21,11.54,--,2,2308,买盘
1843,11:25:18,11.54,--,3,3461,买盘
1844,11:25:15,11.54,--,5,5770,买盘
1845,11:25:12,11.54,--,40,46160,买盘
1846,11:25:09,11.54,--,8,9232,买盘
1847,11:25:06,11.54,0.01,2,2308,买盘
1848,11:25:03,11.53,-0.01,47,54191,卖盘
1849,11:25:00,11.54,0.01,25,28849,买盘
1850,11:24:54,11.53,-0.01,503,579959,卖盘
1851,11:24:51,11.54,--,2,2308,买盘
1852,11:24:48,11.54,0.01,15,17310,买盘
1853,11:24:45,11.53,-0.01,26,29978,卖盘
1854,11:24:42,11.54,--,40,46160,买盘
1855,11:24:36,11.54,0.01,2,2308,买盘
1856,11:24:33,11.53,--,1,1153,卖盘
1857,11:24:30,11.53,--,11,12683,卖盘
1858,11:24:24,11.53,-0.01,23,26519,卖盘
1859,11:24:21,11.54,--,2,2308,买盘
1860,11:24:12,11.54,0.01,4,4616,买盘
1861,11:24:06,11.53,-0.01,31,35743,卖盘
1862,11:24:00,11.54,--,7,8077,买盘
1863,11:23:51,11.54,0.01,370,426979,买盘
1864,11:23:48,11.53,--,15,17295,卖盘
1865,11:23:39,11.53,-0.01,7,8071,卖盘
1866,11:23:36,11.54,--,1,1154,买盘
1867,11:23:30,11.54,--,20,23080,买盘
1868,11:23:24,11.54,--,25,28849,买盘
1869,11:23:21,11.54,--,2,2308,买盘
1870,11:23:18,11.54,--,5,5770,买盘
1871,11:23:09,11.54,--,35,40390,买盘
1872,11:23:06,11.54,0.01,21,24234,买盘
1873,11:23:03,11.53,--,8,9224,卖盘
1874,11:23:00,11.53,-0.01,1,1153,卖盘
1875,11:22:57,11.54,--,10,11540,买盘
1876,11:22:54,11.54,--,56,64623,买盘
1877,11:22:51,11.54,0.01,2,2308,买盘
1878,11:22:48,11.53,-0.01,10,11530,卖盘
1879,11:22:45,11.54,0.01,50,57699,买盘
1880,11:22:42,11.53,--,147,169491,卖盘
1881,11:22:36,11.53,--,17,19601,卖盘
1882,11:22:33,11.53,--,12,13836,卖盘
1883,11:22:30,11.53,-0.01,10,11530,卖盘
1884,11:22:24,11.54,0.01,3,3461,买盘
1885,11:22:21,11.53,--,12,13836,卖盘
1886,11:22:18,11.53,-0.01,261,300933,卖盘
1887,11:22:15,11.54,0.01,7,8077,买盘
1888,11:22:12,11.53,--,5,5765,卖盘
1889,11:22:09,11.53,--,66,76098,卖盘
1890,11:22:06,11.53,--,107,123371,卖盘
1891,11:22:03,11.53,--,2,2306,卖盘
1892,11:22:00,11.53,--,44,50732,卖盘
1893,11:21:57,11.53,-0.01,18,20754,卖盘
1894,11:21:51,11.54,0.01,2,2308,买盘
1895,11:21:45,11.53,--,10,11530,卖盘
1896,11:21:42,11.53,--,27,31592,卖盘
1897,11:21:36,11.53,-0.01,8,9224,卖盘
1898,11:21:30,11.54,0.01,5,5770,买盘
1899,11:21:27,11.53,-0.01,10,11530,卖盘
1900,11:21:21,11.54,0.01,2,2308,买盘
1901,11:21:15,11.53,--,7,8878,卖盘
1902,11:21:12,11.53,-0.01,1,1153,卖盘
1903,11:21:09,11.54,--,3,3461,买盘
1904,11:21:06,11.54,--,11,12693,买盘
1905,11:21:00,11.54,--,32,36928,买盘
1906,11:20:51,11.54,--,2,2308,买盘
1907,11:20:48,11.54,0.01,26,30003,买盘
1908,11:20:39,11.53,-0.01,1,1153,卖盘
1909,11:20:36,11.54,0.01,1,1154,买盘
1910,11:20:27,11.53,-0.01,17,19601,卖盘
1911,11:20:24,11.54,0.01,3,3461,买盘
1912,11:20:21,11.53,--,12,13836,卖盘
1913,11:20:09,11.53,-0.01,15,17295,卖盘
1914,11:20:06,11.54,0.01,1,1154,买盘
1915,11:20:03,11.53,--,3,3459,卖盘
1916,11:20:00,11.53,--,16,18448,卖盘
1917,11:19:51,11.53,-0.01,7,8071,卖盘
1918,11:19:48,11.54,0.01,15,17310,买盘
1919,11:19:42,11.53,-0.01,1,1153,卖盘
1920,11:19:39,11.54,--,100,115399,买盘
1921,11:19:36,11.54,0.01,2,2308,买盘
1922,11:19:33,11.53,-0.01,23,26519,卖盘
1923,11:19:30,11.54,0.01,11,12693,买盘
1924,11:19:27,11.53,--,295,340135,卖盘
1925,11:19:21,11.53,--,4,4612,卖盘
1926,11:19:12,11.53,--,10,11530,卖盘
1927,11:19:09,11.53,--,11,12683,卖盘
1928,11:19:03,11.53,--,1,1153,卖盘
1929,11:19:00,11.53,--,10,11530,卖盘
1930,11:18:51,11.53,--,109,125677,卖盘
1931,11:18:48,11.53,-0.01,34,39202,卖盘
1932,11:18:42,11.54,0.01,13,15001,买盘
1933,11:18:30,11.53,--,60,69180,卖盘
1934,11:18:27,11.53,--,1,1153,卖盘
1935,11:18:24,11.53,--,13,14989,卖盘
1936,11:18:18,11.53,-0.01,21,24213,卖盘
1937,11:18:15,11.54,0.01,22,25387,买盘
1938,11:18:12,11.53,-0.01,23,26519,卖盘
1939,11:18:09,11.54,0.01,5,5770,买盘
1940,11:18:06,11.53,-0.01,5,5891,卖盘
1941,11:18:03,11.54,--,1,1154,买盘
1942,11:18:00,11.54,0.01,20,23080,买盘
1943,11:17:54,11.53,--,8,9224,卖盘
1944,11:17:48,11.53,-0.01,10,11530,卖盘
1945,11:17:45,11.54,-0.01,911,1051455,卖盘
1946,11:17:42,11.55,--,10,11550,买盘
1947,11:17:39,11.55,0.01,9,10395,买盘
1948,11:17:36,11.54,--,20,23080,卖盘
1949,11:17:27,11.54,--,10,11540,卖盘
1950,11:17:24,11.54,-0.01,100,115399,卖盘
1951,11:17:21,11.55,--,8,9240,买盘
1952,11:17:18,11.55,--,5,5775,买盘
1953,11:17:15,11.55,--,10,11550,买盘
1954,11:17:12,11.55,0.01,6,6930,买盘
1955,11:17:09,11.54,-0.01,6,6923,卖盘
1956,11:17:06,11.55,--,36,41580,买盘
1957,11:17:03,11.55,0.01,7,8085,买盘
1958,11:16:57,11.54,-0.01,54,62315,卖盘
1959,11:16:51,11.55,0.01,2,2310,买盘
1960,11:16:42,11.54,-0.01,106,122323,卖盘
1961,11:16:39,11.55,--,7,8085,买盘
1962,11:16:36,11.55,0.01,2,2310,买盘
1963,11:16:30,11.54,--,9,10386,卖盘
1964,11:16:27,11.54,-0.01,16,18464,卖盘
1965,11:16:21,11.55,0.01,1,1155,买盘
1966,11:16:15,11.54,--,10,11540,卖盘
1967,11:16:12,11.54,-0.01,10,11540,卖盘
1968,11:16:09,11.55,--,50,57750,买盘
1969,11:16:06,11.55,0.01,91,105105,买盘
1970,11:16:03,11.54,--,1,1154,卖盘
1971,11:16:00,11.54,-0.01,8,9232,卖盘
1972,11:15:57,11.55,0.01,50,57750,买盘
1973,11:15:51,11.54,--,3,3461,卖盘
1974,11:15:36,11.54,--,45,51929,卖盘
1975,11:15:33,11.54,--,63,72702,卖盘
1976,11:15:27,11.54,--,1,1154,卖盘
1977,11:15:21,11.54,-0.01,143,165829,卖盘
1978,11:15:18,11.55,0.01,19,21945,买盘
1979,11:15:15,11.54,-0.01,4,4616,卖盘
1980,11:15:12,11.55,0.01,33,38115,买盘
1981,11:15:09,11.54,--,12,14609,卖盘
1982,11:15:06,11.54,--,8,9232,卖盘
1983,11:15:03,11.54,--,34,39236,卖盘
1984,11:15:00,11.54,-0.01,7,8077,卖盘
1985,11:14:54,11.55,--,21,24255,买盘
1986,11:14:48,11.55,0.01,12,13860,买盘
1987,11:14:45,11.54,--,7,8839,卖盘
1988,11:14:42,11.54,--,110,126939,卖盘
1989,11:14:39,11.54,-0.01,28,32311,卖盘
1990,11:14:36,11.55,0.01,7,8085,买盘
1991,11:14:33,11.54,--,58,67866,卖盘
1992,11:14:30,11.54,--,34,39236,卖盘
1993,11:14:27,11.54,--,31,35774,卖盘
1994,11:14:24,11.54,-0.01,96,110783,卖盘
1995,11:14:21,11.55,0.01,34,39270,买盘
1996,11:14:18,11.54,--,8,9232,卖盘
1997,11:14:12,11.54,-0.01,6,6923,卖盘
1998,11:14:09,11.55,0.01,20,23100,买盘
1999,11:14:06,11.54,--,32,36928,卖盘
2000,11:14:03,11.54,--,2,2308,卖盘
2001,11:14:00,11.54,-0.01,8,9232,卖盘
2002,11:13:51,11.55,0.01,40,46200,买盘
2003,11:13:48,11.54,--,19,22076,卖盘
2004,11:13:45,11.54,--,31,35774,卖盘
2005,11:13:42,11.54,-0.01,8,9232,卖盘
2006,11:13:30,11.55,--,183,211365,买盘
2007,11:13:27,11.55,0.01,37,42735,买盘
2008,11:13:24,11.54,-0.01,44,50775,卖盘
2009,11:13:21,11.55,0.01,11,12705,买盘
2010,11:13:18,11.54,-0.01,32,36928,卖盘
2011,11:13:12,11.55,0.01,15,17325,买盘
2012,11:13:09,11.54,-0.01,9,10386,卖盘
2013,11:13:06,11.55,0.01,100,115500,买盘
2014,11:13:03,11.54,--,2,2308,卖盘
2015,11:13:00,11.54,-0.01,22,25387,卖盘
2016,11:12:57,11.55,--,7,8743,买盘
2017,11:12:54,11.55,0.01,105,121275,买盘
2018,11:12:48,11.54,--,110,126939,卖盘
2019,11:12:45,11.54,-0.01,10,11540,卖盘
2020,11:12:42,11.55,--,30,34650,买盘
2021,11:12:36,11.55,--,9,10395,买盘
2022,11:12:30,11.55,--,50,57750,买盘
2023,11:12:27,11.55,0.01,16,18480,买盘
2024,11:12:24,11.54,--,60,69240,卖盘
2025,11:12:21,11.54,-0.01,87,100397,卖盘
2026,11:12:18,11.55,--,16,18480,买盘
2027,11:12:12,11.55,0.01,10,11550,买盘
2028,11:12:06,11.54,-0.01,60,69240,卖盘
2029,11:11:57,11.55,0.01,18,20790,买盘
2030,11:11:54,11.54,--,16,18464,卖盘
2031,11:11:42,11.54,-0.01,150,173100,卖盘
2032,11:11:39,11.55,--,143,165165,买盘
2033,11:11:36,11.55,--,6,6930,买盘
2034,11:11:33,11.55,--,67,77385,买盘
2035,11:11:30,11.55,--,430,496881,卖盘
2036,11:11:12,11.55,-0.01,6,6930,卖盘
2037,11:11:09,11.56,0.02,625,723424,买盘
2038,11:11:06,11.54,-0.01,144,166176,卖盘
2039,11:11:03,11.55,0.01,7,8085,买盘
2040,11:11:00,11.54,-0.01,1,1154,卖盘
2041,11:10:57,11.55,--,100,115500,买盘
2042,11:10:54,11.55,--,2,2310,买盘
2043,11:10:51,11.55,0.01,12,13860,买盘
2044,11:10:48,11.54,-0.01,11,12693,卖盘
2045,11:10:39,11.55,--,3,3465,买盘
2046,11:10:36,11.55,0.01,1,1155,买盘
2047,11:10:33,11.54,-0.01,10,11540,卖盘
2048,11:10:27,11.55,0.01,1,1155,买盘
2049,11:10:24,11.54,-0.01,106,122323,卖盘
2050,11:10:15,11.55,--,17,19635,买盘
2051,11:10:12,11.55,0.01,18,20790,买盘
2052,11:10:09,11.54,--,6,6923,卖盘
2053,11:10:03,11.54,--,32,36928,卖盘
2054,11:10:00,11.54,-0.01,8,9232,卖盘
2055,11:09:48,11.55,--,5,5775,买盘
2056,11:09:45,11.55,--,144,166320,买盘
2057,11:09:42,11.55,0.01,6,6930,买盘
2058,11:09:39,11.54,-0.01,32,36928,卖盘
2059,11:09:36,11.55,0.01,1,1155,买盘
2060,11:09:27,11.54,-0.01,230,265420,卖盘
2061,11:09:24,11.55,--,10,11550,买盘
2062,11:09:15,11.55,0.01,45,51975,买盘
2063,11:09:09,11.54,--,110,126939,卖盘
2064,11:09:03,11.54,--,15,17310,卖盘
2065,11:08:57,11.54,--,76,87704,卖盘
2066,11:08:54,11.54,--,2,2308,卖盘
2067,11:08:42,11.54,--,17,19618,卖盘
2068,11:08:39,11.54,-0.01,30,34620,卖盘
2069,11:08:36,11.55,0.01,100,115500,买盘
2070,11:08:33,11.54,--,163,188102,卖盘
2071,11:08:27,11.54,--,5,5770,卖盘
2072,11:08:24,11.54,-0.01,1,1154,卖盘
2073,11:08:18,11.55,--,7,8085,买盘
2074,11:08:15,11.55,--,2,2310,买盘
2075,11:08:12,11.55,--,7,8085,买盘
2076,11:08:09,11.55,--,5,5775,买盘
2077,11:08:03,11.55,0.01,141,162855,买盘
2078,11:08:00,11.54,--,3,3461,卖盘
2079,11:07:54,11.54,--,6,6923,卖盘
2080,11:07:51,11.54,--,5,5770,卖盘
2081,11:07:48,11.54,-0.01,4,4616,卖盘
2082,11:07:45,11.55,--,109,125895,买盘
2083,11:07:42,11.55,--,48,55440,买盘
2084,11:07:18,11.55,--,5,5775,买盘
2085,11:07:15,11.55,0.01,10,11550,买盘
2086,11:07:12,11.54,-0.01,17,19618,卖盘
2087,11:07:06,11.55,--,21,24255,买盘
2088,11:07:03,11.55,--,6,6930,买盘
2089,11:06:57,11.55,--,6,6930,买盘
2090,11:06:54,11.55,--,11,12705,买盘
2091,11:06:48,11.55,--,5,5775,买盘
2092,11:06:36,11.55,0.01,1,1155,买盘
2093,11:06:33,11.54,--,670,774103,卖盘
2094,11:06:30,11.54,-0.01,7,8077,卖盘
2095,11:06:21,11.55,0.01,5,5775,买盘
2096,11:06:18,11.54,--,15,17310,卖盘
2097,11:06:12,11.54,-0.01,73,84242,卖盘
2098,11:06:00,11.55,--,510,589050,买盘
2099,11:05:54,11.55,--,15,17325,买盘
2100,11:05:51,11.55,0.01,10,11550,买盘
2101,11:05:48,11.54,--,37,42698,卖盘
2102,11:05:42,11.54,-0.01,23,26541,卖盘
2103,11:05:39,11.55,--,77,88935,买盘
2104,11:05:36,11.55,--,34,39270,买盘
2105,11:05:33,11.55,0.01,6,6930,买盘
2106,11:05:30,11.54,-0.01,100,115399,卖盘
2107,11:05:27,11.55,--,57,66447,买盘
2108,11:05:24,11.55,--,3,3465,买盘
2109,11:05:21,11.55,0.01,13,15015,买盘
2110,11:05:18,11.54,-0.01,5,5770,卖盘
2111,11:05:12,11.55,--,7,8085,买盘
2112,11:05:09,11.55,--,10,11550,买盘
2113,11:05:06,11.55,--,7,8085,买盘
2114,11:05:03,11.55,--,20,23100,买盘
2115,11:04:57,11.55,--,2,2310,买盘
2116,11:04:54,11.55,--,5,5775,买盘
2117,11:04:51,11.55,--,9,10395,买盘
2118,11:04:48,11.55,--,12,13860,买盘
2119,11:04:42,11.55,--,20,23100,买盘
2120,11:04:36,11.55,--,1,1155,买盘
2121,11:04:30,11.55,--,34,39270,买盘
2122,11:04:27,11.55,0.01,65,75075,买盘
2123,11:04:12,11.54,-0.01,18,20772,卖盘
2124,11:04:09,11.55,0.01,17,19635,买盘
2125,11:04:06,11.54,--,3,3461,卖盘
2126,11:04:03,11.54,--,4,4616,卖盘
2127,11:04:00,11.54,-0.01,6,6923,卖盘
2128,11:03:51,11.55,0.01,5,5775,买盘
2129,11:03:48,11.54,--,36,41544,卖盘
2130,11:03:45,11.54,--,6,6923,卖盘
2131,11:03:42,11.54,-0.01,70,80780,卖盘
2132,11:03:39,11.55,0.01,18,20790,买盘
2133,11:03:36,11.54,-0.01,9,10386,卖盘
2134,11:03:33,11.55,0.01,65,75075,买盘
2135,11:03:30,11.54,--,23,26541,卖盘
2136,11:03:27,11.54,--,180,207719,卖盘
2137,11:03:24,11.54,-0.01,200,230799,卖盘
2138,11:03:21,11.55,0.01,27,31185,买盘
2139,11:03:18,11.54,--,130,150020,卖盘
2140,11:03:12,11.54,--,1,1154,卖盘
2141,11:03:09,11.54,-0.01,184,212335,卖盘
2142,11:03:06,11.55,--,1,1155,买盘
2143,11:02:57,11.55,0.01,10,11550,买盘
2144,11:02:54,11.54,-0.01,17,19618,卖盘
2145,11:02:51,11.55,--,1,1155,买盘
2146,11:02:48,11.55,0.01,39,45045,买盘
2147,11:02:42,11.54,-0.01,6,6923,卖盘
2148,11:02:39,11.55,0.01,20,23100,买盘
2149,11:02:36,11.54,--,100,115399,卖盘
2150,11:02:33,11.54,-0.01,11,12693,卖盘
2151,11:02:30,11.55,0.01,9,10395,买盘
2152,11:02:27,11.54,--,9,10386,卖盘
2153,11:02:24,11.54,-0.01,17,19618,卖盘
2154,11:02:21,11.55,--,1,1155,买盘
2155,11:02:12,11.55,0.01,100,115500,买盘
2156,11:02:06,11.54,--,13,15001,卖盘
2157,11:02:03,11.54,--,140,161560,卖盘
2158,11:01:54,11.54,--,71,81934,卖盘
2159,11:01:51,11.54,--,18,20772,卖盘
2160,11:01:48,11.54,--,20,23080,卖盘
2161,11:01:36,11.54,-0.01,39,45006,卖盘
2162,11:01:27,11.55,0.01,6,6930,买盘
2163,11:01:24,11.54,-0.01,6,6923,卖盘
2164,11:01:21,11.55,0.01,474,547470,买盘
2165,11:01:18,11.54,0.01,3,3461,买盘
2166,11:01:12,11.53,--,20,23060,卖盘
2167,11:01:09,11.53,-0.01,5,5765,卖盘
2168,11:01:06,11.54,0.01,1,1154,买盘
2169,11:01:03,11.53,--,1,1153,卖盘
2170,11:00:54,11.53,-0.01,10,11530,卖盘
2171,11:00:51,11.54,0.01,12,13847,买盘
2172,11:00:39,11.53,--,4,4612,卖盘
2173,11:00:36,11.53,-0.01,39,44967,卖盘
2174,11:00:33,11.54,0.01,3,3461,买盘
2175,11:00:30,11.53,--,17,19601,卖盘
2176,11:00:27,11.53,-0.01,16,18448,卖盘
2177,11:00:21,11.54,--,7,8077,买盘
2178,11:00:15,11.54,--,27,31157,买盘
2179,11:00:06,11.54,0.01,6,6923,买盘
2180,11:00:03,11.53,--,134,154502,卖盘
2181,10:59:57,11.53,--,10,11530,卖盘
2182,10:59:54,11.53,--,56,64568,卖盘
2183,10:59:51,11.53,-0.01,7,8071,卖盘
2184,10:59:48,11.54,0.01,28,32311,买盘
2185,10:59:45,11.53,--,20,23060,卖盘
2186,10:59:39,11.53,-0.01,15,17295,卖盘
2187,10:59:36,11.54,--,1,1154,买盘
2188,10:59:33,11.54,0.01,8,9232,买盘
2189,10:59:30,11.53,--,5,5765,卖盘
2190,10:59:24,11.53,-0.01,1,1153,卖盘
2191,10:59:21,11.54,--,92,106167,买盘
2192,10:59:12,11.54,0.01,69,79626,买盘
2193,10:59:09,11.53,-0.01,10,11530,卖盘
2194,10:59:06,11.54,0.01,1,1154,买盘
2195,10:59:03,11.53,--,25,28825,卖盘
2196,10:59:00,11.53,-0.01,1,1153,卖盘
2197,10:58:57,11.54,--,6,6923,买盘
2198,10:58:51,11.54,--,2,2308,买盘
2199,10:58:48,11.54,0.01,5,5770,买盘
2200,10:58:39,11.53,--,1,1153,卖盘
2201,10:58:36,11.53,--,17,19601,卖盘
2202,10:58:30,11.53,--,11,12683,卖盘
2203,10:58:27,11.53,--,10,11530,卖盘
2204,10:58:21,11.53,-0.01,3,3459,卖盘
2205,10:58:18,11.54,--,76,87704,买盘
2206,10:58:15,11.54,--,4,4616,买盘
2207,10:58:06,11.54,0.01,1,1154,买盘
2208,10:58:03,11.53,--,2,2306,卖盘
2209,10:58:00,11.53,-0.01,1,1153,卖盘
2210,10:57:57,11.54,--,153,176562,卖盘
2211,10:57:54,11.54,--,33,38082,卖盘
2212,10:57:45,11.54,--,3,3461,卖盘
2213,10:57:42,11.54,--,91,105013,卖盘
2214,10:57:36,11.54,--,26,30003,卖盘
2215,10:57:33,11.54,--,1,1154,卖盘
2216,10:57:30,11.54,--,10,11540,卖盘
2217,10:57:27,11.54,0.01,633,730482,买盘
2218,10:57:24,11.53,--,5,5765,卖盘
2219,10:57:21,11.53,--,64,73792,卖盘
2220,10:57:15,11.53,-0.01,1,1153,卖盘
2221,10:57:12,11.54,--,208,240031,买盘
2222,10:57:06,11.54,0.01,6,6923,买盘
2223,10:57:03,11.53,--,8,9224,卖盘
2224,10:57:00,11.53,-0.01,1,1153,卖盘
2225,10:56:54,11.54,--,27,31157,买盘
2226,10:56:51,11.54,0.01,2,2308,买盘
2227,10:56:48,11.53,-0.01,5,5765,卖盘
2228,10:56:42,11.54,0.01,3,3461,买盘
2229,10:56:39,11.53,-0.01,156,179868,卖盘
2230,10:56:36,11.54,0.01,2,2308,买盘
2231,10:56:33,11.53,-0.01,10,11530,卖盘
2232,10:56:27,11.54,0.01,8,9232,买盘
2233,10:56:24,11.53,-0.01,11,12683,卖盘
2234,10:56:21,11.54,0.01,106,122323,买盘
2235,10:56:18,11.53,--,234,269802,卖盘
2236,10:56:12,11.53,-0.01,8,9224,卖盘
2237,10:56:09,11.54,0.01,14,16155,买盘
2238,10:56:06,11.53,--,10,11530,卖盘
2239,10:56:03,11.53,--,1,1153,卖盘
2240,10:56:00,11.53,--,31,35743,卖盘
2241,10:55:57,11.53,--,3,3459,卖盘
2242,10:55:54,11.53,-0.01,51,58803,卖盘
2243,10:55:51,11.54,0.01,7,8077,买盘
2244,10:55:48,11.53,-0.01,95,110480,卖盘
2245,10:55:45,11.54,0.01,145,167537,买盘
2246,10:55:42,11.53,--,2,2306,卖盘
2247,10:55:39,11.53,-0.02,726,838023,卖盘
2248,10:55:36,11.55,0.01,73,84315,买盘
2249,10:55:33,11.54,--,196,226183,卖盘
2250,10:55:30,11.54,-0.01,9,10386,卖盘
2251,10:55:27,11.55,--,1114,1286670,买盘
2252,10:55:24,11.55,0.01,11,12705,买盘
2253,10:55:21,11.54,--,21,24234,卖盘
2254,10:55:18,11.54,-0.01,54,62315,卖盘
2255,10:55:15,11.55,0.01,200,231000,买盘
2256,10:55:12,11.54,--,100,115399,卖盘
2257,10:55:09,11.54,-0.01,10,11540,卖盘
2258,10:55:06,11.55,0.01,1,1155,买盘
2259,10:55:03,11.54,--,7,8077,卖盘
2260,10:55:00,11.54,-0.01,13,15001,卖盘
2261,10:54:57,11.55,0.01,2,2310,买盘
2262,10:54:54,11.54,--,10,11540,卖盘
2263,10:54:51,11.54,--,9,10386,卖盘
2264,10:54:48,11.54,-0.01,10,11540,卖盘
2265,10:54:45,11.55,--,200,231000,买盘
2266,10:54:39,11.55,0.01,6,6930,买盘
2267,10:54:36,11.54,-0.01,137,158098,卖盘
2268,10:54:33,11.55,0.01,1,1155,买盘
2269,10:54:30,11.54,--,10,11540,卖盘
2270,10:54:27,11.54,-0.01,46,53083,卖盘
2271,10:54:21,11.55,--,17,19635,买盘
2272,10:54:09,11.55,--,102,117810,买盘
2273,10:54:06,11.55,--,1,1155,买盘
2274,10:54:03,11.55,--,1,1155,买盘
2275,10:53:57,11.55,--,10,11550,买盘
2276,10:53:54,11.55,--,23,26565,买盘
2277,10:53:51,11.55,0.01,102,117810,买盘
2278,10:53:48,11.54,-0.01,3,3461,卖盘
2279,10:53:45,11.55,0.01,37,42735,买盘
2280,10:53:42,11.54,-0.01,138,159252,卖盘
2281,10:53:36,11.55,--,28,32340,买盘
2282,10:53:33,11.55,--,100,115500,买盘
2283,10:53:27,11.55,--,15,17325,买盘
2284,10:53:24,11.55,--,11,12705,买盘
2285,10:53:21,11.55,0.01,26,30030,买盘
2286,10:53:15,11.54,--,57,65778,卖盘
2287,10:53:12,11.54,-0.01,39,45006,卖盘
2288,10:53:06,11.55,--,2,2310,买盘
2289,10:53:03,11.55,--,37,42735,买盘
2290,10:53:00,11.55,--,161,185955,买盘
2291,10:52:51,11.55,--,2,2310,买盘
2292,10:52:42,11.55,0.01,40,46200,买盘
2293,10:52:36,11.54,--,131,151174,卖盘
2294,10:52:33,11.54,-0.01,900,1038599,卖盘
2295,10:52:30,11.55,--,94,108570,买盘
2296,10:52:27,11.55,--,20,23100,买盘
2297,10:52:24,11.55,--,20,23100,买盘
2298,10:52:21,11.55,--,8,9240,买盘
2299,10:52:18,11.55,--,27,31185,买盘
2300,10:52:15,11.55,--,33,38115,买盘
2301,10:52:06,11.55,--,21,24255,买盘
2302,10:52:03,11.55,--,28,32340,买盘
2303,10:52:00,11.55,0.01,72,83160,买盘
2304,10:51:57,11.54,-0.01,6,6923,卖盘
2305,10:51:51,11.55,0.01,2,2310,买盘
2306,10:51:39,11.54,--,21,24234,卖盘
2307,10:51:36,11.54,--,5,5770,卖盘
2308,10:51:33,11.54,--,130,150020,卖盘
2309,10:51:27,11.54,--,6,6923,卖盘
2310,10:51:24,11.54,-0.01,22,25387,卖盘
2311,10:51:21,11.55,0.01,31,35805,买盘
2312,10:51:09,11.54,--,44,50775,卖盘
2313,10:51:06,11.54,--,1,1154,卖盘
2314,10:51:03,11.54,0.01,1534,1770443,买盘
2315,10:51:00,11.53,--,51,58803,卖盘
2316,10:50:57,11.53,--,10,11530,卖盘
2317,10:50:54,11.53,--,13,14989,卖盘
2318,10:50:51,11.53,-0.01,132,152196,卖盘
2319,10:50:48,11.54,0.01,33,38082,买盘
2320,10:50:45,11.53,-0.01,481,554593,卖盘
2321,10:50:42,11.54,--,2,2308,买盘
2322,10:50:39,11.54,0.01,11,12693,买盘
2323,10:50:36,11.53,--,2,2306,卖盘
2324,10:50:33,11.53,--,26,29978,卖盘
2325,10:50:30,11.53,-0.01,45,51885,卖盘
2326,10:50:27,11.54,0.01,9,10386,买盘
2327,10:50:24,11.53,-0.01,9,10377,卖盘
2328,10:50:21,11.54,0.01,8,9232,买盘
2329,10:50:18,11.53,--,3,3459,卖盘
2330,10:50:15,11.53,--,15,17295,卖盘
2331,10:50:12,11.53,--,14,16142,卖盘
2332,10:50:09,11.53,--,12,13836,卖盘
2333,10:50:06,11.53,--,10,11530,卖盘
2334,10:50:03,11.53,--,31,35743,卖盘
2335,10:50:00,11.53,--,12,13836,卖盘
2336,10:49:51,11.53,--,14,16142,卖盘
2337,10:49:48,11.53,--,22,25366,卖盘
2338,10:49:45,11.53,--,45,51885,卖盘
2339,10:49:36,11.53,--,82,94546,卖盘
2340,10:49:33,11.53,--,1,1153,卖盘
2341,10:49:30,11.53,--,12,13836,卖盘
2342,10:49:27,11.53,--,65,76028,买盘
2343,10:49:21,11.53,--,4,4612,买盘
2344,10:49:18,11.53,0.01,184,212152,买盘
2345,10:49:15,11.52,--,88,101376,卖盘
2346,10:49:12,11.52,-0.01,33,38016,卖盘
2347,10:49:06,11.53,0.01,5,5765,买盘
2348,10:49:00,11.52,-0.01,51,58752,卖盘
2349,10:48:57,11.53,0.01,12,13836,买盘
2350,10:48:54,11.52,-0.01,122,140544,卖盘
2351,10:48:51,11.53,--,7,8071,买盘
2352,10:48:48,11.53,0.01,20,23060,买盘
2353,10:48:45,11.52,-0.01,33,38016,卖盘
2354,10:48:42,11.53,--,12,13836,买盘
2355,10:48:39,11.53,--,20,23060,买盘
2356,10:48:36,11.53,0.01,6,6918,买盘
2357,10:48:33,11.52,-0.01,99,114048,卖盘
2358,10:48:30,11.53,--,43,49579,买盘
2359,10:48:24,11.53,--,5,5765,买盘
2360,10:48:21,11.53,--,7,8071,买盘
2361,10:48:18,11.53,0.01,28,32284,买盘
2362,10:48:15,11.52,-0.01,1,1152,卖盘
2363,10:48:12,11.53,0.01,578,666434,买盘
2364,10:48:06,11.52,-0.01,11,12672,卖盘
2365,10:48:03,11.53,0.01,213,245589,买盘
2366,10:48:00,11.52,-0.01,4,4608,卖盘
2367,10:47:51,11.53,--,2,2306,买盘
2368,10:47:48,11.53,--,9,10377,买盘
2369,10:47:36,11.53,--,16,18448,买盘
2370,10:47:33,11.53,--,40,46120,买盘
2371,10:47:30,11.53,--,9,10377,买盘
2372,10:47:27,11.53,--,100,115300,买盘
2373,10:47:24,11.53,--,10,11530,买盘
2374,10:47:21,11.53,0.01,2,2306,买盘
2375,10:47:18,11.52,-0.01,26,29952,卖盘
2376,10:47:12,11.53,--,5,5765,买盘
2377,10:47:09,11.53,--,32,36896,买盘
2378,10:47:06,11.53,--,1,1153,买盘
2379,10:47:03,11.53,--,1,1153,买盘
2380,10:46:57,11.53,--,153,176409,买盘
2381,10:46:54,11.53,0.01,3,3459,买盘
2382,10:46:51,11.52,-0.01,64,73728,卖盘
2383,10:46:45,11.53,--,60,69180,买盘
2384,10:46:42,11.53,0.01,20,23060,买盘
2385,10:46:39,11.52,-0.01,2,2304,卖盘
2386,10:46:36,11.53,0.01,2,2306,买盘
2387,10:46:33,11.52,-0.01,2,2304,卖盘
2388,10:46:30,11.53,--,35,40355,买盘
2389,10:46:27,11.53,--,1,1153,买盘
2390,10:46:24,11.53,0.01,70,80710,买盘
2391,10:46:21,11.52,--,3,3456,卖盘
2392,10:46:18,11.52,-0.01,1,1152,卖盘
2393,10:46:15,11.53,--,15,17295,买盘
2394,10:46:09,11.53,--,21,24213,买盘
2395,10:46:06,11.53,--,2,2306,买盘
2396,10:46:03,11.53,--,20,23060,买盘
2397,10:46:00,11.53,0.01,27,31131,买盘
2398,10:45:57,11.52,--,14,16128,卖盘
2399,10:45:54,11.52,--,50,57600,卖盘
2400,10:45:51,11.52,--,26,29952,卖盘
2401,10:45:48,11.52,-0.01,14,16128,卖盘
2402,10:45:45,11.53,--,50,57650,买盘
2403,10:45:42,11.53,--,10,11530,买盘
2404,10:45:36,11.53,0.01,21,24213,买盘
2405,10:45:33,11.52,--,10,11520,卖盘
2406,10:45:30,11.52,--,11,12672,卖盘
2407,10:45:27,11.52,-0.01,49,56448,卖盘
2408,10:45:24,11.53,--,143,164879,买盘
2409,10:45:21,11.53,0.01,8,9224,买盘
2410,10:45:18,11.52,-0.01,54,62208,卖盘
2411,10:45:15,11.53,--,47,54191,买盘
2412,10:45:09,11.53,--,126,145278,买盘
2413,10:45:06,11.53,--,40,46120,买盘
2414,10:45:03,11.53,0.01,7,8071,买盘
2415,10:45:00,11.52,--,2,2304,卖盘
2416,10:44:57,11.52,--,122,140544,卖盘
2417,10:44:54,11.52,-0.01,138,158976,卖盘
2418,10:44:51,11.53,--,2,2306,买盘
2419,10:44:42,11.53,--,15,17295,买盘
2420,10:44:39,11.53,--,3,3459,买盘
2421,10:44:36,11.53,--,21,24213,买盘
2422,10:44:33,11.53,0.01,6,6918,买盘
2423,10:44:27,11.52,-0.01,1,1152,卖盘
2424,10:44:24,11.53,--,30,34590,买盘
2425,10:44:21,11.53,0.01,39,44967,买盘
2426,10:44:18,11.52,-0.01,32,36864,卖盘
2427,10:44:12,11.53,0.01,55,63415,买盘
2428,10:44:09,11.52,-0.01,33,38016,卖盘
2429,10:44:06,11.53,0.01,1,1153,买盘
2430,10:44:03,11.52,-0.01,37,42624,卖盘
2431,10:44:00,11.53,0.01,5,5765,买盘
2432,10:43:57,11.52,--,6,6912,卖盘
2433,10:43:54,11.52,-0.01,26,29952,卖盘
2434,10:43:51,11.53,--,25,28825,买盘
2435,10:43:48,11.53,0.01,10,11530,买盘
2436,10:43:42,11.52,-0.01,20,23040,卖盘
2437,10:43:39,11.53,--,23,26519,买盘
2438,10:43:36,11.53,--,3,3459,买盘
2439,10:43:33,11.53,0.01,35,40355,买盘
2440,10:43:30,11.52,-0.01,1,1152,卖盘
2441,10:43:27,11.53,0.01,24,27672,买盘
2442,10:43:24,11.52,-0.01,11,12672,卖盘
2443,10:43:21,11.53,--,11,12683,买盘
2444,10:43:18,11.53,0.01,26,29978,买盘
2445,10:43:15,11.52,-0.01,30,34560,卖盘
2446,10:43:06,11.53,0.01,39,44967,买盘
2447,10:43:03,11.52,-0.01,222,255744,卖盘
2448,10:43:00,11.53,--,10,11530,买盘
2449,10:42:57,11.53,--,10,11530,买盘
2450,10:42:54,11.53,--,56,64568,买盘
2451,10:42:51,11.53,--,112,129136,买盘
2452,10:42:48,11.53,--,18,20754,买盘
2453,10:42:45,11.53,--,128,147584,买盘
2454,10:42:42,11.53,--,42,48426,买盘
2455,10:42:39,11.53,0.01,187,215611,买盘
2456,10:42:36,11.52,--,2,2304,卖盘
2457,10:42:33,11.52,--,2,2304,卖盘
2458,10:42:30,11.52,--,242,278784,卖盘
2459,10:42:27,11.52,--,17,19584,卖盘
2460,10:42:24,11.52,-0.01,10,11520,卖盘
2461,10:42:21,11.53,--,128,147584,买盘
2462,10:42:15,11.53,--,54,62262,买盘
2463,10:42:12,11.53,0.01,28,32284,买盘
2464,10:42:09,11.52,-0.01,183,210816,卖盘
2465,10:42:06,11.53,0.01,29,33437,买盘
2466,10:42:03,11.52,-0.01,60,69120,卖盘
2467,10:42:00,11.53,--,4,4612,买盘
2468,10:41:57,11.53,--,79,91087,买盘
2469,10:41:54,11.53,0.01,13,14989,买盘
2470,10:41:51,11.52,-0.01,30,34560,卖盘
2471,10:41:48,11.53,--,1,1153,买盘
2472,10:41:45,11.53,0.01,1,1153,买盘
2473,10:41:36,11.52,--,117,134910,卖盘
2474,10:41:33,11.52,--,17,19584,卖盘
2475,10:41:30,11.52,--,6,6912,卖盘
2476,10:41:27,11.52,-0.01,26,29952,卖盘
2477,10:41:24,11.53,0.01,33,38049,买盘
2478,10:41:21,11.52,--,9,10368,卖盘
2479,10:41:15,11.52,--,25,28926,卖盘
2480,10:41:12,11.52,--,32,36864,卖盘
2481,10:41:09,11.52,--,73,84096,卖盘
2482,10:41:06,11.52,-0.01,15,17280,卖盘
2483,10:41:03,11.53,--,6,6918,买盘
2484,10:41:00,11.53,--,55,63415,买盘
2485,10:40:57,11.53,--,27,31131,买盘
2486,10:40:54,11.53,--,5,5765,买盘
2487,10:40:51,11.53,0.01,5,5765,买盘
2488,10:40:48,11.52,--,3,3456,卖盘
2489,10:40:42,11.52,--,12,13824,卖盘
2490,10:40:39,11.52,-0.01,6,6912,卖盘
2491,10:40:36,11.53,0.01,3,3459,买盘
2492,10:40:33,11.52,-0.01,90,103680,卖盘
2493,10:40:30,11.53,0.01,226,260578,买盘
2494,10:40:24,11.52,-0.01,135,155520,卖盘
2495,10:40:21,11.53,0.01,11,12683,买盘
2496,10:40:18,11.52,--,18,20736,卖盘
2497,10:40:15,11.52,-0.01,52,59904,卖盘
2498,10:40:09,11.53,--,89,102617,买盘
2499,10:40:06,11.53,0.01,28,32284,买盘
2500,10:40:03,11.52,--,131,150912,卖盘
2501,10:40:00,11.52,--,42,48384,卖盘
2502,10:39:57,11.52,--,48,55296,卖盘
2503,10:39:51,11.52,-0.01,202,232704,卖盘
2504,10:39:48,11.53,0.01,20,23060,买盘
2505,10:39:45,11.52,--,204,235008,卖盘
2506,10:39:42,11.52,--,176,202752,卖盘
2507,10:39:39,11.52,--,270,311040,卖盘
2508,10:39:36,11.52,--,9,10368,卖盘
2509,10:39:24,11.52,-0.01,6,6912,卖盘
2510,10:39:21,11.53,--,45,51885,买盘
2511,10:39:15,11.53,0.01,347,400091,买盘
2512,10:39:12,11.52,--,47,54144,卖盘
2513,10:39:09,11.52,-0.01,5,5760,卖盘
2514,10:39:06,11.53,0.01,8,9224,买盘
2515,10:39:03,11.52,--,10,11520,卖盘
2516,10:39:00,11.52,-0.01,56,64512,卖盘
2517,10:38:57,11.53,0.01,1,1153,买盘
2518,10:38:54,11.52,--,74,85248,卖盘
2519,10:38:51,11.52,--,3,3456,卖盘
2520,10:38:48,11.52,-0.01,29,33408,卖盘
2521,10:38:45,11.53,0.01,2,2306,买盘
2522,10:38:39,11.52,-0.01,268,308736,卖盘
2523,10:38:36,11.53,0.01,2,2306,买盘
2524,10:38:33,11.52,--,1,1152,卖盘
2525,10:38:27,11.52,-0.01,17,19584,卖盘
2526,10:38:24,11.53,--,16,18448,买盘
2527,10:38:21,11.53,--,3,3459,买盘
2528,10:38:18,11.53,0.01,2,2306,买盘
2529,10:38:09,11.52,-0.01,23,26496,卖盘
2530,10:38:06,11.53,0.01,58,66874,买盘
2531,10:38:00,11.52,0.01,9,11128,买盘
2532,10:37:57,11.51,--,77,88627,卖盘
2533,10:37:54,11.51,--,27,31836,卖盘
2534,10:37:51,11.51,-0.01,8,9208,卖盘
2535,10:37:48,11.52,0.01,173,199296,买盘
2536,10:37:42,11.51,-0.01,9,10359,卖盘
2537,10:37:39,11.52,--,8,9216,买盘
2538,10:37:36,11.52,--,1,1152,买盘
2539,10:37:27,11.52,--,3,3456,买盘
2540,10:37:24,11.52,--,3,3456,买盘
2541,10:37:21,11.52,--,3,3456,买盘
2542,10:37:18,11.52,--,214,246919,卖盘
2543,10:37:12,11.52,--,10,11520,卖盘
2544,10:37:06,11.52,-0.01,10,11520,卖盘
2545,10:37:00,11.53,--,37,42661,买盘
2546,10:36:57,11.53,0.01,15,17295,买盘
2547,10:36:54,11.52,--,2,2304,卖盘
2548,10:36:51,11.52,--,7,8824,卖盘
2549,10:36:42,11.52,--,30,34560,卖盘
2550,10:36:39,11.52,-0.01,50,57600,卖盘
2551,10:36:36,11.53,0.01,142,163726,买盘
2552,10:36:33,11.52,--,460,529920,卖盘
2553,10:36:30,11.52,--,156,179712,卖盘
2554,10:36:27,11.52,--,6,6912,卖盘
2555,10:36:24,11.52,-0.01,130,149760,卖盘
2556,10:36:21,11.53,--,43,49579,买盘
2557,10:36:15,11.53,0.01,17,19601,买盘
2558,10:36:09,11.52,-0.01,30,34560,卖盘
2559,10:36:06,11.53,0.01,2,2306,买盘
2560,10:36:03,11.52,-0.01,1,1152,卖盘
2561,10:36:00,11.53,0.01,64,73792,买盘
2562,10:35:57,11.52,--,68,78336,卖盘
2563,10:35:54,11.52,--,11,12672,卖盘
2564,10:35:51,11.52,--,21,24192,卖盘
2565,10:35:48,11.52,--,636,732672,卖盘
2566,10:35:45,11.52,--,894,1029888,买盘
2567,10:35:42,11.52,0.01,1018,1172736,买盘
2568,10:35:39,11.51,-0.01,20,23020,卖盘
2569,10:35:36,11.52,--,2,2304,买盘
2570,10:35:33,11.52,--,23,26496,买盘
2571,10:35:30,11.52,0.01,4,4608,买盘
2572,10:35:27,11.51,--,5,5755,卖盘
2573,10:35:24,11.51,-0.01,59,67909,卖盘
2574,10:35:21,11.52,0.01,5,5760,买盘
2575,10:35:15,11.51,-0.01,31,35681,卖盘
2576,10:35:12,11.52,--,3,3456,买盘
2577,10:35:09,11.52,0.01,10,11520,买盘
2578,10:35:06,11.51,--,133,153083,卖盘
2579,10:35:03,11.51,-0.01,20,23020,卖盘
2580,10:35:00,11.52,--,937,1079424,买盘
2581,10:34:51,11.52,--,105,120960,买盘
2582,10:34:48,11.52,0.01,20,23040,买盘
2583,10:34:45,11.51,--,88,101288,卖盘
2584,10:34:42,11.51,--,80,92080,卖盘
2585,10:34:39,11.51,-0.01,40,46040,卖盘
2586,10:34:36,11.52,0.01,12,13824,买盘
2587,10:34:33,11.51,--,16,18416,卖盘
2588,10:34:30,11.51,--,100,115100,卖盘
2589,10:34:27,11.51,--,28,32228,卖盘
2590,10:34:24,11.51,-0.01,7,8816,卖盘
2591,10:34:21,11.52,0.01,18,21208,买盘
2592,10:34:18,11.51,--,20,23020,卖盘
2593,10:34:15,11.51,--,15,17265,卖盘
2594,10:34:06,11.51,--,34,39134,卖盘
2595,10:34:03,11.51,-0.01,3,3453,卖盘
2596,10:34:00,11.52,--,39,44928,买盘
2597,10:33:57,11.52,0.01,43,49536,买盘
2598,10:33:54,11.51,-0.01,12,13812,卖盘
2599,10:33:51,11.52,--,3,3456,买盘
2600,10:33:36,11.52,0.01,16,18432,买盘
2601,10:33:30,11.51,-0.01,50,57550,卖盘
2602,10:33:27,11.52,--,50,57600,买盘
2603,10:33:24,11.52,--,29,33408,买盘
2604,10:33:21,11.52,0.01,19,21888,买盘
2605,10:33:18,11.51,-0.01,77,88627,卖盘
2606,10:33:15,11.52,--,141,162432,卖盘
2607,10:33:12,11.52,--,101,116352,卖盘
2608,10:33:09,11.52,--,14,16128,卖盘
2609,10:33:06,11.52,--,65,74880,卖盘
2610,10:33:03,11.52,--,41,47232,卖盘
2611,10:33:00,11.52,--,248,285696,买盘
2612,10:32:57,11.52,--,344,396288,买盘
2613,10:32:54,11.52,--,91,104832,买盘
2614,10:32:51,11.52,--,6,6912,买盘
2615,10:32:45,11.52,--,10,11520,买盘
2616,10:32:39,11.52,--,100,115200,买盘
2617,10:32:36,11.52,--,2,2304,买盘
2618,10:32:33,11.52,0.01,10,11520,买盘
2619,10:32:27,11.51,-0.01,24,27624,卖盘
2620,10:32:24,11.52,--,32,36864,卖盘
2621,10:32:21,11.52,--,2,2304,卖盘
2622,10:32:18,11.52,--,33,38016,卖盘
2623,10:32:15,11.52,--,146,168192,卖盘
2624,10:32:12,11.52,--,287,330624,卖盘
2625,10:32:09,11.52,--,31,36322,卖盘
2626,10:32:06,11.52,--,1437,1655608,卖盘
2627,10:32:03,11.52,--,107,123264,卖盘
2628,10:32:00,11.52,-0.01,146,168192,卖盘
2629,10:31:57,11.53,0.01,5,5765,买盘
2630,10:31:54,11.52,--,40,46080,卖盘
2631,10:31:51,11.52,--,10,12280,卖盘
2632,10:31:48,11.52,--,31,35712,卖盘
2633,10:31:45,11.52,--,32,36864,卖盘
2634,10:31:42,11.52,--,91,104832,卖盘
2635,10:31:39,11.52,--,61,70272,卖盘
2636,10:31:36,11.52,-0.01,46,52992,卖盘
2637,10:31:33,11.53,--,19,21907,买盘
2638,10:31:30,11.53,0.01,55,63415,买盘
2639,10:31:21,11.52,--,244,281088,卖盘
2640,10:31:18,11.52,--,10,11520,卖盘
2641,10:31:12,11.52,-0.01,21,24192,卖盘
2642,10:31:09,11.53,--,12,13836,买盘
2643,10:31:06,11.53,--,341,393818,卖盘
2644,10:31:03,11.53,--,107,123371,卖盘
2645,10:31:00,11.53,--,263,303239,卖盘
2646,10:30:57,11.53,--,4,4612,卖盘
2647,10:30:51,11.53,-0.01,14,16142,卖盘
2648,10:30:45,11.54,0.01,25,28849,买盘
2649,10:30:42,11.53,-0.01,30,34590,卖盘
2650,10:30:39,11.54,0.01,15,17310,买盘
2651,10:30:36,11.53,--,21,24213,卖盘
2652,10:30:33,11.53,--,5,5765,卖盘
2653,10:30:30,11.53,--,12,13836,卖盘
2654,10:30:27,11.53,--,22,25366,卖盘
2655,10:30:24,11.53,-0.01,150,172950,卖盘
2656,10:30:21,11.54,0.01,14,16155,买盘
2657,10:30:18,11.53,-0.01,300,345900,卖盘
2658,10:30:15,11.54,0.01,22,25387,买盘
2659,10:30:12,11.53,--,48,55344,卖盘
2660,10:30:09,11.53,-0.01,35,40355,卖盘
2661,10:30:06,11.54,--,1,1154,买盘
2662,10:30:03,11.54,--,26,30003,买盘
2663,10:29:51,11.54,--,4,4616,买盘
2664,10:29:48,11.54,0.01,4,4616,买盘
2665,10:29:45,11.53,--,44,50732,卖盘
2666,10:29:39,11.53,-0.01,10,11530,卖盘
2667,10:29:36,11.54,--,45,51929,买盘
2668,10:29:33,11.54,--,3,3461,买盘
2669,10:29:27,11.54,0.01,1,1154,买盘
2670,10:29:21,11.53,--,19,21907,卖盘
2671,10:29:18,11.53,-0.01,45,51885,卖盘
2672,10:29:15,11.54,0.01,11,12693,买盘
2673,10:29:12,11.53,--,1,1153,卖盘
2674,10:29:09,11.53,-0.01,12,13836,卖盘
2675,10:29:06,11.54,0.01,261,301194,买盘
2676,10:29:03,11.53,--,1,1153,卖盘
2677,10:29:00,11.53,--,2,2306,卖盘
2678,10:28:57,11.53,-0.01,24,27672,卖盘
2679,10:28:54,11.54,0.01,131,151174,买盘
2680,10:28:51,11.53,--,37,42787,卖盘
2681,10:28:48,11.53,--,8,9224,卖盘
2682,10:28:45,11.53,--,128,147584,卖盘
2683,10:28:36,11.53,--,8,9224,卖盘
2684,10:28:33,11.53,--,10,11530,卖盘
2685,10:28:30,11.53,--,307,353971,卖盘
2686,10:28:27,11.53,--,2,2951,卖盘
2687,10:28:24,11.53,--,5,5765,卖盘
2688,10:28:21,11.53,-0.01,4,4612,卖盘
2689,10:28:18,11.54,0.01,26,30003,买盘
2690,10:28:15,11.53,-0.01,190,219070,卖盘
2691,10:28:12,11.54,--,27,31157,买盘
2692,10:28:09,11.54,--,21,24234,买盘
2693,10:28:06,11.54,--,5,5770,买盘
2694,10:28:03,11.54,--,28,32311,买盘
2695,10:28:00,11.54,--,1,1154,买盘
2696,10:27:57,11.54,0.01,1,1154,买盘
2697,10:27:54,11.53,-0.01,189,217917,卖盘
2698,10:27:51,11.54,--,13,15001,买盘
2699,10:27:48,11.54,--,1,1154,买盘
2700,10:27:45,11.54,--,301,347354,买盘
2701,10:27:39,11.54,--,1,1154,买盘
2702,10:27:36,11.54,--,2,2308,买盘
2703,10:27:33,11.54,0.01,1,1154,买盘
2704,10:27:30,11.53,-0.01,5,5765,卖盘
2705,10:27:27,11.54,--,1,1154,买盘
2706,10:27:24,11.54,--,2,2308,买盘
2707,10:27:21,11.54,0.01,216,249263,买盘
2708,10:27:15,11.53,-0.01,6,6918,卖盘
2709,10:27:06,11.54,--,3,3461,买盘
2710,10:27:03,11.54,--,11,12693,买盘
2711,10:27:00,11.54,--,23,26541,买盘
2712,10:26:57,11.54,--,1,1154,买盘
2713,10:26:51,11.54,--,1,1154,买盘
2714,10:26:48,11.54,--,4,4616,买盘
2715,10:26:45,11.54,--,1,1154,买盘
2716,10:26:39,11.54,0.01,1,1154,买盘
2717,10:26:33,11.53,--,11,12683,卖盘
2718,10:26:27,11.53,-0.01,6,6918,卖盘
2719,10:26:24,11.54,--,30,34620,买盘
2720,10:26:21,11.54,0.01,33,38082,买盘
2721,10:26:15,11.53,-0.01,27,31131,卖盘
2722,10:26:12,11.54,--,26,30003,买盘
2723,10:26:09,11.54,--,1,1154,买盘
2724,10:26:06,11.54,--,2,2308,买盘
2725,10:26:03,11.54,--,1,1154,买盘
2726,10:26:00,11.54,--,1,1154,买盘
2727,10:25:57,11.54,0.01,1,1154,买盘
2728,10:25:54,11.53,-0.01,9,10377,卖盘
2729,10:25:51,11.54,--,4,4616,买盘
2730,10:25:48,11.54,--,1,1154,买盘
2731,10:25:45,11.54,0.01,2,2308,买盘
2732,10:25:42,11.53,-0.01,1,1153,卖盘
2733,10:25:39,11.54,--,36,41544,买盘
2734,10:25:33,11.54,0.01,1,1154,买盘
2735,10:25:30,11.53,-0.01,1,1153,卖盘
2736,10:25:27,11.54,--,4,4616,买盘
2737,10:25:24,11.54,--,1,1154,买盘
2738,10:25:21,11.54,--,4,4616,买盘
2739,10:25:18,11.54,--,1,1154,买盘
2740,10:25:15,11.54,0.01,45,51929,买盘
2741,10:25:09,11.53,-0.01,166,191398,卖盘
2742,10:25:06,11.54,--,40,46160,买盘
2743,10:25:03,11.54,0.01,1,1154,买盘
2744,10:25:00,11.53,-0.01,62,71486,卖盘
2745,10:24:57,11.54,0.01,131,151174,买盘
2746,10:24:54,11.53,-0.01,10,11530,卖盘
2747,10:24:51,11.54,0.01,1,1154,买盘
2748,10:24:48,11.53,-0.01,1,1153,卖盘
2749,10:24:45,11.54,--,7,8077,买盘
2750,10:24:39,11.54,0.01,908,1047831,买盘
2751,10:24:36,11.53,-0.01,13,14989,卖盘
2752,10:24:33,11.54,0.01,1,1154,买盘
2753,10:24:27,11.53,-0.01,2,2306,卖盘
2754,10:24:24,11.54,--,1,1154,买盘
2755,10:24:21,11.54,--,18,20772,买盘
2756,10:24:12,11.54,--,201,231953,买盘
2757,10:24:09,11.54,0.01,28,32311,买盘
2758,10:24:03,11.53,-0.01,46,53038,卖盘
2759,10:24:00,11.54,--,18,20772,买盘
2760,10:23:54,11.54,--,1,1154,买盘
2761,10:23:51,11.54,--,3,3461,买盘
2762,10:23:48,11.54,--,1,1154,买盘
2763,10:23:42,11.54,0.01,1,1154,买盘
2764,10:23:39,11.53,-0.01,22,25366,卖盘
2765,10:23:36,11.54,--,160,184640,买盘
2766,10:23:24,11.54,--,13,15001,买盘
2767,10:23:21,11.54,--,34,39236,买盘
2768,10:23:18,11.54,--,1,1154,买盘
2769,10:23:12,11.54,0.01,1,1154,买盘
2770,10:23:09,11.53,-0.01,112,129136,卖盘
2771,10:23:06,11.54,0.01,7,8077,买盘
2772,10:22:57,11.53,-0.01,26,29978,卖盘
2773,10:22:54,11.54,--,66,76164,买盘
2774,10:22:51,11.54,--,35,40390,买盘
2775,10:22:48,11.54,0.01,9,10386,买盘
2776,10:22:45,11.53,--,25,28825,卖盘
2777,10:22:42,11.53,-0.01,2,2306,卖盘
2778,10:22:39,11.54,--,20,23080,买盘
2779,10:22:36,11.54,0.01,11,12693,买盘
2780,10:22:33,11.53,--,7,8071,卖盘
2781,10:22:27,11.53,--,10,11530,卖盘
2782,10:22:24,11.53,-0.01,119,137207,卖盘
2783,10:22:18,11.54,0.01,5,5770,买盘
2784,10:22:15,11.53,-0.01,47,54191,卖盘
2785,10:22:12,11.54,--,2,2308,买盘
2786,10:22:09,11.54,--,48,55391,买盘
2787,10:22:06,11.54,--,149,171946,买盘
2788,10:22:03,11.54,--,7,8077,买盘
2789,10:22:00,11.54,--,1,1154,买盘
2790,10:21:57,11.54,0.01,6,6923,买盘
2791,10:21:54,11.53,--,6,6918,卖盘
2792,10:21:51,11.53,--,148,170644,卖盘
2793,10:21:45,11.53,--,1,1153,卖盘
2794,10:21:42,11.53,-0.01,80,92240,卖盘
2795,10:21:39,11.54,0.01,28,32311,买盘
2796,10:21:36,11.53,-0.01,39,44967,卖盘
2797,10:21:33,11.54,--,20,23080,买盘
2798,10:21:24,11.54,--,10,11540,买盘
2799,10:21:12,11.54,0.01,5,5770,买盘
2800,10:21:09,11.53,--,26,29978,卖盘
2801,10:21:06,11.53,-0.01,2,2306,卖盘
2802,10:21:00,11.54,0.01,24,27695,买盘
2803,10:20:57,11.53,--,1413,1630076,买盘
2804,10:20:54,11.53,0.01,1500,1729500,买盘
2805,10:20:51,11.52,--,28,32256,卖盘
2806,10:20:48,11.52,--,27,31104,卖盘
2807,10:20:45,11.52,--,10,11520,卖盘
2808,10:20:39,11.52,--,22,25344,卖盘
2809,10:20:36,11.52,--,58,66816,卖盘
2810,10:20:33,11.52,--,41,47232,卖盘
2811,10:20:30,11.52,--,130,149760,卖盘
2812,10:20:27,11.52,--,23,26496,卖盘
2813,10:20:24,11.52,-0.01,109,125568,卖盘
2814,10:20:21,11.53,--,35,40355,买盘
2815,10:20:18,11.53,0.01,10,11530,买盘
