,time,price,change,volume,amount,type
0,15:00:03,8.14,-0.01,2824,2299305,卖盘
1,14:57:00,8.15,--,516,420540,卖盘
2,14:56:57,8.15,--,377,307255,卖盘
3,14:56:51,8.15,--,40,32600,卖盘
4,14:56:48,8.15,-0.01,117,95355,卖盘
5,14:56:45,8.16,0.01,20,16320,买盘
6,14:56:42,8.15,--,85,69275,卖盘
7,14:56:39,8.15,--,14,11410,卖盘
8,14:56:36,8.15,-0.01,144,117360,卖盘
9,14:56:33,8.16,0.01,54,44064,买盘
10,14:56:30,8.15,--,12,9780,卖盘
11,14:56:27,8.15,0.01,188,153220,买盘
12,14:56:24,8.14,--,957,778998,卖盘
13,14:56:21,8.14,-0.01,79,64778,卖盘
14,14:56:18,8.15,--,224,182560,买盘
15,14:56:15,8.15,--,36,29340,买盘
16,14:56:12,8.15,0.01,77,62755,买盘
17,14:56:09,8.14,--,49,39886,卖盘
18,14:56:06,8.14,--,42,34188,卖盘
19,14:56:03,8.14,--,12,9768,卖盘
20,14:56:00,8.14,--,1,814,卖盘
21,14:55:57,8.14,--,47,38258,卖盘
22,14:55:54,8.14,--,293,238502,卖盘
23,14:55:51,8.14,--,105,85470,卖盘
24,14:55:48,8.14,--,76,61864,卖盘
25,14:55:45,8.14,--,39,31746,卖盘
26,14:55:42,8.14,--,196,159544,买盘
27,14:55:39,8.14,--,12,9768,买盘
28,14:55:36,8.14,--,189,153846,卖盘
29,14:55:33,8.14,--,23,18722,卖盘
30,14:55:30,8.14,--,14,11396,卖盘
31,14:55:27,8.14,--,396,323109,买盘
32,14:55:24,8.14,0.01,755,614570,买盘
33,14:55:21,8.13,--,60,48780,卖盘
34,14:55:18,8.13,-0.01,176,143088,卖盘
35,14:55:15,8.14,0.01,88,71632,买盘
36,14:55:12,8.13,--,32,26016,卖盘
37,14:55:09,8.13,0.01,177,143901,买盘
38,14:55:06,8.12,--,65,52779,卖盘
39,14:55:03,8.12,--,1011,820931,买盘
40,14:55:00,8.12,--,67,54403,买盘
41,14:54:57,8.12,-0.01,61,49531,中性盘
42,14:54:54,8.13,--,3120,2536560,买盘
43,14:54:51,8.13,0.01,26,21138,买盘
44,14:54:48,8.12,--,189,153467,卖盘
45,14:54:45,8.12,-0.01,75,60899,卖盘
46,14:54:42,8.13,-0.01,95,77235,卖盘
47,14:54:39,8.14,0.01,129,105006,买盘
48,14:54:36,8.13,-0.01,199,161787,卖盘
49,14:54:33,8.14,--,152,123728,买盘
50,14:54:30,8.14,0.01,11,8954,买盘
51,14:54:27,8.13,--,184,149592,卖盘
52,14:54:24,8.13,--,167,135771,卖盘
53,14:54:21,8.13,-0.01,1989,1617057,卖盘
54,14:54:18,8.14,--,251,204314,买盘
55,14:54:15,8.14,--,69,56166,买盘
56,14:54:12,8.14,--,694,564964,卖盘
57,14:54:09,8.14,--,22,17908,卖盘
58,14:54:03,8.14,--,37,30118,卖盘
59,14:54:00,8.14,--,260,212405,买盘
60,14:53:57,8.14,--,21,17094,买盘
61,14:53:54,8.14,--,96,78144,买盘
62,14:53:51,8.14,--,283,230362,买盘
63,14:53:48,8.14,--,92,74888,买盘
64,14:53:45,8.14,--,10,8140,买盘
65,14:53:42,8.14,--,103,83842,买盘
66,14:53:39,8.14,--,13,10582,买盘
67,14:53:36,8.14,0.01,233,189662,买盘
68,14:53:33,8.13,-0.01,42,34146,卖盘
69,14:53:30,8.14,--,118,96052,买盘
70,14:53:27,8.14,0.01,17,13838,买盘
71,14:53:24,8.13,-0.01,66,53658,卖盘
72,14:53:21,8.14,--,38,30932,买盘
73,14:53:15,8.14,--,183,149499,卖盘
74,14:53:12,8.14,--,9,7602,中性盘
75,14:53:09,8.14,--,12,9768,卖盘
76,14:53:06,8.14,--,283,230362,卖盘
77,14:53:03,8.14,0.01,4,3256,中性盘
78,14:52:57,8.13,--,737,599181,卖盘
79,14:52:54,8.13,-0.01,465,378045,卖盘
80,14:52:51,8.14,--,57,46398,买盘
81,14:52:48,8.14,0.01,83,67562,买盘
82,14:52:45,8.13,--,29,23577,卖盘
83,14:52:42,8.13,-0.01,66,53658,卖盘
84,14:52:39,8.14,--,3,2442,买盘
85,14:52:36,8.14,--,118,96052,卖盘
86,14:52:33,8.14,--,2,1628,卖盘
87,14:52:30,8.14,--,16,13024,卖盘
88,14:52:27,8.14,0.02,20,16280,中性盘
89,14:52:24,8.12,-0.02,2651,2152612,卖盘
90,14:52:21,8.14,--,81,65934,买盘
91,14:52:18,8.14,-0.01,205,166870,卖盘
92,14:52:15,8.15,--,27,22005,买盘
93,14:52:12,8.15,0.01,178,145070,买盘
94,14:52:09,8.14,--,150,122100,卖盘
95,14:52:03,8.14,-0.01,13,10582,卖盘
96,14:52:00,8.15,--,41,33415,买盘
97,14:51:57,8.15,--,10,8150,买盘
98,14:51:54,8.15,--,538,438470,买盘
99,14:51:51,8.15,--,159,129585,买盘
100,14:51:48,8.15,--,36,29340,买盘
101,14:51:45,8.15,--,78,63570,买盘
102,14:51:42,8.15,0.01,67,54605,买盘
103,14:51:33,8.14,-0.01,5,4070,卖盘
104,14:51:30,8.15,-0.01,1122,914430,卖盘
105,14:51:27,8.16,--,140,114240,买盘
106,14:51:24,8.16,0.01,101,82416,买盘
107,14:51:21,8.15,-0.01,141,114915,卖盘
108,14:51:15,8.16,-0.01,3068,2503488,卖盘
109,14:51:12,8.17,0.01,8,6536,买盘
110,14:51:09,8.16,--,71,57936,买盘
111,14:51:06,8.16,--,40,32640,卖盘
112,14:51:03,8.16,-0.01,144,117504,中性盘
113,14:51:00,8.17,0.01,3501,2860317,买盘
114,14:50:54,8.16,--,65,53040,卖盘
115,14:50:51,8.16,--,97,79152,卖盘
116,14:50:48,8.16,--,74,60384,卖盘
117,14:50:45,8.16,-0.01,4,3264,卖盘
118,14:50:42,8.17,--,160,130720,买盘
119,14:50:39,8.17,--,239,195263,卖盘
120,14:50:36,8.17,-0.01,6,4902,卖盘
121,14:50:33,8.18,0.01,54,44172,买盘
122,14:50:30,8.17,-0.01,108,88236,卖盘
123,14:50:27,8.18,--,3,2454,买盘
124,14:50:24,8.18,--,8,6544,买盘
125,14:50:21,8.18,0.01,208,170144,买盘
126,14:50:18,8.17,-0.02,46,37582,卖盘
127,14:50:15,8.19,--,129,105651,买盘
128,14:50:12,8.19,0.01,3,2457,买盘
129,14:50:09,8.18,--,55,44990,卖盘
130,14:50:06,8.18,-0.01,3520,2879360,卖盘
131,14:50:03,8.19,--,473,387387,卖盘
132,14:50:00,8.19,--,122,99918,卖盘
133,14:49:57,8.19,--,53,43407,卖盘
134,14:49:54,8.19,--,187,153153,卖盘
135,14:49:51,8.19,--,1300,1064700,买盘
136,14:49:48,8.19,0.01,126,103194,买盘
137,14:49:45,8.18,--,53,43354,卖盘
138,14:49:42,8.18,-0.01,112,91616,卖盘
139,14:49:39,8.19,--,62,50778,买盘
140,14:49:36,8.19,--,69,56511,买盘
141,14:49:33,8.19,--,103,84357,买盘
142,14:49:30,8.19,0.01,160,131039,买盘
143,14:49:27,8.18,--,105,85890,卖盘
144,14:49:24,8.18,--,67,54806,卖盘
145,14:49:21,8.18,-0.01,235,192230,卖盘
146,14:49:18,8.19,0.01,22,18018,买盘
147,14:49:15,8.18,--,98,80164,卖盘
148,14:49:12,8.18,--,62,50716,卖盘
149,14:49:09,8.18,0.01,1470,1202460,买盘
150,14:49:06,8.17,--,11,8987,卖盘
151,14:49:03,8.17,0.01,470,383990,买盘
152,14:49:00,8.16,-0.01,6,4896,卖盘
153,14:48:57,8.17,0.01,78,63726,买盘
154,14:48:54,8.16,--,1,816,卖盘
155,14:48:51,8.16,0.01,375,306000,买盘
156,14:48:48,8.15,--,19,15485,卖盘
157,14:48:45,8.15,--,77,62755,卖盘
158,14:48:42,8.15,0.01,366,298290,买盘
159,14:48:39,8.14,--,199,161986,卖盘
160,14:48:36,8.14,--,701,570614,卖盘
161,14:48:33,8.14,--,60,48840,卖盘
162,14:48:30,8.14,--,118,96052,卖盘
163,14:48:27,8.14,--,108,87912,卖盘
164,14:48:24,8.14,--,22,17908,卖盘
165,14:48:21,8.14,-0.01,10,8140,卖盘
166,14:48:18,8.15,0.01,86,70090,买盘
167,14:48:15,8.14,--,95,77330,卖盘
168,14:48:12,8.14,0.01,322,262108,买盘
169,14:48:09,8.13,-0.01,67,54471,卖盘
170,14:48:06,8.14,0.01,56,45584,买盘
171,14:48:03,8.13,--,156,126828,卖盘
172,14:48:00,8.13,-0.01,67,54471,卖盘
173,14:47:57,8.14,--,68,55352,买盘
174,14:47:54,8.14,--,106,86284,买盘
175,14:47:51,8.14,--,56,45584,买盘
176,14:47:48,8.14,--,15,12210,买盘
177,14:47:45,8.14,--,90,73260,买盘
178,14:47:42,8.14,--,64,52096,买盘
179,14:47:39,8.14,0.01,70,56980,买盘
180,14:47:33,8.13,-0.01,81,65853,卖盘
181,14:47:30,8.14,0.01,12,9768,买盘
182,14:47:27,8.13,--,17,13821,卖盘
183,14:47:24,8.13,--,49,39837,卖盘
184,14:47:21,8.13,-0.01,229,186177,卖盘
185,14:47:18,8.14,--,20,16280,买盘
186,14:47:15,8.14,--,5,4070,买盘
187,14:47:12,8.14,--,102,83028,买盘
188,14:47:09,8.14,0.01,8,6512,买盘
189,14:47:06,8.13,--,21,17073,卖盘
190,14:47:03,8.13,--,59,47967,卖盘
191,14:47:00,8.13,--,236,191868,卖盘
192,14:46:57,8.13,-0.01,294,239022,卖盘
193,14:46:54,8.14,0.01,46,37444,买盘
194,14:46:51,8.13,--,354,287802,卖盘
195,14:46:48,8.13,-0.01,26,21138,卖盘
196,14:46:42,8.14,--,52,42328,买盘
197,14:46:39,8.14,-0.01,61,49654,买盘
198,14:46:36,8.15,0.02,101,82315,买盘
199,14:46:33,8.13,--,16,13008,卖盘
200,14:46:30,8.13,--,54,43902,卖盘
201,14:46:27,8.13,-0.01,155,126015,卖盘
202,14:46:24,8.14,--,108,87912,卖盘
203,14:46:21,8.14,0.01,11,8954,买盘
204,14:46:18,8.13,-0.01,53,43089,卖盘
205,14:46:15,8.14,--,27,21978,买盘
206,14:46:12,8.14,--,4,3256,买盘
207,14:46:09,8.14,--,75,61050,买盘
208,14:46:06,8.14,--,122,99308,买盘
209,14:46:03,8.14,--,9,7326,买盘
210,14:46:00,8.14,--,59,48026,卖盘
211,14:45:57,8.14,--,199,161986,买盘
212,14:45:54,8.14,0.01,186,151404,买盘
213,14:45:51,8.13,-0.01,43,34959,卖盘
214,14:45:48,8.14,--,10,8140,买盘
215,14:45:45,8.14,-0.01,8,6512,买盘
216,14:45:42,8.15,0.02,188,153220,买盘
217,14:45:36,8.13,-0.01,27,21951,卖盘
218,14:45:33,8.14,-0.01,86,70004,中性盘
219,14:45:30,8.15,0.01,2,1630,买盘
220,14:45:27,8.14,0.01,509,414326,买盘
221,14:45:24,8.13,--,61,49593,卖盘
222,14:45:21,8.13,-0.01,51,41463,卖盘
223,14:45:18,8.14,--,25,20350,卖盘
224,14:45:15,8.14,--,46,37444,卖盘
225,14:45:12,8.14,--,67,54538,买盘
226,14:45:09,8.14,0.01,88,71632,买盘
227,14:45:06,8.13,-0.01,278,226014,卖盘
228,14:45:03,8.14,--,11,8954,买盘
229,14:45:00,8.14,--,151,122914,买盘
230,14:44:57,8.14,0.01,50,40700,买盘
231,14:44:54,8.13,-0.01,5,4065,卖盘
232,14:44:51,8.14,--,247,201058,卖盘
233,14:44:48,8.14,--,132,107448,卖盘
234,14:44:45,8.14,--,15,12210,卖盘
235,14:44:42,8.14,--,30,24420,卖盘
236,14:44:39,8.14,-0.01,9,7326,卖盘
237,14:44:36,8.15,--,60,48900,买盘
238,14:44:33,8.15,0.01,65,52975,买盘
239,14:44:27,8.14,--,350,284900,卖盘
240,14:44:24,8.14,--,284,231176,卖盘
241,14:44:21,8.14,-0.01,13,10582,卖盘
242,14:44:18,8.15,0.01,40,32600,买盘
243,14:44:15,8.14,-0.01,45,36630,卖盘
244,14:44:12,8.15,--,21,17115,买盘
245,14:44:09,8.15,--,102,83130,买盘
246,14:44:06,8.15,0.01,148,120620,买盘
247,14:44:03,8.14,--,77,62678,卖盘
248,14:44:00,8.14,--,40,32560,卖盘
249,14:43:57,8.14,-0.01,37,30118,卖盘
250,14:43:54,8.15,--,546,444990,买盘
251,14:43:51,8.15,--,2,1630,买盘
252,14:43:45,8.15,0.01,132,107580,买盘
253,14:43:42,8.14,-0.01,51,41514,卖盘
254,14:43:39,8.15,--,155,126325,买盘
255,14:43:36,8.15,--,112,91280,买盘
256,14:43:33,8.15,0.01,98,79870,买盘
257,14:43:30,8.14,--,195,158730,卖盘
258,14:43:27,8.14,--,43,35002,卖盘
259,14:43:24,8.14,--,21,17094,卖盘
260,14:43:21,8.14,-0.01,47,38258,卖盘
261,14:43:18,8.15,0.01,32,26080,买盘
262,14:43:15,8.14,-0.01,11,8954,卖盘
263,14:43:12,8.15,--,68,55420,买盘
264,14:43:09,8.15,0.01,68,55420,买盘
265,14:43:06,8.14,-0.01,173,140822,卖盘
266,14:43:03,8.15,0.01,10,8150,买盘
267,14:43:00,8.14,--,79,64306,卖盘
268,14:42:57,8.14,-0.01,88,71632,卖盘
269,14:42:54,8.15,--,10,8150,买盘
270,14:42:51,8.15,--,35,28525,买盘
271,14:42:48,8.15,0.01,51,41565,买盘
272,14:42:45,8.14,-0.01,169,137566,卖盘
273,14:42:42,8.15,--,71,57865,买盘
274,14:42:39,8.15,--,120,97800,买盘
275,14:42:36,8.15,--,57,46455,买盘
276,14:42:33,8.15,--,2,1630,买盘
277,14:42:27,8.15,0.01,179,145885,买盘
278,14:42:24,8.14,-0.01,96,78144,卖盘
279,14:42:21,8.15,--,23,18745,买盘
280,14:42:18,8.15,--,7,5705,买盘
281,14:42:15,8.15,--,52,42380,买盘
282,14:42:12,8.15,--,257,209455,卖盘
283,14:42:09,8.15,-0.01,92,74980,卖盘
284,14:42:06,8.16,0.01,37,30192,买盘
285,14:42:03,8.15,--,267,217605,卖盘
286,14:42:00,8.15,--,50,40750,卖盘
287,14:41:57,8.15,--,140,114100,买盘
288,14:41:54,8.15,--,671,546865,买盘
289,14:41:51,8.15,--,150,122250,卖盘
290,14:41:48,8.15,0.01,1,815,卖盘
291,14:41:42,8.14,-0.02,86,70004,卖盘
292,14:41:39,8.16,0.01,74,60384,买盘
293,14:41:36,8.15,--,89,72535,买盘
294,14:41:33,8.15,0.01,5,4075,买盘
295,14:41:30,8.14,-0.01,97,78958,卖盘
296,14:41:27,8.15,--,51,41565,买盘
297,14:41:24,8.15,--,511,416465,买盘
298,14:41:21,8.15,--,77,62755,卖盘
299,14:41:18,8.15,--,44,35860,卖盘
300,14:41:15,8.15,--,146,118990,卖盘
301,14:41:12,8.15,--,22,17930,卖盘
302,14:41:09,8.15,--,110,89650,卖盘
303,14:41:06,8.15,--,48,39120,卖盘
304,14:41:03,8.15,--,1032,841080,买盘
305,14:41:00,8.15,0.01,20,16300,买盘
306,14:40:57,8.14,-0.01,55,44770,卖盘
307,14:40:54,8.15,--,10,8150,买盘
308,14:40:51,8.15,--,5,4075,买盘
309,14:40:48,8.15,--,89,72535,卖盘
310,14:40:45,8.15,--,49,39935,卖盘
311,14:40:42,8.15,--,21,17115,卖盘
312,14:40:36,8.15,--,163,132845,买盘
313,14:40:33,8.15,--,145,118175,买盘
314,14:40:30,8.15,0.01,21,17115,买盘
315,14:40:27,8.14,-0.01,15,12210,卖盘
316,14:40:24,8.15,--,82,66830,买盘
317,14:40:21,8.15,--,52,42380,买盘
318,14:40:18,8.15,--,2,1630,买盘
319,14:40:15,8.15,0.01,65,52975,买盘
320,14:40:12,8.14,--,114,92796,卖盘
321,14:40:09,8.14,--,85,69190,卖盘
322,14:40:06,8.14,--,2,1628,卖盘
323,14:40:03,8.14,-0.01,427,347578,卖盘
324,14:40:00,8.15,0.01,14,11410,买盘
325,14:39:57,8.14,--,1,814,卖盘
326,14:39:54,8.14,--,2,1628,卖盘
327,14:39:51,8.14,-0.01,47,38258,卖盘
328,14:39:48,8.15,--,20,16300,买盘
329,14:39:45,8.15,--,6,4890,买盘
330,14:39:42,8.15,--,37,30155,卖盘
331,14:39:39,8.15,-0.01,50,40750,卖盘
332,14:39:36,8.16,0.01,154,125664,买盘
333,14:39:33,8.15,-0.01,42,34230,卖盘
334,14:39:30,8.16,0.01,55,44880,买盘
335,14:39:27,8.15,-0.01,54,44010,卖盘
336,14:39:24,8.16,--,1,816,买盘
337,14:39:21,8.16,-0.01,330,269280,卖盘
338,14:39:18,8.17,0.01,534,436278,买盘
339,14:39:15,8.16,--,159,129744,卖盘
340,14:39:12,8.16,--,113,92208,卖盘
341,14:39:09,8.16,--,7,5712,卖盘
342,14:39:06,8.16,--,507,413712,买盘
343,14:39:03,8.16,--,60,48960,买盘
344,14:39:00,8.16,0.01,31,25296,买盘
345,14:38:57,8.15,-0.01,15,12225,买盘
346,14:38:54,8.16,0.01,718,585888,买盘
347,14:38:48,8.15,--,280,228200,买盘
348,14:38:45,8.15,0.02,15,12225,买盘
349,14:38:42,8.13,-0.01,725,589425,卖盘
350,14:38:39,8.14,0.01,2,1628,卖盘
351,14:38:36,8.13,-0.01,142,115446,卖盘
352,14:38:33,8.14,0.01,64,52096,买盘
353,14:38:30,8.13,0.01,179,145527,买盘
354,14:38:27,8.12,-0.01,36,29231,卖盘
355,14:38:24,8.13,0.01,66,53658,买盘
356,14:38:21,8.12,-0.01,10,8119,卖盘
357,14:38:18,8.13,--,148,120324,卖盘
358,14:38:15,8.13,--,884,718692,买盘
359,14:38:12,8.13,--,70,56910,卖盘
360,14:38:09,8.13,-0.01,9,7317,卖盘
361,14:38:06,8.14,0.01,22,17908,买盘
362,14:38:03,8.13,--,85,69105,买盘
363,14:38:00,8.13,--,16,13008,买盘
364,14:37:57,8.13,-0.01,19,15447,卖盘
365,14:37:54,8.14,0.01,774,630361,买盘
366,14:37:51,8.13,--,403,327639,卖盘
367,14:37:48,8.13,0.01,163,132519,买盘
368,14:37:45,8.12,-0.01,227,184323,卖盘
369,14:37:42,8.13,0.01,385,313005,买盘
370,14:37:39,8.12,--,243,197315,卖盘
371,14:37:36,8.12,--,530,430359,买盘
372,14:37:33,8.12,--,221,179451,中性盘
373,14:37:30,8.12,-0.01,55,44659,中性盘
374,14:37:27,8.13,--,271,220323,买盘
375,14:37:24,8.13,0.01,186,151218,买盘
376,14:37:21,8.12,--,301,244411,买盘
377,14:37:18,8.12,0.01,322,261463,买盘
378,14:37:15,8.11,-0.01,109,88399,卖盘
379,14:37:12,8.12,--,333,270396,买盘
380,14:37:09,8.12,--,886,719431,卖盘
381,14:37:06,8.12,--,244,198127,买盘
382,14:37:03,8.12,--,79,64147,买盘
383,14:37:00,8.12,--,3007,2441683,卖盘
384,14:36:57,8.12,-0.01,33,26795,卖盘
385,14:36:54,8.13,--,31,25203,买盘
386,14:36:51,8.13,--,118,95934,买盘
387,14:36:48,8.13,-0.01,65,52845,卖盘
388,14:36:45,8.14,0.01,16,13024,买盘
389,14:36:42,8.13,-0.01,11,8943,中性盘
390,14:36:39,8.14,0.02,41,33374,买盘
391,14:36:36,8.12,-0.02,95,77139,卖盘
392,14:36:33,8.14,0.02,107,87098,买盘
393,14:36:30,8.12,-0.01,539,437667,卖盘
394,14:36:27,8.13,--,21,17073,买盘
395,14:36:24,8.13,0.01,122,99186,中性盘
396,14:36:21,8.12,-0.02,143,116115,卖盘
397,14:36:18,8.14,--,63,51282,买盘
398,14:36:15,8.14,--,20,16280,买盘
399,14:36:12,8.14,--,4010,3264140,卖盘
400,14:36:09,8.14,--,78,63492,卖盘
401,14:36:06,8.14,-0.01,87,70818,卖盘
402,14:36:03,8.15,--,1619,1319485,买盘
403,14:36:00,8.15,--,47,38305,买盘
404,14:35:57,8.15,0.01,36,29340,买盘
405,14:35:54,8.14,--,167,135938,卖盘
406,14:35:51,8.14,--,168,136752,卖盘
407,14:35:48,8.14,--,66,53724,卖盘
408,14:35:45,8.14,-0.01,20,16280,卖盘
409,14:35:42,8.15,--,10,8150,买盘
410,14:35:39,8.15,0.01,13,10595,中性盘
411,14:35:36,8.14,--,199,161986,卖盘
412,14:35:33,8.14,-0.02,62,50468,卖盘
413,14:35:30,8.16,0.01,7,5712,买盘
414,14:35:27,8.15,0.01,91,74165,买盘
415,14:35:24,8.14,-0.01,36,29304,卖盘
416,14:35:21,8.15,-0.01,1569,1278735,卖盘
417,14:35:18,8.16,--,148,120768,买盘
418,14:35:15,8.16,0.01,68,55488,买盘
419,14:35:12,8.15,-0.01,72,58680,卖盘
420,14:35:09,8.16,--,50,40800,买盘
421,14:35:06,8.16,0.01,2,1632,买盘
422,14:35:03,8.15,-0.02,70,57050,卖盘
423,14:35:00,8.17,0.01,20,16340,买盘
424,14:34:57,8.16,--,131,106896,买盘
425,14:34:54,8.16,-0.01,120,97920,卖盘
426,14:34:51,8.17,0.01,236,192812,买盘
427,14:34:48,8.16,--,28,22848,卖盘
428,14:34:45,8.16,--,41,33456,卖盘
429,14:34:42,8.16,--,175,142800,卖盘
430,14:34:39,8.16,--,1,816,卖盘
431,14:34:36,8.16,-0.01,95,77520,卖盘
432,14:34:33,8.17,--,120,98040,买盘
433,14:34:30,8.17,0.01,8,6536,买盘
434,14:34:27,8.16,-0.01,52,42432,卖盘
435,14:34:24,8.17,0.01,224,183008,买盘
436,14:34:21,8.16,--,34,27744,卖盘
437,14:34:18,8.16,--,106,86496,卖盘
438,14:34:15,8.16,--,18,14688,卖盘
439,14:34:12,8.16,--,203,165648,买盘
440,14:34:09,8.16,--,326,266016,卖盘
441,14:34:06,8.16,-0.01,3,2448,卖盘
442,14:34:03,8.17,--,50,40850,买盘
443,14:34:00,8.17,--,7,5719,买盘
444,14:33:57,8.17,0.01,211,172387,买盘
445,14:33:54,8.16,--,25,20400,卖盘
446,14:33:51,8.16,--,311,253776,买盘
447,14:33:48,8.16,--,182,148512,买盘
448,14:33:42,8.16,0.01,41,33456,买盘
449,14:33:39,8.15,-0.01,169,137735,卖盘
450,14:33:36,8.16,--,122,99552,买盘
451,14:33:33,8.16,0.01,10,8160,买盘
452,14:33:30,8.15,--,105,85575,卖盘
453,14:33:27,8.15,--,23,18745,卖盘
454,14:33:24,8.15,--,136,110840,卖盘
455,14:33:21,8.15,-0.01,47,38305,卖盘
456,14:33:18,8.16,0.01,19,15504,买盘
457,14:33:15,8.15,-0.01,185,150775,卖盘
458,14:33:12,8.16,--,2,1632,买盘
459,14:33:09,8.16,--,14,11424,买盘
460,14:33:06,8.16,--,9,7344,买盘
461,14:33:03,8.16,0.01,10,8160,买盘
462,14:33:00,8.15,-0.01,12,9780,卖盘
463,14:32:57,8.16,--,22,17952,买盘
464,14:32:54,8.16,--,8,6528,买盘
465,14:32:51,8.16,0.01,12,9792,买盘
466,14:32:48,8.15,--,173,140995,卖盘
467,14:32:45,8.15,-0.01,5,4075,卖盘
468,14:32:42,8.16,0.01,14,11424,买盘
469,14:32:39,8.15,--,53,43195,卖盘
470,14:32:36,8.15,-0.01,2,1630,卖盘
471,14:32:33,8.16,0.01,341,278256,买盘
472,14:32:30,8.15,-0.01,767,625105,卖盘
473,14:32:27,8.16,0.01,4,3264,买盘
474,14:32:24,8.15,-0.01,112,91280,卖盘
475,14:32:21,8.16,0.01,128,104448,买盘
476,14:32:18,8.15,-0.01,25,20375,卖盘
477,14:32:15,8.16,0.01,16,13056,买盘
478,14:32:09,8.15,-0.01,106,86390,卖盘
479,14:32:03,8.16,--,20,16320,买盘
480,14:32:00,8.16,0.01,74,60384,买盘
481,14:31:57,8.15,-0.01,18,14670,卖盘
482,14:31:54,8.16,0.01,16,13056,买盘
483,14:31:51,8.15,-0.01,395,321925,卖盘
484,14:31:48,8.16,--,6,4896,买盘
485,14:31:45,8.16,0.01,103,84048,买盘
486,14:31:42,8.15,-0.01,29,23635,中性盘
487,14:31:36,8.16,--,258,210528,买盘
488,14:31:33,8.16,--,15,12240,买盘
489,14:31:30,8.16,--,38,31008,买盘
490,14:31:27,8.16,--,196,159936,买盘
491,14:31:24,8.16,0.01,6,4896,买盘
492,14:31:21,8.15,-0.01,343,279545,卖盘
493,14:31:18,8.16,--,148,120768,买盘
494,14:31:15,8.16,0.01,7,5712,买盘
495,14:31:12,8.15,--,129,105135,卖盘
496,14:31:09,8.15,--,32,26080,卖盘
497,14:31:06,8.15,--,21,17115,卖盘
498,14:31:03,8.15,0.01,216,176040,卖盘
499,14:31:00,8.14,--,218,177452,卖盘
500,14:30:57,8.14,-0.01,116,94424,卖盘
501,14:30:54,8.15,--,130,105950,卖盘
502,14:30:51,8.15,-0.01,17,13855,卖盘
503,14:30:48,8.16,0.01,11,8976,买盘
504,14:30:45,8.15,--,86,70473,买盘
505,14:30:42,8.15,--,157,127955,买盘
506,14:30:39,8.15,--,136,110840,买盘
507,14:30:36,8.15,--,57,46455,买盘
508,14:30:33,8.15,--,17,13855,买盘
509,14:30:30,8.15,0.01,107,87205,买盘
510,14:30:27,8.14,-0.01,248,201872,卖盘
511,14:30:24,8.15,--,397,323555,买盘
512,14:30:21,8.15,--,14,11410,买盘
513,14:30:18,8.15,0.01,80,65200,买盘
514,14:30:15,8.14,-0.01,59,48026,卖盘
515,14:30:12,8.15,--,37,30155,买盘
516,14:30:09,8.15,--,322,262861,卖盘
517,14:30:06,8.15,-0.01,30,24450,卖盘
518,14:30:03,8.16,0.01,145,118320,买盘
519,14:30:00,8.15,--,123,100245,卖盘
520,14:29:57,8.15,--,288,235103,买盘
521,14:29:54,8.15,--,386,315021,卖盘
522,14:29:51,8.15,--,3,2445,卖盘
523,14:29:48,8.15,-0.01,74,60310,卖盘
524,14:29:45,8.16,0.01,712,580992,买盘
525,14:29:42,8.15,--,119,96985,卖盘
526,14:29:39,8.15,-0.01,615,501225,卖盘
527,14:29:36,8.16,--,23,18768,买盘
528,14:29:33,8.16,--,151,123216,买盘
529,14:29:30,8.16,0.01,25,20400,买盘
530,14:29:27,8.15,--,173,140995,卖盘
531,14:29:24,8.15,--,40,32600,卖盘
532,14:29:21,8.15,-0.01,143,116545,卖盘
533,14:29:18,8.16,0.01,37,30192,买盘
534,14:29:15,8.15,--,729,594135,卖盘
535,14:29:12,8.15,-0.01,216,176040,卖盘
536,14:29:09,8.16,--,360,293760,买盘
537,14:29:06,8.16,--,343,279888,买盘
538,14:29:03,8.16,--,211,172176,买盘
539,14:29:00,8.16,0.01,224,182784,买盘
540,14:28:57,8.15,--,15,12225,卖盘
541,14:28:54,8.15,--,64,52160,卖盘
542,14:28:51,8.15,-0.01,852,694380,卖盘
543,14:28:48,8.16,--,192,156672,买盘
544,14:28:45,8.16,0.01,85,69360,买盘
545,14:28:42,8.15,-0.01,121,98615,卖盘
546,14:28:39,8.16,--,35,28560,买盘
547,14:28:36,8.16,--,108,88128,买盘
548,14:28:33,8.16,0.01,108,88128,买盘
549,14:28:30,8.15,-0.01,24,19560,卖盘
550,14:28:27,8.16,0.01,554,452064,买盘
551,14:28:21,8.15,-0.01,80,65200,卖盘
552,14:28:18,8.16,0.01,4,3264,买盘
553,14:28:15,8.15,-0.01,91,74548,卖盘
554,14:28:12,8.16,--,230,187680,买盘
555,14:28:09,8.16,0.01,77,62832,买盘
556,14:28:06,8.15,-0.01,178,145070,卖盘
557,14:28:03,8.16,0.01,33,26928,买盘
558,14:28:00,8.15,--,396,322740,卖盘
559,14:27:57,8.15,--,361,294215,卖盘
560,14:27:51,8.15,-0.01,17,13855,卖盘
561,14:27:48,8.16,0.01,14,11424,买盘
562,14:27:45,8.15,-0.01,7,5705,卖盘
563,14:27:42,8.16,--,19,15504,买盘
564,14:27:39,8.16,0.01,79,64464,买盘
565,14:27:36,8.15,-0.01,133,108395,卖盘
566,14:27:33,8.16,--,2041,1665456,卖盘
567,14:27:30,8.16,--,116,94656,卖盘
568,14:27:27,8.16,-0.01,873,712368,卖盘
569,14:27:24,8.17,0.01,8,6536,买盘
570,14:27:21,8.16,-0.01,52,42432,卖盘
571,14:27:18,8.17,0.01,15,12255,买盘
572,14:27:15,8.16,--,101,82416,卖盘
573,14:27:12,8.16,--,13,10608,卖盘
574,14:27:09,8.16,-0.01,89,72624,卖盘
575,14:27:06,8.17,0.01,9,7353,买盘
576,14:27:03,8.16,--,46,37536,卖盘
577,14:27:00,8.16,-0.01,42,34272,卖盘
578,14:26:57,8.17,-0.01,257,209969,卖盘
579,14:26:54,8.18,0.01,219,179142,买盘
580,14:26:51,8.17,--,100,81700,买盘
581,14:26:48,8.17,0.01,16,13072,买盘
582,14:26:45,8.16,--,278,226848,卖盘
583,14:26:42,8.16,--,3,2448,卖盘
584,14:26:39,8.16,-0.01,86,70176,卖盘
585,14:26:36,8.17,--,54,44118,买盘
586,14:26:33,8.17,0.01,24,19608,买盘
587,14:26:30,8.16,--,79,64464,卖盘
588,14:26:27,8.16,--,61,49776,卖盘
589,14:26:24,8.16,-0.01,955,779280,卖盘
590,14:26:21,8.17,--,780,637260,卖盘
591,14:26:18,8.17,--,516,421572,卖盘
592,14:26:15,8.17,-0.01,700,571900,卖盘
593,14:26:12,8.18,--,258,211044,买盘
594,14:26:09,8.18,--,345,282210,买盘
595,14:26:06,8.18,0.01,18,14724,买盘
596,14:26:03,8.17,-0.01,168,137256,卖盘
597,14:26:00,8.18,0.01,107,87526,买盘
598,14:25:57,8.17,-0.01,247,201799,卖盘
599,14:25:54,8.18,0.01,184,150512,买盘
600,14:25:51,8.17,-0.01,46,37582,卖盘
601,14:25:48,8.18,0.01,37,30266,买盘
602,14:25:45,8.17,-0.01,129,105393,卖盘
603,14:25:42,8.18,0.01,12,9816,买盘
604,14:25:39,8.17,--,110,89870,卖盘
605,14:25:36,8.17,--,16,13072,卖盘
606,14:25:33,8.17,--,75,61275,卖盘
607,14:25:30,8.17,-0.01,83,67811,卖盘
608,14:25:27,8.18,0.01,14,11452,买盘
609,14:25:24,8.17,--,153,125001,卖盘
610,14:25:21,8.17,-0.01,170,138890,卖盘
611,14:25:18,8.18,0.01,58,47444,买盘
612,14:25:15,8.17,--,223,182191,卖盘
613,14:25:12,8.17,-0.01,33,26961,卖盘
614,14:25:09,8.18,0.01,34,27812,买盘
615,14:25:06,8.17,-0.01,270,220590,卖盘
616,14:25:03,8.18,--,30,24540,买盘
617,14:25:00,8.18,0.01,71,58078,买盘
618,14:24:57,8.17,--,34,27778,卖盘
619,14:24:54,8.17,--,28,22876,卖盘
620,14:24:51,8.17,-0.01,53,43301,卖盘
621,14:24:48,8.18,--,9,7362,买盘
622,14:24:45,8.18,-0.01,122,99796,卖盘
623,14:24:42,8.19,--,56,45864,买盘
624,14:24:39,8.19,--,5,4094,买盘
625,14:24:36,8.19,0.01,15,12285,买盘
626,14:24:33,8.18,-0.01,954,780372,卖盘
627,14:24:30,8.19,--,38,31121,买盘
628,14:24:27,8.19,0.01,42,34398,买盘
629,14:24:24,8.18,--,36,29448,卖盘
630,14:24:21,8.18,-0.01,9,7362,卖盘
631,14:24:18,8.19,--,2,1638,买盘
632,14:24:12,8.19,--,591,484028,买盘
633,14:24:09,8.19,0.01,37,30302,卖盘
634,14:24:06,8.18,-0.02,37,30266,卖盘
635,14:24:03,8.2,0.02,5,4100,买盘
636,14:24:00,8.18,-0.01,58,47444,卖盘
637,14:23:57,8.19,--,4,3276,买盘
638,14:23:51,8.19,--,26,21294,买盘
639,14:23:48,8.19,-0.01,256,209664,卖盘
640,14:23:45,8.2,0.01,32,26239,买盘
641,14:23:42,8.19,-0.01,148,121211,卖盘
642,14:23:39,8.2,0.01,19,15579,买盘
643,14:23:33,8.19,-0.01,86,70434,卖盘
644,14:23:30,8.2,--,79,64779,买盘
645,14:23:27,8.2,--,52,42639,买盘
646,14:23:24,8.2,0.01,7,5739,买盘
647,14:23:21,8.19,-0.01,2,1638,卖盘
648,14:23:18,8.2,0.01,53,43459,买盘
649,14:23:15,8.19,--,25,20475,卖盘
650,14:23:12,8.19,--,135,110565,卖盘
651,14:23:09,8.19,--,36,29484,卖盘
652,14:23:06,8.19,-0.01,25,20475,卖盘
653,14:23:03,8.2,--,1,819,买盘
654,14:23:00,8.2,0.01,10,8200,买盘
655,14:22:57,8.19,--,3,2457,卖盘
656,14:22:54,8.19,-0.01,57,46683,卖盘
657,14:22:48,8.2,--,2,1639,买盘
658,14:22:45,8.2,--,94,77080,买盘
659,14:22:42,8.2,--,2,1639,买盘
660,14:22:39,8.2,0.01,109,89379,买盘
661,14:22:36,8.19,-0.01,40,32759,卖盘
662,14:22:33,8.2,--,15,12299,买盘
663,14:22:30,8.2,0.01,11,9020,买盘
664,14:22:27,8.19,-0.01,70,57330,卖盘
665,14:22:24,8.2,0.01,6,4920,买盘
666,14:22:21,8.19,-0.01,2,1638,卖盘
667,14:22:18,8.2,0.01,2,1639,买盘
668,14:22:15,8.19,-0.01,10,8189,卖盘
669,14:22:12,8.2,--,2,1639,买盘
670,14:22:09,8.2,--,9,7379,买盘
671,14:22:06,8.2,--,48,39671,卖盘
672,14:22:03,8.2,--,788,646160,卖盘
673,14:22:00,8.2,-0.01,57,46739,卖盘
674,14:21:57,8.21,0.01,12,9852,买盘
675,14:21:54,8.2,-0.01,24,19680,卖盘
676,14:21:48,8.21,0.01,17,13957,买盘
677,14:21:45,8.2,-0.01,148,121359,卖盘
678,14:21:42,8.21,0.01,7,5747,买盘
679,14:21:39,8.2,--,7,5739,卖盘
680,14:21:33,8.2,--,20,16400,卖盘
681,14:21:30,8.2,--,117,96448,卖盘
682,14:21:24,8.2,--,234,191879,卖盘
683,14:21:21,8.2,-0.01,4,3279,卖盘
684,14:21:18,8.21,0.01,3,2463,买盘
685,14:21:15,8.2,-0.01,16,13119,卖盘
686,14:21:12,8.21,--,27,22167,买盘
687,14:21:09,8.21,--,81,66501,买盘
688,14:21:06,8.21,0.01,1,821,买盘
689,14:21:03,8.2,--,3,2460,卖盘
690,14:21:00,8.2,-0.01,1,819,卖盘
691,14:20:57,8.21,--,6,4926,买盘
692,14:20:51,8.21,0.01,88,72248,买盘
693,14:20:48,8.2,--,3,2460,卖盘
694,14:20:45,8.2,-0.01,18,14759,卖盘
695,14:20:42,8.21,0.01,1,821,买盘
696,14:20:39,8.2,-0.01,177,145140,卖盘
697,14:20:36,8.21,0.01,19,15599,买盘
698,14:20:33,8.2,--,3,2460,卖盘
699,14:20:30,8.2,--,1,819,卖盘
700,14:20:27,8.2,--,1,819,卖盘
701,14:20:21,8.2,-0.01,109,89379,卖盘
702,14:20:18,8.21,0.01,2,1642,买盘
703,14:20:15,8.2,--,32,26239,卖盘
704,14:20:12,8.2,--,310,254199,买盘
705,14:20:09,8.2,--,9,7379,买盘
706,14:20:06,8.2,--,21,17220,买盘
707,14:20:03,8.2,--,137,112339,买盘
708,14:20:00,8.2,--,115,94299,买盘
709,14:19:57,8.2,--,41,33620,买盘
710,14:19:54,8.2,--,9,7379,买盘
711,14:19:48,8.2,--,181,148420,卖盘
712,14:19:45,8.2,-0.01,15,12299,卖盘
713,14:19:42,8.21,--,16,13136,买盘
714,14:19:39,8.21,0.01,1,821,买盘
715,14:19:33,8.2,0.01,425,348499,买盘
716,14:19:30,8.19,--,17,13923,卖盘
717,14:19:27,8.19,-0.01,16,13104,卖盘
718,14:19:24,8.2,0.01,107,87739,买盘
719,14:19:21,8.19,-0.01,56,45864,卖盘
720,14:19:18,8.2,--,53,43459,买盘
721,14:19:15,8.2,0.01,66,54119,买盘
722,14:19:12,8.19,-0.01,12,9828,卖盘
723,14:19:09,8.2,--,66,54119,买盘
724,14:19:06,8.2,0.01,6,4920,买盘
725,14:19:03,8.19,-0.01,33,27027,卖盘
726,14:19:00,8.2,0.01,85,69700,买盘
727,14:18:57,8.19,-0.01,13,10647,卖盘
728,14:18:51,8.2,--,39,31979,买盘
729,14:18:48,8.2,--,3,2460,买盘
730,14:18:45,8.2,--,2,1639,买盘
731,14:18:42,8.2,--,32,26239,买盘
732,14:18:39,8.2,--,456,373919,买盘
733,14:18:36,8.2,--,2,1639,买盘
734,14:18:33,8.2,--,2,1639,买盘
735,14:18:30,8.2,--,68,55759,买盘
736,14:18:27,8.2,0.01,37,30339,买盘
737,14:18:24,8.19,--,1,819,卖盘
738,14:18:21,8.19,-0.01,14,11466,卖盘
739,14:18:18,8.2,0.01,4,3279,买盘
740,14:18:15,8.19,-0.01,11,9009,卖盘
741,14:18:12,8.2,0.01,125,102499,买盘
742,14:18:09,8.19,--,39,31940,卖盘
743,14:18:06,8.19,-0.01,1,819,卖盘
744,14:18:03,8.2,0.01,1283,1052060,买盘
745,14:18:00,8.19,--,10,8189,卖盘
746,14:17:57,8.19,--,106,86814,卖盘
747,14:17:54,8.19,--,126,103194,卖盘
748,14:17:51,8.19,--,76,62243,卖盘
749,14:17:48,8.19,-0.01,16,13104,卖盘
750,14:17:42,8.2,--,2,1639,买盘
751,14:17:39,8.2,0.01,14,11479,买盘
752,14:17:36,8.19,--,30,24570,卖盘
753,14:17:33,8.19,--,236,193284,卖盘
754,14:17:30,8.19,--,2,1638,卖盘
755,14:17:27,8.19,--,18,14742,卖盘
756,14:17:24,8.19,-0.01,13,10647,卖盘
757,14:17:21,8.2,0.01,11,9020,买盘
758,14:17:18,8.19,--,33,27027,卖盘
759,14:17:12,8.19,--,75,61424,卖盘
760,14:17:09,8.19,--,498,407862,买盘
761,14:17:06,8.19,--,62,50778,买盘
762,14:17:03,8.19,--,3,2457,买盘
763,14:17:00,8.19,--,47,38493,买盘
764,14:16:57,8.19,--,74,60605,买盘
765,14:16:54,8.19,0.01,11,9009,买盘
766,14:16:51,8.18,--,13,10634,卖盘
767,14:16:48,8.18,--,49,40082,卖盘
768,14:16:45,8.18,--,1,818,卖盘
769,14:16:42,8.18,--,54,44172,卖盘
770,14:16:39,8.18,--,66,53988,卖盘
771,14:16:36,8.18,-0.01,178,145604,卖盘
772,14:16:33,8.19,0.01,14,11466,买盘
773,14:16:30,8.18,--,4,3272,卖盘
774,14:16:27,8.18,--,2,1636,卖盘
775,14:16:24,8.18,-0.01,333,272394,卖盘
776,14:16:21,8.19,--,6,4914,买盘
777,14:16:18,8.19,--,11,9009,买盘
778,14:16:12,8.19,0.01,57,46683,买盘
779,14:16:09,8.18,-0.01,10,8180,卖盘
780,14:16:06,8.19,0.01,86,70434,买盘
781,14:16:03,8.18,--,127,103886,卖盘
782,14:16:00,8.18,--,5,4090,卖盘
783,14:15:57,8.18,-0.01,33,26994,卖盘
784,14:15:51,8.19,--,29,23751,买盘
785,14:15:48,8.19,--,67,54873,买盘
786,14:15:42,8.19,0.01,200,163800,买盘
787,14:15:39,8.18,-0.01,28,22904,卖盘
788,14:15:36,8.19,0.01,82,67158,买盘
789,14:15:33,8.18,--,36,29448,卖盘
790,14:15:30,8.18,-0.01,1,818,卖盘
791,14:15:27,8.19,--,5,4094,买盘
792,14:15:24,8.19,0.01,33,27027,买盘
793,14:15:21,8.18,--,55,44990,卖盘
794,14:15:18,8.18,-0.01,21,17178,卖盘
795,14:15:15,8.19,0.01,10,8189,买盘
796,14:15:09,8.18,--,34,27812,卖盘
797,14:15:06,8.18,-0.01,132,107976,卖盘
798,14:15:03,8.19,0.01,40,32759,买盘
799,14:15:00,8.18,--,52,42536,卖盘
800,14:14:57,8.18,--,32,26176,卖盘
801,14:14:54,8.18,-0.01,65,53170,卖盘
802,14:14:51,8.19,0.01,13,10647,买盘
803,14:14:48,8.18,--,37,30266,卖盘
804,14:14:45,8.18,--,301,246218,卖盘
805,14:14:42,8.18,-0.01,2,1636,卖盘
806,14:14:39,8.19,--,49,40131,买盘
807,14:14:36,8.19,0.01,16,13104,买盘
808,14:14:33,8.18,--,131,107158,卖盘
809,14:14:30,8.18,--,97,79346,卖盘
810,14:14:27,8.18,--,16,13088,卖盘
811,14:14:24,8.18,-0.01,1,818,卖盘
812,14:14:21,8.19,--,5,4094,买盘
813,14:14:15,8.19,0.01,5,4094,买盘
814,14:14:12,8.18,0.01,69,56442,买盘
815,14:14:09,8.17,-0.01,2,1634,卖盘
816,14:14:06,8.18,--,15,12270,买盘
817,14:14:03,8.18,0.01,85,69530,买盘
818,14:14:00,8.17,--,204,166668,卖盘
819,14:13:57,8.17,--,18,14706,卖盘
820,14:13:54,8.17,--,107,87419,卖盘
821,14:13:51,8.17,--,11,8987,卖盘
822,14:13:45,8.17,-0.01,125,102125,卖盘
823,14:13:42,8.18,0.01,20,16360,买盘
824,14:13:39,8.17,--,44,35948,卖盘
825,14:13:36,8.17,--,36,29412,卖盘
826,14:13:33,8.17,-0.01,42,34314,卖盘
827,14:13:30,8.18,0.01,87,71166,买盘
828,14:13:27,8.17,--,4,3268,卖盘
829,14:13:24,8.17,--,132,107844,卖盘
830,14:13:21,8.17,--,26,21242,卖盘
831,14:13:15,8.17,--,16,13072,卖盘
832,14:13:12,8.17,-0.01,5,4085,卖盘
833,14:13:09,8.18,0.01,86,70348,买盘
834,14:13:06,8.17,-0.01,3,2451,卖盘
835,14:13:03,8.18,0.01,302,247036,买盘
836,14:13:00,8.17,--,1,817,卖盘
837,14:12:57,8.17,--,41,33497,卖盘
838,14:12:54,8.17,-0.01,2,1634,卖盘
839,14:12:51,8.18,0.01,47,38446,买盘
840,14:12:45,8.17,-0.01,21,17157,卖盘
841,14:12:42,8.18,--,36,29448,卖盘
842,14:12:39,8.18,--,26,21268,卖盘
843,14:12:36,8.18,--,1,818,卖盘
844,14:12:33,8.18,--,1,818,卖盘
845,14:12:30,8.18,--,86,70348,卖盘
846,14:12:27,8.18,--,7,5726,卖盘
847,14:12:24,8.18,--,438,358284,买盘
848,14:12:21,8.18,--,310,253580,买盘
849,14:12:18,8.18,--,49,40082,买盘
850,14:12:15,8.18,0.01,9,7362,买盘
851,14:12:12,8.17,--,54,44118,卖盘
852,14:12:09,8.17,--,9,7353,卖盘
853,14:12:06,8.17,-0.01,17,13889,卖盘
854,14:12:03,8.18,--,10,8180,买盘
855,14:12:00,8.18,0.01,54,44172,买盘
856,14:11:57,8.17,--,72,58824,卖盘
857,14:11:48,8.17,-0.01,219,178923,卖盘
858,14:11:45,8.18,--,41,33538,卖盘
859,14:11:42,8.18,--,173,141514,卖盘
860,14:11:36,8.18,--,92,75256,卖盘
861,14:11:33,8.18,--,61,49898,卖盘
862,14:11:30,8.18,--,51,41718,卖盘
863,14:11:27,8.18,-0.01,5,4090,卖盘
864,14:11:24,8.19,0.01,17,13923,买盘
865,14:11:21,8.18,--,65,53170,卖盘
866,14:11:18,8.18,--,94,76892,卖盘
867,14:11:15,8.18,--,312,255216,卖盘
868,14:11:12,8.18,-0.01,82,67076,卖盘
869,14:11:09,8.19,-0.01,169,138411,卖盘
870,14:11:06,8.2,0.02,148,121359,买盘
871,14:11:03,8.18,-0.01,16,13088,卖盘
872,14:11:00,8.19,--,86,70434,买盘
873,14:10:57,8.19,--,223,182637,买盘
874,14:10:54,8.19,0.01,301,246518,买盘
875,14:10:48,8.18,--,56,45808,卖盘
876,14:10:45,8.18,--,26,21268,卖盘
877,14:10:42,8.18,-0.01,45,36810,卖盘
878,14:10:39,8.19,--,122,99918,买盘
879,14:10:36,8.19,0.01,18,14742,买盘
880,14:10:33,8.18,--,28,22904,卖盘
881,14:10:30,8.18,--,60,49080,卖盘
882,14:10:27,8.18,--,73,59714,卖盘
883,14:10:21,8.18,-0.01,221,180778,卖盘
884,14:10:18,8.19,--,201,164619,卖盘
885,14:10:15,8.19,--,401,328419,卖盘
886,14:10:12,8.19,--,636,520883,卖盘
887,14:10:09,8.19,--,222,181818,买盘
888,14:10:06,8.19,--,69,56511,买盘
889,14:10:03,8.19,--,621,508598,买盘
890,14:10:00,8.19,0.01,65,53235,买盘
891,14:09:57,8.18,--,201,164418,卖盘
892,14:09:54,8.18,-0.01,52,42536,卖盘
893,14:09:51,8.19,0.01,3082,2524158,买盘
894,14:09:48,8.18,-0.01,1,818,卖盘
895,14:09:45,8.19,-0.01,565,462735,卖盘
896,14:09:39,8.2,--,95,77900,买盘
897,14:09:36,8.2,0.01,300,245999,买盘
898,14:09:33,8.19,-0.01,39,31940,卖盘
899,14:09:30,8.2,0.01,21,17220,买盘
900,14:09:27,8.19,--,345,282555,卖盘
901,14:09:24,8.19,--,19,15560,卖盘
902,14:09:21,8.19,-0.01,35,28665,卖盘
903,14:09:18,8.2,0.01,106,86919,买盘
904,14:09:15,8.19,--,20,16379,卖盘
905,14:09:12,8.19,--,229,187551,卖盘
906,14:09:09,8.19,-0.01,2,1638,卖盘
907,14:09:06,8.2,0.01,148,121359,买盘
908,14:09:03,8.19,--,92,75348,卖盘
909,14:09:00,8.19,--,7,5733,卖盘
910,14:08:57,8.19,--,1,819,卖盘
911,14:08:54,8.19,--,14,11466,买盘
912,14:08:51,8.19,--,9,7371,买盘
913,14:08:48,8.19,0.01,226,185094,买盘
914,14:08:45,8.18,--,110,89980,卖盘
915,14:08:42,8.18,--,290,237220,卖盘
916,14:08:39,8.18,--,362,296116,卖盘
917,14:08:33,8.18,--,21,17178,卖盘
918,14:08:30,8.18,--,1,818,卖盘
919,14:08:27,8.18,--,20,16360,卖盘
920,14:08:21,8.18,--,7,5726,卖盘
921,14:08:18,8.18,--,51,41718,卖盘
922,14:08:09,8.18,-0.01,13,10634,卖盘
923,14:08:06,8.19,--,16,13104,买盘
924,14:08:03,8.19,0.01,41,33579,买盘
925,14:08:00,8.18,--,28,22904,卖盘
926,14:07:57,8.18,--,31,25358,卖盘
927,14:07:54,8.18,--,21,17178,卖盘
928,14:07:51,8.18,-0.02,155,126790,卖盘
929,14:07:48,8.2,0.01,95,77900,买盘
930,14:07:45,8.19,--,758,620802,卖盘
931,14:07:42,8.19,--,153,125306,买盘
932,14:07:39,8.19,0.01,6,4914,买盘
933,14:07:36,8.18,-0.01,1,818,卖盘
934,14:07:33,8.19,0.01,169,138411,买盘
935,14:07:30,8.18,--,11,8998,卖盘
936,14:07:27,8.18,--,5,4090,卖盘
937,14:07:24,8.18,-0.01,8,6544,卖盘
938,14:07:18,8.19,0.01,1,819,买盘
939,14:07:15,8.18,--,1,818,卖盘
940,14:07:12,8.18,-0.01,25,20450,卖盘
941,14:07:09,8.19,0.01,99,81081,买盘
942,14:07:06,8.18,--,30,24540,卖盘
943,14:07:00,8.18,-0.01,2,1636,卖盘
944,14:06:57,8.19,0.01,242,198198,买盘
945,14:06:54,8.18,--,77,62986,卖盘
946,14:06:51,8.18,--,11,8998,卖盘
947,14:06:48,8.18,--,32,26176,卖盘
948,14:06:45,8.18,--,2,1636,卖盘
949,14:06:39,8.18,--,14,11452,卖盘
950,14:06:36,8.18,-0.01,10,8180,卖盘
951,14:06:33,8.19,0.01,135,110565,买盘
952,14:06:30,8.18,--,164,134152,卖盘
953,14:06:27,8.18,-0.01,10,8180,卖盘
954,14:06:24,8.19,0.01,5,4094,买盘
955,14:06:18,8.18,--,105,85890,卖盘
956,14:06:15,8.18,--,42,34356,卖盘
957,14:06:09,8.18,--,10,8180,卖盘
958,14:06:06,8.18,-0.01,33,26994,中性盘
959,14:06:03,8.19,0.01,5,4094,买盘
960,14:06:00,8.18,0.01,39,31902,买盘
961,14:05:57,8.17,-0.01,262,214054,卖盘
962,14:05:54,8.18,--,25,20450,买盘
963,14:05:48,8.18,--,17,13906,卖盘
964,14:05:45,8.18,--,1,818,卖盘
965,14:05:42,8.18,--,400,327200,买盘
966,14:05:39,8.18,--,90,73620,买盘
967,14:05:36,8.18,0.01,220,179960,买盘
968,14:05:33,8.17,--,67,54739,卖盘
969,14:05:30,8.17,--,196,160132,卖盘
970,14:05:27,8.17,--,47,38399,卖盘
971,14:05:24,8.17,-0.01,129,105393,卖盘
972,14:05:21,8.18,0.01,46,37628,买盘
973,14:05:18,8.17,--,165,134805,卖盘
974,14:05:15,8.17,-0.01,2,1634,卖盘
975,14:05:12,8.18,0.01,10,8180,买盘
976,14:05:09,8.17,--,24,19608,卖盘
977,14:05:06,8.17,-0.01,177,144609,卖盘
978,14:05:03,8.18,--,91,74438,买盘
979,14:05:00,8.18,--,77,62986,买盘
980,14:04:57,8.18,0.01,8,6544,买盘
981,14:04:54,8.17,-0.01,14,11438,卖盘
982,14:04:51,8.18,--,20,16360,买盘
983,14:04:48,8.18,--,59,48262,买盘
984,14:04:45,8.18,0.01,125,102250,买盘
985,14:04:39,8.17,--,1,817,卖盘
986,14:04:36,8.17,-0.01,38,31046,卖盘
987,14:04:33,8.18,0.01,38,31084,买盘
988,14:04:30,8.17,--,31,25327,买盘
989,14:04:27,8.17,--,81,66177,买盘
990,14:04:24,8.17,--,352,287584,买盘
991,14:04:21,8.17,--,26,21242,买盘
992,14:04:18,8.17,--,70,57190,买盘
993,14:04:15,8.17,--,63,51471,买盘
994,14:04:12,8.17,--,6,4902,买盘
995,14:04:09,8.17,--,52,42484,买盘
996,14:04:06,8.17,--,63,51471,买盘
997,14:04:03,8.17,--,501,409317,买盘
998,14:04:00,8.17,--,39,31863,买盘
999,14:03:57,8.17,--,173,141341,卖盘
1000,14:03:54,8.17,--,1,817,卖盘
1001,14:03:51,8.17,--,10,8170,卖盘
1002,14:03:48,8.17,--,203,165851,卖盘
1003,14:03:45,8.17,--,18,14706,卖盘
1004,14:03:42,8.17,--,61,49837,卖盘
1005,14:03:39,8.17,--,82,66994,卖盘
1006,14:03:36,8.17,--,50,40850,卖盘
1007,14:03:33,8.17,--,345,281865,卖盘
1008,14:03:30,8.17,--,90,73530,卖盘
1009,14:03:27,8.17,--,109,89053,卖盘
1010,14:03:24,8.17,--,3,2451,卖盘
1011,14:03:21,8.17,--,20,16340,卖盘
1012,14:03:18,8.17,--,45,36765,买盘
1013,14:03:15,8.17,--,233,190361,卖盘
1014,14:03:12,8.17,--,24,19608,卖盘
1015,14:03:09,8.17,--,52,42484,卖盘
1016,14:03:06,8.17,--,102,83334,卖盘
1017,14:03:03,8.17,--,78,63726,卖盘
1018,14:03:00,8.17,--,12,9804,卖盘
1019,14:02:57,8.17,-0.01,3,2451,卖盘
1020,14:02:54,8.18,0.02,65,53170,买盘
1021,14:02:51,8.16,--,52,42432,卖盘
1022,14:02:48,8.16,--,7,5712,卖盘
1023,14:02:45,8.16,-0.01,100,81600,卖盘
1024,14:02:42,8.17,--,5,4085,卖盘
1025,14:02:39,8.17,0.01,311,254087,买盘
1026,14:02:36,8.16,-0.01,40,32640,卖盘
1027,14:02:33,8.17,--,62,50654,买盘
1028,14:02:30,8.17,--,25,20425,买盘
1029,14:02:27,8.17,--,14,11438,卖盘
1030,14:02:24,8.17,--,88,71896,卖盘
1031,14:02:21,8.17,-0.01,812,663404,卖盘
1032,14:02:18,8.18,0.01,370,302660,买盘
1033,14:02:15,8.17,--,8,6536,卖盘
1034,14:02:12,8.17,--,6,4902,卖盘
1035,14:02:09,8.17,-0.01,30,24510,卖盘
1036,14:02:03,8.18,0.01,92,75256,买盘
1037,14:02:00,8.17,--,44,35948,卖盘
1038,14:01:57,8.17,--,60,49020,卖盘
1039,14:01:54,8.17,--,236,192812,卖盘
1040,14:01:51,8.17,--,240,196080,卖盘
1041,14:01:48,8.17,-0.01,868,709156,卖盘
1042,14:01:45,8.18,0.01,35,28630,买盘
1043,14:01:42,8.17,-0.01,345,281865,卖盘
1044,14:01:39,8.18,--,712,582440,卖盘
1045,14:01:36,8.18,--,504,412272,卖盘
1046,14:01:33,8.18,--,638,521884,卖盘
1047,14:01:30,8.18,--,1017,831906,卖盘
1048,14:01:27,8.18,-0.01,212,173416,卖盘
1049,14:01:24,8.19,0.01,19,15560,买盘
1050,14:01:21,8.18,-0.02,5053,4133354,卖盘
1051,14:01:18,8.2,0.01,7,5739,买盘
1052,14:01:15,8.19,--,963,788697,卖盘
1053,14:01:12,8.19,-0.01,322,263718,卖盘
1054,14:01:09,8.2,0.01,22,18040,买盘
1055,14:01:06,8.19,-0.01,17,13923,卖盘
1056,14:01:03,8.2,--,45,36900,买盘
1057,14:01:00,8.2,0.01,462,378839,买盘
1058,14:00:57,8.19,-0.01,801,656019,卖盘
1059,14:00:54,8.2,0.01,15,12299,买盘
1060,14:00:51,8.19,--,15,12285,卖盘
1061,14:00:48,8.19,--,55,45045,卖盘
1062,14:00:45,8.19,--,1,819,卖盘
1063,14:00:42,8.19,--,10,8189,卖盘
1064,14:00:39,8.19,-0.01,116,95004,卖盘
1065,14:00:36,8.2,--,33,27059,卖盘
1066,14:00:33,8.2,--,18,14759,卖盘
1067,14:00:30,8.2,--,12,9840,卖盘
1068,14:00:27,8.2,--,18,14759,买盘
1069,14:00:24,8.2,--,31,25419,买盘
1070,14:00:18,8.2,0.01,17,13939,买盘
1071,14:00:15,8.19,-0.01,157,128582,卖盘
1072,14:00:12,8.2,--,12,9840,卖盘
1073,14:00:09,8.2,--,509,417379,买盘
1074,14:00:06,8.2,--,48,39360,买盘
1075,14:00:03,8.2,--,61,50019,买盘
1076,13:59:57,8.2,--,63,51659,买盘
1077,13:59:54,8.2,0.01,74,60679,买盘
1078,13:59:51,8.19,-0.01,316,258803,卖盘
1079,13:59:48,8.2,--,18,14759,买盘
1080,13:59:45,8.2,0.01,500,409999,买盘
1081,13:59:39,8.19,-0.01,1,819,卖盘
1082,13:59:36,8.2,0.01,61,50019,买盘
1083,13:59:33,8.19,-0.01,10,8189,卖盘
1084,13:59:30,8.2,--,48,39360,买盘
1085,13:59:27,8.2,0.01,48,39360,买盘
1086,13:59:18,8.19,--,131,107289,卖盘
1087,13:59:15,8.19,--,807,660933,卖盘
1088,13:59:12,8.19,--,20,16379,卖盘
1089,13:59:09,8.19,--,36,29484,卖盘
1090,13:59:06,8.19,--,2,1638,卖盘
1091,13:59:03,8.19,--,148,121211,卖盘
1092,13:58:57,8.19,--,1,819,卖盘
1093,13:58:48,8.19,-0.01,1,819,卖盘
1094,13:58:45,8.2,--,11,9020,买盘
1095,13:58:42,8.2,--,12,9840,买盘
1096,13:58:39,8.2,0.01,20,16400,买盘
1097,13:58:36,8.19,--,10,8189,卖盘
1098,13:58:33,8.19,--,10,8189,卖盘
1099,13:58:24,8.19,--,46,37674,卖盘
1100,13:58:21,8.19,--,5,4094,卖盘
1101,13:58:18,8.19,--,26,21294,卖盘
1102,13:58:15,8.19,--,7,5733,卖盘
1103,13:58:12,8.19,--,188,153972,卖盘
1104,13:58:06,8.19,--,351,287469,卖盘
1105,13:58:03,8.19,--,17,13923,卖盘
1106,13:58:00,8.19,-0.01,3,2457,卖盘
1107,13:57:57,8.2,0.01,86,70520,买盘
1108,13:57:51,8.19,-0.01,171,140049,卖盘
1109,13:57:48,8.2,0.01,148,121359,买盘
1110,13:57:42,8.19,-0.01,6,4914,卖盘
1111,13:57:39,8.2,--,9,7379,买盘
1112,13:57:36,8.2,0.01,5,4100,买盘
1113,13:57:33,8.19,-0.01,5,4094,卖盘
1114,13:57:30,8.2,0.01,38,31159,买盘
1115,13:57:27,8.19,--,9,7371,卖盘
1116,13:57:24,8.19,--,47,38493,卖盘
1117,13:57:21,8.19,--,61,49959,卖盘
1118,13:57:18,8.19,--,53,43407,卖盘
1119,13:57:15,8.19,--,4,3276,卖盘
1120,13:57:09,8.19,--,216,176904,卖盘
1121,13:57:06,8.19,-0.01,1,819,卖盘
1122,13:57:03,8.2,0.01,77,63139,买盘
1123,13:56:57,8.19,--,200,163800,卖盘
1124,13:56:54,8.19,--,1,819,卖盘
1125,13:56:51,8.19,--,25,20475,卖盘
1126,13:56:48,8.19,--,1,819,卖盘
1127,13:56:45,8.19,-0.01,5,4094,卖盘
1128,13:56:42,8.2,0.01,1,819,买盘
1129,13:56:39,8.19,-0.01,20,16379,卖盘
1130,13:56:36,8.2,0.01,62,50839,买盘
1131,13:56:33,8.19,--,197,161343,卖盘
1132,13:56:30,8.19,-0.01,2,1638,卖盘
1133,13:56:27,8.2,0.01,103,84459,买盘
1134,13:56:24,8.19,--,52,42588,卖盘
1135,13:56:21,8.19,--,57,46683,卖盘
1136,13:56:18,8.19,--,5,4094,卖盘
1137,13:56:12,8.19,--,1,819,卖盘
1138,13:56:06,8.19,-0.01,4,3276,卖盘
1139,13:56:03,8.2,0.01,9,7379,买盘
1140,13:56:00,8.19,--,71,58149,买盘
1141,13:55:57,8.19,--,1,819,买盘
1142,13:55:54,8.19,--,25,20475,买盘
1143,13:55:51,8.19,0.01,1,819,买盘
1144,13:55:48,8.18,-0.01,121,98978,卖盘
1145,13:55:42,8.19,--,33,27027,买盘
1146,13:55:39,8.19,--,16,13104,买盘
1147,13:55:36,8.19,--,3,2457,买盘
1148,13:55:33,8.19,0.01,10,8189,买盘
1149,13:55:27,8.18,-0.02,128,104704,卖盘
1150,13:55:21,8.2,0.01,16,13119,买盘
1151,13:55:18,8.19,--,62,50778,卖盘
1152,13:55:15,8.19,--,95,77805,卖盘
1153,13:55:12,8.19,--,3,2457,卖盘
1154,13:55:09,8.19,0.01,5,4094,卖盘
1155,13:55:06,8.18,-0.01,69,56442,卖盘
1156,13:55:03,8.19,0.01,514,420966,买盘
1157,13:54:57,8.18,--,12,9816,卖盘
1158,13:54:54,8.18,-0.01,259,211862,卖盘
1159,13:54:51,8.19,--,57,46683,买盘
1160,13:54:48,8.19,--,26,21294,买盘
1161,13:54:45,8.19,0.01,60,49140,买盘
1162,13:54:42,8.18,-0.01,1,818,卖盘
1163,13:54:39,8.19,--,101,82719,买盘
1164,13:54:36,8.19,0.01,2,1638,买盘
1165,13:54:33,8.18,--,10,8180,卖盘
1166,13:54:30,8.18,--,82,67076,卖盘
1167,13:54:27,8.18,-0.01,30,24540,卖盘
1168,13:54:24,8.19,--,3,2457,买盘
1169,13:54:21,8.19,0.01,52,42588,买盘
1170,13:54:12,8.18,--,76,62168,卖盘
1171,13:54:09,8.18,-0.01,90,73620,卖盘
1172,13:54:06,8.19,-0.01,408,334152,卖盘
1173,13:54:03,8.2,0.01,8,6559,买盘
1174,13:54:00,8.19,--,1074,879606,卖盘
1175,13:53:57,8.19,--,23,18837,卖盘
1176,13:53:54,8.19,--,55,45045,卖盘
1177,13:53:51,8.19,-0.01,2,1638,卖盘
1178,13:53:48,8.2,--,42,34440,买盘
1179,13:53:45,8.2,--,72,59039,买盘
1180,13:53:39,8.2,0.01,13,10659,买盘
1181,13:53:36,8.19,--,172,140868,卖盘
1182,13:53:33,8.19,-0.01,352,288288,卖盘
1183,13:53:30,8.2,0.01,401,328820,买盘
1184,13:53:24,8.19,-0.01,5,4094,卖盘
1185,13:53:21,8.2,--,17,13939,买盘
1186,13:53:15,8.2,0.01,55,45099,买盘
1187,13:53:12,8.19,-0.01,107,87633,卖盘
1188,13:53:09,8.2,0.01,12,9840,买盘
1189,13:53:06,8.19,-0.01,34,27846,卖盘
1190,13:53:03,8.2,--,14,11479,买盘
1191,13:52:54,8.2,0.01,224,183679,买盘
1192,13:52:51,8.19,--,6,4914,卖盘
1193,13:52:48,8.19,-0.01,4,3276,卖盘
1194,13:52:45,8.2,0.01,1,819,买盘
1195,13:52:42,8.19,--,16,13104,卖盘
1196,13:52:39,8.19,--,43,35217,卖盘
1197,13:52:36,8.19,--,33,27027,卖盘
1198,13:52:33,8.19,--,11,9009,卖盘
1199,13:52:30,8.19,--,140,114660,卖盘
1200,13:52:18,8.19,-0.01,6,4914,卖盘
1201,13:52:15,8.2,0.01,241,197619,买盘
1202,13:52:12,8.19,--,71,58149,卖盘
1203,13:52:09,8.19,-0.01,92,75348,卖盘
1204,13:52:00,8.2,0.01,8,6559,买盘
1205,13:51:57,8.19,--,1,819,卖盘
1206,13:51:54,8.19,--,39,31940,卖盘
1207,13:51:51,8.19,--,10,8189,卖盘
1208,13:51:48,8.19,--,18,14742,卖盘
1209,13:51:45,8.19,-0.01,201,164619,卖盘
1210,13:51:42,8.2,--,20,16400,卖盘
1211,13:51:39,8.2,0.01,26,21319,买盘
1212,13:51:36,8.19,--,1,819,卖盘
1213,13:51:30,8.19,--,2,1638,卖盘
1214,13:51:27,8.19,--,4,3276,卖盘
1215,13:51:24,8.19,-0.02,1,819,卖盘
1216,13:51:15,8.21,0.02,10,8210,买盘
1217,13:51:12,8.19,-0.01,10,8189,卖盘
1218,13:51:09,8.2,--,1057,866739,卖盘
1219,13:51:06,8.2,-0.01,40,32800,卖盘
1220,13:51:03,8.21,0.01,35,28735,买盘
1221,13:50:57,8.2,--,2,1639,卖盘
1222,13:50:51,8.2,--,16,13119,卖盘
1223,13:50:48,8.2,--,2,1639,卖盘
1224,13:50:45,8.2,--,50,41000,卖盘
1225,13:50:42,8.2,--,201,164820,卖盘
1226,13:50:39,8.2,-0.01,112,91839,卖盘
1227,13:50:36,8.21,0.01,11,9031,买盘
1228,13:50:33,8.2,-0.01,8,6559,卖盘
1229,13:50:30,8.21,0.01,13,10673,买盘
1230,13:50:24,8.2,--,180,147600,卖盘
1231,13:50:21,8.2,--,2,1639,卖盘
1232,13:50:18,8.2,--,1,819,卖盘
1233,13:50:09,8.2,--,17,13939,卖盘
1234,13:50:06,8.2,-0.01,2,1639,卖盘
1235,13:50:03,8.21,0.01,8,6568,买盘
1236,13:49:57,8.2,--,2,1639,卖盘
1237,13:49:48,8.2,--,24,19680,卖盘
1238,13:49:45,8.2,--,3,2460,卖盘
1239,13:49:36,8.2,--,7,5739,卖盘
1240,13:49:33,8.2,--,68,55759,卖盘
1241,13:49:27,8.2,--,1,819,卖盘
1242,13:49:24,8.2,--,1,819,卖盘
1243,13:49:15,8.2,--,36,29519,卖盘
1244,13:49:12,8.2,-0.01,38,31159,卖盘
1245,13:49:09,8.21,0.01,16,13136,买盘
1246,13:49:06,8.2,-0.01,3,2460,卖盘
1247,13:49:03,8.21,0.01,9,7389,买盘
1248,13:49:00,8.2,--,7,5739,卖盘
1249,13:48:54,8.2,--,24,19680,卖盘
1250,13:48:51,8.2,--,114,93479,卖盘
1251,13:48:48,8.2,-0.01,23,18860,卖盘
1252,13:48:45,8.21,0.01,40,32840,买盘
1253,13:48:39,8.2,-0.01,1,819,卖盘
1254,13:48:33,8.21,0.01,3,2463,买盘
1255,13:48:30,8.2,0.01,22,18040,卖盘
1256,13:48:27,8.19,--,2,1638,卖盘
1257,13:48:24,8.19,--,81,66339,卖盘
1258,13:48:21,8.19,-0.01,41,33579,卖盘
1259,13:48:18,8.2,--,39,31979,卖盘
1260,13:48:06,8.2,--,3,2460,卖盘
1261,13:48:03,8.2,-0.01,7,5739,中性盘
1262,13:48:00,8.21,0.01,8,6568,买盘
1263,13:47:57,8.2,0.01,5,4100,中性盘
1264,13:47:54,8.19,-0.01,1,819,卖盘
1265,13:47:51,8.2,--,211,173019,卖盘
1266,13:47:48,8.2,--,1,819,卖盘
1267,13:47:42,8.2,--,55,45099,卖盘
1268,13:47:33,8.2,-0.01,1,819,卖盘
1269,13:47:30,8.21,-0.01,125,102625,中性盘
1270,13:47:27,8.22,0.01,2,1644,买盘
1271,13:47:24,8.21,-0.01,20,16420,卖盘
1272,13:47:21,8.22,--,515,423330,买盘
1273,13:47:18,8.22,--,109,89598,卖盘
1274,13:47:15,8.22,--,3,2466,卖盘
1275,13:47:12,8.22,--,9,7398,卖盘
1276,13:47:09,8.22,--,1,822,卖盘
1277,13:47:06,8.22,-0.01,15,12330,卖盘
1278,13:47:03,8.23,--,20,16460,买盘
1279,13:47:00,8.23,0.01,24,19752,买盘
1280,13:46:57,8.22,0.01,3,2466,买盘
1281,13:46:54,8.21,--,292,239732,卖盘
1282,13:46:51,8.21,0.01,578,474538,买盘
1283,13:46:48,8.2,--,288,236159,买盘
1284,13:46:45,8.2,0.01,82,67240,买盘
1285,13:46:42,8.19,--,669,548705,买盘
1286,13:46:39,8.19,0.01,84,68796,买盘
1287,13:46:36,8.18,-0.01,408,333744,卖盘
1288,13:46:33,8.19,0.01,97,79443,买盘
1289,13:46:30,8.18,-0.01,4,3272,卖盘
1290,13:46:27,8.19,0.01,319,261260,买盘
1291,13:46:24,8.18,-0.01,215,175870,卖盘
1292,13:46:21,8.19,--,20,16379,买盘
1293,13:46:18,8.19,0.01,517,423423,买盘
1294,13:46:15,8.18,-0.01,231,188958,卖盘
1295,13:46:12,8.19,0.01,30,24570,买盘
1296,13:46:09,8.18,--,5,4090,卖盘
1297,13:46:06,8.18,-0.01,4,3272,卖盘
1298,13:46:03,8.19,--,35,28665,买盘
1299,13:46:00,8.19,--,1605,1314519,卖盘
1300,13:45:54,8.19,--,11,9009,卖盘
1301,13:45:51,8.19,--,2561,2097459,卖盘
1302,13:45:48,8.19,--,11,9009,卖盘
1303,13:45:45,8.19,--,20,16379,卖盘
1304,13:45:42,8.19,-0.01,42,34398,卖盘
1305,13:45:36,8.2,0.01,8,6559,买盘
1306,13:45:33,8.19,--,59,48321,卖盘
1307,13:45:30,8.19,--,12,9828,卖盘
1308,13:45:27,8.19,-0.01,16,13104,卖盘
1309,13:45:24,8.2,0.01,10,8200,买盘
1310,13:45:21,8.19,--,16,13104,卖盘
1311,13:45:18,8.19,-0.01,5,4094,卖盘
1312,13:45:15,8.2,0.01,10,8200,买盘
1313,13:45:12,8.19,-0.01,32,26208,卖盘
1314,13:45:09,8.2,--,5,4100,买盘
1315,13:45:06,8.2,--,327,268140,买盘
1316,13:45:00,8.2,0.01,8,6559,买盘
1317,13:44:57,8.19,-0.01,213,174447,卖盘
1318,13:44:54,8.2,--,71,58219,卖盘
1319,13:44:51,8.2,--,259,212379,卖盘
1320,13:44:48,8.2,-0.01,232,190239,卖盘
1321,13:44:45,8.21,--,192,157632,买盘
1322,13:44:42,8.21,0.01,44,36124,买盘
1323,13:44:39,8.2,--,174,142680,卖盘
1324,13:44:36,8.2,--,239,195979,卖盘
1325,13:44:33,8.2,--,41,33620,卖盘
1326,13:44:27,8.2,--,17,13939,卖盘
1327,13:44:24,8.2,--,2,1639,卖盘
1328,13:44:18,8.2,-0.01,1,819,卖盘
1329,13:44:15,8.21,0.01,3,2463,买盘
1330,13:44:12,8.2,--,2,1639,卖盘
1331,13:44:09,8.2,-0.01,96,78720,卖盘
1332,13:44:03,8.21,--,6,4926,买盘
1333,13:44:00,8.21,--,295,242195,买盘
1334,13:43:54,8.21,0.01,442,362882,买盘
1335,13:43:51,8.2,--,1,819,卖盘
1336,13:43:48,8.2,--,30,24599,卖盘
1337,13:43:45,8.2,--,26,21319,卖盘
1338,13:43:42,8.2,--,230,188599,卖盘
1339,13:43:39,8.2,--,1,819,卖盘
1340,13:43:33,8.2,-0.02,7,5739,卖盘
1341,13:43:30,8.22,0.02,90,73980,买盘
1342,13:43:27,8.2,-0.01,50,41000,卖盘
1343,13:43:21,8.21,0.01,23,18883,买盘
1344,13:43:18,8.2,--,22,18040,卖盘
1345,13:43:15,8.2,-0.01,13,10659,卖盘
1346,13:43:09,8.21,--,12,9852,买盘
1347,13:43:03,8.21,-0.01,182,149422,卖盘
1348,13:43:00,8.22,0.02,97,79734,买盘
1349,13:42:57,8.2,-0.01,1,819,卖盘
1350,13:42:51,8.21,-0.01,13,10673,卖盘
1351,13:42:48,8.22,0.02,265,217830,买盘
1352,13:42:45,8.2,--,23,18860,卖盘
1353,13:42:42,8.2,--,4,3279,卖盘
1354,13:42:39,8.2,--,3,2460,卖盘
1355,13:42:36,8.2,--,1,819,卖盘
1356,13:42:33,8.2,-0.02,18,14759,卖盘
1357,13:42:30,8.22,0.01,23,18906,买盘
1358,13:42:27,8.21,--,1,821,卖盘
1359,13:42:24,8.21,0.01,3,2463,卖盘
1360,13:42:21,8.2,--,1,819,卖盘
1361,13:42:15,8.2,--,65,53299,卖盘
1362,13:42:12,8.2,-0.02,56,45919,卖盘
1363,13:42:06,8.22,0.01,80,65760,买盘
1364,13:42:03,8.21,--,117,96057,买盘
1365,13:42:00,8.21,--,75,61575,买盘
1366,13:41:57,8.21,0.01,7,5747,买盘
1367,13:41:54,8.2,--,406,332920,卖盘
1368,13:41:51,8.2,-0.01,15,12299,卖盘
1369,13:41:48,8.21,0.01,90,73890,买盘
1370,13:41:45,8.2,-0.01,12,9840,卖盘
1371,13:41:42,8.21,0.01,55,45155,买盘
1372,13:41:39,8.2,--,1,819,卖盘
1373,13:41:36,8.2,--,35,28699,卖盘
1374,13:41:33,8.2,--,22,18040,卖盘
1375,13:41:30,8.2,--,23,18860,卖盘
1376,13:41:27,8.2,-0.02,131,107419,卖盘
1377,13:41:21,8.22,--,4,3288,买盘
1378,13:41:18,8.22,--,5,4110,买盘
1379,13:41:15,8.22,--,210,172620,买盘
1380,13:41:09,8.22,0.01,17,13974,买盘
1381,13:41:06,8.21,--,45,36945,卖盘
1382,13:41:00,8.21,-0.01,291,238911,卖盘
1383,13:40:57,8.22,0.01,51,41922,买盘
1384,13:40:54,8.21,--,7,5747,卖盘
1385,13:40:51,8.21,--,6,4926,卖盘
1386,13:40:48,8.21,--,13,10673,卖盘
1387,13:40:45,8.21,-0.01,276,226596,卖盘
1388,13:40:42,8.22,0.01,100,82200,买盘
1389,13:40:39,8.21,-0.01,30,24630,卖盘
1390,13:40:36,8.22,--,119,97818,买盘
1391,13:40:33,8.22,0.01,6,4932,买盘
1392,13:40:30,8.21,--,1,821,卖盘
1393,13:40:27,8.21,--,36,29556,卖盘
1394,13:40:21,8.21,--,2,1642,卖盘
1395,13:40:18,8.21,--,50,41050,卖盘
1396,13:40:12,8.21,-0.01,1,821,卖盘
1397,13:40:09,8.22,0.01,1,822,买盘
1398,13:40:06,8.21,-0.01,58,47618,卖盘
1399,13:40:00,8.22,0.01,32,26304,买盘
1400,13:39:57,8.21,--,592,486032,卖盘
1401,13:39:54,8.21,--,5,4105,卖盘
1402,13:39:51,8.21,-0.01,24,19704,卖盘
1403,13:39:48,8.22,0.01,274,225228,买盘
1404,13:39:45,8.21,--,135,110835,卖盘
1405,13:39:39,8.21,--,25,20525,卖盘
1406,13:39:36,8.21,--,140,114940,卖盘
1407,13:39:33,8.21,--,96,78816,卖盘
1408,13:39:30,8.21,--,52,42692,卖盘
1409,13:39:27,8.21,-0.01,23,18883,卖盘
1410,13:39:24,8.22,0.01,27,22194,买盘
1411,13:39:18,8.21,--,1,821,卖盘
1412,13:39:15,8.21,--,5,4105,卖盘
1413,13:39:12,8.21,--,95,77995,卖盘
1414,13:39:09,8.21,-0.01,202,165842,卖盘
1415,13:39:06,8.22,0.01,2,1644,买盘
1416,13:39:03,8.21,--,5,4105,卖盘
1417,13:39:00,8.21,--,21,17241,卖盘
1418,13:38:57,8.21,0.01,369,302949,买盘
1419,13:38:54,8.2,--,2,1639,卖盘
1420,13:38:51,8.2,--,5,4100,卖盘
1421,13:38:48,8.2,--,104,85279,卖盘
1422,13:38:45,8.2,-0.01,19,15579,卖盘
1423,13:38:42,8.21,0.01,47,38587,买盘
1424,13:38:39,8.2,--,7,5739,卖盘
1425,13:38:33,8.2,--,1,819,卖盘
1426,13:38:30,8.2,-0.01,423,346859,卖盘
1427,13:38:27,8.21,0.01,37,30377,买盘
1428,13:38:21,8.2,--,582,477239,卖盘
1429,13:38:18,8.2,--,3,2460,卖盘
1430,13:38:15,8.2,-0.01,16,13119,卖盘
1431,13:38:12,8.21,0.01,5,4105,买盘
1432,13:38:09,8.2,-0.01,99,81180,卖盘
1433,13:38:06,8.21,--,56,45976,卖盘
1434,13:38:03,8.21,-0.01,98,80884,卖盘
1435,13:38:00,8.22,0.01,48,39456,买盘
1436,13:37:57,8.21,--,8,6568,卖盘
1437,13:37:54,8.21,0.01,187,153527,买盘
1438,13:37:48,8.2,--,14,11479,卖盘
1439,13:37:45,8.2,-0.01,801,656820,卖盘
1440,13:37:42,8.21,0.01,7,5747,买盘
1441,13:37:39,8.2,--,3,2460,卖盘
1442,13:37:36,8.2,-0.01,1,819,卖盘
1443,13:37:33,8.21,0.01,59,48439,买盘
1444,13:37:30,8.2,--,107,87739,卖盘
1445,13:37:27,8.2,--,1,819,卖盘
1446,13:37:21,8.2,-0.01,4,3279,卖盘
1447,13:37:18,8.21,--,758,622318,卖盘
1448,13:37:15,8.21,--,45,36945,卖盘
1449,13:37:12,8.21,-0.01,2,1642,卖盘
1450,13:37:09,8.22,0.01,1,822,买盘
1451,13:37:06,8.21,--,498,408858,卖盘
1452,13:37:03,8.21,-0.01,7,5747,卖盘
1453,13:36:57,8.22,0.01,9,7398,买盘
1454,13:36:54,8.21,--,2,1642,卖盘
1455,13:36:51,8.21,-0.01,211,173231,卖盘
1456,13:36:48,8.22,0.01,65,53430,买盘
1457,13:36:45,8.21,--,30,24630,卖盘
1458,13:36:42,8.21,-0.01,12,9852,卖盘
1459,13:36:39,8.22,--,11,9042,买盘
1460,13:36:36,8.22,0.01,120,98640,买盘
1461,13:36:33,8.21,--,43,35303,卖盘
1462,13:36:30,8.21,--,13,10673,卖盘
1463,13:36:27,8.21,--,1,821,卖盘
1464,13:36:24,8.21,-0.01,1,821,卖盘
1465,13:36:21,8.22,0.01,55,45210,买盘
1466,13:36:18,8.21,--,34,27914,卖盘
1467,13:36:15,8.21,-0.01,7,5747,卖盘
1468,13:36:12,8.22,--,97,79734,买盘
1469,13:36:09,8.22,0.01,31,25482,买盘
1470,13:36:06,8.21,-0.01,76,62396,卖盘
1471,13:36:03,8.22,--,2,1644,买盘
1472,13:36:00,8.22,0.01,9,7398,买盘
1473,13:35:57,8.21,-0.01,1,821,卖盘
1474,13:35:51,8.22,--,27,22194,买盘
1475,13:35:48,8.22,--,17,13974,买盘
1476,13:35:45,8.22,--,121,99462,卖盘
1477,13:35:42,8.22,0.01,42,34524,中性盘
1478,13:35:39,8.21,-0.01,494,405574,卖盘
1479,13:35:36,8.22,--,87,71514,卖盘
1480,13:35:33,8.22,--,228,187416,买盘
1481,13:35:27,8.22,0.01,53,43566,买盘
1482,13:35:24,8.21,--,7,5747,卖盘
1483,13:35:21,8.21,-0.01,11,9031,卖盘
1484,13:35:18,8.22,--,58,47676,买盘
1485,13:35:15,8.22,--,75,61650,买盘
1486,13:35:09,8.22,0.01,58,47676,买盘
1487,13:35:06,8.21,-0.01,5,4105,卖盘
1488,13:35:03,8.22,--,4,3288,买盘
1489,13:35:00,8.22,--,82,67404,买盘
1490,13:34:54,8.22,-0.01,18,14796,中性盘
1491,13:34:51,8.23,0.02,14,11522,买盘
1492,13:34:48,8.21,-0.02,45,36945,卖盘
1493,13:34:45,8.23,0.01,99,81477,买盘
1494,13:34:39,8.22,--,39,32058,买盘
1495,13:34:36,8.22,--,114,93954,买盘
1496,13:34:33,8.22,--,18,14796,买盘
1497,13:34:30,8.22,0.02,18,14796,买盘
1498,13:34:27,8.2,--,230,188599,卖盘
1499,13:34:24,8.2,--,228,186959,卖盘
1500,13:34:21,8.2,--,246,201719,卖盘
1501,13:34:18,8.2,--,491,402619,卖盘
1502,13:34:12,8.2,--,126,103688,买盘
1503,13:34:09,8.2,0.01,1301,1066820,买盘
1504,13:34:06,8.19,--,1507,1234233,买盘
1505,13:34:03,8.19,--,34,27846,买盘
1506,13:34:00,8.19,--,53,43407,买盘
1507,13:33:57,8.19,--,86,70434,买盘
1508,13:33:54,8.19,--,17,13923,买盘
1509,13:33:51,8.19,0.01,39,31940,买盘
1510,13:33:48,8.18,--,92,75256,卖盘
1511,13:33:45,8.18,--,93,76074,卖盘
1512,13:33:42,8.18,-0.01,239,195502,卖盘
1513,13:33:39,8.19,--,32,26208,买盘
1514,13:33:36,8.19,--,311,254708,买盘
1515,13:33:33,8.19,0.01,18,14742,买盘
1516,13:33:30,8.18,-0.01,9,7362,卖盘
1517,13:33:27,8.19,--,87,71253,买盘
1518,13:33:24,8.19,--,958,784602,卖盘
1519,13:33:21,8.19,--,817,669123,卖盘
1520,13:33:18,8.19,-0.01,2927,2397663,卖盘
1521,13:33:15,8.2,--,2163,1773659,卖盘
1522,13:33:12,8.2,--,226,185319,卖盘
1523,13:33:09,8.2,-0.01,1235,1013224,卖盘
1524,13:33:06,8.21,0.01,277,227417,买盘
1525,13:33:03,8.2,--,38,31159,卖盘
1526,13:33:00,8.2,--,2,1639,卖盘
1527,13:32:57,8.2,--,30,24599,卖盘
1528,13:32:54,8.2,--,118,96759,卖盘
1529,13:32:51,8.2,-0.01,53,43459,卖盘
1530,13:32:48,8.21,--,231,189651,买盘
1531,13:32:45,8.21,0.01,28,22988,买盘
1532,13:32:42,8.2,--,49,40180,卖盘
1533,13:32:39,8.2,-0.01,86,70520,卖盘
1534,13:32:36,8.21,0.01,3,2463,买盘
1535,13:32:33,8.2,--,53,43459,卖盘
1536,13:32:30,8.2,-0.01,5,4100,卖盘
1537,13:32:27,8.21,--,119,97699,买盘
1538,13:32:24,8.21,--,77,63217,买盘
1539,13:32:21,8.21,0.01,1,821,买盘
1540,13:32:18,8.2,-0.01,37,30339,卖盘
1541,13:32:15,8.21,0.01,416,341536,买盘
1542,13:32:12,8.2,-0.01,115,94299,卖盘
1543,13:32:09,8.21,--,153,126343,买盘
1544,13:32:06,8.21,0.01,81,66501,买盘
1545,13:32:03,8.2,--,243,199259,卖盘
1546,13:32:00,8.2,--,350,287000,卖盘
1547,13:31:54,8.2,-0.01,20,16400,卖盘
1548,13:31:51,8.21,--,10,8210,买盘
1549,13:31:48,8.21,0.01,1,821,买盘
1550,13:31:45,8.2,--,48,39360,卖盘
1551,13:31:42,8.2,-0.01,10,8200,卖盘
1552,13:31:39,8.21,--,40,32840,买盘
1553,13:31:36,8.21,--,653,536687,卖盘
1554,13:31:33,8.21,--,143,117403,卖盘
1555,13:31:30,8.21,-0.01,266,218386,卖盘
1556,13:31:27,8.22,--,184,151248,买盘
1557,13:31:24,8.22,0.01,221,181662,买盘
1558,13:31:21,8.21,--,131,107551,卖盘
1559,13:31:18,8.21,-0.01,1,821,卖盘
1560,13:31:15,8.22,--,50,41100,买盘
1561,13:31:12,8.22,0.01,188,154536,买盘
1562,13:31:09,8.21,--,108,88668,卖盘
1563,13:31:06,8.21,--,205,168600,卖盘
1564,13:31:00,8.21,-0.01,79,64859,卖盘
1565,13:30:57,8.22,0.01,11,9042,买盘
1566,13:30:54,8.21,-0.01,17,13957,卖盘
1567,13:30:51,8.22,--,236,194764,买盘
1568,13:30:48,8.22,0.01,29,23838,买盘
1569,13:30:45,8.21,-0.01,13,10673,卖盘
1570,13:30:42,8.22,0.01,1,822,买盘
1571,13:30:39,8.21,--,29,23809,卖盘
1572,13:30:36,8.21,-0.01,461,378481,卖盘
1573,13:30:33,8.22,0.01,48,39456,买盘
1574,13:30:30,8.21,-0.01,21,17241,卖盘
1575,13:30:27,8.22,0.02,34,27948,买盘
1576,13:30:24,8.2,-0.01,46,37720,卖盘
1577,13:30:21,8.21,--,120,98520,买盘
1578,13:30:18,8.21,0.01,66,54186,买盘
1579,13:30:15,8.2,--,1,819,卖盘
1580,13:30:12,8.2,-0.01,165,135300,卖盘
1581,13:30:09,8.21,--,60,49260,卖盘
1582,13:30:06,8.21,0.01,9,7389,中性盘
1583,13:30:03,8.2,-0.01,958,785986,卖盘
1584,13:30:00,8.21,0.01,103,84563,买盘
1585,13:29:57,8.2,-0.01,19,15579,卖盘
1586,13:29:54,8.21,0.01,9,7389,买盘
1587,13:29:51,8.2,--,7,5739,卖盘
1588,13:29:48,8.2,--,68,55759,卖盘
1589,13:29:45,8.2,--,48,39360,卖盘
1590,13:29:42,8.2,-0.01,28,22959,卖盘
1591,13:29:39,8.21,--,51,41871,买盘
1592,13:29:36,8.21,--,43,35303,买盘
1593,13:29:33,8.21,--,29,23809,买盘
1594,13:29:30,8.21,0.01,20,16420,买盘
1595,13:29:27,8.2,--,28,22959,卖盘
1596,13:29:24,8.2,--,11,9020,卖盘
1597,13:29:21,8.2,--,109,89379,卖盘
1598,13:29:18,8.2,--,24,19680,卖盘
1599,13:29:15,8.2,-0.01,1492,1223440,卖盘
1600,13:29:12,8.21,--,64,52544,卖盘
1601,13:29:09,8.21,-0.01,2,1642,卖盘
1602,13:29:06,8.22,0.01,56,46032,买盘
1603,13:29:03,8.21,--,820,673220,卖盘
1604,13:29:00,8.21,--,19,15599,卖盘
1605,13:28:57,8.21,--,211,173231,卖盘
1606,13:28:54,8.21,--,554,454834,卖盘
1607,13:28:51,8.21,-0.01,24,19704,卖盘
1608,13:28:48,8.22,0.01,6,4932,中性盘
1609,13:28:45,8.21,--,18,14778,卖盘
1610,13:28:42,8.21,--,93,76353,卖盘
1611,13:28:39,8.21,--,12,9852,卖盘
1612,13:28:36,8.21,--,51,41871,卖盘
1613,13:28:33,8.21,--,157,128897,卖盘
1614,13:28:30,8.21,-0.01,165,135465,卖盘
1615,13:28:27,8.22,0.01,84,69048,中性盘
1616,13:28:21,8.21,-0.01,1595,1309495,卖盘
1617,13:28:18,8.22,0.01,3,2466,买盘
1618,13:28:15,8.21,-0.02,61,50573,卖盘
1619,13:28:12,8.23,--,3115,2563645,买盘
1620,13:28:09,8.23,0.01,41,33743,买盘
1621,13:28:06,8.22,--,77,63294,卖盘
1622,13:28:03,8.22,--,39,32058,卖盘
1623,13:28:00,8.22,--,168,138096,卖盘
1624,13:27:57,8.22,--,33,27126,卖盘
1625,13:27:54,8.22,-0.01,2,1644,卖盘
1626,13:27:51,8.23,--,11,9053,买盘
1627,13:27:48,8.23,0.01,278,228794,买盘
1628,13:27:45,8.22,--,1,822,卖盘
1629,13:27:42,8.22,-0.01,38,31236,卖盘
1630,13:27:36,8.23,--,6,4938,买盘
1631,13:27:33,8.23,--,712,586140,卖盘
1632,13:27:30,8.23,--,302,248546,卖盘
1633,13:27:24,8.23,--,279,229617,卖盘
1634,13:27:21,8.23,--,31,25513,卖盘
1635,13:27:18,8.23,--,108,88884,卖盘
1636,13:27:15,8.23,--,261,214803,卖盘
1637,13:27:12,8.23,--,114,93822,卖盘
1638,13:27:09,8.23,-0.01,104,85592,卖盘
1639,13:27:06,8.24,--,250,206000,买盘
1640,13:27:03,8.24,--,366,301584,卖盘
1641,13:26:57,8.24,--,1,824,卖盘
1642,13:26:54,8.24,--,5,4120,卖盘
1643,13:26:51,8.24,-0.01,121,99704,卖盘
1644,13:26:48,8.25,0.01,37,30525,买盘
1645,13:26:45,8.24,--,13,10712,卖盘
1646,13:26:42,8.24,-0.01,529,435896,卖盘
1647,13:26:39,8.25,0.01,165,136125,买盘
1648,13:26:36,8.24,--,26,21424,卖盘
1649,13:26:33,8.24,--,44,36256,卖盘
1650,13:26:27,8.24,--,31,25544,卖盘
1651,13:26:24,8.24,-0.01,1,824,卖盘
1652,13:26:21,8.25,0.01,5,4125,买盘
1653,13:26:15,8.24,--,1,824,卖盘
1654,13:26:12,8.24,--,6,4944,卖盘
1655,13:26:09,8.24,--,3,2472,卖盘
1656,13:26:06,8.24,--,19,15656,卖盘
1657,13:26:03,8.24,-0.01,1,824,卖盘
1658,13:26:00,8.25,0.01,152,125400,买盘
1659,13:25:57,8.24,--,30,24720,卖盘
1660,13:25:54,8.24,--,41,33784,卖盘
1661,13:25:51,8.24,--,2,1648,卖盘
1662,13:25:45,8.24,--,122,100528,卖盘
1663,13:25:42,8.24,--,42,34608,卖盘
1664,13:25:39,8.24,-0.01,113,93112,卖盘
1665,13:25:36,8.25,0.01,30,24750,买盘
1666,13:25:33,8.24,-0.01,33,27192,卖盘
1667,13:25:30,8.25,--,25,20625,买盘
1668,13:25:27,8.25,0.01,10,8250,买盘
1669,13:25:24,8.24,-0.01,7,5768,卖盘
1670,13:25:18,8.25,0.01,11,9075,买盘
1671,13:25:15,8.24,-0.01,1,824,卖盘
1672,13:25:12,8.25,0.01,102,84150,买盘
1673,13:25:09,8.24,--,5,4120,卖盘
1674,13:25:06,8.24,--,60,49440,卖盘
1675,13:25:03,8.24,-0.01,37,30488,卖盘
1676,13:25:00,8.25,0.01,1,825,买盘
1677,13:24:57,8.24,-0.01,3,2472,卖盘
1678,13:24:54,8.25,0.01,23,18975,买盘
1679,13:24:51,8.24,--,110,90640,卖盘
1680,13:24:45,8.24,--,1,824,卖盘
1681,13:24:42,8.24,--,16,13184,卖盘
1682,13:24:39,8.24,-0.01,2,1648,卖盘
1683,13:24:36,8.25,0.01,90,74250,买盘
1684,13:24:33,8.24,-0.01,77,63448,卖盘
1685,13:24:27,8.25,0.01,21,17325,买盘
1686,13:24:24,8.24,--,1,824,卖盘
1687,13:24:21,8.24,-0.02,44,36256,卖盘
1688,13:24:15,8.26,0.01,128,105728,买盘
1689,13:24:12,8.25,0.01,8,6600,中性盘
1690,13:24:09,8.24,--,4,3296,卖盘
1691,13:24:06,8.24,-0.02,106,87344,卖盘
1692,13:24:03,8.26,0.02,1,826,买盘
1693,13:24:00,8.24,--,1,824,卖盘
1694,13:23:57,8.24,--,37,30488,卖盘
1695,13:23:51,8.24,--,13,10712,卖盘
1696,13:23:48,8.24,--,2,1648,卖盘
1697,13:23:45,8.24,-0.01,136,112064,卖盘
1698,13:23:42,8.25,--,24,19800,卖盘
1699,13:23:39,8.25,-0.01,13,10725,卖盘
1700,13:23:36,8.26,0.01,11,9086,买盘
1701,13:23:33,8.25,--,31,25575,卖盘
1702,13:23:27,8.25,-0.01,21,17325,卖盘
1703,13:23:24,8.26,0.01,501,413826,买盘
1704,13:23:21,8.25,--,1,825,中性盘
1705,13:23:18,8.25,--,55,45375,卖盘
1706,13:23:15,8.25,--,3,2475,卖盘
1707,13:23:12,8.25,-0.01,2,1650,卖盘
1708,13:23:09,8.26,0.02,1,826,买盘
1709,13:23:06,8.24,-0.02,109,89816,卖盘
1710,13:23:03,8.26,0.02,79,65254,买盘
1711,13:23:00,8.24,-0.01,2,1648,卖盘
1712,13:22:57,8.25,--,505,416625,卖盘
1713,13:22:54,8.25,--,21,17325,卖盘
1714,13:22:51,8.25,--,3,2475,卖盘
1715,13:22:48,8.25,-0.01,3,2475,卖盘
1716,13:22:45,8.26,0.01,96,79296,买盘
1717,13:22:42,8.25,--,4,3300,卖盘
1718,13:22:33,8.25,--,306,252450,卖盘
1719,13:22:30,8.25,--,135,111375,卖盘
1720,13:22:27,8.25,-0.01,42,34650,卖盘
1721,13:22:24,8.26,--,230,189980,买盘
1722,13:22:21,8.26,0.01,23,18998,买盘
1723,13:22:15,8.25,--,40,33000,买盘
1724,13:22:12,8.25,--,10,8250,卖盘
1725,13:22:09,8.25,-0.01,2,1650,中性盘
1726,13:22:03,8.26,0.02,60,49560,买盘
1727,13:22:00,8.24,-0.01,19,15656,卖盘
1728,13:21:57,8.25,--,1,825,卖盘
1729,13:21:54,8.25,0.01,79,65175,买盘
1730,13:21:51,8.24,--,1,824,卖盘
1731,13:21:48,8.24,-0.01,15,12360,卖盘
1732,13:21:45,8.25,0.01,130,107250,买盘
1733,13:21:39,8.24,--,1,824,卖盘
1734,13:21:36,8.24,--,1,824,卖盘
1735,13:21:33,8.24,--,61,50264,卖盘
1736,13:21:24,8.24,-0.01,82,67568,卖盘
1737,13:21:21,8.25,0.01,9,7425,买盘
1738,13:21:18,8.24,--,31,25544,卖盘
1739,13:21:15,8.24,--,19,15656,卖盘
1740,13:21:12,8.24,-0.01,54,44496,卖盘
1741,13:21:09,8.25,0.01,2,1650,买盘
1742,13:21:03,8.24,-0.02,1,824,卖盘
1743,13:21:00,8.26,--,257,212282,买盘
1744,13:20:57,8.26,0.01,46,37996,买盘
1745,13:20:54,8.25,--,2,1650,买盘
1746,13:20:51,8.25,0.01,74,61050,买盘
1747,13:20:48,8.24,-0.01,13,10712,卖盘
1748,13:20:45,8.25,--,98,80850,卖盘
1749,13:20:42,8.25,0.01,2,1650,卖盘
1750,13:20:39,8.24,--,53,43672,卖盘
1751,13:20:33,8.24,--,3,2472,卖盘
1752,13:20:30,8.24,--,1,824,卖盘
1753,13:20:27,8.24,-0.02,48,39552,卖盘
1754,13:20:24,8.26,0.01,27,22302,买盘
1755,13:20:21,8.25,0.01,42,34650,中性盘
1756,13:20:18,8.24,-0.01,65,53560,卖盘
1757,13:20:15,8.25,-0.01,3,2475,卖盘
1758,13:20:09,8.26,0.01,3,2478,买盘
1759,13:20:06,8.25,-0.01,47,38775,卖盘
1760,13:20:03,8.26,0.01,50,41300,买盘
1761,13:20:00,8.25,--,2,1650,卖盘
1762,13:19:54,8.25,--,45,37125,卖盘
1763,13:19:51,8.25,0.01,82,67650,买盘
1764,13:19:48,8.24,-0.01,34,28016,卖盘
1765,13:19:45,8.25,0.01,157,129525,买盘
1766,13:19:42,8.24,-0.01,1,824,卖盘
1767,13:19:39,8.25,0.01,93,76725,买盘
1768,13:19:33,8.24,--,55,45320,卖盘
1769,13:19:30,8.24,--,20,16480,卖盘
1770,13:19:27,8.24,-0.01,106,87344,卖盘
1771,13:19:24,8.25,0.01,2,1650,买盘
1772,13:19:21,8.24,--,130,107120,卖盘
1773,13:19:18,8.24,-0.01,21,17304,卖盘
1774,13:19:12,8.25,0.01,50,41250,买盘
1775,13:19:09,8.24,--,109,89816,卖盘
1776,13:19:03,8.24,--,5,4120,卖盘
1777,13:19:00,8.24,-0.01,48,39552,卖盘
1778,13:18:57,8.25,--,10,8250,买盘
1779,13:18:54,8.25,--,300,247500,买盘
1780,13:18:51,8.25,0.01,38,31350,买盘
1781,13:18:48,8.24,-0.01,48,39552,卖盘
1782,13:18:45,8.25,0.01,85,70125,买盘
1783,13:18:42,8.24,-0.01,12,9888,卖盘
1784,13:18:39,8.25,0.01,138,113850,买盘
1785,13:18:36,8.24,--,12,9888,卖盘
1786,13:18:27,8.24,-0.01,54,44496,卖盘
1787,13:18:24,8.25,--,3,2475,买盘
1788,13:18:21,8.25,--,60,49500,买盘
1789,13:18:18,8.25,0.01,25,20625,买盘
1790,13:18:15,8.24,--,54,44496,卖盘
1791,13:18:12,8.24,--,444,365856,卖盘
1792,13:18:09,8.24,--,4,3296,卖盘
1793,13:18:06,8.24,--,167,137608,卖盘
1794,13:18:03,8.24,--,31,25544,买盘
1795,13:17:54,8.24,--,55,45320,卖盘
1796,13:17:51,8.24,--,22,18128,卖盘
1797,13:17:42,8.24,--,65,53560,卖盘
1798,13:17:39,8.24,-0.01,10,8240,卖盘
1799,13:17:33,8.25,--,93,76725,买盘
1800,13:17:30,8.25,--,30,24750,买盘
1801,13:17:27,8.25,--,210,173250,买盘
1802,13:17:24,8.25,0.01,142,117150,买盘
1803,13:17:21,8.24,-0.01,46,37904,卖盘
1804,13:17:15,8.25,0.01,20,16500,买盘
1805,13:17:12,8.24,--,6,4944,卖盘
1806,13:17:09,8.24,-0.01,53,43672,卖盘
1807,13:17:06,8.25,0.01,16,13200,买盘
1808,13:17:00,8.24,-0.01,49,40376,卖盘
1809,13:16:57,8.25,0.01,23,18975,买盘
1810,13:16:54,8.24,--,18,14832,卖盘
1811,13:16:51,8.24,--,1,824,卖盘
1812,13:16:48,8.24,-0.01,59,48616,卖盘
1813,13:16:45,8.25,0.01,43,35475,买盘
1814,13:16:39,8.24,--,11,9064,卖盘
1815,13:16:36,8.24,--,151,125083,卖盘
1816,13:16:33,8.24,-0.01,22,18128,卖盘
1817,13:16:27,8.25,--,65,53625,买盘
1818,13:16:24,8.25,0.01,23,18975,买盘
1819,13:16:21,8.24,-0.01,41,33784,卖盘
1820,13:16:18,8.25,--,21,17325,买盘
1821,13:16:15,8.25,0.01,100,82500,买盘
1822,13:16:09,8.24,-0.01,2,1648,卖盘
1823,13:16:06,8.25,0.01,108,89100,买盘
1824,13:16:03,8.24,-0.01,59,48616,卖盘
1825,13:16:00,8.25,0.01,197,162525,买盘
1826,13:15:57,8.24,--,22,18128,买盘
1827,13:15:54,8.24,0.01,74,60976,买盘
1828,13:15:51,8.23,--,2,1646,卖盘
1829,13:15:48,8.23,-0.01,3,2469,卖盘
1830,13:15:45,8.24,0.01,23,18952,买盘
1831,13:15:42,8.23,--,58,47734,卖盘
1832,13:15:39,8.23,-0.01,112,92176,卖盘
1833,13:15:30,8.24,--,50,41200,卖盘
1834,13:15:27,8.24,0.01,18,14832,中性盘
1835,13:15:24,8.23,-0.01,48,39504,卖盘
1836,13:15:21,8.24,--,5,4120,卖盘
1837,13:15:18,8.24,-0.01,50,41200,卖盘
1838,13:15:15,8.25,0.01,21,17325,买盘
1839,13:15:12,8.24,--,42,34608,卖盘
1840,13:15:09,8.24,-0.01,215,177160,卖盘
1841,13:15:06,8.25,0.01,5,4125,买盘
1842,13:15:00,8.24,0.01,18,14832,买盘
1843,13:14:57,8.23,-0.01,47,38681,卖盘
1844,13:14:54,8.24,-0.01,3,2472,买盘
1845,13:14:48,8.25,0.02,128,105600,买盘
1846,13:14:45,8.23,--,57,46911,卖盘
1847,13:14:42,8.23,--,28,23044,卖盘
1848,13:14:39,8.23,-0.01,1,823,卖盘
1849,13:14:36,8.24,--,103,84872,买盘
1850,13:14:27,8.24,0.01,19,15656,卖盘
1851,13:14:24,8.23,-0.01,53,43619,卖盘
1852,13:14:21,8.24,--,41,33784,卖盘
1853,13:14:18,8.24,--,394,324656,买盘
1854,13:14:15,8.24,--,103,84872,买盘
1855,13:14:12,8.24,0.01,77,63448,买盘
1856,13:14:09,8.23,--,1,823,卖盘
1857,13:14:06,8.23,--,1,823,卖盘
1858,13:14:03,8.23,-0.01,51,41973,卖盘
1859,13:14:00,8.24,--,24,19776,买盘
1860,13:13:57,8.24,--,25,20600,买盘
1861,13:13:54,8.24,0.01,12,9888,买盘
1862,13:13:51,8.23,-0.01,50,41150,卖盘
1863,13:13:45,8.24,--,62,51088,买盘
1864,13:13:42,8.24,0.02,94,77456,买盘
1865,13:13:39,8.22,-0.01,92,75624,卖盘
1866,13:13:36,8.23,-0.01,3,2469,买盘
1867,13:13:30,8.24,0.01,92,75808,买盘
1868,13:13:27,8.23,-0.01,10,8230,卖盘
1869,13:13:24,8.24,0.02,3,2472,买盘
1870,13:13:18,8.22,-0.02,51,41922,卖盘
1871,13:13:15,8.24,0.02,52,42848,买盘
1872,13:13:12,8.22,--,1,822,卖盘
1873,13:13:06,8.22,-0.01,157,129054,卖盘
1874,13:13:03,8.23,0.01,7,5761,买盘
1875,13:13:00,8.22,--,20,16440,卖盘
1876,13:12:57,8.22,-0.01,49,40278,卖盘
1877,13:12:54,8.23,--,23,18929,买盘
1878,13:12:48,8.23,--,55,45265,买盘
1879,13:12:45,8.23,0.01,68,55964,买盘
1880,13:12:42,8.22,-0.01,11,9042,卖盘
1881,13:12:39,8.23,--,13,10699,卖盘
1882,13:12:36,8.23,--,457,376111,卖盘
1883,13:12:33,8.23,-0.01,71,58433,中性盘
1884,13:12:24,8.24,0.02,200,164800,买盘
1885,13:12:21,8.22,--,9,7398,卖盘
1886,13:12:18,8.22,--,8,6576,卖盘
1887,13:12:15,8.22,--,1,822,卖盘
1888,13:12:12,8.22,-0.01,48,39456,卖盘
1889,13:12:09,8.23,-0.01,1,823,卖盘
1890,13:12:06,8.24,0.01,131,107944,买盘
1891,13:12:03,8.23,--,26,21398,卖盘
1892,13:12:00,8.23,-0.01,47,38681,卖盘
1893,13:11:54,8.24,0.01,50,41200,买盘
1894,13:11:51,8.23,--,69,56787,卖盘
1895,13:11:48,8.23,--,13,10699,卖盘
1896,13:11:45,8.23,--,117,96291,卖盘
1897,13:11:42,8.23,--,83,68309,卖盘
1898,13:11:39,8.23,--,106,87238,卖盘
1899,13:11:36,8.23,--,4,3292,卖盘
1900,13:11:33,8.23,--,18,14814,卖盘
1901,13:11:30,8.23,--,7,5761,卖盘
1902,13:11:27,8.23,--,124,102052,卖盘
1903,13:11:24,8.23,--,4,3292,卖盘
1904,13:11:21,8.23,--,12,9876,卖盘
1905,13:11:18,8.23,-0.01,75,61725,卖盘
1906,13:11:15,8.24,0.01,2,1648,买盘
1907,13:11:12,8.23,--,1,823,卖盘
1908,13:11:09,8.23,--,1,823,卖盘
1909,13:11:06,8.23,-0.01,78,64194,卖盘
1910,13:11:00,8.24,0.01,13,10712,买盘
1911,13:10:57,8.23,0.01,12,9876,中性盘
1912,13:10:54,8.22,-0.01,50,41100,卖盘
1913,13:10:51,8.23,0.01,1,823,中性盘
1914,13:10:45,8.22,-0.01,321,263862,卖盘
1915,13:10:42,8.23,--,2,1646,卖盘
1916,13:10:39,8.23,--,61,50532,买盘
1917,13:10:36,8.23,0.01,39,32097,买盘
1918,13:10:33,8.22,--,58,47676,卖盘
1919,13:10:30,8.22,-0.01,51,41922,卖盘
1920,13:10:27,8.23,0.01,17,13991,买盘
1921,13:10:24,8.22,--,115,94530,卖盘
1922,13:10:21,8.22,--,272,223584,卖盘
1923,13:10:18,8.22,--,11,9042,卖盘
1924,13:10:15,8.22,--,2,1644,卖盘
1925,13:10:12,8.22,--,246,202212,卖盘
1926,13:10:06,8.22,-0.01,33,27126,卖盘
1927,13:10:03,8.23,--,210,172830,买盘
1928,13:10:00,8.23,0.01,52,42796,买盘
1929,13:09:57,8.22,--,2,1644,卖盘
1930,13:09:54,8.22,--,3,2466,卖盘
1931,13:09:51,8.22,--,2,1644,卖盘
1932,13:09:48,8.22,--,258,212076,卖盘
1933,13:09:45,8.22,--,20,16440,卖盘
1934,13:09:42,8.22,--,6,4932,卖盘
1935,13:09:39,8.22,-0.01,76,62472,卖盘
1936,13:09:36,8.23,0.01,2,1646,买盘
1937,13:09:33,8.22,-0.01,10,8220,卖盘
1938,13:09:30,8.23,--,1,823,买盘
1939,13:09:27,8.23,--,215,176945,买盘
1940,13:09:24,8.23,--,54,44442,买盘
1941,13:09:21,8.23,0.01,21,17283,买盘
1942,13:09:15,8.22,-0.01,54,44388,卖盘
1943,13:09:12,8.23,0.01,94,77362,买盘
1944,13:09:09,8.22,-0.01,18,14796,卖盘
1945,13:09:06,8.23,0.01,18,14814,买盘
1946,13:09:03,8.22,--,81,66582,卖盘
1947,13:08:57,8.22,0.01,1,822,买盘
1948,13:08:54,8.21,-0.02,48,39408,卖盘
1949,13:08:51,8.23,0.01,203,167069,买盘
1950,13:08:48,8.22,--,10,8220,中性盘
1951,13:08:42,8.22,--,234,192348,买盘
1952,13:08:39,8.22,--,51,41922,买盘
1953,13:08:36,8.22,--,35,28770,买盘
1954,13:08:33,8.22,--,96,78912,买盘
1955,13:08:30,8.22,--,53,43566,买盘
1956,13:08:27,8.22,--,108,88776,买盘
1957,13:08:24,8.22,--,132,108504,买盘
1958,13:08:21,8.22,--,69,56718,买盘
1959,13:08:18,8.22,0.01,357,293454,买盘
1960,13:08:15,8.21,-0.01,201,165021,卖盘
1961,13:08:12,8.22,0.01,167,137274,买盘
1962,13:08:09,8.21,-0.01,114,93594,卖盘
1963,13:08:06,8.22,0.01,2,1644,买盘
1964,13:08:03,8.21,-0.01,43,35303,卖盘
1965,13:08:00,8.22,0.01,110,90420,买盘
1966,13:07:57,8.21,-0.01,58,47618,卖盘
1967,13:07:54,8.22,--,20,16440,买盘
1968,13:07:51,8.22,0.01,54,44388,买盘
1969,13:07:48,8.21,-0.01,51,41871,卖盘
1970,13:07:45,8.22,--,115,94530,买盘
1971,13:07:42,8.22,--,70,57540,买盘
1972,13:07:39,8.22,--,23,18906,买盘
1973,13:07:36,8.22,--,53,43566,买盘
1974,13:07:33,8.22,--,127,104394,买盘
1975,13:07:30,8.22,0.01,121,99462,买盘
1976,13:07:24,8.21,-0.01,76,62396,卖盘
1977,13:07:18,8.22,0.01,73,60006,买盘
1978,13:07:15,8.21,--,77,63217,卖盘
1979,13:07:12,8.21,--,69,56649,卖盘
1980,13:07:09,8.21,-0.01,88,72248,卖盘
1981,13:07:06,8.22,0.01,13,10686,买盘
1982,13:07:03,8.21,--,52,42692,卖盘
1983,13:06:57,8.21,-0.01,50,41050,卖盘
1984,13:06:54,8.22,0.01,6,4932,买盘
1985,13:06:51,8.21,--,1363,1119023,卖盘
1986,13:06:48,8.21,-0.01,30,24630,卖盘
1987,13:06:45,8.22,--,93,76446,买盘
1988,13:06:42,8.22,0.01,69,56718,买盘
1989,13:06:39,8.21,-0.01,322,264362,卖盘
1990,13:06:36,8.22,--,3,2466,买盘
1991,13:06:33,8.22,--,3,2466,买盘
1992,13:06:30,8.22,--,78,64116,买盘
1993,13:06:27,8.22,--,70,57540,买盘
1994,13:06:24,8.22,0.01,30,24660,买盘
1995,13:06:21,8.21,-0.01,17,13957,卖盘
1996,13:06:18,8.22,--,57,46854,买盘
1997,13:06:15,8.22,--,728,598416,买盘
1998,13:06:09,8.22,--,138,113436,买盘
1999,13:06:06,8.22,0.01,14,11508,买盘
2000,13:06:03,8.21,-0.01,15,12315,卖盘
2001,13:05:57,8.22,--,105,86310,买盘
2002,13:05:48,8.22,--,3,2466,买盘
2003,13:05:45,8.22,0.01,76,62472,买盘
2004,13:05:39,8.21,-0.01,1,821,卖盘
2005,13:05:36,8.22,--,252,207144,买盘
2006,13:05:33,8.22,--,6,4932,买盘
2007,13:05:30,8.22,--,5,4110,买盘
2008,13:05:24,8.22,0.01,77,63294,买盘
2009,13:05:21,8.21,--,209,171589,卖盘
2010,13:05:18,8.21,--,19,15599,卖盘
2011,13:05:12,8.21,--,69,56649,卖盘
2012,13:05:09,8.21,-0.01,1,821,卖盘
2013,13:05:06,8.22,--,28,23016,买盘
2014,13:05:03,8.22,0.01,69,56718,买盘
2015,13:04:57,8.21,-0.01,100,82100,卖盘
2016,13:04:54,8.22,--,130,106860,买盘
2017,13:04:51,8.22,0.01,301,247422,买盘
2018,13:04:48,8.21,-0.01,18,14778,卖盘
2019,13:04:45,8.22,--,278,228516,卖盘
2020,13:04:42,8.22,--,2567,2110074,卖盘
2021,13:04:39,8.22,-0.01,84,69048,卖盘
2022,13:04:36,8.23,0.01,124,102052,买盘
2023,13:04:30,8.22,--,49,40278,卖盘
2024,13:04:27,8.22,-0.01,585,480870,卖盘
2025,13:04:24,8.23,--,25,20575,买盘
2026,13:04:21,8.23,--,7,5761,买盘
2027,13:04:18,8.23,0.01,81,66663,买盘
2028,13:04:15,8.22,--,15,12330,卖盘
2029,13:04:12,8.22,-0.01,278,228516,卖盘
2030,13:04:09,8.23,0.01,26,21398,买盘
2031,13:04:06,8.22,--,51,41922,卖盘
2032,13:04:03,8.22,--,60,49320,卖盘
2033,13:04:00,8.22,--,100,82200,卖盘
2034,13:03:57,8.22,-0.01,578,475116,卖盘
2035,13:03:54,8.23,0.01,20,16460,买盘
2036,13:03:51,8.22,--,20,16440,卖盘
2037,13:03:48,8.22,-0.01,2,1644,卖盘
2038,13:03:45,8.23,--,116,95468,买盘
2039,13:03:42,8.23,--,85,70415,卖盘
2040,13:03:39,8.23,--,131,107813,卖盘
2041,13:03:36,8.23,--,1600,1317458,卖盘
2042,13:03:33,8.23,--,49,40327,卖盘
2043,13:03:27,8.23,--,10,8230,卖盘
2044,13:03:24,8.23,--,21,17283,卖盘
2045,13:03:21,8.23,--,1092,898716,卖盘
2046,13:03:12,8.23,--,48,39504,卖盘
2047,13:03:09,8.23,-0.01,500,411500,卖盘
2048,13:03:06,8.24,0.01,7,5768,买盘
2049,13:03:03,8.23,--,1,823,卖盘
2050,13:03:00,8.23,-0.01,51,41973,卖盘
2051,13:02:57,8.24,--,10,8240,买盘
2052,13:02:54,8.24,0.01,23,18952,买盘
2053,13:02:51,8.23,--,40,32920,卖盘
2054,13:02:48,8.23,--,62,51026,卖盘
2055,13:02:45,8.23,-0.01,104,85592,卖盘
2056,13:02:39,8.24,--,77,63448,买盘
2057,13:02:36,8.24,0.01,8,6592,买盘
2058,13:02:33,8.23,--,1,823,卖盘
2059,13:02:30,8.23,--,2,1646,卖盘
2060,13:02:27,8.23,-0.01,47,38681,卖盘
2061,13:02:24,8.24,0.01,39,32136,买盘
2062,13:02:21,8.23,--,1,823,卖盘
2063,13:02:18,8.23,--,1,823,卖盘
2064,13:02:15,8.23,-0.01,51,41973,卖盘
2065,13:02:12,8.24,0.01,2,1648,买盘
2066,13:02:09,8.23,-0.01,1,823,卖盘
2067,13:02:06,8.24,--,367,302408,卖盘
2068,13:02:03,8.24,--,1,824,卖盘
2069,13:02:00,8.24,0.01,71,58504,买盘
2070,13:01:57,8.23,--,1,823,卖盘
2071,13:01:54,8.23,-0.01,67,55141,卖盘
2072,13:01:51,8.24,--,20,16480,买盘
2073,13:01:48,8.24,0.01,100,82400,买盘
2074,13:01:45,8.23,--,2,1646,卖盘
2075,13:01:42,8.23,--,47,38681,卖盘
2076,13:01:39,8.23,-0.01,56,46088,卖盘
2077,13:01:36,8.24,0.01,18,14832,买盘
2078,13:01:33,8.23,-0.01,48,39504,卖盘
2079,13:01:30,8.24,--,31,25544,买盘
2080,13:01:27,8.24,0.01,31,25544,买盘
2081,13:01:24,8.23,--,20,16460,卖盘
2082,13:01:21,8.23,--,50,41150,卖盘
2083,13:01:12,8.23,--,1,823,卖盘
2084,13:01:09,8.23,-0.01,49,40327,卖盘
2085,13:01:06,8.24,--,18,14832,买盘
2086,13:01:03,8.24,-0.01,25,20600,卖盘
2087,13:01:00,8.25,0.01,57,47025,买盘
2088,13:00:57,8.24,--,18,14832,卖盘
2089,13:00:54,8.24,--,5,4120,卖盘
2090,13:00:51,8.24,--,4,3296,卖盘
2091,13:00:48,8.24,--,46,37904,卖盘
2092,13:00:45,8.24,--,33,27192,卖盘
2093,13:00:42,8.24,0.01,20,16480,买盘
2094,13:00:39,8.23,-0.01,1,823,卖盘
2095,13:00:36,8.24,0.01,48,39552,买盘
2096,13:00:33,8.23,--,77,63371,卖盘
2097,13:00:30,8.23,--,52,42796,卖盘
2098,13:00:27,8.23,--,65,53495,卖盘
2099,13:00:21,8.23,--,1,823,卖盘
2100,13:00:18,8.23,-0.01,347,285581,卖盘
2101,13:00:15,8.24,--,57,46968,中性盘
2102,13:00:09,8.24,--,85,70040,买盘
2103,13:00:06,8.24,--,155,127720,买盘
2104,13:00:03,8.24,-0.01,1605,1322520,卖盘
2105,13:00:00,8.25,--,0,0,买盘
2106,11:30:00,8.25,0.01,2,1650,买盘
2107,11:29:57,8.24,--,69,56856,卖盘
2108,11:29:54,8.24,--,57,46968,卖盘
2109,11:29:51,8.24,--,2,1648,卖盘
2110,11:29:45,8.24,--,2,1648,卖盘
2111,11:29:42,8.24,--,46,37904,卖盘
2112,11:29:36,8.24,-0.01,1,824,卖盘
2113,11:29:33,8.25,0.01,7,5775,买盘
2114,11:29:30,8.24,-0.01,64,52736,卖盘
2115,11:29:27,8.25,0.01,5,4125,买盘
2116,11:29:21,8.24,--,119,98056,卖盘
2117,11:29:18,8.24,-0.01,8,6592,卖盘
2118,11:29:12,8.25,0.01,10,8250,买盘
2119,11:29:09,8.24,-0.01,54,44496,卖盘
2120,11:29:06,8.25,--,22,18150,买盘
2121,11:29:03,8.25,0.01,15,12375,买盘
2122,11:29:00,8.24,--,18,14832,卖盘
2123,11:28:57,8.24,-0.01,108,88992,卖盘
2124,11:28:54,8.25,0.01,67,55275,买盘
2125,11:28:51,8.24,-0.01,12,9888,卖盘
2126,11:28:48,8.25,--,110,90750,买盘
2127,11:28:42,8.25,0.01,14,11550,买盘
2128,11:28:39,8.24,--,18,14832,卖盘
2129,11:28:36,8.24,--,52,42848,卖盘
2130,11:28:30,8.24,--,18,14832,卖盘
2131,11:28:27,8.24,--,3,2472,卖盘
2132,11:28:24,8.24,-0.01,52,42848,卖盘
2133,11:28:21,8.25,--,2,1650,买盘
2134,11:28:18,8.25,0.02,50,41250,买盘
2135,11:28:15,8.23,-0.01,49,40327,卖盘
2136,11:28:12,8.24,--,1,824,买盘
2137,11:28:09,8.24,--,23,18952,买盘
2138,11:28:06,8.24,0.01,51,42024,买盘
2139,11:28:03,8.23,-0.01,49,40327,卖盘
2140,11:28:00,8.24,--,18,14832,卖盘
2141,11:27:57,8.24,--,56,46144,卖盘
2142,11:27:54,8.24,--,478,393872,卖盘
2143,11:27:51,8.24,-0.01,51,42024,卖盘
2144,11:27:48,8.25,--,2,1650,买盘
2145,11:27:45,8.25,0.01,16,13200,买盘
2146,11:27:42,8.24,--,55,45320,卖盘
2147,11:27:39,8.24,--,3,2472,卖盘
2148,11:27:33,8.24,--,169,139256,卖盘
2149,11:27:30,8.24,-0.01,52,42848,卖盘
2150,11:27:27,8.25,--,22,18150,买盘
2151,11:27:24,8.25,0.01,8,6600,买盘
2152,11:27:21,8.24,--,1,824,卖盘
2153,11:27:18,8.24,--,52,42848,卖盘
2154,11:27:15,8.24,--,100,82400,卖盘
2155,11:27:09,8.24,-0.01,53,43672,卖盘
2156,11:27:03,8.25,0.01,73,60225,买盘
2157,11:27:00,8.24,--,48,39552,卖盘
2158,11:26:57,8.24,-0.01,72,59328,卖盘
2159,11:26:54,8.25,0.01,10,8250,买盘
2160,11:26:51,8.24,--,7,5768,卖盘
2161,11:26:48,8.24,--,1,824,卖盘
2162,11:26:45,8.24,-0.01,159,131016,卖盘
2163,11:26:42,8.25,--,5,4125,买盘
2164,11:26:39,8.25,--,4,3300,买盘
2165,11:26:36,8.25,0.01,51,42075,买盘
2166,11:26:33,8.24,-0.01,65,53560,卖盘
2167,11:26:27,8.25,--,74,61050,买盘
2168,11:26:18,8.25,0.01,9,7425,买盘
2169,11:26:15,8.24,-0.01,1,824,卖盘
2170,11:26:12,8.25,--,71,58575,买盘
2171,11:26:09,8.25,--,117,96525,卖盘
2172,11:26:06,8.25,--,28,23100,卖盘
2173,11:26:03,8.25,0.01,1,825,卖盘
2174,11:26:00,8.24,-0.02,354,291696,卖盘
2175,11:25:57,8.26,0.02,20,16520,买盘
2176,11:25:51,8.24,-0.02,132,108768,卖盘
2177,11:25:45,8.26,0.02,20,16520,买盘
2178,11:25:42,8.24,--,1,824,卖盘
2179,11:25:39,8.24,--,162,133488,卖盘
2180,11:25:36,8.24,--,41,33784,卖盘
2181,11:25:33,8.24,-0.02,6,4944,卖盘
2182,11:25:30,8.26,--,3,2478,买盘
2183,11:25:27,8.26,0.02,117,96642,买盘
2184,11:25:18,8.24,-0.02,51,42024,卖盘
2185,11:25:15,8.26,0.02,60,49560,买盘
2186,11:25:12,8.24,--,18,14832,卖盘
2187,11:25:09,8.24,--,3,2472,卖盘
2188,11:25:06,8.24,--,82,67568,卖盘
2189,11:25:03,8.24,--,102,84048,卖盘
2190,11:25:00,8.24,--,1,824,卖盘
2191,11:24:57,8.24,--,44,36256,卖盘
2192,11:24:54,8.24,--,51,42024,卖盘
2193,11:24:51,8.24,--,51,42024,卖盘
2194,11:24:48,8.24,--,1,824,卖盘
2195,11:24:45,8.24,--,56,46144,卖盘
2196,11:24:39,8.24,--,18,14832,卖盘
2197,11:24:36,8.24,--,13,10712,卖盘
2198,11:24:33,8.24,-0.01,59,48616,卖盘
2199,11:24:30,8.25,-0.01,1,825,卖盘
2200,11:24:27,8.26,0.02,20,16520,买盘
2201,11:24:24,8.24,--,1,824,卖盘
2202,11:24:21,8.24,--,49,40376,卖盘
2203,11:24:18,8.24,--,51,42024,卖盘
2204,11:24:12,8.24,--,48,39552,卖盘
2205,11:24:09,8.24,--,19,15656,卖盘
2206,11:24:06,8.24,--,18,14832,卖盘
2207,11:24:03,8.24,--,51,42024,卖盘
2208,11:24:00,8.24,--,45,37080,卖盘
2209,11:23:57,8.24,--,23,18952,卖盘
2210,11:23:51,8.24,--,14,11536,卖盘
2211,11:23:48,8.24,--,46,37904,卖盘
2212,11:23:45,8.24,--,18,14832,卖盘
2213,11:23:39,8.24,--,55,45320,卖盘
2214,11:23:36,8.24,--,998,822352,卖盘
2215,11:23:33,8.24,--,1,824,卖盘
2216,11:23:30,8.24,--,1,824,卖盘
2217,11:23:27,8.24,-0.01,72,59328,卖盘
2218,11:23:24,8.25,--,18,14850,卖盘
2219,11:23:18,8.25,--,52,42900,卖盘
2220,11:23:15,8.25,--,54,44550,卖盘
2221,11:23:12,8.25,-0.01,17,14025,卖盘
2222,11:23:09,8.26,0.02,13,10738,买盘
2223,11:23:06,8.24,-0.01,110,90640,卖盘
2224,11:23:03,8.25,--,145,119625,卖盘
2225,11:22:57,8.25,--,8,6600,卖盘
2226,11:22:54,8.25,--,48,39600,卖盘
2227,11:22:51,8.25,--,42,34650,卖盘
2228,11:22:48,8.25,--,65,53625,卖盘
2229,11:22:45,8.25,--,1,825,卖盘
2230,11:22:42,8.25,--,64,52800,卖盘
2231,11:22:39,8.25,-0.01,1,825,卖盘
2232,11:22:36,8.26,0.01,5,4130,买盘
2233,11:22:33,8.25,--,53,43725,卖盘
2234,11:22:27,8.25,--,29,23925,买盘
2235,11:22:24,8.25,0.01,20,16500,买盘
2236,11:22:21,8.24,-0.01,45,37080,卖盘
2237,11:22:18,8.25,--,96,79200,买盘
2238,11:22:15,8.25,0.01,10,8250,买盘
2239,11:22:12,8.24,--,18,14832,卖盘
2240,11:22:09,8.24,-0.02,314,258736,卖盘
2241,11:22:06,8.26,0.01,26,21476,买盘
2242,11:22:03,8.25,--,49,40425,卖盘
2243,11:22:00,8.25,-0.01,103,84975,卖盘
2244,11:21:57,8.26,--,27,22302,买盘
2245,11:21:54,8.26,--,34,28084,买盘
2246,11:21:51,8.26,--,90,74340,买盘
2247,11:21:48,8.26,--,87,71862,买盘
2248,11:21:45,8.26,--,33,27258,买盘
2249,11:21:42,8.26,0.01,169,139594,买盘
2250,11:21:39,8.25,--,3,2475,卖盘
2251,11:21:36,8.25,-0.01,47,38775,卖盘
2252,11:21:33,8.26,0.01,51,42126,买盘
2253,11:21:30,8.25,--,1,825,卖盘
2254,11:21:27,8.25,--,50,41250,卖盘
2255,11:21:21,8.25,-0.01,51,42075,卖盘
2256,11:21:18,8.26,0.01,203,167678,买盘
2257,11:21:15,8.25,--,295,243375,卖盘
2258,11:21:09,8.25,--,1,825,卖盘
2259,11:21:06,8.25,--,61,50325,卖盘
2260,11:21:03,8.25,--,124,102300,卖盘
2261,11:20:57,8.25,--,5,4125,卖盘
2262,11:20:54,8.25,-0.01,545,449625,卖盘
2263,11:20:51,8.26,--,3,2478,买盘
2264,11:20:48,8.26,--,304,251104,买盘
2265,11:20:45,8.26,0.01,76,62776,买盘
2266,11:20:42,8.25,-0.01,53,43725,卖盘
2267,11:20:39,8.26,0.01,22,18172,买盘
2268,11:20:33,8.25,--,12,9900,卖盘
2269,11:20:30,8.25,--,60,49500,卖盘
2270,11:20:27,8.25,--,2,1650,卖盘
2271,11:20:24,8.25,--,9,7425,卖盘
2272,11:20:21,8.25,--,80,66000,卖盘
2273,11:20:18,8.25,-0.01,20,16500,卖盘
2274,11:20:12,8.26,0.01,2,1652,买盘
2275,11:20:09,8.25,-0.01,53,43725,卖盘
2276,11:20:06,8.26,0.01,30,24780,买盘
2277,11:20:03,8.25,-0.01,125,103125,卖盘
2278,11:20:00,8.26,0.01,41,33866,买盘
2279,11:19:57,8.25,--,48,39600,卖盘
2280,11:19:51,8.25,--,1,825,卖盘
2281,11:19:48,8.25,--,71,58575,卖盘
2282,11:19:45,8.25,-0.01,70,57750,卖盘
2283,11:19:42,8.26,0.01,2,1652,买盘
2284,11:19:39,8.25,--,1,825,卖盘
2285,11:19:36,8.25,--,75,61875,卖盘
2286,11:19:33,8.25,--,11,9075,卖盘
2287,11:19:27,8.25,-0.01,3,2475,卖盘
2288,11:19:24,8.26,--,55,45430,买盘
2289,11:19:21,8.26,0.01,255,210630,买盘
2290,11:19:18,8.25,-0.01,67,55275,卖盘
2291,11:19:15,8.26,0.01,187,154462,买盘
2292,11:19:12,8.25,--,50,41250,卖盘
2293,11:19:09,8.25,--,2,1650,卖盘
2294,11:19:06,8.25,--,1,825,卖盘
2295,11:19:03,8.25,--,170,140250,卖盘
2296,11:19:00,8.25,--,202,166650,卖盘
2297,11:18:57,8.25,-0.01,92,75900,卖盘
2298,11:18:54,8.26,0.01,10,8260,买盘
2299,11:18:51,8.25,--,65,53625,卖盘
2300,11:18:48,8.25,--,1,825,卖盘
2301,11:18:45,8.25,--,13,10725,卖盘
2302,11:18:42,8.25,-0.01,6,4950,卖盘
2303,11:18:39,8.26,--,51,42126,买盘
2304,11:18:36,8.26,--,53,43778,买盘
2305,11:18:33,8.26,0.01,116,95816,买盘
2306,11:18:30,8.25,--,48,39600,卖盘
2307,11:18:27,8.25,--,7,5775,卖盘
2308,11:18:21,8.25,--,18,14850,卖盘
2309,11:18:18,8.25,--,51,42075,卖盘
2310,11:18:12,8.25,-0.01,23,18975,卖盘
2311,11:18:09,8.26,0.01,11,9086,买盘
2312,11:18:06,8.25,-0.01,48,39600,卖盘
2313,11:18:03,8.26,0.01,90,74340,买盘
2314,11:18:00,8.25,--,31,25575,卖盘
2315,11:17:57,8.25,--,54,44550,卖盘
2316,11:17:51,8.25,--,18,14850,卖盘
2317,11:17:48,8.25,--,2,1650,卖盘
2318,11:17:45,8.25,-0.01,45,37125,卖盘
2319,11:17:39,8.26,--,39,32214,买盘
2320,11:17:36,8.26,--,9,7434,买盘
2321,11:17:33,8.26,0.01,74,61124,买盘
2322,11:17:27,8.25,--,3,2475,卖盘
2323,11:17:24,8.25,--,119,98175,卖盘
2324,11:17:21,8.25,--,2,1650,卖盘
2325,11:17:18,8.25,--,1,825,卖盘
2326,11:17:15,8.25,--,1,825,卖盘
2327,11:17:12,8.25,--,120,99000,卖盘
2328,11:17:09,8.25,--,31,25575,卖盘
2329,11:17:06,8.25,-0.01,2,1650,卖盘
2330,11:17:03,8.26,--,91,75166,买盘
2331,11:17:00,8.26,0.01,105,86730,买盘
2332,11:16:57,8.25,--,3,2475,卖盘
2333,11:16:54,8.25,--,20,16500,卖盘
2334,11:16:51,8.25,--,57,47025,卖盘
2335,11:16:48,8.25,--,1,825,卖盘
2336,11:16:42,8.25,--,14,11550,卖盘
2337,11:16:39,8.25,--,47,38775,卖盘
2338,11:16:36,8.25,-0.01,1,825,卖盘
2339,11:16:33,8.26,0.01,27,22302,买盘
2340,11:16:30,8.25,--,2,1650,卖盘
2341,11:16:27,8.25,--,52,42900,卖盘
2342,11:16:24,8.25,--,16,13200,卖盘
2343,11:16:18,8.25,-0.01,47,38775,卖盘
2344,11:16:15,8.26,-0.01,521,430346,卖盘
2345,11:16:12,8.27,0.01,5,4135,买盘
2346,11:16:09,8.26,--,290,239540,卖盘
2347,11:16:06,8.26,--,50,41300,卖盘
2348,11:16:03,8.26,--,59,48734,卖盘
2349,11:15:57,8.26,--,52,42952,卖盘
2350,11:15:54,8.26,--,48,39648,卖盘
2351,11:15:51,8.26,--,1,826,卖盘
2352,11:15:48,8.26,--,1,826,卖盘
2353,11:15:45,8.26,--,48,39648,卖盘
2354,11:15:39,8.26,--,20,16520,卖盘
2355,11:15:36,8.26,--,6,4956,卖盘
2356,11:15:33,8.26,--,45,37170,卖盘
2357,11:15:30,8.26,-0.01,80,66080,卖盘
2358,11:15:27,8.27,0.01,76,62852,买盘
2359,11:15:24,8.26,--,1,826,卖盘
2360,11:15:21,8.26,--,56,46256,卖盘
2361,11:15:18,8.26,--,1,826,卖盘
2362,11:15:12,8.26,--,54,44604,卖盘
2363,11:15:06,8.26,-0.01,3,2478,卖盘
2364,11:15:03,8.27,0.01,60,49620,买盘
2365,11:15:00,8.26,--,141,116466,卖盘
2366,11:14:57,8.26,--,77,63602,卖盘
2367,11:14:51,8.26,--,21,17346,卖盘
2368,11:14:48,8.26,--,46,37996,卖盘
2369,11:14:45,8.26,-0.01,1,826,卖盘
2370,11:14:42,8.27,0.01,25,20675,买盘
2371,11:14:39,8.26,--,60,49560,卖盘
2372,11:14:36,8.26,-0.01,1,826,卖盘
2373,11:14:33,8.27,0.01,10,8270,买盘
2374,11:14:30,8.26,--,11,9086,卖盘
2375,11:14:27,8.26,-0.01,68,56168,卖盘
2376,11:14:24,8.27,0.01,19,15713,买盘
2377,11:14:21,8.26,--,6,4956,卖盘
2378,11:14:18,8.26,-0.01,4,3304,卖盘
2379,11:14:15,8.27,0.01,10,8270,买盘
2380,11:14:12,8.26,--,16,13216,卖盘
2381,11:14:09,8.26,--,48,39648,卖盘
2382,11:14:06,8.26,--,11,9086,卖盘
2383,11:14:00,8.26,-0.01,66,54516,卖盘
2384,11:13:57,8.27,--,2,1654,买盘
2385,11:13:54,8.27,0.01,117,96759,买盘
2386,11:13:51,8.26,--,1,826,卖盘
2387,11:13:48,8.26,--,2,1652,卖盘
2388,11:13:45,8.26,-0.01,2,1652,卖盘
2389,11:13:42,8.27,--,34,28118,买盘
2390,11:13:39,8.27,--,2,1654,买盘
2391,11:13:36,8.27,0.01,23,19021,买盘
2392,11:13:33,8.26,-0.01,1,826,卖盘
2393,11:13:30,8.27,--,11,9097,卖盘
2394,11:13:27,8.27,-0.01,14,11578,卖盘
2395,11:13:24,8.28,0.01,37,30635,买盘
2396,11:13:21,8.27,--,1,827,卖盘
2397,11:13:18,8.27,0.01,100,82700,买盘
2398,11:13:15,8.26,--,1,826,卖盘
2399,11:13:12,8.26,--,21,17346,卖盘
2400,11:13:09,8.26,--,97,80122,卖盘
2401,11:13:06,8.26,--,82,67732,卖盘
2402,11:13:03,8.26,--,58,47908,卖盘
2403,11:13:00,8.26,-0.01,36,29736,卖盘
2404,11:12:57,8.27,--,26,21502,买盘
2405,11:12:54,8.27,--,68,56236,买盘
2406,11:12:51,8.27,--,12,9924,买盘
2407,11:12:48,8.27,--,11,9097,买盘
2408,11:12:42,8.27,--,210,173670,买盘
2409,11:12:39,8.27,0.01,11,9097,买盘
2410,11:12:36,8.26,--,1,826,卖盘
2411,11:12:33,8.26,--,17,14042,卖盘
2412,11:12:27,8.26,-0.01,27,22302,卖盘
2413,11:12:24,8.27,0.01,100,82700,买盘
2414,11:12:21,8.26,--,8,6608,卖盘
2415,11:12:18,8.26,--,7,5782,卖盘
2416,11:12:15,8.26,-0.01,22,18172,卖盘
2417,11:12:12,8.27,0.01,1,827,买盘
2418,11:12:06,8.26,--,24,19824,卖盘
2419,11:12:03,8.26,--,74,61124,卖盘
2420,11:11:57,8.26,-0.01,1,826,卖盘
2421,11:11:54,8.27,--,67,55409,买盘
2422,11:11:51,8.27,--,2,1654,卖盘
2423,11:11:48,8.27,-0.01,21,17367,卖盘
2424,11:11:45,8.28,0.01,19,15731,买盘
2425,11:11:42,8.27,--,630,521010,卖盘
2426,11:11:39,8.27,0.01,566,468082,买盘
2427,11:11:36,8.26,--,53,43778,卖盘
2428,11:11:33,8.26,--,48,39648,卖盘
2429,11:11:30,8.26,--,1,826,卖盘
2430,11:11:27,8.26,-0.01,1,826,卖盘
2431,11:11:24,8.27,--,25,20675,买盘
2432,11:11:21,8.27,--,10,8270,买盘
2433,11:11:18,8.27,0.01,9,7443,买盘
2434,11:11:15,8.26,--,9,7434,卖盘
2435,11:11:09,8.26,--,1,826,卖盘
2436,11:11:06,8.26,-0.01,757,625282,卖盘
2437,11:11:03,8.27,0.01,108,89316,买盘
2438,11:10:57,8.26,-0.01,2,1652,卖盘
2439,11:10:54,8.27,0.01,20,16540,买盘
2440,11:10:51,8.26,--,14,11564,卖盘
2441,11:10:48,8.26,--,1,826,卖盘
2442,11:10:45,8.26,--,42,34692,卖盘
2443,11:10:42,8.26,--,2,1652,卖盘
2444,11:10:39,8.26,--,122,100772,卖盘
2445,11:10:36,8.26,-0.01,79,65254,卖盘
2446,11:10:33,8.27,0.01,13,10751,买盘
2447,11:10:30,8.26,--,25,20650,卖盘
2448,11:10:27,8.26,--,5,4130,卖盘
2449,11:10:24,8.26,-0.01,66,54516,卖盘
2450,11:10:21,8.27,0.01,64,52928,买盘
2451,11:10:18,8.26,--,1,826,卖盘
2452,11:10:15,8.26,--,2,1652,卖盘
2453,11:10:09,8.26,--,48,39648,卖盘
2454,11:10:06,8.26,--,30,24780,卖盘
2455,11:10:03,8.26,-0.01,10,8260,卖盘
2456,11:10:00,8.27,0.01,20,16540,买盘
2457,11:09:57,8.26,-0.01,1,826,卖盘
2458,11:09:54,8.27,0.01,33,27291,买盘
2459,11:09:51,8.26,-0.01,22,18172,卖盘
2460,11:09:48,8.27,0.01,31,25637,买盘
2461,11:09:45,8.26,--,1,826,卖盘
2462,11:09:42,8.26,-0.01,1,826,卖盘
2463,11:09:39,8.27,--,19,15713,买盘
2464,11:09:36,8.27,--,80,66160,买盘
2465,11:09:33,8.27,0.01,325,268775,买盘
2466,11:09:30,8.26,--,4,3304,卖盘
2467,11:09:27,8.26,-0.01,29,23954,卖盘
2468,11:09:21,8.27,0.01,26,21502,买盘
2469,11:09:18,8.26,--,2,1652,卖盘
2470,11:09:15,8.26,--,52,42952,卖盘
2471,11:09:09,8.26,--,17,14042,卖盘
2472,11:09:06,8.26,--,2,1652,卖盘
2473,11:09:03,8.26,--,68,56168,卖盘
2474,11:09:00,8.26,0.01,81,66906,买盘
2475,11:08:57,8.25,--,4,3300,卖盘
2476,11:08:54,8.25,-0.01,1,825,卖盘
2477,11:08:48,8.26,0.01,219,180894,买盘
2478,11:08:45,8.25,-0.01,7,5775,卖盘
2479,11:08:42,8.26,0.01,10,8260,买盘
2480,11:08:39,8.25,-0.01,67,55275,卖盘
2481,11:08:36,8.26,0.01,5,4130,买盘
2482,11:08:33,8.25,-0.01,19,15675,卖盘
2483,11:08:30,8.26,--,63,52038,买盘
2484,11:08:27,8.26,--,11,9086,买盘
2485,11:08:24,8.26,-0.01,29,23954,卖盘
2486,11:08:21,8.27,0.01,4,3308,买盘
2487,11:08:15,8.26,--,2,1652,卖盘
2488,11:08:12,8.26,-0.01,19,15694,卖盘
2489,11:08:09,8.27,0.01,3,2481,买盘
2490,11:08:06,8.26,0.01,46,37996,买盘
2491,11:08:03,8.25,-0.01,22,18150,卖盘
2492,11:07:54,8.26,0.01,51,42126,买盘
2493,11:07:51,8.25,-0.01,1,825,卖盘
2494,11:07:45,8.26,0.01,11,9086,买盘
2495,11:07:42,8.25,--,85,70125,卖盘
2496,11:07:39,8.25,--,1,825,卖盘
2497,11:07:33,8.25,-0.01,2,1650,卖盘
2498,11:07:30,8.26,0.01,2,1652,买盘
2499,11:07:27,8.25,--,10,8250,卖盘
2500,11:07:24,8.25,--,1,825,卖盘
2501,11:07:21,8.25,--,6,4950,卖盘
2502,11:07:18,8.25,--,2,1650,卖盘
2503,11:07:15,8.25,--,2,1650,卖盘
2504,11:07:12,8.25,--,17,14025,卖盘
2505,11:07:09,8.25,--,48,39600,卖盘
2506,11:07:06,8.25,--,3,2475,卖盘
2507,11:07:03,8.25,-0.02,2,1650,卖盘
2508,11:06:57,8.27,0.02,44,36388,买盘
2509,11:06:54,8.25,-0.02,6,4950,卖盘
2510,11:06:48,8.27,0.01,5,4135,买盘
2511,11:06:45,8.26,-0.01,19,15694,中性盘
2512,11:06:42,8.27,0.02,50,41350,买盘
2513,11:06:39,8.25,--,251,207075,卖盘
2514,11:06:36,8.25,-0.01,282,232650,卖盘
2515,11:06:33,8.26,--,8,6608,卖盘
2516,11:06:30,8.26,--,21,17346,卖盘
2517,11:06:24,8.26,--,77,63602,卖盘
2518,11:06:21,8.26,-0.01,120,99120,买盘
2519,11:06:15,8.27,0.01,143,118261,买盘
2520,11:06:12,8.26,--,228,188328,卖盘
2521,11:06:09,8.26,--,131,108206,卖盘
2522,11:06:06,8.26,--,98,80948,卖盘
2523,11:06:03,8.26,--,3,2478,卖盘
2524,11:06:00,8.26,-0.01,7,5782,卖盘
2525,11:05:57,8.27,0.01,70,57890,买盘
2526,11:05:54,8.26,--,26,21476,卖盘
2527,11:05:51,8.26,--,1,826,卖盘
2528,11:05:48,8.26,--,1,826,卖盘
2529,11:05:45,8.26,--,30,24780,卖盘
2530,11:05:39,8.26,--,52,42952,卖盘
2531,11:05:36,8.26,--,14,11564,卖盘
2532,11:05:33,8.26,--,2,1652,卖盘
2533,11:05:30,8.26,-0.01,2,1652,卖盘
2534,11:05:27,8.27,0.01,21,17367,买盘
2535,11:05:24,8.26,-0.01,1,826,卖盘
2536,11:05:21,8.27,0.01,64,52928,买盘
2537,11:05:18,8.26,--,47,38822,卖盘
2538,11:05:15,8.26,-0.01,10,8260,卖盘
2539,11:05:12,8.27,0.01,12,9924,买盘
2540,11:05:06,8.26,--,14,11564,卖盘
2541,11:05:03,8.26,-0.01,50,41300,卖盘
2542,11:05:00,8.27,0.01,54,44658,买盘
2543,11:04:57,8.26,--,22,18172,卖盘
2544,11:04:54,8.26,--,14,11564,卖盘
2545,11:04:51,8.26,--,1,826,卖盘
2546,11:04:48,8.26,--,17,14042,卖盘
2547,11:04:45,8.26,--,2,1652,卖盘
2548,11:04:42,8.26,--,21,17346,卖盘
2549,11:04:39,8.26,--,73,60298,卖盘
2550,11:04:36,8.26,--,1,826,卖盘
2551,11:04:33,8.26,--,2,1652,卖盘
2552,11:04:30,8.26,--,1,826,卖盘
2553,11:04:24,8.26,--,3,2478,卖盘
2554,11:04:21,8.26,--,364,300664,卖盘
2555,11:04:18,8.26,--,69,56994,卖盘
2556,11:04:12,8.26,--,1,826,卖盘
2557,11:04:09,8.26,--,3,2478,卖盘
2558,11:04:06,8.26,--,69,56994,卖盘
2559,11:04:03,8.26,--,49,40474,卖盘
2560,11:04:00,8.26,--,3,2478,卖盘
2561,11:03:57,8.26,-0.01,6,4956,卖盘
2562,11:03:54,8.27,0.01,47,38869,买盘
2563,11:03:51,8.26,--,19,15694,卖盘
2564,11:03:48,8.26,--,1,826,卖盘
2565,11:03:45,8.26,-0.01,6,4956,卖盘
2566,11:03:42,8.27,--,159,131493,买盘
2567,11:03:39,8.27,0.01,73,60371,买盘
2568,11:03:36,8.26,--,107,88382,卖盘
2569,11:03:33,8.26,--,489,403914,卖盘
2570,11:03:30,8.26,--,1,826,卖盘
2571,11:03:27,8.26,--,2,1652,卖盘
2572,11:03:24,8.26,-0.01,4,3304,卖盘
2573,11:03:21,8.27,0.01,657,543339,买盘
2574,11:03:15,8.26,--,2,1652,卖盘
2575,11:03:12,8.26,--,827,683102,卖盘
2576,11:03:09,8.26,--,50,41300,卖盘
2577,11:03:03,8.26,--,3,2478,卖盘
2578,11:03:00,8.26,-0.01,299,246974,卖盘
2579,11:02:57,8.27,0.01,43,35561,买盘
2580,11:02:54,8.26,--,2,1652,卖盘
2581,11:02:51,8.26,-0.01,336,277536,卖盘
2582,11:02:48,8.27,--,6,4962,买盘
2583,11:02:45,8.27,0.01,50,41350,买盘
2584,11:02:42,8.26,--,27,22302,卖盘
2585,11:02:36,8.26,--,50,41300,卖盘
2586,11:02:33,8.26,--,1,826,卖盘
2587,11:02:30,8.26,--,17,14042,卖盘
2588,11:02:27,8.26,--,2,1652,卖盘
2589,11:02:24,8.26,-0.01,64,52864,卖盘
2590,11:02:21,8.27,0.01,5,4135,买盘
2591,11:02:12,8.26,--,2,1652,卖盘
2592,11:02:09,8.26,--,1,826,卖盘
2593,11:02:06,8.26,--,2,1652,卖盘
2594,11:02:03,8.26,--,1,826,卖盘
2595,11:02:00,8.26,--,49,40474,卖盘
2596,11:01:57,8.26,--,2,1652,卖盘
2597,11:01:54,8.26,--,19,15694,卖盘
2598,11:01:51,8.26,--,100,82600,买盘
2599,11:01:48,8.26,--,50,41300,买盘
2600,11:01:45,8.26,0.01,9,7434,买盘
2601,11:01:42,8.25,--,8,6600,卖盘
2602,11:01:39,8.25,--,1,825,卖盘
2603,11:01:36,8.25,--,479,395175,卖盘
2604,11:01:33,8.25,--,19,15675,卖盘
2605,11:01:30,8.25,-0.01,448,369600,卖盘
2606,11:01:24,8.26,-0.02,28,23128,中性盘
2607,11:01:21,8.28,0.01,54,44712,买盘
2608,11:01:15,8.27,0.01,28,23156,买盘
2609,11:01:12,8.26,--,390,322140,卖盘
2610,11:01:09,8.26,-0.01,1,826,卖盘
2611,11:01:03,8.27,0.01,141,116607,买盘
2612,11:01:00,8.26,-0.01,326,269276,卖盘
2613,11:00:57,8.27,--,24,19848,买盘
2614,11:00:54,8.27,--,94,77738,买盘
2615,11:00:51,8.27,--,23,19021,买盘
2616,11:00:48,8.27,--,189,156303,卖盘
2617,11:00:42,8.27,--,1,827,卖盘
2618,11:00:39,8.27,--,499,412673,卖盘
2619,11:00:36,8.27,--,423,349821,卖盘
2620,11:00:33,8.27,-0.01,40,33080,卖盘
2621,11:00:30,8.28,0.01,234,193751,买盘
2622,11:00:27,8.27,--,19,15713,卖盘
2623,11:00:24,8.27,-0.01,414,342378,卖盘
2624,11:00:21,8.28,--,124,102671,卖盘
2625,11:00:18,8.28,--,300,248399,卖盘
2626,11:00:15,8.28,--,40,33120,卖盘
2627,11:00:12,8.28,--,38,31463,卖盘
2628,11:00:09,8.28,0.01,231,191267,买盘
2629,11:00:06,8.27,--,271,224117,卖盘
2630,11:00:03,8.27,-0.01,9,7443,卖盘
2631,10:59:57,8.28,--,137,113435,卖盘
2632,10:59:54,8.28,--,415,343620,卖盘
2633,10:59:51,8.28,--,5,4140,卖盘
2634,10:59:48,8.28,--,67,55475,买盘
2635,10:59:45,8.28,--,5,4140,卖盘
2636,10:59:42,8.28,--,119,98531,买盘
2637,10:59:39,8.28,--,20,16560,买盘
2638,10:59:36,8.28,0.01,115,95219,买盘
2639,10:59:33,8.27,-0.01,4,3308,卖盘
2640,10:59:30,8.28,--,14,11592,买盘
2641,10:59:27,8.28,0.01,29,24011,买盘
2642,10:59:24,8.27,-0.01,7,5789,卖盘
2643,10:59:21,8.28,--,24,19872,买盘
2644,10:59:18,8.28,0.01,19,15731,买盘
2645,10:59:12,8.27,--,32,26464,卖盘
2646,10:59:09,8.27,--,2,1654,卖盘
2647,10:59:06,8.27,--,24,19848,卖盘
2648,10:59:03,8.27,--,8,6616,卖盘
2649,10:59:00,8.27,-0.01,18,14886,卖盘
2650,10:58:57,8.28,0.01,4,3311,买盘
2651,10:58:54,8.27,-0.01,3,2481,卖盘
2652,10:58:51,8.28,--,9,7451,买盘
2653,10:58:48,8.28,--,87,72036,买盘
2654,10:58:45,8.28,--,6,4968,买盘
2655,10:58:42,8.28,--,68,56303,卖盘
2656,10:58:39,8.28,0.01,1,827,卖盘
2657,10:58:36,8.27,-0.01,243,200961,卖盘
2658,10:58:33,8.28,--,121,100187,卖盘
2659,10:58:30,8.28,0.01,8,6623,买盘
2660,10:58:27,8.27,-0.01,573,473871,卖盘
2661,10:58:24,8.28,--,87,72036,卖盘
2662,10:58:21,8.28,--,31,25667,买盘
2663,10:58:18,8.28,0.01,14,11592,买盘
2664,10:58:15,8.27,--,723,597921,卖盘
2665,10:58:12,8.27,--,20,16540,卖盘
2666,10:58:09,8.27,--,22,18194,卖盘
2667,10:58:06,8.27,--,813,672351,卖盘
2668,10:58:03,8.27,--,2,1654,卖盘
2669,10:58:00,8.27,-0.02,1,827,卖盘
2670,10:57:57,8.29,0.02,128,106111,买盘
2671,10:57:54,8.27,-0.01,798,659946,卖盘
2672,10:57:51,8.28,--,20,16560,卖盘
2673,10:57:48,8.28,--,14,11592,卖盘
2674,10:57:45,8.28,--,74,61271,卖盘
2675,10:57:42,8.28,--,1,827,卖盘
2676,10:57:39,8.28,-0.01,36,29807,卖盘
2677,10:57:36,8.29,0.01,5,4145,买盘
2678,10:57:33,8.28,-0.01,38,31463,卖盘
2679,10:57:27,8.29,--,5,4145,买盘
2680,10:57:24,8.29,0.01,56,46423,买盘
2681,10:57:21,8.28,-0.01,19,15731,中性盘
2682,10:57:12,8.29,0.02,3005,2491144,买盘
2683,10:57:09,8.27,-0.01,10,8270,卖盘
2684,10:57:06,8.28,0.01,42,34776,买盘
2685,10:57:03,8.27,--,1,827,卖盘
2686,10:57:00,8.27,--,363,300201,买盘
2687,10:56:57,8.27,--,18,14886,买盘
2688,10:56:54,8.27,0.01,46,38042,买盘
2689,10:56:51,8.26,--,28,23128,卖盘
2690,10:56:48,8.26,-0.01,45,37170,卖盘
2691,10:56:45,8.27,0.01,30,24810,买盘
2692,10:56:42,8.26,-0.01,3,2478,卖盘
2693,10:56:39,8.27,--,26,21502,买盘
2694,10:56:36,8.27,0.01,41,33907,买盘
2695,10:56:33,8.26,--,516,426216,卖盘
2696,10:56:27,8.26,--,8,6608,卖盘
2697,10:56:24,8.26,-0.01,18,14868,卖盘
2698,10:56:21,8.27,--,24,19848,买盘
2699,10:56:18,8.27,0.01,1,827,买盘
2700,10:56:15,8.26,-0.01,18,14868,卖盘
2701,10:56:12,8.27,--,41,33907,买盘
2702,10:56:09,8.27,0.01,5,4135,买盘
2703,10:56:06,8.26,--,16,13216,卖盘
2704,10:56:03,8.26,-0.01,92,75992,卖盘
2705,10:56:00,8.27,0.01,25,20675,买盘
2706,10:55:57,8.26,--,6,4956,卖盘
2707,10:55:54,8.26,--,192,158592,卖盘
2708,10:55:51,8.26,-0.01,23,18998,卖盘
2709,10:55:48,8.27,--,10,8270,买盘
2710,10:55:45,8.27,0.01,40,33080,买盘
2711,10:55:42,8.26,-0.01,19,15694,卖盘
2712,10:55:39,8.27,0.01,7,5789,买盘
2713,10:55:36,8.26,--,10,8260,卖盘
2714,10:55:33,8.26,--,75,61950,卖盘
2715,10:55:27,8.26,--,19,15694,卖盘
2716,10:55:24,8.26,--,2,1652,卖盘
2717,10:55:21,8.26,--,126,104076,卖盘
2718,10:55:18,8.26,--,1329,1097754,买盘
2719,10:55:12,8.26,0.01,39,32214,买盘
2720,10:55:09,8.25,--,25,20625,卖盘
2721,10:55:06,8.25,--,13,10725,卖盘
2722,10:55:03,8.25,-0.01,122,100650,卖盘
2723,10:55:00,8.26,0.01,177,146202,买盘
2724,10:54:57,8.25,-0.01,11,9075,卖盘
2725,10:54:54,8.26,0.01,2,1652,买盘
2726,10:54:51,8.25,-0.01,16,13200,卖盘
2727,10:54:48,8.26,--,51,42126,买盘
2728,10:54:45,8.26,0.01,409,337834,买盘
2729,10:54:42,8.25,--,184,151800,买盘
2730,10:54:39,8.25,0.01,157,129525,买盘
2731,10:54:36,8.24,-0.01,390,321360,卖盘
2732,10:54:33,8.25,--,127,104775,买盘
2733,10:54:30,8.25,--,174,143550,买盘
2734,10:54:27,8.25,0.01,64,52800,买盘
2735,10:54:24,8.24,--,157,129368,卖盘
2736,10:54:21,8.24,-0.01,6,4944,卖盘
2737,10:54:18,8.25,0.01,7,5775,买盘
2738,10:54:15,8.24,--,1,824,卖盘
2739,10:54:12,8.24,--,202,166448,卖盘
2740,10:54:09,8.24,-0.01,182,149968,卖盘
2741,10:54:06,8.25,0.01,21,17325,买盘
2742,10:54:03,8.24,--,6,4944,卖盘
2743,10:54:00,8.24,--,39,32136,卖盘
2744,10:53:57,8.24,-0.01,12,9888,卖盘
2745,10:53:54,8.25,0.01,23,18975,买盘
2746,10:53:51,8.24,-0.01,10,8240,卖盘
2747,10:53:45,8.25,0.01,10,8250,买盘
2748,10:53:42,8.24,--,3,2472,卖盘
2749,10:53:39,8.24,--,21,17304,卖盘
2750,10:53:36,8.24,--,6,4944,卖盘
2751,10:53:33,8.24,--,1,824,卖盘
2752,10:53:30,8.24,-0.01,15,12360,卖盘
2753,10:53:27,8.25,--,2,1650,买盘
2754,10:53:24,8.25,0.01,6,4950,买盘
2755,10:53:21,8.24,-0.01,17,14008,卖盘
2756,10:53:18,8.25,--,5,4125,买盘
2757,10:53:15,8.25,--,6,4950,买盘
2758,10:53:12,8.25,0.01,51,42075,买盘
2759,10:53:09,8.24,--,33,27192,卖盘
2760,10:53:03,8.24,--,28,23072,卖盘
2761,10:53:00,8.24,--,13,10712,卖盘
2762,10:52:57,8.24,--,3,2472,卖盘
2763,10:52:54,8.24,--,1,824,卖盘
2764,10:52:51,8.24,--,12,9888,卖盘
2765,10:52:48,8.24,--,1,824,卖盘
2766,10:52:45,8.24,--,20,16480,卖盘
2767,10:52:42,8.24,--,1,824,卖盘
2768,10:52:39,8.24,-0.01,111,91464,卖盘
2769,10:52:36,8.25,0.01,6,4950,买盘
2770,10:52:33,8.24,--,114,93936,卖盘
2771,10:52:30,8.24,-0.01,12,9888,卖盘
2772,10:52:27,8.25,--,2,1650,买盘
2773,10:52:24,8.25,0.01,45,37125,买盘
2774,10:52:21,8.24,-0.01,7,5768,卖盘
2775,10:52:18,8.25,0.01,1,825,买盘
2776,10:52:15,8.24,--,19,15656,卖盘
2777,10:52:12,8.24,--,105,86520,卖盘
2778,10:52:09,8.24,--,70,57680,卖盘
2779,10:52:03,8.24,--,26,21424,卖盘
2780,10:52:00,8.24,-0.01,244,201056,卖盘
2781,10:51:57,8.25,--,6,4950,买盘
2782,10:51:54,8.25,0.01,20,16500,买盘
2783,10:51:51,8.24,--,4,3296,卖盘
2784,10:51:48,8.24,-0.01,3,2472,卖盘
2785,10:51:42,8.25,0.01,2,1650,买盘
2786,10:51:39,8.24,--,2,1648,卖盘
2787,10:51:36,8.24,-0.01,2,1648,卖盘
2788,10:51:33,8.25,0.01,50,41250,买盘
2789,10:51:30,8.24,-0.01,26,21424,卖盘
2790,10:51:27,8.25,0.01,97,80025,买盘
2791,10:51:24,8.24,-0.01,48,39552,卖盘
2792,10:51:21,8.25,--,35,28875,买盘
2793,10:51:18,8.25,--,6,4950,买盘
2794,10:51:12,8.25,--,31,25575,买盘
2795,10:51:09,8.25,0.01,37,30525,买盘
2796,10:51:06,8.24,--,31,25544,卖盘
2797,10:51:03,8.24,--,82,67568,卖盘
2798,10:51:00,8.24,-0.01,2,1648,卖盘
2799,10:50:57,8.25,0.01,96,79200,买盘
2800,10:50:54,8.24,--,22,18128,卖盘
2801,10:50:51,8.24,--,20,16480,卖盘
2802,10:50:48,8.24,-0.01,39,32136,卖盘
2803,10:50:45,8.25,0.01,23,18975,买盘
2804,10:50:42,8.24,--,1,824,卖盘
2805,10:50:39,8.24,--,139,114536,卖盘
2806,10:50:36,8.24,--,16,13184,卖盘
2807,10:50:33,8.24,-0.01,3,2472,卖盘
2808,10:50:30,8.25,--,98,80850,买盘
2809,10:50:27,8.25,--,20,16500,买盘
2810,10:50:24,8.25,--,63,51975,买盘
2811,10:50:21,8.25,--,5,4125,买盘
2812,10:50:18,8.25,0.01,59,48675,买盘
2813,10:50:12,8.24,--,11,9064,卖盘
2814,10:50:09,8.24,-0.01,2,1648,卖盘
2815,10:50:06,8.25,--,24,19800,买盘
2816,10:50:03,8.25,0.01,6,4950,买盘
2817,10:50:00,8.24,--,99,81576,卖盘
2818,10:49:57,8.24,--,2,1648,卖盘
2819,10:49:54,8.24,--,17,14008,卖盘
2820,10:49:51,8.24,--,4,3296,卖盘
2821,10:49:48,8.24,--,15,12360,卖盘
2822,10:49:45,8.24,-0.01,50,41200,卖盘
2823,10:49:42,8.25,0.01,380,313500,买盘
2824,10:49:39,8.24,0.01,20,16480,买盘
2825,10:49:36,8.23,-0.01,13,10699,卖盘
2826,10:49:33,8.24,--,92,75808,卖盘
2827,10:49:30,8.24,--,581,478744,卖盘
2828,10:49:27,8.24,-0.01,32,26368,卖盘
2829,10:49:24,8.25,0.01,439,362175,买盘
2830,10:49:21,8.24,-0.01,56,46144,卖盘
2831,10:49:18,8.25,0.01,3,2475,买盘
2832,10:49:15,8.24,--,1,824,卖盘
2833,10:49:09,8.24,-0.01,109,89816,卖盘
2834,10:49:06,8.25,0.01,2,1650,买盘
2835,10:49:03,8.24,-0.01,6,4944,卖盘
2836,10:49:00,8.25,--,4,3300,买盘
2837,10:48:57,8.25,0.01,8,6600,买盘
2838,10:48:54,8.24,-0.01,3,2472,卖盘
2839,10:48:51,8.25,0.01,39,32175,买盘
2840,10:48:48,8.24,--,1,824,卖盘
2841,10:48:45,8.24,--,44,36256,卖盘
2842,10:48:39,8.24,--,13,10712,卖盘
2843,10:48:33,8.24,-0.01,24,19776,卖盘
2844,10:48:30,8.25,0.01,16,13200,买盘
2845,10:48:27,8.24,-0.01,1,824,卖盘
2846,10:48:24,8.25,0.01,44,36300,买盘
2847,10:48:21,8.24,-0.01,6,4944,卖盘
2848,10:48:18,8.25,--,12,9900,买盘
2849,10:48:12,8.25,0.01,20,16500,买盘
2850,10:48:09,8.24,--,13,10712,卖盘
2851,10:48:06,8.24,--,13,10712,卖盘
2852,10:48:03,8.24,-0.01,43,35432,卖盘
2853,10:48:00,8.25,0.01,47,38775,买盘
2854,10:47:57,8.24,--,16,13184,卖盘
2855,10:47:54,8.24,--,12,9888,卖盘
2856,10:47:51,8.24,--,1,824,卖盘
2857,10:47:48,8.24,--,94,77456,卖盘
2858,10:47:42,8.24,--,12,9888,卖盘
2859,10:47:39,8.24,--,1,824,卖盘
2860,10:47:36,8.24,-0.01,6,4944,卖盘
2861,10:47:30,8.25,0.01,76,62700,买盘
2862,10:47:27,8.24,-0.01,202,166448,卖盘
2863,10:47:24,8.25,--,14,11550,买盘
2864,10:47:21,8.25,--,5,4125,买盘
2865,10:47:18,8.25,0.01,44,36300,买盘
2866,10:47:15,8.24,-0.01,131,107944,卖盘
2867,10:47:12,8.25,0.01,60,49500,买盘
2868,10:47:09,8.24,--,65,53560,卖盘
2869,10:47:06,8.24,--,22,18128,卖盘
2870,10:47:03,8.24,-0.01,42,34608,卖盘
2871,10:47:00,8.25,0.01,19,15675,买盘
2872,10:46:57,8.24,--,1,824,卖盘
2873,10:46:54,8.24,--,2,1648,卖盘
2874,10:46:51,8.24,--,2,1648,卖盘
2875,10:46:48,8.24,--,41,33784,卖盘
2876,10:46:42,8.24,--,12,9888,卖盘
2877,10:46:39,8.24,--,1,824,卖盘
2878,10:46:33,8.24,--,61,50264,卖盘
2879,10:46:30,8.24,--,3,2472,卖盘
2880,10:46:27,8.24,-0.01,11,9064,卖盘
2881,10:46:24,8.25,0.01,46,37950,买盘
2882,10:46:21,8.24,--,56,46144,卖盘
2883,10:46:18,8.24,--,7,5768,卖盘
2884,10:46:15,8.24,--,36,29664,卖盘
2885,10:46:12,8.24,--,10,8240,卖盘
2886,10:46:09,8.24,--,22,18128,卖盘
2887,10:46:03,8.24,-0.02,11,9064,卖盘
2888,10:46:00,8.26,0.02,93,76818,买盘
2889,10:45:57,8.24,-0.02,435,358440,卖盘
2890,10:45:54,8.26,0.01,42,34692,买盘
2891,10:45:51,8.25,--,128,105600,卖盘
2892,10:45:48,8.25,--,165,136125,卖盘
