,time,price,change,volume,amount,type
0,15:00:03,11.0,0.01,1485,1633500,买盘
1,14:57:00,10.99,--,206,226394,卖盘
2,14:56:57,10.99,--,5,5495,卖盘
3,14:56:54,10.99,--,66,72534,卖盘
4,14:56:51,10.99,--,184,202216,卖盘
5,14:56:48,10.99,--,179,196721,买盘
6,14:56:45,10.99,--,33,36267,买盘
7,14:56:42,10.99,--,82,90118,买盘
8,14:56:39,10.99,--,15,16485,买盘
9,14:56:33,10.99,--,99,108801,买盘
10,14:56:30,10.99,--,170,186830,买盘
11,14:56:21,10.99,--,42,46158,买盘
12,14:56:18,10.99,0.01,63,69237,买盘
13,14:56:09,10.98,-0.01,85,93330,卖盘
14,14:56:06,10.99,--,1,1099,买盘
15,14:56:03,10.99,--,70,76930,买盘
16,14:55:51,10.99,0.01,4,4396,买盘
17,14:55:45,10.98,-0.01,316,346968,卖盘
18,14:55:39,10.99,--,20,21980,买盘
19,14:55:36,10.99,0.01,64,70336,买盘
20,14:55:33,10.98,--,133,146034,卖盘
21,14:55:27,10.98,--,398,437004,买盘
22,14:55:24,10.98,--,50,54900,买盘
23,14:55:18,10.98,0.01,18,19764,买盘
24,14:55:15,10.97,-0.01,3,3291,卖盘
25,14:55:06,10.98,--,2,2196,买盘
26,14:55:03,10.98,--,9,9882,买盘
27,14:55:00,10.98,0.01,11,12078,买盘
28,14:54:54,10.97,--,2,2194,卖盘
29,14:54:51,10.97,--,17,18649,卖盘
30,14:54:48,10.97,-0.01,14,15358,卖盘
31,14:54:42,10.98,0.01,332,364536,买盘
32,14:54:39,10.97,0.01,2,2194,买盘
33,14:54:36,10.96,--,1,1096,卖盘
34,14:54:33,10.96,-0.01,189,207144,卖盘
35,14:54:21,10.97,--,22,24134,买盘
36,14:54:18,10.97,0.01,20,21940,买盘
37,14:54:15,10.96,--,10,10960,卖盘
38,14:54:12,10.96,--,17,18632,卖盘
39,14:54:09,10.96,--,100,109600,卖盘
40,14:54:06,10.96,--,277,304468,买盘
41,14:54:03,10.96,--,201,220296,买盘
42,14:54:00,10.96,--,10,10960,买盘
43,14:53:54,10.96,0.02,98,107408,买盘
44,14:53:51,10.94,-0.01,206,225396,卖盘
45,14:53:48,10.95,-0.01,1,1095,卖盘
46,14:53:42,10.96,--,2,2192,买盘
47,14:53:39,10.96,0.01,10,10960,买盘
48,14:53:33,10.95,-0.01,213,233234,卖盘
49,14:53:30,10.96,0.01,2,2192,买盘
50,14:53:27,10.95,-0.01,50,54750,卖盘
51,14:53:18,10.96,0.02,2,2192,买盘
52,14:53:12,10.94,-0.01,206,225364,卖盘
53,14:53:09,10.95,-0.01,2,2190,卖盘
54,14:53:06,10.96,--,44,48224,买盘
55,14:53:03,10.96,0.01,206,225776,买盘
56,14:53:00,10.95,--,7,7664,卖盘
57,14:52:57,10.95,-0.01,176,192720,卖盘
58,14:52:51,10.96,--,2,2192,买盘
59,14:52:48,10.96,0.01,2,2192,买盘
60,14:52:45,10.95,--,7,7664,卖盘
61,14:52:42,10.95,-0.01,3,3285,卖盘
62,14:52:39,10.96,0.01,46,50416,买盘
63,14:52:36,10.95,--,34,37230,卖盘
64,14:52:30,10.95,-0.01,30,32850,卖盘
65,14:52:27,10.96,0.01,12,13152,买盘
66,14:52:24,10.95,-0.01,11,12045,卖盘
67,14:52:21,10.96,0.01,16,17536,买盘
68,14:52:18,10.95,--,3,3285,卖盘
69,14:52:15,10.95,-0.01,10,10950,卖盘
70,14:52:12,10.96,--,6,6576,买盘
71,14:52:06,10.96,0.01,49,53704,买盘
72,14:52:03,10.95,-0.01,25,27375,卖盘
73,14:52:00,10.96,0.01,10,10960,买盘
74,14:51:57,10.95,-0.01,134,146730,卖盘
75,14:51:51,10.96,--,1,1096,买盘
76,14:51:48,10.96,--,72,78912,买盘
77,14:51:45,10.96,--,9,9864,买盘
78,14:51:42,10.96,--,2,2192,买盘
79,14:51:39,10.96,--,21,23016,买盘
80,14:51:36,10.96,--,2,2192,买盘
81,14:51:27,10.96,0.01,10,10960,买盘
82,14:51:24,10.95,-0.01,19,20805,买盘
83,14:51:21,10.96,0.01,17,18632,买盘
84,14:51:18,10.95,--,100,109500,买盘
85,14:51:15,10.95,--,20,21900,买盘
86,14:51:12,10.95,-0.01,179,196005,卖盘
87,14:51:06,10.96,--,41,44936,买盘
88,14:51:03,10.96,0.01,26,28496,买盘
89,14:51:00,10.95,--,9,9855,卖盘
90,14:50:57,10.95,-0.01,127,139065,卖盘
91,14:50:54,10.96,0.01,9,9864,买盘
92,14:50:51,10.95,-0.01,12,13140,卖盘
93,14:50:45,10.96,--,1,1096,买盘
94,14:50:42,10.96,0.01,111,121656,买盘
95,14:50:33,10.95,-0.01,3,3285,卖盘
96,14:50:30,10.96,--,104,113984,买盘
97,14:50:27,10.96,--,1,1096,买盘
98,14:50:24,10.96,0.01,56,61376,买盘
99,14:50:21,10.95,--,15,16425,卖盘
100,14:50:15,10.95,-0.01,3,3285,卖盘
101,14:50:06,10.96,0.01,1,1096,买盘
102,14:50:03,10.95,--,32,35040,卖盘
103,14:50:00,10.95,--,17,18615,卖盘
104,14:49:57,10.95,--,23,25185,卖盘
105,14:49:51,10.95,--,17,18615,卖盘
106,14:49:48,10.95,-0.01,5,5475,卖盘
107,14:49:45,10.96,--,1,1096,买盘
108,14:49:42,10.96,--,142,155632,买盘
109,14:49:39,10.96,0.01,2,2192,买盘
110,14:49:36,10.95,--,7,7664,卖盘
111,14:49:33,10.95,--,11,12045,卖盘
112,14:49:30,10.95,-0.01,30,32850,卖盘
113,14:49:27,10.96,--,7,7672,买盘
114,14:49:24,10.96,0.01,2,2192,买盘
115,14:49:21,10.95,-0.01,2,2190,卖盘
116,14:49:18,10.96,0.01,39,42744,买盘
117,14:49:15,10.95,--,11,12045,卖盘
118,14:49:12,10.95,-0.01,3,3285,卖盘
119,14:49:09,10.96,0.01,55,60280,买盘
120,14:49:06,10.95,--,1,1095,卖盘
121,14:49:03,10.95,--,25,27375,卖盘
122,14:49:00,10.95,-0.01,8,8760,卖盘
123,14:48:57,10.96,--,7,7672,买盘
124,14:48:54,10.96,--,26,28496,买盘
125,14:48:51,10.96,0.01,224,245504,买盘
126,14:48:48,10.95,-0.01,1,1095,卖盘
127,14:48:45,10.96,0.01,26,28496,买盘
128,14:48:42,10.95,--,15,16425,卖盘
129,14:48:36,10.95,--,27,29564,卖盘
130,14:48:33,10.95,-0.01,18,19710,卖盘
131,14:48:30,10.96,--,2,2192,买盘
132,14:48:27,10.96,--,63,69048,买盘
133,14:48:24,10.96,--,49,53704,买盘
134,14:48:18,10.96,0.01,2,2192,买盘
135,14:48:15,10.95,-0.01,5,5475,卖盘
136,14:48:09,10.96,0.01,1,1096,买盘
137,14:48:06,10.95,-0.01,18,19710,卖盘
138,14:47:57,10.96,--,13,14248,买盘
139,14:47:54,10.96,0.01,35,38360,买盘
140,14:47:51,10.95,--,36,39420,卖盘
141,14:47:48,10.95,-0.01,60,65700,卖盘
142,14:47:42,10.96,0.01,26,28496,买盘
143,14:47:39,10.95,--,12,13140,卖盘
144,14:47:36,10.95,-0.01,5,5475,卖盘
145,14:47:30,10.96,--,1,1096,买盘
146,14:47:27,10.96,--,3,3288,买盘
147,14:47:21,10.96,--,12,13152,买盘
148,14:47:18,10.96,--,21,23016,买盘
149,14:47:15,10.96,--,2,2192,买盘
150,14:47:12,10.96,--,114,124944,买盘
151,14:47:09,10.96,--,1,1096,买盘
152,14:47:06,10.96,--,26,28496,买盘
153,14:47:03,10.96,0.01,14,15344,买盘
154,14:47:00,10.95,-0.01,10,10950,卖盘
155,14:46:51,10.96,--,1,1096,买盘
156,14:46:48,10.96,--,1,1096,买盘
157,14:46:45,10.96,--,2,2192,买盘
158,14:46:36,10.96,0.01,2,2192,买盘
159,14:46:33,10.95,-0.01,1,1357,卖盘
160,14:46:30,10.96,--,5,5480,买盘
161,14:46:24,10.96,0.01,2,2192,买盘
162,14:46:21,10.95,--,36,39420,卖盘
163,14:46:18,10.95,--,17,18615,卖盘
164,14:46:15,10.95,--,16,17520,卖盘
165,14:46:12,10.95,-0.01,155,169725,卖盘
166,14:46:09,10.96,0.01,20,21920,买盘
167,14:46:03,10.95,--,1,1095,卖盘
168,14:46:00,10.95,-0.01,10,10950,卖盘
169,14:45:57,10.96,--,308,337568,买盘
170,14:45:54,10.96,0.01,3,3288,买盘
171,14:45:51,10.95,--,15,16425,卖盘
172,14:45:48,10.95,--,10,10950,卖盘
173,14:45:45,10.95,-0.01,13,14234,卖盘
174,14:45:42,10.96,0.01,17,18632,买盘
175,14:45:39,10.95,--,1514,1657830,买盘
176,14:45:36,10.95,--,3,3285,买盘
177,14:45:30,10.95,--,2,2190,买盘
178,14:45:21,10.95,--,2,2190,买盘
179,14:45:18,10.95,0.01,11,12045,买盘
180,14:45:15,10.94,--,2,2188,卖盘
181,14:45:12,10.94,--,33,36102,卖盘
182,14:45:06,10.94,-0.01,7,7658,卖盘
183,14:45:03,10.95,--,16,17520,买盘
184,14:45:00,10.95,0.01,10,10950,买盘
185,14:44:57,10.94,--,7,7658,卖盘
186,14:44:54,10.94,--,2,2188,卖盘
187,14:44:51,10.94,--,16,17504,卖盘
188,14:44:42,10.94,--,52,56888,卖盘
189,14:44:39,10.94,-0.01,4,4376,卖盘
190,14:44:33,10.95,0.01,21,22995,买盘
191,14:44:30,10.94,--,47,51418,卖盘
192,14:44:27,10.94,--,12,13128,卖盘
193,14:44:24,10.94,--,3,3282,卖盘
194,14:44:21,10.94,-0.01,3,3282,卖盘
195,14:44:18,10.95,--,114,124829,买盘
196,14:44:09,10.95,0.01,30,32850,买盘
197,14:44:06,10.94,--,1,1094,卖盘
198,14:44:03,10.94,--,15,16410,卖盘
199,14:43:57,10.94,--,7,7658,卖盘
200,14:43:54,10.94,--,2,2188,卖盘
201,14:43:51,10.94,--,14,15316,卖盘
202,14:43:45,10.94,--,2,2188,卖盘
203,14:43:42,10.94,-0.01,30,32820,卖盘
204,14:43:39,10.95,0.01,42,45990,买盘
205,14:43:33,10.94,--,18,19692,卖盘
206,14:43:30,10.94,--,2,2188,卖盘
207,14:43:27,10.94,--,7,7658,卖盘
208,14:43:21,10.94,--,15,16410,卖盘
209,14:43:18,10.94,--,3,3282,卖盘
210,14:43:12,10.94,--,21,22974,卖盘
211,14:43:06,10.94,--,8,8752,卖盘
212,14:43:03,10.94,--,233,254902,卖盘
213,14:42:57,10.94,--,53,57982,卖盘
214,14:42:51,10.94,--,16,17504,卖盘
215,14:42:48,10.94,--,6,6564,卖盘
216,14:42:42,10.94,--,24,26256,卖盘
217,14:42:39,10.94,--,29,31726,卖盘
218,14:42:33,10.94,--,15,16410,卖盘
219,14:42:27,10.94,-0.01,10,10940,卖盘
220,14:42:24,10.95,0.01,5,5475,中性盘
221,14:42:21,10.94,--,14,15316,卖盘
222,14:42:15,10.94,--,164,179416,卖盘
223,14:42:12,10.94,-0.01,59,64546,卖盘
224,14:42:00,10.95,--,5,5475,买盘
225,14:41:57,10.95,--,138,151110,卖盘
226,14:41:51,10.95,-0.01,1,1095,卖盘
227,14:41:48,10.96,0.01,25,27400,买盘
228,14:41:45,10.95,--,3,3285,卖盘
229,14:41:42,10.95,-0.01,4,4380,中性盘
230,14:41:24,10.96,0.02,39,42744,买盘
231,14:41:21,10.94,--,15,16410,卖盘
232,14:41:12,10.94,--,24,26256,卖盘
233,14:41:09,10.94,-0.01,24,26256,卖盘
234,14:41:03,10.95,--,4,4380,卖盘
235,14:41:00,10.95,--,53,58034,卖盘
236,14:40:57,10.95,--,7,7664,卖盘
237,14:40:54,10.95,--,30,32850,卖盘
238,14:40:51,10.95,--,15,16425,卖盘
239,14:40:48,10.95,--,7,7664,卖盘
240,14:40:45,10.95,--,15,16425,卖盘
241,14:40:42,10.95,--,25,27375,卖盘
242,14:40:39,10.95,-0.01,16,17520,卖盘
243,14:40:33,10.96,--,75,82200,买盘
244,14:40:30,10.96,0.01,100,109600,买盘
245,14:40:27,10.95,--,15,16425,卖盘
246,14:40:24,10.95,-0.01,30,32850,卖盘
247,14:40:15,10.96,--,1,1096,买盘
248,14:40:09,10.96,--,87,95352,买盘
249,14:40:06,10.96,0.01,36,39456,买盘
250,14:40:03,10.95,--,15,16425,卖盘
251,14:40:00,10.95,--,2,2190,卖盘
252,14:39:57,10.95,--,7,7664,卖盘
253,14:39:51,10.95,-0.01,66,72270,卖盘
254,14:39:42,10.96,0.01,61,66856,买盘
255,14:39:39,10.95,--,2,2190,卖盘
256,14:39:36,10.95,-0.01,15,16425,卖盘
257,14:39:18,10.96,0.01,36,39456,买盘
258,14:39:15,10.95,--,13,14234,卖盘
259,14:39:12,10.95,--,22,24090,卖盘
260,14:39:09,10.95,--,29,31754,卖盘
261,14:39:06,10.95,-0.01,3,3285,卖盘
262,14:38:48,10.96,0.01,2,2192,买盘
263,14:38:42,10.95,--,21,22995,卖盘
264,14:38:39,10.95,--,2,2190,卖盘
265,14:38:36,10.95,--,3,3285,卖盘
266,14:38:33,10.95,--,15,16425,卖盘
267,14:38:27,10.95,--,91,99645,卖盘
268,14:38:24,10.95,--,4,4380,卖盘
269,14:38:21,10.95,0.01,1378,1508910,买盘
270,14:38:18,10.94,--,1,1094,卖盘
271,14:38:15,10.94,--,2,2188,卖盘
272,14:38:12,10.94,0.01,22,24068,中性盘
273,14:38:09,10.93,-0.01,29,31697,卖盘
274,14:38:06,10.94,-0.01,58,63452,卖盘
275,14:38:03,10.95,0.02,19,20805,买盘
276,14:37:57,10.93,-0.01,88,96184,卖盘
277,14:37:54,10.94,--,7,7658,卖盘
278,14:37:51,10.94,--,23,25162,卖盘
279,14:37:48,10.94,--,3,3282,卖盘
280,14:37:45,10.94,--,3,3282,卖盘
281,14:37:42,10.94,--,25,27350,卖盘
282,14:37:39,10.94,--,19,20786,卖盘
283,14:37:36,10.94,--,5,5470,卖盘
284,14:37:33,10.94,-0.01,15,16410,卖盘
285,14:37:30,10.95,0.01,1,1095,买盘
286,14:37:27,10.94,-0.01,3,3282,卖盘
287,14:37:24,10.95,--,20,21900,买盘
288,14:37:12,10.95,0.01,256,280320,买盘
289,14:37:09,10.94,--,33,36102,卖盘
290,14:37:03,10.94,--,77,84238,卖盘
291,14:36:57,10.94,--,170,185980,卖盘
292,14:36:54,10.94,--,12,13128,卖盘
293,14:36:51,10.94,--,25,27350,卖盘
294,14:36:42,10.94,--,15,16410,卖盘
295,14:36:39,10.94,--,7,7658,卖盘
296,14:36:33,10.94,--,16,17504,卖盘
297,14:36:30,10.94,--,7,7658,卖盘
298,14:36:24,10.94,--,7,7658,卖盘
299,14:36:21,10.94,--,25,27350,卖盘
300,14:36:12,10.94,--,15,16410,卖盘
301,14:36:09,10.94,--,35,38290,卖盘
302,14:36:06,10.94,--,50,54700,卖盘
303,14:36:03,10.94,--,9,9846,卖盘
304,14:36:00,10.94,-0.01,3,3282,卖盘
305,14:35:57,10.95,0.01,244,267180,买盘
306,14:35:54,10.94,--,15,16410,卖盘
307,14:35:51,10.94,--,14,15316,卖盘
308,14:35:45,10.94,--,2,2188,卖盘
309,14:35:42,10.94,--,15,16410,卖盘
310,14:35:39,10.94,--,7,7658,卖盘
311,14:35:33,10.94,--,30,32820,卖盘
312,14:35:24,10.94,--,7,7658,卖盘
313,14:35:21,10.94,-0.01,2,2188,卖盘
314,14:35:18,10.95,--,50,54750,买盘
315,14:35:15,10.95,0.01,6,6570,买盘
316,14:35:12,10.94,--,15,16410,卖盘
317,14:35:09,10.94,-0.01,37,40478,卖盘
318,14:35:06,10.95,--,97,106215,买盘
319,14:35:03,10.95,0.01,34,37230,买盘
320,14:34:57,10.94,--,169,184886,卖盘
321,14:34:54,10.94,-0.01,5,5470,卖盘
322,14:34:51,10.95,--,48,52560,买盘
323,14:34:48,10.95,--,4,4380,买盘
324,14:34:42,10.95,--,3,3285,买盘
325,14:34:39,10.95,--,20,21900,买盘
326,14:34:36,10.95,0.01,9,9855,买盘
327,14:34:33,10.94,-0.01,2,2188,卖盘
328,14:34:30,10.95,--,14,15329,买盘
329,14:34:18,10.95,0.01,24,26280,买盘
330,14:34:15,10.94,--,6,6564,卖盘
331,14:34:12,10.94,-0.01,2,2188,卖盘
332,14:34:09,10.95,0.01,43,47085,买盘
333,14:34:03,10.94,--,15,16410,卖盘
334,14:33:57,10.94,-0.01,114,124716,卖盘
335,14:33:51,10.95,--,85,93075,买盘
336,14:33:45,10.95,0.01,45,49275,买盘
337,14:33:42,10.94,--,17,18598,卖盘
338,14:33:39,10.94,-0.01,2,2188,卖盘
339,14:33:27,10.95,0.01,3,3285,买盘
340,14:33:24,10.94,--,10,10940,卖盘
341,14:33:21,10.94,--,15,16410,卖盘
342,14:33:15,10.94,-0.01,1,1094,卖盘
343,14:33:12,10.95,0.01,20,21900,买盘
344,14:33:09,10.94,--,34,37196,卖盘
345,14:33:06,10.94,-0.01,1,1094,卖盘
346,14:33:00,10.95,--,175,191625,卖盘
347,14:32:54,10.95,--,7,7664,卖盘
348,14:32:51,10.95,--,15,16425,卖盘
349,14:32:48,10.95,--,2,2190,卖盘
350,14:32:45,10.95,--,5,5475,卖盘
351,14:32:42,10.95,-0.01,53,58034,卖盘
352,14:32:39,10.96,--,1,1096,买盘
353,14:32:36,10.96,0.02,119,130424,买盘
354,14:32:33,10.94,--,15,16410,卖盘
355,14:32:27,10.94,--,2,2188,卖盘
356,14:32:24,10.94,--,8,8752,卖盘
357,14:32:21,10.94,--,14,15316,卖盘
358,14:32:15,10.94,-0.02,5,5470,卖盘
359,14:32:12,10.96,0.02,38,41648,买盘
360,14:32:09,10.94,--,36,39384,卖盘
361,14:32:06,10.94,--,35,38290,卖盘
362,14:32:03,10.94,--,17,18598,卖盘
363,14:32:00,10.94,--,50,54700,卖盘
364,14:31:57,10.94,--,5,5470,卖盘
365,14:31:54,10.94,--,10,10940,卖盘
366,14:31:51,10.94,--,255,278970,卖盘
367,14:31:45,10.94,--,10,10940,卖盘
368,14:31:42,10.94,--,15,16410,卖盘
369,14:31:39,10.94,-0.01,11,12034,卖盘
370,14:31:36,10.95,--,13,14234,买盘
371,14:31:33,10.95,0.01,18,19710,买盘
372,14:31:24,10.94,-0.01,26,28444,卖盘
373,14:31:21,10.95,0.01,68,74460,买盘
374,14:31:18,10.94,--,26,28444,卖盘
375,14:31:15,10.94,-0.01,5,5470,卖盘
376,14:31:12,10.95,0.01,33,36135,买盘
377,14:31:09,10.94,--,41,44854,卖盘
378,14:31:06,10.94,-0.01,5,5470,卖盘
379,14:31:03,10.95,--,213,233234,买盘
380,14:31:00,10.95,--,3,3285,买盘
381,14:30:57,10.95,--,37,40515,买盘
382,14:30:54,10.95,0.01,129,141255,买盘
383,14:30:51,10.94,--,34,37196,卖盘
384,14:30:48,10.94,--,3,3282,卖盘
385,14:30:45,10.94,--,13,14222,卖盘
386,14:30:42,10.94,--,15,16410,卖盘
387,14:30:39,10.94,-0.01,3,3282,卖盘
388,14:30:36,10.95,--,11,12045,买盘
389,14:30:33,10.95,0.01,17,18615,买盘
390,14:30:30,10.94,--,268,293192,卖盘
391,14:30:27,10.94,-0.01,38,41572,卖盘
392,14:30:24,10.95,0.01,23,25185,买盘
393,14:30:21,10.94,--,24,26256,卖盘
394,14:30:18,10.94,--,21,22974,卖盘
395,14:30:15,10.94,--,28,30632,卖盘
396,14:30:12,10.94,-0.01,15,16410,卖盘
397,14:30:09,10.95,--,48,52560,买盘
398,14:30:06,10.95,--,49,53655,买盘
399,14:30:03,10.95,0.01,68,74460,买盘
400,14:30:00,10.94,--,14,15316,卖盘
401,14:29:57,10.94,--,1,1094,卖盘
402,14:29:51,10.94,--,76,83144,卖盘
403,14:29:45,10.94,--,14,15316,卖盘
404,14:29:42,10.94,--,53,57982,卖盘
405,14:29:39,10.94,--,3,3282,卖盘
406,14:29:36,10.94,--,12,13128,卖盘
407,14:29:33,10.94,--,24,26256,卖盘
408,14:29:27,10.94,--,21,22974,卖盘
409,14:29:21,10.94,--,54,59076,卖盘
410,14:29:18,10.94,-0.01,148,161912,卖盘
411,14:29:15,10.95,--,36,39420,买盘
412,14:29:12,10.95,0.01,17,18615,买盘
413,14:29:09,10.94,--,32,35008,卖盘
414,14:29:06,10.94,-0.01,35,38290,卖盘
415,14:29:03,10.95,0.01,26,28469,买盘
416,14:29:00,10.94,--,32,35008,卖盘
417,14:28:57,10.94,-0.02,88,96272,卖盘
418,14:28:51,10.96,0.01,79,87241,买盘
419,14:28:48,10.95,--,1,1095,卖盘
420,14:28:45,10.95,--,5,5475,卖盘
421,14:28:42,10.95,--,15,16425,卖盘
422,14:28:39,10.95,--,3,3285,卖盘
423,14:28:36,10.95,--,7,7664,卖盘
424,14:28:33,10.95,--,17,18615,卖盘
425,14:28:30,10.95,--,20,21900,卖盘
426,14:28:27,10.95,--,5,5475,卖盘
427,14:28:21,10.95,--,32,35040,卖盘
428,14:28:15,10.95,-0.01,5,5475,卖盘
429,14:28:12,10.96,0.01,19,20824,买盘
430,14:28:09,10.95,--,31,33945,卖盘
431,14:28:06,10.95,-0.01,5,5475,卖盘
432,14:28:03,10.96,0.01,41,44936,买盘
433,14:27:57,10.95,-0.01,100,109500,卖盘
434,14:27:54,10.96,--,1,1096,买盘
435,14:27:48,10.96,0.01,9,9864,买盘
436,14:27:45,10.95,-0.01,7,7664,卖盘
437,14:27:42,10.96,--,22,24550,买盘
438,14:27:39,10.96,--,17,18632,买盘
439,14:27:36,10.96,0.01,103,112888,买盘
440,14:27:33,10.95,--,15,16425,卖盘
441,14:27:30,10.95,--,2,2190,卖盘
442,14:27:27,10.95,--,2,2190,卖盘
443,14:27:24,10.95,--,2,2190,卖盘
444,14:27:21,10.95,--,27,29564,卖盘
445,14:27:15,10.95,--,8,8760,卖盘
446,14:27:12,10.95,--,75,82125,卖盘
447,14:27:09,10.95,--,28,30659,卖盘
448,14:27:06,10.95,--,12,13140,卖盘
449,14:27:03,10.95,--,37,40515,卖盘
450,14:27:00,10.95,--,2,2190,卖盘
451,14:26:57,10.95,-0.01,135,147825,卖盘
452,14:26:51,10.96,--,10,10960,买盘
453,14:26:48,10.96,--,63,69048,卖盘
454,14:26:45,10.96,--,5,5480,卖盘
455,14:26:42,10.96,--,15,16440,卖盘
456,14:26:39,10.96,-0.01,3,3288,卖盘
457,14:26:36,10.97,0.01,23,25231,买盘
458,14:26:33,10.96,--,15,16440,卖盘
459,14:26:30,10.96,--,20,21920,卖盘
460,14:26:27,10.96,--,2,2192,卖盘
461,14:26:24,10.96,--,20,21920,卖盘
462,14:26:21,10.96,-0.01,31,33976,卖盘
463,14:26:15,10.97,0.01,3,3291,买盘
464,14:26:12,10.96,--,20,21920,卖盘
465,14:26:09,10.96,--,29,31784,卖盘
466,14:26:06,10.96,--,24,26304,卖盘
467,14:26:03,10.96,-0.01,15,16440,卖盘
468,14:25:57,10.97,0.01,262,287414,买盘
469,14:25:51,10.96,--,28,30688,卖盘
470,14:25:42,10.96,--,19,20824,卖盘
471,14:25:39,10.96,--,6,6576,卖盘
472,14:25:36,10.96,--,7,7672,卖盘
473,14:25:33,10.96,--,15,16440,卖盘
474,14:25:27,10.96,--,3,3288,卖盘
475,14:25:21,10.96,--,23,25208,卖盘
476,14:25:15,10.96,-0.01,2,2192,卖盘
477,14:25:12,10.97,0.01,23,25231,买盘
478,14:25:09,10.96,-0.01,28,30688,卖盘
479,14:25:06,10.97,0.01,70,76790,买盘
480,14:25:03,10.96,--,14,15344,卖盘
481,14:25:00,10.96,--,70,76720,卖盘
482,14:24:57,10.96,--,86,94256,卖盘
483,14:24:51,10.96,--,24,26304,卖盘
484,14:24:48,10.96,--,5,5480,卖盘
485,14:24:42,10.96,--,20,21920,卖盘
486,14:24:39,10.96,--,5,5480,卖盘
487,14:24:36,10.96,--,57,62472,卖盘
488,14:24:33,10.96,--,15,16440,卖盘
489,14:24:30,10.96,--,12,13152,卖盘
490,14:24:27,10.96,-0.01,2,2192,卖盘
491,14:24:24,10.97,0.01,1,1097,买盘
492,14:24:21,10.96,--,22,24112,卖盘
493,14:24:18,10.96,-0.01,150,164400,卖盘
494,14:24:12,10.97,0.01,23,25231,买盘
495,14:24:09,10.96,--,32,35072,卖盘
496,14:24:06,10.96,-0.01,5,5480,卖盘
497,14:24:00,10.97,--,363,398858,卖盘
498,14:23:57,10.97,-0.01,1,1097,卖盘
499,14:23:51,10.98,0.01,91,99918,买盘
500,14:23:42,10.97,--,22,24134,卖盘
501,14:23:39,10.97,--,5,5485,卖盘
502,14:23:36,10.97,--,7,7679,卖盘
503,14:23:33,10.97,--,14,15358,卖盘
504,14:23:27,10.97,--,2,2194,卖盘
505,14:23:24,10.97,--,10,10970,卖盘
506,14:23:21,10.97,--,15,16455,卖盘
507,14:23:18,10.97,-0.01,3,3291,卖盘
508,14:23:15,10.98,0.01,4,4392,买盘
509,14:23:12,10.97,--,20,21940,卖盘
510,14:23:09,10.97,--,30,32910,卖盘
511,14:23:06,10.97,--,5,5485,卖盘
512,14:23:03,10.97,--,82,89954,卖盘
513,14:23:00,10.97,--,10,10970,卖盘
514,14:22:54,10.97,--,3,3291,卖盘
515,14:22:51,10.97,--,16,17552,卖盘
516,14:22:48,10.97,--,19,21896,卖盘
517,14:22:42,10.97,--,19,20843,卖盘
518,14:22:39,10.97,--,1,1097,卖盘
519,14:22:36,10.97,--,18,19746,卖盘
520,14:22:33,10.97,--,24,26328,卖盘
521,14:22:30,10.97,--,2,2194,卖盘
522,14:22:27,10.97,--,10,10970,卖盘
523,14:22:21,10.97,-0.01,30,33853,卖盘
524,14:22:15,10.98,0.01,3,3294,买盘
525,14:22:12,10.97,--,20,21940,卖盘
526,14:22:09,10.97,--,29,31813,卖盘
527,14:22:06,10.97,--,8,8776,卖盘
528,14:22:03,10.97,--,22,24134,卖盘
529,14:21:51,10.97,--,25,28379,卖盘
530,14:21:48,10.97,--,93,102021,卖盘
531,14:21:42,10.97,--,20,21940,卖盘
532,14:21:39,10.97,--,28,30716,卖盘
533,14:21:36,10.97,--,10,10970,卖盘
534,14:21:33,10.97,--,42,46074,卖盘
535,14:21:27,10.97,-0.01,2,2194,卖盘
536,14:21:24,10.98,0.01,45,49410,买盘
537,14:21:21,10.97,--,14,15358,卖盘
538,14:21:18,10.97,-0.01,10,11913,卖盘
539,14:21:12,10.98,0.01,25,27450,买盘
540,14:21:09,10.97,--,27,29619,卖盘
541,14:21:06,10.97,--,8,8776,卖盘
542,14:21:03,10.97,--,22,24134,卖盘
543,14:21:00,10.97,-0.01,1,1097,卖盘
544,14:20:54,10.98,0.01,9,9882,买盘
545,14:20:51,10.97,--,15,16455,卖盘
546,14:20:48,10.97,-0.01,2,2194,卖盘
547,14:20:45,10.98,0.01,1,1098,买盘
548,14:20:42,10.97,--,21,23037,卖盘
549,14:20:39,10.97,--,1,1097,卖盘
550,14:20:36,10.97,-0.01,4,4388,卖盘
551,14:20:33,10.98,--,97,106506,买盘
552,14:20:27,10.98,0.01,7,7686,买盘
553,14:20:24,10.97,--,2,2194,卖盘
554,14:20:21,10.97,-0.01,1,1097,卖盘
555,14:20:12,10.98,0.01,43,47214,买盘
556,14:20:09,10.97,--,75,82275,卖盘
557,14:20:06,10.97,-0.01,8,8776,卖盘
558,14:20:03,10.98,0.01,70,76860,买盘
559,14:20:00,10.97,--,2,2194,卖盘
560,14:19:57,10.97,--,30,32910,卖盘
561,14:19:51,10.97,--,15,16455,卖盘
562,14:19:48,10.97,--,17,19592,卖盘
563,14:19:42,10.97,--,19,20843,卖盘
564,14:19:39,10.97,--,67,73499,卖盘
565,14:19:36,10.97,--,14,15358,卖盘
566,14:19:33,10.97,--,30,32910,卖盘
567,14:19:27,10.97,-0.01,2,2194,卖盘
568,14:19:24,10.98,0.01,1,1098,买盘
569,14:19:21,10.97,--,75,82275,卖盘
570,14:19:18,10.97,--,7,7679,卖盘
571,14:19:15,10.97,--,22,25077,卖盘
572,14:19:12,10.97,--,74,81178,卖盘
573,14:19:09,10.97,--,27,29619,卖盘
574,14:19:06,10.97,--,8,8776,卖盘
575,14:19:03,10.97,-0.01,1,1097,卖盘
576,14:18:57,10.98,0.01,5,5490,买盘
577,14:18:54,10.97,--,2,2194,卖盘
578,14:18:51,10.97,-0.01,10,11924,卖盘
579,14:18:45,10.98,0.01,1,1098,买盘
580,14:18:42,10.97,--,20,21940,卖盘
581,14:18:39,10.97,-0.01,16,17552,卖盘
582,14:18:36,10.98,0.01,7,7686,买盘
583,14:18:33,10.97,-0.01,1,1097,卖盘
584,14:18:30,10.98,--,7,7686,卖盘
585,14:18:27,10.98,-0.01,4,4392,卖盘
586,14:18:24,10.99,--,4,4396,买盘
587,14:18:21,10.99,0.01,99,108801,买盘
588,14:18:18,10.98,-0.01,601,660842,卖盘
589,14:18:12,10.99,0.01,18,19782,买盘
590,14:18:09,10.98,-0.01,32,35136,卖盘
591,14:18:06,10.99,--,151,165949,卖盘
592,14:18:03,10.99,--,43,47257,卖盘
593,14:17:57,10.99,--,10,10990,卖盘
594,14:17:54,10.99,--,7,7693,卖盘
595,14:17:51,10.99,-0.01,3,3297,卖盘
596,14:17:48,11.0,0.01,18,19800,买盘
597,14:17:42,10.99,--,36,39564,卖盘
598,14:17:39,10.99,-0.01,27,29673,卖盘
599,14:17:36,11.0,0.01,12,13200,买盘
600,14:17:33,10.99,--,58,63742,卖盘
601,14:17:27,10.99,--,2,2198,卖盘
602,14:17:24,10.99,--,4,4396,卖盘
603,14:17:21,10.99,--,19,20881,卖盘
604,14:17:18,10.99,-0.01,2,2198,中性盘
605,14:17:15,11.0,0.01,57,62700,买盘
606,14:17:12,10.99,0.01,18,19782,买盘
607,14:17:09,10.98,-0.01,154,169092,卖盘
608,14:17:06,10.99,--,17,18683,卖盘
609,14:17:03,10.99,--,22,24178,卖盘
610,14:17:00,10.99,--,25,27475,卖盘
611,14:16:57,10.99,-0.01,59,64841,卖盘
612,14:16:54,11.0,--,7,7700,买盘
613,14:16:51,11.0,0.01,287,315700,买盘
614,14:16:48,10.99,--,7,7693,卖盘
615,14:16:42,10.99,--,40,43960,卖盘
616,14:16:39,10.99,-0.01,7,7693,卖盘
617,14:16:36,11.0,0.01,4,4400,买盘
618,14:16:33,10.99,-0.01,6,6594,卖盘
619,14:16:30,11.0,--,32,35200,买盘
620,14:16:27,11.0,--,12,13200,买盘
621,14:16:24,11.0,--,3,3300,买盘
622,14:16:12,11.0,0.01,18,19800,买盘
623,14:16:09,10.99,-0.01,27,29673,卖盘
624,14:16:06,11.0,0.01,13,14300,买盘
625,14:16:03,10.99,-0.01,19,20881,卖盘
626,14:16:00,11.0,0.01,26,28600,买盘
627,14:15:51,10.99,-0.01,5,5495,卖盘
628,14:15:42,11.0,0.02,108,118800,买盘
629,14:15:39,10.98,--,1,1098,卖盘
630,14:15:36,10.98,-0.01,98,107604,卖盘
631,14:15:33,10.99,--,5,5495,买盘
632,14:15:24,10.99,--,17,18683,买盘
633,14:15:15,10.99,--,31,34069,买盘
634,14:15:12,10.99,--,3,3297,买盘
635,14:15:09,10.99,--,810,890190,卖盘
636,14:15:06,10.99,-0.01,95,104405,卖盘
637,14:15:03,11.0,0.01,20,22000,买盘
638,14:15:00,10.99,--,121,132979,卖盘
639,14:14:51,10.99,--,56,61544,卖盘
640,14:14:48,10.99,--,64,70336,卖盘
641,14:14:45,10.99,--,7,7693,卖盘
642,14:14:42,10.99,--,15,16485,卖盘
643,14:14:39,10.99,-0.01,1,1099,卖盘
644,14:14:36,11.0,--,1,1100,买盘
645,14:14:33,11.0,0.02,344,378400,买盘
646,14:14:30,10.98,--,10,10980,卖盘
647,14:14:27,10.98,-0.01,3,3294,卖盘
648,14:14:18,10.99,--,2,2198,买盘
649,14:14:12,10.99,0.01,35,38465,买盘
650,14:14:09,10.98,--,26,28548,卖盘
651,14:14:06,10.98,--,5,5490,卖盘
652,14:14:03,10.98,--,16,17568,卖盘
653,14:14:00,10.98,--,17,18666,卖盘
654,14:13:51,10.98,--,74,81252,买盘
655,14:13:48,10.98,--,30,32940,买盘
656,14:13:42,10.98,0.01,54,59292,买盘
657,14:13:39,10.97,--,2,2194,卖盘
658,14:13:36,10.97,-0.01,10,10970,卖盘
659,14:13:33,10.98,--,15,16470,买盘
660,14:13:27,10.98,0.01,158,173484,买盘
661,14:13:21,10.97,0.01,126,138222,买盘
662,14:13:18,10.96,-0.01,1,1096,卖盘
663,14:13:15,10.97,--,2,2194,买盘
664,14:13:12,10.97,--,25,27425,买盘
665,14:13:09,10.97,0.01,82,89954,买盘
666,14:13:06,10.96,-0.01,5,5480,卖盘
667,14:13:03,10.97,0.01,30,32910,买盘
668,14:13:00,10.96,--,8,8768,卖盘
669,14:12:51,10.96,--,15,16440,卖盘
670,14:12:45,10.96,--,7,7672,卖盘
671,14:12:42,10.96,-0.01,4,4384,卖盘
672,14:12:39,10.97,0.01,48,52656,买盘
673,14:12:33,10.96,0.01,62,67952,买盘
674,14:12:30,10.95,--,8,8760,卖盘
675,14:12:24,10.95,--,22,24090,卖盘
676,14:12:21,10.95,-0.01,112,122639,卖盘
677,14:12:18,10.96,0.01,63,69048,买盘
678,14:12:15,10.95,--,7,7664,卖盘
679,14:12:12,10.95,0.01,804,880380,买盘
680,14:12:09,10.94,-0.01,29,31726,卖盘
681,14:12:06,10.95,--,105,114974,买盘
682,14:11:54,10.95,--,43,47085,买盘
683,14:11:48,10.95,0.01,1,1095,买盘
684,14:11:45,10.94,--,7,7658,卖盘
685,14:11:42,10.94,--,15,16410,卖盘
686,14:11:39,10.94,-0.01,10,10940,卖盘
687,14:11:36,10.95,0.01,19,21494,买盘
688,14:11:33,10.94,--,871,952874,买盘
689,14:11:30,10.94,--,200,218800,买盘
690,14:11:27,10.94,0.01,30,32820,买盘
691,14:11:21,10.93,--,125,136625,卖盘
692,14:11:18,10.93,-0.01,19,20767,卖盘
693,14:11:15,10.94,--,211,230834,买盘
694,14:11:12,10.94,0.01,94,102836,买盘
695,14:11:09,10.93,-0.01,26,28418,卖盘
696,14:11:03,10.94,0.01,48,52512,买盘
697,14:11:00,10.93,--,250,273250,买盘
698,14:10:57,10.93,0.01,27,29511,买盘
699,14:10:54,10.92,--,18,19656,卖盘
700,14:10:51,10.92,-0.01,434,473928,卖盘
701,14:10:48,10.93,0.01,20,21860,买盘
702,14:10:45,10.92,--,7,7644,卖盘
703,14:10:42,10.92,--,77,84084,卖盘
704,14:10:39,10.92,-0.01,50,54600,卖盘
705,14:10:36,10.93,--,89,97277,买盘
706,14:10:33,10.93,0.01,128,139904,买盘
707,14:10:30,10.92,-0.01,5,5460,卖盘
708,14:10:27,10.93,--,4,4372,买盘
709,14:10:24,10.93,--,20,21860,买盘
710,14:10:21,10.93,--,2,2186,买盘
711,14:10:15,10.93,--,38,41534,买盘
712,14:10:12,10.93,0.01,18,19674,买盘
713,14:10:09,10.92,--,25,27300,卖盘
714,14:10:06,10.92,--,52,56784,卖盘
715,14:10:03,10.92,--,15,16380,卖盘
716,14:10:00,10.92,--,7,7644,卖盘
717,14:09:57,10.92,--,30,32760,卖盘
718,14:09:54,10.92,-0.01,22,24024,卖盘
719,14:09:48,10.93,0.01,58,63394,买盘
720,14:09:45,10.92,--,17,18564,卖盘
721,14:09:42,10.92,-0.01,98,107016,卖盘
722,14:09:39,10.93,0.01,10,10930,买盘
723,14:09:33,10.92,-0.01,1,1092,卖盘
724,14:09:30,10.93,--,1,1093,买盘
725,14:09:27,10.93,0.01,26,28418,买盘
726,14:09:24,10.92,--,2,2184,卖盘
727,14:09:21,10.92,-0.01,10,10920,卖盘
728,14:09:15,10.93,0.01,33,36069,买盘
729,14:09:12,10.92,-0.01,12,13104,卖盘
730,14:09:09,10.93,--,50,54650,买盘
731,14:09:06,10.93,0.01,1,1093,买盘
732,14:08:57,10.92,-0.01,23,25116,卖盘
733,14:08:54,10.93,0.01,19,20767,买盘
734,14:08:51,10.92,-0.01,16,17472,卖盘
735,14:08:42,10.93,0.01,1,1093,买盘
736,14:08:33,10.92,--,18,19656,卖盘
737,14:08:30,10.92,--,7,7644,中性盘
738,14:08:27,10.92,--,7,7644,买盘
739,14:08:24,10.92,--,11,12012,买盘
740,14:08:21,10.92,--,5,5460,买盘
741,14:08:18,10.92,-0.01,3,3276,中性盘
742,14:08:12,10.93,0.02,17,18581,买盘
743,14:08:09,10.91,-0.02,2149,2344559,卖盘
744,14:08:00,10.93,--,18,19674,买盘
745,14:07:57,10.93,0.01,2,2186,买盘
746,14:07:54,10.92,-0.02,17,18564,卖盘
747,14:07:51,10.94,0.02,26,28444,买盘
748,14:07:48,10.92,-0.01,2,2184,卖盘
749,14:07:45,10.93,--,50,54650,买盘
750,14:07:42,10.93,--,19,20767,买盘
751,14:07:39,10.93,0.01,1,1093,买盘
752,14:07:36,10.92,--,27,29484,卖盘
753,14:07:30,10.92,--,1,1092,卖盘
754,14:07:27,10.92,0.01,48,52481,买盘
755,14:07:24,10.91,-0.01,6,6546,卖盘
756,14:07:21,10.92,--,50,54600,买盘
757,14:07:18,10.92,--,152,165984,买盘
758,14:07:12,10.92,--,47,51324,买盘
759,14:07:09,10.92,--,36,39312,买盘
760,14:07:03,10.92,--,20,21840,买盘
761,14:07:00,10.92,--,110,120120,买盘
762,14:06:57,10.92,--,37,40404,买盘
763,14:06:54,10.92,--,16,17472,买盘
764,14:06:51,10.92,--,41,44772,买盘
765,14:06:45,10.92,--,202,220584,买盘
766,14:06:42,10.92,0.01,37,40404,买盘
767,14:06:39,10.91,-0.01,2,2182,卖盘
768,14:06:36,10.92,0.01,1,1092,买盘
769,14:06:27,10.91,-0.03,2248,2453593,卖盘
770,14:06:21,10.94,0.01,41,44854,买盘
771,14:06:15,10.93,-0.01,2,2186,卖盘
772,14:06:12,10.94,--,3,3282,买盘
773,14:06:09,10.94,0.01,35,38290,买盘
774,14:06:06,10.93,-0.01,6,6558,卖盘
775,14:06:03,10.94,0.01,64,70016,买盘
776,14:05:57,10.93,--,27,29511,卖盘
777,14:05:51,10.93,--,40,43720,卖盘
778,14:05:48,10.93,-0.01,11,12023,卖盘
779,14:05:45,10.94,--,51,55794,买盘
780,14:05:39,10.94,--,149,163006,买盘
781,14:05:36,10.94,0.01,3,3282,买盘
782,14:05:33,10.93,--,15,16395,卖盘
783,14:05:27,10.93,-0.01,6,6558,卖盘
784,14:05:24,10.94,0.01,1,1094,买盘
785,14:05:21,10.93,-0.01,5,5465,卖盘
786,14:05:18,10.94,0.01,1,1094,买盘
787,14:05:12,10.93,--,34,37162,卖盘
788,14:05:09,10.93,--,26,28418,卖盘
789,14:05:06,10.93,--,52,56836,卖盘
790,14:05:03,10.93,--,19,20767,卖盘
791,14:04:57,10.93,--,7,7651,卖盘
792,14:04:54,10.93,--,8,8744,卖盘
793,14:04:51,10.93,--,133,145369,卖盘
794,14:04:45,10.93,--,219,239367,卖盘
795,14:04:42,10.93,-0.01,7,7651,卖盘
796,14:04:39,10.94,0.01,24,26256,买盘
797,14:04:36,10.93,-0.01,123,134439,卖盘
798,14:04:33,10.94,--,17,18598,买盘
799,14:04:24,10.94,0.01,57,62358,买盘
800,14:04:21,10.93,--,81,88533,卖盘
801,14:04:18,10.93,-0.01,3,3279,卖盘
802,14:04:15,10.94,--,3,3282,买盘
803,14:04:12,10.94,--,118,129092,买盘
804,14:04:09,10.94,--,28,30632,买盘
805,14:04:06,10.94,0.01,24,26256,买盘
806,14:04:03,10.93,--,1,1093,卖盘
807,14:04:00,10.93,-0.01,1,1093,卖盘
808,14:03:57,10.94,0.01,17,18598,买盘
809,14:03:54,10.93,-0.01,22,24046,卖盘
810,14:03:45,10.94,--,3,3282,买盘
811,14:03:39,10.94,0.01,29,31726,买盘
812,14:03:33,10.93,--,15,16395,卖盘
813,14:03:30,10.93,--,118,128974,卖盘
814,14:03:27,10.93,--,7,7651,卖盘
815,14:03:24,10.93,-0.01,3,3279,卖盘
816,14:03:21,10.94,--,10,10940,买盘
817,14:03:12,10.94,0.01,25,27350,买盘
818,14:03:09,10.93,--,105,114765,卖盘
819,14:03:06,10.93,-0.01,21,22953,卖盘
820,14:03:00,10.94,--,15,16410,买盘
821,14:02:57,10.94,--,51,55794,买盘
822,14:02:54,10.94,0.01,16,17504,买盘
823,14:02:51,10.93,-0.01,14,15302,卖盘
824,14:02:45,10.94,0.01,10,10940,买盘
825,14:02:42,10.93,--,22,24046,卖盘
826,14:02:36,10.93,--,139,151927,卖盘
827,14:02:33,10.93,-0.01,2,2186,卖盘
828,14:02:30,10.94,--,10,10940,买盘
829,14:02:27,10.94,--,11,12034,买盘
830,14:02:24,10.94,--,62,67828,买盘
831,14:02:21,10.94,--,1,1094,买盘
832,14:02:18,10.94,--,4,4376,买盘
833,14:02:15,10.94,--,30,32820,买盘
834,14:02:12,10.94,--,6,6564,买盘
835,14:02:09,10.94,--,56,61264,买盘
836,14:02:06,10.94,--,25,27350,买盘
837,14:02:03,10.94,-0.01,624,683060,卖盘
838,14:02:00,10.95,0.01,10,10950,买盘
839,14:01:57,10.94,--,7,7658,卖盘
840,14:01:51,10.94,-0.01,18,19692,卖盘
841,14:01:48,10.95,0.01,16,17520,买盘
842,14:01:45,10.94,-0.01,3,3282,卖盘
843,14:01:42,10.95,--,10,10950,买盘
844,14:01:39,10.95,0.01,2,2190,买盘
845,14:01:33,10.94,--,15,16410,卖盘
846,14:01:27,10.94,--,88,96272,卖盘
847,14:01:24,10.94,--,1,1094,卖盘
848,14:01:21,10.94,--,18,19692,卖盘
849,14:01:18,10.94,-0.01,5,5470,卖盘
850,14:01:12,10.95,0.01,25,27375,买盘
851,14:01:09,10.94,--,44,48136,卖盘
852,14:01:06,10.94,-0.01,2,2188,卖盘
853,14:01:03,10.95,0.01,39,42705,买盘
854,14:00:57,10.94,--,11,12034,卖盘
855,14:00:54,10.94,--,3,3282,卖盘
856,14:00:51,10.94,--,30,32820,卖盘
857,14:00:42,10.94,--,60,65640,卖盘
858,14:00:39,10.94,--,7,7658,卖盘
859,14:00:36,10.94,--,5,5470,卖盘
860,14:00:33,10.94,--,15,16410,卖盘
861,14:00:24,10.94,-0.01,2,2188,卖盘
862,14:00:21,10.95,--,1,1095,买盘
863,14:00:18,10.95,--,13,14234,买盘
864,14:00:15,10.95,--,4,4380,买盘
865,14:00:12,10.95,0.01,19,20805,买盘
866,14:00:09,10.94,--,41,44854,卖盘
867,14:00:06,10.94,-0.01,2,2188,卖盘
868,14:00:03,10.95,0.01,50,54750,买盘
869,14:00:00,10.94,-0.01,2,2188,卖盘
870,13:59:57,10.95,0.01,4,4380,买盘
871,13:59:54,10.94,-0.01,1,1094,卖盘
872,13:59:51,10.95,--,115,125924,买盘
873,13:59:48,10.95,--,45,49275,买盘
874,13:59:45,10.95,--,10,10950,买盘
875,13:59:42,10.95,--,2,2190,买盘
876,13:59:39,10.95,--,90,98550,卖盘
877,13:59:36,10.95,--,35,38325,卖盘
878,13:59:33,10.95,--,15,16425,卖盘
879,13:59:27,10.95,--,68,74460,卖盘
880,13:59:24,10.95,--,210,229949,卖盘
881,13:59:21,10.95,-0.01,5,5475,卖盘
882,13:59:18,10.96,--,3,3288,买盘
883,13:59:15,10.96,--,9,9864,买盘
884,13:59:12,10.96,0.01,29,31784,买盘
885,13:59:09,10.95,-0.01,24,26280,卖盘
886,13:58:57,10.96,0.01,28,30688,买盘
887,13:58:54,10.95,--,8,8760,卖盘
888,13:58:51,10.95,--,14,15329,卖盘
889,13:58:48,10.95,--,19,20805,卖盘
890,13:58:42,10.95,--,15,16425,卖盘
891,13:58:39,10.95,--,13,14234,卖盘
892,13:58:36,10.95,-0.01,67,73365,卖盘
893,13:58:33,10.96,0.01,32,35072,买盘
894,13:58:27,10.95,-0.01,1,1095,卖盘
895,13:58:18,10.96,0.01,1,1096,买盘
896,13:58:15,10.95,-0.01,6,6570,卖盘
897,13:58:12,10.96,0.01,17,18632,买盘
898,13:58:09,10.95,--,33,36135,卖盘
899,13:58:06,10.95,-0.01,9,9855,卖盘
900,13:58:03,10.96,0.01,21,23016,买盘
901,13:57:54,10.95,0.01,204,223380,买盘
902,13:57:51,10.94,--,31,33914,卖盘
903,13:57:45,10.94,--,54,59076,卖盘
904,13:57:42,10.94,--,15,16410,卖盘
905,13:57:39,10.94,--,7,7658,卖盘
906,13:57:33,10.94,--,5,5470,卖盘
907,13:57:30,10.94,--,15,16410,卖盘
908,13:57:27,10.94,-0.01,3,3282,卖盘
909,13:57:24,10.95,--,10,10950,买盘
910,13:57:21,10.95,--,100,109500,买盘
911,13:57:18,10.95,0.01,55,60224,买盘
912,13:57:15,10.94,-0.01,2,2188,卖盘
913,13:57:12,10.95,0.01,22,24090,买盘
914,13:57:09,10.94,-0.01,137,149878,卖盘
915,13:57:06,10.95,0.01,17,18615,买盘
916,13:57:03,10.94,--,15,16410,卖盘
917,13:56:54,10.94,--,25,27350,卖盘
918,13:56:51,10.94,-0.01,15,16410,卖盘
919,13:56:48,10.95,0.01,200,219000,买盘
920,13:56:42,10.94,--,14,15316,卖盘
921,13:56:39,10.94,--,7,7658,卖盘
922,13:56:33,10.94,--,15,16410,卖盘
923,13:56:30,10.94,--,22,24757,买盘
924,13:56:27,10.94,--,27,29538,买盘
925,13:56:24,10.94,--,130,142220,买盘
926,13:56:18,10.94,--,296,323824,买盘
927,13:56:15,10.94,--,4,4376,买盘
928,13:56:12,10.94,--,3,3282,买盘
929,13:56:09,10.94,--,28,30632,买盘
930,13:56:06,10.94,0.01,31,33914,买盘
931,13:56:03,10.93,--,15,16395,卖盘
932,13:55:57,10.93,-0.01,26,28418,卖盘
933,13:55:54,10.94,0.01,27,29538,买盘
934,13:55:51,10.93,--,23,25139,卖盘
935,13:55:48,10.93,-0.01,16,17488,卖盘
936,13:55:42,10.94,--,1,1094,买盘
937,13:55:36,10.94,--,30,32820,买盘
938,13:55:33,10.94,--,49,53606,买盘
939,13:55:27,10.94,0.01,20,21880,买盘
940,13:55:24,10.93,--,7,7651,卖盘
941,13:55:21,10.93,--,14,15302,卖盘
942,13:55:15,10.93,-0.01,1,1093,卖盘
943,13:55:12,10.94,--,28,30632,买盘
944,13:55:09,10.94,0.01,84,91896,买盘
945,13:55:03,10.93,--,50,54650,卖盘
946,13:55:00,10.93,--,45,49185,卖盘
947,13:54:54,10.93,--,8,8744,卖盘
948,13:54:51,10.93,--,15,16395,卖盘
949,13:54:48,10.93,--,16,17488,卖盘
950,13:54:45,10.93,-0.01,65,71045,卖盘
951,13:54:42,10.94,--,15,16410,买盘
952,13:54:36,10.94,--,42,45948,买盘
953,13:54:33,10.94,0.01,45,49230,买盘
954,13:54:24,10.93,--,7,7651,卖盘
955,13:54:21,10.93,--,15,16395,卖盘
956,13:54:15,10.93,--,346,378178,买盘
957,13:54:12,10.93,--,5,5465,买盘
958,13:54:09,10.93,--,58,63394,买盘
959,13:53:57,10.93,0.01,448,489664,买盘
960,13:53:51,10.92,--,72,78624,卖盘
961,13:53:48,10.92,-0.01,16,17472,卖盘
962,13:53:39,10.93,0.01,10,10930,买盘
963,13:53:36,10.92,-0.01,1,1092,卖盘
964,13:53:30,10.93,0.01,80,87440,买盘
965,13:53:24,10.92,--,28,30576,卖盘
966,13:53:21,10.92,--,5,5460,卖盘
967,13:53:18,10.92,--,6,7534,卖盘
968,13:53:15,10.92,-0.01,37,40404,卖盘
969,13:53:12,10.93,--,97,106021,买盘
970,13:53:09,10.93,--,30,32790,买盘
971,13:53:06,10.93,0.01,16,17488,买盘
972,13:53:00,10.92,--,14,15288,卖盘
973,13:52:54,10.92,--,50,54600,卖盘
974,13:52:51,10.92,-0.01,25,27300,卖盘
975,13:52:42,10.93,0.01,51,55743,买盘
976,13:52:39,10.92,--,50,54600,卖盘
977,13:52:36,10.92,--,95,103914,买盘
978,13:52:33,10.92,--,11,12929,卖盘
979,13:52:30,10.92,--,10,11094,买盘
980,13:52:27,10.92,--,9,9828,买盘
981,13:52:24,10.92,--,70,76440,买盘
982,13:52:18,10.92,-0.01,101,110543,卖盘
983,13:52:12,10.93,--,75,81975,买盘
984,13:52:09,10.93,0.01,27,29511,买盘
985,13:52:06,10.92,-0.01,57,62244,卖盘
986,13:51:54,10.93,--,1458,1593594,买盘
987,13:51:48,10.93,--,36,39348,买盘
988,13:51:45,10.93,0.01,10,10930,买盘
989,13:51:42,10.92,-0.01,10,10920,卖盘
990,13:51:39,10.93,0.01,9,9837,买盘
991,13:51:36,10.92,--,150,163800,卖盘
992,13:51:30,10.92,--,18,19808,卖盘
993,13:51:27,10.92,-0.01,121,132132,卖盘
994,13:51:24,10.93,--,30,32790,买盘
995,13:51:21,10.93,--,6,6558,买盘
996,13:51:18,10.93,--,2,2186,买盘
997,13:51:15,10.93,--,4,4372,买盘
998,13:51:12,10.93,--,15,16395,买盘
999,13:51:09,10.93,--,46,50278,买盘
1000,13:51:06,10.93,--,10,10930,买盘
1001,13:51:03,10.93,--,4,4372,买盘
1002,13:50:57,10.93,--,10,10930,买盘
1003,13:50:54,10.93,--,10,10930,买盘
1004,13:50:51,10.93,0.01,7,7651,买盘
1005,13:50:48,10.92,--,123,134316,卖盘
1006,13:50:42,10.92,--,40,43680,卖盘
1007,13:50:39,10.92,-0.01,20,21840,卖盘
1008,13:50:36,10.93,--,100,109300,买盘
1009,13:50:33,10.93,--,2,2186,买盘
1010,13:50:30,10.93,--,3,3279,买盘
1011,13:50:24,10.93,--,9,10427,买盘
1012,13:50:21,10.93,--,37,40441,买盘
1013,13:50:18,10.93,--,20,21860,买盘
1014,13:50:12,10.93,--,57,62301,买盘
1015,13:50:09,10.93,0.01,35,38255,买盘
1016,13:50:06,10.92,--,159,173628,卖盘
1017,13:50:03,10.92,-0.01,13,14196,卖盘
1018,13:50:00,10.93,--,11,12023,买盘
1019,13:49:54,10.93,--,85,92905,买盘
1020,13:49:51,10.93,--,135,147555,买盘
1021,13:49:48,10.93,--,16,17586,买盘
1022,13:49:42,10.93,--,1,1093,买盘
1023,13:49:39,10.93,--,15,16395,买盘
1024,13:49:36,10.93,--,85,92905,买盘
1025,13:49:33,10.93,0.01,64,69952,买盘
1026,13:49:30,10.92,--,131,143052,卖盘
1027,13:49:27,10.92,--,20,21840,卖盘
1028,13:49:24,10.92,--,20,21840,卖盘
1029,13:49:21,10.92,--,21,22932,卖盘
1030,13:49:18,10.92,--,10,10920,卖盘
1031,13:49:15,10.92,-0.01,21,22932,卖盘
1032,13:49:12,10.93,0.01,51,55743,买盘
1033,13:49:09,10.92,--,89,97188,买盘
1034,13:49:06,10.92,--,12,13104,买盘
1035,13:49:03,10.92,--,28,30576,买盘
1036,13:49:00,10.92,0.01,229,250068,买盘
1037,13:48:57,10.91,-0.01,268,292388,卖盘
1038,13:48:51,10.92,0.01,28,30576,买盘
1039,13:48:48,10.91,-0.01,71,77461,卖盘
1040,13:48:45,10.92,--,17,18564,买盘
1041,13:48:39,10.92,-0.01,3,3276,买盘
1042,13:48:36,10.93,0.01,959,1048187,买盘
1043,13:48:33,10.92,-0.01,25,27300,卖盘
1044,13:48:30,10.93,0.01,5,5465,买盘
1045,13:48:27,10.92,-0.01,1,1092,卖盘
1046,13:48:24,10.93,--,51,56147,卖盘
1047,13:48:21,10.93,--,23,25139,卖盘
1048,13:48:18,10.93,--,20,21860,卖盘
1049,13:48:15,10.93,-0.01,4,4372,卖盘
1050,13:48:12,10.94,0.01,24,26726,买盘
1051,13:48:09,10.93,--,386,421898,卖盘
1052,13:48:06,10.93,--,7,7651,卖盘
1053,13:48:00,10.93,-0.01,317,346481,卖盘
1054,13:47:57,10.94,--,167,182698,卖盘
1055,13:47:54,10.94,--,73,79862,卖盘
1056,13:47:51,10.94,--,21,22974,卖盘
1057,13:47:45,10.94,-0.01,6,6564,卖盘
1058,13:47:42,10.95,0.01,18,19710,买盘
1059,13:47:39,10.94,--,127,138938,卖盘
1060,13:47:36,10.94,--,7,7658,卖盘
1061,13:47:33,10.94,--,5,5688,卖盘
1062,13:47:30,10.94,--,22,24068,卖盘
1063,13:47:27,10.94,-0.01,1,1094,卖盘
1064,13:47:21,10.95,--,28,30659,卖盘
1065,13:47:18,10.95,-0.01,106,116069,卖盘
1066,13:47:15,10.96,--,574,629104,买盘
1067,13:47:12,10.96,0.01,41,44936,买盘
1068,13:47:09,10.95,--,154,168630,卖盘
1069,13:47:06,10.95,--,142,155490,卖盘
1070,13:47:03,10.95,--,18,19710,卖盘
1071,13:47:00,10.95,--,16,17520,卖盘
1072,13:46:57,10.95,--,169,185055,卖盘
1073,13:46:51,10.95,-0.01,22,24090,卖盘
1074,13:46:48,10.96,0.01,10,10960,买盘
1075,13:46:45,10.95,-0.01,22,24090,卖盘
1076,13:46:39,10.96,--,1,1096,买盘
1077,13:46:33,10.96,--,730,800748,卖盘
1078,13:46:30,10.96,-0.01,884,969203,卖盘
1079,13:46:27,10.97,0.01,12,13164,买盘
1080,13:46:24,10.96,--,30,32880,卖盘
1081,13:46:21,10.96,--,20,22413,卖盘
1082,13:46:18,10.96,-0.01,1,1096,卖盘
1083,13:46:12,10.97,--,15,16455,买盘
1084,13:46:09,10.97,0.01,47,51559,买盘
1085,13:46:06,10.96,--,7,7672,卖盘
1086,13:46:03,10.96,--,28,30688,卖盘
1087,13:45:57,10.96,--,119,130424,卖盘
1088,13:45:51,10.96,-0.01,59,64664,卖盘
1089,13:45:39,10.97,0.01,50,54850,买盘
1090,13:45:36,10.96,-0.01,234,256464,卖盘
1091,13:45:27,10.97,--,1410,1547384,卖盘
1092,13:45:21,10.97,--,45,49365,卖盘
1093,13:45:18,10.97,--,7,7679,卖盘
1094,13:45:12,10.97,-0.01,10,11090,卖盘
1095,13:45:09,10.98,--,27,29646,买盘
1096,13:45:00,10.98,--,35,38430,买盘
1097,13:44:57,10.98,--,1,1098,买盘
1098,13:44:54,10.98,0.01,11,12078,买盘
1099,13:44:51,10.97,-0.01,31,34007,卖盘
1100,13:44:42,10.98,0.01,20,21960,买盘
1101,13:44:39,10.97,--,32,35981,卖盘
1102,13:44:36,10.97,--,24,26360,卖盘
1103,13:44:33,10.97,--,12,13164,卖盘
1104,13:44:30,10.97,--,15,16455,卖盘
1105,13:44:27,10.97,-0.01,1,1097,卖盘
1106,13:44:18,10.98,--,10,10980,买盘
1107,13:44:12,10.98,--,72,79056,买盘
1108,13:44:09,10.98,--,27,29646,买盘
1109,13:43:57,10.98,-0.01,419,460951,卖盘
1110,13:43:54,10.99,0.01,36,39564,买盘
1111,13:43:51,10.98,--,15,16470,卖盘
1112,13:43:48,10.98,--,7,7686,卖盘
1113,13:43:42,10.98,--,15,16470,卖盘
1114,13:43:39,10.98,--,3,3294,卖盘
1115,13:43:33,10.98,--,13,14274,卖盘
1116,13:43:30,10.98,--,20,22256,卖盘
1117,13:43:27,10.98,-0.01,1,1098,卖盘
1118,13:43:24,10.99,--,1,1099,买盘
1119,13:43:12,10.99,--,3,3297,买盘
1120,13:43:09,10.99,--,27,29673,买盘
1121,13:43:03,10.99,--,7,7693,买盘
1122,13:42:54,10.99,0.01,1,1099,买盘
1123,13:42:51,10.98,--,14,15372,卖盘
1124,13:42:48,10.98,--,12,13176,卖盘
1125,13:42:42,10.98,--,15,16470,卖盘
1126,13:42:39,10.98,--,5,6500,卖盘
1127,13:42:33,10.98,--,22,24156,卖盘
1128,13:42:30,10.98,--,70,76860,卖盘
1129,13:42:27,10.98,-0.01,1,1098,卖盘
1130,13:42:21,10.99,--,17,18683,买盘
1131,13:42:18,10.99,-0.01,1,1099,中性盘
1132,13:42:15,11.0,0.01,38,41800,买盘
1133,13:42:12,10.99,--,25,28431,卖盘
1134,13:42:09,10.99,--,24,26376,卖盘
1135,13:42:06,10.99,0.01,418,459524,买盘
1136,13:42:03,10.98,--,21,23058,卖盘
1137,13:42:00,10.98,--,200,219600,卖盘
1138,13:41:51,10.98,--,15,16470,卖盘
1139,13:41:48,10.98,--,7,7686,卖盘
1140,13:41:42,10.98,--,15,16470,卖盘
1141,13:41:33,10.98,--,14,15372,卖盘
1142,13:41:30,10.98,--,15,16470,卖盘
1143,13:41:27,10.98,-0.01,1,1098,卖盘
1144,13:41:24,10.99,0.01,15,16485,买盘
1145,13:41:21,10.98,--,14,15372,卖盘
1146,13:41:18,10.98,--,502,552107,买盘
1147,13:41:12,10.98,0.01,18,19764,买盘
1148,13:41:09,10.97,-0.01,71,77887,卖盘
1149,13:41:06,10.98,--,30,32940,买盘
1150,13:41:03,10.98,--,11,12078,买盘
1151,13:41:00,10.98,--,50,54900,买盘
1152,13:40:57,10.98,--,3,3294,买盘
1153,13:40:54,10.98,--,1,1098,买盘
1154,13:40:48,10.98,--,10,10980,买盘
1155,13:40:45,10.98,--,509,558882,买盘
1156,13:40:39,10.98,--,5,5490,买盘
1157,13:40:36,10.98,0.01,5,5490,买盘
1158,13:40:33,10.97,--,7,7679,卖盘
1159,13:40:30,10.97,--,35,38395,卖盘
1160,13:40:27,10.97,-0.01,1,1097,卖盘
1161,13:40:24,10.98,--,1,1098,买盘
1162,13:40:21,10.98,--,2,2196,买盘
1163,13:40:15,10.98,0.01,6,6588,买盘
1164,13:40:12,10.97,-0.01,9,9873,卖盘
1165,13:40:09,10.98,0.01,42,46258,买盘
1166,13:40:06,10.97,-0.01,5,5485,卖盘
1167,13:40:00,10.98,--,100,109800,买盘
1168,13:39:57,10.98,--,38,41724,买盘
1169,13:39:54,10.98,--,54,59292,买盘
1170,13:39:45,10.98,0.01,34,37332,买盘
1171,13:39:42,10.97,-0.01,5,6055,卖盘
1172,13:39:39,10.98,--,5,5490,买盘
1173,13:39:36,10.98,0.01,15,16470,买盘
1174,13:39:33,10.97,--,16,17552,卖盘
1175,13:39:30,10.97,--,15,16455,卖盘
1176,13:39:27,10.97,--,6,6582,卖盘
1177,13:39:24,10.97,-0.01,2,2194,卖盘
1178,13:39:21,10.98,--,12,13176,买盘
1179,13:39:12,10.98,--,9,9882,买盘
1180,13:39:09,10.98,0.01,36,39528,买盘
1181,13:39:06,10.97,--,1,1097,卖盘
1182,13:39:03,10.97,--,7,7679,卖盘
1183,13:39:00,10.97,--,15,16455,卖盘
1184,13:38:57,10.97,-0.01,132,144804,卖盘
1185,13:38:42,10.98,--,10,10980,买盘
1186,13:38:39,10.98,0.01,7,7686,买盘
1187,13:38:36,10.97,--,20,21940,卖盘
1188,13:38:33,10.97,--,26,29267,卖盘
1189,13:38:27,10.97,-0.01,1,1097,卖盘
1190,13:38:24,10.98,--,1,1098,买盘
1191,13:38:12,10.98,--,13,14274,买盘
1192,13:38:09,10.98,0.01,57,62586,买盘
1193,13:38:06,10.97,--,55,60335,卖盘
1194,13:38:03,10.97,--,22,24134,卖盘
1195,13:37:57,10.97,-0.01,79,86663,卖盘
1196,13:37:54,10.98,0.01,1,1098,买盘
1197,13:37:51,10.97,--,25,27425,卖盘
1198,13:37:45,10.97,-0.01,5,5726,卖盘
1199,13:37:42,10.98,--,20,21960,买盘
1200,13:37:39,10.98,0.01,8,8784,买盘
1201,13:37:33,10.97,--,15,16455,卖盘
1202,13:37:30,10.97,--,7,7679,卖盘
1203,13:37:27,10.97,-0.01,1,1097,卖盘
1204,13:37:24,10.98,--,15,16470,买盘
1205,13:37:12,10.98,0.01,18,19764,买盘
1206,13:37:09,10.97,-0.01,27,29619,卖盘
1207,13:37:06,10.98,--,5,5490,买盘
1208,13:36:54,10.98,0.01,201,220698,买盘
1209,13:36:51,10.97,--,15,16455,卖盘
1210,13:36:45,10.97,--,7,7679,卖盘
1211,13:36:42,10.97,--,45,49365,卖盘
1212,13:36:39,10.97,--,3,3291,卖盘
1213,13:36:33,10.97,--,88,96536,卖盘
1214,13:36:30,10.97,--,7,7679,卖盘
1215,13:36:27,10.97,-0.01,4,4388,卖盘
1216,13:36:24,10.98,0.01,33,36234,买盘
1217,13:36:21,10.97,-0.01,5,5770,卖盘
1218,13:36:12,10.98,0.01,17,18666,买盘
1219,13:36:09,10.97,--,27,29619,卖盘
1220,13:36:06,10.97,-0.01,30,32910,卖盘
1221,13:36:00,10.98,--,5,5490,买盘
1222,13:35:54,10.98,--,11,12078,买盘
1223,13:35:51,10.98,0.01,27,29646,买盘
1224,13:35:45,10.97,--,7,7679,卖盘
1225,13:35:42,10.97,--,15,16455,卖盘
1226,13:35:39,10.97,--,7,7810,卖盘
1227,13:35:36,10.97,-0.01,9,9873,卖盘
1228,13:35:33,10.98,0.01,12,13176,买盘
1229,13:35:30,10.97,--,21,23037,卖盘
1230,13:35:27,10.97,--,1,1097,卖盘
1231,13:35:24,10.97,-0.01,71,77887,卖盘
1232,13:35:21,10.98,--,10,10980,买盘
1233,13:35:18,10.98,--,5,5490,买盘
1234,13:35:12,10.98,--,3,3294,买盘
1235,13:35:09,10.98,0.01,53,58194,买盘
1236,13:35:03,10.97,--,4,4388,卖盘
1237,13:35:00,10.97,--,23,25362,卖盘
1238,13:34:57,10.97,-0.01,50,54850,卖盘
1239,13:34:54,10.98,0.01,549,602802,买盘
1240,13:34:51,10.97,--,15,16455,卖盘
1241,13:34:48,10.97,--,50,54850,卖盘
1242,13:34:45,10.97,--,7,7679,卖盘
1243,13:34:42,10.97,-0.01,53,58503,卖盘
1244,13:34:39,10.98,--,1,1098,买盘
1245,13:34:36,10.98,0.01,11,12078,买盘
1246,13:34:33,10.97,--,115,126155,卖盘
1247,13:34:30,10.97,--,57,62529,卖盘
1248,13:34:27,10.97,-0.01,1,1097,卖盘
1249,13:34:24,10.98,0.01,1,1098,买盘
1250,13:34:21,10.97,-0.01,22,24134,卖盘
1251,13:34:12,10.98,0.01,22,24156,买盘
1252,13:34:09,10.97,-0.01,28,30716,卖盘
1253,13:34:06,10.98,0.01,1,1098,买盘
1254,13:34:03,10.97,--,1,1097,卖盘
1255,13:34:00,10.97,--,37,40589,卖盘
1256,13:33:57,10.97,--,120,131640,卖盘
1257,13:33:54,10.97,-0.01,13,14261,卖盘
1258,13:33:51,10.98,--,20,21960,买盘
1259,13:33:42,10.98,--,5,5490,买盘
1260,13:33:39,10.98,0.01,50,54900,买盘
1261,13:33:36,10.97,--,14,15358,卖盘
1262,13:33:33,10.97,-0.01,5,5583,卖盘
1263,13:33:30,10.98,0.01,7,7686,买盘
1264,13:33:27,10.97,-0.01,1,1097,卖盘
1265,13:33:21,10.98,0.01,5,5490,买盘
1266,13:33:15,10.97,-0.01,1,1097,卖盘
1267,13:33:12,10.98,0.01,10,10980,买盘
1268,13:33:09,10.97,-0.01,24,26328,卖盘
1269,13:33:06,10.98,--,2,2196,卖盘
1270,13:33:03,10.98,-0.01,395,433710,卖盘
1271,13:33:00,10.99,0.01,9,9891,买盘
1272,13:32:57,10.98,--,64,70272,卖盘
1273,13:32:54,10.98,--,20,21960,卖盘
1274,13:32:51,10.98,--,16,17568,卖盘
1275,13:32:45,10.98,--,7,7686,卖盘
1276,13:32:42,10.98,-0.01,7,7686,卖盘
1277,13:32:39,10.99,--,36,39564,买盘
1278,13:32:36,10.99,0.01,1,1099,买盘
1279,13:32:33,10.98,--,15,16470,卖盘
1280,13:32:30,10.98,--,12,13176,卖盘
1281,13:32:27,10.98,-0.01,1,1098,卖盘
1282,13:32:24,10.99,--,10,10990,买盘
1283,13:32:21,10.99,0.01,75,82425,买盘
1284,13:32:18,10.98,-0.01,5,5962,卖盘
1285,13:32:15,10.99,--,100,109900,买盘
1286,13:32:12,10.99,0.01,18,19782,买盘
1287,13:32:09,10.98,-0.01,126,138348,卖盘
1288,13:32:06,10.99,0.01,1,1099,买盘
1289,13:32:03,10.98,--,18,19764,卖盘
1290,13:32:00,10.98,--,7,7686,卖盘
1291,13:31:57,10.98,-0.01,1,1098,卖盘
1292,13:31:54,10.99,0.01,101,110999,买盘
1293,13:31:51,10.98,--,15,16470,卖盘
1294,13:31:48,10.98,-0.01,1,1098,卖盘
1295,13:31:39,10.99,--,7,7693,买盘
1296,13:31:36,10.99,0.01,1,1099,买盘
1297,13:31:33,10.98,-0.01,15,16470,卖盘
1298,13:31:30,10.99,0.01,14,15386,买盘
1299,13:31:27,10.98,-0.01,1,1098,卖盘
1300,13:31:24,10.99,0.01,26,28574,买盘
1301,13:31:21,10.98,--,16,17568,卖盘
1302,13:31:18,10.98,-0.01,5,5951,卖盘
1303,13:31:12,10.99,0.01,55,60445,买盘
1304,13:31:09,10.98,--,38,41724,卖盘
1305,13:31:06,10.98,--,1,1098,卖盘
1306,13:31:00,10.98,--,16,17568,卖盘
1307,13:30:57,10.98,-0.01,85,93330,卖盘
1308,13:30:54,10.99,--,50,54950,买盘
1309,13:30:36,10.99,0.01,26,28574,买盘
1310,13:30:33,10.98,--,5,6533,卖盘
1311,13:30:30,10.98,--,14,15372,卖盘
1312,13:30:27,10.98,--,8,8784,卖盘
1313,13:30:21,10.98,--,20,21960,卖盘
1314,13:30:18,10.98,--,12,13176,卖盘
1315,13:30:12,10.98,--,25,27450,卖盘
1316,13:30:09,10.98,-0.01,24,26352,卖盘
1317,13:30:06,10.99,--,8,8792,买盘
1318,13:30:03,10.99,0.01,20,21980,买盘
1319,13:30:00,10.98,--,21,23058,卖盘
1320,13:29:57,10.98,-0.01,89,97722,卖盘
1321,13:29:48,10.99,0.01,1,1099,买盘
1322,13:29:42,10.98,--,32,35136,卖盘
1323,13:29:39,10.98,-0.01,51,55998,卖盘
1324,13:29:33,10.99,0.01,1,1099,买盘
1325,13:29:30,10.98,--,20,21960,卖盘
1326,13:29:27,10.98,-0.01,9,9882,卖盘
1327,13:29:18,10.99,0.01,76,83524,买盘
1328,13:29:15,10.98,--,5,6511,卖盘
1329,13:29:12,10.98,--,24,26352,卖盘
1330,13:29:09,10.98,-0.01,26,28548,卖盘
1331,13:29:00,10.99,--,4,4396,买盘
1332,13:28:54,10.99,0.01,11,12089,买盘
1333,13:28:51,10.98,--,15,16470,卖盘
1334,13:28:48,10.98,--,10,10980,卖盘
1335,13:28:42,10.98,--,22,24156,卖盘
1336,13:28:33,10.98,--,8,8784,卖盘
1337,13:28:30,10.98,--,16,17568,卖盘
1338,13:28:27,10.98,--,8,8784,卖盘
1339,13:28:24,10.98,--,50,54900,卖盘
1340,13:28:21,10.98,--,15,16470,卖盘
1341,13:28:12,10.98,--,27,29646,卖盘
1342,13:28:09,10.98,-0.01,173,189997,卖盘
1343,13:28:06,10.99,0.01,1,1099,买盘
1344,13:28:03,10.98,--,15,16470,卖盘
1345,13:27:57,10.98,--,8,8784,卖盘
1346,13:27:51,10.98,--,16,17568,卖盘
1347,13:27:42,10.98,-0.01,26,28548,卖盘
1348,13:27:39,10.99,0.01,6,6594,买盘
1349,13:27:33,10.98,--,25,27450,卖盘
1350,13:27:27,10.98,-0.01,1,1098,卖盘
1351,13:27:15,10.99,--,34,37366,买盘
1352,13:27:12,10.99,--,9,9891,买盘
1353,13:27:09,10.99,0.01,62,68489,买盘
1354,13:27:06,10.98,-0.01,69,75762,卖盘
1355,13:27:00,10.99,--,60,65940,买盘
1356,13:26:57,10.99,--,11,12089,买盘
1357,13:26:48,10.99,0.01,391,429709,买盘
1358,13:26:42,10.98,--,52,57096,卖盘
1359,13:26:39,10.98,--,107,118452,买盘
1360,13:26:36,10.98,0.01,83,91134,买盘
1361,13:26:27,10.97,-0.01,1,1097,卖盘
1362,13:26:24,10.98,--,120,131760,买盘
1363,13:26:21,10.98,--,24,26352,买盘
1364,13:26:15,10.98,--,30,32940,买盘
1365,13:26:12,10.98,--,51,55998,买盘
1366,13:26:09,10.98,--,35,38430,买盘
1367,13:26:06,10.98,--,123,135054,买盘
1368,13:26:00,10.98,--,2,2196,买盘
1369,13:25:57,10.98,--,30,32940,买盘
1370,13:25:54,10.98,--,26,28548,买盘
1371,13:25:51,10.98,--,7,7686,买盘
1372,13:25:42,10.98,--,3,3294,买盘
1373,13:25:39,10.98,0.01,135,148230,买盘
1374,13:25:33,10.97,-0.01,2,2194,卖盘
1375,13:25:27,10.98,--,60,65880,买盘
1376,13:25:24,10.98,--,29,32456,买盘
1377,13:25:18,10.98,--,15,16470,买盘
1378,13:25:12,10.98,--,3,3294,买盘
1379,13:25:09,10.98,--,69,75762,买盘
1380,13:24:57,10.98,--,1,1098,买盘
1381,13:24:54,10.98,--,20,21960,买盘
1382,13:24:39,10.98,--,41,45018,买盘
1383,13:24:33,10.98,0.01,34,37332,买盘
1384,13:24:27,10.97,-0.01,1,1097,卖盘
1385,13:24:24,10.98,--,28,31128,买盘
1386,13:24:18,10.98,--,20,21960,买盘
1387,13:24:15,10.98,--,20,21960,买盘
1388,13:24:12,10.98,--,3,3294,买盘
1389,13:24:09,10.98,--,87,95526,买盘
1390,13:24:03,10.98,--,100,109800,买盘
1391,13:23:57,10.98,--,164,180072,买盘
1392,13:23:54,10.98,--,32,35136,买盘
1393,13:23:51,10.98,--,21,23058,买盘
1394,13:23:48,10.98,--,10,10980,买盘
1395,13:23:45,10.98,--,25,28328,买盘
1396,13:23:39,10.98,--,6,6588,买盘
1397,13:23:33,10.98,--,20,21960,买盘
1398,13:23:30,10.98,0.01,75,82350,买盘
1399,13:23:27,10.97,-0.01,1,1097,卖盘
1400,13:23:24,10.98,--,24,26352,买盘
1401,13:23:18,10.98,--,200,219600,买盘
1402,13:23:12,10.98,--,11,12078,买盘
1403,13:23:09,10.98,--,30,32940,买盘
1404,13:23:06,10.98,--,11,12078,买盘
1405,13:23:03,10.98,--,55,60390,买盘
1406,13:23:00,10.98,--,67,73566,买盘
1407,13:22:54,10.98,--,330,362340,买盘
1408,13:22:51,10.98,--,90,98820,买盘
1409,13:22:42,10.98,0.01,16,17568,买盘
1410,13:22:39,10.97,-0.01,25,27425,卖盘
1411,13:22:36,10.98,0.01,22,24814,买盘
1412,13:22:33,10.97,--,2,2194,卖盘
1413,13:22:30,10.97,-0.01,27,29619,卖盘
1414,13:22:27,10.98,--,301,330498,买盘
1415,13:22:18,10.98,--,60,65880,买盘
1416,13:22:15,10.98,--,30,32940,买盘
1417,13:22:12,10.98,0.01,18,19764,买盘
1418,13:22:09,10.97,--,33,36201,卖盘
1419,13:22:06,10.97,--,1,1097,卖盘
1420,13:22:00,10.97,--,15,16455,卖盘
1421,13:21:57,10.97,-0.01,164,179908,卖盘
1422,13:21:51,10.98,0.01,46,50508,买盘
1423,13:21:48,10.97,--,7,7679,卖盘
1424,13:21:45,10.97,--,210,230370,卖盘
1425,13:21:42,10.97,--,14,15358,卖盘
1426,13:21:39,10.97,--,17,18649,卖盘
1427,13:21:33,10.97,--,19,21852,卖盘
1428,13:21:27,10.97,-0.01,103,112991,卖盘
1429,13:21:24,10.98,0.01,13,14274,买盘
1430,13:21:21,10.97,--,15,16455,卖盘
1431,13:21:15,10.97,--,16,17552,买盘
1432,13:21:12,10.97,--,210,230370,买盘
1433,13:21:09,10.97,--,29,31813,卖盘
1434,13:21:06,10.97,--,5,5485,卖盘
1435,13:21:03,10.97,--,47,51559,卖盘
1436,13:20:57,10.97,--,145,159065,卖盘
1437,13:20:54,10.97,--,7,7679,卖盘
1438,13:20:51,10.97,--,15,16455,卖盘
1439,13:20:42,10.97,--,15,16455,卖盘
1440,13:20:39,10.97,--,94,103118,卖盘
1441,13:20:30,10.97,--,20,21940,卖盘
1442,13:20:27,10.97,--,7,7865,卖盘
1443,13:20:24,10.97,0.01,7,7679,卖盘
1444,13:20:21,10.96,-0.02,10,10960,卖盘
1445,13:20:15,10.98,0.02,365,400770,买盘
1446,13:20:12,10.96,--,48,52608,卖盘
1447,13:20:09,10.96,--,119,130424,卖盘
1448,13:20:03,10.96,--,21,23016,卖盘
1449,13:20:00,10.96,--,45,49320,卖盘
1450,13:19:57,10.96,--,152,166592,卖盘
1451,13:19:54,10.96,--,46,50416,卖盘
1452,13:19:51,10.96,--,15,16440,卖盘
1453,13:19:48,10.96,-0.01,22,24112,卖盘
1454,13:19:39,10.97,--,8,8776,买盘
1455,13:19:36,10.97,0.01,10,10970,买盘
1456,13:19:33,10.96,--,15,16440,卖盘
1457,13:19:30,10.96,--,17,18632,卖盘
1458,13:19:27,10.96,--,6,7080,卖盘
1459,13:19:24,10.96,-0.01,2,2192,卖盘
1460,13:19:18,10.97,--,11,12067,买盘
1461,13:19:12,10.97,0.01,24,26328,买盘
1462,13:19:09,10.96,-0.01,32,35072,卖盘
1463,13:19:03,10.97,--,42,46074,买盘
1464,13:19:00,10.97,--,186,204371,卖盘
1465,13:18:57,10.97,--,5,5485,卖盘
1466,13:18:54,10.97,--,22,24134,卖盘
1467,13:18:51,10.97,--,14,15358,卖盘
1468,13:18:45,10.97,--,50,54850,卖盘
1469,13:18:42,10.97,--,21,23069,卖盘
1470,13:18:39,10.97,--,207,227079,卖盘
1471,13:18:36,10.97,--,1,1097,卖盘
1472,13:18:33,10.97,--,24,26328,卖盘
1473,13:18:30,10.97,--,52,57044,卖盘
1474,13:18:27,10.97,--,1,1097,卖盘
1475,13:18:24,10.97,--,127,139319,卖盘
1476,13:18:21,10.97,--,15,16455,卖盘
1477,13:18:18,10.97,--,2,2194,卖盘
1478,13:18:12,10.97,--,23,25231,卖盘
1479,13:18:09,10.97,--,31,34007,卖盘
1480,13:18:06,10.97,-0.01,500,548500,卖盘
1481,13:18:03,10.98,--,60,65880,买盘
1482,13:18:00,10.98,--,22,24156,买盘
1483,13:17:48,10.98,--,4,4392,买盘
1484,13:17:42,10.98,--,25,28053,卖盘
1485,13:17:39,10.98,--,71,77958,卖盘
1486,13:17:30,10.98,--,15,16470,卖盘
1487,13:17:27,10.98,--,11,12078,卖盘
1488,13:17:24,10.98,--,24,26352,卖盘
1489,13:17:21,10.98,--,25,28372,卖盘
1490,13:17:18,10.98,--,5,5490,卖盘
1491,13:17:15,10.98,-0.01,29,31842,卖盘
1492,13:17:12,10.99,--,18,19782,买盘
1493,13:17:09,10.99,0.01,40,43960,买盘
1494,13:17:06,10.98,0.01,403,443163,买盘
1495,13:17:03,10.97,-0.01,40,43880,卖盘
1496,13:16:57,10.98,--,166,182268,买盘
1497,13:16:54,10.98,-0.01,1353,1486022,卖盘
1498,13:16:39,10.99,0.01,41,45059,买盘
1499,13:16:36,10.98,--,8,9146,卖盘
1500,13:16:30,10.98,--,15,16470,卖盘
1501,13:16:27,10.98,-0.01,54,59292,卖盘
1502,13:16:12,10.99,0.01,18,19782,买盘
1503,13:16:09,10.98,--,31,34038,卖盘
1504,13:16:06,10.98,-0.01,10,10980,卖盘
1505,13:16:00,10.99,--,12,13188,买盘
1506,13:15:57,10.99,--,10,10990,买盘
1507,13:15:51,10.99,--,7,7693,买盘
1508,13:15:33,10.99,0.01,30,32970,买盘
1509,13:15:30,10.98,--,20,22267,卖盘
1510,13:15:27,10.98,--,1,1098,卖盘
1511,13:15:24,10.98,--,121,132858,买盘
1512,13:15:12,10.98,--,4,4392,买盘
1513,13:15:09,10.98,--,62,68076,买盘
1514,13:15:06,10.98,--,5,5490,买盘
1515,13:15:03,10.98,0.01,12,13176,买盘
1516,13:15:00,10.97,-0.01,106,116282,卖盘
1517,13:14:57,10.98,0.01,195,214110,买盘
1518,13:14:54,10.97,--,31,34007,卖盘
1519,13:14:51,10.97,-0.01,2,2194,卖盘
1520,13:14:48,10.98,--,13,14274,买盘
1521,13:14:45,10.98,0.01,12,13176,买盘
1522,13:14:42,10.97,-0.01,34,37594,卖盘
1523,13:14:39,10.98,--,5,5490,买盘
1524,13:14:33,10.98,--,15,16470,买盘
1525,13:14:27,10.98,--,13,14274,买盘
1526,13:14:18,10.98,0.01,12,13176,买盘
1527,13:14:15,10.97,-0.01,10,10970,卖盘
1528,13:14:12,10.98,--,7,7686,买盘
1529,13:14:09,10.98,--,79,86742,卖盘
1530,13:14:06,10.98,--,7,7686,卖盘
1531,13:14:03,10.98,--,190,208620,卖盘
1532,13:14:00,10.98,--,15,16470,卖盘
1533,13:13:57,10.98,0.01,231,253638,买盘
1534,13:13:54,10.97,--,1,1097,卖盘
1535,13:13:51,10.97,--,51,55947,卖盘
1536,13:13:42,10.97,--,22,24572,买盘
1537,13:13:39,10.97,--,9,9873,买盘
1538,13:13:36,10.97,--,57,63187,卖盘
1539,13:13:30,10.97,--,25,27425,卖盘
1540,13:13:27,10.97,--,73,80081,卖盘
1541,13:13:24,10.97,--,11,12067,卖盘
1542,13:13:21,10.97,--,22,24134,卖盘
1543,13:13:18,10.97,--,5,5485,卖盘
1544,13:13:15,10.97,-0.01,5,5605,卖盘
1545,13:13:12,10.98,0.01,90,98820,买盘
1546,13:13:09,10.97,--,64,70208,卖盘
1547,13:13:06,10.97,-0.01,19,20843,卖盘
1548,13:13:03,10.98,0.01,26,28548,买盘
1549,13:13:00,10.97,--,14,15358,卖盘
1550,13:12:57,10.97,-0.01,131,143707,卖盘
1551,13:12:51,10.98,--,30,32940,买盘
1552,13:12:48,10.98,0.01,65,71370,买盘
1553,13:12:42,10.97,-0.01,6,6582,卖盘
1554,13:12:39,10.98,--,17,18666,买盘
1555,13:12:36,10.98,--,7,8740,买盘
1556,13:12:30,10.98,--,58,63684,卖盘
1557,13:12:24,10.98,--,1,1098,卖盘
1558,13:12:21,10.98,--,30,32940,卖盘
1559,13:12:18,10.98,-0.01,2,2196,卖盘
1560,13:12:15,10.99,--,13,14287,买盘
1561,13:12:12,10.99,0.02,18,19782,买盘
1562,13:12:09,10.97,-0.01,26,28522,卖盘
1563,13:12:06,10.98,--,8,8784,卖盘
1564,13:12:03,10.98,--,11,12078,卖盘
1565,13:12:00,10.98,-0.01,122,133956,卖盘
1566,13:11:57,10.99,0.01,56,61544,买盘
1567,13:11:51,10.98,--,46,50508,卖盘
1568,13:11:45,10.98,--,110,120780,卖盘
1569,13:11:42,10.98,--,14,15372,卖盘
1570,13:11:39,10.98,--,10,10980,卖盘
1571,13:11:36,10.98,--,39,42822,卖盘
1572,13:11:33,10.98,--,565,620370,卖盘
1573,13:11:30,10.98,-0.01,5,5863,卖盘
1574,13:11:27,10.99,0.01,11,12089,买盘
1575,13:11:24,10.98,--,9,9882,卖盘
1576,13:11:21,10.98,--,22,24156,卖盘
1577,13:11:18,10.98,--,10,10980,卖盘
1578,13:11:12,10.98,-0.01,7,7686,卖盘
1579,13:11:09,10.99,0.01,28,30772,中性盘
1580,13:11:06,10.98,--,7,7686,卖盘
1581,13:11:03,10.98,--,25,27450,卖盘
1582,13:11:00,10.98,--,42,46116,卖盘
1583,13:10:57,10.98,--,215,236070,卖盘
1584,13:10:51,10.98,--,22,24156,卖盘
1585,13:10:48,10.98,-0.01,1,1098,卖盘
1586,13:10:45,10.99,0.01,108,118692,买盘
1587,13:10:42,10.98,-0.01,39,42822,卖盘
1588,13:10:39,10.99,0.01,4,4396,买盘
1589,13:10:36,10.98,--,7,7686,卖盘
1590,13:10:33,10.98,-0.01,29,31842,卖盘
1591,13:10:27,10.99,--,240,264331,卖盘
1592,13:10:24,10.99,--,6,7000,卖盘
1593,13:10:21,10.99,--,32,35168,卖盘
1594,13:10:15,10.99,--,14,15386,卖盘
1595,13:10:12,10.99,--,25,27595,买盘
1596,13:10:09,10.99,--,107,118571,卖盘
1597,13:10:06,10.99,--,17,18683,卖盘
1598,13:10:03,10.99,--,10,10990,卖盘
1599,13:10:00,10.99,--,16,17584,卖盘
1600,13:09:51,10.99,--,32,35168,卖盘
1601,13:09:48,10.99,--,20,21980,卖盘
1602,13:09:45,10.99,--,30,32970,卖盘
1603,13:09:42,10.99,--,15,16485,卖盘
1604,13:09:36,10.99,--,7,7693,卖盘
1605,13:09:33,10.99,--,21,23694,卖盘
1606,13:09:24,10.99,--,11,12089,卖盘
1607,13:09:21,10.99,--,33,36267,卖盘
1608,13:09:18,10.99,--,39,42861,卖盘
1609,13:09:15,10.99,-0.01,2,2198,卖盘
1610,13:09:12,11.0,0.01,18,19800,买盘
1611,13:09:09,10.99,0.01,537,590767,买盘
1612,13:09:06,10.98,--,7,7686,卖盘
1613,13:09:03,10.98,--,17,18666,卖盘
1614,13:09:00,10.98,-0.01,128,140544,卖盘
1615,13:08:57,10.99,0.01,300,329700,买盘
1616,13:08:51,10.98,--,83,91134,卖盘
1617,13:08:48,10.98,--,1,1098,卖盘
1618,13:08:42,10.98,--,60,65880,卖盘
1619,13:08:39,10.98,--,23,25254,卖盘
1620,13:08:36,10.98,--,69,76849,卖盘
1621,13:08:33,10.98,-0.01,15,16470,卖盘
1622,13:08:30,10.99,0.01,2,2198,买盘
1623,13:08:24,10.98,--,11,12078,卖盘
1624,13:08:21,10.98,--,22,24156,卖盘
1625,13:08:18,10.98,--,9,9882,卖盘
1626,13:08:15,10.98,-0.01,80,87840,卖盘
1627,13:08:12,10.99,--,4,4396,买盘
1628,13:08:09,10.99,--,27,29673,买盘
1629,13:08:03,10.99,--,52,57148,买盘
1630,13:08:00,10.99,0.01,1,1099,买盘
1631,13:07:57,10.98,-0.01,88,96624,卖盘
1632,13:07:54,10.99,--,40,43960,买盘
1633,13:07:51,10.99,0.01,25,27475,买盘
1634,13:07:48,10.98,--,7,7686,卖盘
1635,13:07:42,10.98,--,20,21960,卖盘
1636,13:07:39,10.98,-0.01,5,5490,卖盘
1637,13:07:30,10.99,--,543,597251,卖盘
1638,13:07:24,10.99,--,7,8077,卖盘
1639,13:07:21,10.99,--,15,16485,卖盘
1640,13:07:18,10.99,--,57,62643,卖盘
1641,13:07:15,10.99,-0.01,30,32970,卖盘
1642,13:07:12,11.0,0.01,17,18700,买盘
1643,13:07:09,10.99,--,35,38465,卖盘
1644,13:07:06,10.99,--,20,21980,卖盘
1645,13:07:03,10.99,--,97,106603,卖盘
1646,13:07:00,10.99,--,173,190127,卖盘
1647,13:06:57,10.99,--,148,162652,卖盘
1648,13:06:54,10.99,--,150,164850,卖盘
1649,13:06:51,10.99,--,43,47257,卖盘
1650,13:06:48,10.99,--,33,36267,卖盘
1651,13:06:45,10.99,--,52,57148,卖盘
1652,13:06:42,10.99,--,14,15386,卖盘
1653,13:06:36,10.99,--,6,6736,卖盘
1654,13:06:33,10.99,--,22,24178,卖盘
1655,13:06:27,10.99,--,1,1099,卖盘
1656,13:06:24,10.99,-0.01,32,35168,卖盘
1657,13:06:21,11.0,--,224,246400,买盘
1658,13:06:15,11.0,--,25,27500,买盘
1659,13:06:12,11.0,0.01,34,37400,买盘
1660,13:06:09,10.99,-0.01,324,356076,卖盘
1661,13:06:06,11.0,--,8,8800,买盘
1662,13:06:03,11.0,--,144,158730,卖盘
1663,13:06:00,11.0,--,74,81400,卖盘
1664,13:05:57,11.0,-0.01,114,125400,卖盘
1665,13:05:51,11.01,--,7,7707,买盘
1666,13:05:48,11.01,--,1,1101,买盘
1667,13:05:39,11.01,0.01,3,3303,买盘
1668,13:05:36,11.0,--,20,22000,卖盘
1669,13:05:33,11.0,--,22,24200,卖盘
1670,13:05:24,11.0,--,1,1100,卖盘
1671,13:05:21,11.0,--,46,50600,卖盘
1672,13:05:18,11.0,--,7,7700,卖盘
1673,13:05:15,11.0,-0.01,13,14399,卖盘
1674,13:05:12,11.01,0.01,17,18717,买盘
1675,13:05:09,11.0,-0.01,26,28600,卖盘
1676,13:05:06,11.01,--,46,50646,买盘
1677,13:04:57,11.01,--,1,1101,买盘
1678,13:04:51,11.01,--,30,33030,买盘
1679,13:04:42,11.01,--,66,72666,买盘
1680,13:04:36,11.01,0.01,50,55050,买盘
1681,13:04:33,11.0,-0.01,108,119471,卖盘
1682,13:04:24,11.01,0.01,19,20919,买盘
1683,13:04:21,11.0,--,14,15400,卖盘
1684,13:04:18,11.0,-0.01,10,11000,卖盘
1685,13:04:12,11.01,0.01,18,19818,买盘
1686,13:04:09,11.0,--,24,26400,卖盘
1687,13:04:03,11.0,--,7,7700,卖盘
1688,13:04:00,11.0,0.01,480,528000,买盘
1689,13:03:57,10.99,--,4,4396,卖盘
1690,13:03:54,10.99,--,15,16485,卖盘
1691,13:03:51,10.99,--,15,16485,卖盘
1692,13:03:48,10.99,--,7,7693,卖盘
1693,13:03:42,10.99,--,73,80809,卖盘
1694,13:03:33,10.99,-0.01,15,16485,卖盘
1695,13:03:30,11.0,0.01,81,89100,买盘
1696,13:03:24,10.99,-0.01,6,6594,卖盘
1697,13:03:12,11.0,--,3,3300,买盘
1698,13:03:09,11.0,0.01,44,48400,买盘
1699,13:03:06,10.99,--,11,12089,卖盘
1700,13:03:03,10.99,--,21,23079,卖盘
1701,13:03:00,10.99,--,88,96712,卖盘
1702,13:02:57,10.99,-0.01,79,86821,卖盘
1703,13:02:51,11.0,0.01,121,133100,买盘
1704,13:02:48,10.99,--,7,7693,卖盘
1705,13:02:42,10.99,--,15,16485,卖盘
1706,13:02:33,10.99,--,7,7693,卖盘
1707,13:02:30,10.99,--,15,16485,卖盘
1708,13:02:24,10.99,--,1,1099,卖盘
1709,13:02:21,10.99,-0.02,6,7187,卖盘
1710,13:02:12,11.01,0.01,106,117553,买盘
1711,13:02:09,11.0,--,26,28600,卖盘
1712,13:02:06,11.0,--,10,11000,卖盘
1713,13:02:03,11.0,--,32,35200,卖盘
1714,13:02:00,11.0,--,88,96800,卖盘
1715,13:01:57,11.0,--,79,86900,卖盘
1716,13:01:54,11.0,--,11,12100,卖盘
1717,13:01:51,11.0,--,16,17600,卖盘
1718,13:01:48,11.0,--,7,7700,卖盘
1719,13:01:42,11.0,--,15,16500,卖盘
1720,13:01:39,11.0,-0.01,5,6325,卖盘
1721,13:01:36,11.01,0.01,3,3303,买盘
1722,13:01:33,11.0,--,21,23100,卖盘
1723,13:01:24,11.0,--,121,133100,卖盘
1724,13:01:21,11.0,-0.01,31,34100,卖盘
1725,13:01:18,11.01,0.01,14,15414,买盘
1726,13:01:12,11.0,--,41,45100,卖盘
1727,13:01:09,11.0,--,212,233200,卖盘
1728,13:01:03,11.0,--,7,7700,卖盘
1729,13:01:00,11.0,--,114,125400,卖盘
1730,13:00:57,11.0,--,13,14300,卖盘
1731,13:00:54,11.0,-0.01,144,158400,卖盘
1732,13:00:51,11.01,0.01,25,27525,买盘
1733,13:00:48,11.0,-0.01,5,6028,卖盘
1734,13:00:42,11.01,0.01,20,22020,卖盘
1735,13:00:39,11.0,-0.02,212,233200,卖盘
1736,13:00:33,11.02,0.01,8,8816,买盘
1737,13:00:30,11.01,--,15,16515,卖盘
1738,13:00:27,11.01,--,101,111201,卖盘
1739,13:00:24,11.01,-0.01,260,286260,卖盘
1740,13:00:21,11.02,--,15,16530,卖盘
1741,13:00:15,11.02,--,11,12122,卖盘
1742,13:00:12,11.02,--,15,16530,卖盘
1743,13:00:09,11.02,--,19,20938,卖盘
1744,13:00:06,11.02,--,409,450718,买盘
1745,13:00:03,11.02,--,415,457330,卖盘
1746,13:00:00,11.02,--,0,0,卖盘
1747,11:30:00,11.02,--,0,0,卖盘
1748,11:29:57,11.02,-0.01,10,11020,卖盘
1749,11:29:54,11.03,0.01,31,34193,买盘
1750,11:29:48,11.02,--,2,2204,卖盘
1751,11:29:42,11.02,--,5,5510,卖盘
1752,11:29:39,11.02,--,5,5510,卖盘
1753,11:29:36,11.02,--,10,11020,卖盘
1754,11:29:33,11.02,--,31,34162,卖盘
1755,11:29:30,11.02,-0.01,3,3306,中性盘
1756,11:29:24,11.03,0.02,32,35296,买盘
1757,11:29:15,11.01,--,9,9909,卖盘
1758,11:29:09,11.01,-0.02,24,26424,卖盘
1759,11:29:06,11.03,0.01,23,25369,买盘
1760,11:28:57,11.02,0.01,101,111302,买盘
1761,11:28:54,11.01,-0.01,2,2202,卖盘
1762,11:28:51,11.02,0.01,20,22040,买盘
1763,11:28:48,11.01,--,2,2202,卖盘
1764,11:28:45,11.01,--,107,117807,卖盘
1765,11:28:42,11.01,-0.01,2,2202,卖盘
1766,11:28:36,11.02,0.01,10,11020,买盘
1767,11:28:33,11.01,--,32,35232,卖盘
1768,11:28:30,11.01,-0.01,63,69363,卖盘
1769,11:28:24,11.02,0.01,33,36366,买盘
1770,11:28:21,11.01,--,10,11010,卖盘
1771,11:28:18,11.01,-0.01,24,26424,卖盘
1772,11:28:09,11.02,0.01,58,63916,买盘
1773,11:28:06,11.01,--,10,11010,卖盘
1774,11:28:03,11.01,--,41,45141,卖盘
1775,11:28:00,11.01,--,84,92484,卖盘
1776,11:27:57,11.01,-0.01,11,12111,卖盘
1777,11:27:51,11.02,0.01,140,154280,买盘
1778,11:27:42,11.01,--,1,1101,卖盘
1779,11:27:39,11.01,-0.01,12,13212,卖盘
1780,11:27:36,11.02,0.01,37,40774,买盘
1781,11:27:30,11.01,--,43,47343,卖盘
1782,11:27:27,11.01,--,2,2202,卖盘
1783,11:27:24,11.01,-0.01,1,1101,卖盘
1784,11:27:21,11.02,--,5,5510,买盘
1785,11:27:18,11.02,0.01,20,22040,买盘
1786,11:27:12,11.01,--,4,4404,卖盘
1787,11:27:09,11.01,--,24,26424,卖盘
1788,11:26:57,11.01,--,20,22020,卖盘
1789,11:26:48,11.01,--,9,9909,卖盘
1790,11:26:45,11.01,--,20,22020,卖盘
1791,11:26:36,11.01,-0.01,87,95787,卖盘
1792,11:26:30,11.02,0.01,12,13224,买盘
1793,11:26:24,11.01,-0.01,1,1101,卖盘
1794,11:26:21,11.02,0.01,36,39672,买盘
1795,11:26:18,11.01,--,38,41838,卖盘
1796,11:26:09,11.01,--,26,28626,卖盘
1797,11:26:00,11.01,-0.01,15,16515,卖盘
1798,11:25:51,11.02,0.01,11,12122,买盘
1799,11:25:39,11.01,-0.01,17,18717,卖盘
1800,11:25:36,11.02,--,10,11020,买盘
1801,11:25:33,11.02,0.01,47,51794,买盘
1802,11:25:27,11.01,--,4,4404,卖盘
1803,11:25:24,11.01,--,1,1101,卖盘
1804,11:25:21,11.01,--,3,3303,卖盘
1805,11:25:18,11.01,-0.01,1,1101,卖盘
1806,11:25:09,11.02,0.01,79,87058,买盘
1807,11:25:03,11.01,--,39,42939,卖盘
1808,11:24:51,11.01,-0.01,16,17616,卖盘
1809,11:24:48,11.02,--,11,12122,买盘
1810,11:24:42,11.02,--,20,22040,买盘
1811,11:24:39,11.02,--,3,3306,买盘
1812,11:24:30,11.02,--,769,847438,卖盘
1813,11:24:24,11.02,--,44,48488,卖盘
1814,11:24:21,11.02,--,501,552102,卖盘
1815,11:24:18,11.02,--,200,220400,卖盘
1816,11:24:12,11.02,-0.01,4,4408,卖盘
1817,11:24:09,11.03,0.01,30,33090,买盘
1818,11:24:06,11.02,-0.01,10,11020,卖盘
1819,11:23:57,11.03,--,140,154420,买盘
1820,11:23:39,11.03,--,2,2206,买盘
1821,11:23:27,11.03,-0.01,357,394576,卖盘
1822,11:23:24,11.04,0.01,70,77280,买盘
1823,11:23:21,11.03,--,2,2206,卖盘
1824,11:23:18,11.03,--,2,2206,卖盘
1825,11:23:15,11.03,--,35,38605,卖盘
1826,11:23:09,11.03,--,24,26472,卖盘
1827,11:23:00,11.03,--,18,19854,卖盘
1828,11:22:51,11.03,-0.01,3,3309,卖盘
1829,11:22:39,11.04,--,48,52991,卖盘
1830,11:22:36,11.04,--,36,39744,买盘
1831,11:22:33,11.04,--,19,20976,买盘
1832,11:22:27,11.04,0.01,4,4416,买盘
1833,11:22:21,11.03,--,1,1103,卖盘
1834,11:22:15,11.03,-0.02,10,11030,卖盘
1835,11:22:09,11.05,0.01,46,50830,买盘
1836,11:22:06,11.04,--,3,3311,卖盘
1837,11:22:00,11.04,-0.01,20,22080,卖盘
1838,11:21:42,11.05,0.01,204,225420,买盘
1839,11:21:30,11.04,--,10,11040,卖盘
1840,11:21:21,11.04,-0.01,3,3311,卖盘
1841,11:21:15,11.05,0.01,30,33150,买盘
1842,11:21:09,11.04,-0.01,24,26495,卖盘
1843,11:21:03,11.05,--,2,2210,买盘
1844,11:20:42,11.05,--,2,2210,买盘
1845,11:20:36,11.05,--,17,18785,买盘
1846,11:20:30,11.05,0.01,161,177905,买盘
1847,11:20:27,11.04,--,1,1104,卖盘
1848,11:20:24,11.04,-0.01,55,60719,卖盘
1849,11:20:21,11.05,0.01,2,2210,买盘
1850,11:20:15,11.04,--,3,3311,卖盘
1851,11:20:09,11.04,-0.01,26,28703,卖盘
1852,11:20:06,11.05,--,35,38675,买盘
1853,11:20:03,11.05,0.01,14,15470,买盘
1854,11:19:57,11.04,0.01,222,245386,买盘
1855,11:19:48,11.03,-0.01,8,8824,卖盘
1856,11:19:42,11.04,--,1,1104,买盘
1857,11:19:39,11.04,-0.01,106,117023,卖盘
1858,11:19:33,11.05,--,29,32045,买盘
1859,11:19:27,11.05,--,161,177905,买盘
1860,11:19:24,11.05,--,2,2210,买盘
1861,11:19:18,11.05,0.01,40,44200,买盘
1862,11:19:12,11.04,--,1,1104,卖盘
1863,11:19:09,11.04,--,25,27599,卖盘
1864,11:19:06,11.04,-0.01,1,1104,卖盘
1865,11:19:03,11.05,0.01,2,2210,买盘
1866,11:19:00,11.04,--,8,8832,卖盘
1867,11:18:57,11.04,--,123,136045,买盘
1868,11:18:54,11.04,--,501,553611,买盘
1869,11:18:51,11.04,--,15,16560,买盘
1870,11:18:48,11.04,--,40,44160,买盘
1871,11:18:45,11.04,--,21,23526,卖盘
1872,11:18:42,11.04,--,11,12143,卖盘
1873,11:18:27,11.04,0.01,147,163049,买盘
1874,11:18:24,11.03,-0.01,1,1103,卖盘
1875,11:18:21,11.04,--,50,55199,买盘
1876,11:18:18,11.04,0.01,6,6623,买盘
1877,11:18:15,11.03,--,120,132360,卖盘
1878,11:18:12,11.03,--,1,1103,卖盘
1879,11:18:09,11.03,--,23,25369,卖盘
1880,11:18:06,11.03,-0.01,29,31986,卖盘
1881,11:18:03,11.04,--,3,3311,买盘
1882,11:17:51,11.04,--,1,1104,买盘
1883,11:17:42,11.04,0.01,3,3311,买盘
1884,11:17:36,11.03,--,143,157729,卖盘
1885,11:17:33,11.03,-0.01,20,22060,卖盘
1886,11:17:30,11.04,0.01,100,110399,买盘
1887,11:17:27,11.03,-0.01,65,71695,卖盘
1888,11:17:24,11.04,0.01,2,2208,买盘
1889,11:17:18,11.03,--,1,1103,卖盘
1890,11:17:15,11.03,--,11,12133,卖盘
1891,11:17:12,11.03,-0.01,1,1103,卖盘
1892,11:17:09,11.04,0.01,34,37536,买盘
1893,11:17:06,11.03,-0.01,3,3309,卖盘
1894,11:17:03,11.04,--,2,2208,买盘
1895,11:16:54,11.04,0.01,20,22080,买盘
1896,11:16:51,11.03,--,1,1103,卖盘
1897,11:16:42,11.03,--,13,14339,卖盘
1898,11:16:39,11.03,--,1,1103,卖盘
1899,11:16:36,11.03,--,50,55150,卖盘
1900,11:16:27,11.03,-0.01,1,1103,卖盘
1901,11:16:24,11.04,0.01,2,2208,买盘
1902,11:16:21,11.03,--,104,114712,卖盘
1903,11:16:18,11.03,--,2,2206,卖盘
1904,11:16:12,11.03,--,3,3309,卖盘
1905,11:16:06,11.03,-0.01,24,26472,卖盘
1906,11:16:03,11.04,0.01,1,1104,买盘
1907,11:16:00,11.03,-0.01,6,6618,卖盘
1908,11:15:57,11.04,--,38,41952,买盘
1909,11:15:51,11.04,--,9,9936,买盘
1910,11:15:48,11.04,--,100,110399,买盘
1911,11:15:42,11.04,0.01,2,2208,买盘
1912,11:15:39,11.03,--,1,1103,卖盘
1913,11:15:36,11.03,-0.01,7,7721,卖盘
1914,11:15:30,11.04,--,365,403556,买盘
1915,11:15:27,11.04,--,767,846823,卖盘
1916,11:15:24,11.04,--,443,490120,卖盘
1917,11:15:18,11.04,-0.01,1,1104,卖盘
1918,11:15:15,11.05,0.01,10,11050,买盘
1919,11:15:12,11.04,-0.01,2,2208,卖盘
1920,11:15:09,11.05,0.01,42,46410,买盘
1921,11:15:06,11.04,-0.01,13,14351,卖盘
1922,11:15:03,11.05,0.01,2,2210,买盘
1923,11:15:00,11.04,--,2,2208,卖盘
1924,11:14:57,11.04,-0.01,4,4416,卖盘
1925,11:14:48,11.05,-0.01,160,177882,卖盘
1926,11:14:42,11.06,0.01,2,2212,买盘
1927,11:14:30,11.05,--,1,1105,卖盘
1928,11:14:24,11.05,--,3,3315,卖盘
1929,11:14:21,11.05,-0.01,301,332605,卖盘
1930,11:14:18,11.06,0.01,10,11060,买盘
1931,11:14:12,11.05,--,17,18807,卖盘
1932,11:14:06,11.05,-0.01,28,30940,卖盘
1933,11:14:03,11.06,0.01,3,3318,买盘
1934,11:14:00,11.05,-0.01,2,2210,卖盘
1935,11:13:45,11.06,--,161,178066,买盘
1936,11:13:42,11.06,--,41,45346,买盘
1937,11:13:24,11.06,0.01,1,1106,买盘
1938,11:13:18,11.05,--,25,27625,卖盘
1939,11:13:15,11.05,--,3,3315,卖盘
1940,11:13:12,11.05,--,1,1105,卖盘
1941,11:13:06,11.05,-0.01,26,28730,卖盘
1942,11:13:03,11.06,0.01,2,2212,买盘
1943,11:13:00,11.05,0.01,276,304980,买盘
1944,11:12:57,11.04,-0.01,3,3311,卖盘
1945,11:12:51,11.05,--,21,23205,买盘
1946,11:12:45,11.05,--,2,2210,买盘
1947,11:12:42,11.05,--,161,177905,买盘
1948,11:12:39,11.05,0.01,2,2210,买盘
1949,11:12:33,11.04,--,58,64031,卖盘
1950,11:12:30,11.04,-0.02,1175,1297200,卖盘
1951,11:12:27,11.06,--,1,1106,买盘
1952,11:12:24,11.06,0.01,2,2212,买盘
1953,11:12:21,11.05,--,1,1105,卖盘
1954,11:12:15,11.05,--,191,211055,卖盘
1955,11:12:12,11.05,-0.01,1,1105,卖盘
1956,11:12:09,11.06,0.01,7,7742,买盘
1957,11:12:06,11.05,-0.01,41,45305,卖盘
1958,11:12:03,11.06,0.01,9,9954,买盘
1959,11:12:00,11.05,--,2,2210,卖盘
1960,11:11:51,11.05,-0.01,74,81770,卖盘
1961,11:11:48,11.06,0.01,38,42028,买盘
1962,11:11:42,11.05,--,8,8840,卖盘
1963,11:11:39,11.05,--,12,13260,卖盘
1964,11:11:36,11.05,--,1,1105,卖盘
1965,11:11:21,11.05,-0.01,14,15470,卖盘
1966,11:11:18,11.06,0.01,2,2212,买盘
1967,11:11:12,11.05,--,3,3315,卖盘
1968,11:11:06,11.05,--,27,29835,卖盘
1969,11:10:54,11.05,--,90,99450,卖盘
1970,11:10:51,11.05,-0.01,8,8840,卖盘
1971,11:10:48,11.06,--,5,5530,买盘
1972,11:10:45,11.06,0.01,20,22120,买盘
1973,11:10:42,11.05,-0.01,5,5525,卖盘
1974,11:10:39,11.06,0.01,32,35392,买盘
1975,11:10:36,11.05,--,55,60775,卖盘
1976,11:10:33,11.05,--,13,14365,卖盘
1977,11:10:27,11.05,--,1,1105,卖盘
1978,11:10:24,11.05,--,9,9945,卖盘
1979,11:10:21,11.05,--,103,113815,卖盘
1980,11:10:18,11.05,--,2,2210,卖盘
1981,11:10:15,11.05,--,7,7735,卖盘
1982,11:10:12,11.05,-0.01,1,1105,卖盘
1983,11:10:09,11.06,0.01,64,70784,买盘
1984,11:10:06,11.05,--,34,37570,卖盘
1985,11:10:03,11.05,--,3,3315,卖盘
1986,11:09:54,11.05,--,18,19890,卖盘
1987,11:09:51,11.05,-0.01,22,24310,卖盘
1988,11:09:48,11.06,--,5,5530,买盘
1989,11:09:45,11.06,--,95,105070,买盘
1990,11:09:39,11.06,0.01,35,38710,买盘
1991,11:09:36,11.05,-0.01,1,1105,卖盘
1992,11:09:33,11.06,0.01,10,11060,买盘
1993,11:09:24,11.05,--,13,14365,卖盘
1994,11:09:21,11.05,-0.01,1,1105,卖盘
1995,11:09:18,11.06,0.01,50,55300,买盘
1996,11:09:12,11.05,-0.01,162,179010,卖盘
1997,11:09:09,11.06,0.01,3,3318,买盘
1998,11:09:06,11.05,--,26,28730,卖盘
1999,11:09:03,11.05,-0.01,63,69615,卖盘
2000,11:08:48,11.06,--,3,3318,买盘
2001,11:08:45,11.06,--,5,5530,买盘
2002,11:08:42,11.06,0.01,191,211246,买盘
2003,11:08:39,11.05,--,40,44200,卖盘
2004,11:08:36,11.05,--,1,1105,卖盘
2005,11:08:33,11.05,--,3,3315,卖盘
2006,11:08:30,11.05,--,1,1105,卖盘
2007,11:08:27,11.05,--,3,3315,卖盘
2008,11:08:24,11.05,--,41,45305,买盘
2009,11:08:21,11.05,0.01,10,11050,买盘
2010,11:08:18,11.04,-0.01,4,4416,卖盘
2011,11:08:15,11.05,0.01,145,160225,买盘
2012,11:08:12,11.04,-0.01,1,1104,卖盘
2013,11:08:09,11.05,0.01,9,9945,买盘
2014,11:08:06,11.04,-0.01,113,124751,卖盘
2015,11:08:00,11.05,--,20,22100,买盘
2016,11:07:57,11.05,0.01,100,110500,买盘
2017,11:07:54,11.04,-0.01,52,57407,卖盘
2018,11:07:51,11.05,--,37,40885,买盘
2019,11:07:48,11.05,--,3,3315,买盘
2020,11:07:45,11.05,--,166,183430,买盘
2021,11:07:42,11.05,--,162,179010,买盘
2022,11:07:39,11.05,--,4,4420,买盘
2023,11:07:36,11.05,0.01,48,53040,买盘
2024,11:07:33,11.04,--,5,5520,卖盘
2025,11:07:27,11.04,--,68,75072,卖盘
2026,11:07:21,11.04,--,3,3311,卖盘
2027,11:07:18,11.04,-0.01,1,1104,卖盘
2028,11:07:15,11.05,0.01,122,134810,买盘
2029,11:07:12,11.04,-0.01,1,1104,卖盘
2030,11:07:09,11.05,0.01,4,4420,买盘
2031,11:07:06,11.04,--,62,68448,卖盘
2032,11:07:03,11.04,-0.01,1,1104,卖盘
2033,11:07:00,11.05,--,30,33150,买盘
2034,11:06:54,11.05,--,50,55250,买盘
2035,11:06:48,11.05,--,35,38675,买盘
2036,11:06:45,11.05,--,650,718250,卖盘
2037,11:06:42,11.05,--,50,55250,卖盘
2038,11:06:39,11.05,--,5,5525,卖盘
2039,11:06:36,11.05,--,1,1105,卖盘
2040,11:06:33,11.05,--,131,144755,卖盘
2041,11:06:30,11.05,-0.01,1058,1169090,卖盘
2042,11:06:24,11.06,0.01,1,1106,买盘
2043,11:06:21,11.05,--,13,14365,卖盘
2044,11:06:18,11.05,--,6,6630,卖盘
2045,11:06:12,11.05,-0.01,2,2210,卖盘
2046,11:06:09,11.06,0.01,7,7742,买盘
2047,11:06:06,11.05,-0.01,24,26520,卖盘
2048,11:06:03,11.06,--,1,1106,买盘
2049,11:05:51,11.06,--,7,7742,买盘
2050,11:05:45,11.06,--,3,3318,买盘
2051,11:05:42,11.06,--,28,30968,买盘
2052,11:05:39,11.06,0.01,4,4424,买盘
2053,11:05:30,11.05,--,103,113815,卖盘
2054,11:05:27,11.05,--,24,26520,卖盘
2055,11:05:24,11.05,--,100,110500,卖盘
2056,11:05:21,11.05,--,5,5525,卖盘
2057,11:05:12,11.05,-0.01,26,28730,卖盘
2058,11:05:09,11.06,0.01,5,5530,买盘
2059,11:05:06,11.05,-0.01,59,65195,卖盘
2060,11:05:00,11.06,--,1,1106,买盘
2061,11:04:57,11.06,--,30,33180,买盘
2062,11:04:45,11.06,--,3,3318,买盘
2063,11:04:42,11.06,--,5,5530,买盘
2064,11:04:39,11.06,--,5,5530,买盘
2065,11:04:36,11.06,--,3,3318,买盘
2066,11:04:30,11.06,0.01,1,1106,买盘
2067,11:04:27,11.05,--,67,74035,卖盘
2068,11:04:24,11.05,--,5,5525,卖盘
2069,11:04:18,11.05,--,3,3315,卖盘
2070,11:04:15,11.05,-0.01,1,1105,卖盘
2071,11:04:12,11.06,--,26,28756,买盘
2072,11:04:09,11.06,0.01,6,6636,买盘
2073,11:04:06,11.05,-0.01,26,28730,卖盘
2074,11:04:03,11.06,0.01,3,3318,买盘
2075,11:04:00,11.05,-0.01,11,12155,卖盘
2076,11:03:45,11.06,0.01,3,3318,买盘
2077,11:03:42,11.05,-0.01,39,43095,卖盘
2078,11:03:39,11.06,--,35,38710,买盘
2079,11:03:36,11.06,0.01,1,1106,买盘
2080,11:03:24,11.05,--,5,5525,卖盘
2081,11:03:18,11.05,--,2,2210,卖盘
2082,11:03:15,11.05,--,1,1105,卖盘
2083,11:03:12,11.05,-0.01,1,1105,卖盘
2084,11:03:09,11.06,0.01,5,5530,买盘
2085,11:03:06,11.05,-0.01,26,28730,卖盘
2086,11:03:00,11.06,0.01,32,35392,买盘
2087,11:02:51,11.05,--,1,1105,卖盘
2088,11:02:45,11.05,-0.01,1,1105,卖盘
2089,11:02:42,11.06,0.01,4,4424,买盘
2090,11:02:39,11.05,-0.01,15,16575,卖盘
2091,11:02:36,11.06,--,4,4424,买盘
2092,11:02:33,11.06,0.01,200,221200,买盘
2093,11:02:30,11.05,--,2,2210,卖盘
2094,11:02:27,11.05,-0.01,1,1105,卖盘
2095,11:02:21,11.06,0.01,32,35392,买盘
2096,11:02:15,11.05,-0.01,1,1105,卖盘
2097,11:02:12,11.06,--,12,13272,买盘
2098,11:02:09,11.06,0.01,18,19908,买盘
2099,11:02:06,11.05,-0.01,12,13260,卖盘
2100,11:02:00,11.06,--,2,2212,买盘
2101,11:01:57,11.06,--,201,222306,买盘
2102,11:01:48,11.06,0.01,16,17696,买盘
2103,11:01:42,11.05,-0.01,4,4420,卖盘
2104,11:01:39,11.06,--,6,6636,买盘
2105,11:01:36,11.06,--,5,5530,买盘
2106,11:01:33,11.06,--,5,5530,买盘
2107,11:01:30,11.06,--,1,1106,买盘
2108,11:01:21,11.06,0.01,13,14378,买盘
2109,11:01:18,11.05,--,1,1105,卖盘
2110,11:01:15,11.05,-0.01,15,16575,卖盘
2111,11:01:09,11.06,0.01,6,6636,买盘
2112,11:01:06,11.05,-0.01,26,28730,卖盘
2113,11:01:00,11.06,--,31,34286,买盘
2114,11:00:54,11.06,--,20,22120,买盘
2115,11:00:39,11.06,--,7,7742,买盘
2116,11:00:36,11.06,0.01,6,6636,买盘
2117,11:00:33,11.05,-0.01,37,40885,卖盘
2118,11:00:30,11.06,0.01,1,1106,买盘
2119,11:00:27,11.05,--,30,33150,卖盘
2120,11:00:24,11.05,--,200,221000,卖盘
2121,11:00:21,11.05,--,1,1105,卖盘
2122,11:00:15,11.05,--,77,85085,卖盘
2123,11:00:12,11.05,-0.01,1,1105,卖盘
2124,11:00:09,11.06,0.01,7,7742,买盘
2125,11:00:06,11.05,-0.01,24,26520,卖盘
2126,11:00:03,11.06,--,18,19908,买盘
2127,11:00:00,11.06,0.01,2,2212,买盘
2128,10:59:51,11.05,--,13,14365,卖盘
2129,10:59:48,11.05,--,1,1105,卖盘
2130,10:59:45,11.05,-0.01,70,77350,卖盘
2131,10:59:39,11.06,--,57,63042,买盘
2132,10:59:33,11.06,0.01,54,59724,买盘
2133,10:59:30,11.05,--,2,2210,卖盘
2134,10:59:21,11.05,-0.01,21,23205,卖盘
2135,10:59:18,11.06,0.01,91,100646,买盘
2136,10:59:15,11.05,--,10,11050,卖盘
2137,10:59:12,11.05,-0.01,1,1105,卖盘
2138,10:59:09,11.06,0.01,5,5530,买盘
2139,10:59:06,11.05,--,27,29835,卖盘
2140,10:59:00,11.05,--,26,28730,卖盘
2141,10:58:57,11.05,--,66,72930,卖盘
2142,10:58:39,11.05,-0.01,35,38675,卖盘
2143,10:58:36,11.06,--,3,3318,买盘
2144,10:58:33,11.06,0.01,12,13272,买盘
2145,10:58:24,11.05,--,1,1105,卖盘
2146,10:58:15,11.05,-0.01,2,2210,卖盘
2147,10:58:09,11.06,0.01,6,6636,买盘
2148,10:58:06,11.05,-0.01,24,26520,卖盘
2149,10:58:03,11.06,0.01,114,126084,买盘
2150,10:58:00,11.05,--,2,2210,卖盘
2151,10:57:57,11.05,--,45,49725,卖盘
2152,10:57:45,11.05,--,1,1105,卖盘
2153,10:57:39,11.05,-0.01,25,27625,卖盘
2154,10:57:36,11.06,0.01,15,16590,买盘
2155,10:57:33,11.05,--,2,2210,卖盘
2156,10:57:30,11.05,--,6,6630,卖盘
2157,10:57:18,11.05,--,1,1105,卖盘
2158,10:57:15,11.05,-0.01,1,1105,卖盘
2159,10:57:09,11.06,0.01,4,4424,买盘
2160,10:57:06,11.05,--,41,45305,卖盘
2161,10:57:03,11.05,-0.01,14,15470,卖盘
2162,10:57:00,11.06,--,1,1106,买盘
2163,10:56:54,11.06,0.01,8,8848,买盘
2164,10:56:45,11.05,-0.01,1,1105,卖盘
2165,10:56:42,11.06,--,35,38710,买盘
2166,10:56:39,11.06,--,7,7742,买盘
2167,10:56:33,11.06,0.01,9,9954,买盘
2168,10:56:30,11.05,-0.01,10,11050,卖盘
2169,10:56:18,11.06,0.01,1,1106,买盘
2170,10:56:15,11.05,--,1,1105,卖盘
2171,10:56:12,11.05,-0.01,1,1105,卖盘
2172,10:56:09,11.06,0.01,5,5530,买盘
2173,10:56:06,11.05,--,34,37570,卖盘
2174,10:56:00,11.05,--,1,1105,卖盘
2175,10:55:57,11.05,-0.01,28,30940,卖盘
2176,10:55:54,11.06,--,1,1106,买盘
2177,10:55:51,11.06,--,7,7742,买盘
2178,10:55:48,11.06,0.01,2,2212,买盘
2179,10:55:45,11.05,-0.01,6,6630,卖盘
2180,10:55:39,11.06,0.01,4,4424,买盘
2181,10:55:36,11.05,--,16,17680,卖盘
2182,10:55:30,11.05,-0.01,9,9945,卖盘
2183,10:55:27,11.06,--,2,2212,买盘
2184,10:55:21,11.06,--,93,102858,买盘
2185,10:55:15,11.06,--,1,1106,买盘
2186,10:55:12,11.06,--,47,51982,买盘
2187,10:55:09,11.06,0.01,19,21014,买盘
2188,10:55:06,11.05,-0.01,14,15470,卖盘
2189,10:55:03,11.06,--,10,11060,买盘
2190,10:55:00,11.06,0.01,1,1106,买盘
2191,10:54:57,11.05,--,2,2210,卖盘
2192,10:54:45,11.05,-0.01,1,1105,卖盘
2193,10:54:39,11.06,0.01,5,5530,买盘
2194,10:54:33,11.05,-0.01,11,12155,卖盘
2195,10:54:30,11.06,--,6,6636,买盘
2196,10:54:27,11.06,--,31,34286,买盘
2197,10:54:09,11.06,0.01,76,84056,买盘
2198,10:54:06,11.05,-0.01,24,26520,卖盘
2199,10:54:03,11.06,0.01,1,1106,买盘
2200,10:54:00,11.05,--,2,2210,卖盘
2201,10:53:45,11.05,--,1,1105,卖盘
2202,10:53:39,11.05,-0.01,4,4420,卖盘
2203,10:53:30,11.06,--,5,5530,买盘
2204,10:53:27,11.06,--,5,5530,买盘
2205,10:53:24,11.06,0.01,21,23226,买盘
2206,10:53:15,11.05,-0.01,1,1105,卖盘
2207,10:53:12,11.06,0.01,8,8848,买盘
2208,10:53:06,11.05,--,30,33150,卖盘
2209,10:53:00,11.05,-0.01,3,3315,卖盘
2210,10:52:57,11.06,0.01,30,33180,买盘
2211,10:52:45,11.05,-0.01,1,1105,卖盘
2212,10:52:42,11.06,0.01,3,3318,买盘
2213,10:52:39,11.05,-0.01,5,5525,卖盘
2214,10:52:30,11.06,--,21,23226,买盘
2215,10:52:27,11.06,--,5,5530,买盘
2216,10:52:09,11.06,0.01,2,2212,买盘
2217,10:52:06,11.05,-0.01,67,74035,卖盘
2218,10:52:00,11.06,--,1,1106,买盘
2219,10:51:57,11.06,0.01,21,23226,买盘
2220,10:51:45,11.05,--,1,1105,卖盘
2221,10:51:42,11.05,--,10,11050,卖盘
2222,10:51:39,11.05,-0.01,5,5525,卖盘
2223,10:51:33,11.06,0.01,30,33180,买盘
2224,10:51:30,11.05,--,11,12155,卖盘
2225,10:51:21,11.05,--,1,1105,卖盘
2226,10:51:15,11.05,--,1,1105,卖盘
2227,10:51:12,11.05,--,34,37570,卖盘
2228,10:51:06,11.05,--,80,88400,卖盘
2229,10:51:03,11.05,-0.01,1,1105,卖盘
2230,10:51:00,11.06,0.01,2,2212,买盘
2231,10:50:39,11.05,-0.01,4,4420,卖盘
2232,10:50:36,11.06,--,2,2212,买盘
2233,10:50:30,11.06,0.01,1,1106,买盘
2234,10:50:27,11.05,-0.01,2,2210,卖盘
2235,10:50:24,11.06,--,39,43134,买盘
2236,10:50:21,11.06,--,16,17784,卖盘
2237,10:50:18,11.06,--,5,5530,卖盘
2238,10:50:15,11.06,--,1,1106,卖盘
2239,10:50:12,11.06,--,1,1106,卖盘
2240,10:50:09,11.06,--,7,7742,卖盘
2241,10:50:06,11.06,--,26,28756,卖盘
2242,10:50:03,11.06,--,89,98434,卖盘
2243,10:50:00,11.06,--,1,1106,卖盘
2244,10:49:54,11.06,--,36,39816,卖盘
2245,10:49:51,11.06,--,32,35392,卖盘
2246,10:49:39,11.06,--,4,4424,卖盘
2247,10:49:33,11.06,--,147,162582,卖盘
2248,10:49:27,11.06,--,1,1106,卖盘
2249,10:49:24,11.06,--,8,8848,卖盘
2250,10:49:21,11.06,--,5,5530,卖盘
2251,10:49:15,11.06,--,1,1106,卖盘
2252,10:49:12,11.06,--,10,11060,卖盘
2253,10:49:06,11.06,--,54,59724,卖盘
2254,10:49:03,11.06,--,100,110600,卖盘
2255,10:49:00,11.06,--,200,221200,卖盘
2256,10:48:51,11.06,--,1,1106,卖盘
2257,10:48:48,11.06,--,2,2212,卖盘
2258,10:48:42,11.06,--,1,1106,卖盘
2259,10:48:39,11.06,--,4,4424,卖盘
2260,10:48:36,11.06,--,60,66360,卖盘
2261,10:48:27,11.06,-0.01,1,1106,卖盘
2262,10:48:21,11.07,0.01,20,22140,买盘
2263,10:48:18,11.06,-0.01,10,11060,卖盘
2264,10:48:15,11.07,0.01,260,287820,买盘
2265,10:48:12,11.06,--,1,1106,卖盘
2266,10:48:09,11.06,--,1,1106,卖盘
2267,10:48:06,11.06,--,38,42028,卖盘
2268,10:48:00,11.06,-0.02,2,2212,卖盘
2269,10:47:57,11.08,0.01,137,151796,买盘
2270,10:47:54,11.07,--,87,96309,卖盘
2271,10:47:48,11.07,--,1,1107,卖盘
2272,10:47:42,11.07,--,26,28782,卖盘
2273,10:47:39,11.07,--,100,110700,卖盘
2274,10:47:36,11.07,0.01,31,34317,中性盘
2275,10:47:33,11.06,--,46,50876,卖盘
2276,10:47:30,11.06,-0.02,1,1106,卖盘
2277,10:47:24,11.08,0.02,118,130744,买盘
2278,10:47:15,11.06,-0.02,6,6636,卖盘
2279,10:47:12,11.08,0.02,37,40996,买盘
2280,10:47:06,11.06,--,46,50876,卖盘
2281,10:47:03,11.06,--,1,1106,卖盘
2282,10:46:54,11.06,-0.02,98,108388,卖盘
2283,10:46:51,11.08,0.02,59,65372,买盘
2284,10:46:42,11.06,--,1,1106,卖盘
2285,10:46:39,11.06,--,4,4424,卖盘
2286,10:46:36,11.06,-0.02,1,1106,卖盘
2287,10:46:33,11.08,0.02,14,15512,买盘
2288,10:46:30,11.06,-0.02,6,6636,卖盘
2289,10:46:24,11.08,--,59,65372,买盘
2290,10:46:18,11.08,0.02,73,80884,买盘
2291,10:46:15,11.06,-0.01,1,1106,卖盘
2292,10:46:12,11.07,0.01,17,18819,买盘
2293,10:46:09,11.06,--,52,57512,卖盘
2294,10:46:06,11.06,-0.01,30,33180,卖盘
2295,10:46:00,11.07,0.01,3,3321,买盘
2296,10:45:57,11.06,--,8,8848,卖盘
2297,10:45:51,11.06,--,127,140462,卖盘
2298,10:45:39,11.06,--,3,3318,卖盘
2299,10:45:36,11.06,--,1,1106,卖盘
2300,10:45:30,11.06,--,1,1106,卖盘
2301,10:45:27,11.06,--,9,9954,卖盘
2302,10:45:24,11.06,--,6,6636,卖盘
2303,10:45:21,11.06,-0.01,12,13272,卖盘
2304,10:45:18,11.07,0.01,121,133947,买盘
2305,10:45:15,11.06,-0.01,5,5530,卖盘
2306,10:45:09,11.07,0.01,2,2214,买盘
2307,10:45:06,11.06,-0.01,30,33180,卖盘
2308,10:45:03,11.07,0.01,2,2214,买盘
2309,10:45:00,11.06,--,6,6636,卖盘
2310,10:44:54,11.06,--,100,110600,卖盘
2311,10:44:51,11.06,-0.02,1,1106,卖盘
2312,10:44:48,11.08,--,59,65372,买盘
2313,10:44:45,11.08,0.02,59,65372,买盘
2314,10:44:39,11.06,-0.01,39,43134,卖盘
2315,10:44:36,11.07,--,3,3321,买盘
2316,10:44:30,11.07,--,4,4428,卖盘
2317,10:44:27,11.07,0.01,5,5535,买盘
2318,10:44:21,11.06,--,18,19908,卖盘
2319,10:44:18,11.06,-0.01,5,5530,卖盘
2320,10:44:15,11.07,0.01,120,132840,买盘
2321,10:44:06,11.06,--,30,33180,卖盘
2322,10:44:03,11.06,-0.01,1,1106,卖盘
2323,10:44:00,11.07,--,5,5535,卖盘
2324,10:43:54,11.07,--,3,3321,卖盘
2325,10:43:51,11.07,--,1,1107,卖盘
2326,10:43:48,11.07,-0.01,2,2214,卖盘
2327,10:43:45,11.08,--,59,65372,买盘
2328,10:43:42,11.08,0.01,86,95288,买盘
2329,10:43:39,11.07,--,6,6642,卖盘
2330,10:43:36,11.07,-0.01,41,45387,卖盘
2331,10:43:30,11.08,0.01,15,16620,买盘
2332,10:43:24,11.07,0.01,12,13284,卖盘
2333,10:43:18,11.06,-0.02,10,11060,卖盘
2334,10:43:12,11.08,0.02,119,131852,买盘
2335,10:43:09,11.06,--,2,2212,卖盘
2336,10:43:06,11.06,--,39,43134,卖盘
2337,10:43:03,11.06,--,1,1106,卖盘
2338,10:43:00,11.06,--,1,1106,卖盘
2339,10:42:57,11.06,--,2,2212,卖盘
2340,10:42:54,11.06,--,2,2212,卖盘
2341,10:42:51,11.06,--,1,1106,卖盘
2342,10:42:45,11.06,-0.02,1,1106,卖盘
2343,10:42:42,11.08,--,59,65372,买盘
2344,10:42:39,11.08,0.02,61,67588,买盘
2345,10:42:36,11.06,--,12,13272,卖盘
2346,10:42:33,11.06,--,16,17696,卖盘
2347,10:42:30,11.06,--,2,2212,卖盘
2348,10:42:24,11.06,-0.02,2,2212,卖盘
2349,10:42:09,11.08,0.02,129,142932,买盘
2350,10:42:06,11.06,-0.01,25,27650,卖盘
2351,10:42:00,11.07,0.01,1,1107,中性盘
2352,10:41:51,11.06,--,13,14378,卖盘
2353,10:41:45,11.06,-0.02,11,12166,卖盘
2354,10:41:42,11.08,0.01,60,66480,买盘
2355,10:41:39,11.07,--,1,1107,买盘
2356,10:41:36,11.07,--,60,66420,买盘
2357,10:41:33,11.07,0.01,12,13284,买盘
2358,10:41:30,11.06,-0.01,1,1106,卖盘
2359,10:41:15,11.07,--,16,17712,买盘
2360,10:41:12,11.07,--,7,7749,买盘
2361,10:41:09,11.07,0.01,1,1107,买盘
2362,10:41:06,11.06,-0.01,147,162582,卖盘
2363,10:41:03,11.07,-0.01,539,596673,卖盘
2364,10:40:57,11.08,--,2,2216,买盘
2365,10:40:54,11.08,0.01,12,13296,买盘
2366,10:40:48,11.07,--,1,1107,卖盘
2367,10:40:42,11.07,-0.01,2,2214,卖盘
2368,10:40:39,11.08,0.01,120,132960,买盘
2369,10:40:36,11.07,-0.01,2,2214,卖盘
2370,10:40:27,11.08,0.01,3,3324,买盘
2371,10:40:24,11.07,--,14,15498,卖盘
2372,10:40:18,11.07,--,18,19926,卖盘
2373,10:40:06,11.07,--,52,57564,卖盘
2374,10:40:03,11.07,--,160,177120,卖盘
2375,10:39:51,11.07,--,4,4428,卖盘
2376,10:39:48,11.07,--,1,1107,卖盘
2377,10:39:45,11.07,--,20,22140,卖盘
2378,10:39:39,11.07,-0.01,6,6642,中性盘
2379,10:39:36,11.08,--,2,2216,买盘
2380,10:39:33,11.08,0.02,119,131852,买盘
2381,10:39:30,11.06,-0.01,2,2212,卖盘
2382,10:39:27,11.07,--,1,1107,买盘
2383,10:39:21,11.07,0.01,12,13284,买盘
2384,10:39:18,11.06,-0.01,1,1106,卖盘
2385,10:39:15,11.07,--,1,1107,买盘
2386,10:39:12,11.07,--,11,12177,买盘
2387,10:39:09,11.07,0.01,1,1107,买盘
2388,10:39:06,11.06,-0.01,27,29862,卖盘
2389,10:39:03,11.07,0.01,12,13284,中性盘
2390,10:39:00,11.06,-0.01,137,151522,卖盘
2391,10:38:57,11.07,--,1,1107,买盘
2392,10:38:51,11.07,0.01,1,1107,买盘
2393,10:38:48,11.06,-0.01,1,1106,卖盘
2394,10:38:45,11.07,0.01,4,4428,中性盘
2395,10:38:42,11.06,-0.02,1,1106,卖盘
2396,10:38:39,11.08,--,1,1108,买盘
2397,10:38:33,11.08,--,66,73128,买盘
2398,10:38:30,11.08,--,3,3324,买盘
2399,10:38:27,11.08,0.01,61,67588,买盘
2400,10:38:21,11.07,0.01,1,1107,买盘
2401,10:38:18,11.06,-0.01,1,1106,卖盘
2402,10:38:15,11.07,-0.01,9,9963,卖盘
2403,10:38:12,11.08,--,15,16620,买盘
2404,10:38:09,11.08,0.01,2,2216,买盘
2405,10:38:06,11.07,-0.01,24,26568,卖盘
2406,10:38:03,11.08,--,1,1108,买盘
2407,10:37:57,11.08,0.01,119,131852,买盘
2408,10:37:54,11.07,-0.01,1,1107,卖盘
2409,10:37:51,11.08,0.01,1,1108,买盘
2410,10:37:48,11.07,-0.01,38,42066,中性盘
2411,10:37:42,11.08,--,13,14404,买盘
2412,10:37:39,11.08,0.02,2,2216,买盘
2413,10:37:36,11.06,-0.02,2,2212,卖盘
2414,10:37:33,11.08,--,1,1108,买盘
2415,10:37:27,11.08,--,120,132960,买盘
2416,10:37:21,11.08,0.02,33,36564,买盘
2417,10:37:18,11.06,-0.02,1,1106,卖盘
2418,10:37:12,11.08,--,12,13296,买盘
2419,10:37:09,11.08,--,1,1108,买盘
2420,10:37:06,11.08,--,25,27700,买盘
2421,10:37:03,11.08,0.01,1,1108,买盘
2422,10:36:57,11.07,-0.01,12,13284,中性盘
2423,10:36:54,11.08,0.01,118,130744,买盘
2424,10:36:51,11.07,--,35,38745,买盘
2425,10:36:48,11.07,--,8,8856,买盘
2426,10:36:45,11.07,--,1,1107,买盘
2427,10:36:42,11.07,--,12,13284,买盘
2428,10:36:39,11.07,0.01,2,2214,买盘
2429,10:36:36,11.06,-0.01,1,1106,卖盘
2430,10:36:33,11.07,0.01,1,1107,中性盘
2431,10:36:24,11.06,-0.01,380,421054,卖盘
2432,10:36:21,11.07,-0.01,60,66420,买盘
2433,10:36:15,11.08,--,21,23268,买盘
2434,10:36:12,11.08,--,12,13296,买盘
2435,10:36:09,11.08,0.02,2,2216,买盘
2436,10:36:06,11.06,-0.02,26,28756,卖盘
2437,10:36:03,11.08,0.01,1,1108,买盘
2438,10:36:00,11.07,-0.01,5,5535,卖盘
2439,10:35:57,11.08,0.01,1,1108,买盘
2440,10:35:54,11.07,--,120,132840,卖盘
2441,10:35:51,11.07,0.01,28,30996,中性盘
2442,10:35:45,11.06,-0.02,280,310354,卖盘
2443,10:35:42,11.08,0.02,26,28808,买盘
2444,10:35:39,11.06,--,2,2212,卖盘
2445,10:35:33,11.06,--,19,21014,卖盘
2446,10:35:27,11.06,-0.02,30,33854,卖盘
2447,10:35:24,11.08,--,60,66480,买盘
2448,10:35:18,11.08,0.02,90,99720,买盘
2449,10:35:15,11.06,-0.01,7,7742,卖盘
2450,10:35:12,11.07,--,1,1107,买盘
2451,10:35:09,11.07,0.01,1,1107,买盘
2452,10:35:06,11.06,-0.01,24,26544,卖盘
2453,10:35:00,11.07,--,50,55350,买盘
2454,10:34:57,11.07,--,1,1107,买盘
2455,10:34:51,11.07,-0.01,35,38745,中性盘
2456,10:34:48,11.08,--,164,181712,买盘
2457,10:34:45,11.08,0.01,1,1108,买盘
2458,10:34:33,11.07,0.01,61,67527,买盘
2459,10:34:30,11.06,--,30,33180,卖盘
2460,10:34:24,11.06,-0.01,4,4424,卖盘
2461,10:34:21,11.07,-0.01,60,66420,卖盘
2462,10:34:15,11.08,0.01,60,66480,买盘
2463,10:34:06,11.07,--,26,28782,卖盘
2464,10:33:57,11.07,-0.01,30,33210,中性盘
2465,10:33:45,11.08,0.01,139,154012,买盘
2466,10:33:42,11.07,0.01,6,6642,买盘
2467,10:33:36,11.06,--,2,2212,卖盘
2468,10:33:33,11.06,--,1,1106,卖盘
2469,10:33:30,11.06,--,15,16590,卖盘
2470,10:33:21,11.06,-0.02,5,5530,卖盘
2471,10:33:15,11.08,0.01,59,65372,买盘
2472,10:33:12,11.07,--,60,66420,买盘
2473,10:33:09,11.07,--,1,1107,买盘
2474,10:33:06,11.07,0.01,43,47601,买盘
2475,10:33:03,11.06,--,10,11060,卖盘
2476,10:33:00,11.06,--,5,5530,卖盘
2477,10:32:57,11.06,0.01,18,19908,买盘
2478,10:32:54,11.05,--,37,40885,卖盘
2479,10:32:51,11.05,-0.01,42,46410,卖盘
2480,10:32:48,11.06,-0.02,12,13272,卖盘
2481,10:32:42,11.08,--,119,131852,买盘
2482,10:32:39,11.08,0.02,1,1108,买盘
2483,10:32:36,11.06,-0.02,11,12166,卖盘
2484,10:32:24,11.08,0.02,38,42104,买盘
2485,10:32:21,11.06,-0.02,3,3318,卖盘
2486,10:32:15,11.08,0.03,59,65372,买盘
2487,10:32:12,11.05,-0.02,1,1105,卖盘
2488,10:32:09,11.07,0.02,61,67527,买盘
2489,10:32:06,11.05,-0.02,27,29835,卖盘
2490,10:32:03,11.07,--,32,35424,卖盘
2491,10:31:57,11.07,--,2,2214,卖盘
2492,10:31:51,11.07,0.02,1,1107,中性盘
2493,10:31:45,11.05,-0.03,11,12155,卖盘
2494,10:31:39,11.08,0.02,118,130744,买盘
2495,10:31:36,11.06,--,14,15484,买盘
2496,10:31:33,11.06,--,564,624359,卖盘
2497,10:31:27,11.06,-0.02,1,1106,卖盘
2498,10:31:24,11.08,0.02,10,11080,买盘
2499,10:31:18,11.06,-0.02,30,33180,卖盘
2500,10:31:09,11.08,--,67,74236,买盘
2501,10:31:06,11.08,0.02,218,241987,买盘
2502,10:31:03,11.06,--,4,4424,卖盘
2503,10:31:00,11.06,--,8,8848,卖盘
2504,10:30:54,11.06,-0.01,10,11060,卖盘
2505,10:30:51,11.07,0.01,34,37638,买盘
2506,10:30:48,11.06,--,9,9954,卖盘
2507,10:30:45,11.06,-0.01,47,51982,卖盘
2508,10:30:42,11.07,--,13,14391,买盘
2509,10:30:39,11.07,--,120,132840,买盘
2510,10:30:33,11.07,--,11,12177,买盘
2511,10:30:27,11.07,0.01,1,1107,买盘
2512,10:30:24,11.06,-0.01,10,11060,卖盘
2513,10:30:15,11.07,0.01,15,16605,买盘
2514,10:30:12,11.06,-0.02,30,33246,卖盘
2515,10:30:09,11.08,0.02,1,1108,买盘
2516,10:30:06,11.06,-0.02,144,159264,卖盘
2517,10:30:03,11.08,0.02,60,66480,买盘
2518,10:30:00,11.06,--,7,7742,卖盘
2519,10:29:54,11.06,-0.01,7,7742,卖盘
2520,10:29:51,11.07,--,34,37638,买盘
2521,10:29:42,11.07,0.01,40,44280,买盘
2522,10:29:39,11.06,-0.01,9,9954,卖盘
2523,10:29:36,11.07,-0.01,60,66420,中性盘
2524,10:29:33,11.08,0.02,60,66480,买盘
2525,10:29:18,11.06,-0.01,79,88247,卖盘
2526,10:29:15,11.07,0.01,100,110700,中性盘
2527,10:29:09,11.06,--,8,8848,卖盘
2528,10:29:06,11.06,-0.02,34,37604,卖盘
2529,10:29:03,11.08,--,118,130744,买盘
2530,10:29:00,11.08,0.01,80,88640,买盘
2531,10:28:51,11.07,--,151,167157,卖盘
2532,10:28:48,11.07,0.01,9,9963,买盘
2533,10:28:42,11.06,--,8,8848,卖盘
2534,10:28:30,11.06,-0.02,120,132720,卖盘
2535,10:28:24,11.08,0.02,62,68696,买盘
2536,10:28:21,11.06,-0.01,19,21014,卖盘
2537,10:28:18,11.07,0.01,38,42066,买盘
2538,10:28:15,11.06,--,9,9954,卖盘
2539,10:28:12,11.06,-0.01,317,351354,卖盘
2540,10:28:09,11.07,0.01,1,1107,买盘
2541,10:28:06,11.06,-0.02,26,28756,卖盘
2542,10:28:00,11.08,--,59,65372,买盘
2543,10:27:57,11.08,0.02,60,66480,买盘
2544,10:27:54,11.06,--,6,7244,买盘
2545,10:27:51,11.06,--,1,1106,买盘
2546,10:27:48,11.06,--,34,38101,卖盘
2547,10:27:45,11.06,-0.02,372,412460,卖盘
2548,10:27:39,11.08,-0.01,1,1108,中性盘
2549,10:27:36,11.09,0.01,94,104246,买盘
2550,10:27:27,11.08,0.02,119,131852,买盘
2551,10:27:24,11.06,--,1,1106,卖盘
2552,10:27:06,11.06,--,24,26544,卖盘
2553,10:27:03,11.06,-0.02,260,288190,卖盘
2554,10:26:57,11.08,0.02,119,131852,买盘
2555,10:26:51,11.06,-0.01,1,1106,卖盘
2556,10:26:48,11.07,-0.01,1,1107,卖盘
2557,10:26:42,11.08,--,19,21052,买盘
2558,10:26:39,11.08,0.02,15,16620,买盘
2559,10:26:36,11.06,--,2,2212,卖盘
2560,10:26:30,11.06,--,10,11060,卖盘
2561,10:26:27,11.06,-0.02,1,1106,卖盘
2562,10:26:24,11.08,0.02,478,530499,买盘
2563,10:26:21,11.06,--,10,11060,卖盘
2564,10:26:12,11.06,--,13,14378,卖盘
2565,10:26:09,11.06,--,1,1106,卖盘
2566,10:26:06,11.06,--,26,28756,卖盘
2567,10:26:03,11.06,--,24,26687,卖盘
2568,10:26:00,11.06,--,21,23226,卖盘
2569,10:25:54,11.06,-0.01,61,67466,卖盘
2570,10:25:51,11.07,0.01,66,73062,买盘
2571,10:25:48,11.06,--,1,1106,卖盘
2572,10:25:45,11.06,-0.01,13,14378,卖盘
2573,10:25:30,11.07,-0.01,1,1107,卖盘
2574,10:25:27,11.08,--,56,62048,买盘
2575,10:25:24,11.08,--,59,65372,买盘
2576,10:25:21,11.08,0.02,61,67588,买盘
2577,10:25:15,11.06,--,60,66503,卖盘
2578,10:25:12,11.06,--,12,13272,卖盘
2579,10:25:09,11.06,--,200,221200,卖盘
2580,10:25:06,11.06,--,24,26544,卖盘
2581,10:25:03,11.06,-0.02,1,1106,卖盘
2582,10:24:54,11.08,--,59,65372,买盘
2583,10:24:51,11.08,--,60,66480,买盘
2584,10:24:48,11.08,0.02,2,2216,买盘
2585,10:24:42,11.06,--,1,1106,卖盘
2586,10:24:39,11.06,-0.02,4,4424,中性盘
2587,10:24:21,11.08,--,59,65372,买盘
2588,10:24:18,11.08,0.03,72,79776,买盘
2589,10:24:15,11.05,-0.01,1,1105,卖盘
2590,10:24:09,11.06,0.01,1,1106,买盘
2591,10:24:06,11.05,-0.01,36,39780,卖盘
2592,10:24:00,11.06,-0.02,2,2212,中性盘
2593,10:23:48,11.08,0.02,279,309132,买盘
2594,10:23:45,11.06,-0.01,296,328050,卖盘
2595,10:23:39,11.07,0.01,3,3321,买盘
2596,10:23:33,11.06,-0.01,210,232768,卖盘
2597,10:23:30,11.07,0.01,2,2214,卖盘
2598,10:23:27,11.06,-0.01,8,8936,卖盘
2599,10:23:24,11.07,0.01,33,36531,卖盘
2600,10:23:18,11.06,--,123,136038,卖盘
2601,10:23:12,11.06,-0.02,4,4424,卖盘
2602,10:23:09,11.08,0.02,162,179739,买盘
2603,10:23:06,11.06,-0.01,87,96222,卖盘
2604,10:23:03,11.07,--,1,1107,卖盘
2605,10:22:57,11.07,--,1,1107,卖盘
2606,10:22:51,11.07,--,23,25461,卖盘
2607,10:22:48,11.07,-0.01,12,13284,卖盘
2608,10:22:45,11.08,--,59,65372,买盘
2609,10:22:42,11.08,0.01,77,85316,买盘
2610,10:22:39,11.07,0.01,17,18819,买盘
2611,10:22:36,11.06,--,26,28756,卖盘
2612,10:22:27,11.06,--,8,8848,卖盘
2613,10:22:24,11.06,-0.02,6,6636,卖盘
2614,10:22:18,11.08,0.02,41,45428,买盘
2615,10:22:15,11.06,-0.02,32,35392,卖盘
2616,10:22:12,11.08,--,147,162876,买盘
2617,10:22:09,11.08,0.02,1,1108,买盘
2618,10:22:06,11.06,-0.02,26,28756,卖盘
2619,10:22:03,11.08,0.02,3,3324,买盘
2620,10:22:00,11.06,-0.01,10,11060,卖盘
2621,10:21:54,11.07,--,11,12177,卖盘
2622,10:21:51,11.07,--,2,2214,卖盘
2623,10:21:48,11.07,-0.01,7,7749,卖盘
2624,10:21:42,11.08,0.02,230,254840,买盘
2625,10:21:36,11.06,-0.01,36,39816,卖盘
2626,10:21:33,11.07,-0.01,2,2214,中性盘
2627,10:21:24,11.08,0.02,3,3324,买盘
2628,10:21:12,11.06,-0.02,61,67466,卖盘
2629,10:21:09,11.08,0.02,60,66480,买盘
2630,10:21:06,11.06,--,24,26544,卖盘
2631,10:20:48,11.06,-0.02,13,14378,中性盘
2632,10:20:39,11.08,0.02,59,65372,买盘
2633,10:20:33,11.06,--,1,1106,买盘
2634,10:20:30,11.06,--,76,84056,卖盘
2635,10:20:27,11.06,-0.02,1,1106,卖盘
2636,10:20:24,11.08,0.02,86,95288,买盘
2637,10:20:21,11.06,-0.02,21,23226,卖盘
2638,10:20:18,11.08,0.02,71,78668,买盘
2639,10:20:15,11.06,--,11,12166,买盘
2640,10:20:12,11.06,0.01,10,11060,买盘
2641,10:20:06,11.05,-0.03,105,116025,卖盘
2642,10:19:48,11.08,0.02,234,259272,买盘
2643,10:19:42,11.06,-0.01,1,1106,卖盘
2644,10:19:33,11.07,--,5,5535,买盘
2645,10:19:27,11.07,0.01,5,5535,买盘
2646,10:19:24,11.06,-0.01,49,54194,卖盘
2647,10:19:18,11.07,--,142,157194,买盘
2648,10:19:12,11.07,0.01,66,73062,买盘
2649,10:19:06,11.06,--,24,26544,卖盘
2650,10:19:00,11.06,-0.01,1,1106,卖盘
2651,10:18:57,11.07,0.01,3,3321,买盘
2652,10:18:48,11.06,--,185,204610,买盘
2653,10:18:45,11.06,0.01,71,78526,买盘
2654,10:18:42,11.05,-0.01,1,1105,卖盘
2655,10:18:39,11.06,0.01,144,159264,买盘
2656,10:18:36,11.05,-0.01,5,5525,卖盘
2657,10:18:30,11.06,--,1,1106,买盘
2658,10:18:27,11.06,-0.01,7,7742,卖盘
2659,10:18:15,11.07,0.01,142,157194,买盘
2660,10:18:12,11.06,0.01,88,97328,买盘
2661,10:18:06,11.05,--,28,30940,卖盘
2662,10:18:03,11.05,--,52,57592,卖盘
2663,10:18:00,11.05,-0.01,2,2210,卖盘
2664,10:17:51,11.06,--,12,13272,买盘
2665,10:17:45,11.06,-0.01,243,268758,卖盘
2666,10:17:42,11.07,--,73,80811,买盘
2667,10:17:39,11.07,--,18,19926,买盘
2668,10:17:30,11.07,0.01,21,23247,买盘
2669,10:17:27,11.06,--,1,1106,卖盘
2670,10:17:15,11.06,-0.01,2,2212,卖盘
2671,10:17:12,11.07,--,144,159408,买盘
2672,10:17:06,11.07,0.01,27,29889,买盘
2673,10:17:00,11.06,--,2,2212,卖盘
2674,10:16:57,11.06,--,2,2212,卖盘
2675,10:16:54,11.06,-0.01,1,1106,中性盘
2676,10:16:42,11.07,--,72,79704,买盘
2677,10:16:39,11.07,0.01,72,79704,买盘
2678,10:16:33,11.06,0.01,5,5530,买盘
2679,10:16:30,11.05,-0.02,9,9945,卖盘
2680,10:16:27,11.07,0.02,2,2214,买盘
2681,10:16:12,11.05,-0.02,51,56355,卖盘
2682,10:16:09,11.07,0.02,142,157194,买盘
2683,10:16:06,11.05,-0.01,26,28730,卖盘
2684,10:16:03,11.06,--,8,8848,中性盘
2685,10:15:57,11.06,-0.01,9,9954,卖盘
2686,10:15:51,11.07,0.02,45,49815,买盘
2687,10:15:42,11.05,-0.02,51,56355,卖盘
2688,10:15:39,11.07,--,72,79704,买盘
2689,10:15:36,11.07,0.02,71,78597,买盘
2690,10:15:33,11.05,--,1,1105,卖盘
2691,10:15:27,11.05,--,1,1105,卖盘
2692,10:15:24,11.05,--,79,87295,卖盘
2693,10:15:15,11.05,-0.01,40,44200,卖盘
2694,10:15:12,11.06,-0.01,34,37604,卖盘
2695,10:15:06,11.07,0.02,168,185976,买盘
2696,10:14:51,11.05,-0.02,6,6630,卖盘
2697,10:14:36,11.07,0.02,143,158301,买盘
2698,10:14:33,11.05,--,19,20995,卖盘
2699,10:14:30,11.05,--,1,1105,卖盘
2700,10:14:27,11.05,-0.01,2,2210,卖盘
2701,10:14:09,11.06,--,79,87374,卖盘
2702,10:14:06,11.06,-0.01,97,107282,中性盘
2703,10:14:03,11.07,0.01,71,78597,买盘
2704,10:14:00,11.06,0.01,50,55300,买盘
2705,10:13:57,11.05,--,1,1105,卖盘
2706,10:13:51,11.05,--,2,2210,卖盘
2707,10:13:48,11.05,-0.02,1,1105,卖盘
2708,10:13:39,11.07,--,20,22140,买盘
2709,10:13:36,11.07,--,12,13284,买盘
2710,10:13:33,11.07,--,287,317709,买盘
2711,10:13:30,11.07,--,71,78597,买盘
2712,10:13:27,11.07,0.01,3,3321,买盘
2713,10:13:21,11.06,-0.01,1,1106,卖盘
2714,10:13:12,11.07,0.01,2,2214,买盘
2715,10:13:06,11.06,-0.01,24,26544,卖盘
2716,10:13:00,11.07,0.01,142,157194,买盘
2717,10:12:57,11.06,-0.01,1,1106,卖盘
2718,10:12:51,11.07,0.01,10,11070,买盘
2719,10:12:42,11.06,-0.01,1,1106,卖盘
2720,10:12:36,11.07,--,31,34317,买盘
2721,10:12:30,11.07,--,73,80811,买盘
2722,10:12:27,11.07,0.01,74,81918,买盘
2723,10:12:24,11.06,--,1,1106,卖盘
2724,10:12:18,11.06,-0.01,1,1106,卖盘
2725,10:12:12,11.07,0.01,34,37638,买盘
2726,10:12:06,11.06,-0.01,27,29862,卖盘
2727,10:12:03,11.07,-0.01,341,377487,卖盘
2728,10:12:00,11.08,--,4,4432,买盘
2729,10:11:57,11.08,0.01,156,172848,买盘
2730,10:11:51,11.07,--,50,55350,卖盘
2731,10:11:48,11.07,--,3,3321,卖盘
2732,10:11:45,11.07,--,2,2214,卖盘
2733,10:11:42,11.07,-0.01,14,15498,卖盘
2734,10:11:39,11.08,0.01,20,22160,买盘
2735,10:11:36,11.07,-0.01,6,6642,卖盘
2736,10:11:30,11.08,0.01,1,1108,买盘
2737,10:11:27,11.07,--,75,83025,卖盘
2738,10:11:18,11.07,--,1,1107,卖盘
2739,10:11:15,11.07,--,20,22140,卖盘
2740,10:11:12,11.07,--,1,1107,卖盘
2741,10:11:09,11.07,--,7,7749,卖盘
2742,10:11:06,11.07,-0.01,24,26568,卖盘
2743,10:11:03,11.08,0.01,5,5540,买盘
2744,10:11:00,11.07,--,1,1107,卖盘
2745,10:10:57,11.07,--,1,1107,卖盘
2746,10:10:54,11.07,--,9,9963,卖盘
2747,10:10:51,11.07,--,12,13284,卖盘
2748,10:10:48,11.07,--,15,16605,卖盘
2749,10:10:42,11.07,-0.01,10,11070,卖盘
2750,10:10:30,11.08,0.01,1,1108,买盘
2751,10:10:27,11.07,--,5,5535,卖盘
2752,10:10:24,11.07,--,14,15498,卖盘
2753,10:10:21,11.07,--,1,1107,卖盘
2754,10:10:18,11.07,--,1,1107,卖盘
2755,10:10:15,11.07,--,10,11070,卖盘
2756,10:10:06,11.07,--,36,39852,卖盘
2757,10:10:00,11.07,-0.01,8,8856,卖盘
2758,10:09:54,11.08,--,1,1108,买盘
2759,10:09:51,11.08,0.01,5,5540,买盘
2760,10:09:48,11.07,-0.01,1,1107,卖盘
2761,10:09:39,11.08,--,143,158444,买盘
2762,10:09:30,11.08,--,1,1108,买盘
2763,10:09:27,11.08,--,155,171740,买盘
2764,10:09:24,11.08,--,169,187927,卖盘
2765,10:09:18,11.08,-0.01,2,2216,卖盘
2766,10:09:15,11.09,0.01,17,18853,买盘
2767,10:09:09,11.08,--,89,98612,卖盘
2768,10:09:06,11.08,--,106,117448,卖盘
2769,10:09:00,11.08,--,10,11080,卖盘
2770,10:08:57,11.08,--,39,43212,卖盘
2771,10:08:48,11.08,--,45,49860,卖盘
2772,10:08:45,11.08,--,459,508572,卖盘
2773,10:08:42,11.08,-0.01,3,3324,卖盘
2774,10:08:39,11.09,--,43,47687,买盘
2775,10:08:36,11.09,--,81,89829,买盘
2776,10:08:33,11.09,--,72,79848,买盘
2777,10:08:30,11.09,--,1,1109,买盘
2778,10:08:27,11.09,0.01,32,35488,买盘
2779,10:08:24,11.08,-0.01,1,1108,卖盘
2780,10:08:18,11.09,--,7,7763,买盘
2781,10:08:15,11.09,0.01,2,2218,买盘
2782,10:08:12,11.08,--,3,3324,卖盘
2783,10:08:06,11.08,-0.01,26,28808,卖盘
2784,10:08:03,11.09,--,144,159696,买盘
2785,10:08:00,11.09,0.01,16,17744,买盘
2786,10:07:57,11.08,--,13,14404,卖盘
2787,10:07:54,11.08,--,33,36564,卖盘
2788,10:07:48,11.08,-0.01,1,1108,卖盘
2789,10:07:39,11.09,0.01,17,18853,买盘
2790,10:07:36,11.08,-0.01,29,32132,卖盘
2791,10:07:33,11.09,0.01,172,190748,买盘
2792,10:07:30,11.08,0.01,96,106800,买盘
2793,10:07:27,11.07,-0.01,6,6642,卖盘
2794,10:07:21,11.08,0.01,20,22160,买盘
2795,10:07:18,11.07,-0.01,11,12177,卖盘
2796,10:07:12,11.08,--,17,18836,买盘
2797,10:07:09,11.08,--,20,22160,买盘
2798,10:07:06,11.08,--,37,40996,买盘
2799,10:07:03,11.08,--,5,5540,买盘
2800,10:07:00,11.08,--,77,85316,买盘
2801,10:06:57,11.08,0.01,112,124096,买盘
2802,10:06:48,11.07,-0.01,1,1107,卖盘
2803,10:06:33,11.08,--,5,5540,买盘
2804,10:06:30,11.08,--,57,63156,买盘
2805,10:06:27,11.08,--,143,158444,买盘
2806,10:06:24,11.08,0.01,34,37672,买盘
2807,10:06:18,11.07,-0.01,2,2214,卖盘
2808,10:06:15,11.08,0.01,2,2216,买盘
2809,10:06:12,11.07,--,2,2214,卖盘
2810,10:06:09,11.07,--,4,4428,卖盘
2811,10:06:06,11.07,--,26,28782,卖盘
2812,10:06:03,11.07,--,10,11070,卖盘
2813,10:06:00,11.07,-0.01,6,6642,卖盘
2814,10:05:57,11.08,--,72,79776,买盘
2815,10:05:54,11.08,--,96,106368,买盘
2816,10:05:51,11.08,0.01,10,11080,买盘
2817,10:05:48,11.07,--,1,1107,卖盘
2818,10:05:45,11.07,--,1,1107,卖盘
2819,10:05:36,11.07,-0.01,3,3321,卖盘
2820,10:05:33,11.08,--,15,16620,买盘
2821,10:05:30,11.08,0.01,29,32132,买盘
2822,10:05:27,11.07,-0.01,73,80811,卖盘
2823,10:05:24,11.08,0.01,71,78668,买盘
2824,10:05:18,11.07,--,2,2214,卖盘
2825,10:05:15,11.07,--,10,11070,卖盘
2826,10:05:12,11.07,--,1,1107,卖盘
2827,10:05:06,11.07,-0.01,34,37638,卖盘
2828,10:05:03,11.08,-0.01,3,3999,卖盘
2829,10:04:57,11.09,--,102,113118,买盘
2830,10:04:51,11.09,0.01,71,78739,买盘
2831,10:04:48,11.08,--,19,21052,卖盘
2832,10:04:45,11.08,--,54,59832,卖盘
2833,10:04:39,11.08,--,38,42536,买盘
2834,10:04:30,11.08,--,31,34348,买盘
2835,10:04:27,11.08,--,71,78668,买盘
2836,10:04:24,11.08,0.01,71,78668,买盘
2837,10:04:18,11.07,--,6,6642,卖盘
2838,10:04:15,11.07,--,1,1107,卖盘
2839,10:04:06,11.07,--,36,39852,卖盘
