,time,price,change,volume,amount,type
0,15:00:03,10.92,-0.01,769,840763,中性盘
1,14:57:00,10.93,--,10,10930,买盘
2,14:56:57,10.93,0.02,20,21860,买盘
3,14:56:54,10.91,--,1,1091,卖盘
4,14:56:51,10.91,-0.01,8,8728,卖盘
5,14:56:48,10.92,--,78,85176,卖盘
6,14:56:42,10.92,--,8,8736,卖盘
7,14:56:39,10.92,0.01,168,183456,买盘
8,14:56:33,10.91,-0.01,83,90553,卖盘
9,14:56:24,10.92,--,104,113568,卖盘
10,14:56:21,10.92,--,5,5460,卖盘
11,14:56:18,10.92,--,73,79716,买盘
12,14:56:03,10.92,--,9,9828,买盘
13,14:56:00,10.92,-0.01,28,30576,卖盘
14,14:55:57,10.93,--,456,498408,买盘
15,14:55:51,10.93,-0.01,180,197199,卖盘
16,14:55:48,10.94,0.01,34,37196,买盘
17,14:55:42,10.93,--,129,141630,买盘
18,14:55:39,10.93,--,14,15302,买盘
19,14:55:33,10.93,--,20,21860,买盘
20,14:55:30,10.93,0.01,1,1093,买盘
21,14:55:27,10.92,--,20,21840,卖盘
22,14:55:21,10.92,--,34,37128,卖盘
23,14:55:18,10.92,--,4,4368,卖盘
24,14:55:15,10.92,--,10,10920,卖盘
25,14:55:09,10.92,0.01,46,50232,买盘
26,14:55:06,10.91,-0.01,27,29457,卖盘
27,14:55:03,10.92,--,40,43680,买盘
28,14:54:57,10.92,0.02,5,5460,买盘
29,14:54:51,10.9,-0.02,1,1090,卖盘
30,14:54:48,10.92,0.02,101,110292,买盘
31,14:54:42,10.9,-0.02,51,55590,卖盘
32,14:54:39,10.92,--,100,109200,买盘
33,14:54:36,10.92,--,74,80808,买盘
34,14:54:24,10.92,0.01,26,28392,买盘
35,14:54:21,10.91,-0.01,27,29457,卖盘
36,14:54:15,10.92,0.02,49,53508,买盘
37,14:54:12,10.9,--,200,218000,卖盘
38,14:54:09,10.9,-0.02,69,75210,卖盘
39,14:54:06,10.92,0.02,159,173628,买盘
40,14:54:03,10.9,-0.02,14,15260,卖盘
41,14:53:57,10.92,0.01,23,25116,买盘
42,14:53:51,10.91,--,33,36003,买盘
43,14:53:45,10.91,--,2,2182,买盘
44,14:53:42,10.91,--,24,26184,卖盘
45,14:53:39,10.91,--,94,102554,卖盘
46,14:53:36,10.91,--,73,79643,卖盘
47,14:53:27,10.91,-0.01,13,14183,卖盘
48,14:53:24,10.92,0.01,14,15288,买盘
49,14:53:21,10.91,-0.01,58,63278,卖盘
50,14:53:15,10.92,--,40,43680,买盘
51,14:53:12,10.92,0.01,114,124488,买盘
52,14:53:09,10.91,-0.01,4,4364,卖盘
53,14:53:06,10.92,0.02,2,2184,买盘
54,14:52:57,10.9,-0.02,20,21800,卖盘
55,14:52:48,10.92,--,37,40404,买盘
56,14:52:45,10.92,--,14,15288,买盘
57,14:52:36,10.92,0.01,384,419328,买盘
58,14:52:33,10.91,0.01,22,24002,买盘
59,14:52:30,10.9,--,2,2180,买盘
60,14:52:27,10.9,-0.01,76,82840,卖盘
61,14:52:24,10.91,--,2,2182,买盘
62,14:52:21,10.91,-0.01,258,281478,卖盘
63,14:52:18,10.92,0.01,36,39312,买盘
64,14:52:15,10.91,-0.01,10,10910,买盘
65,14:52:12,10.92,--,32,34944,买盘
66,14:52:06,10.92,--,1,1092,买盘
67,14:52:03,10.92,--,27,29484,买盘
68,14:51:57,10.92,0.02,66,72072,买盘
69,14:51:54,10.9,-0.02,101,110090,卖盘
70,14:51:51,10.92,--,1,1092,买盘
71,14:51:48,10.92,0.01,202,220584,买盘
72,14:51:45,10.91,--,17,18547,买盘
73,14:51:42,10.91,--,5,5455,买盘
74,14:51:33,10.91,--,3,3273,买盘
75,14:51:24,10.91,--,62,67642,买盘
76,14:51:18,10.91,0.02,64,69824,买盘
77,14:51:15,10.89,-0.02,104,113256,卖盘
78,14:51:09,10.91,--,4,4364,买盘
79,14:51:06,10.91,--,14,15274,买盘
80,14:51:03,10.91,0.01,6,6546,买盘
81,14:51:00,10.9,--,5,5450,卖盘
82,14:50:48,10.9,--,863,940670,买盘
83,14:50:45,10.9,--,1,1090,买盘
84,14:50:42,10.9,--,32,34880,买盘
85,14:50:39,10.9,--,19,20710,买盘
86,14:50:36,10.9,--,40,43600,买盘
87,14:50:33,10.9,0.01,77,83930,买盘
88,14:50:30,10.89,0.01,20,21780,买盘
89,14:50:27,10.88,-0.01,2,2176,卖盘
90,14:50:24,10.89,--,44,47916,买盘
91,14:50:21,10.89,--,88,95832,买盘
92,14:50:18,10.89,--,4,4356,买盘
93,14:50:15,10.89,--,12,13068,买盘
94,14:50:09,10.89,0.01,10,10890,买盘
95,14:50:06,10.88,-0.01,7,7616,卖盘
96,14:50:03,10.89,0.01,10,10890,卖盘
97,14:49:57,10.88,-0.01,40,43520,卖盘
98,14:49:54,10.89,--,10,10890,买盘
99,14:49:51,10.89,--,86,93654,买盘
100,14:49:48,10.89,0.01,3,3267,买盘
101,14:49:45,10.88,--,27,29376,卖盘
102,14:49:42,10.88,0.01,65,70720,买盘
103,14:49:39,10.87,--,43,46741,卖盘
104,14:49:36,10.87,-0.01,11,11957,卖盘
105,14:49:33,10.88,-0.01,32,34816,中性盘
106,14:49:27,10.89,--,10,10890,买盘
107,14:49:24,10.89,--,145,157905,买盘
108,14:49:21,10.89,0.01,4,4356,买盘
109,14:49:18,10.88,-0.01,16,17408,卖盘
110,14:49:15,10.89,0.01,15,16335,买盘
111,14:49:12,10.88,-0.01,7,7616,卖盘
112,14:49:09,10.89,--,65,70785,买盘
113,14:49:06,10.89,0.01,2,2178,买盘
114,14:49:03,10.88,-0.01,101,109888,卖盘
115,14:48:57,10.89,--,4,4356,买盘
116,14:48:54,10.89,--,3,3267,买盘
117,14:48:45,10.89,0.01,4,4356,买盘
118,14:48:39,10.88,--,37,40256,卖盘
119,14:48:36,10.88,-0.01,19,20672,中性盘
120,14:48:30,10.89,--,33,35937,买盘
121,14:48:27,10.89,0.01,109,118701,买盘
122,14:48:24,10.88,0.01,36,39168,买盘
123,14:48:21,10.87,-0.01,6,6521,中性盘
124,14:48:18,10.88,0.02,47,51136,买盘
125,14:48:15,10.86,--,146,158556,卖盘
126,14:48:12,10.86,--,12,13032,卖盘
127,14:48:09,10.86,-0.01,16,17376,卖盘
128,14:48:06,10.87,--,91,98917,买盘
129,14:48:03,10.87,0.01,63,68481,买盘
130,14:48:00,10.86,--,150,162900,卖盘
131,14:47:57,10.86,--,21,22806,卖盘
132,14:47:54,10.86,-0.01,3,3258,卖盘
133,14:47:51,10.87,0.01,24,26087,买盘
134,14:47:48,10.86,--,10,10860,卖盘
135,14:47:45,10.86,-0.01,12,13032,卖盘
136,14:47:39,10.87,-0.01,144,156528,中性盘
137,14:47:33,10.88,0.01,145,157760,买盘
138,14:47:30,10.87,0.01,92,100004,买盘
139,14:47:27,10.86,-0.01,57,61902,卖盘
140,14:47:24,10.87,--,201,218486,买盘
141,14:47:21,10.87,--,31,33697,买盘
142,14:47:18,10.87,--,15,16304,买盘
143,14:47:15,10.87,--,1,1087,买盘
144,14:47:12,10.87,-0.01,147,159789,卖盘
145,14:47:09,10.88,--,114,124032,买盘
146,14:47:06,10.88,0.01,2,2176,买盘
147,14:47:03,10.87,--,76,82612,买盘
148,14:46:57,10.87,0.01,122,132614,买盘
149,14:46:54,10.86,--,7,7602,卖盘
150,14:46:51,10.86,-0.01,10,10860,卖盘
151,14:46:48,10.87,--,40,43480,买盘
152,14:46:45,10.87,0.01,2,2174,买盘
153,14:46:42,10.86,--,15,16290,卖盘
154,14:46:36,10.86,0.01,34,36924,买盘
155,14:46:33,10.85,--,73,79205,卖盘
156,14:46:30,10.85,--,13,14105,卖盘
157,14:46:27,10.85,--,154,167090,卖盘
158,14:46:24,10.85,-0.01,180,195300,卖盘
159,14:46:21,10.86,0.01,29,31494,买盘
160,14:46:18,10.85,--,9,9765,卖盘
161,14:46:15,10.85,--,14,15190,卖盘
162,14:46:12,10.85,--,241,261506,卖盘
163,14:46:09,10.85,--,18,19530,卖盘
164,14:46:06,10.85,--,18,19530,卖盘
165,14:46:03,10.85,-0.01,20,21700,卖盘
166,14:46:00,10.86,--,15,16290,买盘
167,14:45:57,10.86,0.01,77,83622,买盘
168,14:45:54,10.85,--,48,52080,卖盘
169,14:45:48,10.85,-0.01,900,976500,卖盘
170,14:45:45,10.86,-0.01,104,112944,卖盘
171,14:45:42,10.87,--,7,7608,买盘
172,14:45:39,10.87,0.01,30,32609,买盘
173,14:45:36,10.86,-0.01,393,426798,卖盘
174,14:45:33,10.87,--,16,17392,买盘
175,14:45:27,10.87,--,5,5435,买盘
176,14:45:24,10.87,--,25,27174,买盘
177,14:45:21,10.87,--,28,30435,买盘
178,14:45:18,10.87,--,19,20653,买盘
179,14:45:15,10.87,--,35,38045,买盘
180,14:45:12,10.87,0.01,105,114134,买盘
181,14:45:09,10.86,-0.01,60,65160,卖盘
182,14:45:06,10.87,0.01,28,30435,买盘
183,14:45:03,10.86,-0.01,3,3258,卖盘
184,14:45:00,10.87,-0.01,433,470670,卖盘
185,14:44:57,10.88,--,1,1088,买盘
186,14:44:54,10.88,0.01,5,5440,买盘
187,14:44:51,10.87,-0.01,27,29348,卖盘
188,14:44:48,10.88,0.01,80,87040,买盘
189,14:44:45,10.87,--,201,218486,卖盘
190,14:44:42,10.87,--,65,70655,卖盘
191,14:44:39,10.87,-0.01,14,15217,卖盘
192,14:44:36,10.88,--,10,10880,买盘
193,14:44:33,10.88,--,56,61994,卖盘
194,14:44:30,10.88,--,53,57664,卖盘
195,14:44:27,10.88,--,15,16320,卖盘
196,14:44:24,10.88,-0.01,136,147968,卖盘
197,14:44:21,10.89,0.01,14,15246,买盘
198,14:44:18,10.88,-0.01,91,99008,卖盘
199,14:44:15,10.89,0.01,118,128502,买盘
200,14:44:12,10.88,-0.01,41,44608,卖盘
201,14:44:09,10.89,--,19,20691,买盘
202,14:44:06,10.89,0.01,27,29403,买盘
203,14:44:03,10.88,-0.01,1357,1476416,卖盘
204,14:44:00,10.89,0.01,46,50094,买盘
205,14:43:57,10.88,-0.01,63,68544,卖盘
206,14:43:54,10.89,--,50,54450,买盘
207,14:43:51,10.89,--,115,125235,买盘
208,14:43:48,10.89,--,18,19602,买盘
209,14:43:45,10.89,0.01,12,13068,买盘
210,14:43:42,10.88,-0.01,3,3264,卖盘
211,14:43:39,10.89,--,1,1089,中性盘
212,14:43:33,10.89,0.01,21,22869,中性盘
213,14:43:30,10.88,-0.02,26,28288,卖盘
214,14:43:27,10.9,--,4,4360,买盘
215,14:43:24,10.9,--,4,4360,买盘
216,14:43:21,10.9,0.01,27,29430,买盘
217,14:43:18,10.89,--,38,41382,卖盘
218,14:43:12,10.89,--,4,4356,卖盘
219,14:43:09,10.89,-0.01,3,3267,卖盘
220,14:43:06,10.9,--,17,18530,买盘
221,14:43:03,10.9,--,32,34880,买盘
222,14:43:00,10.9,--,4,4360,买盘
223,14:42:54,10.9,0.01,1,1090,买盘
224,14:42:51,10.89,--,24,26136,卖盘
225,14:42:48,10.89,-0.01,887,965943,卖盘
226,14:42:45,10.9,--,73,79570,买盘
227,14:42:33,10.9,0.01,17,18530,买盘
228,14:42:30,10.89,--,12,13068,卖盘
229,14:42:27,10.89,-0.01,4,4356,卖盘
230,14:42:24,10.9,0.01,25,27250,买盘
231,14:42:21,10.89,--,30,32670,卖盘
232,14:42:18,10.89,--,312,339768,卖盘
233,14:42:15,10.89,--,59,64251,卖盘
234,14:42:12,10.89,--,17,18513,卖盘
235,14:42:09,10.89,-0.01,3,3267,卖盘
236,14:42:06,10.9,0.01,129,140610,买盘
237,14:42:03,10.89,--,5,5445,卖盘
238,14:42:00,10.89,--,26,28314,卖盘
239,14:41:57,10.89,--,6,6534,卖盘
240,14:41:54,10.89,-0.01,10,10890,卖盘
241,14:41:51,10.9,0.01,201,219090,买盘
242,14:41:48,10.89,-0.01,21,22869,卖盘
243,14:41:45,10.9,0.01,2,2180,买盘
244,14:41:42,10.89,-0.01,2,2178,卖盘
245,14:41:39,10.9,0.01,4,4360,买盘
246,14:41:36,10.89,-0.01,1,1089,卖盘
247,14:41:33,10.9,0.01,6,6540,买盘
248,14:41:30,10.89,-0.01,106,115434,卖盘
249,14:41:27,10.9,-0.01,59,64310,卖盘
250,14:41:24,10.91,--,11,12001,买盘
251,14:41:21,10.91,0.01,29,31639,买盘
252,14:41:18,10.9,-0.01,62,67580,卖盘
253,14:41:15,10.91,0.01,32,34912,买盘
254,14:41:12,10.9,--,11,11990,中性盘
255,14:41:09,10.9,--,4,4360,买盘
256,14:41:06,10.9,-0.01,11,11990,卖盘
257,14:41:03,10.91,0.01,67,73097,买盘
258,14:41:00,10.9,--,82,89380,卖盘
259,14:40:54,10.9,-0.01,12,13080,卖盘
260,14:40:51,10.91,0.01,17,18547,买盘
261,14:40:48,10.9,-0.01,31,33790,卖盘
262,14:40:45,10.91,--,39,42549,买盘
263,14:40:39,10.91,0.01,2,2182,买盘
264,14:40:33,10.9,--,6,6540,卖盘
265,14:40:27,10.9,-0.01,1,1090,卖盘
266,14:40:24,10.91,0.01,2,2182,买盘
267,14:40:18,10.9,--,32,34880,卖盘
268,14:40:15,10.9,--,54,58860,卖盘
269,14:40:12,10.9,-0.01,18,19620,卖盘
270,14:40:09,10.91,--,4,4364,买盘
271,14:40:06,10.91,0.01,14,15274,买盘
272,14:40:03,10.9,-0.01,7,7630,卖盘
273,14:40:00,10.91,0.01,47,51277,买盘
274,14:39:57,10.9,-0.01,90,98100,卖盘
275,14:39:54,10.91,0.01,69,75279,买盘
276,14:39:51,10.9,--,247,269230,卖盘
277,14:39:48,10.9,-0.01,35,38150,卖盘
278,14:39:45,10.91,--,9,9819,买盘
279,14:39:33,10.91,0.01,8,8728,买盘
280,14:39:30,10.9,-0.01,22,23980,卖盘
281,14:39:27,10.91,0.01,19,20729,买盘
282,14:39:24,10.9,--,48,52320,卖盘
283,14:39:21,10.9,--,3,3270,卖盘
284,14:39:18,10.9,-0.01,92,100280,卖盘
285,14:39:15,10.91,0.01,7,7637,买盘
286,14:39:12,10.9,-0.01,1,1090,卖盘
287,14:39:09,10.91,0.01,31,33821,买盘
288,14:39:06,10.9,--,15,16350,卖盘
289,14:39:03,10.9,--,27,29430,卖盘
290,14:39:00,10.9,-0.01,16,17440,卖盘
291,14:38:54,10.91,0.01,12,13092,买盘
292,14:38:51,10.9,--,281,306290,卖盘
293,14:38:48,10.9,-0.01,19,20710,卖盘
294,14:38:45,10.91,--,19,20729,买盘
295,14:38:42,10.91,--,7,7637,买盘
296,14:38:39,10.91,0.01,40,43640,买盘
297,14:38:36,10.9,--,10,10900,卖盘
298,14:38:33,10.9,--,53,57770,卖盘
299,14:38:27,10.9,-0.01,7,7630,卖盘
300,14:38:24,10.91,--,50,54550,买盘
301,14:38:21,10.91,0.01,12,13092,买盘
302,14:38:18,10.9,-0.01,9,9810,卖盘
303,14:38:12,10.91,0.01,28,30548,买盘
304,14:38:09,10.9,--,32,34880,卖盘
305,14:38:06,10.9,-0.01,37,40330,卖盘
306,14:38:03,10.91,0.01,17,18547,买盘
307,14:37:57,10.9,-0.01,10,10900,卖盘
308,14:37:54,10.91,--,11,12001,买盘
309,14:37:45,10.91,0.01,14,15274,买盘
310,14:37:42,10.9,--,4,4360,卖盘
311,14:37:36,10.9,--,19,20710,卖盘
312,14:37:33,10.9,--,3,3270,卖盘
313,14:37:30,10.9,-0.01,6,6540,卖盘
314,14:37:24,10.91,0.02,2,2182,买盘
315,14:37:21,10.89,--,1,1089,卖盘
316,14:37:15,10.89,--,24,26136,卖盘
317,14:37:12,10.89,-0.02,4,4356,卖盘
318,14:37:09,10.91,--,75,81825,买盘
319,14:37:06,10.91,--,35,38185,买盘
320,14:36:51,10.91,--,9,9819,买盘
321,14:36:48,10.91,--,30,32730,买盘
322,14:36:45,10.91,--,9,9819,买盘
323,14:36:42,10.91,0.01,1,1091,买盘
324,14:36:36,10.9,-0.01,8,8720,卖盘
325,14:36:33,10.91,--,8,8728,买盘
326,14:36:27,10.91,--,26,28366,买盘
327,14:36:24,10.91,--,2,2182,买盘
328,14:36:18,10.91,--,48,52368,买盘
329,14:36:15,10.91,0.02,7,7637,买盘
330,14:36:12,10.89,-0.02,34,37026,卖盘
331,14:36:09,10.91,--,84,91644,买盘
332,14:36:06,10.91,0.01,66,72006,买盘
333,14:36:03,10.9,-0.01,48,52320,卖盘
334,14:36:00,10.91,0.01,8,8728,买盘
335,14:35:51,10.9,-0.01,60,65400,卖盘
336,14:35:45,10.91,--,1,1091,买盘
337,14:35:42,10.91,--,58,63278,买盘
338,14:35:39,10.91,--,107,116737,买盘
339,14:35:33,10.91,0.01,1,1091,买盘
340,14:35:30,10.9,-0.01,53,57770,卖盘
341,14:35:27,10.91,--,24,26184,买盘
342,14:35:24,10.91,--,4,4364,买盘
343,14:35:21,10.91,0.01,108,117828,买盘
344,14:35:18,10.9,-0.01,16,17440,卖盘
345,14:35:09,10.91,0.01,18,19638,买盘
346,14:35:06,10.9,-0.01,41,44690,卖盘
347,14:35:03,10.91,0.01,15,16365,买盘
348,14:34:57,10.9,-0.01,14,15260,卖盘
349,14:34:51,10.91,0.01,1,1091,买盘
350,14:34:48,10.9,-0.01,2,2180,卖盘
351,14:34:45,10.91,--,11,12001,买盘
352,14:34:42,10.91,--,20,21820,买盘
353,14:34:39,10.91,0.01,4,4364,买盘
354,14:34:36,10.9,--,55,59950,卖盘
355,14:34:33,10.9,--,40,43600,卖盘
356,14:34:30,10.9,--,40,43600,卖盘
357,14:34:27,10.9,-0.01,10,10900,卖盘
358,14:34:24,10.91,--,48,52368,买盘
359,14:34:21,10.91,0.01,1,1091,买盘
360,14:34:18,10.9,--,5,5450,卖盘
361,14:34:12,10.9,--,15,16350,卖盘
362,14:34:09,10.9,--,21,22890,卖盘
363,14:34:06,10.9,--,56,61040,卖盘
364,14:34:03,10.9,-0.01,14,15260,卖盘
365,14:33:57,10.91,--,5,5455,买盘
366,14:33:51,10.91,0.01,2,2182,买盘
367,14:33:48,10.9,-0.01,3,3270,卖盘
368,14:33:45,10.91,0.01,8,8728,买盘
369,14:33:42,10.9,--,21,22890,卖盘
370,14:33:33,10.9,--,29,31610,卖盘
371,14:33:24,10.9,--,3,3270,卖盘
372,14:33:18,10.9,-0.01,4,4360,卖盘
373,14:33:15,10.91,--,126,137466,买盘
374,14:33:12,10.91,0.01,1,1091,买盘
375,14:33:09,10.9,--,20,21800,卖盘
376,14:33:06,10.9,--,17,18530,卖盘
377,14:33:03,10.9,--,4,4360,卖盘
378,14:33:00,10.9,--,95,103571,买盘
379,14:32:57,10.9,--,69,75210,买盘
380,14:32:54,10.9,--,101,110090,买盘
381,14:32:48,10.9,0.01,50,54500,买盘
382,14:32:45,10.89,--,7,7623,卖盘
383,14:32:42,10.89,--,50,54450,卖盘
384,14:32:39,10.89,-0.01,7,7623,卖盘
385,14:32:36,10.9,0.01,27,29430,买盘
386,14:32:33,10.89,-0.01,36,39204,卖盘
387,14:32:30,10.9,0.01,232,252880,买盘
388,14:32:27,10.89,-0.01,8,8712,卖盘
389,14:32:24,10.9,0.01,59,64310,买盘
390,14:32:21,10.89,-0.01,7,7623,卖盘
391,14:32:15,10.9,--,137,149330,买盘
392,14:32:12,10.9,--,39,42510,买盘
393,14:32:09,10.9,0.01,22,23980,买盘
394,14:32:06,10.89,-0.01,49,53361,卖盘
395,14:32:03,10.9,0.02,71,77390,买盘
396,14:32:00,10.88,--,14,15232,卖盘
397,14:31:57,10.88,--,103,112064,卖盘
398,14:31:54,10.88,-0.01,48,52224,卖盘
399,14:31:51,10.89,0.01,7,7623,买盘
400,14:31:48,10.88,--,27,29376,卖盘
401,14:31:45,10.88,-0.01,20,21760,卖盘
402,14:31:42,10.89,--,50,54450,买盘
403,14:31:39,10.89,--,44,47916,买盘
404,14:31:33,10.89,--,12,13068,买盘
405,14:31:30,10.89,-0.01,304,331056,卖盘
406,14:31:27,10.9,--,122,132980,买盘
407,14:31:24,10.9,0.01,18,19620,买盘
408,14:31:21,10.89,--,11,11979,卖盘
409,14:31:18,10.89,-0.01,10,10890,卖盘
410,14:31:15,10.9,--,1,1090,买盘
411,14:31:12,10.9,--,13,14170,买盘
412,14:31:09,10.9,--,1713,1868238,卖盘
413,14:31:06,10.9,--,321,349890,卖盘
414,14:31:03,10.9,-0.01,23,25070,卖盘
415,14:31:00,10.91,--,58,63278,买盘
416,14:30:51,10.91,--,24,26184,买盘
417,14:30:45,10.91,--,23,25093,买盘
418,14:30:42,10.91,0.01,33,36003,买盘
419,14:30:39,10.9,--,17,18530,卖盘
420,14:30:36,10.9,-0.01,66,71940,卖盘
421,14:30:33,10.91,0.01,16,17456,买盘
422,14:30:30,10.9,--,12,13080,卖盘
423,14:30:27,10.9,-0.01,43,46870,卖盘
424,14:30:24,10.91,0.01,1,1091,买盘
425,14:30:21,10.9,-0.01,95,103550,卖盘
426,14:30:18,10.91,--,10,10910,买盘
427,14:30:15,10.91,0.01,5,5455,买盘
428,14:30:12,10.9,--,2,2180,卖盘
429,14:30:09,10.9,--,41,44690,卖盘
430,14:30:06,10.9,-0.01,38,41420,卖盘
431,14:30:03,10.91,--,32,34912,买盘
432,14:30:00,10.91,--,31,33821,买盘
433,14:29:57,10.91,0.01,34,37094,买盘
434,14:29:51,10.9,--,1,1090,卖盘
435,14:29:45,10.9,--,206,224561,卖盘
436,14:29:42,10.9,-0.02,133,144970,卖盘
437,14:29:39,10.92,--,1,1092,买盘
438,14:29:36,10.92,--,7,7644,买盘
439,14:29:33,10.92,0.02,51,55692,买盘
440,14:29:30,10.9,-0.01,9,9810,卖盘
441,14:29:27,10.91,--,28,30548,买盘
442,14:29:24,10.91,-0.01,11,12295,卖盘
443,14:29:21,10.92,0.01,12,13104,买盘
444,14:29:18,10.91,--,50,54550,卖盘
445,14:29:15,10.91,--,84,91644,卖盘
446,14:29:12,10.91,-0.01,36,39276,卖盘
447,14:29:09,10.92,0.01,1,1092,买盘
448,14:29:06,10.91,--,17,18547,卖盘
449,14:29:03,10.91,-0.01,27,29457,卖盘
450,14:29:00,10.92,--,16,17472,买盘
451,14:28:57,10.92,--,1,1092,买盘
452,14:28:54,10.92,0.01,44,48048,买盘
453,14:28:51,10.91,--,45,49095,卖盘
454,14:28:48,10.91,-0.01,56,61096,卖盘
455,14:28:45,10.92,0.01,5,5460,买盘
456,14:28:42,10.91,--,40,43640,卖盘
457,14:28:39,10.91,--,230,250930,卖盘
458,14:28:36,10.91,--,287,313117,卖盘
459,14:28:33,10.91,--,107,116737,卖盘
460,14:28:30,10.91,-0.01,50,54550,卖盘
461,14:28:27,10.92,--,18,19656,买盘
462,14:28:24,10.92,--,1,1092,买盘
463,14:28:21,10.92,--,9,9828,买盘
464,14:28:18,10.92,--,2,2184,买盘
465,14:28:09,10.92,0.01,12,13104,买盘
466,14:28:06,10.91,-0.01,19,20729,卖盘
467,14:28:03,10.92,--,1,1092,买盘
468,14:28:00,10.92,--,22,24024,买盘
469,14:27:57,10.92,--,2,2184,买盘
470,14:27:54,10.92,--,198,216216,买盘
471,14:27:51,10.92,0.01,1,1092,买盘
472,14:27:48,10.91,--,12,13092,卖盘
473,14:27:45,10.91,--,27,29457,卖盘
474,14:27:42,10.91,-0.01,20,21820,卖盘
475,14:27:39,10.92,--,11,12012,买盘
476,14:27:33,10.92,0.01,24,26208,买盘
477,14:27:30,10.91,--,5,5455,卖盘
478,14:27:27,10.91,--,2,2182,卖盘
479,14:27:24,10.91,--,30,32730,卖盘
480,14:27:21,10.91,--,1,1091,卖盘
481,14:27:18,10.91,-0.01,3,3273,卖盘
482,14:27:15,10.92,0.01,9,9828,买盘
483,14:27:09,10.91,--,34,37094,卖盘
484,14:27:06,10.91,--,22,24002,卖盘
485,14:27:03,10.91,-0.02,782,853162,卖盘
486,14:27:00,10.93,--,1,1093,买盘
487,14:26:57,10.93,--,8,8744,买盘
488,14:26:54,10.93,0.01,36,39348,买盘
489,14:26:51,10.92,--,4,4368,卖盘
490,14:26:48,10.92,--,11,12012,卖盘
491,14:26:45,10.92,--,15,16380,卖盘
492,14:26:39,10.92,--,33,36036,卖盘
493,14:26:36,10.92,-0.02,51,55692,卖盘
494,14:26:33,10.94,0.01,146,159724,买盘
495,14:26:27,10.93,-0.01,52,56836,卖盘
496,14:26:24,10.94,0.01,24,26256,买盘
497,14:26:21,10.93,--,12,13116,卖盘
498,14:26:15,10.93,--,3,3279,卖盘
499,14:26:12,10.93,-0.01,9,9837,卖盘
500,14:26:09,10.94,--,22,24068,买盘
501,14:26:06,10.94,-0.01,8,8752,中性盘
502,14:25:57,10.95,--,16,17520,买盘
503,14:25:54,10.95,0.02,36,39420,买盘
504,14:25:51,10.93,-0.02,33,36069,卖盘
505,14:25:48,10.95,0.02,55,60224,买盘
506,14:25:45,10.93,0.01,7,7651,买盘
507,14:25:42,10.92,-0.01,200,218400,卖盘
508,14:25:39,10.93,--,1,1093,买盘
509,14:25:36,10.93,--,6,6558,买盘
510,14:25:33,10.93,--,14,15302,买盘
511,14:25:27,10.93,--,26,28418,买盘
512,14:25:24,10.93,0.01,3,3279,买盘
513,14:25:21,10.92,--,18,19656,卖盘
514,14:25:18,10.92,--,29,31668,卖盘
515,14:25:15,10.92,--,40,43680,卖盘
516,14:25:12,10.92,-0.01,12,13104,卖盘
517,14:25:09,10.93,--,12,13116,买盘
518,14:25:06,10.93,--,47,51371,买盘
519,14:25:03,10.93,--,1,1093,买盘
520,14:24:57,10.93,--,16,17488,买盘
521,14:24:51,10.93,--,48,52464,买盘
522,14:24:45,10.93,--,3,3279,买盘
523,14:24:39,10.93,--,33,36069,买盘
524,14:24:36,10.93,--,4,4372,买盘
525,14:24:33,10.93,--,50,54650,卖盘
526,14:24:27,10.93,-0.02,4,4372,卖盘
527,14:24:24,10.95,0.02,24,26280,买盘
528,14:24:21,10.93,--,1,1093,卖盘
529,14:24:18,10.93,--,3,3279,卖盘
530,14:24:15,10.93,-0.02,2,2186,卖盘
531,14:24:12,10.95,--,53,58034,买盘
532,14:24:09,10.95,--,3,3285,买盘
533,14:24:06,10.95,0.02,8,8760,买盘
534,14:24:03,10.93,-0.02,3,3279,卖盘
535,14:24:00,10.95,0.02,4,4380,买盘
536,14:23:57,10.93,-0.01,29,31697,卖盘
537,14:23:54,10.94,0.01,42,45948,买盘
538,14:23:51,10.93,--,14,15302,卖盘
539,14:23:48,10.93,-0.01,5,5465,卖盘
540,14:23:45,10.94,--,20,21880,买盘
541,14:23:39,10.94,--,16,17504,买盘
542,14:23:36,10.94,0.01,24,26256,买盘
543,14:23:33,10.93,-0.01,9,9837,卖盘
544,14:23:30,10.94,--,1,1094,买盘
545,14:23:27,10.94,--,16,17504,买盘
546,14:23:24,10.94,--,3,3282,买盘
547,14:23:21,10.94,--,34,37196,买盘
548,14:23:18,10.94,0.01,1,1094,买盘
549,14:23:12,10.93,--,26,28418,卖盘
550,14:23:09,10.93,--,6,6558,卖盘
551,14:23:06,10.93,--,8,8744,卖盘
552,14:23:03,10.93,-0.01,12,13116,卖盘
553,14:23:00,10.94,--,1,1094,买盘
554,14:22:57,10.94,--,16,17504,买盘
555,14:22:54,10.94,--,21,22974,买盘
556,14:22:48,10.94,--,31,33914,买盘
557,14:22:45,10.94,--,16,17504,买盘
558,14:22:42,10.94,--,7,7658,买盘
559,14:22:39,10.94,--,1,1094,买盘
560,14:22:36,10.94,--,26,28444,买盘
561,14:22:33,10.94,--,25,27350,买盘
562,14:22:30,10.94,--,8,8752,买盘
563,14:22:27,10.94,--,6,6564,买盘
564,14:22:24,10.94,--,24,26256,买盘
565,14:22:15,10.94,0.02,1,1094,买盘
566,14:22:12,10.92,-0.02,26,28392,卖盘
567,14:22:09,10.94,--,3,3282,买盘
568,14:22:06,10.94,0.01,3,3282,买盘
569,14:22:03,10.93,-0.01,4,4372,卖盘
570,14:22:00,10.94,0.01,7,7658,买盘
571,14:21:57,10.93,-0.01,22,24046,卖盘
572,14:21:51,10.94,0.01,34,37196,买盘
573,14:21:48,10.93,-0.01,3,3279,卖盘
574,14:21:45,10.94,--,4,4376,买盘
575,14:21:39,10.94,--,4,4376,买盘
576,14:21:36,10.94,--,7,7658,买盘
577,14:21:33,10.94,0.01,40,43760,买盘
578,14:21:30,10.93,-0.01,2,2186,中性盘
579,14:21:27,10.94,--,21,22974,买盘
580,14:21:24,10.94,--,11,12034,买盘
581,14:21:21,10.94,0.02,4,4376,买盘
582,14:21:18,10.92,-0.01,3,3276,卖盘
583,14:21:15,10.93,0.01,4,4372,买盘
584,14:21:12,10.92,-0.02,8,8736,卖盘
585,14:21:09,10.94,--,9,9846,买盘
586,14:21:06,10.94,0.02,4,4376,买盘
587,14:21:03,10.92,-0.02,5,5460,卖盘
588,14:21:00,10.94,--,1,1094,买盘
589,14:20:57,10.94,0.02,6,6564,买盘
590,14:20:54,10.92,-0.02,4,4368,卖盘
591,14:20:51,10.94,--,25,27350,买盘
592,14:20:48,10.94,0.01,49,53606,买盘
593,14:20:45,10.93,--,2,2186,买盘
594,14:20:42,10.93,0.01,7,7651,中性盘
595,14:20:36,10.92,--,21,22932,卖盘
596,14:20:33,10.92,-0.03,6,6552,卖盘
597,14:20:30,10.95,0.03,17,18615,买盘
598,14:20:27,10.92,-0.03,4,4368,卖盘
599,14:20:24,10.95,0.01,45,49275,买盘
600,14:20:21,10.94,0.02,4,4376,中性盘
601,14:20:18,10.92,-0.02,805,879060,卖盘
602,14:20:15,10.94,0.01,6,6564,买盘
603,14:20:12,10.93,--,12,13116,卖盘
604,14:20:09,10.93,-0.02,2,2186,卖盘
605,14:20:06,10.95,0.02,30,32850,买盘
606,14:20:03,10.93,--,14,15302,卖盘
607,14:20:00,10.93,0.01,3,3279,中性盘
608,14:19:57,10.92,-0.03,20,21840,卖盘
609,14:19:51,10.95,0.03,18,19710,买盘
610,14:19:48,10.92,--,155,169260,卖盘
611,14:19:45,10.92,--,7,7644,卖盘
612,14:19:39,10.92,--,30,32760,卖盘
613,14:19:36,10.92,-0.03,7,7644,卖盘
614,14:19:33,10.95,--,12,13140,买盘
615,14:19:27,10.95,0.02,32,35040,买盘
616,14:19:24,10.93,-0.02,31,33883,卖盘
617,14:19:21,10.95,--,25,27375,买盘
618,14:19:18,10.95,0.02,17,18615,买盘
619,14:19:15,10.93,--,1,1093,卖盘
620,14:19:12,10.93,--,4,4372,卖盘
621,14:19:09,10.93,-0.01,1,1093,卖盘
622,14:19:06,10.94,--,12,13128,买盘
623,14:19:03,10.94,0.01,1,1094,中性盘
624,14:19:00,10.93,-0.01,11,12023,卖盘
625,14:18:54,10.94,--,1,1094,卖盘
626,14:18:51,10.94,0.01,18,20096,买盘
627,14:18:48,10.93,-0.02,2,2186,买盘
628,14:18:45,10.95,0.02,168,183960,买盘
629,14:18:42,10.93,0.01,8,8744,买盘
630,14:18:39,10.92,-0.03,4,4368,卖盘
631,14:18:36,10.95,0.02,2,2190,买盘
632,14:18:33,10.93,-0.02,4,4372,卖盘
633,14:18:30,10.95,--,17,18615,买盘
634,14:18:27,10.95,--,28,30659,买盘
635,14:18:24,10.95,--,3,3285,买盘
636,14:18:21,10.95,--,11,12045,买盘
637,14:18:18,10.95,--,8,8760,买盘
638,14:18:15,10.95,0.02,3,3285,买盘
639,14:18:12,10.93,0.01,17,18581,买盘
640,14:18:09,10.92,-0.03,8,8736,卖盘
641,14:18:06,10.95,--,8,8760,买盘
642,14:18:00,10.95,--,1,1095,买盘
643,14:17:57,10.95,0.03,5,5475,中性盘
644,14:17:48,10.92,-0.04,3,3276,卖盘
645,14:17:45,10.96,--,31,33976,买盘
646,14:17:42,10.96,0.03,123,134808,买盘
647,14:17:39,10.93,-0.02,57,62301,卖盘
648,14:17:36,10.95,--,10,10950,买盘
649,14:17:30,10.95,--,7,7664,买盘
650,14:17:27,10.95,--,27,29564,买盘
651,14:17:24,10.95,0.02,9,9855,买盘
652,14:17:21,10.93,--,31,33883,卖盘
653,14:17:18,10.93,-0.02,15,16395,卖盘
654,14:17:15,10.95,0.02,1,1095,买盘
655,14:17:09,10.93,-0.02,8,8744,卖盘
656,14:17:06,10.95,0.01,5,5475,买盘
657,14:17:03,10.94,-0.01,10,10940,中性盘
658,14:17:00,10.95,0.02,151,165345,买盘
659,14:16:54,10.93,-0.02,3,3279,卖盘
660,14:16:51,10.95,--,5,5475,买盘
661,14:16:48,10.95,0.01,18,19710,买盘
662,14:16:45,10.94,--,153,167382,买盘
663,14:16:42,10.94,0.01,38,41572,买盘
664,14:16:39,10.93,-0.01,122,133346,卖盘
665,14:16:30,10.94,0.01,4,4376,买盘
666,14:16:27,10.93,-0.01,5,5465,卖盘
667,14:16:24,10.94,0.01,138,150972,买盘
668,14:16:21,10.93,-0.01,1,1093,卖盘
669,14:16:18,10.94,--,35,38290,买盘
670,14:16:15,10.94,0.01,18,19692,买盘
671,14:16:09,10.93,-0.01,14,15302,卖盘
672,14:16:06,10.94,--,104,113776,买盘
673,14:16:03,10.94,0.01,104,113776,买盘
674,14:16:00,10.93,-0.01,23,25139,卖盘
675,14:15:57,10.94,0.02,1,1094,买盘
676,14:15:54,10.92,-0.01,53,57876,卖盘
677,14:15:51,10.93,--,8,8744,买盘
678,14:15:48,10.93,--,41,44813,买盘
679,14:15:45,10.93,--,52,56836,买盘
680,14:15:42,10.93,--,20,21860,买盘
681,14:15:39,10.93,0.01,32,34976,中性盘
682,14:15:36,10.92,-0.02,122,133224,卖盘
683,14:15:33,10.94,--,12,13128,买盘
684,14:15:24,10.94,--,1,1094,买盘
685,14:15:21,10.94,--,30,32820,买盘
686,14:15:18,10.94,--,2,2188,买盘
687,14:15:15,10.94,--,19,20786,买盘
688,14:15:12,10.94,0.01,1,1094,买盘
689,14:15:09,10.93,--,39,42627,卖盘
690,14:15:06,10.93,--,11,12023,卖盘
691,14:15:03,10.93,--,86,93998,卖盘
692,14:15:00,10.93,-0.01,51,55743,卖盘
693,14:14:57,10.94,0.01,9,9846,买盘
694,14:14:51,10.93,-0.01,35,38255,卖盘
695,14:14:48,10.94,0.01,1,1094,买盘
696,14:14:45,10.93,-0.01,57,62301,卖盘
697,14:14:42,10.94,0.01,31,33914,买盘
698,14:14:39,10.93,-0.01,4,4372,卖盘
699,14:14:36,10.94,0.01,33,36102,买盘
700,14:14:33,10.93,-0.01,134,146462,卖盘
701,14:14:24,10.94,0.01,166,181604,买盘
702,14:14:21,10.93,--,11,12023,卖盘
703,14:14:18,10.93,-0.01,6,6558,卖盘
704,14:14:15,10.94,0.01,3,3282,买盘
705,14:14:09,10.93,-0.01,5,5465,卖盘
706,14:14:06,10.94,-0.01,9,9846,卖盘
707,14:14:03,10.95,0.01,7,7664,买盘
708,14:13:54,10.94,--,55,60170,卖盘
709,14:13:48,10.94,-0.02,3,3282,卖盘
710,14:13:45,10.96,0.02,60,65760,买盘
711,14:13:42,10.94,-0.01,119,130186,卖盘
712,14:13:36,10.95,--,29,31754,买盘
713,14:13:30,10.95,--,147,160965,买盘
714,14:13:24,10.95,0.02,7,7664,买盘
715,14:13:21,10.93,--,1,1093,卖盘
716,14:13:18,10.93,-0.02,2,2186,卖盘
717,14:13:15,10.95,0.02,8,8760,买盘
718,14:13:12,10.93,--,36,39348,卖盘
719,14:13:09,10.93,-0.01,16,17488,卖盘
720,14:13:06,10.94,0.01,4,4376,中性盘
721,14:13:00,10.93,-0.01,21,22953,卖盘
722,14:12:57,10.94,--,17,18598,卖盘
723,14:12:54,10.94,--,16,17504,卖盘
724,14:12:51,10.94,0.02,2,2188,卖盘
725,14:12:48,10.92,-0.03,794,867048,卖盘
726,14:12:45,10.95,0.01,70,76650,买盘
727,14:12:39,10.94,--,1,1094,买盘
728,14:12:36,10.94,-0.01,17,18598,中性盘
729,14:12:33,10.95,--,37,40515,买盘
730,14:12:27,10.95,--,126,137970,买盘
731,14:12:24,10.95,--,51,55845,买盘
732,14:12:18,10.95,0.01,2,2190,买盘
733,14:12:15,10.94,--,10,10940,卖盘
734,14:12:09,10.94,--,16,17504,中性盘
735,14:12:06,10.94,0.01,8,8752,中性盘
736,14:12:03,10.93,-0.02,3,3279,卖盘
737,14:12:00,10.95,--,1,1095,买盘
738,14:11:54,10.95,0.02,2,2190,买盘
739,14:11:51,10.93,-0.02,2,2186,卖盘
740,14:11:45,10.95,0.01,2,2190,买盘
741,14:11:42,10.94,-0.01,11,12034,卖盘
742,14:11:36,10.95,0.02,28,30659,买盘
743,14:11:33,10.93,-0.02,4,4372,卖盘
744,14:11:30,10.95,--,35,38325,买盘
745,14:11:24,10.95,0.01,123,134685,买盘
746,14:11:21,10.94,--,1,1094,卖盘
747,14:11:09,10.94,--,7,7658,卖盘
748,14:11:06,10.94,--,6,6564,卖盘
749,14:11:03,10.94,-0.02,5,5470,卖盘
750,14:11:00,10.96,0.02,1,1096,买盘
751,14:10:57,10.94,-0.02,100,109400,卖盘
752,14:10:48,10.96,--,1,1096,买盘
753,14:10:45,10.96,0.02,1,1096,买盘
754,14:10:42,10.94,-0.02,14,15316,卖盘
755,14:10:39,10.96,--,2,2192,买盘
756,14:10:36,10.96,0.03,17,18632,买盘
757,14:10:33,10.93,-0.02,1,1093,卖盘
758,14:10:30,10.95,0.01,34,37230,买盘
759,14:10:27,10.94,--,10,10940,买盘
760,14:10:24,10.94,--,2,2188,买盘
761,14:10:21,10.94,0.01,132,144408,买盘
762,14:10:18,10.93,-0.01,7,7651,卖盘
763,14:10:15,10.94,--,12,13128,卖盘
764,14:10:09,10.94,-0.02,11,12034,卖盘
765,14:10:06,10.96,0.02,15,16440,买盘
766,14:10:03,10.94,0.01,59,64546,中性盘
767,14:09:51,10.93,-0.01,6,6558,卖盘
768,14:09:48,10.94,-0.01,1,1094,卖盘
769,14:09:45,10.95,--,2,2190,买盘
770,14:09:42,10.95,--,1,1095,买盘
771,14:09:36,10.95,--,5,5475,买盘
772,14:09:33,10.95,--,19,20805,买盘
773,14:09:27,10.95,--,63,68985,买盘
774,14:09:24,10.95,0.01,1,1095,买盘
775,14:09:21,10.94,--,4,4376,卖盘
776,14:09:18,10.94,-0.01,2,2188,卖盘
777,14:09:15,10.95,0.01,286,313170,买盘
778,14:09:09,10.94,-0.01,5,5470,卖盘
779,14:09:06,10.95,0.01,11,12045,买盘
780,14:09:03,10.94,-0.01,2,2188,卖盘
781,14:09:00,10.95,0.01,1,1095,买盘
782,14:08:57,10.94,-0.01,3,3282,卖盘
783,14:08:54,10.95,--,1,1095,买盘
784,14:08:51,10.95,--,2,2190,买盘
785,14:08:48,10.95,--,1,1095,买盘
786,14:08:45,10.95,--,2,2190,买盘
787,14:08:36,10.95,--,5,5475,买盘
788,14:08:33,10.95,--,27,29564,买盘
789,14:08:30,10.95,--,1,1095,买盘
790,14:08:27,10.95,0.01,42,45990,买盘
791,14:08:24,10.94,--,7,7658,买盘
792,14:08:21,10.94,--,10,10940,买盘
793,14:08:18,10.94,--,62,67828,买盘
794,14:08:15,10.94,--,1,1094,买盘
795,14:08:12,10.94,0.01,12,13128,买盘
796,14:08:09,10.93,--,31,33883,卖盘
797,14:08:06,10.93,--,46,50278,卖盘
798,14:08:03,10.93,--,5,5465,卖盘
799,14:08:00,10.93,-0.01,29,31697,中性盘
800,14:07:57,10.94,0.02,30,32820,买盘
801,14:07:54,10.92,-0.02,5,5460,卖盘
802,14:07:45,10.94,--,3,3282,买盘
803,14:07:39,10.94,0.02,35,38290,买盘
804,14:07:36,10.92,-0.02,4,4368,卖盘
805,14:07:33,10.94,--,16,17504,买盘
806,14:07:27,10.94,--,34,37196,买盘
807,14:07:24,10.94,--,7,7658,买盘
808,14:07:21,10.94,--,37,40478,买盘
809,14:07:18,10.94,--,8,8752,买盘
810,14:07:15,10.94,0.02,12,13128,买盘
811,14:07:12,10.92,0.01,8,8736,买盘
812,14:07:09,10.91,-0.01,8,8728,卖盘
813,14:07:06,10.92,--,36,39312,买盘
814,14:07:03,10.92,-0.02,64,69888,卖盘
815,14:07:00,10.94,--,11,12034,买盘
816,14:06:57,10.94,--,21,22974,买盘
817,14:06:51,10.94,0.03,51,55794,买盘
818,14:06:48,10.91,-0.03,1356,1479396,卖盘
819,14:06:45,10.94,0.01,1,1094,买盘
820,14:06:42,10.93,-0.01,3,3279,卖盘
821,14:06:39,10.94,--,7,7658,买盘
822,14:06:30,10.94,--,15,16410,买盘
823,14:06:27,10.94,--,45,49230,买盘
824,14:06:24,10.94,--,2,2188,买盘
825,14:06:21,10.94,0.01,27,29538,买盘
826,14:06:18,10.93,-0.01,16,17488,卖盘
827,14:06:15,10.94,--,22,24068,买盘
828,14:06:09,10.94,0.01,5,5470,买盘
829,14:06:06,10.93,--,6,6558,卖盘
830,14:06:03,10.93,--,47,51371,买盘
831,14:06:00,10.93,--,1,1093,买盘
832,14:05:57,10.93,--,2,2186,买盘
833,14:05:54,10.93,0.01,41,44813,买盘
834,14:05:51,10.92,-0.01,3,3276,卖盘
835,14:05:48,10.93,--,23,25139,买盘
836,14:05:45,10.93,0.01,1,1093,买盘
837,14:05:42,10.92,-0.01,3,3276,卖盘
838,14:05:39,10.93,0.01,10,10930,买盘
839,14:05:36,10.92,-0.01,153,167076,卖盘
840,14:05:33,10.93,--,14,15302,买盘
841,14:05:30,10.93,--,45,49185,买盘
842,14:05:27,10.93,--,9,9837,买盘
843,14:05:24,10.93,0.01,2,2186,买盘
844,14:05:21,10.92,--,8,8736,卖盘
845,14:05:18,10.92,--,8,8736,卖盘
846,14:05:12,10.92,--,64,69888,卖盘
847,14:05:09,10.92,-0.01,13,14196,卖盘
848,14:05:06,10.93,0.01,5,5465,买盘
849,14:05:03,10.92,--,7,7644,卖盘
850,14:04:57,10.92,-0.01,3,3276,卖盘
851,14:04:54,10.93,--,60,65580,买盘
852,14:04:51,10.93,-0.01,433,473269,卖盘
853,14:04:45,10.94,0.01,3,3282,买盘
854,14:04:39,10.93,--,53,57929,卖盘
855,14:04:30,10.93,--,18,19674,卖盘
856,14:04:27,10.93,-0.01,42,45906,卖盘
857,14:04:24,10.94,--,33,36102,买盘
858,14:04:18,10.94,--,11,12034,买盘
859,14:04:15,10.94,--,22,24068,买盘
860,14:04:12,10.94,--,20,21880,买盘
861,14:04:09,10.94,--,23,25162,买盘
862,14:04:06,10.94,0.01,2,2188,买盘
863,14:04:03,10.93,-0.02,55,60115,卖盘
864,14:04:00,10.95,--,1,1095,买盘
865,14:03:57,10.95,--,12,13140,买盘
866,14:03:54,10.95,--,14,15329,买盘
867,14:03:51,10.95,--,3,3285,买盘
868,14:03:48,10.95,--,20,21900,买盘
869,14:03:45,10.95,--,12,13140,买盘
870,14:03:42,10.95,0.01,13,14234,买盘
871,14:03:39,10.94,--,6,6564,卖盘
872,14:03:36,10.94,-0.01,3,3282,卖盘
873,14:03:30,10.95,--,3,3285,买盘
874,14:03:27,10.95,--,26,28469,买盘
875,14:03:24,10.95,--,2,2190,买盘
876,14:03:21,10.95,0.02,785,859575,买盘
877,14:03:18,10.93,-0.01,67,73231,卖盘
878,14:03:15,10.94,-0.01,10,10940,卖盘
879,14:03:12,10.95,0.01,1,1095,买盘
880,14:03:09,10.94,-0.01,13,14222,卖盘
881,14:03:06,10.95,0.02,1,1095,买盘
882,14:03:03,10.93,--,11,12023,卖盘
883,14:03:00,10.93,-0.01,46,50278,卖盘
884,14:02:57,10.94,0.01,11,12034,买盘
885,14:02:54,10.93,-0.02,4,4372,卖盘
886,14:02:51,10.95,--,20,21900,买盘
887,14:02:45,10.95,0.02,29,31754,买盘
888,14:02:42,10.93,-0.01,4,4372,卖盘
889,14:02:39,10.94,--,20,21880,卖盘
890,14:02:36,10.94,--,33,36102,买盘
891,14:02:30,10.94,--,13,14222,买盘
892,14:02:27,10.94,--,38,41572,买盘
893,14:02:24,10.94,--,272,297568,买盘
894,14:02:21,10.94,0.01,29,31726,买盘
895,14:02:18,10.93,--,105,114765,卖盘
896,14:02:15,10.93,-0.01,9,9837,卖盘
897,14:02:12,10.94,0.01,1,1094,买盘
898,14:02:09,10.93,-0.01,58,63394,卖盘
899,14:02:06,10.94,--,5,5470,买盘
900,14:02:03,10.94,0.01,34,37196,买盘
901,14:02:00,10.93,--,4,4372,卖盘
902,14:01:57,10.93,--,23,25139,卖盘
903,14:01:54,10.93,--,1,1093,卖盘
904,14:01:48,10.93,-0.01,5,5465,卖盘
905,14:01:45,10.94,--,22,24068,买盘
906,14:01:42,10.94,--,15,16410,买盘
907,14:01:36,10.94,--,8,8752,买盘
908,14:01:33,10.94,--,13,14222,买盘
909,14:01:30,10.94,--,5,5470,买盘
910,14:01:27,10.94,-0.01,193,211142,卖盘
911,14:01:24,10.95,--,6,6570,买盘
912,14:01:21,10.95,0.01,29,31754,买盘
913,14:01:18,10.94,--,44,48136,卖盘
914,14:01:12,10.94,--,98,107212,卖盘
915,14:01:09,10.94,-0.01,15,16410,卖盘
916,14:01:06,10.95,--,3,3285,买盘
917,14:01:03,10.95,--,14,15329,买盘
918,14:01:00,10.95,--,4,4380,买盘
919,14:00:54,10.95,0.01,99,108405,买盘
920,14:00:48,10.94,--,1,1094,买盘
921,14:00:45,10.94,--,22,24068,买盘
922,14:00:42,10.94,--,65,71110,买盘
923,14:00:39,10.94,--,7,7658,买盘
924,14:00:36,10.94,0.01,17,18598,买盘
925,14:00:33,10.93,-0.01,70,76510,卖盘
926,14:00:30,10.94,--,3,3282,买盘
927,14:00:24,10.94,--,39,42666,买盘
928,14:00:21,10.94,0.01,20,21880,买盘
929,14:00:18,10.93,--,40,43720,卖盘
930,14:00:15,10.93,-0.01,6,6558,卖盘
931,14:00:12,10.94,0.01,7,7658,买盘
932,14:00:09,10.93,-0.01,5,5465,卖盘
933,14:00:06,10.94,--,2,2188,买盘
934,14:00:03,10.94,--,126,137844,买盘
935,14:00:00,10.94,--,53,57982,买盘
936,13:59:57,10.94,--,101,110494,买盘
937,13:59:51,10.94,--,2,2188,买盘
938,13:59:48,10.94,--,16,17504,买盘
939,13:59:45,10.94,0.01,21,22974,买盘
940,13:59:36,10.93,-0.01,3,3279,卖盘
941,13:59:33,10.94,--,1,1094,买盘
942,13:59:24,10.94,--,86,94084,买盘
943,13:59:21,10.94,-0.01,3,3282,买盘
944,13:59:18,10.95,--,79,86505,买盘
945,13:59:15,10.95,0.01,31,33945,买盘
946,13:59:12,10.94,-0.01,6,6564,卖盘
947,13:59:09,10.95,--,20,21900,买盘
948,13:59:06,10.95,0.01,5,5475,买盘
949,13:59:03,10.94,-0.01,71,77674,卖盘
950,13:59:00,10.95,--,6,6570,买盘
951,13:58:57,10.95,--,25,27375,买盘
952,13:58:54,10.95,--,7,7664,买盘
953,13:58:51,10.95,--,16,17520,买盘
954,13:58:48,10.95,--,15,16425,买盘
955,13:58:45,10.95,0.01,2,2190,买盘
956,13:58:42,10.94,-0.01,4,4376,卖盘
957,13:58:39,10.95,0.01,41,44895,买盘
958,13:58:33,10.94,-0.01,7,7658,卖盘
959,13:58:27,10.95,--,1,1095,买盘
960,13:58:24,10.95,0.01,8,8760,买盘
961,13:58:21,10.94,--,53,57982,卖盘
962,13:58:18,10.94,-0.01,16,17504,卖盘
963,13:58:12,10.95,0.01,34,37230,买盘
964,13:58:09,10.94,--,13,14222,卖盘
965,13:58:06,10.94,-0.01,10,10940,卖盘
966,13:58:03,10.95,0.01,8,8760,买盘
967,13:58:00,10.94,0.01,170,185980,买盘
968,13:57:57,10.93,-0.01,22,24046,卖盘
969,13:57:54,10.94,0.01,34,37196,买盘
970,13:57:51,10.93,-0.01,62,67766,卖盘
971,13:57:48,10.94,--,30,32820,买盘
972,13:57:45,10.94,--,2,2188,买盘
973,13:57:42,10.94,0.01,15,16410,买盘
974,13:57:36,10.93,-0.01,558,609894,卖盘
975,13:57:33,10.94,--,11,12034,买盘
976,13:57:30,10.94,--,1,1094,买盘
977,13:57:27,10.94,--,7,7658,买盘
978,13:57:24,10.94,--,5,5470,买盘
979,13:57:21,10.94,0.01,62,67828,买盘
980,13:57:18,10.93,-0.01,32,34976,卖盘
981,13:57:15,10.94,--,24,26256,买盘
982,13:57:12,10.94,--,7,7658,买盘
983,13:57:09,10.94,--,35,38290,买盘
984,13:57:06,10.94,--,38,41572,买盘
985,13:57:03,10.94,0.01,4,4376,买盘
986,13:57:00,10.93,--,15,16395,卖盘
987,13:56:57,10.93,-0.01,5,5465,卖盘
988,13:56:45,10.94,--,9,9846,买盘
989,13:56:42,10.94,0.01,119,130186,买盘
990,13:56:39,10.93,--,26,28418,卖盘
991,13:56:30,10.93,-0.01,10,10930,卖盘
992,13:56:27,10.94,--,56,61264,买盘
993,13:56:24,10.94,--,28,30632,买盘
994,13:56:21,10.94,0.01,24,26256,买盘
995,13:56:15,10.93,--,20,21860,卖盘
996,13:56:12,10.93,--,256,279808,卖盘
997,13:56:09,10.93,--,13,14209,卖盘
998,13:56:06,10.93,--,11,12023,卖盘
999,13:56:03,10.93,-0.01,336,367248,卖盘
1000,13:56:00,10.94,--,1,1094,买盘
1001,13:55:57,10.94,0.01,253,276782,中性盘
1002,13:55:51,10.93,--,0,797,卖盘
1003,13:55:48,10.93,-0.01,59,64487,卖盘
1004,13:55:45,10.94,-0.01,24,26256,中性盘
1005,13:55:42,10.95,0.02,22,24090,买盘
1006,13:55:39,10.93,--,46,50278,卖盘
1007,13:55:36,10.93,-0.02,18,19674,卖盘
1008,13:55:33,10.95,0.01,68,74460,买盘
1009,13:55:30,10.94,0.01,101,110494,买盘
1010,13:55:27,10.93,-0.02,10,10930,卖盘
1011,13:55:24,10.95,--,2,2190,买盘
1012,13:55:21,10.95,0.02,35,38325,买盘
1013,13:55:18,10.93,-0.01,27,29511,卖盘
1014,13:55:15,10.94,0.01,1,1094,买盘
1015,13:55:12,10.93,-0.01,3,3279,卖盘
1016,13:55:09,10.94,--,41,44854,买盘
1017,13:55:06,10.94,0.01,13,14222,买盘
1018,13:55:03,10.93,--,10,10930,卖盘
1019,13:55:00,10.93,-0.01,6,6558,卖盘
1020,13:54:57,10.94,0.01,1,1094,买盘
1021,13:54:54,10.93,-0.01,3,3279,卖盘
1022,13:54:51,10.94,-0.01,10,10940,中性盘
1023,13:54:48,10.95,0.02,42,45990,买盘
1024,13:54:45,10.93,--,7,7651,卖盘
1025,13:54:42,10.93,--,307,335551,卖盘
1026,13:54:39,10.93,--,15,16395,卖盘
1027,13:54:36,10.93,-0.01,251,274343,卖盘
1028,13:54:33,10.94,--,85,92990,买盘
1029,13:54:30,10.94,0.01,1,1094,买盘
1030,13:54:27,10.93,-0.01,162,177066,卖盘
1031,13:54:24,10.94,--,9,9846,买盘
1032,13:54:21,10.94,0.01,56,61264,买盘
1033,13:54:18,10.93,-0.01,22,24046,卖盘
1034,13:54:15,10.94,--,14,15316,买盘
1035,13:54:12,10.94,0.01,17,18598,买盘
1036,13:54:09,10.93,-0.01,17,18581,卖盘
1037,13:54:06,10.94,--,223,243962,买盘
1038,13:54:03,10.94,--,11,12034,买盘
1039,13:54:00,10.94,--,10,10940,买盘
1040,13:53:57,10.94,--,8,8752,买盘
1041,13:53:54,10.94,0.01,23,25162,买盘
1042,13:53:51,10.93,-0.01,11,12023,卖盘
1043,13:53:48,10.94,--,40,43760,买盘
1044,13:53:45,10.94,--,12,13128,买盘
1045,13:53:42,10.94,--,21,22974,买盘
1046,13:53:36,10.94,0.01,53,57982,买盘
1047,13:53:33,10.93,--,1,1093,卖盘
1048,13:53:30,10.93,--,10,10930,卖盘
1049,13:53:27,10.93,--,15,16395,卖盘
1050,13:53:24,10.93,-0.01,46,50278,卖盘
1051,13:53:18,10.94,--,27,29538,买盘
1052,13:53:15,10.94,-0.02,51,56089,卖盘
1053,13:53:12,10.96,0.02,19,20824,买盘
1054,13:53:09,10.94,-0.02,2,2188,卖盘
1055,13:53:06,10.96,--,30,32880,买盘
1056,13:53:00,10.96,0.02,12,13152,买盘
1057,13:52:57,10.94,-0.02,759,830346,卖盘
1058,13:52:54,10.96,-0.01,2,2192,中性盘
1059,13:52:45,10.97,0.01,59,64723,买盘
1060,13:52:42,10.96,0.02,1,1096,买盘
1061,13:52:36,10.94,--,3,3282,卖盘
1062,13:52:30,10.94,--,18,19692,卖盘
1063,13:52:27,10.94,-0.02,2,2188,卖盘
1064,13:52:24,10.96,-0.01,1,1096,中性盘
1065,13:52:18,10.97,0.01,18,19746,买盘
1066,13:52:15,10.96,--,4,4384,买盘
1067,13:52:12,10.96,0.02,17,18632,买盘
1068,13:52:09,10.94,--,18,19692,卖盘
1069,13:52:06,10.94,-0.02,43,47042,卖盘
1070,13:52:03,10.96,--,8,8768,买盘
1071,13:51:57,10.96,--,6,6576,买盘
1072,13:51:48,10.96,0.02,11,12056,买盘
1073,13:51:45,10.94,-0.01,112,122528,卖盘
1074,13:51:39,10.95,--,5,5475,卖盘
1075,13:51:36,10.95,--,21,22995,买盘
1076,13:51:33,10.95,--,1,1095,买盘
1077,13:51:24,10.95,0.01,7,7664,买盘
1078,13:51:18,10.94,--,6,6564,卖盘
1079,13:51:12,10.94,--,18,19692,卖盘
1080,13:51:09,10.94,--,18,19692,卖盘
1081,13:51:06,10.94,-0.01,7,7658,卖盘
1082,13:51:03,10.95,-0.02,42,45990,卖盘
1083,13:51:00,10.97,0.03,1,1097,买盘
1084,13:50:57,10.94,--,5,5470,卖盘
1085,13:50:54,10.94,-0.03,30,32820,卖盘
1086,13:50:45,10.97,--,2,2194,买盘
1087,13:50:42,10.97,0.03,50,54850,买盘
1088,13:50:39,10.94,-0.03,72,78768,卖盘
1089,13:50:36,10.97,0.03,10,10970,买盘
1090,13:50:33,10.94,-0.03,58,63452,卖盘
1091,13:50:30,10.97,0.03,1,1097,买盘
1092,13:50:27,10.94,-0.03,101,110494,卖盘
1093,13:50:24,10.97,0.03,24,26328,买盘
1094,13:50:21,10.94,-0.03,46,50324,卖盘
1095,13:50:18,10.97,--,2,2194,买盘
1096,13:50:15,10.97,0.03,32,35104,买盘
1097,13:50:12,10.94,--,8,8752,卖盘
1098,13:50:09,10.94,-0.03,86,94084,卖盘
1099,13:50:06,10.97,--,3,3291,买盘
1100,13:50:03,10.97,0.02,90,98730,买盘
1101,13:50:00,10.95,--,15,16425,买盘
1102,13:49:57,10.95,--,1,1095,买盘
1103,13:49:54,10.95,--,10,10950,买盘
1104,13:49:48,10.95,-0.02,13,14234,卖盘
1105,13:49:45,10.97,--,6,6582,买盘
1106,13:49:42,10.97,--,6,6582,买盘
1107,13:49:33,10.97,0.03,61,66917,买盘
1108,13:49:30,10.94,-0.01,30,32820,卖盘
1109,13:49:24,10.95,0.01,25,27375,买盘
1110,13:49:21,10.94,--,3,3282,卖盘
1111,13:49:18,10.94,-0.01,7,7658,卖盘
1112,13:49:15,10.95,--,8,8760,买盘
1113,13:49:12,10.95,0.01,3,3285,买盘
1114,13:49:09,10.94,--,27,29538,卖盘
1115,13:49:06,10.94,-0.01,48,52512,卖盘
1116,13:49:03,10.95,0.01,31,33945,中性盘
1117,13:48:57,10.94,-0.03,6,6564,卖盘
1118,13:48:48,10.97,--,8,8776,买盘
1119,13:48:45,10.97,0.03,26,28522,买盘
1120,13:48:39,10.94,--,10,10940,卖盘
1121,13:48:33,10.94,-0.03,10,10940,卖盘
1122,13:48:27,10.97,--,4,4388,买盘
1123,13:48:24,10.97,0.03,9,9873,买盘
1124,13:48:21,10.94,--,15,16410,卖盘
1125,13:48:18,10.94,-0.03,6,6564,卖盘
1126,13:48:12,10.97,0.03,15,16455,买盘
1127,13:48:09,10.94,-0.01,5,5470,卖盘
1128,13:48:06,10.95,-0.02,4,4380,中性盘
1129,13:48:03,10.97,--,38,41686,买盘
1130,13:47:54,10.97,--,1,1097,买盘
1131,13:47:51,10.97,0.02,9,9873,买盘
1132,13:47:48,10.95,-0.02,95,104025,卖盘
1133,13:47:45,10.97,--,3,3291,买盘
1134,13:47:36,10.97,--,5,5485,买盘
1135,13:47:30,10.97,--,1,1097,买盘
1136,13:47:27,10.97,--,1,1097,买盘
1137,13:47:24,10.97,0.02,483,529851,买盘
1138,13:47:21,10.95,--,2,2190,卖盘
1139,13:47:18,10.95,-0.01,4,4380,卖盘
1140,13:47:15,10.96,0.01,28,30688,买盘
1141,13:47:09,10.95,--,9,9855,卖盘
1142,13:47:06,10.95,--,32,35040,卖盘
1143,13:47:03,10.95,-0.01,1,1095,中性盘
1144,13:47:00,10.96,0.01,170,186320,买盘
1145,13:46:57,10.95,--,1,1095,买盘
1146,13:46:51,10.95,--,14,15329,买盘
1147,13:46:48,10.95,-0.01,28,30659,买盘
1148,13:46:45,10.96,0.01,758,830768,买盘
1149,13:46:42,10.95,--,69,75555,卖盘
1150,13:46:36,10.95,--,21,22995,买盘
1151,13:46:33,10.95,--,12,13140,买盘
1152,13:46:30,10.95,-0.01,11,12045,买盘
1153,13:46:27,10.96,--,1,1096,买盘
1154,13:46:24,10.96,--,6,6576,买盘
1155,13:46:21,10.96,0.01,137,150152,买盘
1156,13:46:18,10.95,--,1,1095,买盘
1157,13:46:15,10.95,--,11,12045,买盘
1158,13:46:12,10.95,-0.01,12,13140,卖盘
1159,13:46:09,10.96,0.01,13,14248,买盘
1160,13:46:06,10.95,0.01,30,32850,中性盘
1161,13:46:03,10.94,-0.01,60,65640,卖盘
1162,13:46:00,10.95,--,41,44895,买盘
1163,13:45:57,10.95,--,1,1095,买盘
1164,13:45:54,10.95,0.01,19,20805,买盘
1165,13:45:48,10.94,-0.01,110,120340,卖盘
1166,13:45:45,10.95,--,3,3285,买盘
1167,13:45:42,10.95,--,137,150015,买盘
1168,13:45:36,10.95,--,4,4380,买盘
1169,13:45:30,10.95,--,1,1095,买盘
1170,13:45:27,10.95,--,8,8760,买盘
1171,13:45:24,10.95,0.01,6,6570,买盘
1172,13:45:18,10.94,-0.01,17,18598,卖盘
1173,13:45:15,10.95,0.01,14,15329,买盘
1174,13:45:12,10.94,--,44,48136,卖盘
1175,13:45:09,10.94,--,2,2188,卖盘
1176,13:45:06,10.94,-0.01,32,35008,卖盘
1177,13:45:03,10.95,--,2,2190,买盘
1178,13:45:00,10.95,--,31,33945,卖盘
1179,13:44:57,10.95,-0.01,9,9855,卖盘
1180,13:44:54,10.96,0.01,30,32880,买盘
1181,13:44:48,10.95,-0.01,1,1095,卖盘
1182,13:44:45,10.96,--,2,2192,买盘
1183,13:44:36,10.96,0.01,4,4384,买盘
1184,13:44:30,10.95,-0.01,9,9855,卖盘
1185,13:44:24,10.96,0.01,33,36168,买盘
1186,13:44:18,10.95,--,9,9855,买盘
1187,13:44:15,10.95,-0.01,16,17520,卖盘
1188,13:44:12,10.96,0.01,12,13152,买盘
1189,13:44:09,10.95,--,4,4380,卖盘
1190,13:44:06,10.95,-0.01,16,17520,卖盘
1191,13:44:03,10.96,0.01,61,66856,买盘
1192,13:44:00,10.95,-0.01,3,3285,卖盘
1193,13:43:57,10.96,--,1,1096,买盘
1194,13:43:51,10.96,0.01,30,32880,买盘
1195,13:43:48,10.95,-0.01,1,1095,卖盘
1196,13:43:45,10.96,--,2,2192,买盘
1197,13:43:42,10.96,--,1,1096,买盘
1198,13:43:39,10.96,0.01,50,54800,买盘
1199,13:43:33,10.95,0.01,5,5475,中性盘
1200,13:43:30,10.94,-0.01,897,981318,卖盘
1201,13:43:27,10.95,-0.01,7,7664,卖盘
1202,13:43:24,10.96,0.01,9,9864,买盘
1203,13:43:21,10.95,-0.01,14,15329,卖盘
1204,13:43:18,10.96,--,61,66856,买盘
1205,13:43:15,10.96,0.01,7,7672,买盘
1206,13:43:12,10.95,--,2,2190,卖盘
1207,13:43:09,10.95,-0.01,10,10950,卖盘
1208,13:43:06,10.96,0.01,40,43840,买盘
1209,13:43:03,10.95,-0.01,20,21900,卖盘
1210,13:43:00,10.96,0.01,5,5480,买盘
1211,13:42:57,10.95,-0.01,52,56939,卖盘
1212,13:42:54,10.96,--,7,7672,买盘
1213,13:42:51,10.96,0.01,30,32880,买盘
1214,13:42:48,10.95,-0.01,15,16425,卖盘
1215,13:42:45,10.96,--,1,1096,买盘
1216,13:42:42,10.96,--,1,1096,买盘
1217,13:42:39,10.96,--,24,26304,买盘
1218,13:42:36,10.96,--,5,5480,买盘
1219,13:42:27,10.96,--,51,55896,买盘
1220,13:42:24,10.96,0.01,30,32880,买盘
1221,13:42:15,10.95,--,22,24090,买盘
1222,13:42:12,10.95,--,10,10950,买盘
1223,13:42:09,10.95,-0.01,1,1095,中性盘
1224,13:42:06,10.96,-0.01,7,7672,卖盘
1225,13:42:03,10.97,--,26,28522,买盘
1226,13:42:00,10.97,0.01,55,60335,买盘
1227,13:41:57,10.96,-0.01,18,19728,卖盘
1228,13:41:54,10.97,0.01,31,34007,买盘
1229,13:41:51,10.96,0.02,36,39456,买盘
1230,13:41:45,10.94,-0.02,20,21880,卖盘
1231,13:41:39,10.96,0.02,1,1096,买盘
1232,13:41:36,10.94,-0.02,1,1094,卖盘
1233,13:41:33,10.96,0.01,57,62472,买盘
1234,13:41:27,10.95,--,53,58034,买盘
1235,13:41:24,10.95,--,12,13140,买盘
1236,13:41:21,10.95,--,16,17520,买盘
1237,13:41:18,10.95,-0.01,365,399675,卖盘
1238,13:41:15,10.96,-0.01,5,5480,中性盘
1239,13:41:09,10.97,0.01,53,58141,买盘
1240,13:41:06,10.96,-0.01,7,7672,中性盘
1241,13:41:03,10.97,--,4,4388,买盘
1242,13:41:00,10.97,--,126,138222,买盘
1243,13:40:57,10.97,--,4,4388,买盘
1244,13:40:54,10.97,--,10,10970,买盘
1245,13:40:51,10.97,0.01,30,32910,买盘
1246,13:40:48,10.96,-0.01,3,3288,卖盘
1247,13:40:45,10.97,--,1,1097,买盘
1248,13:40:42,10.97,0.01,1,1097,买盘
1249,13:40:39,10.96,--,25,27400,卖盘
1250,13:40:36,10.96,--,56,61376,买盘
1251,13:40:30,10.96,-0.01,31,33976,卖盘
1252,13:40:27,10.97,0.01,1,1097,买盘
1253,13:40:24,10.96,--,20,21920,卖盘
1254,13:40:21,10.96,-0.01,16,17536,卖盘
1255,13:40:15,10.97,--,3,3291,买盘
1256,13:40:12,10.97,0.01,111,121767,买盘
1257,13:40:09,10.96,--,2,2192,卖盘
1258,13:40:06,10.96,-0.01,3,3288,卖盘
1259,13:40:03,10.97,--,57,62529,买盘
1260,13:40:00,10.97,0.01,3,3291,买盘
1261,13:39:57,10.96,--,21,23016,买盘
1262,13:39:54,10.96,--,5,5480,买盘
1263,13:39:51,10.96,--,1,1096,买盘
1264,13:39:48,10.96,--,33,36168,买盘
1265,13:39:45,10.96,0.01,83,90968,买盘
1266,13:39:42,10.95,-0.01,13,14234,卖盘
1267,13:39:39,10.96,--,11,12056,买盘
1268,13:39:36,10.96,--,1,1096,买盘
1269,13:39:30,10.96,-0.01,70,76720,卖盘
1270,13:39:24,10.97,--,3,3291,买盘
1271,13:39:21,10.97,0.01,101,110797,买盘
1272,13:39:18,10.96,--,28,30688,卖盘
1273,13:39:15,10.96,-0.01,1,1096,卖盘
1274,13:39:12,10.97,0.01,1,1097,买盘
1275,13:39:09,10.96,-0.01,12,13152,卖盘
1276,13:39:06,10.97,--,14,15358,买盘
1277,13:39:00,10.97,0.01,6,6582,买盘
1278,13:38:57,10.96,-0.01,89,97544,卖盘
1279,13:38:54,10.97,--,22,24134,买盘
1280,13:38:51,10.97,--,1,1097,买盘
1281,13:38:48,10.97,--,30,32910,买盘
1282,13:38:45,10.97,--,1,1097,买盘
1283,13:38:39,10.97,0.01,3,3291,买盘
1284,13:38:33,10.96,0.01,21,23016,买盘
1285,13:38:27,10.95,-0.01,3,3285,卖盘
1286,13:38:24,10.96,0.01,9,9864,买盘
1287,13:38:18,10.95,--,9,9855,卖盘
1288,13:38:12,10.95,-0.02,10,10950,卖盘
1289,13:38:09,10.97,--,6,6582,买盘
1290,13:38:06,10.97,--,115,126155,买盘
1291,13:37:57,10.97,--,21,23037,买盘
1292,13:37:51,10.97,--,8,8776,买盘
1293,13:37:45,10.97,--,31,34007,买盘
1294,13:37:42,10.97,0.02,83,91051,买盘
1295,13:37:39,10.95,--,10,10950,卖盘
1296,13:37:36,10.95,-0.02,229,250754,卖盘
1297,13:37:27,10.97,--,1,1097,买盘
1298,13:37:24,10.97,0.02,152,166744,买盘
1299,13:37:18,10.95,-0.02,4,4380,卖盘
1300,13:37:15,10.97,--,105,115185,买盘
1301,13:37:12,10.97,0.02,1,1097,买盘
1302,13:37:09,10.95,-0.02,7,7664,卖盘
1303,13:37:06,10.97,0.02,24,26328,买盘
1304,13:37:00,10.95,-0.02,2,2190,卖盘
1305,13:36:54,10.97,--,3,3291,买盘
1306,13:36:51,10.97,-0.01,215,235855,卖盘
1307,13:36:45,10.98,--,31,34038,买盘
1308,13:36:42,10.98,--,1,1098,买盘
1309,13:36:36,10.98,--,12,13176,买盘
1310,13:36:27,10.98,--,113,124074,买盘
1311,13:36:24,10.98,--,15,16470,买盘
1312,13:36:15,10.98,--,49,53802,卖盘
1313,13:36:12,10.98,--,1,1098,卖盘
1314,13:36:09,10.98,--,7,7686,卖盘
1315,13:36:06,10.98,--,7,7686,卖盘
1316,13:36:03,10.98,--,2,2196,卖盘
1317,13:36:00,10.98,0.01,42,46116,买盘
1318,13:35:57,10.97,-0.01,24,26328,卖盘
1319,13:35:54,10.98,-0.01,25,27450,卖盘
1320,13:35:51,10.99,--,1,1099,买盘
1321,13:35:45,10.99,0.01,36,39564,买盘
1322,13:35:39,10.98,0.01,21,23058,买盘
1323,13:35:36,10.97,--,36,39492,买盘
1324,13:35:27,10.97,-0.01,17,18649,卖盘
1325,13:35:24,10.98,0.01,1,1098,中性盘
1326,13:35:18,10.97,--,4,4388,卖盘
1327,13:35:15,10.97,--,12,13164,卖盘
1328,13:35:12,10.97,--,113,123961,卖盘
1329,13:35:09,10.97,-0.02,16,17552,卖盘
1330,13:35:06,10.99,0.05,16,17584,买盘
1331,13:35:03,10.94,-0.01,54,59076,卖盘
1332,13:35:00,10.95,-0.04,236,258419,卖盘
1333,13:34:54,10.99,--,29,31871,买盘
1334,13:34:51,10.99,0.01,4,4396,买盘
1335,13:34:45,10.98,--,116,127368,卖盘
1336,13:34:42,10.98,0.02,19,20862,买盘
1337,13:34:39,10.96,-0.02,51,55896,卖盘
1338,13:34:36,10.98,-0.01,1,1098,卖盘
1339,13:34:27,10.99,--,1,1099,买盘
1340,13:34:24,10.99,--,2,2198,买盘
1341,13:34:21,10.99,--,87,95613,买盘
1342,13:34:15,10.99,0.01,6,6594,买盘
1343,13:34:12,10.98,--,2,2196,卖盘
1344,13:34:09,10.98,-0.01,2,2196,卖盘
1345,13:34:06,10.99,0.01,1,1099,买盘
1346,13:34:03,10.98,--,2,2196,买盘
1347,13:33:57,10.98,--,87,95526,卖盘
1348,13:33:54,10.98,-0.01,1,1098,卖盘
1349,13:33:51,10.99,0.01,38,41762,买盘
1350,13:33:48,10.98,--,4,4392,卖盘
1351,13:33:45,10.98,-0.01,9,9882,卖盘
1352,13:33:42,10.99,--,24,26376,买盘
1353,13:33:39,10.99,--,34,37366,买盘
1354,13:33:30,10.99,--,106,116494,买盘
1355,13:33:27,10.99,--,1,1099,买盘
1356,13:33:24,10.99,0.01,27,29673,买盘
1357,13:33:21,10.98,--,20,21960,卖盘
1358,13:33:15,10.98,0.02,24,26352,买盘
1359,13:33:12,10.96,--,3,3288,卖盘
1360,13:33:09,10.96,-0.03,2,2192,卖盘
1361,13:33:06,10.99,--,106,116494,买盘
1362,13:33:00,10.99,0.01,1,1099,买盘
1363,13:32:57,10.98,--,1,1098,买盘
1364,13:32:51,10.98,0.03,4,4392,买盘
1365,13:32:48,10.95,-0.03,27,29564,卖盘
1366,13:32:45,10.98,--,2,2196,买盘
1367,13:32:42,10.98,--,115,126270,买盘
1368,13:32:39,10.98,--,1,1098,买盘
1369,13:32:27,10.98,--,2,2196,买盘
1370,13:32:24,10.98,0.04,1,1098,中性盘
1371,13:32:21,10.94,-0.05,754,824876,卖盘
1372,13:32:18,10.99,--,10,10990,买盘
1373,13:32:15,10.99,0.01,113,124824,买盘
1374,13:32:12,10.98,--,18,19764,卖盘
1375,13:32:09,10.98,--,2,2196,卖盘
1376,13:32:06,10.98,--,6,6588,卖盘
1377,13:32:03,10.98,-0.01,51,55998,卖盘
1378,13:32:00,10.99,0.01,12,13188,买盘
1379,13:31:57,10.98,--,5,5490,卖盘
1380,13:31:51,10.98,0.01,81,89399,买盘
1381,13:31:45,10.97,-0.01,68,74596,卖盘
1382,13:31:42,10.98,0.01,16,17568,买盘
1383,13:31:39,10.97,--,33,36201,卖盘
1384,13:31:27,10.97,-0.01,85,93245,卖盘
1385,13:31:24,10.98,0.01,2,2196,买盘
1386,13:31:15,10.97,-0.01,2,2194,卖盘
1387,13:31:09,10.98,--,24,26352,买盘
1388,13:31:06,10.98,0.01,1,1098,买盘
1389,13:31:03,10.97,-0.01,3,3291,卖盘
1390,13:31:00,10.98,--,85,93330,买盘
1391,13:30:57,10.98,--,1,1098,买盘
1392,13:30:51,10.98,--,6,6588,买盘
1393,13:30:48,10.98,--,14,15372,买盘
1394,13:30:45,10.98,--,2,2196,买盘
1395,13:30:42,10.98,0.01,5,5490,买盘
1396,13:30:39,10.97,-0.01,1,1097,卖盘
1397,13:30:36,10.98,0.01,138,151524,买盘
1398,13:30:27,10.97,-0.01,7,7679,卖盘
1399,13:30:24,10.98,0.01,12,13176,买盘
1400,13:30:15,10.97,-0.01,1,1097,卖盘
1401,13:30:12,10.98,--,108,118584,买盘
1402,13:30:09,10.98,0.01,16,17568,买盘
1403,13:30:06,10.97,-0.01,3,3291,卖盘
1404,13:30:03,10.98,0.01,14,15372,买盘
1405,13:30:00,10.97,--,18,19746,卖盘
1406,13:29:51,10.97,--,100,109700,卖盘
1407,13:29:48,10.97,-0.01,7,7679,卖盘
1408,13:29:45,10.98,0.01,7,7686,买盘
1409,13:29:42,10.97,0.01,21,23037,买盘
1410,13:29:39,10.96,-0.01,22,24112,卖盘
1411,13:29:36,10.97,--,20,21940,买盘
1412,13:29:33,10.97,0.01,307,336779,买盘
1413,13:29:30,10.96,0.01,1,1096,买盘
1414,13:29:27,10.95,-0.02,18,19710,卖盘
1415,13:29:24,10.97,0.01,2,2194,买盘
1416,13:29:21,10.96,--,76,83296,买盘
1417,13:29:12,10.96,-0.01,23,25208,卖盘
1418,13:29:09,10.97,0.01,3,3291,买盘
1419,13:29:06,10.96,--,3,3288,卖盘
1420,13:29:00,10.96,-0.01,20,21920,卖盘
1421,13:28:57,10.97,--,21,23037,买盘
1422,13:28:54,10.97,--,120,131640,买盘
1423,13:28:48,10.97,--,1,1097,买盘
1424,13:28:45,10.97,--,2,2194,买盘
1425,13:28:42,10.97,0.01,1,1097,买盘
1426,13:28:39,10.96,--,20,21920,卖盘
1427,13:28:36,10.96,-0.01,20,21920,卖盘
1428,13:28:33,10.97,0.01,28,30716,买盘
1429,13:28:30,10.96,0.01,11,12056,买盘
1430,13:28:27,10.95,-0.01,10,10950,卖盘
1431,13:28:24,10.96,0.01,42,46032,买盘
1432,13:28:21,10.95,--,2,2190,卖盘
1433,13:28:15,10.95,0.01,7,7664,中性盘
1434,13:28:12,10.94,--,1,1094,卖盘
1435,13:28:09,10.94,--,2,2188,卖盘
1436,13:28:06,10.94,-0.01,111,121434,卖盘
1437,13:27:54,10.95,--,1,1095,买盘
1438,13:27:51,10.95,--,1,1095,买盘
1439,13:27:48,10.95,--,40,43800,买盘
1440,13:27:45,10.95,0.01,1,1095,买盘
1441,13:27:42,10.94,-0.01,3,3282,卖盘
1442,13:27:39,10.95,-0.01,160,175200,中性盘
1443,13:27:36,10.96,--,18,19728,买盘
1444,13:27:33,10.96,0.01,43,47128,买盘
1445,13:27:30,10.95,-0.01,16,17520,中性盘
1446,13:27:24,10.96,0.01,25,27400,买盘
1447,13:27:15,10.95,--,590,646050,卖盘
1448,13:27:12,10.95,-0.01,6,6570,卖盘
1449,13:27:09,10.96,0.01,53,58088,买盘
1450,13:27:06,10.95,--,2,2190,卖盘
1451,13:27:03,10.95,-0.01,1,1095,卖盘
1452,13:26:57,10.96,0.01,5,5480,买盘
1453,13:26:51,10.95,-0.01,113,123734,卖盘
1454,13:26:45,10.96,0.01,3,3288,买盘
1455,13:26:42,10.95,-0.02,7,7664,卖盘
1456,13:26:39,10.97,0.02,21,23037,买盘
1457,13:26:36,10.95,-0.02,6,6570,卖盘
1458,13:26:33,10.97,0.01,88,96536,买盘
1459,13:26:27,10.96,--,31,33976,买盘
1460,13:26:24,10.96,0.01,87,95352,买盘
1461,13:26:21,10.95,--,500,547500,卖盘
1462,13:26:15,10.95,--,2,2190,卖盘
1463,13:26:09,10.95,--,43,47085,卖盘
1464,13:26:06,10.95,--,63,68985,卖盘
1465,13:26:00,10.95,-0.03,116,127019,卖盘
1466,13:25:57,10.98,--,10,10980,买盘
1467,13:25:54,10.98,--,100,109800,买盘
1468,13:25:51,10.98,0.03,21,23058,买盘
1469,13:25:48,10.95,-0.01,34,37230,卖盘
1470,13:25:45,10.96,-0.02,11,12056,卖盘
1471,13:25:42,10.98,0.02,16,17568,买盘
1472,13:25:36,10.96,-0.02,96,105216,卖盘
1473,13:25:33,10.98,--,14,15372,买盘
1474,13:25:27,10.98,--,40,43920,买盘
1475,13:25:24,10.98,0.01,2,2196,买盘
1476,13:25:18,10.97,--,1,1097,卖盘
1477,13:25:15,10.97,-0.01,10,10970,卖盘
1478,13:25:12,10.98,0.01,1,1098,买盘
1479,13:25:09,10.97,--,112,122864,卖盘
1480,13:25:06,10.97,--,2,2194,卖盘
1481,13:25:03,10.97,--,4,4388,卖盘
1482,13:24:57,10.97,-0.01,15,16455,卖盘
1483,13:24:45,10.98,--,110,120780,买盘
1484,13:24:39,10.98,0.01,1,1098,买盘
1485,13:24:36,10.97,-0.01,5,5485,卖盘
1486,13:24:30,10.98,--,16,17568,买盘
1487,13:24:27,10.98,--,69,75762,买盘
1488,13:24:24,10.98,0.01,22,24156,买盘
1489,13:24:21,10.97,--,46,50462,买盘
1490,13:24:15,10.97,0.02,12,13164,买盘
1491,13:24:12,10.95,--,3,3285,卖盘
1492,13:24:06,10.95,--,8,8760,卖盘
1493,13:24:03,10.95,--,10,10950,卖盘
1494,13:24:00,10.95,--,10,10950,卖盘
1495,13:23:57,10.95,-0.03,2,2190,卖盘
1496,13:23:54,10.98,0.03,119,130662,买盘
1497,13:23:51,10.95,--,30,32850,卖盘
1498,13:23:48,10.95,-0.03,11,12045,卖盘
1499,13:23:45,10.98,--,1,1098,买盘
1500,13:23:39,10.98,--,1,1098,买盘
1501,13:23:33,10.98,0.03,19,20862,买盘
1502,13:23:30,10.95,0.01,93,101835,买盘
1503,13:23:27,10.94,-0.01,33,36102,卖盘
1504,13:23:24,10.95,0.01,2,2190,买盘
1505,13:23:21,10.94,-0.01,31,33914,卖盘
1506,13:23:18,10.95,-0.03,267,292365,卖盘
1507,13:23:12,10.98,0.01,22,24156,买盘
1508,13:23:09,10.97,--,3,3291,卖盘
1509,13:23:06,10.97,0.02,51,55947,买盘
1510,13:23:00,10.95,--,1,1095,卖盘
1511,13:22:57,10.95,-0.02,9,9855,卖盘
1512,13:22:54,10.97,--,28,30716,买盘
1513,13:22:48,10.97,-0.01,12,13164,中性盘
1514,13:22:45,10.98,--,2,2196,买盘
1515,13:22:42,10.98,0.03,11,12078,买盘
1516,13:22:39,10.95,--,99,108405,卖盘
1517,13:22:36,10.95,--,12,13140,卖盘
1518,13:22:30,10.95,-0.03,19,20805,卖盘
1519,13:22:24,10.98,--,32,35136,买盘
1520,13:22:21,10.98,0.03,4,4392,买盘
1521,13:22:18,10.95,-0.03,7,7664,卖盘
1522,13:22:15,10.98,0.03,88,96624,买盘
1523,13:22:12,10.95,-0.03,82,89790,卖盘
1524,13:22:09,10.98,0.03,3,3294,买盘
1525,13:22:06,10.95,--,3,3285,卖盘
1526,13:22:03,10.95,--,22,24090,卖盘
1527,13:22:00,10.95,--,12,13140,卖盘
1528,13:21:57,10.95,-0.03,3,3285,卖盘
1529,13:21:54,10.98,0.02,3,3294,买盘
1530,13:21:51,10.96,--,91,99736,卖盘
1531,13:21:48,10.96,-0.01,9,9864,卖盘
1532,13:21:45,10.97,--,7,7679,买盘
1533,13:21:39,10.97,--,5,5485,买盘
1534,13:21:30,10.97,0.01,13,14261,买盘
1535,13:21:27,10.96,--,4,4384,卖盘
1536,13:21:24,10.96,--,49,53704,买盘
1537,13:21:21,10.96,0.01,34,37264,买盘
1538,13:21:18,10.95,-0.01,9,9855,卖盘
1539,13:21:15,10.96,--,28,30688,卖盘
1540,13:21:09,10.96,--,3,3288,卖盘
1541,13:21:06,10.96,-0.01,5,5480,卖盘
1542,13:21:00,10.97,--,69,75693,买盘
1543,13:20:57,10.97,0.01,1,1097,买盘
1544,13:20:48,10.96,-0.01,10,10960,卖盘
1545,13:20:45,10.97,--,2,2194,买盘
1546,13:20:39,10.97,--,1,1097,买盘
1547,13:20:36,10.97,--,90,98730,买盘
1548,13:20:27,10.97,0.01,15,16455,买盘
1549,13:20:24,10.96,-0.01,3,3288,卖盘
1550,13:20:21,10.97,0.01,32,35104,买盘
1551,13:20:18,10.96,--,18,19728,卖盘
1552,13:20:15,10.96,-0.01,1,1096,卖盘
1553,13:20:12,10.97,0.02,3,3291,买盘
1554,13:20:09,10.95,--,61,66795,卖盘
1555,13:20:06,10.95,--,7,7664,卖盘
1556,13:20:03,10.95,-0.02,747,817965,卖盘
1557,13:20:00,10.97,-0.02,48,52656,卖盘
1558,13:19:48,10.99,--,11,12089,买盘
1559,13:19:45,10.99,--,91,100009,买盘
1560,13:19:42,10.99,0.01,1,1099,买盘
1561,13:19:39,10.98,-0.01,18,19764,卖盘
1562,13:19:30,10.99,--,2,2198,买盘
1563,13:19:27,10.99,0.02,17,18683,买盘
1564,13:19:24,10.97,-0.02,32,35104,卖盘
1565,13:19:21,10.99,--,90,98910,买盘
1566,13:19:18,10.99,--,31,34069,买盘
1567,13:19:12,10.99,0.02,2,2198,买盘
1568,13:19:09,10.97,--,18,19746,卖盘
1569,13:19:06,10.97,--,5,5485,卖盘
1570,13:18:57,10.97,-0.02,4,4388,卖盘
1571,13:18:54,10.99,--,90,98910,买盘
1572,13:18:45,10.99,--,2,2198,买盘
1573,13:18:42,10.99,--,1,1099,买盘
1574,13:18:39,10.99,--,23,25277,买盘
1575,13:18:30,10.99,--,88,96712,买盘
1576,13:18:24,10.99,--,6,6594,买盘
1577,13:18:21,10.99,0.03,16,17584,买盘
1578,13:18:18,10.96,-0.03,40,43840,卖盘
1579,13:18:15,10.99,0.03,11,12089,买盘
1580,13:18:12,10.96,--,3,3288,卖盘
1581,13:18:09,10.96,--,1,1096,卖盘
1582,13:18:06,10.96,--,98,107408,卖盘
1583,13:17:57,10.96,--,3,3288,卖盘
1584,13:17:54,10.96,--,2,2192,卖盘
1585,13:17:51,10.96,--,1,1096,卖盘
1586,13:17:48,10.96,-0.03,7,7672,卖盘
1587,13:17:45,10.99,--,1,1099,买盘
1588,13:17:39,10.99,0.03,111,121989,买盘
1589,13:17:30,10.96,-0.03,141,154536,卖盘
1590,13:17:27,10.99,--,26,28574,买盘
1591,13:17:24,10.99,--,21,23079,买盘
1592,13:17:21,10.99,--,1,1099,买盘
1593,13:17:18,10.99,0.03,28,30772,买盘
1594,13:17:15,10.96,-0.03,73,80008,卖盘
1595,13:17:09,10.99,0.03,2,2198,买盘
1596,13:17:06,10.96,--,4,4384,卖盘
1597,13:17:00,10.96,-0.03,7,7672,卖盘
1598,13:16:54,10.99,--,4,4396,买盘
1599,13:16:51,10.99,--,92,101108,买盘
1600,13:16:45,10.99,--,2,2198,买盘
1601,13:16:42,10.99,0.03,11,12089,买盘
1602,13:16:39,10.96,--,6,6576,卖盘
1603,13:16:36,10.96,--,12,13152,卖盘
1604,13:16:33,10.96,-0.03,8,8768,卖盘
1605,13:16:24,10.99,--,74,81326,买盘
1606,13:16:21,10.99,--,16,17584,买盘
1607,13:16:15,10.99,--,38,41762,买盘
1608,13:16:09,10.99,0.03,9,9891,买盘
1609,13:16:06,10.96,-0.03,11,12056,卖盘
1610,13:16:03,10.99,--,44,48356,卖盘
1611,13:16:00,10.99,0.03,28,30772,买盘
1612,13:15:54,10.96,-0.03,11,12056,卖盘
1613,13:15:45,10.99,--,2,2198,买盘
1614,13:15:42,10.99,0.03,1,1099,买盘
1615,13:15:36,10.96,--,99,108504,卖盘
1616,13:15:30,10.96,-0.03,1,1096,卖盘
1617,13:15:27,10.99,--,1,1099,买盘
1618,13:15:24,10.99,--,1,1099,买盘
1619,13:15:18,10.99,--,18,19782,买盘
1620,13:15:12,10.99,--,40,43960,买盘
1621,13:15:09,10.99,0.04,91,100009,买盘
1622,13:15:06,10.95,--,5,5475,卖盘
1623,13:15:00,10.95,-0.04,754,825630,卖盘
1624,13:14:51,10.99,--,1,1099,买盘
1625,13:14:45,10.99,0.01,73,80227,买盘
1626,13:14:42,10.98,--,3,3294,卖盘
1627,13:14:39,10.98,-0.01,3,3294,卖盘
1628,13:14:36,10.99,--,1,1099,买盘
1629,13:14:27,10.99,--,1,1099,买盘
1630,13:14:24,10.99,--,2,2198,买盘
1631,13:14:18,10.99,0.01,16,17584,买盘
1632,13:14:15,10.98,--,3,3294,买盘
1633,13:14:12,10.98,--,31,34038,买盘
1634,13:14:09,10.98,0.01,13,14274,买盘
1635,13:14:06,10.97,-0.01,4,4388,卖盘
1636,13:14:00,10.98,--,2,2196,买盘
1637,13:13:54,10.98,--,72,79056,买盘
1638,13:13:51,10.98,-0.01,86,94428,卖盘
1639,13:13:45,10.99,--,7,7693,买盘
1640,13:13:42,10.99,--,1,1099,买盘
1641,13:13:39,10.99,--,13,14287,买盘
1642,13:13:30,10.99,--,92,101108,买盘
1643,13:13:27,10.99,--,19,20881,买盘
1644,13:13:24,10.99,--,42,46158,卖盘
1645,13:13:18,10.99,-0.01,6,6594,卖盘
1646,13:13:15,11.0,--,13,14300,买盘
1647,13:13:12,11.0,--,38,41800,买盘
1648,13:13:09,11.0,0.01,31,34100,买盘
1649,13:13:06,10.99,--,5,5495,卖盘
1650,13:13:03,10.99,0.01,64,70336,买盘
1651,13:13:00,10.98,-0.01,1,1098,卖盘
1652,13:12:57,10.99,--,2,2198,买盘
1653,13:12:54,10.99,--,8,8792,买盘
1654,13:12:45,10.99,--,1,1099,买盘
1655,13:12:42,10.99,--,1,1099,买盘
1656,13:12:39,10.99,0.01,73,80227,买盘
1657,13:12:33,10.98,-0.01,2,2196,卖盘
1658,13:12:24,10.99,--,8,8792,买盘
1659,13:12:15,10.99,--,109,119791,买盘
1660,13:12:12,10.99,--,30,32970,买盘
1661,13:12:09,10.99,0.01,30,32970,买盘
1662,13:12:06,10.98,--,16,17568,卖盘
1663,13:12:03,10.98,-0.01,10,10980,卖盘
1664,13:11:54,10.99,--,16,17584,买盘
1665,13:11:48,10.99,--,71,78029,买盘
1666,13:11:45,10.99,--,2,2198,买盘
1667,13:11:39,10.99,--,1,1099,买盘
1668,13:11:30,10.99,--,75,82425,买盘
1669,13:11:24,10.99,--,95,104405,买盘
1670,13:11:21,10.99,--,1,1099,买盘
1671,13:11:15,10.99,0.01,16,17584,买盘
1672,13:11:12,10.98,-0.01,1,1098,卖盘
1673,13:11:09,10.99,0.01,32,35168,买盘
1674,13:11:06,10.98,--,5,5490,卖盘
1675,13:11:00,10.98,--,81,89596,买盘
1676,13:10:57,10.98,0.01,1,1098,买盘
1677,13:10:51,10.97,-0.01,2,2194,卖盘
1678,13:10:45,10.98,--,1,1098,买盘
1679,13:10:39,10.98,0.01,1,1098,买盘
1680,13:10:36,10.97,-0.01,1,1097,卖盘
1681,13:10:33,10.98,0.01,83,91134,买盘
1682,13:10:30,10.97,--,4,4388,卖盘
1683,13:10:27,10.97,-0.01,1,1097,卖盘
1684,13:10:24,10.98,0.01,3,3294,买盘
1685,13:10:21,10.97,-0.01,1,1097,卖盘
1686,13:10:18,10.98,--,1,1098,买盘
1687,13:10:15,10.98,--,16,17568,买盘
1688,13:10:09,10.98,0.01,100,109800,买盘
1689,13:10:06,10.97,-0.01,33,36201,卖盘
1690,13:09:54,10.98,--,1,1098,买盘
1691,13:09:51,10.98,--,16,17568,买盘
1692,13:09:45,10.98,--,75,82350,买盘
1693,13:09:39,10.98,--,2,2196,买盘
1694,13:09:27,10.98,-0.01,90,98820,卖盘
1695,13:09:24,10.99,0.01,23,25277,买盘
1696,13:09:18,10.98,--,7,7686,买盘
1697,13:09:12,10.98,-0.01,9,9882,卖盘
1698,13:09:09,10.99,--,15,16485,买盘
1699,13:09:06,10.99,0.01,41,45059,买盘
1700,13:09:03,10.98,--,11,12078,卖盘
1701,13:08:54,10.98,-0.01,88,96624,中性盘
1702,13:08:45,10.99,0.03,4,4396,买盘
1703,13:08:42,10.96,--,10,10960,卖盘
1704,13:08:39,10.96,--,15,16440,卖盘
1705,13:08:36,10.96,--,1,1096,卖盘
1706,13:08:33,10.96,--,40,43840,卖盘
1707,13:08:30,10.96,-0.02,101,110696,卖盘
1708,13:08:27,10.98,--,6,6588,买盘
1709,13:08:24,10.98,-0.01,2,2196,中性盘
1710,13:08:21,10.99,--,3,3297,买盘
1711,13:08:12,10.99,--,17,18683,买盘
1712,13:08:09,10.99,--,1,1099,买盘
1713,13:08:06,10.99,0.01,39,42861,买盘
1714,13:08:03,10.98,0.03,99,108702,买盘
1715,13:08:00,10.95,-0.02,10,10950,卖盘
1716,13:07:57,10.97,-0.01,7,7679,中性盘
1717,13:07:54,10.98,0.03,1,1098,中性盘
1718,13:07:51,10.95,--,9,9855,卖盘
1719,13:07:45,10.95,-0.04,407,445665,卖盘
1720,13:07:39,10.99,0.02,81,89019,买盘
1721,13:07:36,10.97,--,6,6582,卖盘
1722,13:07:33,10.97,--,10,10970,卖盘
1723,13:07:27,10.97,-0.02,33,36201,卖盘
1724,13:07:24,10.99,0.02,5,5495,买盘
1725,13:07:21,10.97,--,8,8776,卖盘
1726,13:07:15,10.97,-0.01,105,115185,卖盘
1727,13:07:12,10.98,-0.01,10,10980,卖盘
1728,13:07:09,10.99,--,1,1099,买盘
1729,13:07:06,10.99,--,21,23079,买盘
1730,13:07:03,10.99,0.02,32,35168,买盘
1731,13:06:54,10.97,--,7,7679,卖盘
1732,13:06:51,10.97,-0.02,1,1097,卖盘
1733,13:06:48,10.99,--,103,113197,买盘
1734,13:06:45,10.99,--,1,1099,买盘
1735,13:06:42,10.99,0.02,1,1099,买盘
1736,13:06:30,10.97,-0.02,20,21940,卖盘
1737,13:06:24,10.99,0.01,78,85722,买盘
1738,13:06:12,10.98,-0.01,2,2196,卖盘
1739,13:06:09,10.99,--,1,1099,买盘
1740,13:06:06,10.99,0.01,21,23079,买盘
1741,13:06:03,10.98,-0.01,3,3294,卖盘
1742,13:06:00,10.99,0.01,126,138474,买盘
1743,13:05:57,10.98,--,2,2196,卖盘
1744,13:05:54,10.98,--,1,1098,卖盘
1745,13:05:45,10.98,-0.01,13,14274,卖盘
1746,13:05:39,10.99,0.01,1,1099,买盘
1747,13:05:33,10.98,--,37,40626,买盘
1748,13:05:24,10.98,0.01,11,12078,中性盘
1749,13:05:15,10.97,-0.02,20,21940,卖盘
1750,13:05:09,10.99,--,114,125286,买盘
1751,13:05:06,10.99,--,7,7693,买盘
1752,13:05:03,10.99,0.01,29,31871,买盘
1753,13:05:00,10.98,-0.01,27,29646,卖盘
1754,13:04:54,10.99,0.01,1,1099,买盘
1755,13:04:51,10.98,-0.01,1,1098,卖盘
1756,13:04:45,10.99,0.01,96,105504,买盘
1757,13:04:36,10.98,--,27,29646,卖盘
1758,13:04:30,10.98,-0.01,1,1098,卖盘
1759,13:04:24,10.99,--,2,2198,买盘
1760,13:04:21,10.99,0.01,1,1099,买盘
1761,13:04:18,10.98,0.02,76,83448,买盘
1762,13:04:12,10.96,-0.03,10,10960,卖盘
1763,13:04:09,10.99,0.03,19,20881,买盘
1764,13:04:06,10.96,-0.03,5,5480,卖盘
1765,13:04:03,10.99,--,29,31871,买盘
1766,13:03:54,10.99,0.03,77,84623,买盘
1767,13:03:51,10.96,--,2,2192,卖盘
1768,13:03:48,10.96,-0.01,7,7672,卖盘
1769,13:03:45,10.97,--,2,2194,买盘
1770,13:03:42,10.97,--,1,1097,卖盘
1771,13:03:33,10.97,-0.01,3,3291,卖盘
1772,13:03:30,10.98,0.01,94,103212,买盘
1773,13:03:27,10.97,--,6,6582,卖盘
1774,13:03:24,10.97,-0.01,11,12067,卖盘
1775,13:03:21,10.98,0.01,1,1098,买盘
1776,13:03:15,10.97,-0.01,1,1097,卖盘
1777,13:03:09,10.98,0.01,1,1098,买盘
1778,13:03:06,10.97,--,6,6582,卖盘
1779,13:03:03,10.97,--,51,55947,买盘
1780,13:03:00,10.97,--,28,30716,买盘
1781,13:02:54,10.97,0.02,4,4388,买盘
1782,13:02:51,10.95,-0.02,10,10950,卖盘
1783,13:02:48,10.97,0.01,57,62529,买盘
1784,13:02:45,10.96,--,1,1096,买盘
1785,13:02:39,10.96,--,92,100832,卖盘
1786,13:02:33,10.96,--,9,9864,卖盘
1787,13:02:24,10.96,-0.01,3,3288,卖盘
1788,13:02:21,10.97,0.01,1,1097,买盘
1789,13:02:18,10.96,--,10,10960,卖盘
1790,13:02:15,10.96,--,107,117272,卖盘
1791,13:02:12,10.96,--,9,9864,卖盘
1792,13:02:09,10.96,--,3,3288,卖盘
1793,13:02:06,10.96,--,19,20824,卖盘
1794,13:02:03,10.96,--,14,15344,卖盘
1795,13:02:00,10.96,-0.02,12,13152,卖盘
1796,13:01:57,10.98,0.01,52,57096,买盘
1797,13:01:54,10.97,--,1,1097,卖盘
1798,13:01:51,10.97,-0.01,3,3291,卖盘
1799,13:01:48,10.98,--,96,105408,买盘
1800,13:01:45,10.98,0.01,2,2196,买盘
1801,13:01:42,10.97,-0.01,3,3291,卖盘
1802,13:01:39,10.98,--,57,62586,买盘
1803,13:01:36,10.98,--,7,7686,买盘
1804,13:01:27,10.98,--,17,18666,买盘
1805,13:01:24,10.98,0.01,77,84546,买盘
1806,13:01:21,10.97,--,6,6582,中性盘
1807,13:01:18,10.97,0.01,1,1097,中性盘
1808,13:01:12,10.96,-0.02,14,15344,卖盘
1809,13:01:09,10.98,0.01,4,4392,买盘
1810,13:01:06,10.97,--,6,6582,卖盘
1811,13:01:03,10.97,-0.01,1,1097,卖盘
1812,13:01:00,10.98,--,90,98820,买盘
1813,13:00:57,10.98,--,34,37332,买盘
1814,13:00:54,10.98,--,1,1098,买盘
1815,13:00:45,10.98,--,15,16470,买盘
1816,13:00:39,10.98,0.01,16,17568,买盘
1817,13:00:33,10.97,0.01,23,25231,买盘
1818,13:00:27,10.96,-0.01,1,1096,卖盘
1819,13:00:24,10.97,0.01,12,13164,买盘
1820,13:00:21,10.96,-0.01,16,17536,卖盘
1821,13:00:12,10.97,0.01,1,1097,买盘
1822,13:00:09,10.96,--,80,87680,卖盘
1823,13:00:06,10.96,--,116,127136,卖盘
1824,13:00:03,10.96,-0.02,232,254272,卖盘
1825,13:00:00,10.98,--,0,0,买盘
1826,11:30:00,10.98,--,17,18666,买盘
1827,11:29:54,10.98,--,31,34038,买盘
1828,11:29:48,10.98,0.02,17,18666,买盘
1829,11:29:45,10.96,--,12,13152,卖盘
1830,11:29:42,10.96,0.01,25,27400,买盘
1831,11:29:39,10.95,-0.01,11,12045,卖盘
1832,11:29:36,10.96,--,1,1096,买盘
1833,11:29:33,10.96,0.01,1,1096,买盘
1834,11:29:30,10.95,--,2,2190,卖盘
1835,11:29:27,10.95,-0.01,10,10950,卖盘
1836,11:29:24,10.96,-0.02,20,21920,卖盘
1837,11:29:21,10.98,0.01,1,1098,买盘
1838,11:29:18,10.97,0.02,83,91051,买盘
1839,11:29:15,10.95,-0.02,17,18615,卖盘
1840,11:29:09,10.97,--,18,19746,买盘
1841,11:29:06,10.97,-0.01,13,14261,中性盘
1842,11:29:00,10.98,--,35,38430,买盘
1843,11:28:54,10.98,0.02,116,127368,买盘
1844,11:28:51,10.96,-0.01,18,19728,卖盘
1845,11:28:45,10.97,0.01,2,2194,买盘
1846,11:28:33,10.96,--,1,1096,卖盘
1847,11:28:30,10.96,--,20,21920,卖盘
1848,11:28:27,10.96,--,8,8768,买盘
1849,11:28:24,10.96,-0.01,7,7672,卖盘
1850,11:28:21,10.97,0.01,24,26328,买盘
1851,11:28:18,10.96,--,63,69048,卖盘
1852,11:28:15,10.96,-0.01,17,18632,卖盘
1853,11:28:06,10.97,--,7,7679,买盘
1854,11:28:03,10.97,--,104,114088,买盘
1855,11:28:00,10.97,0.01,17,18649,买盘
1856,11:27:57,10.96,-0.01,4,4384,卖盘
1857,11:27:54,10.97,--,31,34007,买盘
1858,11:27:48,10.97,--,29,31813,买盘
1859,11:27:45,10.97,0.01,11,12067,买盘
1860,11:27:42,10.96,-0.01,10,10960,卖盘
1861,11:27:39,10.97,--,104,114088,买盘
1862,11:27:36,10.97,0.01,7,7679,买盘
1863,11:27:27,10.96,-0.01,10,10960,卖盘
1864,11:27:24,10.97,--,2,2194,买盘
1865,11:27:21,10.97,--,28,30716,买盘
1866,11:27:15,10.97,--,1,1097,买盘
1867,11:27:12,10.97,0.01,103,112991,买盘
1868,11:27:06,10.96,--,3,3288,卖盘
1869,11:27:03,10.96,-0.02,13,14248,卖盘
1870,11:27:00,10.98,0.02,5,5490,买盘
1871,11:26:57,10.96,-0.02,35,38360,卖盘
1872,11:26:51,10.98,--,56,61488,买盘
1873,11:26:48,10.98,--,104,114192,买盘
1874,11:26:45,10.98,0.02,2,2196,买盘
1875,11:26:39,10.96,-0.02,12,13152,卖盘
1876,11:26:36,10.98,0.02,1,1098,买盘
1877,11:26:33,10.96,--,1,1096,卖盘
1878,11:26:30,10.96,-0.02,1,1096,卖盘
1879,11:26:24,10.98,--,21,23058,买盘
1880,11:26:21,10.98,0.03,14,15372,买盘
1881,11:26:18,10.95,-0.01,3,3285,卖盘
1882,11:26:09,10.96,-0.02,1,1096,卖盘
1883,11:26:06,10.98,0.03,4,4392,买盘
1884,11:26:03,10.95,-0.03,9,9855,卖盘
1885,11:26:00,10.98,--,17,18666,买盘
1886,11:25:57,10.98,0.02,95,104310,买盘
1887,11:25:54,10.96,-0.01,10,10960,卖盘
1888,11:25:51,10.97,--,31,34007,卖盘
1889,11:25:48,10.97,-0.01,18,19746,卖盘
1890,11:25:45,10.98,0.01,1,1098,买盘
1891,11:25:42,10.97,-0.01,25,27425,卖盘
1892,11:25:36,10.98,0.01,1,1098,买盘
1893,11:25:33,10.97,--,64,70208,买盘
1894,11:25:27,10.97,--,15,16455,买盘
1895,11:25:24,10.97,--,13,14261,买盘
1896,11:25:18,10.97,0.02,50,54850,买盘
1897,11:25:15,10.95,-0.02,12,13140,卖盘
1898,11:25:09,10.97,--,85,93245,买盘
1899,11:25:06,10.97,0.01,70,76790,买盘
1900,11:25:03,10.96,-0.01,3,3288,卖盘
1901,11:24:57,10.97,--,14,15358,买盘
1902,11:24:54,10.97,--,1,1097,买盘
1903,11:24:51,10.97,--,10,10970,买盘
1904,11:24:48,10.97,0.01,33,36201,买盘
1905,11:24:45,10.96,--,19,20824,卖盘
1906,11:24:42,10.96,0.01,17,18632,买盘
1907,11:24:39,10.95,-0.01,10,10950,卖盘
1908,11:24:36,10.96,0.01,1,1096,买盘
1909,11:24:33,10.95,-0.01,10,10950,卖盘
1910,11:24:30,10.96,0.01,16,17536,中性盘
1911,11:24:27,10.95,-0.02,2,2190,卖盘
1912,11:24:24,10.97,0.01,17,18649,买盘
1913,11:24:18,10.96,0.01,85,93160,中性盘
1914,11:24:09,10.95,-0.02,4,4380,卖盘
1915,11:24:06,10.97,0.02,2,2194,买盘
1916,11:24:03,10.95,-0.02,2,2190,卖盘
1917,11:24:00,10.97,--,64,70208,卖盘
1918,11:23:54,10.97,0.02,35,38395,买盘
1919,11:23:51,10.95,--,11,12045,卖盘
1920,11:23:48,10.95,-0.02,59,64604,卖盘
1921,11:23:45,10.97,-0.01,21,23037,卖盘
1922,11:23:36,10.98,0.01,4,4392,买盘
1923,11:23:33,10.97,--,16,17552,卖盘
1924,11:23:27,10.97,--,64,70208,买盘
1925,11:23:24,10.97,--,7,7679,买盘
1926,11:23:21,10.97,0.02,1,1097,买盘
1927,11:23:18,10.95,0.01,40,43800,买盘
1928,11:23:12,10.94,-0.01,18,19692,卖盘
1929,11:23:09,10.95,-0.03,201,220095,卖盘
1930,11:23:06,10.98,0.01,1,1098,买盘
1931,11:23:03,10.97,0.02,52,57044,买盘
1932,11:23:00,10.95,--,1,1095,卖盘
1933,11:22:57,10.95,-0.02,10,10950,卖盘
1934,11:22:54,10.97,0.02,17,18649,买盘
1935,11:22:51,10.95,-0.02,26,28469,卖盘
1936,11:22:45,10.97,0.02,44,48268,买盘
1937,11:22:42,10.95,--,10,10950,卖盘
1938,11:22:39,10.95,--,116,127019,卖盘
1939,11:22:36,10.95,--,7,7664,卖盘
1940,11:22:33,10.95,--,9,9855,卖盘
1941,11:22:30,10.95,-0.02,6,6570,卖盘
1942,11:22:24,10.97,0.02,12,13164,买盘
1943,11:22:21,10.95,-0.01,28,30659,卖盘
1944,11:22:18,10.96,-0.01,5,5480,中性盘
1945,11:22:12,10.97,0.02,130,142610,买盘
1946,11:22:06,10.95,-0.01,23,25185,卖盘
1947,11:22:03,10.96,-0.01,6,6576,卖盘
1948,11:21:51,10.97,0.01,50,54850,买盘
1949,11:21:48,10.96,--,34,38064,买盘
1950,11:21:45,10.96,0.01,33,36168,买盘
1951,11:21:39,10.95,--,10,10950,卖盘
1952,11:21:36,10.95,--,40,43800,卖盘
1953,11:21:33,10.95,-0.01,1,1095,卖盘
1954,11:21:30,10.96,0.01,37,40552,买盘
1955,11:21:27,10.95,-0.01,10,10950,卖盘
1956,11:21:24,10.96,--,72,78912,买盘
1957,11:21:21,10.96,--,38,41648,买盘
1958,11:21:18,10.96,0.02,57,62472,买盘
1959,11:21:12,10.94,--,4,4376,卖盘
1960,11:21:09,10.94,-0.01,42,45948,卖盘
1961,11:21:06,10.95,0.01,4,4380,中性盘
1962,11:21:03,10.94,--,1,1094,卖盘
1963,11:21:00,10.94,-0.02,96,105024,卖盘
1964,11:20:57,10.96,0.02,85,93160,买盘
1965,11:20:54,10.94,-0.02,17,18598,卖盘
1966,11:20:51,10.96,--,37,40552,买盘
1967,11:20:45,10.96,0.01,35,38360,买盘
1968,11:20:42,10.95,0.01,13,14234,买盘
1969,11:20:39,10.94,-0.01,97,106118,卖盘
1970,11:20:36,10.95,--,10,10950,买盘
1971,11:20:33,10.95,--,85,93075,买盘
1972,11:20:30,10.95,0.01,21,22995,买盘
1973,11:20:27,10.94,-0.01,82,89708,卖盘
1974,11:20:24,10.95,--,1,1095,买盘
1975,11:20:21,10.95,0.01,1,1095,买盘
1976,11:20:15,10.94,-0.01,9,9846,卖盘
1977,11:20:12,10.95,--,2,2190,买盘
1978,11:20:09,10.95,--,48,52560,买盘
1979,11:20:06,10.95,0.01,66,72270,买盘
1980,11:20:03,10.94,-0.01,17,18598,卖盘
1981,11:19:54,10.95,--,4,4380,买盘
1982,11:19:51,10.95,--,21,22995,买盘
1983,11:19:48,10.95,--,1294,1416930,卖盘
1984,11:19:45,10.95,-0.01,10,10950,卖盘
1985,11:19:42,10.96,0.01,123,134808,买盘
1986,11:19:39,10.95,-0.01,20,21900,卖盘
1987,11:19:36,10.96,0.01,1,1096,买盘
1988,11:19:33,10.95,--,20,21900,卖盘
1989,11:19:30,10.95,-0.01,185,202575,卖盘
1990,11:19:24,10.96,0.01,7,7672,买盘
1991,11:19:21,10.95,-0.01,11,12045,卖盘
1992,11:19:18,10.96,0.01,104,113984,买盘
1993,11:19:15,10.95,-0.01,6,6570,卖盘
1994,11:19:09,10.96,--,781,856271,卖盘
1995,11:19:06,10.96,--,22,24112,卖盘
1996,11:19:03,10.96,-0.01,17,18632,卖盘
1997,11:19:00,10.97,--,17,18649,卖盘
1998,11:18:57,10.97,--,9,9873,卖盘
1999,11:18:54,10.97,--,1,1097,卖盘
2000,11:18:51,10.97,--,105,115985,买盘
2001,11:18:48,10.97,0.01,53,58141,买盘
2002,11:18:45,10.96,--,304,333184,卖盘
2003,11:18:42,10.96,-0.01,48,52608,卖盘
2004,11:18:39,10.97,--,1,1097,买盘
2005,11:18:36,10.97,--,112,123160,卖盘
2006,11:18:33,10.97,-0.02,28,30716,卖盘
2007,11:18:30,10.99,--,21,23079,买盘
2008,11:18:27,10.99,--,279,306621,买盘
2009,11:18:24,10.99,--,8,8792,买盘
2010,11:18:18,10.99,0.02,128,140672,买盘
2011,11:18:15,10.97,--,11,12067,卖盘
2012,11:18:12,10.97,--,17,18649,卖盘
2013,11:18:09,10.97,--,3,3291,卖盘
2014,11:18:06,10.97,--,14,15358,卖盘
2015,11:18:03,10.97,--,83,91051,卖盘
2016,11:18:00,10.97,--,35,38395,卖盘
2017,11:17:57,10.97,--,34,37298,卖盘
2018,11:17:54,10.97,--,27,29619,卖盘
2019,11:17:51,10.97,-0.02,40,43880,卖盘
2020,11:17:48,10.99,0.02,26,28574,买盘
2021,11:17:45,10.97,--,49,53753,卖盘
2022,11:17:42,10.97,--,31,34007,卖盘
2023,11:17:39,10.97,--,146,160162,卖盘
2024,11:17:36,10.97,--,13,14261,卖盘
2025,11:17:33,10.97,--,30,32910,卖盘
2026,11:17:30,10.97,-0.02,31,34007,卖盘
2027,11:17:24,10.99,--,2,2198,买盘
2028,11:17:21,10.99,--,1,1099,买盘
2029,11:17:18,10.99,--,33,36267,买盘
2030,11:17:12,10.99,--,75,82425,买盘
2031,11:17:06,10.99,0.02,1,1099,买盘
2032,11:17:03,10.97,--,227,249019,卖盘
2033,11:17:00,10.97,--,1,1097,卖盘
2034,11:16:57,10.97,-0.02,1,1097,卖盘
2035,11:16:54,10.99,--,18,19782,买盘
2036,11:16:51,10.99,--,1,1099,买盘
2037,11:16:48,10.99,0.02,111,121989,买盘
2038,11:16:45,10.97,-0.01,4,4388,卖盘
2039,11:16:42,10.98,--,31,34038,买盘
2040,11:16:39,10.98,--,496,544608,买盘
2041,11:16:30,10.98,--,21,23058,买盘
2042,11:16:27,10.98,-0.01,170,186660,卖盘
2043,11:16:24,10.99,0.01,76,83524,买盘
2044,11:16:21,10.98,-0.01,2,2196,卖盘
2045,11:16:06,10.99,0.01,4,4396,买盘
2046,11:16:03,10.98,-0.01,3,3294,卖盘
2047,11:15:57,10.99,--,75,82425,买盘
2048,11:15:54,10.99,--,1,1099,买盘
2049,11:15:51,10.99,0.01,1,1099,买盘
2050,11:15:48,10.98,-0.01,2,2196,卖盘
2051,11:15:45,10.99,0.01,2,2198,买盘
2052,11:15:42,10.98,--,27,29646,卖盘
2053,11:15:39,10.98,--,38,41724,买盘
2054,11:15:36,10.98,0.01,31,34038,买盘
2055,11:15:33,10.97,-0.01,104,114088,卖盘
2056,11:15:30,10.98,0.01,21,23058,买盘
2057,11:15:27,10.97,-0.01,3,3291,卖盘
2058,11:15:24,10.98,--,20,21960,买盘
2059,11:15:21,10.98,--,1,1098,买盘
2060,11:15:15,10.98,--,27,29646,卖盘
2061,11:15:12,10.98,--,1,1098,卖盘
2062,11:15:09,10.98,--,49,53802,买盘
2063,11:15:06,10.98,--,3,3294,买盘
2064,11:15:03,10.98,--,1,1098,买盘
2065,11:15:00,10.98,--,14,15372,卖盘
2066,11:14:54,10.98,-0.01,12,13176,卖盘
2067,11:14:51,10.99,--,1,1099,买盘
2068,11:14:48,10.99,0.01,1,1099,买盘
2069,11:14:45,10.98,--,53,58194,卖盘
2070,11:14:42,10.98,--,113,124074,买盘
2071,11:14:39,10.98,--,1,1098,买盘
2072,11:14:36,10.98,--,40,43920,卖盘
2073,11:14:30,10.98,-0.02,33,36234,中性盘
2074,11:14:24,11.0,0.02,62,68200,买盘
2075,11:14:21,10.98,-0.01,65,71370,买盘
2076,11:14:18,10.99,--,97,106603,买盘
2077,11:14:15,10.99,0.02,20,21980,买盘
2078,11:14:12,10.97,-0.01,213,233661,卖盘
2079,11:14:09,10.98,--,55,60390,卖盘
2080,11:14:06,10.98,-0.02,3,3294,卖盘
2081,11:14:03,11.0,0.02,4,4400,买盘
2082,11:14:00,10.98,--,20,21960,卖盘
2083,11:13:57,10.98,--,10,10980,卖盘
2084,11:13:54,10.98,--,103,113094,卖盘
2085,11:13:51,10.98,--,42,46116,卖盘
2086,11:13:48,10.98,-0.02,32,35136,卖盘
2087,11:13:45,11.0,0.02,20,22000,买盘
2088,11:13:39,10.98,-0.02,26,28548,卖盘
2089,11:13:36,11.0,0.02,33,36300,买盘
2090,11:13:33,10.98,--,10,10980,卖盘
2091,11:13:30,10.98,-0.02,1,1098,卖盘
2092,11:13:27,11.0,--,107,117700,买盘
2093,11:13:24,11.0,--,8,8800,买盘
2094,11:13:21,11.0,0.02,1,1100,买盘
2095,11:13:18,10.98,-0.01,206,226188,卖盘
2096,11:13:15,10.99,--,31,34069,卖盘
2097,11:13:12,10.99,--,10,10990,卖盘
2098,11:13:09,10.99,-0.01,18,19782,卖盘
2099,11:13:06,11.0,--,21,23100,买盘
2100,11:13:03,11.0,--,157,172700,买盘
2101,11:13:00,11.0,--,127,139700,卖盘
2102,11:12:57,11.0,--,6,6600,卖盘
2103,11:12:54,11.0,--,11,12100,卖盘
2104,11:12:51,11.0,--,10,11000,卖盘
2105,11:12:48,11.0,-0.01,15,16500,卖盘
2106,11:12:45,11.01,0.01,3,3303,买盘
2107,11:12:42,11.0,-0.01,67,73700,卖盘
2108,11:12:39,11.01,--,41,45141,买盘
2109,11:12:36,11.01,0.01,69,75969,买盘
2110,11:12:33,11.0,-0.01,5,5500,卖盘
2111,11:12:30,11.01,0.01,21,23121,买盘
2112,11:12:27,11.0,-0.01,5,5500,卖盘
2113,11:12:24,11.01,0.01,25,27525,买盘
2114,11:12:18,11.0,--,18,19800,卖盘
2115,11:12:15,11.0,-0.01,16,17600,卖盘
2116,11:12:12,11.01,0.01,77,84777,买盘
2117,11:12:09,11.0,-0.01,9,9900,卖盘
2118,11:12:06,11.01,0.01,2,2202,买盘
2119,11:12:03,11.0,--,3,3300,卖盘
2120,11:12:00,11.0,--,96,105600,卖盘
2121,11:11:54,11.0,0.01,221,243100,买盘
2122,11:11:51,10.99,-0.01,2,2198,卖盘
2123,11:11:48,11.0,--,75,82500,买盘
2124,11:11:45,11.0,0.01,2,2200,买盘
2125,11:11:42,10.99,-0.01,2,2198,卖盘
2126,11:11:36,11.0,--,15,16500,买盘
2127,11:11:33,11.0,0.01,33,36300,买盘
2128,11:11:30,10.99,-0.01,1,1099,卖盘
2129,11:11:27,11.0,--,20,22000,买盘
2130,11:11:24,11.0,--,18,19800,买盘
2131,11:11:21,11.0,--,77,84700,买盘
2132,11:11:18,11.0,0.01,14,15400,买盘
2133,11:11:09,10.99,--,57,62643,卖盘
2134,11:11:06,10.99,-0.01,390,428610,卖盘
2135,11:11:03,11.0,0.01,4,4400,买盘
2136,11:11:00,10.99,--,2,2198,卖盘
2137,11:10:57,10.99,-0.01,101,110999,卖盘
2138,11:10:54,11.0,--,30,33000,买盘
2139,11:10:51,11.0,0.01,1,1100,买盘
2140,11:10:48,10.99,--,1,1099,卖盘
2141,11:10:45,10.99,-0.01,3,3297,中性盘
2142,11:10:36,11.0,--,19,20900,买盘
2143,11:10:33,11.0,--,97,106700,买盘
2144,11:10:30,11.0,--,28,30800,买盘
2145,11:10:24,11.0,--,27,29700,买盘
2146,11:10:21,11.0,--,8,8800,买盘
2147,11:10:18,11.0,0.02,57,62700,买盘
2148,11:10:15,10.98,--,11,12078,卖盘
2149,11:10:12,10.98,-0.01,44,48312,卖盘
2150,11:10:09,10.99,--,34,37366,卖盘
2151,11:10:06,10.99,--,37,41465,买盘
2152,11:10:03,10.99,0.01,25,27475,买盘
2153,11:10:00,10.98,--,2,2196,卖盘
2154,11:09:57,10.98,-0.01,3,3294,卖盘
2155,11:09:51,10.99,--,101,110999,买盘
2156,11:09:45,10.99,--,8,8792,买盘
2157,11:09:42,10.99,0.01,78,85722,买盘
2158,11:09:39,10.98,-0.01,7,7686,卖盘
2159,11:09:36,10.99,--,19,20881,买盘
2160,11:09:30,10.99,0.01,38,41762,买盘
2161,11:09:27,10.98,-0.01,4,4392,卖盘
2162,11:09:24,10.99,--,2,2198,买盘
2163,11:09:21,10.99,-0.01,408,448688,卖盘
2164,11:09:18,11.0,--,98,107800,买盘
2165,11:09:06,11.0,0.01,8,8800,买盘
2166,11:09:03,10.99,--,3,3297,卖盘
2167,11:09:00,10.99,--,2,2198,卖盘
2168,11:08:57,10.99,--,3,3297,卖盘
2169,11:08:54,10.99,-0.01,5,5495,卖盘
2170,11:08:51,11.0,--,109,119900,买盘
2171,11:08:45,11.0,--,1,1100,买盘
2172,11:08:42,11.0,0.01,111,122100,买盘
2173,11:08:39,10.99,-0.01,19,20881,卖盘
2174,11:08:36,11.0,0.01,2,2200,买盘
2175,11:08:33,10.99,--,29,31871,卖盘
2176,11:08:30,10.99,--,34,37366,卖盘
2177,11:08:27,10.99,-0.01,111,121989,卖盘
2178,11:08:24,11.0,--,22,24200,买盘
2179,11:08:18,11.0,0.01,1,1100,买盘
2180,11:08:15,10.99,-0.01,10,10990,卖盘
2181,11:08:06,11.0,0.01,2,2200,买盘
2182,11:08:03,10.99,--,109,119791,卖盘
2183,11:08:00,10.99,--,2,2198,卖盘
2184,11:07:57,10.99,--,11,12089,卖盘
2185,11:07:54,10.99,-0.01,7,7693,卖盘
2186,11:07:51,11.0,--,10,11000,买盘
2187,11:07:48,11.0,--,13,15103,买盘
2188,11:07:45,11.0,0.01,2,2200,买盘
2189,11:07:42,10.99,-0.01,2,2198,卖盘
2190,11:07:36,11.0,--,123,135300,买盘
2191,11:07:33,11.0,--,18,19800,买盘
2192,11:07:27,11.0,--,34,37400,买盘
2193,11:07:24,11.0,--,1,1100,买盘
2194,11:07:21,11.0,--,1,1100,买盘
2195,11:07:12,11.0,0.01,97,106700,买盘
2196,11:07:09,10.99,-0.01,10,10990,卖盘
2197,11:07:06,11.0,--,42,46200,买盘
2198,11:07:03,11.0,0.01,3,3300,买盘
2199,11:07:00,10.99,-0.01,3,3297,卖盘
2200,11:06:51,11.0,--,1,1100,买盘
2201,11:06:48,11.0,0.01,156,171600,买盘
2202,11:06:45,10.99,-0.01,5,5495,卖盘
2203,11:06:36,11.0,--,23,25300,买盘
2204,11:06:33,11.0,--,1,1100,买盘
2205,11:06:30,11.0,--,15,16500,买盘
2206,11:06:27,11.0,--,41,45100,买盘
2207,11:06:24,11.0,--,11,12100,买盘
2208,11:06:21,11.0,--,98,107800,买盘
2209,11:06:18,11.0,--,101,111100,买盘
2210,11:06:15,11.0,--,10,11000,买盘
2211,11:06:06,11.0,0.01,3,3300,买盘
2212,11:06:03,10.99,-0.01,2,2198,卖盘
2213,11:06:00,11.0,0.01,12,13200,买盘
2214,11:05:57,10.99,--,98,107702,卖盘
2215,11:05:51,10.99,--,1,1099,卖盘
2216,11:05:48,10.99,-0.01,3,3297,卖盘
2217,11:05:45,11.0,0.01,4,4400,买盘
2218,11:05:42,10.99,--,11,12089,卖盘
2219,11:05:36,10.99,-0.01,58,63742,卖盘
2220,11:05:33,11.0,0.01,115,126500,买盘
2221,11:05:30,10.99,-0.01,11,12089,卖盘
2222,11:05:24,11.0,0.01,31,34100,买盘
2223,11:05:21,10.99,--,20,21980,卖盘
2224,11:05:18,10.99,--,33,36267,卖盘
2225,11:05:12,10.99,-0.01,13,14287,卖盘
2226,11:05:09,11.0,--,82,90200,卖盘
2227,11:05:06,11.0,0.01,25,27500,买盘
2228,11:05:03,10.99,--,17,18683,卖盘
2229,11:05:00,10.99,--,36,39564,卖盘
2230,11:04:57,10.99,--,1,1099,卖盘
2231,11:04:51,10.99,-0.02,51,56049,卖盘
2232,11:04:48,11.01,0.02,11,12111,买盘
2233,11:04:45,10.99,-0.01,19,20881,卖盘
2234,11:04:42,11.0,0.01,92,101200,买盘
2235,11:04:39,10.99,--,9,9891,卖盘
2236,11:04:36,10.99,-0.01,7,7693,卖盘
2237,11:04:30,11.0,--,15,16500,买盘
2238,11:04:27,11.0,-0.01,50,55000,卖盘
2239,11:04:24,11.01,--,102,112302,买盘
2240,11:04:21,11.01,0.01,57,62757,买盘
2241,11:04:18,11.0,--,112,123200,卖盘
2242,11:04:15,11.0,-0.01,20,22000,卖盘
2243,11:04:09,11.01,0.02,4,4404,买盘
2244,11:04:06,10.99,-0.02,74,81326,卖盘
2245,11:04:03,11.01,-0.01,2,2202,卖盘
2246,11:03:57,11.02,--,22,24244,买盘
2247,11:03:54,11.02,0.01,24,26448,买盘
2248,11:03:51,11.01,0.01,60,66060,买盘
2249,11:03:45,11.0,--,12,13200,卖盘
2250,11:03:42,11.0,--,25,27500,卖盘
2251,11:03:39,11.0,-0.01,100,110000,卖盘
2252,11:03:36,11.01,0.01,2,2202,买盘
2253,11:03:30,11.0,-0.01,2,2200,卖盘
2254,11:03:27,11.01,--,108,118908,买盘
2255,11:03:24,11.01,--,36,39636,买盘
2256,11:03:21,11.01,0.01,2,2202,买盘
2257,11:03:18,11.0,--,34,37400,卖盘
2258,11:03:15,11.0,--,7,7700,卖盘
2259,11:03:06,11.0,--,16,17600,卖盘
2260,11:03:03,11.0,--,8,9108,买盘
2261,11:03:00,11.0,0.01,4,4400,买盘
2262,11:02:57,10.99,-0.02,21,23870,卖盘
2263,11:02:51,11.01,0.01,1,1101,买盘
2264,11:02:48,11.0,--,1,1100,卖盘
2265,11:02:45,11.0,--,6,6600,卖盘
2266,11:02:42,11.0,--,45,49500,卖盘
2267,11:02:39,11.0,--,35,38808,买盘
2268,11:02:36,11.0,0.01,100,110000,买盘
2269,11:02:33,10.99,-0.01,16,17584,卖盘
2270,11:02:30,11.0,-0.01,7,8492,卖盘
2271,11:02:27,11.01,--,15,16515,买盘
2272,11:02:24,11.01,0.01,2,2202,买盘
2273,11:02:21,11.0,--,163,179300,卖盘
2274,11:02:18,11.0,--,73,80300,卖盘
2275,11:02:15,11.0,--,24,26400,卖盘
2276,11:02:12,11.0,--,125,137500,卖盘
2277,11:02:09,11.0,-0.01,11,12100,卖盘
2278,11:02:06,11.01,--,96,105696,买盘
2279,11:02:03,11.01,0.01,13,14313,买盘
2280,11:01:57,11.0,--,53,58300,卖盘
2281,11:01:54,11.0,--,9,9900,卖盘
2282,11:01:51,11.0,-0.02,18,19800,卖盘
2283,11:01:48,11.02,0.01,106,116812,买盘
2284,11:01:45,11.01,0.01,2,2202,中性盘
2285,11:01:42,11.0,-0.01,4,4400,卖盘
2286,11:01:39,11.01,--,10,11010,卖盘
2287,11:01:36,11.01,-0.01,67,73767,卖盘
2288,11:01:33,11.02,0.02,21,23142,买盘
2289,11:01:30,11.0,--,6,6600,卖盘
2290,11:01:27,11.0,--,25,27500,卖盘
2291,11:01:24,11.0,-0.01,41,45100,卖盘
2292,11:01:21,11.01,0.01,94,103494,买盘
2293,11:01:18,11.0,--,30,33000,卖盘
2294,11:01:12,11.0,-0.01,10,11000,卖盘
2295,11:01:09,11.01,-0.01,2,2202,买盘
2296,11:01:06,11.02,0.02,2,2204,买盘
2297,11:01:03,11.0,--,15,16500,卖盘
2298,11:01:00,11.0,--,18,19800,卖盘
2299,11:00:57,11.0,--,82,90200,卖盘
2300,11:00:54,11.0,--,6,6600,卖盘
2301,11:00:51,11.0,--,11,12100,卖盘
2302,11:00:48,11.0,-0.02,1,1100,卖盘
2303,11:00:45,11.02,--,1,1102,买盘
2304,11:00:42,11.02,0.02,122,134444,买盘
2305,11:00:39,11.0,-0.01,19,20900,卖盘
2306,11:00:36,11.01,-0.01,10,11010,中性盘
2307,11:00:33,11.02,0.02,107,117914,买盘
2308,11:00:30,11.0,--,10,11000,卖盘
2309,11:00:24,11.0,--,13,14300,卖盘
2310,11:00:21,11.0,--,87,95700,卖盘
2311,11:00:18,11.0,--,4,4400,卖盘
2312,11:00:15,11.0,--,19,20900,卖盘
2313,11:00:12,11.0,-0.02,113,124300,卖盘
2314,11:00:09,11.02,0.02,2,2204,买盘
2315,11:00:06,11.0,-0.02,89,97900,卖盘
2316,11:00:03,11.02,0.02,331,364762,买盘
2317,10:59:57,11.0,--,7,7700,卖盘
2318,10:59:54,11.0,-0.02,1,1100,卖盘
2319,10:59:51,11.02,0.02,1,1102,买盘
2320,10:59:48,11.0,-0.02,1,1100,卖盘
2321,10:59:45,11.02,0.01,3,3306,买盘
2322,10:59:42,11.01,0.01,103,113403,买盘
2323,10:59:39,11.0,-0.01,1,1100,卖盘
2324,10:59:36,11.01,0.01,3,3303,买盘
2325,10:59:33,11.0,-0.01,5,5500,卖盘
2326,10:59:30,11.01,--,5,5505,买盘
2327,10:59:24,11.01,--,1,1101,买盘
2328,10:59:21,11.01,0.01,19,20919,买盘
2329,10:59:18,11.0,-0.01,103,113300,卖盘
2330,10:59:15,11.01,0.01,63,69363,买盘
2331,10:59:12,11.0,-0.01,1,1100,卖盘
2332,10:59:09,11.01,--,4,4404,买盘
2333,10:59:06,11.01,0.01,252,277452,买盘
2334,10:59:03,11.0,--,5,5500,卖盘
2335,10:59:00,11.0,--,2,2200,卖盘
2336,10:58:57,11.0,--,17,18700,卖盘
2337,10:58:54,11.0,-0.01,2,2200,卖盘
2338,10:58:51,11.01,0.01,82,90282,买盘
2339,10:58:48,11.0,-0.01,2,2200,卖盘
2340,10:58:45,11.01,0.01,312,343512,买盘
2341,10:58:42,11.0,--,1,1100,卖盘
2342,10:58:39,11.0,-0.01,6,6600,卖盘
2343,10:58:36,11.01,--,2,2202,买盘
2344,10:58:30,11.01,--,31,34131,卖盘
2345,10:58:27,11.01,--,57,62757,买盘
2346,10:58:24,11.01,0.01,20,22020,买盘
2347,10:58:18,11.0,-0.01,16,17600,卖盘
2348,10:58:15,11.01,0.01,29,31929,买盘
2349,10:58:12,11.0,-0.01,1,1100,卖盘
2350,10:58:09,11.01,-0.01,5,5505,买盘
2351,10:58:06,11.02,--,6,6612,买盘
2352,10:58:03,11.02,--,96,105792,买盘
2353,10:58:00,11.02,0.02,85,93670,买盘
2354,10:57:57,11.0,-0.01,520,572000,卖盘
2355,10:57:48,11.01,-0.01,1,1101,卖盘
2356,10:57:45,11.02,0.01,3,3306,买盘
2357,10:57:42,11.01,--,11,12111,卖盘
2358,10:57:39,11.01,--,13,14313,卖盘
2359,10:57:36,11.01,--,163,179463,卖盘
2360,10:57:33,11.01,--,267,294616,卖盘
2361,10:57:30,11.01,-0.01,77,84777,卖盘
2362,10:57:24,11.02,--,201,221502,买盘
2363,10:57:21,11.02,0.01,1,1102,买盘
2364,10:57:18,11.01,-0.01,17,18717,卖盘
2365,10:57:15,11.02,--,8,8816,买盘
2366,10:57:12,11.02,--,116,127832,买盘
2367,10:57:09,11.02,--,2,2204,买盘
2368,10:57:06,11.02,--,2,2204,买盘
2369,10:57:03,11.02,0.01,3,3306,买盘
2370,10:57:00,11.01,--,91,100191,卖盘
2371,10:56:57,11.01,-0.01,6,6606,卖盘
2372,10:56:51,11.02,0.01,101,111302,买盘
2373,10:56:48,11.01,-0.01,1,1101,卖盘
2374,10:56:45,11.02,0.01,103,113506,买盘
2375,10:56:42,11.01,-0.01,3,3303,卖盘
2376,10:56:39,11.02,0.01,74,81548,买盘
2377,10:56:36,11.01,-0.01,1,1101,卖盘
2378,10:56:33,11.02,0.01,1,1102,买盘
2379,10:56:30,11.01,--,1,1101,卖盘
2380,10:56:27,11.01,-0.01,1,1101,卖盘
2381,10:56:24,11.02,--,2,2204,买盘
2382,10:56:21,11.02,0.01,83,91466,买盘
2383,10:56:18,11.01,--,56,61656,卖盘
2384,10:56:15,11.01,--,20,22020,卖盘
2385,10:56:12,11.01,--,32,35232,卖盘
2386,10:56:09,11.01,-0.01,54,59454,卖盘
2387,10:56:06,11.02,0.01,2,2204,买盘
2388,10:56:03,11.01,--,5,5505,卖盘
2389,10:56:00,11.01,--,2,2202,卖盘
2390,10:55:57,11.01,--,84,92484,卖盘
2391,10:55:54,11.01,--,1,1101,卖盘
2392,10:55:51,11.01,--,4,4404,卖盘
2393,10:55:48,11.01,-0.01,1,1101,卖盘
2394,10:55:45,11.02,--,1,1102,买盘
2395,10:55:42,11.02,0.01,2,2204,买盘
2396,10:55:39,11.01,--,1,1101,卖盘
2397,10:55:36,11.01,-0.01,7,7707,卖盘
2398,10:55:33,11.02,--,1,1102,买盘
2399,10:55:30,11.02,0.01,122,134444,买盘
2400,10:55:27,11.01,--,110,121869,买盘
2401,10:55:24,11.01,--,2,2202,买盘
2402,10:55:18,11.01,--,47,51747,买盘
2403,10:55:12,11.01,--,31,34131,买盘
2404,10:55:09,11.01,--,3,3303,买盘
2405,10:55:06,11.01,0.01,86,94686,买盘
2406,10:55:03,11.0,-0.01,2,2200,卖盘
2407,10:55:00,11.01,0.01,2,2202,买盘
2408,10:54:57,11.0,--,7,7700,卖盘
2409,10:54:48,11.0,-0.01,2,2200,卖盘
2410,10:54:45,11.01,--,2,2202,买盘
2411,10:54:42,11.01,0.01,86,94686,买盘
2412,10:54:39,11.0,--,3,3300,卖盘
2413,10:54:36,11.0,-0.01,1,1100,卖盘
2414,10:54:33,11.01,0.01,14,15414,买盘
2415,10:54:30,11.0,--,2,2200,卖盘
2416,10:54:27,11.0,-0.01,1,1100,卖盘
2417,10:54:24,11.01,--,9,9909,买盘
2418,10:54:21,11.01,0.01,8,8808,买盘
2419,10:54:18,11.0,-0.01,81,89100,卖盘
2420,10:54:15,11.01,0.01,84,92484,买盘
2421,10:54:12,11.0,--,49,53900,卖盘
2422,10:54:09,11.0,-0.01,242,266200,卖盘
2423,10:54:06,11.01,--,3,3303,买盘
2424,10:54:03,11.01,0.01,1,1101,买盘
2425,10:54:00,11.0,--,2,2200,卖盘
2426,10:53:57,11.0,-0.01,3,3300,卖盘
2427,10:53:51,11.01,--,85,93585,买盘
2428,10:53:48,11.01,--,2,2202,买盘
2429,10:53:45,11.01,0.01,1,1101,买盘
2430,10:53:42,11.0,--,4,4400,卖盘
2431,10:53:39,11.0,--,3,3300,卖盘
2432,10:53:36,11.0,-0.01,1,1100,卖盘
2433,10:53:33,11.01,0.01,58,63858,买盘
2434,10:53:30,11.0,--,1,1100,买盘
2435,10:53:27,11.0,--,104,114400,买盘
2436,10:53:24,11.0,--,8,8800,买盘
2437,10:53:21,11.0,--,2,2200,买盘
2438,10:53:18,11.0,-0.01,44,48400,卖盘
2439,10:53:12,11.01,--,15,16515,买盘
2440,10:53:09,11.01,--,36,39636,买盘
2441,10:53:06,11.01,0.01,25,27525,买盘
2442,10:53:03,11.0,-0.01,2,2200,卖盘
2443,10:53:00,11.01,0.01,104,114504,买盘
2444,10:52:57,11.0,-0.01,3,3300,卖盘
2445,10:52:51,11.01,0.01,1,1101,买盘
2446,10:52:48,11.0,--,1,1100,卖盘
2447,10:52:45,11.0,--,3,3300,卖盘
2448,10:52:42,11.0,--,1,1100,卖盘
2449,10:52:39,11.0,--,19,20900,卖盘
2450,10:52:36,11.0,--,106,116600,卖盘
2451,10:52:30,11.0,--,1,1100,卖盘
2452,10:52:27,11.0,-0.01,19,20900,卖盘
2453,10:52:24,11.01,0.01,11,12111,买盘
2454,10:52:21,11.0,--,1,1100,买盘
2455,10:52:18,11.0,--,2,2200,中性盘
2456,10:52:15,11.0,--,65,71500,卖盘
2457,10:52:12,11.0,--,364,400400,买盘
2458,10:52:09,11.0,--,17,18700,买盘
2459,10:52:06,11.0,--,3,3300,买盘
2460,10:52:03,11.0,0.01,35,38500,买盘
2461,10:52:00,10.99,--,2,2198,卖盘
2462,10:51:57,10.99,-0.02,1,1099,卖盘
2463,10:51:51,11.01,0.01,14,15414,买盘
2464,10:51:48,11.0,--,59,64900,买盘
2465,10:51:45,11.0,0.01,84,92400,买盘
2466,10:51:42,10.99,--,1,1099,卖盘
2467,10:51:39,10.99,--,2,2198,卖盘
2468,10:51:36,10.99,-0.01,1,1099,卖盘
2469,10:51:33,11.0,0.01,15,16500,买盘
2470,10:51:30,10.99,--,3,3297,卖盘
2471,10:51:27,10.99,-0.01,1,1099,卖盘
2472,10:51:24,11.0,-0.01,21,23100,买盘
2473,10:51:21,11.01,0.01,105,115605,买盘
2474,10:51:18,11.0,--,14,15400,卖盘
2475,10:51:12,11.0,-0.01,1,1100,卖盘
2476,10:51:09,11.01,0.01,48,52848,买盘
2477,10:51:06,11.0,--,2,2200,买盘
2478,10:51:03,11.0,0.01,153,168300,买盘
2479,10:51:00,10.99,--,2,2198,卖盘
2480,10:50:57,10.99,0.01,5,5495,买盘
2481,10:50:51,10.98,-0.01,55,60390,卖盘
2482,10:50:48,10.99,-0.01,42,46158,卖盘
2483,10:50:45,11.0,0.01,2,2200,买盘
2484,10:50:42,10.99,--,1,1099,卖盘
2485,10:50:39,10.99,--,11,12089,卖盘
2486,10:50:36,10.99,-0.01,3,3297,卖盘
2487,10:50:33,11.0,--,3,3300,买盘
2488,10:50:30,11.0,0.01,104,114400,买盘
2489,10:50:27,10.99,-0.01,1,1099,卖盘
2490,10:50:24,11.0,--,1,1100,买盘
2491,10:50:21,11.0,0.01,1,1100,买盘
2492,10:50:18,10.99,-0.01,4,4396,卖盘
2493,10:50:12,11.0,--,16,17600,买盘
2494,10:50:09,11.0,--,4,4400,买盘
2495,10:50:06,11.0,--,88,96800,买盘
2496,10:50:03,11.0,--,1,1100,买盘
2497,10:50:00,11.0,0.01,34,37400,买盘
2498,10:49:57,10.99,-0.01,7,7693,卖盘
2499,10:49:54,11.0,0.01,2,2200,买盘
2500,10:49:48,10.99,-0.01,1,1099,卖盘
2501,10:49:45,11.0,--,233,256641,卖盘
2502,10:49:42,11.0,--,106,116600,卖盘
2503,10:49:39,11.0,--,3,3300,卖盘
2504,10:49:36,11.0,--,2,2200,卖盘
2505,10:49:27,11.0,--,1,1100,卖盘
2506,10:49:24,11.0,--,388,427559,买盘
2507,10:49:18,11.0,--,21,23100,买盘
2508,10:49:15,11.0,0.01,105,115500,买盘
2509,10:49:12,10.99,-0.01,23,25277,卖盘
2510,10:49:09,11.0,--,3,3300,买盘
2511,10:49:06,11.0,--,2,2200,买盘
2512,10:49:03,11.0,0.01,31,34100,买盘
2513,10:49:00,10.99,-0.01,2,2198,卖盘
2514,10:48:57,11.0,0.01,22,24200,买盘
2515,10:48:54,10.99,--,20,21980,卖盘
2516,10:48:51,10.99,--,43,47257,买盘
2517,10:48:48,10.99,--,60,65940,买盘
2518,10:48:45,10.99,--,279,306621,买盘
2519,10:48:42,10.99,0.01,2,2198,买盘
2520,10:48:39,10.98,--,2,2196,卖盘
2521,10:48:36,10.98,-0.02,2,2196,卖盘
2522,10:48:33,11.0,0.02,1,1100,买盘
2523,10:48:27,10.98,-0.02,96,105408,卖盘
2524,10:48:24,11.0,0.02,4,4400,买盘
2525,10:48:21,10.98,-0.02,5,5490,卖盘
2526,10:48:18,11.0,0.01,22,24200,买盘
2527,10:48:12,10.99,-0.01,11,12089,卖盘
2528,10:48:09,11.0,0.01,4,4400,买盘
2529,10:48:06,10.99,--,6,6594,卖盘
2530,10:48:03,10.99,--,41,45059,卖盘
2531,10:48:00,10.99,-0.01,8,8792,卖盘
2532,10:47:57,11.0,0.01,10,11000,买盘
2533,10:47:48,10.99,-0.01,67,73633,卖盘
2534,10:47:45,11.0,0.02,1,1100,买盘
2535,10:47:42,10.98,--,2,2196,卖盘
2536,10:47:39,10.98,--,1,1098,卖盘
2537,10:47:36,10.98,-0.02,3,3294,卖盘
2538,10:47:33,11.0,--,1,1100,买盘
2539,10:47:27,11.0,--,31,34100,买盘
2540,10:47:24,11.0,--,2,2200,买盘
2541,10:47:21,11.0,--,4,4400,买盘
2542,10:47:18,11.0,0.02,76,83600,买盘
2543,10:47:15,10.98,--,3,3294,卖盘
2544,10:47:12,10.98,-0.01,1,1098,卖盘
2545,10:47:09,10.99,--,3,3297,买盘
2546,10:47:06,10.99,--,1,1099,买盘
2547,10:47:03,10.99,0.01,48,52752,买盘
2548,10:47:00,10.98,--,1,1098,卖盘
2549,10:46:57,10.98,--,2,2196,卖盘
2550,10:46:54,10.98,-0.01,11,12078,卖盘
2551,10:46:51,10.99,0.01,20,21980,买盘
2552,10:46:48,10.98,-0.01,2,2196,卖盘
2553,10:46:45,10.99,0.01,2,2198,买盘
2554,10:46:42,10.98,--,1,1098,卖盘
2555,10:46:39,10.98,--,1,1098,卖盘
2556,10:46:36,10.98,-0.01,3,3294,卖盘
2557,10:46:33,10.99,0.01,8,8792,买盘
2558,10:46:30,10.98,--,8,8784,卖盘
2559,10:46:27,10.98,-0.01,1,1098,卖盘
2560,10:46:24,10.99,0.01,1,1099,买盘
2561,10:46:21,10.98,--,30,32940,卖盘
2562,10:46:18,10.98,-0.01,4,4392,卖盘
2563,10:46:15,10.99,--,23,25277,买盘
2564,10:46:12,10.99,--,32,35168,买盘
2565,10:46:09,10.99,--,18,19782,买盘
2566,10:46:06,10.99,--,24,26376,买盘
2567,10:46:03,10.99,0.01,34,37366,买盘
2568,10:46:00,10.98,-0.01,34,37332,卖盘
2569,10:45:57,10.99,0.01,21,23079,买盘
2570,10:45:54,10.98,--,1,1098,卖盘
2571,10:45:48,10.98,-0.01,2,2196,卖盘
2572,10:45:45,10.99,0.01,1,1099,买盘
2573,10:45:42,10.98,--,12,13176,卖盘
2574,10:45:39,10.98,-0.01,33,36234,卖盘
2575,10:45:36,10.99,--,21,23079,买盘
2576,10:45:30,10.99,0.01,2,2198,买盘
2577,10:45:27,10.98,-0.01,4,4392,卖盘
2578,10:45:24,10.99,0.01,2,2198,买盘
2579,10:45:18,10.98,-0.01,4,4392,卖盘
2580,10:45:15,10.99,--,6,6594,买盘
2581,10:45:12,10.99,--,358,393442,买盘
2582,10:45:09,10.99,0.01,3,3297,买盘
2583,10:45:06,10.98,--,39,42822,卖盘
2584,10:45:03,10.98,--,3,3294,卖盘
2585,10:45:00,10.98,--,30,32940,卖盘
2586,10:44:57,10.98,--,1,1098,卖盘
2587,10:44:54,10.98,--,21,23058,卖盘
2588,10:44:48,10.98,-0.01,51,55998,卖盘
2589,10:44:45,10.99,--,22,24178,买盘
2590,10:44:42,10.99,0.01,26,28574,买盘
2591,10:44:39,10.98,-0.01,3,3294,卖盘
2592,10:44:36,10.99,--,2,2198,买盘
2593,10:44:33,10.99,0.01,1,1099,买盘
2594,10:44:30,10.98,--,2,2196,卖盘
2595,10:44:24,10.98,--,2,2196,卖盘
2596,10:44:21,10.98,--,30,32940,卖盘
2597,10:44:18,10.98,--,4,4392,卖盘
2598,10:44:15,10.98,-0.01,9,9882,卖盘
2599,10:44:12,10.99,-0.01,488,536312,卖盘
2600,10:44:09,11.0,0.01,18,19800,买盘
2601,10:44:06,10.99,-0.01,107,117593,卖盘
2602,10:44:03,11.0,0.01,1,1100,买盘
2603,10:43:57,10.99,--,1,1099,卖盘
2604,10:43:54,10.99,-0.01,1,1099,卖盘
2605,10:43:51,11.0,--,32,35200,买盘
2606,10:43:48,11.0,--,22,24200,买盘
2607,10:43:45,11.0,--,1,1100,买盘
2608,10:43:42,11.0,0.01,43,47300,买盘
2609,10:43:39,10.99,0.01,89,97811,买盘
2610,10:43:36,10.98,-0.02,2,2196,卖盘
2611,10:43:33,11.0,0.01,33,36300,买盘
2612,10:43:24,10.99,--,3,3297,卖盘
2613,10:43:18,10.99,--,1,1099,卖盘
2614,10:43:12,10.99,--,1,1099,买盘
2615,10:43:09,10.99,--,1,1099,卖盘
2616,10:43:06,10.99,-0.01,119,130781,卖盘
2617,10:43:00,11.0,0.01,81,89100,买盘
2618,10:42:57,10.99,--,4,4396,卖盘
2619,10:42:54,10.99,--,1,1099,卖盘
2620,10:42:48,10.99,--,2,2198,卖盘
2621,10:42:45,10.99,--,127,139573,卖盘
2622,10:42:42,10.99,--,6,6594,卖盘
2623,10:42:39,10.99,--,51,56049,卖盘
2624,10:42:36,10.99,-0.01,23,25277,卖盘
2625,10:42:33,11.0,--,1,1100,买盘
2626,10:42:30,11.0,0.01,9,9900,买盘
2627,10:42:24,10.99,0.01,3,3297,买盘
2628,10:42:21,10.98,-0.01,30,32940,卖盘
2629,10:42:18,10.99,0.01,2,2198,买盘
2630,10:42:12,10.98,--,60,65880,卖盘
2631,10:42:09,10.98,-0.02,7,7686,卖盘
2632,10:42:03,11.0,0.01,24,26400,买盘
2633,10:41:57,10.99,0.01,1,1099,中性盘
2634,10:41:54,10.98,--,33,36234,卖盘
2635,10:41:48,10.98,-0.01,58,63684,卖盘
2636,10:41:45,10.99,--,2,2198,买盘
2637,10:41:39,10.99,-0.01,33,36267,卖盘
2638,10:41:36,11.0,0.01,5,5500,买盘
2639,10:41:33,10.99,--,1,1099,卖盘
2640,10:41:30,10.99,--,2,2198,卖盘
2641,10:41:27,10.99,-0.01,1,1099,卖盘
2642,10:41:24,11.0,0.02,2,2200,买盘
2643,10:41:18,10.98,-0.02,1,1098,卖盘
2644,10:41:15,11.0,0.02,1,1100,买盘
2645,10:41:09,10.98,-0.02,18,19764,卖盘
2646,10:41:06,11.0,--,1,1100,买盘
2647,10:41:03,11.0,--,2,2200,买盘
2648,10:41:00,11.0,0.02,47,51700,买盘
2649,10:40:57,10.98,--,31,34038,卖盘
2650,10:40:51,10.98,--,50,54900,卖盘
2651,10:40:48,10.98,-0.01,1,1098,卖盘
2652,10:40:45,10.99,0.01,13,14287,买盘
2653,10:40:42,10.98,--,3,3294,卖盘
2654,10:40:39,10.98,--,14,15372,卖盘
2655,10:40:36,10.98,-0.01,4,4392,卖盘
2656,10:40:33,10.99,-0.01,70,77930,卖盘
2657,10:40:30,11.0,--,101,111100,买盘
2658,10:40:27,11.0,--,20,22000,买盘
2659,10:40:24,11.0,--,1,1100,买盘
2660,10:40:21,11.0,0.01,50,55000,买盘
2661,10:40:18,10.99,-0.01,1,1099,卖盘
2662,10:40:15,11.0,0.01,1,1100,买盘
2663,10:40:09,10.99,--,96,105504,卖盘
2664,10:40:06,10.99,-0.01,5,5495,卖盘
2665,10:40:03,11.0,0.01,2,2200,买盘
2666,10:40:00,10.99,--,15,16485,卖盘
2667,10:39:57,10.99,-0.01,1,1099,卖盘
2668,10:39:54,11.0,0.01,24,26400,买盘
2669,10:39:48,10.99,--,34,37366,卖盘
2670,10:39:45,10.99,--,12,13188,卖盘
2671,10:39:42,10.99,--,90,98910,卖盘
2672,10:39:39,10.99,--,31,34069,卖盘
2673,10:39:36,10.99,-0.01,2,2198,卖盘
2674,10:39:30,11.0,--,3,3300,买盘
2675,10:39:24,11.0,--,1,1100,买盘
2676,10:39:18,11.0,0.01,52,57200,买盘
2677,10:39:15,10.99,-0.01,91,100009,卖盘
2678,10:39:12,11.0,0.01,1,1100,买盘
2679,10:39:09,10.99,-0.01,8,8792,卖盘
2680,10:39:06,11.0,--,17,18700,买盘
2681,10:39:03,11.0,0.01,60,66000,买盘
2682,10:39:00,10.99,--,30,32970,卖盘
2683,10:38:57,10.99,-0.01,1,1099,卖盘
2684,10:38:54,11.0,0.01,14,15400,买盘
2685,10:38:48,10.99,-0.01,34,37366,卖盘
2686,10:38:45,11.0,0.01,92,101200,买盘
2687,10:38:39,10.99,--,14,15386,卖盘
2688,10:38:33,10.99,--,2,2198,卖盘
2689,10:38:30,10.99,-0.01,1,1099,卖盘
2690,10:38:24,11.0,--,92,101200,买盘
2691,10:38:21,11.0,0.01,31,34100,买盘
2692,10:38:18,10.99,--,1,1099,卖盘
2693,10:38:15,10.99,--,1,1099,卖盘
2694,10:38:09,10.99,-0.01,1,1099,卖盘
2695,10:38:06,11.0,--,8,8800,买盘
2696,10:38:03,11.0,0.01,1,1100,买盘
2697,10:38:00,10.99,--,1,1099,卖盘
2698,10:37:57,10.99,-0.01,1,1099,卖盘
2699,10:37:51,11.0,--,30,33000,买盘
2700,10:37:48,11.0,--,15,16500,买盘
2701,10:37:45,11.0,0.01,31,34100,买盘
2702,10:37:39,10.99,--,31,34069,卖盘
2703,10:37:36,10.99,--,94,103306,卖盘
2704,10:37:33,10.99,--,36,39564,卖盘
2705,10:37:30,10.99,--,111,121989,卖盘
2706,10:37:24,10.99,--,23,25277,卖盘
2707,10:37:18,10.99,--,21,23079,卖盘
2708,10:37:15,10.99,--,102,112098,卖盘
2709,10:37:12,10.99,--,67,73633,卖盘
2710,10:37:09,10.99,-0.01,100,109900,卖盘
2711,10:37:06,11.0,--,5,5500,买盘
2712,10:37:03,11.0,0.01,2,2200,买盘
2713,10:37:00,10.99,-0.01,32,35168,卖盘
2714,10:36:57,11.0,--,5,5500,买盘
2715,10:36:48,11.0,--,20,22000,买盘
2716,10:36:45,11.0,--,2,2200,买盘
2717,10:36:42,11.0,0.01,34,37400,买盘
2718,10:36:39,10.99,--,142,156058,卖盘
2719,10:36:33,10.99,-0.01,32,35168,卖盘
2720,10:36:24,11.0,0.01,2,2200,买盘
2721,10:36:21,10.99,--,33,36267,卖盘
2722,10:36:18,10.99,--,6,6594,卖盘
2723,10:36:15,10.99,-0.01,9,9891,卖盘
2724,10:36:06,11.0,--,1,1100,买盘
2725,10:36:03,11.0,0.01,1,1100,买盘
2726,10:36:00,10.99,-0.01,2,2198,卖盘
2727,10:35:57,11.0,-0.01,641,705540,卖盘
2728,10:35:51,11.01,0.01,58,63858,买盘
2729,10:35:48,11.0,-0.01,103,113960,卖盘
2730,10:35:45,11.01,0.01,3,3303,买盘
2731,10:35:42,11.0,--,32,35200,卖盘
2732,10:35:39,11.0,--,30,33000,卖盘
2733,10:35:36,11.0,--,2,2200,卖盘
2734,10:35:30,11.0,-0.01,69,75900,卖盘
2735,10:35:24,11.01,0.01,6,6606,买盘
2736,10:35:21,11.0,--,3,3300,卖盘
2737,10:35:18,11.0,--,2,2200,卖盘
2738,10:35:15,11.0,--,1,1100,卖盘
2739,10:35:12,11.0,-0.01,3,3300,卖盘
2740,10:35:09,11.01,--,45,49545,买盘
2741,10:35:03,11.01,0.01,2,2202,买盘
2742,10:35:00,11.0,--,34,37400,卖盘
2743,10:34:57,11.0,-0.01,78,85800,卖盘
2744,10:34:54,11.01,0.01,1,1101,买盘
2745,10:34:48,11.0,-0.01,1,1100,卖盘
2746,10:34:45,11.01,0.01,20,22020,买盘
2747,10:34:42,11.0,-0.01,6,6600,卖盘
2748,10:34:39,11.01,0.01,28,30828,买盘
2749,10:34:36,11.0,-0.01,8,8800,卖盘
2750,10:34:33,11.01,--,5,5505,买盘
2751,10:34:24,11.01,--,9,9909,卖盘
2752,10:34:21,11.01,-0.01,9,9909,卖盘
2753,10:34:18,11.02,0.01,24,26448,买盘
2754,10:34:15,11.01,--,6,6606,卖盘
2755,10:34:12,11.01,--,32,35232,卖盘
2756,10:34:06,11.01,-0.01,130,143130,卖盘
2757,10:34:03,11.02,0.01,2,2204,买盘
2758,10:34:00,11.01,-0.01,6,6606,卖盘
2759,10:33:45,11.02,--,19,20938,买盘
2760,10:33:42,11.02,0.01,30,33060,买盘
2761,10:33:39,11.01,--,30,33030,卖盘
2762,10:33:36,11.01,-0.01,7,7707,卖盘
2763,10:33:27,11.02,--,6,6612,买盘
2764,10:33:24,11.02,--,1,1102,买盘
2765,10:33:18,11.02,0.01,16,17632,买盘
2766,10:33:12,11.01,-0.01,2,2202,卖盘
2767,10:33:03,11.02,0.01,4,4408,买盘
2768,10:33:00,11.01,-0.01,30,33030,卖盘
2769,10:32:45,11.02,--,14,15428,买盘
2770,10:32:36,11.02,0.02,34,37468,买盘
2771,10:32:33,11.0,--,47,51700,卖盘
2772,10:32:30,11.0,-0.02,40,44000,卖盘
2773,10:32:24,11.02,0.02,3,3306,买盘
2774,10:32:21,11.0,-0.02,30,33000,卖盘
2775,10:32:18,11.02,--,4,4408,买盘
2776,10:32:12,11.02,0.01,198,218196,买盘
2777,10:32:09,11.01,--,24,27084,卖盘
2778,10:32:06,11.01,-0.01,11,12111,卖盘
2779,10:32:03,11.02,0.01,11,12122,买盘
2780,10:32:00,11.01,--,3,3303,卖盘
2781,10:31:57,11.01,--,22,24222,卖盘
2782,10:31:54,11.01,-0.01,15,16515,卖盘
2783,10:31:48,11.02,--,57,62814,买盘
2784,10:31:45,11.02,--,2,2204,买盘
2785,10:31:42,11.02,0.01,16,17632,买盘
2786,10:31:39,11.01,--,67,73767,卖盘
2787,10:31:36,11.01,--,23,25323,卖盘
2788,10:31:30,11.01,--,5,5505,卖盘
2789,10:31:27,11.01,-0.01,10,11010,卖盘
2790,10:31:24,11.02,--,1,1102,买盘
2791,10:31:21,11.02,0.01,11,12122,买盘
2792,10:31:18,11.01,-0.01,16,17616,卖盘
2793,10:31:15,11.02,0.01,109,120118,买盘
2794,10:31:12,11.01,-0.01,9,9909,卖盘
2795,10:31:09,11.02,0.01,60,66120,买盘
2796,10:31:06,11.01,-0.01,17,18717,卖盘
2797,10:31:03,11.02,0.01,10,11020,买盘
2798,10:31:00,11.01,--,80,88080,卖盘
2799,10:30:57,11.01,--,9,9909,卖盘
2800,10:30:54,11.01,--,44,48444,卖盘
2801,10:30:51,11.01,--,87,95787,卖盘
2802,10:30:48,11.01,-0.01,10,11010,卖盘
2803,10:30:45,11.02,0.01,18,19836,买盘
2804,10:30:39,11.01,-0.01,35,38535,卖盘
2805,10:30:36,11.02,--,70,77140,买盘
2806,10:30:33,11.02,0.01,31,34162,买盘
2807,10:30:30,11.01,--,7,7707,卖盘
2808,10:30:27,11.01,-0.01,2,2202,卖盘
2809,10:30:24,11.02,--,32,35264,买盘
2810,10:30:21,11.02,--,68,75376,买盘
2811,10:30:15,11.02,0.01,73,80446,买盘
2812,10:30:09,11.01,-0.01,72,79272,卖盘
2813,10:30:06,11.02,--,1,1102,买盘
2814,10:30:03,11.02,--,1,1102,买盘
2815,10:30:00,11.02,0.01,20,22040,买盘
2816,10:29:54,11.01,--,88,96888,卖盘
2817,10:29:48,11.01,-0.01,2,2202,卖盘
2818,10:29:45,11.02,0.01,2,2204,买盘
2819,10:29:42,11.01,-0.01,31,34131,卖盘
2820,10:29:39,11.02,--,222,244644,买盘
2821,10:29:33,11.02,0.01,89,98078,买盘
2822,10:29:30,11.01,-0.01,12,13212,卖盘
2823,10:29:27,11.02,0.01,29,31958,买盘
2824,10:29:24,11.01,--,2,2202,卖盘
2825,10:29:21,11.01,-0.01,2,2202,卖盘
2826,10:29:15,11.02,0.01,110,121220,买盘
2827,10:29:12,11.01,0.01,125,137625,买盘
2828,10:29:09,11.0,--,110,121000,卖盘
2829,10:29:06,11.0,-0.01,6,6600,卖盘
2830,10:29:03,11.01,0.01,2,2202,买盘
2831,10:28:57,11.0,--,5,5500,卖盘
2832,10:28:54,11.0,--,27,29700,卖盘
2833,10:28:51,11.0,-0.01,3,3300,卖盘
2834,10:28:45,11.01,--,1,1101,买盘
2835,10:28:42,11.01,0.01,22,24222,买盘
2836,10:28:39,11.0,--,46,50600,卖盘
2837,10:28:36,11.0,--,33,36300,卖盘
2838,10:28:33,11.0,-0.01,2,2200,卖盘
2839,10:28:24,11.01,0.01,2,2202,买盘
2840,10:28:21,11.0,-0.01,22,24200,卖盘
2841,10:28:15,11.01,0.01,280,308280,买盘
2842,10:28:12,11.0,--,30,33000,卖盘
