,time,price,change,volume,amount,type
0,15:00:03,10.63,--,3166,3365458,买盘
1,14:57:00,10.63,--,77,81851,买盘
2,14:56:57,10.63,0.01,72,76536,买盘
3,14:56:54,10.62,-0.01,160,169920,卖盘
4,14:56:51,10.63,--,63,67755,买盘
5,14:56:45,10.63,--,136,144568,卖盘
6,14:56:42,10.63,--,49,52087,卖盘
7,14:56:39,10.63,--,140,149734,卖盘
8,14:56:36,10.63,--,350,372050,卖盘
9,14:56:33,10.63,-0.01,45,47835,卖盘
10,14:56:30,10.64,--,28,29792,买盘
11,14:56:27,10.64,0.01,18,19152,买盘
12,14:56:24,10.63,-0.01,32,34016,卖盘
13,14:56:21,10.64,0.01,117,124488,买盘
14,14:56:15,10.63,--,3,3189,卖盘
15,14:56:12,10.63,-0.01,37,39331,卖盘
16,14:56:09,10.64,--,10,10640,买盘
17,14:56:06,10.64,0.01,933,992712,中性盘
18,14:56:03,10.63,-0.02,309,328467,卖盘
19,14:56:00,10.65,0.01,201,214065,买盘
20,14:55:57,10.64,--,61,64904,买盘
21,14:55:54,10.64,-0.01,11,11704,买盘
22,14:55:51,10.65,0.01,607,646455,买盘
23,14:55:45,10.64,--,62,65968,卖盘
24,14:55:42,10.64,--,116,123424,卖盘
25,14:55:39,10.64,--,21,22344,卖盘
26,14:55:36,10.64,--,8,8512,卖盘
27,14:55:33,10.64,-0.01,23,24472,卖盘
28,14:55:30,10.65,--,2,2130,买盘
29,14:55:27,10.65,--,10,10650,买盘
30,14:55:24,10.65,--,33,35145,买盘
31,14:55:21,10.65,--,82,87330,买盘
32,14:55:18,10.65,0.01,20,21300,买盘
33,14:55:15,10.64,--,217,230888,卖盘
34,14:55:12,10.64,-0.01,16,17024,卖盘
35,14:55:09,10.65,0.01,11,11715,买盘
36,14:55:06,10.64,--,37,39368,卖盘
37,14:55:03,10.64,-0.01,2,2128,卖盘
38,14:55:00,10.65,0.01,5,5325,买盘
39,14:54:57,10.64,-0.01,3,3192,卖盘
40,14:54:54,10.65,0.01,3,3195,买盘
41,14:54:51,10.64,-0.01,36,38304,卖盘
42,14:54:48,10.65,0.01,45,47925,买盘
43,14:54:45,10.64,-0.01,21,22344,卖盘
44,14:54:42,10.65,--,14,14910,买盘
45,14:54:39,10.65,0.01,12,12780,买盘
46,14:54:36,10.64,-0.01,2,2128,卖盘
47,14:54:33,10.65,--,21,22365,卖盘
48,14:54:30,10.65,0.02,165,175725,中性盘
49,14:54:27,10.63,-0.02,200,212972,卖盘
50,14:54:24,10.65,--,70,74550,卖盘
51,14:54:21,10.65,--,13,13845,买盘
52,14:54:18,10.65,--,16,17040,卖盘
53,14:54:15,10.65,-0.01,14,14910,卖盘
54,14:54:12,10.66,--,1,1066,买盘
55,14:54:09,10.66,0.01,5,5330,买盘
56,14:54:06,10.65,-0.01,17,18105,中性盘
57,14:54:00,10.66,0.03,44,46904,买盘
58,14:53:57,10.63,-0.03,140,148820,卖盘
59,14:53:54,10.66,0.03,265,282490,买盘
60,14:53:51,10.63,-0.01,363,386336,卖盘
61,14:53:48,10.64,--,15,15960,买盘
62,14:53:45,10.64,--,75,79800,买盘
63,14:53:42,10.64,--,32,34048,买盘
64,14:53:39,10.64,--,225,240049,卖盘
65,14:53:36,10.64,--,84,89376,卖盘
66,14:53:33,10.64,-0.02,96,102144,卖盘
67,14:53:30,10.66,0.01,12,12792,买盘
68,14:53:27,10.65,0.01,85,90525,买盘
69,14:53:24,10.64,--,36,38623,卖盘
70,14:53:21,10.64,--,170,180880,卖盘
71,14:53:18,10.64,--,40,42560,卖盘
72,14:53:15,10.64,-0.01,88,93727,卖盘
73,14:53:12,10.65,0.01,41,43665,买盘
74,14:53:03,10.64,--,85,90440,卖盘
75,14:52:54,10.64,--,4,4256,卖盘
76,14:52:51,10.64,--,98,104272,买盘
77,14:52:48,10.64,0.01,33,35112,中性盘
78,14:52:42,10.63,-0.01,34,36142,卖盘
79,14:52:39,10.64,-0.01,19,20216,卖盘
80,14:52:33,10.65,--,20,21907,买盘
81,14:52:30,10.65,--,113,120345,买盘
82,14:52:27,10.65,-0.01,2,2130,中性盘
83,14:52:24,10.66,0.01,544,579904,买盘
84,14:52:21,10.65,--,819,872235,买盘
85,14:52:18,10.65,0.01,91,96915,买盘
86,14:52:15,10.64,--,76,80864,买盘
87,14:52:09,10.64,--,37,39368,买盘
88,14:52:06,10.64,--,37,39368,买盘
89,14:52:03,10.64,--,46,48944,买盘
90,14:52:00,10.64,--,78,82992,买盘
91,14:51:54,10.64,--,12,12938,卖盘
92,14:51:51,10.64,-0.01,23,24472,卖盘
93,14:51:48,10.65,0.01,11,11715,买盘
94,14:51:45,10.64,--,23,25504,卖盘
95,14:51:42,10.64,--,123,130872,卖盘
96,14:51:39,10.64,--,10,10640,卖盘
97,14:51:36,10.64,0.01,300,319200,买盘
98,14:51:33,10.63,--,70,74930,卖盘
99,14:51:30,10.63,-0.01,35,37205,卖盘
100,14:51:27,10.64,--,7,7448,买盘
101,14:51:24,10.64,0.01,1,1064,买盘
102,14:51:21,10.63,-0.01,4,4252,卖盘
103,14:51:18,10.64,--,63,67032,买盘
104,14:51:15,10.64,--,41,43624,买盘
105,14:51:12,10.64,0.01,5,5320,买盘
106,14:51:09,10.63,-0.01,139,147958,卖盘
107,14:51:06,10.64,--,72,76608,买盘
108,14:51:03,10.64,0.01,24,25536,买盘
109,14:51:00,10.63,-0.01,5,5315,卖盘
110,14:50:57,10.64,--,13,13832,买盘
111,14:50:54,10.64,--,6,6384,买盘
112,14:50:51,10.64,--,10,10640,买盘
113,14:50:42,10.64,0.01,10,10640,买盘
114,14:50:39,10.63,-0.01,4,4252,卖盘
115,14:50:36,10.64,0.01,168,178752,买盘
116,14:50:33,10.63,--,88,94064,买盘
117,14:50:30,10.63,--,26,27638,买盘
118,14:50:27,10.63,--,2,2126,买盘
119,14:50:24,10.63,0.01,14,14882,买盘
120,14:50:21,10.62,-0.01,24,25487,卖盘
121,14:50:18,10.63,--,68,72284,买盘
122,14:50:09,10.63,0.01,10,10630,买盘
123,14:50:06,10.62,0.01,36,38232,买盘
124,14:50:03,10.61,--,19,20159,卖盘
125,14:50:00,10.61,-0.01,3,3183,卖盘
126,14:49:57,10.62,--,315,335252,买盘
127,14:49:54,10.62,--,17,18967,卖盘
128,14:49:51,10.62,--,32,34132,卖盘
129,14:49:48,10.62,--,31,32922,卖盘
130,14:49:42,10.62,-0.01,1,1062,卖盘
131,14:49:39,10.63,0.01,11,11693,买盘
132,14:49:36,10.62,-0.01,12,12743,卖盘
133,14:49:33,10.63,--,2,2126,买盘
134,14:49:30,10.63,0.01,7,7441,买盘
135,14:49:27,10.62,--,16,16992,卖盘
136,14:49:21,10.62,--,60,63719,卖盘
137,14:49:18,10.62,-0.01,42,44604,卖盘
138,14:49:15,10.63,--,183,194529,买盘
139,14:49:12,10.63,0.01,5,5315,买盘
140,14:49:06,10.62,-0.01,81,86160,卖盘
141,14:49:03,10.63,--,6,6378,买盘
142,14:49:00,10.63,0.01,5,5315,买盘
143,14:48:57,10.62,-0.01,11,11682,卖盘
144,14:48:51,10.63,--,4,4252,买盘
145,14:48:48,10.63,0.01,159,169017,买盘
146,14:48:45,10.62,-0.01,15,15929,卖盘
147,14:48:42,10.63,-0.01,34,37066,卖盘
148,14:48:39,10.64,--,6,6384,买盘
149,14:48:36,10.64,0.01,74,78736,买盘
150,14:48:33,10.63,--,14,15020,卖盘
151,14:48:30,10.63,--,42,44646,买盘
152,14:48:27,10.63,0.01,50,53150,买盘
153,14:48:24,10.62,-0.01,95,100889,卖盘
154,14:48:21,10.63,--,8,8504,卖盘
155,14:48:18,10.63,--,4,4252,卖盘
156,14:48:15,10.63,0.01,165,175395,买盘
157,14:48:09,10.62,--,28,30373,卖盘
158,14:48:03,10.62,-0.01,2,2124,卖盘
159,14:48:00,10.63,0.01,301,319963,买盘
160,14:47:57,10.62,--,23,24426,卖盘
161,14:47:54,10.62,--,4,4248,卖盘
162,14:47:51,10.62,--,3,3185,卖盘
163,14:47:45,10.62,--,258,273996,买盘
164,14:47:42,10.62,0.01,93,98766,买盘
165,14:47:39,10.61,--,18,19098,卖盘
166,14:47:36,10.61,--,82,87002,买盘
167,14:47:33,10.61,--,54,57294,买盘
168,14:47:30,10.61,--,38,40318,买盘
169,14:47:27,10.61,0.01,158,167638,买盘
170,14:47:24,10.6,--,41,43831,卖盘
171,14:47:21,10.6,-0.01,55,58300,卖盘
172,14:47:18,10.61,0.01,40,42440,买盘
173,14:47:15,10.6,-0.01,220,233200,卖盘
174,14:47:12,10.61,0.01,40,42440,买盘
175,14:47:09,10.6,-0.01,234,248040,卖盘
176,14:47:06,10.61,0.01,47,49867,买盘
177,14:47:03,10.6,-0.01,52,55469,卖盘
178,14:47:00,10.61,--,78,82758,买盘
179,14:46:57,10.61,-0.01,618,655698,卖盘
180,14:46:54,10.62,--,10,10620,买盘
181,14:46:51,10.62,--,15,15929,买盘
182,14:46:48,10.62,--,138,146556,卖盘
183,14:46:45,10.62,-0.01,20,21240,卖盘
184,14:46:42,10.63,0.01,45,47835,买盘
185,14:46:39,10.62,0.01,69,73278,买盘
186,14:46:36,10.61,-0.01,44,46684,卖盘
187,14:46:33,10.62,0.01,5,5310,买盘
188,14:46:30,10.61,-0.01,1,1061,卖盘
189,14:46:27,10.62,--,46,48852,买盘
190,14:46:24,10.62,--,31,32922,买盘
191,14:46:21,10.62,0.01,46,48852,买盘
192,14:46:18,10.61,-0.01,11,11671,卖盘
193,14:46:15,10.62,--,1938,2058155,买盘
194,14:46:12,10.62,0.01,125,132750,买盘
195,14:46:09,10.61,--,45,47745,卖盘
196,14:46:03,10.61,-0.01,4,4244,卖盘
197,14:46:00,10.62,0.01,156,165672,买盘
198,14:45:57,10.61,-0.01,25,26525,中性盘
199,14:45:54,10.62,0.01,72,76559,买盘
200,14:45:51,10.61,-0.01,24,25464,中性盘
201,14:45:48,10.62,--,44,46728,买盘
202,14:45:45,10.62,--,89,94518,买盘
203,14:45:42,10.62,--,3522,3740363,买盘
204,14:45:39,10.62,--,51,54618,买盘
205,14:45:36,10.62,-0.01,609,646896,卖盘
206,14:45:33,10.63,0.01,38,40394,买盘
207,14:45:30,10.62,--,121,128501,卖盘
208,14:45:27,10.62,--,43,45666,卖盘
209,14:45:24,10.62,--,28,29735,卖盘
210,14:45:18,10.62,--,195,207089,卖盘
211,14:45:15,10.62,-0.01,22,24330,卖盘
212,14:45:12,10.63,--,8,8504,买盘
213,14:45:09,10.63,--,75,79725,买盘
214,14:45:03,10.63,--,24,25512,买盘
215,14:45:00,10.63,--,94,100357,买盘
216,14:44:57,10.63,0.01,28,29764,买盘
217,14:44:54,10.62,-0.01,204,216647,卖盘
218,14:44:51,10.63,--,4,4252,买盘
219,14:44:48,10.63,0.01,30,31890,买盘
220,14:44:45,10.62,--,38,40356,卖盘
221,14:44:42,10.62,-0.01,51,54161,卖盘
222,14:44:39,10.63,0.01,29,30827,买盘
223,14:44:36,10.62,-0.01,37,40164,卖盘
224,14:44:33,10.63,--,12,12756,买盘
225,14:44:30,10.63,0.01,17,18071,中性盘
226,14:44:27,10.62,-0.01,32,33984,卖盘
227,14:44:24,10.63,0.01,5,5315,中性盘
228,14:44:21,10.62,-0.02,946,1004651,卖盘
229,14:44:18,10.64,0.01,30,31920,买盘
230,14:44:15,10.63,--,20,21260,卖盘
231,14:44:12,10.63,--,55,59017,卖盘
232,14:44:09,10.63,--,10,10630,卖盘
233,14:44:06,10.63,-0.01,925,983275,卖盘
234,14:44:03,10.64,-0.01,136,144704,卖盘
235,14:44:00,10.65,--,10,10650,买盘
236,14:43:57,10.65,0.01,5,5325,买盘
237,14:43:54,10.64,-0.01,331,353120,卖盘
238,14:43:51,10.65,0.01,19,20235,买盘
239,14:43:45,10.64,--,206,219886,卖盘
240,14:43:39,10.64,-0.01,12,12768,卖盘
241,14:43:36,10.65,--,2,2130,买盘
242,14:43:33,10.65,--,25,26625,买盘
243,14:43:30,10.65,0.01,199,211935,买盘
244,14:43:27,10.64,--,109,115976,卖盘
245,14:43:24,10.64,--,119,126616,卖盘
246,14:43:21,10.64,-0.01,24,25536,卖盘
247,14:43:18,10.65,--,51,54538,买盘
248,14:43:15,10.65,0.01,194,206610,买盘
249,14:43:12,10.64,--,81,86184,卖盘
250,14:43:09,10.64,--,160,170240,卖盘
251,14:43:06,10.64,--,170,180880,卖盘
252,14:43:03,10.64,-0.01,76,80864,卖盘
253,14:43:00,10.65,--,85,90525,买盘
254,14:42:57,10.65,0.01,7,7455,买盘
255,14:42:54,10.64,--,11,11704,卖盘
256,14:42:51,10.64,-0.01,21,23259,卖盘
257,14:42:48,10.65,--,22,23430,买盘
258,14:42:45,10.65,--,3,3195,买盘
259,14:42:42,10.65,--,6,6752,卖盘
260,14:42:39,10.65,--,7,8104,卖盘
261,14:42:36,10.65,-0.01,12,12833,卖盘
262,14:42:33,10.66,0.01,22,23452,买盘
263,14:42:30,10.65,-0.01,35,37275,卖盘
264,14:42:27,10.66,0.01,6,6396,买盘
265,14:42:24,10.65,0.01,20,21300,中性盘
266,14:42:21,10.64,-0.01,42,44709,卖盘
267,14:42:18,10.65,-0.01,3,4238,卖盘
268,14:42:15,10.66,0.01,10,10660,买盘
269,14:42:12,10.65,--,54,57510,卖盘
270,14:42:09,10.65,--,21,22365,买盘
271,14:42:06,10.65,-0.01,13,13845,卖盘
272,14:42:03,10.66,--,30,31980,买盘
273,14:42:00,10.66,0.01,196,208936,买盘
274,14:41:57,10.65,0.01,7,7455,买盘
275,14:41:54,10.64,-0.01,44,47316,卖盘
276,14:41:51,10.65,0.01,3,3195,买盘
277,14:41:48,10.64,-0.01,1,1064,卖盘
278,14:41:42,10.65,--,5,5325,买盘
279,14:41:39,10.65,0.01,26,27690,买盘
280,14:41:36,10.64,--,25,27568,卖盘
281,14:41:33,10.64,--,31,32984,卖盘
282,14:41:30,10.64,-0.01,68,72352,卖盘
283,14:41:27,10.65,--,6,6390,买盘
284,14:41:24,10.65,--,66,70290,买盘
285,14:41:21,10.65,0.01,66,70290,买盘
286,14:41:18,10.64,-0.01,97,103708,卖盘
287,14:41:15,10.65,0.01,3,3195,买盘
288,14:41:12,10.64,-0.01,37,39368,卖盘
289,14:41:09,10.65,0.01,14,14910,买盘
290,14:41:06,10.64,-0.01,179,190456,卖盘
291,14:41:03,10.65,0.01,25,26625,买盘
292,14:41:00,10.64,--,172,183061,卖盘
293,14:40:57,10.64,-0.01,34,36176,卖盘
294,14:40:54,10.65,0.01,10,10650,买盘
295,14:40:51,10.64,-0.01,2,2128,卖盘
296,14:40:48,10.65,--,1,1065,买盘
297,14:40:45,10.65,0.01,20,21300,买盘
298,14:40:42,10.64,-0.01,82,87248,卖盘
299,14:40:39,10.65,0.01,84,90120,买盘
300,14:40:33,10.64,-0.01,13,13832,卖盘
301,14:40:30,10.65,0.01,80,85200,买盘
302,14:40:27,10.64,-0.01,1,1064,卖盘
303,14:40:24,10.65,0.01,50,53250,买盘
304,14:40:21,10.64,--,76,80864,卖盘
305,14:40:15,10.64,-0.01,156,166664,卖盘
306,14:40:12,10.65,0.01,30,31950,买盘
307,14:40:09,10.64,--,20,21280,卖盘
308,14:40:06,10.64,-0.01,1,1064,卖盘
309,14:40:03,10.65,--,3,3195,买盘
310,14:40:00,10.65,0.01,2,2130,买盘
311,14:39:57,10.64,--,47,50008,卖盘
312,14:39:54,10.64,--,9,9576,卖盘
313,14:39:51,10.64,--,28,30366,卖盘
314,14:39:48,10.64,--,24,25536,卖盘
315,14:39:45,10.64,-0.01,9,9576,卖盘
316,14:39:42,10.65,0.01,13,13845,买盘
317,14:39:39,10.64,-0.01,390,414960,卖盘
318,14:39:36,10.65,0.01,18,19170,买盘
319,14:39:33,10.64,-0.01,36,38910,卖盘
320,14:39:30,10.65,0.01,7,7455,买盘
321,14:39:27,10.64,-0.01,45,47880,卖盘
322,14:39:24,10.65,0.01,23,24495,买盘
323,14:39:21,10.64,-0.01,36,38304,卖盘
324,14:39:18,10.65,--,53,56445,买盘
325,14:39:15,10.65,0.01,49,52185,买盘
326,14:39:12,10.64,--,4,4256,卖盘
327,14:39:09,10.64,-0.01,33,35718,卖盘
328,14:39:06,10.65,--,4,4260,买盘
329,14:39:03,10.65,0.01,59,62835,买盘
330,14:39:00,10.64,-0.01,398,423472,卖盘
331,14:38:57,10.65,--,10,10650,买盘
332,14:38:54,10.65,--,2,2130,买盘
333,14:38:51,10.65,0.01,28,29820,买盘
334,14:38:48,10.64,-0.02,352,374538,卖盘
335,14:38:45,10.66,--,24,25584,买盘
336,14:38:42,10.66,0.01,29,30914,买盘
337,14:38:39,10.65,-0.01,6,6390,卖盘
338,14:38:33,10.66,--,11,11726,买盘
339,14:38:30,10.66,0.01,61,65026,买盘
340,14:38:27,10.65,-0.01,13,14420,卖盘
341,14:38:24,10.66,0.01,6,6396,买盘
342,14:38:21,10.65,-0.01,54,57510,卖盘
343,14:38:18,10.66,--,20,21320,买盘
344,14:38:12,10.66,0.01,11,11726,买盘
345,14:38:09,10.65,--,39,41535,卖盘
346,14:38:06,10.65,--,274,291810,买盘
347,14:38:03,10.65,--,51,54315,买盘
348,14:38:00,10.65,0.01,6,6390,买盘
349,14:37:57,10.64,-0.01,41,43624,卖盘
350,14:37:54,10.65,0.01,3,3195,买盘
351,14:37:51,10.64,--,2,2128,卖盘
352,14:37:48,10.64,-0.01,19,20482,卖盘
353,14:37:45,10.65,0.01,3,3195,买盘
354,14:37:42,10.64,-0.01,2,2128,卖盘
355,14:37:36,10.65,--,8,8520,买盘
356,14:37:33,10.65,0.01,22,23430,买盘
357,14:37:30,10.64,-0.01,24,25631,卖盘
358,14:37:27,10.65,0.02,64,68160,买盘
359,14:37:18,10.63,-0.01,30,31890,卖盘
360,14:37:15,10.64,--,40,42560,买盘
361,14:37:12,10.64,--,51,54264,买盘
362,14:37:09,10.64,--,34,36176,买盘
363,14:37:06,10.64,--,46,48944,买盘
364,14:37:03,10.64,--,56,59584,买盘
365,14:37:00,10.64,--,365,388360,买盘
366,14:36:57,10.64,--,98,104272,买盘
367,14:36:54,10.64,--,353,375592,买盘
368,14:36:51,10.64,--,314,334096,买盘
369,14:36:48,10.64,--,39,41889,买盘
370,14:36:45,10.64,--,156,165984,买盘
371,14:36:42,10.64,--,20,21280,买盘
372,14:36:39,10.64,--,3,3192,买盘
373,14:36:36,10.64,--,350,372400,买盘
374,14:36:33,10.64,--,35,37240,买盘
375,14:36:30,10.64,--,11,11704,买盘
376,14:36:27,10.64,--,2,2128,买盘
377,14:36:24,10.64,0.01,225,239400,买盘
378,14:36:21,10.63,--,147,157270,卖盘
379,14:36:15,10.63,-0.01,50,53150,卖盘
380,14:36:12,10.64,0.01,1,1064,买盘
381,14:36:06,10.63,--,70,74410,卖盘
382,14:36:03,10.63,-0.01,13,13819,卖盘
383,14:36:00,10.64,--,4,4256,买盘
384,14:35:57,10.64,0.01,1,1064,买盘
385,14:35:54,10.63,--,186,197718,卖盘
386,14:35:51,10.63,--,565,600595,卖盘
387,14:35:45,10.63,-0.01,22,23492,卖盘
388,14:35:42,10.64,0.01,36,38304,买盘
389,14:35:39,10.63,0.01,99,105237,卖盘
390,14:35:33,10.62,-0.01,614,652068,卖盘
391,14:35:30,10.63,--,9,9567,卖盘
392,14:35:27,10.63,--,103,109489,卖盘
393,14:35:24,10.63,--,214,227482,买盘
394,14:35:21,10.63,--,71,75473,买盘
395,14:35:15,10.63,--,38,40394,买盘
396,14:35:12,10.63,--,33,35079,买盘
397,14:35:09,10.63,--,72,76536,买盘
398,14:35:06,10.63,--,43,45709,买盘
399,14:35:03,10.63,0.01,27,28701,买盘
400,14:35:00,10.62,-0.01,20,21240,卖盘
401,14:34:57,10.63,--,24,25512,买盘
402,14:34:51,10.63,--,5,5315,买盘
403,14:34:48,10.63,0.01,6,6378,买盘
404,14:34:45,10.62,-0.01,500,531000,卖盘
405,14:34:42,10.63,0.01,20,21260,买盘
406,14:34:39,10.62,-0.01,15,15929,卖盘
407,14:34:36,10.63,--,3,3189,买盘
408,14:34:33,10.63,--,68,72284,买盘
409,14:34:30,10.63,--,52,55276,买盘
410,14:34:27,10.63,-0.01,33,35079,卖盘
411,14:34:24,10.64,0.01,254,270256,买盘
412,14:34:21,10.63,--,17,18071,买盘
413,14:34:18,10.63,--,70,74410,买盘
414,14:34:15,10.63,--,588,625044,卖盘
415,14:34:09,10.63,-0.01,4,4252,卖盘
416,14:34:06,10.64,0.01,3,3192,买盘
417,14:34:03,10.63,--,30,31890,买盘
418,14:34:00,10.63,-0.01,65,69095,卖盘
419,14:33:57,10.64,0.01,78,82992,买盘
420,14:33:54,10.63,-0.01,114,121182,卖盘
421,14:33:51,10.64,0.01,58,61712,买盘
422,14:33:48,10.63,-0.01,15,15945,卖盘
423,14:33:45,10.64,--,11,11704,买盘
424,14:33:42,10.64,-0.01,35,37240,卖盘
425,14:33:39,10.65,--,60,63900,买盘
426,14:33:33,10.65,--,9,9585,买盘
427,14:33:30,10.65,0.01,2,2130,买盘
428,14:33:27,10.64,-0.01,139,147896,卖盘
429,14:33:24,10.65,0.01,173,184245,买盘
430,14:33:21,10.64,0.01,21,22344,买盘
431,14:33:18,10.63,-0.01,39,41457,卖盘
432,14:33:12,10.64,-0.01,9,9576,卖盘
433,14:33:09,10.65,--,33,35145,买盘
434,14:33:06,10.65,0.01,12,12780,买盘
435,14:33:00,10.64,0.02,18,19152,中性盘
436,14:32:57,10.62,-0.03,889,944117,卖盘
437,14:32:54,10.65,--,7,7455,买盘
438,14:32:51,10.65,--,44,46860,买盘
439,14:32:48,10.65,0.02,58,61770,买盘
440,14:32:45,10.63,--,33,35079,卖盘
441,14:32:42,10.63,-0.02,1500,1594500,卖盘
442,14:32:36,10.65,--,10,10650,买盘
443,14:32:33,10.65,-0.01,301,320565,卖盘
444,14:32:30,10.66,--,30,31980,买盘
445,14:32:27,10.66,0.01,10,10660,买盘
446,14:32:24,10.65,--,668,711420,卖盘
447,14:32:21,10.65,-0.01,19,20235,卖盘
448,14:32:18,10.66,0.01,40,42640,买盘
449,14:32:12,10.65,--,1,1065,卖盘
450,14:32:09,10.65,--,10,10650,卖盘
451,14:32:06,10.65,-0.01,1,1065,卖盘
452,14:31:57,10.66,--,13,13858,买盘
453,14:31:54,10.66,0.01,8,8528,买盘
454,14:31:45,10.65,-0.01,25,26625,卖盘
455,14:31:42,10.66,--,2,2132,买盘
456,14:31:36,10.66,--,3,3198,买盘
457,14:31:33,10.66,-0.01,8,8528,中性盘
458,14:31:27,10.67,--,171,182457,买盘
459,14:31:24,10.67,--,263,280621,买盘
460,14:31:12,10.67,0.02,2,2134,买盘
461,14:31:09,10.65,-0.02,34,36210,卖盘
462,14:31:06,10.67,--,2,2134,买盘
463,14:31:03,10.67,--,10,10670,买盘
464,14:31:00,10.67,0.02,5,5388,买盘
465,14:30:57,10.65,--,500,532500,卖盘
466,14:30:48,10.65,-0.02,1,1065,卖盘
467,14:30:42,10.67,--,13,13871,买盘
468,14:30:39,10.67,--,66,70422,买盘
469,14:30:36,10.67,--,213,227271,买盘
470,14:30:27,10.67,--,19,20273,买盘
471,14:30:24,10.67,0.01,266,283822,买盘
472,14:30:21,10.66,0.01,16,17056,卖盘
473,14:30:18,10.65,-0.01,53,56445,卖盘
474,14:30:12,10.66,--,10,10660,买盘
475,14:30:09,10.66,--,2,2132,买盘
476,14:30:06,10.66,--,37,39442,卖盘
477,14:30:03,10.66,--,113,120458,卖盘
478,14:30:00,10.66,--,5,5330,卖盘
479,14:29:48,10.66,-0.01,181,192946,卖盘
480,14:29:45,10.67,--,107,114169,卖盘
481,14:29:42,10.67,--,15,16005,卖盘
482,14:29:36,10.67,-0.01,9,9603,卖盘
483,14:29:33,10.68,0.01,21,22428,买盘
484,14:29:30,10.67,--,36,38412,卖盘
485,14:29:27,10.67,-0.01,47,50149,卖盘
486,14:29:24,10.68,0.01,186,198648,买盘
487,14:29:21,10.67,-0.01,25,26675,中性盘
488,14:29:18,10.68,0.02,3,3204,买盘
489,14:29:15,10.66,--,73,77818,卖盘
490,14:29:09,10.66,-0.02,9,9594,卖盘
491,14:29:06,10.68,--,35,37380,买盘
492,14:29:00,10.68,0.03,40,42720,买盘
493,14:28:57,10.65,-0.03,331,352515,卖盘
494,14:28:54,10.68,0.02,9,9612,买盘
495,14:28:51,10.66,--,43,45838,买盘
496,14:28:48,10.66,--,46,49036,卖盘
497,14:28:42,10.66,-0.02,4,4264,卖盘
498,14:28:39,10.68,0.02,1,1068,买盘
499,14:28:36,10.66,--,1,1066,卖盘
500,14:28:33,10.66,--,16,17056,买盘
501,14:28:30,10.66,--,195,207870,卖盘
502,14:28:27,10.66,--,4,4264,卖盘
503,14:28:24,10.66,0.01,70,74620,买盘
504,14:28:21,10.65,-0.01,45,47925,卖盘
505,14:28:18,10.66,--,24,25584,买盘
506,14:28:15,10.66,--,9,9594,买盘
507,14:28:12,10.66,--,10,10660,买盘
508,14:28:06,10.66,--,5,5330,买盘
509,14:28:03,10.66,--,6,6396,买盘
510,14:28:00,10.66,--,49,52234,买盘
511,14:27:57,10.66,-0.02,195,207870,卖盘
512,14:27:54,10.68,0.02,59,63012,买盘
513,14:27:51,10.66,-0.01,269,286754,卖盘
514,14:27:48,10.67,-0.01,30,32010,买盘
515,14:27:42,10.68,0.02,18,19224,买盘
516,14:27:39,10.66,--,18,19188,卖盘
517,14:27:36,10.66,0.01,134,142844,买盘
518,14:27:33,10.65,-0.01,21,22365,卖盘
519,14:27:27,10.66,-0.01,474,505284,卖盘
520,14:27:24,10.67,0.01,6,6402,买盘
521,14:27:21,10.66,-0.01,300,319800,卖盘
522,14:27:18,10.67,0.01,6,6402,买盘
523,14:27:15,10.66,--,10,10660,卖盘
524,14:27:09,10.66,--,40,42640,卖盘
525,14:27:06,10.66,-0.01,159,169494,卖盘
526,14:27:03,10.67,--,15,16005,买盘
527,14:27:00,10.67,--,33,35211,买盘
528,14:26:57,10.67,0.01,10,10670,买盘
529,14:26:54,10.66,--,35,37310,卖盘
530,14:26:51,10.66,--,15,15990,卖盘
531,14:26:45,10.66,-0.01,10,10660,卖盘
532,14:26:42,10.67,--,20,21340,买盘
533,14:26:39,10.67,--,30,32010,买盘
534,14:26:36,10.67,--,10,10670,买盘
535,14:26:33,10.67,0.01,133,141911,买盘
536,14:26:30,10.66,-0.01,9,9594,卖盘
537,14:26:27,10.67,0.01,43,45881,买盘
538,14:26:24,10.66,-0.01,282,300612,卖盘
539,14:26:21,10.67,0.01,26,27742,买盘
540,14:26:18,10.66,--,1,1066,卖盘
541,14:26:15,10.66,--,4,4264,卖盘
542,14:26:12,10.66,-0.01,1,1066,卖盘
543,14:26:09,10.67,0.01,52,55484,买盘
544,14:26:03,10.66,-0.01,56,59696,卖盘
545,14:26:00,10.67,--,515,549505,买盘
546,14:25:48,10.67,0.01,504,537768,买盘
547,14:25:45,10.66,--,30,31980,买盘
548,14:25:42,10.66,-0.01,258,275028,卖盘
549,14:25:36,10.67,0.01,30,32010,买盘
550,14:25:33,10.66,--,51,54366,卖盘
551,14:25:30,10.66,-0.01,918,978588,卖盘
552,14:25:27,10.67,--,28,29876,买盘
553,14:25:24,10.67,0.01,229,244343,买盘
554,14:25:21,10.66,-0.01,1,1066,卖盘
555,14:25:18,10.67,--,1,1067,买盘
556,14:25:15,10.67,--,12,12804,买盘
557,14:25:12,10.67,0.01,16,17072,买盘
558,14:25:09,10.66,-0.01,1,1066,卖盘
559,14:25:06,10.67,0.01,2,2134,买盘
560,14:25:03,10.66,-0.01,9,9594,卖盘
561,14:25:00,10.67,--,49,52283,买盘
562,14:24:57,10.67,-0.01,339,361713,卖盘
563,14:24:54,10.68,0.01,215,229620,买盘
564,14:24:51,10.67,-0.01,7,7469,卖盘
565,14:24:45,10.68,--,21,22428,买盘
566,14:24:42,10.68,0.01,6,6408,买盘
567,14:24:39,10.67,-0.01,21,22407,卖盘
568,14:24:36,10.68,0.01,18,19224,买盘
569,14:24:33,10.67,-0.01,1,1067,卖盘
570,14:24:30,10.68,--,30,32040,买盘
571,14:24:27,10.68,--,22,23496,买盘
572,14:24:24,10.68,--,223,238164,买盘
573,14:24:15,10.68,--,6,6408,买盘
574,14:24:12,10.68,--,5,5340,买盘
575,14:24:09,10.68,0.01,2,2136,买盘
576,14:24:06,10.67,--,13,13871,卖盘
577,14:24:03,10.67,--,6,6402,卖盘
578,14:24:00,10.67,--,18,19206,卖盘
579,14:23:51,10.67,--,1,1067,卖盘
580,14:23:48,10.67,--,5,5335,卖盘
581,14:23:45,10.67,--,29,30943,卖盘
582,14:23:42,10.67,--,117,124839,买盘
583,14:23:39,10.67,--,8,8536,买盘
584,14:23:36,10.67,--,2,2134,买盘
585,14:23:33,10.67,--,5,5335,买盘
586,14:23:30,10.67,--,25,26675,买盘
587,14:23:27,10.67,--,42,44814,买盘
588,14:23:24,10.67,--,527,562309,买盘
589,14:23:21,10.67,0.01,15,16005,买盘
590,14:23:18,10.66,--,4,4264,卖盘
591,14:23:09,10.66,-0.01,2,2132,卖盘
592,14:23:03,10.67,--,8,8536,买盘
593,14:23:00,10.67,--,8,8536,买盘
594,14:22:57,10.67,--,33,35211,买盘
595,14:22:54,10.67,--,16,17072,买盘
596,14:22:51,10.67,0.01,25,26675,买盘
597,14:22:48,10.66,--,1,1087,卖盘
598,14:22:45,10.66,-0.01,15,15990,卖盘
599,14:22:42,10.67,0.01,68,72556,买盘
600,14:22:33,10.66,--,6,6396,卖盘
601,14:22:24,10.66,--,95,101270,买盘
602,14:22:21,10.66,--,12,12792,买盘
603,14:22:15,10.66,-0.01,57,60762,卖盘
604,14:22:09,10.67,--,23,24541,买盘
605,14:22:06,10.67,--,5,5335,买盘
606,14:22:03,10.67,--,6,6402,买盘
607,14:22:00,10.67,--,63,67221,买盘
608,14:21:54,10.67,0.01,12,12804,买盘
609,14:21:51,10.66,-0.01,104,110864,卖盘
610,14:21:48,10.67,--,9,9603,买盘
611,14:21:45,10.67,--,25,26675,买盘
612,14:21:42,10.67,--,138,147246,买盘
613,14:21:36,10.67,--,69,73623,卖盘
614,14:21:33,10.67,--,1,1067,卖盘
615,14:21:27,10.67,--,38,40546,卖盘
616,14:21:24,10.67,--,181,193127,买盘
617,14:21:21,10.67,0.02,8,8536,买盘
618,14:21:18,10.65,--,6,6390,卖盘
619,14:21:15,10.65,-0.02,32,34080,卖盘
620,14:21:12,10.67,0.02,33,35211,买盘
621,14:21:09,10.65,-0.01,521,554865,卖盘
622,14:21:06,10.66,-0.01,10,10660,卖盘
623,14:21:03,10.67,--,3,3201,买盘
624,14:21:00,10.67,--,5,5335,买盘
625,14:20:57,10.67,-0.01,1,1067,买盘
626,14:20:51,10.68,0.01,53,56604,买盘
627,14:20:48,10.67,--,2,2134,买盘
628,14:20:45,10.67,0.01,15,16005,买盘
629,14:20:42,10.66,--,840,895440,卖盘
630,14:20:27,10.66,-0.01,24,25584,卖盘
631,14:20:24,10.67,--,220,234740,买盘
632,14:20:21,10.67,0.01,7,7469,买盘
633,14:20:18,10.66,--,14,14924,卖盘
634,14:20:15,10.66,-0.01,3,3198,卖盘
635,14:20:12,10.67,0.01,2,2134,买盘
636,14:20:09,10.66,-0.01,3,3198,卖盘
637,14:20:06,10.67,--,2,2134,买盘
638,14:19:54,10.67,--,22,23474,买盘
639,14:19:51,10.67,--,125,133375,卖盘
640,14:19:48,10.67,-0.01,211,225137,卖盘
641,14:19:42,10.68,--,148,158064,买盘
642,14:19:39,10.68,--,60,64080,买盘
643,14:19:36,10.68,--,10,10680,买盘
644,14:19:33,10.68,0.01,34,36312,买盘
645,14:19:27,10.67,-0.01,3,3201,卖盘
646,14:19:24,10.68,--,399,426132,买盘
647,14:19:21,10.68,--,1,1068,买盘
648,14:19:18,10.68,--,61,65148,买盘
649,14:19:15,10.68,-0.01,164,175152,卖盘
650,14:19:09,10.69,0.02,73,78037,买盘
651,14:19:06,10.67,-0.02,347,370249,卖盘
652,14:19:03,10.69,0.01,37,39553,买盘
653,14:19:00,10.68,--,701,748668,卖盘
654,14:18:57,10.68,-0.01,154,164472,卖盘
655,14:18:51,10.69,--,44,47036,卖盘
656,14:18:48,10.69,-0.01,90,96210,卖盘
657,14:18:42,10.7,0.01,49,52430,买盘
658,14:18:39,10.69,--,231,246939,卖盘
659,14:18:27,10.69,--,7,7483,卖盘
660,14:18:24,10.69,--,47,50243,买盘
661,14:18:21,10.69,0.01,179,191351,买盘
662,14:18:15,10.68,-0.01,4,4272,卖盘
663,14:18:12,10.69,--,1,1069,买盘
664,14:18:09,10.69,0.01,2,2138,买盘
665,14:18:06,10.68,--,20,21360,卖盘
666,14:18:00,10.68,0.01,79,84372,买盘
667,14:17:57,10.67,-0.01,10,10670,卖盘
668,14:17:54,10.68,0.01,11,11748,买盘
669,14:17:51,10.67,-0.01,1,1067,卖盘
670,14:17:48,10.68,0.01,1,1068,买盘
671,14:17:45,10.67,--,4,4268,卖盘
672,14:17:36,10.67,--,2,2134,卖盘
673,14:17:33,10.67,-0.01,20,21340,卖盘
674,14:17:27,10.68,0.01,5,5340,买盘
675,14:17:24,10.67,--,204,217668,买盘
676,14:17:21,10.67,--,16,17072,买盘
677,14:17:18,10.67,--,21,22407,买盘
678,14:17:15,10.67,--,168,179256,买盘
679,14:17:12,10.67,0.01,409,436403,买盘
680,14:17:09,10.66,--,1,1066,卖盘
681,14:17:06,10.66,--,17,18122,卖盘
682,14:17:03,10.66,--,1,1066,卖盘
683,14:16:54,10.66,--,7,7462,卖盘
684,14:16:51,10.66,-0.01,2,2132,卖盘
685,14:16:48,10.67,--,38,40546,买盘
686,14:16:45,10.67,0.02,12,12804,买盘
687,14:16:39,10.65,--,7,7455,卖盘
688,14:16:36,10.65,-0.01,708,754020,卖盘
689,14:16:33,10.66,0.01,796,849410,买盘
690,14:16:30,10.65,--,106,112890,卖盘
691,14:16:27,10.65,-0.01,37,39405,卖盘
692,14:16:24,10.66,0.01,223,237718,买盘
693,14:16:21,10.65,-0.01,230,244950,卖盘
694,14:16:18,10.66,--,30,31980,买盘
695,14:16:15,10.66,0.01,58,61828,买盘
696,14:16:09,10.65,--,30,31950,卖盘
697,14:16:06,10.65,--,35,37275,卖盘
698,14:16:03,10.65,--,8,8520,卖盘
699,14:16:00,10.65,--,28,29820,卖盘
700,14:15:57,10.65,-0.01,40,42600,卖盘
701,14:15:54,10.66,--,207,220662,买盘
702,14:15:51,10.66,0.01,79,84214,买盘
703,14:15:48,10.65,-0.01,6,6390,卖盘
704,14:15:45,10.66,--,130,138580,买盘
705,14:15:42,10.66,0.01,42,44772,买盘
706,14:15:39,10.65,-0.01,13,13845,卖盘
707,14:15:36,10.66,0.01,3,3198,买盘
708,14:15:33,10.65,--,48,51120,卖盘
709,14:15:30,10.65,-0.01,4,4260,卖盘
710,14:15:27,10.66,--,87,92742,买盘
711,14:15:24,10.66,0.01,292,311272,买盘
712,14:15:21,10.65,-0.01,1,1065,卖盘
713,14:15:15,10.66,--,68,72488,买盘
714,14:15:12,10.66,--,249,265434,买盘
715,14:15:09,10.66,--,205,218530,卖盘
716,14:15:06,10.66,--,137,146042,买盘
717,14:15:03,10.66,--,60,63960,卖盘
718,14:15:00,10.66,--,50,53300,卖盘
719,14:14:57,10.66,--,34,36244,卖盘
720,14:14:54,10.66,--,142,151372,卖盘
721,14:14:51,10.66,-0.01,2,2132,卖盘
722,14:14:48,10.67,--,10,10670,买盘
723,14:14:45,10.67,0.01,33,35211,买盘
724,14:14:42,10.66,--,27,28782,卖盘
725,14:14:36,10.66,--,1,1066,卖盘
726,14:14:33,10.66,--,46,49036,卖盘
727,14:14:30,10.66,-0.01,3,3198,卖盘
728,14:14:27,10.67,--,1,1067,买盘
729,14:14:24,10.67,0.01,15,16005,买盘
730,14:14:21,10.66,--,36,38376,买盘
731,14:14:18,10.66,--,7,7462,买盘
732,14:14:15,10.66,--,38,40508,买盘
733,14:14:12,10.66,--,17,18122,买盘
734,14:14:09,10.66,--,12,12792,买盘
735,14:14:06,10.66,0.01,428,456248,买盘
736,14:14:03,10.65,-0.01,281,299265,卖盘
737,14:14:00,10.66,--,110,117260,卖盘
738,14:13:57,10.66,--,2,2132,卖盘
739,14:13:54,10.66,--,36,38376,卖盘
740,14:13:51,10.66,--,4,4264,卖盘
741,14:13:48,10.66,--,17,18122,卖盘
742,14:13:45,10.66,-0.01,4,4264,卖盘
743,14:13:39,10.67,0.01,1,1067,买盘
744,14:13:30,10.66,0.01,156,166296,卖盘
745,14:13:27,10.65,-0.01,712,758280,卖盘
746,14:13:24,10.66,--,67,71422,买盘
747,14:13:21,10.66,0.01,21,22386,买盘
748,14:13:18,10.65,-0.01,4,4260,卖盘
749,14:13:12,10.66,--,4,4264,买盘
750,14:13:09,10.66,--,1,1066,买盘
751,14:13:06,10.66,0.01,15,15990,买盘
752,14:13:03,10.65,-0.01,2,2130,卖盘
753,14:13:00,10.66,--,3,3198,买盘
754,14:12:57,10.66,-0.01,2,2132,买盘
755,14:12:51,10.67,-0.01,11,11737,卖盘
756,14:12:48,10.68,0.03,42,44856,买盘
757,14:12:45,10.65,-0.03,1061,1129965,卖盘
758,14:12:42,10.68,0.01,47,50196,买盘
759,14:12:39,10.67,-0.01,338,360646,卖盘
760,14:12:36,10.68,0.01,10,10680,买盘
761,14:12:33,10.67,-0.01,4,4268,卖盘
762,14:12:30,10.68,--,8,8544,买盘
763,14:12:27,10.68,--,1,1068,买盘
764,14:12:24,10.68,0.01,233,248844,买盘
765,14:12:21,10.67,-0.01,1,1067,卖盘
766,14:12:18,10.68,--,78,83304,卖盘
767,14:12:15,10.68,--,8,8544,卖盘
768,14:12:12,10.68,--,85,90780,卖盘
769,14:12:09,10.68,--,76,81168,卖盘
770,14:12:03,10.68,-0.01,134,143112,卖盘
771,14:12:00,10.69,0.01,113,120797,买盘
772,14:11:57,10.68,-0.01,87,92916,卖盘
773,14:11:54,10.69,0.01,23,24587,买盘
774,14:11:51,10.68,-0.02,72,76896,卖盘
775,14:11:45,10.7,--,3,3210,买盘
776,14:11:42,10.7,--,54,57779,买盘
777,14:11:39,10.7,0.01,3,3210,买盘
778,14:11:36,10.69,-0.01,5,5345,卖盘
779,14:11:33,10.7,--,42,44940,买盘
780,14:11:27,10.7,--,17,18190,买盘
781,14:11:24,10.7,0.02,223,238609,买盘
782,14:11:21,10.68,-0.02,650,694200,卖盘
783,14:11:15,10.7,--,36,38520,买盘
784,14:11:12,10.7,--,55,58849,买盘
785,14:11:06,10.7,0.01,1,1070,买盘
786,14:11:03,10.69,--,2,2138,卖盘
787,14:11:00,10.69,--,20,21380,卖盘
788,14:10:57,10.69,-0.01,1,1069,卖盘
789,14:10:54,10.7,0.01,41,43870,买盘
790,14:10:51,10.69,-0.01,129,137901,卖盘
791,14:10:48,10.7,0.01,2,2140,买盘
792,14:10:42,10.69,--,89,95141,卖盘
793,14:10:39,10.69,--,4,4276,卖盘
794,14:10:30,10.69,--,1,1069,卖盘
795,14:10:27,10.69,-0.01,1,1069,卖盘
796,14:10:24,10.7,0.02,184,196880,买盘
797,14:10:18,10.68,--,390,416520,卖盘
798,14:10:15,10.68,-0.01,6,6408,卖盘
799,14:10:12,10.69,0.01,79,84451,买盘
800,14:10:09,10.68,--,1,1068,卖盘
801,14:10:06,10.68,--,1,1068,卖盘
802,14:10:03,10.68,-0.01,20,21360,卖盘
803,14:10:00,10.69,--,3,3207,买盘
804,14:09:54,10.69,--,29,31001,卖盘
805,14:09:51,10.69,--,6,6414,卖盘
806,14:09:45,10.69,-0.01,40,42760,中性盘
807,14:09:39,10.7,--,131,140170,买盘
808,14:09:36,10.7,0.02,70,74900,买盘
809,14:09:30,10.68,-0.02,1,1068,卖盘
810,14:09:24,10.7,0.01,235,251449,买盘
811,14:09:21,10.69,0.01,28,29932,中性盘
812,14:09:12,10.68,--,40,42720,买盘
813,14:09:09,10.68,--,2,2136,买盘
814,14:09:06,10.68,0.01,11,11748,买盘
815,14:09:03,10.67,-0.01,2,2134,卖盘
816,14:08:57,10.68,--,168,179424,卖盘
817,14:08:54,10.68,--,5,5340,卖盘
818,14:08:51,10.68,--,50,53400,卖盘
819,14:08:45,10.68,-0.02,17,18156,卖盘
820,14:08:39,10.7,0.02,33,35310,买盘
821,14:08:36,10.68,--,53,56604,买盘
822,14:08:33,10.68,--,101,107868,买盘
823,14:08:27,10.68,-0.01,54,57672,卖盘
824,14:08:24,10.69,0.02,181,193489,买盘
825,14:08:21,10.67,-0.01,122,130174,卖盘
826,14:08:18,10.68,-0.01,7,7476,卖盘
827,14:08:15,10.69,--,3,3207,买盘
828,14:08:12,10.69,--,55,58795,买盘
829,14:08:09,10.69,0.01,4,4276,买盘
830,14:08:03,10.68,-0.01,2,2136,卖盘
831,14:07:57,10.69,--,8,8552,买盘
832,14:07:54,10.69,--,271,289699,卖盘
833,14:07:51,10.69,-0.01,29,31001,卖盘
834,14:07:48,10.7,--,2,2140,买盘
835,14:07:45,10.7,--,37,39590,买盘
836,14:07:42,10.7,--,54,57779,买盘
837,14:07:39,10.7,--,56,59919,买盘
838,14:07:30,10.7,--,2,2140,买盘
839,14:07:27,10.7,--,29,31029,买盘
840,14:07:24,10.7,0.03,223,238609,买盘
841,14:07:21,10.67,-0.03,71,75757,卖盘
842,14:07:18,10.7,-0.01,74,79180,卖盘
843,14:07:12,10.71,0.01,2,2142,买盘
844,14:07:09,10.7,--,8,8560,买盘
845,14:07:06,10.7,--,4,4280,卖盘
846,14:07:03,10.7,-0.01,3,3210,卖盘
847,14:06:57,10.71,--,11,11781,买盘
848,14:06:54,10.71,0.01,8,8568,买盘
849,14:06:48,10.7,--,7,7489,卖盘
850,14:06:45,10.7,--,8,8560,卖盘
851,14:06:39,10.7,-0.01,30,32099,卖盘
852,14:06:36,10.71,0.02,217,232407,买盘
853,14:06:33,10.69,-0.01,12,12828,卖盘
854,14:06:27,10.7,0.01,4,4280,买盘
855,14:06:24,10.69,--,218,233042,买盘
856,14:06:21,10.69,--,10,10690,买盘
857,14:06:15,10.69,0.02,12,12828,买盘
858,14:06:12,10.67,--,7,7469,买盘
859,14:06:09,10.67,0.01,3,3201,买盘
860,14:06:06,10.66,--,103,109798,卖盘
861,14:06:03,10.66,-0.01,1000,1066000,卖盘
862,14:06:00,10.67,--,16,17072,卖盘
863,14:05:51,10.67,--,9,9603,卖盘
864,14:05:48,10.67,-0.01,40,42680,卖盘
865,14:05:45,10.68,0.01,61,65148,买盘
866,14:05:42,10.67,--,20,21340,卖盘
867,14:05:39,10.67,--,138,147246,买盘
868,14:05:36,10.67,0.01,5,5335,买盘
869,14:05:30,10.66,-0.01,50,53300,卖盘
870,14:05:27,10.67,0.01,3,3201,买盘
871,14:05:24,10.66,-0.01,235,250510,卖盘
872,14:05:21,10.67,0.01,158,168586,买盘
873,14:05:18,10.66,-0.01,13,13858,卖盘
874,14:05:15,10.67,0.01,55,58685,买盘
875,14:05:09,10.66,--,4,4264,卖盘
876,14:05:06,10.66,--,15,15990,卖盘
877,14:05:03,10.66,--,1,1066,卖盘
878,14:04:57,10.66,-0.01,14,14924,卖盘
879,14:04:54,10.67,--,9,9603,买盘
880,14:04:51,10.67,--,10,10670,买盘
881,14:04:48,10.67,0.01,7,7469,买盘
882,14:04:45,10.66,--,26,27716,买盘
883,14:04:42,10.66,--,18,19188,买盘
884,14:04:39,10.66,--,20,21320,买盘
885,14:04:33,10.66,0.01,38,40508,买盘
886,14:04:30,10.65,-0.01,40,42600,卖盘
887,14:04:27,10.66,--,5,5330,买盘
888,14:04:24,10.66,--,325,346450,买盘
889,14:04:21,10.66,--,16,17056,买盘
890,14:04:18,10.66,--,44,46904,买盘
891,14:04:15,10.66,-0.01,635,676910,卖盘
892,14:04:09,10.67,-0.01,29,30943,卖盘
893,14:04:06,10.68,0.01,7,7476,买盘
894,14:04:03,10.67,--,51,54417,卖盘
895,14:03:57,10.67,-0.01,6,6402,卖盘
896,14:03:45,10.68,0.01,92,98256,买盘
897,14:03:42,10.67,--,31,33077,卖盘
898,14:03:39,10.67,--,50,53350,卖盘
899,14:03:24,10.67,0.01,90,96030,买盘
900,14:03:18,10.66,-0.02,1,1066,卖盘
901,14:03:15,10.68,--,55,58740,买盘
902,14:03:12,10.68,0.02,132,140976,买盘
903,14:03:09,10.66,--,22,23452,卖盘
904,14:03:06,10.66,-0.01,1023,1090518,卖盘
905,14:03:03,10.67,-0.01,24,25608,卖盘
906,14:03:00,10.68,--,5,5340,买盘
907,14:02:54,10.68,0.01,3,3204,买盘
908,14:02:48,10.67,--,13,13871,卖盘
909,14:02:45,10.67,-0.02,274,292358,卖盘
910,14:02:42,10.69,0.01,1,1069,买盘
911,14:02:39,10.68,-0.01,3,3204,卖盘
912,14:02:36,10.69,--,1,1069,买盘
913,14:02:30,10.69,0.01,41,43829,买盘
914,14:02:27,10.68,--,4,4272,卖盘
915,14:02:24,10.68,--,95,101460,买盘
916,14:02:21,10.68,0.01,2,2136,买盘
917,14:02:18,10.67,-0.02,11,11737,卖盘
918,14:02:15,10.69,0.02,55,58795,买盘
919,14:02:12,10.67,--,46,49082,卖盘
920,14:02:09,10.67,-0.01,485,517495,卖盘
921,14:02:06,10.68,-0.01,1,1068,卖盘
922,14:02:03,10.69,0.01,1,1069,买盘
923,14:02:00,10.68,-0.02,4,4272,卖盘
924,14:01:57,10.7,0.01,12,12840,买盘
925,14:01:51,10.69,--,16,17104,卖盘
926,14:01:48,10.69,-0.01,62,66278,中性盘
927,14:01:45,10.7,0.02,191,204370,买盘
928,14:01:42,10.68,--,98,104664,卖盘
929,14:01:30,10.68,--,52,55536,卖盘
930,14:01:27,10.68,-0.01,140,149520,卖盘
931,14:01:24,10.69,--,343,366667,卖盘
932,14:01:15,10.69,-0.01,43,45967,卖盘
933,14:01:12,10.7,0.01,63,67410,买盘
934,14:01:09,10.69,--,1,1069,卖盘
935,14:01:06,10.69,--,2,2138,卖盘
936,14:01:03,10.69,--,2,2138,卖盘
937,14:00:57,10.69,-0.01,2,2138,卖盘
938,14:00:54,10.7,--,11,11770,买盘
939,14:00:51,10.7,--,39,41730,买盘
940,14:00:48,10.7,--,36,38520,买盘
941,14:00:42,10.7,0.01,10,10700,买盘
942,14:00:36,10.69,--,5,5345,买盘
943,14:00:33,10.69,--,52,55588,卖盘
944,14:00:30,10.69,-0.01,10,10690,卖盘
945,14:00:27,10.7,--,44,47080,买盘
946,14:00:24,10.7,--,236,252519,买盘
947,14:00:21,10.7,0.01,113,120909,买盘
948,14:00:18,10.69,--,66,70554,卖盘
949,14:00:15,10.69,--,3,3207,卖盘
950,14:00:00,10.69,--,3,3207,卖盘
951,13:59:57,10.69,-0.01,58,62002,卖盘
952,13:59:54,10.7,0.01,5,5350,买盘
953,13:59:51,10.69,--,3,3207,卖盘
954,13:59:48,10.69,0.01,56,59864,买盘
955,13:59:45,10.68,-0.01,1,1068,卖盘
956,13:59:36,10.69,-0.01,1,1069,中性盘
957,13:59:30,10.7,0.01,223,238609,买盘
958,13:59:27,10.69,-0.01,20,21380,卖盘
959,13:59:24,10.7,0.02,373,399110,买盘
960,13:59:21,10.68,-0.01,5,5340,卖盘
961,13:59:18,10.69,--,34,36346,买盘
962,13:59:15,10.69,0.01,13,13897,买盘
963,13:59:09,10.68,--,3,3204,卖盘
964,13:59:06,10.68,-0.01,10,10680,卖盘
965,13:59:03,10.69,--,210,224490,买盘
966,13:59:00,10.69,--,1,1069,买盘
967,13:58:51,10.69,0.01,12,12828,买盘
968,13:58:45,10.68,--,10,10680,卖盘
969,13:58:39,10.68,--,1,1068,卖盘
970,13:58:30,10.68,--,6,6408,卖盘
971,13:58:27,10.68,--,46,49128,卖盘
972,13:58:24,10.68,0.01,110,117480,买盘
973,13:58:21,10.67,--,169,180323,卖盘
974,13:58:18,10.67,-0.01,27,28809,卖盘
975,13:58:15,10.68,--,160,170880,买盘
976,13:58:12,10.68,0.01,49,52332,买盘
977,13:58:09,10.67,-0.01,16,17072,卖盘
978,13:58:06,10.68,0.01,54,57672,买盘
979,13:58:03,10.67,--,1,1067,卖盘
980,13:58:00,10.67,-0.01,9,9603,卖盘
981,13:57:57,10.68,0.01,3,3204,买盘
982,13:57:54,10.67,--,93,99231,卖盘
983,13:57:51,10.67,--,4,4268,卖盘
984,13:57:45,10.67,-0.01,29,30943,卖盘
985,13:57:39,10.68,0.01,10,10680,买盘
986,13:57:36,10.67,-0.01,22,23474,卖盘
987,13:57:30,10.68,-0.01,21,22428,中性盘
988,13:57:21,10.69,0.02,5,5345,买盘
989,13:57:18,10.67,-0.02,19,20273,卖盘
990,13:57:15,10.69,0.02,184,196696,买盘
991,13:57:09,10.67,-0.02,33,35211,卖盘
992,13:57:06,10.69,--,292,312148,买盘
993,13:57:03,10.69,0.01,46,49174,买盘
994,13:56:57,10.68,-0.01,4,4272,卖盘
995,13:56:54,10.69,0.01,27,28863,买盘
996,13:56:51,10.68,--,2,2136,卖盘
997,13:56:39,10.68,-0.01,1,1068,卖盘
998,13:56:36,10.69,--,2,2138,买盘
999,13:56:30,10.69,0.01,5,5345,买盘
1000,13:56:27,10.68,-0.01,4,4272,卖盘
1001,13:56:24,10.69,0.01,34,36346,买盘
1002,13:56:21,10.68,--,17,18156,买盘
1003,13:56:18,10.68,-0.01,24,25632,中性盘
1004,13:56:15,10.69,0.01,14,14966,买盘
1005,13:56:12,10.68,--,93,99324,买盘
1006,13:56:09,10.68,-0.01,9,9612,买盘
1007,13:56:06,10.69,--,1,1069,买盘
1008,13:56:03,10.69,--,45,48105,买盘
1009,13:56:00,10.69,0.02,293,313217,买盘
1010,13:55:57,10.67,--,23,24541,卖盘
1011,13:55:51,10.67,--,2,2134,卖盘
1012,13:55:48,10.67,--,4,4268,卖盘
1013,13:55:45,10.67,-0.02,34,36278,卖盘
1014,13:55:42,10.69,0.03,12,12828,买盘
1015,13:55:39,10.66,-0.03,101,107666,卖盘
1016,13:55:33,10.69,--,11,11759,买盘
1017,13:55:30,10.69,0.02,65,69485,买盘
1018,13:55:27,10.67,0.01,26,27742,买盘
1019,13:55:24,10.66,-0.03,1,1066,卖盘
1020,13:55:21,10.69,0.02,193,206317,买盘
1021,13:55:18,10.67,--,50,53350,买盘
1022,13:55:15,10.67,0.01,10,10670,买盘
1023,13:55:09,10.66,--,1,1066,卖盘
1024,13:55:06,10.66,--,501,534066,卖盘
1025,13:55:03,10.66,--,1,1066,卖盘
1026,13:55:00,10.66,-0.02,17,18122,卖盘
1027,13:54:51,10.68,0.02,100,106800,买盘
1028,13:54:48,10.66,--,600,639600,卖盘
1029,13:54:45,10.66,-0.02,32,34112,卖盘
1030,13:54:42,10.68,0.02,202,215736,买盘
1031,13:54:39,10.66,-0.01,35,37310,卖盘
1032,13:54:36,10.67,--,741,791671,卖盘
1033,13:54:33,10.67,--,59,62953,卖盘
1034,13:54:30,10.67,--,15,16005,卖盘
1035,13:54:27,10.67,-0.01,494,527098,卖盘
1036,13:54:24,10.68,--,65,69420,卖盘
1037,13:54:21,10.68,--,175,186900,卖盘
1038,13:54:18,10.68,--,91,97188,卖盘
1039,13:54:09,10.68,--,42,44856,卖盘
1040,13:54:06,10.68,--,9,9612,卖盘
1041,13:54:03,10.68,-0.01,19,20292,卖盘
1042,13:54:00,10.69,--,10,10690,买盘
1043,13:53:51,10.69,--,5,5345,买盘
1044,13:53:48,10.69,0.01,1,1069,买盘
1045,13:53:45,10.68,-0.01,29,30972,卖盘
1046,13:53:42,10.69,--,409,437221,卖盘
1047,13:53:39,10.69,--,25,26725,卖盘
1048,13:53:36,10.69,--,65,69485,卖盘
1049,13:53:33,10.69,--,1,1069,卖盘
1050,13:53:30,10.69,--,10,10690,卖盘
1051,13:53:27,10.69,-0.01,122,130418,卖盘
1052,13:53:24,10.7,--,18,19260,买盘
1053,13:53:21,10.7,0.01,28,29959,买盘
1054,13:53:09,10.69,-0.01,1,1069,卖盘
1055,13:53:06,10.7,--,6,6420,买盘
1056,13:52:54,10.7,--,19,20330,买盘
1057,13:52:51,10.7,0.01,20,21400,买盘
1058,13:52:39,10.69,--,74,79106,卖盘
1059,13:52:36,10.69,--,1,1069,卖盘
1060,13:52:33,10.69,-0.01,1,1069,卖盘
1061,13:52:21,10.7,0.01,33,35310,买盘
1062,13:52:15,10.69,0.01,21,22449,买盘
1063,13:52:09,10.68,--,40,42762,买盘
1064,13:52:06,10.68,-0.01,15,17045,卖盘
1065,13:52:03,10.69,0.01,58,62002,卖盘
1066,13:51:57,10.68,-0.01,10,10680,卖盘
1067,13:51:45,10.69,--,30,32070,卖盘
1068,13:51:42,10.69,0.01,3,3249,买盘
1069,13:51:39,10.68,-0.01,15,16020,卖盘
1070,13:51:36,10.69,--,150,160350,买盘
1071,13:51:33,10.69,0.01,9,9621,买盘
1072,13:51:27,10.68,--,207,221076,卖盘
1073,13:51:21,10.68,-0.01,51,54468,卖盘
1074,13:51:18,10.69,0.01,43,45967,买盘
1075,13:51:15,10.68,-0.01,100,106800,卖盘
1076,13:51:12,10.69,0.01,10,10690,买盘
1077,13:51:09,10.68,-0.01,205,218940,卖盘
1078,13:51:00,10.69,--,50,53450,买盘
1079,13:50:57,10.69,0.01,10,10690,买盘
1080,13:50:54,10.68,-0.01,30,32040,卖盘
1081,13:50:51,10.69,0.01,10,10690,买盘
1082,13:50:48,10.68,-0.01,1,1068,卖盘
1083,13:50:39,10.69,--,60,64140,买盘
1084,13:50:24,10.69,--,2,2138,买盘
1085,13:50:18,10.69,0.01,36,38484,买盘
1086,13:50:15,10.68,--,5,5340,卖盘
1087,13:50:12,10.68,-0.01,35,37380,卖盘
1088,13:50:09,10.69,--,2,2138,买盘
1089,13:50:06,10.69,--,214,228766,买盘
1090,13:50:03,10.69,--,71,75899,买盘
1091,13:49:54,10.69,--,60,64140,买盘
1092,13:49:51,10.69,--,53,56657,买盘
1093,13:49:48,10.69,--,1,1069,买盘
1094,13:49:45,10.69,--,2,2138,买盘
1095,13:49:39,10.69,--,14,14966,买盘
1096,13:49:36,10.69,--,9,9621,买盘
1097,13:49:33,10.69,0.01,8,8552,买盘
1098,13:49:27,10.68,-0.01,26,27768,卖盘
1099,13:49:24,10.69,--,1,1069,买盘
1100,13:49:18,10.69,0.01,34,36346,买盘
1101,13:49:12,10.68,-0.01,20,21360,卖盘
1102,13:49:09,10.69,0.01,5,5345,买盘
1103,13:49:03,10.68,--,32,34176,卖盘
1104,13:49:00,10.68,-0.01,30,32040,卖盘
1105,13:48:54,10.69,--,3,3207,买盘
1106,13:48:48,10.69,--,3,3207,买盘
1107,13:48:36,10.69,0.01,1,1069,买盘
1108,13:48:33,10.68,--,27,28836,卖盘
1109,13:48:30,10.68,-0.01,25,26700,卖盘
1110,13:48:27,10.69,--,10,10690,买盘
1111,13:48:24,10.69,--,16,17104,买盘
1112,13:48:18,10.69,--,66,70554,买盘
1113,13:48:15,10.69,--,34,36346,买盘
1114,13:48:09,10.69,0.01,1,1069,买盘
1115,13:48:03,10.68,--,5,5340,卖盘
1116,13:47:57,10.68,--,41,43788,卖盘
1117,13:47:54,10.68,0.02,1,1068,中性盘
1118,13:47:45,10.66,--,1,1066,卖盘
1119,13:47:42,10.66,-0.01,1220,1300520,卖盘
1120,13:47:39,10.67,0.01,633,675411,买盘
1121,13:47:30,10.66,--,200,213200,卖盘
1122,13:47:27,10.66,-0.01,16,17056,卖盘
1123,13:47:24,10.67,0.01,30,32010,买盘
1124,13:47:18,10.66,-0.01,7,7462,卖盘
1125,13:47:15,10.67,--,172,183524,卖盘
1126,13:47:12,10.67,-0.01,17,18139,卖盘
1127,13:47:09,10.68,--,7,7476,买盘
1128,13:47:06,10.68,0.01,5,5340,买盘
1129,13:47:03,10.67,--,3,3201,卖盘
1130,13:47:00,10.67,--,44,46948,卖盘
1131,13:46:57,10.67,--,107,114169,卖盘
1132,13:46:54,10.67,--,129,137643,卖盘
1133,13:46:51,10.67,-0.01,11,11737,卖盘
1134,13:46:48,10.68,0.01,3,3204,买盘
1135,13:46:45,10.67,-0.01,35,37345,卖盘
1136,13:46:42,10.68,--,3,3204,买盘
1137,13:46:39,10.68,--,7,7476,买盘
1138,13:46:36,10.68,--,16,17088,买盘
1139,13:46:33,10.68,--,6,6408,买盘
1140,13:46:27,10.68,--,28,29904,买盘
1141,13:46:24,10.68,0.01,39,41652,买盘
1142,13:46:21,10.67,--,1,1067,卖盘
1143,13:46:18,10.67,-0.01,18,19206,卖盘
1144,13:46:12,10.68,--,44,46992,买盘
1145,13:46:09,10.68,--,7,7476,买盘
1146,13:46:06,10.68,0.01,5,5340,买盘
1147,13:46:03,10.67,-0.01,7,7469,卖盘
1148,13:45:57,10.68,--,2,2136,卖盘
1149,13:45:48,10.68,--,1,1068,卖盘
1150,13:45:42,10.68,--,8,8544,买盘
1151,13:45:39,10.68,0.01,27,28836,买盘
1152,13:45:36,10.67,-0.01,212,226204,卖盘
1153,13:45:33,10.68,--,1,1068,卖盘
1154,13:45:30,10.68,--,10,10680,卖盘
1155,13:45:24,10.68,-0.01,6,6408,卖盘
1156,13:45:21,10.69,--,29,31001,买盘
1157,13:45:18,10.69,0.01,6,6414,买盘
1158,13:45:15,10.68,-0.01,27,28836,卖盘
1159,13:45:12,10.69,0.01,11,11759,买盘
1160,13:45:09,10.68,--,100,106800,卖盘
1161,13:45:06,10.68,-0.01,15,16020,卖盘
1162,13:45:03,10.69,--,26,27794,买盘
1163,13:45:00,10.69,0.01,34,36346,买盘
1164,13:44:54,10.68,-0.01,25,26700,卖盘
1165,13:44:51,10.69,--,16,17104,买盘
1166,13:44:48,10.69,--,18,19242,买盘
1167,13:44:42,10.69,--,11,11759,买盘
1168,13:44:39,10.69,--,1,1069,买盘
1169,13:44:36,10.69,--,8,8552,买盘
1170,13:44:33,10.69,--,1,1069,买盘
1171,13:44:30,10.69,--,4,4276,买盘
1172,13:44:27,10.69,0.01,10,10690,买盘
1173,13:44:24,10.68,--,36,38448,卖盘
1174,13:44:21,10.68,--,2,2136,卖盘
1175,13:44:18,10.68,-0.01,1,1068,卖盘
1176,13:44:09,10.69,--,33,35277,买盘
1177,13:44:03,10.69,0.01,6,6414,买盘
1178,13:43:57,10.68,--,40,42720,卖盘
1179,13:43:42,10.68,-0.01,37,39516,卖盘
1180,13:43:36,10.69,0.01,3,3207,买盘
1181,13:43:30,10.68,-0.01,14,14952,卖盘
1182,13:43:21,10.69,--,62,66278,买盘
1183,13:43:18,10.69,--,5,5345,买盘
1184,13:43:12,10.69,0.01,15,16035,买盘
1185,13:43:09,10.68,-0.01,5,5340,卖盘
1186,13:43:00,10.69,0.01,58,62002,买盘
1187,13:42:57,10.68,-0.01,1,1068,卖盘
1188,13:42:54,10.69,0.01,5,5345,买盘
1189,13:42:51,10.68,--,15,16020,卖盘
1190,13:42:39,10.68,-0.01,1,1068,卖盘
1191,13:42:36,10.69,--,100,106900,买盘
1192,13:42:30,10.69,0.01,100,106900,买盘
1193,13:42:27,10.68,--,1,1068,卖盘
1194,13:42:24,10.68,-0.01,37,39516,卖盘
1195,13:42:21,10.69,0.01,5,5345,买盘
1196,13:42:15,10.68,--,100,106800,卖盘
1197,13:42:12,10.68,-0.01,40,42720,卖盘
1198,13:42:06,10.69,--,33,35277,买盘
1199,13:42:03,10.69,0.01,11,11759,买盘
1200,13:42:00,10.68,--,13,13884,卖盘
1201,13:41:57,10.68,--,58,61944,卖盘
1202,13:41:51,10.68,-0.01,1,1068,卖盘
1203,13:41:45,10.69,0.01,8,9364,买盘
1204,13:41:39,10.68,--,15,16020,卖盘
1205,13:41:36,10.68,--,1,1068,卖盘
1206,13:41:24,10.68,-0.01,176,187968,卖盘
1207,13:41:21,10.69,--,5,5345,买盘
1208,13:41:15,10.69,--,188,200972,买盘
1209,13:41:12,10.69,--,5,5345,买盘
1210,13:41:09,10.69,--,134,143791,卖盘
1211,13:41:03,10.69,-0.01,33,35277,卖盘
1212,13:40:57,10.7,0.01,28,29959,买盘
1213,13:40:51,10.69,--,1,1069,卖盘
1214,13:40:48,10.69,--,100,106900,卖盘
1215,13:40:45,10.69,--,12,12828,卖盘
1216,13:40:42,10.69,--,216,230904,卖盘
1217,13:40:39,10.69,-0.01,1,1069,卖盘
1218,13:40:36,10.7,--,10,10700,买盘
1219,13:40:33,10.7,--,20,21400,买盘
1220,13:40:30,10.7,0.01,10,10700,买盘
1221,13:40:27,10.69,-0.01,19,20311,卖盘
1222,13:40:21,10.7,--,1,1070,买盘
1223,13:40:18,10.7,--,5,5350,买盘
1224,13:40:15,10.7,--,11,11770,买盘
1225,13:40:06,10.7,--,36,38520,买盘
1226,13:40:00,10.7,--,10,10700,买盘
1227,13:39:51,10.7,--,1,1070,买盘
1228,13:39:42,10.7,--,11,11770,买盘
1229,13:39:39,10.7,--,20,21924,买盘
1230,13:39:24,10.7,0.01,4,4280,买盘
1231,13:39:21,10.69,-0.01,37,39553,卖盘
1232,13:39:18,10.7,--,4,4280,买盘
1233,13:39:15,10.7,--,11,11770,买盘
1234,13:39:12,10.7,--,2,2140,买盘
1235,13:39:06,10.7,0.01,43,46010,买盘
1236,13:39:03,10.69,-0.01,29,31001,卖盘
1237,13:39:00,10.7,--,27,28889,买盘
1238,13:38:57,10.7,--,2,2140,买盘
1239,13:38:54,10.7,--,54,57779,买盘
1240,13:38:45,10.7,--,10,10700,买盘
1241,13:38:39,10.7,--,32,34240,买盘
1242,13:38:36,10.7,--,5,5350,买盘
1243,13:38:33,10.7,--,5,5350,买盘
1244,13:38:30,10.7,--,6,6420,买盘
1245,13:38:24,10.7,--,5,5350,卖盘
1246,13:38:21,10.7,--,11,11770,卖盘
1247,13:38:15,10.7,-0.02,2,2140,卖盘
1248,13:38:09,10.72,--,10,10720,买盘
1249,13:38:03,10.72,0.02,38,40736,买盘
1250,13:37:57,10.7,--,35,37450,买盘
1251,13:37:48,10.7,-0.02,12,12840,卖盘
1252,13:37:45,10.72,0.02,5,5360,买盘
1253,13:37:42,10.7,--,99,105930,买盘
1254,13:37:39,10.7,--,20,21400,买盘
1255,13:37:36,10.7,--,13,13909,买盘
1256,13:37:30,10.7,--,2,2140,买盘
1257,13:37:27,10.7,0.01,5,5350,买盘
1258,13:37:24,10.69,--,61,65209,卖盘
1259,13:37:21,10.69,--,34,36346,卖盘
1260,13:37:15,10.69,-0.01,1,1069,中性盘
1261,13:37:06,10.7,--,34,36380,买盘
1262,13:37:00,10.7,0.02,5,5350,买盘
1263,13:36:57,10.68,--,1,1068,卖盘
1264,13:36:54,10.68,-0.02,3,3204,卖盘
1265,13:36:51,10.7,--,34,36380,买盘
1266,13:36:48,10.7,0.02,23,24610,买盘
1267,13:36:45,10.68,-0.02,485,517980,卖盘
1268,13:36:42,10.7,-0.02,748,800360,卖盘
1269,13:36:39,10.72,0.01,5,5360,买盘
1270,13:36:36,10.71,--,25,26775,买盘
1271,13:36:30,10.71,-0.01,20,21420,买盘
1272,13:36:27,10.72,0.01,20,21440,买盘
1273,13:36:24,10.71,--,31,33201,卖盘
1274,13:36:21,10.71,-0.01,4,4284,卖盘
1275,13:36:15,10.72,0.02,2,2144,买盘
1276,13:36:12,10.7,-0.02,12,12840,卖盘
1277,13:36:09,10.72,--,13,13936,买盘
1278,13:36:00,10.72,--,38,40736,买盘
1279,13:35:51,10.72,--,36,38592,买盘
1280,13:35:48,10.72,0.02,17,18224,买盘
1281,13:35:45,10.7,--,1,1070,卖盘
1282,13:35:39,10.7,-0.02,1,1070,卖盘
1283,13:35:36,10.72,0.02,5,5360,买盘
1284,13:35:30,10.7,--,4,4280,卖盘
1285,13:35:27,10.7,--,2,2140,卖盘
1286,13:35:24,10.7,-0.02,28,29959,卖盘
1287,13:35:21,10.72,0.02,10,10720,买盘
1288,13:35:18,10.7,--,13,13909,卖盘
1289,13:35:15,10.7,--,2,2140,卖盘
1290,13:35:12,10.7,-0.02,14,14979,卖盘
1291,13:35:06,10.72,0.02,10,10720,买盘
1292,13:35:03,10.7,-0.02,31,33170,卖盘
1293,13:35:00,10.72,0.02,4,4288,买盘
1294,13:34:57,10.7,-0.02,10,10700,卖盘
1295,13:34:54,10.72,0.01,30,32160,买盘
1296,13:34:48,10.71,-0.01,70,74970,卖盘
1297,13:34:45,10.72,--,4,4288,买盘
1298,13:34:42,10.72,--,36,38592,买盘
1299,13:34:39,10.72,--,200,214400,买盘
1300,13:34:36,10.72,--,5,5360,买盘
1301,13:34:21,10.72,0.01,74,79328,买盘
1302,13:34:15,10.71,--,258,276318,买盘
1303,13:34:12,10.71,--,10,10710,买盘
1304,13:34:09,10.71,-0.01,58,62118,卖盘
1305,13:34:03,10.72,--,1,1072,买盘
1306,13:34:00,10.72,--,22,23584,买盘
1307,13:33:57,10.72,0.01,38,40736,买盘
1308,13:33:54,10.71,--,34,36414,卖盘
1309,13:33:51,10.71,--,1,1071,卖盘
1310,13:33:48,10.71,-0.01,6,6426,中性盘
1311,13:33:45,10.72,--,103,110416,买盘
1312,13:33:42,10.72,--,4,4288,买盘
1313,13:33:39,10.72,--,20,21440,买盘
1314,13:33:36,10.72,--,1,1072,买盘
1315,13:33:33,10.72,--,36,38592,买盘
1316,13:33:24,10.72,0.01,50,53600,买盘
1317,13:33:18,10.71,-0.01,1,1071,卖盘
1318,13:33:15,10.72,0.01,102,109344,买盘
1319,13:33:12,10.71,--,1,1071,中性盘
1320,13:33:03,10.71,--,37,39627,买盘
1321,13:33:00,10.71,--,8,8568,买盘
1322,13:32:54,10.71,--,7,7497,卖盘
1323,13:32:51,10.71,0.01,44,47124,中性盘
1324,13:32:42,10.7,-0.01,54,57779,卖盘
1325,13:32:39,10.71,--,12,12852,卖盘
1326,13:32:33,10.71,--,1,1071,卖盘
1327,13:32:30,10.71,--,5,5355,卖盘
1328,13:32:27,10.71,--,5,5355,卖盘
1329,13:32:24,10.71,0.01,5,5355,买盘
1330,13:32:15,10.7,--,6,6420,卖盘
1331,13:32:12,10.7,-0.01,23,24610,卖盘
1332,13:32:09,10.71,--,25,26775,买盘
1333,13:32:06,10.71,--,68,72828,买盘
1334,13:32:03,10.71,--,19,20349,买盘
1335,13:31:57,10.71,0.01,48,51408,买盘
1336,13:31:54,10.7,-0.01,42,44940,卖盘
1337,13:31:51,10.71,--,10,10710,买盘
1338,13:31:48,10.71,--,1,1071,买盘
1339,13:31:45,10.71,0.01,5,5355,买盘
1340,13:31:33,10.7,--,32,34240,买盘
1341,13:31:21,10.7,--,2,2140,买盘
1342,13:31:18,10.7,--,20,21400,买盘
1343,13:31:15,10.7,0.01,8,8560,买盘
1344,13:31:12,10.69,-0.01,18,19242,卖盘
1345,13:31:09,10.7,0.01,83,88810,买盘
1346,13:31:06,10.69,0.01,52,55588,卖盘
1347,13:31:03,10.68,--,29,30972,卖盘
1348,13:31:00,10.68,-0.01,58,62755,卖盘
1349,13:30:57,10.69,--,131,140039,买盘
1350,13:30:51,10.69,--,84,89796,买盘
1351,13:30:48,10.69,--,20,21380,买盘
1352,13:30:45,10.69,0.01,18,19242,买盘
1353,13:30:42,10.68,-0.01,1,1068,中性盘
1354,13:30:30,10.69,0.01,104,111176,买盘
1355,13:30:24,10.68,--,11,11748,买盘
1356,13:30:21,10.68,0.01,10,10680,买盘
1357,13:30:18,10.67,-0.01,5,5335,卖盘
1358,13:30:12,10.68,0.01,2,2136,卖盘
1359,13:30:06,10.67,--,12,12804,卖盘
1360,13:30:03,10.67,-0.02,81,86427,卖盘
1361,13:30:00,10.69,0.02,1113,1189797,买盘
1362,13:29:57,10.67,--,33,35211,买盘
1363,13:29:54,10.67,--,101,107767,买盘
1364,13:29:48,10.67,--,1020,1088340,买盘
1365,13:29:45,10.67,0.01,32,34144,买盘
1366,13:29:42,10.66,--,4,4264,卖盘
1367,13:29:33,10.66,--,6,6396,卖盘
1368,13:29:30,10.66,--,63,67158,卖盘
1369,13:29:27,10.66,-0.01,53,56498,卖盘
1370,13:29:21,10.67,--,50,53350,买盘
1371,13:29:18,10.67,0.01,13,13871,买盘
1372,13:29:15,10.66,--,1,1066,卖盘
1373,13:29:09,10.66,-0.02,30,31980,卖盘
1374,13:29:06,10.68,--,14,14952,买盘
1375,13:29:03,10.68,--,16,17088,买盘
1376,13:29:00,10.68,--,100,106800,买盘
1377,13:28:54,10.68,0.03,91,97188,买盘
1378,13:28:51,10.65,-0.01,1,1065,卖盘
1379,13:28:48,10.66,0.01,6,6396,买盘
1380,13:28:45,10.65,--,100,106500,卖盘
1381,13:28:42,10.65,-0.01,16,17040,卖盘
1382,13:28:39,10.66,--,18,19188,买盘
1383,13:28:36,10.66,--,98,104468,买盘
1384,13:28:33,10.66,-0.01,152,162032,卖盘
1385,13:28:30,10.67,0.02,69,73623,买盘
1386,13:28:27,10.65,-0.01,34,36210,卖盘
1387,13:28:24,10.66,0.01,116,123656,买盘
1388,13:28:21,10.65,-0.02,225,239625,卖盘
1389,13:28:18,10.67,0.01,25,26675,买盘
1390,13:28:15,10.66,--,50,53300,买盘
1391,13:28:12,10.66,--,93,99138,买盘
1392,13:28:09,10.66,--,204,217464,买盘
1393,13:28:06,10.66,-0.01,602,642584,卖盘
1394,13:28:03,10.67,--,3,3201,买盘
1395,13:28:00,10.67,0.01,22,23474,买盘
1396,13:27:57,10.66,--,18,19188,卖盘
1397,13:27:54,10.66,-0.01,40,42640,卖盘
1398,13:27:51,10.67,0.01,90,96030,买盘
1399,13:27:48,10.66,--,100,106600,卖盘
1400,13:27:45,10.66,-0.01,15,15990,卖盘
1401,13:27:42,10.67,0.01,155,165385,买盘
1402,13:27:36,10.66,--,6,6396,卖盘
1403,13:27:33,10.66,-0.01,22,23452,卖盘
1404,13:27:30,10.67,--,33,35211,买盘
1405,13:27:27,10.67,--,26,27742,买盘
1406,13:27:24,10.67,--,2,2134,买盘
1407,13:27:21,10.67,--,23,24541,买盘
1408,13:27:18,10.67,--,3,3201,买盘
1409,13:27:15,10.67,0.01,1,1067,卖盘
1410,13:27:12,10.66,--,6,6396,卖盘
1411,13:27:09,10.66,--,6,6396,卖盘
1412,13:27:06,10.66,--,8,8528,卖盘
1413,13:27:03,10.66,-0.02,18,19188,卖盘
1414,13:27:00,10.68,0.02,77,82236,买盘
1415,13:26:57,10.66,-0.01,143,152438,卖盘
1416,13:26:54,10.67,-0.01,22,23474,卖盘
1417,13:26:51,10.68,0.01,200,213600,买盘
1418,13:26:48,10.67,--,30,32010,卖盘
1419,13:26:45,10.67,--,100,106700,卖盘
1420,13:26:42,10.67,--,10,10670,卖盘
1421,13:26:36,10.67,-0.01,1,1067,卖盘
1422,13:26:33,10.68,--,1,1068,买盘
1423,13:26:30,10.68,0.01,21,22428,买盘
1424,13:26:27,10.67,--,1,1067,卖盘
1425,13:26:24,10.67,-0.01,1,1067,卖盘
1426,13:26:21,10.68,0.01,32,34176,买盘
1427,13:26:18,10.67,--,1,1067,卖盘
1428,13:26:15,10.67,--,1,1067,卖盘
1429,13:26:09,10.67,-0.01,2,2134,卖盘
1430,13:26:03,10.68,--,1,1068,买盘
1431,13:26:00,10.68,--,22,23496,买盘
1432,13:25:57,10.68,--,20,21360,买盘
1433,13:25:54,10.68,--,8,8544,买盘
1434,13:25:51,10.68,--,33,35244,买盘
1435,13:25:45,10.68,0.01,10,10680,买盘
1436,13:25:42,10.67,--,40,42680,卖盘
1437,13:25:39,10.67,-0.01,1,1067,卖盘
1438,13:25:36,10.68,0.01,2,2136,买盘
1439,13:25:33,10.67,--,4,4268,卖盘
1440,13:25:30,10.67,--,28,29876,卖盘
1441,13:25:27,10.67,--,11,11737,卖盘
1442,13:25:24,10.67,--,50,53350,卖盘
1443,13:25:21,10.67,--,45,48015,卖盘
1444,13:25:18,10.67,--,15,16005,卖盘
1445,13:25:15,10.67,-0.01,1,1067,卖盘
1446,13:25:12,10.68,0.01,17,18156,买盘
1447,13:25:09,10.67,--,9,9603,卖盘
1448,13:25:06,10.67,--,20,21340,卖盘
1449,13:25:03,10.67,-0.01,2,2134,卖盘
1450,13:24:57,10.68,--,27,28836,买盘
1451,13:24:54,10.68,0.01,26,27768,买盘
1452,13:24:51,10.67,-0.01,1,1067,卖盘
1453,13:24:48,10.68,--,20,21360,买盘
1454,13:24:42,10.68,0.01,40,42720,买盘
1455,13:24:39,10.67,-0.02,42,45155,卖盘
1456,13:24:36,10.69,0.02,250,267250,买盘
1457,13:24:33,10.67,--,26,27742,卖盘
1458,13:24:30,10.67,--,117,124839,卖盘
1459,13:24:27,10.67,--,77,82159,买盘
1460,13:24:24,10.67,--,4,4268,买盘
1461,13:24:18,10.67,--,2,2134,买盘
1462,13:24:15,10.67,--,5,5335,卖盘
1463,13:24:12,10.67,-0.01,65,69355,卖盘
1464,13:24:03,10.68,0.02,38,40584,买盘
1465,13:24:00,10.66,-0.01,23,24518,卖盘
1466,13:23:57,10.67,-0.01,23,24541,卖盘
1467,13:23:51,10.68,--,38,40584,买盘
1468,13:23:45,10.68,0.01,33,35244,买盘
1469,13:23:42,10.67,-0.01,1,1067,卖盘
1470,13:23:33,10.68,0.02,5,5340,买盘
1471,13:23:27,10.66,-0.02,40,42640,卖盘
1472,13:23:24,10.68,--,23,24564,买盘
1473,13:23:21,10.68,--,11,11748,买盘
1474,13:23:18,10.68,0.02,2,2136,买盘
1475,13:23:15,10.66,-0.02,21,22386,卖盘
1476,13:23:12,10.68,--,102,108936,买盘
1477,13:23:06,10.68,--,13,13884,买盘
1478,13:23:03,10.68,--,17,18156,买盘
1479,13:23:00,10.68,--,9,9612,买盘
1480,13:22:54,10.68,--,22,23496,买盘
1481,13:22:48,10.68,--,88,93984,买盘
1482,13:22:45,10.68,0.02,82,87576,买盘
1483,13:22:42,10.66,--,206,219596,卖盘
1484,13:22:39,10.66,--,11,11726,卖盘
1485,13:22:36,10.66,--,101,107666,卖盘
1486,13:22:30,10.66,--,18,19188,卖盘
1487,13:22:27,10.66,-0.02,171,182286,卖盘
1488,13:22:24,10.68,0.01,51,54468,买盘
1489,13:22:21,10.67,--,24,25608,买盘
1490,13:22:18,10.67,-0.01,23,24541,卖盘
1491,13:22:15,10.68,-0.01,6,6408,卖盘
1492,13:22:12,10.69,0.02,17,18173,买盘
1493,13:22:09,10.67,--,121,129107,卖盘
1494,13:22:06,10.67,-0.01,40,42680,卖盘
1495,13:22:03,10.68,-0.01,1,1068,中性盘
1496,13:22:00,10.69,0.02,84,89796,买盘
1497,13:21:57,10.67,--,1,1067,卖盘
1498,13:21:54,10.67,--,7,7469,买盘
1499,13:21:51,10.67,--,10,10670,卖盘
1500,13:21:48,10.67,-0.02,94,100298,卖盘
1501,13:21:45,10.69,-0.01,106,113314,卖盘
1502,13:21:42,10.7,0.01,53,56709,买盘
1503,13:21:39,10.69,0.03,43,45967,卖盘
1504,13:21:36,10.66,--,103,109798,卖盘
1505,13:21:33,10.66,-0.04,1200,1279200,卖盘
1506,13:21:30,10.7,--,5,5350,买盘
1507,13:21:27,10.7,--,14,14979,买盘
1508,13:21:24,10.7,--,21,22470,买盘
1509,13:21:18,10.7,0.01,26,27819,买盘
1510,13:21:15,10.69,--,11,11759,卖盘
1511,13:21:12,10.69,--,12,12828,卖盘
1512,13:21:06,10.69,-0.01,102,109038,卖盘
1513,13:21:03,10.7,0.01,30,32099,买盘
1514,13:21:00,10.69,--,9,9621,卖盘
1515,13:20:57,10.69,--,13,13897,卖盘
1516,13:20:54,10.69,-0.01,67,71623,卖盘
1517,13:20:51,10.7,0.01,38,40660,买盘
1518,13:20:39,10.69,-0.01,1,1069,卖盘
1519,13:20:36,10.7,0.01,9,9630,买盘
1520,13:20:27,10.69,-0.01,8,8552,卖盘
1521,13:20:24,10.7,--,34,36380,买盘
1522,13:20:15,10.7,0.01,17,18190,买盘
1523,13:20:09,10.69,-0.01,21,22449,卖盘
1524,13:20:06,10.7,0.01,57,60989,买盘
1525,13:20:03,10.69,--,6,6414,卖盘
1526,13:19:57,10.69,--,25,26725,卖盘
1527,13:19:54,10.69,-0.01,28,29932,卖盘
1528,13:19:48,10.7,0.02,246,263220,买盘
1529,13:19:45,10.68,-0.01,12,12816,卖盘
1530,13:19:42,10.69,-0.01,67,71623,卖盘
1531,13:19:39,10.7,0.02,51,54570,买盘
1532,13:19:36,10.68,-0.01,110,117480,卖盘
1533,13:19:33,10.69,--,103,110107,卖盘
1534,13:19:27,10.69,-0.01,1,1069,卖盘
1535,13:19:24,10.7,--,22,23540,买盘
1536,13:19:21,10.7,--,1,1070,买盘
1537,13:19:18,10.7,0.01,17,18190,买盘
1538,13:19:15,10.69,--,11,11759,卖盘
1539,13:19:12,10.69,--,54,57726,卖盘
1540,13:19:03,10.69,--,20,21380,卖盘
1541,13:19:00,10.69,--,82,87658,买盘
1542,13:18:57,10.69,--,41,43829,买盘
1543,13:18:54,10.69,0.01,41,43829,买盘
1544,13:18:51,10.68,--,12,12816,卖盘
1545,13:18:45,10.68,-0.01,29,30972,卖盘
1546,13:18:39,10.69,0.01,27,28863,买盘
1547,13:18:36,10.68,-0.01,9,9612,卖盘
1548,13:18:33,10.69,0.01,56,59864,买盘
1549,13:18:30,10.68,--,3,3204,卖盘
1550,13:18:27,10.68,--,1,1068,卖盘
1551,13:18:24,10.68,--,53,56604,卖盘
1552,13:18:21,10.68,-0.01,267,285156,卖盘
1553,13:18:18,10.69,0.01,89,95141,买盘
1554,13:18:15,10.68,--,15,16020,卖盘
1555,13:18:09,10.68,--,1,1068,卖盘
1556,13:18:06,10.68,-0.01,9,9612,卖盘
1557,13:18:03,10.69,0.01,36,38484,买盘
1558,13:18:00,10.68,-0.01,20,21360,卖盘
1559,13:17:57,10.69,0.01,22,23518,买盘
1560,13:17:54,10.68,--,14,14952,卖盘
1561,13:17:51,10.68,--,83,88644,卖盘
1562,13:17:48,10.68,--,38,41523,买盘
1563,13:17:42,10.68,--,21,22428,买盘
1564,13:17:39,10.68,--,113,120684,买盘
1565,13:17:36,10.68,0.01,5,5340,买盘
1566,13:17:30,10.67,-0.01,8,8536,卖盘
1567,13:17:27,10.68,--,41,43788,买盘
1568,13:17:24,10.68,0.01,24,25632,买盘
1569,13:17:15,10.67,-0.01,18,19206,卖盘
1570,13:17:12,10.68,0.01,28,29904,买盘
1571,13:17:09,10.67,-0.01,31,33077,卖盘
1572,13:17:06,10.68,--,15,16020,买盘
1573,13:16:57,10.68,0.01,9,9612,买盘
1574,13:16:54,10.67,-0.01,23,24541,卖盘
1575,13:16:51,10.68,0.01,20,21360,买盘
1576,13:16:48,10.67,-0.01,37,39479,卖盘
1577,13:16:45,10.68,--,77,82236,买盘
1578,13:16:39,10.68,0.01,1,1068,买盘
1579,13:16:33,10.67,--,1,1067,卖盘
1580,13:16:27,10.67,-0.01,8,8536,卖盘
1581,13:16:24,10.68,--,22,23496,买盘
1582,13:16:18,10.68,0.01,38,40584,买盘
1583,13:16:15,10.67,--,1,1067,卖盘
1584,13:16:09,10.67,-0.01,269,287023,卖盘
1585,13:16:06,10.68,-0.01,358,382472,卖盘
1586,13:16:03,10.69,0.01,81,86589,买盘
1587,13:15:57,10.68,-0.01,1,1068,卖盘
1588,13:15:54,10.69,--,53,56657,买盘
1589,13:15:48,10.69,--,5,5345,买盘
1590,13:15:45,10.69,--,30,32070,买盘
1591,13:15:42,10.69,0.01,9,9621,买盘
1592,13:15:36,10.68,-0.01,34,36312,卖盘
1593,13:15:30,10.69,--,19,20311,买盘
1594,13:15:27,10.69,--,16,17104,买盘
1595,13:15:24,10.69,--,29,31001,买盘
1596,13:15:21,10.69,0.01,36,39424,买盘
1597,13:15:15,10.68,-0.01,1,1068,卖盘
1598,13:15:12,10.69,0.01,1,1069,买盘
1599,13:15:09,10.68,-0.01,6,6408,卖盘
1600,13:15:06,10.69,--,2,2138,买盘
1601,13:15:03,10.69,--,2,2138,买盘
1602,13:15:00,10.69,--,2,2138,买盘
1603,13:14:54,10.69,0.01,45,48105,买盘
1604,13:14:48,10.68,--,1,1068,卖盘
1605,13:14:45,10.68,-0.01,28,29904,卖盘
1606,13:14:33,10.69,0.01,85,90865,买盘
1607,13:14:27,10.68,-0.01,1,1068,卖盘
1608,13:14:24,10.69,--,55,58795,买盘
1609,13:14:21,10.69,--,11,11759,买盘
1610,13:14:15,10.69,0.01,40,42760,买盘
1611,13:14:09,10.68,-0.01,102,108936,卖盘
1612,13:14:06,10.69,--,12,12828,买盘
1613,13:14:03,10.69,--,18,19242,买盘
1614,13:14:00,10.69,--,30,32070,买盘
1615,13:13:54,10.69,0.01,35,37415,买盘
1616,13:13:51,10.68,--,10,10680,卖盘
1617,13:13:39,10.68,-0.01,15,16020,卖盘
1618,13:13:33,10.69,0.01,43,45967,买盘
1619,13:13:27,10.68,-0.01,115,122820,卖盘
1620,13:13:24,10.69,0.01,23,24587,买盘
1621,13:13:18,10.68,--,12,12816,卖盘
1622,13:13:15,10.68,0.01,109,116412,买盘
1623,13:13:12,10.67,-0.01,19,20273,卖盘
1624,13:13:09,10.68,--,32,34176,买盘
1625,13:13:03,10.68,--,5,5340,买盘
1626,13:13:00,10.68,0.01,62,66216,买盘
1627,13:12:57,10.67,-0.01,26,27742,卖盘
1628,13:12:54,10.68,--,23,24564,买盘
1629,13:12:51,10.68,0.01,2,2136,买盘
1630,13:12:48,10.67,-0.01,30,32010,卖盘
1631,13:12:42,10.68,0.01,20,21360,买盘
1632,13:12:39,10.67,--,1,1067,卖盘
1633,13:12:27,10.67,--,1,1067,卖盘
1634,13:12:24,10.67,--,1,1067,卖盘
1635,13:12:21,10.67,--,1,1067,卖盘
1636,13:12:18,10.67,0.01,185,197395,买盘
1637,13:12:15,10.66,-0.01,1,1066,卖盘
1638,13:12:12,10.67,0.01,20,21340,买盘
1639,13:12:09,10.66,-0.01,23,24518,卖盘
1640,13:12:06,10.67,--,7,7469,买盘
1641,13:12:03,10.67,0.01,13,13871,买盘
1642,13:12:00,10.66,-0.01,33,35178,卖盘
1643,13:11:57,10.67,--,259,276353,卖盘
1644,13:11:54,10.67,--,36,38412,卖盘
1645,13:11:51,10.67,-0.01,3,3201,卖盘
1646,13:11:48,10.68,0.01,248,264864,买盘
1647,13:11:45,10.67,-0.01,16,17072,卖盘
1648,13:11:42,10.68,0.01,84,89712,买盘
1649,13:11:39,10.67,--,51,54417,卖盘
1650,13:11:30,10.67,--,51,54417,卖盘
1651,13:11:27,10.67,--,14,14938,卖盘
1652,13:11:24,10.67,--,88,93896,卖盘
1653,13:11:18,10.67,--,1,1067,卖盘
1654,13:11:15,10.67,-0.01,110,117370,卖盘
1655,13:11:12,10.68,0.01,4,4272,买盘
1656,13:11:09,10.67,--,4,4268,卖盘
1657,13:11:06,10.67,-0.01,13,13871,卖盘
1658,13:11:03,10.68,0.01,50,53400,买盘
1659,13:11:00,10.67,--,187,199529,卖盘
1660,13:10:57,10.67,-0.01,30,32010,卖盘
1661,13:10:54,10.68,--,40,42720,买盘
1662,13:10:51,10.68,0.01,16,17088,买盘
1663,13:10:48,10.67,--,62,66154,卖盘
1664,13:10:45,10.67,--,1,1067,卖盘
1665,13:10:39,10.67,--,21,22407,卖盘
1666,13:10:33,10.67,--,1,1067,卖盘
1667,13:10:27,10.67,--,1,1067,卖盘
1668,13:10:24,10.67,--,33,35211,卖盘
1669,13:10:15,10.67,-0.01,58,61886,卖盘
1670,13:10:12,10.68,0.01,30,32040,买盘
1671,13:10:09,10.67,-0.01,2,2134,卖盘
1672,13:10:03,10.68,--,20,21360,买盘
1673,13:09:57,10.68,--,41,43788,买盘
1674,13:09:54,10.68,0.01,154,164472,买盘
1675,13:09:51,10.67,--,13,13871,卖盘
1676,13:09:48,10.67,--,101,107767,卖盘
1677,13:09:39,10.67,--,1,1067,卖盘
1678,13:09:36,10.67,0.01,285,304095,买盘
1679,13:09:33,10.66,-0.01,14,14924,卖盘
1680,13:09:30,10.67,--,23,24541,买盘
1681,13:09:27,10.67,0.01,48,51216,卖盘
1682,13:09:24,10.66,--,3,3198,卖盘
1683,13:09:21,10.66,--,29,30914,卖盘
1684,13:09:15,10.66,--,1,1066,卖盘
1685,13:09:12,10.66,--,51,54366,卖盘
1686,13:09:09,10.66,-0.01,261,278226,卖盘
1687,13:09:03,10.67,-0.01,1,1067,卖盘
1688,13:08:54,10.68,--,21,22428,买盘
1689,13:08:51,10.68,0.01,2,2136,买盘
1690,13:08:48,10.67,--,29,30943,卖盘
1691,13:08:45,10.67,--,37,39479,卖盘
1692,13:08:39,10.67,--,106,113102,卖盘
1693,13:08:36,10.67,-0.02,15,16005,卖盘
1694,13:08:33,10.69,0.02,5,5345,买盘
1695,13:08:27,10.67,-0.01,1,1067,卖盘
1696,13:08:24,10.68,-0.01,26,27768,卖盘
1697,13:08:21,10.69,0.01,3,3207,买盘
1698,13:08:18,10.68,-0.01,3,3204,中性盘
1699,13:08:15,10.69,0.01,95,101555,买盘
1700,13:08:12,10.68,--,1,1068,买盘
1701,13:08:09,10.68,--,12,12816,买盘
1702,13:08:06,10.68,--,3,3204,买盘
1703,13:08:03,10.68,--,32,34176,买盘
1704,13:08:00,10.68,-0.01,217,231756,卖盘
1705,13:07:57,10.69,--,32,34208,买盘
1706,13:07:51,10.69,0.01,52,55588,买盘
1707,13:07:48,10.68,--,97,103596,卖盘
1708,13:07:45,10.68,--,30,32040,卖盘
1709,13:07:39,10.68,--,224,239232,卖盘
1710,13:07:36,10.68,--,12,12816,卖盘
1711,13:07:33,10.68,--,4,4272,卖盘
1712,13:07:27,10.68,-0.01,1,1068,卖盘
1713,13:07:24,10.69,--,35,37415,买盘
1714,13:07:21,10.69,0.01,22,23518,买盘
1715,13:07:15,10.68,--,1,1068,卖盘
1716,13:07:12,10.68,0.01,474,506232,买盘
1717,13:07:09,10.67,--,1,1067,卖盘
1718,13:07:03,10.67,-0.01,67,71489,卖盘
1719,13:07:00,10.68,0.01,3,3204,买盘
1720,13:06:57,10.67,-0.01,100,106700,卖盘
1721,13:06:51,10.68,0.01,42,44856,买盘
1722,13:06:48,10.67,--,8,8536,卖盘
1723,13:06:45,10.67,--,34,36278,卖盘
1724,13:06:42,10.67,--,8,8536,卖盘
1725,13:06:39,10.67,-0.01,1,1067,卖盘
1726,13:06:30,10.68,0.01,150,160200,买盘
1727,13:06:27,10.67,--,44,46948,卖盘
1728,13:06:24,10.67,--,17,18139,卖盘
1729,13:06:21,10.67,-0.01,16,17072,卖盘
1730,13:06:18,10.68,0.01,112,119616,买盘
1731,13:06:15,10.67,--,1,1067,卖盘
1732,13:06:09,10.67,--,1,1067,卖盘
1733,13:06:06,10.67,--,122,130174,卖盘
1734,13:06:03,10.67,--,1,1067,卖盘
1735,13:05:57,10.67,0.01,37,39479,买盘
1736,13:05:54,10.66,-0.01,11,11726,卖盘
1737,13:05:51,10.67,0.01,62,66154,买盘
1738,13:05:48,10.66,-0.01,341,363506,卖盘
1739,13:05:45,10.67,-0.01,22,23474,卖盘
1740,13:05:42,10.68,0.01,20,21360,买盘
1741,13:05:39,10.67,--,1,1067,卖盘
1742,13:05:36,10.67,0.01,4,4268,中性盘
1743,13:05:30,10.66,-0.02,21,22386,卖盘
1744,13:05:27,10.68,--,137,146316,买盘
1745,13:05:24,10.68,--,36,38448,卖盘
1746,13:05:21,10.68,--,2,2136,卖盘
1747,13:05:18,10.68,0.01,18,19224,买盘
1748,13:05:15,10.67,-0.01,1,1067,卖盘
1749,13:05:12,10.68,--,22,23496,买盘
1750,13:05:09,10.68,0.01,6,6408,买盘
1751,13:05:06,10.67,--,56,59752,卖盘
1752,13:05:03,10.67,-0.01,21,22407,卖盘
1753,13:04:57,10.68,0.01,5,5340,买盘
1754,13:04:51,10.67,-0.01,1,1067,卖盘
1755,13:04:48,10.68,0.01,27,28836,买盘
1756,13:04:45,10.67,-0.01,57,60819,卖盘
1757,13:04:42,10.68,0.01,13,13884,买盘
1758,13:04:39,10.67,-0.01,101,107767,卖盘
1759,13:04:36,10.68,--,1,1068,卖盘
1760,13:04:33,10.68,--,32,34176,卖盘
1761,13:04:27,10.68,--,1,1068,卖盘
1762,13:04:24,10.68,--,1,1068,卖盘
1763,13:04:21,10.68,--,2,2136,卖盘
1764,13:04:18,10.68,0.01,44,46992,买盘
1765,13:04:15,10.67,--,1,1067,卖盘
1766,13:04:12,10.67,-0.01,6,6402,卖盘
1767,13:04:09,10.68,--,1,1068,买盘
1768,13:04:00,10.68,--,10,10680,买盘
1769,13:03:57,10.68,--,23,24564,卖盘
1770,13:03:54,10.68,-0.01,32,34176,卖盘
1771,13:03:51,10.69,0.01,226,241594,买盘
1772,13:03:48,10.68,--,6,6408,卖盘
1773,13:03:42,10.68,--,26,27768,卖盘
1774,13:03:36,10.68,--,271,289428,卖盘
1775,13:03:33,10.68,--,64,68352,卖盘
1776,13:03:30,10.68,--,51,54468,卖盘
1777,13:03:27,10.68,-0.01,229,244572,卖盘
1778,13:03:21,10.69,-0.01,88,94072,卖盘
1779,13:03:18,10.7,0.01,22,23540,买盘
1780,13:03:15,10.69,--,1,1069,卖盘
1781,13:03:12,10.69,--,53,56657,卖盘
1782,13:03:09,10.69,-0.01,51,54519,卖盘
1783,13:03:06,10.7,--,12,12840,买盘
1784,13:03:03,10.7,0.01,26,27819,买盘
1785,13:03:00,10.69,--,30,32070,卖盘
1786,13:02:48,10.69,--,11,11759,买盘
1787,13:02:42,10.69,--,6,6414,卖盘
1788,13:02:39,10.69,--,11,11759,卖盘
1789,13:02:33,10.69,0.01,6,6414,中性盘
1790,13:02:30,10.68,--,13,13884,卖盘
1791,13:02:27,10.68,--,44,46992,卖盘
1792,13:02:24,10.68,-0.02,1,1068,卖盘
1793,13:02:21,10.7,--,4,4280,买盘
1794,13:02:18,10.7,--,43,46010,买盘
1795,13:02:15,10.7,--,34,36380,买盘
1796,13:02:09,10.7,--,1,1070,买盘
1797,13:02:03,10.7,0.02,5,5350,买盘
1798,13:01:54,10.68,-0.02,15,16020,卖盘
1799,13:01:51,10.7,-0.01,72,77040,中性盘
1800,13:01:48,10.71,--,63,67473,买盘
1801,13:01:45,10.71,0.01,2,2142,买盘
1802,13:01:39,10.7,--,16,17120,卖盘
1803,13:01:36,10.7,--,1,1070,卖盘
1804,13:01:33,10.7,0.01,13,13909,中性盘
1805,13:01:30,10.69,-0.02,88,94072,卖盘
1806,13:01:24,10.71,0.02,1,1071,买盘
1807,13:01:21,10.69,-0.02,62,66278,卖盘
1808,13:01:18,10.71,--,143,153153,买盘
1809,13:01:15,10.71,0.01,212,227480,买盘
1810,13:01:09,10.7,--,11,11770,卖盘
1811,13:01:06,10.7,--,62,66340,卖盘
1812,13:01:03,10.7,--,32,34240,卖盘
1813,13:01:00,10.7,--,503,538210,卖盘
1814,13:00:54,10.7,--,12,12840,卖盘
1815,13:00:51,10.7,--,25,26750,卖盘
1816,13:00:45,10.7,-0.01,9,9630,卖盘
1817,13:00:39,10.71,0.01,9,9639,买盘
1818,13:00:36,10.7,-0.01,16,17120,卖盘
1819,13:00:33,10.71,0.01,5,5355,买盘
1820,13:00:27,10.7,-0.01,19,20330,卖盘
1821,13:00:24,10.71,--,193,206703,卖盘
1822,13:00:21,10.71,--,43,46053,卖盘
1823,13:00:18,10.71,--,312,334152,卖盘
1824,13:00:15,10.71,--,19,20349,卖盘
1825,13:00:09,10.71,-0.01,122,130662,卖盘
1826,13:00:06,10.72,--,144,154368,卖盘
1827,13:00:03,10.72,--,1438,1542179,卖盘
1828,13:00:00,10.72,--,0,0,卖盘
1829,11:30:00,10.72,0.01,318,340896,买盘
1830,11:29:57,10.71,-0.01,49,52479,卖盘
1831,11:29:54,10.72,--,28,30016,买盘
1832,11:29:51,10.72,--,77,82544,买盘
1833,11:29:48,10.72,--,22,23584,买盘
1834,11:29:45,10.72,--,2,2144,买盘
1835,11:29:42,10.72,0.01,10,10720,买盘
1836,11:29:39,10.71,-0.01,15,16065,卖盘
1837,11:29:33,10.72,0.01,12,12864,买盘
1838,11:29:30,10.71,--,27,28917,卖盘
1839,11:29:27,10.71,--,200,214200,卖盘
1840,11:29:21,10.71,-0.01,18,19278,卖盘
1841,11:29:18,10.72,0.01,103,110416,买盘
1842,11:29:06,10.71,--,19,20349,卖盘
1843,11:29:03,10.71,--,78,83538,买盘
1844,11:29:00,10.71,--,37,39627,卖盘
1845,11:28:54,10.71,-0.01,1,1071,卖盘
1846,11:28:51,10.72,--,28,30016,买盘
1847,11:28:48,10.72,--,35,37520,买盘
1848,11:28:45,10.72,--,22,23584,买盘
1849,11:28:42,10.72,0.02,12,12864,买盘
1850,11:28:39,10.7,-0.01,135,144450,卖盘
1851,11:28:36,10.71,0.01,265,283815,买盘
1852,11:28:30,10.7,-0.01,33,35310,卖盘
1853,11:28:21,10.71,--,1,1071,买盘
1854,11:28:18,10.71,--,24,25704,买盘
1855,11:28:15,10.71,--,23,24633,买盘
1856,11:28:09,10.71,0.01,18,19278,买盘
1857,11:28:03,10.7,--,24,25680,卖盘
1858,11:28:00,10.7,-0.01,200,214000,卖盘
1859,11:27:57,10.71,--,5,5355,买盘
1860,11:27:51,10.71,--,6,6426,买盘
1861,11:27:48,10.71,--,41,43911,买盘
1862,11:27:45,10.71,--,24,25704,买盘
1863,11:27:42,10.71,--,2,2142,买盘
1864,11:27:36,10.71,0.01,5,5355,买盘
1865,11:27:30,10.7,--,4,4280,卖盘
1866,11:27:27,10.7,-0.01,3,3210,卖盘
1867,11:27:24,10.71,--,44,47124,卖盘
1868,11:27:21,10.71,--,278,297738,买盘
1869,11:27:18,10.71,0.01,3,3213,买盘
1870,11:27:15,10.7,--,21,22470,卖盘
1871,11:27:12,10.7,0.01,119,127329,买盘
1872,11:27:09,10.69,-0.01,26,27794,卖盘
1873,11:27:06,10.7,--,7,7489,买盘
1874,11:27:03,10.7,--,21,22470,买盘
1875,11:26:54,10.7,0.01,11,11770,买盘
1876,11:26:51,10.69,-0.01,13,13897,卖盘
1877,11:26:48,10.7,--,30,32099,买盘
1878,11:26:45,10.7,--,123,131610,卖盘
1879,11:26:42,10.7,-0.01,19,20330,卖盘
1880,11:26:39,10.71,--,22,23562,买盘
1881,11:26:27,10.71,--,100,107100,买盘
1882,11:26:24,10.71,--,1,1071,买盘
1883,11:26:21,10.71,--,25,26775,买盘
1884,11:26:18,10.71,--,11,11781,买盘
1885,11:26:15,10.71,0.01,22,23562,买盘
1886,11:26:12,10.7,-0.01,35,37450,卖盘
1887,11:26:06,10.71,--,2,2142,买盘
1888,11:26:00,10.71,-0.01,40,42840,买盘
1889,11:25:57,10.72,0.02,5,5360,买盘
1890,11:25:54,10.7,-0.02,1530,1637100,卖盘
1891,11:25:45,10.72,--,47,50384,买盘
1892,11:25:42,10.72,--,22,23584,买盘
1893,11:25:39,10.72,--,6,6432,买盘
1894,11:25:36,10.72,0.01,32,34304,买盘
1895,11:25:33,10.71,-0.01,39,41769,卖盘
1896,11:25:30,10.72,0.01,5,5360,买盘
1897,11:25:27,10.71,--,33,35343,卖盘
1898,11:25:24,10.71,-0.01,1,1071,卖盘
1899,11:25:18,10.72,--,30,32160,买盘
1900,11:25:15,10.72,--,21,22512,买盘
1901,11:25:12,10.72,0.01,4,4288,买盘
1902,11:25:09,10.71,--,109,116739,卖盘
1903,11:25:06,10.71,--,9,9639,卖盘
1904,11:25:03,10.71,-0.01,17,18207,卖盘
1905,11:25:00,10.72,0.01,2,2144,买盘
1906,11:24:51,10.71,-0.01,33,35343,卖盘
1907,11:24:48,10.72,--,11,11792,买盘
1908,11:24:45,10.72,--,50,53600,买盘
1909,11:24:42,10.72,--,152,162944,买盘
1910,11:24:39,10.72,--,5,5360,买盘
1911,11:24:36,10.72,--,12,12864,买盘
1912,11:24:33,10.72,0.01,128,137216,买盘
1913,11:24:30,10.71,--,23,24633,卖盘
1914,11:24:27,10.71,--,43,46053,卖盘
1915,11:24:24,10.71,--,13,13923,卖盘
1916,11:24:21,10.71,-0.01,3,3213,卖盘
1917,11:24:18,10.72,--,106,113632,买盘
1918,11:24:15,10.72,0.01,26,27872,买盘
1919,11:24:12,10.71,--,77,82467,卖盘
1920,11:24:03,10.71,-0.01,33,35343,卖盘
1921,11:23:57,10.72,0.01,70,75040,买盘
1922,11:23:54,10.71,--,10,10710,卖盘
1923,11:23:51,10.71,--,5,5355,卖盘
1924,11:23:48,10.71,-0.01,10,10710,卖盘
1925,11:23:45,10.72,--,37,39664,买盘
1926,11:23:42,10.72,0.01,30,32160,买盘
1927,11:23:39,10.71,-0.01,1,1071,卖盘
1928,11:23:36,10.72,--,20,21440,买盘
1929,11:23:33,10.72,0.01,52,55744,买盘
1930,11:23:27,10.71,-0.01,39,41769,卖盘
1931,11:23:24,10.72,--,20,21440,买盘
1932,11:23:21,10.72,--,28,30016,买盘
1933,11:23:18,10.72,--,21,22512,买盘
1934,11:23:15,10.72,--,24,25728,买盘
1935,11:23:12,10.72,--,50,53600,买盘
1936,11:23:06,10.72,--,5,5360,买盘
1937,11:23:03,10.72,--,182,195104,卖盘
1938,11:22:57,10.72,-0.01,41,43952,卖盘
1939,11:22:54,10.73,0.01,69,74037,买盘
1940,11:22:51,10.72,-0.01,10,10720,卖盘
1941,11:22:48,10.73,--,13,13949,买盘
1942,11:22:45,10.73,--,26,27898,买盘
1943,11:22:42,10.73,--,52,55796,买盘
1944,11:22:39,10.73,--,5,5365,买盘
1945,11:22:33,10.73,0.01,51,54723,买盘
1946,11:22:27,10.72,--,3,3216,卖盘
1947,11:22:24,10.72,-0.01,5,5360,卖盘
1948,11:22:18,10.73,--,26,27898,买盘
1949,11:22:15,10.73,--,22,23606,买盘
1950,11:22:12,10.73,0.01,34,36482,买盘
1951,11:22:09,10.72,-0.01,10,10720,卖盘
1952,11:22:06,10.73,0.01,1,1073,买盘
1953,11:22:00,10.72,--,46,49312,买盘
1954,11:21:57,10.72,--,15,16080,买盘
1955,11:21:54,10.72,--,180,192960,卖盘
1956,11:21:51,10.72,-0.01,13,13936,卖盘
1957,11:21:45,10.73,--,22,23606,买盘
1958,11:21:42,10.73,--,25,26825,买盘
1959,11:21:39,10.73,0.01,3,3219,买盘
1960,11:21:36,10.72,--,6,6432,买盘
1961,11:21:33,10.72,--,264,283008,买盘
1962,11:21:30,10.72,--,120,128640,买盘
1963,11:21:27,10.72,--,10,10720,买盘
1964,11:21:24,10.72,--,30,32160,买盘
1965,11:21:15,10.72,0.01,30,32160,买盘
1966,11:21:06,10.71,--,1,1071,卖盘
1967,11:21:03,10.71,--,151,161721,买盘
1968,11:20:57,10.71,--,16,17136,买盘
1969,11:20:54,10.71,--,8,8568,买盘
1970,11:20:51,10.71,0.01,3,3213,买盘
1971,11:20:48,10.7,-0.01,2,2140,卖盘
1972,11:20:45,10.71,--,30,32130,买盘
1973,11:20:42,10.71,--,20,21420,买盘
1974,11:20:36,10.71,--,29,31059,买盘
1975,11:20:33,10.71,--,18,19278,买盘
1976,11:20:30,10.71,0.01,5,5355,买盘
1977,11:20:27,10.7,-0.01,110,117699,卖盘
1978,11:20:24,10.71,0.01,8,8568,买盘
1979,11:20:18,10.7,--,37,39590,卖盘
1980,11:20:15,10.7,--,91,97370,买盘
1981,11:20:12,10.7,--,5,5350,买盘
1982,11:20:09,10.7,--,48,51360,买盘
1983,11:20:06,10.7,--,31,33170,买盘
1984,11:20:03,10.7,--,17,18190,买盘
1985,11:20:00,10.7,--,300,321000,买盘
1986,11:19:57,10.7,--,266,284620,买盘
1987,11:19:54,10.7,0.01,7,7489,买盘
1988,11:19:51,10.69,-0.01,11,11759,卖盘
1989,11:19:48,10.7,--,1,1070,买盘
1990,11:19:45,10.7,--,39,41730,买盘
1991,11:19:42,10.7,--,5,5350,买盘
1992,11:19:39,10.7,--,10,10700,买盘
1993,11:19:36,10.7,0.01,20,21400,买盘
1994,11:19:33,10.69,--,76,81244,卖盘
1995,11:19:30,10.69,--,3,3207,卖盘
1996,11:19:27,10.69,--,14,14966,卖盘
1997,11:19:18,10.69,-0.01,1,1069,卖盘
1998,11:19:12,10.7,0.01,76,81320,买盘
1999,11:19:09,10.69,0.01,2,2138,买盘
2000,11:19:03,10.68,-0.01,202,215736,卖盘
2001,11:19:00,10.69,0.01,42,44898,买盘
2002,11:18:57,10.68,-0.01,28,29904,卖盘
2003,11:18:54,10.69,--,20,21380,买盘
2004,11:18:51,10.69,--,30,32070,买盘
2005,11:18:48,10.69,--,10,10690,买盘
2006,11:18:45,10.69,-0.01,391,417979,卖盘
2007,11:18:42,10.7,0.01,44,47080,买盘
2008,11:18:36,10.69,--,20,21380,卖盘
2009,11:18:33,10.69,--,1,1069,卖盘
2010,11:18:30,10.69,--,120,128280,买盘
2011,11:18:27,10.69,0.01,20,21380,买盘
2012,11:18:24,10.68,-0.01,1,1068,卖盘
2013,11:18:21,10.69,0.01,18,19242,买盘
2014,11:18:15,10.68,--,8,8544,卖盘
2015,11:18:12,10.68,0.01,10,10680,买盘
2016,11:18:09,10.67,-0.01,75,80025,卖盘
2017,11:18:06,10.68,--,2,2136,买盘
2018,11:18:00,10.68,--,4,4272,买盘
2019,11:17:57,10.68,--,37,39516,买盘
2020,11:17:54,10.68,0.01,15,16020,买盘
2021,11:17:51,10.67,--,45,48015,买盘
2022,11:17:48,10.67,0.01,10,10670,买盘
2023,11:17:45,10.66,--,114,121524,卖盘
2024,11:17:42,10.66,-0.01,36,38376,卖盘
2025,11:17:39,10.67,--,16,17072,买盘
2026,11:17:36,10.67,--,56,59752,买盘
2027,11:17:33,10.67,0.01,11,11737,买盘
2028,11:17:30,10.66,--,197,210002,卖盘
2029,11:17:27,10.66,--,99,105534,卖盘
2030,11:17:12,10.66,--,44,46904,买盘
2031,11:17:09,10.66,--,97,103402,买盘
2032,11:17:06,10.66,0.01,55,58630,买盘
2033,11:17:00,10.65,--,100,106500,卖盘
2034,11:16:57,10.65,-0.01,35,37275,卖盘
2035,11:16:51,10.66,--,16,17056,买盘
2036,11:16:45,10.66,0.02,22,23452,买盘
2037,11:16:42,10.64,-0.01,329,350694,卖盘
2038,11:16:36,10.65,--,51,54315,卖盘
2039,11:16:33,10.65,--,154,164010,买盘
2040,11:16:30,10.65,--,2,2130,买盘
2041,11:16:27,10.65,--,243,258795,买盘
2042,11:16:24,10.65,0.01,99,105435,买盘
2043,11:16:21,10.64,-0.01,1,1064,卖盘
2044,11:16:18,10.65,--,13,13845,买盘
2045,11:16:15,10.65,--,107,113955,买盘
2046,11:16:12,10.65,--,23,24495,买盘
2047,11:16:09,10.65,0.01,40,42600,买盘
2048,11:16:06,10.64,--,8,8512,卖盘
2049,11:16:03,10.64,--,23,24472,卖盘
2050,11:16:00,10.64,--,32,34048,卖盘
2051,11:15:57,10.64,-0.01,3,3192,卖盘
2052,11:15:54,10.65,--,5,5325,买盘
2053,11:15:51,10.65,0.01,49,52185,买盘
2054,11:15:48,10.64,--,41,43624,卖盘
2055,11:15:45,10.64,--,20,21280,卖盘
2056,11:15:42,10.64,-0.01,40,42560,卖盘
2057,11:15:39,10.65,0.01,1,1065,买盘
2058,11:15:36,10.64,-0.01,55,58520,卖盘
2059,11:15:33,10.65,--,27,28755,买盘
2060,11:15:30,10.65,--,11,11715,买盘
2061,11:15:27,10.65,--,81,86265,买盘
2062,11:15:21,10.65,--,13,13845,买盘
2063,11:15:15,10.65,-0.01,60,63900,买盘
2064,11:15:12,10.66,--,107,114062,买盘
2065,11:15:09,10.66,0.01,13,13858,买盘
2066,11:15:06,10.65,-0.01,500,532500,卖盘
2067,11:15:03,10.66,0.01,25,26650,买盘
2068,11:15:00,10.65,-0.01,11,11715,卖盘
2069,11:14:57,10.66,--,7,7462,买盘
2070,11:14:51,10.66,0.01,10,10660,买盘
2071,11:14:48,10.65,--,71,75615,卖盘
2072,11:14:42,10.65,--,62,66030,卖盘
2073,11:14:39,10.65,-0.01,98,104370,卖盘
2074,11:14:36,10.66,--,6,6396,买盘
2075,11:14:33,10.66,--,176,187616,卖盘
2076,11:14:30,10.66,--,1,1066,卖盘
2077,11:14:27,10.66,--,22,23452,卖盘
2078,11:14:24,10.66,--,2,2132,卖盘
2079,11:14:21,10.66,--,2,2132,卖盘
2080,11:14:18,10.66,--,8,8528,卖盘
2081,11:14:15,10.66,--,11,11726,卖盘
2082,11:14:12,10.66,-0.01,15,15990,卖盘
2083,11:14:09,10.67,0.01,22,23474,买盘
2084,11:14:06,10.66,--,21,22386,卖盘
2085,11:14:03,10.66,-0.01,107,114062,卖盘
2086,11:14:00,10.67,0.01,24,25608,卖盘
2087,11:13:57,10.66,-0.01,500,533000,卖盘
2088,11:13:51,10.67,0.01,452,482284,买盘
2089,11:13:45,10.66,--,202,215332,卖盘
2090,11:13:42,10.66,-0.01,40,42640,卖盘
2091,11:13:39,10.67,0.01,58,61886,买盘
2092,11:13:36,10.66,--,71,75686,卖盘
2093,11:13:33,10.66,--,37,39442,卖盘
2094,11:13:27,10.66,--,88,93808,卖盘
2095,11:13:24,10.66,--,133,141778,卖盘
2096,11:13:21,10.66,--,31,33046,卖盘
2097,11:13:18,10.66,-0.01,88,93808,卖盘
2098,11:13:15,10.67,0.01,9,9603,买盘
2099,11:13:12,10.66,--,70,74620,卖盘
2100,11:13:09,10.66,--,59,62894,卖盘
2101,11:13:06,10.66,-0.01,21,22386,卖盘
2102,11:13:00,10.67,--,14,14938,买盘
2103,11:12:57,10.67,--,23,24541,买盘
2104,11:12:54,10.67,0.01,11,11737,买盘
2105,11:12:51,10.66,-0.01,181,192946,卖盘
2106,11:12:48,10.67,-0.01,160,170720,卖盘
2107,11:12:42,10.68,--,22,23496,买盘
2108,11:12:36,10.68,--,25,26700,买盘
2109,11:12:30,10.68,--,33,35244,买盘
2110,11:12:27,10.68,--,5,5340,买盘
2111,11:12:21,10.68,--,104,111072,买盘
2112,11:12:18,10.68,0.01,1,1068,买盘
2113,11:12:12,10.67,-0.01,20,21340,卖盘
2114,11:12:09,10.68,--,22,23496,买盘
2115,11:12:00,10.68,--,122,130723,卖盘
2116,11:11:54,10.68,-0.01,1,1068,卖盘
2117,11:11:51,10.69,0.01,19,20311,买盘
2118,11:11:42,10.68,-0.01,75,80100,卖盘
2119,11:11:39,10.69,--,37,39553,卖盘
2120,11:11:36,10.69,--,80,85520,卖盘
2121,11:11:33,10.69,--,30,32070,卖盘
2122,11:11:30,10.69,--,66,70554,卖盘
2123,11:11:27,10.69,-0.01,1,1069,卖盘
2124,11:11:24,10.7,0.01,18,19260,买盘
2125,11:11:21,10.69,-0.01,2,2138,卖盘
2126,11:11:18,10.7,0.01,63,67410,买盘
2127,11:11:15,10.69,-0.01,335,358115,卖盘
2128,11:11:12,10.7,--,35,37450,买盘
2129,11:11:09,10.7,--,299,319930,买盘
2130,11:11:06,10.7,--,30,32099,买盘
2131,11:11:03,10.7,--,21,22470,买盘
2132,11:10:57,10.7,--,3,3210,买盘
2133,11:10:51,10.7,--,107,114489,买盘
2134,11:10:48,10.7,--,11,11770,买盘
2135,11:10:45,10.7,-0.02,205,219349,卖盘
2136,11:10:42,10.72,--,27,28944,买盘
2137,11:10:39,10.72,--,308,330176,买盘
2138,11:10:36,10.72,0.01,512,548864,买盘
2139,11:10:33,10.71,--,2318,2482578,买盘
2140,11:10:30,10.71,--,45,48195,买盘
2141,11:10:27,10.71,--,186,199206,买盘
2142,11:10:24,10.71,--,418,447678,买盘
2143,11:10:21,10.71,0.01,46,49266,买盘
2144,11:10:18,10.7,-0.01,90,96300,卖盘
2145,11:10:15,10.71,--,98,104958,买盘
2146,11:10:12,10.71,--,13,13923,买盘
2147,11:10:09,10.71,--,66,70686,买盘
2148,11:10:06,10.71,--,71,76041,买盘
2149,11:10:03,10.71,--,13,13923,买盘
2150,11:10:00,10.71,0.01,23,24633,买盘
2151,11:09:57,10.7,0.01,20,21400,卖盘
2152,11:09:54,10.69,-0.01,110,117590,卖盘
2153,11:09:51,10.7,--,204,218280,买盘
2154,11:09:48,10.7,--,3,3210,买盘
2155,11:09:45,10.7,0.01,38,40660,买盘
2156,11:09:42,10.69,-0.01,5,5345,卖盘
2157,11:09:39,10.7,0.01,18,19260,买盘
2158,11:09:36,10.69,0.01,103,110107,买盘
2159,11:09:33,10.68,--,50,53400,卖盘
2160,11:09:30,10.68,--,129,137772,卖盘
2161,11:09:27,10.68,--,1170,1250200,卖盘
2162,11:09:21,10.68,--,15,16020,卖盘
2163,11:09:18,10.68,--,120,128160,卖盘
2164,11:09:15,10.68,--,19,20292,买盘
2165,11:09:12,10.68,--,117,124956,买盘
2166,11:09:06,10.68,--,22,23496,买盘
2167,11:09:03,10.68,--,11,11748,买盘
2168,11:08:57,10.68,--,34,36312,买盘
2169,11:08:54,10.68,--,22,23496,买盘
2170,11:08:51,10.68,0.01,62,66216,买盘
2171,11:08:48,10.67,-0.01,54,57618,卖盘
2172,11:08:45,10.68,0.01,1,1068,买盘
2173,11:08:42,10.67,-0.01,13,13871,卖盘
2174,11:08:39,10.68,--,134,143112,买盘
2175,11:08:36,10.68,0.01,1009,1077612,买盘
2176,11:08:30,10.67,--,22,23474,卖盘
2177,11:08:27,10.67,--,85,90695,卖盘
2178,11:08:24,10.67,--,30,32010,卖盘
2179,11:08:21,10.67,0.01,18,19206,买盘
2180,11:08:18,10.66,-0.01,16,17056,卖盘
2181,11:08:15,10.67,--,54,57618,买盘
2182,11:08:09,10.67,--,34,36278,买盘
2183,11:08:06,10.67,--,6,6402,买盘
2184,11:08:03,10.67,0.01,7,7469,买盘
2185,11:07:57,10.66,-0.01,18,19188,中性盘
2186,11:07:54,10.67,0.01,46,49082,买盘
2187,11:07:51,10.66,0.01,60,63960,买盘
2188,11:07:48,10.65,-0.01,9,9585,卖盘
2189,11:07:45,10.66,0.01,41,43706,中性盘
2190,11:07:42,10.65,-0.01,203,216195,卖盘
2191,11:07:39,10.66,0.01,121,128986,买盘
2192,11:07:36,10.65,--,9,9585,卖盘
2193,11:07:33,10.65,--,13,13845,卖盘
2194,11:07:30,10.65,--,214,227910,买盘
2195,11:07:27,10.65,--,213,226845,买盘
2196,11:07:24,10.65,--,26,27690,买盘
2197,11:07:21,10.65,--,27,28755,买盘
2198,11:07:18,10.65,--,51,54315,买盘
2199,11:07:15,10.65,--,16,17040,买盘
2200,11:07:12,10.65,--,9,9585,买盘
2201,11:07:06,10.65,0.01,23,24495,买盘
2202,11:07:03,10.64,--,51,54264,卖盘
2203,11:06:57,10.64,0.01,86,91504,卖盘
2204,11:06:54,10.63,--,170,180710,卖盘
2205,11:06:51,10.63,--,26,27638,卖盘
2206,11:06:45,10.63,-0.01,80,85040,卖盘
2207,11:06:42,10.64,0.01,156,165984,买盘
2208,11:06:39,10.63,--,113,120119,买盘
2209,11:06:36,10.63,--,16,17008,买盘
2210,11:06:33,10.63,--,16,17008,买盘
2211,11:06:30,10.63,0.02,3,3189,买盘
2212,11:06:27,10.61,-0.01,152,161272,卖盘
2213,11:06:24,10.62,--,198,210275,买盘
2214,11:06:21,10.62,--,96,101951,买盘
2215,11:06:18,10.62,--,311,330282,买盘
2216,11:06:15,10.62,--,79,83898,买盘
2217,11:06:12,10.62,0.01,61,64781,买盘
2218,11:06:09,10.61,--,440,466840,买盘
2219,11:06:06,10.61,--,227,240847,买盘
2220,11:06:03,10.61,--,181,192041,买盘
2221,11:06:00,10.61,--,221,234481,卖盘
2222,11:05:57,10.61,-0.01,386,409546,卖盘
2223,11:05:54,10.62,0.01,139,147618,买盘
2224,11:05:51,10.61,--,86,91246,卖盘
2225,11:05:48,10.61,0.01,79,83819,买盘
2226,11:05:45,10.6,-0.01,195,206700,卖盘
2227,11:05:42,10.61,--,79,83819,卖盘
2228,11:05:39,10.61,-0.01,429,455169,卖盘
2229,11:05:36,10.62,--,1686,1790531,买盘
2230,11:05:33,10.62,0.02,55,58409,买盘
2231,11:05:30,10.6,-0.02,1559,1652540,卖盘
2232,11:05:27,10.62,0.01,47,49913,买盘
2233,11:05:24,10.61,-0.01,282,299202,卖盘
2234,11:05:21,10.62,--,17,18054,买盘
2235,11:05:18,10.62,-0.01,259,275058,卖盘
2236,11:05:15,10.63,--,101,107363,买盘
2237,11:05:12,10.63,--,208,221104,买盘
2238,11:05:09,10.63,-0.01,63,66969,卖盘
2239,11:05:06,10.64,0.01,20,21280,买盘
2240,11:05:03,10.63,0.01,257,273191,买盘
2241,11:05:00,10.62,-0.02,1116,1185192,卖盘
2242,11:04:57,10.64,--,111,118104,买盘
2243,11:04:54,10.64,0.01,82,87248,买盘
2244,11:04:51,10.63,-0.01,52,55276,卖盘
2245,11:04:48,10.64,0.01,11,11704,买盘
2246,11:04:45,10.63,-0.01,245,260435,卖盘
2247,11:04:42,10.64,--,87,92568,卖盘
2248,11:04:39,10.64,--,38,40432,卖盘
2249,11:04:36,10.64,--,1039,1105496,买盘
2250,11:04:33,10.64,0.01,24,25536,买盘
2251,11:04:30,10.63,-0.01,42,44646,卖盘
2252,11:04:27,10.64,--,63,67032,卖盘
2253,11:04:24,10.64,--,23,24472,卖盘
2254,11:04:21,10.64,--,3,3192,卖盘
2255,11:04:18,10.64,--,376,400064,卖盘
2256,11:04:12,10.64,--,4,4256,卖盘
2257,11:04:09,10.64,--,440,468160,买盘
2258,11:04:03,10.64,0.01,81,86184,卖盘
2259,11:04:00,10.63,-0.01,86,91418,卖盘
2260,11:03:57,10.64,--,135,143640,买盘
2261,11:03:51,10.64,--,32,34048,买盘
2262,11:03:48,10.64,-0.01,205,218120,卖盘
2263,11:03:45,10.65,--,33,35145,买盘
2264,11:03:42,10.65,-0.01,1329,1415385,卖盘
2265,11:03:39,10.66,-0.01,141,150306,卖盘
2266,11:03:36,10.67,0.01,53,56551,买盘
2267,11:03:33,10.66,-0.01,91,97006,卖盘
2268,11:03:30,10.67,--,757,807719,买盘
2269,11:03:27,10.67,--,10,10670,买盘
2270,11:03:24,10.67,-0.01,766,817748,卖盘
2271,11:03:21,10.68,0.01,2,2136,买盘
2272,11:03:18,10.67,--,75,80025,卖盘
2273,11:03:15,10.67,-0.01,256,273152,卖盘
2274,11:03:12,10.68,--,45,48060,买盘
2275,11:03:09,10.68,0.01,42,44856,买盘
2276,11:03:06,10.67,-0.01,499,532433,卖盘
2277,11:03:03,10.68,--,189,201852,买盘
2278,11:03:00,10.68,--,41,43788,买盘
2279,11:02:57,10.68,--,84,89712,买盘
2280,11:02:54,10.68,--,37,39516,买盘
2281,11:02:51,10.68,--,29,30972,买盘
2282,11:02:48,10.68,--,91,97188,买盘
2283,11:02:45,10.68,0.01,134,143112,买盘
2284,11:02:42,10.67,-0.01,104,110968,卖盘
2285,11:02:39,10.68,--,167,178356,买盘
2286,11:02:36,10.68,--,143,152724,买盘
2287,11:02:33,10.68,--,74,79032,买盘
2288,11:02:30,10.68,--,44,46992,买盘
2289,11:02:27,10.68,--,150,160200,买盘
2290,11:02:24,10.68,--,3,3204,买盘
2291,11:02:21,10.68,--,12,12816,买盘
2292,11:02:18,10.68,--,118,126024,卖盘
2293,11:02:15,10.68,--,78,83304,卖盘
2294,11:02:12,10.68,--,119,127092,卖盘
2295,11:02:09,10.68,--,124,132432,买盘
2296,11:02:06,10.68,--,41,43788,买盘
2297,11:02:03,10.68,--,89,95052,买盘
2298,11:02:00,10.68,--,11,11748,买盘
2299,11:01:57,10.68,--,14,14952,买盘
2300,11:01:54,10.68,--,10,10680,买盘
2301,11:01:51,10.68,--,670,715560,卖盘
2302,11:01:48,10.68,--,7,8116,买盘
2303,11:01:45,10.68,--,131,140335,卖盘
2304,11:01:39,10.68,--,24,25632,卖盘
2305,11:01:36,10.68,0.01,226,242008,买盘
2306,11:01:33,10.67,-0.01,137,146179,卖盘
2307,11:01:30,10.68,0.01,77,82236,买盘
2308,11:01:27,10.67,-0.01,119,126973,卖盘
2309,11:01:24,10.68,--,22,23496,买盘
2310,11:01:21,10.68,--,33,35671,卖盘
2311,11:01:18,10.68,--,6,6408,卖盘
2312,11:01:15,10.68,--,38,40584,卖盘
2313,11:01:12,10.68,-0.01,166,177288,卖盘
2314,11:01:09,10.69,--,93,99417,买盘
2315,11:01:03,10.69,--,22,23518,买盘
2316,11:01:00,10.69,--,123,131487,买盘
2317,11:00:57,10.69,--,77,82313,买盘
2318,11:00:54,10.69,--,98,104762,买盘
2319,11:00:48,10.69,--,69,73761,买盘
2320,11:00:45,10.69,0.01,220,235180,买盘
2321,11:00:42,10.68,--,59,63012,卖盘
2322,11:00:39,10.68,-0.01,59,63012,卖盘
2323,11:00:36,10.69,--,32,34208,买盘
2324,11:00:33,10.69,--,36,38484,买盘
2325,11:00:30,10.69,--,556,594364,卖盘
2326,11:00:24,10.69,--,47,50243,卖盘
2327,11:00:21,10.69,--,70,74830,买盘
2328,11:00:18,10.69,--,60,64140,买盘
2329,11:00:15,10.69,--,144,153936,买盘
2330,11:00:12,10.69,--,31,33139,买盘
2331,11:00:09,10.69,--,5,5345,买盘
2332,11:00:06,10.69,--,306,327114,买盘
2333,11:00:03,10.69,-0.01,26,27794,卖盘
2334,11:00:00,10.7,--,76,81320,买盘
2335,10:59:57,10.7,0.01,1135,1214664,买盘
2336,10:59:54,10.69,--,41,43829,卖盘
2337,10:59:51,10.69,-0.01,6,6414,卖盘
2338,10:59:45,10.7,0.01,15,16049,买盘
2339,10:59:42,10.69,-0.01,1,1069,卖盘
2340,10:59:36,10.7,0.01,32,34240,买盘
2341,10:59:33,10.69,-0.01,37,39553,卖盘
2342,10:59:30,10.7,--,6,6420,买盘
2343,10:59:27,10.7,0.02,2,2140,买盘
2344,10:59:24,10.68,-0.01,29,30972,卖盘
2345,10:59:21,10.69,--,94,100486,买盘
2346,10:59:18,10.69,--,30,32070,买盘
2347,10:59:15,10.69,0.01,54,57726,买盘
2348,10:59:12,10.68,-0.01,289,308652,卖盘
2349,10:59:09,10.69,--,21,22449,买盘
2350,10:59:06,10.69,--,60,64140,买盘
2351,10:59:03,10.69,--,38,40622,买盘
2352,10:59:00,10.69,--,94,100486,买盘
2353,10:58:57,10.69,--,20,21380,买盘
2354,10:58:54,10.69,--,271,289699,卖盘
2355,10:58:51,10.69,--,8,8552,卖盘
2356,10:58:48,10.69,--,1,1069,卖盘
2357,10:58:45,10.69,-0.01,102,109038,卖盘
2358,10:58:42,10.7,0.01,29,31029,买盘
2359,10:58:39,10.69,--,41,43829,卖盘
2360,10:58:36,10.69,-0.01,32,34208,卖盘
2361,10:58:33,10.7,0.02,69,73830,买盘
2362,10:58:30,10.68,-0.01,272,290496,卖盘
2363,10:58:27,10.69,0.01,66,70554,中性盘
2364,10:58:24,10.68,-0.01,472,504096,卖盘
2365,10:58:21,10.69,--,3,3207,卖盘
2366,10:58:18,10.69,0.01,24,25656,买盘
2367,10:58:15,10.68,-0.01,72,76896,卖盘
2368,10:58:12,10.69,0.01,93,99417,买盘
2369,10:58:09,10.68,-0.01,17,18156,卖盘
2370,10:58:06,10.69,0.01,43,45967,买盘
2371,10:58:03,10.68,-0.01,370,395160,卖盘
2372,10:58:00,10.69,--,35,37415,买盘
2373,10:57:57,10.69,--,81,86589,买盘
2374,10:57:54,10.69,--,13,13897,买盘
2375,10:57:51,10.69,--,314,335666,卖盘
2376,10:57:48,10.69,-0.01,100,106900,卖盘
2377,10:57:45,10.7,--,66,70620,买盘
2378,10:57:42,10.7,--,233,249309,买盘
2379,10:57:39,10.7,--,53,56709,买盘
2380,10:57:36,10.7,0.01,40,42800,买盘
2381,10:57:33,10.69,--,29,31001,卖盘
2382,10:57:30,10.69,--,11,11759,卖盘
2383,10:57:27,10.69,--,1,1069,卖盘
2384,10:57:24,10.69,--,68,72692,卖盘
2385,10:57:21,10.69,--,170,181730,买盘
2386,10:57:18,10.69,--,223,238387,买盘
2387,10:57:15,10.69,--,76,81244,买盘
2388,10:57:12,10.69,0.01,5,5345,买盘
2389,10:57:09,10.68,-0.01,52,55536,卖盘
2390,10:57:06,10.69,--,41,43829,买盘
2391,10:57:03,10.69,0.01,72,76968,买盘
2392,10:57:00,10.68,--,145,155287,买盘
2393,10:56:57,10.68,-0.01,124,133072,卖盘
2394,10:56:54,10.69,0.01,31,33139,买盘
2395,10:56:51,10.68,0.01,107,114703,卖盘
2396,10:56:45,10.67,-0.01,168,179256,卖盘
2397,10:56:42,10.68,--,20,21360,卖盘
2398,10:56:39,10.68,--,95,101460,买盘
2399,10:56:36,10.68,-0.01,144,153792,卖盘
2400,10:56:33,10.69,0.01,102,109038,买盘
2401,10:56:27,10.68,0.01,2,2136,中性盘
2402,10:56:24,10.67,-0.01,113,120571,卖盘
2403,10:56:21,10.68,--,235,250980,卖盘
2404,10:56:15,10.68,0.01,39,41652,买盘
2405,10:56:12,10.67,--,267,284889,卖盘
2406,10:56:09,10.67,-0.01,25,26675,卖盘
2407,10:56:06,10.68,--,133,142044,卖盘
2408,10:56:03,10.68,-0.01,447,477396,卖盘
2409,10:56:00,10.69,--,201,214869,买盘
2410,10:55:57,10.69,--,39,41691,买盘
2411,10:55:54,10.69,--,28,29932,买盘
2412,10:55:51,10.69,--,99,105831,买盘
2413,10:55:48,10.69,--,31,33139,买盘
2414,10:55:45,10.69,-0.01,163,174247,卖盘
2415,10:55:42,10.7,--,31,33170,买盘
2416,10:55:39,10.7,0.01,14,14979,买盘
2417,10:55:36,10.69,-0.01,205,219145,卖盘
2418,10:55:33,10.7,-0.01,470,503713,卖盘
2419,10:55:27,10.71,-0.01,6,6426,买盘
2420,10:55:24,10.72,--,64,68608,买盘
2421,10:55:21,10.72,0.02,16,17152,买盘
2422,10:55:18,10.7,-0.02,3503,3748209,卖盘
2423,10:55:15,10.72,0.01,112,120064,买盘
2424,10:55:12,10.71,-0.01,14,14994,卖盘
2425,10:55:09,10.72,--,60,64320,买盘
2426,10:55:06,10.72,-0.01,260,278720,卖盘
2427,10:55:03,10.73,--,49,52577,买盘
2428,10:55:00,10.73,--,4,4292,买盘
2429,10:54:57,10.73,--,30,32190,买盘
2430,10:54:54,10.73,0.01,63,67599,买盘
2431,10:54:51,10.72,-0.01,51,54672,卖盘
2432,10:54:48,10.73,--,12,12876,买盘
2433,10:54:42,10.73,0.01,3,3219,买盘
2434,10:54:39,10.72,-0.01,61,65392,卖盘
2435,10:54:36,10.73,--,45,48285,买盘
2436,10:54:33,10.73,--,23,24679,买盘
2437,10:54:30,10.73,--,582,624486,卖盘
2438,10:54:27,10.73,--,97,104081,卖盘
2439,10:54:24,10.73,0.01,2850,3058050,买盘
2440,10:54:21,10.72,-0.01,32,34304,卖盘
2441,10:54:18,10.73,--,30,32190,买盘
2442,10:54:12,10.73,--,4,4292,买盘
2443,10:54:06,10.73,0.01,3,3219,卖盘
2444,10:54:03,10.72,-0.01,1577,1690544,卖盘
2445,10:54:00,10.73,-0.01,12,12876,卖盘
2446,10:53:57,10.74,0.01,21,22554,买盘
2447,10:53:54,10.73,--,25,26825,卖盘
2448,10:53:51,10.73,--,108,115884,卖盘
2449,10:53:48,10.73,-0.01,19,20387,卖盘
2450,10:53:45,10.74,0.01,15,16110,买盘
2451,10:53:39,10.73,-0.01,14,15022,卖盘
2452,10:53:36,10.74,--,17,18258,买盘
2453,10:53:33,10.74,--,26,27924,买盘
2454,10:53:30,10.74,--,59,63366,买盘
2455,10:53:27,10.74,--,13,13962,买盘
2456,10:53:24,10.74,--,52,55848,卖盘
2457,10:53:21,10.74,-0.01,9,9666,卖盘
2458,10:53:15,10.75,0.01,51,54825,买盘
2459,10:53:12,10.74,--,4,4296,买盘
2460,10:53:09,10.74,0.01,1,1074,买盘
2461,10:53:06,10.73,-0.01,68,72964,卖盘
2462,10:53:03,10.74,--,55,59070,买盘
2463,10:53:00,10.74,--,27,28998,买盘
2464,10:52:54,10.74,0.01,30,32220,买盘
2465,10:52:51,10.73,--,2,2146,卖盘
2466,10:52:48,10.73,-0.01,0,386,卖盘
2467,10:52:45,10.74,0.01,1,1074,买盘
2468,10:52:42,10.73,-0.01,53,56869,卖盘
2469,10:52:39,10.74,--,3,3222,买盘
2470,10:52:36,10.74,--,10,10740,买盘
2471,10:52:33,10.74,--,73,78402,买盘
2472,10:52:30,10.74,--,40,42960,买盘
2473,10:52:27,10.74,-0.01,57,61218,卖盘
2474,10:52:24,10.75,0.01,12,12900,买盘
2475,10:52:21,10.74,--,44,47256,买盘
2476,10:52:18,10.74,--,91,97734,买盘
2477,10:52:15,10.74,-0.01,132,141768,卖盘
2478,10:52:12,10.75,0.01,15,16125,买盘
2479,10:52:09,10.74,-0.01,222,238428,卖盘
2480,10:52:06,10.75,--,10,10750,买盘
2481,10:52:03,10.75,--,34,36550,买盘
2482,10:52:00,10.75,0.01,4,4300,买盘
2483,10:51:57,10.74,--,120,128880,卖盘
2484,10:51:51,10.74,--,12,12888,卖盘
2485,10:51:48,10.74,-0.01,210,225540,卖盘
2486,10:51:45,10.75,--,22,23650,买盘
2487,10:51:42,10.75,--,8,8600,买盘
2488,10:51:39,10.75,--,102,109650,买盘
2489,10:51:36,10.75,--,25,26875,买盘
2490,10:51:33,10.75,--,22,23650,买盘
2491,10:51:30,10.75,--,7,7525,买盘
2492,10:51:27,10.75,0.01,101,108575,买盘
2493,10:51:24,10.74,--,43,46182,卖盘
2494,10:51:21,10.74,-0.01,11,11814,卖盘
2495,10:51:18,10.75,--,1,1075,买盘
2496,10:51:12,10.75,0.01,22,23650,买盘
2497,10:51:09,10.74,--,12,12888,卖盘
2498,10:51:06,10.74,--,126,136269,买盘
2499,10:51:03,10.74,--,32,34368,买盘
2500,10:51:00,10.74,0.01,23,24702,买盘
2501,10:50:57,10.73,--,3,3219,卖盘
2502,10:50:51,10.73,-0.01,2,2146,卖盘
2503,10:50:48,10.74,--,5,5370,买盘
2504,10:50:45,10.74,--,62,66588,买盘
2505,10:50:42,10.74,0.01,20,21480,买盘
2506,10:50:39,10.73,-0.01,12,12876,卖盘
2507,10:50:36,10.74,--,1,1074,买盘
2508,10:50:33,10.74,--,25,26850,买盘
2509,10:50:27,10.74,--,6,6444,买盘
2510,10:50:24,10.74,0.01,67,71958,买盘
2511,10:50:21,10.73,--,29,31117,卖盘
2512,10:50:18,10.73,--,14,15022,卖盘
2513,10:50:15,10.73,0.01,26,28842,买盘
2514,10:50:12,10.72,-0.01,216,231552,卖盘
2515,10:50:09,10.73,0.01,71,76183,买盘
2516,10:50:06,10.72,-0.01,1,1072,卖盘
2517,10:50:03,10.73,--,99,106227,买盘
2518,10:49:57,10.73,--,5,5365,买盘
2519,10:49:54,10.73,0.01,100,107300,买盘
2520,10:49:51,10.72,--,313,335536,买盘
2521,10:49:48,10.72,--,51,54672,买盘
2522,10:49:45,10.72,-0.01,542,581024,卖盘
2523,10:49:42,10.73,--,101,108373,买盘
2524,10:49:39,10.73,0.01,511,548303,买盘
2525,10:49:36,10.72,-0.01,95,101840,卖盘
2526,10:49:33,10.73,--,58,62234,买盘
2527,10:49:30,10.73,0.01,21,22533,中性盘
2528,10:49:27,10.72,-0.01,220,235840,卖盘
2529,10:49:24,10.73,0.01,37,39701,买盘
2530,10:49:21,10.72,-0.01,773,828656,卖盘
2531,10:49:18,10.73,--,46,49358,买盘
2532,10:49:15,10.73,--,350,375550,卖盘
2533,10:49:12,10.73,-0.01,32,34336,卖盘
2534,10:49:09,10.74,--,96,103104,买盘
2535,10:49:06,10.74,--,192,206208,买盘
2536,10:49:03,10.74,--,76,81624,买盘
2537,10:49:00,10.74,--,65,69810,买盘
2538,10:48:57,10.74,0.01,70,75180,买盘
2539,10:48:54,10.73,-0.01,91,97643,卖盘
2540,10:48:51,10.74,--,3,3222,买盘
2541,10:48:48,10.74,--,18,19332,买盘
2542,10:48:45,10.74,0.01,10,10740,买盘
2543,10:48:42,10.73,0.01,1,1073,卖盘
2544,10:48:39,10.72,-0.02,203,217616,卖盘
2545,10:48:36,10.74,0.01,178,191172,买盘
2546,10:48:33,10.73,--,589,631997,卖盘
2547,10:48:30,10.73,--,45,48285,买盘
2548,10:48:27,10.73,--,39,41847,买盘
2549,10:48:24,10.73,0.01,29,31117,买盘
2550,10:48:21,10.72,--,40,42880,卖盘
2551,10:48:18,10.72,-0.01,118,126496,卖盘
2552,10:48:15,10.73,--,48,51504,买盘
2553,10:48:12,10.73,0.01,342,366966,买盘
2554,10:48:09,10.72,--,81,86832,买盘
2555,10:48:06,10.72,--,385,412720,买盘
2556,10:48:03,10.72,--,578,619616,买盘
2557,10:48:00,10.72,0.01,14,15008,买盘
2558,10:47:57,10.71,-0.01,348,372708,卖盘
2559,10:47:54,10.72,-0.02,837,897264,卖盘
2560,10:47:51,10.74,0.01,1007,1081646,买盘
2561,10:47:48,10.73,--,16,18112,卖盘
2562,10:47:45,10.73,-0.01,26,27898,卖盘
2563,10:47:42,10.74,--,216,231984,买盘
2564,10:47:39,10.74,0.01,100,107400,买盘
2565,10:47:36,10.73,-0.01,248,266104,卖盘
2566,10:47:33,10.74,--,31,33294,买盘
2567,10:47:30,10.74,--,244,262056,买盘
2568,10:47:27,10.74,--,1,1074,买盘
2569,10:47:21,10.74,-0.01,101,108474,卖盘
2570,10:47:18,10.75,--,297,319275,买盘
2571,10:47:15,10.75,--,1,1075,买盘
2572,10:47:12,10.75,0.01,521,560075,买盘
2573,10:47:09,10.74,-0.01,209,224466,卖盘
2574,10:47:06,10.75,--,20,21500,买盘
2575,10:47:03,10.75,--,133,142975,买盘
2576,10:47:00,10.75,--,50,53750,买盘
2577,10:46:57,10.75,0.01,67,72025,卖盘
2578,10:46:54,10.74,-0.01,6,6444,卖盘
2579,10:46:51,10.75,--,6,6450,买盘
2580,10:46:48,10.75,-0.01,27,29025,卖盘
2581,10:46:45,10.76,0.01,168,180897,买盘
2582,10:46:42,10.75,--,506,543950,卖盘
2583,10:46:39,10.75,--,140,150500,卖盘
2584,10:46:36,10.75,--,1,1075,卖盘
2585,10:46:33,10.75,--,4,4300,卖盘
2586,10:46:30,10.75,--,433,465475,卖盘
2587,10:46:27,10.75,-0.01,75,80625,卖盘
2588,10:46:24,10.76,--,142,152792,买盘
2589,10:46:21,10.76,0.01,75,80700,买盘
2590,10:46:15,10.75,--,124,133300,卖盘
2591,10:46:12,10.75,--,1,1075,卖盘
2592,10:46:09,10.75,--,100,107500,卖盘
2593,10:46:06,10.75,-0.02,5000,5375000,卖盘
2594,10:46:03,10.77,--,3,3231,卖盘
2595,10:46:00,10.77,--,472,509291,卖盘
2596,10:45:57,10.77,-0.01,49,52773,卖盘
2597,10:45:54,10.78,--,205,220990,买盘
2598,10:45:51,10.78,--,335,361130,卖盘
2599,10:45:48,10.78,-0.01,146,157388,卖盘
2600,10:45:45,10.79,0.01,1117,1205243,买盘
2601,10:45:42,10.78,--,260,280280,卖盘
2602,10:45:39,10.78,--,661,712558,卖盘
2603,10:45:33,10.78,--,64,68992,卖盘
2604,10:45:30,10.78,-0.01,190,204820,卖盘
2605,10:45:27,10.79,0.01,42,45318,买盘
2606,10:45:24,10.78,--,4,4312,卖盘
2607,10:45:21,10.78,--,223,240394,卖盘
2608,10:45:18,10.78,-0.01,104,112112,卖盘
2609,10:45:15,10.79,--,104,112215,卖盘
2610,10:45:12,10.79,--,562,606398,卖盘
2611,10:45:09,10.79,--,394,425125,卖盘
2612,10:45:06,10.79,--,297,320463,卖盘
2613,10:45:03,10.79,--,3,3236,卖盘
2614,10:45:00,10.79,-0.01,55,59344,卖盘
2615,10:44:57,10.8,0.01,75,81000,买盘
2616,10:44:54,10.79,--,164,176956,卖盘
2617,10:44:51,10.79,--,96,103583,卖盘
2618,10:44:48,10.79,--,102,110057,卖盘
2619,10:44:45,10.79,-0.01,86,92793,卖盘
2620,10:44:42,10.8,0.01,172,185760,买盘
2621,10:44:39,10.79,--,111,119768,卖盘
2622,10:44:36,10.79,-0.01,2,2158,卖盘
2623,10:44:33,10.8,--,11,11880,买盘
2624,10:44:30,10.8,--,57,61689,卖盘
2625,10:44:27,10.8,-0.01,415,448200,卖盘
2626,10:44:24,10.81,--,18,19458,买盘
2627,10:44:21,10.81,0.01,28,30268,买盘
2628,10:44:18,10.8,--,44,47520,卖盘
2629,10:44:15,10.8,--,66,71280,卖盘
2630,10:44:12,10.8,--,8,8640,卖盘
2631,10:44:06,10.8,--,15,16200,卖盘
2632,10:44:03,10.8,--,293,316440,卖盘
2633,10:44:00,10.8,--,24,25920,卖盘
2634,10:43:57,10.8,--,183,197640,卖盘
2635,10:43:51,10.8,--,302,326160,卖盘
2636,10:43:45,10.8,-0.01,26,28080,卖盘
2637,10:43:42,10.81,--,7,7761,买盘
2638,10:43:39,10.81,--,65,70265,买盘
2639,10:43:36,10.81,--,2854,3085174,买盘
2640,10:43:30,10.81,0.01,33,35673,买盘
2641,10:43:27,10.8,-0.01,12,12960,卖盘
2642,10:43:24,10.81,--,2,2162,买盘
2643,10:43:21,10.81,0.01,6,6486,买盘
2644,10:43:18,10.8,-0.01,101,109965,卖盘
2645,10:43:15,10.81,--,99,107019,卖盘
2646,10:43:09,10.81,-0.01,20,21620,卖盘
2647,10:43:06,10.82,0.01,12,12984,买盘
2648,10:43:03,10.81,0.01,276,298550,买盘
2649,10:43:00,10.8,-0.01,22,23760,卖盘
2650,10:42:57,10.81,0.01,30,32430,买盘
2651,10:42:54,10.8,-0.01,120,129600,卖盘
2652,10:42:51,10.81,--,56,60536,买盘
2653,10:42:48,10.81,0.01,631,682111,买盘
2654,10:42:42,10.8,-0.01,31,33480,卖盘
2655,10:42:36,10.81,--,1,1081,买盘
2656,10:42:33,10.81,--,5,5405,买盘
2657,10:42:30,10.81,--,152,164636,卖盘
2658,10:42:27,10.81,--,509,550985,买盘
2659,10:42:24,10.81,--,37,39997,买盘
2660,10:42:21,10.81,--,43,46483,买盘
2661,10:42:18,10.81,--,99,107019,卖盘
2662,10:42:12,10.81,-0.01,69,74589,卖盘
2663,10:42:00,10.82,0.01,22,23804,买盘
2664,10:41:57,10.81,-0.01,10,10810,卖盘
2665,10:41:54,10.82,0.01,2,2164,买盘
2666,10:41:51,10.81,-0.01,1,1081,卖盘
2667,10:41:48,10.82,0.01,56,60592,买盘
2668,10:41:33,10.81,--,13,14053,卖盘
2669,10:41:30,10.81,0.01,476,514556,买盘
2670,10:41:24,10.8,-0.01,21,22680,卖盘
2671,10:41:21,10.81,0.01,6,6486,买盘
2672,10:41:18,10.8,-0.01,50,54000,卖盘
2673,10:41:12,10.81,--,18,19458,买盘
2674,10:41:06,10.81,0.01,6,6486,买盘
2675,10:41:03,10.8,-0.01,130,140400,卖盘
2676,10:41:00,10.81,0.01,26,28106,买盘
2677,10:40:57,10.8,-0.01,26,28080,卖盘
2678,10:40:54,10.81,--,145,156745,买盘
2679,10:40:51,10.81,0.01,6,6486,买盘
2680,10:40:48,10.8,--,52,56160,卖盘
2681,10:40:42,10.8,--,500,540000,卖盘
2682,10:40:39,10.8,-0.01,14,15120,卖盘
2683,10:40:33,10.81,0.01,35,37835,买盘
2684,10:40:30,10.8,-0.01,403,435240,卖盘
2685,10:40:27,10.81,0.01,100,108100,买盘
2686,10:40:24,10.8,-0.01,5,5400,卖盘
2687,10:40:21,10.81,0.01,6,6486,买盘
2688,10:40:18,10.8,--,79,85320,卖盘
2689,10:40:15,10.8,--,150,162000,卖盘
2690,10:40:12,10.8,--,35,37800,卖盘
2691,10:40:06,10.8,--,8,8640,卖盘
2692,10:40:03,10.8,-0.01,1,1080,卖盘
2693,10:40:00,10.81,0.01,21,22701,买盘
2694,10:39:57,10.8,--,1,1080,卖盘
2695,10:39:54,10.8,--,2,2916,买盘
2696,10:39:51,10.8,--,13,14364,卖盘
2697,10:39:48,10.8,--,103,111996,卖盘
2698,10:39:42,10.8,--,500,540000,卖盘
2699,10:39:39,10.8,-0.01,30,32400,卖盘
2700,10:39:36,10.81,--,2,2162,买盘
2701,10:39:30,10.81,--,22,23782,买盘
2702,10:39:27,10.81,0.01,5,5405,买盘
2703,10:39:24,10.8,-0.01,28,30240,卖盘
2704,10:39:21,10.81,--,1014,1096134,买盘
2705,10:39:18,10.81,--,151,163231,买盘
2706,10:39:15,10.81,--,5,5405,买盘
2707,10:39:12,10.81,--,40,43240,卖盘
2708,10:39:09,10.81,0.01,19,20539,买盘
2709,10:39:06,10.8,--,30,32400,卖盘
2710,10:39:00,10.8,-0.01,177,191160,卖盘
2711,10:38:57,10.81,0.01,20,21620,买盘
2712,10:38:51,10.8,--,16,17280,卖盘
2713,10:38:48,10.8,-0.01,87,93960,卖盘
2714,10:38:42,10.81,--,10,10810,买盘
2715,10:38:39,10.81,--,58,62698,买盘
2716,10:38:33,10.81,--,4,4324,买盘
2717,10:38:30,10.81,--,72,77832,买盘
2718,10:38:27,10.81,0.01,25,27025,买盘
2719,10:38:24,10.8,-0.01,16,17280,卖盘
2720,10:38:21,10.81,--,53,57293,买盘
2721,10:38:18,10.81,--,66,71346,买盘
2722,10:38:15,10.81,0.01,2,2162,买盘
2723,10:38:12,10.8,-0.01,3,3240,卖盘
2724,10:38:06,10.81,--,2,2162,买盘
2725,10:38:00,10.81,--,101,109181,买盘
2726,10:37:57,10.81,0.01,22,23782,买盘
2727,10:37:54,10.8,-0.01,1,1080,卖盘
2728,10:37:51,10.81,0.01,47,50807,买盘
2729,10:37:48,10.8,--,50,54000,卖盘
2730,10:37:39,10.8,-0.01,66,71280,卖盘
2731,10:37:36,10.81,--,16,17296,买盘
2732,10:37:33,10.81,0.01,25,27025,买盘
2733,10:37:30,10.8,-0.01,5,5400,卖盘
2734,10:37:27,10.81,0.01,21,22701,买盘
2735,10:37:21,10.8,--,12,12960,卖盘
2736,10:37:18,10.8,--,50,54000,卖盘
2737,10:37:15,10.8,--,113,122040,卖盘
2738,10:37:09,10.8,--,10,10800,卖盘
2739,10:37:00,10.8,-0.01,50,54000,卖盘
2740,10:36:57,10.81,--,24,25944,买盘
2741,10:36:54,10.81,--,10,10810,买盘
2742,10:36:48,10.81,--,560,605360,买盘
2743,10:36:45,10.81,--,31,33511,买盘
2744,10:36:42,10.81,--,8,8648,买盘
2745,10:36:39,10.81,--,3,3243,买盘
2746,10:36:36,10.81,0.01,36,38916,买盘
2747,10:36:33,10.8,--,5,5400,卖盘
2748,10:36:30,10.8,--,1,1080,卖盘
2749,10:36:27,10.8,--,69,74520,卖盘
2750,10:36:21,10.8,-0.01,100,108000,卖盘
2751,10:36:18,10.81,--,52,56212,买盘
2752,10:36:00,10.81,-0.01,920,994520,卖盘
2753,10:35:57,10.82,0.01,22,23804,买盘
2754,10:35:48,10.81,-0.01,50,54050,卖盘
2755,10:35:42,10.82,0.01,11,11902,买盘
2756,10:35:36,10.81,-0.01,2,2162,卖盘
2757,10:35:33,10.82,--,20,21640,买盘
2758,10:35:27,10.82,0.01,242,261844,买盘
2759,10:35:21,10.81,--,15,16215,卖盘
2760,10:35:18,10.81,--,30,32430,卖盘
2761,10:35:15,10.81,--,1,1081,卖盘
2762,10:35:03,10.81,-0.01,106,114586,卖盘
2763,10:34:57,10.82,0.01,21,22722,买盘
2764,10:34:54,10.81,-0.01,10,10810,卖盘
2765,10:34:48,10.82,0.01,8,8656,买盘
2766,10:34:45,10.81,-0.01,1,1081,卖盘
2767,10:34:42,10.82,--,7,7574,买盘
2768,10:34:39,10.82,--,20,21640,买盘
2769,10:34:36,10.82,--,4,4328,买盘
2770,10:34:30,10.82,--,10,10820,买盘
2771,10:34:27,10.82,--,2,2164,买盘
2772,10:34:24,10.82,--,22,23804,买盘
2773,10:34:21,10.82,0.01,9,9738,买盘
2774,10:34:18,10.81,-0.01,6,6486,卖盘
2775,10:34:15,10.82,--,1,1082,买盘
2776,10:34:09,10.82,--,51,55182,卖盘
2777,10:34:00,10.82,--,21,22722,卖盘
2778,10:33:57,10.82,-0.01,110,119020,卖盘
2779,10:33:54,10.83,--,22,23826,买盘
2780,10:33:51,10.83,0.01,10,10830,买盘
2781,10:33:33,10.82,-0.01,14,15148,卖盘
2782,10:33:27,10.83,0.01,11,11913,买盘
2783,10:33:18,10.82,--,29,31378,卖盘
2784,10:33:12,10.82,-0.02,9,9738,卖盘
2785,10:33:09,10.84,0.02,36,39024,买盘
2786,10:33:06,10.82,--,49,53018,卖盘
2787,10:33:00,10.82,--,11,11902,卖盘
2788,10:32:57,10.82,-0.02,100,108200,卖盘
2789,10:32:54,10.84,0.02,22,23848,买盘
2790,10:32:48,10.82,--,62,67084,卖盘
2791,10:32:42,10.82,-0.02,59,63838,卖盘
2792,10:32:24,10.84,0.02,21,22764,买盘
2793,10:32:21,10.82,-0.02,24,25968,买盘
2794,10:32:18,10.84,0.03,1000,1084000,买盘
2795,10:32:12,10.81,-0.01,13,14053,卖盘
2796,10:32:09,10.82,0.01,20,21640,买盘
2797,10:32:06,10.81,-0.01,56,60536,卖盘
2798,10:31:57,10.82,--,10,10820,买盘
2799,10:31:54,10.82,0.01,35,37870,买盘
2800,10:31:51,10.81,--,12,12972,卖盘
2801,10:31:48,10.81,-0.01,2,2162,卖盘
2802,10:31:45,10.82,0.01,2,2164,买盘
2803,10:31:27,10.81,--,1,1081,卖盘
2804,10:31:24,10.81,-0.01,33,35673,卖盘
2805,10:31:21,10.82,--,52,56264,买盘
