,time,price,change,volume,amount,type
0,15:00:03,11.06,0.01,2932,3242792,买盘
1,14:57:00,11.05,--,120,132600,卖盘
2,14:56:57,11.05,--,543,600092,买盘
3,14:56:54,11.05,--,25,27625,买盘
4,14:56:51,11.05,--,7,7735,买盘
5,14:56:48,11.05,0.03,53,58565,卖盘
6,14:56:45,11.02,-0.03,2000,2204000,卖盘
7,14:56:42,11.05,--,24,26520,卖盘
8,14:56:39,11.05,--,2,2210,卖盘
9,14:56:36,11.05,--,50,55250,卖盘
10,14:56:33,11.05,-0.01,4,4420,中性盘
11,14:56:30,11.06,0.02,46,50876,买盘
12,14:56:27,11.04,-0.01,48,52991,卖盘
13,14:56:24,11.05,--,104,114920,买盘
14,14:56:21,11.05,--,5,5525,买盘
15,14:56:18,11.05,0.01,264,291720,买盘
16,14:56:15,11.04,--,52,57407,卖盘
17,14:56:12,11.04,-0.01,24,26495,卖盘
18,14:56:09,11.05,--,48,53040,买盘
19,14:56:06,11.05,0.01,45,49725,买盘
20,14:56:03,11.04,-0.01,8,8832,卖盘
21,14:56:00,11.05,--,11,12155,买盘
22,14:55:57,11.05,--,50,55250,买盘
23,14:55:54,11.05,--,4,4420,买盘
24,14:55:51,11.05,0.01,14,15470,买盘
25,14:55:45,11.04,-0.01,2,2208,卖盘
26,14:55:39,11.05,--,10,11050,买盘
27,14:55:36,11.05,--,84,92820,买盘
28,14:55:33,11.05,--,65,71825,买盘
29,14:55:24,11.05,0.02,17,18785,中性盘
30,14:55:18,11.03,-0.01,2026,2234678,卖盘
31,14:55:15,11.04,-0.01,11,12143,卖盘
32,14:55:12,11.05,-0.01,129,142545,卖盘
33,14:55:09,11.06,0.01,2,2212,买盘
34,14:55:03,11.05,--,401,443105,买盘
35,14:55:00,11.05,--,46,50830,买盘
36,14:54:54,11.05,--,10,11050,买盘
37,14:54:51,11.05,--,5,5525,买盘
38,14:54:48,11.05,--,81,89505,买盘
39,14:54:45,11.05,--,5,5525,买盘
40,14:54:42,11.05,--,10,11050,买盘
41,14:54:39,11.05,--,808,892840,买盘
42,14:54:36,11.05,0.01,2,2210,买盘
43,14:54:33,11.04,--,8,8832,卖盘
44,14:54:27,11.04,--,1,1104,卖盘
45,14:54:24,11.04,--,59,65135,卖盘
46,14:54:21,11.04,-0.01,198,218591,卖盘
47,14:54:18,11.05,0.01,49,54145,买盘
48,14:54:15,11.04,-0.01,5,5520,卖盘
49,14:54:12,11.05,--,100,110500,买盘
50,14:54:09,11.05,-0.01,223,246415,卖盘
51,14:54:06,11.06,--,105,116130,买盘
52,14:54:03,11.06,--,76,84056,买盘
53,14:54:00,11.06,0.01,23,25438,买盘
54,14:53:57,11.05,-0.01,27,29835,卖盘
55,14:53:51,11.06,--,178,196868,买盘
56,14:53:42,11.06,--,30,33180,买盘
57,14:53:39,11.06,--,44,48664,买盘
58,14:53:36,11.06,--,92,101752,买盘
59,14:53:33,11.06,--,3,3318,买盘
60,14:53:27,11.06,--,149,164794,买盘
61,14:53:24,11.06,--,10,11060,买盘
62,14:53:21,11.06,--,1,1106,买盘
63,14:53:18,11.06,--,19,21014,买盘
64,14:53:15,11.06,--,28,30968,买盘
65,14:53:12,11.06,-0.01,1,1106,卖盘
66,14:53:09,11.07,0.01,639,707373,买盘
67,14:53:06,11.06,--,36,39816,买盘
68,14:53:00,11.06,--,20,22120,买盘
69,14:52:57,11.06,-0.01,32,35392,中性盘
70,14:52:54,11.07,--,20,22140,买盘
71,14:52:51,11.07,--,108,119556,买盘
72,14:52:42,11.07,--,20,22140,买盘
73,14:52:39,11.07,0.03,11,12177,买盘
74,14:52:36,11.04,-0.02,1200,1324800,卖盘
75,14:52:30,11.06,--,124,137144,卖盘
76,14:52:27,11.06,--,10,11060,卖盘
77,14:52:24,11.06,-0.01,35,38710,卖盘
78,14:52:21,11.07,0.01,40,44280,买盘
79,14:52:18,11.06,-0.01,120,132720,卖盘
80,14:52:12,11.07,--,5,5535,买盘
81,14:52:09,11.07,--,77,85239,买盘
82,14:52:06,11.07,--,16,17712,买盘
83,14:52:00,11.07,--,30,33210,买盘
84,14:51:57,11.07,0.01,29,32103,卖盘
85,14:51:51,11.06,--,5,5530,卖盘
86,14:51:48,11.06,--,18,19908,买盘
87,14:51:45,11.06,--,1,1106,买盘
88,14:51:39,11.06,--,21,23226,买盘
89,14:51:36,11.06,-0.02,167,184702,卖盘
90,14:51:33,11.08,0.01,16,17728,买盘
91,14:51:30,11.07,--,5,5535,买盘
92,14:51:24,11.07,--,53,58671,买盘
93,14:51:18,11.07,--,13,14391,买盘
94,14:51:15,11.07,--,19,21033,买盘
95,14:51:12,11.07,--,35,38745,买盘
96,14:51:09,11.07,--,10,11070,买盘
97,14:51:03,11.07,--,1,1107,买盘
98,14:51:00,11.07,--,14,15498,买盘
99,14:50:48,11.07,--,8,8856,买盘
100,14:50:36,11.07,0.02,87,96309,买盘
101,14:50:30,11.05,-0.02,21,23205,卖盘
102,14:50:21,11.07,--,30,33210,买盘
103,14:50:15,11.07,0.02,45,49815,买盘
104,14:50:12,11.05,--,60,66300,卖盘
105,14:50:09,11.05,-0.02,60,66300,卖盘
106,14:50:06,11.07,--,1,1107,买盘
107,14:50:03,11.07,--,12,13284,买盘
108,14:49:45,11.07,-0.01,8,8856,买盘
109,14:49:42,11.08,--,16,17728,买盘
110,14:49:39,11.08,--,2,2216,买盘
111,14:49:36,11.08,0.03,165,182820,买盘
112,14:49:33,11.05,--,139,153595,买盘
113,14:49:30,11.05,--,22,24310,买盘
114,14:49:27,11.05,-0.02,39,43095,卖盘
115,14:49:24,11.07,--,8,8856,买盘
116,14:49:21,11.07,--,265,293355,买盘
117,14:49:18,11.07,--,33,36531,买盘
118,14:49:06,11.07,--,305,337635,买盘
119,14:49:03,11.07,--,39,43173,买盘
120,14:48:57,11.07,0.01,2002,2216214,买盘
121,14:48:54,11.06,--,25,27650,卖盘
122,14:48:51,11.06,--,413,456778,卖盘
123,14:48:48,11.06,--,6,6636,卖盘
124,14:48:39,11.06,--,8,8848,买盘
125,14:48:36,11.06,--,11,12166,买盘
126,14:48:33,11.06,-0.02,15,16590,中性盘
127,14:48:30,11.08,0.02,448,496384,买盘
128,14:48:27,11.06,-0.01,32,35392,卖盘
129,14:48:21,11.07,-0.01,16,17712,中性盘
130,14:48:18,11.08,--,231,255948,买盘
131,14:48:12,11.08,0.02,325,360100,买盘
132,14:48:06,11.06,--,4,4424,卖盘
133,14:48:03,11.06,-0.02,1,1106,卖盘
134,14:48:00,11.08,--,5,5540,买盘
135,14:47:54,11.08,0.02,308,341264,买盘
136,14:47:51,11.06,-0.01,33,36498,卖盘
137,14:47:48,11.07,--,110,121770,买盘
138,14:47:42,11.07,-0.01,7,7749,中性盘
139,14:47:39,11.08,0.05,305,337940,买盘
140,14:47:36,11.03,-0.02,2000,2206000,卖盘
141,14:47:30,11.05,-0.03,3,3315,卖盘
142,14:47:27,11.08,--,4,4432,买盘
143,14:47:24,11.08,-0.01,304,336832,买盘
144,14:47:21,11.09,0.06,33,36597,买盘
145,14:47:18,11.03,-0.04,2000,2206000,卖盘
146,14:47:12,11.07,-0.02,17,18819,卖盘
147,14:47:09,11.09,--,306,339354,买盘
148,14:47:06,11.09,0.03,1,1109,买盘
149,14:47:03,11.06,-0.03,11,12166,中性盘
150,14:46:54,11.09,0.04,311,344899,买盘
151,14:46:51,11.05,--,4,4420,卖盘
152,14:46:48,11.05,-0.04,25,27625,卖盘
153,14:46:45,11.09,--,9,9981,买盘
154,14:46:39,11.09,0.04,751,832859,买盘
155,14:46:36,11.05,-0.02,10,11050,卖盘
156,14:46:30,11.07,--,2123,2350161,买盘
157,14:46:24,11.07,0.01,26,28782,买盘
158,14:46:21,11.06,--,18,19908,卖盘
159,14:46:18,11.06,0.01,4,4424,中性盘
160,14:46:09,11.05,-0.02,101,111605,卖盘
161,14:46:06,11.07,0.02,4,4428,买盘
162,14:46:03,11.05,--,10,11050,卖盘
163,14:45:54,11.05,-0.02,25,27625,卖盘
164,14:45:51,11.07,--,20,22140,买盘
165,14:45:42,11.07,--,55,60885,卖盘
166,14:45:36,11.07,0.03,1,1107,卖盘
167,14:45:30,11.04,-0.05,2000,2208000,卖盘
168,14:45:27,11.09,--,26,28834,买盘
169,14:45:24,11.09,0.01,33,36597,买盘
170,14:45:18,11.08,--,7,7756,买盘
171,14:45:12,11.08,0.01,1037,1148996,买盘
172,14:45:06,11.07,0.01,11,12177,买盘
173,14:45:03,11.06,--,55,60830,卖盘
174,14:44:57,11.06,-0.01,6,6636,卖盘
175,14:44:54,11.07,--,1,1107,买盘
176,14:44:51,11.07,--,4,4428,买盘
177,14:44:48,11.07,-0.01,241,266787,卖盘
178,14:44:45,11.08,-0.01,100,110800,买盘
179,14:44:42,11.09,0.01,53,58777,买盘
180,14:44:39,11.08,-0.01,1,1108,中性盘
181,14:44:33,11.09,0.01,12,13308,买盘
182,14:44:30,11.08,--,36,39888,买盘
183,14:44:24,11.08,-0.01,246,272568,卖盘
184,14:44:18,11.09,0.01,1,1109,买盘
185,14:44:09,11.08,-0.01,7,7756,卖盘
186,14:44:06,11.09,--,45,49905,买盘
187,14:44:00,11.09,--,32,35488,买盘
188,14:43:54,11.09,--,7,7763,买盘
189,14:43:51,11.09,--,30,33270,买盘
190,14:43:48,11.09,--,22,24398,买盘
191,14:43:42,11.09,--,54,59886,买盘
192,14:43:39,11.09,--,53,58777,买盘
193,14:43:33,11.09,--,27,29943,买盘
194,14:43:27,11.09,0.01,2,2218,买盘
195,14:43:24,11.08,--,2,2216,卖盘
196,14:43:21,11.08,--,111,122988,买盘
197,14:43:15,11.08,--,2,2216,买盘
198,14:43:12,11.08,0.01,12,13296,买盘
199,14:43:09,11.07,-0.01,26,28782,卖盘
200,14:43:06,11.08,--,18,19944,买盘
201,14:43:00,11.08,--,57,63156,买盘
202,14:42:48,11.08,0.01,7,7756,买盘
203,14:42:42,11.07,--,68,75276,卖盘
204,14:42:36,11.07,-0.01,180,199260,卖盘
205,14:42:33,11.08,--,42,46536,买盘
206,14:42:30,11.08,-0.01,38,42104,卖盘
207,14:42:21,11.09,--,20,22180,买盘
208,14:42:18,11.09,--,8,8872,买盘
209,14:42:15,11.09,--,19,21071,买盘
210,14:42:09,11.09,--,1,1109,买盘
211,14:42:06,11.09,0.01,47,52123,买盘
212,14:42:03,11.08,--,3,3324,卖盘
213,14:41:54,11.08,-0.01,87,96396,卖盘
214,14:41:51,11.09,0.01,12,13308,买盘
215,14:41:48,11.08,-0.01,1,1108,卖盘
216,14:41:45,11.09,--,41,45469,买盘
217,14:41:39,11.09,-0.01,363,402567,卖盘
218,14:41:36,11.1,0.01,26,28860,买盘
219,14:41:33,11.09,0.01,200,221800,买盘
220,14:41:30,11.08,--,47,52076,卖盘
221,14:41:27,11.08,--,1,1108,卖盘
222,14:41:24,11.08,--,2,2216,卖盘
223,14:41:21,11.08,-0.01,1,1108,卖盘
224,14:41:15,11.09,--,20,22180,买盘
225,14:41:12,11.09,--,12,13308,买盘
226,14:41:09,11.09,--,1,1109,买盘
227,14:40:51,11.09,--,2,2218,买盘
228,14:40:45,11.09,--,100,110900,买盘
229,14:40:42,11.09,--,30,33270,买盘
230,14:40:39,11.09,0.02,80,88720,买盘
231,14:40:33,11.07,-0.01,15,16605,卖盘
232,14:40:27,11.08,-0.01,1,1108,中性盘
233,14:40:21,11.09,--,1,1109,买盘
234,14:40:12,11.09,--,9,9981,买盘
235,14:40:09,11.09,--,2,2218,买盘
236,14:40:06,11.09,--,2023,2243507,买盘
237,14:40:03,11.09,0.01,7,7763,买盘
238,14:39:57,11.08,--,35,38780,卖盘
239,14:39:54,11.08,-0.01,10,11080,卖盘
240,14:39:51,11.09,--,18,19962,买盘
241,14:39:48,11.09,--,13,14417,买盘
242,14:39:42,11.09,--,26,28834,买盘
243,14:39:39,11.09,0.01,47,52123,买盘
244,14:39:27,11.08,0.01,28,31024,中性盘
245,14:39:21,11.07,-0.03,12,13284,卖盘
246,14:39:18,11.1,--,33,36630,买盘
247,14:39:12,11.1,0.02,211,234210,买盘
248,14:39:06,11.08,--,6,6648,卖盘
249,14:39:03,11.08,--,10,11080,卖盘
250,14:38:57,11.08,--,100,110800,卖盘
251,14:38:48,11.08,--,14,15512,买盘
252,14:38:45,11.08,0.01,45,49860,买盘
253,14:38:42,11.07,-0.01,2000,2214000,卖盘
254,14:38:36,11.08,--,10,11080,买盘
255,14:38:33,11.08,--,27,29916,买盘
256,14:38:30,11.08,--,1093,1211044,买盘
257,14:38:24,11.08,--,55,60940,买盘
258,14:38:21,11.08,0.01,21,23268,买盘
259,14:38:18,11.07,-0.01,3,3321,卖盘
260,14:38:15,11.08,--,65,72020,买盘
261,14:38:09,11.08,0.01,1,1108,买盘
262,14:38:03,11.07,--,2,2214,卖盘
263,14:38:00,11.07,-0.01,51,56457,卖盘
264,14:37:57,11.08,0.01,1,1108,买盘
265,14:37:54,11.07,-0.01,19,21033,卖盘
266,14:37:51,11.08,--,163,180604,卖盘
267,14:37:48,11.08,--,75,83100,卖盘
268,14:37:42,11.08,-0.01,40,44320,卖盘
269,14:37:39,11.09,0.01,13,14417,买盘
270,14:37:36,11.08,--,53,58724,卖盘
271,14:37:27,11.08,--,1,1108,卖盘
272,14:37:24,11.08,--,2,2216,卖盘
273,14:37:21,11.08,-0.01,5,5540,卖盘
274,14:37:18,11.09,--,13,14417,买盘
275,14:37:15,11.09,-0.01,31,34379,卖盘
276,14:37:12,11.1,--,15,16650,买盘
277,14:37:09,11.1,0.01,2,2220,买盘
278,14:37:03,11.09,--,2,2218,卖盘
279,14:37:00,11.09,--,126,139734,买盘
280,14:36:57,11.09,--,11,12199,买盘
281,14:36:51,11.09,--,2,2218,买盘
282,14:36:48,11.09,-0.01,28,31052,卖盘
283,14:36:42,11.1,--,18,19980,买盘
284,14:36:39,11.1,0.03,2,2220,买盘
285,14:36:36,11.07,-0.03,1000,1107000,卖盘
286,14:36:33,11.1,0.01,12,13320,买盘
287,14:36:30,11.09,0.02,717,796051,买盘
288,14:36:27,11.07,-0.01,6,6642,卖盘
289,14:36:24,11.08,--,11,12188,买盘
290,14:36:21,11.08,--,4,4432,买盘
291,14:36:18,11.08,--,11,12188,买盘
292,14:36:09,11.08,--,25,27700,买盘
293,14:36:06,11.08,--,3,3324,买盘
294,14:36:03,11.08,--,3,3324,买盘
295,14:36:00,11.08,--,1,1108,买盘
296,14:35:57,11.08,--,16,17728,买盘
297,14:35:54,11.08,-0.01,316,350338,卖盘
298,14:35:51,11.09,--,38,42142,买盘
299,14:35:48,11.09,--,87,96483,买盘
300,14:35:42,11.09,0.02,11,12199,买盘
301,14:35:39,11.07,-0.02,210,232470,卖盘
302,14:35:36,11.09,--,1,1109,买盘
303,14:35:27,11.09,--,52,57668,买盘
304,14:35:24,11.09,--,1,1109,买盘
305,14:35:21,11.09,0.01,43,47687,买盘
306,14:35:15,11.08,-0.01,41,45428,卖盘
307,14:35:12,11.09,0.01,60,67438,买盘
308,14:35:09,11.08,--,237,262596,买盘
309,14:35:06,11.08,--,14,15512,买盘
310,14:35:03,11.08,--,15,16620,买盘
311,14:35:00,11.08,--,2,2216,买盘
312,14:34:57,11.08,--,6,6648,买盘
313,14:34:54,11.08,--,40,44320,买盘
314,14:34:51,11.08,--,3,3324,买盘
315,14:34:48,11.08,--,17,18836,买盘
316,14:34:45,11.08,--,3,3324,买盘
317,14:34:39,11.08,--,2,2216,买盘
318,14:34:36,11.08,--,76,84208,买盘
319,14:34:33,11.08,0.01,33,36564,买盘
320,14:34:27,11.07,--,4,4428,卖盘
321,14:34:24,11.07,--,22,24354,卖盘
322,14:34:15,11.07,--,252,278964,卖盘
323,14:34:12,11.07,-0.01,112,123984,卖盘
324,14:34:09,11.08,--,3,3324,买盘
325,14:34:06,11.08,--,116,128528,买盘
326,14:34:00,11.08,--,7,7756,买盘
327,14:33:57,11.08,0.02,49,54292,买盘
328,14:33:54,11.06,-0.01,1,1106,卖盘
329,14:33:51,11.07,--,12,13284,买盘
330,14:33:45,11.07,0.01,6,6642,买盘
331,14:33:42,11.06,-0.01,78,86268,卖盘
332,14:33:39,11.07,--,2,2214,买盘
333,14:33:33,11.07,--,114,126198,买盘
334,14:33:30,11.07,0.01,27,29889,买盘
335,14:33:27,11.06,--,9,9954,买盘
336,14:33:24,11.06,--,2,2212,买盘
337,14:33:21,11.06,--,1,1106,买盘
338,14:33:18,11.06,--,115,127190,买盘
339,14:33:15,11.06,--,10,11060,买盘
340,14:33:12,11.06,--,32,35392,买盘
341,14:33:09,11.06,--,24,26544,买盘
342,14:33:06,11.06,--,9,9954,买盘
343,14:33:03,11.06,--,17,18802,买盘
344,14:33:00,11.06,--,63,69678,买盘
345,14:32:57,11.06,--,260,287560,买盘
346,14:32:54,11.06,--,47,51982,买盘
347,14:32:48,11.06,--,3,3318,买盘
348,14:32:45,11.06,--,2,2212,买盘
349,14:32:39,11.06,--,10,11060,买盘
350,14:32:36,11.06,--,3,3318,买盘
351,14:32:30,11.06,--,13,14378,买盘
352,14:32:27,11.06,0.01,16,17696,买盘
353,14:32:24,11.05,--,23,25415,卖盘
354,14:32:21,11.05,--,10,11050,卖盘
355,14:32:15,11.05,--,162,179860,买盘
356,14:32:12,11.05,--,5,5525,买盘
357,14:32:09,11.05,--,59,65195,买盘
358,14:32:06,11.05,--,2,2210,买盘
359,14:32:03,11.05,--,25,27625,买盘
360,14:32:00,11.05,0.01,21,23205,买盘
361,14:31:57,11.04,-0.01,27,29807,卖盘
362,14:31:54,11.05,--,5,5525,买盘
363,14:31:51,11.05,0.01,14,15470,买盘
364,14:31:48,11.04,--,16,17664,卖盘
365,14:31:45,11.04,-0.01,3,3311,卖盘
366,14:31:39,11.05,--,3,3315,买盘
367,14:31:36,11.05,--,1,1105,买盘
368,14:31:33,11.05,0.01,15,16575,买盘
369,14:31:30,11.04,-0.01,9,9936,卖盘
370,14:31:27,11.05,--,9,9945,买盘
371,14:31:24,11.05,--,20,22100,买盘
372,14:31:15,11.05,--,91,100555,买盘
373,14:31:12,11.05,--,12,13260,买盘
374,14:31:09,11.05,--,3,3315,买盘
375,14:31:03,11.05,0.01,133,146965,买盘
376,14:31:00,11.04,-0.01,4,4416,卖盘
377,14:30:57,11.05,--,13,14365,买盘
378,14:30:54,11.05,0.01,69,76245,买盘
379,14:30:51,11.04,--,5,5520,卖盘
380,14:30:48,11.04,--,30,33120,卖盘
381,14:30:45,11.04,--,16,17664,卖盘
382,14:30:42,11.04,-0.01,33,36432,卖盘
383,14:30:39,11.05,--,7,7735,买盘
384,14:30:30,11.05,--,16,17680,买盘
385,14:30:27,11.05,--,4,4420,买盘
386,14:30:18,11.05,--,18,19890,买盘
387,14:30:15,11.05,--,289,319345,买盘
388,14:30:12,11.05,--,20,22100,买盘
389,14:30:09,11.05,--,2,2210,买盘
390,14:30:06,11.05,--,201,222105,买盘
391,14:30:00,11.05,0.01,12,13260,买盘
392,14:29:57,11.04,-0.01,22,24287,卖盘
393,14:29:54,11.05,--,1,1105,买盘
394,14:29:51,11.05,--,22,24310,买盘
395,14:29:48,11.05,--,46,50830,买盘
396,14:29:45,11.05,--,10,11050,买盘
397,14:29:42,11.05,--,4,4420,买盘
398,14:29:39,11.05,--,4,4420,买盘
399,14:29:33,11.05,-0.01,115,127075,卖盘
400,14:29:30,11.06,--,53,58618,买盘
401,14:29:27,11.06,0.01,7,7742,买盘
402,14:29:24,11.05,-0.01,16,17680,卖盘
403,14:29:18,11.06,--,63,69678,买盘
404,14:29:15,11.06,--,5,5530,买盘
405,14:29:12,11.06,-0.01,27,29862,中性盘
406,14:29:09,11.07,0.01,28,30996,买盘
407,14:29:03,11.06,0.01,27,29862,买盘
408,14:29:00,11.05,-0.01,48,53040,卖盘
409,14:28:57,11.06,--,10,11060,买盘
410,14:28:54,11.06,0.01,14,15484,买盘
411,14:28:51,11.05,--,1,1105,卖盘
412,14:28:48,11.05,-0.01,14,15470,卖盘
413,14:28:39,11.06,0.01,16,17696,买盘
414,14:28:36,11.05,-0.01,9,9945,卖盘
415,14:28:33,11.06,--,2055,2272830,买盘
416,14:28:30,11.06,-0.01,86,95116,卖盘
417,14:28:27,11.07,0.01,10,11070,买盘
418,14:28:24,11.06,--,2,2212,卖盘
419,14:28:21,11.06,-0.01,10,11060,卖盘
420,14:28:18,11.07,0.01,46,50922,买盘
421,14:28:15,11.06,-0.01,2,2212,卖盘
422,14:28:12,11.07,--,26,28782,买盘
423,14:28:09,11.07,--,3,3321,买盘
424,14:28:06,11.07,0.01,1,1107,买盘
425,14:28:03,11.06,--,35,38710,买盘
426,14:28:00,11.06,0.01,6,6636,买盘
427,14:27:57,11.05,-0.01,250,276250,卖盘
428,14:27:51,11.06,--,44,48664,买盘
429,14:27:45,11.06,--,52,57512,买盘
430,14:27:39,11.06,--,12,13272,买盘
431,14:27:30,11.06,--,4,4424,买盘
432,14:27:24,11.06,-0.01,19,21014,卖盘
433,14:27:15,11.07,0.02,39,43173,买盘
434,14:27:12,11.05,-0.02,23,25415,卖盘
435,14:27:09,11.07,--,21,23247,买盘
436,14:27:03,11.07,--,3,3321,买盘
437,14:26:57,11.07,--,53,58671,买盘
438,14:26:54,11.07,--,1,1107,买盘
439,14:26:51,11.07,--,88,97416,买盘
440,14:26:45,11.07,0.02,19,21033,买盘
441,14:26:42,11.05,--,55,60775,卖盘
442,14:26:39,11.05,-0.02,49,54145,卖盘
443,14:26:33,11.07,--,13,14391,买盘
444,14:26:30,11.07,--,2,2214,买盘
445,14:26:27,11.07,--,2,2214,买盘
446,14:26:24,11.07,--,3,3321,买盘
447,14:26:21,11.07,-0.01,8,8856,卖盘
448,14:26:18,11.08,0.01,26,28808,买盘
449,14:26:15,11.07,--,14,15498,买盘
450,14:26:12,11.07,--,4,4428,买盘
451,14:26:09,11.07,0.04,2,2214,买盘
452,14:26:06,11.03,-0.05,2000,2206000,卖盘
453,14:26:03,11.08,--,4,4432,买盘
454,14:26:00,11.08,--,2,2216,买盘
455,14:25:57,11.08,0.01,7,7756,买盘
456,14:25:54,11.07,-0.01,24,26568,卖盘
457,14:25:51,11.08,--,11,12188,买盘
458,14:25:48,11.08,--,50,55400,买盘
459,14:25:45,11.08,0.01,59,65372,买盘
460,14:25:42,11.07,-0.01,2,2214,卖盘
461,14:25:39,11.08,--,5,5540,买盘
462,14:25:33,11.08,0.01,1,1108,买盘
463,14:25:27,11.07,--,86,95202,买盘
464,14:25:24,11.07,--,22,24354,买盘
465,14:25:21,11.07,0.01,46,50922,买盘
466,14:25:18,11.06,-0.01,38,42028,卖盘
467,14:25:15,11.07,--,15,16605,买盘
468,14:25:12,11.07,--,12,13284,买盘
469,14:25:09,11.07,--,2,2214,买盘
470,14:25:06,11.07,--,1,1107,买盘
471,14:25:03,11.07,--,19,21033,买盘
472,14:25:00,11.07,--,10,11070,买盘
473,14:24:54,11.07,0.01,44,48708,买盘
474,14:24:51,11.06,--,5,5530,买盘
475,14:24:48,11.06,-0.01,11,12166,卖盘
476,14:24:45,11.07,--,15,16605,买盘
477,14:24:39,11.07,--,2,2214,买盘
478,14:24:33,11.07,--,58,64206,买盘
479,14:24:30,11.07,--,3,3321,买盘
480,14:24:27,11.07,-0.01,16,17712,卖盘
481,14:24:24,11.08,--,22,24376,买盘
482,14:24:21,11.08,--,128,141824,买盘
483,14:24:18,11.08,--,45,49860,买盘
484,14:24:15,11.08,--,39,43212,买盘
485,14:24:12,11.08,--,4,4432,买盘
486,14:24:09,11.08,--,10,11080,买盘
487,14:24:06,11.08,--,32,35456,买盘
488,14:24:03,11.08,--,504,558432,买盘
489,14:24:00,11.08,--,2,2216,买盘
490,14:23:57,11.08,--,6,6648,买盘
491,14:23:54,11.08,--,22,24376,买盘
492,14:23:51,11.08,--,13,14404,买盘
493,14:23:45,11.08,0.01,14,15512,买盘
494,14:23:42,11.07,-0.01,47,52029,卖盘
495,14:23:39,11.08,--,2,2216,买盘
496,14:23:36,11.08,0.01,22,24376,买盘
497,14:23:27,11.07,-0.01,1,1107,买盘
498,14:23:24,11.08,0.01,49,54292,买盘
499,14:23:21,11.07,--,37,40959,买盘
500,14:23:18,11.07,--,46,50922,买盘
501,14:23:15,11.07,--,24,26568,买盘
502,14:23:12,11.07,0.04,12,13284,买盘
503,14:23:09,11.03,-0.01,2002,2208206,卖盘
504,14:23:03,11.04,-0.03,2,2208,卖盘
505,14:23:00,11.07,0.03,7,7749,中性盘
506,14:22:57,11.04,-0.04,2051,2264304,卖盘
507,14:22:54,11.08,--,22,24376,买盘
508,14:22:51,11.08,--,1,1108,买盘
509,14:22:45,11.08,--,101,111908,买盘
510,14:22:39,11.08,--,2,2216,买盘
511,14:22:36,11.08,--,18,19944,买盘
512,14:22:33,11.08,--,46,50968,买盘
513,14:22:30,11.08,--,13,14404,买盘
514,14:22:27,11.08,--,25,27700,买盘
515,14:22:24,11.08,--,1,1108,买盘
516,14:22:21,11.08,--,22,24376,买盘
517,14:22:15,11.08,--,35,38780,买盘
518,14:22:12,11.08,--,62,68696,买盘
519,14:22:09,11.08,0.01,2,2216,买盘
520,14:22:03,11.07,-0.01,3,3321,卖盘
521,14:22:00,11.08,--,2,2216,买盘
522,14:21:57,11.08,--,7,7756,买盘
523,14:21:54,11.08,--,21,23268,买盘
524,14:21:51,11.08,0.01,22,24376,买盘
525,14:21:48,11.07,--,49,54243,卖盘
526,14:21:45,11.07,-0.01,39,43173,卖盘
527,14:21:42,11.08,0.01,1,1108,买盘
528,14:21:39,11.07,--,42,46494,卖盘
529,14:21:33,11.07,-0.01,14,15498,卖盘
530,14:21:30,11.08,0.01,26,28808,买盘
531,14:21:27,11.07,--,1,1107,卖盘
532,14:21:24,11.07,-0.01,2,2214,卖盘
533,14:21:21,11.08,0.01,30,33240,买盘
534,14:21:15,11.07,0.01,73,80811,买盘
535,14:21:12,11.06,--,2,2212,买盘
536,14:21:09,11.06,0.01,40,44240,买盘
537,14:21:06,11.05,-0.01,6,6630,卖盘
538,14:21:03,11.06,0.01,24,26544,买盘
539,14:21:00,11.05,-0.01,7,7735,卖盘
540,14:20:57,11.06,--,52,57512,买盘
541,14:20:54,11.06,--,58,64148,买盘
542,14:20:51,11.06,0.01,23,25438,买盘
543,14:20:48,11.05,-0.01,2,2210,卖盘
544,14:20:45,11.06,--,40,44240,买盘
545,14:20:42,11.06,--,1,1106,买盘
546,14:20:39,11.06,--,2,2212,买盘
547,14:20:36,11.06,0.01,83,91798,买盘
548,14:20:33,11.05,-0.01,76,83980,卖盘
549,14:20:30,11.06,0.01,45,49770,买盘
550,14:20:27,11.05,-0.01,743,821015,卖盘
551,14:20:21,11.06,--,5,5530,买盘
552,14:20:18,11.06,--,2,2212,买盘
553,14:20:15,11.06,--,16,17696,买盘
554,14:20:12,11.06,--,24,26544,买盘
555,14:20:09,11.06,--,6,6636,买盘
556,14:20:06,11.06,0.01,2,2212,买盘
557,14:20:03,11.05,-0.01,22,24310,卖盘
558,14:20:00,11.06,--,10,11060,买盘
559,14:19:57,11.06,--,6,6636,买盘
560,14:19:54,11.06,--,4,4424,买盘
561,14:19:51,11.06,--,15,16590,买盘
562,14:19:48,11.06,-0.02,219,242214,卖盘
563,14:19:45,11.08,--,64,70912,买盘
564,14:19:42,11.08,--,14,15512,买盘
565,14:19:39,11.08,--,2,2216,买盘
566,14:19:33,11.08,0.01,50,55400,买盘
567,14:19:30,11.07,--,68,75276,卖盘
568,14:19:27,11.07,--,36,39852,买盘
569,14:19:24,11.07,--,5,5535,买盘
570,14:19:21,11.07,--,48,53136,买盘
571,14:19:15,11.07,--,16,17712,买盘
572,14:19:12,11.07,--,14,15498,买盘
573,14:19:09,11.07,0.01,2,2214,买盘
574,14:19:03,11.06,-0.01,7,7742,卖盘
575,14:18:57,11.07,--,7,7749,买盘
576,14:18:54,11.07,--,46,50922,买盘
577,14:18:51,11.07,--,1,1107,买盘
578,14:18:45,11.07,--,18,19926,买盘
579,14:18:42,11.07,--,23,25461,买盘
580,14:18:39,11.07,--,3,3321,买盘
581,14:18:36,11.07,--,32,35424,买盘
582,14:18:33,11.07,--,61,67527,买盘
583,14:18:27,11.07,--,9,9963,买盘
584,14:18:21,11.07,--,2,2214,买盘
585,14:18:18,11.07,--,22,24354,买盘
586,14:18:15,11.07,0.01,147,162729,买盘
587,14:18:12,11.06,--,30,33180,买盘
588,14:18:09,11.06,--,49,54194,买盘
589,14:18:06,11.06,-0.01,11,12166,中性盘
590,14:18:03,11.07,0.02,26,28782,买盘
591,14:18:00,11.05,-0.01,42,46410,卖盘
592,14:17:57,11.06,-0.01,36,39816,卖盘
593,14:17:54,11.07,--,7,7749,买盘
594,14:17:51,11.07,0.03,3,3321,买盘
595,14:17:45,11.04,-0.03,1501,1657103,卖盘
596,14:17:42,11.07,0.01,43,47601,买盘
597,14:17:39,11.06,--,36,39816,买盘
598,14:17:36,11.06,--,4,4424,买盘
599,14:17:33,11.06,0.01,1,1106,买盘
600,14:17:27,11.05,-0.01,60,66300,卖盘
601,14:17:24,11.06,--,17,18802,买盘
602,14:17:21,11.06,--,70,77420,买盘
603,14:17:18,11.06,--,47,51982,买盘
604,14:17:15,11.06,--,22,24332,买盘
605,14:17:12,11.06,-0.01,275,304150,卖盘
606,14:17:09,11.07,--,13,14391,买盘
607,14:17:06,11.07,--,2,2214,买盘
608,14:17:03,11.07,--,13,14391,买盘
609,14:17:00,11.07,0.01,6,6642,买盘
610,14:16:57,11.06,-0.01,69,76314,卖盘
611,14:16:54,11.07,--,7,7749,买盘
612,14:16:51,11.07,--,105,116235,买盘
613,14:16:48,11.07,--,18,19926,买盘
614,14:16:45,11.07,--,34,37638,买盘
615,14:16:42,11.07,--,25,27675,买盘
616,14:16:39,11.07,-0.01,57,63099,卖盘
617,14:16:36,11.08,0.01,2,2216,买盘
618,14:16:30,11.07,-0.01,5,5535,卖盘
619,14:16:27,11.08,--,9,9972,买盘
620,14:16:24,11.08,--,8,8864,买盘
621,14:16:21,11.08,0.01,13,14404,买盘
622,14:16:18,11.07,-0.01,87,96309,卖盘
623,14:16:15,11.08,--,27,29916,买盘
624,14:16:12,11.08,--,30,33240,买盘
625,14:16:09,11.08,--,8,8864,买盘
626,14:16:06,11.08,0.01,14,15512,买盘
627,14:16:03,11.07,-0.01,4,4428,卖盘
628,14:16:00,11.08,--,4,4432,买盘
629,14:15:57,11.08,--,13,14404,买盘
630,14:15:54,11.08,--,17,18836,买盘
631,14:15:51,11.08,--,9,9972,买盘
632,14:15:48,11.08,0.02,18,19944,买盘
633,14:15:45,11.06,-0.01,94,103964,卖盘
634,14:15:39,11.07,0.01,1,1107,买盘
635,14:15:36,11.06,-0.01,7,7742,卖盘
636,14:15:33,11.07,--,2,2214,买盘
637,14:15:30,11.07,0.01,6,6642,买盘
638,14:15:27,11.06,--,13,14378,买盘
639,14:15:24,11.06,--,133,147098,买盘
640,14:15:21,11.06,--,92,101752,买盘
641,14:15:18,11.06,-0.01,20,22120,卖盘
642,14:15:15,11.07,--,27,29889,买盘
643,14:15:12,11.07,--,51,56457,买盘
644,14:15:09,11.07,-0.01,1,1107,中性盘
645,14:15:06,11.08,--,19,21052,买盘
646,14:15:03,11.08,0.01,38,42104,买盘
647,14:15:00,11.07,--,8,8856,买盘
648,14:14:57,11.07,--,66,73062,买盘
649,14:14:54,11.07,--,7,7749,买盘
650,14:14:51,11.07,--,43,47601,买盘
651,14:14:48,11.07,--,28,30996,买盘
652,14:14:42,11.07,0.02,17,18819,买盘
653,14:14:39,11.05,-0.02,40,44200,卖盘
654,14:14:36,11.07,0.02,2,2214,买盘
655,14:14:30,11.05,-0.02,12,13260,卖盘
656,14:14:27,11.07,0.03,3,3321,买盘
657,14:14:24,11.04,-0.03,60,66240,卖盘
658,14:14:21,11.07,0.02,1,1107,买盘
659,14:14:18,11.05,--,26,28730,卖盘
660,14:14:15,11.05,-0.01,3,3315,卖盘
661,14:14:12,11.06,0.01,41,45346,买盘
662,14:14:09,11.05,-0.01,15,16575,卖盘
663,14:14:06,11.06,0.01,102,112812,买盘
664,14:14:03,11.05,-0.01,2,2210,卖盘
665,14:14:00,11.06,--,2,2212,买盘
666,14:13:57,11.06,--,6,6636,买盘
667,14:13:54,11.06,--,3,3318,买盘
668,14:13:51,11.06,-0.01,4,4424,中性盘
669,14:13:48,11.07,0.01,49,54453,买盘
670,14:13:45,11.06,-0.01,140,155735,卖盘
671,14:13:42,11.07,0.04,48,53136,买盘
672,14:13:36,11.03,-0.03,2002,2208206,卖盘
673,14:13:33,11.06,--,37,40922,卖盘
674,14:13:30,11.06,--,18,19908,卖盘
675,14:13:27,11.06,0.01,8,8848,买盘
676,14:13:24,11.05,-0.01,90,99450,卖盘
677,14:13:21,11.06,--,30,33180,买盘
678,14:13:18,11.06,--,3,3318,买盘
679,14:13:15,11.06,--,10,11060,买盘
680,14:13:12,11.06,--,21,23226,买盘
681,14:13:09,11.06,--,18,19908,买盘
682,14:13:06,11.06,--,2,2212,买盘
683,14:13:03,11.06,0.02,89,98434,买盘
684,14:13:00,11.04,-0.01,40,44160,卖盘
685,14:12:57,11.05,0.01,30,33150,买盘
686,14:12:54,11.04,-0.01,17,18768,卖盘
687,14:12:51,11.05,0.01,46,50830,买盘
688,14:12:48,11.04,-0.01,132,145728,卖盘
689,14:12:42,11.05,-0.01,23,25415,中性盘
690,14:12:39,11.06,--,86,95116,买盘
691,14:12:36,11.06,--,13,14378,买盘
692,14:12:33,11.06,--,11,12166,卖盘
693,14:12:30,11.06,-0.01,5,5530,中性盘
694,14:12:27,11.07,--,1504,1664928,买盘
695,14:12:24,11.07,--,26,28782,买盘
696,14:12:21,11.07,--,33,36531,买盘
697,14:12:18,11.07,--,38,42066,买盘
698,14:12:15,11.07,--,3,3321,买盘
699,14:12:12,11.07,0.01,96,106272,买盘
700,14:12:09,11.06,-0.01,20,22120,卖盘
701,14:12:06,11.07,--,30,33210,买盘
702,14:12:03,11.07,--,5,5535,买盘
703,14:12:00,11.07,--,21,23247,买盘
704,14:11:57,11.07,--,32,35424,买盘
705,14:11:54,11.07,--,253,280071,买盘
706,14:11:51,11.07,0.01,19,21033,买盘
707,14:11:48,11.06,--,4,4424,卖盘
708,14:11:45,11.06,--,1,1106,卖盘
709,14:11:42,11.06,-0.01,217,240002,卖盘
710,14:11:36,11.07,--,18,19926,买盘
711,14:11:33,11.07,--,2,2214,买盘
712,14:11:27,11.07,0.01,27,29889,买盘
713,14:11:21,11.06,--,390,431340,买盘
714,14:11:18,11.06,--,1015,1122590,买盘
715,14:11:15,11.06,--,16,17696,买盘
716,14:11:12,11.06,-0.01,174,192444,卖盘
717,14:11:09,11.07,--,6,6642,买盘
718,14:11:06,11.07,--,4,4428,买盘
719,14:11:03,11.07,0.01,12,13284,买盘
720,14:11:00,11.06,-0.01,4,4424,卖盘
721,14:10:57,11.07,0.01,341,377487,买盘
722,14:10:54,11.06,--,57,63042,买盘
723,14:10:51,11.06,--,35,38710,买盘
724,14:10:48,11.06,--,4,4424,买盘
725,14:10:45,11.06,--,2,2212,买盘
726,14:10:42,11.06,--,32,35392,买盘
727,14:10:39,11.06,--,28,30968,买盘
728,14:10:36,11.06,--,4,4424,买盘
729,14:10:33,11.06,-0.01,56,61936,中性盘
730,14:10:30,11.07,--,801,886707,买盘
731,14:10:27,11.07,--,1,1107,买盘
732,14:10:24,11.07,--,8,8856,买盘
733,14:10:21,11.07,0.01,120,132840,买盘
734,14:10:18,11.06,-0.01,90,99540,卖盘
735,14:10:15,11.07,--,21,23247,买盘
736,14:10:12,11.07,--,23,25461,买盘
737,14:10:09,11.07,--,53,58671,买盘
738,14:10:06,11.07,--,2,2214,买盘
739,14:10:03,11.07,--,13,14391,买盘
740,14:10:00,11.07,0.01,26,28782,买盘
741,14:09:57,11.06,-0.01,17,18802,卖盘
742,14:09:54,11.07,--,152,168264,买盘
743,14:09:51,11.07,0.01,217,240219,买盘
744,14:09:48,11.06,--,13,14378,卖盘
745,14:09:45,11.06,-0.01,52,57512,卖盘
746,14:09:42,11.07,--,26,28782,买盘
747,14:09:39,11.07,--,10,11070,买盘
748,14:09:36,11.07,0.01,40,44280,买盘
749,14:09:33,11.06,-0.01,1,1106,卖盘
750,14:09:30,11.07,0.01,32,35424,买盘
751,14:09:27,11.06,--,27,29862,卖盘
752,14:09:24,11.06,-0.01,20,22120,卖盘
753,14:09:21,11.07,0.01,230,254610,买盘
754,14:09:18,11.06,-0.01,12,13272,卖盘
755,14:09:15,11.07,--,21,23247,买盘
756,14:09:12,11.07,0.01,1,1107,买盘
757,14:09:09,11.06,-0.01,16,17696,卖盘
758,14:09:06,11.07,0.01,104,115128,买盘
759,14:09:03,11.06,-0.01,107,118342,卖盘
760,14:09:00,11.07,--,22,24354,买盘
761,14:08:57,11.07,0.01,33,36531,买盘
762,14:08:54,11.06,-0.01,19,21014,卖盘
763,14:08:51,11.07,0.01,19,21033,买盘
764,14:08:48,11.06,-0.01,1,1106,卖盘
765,14:08:45,11.07,--,2,2214,买盘
766,14:08:42,11.07,0.01,26,28782,买盘
767,14:08:39,11.06,-0.01,1,1106,卖盘
768,14:08:36,11.07,--,37,40959,买盘
769,14:08:33,11.07,--,4,4428,买盘
770,14:08:30,11.07,-0.01,11,12177,卖盘
771,14:08:27,11.08,--,8,8864,买盘
772,14:08:24,11.08,--,45,49860,买盘
773,14:08:21,11.08,--,18,19944,买盘
774,14:08:18,11.08,--,1,1108,买盘
775,14:08:15,11.08,--,1,1108,买盘
776,14:08:12,11.08,-0.01,28,31024,中性盘
777,14:08:03,11.09,0.03,39,43251,买盘
778,14:08:00,11.06,-0.03,2000,2212000,卖盘
779,14:07:57,11.09,0.01,1,1109,买盘
780,14:07:54,11.08,-0.01,9,9972,卖盘
781,14:07:51,11.09,0.02,94,104246,买盘
782,14:07:48,11.07,--,22,24354,卖盘
783,14:07:45,11.07,--,163,180441,卖盘
784,14:07:42,11.07,-0.01,63,69741,卖盘
785,14:07:39,11.08,0.01,7,7756,买盘
786,14:07:33,11.07,-0.01,4,4428,卖盘
787,14:07:30,11.08,0.01,3,3324,买盘
788,14:07:27,11.07,-0.01,20,22140,卖盘
789,14:07:24,11.08,--,3,3324,买盘
790,14:07:21,11.08,--,18,19944,买盘
791,14:07:18,11.08,--,14,15512,买盘
792,14:07:15,11.08,0.01,1,1108,买盘
793,14:07:12,11.07,-0.01,330,365310,卖盘
794,14:07:09,11.08,--,5,5540,买盘
795,14:07:06,11.08,0.01,26,28808,买盘
796,14:07:03,11.07,-0.01,3,3321,卖盘
797,14:07:00,11.08,--,25,27700,买盘
798,14:06:57,11.08,--,3,3324,买盘
799,14:06:54,11.08,0.02,22,24376,买盘
800,14:06:51,11.06,-0.02,1309,1447754,卖盘
801,14:06:48,11.08,--,28,31024,买盘
802,14:06:45,11.08,--,22,24376,买盘
803,14:06:42,11.08,--,21,23268,买盘
804,14:06:39,11.08,0.01,1,1108,买盘
805,14:06:36,11.07,--,50,55350,卖盘
806,14:06:33,11.07,-0.01,3,3321,卖盘
807,14:06:30,11.08,--,26,28808,买盘
808,14:06:24,11.08,--,7,7756,买盘
809,14:06:21,11.08,--,36,39888,买盘
810,14:06:18,11.08,0.01,44,48752,买盘
811,14:06:15,11.07,-0.01,6,6642,卖盘
812,14:06:12,11.08,--,9,9972,买盘
813,14:06:09,11.08,0.02,48,53184,买盘
814,14:06:06,11.06,-0.01,2012,2225272,卖盘
815,14:06:03,11.07,-0.01,38,42066,卖盘
816,14:06:00,11.08,--,16,17728,买盘
817,14:05:57,11.08,--,100,110800,买盘
818,14:05:54,11.08,--,8,8864,买盘
819,14:05:51,11.08,--,20,22160,买盘
820,14:05:48,11.08,--,2,2216,买盘
821,14:05:45,11.08,0.01,7,7756,买盘
822,14:05:42,11.07,-0.01,74,81918,卖盘
823,14:05:39,11.08,--,32,35456,买盘
824,14:05:36,11.08,--,15,16620,买盘
825,14:05:33,11.08,--,17,18836,买盘
826,14:05:27,11.08,--,31,34348,买盘
827,14:05:24,11.08,-0.02,64,70912,卖盘
828,14:05:21,11.1,0.02,19,21090,买盘
829,14:05:18,11.08,--,897,993876,买盘
830,14:05:15,11.08,0.02,9,9972,买盘
831,14:05:12,11.06,-0.02,2026,2240756,卖盘
832,14:05:09,11.08,--,19,21052,买盘
833,14:05:06,11.08,--,61,67588,买盘
834,14:05:03,11.08,--,6,6648,买盘
835,14:05:00,11.08,--,34,37672,买盘
836,14:04:57,11.08,--,10,11080,买盘
837,14:04:54,11.08,--,10,11080,买盘
838,14:04:51,11.08,0.01,72,79776,买盘
839,14:04:48,11.07,--,3,3321,卖盘
840,14:04:45,11.07,-0.01,3,3321,卖盘
841,14:04:42,11.08,--,32,35456,买盘
842,14:04:39,11.08,--,2,2216,买盘
843,14:04:36,11.08,-0.01,129,142932,卖盘
844,14:04:33,11.09,--,5,5545,买盘
845,14:04:30,11.09,--,3,3327,买盘
846,14:04:27,11.09,0.02,3,3327,买盘
847,14:04:24,11.07,-0.02,2000,2214000,卖盘
848,14:04:21,11.09,--,21,23289,买盘
849,14:04:18,11.09,0.01,24,26616,买盘
850,14:04:15,11.08,-0.01,94,104152,卖盘
851,14:04:12,11.09,--,105,116445,买盘
852,14:04:09,11.09,--,53,58777,买盘
853,14:04:06,11.09,0.01,8,8872,买盘
854,14:04:03,11.08,-0.01,2,2216,卖盘
855,14:04:00,11.09,--,36,39924,买盘
856,14:03:57,11.09,--,9,9981,卖盘
857,14:03:51,11.09,-0.01,81,89829,卖盘
858,14:03:48,11.1,--,4,4440,买盘
859,14:03:45,11.1,--,2,2220,买盘
860,14:03:42,11.1,--,5,5550,买盘
861,14:03:36,11.1,0.01,2004,2224440,买盘
862,14:03:27,11.09,--,5,5545,买盘
863,14:03:24,11.09,-0.01,47,52123,卖盘
864,14:03:21,11.1,--,100,111000,买盘
865,14:03:18,11.1,--,85,94350,买盘
866,14:03:15,11.1,--,6,6660,买盘
867,14:03:09,11.1,--,3,3330,买盘
868,14:03:06,11.1,--,3,3330,买盘
869,14:03:03,11.1,--,2005,2225550,买盘
870,14:03:00,11.1,--,52,57720,买盘
871,14:02:57,11.1,--,30,33300,买盘
872,14:02:54,11.1,--,3,3330,买盘
873,14:02:51,11.1,0.01,41,45510,买盘
874,14:02:48,11.09,-0.01,395,438055,卖盘
875,14:02:42,11.1,--,2,2220,买盘
876,14:02:39,11.1,--,15,16650,买盘
877,14:02:36,11.1,--,64,71040,买盘
878,14:02:33,11.1,--,77,85470,买盘
879,14:02:30,11.1,--,4,4440,买盘
880,14:02:24,11.1,--,25,27750,买盘
881,14:02:21,11.1,--,60,66600,买盘
882,14:02:18,11.1,--,70,77700,买盘
883,14:02:15,11.1,--,4,4440,买盘
884,14:02:12,11.1,--,50,55500,买盘
885,14:02:09,11.1,--,4,4440,买盘
886,14:02:06,11.1,0.01,2,2220,买盘
887,14:02:03,11.09,-0.01,2,2218,卖盘
888,14:02:00,11.1,--,14,15540,买盘
889,14:01:57,11.1,-0.01,6,6660,卖盘
890,14:01:54,11.11,--,12,13332,买盘
891,14:01:51,11.11,0.02,26,28886,买盘
892,14:01:48,11.09,-0.01,92,102028,卖盘
893,14:01:45,11.1,--,2,2220,买盘
894,14:01:42,11.1,--,11,12210,买盘
895,14:01:39,11.1,-0.01,152,168720,卖盘
896,14:01:36,11.11,--,2,2222,买盘
897,14:01:33,11.11,--,2,2222,买盘
898,14:01:27,11.11,--,74,82214,买盘
899,14:01:24,11.11,--,29,32219,买盘
900,14:01:21,11.11,--,70,77770,买盘
901,14:01:15,11.11,0.01,4,4444,买盘
902,14:01:12,11.1,--,10,11100,卖盘
903,14:01:06,11.1,--,46,51060,卖盘
904,14:01:03,11.1,0.01,114,126540,买盘
905,14:01:00,11.09,--,36,39924,卖盘
906,14:00:57,11.09,-0.01,20,22180,卖盘
907,14:00:54,11.1,--,103,114330,买盘
908,14:00:51,11.1,0.01,36,39960,买盘
909,14:00:48,11.09,--,5,5545,卖盘
910,14:00:45,11.09,-0.01,101,112009,卖盘
911,14:00:42,11.1,--,62,68820,买盘
912,14:00:39,11.1,--,60,66600,买盘
913,14:00:36,11.1,--,68,75480,买盘
914,14:00:33,11.1,--,2,2220,买盘
915,14:00:30,11.1,-0.01,142,157620,卖盘
916,14:00:24,11.11,--,44,48884,买盘
917,14:00:21,11.11,--,25,27775,买盘
918,14:00:18,11.11,--,2,2222,买盘
919,14:00:15,11.11,0.01,29,32219,买盘
920,14:00:12,11.1,-0.01,13,14430,卖盘
921,14:00:09,11.11,--,2,2222,买盘
922,14:00:06,11.11,0.01,2,2222,买盘
923,14:00:03,11.1,--,5,5550,卖盘
924,14:00:00,11.1,-0.01,72,79920,卖盘
925,13:59:57,11.11,--,37,41107,买盘
926,13:59:54,11.11,--,21,23331,买盘
927,13:59:51,11.11,--,26,28886,买盘
928,13:59:48,11.11,-0.01,64,71104,卖盘
929,13:59:45,11.12,0.01,2,2224,买盘
930,13:59:42,11.11,0.01,40,44440,中性盘
931,13:59:36,11.1,-0.01,2103,2334330,卖盘
932,13:59:33,11.11,--,13,14443,买盘
933,13:59:30,11.11,--,20,22220,买盘
934,13:59:27,11.11,0.01,43,47773,买盘
935,13:59:24,11.1,-0.01,5,5550,卖盘
936,13:59:21,11.11,--,37,41107,卖盘
937,13:59:18,11.11,-0.01,48,53328,卖盘
938,13:59:15,11.12,--,8,8896,买盘
939,13:59:12,11.12,0.01,12,13343,买盘
940,13:59:09,11.11,-0.01,70,77770,卖盘
941,13:59:06,11.12,0.01,22,24464,买盘
942,13:59:03,11.11,--,24,26664,卖盘
943,13:59:00,11.11,-0.01,31,34441,卖盘
944,13:58:57,11.12,--,60,66720,买盘
945,13:58:51,11.12,--,26,28911,买盘
946,13:58:48,11.12,0.01,142,157904,买盘
947,13:58:45,11.11,-0.01,2,2222,卖盘
948,13:58:42,11.12,--,39,43368,买盘
949,13:58:39,11.12,--,97,107863,买盘
950,13:58:36,11.12,--,11,12232,买盘
951,13:58:30,11.12,0.01,28,31135,买盘
952,13:58:27,11.11,--,4,4444,卖盘
953,13:58:24,11.11,-0.01,9,9999,卖盘
954,13:58:21,11.12,--,18,20016,买盘
955,13:58:18,11.12,--,7,7783,买盘
956,13:58:15,11.12,--,17,18904,买盘
957,13:58:12,11.12,--,10,11120,买盘
958,13:58:09,11.12,--,4,4448,买盘
959,13:58:06,11.12,--,2,2224,买盘
960,13:58:03,11.12,0.02,9,10008,买盘
961,13:58:00,11.1,-0.02,22,24420,卖盘
962,13:57:57,11.12,--,20,22240,买盘
963,13:57:54,11.12,--,51,56711,买盘
964,13:57:51,11.12,--,59,65608,买盘
965,13:57:48,11.12,--,27,30023,买盘
966,13:57:45,11.12,--,2,2224,买盘
967,13:57:42,11.12,0.02,3,3335,买盘
968,13:57:39,11.1,-0.01,343,380730,卖盘
969,13:57:36,11.11,-0.01,17,18887,中性盘
970,13:57:33,11.12,0.01,35,38920,买盘
971,13:57:30,11.11,--,2,2222,买盘
972,13:57:27,11.11,--,53,58883,买盘
973,13:57:24,11.11,--,180,199980,买盘
974,13:57:21,11.11,--,39,43329,买盘
975,13:57:15,11.11,--,21,23331,买盘
976,13:57:12,11.11,--,3,3333,买盘
977,13:57:09,11.11,--,53,58883,买盘
978,13:57:06,11.11,0.01,24,26664,买盘
979,13:57:03,11.1,-0.01,2,2220,卖盘
980,13:57:00,11.11,--,25,27775,买盘
981,13:56:57,11.11,--,70,77770,买盘
982,13:56:54,11.11,--,1,1111,买盘
983,13:56:51,11.11,--,49,54439,买盘
984,13:56:48,11.11,--,951,1056838,卖盘
985,13:56:42,11.11,--,1,1111,卖盘
986,13:56:39,11.11,-0.01,12,13332,卖盘
987,13:56:36,11.12,--,13,14455,买盘
988,13:56:33,11.12,--,26,28911,买盘
989,13:56:27,11.12,--,12,13343,买盘
990,13:56:24,11.12,--,7,7783,买盘
991,13:56:21,11.12,--,42,46704,买盘
992,13:56:18,11.12,--,2,2224,买盘
993,13:56:15,11.12,--,2,2224,买盘
994,13:56:12,11.12,--,78,86736,买盘
995,13:56:09,11.12,--,20,22240,买盘
996,13:56:06,11.12,--,2,2224,买盘
997,13:56:03,11.12,--,4,4448,买盘
998,13:56:00,11.12,--,4,4448,买盘
999,13:55:57,11.12,--,3,3335,买盘
1000,13:55:54,11.12,--,3,3335,买盘
1001,13:55:51,11.12,--,24,26687,买盘
1002,13:55:48,11.12,--,22,24464,买盘
1003,13:55:45,11.12,--,8,8896,买盘
1004,13:55:42,11.12,--,2,2224,买盘
1005,13:55:36,11.12,--,32,35584,买盘
1006,13:55:33,11.12,--,2,2224,买盘
1007,13:55:30,11.12,0.01,26,28911,买盘
1008,13:55:27,11.11,--,2,2222,卖盘
1009,13:55:24,11.11,--,75,83325,卖盘
1010,13:55:21,11.11,-0.01,10,11110,卖盘
1011,13:55:18,11.12,--,42,46704,买盘
1012,13:55:15,11.12,-0.01,37,41144,买盘
1013,13:55:12,11.13,--,3,3339,买盘
1014,13:55:09,11.13,0.01,19,21147,买盘
1015,13:55:00,11.12,--,7,7783,买盘
1016,13:54:57,11.12,0.01,2,2224,买盘
1017,13:54:54,11.11,-0.01,105,117543,卖盘
1018,13:54:51,11.12,--,8,8896,买盘
1019,13:54:48,11.12,--,31,34472,买盘
1020,13:54:45,11.12,--,2,2224,买盘
1021,13:54:42,11.12,--,1,1112,买盘
1022,13:54:39,11.12,--,49,54487,买盘
1023,13:54:36,11.12,--,2,2224,买盘
1024,13:54:27,11.12,-0.01,61,67876,卖盘
1025,13:54:24,11.13,--,10,11130,买盘
1026,13:54:21,11.13,--,18,20034,买盘
1027,13:54:18,11.13,--,23,25599,买盘
1028,13:54:15,11.13,--,5,5565,买盘
1029,13:54:12,11.13,--,1,1113,买盘
1030,13:54:09,11.13,--,7,7791,买盘
1031,13:54:06,11.13,0.01,6,6678,买盘
1032,13:54:03,11.12,-0.01,59,65608,卖盘
1033,13:54:00,11.13,--,4,4452,买盘
1034,13:53:54,11.13,--,27,30051,买盘
1035,13:53:51,11.13,--,24,26712,买盘
1036,13:53:48,11.13,--,37,41181,买盘
1037,13:53:42,11.13,--,36,40068,买盘
1038,13:53:39,11.13,0.01,2,3294,买盘
1039,13:53:36,11.12,-0.01,28,31135,卖盘
1040,13:53:33,11.13,--,2,2226,买盘
1041,13:53:30,11.13,0.01,2,2226,买盘
1042,13:53:27,11.12,--,23,25576,卖盘
1043,13:53:24,11.12,-0.01,10,11120,卖盘
1044,13:53:21,11.13,--,19,21147,买盘
1045,13:53:18,11.13,0.01,20,22260,买盘
1046,13:53:15,11.12,--,1,1112,买盘
1047,13:53:09,11.12,-0.01,6,6671,卖盘
1048,13:53:06,11.13,0.02,2,2226,买盘
1049,13:53:03,11.11,-0.02,9,9999,卖盘
1050,13:53:00,11.13,--,6,6678,买盘
1051,13:52:57,11.13,--,2,2226,买盘
1052,13:52:54,11.13,--,5,5565,买盘
1053,13:52:51,11.13,0.01,10,11130,买盘
1054,13:52:48,11.12,0.01,133,147896,中性盘
1055,13:52:45,11.11,-0.02,75,83325,卖盘
1056,13:52:42,11.13,--,37,41181,买盘
1057,13:52:39,11.13,0.01,162,180306,买盘
1058,13:52:36,11.12,--,75,83400,买盘
1059,13:52:30,11.12,--,400,444799,买盘
1060,13:52:27,11.12,--,2,2224,买盘
1061,13:52:24,11.12,--,3,3335,买盘
1062,13:52:18,11.12,--,46,51152,买盘
1063,13:52:15,11.12,--,3,3335,买盘
1064,13:52:12,11.12,--,3,3335,买盘
1065,13:52:06,11.12,--,1,1112,买盘
1066,13:52:03,11.12,--,10,11120,买盘
1067,13:52:00,11.12,0.01,12,13343,买盘
1068,13:51:57,11.11,--,48,53328,卖盘
1069,13:51:54,11.11,-0.01,86,95546,卖盘
1070,13:51:51,11.12,0.01,24,26687,买盘
1071,13:51:48,11.11,--,164,182204,卖盘
1072,13:51:42,11.11,--,77,85547,卖盘
1073,13:51:39,11.11,--,5,5555,卖盘
1074,13:51:36,11.11,-0.01,38,42218,卖盘
1075,13:51:30,11.12,--,2,2224,买盘
1076,13:51:27,11.12,0.01,4,4448,买盘
1077,13:51:24,11.11,--,1,1111,卖盘
1078,13:51:21,11.11,-0.01,3,4232,卖盘
1079,13:51:18,11.12,--,44,48928,买盘
1080,13:51:15,11.12,0.01,14,15567,买盘
1081,13:51:12,11.11,--,20,22220,卖盘
1082,13:51:09,11.11,--,94,104434,卖盘
1083,13:51:06,11.11,-0.01,49,54439,卖盘
1084,13:50:57,11.12,--,159,176808,买盘
1085,13:50:54,11.12,--,5,5560,买盘
1086,13:50:51,11.12,--,9,10008,买盘
1087,13:50:48,11.12,--,140,155680,买盘
1088,13:50:45,11.12,--,19,21128,买盘
1089,13:50:39,11.12,--,91,101192,买盘
1090,13:50:36,11.12,0.01,3,3335,买盘
1091,13:50:33,11.11,--,34,37774,卖盘
1092,13:50:27,11.11,--,2,2222,卖盘
1093,13:50:24,11.11,-0.01,4,4444,卖盘
1094,13:50:21,11.12,--,8,8896,买盘
1095,13:50:18,11.12,--,24,26687,买盘
1096,13:50:15,11.12,--,50,55599,买盘
1097,13:50:12,11.12,--,5,5560,买盘
1098,13:50:06,11.12,--,12,13343,买盘
1099,13:50:03,11.12,--,26,28911,买盘
1100,13:50:00,11.12,--,43,47816,买盘
1101,13:49:57,11.12,0.01,15,16680,买盘
1102,13:49:54,11.11,-0.01,21,23331,卖盘
1103,13:49:51,11.12,0.01,26,28911,买盘
1104,13:49:48,11.11,--,56,62216,卖盘
1105,13:49:45,11.11,-0.01,2,2222,卖盘
1106,13:49:42,11.12,--,9,10008,买盘
1107,13:49:39,11.12,--,6,6671,买盘
1108,13:49:36,11.12,--,80,88960,买盘
1109,13:49:30,11.12,--,2,2224,买盘
1110,13:49:27,11.12,--,3,3335,买盘
1111,13:49:21,11.12,--,202,224623,买盘
1112,13:49:18,11.12,--,48,53375,买盘
1113,13:49:15,11.12,--,6,6671,买盘
1114,13:49:12,11.12,--,47,52263,买盘
1115,13:49:09,11.12,--,2,2224,买盘
1116,13:49:03,11.12,--,439,488167,卖盘
1117,13:49:00,11.12,-0.01,21,23352,卖盘
1118,13:48:57,11.13,--,4,4452,买盘
1119,13:48:54,11.13,--,28,31164,买盘
1120,13:48:51,11.13,--,3,3339,买盘
1121,13:48:48,11.13,--,51,56763,买盘
1122,13:48:45,11.13,--,2,2226,买盘
1123,13:48:42,11.13,--,9,10017,买盘
1124,13:48:36,11.13,--,4,4452,买盘
1125,13:48:33,11.13,0.01,2,2226,买盘
1126,13:48:30,11.12,-0.01,19,21128,卖盘
1127,13:48:27,11.13,--,1,1113,买盘
1128,13:48:24,11.13,0.01,15,16695,买盘
1129,13:48:21,11.12,-0.01,63,70056,卖盘
1130,13:48:18,11.13,--,40,44520,买盘
1131,13:48:15,11.13,--,98,109074,买盘
1132,13:48:12,11.13,--,12,13356,买盘
1133,13:48:09,11.13,0.01,47,52311,买盘
1134,13:48:03,11.12,--,28,31135,卖盘
1135,13:48:00,11.12,-0.01,20,22240,卖盘
1136,13:47:57,11.13,--,29,32277,买盘
1137,13:47:54,11.13,--,1,1113,买盘
1138,13:47:51,11.13,--,41,45633,买盘
1139,13:47:48,11.13,--,49,54537,买盘
1140,13:47:45,11.13,--,65,72345,买盘
1141,13:47:42,11.13,--,5,5565,买盘
1142,13:47:39,11.13,--,3,3339,买盘
1143,13:47:36,11.13,0.01,2,2226,买盘
1144,13:47:30,11.12,-0.01,19,21128,卖盘
1145,13:47:27,11.13,0.01,25,27825,买盘
1146,13:47:24,11.12,--,1,1112,卖盘
1147,13:47:21,11.12,-0.01,7,7783,卖盘
1148,13:47:18,11.13,--,2,2226,买盘
1149,13:47:15,11.13,0.02,19,21147,买盘
1150,13:47:12,11.11,--,11,12221,卖盘
1151,13:47:09,11.11,-0.02,5,5555,卖盘
1152,13:47:03,11.13,0.02,5,5565,买盘
1153,13:47:00,11.11,-0.02,41,45551,卖盘
1154,13:46:57,11.13,--,39,43407,买盘
1155,13:46:54,11.13,--,4,4452,买盘
1156,13:46:51,11.13,0.02,28,31164,买盘
1157,13:46:48,11.11,--,28,31108,卖盘
1158,13:46:45,11.11,-0.02,21,23331,卖盘
1159,13:46:42,11.13,--,86,95718,买盘
1160,13:46:39,11.13,--,1,1113,买盘
1161,13:46:36,11.13,--,22,24486,买盘
1162,13:46:33,11.13,--,382,425166,买盘
1163,13:46:30,11.13,--,9,10017,买盘
1164,13:46:27,11.13,0.02,2,2226,买盘
1165,13:46:24,11.11,-0.02,1,1111,卖盘
1166,13:46:21,11.13,--,34,37842,买盘
1167,13:46:18,11.13,--,108,120204,买盘
1168,13:46:15,11.13,--,23,25599,买盘
1169,13:46:12,11.13,--,12,13356,买盘
1170,13:46:09,11.13,0.02,3,3339,买盘
1171,13:46:03,11.11,--,28,31108,卖盘
1172,13:46:00,11.11,--,19,21109,卖盘
1173,13:45:57,11.11,--,10,11110,卖盘
1174,13:45:54,11.11,-0.02,1,1111,卖盘
1175,13:45:51,11.13,--,73,81249,买盘
1176,13:45:48,11.13,-0.01,29,32277,买盘
1177,13:45:45,11.14,--,46,51244,买盘
1178,13:45:42,11.14,0.02,225,250650,买盘
1179,13:45:39,11.12,-0.02,44,48928,卖盘
1180,13:45:36,11.14,0.02,2,2228,买盘
1181,13:45:33,11.12,-0.01,1101,1224312,卖盘
1182,13:45:30,11.13,-0.01,15,16695,卖盘
1183,13:45:27,11.14,--,12,13368,买盘
1184,13:45:24,11.14,0.01,37,41218,买盘
1185,13:45:21,11.13,--,19,21147,卖盘
1186,13:45:18,11.13,-0.01,3,3339,卖盘
1187,13:45:15,11.14,--,32,35648,买盘
1188,13:45:12,11.14,0.01,42,46788,买盘
1189,13:45:09,11.13,-0.01,19,21147,卖盘
1190,13:45:06,11.14,--,110,122540,买盘
1191,13:45:03,11.14,0.01,66,73524,买盘
1192,13:45:00,11.13,-0.01,31,34503,卖盘
1193,13:44:57,11.14,--,46,51244,买盘
1194,13:44:54,11.14,--,18,20052,买盘
1195,13:44:51,11.14,--,39,43446,买盘
1196,13:44:48,11.14,--,11,12254,买盘
1197,13:44:45,11.14,--,40,44560,买盘
1198,13:44:42,11.14,--,14,15596,买盘
1199,13:44:39,11.14,0.01,3,3342,买盘
1200,13:44:36,11.13,-0.01,3,3339,卖盘
1201,13:44:30,11.14,0.01,53,59042,买盘
1202,13:44:27,11.13,--,35,38955,卖盘
1203,13:44:24,11.13,--,2,2226,卖盘
1204,13:44:21,11.13,-0.01,25,27825,卖盘
1205,13:44:18,11.14,--,23,25622,买盘
1206,13:44:15,11.14,--,27,30078,买盘
1207,13:44:12,11.14,--,43,47902,买盘
1208,13:44:09,11.14,--,21,23394,买盘
1209,13:44:06,11.14,0.01,34,37876,买盘
1210,13:44:03,11.13,--,11,12243,卖盘
1211,13:44:00,11.13,--,65,72345,卖盘
1212,13:43:57,11.13,-0.01,75,83608,卖盘
1213,13:43:54,11.14,--,28,31192,买盘
1214,13:43:51,11.14,--,15,16710,买盘
1215,13:43:48,11.14,--,39,43446,买盘
1216,13:43:45,11.14,--,28,31192,买盘
1217,13:43:42,11.14,--,5,5570,买盘
1218,13:43:36,11.14,--,7,7798,买盘
1219,13:43:33,11.14,0.01,3,3342,中性盘
1220,13:43:30,11.13,-0.02,10,11130,卖盘
1221,13:43:27,11.15,--,3,3345,买盘
1222,13:43:24,11.15,0.01,2,2230,买盘
1223,13:43:21,11.14,-0.01,44,49016,卖盘
1224,13:43:18,11.15,--,1,1115,买盘
1225,13:43:15,11.15,--,28,31220,买盘
1226,13:43:12,11.15,0.02,7,7805,买盘
1227,13:43:09,11.13,0.01,52,57876,中性盘
1228,13:43:06,11.12,-0.02,58,64495,卖盘
1229,13:43:03,11.14,0.01,4,4456,买盘
1230,13:43:00,11.13,-0.01,9,10017,卖盘
1231,13:42:57,11.14,--,5,5570,买盘
1232,13:42:51,11.14,--,32,35648,买盘
1233,13:42:48,11.14,--,53,59042,买盘
1234,13:42:45,11.14,--,25,27850,买盘
1235,13:42:42,11.14,--,62,69068,买盘
1236,13:42:39,11.14,--,2,2228,买盘
1237,13:42:36,11.14,0.01,50,55700,买盘
1238,13:42:33,11.13,--,4,4452,卖盘
1239,13:42:30,11.13,-0.01,87,96831,卖盘
1240,13:42:27,11.14,0.01,46,51244,买盘
1241,13:42:24,11.13,--,10,11130,卖盘
1242,13:42:21,11.13,-0.01,32,35616,卖盘
1243,13:42:18,11.14,0.01,3,3342,中性盘
1244,13:42:15,11.13,-0.01,81,90153,卖盘
1245,13:42:12,11.14,-0.01,77,85778,卖盘
1246,13:42:09,11.15,--,1,1115,买盘
1247,13:42:06,11.15,--,12,13380,买盘
1248,13:42:03,11.15,--,10,11150,买盘
1249,13:42:00,11.15,--,11,12265,买盘
1250,13:41:57,11.15,--,6,6690,买盘
1251,13:41:54,11.15,--,2,2230,买盘
1252,13:41:51,11.15,0.01,21,23415,买盘
1253,13:41:48,11.14,-0.01,23,25622,卖盘
1254,13:41:45,11.15,--,66,73590,买盘
1255,13:41:42,11.15,--,6,6690,买盘
1256,13:41:36,11.15,--,11,12265,买盘
1257,13:41:33,11.15,0.01,2,2230,买盘
1258,13:41:30,11.14,-0.01,11,12254,卖盘
1259,13:41:27,11.15,--,1,1115,买盘
1260,13:41:24,11.15,--,22,24530,买盘
1261,13:41:21,11.15,--,19,21185,买盘
1262,13:41:18,11.15,--,1,1115,买盘
1263,13:41:15,11.15,--,52,57980,买盘
1264,13:41:12,11.15,0.01,6,6690,买盘
1265,13:41:09,11.14,-0.01,17,18938,卖盘
1266,13:41:06,11.15,0.01,1,1115,买盘
1267,13:41:03,11.14,--,2,2228,卖盘
1268,13:41:00,11.14,-0.01,11,12254,卖盘
1269,13:40:57,11.15,0.01,9,10035,买盘
1270,13:40:54,11.14,--,1,1114,买盘
1271,13:40:51,11.14,--,12,13368,买盘
1272,13:40:48,11.14,-0.01,27,30078,买盘
1273,13:40:45,11.15,--,20,22300,买盘
1274,13:40:42,11.15,--,22,24530,买盘
1275,13:40:39,11.15,--,2,2230,买盘
1276,13:40:33,11.15,--,23,25645,买盘
1277,13:40:30,11.15,0.01,79,88085,买盘
1278,13:40:27,11.14,--,4,4456,卖盘
1279,13:40:24,11.14,--,24,26736,中性盘
1280,13:40:21,11.14,-0.01,29,32306,卖盘
1281,13:40:18,11.15,0.01,30,33450,买盘
1282,13:40:15,11.14,--,79,88006,买盘
1283,13:40:12,11.14,--,30,33420,买盘
1284,13:40:09,11.14,--,36,40104,买盘
1285,13:40:06,11.14,--,2,2228,买盘
1286,13:40:03,11.14,0.01,49,54586,买盘
1287,13:40:00,11.13,-0.02,93,103509,卖盘
1288,13:39:57,11.15,--,5,5575,买盘
1289,13:39:54,11.15,--,2,2230,买盘
1290,13:39:51,11.15,0.02,25,27875,买盘
1291,13:39:48,11.13,--,4,4452,卖盘
1292,13:39:45,11.13,-0.02,45,50085,卖盘
1293,13:39:42,11.15,--,35,39025,买盘
1294,13:39:39,11.15,--,25,27875,买盘
1295,13:39:36,11.15,--,8,8920,买盘
1296,13:39:33,11.15,0.02,2,2230,买盘
1297,13:39:30,11.13,-0.02,12,13356,卖盘
1298,13:39:27,11.15,--,24,26760,买盘
1299,13:39:21,11.15,--,36,40140,买盘
1300,13:39:18,11.15,--,26,28990,买盘
1301,13:39:12,11.15,--,137,152755,买盘
1302,13:39:09,11.15,0.01,7,7805,买盘
1303,13:39:03,11.14,--,576,641664,卖盘
1304,13:39:00,11.14,-0.01,7,7798,卖盘
1305,13:38:57,11.15,0.01,6,6690,买盘
1306,13:38:54,11.14,0.01,1,1114,卖盘
1307,13:38:51,11.13,-0.02,19,21147,卖盘
1308,13:38:48,11.15,--,5,5575,买盘
1309,13:38:45,11.15,--,32,35680,买盘
1310,13:38:42,11.15,--,51,56865,买盘
1311,13:38:39,11.15,--,9,10035,买盘
1312,13:38:36,11.15,--,2,2230,买盘
1313,13:38:30,11.15,--,48,53520,买盘
1314,13:38:27,11.15,--,2,2230,买盘
1315,13:38:24,11.15,0.01,17,18955,买盘
1316,13:38:21,11.14,--,53,59042,买盘
1317,13:38:18,11.14,0.01,1,1114,买盘
1318,13:38:15,11.13,-0.01,27,30051,中性盘
1319,13:38:12,11.14,--,57,63498,买盘
1320,13:38:03,11.14,--,3,3342,买盘
1321,13:38:00,11.14,--,251,279636,买盘
1322,13:37:57,11.14,--,5,5570,买盘
1323,13:37:54,11.14,--,35,38990,买盘
1324,13:37:51,11.14,--,57,63498,买盘
1325,13:37:48,11.14,--,3,3342,买盘
1326,13:37:42,11.14,0.02,30,33420,买盘
1327,13:37:39,11.12,-0.02,34,37808,卖盘
1328,13:37:30,11.14,--,167,186038,买盘
1329,13:37:27,11.14,--,1,1114,买盘
1330,13:37:24,11.14,--,364,405496,买盘
1331,13:37:21,11.14,--,20,22280,买盘
1332,13:37:18,11.14,0.01,86,95804,买盘
1333,13:37:15,11.13,-0.01,21,23373,卖盘
1334,13:37:12,11.14,0.01,16,17824,买盘
1335,13:37:09,11.13,--,47,52311,卖盘
1336,13:37:03,11.13,--,34,37842,卖盘
1337,13:37:00,11.13,-0.01,59,65667,卖盘
1338,13:36:57,11.14,--,30,33420,买盘
1339,13:36:54,11.14,0.01,25,27850,买盘
1340,13:36:51,11.13,--,52,57876,卖盘
1341,13:36:48,11.13,--,40,44520,卖盘
1342,13:36:45,11.13,-0.01,112,124656,卖盘
1343,13:36:42,11.14,0.01,104,115856,买盘
1344,13:36:39,11.13,--,4,4452,卖盘
1345,13:36:36,11.13,--,12,13356,卖盘
1346,13:36:30,11.13,-0.01,11,12243,卖盘
1347,13:36:27,11.14,--,42,46788,买盘
1348,13:36:24,11.14,--,2,2228,买盘
1349,13:36:21,11.14,0.01,8,8912,买盘
1350,13:36:18,11.13,-0.01,3,3339,卖盘
1351,13:36:15,11.14,--,3,3342,买盘
1352,13:36:12,11.14,0.01,19,21166,买盘
1353,13:36:09,11.13,-0.01,11,12243,卖盘
1354,13:36:06,11.14,0.01,34,37876,买盘
1355,13:36:03,11.13,--,4,4452,卖盘
1356,13:36:00,11.13,-0.01,19,21147,卖盘
1357,13:35:57,11.14,--,6,6684,买盘
1358,13:35:54,11.14,--,24,26736,买盘
1359,13:35:51,11.14,--,40,44560,买盘
1360,13:35:48,11.14,--,23,25622,买盘
1361,13:35:45,11.14,--,11,12254,买盘
1362,13:35:42,11.14,0.01,44,49016,买盘
1363,13:35:39,11.13,--,8,8904,卖盘
1364,13:35:33,11.13,--,2,2226,卖盘
1365,13:35:30,11.13,--,33,36729,卖盘
1366,13:35:27,11.13,--,2,2226,卖盘
1367,13:35:21,11.13,-0.01,15,16695,卖盘
1368,13:35:18,11.14,--,3,3342,买盘
1369,13:35:15,11.14,--,17,18938,买盘
1370,13:35:12,11.14,0.01,47,52358,买盘
1371,13:35:09,11.13,-0.01,13,14469,卖盘
1372,13:35:06,11.14,0.01,14,15596,买盘
1373,13:35:03,11.13,--,2,2226,卖盘
1374,13:35:00,11.13,-0.01,5,5565,卖盘
1375,13:34:57,11.14,0.01,9,10026,买盘
1376,13:34:51,11.13,--,11,12243,卖盘
1377,13:34:48,11.13,-0.01,4,4452,卖盘
1378,13:34:45,11.14,--,10,11140,买盘
1379,13:34:42,11.14,0.01,25,27850,买盘
1380,13:34:39,11.13,-0.01,18,20034,卖盘
1381,13:34:36,11.14,--,9,10026,买盘
1382,13:34:33,11.14,--,58,64612,买盘
1383,13:34:30,11.14,--,18,20052,买盘
1384,13:34:27,11.14,--,1,1114,买盘
1385,13:34:24,11.14,--,2,2228,买盘
1386,13:34:21,11.14,0.01,43,47902,买盘
1387,13:34:18,11.13,-0.01,2,2226,卖盘
1388,13:34:12,11.14,0.01,21,23394,买盘
1389,13:34:09,11.13,-0.01,12,13356,卖盘
1390,13:34:06,11.14,0.01,20,22280,买盘
1391,13:34:03,11.13,--,5,5565,卖盘
1392,13:34:00,11.13,-0.01,11,12243,卖盘
1393,13:33:57,11.14,--,24,26736,买盘
1394,13:33:54,11.14,0.01,1,1114,买盘
1395,13:33:51,11.13,-0.01,37,41181,卖盘
1396,13:33:48,11.14,--,17,18938,买盘
1397,13:33:42,11.14,--,2,2228,买盘
1398,13:33:39,11.14,0.01,47,52358,买盘
1399,13:33:36,11.13,-0.01,11,12243,卖盘
1400,13:33:33,11.14,0.01,29,32306,买盘
1401,13:33:30,11.13,--,62,69006,卖盘
1402,13:33:27,11.13,--,1,1113,卖盘
1403,13:33:24,11.13,--,46,51198,卖盘
1404,13:33:21,11.13,--,8,8904,卖盘
1405,13:33:18,11.13,-0.01,5,5565,卖盘
1406,13:33:12,11.14,0.01,30,33420,买盘
1407,13:33:09,11.13,-0.01,8,8904,卖盘
1408,13:33:06,11.14,0.01,11,12254,买盘
1409,13:33:03,11.13,--,2,2226,卖盘
1410,13:33:00,11.13,-0.01,12,13356,卖盘
1411,13:32:57,11.14,--,16,17824,买盘
1412,13:32:54,11.14,--,20,22280,买盘
1413,13:32:51,11.14,--,17,18938,买盘
1414,13:32:48,11.14,--,22,24508,买盘
1415,13:32:45,11.14,--,3,3342,买盘
1416,13:32:42,11.14,0.01,36,40104,买盘
1417,13:32:39,11.13,-0.01,39,43407,卖盘
1418,13:32:36,11.14,--,48,53472,买盘
1419,13:32:33,11.14,0.01,21,23394,买盘
1420,13:32:30,11.13,-0.01,15,16695,卖盘
1421,13:32:27,11.14,--,11,12254,买盘
1422,13:32:21,11.14,0.02,49,54586,买盘
1423,13:32:18,11.12,-0.02,17,18904,卖盘
1424,13:32:15,11.14,--,8,8912,买盘
1425,13:32:12,11.14,--,199,221686,买盘
1426,13:32:09,11.14,0.02,7,7798,买盘
1427,13:32:03,11.12,--,2,2224,卖盘
1428,13:32:00,11.12,-0.02,25,27799,卖盘
1429,13:31:57,11.14,--,6,6684,买盘
1430,13:31:51,11.14,--,105,116970,买盘
1431,13:31:48,11.14,0.01,4,4456,买盘
1432,13:31:45,11.13,-0.01,4,4452,买盘
1433,13:31:42,11.14,0.02,39,43446,买盘
1434,13:31:39,11.12,-0.01,85,94520,卖盘
1435,13:31:36,11.13,--,1,1113,买盘
1436,13:31:33,11.13,--,6,6678,卖盘
1437,13:31:30,11.13,--,39,43407,卖盘
1438,13:31:27,11.13,-0.01,31,34503,卖盘
1439,13:31:21,11.14,--,14,15596,买盘
1440,13:31:18,11.14,--,110,122540,买盘
1441,13:31:12,11.14,0.02,15,16710,买盘
1442,13:31:09,11.12,-0.01,49,54487,卖盘
1443,13:31:06,11.13,0.01,1,1113,买盘
1444,13:31:03,11.12,--,2,2224,卖盘
1445,13:31:00,11.12,-0.02,15,16680,卖盘
1446,13:30:57,11.14,--,6,6684,买盘
1447,13:30:51,11.14,--,43,47902,买盘
1448,13:30:48,11.14,0.02,2,2228,买盘
1449,13:30:45,11.12,-0.02,22,24464,卖盘
1450,13:30:42,11.14,0.01,61,67954,买盘
1451,13:30:39,11.13,--,21,23373,买盘
1452,13:30:36,11.13,0.01,17,18921,买盘
1453,13:30:33,11.12,--,64,71168,卖盘
1454,13:30:30,11.12,-0.01,3,3335,卖盘
1455,13:30:27,11.13,--,15,16695,买盘
1456,13:30:21,11.13,--,8,8904,买盘
1457,13:30:18,11.13,--,8,8904,买盘
1458,13:30:12,11.13,--,1,1113,买盘
1459,13:30:09,11.13,--,33,36729,买盘
1460,13:30:00,11.13,--,34,37842,买盘
1461,13:29:57,11.13,--,11,12243,买盘
1462,13:29:54,11.13,--,1,1113,买盘
1463,13:29:51,11.13,0.01,16,17808,买盘
1464,13:29:48,11.12,-0.01,28,31135,卖盘
1465,13:29:45,11.13,--,25,27825,买盘
1466,13:29:42,11.13,--,27,30051,买盘
1467,13:29:39,11.13,--,14,15582,买盘
1468,13:29:36,11.13,--,21,23373,买盘
1469,13:29:30,11.13,--,4,4452,买盘
1470,13:29:21,11.13,--,13,14469,买盘
1471,13:29:18,11.13,0.01,1,1113,买盘
1472,13:29:15,11.12,-0.01,35,38920,卖盘
1473,13:29:12,11.13,--,1,1113,买盘
1474,13:29:09,11.13,--,28,31164,买盘
1475,13:29:06,11.13,0.01,23,25599,买盘
1476,13:29:03,11.12,--,2,2224,卖盘
1477,13:29:00,11.12,-0.02,19,21128,卖盘
1478,13:28:57,11.14,--,5,5570,买盘
1479,13:28:54,11.14,0.02,3,3342,买盘
1480,13:28:51,11.12,-0.02,57,63383,卖盘
1481,13:28:48,11.14,--,29,32306,买盘
1482,13:28:45,11.14,--,38,42332,买盘
1483,13:28:39,11.14,--,248,276272,买盘
1484,13:28:33,11.14,0.02,44,49016,买盘
1485,13:28:30,11.12,--,8,8896,卖盘
1486,13:28:27,11.12,-0.02,2,2224,卖盘
1487,13:28:24,11.14,0.02,12,13368,买盘
1488,13:28:21,11.12,-0.02,24,26687,卖盘
1489,13:28:18,11.14,0.02,5,5570,买盘
1490,13:28:15,11.12,-0.02,43,47816,卖盘
1491,13:28:12,11.14,0.02,23,25622,买盘
1492,13:28:09,11.12,--,52,57823,卖盘
1493,13:28:03,11.12,--,136,151232,卖盘
1494,13:28:00,11.12,-0.02,26,28911,卖盘
1495,13:27:57,11.14,0.02,5,5570,买盘
1496,13:27:51,11.12,-0.02,16,17792,卖盘
1497,13:27:48,11.14,--,27,30078,买盘
1498,13:27:42,11.14,0.02,46,51244,买盘
1499,13:27:39,11.12,--,34,37808,卖盘
1500,13:27:36,11.12,--,12,13343,卖盘
1501,13:27:30,11.12,-0.01,12,13343,卖盘
1502,13:27:27,11.13,0.01,2,2226,卖盘
1503,13:27:24,11.12,-0.02,8,8896,卖盘
1504,13:27:21,11.14,0.01,50,55700,买盘
1505,13:27:18,11.13,-0.01,1,1113,中性盘
1506,13:27:12,11.14,0.02,3,3342,买盘
1507,13:27:09,11.12,--,32,35584,卖盘
1508,13:27:03,11.12,--,2,2224,卖盘
1509,13:27:00,11.12,-0.02,31,34472,卖盘
1510,13:26:57,11.14,0.02,1,1114,买盘
1511,13:26:54,11.12,-0.02,43,47816,卖盘
1512,13:26:51,11.14,0.01,115,128110,买盘
1513,13:26:48,11.13,0.01,1,1113,买盘
1514,13:26:39,11.12,-0.02,73,81176,卖盘
1515,13:26:36,11.14,--,18,20052,买盘
1516,13:26:33,11.14,0.02,50,55700,买盘
1517,13:26:30,11.12,-0.02,40,44480,卖盘
1518,13:26:27,11.14,0.02,93,103602,买盘
1519,13:26:24,11.12,--,2,2224,卖盘
1520,13:26:21,11.12,-0.02,12,13343,卖盘
1521,13:26:18,11.14,--,95,105830,买盘
1522,13:26:12,11.14,0.02,1,1114,买盘
1523,13:26:09,11.12,--,58,64495,卖盘
1524,13:26:03,11.12,--,3,3335,卖盘
1525,13:26:00,11.12,--,72,80064,卖盘
1526,13:25:57,11.12,-0.02,311,345832,卖盘
1527,13:25:54,11.14,--,27,30078,买盘
1528,13:25:51,11.14,0.02,8,8912,买盘
1529,13:25:48,11.12,--,14,15567,卖盘
1530,13:25:39,11.12,--,38,42256,卖盘
1531,13:25:33,11.12,--,32,35584,卖盘
1532,13:25:30,11.12,--,5,5560,卖盘
1533,13:25:27,11.12,--,1,1112,卖盘
1534,13:25:24,11.12,--,12,13343,卖盘
1535,13:25:21,11.12,-0.02,14,15567,卖盘
1536,13:25:18,11.14,--,1,1114,买盘
1537,13:25:12,11.14,0.02,1,1114,买盘
1538,13:25:09,11.12,-0.02,65,72280,卖盘
1539,13:25:06,11.14,--,50,55700,买盘
1540,13:25:00,11.14,--,82,91348,买盘
1541,13:24:57,11.14,--,30,33420,买盘
1542,13:24:54,11.14,0.02,8,8912,买盘
1543,13:24:51,11.12,-0.02,29,32247,卖盘
1544,13:24:42,11.14,0.02,82,91348,买盘
1545,13:24:39,11.12,-0.02,62,68944,卖盘
1546,13:24:36,11.14,--,1,1114,买盘
1547,13:24:30,11.14,--,69,76866,买盘
1548,13:24:21,11.14,--,248,276272,买盘
1549,13:24:18,11.14,0.02,19,21166,买盘
1550,13:24:12,11.12,-0.01,44,48928,卖盘
1551,13:24:09,11.13,-0.01,36,40068,卖盘
1552,13:24:06,11.14,0.01,19,21166,买盘
1553,13:24:03,11.13,--,2,2226,卖盘
1554,13:24:00,11.13,-0.01,41,45633,卖盘
1555,13:23:57,11.14,0.02,5,5570,买盘
1556,13:23:51,11.12,-0.01,53,58935,卖盘
1557,13:23:48,11.13,--,1,1113,卖盘
1558,13:23:45,11.13,--,53,58989,买盘
1559,13:23:42,11.13,0.01,22,24486,买盘
1560,13:23:39,11.12,-0.01,192,213503,卖盘
1561,13:23:36,11.13,--,374,416262,买盘
1562,13:23:33,11.13,0.01,77,85701,买盘
1563,13:23:30,11.12,-0.01,6,6671,卖盘
1564,13:23:21,11.13,--,31,34503,买盘
1565,13:23:18,11.13,0.01,2,2226,买盘
1566,13:23:09,11.12,-0.01,61,67832,卖盘
1567,13:23:03,11.13,--,26,28938,买盘
1568,13:23:00,11.13,--,147,163611,买盘
1569,13:22:57,11.13,--,22,24486,买盘
1570,13:22:54,11.13,--,8,8904,买盘
1571,13:22:51,11.13,0.01,125,139125,买盘
1572,13:22:48,11.12,-0.01,101,112311,卖盘
1573,13:22:42,11.13,--,496,552048,卖盘
1574,13:22:39,11.13,-0.01,9,10017,卖盘
1575,13:22:36,11.14,0.01,17,18938,买盘
1576,13:22:30,11.13,-0.01,28,31164,卖盘
1577,13:22:21,11.14,0.01,7,7798,买盘
1578,13:22:18,11.13,--,11,12243,卖盘
1579,13:22:09,11.13,-0.01,58,64554,卖盘
1580,13:22:06,11.14,--,101,112514,买盘
1581,13:22:03,11.14,0.01,36,40104,买盘
1582,13:22:00,11.13,-0.01,9,10017,卖盘
1583,13:21:57,11.14,--,97,108058,买盘
1584,13:21:54,11.14,--,26,28964,买盘
1585,13:21:51,11.14,--,18,20052,买盘
1586,13:21:45,11.14,0.01,58,64612,买盘
1587,13:21:39,11.13,-0.01,28,31164,中性盘
1588,13:21:36,11.14,0.02,29,32306,买盘
1589,13:21:30,11.12,--,9,10008,卖盘
1590,13:21:27,11.12,-0.01,39,43368,卖盘
1591,13:21:24,11.13,--,26,28938,卖盘
1592,13:21:18,11.13,0.01,15,16695,中性盘
1593,13:21:09,11.12,-0.01,77,85624,卖盘
1594,13:21:06,11.13,-0.01,202,224826,卖盘
1595,13:21:00,11.14,--,47,52358,买盘
1596,13:20:57,11.14,--,4,4456,买盘
1597,13:20:51,11.14,0.01,105,116970,买盘
1598,13:20:48,11.13,-0.01,24,26712,卖盘
1599,13:20:42,11.14,--,21,23394,买盘
1600,13:20:39,11.14,--,97,108058,买盘
1601,13:20:36,11.14,--,29,32306,买盘
1602,13:20:33,11.14,0.01,18,20052,买盘
1603,13:20:30,11.13,--,5,5565,卖盘
1604,13:20:27,11.13,--,2,2226,卖盘
1605,13:20:24,11.13,-0.01,5,5565,买盘
1606,13:20:21,11.14,0.02,6,6684,买盘
1607,13:20:18,11.12,-0.01,16,17792,卖盘
1608,13:20:09,11.13,--,53,58989,卖盘
1609,13:20:06,11.13,--,27,30051,卖盘
1610,13:20:03,11.13,--,2,2226,卖盘
1611,13:20:00,11.13,-0.01,6,6678,卖盘
1612,13:19:57,11.14,0.02,4,4456,买盘
1613,13:19:51,11.12,--,1,1112,卖盘
1614,13:19:48,11.12,-0.02,25,27799,卖盘
1615,13:19:45,11.14,0.01,8,8912,买盘
1616,13:19:42,11.13,--,23,25599,买盘
1617,13:19:39,11.13,--,52,57876,买盘
1618,13:19:36,11.13,--,28,31164,买盘
1619,13:19:33,11.13,0.01,9,10017,买盘
1620,13:19:30,11.12,-0.01,74,82288,卖盘
1621,13:19:27,11.13,--,114,126882,买盘
1622,13:19:24,11.13,-0.01,309,343917,卖盘
1623,13:19:21,11.14,0.01,20,22280,买盘
1624,13:19:18,11.13,-0.01,41,45633,卖盘
1625,13:19:15,11.14,--,22,24508,买盘
1626,13:19:12,11.14,0.01,36,40104,买盘
1627,13:19:09,11.13,-0.01,105,116865,卖盘
1628,13:19:06,11.14,0.01,43,47902,买盘
1629,13:19:03,11.13,--,16,17808,卖盘
1630,13:19:00,11.13,-0.01,43,47859,卖盘
1631,13:18:57,11.14,--,16,17824,买盘
1632,13:18:54,11.14,--,81,90234,买盘
1633,13:18:51,11.14,0.01,11,12254,买盘
1634,13:18:48,11.13,-0.01,35,38955,卖盘
1635,13:18:42,11.14,--,1,1114,买盘
1636,13:18:39,11.14,--,39,43446,买盘
1637,13:18:36,11.14,0.01,16,17824,买盘
1638,13:18:33,11.13,--,132,146916,卖盘
1639,13:18:30,11.13,-0.01,11,12243,卖盘
1640,13:18:24,11.14,--,22,24508,买盘
1641,13:18:21,11.14,0.01,1,1114,买盘
1642,13:18:18,11.13,-0.01,34,37842,卖盘
1643,13:18:15,11.14,0.01,26,28964,买盘
1644,13:18:09,11.13,-0.01,19,21147,卖盘
1645,13:18:06,11.14,0.01,20,22280,买盘
1646,13:18:03,11.13,--,2,2226,卖盘
1647,13:18:00,11.13,-0.01,4,4452,卖盘
1648,13:17:54,11.14,--,8,8912,买盘
1649,13:17:51,11.14,0.01,3,3342,买盘
1650,13:17:48,11.13,--,8,8904,卖盘
1651,13:17:45,11.13,-0.01,2,2226,卖盘
1652,13:17:42,11.14,0.01,11,12254,买盘
1653,13:17:39,11.13,-0.01,16,17808,卖盘
1654,13:17:36,11.14,--,21,23394,买盘
1655,13:17:33,11.14,--,32,35648,买盘
1656,13:17:30,11.14,0.01,25,27850,买盘
1657,13:17:27,11.13,--,1,1113,卖盘
1658,13:17:24,11.13,--,1,1113,卖盘
1659,13:17:18,11.13,0.01,29,32277,中性盘
1660,13:17:09,11.12,-0.02,22,24464,卖盘
1661,13:17:06,11.14,--,19,21166,买盘
1662,13:17:00,11.14,0.01,78,86892,买盘
1663,13:16:57,11.13,0.01,12,13356,中性盘
1664,13:16:48,11.12,-0.01,12,13343,卖盘
1665,13:16:45,11.13,--,9,10017,买盘
1666,13:16:42,11.13,-0.01,1,1113,中性盘
1667,13:16:39,11.14,0.01,43,47902,买盘
1668,13:16:36,11.13,--,27,30051,买盘
1669,13:16:30,11.13,--,73,81816,卖盘
1670,13:16:24,11.13,-0.01,33,36729,卖盘
1671,13:16:18,11.14,--,109,121426,买盘
1672,13:16:15,11.14,--,17,18938,买盘
1673,13:16:12,11.14,0.01,10,11140,买盘
1674,13:16:09,11.13,--,47,52311,卖盘
1675,13:16:06,11.13,-0.01,181,202276,卖盘
1676,13:16:03,11.14,--,22,24508,买盘
1677,13:16:00,11.14,0.01,23,25622,买盘
1678,13:15:54,11.13,--,100,111300,卖盘
1679,13:15:48,11.13,-0.01,7,7791,卖盘
1680,13:15:45,11.14,0.01,23,25622,买盘
1681,13:15:42,11.13,--,3,3339,卖盘
1682,13:15:39,11.13,-0.01,10,11130,卖盘
1683,13:15:33,11.14,0.01,35,38990,买盘
1684,13:15:30,11.13,-0.01,13,14469,卖盘
1685,13:15:24,11.14,--,12,13368,买盘
1686,13:15:21,11.14,0.01,43,47902,买盘
1687,13:15:18,11.13,-0.01,13,14469,卖盘
1688,13:15:12,11.14,--,10,11140,买盘
1689,13:15:09,11.14,-0.01,54,60156,卖盘
1690,13:15:06,11.15,--,76,84740,买盘
1691,13:15:03,11.15,0.01,96,107040,买盘
1692,13:15:00,11.14,-0.01,10,11140,卖盘
1693,13:14:54,11.15,--,1,1115,买盘
1694,13:14:51,11.15,0.01,39,43485,买盘
1695,13:14:48,11.14,--,13,14482,卖盘
1696,13:14:39,11.14,--,37,41218,卖盘
1697,13:14:36,11.14,-0.01,23,25622,卖盘
1698,13:14:33,11.15,--,9,10035,买盘
1699,13:14:30,11.15,0.01,79,88085,买盘
1700,13:14:27,11.14,-0.01,6,6684,卖盘
1701,13:14:24,11.15,--,245,273175,买盘
1702,13:14:21,11.15,0.01,4,4460,买盘
1703,13:14:18,11.14,-0.01,39,43446,卖盘
1704,13:14:15,11.15,--,5,5575,买盘
1705,13:14:12,11.15,0.01,156,173940,买盘
1706,13:14:09,11.14,-0.01,22,24508,卖盘
1707,13:14:06,11.15,--,17,18955,买盘
1708,13:14:03,11.15,--,60,66900,买盘
1709,13:14:00,11.15,--,7,7805,买盘
1710,13:13:57,11.15,--,22,24530,买盘
1711,13:13:54,11.15,0.01,11,12265,买盘
1712,13:13:48,11.14,-0.01,16,17824,卖盘
1713,13:13:45,11.15,--,4,4460,买盘
1714,13:13:42,11.15,0.01,10,11150,买盘
1715,13:13:39,11.14,-0.01,22,24508,卖盘
1716,13:13:36,11.15,0.01,21,23415,买盘
1717,13:13:30,11.14,-0.01,2,2228,卖盘
1718,13:13:27,11.15,0.01,103,114845,买盘
1719,13:13:24,11.14,--,1,1114,卖盘
1720,13:13:18,11.14,--,8,8912,卖盘
1721,13:13:15,11.14,--,5,5570,卖盘
1722,13:13:12,11.14,--,6,6684,卖盘
1723,13:13:09,11.14,-0.01,8,8912,卖盘
1724,13:13:06,11.15,0.01,23,25645,买盘
1725,13:13:03,11.14,--,34,37876,卖盘
1726,13:13:00,11.14,--,3,3342,卖盘
1727,13:12:54,11.14,0.01,2,2228,中性盘
1728,13:12:48,11.13,-0.02,15,16695,卖盘
1729,13:12:39,11.15,--,47,52405,买盘
1730,13:12:36,11.15,0.02,23,26481,买盘
1731,13:12:33,11.13,-0.02,166,185381,卖盘
1732,13:12:30,11.15,0.02,29,32335,买盘
1733,13:12:27,11.13,--,2,2226,卖盘
1734,13:12:24,11.13,--,13,14469,卖盘
1735,13:12:18,11.13,-0.02,10,11130,卖盘
1736,13:12:12,11.15,0.02,22,24530,买盘
1737,13:12:09,11.13,-0.02,6,6678,卖盘
1738,13:12:06,11.15,0.02,21,23415,买盘
1739,13:12:03,11.13,--,2,2226,卖盘
1740,13:12:00,11.13,-0.02,28,31164,卖盘
1741,13:11:51,11.15,--,77,85855,买盘
1742,13:11:48,11.15,0.02,60,66900,买盘
1743,13:11:42,11.13,--,239,266496,卖盘
1744,13:11:39,11.13,-0.01,27,30051,卖盘
1745,13:11:36,11.14,--,10,11140,买盘
1746,13:11:33,11.14,--,49,54586,买盘
1747,13:11:30,11.14,--,55,61270,买盘
1748,13:11:27,11.14,--,19,21166,买盘
1749,13:11:21,11.14,0.01,26,28964,买盘
1750,13:11:18,11.13,--,2,2226,卖盘
1751,13:11:09,11.13,-0.01,6,6678,卖盘
1752,13:11:03,11.14,0.01,21,23394,买盘
1753,13:11:00,11.13,-0.01,7,7791,卖盘
1754,13:10:51,11.14,0.01,2,2228,买盘
1755,13:10:48,11.13,-0.01,16,17808,卖盘
1756,13:10:42,11.14,0.01,5,5570,买盘
1757,13:10:39,11.13,-0.01,22,24486,卖盘
1758,13:10:36,11.14,--,28,31192,买盘
1759,13:10:33,11.14,0.02,35,38990,买盘
1760,13:10:30,11.12,--,9,10008,卖盘
1761,13:10:27,11.12,-0.02,67,74504,卖盘
1762,13:10:21,11.14,0.02,23,25622,买盘
1763,13:10:18,11.12,-0.02,24,26687,卖盘
1764,13:10:12,11.14,0.02,79,88006,买盘
1765,13:10:09,11.12,-0.01,39,43368,卖盘
1766,13:10:03,11.13,0.01,26,28938,买盘
1767,13:10:00,11.12,-0.01,7,7783,卖盘
1768,13:09:57,11.13,0.01,130,144690,买盘
1769,13:09:48,11.12,-0.01,23,25576,卖盘
1770,13:09:42,11.13,0.01,6,6678,中性盘
1771,13:09:39,11.12,-0.02,16,17792,卖盘
1772,13:09:36,11.14,--,26,28964,买盘
1773,13:09:33,11.14,--,20,22280,买盘
1774,13:09:30,11.14,0.01,30,33420,买盘
1775,13:09:27,11.13,--,2,2226,卖盘
1776,13:09:18,11.13,0.01,3,3339,中性盘
1777,13:09:09,11.12,-0.02,15,16680,卖盘
1778,13:09:06,11.14,--,1,1114,买盘
1779,13:09:03,11.14,0.02,22,24508,买盘
1780,13:08:57,11.12,--,53,58935,卖盘
1781,13:08:48,11.12,--,265,295391,卖盘
1782,13:08:45,11.12,-0.03,1,1112,卖盘
1783,13:08:39,11.15,--,72,80280,买盘
1784,13:08:36,11.15,0.02,23,25645,买盘
1785,13:08:33,11.13,--,24,26712,中性盘
1786,13:08:27,11.13,--,101,112413,卖盘
1787,13:08:24,11.13,--,1,1113,卖盘
1788,13:08:18,11.13,--,4,4452,卖盘
1789,13:08:09,11.13,--,10,11130,卖盘
1790,13:08:06,11.13,--,12,13356,买盘
1791,13:08:03,11.13,--,35,38955,卖盘
1792,13:07:57,11.13,-0.01,14,15582,卖盘
1793,13:07:51,11.14,0.02,9,10026,买盘
1794,13:07:48,11.12,-0.03,59,65608,卖盘
1795,13:07:45,11.15,--,23,25645,买盘
1796,13:07:42,11.15,--,26,28990,买盘
1797,13:07:39,11.15,--,48,53520,买盘
1798,13:07:33,11.15,0.02,30,33450,买盘
1799,13:07:27,11.13,-0.02,4,4452,卖盘
1800,13:07:21,11.15,0.02,1,1115,买盘
1801,13:07:18,11.13,--,15,16695,卖盘
1802,13:07:15,11.13,0.01,9,10017,卖盘
1803,13:07:09,11.12,--,67,74504,卖盘
1804,13:07:03,11.12,--,31,34472,卖盘
1805,13:06:57,11.12,-0.01,302,336924,卖盘
1806,13:06:54,11.13,-0.02,10,11130,买盘
1807,13:06:51,11.15,0.02,23,25645,买盘
1808,13:06:48,11.13,-0.02,32,35616,卖盘
1809,13:06:45,11.15,--,30,33450,买盘
1810,13:06:42,11.15,0.03,77,85855,买盘
1811,13:06:39,11.12,--,16,17792,卖盘
1812,13:06:36,11.12,-0.02,13,14455,卖盘
1813,13:06:33,11.14,0.02,22,24508,买盘
1814,13:06:27,11.12,-0.01,2,2224,卖盘
1815,13:06:24,11.13,--,4,4452,卖盘
1816,13:06:18,11.13,--,4,4452,卖盘
1817,13:06:09,11.13,-0.01,22,24486,卖盘
1818,13:06:06,11.14,--,1,1114,买盘
1819,13:06:03,11.14,0.01,27,30078,买盘
1820,13:06:00,11.13,--,34,37842,卖盘
1821,13:05:57,11.13,--,47,52311,卖盘
1822,13:05:48,11.13,--,29,32277,卖盘
1823,13:05:39,11.13,-0.01,7,7791,卖盘
1824,13:05:36,11.14,--,8,8912,买盘
1825,13:05:33,11.14,--,19,21166,买盘
1826,13:05:30,11.14,0.01,9,10026,买盘
1827,13:05:27,11.13,-0.01,7,7791,卖盘
1828,13:05:24,11.14,0.01,20,22280,中性盘
1829,13:05:18,11.13,--,5,5565,卖盘
1830,13:05:09,11.13,-0.02,28,31164,卖盘
1831,13:05:03,11.15,--,28,31220,买盘
1832,13:05:00,11.15,0.02,103,114845,买盘
1833,13:04:57,11.13,--,5,5565,卖盘
1834,13:04:51,11.13,-0.01,1,1113,卖盘
1835,13:04:48,11.14,0.01,27,30078,买盘
1836,13:04:39,11.13,-0.01,5,5565,卖盘
1837,13:04:36,11.14,--,6,6684,买盘
1838,13:04:33,11.14,0.01,21,23394,买盘
1839,13:04:27,11.13,-0.01,4,4452,卖盘
1840,13:04:21,11.14,0.01,1,1114,买盘
1841,13:04:18,11.13,-0.01,16,17808,卖盘
1842,13:04:12,11.14,0.01,15,16710,中性盘
1843,13:04:09,11.13,--,68,75684,卖盘
1844,13:04:03,11.13,--,51,56763,卖盘
1845,13:04:00,11.13,0.01,11,13344,买盘
1846,13:03:57,11.12,-0.01,156,173472,卖盘
1847,13:03:54,11.13,--,19,21147,买盘
1848,13:03:51,11.13,--,27,30051,买盘
1849,13:03:48,11.13,-0.02,146,162509,卖盘
1850,13:03:45,11.15,0.01,80,89200,买盘
1851,13:03:42,11.14,--,640,712960,卖盘
1852,13:03:39,11.14,--,24,26736,卖盘
1853,13:03:36,11.14,-0.01,407,454500,卖盘
1854,13:03:33,11.15,--,38,42370,买盘
1855,13:03:30,11.15,--,28,31220,买盘
1856,13:03:27,11.15,--,54,60210,买盘
1857,13:03:24,11.15,0.01,55,61325,买盘
1858,13:03:21,11.14,--,14,15596,卖盘
1859,13:03:18,11.14,--,11,12254,卖盘
1860,13:03:12,11.14,--,48,53472,卖盘
1861,13:03:09,11.14,-0.01,7,7798,卖盘
1862,13:03:03,11.15,0.01,25,27875,买盘
1863,13:02:57,11.14,-0.01,10,11140,卖盘
1864,13:02:54,11.15,--,26,28990,买盘
1865,13:02:51,11.15,0.01,2,2230,买盘
1866,13:02:48,11.14,--,24,26736,卖盘
1867,13:02:42,11.14,0.02,91,101374,买盘
1868,13:02:39,11.12,-0.02,26,28911,卖盘
1869,13:02:33,11.14,--,36,40104,买盘
1870,13:02:30,11.14,0.02,77,85778,买盘
1871,13:02:27,11.12,-0.02,18,20016,卖盘
1872,13:02:24,11.14,--,24,26736,买盘
1873,13:02:21,11.14,0.02,22,24508,买盘
1874,13:02:18,11.12,--,43,47816,卖盘
1875,13:02:15,11.12,-0.02,1,1112,卖盘
1876,13:02:09,11.14,-0.01,39,43446,卖盘
1877,13:02:06,11.15,0.01,1,1115,买盘
1878,13:02:03,11.14,--,23,25622,卖盘
1879,13:01:57,11.14,--,36,40104,卖盘
1880,13:01:54,11.14,0.02,3,3342,买盘
1881,13:01:48,11.12,-0.02,42,46704,卖盘
1882,13:01:45,11.14,--,77,85778,卖盘
1883,13:01:39,11.14,--,15,16710,卖盘
1884,13:01:36,11.14,-0.01,9,10026,卖盘
1885,13:01:33,11.15,--,20,22300,买盘
1886,13:01:30,11.15,--,22,24530,买盘
1887,13:01:27,11.15,--,31,34565,买盘
1888,13:01:21,11.15,0.01,1,1115,买盘
1889,13:01:18,11.14,--,150,167100,卖盘
1890,13:01:15,11.14,--,90,100260,卖盘
1891,13:01:09,11.14,-0.01,22,24508,卖盘
1892,13:01:06,11.15,0.01,1,1115,买盘
1893,13:01:03,11.14,-0.01,75,83550,卖盘
1894,13:01:00,11.15,0.01,26,28990,买盘
1895,13:00:57,11.14,--,5,5570,卖盘
1896,13:00:54,11.14,0.02,9,10026,买盘
1897,13:00:51,11.12,--,3,3335,卖盘
1898,13:00:48,11.12,--,13,14455,卖盘
1899,13:00:42,11.12,--,1,1112,卖盘
1900,13:00:39,11.12,-0.03,24,26687,卖盘
1901,13:00:36,11.15,0.02,32,35680,买盘
1902,13:00:33,11.13,0.01,24,26712,买盘
1903,13:00:30,11.12,--,37,41144,卖盘
1904,13:00:27,11.12,-0.01,58,64495,卖盘
1905,13:00:24,11.13,--,55,61215,买盘
1906,13:00:21,11.13,--,1,1113,买盘
1907,13:00:18,11.13,-0.01,233,259607,卖盘
1908,13:00:12,11.14,--,5,5570,卖盘
1909,13:00:06,11.14,--,10,11140,卖盘
1910,13:00:03,11.14,--,1607,1791033,买盘
1911,13:00:00,11.14,--,0,0,买盘
1912,11:30:00,11.14,--,124,138136,买盘
1913,11:29:57,11.14,0.03,12,13368,买盘
1914,11:29:51,11.11,--,21,23331,卖盘
1915,11:29:48,11.11,-0.03,5,5555,卖盘
1916,11:29:45,11.14,0.03,22,24508,买盘
1917,11:29:42,11.11,--,8,8888,卖盘
1918,11:29:39,11.11,-0.03,18,19998,卖盘
1919,11:29:33,11.14,0.03,69,76866,买盘
1920,11:29:27,11.11,--,22,24442,卖盘
1921,11:29:24,11.11,--,47,52217,卖盘
1922,11:29:21,11.11,-0.01,2,2222,卖盘
1923,11:29:18,11.12,0.01,12,13343,买盘
1924,11:29:09,11.11,-0.01,18,19998,卖盘
1925,11:29:03,11.12,--,26,28911,买盘
1926,11:29:00,11.12,0.01,18,20016,买盘
1927,11:28:57,11.11,-0.01,45,49995,卖盘
1928,11:28:51,11.12,--,90,100080,买盘
1929,11:28:48,11.12,--,58,64495,卖盘
1930,11:28:39,11.12,-0.02,11,12232,卖盘
1931,11:28:36,11.14,--,1,1114,买盘
1932,11:28:30,11.14,0.02,26,28964,买盘
1933,11:28:27,11.12,--,29,32247,卖盘
1934,11:28:24,11.12,--,8,8896,卖盘
1935,11:28:21,11.12,-0.02,1,1112,卖盘
1936,11:28:18,11.14,--,91,101374,买盘
1937,11:28:15,11.14,0.03,44,49016,买盘
1938,11:28:09,11.11,-0.03,8,8888,卖盘
1939,11:28:03,11.14,--,42,46788,买盘
1940,11:28:00,11.14,0.03,7,7798,买盘
1941,11:27:57,11.11,--,33,36663,卖盘
1942,11:27:54,11.11,-0.01,50,55550,卖盘
1943,11:27:48,11.12,-0.02,5,5560,中性盘
1944,11:27:42,11.14,0.03,12,13368,买盘
1945,11:27:39,11.11,-0.03,12,13332,卖盘
1946,11:27:36,11.14,--,1,1114,买盘
1947,11:27:30,11.14,0.03,27,30078,买盘
1948,11:27:27,11.11,-0.01,34,37774,卖盘
1949,11:27:24,11.12,-0.02,57,63383,卖盘
1950,11:27:21,11.14,0.03,22,24508,买盘
1951,11:27:18,11.11,-0.01,10,11110,卖盘
1952,11:27:09,11.12,-0.02,5,5560,卖盘
1953,11:27:06,11.14,--,48,53472,买盘
1954,11:27:03,11.14,--,6,6684,买盘
1955,11:27:00,11.14,0.02,18,20052,买盘
1956,11:26:57,11.12,-0.02,2,2224,卖盘
1957,11:26:51,11.14,0.02,1,1114,买盘
1958,11:26:48,11.12,0.01,7,7783,中性盘
1959,11:26:39,11.11,-0.03,28,31108,卖盘
1960,11:26:33,11.14,0.01,79,88006,买盘
1961,11:26:30,11.13,0.02,37,41181,买盘
1962,11:26:27,11.11,--,24,26664,卖盘
1963,11:26:24,11.11,-0.02,5,5555,卖盘
1964,11:26:21,11.13,--,18,20034,买盘
1965,11:26:18,11.13,--,19,21147,买盘
1966,11:26:15,11.13,--,16,17808,买盘
1967,11:26:12,11.13,--,22,24486,买盘
1968,11:26:09,11.13,--,50,55650,买盘
1969,11:26:00,11.13,0.02,28,31164,买盘
1970,11:25:57,11.11,--,97,108678,买盘
1971,11:25:51,11.11,0.01,1,1111,买盘
1972,11:25:48,11.1,-0.01,5,5550,卖盘
1973,11:25:42,11.11,--,2,2222,买盘
1974,11:25:39,11.11,--,22,24442,买盘
1975,11:25:33,11.11,--,13,14443,买盘
1976,11:25:30,11.11,0.01,17,18887,买盘
1977,11:25:27,11.1,-0.01,31,34410,卖盘
1978,11:25:21,11.11,--,27,29997,买盘
1979,11:25:18,11.11,--,24,26664,买盘
1980,11:25:15,11.11,--,1,1111,买盘
1981,11:25:09,11.11,0.01,58,64438,买盘
1982,11:25:06,11.1,-0.01,59,65490,卖盘
1983,11:25:00,11.11,--,62,68882,卖盘
1984,11:24:57,11.11,-0.02,34,37774,卖盘
1985,11:24:51,11.13,0.03,78,86814,买盘
1986,11:24:48,11.1,--,89,98790,卖盘
1987,11:24:45,11.1,--,1,1110,卖盘
1988,11:24:36,11.1,--,446,495060,卖盘
1989,11:24:33,11.1,-0.01,2125,2358750,卖盘
1990,11:24:30,11.11,--,33,36663,卖盘
1991,11:24:27,11.11,--,44,48884,卖盘
1992,11:24:24,11.11,--,2,2222,卖盘
1993,11:24:18,11.11,--,37,41107,卖盘
1994,11:24:12,11.11,-0.01,106,117766,卖盘
1995,11:24:09,11.12,0.01,32,35584,买盘
1996,11:24:06,11.11,-0.01,45,49995,卖盘
1997,11:24:00,11.12,--,110,122319,卖盘
1998,11:23:57,11.12,--,22,24464,卖盘
1999,11:23:54,11.12,--,1,1112,卖盘
2000,11:23:48,11.12,-0.01,18,20016,卖盘
2001,11:23:42,11.13,0.01,54,60102,中性盘
2002,11:23:36,11.12,-0.02,35,38920,卖盘
2003,11:23:33,11.14,-0.01,1,1114,买盘
2004,11:23:30,11.15,--,24,26760,买盘
2005,11:23:27,11.15,--,153,170595,买盘
2006,11:23:21,11.15,--,18,20070,买盘
2007,11:23:18,11.15,0.01,524,584260,买盘
2008,11:23:15,11.14,--,25,27850,买盘
2009,11:23:09,11.14,0.03,112,124768,买盘
2010,11:23:06,11.11,-0.02,9,9999,卖盘
2011,11:23:00,11.13,0.02,20,22260,买盘
2012,11:22:57,11.11,-0.02,20,22220,卖盘
2013,11:22:51,11.13,0.02,1,1113,买盘
2014,11:22:48,11.11,-0.03,7,7777,卖盘
2015,11:22:39,11.14,0.03,18,20052,买盘
2016,11:22:36,11.11,-0.03,20,22220,卖盘
2017,11:22:33,11.14,--,23,25622,买盘
2018,11:22:30,11.14,0.03,23,25622,买盘
2019,11:22:27,11.11,-0.02,6,6666,卖盘
2020,11:22:21,11.13,--,18,20034,卖盘
2021,11:22:18,11.13,--,7,7791,卖盘
2022,11:22:15,11.13,0.02,9,10017,买盘
2023,11:22:09,11.11,0.01,17,18887,卖盘
2024,11:22:06,11.1,-0.03,16,17760,卖盘
2025,11:22:03,11.13,-0.01,3,3339,买盘
2026,11:22:00,11.14,0.04,23,25622,买盘
2027,11:21:57,11.1,-0.04,55,61050,卖盘
2028,11:21:48,11.14,0.03,43,47902,买盘
2029,11:21:45,11.11,--,200,222200,买盘
2030,11:21:39,11.11,--,142,157928,卖盘
2031,11:21:36,11.11,-0.03,15,16665,卖盘
2032,11:21:30,11.14,0.03,43,47902,买盘
2033,11:21:27,11.11,--,29,32219,卖盘
2034,11:21:24,11.11,--,80,88880,卖盘
2035,11:21:21,11.11,-0.02,13,14443,卖盘
2036,11:21:18,11.13,0.01,48,53424,买盘
2037,11:21:15,11.12,--,8,8896,买盘
2038,11:21:12,11.12,0.01,74,82288,买盘
2039,11:21:09,11.11,--,23,25553,卖盘
2040,11:21:06,11.11,-0.01,10,11110,卖盘
2041,11:21:03,11.12,--,1,1112,买盘
2042,11:21:00,11.12,0.01,23,25576,买盘
2043,11:20:57,11.11,-0.01,26,28886,卖盘
2044,11:20:54,11.12,--,1,1112,买盘
2045,11:20:48,11.12,--,14,15567,买盘
2046,11:20:45,11.12,0.01,24,26687,买盘
2047,11:20:42,11.11,--,8,8888,卖盘
2048,11:20:36,11.11,--,25,27775,卖盘
2049,11:20:33,11.11,--,70,78714,买盘
2050,11:20:30,11.11,0.01,21,23331,买盘
2051,11:20:27,11.1,-0.01,10,11100,卖盘
2052,11:20:24,11.11,--,20,22220,买盘
2053,11:20:21,11.11,--,25,27775,买盘
2054,11:20:18,11.11,0.01,28,31108,买盘
2055,11:20:09,11.1,--,22,24420,卖盘
2056,11:20:06,11.1,--,23,25530,卖盘
2057,11:20:03,11.1,--,3,3330,卖盘
2058,11:20:00,11.1,-0.01,43,47730,卖盘
2059,11:19:57,11.11,0.01,69,76659,买盘
2060,11:19:51,11.1,-0.01,50,55500,卖盘
2061,11:19:48,11.11,--,59,65549,买盘
2062,11:19:45,11.11,--,4,4444,买盘
2063,11:19:39,11.11,0.01,89,98879,买盘
2064,11:19:36,11.1,-0.01,79,87690,卖盘
2065,11:19:27,11.11,--,33,36663,买盘
2066,11:19:24,11.11,0.01,6,6666,买盘
2067,11:19:21,11.1,-0.01,32,35520,卖盘
2068,11:19:18,11.11,--,20,22220,买盘
2069,11:19:09,11.11,--,51,56661,卖盘
2070,11:19:06,11.11,-0.01,39,43329,卖盘
2071,11:19:03,11.12,--,5,5560,买盘
2072,11:18:57,11.12,--,48,53375,买盘
2073,11:18:54,11.12,--,30,33360,买盘
2074,11:18:51,11.12,0.01,23,25576,买盘
2075,11:18:48,11.11,--,4,4444,卖盘
2076,11:18:36,11.11,0.01,12,13332,中性盘
2077,11:18:27,11.1,--,34,37740,卖盘
2078,11:18:24,11.1,--,27,29970,卖盘
2079,11:18:21,11.1,-0.03,13,14430,卖盘
2080,11:18:18,11.13,0.01,16,17808,买盘
2081,11:18:15,11.12,--,3,3335,买盘
2082,11:18:12,11.12,--,9,10008,买盘
2083,11:18:09,11.12,0.02,11,12232,买盘
2084,11:18:06,11.1,-0.03,34,37740,卖盘
2085,11:18:03,11.13,--,11,12243,买盘
2086,11:18:00,11.13,--,6,6678,买盘
2087,11:17:57,11.13,0.01,91,101283,买盘
2088,11:17:54,11.12,0.01,24,26687,买盘
2089,11:17:48,11.11,-0.02,11,12221,卖盘
2090,11:17:42,11.13,0.01,77,85701,买盘
2091,11:17:39,11.12,0.02,21,23352,买盘
2092,11:17:36,11.1,-0.01,21,23310,卖盘
2093,11:17:33,11.11,-0.01,6,6666,中性盘
2094,11:17:27,11.12,--,26,28911,买盘
2095,11:17:24,11.12,--,41,45592,买盘
2096,11:17:18,11.12,0.02,28,31135,买盘
2097,11:17:09,11.1,--,69,76590,卖盘
2098,11:17:06,11.1,-0.01,391,434010,卖盘
2099,11:17:03,11.11,0.01,13,14443,买盘
2100,11:17:00,11.1,-0.02,26,28860,卖盘
2101,11:16:57,11.12,--,1800,2001599,买盘
2102,11:16:51,11.12,--,43,47816,卖盘
2103,11:16:48,11.12,--,2,2224,卖盘
2104,11:16:45,11.12,--,18,20016,卖盘
2105,11:16:36,11.12,-0.01,15,16680,卖盘
2106,11:16:33,11.13,--,3,3339,买盘
2107,11:16:30,11.13,--,22,24486,买盘
2108,11:16:27,11.13,0.01,46,51198,买盘
2109,11:16:24,11.12,--,5,5560,卖盘
2110,11:16:21,11.12,--,1,1112,卖盘
2111,11:16:18,11.12,0.01,6,6671,买盘
2112,11:16:15,11.11,-0.01,29,32219,卖盘
2113,11:16:12,11.12,--,3,3335,买盘
2114,11:16:09,11.12,--,7,7783,买盘
2115,11:16:06,11.12,-0.02,114,126767,卖盘
2116,11:16:03,11.14,0.01,23,25622,买盘
2117,11:16:00,11.13,--,11,12243,买盘
2118,11:15:57,11.13,0.02,486,541474,买盘
2119,11:15:54,11.11,-0.01,20,22220,卖盘
2120,11:15:51,11.12,0.01,3,3335,买盘
2121,11:15:48,11.11,--,81,89991,卖盘
2122,11:15:45,11.11,-0.02,11,12221,卖盘
2123,11:15:39,11.13,0.02,2,2226,买盘
2124,11:15:36,11.11,--,13,14443,卖盘
2125,11:15:30,11.11,-0.01,27,29997,卖盘
2126,11:15:27,11.12,0.01,26,28911,买盘
2127,11:15:24,11.11,--,9,9999,卖盘
2128,11:15:21,11.11,-0.02,13,14443,卖盘
2129,11:15:18,11.13,0.02,10,11130,买盘
2130,11:15:15,11.11,-0.02,12,13332,卖盘
2131,11:15:12,11.13,0.01,22,24486,买盘
2132,11:15:09,11.12,--,10,11120,买盘
2133,11:15:06,11.12,--,29,32247,卖盘
2134,11:15:03,11.12,--,12,13343,卖盘
2135,11:15:00,11.12,-0.02,3,3335,卖盘
2136,11:14:57,11.14,0.02,27,30078,买盘
2137,11:14:54,11.12,-0.02,88,97856,卖盘
2138,11:14:51,11.14,0.02,11,12254,买盘
2139,11:14:48,11.12,--,2,2224,卖盘
2140,11:14:45,11.12,--,12,13343,卖盘
2141,11:14:39,11.12,--,8,8896,卖盘
2142,11:14:36,11.12,-0.02,29,32247,卖盘
2143,11:14:33,11.14,--,11,12254,买盘
2144,11:14:30,11.14,--,26,28964,买盘
2145,11:14:27,11.14,0.02,87,96918,买盘
2146,11:14:24,11.12,--,33,36696,卖盘
2147,11:14:21,11.12,-0.02,36,40032,卖盘
2148,11:14:18,11.14,0.02,81,90234,买盘
2149,11:14:15,11.12,-0.02,44,48928,卖盘
2150,11:14:12,11.14,--,3,3342,买盘
2151,11:14:09,11.14,0.01,31,34534,买盘
2152,11:14:06,11.13,-0.01,37,41181,卖盘
2153,11:14:00,11.14,0.01,30,33420,买盘
2154,11:13:57,11.13,--,18,20034,卖盘
2155,11:13:54,11.13,-0.02,22,24486,卖盘
2156,11:13:51,11.15,0.02,89,99235,买盘
2157,11:13:48,11.13,--,3,3339,卖盘
2158,11:13:45,11.13,--,15,16695,卖盘
2159,11:13:39,11.13,-0.01,29,32277,卖盘
2160,11:13:36,11.14,0.01,17,18938,买盘
2161,11:13:33,11.13,--,28,31164,卖盘
2162,11:13:30,11.13,-0.01,3,3339,卖盘
2163,11:13:27,11.14,0.01,49,54586,买盘
2164,11:13:24,11.13,-0.01,4,4452,卖盘
2165,11:13:15,11.14,0.01,10,11140,买盘
2166,11:13:12,11.13,--,10,11130,卖盘
2167,11:13:06,11.13,-0.01,35,38955,卖盘
2168,11:13:03,11.14,--,1,1114,买盘
2169,11:12:57,11.14,0.01,25,27850,买盘
2170,11:12:54,11.13,--,24,26712,卖盘
2171,11:12:48,11.13,--,1,1113,卖盘
2172,11:12:45,11.13,-0.02,14,15582,卖盘
2173,11:12:39,11.15,--,4,4460,买盘
2174,11:12:36,11.15,0.01,56,62440,买盘
2175,11:12:33,11.14,0.01,4,4456,买盘
2176,11:12:30,11.13,-0.02,14,15582,卖盘
2177,11:12:27,11.15,0.01,24,26760,买盘
2178,11:12:24,11.14,--,1,1114,买盘
2179,11:12:21,11.14,0.01,2,2228,买盘
2180,11:12:15,11.13,-0.01,19,21147,卖盘
2181,11:12:12,11.14,0.01,3,3342,中性盘
2182,11:12:06,11.13,-0.02,47,52311,卖盘
2183,11:12:00,11.15,0.01,79,88085,买盘
2184,11:11:57,11.14,0.01,28,31192,买盘
2185,11:11:54,11.13,-0.02,18,20034,卖盘
2186,11:11:51,11.15,--,6,6690,买盘
2187,11:11:48,11.15,0.02,6,6690,买盘
2188,11:11:45,11.13,-0.01,37,41181,卖盘
2189,11:11:42,11.14,0.02,8,8912,买盘
2190,11:11:39,11.12,-0.02,3,3335,卖盘
2191,11:11:36,11.14,0.01,61,67954,买盘
2192,11:11:27,11.13,--,40,44520,卖盘
2193,11:11:24,11.13,-0.01,8,8904,中性盘
2194,11:11:18,11.14,--,12,13368,买盘
2195,11:11:15,11.14,0.01,26,28964,买盘
2196,11:11:12,11.13,--,4,4452,买盘
2197,11:11:09,11.13,--,2,2226,买盘
2198,11:11:06,11.13,-0.02,20,22260,卖盘
2199,11:11:03,11.15,--,7,7805,买盘
2200,11:10:57,11.15,0.02,18,20070,买盘
2201,11:10:54,11.13,-0.02,27,30051,卖盘
2202,11:10:51,11.15,0.02,23,25645,买盘
2203,11:10:48,11.13,--,2,2226,卖盘
2204,11:10:45,11.13,-0.02,8,8904,卖盘
2205,11:10:42,11.15,--,3,3345,买盘
2206,11:10:39,11.15,0.03,26,28990,买盘
2207,11:10:36,11.12,-0.03,11,12232,卖盘
2208,11:10:30,11.15,0.03,27,30105,买盘
2209,11:10:27,11.12,--,21,23352,卖盘
2210,11:10:24,11.12,-0.01,9,10008,卖盘
2211,11:10:21,11.13,-0.02,19,21147,卖盘
2212,11:10:18,11.15,0.02,1,1115,买盘
2213,11:10:15,11.13,-0.02,24,26712,卖盘
2214,11:10:09,11.15,0.02,81,90315,买盘
2215,11:10:06,11.13,-0.02,39,43407,卖盘
2216,11:09:57,11.15,0.02,49,54635,买盘
2217,11:09:54,11.13,--,29,32277,卖盘
2218,11:09:51,11.13,--,1,1113,卖盘
2219,11:09:48,11.13,--,9,10017,卖盘
2220,11:09:45,11.13,-0.02,19,21147,卖盘
2221,11:09:42,11.15,0.02,25,27875,买盘
2222,11:09:39,11.13,-0.01,12,13356,卖盘
2223,11:09:36,11.14,--,14,15596,买盘
2224,11:09:33,11.14,--,1,1114,买盘
2225,11:09:24,11.14,-0.01,56,62384,买盘
2226,11:09:18,11.15,0.04,7,7805,买盘
2227,11:09:15,11.11,-0.04,115,127765,卖盘
2228,11:09:06,11.15,--,38,42370,买盘
2229,11:09:03,11.15,0.04,5,5575,买盘
2230,11:08:54,11.11,-0.04,62,68882,卖盘
2231,11:08:51,11.15,0.03,15,16725,买盘
2232,11:08:48,11.12,0.01,3,3335,卖盘
2233,11:08:45,11.11,-0.03,135,149985,卖盘
2234,11:08:42,11.14,--,29,32306,买盘
2235,11:08:39,11.14,-0.01,10,11140,卖盘
2236,11:08:36,11.15,0.01,89,99235,买盘
2237,11:08:33,11.14,-0.01,2,2228,中性盘
2238,11:08:27,11.15,0.04,24,26760,买盘
2239,11:08:24,11.11,--,34,37774,卖盘
2240,11:08:18,11.11,--,107,118877,卖盘
2241,11:08:15,11.11,-0.04,48,53328,卖盘
2242,11:08:09,11.15,--,24,26760,买盘
2243,11:08:06,11.15,0.01,62,69130,买盘
2244,11:08:03,11.14,--,9,10026,买盘
2245,11:07:57,11.14,0.03,4,4456,中性盘
2246,11:07:54,11.11,-0.03,76,84436,卖盘
2247,11:07:51,11.14,-0.01,1,1114,卖盘
2248,11:07:48,11.15,0.04,110,122650,买盘
2249,11:07:45,11.11,--,34,37774,卖盘
2250,11:07:36,11.11,-0.04,45,49995,卖盘
2251,11:07:27,11.15,0.04,216,240840,买盘
2252,11:07:24,11.11,-0.03,11,12221,卖盘
2253,11:07:21,11.14,-0.01,3,3342,中性盘
2254,11:07:15,11.15,--,35,39025,买盘
2255,11:07:12,11.15,--,4,4460,买盘
2256,11:07:09,11.15,--,22,24530,买盘
2257,11:07:06,11.15,0.01,131,146065,买盘
2258,11:07:03,11.14,--,3,3342,买盘
2259,11:06:57,11.14,0.04,3,3342,买盘
2260,11:06:54,11.1,-0.04,138,153180,卖盘
2261,11:06:51,11.14,0.03,4,4456,买盘
2262,11:06:48,11.11,--,166,184426,卖盘
2263,11:06:45,11.11,-0.03,273,303303,卖盘
2264,11:06:39,11.14,--,6,6684,买盘
2265,11:06:36,11.14,-0.01,268,298552,中性盘
2266,11:06:30,11.15,0.01,1128,1257720,买盘
2267,11:06:27,11.14,0.04,21,23394,买盘
2268,11:06:24,11.1,-0.01,166,184260,卖盘
2269,11:06:21,11.11,--,13,14443,买盘
2270,11:06:18,11.11,--,619,687709,卖盘
2271,11:06:15,11.11,-0.03,112,124432,卖盘
2272,11:06:09,11.14,--,8,8912,买盘
2273,11:06:06,11.14,--,519,578166,买盘
2274,11:06:03,11.14,0.03,32,35648,买盘
2275,11:06:00,11.11,-0.01,1,1111,卖盘
2276,11:05:57,11.12,0.01,33,36696,买盘
2277,11:05:54,11.11,-0.01,51,56661,卖盘
2278,11:05:51,11.12,-0.02,63,70056,卖盘
2279,11:05:48,11.14,--,26,28964,买盘
2280,11:05:45,11.14,0.02,40,44560,买盘
2281,11:05:39,11.12,-0.02,23,25576,卖盘
2282,11:05:36,11.14,0.02,109,121426,买盘
2283,11:05:33,11.12,0.01,1,1112,买盘
2284,11:05:24,11.11,-0.01,57,63327,卖盘
2285,11:05:21,11.12,0.01,7,7783,卖盘
2286,11:05:15,11.11,-0.03,20,22220,卖盘
2287,11:05:12,11.14,0.03,20,22280,买盘
2288,11:05:06,11.11,-0.01,29,32219,卖盘
2289,11:05:03,11.12,0.01,16,17792,中性盘
2290,11:04:54,11.11,-0.01,143,158873,卖盘
2291,11:04:51,11.12,0.01,45,50040,买盘
2292,11:04:48,11.11,--,2,2222,卖盘
2293,11:04:45,11.11,-0.01,9,9999,卖盘
2294,11:04:42,11.12,--,31,34472,买盘
2295,11:04:39,11.12,0.01,12,13343,买盘
2296,11:04:36,11.11,-0.01,13,14443,卖盘
2297,11:04:33,11.12,--,20,22240,买盘
2298,11:04:27,11.12,--,16,17792,买盘
2299,11:04:24,11.12,-0.02,49,54487,卖盘
2300,11:04:18,11.14,--,1,1114,买盘
2301,11:04:15,11.14,--,33,36762,买盘
2302,11:04:09,11.14,--,3,3342,买盘
2303,11:04:06,11.14,0.02,114,126996,买盘
2304,11:04:03,11.12,--,31,34472,卖盘
2305,11:03:57,11.12,--,12,13343,卖盘
2306,11:03:54,11.12,--,175,194600,卖盘
2307,11:03:51,11.12,--,68,75616,卖盘
2308,11:03:48,11.12,--,7,7783,卖盘
2309,11:03:45,11.12,0.01,45,50040,买盘
2310,11:03:42,11.11,-0.01,14,15554,卖盘
2311,11:03:39,11.12,--,57,63383,买盘
2312,11:03:36,11.12,--,12,13343,买盘
2313,11:03:33,11.12,--,11,12232,买盘
2314,11:03:27,11.12,--,21,23352,卖盘
2315,11:03:24,11.12,-0.02,31,34472,卖盘
2316,11:03:21,11.14,--,2,2228,买盘
2317,11:03:18,11.14,0.02,1,1114,买盘
2318,11:03:15,11.12,-0.02,22,24464,卖盘
2319,11:03:12,11.14,0.02,3,3342,买盘
2320,11:03:09,11.12,--,24,26687,卖盘
2321,11:03:06,11.12,-0.02,38,42256,卖盘
2322,11:03:03,11.14,--,34,37876,买盘
2323,11:03:00,11.14,0.02,3,3342,买盘
2324,11:02:57,11.12,-0.02,107,118983,卖盘
2325,11:02:54,11.14,0.02,80,89120,买盘
2326,11:02:51,11.12,-0.01,18,20016,卖盘
2327,11:02:48,11.13,0.01,82,91266,买盘
2328,11:02:45,11.12,-0.01,17,18904,卖盘
2329,11:02:42,11.13,--,8,8904,买盘
2330,11:02:39,11.13,--,1,1113,买盘
2331,11:02:36,11.13,--,54,60102,买盘
2332,11:02:33,11.13,--,28,31164,买盘
2333,11:02:30,11.13,--,84,93492,买盘
2334,11:02:27,11.13,0.01,143,159159,买盘
2335,11:02:24,11.12,-0.01,33,36696,卖盘
2336,11:02:21,11.13,--,42,46746,买盘
2337,11:02:15,11.13,--,12,13356,买盘
2338,11:02:09,11.13,--,3,3339,买盘
2339,11:02:06,11.13,--,19,21147,买盘
2340,11:02:03,11.13,-0.01,1,1113,买盘
2341,11:02:00,11.14,--,5,5570,买盘
2342,11:01:57,11.14,0.02,28,31192,买盘
2343,11:01:54,11.12,-0.02,11,12232,卖盘
2344,11:01:51,11.14,0.01,36,40104,买盘
2345,11:01:48,11.13,0.01,9,10017,买盘
2346,11:01:45,11.12,-0.01,3,3335,卖盘
2347,11:01:42,11.13,--,3,3339,买盘
2348,11:01:39,11.13,--,4,4452,买盘
2349,11:01:36,11.13,--,2,2226,买盘
2350,11:01:33,11.13,-0.02,4,4452,卖盘
2351,11:01:30,11.15,0.03,83,92545,买盘
2352,11:01:27,11.12,--,1,1112,卖盘
2353,11:01:24,11.12,-0.01,49,54487,卖盘
2354,11:01:21,11.13,--,21,23373,卖盘
2355,11:01:18,11.13,0.01,13,14469,买盘
2356,11:01:15,11.12,-0.01,31,34472,卖盘
2357,11:01:12,11.13,--,60,66780,买盘
2358,11:01:06,11.13,--,13,14469,买盘
2359,11:01:03,11.13,--,133,148029,买盘
2360,11:01:00,11.13,--,33,36729,买盘
2361,11:00:57,11.13,0.01,2,2226,买盘
2362,11:00:54,11.12,-0.01,17,18904,卖盘
2363,11:00:51,11.13,0.01,40,44520,买盘
2364,11:00:48,11.12,--,5,5560,卖盘
2365,11:00:45,11.12,-0.01,4,4448,卖盘
2366,11:00:42,11.13,--,3,3339,买盘
2367,11:00:36,11.13,--,18,20034,买盘
2368,11:00:33,11.13,-0.01,6,6678,卖盘
2369,11:00:30,11.14,--,9,10026,买盘
2370,11:00:24,11.14,-0.01,56,62384,卖盘
2371,11:00:21,11.15,--,124,138260,买盘
2372,11:00:18,11.15,0.01,2,2230,买盘
2373,11:00:15,11.14,0.01,137,152618,买盘
2374,11:00:09,11.13,--,78,86814,买盘
2375,11:00:06,11.13,0.01,12,13356,买盘
2376,11:00:03,11.12,-0.02,32,35584,卖盘
2377,11:00:00,11.14,--,25,27850,买盘
2378,10:59:57,11.14,0.01,2,2228,买盘
2379,10:59:54,11.13,-0.01,29,32277,卖盘
2380,10:59:51,11.14,--,35,38990,买盘
2381,10:59:48,11.14,--,9,10026,买盘
2382,10:59:45,11.14,--,38,42332,买盘
2383,10:59:42,11.14,--,3,3342,买盘
2384,10:59:36,11.14,0.02,15,16710,买盘
2385,10:59:33,11.12,-0.02,129,143448,卖盘
2386,10:59:30,11.14,0.02,13,14482,买盘
2387,10:59:27,11.12,-0.02,24,26687,卖盘
2388,10:59:24,11.14,--,20,22280,买盘
2389,10:59:21,11.14,--,29,32306,买盘
2390,10:59:18,11.14,0.02,1,1114,买盘
2391,10:59:15,11.12,-0.02,37,41144,卖盘
2392,10:59:12,11.14,--,3,3342,买盘
2393,10:59:09,11.14,0.03,2,2228,买盘
2394,10:59:06,11.11,-0.01,107,118877,卖盘
2395,10:59:03,11.12,--,75,83400,买盘
2396,10:59:00,11.12,-0.02,2,2224,卖盘
2397,10:58:57,11.14,0.03,3,3342,买盘
2398,10:58:54,11.11,-0.03,60,66660,卖盘
2399,10:58:51,11.14,0.03,265,295210,买盘
2400,10:58:48,11.11,--,16,17776,卖盘
2401,10:58:45,11.11,--,19,21109,卖盘
2402,10:58:42,11.11,-0.01,1,1111,卖盘
2403,10:58:39,11.12,--,11,12232,买盘
2404,10:58:36,11.12,--,24,26687,卖盘
2405,10:58:33,11.12,-0.01,16,17792,卖盘
2406,10:58:30,11.13,--,4,4452,买盘
2407,10:58:27,11.13,--,9,10017,买盘
2408,10:58:24,11.13,--,24,26712,买盘
2409,10:58:21,11.13,--,22,24486,买盘
2410,10:58:18,11.13,--,2,2226,买盘
2411,10:58:15,11.13,--,42,46746,买盘
2412,10:58:12,11.13,0.01,19,21147,买盘
2413,10:58:09,11.12,--,2,2224,买盘
2414,10:58:06,11.12,0.01,141,156792,买盘
2415,10:58:03,11.11,--,14,15554,卖盘
2416,10:58:00,11.11,-0.01,25,27775,卖盘
2417,10:57:57,11.12,0.01,2,2224,买盘
2418,10:57:54,11.11,-0.01,15,16665,卖盘
2419,10:57:51,11.12,--,48,53375,买盘
2420,10:57:45,11.12,--,25,27799,买盘
2421,10:57:42,11.12,--,2,2224,买盘
2422,10:57:36,11.12,--,24,26687,卖盘
2423,10:57:33,11.12,-0.02,85,94520,卖盘
2424,10:57:30,11.14,--,2,2228,买盘
2425,10:57:27,11.14,0.02,15,16710,买盘
2426,10:57:24,11.12,-0.02,19,21128,卖盘
2427,10:57:21,11.14,0.02,31,34534,买盘
2428,10:57:18,11.12,--,1,1112,卖盘
2429,10:57:15,11.12,-0.02,33,36696,卖盘
2430,10:57:12,11.14,0.03,3,3342,买盘
2431,10:57:09,11.11,-0.03,116,128876,卖盘
2432,10:57:06,11.14,0.03,27,30078,买盘
2433,10:57:03,11.11,-0.02,16,17776,卖盘
2434,10:57:00,11.13,--,25,27825,买盘
2435,10:56:57,11.13,0.02,3,3339,买盘
2436,10:56:54,11.11,-0.02,52,57772,卖盘
2437,10:56:51,11.13,--,38,42294,买盘
2438,10:56:48,11.13,--,2,2226,买盘
2439,10:56:45,11.13,0.01,223,248199,买盘
2440,10:56:39,11.12,-0.01,110,122319,卖盘
2441,10:56:36,11.13,--,920,1023960,买盘
2442,10:56:33,11.13,--,20,22260,买盘
2443,10:56:27,11.13,0.01,3,3339,买盘
2444,10:56:24,11.12,-0.01,50,55599,卖盘
2445,10:56:21,11.13,--,29,32277,卖盘
2446,10:56:18,11.13,-0.01,21,23373,卖盘
2447,10:56:15,11.14,0.01,105,116970,买盘
2448,10:56:12,11.13,--,113,125769,买盘
2449,10:56:09,11.13,--,94,104622,买盘
2450,10:56:06,11.13,0.01,2,2226,买盘
2451,10:56:03,11.12,--,34,37808,卖盘
2452,10:56:00,11.12,-0.01,28,31135,卖盘
2453,10:55:57,11.13,--,21,23373,买盘
2454,10:55:54,11.13,--,54,60102,买盘
2455,10:55:51,11.13,--,24,26712,买盘
2456,10:55:48,11.13,--,4,4652,卖盘
2457,10:55:45,11.13,--,20,22260,卖盘
2458,10:55:42,11.13,-0.01,107,119091,卖盘
2459,10:55:39,11.14,0.01,9,10026,买盘
2460,10:55:33,11.13,-0.01,33,36729,卖盘
2461,10:55:27,11.14,0.01,9,10026,买盘
2462,10:55:24,11.13,-0.01,140,155820,卖盘
2463,10:55:21,11.14,--,35,38990,买盘
2464,10:55:18,11.14,0.01,3,3342,买盘
2465,10:55:15,11.13,--,8,8904,卖盘
2466,10:55:12,11.13,-0.01,133,148029,卖盘
2467,10:55:09,11.14,--,3,3342,买盘
2468,10:55:06,11.14,0.01,7,7798,买盘
2469,10:55:03,11.13,--,32,35616,卖盘
2470,10:55:00,11.13,-0.01,25,27825,卖盘
2471,10:54:57,11.14,--,84,93576,买盘
2472,10:54:54,11.14,0.01,35,38990,买盘
2473,10:54:51,11.13,--,40,44520,卖盘
2474,10:54:48,11.13,--,5,5565,卖盘
2475,10:54:45,11.13,--,10,11130,卖盘
2476,10:54:42,11.13,-0.01,106,117978,卖盘
2477,10:54:39,11.14,--,2,2228,买盘
2478,10:54:36,11.14,0.01,3,3342,买盘
2479,10:54:33,11.13,-0.01,31,34503,卖盘
2480,10:54:30,11.14,0.01,13,14482,买盘
2481,10:54:27,11.13,--,5,5565,卖盘
2482,10:54:24,11.13,-0.02,64,71232,卖盘
2483,10:54:18,11.15,--,143,159445,买盘
2484,10:54:15,11.15,--,134,149410,买盘
2485,10:54:12,11.15,0.01,33,36795,买盘
2486,10:54:09,11.14,-0.01,75,83550,卖盘
2487,10:54:06,11.15,0.01,2,2230,买盘
2488,10:54:03,11.14,-0.01,43,47902,卖盘
2489,10:54:00,11.15,--,32,35680,买盘
2490,10:53:57,11.15,0.01,2,2230,买盘
2491,10:53:54,11.14,-0.01,68,75752,卖盘
2492,10:53:51,11.15,0.01,12,13380,买盘
2493,10:53:48,11.14,--,46,51244,卖盘
2494,10:53:45,11.14,-0.02,280,311920,卖盘
2495,10:53:42,11.16,0.02,2,2232,买盘
2496,10:53:39,11.14,-0.01,805,897683,卖盘
2497,10:53:36,11.15,0.01,7,7805,买盘
2498,10:53:33,11.14,-0.01,50,55700,卖盘
2499,10:53:30,11.15,--,4,4460,买盘
2500,10:53:27,11.15,0.02,5,5575,买盘
2501,10:53:24,11.13,-0.01,156,173628,卖盘
2502,10:53:21,11.14,-0.01,16,17824,卖盘
2503,10:53:18,11.15,--,18,20070,买盘
2504,10:53:15,11.15,0.01,154,171710,买盘
2505,10:53:12,11.14,-0.01,510,568140,卖盘
2506,10:53:09,11.15,--,2,2230,买盘
2507,10:53:06,11.15,--,9,10035,买盘
2508,10:53:03,11.15,0.01,63,70245,买盘
2509,10:53:00,11.14,-0.01,54,60156,卖盘
2510,10:52:57,11.15,--,19,21185,买盘
2511,10:52:54,11.15,0.01,80,89200,买盘
2512,10:52:51,11.14,--,2,2228,卖盘
2513,10:52:48,11.14,-0.01,179,199406,卖盘
2514,10:52:45,11.15,--,102,113730,买盘
2515,10:52:42,11.15,0.01,2,2230,买盘
2516,10:52:39,11.14,0.01,4,4456,中性盘
2517,10:52:33,11.13,-0.02,19,21147,卖盘
2518,10:52:27,11.15,--,6,6690,买盘
2519,10:52:24,11.15,--,77,85855,买盘
2520,10:52:21,11.15,0.01,93,103695,买盘
2521,10:52:18,11.14,--,148,164872,买盘
2522,10:52:15,11.14,--,19,21166,买盘
2523,10:52:12,11.14,0.01,2,2228,买盘
2524,10:52:09,11.13,--,24,26712,卖盘
2525,10:52:03,11.13,-0.01,26,28938,卖盘
2526,10:52:00,11.14,--,27,30078,买盘
2527,10:51:57,11.14,--,5,5570,买盘
2528,10:51:54,11.14,--,25,27850,买盘
2529,10:51:51,11.14,--,13,14482,卖盘
2530,10:51:48,11.14,--,43,47902,卖盘
2531,10:51:45,11.14,-0.01,8,8912,卖盘
2532,10:51:42,11.15,--,3,3345,买盘
2533,10:51:39,11.15,0.01,8,8920,买盘
2534,10:51:36,11.14,0.01,13,14482,卖盘
2535,10:51:33,11.13,-0.02,16,17808,卖盘
2536,10:51:30,11.15,0.02,2,2230,买盘
2537,10:51:27,11.13,--,19,21147,卖盘
2538,10:51:24,11.13,--,61,67893,卖盘
2539,10:51:18,11.13,-0.02,190,211470,卖盘
2540,10:51:15,11.15,--,38,42370,买盘
2541,10:51:06,11.15,--,46,51290,买盘
2542,10:51:03,11.15,0.01,129,143835,买盘
2543,10:51:00,11.14,-0.01,32,35648,卖盘
2544,10:50:57,11.15,0.01,3,3345,买盘
2545,10:50:54,11.14,-0.01,32,35648,卖盘
2546,10:50:51,11.15,--,109,121535,买盘
2547,10:50:48,11.15,--,38,42370,买盘
2548,10:50:45,11.15,--,12,13380,买盘
2549,10:50:42,11.15,--,2,2230,买盘
2550,10:50:36,11.15,0.02,14,15610,买盘
2551,10:50:33,11.13,-0.01,33,36729,卖盘
2552,10:50:30,11.14,--,3,3342,买盘
2553,10:50:27,11.14,-0.01,7,7798,买盘
2554,10:50:24,11.15,--,135,150525,买盘
2555,10:50:21,11.15,--,28,31220,买盘
2556,10:50:18,11.15,0.02,17,18955,买盘
2557,10:50:15,11.13,-0.02,8,8904,卖盘
2558,10:50:12,11.15,--,2,2230,买盘
2559,10:50:09,11.15,0.01,14,16702,买盘
2560,10:50:06,11.14,--,5,5570,卖盘
2561,10:50:03,11.14,--,19,21166,卖盘
2562,10:50:00,11.14,-0.01,23,25622,卖盘
2563,10:49:57,11.15,--,2,2230,买盘
2564,10:49:54,11.15,--,33,36795,买盘
2565,10:49:51,11.15,0.01,11,12265,买盘
2566,10:49:48,11.14,-0.01,48,53472,卖盘
2567,10:49:45,11.15,--,106,118190,买盘
2568,10:49:42,11.15,--,5,5575,买盘
2569,10:49:39,11.15,--,62,69130,买盘
2570,10:49:36,11.15,0.01,3,3345,买盘
2571,10:49:33,11.14,-0.01,20,22280,卖盘
2572,10:49:30,11.15,--,2,2230,买盘
2573,10:49:24,11.15,--,71,79165,买盘
2574,10:49:21,11.15,--,25,27875,买盘
2575,10:49:18,11.15,--,99,110385,买盘
2576,10:49:15,11.15,0.01,33,36795,买盘
2577,10:49:12,11.14,-0.01,2,2228,卖盘
2578,10:49:09,11.15,--,7,7805,买盘
2579,10:49:06,11.15,0.01,2,2230,买盘
2580,10:49:03,11.14,--,152,169328,卖盘
2581,10:49:00,11.14,-0.01,23,25622,卖盘
2582,10:48:57,11.15,--,3,3345,买盘
2583,10:48:54,11.15,--,612,682380,买盘
2584,10:48:51,11.15,--,43,47945,买盘
2585,10:48:48,11.15,--,199,221885,买盘
2586,10:48:45,11.15,--,93,103695,买盘
2587,10:48:42,11.15,--,180,200700,买盘
2588,10:48:36,11.15,0.01,58,64670,买盘
2589,10:48:33,11.14,--,389,433346,卖盘
2590,10:48:30,11.14,-0.01,13,14482,卖盘
2591,10:48:27,11.15,--,5,5575,买盘
2592,10:48:24,11.15,--,65,72475,买盘
2593,10:48:21,11.15,--,3,3345,买盘
2594,10:48:18,11.15,--,108,120420,买盘
2595,10:48:15,11.15,--,10,11150,买盘
2596,10:48:12,11.15,0.01,5,5575,买盘
2597,10:48:03,11.14,-0.01,46,51244,卖盘
2598,10:48:00,11.15,--,163,181968,卖盘
2599,10:47:57,11.15,--,36,40140,卖盘
2600,10:47:54,11.15,--,18,20070,卖盘
2601,10:47:51,11.15,--,12,13380,卖盘
2602,10:47:48,11.15,--,86,95890,卖盘
2603,10:47:45,11.15,-0.01,7,7805,卖盘
2604,10:47:39,11.16,0.01,9,10044,买盘
2605,10:47:33,11.15,-0.01,27,30105,卖盘
2606,10:47:30,11.16,--,6,6696,买盘
2607,10:47:27,11.16,0.01,30,33480,买盘
2608,10:47:24,11.15,--,82,91430,卖盘
2609,10:47:21,11.15,-0.01,14,15610,卖盘
2610,10:47:18,11.16,0.01,27,30132,买盘
2611,10:47:15,11.15,0.01,382,426822,买盘
2612,10:47:09,11.14,-0.01,12,13368,卖盘
2613,10:47:06,11.15,0.01,3,3345,买盘
2614,10:47:03,11.14,-0.01,24,26736,卖盘
2615,10:47:00,11.15,0.01,9,10035,买盘
2616,10:46:57,11.14,-0.01,22,24530,卖盘
2617,10:46:54,11.15,--,13,14495,买盘
2618,10:46:51,11.15,0.01,80,89200,买盘
2619,10:46:48,11.14,-0.01,18,20052,卖盘
2620,10:46:45,11.15,--,33,36795,买盘
2621,10:46:42,11.15,--,2,2230,买盘
2622,10:46:36,11.15,0.01,9,10035,买盘
2623,10:46:33,11.14,-0.01,28,31192,卖盘
2624,10:46:30,11.15,--,1,1115,买盘
2625,10:46:27,11.15,0.01,26,28990,买盘
2626,10:46:24,11.14,-0.01,11,12254,卖盘
2627,10:46:21,11.15,--,89,99235,买盘
2628,10:46:18,11.15,--,21,23415,买盘
2629,10:46:15,11.15,0.01,20,22300,买盘
2630,10:46:12,11.14,-0.01,15,16710,卖盘
2631,10:46:09,11.15,0.01,50,55750,买盘
2632,10:46:03,11.14,-0.01,13,14482,卖盘
2633,10:46:00,11.15,0.01,7,7805,买盘
2634,10:45:57,11.14,-0.01,23,25622,卖盘
2635,10:45:54,11.15,--,34,37910,买盘
2636,10:45:51,11.15,--,3,3345,买盘
2637,10:45:48,11.15,--,57,63555,买盘
2638,10:45:45,11.15,0.01,1,1115,买盘
2639,10:45:42,11.14,-0.01,11,12254,卖盘
2640,10:45:39,11.15,0.01,2,2230,买盘
2641,10:45:36,11.14,0.01,24,26736,买盘
2642,10:45:33,11.13,-0.02,28,31164,卖盘
2643,10:45:30,11.15,--,26,28990,买盘
2644,10:45:27,11.15,0.02,3,3345,买盘
2645,10:45:24,11.13,--,97,107961,卖盘
2646,10:45:21,11.13,--,14,15582,卖盘
2647,10:45:18,11.13,-0.02,23,25599,卖盘
2648,10:45:15,11.15,0.02,49,54635,买盘
2649,10:45:12,11.13,--,15,16695,卖盘
2650,10:45:09,11.13,-0.02,20,22260,卖盘
2651,10:45:06,11.15,--,2,2230,买盘
2652,10:45:03,11.15,--,11,12265,买盘
2653,10:45:00,11.15,--,3,3345,买盘
2654,10:44:57,11.15,--,28,31220,买盘
2655,10:44:54,11.15,0.02,14,15610,买盘
2656,10:44:48,11.13,-0.02,36,40068,卖盘
2657,10:44:45,11.15,0.02,8,8920,买盘
2658,10:44:42,11.13,-0.02,14,15582,卖盘
2659,10:44:36,11.15,0.01,16,17840,买盘
2660,10:44:33,11.14,-0.01,38,42332,卖盘
2661,10:44:30,11.15,--,5,5575,买盘
2662,10:44:24,11.15,--,18,20070,买盘
2663,10:44:21,11.15,--,25,27875,买盘
2664,10:44:15,11.15,0.01,28,31220,买盘
2665,10:44:12,11.14,-0.01,28,31192,卖盘
2666,10:44:09,11.15,--,3,3345,买盘
2667,10:44:06,11.15,0.01,86,95890,买盘
2668,10:44:03,11.14,-0.01,11,12254,卖盘
2669,10:44:00,11.15,--,15,16725,买盘
2670,10:43:57,11.15,0.01,25,27875,买盘
2671,10:43:54,11.14,--,29,32306,卖盘
2672,10:43:48,11.14,--,36,40104,卖盘
2673,10:43:45,11.14,--,58,64612,卖盘
2674,10:43:42,11.14,-0.01,26,28964,卖盘
2675,10:43:36,11.15,--,24,26760,买盘
2676,10:43:33,11.15,0.01,72,80280,买盘
2677,10:43:30,11.14,0.01,4,4456,买盘
2678,10:43:27,11.13,-0.01,51,56763,卖盘
2679,10:43:24,11.14,--,19,21166,卖盘
2680,10:43:21,11.14,-0.01,1,1114,卖盘
2681,10:43:15,11.15,0.01,31,34565,买盘
2682,10:43:12,11.14,-0.01,15,16710,卖盘
2683,10:43:03,11.15,--,51,56865,买盘
2684,10:43:00,11.15,0.01,1,1115,买盘
2685,10:42:57,11.14,0.01,47,52358,卖盘
2686,10:42:54,11.13,-0.02,109,121317,卖盘
2687,10:42:51,11.15,--,80,89200,买盘
2688,10:42:48,11.15,0.01,6,6690,买盘
2689,10:42:45,11.14,--,28,31192,卖盘
2690,10:42:42,11.14,-0.01,12,13368,中性盘
2691,10:42:36,11.15,0.02,26,28990,买盘
2692,10:42:33,11.13,-0.01,26,28938,卖盘
2693,10:42:30,11.14,--,14,15596,买盘
2694,10:42:24,11.14,--,55,61270,买盘
2695,10:42:18,11.14,--,2,2228,买盘
2696,10:42:15,11.14,0.01,154,171556,买盘
2697,10:42:12,11.13,-0.01,10,11130,卖盘
2698,10:42:09,11.14,--,2,2228,买盘
2699,10:42:06,11.14,0.01,3,3342,买盘
2700,10:42:03,11.13,-0.01,43,47859,卖盘
2701,10:42:00,11.14,0.01,2,2228,买盘
2702,10:41:57,11.13,--,48,53424,卖盘
2703,10:41:54,11.13,-0.01,57,63441,卖盘
2704,10:41:51,11.14,--,68,75752,卖盘
2705,10:41:48,11.14,--,184,204976,卖盘
2706,10:41:45,11.14,--,39,43446,卖盘
2707,10:41:42,11.14,-0.01,64,71296,卖盘
2708,10:41:39,11.15,0.01,25,27875,买盘
2709,10:41:36,11.14,--,101,112514,买盘
2710,10:41:33,11.14,--,30,33420,买盘
2711,10:41:24,11.14,-0.01,50,55700,卖盘
2712,10:41:21,11.15,--,54,60210,买盘
2713,10:41:18,11.15,--,128,142720,买盘
2714,10:41:15,11.15,0.01,19,21185,买盘
2715,10:41:12,11.14,--,15,16710,卖盘
2716,10:41:03,11.14,--,22,24508,卖盘
2717,10:41:00,11.14,--,4,4456,买盘
2718,10:40:57,11.14,--,19,21166,卖盘
2719,10:40:54,11.14,-0.01,23,25622,卖盘
2720,10:40:51,11.15,0.01,12,13380,买盘
2721,10:40:48,11.14,--,30,33420,买盘
2722,10:40:45,11.14,-0.01,67,74638,卖盘
2723,10:40:42,11.15,--,17,18955,买盘
2724,10:40:39,11.15,0.01,33,36795,买盘
2725,10:40:36,11.14,0.02,10,11140,买盘
2726,10:40:33,11.12,-0.02,33,36696,卖盘
2727,10:40:30,11.14,--,3,3342,买盘
2728,10:40:27,11.14,--,5,5570,买盘
2729,10:40:24,11.14,-0.01,63,70182,中性盘
2730,10:40:21,11.15,--,97,108155,买盘
2731,10:40:18,11.15,--,130,144950,买盘
2732,10:40:15,11.15,0.02,23,25645,买盘
2733,10:40:12,11.13,-0.01,76,84588,卖盘
2734,10:40:09,11.14,0.02,27,30078,买盘
2735,10:40:06,11.12,-0.02,225,250199,卖盘
2736,10:40:03,11.14,0.01,60,66840,买盘
2737,10:40:00,11.13,--,68,75684,买盘
2738,10:39:57,11.13,--,26,28938,买盘
2739,10:39:51,11.13,-0.01,8,8904,卖盘
2740,10:39:48,11.14,--,12,13368,买盘
2741,10:39:45,11.14,--,31,34534,买盘
2742,10:39:42,11.14,0.01,26,28964,买盘
2743,10:39:39,11.13,--,43,47859,买盘
2744,10:39:36,11.13,--,3,3339,买盘
2745,10:39:24,11.13,--,132,146916,买盘
2746,10:39:21,11.13,0.01,29,32277,买盘
2747,10:39:18,11.12,-0.01,86,95632,卖盘
2748,10:39:15,11.13,--,27,30051,买盘
2749,10:39:12,11.13,--,2,2226,买盘
2750,10:39:06,11.13,0.01,3,3339,买盘
2751,10:39:03,11.12,--,133,147896,买盘
2752,10:39:00,11.12,--,3,3335,买盘
2753,10:38:57,11.12,-0.01,16,17792,卖盘
2754,10:38:48,11.13,--,2,2226,买盘
2755,10:38:45,11.13,--,36,40068,买盘
2756,10:38:42,11.13,--,23,25599,买盘
2757,10:38:39,11.13,--,3,3339,买盘
2758,10:38:36,11.13,0.01,16,17808,买盘
2759,10:38:30,11.12,-0.02,349,388088,卖盘
2760,10:38:27,11.14,0.01,4,4456,买盘
2761,10:38:24,11.13,--,80,89040,卖盘
2762,10:38:21,11.13,-0.02,156,173628,卖盘
2763,10:38:18,11.15,--,3,3345,买盘
2764,10:38:15,11.15,--,5,5575,买盘
2765,10:38:12,11.15,--,44,49060,买盘
2766,10:38:06,11.15,0.02,3,3345,买盘
2767,10:38:03,11.13,--,129,143577,卖盘
2768,10:37:57,11.13,-0.02,23,25599,卖盘
2769,10:37:54,11.15,--,11,12265,买盘
2770,10:37:51,11.15,--,9,10035,卖盘
2771,10:37:48,11.15,-0.01,68,75820,卖盘
2772,10:37:45,11.16,--,109,121644,买盘
2773,10:37:42,11.16,0.01,27,30132,买盘
2774,10:37:36,11.15,--,756,842940,买盘
2775,10:37:33,11.15,--,7,7805,买盘
2776,10:37:30,11.15,0.01,4,4460,买盘
2777,10:37:27,11.14,--,23,25622,中性盘
2778,10:37:24,11.14,-0.01,100,111400,中性盘
2779,10:37:21,11.15,--,105,117075,买盘
2780,10:37:15,11.15,--,20,22300,买盘
2781,10:37:12,11.15,0.01,54,60210,买盘
2782,10:37:09,11.14,-0.01,107,119198,卖盘
2783,10:37:06,11.15,--,16,17840,买盘
2784,10:37:00,11.15,0.01,3,3345,买盘
2785,10:36:57,11.14,--,23,25622,卖盘
2786,10:36:51,11.14,--,2,2228,卖盘
2787,10:36:48,11.14,--,57,63498,卖盘
2788,10:36:45,11.14,--,69,76866,买盘
2789,10:36:42,11.14,-0.01,59,65726,卖盘
2790,10:36:39,11.15,--,15,16725,买盘
2791,10:36:36,11.15,0.01,42,46830,买盘
2792,10:36:33,11.14,0.01,1,1114,买盘
2793,10:36:30,11.13,-0.01,44,48972,卖盘
2794,10:36:27,11.14,--,2,2228,买盘
2795,10:36:24,11.14,0.01,92,102488,买盘
2796,10:36:21,11.13,--,6,6678,买盘
2797,10:36:18,11.13,--,10,11130,买盘
2798,10:36:15,11.13,-0.01,98,109074,卖盘
2799,10:36:06,11.14,--,123,137022,卖盘
2800,10:36:03,11.14,-0.01,15,16710,卖盘
2801,10:36:00,11.15,0.01,91,101465,买盘
2802,10:35:57,11.14,-0.01,23,25622,卖盘
2803,10:35:51,11.15,--,26,28990,买盘
2804,10:35:48,11.15,0.01,1,1115,买盘
2805,10:35:45,11.14,-0.01,7,7798,卖盘
2806,10:35:42,11.15,0.01,27,30105,买盘
2807,10:35:36,11.14,--,62,69068,买盘
2808,10:35:30,11.14,--,34,37876,买盘
2809,10:35:27,11.14,--,72,80208,买盘
2810,10:35:21,11.14,-0.01,6,6684,卖盘
2811,10:35:18,11.15,--,14,15610,买盘
2812,10:35:12,11.15,--,29,32335,买盘
2813,10:35:06,11.15,--,179,199585,买盘
2814,10:35:03,11.15,0.03,1,1115,买盘
2815,10:35:00,11.12,--,17,18904,买盘
2816,10:34:57,11.12,--,55,61159,买盘
2817,10:34:54,11.12,-0.03,33,36696,卖盘
2818,10:34:51,11.15,--,26,28990,买盘
2819,10:34:48,11.15,--,9,10035,买盘
2820,10:34:42,11.15,0.01,1320,1471800,买盘
2821,10:34:39,11.14,--,14,15596,买盘
