,time,price,change,volume,amount,type
0,15:00:03,7.38,--,5684,4194792,卖盘
1,14:57:00,7.38,-0.01,119,87822,卖盘
2,14:56:57,7.39,--,41,30299,买盘
3,14:56:54,7.39,--,75,55425,买盘
4,14:56:51,7.39,0.01,53,39167,买盘
5,14:56:48,7.38,-0.01,172,126936,卖盘
6,14:56:45,7.39,--,29,21431,买盘
7,14:56:42,7.39,--,47,34733,买盘
8,14:56:39,7.39,--,11,8129,买盘
9,14:56:36,7.39,0.01,83,61337,买盘
10,14:56:33,7.38,-0.01,46,34280,卖盘
11,14:56:30,7.39,0.01,178,131542,买盘
12,14:56:27,7.38,-0.01,1365,1007370,卖盘
13,14:56:24,7.39,--,70,51730,买盘
14,14:56:21,7.39,--,427,315553,买盘
15,14:56:18,7.39,--,17,12563,买盘
16,14:56:15,7.39,--,277,204703,买盘
17,14:56:12,7.39,--,133,98287,买盘
18,14:56:09,7.39,--,74,54686,买盘
19,14:56:06,7.39,0.01,27,19953,买盘
20,14:56:03,7.38,--,145,107010,卖盘
21,14:56:00,7.38,--,56,41328,卖盘
22,14:55:57,7.38,-0.01,87,64206,卖盘
23,14:55:54,7.39,0.01,266,196574,买盘
24,14:55:51,7.38,-0.01,166,122508,卖盘
25,14:55:48,7.39,0.01,6,4434,买盘
26,14:55:45,7.38,-0.01,117,86346,卖盘
27,14:55:42,7.39,--,117,86463,买盘
28,14:55:39,7.39,0.01,168,124152,买盘
29,14:55:36,7.38,-0.01,30,22140,卖盘
30,14:55:33,7.39,--,26,19214,买盘
31,14:55:30,7.39,--,160,118240,买盘
32,14:55:27,7.39,--,234,172926,买盘
33,14:55:24,7.39,--,8,5912,买盘
34,14:55:18,7.39,--,129,95331,买盘
35,14:55:15,7.39,--,252,186228,买盘
36,14:55:12,7.39,--,20,14780,买盘
37,14:55:09,7.39,--,196,144844,买盘
38,14:55:06,7.39,0.01,12,8868,买盘
39,14:55:03,7.38,-0.01,131,96678,卖盘
40,14:55:00,7.39,0.01,27,19953,买盘
41,14:54:57,7.38,-0.01,501,369738,卖盘
42,14:54:54,7.39,--,10,7390,买盘
43,14:54:51,7.39,--,12,8868,买盘
44,14:54:48,7.39,--,43,31777,买盘
45,14:54:45,7.39,--,83,61337,买盘
46,14:54:42,7.39,--,5,3695,买盘
47,14:54:39,7.39,--,30,22170,买盘
48,14:54:36,7.39,--,125,92375,买盘
49,14:54:33,7.39,--,74,54686,买盘
50,14:54:30,7.39,--,35,25865,买盘
51,14:54:27,7.39,--,277,204703,买盘
52,14:54:24,7.39,--,124,91636,买盘
53,14:54:21,7.39,--,204,150756,买盘
54,14:54:18,7.39,--,130,96070,买盘
55,14:54:15,7.39,--,25,18475,买盘
56,14:54:12,7.39,--,10,7390,买盘
57,14:54:09,7.39,--,5,3695,买盘
58,14:54:03,7.39,0.01,102,75378,买盘
59,14:54:00,7.38,-0.01,80,59040,卖盘
60,14:53:57,7.39,--,8,5912,买盘
61,14:53:54,7.39,--,241,178099,买盘
62,14:53:51,7.39,0.01,25,18475,买盘
63,14:53:48,7.38,--,101,74538,卖盘
64,14:53:45,7.38,-0.01,13,9594,卖盘
65,14:53:42,7.39,--,18,13302,买盘
66,14:53:39,7.39,--,208,153712,买盘
67,14:53:36,7.39,0.01,5,3695,买盘
68,14:53:33,7.38,-0.01,11,8118,卖盘
69,14:53:30,7.39,--,92,67988,买盘
70,14:53:27,7.39,0.01,20,14780,买盘
71,14:53:24,7.38,-0.01,12,8856,卖盘
72,14:53:21,7.39,0.01,13,9607,买盘
73,14:53:18,7.38,--,250,184500,卖盘
74,14:53:15,7.38,-0.01,23,16974,卖盘
75,14:53:12,7.39,--,31,22909,买盘
76,14:53:09,7.39,--,179,132281,买盘
77,14:53:06,7.39,--,19,14041,买盘
78,14:53:03,7.39,--,890,657710,买盘
79,14:53:00,7.39,--,15,11085,买盘
80,14:52:57,7.39,0.01,272,201008,买盘
81,14:52:54,7.38,-0.01,9,6642,卖盘
82,14:52:51,7.39,0.01,3,2217,买盘
83,14:52:48,7.38,--,24,17712,卖盘
84,14:52:45,7.38,-0.01,1,738,卖盘
85,14:52:42,7.39,0.01,10,7390,买盘
86,14:52:39,7.38,--,205,151290,卖盘
87,14:52:36,7.38,-0.01,134,98892,卖盘
88,14:52:33,7.39,--,5,3695,买盘
89,14:52:30,7.39,--,1,739,买盘
90,14:52:27,7.39,--,126,93114,买盘
91,14:52:24,7.39,--,62,45818,买盘
92,14:52:21,7.39,0.01,7,5173,买盘
93,14:52:18,7.38,-0.01,17,12546,卖盘
94,14:52:12,7.39,--,120,88680,买盘
95,14:52:09,7.39,0.01,22,16258,买盘
96,14:52:03,7.38,-0.01,20,14760,卖盘
97,14:52:00,7.39,0.01,210,155190,买盘
98,14:51:57,7.38,-0.01,30,22140,卖盘
99,14:51:54,7.39,--,3,2217,买盘
100,14:51:51,7.39,--,56,41384,买盘
101,14:51:48,7.39,--,76,56164,买盘
102,14:51:45,7.39,--,9,6651,买盘
103,14:51:42,7.39,--,334,246826,买盘
104,14:51:39,7.39,--,4,2956,买盘
105,14:51:36,7.39,--,77,56903,买盘
106,14:51:33,7.39,--,10,7390,买盘
107,14:51:30,7.39,--,26,19214,买盘
108,14:51:27,7.39,--,206,152234,买盘
109,14:51:24,7.39,0.01,22,16258,买盘
110,14:51:21,7.38,-0.01,143,105534,卖盘
111,14:51:18,7.39,0.01,5,3695,买盘
112,14:51:15,7.38,--,192,141696,卖盘
113,14:51:12,7.38,-0.01,209,154242,卖盘
114,14:51:09,7.39,--,209,154451,买盘
115,14:51:06,7.39,--,9,6651,买盘
116,14:51:03,7.39,--,54,39906,买盘
117,14:51:00,7.39,--,67,49513,买盘
118,14:50:54,7.39,0.01,60,44340,买盘
119,14:50:51,7.38,-0.01,16,11808,卖盘
120,14:50:48,7.39,0.01,28,20692,买盘
121,14:50:45,7.38,--,345,254610,买盘
122,14:50:42,7.38,--,9,6642,买盘
123,14:50:39,7.38,0.01,4,2952,买盘
124,14:50:33,7.37,-0.01,36,26532,卖盘
125,14:50:30,7.38,--,14,10332,买盘
126,14:50:27,7.38,--,147,108486,买盘
127,14:50:24,7.38,--,105,77490,买盘
128,14:50:21,7.38,--,68,50184,买盘
129,14:50:18,7.38,--,492,363096,卖盘
130,14:50:15,7.38,-0.01,21,15498,卖盘
131,14:50:12,7.39,--,350,258650,买盘
132,14:50:09,7.39,--,31,22909,买盘
133,14:50:06,7.39,0.01,64,47296,买盘
134,14:50:03,7.38,--,1494,1102572,卖盘
135,14:49:57,7.38,-0.01,100,73800,卖盘
136,14:49:54,7.39,--,35,25865,买盘
137,14:49:51,7.39,0.01,1,739,买盘
138,14:49:48,7.38,--,19,14022,卖盘
139,14:49:45,7.38,-0.01,219,161622,卖盘
140,14:49:42,7.39,0.01,30,22170,买盘
141,14:49:39,7.38,-0.01,999,737262,卖盘
142,14:49:36,7.39,--,3,2217,买盘
143,14:49:33,7.39,0.01,79,58381,买盘
144,14:49:30,7.38,-0.01,36,26568,卖盘
145,14:49:27,7.39,--,3,2217,买盘
146,14:49:24,7.39,0.01,29,21431,买盘
147,14:49:21,7.38,--,1102,813276,卖盘
148,14:49:18,7.38,--,137,101106,卖盘
149,14:49:15,7.38,-0.01,20,14760,卖盘
150,14:49:12,7.39,--,114,84246,买盘
151,14:49:09,7.39,--,11,8129,买盘
152,14:49:06,7.39,0.01,88,65032,买盘
153,14:49:03,7.38,-0.01,35,25830,卖盘
154,14:49:00,7.39,--,89,65771,买盘
155,14:48:54,7.39,--,80,59120,买盘
156,14:48:51,7.39,--,8,5912,买盘
157,14:48:48,7.39,--,331,244609,买盘
158,14:48:45,7.39,--,326,240914,买盘
159,14:48:42,7.39,--,7,5173,买盘
160,14:48:39,7.39,--,12,8868,买盘
161,14:48:36,7.39,--,4,2956,买盘
162,14:48:33,7.39,--,5,3695,买盘
163,14:48:27,7.39,--,4,2956,买盘
164,14:48:24,7.39,--,5,3695,买盘
165,14:48:21,7.39,--,126,93114,买盘
166,14:48:18,7.39,--,29,21431,买盘
167,14:48:15,7.39,0.01,12,8868,买盘
168,14:48:12,7.38,--,325,239850,卖盘
169,14:48:09,7.38,-0.01,54,39852,卖盘
170,14:48:06,7.39,0.02,14,10346,买盘
171,14:48:03,7.37,-0.02,41,30217,卖盘
172,14:48:00,7.39,0.01,155,114545,买盘
173,14:47:57,7.38,--,5003,3692214,买盘
174,14:47:54,7.38,--,130,95940,买盘
175,14:47:51,7.38,--,165,121770,买盘
176,14:47:48,7.38,0.01,126,92988,买盘
177,14:47:45,7.37,-0.01,355,261635,卖盘
178,14:47:42,7.38,--,83,61254,买盘
179,14:47:39,7.38,--,16,11808,买盘
180,14:47:36,7.38,--,22,16236,买盘
181,14:47:33,7.38,0.01,11,8118,买盘
182,14:47:30,7.37,-0.01,190,140030,卖盘
183,14:47:27,7.38,--,12,8856,买盘
184,14:47:24,7.38,--,182,134316,买盘
185,14:47:21,7.38,0.01,1104,815121,买盘
186,14:47:18,7.37,--,263,193831,买盘
187,14:47:15,7.37,--,158,116446,买盘
188,14:47:12,7.37,0.01,100,73700,买盘
189,14:47:09,7.36,-0.01,123,90528,卖盘
190,14:47:06,7.37,--,65,47905,买盘
191,14:47:03,7.37,--,396,291852,买盘
192,14:47:00,7.37,--,57,42009,买盘
193,14:46:54,7.37,--,50,36850,买盘
194,14:46:51,7.37,--,1,737,买盘
195,14:46:48,7.37,--,160,117920,买盘
196,14:46:45,7.37,--,100,73700,买盘
197,14:46:42,7.37,--,102,75174,买盘
198,14:46:39,7.37,--,37,27269,买盘
199,14:46:36,7.37,0.01,49,36113,买盘
200,14:46:33,7.36,-0.01,32,23552,卖盘
201,14:46:30,7.37,--,36,26532,买盘
202,14:46:27,7.37,--,90,66330,买盘
203,14:46:24,7.37,--,44,32428,买盘
204,14:46:21,7.37,--,176,129712,买盘
205,14:46:18,7.37,0.01,8,5896,买盘
206,14:46:15,7.36,-0.01,4,2944,卖盘
207,14:46:12,7.37,--,57,42009,买盘
208,14:46:09,7.37,--,60,44220,买盘
209,14:46:06,7.37,0.01,15,11055,买盘
210,14:46:00,7.36,-0.01,20,14720,卖盘
211,14:45:51,7.37,--,30,22110,买盘
212,14:45:48,7.37,0.01,4,2948,买盘
213,14:45:45,7.36,-0.01,69,50784,卖盘
214,14:45:42,7.37,--,88,64856,买盘
215,14:45:39,7.37,--,3035,2236795,买盘
216,14:45:36,7.37,0.01,122,89914,买盘
217,14:45:33,7.36,--,54,39744,卖盘
218,14:45:30,7.36,--,102,75719,买盘
219,14:45:27,7.36,0.01,53,39008,买盘
220,14:45:24,7.35,-0.01,38,27930,卖盘
221,14:45:21,7.36,--,206,151616,买盘
222,14:45:18,7.36,--,307,225952,买盘
223,14:45:15,7.36,--,20,14720,买盘
224,14:45:12,7.36,--,10,7360,买盘
225,14:45:09,7.36,--,37,27232,买盘
226,14:45:06,7.36,0.01,3,2208,买盘
227,14:45:03,7.35,-0.01,10,7350,卖盘
228,14:45:00,7.36,--,15,11040,买盘
229,14:44:57,7.36,--,9,6624,买盘
230,14:44:54,7.36,--,29,21344,买盘
231,14:44:51,7.36,0.01,1359,1000224,买盘
232,14:44:48,7.35,-0.01,26,19110,卖盘
233,14:44:45,7.36,--,2,1472,买盘
234,14:44:42,7.36,--,27,19872,买盘
235,14:44:39,7.36,--,32,23552,买盘
236,14:44:36,7.36,--,14,10304,买盘
237,14:44:33,7.36,--,79,58144,买盘
238,14:44:30,7.36,--,64,47104,买盘
239,14:44:27,7.36,0.01,4,2944,买盘
240,14:44:24,7.35,-0.01,54,39690,卖盘
241,14:44:21,7.36,--,9,6624,买盘
242,14:44:18,7.36,0.01,7,5152,买盘
243,14:44:15,7.35,-0.01,103,75705,卖盘
244,14:44:12,7.36,0.01,126,92736,买盘
245,14:44:09,7.35,-0.01,280,205800,卖盘
246,14:44:06,7.36,0.01,79,58144,买盘
247,14:44:03,7.35,-0.01,10,7350,卖盘
248,14:44:00,7.36,0.01,433,318688,买盘
249,14:43:57,7.35,-0.01,116,85260,卖盘
250,14:43:51,7.36,0.01,25,18400,买盘
251,14:43:48,7.35,-0.01,83,61005,卖盘
252,14:43:45,7.36,0.01,4,2944,买盘
253,14:43:42,7.35,--,181,133035,卖盘
254,14:43:36,7.35,-0.01,44,32340,卖盘
255,14:43:33,7.36,--,149,109664,买盘
256,14:43:30,7.36,--,17,12512,买盘
257,14:43:27,7.36,0.01,6,4416,买盘
258,14:43:24,7.35,--,118,86730,卖盘
259,14:43:21,7.35,-0.01,23,16905,卖盘
260,14:43:18,7.36,0.01,139,102304,买盘
261,14:43:12,7.35,-0.01,25,18375,卖盘
262,14:43:09,7.36,0.01,7,5152,买盘
263,14:43:06,7.35,-0.01,144,105840,卖盘
264,14:43:00,7.36,--,1,736,买盘
265,14:42:57,7.36,--,33,24288,买盘
266,14:42:54,7.36,--,609,448224,买盘
267,14:42:51,7.36,--,181,133216,买盘
268,14:42:48,7.36,--,53,39008,买盘
269,14:42:45,7.36,--,174,128064,买盘
270,14:42:42,7.36,--,21,15456,买盘
271,14:42:39,7.36,--,14,10304,买盘
272,14:42:36,7.36,--,82,60352,买盘
273,14:42:33,7.36,--,30,22080,买盘
274,14:42:27,7.36,--,6,4416,买盘
275,14:42:24,7.36,0.01,41,30176,买盘
276,14:42:21,7.35,-0.01,10,7350,卖盘
277,14:42:18,7.36,--,9,6624,买盘
278,14:42:15,7.36,--,10,7360,买盘
279,14:42:12,7.36,--,21,15456,买盘
280,14:42:09,7.36,--,6,4416,买盘
281,14:42:06,7.36,0.01,70,51520,买盘
282,14:42:03,7.35,-0.01,208,152880,卖盘
283,14:41:57,7.36,--,5,3680,买盘
284,14:41:51,7.36,--,10,7360,买盘
285,14:41:48,7.36,--,3,2208,买盘
286,14:41:45,7.36,0.01,5,3680,买盘
287,14:41:42,7.35,-0.01,28,20580,卖盘
288,14:41:39,7.36,--,38,27968,买盘
289,14:41:36,7.36,--,98,72128,买盘
290,14:41:33,7.36,--,123,90528,买盘
291,14:41:30,7.36,--,9,6624,买盘
292,14:41:27,7.36,--,14,10304,买盘
293,14:41:24,7.36,--,9,6624,买盘
294,14:41:21,7.36,--,187,137632,买盘
295,14:41:18,7.36,--,167,122912,买盘
296,14:41:15,7.36,--,141,103776,买盘
297,14:41:12,7.36,--,8,5888,买盘
298,14:41:09,7.36,--,26,19136,买盘
299,14:41:06,7.36,--,13,9568,买盘
300,14:41:00,7.36,--,8,5888,买盘
301,14:40:57,7.36,--,27,19872,买盘
302,14:40:54,7.36,--,36,26496,买盘
303,14:40:51,7.36,--,1,736,买盘
304,14:40:48,7.36,--,13,9568,买盘
305,14:40:45,7.36,--,165,121440,买盘
306,14:40:42,7.36,0.01,8,5888,买盘
307,14:40:39,7.35,-0.01,2,1470,卖盘
308,14:40:36,7.36,--,5,3680,买盘
309,14:40:33,7.36,--,21,15456,买盘
310,14:40:27,7.36,0.01,8,5888,买盘
311,14:40:24,7.35,-0.01,34,24990,卖盘
312,14:40:21,7.36,--,100,73600,买盘
313,14:40:18,7.36,--,19,13984,买盘
314,14:40:15,7.36,--,202,148672,买盘
315,14:40:12,7.36,--,24,17664,买盘
316,14:40:06,7.36,--,40,29440,买盘
317,14:40:03,7.36,--,14,10304,买盘
318,14:40:00,7.36,--,7,5152,买盘
319,14:39:57,7.36,--,19,13984,买盘
320,14:39:54,7.36,--,217,159712,买盘
321,14:39:51,7.36,--,14,10304,买盘
322,14:39:48,7.36,--,13,9568,买盘
323,14:39:45,7.36,--,102,75072,买盘
324,14:39:42,7.36,--,6,4416,买盘
325,14:39:39,7.36,--,9,6624,买盘
326,14:39:36,7.36,--,25,18400,买盘
327,14:39:33,7.36,--,3,2208,买盘
328,14:39:30,7.36,--,5,3680,买盘
329,14:39:27,7.36,--,12,8832,买盘
330,14:39:24,7.36,--,95,69920,买盘
331,14:39:21,7.36,--,41,30176,买盘
332,14:39:18,7.36,--,19,13984,买盘
333,14:39:15,7.36,--,102,75072,买盘
334,14:39:12,7.36,0.01,56,41216,买盘
335,14:39:06,7.35,-0.01,32,23520,卖盘
336,14:39:03,7.36,0.01,1,736,买盘
337,14:39:00,7.35,-0.01,20,14700,卖盘
338,14:38:57,7.36,--,39,28704,买盘
339,14:38:54,7.36,--,12,8832,买盘
340,14:38:51,7.36,--,2,1472,买盘
341,14:38:48,7.36,--,4,2944,买盘
342,14:38:45,7.36,--,124,91264,买盘
343,14:38:42,7.36,--,11,8096,买盘
344,14:38:39,7.36,0.01,53,39008,买盘
345,14:38:36,7.35,-0.01,33,24255,卖盘
346,14:38:33,7.36,--,13,9568,买盘
347,14:38:30,7.36,--,90,66240,买盘
348,14:38:27,7.36,0.01,150,110400,买盘
349,14:38:24,7.35,-0.01,43,31605,卖盘
350,14:38:21,7.36,--,58,42688,买盘
351,14:38:18,7.36,--,4,2944,买盘
352,14:38:15,7.36,--,107,78752,买盘
353,14:38:12,7.36,0.01,39,28704,买盘
354,14:38:09,7.35,-0.01,22,16170,卖盘
355,14:38:06,7.36,--,17,12512,买盘
356,14:38:03,7.36,--,2,1472,买盘
357,14:38:00,7.36,--,9,6624,买盘
358,14:37:57,7.36,--,82,60352,买盘
359,14:37:51,7.36,--,6,4416,买盘
360,14:37:48,7.36,--,10,7360,买盘
361,14:37:45,7.36,--,102,75072,买盘
362,14:37:42,7.36,--,3,2208,买盘
363,14:37:39,7.36,--,9,6624,买盘
364,14:37:36,7.36,--,38,27968,买盘
365,14:37:33,7.36,--,3,2208,买盘
366,14:37:30,7.36,0.01,8,5888,买盘
367,14:37:27,7.35,--,121,88935,卖盘
368,14:37:24,7.35,-0.01,108,79380,卖盘
369,14:37:21,7.36,--,19,13984,买盘
370,14:37:18,7.36,--,103,75808,买盘
371,14:37:15,7.36,--,115,84640,买盘
372,14:37:12,7.36,0.01,39,28704,买盘
373,14:37:09,7.35,-0.01,71,52185,卖盘
374,14:37:06,7.36,--,78,57408,买盘
375,14:37:03,7.36,0.01,246,181056,买盘
376,14:37:00,7.35,--,72,52920,卖盘
377,14:36:57,7.35,-0.01,989,726915,卖盘
378,14:36:54,7.36,--,7,5152,买盘
379,14:36:51,7.36,0.01,34,25024,买盘
380,14:36:48,7.35,-0.01,56,41160,卖盘
381,14:36:45,7.36,--,173,127328,买盘
382,14:36:42,7.36,--,33,24288,买盘
383,14:36:39,7.36,--,5,3680,买盘
384,14:36:36,7.36,--,40,29440,买盘
385,14:36:33,7.36,--,11,8096,买盘
386,14:36:27,7.36,--,13,9568,买盘
387,14:36:24,7.36,--,1,736,买盘
388,14:36:21,7.36,--,45,33120,买盘
389,14:36:18,7.36,--,45,33120,买盘
390,14:36:15,7.36,--,102,75072,买盘
391,14:36:12,7.36,0.01,7,5152,买盘
392,14:36:09,7.35,--,19,13965,卖盘
393,14:36:06,7.35,-0.01,70,51450,卖盘
394,14:36:00,7.36,0.01,8,5888,买盘
395,14:35:57,7.35,-0.01,11,8085,卖盘
396,14:35:54,7.36,--,15,11040,买盘
397,14:35:51,7.36,--,23,16928,买盘
398,14:35:48,7.36,--,27,19872,买盘
399,14:35:45,7.36,0.01,105,77280,买盘
400,14:35:42,7.35,-0.01,25,18375,卖盘
401,14:35:39,7.36,0.01,211,155296,买盘
402,14:35:36,7.35,-0.01,65,47775,卖盘
403,14:35:33,7.36,0.01,29,21344,买盘
404,14:35:27,7.35,--,62,46011,卖盘
405,14:35:24,7.35,-0.01,5,3675,卖盘
406,14:35:21,7.36,--,4,2944,买盘
407,14:35:18,7.36,0.01,11,8096,买盘
408,14:35:15,7.35,--,129,94815,卖盘
409,14:35:12,7.35,--,18,13230,卖盘
410,14:35:09,7.35,-0.01,37,27195,卖盘
411,14:35:06,7.36,--,66,48576,买盘
412,14:35:03,7.36,--,108,79488,买盘
413,14:35:00,7.36,--,15,11040,买盘
414,14:34:57,7.36,0.01,9,6624,买盘
415,14:34:51,7.35,-0.01,27,19845,卖盘
416,14:34:48,7.36,0.02,54,39744,买盘
417,14:34:45,7.34,-0.01,205,150470,卖盘
418,14:34:42,7.35,0.01,18,13230,买盘
419,14:34:39,7.34,-0.01,113,82942,卖盘
420,14:34:36,7.35,--,4,2940,买盘
421,14:34:33,7.35,--,4,2940,买盘
422,14:34:30,7.35,0.01,9,6615,买盘
423,14:34:27,7.34,-0.01,9,6606,卖盘
424,14:34:24,7.35,--,5,3675,买盘
425,14:34:21,7.35,--,22,16170,买盘
426,14:34:18,7.35,--,17,12495,买盘
427,14:34:15,7.35,--,104,76440,买盘
428,14:34:12,7.35,--,13,9555,买盘
429,14:34:09,7.35,--,12,8820,买盘
430,14:34:06,7.35,--,29,21315,买盘
431,14:34:03,7.35,--,87,63945,买盘
432,14:34:00,7.35,--,13,9555,买盘
433,14:33:57,7.35,--,14,10290,买盘
434,14:33:54,7.35,--,10,7350,买盘
435,14:33:51,7.35,--,36,26460,买盘
436,14:33:48,7.35,--,24,17640,买盘
437,14:33:45,7.35,--,110,80850,买盘
438,14:33:42,7.35,--,3,2205,买盘
439,14:33:39,7.35,-0.01,10,7350,卖盘
440,14:33:36,7.36,--,111,81696,买盘
441,14:33:33,7.36,--,14,10304,买盘
442,14:33:27,7.36,0.01,36,26496,买盘
443,14:33:24,7.35,-0.01,63,46305,卖盘
444,14:33:21,7.36,--,153,112608,买盘
445,14:33:18,7.36,0.01,10,7360,买盘
446,14:33:15,7.35,-0.01,108,79380,卖盘
447,14:33:12,7.36,--,70,51520,买盘
448,14:33:06,7.36,0.01,8,5888,买盘
449,14:33:03,7.35,--,40,29400,卖盘
450,14:33:00,7.35,--,30,22050,卖盘
451,14:32:57,7.35,--,103,75705,卖盘
452,14:32:54,7.35,-0.01,22,16170,卖盘
453,14:32:51,7.36,0.01,114,83904,买盘
454,14:32:48,7.35,-0.01,15,11025,卖盘
455,14:32:45,7.36,0.01,102,75072,买盘
456,14:32:42,7.35,-0.01,10,7350,卖盘
457,14:32:39,7.36,0.01,23,16928,买盘
458,14:32:36,7.35,--,5,3675,买盘
459,14:32:33,7.35,--,14,10290,买盘
460,14:32:27,7.35,--,12,8820,买盘
461,14:32:24,7.35,--,6,4410,买盘
462,14:32:21,7.35,-0.01,23,16905,中性盘
463,14:32:18,7.36,0.02,136,100096,买盘
464,14:32:15,7.34,-0.02,147,107898,卖盘
465,14:32:12,7.36,0.01,67,49312,买盘
466,14:32:09,7.35,--,21,15435,买盘
467,14:32:06,7.35,--,15,11025,买盘
468,14:32:00,7.35,--,6,4410,买盘
469,14:31:57,7.35,--,93,68355,买盘
470,14:31:54,7.35,0.01,8,5880,买盘
471,14:31:51,7.34,-0.01,99,72666,卖盘
472,14:31:48,7.35,--,8,5880,买盘
473,14:31:45,7.35,0.01,16,11760,买盘
474,14:31:42,7.34,-0.01,19,13946,卖盘
475,14:31:39,7.35,-0.01,10,7350,卖盘
476,14:31:36,7.36,0.01,131,96416,买盘
477,14:31:33,7.35,--,160,117600,卖盘
478,14:31:30,7.35,-0.01,13,9555,卖盘
479,14:31:27,7.36,--,3,2208,买盘
480,14:31:21,7.36,0.01,66,48576,买盘
481,14:31:18,7.35,--,160,117600,卖盘
482,14:31:15,7.35,-0.01,21,15435,卖盘
483,14:31:12,7.36,0.01,27,19872,买盘
484,14:31:09,7.35,-0.01,108,79380,卖盘
485,14:31:06,7.36,0.01,85,62618,买盘
486,14:31:03,7.35,-0.01,9,6615,卖盘
487,14:31:00,7.36,--,20,14720,买盘
488,14:30:54,7.36,--,50,36800,买盘
489,14:30:51,7.36,--,75,55200,买盘
490,14:30:48,7.36,0.01,18,13248,买盘
491,14:30:42,7.35,--,27,19845,卖盘
492,14:30:39,7.35,--,56,41160,买盘
493,14:30:36,7.35,0.01,3,2205,买盘
494,14:30:33,7.34,-0.01,16,11744,卖盘
495,14:30:30,7.35,--,38,27930,卖盘
496,14:30:27,7.35,-0.01,187,137445,卖盘
497,14:30:24,7.36,--,146,107456,买盘
498,14:30:21,7.36,--,60,44160,买盘
499,14:30:18,7.36,--,10,7360,买盘
500,14:30:15,7.36,--,69,50784,买盘
501,14:30:12,7.36,--,67,49312,买盘
502,14:30:09,7.36,0.01,14,10304,买盘
503,14:30:06,7.35,-0.01,12,8820,卖盘
504,14:29:57,7.36,--,44,32384,买盘
505,14:29:54,7.36,--,9,6624,买盘
506,14:29:51,7.36,--,3,2208,买盘
507,14:29:48,7.36,0.01,3,2208,买盘
508,14:29:45,7.35,-0.01,25,18375,卖盘
509,14:29:42,7.36,0.01,90,66240,买盘
510,14:29:39,7.35,-0.01,26,19110,卖盘
511,14:29:36,7.36,0.01,62,45632,买盘
512,14:29:33,7.35,-0.01,144,105840,卖盘
513,14:29:30,7.36,--,22,16192,买盘
514,14:29:27,7.36,--,38,27968,买盘
515,14:29:24,7.36,--,19,13984,买盘
516,14:29:21,7.36,--,577,424672,买盘
517,14:29:18,7.36,0.01,83,61088,买盘
518,14:29:15,7.35,-0.01,2,1470,卖盘
519,14:29:12,7.36,--,7,5152,买盘
520,14:29:09,7.36,--,55,40480,买盘
521,14:29:06,7.36,--,6,4416,买盘
522,14:29:03,7.36,0.01,15,11040,买盘
523,14:29:00,7.35,-0.01,326,239610,卖盘
524,14:28:57,7.36,--,45,33120,买盘
525,14:28:54,7.36,--,5,3680,买盘
526,14:28:51,7.36,--,3,2208,买盘
527,14:28:48,7.36,--,11,8096,买盘
528,14:28:45,7.36,--,10,7360,买盘
529,14:28:42,7.36,--,8,5888,买盘
530,14:28:36,7.36,--,30,22080,买盘
531,14:28:33,7.36,0.01,22,16192,买盘
532,14:28:30,7.35,-0.01,178,130830,卖盘
533,14:28:27,7.36,--,8,5888,买盘
534,14:28:24,7.36,--,9,6624,买盘
535,14:28:21,7.36,--,19,13984,买盘
536,14:28:18,7.36,--,3,2208,买盘
537,14:28:15,7.36,--,8,5888,买盘
538,14:28:12,7.36,--,78,57408,卖盘
539,14:28:09,7.36,-0.01,368,270848,卖盘
540,14:28:06,7.37,0.01,14,10318,买盘
541,14:28:03,7.36,--,14,10304,卖盘
542,14:28:00,7.36,--,2,1472,卖盘
543,14:27:57,7.36,--,72,52992,卖盘
544,14:27:54,7.36,-0.01,4,2944,卖盘
545,14:27:51,7.37,0.01,16,11792,买盘
546,14:27:48,7.36,--,12,8832,卖盘
547,14:27:45,7.36,-0.01,48,35328,卖盘
548,14:27:42,7.37,--,14,10318,买盘
549,14:27:36,7.37,--,3,2211,买盘
550,14:27:33,7.37,--,3,2211,买盘
551,14:27:30,7.37,--,8,5896,买盘
552,14:27:27,7.37,--,15,11055,买盘
553,14:27:24,7.37,--,26,19162,买盘
554,14:27:21,7.37,--,5,3685,买盘
555,14:27:18,7.37,--,12,8844,买盘
556,14:27:15,7.37,--,15,11055,买盘
557,14:27:12,7.37,--,8,5896,买盘
558,14:27:09,7.37,--,10,7370,买盘
559,14:27:06,7.37,--,2,1474,买盘
560,14:27:03,7.37,--,59,43483,买盘
561,14:27:00,7.37,--,24,17688,买盘
562,14:26:57,7.37,--,32,23584,买盘
563,14:26:54,7.37,--,32,23584,买盘
564,14:26:51,7.37,--,169,124553,买盘
565,14:26:48,7.37,--,102,75174,买盘
566,14:26:45,7.37,--,29,21373,买盘
567,14:26:42,7.37,--,13,9581,买盘
568,14:26:36,7.37,0.01,10,7370,买盘
569,14:26:33,7.36,--,134,98624,卖盘
570,14:26:30,7.36,-0.01,118,86848,卖盘
571,14:26:27,7.37,--,4,2948,买盘
572,14:26:24,7.37,--,18,13266,买盘
573,14:26:21,7.37,--,57,42009,买盘
574,14:26:18,7.37,--,171,126027,买盘
575,14:26:12,7.37,0.01,13,9581,买盘
576,14:26:09,7.36,--,9,6624,卖盘
577,14:26:06,7.36,--,1,736,卖盘
578,14:26:03,7.36,--,12,8832,卖盘
579,14:25:57,7.36,--,17,12512,卖盘
580,14:25:54,7.36,-0.01,147,108192,卖盘
581,14:25:51,7.37,--,15,11055,买盘
582,14:25:48,7.37,0.01,9,6633,买盘
583,14:25:45,7.36,-0.01,11,8096,卖盘
584,14:25:42,7.37,--,2,1474,买盘
585,14:25:39,7.37,--,8,5896,买盘
586,14:25:36,7.37,--,5,3685,买盘
587,14:25:33,7.37,--,8,5896,买盘
588,14:25:30,7.37,0.01,8,5896,买盘
589,14:25:27,7.36,-0.01,9,6624,卖盘
590,14:25:21,7.37,0.01,3,2211,买盘
591,14:25:18,7.36,0.01,72,52992,买盘
592,14:25:15,7.35,-0.01,35,25725,卖盘
593,14:25:12,7.36,--,725,533600,买盘
594,14:25:06,7.36,--,11,8096,买盘
595,14:24:57,7.36,--,9,6624,买盘
596,14:24:54,7.36,--,2,1472,买盘
597,14:24:51,7.36,--,36,26496,买盘
598,14:24:48,7.36,--,3,2208,买盘
599,14:24:45,7.36,--,40,29440,买盘
600,14:24:42,7.36,--,1003,738208,买盘
601,14:24:39,7.36,--,17,12512,买盘
602,14:24:36,7.36,--,2,1472,买盘
603,14:24:33,7.36,0.01,18,13248,买盘
604,14:24:30,7.35,-0.01,148,108780,卖盘
605,14:24:27,7.36,--,26,19136,买盘
606,14:24:24,7.36,--,12,8832,买盘
607,14:24:21,7.36,--,2,1472,买盘
608,14:24:18,7.36,--,25,18400,买盘
609,14:24:15,7.36,--,1,736,买盘
610,14:24:12,7.36,--,14,10304,买盘
611,14:24:09,7.36,--,1,736,买盘
612,14:24:06,7.36,0.01,21,15456,买盘
613,14:24:03,7.35,-0.01,4,2940,卖盘
614,14:24:00,7.36,0.01,8,5888,买盘
615,14:23:57,7.35,--,19,13965,卖盘
616,14:23:54,7.35,-0.01,20,14700,卖盘
617,14:23:51,7.36,0.01,16,11776,买盘
618,14:23:48,7.35,-0.01,25,18375,卖盘
619,14:23:42,7.36,0.01,2,1472,买盘
620,14:23:39,7.35,-0.01,17,12495,卖盘
621,14:23:36,7.36,0.01,69,50784,买盘
622,14:23:33,7.35,--,54,39690,卖盘
623,14:23:30,7.35,-0.01,12,8820,卖盘
624,14:23:27,7.36,0.01,100,73644,买盘
625,14:23:24,7.35,--,90,66150,买盘
626,14:23:21,7.35,--,46,33810,买盘
627,14:23:18,7.35,--,4,2940,买盘
628,14:23:15,7.35,--,8,5880,买盘
629,14:23:12,7.35,--,5,3675,买盘
630,14:23:06,7.35,--,92,67620,买盘
631,14:23:03,7.35,0.01,2000,1470000,买盘
632,14:23:00,7.34,0.01,13,9542,中性盘
633,14:22:54,7.33,-0.02,38,27854,卖盘
634,14:22:51,7.35,--,3,2205,买盘
635,14:22:48,7.35,0.02,1,735,买盘
636,14:22:45,7.33,-0.01,6,4398,卖盘
637,14:22:42,7.34,--,30,22020,买盘
638,14:22:36,7.34,0.01,42,30828,卖盘
639,14:22:33,7.33,-0.01,112,82096,卖盘
640,14:22:30,7.34,-0.01,105,77070,卖盘
641,14:22:27,7.35,0.01,113,83055,买盘
642,14:22:24,7.34,-0.01,86,63124,卖盘
643,14:22:21,7.35,--,69,50715,买盘
644,14:22:18,7.35,--,33,24255,买盘
645,14:22:15,7.35,--,409,300615,买盘
646,14:22:12,7.35,--,135,99225,买盘
647,14:22:09,7.35,--,13,9555,买盘
648,14:22:06,7.35,--,4,2940,买盘
649,14:22:03,7.35,--,126,92610,买盘
650,14:22:00,7.35,--,229,168315,买盘
651,14:21:57,7.35,--,8,5880,买盘
652,14:21:54,7.35,--,47,34545,买盘
653,14:21:51,7.35,--,19,13965,买盘
654,14:21:48,7.35,0.02,19,13965,买盘
655,14:21:45,7.33,-0.01,247,181051,卖盘
656,14:21:42,7.34,0.01,495,363330,买盘
657,14:21:39,7.33,--,68,49844,卖盘
658,14:21:36,7.33,--,37,27121,卖盘
659,14:21:33,7.33,-0.01,18,13194,卖盘
660,14:21:27,7.34,--,2,1468,买盘
661,14:21:24,7.34,--,78,57252,买盘
662,14:21:21,7.34,--,1020,748680,买盘
663,14:21:18,7.34,0.01,37,27158,买盘
664,14:21:15,7.33,-0.01,11,8063,卖盘
665,14:21:12,7.34,0.01,91,66794,买盘
666,14:21:09,7.33,-0.01,880,645040,卖盘
667,14:21:06,7.34,0.01,44,32296,买盘
668,14:21:03,7.33,-0.01,32,23456,卖盘
669,14:21:00,7.34,--,1,734,买盘
670,14:20:57,7.34,--,35,25690,买盘
671,14:20:54,7.34,--,130,95420,买盘
672,14:20:51,7.34,--,11,8074,买盘
673,14:20:48,7.34,0.01,37,27158,买盘
674,14:20:45,7.33,-0.01,16,11728,卖盘
675,14:20:42,7.34,0.01,113,82942,买盘
676,14:20:39,7.33,-0.01,37,27121,卖盘
677,14:20:36,7.34,--,21,15414,买盘
678,14:20:33,7.34,0.01,20,14680,买盘
679,14:20:30,7.33,-0.01,156,114348,卖盘
680,14:20:27,7.34,--,36,26424,买盘
681,14:20:24,7.34,--,216,158544,买盘
682,14:20:21,7.34,--,3,2202,买盘
683,14:20:18,7.34,0.01,37,27158,买盘
684,14:20:15,7.33,-0.02,782,573206,卖盘
685,14:20:12,7.35,--,7,5145,买盘
686,14:20:09,7.35,--,15,11025,买盘
687,14:20:06,7.35,--,235,172725,买盘
688,14:20:03,7.35,--,104,76440,买盘
689,14:20:00,7.35,0.01,66,48510,买盘
690,14:19:57,7.34,-0.01,53,38902,卖盘
691,14:19:54,7.35,--,6,4410,买盘
692,14:19:51,7.35,--,166,122010,买盘
693,14:19:48,7.35,--,24,17640,买盘
694,14:19:45,7.35,--,8,5880,买盘
695,14:19:42,7.35,--,3,2205,买盘
696,14:19:39,7.35,--,5,3675,买盘
697,14:19:36,7.35,--,29,21315,买盘
698,14:19:33,7.35,0.01,3,2205,买盘
699,14:19:30,7.34,-0.01,9,6606,卖盘
700,14:19:27,7.35,--,19,13965,买盘
701,14:19:24,7.35,--,31,22785,买盘
702,14:19:21,7.35,--,20,14700,买盘
703,14:19:18,7.35,--,9,6615,买盘
704,14:19:15,7.35,--,65,47775,买盘
705,14:19:12,7.35,--,173,127155,买盘
706,14:19:09,7.35,0.01,95,69825,买盘
707,14:19:06,7.34,--,1372,1007048,买盘
708,14:19:03,7.34,--,9,6606,买盘
709,14:19:00,7.34,0.01,39,28626,买盘
710,14:18:54,7.33,--,28,20524,卖盘
711,14:18:51,7.33,--,31,22723,卖盘
712,14:18:45,7.33,--,24,17592,买盘
713,14:18:42,7.33,--,6,4398,买盘
714,14:18:39,7.33,-0.01,33,24189,卖盘
715,14:18:36,7.34,--,18,13212,买盘
716,14:18:33,7.34,0.02,28,20552,买盘
717,14:18:30,7.32,-0.01,116,84912,卖盘
718,14:18:27,7.33,--,105,76965,买盘
719,14:18:24,7.33,0.01,6,4398,买盘
720,14:18:21,7.32,-0.01,89,65148,卖盘
721,14:18:18,7.33,--,105,76965,买盘
722,14:18:15,7.33,--,25,18325,买盘
723,14:18:12,7.33,--,243,178119,买盘
724,14:18:06,7.33,--,38,27854,买盘
725,14:18:03,7.33,--,34,24922,买盘
726,14:18:00,7.33,--,35,25655,买盘
727,14:17:57,7.33,--,63,46179,买盘
728,14:17:54,7.33,--,16,11728,买盘
729,14:17:51,7.33,--,13,9529,买盘
730,14:17:48,7.33,--,329,241157,买盘
731,14:17:45,7.33,--,185,135605,买盘
732,14:17:42,7.33,0.01,91,66703,买盘
733,14:17:39,7.32,-0.01,160,117120,卖盘
734,14:17:36,7.33,--,2,1466,买盘
735,14:17:33,7.33,--,12,8796,买盘
736,14:17:30,7.33,--,36,26388,买盘
737,14:17:27,7.33,--,112,82096,买盘
738,14:17:24,7.33,--,55,40315,买盘
739,14:17:21,7.33,--,7,5131,买盘
740,14:17:18,7.33,0.01,3,2199,买盘
741,14:17:15,7.32,-0.01,23,16836,卖盘
742,14:17:12,7.33,--,86,63038,买盘
743,14:17:09,7.33,0.01,58,42514,买盘
744,14:17:06,7.32,-0.01,294,215208,卖盘
745,14:17:03,7.33,0.01,75,54975,买盘
746,14:17:00,7.32,--,31,22692,卖盘
747,14:16:57,7.32,-0.01,77,56364,卖盘
748,14:16:54,7.33,--,54,39582,买盘
749,14:16:51,7.33,--,24,17592,买盘
750,14:16:48,7.33,0.01,19,13927,买盘
751,14:16:45,7.32,--,67,49044,卖盘
752,14:16:42,7.32,--,65,47580,卖盘
753,14:16:39,7.32,--,179,131028,买盘
754,14:16:36,7.32,--,90,65880,买盘
755,14:16:33,7.32,0.01,348,254736,买盘
756,14:16:30,7.31,-0.01,373,272663,卖盘
757,14:16:27,7.32,--,11,8052,买盘
758,14:16:24,7.32,--,24,17568,买盘
759,14:16:21,7.32,--,87,63684,买盘
760,14:16:18,7.32,--,90,65880,买盘
761,14:16:15,7.32,0.01,366,267912,买盘
762,14:16:12,7.31,-0.01,27,19737,卖盘
763,14:16:09,7.32,--,327,239364,买盘
764,14:16:06,7.32,--,51,37332,买盘
765,14:16:03,7.32,0.01,159,116388,买盘
766,14:16:00,7.31,--,15,10965,卖盘
767,14:15:57,7.31,-0.01,50,36550,卖盘
768,14:15:54,7.32,0.01,43,31476,买盘
769,14:15:51,7.31,-0.01,523,382313,卖盘
770,14:15:48,7.32,0.01,66,48312,买盘
771,14:15:45,7.31,-0.01,102,74562,卖盘
772,14:15:42,7.32,--,96,70272,买盘
773,14:15:39,7.32,--,71,51972,买盘
774,14:15:36,7.32,--,15,10980,买盘
775,14:15:33,7.32,--,19,13908,买盘
776,14:15:30,7.32,--,191,139812,买盘
777,14:15:27,7.32,--,2745,2009340,卖盘
778,14:15:24,7.32,--,11,8052,卖盘
779,14:15:21,7.32,-0.01,66,48312,卖盘
780,14:15:18,7.33,--,6,4398,买盘
781,14:15:15,7.33,--,17,12461,买盘
782,14:15:12,7.33,--,34,24922,买盘
783,14:15:09,7.33,--,311,227963,买盘
784,14:15:06,7.33,--,6,4398,买盘
785,14:15:03,7.33,--,23,16859,买盘
786,14:15:00,7.33,--,54,39582,买盘
787,14:14:54,7.33,--,128,93824,买盘
788,14:14:51,7.33,--,3,2199,买盘
789,14:14:48,7.33,--,16,11728,买盘
790,14:14:45,7.33,--,60,43980,买盘
791,14:14:42,7.33,0.01,73,53509,买盘
792,14:14:39,7.32,-0.01,25,18300,卖盘
793,14:14:36,7.33,--,111,81363,买盘
794,14:14:33,7.33,--,51,37383,买盘
795,14:14:30,7.33,0.01,534,391422,买盘
796,14:14:27,7.32,-0.01,54,39528,卖盘
797,14:14:21,7.33,--,45,32985,买盘
798,14:14:18,7.33,--,4,2932,买盘
799,14:14:15,7.33,0.01,23,16859,买盘
800,14:14:12,7.32,-0.01,38,27816,卖盘
801,14:14:09,7.33,--,71,52043,买盘
802,14:14:06,7.33,--,132,96756,买盘
803,14:14:03,7.33,--,42,30786,买盘
804,14:14:00,7.33,--,22,16126,买盘
805,14:13:57,7.33,0.01,47,34451,买盘
806,14:13:54,7.32,--,1008,737856,卖盘
807,14:13:51,7.32,--,84,61488,卖盘
808,14:13:48,7.32,--,249,182268,卖盘
809,14:13:45,7.32,-0.01,171,125172,卖盘
810,14:13:42,7.33,--,646,473518,买盘
811,14:13:39,7.33,--,32,23456,买盘
812,14:13:36,7.33,0.01,3,2199,买盘
813,14:13:33,7.32,-0.01,26,19032,卖盘
814,14:13:30,7.33,--,9,6597,买盘
815,14:13:27,7.33,0.01,19,13927,买盘
816,14:13:24,7.32,-0.01,26,19032,卖盘
817,14:13:21,7.33,--,14,10262,买盘
818,14:13:18,7.33,--,15,10995,买盘
819,14:13:12,7.33,--,69,50577,买盘
820,14:13:09,7.33,--,960,703680,卖盘
821,14:13:06,7.33,--,405,296865,卖盘
822,14:13:03,7.33,--,16,11728,卖盘
823,14:13:00,7.33,-0.01,216,158328,卖盘
824,14:12:57,7.34,--,19,13946,买盘
825,14:12:54,7.34,0.01,3,2202,买盘
826,14:12:51,7.33,--,72,52776,卖盘
827,14:12:48,7.33,-0.01,79,57907,卖盘
828,14:12:45,7.34,-0.01,138,101292,卖盘
829,14:12:42,7.35,--,3,2205,买盘
830,14:12:39,7.35,--,6,4410,买盘
831,14:12:36,7.35,0.01,11,8085,买盘
832,14:12:33,7.34,-0.01,81,59454,中性盘
833,14:12:30,7.35,0.02,179,131565,买盘
834,14:12:27,7.33,--,16,11728,卖盘
835,14:12:24,7.33,-0.01,48,35184,卖盘
836,14:12:21,7.34,0.01,79,57986,买盘
837,14:12:18,7.33,--,34,24922,卖盘
838,14:12:15,7.33,-0.02,68,49844,卖盘
839,14:12:12,7.35,0.02,42,30870,买盘
840,14:12:09,7.33,-0.01,4,2932,卖盘
841,14:12:06,7.34,-0.01,9,6606,中性盘
842,14:12:03,7.35,0.01,33,24255,买盘
843,14:12:00,7.34,-0.01,14,10276,卖盘
844,14:11:57,7.35,--,11,8085,买盘
845,14:11:54,7.35,--,305,224175,买盘
846,14:11:51,7.35,--,44,32340,买盘
847,14:11:48,7.35,--,5,3675,买盘
848,14:11:45,7.35,0.02,7,5145,买盘
849,14:11:42,7.33,-0.01,226,165658,卖盘
850,14:11:39,7.34,--,129,94686,买盘
851,14:11:36,7.34,--,1,734,买盘
852,14:11:33,7.34,--,14,10276,买盘
853,14:11:30,7.34,--,10,7340,买盘
854,14:11:27,7.34,--,3,2202,买盘
855,14:11:24,7.34,0.01,5,3670,买盘
856,14:11:21,7.33,-0.02,43,31519,卖盘
857,14:11:18,7.35,0.01,20,14700,买盘
858,14:11:15,7.34,-0.01,141,103494,卖盘
859,14:11:12,7.35,0.01,9,6615,买盘
860,14:11:09,7.34,--,6,4404,买盘
861,14:11:06,7.34,--,101,74134,卖盘
862,14:11:03,7.34,--,136,99824,买盘
863,14:11:00,7.34,--,4,2936,买盘
864,14:10:57,7.34,0.01,73,53582,买盘
865,14:10:54,7.33,-0.01,56,41048,卖盘
866,14:10:51,7.34,0.01,14,10276,买盘
867,14:10:48,7.33,-0.01,42,30786,卖盘
868,14:10:45,7.34,--,8,5872,买盘
869,14:10:42,7.34,--,13,9542,买盘
870,14:10:36,7.34,--,50,36700,买盘
871,14:10:33,7.34,--,72,52848,买盘
872,14:10:30,7.34,--,104,76336,买盘
873,14:10:27,7.34,--,473,347182,买盘
874,14:10:24,7.34,--,39,28626,买盘
875,14:10:21,7.34,0.01,214,157076,买盘
876,14:10:18,7.33,--,25,18325,卖盘
877,14:10:15,7.33,-0.01,107,78431,卖盘
878,14:10:12,7.34,0.01,64,46976,买盘
879,14:10:09,7.33,-0.01,38,27854,卖盘
880,14:10:06,7.34,--,60,44040,买盘
881,14:10:03,7.34,--,116,85144,买盘
882,14:10:00,7.34,0.01,135,99090,买盘
883,14:09:57,7.33,--,96,70368,卖盘
884,14:09:54,7.33,-0.01,22,16126,卖盘
885,14:09:51,7.34,--,117,85878,买盘
886,14:09:48,7.34,--,260,190840,买盘
887,14:09:45,7.34,--,121,88814,买盘
888,14:09:42,7.34,0.01,9,6606,买盘
889,14:09:39,7.33,-0.01,150,109950,卖盘
890,14:09:36,7.34,--,47,34498,买盘
891,14:09:33,7.34,0.01,25,18350,买盘
892,14:09:30,7.33,-0.01,106,77698,卖盘
893,14:09:27,7.34,--,41,30094,买盘
894,14:09:21,7.34,--,12,8808,买盘
895,14:09:18,7.34,0.01,38,27892,买盘
896,14:09:15,7.33,-0.01,145,106285,卖盘
897,14:09:12,7.34,0.01,65,47710,买盘
898,14:09:09,7.33,-0.01,71,52043,卖盘
899,14:09:06,7.34,--,50,36700,买盘
900,14:09:03,7.34,--,13,9542,买盘
901,14:09:00,7.34,--,32,23488,买盘
902,14:08:57,7.34,--,33,24222,买盘
903,14:08:54,7.34,--,25,18350,买盘
904,14:08:51,7.34,--,23,16882,买盘
905,14:08:48,7.34,0.01,8,5872,买盘
906,14:08:45,7.33,-0.01,80,58640,卖盘
907,14:08:42,7.34,0.01,488,358192,买盘
908,14:08:39,7.33,-0.01,6,4398,卖盘
909,14:08:36,7.34,--,23,16882,买盘
910,14:08:33,7.34,--,34,24956,买盘
911,14:08:30,7.34,--,44,32296,买盘
912,14:08:27,7.34,0.01,124,91016,买盘
913,14:08:24,7.33,-0.01,34,24922,卖盘
914,14:08:21,7.34,--,9,6606,买盘
915,14:08:18,7.34,0.01,125,91750,买盘
916,14:08:15,7.33,-0.01,367,269011,卖盘
917,14:08:12,7.34,--,117,85878,买盘
918,14:08:09,7.34,0.01,46,33764,买盘
919,14:08:06,7.33,-0.01,107,78431,卖盘
920,14:08:03,7.34,--,161,118174,买盘
921,14:08:00,7.34,--,72,52848,买盘
922,14:07:57,7.34,0.01,60,44040,买盘
923,14:07:54,7.33,-0.01,46,33718,卖盘
924,14:07:51,7.34,--,2,1468,买盘
925,14:07:48,7.34,--,22,16148,买盘
926,14:07:45,7.34,--,18,13212,买盘
927,14:07:42,7.34,--,58,42572,买盘
928,14:07:39,7.34,-0.01,1462,1073108,卖盘
929,14:07:36,7.35,--,260,191100,买盘
930,14:07:33,7.35,0.01,12,8820,买盘
931,14:07:30,7.34,--,22,16148,卖盘
932,14:07:27,7.34,-0.01,84,61656,卖盘
933,14:07:24,7.35,--,43,31605,买盘
934,14:07:21,7.35,0.01,137,100695,买盘
935,14:07:18,7.34,-0.01,71,52114,卖盘
936,14:07:15,7.35,--,261,191835,买盘
937,14:07:12,7.35,--,21,15435,买盘
938,14:07:09,7.35,--,5,3675,买盘
939,14:07:06,7.35,--,147,108045,买盘
940,14:07:03,7.35,0.01,322,236670,买盘
941,14:07:00,7.34,--,40,29360,卖盘
942,14:06:57,7.34,-0.01,2,1468,卖盘
943,14:06:54,7.35,--,27,19845,买盘
944,14:06:51,7.35,0.01,73,53655,买盘
945,14:06:48,7.34,--,391,286994,卖盘
946,14:06:45,7.34,-0.01,66,48444,卖盘
947,14:06:42,7.35,0.01,11,8085,买盘
948,14:06:39,7.34,-0.01,39,28626,卖盘
949,14:06:36,7.35,--,17,12495,买盘
950,14:06:33,7.35,--,45,33075,买盘
951,14:06:30,7.35,0.01,17,12495,买盘
952,14:06:27,7.34,-0.01,135,99090,卖盘
953,14:06:24,7.35,0.01,17,12495,买盘
954,14:06:21,7.34,-0.01,65,47710,卖盘
955,14:06:18,7.35,--,26,19110,买盘
956,14:06:15,7.35,-0.01,539,396561,卖盘
957,14:06:12,7.36,--,279,205344,买盘
958,14:06:09,7.36,--,98,72128,买盘
959,14:06:06,7.36,0.01,66,48576,买盘
960,14:06:03,7.35,--,11,8085,卖盘
961,14:06:00,7.35,--,50,36750,卖盘
962,14:05:57,7.35,--,48,35280,卖盘
963,14:05:54,7.35,-0.01,123,90405,卖盘
964,14:05:51,7.36,--,61,44896,买盘
965,14:05:48,7.36,0.01,12,8832,买盘
966,14:05:45,7.35,--,112,82320,卖盘
967,14:05:42,7.35,--,374,274890,卖盘
968,14:05:39,7.35,-0.01,373,274155,卖盘
969,14:05:36,7.36,--,12,8832,买盘
970,14:05:33,7.36,--,45,33120,买盘
971,14:05:30,7.36,--,32,23552,买盘
972,14:05:27,7.36,--,96,70656,买盘
973,14:05:24,7.36,0.01,43,31648,买盘
974,14:05:21,7.35,-0.01,13,9555,卖盘
975,14:05:18,7.36,--,104,76544,买盘
976,14:05:15,7.36,--,24,17664,买盘
977,14:05:12,7.36,0.01,24,17664,买盘
978,14:05:09,7.35,--,43,31605,卖盘
979,14:05:06,7.35,--,21,15435,卖盘
980,14:05:03,7.35,-0.01,140,102900,卖盘
981,14:05:00,7.36,0.01,19,13984,买盘
982,14:04:57,7.35,--,43,31605,卖盘
983,14:04:54,7.35,-0.01,33,24255,卖盘
984,14:04:51,7.36,--,13,9568,买盘
985,14:04:48,7.36,--,8,5888,买盘
986,14:04:45,7.36,--,23,16928,买盘
987,14:04:42,7.36,--,15,11040,买盘
988,14:04:39,7.36,0.01,40,29440,买盘
989,14:04:36,7.35,-0.01,82,60270,卖盘
990,14:04:33,7.36,--,26,19136,买盘
991,14:04:30,7.36,0.01,23,16928,买盘
992,14:04:27,7.35,--,137,100695,卖盘
993,14:04:24,7.35,--,63,46305,卖盘
994,14:04:21,7.35,-0.01,7,5145,卖盘
995,14:04:18,7.36,--,47,34592,买盘
996,14:04:15,7.36,--,34,25024,卖盘
997,14:04:12,7.36,-0.01,13,9568,卖盘
998,14:04:09,7.37,--,128,94336,买盘
999,14:04:06,7.37,--,17,12529,买盘
1000,14:04:03,7.37,0.01,41,30217,买盘
1001,14:04:00,7.36,-0.01,152,111872,卖盘
1002,14:03:57,7.37,--,10,7370,买盘
1003,14:03:54,7.37,--,38,28006,买盘
1004,14:03:51,7.37,--,25,18425,买盘
1005,14:03:48,7.37,--,2,1474,买盘
1006,14:03:45,7.37,0.01,26,19162,买盘
1007,14:03:42,7.36,--,26,19136,卖盘
1008,14:03:39,7.36,-0.01,47,34592,卖盘
1009,14:03:36,7.37,--,19,14003,买盘
1010,14:03:33,7.37,0.01,17,12529,买盘
1011,14:03:30,7.36,-0.01,35,25760,卖盘
1012,14:03:27,7.37,0.01,19,14003,买盘
1013,14:03:24,7.36,-0.01,58,42688,卖盘
1014,14:03:21,7.37,0.02,20,14740,买盘
1015,14:03:18,7.35,-0.02,31,22785,卖盘
1016,14:03:15,7.37,--,25,18425,买盘
1017,14:03:12,7.37,--,115,84755,买盘
1018,14:03:09,7.37,0.01,34,25058,买盘
1019,14:03:06,7.36,-0.01,3,2208,卖盘
1020,14:03:03,7.37,0.01,1,737,买盘
1021,14:03:00,7.36,--,34,25024,卖盘
1022,14:02:54,7.36,0.01,5,3680,中性盘
1023,14:02:51,7.35,-0.02,19,13965,卖盘
1024,14:02:48,7.37,0.02,9,6633,买盘
1025,14:02:45,7.35,-0.01,120,88200,卖盘
1026,14:02:42,7.36,--,18,13248,买盘
1027,14:02:39,7.36,--,33,24288,买盘
1028,14:02:33,7.36,--,18,13248,买盘
1029,14:02:30,7.36,--,507,373152,买盘
1030,14:02:27,7.36,--,141,103776,买盘
1031,14:02:24,7.36,0.01,11,8096,买盘
1032,14:02:21,7.35,-0.01,101,74235,卖盘
1033,14:02:18,7.36,--,13,9568,买盘
1034,14:02:15,7.36,--,3,2208,买盘
1035,14:02:12,7.36,0.01,44,32384,买盘
1036,14:02:09,7.35,-0.01,1,735,卖盘
1037,14:02:06,7.36,--,33,24288,买盘
1038,14:02:03,7.36,--,48,35328,买盘
1039,14:02:00,7.36,-0.01,435,320160,卖盘
1040,14:01:57,7.37,--,35,25795,买盘
1041,14:01:54,7.37,--,8,5896,买盘
1042,14:01:51,7.37,0.01,19,14003,买盘
1043,14:01:48,7.36,-0.01,121,89056,卖盘
1044,14:01:45,7.37,--,246,181302,买盘
1045,14:01:42,7.37,--,20,14740,买盘
1046,14:01:39,7.37,0.01,15,11055,买盘
1047,14:01:36,7.36,-0.01,10,7360,卖盘
1048,14:01:33,7.37,--,58,42746,买盘
1049,14:01:27,7.37,--,13,9581,买盘
1050,14:01:24,7.37,--,16,11792,买盘
1051,14:01:21,7.37,--,13,9581,买盘
1052,14:01:18,7.37,0.01,9,6633,买盘
1053,14:01:15,7.36,-0.01,72,52992,卖盘
1054,14:01:12,7.37,0.01,26,19162,买盘
1055,14:01:09,7.36,-0.01,41,30176,卖盘
1056,14:01:06,7.37,0.01,20,14740,买盘
1057,14:01:03,7.36,--,10,7360,卖盘
1058,14:01:00,7.36,-0.01,10,7360,卖盘
1059,14:00:57,7.37,--,4,2948,买盘
1060,14:00:54,7.37,--,22,16214,买盘
1061,14:00:51,7.37,--,23,16951,买盘
1062,14:00:48,7.37,--,45,33165,买盘
1063,14:00:45,7.37,--,17,12529,买盘
1064,14:00:42,7.37,--,4,2948,买盘
1065,14:00:39,7.37,--,8,5896,买盘
1066,14:00:36,7.37,0.01,2,1474,买盘
1067,14:00:33,7.36,-0.01,28,20608,卖盘
1068,14:00:30,7.37,--,23,16951,买盘
1069,14:00:27,7.37,--,140,103180,买盘
1070,14:00:24,7.37,--,17,12529,买盘
1071,14:00:21,7.37,--,24,17688,买盘
1072,14:00:15,7.37,0.01,60,44220,买盘
1073,14:00:12,7.36,-0.01,987,727145,卖盘
1074,14:00:06,7.37,0.01,11,8107,买盘
1075,14:00:03,7.36,-0.01,29,21344,卖盘
1076,14:00:00,7.37,--,23,16951,买盘
1077,13:59:57,7.37,--,107,78859,买盘
1078,13:59:54,7.37,--,24,17688,买盘
1079,13:59:51,7.37,--,4,2948,买盘
1080,13:59:48,7.37,--,2,1474,买盘
1081,13:59:42,7.37,--,28,20636,买盘
1082,13:59:39,7.37,0.01,24,17688,买盘
1083,13:59:36,7.36,-0.01,91,67469,卖盘
1084,13:59:33,7.37,--,72,53329,买盘
1085,13:59:30,7.37,--,17,12529,买盘
1086,13:59:27,7.37,--,28,20636,买盘
1087,13:59:24,7.37,0.01,5,3685,买盘
1088,13:59:21,7.36,-0.01,43,31648,卖盘
1089,13:59:18,7.37,--,66,48642,买盘
1090,13:59:15,7.37,--,282,207834,买盘
1091,13:59:12,7.37,--,39,28743,买盘
1092,13:59:09,7.37,--,14,10318,买盘
1093,13:59:00,7.37,--,23,16951,买盘
1094,13:58:57,7.37,--,17,12529,买盘
1095,13:58:51,7.37,--,1,737,买盘
1096,13:58:48,7.37,--,28,20636,买盘
1097,13:58:45,7.37,--,5,3685,买盘
1098,13:58:42,7.37,--,2,1474,买盘
1099,13:58:39,7.37,--,52,38324,买盘
1100,13:58:36,7.37,--,24,17688,买盘
1101,13:58:33,7.37,--,20,14740,买盘
1102,13:58:30,7.37,--,51,37587,买盘
1103,13:58:27,7.37,0.01,125,92125,买盘
1104,13:58:24,7.36,-0.01,45,33120,卖盘
1105,13:58:21,7.37,--,1,737,买盘
1106,13:58:18,7.37,--,4,2948,买盘
1107,13:58:15,7.37,--,7,5159,买盘
1108,13:58:12,7.37,--,4,2948,买盘
1109,13:58:09,7.37,--,17,12529,买盘
1110,13:58:06,7.37,--,15,11055,买盘
1111,13:58:03,7.37,--,9,6633,买盘
1112,13:58:00,7.37,--,34,25058,买盘
1113,13:57:57,7.37,--,13,9581,买盘
1114,13:57:54,7.37,--,45,33165,买盘
1115,13:57:51,7.37,--,90,66330,买盘
1116,13:57:48,7.37,--,44,32428,买盘
1117,13:57:45,7.37,--,289,212993,买盘
1118,13:57:42,7.37,0.01,110,81070,买盘
1119,13:57:39,7.36,-0.01,4,2944,卖盘
1120,13:57:36,7.37,--,3,2211,买盘
1121,13:57:33,7.37,--,29,21373,买盘
1122,13:57:30,7.37,--,22,16214,买盘
1123,13:57:27,7.37,0.01,3,2211,买盘
1124,13:57:24,7.36,-0.01,19,13984,卖盘
1125,13:57:21,7.37,0.01,21,15477,买盘
1126,13:57:18,7.36,-0.01,4,2944,卖盘
1127,13:57:15,7.37,0.01,39,28743,买盘
1128,13:57:12,7.36,-0.01,149,109664,卖盘
1129,13:57:09,7.37,--,20,14740,买盘
1130,13:57:06,7.37,--,51,37587,买盘
1131,13:57:03,7.37,--,18,13266,买盘
1132,13:56:57,7.37,--,65,47905,买盘
1133,13:56:54,7.37,0.01,23,16951,买盘
1134,13:56:51,7.36,-0.01,11,8096,卖盘
1135,13:56:48,7.37,--,4,2948,买盘
1136,13:56:45,7.37,--,25,18425,买盘
1137,13:56:42,7.37,0.01,20,14740,买盘
1138,13:56:39,7.36,-0.01,11,8096,卖盘
1139,13:56:36,7.37,--,96,70752,买盘
1140,13:56:33,7.37,--,2,1474,买盘
1141,13:56:30,7.37,0.01,21,15477,买盘
1142,13:56:27,7.36,--,27,19872,卖盘
1143,13:56:24,7.36,-0.01,135,99360,卖盘
1144,13:56:21,7.37,0.01,56,41272,买盘
1145,13:56:18,7.36,-0.01,14,10304,卖盘
1146,13:56:15,7.37,--,318,234366,买盘
1147,13:56:12,7.37,0.01,623,459151,买盘
1148,13:56:09,7.36,--,19,13984,卖盘
1149,13:56:06,7.36,-0.01,1,736,卖盘
1150,13:56:03,7.37,--,77,56749,买盘
1151,13:56:00,7.37,--,347,255739,买盘
1152,13:55:57,7.37,--,26,19162,买盘
1153,13:55:54,7.37,--,13,9581,买盘
1154,13:55:51,7.37,--,26,19162,买盘
1155,13:55:48,7.37,--,7,5159,买盘
1156,13:55:45,7.37,--,20,14740,买盘
1157,13:55:42,7.37,--,5,3685,买盘
1158,13:55:39,7.37,--,90,66330,买盘
1159,13:55:33,7.37,--,3,2211,买盘
1160,13:55:30,7.37,0.01,34,25058,买盘
1161,13:55:27,7.36,-0.01,113,83168,卖盘
1162,13:55:24,7.37,--,6,4422,买盘
1163,13:55:21,7.37,--,60,44220,买盘
1164,13:55:18,7.37,0.01,12,8844,买盘
1165,13:55:15,7.36,-0.01,3,2208,卖盘
1166,13:55:12,7.37,--,72,53064,买盘
1167,13:55:09,7.37,--,1050,773850,买盘
1168,13:55:06,7.37,--,18,13266,买盘
1169,13:55:03,7.37,0.01,201,148137,买盘
1170,13:55:00,7.36,--,98,72128,卖盘
1171,13:54:57,7.36,-0.01,2023,1488928,卖盘
1172,13:54:54,7.37,--,5,3685,买盘
1173,13:54:51,7.37,--,26,19162,买盘
1174,13:54:48,7.37,--,154,113498,买盘
1175,13:54:45,7.37,--,159,117183,买盘
1176,13:54:42,7.37,0.01,3,2211,买盘
1177,13:54:39,7.36,--,11,8096,卖盘
1178,13:54:36,7.36,-0.01,2,1472,卖盘
1179,13:54:33,7.37,--,12,8844,买盘
1180,13:54:30,7.37,--,33,24321,买盘
1181,13:54:27,7.37,0.01,18,13266,买盘
1182,13:54:24,7.36,--,141,103776,卖盘
1183,13:54:21,7.36,--,10,7360,卖盘
1184,13:54:18,7.36,--,17,12512,卖盘
1185,13:54:15,7.36,-0.01,29,21344,卖盘
1186,13:54:12,7.37,--,27,19899,买盘
1187,13:54:09,7.37,0.01,6,4422,买盘
1188,13:54:03,7.36,-0.01,1,736,卖盘
1189,13:54:00,7.37,--,75,55275,买盘
1190,13:53:57,7.37,--,30,22110,买盘
1191,13:53:51,7.37,0.01,11,8107,买盘
1192,13:53:48,7.36,--,14,10304,卖盘
1193,13:53:45,7.36,-0.01,2,1472,卖盘
1194,13:53:42,7.37,--,18,13266,买盘
1195,13:53:39,7.37,--,51,37587,买盘
1196,13:53:36,7.37,--,3,2211,买盘
1197,13:53:33,7.37,0.01,3,2211,买盘
1198,13:53:30,7.36,-0.01,1,736,卖盘
1199,13:53:27,7.37,--,31,22847,买盘
1200,13:53:24,7.37,0.01,3,2211,买盘
1201,13:53:21,7.36,--,43,31648,卖盘
1202,13:53:18,7.36,-0.01,28,20608,卖盘
1203,13:53:15,7.37,--,11,8107,买盘
1204,13:53:12,7.37,--,16,11792,买盘
1205,13:53:09,7.37,--,13,9581,买盘
1206,13:53:06,7.37,--,312,229944,买盘
1207,13:53:03,7.37,0.01,10,7370,买盘
1208,13:53:00,7.36,-0.01,9,6624,卖盘
1209,13:52:57,7.37,--,51,37587,买盘
1210,13:52:54,7.37,--,9,6633,买盘
1211,13:52:51,7.37,--,8,5896,买盘
1212,13:52:48,7.37,--,219,161403,买盘
1213,13:52:45,7.37,0.01,527,388399,买盘
1214,13:52:42,7.36,--,3,2208,买盘
1215,13:52:39,7.36,--,24,17664,买盘
1216,13:52:36,7.36,--,12,8832,买盘
1217,13:52:33,7.36,--,94,69184,买盘
1218,13:52:30,7.36,--,42,30912,买盘
1219,13:52:27,7.36,--,99,72864,买盘
1220,13:52:24,7.36,--,34,25024,买盘
1221,13:52:21,7.36,--,47,34592,买盘
1222,13:52:18,7.36,0.01,93,68911,买盘
1223,13:52:15,7.35,-0.01,236,173702,卖盘
1224,13:52:12,7.36,--,24,17664,买盘
1225,13:52:09,7.36,0.01,8,5888,买盘
1226,13:52:06,7.35,-0.01,56,41160,卖盘
1227,13:52:03,7.36,--,29,21344,买盘
1228,13:52:00,7.36,--,564,415104,卖盘
1229,13:51:54,7.36,-0.01,54,39744,卖盘
1230,13:51:51,7.37,--,6,4422,买盘
1231,13:51:48,7.37,--,163,120131,买盘
1232,13:51:45,7.37,--,512,377882,买盘
1233,13:51:42,7.37,--,2,1474,买盘
1234,13:51:39,7.37,0.01,34,25397,买盘
1235,13:51:36,7.36,--,144,106675,卖盘
1236,13:51:33,7.36,--,110,80960,卖盘
1237,13:51:30,7.36,-0.01,57,41952,卖盘
1238,13:51:27,7.37,0.01,18,13266,买盘
1239,13:51:24,7.36,--,53,39008,卖盘
1240,13:51:21,7.36,-0.01,2,1472,卖盘
1241,13:51:18,7.37,0.01,28,20636,买盘
1242,13:51:15,7.36,--,10,7360,卖盘
1243,13:51:12,7.36,-0.01,8,5888,卖盘
1244,13:51:09,7.37,--,20,14740,买盘
1245,13:51:06,7.37,--,8,5896,买盘
1246,13:51:00,7.37,0.01,57,42009,买盘
1247,13:50:57,7.36,-0.01,1204,886784,卖盘
1248,13:50:54,7.37,--,24,17688,买盘
1249,13:50:51,7.37,0.01,6,4422,买盘
1250,13:50:48,7.36,-0.01,23,16928,卖盘
1251,13:50:45,7.37,--,30,22110,买盘
1252,13:50:42,7.37,-0.01,165,121605,卖盘
1253,13:50:39,7.38,0.01,2,1476,买盘
1254,13:50:36,7.37,--,33,24321,卖盘
1255,13:50:33,7.37,-0.01,30,22110,卖盘
1256,13:50:30,7.38,--,14,10332,买盘
1257,13:50:27,7.38,0.01,19,14022,买盘
1258,13:50:24,7.37,-0.01,115,84755,卖盘
1259,13:50:21,7.38,--,48,35424,买盘
1260,13:50:18,7.38,0.01,267,197046,买盘
1261,13:50:15,7.37,-0.01,41,30946,卖盘
1262,13:50:12,7.38,--,23,16974,买盘
1263,13:50:09,7.38,--,9,6642,买盘
1264,13:50:06,7.38,0.01,22,16236,买盘
1265,13:50:03,7.37,-0.01,1,737,卖盘
1266,13:50:00,7.38,--,24,17712,买盘
1267,13:49:57,7.38,--,9,6642,买盘
1268,13:49:54,7.38,--,100,73800,买盘
1269,13:49:51,7.38,--,10,7380,买盘
1270,13:49:48,7.38,--,34,25092,买盘
1271,13:49:45,7.38,--,69,50922,买盘
1272,13:49:42,7.38,--,3,2214,买盘
1273,13:49:39,7.38,--,29,21402,买盘
1274,13:49:36,7.38,--,9,6642,买盘
1275,13:49:33,7.38,0.01,3,2214,买盘
1276,13:49:30,7.37,-0.01,2,1474,卖盘
1277,13:49:27,7.38,--,19,14022,买盘
1278,13:49:24,7.38,--,26,19188,买盘
1279,13:49:21,7.38,--,18,13284,买盘
1280,13:49:18,7.38,--,13,9594,买盘
1281,13:49:15,7.38,0.01,26,19188,买盘
1282,13:49:12,7.37,-0.01,60,44220,卖盘
1283,13:49:09,7.38,0.01,42,30996,买盘
1284,13:49:06,7.37,-0.01,152,112024,卖盘
1285,13:49:03,7.38,--,8,5904,买盘
1286,13:48:57,7.38,--,39,28782,买盘
1287,13:48:54,7.38,0.01,83,61254,买盘
1288,13:48:51,7.37,--,580,427460,卖盘
1289,13:48:48,7.37,--,318,234366,卖盘
1290,13:48:45,7.37,--,44,32428,卖盘
1291,13:48:42,7.37,--,22,16214,卖盘
1292,13:48:39,7.37,-0.01,5,3685,卖盘
1293,13:48:36,7.38,--,52,38376,买盘
1294,13:48:33,7.38,--,32,23616,买盘
1295,13:48:30,7.38,--,48,35424,买盘
1296,13:48:27,7.38,0.01,4,2952,买盘
1297,13:48:24,7.37,-0.01,130,95810,卖盘
1298,13:48:21,7.38,0.01,6,4428,买盘
1299,13:48:18,7.37,--,20,14740,卖盘
1300,13:48:15,7.37,-0.01,38,28006,卖盘
1301,13:48:12,7.38,--,90,66420,买盘
1302,13:48:09,7.38,--,6,4428,买盘
1303,13:48:06,7.38,0.01,20,14760,买盘
1304,13:48:03,7.37,--,73,53801,卖盘
1305,13:48:00,7.37,-0.01,2,1474,卖盘
1306,13:47:57,7.38,--,17,12546,买盘
1307,13:47:51,7.38,--,18,13284,买盘
1308,13:47:48,7.38,0.01,21,15498,买盘
1309,13:47:45,7.37,-0.01,9,6633,卖盘
1310,13:47:42,7.38,--,51,37638,买盘
1311,13:47:39,7.38,--,6,4428,买盘
1312,13:47:36,7.38,--,2,1476,买盘
1313,13:47:33,7.38,--,19,14022,买盘
1314,13:47:30,7.38,--,61,45018,买盘
1315,13:47:27,7.38,--,31,22878,买盘
1316,13:47:24,7.38,0.01,2,1476,买盘
1317,13:47:21,7.37,-0.01,17,12529,卖盘
1318,13:47:18,7.38,--,281,207378,买盘
1319,13:47:12,7.38,--,6,4428,买盘
1320,13:47:09,7.38,--,18,13284,买盘
1321,13:47:06,7.38,--,43,31734,买盘
1322,13:47:03,7.38,0.01,8,5904,买盘
1323,13:47:00,7.37,-0.01,111,81807,卖盘
1324,13:46:57,7.38,--,22,16236,买盘
1325,13:46:54,7.38,--,26,19188,买盘
1326,13:46:51,7.38,--,1,738,买盘
1327,13:46:48,7.38,--,2,1476,买盘
1328,13:46:45,7.38,--,34,25092,买盘
1329,13:46:42,7.38,--,21,15498,买盘
1330,13:46:39,7.38,0.01,26,19188,买盘
1331,13:46:36,7.37,-0.01,618,455466,卖盘
1332,13:46:33,7.38,0.01,63,46516,买盘
1333,13:46:30,7.37,-0.01,247,182039,卖盘
1334,13:46:27,7.38,0.01,99,73062,买盘
1335,13:46:24,7.37,-0.01,114,84018,卖盘
1336,13:46:21,7.38,0.01,94,69372,买盘
1337,13:46:18,7.37,-0.01,27,19899,卖盘
1338,13:46:15,7.38,--,22,16236,买盘
1339,13:46:12,7.38,0.01,7,5166,买盘
1340,13:46:09,7.37,-0.01,3,2211,卖盘
1341,13:46:06,7.38,--,28,20664,买盘
1342,13:46:03,7.38,--,16,11808,买盘
1343,13:46:00,7.38,0.01,19,14022,买盘
1344,13:45:57,7.37,-0.01,51,37587,卖盘
1345,13:45:51,7.38,0.01,38,28044,买盘
1346,13:45:48,7.37,-0.01,250,184250,卖盘
1347,13:45:42,7.38,--,38,28044,买盘
1348,13:45:39,7.38,--,25,18450,买盘
1349,13:45:36,7.38,--,10,7380,买盘
1350,13:45:33,7.38,--,96,70848,买盘
1351,13:45:30,7.38,--,120,88560,买盘
1352,13:45:27,7.38,--,21,15498,买盘
1353,13:45:24,7.38,--,126,92988,买盘
1354,13:45:21,7.38,0.01,27,20272,买盘
1355,13:45:18,7.37,-0.01,98,72226,卖盘
1356,13:45:15,7.38,--,34,25092,买盘
1357,13:45:12,7.38,0.01,27,19926,买盘
1358,13:45:09,7.37,--,26,19162,卖盘
1359,13:45:06,7.37,--,19,14003,卖盘
1360,13:45:03,7.37,-0.01,33,24321,卖盘
1361,13:45:00,7.38,0.01,24,17712,买盘
1362,13:44:57,7.37,--,140,103180,卖盘
1363,13:44:54,7.37,-0.01,60,44220,卖盘
1364,13:44:51,7.38,--,2,1476,买盘
1365,13:44:48,7.38,0.01,9,6642,买盘
1366,13:44:45,7.37,--,105,77385,卖盘
1367,13:44:42,7.37,--,108,79596,卖盘
1368,13:44:39,7.37,-0.01,827,609499,卖盘
1369,13:44:36,7.38,--,90,66420,买盘
1370,13:44:33,7.38,--,11,8118,买盘
1371,13:44:30,7.38,--,15,11070,买盘
1372,13:44:27,7.38,--,180,132840,买盘
1373,13:44:24,7.38,--,19,14022,买盘
1374,13:44:18,7.38,0.01,21,15498,买盘
1375,13:44:15,7.37,-0.01,457,336853,卖盘
1376,13:44:12,7.38,--,24,17712,买盘
1377,13:44:09,7.38,0.01,83,61254,买盘
1378,13:44:06,7.37,--,106,78122,卖盘
1379,13:44:03,7.37,-0.01,11,8107,卖盘
1380,13:43:54,7.38,--,102,75276,买盘
1381,13:43:51,7.38,0.01,1,738,买盘
1382,13:43:48,7.37,-0.01,13,9581,卖盘
1383,13:43:45,7.38,--,5,3690,买盘
1384,13:43:42,7.38,--,63,46494,买盘
1385,13:43:36,7.38,--,2,1476,买盘
1386,13:43:33,7.38,0.01,25,18450,买盘
1387,13:43:30,7.37,-0.01,5,3685,卖盘
1388,13:43:27,7.38,--,2,1476,买盘
1389,13:43:24,7.38,--,4,2952,买盘
1390,13:43:21,7.38,0.01,4,2952,买盘
1391,13:43:18,7.37,--,12,8844,卖盘
1392,13:43:15,7.37,-0.01,10,7370,卖盘
1393,13:43:12,7.38,--,16,11808,买盘
1394,13:43:09,7.38,0.01,11,8118,买盘
1395,13:43:06,7.37,-0.01,235,173386,卖盘
1396,13:42:57,7.38,0.01,3,2214,买盘
1397,13:42:51,7.37,-0.01,2,1474,卖盘
1398,13:42:48,7.38,--,10,7380,买盘
1399,13:42:45,7.38,--,160,118080,买盘
1400,13:42:42,7.38,--,36,26568,买盘
1401,13:42:39,7.38,--,2,1476,买盘
1402,13:42:36,7.38,--,26,19188,买盘
1403,13:42:33,7.38,0.01,15,11070,买盘
1404,13:42:30,7.37,-0.01,2,1474,卖盘
1405,13:42:27,7.38,0.01,40,29520,买盘
1406,13:42:24,7.37,-0.01,239,176231,卖盘
1407,13:42:21,7.38,0.01,4,2952,买盘
1408,13:42:18,7.37,--,16,11792,卖盘
1409,13:42:15,7.37,-0.01,137,100969,卖盘
1410,13:42:12,7.38,--,6,4428,买盘
1411,13:42:09,7.38,--,3,2214,买盘
1412,13:42:06,7.38,--,22,16236,买盘
1413,13:42:03,7.38,--,17,12546,买盘
1414,13:41:57,7.38,0.01,14,10332,买盘
1415,13:41:54,7.37,-0.01,18,13266,卖盘
1416,13:41:51,7.38,--,3,2214,买盘
1417,13:41:48,7.38,--,22,16236,买盘
1418,13:41:45,7.38,--,148,109224,买盘
1419,13:41:42,7.38,--,31,22878,买盘
1420,13:41:39,7.38,--,34,25092,买盘
1421,13:41:36,7.38,0.01,174,128412,买盘
1422,13:41:33,7.37,-0.01,4,2948,卖盘
1423,13:41:30,7.38,--,5,3690,买盘
1424,13:41:27,7.38,0.01,13,9594,买盘
1425,13:41:24,7.37,-0.01,7,5159,卖盘
1426,13:41:21,7.38,--,5,3690,买盘
1427,13:41:18,7.38,--,8,5904,买盘
1428,13:41:15,7.38,--,159,117342,买盘
1429,13:41:12,7.38,--,22,16236,买盘
1430,13:41:09,7.38,--,11,8118,买盘
1431,13:41:06,7.38,-0.01,172,126936,卖盘
1432,13:41:03,7.39,--,95,70205,买盘
1433,13:40:54,7.39,--,11,8129,买盘
1434,13:40:51,7.39,0.01,370,273430,买盘
1435,13:40:48,7.38,-0.01,154,113652,卖盘
1436,13:40:45,7.39,--,45,33255,买盘
1437,13:40:42,7.39,--,77,56903,买盘
1438,13:40:39,7.39,0.01,5,3695,买盘
1439,13:40:36,7.38,-0.01,22,16236,卖盘
1440,13:40:33,7.39,0.01,35,25865,买盘
1441,13:40:30,7.38,-0.01,83,61254,卖盘
1442,13:40:27,7.39,--,21,15519,买盘
1443,13:40:24,7.39,--,179,132281,买盘
1444,13:40:21,7.39,--,85,62815,买盘
1445,13:40:18,7.39,0.01,15,11085,买盘
1446,13:40:15,7.38,-0.01,24,17712,卖盘
1447,13:40:12,7.39,0.01,76,56164,买盘
1448,13:40:09,7.38,-0.01,18,13284,卖盘
1449,13:40:06,7.39,--,105,77595,买盘
1450,13:40:03,7.39,--,14,10346,买盘
1451,13:40:00,7.39,--,56,41384,买盘
1452,13:39:57,7.39,--,77,56903,买盘
1453,13:39:54,7.39,--,206,152234,买盘
1454,13:39:51,7.39,--,6,4434,买盘
1455,13:39:48,7.39,--,64,47296,买盘
1456,13:39:45,7.39,--,33,24387,买盘
1457,13:39:42,7.39,0.02,72,53208,买盘
1458,13:39:39,7.37,-0.01,193,142830,卖盘
1459,13:39:33,7.38,--,8,5904,买盘
1460,13:39:30,7.38,--,50,36900,买盘
1461,13:39:27,7.38,--,3,2214,买盘
1462,13:39:24,7.38,--,23,16974,买盘
1463,13:39:18,7.38,--,130,95940,买盘
1464,13:39:15,7.38,--,729,538002,买盘
1465,13:39:12,7.38,--,8,5904,买盘
1466,13:39:09,7.38,--,2,1476,买盘
1467,13:39:06,7.38,--,21,15498,买盘
1468,13:39:03,7.38,--,1,738,买盘
1469,13:39:00,7.38,--,33,24354,买盘
1470,13:38:57,7.38,--,1,738,买盘
1471,13:38:54,7.38,--,22,16236,买盘
1472,13:38:51,7.38,--,161,118818,买盘
1473,13:38:48,7.38,--,2,1476,买盘
1474,13:38:45,7.38,--,5,3690,买盘
1475,13:38:42,7.38,--,61,45018,买盘
1476,13:38:39,7.38,--,2,1476,买盘
1477,13:38:36,7.38,--,4,2952,买盘
1478,13:38:33,7.38,--,78,57564,买盘
1479,13:38:30,7.38,--,7,5166,买盘
1480,13:38:27,7.38,0.01,8,5904,买盘
1481,13:38:24,7.37,-0.01,119,87703,卖盘
1482,13:38:21,7.38,--,1,738,买盘
1483,13:38:18,7.38,--,20,14760,买盘
1484,13:38:15,7.38,--,31,22878,买盘
1485,13:38:12,7.38,--,19,14022,买盘
1486,13:38:09,7.38,0.01,127,93726,买盘
1487,13:38:06,7.37,-0.01,2,1474,中性盘
1488,13:37:57,7.38,0.02,11,8118,买盘
1489,13:37:51,7.36,-0.02,5,3680,卖盘
1490,13:37:48,7.38,0.01,4,2952,买盘
1491,13:37:45,7.37,-0.01,15,11055,中性盘
1492,13:37:42,7.38,--,5,3690,买盘
1493,13:37:39,7.38,--,2,1476,买盘
1494,13:37:33,7.38,0.03,28,20664,中性盘
1495,13:37:30,7.35,-0.04,199,146265,卖盘
1496,13:37:27,7.39,0.02,4687,3463693,买盘
1497,13:37:24,7.37,--,2,1474,买盘
1498,13:37:21,7.37,0.02,100,73700,买盘
1499,13:37:18,7.35,-0.01,962,707070,卖盘
1500,13:37:12,7.36,--,5,3680,买盘
1501,13:37:09,7.36,--,10,7360,买盘
1502,13:37:06,7.36,--,22,16192,买盘
1503,13:37:03,7.36,--,192,141746,卖盘
1504,13:37:00,7.36,--,18,13248,卖盘
1505,13:36:54,7.36,-0.01,10,7360,卖盘
1506,13:36:51,7.37,--,57,42009,买盘
1507,13:36:48,7.37,0.01,200,147400,买盘
1508,13:36:45,7.36,--,150,110400,卖盘
1509,13:36:42,7.36,--,13,9568,卖盘
1510,13:36:39,7.36,-0.01,3,2649,卖盘
1511,13:36:36,7.37,--,8,5896,买盘
1512,13:36:33,7.37,--,10,7370,买盘
1513,13:36:30,7.37,0.01,81,59697,买盘
1514,13:36:27,7.36,-0.01,52,38272,卖盘
1515,13:36:24,7.37,0.01,19,14003,买盘
1516,13:36:21,7.36,-0.01,137,100832,卖盘
1517,13:36:18,7.37,--,4,2948,买盘
1518,13:36:12,7.37,--,69,50853,买盘
1519,13:36:09,7.37,0.01,39,28743,买盘
1520,13:36:06,7.36,--,245,180320,卖盘
1521,13:36:03,7.36,-0.01,27,19872,卖盘
1522,13:35:57,7.37,0.01,1,737,买盘
1523,13:35:51,7.36,-0.01,52,38272,卖盘
1524,13:35:48,7.37,0.01,60,44220,买盘
1525,13:35:45,7.36,-0.01,2,1472,卖盘
1526,13:35:42,7.37,0.01,5,3685,买盘
1527,13:35:39,7.36,-0.01,84,61824,卖盘
1528,13:35:36,7.37,0.01,1,737,买盘
1529,13:35:33,7.36,-0.01,8,5888,卖盘
1530,13:35:30,7.37,--,20,14740,买盘
1531,13:35:27,7.37,--,104,76648,买盘
1532,13:35:24,7.37,0.01,4,2948,买盘
1533,13:35:21,7.36,--,88,64768,卖盘
1534,13:35:18,7.36,-0.01,916,674176,卖盘
1535,13:35:15,7.37,--,7,5159,买盘
1536,13:35:12,7.37,--,12,8844,买盘
1537,13:35:09,7.37,--,5,3685,买盘
1538,13:35:06,7.37,0.01,32,23584,买盘
1539,13:35:00,7.36,-0.01,20,14720,卖盘
1540,13:34:57,7.37,0.01,10,7370,买盘
1541,13:34:54,7.36,-0.01,23,16928,卖盘
1542,13:34:51,7.37,--,11,8107,买盘
1543,13:34:48,7.37,--,3,2211,买盘
1544,13:34:45,7.37,--,1,737,买盘
1545,13:34:42,7.37,--,12,8844,买盘
1546,13:34:39,7.37,--,3,2211,买盘
1547,13:34:36,7.37,--,69,50853,买盘
1548,13:34:33,7.37,--,18,13266,买盘
1549,13:34:30,7.37,--,8,5896,买盘
1550,13:34:27,7.37,--,126,92862,买盘
1551,13:34:24,7.37,--,112,82544,买盘
1552,13:34:21,7.37,--,83,61171,买盘
1553,13:34:18,7.37,--,28,20636,买盘
1554,13:34:15,7.37,0.01,71,52327,买盘
1555,13:34:12,7.36,-0.01,49,36064,卖盘
1556,13:34:09,7.37,--,11,8107,买盘
1557,13:34:06,7.37,0.01,3,2211,买盘
1558,13:34:03,7.36,-0.01,48,35328,卖盘
1559,13:34:00,7.37,0.01,111,81807,买盘
1560,13:33:57,7.36,--,10,7360,卖盘
1561,13:33:54,7.36,-0.01,1,736,卖盘
1562,13:33:51,7.37,--,6,4422,买盘
1563,13:33:48,7.37,0.01,18,13266,买盘
1564,13:33:45,7.36,-0.01,49,36064,卖盘
1565,13:33:42,7.37,--,7,5159,买盘
1566,13:33:39,7.37,0.01,2,1474,买盘
1567,13:33:36,7.36,-0.01,2,1472,卖盘
1568,13:33:33,7.37,--,10,7370,买盘
1569,13:33:30,7.37,--,9,6633,买盘
1570,13:33:27,7.37,--,9,6633,买盘
1571,13:33:24,7.37,--,4,2948,买盘
1572,13:33:21,7.37,--,43,31691,买盘
1573,13:33:18,7.37,--,12,8844,买盘
1574,13:33:15,7.37,0.01,42,30954,买盘
1575,13:33:12,7.36,-0.01,38,27968,卖盘
1576,13:33:06,7.37,--,13,9581,买盘
1577,13:33:03,7.37,0.01,5,3685,买盘
1578,13:33:00,7.36,--,10,7360,卖盘
1579,13:32:57,7.36,--,80,59476,买盘
1580,13:32:51,7.36,-0.01,65,47913,卖盘
1581,13:32:48,7.37,0.01,288,212256,买盘
1582,13:32:42,7.36,-0.01,13,9568,卖盘
1583,13:32:39,7.37,--,2,1474,买盘
1584,13:32:36,7.37,--,8,5896,买盘
1585,13:32:33,7.37,0.01,2,1474,买盘
1586,13:32:30,7.36,-0.01,23,16928,卖盘
1587,13:32:27,7.37,--,2,1474,买盘
1588,13:32:24,7.37,--,15,11055,买盘
1589,13:32:21,7.37,0.01,182,134134,买盘
1590,13:32:18,7.36,--,30,22742,买盘
1591,13:32:15,7.36,--,145,107448,卖盘
1592,13:32:12,7.36,-0.01,7,5152,卖盘
1593,13:32:09,7.37,0.01,7,5159,买盘
1594,13:32:06,7.36,--,61,44896,卖盘
1595,13:32:03,7.36,--,12,8832,卖盘
1596,13:31:54,7.36,-0.01,41,30176,卖盘
1597,13:31:51,7.37,--,33,24321,买盘
1598,13:31:48,7.37,--,2,1474,买盘
1599,13:31:45,7.37,--,5,3685,买盘
1600,13:31:42,7.37,0.01,38,28006,买盘
1601,13:31:39,7.36,--,14,10304,卖盘
1602,13:31:36,7.36,--,45,33120,卖盘
1603,13:31:33,7.36,--,22,16192,卖盘
1604,13:31:30,7.36,-0.01,4,2944,卖盘
1605,13:31:27,7.37,0.01,40,29480,买盘
1606,13:31:24,7.36,--,875,644544,卖盘
1607,13:31:21,7.36,-0.01,4,2944,卖盘
1608,13:31:18,7.37,0.01,3,2211,买盘
1609,13:31:15,7.36,-0.01,16,11776,卖盘
1610,13:31:12,7.37,--,11,8107,买盘
1611,13:31:09,7.37,--,2,1474,买盘
1612,13:31:06,7.37,0.01,10,7370,买盘
1613,13:31:03,7.36,-0.01,9,6624,卖盘
1614,13:30:57,7.37,--,45,33165,买盘
1615,13:30:54,7.37,0.01,13,9581,买盘
1616,13:30:51,7.36,-0.01,4,2944,卖盘
1617,13:30:48,7.37,--,4,2948,买盘
1618,13:30:45,7.37,--,20,14740,买盘
1619,13:30:42,7.37,--,15,11055,买盘
1620,13:30:36,7.37,0.01,107,78859,买盘
1621,13:30:33,7.36,-0.01,56,41216,卖盘
1622,13:30:30,7.37,--,28,20636,买盘
1623,13:30:27,7.37,0.01,42,30954,买盘
1624,13:30:24,7.36,--,41,30176,卖盘
1625,13:30:21,7.36,-0.01,127,93685,卖盘
1626,13:30:18,7.37,--,50,36850,买盘
1627,13:30:15,7.37,--,4,2948,买盘
1628,13:30:12,7.37,0.01,10,7370,买盘
1629,13:30:09,7.36,-0.01,101,74336,卖盘
1630,13:30:06,7.37,--,8,5896,买盘
1631,13:30:03,7.37,--,11,8107,买盘
1632,13:30:00,7.37,--,3,2211,买盘
1633,13:29:57,7.37,--,79,58223,买盘
1634,13:29:51,7.37,--,2,1474,买盘
1635,13:29:48,7.37,--,11,8107,买盘
1636,13:29:45,7.37,--,130,95810,买盘
1637,13:29:42,7.37,--,48,35376,买盘
1638,13:29:39,7.37,0.01,14,10318,买盘
1639,13:29:36,7.36,-0.01,96,70656,卖盘
1640,13:29:33,7.37,--,10,7370,买盘
1641,13:29:30,7.37,--,19,14003,买盘
1642,13:29:27,7.37,--,3,2211,买盘
1643,13:29:24,7.37,--,2,1474,买盘
1644,13:29:21,7.37,--,111,81807,买盘
1645,13:29:18,7.37,--,9,6633,买盘
1646,13:29:15,7.37,--,212,156244,买盘
1647,13:29:12,7.37,--,14,10318,买盘
1648,13:29:09,7.37,0.01,1,737,买盘
1649,13:29:06,7.36,--,8,5888,卖盘
1650,13:29:03,7.36,-0.01,133,97888,卖盘
1651,13:29:00,7.37,0.01,26,19162,买盘
1652,13:28:57,7.36,-0.01,189,139104,卖盘
1653,13:28:54,7.37,--,6,4422,买盘
1654,13:28:51,7.37,--,166,122342,买盘
1655,13:28:48,7.37,--,191,140767,买盘
1656,13:28:45,7.37,--,44,32428,买盘
1657,13:28:42,7.37,0.01,309,227733,买盘
1658,13:28:39,7.36,-0.01,5,3680,卖盘
1659,13:28:36,7.37,--,46,33902,买盘
1660,13:28:33,7.37,--,94,69278,买盘
1661,13:28:30,7.37,--,46,33902,买盘
1662,13:28:27,7.37,--,2,1474,买盘
1663,13:28:24,7.37,0.01,79,58223,买盘
1664,13:28:21,7.36,-0.01,254,186944,卖盘
1665,13:28:18,7.37,--,117,86229,买盘
1666,13:28:15,7.37,--,102,75174,买盘
1667,13:28:12,7.37,--,5,3685,买盘
1668,13:28:09,7.37,0.01,6,4422,买盘
1669,13:28:06,7.36,-0.01,105,77280,卖盘
1670,13:28:03,7.37,0.01,9,6633,买盘
1671,13:27:57,7.36,-0.01,61,44896,卖盘
1672,13:27:54,7.37,--,99,72963,买盘
1673,13:27:51,7.37,--,180,132660,买盘
1674,13:27:48,7.37,--,43,31691,买盘
1675,13:27:45,7.37,--,30,22110,买盘
1676,13:27:42,7.37,--,59,43483,买盘
1677,13:27:39,7.37,--,44,32428,买盘
1678,13:27:33,7.37,--,65,47905,买盘
1679,13:27:30,7.37,0.01,73,53801,买盘
1680,13:27:27,7.36,-0.01,21,15456,卖盘
1681,13:27:24,7.37,--,3,2211,买盘
1682,13:27:21,7.37,0.01,90,66330,买盘
1683,13:27:18,7.36,-0.01,17,13233,卖盘
1684,13:27:15,7.37,--,16,11792,买盘
1685,13:27:12,7.37,0.01,9,6633,买盘
1686,13:27:09,7.36,-0.01,21,15456,卖盘
1687,13:27:06,7.37,--,9,6633,买盘
1688,13:27:00,7.37,--,8,5896,买盘
1689,13:26:57,7.37,0.01,17,12529,买盘
1690,13:26:54,7.36,0.01,25,18400,买盘
1691,13:26:51,7.35,-0.02,21,15435,卖盘
1692,13:26:48,7.37,0.02,19,14003,买盘
1693,13:26:45,7.35,-0.02,2,1470,卖盘
1694,13:26:42,7.37,--,9,6633,买盘
1695,13:26:39,7.37,--,29,21373,买盘
1696,13:26:36,7.37,0.01,334,246158,买盘
1697,13:26:33,7.36,--,48,35328,卖盘
1698,13:26:30,7.36,-0.01,124,91264,卖盘
1699,13:26:27,7.37,--,7,5159,买盘
1700,13:26:24,7.37,0.01,18,13266,买盘
1701,13:26:21,7.36,-0.01,126,92736,卖盘
1702,13:26:18,7.37,--,13,9581,买盘
1703,13:26:15,7.37,--,211,155507,买盘
1704,13:26:12,7.37,0.01,72,53064,买盘
1705,13:26:09,7.36,-0.01,35,25760,卖盘
1706,13:26:06,7.37,0.01,7,5159,买盘
1707,13:26:03,7.36,-0.01,180,132480,卖盘
1708,13:26:00,7.37,--,7,5159,买盘
1709,13:25:57,7.37,--,19,14003,买盘
1710,13:25:54,7.37,0.01,34,25058,买盘
1711,13:25:51,7.36,-0.01,6,4416,卖盘
1712,13:25:48,7.37,--,10,7370,买盘
1713,13:25:45,7.37,--,53,39061,买盘
1714,13:25:42,7.37,0.01,8,5896,买盘
1715,13:25:39,7.36,-0.01,30,22080,卖盘
1716,13:25:36,7.37,--,45,33165,买盘
1717,13:25:33,7.37,--,70,51590,买盘
1718,13:25:30,7.37,--,8,5896,买盘
1719,13:25:27,7.37,--,18,13266,买盘
1720,13:25:24,7.37,0.01,61,44957,买盘
1721,13:25:21,7.36,-0.01,1,736,卖盘
1722,13:25:18,7.37,--,23,16951,买盘
1723,13:25:12,7.37,--,13,9581,买盘
1724,13:25:09,7.37,0.01,11,8107,买盘
1725,13:25:06,7.36,--,48,35328,买盘
1726,13:25:03,7.36,-0.01,32,23552,中性盘
1727,13:25:00,7.37,0.01,71,52327,买盘
1728,13:24:57,7.36,--,8,5888,卖盘
1729,13:24:54,7.36,-0.01,60,44160,卖盘
1730,13:24:51,7.37,--,24,17688,买盘
1731,13:24:48,7.37,--,765,563805,买盘
1732,13:24:45,7.37,0.02,10,7370,买盘
1733,13:24:42,7.35,--,40,29400,卖盘
1734,13:24:39,7.35,-0.02,30,22050,卖盘
1735,13:24:36,7.37,--,20,14740,买盘
1736,13:24:33,7.37,--,2,1474,买盘
1737,13:24:30,7.37,0.01,24,17688,买盘
1738,13:24:27,7.36,--,12,8832,买盘
1739,13:24:24,7.36,--,22,16192,买盘
1740,13:24:21,7.36,-0.01,93,68448,卖盘
1741,13:24:18,7.37,--,3,2211,买盘
1742,13:24:15,7.37,--,25,18425,买盘
1743,13:24:12,7.37,--,15,11055,买盘
1744,13:24:09,7.37,--,31,22847,买盘
1745,13:24:06,7.37,0.01,8,5896,买盘
1746,13:24:03,7.36,-0.01,44,32384,卖盘
1747,13:24:00,7.37,--,24,17688,买盘
1748,13:23:54,7.37,--,21,15477,买盘
1749,13:23:51,7.37,0.01,66,48642,买盘
1750,13:23:48,7.36,-0.01,137,100832,卖盘
1751,13:23:45,7.37,--,1,737,买盘
1752,13:23:42,7.37,0.01,11,8107,买盘
1753,13:23:39,7.36,-0.01,42,30912,卖盘
1754,13:23:36,7.37,--,3,2211,买盘
1755,13:23:33,7.37,--,85,62645,买盘
1756,13:23:30,7.37,--,514,378818,买盘
1757,13:23:27,7.37,0.01,33,24321,买盘
1758,13:23:24,7.36,-0.01,5,3680,卖盘
1759,13:23:21,7.37,--,30,22110,买盘
1760,13:23:18,7.37,0.02,90,66330,买盘
1761,13:23:15,7.35,-0.02,85,62475,卖盘
1762,13:23:12,7.37,--,23,16951,买盘
1763,13:23:09,7.37,--,86,63382,买盘
1764,13:23:06,7.37,--,8,5896,买盘
1765,13:23:03,7.37,--,25,18425,买盘
1766,13:23:00,7.37,0.01,52,38324,买盘
1767,13:22:57,7.36,-0.01,17,12512,卖盘
1768,13:22:54,7.37,0.01,17,12529,买盘
1769,13:22:51,7.36,--,58,42688,买盘
1770,13:22:48,7.36,--,20,14720,买盘
1771,13:22:45,7.36,--,16,11776,中性盘
1772,13:22:42,7.36,0.01,106,78016,买盘
1773,13:22:39,7.35,-0.01,26,19110,卖盘
1774,13:22:36,7.36,--,35,25760,买盘
1775,13:22:33,7.36,--,27,19872,买盘
1776,13:22:30,7.36,--,43,31648,买盘
1777,13:22:27,7.36,--,19,13984,买盘
1778,13:22:24,7.36,--,20,14720,买盘
1779,13:22:21,7.36,--,15,11040,买盘
1780,13:22:18,7.36,--,49,36064,卖盘
1781,13:22:15,7.36,-0.01,26,19136,卖盘
1782,13:22:12,7.37,--,5,3685,买盘
1783,13:22:09,7.37,--,28,20636,买盘
1784,13:22:06,7.37,--,103,75911,买盘
1785,13:22:03,7.37,--,1328,978736,买盘
1786,13:22:00,7.37,0.01,144,106128,买盘
1787,13:21:54,7.36,--,58,42688,卖盘
1788,13:21:51,7.36,-0.01,42,30912,卖盘
1789,13:21:48,7.37,--,110,81070,买盘
1790,13:21:45,7.37,--,2,1474,买盘
1791,13:21:42,7.37,--,2,1474,买盘
1792,13:21:39,7.37,--,42,30954,买盘
1793,13:21:36,7.37,0.01,58,42746,买盘
1794,13:21:33,7.36,0.01,23,16928,买盘
1795,13:21:30,7.35,-0.01,71,52185,卖盘
1796,13:21:27,7.36,--,3,2208,买盘
1797,13:21:24,7.36,--,47,34592,买盘
1798,13:21:21,7.36,--,8,5888,买盘
1799,13:21:18,7.36,--,25,18400,卖盘
1800,13:21:15,7.36,-0.01,41,30176,卖盘
1801,13:21:12,7.37,0.01,46,33902,买盘
1802,13:21:09,7.36,-0.01,2,1472,卖盘
1803,13:21:06,7.37,0.02,40,29480,买盘
1804,13:21:03,7.35,-0.02,971,713685,卖盘
1805,13:21:00,7.37,--,7,5159,买盘
1806,13:20:57,7.37,--,32,23584,买盘
1807,13:20:51,7.37,0.01,10,7370,买盘
1808,13:20:48,7.36,-0.01,13,9568,卖盘
1809,13:20:45,7.37,0.01,1,737,买盘
1810,13:20:42,7.36,-0.01,14,10304,卖盘
1811,13:20:39,7.37,0.01,11,8107,买盘
1812,13:20:36,7.36,-0.01,18,13248,卖盘
1813,13:20:33,7.37,--,2,1474,买盘
1814,13:20:30,7.37,--,12,8844,买盘
1815,13:20:27,7.37,--,31,22847,买盘
1816,13:20:24,7.37,--,161,118657,买盘
1817,13:20:21,7.37,0.01,133,98021,买盘
1818,13:20:18,7.36,-0.01,107,78752,卖盘
1819,13:20:15,7.37,--,211,155507,买盘
1820,13:20:12,7.37,--,17,12529,买盘
1821,13:20:09,7.37,--,2,1474,买盘
1822,13:20:06,7.37,--,12,8844,买盘
1823,13:20:03,7.37,--,5,3685,买盘
1824,13:20:00,7.37,0.01,38,28006,买盘
1825,13:19:57,7.36,-0.01,1000,736000,卖盘
1826,13:19:54,7.37,0.01,15,11055,买盘
1827,13:19:51,7.36,--,175,128800,卖盘
1828,13:19:48,7.36,-0.01,3,2208,卖盘
1829,13:19:42,7.37,--,10,7370,买盘
1830,13:19:39,7.37,0.01,2,1474,买盘
1831,13:19:36,7.36,-0.01,8,5888,卖盘
1832,13:19:33,7.37,--,2,1474,买盘
1833,13:19:30,7.37,--,14,10318,买盘
1834,13:19:27,7.37,0.02,28,20636,买盘
1835,13:19:24,7.35,-0.01,738,542430,卖盘
1836,13:19:21,7.36,--,54,39744,卖盘
1837,13:19:18,7.36,-0.01,50,36800,卖盘
1838,13:19:15,7.37,--,157,115709,买盘
1839,13:19:12,7.37,--,5,3685,买盘
1840,13:19:09,7.37,0.01,10,7370,买盘
1841,13:19:06,7.36,--,10,7360,卖盘
1842,13:19:03,7.36,-0.01,20,14720,卖盘
1843,13:19:00,7.37,--,49,36113,买盘
1844,13:18:57,7.37,0.01,33,24321,买盘
1845,13:18:54,7.36,-0.01,800,588800,卖盘
1846,13:18:51,7.37,0.01,41,30217,买盘
1847,13:18:48,7.36,-0.01,64,47104,卖盘
1848,13:18:45,7.37,--,10,7370,买盘
1849,13:18:42,7.37,0.01,3,2211,买盘
1850,13:18:39,7.36,--,12,8832,卖盘
1851,13:18:36,7.36,--,15,11040,卖盘
1852,13:18:33,7.36,-0.01,10,7360,卖盘
1853,13:18:30,7.37,--,7,5159,买盘
1854,13:18:27,7.37,0.01,2,1474,买盘
1855,13:18:24,7.36,--,17,12512,卖盘
1856,13:18:21,7.36,--,99,72864,卖盘
1857,13:18:18,7.36,--,4,2944,卖盘
1858,13:18:15,7.36,-0.01,44,32384,卖盘
1859,13:18:12,7.37,--,13,9581,买盘
1860,13:18:09,7.37,0.01,3,2211,买盘
1861,13:18:06,7.36,-0.01,12,8832,卖盘
1862,13:18:03,7.37,0.01,12,8844,买盘
1863,13:18:00,7.36,-0.01,17,12512,卖盘
1864,13:17:54,7.37,--,1,737,买盘
1865,13:17:51,7.37,--,39,28743,买盘
1866,13:17:48,7.37,0.01,14,10318,买盘
1867,13:17:45,7.36,-0.01,11,8096,卖盘
1868,13:17:42,7.37,--,2,1474,买盘
1869,13:17:39,7.37,--,10,7370,买盘
1870,13:17:36,7.37,--,3,2211,买盘
1871,13:17:33,7.37,--,3,2211,买盘
1872,13:17:30,7.37,--,20,14740,买盘
1873,13:17:27,7.37,--,11,8107,买盘
1874,13:17:24,7.37,0.01,19,14003,卖盘
1875,13:17:21,7.36,-0.01,563,414809,卖盘
1876,13:17:18,7.37,--,64,47168,买盘
1877,13:17:15,7.37,--,9,6633,买盘
1878,13:17:12,7.37,--,7,5159,买盘
1879,13:17:09,7.37,--,62,45694,买盘
1880,13:17:06,7.37,--,1910,1407670,买盘
1881,13:17:03,7.37,--,89,65593,买盘
1882,13:17:00,7.37,--,5,3685,买盘
1883,13:16:57,7.37,0.01,74,54538,买盘
1884,13:16:54,7.36,-0.01,1,736,卖盘
1885,13:16:51,7.37,0.01,8,5896,买盘
1886,13:16:48,7.36,--,3,2208,卖盘
1887,13:16:45,7.36,-0.01,1,736,卖盘
1888,13:16:42,7.37,--,10,7370,买盘
1889,13:16:36,7.37,--,1,737,买盘
1890,13:16:33,7.37,0.01,2,1474,买盘
1891,13:16:30,7.36,-0.01,37,27232,卖盘
1892,13:16:27,7.37,--,6,4422,买盘
1893,13:16:24,7.37,--,8,5896,买盘
1894,13:16:21,7.37,--,156,114972,买盘
1895,13:16:18,7.37,0.01,20,14740,买盘
1896,13:16:15,7.36,--,28,20608,卖盘
1897,13:16:12,7.36,-0.01,118,86848,卖盘
1898,13:16:06,7.37,--,33,24321,买盘
1899,13:16:03,7.37,--,5,3685,买盘
1900,13:16:00,7.37,--,2,1474,买盘
1901,13:15:57,7.37,--,9,6633,买盘
1902,13:15:51,7.37,--,1,737,买盘
1903,13:15:48,7.37,--,12,8844,买盘
1904,13:15:45,7.37,--,9,6633,买盘
1905,13:15:42,7.37,0.01,15,11055,买盘
1906,13:15:39,7.36,--,5,3680,卖盘
1907,13:15:33,7.36,--,31,22816,卖盘
1908,13:15:30,7.36,-0.01,58,42688,卖盘
1909,13:15:27,7.37,--,3,2211,买盘
1910,13:15:21,7.37,--,20,14740,买盘
1911,13:15:18,7.37,--,285,210045,买盘
1912,13:15:15,7.37,--,3,2211,买盘
1913,13:15:12,7.37,--,6,4422,买盘
1914,13:15:09,7.37,--,10,7370,买盘
1915,13:15:06,7.37,--,13,9581,买盘
1916,13:15:00,7.37,--,8,5896,买盘
1917,13:14:54,7.37,--,1,737,买盘
1918,13:14:51,7.37,--,2,1474,买盘
1919,13:14:48,7.37,0.01,12,8844,买盘
1920,13:14:45,7.36,-0.01,1,736,卖盘
1921,13:14:42,7.37,--,13,9581,买盘
1922,13:14:39,7.37,--,279,205623,买盘
1923,13:14:36,7.37,--,13,9581,买盘
1924,13:14:33,7.37,--,55,40535,买盘
1925,13:14:30,7.37,--,56,41272,买盘
1926,13:14:27,7.37,--,4,2948,买盘
1927,13:14:24,7.37,--,19,14003,买盘
1928,13:14:21,7.37,--,102,75174,买盘
1929,13:14:18,7.37,0.01,36,26532,买盘
1930,13:14:15,7.36,-0.01,18,13248,卖盘
1931,13:14:12,7.37,--,16,11792,买盘
1932,13:14:09,7.37,--,134,98758,买盘
1933,13:14:06,7.37,0.01,1,737,买盘
1934,13:14:03,7.36,-0.01,59,43424,卖盘
1935,13:13:57,7.37,--,20,14740,买盘
1936,13:13:54,7.37,--,26,19162,买盘
1937,13:13:51,7.37,0.01,42,30954,买盘
1938,13:13:48,7.36,-0.01,11,8096,卖盘
1939,13:13:45,7.37,--,101,74437,买盘
1940,13:13:42,7.37,--,3,2211,买盘
1941,13:13:39,7.37,--,8,5896,买盘
1942,13:13:36,7.37,--,2,1474,买盘
1943,13:13:33,7.37,--,9,6633,买盘
1944,13:13:30,7.37,--,240,176880,买盘
1945,13:13:27,7.37,0.01,2,1474,买盘
1946,13:13:24,7.36,--,1,736,卖盘
1947,13:13:21,7.36,--,11,8096,买盘
1948,13:13:18,7.36,--,11,8096,买盘
1949,13:13:15,7.36,--,77,56672,买盘
1950,13:13:12,7.36,-0.01,44,32384,卖盘
1951,13:13:09,7.37,0.01,113,83281,买盘
1952,13:13:06,7.36,0.01,10,7360,买盘
1953,13:13:00,7.35,--,1,735,卖盘
1954,13:12:57,7.35,-0.02,67,49245,卖盘
1955,13:12:54,7.37,0.01,7,5159,买盘
1956,13:12:51,7.36,--,56,41216,买盘
1957,13:12:48,7.36,0.01,81,59616,买盘
1958,13:12:45,7.35,-0.01,10,7350,卖盘
1959,13:12:42,7.36,--,15,11040,买盘
1960,13:12:36,7.36,--,49,36064,买盘
1961,13:12:33,7.36,--,38,27968,买盘
1962,13:12:27,7.36,--,8,5888,买盘
1963,13:12:21,7.36,--,131,96416,买盘
1964,13:12:18,7.36,--,54,39744,买盘
1965,13:12:15,7.36,--,33,24288,买盘
1966,13:12:12,7.36,--,9,6624,买盘
1967,13:12:09,7.36,0.01,12,8832,买盘
1968,13:12:06,7.35,-0.01,1,735,卖盘
1969,13:12:03,7.36,--,28,20608,买盘
1970,13:12:00,7.36,--,489,359904,买盘
1971,13:11:57,7.36,--,20,14720,买盘
1972,13:11:54,7.36,--,275,202400,买盘
1973,13:11:51,7.36,0.01,3,2208,买盘
1974,13:11:48,7.35,-0.01,50,36750,卖盘
1975,13:11:45,7.36,--,10,7360,买盘
1976,13:11:42,7.36,--,36,26496,买盘
1977,13:11:39,7.36,--,4,2944,买盘
1978,13:11:36,7.36,0.01,13,9568,买盘
1979,13:11:33,7.35,-0.01,35,25725,卖盘
1980,13:11:27,7.36,-0.01,41,30176,卖盘
1981,13:11:24,7.37,0.01,10,7370,买盘
1982,13:11:21,7.36,--,67,49312,卖盘
1983,13:11:18,7.36,-0.01,118,86848,卖盘
1984,13:11:15,7.37,--,1,737,买盘
1985,13:11:12,7.37,--,12,8844,买盘
1986,13:11:09,7.37,--,3,2211,买盘
1987,13:11:06,7.37,0.01,1,737,买盘
1988,13:11:03,7.36,-0.01,30,22080,卖盘
1989,13:11:00,7.37,0.01,7,5159,买盘
1990,13:10:57,7.36,--,46,33856,卖盘
1991,13:10:54,7.36,-0.01,99,72864,卖盘
1992,13:10:51,7.37,--,8,5896,买盘
1993,13:10:48,7.37,0.01,14,10318,买盘
1994,13:10:45,7.36,-0.01,16,11776,卖盘
1995,13:10:42,7.37,--,3,2211,买盘
1996,13:10:39,7.37,--,13,9581,买盘
1997,13:10:33,7.37,--,15,11055,买盘
1998,13:10:30,7.37,--,20,14740,买盘
1999,13:10:27,7.37,--,12,8844,买盘
2000,13:10:24,7.37,--,7,5159,买盘
2001,13:10:21,7.37,0.01,136,100232,买盘
2002,13:10:18,7.36,-0.01,11,8096,卖盘
2003,13:10:15,7.37,--,8,5896,买盘
2004,13:10:12,7.37,--,37,27269,买盘
2005,13:10:09,7.37,--,5,3685,买盘
2006,13:10:06,7.37,0.01,41,30217,买盘
2007,13:10:03,7.36,--,30,22080,卖盘
2008,13:10:00,7.36,--,6,4416,卖盘
2009,13:09:57,7.36,-0.01,8,5888,卖盘
2010,13:09:54,7.37,--,58,42746,买盘
2011,13:09:51,7.37,--,12,8844,买盘
2012,13:09:48,7.37,0.01,2,1474,买盘
2013,13:09:45,7.36,--,9,6624,卖盘
2014,13:09:42,7.36,-0.01,110,80960,卖盘
2015,13:09:39,7.37,--,1,737,买盘
2016,13:09:36,7.37,--,32,23584,买盘
2017,13:09:33,7.37,--,2,1474,买盘
2018,13:09:30,7.37,--,15,11055,买盘
2019,13:09:27,7.37,--,202,148874,买盘
2020,13:09:24,7.37,0.01,19,14003,买盘
2021,13:09:21,7.36,-0.01,9,6624,卖盘
2022,13:09:18,7.37,--,14,10318,买盘
2023,13:09:15,7.37,--,2,1474,买盘
2024,13:09:12,7.37,--,6,4422,买盘
2025,13:09:09,7.37,--,7,5159,买盘
2026,13:09:06,7.37,--,12,8844,买盘
2027,13:09:03,7.37,--,291,214467,买盘
2028,13:08:57,7.37,0.01,18,13266,买盘
2029,13:08:54,7.36,--,246,181056,买盘
2030,13:08:51,7.36,0.01,33,24288,买盘
2031,13:08:48,7.35,-0.01,15,11025,卖盘
2032,13:08:45,7.36,--,19,13984,买盘
2033,13:08:42,7.36,--,102,75072,买盘
2034,13:08:39,7.36,--,3,2208,买盘
2035,13:08:36,7.36,--,12,8832,买盘
2036,13:08:33,7.36,--,8,5888,买盘
2037,13:08:30,7.36,--,80,58880,买盘
2038,13:08:27,7.36,--,12,8832,买盘
2039,13:08:24,7.36,--,14,10304,买盘
2040,13:08:21,7.36,0.01,62,45632,买盘
2041,13:08:18,7.35,-0.01,87,63945,卖盘
2042,13:08:15,7.36,--,15,11040,买盘
2043,13:08:12,7.36,0.01,12,8832,买盘
2044,13:08:09,7.35,-0.01,6,4410,卖盘
2045,13:08:06,7.36,0.01,2,1472,买盘
2046,13:08:03,7.35,-0.01,5,3675,卖盘
2047,13:08:00,7.36,0.01,11,8096,买盘
2048,13:07:57,7.35,-0.01,15,11025,卖盘
2049,13:07:51,7.36,--,10,7360,买盘
2050,13:07:48,7.36,0.01,14,10304,买盘
2051,13:07:45,7.35,-0.01,36,26460,卖盘
2052,13:07:42,7.36,--,2,1472,买盘
2053,13:07:39,7.36,-0.01,15,11040,卖盘
2054,13:07:36,7.37,0.01,10,7370,买盘
2055,13:07:33,7.36,--,245,180320,买盘
2056,13:07:30,7.36,--,1,736,买盘
2057,13:07:27,7.36,--,9,6624,买盘
2058,13:07:24,7.36,--,7,5152,买盘
2059,13:07:21,7.36,-0.01,144,105984,卖盘
2060,13:07:18,7.37,--,15,11055,买盘
2061,13:07:15,7.37,--,9,6633,买盘
2062,13:07:12,7.37,--,5,3685,买盘
2063,13:07:09,7.37,--,34,25058,买盘
2064,13:07:06,7.37,--,32,23584,买盘
2065,13:07:03,7.37,--,341,251317,买盘
2066,13:07:00,7.37,--,5,3685,买盘
2067,13:06:57,7.37,--,111,81807,买盘
2068,13:06:54,7.37,--,9,6633,买盘
2069,13:06:51,7.37,--,1,737,买盘
2070,13:06:48,7.37,--,14,10318,买盘
2071,13:06:42,7.37,--,11,8107,买盘
2072,13:06:39,7.37,--,16,11792,买盘
2073,13:06:36,7.37,--,54,39798,买盘
2074,13:06:33,7.37,--,3,2211,买盘
2075,13:06:30,7.37,0.01,46,33902,买盘
2076,13:06:27,7.36,-0.01,1227,903072,卖盘
2077,13:06:24,7.37,0.01,36,26532,买盘
2078,13:06:21,7.36,--,15,11040,买盘
2079,13:06:18,7.36,0.01,80,58880,卖盘
2080,13:06:15,7.35,-0.01,113,83055,卖盘
2081,13:06:12,7.36,--,8,5888,买盘
2082,13:06:09,7.36,--,7,5152,买盘
2083,13:06:06,7.36,--,13,9568,买盘
2084,13:06:03,7.36,--,149,109664,买盘
2085,13:05:57,7.36,--,8,5888,买盘
2086,13:05:54,7.36,--,1,736,买盘
2087,13:05:51,7.36,--,49,36064,买盘
2088,13:05:48,7.36,--,14,10304,买盘
2089,13:05:45,7.36,--,17,12512,买盘
2090,13:05:42,7.36,-0.01,316,232870,卖盘
2091,13:05:39,7.37,0.01,13,9581,买盘
2092,13:05:36,7.36,-0.01,19,13984,卖盘
2093,13:05:33,7.37,--,4,2948,买盘
2094,13:05:30,7.37,--,55,40535,买盘
2095,13:05:27,7.37,0.01,3,2211,买盘
2096,13:05:24,7.36,-0.01,45,33120,卖盘
2097,13:05:21,7.37,--,13,9581,买盘
2098,13:05:18,7.37,0.01,25,18425,买盘
2099,13:05:15,7.36,-0.01,13,9568,卖盘
2100,13:05:12,7.37,--,18,13266,买盘
2101,13:05:09,7.37,--,1,737,买盘
2102,13:05:06,7.37,0.01,3,2211,买盘
2103,13:05:03,7.36,-0.01,5,3680,卖盘
2104,13:05:00,7.37,--,143,105391,买盘
2105,13:04:51,7.37,--,10,7370,买盘
2106,13:04:48,7.37,--,14,10318,买盘
2107,13:04:45,7.37,--,12,8844,买盘
2108,13:04:42,7.37,--,3,2211,买盘
2109,13:04:39,7.37,--,18,13266,买盘
2110,13:04:36,7.37,--,9,6633,买盘
2111,13:04:33,7.37,--,229,168773,买盘
2112,13:04:30,7.37,--,2,1474,买盘
2113,13:04:27,7.37,0.01,30,22110,买盘
2114,13:04:24,7.36,-0.01,1,736,卖盘
2115,13:04:21,7.37,0.01,6,4422,买盘
2116,13:04:18,7.36,-0.01,122,89792,卖盘
2117,13:04:15,7.37,--,7,5159,买盘
2118,13:04:12,7.37,--,6,4422,买盘
2119,13:04:09,7.37,--,2,1474,买盘
2120,13:04:06,7.37,--,13,9581,买盘
2121,13:04:03,7.37,--,1,737,买盘
2122,13:03:54,7.37,--,9,6633,买盘
2123,13:03:51,7.37,--,1,737,买盘
2124,13:03:48,7.37,--,14,10318,买盘
2125,13:03:42,7.37,--,9,6633,买盘
2126,13:03:39,7.37,--,11,8549,买盘
2127,13:03:36,7.37,--,1,737,买盘
2128,13:03:33,7.37,--,86,63382,买盘
2129,13:03:30,7.37,--,17,12529,买盘
2130,13:03:27,7.37,--,2,1474,买盘
2131,13:03:24,7.37,--,17,12529,买盘
2132,13:03:21,7.37,--,59,43483,买盘
2133,13:03:18,7.37,--,1,737,买盘
2134,13:03:15,7.37,--,19,14003,买盘
2135,13:03:12,7.37,--,6,4422,买盘
2136,13:03:09,7.37,--,165,121605,买盘
2137,13:03:06,7.37,0.01,35,25795,买盘
2138,13:03:03,7.36,-0.01,264,194304,卖盘
2139,13:03:00,7.37,--,2,1474,买盘
2140,13:02:57,7.37,--,40,29480,买盘
2141,13:02:54,7.37,--,24,17688,买盘
2142,13:02:51,7.37,--,18,13266,买盘
2143,13:02:48,7.37,0.01,20,14740,买盘
2144,13:02:45,7.36,-0.01,13,9568,卖盘
2145,13:02:42,7.37,--,21,15477,买盘
2146,13:02:39,7.37,--,4,2948,买盘
2147,13:02:36,7.37,--,241,177617,买盘
2148,13:02:33,7.37,--,3,2211,买盘
2149,13:02:30,7.37,--,17,12529,买盘
2150,13:02:27,7.37,--,36,26532,买盘
2151,13:02:24,7.37,--,27,19899,买盘
2152,13:02:21,7.37,--,113,83281,买盘
2153,13:02:18,7.37,0.01,138,101706,买盘
2154,13:02:15,7.36,-0.01,580,426880,卖盘
2155,13:02:12,7.37,--,41,30217,买盘
2156,13:02:09,7.37,--,2,1474,买盘
2157,13:02:06,7.37,--,19,14003,买盘
2158,13:02:03,7.37,--,8,5896,买盘
2159,13:02:00,7.37,--,9,6633,买盘
2160,13:01:57,7.37,--,16,11792,买盘
2161,13:01:54,7.37,--,2,1474,买盘
2162,13:01:51,7.37,--,62,45694,买盘
2163,13:01:48,7.37,--,2,1474,买盘
2164,13:01:45,7.37,--,17,12529,买盘
2165,13:01:42,7.37,--,44,32428,买盘
2166,13:01:39,7.37,--,25,18425,买盘
2167,13:01:36,7.37,--,5,3685,买盘
2168,13:01:33,7.37,--,250,184250,买盘
2169,13:01:30,7.37,--,54,39798,买盘
2170,13:01:27,7.37,--,2,1474,买盘
2171,13:01:24,7.37,--,17,12529,买盘
2172,13:01:21,7.37,--,15,11055,买盘
2173,13:01:18,7.37,--,29,21373,买盘
2174,13:01:15,7.37,--,53,39061,买盘
2175,13:01:12,7.37,0.01,20,14740,买盘
2176,13:01:09,7.36,-0.01,9,6624,卖盘
2177,13:01:06,7.37,--,24,17688,买盘
2178,13:01:03,7.37,--,27,19899,买盘
2179,13:01:00,7.37,0.01,29,21373,买盘
2180,13:00:57,7.36,-0.01,84,61824,卖盘
2181,13:00:54,7.37,--,41,30217,买盘
2182,13:00:51,7.37,--,22,16214,买盘
2183,13:00:48,7.37,--,179,131923,买盘
2184,13:00:45,7.37,--,29,21373,买盘
2185,13:00:42,7.37,--,209,154033,买盘
2186,13:00:39,7.37,--,11,8107,买盘
2187,13:00:36,7.37,--,17,12529,买盘
2188,13:00:33,7.37,--,43,31691,买盘
2189,13:00:30,7.37,--,2,1474,买盘
2190,13:00:27,7.37,0.01,136,100232,买盘
2191,13:00:24,7.36,--,18,13248,买盘
2192,13:00:21,7.36,--,18,13248,买盘
2193,13:00:18,7.36,-0.01,58,42688,卖盘
2194,13:00:15,7.37,--,34,25058,买盘
2195,13:00:12,7.37,--,634,467258,买盘
2196,13:00:09,7.37,0.01,223,164351,买盘
2197,13:00:06,7.36,--,317,233312,买盘
2198,13:00:03,7.36,-0.01,534,393024,中性盘
2199,13:00:00,7.37,--,0,0,买盘
2200,11:30:00,7.37,0.02,8,5896,买盘
2201,11:29:57,7.35,-0.02,13,9555,卖盘
2202,11:29:54,7.37,--,42,30954,买盘
2203,11:29:51,7.37,--,48,35376,买盘
2204,11:29:48,7.37,--,18,13266,买盘
2205,11:29:42,7.37,0.01,18,13266,买盘
2206,11:29:39,7.36,-0.01,15,11040,中性盘
2207,11:29:36,7.37,--,27,19899,买盘
2208,11:29:33,7.37,0.01,31,22847,买盘
2209,11:29:30,7.36,--,5,3680,买盘
2210,11:29:27,7.36,--,28,20608,买盘
2211,11:29:21,7.36,--,20,14720,买盘
2212,11:29:18,7.36,-0.01,86,63296,卖盘
2213,11:29:15,7.37,--,12,8844,买盘
2214,11:29:12,7.37,--,29,21373,买盘
2215,11:29:09,7.37,--,17,12529,买盘
2216,11:29:06,7.37,--,83,61171,买盘
2217,11:29:03,7.37,--,43,31691,买盘
2218,11:29:00,7.37,--,7,5159,买盘
2219,11:28:57,7.37,0.01,84,61908,买盘
2220,11:28:54,7.36,-0.01,11,8096,卖盘
2221,11:28:51,7.37,0.01,20,14740,买盘
2222,11:28:48,7.36,--,2,1472,买盘
2223,11:28:45,7.36,--,17,12512,买盘
2224,11:28:42,7.36,--,27,19872,买盘
2225,11:28:39,7.36,--,2,1472,买盘
2226,11:28:36,7.36,--,30,22080,买盘
2227,11:28:33,7.36,--,16,11776,买盘
2228,11:28:30,7.36,--,26,19136,买盘
2229,11:28:27,7.36,-0.01,555,408480,卖盘
2230,11:28:24,7.37,0.01,142,104654,买盘
2231,11:28:21,7.36,--,1303,959008,卖盘
2232,11:28:18,7.36,-0.01,185,136160,卖盘
2233,11:28:15,7.37,--,6,4422,买盘
2234,11:28:12,7.37,--,142,104654,买盘
2235,11:28:09,7.37,--,8,5896,买盘
2236,11:28:06,7.37,--,24,17688,买盘
2237,11:28:03,7.37,--,45,33165,买盘
2238,11:28:00,7.37,--,67,49379,买盘
2239,11:27:57,7.37,--,20,14740,买盘
2240,11:27:54,7.37,--,43,31691,买盘
2241,11:27:51,7.37,--,1,737,买盘
2242,11:27:48,7.37,--,3,2211,买盘
2243,11:27:45,7.37,0.01,25,18425,买盘
2244,11:27:42,7.36,-0.01,503,370208,卖盘
2245,11:27:36,7.37,--,56,41272,买盘
2246,11:27:33,7.37,--,32,23584,买盘
2247,11:27:30,7.37,0.01,14,10318,买盘
2248,11:27:27,7.36,-0.01,38,27968,卖盘
2249,11:27:24,7.37,--,98,72226,买盘
2250,11:27:21,7.37,0.01,9,6633,买盘
2251,11:27:18,7.36,--,202,148672,卖盘
2252,11:27:15,7.36,-0.01,8,5888,卖盘
2253,11:27:12,7.37,0.01,22,16214,买盘
2254,11:27:09,7.36,-0.01,249,183264,卖盘
2255,11:27:06,7.37,--,1,737,买盘
2256,11:27:03,7.37,--,27,19899,买盘
2257,11:26:57,7.37,--,6,4422,买盘
2258,11:26:54,7.37,--,143,105391,买盘
2259,11:26:51,7.37,--,8,5896,买盘
2260,11:26:48,7.37,0.01,2,1474,买盘
2261,11:26:45,7.36,-0.01,2,1472,卖盘
2262,11:26:42,7.37,--,5,3685,买盘
2263,11:26:39,7.37,--,7,5159,买盘
2264,11:26:36,7.37,0.01,23,16951,买盘
2265,11:26:33,7.36,--,528,388608,卖盘
2266,11:26:30,7.36,-0.01,22,16192,卖盘
2267,11:26:27,7.37,--,80,58960,买盘
2268,11:26:21,7.37,0.01,38,28006,买盘
2269,11:26:18,7.36,-0.01,112,82432,卖盘
2270,11:26:12,7.37,0.01,2,1474,买盘
2271,11:26:09,7.36,--,10,7360,卖盘
2272,11:26:06,7.36,-0.01,82,60352,卖盘
2273,11:25:57,7.37,--,14,10318,买盘
2274,11:25:54,7.37,--,9,6633,买盘
2275,11:25:51,7.37,--,1,737,买盘
2276,11:25:48,7.37,--,2,1474,买盘
2277,11:25:45,7.37,--,28,20636,买盘
2278,11:25:42,7.37,--,2,1474,买盘
2279,11:25:39,7.37,--,5,3685,买盘
2280,11:25:36,7.37,--,3,2211,买盘
2281,11:25:33,7.37,--,11,8107,买盘
2282,11:25:30,7.37,--,17,12529,买盘
2283,11:25:27,7.37,--,37,27269,买盘
2284,11:25:24,7.37,--,92,67804,买盘
2285,11:25:21,7.37,--,29,21373,买盘
2286,11:25:18,7.37,-0.01,90,66330,卖盘
2287,11:25:15,7.38,0.01,46,33948,买盘
2288,11:25:12,7.37,--,505,372185,买盘
2289,11:25:09,7.37,--,60,44220,买盘
2290,11:25:06,7.37,--,39,28743,买盘
2291,11:25:03,7.37,--,16,11792,买盘
2292,11:25:00,7.37,0.01,52,38324,买盘
2293,11:24:57,7.36,-0.01,6,4416,卖盘
2294,11:24:54,7.37,--,17,12529,买盘
2295,11:24:51,7.37,0.01,1,737,买盘
2296,11:24:48,7.36,--,54,39744,卖盘
2297,11:24:45,7.36,-0.01,86,63296,卖盘
2298,11:24:42,7.37,--,29,21373,买盘
2299,11:24:39,7.37,--,30,22110,买盘
2300,11:24:36,7.37,0.02,8,5896,买盘
2301,11:24:33,7.35,--,111,81585,卖盘
2302,11:24:30,7.35,-0.01,278,204330,卖盘
2303,11:24:27,7.36,0.01,26,19136,买盘
2304,11:24:24,7.35,-0.01,368,270480,卖盘
2305,11:24:21,7.36,--,21,15456,买盘
2306,11:24:18,7.36,--,3,2208,买盘
2307,11:24:15,7.36,-0.01,67,49312,卖盘
2308,11:24:12,7.37,0.01,62,45694,买盘
2309,11:24:09,7.36,-0.01,20,14720,卖盘
2310,11:24:06,7.37,--,19,14003,买盘
2311,11:24:03,7.37,0.01,37,27269,买盘
2312,11:24:00,7.36,-0.01,26,19136,卖盘
2313,11:23:57,7.37,--,18,13266,买盘
2314,11:23:54,7.37,--,8,5896,买盘
2315,11:23:51,7.37,0.01,26,19162,买盘
2316,11:23:48,7.36,--,159,117024,卖盘
2317,11:23:45,7.36,-0.01,122,89792,卖盘
2318,11:23:42,7.37,--,28,20636,买盘
2319,11:23:39,7.37,--,47,34639,买盘
2320,11:23:36,7.37,--,19,14003,买盘
2321,11:23:33,7.37,--,2,1474,买盘
2322,11:23:30,7.37,--,26,19162,买盘
2323,11:23:27,7.37,--,19,14003,买盘
2324,11:23:24,7.37,--,23,16951,买盘
2325,11:23:21,7.37,0.01,73,53801,买盘
2326,11:23:18,7.36,-0.01,6,4416,卖盘
2327,11:23:15,7.37,--,16,11792,买盘
2328,11:23:12,7.37,--,34,25058,买盘
2329,11:23:09,7.37,--,19,14003,买盘
2330,11:23:06,7.37,--,40,29480,买盘
2331,11:23:00,7.37,--,5,3685,买盘
2332,11:22:57,7.37,--,42,30954,买盘
2333,11:22:51,7.37,--,18,13266,买盘
2334,11:22:48,7.37,--,10,7370,买盘
2335,11:22:45,7.37,--,18,13266,买盘
2336,11:22:42,7.37,--,2,1474,买盘
2337,11:22:39,7.37,--,9,6633,买盘
2338,11:22:36,7.37,--,43,31691,买盘
2339,11:22:33,7.37,0.01,20,14740,买盘
2340,11:22:30,7.36,-0.01,448,329728,卖盘
2341,11:22:27,7.37,--,63,46431,买盘
2342,11:22:24,7.37,--,31,22847,买盘
2343,11:22:21,7.37,0.01,38,28006,买盘
2344,11:22:18,7.36,-0.01,121,89056,卖盘
2345,11:22:15,7.37,--,17,12529,买盘
2346,11:22:12,7.37,--,41,30217,买盘
2347,11:22:06,7.37,--,21,15477,买盘
2348,11:22:03,7.37,--,17,12529,买盘
2349,11:22:00,7.37,--,9,6633,买盘
2350,11:21:57,7.37,--,17,12529,买盘
2351,11:21:54,7.37,--,5,3685,买盘
2352,11:21:51,7.37,--,21,15477,买盘
2353,11:21:48,7.37,--,2,1474,买盘
2354,11:21:45,7.37,--,18,13266,买盘
2355,11:21:42,7.37,0.01,2,1474,买盘
2356,11:21:39,7.36,-0.01,74,54464,卖盘
2357,11:21:36,7.37,--,2,1474,买盘
2358,11:21:33,7.37,--,22,16214,买盘
2359,11:21:30,7.37,--,5,3685,买盘
2360,11:21:27,7.37,--,38,28006,买盘
2361,11:21:24,7.37,--,17,12529,买盘
2362,11:21:21,7.37,--,6,4422,买盘
2363,11:21:18,7.37,--,56,41272,买盘
2364,11:21:12,7.37,--,22,16214,买盘
2365,11:21:09,7.37,--,17,12529,买盘
2366,11:21:06,7.37,0.01,9,6633,买盘
2367,11:21:03,7.36,-0.01,7,5152,卖盘
2368,11:20:57,7.37,--,6,4422,买盘
2369,11:20:54,7.37,--,8,5896,买盘
2370,11:20:51,7.37,--,53,39061,买盘
2371,11:20:48,7.37,0.01,7,5159,买盘
2372,11:20:45,7.36,-0.01,10,7360,卖盘
2373,11:20:42,7.37,0.01,4,2948,买盘
2374,11:20:39,7.36,-0.01,38,27968,卖盘
2375,11:20:36,7.37,--,4,2948,买盘
2376,11:20:33,7.37,--,12,8844,买盘
2377,11:20:27,7.37,--,4,2948,买盘
2378,11:20:24,7.37,--,12,8844,买盘
2379,11:20:21,7.37,0.02,109,80333,买盘
2380,11:20:18,7.35,-0.02,120,88200,卖盘
2381,11:20:15,7.37,0.01,126,92862,买盘
2382,11:20:12,7.36,--,71,52256,买盘
2383,11:20:09,7.36,-0.01,426,313536,卖盘
2384,11:20:06,7.37,--,4,2948,买盘
2385,11:20:03,7.37,--,6,4422,买盘
2386,11:20:00,7.37,0.01,52,38324,买盘
2387,11:19:57,7.36,-0.01,1,736,卖盘
2388,11:19:51,7.37,--,1,737,买盘
2389,11:19:48,7.37,0.01,13,9581,买盘
2390,11:19:45,7.36,-0.01,1,736,卖盘
2391,11:19:42,7.37,--,74,54538,买盘
2392,11:19:36,7.37,--,44,32428,买盘
2393,11:19:33,7.37,--,10,7370,买盘
2394,11:19:30,7.37,-0.01,196,144452,中性盘
2395,11:19:27,7.38,0.01,17,12546,买盘
2396,11:19:24,7.37,--,10,7370,买盘
2397,11:19:21,7.37,0.01,2,1474,买盘
2398,11:19:18,7.36,-0.01,38,27968,卖盘
2399,11:19:15,7.37,--,9,6633,买盘
2400,11:19:12,7.37,--,2,1474,买盘
2401,11:19:06,7.37,--,4,2948,买盘
2402,11:19:03,7.37,--,8,5896,买盘
2403,11:19:00,7.37,0.01,41,30217,买盘
2404,11:18:57,7.36,-0.01,50,36800,卖盘
2405,11:18:51,7.37,--,1,737,买盘
2406,11:18:48,7.37,0.01,2,1474,买盘
2407,11:18:45,7.36,-0.01,1,736,卖盘
2408,11:18:42,7.37,--,10,7370,买盘
2409,11:18:39,7.37,0.01,25,18425,买盘
2410,11:18:36,7.36,--,144,105984,买盘
2411,11:18:33,7.36,--,2,1472,买盘
2412,11:18:30,7.36,--,9,6624,买盘
2413,11:18:27,7.36,--,9,6624,买盘
2414,11:18:24,7.36,--,50,36800,买盘
2415,11:18:21,7.36,--,132,97152,买盘
2416,11:18:18,7.36,--,241,177376,卖盘
2417,11:18:15,7.36,-0.01,116,85376,卖盘
2418,11:18:12,7.37,--,231,170247,买盘
2419,11:18:09,7.37,--,22,16214,买盘
2420,11:18:06,7.37,0.01,2,1474,买盘
2421,11:18:03,7.36,-0.01,2,1472,卖盘
2422,11:18:00,7.37,--,60,44220,买盘
2423,11:17:57,7.37,--,20,14740,买盘
2424,11:17:54,7.37,--,6,4422,买盘
2425,11:17:51,7.37,--,74,54538,买盘
2426,11:17:48,7.37,--,9,6633,买盘
2427,11:17:45,7.37,--,9,6633,买盘
2428,11:17:42,7.37,--,4,2948,买盘
2429,11:17:36,7.37,--,11,8107,买盘
2430,11:17:33,7.37,--,3,2211,买盘
2431,11:17:27,7.37,--,3,2211,买盘
2432,11:17:24,7.37,--,58,42746,买盘
2433,11:17:21,7.37,0.01,3,2211,买盘
2434,11:17:18,7.36,--,21,15456,卖盘
2435,11:17:15,7.36,-0.01,536,394496,卖盘
2436,11:17:12,7.37,--,621,457677,买盘
2437,11:17:06,7.37,--,3,2211,买盘
2438,11:17:03,7.37,--,7,5159,买盘
2439,11:16:51,7.37,--,35,25795,买盘
2440,11:16:48,7.37,--,64,47168,买盘
2441,11:16:45,7.37,--,406,299222,买盘
2442,11:16:42,7.37,--,68,50116,买盘
2443,11:16:39,7.37,--,24,17688,买盘
2444,11:16:36,7.37,--,2,1474,买盘
2445,11:16:33,7.37,--,33,24321,买盘
2446,11:16:30,7.37,--,11,8107,买盘
2447,11:16:27,7.37,--,10,7370,买盘
2448,11:16:21,7.37,0.01,10,7370,买盘
2449,11:16:18,7.36,--,96,70656,卖盘
2450,11:16:15,7.36,-0.01,30,22080,卖盘
2451,11:16:12,7.37,--,13,9581,买盘
2452,11:16:06,7.37,--,9,6633,买盘
2453,11:16:03,7.37,0.01,68,50116,买盘
2454,11:16:00,7.36,--,455,334880,买盘
2455,11:15:57,7.36,--,35,25760,买盘
2456,11:15:54,7.36,0.01,19,13984,买盘
2457,11:15:51,7.35,-0.01,65,47775,卖盘
2458,11:15:48,7.36,-0.01,1427,1050272,卖盘
2459,11:15:42,7.37,0.01,84,61908,买盘
2460,11:15:39,7.36,-0.01,1104,812544,卖盘
2461,11:15:36,7.37,--,2,1474,买盘
2462,11:15:33,7.37,--,9,6633,买盘
2463,11:15:30,7.37,--,8,5896,买盘
2464,11:15:27,7.37,0.01,126,92862,买盘
2465,11:15:24,7.36,-0.01,30,22080,卖盘
2466,11:15:21,7.37,0.01,11,8107,买盘
2467,11:15:18,7.36,--,8,5888,卖盘
2468,11:15:15,7.36,-0.01,54,39744,卖盘
2469,11:15:12,7.37,--,6,4422,买盘
2470,11:15:09,7.37,--,7,5159,买盘
2471,11:15:06,7.37,0.01,17,12529,买盘
2472,11:15:03,7.36,-0.01,200,147200,卖盘
2473,11:15:00,7.37,0.01,10,7370,买盘
2474,11:14:57,7.36,-0.01,3,2208,卖盘
2475,11:14:51,7.37,--,14,10318,买盘
2476,11:14:48,7.37,0.01,11,8107,买盘
2477,11:14:45,7.36,-0.01,1,736,卖盘
2478,11:14:42,7.37,0.01,36,26532,买盘
2479,11:14:39,7.36,-0.01,5,3680,卖盘
2480,11:14:36,7.37,--,11,8107,买盘
2481,11:14:33,7.37,--,2,1474,买盘
2482,11:14:30,7.37,--,5,3685,买盘
2483,11:14:27,7.37,--,12,8844,买盘
2484,11:14:21,7.37,0.01,8,5896,买盘
2485,11:14:18,7.36,--,30,22080,卖盘
2486,11:14:15,7.36,-0.01,93,68448,卖盘
2487,11:14:12,7.37,--,14,10318,买盘
2488,11:14:09,7.37,--,37,27269,买盘
2489,11:14:06,7.37,--,2,1474,买盘
2490,11:14:03,7.37,0.01,24,17688,买盘
2491,11:14:00,7.36,-0.01,12,8832,卖盘
2492,11:13:57,7.37,--,68,50116,卖盘
2493,11:13:54,7.37,-0.01,76,56012,卖盘
2494,11:13:51,7.38,--,1,738,买盘
2495,11:13:48,7.38,--,78,57564,买盘
2496,11:13:45,7.38,--,5,3690,买盘
2497,11:13:42,7.38,--,10,7380,买盘
2498,11:13:39,7.38,--,15,11070,买盘
2499,11:13:36,7.38,--,60,44280,买盘
2500,11:13:33,7.38,0.01,3,2214,买盘
2501,11:13:30,7.37,-0.01,27,19899,卖盘
2502,11:13:27,7.38,0.01,2,1476,买盘
2503,11:13:24,7.37,-0.01,1,737,卖盘
2504,11:13:21,7.38,--,7,5166,买盘
2505,11:13:18,7.38,0.01,11,8118,买盘
2506,11:13:15,7.37,-0.01,42,30954,卖盘
2507,11:13:12,7.38,--,12,8856,买盘
2508,11:13:09,7.38,--,7,5166,买盘
2509,11:13:06,7.38,0.02,2,1476,买盘
2510,11:13:03,7.36,-0.01,17,12512,卖盘
2511,11:13:00,7.37,--,46,33902,买盘
2512,11:12:57,7.37,--,10,7370,买盘
2513,11:12:51,7.37,--,12,8844,买盘
2514,11:12:48,7.37,--,3,2211,买盘
2515,11:12:45,7.37,--,8,5896,买盘
2516,11:12:42,7.37,--,95,70015,买盘
2517,11:12:39,7.37,-0.01,191,141430,卖盘
2518,11:12:36,7.38,0.01,11,8118,买盘
2519,11:12:33,7.37,-0.01,102,75174,卖盘
2520,11:12:27,7.38,--,21,15498,买盘
2521,11:12:24,7.38,--,300,221400,买盘
2522,11:12:21,7.38,0.01,12,8856,买盘
2523,11:12:18,7.37,-0.01,110,81070,卖盘
2524,11:12:12,7.38,--,106,78228,买盘
2525,11:12:09,7.38,--,8,5904,买盘
2526,11:12:06,7.38,--,122,90036,买盘
2527,11:12:03,7.38,--,9,6642,买盘
2528,11:12:00,7.38,0.01,2,1476,买盘
2529,11:11:57,7.37,--,2,1474,卖盘
2530,11:11:54,7.37,-0.01,1,810,卖盘
2531,11:11:51,7.38,--,10,7380,买盘
2532,11:11:48,7.38,0.01,2,1476,买盘
2533,11:11:45,7.37,-0.01,55,40535,卖盘
2534,11:11:42,7.38,--,12,8856,买盘
2535,11:11:39,7.38,--,8,5904,买盘
2536,11:11:36,7.38,0.01,5,3690,买盘
2537,11:11:33,7.37,-0.01,16,11792,卖盘
2538,11:11:30,7.38,--,14,10332,买盘
2539,11:11:27,7.38,--,216,159408,买盘
2540,11:11:21,7.38,--,2,1476,买盘
2541,11:11:18,7.38,0.01,15,11070,买盘
2542,11:11:15,7.37,--,66,48642,卖盘
2543,11:11:12,7.37,-0.01,13,9581,卖盘
2544,11:11:06,7.38,0.01,10,7380,买盘
2545,11:11:03,7.37,-0.01,6,4422,卖盘
2546,11:10:54,7.38,--,8,5904,买盘
2547,11:10:51,7.38,0.01,2,1476,买盘
2548,11:10:48,7.37,-0.01,62,45694,卖盘
2549,11:10:45,7.38,0.01,14,10332,买盘
2550,11:10:42,7.37,--,126,92862,卖盘
2551,11:10:39,7.37,-0.01,20,14740,卖盘
2552,11:10:36,7.38,0.01,19,14022,买盘
2553,11:10:33,7.37,--,10,7370,卖盘
2554,11:10:30,7.37,-0.01,147,108339,卖盘
2555,11:10:27,7.38,--,36,26568,买盘
2556,11:10:24,7.38,--,18,13284,买盘
2557,11:10:21,7.38,--,27,19926,买盘
2558,11:10:18,7.38,0.01,10,7380,买盘
2559,11:10:15,7.37,-0.01,141,103917,卖盘
2560,11:10:12,7.38,--,2,1476,买盘
2561,11:10:09,7.38,--,9,6642,买盘
2562,11:10:06,7.38,--,34,25092,买盘
2563,11:10:00,7.38,--,42,30996,买盘
2564,11:09:57,7.38,--,18,13284,买盘
2565,11:09:54,7.38,--,25,18450,买盘
2566,11:09:51,7.38,0.01,114,84132,买盘
2567,11:09:48,7.37,-0.01,15,11055,卖盘
2568,11:09:45,7.38,--,76,56088,买盘
2569,11:09:42,7.38,0.01,20,14760,买盘
2570,11:09:39,7.37,-0.01,28,20636,卖盘
2571,11:09:36,7.38,--,26,19188,买盘
2572,11:09:33,7.38,0.01,26,19188,买盘
2573,11:09:30,7.37,-0.01,23,16951,卖盘
2574,11:09:27,7.38,--,28,20664,买盘
2575,11:09:24,7.38,--,41,30258,买盘
2576,11:09:21,7.38,--,3,2214,买盘
2577,11:09:18,7.38,--,8,5904,买盘
2578,11:09:15,7.38,--,29,21402,买盘
2579,11:09:12,7.38,--,23,16974,买盘
2580,11:09:09,7.38,--,17,12546,买盘
2581,11:09:06,7.38,--,104,76752,买盘
2582,11:09:03,7.38,--,33,24354,买盘
2583,11:09:00,7.38,--,129,95202,买盘
2584,11:08:57,7.38,--,536,395568,买盘
2585,11:08:54,7.38,--,52,38376,买盘
2586,11:08:51,7.38,--,1,738,买盘
2587,11:08:48,7.38,--,18,13284,买盘
2588,11:08:45,7.38,--,17,12546,买盘
2589,11:08:42,7.38,--,13,9594,买盘
2590,11:08:39,7.38,--,17,12546,买盘
2591,11:08:36,7.38,--,7,5166,买盘
2592,11:08:33,7.38,--,43,31734,买盘
2593,11:08:30,7.38,--,114,84132,买盘
2594,11:08:27,7.38,--,3,2214,买盘
2595,11:08:24,7.38,--,39,28782,买盘
2596,11:08:21,7.38,--,37,27306,买盘
2597,11:08:18,7.38,0.01,42,30996,买盘
2598,11:08:15,7.37,-0.01,114,84018,卖盘
2599,11:08:12,7.38,--,22,16236,买盘
2600,11:08:09,7.38,--,128,94464,买盘
2601,11:08:06,7.38,--,154,113652,买盘
2602,11:08:00,7.38,--,25,18450,买盘
2603,11:07:57,7.38,0.01,26,19188,买盘
2604,11:07:54,7.37,--,31,22847,卖盘
2605,11:07:51,7.37,-0.01,43,31691,卖盘
2606,11:07:48,7.38,--,65,47970,买盘
2607,11:07:45,7.38,--,105,77490,买盘
2608,11:07:42,7.38,--,24,17712,买盘
2609,11:07:39,7.38,--,72,53136,买盘
2610,11:07:36,7.38,--,27,19926,买盘
2611,11:07:33,7.38,0.01,39,28782,买盘
2612,11:07:30,7.37,-0.01,20,14740,卖盘
2613,11:07:27,7.38,--,19,14022,买盘
2614,11:07:24,7.38,--,109,80442,买盘
2615,11:07:21,7.38,--,17,12546,买盘
2616,11:07:18,7.38,0.01,503,371214,买盘
2617,11:07:15,7.37,--,77,56749,买盘
2618,11:07:12,7.37,--,134,98758,买盘
2619,11:07:09,7.37,--,17,12529,买盘
2620,11:07:06,7.37,--,116,85492,买盘
2621,11:07:03,7.37,--,182,134134,买盘
2622,11:07:00,7.37,--,50,36850,买盘
2623,11:06:57,7.37,--,10,7370,买盘
2624,11:06:54,7.37,0.01,9,6633,买盘
2625,11:06:51,7.36,-0.01,10,7360,卖盘
2626,11:06:48,7.37,--,4,2948,买盘
2627,11:06:45,7.37,--,32,23584,买盘
2628,11:06:42,7.37,--,21,15477,买盘
2629,11:06:39,7.37,--,69,50853,买盘
2630,11:06:36,7.37,--,39,28743,买盘
2631,11:06:33,7.37,--,50,36850,买盘
2632,11:06:30,7.37,--,124,91388,买盘
2633,11:06:27,7.37,--,79,58223,买盘
2634,11:06:24,7.37,--,28,20636,买盘
2635,11:06:21,7.37,--,10,7370,买盘
2636,11:06:18,7.37,0.01,13,9581,买盘
2637,11:06:15,7.36,-0.01,121,89056,卖盘
2638,11:06:12,7.37,--,21,15477,买盘
2639,11:06:09,7.37,--,10,7370,买盘
2640,11:06:06,7.37,--,12,8844,买盘
2641,11:05:57,7.37,--,79,58223,买盘
2642,11:05:54,7.37,--,13,9581,买盘
2643,11:05:51,7.37,--,3,2211,买盘
2644,11:05:48,7.37,--,17,12529,买盘
2645,11:05:45,7.37,--,8,5896,买盘
2646,11:05:42,7.37,--,2,1474,买盘
2647,11:05:36,7.37,--,13,9581,买盘
2648,11:05:33,7.37,--,109,80333,买盘
2649,11:05:27,7.37,--,52,38324,买盘
2650,11:05:24,7.37,--,20,14740,买盘
2651,11:05:21,7.37,--,542,399454,买盘
2652,11:05:18,7.37,--,67,49379,买盘
2653,11:05:12,7.37,--,58,42746,买盘
2654,11:05:09,7.37,-0.01,305,224785,卖盘
2655,11:05:06,7.38,0.01,2,1476,买盘
2656,11:05:03,7.37,-0.01,2,1474,卖盘
2657,11:05:00,7.38,--,24,17712,买盘
2658,11:04:57,7.38,0.01,94,69372,买盘
2659,11:04:54,7.37,--,18,13266,买盘
2660,11:04:51,7.37,--,41,30217,买盘
2661,11:04:48,7.37,--,211,155507,买盘
2662,11:04:45,7.37,--,17,12529,买盘
2663,11:04:42,7.37,--,2,1474,买盘
2664,11:04:39,7.37,--,71,52327,买盘
2665,11:04:36,7.37,--,70,51590,买盘
2666,11:04:33,7.37,--,73,53801,买盘
2667,11:04:30,7.37,--,12,8844,买盘
2668,11:04:27,7.37,--,409,301433,买盘
2669,11:04:24,7.37,-0.01,337,248369,卖盘
2670,11:04:21,7.38,0.01,16,11808,买盘
2671,11:04:18,7.37,-0.01,292,215204,卖盘
2672,11:04:15,7.38,--,266,196308,买盘
2673,11:04:12,7.38,--,7,5166,买盘
2674,11:04:09,7.38,--,88,64944,买盘
2675,11:04:06,7.38,--,29,21402,买盘
2676,11:04:03,7.38,--,13,9594,买盘
2677,11:04:00,7.38,--,67,49446,买盘
2678,11:03:57,7.38,--,18,13284,买盘
2679,11:03:54,7.38,--,1,738,买盘
2680,11:03:51,7.38,--,81,59778,买盘
2681,11:03:48,7.38,--,20,14760,买盘
2682,11:03:45,7.38,--,17,12546,买盘
2683,11:03:42,7.38,--,122,90036,买盘
2684,11:03:39,7.38,--,32,23616,买盘
2685,11:03:36,7.38,--,50,36900,买盘
2686,11:03:33,7.38,--,20,14760,买盘
2687,11:03:30,7.38,--,25,18450,买盘
2688,11:03:27,7.38,0.01,29,21402,买盘
2689,11:03:24,7.37,--,291,214467,买盘
2690,11:03:21,7.37,--,59,43483,买盘
2691,11:03:18,7.37,--,49,36113,买盘
2692,11:03:15,7.37,--,77,56749,买盘
2693,11:03:12,7.37,-0.01,133,98021,中性盘
2694,11:03:09,7.38,0.01,163,120294,买盘
2695,11:03:06,7.37,--,3,2211,买盘
2696,11:03:03,7.37,--,61,44957,买盘
2697,11:03:00,7.37,--,237,174669,买盘
2698,11:02:57,7.37,--,24,17688,买盘
2699,11:02:54,7.37,--,29,21373,买盘
2700,11:02:51,7.37,--,23,16951,买盘
2701,11:02:48,7.37,--,29,21373,买盘
2702,11:02:45,7.37,--,212,156244,买盘
2703,11:02:42,7.37,--,75,55275,买盘
2704,11:02:39,7.37,--,454,334598,买盘
2705,11:02:36,7.37,--,94,69278,买盘
2706,11:02:33,7.37,--,357,263109,买盘
2707,11:02:30,7.37,--,22,16214,买盘
2708,11:02:27,7.37,0.01,3,2211,买盘
2709,11:02:24,7.36,-0.01,55,40480,卖盘
2710,11:02:21,7.37,--,81,59697,买盘
2711,11:02:18,7.37,--,224,165088,买盘
2712,11:02:15,7.37,--,119,87703,买盘
2713,11:02:12,7.37,--,39,28743,买盘
2714,11:02:09,7.37,--,98,72226,买盘
2715,11:02:06,7.37,--,138,101706,买盘
2716,11:02:03,7.37,0.01,42,30954,买盘
2717,11:02:00,7.36,--,83,61088,卖盘
2718,11:01:57,7.36,--,1926,1417536,买盘
2719,11:01:54,7.36,--,30,22080,买盘
2720,11:01:51,7.36,--,43,31648,买盘
2721,11:01:48,7.36,--,21,15456,买盘
2722,11:01:45,7.36,--,117,86112,买盘
2723,11:01:42,7.36,--,70,51520,买盘
2724,11:01:39,7.36,--,12,8832,买盘
2725,11:01:36,7.36,0.01,40,29440,买盘
2726,11:01:33,7.35,--,4,2940,卖盘
2727,11:01:30,7.35,-0.01,34,24990,卖盘
2728,11:01:27,7.36,--,24,17664,买盘
2729,11:01:24,7.36,--,25,18400,买盘
2730,11:01:21,7.36,--,37,27232,买盘
2731,11:01:18,7.36,0.01,11,8096,买盘
2732,11:01:15,7.35,-0.01,14,10290,卖盘
2733,11:01:12,7.36,--,16,11776,买盘
2734,11:01:06,7.36,--,11,8096,买盘
2735,11:01:03,7.36,--,8,5888,买盘
2736,11:01:00,7.36,--,195,143520,买盘
2737,11:00:54,7.36,--,9,6624,买盘
2738,11:00:51,7.36,--,1,736,买盘
2739,11:00:48,7.36,--,4,2944,买盘
2740,11:00:45,7.36,--,83,61088,买盘
2741,11:00:42,7.36,--,12,8832,买盘
2742,11:00:36,7.36,0.01,3,2208,买盘
2743,11:00:33,7.35,-0.01,13,9555,卖盘
2744,11:00:30,7.36,0.01,82,60352,买盘
2745,11:00:27,7.35,-0.01,96,70560,卖盘
2746,11:00:24,7.36,--,63,46368,买盘
2747,11:00:21,7.36,--,34,25024,买盘
2748,11:00:18,7.36,--,5,3680,买盘
2749,11:00:15,7.36,0.01,68,50048,买盘
2750,11:00:12,7.35,-0.01,111,81585,卖盘
2751,11:00:06,7.36,0.01,3,2208,买盘
2752,11:00:03,7.35,-0.01,5,3675,卖盘
2753,11:00:00,7.36,--,9,6624,买盘
2754,10:59:57,7.36,0.01,1,736,买盘
2755,10:59:51,7.35,-0.01,2,1470,卖盘
2756,10:59:48,7.36,0.01,32,23552,买盘
2757,10:59:45,7.35,-0.01,8,6247,卖盘
2758,10:59:42,7.36,--,3,2208,买盘
2759,10:59:39,7.36,--,9,6624,买盘
2760,10:59:36,7.36,0.01,4,2944,买盘
2761,10:59:33,7.35,-0.01,125,91875,卖盘
2762,10:59:30,7.36,--,46,33856,买盘
2763,10:59:27,7.36,--,11,8096,买盘
2764,10:59:24,7.36,--,100,73600,买盘
2765,10:59:18,7.36,--,21,15456,买盘
2766,10:59:15,7.36,--,40,29440,买盘
2767,10:59:12,7.36,--,30,22080,买盘
2768,10:59:09,7.36,--,21,15456,买盘
2769,10:59:06,7.36,--,29,21344,买盘
2770,10:59:03,7.36,--,15,11040,买盘
2771,10:59:00,7.36,--,23,16928,买盘
2772,10:58:57,7.36,--,47,34592,买盘
2773,10:58:54,7.36,--,7,5152,买盘
2774,10:58:51,7.36,--,23,16928,买盘
2775,10:58:48,7.36,--,33,24288,买盘
2776,10:58:45,7.36,--,56,41216,买盘
2777,10:58:42,7.36,--,22,16192,买盘
2778,10:58:39,7.36,--,17,12512,买盘
2779,10:58:36,7.36,--,20,14720,买盘
2780,10:58:33,7.36,--,27,19872,买盘
2781,10:58:30,7.36,--,39,28704,买盘
2782,10:58:27,7.36,--,27,19872,买盘
2783,10:58:21,7.36,--,46,33856,买盘
2784,10:58:18,7.36,--,61,44896,买盘
2785,10:58:15,7.36,--,103,75808,买盘
2786,10:58:12,7.36,--,49,36064,买盘
2787,10:58:09,7.36,--,25,18400,买盘
2788,10:58:06,7.36,--,54,39744,买盘
2789,10:58:03,7.36,--,35,25760,买盘
2790,10:58:00,7.36,--,16,11776,买盘
2791,10:57:57,7.36,--,43,31648,买盘
2792,10:57:54,7.36,--,12,8832,买盘
2793,10:57:51,7.36,--,38,27968,买盘
2794,10:57:48,7.36,--,36,26496,买盘
2795,10:57:45,7.36,--,17,12512,买盘
2796,10:57:42,7.36,--,31,22816,买盘
2797,10:57:39,7.36,0.01,299,220064,买盘
2798,10:57:36,7.35,0.01,71,52185,买盘
2799,10:57:33,7.34,-0.01,22,16148,卖盘
2800,10:57:30,7.35,--,63,46305,买盘
2801,10:57:27,7.35,--,59,43365,买盘
2802,10:57:24,7.35,--,468,343980,买盘
2803,10:57:21,7.35,-0.01,589,432915,卖盘
2804,10:57:18,7.36,--,27,19872,买盘
2805,10:57:15,7.36,--,52,38272,买盘
2806,10:57:12,7.36,--,221,162656,买盘
2807,10:57:09,7.36,--,475,349600,买盘
2808,10:57:06,7.36,--,66,48576,买盘
2809,10:57:03,7.36,--,40,29440,买盘
2810,10:57:00,7.36,0.01,24,17664,买盘
2811,10:56:57,7.35,-0.01,56,41160,卖盘
2812,10:56:54,7.36,--,53,39008,买盘
2813,10:56:51,7.36,--,37,27232,买盘
2814,10:56:48,7.36,--,53,39008,买盘
2815,10:56:45,7.36,--,73,53728,买盘
2816,10:56:42,7.36,--,502,369472,买盘
2817,10:56:39,7.36,--,11,8096,买盘
2818,10:56:36,7.36,--,7,5152,买盘
2819,10:56:33,7.36,--,37,27232,买盘
2820,10:56:30,7.36,--,20,14720,买盘
2821,10:56:27,7.36,0.01,2,1472,买盘
2822,10:56:24,7.35,-0.01,2,1470,卖盘
2823,10:56:21,7.36,--,16,11776,买盘
2824,10:56:18,7.36,0.01,69,50784,买盘
2825,10:56:15,7.35,-0.01,122,89670,卖盘
2826,10:56:12,7.36,--,7,5152,买盘
2827,10:56:09,7.36,--,98,72128,买盘
2828,10:56:06,7.36,--,31,22816,买盘
2829,10:56:03,7.36,--,5,3680,买盘
2830,10:56:00,7.36,--,80,58880,买盘
2831,10:55:57,7.36,--,14,10304,买盘
2832,10:55:51,7.36,--,128,94208,买盘
2833,10:55:48,7.36,--,1026,755136,买盘
2834,10:55:45,7.36,0.01,9,6624,买盘
2835,10:55:42,7.35,-0.01,41,30135,卖盘
2836,10:55:39,7.36,--,9,6624,买盘
2837,10:55:36,7.36,--,51,37536,买盘
2838,10:55:33,7.36,--,34,25024,买盘
2839,10:55:30,7.36,--,37,27232,买盘
2840,10:55:27,7.36,--,114,83904,买盘
2841,10:55:24,7.36,--,36,26496,买盘
2842,10:55:21,7.36,--,14,10304,买盘
2843,10:55:18,7.36,--,55,40480,买盘
2844,10:55:15,7.36,--,40,29440,买盘
2845,10:55:12,7.36,--,51,37536,买盘
2846,10:55:09,7.36,--,4,2944,买盘
2847,10:55:06,7.36,--,16,11776,买盘
2848,10:55:03,7.36,--,77,56672,买盘
2849,10:55:00,7.36,--,9,6624,买盘
2850,10:54:57,7.36,--,34,25024,买盘
2851,10:54:51,7.36,--,1,736,买盘
2852,10:54:48,7.36,--,9,6624,买盘
2853,10:54:42,7.36,--,86,63296,买盘
2854,10:54:39,7.36,--,23,16928,买盘
2855,10:54:36,7.36,0.02,128,94208,买盘
2856,10:54:33,7.34,-0.01,20,14680,卖盘
2857,10:54:30,7.35,--,40,29400,买盘
2858,10:54:27,7.35,--,93,68355,买盘
2859,10:54:24,7.35,--,32,23520,买盘
2860,10:54:21,7.35,0.01,61,44835,买盘
2861,10:54:18,7.34,-0.01,43,31562,卖盘
2862,10:54:15,7.35,0.01,99,72765,买盘
2863,10:54:12,7.34,-0.01,34,24956,卖盘
2864,10:54:06,7.35,0.01,21,15435,买盘
2865,10:54:03,7.34,-0.01,4,3523,卖盘
2866,10:54:00,7.35,--,6,4410,买盘
2867,10:53:57,7.35,--,144,105840,买盘
2868,10:53:54,7.35,--,8,5880,买盘
2869,10:53:51,7.35,--,29,21315,买盘
2870,10:53:48,7.35,--,38,27930,买盘
2871,10:53:45,7.35,--,108,79380,买盘
2872,10:53:42,7.35,0.01,24,17640,买盘
2873,10:53:39,7.34,-0.01,1,734,卖盘
2874,10:53:36,7.35,0.01,12,8820,买盘
2875,10:53:33,7.34,-0.01,21,15414,卖盘
2876,10:53:27,7.35,0.01,43,31605,买盘
2877,10:53:24,7.34,-0.01,15,11010,卖盘
2878,10:53:21,7.35,--,38,27930,买盘
2879,10:53:18,7.35,--,3,2205,买盘
2880,10:53:15,7.35,--,3,2205,买盘
2881,10:53:12,7.35,--,38,27930,买盘
2882,10:53:06,7.35,--,39,28665,买盘
2883,10:53:03,7.35,-0.01,550,404470,卖盘
2884,10:53:00,7.36,0.01,8,5888,买盘
2885,10:52:54,7.35,-0.01,18,13230,卖盘
2886,10:52:51,7.36,--,1,736,买盘
2887,10:52:48,7.36,0.01,17,12512,买盘
2888,10:52:45,7.35,-0.01,9,6615,卖盘
2889,10:52:42,7.36,0.01,22,16192,买盘
2890,10:52:36,7.35,--,87,63945,卖盘
2891,10:52:33,7.35,-0.01,4,2940,卖盘
2892,10:52:27,7.36,--,43,31648,买盘
2893,10:52:24,7.36,0.01,3,2208,买盘
2894,10:52:21,7.35,-0.01,10,7350,卖盘
2895,10:52:18,7.36,--,10,7360,买盘
2896,10:52:15,7.36,0.01,319,235299,买盘
2897,10:52:12,7.35,--,163,119805,买盘
2898,10:52:09,7.35,--,50,36750,买盘
2899,10:52:06,7.35,0.01,52,38220,买盘
2900,10:52:03,7.34,-0.01,14,10276,卖盘
2901,10:52:00,7.35,--,1,735,买盘
2902,10:51:57,7.35,--,20,14700,买盘
2903,10:51:51,7.35,0.01,43,31605,买盘
2904,10:51:48,7.34,-0.01,4,2936,卖盘
2905,10:51:42,7.35,0.01,11,8085,买盘
2906,10:51:39,7.34,-0.01,14,10276,卖盘
2907,10:51:36,7.35,0.01,52,38220,买盘
2908,10:51:33,7.34,-0.01,5,3670,卖盘
2909,10:51:30,7.35,--,8,5880,买盘
2910,10:51:27,7.35,--,3,2205,买盘
2911,10:51:24,7.35,--,20,14700,买盘
2912,10:51:21,7.35,--,3,2205,买盘
2913,10:51:18,7.35,--,21,15435,买盘
2914,10:51:15,7.35,--,20,14700,买盘
2915,10:51:12,7.35,--,8,5880,买盘
