,time,price,change,volume,amount,type
0,15:00:03,7.5,--,6523,4892587,卖盘
1,14:57:00,7.5,--,100,75000,卖盘
2,14:56:57,7.5,--,226,169500,卖盘
3,14:56:54,7.5,-0.01,54,40500,卖盘
4,14:56:51,7.51,0.01,47,35297,买盘
5,14:56:48,7.5,-0.01,63,47250,卖盘
6,14:56:45,7.51,0.01,256,192256,买盘
7,14:56:42,7.5,--,119,89250,卖盘
8,14:56:39,7.5,-0.01,13,9750,卖盘
9,14:56:36,7.51,--,82,61582,买盘
10,14:56:33,7.51,0.01,32,24032,买盘
11,14:56:30,7.5,--,34,25500,卖盘
12,14:56:27,7.5,--,85,63750,卖盘
13,14:56:24,7.5,--,164,123000,卖盘
14,14:56:21,7.5,-0.01,31,23250,卖盘
15,14:56:18,7.51,0.01,28,21028,买盘
16,14:56:15,7.5,--,70,52500,卖盘
17,14:56:12,7.5,--,91,68250,卖盘
18,14:56:09,7.5,--,4,3000,卖盘
19,14:56:06,7.5,--,28,21000,卖盘
20,14:56:03,7.5,--,193,144750,卖盘
21,14:56:00,7.5,--,50,37500,卖盘
22,14:55:57,7.5,--,62,46500,卖盘
23,14:55:54,7.5,--,30,22500,买盘
24,14:55:51,7.5,--,510,382500,卖盘
25,14:55:48,7.5,--,783,587250,卖盘
26,14:55:45,7.5,--,110,82500,卖盘
27,14:55:39,7.5,--,52,39000,卖盘
28,14:55:36,7.5,--,30,22500,卖盘
29,14:55:33,7.5,--,286,214500,卖盘
30,14:55:30,7.5,0.01,1118,838747,买盘
31,14:55:27,7.49,-0.01,125,93625,卖盘
32,14:55:24,7.5,0.01,19,14250,买盘
33,14:55:21,7.49,-0.01,39,29211,卖盘
34,14:55:18,7.5,0.01,68,51000,买盘
35,14:55:15,7.49,-0.01,325,243425,卖盘
36,14:55:12,7.5,--,264,198000,买盘
37,14:55:09,7.5,0.01,13,9750,买盘
38,14:55:06,7.49,-0.01,1150,861350,卖盘
39,14:55:03,7.5,--,71,53250,买盘
40,14:55:00,7.5,0.01,57,42750,买盘
41,14:54:57,7.49,-0.01,138,103362,卖盘
42,14:54:54,7.5,--,157,117750,买盘
43,14:54:51,7.5,--,193,144750,买盘
44,14:54:48,7.5,--,53,39750,买盘
45,14:54:45,7.5,--,692,519000,买盘
46,14:54:42,7.5,--,1,750,买盘
47,14:54:39,7.5,0.01,60,45000,买盘
48,14:54:36,7.49,-0.01,58,43442,卖盘
49,14:54:33,7.5,--,8,6000,买盘
50,14:54:30,7.5,--,10,7500,买盘
51,14:54:27,7.5,0.01,72,54000,买盘
52,14:54:24,7.49,-0.01,176,131824,卖盘
53,14:54:21,7.5,0.01,53,39750,买盘
54,14:54:18,7.49,-0.01,373,279377,卖盘
55,14:54:15,7.5,--,108,81000,买盘
56,14:54:12,7.5,--,161,120750,买盘
57,14:54:09,7.5,--,270,202500,买盘
58,14:54:06,7.5,--,248,186000,买盘
59,14:54:03,7.5,--,268,201000,买盘
60,14:54:00,7.5,0.01,4,3000,买盘
61,14:53:57,7.49,--,98,73402,卖盘
62,14:53:54,7.49,-0.01,60,44940,卖盘
63,14:53:51,7.5,0.01,37,27750,买盘
64,14:53:48,7.49,-0.01,83,62167,卖盘
65,14:53:45,7.5,--,1,750,买盘
66,14:53:42,7.5,--,27,20250,买盘
67,14:53:39,7.5,0.01,44,33000,买盘
68,14:53:36,7.49,-0.01,4,2996,卖盘
69,14:53:33,7.5,--,68,51000,买盘
70,14:53:30,7.5,--,123,92250,买盘
71,14:53:27,7.5,--,90,67500,买盘
72,14:53:24,7.5,--,7,5250,买盘
73,14:53:21,7.5,--,306,229500,买盘
74,14:53:18,7.5,--,30,22500,买盘
75,14:53:15,7.5,--,125,93750,买盘
76,14:53:09,7.5,--,73,54750,买盘
77,14:53:06,7.5,--,150,112500,买盘
78,14:53:03,7.5,--,43,32250,买盘
79,14:53:00,7.5,-0.01,1131,848602,卖盘
80,14:52:54,7.51,0.01,68,51068,买盘
81,14:52:51,7.5,-0.01,3,2250,卖盘
82,14:52:48,7.51,0.01,51,38301,买盘
83,14:52:45,7.5,--,16,12000,卖盘
84,14:52:42,7.5,--,30,22500,卖盘
85,14:52:39,7.5,--,117,87750,卖盘
86,14:52:36,7.5,-0.01,165,123750,卖盘
87,14:52:33,7.51,--,86,64586,买盘
88,14:52:30,7.51,0.01,187,140437,买盘
89,14:52:27,7.5,--,1852,1389397,买盘
90,14:52:24,7.5,--,79,59250,买盘
91,14:52:21,7.5,--,23,17250,买盘
92,14:52:18,7.5,--,528,396000,买盘
93,14:52:15,7.5,--,135,101250,买盘
94,14:52:12,7.5,--,128,96000,买盘
95,14:52:09,7.5,--,241,180750,买盘
96,14:52:06,7.5,--,50,37500,买盘
97,14:52:03,7.5,-0.01,2234,1675500,卖盘
98,14:52:00,7.51,0.01,357,268107,买盘
99,14:51:57,7.5,--,22,16500,卖盘
100,14:51:54,7.5,-0.01,14,10500,卖盘
101,14:51:51,7.51,0.01,52,39052,买盘
102,14:51:48,7.5,--,141,105750,卖盘
103,14:51:45,7.5,-0.01,60,45000,卖盘
104,14:51:42,7.51,0.01,47,35297,买盘
105,14:51:39,7.5,-0.01,10,7500,卖盘
106,14:51:36,7.51,--,110,82610,买盘
107,14:51:33,7.51,--,52,39052,买盘
108,14:51:30,7.51,0.01,190,142690,买盘
109,14:51:27,7.5,-0.01,63,47250,卖盘
110,14:51:24,7.51,--,50,37550,买盘
111,14:51:21,7.51,0.01,45,33795,买盘
112,14:51:18,7.5,--,519,389250,买盘
113,14:51:15,7.5,--,555,416250,买盘
114,14:51:12,7.5,--,133,99750,买盘
115,14:51:06,7.5,--,18,13500,买盘
116,14:51:03,7.5,--,60,45000,买盘
117,14:51:00,7.5,--,182,136500,买盘
118,14:50:57,7.5,--,29,21750,买盘
119,14:50:54,7.5,--,10,7500,买盘
120,14:50:51,7.5,0.01,178,133500,买盘
121,14:50:48,7.49,--,21,15729,卖盘
122,14:50:45,7.49,--,1,749,卖盘
123,14:50:42,7.49,--,2,1498,卖盘
124,14:50:36,7.49,--,101,75649,卖盘
125,14:50:33,7.49,-0.01,185,138565,卖盘
126,14:50:30,7.5,0.01,672,504000,买盘
127,14:50:27,7.49,-0.01,357,267393,卖盘
128,14:50:24,7.5,--,123,92250,买盘
129,14:50:21,7.5,--,60,45000,买盘
130,14:50:18,7.5,--,29,21750,买盘
131,14:50:15,7.5,--,50,37500,买盘
132,14:50:12,7.5,--,279,209250,卖盘
133,14:50:09,7.5,-0.01,122,91500,卖盘
134,14:50:06,7.51,0.01,2473,1857223,买盘
135,14:50:03,7.5,--,166,124500,卖盘
136,14:50:00,7.5,--,20,15000,卖盘
137,14:49:57,7.5,--,15,11250,卖盘
138,14:49:54,7.5,-0.01,54,40500,卖盘
139,14:49:51,7.51,--,10,7510,买盘
140,14:49:48,7.51,0.01,65,48815,买盘
141,14:49:45,7.5,--,40,30000,卖盘
142,14:49:42,7.5,--,277,207750,卖盘
143,14:49:39,7.5,--,3,2250,卖盘
144,14:49:36,7.5,--,6,4500,卖盘
145,14:49:33,7.5,-0.01,86,64500,卖盘
146,14:49:30,7.51,--,11,8261,买盘
147,14:49:27,7.51,0.01,10,7510,买盘
148,14:49:24,7.5,-0.01,496,372000,卖盘
149,14:49:21,7.51,--,294,220794,买盘
150,14:49:18,7.51,0.01,15,11265,买盘
151,14:49:15,7.5,-0.01,13,9750,卖盘
152,14:49:12,7.51,0.01,20,15020,买盘
153,14:49:09,7.5,-0.01,281,210750,卖盘
154,14:49:06,7.51,0.01,15,11265,买盘
155,14:49:03,7.5,-0.01,17,12750,卖盘
156,14:49:00,7.51,--,281,211031,买盘
157,14:48:57,7.51,--,179,134429,卖盘
158,14:48:54,7.51,--,7,5257,卖盘
159,14:48:48,7.51,--,38,28538,卖盘
160,14:48:45,7.51,0.01,65,48815,买盘
161,14:48:42,7.5,-0.02,209,156750,卖盘
162,14:48:39,7.52,0.01,5,3760,买盘
163,14:48:36,7.51,--,228,171228,买盘
164,14:48:33,7.51,0.01,5,3755,买盘
165,14:48:30,7.5,-0.01,1,750,卖盘
166,14:48:27,7.51,-0.01,81,60831,中性盘
167,14:48:24,7.52,0.01,122,91744,买盘
168,14:48:21,7.51,0.01,151,113401,买盘
169,14:48:15,7.5,--,40,30000,卖盘
170,14:48:12,7.5,-0.01,235,176250,卖盘
171,14:48:09,7.51,--,324,243324,卖盘
172,14:48:06,7.51,--,101,75851,卖盘
173,14:48:03,7.51,--,59,44309,卖盘
174,14:48:00,7.51,--,14,10514,卖盘
175,14:47:57,7.51,--,156,117156,买盘
176,14:47:54,7.51,--,288,216288,卖盘
177,14:47:51,7.51,--,255,191505,卖盘
178,14:47:48,7.51,--,90,67590,卖盘
179,14:47:42,7.51,-0.01,80,60080,卖盘
180,14:47:39,7.52,0.01,35,26320,买盘
181,14:47:36,7.51,--,6,4506,卖盘
182,14:47:30,7.51,-0.01,72,54072,卖盘
183,14:47:27,7.52,--,9,6768,买盘
184,14:47:24,7.52,0.01,7,5264,买盘
185,14:47:21,7.51,0.01,312,234312,买盘
186,14:47:18,7.5,-0.01,158,118500,卖盘
187,14:47:12,7.51,--,178,133678,买盘
188,14:47:09,7.51,0.01,112,84112,买盘
189,14:47:03,7.5,-0.01,93,69750,卖盘
190,14:47:00,7.51,--,193,144943,卖盘
191,14:46:57,7.51,--,57,42807,卖盘
192,14:46:54,7.51,--,192,144192,卖盘
193,14:46:51,7.51,-0.01,64,48064,卖盘
194,14:46:48,7.52,0.01,112,84224,买盘
195,14:46:45,7.51,-0.01,87,65337,卖盘
196,14:46:42,7.52,--,20,15040,买盘
197,14:46:39,7.52,--,7,5264,买盘
198,14:46:36,7.52,0.01,46,34592,买盘
199,14:46:33,7.51,-0.01,341,256091,卖盘
200,14:46:30,7.52,--,43,32335,买盘
201,14:46:27,7.52,0.01,505,379760,买盘
202,14:46:24,7.51,-0.01,56,42056,卖盘
203,14:46:21,7.52,0.01,62,46624,买盘
204,14:46:18,7.51,-0.01,10,7510,卖盘
205,14:46:15,7.52,0.01,26,19552,买盘
206,14:46:12,7.51,--,49,36799,卖盘
207,14:46:09,7.51,--,103,77353,卖盘
208,14:46:06,7.51,-0.01,10,7510,卖盘
209,14:46:03,7.52,--,160,120320,买盘
210,14:46:00,7.52,--,60,45120,买盘
211,14:45:57,7.52,--,22,16544,买盘
212,14:45:54,7.52,--,76,57152,买盘
213,14:45:51,7.52,--,112,84224,买盘
214,14:45:48,7.52,--,623,468496,买盘
215,14:45:45,7.52,--,287,215824,买盘
216,14:45:42,7.52,--,30,22560,买盘
217,14:45:39,7.52,--,48,36096,买盘
218,14:45:33,7.52,--,3,2256,买盘
219,14:45:30,7.52,--,59,44368,买盘
220,14:45:27,7.52,0.01,26,19552,买盘
221,14:45:24,7.51,-0.01,42,31542,卖盘
222,14:45:21,7.52,0.01,88,66176,买盘
223,14:45:18,7.51,--,64,48064,卖盘
224,14:45:12,7.51,-0.01,33,24783,卖盘
225,14:45:09,7.52,--,164,123328,买盘
226,14:45:06,7.52,0.01,129,97008,买盘
227,14:45:03,7.51,-0.01,4,3004,卖盘
228,14:45:00,7.52,0.01,35,26320,买盘
229,14:44:57,7.51,--,311,233561,卖盘
230,14:44:54,7.51,--,154,115654,卖盘
231,14:44:51,7.51,--,15,11265,卖盘
232,14:44:48,7.51,--,12,9012,卖盘
233,14:44:45,7.51,-0.01,12,9012,卖盘
234,14:44:42,7.52,0.01,46,34592,买盘
235,14:44:39,7.51,-0.01,18,13518,卖盘
236,14:44:36,7.52,0.01,108,81216,买盘
237,14:44:33,7.51,--,86,64586,卖盘
238,14:44:30,7.51,-0.01,10,7510,卖盘
239,14:44:27,7.52,--,181,136112,买盘
240,14:44:24,7.52,--,39,29328,买盘
241,14:44:21,7.52,0.01,113,84976,买盘
242,14:44:18,7.51,0.01,175,131425,买盘
243,14:44:15,7.5,--,422,316500,卖盘
244,14:44:09,7.5,-0.01,50,37500,卖盘
245,14:44:06,7.51,--,22,16522,买盘
246,14:44:03,7.51,--,319,239569,买盘
247,14:44:00,7.51,-0.01,78,58578,卖盘
248,14:43:57,7.52,--,3,2256,买盘
249,14:43:54,7.52,--,15,11280,买盘
250,14:43:51,7.52,0.01,9,6768,卖盘
251,14:43:48,7.51,-0.01,40,30040,卖盘
252,14:43:45,7.52,--,22,16544,卖盘
253,14:43:42,7.52,-0.01,23,17296,中性盘
254,14:43:39,7.53,0.02,80,60240,买盘
255,14:43:36,7.51,-0.01,6225,4674975,卖盘
256,14:43:33,7.52,--,10,7520,买盘
257,14:43:30,7.52,--,20,15040,买盘
258,14:43:27,7.52,0.01,144,108288,买盘
259,14:43:24,7.51,-0.01,72,54072,卖盘
260,14:43:21,7.52,--,8,6016,买盘
261,14:43:18,7.52,--,12,9024,买盘
262,14:43:15,7.52,0.01,36,27072,买盘
263,14:43:12,7.51,--,47,35297,卖盘
264,14:43:09,7.51,--,549,412299,卖盘
265,14:43:06,7.51,-0.01,1,751,卖盘
266,14:43:03,7.52,-0.01,449,337648,卖盘
267,14:43:00,7.53,0.01,569,428457,买盘
268,14:42:57,7.52,--,1070,804640,买盘
269,14:42:54,7.52,0.01,5,3760,买盘
270,14:42:51,7.51,-0.01,114,85614,卖盘
271,14:42:48,7.52,0.01,5,3760,买盘
272,14:42:45,7.51,--,12,9012,卖盘
273,14:42:42,7.51,-0.01,49,36799,卖盘
274,14:42:39,7.52,--,419,315088,买盘
275,14:42:36,7.52,--,9,6768,买盘
276,14:42:33,7.52,0.01,10,7520,卖盘
277,14:42:30,7.51,-0.01,67,50317,卖盘
278,14:42:27,7.52,-0.01,33,24816,卖盘
279,14:42:24,7.53,0.01,5,3765,买盘
280,14:42:21,7.52,--,86,64671,卖盘
281,14:42:18,7.52,--,98,73696,卖盘
282,14:42:15,7.52,-0.01,356,267712,卖盘
283,14:42:12,7.53,0.01,21,15813,买盘
284,14:42:09,7.52,0.01,827,621904,买盘
285,14:42:06,7.51,-0.01,41,30791,卖盘
286,14:42:00,7.52,--,132,99264,买盘
287,14:41:57,7.52,--,55,41360,买盘
288,14:41:54,7.52,0.01,20,15040,买盘
289,14:41:51,7.51,--,43,32293,卖盘
290,14:41:48,7.51,--,95,71345,卖盘
291,14:41:45,7.51,-0.01,53,39803,卖盘
292,14:41:42,7.52,--,10,7520,买盘
293,14:41:39,7.52,0.01,166,124832,买盘
294,14:41:33,7.51,-0.01,44,33044,卖盘
295,14:41:27,7.52,--,7,5264,买盘
296,14:41:24,7.52,0.01,343,257935,买盘
297,14:41:21,7.51,-0.01,55,41305,卖盘
298,14:41:18,7.52,0.01,301,226352,买盘
299,14:41:15,7.51,0.01,30,22530,卖盘
300,14:41:12,7.5,-0.02,92,69000,卖盘
301,14:41:09,7.52,--,5,3760,买盘
302,14:41:06,7.52,--,171,128591,买盘
303,14:41:03,7.52,0.01,170,127840,买盘
304,14:41:00,7.51,--,47,35297,卖盘
305,14:40:57,7.51,--,53,39803,卖盘
306,14:40:51,7.51,0.01,1,751,买盘
307,14:40:48,7.5,--,35,26250,卖盘
308,14:40:45,7.5,-0.01,215,161250,卖盘
309,14:40:42,7.51,--,231,173481,买盘
310,14:40:39,7.51,--,101,75851,买盘
311,14:40:36,7.51,--,106,79606,买盘
312,14:40:33,7.51,-0.01,63,47313,卖盘
313,14:40:30,7.52,--,327,245904,买盘
314,14:40:27,7.52,0.01,187,140624,买盘
315,14:40:24,7.51,--,44,33044,卖盘
316,14:40:21,7.51,--,10,7510,卖盘
317,14:40:18,7.51,0.01,12,9012,卖盘
318,14:40:15,7.5,-0.01,185,138750,卖盘
319,14:40:09,7.51,--,57,42807,买盘
320,14:40:06,7.51,--,45,33795,买盘
321,14:40:03,7.51,0.01,107,80357,买盘
322,14:40:00,7.5,-0.01,307,230250,卖盘
323,14:39:57,7.51,-0.01,231,173481,卖盘
324,14:39:54,7.52,0.02,85,63920,买盘
325,14:39:48,7.5,-0.01,137,102750,卖盘
326,14:39:45,7.51,0.01,48,36048,买盘
327,14:39:42,7.5,-0.02,40,30000,卖盘
328,14:39:39,7.52,0.01,533,400816,买盘
329,14:39:36,7.51,0.01,42,31542,买盘
330,14:39:33,7.5,--,50,37500,卖盘
331,14:39:30,7.5,--,84,63000,卖盘
332,14:39:27,7.5,--,26,19500,卖盘
333,14:39:24,7.5,--,82,61500,卖盘
334,14:39:21,7.5,--,66,49500,卖盘
335,14:39:18,7.5,--,3,2250,卖盘
336,14:39:15,7.5,-0.01,775,581250,卖盘
337,14:39:12,7.51,0.01,114,85614,买盘
338,14:39:09,7.5,--,49,36750,卖盘
339,14:39:06,7.5,-0.01,60,45000,卖盘
340,14:39:03,7.51,--,168,126168,买盘
341,14:39:00,7.51,0.01,204,153204,买盘
342,14:38:57,7.5,--,313,234750,卖盘
343,14:38:54,7.5,-0.01,66,49500,卖盘
344,14:38:51,7.51,0.01,266,199766,买盘
345,14:38:48,7.5,0.01,141,105750,中性盘
346,14:38:45,7.49,-0.01,492,368508,卖盘
347,14:38:42,7.5,--,214,160500,买盘
348,14:38:39,7.5,--,231,173250,买盘
349,14:38:36,7.5,--,48,36000,卖盘
350,14:38:33,7.5,--,55,41250,卖盘
351,14:38:30,7.5,--,241,180750,卖盘
352,14:38:27,7.5,--,34,25500,卖盘
353,14:38:24,7.5,--,231,173250,卖盘
354,14:38:21,7.5,-0.01,2645,1983750,卖盘
355,14:38:18,7.51,0.01,5,3755,买盘
356,14:38:15,7.5,--,29,21750,卖盘
357,14:38:12,7.5,--,58,43500,卖盘
358,14:38:09,7.5,--,138,103500,卖盘
359,14:38:06,7.5,--,270,202500,卖盘
360,14:38:03,7.5,--,189,141750,卖盘
361,14:38:00,7.5,--,94,70500,卖盘
362,14:37:57,7.5,--,91,68250,卖盘
363,14:37:54,7.5,--,30,22500,卖盘
364,14:37:51,7.5,--,628,471000,卖盘
365,14:37:48,7.5,--,241,180750,卖盘
366,14:37:45,7.5,-0.01,103,77250,卖盘
367,14:37:42,7.51,0.01,106,79606,买盘
368,14:37:39,7.5,-0.01,56,42000,卖盘
369,14:37:36,7.51,--,280,210280,卖盘
370,14:37:33,7.51,--,594,446094,卖盘
371,14:37:30,7.51,-0.01,854,641354,卖盘
372,14:37:27,7.52,0.01,3,2256,买盘
373,14:37:24,7.51,-0.01,45,33795,卖盘
374,14:37:21,7.52,--,2318,1743136,卖盘
375,14:37:18,7.52,--,1527,1148304,卖盘
376,14:37:15,7.52,--,1458,1096416,卖盘
377,14:37:12,7.52,-0.01,160,120320,卖盘
378,14:37:09,7.53,--,14,10542,买盘
379,14:37:06,7.53,0.01,49,36897,买盘
380,14:37:03,7.52,--,72,54144,卖盘
381,14:37:00,7.52,--,368,276736,卖盘
382,14:36:57,7.52,--,16,12032,卖盘
383,14:36:54,7.52,--,124,93248,卖盘
384,14:36:51,7.52,-0.01,211,158672,卖盘
385,14:36:48,7.53,0.01,53,39909,买盘
386,14:36:45,7.52,-0.01,161,121072,卖盘
387,14:36:42,7.53,0.01,131,98643,买盘
388,14:36:39,7.52,-0.01,90,67680,卖盘
389,14:36:36,7.53,0.01,63,47439,买盘
390,14:36:33,7.52,--,154,115808,卖盘
391,14:36:27,7.52,-0.01,3,2256,卖盘
392,14:36:24,7.53,0.01,42,31626,买盘
393,14:36:21,7.52,-0.01,126,94752,卖盘
394,14:36:18,7.53,--,84,63252,卖盘
395,14:36:15,7.53,0.01,269,202557,买盘
396,14:36:12,7.52,-0.01,131,98512,卖盘
397,14:36:09,7.53,--,81,60993,买盘
398,14:36:06,7.53,0.01,60,45180,买盘
399,14:36:03,7.52,--,514,386528,卖盘
400,14:36:00,7.52,--,68,51136,卖盘
401,14:35:57,7.52,--,154,115808,卖盘
402,14:35:54,7.52,--,2,1504,卖盘
403,14:35:51,7.52,--,42,31584,卖盘
404,14:35:48,7.52,--,137,103024,卖盘
405,14:35:45,7.52,--,131,98512,卖盘
406,14:35:42,7.52,--,5,3760,卖盘
407,14:35:39,7.52,-0.01,62,46624,卖盘
408,14:35:36,7.53,0.01,2,1506,买盘
409,14:35:33,7.52,-0.01,30,22560,卖盘
410,14:35:30,7.53,--,16,12048,买盘
411,14:35:27,7.53,--,69,51957,买盘
412,14:35:24,7.53,--,76,57228,买盘
413,14:35:21,7.53,--,22,16566,买盘
414,14:35:18,7.53,0.01,5,3765,买盘
415,14:35:15,7.52,-0.01,59,44368,卖盘
416,14:35:12,7.53,--,43,32379,卖盘
417,14:35:09,7.53,--,184,138552,卖盘
418,14:35:06,7.53,0.01,150,112950,买盘
419,14:35:03,7.52,-0.01,60,45120,卖盘
420,14:35:00,7.53,0.01,61,45933,买盘
421,14:34:57,7.52,--,102,76704,卖盘
422,14:34:54,7.52,-0.01,100,75200,卖盘
423,14:34:51,7.53,--,29,21837,买盘
424,14:34:48,7.53,0.01,435,327555,买盘
425,14:34:45,7.52,--,59,44368,卖盘
426,14:34:42,7.52,-0.01,291,218832,卖盘
427,14:34:39,7.53,0.01,28,21084,买盘
428,14:34:36,7.52,-0.01,124,93248,卖盘
429,14:34:33,7.53,0.01,32,24096,买盘
430,14:34:30,7.52,-0.01,47,35344,卖盘
431,14:34:27,7.53,--,37,27861,买盘
432,14:34:24,7.53,--,13,9789,买盘
433,14:34:21,7.53,--,51,38403,买盘
434,14:34:18,7.53,--,44,33132,买盘
435,14:34:15,7.53,-0.01,1,753,买盘
436,14:34:12,7.54,--,2,1508,买盘
437,14:34:09,7.54,--,371,279734,买盘
438,14:34:06,7.54,0.01,168,126672,买盘
439,14:34:03,7.53,--,218,164154,卖盘
440,14:34:00,7.53,--,144,108432,卖盘
441,14:33:57,7.53,--,121,91113,卖盘
442,14:33:54,7.53,-0.01,130,97890,卖盘
443,14:33:51,7.54,--,2,1508,买盘
444,14:33:48,7.54,--,43,32422,买盘
445,14:33:45,7.54,--,2,1508,买盘
446,14:33:42,7.54,--,55,41470,买盘
447,14:33:39,7.54,--,20,15080,买盘
448,14:33:36,7.54,--,120,90480,买盘
449,14:33:33,7.54,--,15,11310,买盘
450,14:33:30,7.54,--,117,88218,买盘
451,14:33:27,7.54,--,2,1508,买盘
452,14:33:24,7.54,--,51,38454,买盘
453,14:33:21,7.54,--,212,159848,买盘
454,14:33:18,7.54,--,42,31668,买盘
455,14:33:15,7.54,0.01,326,245804,买盘
456,14:33:12,7.53,-0.01,45,33885,卖盘
457,14:33:09,7.54,--,22,16588,买盘
458,14:33:06,7.54,--,146,110084,买盘
459,14:33:03,7.54,--,65,49010,买盘
460,14:33:00,7.54,0.01,75,56550,买盘
461,14:32:57,7.53,-0.01,45,33885,卖盘
462,14:32:54,7.54,--,57,42978,买盘
463,14:32:51,7.54,--,71,53534,买盘
464,14:32:48,7.54,--,2,1508,买盘
465,14:32:42,7.54,--,60,45240,买盘
466,14:32:39,7.54,0.01,192,144768,买盘
467,14:32:36,7.53,--,159,119727,卖盘
468,14:32:33,7.53,-0.01,14,10542,卖盘
469,14:32:30,7.54,0.01,52,39208,买盘
470,14:32:27,7.53,--,391,294423,卖盘
471,14:32:24,7.53,--,21,15813,卖盘
472,14:32:21,7.53,-0.01,427,321531,卖盘
473,14:32:18,7.54,--,360,271440,买盘
474,14:32:15,7.54,0.01,43,32422,买盘
475,14:32:12,7.53,-0.01,36,27108,卖盘
476,14:32:09,7.54,0.01,328,247312,买盘
477,14:32:06,7.53,--,90,67770,买盘
478,14:32:03,7.53,--,67,50451,买盘
479,14:32:00,7.53,--,107,80571,卖盘
480,14:31:57,7.53,--,44,33132,卖盘
481,14:31:54,7.53,--,132,99396,卖盘
482,14:31:51,7.53,--,410,308730,卖盘
483,14:31:48,7.53,--,98,73794,卖盘
484,14:31:45,7.53,--,86,64758,卖盘
485,14:31:42,7.53,-0.01,72,54216,卖盘
486,14:31:39,7.54,--,55,41470,买盘
487,14:31:36,7.54,0.02,54,40716,买盘
488,14:31:33,7.52,-0.01,137,103024,卖盘
489,14:31:30,7.53,--,288,216909,买盘
490,14:31:27,7.53,--,37,27861,买盘
491,14:31:24,7.53,-0.01,844,636239,卖盘
492,14:31:21,7.54,--,64,48256,买盘
493,14:31:18,7.54,--,65,49010,买盘
494,14:31:15,7.54,0.01,15,11310,买盘
495,14:31:12,7.53,--,7,5271,卖盘
496,14:31:09,7.53,-0.01,50,37650,卖盘
497,14:31:06,7.54,--,182,137228,买盘
498,14:31:03,7.54,--,9,6786,买盘
499,14:31:00,7.54,0.01,114,85956,买盘
500,14:30:57,7.53,-0.01,12,9036,卖盘
501,14:30:54,7.54,0.01,72,54288,买盘
502,14:30:51,7.53,-0.01,259,195027,卖盘
503,14:30:48,7.54,--,160,120640,买盘
504,14:30:45,7.54,--,217,163618,买盘
505,14:30:42,7.54,--,100,75400,买盘
506,14:30:39,7.54,0.01,62,46748,买盘
507,14:30:36,7.53,-0.01,421,317013,卖盘
508,14:30:33,7.54,--,4,3016,买盘
509,14:30:30,7.54,--,87,65598,买盘
510,14:30:27,7.54,--,38,28652,买盘
511,14:30:24,7.54,--,31,23374,买盘
512,14:30:18,7.54,--,3,2262,买盘
513,14:30:15,7.54,--,50,37700,买盘
514,14:30:12,7.54,0.01,16,12064,买盘
515,14:30:09,7.53,-0.01,97,73041,卖盘
516,14:30:06,7.54,--,33,24882,买盘
517,14:30:03,7.54,--,64,48256,买盘
518,14:30:00,7.54,0.01,14,10556,买盘
519,14:29:57,7.53,-0.01,2067,1556451,卖盘
520,14:29:54,7.54,0.01,66,49764,买盘
521,14:29:51,7.53,-0.01,25,18825,卖盘
522,14:29:48,7.54,--,152,114608,买盘
523,14:29:45,7.54,--,252,190008,买盘
524,14:29:42,7.54,--,39,29406,买盘
525,14:29:39,7.54,--,410,309140,买盘
526,14:29:36,7.54,--,2,1508,买盘
527,14:29:33,7.54,--,57,42978,买盘
528,14:29:30,7.54,--,124,93496,买盘
529,14:29:27,7.54,0.01,22,16588,买盘
530,14:29:24,7.53,-0.01,159,119727,卖盘
531,14:29:21,7.54,0.01,143,107822,买盘
532,14:29:18,7.53,--,136,102408,卖盘
533,14:29:15,7.53,-0.01,218,164154,卖盘
534,14:29:12,7.54,0.01,142,107068,买盘
535,14:29:09,7.53,-0.01,114,85842,卖盘
536,14:29:06,7.54,0.01,3,2262,买盘
537,14:29:03,7.53,-0.01,164,123492,卖盘
538,14:29:00,7.54,0.01,13,9802,买盘
539,14:28:57,7.53,-0.01,235,176955,卖盘
540,14:28:54,7.54,--,132,99528,买盘
541,14:28:48,7.54,0.01,26,19604,中性盘
542,14:28:45,7.53,-0.01,326,245478,卖盘
543,14:28:42,7.54,--,21,15834,买盘
544,14:28:39,7.54,0.01,35,26390,买盘
545,14:28:36,7.53,-0.01,221,166413,卖盘
546,14:28:30,7.54,--,69,52026,买盘
547,14:28:27,7.54,0.01,142,107068,买盘
548,14:28:24,7.53,--,41,30873,卖盘
549,14:28:21,7.53,-0.01,53,39909,卖盘
550,14:28:18,7.54,--,23,17342,买盘
551,14:28:15,7.54,0.01,170,128180,买盘
552,14:28:12,7.53,-0.01,516,388548,卖盘
553,14:28:09,7.54,--,46,34684,卖盘
554,14:28:06,7.54,0.01,12,9048,买盘
555,14:28:03,7.53,--,104,78312,卖盘
556,14:28:00,7.53,--,59,44427,卖盘
557,14:27:57,7.53,-0.02,242,182226,卖盘
558,14:27:54,7.55,0.01,190,143450,买盘
559,14:27:51,7.54,--,123,92742,卖盘
560,14:27:48,7.54,--,282,212628,买盘
561,14:27:45,7.54,0.01,244,183976,买盘
562,14:27:42,7.53,--,40,30120,卖盘
563,14:27:39,7.53,--,168,126504,卖盘
564,14:27:36,7.53,--,427,321531,卖盘
565,14:27:33,7.53,-0.01,779,586587,卖盘
566,14:27:30,7.54,--,64,48256,买盘
567,14:27:27,7.54,--,43,32422,买盘
568,14:27:24,7.54,--,148,111592,卖盘
569,14:27:21,7.54,-0.01,57,42978,卖盘
570,14:27:18,7.55,0.01,334,252170,买盘
571,14:27:15,7.54,--,2,1508,买盘
572,14:27:12,7.54,--,100,75400,买盘
573,14:27:09,7.54,0.01,34,25636,买盘
574,14:27:06,7.53,--,48,36144,卖盘
575,14:27:03,7.53,-0.02,1,753,卖盘
576,14:27:00,7.55,0.01,247,186485,买盘
577,14:26:57,7.54,-0.01,386,291044,卖盘
578,14:26:54,7.55,0.01,133,100415,买盘
579,14:26:51,7.54,0.01,25,18850,中性盘
580,14:26:48,7.53,-0.01,70,52710,卖盘
581,14:26:45,7.54,0.01,90,67860,买盘
582,14:26:42,7.53,-0.02,13,9789,卖盘
583,14:26:39,7.55,0.02,40,30200,买盘
584,14:26:36,7.53,-0.01,401,301953,卖盘
585,14:26:33,7.54,--,42,31668,买盘
586,14:26:30,7.54,--,39,29406,买盘
587,14:26:27,7.54,--,5,3770,买盘
588,14:26:24,7.54,0.01,58,43732,买盘
589,14:26:21,7.53,--,148,111444,卖盘
590,14:26:18,7.53,--,1478,1112934,卖盘
591,14:26:15,7.53,--,189,142317,卖盘
592,14:26:12,7.53,--,380,286140,卖盘
593,14:26:09,7.53,-0.01,66,49698,卖盘
594,14:26:06,7.54,0.01,1,754,买盘
595,14:26:03,7.53,-0.01,53,39909,卖盘
596,14:26:00,7.54,--,279,210366,卖盘
597,14:25:57,7.54,--,120,90480,买盘
598,14:25:54,7.54,--,169,127426,买盘
599,14:25:51,7.54,0.01,57,42978,买盘
600,14:25:48,7.53,-0.01,63,47439,卖盘
601,14:25:45,7.54,--,3,2262,买盘
602,14:25:42,7.54,--,14,10556,买盘
603,14:25:39,7.54,--,821,619034,卖盘
604,14:25:36,7.54,-0.02,37,27898,卖盘
605,14:25:33,7.56,0.02,176,133056,买盘
606,14:25:30,7.54,--,47,35438,卖盘
607,14:25:27,7.54,--,59,44486,卖盘
608,14:25:24,7.54,-0.02,113,85202,卖盘
609,14:25:21,7.56,0.02,54,40824,买盘
610,14:25:18,7.54,-0.02,135,101790,卖盘
611,14:25:15,7.56,0.01,209,158004,买盘
612,14:25:12,7.55,-0.01,2,1510,卖盘
613,14:25:09,7.56,0.02,4,3024,买盘
614,14:25:06,7.54,-0.01,166,125164,卖盘
615,14:25:03,7.55,--,177,133635,买盘
616,14:25:00,7.55,-0.01,11,8305,中性盘
617,14:24:54,7.56,0.02,185,139860,买盘
618,14:24:51,7.54,-0.02,131,98774,卖盘
619,14:24:48,7.56,0.01,78,58968,买盘
620,14:24:45,7.55,--,47,35485,买盘
621,14:24:42,7.55,0.01,197,148735,中性盘
622,14:24:39,7.54,-0.02,57,42978,卖盘
623,14:24:36,7.56,0.02,63,47628,买盘
624,14:24:33,7.54,--,9,6786,卖盘
625,14:24:30,7.54,--,106,79924,卖盘
626,14:24:27,7.54,-0.01,10,7540,卖盘
627,14:24:24,7.55,0.01,67,50585,买盘
628,14:24:21,7.54,--,23,17342,卖盘
629,14:24:18,7.54,--,205,154570,卖盘
630,14:24:15,7.54,-0.02,13,9802,卖盘
631,14:24:12,7.56,0.01,262,198072,买盘
632,14:24:09,7.55,--,69,52095,买盘
633,14:24:06,7.55,0.01,164,123820,买盘
634,14:24:03,7.54,-0.01,525,395850,卖盘
635,14:24:00,7.55,0.01,108,81540,买盘
636,14:23:57,7.54,-0.01,38,28652,卖盘
637,14:23:54,7.55,-0.01,168,126840,中性盘
638,14:23:51,7.56,0.02,71,53676,买盘
639,14:23:48,7.54,-0.01,88,66352,中性盘
640,14:23:45,7.55,--,41,30955,中性盘
641,14:23:42,7.55,0.01,306,231030,买盘
642,14:23:39,7.54,-0.02,815,614510,卖盘
643,14:23:36,7.56,0.02,167,126252,买盘
644,14:23:33,7.54,-0.02,41,30914,卖盘
645,14:23:30,7.56,0.02,74,55944,买盘
646,14:23:27,7.54,--,20,15080,卖盘
647,14:23:24,7.54,-0.01,290,218660,卖盘
648,14:23:21,7.55,-0.01,77,58135,卖盘
649,14:23:18,7.56,0.01,221,167076,买盘
650,14:23:15,7.55,--,270,204204,卖盘
651,14:23:12,7.55,--,213,161215,买盘
652,14:23:09,7.55,0.01,99,74745,买盘
653,14:23:06,7.54,-0.02,1968,1484226,卖盘
654,14:23:03,7.56,-0.01,1210,914760,中性盘
655,14:23:00,7.57,0.02,113,85541,买盘
656,14:22:57,7.55,-0.01,275,207625,卖盘
657,14:22:54,7.56,--,63,47628,买盘
658,14:22:51,7.56,--,266,201096,卖盘
659,14:22:48,7.56,--,53,40068,卖盘
660,14:22:45,7.56,-0.01,271,204876,卖盘
661,14:22:42,7.57,0.01,533,403481,买盘
662,14:22:39,7.56,--,55,41580,卖盘
663,14:22:36,7.56,-0.01,8,6048,卖盘
664,14:22:33,7.57,0.01,79,59803,买盘
665,14:22:30,7.56,-0.01,22,16632,卖盘
666,14:22:27,7.57,--,147,111279,买盘
667,14:22:24,7.57,--,64,48448,买盘
668,14:22:21,7.57,--,22,16654,买盘
669,14:22:18,7.57,0.01,219,165783,买盘
670,14:22:15,7.56,--,328,247968,卖盘
671,14:22:12,7.56,--,88,66528,卖盘
672,14:22:09,7.56,-0.01,599,452844,卖盘
673,14:22:06,7.57,--,106,80242,买盘
674,14:22:03,7.57,0.01,40,30280,买盘
675,14:22:00,7.56,-0.01,296,223776,卖盘
676,14:21:54,7.57,--,271,205147,买盘
677,14:21:51,7.57,--,63,47691,买盘
678,14:21:48,7.57,--,84,63588,买盘
679,14:21:45,7.57,0.01,52,39364,买盘
680,14:21:42,7.56,--,116,87696,卖盘
681,14:21:39,7.56,-0.01,199,150444,卖盘
682,14:21:36,7.57,0.01,63,47691,买盘
683,14:21:33,7.56,--,146,110376,卖盘
684,14:21:30,7.56,-0.01,650,491400,卖盘
685,14:21:27,7.57,--,10,7570,买盘
686,14:21:24,7.57,--,2,1514,买盘
687,14:21:21,7.57,--,120,90840,买盘
688,14:21:18,7.57,--,53,40121,买盘
689,14:21:15,7.57,--,259,196063,买盘
690,14:21:12,7.57,--,390,295230,买盘
691,14:21:09,7.57,--,160,121120,买盘
692,14:21:06,7.57,--,31,23467,买盘
693,14:21:03,7.57,--,126,95382,买盘
694,14:21:00,7.57,--,136,102952,买盘
695,14:20:57,7.57,--,14,10598,买盘
696,14:20:54,7.57,0.01,168,127176,买盘
697,14:20:51,7.56,-0.01,30,22680,中性盘
698,14:20:48,7.57,0.01,104,78728,买盘
699,14:20:45,7.56,-0.01,112,84672,卖盘
700,14:20:42,7.57,0.01,63,47691,买盘
701,14:20:39,7.56,-0.01,21,15876,卖盘
702,14:20:36,7.57,0.01,283,214231,买盘
703,14:20:33,7.56,-0.01,72,54432,卖盘
704,14:20:30,7.57,--,141,106737,买盘
705,14:20:27,7.57,0.01,386,292202,买盘
706,14:20:24,7.56,-0.01,42,31752,卖盘
707,14:20:21,7.57,--,22,16654,买盘
708,14:20:18,7.57,0.01,231,174867,买盘
709,14:20:15,7.56,0.01,142,107352,买盘
710,14:20:12,7.55,-0.01,1693,1278215,卖盘
711,14:20:09,7.56,--,110,83160,买盘
712,14:20:06,7.56,--,131,99036,买盘
713,14:20:03,7.56,--,164,123984,买盘
714,14:20:00,7.56,--,179,135324,买盘
715,14:19:57,7.56,--,68,51408,买盘
716,14:19:54,7.56,-0.01,449,339444,卖盘
717,14:19:51,7.57,--,176,133232,买盘
718,14:19:48,7.57,--,37,28009,买盘
719,14:19:45,7.57,0.01,3,2271,买盘
720,14:19:42,7.56,-0.01,100,75600,卖盘
721,14:19:39,7.57,0.01,269,203633,买盘
722,14:19:36,7.56,-0.01,5,3780,卖盘
723,14:19:30,7.57,--,99,74943,买盘
724,14:19:27,7.57,0.01,317,239969,买盘
725,14:19:24,7.56,-0.01,313,236628,卖盘
726,14:19:21,7.57,0.01,253,191521,买盘
727,14:19:18,7.56,-0.01,376,284256,卖盘
728,14:19:15,7.57,--,107,80999,买盘
729,14:19:12,7.57,--,95,71915,买盘
730,14:19:09,7.57,0.01,254,192278,买盘
731,14:19:06,7.56,0.01,133,100548,买盘
732,14:19:03,7.55,-0.01,99,74745,卖盘
733,14:19:00,7.56,--,140,105840,卖盘
734,14:18:57,7.56,--,43,32508,买盘
735,14:18:54,7.56,--,346,261576,买盘
736,14:18:51,7.56,0.01,63,47628,买盘
737,14:18:45,7.55,-0.01,182,137410,卖盘
738,14:18:42,7.56,-0.01,41,30996,卖盘
739,14:18:39,7.57,--,63,47691,买盘
740,14:18:36,7.57,0.02,168,127176,买盘
741,14:18:33,7.55,-0.02,36,27180,卖盘
742,14:18:30,7.57,--,89,67373,买盘
743,14:18:27,7.57,--,11,8327,买盘
744,14:18:24,7.57,0.01,352,266464,买盘
745,14:18:21,7.56,-0.01,153,115668,买盘
746,14:18:18,7.57,--,173,130961,买盘
747,14:18:15,7.57,0.02,22,16654,买盘
748,14:18:12,7.55,--,135,101925,卖盘
749,14:18:09,7.55,-0.02,195,147225,卖盘
750,14:18:06,7.57,--,117,88569,买盘
751,14:18:03,7.57,0.01,63,47691,买盘
752,14:18:00,7.56,-0.01,102,77112,中性盘
753,14:17:57,7.57,--,11,8327,买盘
754,14:17:54,7.57,0.01,190,143830,买盘
755,14:17:51,7.56,0.01,19,14364,中性盘
756,14:17:48,7.55,-0.02,202,152510,卖盘
757,14:17:45,7.57,0.02,66,49962,买盘
758,14:17:39,7.55,-0.02,138,104190,卖盘
759,14:17:36,7.57,--,194,146858,买盘
760,14:17:33,7.57,0.01,71,53747,买盘
761,14:17:30,7.56,-0.01,8,6048,中性盘
762,14:17:27,7.57,--,116,87812,买盘
763,14:17:24,7.57,--,406,307342,买盘
764,14:17:21,7.57,--,66,49962,买盘
765,14:17:18,7.57,0.02,171,129447,买盘
766,14:17:15,7.55,-0.01,109,82295,卖盘
767,14:17:12,7.56,0.01,51,38556,买盘
768,14:17:09,7.55,-0.01,110,83050,卖盘
769,14:17:06,7.56,--,221,167076,买盘
770,14:17:03,7.56,--,106,80136,买盘
771,14:17:00,7.56,-0.01,25,18900,中性盘
772,14:16:57,7.57,--,74,56018,买盘
773,14:16:54,7.57,0.01,242,183194,买盘
774,14:16:51,7.56,--,64,48384,买盘
775,14:16:48,7.56,--,85,64260,买盘
776,14:16:45,7.56,0.01,44,33264,买盘
777,14:16:42,7.55,-0.01,122,92110,卖盘
778,14:16:39,7.56,--,23,17388,买盘
779,14:16:36,7.56,--,172,130032,买盘
780,14:16:33,7.56,--,3,2268,买盘
781,14:16:30,7.56,-0.01,164,123984,卖盘
782,14:16:27,7.57,0.01,371,281248,买盘
783,14:16:24,7.56,--,63,47628,买盘
784,14:16:21,7.56,--,147,111132,买盘
785,14:16:18,7.56,0.01,80,60480,买盘
786,14:16:15,7.55,-0.01,231,174405,卖盘
787,14:16:12,7.56,--,38,28728,买盘
788,14:16:09,7.56,--,99,74844,买盘
789,14:16:06,7.56,0.01,87,65772,买盘
790,14:16:03,7.55,-0.01,123,92865,卖盘
791,14:16:00,7.56,--,120,90720,买盘
792,14:15:57,7.56,0.01,130,98280,买盘
793,14:15:54,7.55,-0.01,52,39260,卖盘
794,14:15:51,7.56,--,92,69552,买盘
795,14:15:48,7.56,--,119,89964,买盘
796,14:15:45,7.56,--,7,5292,买盘
797,14:15:42,7.56,--,110,83160,买盘
798,14:15:39,7.56,--,77,58212,买盘
799,14:15:36,7.56,--,43,32508,买盘
800,14:15:33,7.56,--,194,146664,买盘
801,14:15:30,7.56,--,398,300888,买盘
802,14:15:27,7.56,--,31,23436,买盘
803,14:15:24,7.56,--,152,114912,买盘
804,14:15:21,7.56,--,120,90720,买盘
805,14:15:18,7.56,--,25,18900,买盘
806,14:15:15,7.56,0.01,2,1512,买盘
807,14:15:12,7.55,-0.01,303,228765,卖盘
808,14:15:09,7.56,--,63,47628,买盘
809,14:15:06,7.56,--,8,6048,买盘
810,14:15:03,7.56,0.01,101,76356,买盘
811,14:15:00,7.55,-0.01,18,13590,卖盘
812,14:14:57,7.56,--,210,158760,买盘
813,14:14:54,7.56,0.01,53,40068,买盘
814,14:14:51,7.55,-0.01,114,86070,卖盘
815,14:14:48,7.56,--,1032,780192,买盘
816,14:14:45,7.56,--,95,71820,买盘
817,14:14:42,7.56,0.01,2,1512,买盘
818,14:14:39,7.55,-0.01,61,46055,卖盘
819,14:14:36,7.56,--,34,25704,买盘
820,14:14:33,7.56,--,533,402948,买盘
821,14:14:30,7.56,--,42,31752,买盘
822,14:14:27,7.56,--,38,28728,买盘
823,14:14:24,7.56,0.01,10,7560,买盘
824,14:14:21,7.55,-0.01,84,63420,卖盘
825,14:14:18,7.56,--,44,33264,买盘
826,14:14:15,7.56,0.01,76,57456,买盘
827,14:14:12,7.55,-0.01,54,40770,卖盘
828,14:14:09,7.56,--,89,67284,买盘
829,14:14:06,7.56,--,45,34020,买盘
830,14:14:00,7.56,0.01,60,45360,买盘
831,14:13:57,7.55,-0.01,262,197810,卖盘
832,14:13:54,7.56,--,528,399168,买盘
833,14:13:51,7.56,0.01,83,62748,买盘
834,14:13:48,7.55,-0.01,310,234050,卖盘
835,14:13:45,7.56,--,62,46872,买盘
836,14:13:39,7.56,--,32,24192,买盘
837,14:13:36,7.56,0.01,115,86940,买盘
838,14:13:33,7.55,-0.01,382,288410,卖盘
839,14:13:30,7.56,--,13,9828,买盘
840,14:13:27,7.56,--,23,17388,买盘
841,14:13:24,7.56,0.01,15,11340,买盘
842,14:13:21,7.55,-0.01,80,60400,卖盘
843,14:13:18,7.56,--,34,25704,买盘
844,14:13:15,7.56,0.01,4,3024,买盘
845,14:13:12,7.55,-0.01,77,58135,卖盘
846,14:13:06,7.56,0.01,25,18900,买盘
847,14:13:03,7.55,-0.01,10,7550,卖盘
848,14:13:00,7.56,--,119,89964,买盘
849,14:12:57,7.56,0.01,28,21168,买盘
850,14:12:54,7.55,--,22,16610,卖盘
851,14:12:51,7.55,--,130,98150,卖盘
852,14:12:48,7.55,-0.01,38,28690,卖盘
853,14:12:45,7.56,0.01,124,93744,买盘
854,14:12:42,7.55,--,73,55115,卖盘
855,14:12:39,7.55,--,20,15100,卖盘
856,14:12:36,7.55,--,251,189505,买盘
857,14:12:33,7.55,--,2,1510,买盘
858,14:12:30,7.55,--,14,10570,买盘
859,14:12:27,7.55,--,49,36995,买盘
860,14:12:24,7.55,--,45,33975,买盘
861,14:12:21,7.55,0.01,25,18875,买盘
862,14:12:18,7.54,--,6,4524,卖盘
863,14:12:15,7.54,--,95,71630,卖盘
864,14:12:09,7.54,-0.01,67,50518,卖盘
865,14:12:06,7.55,--,4,3020,买盘
866,14:12:03,7.55,--,39,29445,买盘
867,14:12:00,7.55,--,1,755,买盘
868,14:11:57,7.55,--,93,70215,买盘
869,14:11:54,7.55,--,44,33220,买盘
870,14:11:51,7.55,--,53,40015,买盘
871,14:11:48,7.55,--,128,96640,买盘
872,14:11:45,7.55,0.01,3,2265,买盘
873,14:11:42,7.54,-0.01,37,27898,卖盘
874,14:11:39,7.55,--,367,277085,买盘
875,14:11:36,7.55,--,203,153265,卖盘
876,14:11:33,7.55,-0.01,71,53605,卖盘
877,14:11:30,7.56,0.01,178,134568,买盘
878,14:11:27,7.55,--,62,46810,卖盘
879,14:11:24,7.55,--,83,62665,卖盘
880,14:11:21,7.55,--,5,3775,卖盘
881,14:11:18,7.55,-0.01,35,26425,卖盘
882,14:11:15,7.56,--,191,144396,买盘
883,14:11:09,7.56,--,50,37800,买盘
884,14:11:06,7.56,--,68,51408,买盘
885,14:11:00,7.56,0.01,101,76356,买盘
886,14:10:57,7.55,--,48,36240,买盘
887,14:10:54,7.55,--,63,47565,买盘
888,14:10:51,7.55,-0.01,304,229520,卖盘
889,14:10:48,7.56,0.02,63,47628,买盘
890,14:10:45,7.54,-0.01,147,110838,卖盘
891,14:10:42,7.55,--,399,301245,卖盘
892,14:10:39,7.55,-0.01,38,28690,卖盘
893,14:10:36,7.56,--,103,77868,买盘
894,14:10:33,7.56,--,79,59724,买盘
895,14:10:30,7.56,--,64,48384,买盘
896,14:10:27,7.56,--,11,8316,买盘
897,14:10:24,7.56,--,138,104328,买盘
898,14:10:21,7.56,--,2,1512,买盘
899,14:10:18,7.56,--,66,49896,买盘
900,14:10:15,7.56,0.02,37,27972,买盘
901,14:10:12,7.54,-0.02,47,35438,卖盘
902,14:10:09,7.56,--,68,51408,买盘
903,14:10:06,7.56,--,12,9072,买盘
904,14:10:03,7.56,--,112,84672,买盘
905,14:10:00,7.56,0.01,74,55944,买盘
906,14:09:57,7.55,-0.01,50,37750,中性盘
907,14:09:51,7.56,0.02,193,145908,买盘
908,14:09:48,7.54,-0.02,71,53534,卖盘
909,14:09:45,7.56,0.01,401,303156,买盘
910,14:09:42,7.55,0.01,69,52095,卖盘
911,14:09:39,7.54,-0.01,100,75400,卖盘
912,14:09:36,7.55,-0.01,5,3775,买盘
913,14:09:33,7.56,0.02,183,138348,买盘
914,14:09:30,7.54,--,313,236002,卖盘
915,14:09:27,7.54,-0.02,37,27898,卖盘
916,14:09:24,7.56,--,202,152712,买盘
917,14:09:21,7.56,--,12,9072,买盘
918,14:09:18,7.56,0.02,105,79380,买盘
919,14:09:15,7.54,--,345,260130,卖盘
920,14:09:09,7.54,-0.01,100,75400,卖盘
921,14:09:06,7.55,--,175,132125,买盘
922,14:09:03,7.55,--,3,2265,买盘
923,14:09:00,7.55,0.01,271,204605,买盘
924,14:08:57,7.54,--,76,57304,卖盘
925,14:08:54,7.54,--,120,90480,卖盘
926,14:08:51,7.54,-0.01,135,101790,卖盘
927,14:08:48,7.55,--,571,431105,卖盘
928,14:08:45,7.55,--,193,145715,买盘
929,14:08:42,7.55,0.01,106,80030,买盘
930,14:08:39,7.54,-0.01,56,42224,卖盘
931,14:08:36,7.55,--,185,139675,买盘
932,14:08:33,7.55,--,155,117025,买盘
933,14:08:30,7.55,0.01,45,33975,买盘
934,14:08:27,7.54,--,64,48256,卖盘
935,14:08:24,7.54,-0.01,10,7540,卖盘
936,14:08:21,7.55,0.01,270,203850,买盘
937,14:08:18,7.54,--,79,59566,卖盘
938,14:08:15,7.54,0.01,114,85956,卖盘
939,14:08:12,7.53,-0.02,178,134034,卖盘
940,14:08:09,7.55,--,70,52850,买盘
941,14:08:06,7.55,0.02,4,3020,买盘
942,14:08:03,7.53,-0.01,155,116715,卖盘
943,14:08:00,7.54,0.01,38,28652,中性盘
944,14:07:57,7.53,-0.02,268,201804,卖盘
945,14:07:51,7.55,0.02,263,198565,买盘
946,14:07:48,7.53,-0.02,195,146835,卖盘
947,14:07:45,7.55,0.01,169,127595,买盘
948,14:07:42,7.54,0.01,55,41470,中性盘
949,14:07:39,7.53,-0.02,196,147588,卖盘
950,14:07:36,7.55,--,63,47565,买盘
951,14:07:33,7.55,0.01,253,191015,买盘
952,14:07:30,7.54,-0.01,103,77662,卖盘
953,14:07:27,7.55,0.01,236,178225,买盘
954,14:07:21,7.54,--,66,49764,卖盘
955,14:07:18,7.54,0.01,134,101036,买盘
956,14:07:15,7.53,--,309,232677,卖盘
957,14:07:12,7.53,-0.01,465,350145,卖盘
958,14:07:09,7.54,-0.01,254,191516,卖盘
959,14:07:06,7.55,0.01,104,78520,买盘
960,14:07:03,7.54,-0.02,75,56550,卖盘
961,14:07:00,7.56,--,137,103572,买盘
962,14:06:57,7.56,0.01,63,47628,买盘
963,14:06:54,7.55,0.01,226,170630,买盘
964,14:06:51,7.54,--,238,179452,卖盘
965,14:06:48,7.54,-0.01,7,5278,卖盘
966,14:06:45,7.55,--,4,3020,买盘
967,14:06:42,7.55,--,207,156285,买盘
968,14:06:39,7.55,0.01,83,62665,买盘
969,14:06:36,7.54,--,74,55796,买盘
970,14:06:33,7.54,--,76,57304,买盘
971,14:06:30,7.54,0.01,89,67106,中性盘
972,14:06:27,7.53,--,169,127257,卖盘
973,14:06:21,7.53,-0.02,69,51957,卖盘
974,14:06:18,7.55,--,269,203095,买盘
975,14:06:12,7.55,0.02,238,179690,买盘
976,14:06:09,7.53,-0.02,41,30873,卖盘
977,14:06:06,7.55,0.02,74,55870,买盘
978,14:06:03,7.53,--,198,149094,卖盘
979,14:06:00,7.53,--,216,162648,卖盘
980,14:05:57,7.53,-0.02,170,128010,卖盘
981,14:05:54,7.55,0.01,198,149490,买盘
982,14:05:51,7.54,--,64,48256,买盘
983,14:05:48,7.54,0.01,188,141752,买盘
984,14:05:45,7.53,--,105,79065,卖盘
985,14:05:42,7.53,--,64,48192,卖盘
986,14:05:39,7.53,-0.01,143,107679,卖盘
987,14:05:36,7.54,--,168,126672,买盘
988,14:05:33,7.54,--,63,47502,买盘
989,14:05:30,7.54,--,96,72384,买盘
990,14:05:27,7.54,0.01,109,82186,买盘
991,14:05:24,7.53,-0.01,223,167919,卖盘
992,14:05:21,7.54,--,12,9048,买盘
993,14:05:18,7.54,0.01,131,98774,买盘
994,14:05:15,7.53,--,275,207075,卖盘
995,14:05:12,7.53,-0.01,55,41415,卖盘
996,14:05:09,7.54,0.01,75,56550,买盘
997,14:05:06,7.53,-0.01,234,176202,卖盘
998,14:05:03,7.54,0.01,104,78416,买盘
999,14:05:00,7.53,-0.01,369,277857,卖盘
1000,14:04:57,7.54,--,421,317434,买盘
1001,14:04:54,7.54,0.01,71,53534,买盘
1002,14:04:51,7.53,-0.01,285,214605,卖盘
1003,14:04:48,7.54,--,2,1508,买盘
1004,14:04:45,7.54,--,156,117624,买盘
1005,14:04:42,7.54,--,855,644670,卖盘
1006,14:04:39,7.54,-0.01,113,85202,卖盘
1007,14:04:36,7.55,0.01,136,102680,买盘
1008,14:04:33,7.54,--,255,192270,买盘
1009,14:04:30,7.54,0.01,92,69368,买盘
1010,14:04:27,7.53,-0.01,141,106173,卖盘
1011,14:04:24,7.54,-0.01,102,76908,卖盘
1012,14:04:21,7.55,0.02,34,25670,买盘
1013,14:04:18,7.53,-0.01,209,157377,卖盘
1014,14:04:15,7.54,0.01,16,12064,买盘
1015,14:04:12,7.53,-0.02,210,158130,卖盘
1016,14:04:09,7.55,0.01,63,47565,买盘
1017,14:04:06,7.54,-0.01,86,64844,卖盘
1018,14:04:03,7.55,-0.01,370,279350,卖盘
1019,14:04:00,7.56,0.02,272,205632,买盘
1020,14:03:57,7.54,0.01,58,43732,中性盘
1021,14:03:54,7.53,-0.02,421,317013,卖盘
1022,14:03:51,7.55,--,3,2265,买盘
1023,14:03:48,7.55,0.01,22,16610,买盘
1024,14:03:45,7.54,0.01,102,76908,中性盘
1025,14:03:42,7.53,-0.01,1066,802698,卖盘
1026,14:03:39,7.54,--,77,58058,买盘
1027,14:03:36,7.54,0.01,37,27898,买盘
1028,14:03:33,7.53,-0.01,232,174696,卖盘
1029,14:03:30,7.54,--,23,17342,买盘
1030,14:03:27,7.54,--,33,24882,买盘
1031,14:03:24,7.54,-0.01,252,190008,中性盘
1032,14:03:21,7.55,--,119,89845,买盘
1033,14:03:18,7.55,0.02,63,47565,买盘
1034,14:03:15,7.53,--,451,339603,卖盘
1035,14:03:12,7.53,--,53,39909,卖盘
1036,14:03:06,7.53,--,1157,871221,卖盘
1037,14:03:00,7.53,--,208,156624,卖盘
1038,14:02:57,7.53,--,30,22590,卖盘
1039,14:02:54,7.53,--,73,54969,卖盘
1040,14:02:51,7.53,--,194,146082,卖盘
1041,14:02:48,7.53,-0.02,78,58734,卖盘
1042,14:02:45,7.55,0.02,64,48320,买盘
1043,14:02:42,7.53,--,126,94878,卖盘
1044,14:02:39,7.53,-0.02,37,27861,卖盘
1045,14:02:36,7.55,--,134,101170,买盘
1046,14:02:33,7.55,--,93,70215,买盘
1047,14:02:30,7.55,--,49,36995,买盘
1048,14:02:27,7.55,0.02,218,164590,买盘
1049,14:02:24,7.53,-0.02,1,753,卖盘
1050,14:02:21,7.55,0.01,63,47565,买盘
1051,14:02:18,7.54,--,250,188500,卖盘
1052,14:02:15,7.54,-0.02,36,27144,卖盘
1053,14:02:12,7.56,--,128,96768,买盘
1054,14:02:09,7.56,0.01,85,64260,买盘
1055,14:02:06,7.55,0.01,177,133635,买盘
1056,14:02:03,7.54,0.01,249,187746,中性盘
1057,14:01:54,7.53,-0.01,116,87348,卖盘
1058,14:01:51,7.54,-0.01,1,754,卖盘
1059,14:01:48,7.55,0.01,204,154020,买盘
1060,14:01:45,7.54,0.01,21,15834,买盘
1061,14:01:42,7.53,-0.02,41,30873,卖盘
1062,14:01:36,7.55,-0.01,37,27935,中性盘
1063,14:01:33,7.56,0.01,78,58968,买盘
1064,14:01:30,7.55,--,466,351830,买盘
1065,14:01:27,7.55,--,1043,787465,买盘
1066,14:01:24,7.55,--,278,209890,买盘
1067,14:01:21,7.55,0.01,43,32465,买盘
1068,14:01:18,7.54,-0.01,23,17342,卖盘
1069,14:01:15,7.55,--,18,13590,买盘
1070,14:01:12,7.55,--,51,38505,卖盘
1071,14:01:09,7.55,--,273,206115,卖盘
1072,14:01:06,7.55,0.01,153,115515,买盘
1073,14:01:03,7.54,--,9,6786,卖盘
1074,14:01:00,7.54,-0.01,215,162110,卖盘
1075,14:00:57,7.55,--,187,141185,卖盘
1076,14:00:54,7.55,--,7,5285,卖盘
1077,14:00:51,7.55,--,152,114760,卖盘
1078,14:00:48,7.55,0.01,343,258965,买盘
1079,14:00:45,7.54,--,62,46748,卖盘
1080,14:00:39,7.54,--,63,47502,卖盘
1081,14:00:36,7.54,-0.01,176,132704,卖盘
1082,14:00:33,7.55,--,97,73235,买盘
1083,14:00:30,7.55,0.01,24,18120,买盘
1084,14:00:27,7.54,-0.01,72,54288,卖盘
1085,14:00:24,7.55,0.01,37,27935,买盘
1086,14:00:21,7.54,--,44,33176,卖盘
1087,14:00:18,7.54,--,196,147784,卖盘
1088,14:00:15,7.54,-0.01,39,29406,卖盘
1089,14:00:12,7.55,--,20,15100,买盘
1090,14:00:09,7.55,--,51,38505,卖盘
1091,14:00:06,7.55,--,373,281615,卖盘
1092,14:00:03,7.55,--,125,94375,卖盘
1093,14:00:00,7.55,--,30,22650,卖盘
1094,13:59:57,7.55,--,13,9815,卖盘
1095,13:59:54,7.55,--,142,107210,卖盘
1096,13:59:51,7.55,--,143,107965,卖盘
1097,13:59:48,7.55,--,168,126840,卖盘
1098,13:59:45,7.55,--,25,18875,卖盘
1099,13:59:42,7.55,--,62,46810,卖盘
1100,13:59:39,7.55,-0.01,131,98905,卖盘
1101,13:59:36,7.56,0.01,489,369684,买盘
1102,13:59:33,7.55,0.01,3,2265,买盘
1103,13:59:30,7.54,-0.01,41,30914,卖盘
1104,13:59:27,7.55,--,39,29445,买盘
1105,13:59:24,7.55,0.01,28,21140,买盘
1106,13:59:21,7.54,--,176,132704,卖盘
1107,13:59:18,7.54,-0.01,41,30914,卖盘
1108,13:59:15,7.55,0.01,543,409965,买盘
1109,13:59:09,7.54,--,348,262392,卖盘
1110,13:59:06,7.54,-0.01,85,64090,卖盘
1111,13:59:03,7.55,--,7,5285,买盘
1112,13:59:00,7.55,0.01,90,67950,买盘
1113,13:58:57,7.54,-0.01,39,29406,卖盘
1114,13:58:54,7.55,0.01,2,1510,买盘
1115,13:58:51,7.54,--,102,76908,卖盘
1116,13:58:48,7.54,-0.01,6,4524,卖盘
1117,13:58:45,7.55,0.01,82,61910,买盘
1118,13:58:42,7.54,-0.02,132,99528,卖盘
1119,13:58:39,7.56,--,39,29484,买盘
1120,13:58:36,7.56,0.02,86,65016,买盘
1121,13:58:33,7.54,--,165,124410,卖盘
1122,13:58:30,7.54,--,11,8294,卖盘
1123,13:58:27,7.54,-0.01,258,194532,卖盘
1124,13:58:24,7.55,0.01,61,46055,买盘
1125,13:58:21,7.54,-0.01,19,14326,卖盘
1126,13:58:15,7.55,0.01,180,135900,买盘
1127,13:58:12,7.54,-0.01,145,109330,卖盘
1128,13:58:09,7.55,0.01,339,255945,买盘
1129,13:58:06,7.54,--,207,156078,卖盘
1130,13:58:03,7.54,--,102,76908,卖盘
1131,13:58:00,7.54,--,40,30160,卖盘
1132,13:57:57,7.54,--,20,15080,卖盘
1133,13:57:54,7.54,--,98,73892,卖盘
1134,13:57:51,7.54,-0.01,156,117624,卖盘
1135,13:57:48,7.55,0.01,128,96640,买盘
1136,13:57:45,7.54,--,98,73892,卖盘
1137,13:57:39,7.54,-0.01,113,85202,卖盘
1138,13:57:36,7.55,0.01,73,55115,买盘
1139,13:57:33,7.54,--,3,2262,卖盘
1140,13:57:30,7.54,--,171,128934,卖盘
1141,13:57:27,7.54,-0.02,82,61828,卖盘
1142,13:57:24,7.56,0.02,2,1512,买盘
1143,13:57:21,7.54,-0.01,398,300092,卖盘
1144,13:57:18,7.55,--,67,50585,卖盘
1145,13:57:15,7.55,-0.01,6,4530,卖盘
1146,13:57:12,7.56,0.01,445,336420,买盘
1147,13:57:09,7.55,-0.01,622,469610,卖盘
1148,13:57:06,7.56,--,75,56700,买盘
1149,13:57:03,7.56,--,148,111888,买盘
1150,13:56:57,7.56,0.01,107,80892,买盘
1151,13:56:54,7.55,--,64,48320,卖盘
1152,13:56:51,7.55,-0.01,122,92110,卖盘
1153,13:56:48,7.56,--,111,83916,卖盘
1154,13:56:45,7.56,--,52,39312,卖盘
1155,13:56:42,7.56,--,257,194292,卖盘
1156,13:56:39,7.56,--,10,7560,卖盘
1157,13:56:36,7.56,--,136,102816,卖盘
1158,13:56:33,7.56,0.01,35,26460,中性盘
1159,13:56:27,7.55,-0.02,191,144205,卖盘
1160,13:56:24,7.57,0.01,8,6056,买盘
1161,13:56:21,7.56,0.01,191,144396,卖盘
1162,13:56:18,7.55,-0.01,90,67950,卖盘
1163,13:56:15,7.56,-0.01,25,18900,卖盘
1164,13:56:12,7.57,0.01,339,256623,买盘
1165,13:56:09,7.56,--,69,52164,卖盘
1166,13:56:06,7.56,--,102,77112,买盘
1167,13:56:03,7.56,-0.01,1,756,中性盘
1168,13:56:00,7.57,0.02,195,147615,买盘
1169,13:55:54,7.55,--,90,67950,卖盘
1170,13:55:51,7.55,--,19,14345,卖盘
1171,13:55:48,7.55,--,50,37750,卖盘
1172,13:55:45,7.55,-0.02,101,76255,卖盘
1173,13:55:42,7.57,--,149,112793,买盘
1174,13:55:39,7.57,0.02,170,128690,买盘
1175,13:55:36,7.55,--,112,84560,卖盘
1176,13:55:33,7.55,--,1,755,卖盘
1177,13:55:30,7.55,-0.01,396,298980,卖盘
1178,13:55:27,7.56,0.01,40,30240,买盘
1179,13:55:24,7.55,-0.01,2,1510,卖盘
1180,13:55:21,7.56,--,384,290304,买盘
1181,13:55:18,7.56,0.01,22,16632,买盘
1182,13:55:15,7.55,-0.01,451,340505,卖盘
1183,13:55:12,7.56,--,182,137592,买盘
1184,13:55:09,7.56,0.01,57,43092,买盘
1185,13:55:06,7.55,--,45,33975,卖盘
1186,13:55:03,7.55,-0.01,41,30955,卖盘
1187,13:55:00,7.56,0.01,149,112644,买盘
1188,13:54:57,7.55,--,102,77010,卖盘
1189,13:54:54,7.55,--,36,27180,卖盘
1190,13:54:51,7.55,--,159,120045,卖盘
1191,13:54:45,7.55,-0.01,81,61155,卖盘
1192,13:54:42,7.56,--,99,74844,买盘
1193,13:54:39,7.56,--,152,114912,买盘
1194,13:54:33,7.56,0.01,83,62748,买盘
1195,13:54:30,7.55,--,74,55870,卖盘
1196,13:54:27,7.55,-0.01,159,120045,卖盘
1197,13:54:24,7.56,0.01,11,8316,买盘
1198,13:54:21,7.55,--,197,148735,卖盘
1199,13:54:18,7.55,-0.01,2,1510,卖盘
1200,13:54:15,7.56,0.01,362,273672,中性盘
1201,13:54:09,7.55,-0.02,158,119290,卖盘
1202,13:54:06,7.57,0.02,43,32551,买盘
1203,13:54:03,7.55,-0.01,223,168365,卖盘
1204,13:54:00,7.56,0.01,3,2268,买盘
1205,13:53:57,7.55,-0.01,37,27935,卖盘
1206,13:53:54,7.56,0.01,135,102060,买盘
1207,13:53:51,7.55,-0.01,53,40015,卖盘
1208,13:53:48,7.56,-0.01,58,43848,中性盘
1209,13:53:45,7.57,0.02,93,70401,买盘
1210,13:53:42,7.55,-0.02,1,755,卖盘
1211,13:53:39,7.57,0.03,149,112793,买盘
1212,13:53:36,7.54,-0.01,199,150046,卖盘
1213,13:53:33,7.55,--,292,220460,买盘
1214,13:53:30,7.55,0.01,194,146470,买盘
1215,13:53:27,7.54,-0.01,1,754,卖盘
1216,13:53:24,7.55,--,45,33975,买盘
1217,13:53:21,7.55,-0.02,511,385805,卖盘
1218,13:53:18,7.57,0.02,64,48448,买盘
1219,13:53:15,7.55,--,6,4530,卖盘
1220,13:53:12,7.55,--,159,120045,买盘
1221,13:53:06,7.55,0.01,45,33975,买盘
1222,13:53:03,7.54,-0.01,42,31668,卖盘
1223,13:53:00,7.55,--,167,126085,卖盘
1224,13:52:57,7.55,-0.01,101,76255,卖盘
1225,13:52:54,7.56,0.02,2,1512,买盘
1226,13:52:51,7.54,--,41,30914,卖盘
1227,13:52:48,7.54,-0.01,175,131950,卖盘
1228,13:52:45,7.55,-0.02,14,10570,买盘
1229,13:52:42,7.57,--,90,68130,买盘
1230,13:52:39,7.57,0.01,189,143345,买盘
1231,13:52:36,7.56,0.02,16,12096,中性盘
1232,13:52:33,7.54,-0.03,280,211120,卖盘
1233,13:52:30,7.57,0.01,92,69644,买盘
1234,13:52:27,7.56,0.01,9,6804,中性盘
1235,13:52:24,7.55,-0.01,450,339750,卖盘
1236,13:52:21,7.56,--,220,166320,卖盘
1237,13:52:18,7.56,--,299,226044,买盘
1238,13:52:15,7.56,0.01,22,16632,买盘
1239,13:52:12,7.55,--,1,755,卖盘
1240,13:52:09,7.55,--,26,19630,卖盘
1241,13:52:06,7.55,-0.02,535,403925,卖盘
1242,13:52:00,7.57,0.02,245,185465,买盘
1243,13:51:54,7.55,-0.01,265,200075,卖盘
1244,13:51:51,7.56,0.01,5,3780,中性盘
1245,13:51:45,7.55,--,464,350320,卖盘
1246,13:51:42,7.55,--,235,177425,卖盘
1247,13:51:39,7.55,--,40,30200,卖盘
1248,13:51:36,7.55,-0.01,238,179690,卖盘
1249,13:51:33,7.56,0.01,46,34776,买盘
1250,13:51:30,7.55,-0.02,1000,755000,卖盘
1251,13:51:27,7.57,--,114,86298,买盘
1252,13:51:24,7.57,0.02,35,26495,买盘
1253,13:51:21,7.55,-0.02,445,335975,卖盘
1254,13:51:18,7.57,0.02,158,119606,买盘
1255,13:51:15,7.55,--,2,1510,卖盘
1256,13:51:12,7.55,--,218,164590,卖盘
1257,13:51:06,7.55,-0.02,5,3775,卖盘
1258,13:51:03,7.57,--,6,4542,买盘
1259,13:51:00,7.57,0.02,492,372444,买盘
1260,13:50:57,7.55,-0.01,118,89090,卖盘
1261,13:50:51,7.56,0.01,10,7560,买盘
1262,13:50:48,7.55,-0.02,298,224990,卖盘
1263,13:50:45,7.57,--,52,39364,买盘
1264,13:50:42,7.57,--,387,292959,买盘
1265,13:50:39,7.57,0.02,44,33308,买盘
1266,13:50:36,7.55,--,44,33220,卖盘
1267,13:50:33,7.55,--,310,234050,卖盘
1268,13:50:30,7.55,-0.01,330,249150,卖盘
1269,13:50:27,7.56,-0.01,39,29484,卖盘
1270,13:50:24,7.57,--,252,190764,买盘
1271,13:50:21,7.57,0.02,203,153671,买盘
1272,13:50:18,7.55,-0.01,500,377500,卖盘
1273,13:50:15,7.56,0.01,63,47628,买盘
1274,13:50:12,7.55,--,1543,1164965,卖盘
1275,13:50:09,7.55,-0.02,89,67195,卖盘
1276,13:50:06,7.57,--,54,40878,买盘
1277,13:50:03,7.57,0.02,149,112793,买盘
1278,13:50:00,7.55,-0.01,187,141185,卖盘
1279,13:49:57,7.56,--,30,22680,卖盘
1280,13:49:54,7.56,--,51,38556,买盘
1281,13:49:51,7.56,-0.01,28,21168,卖盘
1282,13:49:48,7.57,--,63,47691,买盘
1283,13:49:45,7.57,0.01,169,127933,买盘
1284,13:49:42,7.56,--,284,214704,卖盘
1285,13:49:39,7.56,-0.01,14,10584,卖盘
1286,13:49:36,7.57,--,93,70401,买盘
1287,13:49:33,7.57,0.01,46,34822,买盘
1288,13:49:30,7.56,-0.01,392,296352,卖盘
1289,13:49:27,7.57,0.01,46,34822,买盘
1290,13:49:24,7.56,-0.01,396,299376,卖盘
1291,13:49:21,7.57,0.01,345,261165,买盘
1292,13:49:18,7.56,-0.01,1,756,卖盘
1293,13:49:15,7.57,--,8,6056,买盘
1294,13:49:12,7.57,0.01,165,124905,买盘
1295,13:49:09,7.56,-0.01,43,32508,卖盘
1296,13:49:06,7.57,--,1,757,买盘
1297,13:49:03,7.57,--,117,88569,买盘
1298,13:49:00,7.57,--,189,143073,买盘
1299,13:48:57,7.57,--,204,154428,买盘
1300,13:48:51,7.57,0.01,66,49962,买盘
1301,13:48:48,7.56,-0.01,43,32508,中性盘
1302,13:48:45,7.57,0.01,36,27252,买盘
1303,13:48:42,7.56,-0.01,420,317520,卖盘
1304,13:48:39,7.57,--,149,112793,买盘
1305,13:48:36,7.57,0.01,129,97653,买盘
1306,13:48:33,7.56,-0.01,44,33264,卖盘
1307,13:48:30,7.57,--,64,48448,买盘
1308,13:48:27,7.57,--,206,155942,买盘
1309,13:48:24,7.57,0.01,199,150643,买盘
1310,13:48:21,7.56,--,154,116424,买盘
1311,13:48:18,7.56,0.01,130,98280,卖盘
1312,13:48:15,7.55,-0.01,47,35485,卖盘
1313,13:48:12,7.56,0.01,63,47628,买盘
1314,13:48:09,7.55,-0.02,88,66440,卖盘
1315,13:48:06,7.57,0.02,19,14383,买盘
1316,13:48:03,7.55,-0.02,104,78520,卖盘
1317,13:48:00,7.57,0.01,154,116578,买盘
1318,13:47:57,7.56,--,21,15876,买盘
1319,13:47:54,7.56,-0.01,214,161784,卖盘
1320,13:47:51,7.57,0.01,16,12112,买盘
1321,13:47:48,7.56,-0.01,43,32508,中性盘
1322,13:47:45,7.57,0.01,92,69644,买盘
1323,13:47:42,7.56,-0.01,54,40824,买盘
1324,13:47:39,7.57,0.01,149,112793,买盘
1325,13:47:36,7.56,--,266,201096,卖盘
1326,13:47:30,7.56,0.01,36,27216,卖盘
1327,13:47:27,7.55,-0.01,515,388825,卖盘
1328,13:47:24,7.56,--,305,230580,卖盘
1329,13:47:21,7.56,--,34,25704,卖盘
1330,13:47:18,7.56,-0.01,248,187488,卖盘
1331,13:47:15,7.57,0.01,22,16654,买盘
1332,13:47:12,7.56,--,25,18900,卖盘
1333,13:47:09,7.56,-0.01,49,37044,卖盘
1334,13:47:06,7.57,0.01,1,757,买盘
1335,13:47:00,7.56,--,181,136836,卖盘
1336,13:46:57,7.56,-0.01,89,67284,卖盘
1337,13:46:54,7.57,0.01,66,49962,买盘
1338,13:46:51,7.56,-0.01,35,26460,卖盘
1339,13:46:48,7.57,0.01,96,72672,买盘
1340,13:46:45,7.56,-0.01,53,40068,卖盘
1341,13:46:42,7.57,0.01,29,21953,买盘
1342,13:46:39,7.56,-0.01,188,142128,卖盘
1343,13:46:36,7.57,0.01,76,57532,买盘
1344,13:46:33,7.56,-0.01,31,23436,卖盘
1345,13:46:30,7.57,--,52,39364,买盘
1346,13:46:27,7.57,--,339,256623,买盘
1347,13:46:24,7.57,0.01,38,28766,买盘
1348,13:46:21,7.56,-0.01,244,184464,卖盘
1349,13:46:18,7.57,--,53,40121,买盘
1350,13:46:15,7.57,0.01,22,16654,买盘
1351,13:46:12,7.56,--,84,63504,卖盘
1352,13:46:06,7.56,-0.01,9,6804,卖盘
1353,13:46:03,7.57,--,52,39364,买盘
1354,13:46:00,7.57,0.01,168,127176,买盘
1355,13:45:57,7.56,--,6,4536,卖盘
1356,13:45:54,7.56,--,45,34020,卖盘
1357,13:45:51,7.56,--,111,83916,卖盘
1358,13:45:48,7.56,-0.01,62,46872,卖盘
1359,13:45:45,7.57,0.01,62,46934,买盘
1360,13:45:42,7.56,--,59,44604,卖盘
1361,13:45:39,7.56,--,226,170856,卖盘
1362,13:45:33,7.56,-0.01,2,1512,卖盘
1363,13:45:30,7.57,0.01,391,295987,买盘
1364,13:45:27,7.56,-0.01,196,148176,卖盘
1365,13:45:21,7.57,--,45,34065,买盘
1366,13:45:18,7.57,0.01,190,143830,买盘
1367,13:45:15,7.56,--,98,74088,卖盘
1368,13:45:12,7.56,-0.01,1,756,卖盘
1369,13:45:09,7.57,0.02,186,140802,买盘
1370,13:45:06,7.55,--,46,34730,卖盘
1371,13:45:00,7.55,-0.01,194,146470,卖盘
1372,13:44:57,7.56,-0.01,45,34020,卖盘
1373,13:44:54,7.57,0.01,5,3785,买盘
1374,13:44:51,7.56,-0.01,4,3024,卖盘
1375,13:44:48,7.57,0.02,42,31794,买盘
1376,13:44:45,7.55,-0.02,35,26425,卖盘
1377,13:44:42,7.57,--,23,17411,买盘
1378,13:44:39,7.57,0.01,187,141559,买盘
1379,13:44:36,7.56,--,6,4536,卖盘
1380,13:44:33,7.56,-0.01,91,68796,卖盘
1381,13:44:30,7.57,--,339,256623,买盘
1382,13:44:24,7.57,0.01,102,77214,买盘
1383,13:44:21,7.56,--,246,185976,卖盘
1384,13:44:18,7.56,--,323,244543,买盘
1385,13:44:15,7.56,0.01,11,8316,买盘
1386,13:44:12,7.55,-0.01,114,86070,卖盘
1387,13:44:09,7.56,--,139,105084,买盘
1388,13:44:06,7.56,0.01,148,111888,买盘
1389,13:44:00,7.55,--,194,146470,卖盘
1390,13:43:57,7.55,--,4,3020,卖盘
1391,13:43:54,7.55,--,39,29445,卖盘
1392,13:43:51,7.55,-0.01,67,50585,卖盘
1393,13:43:48,7.56,0.01,2,1512,买盘
1394,13:43:45,7.55,-0.01,43,32465,卖盘
1395,13:43:42,7.56,--,148,111888,买盘
1396,13:43:39,7.56,--,212,160272,买盘
1397,13:43:36,7.56,--,2,1512,买盘
1398,13:43:33,7.56,0.01,405,306180,买盘
1399,13:43:30,7.55,--,15,11325,卖盘
1400,13:43:27,7.55,-0.01,213,160815,卖盘
1401,13:43:24,7.56,-0.01,62,46872,卖盘
1402,13:43:21,7.57,--,74,56018,买盘
1403,13:43:18,7.57,0.02,240,181680,买盘
1404,13:43:15,7.55,-0.01,19,14345,卖盘
1405,13:43:12,7.56,--,36,27216,买盘
1406,13:43:09,7.56,0.01,52,39312,买盘
1407,13:43:06,7.55,-0.01,39,29445,卖盘
1408,13:43:03,7.56,--,120,90720,买盘
1409,13:43:00,7.56,--,339,256881,卖盘
1410,13:42:57,7.56,-0.01,76,57456,卖盘
1411,13:42:54,7.57,0.01,82,62074,买盘
1412,13:42:51,7.56,-0.01,13,9828,卖盘
1413,13:42:48,7.57,0.01,4,3028,买盘
1414,13:42:45,7.56,-0.01,290,219240,卖盘
1415,13:42:42,7.57,0.01,212,160484,买盘
1416,13:42:39,7.56,--,127,96012,卖盘
1417,13:42:36,7.56,-0.01,11,8316,卖盘
1418,13:42:33,7.57,0.01,413,312641,买盘
1419,13:42:30,7.56,--,10,7560,卖盘
1420,13:42:27,7.56,--,11,8316,卖盘
1421,13:42:21,7.56,0.01,696,526334,买盘
1422,13:42:18,7.55,-0.01,53,40015,卖盘
1423,13:42:15,7.56,0.01,116,87696,买盘
1424,13:42:12,7.55,-0.01,756,570780,卖盘
1425,13:42:09,7.56,--,52,39312,买盘
1426,13:42:06,7.56,--,3,2268,买盘
1427,13:42:03,7.56,0.01,28,21168,买盘
1428,13:42:00,7.55,-0.01,162,122310,卖盘
1429,13:41:54,7.56,--,106,80136,买盘
1430,13:41:51,7.56,0.01,58,43848,买盘
1431,13:41:48,7.55,--,495,373725,卖盘
1432,13:41:45,7.55,-0.01,50,37750,卖盘
1433,13:41:42,7.56,--,34,25704,买盘
1434,13:41:39,7.56,--,1111,840513,卖盘
1435,13:41:36,7.56,--,379,286524,卖盘
1436,13:41:33,7.56,--,37,27972,卖盘
1437,13:41:30,7.56,--,32,24192,卖盘
1438,13:41:27,7.56,-0.01,41,30996,卖盘
1439,13:41:24,7.57,--,32,24224,买盘
1440,13:41:21,7.57,0.01,52,39364,买盘
1441,13:41:18,7.56,-0.01,14,10584,卖盘
1442,13:41:15,7.57,0.01,82,62074,买盘
1443,13:41:12,7.56,-0.01,224,169344,卖盘
1444,13:41:09,7.57,--,9,6813,卖盘
1445,13:41:06,7.57,--,79,59803,买盘
1446,13:41:03,7.57,--,59,44663,买盘
1447,13:40:57,7.57,-0.01,84,63588,中性盘
1448,13:40:54,7.58,0.02,93,70494,买盘
1449,13:40:51,7.56,-0.01,404,305424,卖盘
1450,13:40:48,7.57,-0.01,41,31037,卖盘
1451,13:40:45,7.58,0.01,99,75042,买盘
1452,13:40:42,7.57,--,59,44663,卖盘
1453,13:40:39,7.57,--,197,149129,买盘
1454,13:40:36,7.57,0.01,339,256623,买盘
1455,13:40:33,7.56,--,40,30240,卖盘
1456,13:40:30,7.56,--,12,9072,卖盘
1457,13:40:24,7.56,--,8,6048,卖盘
1458,13:40:21,7.56,-0.01,99,74844,卖盘
1459,13:40:18,7.57,0.01,73,55261,买盘
1460,13:40:15,7.56,-0.01,84,63504,卖盘
1461,13:40:12,7.57,0.01,36,27252,买盘
1462,13:40:09,7.56,--,41,30996,卖盘
1463,13:40:06,7.56,-0.02,65,49140,卖盘
1464,13:40:03,7.58,0.01,143,108394,买盘
1465,13:40:00,7.57,0.01,345,261346,中性盘
1466,13:39:57,7.56,-0.02,143,108108,卖盘
1467,13:39:54,7.58,0.01,41,31078,买盘
1468,13:39:51,7.57,--,84,63588,卖盘
1469,13:39:48,7.57,--,63,47691,卖盘
1470,13:39:45,7.57,-0.01,64,48448,卖盘
1471,13:39:42,7.58,0.02,28,21224,买盘
1472,13:39:39,7.56,-0.01,20,15120,卖盘
1473,13:39:36,7.57,--,67,50719,买盘
1474,13:39:33,7.57,0.01,15,11355,买盘
1475,13:39:30,7.56,-0.02,3,2268,卖盘
1476,13:39:27,7.58,0.02,102,77316,买盘
1477,13:39:24,7.56,-0.01,158,119448,卖盘
1478,13:39:21,7.57,--,5,3785,买盘
1479,13:39:18,7.57,--,82,62074,买盘
1480,13:39:15,7.57,-0.01,48,36336,卖盘
1481,13:39:12,7.58,--,23,17434,买盘
1482,13:39:09,7.58,0.01,42,31836,买盘
1483,13:39:03,7.57,--,385,291445,买盘
1484,13:39:00,7.57,--,1,757,买盘
1485,13:38:57,7.57,--,3,2271,买盘
1486,13:38:54,7.57,0.01,40,30280,买盘
1487,13:38:51,7.56,-0.01,67,50652,卖盘
1488,13:38:45,7.57,--,49,37093,买盘
1489,13:38:42,7.57,0.01,61,46177,买盘
1490,13:38:39,7.56,--,7,5292,卖盘
1491,13:38:33,7.56,--,2,1512,卖盘
1492,13:38:30,7.56,-0.02,125,94500,卖盘
1493,13:38:21,7.58,0.02,391,296378,买盘
1494,13:38:18,7.56,-0.01,35,26460,卖盘
1495,13:38:15,7.57,-0.01,77,58289,卖盘
1496,13:38:12,7.58,--,74,56092,买盘
1497,13:38:09,7.58,--,124,93992,买盘
1498,13:38:06,7.58,--,349,264542,买盘
1499,13:38:03,7.58,--,482,365356,买盘
1500,13:38:00,7.58,0.01,67,50786,买盘
1501,13:37:57,7.57,--,63,47691,卖盘
1502,13:37:54,7.57,--,147,111279,卖盘
1503,13:37:51,7.57,--,124,93868,卖盘
1504,13:37:48,7.57,--,45,34065,卖盘
1505,13:37:45,7.57,-0.01,107,80999,卖盘
1506,13:37:42,7.58,0.01,425,322150,买盘
1507,13:37:39,7.57,0.01,20,15140,中性盘
1508,13:37:36,7.56,-0.02,3255,2460780,卖盘
1509,13:37:33,7.58,0.01,1,758,买盘
1510,13:37:27,7.57,--,1,757,买盘
1511,13:37:24,7.57,0.01,46,34822,买盘
1512,13:37:21,7.56,--,476,359856,卖盘
1513,13:37:18,7.56,--,10,7560,卖盘
1514,13:37:12,7.56,-0.01,115,86940,卖盘
1515,13:37:09,7.57,--,33,24988,卖盘
1516,13:37:06,7.57,--,466,352762,卖盘
1517,13:37:03,7.57,-0.01,130,98410,卖盘
1518,13:37:00,7.58,0.01,506,383548,买盘
1519,13:36:57,7.57,--,23,17411,卖盘
1520,13:36:54,7.57,0.01,22,17403,买盘
1521,13:36:51,7.56,-0.01,99,74844,卖盘
1522,13:36:48,7.57,0.01,14,10598,买盘
1523,13:36:45,7.56,-0.01,58,43848,卖盘
1524,13:36:42,7.57,--,20,15140,买盘
1525,13:36:39,7.57,0.01,477,361089,买盘
1526,13:36:36,7.56,-0.01,30,22680,卖盘
1527,13:36:30,7.57,--,105,79485,买盘
1528,13:36:27,7.57,--,15,11355,买盘
1529,13:36:24,7.57,0.01,422,319454,买盘
1530,13:36:21,7.56,--,11,8316,卖盘
1531,13:36:18,7.56,--,415,313740,卖盘
1532,13:36:15,7.56,--,27,20412,卖盘
1533,13:36:12,7.56,-0.01,24,18144,卖盘
1534,13:36:09,7.57,0.01,171,129447,买盘
1535,13:36:06,7.56,-0.01,428,323568,卖盘
1536,13:36:03,7.57,--,39,29523,买盘
1537,13:36:00,7.57,--,479,362603,买盘
1538,13:35:57,7.57,--,93,70401,买盘
1539,13:35:54,7.57,0.01,2,1514,买盘
1540,13:35:51,7.56,-0.01,1065,805140,卖盘
1541,13:35:48,7.57,--,252,190764,卖盘
1542,13:35:45,7.57,--,56,42392,卖盘
1543,13:35:42,7.57,--,455,344435,卖盘
1544,13:35:39,7.57,--,153,115821,卖盘
1545,13:35:33,7.57,--,59,44943,买盘
1546,13:35:30,7.57,0.01,33,24981,中性盘
1547,13:35:27,7.56,--,7,5292,卖盘
1548,13:35:24,7.56,-0.02,39,29484,卖盘
1549,13:35:21,7.58,0.01,424,321392,买盘
1550,13:35:18,7.57,--,1,757,买盘
1551,13:35:15,7.57,0.01,7,5299,买盘
1552,13:35:12,7.56,-0.01,72,54432,卖盘
1553,13:35:09,7.57,0.01,76,57532,买盘
1554,13:35:06,7.56,-0.01,16,12096,卖盘
1555,13:35:03,7.57,--,223,168811,卖盘
1556,13:35:00,7.57,-0.01,524,396668,卖盘
1557,13:34:57,7.58,0.02,215,163258,买盘
1558,13:34:54,7.56,-0.01,38,29211,卖盘
1559,13:34:51,7.57,-0.01,44,33580,卖盘
1560,13:34:48,7.58,--,60,45480,买盘
1561,13:34:45,7.58,0.02,84,63672,买盘
1562,13:34:42,7.56,-0.02,51,38556,卖盘
1563,13:34:39,7.58,0.02,464,351712,买盘
1564,13:34:36,7.56,-0.01,56,42336,卖盘
1565,13:34:30,7.57,--,36,27252,卖盘
1566,13:34:27,7.57,--,39,29523,卖盘
1567,13:34:24,7.57,-0.01,40,30280,中性盘
1568,13:34:21,7.58,0.02,423,320634,买盘
1569,13:34:18,7.56,-0.01,52,39312,卖盘
1570,13:34:15,7.57,--,62,46934,买盘
1571,13:34:12,7.57,0.01,24,18168,卖盘
1572,13:34:09,7.56,--,59,45012,卖盘
1573,13:34:06,7.56,--,103,77868,卖盘
1574,13:34:03,7.56,-0.01,229,173124,卖盘
1575,13:34:00,7.57,--,1065,806205,买盘
1576,13:33:57,7.57,0.01,17,12869,买盘
1577,13:33:54,7.56,-0.01,128,96768,卖盘
1578,13:33:51,7.57,--,46,34822,买盘
1579,13:33:45,7.57,0.01,452,342164,买盘
1580,13:33:42,7.56,-0.01,104,78624,卖盘
1581,13:33:39,7.57,--,100,75700,买盘
1582,13:33:36,7.57,--,55,41635,买盘
1583,13:33:33,7.57,0.01,240,181680,买盘
1584,13:33:30,7.56,--,22,16632,卖盘
1585,13:33:27,7.56,--,33,24948,卖盘
1586,13:33:24,7.56,--,188,142128,卖盘
1587,13:33:21,7.56,--,56,42336,卖盘
1588,13:33:18,7.56,-0.01,17,13471,卖盘
1589,13:33:15,7.57,--,7,5299,买盘
1590,13:33:12,7.57,0.01,43,32551,买盘
1591,13:33:09,7.56,--,49,37044,卖盘
1592,13:33:06,7.56,-0.01,32,24192,卖盘
1593,13:33:03,7.57,--,137,103709,买盘
1594,13:33:00,7.57,--,455,344435,买盘
1595,13:32:57,7.57,--,3,2271,买盘
1596,13:32:54,7.57,--,114,86298,买盘
1597,13:32:48,7.57,--,40,30280,买盘
1598,13:32:45,7.57,-0.01,305,230885,卖盘
1599,13:32:42,7.58,--,2,1516,买盘
1600,13:32:39,7.58,0.01,104,78832,买盘
1601,13:32:36,7.57,-0.01,98,74186,卖盘
1602,13:32:33,7.58,0.01,4,3032,买盘
1603,13:32:30,7.57,-0.01,443,335351,卖盘
1604,13:32:27,7.58,--,66,50028,买盘
1605,13:32:24,7.58,0.01,7,5306,买盘
1606,13:32:21,7.57,-0.01,47,35579,卖盘
1607,13:32:15,7.58,--,120,90960,买盘
1608,13:32:12,7.58,0.01,32,24256,买盘
1609,13:32:09,7.57,--,20,15140,卖盘
1610,13:32:06,7.57,-0.01,35,26495,卖盘
1611,13:32:03,7.58,--,478,362324,买盘
1612,13:32:00,7.58,0.01,6,4548,买盘
1613,13:31:57,7.57,-0.01,96,72672,卖盘
1614,13:31:54,7.58,--,75,56850,买盘
1615,13:31:51,7.58,--,128,97024,买盘
1616,13:31:48,7.58,0.01,28,21224,买盘
1617,13:31:45,7.57,--,100,75700,卖盘
1618,13:31:42,7.57,-0.01,95,71915,卖盘
1619,13:31:39,7.58,0.01,149,113245,买盘
1620,13:31:36,7.57,--,18,14080,卖盘
1621,13:31:30,7.57,--,44,33308,卖盘
1622,13:31:27,7.57,--,112,84784,买盘
1623,13:31:24,7.57,--,36,27751,卖盘
1624,13:31:21,7.57,-0.01,79,59803,卖盘
1625,13:31:18,7.58,0.01,12,9353,买盘
1626,13:31:15,7.57,--,21,15897,买盘
1627,13:31:09,7.57,--,23,17411,买盘
1628,13:31:06,7.57,--,36,27252,买盘
1629,13:31:03,7.57,-0.01,420,317940,卖盘
1630,13:31:00,7.58,0.01,119,90308,买盘
1631,13:30:57,7.57,--,126,95654,卖盘
1632,13:30:54,7.57,--,88,67259,卖盘
1633,13:30:51,7.57,0.01,183,138531,买盘
1634,13:30:48,7.56,--,56,42336,卖盘
1635,13:30:45,7.56,-0.01,45,34020,卖盘
1636,13:30:39,7.57,0.01,63,47691,买盘
1637,13:30:36,7.56,--,30,23224,卖盘
1638,13:30:33,7.56,-0.01,154,116424,卖盘
1639,13:30:27,7.57,0.01,46,34822,买盘
1640,13:30:24,7.56,-0.01,135,102060,卖盘
1641,13:30:21,7.57,--,147,111649,买盘
1642,13:30:18,7.57,-0.01,1863,1410677,卖盘
1643,13:30:12,7.58,0.01,36,27288,买盘
1644,13:30:06,7.57,-0.01,158,119606,卖盘
1645,13:30:03,7.58,0.01,52,39416,买盘
1646,13:30:00,7.57,-0.01,582,440574,卖盘
1647,13:29:57,7.58,0.01,54,40932,买盘
1648,13:29:54,7.57,-0.01,6,4542,卖盘
1649,13:29:51,7.58,0.01,128,97024,买盘
1650,13:29:48,7.57,-0.01,553,418621,卖盘
1651,13:29:45,7.58,--,52,39416,买盘
1652,13:29:42,7.58,0.01,23,17434,买盘
1653,13:29:39,7.57,--,49,37093,卖盘
1654,13:29:36,7.57,-0.01,1,757,卖盘
1655,13:29:30,7.58,0.01,2,1516,买盘
1656,13:29:27,7.57,--,39,29523,卖盘
1657,13:29:24,7.57,-0.01,127,96139,卖盘
1658,13:29:21,7.58,0.01,341,258478,买盘
1659,13:29:18,7.57,--,22,16654,卖盘
1660,13:29:15,7.57,-0.01,93,70771,卖盘
1661,13:29:12,7.58,--,32,24256,买盘
1662,13:29:09,7.58,0.01,43,32594,买盘
1663,13:29:06,7.57,--,159,120363,卖盘
1664,13:29:03,7.57,--,5,3785,卖盘
1665,13:29:00,7.57,-0.01,2,1514,卖盘
1666,13:28:57,7.58,0.01,250,189500,买盘
1667,13:28:54,7.57,--,38,28766,卖盘
1668,13:28:51,7.57,-0.01,5,3785,卖盘
1669,13:28:48,7.58,0.01,132,100056,买盘
1670,13:28:45,7.57,-0.01,813,615441,卖盘
1671,13:28:42,7.58,--,61,46238,买盘
1672,13:28:39,7.58,--,22,16676,买盘
1673,13:28:36,7.58,0.01,2,1516,买盘
1674,13:28:33,7.57,--,6,4542,卖盘
1675,13:28:30,7.57,--,36,27252,卖盘
1676,13:28:27,7.57,-0.01,2,1514,卖盘
1677,13:28:24,7.58,--,10,7580,买盘
1678,13:28:21,7.58,0.01,419,317602,买盘
1679,13:28:18,7.57,-0.01,6,4542,卖盘
1680,13:28:15,7.58,--,5,3790,买盘
1681,13:28:12,7.58,0.02,1,758,买盘
1682,13:28:09,7.56,-0.01,57,43092,卖盘
1683,13:28:06,7.57,--,71,53747,买盘
1684,13:28:03,7.57,--,25,18925,买盘
1685,13:28:00,7.57,--,12,9084,买盘
1686,13:27:57,7.57,--,79,59803,买盘
1687,13:27:54,7.57,--,23,17411,买盘
1688,13:27:51,7.57,-0.01,33,24981,卖盘
1689,13:27:48,7.58,--,100,75800,买盘
1690,13:27:45,7.58,0.02,114,86412,买盘
1691,13:27:42,7.56,-0.01,89,67284,卖盘
1692,13:27:39,7.57,--,1181,894622,卖盘
1693,13:27:36,7.57,--,10,7570,卖盘
1694,13:27:33,7.57,--,47,35579,卖盘
1695,13:27:30,7.57,-0.01,40,30280,卖盘
1696,13:27:27,7.58,0.01,164,124312,买盘
1697,13:27:24,7.57,--,405,306585,卖盘
1698,13:27:21,7.57,--,73,55261,卖盘
1699,13:27:18,7.57,-0.01,10,7570,卖盘
1700,13:27:15,7.58,--,2,1516,买盘
1701,13:27:12,7.58,--,396,300168,买盘
1702,13:27:09,7.58,--,23,17434,买盘
1703,13:27:06,7.58,--,68,51544,买盘
1704,13:27:03,7.58,--,4,3032,买盘
1705,13:27:00,7.58,--,510,386580,买盘
1706,13:26:57,7.58,0.01,5,3790,买盘
1707,13:26:54,7.57,--,4,3028,卖盘
1708,13:26:51,7.57,-0.01,71,53747,卖盘
1709,13:26:48,7.58,0.01,60,45480,买盘
1710,13:26:45,7.57,-0.01,124,93868,卖盘
1711,13:26:42,7.58,--,2,1516,买盘
1712,13:26:39,7.58,0.01,69,52302,买盘
1713,13:26:36,7.57,-0.01,3,2271,卖盘
1714,13:26:33,7.58,--,51,38658,买盘
1715,13:26:30,7.58,0.01,2,1516,买盘
1716,13:26:27,7.57,-0.01,66,49962,卖盘
1717,13:26:24,7.58,0.01,341,258478,买盘
1718,13:26:21,7.57,--,32,24224,卖盘
1719,13:26:15,7.57,--,41,31037,卖盘
1720,13:26:12,7.57,--,1,757,卖盘
1721,13:26:09,7.57,-0.01,33,24981,卖盘
1722,13:26:06,7.58,--,242,183436,买盘
1723,13:26:03,7.58,--,68,51544,买盘
1724,13:26:00,7.58,0.01,8,6064,买盘
1725,13:25:57,7.57,--,20,15140,卖盘
1726,13:25:54,7.57,--,41,31037,卖盘
1727,13:25:51,7.57,--,84,63588,卖盘
1728,13:25:48,7.57,--,3,2271,卖盘
1729,13:25:42,7.57,-0.01,218,165026,卖盘
1730,13:25:39,7.58,--,22,16676,买盘
1731,13:25:36,7.58,0.01,54,40932,买盘
1732,13:25:33,7.57,--,276,209083,卖盘
1733,13:25:30,7.57,-0.01,32,24224,卖盘
1734,13:25:27,7.58,--,343,259994,买盘
1735,13:25:24,7.58,0.01,20,15160,买盘
1736,13:25:21,7.57,-0.01,73,55261,卖盘
1737,13:25:15,7.58,--,14,10612,买盘
1738,13:25:12,7.58,--,130,98540,买盘
1739,13:25:09,7.58,0.01,39,29562,买盘
1740,13:25:06,7.57,-0.01,18,13626,卖盘
1741,13:25:03,7.58,0.01,1,758,买盘
1742,13:25:00,7.57,-0.01,203,153671,卖盘
1743,13:24:57,7.58,--,57,43206,买盘
1744,13:24:54,7.58,--,33,25014,买盘
1745,13:24:51,7.58,--,106,80348,买盘
1746,13:24:48,7.58,--,145,109910,买盘
1747,13:24:45,7.58,--,107,81106,买盘
1748,13:24:42,7.58,--,6,4548,买盘
1749,13:24:39,7.58,--,23,17434,买盘
1750,13:24:36,7.58,--,140,106120,买盘
1751,13:24:33,7.58,--,5,3790,买盘
1752,13:24:30,7.58,0.01,157,119006,买盘
1753,13:24:27,7.57,--,344,260408,卖盘
1754,13:24:24,7.57,-0.01,123,93111,卖盘
1755,13:24:21,7.58,0.01,2,1516,买盘
1756,13:24:18,7.57,--,120,90840,卖盘
1757,13:24:15,7.57,--,4,3028,卖盘
1758,13:24:12,7.57,-0.01,43,32551,卖盘
1759,13:24:09,7.58,0.01,178,134924,买盘
1760,13:24:06,7.57,--,3,2271,买盘
1761,13:24:03,7.57,--,156,118092,买盘
1762,13:24:00,7.57,--,2,1514,买盘
1763,13:23:57,7.57,0.01,10,7570,中性盘
1764,13:23:54,7.56,-0.02,3122,2360232,卖盘
1765,13:23:51,7.58,--,493,373694,买盘
1766,13:23:48,7.58,--,10,7580,买盘
1767,13:23:45,7.58,--,43,32594,买盘
1768,13:23:42,7.58,0.01,47,35626,买盘
1769,13:23:39,7.57,-0.01,191,144587,卖盘
1770,13:23:36,7.58,--,309,234222,买盘
1771,13:23:33,7.58,--,22,16676,买盘
1772,13:23:30,7.58,--,61,46238,卖盘
1773,13:23:27,7.58,-0.01,2971,2252018,卖盘
1774,13:23:24,7.59,--,23,17457,买盘
1775,13:23:18,7.59,--,247,187473,买盘
1776,13:23:15,7.59,--,119,90321,买盘
1777,13:23:12,7.59,--,178,135102,买盘
1778,13:23:09,7.59,0.01,89,67551,买盘
1779,13:23:06,7.58,--,40,30320,卖盘
1780,13:23:03,7.58,-0.01,161,122038,卖盘
1781,13:23:00,7.59,0.01,13,9867,买盘
1782,13:22:54,7.58,-0.01,39,29562,卖盘
1783,13:22:51,7.59,--,10,7590,买盘
1784,13:22:48,7.59,--,392,297528,买盘
1785,13:22:45,7.59,--,44,33396,买盘
1786,13:22:42,7.59,--,12,9108,买盘
1787,13:22:39,7.59,--,34,25806,买盘
1788,13:22:36,7.59,0.01,51,38709,买盘
1789,13:22:33,7.58,-0.01,59,44722,卖盘
1790,13:22:30,7.59,0.01,375,284625,买盘
1791,13:22:27,7.58,--,261,197838,卖盘
1792,13:22:24,7.58,--,10,7580,卖盘
1793,13:22:21,7.58,-0.01,58,43964,卖盘
1794,13:22:15,7.59,--,1,759,买盘
1795,13:22:12,7.59,--,84,63756,买盘
1796,13:22:09,7.59,--,126,95634,买盘
1797,13:22:06,7.59,--,72,54648,买盘
1798,13:22:03,7.59,--,12,9108,买盘
1799,13:22:00,7.59,--,54,40986,买盘
1800,13:21:57,7.59,--,36,27324,买盘
1801,13:21:51,7.59,--,10,7590,买盘
1802,13:21:48,7.59,--,48,36432,买盘
1803,13:21:45,7.59,0.01,60,45540,买盘
1804,13:21:42,7.58,-0.01,50,37900,卖盘
1805,13:21:39,7.59,0.01,22,16698,买盘
1806,13:21:36,7.58,--,144,109152,卖盘
1807,13:21:33,7.58,--,38,28804,卖盘
1808,13:21:30,7.58,--,259,196322,买盘
1809,13:21:27,7.58,--,65,49270,买盘
1810,13:21:24,7.58,--,205,155390,买盘
1811,13:21:21,7.58,--,115,87170,买盘
1812,13:21:18,7.58,--,155,117490,买盘
1813,13:21:15,7.58,--,170,128860,买盘
1814,13:21:12,7.58,-0.01,61,46238,卖盘
1815,13:21:09,7.59,--,98,74382,买盘
1816,13:21:06,7.59,0.01,97,73623,买盘
1817,13:21:03,7.58,-0.01,36,27288,卖盘
1818,13:21:00,7.59,0.01,44,33396,买盘
1819,13:20:57,7.58,--,57,43206,卖盘
1820,13:20:54,7.58,--,14,10612,卖盘
1821,13:20:51,7.58,--,117,88686,卖盘
1822,13:20:48,7.58,--,488,369904,买盘
1823,13:20:45,7.58,--,367,278186,卖盘
1824,13:20:42,7.58,--,38,28804,卖盘
1825,13:20:39,7.58,--,111,84138,卖盘
1826,13:20:36,7.58,--,30,22740,卖盘
1827,13:20:33,7.58,--,483,366114,买盘
1828,13:20:30,7.58,--,902,683716,买盘
1829,13:20:27,7.58,--,19,14402,买盘
1830,13:20:21,7.58,0.01,87,65946,买盘
1831,13:20:18,7.57,-0.01,92,69644,卖盘
1832,13:20:15,7.58,--,189,143262,买盘
1833,13:20:12,7.58,--,158,119764,买盘
1834,13:20:09,7.58,--,154,116732,买盘
1835,13:20:06,7.58,0.01,395,299410,买盘
1836,13:20:03,7.57,--,3,2271,卖盘
1837,13:20:00,7.57,--,3,2271,卖盘
1838,13:19:57,7.57,-0.01,43,32551,卖盘
1839,13:19:54,7.58,0.01,60,45480,买盘
1840,13:19:51,7.57,-0.01,53,40121,卖盘
1841,13:19:48,7.58,0.01,423,320634,买盘
1842,13:19:45,7.57,-0.01,131,99167,卖盘
1843,13:19:42,7.58,--,5,3790,买盘
1844,13:19:39,7.58,0.01,19,14402,买盘
1845,13:19:36,7.57,--,222,168054,卖盘
1846,13:19:33,7.57,--,393,297501,卖盘
1847,13:19:30,7.57,-0.01,1,757,卖盘
1848,13:19:27,7.58,0.01,432,327456,买盘
1849,13:19:24,7.57,-0.01,121,91597,卖盘
1850,13:19:21,7.58,--,2,1516,买盘
1851,13:19:18,7.58,--,1,758,买盘
1852,13:19:15,7.58,--,45,34110,买盘
1853,13:19:12,7.58,--,140,106120,买盘
1854,13:19:09,7.58,--,41,31078,买盘
1855,13:19:06,7.58,--,443,335794,买盘
1856,13:19:03,7.58,0.01,97,73526,买盘
1857,13:19:00,7.57,--,79,59803,卖盘
1858,13:18:51,7.57,-0.01,88,66616,卖盘
1859,13:18:48,7.58,0.01,424,321392,买盘
1860,13:18:45,7.57,--,82,62074,卖盘
1861,13:18:42,7.57,--,382,289174,卖盘
1862,13:18:39,7.57,-0.01,245,185465,卖盘
1863,13:18:36,7.58,--,70,53060,买盘
1864,13:18:33,7.58,--,418,316844,买盘
1865,13:18:30,7.58,--,21,15918,买盘
1866,13:18:27,7.58,--,678,513924,买盘
1867,13:18:24,7.58,0.01,473,358534,买盘
1868,13:18:18,7.57,-0.01,46,34822,卖盘
1869,13:18:15,7.58,0.01,18,13644,买盘
1870,13:18:12,7.57,-0.01,513,388341,卖盘
1871,13:18:09,7.58,--,75,56850,买盘
1872,13:18:06,7.58,--,499,378242,买盘
1873,13:18:03,7.58,--,569,431302,买盘
1874,13:18:00,7.58,--,121,91718,买盘
1875,13:17:57,7.58,--,7,5306,买盘
1876,13:17:54,7.58,--,700,530600,买盘
1877,13:17:51,7.58,--,110,83380,买盘
1878,13:17:48,7.58,--,814,617012,卖盘
1879,13:17:45,7.58,--,228,172824,卖盘
1880,13:17:42,7.58,--,86,65188,卖盘
1881,13:17:39,7.58,-0.01,54,40932,卖盘
1882,13:17:36,7.59,--,405,307395,买盘
1883,13:17:33,7.59,0.01,64,48576,买盘
1884,13:17:30,7.58,--,56,42448,卖盘
1885,13:17:27,7.58,--,643,487394,卖盘
1886,13:17:24,7.58,--,56,42448,卖盘
1887,13:17:21,7.58,-0.01,41,31078,卖盘
1888,13:17:18,7.59,0.01,9,6831,买盘
1889,13:17:15,7.58,-0.01,27,20466,卖盘
1890,13:17:12,7.59,0.01,20,15180,买盘
1891,13:17:09,7.58,--,43,32594,卖盘
1892,13:17:06,7.58,--,1881,1425798,买盘
1893,13:17:03,7.58,0.01,1006,762548,买盘
1894,13:17:00,7.57,-0.01,103,77971,卖盘
1895,13:16:57,7.58,--,21,15918,买盘
1896,13:16:54,7.58,--,30,22740,买盘
1897,13:16:51,7.58,--,4,3032,买盘
1898,13:16:48,7.58,0.01,473,358534,买盘
1899,13:16:45,7.57,-0.01,53,40121,卖盘
1900,13:16:42,7.58,--,329,249382,买盘
1901,13:16:39,7.58,0.01,39,29562,买盘
1902,13:16:36,7.57,-0.01,390,295230,卖盘
1903,13:16:33,7.58,--,1302,986916,买盘
1904,13:16:30,7.58,--,360,272880,卖盘
1905,13:16:27,7.58,-0.01,39,29562,卖盘
1906,13:16:24,7.59,0.01,458,347622,买盘
1907,13:16:21,7.58,--,138,104604,卖盘
1908,13:16:18,7.58,-0.01,64,48512,卖盘
1909,13:16:15,7.59,0.01,115,87285,买盘
1910,13:16:12,7.58,--,3,2274,卖盘
1911,13:16:09,7.58,-0.01,33,25014,卖盘
1912,13:16:06,7.59,--,1104,837936,买盘
1913,13:16:03,7.59,0.01,581,440979,买盘
1914,13:16:00,7.58,--,73,55334,卖盘
1915,13:15:57,7.58,--,104,78832,卖盘
1916,13:15:54,7.58,--,196,148568,卖盘
1917,13:15:51,7.58,--,5,3790,卖盘
1918,13:15:48,7.58,-0.01,10,7580,卖盘
1919,13:15:45,7.59,--,461,349899,买盘
1920,13:15:42,7.59,0.01,68,51612,买盘
1921,13:15:39,7.58,--,373,282734,卖盘
1922,13:15:36,7.58,-0.01,10,7580,卖盘
1923,13:15:33,7.59,0.01,407,308913,买盘
1924,13:15:30,7.58,0.01,594,450252,中性盘
1925,13:15:24,7.57,--,464,351248,卖盘
1926,13:15:21,7.57,--,2,1514,卖盘
1927,13:15:18,7.57,--,38,28766,卖盘
1928,13:15:15,7.57,-0.01,46,34822,卖盘
1929,13:15:12,7.58,--,1195,905810,买盘
1930,13:15:09,7.58,0.01,62,46996,买盘
1931,13:15:06,7.57,--,5,3785,卖盘
1932,13:14:57,7.57,-0.01,144,109008,卖盘
1933,13:14:54,7.58,0.01,2,1516,买盘
1934,13:14:48,7.57,--,94,71158,卖盘
1935,13:14:45,7.57,-0.01,463,350491,卖盘
1936,13:14:42,7.58,0.01,428,324424,买盘
1937,13:14:39,7.57,-0.01,347,262679,卖盘
1938,13:14:36,7.58,0.01,23,17434,买盘
1939,13:14:33,7.57,--,45,34065,卖盘
1940,13:14:30,7.57,--,4,3028,卖盘
1941,13:14:27,7.57,--,26,19682,卖盘
1942,13:14:24,7.57,--,449,340634,卖盘
1943,13:14:21,7.57,--,21,15897,卖盘
1944,13:14:18,7.57,-0.01,1,757,卖盘
1945,13:14:15,7.58,--,85,64430,买盘
1946,13:14:12,7.58,--,563,426754,买盘
1947,13:14:09,7.58,0.01,25,18950,买盘
1948,13:14:06,7.57,-0.01,143,108251,卖盘
1949,13:14:03,7.58,0.01,16,12128,买盘
1950,13:14:00,7.57,--,144,109008,卖盘
1951,13:13:54,7.57,--,93,70401,卖盘
1952,13:13:51,7.57,-0.01,36,27252,卖盘
1953,13:13:48,7.58,--,82,62156,买盘
1954,13:13:45,7.58,0.01,128,97024,买盘
1955,13:13:42,7.57,--,134,101438,卖盘
1956,13:13:39,7.57,-0.01,474,358818,卖盘
1957,13:13:36,7.58,--,1,758,买盘
1958,13:13:33,7.58,0.01,215,162970,买盘
1959,13:13:30,7.57,--,1,757,卖盘
1960,13:13:27,7.57,--,58,43906,卖盘
1961,13:13:18,7.57,-0.01,202,152914,卖盘
1962,13:13:15,7.58,0.01,95,72010,买盘
1963,13:13:12,7.57,-0.01,5,3785,卖盘
1964,13:13:09,7.58,--,41,31078,买盘
1965,13:13:06,7.58,--,129,97782,买盘
1966,13:13:03,7.58,--,87,65946,买盘
1967,13:12:57,7.58,--,10,7580,买盘
1968,13:12:54,7.58,--,151,114458,买盘
1969,13:12:48,7.58,--,45,34110,买盘
1970,13:12:45,7.58,0.01,20,15160,买盘
1971,13:12:42,7.57,--,404,305828,卖盘
1972,13:12:39,7.57,-0.01,59,44663,卖盘
1973,13:12:36,7.58,0.01,22,16676,买盘
1974,13:12:33,7.57,-0.01,408,308856,卖盘
1975,13:12:30,7.58,--,13,9854,买盘
1976,13:12:27,7.58,--,15,11370,买盘
1977,13:12:21,7.58,--,442,335036,买盘
1978,13:12:15,7.58,0.01,85,64430,买盘
1979,13:12:12,7.57,--,30,22710,卖盘
1980,13:12:09,7.57,-0.01,152,115064,卖盘
1981,13:12:06,7.58,--,40,30320,买盘
1982,13:12:03,7.58,--,1,758,买盘
1983,13:12:00,7.58,0.01,171,129618,买盘
1984,13:11:57,7.57,-0.01,41,31037,卖盘
1985,13:11:54,7.58,--,64,48512,买盘
1986,13:11:51,7.58,--,3,2274,买盘
1987,13:11:48,7.58,--,55,41690,买盘
1988,13:11:45,7.58,0.01,47,35626,买盘
1989,13:11:42,7.57,--,369,279333,卖盘
1990,13:11:39,7.57,-0.01,75,56926,卖盘
1991,13:11:36,7.58,0.01,140,106120,买盘
1992,13:11:33,7.57,--,41,31037,卖盘
1993,13:11:30,7.57,-0.01,74,56018,卖盘
1994,13:11:27,7.58,--,348,263784,买盘
1995,13:11:24,7.58,--,51,38658,买盘
1996,13:11:21,7.58,--,4,3032,买盘
1997,13:11:18,7.58,0.01,12,9096,买盘
1998,13:11:15,7.57,-0.01,74,56018,卖盘
1999,13:11:12,7.58,--,58,43964,买盘
2000,13:11:09,7.58,--,177,134166,买盘
2001,13:11:06,7.58,0.01,208,157664,买盘
2002,13:11:03,7.57,-0.01,70,52990,卖盘
2003,13:11:00,7.58,--,52,39416,买盘
2004,13:10:57,7.58,-0.01,496,375968,卖盘
2005,13:10:54,7.59,0.02,54,40986,买盘
2006,13:10:51,7.57,-0.01,326,246782,卖盘
2007,13:10:48,7.58,--,3,2274,卖盘
2008,13:10:45,7.58,--,183,138714,买盘
2009,13:10:42,7.58,--,70,53060,买盘
2010,13:10:39,7.58,0.01,60,45480,买盘
2011,13:10:36,7.57,-0.01,67,50719,卖盘
2012,13:10:33,7.58,0.01,41,31078,买盘
2013,13:10:30,7.57,--,38,28766,卖盘
2014,13:10:27,7.57,-0.01,70,52990,卖盘
2015,13:10:24,7.58,--,106,80651,买盘
2016,13:10:21,7.58,0.01,34,25772,买盘
2017,13:10:18,7.57,--,103,77971,卖盘
2018,13:10:15,7.57,-0.01,241,182437,卖盘
2019,13:10:12,7.58,0.01,19,14402,买盘
2020,13:10:09,7.57,-0.01,621,470097,卖盘
2021,13:10:06,7.58,0.01,211,159938,买盘
2022,13:10:03,7.57,--,32,24224,卖盘
2023,13:10:00,7.57,--,37,28009,卖盘
2024,13:09:57,7.57,-0.01,45,34065,卖盘
2025,13:09:54,7.58,--,20,15160,买盘
2026,13:09:51,7.58,--,153,115974,买盘
2027,13:09:48,7.58,--,19,14402,买盘
2028,13:09:45,7.58,0.01,75,56850,买盘
2029,13:09:42,7.57,-0.01,9,6813,卖盘
2030,13:09:39,7.58,--,539,408562,买盘
2031,13:09:36,7.58,0.01,152,115216,买盘
2032,13:09:33,7.57,-0.01,51,38607,卖盘
2033,13:09:30,7.58,--,69,52302,买盘
2034,13:09:27,7.58,--,567,429786,买盘
2035,13:09:24,7.58,0.01,128,97024,买盘
2036,13:09:21,7.57,--,74,56018,卖盘
2037,13:09:18,7.57,-0.01,41,31037,卖盘
2038,13:09:15,7.58,--,103,78074,买盘
2039,13:09:12,7.58,--,75,56850,买盘
2040,13:09:09,7.58,0.01,122,92476,买盘
2041,13:09:06,7.57,-0.01,104,78728,卖盘
2042,13:09:03,7.58,--,2359,1788122,买盘
2043,13:09:00,7.58,--,44,33352,买盘
2044,13:08:57,7.58,--,10,7580,买盘
2045,13:08:51,7.58,0.01,60,45480,买盘
2046,13:08:48,7.57,--,26,19682,卖盘
2047,13:08:45,7.57,-0.01,5,3785,卖盘
2048,13:08:42,7.58,--,9,6822,买盘
2049,13:08:39,7.58,--,92,69736,买盘
2050,13:08:36,7.58,0.01,461,349438,买盘
2051,13:08:33,7.57,-0.01,35,26495,卖盘
2052,13:08:30,7.58,0.01,102,77316,买盘
2053,13:08:27,7.57,--,424,320968,卖盘
2054,13:08:24,7.57,-0.01,38,28766,卖盘
2055,13:08:18,7.58,0.01,97,73526,买盘
2056,13:08:15,7.57,--,83,62831,卖盘
2057,13:08:12,7.57,--,5,3785,卖盘
2058,13:08:09,7.57,-0.01,10,7570,卖盘
2059,13:08:06,7.58,--,65,49270,买盘
2060,13:08:03,7.58,0.01,130,98540,买盘
2061,13:08:00,7.57,--,66,49962,卖盘
2062,13:07:57,7.57,--,13,9841,卖盘
2063,13:07:54,7.57,-0.01,182,137774,卖盘
2064,13:07:51,7.58,0.01,77,58366,买盘
2065,13:07:45,7.57,--,5,3785,卖盘
2066,13:07:42,7.57,-0.01,45,34065,卖盘
2067,13:07:39,7.58,--,58,43964,买盘
2068,13:07:36,7.58,--,79,59882,买盘
2069,13:07:33,7.58,--,189,143262,买盘
2070,13:07:30,7.58,0.01,200,151600,买盘
2071,13:07:27,7.57,-0.01,411,311127,卖盘
2072,13:07:24,7.58,0.01,11,8338,买盘
2073,13:07:21,7.57,--,89,67373,卖盘
2074,13:07:18,7.57,-0.01,11,8327,卖盘
2075,13:07:15,7.58,--,41,31078,买盘
2076,13:07:12,7.58,0.01,15,11370,买盘
2077,13:07:09,7.57,-0.01,90,68130,卖盘
2078,13:07:06,7.58,--,72,54576,买盘
2079,13:07:03,7.58,0.01,4,3032,买盘
2080,13:07:00,7.57,--,37,28009,卖盘
2081,13:06:57,7.57,0.01,22,16654,买盘
2082,13:06:54,7.56,-0.02,23,17841,卖盘
2083,13:06:51,7.58,0.01,129,97782,买盘
2084,13:06:48,7.57,--,2097,1587429,买盘
2085,13:06:45,7.57,-0.01,19,14383,买盘
2086,13:06:42,7.58,0.01,104,78832,买盘
2087,13:06:39,7.57,--,41,31037,卖盘
2088,13:06:36,7.57,0.01,116,87812,买盘
2089,13:06:33,7.56,-0.01,237,179172,卖盘
2090,13:06:30,7.57,-0.01,492,372444,卖盘
2091,13:06:27,7.58,0.01,161,122038,买盘
2092,13:06:24,7.57,--,50,37850,卖盘
2093,13:06:21,7.57,-0.01,24,18168,卖盘
2094,13:06:18,7.58,0.01,54,40932,买盘
2095,13:06:15,7.57,--,119,90083,买盘
2096,13:06:09,7.57,-0.01,83,62831,卖盘
2097,13:06:06,7.58,0.02,39,29562,买盘
2098,13:06:03,7.56,-0.01,109,82404,卖盘
2099,13:06:00,7.57,--,10,7570,买盘
2100,13:05:57,7.57,-0.01,15,11355,中性盘
2101,13:05:54,7.58,--,357,270606,买盘
2102,13:05:51,7.58,0.01,407,308506,买盘
2103,13:05:48,7.57,--,14,10598,卖盘
2104,13:05:45,7.57,--,23,17411,卖盘
2105,13:05:42,7.57,--,52,39364,卖盘
2106,13:05:39,7.57,--,1867,1413319,买盘
2107,13:05:36,7.57,0.01,22,16654,买盘
2108,13:05:33,7.56,--,102,77112,卖盘
2109,13:05:30,7.56,--,552,417312,卖盘
2110,13:05:27,7.56,-0.01,15,11340,卖盘
2111,13:05:24,7.57,--,26,19682,买盘
2112,13:05:21,7.57,0.01,90,68130,买盘
2113,13:05:18,7.56,-0.01,70,52920,卖盘
2114,13:05:15,7.57,0.01,1,757,买盘
2115,13:05:12,7.56,-0.01,102,77112,卖盘
2116,13:05:09,7.57,0.01,56,42392,买盘
2117,13:05:06,7.56,-0.01,24,18144,卖盘
2118,13:05:03,7.57,0.01,12,9084,买盘
2119,13:04:57,7.56,-0.01,37,27972,卖盘
2120,13:04:54,7.57,0.01,33,24981,买盘
2121,13:04:51,7.56,--,218,164808,卖盘
2122,13:04:45,7.56,-0.01,544,411264,卖盘
2123,13:04:39,7.57,0.01,157,118849,买盘
2124,13:04:36,7.56,-0.01,38,28728,卖盘
2125,13:04:33,7.57,0.01,23,17411,买盘
2126,13:04:30,7.56,--,407,307692,卖盘
2127,13:04:27,7.56,--,2,1512,卖盘
2128,13:04:24,7.56,--,185,139860,卖盘
2129,13:04:21,7.56,--,5,3780,卖盘
2130,13:04:18,7.56,-0.01,46,34776,卖盘
2131,13:04:15,7.57,0.01,5,3785,买盘
2132,13:04:12,7.56,-0.01,61,46116,卖盘
2133,13:04:09,7.57,--,59,44663,买盘
2134,13:04:06,7.57,--,43,32551,买盘
2135,13:04:03,7.57,0.01,116,87812,买盘
2136,13:03:57,7.56,-0.01,7,5292,卖盘
2137,13:03:54,7.57,0.01,23,17411,买盘
2138,13:03:51,7.56,--,52,39312,卖盘
2139,13:03:48,7.56,--,42,31752,卖盘
2140,13:03:45,7.56,-0.01,415,313740,卖盘
2141,13:03:42,7.57,0.01,3,2271,买盘
2142,13:03:39,7.56,--,36,27216,卖盘
2143,13:03:36,7.56,-0.01,19,14364,卖盘
2144,13:03:33,7.57,0.01,1277,966689,买盘
2145,13:03:30,7.56,-0.01,139,105084,卖盘
2146,13:03:27,7.57,0.01,259,196063,买盘
2147,13:03:24,7.56,--,47,35532,卖盘
2148,13:03:21,7.56,--,445,336420,卖盘
2149,13:03:18,7.56,--,76,57456,卖盘
2150,13:03:15,7.56,--,174,131544,卖盘
2151,13:03:12,7.56,--,24,18144,卖盘
2152,13:03:06,7.56,--,59,44604,卖盘
2153,13:03:03,7.56,--,72,54432,卖盘
2154,13:03:00,7.56,-0.01,12,9072,卖盘
2155,13:02:57,7.57,--,105,79485,买盘
2156,13:02:54,7.57,--,37,28009,买盘
2157,13:02:51,7.57,--,47,35579,买盘
2158,13:02:48,7.57,0.01,466,352762,买盘
2159,13:02:45,7.56,-0.01,142,107352,卖盘
2160,13:02:39,7.57,--,48,36336,买盘
2161,13:02:36,7.57,0.01,41,31037,买盘
2162,13:02:33,7.56,--,422,319032,卖盘
2163,13:02:30,7.56,--,103,77868,卖盘
2164,13:02:27,7.56,-0.01,6,4536,卖盘
2165,13:02:24,7.57,--,49,37093,买盘
2166,13:02:21,7.57,0.01,68,51476,买盘
2167,13:02:18,7.56,-0.01,25,18900,卖盘
2168,13:02:15,7.57,0.01,20,15140,买盘
2169,13:02:12,7.56,-0.01,139,105084,卖盘
2170,13:02:09,7.57,0.01,85,64345,买盘
2171,13:02:06,7.56,-0.01,100,75600,卖盘
2172,13:02:03,7.57,0.01,49,37093,买盘
2173,13:02:00,7.56,-0.01,521,393876,卖盘
2174,13:01:57,7.57,--,41,31037,买盘
2175,13:01:54,7.57,0.01,230,174110,买盘
2176,13:01:51,7.56,--,55,41580,卖盘
2177,13:01:48,7.56,--,30,22680,卖盘
2178,13:01:45,7.56,-0.01,145,109620,卖盘
2179,13:01:42,7.57,0.01,87,65859,买盘
2180,13:01:39,7.56,--,528,399168,卖盘
2181,13:01:36,7.56,--,533,402948,卖盘
2182,13:01:33,7.56,-0.01,168,127008,卖盘
2183,13:01:30,7.57,0.01,451,341407,买盘
2184,13:01:27,7.56,-0.01,77,58212,卖盘
2185,13:01:24,7.57,--,3,2271,买盘
2186,13:01:21,7.57,--,155,117335,买盘
2187,13:01:18,7.57,0.01,2,1514,买盘
2188,13:01:15,7.56,-0.01,42,31752,卖盘
2189,13:01:12,7.57,--,22,16654,买盘
2190,13:01:09,7.57,--,2,1514,买盘
2191,13:01:06,7.57,--,128,96896,买盘
2192,13:01:03,7.57,--,72,54504,买盘
2193,13:01:00,7.57,--,34,25738,买盘
2194,13:00:57,7.57,0.01,602,455714,买盘
2195,13:00:54,7.56,--,36,27216,卖盘
2196,13:00:51,7.56,--,82,61992,买盘
2197,13:00:48,7.56,--,1000,756000,买盘
2198,13:00:45,7.56,0.01,11,8316,买盘
2199,13:00:42,7.55,-0.01,69,52095,卖盘
2200,13:00:39,7.56,-0.01,1428,1079568,卖盘
2201,13:00:36,7.57,0.01,361,273277,买盘
2202,13:00:33,7.56,--,613,463428,买盘
2203,13:00:30,7.56,--,55,41580,买盘
2204,13:00:27,7.56,--,67,50652,买盘
2205,13:00:24,7.56,--,597,451332,买盘
2206,13:00:21,7.56,--,387,292572,买盘
2207,13:00:18,7.56,--,28,21168,买盘
2208,13:00:15,7.56,--,2,1512,买盘
2209,13:00:12,7.56,0.01,40,30240,买盘
2210,13:00:09,7.55,--,202,152510,卖盘
2211,13:00:06,7.55,--,1119,844845,卖盘
2212,13:00:03,7.55,--,3098,2339322,买盘
2213,13:00:00,7.55,--,0,0,买盘
2214,11:30:00,7.55,0.01,57,43035,买盘
2215,11:29:57,7.54,-0.01,180,135720,卖盘
2216,11:29:54,7.55,--,24,18120,买盘
2217,11:29:51,7.55,0.01,138,104190,买盘
2218,11:29:48,7.54,-0.01,39,29406,卖盘
2219,11:29:45,7.55,--,5,3775,买盘
2220,11:29:42,7.55,--,280,211400,买盘
2221,11:29:39,7.55,0.01,38,28690,买盘
2222,11:29:36,7.54,-0.01,90,67860,卖盘
2223,11:29:33,7.55,0.01,24,18120,买盘
2224,11:29:30,7.54,-0.01,17,12818,卖盘
2225,11:29:27,7.55,0.01,43,32465,买盘
2226,11:29:24,7.54,-0.01,1171,882934,卖盘
2227,11:29:21,7.55,--,12,9060,买盘
2228,11:29:18,7.55,--,1121,846355,买盘
2229,11:29:15,7.55,0.01,69,52095,买盘
2230,11:29:12,7.54,-0.01,560,422240,卖盘
2231,11:29:09,7.55,--,5,3775,买盘
2232,11:29:06,7.55,--,19,14345,买盘
2233,11:29:03,7.55,--,595,449225,买盘
2234,11:29:00,7.55,--,36,27180,买盘
2235,11:28:57,7.55,0.01,3,2265,买盘
2236,11:28:54,7.54,--,8,6032,卖盘
2237,11:28:51,7.54,-0.01,84,63336,卖盘
2238,11:28:48,7.55,--,13,9815,买盘
2239,11:28:45,7.55,--,83,62665,买盘
2240,11:28:42,7.55,--,76,57380,买盘
2241,11:28:39,7.55,--,87,65685,买盘
2242,11:28:36,7.55,--,79,59645,买盘
2243,11:28:33,7.55,--,122,92110,买盘
2244,11:28:30,7.55,--,1853,1399015,买盘
2245,11:28:27,7.55,0.01,40,30200,买盘
2246,11:28:24,7.54,--,57,42978,卖盘
2247,11:28:21,7.54,--,59,44486,卖盘
2248,11:28:18,7.54,--,64,48256,卖盘
2249,11:28:15,7.54,--,4,3016,卖盘
2250,11:28:12,7.54,--,22,16588,卖盘
2251,11:28:09,7.54,-0.01,46,34684,卖盘
2252,11:28:06,7.55,--,362,273310,买盘
2253,11:28:00,7.55,0.01,48,36240,买盘
2254,11:27:57,7.54,--,181,136474,卖盘
2255,11:27:54,7.54,--,465,350610,卖盘
2256,11:27:51,7.54,--,22,16588,卖盘
2257,11:27:48,7.54,-0.01,51,38454,卖盘
2258,11:27:45,7.55,0.01,140,105700,买盘
2259,11:27:42,7.54,--,13,9802,卖盘
2260,11:27:39,7.54,-0.01,92,69368,卖盘
2261,11:27:36,7.55,0.01,97,73235,买盘
2262,11:27:33,7.54,--,123,92742,买盘
2263,11:27:30,7.54,--,104,78416,买盘
2264,11:27:27,7.54,--,91,68614,买盘
2265,11:27:24,7.54,--,432,325728,买盘
2266,11:27:21,7.54,--,50,37700,买盘
2267,11:27:18,7.54,--,73,55042,买盘
2268,11:27:15,7.54,--,83,62582,买盘
2269,11:27:12,7.54,-0.01,489,368706,卖盘
2270,11:27:06,7.55,--,61,46055,买盘
2271,11:27:03,7.55,0.02,343,258965,买盘
2272,11:27:00,7.53,-0.01,80,60240,卖盘
2273,11:26:57,7.54,--,298,224692,买盘
2274,11:26:54,7.54,--,22,16588,买盘
2275,11:26:51,7.54,--,66,49764,买盘
2276,11:26:48,7.54,-0.01,336,253344,卖盘
2277,11:26:45,7.55,0.01,35,26425,买盘
2278,11:26:42,7.54,--,49,36946,卖盘
2279,11:26:39,7.54,--,129,97266,卖盘
2280,11:26:36,7.54,--,102,76908,卖盘
2281,11:26:33,7.54,--,83,62582,卖盘
2282,11:26:30,7.54,0.01,568,428272,买盘
2283,11:26:27,7.53,-0.01,35,26355,卖盘
2284,11:26:24,7.54,--,59,44486,买盘
2285,11:26:21,7.54,0.01,3192,2406768,买盘
2286,11:26:18,7.53,-0.01,42,31626,卖盘
2287,11:26:15,7.54,0.01,3,2262,买盘
2288,11:26:12,7.53,-0.01,101,76053,卖盘
2289,11:26:09,7.54,0.01,7,5278,买盘
2290,11:26:06,7.53,--,43,32379,卖盘
2291,11:26:03,7.53,--,41,30873,卖盘
2292,11:26:00,7.53,-0.01,12,9036,卖盘
2293,11:25:57,7.54,0.01,197,148538,买盘
2294,11:25:54,7.53,--,41,30873,卖盘
2295,11:25:51,7.53,-0.01,13,9789,卖盘
2296,11:25:48,7.54,0.01,338,254852,买盘
2297,11:25:45,7.53,-0.01,45,33885,卖盘
2298,11:25:42,7.54,0.01,30,22620,买盘
2299,11:25:39,7.53,-0.01,73,54969,卖盘
2300,11:25:36,7.54,--,36,27144,买盘
2301,11:25:33,7.54,0.01,75,56550,买盘
2302,11:25:30,7.53,--,86,64758,卖盘
2303,11:25:27,7.53,-0.01,255,192015,卖盘
2304,11:25:24,7.54,--,5,3770,买盘
2305,11:25:21,7.54,--,106,79924,买盘
2306,11:25:18,7.54,--,312,235248,买盘
2307,11:25:15,7.54,--,20,15080,买盘
2308,11:25:12,7.54,0.01,12,9048,买盘
2309,11:25:09,7.53,--,42,31626,卖盘
2310,11:25:06,7.53,-0.01,214,161142,卖盘
2311,11:25:03,7.54,0.01,40,30160,买盘
2312,11:25:00,7.53,-0.01,153,115209,卖盘
2313,11:24:57,7.54,0.01,107,80678,买盘
2314,11:24:54,7.53,-0.01,10,7530,卖盘
2315,11:24:51,7.54,--,6,4524,买盘
2316,11:24:48,7.54,--,138,104052,买盘
2317,11:24:45,7.54,0.01,98,73892,买盘
2318,11:24:42,7.53,-0.01,185,139305,卖盘
2319,11:24:39,7.54,0.01,109,82186,买盘
2320,11:24:36,7.53,--,512,385536,卖盘
2321,11:24:33,7.53,-0.01,19,14307,卖盘
2322,11:24:30,7.54,--,108,81432,买盘
2323,11:24:27,7.54,--,81,61074,买盘
2324,11:24:24,7.54,--,113,85202,买盘
2325,11:24:21,7.54,--,47,35438,买盘
2326,11:24:18,7.54,0.01,102,76908,买盘
2327,11:24:15,7.53,-0.01,40,30120,卖盘
2328,11:24:12,7.54,0.01,40,30160,买盘
2329,11:24:09,7.53,--,167,125751,卖盘
2330,11:24:06,7.53,--,21,15813,卖盘
2331,11:24:03,7.53,-0.01,572,430716,卖盘
2332,11:24:00,7.54,--,64,48256,买盘
2333,11:23:57,7.54,--,452,340808,买盘
2334,11:23:54,7.54,0.01,56,42224,买盘
2335,11:23:51,7.53,-0.01,4,3012,卖盘
2336,11:23:48,7.54,0.01,8,6032,买盘
2337,11:23:45,7.53,-0.01,458,344874,卖盘
2338,11:23:42,7.54,0.01,78,58812,买盘
2339,11:23:39,7.53,--,464,349392,买盘
2340,11:23:36,7.53,--,271,204063,买盘
2341,11:23:33,7.53,--,78,58734,买盘
2342,11:23:30,7.53,--,101,76053,买盘
2343,11:23:27,7.53,--,539,405867,买盘
2344,11:23:24,7.53,--,205,154365,买盘
2345,11:23:21,7.53,--,57,42921,买盘
2346,11:23:18,7.53,--,124,93372,买盘
2347,11:23:15,7.53,--,52,39156,买盘
2348,11:23:12,7.53,0.01,96,72288,买盘
2349,11:23:09,7.52,-0.01,37,27824,卖盘
2350,11:23:06,7.53,--,134,100902,买盘
2351,11:23:03,7.53,--,507,381771,买盘
2352,11:23:00,7.53,0.01,16,12048,买盘
2353,11:22:57,7.52,-0.01,97,72944,卖盘
2354,11:22:54,7.53,--,446,335838,买盘
2355,11:22:48,7.53,0.01,130,97890,买盘
2356,11:22:45,7.52,-0.01,546,410592,卖盘
2357,11:22:42,7.53,--,11,8283,买盘
2358,11:22:39,7.53,--,46,34638,买盘
2359,11:22:36,7.53,--,251,189003,买盘
2360,11:22:33,7.53,--,20,15060,买盘
2361,11:22:30,7.53,--,9,6777,买盘
2362,11:22:27,7.53,0.01,443,333579,买盘
2363,11:22:24,7.52,-0.01,311,233872,卖盘
2364,11:22:21,7.53,0.01,93,70029,买盘
2365,11:22:18,7.52,--,3717,2795326,买盘
2366,11:22:15,7.52,0.01,82,61664,买盘
2367,11:22:12,7.51,-0.01,42,31542,卖盘
2368,11:22:09,7.52,--,22,16544,买盘
2369,11:22:06,7.52,--,7,5264,买盘
2370,11:22:03,7.52,--,473,355696,买盘
2371,11:22:00,7.52,0.01,21,15792,买盘
2372,11:21:57,7.51,-0.01,10,7510,卖盘
2373,11:21:54,7.52,0.01,156,117312,买盘
2374,11:21:51,7.51,--,48,36048,卖盘
2375,11:21:48,7.51,--,451,338701,卖盘
2376,11:21:45,7.51,--,18,13518,卖盘
2377,11:21:39,7.51,--,223,167473,卖盘
2378,11:21:36,7.51,--,671,503921,卖盘
2379,11:21:33,7.51,-0.01,20,15020,卖盘
2380,11:21:30,7.52,0.01,41,30832,买盘
2381,11:21:27,7.51,-0.01,429,322179,卖盘
2382,11:21:24,7.52,0.01,59,44368,买盘
2383,11:21:21,7.51,0.01,442,331942,买盘
2384,11:21:18,7.5,-0.01,47,35250,卖盘
2385,11:21:15,7.51,0.01,54,40554,买盘
2386,11:21:12,7.5,-0.01,101,75750,卖盘
2387,11:21:09,7.51,--,28,21028,卖盘
2388,11:21:06,7.51,--,491,368741,买盘
2389,11:21:03,7.51,--,1,751,买盘
2390,11:21:00,7.51,0.01,22,16522,买盘
2391,11:20:57,7.5,-0.01,40,30000,卖盘
2392,11:20:54,7.51,--,2,1502,买盘
2393,11:20:48,7.51,-0.01,7,5257,中性盘
2394,11:20:45,7.52,0.01,462,347424,买盘
2395,11:20:42,7.51,--,45,33795,买盘
2396,11:20:39,7.51,0.01,1,751,买盘
2397,11:20:36,7.5,--,55,41250,卖盘
2398,11:20:33,7.5,-0.01,39,29250,卖盘
2399,11:20:30,7.51,0.01,9,6759,买盘
2400,11:20:27,7.5,-0.01,91,68250,卖盘
2401,11:20:24,7.51,0.01,499,374749,买盘
2402,11:20:21,7.5,-0.01,3,2250,卖盘
2403,11:20:18,7.51,0.01,53,39803,买盘
2404,11:20:15,7.5,-0.01,3,2250,卖盘
2405,11:20:12,7.51,--,57,42807,买盘
2406,11:20:09,7.51,--,115,86365,买盘
2407,11:20:06,7.51,--,759,570009,买盘
2408,11:20:03,7.51,0.01,423,317673,买盘
2409,11:20:00,7.5,-0.01,75,56250,卖盘
2410,11:19:57,7.51,--,11,8261,买盘
2411,11:19:54,7.51,0.01,53,39803,买盘
2412,11:19:51,7.5,-0.01,42,31500,卖盘
2413,11:19:48,7.51,--,8,6008,买盘
2414,11:19:45,7.51,--,472,354472,买盘
2415,11:19:42,7.51,0.01,1,751,买盘
2416,11:19:39,7.5,-0.01,81,60750,卖盘
2417,11:19:36,7.51,0.01,11,8261,买盘
2418,11:19:27,7.5,--,73,54750,卖盘
2419,11:19:24,7.5,-0.01,440,330000,卖盘
2420,11:19:21,7.51,0.01,13,9763,买盘
2421,11:19:18,7.5,--,1075,806250,卖盘
2422,11:19:15,7.5,-0.01,38,28500,卖盘
2423,11:19:12,7.51,--,3,2253,买盘
2424,11:19:09,7.51,0.01,74,55574,买盘
2425,11:19:06,7.5,-0.01,115,86250,卖盘
2426,11:19:03,7.51,--,2,1502,买盘
2427,11:18:57,7.51,0.01,6,4506,买盘
2428,11:18:54,7.5,--,255,191850,买盘
2429,11:18:51,7.5,--,2,1500,买盘
2430,11:18:48,7.5,--,86,64500,买盘
2431,11:18:45,7.5,0.01,175,131250,买盘
2432,11:18:42,7.49,-0.01,64,47936,卖盘
2433,11:18:39,7.5,--,14,10500,买盘
2434,11:18:36,7.5,0.01,1119,839250,买盘
2435,11:18:33,7.49,-0.01,141,105609,卖盘
2436,11:18:27,7.5,--,6,4500,买盘
2437,11:18:21,7.5,--,43,32250,买盘
2438,11:18:18,7.5,0.01,2,1500,买盘
2439,11:18:15,7.49,-0.01,70,52430,卖盘
2440,11:18:12,7.5,0.01,742,556500,买盘
2441,11:18:09,7.49,-0.01,540,404460,卖盘
2442,11:18:06,7.5,--,59,44250,买盘
2443,11:18:00,7.5,--,43,32250,买盘
2444,11:17:57,7.5,0.01,2,1500,买盘
2445,11:17:51,7.49,--,24,17976,卖盘
2446,11:17:48,7.49,--,185,138565,卖盘
2447,11:17:45,7.49,--,7,5243,卖盘
2448,11:17:42,7.49,--,82,61418,卖盘
2449,11:17:39,7.49,--,10,7490,卖盘
2450,11:17:36,7.49,-0.01,43,32207,卖盘
2451,11:17:33,7.5,0.01,8,6000,买盘
2452,11:17:30,7.49,-0.01,59,44191,卖盘
2453,11:17:27,7.5,0.01,41,30750,买盘
2454,11:17:24,7.49,-0.01,42,31458,卖盘
2455,11:17:21,7.5,0.01,26,19500,买盘
2456,11:17:15,7.49,-0.01,42,31458,卖盘
2457,11:17:12,7.5,--,74,55500,买盘
2458,11:17:09,7.5,--,30,22500,买盘
2459,11:17:06,7.5,0.01,52,39000,买盘
2460,11:17:03,7.49,-0.01,43,32207,卖盘
2461,11:17:00,7.5,0.01,1,750,买盘
2462,11:16:54,7.49,-0.01,40,29960,卖盘
2463,11:16:51,7.5,--,2,1500,买盘
2464,11:16:48,7.5,--,66,49500,买盘
2465,11:16:42,7.5,--,41,30750,买盘
2466,11:16:39,7.5,--,23,17250,买盘
2467,11:16:36,7.5,--,39,29250,买盘
2468,11:16:33,7.5,0.01,2500,1875000,买盘
2469,11:16:30,7.49,-0.01,35,26215,卖盘
2470,11:16:27,7.5,0.01,2,1500,买盘
2471,11:16:21,7.49,-0.01,41,30709,卖盘
2472,11:16:18,7.5,--,177,132750,买盘
2473,11:16:15,7.5,0.01,26,19500,买盘
2474,11:16:12,7.49,--,592,443408,卖盘
2475,11:16:09,7.49,-0.01,36,26964,卖盘
2476,11:16:06,7.5,--,25,18750,买盘
2477,11:16:03,7.5,--,53,39750,买盘
2478,11:16:00,7.5,0.01,50,37500,买盘
2479,11:15:57,7.49,--,36,26964,卖盘
2480,11:15:54,7.49,--,22,16478,卖盘
2481,11:15:51,7.49,-0.01,20,14980,卖盘
2482,11:15:48,7.5,--,438,328500,买盘
2483,11:15:45,7.5,--,2,1500,买盘
2484,11:15:42,7.5,--,111,83250,买盘
2485,11:15:39,7.5,0.01,18,13500,买盘
2486,11:15:36,7.49,-0.01,42,31458,卖盘
2487,11:15:33,7.5,--,2,1500,中性盘
2488,11:15:27,7.5,0.01,2,1500,卖盘
2489,11:15:24,7.49,-0.02,41,30709,卖盘
2490,11:15:21,7.51,0.01,2,1502,买盘
2491,11:15:18,7.5,0.01,45,33750,买盘
2492,11:15:15,7.49,-0.01,78,58422,卖盘
2493,11:15:12,7.5,--,57,42750,买盘
2494,11:15:09,7.5,0.01,31,23250,买盘
2495,11:15:06,7.49,--,31,23219,卖盘
2496,11:15:03,7.49,-0.01,196,146804,卖盘
2497,11:15:00,7.5,--,38,28500,卖盘
2498,11:14:54,7.5,--,11,8250,卖盘
2499,11:14:51,7.5,-0.01,67,50250,卖盘
2500,11:14:48,7.51,0.01,68,51068,买盘
2501,11:14:45,7.5,-0.01,71,53250,卖盘
2502,11:14:42,7.51,0.01,58,43558,买盘
2503,11:14:39,7.5,-0.01,535,401250,卖盘
2504,11:14:36,7.51,--,5,3755,买盘
2505,11:14:33,7.51,0.01,127,95377,买盘
2506,11:14:30,7.5,--,286,214500,卖盘
2507,11:14:27,7.5,-0.01,8,6000,卖盘
2508,11:14:21,7.51,0.01,49,36799,买盘
2509,11:14:18,7.5,-0.01,35,26250,卖盘
2510,11:14:15,7.51,0.01,23,17273,买盘
2511,11:14:12,7.5,-0.01,150,112500,卖盘
2512,11:14:09,7.51,--,99,74349,买盘
2513,11:14:06,7.51,0.01,70,52570,买盘
2514,11:14:03,7.5,-0.01,10,7500,卖盘
2515,11:14:00,7.51,--,54,40554,买盘
2516,11:13:57,7.51,--,56,42056,买盘
2517,11:13:54,7.51,--,2,1502,买盘
2518,11:13:48,7.51,0.01,265,199015,买盘
2519,11:13:45,7.5,-0.01,85,63750,卖盘
2520,11:13:42,7.51,0.01,81,60831,买盘
2521,11:13:36,7.5,-0.01,265,198750,卖盘
2522,11:13:33,7.51,0.01,108,81108,买盘
2523,11:13:30,7.5,--,317,237750,卖盘
2524,11:13:27,7.5,--,48,36000,卖盘
2525,11:13:24,7.5,-0.01,42,31500,卖盘
2526,11:13:21,7.51,--,2,1502,买盘
2527,11:13:18,7.51,--,17,12767,买盘
2528,11:13:15,7.51,0.01,15,11265,买盘
2529,11:13:12,7.5,--,116,87000,卖盘
2530,11:13:09,7.5,--,2,1500,卖盘
2531,11:13:03,7.5,--,168,126000,卖盘
2532,11:13:00,7.5,-0.01,47,35250,卖盘
2533,11:12:57,7.51,0.01,59,44309,买盘
2534,11:12:54,7.5,-0.01,3,2250,卖盘
2535,11:12:51,7.51,--,82,61582,买盘
2536,11:12:48,7.51,--,84,63084,买盘
2537,11:12:45,7.51,--,6,4506,买盘
2538,11:12:42,7.51,0.01,411,308661,买盘
2539,11:12:39,7.5,-0.01,40,30000,卖盘
2540,11:12:36,7.51,0.01,24,18024,买盘
2541,11:12:33,7.5,-0.01,41,30750,卖盘
2542,11:12:30,7.51,0.01,898,674398,买盘
2543,11:12:27,7.5,-0.01,46,34500,卖盘
2544,11:12:24,7.51,0.01,8,6008,买盘
2545,11:12:21,7.5,--,3,2250,卖盘
2546,11:12:18,7.5,-0.01,48,36000,卖盘
2547,11:12:15,7.51,0.01,56,42056,买盘
2548,11:12:12,7.5,-0.01,32,24000,卖盘
2549,11:12:09,7.51,0.01,5,3755,买盘
2550,11:12:06,7.5,-0.01,195,146250,卖盘
2551,11:12:03,7.51,--,2,1502,买盘
2552,11:12:00,7.51,--,52,39052,买盘
2553,11:11:57,7.51,0.01,89,66839,买盘
2554,11:11:54,7.5,-0.01,100,75000,卖盘
2555,11:11:51,7.51,--,57,42807,买盘
2556,11:11:48,7.51,0.01,13,9763,买盘
2557,11:11:45,7.5,-0.01,45,33750,卖盘
2558,11:11:42,7.51,0.01,308,231308,买盘
2559,11:11:39,7.5,-0.01,104,78000,卖盘
2560,11:11:36,7.51,0.01,7,5257,买盘
2561,11:11:33,7.5,--,43,32250,卖盘
2562,11:11:30,7.5,-0.01,7,5250,卖盘
2563,11:11:24,7.51,0.01,5,3755,买盘
2564,11:11:21,7.5,-0.01,60,45000,卖盘
2565,11:11:18,7.51,0.01,10,7510,买盘
2566,11:11:15,7.5,-0.01,161,120750,卖盘
2567,11:11:12,7.51,--,92,69092,买盘
2568,11:11:06,7.51,0.01,34,25534,买盘
2569,11:11:03,7.5,--,107,80250,卖盘
2570,11:11:00,7.5,-0.01,116,87000,卖盘
2571,11:10:57,7.51,0.01,375,281625,买盘
2572,11:10:54,7.5,--,123,92250,卖盘
2573,11:10:51,7.5,--,15,11250,卖盘
2574,11:10:48,7.5,-0.01,72,54000,卖盘
2575,11:10:45,7.51,--,7,5257,买盘
2576,11:10:42,7.51,--,19,14269,买盘
2577,11:10:39,7.51,0.01,57,42807,买盘
2578,11:10:36,7.5,-0.01,179,134250,卖盘
2579,11:10:33,7.51,0.01,13,9763,买盘
2580,11:10:30,7.5,--,4,3000,卖盘
2581,11:10:27,7.5,-0.01,46,34500,卖盘
2582,11:10:24,7.51,--,162,121662,买盘
2583,11:10:21,7.51,--,46,34546,买盘
2584,11:10:18,7.51,0.01,28,21028,买盘
2585,11:10:15,7.5,-0.01,48,36000,卖盘
2586,11:10:12,7.51,0.01,303,227553,买盘
2587,11:10:09,7.5,--,12,9000,卖盘
2588,11:10:06,7.5,--,37,27750,卖盘
2589,11:10:03,7.5,--,89,66750,卖盘
2590,11:10:00,7.5,-0.01,12,9000,卖盘
2591,11:09:57,7.51,0.01,80,60080,买盘
2592,11:09:54,7.5,-0.01,125,93750,卖盘
2593,11:09:51,7.51,--,112,84112,买盘
2594,11:09:48,7.51,--,40,30040,买盘
2595,11:09:45,7.51,0.01,16,12016,买盘
2596,11:09:42,7.5,-0.01,39,29250,卖盘
2597,11:09:36,7.51,0.01,97,72847,买盘
2598,11:09:33,7.5,-0.01,278,208500,卖盘
2599,11:09:30,7.51,--,10,7510,买盘
2600,11:09:27,7.51,--,313,235063,买盘
2601,11:09:21,7.51,--,47,35297,买盘
2602,11:09:18,7.51,--,62,46562,买盘
2603,11:09:15,7.51,0.01,77,57827,买盘
2604,11:09:12,7.5,--,45,33750,卖盘
2605,11:09:09,7.5,--,588,441000,卖盘
2606,11:09:06,7.5,--,24,18000,卖盘
2607,11:09:03,7.5,-0.01,37,27750,卖盘
2608,11:09:00,7.51,--,42,31542,买盘
2609,11:08:57,7.51,--,137,102887,买盘
2610,11:08:54,7.51,--,136,102136,买盘
2611,11:08:51,7.51,0.01,149,111899,买盘
2612,11:08:48,7.5,-0.01,144,108000,卖盘
2613,11:08:45,7.51,--,2,1502,买盘
2614,11:08:42,7.51,--,12,9012,买盘
2615,11:08:39,7.51,0.01,55,41305,买盘
2616,11:08:36,7.5,-0.01,99,74250,卖盘
2617,11:08:33,7.51,0.01,112,84112,买盘
2618,11:08:30,7.5,-0.01,10,7500,卖盘
2619,11:08:27,7.51,--,51,38301,买盘
2620,11:08:24,7.51,--,22,16522,买盘
2621,11:08:21,7.51,0.01,144,108144,买盘
2622,11:08:18,7.5,--,14,10500,卖盘
2623,11:08:15,7.5,-0.01,40,30000,卖盘
2624,11:08:12,7.51,--,32,24032,买盘
2625,11:08:06,7.51,0.01,27,20277,买盘
2626,11:08:03,7.5,-0.01,59,44250,卖盘
2627,11:08:00,7.51,--,2,1502,买盘
2628,11:07:57,7.51,--,7,5257,买盘
2629,11:07:54,7.51,--,134,100634,买盘
2630,11:07:48,7.51,0.01,64,48064,买盘
2631,11:07:42,7.5,-0.01,75,56250,卖盘
2632,11:07:39,7.51,--,1,751,买盘
2633,11:07:36,7.51,--,9,6759,买盘
2634,11:07:33,7.51,--,391,293641,买盘
2635,11:07:30,7.51,--,148,111148,买盘
2636,11:07:27,7.51,--,30,22530,买盘
2637,11:07:24,7.51,--,51,38301,买盘
2638,11:07:21,7.51,--,138,103638,买盘
2639,11:07:18,7.51,--,10,7510,买盘
2640,11:07:15,7.51,0.02,451,338701,买盘
2641,11:07:12,7.49,--,38,28462,卖盘
2642,11:07:09,7.49,-0.02,159,119091,卖盘
2643,11:07:06,7.51,--,23,17273,买盘
2644,11:07:03,7.51,0.01,25,18775,买盘
2645,11:07:00,7.5,-0.01,16,12000,卖盘
2646,11:06:57,7.51,--,829,622579,买盘
2647,11:06:54,7.51,--,471,353721,买盘
2648,11:06:51,7.51,--,52,39052,买盘
2649,11:06:48,7.51,0.01,88,66088,买盘
2650,11:06:45,7.5,-0.01,134,100500,卖盘
2651,11:06:42,7.51,0.01,730,548230,买盘
2652,11:06:39,7.5,-0.01,141,105750,中性盘
2653,11:06:36,7.51,--,44,33044,买盘
2654,11:06:33,7.51,0.01,426,319926,买盘
2655,11:06:30,7.5,0.01,8,6000,买盘
2656,11:06:27,7.49,--,287,214963,卖盘
2657,11:06:24,7.49,-0.01,74,55426,卖盘
2658,11:06:21,7.5,0.01,139,104250,买盘
2659,11:06:18,7.49,-0.02,32,23968,卖盘
2660,11:06:15,7.51,0.01,484,363484,买盘
2661,11:06:12,7.5,--,74,55500,买盘
2662,11:06:09,7.5,--,2,1500,买盘
2663,11:06:03,7.5,--,46,34500,买盘
2664,11:06:00,7.5,-0.01,66,49500,中性盘
2665,11:05:57,7.51,--,6,4506,买盘
2666,11:05:54,7.51,0.01,443,332693,买盘
2667,11:05:51,7.5,--,99,74250,买盘
2668,11:05:45,7.5,--,62,46500,买盘
2669,11:05:42,7.5,0.02,906,679500,买盘
2670,11:05:39,7.48,-0.02,47,35156,卖盘
2671,11:05:36,7.5,--,424,318000,买盘
2672,11:05:30,7.5,0.01,219,164250,买盘
2673,11:05:24,7.49,-0.01,38,28462,卖盘
2674,11:05:21,7.5,0.02,60,45000,买盘
2675,11:05:18,7.48,-0.02,42,31416,卖盘
2676,11:05:15,7.5,0.02,7,5250,买盘
2677,11:05:12,7.48,-0.01,476,356048,卖盘
2678,11:05:09,7.49,0.01,2,1498,中性盘
2679,11:05:06,7.48,-0.02,52,38896,卖盘
2680,11:05:03,7.5,0.01,21,15750,买盘
2681,11:05:00,7.49,--,20,14980,买盘
2682,11:04:57,7.49,-0.01,92,68908,中性盘
2683,11:04:54,7.5,--,462,346500,买盘
2684,11:04:51,7.5,--,10,7500,买盘
2685,11:04:48,7.5,0.02,52,39000,买盘
2686,11:04:45,7.48,-0.02,64,47872,卖盘
2687,11:04:42,7.5,--,53,39750,买盘
2688,11:04:39,7.5,0.02,7,5250,买盘
2689,11:04:36,7.48,--,432,323136,卖盘
2690,11:04:33,7.48,-0.02,38,28424,卖盘
2691,11:04:30,7.5,--,85,63750,买盘
2692,11:04:27,7.5,--,22,16500,买盘
2693,11:04:24,7.5,--,87,65250,买盘
2694,11:04:21,7.5,0.02,10,7500,买盘
2695,11:04:18,7.48,-0.02,426,318648,卖盘
2696,11:04:15,7.5,--,20,15000,买盘
2697,11:04:12,7.5,--,472,354000,买盘
2698,11:04:09,7.5,--,10,7500,买盘
2699,11:04:06,7.5,0.02,10,7500,买盘
2700,11:04:00,7.48,-0.02,390,291720,卖盘
2701,11:03:57,7.5,--,40,30000,买盘
2702,11:03:54,7.5,0.01,438,328500,买盘
2703,11:03:51,7.49,--,63,47187,买盘
2704,11:03:48,7.49,-0.01,51,38199,卖盘
2705,11:03:45,7.5,0.01,57,42750,买盘
2706,11:03:42,7.49,--,78,58422,卖盘
2707,11:03:39,7.49,-0.01,41,30709,卖盘
2708,11:03:36,7.5,0.01,478,358500,买盘
2709,11:03:33,7.49,-0.01,1,749,卖盘
2710,11:03:30,7.5,0.02,38,28500,买盘
2711,11:03:27,7.48,-0.02,42,31416,卖盘
2712,11:03:24,7.5,0.03,515,386250,买盘
2713,11:03:18,7.47,-0.03,36,26892,卖盘
2714,11:03:15,7.5,0.02,59,44250,买盘
2715,11:03:12,7.48,--,460,344080,卖盘
2716,11:03:09,7.48,--,8,5984,卖盘
2717,11:03:06,7.48,-0.02,39,29172,卖盘
2718,11:03:00,7.5,0.02,35,26250,买盘
2719,11:02:57,7.48,--,10,7480,卖盘
2720,11:02:54,7.48,--,529,395692,卖盘
2721,11:02:51,7.48,-0.01,50,37400,卖盘
2722,11:02:48,7.49,0.01,76,56924,买盘
2723,11:02:45,7.48,-0.01,237,177276,卖盘
2724,11:02:42,7.49,--,10,7490,买盘
2725,11:02:39,7.49,0.01,52,38948,买盘
2726,11:02:33,7.48,-0.01,37,27676,卖盘
2727,11:02:30,7.49,--,27,20223,买盘
2728,11:02:27,7.49,--,19,14231,买盘
2729,11:02:24,7.49,--,5,3745,买盘
2730,11:02:21,7.49,0.01,7,5243,买盘
2731,11:02:18,7.48,-0.01,122,91256,卖盘
2732,11:02:15,7.49,0.01,10,7490,买盘
2733,11:02:12,7.48,--,48,35904,卖盘
2734,11:02:09,7.48,-0.01,17,12716,卖盘
2735,11:02:06,7.49,--,151,113099,买盘
2736,11:02:03,7.49,0.01,10,7490,买盘
2737,11:02:00,7.48,-0.01,102,76296,卖盘
2738,11:01:57,7.49,--,72,53928,买盘
2739,11:01:54,7.49,0.01,308,230692,买盘
2740,11:01:51,7.48,--,57,42636,卖盘
2741,11:01:48,7.48,-0.01,38,28424,卖盘
2742,11:01:45,7.49,0.01,16,11984,买盘
2743,11:01:42,7.48,-0.02,159,118932,卖盘
2744,11:01:39,7.5,--,269,201750,买盘
2745,11:01:36,7.5,0.01,135,101250,买盘
2746,11:01:30,7.49,-0.01,30,22470,卖盘
2747,11:01:27,7.5,--,83,62250,买盘
2748,11:01:24,7.5,--,5,3750,买盘
2749,11:01:18,7.5,--,10,7500,买盘
2750,11:01:15,7.5,--,217,162750,买盘
2751,11:01:09,7.5,--,13,9750,买盘
2752,11:01:06,7.5,--,36,27000,买盘
2753,11:01:03,7.5,0.01,53,39750,买盘
2754,11:01:00,7.49,-0.01,30,22470,卖盘
2755,11:00:57,7.5,0.02,146,109500,买盘
2756,11:00:54,7.48,-0.02,3,2244,卖盘
2757,11:00:45,7.5,--,22,16500,买盘
2758,11:00:42,7.5,--,2,1500,买盘
2759,11:00:39,7.5,--,58,43500,买盘
2760,11:00:36,7.5,0.01,159,119250,买盘
2761,11:00:33,7.49,--,2,1498,买盘
2762,11:00:30,7.49,--,315,235935,买盘
2763,11:00:21,7.49,0.01,1,749,买盘
2764,11:00:18,7.48,--,26,19448,卖盘
2765,11:00:15,7.48,-0.01,32,23936,卖盘
2766,11:00:12,7.49,--,1074,804426,买盘
2767,11:00:09,7.49,0.01,3,2247,买盘
2768,11:00:06,7.48,--,17,12716,卖盘
2769,11:00:03,7.48,--,57,42636,卖盘
2770,11:00:00,7.48,-0.01,10,7480,卖盘
2771,10:59:57,7.49,0.01,2,1498,买盘
2772,10:59:54,7.48,--,50,37400,卖盘
2773,10:59:51,7.48,-0.01,56,41888,卖盘
2774,10:59:48,7.49,--,6,4494,买盘
2775,10:59:45,7.49,0.01,249,186501,买盘
2776,10:59:42,7.48,--,3,2244,卖盘
2777,10:59:39,7.48,-0.01,45,33660,卖盘
2778,10:59:36,7.49,--,59,44191,买盘
2779,10:59:33,7.49,--,70,52430,买盘
2780,10:59:30,7.49,0.01,17,12733,买盘
2781,10:59:24,7.48,--,118,88264,卖盘
2782,10:59:21,7.48,--,19,14212,卖盘
2783,10:59:18,7.48,-0.01,50,37400,卖盘
2784,10:59:15,7.49,--,6,4494,买盘
2785,10:59:12,7.49,0.01,125,93625,买盘
2786,10:59:09,7.48,-0.01,53,39644,卖盘
2787,10:59:06,7.49,--,18,13482,买盘
2788,10:59:03,7.49,0.01,41,30709,买盘
2789,10:59:00,7.48,--,17,12716,卖盘
2790,10:58:51,7.48,--,65,48620,卖盘
2791,10:58:48,7.48,-0.01,18,13464,卖盘
2792,10:58:45,7.49,--,11,8239,买盘
2793,10:58:42,7.49,--,8,5992,买盘
2794,10:58:39,7.49,--,47,35203,买盘
2795,10:58:36,7.49,0.01,77,57673,买盘
2796,10:58:33,7.48,--,77,57596,卖盘
2797,10:58:30,7.48,--,76,56848,卖盘
2798,10:58:27,7.48,-0.01,60,44880,卖盘
2799,10:58:21,7.49,--,30,22470,买盘
2800,10:58:18,7.49,0.01,3,2247,买盘
2801,10:58:15,7.48,--,18,13464,卖盘
2802,10:58:09,7.48,--,12,8976,卖盘
2803,10:58:06,7.48,--,65,48620,卖盘
2804,10:58:03,7.48,-0.01,100,74800,卖盘
2805,10:57:57,7.49,--,2,1498,买盘
2806,10:57:54,7.49,--,84,62916,买盘
2807,10:57:51,7.49,--,125,93625,买盘
2808,10:57:45,7.49,0.01,2,1498,买盘
2809,10:57:42,7.48,--,39,29172,卖盘
2810,10:57:39,7.48,-0.01,40,29920,卖盘
2811,10:57:36,7.49,--,95,71155,买盘
2812,10:57:33,7.49,0.01,185,138565,买盘
2813,10:57:30,7.48,--,218,163064,卖盘
2814,10:57:24,7.48,--,23,17204,卖盘
2815,10:57:21,7.48,-0.01,18,13464,卖盘
2816,10:57:15,7.49,--,10,7490,买盘
2817,10:57:12,7.49,0.01,2,1498,买盘
2818,10:57:09,7.48,-0.01,17,12716,卖盘
2819,10:57:06,7.49,--,35,26215,买盘
2820,10:57:03,7.49,0.01,42,31458,买盘
2821,10:57:00,7.48,0.01,133,99484,买盘
2822,10:56:51,7.47,-0.01,5,3735,卖盘
2823,10:56:48,7.48,0.01,21,15708,买盘
2824,10:56:45,7.47,-0.01,2,1494,卖盘
2825,10:56:42,7.48,-0.01,1,748,中性盘
2826,10:56:39,7.49,0.02,32,23968,买盘
2827,10:56:36,7.47,-0.02,17,12699,卖盘
2828,10:56:33,7.49,--,19,14231,买盘
2829,10:56:30,7.49,0.02,2,1498,买盘
2830,10:56:27,7.47,--,50,37350,卖盘
2831,10:56:24,7.47,-0.02,19,14193,卖盘
2832,10:56:18,7.49,0.02,7,5243,买盘
2833,10:56:15,7.47,--,20,14940,卖盘
2834,10:56:12,7.47,--,10,7470,卖盘
2835,10:56:09,7.47,-0.01,38,28386,卖盘
2836,10:56:06,7.48,0.01,29,21692,卖盘
