,time,price,change,volume,amount,type
0,15:00:03,10.95,0.01,1965,2151675,买盘
1,14:57:00,10.94,--,15,16410,卖盘
2,14:56:57,10.94,--,6,7001,买盘
3,14:56:54,10.94,--,16,17504,买盘
4,14:56:51,10.94,--,154,168476,卖盘
5,14:56:48,10.94,--,107,117058,卖盘
6,14:56:45,10.94,--,10,10940,卖盘
7,14:56:42,10.94,--,25,27350,卖盘
8,14:56:36,10.94,--,20,21880,卖盘
9,14:56:33,10.94,--,109,119563,买盘
10,14:56:30,10.94,--,87,95178,买盘
11,14:56:27,10.94,0.01,6,6564,买盘
12,14:56:24,10.93,-0.01,61,66673,卖盘
13,14:56:21,10.94,-0.01,64,70016,卖盘
14,14:56:18,10.95,--,2,2190,买盘
15,14:56:15,10.95,0.01,838,917609,买盘
16,14:56:12,10.94,--,19,20786,卖盘
17,14:56:09,10.94,--,21,22974,卖盘
18,14:56:06,10.94,--,35,38290,卖盘
19,14:56:03,10.94,--,46,50400,买盘
20,14:56:00,10.94,--,2,2188,买盘
21,14:55:57,10.94,--,104,114793,卖盘
22,14:55:54,10.94,-0.01,76,83144,卖盘
23,14:55:51,10.95,--,103,112784,买盘
24,14:55:42,10.95,0.01,76,83220,买盘
25,14:55:39,10.94,-0.01,47,51418,卖盘
26,14:55:36,10.95,--,3,3285,买盘
27,14:55:33,10.95,0.01,5,5475,买盘
28,14:55:30,10.94,--,1,1094,卖盘
29,14:55:27,10.94,--,85,92990,卖盘
30,14:55:18,10.94,-0.01,16,17504,卖盘
31,14:55:15,10.95,--,7,7664,买盘
32,14:55:12,10.95,0.01,185,202651,买盘
33,14:55:09,10.94,--,14,15316,卖盘
34,14:55:06,10.94,-0.01,108,118152,卖盘
35,14:55:00,10.95,0.01,3,3285,买盘
36,14:54:57,10.94,-0.01,4,4376,卖盘
37,14:54:54,10.95,--,116,127019,买盘
38,14:54:51,10.95,0.01,6,6570,买盘
39,14:54:48,10.94,--,61,66734,卖盘
40,14:54:45,10.94,--,7,7658,卖盘
41,14:54:42,10.94,--,32,35008,买盘
42,14:54:39,10.94,--,32,35008,卖盘
43,14:54:36,10.94,--,105,114870,买盘
44,14:54:33,10.94,0.01,4,4376,买盘
45,14:54:27,10.93,-0.01,13,14209,卖盘
46,14:54:24,10.94,0.01,50,54700,买盘
47,14:54:21,10.93,-0.01,26,28418,卖盘
48,14:54:18,10.94,--,5,5470,中性盘
49,14:54:06,10.94,-0.01,1,1094,中性盘
50,14:54:03,10.95,--,24,26280,买盘
51,14:54:00,10.95,--,62,67890,买盘
52,14:53:54,10.95,--,315,344925,买盘
53,14:53:51,10.95,--,38,41610,买盘
54,14:53:48,10.95,0.01,5,5475,买盘
55,14:53:45,10.94,-0.01,6,6564,卖盘
56,14:53:42,10.95,0.01,73,79935,买盘
57,14:53:39,10.94,-0.01,46,50324,卖盘
58,14:53:30,10.95,--,70,76650,买盘
59,14:53:27,10.95,--,4,4380,买盘
60,14:53:21,10.95,0.01,11,12045,买盘
61,14:53:18,10.94,-0.01,79,86426,卖盘
62,14:53:09,10.95,0.01,10,10950,买盘
63,14:53:06,10.94,-0.01,53,57982,卖盘
64,14:52:57,10.95,--,30,32850,买盘
65,14:52:54,10.95,--,16,17520,买盘
66,14:52:51,10.95,--,61,66795,买盘
67,14:52:48,10.95,0.01,2,2190,买盘
68,14:52:45,10.94,-0.01,19,20786,卖盘
69,14:52:42,10.95,--,141,154395,买盘
70,14:52:39,10.95,0.01,9,9855,买盘
71,14:52:36,10.94,-0.01,18,19692,卖盘
72,14:52:33,10.95,0.01,15,16425,买盘
73,14:52:27,10.94,--,129,141126,卖盘
74,14:52:24,10.94,--,11,12034,卖盘
75,14:52:21,10.94,--,44,48136,卖盘
76,14:52:15,10.94,-0.01,3,3282,卖盘
77,14:52:12,10.95,--,3,3285,买盘
78,14:52:09,10.95,0.01,54,59129,买盘
79,14:52:03,10.94,--,14,15534,卖盘
80,14:52:00,10.94,-0.01,30,32820,卖盘
81,14:51:57,10.95,--,100,109500,买盘
82,14:51:54,10.95,--,16,17520,买盘
83,14:51:51,10.95,0.01,10,10950,买盘
84,14:51:42,10.94,--,113,123622,买盘
85,14:51:39,10.94,--,56,61264,买盘
86,14:51:36,10.94,--,1,1094,买盘
87,14:51:33,10.94,0.01,45,49230,买盘
88,14:51:27,10.93,-0.01,131,143183,卖盘
89,14:51:21,10.94,--,28,30632,买盘
90,14:51:18,10.94,--,16,17504,买盘
91,14:51:15,10.94,--,8,8752,买盘
92,14:51:12,10.94,-0.01,87,95178,卖盘
93,14:51:09,10.95,0.01,9,9855,买盘
94,14:51:00,10.94,-0.01,34,37196,卖盘
95,14:50:57,10.95,--,110,120449,买盘
96,14:50:54,10.95,--,35,38325,买盘
97,14:50:51,10.95,0.01,3,3285,买盘
98,14:50:48,10.94,--,37,40478,卖盘
99,14:50:42,10.94,--,186,203484,买盘
100,14:50:39,10.94,--,10,10940,买盘
101,14:50:36,10.94,--,5,5470,买盘
102,14:50:33,10.94,0.01,27,29538,买盘
103,14:50:30,10.93,-0.01,64,69952,卖盘
104,14:50:27,10.94,--,92,100648,买盘
105,14:50:24,10.94,0.01,5,5470,买盘
106,14:50:18,10.93,-0.01,10,10930,卖盘
107,14:50:15,10.94,--,146,159724,买盘
108,14:50:12,10.94,--,20,21880,买盘
109,14:50:09,10.94,--,9,9846,买盘
110,14:50:00,10.94,--,136,148784,买盘
111,14:49:57,10.94,--,92,100648,买盘
112,14:49:54,10.94,--,20,21880,买盘
113,14:49:51,10.94,--,3,3282,买盘
114,14:49:45,10.94,0.01,48,52512,买盘
115,14:49:42,10.93,--,67,73657,买盘
116,14:49:39,10.93,0.01,135,147555,买盘
117,14:49:36,10.92,-0.01,47,51324,卖盘
118,14:49:33,10.93,--,23,25139,买盘
119,14:49:27,10.93,--,92,100556,买盘
120,14:49:24,10.93,--,8,8744,买盘
121,14:49:21,10.93,0.01,1,1093,买盘
122,14:49:15,10.92,-0.01,510,556920,卖盘
123,14:49:12,10.93,--,3,3279,买盘
124,14:49:09,10.93,--,9,9837,买盘
125,14:49:06,10.93,0.01,45,49185,买盘
126,14:49:03,10.92,-0.01,39,42588,卖盘
127,14:49:00,10.93,--,10,11017,卖盘
128,14:48:57,10.93,-0.01,258,282999,卖盘
129,14:48:54,10.94,--,64,70016,买盘
130,14:48:51,10.94,0.01,14,15316,买盘
131,14:48:48,10.93,--,344,375992,买盘
132,14:48:45,10.93,0.01,51,55743,买盘
133,14:48:42,10.92,-0.01,81,88452,卖盘
134,14:48:39,10.93,--,54,59022,买盘
135,14:48:36,10.93,0.01,79,86347,买盘
136,14:48:30,10.92,--,22,24024,卖盘
137,14:48:27,10.92,-0.01,102,111384,卖盘
138,14:48:24,10.93,0.01,40,43720,买盘
139,14:48:18,10.92,-0.01,7,7644,卖盘
140,14:48:09,10.93,--,11,12023,买盘
141,14:48:06,10.93,--,29,31697,买盘
142,14:48:03,10.93,--,1,1093,买盘
143,14:48:00,10.93,-0.01,2,2186,买盘
144,14:47:57,10.94,0.01,470,514180,买盘
145,14:47:54,10.93,-0.01,134,146462,卖盘
146,14:47:51,10.94,0.01,11,12034,买盘
147,14:47:42,10.93,0.01,182,198926,买盘
148,14:47:39,10.92,-0.01,228,248976,卖盘
149,14:47:36,10.93,--,46,50278,买盘
150,14:47:33,10.93,--,78,85254,买盘
151,14:47:24,10.93,0.01,29,31697,买盘
152,14:47:21,10.92,--,244,267135,买盘
153,14:47:18,10.92,--,66,72072,买盘
154,14:47:15,10.92,--,10,10920,买盘
155,14:47:12,10.92,--,3,3276,买盘
156,14:47:09,10.92,--,19,20748,买盘
157,14:47:06,10.92,--,1,1092,买盘
158,14:47:03,10.92,--,5,5460,买盘
159,14:47:00,10.92,0.01,33,36036,买盘
160,14:46:57,10.91,-0.01,21,22911,卖盘
161,14:46:54,10.92,--,54,58968,买盘
162,14:46:51,10.92,--,267,291564,买盘
163,14:46:48,10.92,0.01,52,56784,买盘
164,14:46:45,10.91,-0.01,80,87280,卖盘
165,14:46:42,10.92,--,53,57876,买盘
166,14:46:39,10.92,--,93,101556,买盘
167,14:46:36,10.92,--,68,74256,买盘
168,14:46:33,10.92,-0.01,419,457952,卖盘
169,14:46:27,10.93,--,1,1093,买盘
170,14:46:24,10.93,--,3,3279,买盘
171,14:46:21,10.93,--,20,21860,买盘
172,14:46:18,10.93,0.01,4,4372,买盘
173,14:46:15,10.92,-0.01,25,27300,卖盘
174,14:46:12,10.93,--,5,5465,买盘
175,14:46:09,10.93,-0.01,32,36047,中性盘
176,14:46:06,10.94,--,1,1094,买盘
177,14:46:03,10.94,0.02,4,4376,买盘
178,14:46:00,10.92,--,32,34944,卖盘
179,14:45:57,10.92,-0.02,38,41496,卖盘
180,14:45:54,10.94,0.01,2,2188,买盘
181,14:45:51,10.93,-0.01,7,7651,中性盘
182,14:45:48,10.94,0.02,14,15316,买盘
183,14:45:45,10.92,-0.02,96,104832,卖盘
184,14:45:42,10.94,--,54,59076,买盘
185,14:45:39,10.94,--,41,44854,买盘
186,14:45:36,10.94,0.01,211,230834,买盘
187,14:45:33,10.93,--,18,19674,买盘
188,14:45:30,10.93,--,4,4372,买盘
189,14:45:27,10.93,0.01,3,3279,买盘
190,14:45:24,10.92,-0.01,21,22932,卖盘
191,14:45:21,10.93,0.01,8,8744,买盘
192,14:45:18,10.92,-0.01,13,14196,卖盘
193,14:45:15,10.93,--,1,1093,买盘
194,14:45:12,10.93,--,6,6558,买盘
195,14:45:09,10.93,0.01,39,43698,买盘
196,14:45:06,10.92,--,11,12012,卖盘
197,14:45:03,10.92,--,72,78624,卖盘
198,14:45:00,10.92,-0.01,21,22932,卖盘
199,14:44:57,10.93,--,1,1093,买盘
200,14:44:54,10.93,0.01,10,10930,买盘
201,14:44:51,10.92,-0.01,5,5460,卖盘
202,14:44:45,10.93,--,3,3279,买盘
203,14:44:42,10.93,--,15,16395,买盘
204,14:44:39,10.93,--,82,89626,买盘
205,14:44:33,10.93,-0.01,2,2186,买盘
206,14:44:30,10.94,--,14,15316,买盘
207,14:44:27,10.94,0.01,89,97366,买盘
208,14:44:24,10.93,--,1,1093,买盘
209,14:44:21,10.93,--,3,3279,买盘
210,14:44:18,10.93,--,17,18602,卖盘
211,14:44:15,10.93,-0.01,39,42627,卖盘
212,14:44:12,10.94,--,44,49208,买盘
213,14:44:09,10.94,--,78,85332,买盘
214,14:44:06,10.94,--,8,8752,买盘
215,14:44:03,10.94,--,43,47042,买盘
216,14:44:00,10.94,--,10,10940,买盘
217,14:43:57,10.94,--,5,5470,买盘
218,14:43:54,10.94,--,35,38290,买盘
219,14:43:51,10.94,0.02,13,14222,买盘
220,14:43:48,10.92,-0.02,84,91728,卖盘
221,14:43:45,10.94,0.01,2,2188,买盘
222,14:43:42,10.93,-0.01,10,10930,卖盘
223,14:43:39,10.94,--,29,31726,买盘
224,14:43:36,10.94,--,55,60170,买盘
225,14:43:33,10.94,0.02,44,48136,买盘
226,14:43:30,10.92,--,33,36767,买盘
227,14:43:27,10.92,--,5,5460,买盘
228,14:43:24,10.92,--,27,29484,买盘
229,14:43:21,10.92,--,60,65520,买盘
230,14:43:18,10.92,--,23,25116,买盘
231,14:43:15,10.92,-0.02,68,74594,卖盘
232,14:43:12,10.94,0.01,25,27350,买盘
233,14:43:09,10.93,--,123,134439,买盘
234,14:43:06,10.93,--,111,121323,买盘
235,14:43:03,10.93,--,3,3279,买盘
236,14:43:00,10.93,--,20,21860,买盘
237,14:42:45,10.93,--,2,2186,买盘
238,14:42:42,10.93,0.01,13,14963,买盘
239,14:42:39,10.92,--,131,143052,买盘
240,14:42:36,10.92,--,503,549276,买盘
241,14:42:33,10.92,--,15,16380,买盘
242,14:42:30,10.92,--,80,87360,买盘
243,14:42:27,10.92,0.01,47,51324,买盘
244,14:42:21,10.91,-0.01,42,46891,卖盘
245,14:42:18,10.92,--,1,1092,买盘
246,14:42:15,10.92,--,8,8736,买盘
247,14:42:12,10.92,--,29,31668,买盘
248,14:42:09,10.92,--,74,80808,买盘
249,14:42:06,10.92,--,21,22932,买盘
250,14:42:03,10.92,--,95,103740,买盘
251,14:42:00,10.92,--,7,7644,买盘
252,14:41:57,10.92,--,56,61152,买盘
253,14:41:54,10.92,--,468,511394,卖盘
254,14:41:51,10.92,-0.01,26,28392,卖盘
255,14:41:48,10.93,0.01,1,1093,买盘
256,14:41:45,10.92,--,8,8736,卖盘
257,14:41:42,10.92,-0.01,26,28392,卖盘
258,14:41:39,10.93,--,33,36069,买盘
259,14:41:36,10.93,--,103,112579,买盘
260,14:41:33,10.93,--,18,19674,买盘
261,14:41:30,10.93,0.01,152,166136,买盘
262,14:41:27,10.92,--,23,26186,卖盘
263,14:41:24,10.92,-0.01,7,7644,卖盘
264,14:41:21,10.93,--,2,2186,买盘
265,14:41:18,10.93,0.01,9,9837,买盘
266,14:41:15,10.92,--,78,85176,卖盘
267,14:41:12,10.92,--,41,44772,卖盘
268,14:41:09,10.92,--,33,36036,卖盘
269,14:41:06,10.92,--,102,111384,卖盘
270,14:41:03,10.92,--,13,14196,卖盘
271,14:41:00,10.92,-0.01,8,8736,卖盘
272,14:40:54,10.93,--,1,1093,买盘
273,14:40:51,10.93,--,6,6558,买盘
274,14:40:48,10.93,0.01,56,61208,买盘
275,14:40:45,10.92,--,65,70980,卖盘
276,14:40:42,10.92,-0.01,163,177996,卖盘
277,14:40:39,10.93,--,16,17488,买盘
278,14:40:36,10.93,--,49,53557,买盘
279,14:40:33,10.93,--,13,14209,买盘
280,14:40:30,10.93,0.01,90,98370,买盘
281,14:40:27,10.92,-0.01,23,26186,卖盘
282,14:40:24,10.93,--,12,13116,买盘
283,14:40:21,10.93,--,78,85254,卖盘
284,14:40:18,10.93,0.01,4,4372,买盘
285,14:40:15,10.92,--,9,9828,卖盘
286,14:40:12,10.92,-0.02,57,62244,卖盘
287,14:40:09,10.94,0.02,59,65574,买盘
288,14:40:06,10.92,-0.01,19,20748,卖盘
289,14:40:03,10.93,0.01,5,5465,买盘
290,14:40:00,10.92,-0.01,6,6552,卖盘
291,14:39:54,10.93,0.01,6,6558,买盘
292,14:39:51,10.92,-0.01,46,50232,卖盘
293,14:39:48,10.93,--,12,13116,买盘
294,14:39:45,10.93,--,28,30669,卖盘
295,14:39:42,10.93,-0.01,18,19674,卖盘
296,14:39:39,10.94,--,62,67828,买盘
297,14:39:36,10.94,--,9,9846,买盘
298,14:39:33,10.94,0.01,61,66734,买盘
299,14:39:30,10.93,-0.01,101,111464,卖盘
300,14:39:27,10.94,0.01,10,10940,买盘
301,14:39:24,10.93,-0.01,85,92905,卖盘
302,14:39:21,10.94,--,2,2188,买盘
303,14:39:18,10.94,0.01,15,16410,买盘
304,14:39:15,10.93,--,44,48802,卖盘
305,14:39:12,10.93,-0.01,15,16395,卖盘
306,14:39:09,10.94,--,43,47042,买盘
307,14:39:06,10.94,--,78,85332,买盘
308,14:39:03,10.94,--,16,17504,买盘
309,14:38:54,10.94,--,1,1094,买盘
310,14:38:51,10.94,--,7,7658,买盘
311,14:38:48,10.94,--,56,61264,买盘
312,14:38:45,10.94,--,12,13128,买盘
313,14:38:42,10.94,--,99,108306,买盘
314,14:38:39,10.94,--,32,35008,买盘
315,14:38:36,10.94,0.01,99,108306,买盘
316,14:38:33,10.93,--,9,9837,卖盘
317,14:38:30,10.93,-0.01,30,33861,卖盘
318,14:38:27,10.94,--,56,61264,买盘
319,14:38:24,10.94,--,84,91896,买盘
320,14:38:21,10.94,--,9,9846,买盘
321,14:38:18,10.94,--,10,10940,买盘
322,14:38:15,10.94,--,1,1094,买盘
323,14:38:12,10.94,--,11,12034,买盘
324,14:38:09,10.94,--,22,24068,买盘
325,14:38:06,10.94,--,76,83144,买盘
326,14:38:03,10.94,0.01,1,1094,买盘
327,14:38:00,10.93,-0.01,11,13061,卖盘
328,14:37:57,10.94,--,1,1094,买盘
329,14:37:54,10.94,0.01,11,12034,买盘
330,14:37:51,10.93,-0.01,95,103835,卖盘
331,14:37:45,10.94,--,1,1094,买盘
332,14:37:42,10.94,--,3,3282,买盘
333,14:37:39,10.94,-0.01,23,25162,中性盘
334,14:37:36,10.95,--,103,113858,买盘
335,14:37:33,10.95,--,44,48180,买盘
336,14:37:30,10.95,0.01,3,3285,买盘
337,14:37:27,10.94,--,30,32820,卖盘
338,14:37:24,10.94,-0.01,205,224270,卖盘
339,14:37:21,10.95,--,23,25185,买盘
340,14:37:12,10.95,--,2,2190,买盘
341,14:37:09,10.95,--,21,22995,买盘
342,14:37:06,10.95,0.01,78,85410,买盘
343,14:37:03,10.94,--,18,19779,卖盘
344,14:37:00,10.94,--,2,2188,买盘
345,14:36:57,10.94,-0.01,55,60170,卖盘
346,14:36:54,10.95,--,1,1095,买盘
347,14:36:51,10.95,0.02,9,9855,买盘
348,14:36:48,10.93,-0.01,74,81231,卖盘
349,14:36:45,10.94,-0.01,11,12034,卖盘
350,14:36:42,10.95,--,3,3285,买盘
351,14:36:39,10.95,--,28,30659,买盘
352,14:36:36,10.95,--,97,106215,买盘
353,14:36:33,10.95,--,5,5475,买盘
354,14:36:30,10.95,--,37,40515,买盘
355,14:36:27,10.95,--,25,27375,买盘
356,14:36:24,10.95,--,9,9855,买盘
357,14:36:21,10.95,--,11,12045,买盘
358,14:36:18,10.95,--,91,99645,买盘
359,14:36:15,10.95,--,40,43800,买盘
360,14:36:12,10.95,--,8,8760,买盘
361,14:36:09,10.95,--,66,72270,买盘
362,14:36:06,10.95,0.02,86,94170,买盘
363,14:36:03,10.93,--,82,89626,卖盘
364,14:36:00,10.93,-0.01,18,19750,卖盘
365,14:35:57,10.94,-0.01,11,12034,中性盘
366,14:35:54,10.95,0.02,12,13140,买盘
367,14:35:51,10.93,-0.02,105,115125,卖盘
368,14:35:45,10.95,0.01,1,1095,买盘
369,14:35:42,10.94,--,4,4376,买盘
370,14:35:39,10.94,-0.01,39,42666,卖盘
371,14:35:36,10.95,--,77,84315,买盘
372,14:35:33,10.95,--,6,6570,买盘
373,14:35:30,10.95,--,50,54750,买盘
374,14:35:27,10.95,0.01,2,2190,买盘
375,14:35:24,10.94,--,20,21880,买盘
376,14:35:21,10.94,--,1,1094,买盘
377,14:35:18,10.94,--,9,9846,买盘
378,14:35:15,10.94,--,71,77674,买盘
379,14:35:12,10.94,-0.01,3,3282,买盘
380,14:35:09,10.95,--,26,28469,买盘
381,14:35:06,10.95,0.01,98,107397,买盘
382,14:35:03,10.94,-0.01,15,16410,卖盘
383,14:35:00,10.95,--,8,8760,买盘
384,14:34:57,10.95,--,65,71175,买盘
385,14:34:54,10.95,0.01,13,14234,买盘
386,14:34:51,10.94,-0.01,109,119617,卖盘
387,14:34:48,10.95,--,1,1095,买盘
388,14:34:42,10.95,--,3,3285,买盘
389,14:34:39,10.95,--,18,19710,买盘
390,14:34:36,10.95,--,77,84315,买盘
391,14:34:33,10.95,0.01,5,5475,买盘
392,14:34:30,10.94,-0.01,40,43760,卖盘
393,14:34:24,10.95,--,4,4380,买盘
394,14:34:21,10.95,--,36,39420,买盘
395,14:34:18,10.95,--,1,1095,买盘
396,14:34:15,10.95,--,11,12045,买盘
397,14:34:12,10.95,--,89,97455,买盘
398,14:34:09,10.95,--,33,36222,买盘
399,14:34:00,10.95,--,4,4380,买盘
400,14:33:57,10.95,0.02,35,38325,买盘
401,14:33:54,10.93,-0.02,169,185077,卖盘
402,14:33:48,10.95,0.01,1,1095,买盘
403,14:33:45,10.94,-0.01,8,8752,卖盘
404,14:33:42,10.95,--,13,14234,买盘
405,14:33:39,10.95,--,100,109500,买盘
406,14:33:30,10.95,0.01,2,2190,买盘
407,14:33:27,10.94,-0.01,11,12034,卖盘
408,14:33:24,10.95,--,49,53655,买盘
409,14:33:21,10.95,--,76,83220,买盘
410,14:33:18,10.95,-0.01,398,435810,卖盘
411,14:33:12,10.96,--,4,4384,买盘
412,14:33:09,10.96,0.01,34,37351,买盘
413,14:33:06,10.95,0.01,11,12045,买盘
414,14:33:03,10.94,0.01,2,2188,买盘
415,14:33:00,10.93,-0.02,106,116229,卖盘
416,14:32:57,10.95,-0.01,3,3285,买盘
417,14:32:54,10.96,0.03,25,27400,买盘
418,14:32:51,10.93,--,2,2186,卖盘
419,14:32:48,10.93,-0.03,10,10930,卖盘
420,14:32:45,10.96,--,1,1096,买盘
421,14:32:42,10.96,--,9,9864,买盘
422,14:32:39,10.96,0.03,75,82200,买盘
423,14:32:36,10.93,-0.02,11,12023,卖盘
424,14:32:33,10.95,--,22,24090,买盘
425,14:32:27,10.95,--,1,1095,买盘
426,14:32:24,10.95,--,3,3285,卖盘
427,14:32:21,10.95,-0.01,15,16425,卖盘
428,14:32:18,10.96,0.03,46,50416,买盘
429,14:32:15,10.93,--,137,150746,卖盘
430,14:32:12,10.93,-0.03,47,51458,卖盘
431,14:32:09,10.96,0.01,379,415384,买盘
432,14:32:06,10.95,--,32,35040,买盘
433,14:32:03,10.95,--,3,3285,买盘
434,14:32:00,10.95,--,14,15329,买盘
435,14:31:57,10.95,--,115,126286,买盘
436,14:31:54,10.95,0.02,37,40515,买盘
437,14:31:51,10.93,-0.01,41,44813,卖盘
438,14:31:48,10.94,--,1,1094,买盘
439,14:31:45,10.94,--,4,4376,买盘
440,14:31:42,10.94,--,35,38290,买盘
441,14:31:39,10.94,--,46,50324,买盘
442,14:31:33,10.94,--,2,2188,买盘
443,14:31:30,10.94,-0.01,11,12034,中性盘
444,14:31:24,10.95,--,1,1095,买盘
445,14:31:21,10.95,--,13,14234,买盘
446,14:31:18,10.95,0.01,103,113244,买盘
447,14:31:15,10.94,--,10,10940,买盘
448,14:31:12,10.94,--,86,94160,买盘
449,14:31:09,10.94,-0.01,155,170204,卖盘
450,14:31:06,10.95,0.01,14,15329,买盘
451,14:31:03,10.94,-0.01,110,120711,卖盘
452,14:31:00,10.95,-0.01,2,2190,中性盘
453,14:30:51,10.96,0.02,1,1096,买盘
454,14:30:48,10.94,--,8,8752,卖盘
455,14:30:45,10.94,-0.02,17,18598,卖盘
456,14:30:42,10.96,--,2,2192,买盘
457,14:30:39,10.96,--,10,10960,买盘
458,14:30:33,10.96,--,1,1096,买盘
459,14:30:30,10.96,--,5,5480,买盘
460,14:30:27,10.96,0.01,45,49320,买盘
461,14:30:21,10.95,-0.01,2,2190,买盘
462,14:30:18,10.96,--,10,10960,买盘
463,14:30:15,10.96,0.02,77,84392,买盘
464,14:30:12,10.94,-0.01,21,23061,卖盘
465,14:30:09,10.95,--,12,13140,买盘
466,14:30:06,10.95,0.01,14,15329,买盘
467,14:30:03,10.94,0.01,114,125077,中性盘
468,14:30:00,10.93,--,31,33883,买盘
469,14:29:57,10.93,--,2,2186,买盘
470,14:29:54,10.93,-0.01,19,20767,卖盘
471,14:29:51,10.94,0.02,17,18598,买盘
472,14:29:48,10.92,-0.01,72,78624,卖盘
473,14:29:42,10.93,--,3,3279,买盘
474,14:29:39,10.93,--,20,21860,买盘
475,14:29:30,10.93,-0.01,1,1093,中性盘
476,14:29:24,10.94,--,1,1094,买盘
477,14:29:21,10.94,--,7,7658,买盘
478,14:29:18,10.94,0.01,52,57894,买盘
479,14:29:15,10.93,-0.01,23,25226,卖盘
480,14:29:12,10.94,--,51,55794,买盘
481,14:29:09,10.94,-0.01,22,24068,卖盘
482,14:29:06,10.95,--,82,89790,卖盘
483,14:29:03,10.95,--,11,12045,买盘
484,14:29:00,10.95,0.01,17,18615,买盘
485,14:28:57,10.94,-0.01,24,26256,中性盘
486,14:28:54,10.95,0.02,14,15329,买盘
487,14:28:51,10.93,-0.02,49,53557,卖盘
488,14:28:48,10.95,-0.01,5,5475,中性盘
489,14:28:45,10.96,--,17,18632,买盘
490,14:28:42,10.96,0.01,32,35072,买盘
491,14:28:39,10.95,--,111,121544,买盘
492,14:28:36,10.95,--,1,1095,买盘
493,14:28:33,10.95,--,5,5475,买盘
494,14:28:27,10.95,0.02,2,2190,买盘
495,14:28:24,10.93,-0.02,3,3279,中性盘
496,14:28:21,10.95,--,11,12045,买盘
497,14:28:18,10.95,--,43,47172,买盘
498,14:28:15,10.95,--,94,102930,买盘
499,14:28:12,10.95,--,46,50370,买盘
500,14:28:09,10.95,0.03,90,99426,买盘
501,14:28:06,10.92,-0.03,126,137952,卖盘
502,14:28:03,10.95,0.01,76,83220,买盘
503,14:28:00,10.94,--,2,2188,买盘
504,14:27:57,10.94,--,4,4376,买盘
505,14:27:54,10.94,--,19,20786,买盘
506,14:27:51,10.94,-0.01,70,76580,卖盘
507,14:27:48,10.95,--,2,2190,买盘
508,14:27:45,10.95,0.01,10,10950,买盘
509,14:27:42,10.94,--,62,67828,买盘
510,14:27:39,10.94,--,44,48136,买盘
511,14:27:36,10.94,0.01,7,7658,中性盘
512,14:27:27,10.93,-0.02,2,2186,卖盘
513,14:27:24,10.95,0.02,12,13140,买盘
514,14:27:18,10.93,--,17,18668,卖盘
515,14:27:15,10.93,-0.01,45,49185,卖盘
516,14:27:12,10.94,-0.01,105,115241,卖盘
517,14:27:09,10.95,--,64,70080,买盘
518,14:27:03,10.95,0.01,91,99645,买盘
519,14:27:00,10.94,-0.01,10,10940,卖盘
520,14:26:57,10.95,--,5,5475,买盘
521,14:26:45,10.95,--,3,3285,买盘
522,14:26:42,10.95,--,1,1095,买盘
523,14:26:39,10.95,--,10,10950,买盘
524,14:26:30,10.95,0.01,1,1095,买盘
525,14:26:27,10.94,-0.01,46,50324,中性盘
526,14:26:21,10.95,0.02,10,10950,买盘
527,14:26:18,10.93,-0.02,17,18657,卖盘
528,14:26:15,10.95,0.01,120,131761,买盘
529,14:26:12,10.94,-0.01,50,54700,卖盘
530,14:26:09,10.95,--,24,26280,买盘
531,14:26:06,10.95,0.02,109,119354,买盘
532,14:26:03,10.93,-0.01,221,241553,卖盘
533,14:25:57,10.94,0.01,96,105024,买盘
534,14:25:48,10.93,-0.01,5,5465,卖盘
535,14:25:45,10.94,--,53,57982,买盘
536,14:25:39,10.94,0.01,38,42425,买盘
537,14:25:36,10.93,0.01,13,14209,买盘
538,14:25:30,10.92,-0.01,48,52416,卖盘
539,14:25:24,10.93,0.01,16,17488,买盘
540,14:25:21,10.92,-0.01,28,30663,卖盘
541,14:25:18,10.93,0.01,12,13116,买盘
542,14:25:12,10.92,--,19,20748,卖盘
543,14:25:09,10.92,-0.01,143,156527,卖盘
544,14:25:06,10.93,0.01,51,55743,买盘
545,14:25:00,10.92,-0.01,4,4368,卖盘
546,14:24:57,10.93,--,93,101649,买盘
547,14:24:45,10.93,0.01,2,2186,买盘
548,14:24:42,10.92,-0.01,57,62244,卖盘
549,14:24:39,10.93,--,119,130067,买盘
550,14:24:36,10.93,0.01,22,24046,买盘
551,14:24:33,10.92,--,11,12012,卖盘
552,14:24:24,10.92,-0.01,17,18651,卖盘
553,14:24:21,10.93,0.01,3,3279,买盘
554,14:24:18,10.92,-0.01,105,115020,卖盘
555,14:24:09,10.93,--,21,22953,买盘
556,14:24:06,10.93,-0.01,650,710690,卖盘
557,14:24:03,10.94,--,1,1094,买盘
558,14:23:57,10.94,--,78,85332,买盘
559,14:23:54,10.94,--,24,26256,卖盘
560,14:23:48,10.94,-0.01,40,43760,卖盘
561,14:23:45,10.95,0.01,41,44895,买盘
562,14:23:42,10.94,--,4,4376,买盘
563,14:23:39,10.94,--,9,9846,买盘
564,14:23:33,10.94,0.01,3,3282,买盘
565,14:23:27,10.93,-0.01,82,89713,卖盘
566,14:23:24,10.94,0.01,2,2188,买盘
567,14:23:21,10.93,--,2,2186,卖盘
568,14:23:15,10.93,--,105,115136,卖盘
569,14:23:12,10.93,-0.02,10,10930,卖盘
570,14:23:09,10.95,--,10,10950,买盘
571,14:23:06,10.95,--,11,12045,买盘
572,14:23:03,10.95,--,43,47085,买盘
573,14:23:00,10.95,0.02,77,84315,买盘
574,14:22:57,10.93,--,3,3279,卖盘
575,14:22:51,10.93,-0.02,10,10930,卖盘
576,14:22:45,10.95,--,3,3285,买盘
577,14:22:42,10.95,--,1,1095,买盘
578,14:22:39,10.95,0.02,80,87600,买盘
579,14:22:33,10.93,--,5,5465,卖盘
580,14:22:24,10.93,-0.02,17,18668,卖盘
581,14:22:12,10.95,--,6,6570,买盘
582,14:22:09,10.95,0.01,10,10950,买盘
583,14:22:06,10.94,-0.01,2,2188,卖盘
584,14:22:03,10.95,--,45,49275,买盘
585,14:21:57,10.95,0.01,151,165345,买盘
586,14:21:54,10.94,--,5,5470,卖盘
587,14:21:48,10.94,--,21,22974,卖盘
588,14:21:45,10.94,--,29,32765,买盘
589,14:21:42,10.94,--,13,14222,买盘
590,14:21:39,10.94,--,19,20786,买盘
591,14:21:36,10.94,--,11,12034,买盘
592,14:21:33,10.94,--,3,3282,买盘
593,14:21:30,10.94,--,17,18740,卖盘
594,14:21:27,10.94,-0.01,22,24068,卖盘
595,14:21:24,10.95,--,12,13140,买盘
596,14:21:21,10.95,0.01,38,42562,买盘
597,14:21:15,10.94,--,41,44854,卖盘
598,14:21:12,10.94,-0.01,5,5470,卖盘
599,14:21:09,10.95,--,9,9855,买盘
600,14:21:06,10.95,--,1,1095,买盘
601,14:21:03,10.95,-0.01,39,42705,中性盘
602,14:20:57,10.96,0.02,81,88776,买盘
603,14:20:54,10.94,-0.02,50,54700,卖盘
604,14:20:51,10.96,0.02,25,27400,买盘
605,14:20:48,10.94,--,34,37196,卖盘
606,14:20:45,10.94,-0.01,65,71110,卖盘
607,14:20:42,10.95,-0.01,279,305505,卖盘
608,14:20:39,10.96,0.01,15,16440,买盘
609,14:20:36,10.95,0.01,25,27375,买盘
610,14:20:33,10.94,--,3,3282,卖盘
611,14:20:30,10.94,--,17,18674,卖盘
612,14:20:27,10.94,--,1,1094,卖盘
613,14:20:24,10.94,-0.01,93,102682,卖盘
614,14:20:15,10.95,0.01,15,16425,买盘
615,14:20:12,10.94,-0.02,29,31726,卖盘
616,14:20:09,10.96,0.02,9,9864,买盘
617,14:20:06,10.94,-0.02,10,10940,卖盘
618,14:20:03,10.96,--,41,44936,买盘
619,14:20:00,10.96,--,6,6576,买盘
620,14:19:57,10.96,0.02,80,87680,买盘
621,14:19:54,10.94,--,1,1094,卖盘
622,14:19:51,10.94,--,5,5470,卖盘
623,14:19:48,10.94,-0.01,117,127998,卖盘
624,14:19:45,10.95,0.01,6,6570,买盘
625,14:19:42,10.94,-0.01,56,61264,卖盘
626,14:19:39,10.95,--,10,10950,买盘
627,14:19:36,10.95,0.01,9,9855,买盘
628,14:19:33,10.94,--,55,61209,卖盘
629,14:19:24,10.94,-0.01,100,109400,卖盘
630,14:19:21,10.95,0.01,5,5475,买盘
631,14:19:15,10.94,-0.01,20,21880,卖盘
632,14:19:09,10.95,0.01,13,14234,买盘
633,14:19:06,10.94,--,227,249246,买盘
634,14:19:03,10.94,--,11,12034,买盘
635,14:19:00,10.94,--,182,199108,买盘
636,14:18:57,10.94,--,19,20786,买盘
637,14:18:54,10.94,-0.01,538,588757,卖盘
638,14:18:51,10.95,--,156,170820,卖盘
639,14:18:45,10.95,-0.01,69,75555,卖盘
640,14:18:42,10.96,--,1,1096,买盘
641,14:18:39,10.96,0.02,15,16440,买盘
642,14:18:36,10.94,-0.02,17,18685,卖盘
643,14:18:30,10.96,0.02,3,3288,买盘
644,14:18:27,10.94,-0.01,57,63298,卖盘
645,14:18:24,10.95,--,8,8760,买盘
646,14:18:12,10.95,-0.01,5,5475,中性盘
647,14:18:09,10.96,0.02,9,9864,买盘
648,14:18:06,10.94,--,22,24068,卖盘
649,14:18:00,10.94,-0.03,91,99554,卖盘
650,14:17:57,10.97,--,43,47171,买盘
651,14:17:54,10.97,--,5,5485,买盘
652,14:17:51,10.97,--,77,84469,买盘
653,14:17:45,10.97,0.03,53,58141,买盘
654,14:17:42,10.94,-0.03,68,74392,卖盘
655,14:17:39,10.97,0.03,28,30716,买盘
656,14:17:36,10.94,-0.01,22,24155,卖盘
657,14:17:33,10.95,0.01,30,32850,买盘
658,14:17:30,10.94,-0.01,49,54557,卖盘
659,14:17:21,10.95,--,1,1095,买盘
660,14:17:18,10.95,-0.02,15,16425,卖盘
661,14:17:09,10.97,0.02,16,17552,买盘
662,14:17:06,10.95,--,7,7664,卖盘
663,14:17:03,10.95,--,42,45990,卖盘
664,14:17:00,10.95,-0.02,27,29564,卖盘
665,14:16:54,10.97,--,56,61432,买盘
666,14:16:51,10.97,0.02,76,83372,买盘
667,14:16:48,10.95,--,6,6570,卖盘
668,14:16:45,10.95,-0.02,13,14234,中性盘
669,14:16:39,10.97,--,99,108690,买盘
670,14:16:36,10.97,0.01,105,116128,买盘
671,14:16:30,10.96,--,5,5480,买盘
672,14:16:27,10.96,0.03,5,5480,买盘
673,14:16:24,10.93,-0.01,164,180202,卖盘
674,14:16:18,10.94,-0.02,3,3282,卖盘
675,14:16:09,10.96,0.02,9,9864,中性盘
676,14:16:06,10.94,0.01,27,29538,买盘
677,14:16:03,10.93,--,13,14209,卖盘
678,14:15:54,10.93,-0.04,72,78696,卖盘
679,14:15:51,10.97,--,12,13164,卖盘
680,14:15:48,10.97,0.04,59,64723,买盘
681,14:15:45,10.93,-0.01,118,128974,卖盘
682,14:15:42,10.94,--,1,1094,买盘
683,14:15:39,10.94,0.01,9,9846,中性盘
684,14:15:36,10.93,-0.01,17,18657,卖盘
685,14:15:33,10.94,--,4,4376,卖盘
686,14:15:30,10.94,0.01,94,103415,买盘
687,14:15:27,10.93,--,58,63394,卖盘
688,14:15:24,10.93,-0.01,32,35915,卖盘
689,14:15:21,10.94,0.01,1,1094,买盘
690,14:15:18,10.93,-0.01,3,3279,卖盘
691,14:15:15,10.94,-0.03,21,23488,卖盘
692,14:15:12,10.97,--,33,37144,买盘
693,14:15:09,10.97,0.03,10,10970,买盘
694,14:15:06,10.94,--,2,2188,卖盘
695,14:14:57,10.94,-0.01,70,77520,卖盘
696,14:14:54,10.95,--,22,24090,卖盘
697,14:14:51,10.95,--,24,26280,卖盘
698,14:14:48,10.95,-0.02,4,4380,卖盘
699,14:14:45,10.97,0.01,180,197460,买盘
700,14:14:42,10.96,0.01,23,25208,买盘
701,14:14:39,10.95,--,26,28557,卖盘
702,14:14:27,10.95,--,1,1095,卖盘
703,14:14:24,10.95,--,1,1095,卖盘
704,14:14:18,10.95,--,200,219000,卖盘
705,14:14:15,10.95,--,98,107310,卖盘
706,14:14:12,10.95,-0.02,42,45990,卖盘
707,14:14:09,10.97,0.01,10,10970,买盘
708,14:14:03,10.96,0.01,1,1096,中性盘
709,14:13:57,10.95,-0.03,32,35992,卖盘
710,14:13:51,10.98,0.03,112,122976,买盘
711,14:13:48,10.95,-0.03,58,63718,卖盘
712,14:13:45,10.98,0.01,182,199836,买盘
713,14:13:42,10.97,-0.01,247,271046,卖盘
714,14:13:39,10.98,0.01,59,64782,买盘
715,14:13:36,10.97,--,16,17552,卖盘
716,14:13:33,10.97,0.02,96,106112,买盘
717,14:13:30,10.95,-0.01,50,54750,卖盘
718,14:13:21,10.96,0.01,1,1096,买盘
719,14:13:18,10.95,--,121,132495,卖盘
720,14:13:15,10.95,--,59,64604,卖盘
721,14:13:12,10.95,-0.01,98,107310,卖盘
722,14:13:09,10.96,0.01,75,82200,买盘
723,14:13:06,10.95,-0.01,2,2190,卖盘
724,14:13:03,10.96,0.01,4,4384,买盘
725,14:13:00,10.95,--,32,35981,卖盘
726,14:12:57,10.95,-0.01,16,17520,卖盘
727,14:12:51,10.96,--,21,23016,买盘
728,14:12:48,10.96,--,37,40552,买盘
729,14:12:42,10.96,--,105,115375,卖盘
730,14:12:39,10.96,--,13,14248,卖盘
731,14:12:33,10.96,--,21,23016,卖盘
732,14:12:30,10.96,--,1,1096,卖盘
733,14:12:27,10.96,--,7,7672,卖盘
734,14:12:24,10.96,--,69,75624,卖盘
735,14:12:21,10.96,--,21,23016,卖盘
736,14:12:18,10.96,-0.01,12,13152,卖盘
737,14:12:15,10.97,0.01,10,10970,买盘
738,14:12:12,10.96,-0.01,109,119464,卖盘
739,14:12:09,10.97,--,10,10970,中性盘
740,14:12:03,10.97,0.01,37,41543,中性盘
741,14:12:00,10.96,--,4,4384,卖盘
742,14:11:51,10.96,-0.01,68,74528,卖盘
743,14:11:45,10.97,0.01,5,5485,中性盘
744,14:11:42,10.96,-0.02,111,121656,卖盘
745,14:11:39,10.98,0.02,98,107604,买盘
746,14:11:36,10.96,--,33,36168,卖盘
747,14:11:33,10.96,--,3,3288,卖盘
748,14:11:30,10.96,--,100,109600,卖盘
749,14:11:27,10.96,--,15,16440,卖盘
750,14:11:18,10.96,--,14,15344,卖盘
751,14:11:12,10.96,-0.01,98,107408,卖盘
752,14:11:09,10.97,0.01,9,9873,买盘
753,14:11:06,10.96,--,1,1096,卖盘
754,14:11:03,10.96,--,62,68894,卖盘
755,14:10:51,10.96,-0.01,36,39456,卖盘
756,14:10:45,10.97,0.01,196,215012,买盘
757,14:10:42,10.96,--,51,55896,买盘
758,14:10:39,10.96,-0.01,144,157824,买盘
759,14:10:27,10.97,--,127,140108,买盘
760,14:10:24,10.97,--,3,3291,买盘
761,14:10:21,10.97,0.01,7,7679,买盘
762,14:10:18,10.96,-0.01,11,12056,卖盘
763,14:10:12,10.97,0.01,29,31813,买盘
764,14:10:09,10.96,--,63,69354,买盘
765,14:10:06,10.96,-0.01,59,65310,卖盘
766,14:10:03,10.97,-0.01,106,116282,卖盘
767,14:10:00,10.98,0.01,27,29646,买盘
768,14:09:57,10.97,--,468,513396,买盘
769,14:09:54,10.97,--,79,86663,买盘
770,14:09:48,10.97,0.01,52,57044,买盘
771,14:09:45,10.96,--,5,5480,卖盘
772,14:09:42,10.96,-0.01,1,1096,卖盘
773,14:09:39,10.97,0.01,417,457449,买盘
774,14:09:36,10.96,--,6,6576,卖盘
775,14:09:33,10.96,--,4,4384,卖盘
776,14:09:27,10.96,-0.01,11,12056,卖盘
777,14:09:21,10.97,0.01,1,1097,买盘
778,14:09:18,10.96,--,11,12812,卖盘
779,14:09:15,10.96,--,37,40552,卖盘
780,14:09:09,10.96,-0.01,106,117118,卖盘
781,14:09:06,10.97,0.01,10,10970,买盘
782,14:09:03,10.96,--,10,10960,卖盘
783,14:09:00,10.96,--,1,1096,卖盘
784,14:08:54,10.96,--,11,12056,卖盘
785,14:08:51,10.96,-0.02,31,33976,卖盘
786,14:08:48,10.98,0.01,6,6588,买盘
787,14:08:45,10.97,--,1,1097,卖盘
788,14:08:42,10.97,--,49,53753,买盘
789,14:08:39,10.97,--,119,131486,买盘
790,14:08:33,10.97,-0.01,186,204042,卖盘
791,14:08:30,10.98,0.01,1,1098,买盘
792,14:08:24,10.97,-0.01,15,16455,卖盘
793,14:08:18,10.98,0.01,9,9882,买盘
794,14:08:15,10.97,--,24,26328,卖盘
795,14:08:12,10.97,-0.01,150,164550,卖盘
796,14:08:09,10.98,0.01,9,9882,买盘
797,14:08:03,10.97,--,125,137125,卖盘
798,14:08:00,10.97,--,60,65820,卖盘
799,14:07:54,10.97,--,8,8776,卖盘
800,14:07:51,10.97,-0.01,6,6582,卖盘
801,14:07:48,10.98,0.01,8,8784,买盘
802,14:07:45,10.97,--,17,18649,卖盘
803,14:07:42,10.97,-0.01,50,54850,卖盘
804,14:07:39,10.98,--,15,16470,买盘
805,14:07:36,10.98,0.01,4,4392,买盘
806,14:07:33,10.97,--,84,92148,卖盘
807,14:07:18,10.97,-0.01,14,15358,卖盘
808,14:07:09,10.98,0.01,9,9882,买盘
809,14:07:06,10.97,-0.02,201,220497,卖盘
810,14:07:03,10.99,0.01,1,1099,买盘
811,14:07:00,10.98,--,50,54900,卖盘
812,14:06:57,10.98,-0.01,10,10980,卖盘
813,14:06:54,10.99,--,320,351680,买盘
814,14:06:48,10.99,0.01,38,41762,买盘
815,14:06:45,10.98,-0.01,27,29646,卖盘
816,14:06:42,10.99,--,1,1099,买盘
817,14:06:39,10.99,--,51,56049,买盘
818,14:06:33,10.99,0.01,79,86821,买盘
819,14:06:30,10.98,-0.01,5,5490,卖盘
820,14:06:18,10.99,0.01,8,8792,中性盘
821,14:06:15,10.98,-0.02,11,12078,卖盘
822,14:06:09,11.0,0.02,9,9900,买盘
823,14:06:06,10.98,--,1,1098,卖盘
824,14:06:03,10.98,-0.02,39,42822,卖盘
825,14:05:48,11.0,0.02,8,8800,买盘
826,14:05:45,10.98,-0.02,10,10980,卖盘
827,14:05:39,11.0,--,9,9900,买盘
828,14:05:36,11.0,--,48,52800,买盘
829,14:05:33,11.0,--,8,8800,买盘
830,14:05:30,11.0,--,73,80300,买盘
831,14:05:27,11.0,0.01,57,62700,买盘
832,14:05:24,10.99,--,23,25277,卖盘
833,14:05:21,10.99,-0.01,23,25277,卖盘
834,14:05:18,11.0,--,106,116600,买盘
835,14:05:09,11.0,0.01,68,74800,买盘
836,14:05:06,10.99,-0.01,12,13188,卖盘
837,14:05:03,11.0,0.01,56,61600,买盘
838,14:05:00,10.99,--,20,21980,卖盘
839,14:04:57,10.99,-0.01,10,10990,卖盘
840,14:04:54,11.0,0.01,31,34100,买盘
841,14:04:51,10.99,-0.01,7,7693,卖盘
842,14:04:48,11.0,0.01,8,8800,买盘
843,14:04:45,10.99,--,5,5495,卖盘
844,14:04:42,10.99,-0.01,1,1099,卖盘
845,14:04:39,11.0,--,155,170500,买盘
846,14:04:36,11.0,0.01,50,55000,买盘
847,14:04:33,10.99,--,17,18683,卖盘
848,14:04:30,10.99,--,30,32970,卖盘
849,14:04:27,10.99,--,83,91217,卖盘
850,14:04:21,10.99,-0.01,50,54950,卖盘
851,14:04:18,11.0,--,8,8800,买盘
852,14:04:15,11.0,--,2,2200,买盘
853,14:04:09,11.0,0.01,20,22000,买盘
854,14:04:06,10.99,--,6,6594,卖盘
855,14:04:03,10.99,--,13,14287,卖盘
856,14:04:00,10.99,--,50,54950,卖盘
857,14:03:57,10.99,--,5,5495,卖盘
858,14:03:54,10.99,--,5,5495,卖盘
859,14:03:51,10.99,--,9,9891,卖盘
860,14:03:48,10.99,-0.01,12,13188,卖盘
861,14:03:45,11.0,0.02,55,60500,买盘
862,14:03:42,10.98,-0.02,489,536922,卖盘
863,14:03:39,11.0,0.01,19,20900,买盘
864,14:03:36,10.99,--,348,382452,买盘
865,14:03:33,10.99,--,116,127484,买盘
866,14:03:27,10.99,0.01,131,143969,买盘
867,14:03:24,10.98,-0.01,30,32940,卖盘
868,14:03:18,10.99,0.01,101,110999,买盘
869,14:03:15,10.98,-0.01,3,3294,卖盘
870,14:03:09,10.99,--,34,37366,买盘
871,14:03:06,10.99,--,11,12089,买盘
872,14:03:03,10.99,--,1,1099,买盘
873,14:03:00,10.99,0.01,8,8792,买盘
874,14:02:57,10.98,-0.01,10,10980,卖盘
875,14:02:48,10.99,--,8,8792,买盘
876,14:02:42,10.99,--,5,5495,买盘
877,14:02:39,10.99,--,9,9891,买盘
878,14:02:36,10.99,0.01,36,39564,买盘
879,14:02:33,10.98,-0.01,10,10980,卖盘
880,14:02:30,10.99,--,86,94514,买盘
881,14:02:24,10.99,--,10,10990,买盘
882,14:02:18,10.99,--,21,23079,买盘
883,14:02:15,10.99,--,5,5495,卖盘
884,14:02:12,10.99,--,46,50554,买盘
885,14:02:09,10.99,--,10,10990,买盘
886,14:02:06,10.99,0.01,3,3297,买盘
887,14:02:00,10.98,-0.02,12,13176,卖盘
888,14:01:54,11.0,0.01,103,113300,买盘
889,14:01:48,10.99,-0.01,9,9891,中性盘
890,14:01:45,11.0,0.01,47,51700,买盘
891,14:01:39,10.99,-0.01,9,9891,中性盘
892,14:01:30,11.0,0.01,43,47300,买盘
893,14:01:24,10.99,-0.01,92,101108,卖盘
894,14:01:21,11.0,--,13,14300,买盘
895,14:01:18,11.0,0.01,326,358600,买盘
896,14:01:09,10.99,0.01,37,40663,买盘
897,14:01:06,10.98,--,7,7686,买盘
898,14:01:00,10.98,--,76,83448,卖盘
899,14:00:57,10.98,--,100,109800,卖盘
900,14:00:45,10.98,-0.01,22,24156,卖盘
901,14:00:42,10.99,--,11,12089,买盘
902,14:00:39,10.99,--,10,10990,买盘
903,14:00:33,10.99,0.01,5,5495,买盘
904,14:00:30,10.98,-0.02,68,74664,卖盘
905,14:00:27,11.0,0.02,121,133100,买盘
906,14:00:24,10.98,--,1,1098,卖盘
907,14:00:21,10.98,-0.01,4,4392,卖盘
908,14:00:15,10.99,0.01,2,2198,买盘
909,14:00:12,10.98,-0.01,167,183366,卖盘
910,14:00:09,10.99,--,9,9891,买盘
911,14:00:03,10.99,0.01,22,24178,买盘
912,13:59:51,10.98,-0.01,21,23058,卖盘
913,13:59:48,10.99,0.01,4,4396,买盘
914,13:59:45,10.98,--,10,10980,卖盘
915,13:59:42,10.98,-0.01,100,109800,卖盘
916,13:59:39,10.99,--,12,13188,买盘
917,13:59:27,10.99,0.01,148,162652,买盘
918,13:59:24,10.98,-0.01,4,4392,卖盘
919,13:59:21,10.99,--,99,108801,买盘
920,13:59:18,10.99,--,3,3297,买盘
921,13:59:15,10.99,0.01,2,2198,买盘
922,13:59:12,10.98,-0.01,72,79056,卖盘
923,13:59:09,10.99,--,9,9891,买盘
924,13:59:06,10.99,--,18,19782,买盘
925,13:59:03,10.99,--,18,19782,买盘
926,13:59:00,10.99,--,7,7693,买盘
927,13:58:57,10.99,--,18,19782,买盘
928,13:58:54,10.99,--,8,8792,买盘
929,13:58:51,10.99,--,80,87920,买盘
930,13:58:48,10.99,--,1,1099,买盘
931,13:58:45,10.99,--,2,2198,买盘
932,13:58:42,10.99,--,1,1099,买盘
933,13:58:39,10.99,--,10,10990,买盘
934,13:58:27,10.99,--,38,41762,买盘
935,13:58:24,10.99,0.01,27,29673,买盘
936,13:58:21,10.98,--,86,94428,卖盘
937,13:58:15,10.98,-0.01,22,24156,卖盘
938,13:58:09,10.99,--,71,78029,买盘
939,13:58:03,10.99,--,1,1099,买盘
940,13:58:00,10.99,0.01,52,57148,买盘
941,13:57:57,10.98,--,10,10980,买盘
942,13:57:54,10.98,--,5,5490,中性盘
943,13:57:48,10.98,0.01,28,30744,买盘
944,13:57:42,10.97,-0.01,4,4388,卖盘
945,13:57:39,10.98,--,10,10980,买盘
946,13:57:36,10.98,0.01,43,47214,买盘
947,13:57:33,10.97,-0.01,47,51559,卖盘
948,13:57:24,10.98,--,42,46116,买盘
949,13:57:21,10.98,0.01,92,101016,买盘
950,13:57:18,10.97,-0.01,8,8776,卖盘
951,13:57:12,10.98,0.01,2,2196,买盘
952,13:57:09,10.97,-0.01,12,13164,卖盘
953,13:57:06,10.98,0.01,1,1098,买盘
954,13:56:51,10.97,--,10,10970,卖盘
955,13:56:48,10.97,--,11,12067,卖盘
956,13:56:45,10.97,--,14,15358,卖盘
957,13:56:39,10.97,-0.01,24,26328,卖盘
958,13:56:36,10.98,0.01,10,10980,买盘
959,13:56:33,10.97,--,53,58141,卖盘
960,13:56:24,10.97,-0.01,21,23037,卖盘
961,13:56:21,10.98,--,36,39528,买盘
962,13:56:18,10.98,--,53,58194,买盘
963,13:56:15,10.98,--,86,94428,买盘
964,13:56:09,10.98,--,369,405162,买盘
965,13:56:06,10.98,--,2,2196,买盘
966,13:56:03,10.98,--,96,105408,买盘
967,13:56:00,10.98,--,143,157014,买盘
968,13:55:54,10.98,--,10,10980,买盘
969,13:55:51,10.98,--,10,10980,买盘
970,13:55:45,10.98,0.01,10,10980,买盘
971,13:55:42,10.97,-0.01,42,46074,卖盘
972,13:55:39,10.98,0.01,11,12078,买盘
973,13:55:36,10.97,--,29,31813,卖盘
974,13:55:30,10.97,-0.01,1,1097,卖盘
975,13:55:24,10.98,--,1,1098,买盘
976,13:55:21,10.98,--,44,48312,买盘
977,13:55:18,10.98,--,88,96624,买盘
978,13:55:12,10.98,--,76,83448,买盘
979,13:55:09,10.98,--,10,10980,买盘
980,13:55:06,10.98,--,4,4392,买盘
981,13:55:03,10.98,--,2,2196,买盘
982,13:55:00,10.98,0.01,12,13176,买盘
983,13:54:57,10.97,--,45,49365,卖盘
984,13:54:54,10.97,--,528,579216,卖盘
985,13:54:51,10.97,--,9,9873,卖盘
986,13:54:45,10.97,--,50,54850,卖盘
987,13:54:42,10.97,-0.01,10,10970,卖盘
988,13:54:39,10.98,0.01,89,97722,买盘
989,13:54:36,10.97,--,14,15358,卖盘
990,13:54:33,10.97,-0.01,116,127252,卖盘
991,13:54:21,10.98,--,133,146034,买盘
992,13:54:15,10.98,--,14,15372,买盘
993,13:54:12,10.98,--,71,77958,买盘
994,13:54:09,10.98,--,40,43920,买盘
995,13:54:06,10.98,--,10,10980,买盘
996,13:54:03,10.98,--,101,110898,买盘
997,13:54:00,10.98,--,1,1098,买盘
998,13:53:57,10.98,--,19,20862,买盘
999,13:53:54,10.98,--,54,59292,卖盘
1000,13:53:51,10.98,--,20,21960,卖盘
1001,13:53:45,10.98,--,101,110898,卖盘
1002,13:53:42,10.98,-0.01,8,8784,卖盘
1003,13:53:39,10.99,0.02,203,223097,买盘
1004,13:53:36,10.97,-0.01,1,1097,卖盘
1005,13:53:33,10.98,--,72,79056,买盘
1006,13:53:30,10.98,0.01,41,45018,买盘
1007,13:53:21,10.97,-0.01,25,27425,卖盘
1008,13:53:18,10.98,--,5,5490,买盘
1009,13:53:15,10.98,0.01,55,60390,买盘
1010,13:53:12,10.97,-0.01,12,13164,卖盘
1011,13:53:09,10.98,0.01,107,117486,买盘
1012,13:53:06,10.97,-0.01,6,6582,卖盘
1013,13:53:03,10.98,0.01,4,4392,买盘
1014,13:53:00,10.97,--,26,28522,卖盘
1015,13:52:57,10.97,-0.01,3,3291,卖盘
1016,13:52:51,10.98,0.01,62,68076,买盘
1017,13:52:45,10.97,-0.01,9,9873,卖盘
1018,13:52:39,10.98,--,9,9882,买盘
1019,13:52:33,10.98,--,22,24156,买盘
1020,13:52:30,10.98,0.01,123,135054,买盘
1021,13:52:24,10.97,-0.01,6,6582,卖盘
1022,13:52:18,10.98,--,5,5490,买盘
1023,13:52:15,10.98,--,34,37332,买盘
1024,13:52:12,10.98,--,2,2196,买盘
1025,13:52:09,10.98,--,109,119682,买盘
1026,13:52:06,10.98,--,2,2196,买盘
1027,13:52:03,10.98,0.01,21,23058,买盘
1028,13:51:57,10.97,--,1,1097,卖盘
1029,13:51:54,10.97,-0.01,76,83372,卖盘
1030,13:51:51,10.98,0.01,5,5490,买盘
1031,13:51:48,10.97,-0.01,100,109700,卖盘
1032,13:51:39,10.98,0.01,9,9882,买盘
1033,13:51:36,10.97,-0.01,11,12067,卖盘
1034,13:51:33,10.98,--,2,2196,买盘
1035,13:51:27,10.98,--,2,2196,买盘
1036,13:51:24,10.98,0.01,2,2196,中性盘
1037,13:51:21,10.97,--,15,16455,卖盘
1038,13:51:18,10.97,--,59,64723,卖盘
1039,13:51:12,10.97,-0.02,49,53753,卖盘
1040,13:51:09,10.99,--,9,9891,买盘
1041,13:51:06,10.99,0.01,89,97811,买盘
1042,13:51:03,10.98,0.01,7,7686,买盘
1043,13:51:00,10.97,-0.01,4,4388,卖盘
1044,13:50:57,10.98,0.01,1,1098,买盘
1045,13:50:54,10.97,-0.01,98,107506,卖盘
1046,13:50:45,10.98,-0.02,22,24156,卖盘
1047,13:50:42,11.0,--,1,1100,买盘
1048,13:50:39,11.0,0.02,52,57200,买盘
1049,13:50:30,10.98,0.01,2,2196,中性盘
1050,13:50:21,10.97,-0.03,10,10970,卖盘
1051,13:50:15,11.0,0.02,33,36300,买盘
1052,13:50:12,10.98,-0.02,8,8784,卖盘
1053,13:50:09,11.0,--,62,68200,买盘
1054,13:50:06,11.0,--,103,113300,买盘
1055,13:50:03,11.0,--,8,8800,买盘
1056,13:50:00,11.0,0.01,50,55000,买盘
1057,13:49:54,10.99,--,346,380254,卖盘
1058,13:49:51,10.99,-0.01,72,79128,卖盘
1059,13:49:45,11.0,--,90,99000,买盘
1060,13:49:42,11.0,--,13,14300,买盘
1061,13:49:39,11.0,--,15,16500,买盘
1062,13:49:36,11.0,0.01,2,2200,买盘
1063,13:49:30,10.99,-0.01,77,84623,卖盘
1064,13:49:24,11.0,--,3,3300,买盘
1065,13:49:21,11.0,--,17,18700,买盘
1066,13:49:12,11.0,--,48,52800,买盘
1067,13:49:09,11.0,--,616,677600,买盘
1068,13:49:06,11.0,--,21,23100,买盘
1069,13:49:03,11.0,0.01,72,79200,买盘
1070,13:49:00,10.99,--,30,32970,卖盘
1071,13:48:57,10.99,--,47,51653,卖盘
1072,13:48:54,10.99,--,110,120890,卖盘
1073,13:48:51,10.99,-0.01,1,1099,卖盘
1074,13:48:48,11.0,--,130,143000,买盘
1075,13:48:45,11.0,--,30,33000,买盘
1076,13:48:42,11.0,--,31,34100,买盘
1077,13:48:39,11.0,--,11,12100,买盘
1078,13:48:36,11.0,--,13,14300,买盘
1079,13:48:33,11.0,0.01,5,5500,买盘
1080,13:48:24,10.99,-0.01,40,43960,卖盘
1081,13:48:21,11.0,0.01,249,273900,买盘
1082,13:48:18,10.99,--,11,12089,卖盘
1083,13:48:15,10.99,-0.01,2,2198,卖盘
1084,13:48:09,11.0,--,78,85800,买盘
1085,13:48:06,11.0,0.01,73,80300,买盘
1086,13:48:03,10.99,-0.01,31,34069,卖盘
1087,13:48:00,11.0,0.01,1,1100,买盘
1088,13:47:54,10.99,--,161,176939,卖盘
1089,13:47:48,10.99,--,5,5495,卖盘
1090,13:47:42,10.99,-0.01,70,76930,卖盘
1091,13:47:39,11.0,0.01,11,12100,买盘
1092,13:47:36,10.99,-0.01,1,1099,卖盘
1093,13:47:33,11.0,0.01,3,3300,买盘
1094,13:47:30,10.99,--,100,109900,卖盘
1095,13:47:24,10.99,-0.01,70,76930,卖盘
1096,13:47:18,11.0,--,239,263736,卖盘
1097,13:47:15,11.0,-0.01,6,6600,卖盘
1098,13:47:09,11.01,--,38,41838,买盘
1099,13:47:06,11.01,0.01,50,55050,买盘
1100,13:47:03,11.0,--,125,137764,买盘
1101,13:47:00,11.0,--,74,81400,买盘
1102,13:46:57,11.0,0.01,127,139700,买盘
1103,13:46:54,10.99,-0.01,22,24178,卖盘
1104,13:46:51,11.0,--,9,9900,买盘
1105,13:46:48,11.0,0.01,10,11000,买盘
1106,13:46:45,10.99,--,61,67039,卖盘
1107,13:46:42,10.99,-0.01,2,2198,卖盘
1108,13:46:39,11.0,--,10,11000,买盘
1109,13:46:36,11.0,--,4,4400,买盘
1110,13:46:30,11.0,--,6,6600,买盘
1111,13:46:27,11.0,0.01,5,5500,买盘
1112,13:46:24,10.99,-0.01,74,81326,卖盘
1113,13:46:21,11.0,--,10,11000,买盘
1114,13:46:18,11.0,-0.01,88,97636,卖盘
1115,13:46:15,11.01,0.01,2,2202,买盘
1116,13:46:12,11.0,-0.01,20,22000,卖盘
1117,13:46:09,11.01,--,57,62757,买盘
1118,13:46:06,11.01,--,21,23121,买盘
1119,13:46:03,11.01,--,29,31929,买盘
1120,13:46:00,11.01,0.01,115,126615,买盘
1121,13:45:57,11.0,--,12,13200,卖盘
1122,13:45:54,11.0,--,7,7700,卖盘
1123,13:45:45,11.0,--,2,2200,卖盘
1124,13:45:42,11.0,-0.01,2,2200,卖盘
1125,13:45:39,11.01,0.01,47,51747,买盘
1126,13:45:36,11.0,-0.01,4,4400,卖盘
1127,13:45:33,11.01,0.01,2,2202,买盘
1128,13:45:27,11.0,--,21,23100,卖盘
1129,13:45:24,11.0,--,518,570064,买盘
1130,13:45:21,11.0,0.03,341,375100,买盘
1131,13:45:18,10.97,--,30,32910,卖盘
1132,13:45:15,10.97,-0.03,500,548500,卖盘
1133,13:45:12,11.0,0.01,5,5500,买盘
1134,13:45:09,10.99,-0.01,82,90118,中性盘
1135,13:45:06,11.0,--,294,323400,买盘
1136,13:45:03,11.0,--,51,56100,买盘
1137,13:45:00,11.0,--,81,89100,买盘
1138,13:44:54,11.0,--,13,14300,买盘
1139,13:44:51,11.0,0.01,505,555500,买盘
1140,13:44:48,10.99,-0.01,5,5495,卖盘
1141,13:44:45,11.0,--,481,529100,买盘
1142,13:44:39,11.0,--,9,9900,买盘
1143,13:44:36,11.0,--,238,261800,卖盘
1144,13:44:33,11.0,--,15,16500,卖盘
1145,13:44:30,11.0,-0.01,584,642400,卖盘
1146,13:44:27,11.01,0.01,12,13212,买盘
1147,13:44:24,11.0,-0.01,7,7700,买盘
1148,13:44:21,11.01,0.01,50,55050,买盘
1149,13:44:18,11.0,--,38,41800,卖盘
1150,13:44:15,11.0,--,11,12100,卖盘
1151,13:44:12,11.0,-0.01,47,51700,卖盘
1152,13:44:09,11.01,--,15,16515,买盘
1153,13:44:06,11.01,0.02,134,147534,买盘
1154,13:44:03,10.99,--,141,154959,卖盘
1155,13:44:00,10.99,-0.02,10,10990,卖盘
1156,13:43:57,11.01,0.02,85,93585,买盘
1157,13:43:51,10.99,-0.02,10,10990,卖盘
1158,13:43:45,11.01,0.02,492,541692,买盘
1159,13:43:42,10.99,-0.01,7,7693,卖盘
1160,13:43:39,11.0,0.01,39,42900,买盘
1161,13:43:36,10.99,-0.02,50,54950,卖盘
1162,13:43:30,11.01,0.02,575,633075,买盘
1163,13:43:27,10.99,-0.01,74,81326,卖盘
1164,13:43:24,11.0,--,4,4400,卖盘
1165,13:43:21,11.0,--,70,77000,卖盘
1166,13:43:18,11.0,--,35,38500,卖盘
1167,13:43:15,11.0,--,6,6600,卖盘
1168,13:43:12,11.0,--,78,85800,卖盘
1169,13:43:09,11.0,-0.01,27,29700,卖盘
1170,13:43:06,11.01,0.01,2,2202,买盘
1171,13:43:03,11.0,-0.01,5,5500,卖盘
1172,13:43:00,11.01,0.01,53,58353,买盘
1173,13:42:57,11.0,--,98,107800,卖盘
1174,13:42:54,11.0,--,10,11000,卖盘
1175,13:42:51,11.0,--,55,60500,卖盘
1176,13:42:45,11.0,-0.01,2,2200,中性盘
1177,13:42:42,11.01,--,1,1101,买盘
1178,13:42:39,11.01,0.02,59,64959,买盘
1179,13:42:36,10.99,-0.01,439,482461,卖盘
1180,13:42:33,11.0,--,4,4400,买盘
1181,13:42:30,11.0,--,462,508200,买盘
1182,13:42:27,11.0,--,11,12100,买盘
1183,13:42:24,11.0,-0.01,245,269500,卖盘
1184,13:42:18,11.01,0.01,123,135423,买盘
1185,13:42:12,11.0,-0.01,371,408100,卖盘
1186,13:42:09,11.01,0.01,38,41838,买盘
1187,13:42:06,11.0,--,16,17600,卖盘
1188,13:42:00,11.0,-0.01,52,57200,卖盘
1189,13:41:57,11.01,0.01,427,470127,买盘
1190,13:41:54,11.0,--,377,414700,买盘
1191,13:41:51,11.0,--,119,130900,买盘
1192,13:41:48,11.0,0.01,4,4400,买盘
1193,13:41:45,10.99,-0.01,497,546203,卖盘
1194,13:41:39,11.0,-0.01,56,61600,卖盘
1195,13:41:36,11.01,0.02,36,39636,买盘
1196,13:41:33,10.99,-0.02,8,8792,卖盘
1197,13:41:30,11.01,0.01,17,18717,买盘
1198,13:41:27,11.0,--,50,55000,买盘
1199,13:41:24,11.0,-0.02,4,4400,中性盘
1200,13:41:21,11.02,0.02,425,468350,买盘
1201,13:41:18,11.0,0.01,48,52800,买盘
1202,13:41:15,10.99,-0.02,65,71435,卖盘
1203,13:41:09,11.01,0.01,25,27525,买盘
1204,13:41:06,11.0,--,94,103400,卖盘
1205,13:41:03,11.0,-0.01,10,11000,卖盘
1206,13:41:00,11.01,0.01,163,179463,买盘
1207,13:40:57,11.0,-0.01,20,22000,卖盘
1208,13:40:54,11.01,0.01,53,58353,买盘
1209,13:40:51,11.0,--,165,181500,卖盘
1210,13:40:48,11.0,--,8,8800,卖盘
1211,13:40:42,11.0,--,228,250800,买盘
1212,13:40:39,11.0,--,42,46200,买盘
1213,13:40:36,11.0,-0.01,95,104830,卖盘
1214,13:40:33,11.01,0.01,258,284058,买盘
1215,13:40:30,11.0,-0.01,44,48400,卖盘
1216,13:40:27,11.01,0.01,79,86979,买盘
1217,13:40:24,11.0,-0.02,15,16500,卖盘
1218,13:40:21,11.02,--,416,458432,买盘
1219,13:40:18,11.02,0.01,3,3306,买盘
1220,13:40:15,11.01,--,39,42939,卖盘
1221,13:40:12,11.01,-0.01,126,138726,卖盘
1222,13:40:09,11.02,0.01,101,111302,买盘
1223,13:40:06,11.01,--,33,36333,卖盘
1224,13:40:03,11.01,--,5,5505,卖盘
1225,13:40:00,11.01,--,82,90282,买盘
1226,13:39:57,11.01,--,11,12111,买盘
1227,13:39:54,11.01,--,434,477834,买盘
1228,13:39:51,11.01,--,78,85878,买盘
1229,13:39:48,11.01,--,108,118908,买盘
1230,13:39:45,11.01,0.01,86,94686,买盘
1231,13:39:42,11.0,-0.01,12,13200,卖盘
1232,13:39:39,11.01,0.01,47,52517,买盘
1233,13:39:36,11.0,--,507,557700,买盘
1234,13:39:33,11.0,--,311,342100,买盘
1235,13:39:30,11.0,--,328,360800,买盘
1236,13:39:27,11.0,--,550,605000,买盘
1237,13:39:24,11.0,--,420,462000,买盘
1238,13:39:21,11.0,--,65,71500,买盘
1239,13:39:18,11.0,--,110,121000,买盘
1240,13:39:15,11.0,--,905,995500,买盘
1241,13:39:12,11.0,--,866,952600,买盘
1242,13:39:09,11.0,--,683,751300,买盘
1243,13:39:06,11.0,--,417,458700,买盘
1244,13:39:03,11.0,--,167,183700,买盘
1245,13:39:00,11.0,--,1641,1805100,买盘
1246,13:38:57,11.0,--,202,222200,买盘
1247,13:38:54,11.0,--,92,101200,买盘
1248,13:38:51,11.0,0.01,98,107800,买盘
1249,13:38:48,10.99,0.01,15,16485,卖盘
1250,13:38:45,10.98,-0.02,15,16470,卖盘
1251,13:38:42,11.0,--,315,346500,买盘
1252,13:38:39,11.0,0.01,4020,4422000,买盘
1253,13:38:36,10.99,--,270,296730,买盘
1254,13:38:33,10.99,0.01,1387,1524313,买盘
1255,13:38:30,10.98,--,50,54900,卖盘
1256,13:38:27,10.98,--,3,3294,卖盘
1257,13:38:21,10.98,-0.01,1,1098,中性盘
1258,13:38:18,10.99,0.02,82,90118,买盘
1259,13:38:12,10.97,-0.01,66,72402,卖盘
1260,13:38:09,10.98,--,51,55998,买盘
1261,13:38:03,10.98,-0.01,33,36234,买盘
1262,13:38:00,10.99,0.02,360,395640,买盘
1263,13:37:57,10.97,-0.01,249,273153,卖盘
1264,13:37:54,10.98,--,39,42822,买盘
1265,13:37:51,10.98,--,148,162504,买盘
1266,13:37:48,10.98,--,106,116388,买盘
1267,13:37:45,10.98,--,81,88938,买盘
1268,13:37:42,10.98,--,8,8784,买盘
1269,13:37:39,10.98,--,13,14274,买盘
1270,13:37:36,10.98,--,40,43920,买盘
1271,13:37:33,10.98,--,40,43920,买盘
1272,13:37:30,10.98,-0.01,209,229482,卖盘
1273,13:37:27,10.99,0.01,62,68138,买盘
1274,13:37:24,10.98,-0.01,2,2196,卖盘
1275,13:37:21,10.99,0.01,2,2198,买盘
1276,13:37:18,10.98,-0.01,281,308538,卖盘
1277,13:37:15,10.99,0.01,97,106603,买盘
1278,13:37:12,10.98,--,23,25254,买盘
1279,13:37:09,10.98,--,19,20862,买盘
1280,13:37:06,10.98,-0.01,38,41724,卖盘
1281,13:37:03,10.99,--,217,238483,买盘
1282,13:37:00,10.99,--,400,439600,买盘
1283,13:36:57,10.99,--,150,164850,买盘
1284,13:36:54,10.99,0.01,109,119791,买盘
1285,13:36:51,10.98,-0.01,106,116388,卖盘
1286,13:36:48,10.99,0.02,12,13188,买盘
1287,13:36:45,10.97,--,12,13164,卖盘
1288,13:36:42,10.97,-0.01,305,334585,卖盘
1289,13:36:39,10.98,0.01,227,249246,买盘
1290,13:36:36,10.97,-0.01,152,166744,卖盘
1291,13:36:33,10.98,--,250,274500,买盘
1292,13:36:27,10.98,0.01,332,364536,买盘
1293,13:36:24,10.97,--,96,105312,卖盘
1294,13:36:21,10.97,-0.01,83,91051,卖盘
1295,13:36:18,10.98,--,40,43920,买盘
1296,13:36:15,10.98,--,117,128466,买盘
1297,13:36:09,10.98,0.01,9,9882,买盘
1298,13:36:06,10.97,-0.01,217,238049,卖盘
1299,13:36:03,10.98,--,21,23058,买盘
1300,13:36:00,10.98,0.01,8,8784,买盘
1301,13:35:57,10.97,-0.01,54,59238,卖盘
1302,13:35:54,10.98,--,52,57096,买盘
1303,13:35:51,10.98,0.01,2,2196,买盘
1304,13:35:48,10.97,-0.01,47,51559,卖盘
1305,13:35:45,10.98,0.01,75,82350,买盘
1306,13:35:42,10.97,--,25,27425,买盘
1307,13:35:39,10.97,0.01,129,141513,买盘
1308,13:35:36,10.96,-0.02,79,86584,卖盘
1309,13:35:33,10.98,0.02,320,351360,买盘
1310,13:35:30,10.96,--,21,23016,卖盘
1311,13:35:27,10.96,-0.01,134,146864,卖盘
1312,13:35:24,10.97,--,50,54850,买盘
1313,13:35:21,10.97,--,10,10970,买盘
1314,13:35:18,10.97,-0.01,151,165647,中性盘
1315,13:35:15,10.98,--,27,29646,买盘
1316,13:35:12,10.98,--,67,73566,买盘
1317,13:35:09,10.98,0.01,85,93330,买盘
1318,13:35:06,10.97,-0.01,90,98730,卖盘
1319,13:35:03,10.98,--,76,83448,买盘
1320,13:35:00,10.98,--,96,105408,买盘
1321,13:34:57,10.98,--,29,31842,买盘
1322,13:34:54,10.98,--,31,34038,买盘
1323,13:34:51,10.98,--,76,83448,买盘
1324,13:34:48,10.98,--,65,71370,买盘
1325,13:34:45,10.98,--,114,125172,买盘
1326,13:34:42,10.98,--,73,80154,买盘
1327,13:34:39,10.98,--,231,253638,买盘
1328,13:34:36,10.98,0.01,600,658800,买盘
1329,13:34:33,10.97,0.01,35,38395,买盘
1330,13:34:30,10.96,-0.01,35,38360,买盘
1331,13:34:27,10.97,0.01,93,102021,买盘
1332,13:34:24,10.96,-0.01,9,9864,中性盘
1333,13:34:21,10.97,0.01,1037,1137589,买盘
1334,13:34:18,10.96,--,87,95352,买盘
1335,13:34:12,10.96,0.01,76,83296,买盘
1336,13:34:09,10.95,--,40,43800,买盘
1337,13:34:06,10.95,-0.01,228,250306,卖盘
1338,13:34:03,10.96,--,316,346785,买盘
1339,13:34:00,10.96,0.01,10,10960,买盘
1340,13:33:57,10.95,-0.01,3,3285,卖盘
1341,13:33:54,10.96,--,49,53704,买盘
1342,13:33:51,10.96,0.01,42,46032,买盘
1343,13:33:48,10.95,--,481,526695,卖盘
1344,13:33:45,10.95,-0.01,119,130304,中性盘
1345,13:33:42,10.96,0.01,239,261944,买盘
1346,13:33:39,10.95,--,18,19710,买盘
1347,13:33:36,10.95,--,129,141255,买盘
1348,13:33:33,10.95,--,58,63509,卖盘
1349,13:33:30,10.95,--,41,44895,买盘
1350,13:33:27,10.95,--,30,32850,买盘
1351,13:33:24,10.95,-0.01,46,50370,卖盘
1352,13:33:21,10.96,0.01,1,1096,买盘
1353,13:33:18,10.95,--,10,10950,买盘
1354,13:33:15,10.95,-0.01,20,21900,买盘
1355,13:33:12,10.96,0.01,296,324416,买盘
1356,13:33:09,10.95,--,15,16425,买盘
1357,13:33:06,10.95,0.01,627,686565,买盘
1358,13:33:03,10.94,-0.01,18,19692,卖盘
1359,13:33:00,10.95,0.01,10,10950,买盘
1360,13:32:57,10.94,--,40,43760,卖盘
1361,13:32:54,10.94,-0.01,127,138938,卖盘
1362,13:32:51,10.95,--,343,375585,买盘
1363,13:32:48,10.95,--,46,50370,买盘
1364,13:32:45,10.95,--,1039,1137705,买盘
1365,13:32:42,10.95,--,93,101835,买盘
1366,13:32:39,10.95,--,9,9855,买盘
1367,13:32:36,10.95,--,100,109500,买盘
1368,13:32:33,10.95,--,156,170820,买盘
1369,13:32:30,10.95,0.01,22,24090,买盘
1370,13:32:27,10.94,--,423,462762,卖盘
1371,13:32:24,10.94,--,3,3282,卖盘
1372,13:32:21,10.94,--,2,2188,卖盘
1373,13:32:15,10.94,-0.01,10,10940,卖盘
1374,13:32:12,10.95,--,3,3285,买盘
1375,13:32:09,10.95,--,22,24090,买盘
1376,13:32:06,10.95,0.01,2,2190,买盘
1377,13:32:03,10.94,--,6,6564,卖盘
1378,13:32:00,10.94,-0.01,85,92990,卖盘
1379,13:31:57,10.95,0.01,127,139065,买盘
1380,13:31:54,10.94,--,5,5470,卖盘
1381,13:31:51,10.94,-0.01,11,12034,卖盘
1382,13:31:48,10.95,0.01,66,72270,买盘
1383,13:31:45,10.94,--,271,296474,卖盘
1384,13:31:42,10.94,-0.01,5,5470,卖盘
1385,13:31:39,10.95,0.01,201,220095,买盘
1386,13:31:36,10.94,--,112,122528,买盘
1387,13:31:33,10.94,--,252,275688,买盘
1388,13:31:30,10.94,0.01,3,3282,买盘
1389,13:31:24,10.93,-0.01,5,5465,卖盘
1390,13:31:18,10.94,--,31,33914,买盘
1391,13:31:12,10.94,--,51,55794,买盘
1392,13:31:09,10.94,--,70,76580,买盘
1393,13:31:06,10.94,0.01,11,12034,买盘
1394,13:31:03,10.93,-0.01,45,49185,卖盘
1395,13:31:00,10.94,--,227,248338,买盘
1396,13:30:54,10.94,--,11,12034,买盘
1397,13:30:51,10.94,--,32,35008,买盘
1398,13:30:48,10.94,--,131,143314,买盘
1399,13:30:45,10.94,0.01,2,2188,买盘
1400,13:30:42,10.93,--,76,83068,买盘
1401,13:30:39,10.93,0.01,94,102742,买盘
1402,13:30:36,10.92,--,49,53508,卖盘
1403,13:30:33,10.92,-0.02,2,2184,卖盘
1404,13:30:30,10.94,0.02,406,444164,买盘
1405,13:30:27,10.92,--,12,13104,卖盘
1406,13:30:24,10.92,-0.02,64,69888,卖盘
1407,13:30:12,10.94,--,30,32820,买盘
1408,13:30:09,10.94,--,64,70016,买盘
1409,13:30:06,10.94,--,13,14222,买盘
1410,13:30:03,10.94,--,149,163006,买盘
1411,13:30:00,10.94,--,3,3282,买盘
1412,13:29:57,10.94,--,6,6564,买盘
1413,13:29:54,10.94,0.01,334,366347,买盘
1414,13:29:51,10.93,-0.01,0,142,卖盘
1415,13:29:48,10.94,0.01,93,101742,买盘
1416,13:29:45,10.93,-0.01,67,73231,卖盘
1417,13:29:42,10.94,--,117,127998,买盘
1418,13:29:39,10.94,--,82,89708,买盘
1419,13:29:33,10.94,--,27,29538,买盘
1420,13:29:27,10.94,0.02,222,242868,买盘
1421,13:29:24,10.92,-0.01,52,56784,卖盘
1422,13:29:21,10.93,--,11,12023,买盘
1423,13:29:18,10.93,-0.01,1,1093,中性盘
1424,13:29:15,10.94,--,10,10940,买盘
1425,13:29:09,10.94,--,15,16410,买盘
1426,13:29:06,10.94,--,1,1094,买盘
1427,13:29:03,10.94,--,56,61264,买盘
1428,13:29:00,10.94,--,4,4376,买盘
1429,13:28:54,10.94,-0.01,17,18598,买盘
1430,13:28:51,10.95,0.03,44,48180,买盘
1431,13:28:45,10.92,-0.02,156,170352,卖盘
1432,13:28:42,10.94,0.01,30,32820,买盘
1433,13:28:39,10.93,-0.01,77,84161,卖盘
1434,13:28:36,10.94,0.01,281,307414,买盘
1435,13:28:33,10.93,-0.01,30,32790,卖盘
1436,13:28:30,10.94,0.01,2,2188,买盘
1437,13:28:27,10.93,-0.01,72,78696,卖盘
1438,13:28:24,10.94,--,41,44854,买盘
1439,13:28:21,10.94,0.01,10,10940,中性盘
1440,13:28:15,10.93,-0.01,72,78696,卖盘
1441,13:28:12,10.94,-0.01,23,25162,中性盘
1442,13:28:09,10.95,--,62,67890,买盘
1443,13:28:06,10.95,0.01,200,219000,买盘
1444,13:28:03,10.94,--,4,4376,买盘
1445,13:28:00,10.94,--,87,95178,买盘
1446,13:27:54,10.94,--,42,45948,卖盘
1447,13:27:48,10.94,--,73,79862,买盘
1448,13:27:45,10.94,-0.01,128,140032,买盘
1449,13:27:42,10.95,--,36,39420,买盘
1450,13:27:39,10.95,0.02,94,102930,买盘
1451,13:27:36,10.93,-0.02,10,10930,卖盘
1452,13:27:33,10.95,--,84,91980,买盘
1453,13:27:30,10.95,0.01,110,120449,买盘
1454,13:27:27,10.94,--,34,37196,买盘
1455,13:27:24,10.94,0.01,12,13128,买盘
1456,13:27:21,10.93,-0.01,469,512617,卖盘
1457,13:27:18,10.94,--,53,57982,买盘
1458,13:27:15,10.94,--,27,29538,买盘
1459,13:27:09,10.94,--,11,12034,买盘
1460,13:27:06,10.94,--,4,4376,买盘
1461,13:27:03,10.94,--,9,9846,买盘
1462,13:26:54,10.94,--,85,92990,买盘
1463,13:26:51,10.94,--,34,37196,买盘
1464,13:26:48,10.94,0.01,200,218800,买盘
1465,13:26:42,10.93,-0.01,3,3279,卖盘
1466,13:26:39,10.94,--,55,60170,买盘
1467,13:26:36,10.94,--,2,2188,买盘
1468,13:26:33,10.94,0.01,145,158630,买盘
1469,13:26:30,10.93,-0.01,1,1093,卖盘
1470,13:26:27,10.94,--,11,12034,买盘
1471,13:26:18,10.94,0.01,22,24068,买盘
1472,13:26:15,10.93,-0.01,172,187996,卖盘
1473,13:26:09,10.94,--,9,9846,买盘
1474,13:26:03,10.94,--,106,115964,买盘
1475,13:26:00,10.94,--,240,262560,买盘
1476,13:25:54,10.94,--,10,10940,买盘
1477,13:25:51,10.94,0.01,98,107212,买盘
1478,13:25:42,10.93,-0.01,2,2186,卖盘
1479,13:25:39,10.94,--,41,44854,买盘
1480,13:25:36,10.94,--,160,175040,买盘
1481,13:25:33,10.94,--,89,97366,买盘
1482,13:25:30,10.94,--,51,55794,买盘
1483,13:25:27,10.94,--,20,21880,买盘
1484,13:25:21,10.94,--,1,1094,买盘
1485,13:25:18,10.94,--,12,13128,买盘
1486,13:25:15,10.94,--,133,145502,买盘
1487,13:25:12,10.94,--,4,4376,买盘
1488,13:25:09,10.94,--,78,85332,买盘
1489,13:25:06,10.94,--,2,2188,买盘
1490,13:25:03,10.94,0.01,225,246150,买盘
1491,13:25:00,10.93,--,2,2186,买盘
1492,13:24:57,10.93,--,109,119137,买盘
1493,13:24:54,10.93,--,11,12023,买盘
1494,13:24:51,10.93,--,10,10930,买盘
1495,13:24:48,10.93,--,399,436107,买盘
1496,13:24:45,10.93,--,52,56836,买盘
1497,13:24:39,10.93,--,9,9837,买盘
1498,13:24:36,10.93,0.01,34,37162,买盘
1499,13:24:33,10.92,-0.01,11,12012,卖盘
1500,13:24:30,10.93,--,92,100556,买盘
1501,13:24:24,10.93,--,14,15302,买盘
1502,13:24:21,10.93,--,18,19674,买盘
1503,13:24:15,10.93,--,74,80882,买盘
1504,13:24:12,10.93,--,22,24046,买盘
1505,13:24:09,10.93,--,13,14209,买盘
1506,13:24:03,10.93,0.01,24,26232,买盘
1507,13:24:00,10.92,--,12,13104,买盘
1508,13:23:57,10.92,--,9,9828,买盘
1509,13:23:51,10.92,--,57,62244,买盘
1510,13:23:48,10.92,0.01,36,39312,买盘
1511,13:23:42,10.91,--,93,101463,买盘
1512,13:23:39,10.91,--,29,31639,买盘
1513,13:23:36,10.91,--,43,46913,买盘
1514,13:23:33,10.91,--,10,10910,买盘
1515,13:23:30,10.91,-0.02,128,139648,卖盘
1516,13:23:27,10.93,0.02,95,103835,买盘
1517,13:23:24,10.91,0.01,5,5455,中性盘
1518,13:23:21,10.9,--,20,21800,卖盘
1519,13:23:18,10.9,-0.03,75,81750,卖盘
1520,13:23:12,10.93,0.02,1737,1898541,买盘
1521,13:23:09,10.91,0.01,10,10910,买盘
1522,13:23:06,10.9,-0.01,1,1090,卖盘
1523,13:23:03,10.91,--,2,2182,买盘
1524,13:23:00,10.91,--,8,8728,卖盘
1525,13:22:54,10.91,--,5,5455,卖盘
1526,13:22:51,10.91,-0.01,20,21820,卖盘
1527,13:22:48,10.92,0.01,27,29484,买盘
1528,13:22:45,10.91,-0.01,19,20729,卖盘
1529,13:22:42,10.92,--,1,1092,买盘
1530,13:22:39,10.92,0.01,35,38220,买盘
1531,13:22:33,10.91,--,19,20729,卖盘
1532,13:22:30,10.91,0.01,65,70915,买盘
1533,13:22:27,10.9,0.01,2,2180,买盘
1534,13:22:21,10.89,--,84,91476,卖盘
1535,13:22:09,10.89,-0.02,615,669735,卖盘
1536,13:22:06,10.91,0.02,13,14183,买盘
1537,13:21:57,10.89,--,15,16335,卖盘
1538,13:21:54,10.89,-0.02,22,23958,卖盘
1539,13:21:51,10.91,--,7,7637,买盘
1540,13:21:48,10.91,0.02,8,8728,中性盘
1541,13:21:45,10.89,-0.01,3797,4134933,卖盘
1542,13:21:39,10.9,--,9,9810,买盘
1543,13:21:36,10.9,--,20,21800,买盘
1544,13:21:33,10.9,0.01,46,50140,买盘
1545,13:21:30,10.89,-0.01,20,21780,卖盘
1546,13:21:24,10.9,0.01,74,80660,买盘
1547,13:21:21,10.89,-0.01,55,59895,卖盘
1548,13:21:18,10.9,0.01,7,7630,买盘
1549,13:21:15,10.89,--,2,2178,卖盘
1550,13:21:09,10.89,-0.01,87,94743,卖盘
1551,13:21:06,10.9,0.01,2,2180,买盘
1552,13:21:00,10.89,-0.01,6,6534,卖盘
1553,13:20:57,10.9,--,36,39240,买盘
1554,13:20:51,10.9,--,1,1090,买盘
1555,13:20:45,10.9,--,18,19620,买盘
1556,13:20:39,10.9,0.01,42,45780,买盘
1557,13:20:36,10.89,-0.01,10,10890,卖盘
1558,13:20:27,10.9,--,45,49050,买盘
1559,13:20:24,10.9,--,7,7630,买盘
1560,13:20:21,10.9,0.01,101,110090,买盘
1561,13:20:18,10.89,-0.01,1,1089,卖盘
1562,13:20:15,10.9,--,142,154780,买盘
1563,13:20:09,10.9,--,18,19620,买盘
1564,13:20:06,10.9,--,1,1090,买盘
1565,13:20:03,10.9,--,1,1090,买盘
1566,13:20:00,10.9,--,46,50140,买盘
1567,13:19:54,10.9,0.01,22,23980,买盘
1568,13:19:51,10.89,--,38,41382,卖盘
1569,13:19:45,10.89,-0.01,3,3267,卖盘
1570,13:19:39,10.9,0.01,10,10900,买盘
1571,13:19:30,10.89,-0.01,20,21780,卖盘
1572,13:19:27,10.9,--,62,67580,买盘
1573,13:19:21,10.9,--,100,109000,买盘
1574,13:19:18,10.9,--,179,195110,买盘
1575,13:19:09,10.9,0.01,19,20710,买盘
1576,13:19:06,10.89,-0.01,19,20691,卖盘
1577,13:19:03,10.9,0.01,18,19620,买盘
1578,13:19:00,10.89,-0.01,1,1089,卖盘
1579,13:18:51,10.9,--,37,40330,买盘
1580,13:18:45,10.9,--,5,5450,买盘
1581,13:18:42,10.9,--,66,71940,买盘
1582,13:18:39,10.9,--,14,15260,卖盘
1583,13:18:36,10.9,--,12,13080,买盘
1584,13:18:30,10.9,--,40,43600,买盘
1585,13:18:24,10.9,0.01,80,87200,买盘
1586,13:18:12,10.89,-0.01,1,1089,卖盘
1587,13:18:09,10.9,--,9,9810,买盘
1588,13:18:06,10.9,--,56,61040,买盘
1589,13:18:03,10.9,0.01,7,7630,买盘
1590,13:17:57,10.89,-0.01,5,5445,卖盘
1591,13:17:45,10.9,0.01,67,73030,买盘
1592,13:17:42,10.89,-0.01,12,13068,卖盘
1593,13:17:39,10.9,0.01,10,10900,买盘
1594,13:17:33,10.89,-0.01,92,100188,卖盘
1595,13:17:24,10.9,--,61,66490,买盘
1596,13:17:21,10.9,--,1,1090,买盘
1597,13:17:18,10.9,0.01,79,86110,买盘
1598,13:17:15,10.89,-0.01,1,1089,卖盘
1599,13:17:09,10.9,--,9,9810,买盘
1600,13:17:03,10.9,0.01,2,2180,买盘
1601,13:16:57,10.89,--,5,5445,卖盘
1602,13:16:54,10.89,-0.01,3,3267,卖盘
1603,13:16:48,10.9,--,1,1090,买盘
1604,13:16:42,10.9,--,7,7630,买盘
1605,13:16:39,10.9,--,30,32700,买盘
1606,13:16:24,10.9,--,41,44690,买盘
1607,13:16:21,10.9,--,79,86110,买盘
1608,13:16:15,10.9,0.01,13,14170,买盘
1609,13:16:12,10.89,-0.01,11,11979,卖盘
1610,13:16:09,10.9,0.01,25,27250,买盘
1611,13:16:06,10.89,-0.01,2,2178,卖盘
1612,13:16:03,10.9,--,1,1090,买盘
1613,13:16:00,10.9,--,42,45780,卖盘
1614,13:15:54,10.9,--,50,54500,卖盘
1615,13:15:45,10.9,--,50,54500,卖盘
1616,13:15:42,10.9,--,185,201650,买盘
1617,13:15:39,10.9,--,9,9810,买盘
1618,13:15:27,10.9,--,28,30520,买盘
1619,13:15:21,10.9,--,47,51230,买盘
1620,13:15:18,10.9,--,73,79570,买盘
1621,13:15:15,10.9,--,25,27250,买盘
1622,13:15:09,10.9,--,10,10900,买盘
1623,13:15:06,10.9,--,2,2180,买盘
1624,13:14:54,10.9,--,2,2180,买盘
1625,13:14:48,10.9,--,28,30520,买盘
1626,13:14:45,10.9,-0.01,166,180940,卖盘
1627,13:14:42,10.91,--,1,1091,买盘
1628,13:14:39,10.91,0.01,9,9819,买盘
1629,13:14:27,10.9,--,20,21800,卖盘
1630,13:14:21,10.9,--,88,95920,卖盘
1631,13:14:15,10.9,-0.01,50,54500,卖盘
1632,13:14:12,10.91,--,92,100372,买盘
1633,13:14:09,10.91,0.03,17,18547,买盘
1634,13:14:06,10.88,-0.03,55,59840,卖盘
1635,13:14:03,10.91,0.03,30,32730,买盘
1636,13:14:00,10.88,-0.03,56,60928,卖盘
1637,13:13:57,10.91,0.02,44,48004,买盘
1638,13:13:54,10.89,-0.02,22,23958,卖盘
1639,13:13:51,10.91,0.02,1,1091,买盘
1640,13:13:48,10.89,--,50,54450,卖盘
1641,13:13:39,10.89,--,26,28314,卖盘
1642,13:13:36,10.89,-0.02,10,10890,卖盘
1643,13:13:33,10.91,0.02,10,10910,买盘
1644,13:13:27,10.89,-0.02,52,56628,卖盘
1645,13:13:21,10.91,0.02,50,54550,买盘
1646,13:13:18,10.89,--,50,54450,卖盘
1647,13:13:15,10.89,-0.02,40,43560,卖盘
1648,13:13:12,10.91,0.01,91,99281,买盘
1649,13:13:09,10.9,--,10,10900,买盘
1650,13:13:06,10.9,0.01,1,1090,买盘
1651,13:13:03,10.89,-0.01,4,4356,卖盘
1652,13:13:00,10.9,-0.01,14,15260,卖盘
1653,13:12:57,10.91,0.01,12,13092,买盘
1654,13:12:51,10.9,-0.01,41,44690,中性盘
1655,13:12:42,10.91,--,8,8728,买盘
1656,13:12:39,10.91,--,9,9819,买盘
1657,13:12:33,10.91,0.02,6,6546,买盘
1658,13:12:30,10.89,--,5,5445,卖盘
1659,13:12:27,10.89,-0.02,36,39204,卖盘
1660,13:12:24,10.91,--,2,2182,买盘
1661,13:12:21,10.91,--,42,45822,买盘
1662,13:12:12,10.91,--,78,85098,买盘
1663,13:12:09,10.91,0.02,10,10910,买盘
1664,13:12:06,10.89,-0.02,112,121968,卖盘
1665,13:12:03,10.91,0.02,1,1091,买盘
1666,13:12:00,10.89,--,50,54450,卖盘
1667,13:11:54,10.89,--,305,332145,买盘
1668,13:11:51,10.89,--,18,19602,买盘
1669,13:11:48,10.89,--,1,1089,买盘
1670,13:11:45,10.89,--,21,22869,买盘
1671,13:11:39,10.89,-0.02,169,184770,卖盘
1672,13:11:33,10.91,--,40,43640,卖盘
1673,13:11:30,10.91,--,19,21089,买盘
1674,13:11:27,10.91,--,7,7637,买盘
1675,13:11:21,10.91,--,12,13822,卖盘
1676,13:11:18,10.91,-0.01,79,86189,卖盘
1677,13:11:12,10.92,--,15,16380,买盘
1678,13:11:09,10.92,--,108,117936,买盘
1679,13:11:06,10.92,--,23,25116,买盘
1680,13:11:03,10.92,--,1,1092,买盘
1681,13:10:57,10.92,--,2,2184,买盘
1682,13:10:54,10.92,0.01,10,10920,买盘
1683,13:10:51,10.91,-0.01,10,10910,卖盘
1684,13:10:45,10.92,--,8,8736,买盘
1685,13:10:42,10.92,--,1,1092,买盘
1686,13:10:39,10.92,0.01,13,14196,买盘
1687,13:10:36,10.91,0.03,2032,2217272,买盘
1688,13:10:30,10.88,--,56,60928,卖盘
1689,13:10:27,10.88,-0.02,5,5440,卖盘
1690,13:10:24,10.9,--,2,2180,买盘
1691,13:10:15,10.9,--,42,45780,买盘
1692,13:10:12,10.9,--,78,85020,买盘
1693,13:10:09,10.9,0.01,18,19620,买盘
1694,13:10:06,10.89,--,2,2178,买盘
1695,13:10:00,10.89,-0.01,14,15246,卖盘
1696,13:09:54,10.9,--,3,3270,买盘
1697,13:09:48,10.9,0.01,1,1090,买盘
1698,13:09:45,10.89,--,1066,1160874,卖盘
1699,13:09:42,10.89,-0.01,49,53361,卖盘
1700,13:09:39,10.9,0.01,49,53410,买盘
1701,13:09:30,10.89,--,30,32670,卖盘
1702,13:09:27,10.89,-0.01,10,10890,卖盘
1703,13:09:24,10.9,--,14,15260,买盘
1704,13:09:21,10.9,--,1,1090,买盘
1705,13:09:18,10.9,--,339,369510,买盘
1706,13:09:15,10.9,--,46,50140,买盘
1707,13:09:12,10.9,--,19,20710,买盘
1708,13:09:09,10.9,--,83,90470,买盘
1709,13:09:03,10.9,--,1,1090,买盘
1710,13:09:00,10.9,--,36,39240,买盘
1711,13:08:57,10.9,0.01,2,2180,买盘
1712,13:08:51,10.89,--,4,4356,卖盘
1713,13:08:48,10.89,-0.01,40,43560,卖盘
1714,13:08:45,10.9,0.01,1,1090,买盘
1715,13:08:42,10.89,-0.01,1,1089,卖盘
1716,13:08:39,10.9,0.01,10,10900,买盘
1717,13:08:36,10.89,0.01,12,13068,中性盘
1718,13:08:33,10.88,-0.02,60,65280,卖盘
1719,13:08:27,10.9,0.02,117,127530,买盘
1720,13:08:15,10.88,--,20,21760,卖盘
1721,13:08:12,10.88,-0.01,51,55488,卖盘
1722,13:08:09,10.89,--,11,11979,买盘
1723,13:08:06,10.89,--,81,88209,买盘
1724,13:08:03,10.89,0.01,51,55539,买盘
1725,13:07:57,10.88,-0.01,20,21760,卖盘
1726,13:07:54,10.89,--,2,2178,买盘
1727,13:07:48,10.89,0.01,1,1089,买盘
1728,13:07:45,10.88,-0.01,84,91392,卖盘
1729,13:07:39,10.89,--,10,10890,买盘
1730,13:07:33,10.89,0.01,45,49005,买盘
1731,13:07:30,10.88,-0.01,68,73984,卖盘
1732,13:07:27,10.89,0.01,3,3267,买盘
1733,13:07:24,10.88,-0.01,30,32640,卖盘
1734,13:07:12,10.89,--,41,44649,买盘
1735,13:07:09,10.89,0.01,9,9801,买盘
1736,13:07:06,10.88,-0.01,97,105536,卖盘
1737,13:07:03,10.89,0.01,1,1089,买盘
1738,13:06:57,10.88,-0.01,1,1088,卖盘
1739,13:06:54,10.89,--,2,2178,买盘
1740,13:06:42,10.89,--,1,1089,买盘
1741,13:06:39,10.89,--,30,32670,买盘
1742,13:06:33,10.89,--,5,5445,买盘
1743,13:06:30,10.89,0.01,32,34848,买盘
1744,13:06:24,10.88,-0.01,42,45696,卖盘
1745,13:06:21,10.89,0.01,2,2178,买盘
1746,13:06:12,10.88,-0.01,10,10880,卖盘
1747,13:06:09,10.89,--,9,9801,买盘
1748,13:06:06,10.89,--,149,162261,买盘
1749,13:06:03,10.89,0.01,93,101277,买盘
1750,13:05:57,10.88,-0.01,20,21760,卖盘
1751,13:05:54,10.89,0.01,37,40293,买盘
1752,13:05:45,10.88,--,1,1088,卖盘
1753,13:05:42,10.88,--,109,118592,买盘
1754,13:05:39,10.88,0.01,9,9792,买盘
1755,13:05:36,10.87,-0.01,5,5435,卖盘
1756,13:05:21,10.88,0.01,4,4352,买盘
1757,13:05:15,10.87,--,39,42393,卖盘
1758,13:05:12,10.87,-0.01,10,10870,卖盘
1759,13:05:09,10.88,0.01,47,51136,买盘
1760,13:05:03,10.87,-0.01,119,129352,卖盘
1761,13:05:00,10.88,0.01,13,14144,买盘
1762,13:04:51,10.87,-0.01,24,26087,卖盘
1763,13:04:48,10.88,--,1,1088,买盘
1764,13:04:39,10.88,--,144,156672,买盘
1765,13:04:36,10.88,--,69,75072,卖盘
1766,13:04:30,10.88,-0.01,20,21760,卖盘
1767,13:04:24,10.89,--,22,23958,买盘
1768,13:04:15,10.89,--,7,7623,买盘
1769,13:04:09,10.89,--,76,82764,买盘
1770,13:04:06,10.89,--,49,53361,买盘
1771,13:04:03,10.89,--,3,3267,买盘
1772,13:04:00,10.89,0.01,71,77319,买盘
1773,13:03:57,10.88,--,166,180608,卖盘
1774,13:03:54,10.88,--,3,3264,卖盘
1775,13:03:45,10.88,-0.01,39,42432,卖盘
1776,13:03:39,10.89,0.01,9,9801,买盘
1777,13:03:36,10.88,--,25,27200,卖盘
1778,13:03:33,10.88,--,20,21760,卖盘
1779,13:03:30,10.88,--,122,132736,卖盘
1780,13:03:15,10.88,-0.01,7,7616,卖盘
1781,13:03:09,10.89,--,10,10890,买盘
1782,13:03:06,10.89,--,81,88209,买盘
1783,13:02:57,10.89,--,134,145926,买盘
1784,13:02:45,10.89,0.01,17,18513,买盘
1785,13:02:42,10.88,-0.01,11,11968,卖盘
1786,13:02:39,10.89,0.01,9,9801,买盘
1787,13:02:36,10.88,--,48,52224,卖盘
1788,13:02:33,10.88,--,5,5440,卖盘
1789,13:02:24,10.88,0.01,100,108800,中性盘
1790,13:02:12,10.87,-0.02,24,26087,卖盘
1791,13:02:09,10.89,--,10,10890,买盘
1792,13:02:03,10.89,--,49,53361,买盘
1793,13:01:54,10.89,0.02,72,78408,买盘
1794,13:01:48,10.87,-0.02,33,35871,卖盘
1795,13:01:39,10.89,0.02,9,9801,买盘
1796,13:01:33,10.87,-0.01,66,71742,卖盘
1797,13:01:21,10.88,-0.01,1,1088,中性盘
1798,13:01:15,10.89,--,1,1089,买盘
1799,13:01:09,10.89,--,9,9801,买盘
1800,13:01:06,10.89,--,32,34848,买盘
1801,13:01:00,10.89,--,43,46827,买盘
1802,13:00:54,10.89,0.01,77,83853,买盘
1803,13:00:51,10.88,0.01,11,11968,买盘
1804,13:00:45,10.87,--,52,56523,买盘
1805,13:00:39,10.87,0.01,10,10870,买盘
1806,13:00:33,10.86,-0.01,1,1086,卖盘
1807,13:00:30,10.87,--,35,38045,买盘
1808,13:00:18,10.87,0.01,1,1087,买盘
1809,13:00:15,10.86,--,29,31494,卖盘
1810,13:00:09,10.86,-0.01,74,80364,卖盘
1811,13:00:06,10.87,--,174,189138,买盘
1812,13:00:03,10.87,--,417,453278,卖盘
1813,13:00:00,10.87,--,0,0,卖盘
1814,11:30:00,10.87,-0.02,40,43480,卖盘
1815,11:29:57,10.89,0.01,70,76230,买盘
1816,11:29:54,10.88,0.01,81,88128,买盘
1817,11:29:45,10.87,-0.01,11,12391,卖盘
1818,11:29:42,10.88,--,56,60928,买盘
1819,11:29:39,10.88,0.01,10,10880,买盘
1820,11:29:30,10.87,-0.01,18,19566,中性盘
1821,11:29:21,10.88,0.02,5,5440,买盘
1822,11:29:18,10.86,-0.02,9,9774,卖盘
1823,11:29:09,10.88,0.02,9,9792,买盘
1824,11:29:06,10.86,-0.03,109,118374,卖盘
1825,11:29:03,10.89,--,2,2178,买盘
1826,11:29:00,10.89,--,47,51183,买盘
1827,11:28:57,10.89,0.01,2,2178,买盘
1828,11:28:54,10.88,-0.01,15,16320,中性盘
1829,11:28:51,10.89,0.01,83,90387,买盘
1830,11:28:48,10.88,-0.01,27,29376,卖盘
1831,11:28:42,10.89,0.01,12,13068,买盘
1832,11:28:39,10.88,--,25,27200,卖盘
1833,11:28:36,10.88,--,28,30464,卖盘
1834,11:28:30,10.88,-0.01,1,1088,卖盘
1835,11:28:27,10.89,0.01,45,49005,买盘
1836,11:28:24,10.88,--,9,9792,卖盘
1837,11:28:18,10.88,--,33,35904,卖盘
1838,11:28:15,10.88,-0.01,10,10880,卖盘
1839,11:28:09,10.89,--,9,9801,买盘
1840,11:28:03,10.89,--,77,83853,买盘
1841,11:27:57,10.89,0.01,1,1089,买盘
1842,11:27:54,10.88,0.02,39,42432,买盘
1843,11:27:51,10.86,-0.02,83,90138,中性盘
1844,11:27:48,10.88,--,107,116416,卖盘
1845,11:27:42,10.88,--,10,10880,卖盘
1846,11:27:39,10.88,--,39,42432,卖盘
1847,11:27:33,10.88,--,2,2176,卖盘
1848,11:27:30,10.88,-0.01,8,8704,卖盘
1849,11:27:21,10.89,0.01,16,17424,买盘
1850,11:27:18,10.88,-0.01,51,55488,卖盘
1851,11:27:15,10.89,--,11,11979,买盘
1852,11:27:09,10.89,0.01,13,14157,买盘
1853,11:27:06,10.88,-0.01,10,10880,卖盘
1854,11:27:00,10.89,--,14,15246,买盘
1855,11:26:57,10.89,0.01,591,643599,买盘
1856,11:26:54,10.88,--,40,43520,买盘
1857,11:26:51,10.88,--,90,97920,买盘
1858,11:26:48,10.88,0.03,80,87040,买盘
1859,11:26:45,10.85,-0.03,11,11935,卖盘
1860,11:26:39,10.88,0.03,10,10880,买盘
1861,11:26:36,10.85,--,9,9765,卖盘
1862,11:26:30,10.85,--,81,87885,卖盘
1863,11:26:24,10.85,--,9,9765,卖盘
1864,11:26:12,10.85,-0.03,9,9765,卖盘
1865,11:26:09,10.88,0.03,14,15232,买盘
1866,11:26:06,10.85,-0.03,15,16275,卖盘
1867,11:26:03,10.88,0.03,131,142528,买盘
1868,11:26:00,10.85,-0.03,8,8680,卖盘
1869,11:25:57,10.88,--,1,1088,买盘
1870,11:25:51,10.88,--,46,50048,买盘
1871,11:25:48,10.88,0.03,83,90304,买盘
1872,11:25:42,10.85,-0.02,5,5425,卖盘
1873,11:25:39,10.87,--,18,19566,买盘
1874,11:25:36,10.87,0.02,266,289142,买盘
1875,11:25:27,10.85,--,39,42315,卖盘
1876,11:25:18,10.85,-0.02,9,9765,卖盘
1877,11:25:09,10.87,0.02,10,10870,买盘
1878,11:25:06,10.85,-0.02,10,10850,卖盘
1879,11:25:00,10.87,--,2,2174,买盘
1880,11:24:57,10.87,-0.01,12,13043,中性盘
1881,11:24:54,10.88,--,36,39168,买盘
1882,11:24:51,10.88,--,74,80512,买盘
1883,11:24:48,10.88,0.01,120,130560,买盘
1884,11:24:45,10.87,--,9,9783,买盘
1885,11:24:42,10.87,--,92,100004,买盘
1886,11:24:39,10.87,0.02,9,9783,买盘
1887,11:24:33,10.85,--,89,96565,卖盘
1888,11:24:30,10.85,--,50,54250,卖盘
1889,11:24:27,10.85,-0.02,8,8680,卖盘
1890,11:24:24,10.87,0.02,106,115221,买盘
1891,11:24:12,10.85,-0.02,22,23870,卖盘
1892,11:24:09,10.87,0.02,10,10870,买盘
1893,11:24:06,10.85,--,124,134540,卖盘
1894,11:24:00,10.85,-0.01,18,19530,卖盘
1895,11:23:57,10.86,0.01,2,2172,中性盘
1896,11:23:48,10.85,--,51,55335,卖盘
1897,11:23:45,10.85,-0.01,1,1085,卖盘
1898,11:23:42,10.86,-0.01,79,85794,中性盘
1899,11:23:39,10.87,0.02,18,19566,买盘
1900,11:23:27,10.85,-0.03,10,10850,卖盘
1901,11:23:21,10.88,0.03,1,1088,买盘
1902,11:23:18,10.85,--,200,217000,卖盘
1903,11:23:15,10.85,-0.03,64,69440,卖盘
1904,11:23:12,10.88,0.02,261,283968,买盘
1905,11:23:09,10.86,0.01,10,10860,买盘
1906,11:23:06,10.85,-0.01,296,321160,卖盘
1907,11:23:00,10.86,--,3,3258,买盘
1908,11:22:57,10.86,0.01,8,8688,买盘
1909,11:22:54,10.85,-0.01,9,9765,卖盘
1910,11:22:51,10.86,--,51,55386,买盘
1911,11:22:45,10.86,--,130,141180,买盘
1912,11:22:42,10.86,--,31,33666,买盘
1913,11:22:39,10.86,0.01,18,19548,买盘
1914,11:22:36,10.85,-0.01,9,9765,卖盘
1915,11:22:33,10.86,0.01,2,2172,买盘
1916,11:22:30,10.85,-0.01,5,5425,卖盘
1917,11:22:27,10.86,0.01,78,84708,买盘
1918,11:22:24,10.85,--,27,29295,卖盘
1919,11:22:21,10.85,--,20,21700,卖盘
1920,11:22:18,10.85,--,6,6510,卖盘
1921,11:22:15,10.85,-0.01,1,1085,卖盘
1922,11:22:12,10.86,--,140,152040,买盘
1923,11:22:09,10.86,0.01,10,10860,买盘
1924,11:22:06,10.85,-0.01,3,3255,卖盘
1925,11:22:03,10.86,0.01,1,1086,买盘
1926,11:22:00,10.85,-0.01,14,15190,卖盘
1927,11:21:57,10.86,0.01,2,2172,买盘
1928,11:21:54,10.85,0.01,105,113925,中性盘
1929,11:21:48,10.84,-0.02,152,164768,卖盘
1930,11:21:42,10.86,0.01,85,92310,买盘
1931,11:21:39,10.85,-0.01,17,18445,中性盘
1932,11:21:36,10.86,0.01,102,110772,买盘
1933,11:21:33,10.85,--,168,182280,卖盘
1934,11:21:30,10.85,--,32,34720,卖盘
1935,11:21:27,10.85,--,214,232190,买盘
1936,11:21:24,10.85,--,1501,1628585,卖盘
1937,11:21:21,10.85,-0.01,21,22785,卖盘
1938,11:21:18,10.86,0.01,50,54300,买盘
1939,11:21:15,10.85,-0.01,57,61845,卖盘
1940,11:21:09,10.86,0.01,9,9774,买盘
1941,11:21:06,10.85,-0.01,46,49910,卖盘
1942,11:21:03,10.86,-0.01,637,691782,卖盘
1943,11:21:00,10.87,-0.01,3,3260,卖盘
1944,11:20:57,10.88,0.01,42,45696,买盘
1945,11:20:54,10.87,-0.01,10,10870,卖盘
1946,11:20:48,10.88,--,70,76160,买盘
1947,11:20:45,10.88,--,41,44608,买盘
1948,11:20:42,10.88,--,10,10880,买盘
1949,11:20:39,10.88,--,91,99008,买盘
1950,11:20:33,10.88,0.01,13,14144,买盘
1951,11:20:24,10.87,-0.01,108,117395,卖盘
1952,11:20:21,10.88,0.01,53,57664,买盘
1953,11:20:15,10.87,-0.01,1,1087,卖盘
1954,11:20:12,10.88,--,34,36992,买盘
1955,11:20:09,10.88,--,9,9792,买盘
1956,11:20:06,10.88,--,19,20672,卖盘
1957,11:20:03,10.88,0.01,17,18496,买盘
1958,11:20:00,10.87,-0.01,9,9783,卖盘
1959,11:19:57,10.88,0.01,2,2176,买盘
1960,11:19:51,10.87,--,72,78264,卖盘
1961,11:19:48,10.87,--,9,9783,卖盘
1962,11:19:45,10.87,-0.02,20,21740,卖盘
1963,11:19:42,10.89,--,55,59895,买盘
1964,11:19:39,10.89,0.02,86,93654,买盘
1965,11:19:36,10.87,-0.02,13,14130,卖盘
1966,11:19:33,10.89,0.02,84,91476,买盘
1967,11:19:24,10.87,-0.01,10,10870,卖盘
1968,11:19:21,10.88,0.01,12,13056,买盘
1969,11:19:15,10.87,-0.01,19,20653,卖盘
1970,11:19:09,10.88,0.01,9,9792,买盘
1971,11:19:03,10.87,-0.01,9,9783,卖盘
1972,11:18:57,10.88,0.01,1,1088,中性盘
1973,11:18:51,10.87,--,8,8696,卖盘
1974,11:18:48,10.87,-0.02,50,54349,卖盘
1975,11:18:42,10.89,--,134,145926,买盘
1976,11:18:39,10.89,--,10,10890,买盘
1977,11:18:36,10.89,0.02,185,201465,买盘
1978,11:18:33,10.87,--,17,18479,卖盘
1979,11:18:18,10.87,--,20,21740,卖盘
1980,11:18:15,10.87,--,1,1087,卖盘
1981,11:18:12,10.87,-0.01,10,10870,卖盘
1982,11:18:09,10.88,0.01,226,245888,买盘
1983,11:18:06,10.87,-0.01,18,19566,卖盘
1984,11:18:03,10.88,0.01,51,55488,买盘
1985,11:18:00,10.87,--,19,20653,卖盘
1986,11:17:57,10.87,--,43,46741,卖盘
1987,11:17:54,10.87,--,54,58697,卖盘
1988,11:17:51,10.87,--,15,16304,卖盘
1989,11:17:48,10.87,--,5,5435,卖盘
1990,11:17:45,10.87,--,23,25001,卖盘
1991,11:17:42,10.87,-0.02,21,22827,卖盘
1992,11:17:39,10.89,0.02,58,63162,买盘
1993,11:17:36,10.87,--,88,95656,卖盘
1994,11:17:33,10.87,--,4,4348,卖盘
1995,11:17:30,10.87,--,20,21740,卖盘
1996,11:17:27,10.87,--,92,100004,卖盘
1997,11:17:24,10.87,--,18,19566,卖盘
1998,11:17:21,10.87,--,1,1087,卖盘
1999,11:17:12,10.87,-0.01,18,19566,卖盘
2000,11:17:09,10.88,0.01,9,9792,买盘
2001,11:17:03,10.87,--,9,9783,卖盘
2002,11:17:00,10.87,-0.01,139,151093,卖盘
2003,11:16:57,10.88,0.01,10,10880,买盘
2004,11:16:54,10.87,-0.01,10,10870,卖盘
2005,11:16:45,10.88,0.01,5,5440,买盘
2006,11:16:42,10.87,--,30,32609,卖盘
2007,11:16:39,10.87,-0.01,153,166311,卖盘
2008,11:16:36,10.88,--,24,26112,买盘
2009,11:16:33,10.88,--,141,153408,卖盘
2010,11:16:30,10.88,--,60,65280,卖盘
2011,11:16:27,10.88,--,22,23936,卖盘
2012,11:16:18,10.88,--,109,118592,卖盘
2013,11:16:15,10.88,--,11,11968,卖盘
2014,11:16:12,10.88,--,30,32640,卖盘
2015,11:16:09,10.88,--,19,20672,卖盘
2016,11:16:06,10.88,--,40,43520,卖盘
2017,11:16:03,10.88,--,11,11968,卖盘
2018,11:16:00,10.88,-0.01,10,10880,中性盘
2019,11:15:57,10.89,0.01,2,2178,买盘
2020,11:15:54,10.88,--,108,117504,卖盘
2021,11:15:51,10.88,-0.01,2,2176,卖盘
2022,11:15:48,10.89,0.01,28,30492,买盘
2023,11:15:45,10.88,--,18,19584,卖盘
2024,11:15:42,10.88,-0.01,101,109888,卖盘
2025,11:15:39,10.89,0.01,9,9801,买盘
2026,11:15:36,10.88,--,366,398208,卖盘
2027,11:15:33,10.88,-0.01,106,115328,卖盘
2028,11:15:30,10.89,--,20,21780,买盘
2029,11:15:27,10.89,0.01,12,13068,中性盘
2030,11:15:24,10.88,-0.02,11,11968,卖盘
2031,11:15:21,10.9,0.01,34,37060,买盘
2032,11:15:18,10.89,--,1,1089,卖盘
2033,11:15:15,10.89,--,9,9801,卖盘
2034,11:15:12,10.89,--,10,10890,卖盘
2035,11:15:09,10.89,--,14,15246,卖盘
2036,11:15:06,10.89,--,66,71874,卖盘
2037,11:15:03,10.89,--,116,126324,卖盘
2038,11:15:00,10.89,--,11,11979,卖盘
2039,11:14:57,10.89,-0.01,38,41382,卖盘
2040,11:14:54,10.9,0.01,12,13080,买盘
2041,11:14:51,10.89,--,10,10890,卖盘
2042,11:14:48,10.89,-0.01,50,54450,卖盘
2043,11:14:42,10.9,--,20,21800,买盘
2044,11:14:39,10.9,0.01,9,9810,买盘
2045,11:14:36,10.89,-0.01,52,56628,卖盘
2046,11:14:33,10.9,--,1,1090,买盘
2047,11:14:30,10.9,0.01,77,83930,买盘
2048,11:14:27,10.89,--,39,42471,卖盘
2049,11:14:18,10.89,--,58,63162,卖盘
2050,11:14:15,10.89,-0.01,10,10890,卖盘
2051,11:14:09,10.9,0.01,16,17440,买盘
2052,11:14:06,10.89,-0.01,177,192753,卖盘
2053,11:14:03,10.9,--,1,1090,买盘
2054,11:13:57,10.9,0.01,2,2180,买盘
2055,11:13:54,10.89,--,10,10890,卖盘
2056,11:13:45,10.89,-0.01,9,9801,卖盘
2057,11:13:42,10.9,--,49,53410,买盘
2058,11:13:39,10.9,--,9,9810,买盘
2059,11:13:33,10.9,--,55,59950,买盘
2060,11:13:30,10.9,0.01,75,81750,买盘
2061,11:13:21,10.89,--,11,11979,卖盘
2062,11:13:15,10.89,0.01,1,1089,中性盘
2063,11:13:09,10.88,-0.02,20,21760,卖盘
2064,11:13:03,10.9,--,7,7630,买盘
2065,11:12:57,10.9,--,11,11990,买盘
2066,11:12:54,10.9,0.02,8,8720,买盘
2067,11:12:51,10.88,--,59,64192,卖盘
2068,11:12:48,10.88,-0.02,9,9792,卖盘
2069,11:12:42,10.9,--,1,1090,买盘
2070,11:12:39,10.9,0.02,9,9810,买盘
2071,11:12:36,10.88,-0.02,8,8704,卖盘
2072,11:12:33,10.9,0.01,37,40330,买盘
2073,11:12:27,10.89,0.01,189,205821,中性盘
2074,11:12:24,10.88,-0.01,28,30464,卖盘
2075,11:12:21,10.89,--,119,129591,卖盘
2076,11:12:15,10.89,-0.01,10,10890,卖盘
2077,11:12:09,10.9,0.01,10,10900,买盘
2078,11:12:06,10.89,--,10,10890,卖盘
2079,11:12:03,10.89,--,1,1089,卖盘
2080,11:12:00,10.89,-0.01,136,148104,卖盘
2081,11:11:57,10.9,0.01,2,2180,买盘
2082,11:11:54,10.89,-0.01,8,8712,卖盘
2083,11:11:42,10.9,--,11,11990,买盘
2084,11:11:39,10.9,0.01,34,37060,买盘
2085,11:11:36,10.89,--,44,47916,卖盘
2086,11:11:30,10.89,-0.01,43,46827,卖盘
2087,11:11:24,10.9,--,86,93740,买盘
2088,11:11:21,10.9,0.01,17,18530,买盘
2089,11:11:15,10.89,--,1,1089,卖盘
2090,11:11:12,10.89,--,11,11979,卖盘
2091,11:11:09,10.89,--,11,11979,卖盘
2092,11:11:06,10.89,--,42,45738,卖盘
2093,11:11:03,10.89,--,3,3267,卖盘
2094,11:11:00,10.89,-0.01,9,9801,卖盘
2095,11:10:57,10.9,0.01,2,2180,买盘
2096,11:10:51,10.89,-0.01,93,101277,卖盘
2097,11:10:48,10.9,0.01,81,88290,买盘
2098,11:10:45,10.89,-0.01,47,51183,卖盘
2099,11:10:42,10.9,--,101,110090,买盘
2100,11:10:39,10.9,0.01,10,10900,买盘
2101,11:10:36,10.89,--,19,20691,卖盘
2102,11:10:33,10.89,-0.01,3,3267,卖盘
2103,11:10:27,10.9,--,54,58860,买盘
2104,11:10:24,10.9,0.01,81,88290,买盘
2105,11:10:21,10.89,--,150,163350,卖盘
2106,11:10:18,10.89,--,50,54450,卖盘
2107,11:10:15,10.89,--,10,10890,卖盘
2108,11:10:12,10.89,--,65,70785,卖盘
2109,11:10:09,10.89,--,22,23958,卖盘
2110,11:10:03,10.89,-0.01,10,10890,卖盘
2111,11:09:57,10.9,0.01,1,1090,买盘
2112,11:09:54,10.89,--,112,121968,卖盘
2113,11:09:51,10.89,--,119,129591,卖盘
2114,11:09:48,10.89,--,20,21780,卖盘
2115,11:09:42,10.89,-0.01,19,20691,卖盘
2116,11:09:39,10.9,--,31,33790,买盘
2117,11:09:33,10.9,--,45,49050,买盘
2118,11:09:30,10.9,0.01,39,42510,买盘
2119,11:09:27,10.89,--,10,10890,卖盘
2120,11:09:24,10.89,-0.01,83,90387,卖盘
2121,11:09:21,10.9,0.01,130,141700,买盘
2122,11:09:18,10.89,-0.01,9,9801,卖盘
2123,11:09:15,10.9,--,6,6540,买盘
2124,11:09:09,10.9,--,126,137340,买盘
2125,11:09:06,10.9,--,22,23980,买盘
2126,11:09:03,10.9,--,10,10900,买盘
2127,11:09:00,10.9,--,61,66490,卖盘
2128,11:08:57,10.9,--,9,9810,卖盘
2129,11:08:51,10.9,0.01,26,28340,买盘
2130,11:08:48,10.89,-0.01,54,58806,卖盘
2131,11:08:45,10.9,--,21,22890,卖盘
2132,11:08:42,10.9,--,71,77390,卖盘
2133,11:08:39,10.9,--,28,30520,卖盘
2134,11:08:36,10.9,--,20,21800,卖盘
2135,11:08:33,10.9,--,13,14170,卖盘
2136,11:08:30,10.9,--,51,55590,卖盘
2137,11:08:24,10.9,--,26,28340,卖盘
2138,11:08:21,10.9,-0.01,17,18530,卖盘
2139,11:08:18,10.91,0.01,164,178924,买盘
2140,11:08:15,10.9,-0.01,10,10900,卖盘
2141,11:08:12,10.91,--,30,32730,买盘
2142,11:08:09,10.91,0.01,9,9819,买盘
2143,11:08:03,10.9,--,9,9810,卖盘
2144,11:08:00,10.9,-0.01,11,11990,卖盘
2145,11:07:57,10.91,0.01,1,1091,买盘
2146,11:07:51,10.9,--,74,80660,卖盘
2147,11:07:48,10.9,--,13,14170,卖盘
2148,11:07:42,10.9,--,41,44690,卖盘
2149,11:07:39,10.9,--,20,21800,卖盘
2150,11:07:36,10.9,--,2,2180,卖盘
2151,11:07:30,10.9,--,9,9810,卖盘
2152,11:07:27,10.9,-0.01,93,101370,卖盘
2153,11:07:24,10.91,--,44,48004,买盘
2154,11:07:21,10.91,0.01,212,231292,买盘
2155,11:07:18,10.9,--,1,1090,卖盘
2156,11:07:15,10.9,--,8,8720,卖盘
2157,11:07:12,10.9,-0.01,75,81750,卖盘
2158,11:07:09,10.91,--,28,30548,买盘
2159,11:07:03,10.91,--,20,21820,买盘
2160,11:07:00,10.91,--,77,84007,买盘
2161,11:06:57,10.91,0.01,61,66551,买盘
2162,11:06:54,10.9,--,11,11990,卖盘
2163,11:06:51,10.9,--,8,8720,卖盘
2164,11:06:48,10.9,--,10,10900,卖盘
2165,11:06:45,10.9,--,13,14170,卖盘
2166,11:06:42,10.9,--,10,10900,卖盘
2167,11:06:39,10.9,-0.01,28,30520,卖盘
2168,11:06:36,10.91,0.01,50,54550,买盘
2169,11:06:33,10.9,--,111,120990,卖盘
2170,11:06:30,10.9,--,9,9810,卖盘
2171,11:06:27,10.9,--,11,11990,卖盘
2172,11:06:24,10.9,-0.01,56,61040,卖盘
2173,11:06:21,10.91,0.01,81,88371,买盘
2174,11:06:18,10.9,--,7,7630,卖盘
2175,11:06:15,10.9,--,11,11990,卖盘
2176,11:06:12,10.9,-0.01,61,66490,卖盘
2177,11:06:09,10.91,0.01,9,9819,买盘
2178,11:06:06,10.9,--,102,111180,卖盘
2179,11:06:03,10.9,-0.01,70,76300,卖盘
2180,11:05:57,10.91,0.01,12,13092,买盘
2181,11:05:48,10.9,--,19,20710,卖盘
2182,11:05:45,10.9,--,101,110090,卖盘
2183,11:05:42,10.9,-0.01,20,21800,卖盘
2184,11:05:39,10.91,0.01,29,31639,买盘
2185,11:05:27,10.9,--,8,8720,卖盘
2186,11:05:24,10.9,-0.01,8,8720,卖盘
2187,11:05:21,10.91,0.01,40,43640,买盘
2188,11:05:15,10.9,-0.01,102,111180,卖盘
2189,11:05:09,10.91,0.01,10,10910,买盘
2190,11:05:06,10.9,--,22,23980,卖盘
2191,11:05:03,10.9,--,27,29430,卖盘
2192,11:05:00,10.9,-0.01,15,16350,卖盘
2193,11:04:57,10.91,0.01,53,57823,买盘
2194,11:04:54,10.9,--,10,10900,卖盘
2195,11:04:48,10.9,--,9,9810,卖盘
2196,11:04:45,10.9,--,13,14170,卖盘
2197,11:04:42,10.9,-0.01,28,30520,卖盘
2198,11:04:39,10.91,0.02,9,9819,买盘
2199,11:04:36,10.89,-0.02,10,10890,卖盘
2200,11:04:33,10.91,0.01,155,169105,买盘
2201,11:04:30,10.9,--,17,18530,买盘
2202,11:04:27,10.9,--,60,65400,买盘
2203,11:04:24,10.9,-0.01,49,53410,卖盘
2204,11:04:21,10.91,0.01,38,41458,买盘
2205,11:04:18,10.9,-0.01,16,17440,卖盘
2206,11:04:15,10.91,0.01,82,89462,买盘
2207,11:04:12,10.9,-0.01,75,81750,卖盘
2208,11:04:09,10.91,--,19,20729,买盘
2209,11:04:00,10.91,--,50,54550,买盘
2210,11:03:57,10.91,--,1,1091,买盘
2211,11:03:54,10.91,0.01,31,33821,买盘
2212,11:03:51,10.9,--,110,119900,卖盘
2213,11:03:48,10.9,--,40,43600,卖盘
2214,11:03:45,10.9,-0.01,1,1090,中性盘
2215,11:03:42,10.91,0.01,60,65460,买盘
2216,11:03:39,10.9,-0.01,38,41420,卖盘
2217,11:03:36,10.91,--,6,6546,买盘
2218,11:03:30,10.91,0.01,11,12001,买盘
2219,11:03:27,10.9,--,10,10900,卖盘
2220,11:03:24,10.9,-0.01,38,41420,卖盘
2221,11:03:21,10.91,0.01,1,1091,买盘
2222,11:03:18,10.9,--,9,9810,卖盘
2223,11:03:15,10.9,--,130,141700,卖盘
2224,11:03:12,10.9,-0.01,100,109000,卖盘
2225,11:03:09,10.91,0.01,10,10910,买盘
2226,11:03:03,10.9,--,18,19620,卖盘
2227,11:03:00,10.9,-0.01,65,70850,卖盘
2228,11:02:57,10.91,0.01,2,2182,买盘
2229,11:02:54,10.9,--,10,10900,卖盘
2230,11:02:51,10.9,--,10,10900,卖盘
2231,11:02:45,10.9,--,48,52320,卖盘
2232,11:02:39,10.9,--,18,19620,卖盘
2233,11:02:36,10.9,--,82,89380,卖盘
2234,11:02:27,10.9,--,63,68670,卖盘
2235,11:02:24,10.9,--,64,69760,卖盘
2236,11:02:21,10.9,-0.01,70,76300,卖盘
2237,11:02:18,10.91,0.01,40,43640,买盘
2238,11:02:15,10.9,-0.01,50,54500,卖盘
2239,11:02:12,10.91,--,84,91644,买盘
2240,11:02:09,10.91,0.01,40,43640,买盘
2241,11:02:06,10.9,--,9,9810,卖盘
2242,11:02:03,10.9,-0.01,6,6540,卖盘
2243,11:02:00,10.91,--,51,55641,买盘
2244,11:01:57,10.91,0.01,10,10910,买盘
2245,11:01:51,10.9,-0.01,30,32700,卖盘
2246,11:01:48,10.91,0.01,2,2182,买盘
2247,11:01:45,10.9,--,22,23980,卖盘
2248,11:01:42,10.9,-0.01,20,21800,卖盘
2249,11:01:39,10.91,0.01,38,41458,买盘
2250,11:01:36,10.9,-0.01,129,140610,卖盘
2251,11:01:33,10.91,--,50,54550,买盘
2252,11:01:27,10.91,0.01,541,590231,买盘
2253,11:01:24,10.9,--,30,32700,卖盘
2254,11:01:21,10.9,--,39,42510,卖盘
2255,11:01:18,10.9,0.01,1832,1997752,买盘
2256,11:01:15,10.89,-0.01,40,43560,卖盘
2257,11:01:12,10.9,--,150,163500,买盘
2258,11:01:09,10.9,0.01,9,9810,买盘
2259,11:01:06,10.89,--,1,1089,卖盘
2260,11:01:03,10.89,-0.01,12,13068,卖盘
2261,11:01:00,10.9,--,155,168950,买盘
2262,11:00:57,10.9,--,67,73030,买盘
2263,11:00:54,10.9,0.01,23,25070,买盘
2264,11:00:51,10.89,--,40,43560,卖盘
2265,11:00:48,10.89,--,51,55539,卖盘
2266,11:00:45,10.89,--,42,45738,卖盘
2267,11:00:42,10.89,--,21,22869,卖盘
2268,11:00:39,10.89,-0.01,17,18513,卖盘
2269,11:00:36,10.9,0.01,421,458890,买盘
2270,11:00:33,10.89,--,12,13068,卖盘
2271,11:00:30,10.89,--,197,214533,卖盘
2272,11:00:24,10.89,--,10,10890,卖盘
2273,11:00:21,10.89,--,30,32670,卖盘
2274,11:00:18,10.89,-0.01,16,17424,卖盘
2275,11:00:15,10.9,0.01,48,52320,买盘
2276,11:00:12,10.89,-0.01,6,6534,卖盘
2277,11:00:09,10.9,0.01,83,90470,买盘
2278,11:00:06,10.89,--,70,76230,卖盘
2279,11:00:03,10.89,--,123,133947,买盘
2280,11:00:00,10.89,--,1,1089,买盘
2281,10:59:57,10.89,--,13,14157,买盘
2282,10:59:54,10.89,--,10,10890,买盘
2283,10:59:51,10.89,--,1,1089,买盘
2284,10:59:48,10.89,0.01,14,15246,买盘
2285,10:59:45,10.88,--,209,227392,卖盘
2286,10:59:42,10.88,-0.02,14,15232,卖盘
2287,10:59:39,10.9,0.01,1,1090,买盘
2288,10:59:33,10.89,0.01,70,76230,买盘
2289,10:59:27,10.88,-0.02,5,5440,卖盘
2290,10:59:21,10.9,--,72,78480,买盘
2291,10:59:15,10.9,0.02,3,3270,买盘
2292,10:59:12,10.88,-0.02,9,9792,卖盘
2293,10:59:09,10.9,0.01,36,39240,买盘
2294,10:59:06,10.89,0.01,85,92565,买盘
2295,10:59:00,10.88,--,10,10880,卖盘
2296,10:58:48,10.88,--,17,18496,卖盘
2297,10:58:45,10.88,-0.01,30,32640,卖盘
2298,10:58:42,10.89,0.01,39,42471,买盘
2299,10:58:39,10.88,-0.01,9,9792,卖盘
2300,10:58:36,10.89,--,1,1089,买盘
2301,10:58:33,10.89,0.01,7,7623,买盘
2302,10:58:30,10.88,-0.01,11,11968,卖盘
2303,10:58:18,10.89,0.01,49,53361,买盘
2304,10:58:12,10.88,-0.01,45,48960,卖盘
2305,10:58:06,10.89,0.01,68,74052,买盘
2306,10:58:03,10.88,-0.01,97,105536,卖盘
2307,10:57:57,10.89,0.01,86,93654,买盘
2308,10:57:51,10.88,--,10,10880,卖盘
2309,10:57:45,10.88,-0.01,25,27200,卖盘
2310,10:57:36,10.89,0.01,1,1089,买盘
2311,10:57:33,10.88,-0.01,107,116416,卖盘
2312,10:57:30,10.89,--,1,1089,买盘
2313,10:57:27,10.89,0.01,3,3267,买盘
2314,10:57:21,10.88,-0.01,9,9792,卖盘
2315,10:57:18,10.89,0.01,144,156816,买盘
2316,10:57:15,10.88,-0.01,5,5440,卖盘
2317,10:57:09,10.89,--,51,55539,买盘
2318,10:57:06,10.89,--,11,11979,买盘
2319,10:57:03,10.89,0.02,84,91476,买盘
2320,10:57:00,10.87,-0.01,93,101091,卖盘
2321,10:56:57,10.88,0.01,9,9792,买盘
2322,10:56:48,10.87,--,14,15217,卖盘
2323,10:56:45,10.87,-0.01,13,14130,卖盘
2324,10:56:42,10.88,0.01,78,84864,买盘
2325,10:56:36,10.87,--,9,9783,卖盘
2326,10:56:33,10.87,--,53,57610,卖盘
2327,10:56:27,10.87,-0.01,9,9783,卖盘
2328,10:56:21,10.88,0.01,6,6528,买盘
2329,10:56:15,10.87,-0.01,14,15217,卖盘
2330,10:56:09,10.88,--,7,7616,买盘
2331,10:56:06,10.88,--,27,29376,卖盘
2332,10:56:03,10.88,--,53,57664,卖盘
2333,10:56:00,10.88,-0.01,119,129472,卖盘
2334,10:55:57,10.89,0.02,87,94743,买盘
2335,10:55:54,10.87,--,10,10870,卖盘
2336,10:55:42,10.87,-0.01,10,10870,卖盘
2337,10:55:36,10.88,-0.01,187,203456,卖盘
2338,10:55:30,10.89,-0.01,17,18513,中性盘
2339,10:55:21,10.9,0.02,49,53410,买盘
2340,10:55:09,10.88,--,9,9792,卖盘
2341,10:55:06,10.88,-0.02,1,1088,卖盘
2342,10:55:03,10.9,--,48,52320,买盘
2343,10:55:00,10.9,0.01,76,82840,买盘
2344,10:54:57,10.89,--,22,23958,买盘
2345,10:54:51,10.89,0.01,10,10890,买盘
2346,10:54:48,10.88,-0.01,12,13056,卖盘
2347,10:54:45,10.89,-0.01,20,21780,卖盘
2348,10:54:42,10.9,0.01,81,88290,买盘
2349,10:54:39,10.89,-0.01,9,9801,卖盘
2350,10:54:36,10.9,0.01,18,19620,买盘
2351,10:54:33,10.89,-0.01,20,21780,卖盘
2352,10:54:27,10.9,0.01,12,13080,买盘
2353,10:54:24,10.89,--,215,234135,卖盘
2354,10:54:21,10.89,--,23,25047,卖盘
2355,10:54:18,10.89,--,1,1089,卖盘
2356,10:54:15,10.89,--,10,10890,卖盘
2357,10:54:12,10.89,--,7,7623,卖盘
2358,10:54:09,10.89,--,25,27225,卖盘
2359,10:54:06,10.89,-0.01,7,7623,卖盘
2360,10:54:03,10.9,0.01,50,54500,买盘
2361,10:54:00,10.89,-0.01,21,22869,卖盘
2362,10:53:57,10.9,0.01,99,107910,买盘
2363,10:53:54,10.89,--,10,10890,卖盘
2364,10:53:51,10.89,--,55,59895,卖盘
2365,10:53:48,10.89,-0.01,1,1089,卖盘
2366,10:53:45,10.9,0.01,61,66490,买盘
2367,10:53:36,10.89,-0.01,15,16335,卖盘
2368,10:53:33,10.9,0.01,5,5450,买盘
2369,10:53:30,10.89,--,4,4356,卖盘
2370,10:53:18,10.89,--,84,91476,卖盘
2371,10:53:15,10.89,--,29,31581,卖盘
2372,10:53:09,10.89,--,6,6534,卖盘
2373,10:53:00,10.89,-0.01,44,47916,卖盘
2374,10:52:57,10.9,--,90,98100,买盘
2375,10:52:54,10.9,0.01,45,49050,买盘
2376,10:52:51,10.89,--,20,21780,卖盘
2377,10:52:48,10.89,--,36,39204,卖盘
2378,10:52:45,10.89,-0.01,23,25047,卖盘
2379,10:52:42,10.9,--,1,1090,买盘
2380,10:52:36,10.9,--,1,1090,买盘
2381,10:52:30,10.9,0.01,1,1090,买盘
2382,10:52:27,10.89,--,10,10890,卖盘
2383,10:52:21,10.89,--,105,114345,卖盘
2384,10:52:18,10.89,--,22,23958,卖盘
2385,10:52:15,10.89,-0.01,114,124146,卖盘
2386,10:52:06,10.9,0.01,39,42510,买盘
2387,10:52:03,10.89,--,14,15246,卖盘
2388,10:52:00,10.89,-0.01,7,7623,卖盘
2389,10:51:57,10.9,0.01,48,52320,买盘
2390,10:51:54,10.89,-0.01,114,124146,卖盘
2391,10:51:51,10.9,0.01,10,10900,买盘
2392,10:51:48,10.89,--,1,1089,卖盘
2393,10:51:45,10.89,--,5,5445,卖盘
2394,10:51:42,10.89,-0.01,50,54450,卖盘
2395,10:51:39,10.9,--,76,82840,买盘
2396,10:51:36,10.9,0.01,137,149330,买盘
2397,10:51:33,10.89,--,17,18513,卖盘
2398,10:51:27,10.89,-0.01,5,5445,卖盘
2399,10:51:21,10.9,0.01,1,1090,买盘
2400,10:51:18,10.89,--,41,44649,卖盘
2401,10:51:12,10.89,--,15,16335,卖盘
2402,10:51:09,10.89,-0.01,9,9801,卖盘
2403,10:51:03,10.9,0.01,31,33790,买盘
2404,10:51:00,10.89,-0.01,5,5445,卖盘
2405,10:50:57,10.9,--,47,51230,买盘
2406,10:50:54,10.9,0.01,83,90470,买盘
2407,10:50:51,10.89,--,50,54450,卖盘
2408,10:50:48,10.89,--,1,1089,卖盘
2409,10:50:45,10.89,--,45,49005,卖盘
2410,10:50:36,10.89,--,21,22869,卖盘
2411,10:50:33,10.89,--,41,44649,卖盘
2412,10:50:24,10.89,-0.01,9,9801,卖盘
2413,10:50:21,10.9,0.01,518,564620,买盘
2414,10:50:18,10.89,--,51,55539,卖盘
2415,10:50:15,10.89,--,981,1068309,卖盘
2416,10:50:12,10.89,-0.01,66,71874,卖盘
2417,10:50:06,10.9,0.01,100,109000,买盘
2418,10:50:03,10.89,--,12,13068,卖盘
2419,10:50:00,10.89,-0.01,13,14157,卖盘
2420,10:49:57,10.9,--,71,77390,买盘
2421,10:49:54,10.9,0.01,5,5450,买盘
2422,10:49:51,10.89,--,322,350658,卖盘
2423,10:49:48,10.89,--,5,5445,卖盘
2424,10:49:45,10.89,--,330,359370,卖盘
2425,10:49:39,10.89,--,10,10890,卖盘
2426,10:49:33,10.89,-0.01,14,15246,卖盘
2427,10:49:30,10.9,0.01,254,276860,买盘
2428,10:49:27,10.89,-0.01,9,9801,卖盘
2429,10:49:24,10.9,0.01,51,55590,买盘
2430,10:49:18,10.89,--,11,11979,卖盘
2431,10:49:12,10.89,-0.01,59,64251,卖盘
2432,10:49:06,10.9,--,19,20710,买盘
2433,10:49:03,10.9,--,4,4360,买盘
2434,10:48:57,10.9,--,11,11990,买盘
2435,10:48:54,10.9,--,50,54500,买盘
2436,10:48:48,10.9,0.01,80,87200,买盘
2437,10:48:45,10.89,--,207,225423,卖盘
2438,10:48:42,10.89,--,11,11979,卖盘
2439,10:48:39,10.89,--,203,221067,卖盘
2440,10:48:33,10.89,--,12,13068,卖盘
2441,10:48:30,10.89,--,5,5445,卖盘
2442,10:48:27,10.89,--,33,35937,卖盘
2443,10:48:21,10.89,--,10,10890,卖盘
2444,10:48:18,10.89,--,3,3267,卖盘
2445,10:48:09,10.89,--,25,27225,卖盘
2446,10:48:06,10.89,-0.01,1,1089,卖盘
2447,10:48:03,10.9,0.01,61,66490,买盘
2448,10:48:00,10.89,-0.01,59,64251,卖盘
2449,10:47:57,10.9,--,31,33790,买盘
2450,10:47:54,10.9,--,46,50140,买盘
2451,10:47:51,10.9,0.01,123,134070,买盘
2452,10:47:48,10.89,-0.01,149,162261,卖盘
2453,10:47:45,10.9,0.01,22,23980,买盘
2454,10:47:39,10.89,-0.01,9,9801,卖盘
2455,10:47:36,10.9,--,33,35970,买盘
2456,10:47:33,10.9,0.01,3,3270,买盘
2457,10:47:27,10.89,--,15,16335,卖盘
2458,10:47:24,10.89,-0.01,12,13068,卖盘
2459,10:47:21,10.9,0.01,1,1090,买盘
2460,10:47:18,10.89,--,13,14157,卖盘
2461,10:47:15,10.89,--,14,15246,卖盘
2462,10:47:12,10.89,--,26,28314,卖盘
2463,10:47:09,10.89,-0.01,15,16335,卖盘
2464,10:47:06,10.9,--,134,146060,买盘
2465,10:47:03,10.9,--,557,607130,买盘
2466,10:47:00,10.9,--,100,109000,买盘
2467,10:46:57,10.9,0.01,72,78480,买盘
2468,10:46:54,10.89,--,22,23958,卖盘
2469,10:46:51,10.89,--,50,54450,卖盘
2470,10:46:48,10.89,--,18,19602,卖盘
2471,10:46:45,10.89,--,100,108900,卖盘
2472,10:46:42,10.89,--,39,42471,卖盘
2473,10:46:39,10.89,--,10,10890,卖盘
2474,10:46:36,10.89,-0.01,20,21780,卖盘
2475,10:46:33,10.9,0.01,8,8720,买盘
2476,10:46:30,10.89,--,20,21780,卖盘
2477,10:46:24,10.89,--,49,53361,卖盘
2478,10:46:21,10.89,-0.01,14,15246,卖盘
2479,10:46:18,10.9,0.01,7,7630,买盘
2480,10:46:09,10.89,--,9,9801,卖盘
2481,10:46:06,10.89,-0.01,10,10890,卖盘
2482,10:46:03,10.9,0.01,1,1090,买盘
2483,10:46:00,10.89,-0.01,11,11979,卖盘
2484,10:45:57,10.9,0.01,183,199470,买盘
2485,10:45:54,10.89,--,14,15246,卖盘
2486,10:45:51,10.89,--,9,9801,卖盘
2487,10:45:48,10.89,--,131,142659,卖盘
2488,10:45:45,10.89,--,20,21780,卖盘
2489,10:45:42,10.89,--,147,160083,卖盘
2490,10:45:39,10.89,--,129,140481,卖盘
2491,10:45:36,10.89,--,41,44649,卖盘
2492,10:45:33,10.89,--,200,217800,卖盘
2493,10:45:27,10.89,--,9,9801,卖盘
2494,10:45:18,10.89,--,1,1089,卖盘
2495,10:45:15,10.89,-0.01,9,9801,卖盘
2496,10:45:06,10.9,0.01,10,10900,买盘
2497,10:45:03,10.89,-0.01,57,62073,卖盘
2498,10:45:00,10.9,--,111,120990,买盘
2499,10:44:57,10.9,--,3,3270,买盘
2500,10:44:54,10.9,0.01,13,14170,买盘
2501,10:44:48,10.89,-0.01,1,1089,卖盘
2502,10:44:45,10.9,0.01,153,166770,买盘
2503,10:44:42,10.89,--,50,54450,卖盘
2504,10:44:39,10.89,-0.01,100,108900,卖盘
2505,10:44:36,10.9,0.01,7,7630,买盘
2506,10:44:33,10.89,--,18,19602,卖盘
2507,10:44:30,10.89,-0.01,60,65340,卖盘
2508,10:44:27,10.9,--,2,2180,买盘
2509,10:44:24,10.9,0.01,59,64310,买盘
2510,10:44:21,10.89,--,55,59895,卖盘
2511,10:44:18,10.89,-0.01,1,1089,卖盘
2512,10:44:12,10.9,--,43,46870,买盘
2513,10:44:09,10.9,0.01,20,21800,买盘
2514,10:44:06,10.89,--,17,18513,卖盘
2515,10:44:03,10.89,-0.01,20,21780,卖盘
2516,10:43:57,10.9,--,1,1090,买盘
2517,10:43:54,10.9,0.01,13,14170,买盘
2518,10:43:51,10.89,--,8,8712,卖盘
2519,10:43:48,10.89,0.01,104,113256,卖盘
2520,10:43:45,10.88,-0.02,20,21760,卖盘
2521,10:43:42,10.9,0.01,61,66490,买盘
2522,10:43:39,10.89,0.01,94,102801,买盘
2523,10:43:36,10.88,-0.01,19,20672,卖盘
2524,10:43:33,10.89,0.01,42,45738,买盘
2525,10:43:30,10.88,--,47,51136,卖盘
2526,10:43:27,10.88,-0.01,10,10880,卖盘
2527,10:43:24,10.89,0.01,65,70785,买盘
2528,10:43:21,10.88,0.01,17,18496,买盘
2529,10:43:18,10.87,--,10,10870,卖盘
2530,10:43:12,10.87,-0.01,74,80438,卖盘
2531,10:43:09,10.88,--,110,119680,买盘
2532,10:43:03,10.88,--,16,17408,买盘
2533,10:43:00,10.88,--,9,9792,买盘
2534,10:42:57,10.88,0.01,25,27200,买盘
2535,10:42:54,10.87,-0.02,10,10870,卖盘
2536,10:42:48,10.89,0.02,71,77319,买盘
2537,10:42:45,10.87,-0.02,17,18479,卖盘
2538,10:42:42,10.89,0.02,142,154638,买盘
2539,10:42:39,10.87,--,7,7608,卖盘
2540,10:42:36,10.87,0.01,9,9783,卖盘
2541,10:42:33,10.86,--,21,22806,卖盘
2542,10:42:27,10.86,--,30,32580,卖盘
2543,10:42:21,10.86,--,10,10860,卖盘
2544,10:42:18,10.86,--,10,10860,卖盘
2545,10:42:12,10.86,-0.01,18,19548,卖盘
2546,10:42:09,10.87,-0.01,14,15217,卖盘
2547,10:42:03,10.88,0.01,34,36992,买盘
2548,10:42:00,10.87,-0.01,8,8696,卖盘
2549,10:41:57,10.88,--,46,50048,买盘
2550,10:41:51,10.88,0.01,44,47872,买盘
2551,10:41:45,10.87,-0.01,9,9783,卖盘
2552,10:41:42,10.88,0.01,54,58752,买盘
2553,10:41:39,10.87,--,85,92395,卖盘
2554,10:41:33,10.87,--,113,122830,卖盘
2555,10:41:24,10.87,-0.01,21,22827,卖盘
2556,10:41:15,10.88,0.01,19,20672,买盘
2557,10:41:12,10.87,-0.01,20,21740,卖盘
2558,10:41:09,10.88,0.01,11,11968,买盘
2559,10:41:06,10.87,-0.01,19,20653,卖盘
2560,10:41:00,10.88,-0.02,626,681740,卖盘
2561,10:40:57,10.9,0.02,36,39240,买盘
2562,10:40:54,10.88,-0.01,10,10880,卖盘
2563,10:40:51,10.89,0.01,5,5445,买盘
2564,10:40:48,10.88,--,9,9792,卖盘
2565,10:40:45,10.88,-0.02,29,31552,卖盘
2566,10:40:42,10.9,--,50,54500,买盘
2567,10:40:36,10.9,0.02,71,77390,买盘
2568,10:40:33,10.88,--,11,11968,卖盘
2569,10:40:30,10.88,-0.01,60,65280,卖盘
2570,10:40:24,10.89,0.01,50,54450,买盘
2571,10:40:21,10.88,-0.01,19,20672,卖盘
2572,10:40:18,10.89,--,172,187308,买盘
2573,10:40:15,10.89,0.01,154,167706,买盘
2574,10:40:12,10.88,--,4,4352,卖盘
2575,10:40:09,10.88,-0.01,18,19584,卖盘
2576,10:40:06,10.89,--,13,14157,买盘
2577,10:40:03,10.89,0.01,1,1089,买盘
2578,10:40:00,10.88,--,11,11968,卖盘
2579,10:39:57,10.88,--,10,10880,卖盘
2580,10:39:54,10.88,-0.01,12,13056,卖盘
2581,10:39:48,10.89,0.01,64,69696,买盘
2582,10:39:45,10.88,-0.01,12,13056,卖盘
2583,10:39:42,10.89,0.01,43,46827,买盘
2584,10:39:36,10.88,--,41,44608,卖盘
2585,10:39:33,10.88,-0.01,102,110976,卖盘
2586,10:39:27,10.89,--,52,56628,买盘
2587,10:39:24,10.89,--,7,7623,买盘
2588,10:39:21,10.89,--,1,1089,买盘
2589,10:39:18,10.89,0.01,4,4356,买盘
2590,10:39:15,10.88,-0.01,19,20672,卖盘
2591,10:39:12,10.89,--,20,21780,买盘
2592,10:39:09,10.89,--,14,15246,买盘
2593,10:39:06,10.89,0.01,50,54450,买盘
2594,10:39:03,10.88,--,162,176256,卖盘
2595,10:39:00,10.88,-0.01,9,9792,卖盘
2596,10:38:57,10.89,0.01,22,23958,买盘
2597,10:38:54,10.88,--,17,18496,卖盘
2598,10:38:51,10.88,-0.01,41,44608,卖盘
2599,10:38:48,10.89,0.01,20,21780,买盘
2600,10:38:45,10.88,--,22,23936,卖盘
2601,10:38:42,10.88,--,3,3264,卖盘
2602,10:38:36,10.88,-0.01,45,48960,卖盘
2603,10:38:33,10.89,0.01,98,106722,买盘
2604,10:38:30,10.88,-0.01,19,20672,卖盘
2605,10:38:21,10.89,--,10,10890,买盘
2606,10:38:18,10.89,0.01,25,27225,买盘
2607,10:38:15,10.88,--,1,1088,卖盘
2608,10:38:09,10.88,--,10,10880,卖盘
2609,10:38:06,10.88,-0.01,10,10880,卖盘
2610,10:38:03,10.89,0.01,1,1089,买盘
2611,10:38:00,10.88,-0.01,42,45696,卖盘
2612,10:37:57,10.89,0.01,81,88426,买盘
2613,10:37:51,10.88,-0.01,26,28288,卖盘
2614,10:37:48,10.89,0.01,22,23958,买盘
2615,10:37:45,10.88,-0.01,10,10880,卖盘
2616,10:37:39,10.89,--,22,23958,买盘
2617,10:37:36,10.89,0.01,56,60984,买盘
2618,10:37:33,10.88,-0.01,18,19584,卖盘
2619,10:37:30,10.89,--,104,113256,买盘
2620,10:37:27,10.89,0.01,102,111078,买盘
2621,10:37:24,10.88,--,10,10880,卖盘
2622,10:37:21,10.88,-0.01,25,27200,卖盘
2623,10:37:15,10.89,0.01,11,11979,买盘
2624,10:37:12,10.88,-0.01,11,11968,卖盘
2625,10:37:09,10.89,0.01,43,46827,买盘
2626,10:37:06,10.88,-0.01,9,9792,卖盘
2627,10:37:03,10.89,--,50,54450,买盘
2628,10:37:00,10.89,--,2,2178,买盘
2629,10:36:57,10.89,0.01,21,22869,买盘
2630,10:36:51,10.88,-0.02,19,20672,卖盘
2631,10:36:45,10.9,--,30,32700,买盘
2632,10:36:42,10.9,0.02,1,1090,买盘
2633,10:36:39,10.88,-0.02,10,10880,卖盘
2634,10:36:36,10.9,--,43,46870,买盘
2635,10:36:30,10.9,0.02,91,99190,买盘
2636,10:36:27,10.88,-0.01,9,9792,卖盘
2637,10:36:24,10.89,--,73,79497,买盘
2638,10:36:21,10.89,0.01,14,15246,买盘
2639,10:36:15,10.88,--,40,43520,卖盘
2640,10:36:12,10.88,--,29,31552,卖盘
2641,10:36:03,10.88,-0.01,9,9792,卖盘
2642,10:35:57,10.89,--,11,11979,买盘
2643,10:35:54,10.89,--,1,1089,卖盘
2644,10:35:48,10.89,-0.01,21,22869,卖盘
2645,10:35:45,10.9,0.01,16,17440,买盘
2646,10:35:42,10.89,0.01,19,20691,中性盘
2647,10:35:33,10.88,--,46,50048,卖盘
2648,10:35:30,10.88,-0.01,9,9792,卖盘
2649,10:35:27,10.89,--,81,88209,买盘
2650,10:35:21,10.89,0.01,18,19602,买盘
2651,10:35:15,10.88,--,13,14144,卖盘
2652,10:35:12,10.88,--,30,32640,卖盘
2653,10:35:00,10.88,-0.01,146,158848,卖盘
2654,10:34:57,10.89,0.01,1,1089,买盘
2655,10:34:48,10.88,--,20,21760,卖盘
2656,10:34:45,10.88,--,463,503744,卖盘
2657,10:34:42,10.88,--,5,5440,卖盘
2658,10:34:36,10.88,-0.01,36,39168,卖盘
2659,10:34:33,10.89,0.01,44,47916,买盘
2660,10:34:30,10.88,-0.01,2,2176,卖盘
2661,10:34:27,10.89,0.01,87,94743,买盘
2662,10:34:24,10.88,--,20,21760,卖盘
2663,10:34:21,10.88,--,15,16320,卖盘
2664,10:34:18,10.88,--,9,9792,卖盘
2665,10:34:15,10.88,--,17,18496,卖盘
2666,10:34:12,10.88,--,4,4352,卖盘
2667,10:34:06,10.88,-0.01,28,30464,卖盘
2668,10:34:03,10.89,--,37,40293,买盘
2669,10:34:00,10.89,--,2,2178,买盘
2670,10:33:57,10.89,--,82,89298,卖盘
2671,10:33:54,10.89,--,9,9801,卖盘
2672,10:33:51,10.89,--,2,2178,卖盘
2673,10:33:48,10.89,--,2,2178,卖盘
2674,10:33:45,10.89,0.01,11,11979,买盘
2675,10:33:42,10.88,-0.02,12,13056,卖盘
2676,10:33:39,10.9,0.02,5,5450,买盘
2677,10:33:33,10.88,-0.02,9,9792,卖盘
2678,10:33:30,10.9,--,43,46870,买盘
2679,10:33:27,10.9,--,83,90470,买盘
2680,10:33:24,10.9,0.02,7,7630,买盘
2681,10:33:21,10.88,-0.02,9,9792,卖盘
2682,10:33:15,10.9,0.02,13,14170,买盘
2683,10:33:09,10.88,-0.02,60,65280,卖盘
2684,10:33:03,10.9,0.02,10,10900,买盘
2685,10:33:00,10.88,-0.02,25,27200,卖盘
2686,10:32:57,10.9,0.02,1,1090,买盘
2687,10:32:54,10.88,--,2,2176,卖盘
2688,10:32:51,10.88,--,25,27200,卖盘
2689,10:32:48,10.88,--,10,10880,卖盘
2690,10:32:45,10.88,-0.02,22,23936,卖盘
2691,10:32:42,10.9,0.02,12,13080,买盘
2692,10:32:36,10.88,-0.02,9,9792,卖盘
2693,10:32:33,10.9,--,30,32700,买盘
2694,10:32:30,10.9,0.02,44,47960,买盘
2695,10:32:24,10.88,--,94,102272,卖盘
2696,10:32:18,10.88,-0.02,2,2176,卖盘
2697,10:32:15,10.9,0.02,38,41420,买盘
2698,10:32:12,10.88,--,3,3264,卖盘
2699,10:32:09,10.88,--,20,21760,卖盘
2700,10:32:06,10.88,--,21,22848,卖盘
2701,10:32:03,10.88,-0.02,9,9792,卖盘
2702,10:31:57,10.9,--,3,3270,买盘
2703,10:31:54,10.9,0.02,20,21800,买盘
2704,10:31:42,10.88,-0.02,9,9792,卖盘
2705,10:31:33,10.9,--,12,13080,买盘
2706,10:31:30,10.9,0.01,1,1090,买盘
2707,10:31:27,10.89,-0.01,14,15246,中性盘
2708,10:31:24,10.9,0.01,68,74120,买盘
2709,10:31:21,10.89,--,79,86031,买盘
2710,10:31:18,10.89,0.01,37,40293,买盘
2711,10:31:15,10.88,-0.01,1,1088,卖盘
2712,10:31:12,10.89,--,24,26136,卖盘
2713,10:31:06,10.89,--,18,19602,卖盘
2714,10:31:03,10.89,--,24,26136,卖盘
2715,10:31:00,10.89,-0.01,1,1089,卖盘
2716,10:30:57,10.9,0.01,11,11990,买盘
2717,10:30:54,10.89,--,60,65340,卖盘
2718,10:30:45,10.89,-0.01,16,17424,卖盘
2719,10:30:36,10.9,--,2,2180,卖盘
2720,10:30:33,10.9,0.01,109,118810,卖盘
2721,10:30:27,10.89,-0.02,10,10890,卖盘
2722,10:30:24,10.91,--,48,52368,买盘
2723,10:30:21,10.91,--,13,14183,买盘
2724,10:30:18,10.91,--,72,78552,买盘
2725,10:30:15,10.91,0.02,28,30548,买盘
2726,10:30:12,10.89,-0.02,9,9801,卖盘
2727,10:30:09,10.91,--,4,4364,买盘
2728,10:30:06,10.91,--,7,7637,买盘
2729,10:30:03,10.91,0.01,14,15274,买盘
2730,10:30:00,10.9,-0.01,3,3270,卖盘
2731,10:29:57,10.91,0.01,3,3273,买盘
2732,10:29:54,10.9,--,140,152600,卖盘
2733,10:29:51,10.9,--,16,17440,卖盘
2734,10:29:48,10.9,-0.01,1,1090,卖盘
2735,10:29:45,10.91,0.01,7,7637,买盘
2736,10:29:42,10.9,--,60,65400,卖盘
2737,10:29:36,10.9,-0.01,17,18530,卖盘
2738,10:29:30,10.91,0.01,1,1091,买盘
2739,10:29:27,10.9,-0.01,3,3270,卖盘
2740,10:29:24,10.91,0.01,36,39276,买盘
2741,10:29:21,10.9,--,85,92650,卖盘
2742,10:29:18,10.9,0.01,45,49050,买盘
2743,10:29:12,10.89,-0.02,2,2178,卖盘
2744,10:29:09,10.91,0.01,36,39276,买盘
2745,10:29:03,10.9,-0.01,7,7630,卖盘
2746,10:28:57,10.91,0.02,29,31639,买盘
2747,10:28:51,10.89,-0.01,14,15246,卖盘
2748,10:28:48,10.9,--,20,21800,买盘
2749,10:28:42,10.9,--,1,1090,买盘
2750,10:28:39,10.9,--,5,5450,买盘
2751,10:28:36,10.9,-0.01,13,14170,卖盘
2752,10:28:33,10.91,0.01,50,54550,买盘
2753,10:28:27,10.9,-0.01,5,5450,卖盘
2754,10:28:21,10.91,--,53,57823,买盘
2755,10:28:18,10.91,--,75,81825,买盘
2756,10:28:15,10.91,0.01,5,5455,买盘
2757,10:28:12,10.9,--,20,21800,卖盘
2758,10:28:09,10.9,--,12,13080,卖盘
2759,10:28:03,10.9,--,9,9810,卖盘
2760,10:28:00,10.9,-0.01,15,16350,卖盘
2761,10:27:57,10.91,--,2,2182,买盘
2762,10:27:54,10.91,--,12,13092,买盘
2763,10:27:51,10.91,0.01,12,13092,买盘
2764,10:27:48,10.9,-0.01,1,1090,卖盘
2765,10:27:45,10.91,0.02,3,3273,买盘
2766,10:27:39,10.89,--,15,16335,卖盘
2767,10:27:36,10.89,-0.02,22,24023,卖盘
2768,10:27:33,10.91,--,1,1091,买盘
2769,10:27:30,10.91,--,1,1091,买盘
2770,10:27:24,10.91,--,34,37094,买盘
2771,10:27:21,10.91,--,1,1091,买盘
2772,10:27:18,10.91,0.02,106,115646,买盘
2773,10:27:15,10.89,--,14,15246,卖盘
2774,10:27:06,10.89,--,15,16335,卖盘
2775,10:27:00,10.89,-0.01,5,5445,卖盘
2776,10:26:57,10.9,--,494,538460,买盘
2777,10:26:54,10.9,--,10,10900,买盘
2778,10:26:48,10.9,0.01,91,99190,买盘
2779,10:26:45,10.89,-0.01,43,46827,卖盘
2780,10:26:42,10.9,0.01,13,14170,买盘
2781,10:26:39,10.89,-0.01,20,21780,卖盘
2782,10:26:36,10.9,--,15,16350,买盘
2783,10:26:24,10.9,--,10,10900,买盘
2784,10:26:21,10.9,--,20,21800,买盘
2785,10:26:18,10.9,--,41,44690,买盘
2786,10:26:15,10.9,--,79,86110,买盘
2787,10:26:09,10.9,--,11,11990,买盘
2788,10:26:03,10.9,0.02,1,1090,买盘
2789,10:25:57,10.88,-0.02,100,108800,卖盘
2790,10:25:51,10.9,0.01,59,64310,买盘
2791,10:25:48,10.89,0.01,7,7623,买盘
2792,10:25:45,10.88,--,11,11968,卖盘
2793,10:25:36,10.88,-0.02,31,33728,卖盘
2794,10:25:33,10.9,0.02,5,5450,买盘
2795,10:25:30,10.88,-0.02,50,54400,卖盘
2796,10:25:24,10.9,--,10,10900,买盘
2797,10:25:21,10.9,0.02,7,7630,买盘
2798,10:25:18,10.88,-0.02,55,59840,卖盘
2799,10:25:12,10.9,0.01,115,125350,买盘
2800,10:25:00,10.89,--,10,10890,买盘
2801,10:24:57,10.89,--,5,5445,买盘
2802,10:24:54,10.89,--,4,4356,买盘
2803,10:24:45,10.89,--,31,33759,买盘
2804,10:24:42,10.89,--,1,1089,买盘
2805,10:24:30,10.89,--,14,15246,买盘
2806,10:24:21,10.89,0.01,8,8712,买盘
2807,10:24:18,10.88,-0.01,20,21760,卖盘
2808,10:24:15,10.89,-0.01,43,46827,中性盘
2809,10:24:12,10.9,0.02,93,101370,买盘
2810,10:24:09,10.88,--,1,1088,卖盘
2811,10:24:06,10.88,-0.01,10,10880,卖盘
2812,10:24:03,10.89,--,321,349569,买盘
2813,10:24:00,10.89,0.01,207,225423,买盘
2814,10:23:57,10.88,-0.01,10,10880,卖盘
2815,10:23:54,10.89,--,40,43560,买盘
2816,10:23:42,10.89,-0.01,71,77319,卖盘
2817,10:23:33,10.9,--,77,83930,买盘
