,time,price,change,volume,amount,type
0,15:00:03,7.57,0.01,7343,5558651,买盘
1,14:57:00,7.56,-0.01,932,704592,卖盘
2,14:56:57,7.57,--,151,114307,买盘
3,14:56:54,7.57,0.01,103,77971,买盘
4,14:56:51,7.56,--,156,117936,卖盘
5,14:56:48,7.56,--,16,12096,卖盘
6,14:56:45,7.56,--,27,20412,卖盘
7,14:56:42,7.56,-0.01,139,105084,卖盘
8,14:56:39,7.57,--,5,3785,买盘
9,14:56:36,7.57,0.01,21,15897,买盘
10,14:56:33,7.56,--,52,39312,卖盘
11,14:56:27,7.56,-0.01,59,44604,卖盘
12,14:56:24,7.57,--,23,17411,买盘
13,14:56:21,7.57,--,305,230885,买盘
14,14:56:18,7.57,0.01,540,408780,买盘
15,14:56:15,7.56,-0.01,26,19656,卖盘
16,14:56:12,7.57,--,46,34822,买盘
17,14:56:09,7.57,0.01,54,40878,买盘
18,14:56:06,7.56,-0.01,28,21168,卖盘
19,14:56:03,7.57,--,362,274034,买盘
20,14:56:00,7.57,--,20,15140,买盘
21,14:55:57,7.57,0.01,116,87812,买盘
22,14:55:54,7.56,--,119,89964,卖盘
23,14:55:51,7.56,-0.01,323,244188,卖盘
24,14:55:48,7.57,--,18,13626,买盘
25,14:55:45,7.57,--,1,757,买盘
26,14:55:42,7.57,--,64,48448,买盘
27,14:55:39,7.57,--,40,30280,买盘
28,14:55:33,7.57,--,12,9084,买盘
29,14:55:30,7.57,--,30,22710,买盘
30,14:55:27,7.57,--,5,3785,买盘
31,14:55:24,7.57,--,183,138531,买盘
32,14:55:21,7.57,--,330,249810,买盘
33,14:55:18,7.57,--,361,273277,买盘
34,14:55:15,7.57,--,187,141559,买盘
35,14:55:12,7.57,--,11,8327,买盘
36,14:55:06,7.57,--,56,42392,买盘
37,14:55:03,7.57,--,127,96139,买盘
38,14:55:00,7.57,--,23,17411,买盘
39,14:54:57,7.57,--,13,9841,买盘
40,14:54:51,7.57,0.01,10,7570,买盘
41,14:54:48,7.56,-0.01,23,17388,卖盘
42,14:54:45,7.57,--,26,19682,买盘
43,14:54:42,7.57,0.01,2,1514,买盘
44,14:54:39,7.56,--,50,37800,卖盘
45,14:54:36,7.56,-0.01,3,2268,卖盘
46,14:54:33,7.57,0.01,7,5299,买盘
47,14:54:30,7.56,--,40,30240,卖盘
48,14:54:27,7.56,--,46,34776,卖盘
49,14:54:24,7.56,--,5,3780,卖盘
50,14:54:21,7.56,-0.01,55,41580,卖盘
51,14:54:18,7.57,0.01,201,152157,买盘
52,14:54:15,7.56,--,14,10584,卖盘
53,14:54:12,7.56,--,15,11340,卖盘
54,14:54:09,7.56,-0.01,111,83916,卖盘
55,14:54:06,7.57,0.01,40,30280,买盘
56,14:54:03,7.56,--,74,55944,卖盘
57,14:54:00,7.56,-0.01,82,61992,卖盘
58,14:53:57,7.57,0.01,3862,2923912,买盘
59,14:53:54,7.56,0.01,17,12852,买盘
60,14:53:51,7.55,--,64,48320,卖盘
61,14:53:48,7.55,--,43,32465,卖盘
62,14:53:45,7.55,-0.01,61,46055,卖盘
63,14:53:39,7.56,--,56,42336,买盘
64,14:53:36,7.56,0.01,14,10584,买盘
65,14:53:33,7.55,--,98,73990,买盘
66,14:53:30,7.55,-0.01,40,30200,卖盘
67,14:53:27,7.56,0.01,12,9072,买盘
68,14:53:24,7.55,--,5,3775,买盘
69,14:53:21,7.55,-0.01,5,3775,卖盘
70,14:53:18,7.56,0.01,117,88452,买盘
71,14:53:15,7.55,--,30,22650,买盘
72,14:53:12,7.55,0.01,12,9060,买盘
73,14:53:09,7.54,-0.02,81,61074,卖盘
74,14:53:06,7.56,0.01,138,104328,买盘
75,14:53:03,7.55,--,10,7550,买盘
76,14:53:00,7.55,--,6,4530,买盘
77,14:52:57,7.55,--,91,68705,卖盘
78,14:52:54,7.55,--,16,12080,卖盘
79,14:52:51,7.55,--,44,33220,卖盘
80,14:52:48,7.55,--,268,202340,卖盘
81,14:52:45,7.55,--,14,10570,卖盘
82,14:52:42,7.55,--,410,309550,卖盘
83,14:52:39,7.55,--,110,83050,卖盘
84,14:52:36,7.55,-0.01,4,3020,卖盘
85,14:52:33,7.56,--,8,6048,买盘
86,14:52:30,7.56,0.01,11,8316,买盘
87,14:52:27,7.55,--,122,92110,卖盘
88,14:52:24,7.55,--,755,570025,卖盘
89,14:52:21,7.55,--,4,3020,卖盘
90,14:52:18,7.55,--,6,4530,卖盘
91,14:52:15,7.55,-0.01,22,16610,卖盘
92,14:52:12,7.56,0.01,162,122472,买盘
93,14:52:09,7.55,-0.01,167,126085,卖盘
94,14:52:03,7.56,0.01,17,12852,买盘
95,14:52:00,7.55,-0.01,8,6040,卖盘
96,14:51:57,7.56,--,112,84672,买盘
97,14:51:54,7.56,--,10,7560,买盘
98,14:51:51,7.56,0.01,117,88452,买盘
99,14:51:48,7.55,--,5,3775,卖盘
100,14:51:45,7.55,--,35,26425,卖盘
101,14:51:42,7.55,-0.01,2528,1908640,卖盘
102,14:51:39,7.56,--,60,45360,买盘
103,14:51:36,7.56,--,20,15120,买盘
104,14:51:33,7.56,0.01,133,100548,买盘
105,14:51:27,7.55,--,14,10570,卖盘
106,14:51:24,7.55,--,41,30955,卖盘
107,14:51:21,7.55,--,39,29445,卖盘
108,14:51:18,7.55,--,2666,2012830,卖盘
109,14:51:15,7.55,-0.01,103,77765,卖盘
110,14:51:12,7.56,--,80,60480,买盘
111,14:51:09,7.56,0.01,6,4536,买盘
112,14:51:06,7.55,-0.01,18,13590,卖盘
113,14:51:03,7.56,--,73,55188,买盘
114,14:51:00,7.56,--,7,5292,买盘
115,14:50:57,7.56,0.01,354,267624,买盘
116,14:50:51,7.55,-0.01,208,157040,卖盘
117,14:50:48,7.56,0.01,106,80136,买盘
118,14:50:45,7.55,-0.01,593,447715,卖盘
119,14:50:42,7.56,0.01,47,35532,买盘
120,14:50:39,7.55,--,105,79275,卖盘
121,14:50:36,7.55,--,111,83805,卖盘
122,14:50:33,7.55,-0.01,102,77010,卖盘
123,14:50:27,7.56,0.01,36,27216,买盘
124,14:50:24,7.55,--,11,8305,卖盘
125,14:50:21,7.55,--,14,10570,卖盘
126,14:50:18,7.55,--,7,5285,卖盘
127,14:50:15,7.55,--,40,30200,卖盘
128,14:50:12,7.55,--,10,7550,卖盘
129,14:50:09,7.55,--,27,20385,卖盘
130,14:50:06,7.55,--,30,22650,卖盘
131,14:50:03,7.55,--,167,126085,卖盘
132,14:50:00,7.55,-0.01,180,135900,卖盘
133,14:49:57,7.56,0.01,25,18900,买盘
134,14:49:54,7.55,-0.01,83,62665,卖盘
135,14:49:51,7.56,--,73,55188,买盘
136,14:49:48,7.56,0.01,498,376488,买盘
137,14:49:45,7.55,--,104,78520,买盘
138,14:49:42,7.55,--,968,730840,买盘
139,14:49:39,7.55,--,64,48320,买盘
140,14:49:36,7.55,--,10,7550,买盘
141,14:49:33,7.55,--,161,121555,买盘
142,14:49:30,7.55,--,316,238580,买盘
143,14:49:27,7.55,0.01,79,59645,买盘
144,14:49:24,7.54,--,20,15080,卖盘
145,14:49:21,7.54,-0.01,5,3770,卖盘
146,14:49:18,7.55,--,36,27180,买盘
147,14:49:15,7.55,0.01,342,258210,买盘
148,14:49:12,7.54,-0.01,2,1508,卖盘
149,14:49:06,7.55,--,37,27935,买盘
150,14:49:03,7.55,--,83,62665,买盘
151,14:49:00,7.55,--,3,2265,买盘
152,14:48:57,7.55,--,15,11325,买盘
153,14:48:54,7.55,--,25,18875,买盘
154,14:48:51,7.55,0.01,50,37750,买盘
155,14:48:45,7.54,--,27,20358,卖盘
156,14:48:42,7.54,-0.01,1,754,卖盘
157,14:48:39,7.55,--,1,755,买盘
158,14:48:36,7.55,--,136,102680,买盘
159,14:48:33,7.55,0.01,10,7550,买盘
160,14:48:30,7.54,-0.01,40,30160,卖盘
161,14:48:27,7.55,--,34,25670,买盘
162,14:48:24,7.55,--,9,6795,买盘
163,14:48:21,7.55,0.01,50,37750,买盘
164,14:48:18,7.54,-0.01,12,9048,卖盘
165,14:48:15,7.55,--,567,428085,买盘
166,14:48:12,7.55,--,136,102680,买盘
167,14:48:09,7.55,--,10,7550,买盘
168,14:48:06,7.55,--,157,118535,买盘
169,14:48:03,7.55,--,95,71725,买盘
170,14:48:00,7.55,--,197,148735,买盘
171,14:47:57,7.55,--,214,161570,买盘
172,14:47:51,7.55,--,10,7550,买盘
173,14:47:45,7.55,--,37,27935,买盘
174,14:47:42,7.55,--,90,67950,买盘
175,14:47:39,7.55,0.01,13,9815,买盘
176,14:47:36,7.54,-0.01,429,323466,卖盘
177,14:47:33,7.55,--,7,5285,买盘
178,14:47:27,7.55,--,10,7550,买盘
179,14:47:24,7.55,--,43,32465,买盘
180,14:47:21,7.55,--,378,285390,买盘
181,14:47:18,7.55,--,38,28690,买盘
182,14:47:15,7.55,--,68,51340,买盘
183,14:47:12,7.55,--,203,153265,买盘
184,14:47:09,7.55,--,6,4530,买盘
185,14:47:06,7.55,--,278,209890,买盘
186,14:47:03,7.55,--,76,57380,买盘
187,14:46:57,7.55,--,89,67195,买盘
188,14:46:54,7.55,--,8,6040,买盘
189,14:46:51,7.55,--,2,1510,买盘
190,14:46:45,7.55,0.01,19,14345,买盘
191,14:46:39,7.54,-0.01,94,70876,卖盘
192,14:46:36,7.55,0.01,2,1510,买盘
193,14:46:33,7.54,--,23,17342,卖盘
194,14:46:30,7.54,-0.01,80,60320,卖盘
195,14:46:27,7.55,--,9,6795,买盘
196,14:46:24,7.55,--,5,3775,买盘
197,14:46:21,7.55,--,51,38505,买盘
198,14:46:18,7.55,0.01,230,173650,买盘
199,14:46:15,7.54,-0.01,25,18850,卖盘
200,14:46:12,7.55,--,32,24160,买盘
201,14:46:06,7.55,--,6,4530,买盘
202,14:46:03,7.55,--,11,8305,买盘
203,14:46:00,7.55,0.01,46,34730,买盘
204,14:45:57,7.54,-0.01,543,409422,卖盘
205,14:45:54,7.55,0.01,50,37750,买盘
206,14:45:51,7.54,-0.01,4,3016,卖盘
207,14:45:48,7.55,--,8,6040,买盘
208,14:45:45,7.55,--,10,7550,买盘
209,14:45:42,7.55,--,33,24915,买盘
210,14:45:39,7.55,--,61,46055,买盘
211,14:45:36,7.55,--,73,55115,买盘
212,14:45:33,7.55,--,15,11325,买盘
213,14:45:30,7.55,0.01,34,25670,买盘
214,14:45:27,7.54,-0.01,18,13572,卖盘
215,14:45:24,7.55,--,230,173650,买盘
216,14:45:21,7.55,0.01,1,755,买盘
217,14:45:18,7.54,-0.01,114,85956,卖盘
218,14:45:15,7.55,--,22,16610,买盘
219,14:45:12,7.55,--,272,205360,买盘
220,14:45:09,7.55,--,30,22650,买盘
221,14:45:06,7.55,--,10,7550,买盘
222,14:45:03,7.55,-0.01,208,157040,卖盘
223,14:45:00,7.56,0.01,8,6048,买盘
224,14:44:57,7.55,--,500,377500,卖盘
225,14:44:54,7.55,-0.01,87,65685,卖盘
226,14:44:51,7.56,0.01,9,6804,买盘
227,14:44:48,7.55,--,271,204605,卖盘
228,14:44:45,7.55,-0.01,26,19630,卖盘
229,14:44:42,7.56,0.01,8,6048,买盘
230,14:44:39,7.55,-0.01,110,83050,卖盘
231,14:44:36,7.56,0.01,227,171612,买盘
232,14:44:33,7.55,-0.01,23,17365,卖盘
233,14:44:30,7.56,--,5,3780,买盘
234,14:44:27,7.56,0.01,165,124740,买盘
235,14:44:24,7.55,-0.01,16,12080,卖盘
236,14:44:21,7.56,0.01,10,7560,买盘
237,14:44:18,7.55,--,302,228010,卖盘
238,14:44:15,7.55,-0.01,8,6040,卖盘
239,14:44:09,7.56,0.01,23,17388,买盘
240,14:44:06,7.55,-0.01,16,12080,卖盘
241,14:44:03,7.56,--,7,5292,买盘
242,14:44:00,7.56,0.01,13,9828,买盘
243,14:43:57,7.55,-0.01,160,120800,卖盘
244,14:43:51,7.56,--,8,6048,买盘
245,14:43:48,7.56,0.01,12,9072,买盘
246,14:43:45,7.55,--,6,4530,卖盘
247,14:43:42,7.55,-0.01,10,7550,卖盘
248,14:43:36,7.56,--,81,61236,买盘
249,14:43:30,7.56,0.01,1,756,买盘
250,14:43:27,7.55,--,199,150245,卖盘
251,14:43:24,7.55,--,14,10570,卖盘
252,14:43:21,7.55,--,33,24915,卖盘
253,14:43:18,7.55,--,27,20385,卖盘
254,14:43:15,7.55,-0.01,20,15100,卖盘
255,14:43:09,7.56,--,13,9828,买盘
256,14:43:06,7.56,--,11,8316,买盘
257,14:43:03,7.56,--,30,22680,买盘
258,14:43:00,7.56,0.01,126,95256,买盘
259,14:42:57,7.55,--,200,151000,卖盘
260,14:42:51,7.55,-0.01,37,27935,卖盘
261,14:42:48,7.56,0.01,62,46872,买盘
262,14:42:45,7.55,--,27,20385,卖盘
263,14:42:42,7.55,-0.01,11,8305,卖盘
264,14:42:33,7.56,0.01,5,3780,买盘
265,14:42:30,7.55,--,409,308795,卖盘
266,14:42:27,7.55,-0.01,5,3775,卖盘
267,14:42:21,7.56,0.01,8,6048,买盘
268,14:42:18,7.55,--,224,169120,卖盘
269,14:42:15,7.55,-0.01,8,6040,卖盘
270,14:42:12,7.56,--,72,54432,买盘
271,14:42:09,7.56,0.01,7,5292,买盘
272,14:42:06,7.55,-0.01,0,543,卖盘
273,14:42:03,7.56,0.01,169,127764,买盘
274,14:41:57,7.55,--,17,12835,卖盘
275,14:41:54,7.55,--,610,460550,卖盘
276,14:41:51,7.55,--,3,2265,卖盘
277,14:41:48,7.55,-0.01,27,20385,卖盘
278,14:41:45,7.56,--,198,149688,买盘
279,14:41:42,7.56,--,385,291060,买盘
280,14:41:36,7.56,--,8,6048,买盘
281,14:41:33,7.56,0.01,5,3780,买盘
282,14:41:30,7.55,-0.01,154,116270,卖盘
283,14:41:27,7.56,--,20,15120,买盘
284,14:41:24,7.56,--,30,22680,买盘
285,14:41:21,7.56,--,224,169344,买盘
286,14:41:18,7.56,--,42,31752,买盘
287,14:41:15,7.56,0.01,286,216216,买盘
288,14:41:12,7.55,-0.01,89,67195,卖盘
289,14:41:09,7.56,0.01,56,42336,买盘
290,14:41:06,7.55,--,58,43790,卖盘
291,14:41:03,7.55,-0.01,185,139675,卖盘
292,14:41:00,7.56,--,162,122472,买盘
293,14:40:54,7.56,--,8,6048,买盘
294,14:40:51,7.56,0.01,21,15876,买盘
295,14:40:48,7.55,--,5,3775,卖盘
296,14:40:45,7.55,--,6,4530,卖盘
297,14:40:42,7.55,--,50,37750,卖盘
298,14:40:39,7.55,--,324,244620,卖盘
299,14:40:36,7.55,--,500,377500,卖盘
300,14:40:33,7.55,--,50,37750,卖盘
301,14:40:30,7.55,-0.01,20,15100,卖盘
302,14:40:27,7.56,--,17,12852,买盘
303,14:40:24,7.56,0.01,5,3780,买盘
304,14:40:21,7.55,-0.01,8,6040,卖盘
305,14:40:18,7.56,0.01,14,10584,买盘
306,14:40:15,7.55,-0.01,41,30955,卖盘
307,14:40:12,7.56,--,4,3024,买盘
308,14:40:06,7.56,--,38,28728,买盘
309,14:40:03,7.56,--,12,9072,买盘
310,14:39:57,7.56,--,15,11340,买盘
311,14:39:54,7.56,--,179,135324,买盘
312,14:39:51,7.56,--,64,48384,买盘
313,14:39:48,7.56,0.01,8,6048,买盘
314,14:39:45,7.55,-0.01,15,11325,卖盘
315,14:39:39,7.56,--,9,6804,买盘
316,14:39:33,7.56,--,8,6048,买盘
317,14:39:27,7.56,0.01,2,1512,买盘
318,14:39:24,7.55,-0.01,116,87580,卖盘
319,14:39:21,7.56,--,40,30240,买盘
320,14:39:18,7.56,0.01,10,7560,买盘
321,14:39:15,7.55,-0.01,147,110985,卖盘
322,14:39:12,7.56,0.01,7,5292,买盘
323,14:39:09,7.55,--,19,14345,卖盘
324,14:39:06,7.55,-0.01,23,17365,卖盘
325,14:39:00,7.56,--,27,20412,买盘
326,14:38:57,7.56,0.01,4,3024,买盘
327,14:38:51,7.55,-0.01,186,140430,卖盘
328,14:38:48,7.56,0.01,13,9828,买盘
329,14:38:45,7.55,-0.01,22,16610,卖盘
330,14:38:42,7.56,--,10,7560,买盘
331,14:38:39,7.56,0.01,8,6048,买盘
332,14:38:30,7.55,-0.01,23,17365,卖盘
333,14:38:27,7.56,--,9,6804,买盘
334,14:38:24,7.56,0.01,7,5292,买盘
335,14:38:21,7.55,--,25,18875,卖盘
336,14:38:18,7.55,-0.01,13,9815,卖盘
337,14:38:15,7.56,0.01,30,22680,买盘
338,14:38:12,7.55,-0.01,530,400150,卖盘
339,14:38:06,7.56,--,7,5292,买盘
340,14:38:03,7.56,--,355,268380,买盘
341,14:38:00,7.56,--,221,167076,买盘
342,14:37:54,7.56,0.01,12,9072,买盘
343,14:37:51,7.55,-0.01,32,24160,卖盘
344,14:37:48,7.56,0.01,36,27216,买盘
345,14:37:45,7.55,-0.01,5,3775,卖盘
346,14:37:42,7.56,0.01,15,11340,买盘
347,14:37:39,7.55,--,11,8305,卖盘
348,14:37:36,7.55,-0.01,52,39260,卖盘
349,14:37:33,7.56,0.01,28,21168,买盘
350,14:37:30,7.55,--,32,24160,买盘
351,14:37:27,7.55,--,148,111740,卖盘
352,14:37:24,7.55,--,60,45300,卖盘
353,14:37:21,7.55,--,159,120045,买盘
354,14:37:18,7.55,--,229,172895,卖盘
355,14:37:15,7.55,-0.01,26,19630,卖盘
356,14:37:12,7.56,0.01,5,3780,买盘
357,14:37:09,7.55,--,160,120800,卖盘
358,14:37:06,7.55,-0.01,5,3775,卖盘
359,14:37:03,7.56,--,11,8316,买盘
360,14:36:57,7.56,0.01,292,220752,买盘
361,14:36:54,7.55,--,8,6040,买盘
362,14:36:51,7.55,--,381,287655,买盘
363,14:36:48,7.55,-0.01,9,6795,买盘
364,14:36:42,7.56,0.02,65,49140,买盘
365,14:36:39,7.54,-0.02,317,239018,卖盘
366,14:36:36,7.56,0.01,209,158004,买盘
367,14:36:33,7.55,-0.01,73,55115,卖盘
368,14:36:24,7.56,--,8,6048,买盘
369,14:36:21,7.56,0.01,37,27972,买盘
370,14:36:18,7.55,--,249,187995,卖盘
371,14:36:15,7.55,--,32,24160,卖盘
372,14:36:12,7.55,-0.01,600,453000,卖盘
373,14:36:09,7.56,--,1,756,买盘
374,14:36:03,7.56,0.01,8,6048,买盘
375,14:36:00,7.55,-0.01,89,67195,卖盘
376,14:35:57,7.56,--,1439,1087884,买盘
377,14:35:51,7.56,--,10,7560,买盘
378,14:35:48,7.56,--,105,79380,买盘
379,14:35:45,7.56,0.01,31,23436,买盘
380,14:35:42,7.55,-0.01,43,32465,卖盘
381,14:35:30,7.56,--,72,54432,买盘
382,14:35:27,7.56,0.01,418,316008,买盘
383,14:35:24,7.55,-0.01,50,37750,卖盘
384,14:35:21,7.56,--,58,43848,买盘
385,14:35:18,7.56,0.01,101,76356,买盘
386,14:35:15,7.55,-0.01,12,9060,卖盘
387,14:35:12,7.56,--,10,7560,买盘
388,14:35:09,7.56,--,9,6804,买盘
389,14:35:06,7.56,--,56,42336,买盘
390,14:35:03,7.56,0.01,7,5292,买盘
391,14:34:57,7.55,-0.01,60,45300,卖盘
392,14:34:54,7.56,0.01,70,52920,买盘
393,14:34:51,7.55,--,3,2265,卖盘
394,14:34:48,7.55,-0.01,4,3020,卖盘
395,14:34:45,7.56,0.01,13,9828,买盘
396,14:34:42,7.55,-0.01,2,1510,卖盘
397,14:34:39,7.56,--,27,20412,买盘
398,14:34:36,7.56,0.01,8,6048,买盘
399,14:34:33,7.55,-0.01,10,7550,卖盘
400,14:34:30,7.56,--,20,15120,买盘
401,14:34:27,7.56,--,50,37800,买盘
402,14:34:24,7.56,0.01,8,6048,买盘
403,14:34:21,7.55,--,3,2265,卖盘
404,14:34:18,7.55,--,4,3020,卖盘
405,14:34:15,7.55,-0.01,12,9060,卖盘
406,14:34:12,7.56,--,8,6048,买盘
407,14:34:06,7.56,--,14,10584,买盘
408,14:34:03,7.56,--,19,14364,买盘
409,14:34:00,7.56,--,265,200340,买盘
410,14:33:57,7.56,-0.01,606,458136,卖盘
411,14:33:54,7.57,--,67,50719,买盘
412,14:33:51,7.57,0.01,23,17411,买盘
413,14:33:48,7.56,--,516,390096,卖盘
414,14:33:45,7.56,-0.01,23,17388,卖盘
415,14:33:42,7.57,--,32,24224,买盘
416,14:33:39,7.57,--,8,6056,买盘
417,14:33:36,7.57,--,1,757,买盘
418,14:33:30,7.57,0.01,165,124905,买盘
419,14:33:27,7.56,--,155,117180,卖盘
420,14:33:24,7.56,--,12,9072,卖盘
421,14:33:21,7.56,-0.01,3,2268,卖盘
422,14:33:18,7.57,0.01,14,10598,买盘
423,14:33:15,7.56,--,88,66528,卖盘
424,14:33:12,7.56,-0.01,8,6048,卖盘
425,14:33:09,7.57,--,101,76457,买盘
426,14:33:06,7.57,--,104,78728,买盘
427,14:33:03,7.57,0.01,10,7570,买盘
428,14:33:00,7.56,-0.01,39,29484,卖盘
429,14:32:57,7.57,0.01,28,21196,买盘
430,14:32:54,7.56,--,100,75600,卖盘
431,14:32:51,7.56,-0.01,52,39312,卖盘
432,14:32:48,7.57,0.01,5,3785,买盘
433,14:32:45,7.56,-0.01,85,64260,卖盘
434,14:32:42,7.57,0.01,128,96896,买盘
435,14:32:39,7.56,--,104,78624,卖盘
436,14:32:36,7.56,-0.01,1000,756000,卖盘
437,14:32:33,7.57,--,98,74186,买盘
438,14:32:30,7.57,--,345,261165,买盘
439,14:32:24,7.57,0.01,36,27252,买盘
440,14:32:21,7.56,--,3,2268,卖盘
441,14:32:18,7.56,--,38,28728,卖盘
442,14:32:15,7.56,--,40,30240,卖盘
443,14:32:12,7.56,--,87,65772,卖盘
444,14:32:09,7.56,-0.01,5,3780,卖盘
445,14:32:06,7.57,--,5,3785,买盘
446,14:32:03,7.57,--,34,25738,买盘
447,14:32:00,7.57,0.01,17,12869,买盘
448,14:31:57,7.56,-0.01,15,11340,卖盘
449,14:31:54,7.57,--,2,1514,买盘
450,14:31:51,7.57,--,10,7570,买盘
451,14:31:48,7.57,--,53,40121,买盘
452,14:31:45,7.57,--,6,4542,买盘
453,14:31:42,7.57,--,222,168054,买盘
454,14:31:39,7.57,0.01,82,62074,买盘
455,14:31:36,7.56,-0.01,80,60480,卖盘
456,14:31:33,7.57,--,23,17411,买盘
457,14:31:30,7.57,0.01,152,115064,买盘
458,14:31:27,7.56,-0.01,110,83160,卖盘
459,14:31:24,7.57,--,11,8327,买盘
460,14:31:21,7.57,--,112,84784,买盘
461,14:31:18,7.57,0.01,13,9841,买盘
462,14:31:15,7.56,-0.01,14,10584,卖盘
463,14:31:12,7.57,--,520,393640,买盘
464,14:31:09,7.57,--,92,69644,买盘
465,14:31:06,7.57,--,9,6813,买盘
466,14:31:03,7.57,--,16,12112,买盘
467,14:31:00,7.57,0.01,26,19682,买盘
468,14:30:57,7.56,-0.01,7,5292,卖盘
469,14:30:54,7.57,--,25,18925,买盘
470,14:30:51,7.57,--,1508,1141556,买盘
471,14:30:48,7.57,0.01,63,47691,买盘
472,14:30:45,7.56,--,23,17388,卖盘
473,14:30:42,7.56,--,560,423360,卖盘
474,14:30:36,7.56,-0.01,16,12096,卖盘
475,14:30:33,7.57,--,28,21196,买盘
476,14:30:30,7.57,0.01,21,15897,买盘
477,14:30:27,7.56,-0.01,72,54432,卖盘
478,14:30:24,7.57,--,52,39364,买盘
479,14:30:21,7.57,0.01,61,46177,买盘
480,14:30:18,7.56,--,5,3780,卖盘
481,14:30:15,7.56,-0.01,145,109620,卖盘
482,14:30:12,7.57,--,500,378500,买盘
483,14:30:09,7.57,0.01,17,12869,买盘
484,14:30:06,7.56,-0.01,15,11340,卖盘
485,14:30:03,7.57,--,11,8327,买盘
486,14:30:00,7.57,--,57,43149,买盘
487,14:29:54,7.57,--,7,5299,买盘
488,14:29:51,7.57,--,8,6056,买盘
489,14:29:48,7.57,0.01,13,9841,买盘
490,14:29:45,7.56,-0.01,11,8316,卖盘
491,14:29:42,7.57,--,544,411808,买盘
492,14:29:39,7.57,--,137,103709,买盘
493,14:29:36,7.57,0.01,40,30280,买盘
494,14:29:33,7.56,-0.01,105,79380,卖盘
495,14:29:30,7.57,0.01,91,68887,买盘
496,14:29:27,7.56,-0.01,38,28728,卖盘
497,14:29:24,7.57,--,35,26495,买盘
498,14:29:21,7.57,0.01,32,24224,买盘
499,14:29:18,7.56,--,4,3024,卖盘
500,14:29:15,7.56,-0.01,24,18144,卖盘
501,14:29:12,7.57,0.01,500,378500,买盘
502,14:29:09,7.56,-0.01,8,6048,卖盘
503,14:29:06,7.57,--,151,114307,买盘
504,14:29:03,7.57,0.01,21,15897,买盘
505,14:29:00,7.56,-0.01,1,756,卖盘
506,14:28:57,7.57,--,31,23467,买盘
507,14:28:54,7.57,0.01,39,29523,买盘
508,14:28:51,7.56,-0.01,2,1512,卖盘
509,14:28:48,7.57,--,5,3785,买盘
510,14:28:45,7.57,--,52,39364,买盘
511,14:28:42,7.57,0.01,512,387584,买盘
512,14:28:39,7.56,-0.01,10,7560,卖盘
513,14:28:36,7.57,--,45,34065,买盘
514,14:28:33,7.57,--,10,7570,买盘
515,14:28:30,7.57,--,22,16654,买盘
516,14:28:27,7.57,0.01,91,68887,买盘
517,14:28:24,7.56,--,452,341712,卖盘
518,14:28:21,7.56,-0.01,52,39312,卖盘
519,14:28:18,7.57,0.01,36,27252,买盘
520,14:28:15,7.56,-0.01,342,258552,卖盘
521,14:28:12,7.57,--,503,380771,买盘
522,14:28:09,7.57,--,8,6056,买盘
523,14:28:06,7.57,--,6,4542,买盘
524,14:28:03,7.57,0.01,17,12869,买盘
525,14:28:00,7.56,-0.01,109,82404,卖盘
526,14:27:57,7.57,--,389,294473,买盘
527,14:27:54,7.57,0.01,34,25738,买盘
528,14:27:51,7.56,-0.01,2,1512,卖盘
529,14:27:48,7.57,--,5,3785,买盘
530,14:27:45,7.57,--,22,16654,买盘
531,14:27:42,7.57,0.01,536,405752,买盘
532,14:27:39,7.56,-0.01,19,14364,卖盘
533,14:27:36,7.57,--,231,174867,买盘
534,14:27:30,7.57,0.01,46,34822,买盘
535,14:27:27,7.56,--,556,420336,卖盘
536,14:27:24,7.56,--,33,24948,卖盘
537,14:27:21,7.56,--,32,24192,卖盘
538,14:27:18,7.56,--,4,3024,卖盘
539,14:27:15,7.56,-0.01,14,10584,卖盘
540,14:27:12,7.57,--,645,488265,买盘
541,14:27:09,7.57,0.01,530,401210,买盘
542,14:27:06,7.56,-0.01,22,16632,卖盘
543,14:27:03,7.57,0.01,8,6056,买盘
544,14:27:00,7.56,--,22,16632,卖盘
545,14:26:57,7.56,-0.01,1,756,卖盘
546,14:26:54,7.57,--,1,757,买盘
547,14:26:51,7.57,--,16,12112,买盘
548,14:26:48,7.57,--,23,17411,买盘
549,14:26:45,7.57,--,234,177138,买盘
550,14:26:42,7.57,--,91,68887,买盘
551,14:26:39,7.57,0.01,548,414836,买盘
552,14:26:36,7.56,--,1,756,卖盘
553,14:26:30,7.56,-0.01,40,30240,卖盘
554,14:26:27,7.57,--,232,175624,买盘
555,14:26:24,7.57,0.01,1,757,买盘
556,14:26:21,7.56,--,3,2268,卖盘
557,14:26:18,7.56,--,66,49896,卖盘
558,14:26:15,7.56,-0.01,36,27216,卖盘
559,14:26:12,7.57,0.01,325,246025,买盘
560,14:26:09,7.56,--,329,248724,买盘
561,14:26:06,7.56,--,79,59724,买盘
562,14:26:03,7.56,--,7,5292,买盘
563,14:26:00,7.56,--,6,4536,买盘
564,14:25:57,7.56,--,166,125496,买盘
565,14:25:54,7.56,--,7,5292,买盘
566,14:25:51,7.56,--,210,158760,买盘
567,14:25:48,7.56,--,30,22680,买盘
568,14:25:45,7.56,--,138,104328,买盘
569,14:25:42,7.56,--,9,6804,买盘
570,14:25:39,7.56,--,530,400680,买盘
571,14:25:36,7.56,--,1,756,买盘
572,14:25:33,7.56,--,8,6048,买盘
573,14:25:30,7.56,--,165,124740,买盘
574,14:25:27,7.56,--,35,26460,买盘
575,14:25:24,7.56,0.01,9,6804,买盘
576,14:25:18,7.55,-0.01,63,47565,卖盘
577,14:25:15,7.56,--,164,123984,买盘
578,14:25:12,7.56,--,508,384048,买盘
579,14:25:06,7.56,--,101,76356,买盘
580,14:25:03,7.56,--,11,8316,买盘
581,14:25:00,7.56,--,8,6048,买盘
582,14:24:57,7.56,--,25,18900,买盘
583,14:24:54,7.56,--,2,1512,买盘
584,14:24:51,7.56,--,39,29484,买盘
585,14:24:48,7.56,--,1,756,买盘
586,14:24:39,7.56,--,18,13608,买盘
587,14:24:36,7.56,0.01,5,3780,买盘
588,14:24:33,7.55,-0.01,9,6795,卖盘
589,14:24:27,7.56,--,9,6804,买盘
590,14:24:24,7.56,0.01,2,1512,买盘
591,14:24:21,7.55,-0.01,17,12835,卖盘
592,14:24:18,7.56,--,34,25704,买盘
593,14:24:15,7.56,--,21,15876,买盘
594,14:24:06,7.56,--,9,6804,买盘
595,14:23:54,7.56,--,9,6804,买盘
596,14:23:51,7.56,--,46,34776,买盘
597,14:23:48,7.56,--,65,49140,买盘
598,14:23:42,7.56,--,53,40068,买盘
599,14:23:39,7.56,0.01,40,30240,买盘
600,14:23:36,7.55,--,1,755,卖盘
601,14:23:33,7.55,-0.01,17,12835,卖盘
602,14:23:30,7.56,--,66,49896,买盘
603,14:23:27,7.56,--,1,756,买盘
604,14:23:24,7.56,--,2,1512,买盘
605,14:23:21,7.56,0.01,9,6804,买盘
606,14:23:18,7.55,-0.01,6,4530,卖盘
607,14:23:15,7.56,-0.01,18,13608,卖盘
608,14:23:09,7.57,0.01,7,5299,买盘
609,14:23:03,7.56,0.01,39,29484,买盘
610,14:23:00,7.55,--,9,6795,卖盘
611,14:22:57,7.55,-0.01,10,7550,卖盘
612,14:22:54,7.56,--,2,1512,买盘
613,14:22:51,7.56,--,1,756,买盘
614,14:22:48,7.56,-0.01,8,6048,中性盘
615,14:22:36,7.57,0.01,57,43149,买盘
616,14:22:33,7.56,-0.01,33,24948,卖盘
617,14:22:30,7.57,--,405,306585,买盘
618,14:22:27,7.57,--,10,7570,买盘
619,14:22:24,7.57,--,21,15897,买盘
620,14:22:21,7.57,0.01,61,46177,买盘
621,14:22:18,7.56,-0.01,24,18144,卖盘
622,14:22:15,7.57,--,27,20439,买盘
623,14:22:12,7.57,--,5,3785,买盘
624,14:22:09,7.57,0.01,4,3028,买盘
625,14:22:03,7.56,--,261,197316,卖盘
626,14:21:57,7.56,-0.01,100,75600,卖盘
627,14:21:54,7.57,--,10,7570,买盘
628,14:21:51,7.57,--,32,24224,买盘
629,14:21:48,7.57,0.01,9,6813,买盘
630,14:21:45,7.56,--,6,4536,卖盘
631,14:21:42,7.56,-0.01,25,18900,卖盘
632,14:21:39,7.57,--,51,38607,买盘
633,14:21:36,7.57,--,7,5299,买盘
634,14:21:33,7.57,--,505,382285,买盘
635,14:21:30,7.57,0.01,8,6056,买盘
636,14:21:27,7.56,--,5,3780,卖盘
637,14:21:24,7.56,-0.01,10,7560,卖盘
638,14:21:21,7.57,0.01,13,9841,买盘
639,14:21:18,7.56,--,4,3024,卖盘
640,14:21:15,7.56,--,7,5292,卖盘
641,14:21:12,7.56,--,88,66528,卖盘
642,14:21:09,7.56,-0.01,36,27216,卖盘
643,14:21:06,7.57,--,10,7570,买盘
644,14:21:03,7.57,--,576,436032,买盘
645,14:20:57,7.57,0.01,13,9841,买盘
646,14:20:54,7.56,-0.01,46,34776,卖盘
647,14:20:51,7.57,0.01,156,118092,买盘
648,14:20:48,7.56,--,22,16632,卖盘
649,14:20:45,7.56,--,9,6804,卖盘
650,14:20:42,7.56,-0.01,10,7560,卖盘
651,14:20:39,7.57,0.01,107,80999,买盘
652,14:20:36,7.56,--,36,27216,卖盘
653,14:20:33,7.56,0.01,235,177660,买盘
654,14:20:30,7.55,-0.01,2,1510,卖盘
655,14:20:27,7.56,--,26,19656,买盘
656,14:20:24,7.56,--,20,15120,买盘
657,14:20:21,7.56,--,10,7560,买盘
658,14:20:18,7.56,--,5,3780,买盘
659,14:20:15,7.56,--,8,6048,买盘
660,14:20:12,7.56,--,50,37800,买盘
661,14:20:09,7.56,-0.01,98,74088,卖盘
662,14:20:06,7.57,0.01,8,6056,买盘
663,14:20:03,7.56,--,539,407484,卖盘
664,14:19:57,7.56,0.01,138,104328,买盘
665,14:19:54,7.55,-0.01,4,3020,卖盘
666,14:19:51,7.56,--,32,24192,买盘
667,14:19:48,7.56,--,21,15876,买盘
668,14:19:42,7.56,--,24,18144,买盘
669,14:19:39,7.56,--,1,756,买盘
670,14:19:36,7.56,--,43,32508,买盘
671,14:19:33,7.56,0.01,861,650916,买盘
672,14:19:30,7.55,-0.01,23,17365,卖盘
673,14:19:24,7.56,--,6,4536,买盘
674,14:19:21,7.56,--,2,1512,买盘
675,14:19:18,7.56,0.01,12,9072,买盘
676,14:19:15,7.55,--,19,14345,卖盘
677,14:19:09,7.55,--,9,6795,卖盘
678,14:19:03,7.55,--,121,92026,买盘
679,14:18:57,7.55,--,185,139675,买盘
680,14:18:54,7.55,-0.01,696,525563,卖盘
681,14:18:51,7.56,0.01,4,3024,买盘
682,14:18:48,7.55,-0.01,5,3775,卖盘
683,14:18:45,7.56,--,13,9828,买盘
684,14:18:42,7.56,--,20,15120,买盘
685,14:18:36,7.56,--,16,12096,买盘
686,14:18:33,7.56,0.01,500,378000,买盘
687,14:18:30,7.55,-0.01,20,15100,卖盘
688,14:18:27,7.56,--,26,19656,买盘
689,14:18:24,7.56,--,29,21924,买盘
690,14:18:21,7.56,--,8,6048,买盘
691,14:18:15,7.56,-0.01,170,128520,卖盘
692,14:18:12,7.57,--,8,6056,买盘
693,14:18:06,7.57,--,5,3785,买盘
694,14:18:03,7.57,--,526,398182,买盘
695,14:18:00,7.57,0.01,150,113550,买盘
696,14:17:57,7.56,--,64,48384,卖盘
697,14:17:54,7.56,--,78,58968,买盘
698,14:17:51,7.56,-0.01,72,55044,卖盘
699,14:17:48,7.57,0.01,19,14383,买盘
700,14:17:45,7.56,-0.01,105,79380,卖盘
701,14:17:42,7.57,--,41,31037,买盘
702,14:17:39,7.57,0.01,312,236184,买盘
703,14:17:36,7.56,--,6,4536,卖盘
704,14:17:33,7.56,0.01,200,151343,买盘
705,14:17:30,7.55,-0.01,105,79275,卖盘
706,14:17:27,7.56,0.01,20,15120,买盘
707,14:17:24,7.55,-0.01,1,755,卖盘
708,14:17:21,7.56,0.01,22,16632,买盘
709,14:17:18,7.55,-0.01,10,7550,卖盘
710,14:17:15,7.56,--,331,250236,买盘
711,14:17:12,7.56,--,110,83160,买盘
712,14:17:09,7.56,--,1,756,买盘
713,14:17:06,7.56,--,19,14364,买盘
714,14:17:03,7.56,--,503,380268,买盘
715,14:16:54,7.56,--,8,6048,买盘
716,14:16:51,7.56,--,205,154980,买盘
717,14:16:48,7.56,--,21,15876,买盘
718,14:16:45,7.56,--,18,13608,买盘
719,14:16:36,7.56,--,1,756,买盘
720,14:16:33,7.56,--,44,33264,买盘
721,14:16:30,7.56,0.01,505,381780,买盘
722,14:16:27,7.55,-0.01,23,17365,卖盘
723,14:16:24,7.56,0.01,1,756,买盘
724,14:16:21,7.55,-0.01,13,9815,卖盘
725,14:16:15,7.56,--,32,24192,买盘
726,14:16:12,7.56,--,2,1512,买盘
727,14:16:09,7.56,--,8,6048,买盘
728,14:16:06,7.56,--,17,12852,买盘
729,14:16:03,7.56,--,621,469476,买盘
730,14:16:00,7.56,--,9,6804,买盘
731,14:15:57,7.56,--,250,189000,买盘
732,14:15:54,7.56,--,5,3780,买盘
733,14:15:51,7.56,--,316,238896,买盘
734,14:15:48,7.56,--,19,14364,买盘
735,14:15:45,7.56,0.01,1,756,买盘
736,14:15:39,7.55,-0.01,81,61155,卖盘
737,14:15:36,7.56,--,17,12852,买盘
738,14:15:33,7.56,--,500,378000,买盘
739,14:15:27,7.56,--,9,6804,买盘
740,14:15:24,7.56,--,10,7560,买盘
741,14:15:21,7.56,--,62,46872,买盘
742,14:15:15,7.56,--,18,13608,买盘
743,14:15:09,7.56,--,160,120960,买盘
744,14:15:06,7.56,--,9,6804,买盘
745,14:15:03,7.56,--,10,7560,买盘
746,14:15:00,7.56,--,22,16632,买盘
747,14:14:54,7.56,--,8,6048,买盘
748,14:14:51,7.56,0.01,141,106596,买盘
749,14:14:48,7.55,--,453,342015,卖盘
750,14:14:45,7.55,-0.01,56,42280,卖盘
751,14:14:42,7.56,0.01,9,6804,买盘
752,14:14:39,7.55,-0.01,20,15100,卖盘
753,14:14:36,7.56,--,35,26460,买盘
754,14:14:33,7.56,--,143,108108,买盘
755,14:14:30,7.56,--,31,23436,买盘
756,14:14:24,7.56,--,10,7560,买盘
757,14:14:21,7.56,--,219,165564,买盘
758,14:14:15,7.56,--,412,311472,买盘
759,14:14:12,7.56,--,100,75600,买盘
760,14:14:09,7.56,--,315,238140,卖盘
761,14:14:06,7.56,--,3,2268,卖盘
762,14:14:03,7.56,-0.01,10,7560,卖盘
763,14:13:57,7.57,--,9,6813,买盘
764,14:13:51,7.57,--,14,10598,买盘
765,14:13:48,7.57,0.01,11,8327,买盘
766,14:13:45,7.56,--,25,18900,卖盘
767,14:13:42,7.56,-0.01,99,74844,卖盘
768,14:13:39,7.57,0.01,30,22710,买盘
769,14:13:36,7.56,-0.01,167,126252,卖盘
770,14:13:30,7.57,0.01,17,12869,买盘
771,14:13:27,7.56,-0.01,90,68040,卖盘
772,14:13:24,7.57,--,71,53747,买盘
773,14:13:21,7.57,0.01,33,24981,买盘
774,14:13:18,7.56,-0.01,1516,1146096,卖盘
775,14:13:15,7.57,--,30,22710,买盘
776,14:13:09,7.57,--,4,3028,买盘
777,14:13:06,7.57,--,356,269492,买盘
778,14:13:03,7.57,0.01,39,29523,买盘
779,14:13:00,7.56,-0.01,29,21924,卖盘
780,14:12:57,7.57,--,3,2271,买盘
781,14:12:54,7.57,--,5,3785,买盘
782,14:12:51,7.57,--,10,7570,买盘
783,14:12:48,7.57,--,71,53747,买盘
784,14:12:45,7.57,--,345,261165,买盘
785,14:12:42,7.57,0.01,8,6056,买盘
786,14:12:39,7.56,-0.01,1,756,卖盘
787,14:12:36,7.57,0.01,15,11355,买盘
788,14:12:33,7.56,-0.01,103,77868,卖盘
789,14:12:30,7.57,0.01,20,15140,买盘
790,14:12:27,7.56,-0.01,20,15120,卖盘
791,14:12:21,7.57,--,7,5299,买盘
792,14:12:18,7.57,--,10,7570,买盘
793,14:12:15,7.57,0.01,9,6813,买盘
794,14:12:12,7.56,-0.01,40,30240,卖盘
795,14:12:09,7.57,--,36,27252,买盘
796,14:12:03,7.57,--,17,12869,买盘
797,14:12:00,7.57,--,213,161241,买盘
798,14:11:57,7.57,0.01,27,20439,买盘
799,14:11:54,7.56,-0.01,87,65772,卖盘
800,14:11:51,7.57,--,101,76457,买盘
801,14:11:48,7.57,--,204,154428,买盘
802,14:11:45,7.57,0.01,28,21196,买盘
803,14:11:42,7.56,-0.01,29,21924,卖盘
804,14:11:39,7.57,--,199,150643,买盘
805,14:11:36,7.57,--,14,10598,买盘
806,14:11:33,7.57,--,274,207418,买盘
807,14:11:30,7.57,--,8,6056,买盘
808,14:11:27,7.57,--,17,12869,买盘
809,14:11:24,7.57,0.01,1110,840270,买盘
810,14:11:21,7.56,-0.01,8,6048,卖盘
811,14:11:18,7.57,0.01,419,317183,买盘
812,14:11:15,7.56,-0.01,86,65016,卖盘
813,14:11:12,7.57,--,229,173353,买盘
814,14:11:09,7.57,--,11,8327,买盘
815,14:11:06,7.57,--,3,2271,买盘
816,14:11:03,7.57,--,9,6813,买盘
817,14:11:00,7.57,--,4,3028,买盘
818,14:10:54,7.57,--,33,24981,买盘
819,14:10:51,7.57,0.01,13,9841,买盘
820,14:10:48,7.56,--,57,43092,卖盘
821,14:10:45,7.56,-0.01,11,8316,卖盘
822,14:10:42,7.57,--,518,392126,买盘
823,14:10:39,7.57,--,21,15897,买盘
824,14:10:36,7.57,0.01,37,28009,买盘
825,14:10:33,7.56,-0.01,55,41580,卖盘
826,14:10:30,7.57,--,58,43906,买盘
827,14:10:27,7.57,--,7,5299,买盘
828,14:10:24,7.57,--,1,757,买盘
829,14:10:21,7.57,--,12,9084,买盘
830,14:10:18,7.57,0.01,12,9084,买盘
831,14:10:15,7.56,-0.01,13,9828,卖盘
832,14:10:12,7.57,--,522,395154,买盘
833,14:10:06,7.57,0.01,61,46177,买盘
834,14:10:03,7.56,--,48,36288,卖盘
835,14:10:00,7.56,--,787,594972,买盘
836,14:09:57,7.56,--,46,34776,买盘
837,14:09:54,7.56,--,167,126252,买盘
838,14:09:51,7.56,--,65,49140,买盘
839,14:09:48,7.56,--,14,10584,买盘
840,14:09:45,7.56,--,150,113400,买盘
841,14:09:42,7.56,--,166,125496,买盘
842,14:09:39,7.56,--,506,382536,买盘
843,14:09:33,7.56,--,17,12852,买盘
844,14:09:30,7.56,--,843,637308,买盘
845,14:09:27,7.56,--,15,11340,买盘
846,14:09:21,7.56,--,36,27216,买盘
847,14:09:18,7.56,-0.01,691,522396,卖盘
848,14:09:15,7.57,--,24,18168,买盘
849,14:09:12,7.57,0.01,508,384556,买盘
850,14:09:09,7.56,-0.01,16,12096,卖盘
851,14:09:06,7.57,0.01,158,119606,买盘
852,14:09:00,7.56,-0.01,11,8316,卖盘
853,14:08:57,7.57,--,20,15140,买盘
854,14:08:54,7.57,--,20,15140,买盘
855,14:08:51,7.57,--,14,10598,买盘
856,14:08:48,7.57,0.01,323,244511,买盘
857,14:08:45,7.56,-0.01,14,10584,卖盘
858,14:08:42,7.57,--,500,378500,买盘
859,14:08:39,7.57,--,72,54504,买盘
860,14:08:36,7.57,--,1,757,买盘
861,14:08:33,7.57,--,4,3028,买盘
862,14:08:27,7.57,0.01,22,16654,买盘
863,14:08:24,7.56,-0.01,100,75600,卖盘
864,14:08:21,7.57,--,8,6056,买盘
865,14:08:18,7.57,--,6,4542,买盘
866,14:08:15,7.57,--,36,27252,买盘
867,14:08:12,7.57,--,11,8327,买盘
868,14:08:09,7.57,--,900,681300,买盘
869,14:08:06,7.57,--,9,6813,买盘
870,14:08:03,7.57,0.01,96,72672,买盘
871,14:08:00,7.56,-0.01,6,4536,卖盘
872,14:07:54,7.57,--,9,6813,买盘
873,14:07:48,7.57,0.01,1,757,买盘
874,14:07:45,7.56,-0.01,11,8316,卖盘
875,14:07:42,7.57,--,15,11355,买盘
876,14:07:39,7.57,--,503,380771,买盘
877,14:07:33,7.57,0.01,7,5299,买盘
878,14:07:30,7.56,-0.01,20,15120,卖盘
879,14:07:21,7.57,0.01,8,6056,买盘
880,14:07:15,7.56,--,104,78624,卖盘
881,14:07:12,7.56,-0.01,19,14364,卖盘
882,14:07:09,7.57,--,507,383799,买盘
883,14:07:06,7.57,0.01,7,5299,买盘
884,14:07:03,7.56,--,24,18144,卖盘
885,14:07:00,7.56,--,38,28728,卖盘
886,14:06:57,7.56,--,41,30996,卖盘
887,14:06:54,7.56,--,419,316764,卖盘
888,14:06:51,7.56,-0.01,55,41580,卖盘
889,14:06:48,7.57,0.01,9,6813,买盘
890,14:06:45,7.56,-0.01,50,37800,卖盘
891,14:06:42,7.57,0.01,6,4542,买盘
892,14:06:39,7.56,--,569,430164,买盘
893,14:06:36,7.56,--,482,364392,买盘
894,14:06:27,7.56,0.01,9,6804,买盘
895,14:06:24,7.55,-0.01,30,22650,卖盘
896,14:06:21,7.56,--,3,2268,买盘
897,14:06:18,7.56,--,99,74844,买盘
898,14:06:15,7.56,--,40,30240,买盘
899,14:06:12,7.56,--,9,6804,买盘
900,14:06:09,7.56,--,500,378000,买盘
901,14:06:03,7.56,0.01,108,81648,买盘
902,14:06:00,7.55,-0.01,4,3020,卖盘
903,14:05:57,7.56,--,45,34020,买盘
904,14:05:54,7.56,--,7,5292,买盘
905,14:05:48,7.56,--,5,3780,买盘
906,14:05:45,7.56,--,5,3780,买盘
907,14:05:42,7.56,--,508,384048,买盘
908,14:05:36,7.56,0.01,5,3780,买盘
909,14:05:33,7.55,-0.01,16,12080,卖盘
910,14:05:30,7.56,--,8,6048,买盘
911,14:05:24,7.56,--,407,307692,买盘
912,14:05:21,7.56,--,9,6804,买盘
913,14:05:15,7.56,--,13,9828,买盘
914,14:05:12,7.56,--,501,378756,买盘
915,14:05:09,7.56,--,8,6048,买盘
916,14:05:06,7.56,--,134,101304,买盘
917,14:04:57,7.56,--,9,6804,买盘
918,14:04:48,7.56,--,1,756,买盘
919,14:04:45,7.56,--,15,11340,买盘
920,14:04:42,7.56,--,500,378000,买盘
921,14:04:39,7.56,--,15,11340,买盘
922,14:04:36,7.56,--,8,6048,买盘
923,14:04:27,7.56,--,50,37800,买盘
924,14:04:24,7.56,0.01,9,6804,买盘
925,14:04:21,7.55,--,105,79275,卖盘
926,14:04:15,7.55,-0.01,2,1510,卖盘
927,14:04:12,7.56,--,8,6048,买盘
928,14:04:06,7.56,--,59,44604,买盘
929,14:04:03,7.56,--,21,15876,买盘
930,14:04:00,7.56,--,15,11340,买盘
931,14:03:57,7.56,0.01,408,308448,买盘
932,14:03:54,7.55,-0.01,9,6795,卖盘
933,14:03:51,7.56,--,10,7560,买盘
934,14:03:48,7.56,--,1,756,买盘
935,14:03:42,7.56,--,1,756,买盘
936,14:03:39,7.56,0.01,29,21924,买盘
937,14:03:30,7.55,-0.01,10,7550,卖盘
938,14:03:27,7.56,--,100,75600,买盘
939,14:03:18,7.56,--,8,6048,买盘
940,14:03:15,7.56,0.01,1,756,买盘
941,14:03:12,7.55,-0.01,8,6040,卖盘
942,14:03:06,7.56,--,38,28728,买盘
943,14:03:03,7.56,--,4,3024,买盘
944,14:03:00,7.56,--,1,756,买盘
945,14:02:57,7.56,0.01,9,6804,买盘
946,14:02:54,7.55,-0.01,84,64091,卖盘
947,14:02:51,7.56,--,10,7560,买盘
948,14:02:48,7.56,--,1,756,买盘
949,14:02:45,7.56,--,8,6048,买盘
950,14:02:33,7.56,--,9,6804,买盘
951,14:02:30,7.56,--,1,756,买盘
952,14:02:27,7.56,0.01,7,5292,买盘
953,14:02:24,7.55,-0.01,58,43790,卖盘
954,14:02:21,7.56,--,8,6048,买盘
955,14:02:18,7.56,--,2,1512,买盘
956,14:02:15,7.56,--,1,756,买盘
957,14:02:12,7.56,--,8,6048,买盘
958,14:02:09,7.56,--,10,7560,买盘
959,14:02:03,7.56,--,5,3780,买盘
960,14:02:00,7.56,--,13,9828,买盘
961,14:01:57,7.56,--,49,37044,买盘
962,14:01:51,7.56,--,10,7560,买盘
963,14:01:48,7.56,--,15,11340,买盘
964,14:01:45,7.56,-0.01,367,277452,卖盘
965,14:01:42,7.57,0.01,32,24224,买盘
966,14:01:39,7.56,--,34,25704,卖盘
967,14:01:36,7.56,--,1178,890568,卖盘
968,14:01:30,7.56,--,357,269892,卖盘
969,14:01:27,7.56,-0.01,459,347004,卖盘
970,14:01:24,7.57,--,8,6056,买盘
971,14:01:21,7.57,0.01,43,32551,买盘
972,14:01:18,7.56,-0.01,4011,3032316,卖盘
973,14:01:15,7.57,--,44,33308,买盘
974,14:01:12,7.57,--,1,757,买盘
975,14:01:06,7.57,--,13,9841,买盘
976,14:01:03,7.57,--,12,9084,买盘
977,14:01:00,7.57,--,24,18168,买盘
978,14:00:57,7.57,--,20,15140,买盘
979,14:00:54,7.57,0.01,38,28766,买盘
980,14:00:51,7.56,--,1,756,卖盘
981,14:00:48,7.56,--,2,1512,卖盘
982,14:00:45,7.56,--,11,8316,卖盘
983,14:00:39,7.56,-0.01,62,46872,卖盘
984,14:00:36,7.57,0.01,12,9084,买盘
985,14:00:33,7.56,-0.01,12,9072,卖盘
986,14:00:30,7.57,--,4,3028,买盘
987,14:00:27,7.57,--,20,15140,买盘
988,14:00:21,7.57,--,37,28009,买盘
989,14:00:18,7.57,0.01,36,27252,买盘
990,14:00:15,7.56,-0.01,5,3780,卖盘
991,14:00:12,7.57,--,8,6056,买盘
992,14:00:09,7.57,0.01,1,757,买盘
993,14:00:06,7.56,-0.01,1,756,卖盘
994,14:00:03,7.57,0.01,8,6056,买盘
995,14:00:00,7.56,-0.01,28,21168,卖盘
996,13:59:57,7.57,--,2,1514,买盘
997,13:59:51,7.57,0.01,100,75700,买盘
998,13:59:48,7.56,--,12,9072,卖盘
999,13:59:45,7.56,-0.01,9,6804,卖盘
1000,13:59:42,7.57,--,6,4542,买盘
1001,13:59:39,7.57,--,500,378500,买盘
1002,13:59:36,7.57,--,119,90083,买盘
1003,13:59:33,7.57,--,6,4542,买盘
1004,13:59:30,7.57,--,106,80242,买盘
1005,13:59:27,7.57,--,9,6813,买盘
1006,13:59:24,7.57,--,101,76457,买盘
1007,13:59:21,7.57,0.01,1,757,买盘
1008,13:59:18,7.56,-0.01,7,5292,卖盘
1009,13:59:15,7.57,--,15,11355,买盘
1010,13:59:09,7.57,0.01,20,15140,买盘
1011,13:59:06,7.56,-0.01,10,7560,卖盘
1012,13:59:03,7.57,--,286,216502,买盘
1013,13:58:57,7.57,--,2,1514,买盘
1014,13:58:54,7.57,--,8,6056,买盘
1015,13:58:51,7.57,0.01,5,3785,买盘
1016,13:58:48,7.56,-0.01,345,260820,卖盘
1017,13:58:45,7.57,--,149,112793,买盘
1018,13:58:42,7.57,--,10,7570,买盘
1019,13:58:36,7.57,--,6,4542,买盘
1020,13:58:33,7.57,--,509,385313,买盘
1021,13:58:30,7.57,--,27,20439,买盘
1022,13:58:24,7.57,--,4,3028,买盘
1023,13:58:21,7.57,0.01,11,8327,买盘
1024,13:58:18,7.56,--,17,12852,卖盘
1025,13:58:15,7.56,-0.01,62,46872,卖盘
1026,13:58:12,7.57,--,124,93868,买盘
1027,13:58:09,7.57,0.01,8,6056,买盘
1028,13:58:06,7.56,-0.01,253,191268,卖盘
1029,13:58:03,7.57,--,511,386827,买盘
1030,13:57:57,7.57,0.01,9,6813,买盘
1031,13:57:48,7.56,--,111,83916,卖盘
1032,13:57:45,7.56,-0.01,2,1512,卖盘
1033,13:57:42,7.57,0.01,161,121877,买盘
1034,13:57:39,7.56,-0.01,40,30240,卖盘
1035,13:57:36,7.57,0.01,14,10598,买盘
1036,13:57:33,7.56,-0.01,550,415800,卖盘
1037,13:57:30,7.57,--,52,39364,买盘
1038,13:57:24,7.57,0.01,16,12112,买盘
1039,13:57:21,7.56,--,655,495180,买盘
1040,13:57:18,7.56,--,7,5292,买盘
1041,13:57:15,7.56,--,282,213192,买盘
1042,13:57:12,7.56,--,223,168588,买盘
1043,13:57:09,7.56,--,3,2268,买盘
1044,13:57:06,7.56,--,1,756,买盘
1045,13:57:03,7.56,--,189,142884,买盘
1046,13:57:00,7.56,--,510,385560,买盘
1047,13:56:57,7.56,--,20,15120,买盘
1048,13:56:51,7.56,--,104,78624,买盘
1049,13:56:48,7.56,0.01,1,756,买盘
1050,13:56:45,7.55,-0.01,330,249150,卖盘
1051,13:56:42,7.56,--,7,5292,买盘
1052,13:56:39,7.56,--,500,378000,买盘
1053,13:56:36,7.56,0.01,6,4536,买盘
1054,13:56:33,7.55,-0.01,97,73235,卖盘
1055,13:56:30,7.56,0.01,510,385560,买盘
1056,13:56:21,7.55,--,2,1510,卖盘
1057,13:56:18,7.55,--,3,2265,卖盘
1058,13:56:15,7.55,-0.01,18,13590,卖盘
1059,13:56:12,7.56,0.01,1,756,买盘
1060,13:56:09,7.55,-0.01,91,68705,卖盘
1061,13:56:03,7.56,--,11,8316,买盘
1062,13:56:00,7.56,0.01,505,381780,买盘
1063,13:55:57,7.55,-0.01,100,75500,卖盘
1064,13:55:54,7.56,0.01,12,9072,买盘
1065,13:55:51,7.55,-0.01,3,2265,卖盘
1066,13:55:48,7.56,0.01,4,3024,买盘
1067,13:55:45,7.55,--,6,4530,卖盘
1068,13:55:42,7.55,-0.01,1,755,卖盘
1069,13:55:36,7.56,--,176,133056,买盘
1070,13:55:33,7.56,--,161,121716,买盘
1071,13:55:30,7.56,--,511,386316,买盘
1072,13:55:24,7.56,--,5,3780,买盘
1073,13:55:21,7.56,--,16,12096,买盘
1074,13:55:18,7.56,0.01,13,9828,买盘
1075,13:55:15,7.55,--,5,3775,卖盘
1076,13:55:09,7.55,-0.01,12,9060,卖盘
1077,13:55:06,7.56,--,515,389340,买盘
1078,13:55:03,7.56,0.01,71,53676,买盘
1079,13:55:00,7.55,--,3,2265,卖盘
1080,13:54:57,7.55,--,2,1510,卖盘
1081,13:54:48,7.55,--,12,9060,卖盘
1082,13:54:45,7.55,--,171,129105,卖盘
1083,13:54:42,7.55,--,210,158550,卖盘
1084,13:54:39,7.55,--,12,9060,买盘
1085,13:54:36,7.55,--,14,10570,卖盘
1086,13:54:33,7.55,--,14,10570,卖盘
1087,13:54:30,7.55,0.01,551,416005,买盘
1088,13:54:18,7.54,-0.01,102,76908,卖盘
1089,13:54:15,7.55,0.01,52,39260,买盘
1090,13:54:12,7.54,-0.01,100,75400,卖盘
1091,13:54:06,7.55,--,86,64930,买盘
1092,13:54:03,7.55,--,508,383540,买盘
1093,13:54:00,7.55,--,2,1510,买盘
1094,13:53:57,7.55,--,19,14345,买盘
1095,13:53:54,7.55,0.01,89,67195,买盘
1096,13:53:45,7.54,--,217,163618,卖盘
1097,13:53:42,7.54,-0.01,21,15834,卖盘
1098,13:53:39,7.55,--,121,91355,买盘
1099,13:53:36,7.55,--,50,37750,买盘
1100,13:53:33,7.55,--,56,42280,买盘
1101,13:53:30,7.55,0.01,500,377500,买盘
1102,13:53:24,7.54,--,44,33176,买盘
1103,13:53:15,7.54,-0.01,1,754,中性盘
1104,13:53:06,7.55,--,9,6795,买盘
1105,13:53:03,7.55,0.01,500,377500,买盘
1106,13:53:00,7.54,-0.01,260,196040,卖盘
1107,13:52:57,7.55,0.01,11,8305,买盘
1108,13:52:54,7.54,--,26,19604,卖盘
1109,13:52:51,7.54,--,109,82186,卖盘
1110,13:52:48,7.54,--,16,12064,卖盘
1111,13:52:39,7.54,--,1,754,卖盘
1112,13:52:36,7.54,-0.01,15,11310,卖盘
1113,13:52:33,7.55,--,10,7550,买盘
1114,13:52:30,7.55,0.01,500,377500,买盘
1115,13:52:27,7.54,--,7,5278,卖盘
1116,13:52:24,7.54,--,181,136474,卖盘
1117,13:52:21,7.54,--,234,176436,买盘
1118,13:52:18,7.54,--,1,754,买盘
1119,13:52:15,7.54,--,21,15834,买盘
1120,13:52:12,7.54,--,60,45240,买盘
1121,13:52:09,7.54,--,11,8294,买盘
1122,13:52:06,7.54,--,1,754,买盘
1123,13:52:03,7.54,--,1,754,买盘
1124,13:51:51,7.54,0.01,27,20358,买盘
1125,13:51:48,7.53,--,208,156624,卖盘
1126,13:51:42,7.53,-0.01,6,4518,卖盘
1127,13:51:36,7.54,-0.01,47,35438,卖盘
1128,13:51:33,7.55,0.01,1,755,买盘
1129,13:51:30,7.54,-0.01,14,10556,卖盘
1130,13:51:21,7.55,0.01,89,67195,买盘
1131,13:51:18,7.54,--,15,11310,卖盘
1132,13:51:15,7.54,-0.01,4,3016,卖盘
1133,13:51:12,7.55,--,8,6040,买盘
1134,13:51:06,7.55,--,18,13590,买盘
1135,13:51:03,7.55,--,1779,1343145,买盘
1136,13:51:00,7.55,0.01,5,3775,买盘
1137,13:50:57,7.54,-0.01,500,377000,卖盘
1138,13:50:54,7.55,0.01,25,18875,买盘
1139,13:50:51,7.54,-0.01,2203,1661062,卖盘
1140,13:50:48,7.55,--,184,138920,买盘
1141,13:50:45,7.55,--,154,116270,买盘
1142,13:50:42,7.55,--,18,13590,买盘
1143,13:50:33,7.55,--,14,10570,买盘
1144,13:50:24,7.55,0.01,79,59645,买盘
1145,13:50:21,7.54,--,4,3016,卖盘
1146,13:50:18,7.54,--,38,28652,卖盘
1147,13:50:15,7.54,--,12,9048,卖盘
1148,13:50:12,7.54,-0.01,6,4524,卖盘
1149,13:50:06,7.55,0.01,49,36995,买盘
1150,13:50:03,7.54,-0.01,104,78416,卖盘
1151,13:49:54,7.55,0.01,22,16610,买盘
1152,13:49:51,7.54,--,4,3016,卖盘
1153,13:49:48,7.54,--,7,5278,卖盘
1154,13:49:45,7.54,-0.01,9,6786,卖盘
1155,13:49:42,7.55,--,11,8305,买盘
1156,13:49:39,7.55,--,50,37750,买盘
1157,13:49:18,7.55,--,1,755,买盘
1158,13:49:15,7.55,--,2,1510,买盘
1159,13:49:12,7.55,--,9,6795,买盘
1160,13:49:09,7.55,--,22,16610,买盘
1161,13:49:06,7.55,0.01,20,15100,买盘
1162,13:48:42,7.54,-0.01,6,4524,卖盘
1163,13:48:39,7.55,0.01,49,36995,买盘
1164,13:48:36,7.54,--,20,15080,卖盘
1165,13:48:24,7.54,--,6,4524,卖盘
1166,13:48:18,7.54,--,24,18096,卖盘
1167,13:48:15,7.54,--,23,17342,卖盘
1168,13:48:09,7.54,-0.01,10,7540,卖盘
1169,13:48:06,7.55,--,1,755,买盘
1170,13:48:03,7.55,0.01,27,20385,买盘
1171,13:48:00,7.54,-0.01,33,24882,卖盘
1172,13:47:57,7.55,0.01,17,12835,买盘
1173,13:47:54,7.54,--,1,754,卖盘
1174,13:47:51,7.54,-0.01,2,1508,卖盘
1175,13:47:45,7.55,0.01,13,9815,买盘
1176,13:47:39,7.54,-0.02,20,15080,卖盘
1177,13:47:36,7.56,0.01,177,133812,买盘
1178,13:47:33,7.55,0.01,167,126085,买盘
1179,13:47:24,7.54,-0.01,13,9802,卖盘
1180,13:47:21,7.55,--,306,231030,买盘
1181,13:47:18,7.55,--,16,12080,买盘
1182,13:47:15,7.55,--,16,12080,买盘
1183,13:47:09,7.55,--,14,10570,买盘
1184,13:47:06,7.55,--,687,518685,卖盘
1185,13:47:00,7.55,--,6,4530,卖盘
1186,13:46:57,7.55,--,4,3020,卖盘
1187,13:46:54,7.55,-0.01,16,12080,卖盘
1188,13:46:51,7.56,--,123,92988,买盘
1189,13:46:48,7.56,0.01,124,93744,买盘
1190,13:46:45,7.55,-0.01,1,755,卖盘
1191,13:46:36,7.56,0.01,79,59724,买盘
1192,13:46:33,7.55,--,21,15855,卖盘
1193,13:46:30,7.55,-0.01,50,37750,卖盘
1194,13:46:27,7.56,0.01,71,53676,买盘
1195,13:46:24,7.55,-0.01,14,10570,卖盘
1196,13:46:21,7.56,--,12,9072,买盘
1197,13:46:18,7.56,0.01,4,3024,买盘
1198,13:46:15,7.55,--,87,65685,卖盘
1199,13:46:12,7.55,--,15,11325,卖盘
1200,13:46:09,7.55,--,60,45300,卖盘
1201,13:46:06,7.55,-0.01,50,37750,卖盘
1202,13:46:03,7.56,0.01,28,21168,买盘
1203,13:45:57,7.55,--,13,9815,卖盘
1204,13:45:54,7.55,--,108,81540,卖盘
1205,13:45:51,7.55,--,110,83050,卖盘
1206,13:45:48,7.55,--,3,2265,卖盘
1207,13:45:45,7.55,-0.01,4,3020,卖盘
1208,13:45:42,7.56,0.01,38,28728,买盘
1209,13:45:36,7.55,-0.01,20,15100,卖盘
1210,13:45:33,7.56,--,7,5292,买盘
1211,13:45:30,7.56,0.01,8,6048,买盘
1212,13:45:27,7.55,--,13,9815,卖盘
1213,13:45:21,7.55,-0.01,22,16610,卖盘
1214,13:45:18,7.56,0.01,12,9072,买盘
1215,13:45:15,7.55,--,22,16610,卖盘
1216,13:45:12,7.55,-0.01,199,150245,卖盘
1217,13:45:09,7.56,--,69,52164,买盘
1218,13:45:06,7.56,--,33,24948,买盘
1219,13:45:03,7.56,--,18,13608,买盘
1220,13:44:57,7.56,0.01,8,6048,买盘
1221,13:44:51,7.55,--,57,43035,卖盘
1222,13:44:45,7.55,--,36,27180,卖盘
1223,13:44:42,7.55,--,1110,838050,卖盘
1224,13:44:39,7.55,--,41,30955,卖盘
1225,13:44:36,7.55,-0.01,50,37750,卖盘
1226,13:44:33,7.56,0.01,143,108108,买盘
1227,13:44:30,7.55,--,30,22650,卖盘
1228,13:44:27,7.55,-0.01,58,43790,卖盘
1229,13:44:24,7.56,--,1,756,买盘
1230,13:44:21,7.56,0.01,23,17388,买盘
1231,13:44:18,7.55,--,4,3020,卖盘
1232,13:44:15,7.55,-0.01,69,52095,卖盘
1233,13:44:12,7.56,--,500,378000,买盘
1234,13:44:09,7.56,0.01,9,6804,买盘
1235,13:44:06,7.55,-0.01,200,151000,卖盘
1236,13:44:03,7.56,0.01,1,756,买盘
1237,13:44:00,7.55,-0.01,10,7550,卖盘
1238,13:43:48,7.56,0.01,91,68796,买盘
1239,13:43:45,7.55,-0.01,30,22650,卖盘
1240,13:43:42,7.56,--,800,604800,买盘
1241,13:43:39,7.56,--,2,1512,买盘
1242,13:43:36,7.56,0.01,12,9072,买盘
1243,13:43:30,7.55,-0.01,105,79275,卖盘
1244,13:43:24,7.56,--,7,5292,买盘
1245,13:43:21,7.56,0.01,12,9072,买盘
1246,13:43:18,7.55,-0.01,150,113250,卖盘
1247,13:43:15,7.56,--,18,13608,买盘
1248,13:43:12,7.56,0.01,501,378756,买盘
1249,13:43:09,7.55,-0.01,8,6040,卖盘
1250,13:43:03,7.56,--,27,20412,买盘
1251,13:42:54,7.56,0.01,180,136080,买盘
1252,13:42:51,7.55,-0.01,73,55115,卖盘
1253,13:42:48,7.56,0.01,1,756,买盘
1254,13:42:45,7.55,-0.01,106,80030,卖盘
1255,13:42:42,7.56,--,500,378000,买盘
1256,13:42:39,7.56,0.01,8,6048,买盘
1257,13:42:33,7.55,-0.01,4,3020,卖盘
1258,13:42:30,7.56,--,8,6048,买盘
1259,13:42:27,7.56,0.01,11,8316,买盘
1260,13:42:21,7.55,-0.01,25,18875,卖盘
1261,13:42:18,7.56,--,10,7560,买盘
1262,13:42:15,7.56,--,6,4536,买盘
1263,13:42:12,7.56,0.01,500,378000,买盘
1264,13:42:09,7.55,-0.01,51,38505,卖盘
1265,13:42:06,7.56,--,9,6804,买盘
1266,13:42:03,7.56,--,8,6048,买盘
1267,13:41:57,7.56,0.01,9,6804,买盘
1268,13:41:54,7.55,-0.01,538,406190,卖盘
1269,13:41:51,7.56,--,50,37800,买盘
1270,13:41:48,7.56,--,21,15876,买盘
1271,13:41:45,7.56,--,6,4536,买盘
1272,13:41:42,7.56,--,508,384048,买盘
1273,13:41:33,7.56,0.01,9,6804,买盘
1274,13:41:30,7.55,--,6,4530,卖盘
1275,13:41:27,7.55,-0.01,3,2265,卖盘
1276,13:41:21,7.56,--,7,5292,买盘
1277,13:41:18,7.56,0.01,4,3024,买盘
1278,13:41:15,7.55,-0.01,16,12080,卖盘
1279,13:41:12,7.56,--,500,378000,买盘
1280,13:41:09,7.56,--,8,6048,买盘
1281,13:41:03,7.56,0.01,40,30240,买盘
1282,13:41:00,7.55,-0.01,2,1510,卖盘
1283,13:40:57,7.56,0.01,136,102816,买盘
1284,13:40:54,7.55,--,5,3775,卖盘
1285,13:40:51,7.55,-0.01,2,1510,卖盘
1286,13:40:48,7.56,0.01,34,25704,买盘
1287,13:40:45,7.55,-0.01,84,63420,卖盘
1288,13:40:42,7.56,--,500,378000,买盘
1289,13:40:36,7.56,0.01,9,6804,买盘
1290,13:40:33,7.55,--,24,18120,卖盘
1291,13:40:27,7.55,-0.01,6,4530,卖盘
1292,13:40:24,7.56,0.01,22,16632,买盘
1293,13:40:21,7.55,-0.01,2,1510,卖盘
1294,13:40:18,7.56,0.01,166,125496,买盘
1295,13:40:15,7.55,-0.01,20,15100,卖盘
1296,13:40:12,7.56,0.01,514,388584,买盘
1297,13:40:09,7.55,-0.01,36,27180,卖盘
1298,13:40:03,7.56,0.01,69,52164,买盘
1299,13:39:57,7.55,-0.01,51,38505,卖盘
1300,13:39:51,7.56,--,8,6048,买盘
1301,13:39:48,7.56,0.01,2,1512,买盘
1302,13:39:45,7.55,-0.01,51,38505,买盘
1303,13:39:39,7.56,0.01,10,7560,买盘
1304,13:39:36,7.55,--,10,7550,卖盘
1305,13:39:30,7.55,-0.01,12,9060,卖盘
1306,13:39:27,7.56,0.01,8,6048,买盘
1307,13:39:21,7.55,--,6,4530,卖盘
1308,13:39:18,7.55,-0.01,13,9815,中性盘
1309,13:39:15,7.56,0.02,511,386316,买盘
1310,13:39:09,7.54,-0.01,4,3016,卖盘
1311,13:39:03,7.55,--,56,42280,买盘
1312,13:38:54,7.55,0.01,14,10570,买盘
1313,13:38:48,7.54,--,137,103298,卖盘
1314,13:38:45,7.54,-0.01,516,389064,卖盘
1315,13:38:42,7.55,--,11,8305,买盘
1316,13:38:36,7.55,--,1,755,买盘
1317,13:38:30,7.55,--,14,10570,买盘
1318,13:38:24,7.55,--,42,31710,买盘
1319,13:38:18,7.55,0.01,19,14345,买盘
1320,13:38:15,7.54,-0.01,21,15834,卖盘
1321,13:38:12,7.55,--,1,755,买盘
1322,13:38:09,7.55,--,13,9815,买盘
1323,13:38:06,7.55,--,1,755,买盘
1324,13:37:57,7.55,--,8,6040,买盘
1325,13:37:54,7.55,--,9,6795,买盘
1326,13:37:48,7.55,--,1,755,买盘
1327,13:37:45,7.55,0.01,10,7550,买盘
1328,13:37:42,7.54,--,50,37700,卖盘
1329,13:37:39,7.54,-0.01,1,754,卖盘
1330,13:37:33,7.55,--,80,60400,买盘
1331,13:37:30,7.55,--,3,2265,买盘
1332,13:37:27,7.55,--,429,324348,卖盘
1333,13:37:24,7.55,--,18,13590,卖盘
1334,13:37:18,7.55,--,7,5285,卖盘
1335,13:37:15,7.55,-0.01,36,27180,卖盘
1336,13:37:12,7.56,--,11,8316,买盘
1337,13:37:06,7.56,--,3,2268,买盘
1338,13:37:00,7.56,--,7,5292,买盘
1339,13:36:51,7.56,--,20,15120,买盘
1340,13:36:48,7.56,--,18,13608,买盘
1341,13:36:45,7.56,0.01,15,11340,买盘
1342,13:36:39,7.55,-0.01,11,8305,卖盘
1343,13:36:33,7.56,0.01,230,174182,买盘
1344,13:36:30,7.55,--,2,1510,买盘
1345,13:36:27,7.55,--,11,8305,买盘
1346,13:36:21,7.55,--,1,755,买盘
1347,13:36:15,7.55,0.01,11,8305,买盘
1348,13:36:12,7.54,-0.01,12,9048,卖盘
1349,13:36:09,7.55,--,16,12080,买盘
1350,13:36:03,7.55,--,66,49830,买盘
1351,13:36:00,7.55,--,15,11325,买盘
1352,13:35:57,7.55,--,67,50585,买盘
1353,13:35:54,7.55,--,46,34730,买盘
1354,13:35:48,7.55,--,209,157795,买盘
1355,13:35:45,7.55,--,1,755,买盘
1356,13:35:42,7.55,--,7,5285,买盘
1357,13:35:39,7.55,-0.01,145,109928,卖盘
1358,13:35:36,7.56,--,1,756,买盘
1359,13:35:33,7.56,--,4,3024,买盘
1360,13:35:30,7.56,0.01,33,25250,买盘
1361,13:35:27,7.55,--,6,4530,买盘
1362,13:35:24,7.55,--,204,154020,买盘
1363,13:35:18,7.55,-0.01,100,75953,卖盘
1364,13:35:15,7.56,--,1,756,买盘
1365,13:35:12,7.56,--,6,4536,买盘
1366,13:35:09,7.56,0.01,113,85428,买盘
1367,13:35:03,7.55,--,2,1510,卖盘
1368,13:35:00,7.55,-0.01,10,7550,卖盘
1369,13:34:57,7.56,0.01,8,6350,买盘
1370,13:34:54,7.55,-0.01,4,3473,卖盘
1371,13:34:45,7.56,--,50,37800,买盘
1372,13:34:42,7.56,--,13,9828,买盘
1373,13:34:33,7.56,--,34,25704,买盘
1374,13:34:30,7.56,0.01,523,395388,买盘
1375,13:34:27,7.55,-0.01,6,4530,卖盘
1376,13:34:24,7.56,0.01,8,6048,买盘
1377,13:34:18,7.55,-0.01,89,67195,卖盘
1378,13:34:15,7.56,--,1,756,买盘
1379,13:34:12,7.56,0.01,8,6048,买盘
1380,13:34:09,7.55,--,150,113250,卖盘
1381,13:34:03,7.55,-0.01,19,14345,卖盘
1382,13:34:00,7.56,0.01,8,6048,买盘
1383,13:33:57,7.55,-0.01,10,7550,卖盘
1384,13:33:54,7.56,0.01,3,2268,买盘
1385,13:33:51,7.55,-0.01,8,6040,卖盘
1386,13:33:48,7.56,--,7,5292,买盘
1387,13:33:45,7.56,--,17,12852,买盘
1388,13:33:42,7.56,--,12,9072,买盘
1389,13:33:39,7.56,--,971,734076,买盘
1390,13:33:36,7.56,0.01,7,5292,买盘
1391,13:33:33,7.55,-0.01,3,2265,卖盘
1392,13:33:30,7.56,0.01,27,20412,买盘
1393,13:33:27,7.55,--,28,21442,卖盘
1394,13:33:18,7.55,-0.01,21,15855,卖盘
1395,13:33:15,7.56,--,9,6804,买盘
1396,13:33:03,7.56,--,9,6804,买盘
1397,13:32:54,7.56,0.01,7,5292,买盘
1398,13:32:51,7.55,0.01,58,43790,买盘
1399,13:32:48,7.54,-0.01,1,754,卖盘
1400,13:32:45,7.55,--,10,7550,买盘
1401,13:32:42,7.55,--,11,8305,买盘
1402,13:32:39,7.55,0.01,31,23405,买盘
1403,13:32:36,7.54,-0.01,2000,1508000,卖盘
1404,13:32:33,7.55,--,72,54360,买盘
1405,13:32:30,7.55,--,11,8305,买盘
1406,13:32:27,7.55,--,23,17365,买盘
1407,13:32:24,7.55,-0.01,1844,1392303,卖盘
1408,13:32:18,7.56,0.01,12,9072,买盘
1409,13:32:15,7.55,-0.01,2,1510,卖盘
1410,13:32:09,7.56,0.01,8,6048,买盘
1411,13:32:06,7.55,--,1,755,卖盘
1412,13:32:03,7.55,-0.01,343,258965,卖盘
1413,13:32:00,7.56,--,48,36288,买盘
1414,13:31:57,7.56,--,7,5292,买盘
1415,13:31:51,7.56,0.01,35,26460,买盘
1416,13:31:48,7.55,-0.01,10,7550,卖盘
1417,13:31:45,7.56,--,11,8316,买盘
1418,13:31:42,7.56,--,8,6048,买盘
1419,13:31:39,7.56,--,6,4536,买盘
1420,13:31:36,7.56,-0.01,231,174636,卖盘
1421,13:31:33,7.57,--,8,6056,买盘
1422,13:31:30,7.57,0.01,3,2271,买盘
1423,13:31:27,7.56,--,3,2268,卖盘
1424,13:31:24,7.56,--,148,111888,卖盘
1425,13:31:21,7.56,--,135,102060,买盘
1426,13:31:15,7.56,--,1,756,买盘
1427,13:31:12,7.56,--,21,15876,买盘
1428,13:31:09,7.56,0.01,1025,774900,买盘
1429,13:31:06,7.55,-0.01,255,192525,卖盘
1430,13:31:03,7.56,0.01,1019,770364,买盘
1431,13:31:00,7.55,-0.01,33,24915,卖盘
1432,13:30:57,7.56,--,5,3780,买盘
1433,13:30:54,7.56,--,80,60480,买盘
1434,13:30:48,7.56,--,17,12852,买盘
1435,13:30:45,7.56,--,40,30240,买盘
1436,13:30:42,7.56,0.01,161,121716,买盘
1437,13:30:39,7.55,-0.01,38,28690,卖盘
1438,13:30:36,7.56,--,4,3024,买盘
1439,13:30:33,7.56,--,25,18900,买盘
1440,13:30:30,7.56,--,5,3780,买盘
1441,13:30:27,7.56,--,8,6048,买盘
1442,13:30:18,7.56,--,20,15120,买盘
1443,13:30:15,7.56,--,9,6804,买盘
1444,13:30:06,7.56,--,10,7560,买盘
1445,13:30:03,7.56,--,16,12096,买盘
1446,13:30:00,7.56,--,68,51408,买盘
1447,13:29:57,7.56,--,7,5292,买盘
1448,13:29:54,7.56,--,8,6048,买盘
1449,13:29:48,7.56,--,16,12096,买盘
1450,13:29:45,7.56,--,1,756,买盘
1451,13:29:42,7.56,--,8,6048,买盘
1452,13:29:39,7.56,--,5,3780,买盘
1453,13:29:36,7.56,0.01,30,22680,买盘
1454,13:29:33,7.55,-0.01,0,671,卖盘
1455,13:29:30,7.56,--,11,8316,买盘
1456,13:29:27,7.56,--,21,15876,买盘
1457,13:29:24,7.56,--,12,9072,买盘
1458,13:29:21,7.56,--,300,226800,买盘
1459,13:29:18,7.56,--,7,5292,买盘
1460,13:29:15,7.56,--,1,756,买盘
1461,13:29:09,7.56,--,19,14364,买盘
1462,13:29:03,7.56,--,23,17388,买盘
1463,13:29:00,7.56,--,60,45360,买盘
1464,13:28:57,7.56,--,18,13608,买盘
1465,13:28:48,7.56,--,5,3780,买盘
1466,13:28:45,7.56,--,10,7560,买盘
1467,13:28:42,7.56,--,9,6804,买盘
1468,13:28:39,7.56,-0.01,477,360612,卖盘
1469,13:28:36,7.57,--,6,4542,买盘
1470,13:28:33,7.57,--,102,77214,买盘
1471,13:28:30,7.57,0.01,11,8327,买盘
1472,13:28:27,7.56,-0.01,4,3024,卖盘
1473,13:28:24,7.57,0.01,8,6056,买盘
1474,13:28:21,7.56,--,43,32508,卖盘
1475,13:28:18,7.56,--,6,4536,卖盘
1476,13:28:15,7.56,-0.01,5,3780,卖盘
1477,13:28:12,7.57,0.01,9,6813,买盘
1478,13:28:09,7.56,-0.01,201,151956,卖盘
1479,13:28:03,7.57,--,1,757,买盘
1480,13:28:00,7.57,0.01,8,6056,买盘
1481,13:27:57,7.56,--,88,66528,卖盘
1482,13:27:54,7.56,-0.01,6,4536,卖盘
1483,13:27:51,7.57,0.01,8,6056,买盘
1484,13:27:48,7.56,--,7,5292,卖盘
1485,13:27:45,7.56,-0.01,15,11340,卖盘
1486,13:27:39,7.57,--,20,15140,买盘
1487,13:27:36,7.57,0.01,22,16654,买盘
1488,13:27:33,7.56,--,70,53494,买盘
1489,13:27:30,7.56,--,1,756,买盘
1490,13:27:27,7.56,--,15,11340,买盘
1491,13:27:15,7.56,--,60,45360,买盘
1492,13:27:12,7.56,--,85,64260,买盘
1493,13:27:09,7.56,--,11,8316,买盘
1494,13:27:06,7.56,--,205,154980,买盘
1495,13:27:03,7.56,--,25,18900,买盘
1496,13:27:00,7.56,--,265,200340,买盘
1497,13:26:57,7.56,--,200,151200,买盘
1498,13:26:54,7.56,--,8,6048,买盘
1499,13:26:48,7.56,--,13,9828,买盘
1500,13:26:45,7.56,--,5,3780,买盘
1501,13:26:42,7.56,--,101,76356,买盘
1502,13:26:39,7.56,--,42,31752,买盘
1503,13:26:36,7.56,-0.01,1592,1203733,卖盘
1504,13:26:33,7.57,--,7,5299,买盘
1505,13:26:27,7.57,--,16,12112,买盘
1506,13:26:24,7.57,--,1,757,买盘
1507,13:26:21,7.57,0.01,8,6056,买盘
1508,13:26:15,7.56,-0.01,42,31752,卖盘
1509,13:26:12,7.57,--,18,13626,买盘
1510,13:26:09,7.57,0.01,23,17411,买盘
1511,13:26:06,7.56,-0.01,542,409752,卖盘
1512,13:26:03,7.57,--,434,328538,买盘
1513,13:26:00,7.57,0.01,108,81756,买盘
1514,13:25:57,7.56,--,90,68040,卖盘
1515,13:25:54,7.56,--,115,86940,卖盘
1516,13:25:51,7.56,-0.01,63,47628,卖盘
1517,13:25:45,7.57,0.01,9,6813,买盘
1518,13:25:42,7.56,-0.01,2,1512,卖盘
1519,13:25:39,7.57,--,21,15897,买盘
1520,13:25:36,7.57,0.01,570,431490,买盘
1521,13:25:33,7.56,-0.01,14,10584,卖盘
1522,13:25:30,7.57,--,259,196063,买盘
1523,13:25:27,7.57,--,25,18925,买盘
1524,13:25:24,7.57,--,9,6813,买盘
1525,13:25:21,7.57,0.01,11,8327,买盘
1526,13:25:18,7.56,-0.01,25,18900,卖盘
1527,13:25:15,7.57,--,21,15897,买盘
1528,13:25:12,7.57,--,43,32551,买盘
1529,13:25:09,7.57,0.01,39,29523,买盘
1530,13:25:06,7.56,-0.01,542,409752,卖盘
1531,13:25:03,7.57,--,1,757,买盘
1532,13:25:00,7.57,0.01,25,18925,买盘
1533,13:24:57,7.56,--,26,19656,卖盘
1534,13:24:54,7.56,--,1114,842184,卖盘
1535,13:24:51,7.56,--,124,93744,卖盘
1536,13:24:48,7.56,-0.01,11,8316,卖盘
1537,13:24:45,7.57,--,29,21953,买盘
1538,13:24:42,7.57,--,6,4542,买盘
1539,13:24:39,7.57,--,23,17411,买盘
1540,13:24:36,7.57,--,500,378500,买盘
1541,13:24:33,7.57,0.01,6,4542,买盘
1542,13:24:30,7.56,-0.01,157,118692,卖盘
1543,13:24:27,7.57,0.01,9,6813,买盘
1544,13:24:21,7.56,--,20,15120,卖盘
1545,13:24:18,7.56,-0.01,16,12096,卖盘
1546,13:24:15,7.57,--,26,19682,买盘
1547,13:24:12,7.57,--,1,757,买盘
1548,13:24:09,7.57,--,14,10598,买盘
1549,13:24:06,7.57,0.01,515,389855,买盘
1550,13:24:03,7.56,-0.01,241,182196,卖盘
1551,13:23:57,7.57,0.01,1,757,买盘
1552,13:23:54,7.56,--,343,259308,卖盘
1553,13:23:48,7.56,--,34,25704,卖盘
1554,13:23:45,7.56,-0.01,14,10584,卖盘
1555,13:23:42,7.57,--,14,10598,买盘
1556,13:23:39,7.57,--,15,11355,买盘
1557,13:23:36,7.57,--,500,378500,买盘
1558,13:23:30,7.57,--,8,6056,买盘
1559,13:23:27,7.57,--,1,757,买盘
1560,13:23:21,7.57,0.01,13,9841,买盘
1561,13:23:18,7.56,--,5,3780,卖盘
1562,13:23:15,7.56,-0.01,7,5292,卖盘
1563,13:23:12,7.57,--,7,5299,买盘
1564,13:23:09,7.57,--,163,123391,买盘
1565,13:23:06,7.57,0.01,500,378500,买盘
1566,13:23:00,7.56,-0.01,25,18900,卖盘
1567,13:22:57,7.57,0.01,124,93868,买盘
1568,13:22:48,7.56,--,13,9828,卖盘
1569,13:22:45,7.56,-0.01,14,10584,卖盘
1570,13:22:42,7.57,0.01,5,3785,买盘
1571,13:22:39,7.56,-0.01,21,16609,卖盘
1572,13:22:36,7.57,0.01,507,383799,买盘
1573,13:22:27,7.56,-0.01,20,15120,卖盘
1574,13:22:24,7.57,0.01,8,6056,买盘
1575,13:22:21,7.56,--,14,10584,卖盘
1576,13:22:18,7.56,--,171,129276,卖盘
1577,13:22:15,7.56,-0.01,220,166320,卖盘
1578,13:22:12,7.57,--,26,19682,买盘
1579,13:22:09,7.57,--,15,11355,买盘
1580,13:22:06,7.57,--,525,397425,买盘
1581,13:22:03,7.57,0.01,8,6056,买盘
1582,13:22:00,7.56,--,1,1028,卖盘
1583,13:21:57,7.56,-0.01,30,23095,卖盘
1584,13:21:51,7.57,0.01,18,13626,买盘
1585,13:21:48,7.56,--,19,14364,卖盘
1586,13:21:45,7.56,-0.01,5,3780,卖盘
1587,13:21:39,7.57,--,28,21196,买盘
1588,13:21:36,7.57,--,500,378500,买盘
1589,13:21:27,7.57,0.01,29,21953,买盘
1590,13:21:24,7.56,--,169,127764,卖盘
1591,13:21:18,7.56,--,27,20994,卖盘
1592,13:21:15,7.56,-0.01,8,6048,卖盘
1593,13:21:12,7.57,--,1,757,买盘
1594,13:21:09,7.57,0.01,32,24224,买盘
1595,13:21:06,7.56,-0.01,528,399168,卖盘
1596,13:21:03,7.57,0.01,8,6056,买盘
1597,13:20:57,7.56,-0.01,24,18227,卖盘
1598,13:20:54,7.57,0.01,62,46934,买盘
1599,13:20:48,7.56,--,4,3024,卖盘
1600,13:20:45,7.56,-0.01,12,9072,卖盘
1601,13:20:42,7.57,--,80,60560,买盘
1602,13:20:39,7.57,--,130,98410,买盘
1603,13:20:36,7.57,--,500,378500,买盘
1604,13:20:33,7.57,--,8,6056,买盘
1605,13:20:27,7.57,--,114,86298,买盘
1606,13:20:21,7.57,0.01,23,17411,买盘
1607,13:20:18,7.56,--,29,21924,卖盘
1608,13:20:15,7.56,--,6,4536,卖盘
1609,13:20:12,7.56,-0.01,44,33264,卖盘
1610,13:20:09,7.57,--,24,18168,买盘
1611,13:20:06,7.57,0.01,500,378500,买盘
1612,13:20:00,7.56,-0.01,61,46116,卖盘
1613,13:19:57,7.57,0.01,8,6056,买盘
1614,13:19:54,7.56,-0.01,58,43848,卖盘
1615,13:19:51,7.57,0.01,103,77971,买盘
1616,13:19:48,7.56,--,14,10584,卖盘
1617,13:19:45,7.56,-0.01,104,78624,卖盘
1618,13:19:39,7.57,--,36,27252,买盘
1619,13:19:36,7.57,0.01,9,6813,买盘
1620,13:19:33,7.56,-0.01,26,19656,卖盘
1621,13:19:30,7.57,--,14,10598,买盘
1622,13:19:24,7.57,0.01,13,9841,买盘
1623,13:19:21,7.56,--,20,15120,卖盘
1624,13:19:18,7.56,--,30,22680,卖盘
1625,13:19:15,7.56,-0.01,17,12852,卖盘
1626,13:19:09,7.57,--,8,6056,买盘
1627,13:19:06,7.57,--,80,60560,买盘
1628,13:19:03,7.57,0.01,165,125169,买盘
1629,13:19:00,7.56,--,105,79856,卖盘
1630,13:18:57,7.56,--,14,10584,卖盘
1631,13:18:51,7.56,--,17,12852,卖盘
1632,13:18:48,7.56,--,4,3024,卖盘
1633,13:18:45,7.56,--,39,29484,卖盘
1634,13:18:42,7.56,-0.01,300,226800,卖盘
1635,13:18:39,7.57,--,17,12869,买盘
1636,13:18:36,7.57,0.01,53,40121,买盘
1637,13:18:33,7.56,-0.01,5,4203,卖盘
1638,13:18:30,7.57,0.01,9,6813,买盘
1639,13:18:21,7.56,--,1,756,卖盘
1640,13:18:18,7.56,--,14,10584,卖盘
1641,13:18:15,7.56,-0.01,4,3024,卖盘
1642,13:18:12,7.57,0.01,8,6056,买盘
1643,13:18:09,7.56,-0.01,58,43931,卖盘
1644,13:18:06,7.57,0.01,14,10598,买盘
1645,13:18:03,7.56,--,26,19656,卖盘
1646,13:18:00,7.56,0.01,474,358344,买盘
1647,13:17:57,7.55,-0.01,150,113250,卖盘
1648,13:17:54,7.56,0.01,11,8316,买盘
1649,13:17:45,7.55,-0.01,19,14345,卖盘
1650,13:17:39,7.56,--,105,79380,买盘
1651,13:17:36,7.56,--,1,756,买盘
1652,13:17:33,7.56,--,7,5292,买盘
1653,13:17:30,7.56,--,101,76356,买盘
1654,13:17:27,7.56,--,121,91476,买盘
1655,13:17:24,7.56,-0.01,1786,1350216,卖盘
1656,13:17:21,7.57,0.01,17,12869,买盘
1657,13:17:18,7.56,--,2,1512,卖盘
1658,13:17:15,7.56,-0.01,6,4536,卖盘
1659,13:17:12,7.57,0.01,8,6056,买盘
1660,13:17:06,7.56,-0.01,17,12852,卖盘
1661,13:17:03,7.57,0.01,6,4542,买盘
1662,13:17:00,7.56,-0.01,32,24192,卖盘
1663,13:16:57,7.57,--,5,3785,买盘
1664,13:16:54,7.57,--,7,5299,买盘
1665,13:16:51,7.57,0.01,7,5299,买盘
1666,13:16:48,7.56,-0.01,11,8316,卖盘
1667,13:16:45,7.57,0.01,102,77214,买盘
1668,13:16:39,7.56,-0.01,31,23436,卖盘
1669,13:16:36,7.57,--,1,757,买盘
1670,13:16:33,7.57,--,3,2271,买盘
1671,13:16:27,7.57,--,7,5299,买盘
1672,13:16:24,7.57,0.01,1,757,买盘
1673,13:16:21,7.56,--,16,12096,卖盘
1674,13:16:18,7.56,-0.01,2,1512,卖盘
1675,13:16:15,7.57,--,28,21196,买盘
1676,13:16:09,7.57,--,200,151400,买盘
1677,13:16:03,7.57,--,8,6056,买盘
1678,13:15:54,7.57,0.01,33,24981,买盘
1679,13:15:48,7.56,--,1,756,卖盘
1680,13:15:45,7.56,--,14,10584,卖盘
1681,13:15:42,7.56,-0.01,861,650916,卖盘
1682,13:15:30,7.57,--,18,13626,买盘
1683,13:15:21,7.57,0.01,8,6056,买盘
1684,13:15:18,7.56,--,2,1512,卖盘
1685,13:15:15,7.56,-0.01,6,4536,卖盘
1686,13:15:09,7.57,--,8,6056,买盘
1687,13:15:06,7.57,--,74,56018,买盘
1688,13:15:03,7.57,--,8,6056,买盘
1689,13:15:00,7.57,0.01,6,4542,买盘
1690,13:14:57,7.56,--,182,137592,卖盘
1691,13:14:48,7.56,--,9,6804,卖盘
1692,13:14:45,7.56,--,4,3024,卖盘
1693,13:14:42,7.56,--,2,1512,卖盘
1694,13:14:39,7.56,--,26,19656,卖盘
1695,13:14:36,7.56,--,330,249480,卖盘
1696,13:14:33,7.56,--,567,428652,买盘
1697,13:14:30,7.56,--,4,3024,买盘
1698,13:14:27,7.56,--,33,24948,买盘
1699,13:14:24,7.56,--,7,5292,买盘
1700,13:14:21,7.56,0.01,303,229068,买盘
1701,13:14:18,7.55,--,1713,1293315,卖盘
1702,13:14:15,7.55,-0.01,4,3020,卖盘
1703,13:14:12,7.56,0.01,23,17388,买盘
1704,13:14:03,7.55,-0.01,14,10570,卖盘
1705,13:13:57,7.56,--,7,5292,买盘
1706,13:13:54,7.56,--,400,302400,买盘
1707,13:13:51,7.56,0.01,8,6048,买盘
1708,13:13:48,7.55,--,2,1510,卖盘
1709,13:13:45,7.55,-0.01,17,12835,卖盘
1710,13:13:39,7.56,0.01,8,6048,买盘
1711,13:13:36,7.55,--,88,66440,卖盘
1712,13:13:30,7.55,-0.01,46,34730,卖盘
1713,13:13:27,7.56,0.01,20,15120,买盘
1714,13:13:21,7.55,--,1,755,卖盘
1715,13:13:18,7.55,--,11,8305,卖盘
1716,13:13:15,7.55,--,4,3020,卖盘
1717,13:13:12,7.55,--,100,75500,卖盘
1718,13:13:09,7.55,--,20,15100,卖盘
1719,13:13:06,7.55,--,539,406945,卖盘
1720,13:13:03,7.55,--,95,71725,卖盘
1721,13:13:00,7.55,--,14,10570,卖盘
1722,13:12:57,7.55,-0.01,76,57380,卖盘
1723,13:12:54,7.56,--,228,172368,买盘
1724,13:12:51,7.56,0.01,2,1512,买盘
1725,13:12:48,7.55,--,1,755,卖盘
1726,13:12:45,7.55,-0.01,4,3020,卖盘
1727,13:12:42,7.56,0.01,8,6048,买盘
1728,13:12:39,7.55,-0.01,40,30200,卖盘
1729,13:12:36,7.56,0.01,6,4536,买盘
1730,13:12:33,7.55,-0.01,364,274820,卖盘
1731,13:12:27,7.56,--,50,37800,买盘
1732,13:12:21,7.56,0.01,18,13608,买盘
1733,13:12:18,7.55,-0.01,2,1510,卖盘
1734,13:12:15,7.56,0.01,9,6804,买盘
1735,13:12:12,7.55,-0.01,2,1510,卖盘
1736,13:12:09,7.56,--,71,53676,买盘
1737,13:12:03,7.56,--,8,6048,买盘
1738,13:12:00,7.56,--,19,14364,买盘
1739,13:11:57,7.56,0.01,1,756,买盘
1740,13:11:48,7.55,--,9,6795,卖盘
1741,13:11:45,7.55,--,4,3020,卖盘
1742,13:11:39,7.55,-0.01,12,9060,卖盘
1743,13:11:36,7.56,0.01,20,15120,买盘
1744,13:11:33,7.55,--,18,13590,卖盘
1745,13:11:27,7.55,--,23,17365,卖盘
1746,13:11:21,7.55,--,52,39260,卖盘
1747,13:11:18,7.55,--,88,66440,卖盘
1748,13:11:15,7.55,-0.01,14,10570,卖盘
1749,13:11:09,7.56,--,7,5292,买盘
1750,13:11:06,7.56,--,1,756,买盘
1751,13:11:03,7.56,0.01,7,5292,买盘
1752,13:11:00,7.55,-0.01,56,42280,卖盘
1753,13:10:51,7.56,--,9,6804,买盘
1754,13:10:48,7.56,--,6,4536,买盘
1755,13:10:42,7.56,--,8,6048,买盘
1756,13:10:30,7.56,--,21,15876,买盘
1757,13:10:21,7.56,--,16,12096,卖盘
1758,13:10:18,7.56,-0.01,55,41580,卖盘
1759,13:10:15,7.57,0.01,59,44663,买盘
1760,13:10:12,7.56,--,55,41580,卖盘
1761,13:10:09,7.56,--,366,276696,卖盘
1762,13:10:06,7.56,--,10,7560,卖盘
1763,13:10:00,7.56,--,211,159516,卖盘
1764,13:09:57,7.56,--,108,81648,卖盘
1765,13:09:54,7.56,--,10,7560,卖盘
1766,13:09:48,7.56,-0.01,21,15876,卖盘
1767,13:09:45,7.57,0.01,9,6813,买盘
1768,13:09:42,7.56,--,97,73332,卖盘
1769,13:09:39,7.56,--,18,13608,卖盘
1770,13:09:36,7.56,--,13,9828,卖盘
1771,13:09:30,7.56,--,136,102816,卖盘
1772,13:09:27,7.56,-0.01,11,8316,卖盘
1773,13:09:24,7.57,0.01,8,6056,买盘
1774,13:09:18,7.56,--,2,1512,卖盘
1775,13:09:15,7.56,-0.01,1,756,卖盘
1776,13:09:12,7.57,--,8,6056,买盘
1777,13:09:09,7.57,0.01,64,48448,买盘
1778,13:09:06,7.56,--,450,340200,卖盘
1779,13:09:03,7.56,-0.01,75,56700,卖盘
1780,13:09:00,7.57,--,83,62831,买盘
1781,13:08:57,7.57,0.01,138,104466,买盘
1782,13:08:54,7.56,-0.01,16,12096,卖盘
1783,13:08:51,7.57,0.01,14,10598,买盘
1784,13:08:48,7.56,--,183,138348,卖盘
1785,13:08:42,7.56,-0.01,20,15120,卖盘
1786,13:08:39,7.57,0.01,9,6813,买盘
1787,13:08:36,7.56,--,21,15876,卖盘
1788,13:08:33,7.56,-0.01,36,27216,卖盘
1789,13:08:27,7.57,0.01,8,6056,买盘
1790,13:08:24,7.56,--,36,27216,卖盘
1791,13:08:21,7.56,--,10,7560,卖盘
1792,13:08:18,7.56,--,29,21924,卖盘
1793,13:08:15,7.56,--,11,8316,卖盘
1794,13:08:09,7.56,-0.01,2,1512,卖盘
1795,13:08:06,7.57,0.01,22,16654,买盘
1796,13:08:00,7.56,--,12,9072,卖盘
1797,13:07:54,7.56,--,124,93744,卖盘
1798,13:07:51,7.56,--,35,26460,卖盘
1799,13:07:48,7.56,--,1,756,卖盘
1800,13:07:45,7.56,-0.01,53,40068,卖盘
1801,13:07:42,7.57,0.01,12,9084,买盘
1802,13:07:39,7.56,-0.01,873,659988,卖盘
1803,13:07:33,7.57,0.01,8,6056,买盘
1804,13:07:30,7.56,-0.01,3,2268,卖盘
1805,13:07:27,7.57,0.01,175,132475,买盘
1806,13:07:24,7.56,-0.01,6,4536,卖盘
1807,13:07:21,7.57,0.01,43,32551,买盘
1808,13:07:18,7.56,--,3,2268,卖盘
1809,13:07:15,7.56,-0.01,2,1512,卖盘
1810,13:07:12,7.57,--,8,6056,买盘
1811,13:07:09,7.57,0.01,31,23467,买盘
1812,13:07:06,7.56,-0.01,48,36288,卖盘
1813,13:07:03,7.57,--,1,757,买盘
1814,13:07:00,7.57,0.01,11,8327,买盘
1815,13:06:57,7.56,-0.01,6,4536,卖盘
1816,13:06:54,7.57,-0.01,410,310370,卖盘
1817,13:06:51,7.58,0.01,29,21982,买盘
1818,13:06:48,7.57,--,204,154428,卖盘
1819,13:06:45,7.57,--,1,757,卖盘
1820,13:06:42,7.57,-0.01,356,269492,卖盘
1821,13:06:39,7.58,0.01,16,12128,买盘
1822,13:06:36,7.57,-0.01,1519,1149883,卖盘
1823,13:06:33,7.58,0.01,29,21982,买盘
1824,13:06:30,7.57,--,630,476910,卖盘
1825,13:06:27,7.57,-0.01,7,5299,卖盘
1826,13:06:24,7.58,--,9,6822,买盘
1827,13:06:21,7.58,0.01,9,6822,买盘
1828,13:06:18,7.57,-0.01,17,12869,卖盘
1829,13:06:15,7.58,--,11,8338,买盘
1830,13:06:09,7.58,0.01,120,90960,买盘
1831,13:06:06,7.57,-0.01,41,31037,卖盘
1832,13:06:03,7.58,0.01,113,85654,买盘
1833,13:06:00,7.57,--,84,63588,卖盘
1834,13:05:57,7.57,--,698,528386,卖盘
1835,13:05:54,7.57,-0.01,288,218016,卖盘
1836,13:05:51,7.58,0.01,8,6064,买盘
1837,13:05:48,7.57,--,18,13626,卖盘
1838,13:05:45,7.57,-0.01,20,15140,卖盘
1839,13:05:42,7.58,--,8,6064,买盘
1840,13:05:39,7.58,0.01,4,3032,买盘
1841,13:05:30,7.57,--,53,40121,卖盘
1842,13:05:27,7.57,--,7,5299,卖盘
1843,13:05:24,7.57,--,26,19682,卖盘
1844,13:05:21,7.57,-0.01,12,9084,卖盘
1845,13:05:18,7.58,0.01,61,46238,买盘
1846,13:05:15,7.57,-0.01,865,654805,卖盘
1847,13:05:12,7.58,0.01,37,28046,买盘
1848,13:05:09,7.57,--,83,62831,卖盘
1849,13:05:06,7.57,--,1,757,卖盘
1850,13:05:03,7.57,-0.01,17,12869,卖盘
1851,13:05:00,7.58,--,258,195564,买盘
1852,13:04:57,7.58,0.01,19,14402,买盘
1853,13:04:54,7.57,-0.01,225,170325,卖盘
1854,13:04:51,7.58,--,112,84896,买盘
1855,13:04:48,7.58,--,31,23498,买盘
1856,13:04:45,7.58,0.01,8,6064,买盘
1857,13:04:42,7.57,--,7,5299,卖盘
1858,13:04:39,7.57,--,19,14383,卖盘
1859,13:04:36,7.57,-0.01,12,9084,卖盘
1860,13:04:33,7.58,0.01,11,8338,买盘
1861,13:04:27,7.57,-0.01,1,757,卖盘
1862,13:04:24,7.58,--,54,40932,买盘
1863,13:04:21,7.58,--,14,10612,买盘
1864,13:04:18,7.58,0.01,942,714036,买盘
1865,13:04:12,7.57,-0.01,51,38607,卖盘
1866,13:04:06,7.58,--,300,227400,买盘
1867,13:04:00,7.58,--,59,44722,买盘
1868,13:03:57,7.58,0.01,2,1516,买盘
1869,13:03:54,7.57,-0.01,17,12869,卖盘
1870,13:03:51,7.58,0.01,8,6064,买盘
1871,13:03:48,7.57,--,16,12112,卖盘
1872,13:03:45,7.57,-0.01,25,18925,卖盘
1873,13:03:42,7.58,--,7,5306,买盘
1874,13:03:39,7.58,--,7,5306,买盘
1875,13:03:36,7.58,--,10,7580,买盘
1876,13:03:33,7.58,--,10,7580,买盘
1877,13:03:30,7.58,--,5,3790,买盘
1878,13:03:27,7.58,--,78,59124,买盘
1879,13:03:21,7.58,--,70,53060,买盘
1880,13:03:18,7.58,--,238,180404,买盘
1881,13:03:15,7.58,0.01,14,10612,买盘
1882,13:03:12,7.57,-0.01,35,26495,卖盘
1883,13:03:06,7.58,--,7,5306,买盘
1884,13:03:03,7.58,--,8,6064,买盘
1885,13:02:57,7.58,--,6,4548,买盘
1886,13:02:54,7.58,0.01,13,9854,买盘
1887,13:02:51,7.57,-0.01,23,17411,卖盘
1888,13:02:48,7.58,0.01,10,7580,买盘
1889,13:02:45,7.57,-0.01,27,20439,卖盘
1890,13:02:39,7.58,--,13,9854,买盘
1891,13:02:36,7.58,--,89,67462,买盘
1892,13:02:33,7.58,0.01,7,5306,买盘
1893,13:02:30,7.57,--,253,191521,卖盘
1894,13:02:27,7.57,--,5,3785,卖盘
1895,13:02:24,7.57,-0.01,6,4542,卖盘
1896,13:02:21,7.58,--,8,6064,买盘
1897,13:02:18,7.58,0.01,7,5306,买盘
1898,13:02:15,7.57,-0.01,714,540498,卖盘
1899,13:02:12,7.58,--,5,3790,买盘
1900,13:02:09,7.58,0.01,14,10612,买盘
1901,13:02:03,7.57,--,6,4542,卖盘
1902,13:02:00,7.57,--,99,74943,卖盘
1903,13:01:57,7.57,-0.01,7,5299,卖盘
1904,13:01:54,7.58,0.01,102,77316,买盘
1905,13:01:51,7.57,-0.01,10,7570,卖盘
1906,13:01:48,7.58,--,9,6822,买盘
1907,13:01:42,7.58,0.01,222,168276,买盘
1908,13:01:39,7.57,-0.01,10,7570,卖盘
1909,13:01:36,7.58,0.01,8,6064,买盘
1910,13:01:33,7.57,--,16,12112,卖盘
1911,13:01:30,7.57,--,450,340650,卖盘
1912,13:01:27,7.57,-0.01,14,10598,卖盘
1913,13:01:18,7.58,0.01,60,45480,买盘
1914,13:01:15,7.57,-0.01,44,33308,卖盘
1915,13:01:12,7.58,--,10,7580,买盘
1916,13:01:06,7.58,0.01,7,5306,买盘
1917,13:01:03,7.57,-0.01,257,194549,卖盘
1918,13:01:00,7.58,--,17,12886,买盘
1919,13:00:51,7.58,0.01,159,120522,买盘
1920,13:00:45,7.57,-0.01,200,151400,卖盘
1921,13:00:42,7.58,--,8,6064,买盘
1922,13:00:36,7.58,--,4,3032,买盘
1923,13:00:33,7.58,--,2,1516,买盘
1924,13:00:30,7.58,--,9,6822,买盘
1925,13:00:27,7.58,--,31,23498,买盘
1926,13:00:21,7.58,--,5,3790,买盘
1927,13:00:18,7.58,0.01,108,81864,买盘
1928,13:00:15,7.57,-0.01,15,11355,卖盘
1929,13:00:12,7.58,--,59,44722,买盘
1930,13:00:09,7.58,--,80,60640,买盘
1931,13:00:06,7.58,--,285,216030,买盘
1932,13:00:03,7.58,--,2576,1953146,买盘
1933,13:00:00,7.58,--,0,0,买盘
1934,11:30:00,7.58,--,998,756484,买盘
1935,11:29:57,7.58,--,209,158422,买盘
1936,11:29:48,7.58,--,5,3790,买盘
1937,11:29:45,7.58,--,16,12128,买盘
1938,11:29:42,7.58,0.01,31,23498,买盘
1939,11:29:39,7.57,-0.01,180,136260,卖盘
1940,11:29:36,7.58,--,61,46238,买盘
1941,11:29:33,7.58,--,20,15160,买盘
1942,11:29:27,7.58,0.01,36,27288,买盘
1943,11:29:24,7.57,-0.01,17,12869,卖盘
1944,11:29:21,7.58,--,30,22740,买盘
1945,11:29:18,7.58,--,1,758,买盘
1946,11:29:12,7.58,--,30,22740,买盘
1947,11:29:09,7.58,--,1822,1381076,买盘
1948,11:29:06,7.58,--,5,3790,买盘
1949,11:29:03,7.58,--,30,22740,买盘
1950,11:29:00,7.58,0.01,65,49270,买盘
1951,11:28:57,7.57,--,130,98410,卖盘
1952,11:28:54,7.57,--,7,5299,卖盘
1953,11:28:51,7.57,-0.01,29,21953,卖盘
1954,11:28:48,7.58,0.01,1,758,买盘
1955,11:28:45,7.57,--,19,14383,卖盘
1956,11:28:42,7.57,-0.01,7,5299,卖盘
1957,11:28:39,7.58,0.01,8,6064,买盘
1958,11:28:36,7.57,--,45,34065,卖盘
1959,11:28:33,7.57,--,18,13626,卖盘
1960,11:28:30,7.57,-0.01,1,757,卖盘
1961,11:28:27,7.58,--,17,12886,买盘
1962,11:28:24,7.58,0.01,759,575322,买盘
1963,11:28:21,7.57,--,7,5299,卖盘
1964,11:28:18,7.57,-0.01,30,22710,卖盘
1965,11:28:15,7.58,--,1323,1002834,买盘
1966,11:28:06,7.58,0.01,65,49270,买盘
1967,11:27:57,7.57,--,5,3785,卖盘
1968,11:27:54,7.57,-0.01,78,59046,卖盘
1969,11:27:51,7.58,0.01,8,6064,买盘
1970,11:27:48,7.57,--,536,405752,卖盘
1971,11:27:45,7.57,-0.01,52,39364,卖盘
1972,11:27:42,7.58,0.01,198,150084,买盘
1973,11:27:39,7.57,-0.01,20,15140,卖盘
1974,11:27:36,7.58,--,11,8338,买盘
1975,11:27:33,7.58,--,239,181162,买盘
1976,11:27:30,7.58,0.01,87,65946,买盘
1977,11:27:27,7.57,-0.01,33,24981,卖盘
1978,11:27:21,7.58,0.01,41,31078,买盘
1979,11:27:18,7.57,--,14,10598,卖盘
1980,11:27:15,7.57,-0.01,80,60560,卖盘
1981,11:27:12,7.58,0.01,9,6822,买盘
1982,11:27:09,7.57,-0.01,11,8327,卖盘
1983,11:27:06,7.58,--,360,272880,买盘
1984,11:27:03,7.58,--,147,111426,买盘
1985,11:27:00,7.58,0.01,30,22740,买盘
1986,11:26:57,7.57,--,1,757,卖盘
1987,11:26:51,7.57,-0.01,184,139288,卖盘
1988,11:26:48,7.58,0.01,16,12128,买盘
1989,11:26:42,7.57,-0.01,10,7570,卖盘
1990,11:26:39,7.58,--,5,3790,买盘
1991,11:26:36,7.58,--,65,49270,买盘
1992,11:26:30,7.58,--,43,32594,买盘
1993,11:26:27,7.58,--,12,9096,买盘
1994,11:26:21,7.58,--,232,175856,买盘
1995,11:26:18,7.58,--,172,130376,卖盘
1996,11:26:15,7.58,-0.01,1051,796658,卖盘
1997,11:26:12,7.59,0.01,199,151041,买盘
1998,11:26:09,7.58,-0.01,91,68978,卖盘
1999,11:26:06,7.59,--,599,454641,买盘
2000,11:26:03,7.59,0.01,14,10626,买盘
2001,11:26:00,7.58,--,50,37900,卖盘
2002,11:25:57,7.58,--,54,40932,卖盘
2003,11:25:54,7.58,--,329,249382,卖盘
2004,11:25:51,7.58,--,25,18950,卖盘
2005,11:25:48,7.58,-0.01,322,244076,卖盘
2006,11:25:42,7.59,0.01,7,5313,买盘
2007,11:25:39,7.58,-0.01,76,57608,卖盘
2008,11:25:36,7.59,--,7,5313,买盘
2009,11:25:33,7.59,--,3,2277,买盘
2010,11:25:30,7.59,0.01,154,116886,买盘
2011,11:25:27,7.58,-0.01,220,166760,卖盘
2012,11:25:24,7.59,--,30,22770,买盘
2013,11:25:21,7.59,--,91,69069,买盘
2014,11:25:18,7.59,0.01,60,45540,买盘
2015,11:25:15,7.58,-0.01,20,15160,卖盘
2016,11:25:12,7.59,--,118,89562,买盘
2017,11:25:09,7.59,0.01,172,130548,买盘
2018,11:25:06,7.58,--,7,5306,卖盘
2019,11:25:00,7.58,-0.01,40,30320,卖盘
2020,11:24:57,7.59,--,8,6072,买盘
2021,11:24:54,7.59,--,10,7590,买盘
2022,11:24:48,7.59,--,65,49335,买盘
2023,11:24:45,7.59,--,46,34914,买盘
2024,11:24:36,7.59,--,166,125994,买盘
2025,11:24:33,7.59,--,28,21252,买盘
2026,11:24:30,7.59,0.01,170,129030,买盘
2027,11:24:27,7.58,--,70,53060,卖盘
2028,11:24:24,7.58,-0.01,30,22740,卖盘
2029,11:24:21,7.59,--,100,75900,买盘
2030,11:24:18,7.59,0.01,4,3036,买盘
2031,11:24:15,7.58,--,17,12886,卖盘
2032,11:24:12,7.58,-0.01,26,19708,卖盘
2033,11:24:09,7.59,--,139,105501,买盘
2034,11:24:06,7.59,--,62,47058,买盘
2035,11:24:03,7.59,--,1118,848562,买盘
2036,11:24:00,7.59,--,149,113091,买盘
2037,11:23:57,7.59,--,9,6831,买盘
2038,11:23:54,7.59,--,15,11385,买盘
2039,11:23:51,7.59,--,188,142692,买盘
2040,11:23:48,7.59,--,1,759,买盘
2041,11:23:45,7.59,--,74,56166,买盘
2042,11:23:42,7.59,--,31,23529,买盘
2043,11:23:39,7.59,--,23,17457,买盘
2044,11:23:36,7.59,0.01,6,4554,买盘
2045,11:23:33,7.58,-0.01,413,313054,卖盘
2046,11:23:30,7.59,--,83,62997,买盘
2047,11:23:27,7.59,0.01,175,132825,买盘
2048,11:23:24,7.58,--,535,405530,卖盘
2049,11:23:21,7.58,--,8,6064,卖盘
2050,11:23:18,7.58,-0.01,17,12886,卖盘
2051,11:23:15,7.59,0.01,35,26565,买盘
2052,11:23:09,7.58,-0.01,75,56850,卖盘
2053,11:23:06,7.59,--,261,198099,买盘
2054,11:23:03,7.59,--,527,399993,买盘
2055,11:23:00,7.59,--,22,16698,买盘
2056,11:22:57,7.59,--,55,41745,买盘
2057,11:22:54,7.59,0.01,8,6072,买盘
2058,11:22:51,7.58,--,30,22740,卖盘
2059,11:22:48,7.58,-0.01,36,27288,卖盘
2060,11:22:45,7.59,--,5,3795,买盘
2061,11:22:42,7.59,0.01,134,101706,买盘
2062,11:22:39,7.58,-0.01,200,151600,卖盘
2063,11:22:36,7.59,--,41,31119,买盘
2064,11:22:33,7.59,--,14,10626,买盘
2065,11:22:30,7.59,--,70,53130,买盘
2066,11:22:21,7.59,0.01,65,49335,买盘
2067,11:22:18,7.58,-0.01,54,40932,卖盘
2068,11:22:15,7.59,--,10,7590,买盘
2069,11:22:09,7.59,0.01,41,31119,买盘
2070,11:22:06,7.58,--,5,3790,卖盘
2071,11:22:03,7.58,--,346,262268,买盘
2072,11:22:00,7.58,--,13,9854,买盘
2073,11:21:57,7.58,--,25,18950,买盘
2074,11:21:54,7.58,--,277,209966,买盘
2075,11:21:51,7.58,--,19,14402,买盘
2076,11:21:48,7.58,0.01,31,23498,买盘
2077,11:21:45,7.57,-0.01,142,107494,卖盘
2078,11:21:42,7.58,--,17,12886,买盘
2079,11:21:39,7.58,--,395,299410,买盘
2080,11:21:36,7.58,0.01,41,31078,买盘
2081,11:21:33,7.57,--,14,10598,卖盘
2082,11:21:30,7.57,--,200,151400,卖盘
2083,11:21:27,7.57,-0.01,10,7570,卖盘
2084,11:21:24,7.58,--,57,43206,买盘
2085,11:21:21,7.58,--,1100,833800,买盘
2086,11:21:18,7.58,--,68,51544,买盘
2087,11:21:15,7.58,--,524,397192,买盘
2088,11:21:09,7.58,0.01,4,3032,买盘
2089,11:21:06,7.57,--,2,1514,卖盘
2090,11:21:03,7.57,-0.01,51,38607,卖盘
2091,11:21:00,7.58,0.01,27,20466,买盘
2092,11:20:57,7.57,--,60,45420,卖盘
2093,11:20:54,7.57,-0.01,47,35579,卖盘
2094,11:20:51,7.58,--,51,38658,买盘
2095,11:20:48,7.58,0.01,28,21224,买盘
2096,11:20:45,7.57,-0.01,1501,1136257,卖盘
2097,11:20:42,7.58,0.01,8,6064,买盘
2098,11:20:39,7.57,--,10,7570,卖盘
2099,11:20:36,7.57,--,1,757,卖盘
2100,11:20:33,7.57,-0.01,1,757,卖盘
2101,11:20:30,7.58,--,9,6822,买盘
2102,11:20:27,7.58,--,105,79590,买盘
2103,11:20:24,7.58,--,68,51544,买盘
2104,11:20:21,7.58,--,3825,2899350,买盘
2105,11:20:18,7.58,--,573,434334,买盘
2106,11:20:15,7.58,--,175,132650,买盘
2107,11:20:12,7.58,0.01,6,4548,买盘
2108,11:20:09,7.57,--,557,421649,卖盘
2109,11:20:06,7.57,--,54,40878,卖盘
2110,11:20:03,7.57,-0.01,3,2271,卖盘
2111,11:19:57,7.58,--,16,12128,买盘
2112,11:19:54,7.58,0.01,300,227400,买盘
2113,11:19:51,7.57,--,24,18168,卖盘
2114,11:19:48,7.57,-0.01,100,75700,卖盘
2115,11:19:45,7.58,--,69,52302,买盘
2116,11:19:42,7.58,0.01,100,75800,买盘
2117,11:19:39,7.57,--,96,72672,卖盘
2118,11:19:36,7.57,-0.01,210,158970,卖盘
2119,11:19:33,7.58,0.01,25,18950,买盘
2120,11:19:30,7.57,--,25,18925,卖盘
2121,11:19:27,7.57,--,20,15140,卖盘
2122,11:19:24,7.57,--,190,144284,买盘
2123,11:19:21,7.57,--,5,3785,买盘
2124,11:19:18,7.57,--,57,43149,买盘
2125,11:19:15,7.57,--,53,40121,买盘
2126,11:19:12,7.57,--,83,62831,买盘
2127,11:19:09,7.57,--,60,45420,买盘
2128,11:19:06,7.57,--,74,56018,买盘
2129,11:19:03,7.57,0.01,8,6056,买盘
2130,11:19:00,7.56,-0.01,5,3780,卖盘
2131,11:18:54,7.57,0.01,126,95382,买盘
2132,11:18:51,7.56,-0.01,2389,1806084,卖盘
2133,11:18:48,7.57,--,34,25738,卖盘
2134,11:18:45,7.57,--,96,72672,卖盘
2135,11:18:42,7.57,--,88,66616,卖盘
2136,11:18:39,7.57,--,187,141559,卖盘
2137,11:18:36,7.57,--,4,3028,卖盘
2138,11:18:33,7.57,--,176,133232,买盘
2139,11:18:30,7.57,0.01,9,6813,买盘
2140,11:18:24,7.56,-0.01,2,1512,卖盘
2141,11:18:21,7.57,--,14,10598,买盘
2142,11:18:18,7.57,--,87,65859,买盘
2143,11:18:15,7.57,--,79,59803,卖盘
2144,11:18:12,7.57,--,3,2271,卖盘
2145,11:18:09,7.57,-0.01,100,75700,卖盘
2146,11:18:06,7.58,0.01,11,8338,买盘
2147,11:18:03,7.57,--,126,95382,买盘
2148,11:18:00,7.57,--,216,163512,买盘
2149,11:17:57,7.57,--,5,3785,买盘
2150,11:17:54,7.57,--,9,6813,买盘
2151,11:17:51,7.57,0.01,213,161241,买盘
2152,11:17:48,7.56,-0.01,89,67284,卖盘
2153,11:17:45,7.57,--,176,133232,买盘
2154,11:17:42,7.57,--,11,8327,买盘
2155,11:17:39,7.57,-0.01,435,329295,卖盘
2156,11:17:33,7.58,0.01,13,9854,买盘
2157,11:17:30,7.57,--,25,18925,卖盘
2158,11:17:24,7.57,-0.01,300,227100,卖盘
2159,11:17:21,7.58,0.01,19,14402,买盘
2160,11:17:18,7.57,-0.01,64,48448,中性盘
2161,11:17:15,7.58,0.02,698,529084,买盘
2162,11:17:12,7.56,-0.01,34,25704,卖盘
2163,11:17:09,7.57,0.01,35,26495,买盘
2164,11:17:06,7.56,-0.01,134,101304,卖盘
2165,11:17:03,7.57,--,140,105980,买盘
2166,11:17:00,7.57,--,193,146101,卖盘
2167,11:16:57,7.57,-0.01,15,11355,中性盘
2168,11:16:54,7.58,0.01,757,573806,买盘
2169,11:16:51,7.57,--,146,110522,卖盘
2170,11:16:48,7.57,--,153,115821,卖盘
2171,11:16:45,7.57,--,587,444359,卖盘
2172,11:16:42,7.57,--,65,49205,卖盘
2173,11:16:39,7.57,-0.01,260,196820,中性盘
2174,11:16:36,7.58,0.01,50,37900,买盘
2175,11:16:33,7.57,--,344,260408,买盘
2176,11:16:30,7.57,-0.01,123,93111,卖盘
2177,11:16:27,7.58,0.01,13,9854,买盘
2178,11:16:24,7.57,-0.01,92,69644,卖盘
2179,11:16:21,7.58,--,53,40174,买盘
2180,11:16:18,7.58,0.01,508,385064,买盘
2181,11:16:15,7.57,-0.01,640,484480,卖盘
2182,11:16:12,7.58,--,703,532874,买盘
2183,11:16:09,7.58,--,5,3790,买盘
2184,11:16:06,7.58,--,6,4548,买盘
2185,11:16:03,7.58,--,514,389612,买盘
2186,11:16:00,7.58,--,16,12128,买盘
2187,11:15:57,7.58,--,11,8338,买盘
2188,11:15:54,7.58,--,76,57608,买盘
2189,11:15:51,7.58,--,15,11370,买盘
2190,11:15:48,7.58,--,24,18192,买盘
2191,11:15:45,7.58,--,2190,1660020,买盘
2192,11:15:42,7.58,--,131,99298,买盘
2193,11:15:39,7.58,--,8,6064,买盘
2194,11:15:36,7.58,0.01,22,16676,买盘
2195,11:15:33,7.57,--,638,482966,卖盘
2196,11:15:30,7.57,--,24,18168,卖盘
2197,11:15:27,7.57,-0.01,99,74943,卖盘
2198,11:15:24,7.58,0.01,12,9096,买盘
2199,11:15:21,7.57,-0.01,117,88569,卖盘
2200,11:15:18,7.58,0.01,17,12886,买盘
2201,11:15:15,7.57,--,91,68887,卖盘
2202,11:15:12,7.57,-0.01,2,1514,卖盘
2203,11:15:09,7.58,--,57,43206,买盘
2204,11:15:06,7.58,--,219,166002,买盘
2205,11:15:03,7.58,0.01,137,103846,买盘
2206,11:15:00,7.57,-0.01,681,515517,卖盘
2207,11:14:57,7.58,--,294,222852,买盘
2208,11:14:54,7.58,--,1547,1172626,买盘
2209,11:14:51,7.58,--,63,47754,买盘
2210,11:14:48,7.58,--,40,30320,买盘
2211,11:14:45,7.58,--,216,163728,买盘
2212,11:14:42,7.58,--,100,75800,买盘
2213,11:14:39,7.58,--,690,523020,买盘
2214,11:14:36,7.58,--,85,64430,买盘
2215,11:14:33,7.58,--,2,1516,买盘
2216,11:14:30,7.58,--,26,19708,买盘
2217,11:14:27,7.58,--,237,179646,买盘
2218,11:14:24,7.58,--,138,104604,买盘
2219,11:14:21,7.58,--,66,50028,买盘
2220,11:14:18,7.58,--,10,7580,买盘
2221,11:14:15,7.58,--,52,39416,买盘
2222,11:14:12,7.58,0.01,1042,789836,买盘
2223,11:14:09,7.57,-0.01,612,463284,卖盘
2224,11:14:06,7.58,--,289,219062,买盘
2225,11:14:03,7.58,--,88,66704,买盘
2226,11:14:00,7.58,--,120,90960,买盘
2227,11:13:57,7.58,--,174,131892,买盘
2228,11:13:54,7.58,--,253,191774,买盘
2229,11:13:51,7.58,--,18,13644,买盘
2230,11:13:48,7.58,--,507,384306,买盘
2231,11:13:45,7.58,0.01,147,111426,买盘
2232,11:13:42,7.57,-0.01,100,75700,卖盘
2233,11:13:39,7.58,0.01,48,36384,买盘
2234,11:13:36,7.57,--,125,94625,卖盘
2235,11:13:33,7.57,0.01,6406,4849342,买盘
2236,11:13:30,7.56,--,14,10584,买盘
2237,11:13:27,7.56,0.01,87,65772,买盘
2238,11:13:24,7.55,-0.01,2605,1966775,卖盘
2239,11:13:21,7.56,--,11,8316,买盘
2240,11:13:18,7.56,0.01,37,27972,买盘
2241,11:13:15,7.55,--,15,11325,卖盘
2242,11:13:12,7.55,--,1,755,卖盘
2243,11:13:09,7.55,-0.01,2,1510,卖盘
2244,11:13:06,7.56,--,28,21168,买盘
2245,11:13:03,7.56,--,72,54432,买盘
2246,11:13:00,7.56,--,113,85428,买盘
2247,11:12:57,7.56,0.01,66,49896,买盘
2248,11:12:54,7.55,-0.01,568,428840,卖盘
2249,11:12:51,7.56,--,10,7560,买盘
2250,11:12:45,7.56,--,14,10584,买盘
2251,11:12:42,7.56,--,60,45360,买盘
2252,11:12:39,7.56,--,54,40824,买盘
2253,11:12:36,7.56,--,15,11340,买盘
2254,11:12:33,7.56,0.01,53,40068,买盘
2255,11:12:30,7.55,-0.01,172,129860,卖盘
2256,11:12:27,7.56,--,16,12096,买盘
2257,11:12:24,7.56,--,48,36288,买盘
2258,11:12:21,7.56,--,37,27972,买盘
2259,11:12:18,7.56,--,4,3024,买盘
2260,11:12:15,7.56,0.01,78,58968,买盘
2261,11:12:12,7.55,-0.01,16,12080,卖盘
2262,11:12:09,7.56,--,39,29484,买盘
2263,11:12:06,7.56,0.01,648,489888,买盘
2264,11:12:03,7.55,-0.01,102,77010,卖盘
2265,11:12:00,7.56,0.01,8,6048,买盘
2266,11:11:57,7.55,-0.01,10,7550,卖盘
2267,11:11:54,7.56,--,128,96768,买盘
2268,11:11:51,7.56,--,36,27216,买盘
2269,11:11:48,7.56,--,17,12852,买盘
2270,11:11:45,7.56,--,303,229068,买盘
2271,11:11:39,7.56,0.01,97,73332,买盘
2272,11:11:36,7.55,-0.01,111,83805,卖盘
2273,11:11:33,7.56,--,1069,808164,买盘
2274,11:11:30,7.56,--,188,142128,买盘
2275,11:11:27,7.56,0.01,44,33264,买盘
2276,11:11:24,7.55,-0.01,12,9060,卖盘
2277,11:11:21,7.56,--,478,361368,买盘
2278,11:11:18,7.56,--,74,55944,买盘
2279,11:11:15,7.56,--,109,82404,买盘
2280,11:11:12,7.56,--,230,173880,买盘
2281,11:11:09,7.56,--,200,151200,买盘
2282,11:11:06,7.56,--,3015,2279340,买盘
2283,11:11:03,7.56,--,49,37044,买盘
2284,11:11:00,7.56,--,48,36288,买盘
2285,11:10:57,7.56,--,320,241920,买盘
2286,11:10:54,7.56,0.01,8,6048,买盘
2287,11:10:51,7.55,-0.01,79,59645,卖盘
2288,11:10:48,7.56,0.01,101,76356,买盘
2289,11:10:42,7.55,--,29,21895,卖盘
2290,11:10:39,7.55,-0.01,16,12080,卖盘
2291,11:10:36,7.56,--,1,756,买盘
2292,11:10:30,7.56,0.01,19,14364,买盘
2293,11:10:24,7.55,--,25,18875,卖盘
2294,11:10:21,7.55,-0.01,99,74745,卖盘
2295,11:10:18,7.56,0.01,27,20412,买盘
2296,11:10:15,7.55,--,2616,1975231,买盘
2297,11:10:12,7.55,--,11,8305,买盘
2298,11:10:09,7.55,--,138,104190,买盘
2299,11:10:03,7.55,0.01,33,24915,买盘
2300,11:10:00,7.54,-0.01,8,6032,卖盘
2301,11:09:57,7.55,--,8,6040,买盘
2302,11:09:54,7.55,--,331,249905,买盘
2303,11:09:48,7.55,--,24,18120,买盘
2304,11:09:45,7.55,--,477,360135,买盘
2305,11:09:42,7.55,--,36,27180,买盘
2306,11:09:39,7.55,0.01,631,476405,买盘
2307,11:09:36,7.54,-0.01,14,10556,卖盘
2308,11:09:33,7.55,0.01,11,8305,买盘
2309,11:09:30,7.54,-0.01,242,182468,卖盘
2310,11:09:27,7.55,--,20,15100,买盘
2311,11:09:24,7.55,--,15,11325,买盘
2312,11:09:18,7.55,--,1,755,买盘
2313,11:09:15,7.55,--,25,18875,买盘
2314,11:09:12,7.55,--,210,158550,买盘
2315,11:09:09,7.55,--,55,41525,买盘
2316,11:09:06,7.55,--,90,67950,买盘
2317,11:09:03,7.55,--,18,13590,买盘
2318,11:09:00,7.55,0.01,105,79275,买盘
2319,11:08:57,7.54,--,512,386048,卖盘
2320,11:08:54,7.54,-0.01,400,301600,卖盘
2321,11:08:51,7.55,0.01,48,36240,买盘
2322,11:08:48,7.54,-0.01,40,30160,卖盘
2323,11:08:45,7.55,--,59,44545,买盘
2324,11:08:42,7.55,--,1403,1059265,买盘
2325,11:08:39,7.55,--,8,6040,买盘
2326,11:08:33,7.55,--,20,15100,买盘
2327,11:08:30,7.55,0.01,49,36995,买盘
2328,11:08:27,7.54,-0.01,63,47502,卖盘
2329,11:08:24,7.55,0.01,74,55870,买盘
2330,11:08:21,7.54,-0.01,17,12818,卖盘
2331,11:08:18,7.55,--,10,7550,买盘
2332,11:08:15,7.55,--,37,27935,买盘
2333,11:08:12,7.55,--,127,95885,买盘
2334,11:08:09,7.55,--,56,42280,买盘
2335,11:08:06,7.55,--,17,12835,买盘
2336,11:08:03,7.55,--,1,755,买盘
2337,11:07:57,7.55,--,10,7550,买盘
2338,11:07:54,7.55,0.01,282,212910,买盘
2339,11:07:51,7.54,-0.01,140,105560,卖盘
2340,11:07:48,7.55,--,160,120800,买盘
2341,11:07:45,7.55,--,85,64175,买盘
2342,11:07:42,7.55,--,5,3775,买盘
2343,11:07:39,7.55,0.01,40,30200,买盘
2344,11:07:36,7.54,-0.01,18,13572,卖盘
2345,11:07:33,7.55,--,266,200830,买盘
2346,11:07:30,7.55,0.01,564,425820,买盘
2347,11:07:27,7.54,-0.01,10,7540,卖盘
2348,11:07:24,7.55,0.01,845,637975,买盘
2349,11:07:21,7.54,-0.01,353,266162,卖盘
2350,11:07:18,7.55,0.01,38,28690,买盘
2351,11:07:15,7.54,-0.01,33,24882,卖盘
2352,11:07:12,7.55,0.01,1398,1055490,买盘
2353,11:07:09,7.54,-0.01,22,16588,卖盘
2354,11:07:06,7.55,0.01,531,400905,买盘
2355,11:07:03,7.54,-0.01,3004,2265016,卖盘
2356,11:07:00,7.55,--,10,7550,买盘
2357,11:06:54,7.55,--,23,17365,买盘
2358,11:06:51,7.55,--,1510,1140050,买盘
2359,11:06:48,7.55,--,94,70970,买盘
2360,11:06:45,7.55,--,140,105700,买盘
2361,11:06:39,7.55,--,38,28690,买盘
2362,11:06:27,7.55,--,8,6040,买盘
2363,11:06:18,7.55,0.01,126,95130,买盘
2364,11:06:15,7.54,-0.01,9,6786,卖盘
2365,11:06:12,7.55,0.01,114,86070,买盘
2366,11:06:09,7.54,--,104,78416,卖盘
2367,11:06:06,7.54,-0.01,12,9048,卖盘
2368,11:06:03,7.55,--,13,9815,买盘
2369,11:05:57,7.55,--,28,21140,买盘
2370,11:05:54,7.55,--,7,5285,买盘
2371,11:05:51,7.55,--,3,2265,买盘
2372,11:05:45,7.55,--,192,144960,买盘
2373,11:05:42,7.55,--,12,9060,买盘
2374,11:05:39,7.55,--,133,100415,买盘
2375,11:05:36,7.55,--,38,28690,买盘
2376,11:05:33,7.55,--,529,399395,买盘
2377,11:05:30,7.55,0.01,37,27935,买盘
2378,11:05:27,7.54,-0.01,10,7540,卖盘
2379,11:05:21,7.55,--,107,80785,买盘
2380,11:05:18,7.55,0.01,93,70215,买盘
2381,11:05:12,7.54,-0.01,20,15080,卖盘
2382,11:05:09,7.55,0.01,9,6795,买盘
2383,11:05:06,7.54,--,102,76908,卖盘
2384,11:05:00,7.54,-0.01,52,39208,卖盘
2385,11:04:57,7.55,0.01,7,5285,买盘
2386,11:04:48,7.54,-0.01,33,24882,卖盘
2387,11:04:45,7.55,--,54,40770,买盘
2388,11:04:42,7.55,0.01,9,7104,买盘
2389,11:04:39,7.54,--,374,281996,买盘
2390,11:04:36,7.54,--,205,154570,买盘
2391,11:04:33,7.54,--,306,230724,买盘
2392,11:04:30,7.54,--,10,7540,买盘
2393,11:04:27,7.54,--,5,3770,买盘
2394,11:04:24,7.54,0.01,123,92742,买盘
2395,11:04:21,7.53,-0.01,1,753,卖盘
2396,11:04:18,7.54,--,300,226200,买盘
2397,11:04:15,7.54,--,13,9802,买盘
2398,11:04:09,7.54,--,88,66352,买盘
2399,11:04:06,7.54,0.01,500,377000,买盘
2400,11:04:03,7.53,--,17,12801,卖盘
2401,11:04:00,7.53,--,52,39156,卖盘
2402,11:03:57,7.53,-0.01,16,12048,卖盘
2403,11:03:51,7.54,--,7,5278,买盘
2404,11:03:48,7.54,0.01,21,15834,买盘
2405,11:03:42,7.53,-0.01,58,43674,卖盘
2406,11:03:39,7.54,--,46,34684,买盘
2407,11:03:36,7.54,0.01,501,377754,买盘
2408,11:03:33,7.53,-0.01,11,8283,卖盘
2409,11:03:30,7.54,--,8,6032,买盘
2410,11:03:24,7.54,--,100,75400,买盘
2411,11:03:18,7.54,--,39,29406,买盘
2412,11:03:12,7.54,--,10,7540,买盘
2413,11:03:09,7.54,--,17,12818,买盘
2414,11:03:06,7.54,0.01,500,377000,买盘
2415,11:03:03,7.53,-0.01,23,17319,卖盘
2416,11:02:57,7.54,--,12,9048,买盘
2417,11:02:54,7.54,0.01,110,82940,买盘
2418,11:02:51,7.53,--,7,5271,卖盘
2419,11:02:48,7.53,-0.01,94,70782,卖盘
2420,11:02:45,7.54,0.01,59,44486,买盘
2421,11:02:42,7.53,-0.01,5,3765,卖盘
2422,11:02:39,7.54,--,5,3770,买盘
2423,11:02:36,7.54,--,526,396604,买盘
2424,11:02:33,7.54,--,2008,1514032,买盘
2425,11:02:24,7.54,--,8,6032,买盘
2426,11:02:18,7.54,--,42,31668,买盘
2427,11:02:12,7.54,--,15,11310,买盘
2428,11:02:09,7.54,--,8,6032,买盘
2429,11:02:06,7.54,--,500,377000,买盘
2430,11:02:00,7.54,--,172,129688,买盘
2431,11:01:54,7.54,--,32,24128,买盘
2432,11:01:51,7.54,--,8,6032,买盘
2433,11:01:48,7.54,0.02,66,49764,买盘
2434,11:01:45,7.52,-0.02,341,256432,卖盘
2435,11:01:42,7.54,--,62,46748,买盘
2436,11:01:39,7.54,0.01,111,83694,买盘
2437,11:01:36,7.53,--,101,76053,买盘
2438,11:01:33,7.53,--,83,62499,买盘
2439,11:01:30,7.53,-0.01,1856,1397568,卖盘
2440,11:01:27,7.54,--,18,13572,买盘
2441,11:01:21,7.54,--,321,242034,买盘
2442,11:01:18,7.54,0.01,22,16588,买盘
2443,11:01:15,7.53,-0.01,247,185991,卖盘
2444,11:01:12,7.54,--,414,312156,买盘
2445,11:01:09,7.54,0.01,500,377000,买盘
2446,11:01:06,7.53,--,29,21837,卖盘
2447,11:01:03,7.53,--,32,24096,卖盘
2448,11:01:00,7.53,--,11,8283,卖盘
2449,11:00:57,7.53,-0.01,90,67770,卖盘
2450,11:00:54,7.54,0.01,49,36946,买盘
2451,11:00:51,7.53,-0.01,64,48192,卖盘
2452,11:00:48,7.54,0.01,17,12818,买盘
2453,11:00:45,7.53,--,521,392313,卖盘
2454,11:00:42,7.53,-0.01,88,66264,卖盘
2455,11:00:39,7.54,--,8,6032,买盘
2456,11:00:36,7.54,0.01,547,412438,买盘
2457,11:00:33,7.53,--,219,164907,卖盘
2458,11:00:30,7.53,--,17,12801,卖盘
2459,11:00:27,7.53,-0.01,24,18072,卖盘
2460,11:00:24,7.54,--,16,12064,买盘
2461,11:00:21,7.54,0.01,8,6032,买盘
2462,11:00:18,7.53,--,158,118974,卖盘
2463,11:00:15,7.53,--,19,14307,卖盘
2464,11:00:12,7.53,--,272,204816,卖盘
2465,11:00:09,7.53,--,502,378006,卖盘
2466,11:00:03,7.53,--,49,36897,卖盘
2467,11:00:00,7.53,-0.01,13,9789,卖盘
2468,10:59:57,7.54,0.01,8,6032,买盘
2469,10:59:54,7.53,-0.01,43,32379,卖盘
2470,10:59:48,7.54,--,13,9802,买盘
2471,10:59:45,7.54,--,405,305370,买盘
2472,10:59:42,7.54,0.01,74,55796,买盘
2473,10:59:39,7.53,--,508,382524,卖盘
2474,10:59:36,7.53,--,89,67017,卖盘
2475,10:59:33,7.53,--,1315,990195,卖盘
2476,10:59:30,7.53,-0.01,62,46686,卖盘
2477,10:59:27,7.54,0.01,13,9802,买盘
2478,10:59:24,7.53,--,121,91113,卖盘
2479,10:59:21,7.53,--,53,39909,卖盘
2480,10:59:18,7.53,-0.01,76,57228,卖盘
2481,10:59:15,7.54,0.01,8,6032,买盘
2482,10:59:12,7.53,--,37,27861,卖盘
2483,10:59:09,7.53,--,501,377253,卖盘
2484,10:59:06,7.53,-0.01,67,50451,卖盘
2485,10:59:03,7.54,--,17,12818,买盘
2486,10:59:00,7.54,--,50,37700,买盘
2487,10:58:57,7.54,--,27,20358,买盘
2488,10:58:54,7.54,0.01,30,22620,买盘
2489,10:58:51,7.53,--,11,8283,卖盘
2490,10:58:45,7.53,-0.01,6,4518,卖盘
2491,10:58:42,7.54,--,11,8294,买盘
2492,10:58:39,7.54,0.01,26,19604,买盘
2493,10:58:36,7.53,--,501,377253,卖盘
2494,10:58:33,7.53,-0.01,18,13554,卖盘
2495,10:58:30,7.54,0.01,13,9802,买盘
2496,10:58:27,7.53,--,35,26355,卖盘
2497,10:58:24,7.53,-0.01,6,4518,卖盘
2498,10:58:21,7.54,--,7,5278,买盘
2499,10:58:18,7.54,0.01,48,36192,买盘
2500,10:58:15,7.53,--,8,6024,卖盘
2501,10:58:12,7.53,--,8,6024,卖盘
2502,10:58:09,7.53,--,17,12801,卖盘
2503,10:58:06,7.53,0.01,337,253761,买盘
2504,10:58:00,7.52,-0.01,22,16544,卖盘
2505,10:57:57,7.53,--,27,20331,买盘
2506,10:57:54,7.53,--,39,29367,买盘
2507,10:57:48,7.53,--,1,753,买盘
2508,10:57:45,7.53,0.01,93,70029,买盘
2509,10:57:42,7.52,-0.01,35,26320,卖盘
2510,10:57:39,7.53,0.01,10,7530,买盘
2511,10:57:36,7.52,-0.01,694,521887,卖盘
2512,10:57:30,7.53,--,37,27861,买盘
2513,10:57:27,7.53,--,1,753,买盘
2514,10:57:24,7.53,0.01,111,83583,中性盘
2515,10:57:21,7.52,-0.01,71,53392,卖盘
2516,10:57:15,7.53,0.01,33,24849,中性盘
2517,10:57:12,7.52,-0.01,50,37600,卖盘
2518,10:57:09,7.53,--,621,467613,买盘
2519,10:57:06,7.53,--,119,89607,买盘
2520,10:57:03,7.53,0.01,106,79818,买盘
2521,10:56:57,7.52,-0.01,32,24064,卖盘
2522,10:56:54,7.53,--,1,753,买盘
2523,10:56:51,7.53,0.01,20,15060,买盘
2524,10:56:48,7.52,--,136,102272,卖盘
2525,10:56:45,7.52,--,89,66928,卖盘
2526,10:56:42,7.52,-0.01,24,18048,卖盘
2527,10:56:39,7.53,--,8,6024,买盘
2528,10:56:36,7.53,0.01,1,753,买盘
2529,10:56:33,7.52,-0.01,30,22560,卖盘
2530,10:56:30,7.53,0.01,214,161142,买盘
2531,10:56:27,7.52,--,4,3008,卖盘
2532,10:56:24,7.52,-0.01,21,15792,卖盘
2533,10:56:21,7.53,0.01,6,4518,买盘
2534,10:56:18,7.52,--,202,151904,卖盘
2535,10:56:09,7.52,-0.01,44,33088,卖盘
2536,10:56:06,7.53,--,96,72288,买盘
2537,10:56:03,7.53,0.01,19,14307,买盘
2538,10:56:00,7.52,-0.01,47,35344,卖盘
2539,10:55:54,7.53,--,46,34638,买盘
2540,10:55:51,7.53,--,11,8283,买盘
2541,10:55:48,7.53,0.01,27,20331,买盘
2542,10:55:45,7.52,-0.01,113,84976,卖盘
2543,10:55:42,7.53,0.01,6,4518,买盘
2544,10:55:39,7.52,--,192,144384,卖盘
2545,10:55:36,7.52,-0.01,20,15040,卖盘
2546,10:55:33,7.53,0.01,8,6024,买盘
2547,10:55:30,7.52,-0.01,1,752,卖盘
2548,10:55:27,7.53,--,61,45933,买盘
2549,10:55:21,7.53,--,41,30873,买盘
2550,10:55:18,7.53,0.01,1,753,买盘
2551,10:55:15,7.52,--,4,3008,卖盘
2552,10:55:12,7.52,--,11,8272,卖盘
2553,10:55:09,7.52,--,209,157168,卖盘
2554,10:55:03,7.52,-0.01,4,3008,卖盘
2555,10:55:00,7.53,0.01,17,12801,买盘
2556,10:54:57,7.52,-0.01,5,3760,卖盘
2557,10:54:54,7.53,-0.01,1,753,买盘
2558,10:54:51,7.54,--,5,3770,买盘
2559,10:54:48,7.54,0.01,14,10556,买盘
2560,10:54:42,7.53,-0.01,28,21084,卖盘
2561,10:54:39,7.54,0.01,7,5278,买盘
2562,10:54:33,7.53,-0.01,33,24849,卖盘
2563,10:54:30,7.54,0.01,29,21866,买盘
2564,10:54:27,7.53,--,10,7530,卖盘
2565,10:54:24,7.53,--,24,18072,卖盘
2566,10:54:18,7.53,--,51,38403,卖盘
2567,10:54:15,7.53,--,100,75300,卖盘
2568,10:54:12,7.53,0.01,129,97137,买盘
2569,10:54:09,7.52,-0.01,11,8272,卖盘
2570,10:54:06,7.53,--,15,11295,买盘
2571,10:54:03,7.53,--,244,183732,买盘
2572,10:54:00,7.53,0.01,70,52710,买盘
2573,10:53:57,7.52,-0.01,22,16544,卖盘
2574,10:53:54,7.53,0.01,18,13554,买盘
2575,10:53:51,7.52,-0.01,1,752,卖盘
2576,10:53:48,7.53,0.01,58,43674,买盘
2577,10:53:45,7.52,-0.01,4,3008,卖盘
2578,10:53:42,7.53,--,9,6777,买盘
2579,10:53:36,7.53,--,7,5271,买盘
2580,10:53:33,7.53,--,8,6024,买盘
2581,10:53:30,7.53,0.01,8,6024,买盘
2582,10:53:27,7.52,--,23,17296,卖盘
2583,10:53:24,7.52,-0.01,7,5264,卖盘
2584,10:53:21,7.53,0.01,28,21084,买盘
2585,10:53:18,7.52,--,26,19552,卖盘
2586,10:53:15,7.52,--,6,4512,卖盘
2587,10:53:12,7.52,-0.01,64,48128,卖盘
2588,10:53:09,7.53,--,8,6024,买盘
2589,10:53:03,7.53,0.01,9,6777,买盘
2590,10:53:00,7.52,--,109,81968,卖盘
2591,10:52:57,7.52,--,44,33088,卖盘
2592,10:52:48,7.52,--,11,8272,卖盘
2593,10:52:42,7.52,--,70,52640,卖盘
2594,10:52:39,7.52,-0.01,10,7520,卖盘
2595,10:52:36,7.53,0.01,35,26355,买盘
2596,10:52:33,7.52,-0.01,3,2256,卖盘
2597,10:52:30,7.53,--,39,29367,买盘
2598,10:52:24,7.53,--,40,30120,买盘
2599,10:52:18,7.53,--,22,16566,买盘
2600,10:52:15,7.53,0.01,14,10542,买盘
2601,10:52:09,7.52,--,106,79712,卖盘
2602,10:52:06,7.52,-0.01,168,126336,卖盘
2603,10:52:03,7.53,0.01,14,10542,买盘
2604,10:52:00,7.52,--,43,32335,卖盘
2605,10:51:57,7.52,-0.01,39,29328,卖盘
2606,10:51:54,7.53,0.01,35,26355,中性盘
2607,10:51:51,7.52,--,10,7520,卖盘
2608,10:51:48,7.52,--,13,9776,卖盘
2609,10:51:45,7.52,-0.02,21,15792,卖盘
2610,10:51:39,7.54,0.02,40,30160,买盘
2611,10:51:36,7.52,--,54,40608,卖盘
2612,10:51:33,7.52,-0.01,10,7520,卖盘
2613,10:51:30,7.53,0.01,8,6024,买盘
2614,10:51:27,7.52,-0.01,31,23312,卖盘
2615,10:51:24,7.53,-0.01,3,2409,卖盘
2616,10:51:21,7.54,0.01,67,50518,买盘
2617,10:51:18,7.53,-0.01,40,30120,卖盘
2618,10:51:15,7.54,--,67,50518,买盘
2619,10:51:12,7.54,--,128,96512,买盘
2620,10:51:09,7.54,--,12,9048,买盘
2621,10:51:06,7.54,0.01,125,94250,买盘
2622,10:51:03,7.53,-0.01,105,79065,卖盘
2623,10:51:00,7.54,--,26,19604,买盘
2624,10:50:57,7.54,0.01,482,363428,买盘
2625,10:50:54,7.53,--,30,22590,卖盘
2626,10:50:51,7.53,--,74,55722,卖盘
2627,10:50:48,7.53,-0.01,236,177708,卖盘
2628,10:50:45,7.54,0.01,149,112346,买盘
2629,10:50:39,7.53,-0.01,43,32379,卖盘
2630,10:50:36,7.54,--,67,50518,买盘
2631,10:50:33,7.54,0.01,93,70122,买盘
2632,10:50:30,7.53,--,111,83583,卖盘
2633,10:50:27,7.53,--,66,49698,卖盘
2634,10:50:24,7.53,-0.01,171,128763,卖盘
2635,10:50:21,7.54,0.01,77,58058,买盘
2636,10:50:18,7.53,--,68,51204,卖盘
2637,10:50:15,7.53,-0.01,74,55722,卖盘
2638,10:50:12,7.54,--,11,8294,买盘
2639,10:50:09,7.54,0.01,67,50518,买盘
2640,10:50:06,7.53,-0.01,104,78312,卖盘
2641,10:50:03,7.54,--,506,381524,买盘
2642,10:50:00,7.54,0.01,104,78416,买盘
2643,10:49:57,7.53,--,56,42168,卖盘
2644,10:49:54,7.53,--,90,67770,卖盘
2645,10:49:51,7.53,-0.01,55,41415,卖盘
2646,10:49:48,7.54,--,233,175682,买盘
2647,10:49:45,7.54,--,5,3770,买盘
2648,10:49:42,7.54,--,118,88972,买盘
2649,10:49:39,7.54,0.01,74,55796,买盘
2650,10:49:36,7.53,--,28,21084,卖盘
2651,10:49:33,7.53,-0.01,178,134034,卖盘
2652,10:49:30,7.54,--,89,67106,买盘
2653,10:49:27,7.54,--,66,49764,买盘
2654,10:49:24,7.54,0.01,129,97869,买盘
2655,10:49:18,7.53,-0.01,88,66264,卖盘
2656,10:49:15,7.54,--,67,50518,买盘
2657,10:49:12,7.54,--,102,76908,买盘
2658,10:49:09,7.54,--,5,3770,买盘
2659,10:49:06,7.54,0.01,78,58812,买盘
2660,10:49:03,7.53,--,84,63252,卖盘
2661,10:49:00,7.53,-0.01,160,120480,卖盘
2662,10:48:57,7.54,0.02,87,65598,买盘
2663,10:48:54,7.52,--,85,63920,卖盘
2664,10:48:51,7.52,--,93,69936,卖盘
2665,10:48:48,7.52,--,73,54896,卖盘
2666,10:48:45,7.52,-0.02,274,206048,卖盘
2667,10:48:42,7.54,0.01,105,79170,买盘
2668,10:48:39,7.53,--,601,452553,卖盘
2669,10:48:36,7.53,--,107,80571,卖盘
2670,10:48:33,7.53,--,85,64005,卖盘
2671,10:48:30,7.53,-0.01,24,18072,卖盘
2672,10:48:27,7.54,0.01,72,54288,买盘
2673,10:48:24,7.53,-0.01,72,54216,卖盘
2674,10:48:21,7.54,0.01,94,70876,买盘
2675,10:48:18,7.53,--,100,75300,卖盘
2676,10:48:15,7.53,-0.01,117,88101,卖盘
2677,10:48:12,7.54,--,10,7540,买盘
2678,10:48:09,7.54,--,92,69368,买盘
2679,10:48:06,7.54,--,242,182468,买盘
2680,10:48:03,7.54,--,86,64844,买盘
2681,10:48:00,7.54,--,120,90480,买盘
2682,10:47:57,7.54,--,297,223938,买盘
2683,10:47:54,7.54,0.01,67,50518,买盘
2684,10:47:51,7.53,-0.01,68,51204,卖盘
2685,10:47:48,7.54,--,75,56550,买盘
2686,10:47:45,7.54,0.01,68,51272,买盘
2687,10:47:42,7.53,--,126,94878,卖盘
2688,10:47:39,7.53,-0.01,492,370476,卖盘
2689,10:47:36,7.54,--,45,33930,买盘
2690,10:47:33,7.54,0.01,497,374738,买盘
2691,10:47:30,7.53,-0.01,41,30873,卖盘
2692,10:47:27,7.54,--,127,95758,买盘
2693,10:47:24,7.54,--,67,50518,买盘
2694,10:47:21,7.54,--,5,3770,买盘
2695,10:47:18,7.54,--,170,128180,买盘
2696,10:47:15,7.54,0.01,339,255606,买盘
2697,10:47:12,7.53,-0.01,98,73794,卖盘
2698,10:47:09,7.54,--,50,37700,买盘
2699,10:47:06,7.54,--,135,101790,买盘
2700,10:47:03,7.54,--,93,70122,买盘
2701,10:47:00,7.54,--,87,65598,买盘
2702,10:46:57,7.54,--,72,54288,买盘
2703,10:46:54,7.54,0.01,108,81432,买盘
2704,10:46:51,7.53,-0.01,70,52710,卖盘
2705,10:46:48,7.54,0.01,76,57304,买盘
2706,10:46:45,7.53,-0.01,189,142317,卖盘
2707,10:46:42,7.54,--,34,25636,买盘
2708,10:46:39,7.54,--,574,432796,买盘
2709,10:46:36,7.54,0.01,90,67860,买盘
2710,10:46:33,7.53,-0.01,829,624237,卖盘
2711,10:46:30,7.54,--,97,73138,买盘
2712,10:46:27,7.54,--,150,113100,买盘
2713,10:46:24,7.54,0.01,93,70122,买盘
2714,10:46:21,7.53,-0.01,118,88854,卖盘
2715,10:46:18,7.54,--,68,51272,买盘
2716,10:46:15,7.54,--,142,107068,买盘
2717,10:46:12,7.54,--,69,52026,买盘
2718,10:46:09,7.54,0.01,71,53534,买盘
2719,10:46:06,7.53,-0.01,110,82830,卖盘
2720,10:46:03,7.54,--,5,3770,买盘
2721,10:46:00,7.54,--,68,51272,买盘
2722,10:45:57,7.54,--,225,169650,买盘
2723,10:45:51,7.54,0.01,99,74646,买盘
2724,10:45:48,7.53,-0.01,93,70029,中性盘
2725,10:45:45,7.54,0.02,196,147784,买盘
2726,10:45:42,7.52,-0.01,108,81216,卖盘
2727,10:45:39,7.53,--,67,50451,买盘
2728,10:45:36,7.53,0.01,101,76053,买盘
2729,10:45:33,7.52,-0.01,177,133104,卖盘
2730,10:45:27,7.53,--,233,175449,买盘
2731,10:45:24,7.53,--,38,28614,买盘
2732,10:45:21,7.53,--,622,468366,买盘
2733,10:45:18,7.53,--,252,189756,买盘
2734,10:45:15,7.53,--,413,310989,买盘
2735,10:45:12,7.53,--,166,124998,买盘
2736,10:45:09,7.53,--,144,108432,买盘
2737,10:45:06,7.53,--,160,120480,买盘
2738,10:45:03,7.53,--,178,134034,买盘
2739,10:45:00,7.53,--,377,283881,买盘
2740,10:44:57,7.53,--,11,8283,买盘
2741,10:44:54,7.53,--,394,296682,买盘
2742,10:44:51,7.53,--,208,156624,买盘
2743,10:44:48,7.53,0.01,167,125751,买盘
2744,10:44:45,7.52,-0.01,47,35344,卖盘
2745,10:44:42,7.53,--,1004,756012,买盘
2746,10:44:39,7.53,--,52,39156,买盘
2747,10:44:36,7.53,--,79,59487,买盘
2748,10:44:33,7.53,--,88,66264,买盘
2749,10:44:30,7.53,--,429,323037,买盘
2750,10:44:24,7.53,0.01,140,105420,买盘
2751,10:44:21,7.52,--,4020,3023040,买盘
2752,10:44:18,7.52,--,15,11280,买盘
2753,10:44:15,7.52,--,108,81216,买盘
2754,10:44:12,7.52,--,13,9776,买盘
2755,10:44:09,7.52,--,23,17296,买盘
2756,10:44:06,7.52,--,11,8272,买盘
2757,10:44:03,7.52,0.01,24,18048,买盘
2758,10:43:57,7.51,-0.01,20,15020,卖盘
2759,10:43:54,7.52,--,18,13536,买盘
2760,10:43:51,7.52,--,6,4512,买盘
2761,10:43:45,7.52,0.01,8,6016,买盘
2762,10:43:42,7.51,-0.01,10,7510,卖盘
2763,10:43:36,7.52,--,35,26320,买盘
2764,10:43:33,7.52,--,28,21056,买盘
2765,10:43:30,7.52,0.01,12,9024,买盘
2766,10:43:27,7.51,-0.01,57,42807,卖盘
2767,10:43:21,7.52,0.01,190,143301,买盘
2768,10:43:18,7.51,-0.01,430,322930,卖盘
2769,10:43:15,7.52,0.01,103,77456,买盘
2770,10:43:12,7.51,--,35,26285,卖盘
2771,10:43:09,7.51,-0.01,72,54072,卖盘
2772,10:43:06,7.52,--,5,3760,买盘
2773,10:43:03,7.52,--,26,19552,买盘
2774,10:43:00,7.52,--,91,68432,买盘
2775,10:42:57,7.52,--,22,16544,买盘
2776,10:42:54,7.52,--,5,3760,买盘
2777,10:42:48,7.52,--,25,18800,买盘
2778,10:42:45,7.52,--,7,5264,买盘
2779,10:42:39,7.52,--,33,24816,买盘
2780,10:42:36,7.52,--,5,3760,买盘
2781,10:42:33,7.52,--,3,2256,买盘
2782,10:42:30,7.52,--,14,10528,买盘
2783,10:42:27,7.52,--,8,6016,买盘
2784,10:42:24,7.52,0.01,19,14288,买盘
2785,10:42:21,7.51,-0.01,17,12767,卖盘
2786,10:42:18,7.52,--,56,42112,买盘
2787,10:42:15,7.52,0.01,31,23312,买盘
2788,10:42:09,7.51,--,131,98381,卖盘
2789,10:42:06,7.51,-0.01,17,12767,卖盘
2790,10:42:03,7.52,--,24,18048,买盘
2791,10:41:57,7.52,--,61,45872,买盘
2792,10:41:54,7.52,0.01,9,6768,买盘
2793,10:41:51,7.51,-0.01,22,16522,卖盘
2794,10:41:48,7.52,0.01,105,78960,买盘
2795,10:41:45,7.51,-0.01,40,30040,卖盘
2796,10:41:42,7.52,0.01,181,136112,买盘
2797,10:41:39,7.51,-0.01,15,11265,卖盘
2798,10:41:36,7.52,0.01,206,154912,买盘
2799,10:41:33,7.51,--,463,347713,买盘
2800,10:41:30,7.51,--,3,2253,买盘
2801,10:41:27,7.51,0.01,68,51068,买盘
2802,10:41:24,7.5,-0.01,5,3750,卖盘
2803,10:41:21,7.51,0.01,89,66839,买盘
2804,10:41:18,7.5,-0.01,4,3000,卖盘
2805,10:41:15,7.51,0.01,37,27787,买盘
2806,10:41:12,7.5,-0.01,530,397500,卖盘
2807,10:41:09,7.51,--,50,37550,买盘
2808,10:41:06,7.51,--,10,7510,买盘
2809,10:41:03,7.51,--,22,16522,买盘
2810,10:41:00,7.51,--,52,39052,买盘
2811,10:40:57,7.51,0.01,31,23281,买盘
2812,10:40:54,7.5,--,304,228000,卖盘
2813,10:40:51,7.5,--,15,11250,卖盘
2814,10:40:48,7.5,--,18,13500,卖盘
2815,10:40:45,7.5,-0.01,41,30750,卖盘
2816,10:40:42,7.51,0.01,3000,2253000,买盘
2817,10:40:39,7.5,--,3,2250,卖盘
2818,10:40:36,7.5,-0.01,13,9750,卖盘
2819,10:40:33,7.51,0.01,2,1502,买盘
2820,10:40:30,7.5,-0.01,71,53250,卖盘
2821,10:40:27,7.51,0.01,28,21028,买盘
2822,10:40:21,7.5,-0.01,23,17250,卖盘
2823,10:40:18,7.51,--,9,6759,买盘
2824,10:40:15,7.51,0.01,699,524949,买盘
2825,10:40:12,7.5,-0.01,10,7500,卖盘
2826,10:40:06,7.51,--,21,15771,买盘
2827,10:40:03,7.51,--,24,18024,买盘
2828,10:40:00,7.51,0.01,57,42807,买盘
2829,10:39:57,7.5,-0.01,21,15750,卖盘
2830,10:39:54,7.51,0.01,8,6008,买盘
2831,10:39:48,7.5,-0.01,16,12000,卖盘
2832,10:39:45,7.51,--,3,2253,买盘
2833,10:39:42,7.51,0.01,35,26285,买盘
2834,10:39:39,7.5,-0.01,13,9750,卖盘
2835,10:39:36,7.51,0.01,1,751,买盘
2836,10:39:33,7.5,-0.01,9,6750,卖盘
2837,10:39:30,7.51,0.01,59,44309,买盘
2838,10:39:27,7.5,--,2,1500,卖盘
2839,10:39:24,7.5,--,39,29250,卖盘
2840,10:39:21,7.5,-0.01,35,26250,卖盘
2841,10:39:18,7.51,--,42,31542,买盘
2842,10:39:15,7.51,0.01,10,7510,买盘
2843,10:39:09,7.5,--,30,22500,卖盘
2844,10:39:06,7.5,-0.01,27,20250,卖盘
2845,10:39:03,7.51,--,8,6008,买盘
2846,10:39:00,7.51,--,17,12767,买盘
2847,10:38:57,7.51,0.01,59,44309,买盘
2848,10:38:54,7.5,-0.01,38,28500,卖盘
2849,10:38:51,7.51,--,105,78855,买盘
2850,10:38:48,7.51,--,15,11265,买盘
2851,10:38:45,7.51,0.01,14,10514,买盘
2852,10:38:36,7.5,-0.01,49,36750,卖盘
2853,10:38:33,7.51,0.01,14,10514,买盘
2854,10:38:30,7.5,--,296,222000,卖盘
2855,10:38:27,7.5,-0.01,51,38250,卖盘
2856,10:38:24,7.51,--,8,6008,买盘
2857,10:38:21,7.51,--,15,11265,买盘
2858,10:38:18,7.51,0.01,442,331942,买盘
2859,10:38:15,7.5,--,34,25500,卖盘
2860,10:38:12,7.5,--,1280,960000,卖盘
2861,10:38:06,7.5,-0.01,95,71250,卖盘
2862,10:38:03,7.51,--,4,3004,买盘
2863,10:38:00,7.51,0.01,8,6008,买盘
2864,10:37:57,7.5,-0.01,68,51000,卖盘
2865,10:37:54,7.51,--,62,46562,买盘
2866,10:37:51,7.51,0.01,64,48064,买盘
2867,10:37:48,7.5,-0.01,122,91500,卖盘
2868,10:37:45,7.51,0.01,35,26285,买盘
2869,10:37:42,7.5,-0.01,17,12750,卖盘
2870,10:37:39,7.51,0.01,8,6008,买盘
2871,10:37:36,7.5,-0.01,10,7500,卖盘
2872,10:37:33,7.51,--,23,17273,买盘
2873,10:37:27,7.51,0.01,9,6759,买盘
2874,10:37:24,7.5,--,17,12750,卖盘
2875,10:37:21,7.5,-0.01,74,55500,卖盘
2876,10:37:18,7.51,--,53,39803,买盘
2877,10:37:15,7.51,0.01,101,75851,买盘
2878,10:37:12,7.5,--,10,7500,卖盘
2879,10:37:09,7.5,-0.01,6,4500,卖盘
2880,10:37:06,7.51,--,14,10514,买盘
2881,10:37:03,7.51,0.01,2,1502,买盘
2882,10:37:00,7.5,-0.01,1,750,卖盘
2883,10:36:57,7.51,--,39,29289,买盘
2884,10:36:54,7.51,0.01,12,9012,买盘
2885,10:36:51,7.5,-0.01,3,2250,卖盘
2886,10:36:45,7.51,0.01,10,7510,买盘
2887,10:36:42,7.5,-0.01,18,13500,卖盘
2888,10:36:39,7.51,0.01,20,15020,买盘
2889,10:36:36,7.5,-0.01,11,8250,卖盘
2890,10:36:33,7.51,--,23,17273,买盘
2891,10:36:30,7.51,0.01,18,13518,买盘
