,time,price,change,volume,amount,type
0,15:00:03,11.59,-0.01,9566,11086994,卖盘
1,14:57:00,11.6,--,945,1096200,买盘
2,14:56:57,11.6,0.01,36,41760,买盘
3,14:56:54,11.59,--,215,249185,买盘
4,14:56:51,11.59,--,609,705831,买盘
5,14:56:48,11.59,--,22,25498,买盘
6,14:56:45,11.59,--,132,152988,买盘
7,14:56:42,11.59,--,67,77653,买盘
8,14:56:39,11.59,--,31,35929,买盘
9,14:56:36,11.59,--,441,511119,买盘
10,14:56:33,11.59,-0.01,3992,4627423,卖盘
11,14:56:30,11.6,--,224,259840,买盘
12,14:56:27,11.6,--,16,18560,买盘
13,14:56:24,11.6,--,16,18560,买盘
14,14:56:21,11.6,--,35,40600,买盘
15,14:56:18,11.6,--,49,56840,买盘
16,14:56:15,11.6,0.01,138,160080,买盘
17,14:56:12,11.59,--,224,259616,卖盘
18,14:56:09,11.59,--,120,139080,卖盘
19,14:56:06,11.59,--,1357,1573226,买盘
20,14:56:03,11.59,--,76,88084,买盘
21,14:56:00,11.59,--,109,126331,买盘
22,14:55:57,11.59,0.01,98,113582,买盘
23,14:55:54,11.58,-0.01,525,607950,卖盘
24,14:55:51,11.59,--,734,850706,买盘
25,14:55:48,11.59,--,163,188917,买盘
26,14:55:45,11.59,0.01,63,73017,买盘
27,14:55:42,11.58,-0.01,331,383298,卖盘
28,14:55:39,11.59,--,228,264252,买盘
29,14:55:36,11.59,0.01,163,188917,买盘
30,14:55:33,11.58,-0.01,78,90324,卖盘
31,14:55:30,11.59,0.01,243,281637,买盘
32,14:55:27,11.58,--,2195,2541810,买盘
33,14:55:24,11.58,0.01,54,62532,买盘
34,14:55:21,11.57,-0.01,113,130741,卖盘
35,14:55:18,11.58,--,52,60216,买盘
36,14:55:15,11.58,--,219,253602,买盘
37,14:55:12,11.58,--,41,47478,买盘
38,14:55:09,11.58,--,97,112326,买盘
39,14:55:06,11.58,--,305,353190,买盘
40,14:55:03,11.58,--,753,871974,买盘
41,14:55:00,11.58,--,65,75270,买盘
42,14:54:57,11.58,--,39,45162,买盘
43,14:54:54,11.58,--,13,15054,买盘
44,14:54:51,11.58,--,536,620688,买盘
45,14:54:48,11.58,0.02,3293,3813629,买盘
46,14:54:45,11.56,-0.01,85,98260,卖盘
47,14:54:42,11.57,--,31,35867,买盘
48,14:54:39,11.57,0.01,31,35867,买盘
49,14:54:36,11.56,-0.01,38,43928,卖盘
50,14:54:33,11.57,0.01,34,39338,买盘
51,14:54:30,11.56,--,10,11560,卖盘
52,14:54:27,11.56,-0.01,26,30056,卖盘
53,14:54:24,11.57,0.01,65,75205,买盘
54,14:54:21,11.56,-0.01,22,25432,卖盘
55,14:54:18,11.57,--,73,84461,买盘
56,14:54:15,11.57,--,210,242970,买盘
57,14:54:12,11.57,0.02,429,496353,买盘
58,14:54:09,11.55,-0.02,339,391545,卖盘
59,14:54:06,11.57,--,56,64792,买盘
60,14:54:03,11.57,0.01,999,1155843,买盘
61,14:54:00,11.56,--,74,85544,买盘
62,14:53:57,11.56,--,18,20808,买盘
63,14:53:54,11.56,--,67,77452,买盘
64,14:53:51,11.56,--,10,11560,买盘
65,14:53:48,11.56,--,73,84388,买盘
66,14:53:45,11.56,--,149,172244,买盘
67,14:53:42,11.56,0.01,16,18496,买盘
68,14:53:39,11.55,-0.01,20,23100,卖盘
69,14:53:36,11.56,0.01,12,13872,买盘
70,14:53:33,11.55,-0.01,30,34650,卖盘
71,14:53:30,11.56,--,11,12716,买盘
72,14:53:27,11.56,0.01,5,5780,买盘
73,14:53:24,11.55,--,23,26565,卖盘
74,14:53:21,11.55,-0.01,158,182490,卖盘
75,14:53:18,11.56,0.01,18,20808,买盘
76,14:53:15,11.55,-0.01,31,35805,卖盘
77,14:53:12,11.56,0.01,63,72828,买盘
78,14:53:09,11.55,-0.01,17,19635,卖盘
79,14:53:06,11.56,--,46,53176,买盘
80,14:53:03,11.56,--,34,39304,买盘
81,14:53:00,11.56,--,47,54332,买盘
82,14:52:57,11.56,--,62,71672,买盘
83,14:52:54,11.56,--,37,42772,买盘
84,14:52:51,11.56,--,59,68204,买盘
85,14:52:48,11.56,--,111,128316,买盘
86,14:52:45,11.56,--,60,69360,买盘
87,14:52:42,11.56,--,52,60112,买盘
88,14:52:39,11.56,--,92,106352,买盘
89,14:52:36,11.56,0.01,35,40460,买盘
90,14:52:33,11.55,-0.01,10,11550,卖盘
91,14:52:30,11.56,--,48,55488,买盘
92,14:52:27,11.56,--,177,204612,买盘
93,14:52:24,11.56,--,50,57800,买盘
94,14:52:21,11.56,--,270,312120,买盘
95,14:52:15,11.56,--,48,55488,买盘
96,14:52:12,11.56,--,208,240448,买盘
97,14:52:09,11.56,--,145,167620,买盘
98,14:52:06,11.56,--,101,116756,买盘
99,14:52:03,11.56,--,147,169932,买盘
100,14:52:00,11.56,--,97,112132,买盘
101,14:51:57,11.56,--,3,3468,买盘
102,14:51:54,11.56,--,91,105196,买盘
103,14:51:51,11.56,--,44,50864,买盘
104,14:51:48,11.56,0.01,20,23120,买盘
105,14:51:45,11.55,--,5,5775,卖盘
106,14:51:42,11.55,-0.01,93,107415,卖盘
107,14:51:39,11.56,0.01,59,68204,买盘
108,14:51:36,11.55,-0.01,50,57750,卖盘
109,14:51:33,11.56,--,26,30056,买盘
110,14:51:30,11.56,--,25,28900,买盘
111,14:51:27,11.56,--,84,97104,买盘
112,14:51:24,11.56,--,241,278596,买盘
113,14:51:21,11.56,--,67,77452,买盘
114,14:51:18,11.56,--,1007,1164092,买盘
115,14:51:15,11.56,0.01,333,384948,买盘
116,14:51:12,11.55,-0.01,76,87780,卖盘
117,14:51:09,11.56,--,4,4624,买盘
118,14:51:06,11.56,--,10,11560,买盘
119,14:51:03,11.56,0.01,5,5780,买盘
120,14:51:00,11.55,-0.01,26,30030,卖盘
121,14:50:57,11.56,--,36,41616,买盘
122,14:50:54,11.56,0.01,10,11560,买盘
123,14:50:48,11.55,-0.01,50,57750,卖盘
124,14:50:45,11.56,0.01,20,23120,买盘
125,14:50:42,11.55,-0.01,121,139755,卖盘
126,14:50:39,11.56,0.01,84,97104,买盘
127,14:50:36,11.55,-0.01,50,57750,卖盘
128,14:50:33,11.56,--,120,138720,买盘
129,14:50:27,11.56,--,84,97104,买盘
130,14:50:24,11.56,0.02,477,551412,买盘
131,14:50:21,11.54,-0.01,69,79626,卖盘
132,14:50:18,11.55,--,280,323400,买盘
133,14:50:15,11.55,--,268,309540,买盘
134,14:50:12,11.55,0.01,132,152460,买盘
135,14:50:09,11.54,-0.01,152,175408,卖盘
136,14:50:06,11.55,--,304,351120,买盘
137,14:50:03,11.55,--,90,103950,买盘
138,14:50:00,11.55,--,29,33495,买盘
139,14:49:57,11.55,--,27,31185,买盘
140,14:49:54,11.55,--,199,229845,买盘
141,14:49:51,11.55,--,118,136290,买盘
142,14:49:45,11.55,0.01,16,18480,买盘
143,14:49:42,11.54,-0.01,40,46160,卖盘
144,14:49:39,11.55,--,19,21945,买盘
145,14:49:36,11.55,--,101,116655,买盘
146,14:49:33,11.55,0.01,10,11550,买盘
147,14:49:30,11.54,-0.01,1,1154,卖盘
148,14:49:27,11.55,--,7,8085,买盘
149,14:49:24,11.55,0.01,18,20790,买盘
150,14:49:21,11.54,--,146,168484,卖盘
151,14:49:18,11.54,--,257,296578,卖盘
152,14:49:15,11.54,-0.01,565,652010,卖盘
153,14:49:12,11.55,0.01,28,32340,买盘
154,14:49:09,11.54,-0.01,100,115399,卖盘
155,14:49:06,11.55,0.01,27,31185,买盘
156,14:49:03,11.54,-0.01,24,27695,卖盘
157,14:49:00,11.55,0.01,46,53130,买盘
158,14:48:57,11.54,--,16,18464,卖盘
159,14:48:54,11.54,-0.01,75,86550,卖盘
160,14:48:51,11.55,0.01,18,20790,买盘
161,14:48:48,11.54,-0.01,1,1154,卖盘
162,14:48:45,11.55,0.01,22,25410,买盘
163,14:48:42,11.54,--,71,81934,卖盘
164,14:48:39,11.54,-0.01,43,49621,卖盘
165,14:48:36,11.55,0.01,23,26565,买盘
166,14:48:33,11.54,-0.01,43,49621,卖盘
167,14:48:30,11.55,--,238,274890,买盘
168,14:48:27,11.55,--,33,38115,买盘
169,14:48:21,11.55,--,19,21945,买盘
170,14:48:18,11.55,--,62,71610,买盘
171,14:48:15,11.55,0.01,5,5775,买盘
172,14:48:12,11.54,-0.01,19,21926,卖盘
173,14:48:09,11.55,--,53,61215,买盘
174,14:48:06,11.55,0.01,17,19635,买盘
175,14:48:03,11.54,--,107,123477,卖盘
176,14:48:00,11.54,-0.01,82,94628,卖盘
177,14:47:57,11.55,--,31,35805,买盘
178,14:47:54,11.55,--,20,23100,买盘
179,14:47:51,11.55,0.01,58,66990,买盘
180,14:47:48,11.54,--,12,13847,卖盘
181,14:47:45,11.54,--,8,9232,卖盘
182,14:47:42,11.54,--,8,9232,卖盘
183,14:47:39,11.54,-0.01,1,1154,卖盘
184,14:47:36,11.55,0.01,37,42735,买盘
185,14:47:33,11.54,-0.01,40,46160,卖盘
186,14:47:30,11.55,--,205,236775,买盘
187,14:47:27,11.55,--,3,3465,买盘
188,14:47:24,11.55,--,15,17325,买盘
189,14:47:21,11.55,--,26,30030,买盘
190,14:47:18,11.55,--,38,43890,买盘
191,14:47:12,11.55,--,1,1155,买盘
192,14:47:09,11.55,--,13,15015,买盘
193,14:47:06,11.55,--,97,112035,买盘
194,14:47:03,11.55,--,22,25410,买盘
195,14:47:00,11.55,--,14,16170,买盘
196,14:46:57,11.55,0.01,48,55440,买盘
197,14:46:54,11.54,-0.01,44,50775,卖盘
198,14:46:51,11.55,--,68,78540,买盘
199,14:46:45,11.55,--,5,5775,买盘
200,14:46:42,11.55,0.01,11,12705,买盘
201,14:46:39,11.54,-0.01,3,3461,卖盘
202,14:46:36,11.55,0.01,5,5775,买盘
203,14:46:33,11.54,--,18,20772,卖盘
204,14:46:30,11.54,-0.01,67,77318,卖盘
205,14:46:27,11.55,--,4,4620,买盘
206,14:46:21,11.55,--,67,77385,买盘
207,14:46:18,11.55,--,20,23100,买盘
208,14:46:12,11.55,--,66,76230,买盘
209,14:46:09,11.55,--,51,58905,买盘
210,14:46:06,11.55,0.01,18,20790,买盘
211,14:46:03,11.54,-0.01,21,24234,卖盘
212,14:46:00,11.55,0.01,50,57750,买盘
213,14:45:57,11.54,--,10,11540,卖盘
214,14:45:54,11.54,-0.01,50,57699,卖盘
215,14:45:48,11.55,--,40,46200,买盘
216,14:45:45,11.55,0.01,20,23100,买盘
217,14:45:39,11.54,-0.01,43,49621,卖盘
218,14:45:36,11.55,0.01,34,39270,买盘
219,14:45:33,11.54,-0.01,17,19618,卖盘
220,14:45:30,11.55,--,12,13860,买盘
221,14:45:27,11.55,--,26,30030,买盘
222,14:45:24,11.55,--,5,5775,买盘
223,14:45:21,11.55,--,21,24255,买盘
224,14:45:18,11.55,0.01,58,66990,买盘
225,14:45:15,11.54,-0.01,5,5770,卖盘
226,14:45:12,11.55,--,184,212520,买盘
227,14:45:06,11.55,--,11,12936,买盘
228,14:45:03,11.55,--,117,135135,买盘
229,14:44:54,11.55,0.01,37,42735,买盘
230,14:44:39,11.54,-0.01,1,1154,卖盘
231,14:44:36,11.55,--,6,6930,买盘
232,14:44:33,11.55,--,3,3465,买盘
233,14:44:30,11.55,--,2,2310,买盘
234,14:44:27,11.55,0.01,5,5775,买盘
235,14:44:24,11.54,-0.01,9,10386,卖盘
236,14:44:21,11.55,--,661,763455,买盘
237,14:44:18,11.55,--,5,5775,买盘
238,14:44:15,11.55,--,4,4620,买盘
239,14:44:12,11.55,--,2,2310,买盘
240,14:44:09,11.55,--,53,61215,买盘
241,14:44:06,11.55,--,17,19635,买盘
242,14:44:03,11.55,0.01,17,19635,买盘
243,14:44:00,11.54,--,115,132710,卖盘
244,14:43:57,11.54,-0.01,27,31157,卖盘
245,14:43:51,11.55,0.01,14,16170,买盘
246,14:43:48,11.54,--,1,1154,卖盘
247,14:43:45,11.54,--,1,1154,卖盘
248,14:43:42,11.54,--,5,5770,卖盘
249,14:43:39,11.54,--,21,24234,卖盘
250,14:43:36,11.54,-0.01,9,10386,卖盘
251,14:43:33,11.55,0.01,28,32340,买盘
252,14:43:30,11.54,--,14,16155,卖盘
253,14:43:27,11.54,--,1,1154,卖盘
254,14:43:24,11.54,--,57,65778,卖盘
255,14:43:21,11.54,--,20,23080,卖盘
256,14:43:18,11.54,--,199,230176,买盘
257,14:43:15,11.54,--,9,10386,买盘
258,14:43:12,11.54,--,67,77318,买盘
259,14:43:09,11.54,--,18,20772,买盘
260,14:43:06,11.54,--,128,147712,买盘
261,14:43:03,11.54,--,33,38082,买盘
262,14:43:00,11.54,--,15,17310,买盘
263,14:42:57,11.54,0.01,1,1154,买盘
264,14:42:42,11.53,-0.01,460,530380,卖盘
265,14:42:36,11.54,0.01,7,8077,买盘
266,14:42:33,11.53,--,67,77251,卖盘
267,14:42:30,11.53,-0.01,12,13836,卖盘
268,14:42:27,11.54,0.01,19,21926,买盘
269,14:42:21,11.53,--,107,123371,卖盘
270,14:42:18,11.53,--,19,21907,卖盘
271,14:42:09,11.53,-0.01,10,11530,卖盘
272,14:42:06,11.54,--,4,4616,买盘
273,14:42:03,11.54,0.01,8,9232,买盘
274,14:42:00,11.53,-0.01,4,4612,卖盘
275,14:41:54,11.54,--,50,57699,买盘
276,14:41:51,11.54,0.01,14,16155,买盘
277,14:41:48,11.53,-0.01,47,54191,卖盘
278,14:41:45,11.54,--,40,46160,买盘
279,14:41:42,11.54,0.01,30,34620,买盘
280,14:41:39,11.53,--,54,62262,卖盘
281,14:41:36,11.53,--,10,11530,卖盘
282,14:41:33,11.53,--,87,100311,卖盘
283,14:41:30,11.53,--,226,260578,卖盘
284,14:41:27,11.53,--,7,8071,卖盘
285,14:41:24,11.53,-0.01,78,89934,卖盘
286,14:41:21,11.54,--,574,662396,买盘
287,14:41:18,11.54,--,3,3461,买盘
288,14:41:15,11.54,0.01,6,6923,买盘
289,14:41:12,11.53,--,19,21907,卖盘
290,14:41:09,11.53,-0.01,44,50732,卖盘
291,14:41:06,11.54,-0.01,742,856891,卖盘
292,14:41:03,11.55,--,12,13860,买盘
293,14:40:57,11.55,0.01,2,2310,买盘
294,14:40:54,11.54,-0.01,6,6923,卖盘
295,14:40:48,11.55,--,11,12705,买盘
296,14:40:36,11.55,0.01,400,462000,买盘
297,14:40:33,11.54,-0.01,131,151174,卖盘
298,14:40:30,11.55,--,45,51975,买盘
299,14:40:24,11.55,0.01,10,11550,买盘
300,14:40:21,11.54,-0.01,504,581616,卖盘
301,14:40:09,11.55,--,52,60060,买盘
302,14:40:06,11.55,--,11,12705,买盘
303,14:40:03,11.55,0.01,19,21945,买盘
304,14:40:00,11.54,--,10,11540,卖盘
305,14:39:57,11.54,-0.01,2,2838,卖盘
306,14:39:54,11.55,0.01,150,173250,买盘
307,14:39:51,11.54,-0.01,9,10386,卖盘
308,14:39:45,11.55,0.01,2,2310,买盘
309,14:39:42,11.54,--,2,2308,卖盘
310,14:39:36,11.54,-0.01,1,1154,卖盘
311,14:39:33,11.55,0.01,33,38115,买盘
312,14:39:27,11.54,-0.01,2,2308,卖盘
313,14:39:24,11.55,0.01,21,24255,买盘
314,14:39:21,11.54,--,84,96936,卖盘
315,14:39:18,11.54,-0.01,2,2308,卖盘
316,14:39:15,11.55,--,30,34650,买盘
317,14:39:12,11.55,--,14,16170,买盘
318,14:39:09,11.55,--,4,4620,买盘
319,14:39:06,11.55,--,22,25410,买盘
320,14:39:03,11.55,--,9,10395,买盘
321,14:39:00,11.55,0.01,10,11550,买盘
322,14:38:51,11.54,-0.01,107,123477,卖盘
323,14:38:48,11.55,--,109,125895,买盘
324,14:38:45,11.55,--,67,77385,买盘
325,14:38:39,11.55,--,115,132825,买盘
326,14:38:36,11.55,--,50,57750,买盘
327,14:38:33,11.55,--,3,3465,买盘
328,14:38:30,11.55,--,20,23100,买盘
329,14:38:27,11.55,--,53,61215,买盘
330,14:38:24,11.55,--,94,108570,买盘
331,14:38:15,11.55,--,4,4620,买盘
332,14:38:09,11.55,0.01,24,27720,买盘
333,14:38:06,11.54,-0.01,2,2308,卖盘
334,14:38:03,11.55,--,185,213675,买盘
335,14:37:57,11.55,--,4,4620,买盘
336,14:37:51,11.55,--,6,6930,买盘
337,14:37:48,11.55,0.01,1,1155,买盘
338,14:37:45,11.54,--,10,11540,卖盘
339,14:37:42,11.54,--,10,11540,卖盘
340,14:37:39,11.54,--,85,98090,买盘
341,14:37:36,11.54,--,12,13847,买盘
342,14:37:33,11.54,--,1,1154,买盘
343,14:37:30,11.54,--,36,41544,买盘
344,14:37:27,11.54,--,8,9232,买盘
345,14:37:24,11.54,-0.01,12,13847,卖盘
346,14:37:15,11.55,0.01,9,10395,买盘
347,14:37:09,11.54,--,4,4616,买盘
348,14:37:06,11.54,-0.01,6,6923,中性盘
349,14:37:03,11.55,0.01,9,10395,买盘
350,14:37:00,11.54,--,846,976283,卖盘
351,14:36:57,11.54,-0.01,1,1154,卖盘
352,14:36:54,11.55,0.01,16,18480,买盘
353,14:36:51,11.54,--,8,9232,卖盘
354,14:36:48,11.54,-0.01,3,3461,卖盘
355,14:36:45,11.55,--,13,15015,买盘
356,14:36:42,11.55,--,5,5775,买盘
357,14:36:33,11.55,--,1,1155,买盘
358,14:36:30,11.55,0.01,10,11550,买盘
359,14:36:27,11.54,--,5,5770,卖盘
360,14:36:24,11.54,--,56,64623,卖盘
361,14:36:21,11.54,--,164,189256,卖盘
362,14:36:18,11.54,-0.01,4,4616,卖盘
363,14:36:15,11.55,--,17,19635,买盘
364,14:36:12,11.55,0.01,97,112035,买盘
365,14:36:09,11.54,-0.01,27,31157,卖盘
366,14:36:06,11.55,--,53,61215,买盘
367,14:36:03,11.55,0.01,34,39270,买盘
368,14:36:00,11.54,--,49,56545,卖盘
369,14:35:57,11.54,--,194,223875,卖盘
370,14:35:54,11.54,-0.01,1,1154,卖盘
371,14:35:51,11.55,--,15,17325,买盘
372,14:35:48,11.55,--,36,41580,买盘
373,14:35:45,11.55,--,54,62370,买盘
374,14:35:42,11.55,--,15,17325,买盘
375,14:35:39,11.55,0.01,71,82005,买盘
376,14:35:36,11.54,-0.01,117,135018,卖盘
377,14:35:30,11.55,--,19,21945,买盘
378,14:35:27,11.55,--,2,2310,买盘
379,14:35:24,11.55,--,50,57750,买盘
380,14:35:21,11.55,0.01,27,31185,卖盘
381,14:35:18,11.54,-0.02,89,102705,卖盘
382,14:35:15,11.56,0.01,32,36992,买盘
383,14:35:12,11.55,-0.01,29,33495,中性盘
384,14:35:09,11.56,0.01,188,217328,买盘
385,14:35:06,11.55,-0.01,83,95865,卖盘
386,14:35:03,11.56,0.01,107,123692,买盘
387,14:35:00,11.55,--,823,950565,卖盘
388,14:34:57,11.55,-0.01,1110,1282050,卖盘
389,14:34:54,11.56,0.01,20,23120,买盘
390,14:34:51,11.55,--,28,32340,卖盘
391,14:34:48,11.55,-0.01,66,76230,卖盘
392,14:34:45,11.56,0.01,48,55488,买盘
393,14:34:42,11.55,-0.01,2,2310,卖盘
394,14:34:39,11.56,0.01,73,84388,买盘
395,14:34:36,11.55,-0.01,188,217140,卖盘
396,14:34:33,11.56,--,1,1156,买盘
397,14:34:27,11.56,0.01,9,10404,买盘
398,14:34:24,11.55,--,17,19635,卖盘
399,14:34:21,11.55,--,16,18480,卖盘
400,14:34:18,11.55,--,133,153615,卖盘
401,14:34:15,11.55,-0.01,41,47355,卖盘
402,14:34:12,11.56,--,49,56644,买盘
403,14:34:09,11.56,--,44,50864,买盘
404,14:34:06,11.56,--,148,171088,买盘
405,14:34:03,11.56,--,33,38148,买盘
406,14:34:00,11.56,0.01,52,60112,买盘
407,14:33:57,11.55,-0.01,75,86625,卖盘
408,14:33:54,11.56,--,43,49708,买盘
409,14:33:51,11.56,0.01,80,92480,买盘
410,14:33:48,11.55,-0.01,50,57750,卖盘
411,14:33:45,11.56,0.01,76,87856,买盘
412,14:33:42,11.55,--,40,46200,卖盘
413,14:33:39,11.55,-0.01,107,123585,卖盘
414,14:33:36,11.56,0.01,16,18496,买盘
415,14:33:33,11.55,-0.01,20,23100,卖盘
416,14:33:30,11.56,0.01,7,8092,买盘
417,14:33:27,11.55,--,118,136290,卖盘
418,14:33:24,11.55,-0.01,16,18480,卖盘
419,14:33:21,11.56,--,48,55488,买盘
420,14:33:18,11.56,--,7,8092,买盘
421,14:33:15,11.56,--,112,129472,买盘
422,14:33:12,11.56,--,279,322524,买盘
423,14:33:09,11.56,--,48,55488,买盘
424,14:33:06,11.56,--,21,24276,买盘
425,14:33:03,11.56,--,174,201144,买盘
426,14:33:00,11.56,--,243,280908,买盘
427,14:32:57,11.56,--,91,105196,买盘
428,14:32:54,11.56,--,115,132940,买盘
429,14:32:51,11.56,0.01,45,52020,买盘
430,14:32:48,11.55,--,10,11550,卖盘
431,14:32:45,11.55,--,23,26565,卖盘
432,14:32:42,11.55,--,537,621193,买盘
433,14:32:39,11.55,--,104,120120,买盘
434,14:32:36,11.55,--,5,5775,买盘
435,14:32:33,11.55,--,657,758835,买盘
436,14:32:30,11.55,--,2512,2901360,买盘
437,14:32:27,11.55,--,15,17325,买盘
438,14:32:24,11.55,--,85,98175,买盘
439,14:32:21,11.55,--,66,76230,买盘
440,14:32:18,11.55,--,1230,1420650,买盘
441,14:32:15,11.55,--,111,128205,买盘
442,14:32:12,11.55,--,16,18480,买盘
443,14:32:09,11.55,--,65,75075,买盘
444,14:32:06,11.55,--,238,274890,买盘
445,14:32:03,11.55,--,11,12705,买盘
446,14:32:00,11.55,--,108,124740,买盘
447,14:31:57,11.55,--,491,567105,买盘
448,14:31:51,11.55,--,11,12705,买盘
449,14:31:48,11.55,0.01,27,31185,买盘
450,14:31:45,11.54,--,5,5770,卖盘
451,14:31:42,11.54,--,21,24234,卖盘
452,14:31:39,11.54,-0.01,39,45006,卖盘
453,14:31:36,11.55,0.01,17,19635,买盘
454,14:31:27,11.54,--,36,41544,卖盘
455,14:31:24,11.54,--,536,619397,买盘
456,14:31:21,11.54,--,2338,2698052,买盘
457,14:31:18,11.54,--,10,11540,买盘
458,14:31:12,11.54,0.01,4,4616,买盘
459,14:31:09,11.53,--,33,38049,卖盘
460,14:31:06,11.53,-0.01,218,251354,卖盘
461,14:31:03,11.54,--,73,84242,买盘
462,14:31:00,11.54,0.01,51,58853,买盘
463,14:30:57,11.53,--,5,5765,卖盘
464,14:30:48,11.53,--,1,1153,卖盘
465,14:30:42,11.53,--,1,1153,卖盘
466,14:30:39,11.53,--,55,63415,卖盘
467,14:30:36,11.53,-0.01,3,3459,卖盘
468,14:30:33,11.54,0.01,5,5770,买盘
469,14:30:30,11.53,-0.01,40,46120,卖盘
470,14:30:27,11.54,--,2,2308,买盘
471,14:30:24,11.54,--,20,23080,买盘
472,14:30:21,11.54,--,67,77318,买盘
473,14:30:18,11.54,0.01,43,49621,买盘
474,14:30:15,11.53,-0.01,110,126830,卖盘
475,14:30:12,11.54,--,24,27695,买盘
476,14:30:09,11.54,0.01,37,42698,买盘
477,14:30:06,11.53,-0.01,3,3459,卖盘
478,14:30:03,11.54,--,27,31157,买盘
479,14:30:00,11.54,--,19,21926,买盘
480,14:29:54,11.54,--,218,251571,买盘
481,14:29:51,11.54,--,158,182332,买盘
482,14:29:48,11.54,--,23,26541,买盘
483,14:29:45,11.54,--,46,53083,买盘
484,14:29:42,11.54,--,29,33466,买盘
485,14:29:36,11.54,--,20,23080,买盘
486,14:29:33,11.54,--,10,11540,买盘
487,14:29:30,11.54,--,31,35774,买盘
488,14:29:27,11.54,0.01,55,63469,买盘
489,14:29:24,11.53,--,30,34590,卖盘
490,14:29:21,11.53,-0.01,32,36896,卖盘
491,14:29:18,11.54,--,54,62315,买盘
492,14:29:15,11.54,--,100,115399,买盘
493,14:29:12,11.54,0.01,5,5770,买盘
494,14:29:09,11.53,--,50,57650,卖盘
495,14:29:06,11.53,--,101,116453,买盘
496,14:29:03,11.53,--,213,245589,买盘
497,14:29:00,11.53,--,150,172950,买盘
498,14:28:57,11.53,--,866,998498,买盘
499,14:28:54,11.53,--,5,5765,买盘
500,14:28:48,11.53,--,10,11530,买盘
501,14:28:45,11.53,--,15,17295,买盘
502,14:28:39,11.53,0.01,165,190245,买盘
503,14:28:36,11.52,-0.01,117,134784,卖盘
504,14:28:33,11.53,--,15,17295,买盘
505,14:28:27,11.53,--,1,1153,买盘
506,14:28:24,11.53,--,50,57650,买盘
507,14:28:21,11.53,--,10,11530,买盘
508,14:28:18,11.53,--,446,514238,卖盘
509,14:28:15,11.53,-0.01,24,27672,卖盘
510,14:28:12,11.54,--,84,96936,买盘
511,14:28:09,11.54,--,80,92320,买盘
512,14:28:06,11.54,--,47,54237,买盘
513,14:28:03,11.54,--,44,50775,买盘
514,14:28:00,11.54,0.01,19,21926,买盘
515,14:27:57,11.53,-0.01,126,145278,卖盘
516,14:27:54,11.54,0.01,18,20772,买盘
517,14:27:51,11.53,--,5,5765,卖盘
518,14:27:48,11.53,--,61,70333,卖盘
519,14:27:45,11.53,--,40,46120,卖盘
520,14:27:42,11.53,-0.01,352,405856,卖盘
521,14:27:39,11.54,0.01,6,6923,买盘
522,14:27:36,11.53,-0.01,19,21907,卖盘
523,14:27:33,11.54,0.01,37,42698,买盘
524,14:27:30,11.53,-0.01,35,40355,卖盘
525,14:27:27,11.54,--,1,1154,买盘
526,14:27:24,11.54,--,315,364087,买盘
527,14:27:21,11.54,0.01,101,116553,买盘
528,14:27:18,11.53,-0.01,6,6918,卖盘
529,14:27:12,11.54,--,5,5770,买盘
530,14:27:09,11.54,--,44,50775,买盘
531,14:27:06,11.54,0.01,1,1154,买盘
532,14:27:03,11.53,-0.01,80,92240,卖盘
533,14:27:00,11.54,0.01,60,69240,买盘
534,14:26:57,11.53,-0.01,200,231176,卖盘
535,14:26:54,11.54,--,6,6923,买盘
536,14:26:51,11.54,0.01,34,39236,买盘
537,14:26:45,11.53,--,36,41508,卖盘
538,14:26:42,11.53,-0.01,8,9224,卖盘
539,14:26:39,11.54,0.01,103,118861,买盘
540,14:26:36,11.53,-0.01,203,234059,卖盘
541,14:26:33,11.54,0.01,34,39236,买盘
542,14:26:30,11.53,-0.01,61,70909,卖盘
543,14:26:27,11.54,0.01,140,161560,买盘
544,14:26:24,11.53,-0.01,58,66874,卖盘
545,14:26:21,11.54,--,55,63469,买盘
546,14:26:15,11.54,--,10,11540,买盘
547,14:26:12,11.54,--,6,6923,买盘
548,14:26:09,11.54,0.01,6,6923,买盘
549,14:26:03,11.53,--,5,5765,卖盘
550,14:26:00,11.53,--,0,576,卖盘
551,14:25:51,11.53,--,1,1153,卖盘
552,14:25:45,11.53,-0.01,30,34590,卖盘
553,14:25:42,11.54,--,10,11540,买盘
554,14:25:39,11.54,0.01,32,36928,买盘
555,14:25:36,11.53,-0.01,14,16718,卖盘
556,14:25:33,11.54,0.01,2,2308,买盘
557,14:25:30,11.53,-0.01,37,42661,卖盘
558,14:25:27,11.54,0.01,10,11540,买盘
559,14:25:24,11.53,-0.01,24,27672,卖盘
560,14:25:21,11.54,--,28,32311,买盘
561,14:25:18,11.54,--,8,9232,买盘
562,14:25:15,11.54,--,19,21926,买盘
563,14:25:12,11.54,0.01,4,4616,买盘
564,14:25:09,11.53,--,11,12683,卖盘
565,14:25:06,11.53,-0.01,21,24213,卖盘
566,14:25:03,11.54,--,77,88858,买盘
567,14:25:00,11.54,0.01,35,40390,买盘
568,14:24:57,11.53,-0.01,653,753485,卖盘
569,14:24:54,11.54,--,290,334660,买盘
570,14:24:51,11.54,--,187,215797,买盘
571,14:24:45,11.54,--,9,10386,买盘
572,14:24:42,11.54,--,33,38082,买盘
573,14:24:39,11.54,--,16,18464,买盘
574,14:24:36,11.54,--,71,81934,买盘
575,14:24:33,11.54,--,120,138480,买盘
576,14:24:30,11.54,--,59,68086,买盘
577,14:24:27,11.54,--,204,235992,买盘
578,14:24:24,11.54,--,254,293116,买盘
579,14:24:21,11.54,--,262,302348,买盘
580,14:24:18,11.54,--,1259,1452886,买盘
581,14:24:15,11.54,0.01,58,66932,买盘
582,14:24:12,11.53,--,8,9800,卖盘
583,14:24:09,11.53,--,488,562664,卖盘
584,14:24:06,11.53,-0.01,57,65721,卖盘
585,14:24:03,11.54,--,62,71548,买盘
586,14:24:00,11.54,--,489,564306,买盘
587,14:23:57,11.54,--,31,35774,买盘
588,14:23:54,11.54,--,206,237723,买盘
589,14:23:51,11.54,--,57,65778,买盘
590,14:23:45,11.54,0.01,27,31157,买盘
591,14:23:39,11.53,-0.01,309,356277,中性盘
592,14:23:36,11.54,0.01,274,316196,买盘
593,14:23:33,11.53,0.01,62,71486,买盘
594,14:23:30,11.52,-0.01,42,48960,卖盘
595,14:23:27,11.53,--,43,49579,买盘
596,14:23:24,11.53,--,242,279026,买盘
597,14:23:21,11.53,--,91,104923,买盘
598,14:23:18,11.53,--,395,455435,买盘
599,14:23:15,11.53,0.01,10,11530,买盘
600,14:23:12,11.52,-0.01,50,57600,卖盘
601,14:23:09,11.53,--,24,27672,买盘
602,14:23:06,11.53,--,94,108382,买盘
603,14:23:03,11.53,0.01,221,254813,买盘
604,14:23:00,11.52,--,278,320256,卖盘
605,14:22:57,11.52,-0.01,1084,1249344,卖盘
606,14:22:54,11.53,--,53,61109,买盘
607,14:22:51,11.53,--,424,488872,买盘
608,14:22:48,11.53,--,3,3459,买盘
609,14:22:45,11.53,--,30,34590,买盘
610,14:22:42,11.53,--,47,54191,买盘
611,14:22:39,11.53,0.01,255,294015,买盘
612,14:22:36,11.52,-0.01,28,32832,卖盘
613,14:22:33,11.53,--,41,47273,买盘
614,14:22:30,11.53,--,226,260578,买盘
615,14:22:27,11.53,--,2,2306,买盘
616,14:22:24,11.53,--,160,184480,买盘
617,14:22:21,11.53,--,113,130289,买盘
618,14:22:18,11.53,--,802,924706,买盘
619,14:22:15,11.53,0.01,24,27672,买盘
620,14:22:12,11.52,--,1,1152,卖盘
621,14:22:09,11.52,-0.01,11,12672,卖盘
622,14:22:06,11.53,--,19,21907,买盘
623,14:22:03,11.53,--,2,2306,买盘
624,14:22:00,11.53,--,7,8647,买盘
625,14:21:57,11.53,--,1,1153,买盘
626,14:21:54,11.53,0.01,65,74945,买盘
627,14:21:48,11.52,--,11,12672,卖盘
628,14:21:45,11.52,--,45,51840,卖盘
629,14:21:39,11.52,--,58,66816,卖盘
630,14:21:36,11.52,--,30,34560,卖盘
631,14:21:33,11.52,-0.01,12,13824,卖盘
632,14:21:30,11.53,--,5,5765,买盘
633,14:21:24,11.53,0.01,74,85322,买盘
634,14:21:21,11.52,--,223,257472,买盘
635,14:21:18,11.52,--,451,519552,买盘
636,14:21:15,11.52,--,7,8064,买盘
637,14:21:12,11.52,--,31,35712,买盘
638,14:21:09,11.52,--,66,76032,买盘
639,14:21:06,11.52,--,24,27648,买盘
640,14:21:03,11.52,--,2,2304,买盘
641,14:21:00,11.52,--,150,172800,卖盘
642,14:20:57,11.52,--,53,61056,卖盘
643,14:20:54,11.52,--,359,413568,卖盘
644,14:20:51,11.52,-0.01,257,296640,卖盘
645,14:20:48,11.53,--,1024,1180672,买盘
646,14:20:45,11.53,--,35,40355,买盘
647,14:20:42,11.53,--,123,141819,买盘
648,14:20:39,11.53,0.01,194,223682,买盘
649,14:20:36,11.52,--,214,246528,卖盘
650,14:20:33,11.52,-0.01,35,40320,卖盘
651,14:20:30,11.53,0.01,1,1153,买盘
652,14:20:27,11.52,--,6,7488,卖盘
653,14:20:24,11.52,-0.01,23,26496,卖盘
654,14:20:21,11.53,--,30,34590,买盘
655,14:20:18,11.53,--,52,59956,买盘
656,14:20:15,11.53,--,26,29978,买盘
657,14:20:12,11.53,--,1,1153,买盘
658,14:20:09,11.53,--,26,29978,买盘
659,14:20:06,11.53,--,41,47273,买盘
660,14:20:03,11.53,--,68,78404,买盘
661,14:20:00,11.53,--,12,13836,买盘
662,14:19:57,11.53,--,56,65144,买盘
663,14:19:54,11.53,--,114,131442,买盘
664,14:19:51,11.53,0.01,9,10377,买盘
665,14:19:48,11.52,-0.01,21,24192,卖盘
666,14:19:45,11.53,0.01,1,1153,买盘
667,14:19:42,11.52,--,3,3456,卖盘
668,14:19:39,11.52,-0.01,39,44928,卖盘
669,14:19:36,11.53,0.01,8,9224,买盘
670,14:19:33,11.52,-0.01,71,81792,卖盘
671,14:19:30,11.53,0.01,20,23636,买盘
672,14:19:27,11.52,-0.01,80,92160,卖盘
673,14:19:21,11.53,--,19,21907,买盘
674,14:19:18,11.53,--,5,5765,买盘
675,14:19:15,11.53,--,19,21907,买盘
676,14:19:09,11.53,0.01,6,6918,买盘
677,14:19:06,11.52,-0.01,26,29952,卖盘
678,14:19:03,11.53,--,8,9800,买盘
679,14:19:00,11.53,0.01,5,5765,买盘
680,14:18:57,11.52,-0.01,50,57600,卖盘
681,14:18:48,11.53,--,6,6918,买盘
682,14:18:45,11.53,--,24,27672,买盘
683,14:18:33,11.53,--,19,21907,买盘
684,14:18:30,11.53,0.01,29,33437,买盘
685,14:18:24,11.52,--,198,228672,卖盘
686,14:18:21,11.52,-0.01,2,2304,卖盘
687,14:18:18,11.53,--,67,77251,买盘
688,14:18:15,11.53,--,4,4612,买盘
689,14:18:12,11.53,--,32,36896,买盘
690,14:18:09,11.53,--,5,5765,买盘
691,14:18:06,11.53,--,11,12683,买盘
692,14:18:03,11.53,--,6,6918,买盘
693,14:18:00,11.53,0.01,26,29978,买盘
694,14:17:57,11.52,--,6,7488,卖盘
695,14:17:54,11.52,--,200,230400,买盘
696,14:17:51,11.52,--,459,528768,买盘
697,14:17:48,11.52,--,20,23040,买盘
698,14:17:45,11.52,--,54,62208,买盘
699,14:17:42,11.52,--,148,170496,买盘
700,14:17:39,11.52,0.01,100,115200,买盘
701,14:17:30,11.51,-0.01,1,1151,卖盘
702,14:17:27,11.52,--,1,1152,买盘
703,14:17:24,11.52,--,36,41472,买盘
704,14:17:21,11.52,--,11,12672,买盘
705,14:17:18,11.52,--,14,16128,买盘
706,14:17:15,11.52,--,22,25344,买盘
707,14:17:12,11.52,--,13,14976,买盘
708,14:17:09,11.52,--,22,25344,买盘
709,14:17:06,11.52,--,23,26496,买盘
710,14:17:03,11.52,-0.01,82,94464,卖盘
711,14:17:00,11.53,0.01,87,100311,买盘
712,14:16:57,11.52,--,12,13824,卖盘
713,14:16:54,11.52,--,87,100224,买盘
714,14:16:51,11.52,--,135,155520,买盘
715,14:16:48,11.52,--,564,649728,买盘
716,14:16:45,11.52,0.01,1613,1858176,买盘
717,14:16:39,11.51,--,64,73664,买盘
718,14:16:36,11.51,--,42,48342,买盘
719,14:16:33,11.51,--,117,134667,买盘
720,14:16:30,11.51,--,13,14963,买盘
721,14:16:27,11.51,0.01,10,11510,买盘
722,14:16:21,11.5,-0.01,1,1150,卖盘
723,14:16:18,11.51,--,11,12661,买盘
724,14:16:15,11.51,--,4,4604,买盘
725,14:16:12,11.51,--,5,5755,买盘
726,14:16:09,11.51,0.01,3,3453,买盘
727,14:16:06,11.5,-0.01,1,1150,卖盘
728,14:16:03,11.51,--,2,2302,买盘
729,14:16:00,11.51,--,7,8057,买盘
730,14:15:57,11.51,--,19,21869,买盘
731,14:15:54,11.51,--,73,84023,买盘
732,14:15:51,11.51,--,21,24171,买盘
733,14:15:48,11.51,--,53,61003,买盘
734,14:15:45,11.51,-0.01,58,66758,中性盘
735,14:15:42,11.52,0.01,100,115200,买盘
736,14:15:39,11.51,--,91,104741,买盘
737,14:15:36,11.51,--,31,35681,买盘
738,14:15:33,11.51,--,10,11510,买盘
739,14:15:30,11.51,--,15,17265,买盘
740,14:15:27,11.51,--,33,37983,买盘
741,14:15:24,11.51,0.01,70,80570,买盘
742,14:15:21,11.5,-0.01,118,135700,卖盘
743,14:15:18,11.51,--,10,11510,买盘
744,14:15:15,11.51,--,56,64456,买盘
745,14:15:12,11.51,--,5,5755,买盘
746,14:15:09,11.51,--,35,40285,买盘
747,14:15:06,11.51,--,145,166895,买盘
748,14:15:03,11.51,0.01,38,43738,买盘
749,14:14:57,11.5,--,368,423200,卖盘
750,14:14:54,11.5,--,20,23000,卖盘
751,14:14:51,11.5,-0.01,10,11500,卖盘
752,14:14:48,11.51,--,140,161140,买盘
753,14:14:39,11.51,0.01,6,6906,买盘
754,14:14:36,11.5,--,1,1150,卖盘
755,14:14:33,11.5,-0.01,14,16100,卖盘
756,14:14:30,11.51,0.01,11,12661,买盘
757,14:14:24,11.5,-0.01,26,29900,卖盘
758,14:14:21,11.51,--,18,20718,买盘
759,14:14:18,11.51,--,15,17265,买盘
760,14:14:15,11.51,--,1,1151,买盘
761,14:14:12,11.51,--,8,9208,买盘
762,14:14:09,11.51,0.01,10,11510,买盘
763,14:14:00,11.5,--,1,1150,卖盘
764,14:13:57,11.5,-0.01,3,3450,卖盘
765,14:13:48,11.51,--,1,1151,买盘
766,14:13:45,11.51,0.01,13,14963,买盘
767,14:13:42,11.5,-0.01,48,55200,卖盘
768,14:13:39,11.51,0.01,42,48342,买盘
769,14:13:36,11.5,--,1,1150,卖盘
770,14:13:33,11.5,-0.01,17,19550,卖盘
771,14:13:30,11.51,--,46,52946,买盘
772,14:13:27,11.51,--,204,234804,买盘
773,14:13:24,11.51,0.01,6,6906,买盘
774,14:13:21,11.5,-0.01,57,66516,卖盘
775,14:13:15,11.51,--,18,21224,买盘
776,14:13:09,11.51,0.01,3,3453,买盘
777,14:12:48,11.5,-0.01,12,13800,卖盘
778,14:12:45,11.51,0.01,38,43738,买盘
779,14:12:42,11.5,--,2,2300,卖盘
780,14:12:27,11.5,-0.01,49,56350,卖盘
781,14:12:24,11.51,0.01,5,5755,买盘
782,14:12:21,11.5,--,5,5750,卖盘
783,14:12:18,11.5,-0.01,53,60950,卖盘
784,14:12:15,11.51,--,38,43738,买盘
785,14:12:09,11.51,--,5,5755,买盘
786,14:12:06,11.51,--,2,2302,买盘
787,14:12:03,11.51,--,2,2877,买盘
788,14:11:57,11.51,--,20,23020,买盘
789,14:11:54,11.51,--,9,10359,买盘
790,14:11:51,11.51,--,42,48342,买盘
791,14:11:48,11.51,--,16,18416,买盘
792,14:11:45,11.51,0.01,25,28775,买盘
793,14:11:42,11.5,-0.01,100,115000,卖盘
794,14:11:39,11.51,0.01,114,131214,买盘
795,14:11:36,11.5,--,0,575,卖盘
796,14:11:30,11.5,--,5,5750,卖盘
797,14:11:27,11.5,-0.01,4,4600,卖盘
798,14:11:18,11.51,--,1,1151,买盘
799,14:11:15,11.51,0.01,10,11510,买盘
800,14:11:12,11.5,-0.01,45,51750,卖盘
801,14:11:09,11.51,--,21,24746,买盘
802,14:11:06,11.51,--,2,2302,买盘
803,14:11:03,11.51,--,4,4604,买盘
804,14:10:54,11.51,0.01,24,27624,买盘
805,14:10:48,11.5,--,1,1150,卖盘
806,14:10:45,11.5,-0.01,6,7475,卖盘
807,14:10:36,11.51,--,1,1151,买盘
808,14:10:27,11.51,--,1,1151,买盘
809,14:10:24,11.51,--,2,2302,买盘
810,14:10:18,11.51,--,5,5755,买盘
811,14:10:15,11.51,0.01,8,9208,买盘
812,14:10:12,11.5,--,17,20125,买盘
813,14:10:09,11.5,--,22,25300,买盘
814,14:10:06,11.5,--,2,2300,买盘
815,14:10:03,11.5,--,22,25300,买盘
816,14:10:00,11.5,0.01,6,6900,买盘
817,14:09:57,11.49,-0.01,27,31023,卖盘
818,14:09:54,11.5,--,1,1150,买盘
819,14:09:51,11.5,--,31,35650,买盘
820,14:09:48,11.5,-0.01,13,14950,中性盘
821,14:09:45,11.51,0.01,143,164593,买盘
822,14:09:42,11.5,0.01,97,111550,买盘
823,14:09:39,11.49,-0.01,10,12064,卖盘
824,14:09:36,11.5,--,51,58650,买盘
825,14:09:33,11.5,0.01,64,73600,买盘
826,14:09:30,11.49,-0.01,61,70089,卖盘
827,14:09:27,11.5,--,2,2300,买盘
828,14:09:24,11.5,--,2,2300,买盘
829,14:09:18,11.5,--,15,17825,买盘
830,14:09:15,11.5,0.01,110,126500,买盘
831,14:09:12,11.49,-0.01,1,1149,卖盘
832,14:09:09,11.5,--,1,1150,买盘
833,14:09:06,11.5,--,2,2300,买盘
834,14:09:03,11.5,--,8,9200,买盘
835,14:09:00,11.5,0.01,71,81650,买盘
836,14:08:57,11.49,-0.01,3,3447,卖盘
837,14:08:54,11.5,--,1,1150,买盘
838,14:08:48,11.5,0.01,17,19550,中性盘
839,14:08:45,11.49,--,181,208543,卖盘
840,14:08:42,11.49,--,51,58599,卖盘
841,14:08:39,11.49,-0.01,15,17235,卖盘
842,14:08:36,11.5,--,45,51750,买盘
843,14:08:33,11.5,--,20,23000,买盘
844,14:08:30,11.5,-0.01,289,333431,卖盘
845,14:08:27,11.51,--,2,2302,买盘
846,14:08:24,11.51,--,8,9208,买盘
847,14:08:21,11.51,0.01,21,24171,买盘
848,14:08:18,11.5,-0.01,8,9775,卖盘
849,14:08:15,11.51,--,8,9208,买盘
850,14:08:12,11.51,--,1,1151,买盘
851,14:08:09,11.51,--,15,17265,买盘
852,14:08:06,11.51,--,25,28775,买盘
853,14:08:03,11.51,--,2,2302,买盘
854,14:08:00,11.51,--,11,12661,买盘
855,14:07:54,11.51,0.01,17,19567,买盘
856,14:07:51,11.5,-0.01,30,34500,卖盘
857,14:07:48,11.51,0.01,40,46040,买盘
858,14:07:45,11.5,-0.01,11,12650,卖盘
859,14:07:39,11.51,0.01,3,3453,买盘
860,14:07:36,11.5,-0.01,0,575,卖盘
861,14:07:27,11.51,--,38,43738,买盘
862,14:07:24,11.51,--,2,2302,买盘
863,14:07:18,11.51,--,4,4604,买盘
864,14:07:15,11.51,--,12,13812,买盘
865,14:07:12,11.51,--,81,93806,买盘
866,14:07:09,11.51,--,5,5755,买盘
867,14:07:06,11.51,0.01,7,8057,买盘
868,14:07:03,11.5,--,21,24150,卖盘
869,14:07:00,11.5,--,30,34500,卖盘
870,14:06:57,11.5,--,2,2300,卖盘
871,14:06:54,11.5,--,24,27600,卖盘
872,14:06:48,11.5,--,3,3450,卖盘
873,14:06:42,11.5,--,2,2875,卖盘
874,14:06:36,11.5,-0.01,21,24150,卖盘
875,14:06:33,11.51,--,10,11510,买盘
876,14:06:27,11.51,--,3,3453,买盘
877,14:06:24,11.51,--,9,10359,买盘
878,14:06:21,11.51,--,15,17265,买盘
879,14:06:18,11.51,--,1,1151,买盘
880,14:06:15,11.51,0.01,4,4604,买盘
881,14:06:12,11.5,-0.01,18,21275,卖盘
882,14:06:06,11.51,--,6,6906,买盘
883,14:06:03,11.51,--,1,1151,买盘
884,14:06:00,11.51,--,2,2302,买盘
885,14:05:57,11.51,--,11,12661,买盘
886,14:05:54,11.51,0.01,9,10359,买盘
887,14:05:51,11.5,-0.01,1,1150,卖盘
888,14:05:48,11.51,0.01,58,66758,买盘
889,14:05:45,11.5,--,26,29900,卖盘
890,14:05:42,11.5,-0.01,1,1725,卖盘
891,14:05:39,11.51,--,1,1151,买盘
892,14:05:27,11.51,--,5,5755,买盘
893,14:05:24,11.51,--,9,10359,买盘
894,14:05:18,11.51,--,137,157687,买盘
895,14:05:15,11.51,0.01,568,653768,买盘
896,14:05:12,11.5,-0.01,0,575,卖盘
897,14:05:09,11.51,--,10,11510,买盘
898,14:05:06,11.51,--,49,56399,买盘
899,14:05:03,11.51,--,5,5755,买盘
900,14:05:00,11.51,0.01,29,33379,买盘
901,14:04:57,11.5,-0.01,37,42550,卖盘
902,14:04:54,11.51,--,3,3453,买盘
903,14:04:48,11.51,--,2,2302,买盘
904,14:04:45,11.51,0.01,50,57550,买盘
905,14:04:42,11.5,--,80,92575,卖盘
906,14:04:39,11.5,-0.01,420,483000,卖盘
907,14:04:33,11.51,--,8,9208,买盘
908,14:04:30,11.51,--,66,75966,买盘
909,14:04:27,11.51,--,3,3453,买盘
910,14:04:24,11.51,--,2,2302,买盘
911,14:04:21,11.51,--,3,3453,买盘
912,14:04:18,11.51,--,7,8057,买盘
913,14:04:15,11.51,--,66,75966,买盘
914,14:04:09,11.51,--,17,20142,买盘
915,14:04:06,11.51,0.01,82,94382,买盘
916,14:04:03,11.5,-0.01,61,70173,卖盘
917,14:03:57,11.51,--,28,32228,买盘
918,14:03:54,11.51,--,17,19567,买盘
919,14:03:51,11.51,0.01,100,115100,买盘
920,14:03:45,11.5,--,3,3450,卖盘
921,14:03:42,11.5,--,16,18400,卖盘
922,14:03:39,11.5,--,31,36225,卖盘
923,14:03:36,11.5,-0.01,121,139150,卖盘
924,14:03:27,11.51,0.01,4,4604,买盘
925,14:03:24,11.5,--,5,5750,卖盘
926,14:03:21,11.5,-0.01,5,5750,卖盘
927,14:03:18,11.51,0.01,7,8057,买盘
928,14:03:15,11.5,--,83,96025,卖盘
929,14:03:12,11.5,--,14,16100,卖盘
930,14:03:09,11.5,-0.01,423,486450,卖盘
931,14:03:06,11.51,--,7,8057,买盘
932,14:03:03,11.51,--,7,8057,买盘
933,14:03:00,11.51,0.01,10,11510,买盘
934,14:02:57,11.5,--,54,62100,卖盘
935,14:02:54,11.5,--,0,575,卖盘
936,14:02:51,11.5,-0.01,19,21850,卖盘
937,14:02:48,11.51,--,89,102439,买盘
938,14:02:45,11.51,--,746,858646,买盘
939,14:02:39,11.51,0.01,464,534064,买盘
940,14:02:36,11.5,--,27,31050,卖盘
941,14:02:27,11.5,-0.01,8,9200,卖盘
942,14:02:24,11.51,--,44,50644,买盘
943,14:02:21,11.51,0.01,1,1151,买盘
944,14:02:18,11.5,-0.01,18,20700,卖盘
945,14:02:15,11.51,0.01,4,4604,买盘
946,14:02:09,11.5,-0.01,35,40250,卖盘
947,14:02:06,11.51,--,20,23020,买盘
948,14:02:03,11.51,0.01,75,86325,买盘
949,14:02:00,11.5,--,200,230000,卖盘
950,14:01:57,11.5,-0.01,6,6900,卖盘
951,14:01:54,11.51,0.01,12,13812,买盘
952,14:01:51,11.5,--,14,16146,买盘
953,14:01:48,11.5,--,42,48300,买盘
954,14:01:45,11.5,--,17,19550,买盘
955,14:01:42,11.5,--,183,210450,买盘
956,14:01:39,11.5,0.01,20,23000,买盘
957,14:01:36,11.49,-0.01,74,85026,卖盘
958,14:01:33,11.5,0.01,100,115000,买盘
959,14:01:30,11.49,-0.01,4,4596,卖盘
960,14:01:27,11.5,0.01,1,1150,买盘
961,14:01:21,11.49,-0.01,2,2298,卖盘
962,14:01:18,11.5,--,1,1150,买盘
963,14:01:12,11.5,--,4,4600,买盘
964,14:01:09,11.5,--,36,41400,买盘
965,14:01:06,11.5,--,4,4600,买盘
966,14:01:03,11.5,--,247,284050,买盘
967,14:01:00,11.5,0.01,43,49450,买盘
968,14:00:54,11.49,--,10,11490,卖盘
969,14:00:42,11.49,-0.01,1,1149,卖盘
970,14:00:39,11.5,0.01,14,16100,买盘
971,14:00:36,11.49,-0.01,137,157413,卖盘
972,14:00:33,11.5,--,40,46000,买盘
973,14:00:30,11.5,--,400,460000,买盘
974,14:00:27,11.5,0.01,1,1150,买盘
975,14:00:24,11.49,--,5,5745,卖盘
976,14:00:21,11.49,-0.01,2,2298,卖盘
977,14:00:18,11.5,--,8,9200,买盘
978,14:00:15,11.5,--,79,90850,买盘
979,14:00:12,11.5,--,305,350750,买盘
980,14:00:06,11.5,--,2,2300,买盘
981,14:00:03,11.5,0.01,7,8050,买盘
982,14:00:00,11.49,--,10,11490,卖盘
983,13:59:57,11.49,-0.01,23,26427,卖盘
984,13:59:54,11.5,0.01,109,125350,买盘
985,13:59:51,11.49,--,702,806598,买盘
986,13:59:48,11.49,--,58,66642,买盘
987,13:59:45,11.49,--,28,32172,买盘
988,13:59:42,11.49,0.01,260,298740,买盘
989,13:59:36,11.48,--,9,10332,卖盘
990,13:59:30,11.48,-0.01,2,2296,卖盘
991,13:59:27,11.49,0.01,1,1149,买盘
992,13:59:21,11.48,-0.01,3,3444,卖盘
993,13:59:18,11.49,--,8,9192,买盘
994,13:59:15,11.49,--,2,2298,买盘
995,13:59:12,11.49,--,21,24129,买盘
996,13:59:06,11.49,--,4,4596,买盘
997,13:59:03,11.49,--,1,1149,买盘
998,13:59:00,11.49,0.01,6,6894,买盘
999,13:58:57,11.48,-0.01,14,16072,卖盘
1000,13:58:54,11.49,0.01,5,5745,买盘
1001,13:58:51,11.48,--,10,11480,卖盘
1002,13:58:42,11.48,-0.01,4,4592,卖盘
1003,13:58:33,11.49,0.01,6,6894,买盘
1004,13:58:30,11.48,-0.01,13,14924,卖盘
1005,13:58:27,11.49,--,2,2298,买盘
1006,13:58:24,11.49,0.01,10,11490,买盘
1007,13:58:21,11.48,-0.01,18,20664,卖盘
1008,13:58:18,11.49,--,4,4596,买盘
1009,13:58:15,11.49,--,25,28725,买盘
1010,13:58:12,11.49,--,5,5745,买盘
1011,13:58:09,11.49,--,211,242439,买盘
1012,13:58:06,11.49,--,5,5745,买盘
1013,13:58:03,11.49,0.01,1,1149,买盘
1014,13:57:54,11.48,-0.01,1,1148,卖盘
1015,13:57:51,11.49,--,10,11490,买盘
1016,13:57:48,11.49,-0.01,46,52854,中性盘
1017,13:57:45,11.5,0.01,202,232300,买盘
1018,13:57:42,11.49,--,11,12639,买盘
1019,13:57:39,11.49,0.01,6,6894,买盘
1020,13:57:36,11.48,-0.01,40,45920,卖盘
1021,13:57:27,11.49,0.01,3,3447,卖盘
1022,13:57:24,11.48,-0.01,11,12628,卖盘
1023,13:57:18,11.49,0.01,10,11490,买盘
1024,13:57:15,11.48,--,78,89544,卖盘
1025,13:57:12,11.48,-0.01,10,11480,卖盘
1026,13:57:09,11.49,0.01,5,5745,买盘
1027,13:57:06,11.48,-0.01,49,56252,卖盘
1028,13:57:03,11.49,--,10,11490,买盘
1029,13:57:00,11.49,--,60,68940,买盘
1030,13:56:57,11.49,--,20,22980,买盘
1031,13:56:54,11.49,--,8,9192,买盘
1032,13:56:51,11.49,-0.01,3,3447,中性盘
1033,13:56:48,11.5,--,60,69000,买盘
1034,13:56:45,11.5,0.01,55,63250,买盘
1035,13:56:39,11.49,--,37,42513,卖盘
1036,13:56:33,11.49,--,149,171201,卖盘
1037,13:56:30,11.49,--,41,47109,买盘
1038,13:56:27,11.49,-0.01,1334,1532766,卖盘
1039,13:56:21,11.5,--,4,4600,买盘
1040,13:56:18,11.5,0.01,2,2300,买盘
1041,13:56:15,11.49,--,31,35619,卖盘
1042,13:56:12,11.49,--,43,49407,卖盘
1043,13:56:09,11.49,-0.01,50,57450,卖盘
1044,13:56:06,11.5,--,3,3450,买盘
1045,13:56:03,11.5,--,1,1150,买盘
1046,13:56:00,11.5,0.01,6,6900,买盘
1047,13:55:57,11.49,--,20,22980,卖盘
1048,13:55:54,11.49,--,1,1149,卖盘
1049,13:55:51,11.49,--,20,22980,卖盘
1050,13:55:48,11.49,-0.01,1,1149,卖盘
1051,13:55:45,11.5,0.01,10,11500,买盘
1052,13:55:42,11.49,-0.01,3,3447,卖盘
1053,13:55:39,11.5,0.01,9,10350,买盘
1054,13:55:33,11.49,-0.01,31,35619,卖盘
1055,13:55:27,11.5,--,3,3450,买盘
1056,13:55:24,11.5,--,22,25300,买盘
1057,13:55:21,11.5,--,5,5750,买盘
1058,13:55:18,11.5,--,5,5750,买盘
1059,13:55:15,11.5,--,45,51750,买盘
1060,13:55:12,11.5,0.01,5,5750,买盘
1061,13:55:06,11.49,-0.01,4,4596,卖盘
1062,13:55:03,11.5,0.01,2,2300,买盘
1063,13:55:00,11.49,-0.01,8,9192,卖盘
1064,13:54:57,11.5,0.01,40,46000,买盘
1065,13:54:48,11.49,--,1,1149,卖盘
1066,13:54:45,11.49,--,3,3447,卖盘
1067,13:54:42,11.49,-0.01,1,1149,卖盘
1068,13:54:39,11.5,0.01,3,3450,买盘
1069,13:54:33,11.49,--,17,19533,卖盘
1070,13:54:30,11.49,-0.01,3,3447,卖盘
1071,13:54:27,11.5,--,1,1150,买盘
1072,13:54:24,11.5,0.01,7,8050,买盘
1073,13:54:21,11.49,-0.01,1,1149,卖盘
1074,13:54:18,11.5,0.01,57,65550,买盘
1075,13:54:09,11.49,--,7,8043,卖盘
1076,13:54:06,11.49,-0.01,43,49407,卖盘
1077,13:54:03,11.5,--,20,23000,买盘
1078,13:54:00,11.5,0.01,20,23000,买盘
1079,13:53:51,11.49,--,10,11490,卖盘
1080,13:53:48,11.49,-0.01,35,40215,卖盘
1081,13:53:45,11.5,--,15,17250,买盘
1082,13:53:42,11.5,--,59,67850,买盘
1083,13:53:39,11.5,0.01,50,57500,买盘
1084,13:53:33,11.49,--,35,40215,卖盘
1085,13:53:30,11.49,-0.01,4,4596,卖盘
1086,13:53:27,11.5,--,10,11500,买盘
1087,13:53:24,11.5,0.01,9,10350,买盘
1088,13:53:21,11.49,-0.01,52,59748,卖盘
1089,13:53:18,11.5,0.01,13,14950,买盘
1090,13:53:12,11.49,-0.01,3,3447,卖盘
1091,13:53:06,11.5,--,11,12650,买盘
1092,13:53:03,11.5,0.01,9,10350,买盘
1093,13:53:00,11.49,-0.01,7,8043,卖盘
1094,13:52:39,11.5,--,8,9200,买盘
1095,13:52:33,11.5,0.01,10,11500,买盘
1096,13:52:30,11.49,-0.01,1,1149,卖盘
1097,13:52:27,11.5,0.01,1,1150,买盘
1098,13:52:21,11.49,-0.01,22,25278,卖盘
1099,13:52:18,11.5,0.01,3,3450,买盘
1100,13:52:15,11.49,-0.02,11,12639,卖盘
1101,13:52:12,11.51,0.01,3,3453,买盘
1102,13:52:09,11.5,0.01,8,9200,买盘
1103,13:52:06,11.49,-0.01,22,25278,卖盘
1104,13:52:03,11.5,--,41,47150,买盘
1105,13:52:00,11.5,-0.01,16,18400,买盘
1106,13:51:54,11.51,0.01,103,118553,买盘
1107,13:51:51,11.5,0.01,3,3450,买盘
1108,13:51:48,11.49,-0.01,1,1149,卖盘
1109,13:51:45,11.5,--,1,1150,买盘
1110,13:51:39,11.5,0.01,3,3450,买盘
1111,13:51:36,11.49,-0.01,20,22980,卖盘
1112,13:51:33,11.5,--,1,1150,买盘
1113,13:51:27,11.5,--,3,3450,买盘
1114,13:51:24,11.5,0.01,9,10350,买盘
1115,13:51:21,11.49,-0.01,30,34470,卖盘
1116,13:51:18,11.5,0.01,7,8050,买盘
1117,13:51:15,11.49,-0.01,1,1149,卖盘
1118,13:51:12,11.5,--,3,3450,买盘
1119,13:51:06,11.5,--,32,36800,买盘
1120,13:51:03,11.5,--,2,2300,买盘
1121,13:51:00,11.5,0.01,27,31050,中性盘
1122,13:50:54,11.49,-0.01,233,267717,卖盘
1123,13:50:51,11.5,0.01,7,8050,买盘
1124,13:50:48,11.49,-0.01,21,24129,卖盘
1125,13:50:39,11.5,0.01,25,28750,买盘
1126,13:50:33,11.49,-0.01,135,155115,卖盘
1127,13:50:30,11.5,--,70,80500,买盘
1128,13:50:27,11.5,--,2,2300,买盘
1129,13:50:24,11.5,--,3,3450,买盘
1130,13:50:18,11.5,--,16,18400,买盘
1131,13:50:12,11.5,--,46,52900,买盘
1132,13:50:09,11.5,--,21,24150,买盘
1133,13:50:06,11.5,--,4,4600,买盘
1134,13:50:03,11.5,--,15,17250,买盘
1135,13:50:00,11.5,0.01,15,17250,买盘
1136,13:49:57,11.49,-0.01,66,75834,卖盘
1137,13:49:54,11.5,--,50,57500,买盘
1138,13:49:51,11.5,--,57,65550,买盘
1139,13:49:45,11.5,0.01,28,32200,买盘
1140,13:49:39,11.49,-0.01,7,8043,卖盘
1141,13:49:33,11.5,--,38,43700,买盘
1142,13:49:27,11.5,0.01,1,1150,买盘
1143,13:49:21,11.49,-0.01,4,4596,卖盘
1144,13:49:18,11.5,--,4,4600,买盘
1145,13:49:15,11.5,--,5,5750,买盘
1146,13:49:12,11.5,--,1,1150,买盘
1147,13:49:09,11.5,--,2,2300,买盘
1148,13:49:06,11.5,--,13,14950,买盘
1149,13:49:03,11.5,--,4,4600,买盘
1150,13:48:57,11.5,--,2,2300,买盘
1151,13:48:54,11.5,--,28,32200,买盘
1152,13:48:45,11.5,0.01,7,8050,买盘
1153,13:48:42,11.49,-0.01,24,27576,卖盘
1154,13:48:39,11.5,--,11,12650,买盘
1155,13:48:36,11.5,0.01,3,3450,买盘
1156,13:48:30,11.49,-0.01,16,18384,卖盘
1157,13:48:27,11.5,--,2,2300,买盘
1158,13:48:18,11.5,--,9,10350,买盘
1159,13:48:15,11.5,--,7,8050,买盘
1160,13:48:12,11.5,--,72,82800,买盘
1161,13:48:09,11.5,--,11,12650,买盘
1162,13:48:06,11.5,0.01,64,73600,买盘
1163,13:48:03,11.49,-0.01,4,4596,卖盘
1164,13:48:00,11.5,--,25,28750,买盘
1165,13:47:54,11.5,0.01,8,9200,买盘
1166,13:47:51,11.49,-0.01,22,25278,卖盘
1167,13:47:48,11.5,--,131,150650,买盘
1168,13:47:45,11.5,--,800,920000,买盘
1169,13:47:39,11.5,--,43,49450,买盘
1170,13:47:33,11.5,--,122,140300,买盘
1171,13:47:30,11.5,0.01,28,32200,买盘
1172,13:47:27,11.49,-0.01,13,14937,卖盘
1173,13:47:24,11.5,--,820,943000,买盘
1174,13:47:21,11.5,--,73,83950,买盘
1175,13:47:18,11.5,--,3,3450,买盘
1176,13:47:12,11.5,--,3,3450,买盘
1177,13:47:09,11.5,--,1,1150,买盘
1178,13:47:06,11.5,0.01,3,3450,买盘
1179,13:47:03,11.49,--,2,2298,卖盘
1180,13:46:57,11.49,--,1,1149,卖盘
1181,13:46:54,11.49,--,38,43662,卖盘
1182,13:46:51,11.49,-0.01,1,1149,卖盘
1183,13:46:48,11.5,--,13,14950,买盘
1184,13:46:45,11.5,--,106,121900,买盘
1185,13:46:42,11.5,--,30,34500,买盘
1186,13:46:39,11.5,0.01,8,9200,买盘
1187,13:46:36,11.49,-0.01,32,36768,卖盘
1188,13:46:33,11.5,--,17,19550,买盘
1189,13:46:30,11.5,--,61,70150,买盘
1190,13:46:27,11.5,--,3,3450,买盘
1191,13:46:24,11.5,0.01,2,2300,买盘
1192,13:46:18,11.49,-0.01,2,2298,卖盘
1193,13:46:15,11.5,--,50,57500,买盘
1194,13:46:12,11.5,--,3,3450,买盘
1195,13:46:09,11.5,0.01,131,150650,买盘
1196,13:46:06,11.49,-0.01,59,67791,卖盘
1197,13:46:03,11.5,--,13,14950,买盘
1198,13:46:00,11.5,--,100,115000,买盘
1199,13:45:54,11.5,--,11,12650,买盘
1200,13:45:51,11.5,--,100,115000,买盘
1201,13:45:39,11.5,--,3,3450,买盘
1202,13:45:33,11.5,0.01,22,25300,买盘
1203,13:45:30,11.49,-0.01,202,232098,卖盘
1204,13:45:27,11.5,0.01,1,1150,买盘
1205,13:45:24,11.49,-0.01,21,24129,卖盘
1206,13:45:21,11.5,0.01,40,46000,买盘
1207,13:45:18,11.49,-0.01,17,19533,卖盘
1208,13:45:15,11.5,--,77,88550,买盘
1209,13:45:12,11.5,--,2,2300,买盘
1210,13:45:09,11.5,0.01,6,6900,买盘
1211,13:45:03,11.49,--,51,58599,卖盘
1212,13:45:00,11.49,--,1,1149,卖盘
1213,13:44:57,11.49,-0.01,1,1149,卖盘
1214,13:44:54,11.5,0.01,21,24150,买盘
1215,13:44:51,11.49,--,94,108006,买盘
1216,13:44:48,11.49,--,7,8043,买盘
1217,13:44:45,11.49,--,2,2298,买盘
1218,13:44:39,11.49,--,3,3447,买盘
1219,13:44:36,11.49,--,1,1149,买盘
1220,13:44:27,11.49,--,1,1149,买盘
1221,13:44:24,11.49,--,1,1149,买盘
1222,13:44:18,11.49,0.01,2,2298,买盘
1223,13:44:15,11.48,-0.01,3,3444,卖盘
1224,13:44:12,11.49,--,9,10341,买盘
1225,13:44:09,11.49,--,21,24129,买盘
1226,13:44:06,11.49,--,10,11490,买盘
1227,13:44:03,11.49,--,24,27576,买盘
1228,13:44:00,11.49,--,290,333210,卖盘
1229,13:43:57,11.49,-0.01,89,102261,卖盘
1230,13:43:51,11.5,--,6,6900,买盘
1231,13:43:48,11.5,--,9,10350,买盘
1232,13:43:45,11.5,0.01,58,66700,买盘
1233,13:43:42,11.49,-0.01,30,34470,卖盘
1234,13:43:39,11.5,0.01,16,18400,买盘
1235,13:43:36,11.49,--,23,26427,卖盘
1236,13:43:33,11.49,--,100,114900,卖盘
1237,13:43:30,11.49,--,39,44811,卖盘
1238,13:43:24,11.49,--,292,335508,买盘
1239,13:43:18,11.49,--,8,9192,买盘
1240,13:43:15,11.49,--,45,51705,买盘
1241,13:43:12,11.49,0.02,37,42513,买盘
1242,13:43:09,11.47,-0.02,87,99789,卖盘
1243,13:43:06,11.49,--,1,1149,买盘
1244,13:43:03,11.49,--,8,9192,买盘
1245,13:43:00,11.49,--,69,79281,买盘
1246,13:42:54,11.49,0.01,133,152817,买盘
1247,13:42:51,11.48,--,51,58548,买盘
1248,13:42:48,11.48,--,24,27552,买盘
1249,13:42:45,11.48,--,95,109060,买盘
1250,13:42:39,11.48,--,25,28700,买盘
1251,13:42:36,11.48,--,22,25256,买盘
1252,13:42:33,11.48,--,9,10332,买盘
1253,13:42:30,11.48,--,11,12628,买盘
1254,13:42:27,11.48,--,5,5740,买盘
1255,13:42:24,11.48,--,35,40180,买盘
1256,13:42:21,11.48,0.01,5,5740,中性盘
1257,13:42:18,11.47,-0.01,16,18352,卖盘
1258,13:42:15,11.48,--,100,114800,买盘
1259,13:42:12,11.48,--,39,44772,买盘
1260,13:42:09,11.48,--,32,36736,卖盘
1261,13:42:03,11.48,--,7,8036,买盘
1262,13:42:00,11.48,--,21,24108,买盘
1263,13:41:57,11.48,--,64,73472,卖盘
1264,13:41:54,11.48,-0.01,10,11480,卖盘
1265,13:41:51,11.49,0.01,1,1149,买盘
1266,13:41:45,11.48,-0.01,10,11480,卖盘
1267,13:41:42,11.49,0.01,2,2298,买盘
1268,13:41:39,11.48,--,13,14924,卖盘
1269,13:41:36,11.48,--,67,76916,买盘
1270,13:41:30,11.48,--,9,10332,买盘
1271,13:41:27,11.48,0.01,35,40180,买盘
1272,13:41:24,11.47,--,60,68820,卖盘
1273,13:41:18,11.47,-0.01,2,2294,卖盘
1274,13:41:15,11.48,--,10,11480,买盘
1275,13:41:12,11.48,--,1,1148,买盘
1276,13:41:09,11.48,--,113,129724,卖盘
1277,13:41:06,11.48,0.01,23,26404,买盘
1278,13:41:03,11.47,-0.01,22,25234,卖盘
1279,13:41:00,11.48,--,100,114800,买盘
1280,13:40:57,11.48,-0.01,63,72324,卖盘
1281,13:40:54,11.49,0.01,533,612417,买盘
1282,13:40:39,11.48,--,3,3444,买盘
1283,13:40:30,11.48,--,2,2296,买盘
1284,13:40:27,11.48,--,3,3444,买盘
1285,13:40:18,11.48,--,18,20664,买盘
1286,13:40:15,11.48,0.01,41,47068,买盘
1287,13:40:12,11.47,-0.01,20,22940,卖盘
1288,13:40:09,11.48,--,50,57400,买盘
1289,13:40:06,11.48,--,2,2296,买盘
1290,13:40:03,11.48,--,32,36736,买盘
1291,13:40:00,11.48,--,3,3444,买盘
1292,13:39:57,11.48,--,5,5740,买盘
1293,13:39:54,11.48,0.01,308,353584,买盘
1294,13:39:51,11.47,--,274,314278,卖盘
1295,13:39:48,11.47,-0.02,22,25234,卖盘
1296,13:39:45,11.49,--,4,4596,买盘
1297,13:39:39,11.49,--,132,151668,买盘
1298,13:39:36,11.49,0.01,133,152817,买盘
1299,13:39:33,11.48,--,55,63495,买盘
1300,13:39:27,11.48,--,1312,1506176,买盘
1301,13:39:24,11.48,--,44,50512,买盘
1302,13:39:21,11.48,--,100,114800,买盘
1303,13:39:18,11.48,--,43,50156,卖盘
1304,13:39:15,11.48,--,211,242228,卖盘
1305,13:39:12,11.48,-0.01,40,45920,卖盘
1306,13:39:09,11.49,0.01,50,57450,买盘
1307,13:39:06,11.48,--,99,113652,卖盘
1308,13:39:03,11.48,--,100,114800,卖盘
1309,13:38:57,11.48,--,17,19516,卖盘
1310,13:38:54,11.48,-0.01,31,35588,卖盘
1311,13:38:51,11.49,0.01,52,59748,买盘
1312,13:38:48,11.48,-0.01,62,71176,卖盘
1313,13:38:45,11.49,0.01,19,21831,买盘
1314,13:38:42,11.48,-0.01,22,25256,卖盘
1315,13:38:39,11.49,0.01,68,78132,买盘
1316,13:38:36,11.48,--,184,211232,卖盘
1317,13:38:33,11.48,-0.01,16,18368,卖盘
1318,13:38:30,11.49,0.01,28,32172,买盘
1319,13:38:27,11.48,-0.01,8,9184,卖盘
1320,13:38:24,11.49,--,29,33321,买盘
1321,13:38:21,11.49,--,2,2298,买盘
1322,13:38:18,11.49,0.01,1,1149,买盘
1323,13:38:12,11.48,--,18,20664,卖盘
1324,13:38:09,11.48,-0.01,27,30996,卖盘
1325,13:38:06,11.49,--,26,29874,买盘
1326,13:38:03,11.49,-0.01,19,21831,卖盘
1327,13:38:00,11.5,0.01,1,1150,买盘
1328,13:37:57,11.49,--,5,5745,卖盘
1329,13:37:54,11.49,-0.01,1,1149,卖盘
1330,13:37:51,11.5,--,6,6900,买盘
1331,13:37:48,11.5,0.01,24,27600,买盘
1332,13:37:45,11.49,-0.01,100,114900,卖盘
1333,13:37:39,11.5,0.01,3,3450,买盘
1334,13:37:36,11.49,-0.01,9,10341,卖盘
1335,13:37:33,11.5,0.01,6,6900,买盘
1336,13:37:30,11.49,--,23,26427,卖盘
1337,13:37:27,11.49,-0.01,44,50556,卖盘
1338,13:37:24,11.5,0.01,19,21850,买盘
1339,13:37:21,11.49,--,11,12639,卖盘
1340,13:37:18,11.49,--,27,31023,卖盘
1341,13:37:15,11.49,--,13,14937,卖盘
1342,13:37:12,11.49,-0.01,61,70089,卖盘
1343,13:37:09,11.5,0.01,60,69000,买盘
1344,13:37:00,11.49,--,2,2298,卖盘
1345,13:36:57,11.49,-0.01,10,11490,卖盘
1346,13:36:54,11.5,0.01,40,46000,买盘
1347,13:36:51,11.49,--,15,17235,卖盘
1348,13:36:48,11.49,-0.01,330,379170,卖盘
1349,13:36:45,11.5,0.01,13,14950,买盘
1350,13:36:42,11.49,-0.01,134,153966,卖盘
1351,13:36:39,11.5,--,10,11500,买盘
1352,13:36:36,11.5,--,27,31050,买盘
1353,13:36:30,11.5,--,20,23000,买盘
1354,13:36:27,11.5,--,1,1150,买盘
1355,13:36:24,11.5,--,2,2300,买盘
1356,13:36:21,11.5,--,10,11500,买盘
1357,13:36:18,11.5,0.01,7,8050,买盘
1358,13:36:15,11.49,-0.01,2,2298,卖盘
1359,13:36:12,11.5,--,27,31050,买盘
1360,13:36:09,11.5,0.01,21,24150,买盘
1361,13:36:06,11.49,--,5,5745,卖盘
1362,13:36:00,11.49,--,8,9192,卖盘
1363,13:35:57,11.49,-0.01,75,86175,卖盘
1364,13:35:48,11.5,--,6,6900,买盘
1365,13:35:42,11.5,--,42,48300,买盘
1366,13:35:39,11.5,--,11,12650,买盘
1367,13:35:36,11.5,0.01,29,33350,买盘
1368,13:35:33,11.49,-0.01,200,229800,卖盘
1369,13:35:30,11.5,--,8,9200,买盘
1370,13:35:27,11.5,--,11,12650,买盘
1371,13:35:24,11.5,--,17,19550,买盘
1372,13:35:18,11.5,0.01,9,10350,买盘
1373,13:35:15,11.49,-0.01,1,1149,卖盘
1374,13:35:12,11.5,--,50,57500,买盘
1375,13:35:03,11.5,--,23,26450,买盘
1376,13:35:00,11.5,--,29,33350,买盘
1377,13:34:57,11.5,--,119,136850,卖盘
1378,13:34:54,11.5,-0.01,21,24150,卖盘
1379,13:34:48,11.51,0.01,9,10359,买盘
1380,13:34:45,11.5,--,1,1150,卖盘
1381,13:34:42,11.5,--,104,119600,买盘
1382,13:34:39,11.5,0.01,100,115000,买盘
1383,13:34:36,11.49,-0.01,3,3447,卖盘
1384,13:34:27,11.5,--,2,2300,买盘
1385,13:34:24,11.5,--,13,14950,买盘
1386,13:34:18,11.5,--,11,12650,买盘
1387,13:34:15,11.5,0.01,71,81650,买盘
1388,13:34:06,11.49,-0.01,1,1149,卖盘
1389,13:34:03,11.5,--,3,3450,买盘
1390,13:34:00,11.5,--,3,3450,买盘
1391,13:33:54,11.5,--,1,1150,买盘
1392,13:33:51,11.5,--,20,23000,买盘
1393,13:33:39,11.5,--,43,49450,买盘
1394,13:33:36,11.5,--,36,41400,买盘
1395,13:33:33,11.5,0.01,411,472650,买盘
1396,13:33:30,11.49,--,70,80430,卖盘
1397,13:33:27,11.49,-0.01,3,3447,卖盘
1398,13:33:24,11.5,--,36,41400,买盘
1399,13:33:21,11.5,0.01,104,119600,买盘
1400,13:33:18,11.49,-0.01,205,235545,卖盘
1401,13:33:15,11.5,--,45,51750,买盘
1402,13:33:12,11.5,--,223,256450,卖盘
1403,13:33:09,11.5,--,12,13800,卖盘
1404,13:32:57,11.5,-0.01,16,18400,卖盘
1405,13:32:54,11.51,0.01,15,17265,买盘
1406,13:32:51,11.5,-0.01,24,27600,卖盘
1407,13:32:48,11.51,0.01,100,115100,买盘
1408,13:32:45,11.5,--,2,2300,卖盘
1409,13:32:42,11.5,--,6,6900,卖盘
1410,13:32:27,11.5,-0.01,14,16100,卖盘
1411,13:32:24,11.51,0.01,1,1151,买盘
1412,13:32:21,11.5,-0.01,11,12650,卖盘
1413,13:32:18,11.51,--,1,1151,买盘
1414,13:32:06,11.51,--,31,35681,买盘
1415,13:32:03,11.51,--,7,8057,买盘
1416,13:32:00,11.51,0.01,21,24171,买盘
1417,13:31:57,11.5,-0.01,9,10350,卖盘
1418,13:31:54,11.51,0.01,26,29926,买盘
1419,13:31:51,11.5,--,1,1150,卖盘
1420,13:31:48,11.5,-0.01,13,14950,卖盘
1421,13:31:42,11.51,0.01,70,80570,买盘
1422,13:31:39,11.5,0.01,226,259900,买盘
1423,13:31:36,11.49,-0.01,1,1149,卖盘
1424,13:31:33,11.5,0.01,12,13800,买盘
1425,13:31:27,11.49,-0.01,17,19533,卖盘
1426,13:31:24,11.5,--,3,3450,买盘
1427,13:31:21,11.5,--,26,29900,买盘
1428,13:31:18,11.5,--,1,1150,买盘
1429,13:31:12,11.5,--,5,5750,买盘
1430,13:31:09,11.5,--,37,42550,买盘
1431,13:31:03,11.5,--,3,3450,买盘
1432,13:31:00,11.5,--,10,11500,买盘
1433,13:30:57,11.5,--,2,2300,买盘
1434,13:30:54,11.5,--,14,16100,买盘
1435,13:30:48,11.5,--,93,106950,买盘
1436,13:30:42,11.5,--,36,41400,买盘
1437,13:30:36,11.5,--,37,42550,买盘
1438,13:30:27,11.5,--,2,2300,买盘
1439,13:30:24,11.5,--,1,1150,买盘
1440,13:30:21,11.5,--,9,10350,买盘
1441,13:30:18,11.5,--,12,13800,买盘
1442,13:30:15,11.5,--,7,8050,买盘
1443,13:30:12,11.5,--,1,1150,买盘
1444,13:30:09,11.5,0.01,14,16100,买盘
1445,13:30:06,11.49,-0.01,73,83877,卖盘
1446,13:30:03,11.5,--,6,6900,买盘
1447,13:29:57,11.5,--,7,8050,买盘
1448,13:29:54,11.5,--,78,89700,买盘
1449,13:29:51,11.5,--,34,39100,买盘
1450,13:29:48,11.5,--,26,29900,买盘
1451,13:29:45,11.5,--,77,89688,卖盘
1452,13:29:42,11.5,--,333,382950,卖盘
1453,13:29:39,11.5,--,5,5750,卖盘
1454,13:29:36,11.5,-0.01,4,5301,卖盘
1455,13:29:30,11.51,--,7,8057,买盘
1456,13:29:24,11.51,0.01,9,10359,买盘
1457,13:29:21,11.5,--,27,31050,卖盘
1458,13:29:18,11.5,-0.01,31,35650,卖盘
1459,13:29:12,11.51,0.01,78,89778,买盘
1460,13:29:09,11.5,--,28,32200,卖盘
1461,13:29:06,11.5,-0.01,225,258750,卖盘
1462,13:29:03,11.51,0.01,32,36832,买盘
1463,13:29:00,11.5,--,10,11500,卖盘
1464,13:28:57,11.5,--,35,40250,卖盘
1465,13:28:54,11.5,--,3,3450,卖盘
1466,13:28:51,11.5,-0.01,5,5750,卖盘
1467,13:28:48,11.51,0.01,10,11510,买盘
1468,13:28:45,11.5,-0.01,37,42550,卖盘
1469,13:28:42,11.51,--,35,40285,买盘
1470,13:28:39,11.51,0.01,10,11510,买盘
1471,13:28:36,11.5,-0.01,2,2300,卖盘
1472,13:28:33,11.51,--,20,23020,买盘
1473,13:28:30,11.51,--,10,11510,买盘
1474,13:28:27,11.51,--,1,1151,买盘
1475,13:28:24,11.51,--,5,5755,买盘
1476,13:28:21,11.51,--,13,14963,买盘
1477,13:28:15,11.51,--,1,1151,买盘
1478,13:28:12,11.51,--,26,29926,买盘
1479,13:28:09,11.51,--,42,48342,买盘
1480,13:28:03,11.51,--,3,3453,买盘
1481,13:27:57,11.51,0.01,15,17265,买盘
1482,13:27:54,11.5,--,67,77050,卖盘
1483,13:27:48,11.5,--,50,57500,卖盘
1484,13:27:42,11.5,--,12,13800,卖盘
1485,13:27:36,11.5,-0.01,30,34500,卖盘
1486,13:27:33,11.51,0.01,5,5755,买盘
1487,13:27:30,11.5,-0.01,20,23000,卖盘
1488,13:27:24,11.51,--,8,9208,买盘
1489,13:27:21,11.51,0.01,28,32228,买盘
1490,13:27:18,11.5,--,26,29900,卖盘
1491,13:27:12,11.5,-0.01,3,3450,卖盘
1492,13:27:06,11.51,--,23,26473,买盘
1493,13:27:03,11.51,--,15,17265,买盘
1494,13:27:00,11.51,--,2,2302,买盘
1495,13:26:57,11.51,--,9,10359,买盘
1496,13:26:54,11.51,--,31,35681,买盘
1497,13:26:48,11.51,--,6,6906,买盘
1498,13:26:45,11.51,0.01,9,10359,买盘
1499,13:26:42,11.5,-0.01,11,12650,卖盘
1500,13:26:39,11.51,--,7,8057,买盘
1501,13:26:30,11.51,--,1,1151,买盘
1502,13:26:27,11.51,--,51,58701,买盘
1503,13:26:24,11.51,--,4,4604,买盘
1504,13:26:21,11.51,--,111,127761,买盘
1505,13:26:18,11.51,--,19,21869,买盘
1506,13:26:15,11.51,--,146,168046,买盘
1507,13:26:12,11.51,--,3,3453,买盘
1508,13:26:09,11.51,--,40,46040,买盘
1509,13:26:06,11.51,--,15,17265,买盘
1510,13:26:03,11.51,--,39,44889,买盘
1511,13:26:00,11.51,--,15,17265,买盘
1512,13:25:57,11.51,--,31,35681,买盘
1513,13:25:54,11.51,--,8,9208,买盘
1514,13:25:51,11.51,--,7,8057,买盘
1515,13:25:48,11.51,0.01,6,6906,买盘
1516,13:25:42,11.5,--,67,77050,卖盘
1517,13:25:39,11.5,-0.01,25,28750,卖盘
1518,13:25:36,11.51,--,10,11510,买盘
1519,13:25:33,11.51,--,10,11510,买盘
1520,13:25:30,11.51,--,2,2302,买盘
1521,13:25:27,11.51,--,2,2302,买盘
1522,13:25:24,11.51,0.01,6,6906,买盘
1523,13:25:21,11.5,-0.01,32,36800,卖盘
1524,13:25:18,11.51,0.01,1,1151,买盘
1525,13:25:15,11.5,-0.01,5,5750,卖盘
1526,13:25:12,11.51,--,20,23020,买盘
1527,13:25:09,11.51,0.01,90,103590,买盘
1528,13:25:06,11.5,-0.01,11,12650,卖盘
1529,13:25:03,11.51,0.01,60,69060,买盘
1530,13:24:57,11.5,--,53,60950,卖盘
1531,13:24:54,11.5,-0.01,37,42550,卖盘
1532,13:24:51,11.51,--,92,105892,买盘
1533,13:24:48,11.51,--,10,11510,买盘
1534,13:24:45,11.51,--,1,1151,买盘
1535,13:24:42,11.51,0.01,133,153083,买盘
1536,13:24:39,11.5,--,335,385250,卖盘
1537,13:24:36,11.5,-0.01,1,1150,卖盘
1538,13:24:33,11.51,--,16,18416,买盘
1539,13:24:30,11.51,--,28,32228,买盘
1540,13:24:27,11.51,--,9,10359,买盘
1541,13:24:24,11.51,--,13,14963,买盘
1542,13:24:21,11.51,--,31,35681,买盘
1543,13:24:15,11.51,--,1,1151,买盘
1544,13:24:06,11.51,--,1,1151,买盘
1545,13:24:03,11.51,--,5,5755,买盘
1546,13:24:00,11.51,0.01,7,8057,买盘
1547,13:23:54,11.5,-0.01,7,8050,卖盘
1548,13:23:51,11.51,--,10,11510,买盘
1549,13:23:42,11.51,0.01,20,23020,买盘
1550,13:23:39,11.5,-0.01,100,115000,卖盘
1551,13:23:33,11.51,--,20,23020,买盘
1552,13:23:30,11.51,--,65,74815,买盘
1553,13:23:27,11.51,--,179,206029,买盘
1554,13:23:24,11.51,0.01,60,69060,买盘
1555,13:23:21,11.5,--,525,604210,买盘
1556,13:23:15,11.5,--,15,17250,买盘
1557,13:23:12,11.5,--,6,6900,买盘
1558,13:23:09,11.5,--,20,23000,买盘
1559,13:23:06,11.5,--,1,1150,买盘
1560,13:23:03,11.5,--,6,6900,买盘
1561,13:23:00,11.5,0.01,23,26450,买盘
1562,13:22:54,11.49,-0.01,4,4596,卖盘
1563,13:22:51,11.5,--,10,11500,买盘
1564,13:22:48,11.5,--,6,6900,买盘
1565,13:22:45,11.5,--,1,1150,买盘
1566,13:22:42,11.5,0.01,15,17250,买盘
1567,13:22:39,11.49,-0.01,20,22980,卖盘
1568,13:22:36,11.5,0.01,33,37950,买盘
1569,13:22:33,11.49,-0.01,100,114900,卖盘
1570,13:22:27,11.5,--,10,11500,买盘
1571,13:22:24,11.5,--,37,42550,买盘
1572,13:22:15,11.5,--,26,29900,买盘
1573,13:22:12,11.5,--,8,9200,买盘
1574,13:22:06,11.5,0.01,40,46000,买盘
1575,13:22:03,11.49,--,69,79281,卖盘
1576,13:22:00,11.49,--,330,379170,卖盘
1577,13:21:57,11.49,-0.01,1,1149,卖盘
1578,13:21:51,11.5,0.01,1,1150,买盘
1579,13:21:48,11.49,-0.01,6,6894,卖盘
1580,13:21:42,11.5,--,1,1150,买盘
1581,13:21:39,11.5,--,5,5750,买盘
1582,13:21:36,11.5,--,1,1150,买盘
1583,13:21:33,11.5,--,62,71300,买盘
1584,13:21:30,11.5,--,19,21850,买盘
1585,13:21:27,11.5,-0.01,109,125350,卖盘
1586,13:21:24,11.51,0.01,38,43738,买盘
1587,13:21:18,11.5,-0.01,11,12650,卖盘
1588,13:21:15,11.51,--,1,1151,买盘
1589,13:21:12,11.51,--,4,4604,买盘
1590,13:21:03,11.51,0.01,5,5755,买盘
1591,13:21:00,11.5,--,7,8050,卖盘
1592,13:20:57,11.5,--,1,1150,卖盘
1593,13:20:54,11.5,-0.01,22,25300,卖盘
1594,13:20:51,11.51,--,1,1151,买盘
1595,13:20:48,11.51,--,33,37983,买盘
1596,13:20:45,11.51,0.01,1,1151,买盘
1597,13:20:42,11.5,--,114,131100,卖盘
1598,13:20:30,11.5,--,4,4600,卖盘
1599,13:20:27,11.5,-0.01,1,1150,卖盘
1600,13:20:24,11.51,--,17,19567,买盘
1601,13:20:21,11.51,0.01,3,3453,买盘
1602,13:20:18,11.5,--,51,58650,买盘
1603,13:20:15,11.5,--,1,1150,买盘
1604,13:20:12,11.5,--,5,5750,买盘
1605,13:20:09,11.5,0.01,10,11500,买盘
1606,13:20:06,11.49,-0.01,11,12639,卖盘
1607,13:20:03,11.5,--,10,11500,买盘
1608,13:20:00,11.5,0.01,1,1150,买盘
1609,13:19:54,11.49,-0.01,1,1149,卖盘
1610,13:19:51,11.5,--,11,12650,买盘
1611,13:19:39,11.5,-0.01,17,19550,中性盘
1612,13:19:36,11.51,0.01,180,207180,买盘
1613,13:19:27,11.5,--,49,56350,买盘
1614,13:19:24,11.5,0.01,13,14950,买盘
1615,13:19:21,11.49,-0.01,20,22980,卖盘
1616,13:19:15,11.5,--,3,3450,买盘
1617,13:19:09,11.5,0.01,13,14950,买盘
1618,13:19:06,11.49,-0.01,2,2298,卖盘
1619,13:19:03,11.5,--,3,3450,买盘
1620,13:19:00,11.5,-0.01,1,1150,买盘
1621,13:18:57,11.51,0.02,260,299260,买盘
1622,13:18:54,11.49,-0.01,1,1149,卖盘
1623,13:18:51,11.5,--,1,1150,买盘
1624,13:18:45,11.5,0.01,1,1150,买盘
1625,13:18:30,11.49,-0.01,271,311379,卖盘
1626,13:18:27,11.5,--,1,1150,买盘
1627,13:18:24,11.5,--,1,1150,买盘
1628,13:18:15,11.5,--,1,1150,买盘
1629,13:18:12,11.5,--,5,5750,买盘
1630,13:18:03,11.5,--,19,21850,买盘
1631,13:17:57,11.5,--,6,6900,买盘
1632,13:17:51,11.5,--,1,1150,买盘
1633,13:17:45,11.5,--,17,19550,买盘
1634,13:17:30,11.5,--,7,8050,买盘
1635,13:17:27,11.5,--,1,1150,买盘
1636,13:17:24,11.5,--,9,10350,买盘
1637,13:17:18,11.5,0.01,45,51750,买盘
1638,13:17:15,11.49,-0.02,4,4596,卖盘
1639,13:17:09,11.51,0.01,530,610260,买盘
1640,13:17:03,11.5,--,20,23000,卖盘
1641,13:17:00,11.5,--,50,57500,卖盘
1642,13:16:57,11.5,-0.01,23,26450,卖盘
1643,13:16:51,11.51,0.01,1,1151,买盘
1644,13:16:48,11.5,-0.01,1,1150,卖盘
1645,13:16:36,11.51,0.01,1,1151,买盘
1646,13:16:27,11.5,--,369,425270,买盘
1647,13:16:24,11.5,--,2,2300,买盘
1648,13:16:15,11.5,0.01,1,1150,买盘
1649,13:16:12,11.49,-0.01,10,11490,卖盘
1650,13:16:09,11.5,0.01,479,550850,买盘
1651,13:16:06,11.49,--,7,8043,卖盘
1652,13:16:03,11.49,-0.01,12,13788,卖盘
1653,13:16:00,11.5,0.01,68,78200,买盘
1654,13:15:57,11.49,-0.01,26,29874,卖盘
1655,13:15:51,11.5,--,1,1150,买盘
1656,13:15:48,11.5,0.01,12,13800,买盘
1657,13:15:42,11.49,-0.01,57,65493,卖盘
1658,13:15:36,11.5,--,21,24150,买盘
1659,13:15:33,11.5,--,34,39100,买盘
1660,13:15:27,11.5,--,2,2300,买盘
1661,13:15:24,11.5,--,2,2300,买盘
1662,13:15:18,11.5,--,42,48300,买盘
1663,13:15:15,11.5,--,44,50600,买盘
1664,13:15:03,11.5,0.01,1,1150,买盘
1665,13:15:00,11.49,-0.01,6,6894,卖盘
1666,13:14:57,11.5,--,2,2300,买盘
1667,13:14:51,11.5,--,2,2300,买盘
1668,13:14:45,11.5,--,43,49450,买盘
1669,13:14:42,11.5,--,43,49450,买盘
1670,13:14:39,11.5,--,3,3450,买盘
1671,13:14:30,11.5,--,1,1150,买盘
1672,13:14:27,11.5,--,23,26450,买盘
1673,13:14:24,11.5,--,1,1150,买盘
1674,13:14:18,11.5,--,1,1150,买盘
1675,13:14:15,11.5,0.01,40,46000,买盘
1676,13:14:12,11.49,-0.01,8,9192,卖盘
1677,13:14:03,11.5,0.01,56,64400,买盘
1678,13:14:00,11.49,-0.01,30,34470,卖盘
1679,13:13:51,11.5,-0.01,4,4600,买盘
1680,13:13:39,11.51,0.01,22,25322,买盘
1681,13:13:36,11.5,--,6,6900,卖盘
1682,13:13:33,11.5,-0.01,14,16100,中性盘
1683,13:13:30,11.51,--,1,1151,买盘
1684,13:13:27,11.51,--,103,118553,买盘
1685,13:13:24,11.51,--,1,1151,买盘
1686,13:13:18,11.51,--,17,19567,买盘
1687,13:13:15,11.51,--,1,1151,买盘
1688,13:13:12,11.51,0.02,13,14963,买盘
1689,13:13:06,11.49,-0.02,60,68940,卖盘
1690,13:13:03,11.51,0.01,35,40285,买盘
1691,13:13:00,11.5,-0.01,100,115000,卖盘
1692,13:12:57,11.51,0.01,5,5755,买盘
1693,13:12:54,11.5,-0.01,1,1150,卖盘
1694,13:12:51,11.51,0.01,38,43738,买盘
1695,13:12:48,11.5,--,110,126500,卖盘
1696,13:12:45,11.5,--,1,1150,卖盘
1697,13:12:42,11.5,-0.01,1,1150,卖盘
1698,13:12:36,11.51,0.01,2,2302,买盘
1699,13:12:33,11.5,--,34,39100,卖盘
1700,13:12:30,11.5,-0.01,100,115000,卖盘
1701,13:12:27,11.51,--,1,1151,买盘
1702,13:12:24,11.51,0.01,47,54097,买盘
1703,13:12:21,11.5,-0.01,1,1150,卖盘
1704,13:12:15,11.51,--,111,127761,买盘
1705,13:12:12,11.51,--,20,23020,买盘
1706,13:12:06,11.51,--,1,1151,买盘
1707,13:12:03,11.51,--,3,3453,买盘
1708,13:11:51,11.51,--,3,3453,买盘
1709,13:11:48,11.51,0.01,17,19567,买盘
1710,13:11:45,11.5,-0.01,22,25300,卖盘
1711,13:11:36,11.51,0.01,37,42587,买盘
1712,13:11:33,11.5,--,75,86250,卖盘
1713,13:11:30,11.5,-0.01,45,51750,卖盘
1714,13:11:27,11.51,--,1,1151,买盘
1715,13:11:24,11.51,--,1,1151,买盘
1716,13:11:21,11.51,0.01,308,354508,买盘
1717,13:11:18,11.5,-0.01,15,17250,卖盘
1718,13:11:15,11.51,--,1,1151,买盘
1719,13:11:09,11.51,--,39,44889,买盘
1720,13:11:06,11.51,--,34,39134,买盘
1721,13:11:03,11.51,--,74,85174,买盘
1722,13:10:57,11.51,--,10,11510,买盘
1723,13:10:54,11.51,--,1,1151,买盘
1724,13:10:48,11.51,--,10,11510,买盘
1725,13:10:36,11.51,--,5,5755,买盘
1726,13:10:33,11.51,--,2,2302,买盘
1727,13:10:30,11.51,-0.01,1143,1315823,卖盘
1728,13:10:24,11.52,0.01,29,33408,买盘
1729,13:10:21,11.51,-0.01,1,1151,卖盘
1730,13:10:15,11.52,0.01,1,1152,买盘
1731,13:10:12,11.51,--,11,12661,卖盘
1732,13:10:09,11.51,-0.01,34,39134,卖盘
1733,13:10:03,11.52,--,17,19584,买盘
1734,13:10:00,11.52,0.01,9,10368,买盘
1735,13:09:57,11.51,--,1,1151,卖盘
1736,13:09:54,11.51,-0.01,2,2302,卖盘
1737,13:09:51,11.52,--,1,1152,买盘
1738,13:09:48,11.52,0.01,15,17280,买盘
1739,13:09:45,11.51,--,1,1151,卖盘
1740,13:09:42,11.51,--,5,5755,卖盘
1741,13:09:39,11.51,-0.01,3,3453,卖盘
1742,13:09:33,11.52,--,12,13824,买盘
1743,13:09:27,11.52,--,1,1152,买盘
1744,13:09:24,11.52,--,23,26496,买盘
1745,13:09:21,11.52,--,89,102528,买盘
1746,13:09:15,11.52,--,3,3456,买盘
1747,13:09:12,11.52,--,4,4608,买盘
1748,13:09:03,11.52,--,4,4608,买盘
1749,13:09:00,11.52,--,4,4608,买盘
1750,13:08:51,11.52,--,1,1152,买盘
1751,13:08:45,11.52,--,260,299520,买盘
1752,13:08:42,11.52,0.01,61,70272,买盘
1753,13:08:39,11.51,-0.01,8,10128,卖盘
1754,13:08:33,11.52,--,121,139392,买盘
1755,13:08:24,11.52,--,3,3456,买盘
1756,13:08:15,11.52,--,2,2304,买盘
1757,13:08:12,11.52,--,43,49536,买盘
1758,13:08:09,11.52,--,2,2304,买盘
1759,13:08:03,11.52,--,26,29952,买盘
1760,13:07:51,11.52,--,2,2304,买盘
1761,13:07:48,11.52,--,22,25344,买盘
1762,13:07:42,11.52,0.01,6,6912,买盘
1763,13:07:36,11.51,--,10,11510,卖盘
1764,13:07:33,11.51,-0.01,1,1151,卖盘
1765,13:07:27,11.52,--,36,41472,买盘
1766,13:07:24,11.52,--,1,1152,买盘
1767,13:07:18,11.52,--,2,2304,买盘
1768,13:07:15,11.52,0.01,2,2304,买盘
1769,13:06:57,11.51,--,8,9208,卖盘
1770,13:06:54,11.51,--,755,869005,买盘
1771,13:06:51,11.51,--,1,1151,买盘
1772,13:06:45,11.51,--,8,9208,买盘
1773,13:06:42,11.51,--,100,115100,买盘
1774,13:06:39,11.51,--,8,9208,买盘
1775,13:06:33,11.51,--,23,26473,买盘
1776,13:06:30,11.51,--,4,4604,买盘
1777,13:06:27,11.51,--,4,4604,买盘
1778,13:06:24,11.51,--,1,1151,买盘
1779,13:06:21,11.51,--,263,302713,买盘
1780,13:06:18,11.51,--,26,29926,买盘
1781,13:06:15,11.51,--,1,1151,买盘
1782,13:06:09,11.51,--,301,346451,买盘
1783,13:06:06,11.51,0.01,47,54097,买盘
1784,13:06:03,11.5,-0.01,11,12650,卖盘
1785,13:05:51,11.51,--,1,1151,买盘
1786,13:05:42,11.51,--,1,1151,买盘
1787,13:05:36,11.51,--,9,10359,买盘
1788,13:05:33,11.51,--,29,33379,买盘
1789,13:05:30,11.51,--,10,11510,买盘
1790,13:05:27,11.51,--,2,2302,买盘
1791,13:05:24,11.51,--,1,1151,买盘
1792,13:05:21,11.51,--,81,93231,买盘
1793,13:05:15,11.51,--,1,1151,买盘
1794,13:05:12,11.51,--,2,2302,买盘
1795,13:05:06,11.51,--,1,1151,买盘
1796,13:05:03,11.51,--,9,10359,买盘
1797,13:05:00,11.51,--,19,21869,买盘
1798,13:04:54,11.51,--,3,3453,买盘
1799,13:04:51,11.51,--,1,1151,买盘
1800,13:04:48,11.51,0.01,2,2302,买盘
1801,13:04:45,11.5,--,11,12650,卖盘
1802,13:04:42,11.5,--,45,51750,卖盘
1803,13:04:36,11.5,--,67,77050,卖盘
1804,13:04:33,11.5,-0.01,6,6900,卖盘
1805,13:04:27,11.51,--,1,1151,买盘
1806,13:04:24,11.51,--,26,29926,买盘
1807,13:04:15,11.51,--,2,2302,买盘
1808,13:04:12,11.51,--,2,2302,买盘
1809,13:04:09,11.51,--,2,2302,买盘
1810,13:04:03,11.51,--,3,3453,买盘
1811,13:03:51,11.51,0.01,28,32228,买盘
1812,13:03:48,11.5,--,40,46000,卖盘
1813,13:03:45,11.5,--,40,46000,卖盘
1814,13:03:42,11.5,--,670,770500,买盘
1815,13:03:33,11.5,--,1,1150,买盘
1816,13:03:30,11.5,--,14,16100,买盘
1817,13:03:27,11.5,--,1,1150,买盘
1818,13:03:24,11.5,--,41,47150,买盘
1819,13:03:15,11.5,--,6,6900,买盘
1820,13:03:12,11.5,--,2,2300,买盘
1821,13:03:06,11.5,--,530,609500,买盘
1822,13:03:03,11.5,--,9,10350,买盘
1823,13:02:51,11.5,--,1,1150,买盘
1824,13:02:48,11.5,--,1,1150,买盘
1825,13:02:42,11.5,--,1,1150,买盘
1826,13:02:39,11.5,0.01,15,17250,买盘
1827,13:02:33,11.49,--,6,6894,卖盘
1828,13:02:30,11.49,-0.01,1,1149,卖盘
1829,13:02:24,11.5,0.01,23,26450,买盘
1830,13:02:18,11.49,--,20,22980,卖盘
1831,13:02:15,11.49,--,80,91920,卖盘
1832,13:02:12,11.49,--,28,32172,卖盘
1833,13:02:09,11.49,-0.01,7,8043,卖盘
1834,13:02:03,11.5,--,3,3450,买盘
1835,13:01:54,11.5,--,12,13800,买盘
1836,13:01:51,11.5,--,1,1150,买盘
1837,13:01:48,11.5,--,20,23000,买盘
1838,13:01:42,11.5,--,1,1150,买盘
1839,13:01:39,11.5,--,1,1150,买盘
1840,13:01:36,11.5,--,1,1150,买盘
1841,13:01:30,11.5,--,8,9200,买盘
1842,13:01:24,11.5,--,38,43700,买盘
1843,13:01:18,11.5,0.01,115,132250,买盘
1844,13:01:15,11.49,-0.01,13,14937,卖盘
1845,13:01:12,11.5,--,5,5750,买盘
1846,13:01:03,11.5,--,3,3450,买盘
1847,13:00:51,11.5,--,43,49450,买盘
1848,13:00:48,11.5,--,4,4600,买盘
1849,13:00:45,11.5,--,1,1150,买盘
1850,13:00:42,11.5,--,1,1150,买盘
1851,13:00:27,11.5,--,17,19550,买盘
1852,13:00:24,11.5,--,1,1150,买盘
1853,13:00:21,11.5,0.01,7,8050,买盘
1854,13:00:15,11.49,0.01,1,1149,中性盘
1855,13:00:12,11.48,-0.01,51,58548,卖盘
1856,13:00:09,11.49,--,7,8043,卖盘
1857,13:00:06,11.49,--,268,307932,卖盘
1858,13:00:03,11.49,--,546,627710,买盘
1859,13:00:00,11.49,--,0,0,买盘
1860,11:30:00,11.49,--,0,0,买盘
1861,11:29:57,11.49,--,5,5745,买盘
1862,11:29:54,11.49,--,25,28725,买盘
1863,11:29:51,11.49,--,1,1149,买盘
1864,11:29:45,11.49,--,1,1149,买盘
1865,11:29:42,11.49,--,1,1149,买盘
1866,11:29:36,11.49,--,9,10341,买盘
1867,11:29:33,11.49,-0.01,41,47109,卖盘
1868,11:29:30,11.5,--,3,3450,买盘
1869,11:29:24,11.5,0.01,1,1150,买盘
1870,11:29:21,11.49,-0.01,1,1149,卖盘
1871,11:29:18,11.5,--,20,23000,买盘
1872,11:29:15,11.5,0.01,1,1150,买盘
1873,11:29:12,11.49,-0.01,20,22980,卖盘
1874,11:29:09,11.5,--,9,10350,买盘
1875,11:29:03,11.5,--,3,3450,买盘
1876,11:29:00,11.5,--,8,9200,买盘
1877,11:28:51,11.5,0.01,2,2300,买盘
1878,11:28:45,11.49,-0.01,26,29874,卖盘
1879,11:28:42,11.5,0.01,1,1150,买盘
1880,11:28:39,11.49,-0.01,100,114900,卖盘
1881,11:28:33,11.5,--,6,6900,买盘
1882,11:28:27,11.5,--,2,2300,买盘
1883,11:28:24,11.5,--,1,1150,买盘
1884,11:28:18,11.5,--,8,9200,买盘
1885,11:28:15,11.5,0.01,1,1150,买盘
1886,11:28:12,11.49,--,10,11490,卖盘
1887,11:28:09,11.49,--,13,14937,卖盘
1888,11:28:03,11.49,--,1,1149,卖盘
1889,11:27:57,11.49,--,3,3447,卖盘
1890,11:27:51,11.49,--,108,124092,买盘
1891,11:27:45,11.49,--,1,1149,买盘
1892,11:27:42,11.49,--,34,39066,买盘
1893,11:27:39,11.49,--,50,57450,买盘
1894,11:27:33,11.49,--,238,273462,买盘
1895,11:27:27,11.49,--,1,1149,买盘
1896,11:27:24,11.49,0.01,40,45960,买盘
1897,11:27:21,11.48,-0.01,7,8036,卖盘
1898,11:27:15,11.49,--,26,29874,买盘
1899,11:27:03,11.49,--,7,8043,买盘
1900,11:27:00,11.49,--,12,13788,买盘
1901,11:26:51,11.49,--,13,14937,买盘
1902,11:26:45,11.49,--,1,1149,买盘
1903,11:26:42,11.49,--,6,6894,买盘
1904,11:26:30,11.49,--,1,1149,买盘
1905,11:26:24,11.49,--,2,2298,买盘
1906,11:26:15,11.49,--,1,1149,买盘
1907,11:26:12,11.49,0.01,10,11490,买盘
1908,11:26:03,11.48,--,22,25256,卖盘
1909,11:26:00,11.48,-0.01,6,6888,卖盘
1910,11:25:57,11.49,--,75,86175,买盘
1911,11:25:51,11.49,--,1,1149,买盘
1912,11:25:45,11.49,--,1,1149,买盘
1913,11:25:42,11.49,--,12,13788,买盘
1914,11:25:33,11.49,--,12,13788,买盘
1915,11:25:30,11.49,0.01,100,114900,买盘
1916,11:25:27,11.48,--,11,12628,卖盘
1917,11:25:24,11.48,--,3,3444,卖盘
1918,11:25:21,11.48,-0.01,36,41328,卖盘
1919,11:25:15,11.49,0.01,6,6894,买盘
1920,11:25:09,11.48,-0.01,2,2296,卖盘
1921,11:25:06,11.49,--,21,24129,买盘
1922,11:25:03,11.49,--,10,11490,买盘
1923,11:24:54,11.49,--,3,3447,买盘
1924,11:24:51,11.49,0.01,1,1149,买盘
1925,11:24:45,11.48,-0.01,4,4592,卖盘
1926,11:24:42,11.49,--,1,1149,买盘
1927,11:24:39,11.49,--,9,10341,买盘
1928,11:24:36,11.49,0.01,94,108006,买盘
1929,11:24:33,11.48,--,12,13776,卖盘
1930,11:24:27,11.48,-0.01,2,2296,卖盘
1931,11:24:24,11.49,--,2,2298,买盘
1932,11:24:18,11.49,--,9,10341,买盘
1933,11:24:15,11.49,--,21,24129,买盘
1934,11:24:03,11.49,--,9,10341,买盘
1935,11:24:00,11.49,--,1,1149,买盘
1936,11:23:51,11.49,--,8,9192,买盘
1937,11:23:45,11.49,0.01,2,2298,买盘
1938,11:23:42,11.48,-0.01,21,24108,卖盘
1939,11:23:39,11.49,--,67,76983,买盘
1940,11:23:36,11.49,--,1,1149,买盘
1941,11:23:33,11.49,--,327,375723,买盘
1942,11:23:27,11.49,--,1,1149,买盘
1943,11:23:24,11.49,0.01,3,3447,买盘
1944,11:23:21,11.48,--,1,1148,卖盘
1945,11:23:18,11.48,-0.01,3,3444,卖盘
1946,11:23:15,11.49,0.01,2,2298,买盘
1947,11:23:12,11.48,--,18,20664,卖盘
1948,11:23:09,11.48,-0.01,46,52808,卖盘
1949,11:23:06,11.49,0.01,31,35619,买盘
1950,11:23:03,11.48,-0.01,36,41328,卖盘
1951,11:22:57,11.49,--,15,17235,买盘
1952,11:22:54,11.49,--,9,10341,买盘
1953,11:22:51,11.49,--,4,4596,买盘
1954,11:22:45,11.49,--,8,9192,买盘
1955,11:22:42,11.49,--,1,1149,买盘
1956,11:22:39,11.49,--,10,11490,买盘
1957,11:22:36,11.49,--,2,2298,买盘
1958,11:22:33,11.49,0.01,26,29874,买盘
1959,11:22:27,11.48,-0.01,24,27552,卖盘
1960,11:22:24,11.49,--,2,2298,买盘
1961,11:22:21,11.49,--,10,11490,买盘
1962,11:22:15,11.49,--,1,1149,买盘
1963,11:22:06,11.49,0.01,5,5745,买盘
1964,11:22:03,11.48,-0.01,11,12628,卖盘
1965,11:22:00,11.49,--,1,1149,买盘
1966,11:21:51,11.49,--,1,1149,买盘
1967,11:21:45,11.49,--,21,24129,买盘
1968,11:21:42,11.49,0.01,1,1149,买盘
1969,11:21:39,11.48,--,2,2296,卖盘
1970,11:21:33,11.48,-0.01,3,3444,卖盘
1971,11:21:27,11.49,--,17,19533,买盘
1972,11:21:24,11.49,--,4,4596,买盘
1973,11:21:21,11.49,--,3,3447,买盘
1974,11:21:15,11.49,--,1,1149,买盘
1975,11:21:03,11.49,--,4,4596,买盘
1976,11:21:00,11.49,0.01,21,24129,买盘
1977,11:20:57,11.48,-0.01,15,17220,卖盘
1978,11:20:54,11.49,0.01,59,67791,买盘
1979,11:20:51,11.48,-0.01,18,20664,卖盘
1980,11:20:45,11.49,--,1,1149,买盘
1981,11:20:42,11.49,--,131,150519,买盘
1982,11:20:39,11.49,--,260,298740,买盘
1983,11:20:36,11.49,0.01,7,8043,买盘
1984,11:20:33,11.48,--,18,20664,卖盘
1985,11:20:27,11.48,--,2,2296,卖盘
1986,11:20:24,11.48,--,8,9184,卖盘
1987,11:20:21,11.48,-0.01,1,1148,卖盘
1988,11:20:15,11.49,--,1,1149,买盘
1989,11:20:09,11.49,--,2,2298,买盘
1990,11:20:03,11.49,--,7,8043,买盘
1991,11:20:00,11.49,0.01,61,70089,买盘
1992,11:19:57,11.48,-0.01,9,10332,卖盘
1993,11:19:51,11.49,--,1,1149,买盘
1994,11:19:48,11.49,--,10,11490,买盘
1995,11:19:45,11.49,0.01,264,303336,买盘
1996,11:19:42,11.48,--,248,284704,卖盘
1997,11:19:39,11.48,-0.01,2,2296,卖盘
1998,11:19:33,11.49,--,42,48258,买盘
1999,11:19:30,11.49,--,1,1149,买盘
2000,11:19:27,11.49,--,1,1149,买盘
2001,11:19:24,11.49,--,2,2298,买盘
2002,11:19:15,11.49,--,5,5745,卖盘
2003,11:19:12,11.49,--,9,10341,卖盘
2004,11:19:09,11.49,-0.01,9,10341,卖盘
2005,11:19:06,11.5,--,7,8050,买盘
2006,11:19:03,11.5,--,5,5750,买盘
2007,11:18:54,11.5,--,17,19550,买盘
2008,11:18:51,11.5,--,1,1150,买盘
2009,11:18:48,11.5,--,130,149500,买盘
2010,11:18:45,11.5,0.01,7,8050,买盘
2011,11:18:42,11.49,--,26,29874,卖盘
2012,11:18:39,11.49,-0.01,2,2298,卖盘
2013,11:18:33,11.5,--,4,4600,买盘
2014,11:18:27,11.5,--,11,12650,买盘
2015,11:18:24,11.5,--,37,42550,买盘
2016,11:18:18,11.5,--,3,3450,买盘
2017,11:18:15,11.5,--,11,12650,买盘
2018,11:18:06,11.5,0.01,3,3450,买盘
2019,11:18:03,11.49,--,35,40215,卖盘
2020,11:18:00,11.49,--,264,303336,卖盘
2021,11:17:54,11.49,--,48,55152,买盘
2022,11:17:51,11.49,--,12,13788,买盘
2023,11:17:45,11.49,--,6,6894,买盘
2024,11:17:42,11.49,0.01,2,2298,中性盘
2025,11:17:39,11.48,--,247,283556,卖盘
2026,11:17:36,11.48,-0.02,7,8036,卖盘
2027,11:17:30,11.5,--,8,9200,卖盘
2028,11:17:27,11.5,-0.01,954,1097100,卖盘
2029,11:17:24,11.51,--,1,1151,买盘
2030,11:17:21,11.51,0.01,81,93231,买盘
2031,11:17:18,11.5,0.01,356,409400,买盘
2032,11:17:15,11.49,--,3,3447,买盘
2033,11:17:09,11.49,0.01,107,122943,买盘
2034,11:17:06,11.48,-0.01,29,33292,卖盘
2035,11:17:03,11.49,--,314,360786,买盘
2036,11:17:00,11.49,0.01,2,2298,买盘
2037,11:16:57,11.48,--,4,4592,卖盘
2038,11:16:54,11.48,-0.01,13,14924,卖盘
2039,11:16:51,11.49,0.01,1,1149,买盘
2040,11:16:48,11.48,--,3,3444,卖盘
2041,11:16:45,11.48,-0.01,11,12628,卖盘
2042,11:16:42,11.49,0.01,51,58599,买盘
2043,11:16:39,11.48,--,222,254856,卖盘
2044,11:16:36,11.48,-0.01,76,87248,卖盘
2045,11:16:30,11.49,0.01,7,8043,买盘
2046,11:16:27,11.48,-0.01,11,12628,卖盘
2047,11:16:24,11.49,0.01,50,57450,买盘
2048,11:16:21,11.48,-0.01,80,91840,卖盘
2049,11:16:15,11.49,--,16,18384,买盘
2050,11:16:09,11.49,--,36,41364,买盘
2051,11:16:03,11.49,--,4,4596,买盘
2052,11:16:00,11.49,--,1,1149,买盘
2053,11:15:57,11.49,--,41,47109,买盘
2054,11:15:54,11.49,--,1,1149,买盘
2055,11:15:51,11.49,--,13,14937,买盘
2056,11:15:45,11.49,--,1,1149,买盘
2057,11:15:42,11.49,0.01,8,9192,买盘
2058,11:15:39,11.48,-0.01,2,2296,卖盘
2059,11:15:36,11.49,0.01,25,28725,买盘
2060,11:15:33,11.48,--,56,64288,卖盘
2061,11:15:30,11.48,-0.01,7,8036,卖盘
2062,11:15:27,11.49,--,7,8043,买盘
2063,11:15:24,11.49,-0.02,16,18384,卖盘
2064,11:15:21,11.51,0.01,260,299260,买盘
2065,11:15:15,11.5,0.01,4,4600,买盘
2066,11:15:12,11.49,--,18,20682,卖盘
2067,11:15:09,11.49,--,19,21831,卖盘
2068,11:15:06,11.49,-0.01,13,14937,卖盘
2069,11:15:03,11.5,0.01,142,163300,买盘
2070,11:15:00,11.49,-0.01,23,26427,卖盘
2071,11:14:57,11.5,0.01,107,123050,买盘
2072,11:14:54,11.49,-0.01,100,114900,卖盘
2073,11:14:51,11.5,0.01,3,3450,买盘
2074,11:14:48,11.49,-0.01,4,4596,卖盘
2075,11:14:45,11.5,--,1,1150,买盘
2076,11:14:42,11.5,0.01,31,35650,买盘
2077,11:14:39,11.49,-0.01,2,2298,卖盘
2078,11:14:36,11.5,--,28,32200,买盘
2079,11:14:24,11.5,--,96,110400,买盘
2080,11:14:21,11.5,--,103,118450,买盘
2081,11:14:18,11.5,--,20,23000,买盘
2082,11:14:15,11.5,--,1,1150,买盘
2083,11:14:03,11.5,--,2,2300,买盘
2084,11:13:57,11.5,--,1,1150,买盘
2085,11:13:54,11.5,--,10,11500,买盘
2086,11:13:51,11.5,--,124,142600,买盘
2087,11:13:45,11.5,--,2,2300,买盘
2088,11:13:42,11.5,--,1,1150,买盘
2089,11:13:39,11.5,--,46,52900,买盘
2090,11:13:27,11.5,--,17,19550,买盘
2091,11:13:24,11.5,--,1,1150,买盘
2092,11:13:21,11.5,--,2,2300,卖盘
2093,11:13:18,11.5,--,65,74750,中性盘
2094,11:13:15,11.5,0.01,1,1150,中性盘
2095,11:13:12,11.49,-0.01,329,378021,卖盘
2096,11:13:09,11.5,--,4,4600,买盘
2097,11:13:03,11.5,--,2,2300,买盘
2098,11:13:00,11.5,--,3,3450,买盘
2099,11:12:57,11.5,--,1,1150,买盘
2100,11:12:54,11.5,--,89,102350,买盘
2101,11:12:51,11.5,--,1,1150,买盘
2102,11:12:45,11.5,-0.01,1,1150,中性盘
2103,11:12:42,11.51,0.01,261,300411,买盘
2104,11:12:39,11.5,--,11,12650,卖盘
2105,11:12:36,11.5,-0.01,10,11500,卖盘
2106,11:12:33,11.51,--,4,4604,买盘
2107,11:12:27,11.51,--,1,1151,买盘
2108,11:12:24,11.51,0.01,86,98986,买盘
2109,11:12:21,11.5,--,40,46000,买盘
2110,11:12:18,11.5,-0.01,327,376050,卖盘
2111,11:12:15,11.51,--,1,1151,买盘
2112,11:12:12,11.51,0.01,4,4604,买盘
2113,11:12:09,11.5,-0.01,6,6900,卖盘
2114,11:12:06,11.51,0.01,1,1151,买盘
2115,11:12:03,11.5,--,38,43700,卖盘
2116,11:12:00,11.5,-0.01,112,128800,卖盘
2117,11:11:57,11.51,--,1,1151,买盘
2118,11:11:51,11.51,0.01,19,21869,买盘
2119,11:11:48,11.5,-0.01,15,17250,卖盘
2120,11:11:45,11.51,--,1,1151,买盘
2121,11:11:42,11.51,--,1,1151,买盘
2122,11:11:36,11.51,--,107,123157,买盘
2123,11:11:27,11.51,--,1,1151,买盘
2124,11:11:24,11.51,--,41,47191,买盘
2125,11:11:15,11.51,--,1,1151,买盘
2126,11:11:06,11.51,0.02,3,3453,买盘
2127,11:11:00,11.49,-0.02,11,12639,卖盘
2128,11:10:57,11.51,--,19,21869,买盘
2129,11:10:54,11.51,0.01,121,139271,买盘
2130,11:10:51,11.5,0.01,12,13800,买盘
2131,11:10:48,11.49,-0.01,31,35619,卖盘
2132,11:10:45,11.5,--,6,6900,买盘
2133,11:10:42,11.5,--,5,5750,买盘
2134,11:10:39,11.5,--,1,1150,买盘
2135,11:10:36,11.5,-0.01,292,335800,卖盘
2136,11:10:33,11.51,--,36,41436,买盘
2137,11:10:24,11.51,0.01,4,4604,买盘
2138,11:10:21,11.5,-0.01,10,11500,卖盘
2139,11:10:18,11.51,0.01,10,11510,买盘
2140,11:10:15,11.5,-0.01,103,118450,卖盘
2141,11:10:09,11.51,--,15,17265,买盘
2142,11:10:03,11.51,--,9,10359,买盘
2143,11:09:57,11.51,0.01,1,1151,买盘
2144,11:09:54,11.5,-0.01,3,3450,卖盘
2145,11:09:51,11.51,--,1,1151,买盘
2146,11:09:45,11.51,--,4,4604,买盘
2147,11:09:42,11.51,--,1,1151,买盘
2148,11:09:33,11.51,-0.01,76,87476,卖盘
2149,11:09:30,11.52,0.01,20,23040,买盘
2150,11:09:27,11.51,--,155,178405,买盘
2151,11:09:24,11.51,--,25,28775,买盘
2152,11:09:15,11.51,0.01,1,1151,买盘
2153,11:09:12,11.5,--,5,5750,卖盘
2154,11:09:06,11.5,-0.01,138,158700,卖盘
2155,11:09:03,11.51,--,2,2302,买盘
2156,11:09:00,11.51,--,11,12661,买盘
2157,11:08:57,11.51,--,1,1151,买盘
2158,11:08:54,11.51,--,2,2302,买盘
2159,11:08:51,11.51,--,21,24171,卖盘
2160,11:08:48,11.51,-0.01,19,21869,卖盘
2161,11:08:45,11.52,--,22,25344,买盘
2162,11:08:42,11.52,--,2,2304,买盘
2163,11:08:36,11.52,--,9,10368,买盘
2164,11:08:33,11.52,--,3,3456,买盘
2165,11:08:27,11.52,--,1,1152,买盘
2166,11:08:24,11.52,0.01,1,1152,买盘
2167,11:08:21,11.51,-0.01,13,14963,卖盘
2168,11:08:18,11.52,--,2,2304,买盘
2169,11:08:15,11.52,0.01,1,1152,买盘
2170,11:08:12,11.51,--,7,8057,卖盘
2171,11:08:09,11.51,-0.01,4,4604,卖盘
2172,11:08:06,11.52,--,102,117504,买盘
2173,11:08:03,11.52,--,2,2304,买盘
2174,11:07:57,11.52,--,1,1152,买盘
2175,11:07:51,11.52,--,6,6912,买盘
2176,11:07:48,11.52,--,1,1152,买盘
2177,11:07:45,11.52,0.01,1,1152,买盘
2178,11:07:42,11.51,--,204,234804,卖盘
2179,11:07:36,11.51,--,4,4604,卖盘
2180,11:07:33,11.51,-0.01,10,11510,卖盘
2181,11:07:27,11.52,--,3,3456,买盘
2182,11:07:24,11.52,--,1,1152,买盘
2183,11:07:18,11.52,--,3,3456,买盘
2184,11:07:15,11.52,0.01,119,137088,买盘
2185,11:07:06,11.51,-0.01,101,116251,卖盘
2186,11:07:03,11.52,0.01,539,620928,买盘
2187,11:07:00,11.51,-0.01,71,81721,卖盘
2188,11:06:57,11.52,--,1,1152,买盘
2189,11:06:54,11.52,--,1,1152,买盘
2190,11:06:51,11.52,--,1,1152,买盘
2191,11:06:48,11.52,--,6,6912,买盘
2192,11:06:45,11.52,--,1,1152,买盘
2193,11:06:42,11.52,--,1,1152,买盘
2194,11:06:30,11.52,--,11,12672,买盘
2195,11:06:27,11.52,--,1,1152,买盘
2196,11:06:24,11.52,--,2,2304,买盘
2197,11:06:15,11.52,--,51,58752,买盘
2198,11:06:03,11.52,--,2,2304,买盘
2199,11:05:57,11.52,--,1,1152,买盘
2200,11:05:51,11.52,0.01,1,1152,买盘
2201,11:05:48,11.51,--,3,3453,卖盘
2202,11:05:45,11.51,-0.01,130,149630,卖盘
2203,11:05:42,11.52,--,1,1152,买盘
2204,11:05:36,11.52,--,28,32256,买盘
2205,11:05:30,11.52,0.01,85,97920,买盘
2206,11:05:27,11.51,--,1,1151,买盘
2207,11:05:24,11.51,--,19,21869,买盘
2208,11:05:15,11.51,-0.01,63,72513,卖盘
2209,11:05:06,11.52,--,211,243072,买盘
2210,11:05:03,11.52,--,2,2304,买盘
2211,11:04:57,11.52,--,1,1152,买盘
2212,11:04:54,11.52,-0.01,190,218880,卖盘
2213,11:04:51,11.53,0.01,7,8071,买盘
2214,11:04:45,11.52,--,7,8064,卖盘
2215,11:04:42,11.52,-0.01,63,72576,卖盘
2216,11:04:36,11.53,0.01,101,116453,买盘
2217,11:04:33,11.52,0.01,338,389376,买盘
2218,11:04:27,11.51,--,2,2302,买盘
2219,11:04:24,11.51,--,21,24171,买盘
2220,11:04:21,11.51,0.01,1,1151,中性盘
2221,11:04:18,11.5,-0.01,207,238050,卖盘
2222,11:04:15,11.51,0.01,2,2302,买盘
2223,11:04:12,11.5,-0.01,15,17250,卖盘
2224,11:04:09,11.51,--,8,9208,买盘
2225,11:04:06,11.51,--,26,29926,买盘
2226,11:04:03,11.51,--,7,8057,买盘
2227,11:04:00,11.51,--,135,155385,买盘
2228,11:03:57,11.51,-0.01,1,1151,中性盘
2229,11:03:51,11.52,-0.01,19,21888,卖盘
2230,11:03:48,11.53,--,1,1153,买盘
2231,11:03:45,11.53,--,1,1153,买盘
2232,11:03:42,11.53,0.01,1,1153,买盘
2233,11:03:39,11.52,-0.01,35,40320,卖盘
2234,11:03:36,11.53,--,102,117606,买盘
2235,11:03:24,11.53,--,1,1153,买盘
2236,11:03:21,11.53,0.01,2,2306,买盘
2237,11:03:18,11.52,-0.01,9,10368,卖盘
2238,11:03:15,11.53,0.01,1,1153,买盘
2239,11:03:12,11.52,-0.01,200,230400,卖盘
2240,11:03:06,11.53,0.01,100,115300,买盘
2241,11:03:03,11.52,-0.01,17,19584,卖盘
2242,11:02:57,11.53,0.01,1,1153,买盘
2243,11:02:54,11.52,--,68,78336,卖盘
2244,11:02:51,11.52,--,44,50688,卖盘
2245,11:02:48,11.52,--,70,80640,卖盘
2246,11:02:45,11.52,0.02,746,859392,买盘
2247,11:02:42,11.5,0.01,14,16100,买盘
2248,11:02:36,11.49,-0.02,142,163158,卖盘
2249,11:02:27,11.51,0.01,108,124308,买盘
2250,11:02:24,11.5,--,10,11500,买盘
2251,11:02:21,11.5,--,1,1150,买盘
2252,11:02:15,11.5,--,4,4600,买盘
2253,11:02:06,11.5,--,7,8050,买盘
2254,11:02:03,11.5,-0.01,39,44850,卖盘
2255,11:01:57,11.51,--,3,3453,买盘
2256,11:01:51,11.51,0.01,1,1151,买盘
2257,11:01:48,11.5,-0.01,3,3450,卖盘
2258,11:01:45,11.51,0.01,21,24171,买盘
2259,11:01:42,11.5,--,32,36800,卖盘
2260,11:01:39,11.5,-0.01,2,2300,卖盘
2261,11:01:30,11.51,--,3,3453,买盘
2262,11:01:27,11.51,--,9,10359,买盘
2263,11:01:24,11.51,--,2,2302,买盘
2264,11:01:21,11.51,--,52,59852,买盘
2265,11:01:15,11.51,--,1,1151,买盘
2266,11:01:09,11.51,--,1,1151,卖盘
2267,11:01:06,11.51,--,26,29926,买盘
2268,11:01:03,11.51,-0.01,2,2302,买盘
2269,11:01:00,11.52,0.01,30,34560,买盘
2270,11:00:57,11.51,--,92,105892,买盘
2271,11:00:54,11.51,--,12,13812,买盘
2272,11:00:51,11.51,0.01,6,6906,买盘
2273,11:00:45,11.5,-0.01,22,25300,卖盘
2274,11:00:42,11.51,--,1,1151,买盘
2275,11:00:39,11.51,--,4,4604,卖盘
2276,11:00:36,11.51,--,1,1151,买盘
2277,11:00:33,11.51,--,46,52946,卖盘
2278,11:00:30,11.51,--,46,52946,买盘
2279,11:00:27,11.51,--,3,3453,卖盘
2280,11:00:24,11.51,--,20,23020,买盘
2281,11:00:21,11.51,--,18,20718,买盘
2282,11:00:15,11.51,0.01,1,1151,买盘
2283,11:00:09,11.5,-0.01,11,12650,卖盘
2284,11:00:06,11.51,--,53,61003,买盘
2285,11:00:03,11.51,-0.01,2,2302,买盘
2286,10:59:57,11.52,0.02,8,9216,买盘
2287,10:59:54,11.5,-0.02,51,58650,卖盘
2288,10:59:51,11.52,--,52,59904,买盘
2289,10:59:45,11.52,--,117,134784,买盘
2290,10:59:42,11.52,0.01,6,6912,买盘
2291,10:59:39,11.51,-0.01,17,19567,卖盘
2292,10:59:33,11.52,0.01,34,39168,买盘
2293,10:59:30,11.51,-0.01,2,2302,卖盘
2294,10:59:27,11.52,--,8,9216,买盘
2295,10:59:24,11.52,--,1,1152,买盘
2296,10:59:21,11.52,--,106,122112,买盘
2297,10:59:15,11.52,--,1,1152,买盘
2298,10:59:09,11.52,0.01,649,747648,买盘
2299,10:59:06,11.51,--,13,14963,卖盘
2300,10:59:03,11.51,--,4,4604,卖盘
2301,10:58:57,11.51,--,13,14963,卖盘
2302,10:58:51,11.51,--,7,8057,卖盘
2303,10:58:48,11.51,--,80,92080,卖盘
2304,10:58:45,11.51,-0.01,39,44889,卖盘
2305,10:58:42,11.52,0.01,1,1152,买盘
2306,10:58:39,11.51,--,10,11510,卖盘
2307,10:58:33,11.51,-0.01,2,2302,卖盘
2308,10:58:24,11.52,--,1,1152,买盘
2309,10:58:21,11.52,--,3,3456,买盘
2310,10:58:15,11.52,--,1,1152,买盘
2311,10:58:09,11.52,--,50,57600,买盘
2312,10:58:03,11.52,--,2,2304,买盘
2313,10:58:00,11.52,--,10,11520,买盘
2314,10:57:57,11.52,--,13,14976,买盘
2315,10:57:51,11.52,--,2,2304,买盘
2316,10:57:48,11.52,--,86,99072,买盘
2317,10:57:45,11.52,--,13,14976,买盘
2318,10:57:42,11.52,--,1,1152,买盘
2319,10:57:39,11.52,0.01,6,6912,买盘
2320,10:57:30,11.51,-0.01,3,3453,卖盘
2321,10:57:27,11.52,--,95,109440,买盘
2322,10:57:24,11.52,--,220,253440,买盘
2323,10:57:21,11.52,0.01,227,261504,买盘
2324,10:57:18,11.51,--,2,2302,卖盘
2325,10:57:15,11.51,-0.01,9,10359,卖盘
2326,10:57:12,11.52,--,43,49536,买盘
2327,10:57:09,11.52,0.01,16,18432,买盘
2328,10:57:06,11.51,--,1,1151,卖盘
2329,10:57:03,11.51,-0.01,5,5755,卖盘
2330,10:57:00,11.52,--,5,5760,买盘
2331,10:56:57,11.52,--,17,19584,买盘
2332,10:56:54,11.52,--,16,18432,买盘
2333,10:56:51,11.52,0.01,39,44928,买盘
2334,10:56:48,11.51,--,1,1151,卖盘
2335,10:56:45,11.51,--,8,9208,卖盘
2336,10:56:42,11.51,-0.02,38,43738,卖盘
2337,10:56:39,11.53,0.02,796,917788,买盘
2338,10:56:36,11.51,--,5,5755,卖盘
2339,10:56:33,11.51,-0.01,2,2302,卖盘
2340,10:56:30,11.52,--,3,3456,买盘
2341,10:56:27,11.52,0.01,209,240768,买盘
2342,10:56:24,11.51,-0.01,46,52946,卖盘
2343,10:56:21,11.52,0.01,9,10368,买盘
2344,10:56:18,11.51,-0.01,42,48342,卖盘
2345,10:56:15,11.52,0.01,209,240768,买盘
2346,10:56:12,11.51,--,55,63305,卖盘
2347,10:56:09,11.51,-0.01,22,25322,卖盘
2348,10:56:06,11.52,--,104,119808,买盘
2349,10:56:03,11.52,--,21,24192,买盘
2350,10:56:00,11.52,--,3,3456,买盘
2351,10:55:57,11.52,0.01,2,2304,买盘
2352,10:55:54,11.51,--,5,5755,卖盘
2353,10:55:51,11.51,--,8,9208,卖盘
2354,10:55:48,11.51,--,42,48342,卖盘
2355,10:55:45,11.51,0.01,260,299260,买盘
2356,10:55:42,11.5,--,1,1150,买盘
2357,10:55:39,11.5,--,21,24150,买盘
2358,10:55:33,11.5,0.01,30,34500,买盘
2359,10:55:24,11.49,-0.01,1,1149,卖盘
2360,10:55:21,11.5,0.01,3,3450,买盘
2361,10:55:09,11.49,-0.01,3,3447,卖盘
2362,10:55:06,11.5,--,33,37950,买盘
2363,10:55:03,11.5,-0.01,67,77050,卖盘
2364,10:54:57,11.51,--,1,1151,买盘
2365,10:54:48,11.51,--,1,1151,买盘
2366,10:54:42,11.51,0.01,1,1151,买盘
2367,10:54:36,11.5,-0.01,11,12650,卖盘
2368,10:54:30,11.51,--,9,10359,买盘
2369,10:54:27,11.51,--,1,1151,买盘
2370,10:54:24,11.51,--,2,2302,买盘
2371,10:54:21,11.51,0.01,35,40285,买盘
2372,10:54:18,11.5,--,1,1150,卖盘
2373,10:54:15,11.5,--,5,5750,卖盘
2374,10:54:12,11.5,--,9,10350,卖盘
2375,10:54:09,11.5,--,2,2300,卖盘
2376,10:54:03,11.5,--,1,1150,卖盘
2377,10:54:00,11.5,-0.01,4,4600,卖盘
2378,10:53:57,11.51,--,172,197972,买盘
2379,10:53:54,11.51,0.01,4,4604,买盘
2380,10:53:51,11.5,-0.01,4,4600,卖盘
2381,10:53:45,11.51,--,28,32228,买盘
2382,10:53:42,11.51,0.01,1,1151,买盘
2383,10:53:30,11.5,--,5,5750,卖盘
2384,10:53:27,11.5,--,3,3450,卖盘
2385,10:53:24,11.5,--,9,10350,买盘
2386,10:53:21,11.5,--,1,1150,买盘
2387,10:53:18,11.5,0.01,32,36800,买盘
2388,10:53:12,11.49,-0.01,34,39066,卖盘
2389,10:53:09,11.5,-0.01,2,2300,买盘
2390,10:53:06,11.51,0.01,15,17265,买盘
2391,10:53:03,11.5,--,10,11500,买盘
2392,10:52:54,11.5,0.01,3,3450,买盘
2393,10:52:51,11.49,-0.01,8,9192,卖盘
2394,10:52:45,11.5,0.01,20,23000,买盘
2395,10:52:39,11.49,--,77,88473,买盘
2396,10:52:36,11.49,--,13,14937,买盘
2397,10:52:33,11.49,--,11,12639,买盘
2398,10:52:30,11.49,--,88,101112,买盘
2399,10:52:27,11.49,--,1,1149,买盘
2400,10:52:24,11.49,--,1,1149,买盘
2401,10:52:21,11.49,--,1,1149,买盘
2402,10:52:18,11.49,0.01,6,6894,买盘
2403,10:52:15,11.48,-0.02,4,4592,卖盘
2404,10:52:12,11.5,0.02,88,101200,买盘
2405,10:52:09,11.48,-0.01,71,81508,卖盘
2406,10:52:06,11.49,0.01,108,124092,买盘
2407,10:52:03,11.48,--,20,22960,卖盘
2408,10:52:00,11.48,--,24,27552,卖盘
2409,10:51:57,11.48,--,87,99876,卖盘
2410,10:51:54,11.48,-0.02,136,156128,卖盘
2411,10:51:51,11.5,--,166,190900,买盘
2412,10:51:48,11.5,--,2,2300,买盘
2413,10:51:45,11.5,--,8,9200,买盘
2414,10:51:42,11.5,--,1,1150,买盘
2415,10:51:39,11.5,-0.02,85,97750,买盘
2416,10:51:36,11.52,0.03,476,548352,买盘
2417,10:51:33,11.49,-0.01,1,1149,卖盘
2418,10:51:24,11.5,--,2,2300,买盘
2419,10:51:21,11.5,--,1,1150,买盘
2420,10:51:18,11.5,0.01,11,12650,买盘
2421,10:51:15,11.49,-0.01,11,12639,卖盘
2422,10:51:12,11.5,--,9,10350,买盘
2423,10:51:09,11.5,--,35,40250,买盘
2424,10:51:06,11.5,--,3,3450,买盘
2425,10:51:03,11.5,--,2,2300,买盘
2426,10:50:48,11.5,--,14,16100,买盘
2427,10:50:42,11.5,-0.01,3,3450,中性盘
2428,10:50:39,11.51,--,248,285448,买盘
2429,10:50:36,11.51,0.01,25,28775,买盘
2430,10:50:33,11.5,-0.01,3,3450,卖盘
2431,10:50:27,11.51,--,5,5755,买盘
2432,10:50:24,11.51,--,1,1151,买盘
2433,10:50:21,11.51,--,1,1151,买盘
2434,10:50:12,11.51,--,17,19567,买盘
2435,10:50:09,11.51,--,192,220992,买盘
2436,10:50:06,11.51,0.01,18,20718,买盘
2437,10:50:03,11.5,--,2,2300,中性盘
2438,10:50:00,11.5,--,505,580750,卖盘
2439,10:49:57,11.5,-0.01,1287,1480050,卖盘
2440,10:49:54,11.51,0.01,82,94382,买盘
2441,10:49:51,11.5,-0.01,27,31050,卖盘
2442,10:49:48,11.51,--,138,158838,买盘
2443,10:49:45,11.51,-0.01,594,684384,卖盘
2444,10:49:42,11.52,0.01,33,38016,买盘
2445,10:49:39,11.51,-0.01,90,103590,卖盘
2446,10:49:36,11.52,-0.01,358,412416,卖盘
2447,10:49:33,11.53,0.01,5,5765,买盘
2448,10:49:30,11.52,-0.01,14,16128,卖盘
2449,10:49:27,11.53,--,2,2306,买盘
2450,10:49:21,11.53,--,1,1153,买盘
2451,10:49:15,11.53,0.01,1,1153,买盘
2452,10:49:03,11.52,-0.01,22,25344,卖盘
2453,10:48:54,11.53,--,5,5765,买盘
2454,10:48:51,11.53,--,10,11530,买盘
2455,10:48:45,11.53,--,20,23060,买盘
2456,10:48:42,11.53,0.01,10,11530,买盘
2457,10:48:39,11.52,-0.01,24,27648,卖盘
2458,10:48:24,11.53,0.01,10,11530,买盘
2459,10:48:21,11.52,--,16,18432,卖盘
2460,10:48:06,11.52,-0.01,40,46080,卖盘
2461,10:48:03,11.53,--,2,2306,买盘
2462,10:47:51,11.53,0.01,110,126830,买盘
2463,10:47:48,11.52,--,410,472320,买盘
2464,10:47:45,11.52,0.01,3,3456,买盘
2465,10:47:30,11.51,--,1,1151,卖盘
2466,10:47:24,11.51,-0.01,61,70211,卖盘
2467,10:47:21,11.52,--,1,1152,买盘
2468,10:47:18,11.52,--,4,4608,买盘
2469,10:47:15,11.52,--,36,41472,买盘
2470,10:47:06,11.52,0.01,1,1152,买盘
2471,10:46:48,11.51,-0.01,1,1151,卖盘
2472,10:46:39,11.52,--,123,141696,买盘
2473,10:46:30,11.52,--,258,297216,买盘
2474,10:46:27,11.52,--,2,2304,买盘
2475,10:46:24,11.52,--,203,233856,买盘
2476,10:46:21,11.52,0.01,7,8064,买盘
2477,10:46:18,11.51,-0.01,37,42587,卖盘
2478,10:46:09,11.52,--,84,96768,买盘
2479,10:46:06,11.52,0.01,8,9216,买盘
2480,10:46:03,11.51,--,14,16114,卖盘
2481,10:46:00,11.51,-0.01,73,84023,卖盘
2482,10:45:57,11.52,--,117,134784,买盘
2483,10:45:54,11.52,--,40,46080,买盘
2484,10:45:51,11.52,0.01,192,221184,买盘
2485,10:45:48,11.51,--,2,2302,卖盘
2486,10:45:45,11.51,-0.01,2,2302,卖盘
2487,10:45:42,11.52,0.01,8,9216,买盘
2488,10:45:39,11.51,--,13,14963,卖盘
2489,10:45:36,11.51,--,11,12661,卖盘
2490,10:45:33,11.51,-0.01,200,230200,卖盘
2491,10:45:30,11.52,0.01,2,2304,买盘
2492,10:45:24,11.51,-0.01,1,1151,卖盘
2493,10:45:21,11.52,0.01,1,1152,买盘
2494,10:45:18,11.51,-0.01,10,11510,卖盘
2495,10:45:15,11.52,--,2,2304,买盘
2496,10:45:12,11.52,0.01,42,48384,买盘
2497,10:45:09,11.51,-0.01,36,41436,卖盘
2498,10:45:03,11.52,--,3,3456,买盘
2499,10:45:00,11.52,0.01,2,2304,买盘
2500,10:44:57,11.51,--,65,74815,卖盘
2501,10:44:54,11.51,--,1,1151,卖盘
2502,10:44:51,11.51,--,1,1151,卖盘
2503,10:44:48,11.51,--,5,5755,卖盘
2504,10:44:45,11.51,--,2,2302,卖盘
2505,10:44:42,11.51,-0.01,10,11510,卖盘
2506,10:44:39,11.52,0.01,52,59904,买盘
2507,10:44:36,11.51,--,9,10359,卖盘
2508,10:44:33,11.51,-0.01,23,26473,卖盘
2509,10:44:30,11.52,--,3,3456,买盘
2510,10:44:27,11.52,--,7,8064,买盘
2511,10:44:24,11.52,--,20,23040,买盘
2512,10:44:21,11.52,0.01,41,47232,买盘
2513,10:44:18,11.51,-0.01,9,10359,卖盘
2514,10:44:15,11.52,0.01,43,49536,买盘
2515,10:44:12,11.51,--,1,1151,卖盘
2516,10:44:09,11.51,--,7,8057,卖盘
2517,10:44:06,11.51,-0.01,34,39134,卖盘
2518,10:44:03,11.52,--,4,4608,买盘
2519,10:44:00,11.52,0.01,5,5760,买盘
2520,10:43:57,11.51,--,1,1151,卖盘
2521,10:43:54,11.51,-0.01,7,8057,卖盘
2522,10:43:51,11.52,0.01,35,40320,买盘
2523,10:43:48,11.51,-0.01,16,18416,卖盘
2524,10:43:45,11.52,--,77,88704,买盘
2525,10:43:39,11.52,0.01,1,1152,买盘
2526,10:43:36,11.51,--,2,2302,卖盘
2527,10:43:33,11.51,--,10,11510,卖盘
2528,10:43:30,11.51,--,47,54097,卖盘
2529,10:43:27,11.51,--,2,2302,卖盘
2530,10:43:24,11.51,-0.01,11,12661,卖盘
2531,10:43:21,11.52,0.01,8,9216,买盘
2532,10:43:18,11.51,--,37,42587,卖盘
2533,10:43:15,11.51,--,23,26473,卖盘
2534,10:43:12,11.51,-0.01,117,134667,卖盘
2535,10:43:09,11.52,0.01,135,155520,买盘
2536,10:43:06,11.51,-0.01,44,50644,卖盘
2537,10:43:03,11.52,--,10,11520,卖盘
2538,10:43:00,11.52,--,140,161280,卖盘
2539,10:42:57,11.52,-0.01,54,62208,卖盘
2540,10:42:51,11.53,--,11,12683,买盘
2541,10:42:48,11.53,--,36,41508,买盘
2542,10:42:45,11.53,--,1,1153,买盘
2543,10:42:42,11.53,0.01,52,59956,买盘
2544,10:42:30,11.52,--,2,2304,卖盘
2545,10:42:27,11.52,--,15,17280,卖盘
2546,10:42:24,11.52,--,49,56448,卖盘
2547,10:42:21,11.52,-0.01,101,116352,卖盘
2548,10:42:15,11.53,0.01,26,29978,买盘
2549,10:42:12,11.52,--,39,44928,卖盘
2550,10:42:09,11.52,--,60,69120,卖盘
2551,10:42:06,11.52,--,239,275328,卖盘
2552,10:41:57,11.52,--,2,2304,卖盘
2553,10:41:54,11.52,--,47,54144,卖盘
2554,10:41:51,11.52,--,1120,1290240,买盘
2555,10:41:45,11.52,0.01,3,3456,买盘
2556,10:41:42,11.51,--,10,11510,卖盘
2557,10:41:39,11.51,-0.01,3,3453,卖盘
2558,10:41:36,11.52,0.01,34,39168,买盘
2559,10:41:33,11.51,--,53,61003,卖盘
2560,10:41:30,11.51,-0.01,16,18416,卖盘
2561,10:41:27,11.52,0.01,161,185472,买盘
2562,10:41:24,11.51,-0.01,2,2302,卖盘
2563,10:41:21,11.52,0.01,6,6912,买盘
2564,10:41:18,11.51,--,10,11510,卖盘
2565,10:41:15,11.51,--,38,43738,卖盘
2566,10:41:12,11.51,-0.01,69,79419,卖盘
2567,10:41:09,11.52,--,21,24192,买盘
2568,10:41:06,11.52,0.01,7,8064,买盘
2569,10:41:03,11.51,--,17,19567,卖盘
2570,10:41:00,11.51,--,37,42587,卖盘
2571,10:40:57,11.51,--,62,71362,卖盘
2572,10:40:54,11.51,-0.01,6,6906,卖盘
2573,10:40:51,11.52,0.01,15,17280,买盘
2574,10:40:48,11.51,--,10,11510,卖盘
2575,10:40:45,11.51,--,9,10359,卖盘
2576,10:40:42,11.51,-0.01,10,11510,卖盘
2577,10:40:39,11.52,0.01,53,61056,买盘
2578,10:40:36,11.51,-0.01,54,62154,卖盘
2579,10:40:33,11.52,0.01,92,105984,买盘
2580,10:40:30,11.51,--,6,6906,卖盘
2581,10:40:27,11.51,-0.01,12,13812,卖盘
2582,10:40:24,11.52,--,4,4608,买盘
2583,10:40:21,11.52,0.01,13,14976,买盘
2584,10:40:18,11.51,-0.01,1,1151,卖盘
2585,10:40:15,11.52,--,18,20736,买盘
2586,10:40:09,11.52,--,10,11520,买盘
2587,10:40:06,11.52,--,207,238464,买盘
2588,10:40:03,11.52,--,32,36864,买盘
2589,10:40:00,11.52,--,14,16128,买盘
2590,10:39:57,11.52,0.01,13,14976,买盘
2591,10:39:54,11.51,-0.01,23,26473,卖盘
2592,10:39:51,11.52,0.01,115,132480,买盘
2593,10:39:48,11.51,-0.01,1,1151,卖盘
2594,10:39:45,11.52,0.01,1,1152,买盘
2595,10:39:42,11.51,--,2,2302,卖盘
2596,10:39:39,11.51,-0.01,9,10359,卖盘
2597,10:39:36,11.52,--,12,13824,买盘
2598,10:39:33,11.52,--,12,13824,买盘
2599,10:39:30,11.52,--,21,24192,买盘
2600,10:39:27,11.52,--,10,11520,买盘
2601,10:39:24,11.52,--,3,3456,买盘
2602,10:39:21,11.52,--,56,64512,买盘
2603,10:39:15,11.52,--,1,1152,买盘
2604,10:39:12,11.52,--,20,23040,买盘
2605,10:39:06,11.52,--,16,18432,买盘
2606,10:39:03,11.52,--,2,2304,买盘
2607,10:39:00,11.52,--,5,5760,买盘
2608,10:38:57,11.52,0.01,18,20736,买盘
2609,10:38:51,11.51,-0.01,2,2302,卖盘
2610,10:38:48,11.52,0.01,2,2304,买盘
2611,10:38:45,11.51,-0.01,51,58701,卖盘
2612,10:38:42,11.52,--,1,1152,买盘
2613,10:38:33,11.52,--,10,11520,买盘
2614,10:38:30,11.52,--,2,2304,买盘
2615,10:38:27,11.52,--,1,1152,买盘
2616,10:38:24,11.52,--,1,1152,买盘
2617,10:38:21,11.52,0.01,1,1152,买盘
2618,10:38:12,11.51,-0.01,1,1151,卖盘
2619,10:38:09,11.52,0.01,2,2304,买盘
2620,10:38:06,11.51,-0.01,7,8057,卖盘
2621,10:38:03,11.52,--,23,26496,买盘
2622,10:37:54,11.52,0.01,1,1152,买盘
2623,10:37:36,11.51,-0.01,1,1151,卖盘
2624,10:37:33,11.52,--,3,3456,买盘
2625,10:37:30,11.52,--,4,4608,买盘
2626,10:37:27,11.52,--,17,19584,买盘
2627,10:37:24,11.52,--,53,61056,买盘
2628,10:37:09,11.52,0.01,2,2304,买盘
2629,10:37:06,11.51,-0.01,10,11510,卖盘
2630,10:37:03,11.52,--,20,23040,买盘
2631,10:37:00,11.52,--,25,28800,买盘
2632,10:36:57,11.52,0.01,26,29952,买盘
2633,10:36:54,11.51,-0.01,10,11510,卖盘
2634,10:36:51,11.52,0.01,78,89856,买盘
2635,10:36:45,11.51,-0.01,36,41436,卖盘
2636,10:36:42,11.52,0.01,72,82944,买盘
2637,10:36:39,11.51,-0.01,51,58701,卖盘
2638,10:36:36,11.52,--,9,10368,买盘
2639,10:36:33,11.52,--,58,66816,买盘
2640,10:36:30,11.52,--,56,64512,买盘
2641,10:36:27,11.52,--,91,104832,买盘
2642,10:36:24,11.52,--,1,1152,买盘
2643,10:36:18,11.52,--,1,1152,买盘
2644,10:36:15,11.52,--,11,12672,买盘
2645,10:36:12,11.52,--,171,196992,买盘
2646,10:36:03,11.52,--,4,4608,买盘
2647,10:36:00,11.52,--,8,9216,买盘
2648,10:35:54,11.52,0.01,7,8064,买盘
2649,10:35:45,11.51,--,12,13812,卖盘
2650,10:35:42,11.51,--,22,25322,卖盘
2651,10:35:36,11.51,--,3,3453,卖盘
2652,10:35:33,11.51,-0.01,55,63305,卖盘
2653,10:35:30,11.52,--,51,58752,买盘
2654,10:35:27,11.52,--,29,33408,买盘
2655,10:35:24,11.52,--,2,2304,买盘
2656,10:35:18,11.52,0.01,5,5760,买盘
2657,10:35:12,11.51,-0.01,3,3453,卖盘
2658,10:35:09,11.52,0.01,1,1152,买盘
2659,10:35:06,11.51,-0.01,50,57550,卖盘
2660,10:35:03,11.52,--,2,2304,买盘
2661,10:34:54,11.52,0.01,1,1152,买盘
2662,10:34:51,11.51,-0.01,14,16114,卖盘
2663,10:34:48,11.52,0.01,6,6912,买盘
2664,10:34:39,11.51,-0.01,20,23020,卖盘
2665,10:34:33,11.52,--,126,145152,买盘
2666,10:34:30,11.52,--,5,5760,买盘
2667,10:34:27,11.52,--,1,1152,买盘
2668,10:34:24,11.52,--,22,25344,买盘
2669,10:34:21,11.52,--,22,25344,买盘
2670,10:34:09,11.52,--,50,57600,买盘
2671,10:34:06,11.52,0.01,150,172800,买盘
2672,10:34:03,11.51,--,16,18416,卖盘
2673,10:34:00,11.51,--,160,184160,卖盘
2674,10:33:57,11.51,--,2,2302,卖盘
2675,10:33:54,11.51,--,9,10359,卖盘
2676,10:33:51,11.51,--,16,18416,卖盘
2677,10:33:48,11.51,-0.01,79,90929,卖盘
2678,10:33:45,11.52,0.01,775,892800,买盘
2679,10:33:42,11.51,--,46,52946,卖盘
2680,10:33:39,11.51,--,254,292354,卖盘
2681,10:33:36,11.51,-0.01,46,52946,卖盘
2682,10:33:33,11.52,0.01,165,190080,买盘
2683,10:33:30,11.51,--,8,9208,卖盘
2684,10:33:27,11.51,--,18,20718,卖盘
2685,10:33:24,11.51,--,23,26473,卖盘
2686,10:33:18,11.51,-0.01,1,1151,卖盘
2687,10:33:15,11.52,--,6,6912,买盘
2688,10:33:12,11.52,0.01,23,26496,买盘
2689,10:33:09,11.51,--,3,3453,卖盘
2690,10:33:06,11.51,-0.01,20,23020,卖盘
2691,10:33:03,11.52,0.01,12,13824,买盘
2692,10:33:00,11.51,--,8,9208,卖盘
2693,10:32:57,11.51,--,56,64456,卖盘
2694,10:32:54,11.51,--,16,18416,卖盘
2695,10:32:51,11.51,-0.01,35,40285,卖盘
2696,10:32:48,11.52,0.01,6,6912,买盘
2697,10:32:45,11.51,-0.01,1,1151,卖盘
2698,10:32:42,11.52,0.01,25,28800,买盘
2699,10:32:39,11.51,--,20,23020,卖盘
2700,10:32:36,11.51,-0.01,6,6906,卖盘
2701,10:32:33,11.52,0.01,29,33408,买盘
2702,10:32:30,11.51,--,1,1151,卖盘
2703,10:32:27,11.51,--,2,2302,卖盘
2704,10:32:24,11.51,-0.01,9,10359,卖盘
2705,10:32:21,11.52,0.01,18,20736,买盘
2706,10:32:18,11.51,-0.01,50,57550,卖盘
2707,10:32:15,11.52,--,13,14976,买盘
2708,10:32:12,11.52,0.01,37,42624,买盘
2709,10:32:09,11.51,-0.01,15,17265,卖盘
2710,10:32:06,11.52,0.01,62,71424,买盘
2711,10:32:03,11.51,-0.01,29,33379,卖盘
2712,10:32:00,11.52,--,99,114048,买盘
2713,10:31:57,11.52,--,8,10298,卖盘
2714,10:31:54,11.52,--,202,232704,卖盘
2715,10:31:51,11.52,--,33,38016,卖盘
2716,10:31:48,11.52,-0.01,43,49536,卖盘
2717,10:31:39,11.53,--,35,40355,买盘
2718,10:31:36,11.53,0.01,29,33437,买盘
2719,10:31:33,11.52,--,150,172800,卖盘
2720,10:31:30,11.52,-0.01,148,170496,卖盘
2721,10:31:27,11.53,--,68,78404,买盘
2722,10:31:24,11.53,--,1,1153,买盘
2723,10:31:21,11.53,--,76,87628,买盘
2724,10:31:18,11.53,0.01,300,345900,买盘
2725,10:31:12,11.52,--,1,1152,卖盘
2726,10:31:06,11.52,--,1,1152,卖盘
2727,10:31:03,11.52,--,1,1152,卖盘
2728,10:31:00,11.52,--,7,8064,卖盘
2729,10:30:54,11.52,-0.01,2,2304,卖盘
2730,10:30:51,11.53,--,10,11530,买盘
2731,10:30:48,11.53,--,15,17295,买盘
2732,10:30:45,11.53,0.01,17,19601,买盘
2733,10:30:42,11.52,-0.01,5,5760,卖盘
2734,10:30:39,11.53,--,25,28825,买盘
2735,10:30:36,11.53,0.01,15,17295,买盘
2736,10:30:33,11.52,-0.01,1,1152,卖盘
2737,10:30:30,11.53,--,3,3459,买盘
2738,10:30:27,11.53,0.01,7,8071,买盘
2739,10:30:24,11.52,-0.01,9,10368,卖盘
2740,10:30:21,11.53,0.01,12,13836,买盘
2741,10:30:18,11.52,--,10,11520,卖盘
2742,10:30:15,11.52,--,2,2304,卖盘
2743,10:30:12,11.52,--,7,8064,卖盘
2744,10:30:09,11.52,--,18,20736,卖盘
2745,10:30:06,11.52,-0.01,18,20736,卖盘
2746,10:30:03,11.53,0.01,24,27672,买盘
2747,10:30:00,11.52,--,2,2304,卖盘
2748,10:29:57,11.52,--,3,3456,卖盘
2749,10:29:54,11.52,--,9,10368,卖盘
2750,10:29:51,11.52,--,33,38016,卖盘
2751,10:29:48,11.52,-0.01,75,86400,卖盘
2752,10:29:39,11.53,0.01,2,2306,买盘
2753,10:29:33,11.52,--,1,1152,卖盘
2754,10:29:30,11.52,--,2,2304,卖盘
2755,10:29:27,11.52,--,8,9216,卖盘
2756,10:29:24,11.52,--,5,5760,卖盘
2757,10:29:21,11.52,--,23,26496,卖盘
2758,10:29:18,11.52,--,9,10368,卖盘
2759,10:29:15,11.52,--,11,12672,卖盘
2760,10:29:12,11.52,-0.01,24,27648,卖盘
2761,10:29:09,11.53,0.01,22,25366,买盘
2762,10:29:06,11.52,--,8,9216,卖盘
2763,10:29:03,11.52,--,13,14976,卖盘
2764,10:29:00,11.52,--,63,72576,卖盘
2765,10:28:57,11.52,-0.01,97,111744,卖盘
2766,10:28:54,11.53,--,53,61109,买盘
2767,10:28:48,11.53,0.01,23,26519,买盘
2768,10:28:45,11.52,--,128,147456,卖盘
2769,10:28:42,11.52,--,212,244224,卖盘
2770,10:28:39,11.52,-0.01,34,39168,卖盘
2771,10:28:36,11.53,0.01,12,13836,买盘
2772,10:28:33,11.52,-0.01,1,1152,卖盘
2773,10:28:30,11.53,0.01,12,13836,买盘
2774,10:28:27,11.52,--,5,5760,卖盘
2775,10:28:24,11.52,--,14,16128,卖盘
2776,10:28:21,11.52,--,31,35712,卖盘
2777,10:28:18,11.52,--,13,14976,卖盘
2778,10:28:15,11.52,-0.01,31,35712,卖盘
2779,10:28:12,11.53,--,70,80710,买盘
2780,10:28:09,11.53,0.01,119,137276,买盘
2781,10:28:06,11.52,-0.01,78,89856,卖盘
2782,10:28:03,11.53,--,253,291709,买盘
2783,10:28:00,11.53,0.01,32,36896,买盘
2784,10:27:57,11.52,-0.01,87,100224,卖盘
2785,10:27:54,11.53,--,1,1153,卖盘
2786,10:27:48,11.53,--,175,201775,买盘
2787,10:27:45,11.53,--,181,208693,买盘
2788,10:27:42,11.53,0.01,22,25366,买盘
2789,10:27:39,11.52,-0.01,2,2304,卖盘
2790,10:27:36,11.53,--,11,12683,买盘
2791,10:27:33,11.53,--,3,3459,买盘
2792,10:27:30,11.53,--,7,8071,买盘
2793,10:27:27,11.53,0.01,11,12683,买盘
2794,10:27:24,11.52,--,4,4608,卖盘
2795,10:27:21,11.52,-0.02,17,19584,卖盘
2796,10:27:18,11.54,0.01,120,138480,买盘
2797,10:27:15,11.53,0.01,230,265190,买盘
2798,10:27:12,11.52,-0.01,4,4608,卖盘
2799,10:27:09,11.53,0.01,59,68027,买盘
2800,10:27:06,11.52,-0.01,14,16128,卖盘
2801,10:27:03,11.53,--,7,8071,买盘
2802,10:27:00,11.53,--,4,4612,买盘
2803,10:26:57,11.53,--,20,23060,买盘
2804,10:26:48,11.53,--,21,24213,买盘
2805,10:26:45,11.53,--,3,3459,买盘
2806,10:26:42,11.53,--,63,72639,买盘
2807,10:26:39,11.53,--,14,16142,买盘
2808,10:26:36,11.53,--,70,80710,买盘
2809,10:26:33,11.53,--,3,3459,买盘
2810,10:26:30,11.53,--,10,11530,买盘
2811,10:26:24,11.53,--,2,2306,买盘
2812,10:26:18,11.53,0.01,2,2306,买盘
2813,10:26:15,11.52,--,28,32256,卖盘
2814,10:26:12,11.52,-0.01,2,2304,卖盘
2815,10:26:09,11.53,0.01,8,9224,买盘
2816,10:26:06,11.52,-0.01,30,34560,卖盘
2817,10:26:03,11.53,--,29,33437,买盘
2818,10:26:00,11.53,--,10,11530,买盘
2819,10:25:57,11.53,0.01,50,57650,买盘
2820,10:25:54,11.52,-0.01,15,17280,卖盘
2821,10:25:51,11.53,--,62,71486,买盘
2822,10:25:48,11.53,0.01,194,223682,买盘
2823,10:25:45,11.52,--,3,3456,卖盘
2824,10:25:42,11.52,--,10,11520,卖盘
2825,10:25:39,11.52,--,11,12672,卖盘
2826,10:25:36,11.52,--,6,6912,卖盘
2827,10:25:30,11.52,--,14,16128,卖盘
2828,10:25:27,11.52,-0.01,35,40320,卖盘
2829,10:25:24,11.53,--,1,1153,买盘
2830,10:25:18,11.53,-0.01,277,319381,卖盘
2831,10:25:15,11.54,--,32,36928,买盘
2832,10:25:12,11.54,--,5,5770,买盘
2833,10:25:09,11.54,--,1,1154,买盘
2834,10:25:03,11.54,0.01,30,34620,买盘
2835,10:25:00,11.53,--,8,9224,卖盘
2836,10:24:54,11.53,--,51,58803,卖盘
2837,10:24:51,11.53,--,6,6918,买盘
2838,10:24:48,11.53,--,308,355124,卖盘
2839,10:24:42,11.53,--,1,1153,卖盘
2840,10:24:39,11.53,--,77,88781,卖盘
2841,10:24:33,11.53,--,16,18448,卖盘
2842,10:24:30,11.53,--,31,35743,卖盘
2843,10:24:27,11.53,--,327,377031,卖盘
2844,10:24:24,11.53,--,8,9224,卖盘
2845,10:24:21,11.53,--,41,47273,卖盘
2846,10:24:18,11.53,--,4,4612,卖盘
2847,10:24:09,11.53,--,20,23060,卖盘
2848,10:24:06,11.53,--,2,2306,卖盘
2849,10:23:57,11.53,0.01,14,16142,买盘
2850,10:23:51,11.52,-0.01,3,3456,卖盘
2851,10:23:48,11.53,--,39,44967,买盘
2852,10:23:45,11.53,0.01,3,3459,买盘
2853,10:23:42,11.52,-0.01,1,1152,卖盘
2854,10:23:39,11.53,--,4,4612,买盘
2855,10:23:36,11.53,0.01,33,38049,买盘
2856,10:23:33,11.52,--,1,1152,卖盘
2857,10:23:27,11.52,--,1,1152,卖盘
2858,10:23:24,11.52,--,3,3456,卖盘
2859,10:23:21,11.52,-0.01,26,29952,卖盘
