,time,price,change,volume,amount,type
0,15:00:03,11.0,-0.01,4704,5174400,卖盘
1,14:57:00,11.01,--,270,297270,买盘
2,14:56:57,11.01,--,44,48444,买盘
3,14:56:54,11.01,--,372,409572,买盘
4,14:56:51,11.01,--,461,508166,卖盘
5,14:56:48,11.01,--,141,155681,卖盘
6,14:56:45,11.01,--,92,101292,卖盘
7,14:56:42,11.01,--,257,282957,买盘
8,14:56:39,11.01,--,221,243321,买盘
9,14:56:36,11.01,--,209,230109,买盘
10,14:56:33,11.01,--,698,768498,卖盘
11,14:56:30,11.01,-0.01,122,134322,卖盘
12,14:56:27,11.02,0.01,13,14326,买盘
13,14:56:24,11.01,-0.01,142,156342,卖盘
14,14:56:21,11.02,0.01,36,39672,买盘
15,14:56:18,11.01,-0.01,123,135423,卖盘
16,14:56:15,11.02,--,632,696464,买盘
17,14:56:12,11.02,--,70,77140,买盘
18,14:56:09,11.02,--,120,132240,买盘
19,14:56:06,11.02,--,63,69426,买盘
20,14:56:03,11.02,0.01,147,161994,买盘
21,14:56:00,11.01,-0.01,22,24222,卖盘
22,14:55:57,11.02,0.01,151,166402,买盘
23,14:55:54,11.01,0.01,133,146433,买盘
24,14:55:51,11.0,-0.01,220,242000,卖盘
25,14:55:48,11.01,--,369,406269,买盘
26,14:55:45,11.01,-0.01,191,210291,卖盘
27,14:55:42,11.02,0.01,98,107996,买盘
28,14:55:39,11.01,--,86,94686,卖盘
29,14:55:36,11.01,--,120,132120,卖盘
30,14:55:33,11.01,-0.01,458,504258,卖盘
31,14:55:30,11.02,--,42,46284,买盘
32,14:55:27,11.02,0.01,396,436392,买盘
33,14:55:24,11.01,--,255,280755,买盘
34,14:55:21,11.01,0.01,227,249927,买盘
35,14:55:18,11.0,--,153,169169,卖盘
36,14:55:15,11.0,-0.01,484,532400,卖盘
37,14:55:12,11.01,0.01,145,159645,买盘
38,14:55:09,11.0,--,253,278300,卖盘
39,14:55:06,11.0,--,509,559900,卖盘
40,14:55:03,11.0,-0.01,118,129800,卖盘
41,14:55:00,11.01,--,1443,1588743,卖盘
42,14:54:57,11.01,--,688,757488,卖盘
43,14:54:54,11.01,-0.01,621,683721,卖盘
44,14:54:51,11.02,--,166,182932,买盘
45,14:54:48,11.02,--,158,174116,买盘
46,14:54:45,11.02,--,385,424270,买盘
47,14:54:42,11.02,--,368,405536,买盘
48,14:54:39,11.02,0.01,70,77140,中性盘
49,14:54:36,11.01,--,276,303876,卖盘
50,14:54:33,11.01,-0.01,108,118908,卖盘
51,14:54:30,11.02,--,197,217766,卖盘
52,14:54:27,11.02,--,366,403332,卖盘
53,14:54:24,11.02,--,273,300846,卖盘
54,14:54:21,11.02,-0.01,1007,1109714,卖盘
55,14:54:18,11.03,0.01,177,195231,买盘
56,14:54:15,11.02,-0.01,159,175218,卖盘
57,14:54:12,11.03,0.01,159,175377,买盘
58,14:54:09,11.02,-0.01,79,87058,卖盘
59,14:54:06,11.03,--,206,227218,买盘
60,14:54:03,11.03,--,47,51841,买盘
61,14:54:00,11.03,0.01,551,607753,买盘
62,14:53:57,11.02,-0.01,323,356375,卖盘
63,14:53:54,11.03,--,57,62870,买盘
64,14:53:51,11.03,--,160,176480,买盘
65,14:53:48,11.03,--,69,76107,买盘
66,14:53:45,11.03,--,103,113609,买盘
67,14:53:42,11.03,--,52,57356,买盘
68,14:53:39,11.03,-0.01,597,658888,卖盘
69,14:53:36,11.04,0.01,539,595056,买盘
70,14:53:33,11.03,-0.01,95,104785,卖盘
71,14:53:30,11.04,0.01,341,376464,买盘
72,14:53:27,11.03,-0.01,283,312149,卖盘
73,14:53:24,11.04,0.01,352,388607,买盘
74,14:53:21,11.03,--,128,141184,卖盘
75,14:53:18,11.03,--,153,168759,卖盘
76,14:53:15,11.03,--,33,36399,卖盘
77,14:53:12,11.03,-0.01,101,111403,卖盘
78,14:53:09,11.04,--,117,129167,买盘
79,14:53:06,11.04,--,80,88320,买盘
80,14:53:03,11.04,--,125,138000,买盘
81,14:53:00,11.04,0.01,247,272688,买盘
82,14:52:57,11.03,-0.01,653,720259,卖盘
83,14:52:54,11.04,0.01,180,198719,买盘
84,14:52:51,11.03,--,271,298913,卖盘
85,14:52:48,11.03,--,29,31986,卖盘
86,14:52:45,11.03,--,67,73901,卖盘
87,14:52:42,11.03,--,204,225717,卖盘
88,14:52:39,11.03,--,499,550397,买盘
89,14:52:36,11.03,--,160,176480,买盘
90,14:52:33,11.03,--,20,22060,买盘
91,14:52:30,11.03,--,119,131257,买盘
92,14:52:27,11.03,--,258,284574,卖盘
93,14:52:24,11.03,--,314,346342,卖盘
94,14:52:21,11.03,-0.01,592,652976,卖盘
95,14:52:18,11.04,--,318,351072,买盘
96,14:52:15,11.04,--,143,157872,买盘
97,14:52:12,11.04,--,230,253919,买盘
98,14:52:09,11.04,--,13,14351,买盘
99,14:52:06,11.04,--,32,35328,买盘
100,14:52:03,11.04,--,109,120335,买盘
101,14:52:00,11.04,--,103,113711,卖盘
102,14:51:57,11.04,-0.01,472,521087,卖盘
103,14:51:54,11.05,--,37,40885,买盘
104,14:51:51,11.05,--,160,176800,买盘
105,14:51:48,11.05,--,779,861225,卖盘
106,14:51:45,11.05,--,358,395590,卖盘
107,14:51:42,11.05,-0.01,132,145860,卖盘
108,14:51:39,11.06,0.01,136,150416,买盘
109,14:51:36,11.05,-0.01,88,97737,卖盘
110,14:51:33,11.06,--,173,191338,买盘
111,14:51:30,11.06,0.01,322,356574,买盘
112,14:51:27,11.05,-0.01,78,86190,卖盘
113,14:51:24,11.06,-0.01,239,264566,卖盘
114,14:51:21,11.07,--,22,24354,买盘
115,14:51:18,11.07,--,135,149887,买盘
116,14:51:15,11.07,0.01,107,118449,买盘
117,14:51:12,11.06,-0.01,256,283136,卖盘
118,14:51:09,11.07,--,34,37638,买盘
119,14:51:06,11.07,0.01,45,49815,买盘
120,14:51:03,11.06,--,299,330694,卖盘
121,14:51:00,11.06,--,434,480004,卖盘
122,14:50:57,11.06,-0.01,15,16590,卖盘
123,14:50:54,11.07,--,128,141696,买盘
124,14:50:51,11.07,--,298,329886,买盘
125,14:50:48,11.07,0.01,2,2214,买盘
126,14:50:39,11.06,-0.01,54,59724,卖盘
127,14:50:36,11.07,--,23,26136,卖盘
128,14:50:33,11.07,--,23,25461,卖盘
129,14:50:30,11.07,--,53,59102,卖盘
130,14:50:27,11.07,--,6,6642,卖盘
131,14:50:24,11.07,--,102,112914,卖盘
132,14:50:21,11.07,--,80,88560,卖盘
133,14:50:18,11.07,--,99,109593,卖盘
134,14:50:15,11.07,0.01,163,180441,买盘
135,14:50:12,11.06,-0.01,16,17696,卖盘
136,14:50:09,11.07,--,178,197046,买盘
137,14:50:06,11.07,--,15,16605,买盘
138,14:50:03,11.07,-0.01,73,80811,中性盘
139,14:50:00,11.08,--,66,73814,买盘
140,14:49:54,11.08,0.01,128,141824,买盘
141,14:49:51,11.07,-0.01,11,12177,卖盘
142,14:49:48,11.08,0.01,62,69117,买盘
143,14:49:45,11.07,--,9,9963,买盘
144,14:49:42,11.07,--,44,49394,卖盘
145,14:49:39,11.07,-0.01,58,64206,卖盘
146,14:49:36,11.08,0.01,109,120772,买盘
147,14:49:33,11.07,--,1,1538,卖盘
148,14:49:30,11.07,-0.01,105,116235,卖盘
149,14:49:27,11.08,0.01,8,8864,买盘
150,14:49:24,11.07,-0.01,150,166050,卖盘
151,14:49:21,11.08,--,211,233788,买盘
152,14:49:18,11.08,0.01,101,111908,买盘
153,14:49:15,11.07,-0.01,10,11070,卖盘
154,14:49:12,11.08,0.01,3,3324,买盘
155,14:49:06,11.07,--,253,280071,卖盘
156,14:49:03,11.07,--,236,261252,卖盘
157,14:49:00,11.07,--,69,77478,买盘
158,14:48:57,11.07,--,31,34317,买盘
159,14:48:54,11.07,--,62,68634,买盘
160,14:48:51,11.07,--,45,49815,买盘
161,14:48:48,11.07,--,223,246872,卖盘
162,14:48:45,11.07,--,10,11070,卖盘
163,14:48:42,11.07,--,208,230256,卖盘
164,14:48:39,11.07,--,20,22140,卖盘
165,14:48:36,11.07,-0.01,79,87895,卖盘
166,14:48:33,11.08,--,30,33461,买盘
167,14:48:30,11.08,--,10,11080,买盘
168,14:48:27,11.08,--,36,39888,买盘
169,14:48:24,11.08,--,133,147364,买盘
170,14:48:21,11.08,0.01,11,12188,买盘
171,14:48:18,11.07,--,70,77490,卖盘
172,14:48:15,11.07,-0.02,9,9963,卖盘
173,14:48:12,11.09,--,11,12199,买盘
174,14:48:09,11.09,0.02,35,38815,买盘
175,14:48:06,11.07,-0.01,78,86346,卖盘
176,14:48:03,11.08,-0.01,17,18836,卖盘
177,14:48:00,11.09,--,381,422529,买盘
178,14:47:51,11.09,0.01,494,547846,买盘
179,14:47:48,11.08,0.01,68,75344,买盘
180,14:47:45,11.07,-0.01,45,49815,卖盘
181,14:47:42,11.08,--,10,11080,买盘
182,14:47:39,11.08,--,8,8864,买盘
183,14:47:36,11.08,0.01,45,49860,买盘
184,14:47:33,11.07,-0.01,26,28782,卖盘
185,14:47:30,11.08,0.01,24,26592,买盘
186,14:47:27,11.07,--,40,44711,卖盘
187,14:47:24,11.07,--,27,29889,卖盘
188,14:47:21,11.07,--,98,108486,卖盘
189,14:47:18,11.07,--,3,3321,卖盘
190,14:47:15,11.07,-0.01,22,24354,卖盘
191,14:47:12,11.08,--,42,46536,买盘
192,14:47:09,11.08,--,2,2216,买盘
193,14:47:06,11.08,0.01,10,11080,买盘
194,14:47:03,11.07,0.01,447,494829,中性盘
195,14:46:57,11.06,-0.01,495,547470,卖盘
196,14:46:54,11.07,-0.01,19,21033,卖盘
197,14:46:51,11.08,0.01,57,63156,买盘
198,14:46:48,11.07,--,336,371952,卖盘
199,14:46:45,11.07,--,873,966411,卖盘
200,14:46:42,11.07,--,92,102275,卖盘
201,14:46:39,11.07,--,112,123984,卖盘
202,14:46:36,11.07,-0.01,37,40959,卖盘
203,14:46:33,11.08,0.01,1,1108,买盘
204,14:46:30,11.07,--,30,33210,卖盘
205,14:46:27,11.07,--,103,114021,卖盘
206,14:46:24,11.07,--,165,182655,买盘
207,14:46:21,11.07,--,30,33210,买盘
208,14:46:18,11.07,--,23,25461,买盘
209,14:46:09,11.07,0.01,113,125091,买盘
210,14:46:06,11.06,--,108,119448,买盘
211,14:46:03,11.06,0.01,58,64148,买盘
212,14:46:00,11.05,-0.01,239,264095,卖盘
213,14:45:57,11.06,--,35,38710,买盘
214,14:45:54,11.06,--,110,121660,买盘
215,14:45:51,11.06,-0.01,900,995400,卖盘
216,14:45:48,11.07,0.02,40,44280,买盘
217,14:45:45,11.05,-0.02,756,835766,卖盘
218,14:45:42,11.07,0.01,248,274536,买盘
219,14:45:39,11.06,--,7,7742,卖盘
220,14:45:36,11.06,--,126,139356,卖盘
221,14:45:33,11.06,--,434,480004,卖盘
222,14:45:30,11.06,--,351,388637,买盘
223,14:45:27,11.06,--,167,184702,买盘
224,14:45:24,11.06,0.01,16,17696,买盘
225,14:45:21,11.05,-0.01,13,14365,卖盘
226,14:45:18,11.06,--,144,159264,买盘
227,14:45:15,11.06,--,126,139356,买盘
228,14:45:12,11.06,--,214,236706,买盘
229,14:45:09,11.06,--,388,429128,卖盘
230,14:45:06,11.06,-0.01,82,90692,卖盘
231,14:45:03,11.07,0.01,6,6642,买盘
232,14:45:00,11.06,-0.01,60,66360,卖盘
233,14:44:57,11.07,--,3,3321,买盘
234,14:44:54,11.07,0.01,32,35424,买盘
235,14:44:51,11.06,--,120,132720,买盘
236,14:44:48,11.06,--,175,193550,买盘
237,14:44:45,11.06,--,109,120554,买盘
238,14:44:42,11.06,--,70,77420,买盘
239,14:44:39,11.06,--,431,477404,卖盘
240,14:44:36,11.06,-0.01,322,356132,卖盘
241,14:44:33,11.07,0.01,272,301104,买盘
242,14:44:30,11.06,-0.01,1039,1149576,卖盘
243,14:44:27,11.07,--,7,7749,买盘
244,14:44:24,11.07,--,17,18819,买盘
245,14:44:21,11.07,--,151,167157,买盘
246,14:44:18,11.07,0.01,49,54243,买盘
247,14:44:15,11.06,--,108,119448,卖盘
248,14:44:12,11.06,-0.01,63,69678,卖盘
249,14:44:09,11.07,--,26,28782,买盘
250,14:44:06,11.07,0.01,3,3321,买盘
251,14:44:03,11.06,--,231,256536,买盘
252,14:44:00,11.06,--,103,113918,买盘
253,14:43:57,11.06,--,94,103964,买盘
254,14:43:54,11.06,--,113,124978,买盘
255,14:43:51,11.06,--,32,35392,买盘
256,14:43:48,11.06,--,13,14378,买盘
257,14:43:45,11.06,-0.01,302,334067,卖盘
258,14:43:42,11.07,--,124,137268,买盘
259,14:43:39,11.07,--,85,94095,买盘
260,14:43:36,11.07,--,74,81918,买盘
261,14:43:33,11.07,0.01,96,106703,买盘
262,14:43:30,11.06,--,44,48664,卖盘
263,14:43:27,11.06,-0.01,448,496107,卖盘
264,14:43:24,11.07,0.01,176,194832,买盘
265,14:43:21,11.06,--,8,8848,卖盘
266,14:43:18,11.06,--,337,372722,卖盘
267,14:43:15,11.06,--,124,137144,卖盘
268,14:43:12,11.06,--,90,99540,卖盘
269,14:43:09,11.06,-0.01,15,16590,卖盘
270,14:43:06,11.07,0.02,269,297783,买盘
271,14:43:03,11.05,--,218,240890,卖盘
272,14:43:00,11.05,--,169,186745,卖盘
273,14:42:57,11.05,--,375,414375,卖盘
274,14:42:54,11.05,-0.02,21,23205,卖盘
275,14:42:51,11.07,--,423,468261,买盘
276,14:42:48,11.07,0.01,1831,2026917,买盘
277,14:42:45,11.06,-0.01,161,178066,卖盘
278,14:42:42,11.07,0.01,21,23247,买盘
279,14:42:39,11.06,--,407,450142,卖盘
280,14:42:36,11.06,--,1369,1514114,卖盘
281,14:42:33,11.06,--,72,79632,卖盘
282,14:42:30,11.06,-0.01,284,314104,卖盘
283,14:42:27,11.07,--,579,640953,买盘
284,14:42:24,11.07,-0.01,1750,1937250,卖盘
285,14:42:21,11.08,-0.01,1254,1389432,卖盘
286,14:42:18,11.09,0.01,324,359316,买盘
287,14:42:15,11.08,-0.01,315,349020,卖盘
288,14:42:12,11.09,0.01,4,4436,买盘
289,14:42:09,11.08,-0.01,127,140716,卖盘
290,14:42:06,11.09,--,2161,2396549,买盘
291,14:42:03,11.09,0.01,10,11090,买盘
292,14:42:00,11.08,-0.01,22,24376,卖盘
293,14:41:57,11.09,--,1,1109,买盘
294,14:41:54,11.09,--,49,54740,卖盘
295,14:41:51,11.09,-0.01,78,86502,卖盘
296,14:41:48,11.1,0.01,1575,1748250,买盘
297,14:41:45,11.09,--,48,53232,卖盘
298,14:41:42,11.09,--,18,19962,卖盘
299,14:41:39,11.09,--,44,48796,卖盘
300,14:41:36,11.09,--,128,141952,卖盘
301,14:41:33,11.09,--,82,90938,卖盘
302,14:41:30,11.09,--,62,68758,卖盘
303,14:41:27,11.09,-0.01,171,189639,卖盘
304,14:41:24,11.1,0.01,7,8214,买盘
305,14:41:21,11.09,-0.01,65,72085,卖盘
306,14:41:18,11.1,0.01,2,2220,买盘
307,14:41:15,11.09,-0.01,61,67649,卖盘
308,14:41:12,11.1,--,23,25530,买盘
309,14:41:09,11.1,-0.01,1,1110,买盘
310,14:41:06,11.11,--,4,4444,买盘
311,14:41:03,11.11,--,10,11110,买盘
312,14:41:00,11.11,0.01,303,336633,买盘
313,14:40:57,11.1,--,139,154290,卖盘
314,14:40:54,11.1,--,11,12210,卖盘
315,14:40:51,11.1,0.01,361,400710,中性盘
316,14:40:48,11.09,-0.02,2506,2779154,卖盘
317,14:40:45,11.11,0.01,57,63327,买盘
318,14:40:42,11.1,-0.01,2,2220,卖盘
319,14:40:39,11.11,--,4,4444,买盘
320,14:40:36,11.11,0.01,75,83325,买盘
321,14:40:33,11.1,-0.01,81,90342,卖盘
322,14:40:30,11.11,0.01,65,72215,买盘
323,14:40:27,11.1,-0.01,276,306360,卖盘
324,14:40:24,11.11,--,1,1111,买盘
325,14:40:18,11.11,0.01,1,1111,买盘
326,14:40:15,11.1,-0.01,1,1110,卖盘
327,14:40:12,11.11,0.01,32,35552,买盘
328,14:40:06,11.1,-0.01,18,19980,卖盘
329,14:40:03,11.11,--,28,31108,买盘
330,14:40:00,11.11,--,47,52217,卖盘
331,14:39:54,11.11,--,3,3333,买盘
332,14:39:51,11.11,--,14,15554,中性盘
333,14:39:48,11.11,--,28,31108,卖盘
334,14:39:45,11.11,0.01,45,49995,中性盘
335,14:39:42,11.1,-0.01,95,105450,卖盘
336,14:39:39,11.11,--,131,146218,卖盘
337,14:39:36,11.11,-0.01,132,146652,卖盘
338,14:39:33,11.12,--,117,130103,买盘
339,14:39:30,11.12,--,52,57823,买盘
340,14:39:27,11.12,0.01,40,44913,买盘
341,14:39:24,11.11,--,38,42218,卖盘
342,14:39:18,11.11,--,2,2222,卖盘
343,14:39:15,11.11,-0.01,30,33330,卖盘
344,14:39:12,11.12,--,12,13343,买盘
345,14:39:09,11.12,0.01,35,38920,买盘
346,14:39:06,11.11,--,3,3333,买盘
347,14:39:03,11.11,--,4,4444,买盘
348,14:39:00,11.11,--,41,45551,买盘
349,14:38:57,11.11,0.01,2,2222,买盘
350,14:38:54,11.1,-0.01,130,144300,卖盘
351,14:38:51,11.11,-0.01,116,129942,卖盘
352,14:38:45,11.12,0.01,118,131216,买盘
353,14:38:42,11.11,-0.01,338,375518,卖盘
354,14:38:36,11.12,--,117,130103,买盘
355,14:38:33,11.12,--,169,187928,买盘
356,14:38:30,11.12,--,36,40032,买盘
357,14:38:24,11.12,--,6,7116,买盘
358,14:38:21,11.12,0.01,13,14455,买盘
359,14:38:18,11.11,-0.01,22,24442,卖盘
360,14:38:15,11.12,--,222,246863,买盘
361,14:38:12,11.12,--,31,34472,买盘
362,14:38:09,11.12,0.01,202,224623,买盘
363,14:38:06,11.11,--,85,94435,卖盘
364,14:38:03,11.11,--,47,52217,卖盘
365,14:38:00,11.11,-0.01,56,62216,卖盘
366,14:37:57,11.12,--,1,1112,买盘
367,14:37:54,11.12,--,5,5560,买盘
368,14:37:51,11.12,0.01,1,1112,买盘
369,14:37:48,11.11,-0.01,91,101278,卖盘
370,14:37:45,11.12,--,7,7783,买盘
371,14:37:42,11.12,--,6,6671,买盘
372,14:37:39,11.12,--,30,33360,买盘
373,14:37:36,11.12,--,64,71168,买盘
374,14:37:33,11.12,--,6,6671,买盘
375,14:37:30,11.12,--,85,94520,买盘
376,14:37:27,11.12,--,12,13777,买盘
377,14:37:24,11.12,--,131,145672,买盘
378,14:37:21,11.12,--,14,15567,买盘
379,14:37:18,11.12,0.01,40,44480,买盘
380,14:37:15,11.11,--,251,279638,卖盘
381,14:37:12,11.11,-0.01,21,23331,卖盘
382,14:37:06,11.12,0.01,507,563784,买盘
383,14:37:03,11.11,-0.01,85,94435,卖盘
384,14:37:00,11.12,0.01,11,12232,买盘
385,14:36:57,11.11,-0.01,126,139986,卖盘
386,14:36:54,11.12,0.01,58,64495,买盘
387,14:36:51,11.11,-0.01,55,61105,卖盘
388,14:36:45,11.12,--,2,2224,买盘
389,14:36:42,11.12,--,100,111199,买盘
390,14:36:36,11.12,--,1,1112,买盘
391,14:36:33,11.12,0.01,7,7783,买盘
392,14:36:30,11.11,--,25,27775,卖盘
393,14:36:27,11.11,--,79,88202,卖盘
394,14:36:24,11.11,-0.01,19,21109,卖盘
395,14:36:18,11.12,--,10,11120,买盘
396,14:36:15,11.12,--,10,11120,买盘
397,14:36:12,11.12,--,2,2224,买盘
398,14:36:06,11.12,--,4,4448,买盘
399,14:36:03,11.12,-0.01,69,76728,中性盘
400,14:35:57,11.13,--,1,1113,买盘
401,14:35:54,11.13,--,58,64554,买盘
402,14:35:51,11.13,--,26,28938,买盘
403,14:35:42,11.13,0.01,63,70130,买盘
404,14:35:39,11.12,0.01,309,344708,买盘
405,14:35:36,11.11,--,49,54439,买盘
406,14:35:33,11.11,--,77,85547,买盘
407,14:35:30,11.11,-0.01,41,45562,卖盘
408,14:35:27,11.12,--,50,56267,买盘
409,14:35:24,11.12,--,3,3769,买盘
410,14:35:21,11.12,0.02,7,7783,买盘
411,14:35:18,11.1,-0.02,129,143190,卖盘
412,14:35:15,11.12,--,1,1112,买盘
413,14:35:12,11.12,--,67,74504,买盘
414,14:35:09,11.12,--,1,1112,买盘
415,14:35:06,11.12,0.01,3,3335,买盘
416,14:35:03,11.11,-0.01,204,226644,卖盘
417,14:35:00,11.12,--,1,1112,买盘
418,14:34:57,11.12,--,112,124543,买盘
419,14:34:54,11.12,--,3,3335,买盘
420,14:34:48,11.12,--,3,3335,买盘
421,14:34:42,11.12,0.01,4,4448,买盘
422,14:34:39,11.11,--,334,371074,卖盘
423,14:34:36,11.11,--,214,237754,买盘
424,14:34:33,11.11,--,143,158873,买盘
425,14:34:30,11.11,--,10,11554,买盘
426,14:34:27,11.11,-0.01,92,102434,卖盘
427,14:34:24,11.12,--,2,2224,买盘
428,14:34:21,11.12,0.02,34,37808,买盘
429,14:34:18,11.1,--,199,220890,卖盘
430,14:34:15,11.1,-0.02,121,134310,卖盘
431,14:34:09,11.12,0.01,2,2224,买盘
432,14:34:06,11.11,--,282,313302,卖盘
433,14:34:03,11.11,--,85,94435,卖盘
434,14:34:00,11.11,-0.01,101,112211,卖盘
435,14:33:57,11.12,--,38,42256,买盘
436,14:33:54,11.12,--,439,488167,卖盘
437,14:33:51,11.12,-0.01,7,7783,卖盘
438,14:33:48,11.13,0.01,2,2226,买盘
439,14:33:45,11.12,-0.01,8,8896,卖盘
440,14:33:42,11.13,0.01,7,7791,买盘
441,14:33:39,11.12,-0.01,59,65608,卖盘
442,14:33:36,11.13,0.01,1,1113,买盘
443,14:33:33,11.12,--,18,20016,中性盘
444,14:33:30,11.12,0.01,45,50262,中性盘
445,14:33:27,11.11,-0.01,78,86658,卖盘
446,14:33:24,11.12,-0.01,46,51585,卖盘
447,14:33:21,11.13,0.02,431,479703,买盘
448,14:33:18,11.11,-0.01,22,24442,卖盘
449,14:33:15,11.12,--,5,5560,买盘
450,14:33:12,11.12,--,1,1112,买盘
451,14:33:09,11.12,0.01,2,2224,买盘
452,14:33:06,11.11,-0.02,56,62216,卖盘
453,14:33:03,11.13,--,1474,1640562,买盘
454,14:33:00,11.13,--,50,56573,卖盘
455,14:32:57,11.13,--,100,111300,卖盘
456,14:32:54,11.13,-0.01,41,45633,卖盘
457,14:32:51,11.14,0.01,4,4456,买盘
458,14:32:45,11.13,--,27,30051,卖盘
459,14:32:42,11.13,--,96,106848,卖盘
460,14:32:36,11.13,--,106,117978,卖盘
461,14:32:33,11.13,--,51,56763,卖盘
462,14:32:30,11.13,-0.01,25,28047,卖盘
463,14:32:27,11.14,0.01,67,75072,买盘
464,14:32:24,11.13,-0.01,30,33390,卖盘
465,14:32:21,11.14,0.01,37,41218,买盘
466,14:32:18,11.13,-0.01,126,140238,卖盘
467,14:32:15,11.14,0.01,2,2228,买盘
468,14:32:12,11.13,-0.01,2,2226,卖盘
469,14:32:09,11.14,--,1,1114,买盘
470,14:32:06,11.14,0.01,7,7798,买盘
471,14:32:03,11.13,-0.01,103,114639,卖盘
472,14:31:57,11.14,--,46,51244,买盘
473,14:31:54,11.14,0.01,5,5570,买盘
474,14:31:51,11.13,-0.01,463,515319,卖盘
475,14:31:48,11.14,--,31,34534,买盘
476,14:31:45,11.14,--,2,2228,买盘
477,14:31:42,11.14,--,3,3342,买盘
478,14:31:39,11.14,--,59,65726,卖盘
479,14:31:36,11.14,--,1,1114,卖盘
480,14:31:33,11.14,--,98,109172,卖盘
481,14:31:30,11.14,0.01,7,8243,中性盘
482,14:31:24,11.13,-0.02,43,47859,卖盘
483,14:31:21,11.15,--,1,1115,买盘
484,14:31:18,11.15,--,1,1115,买盘
485,14:31:12,11.15,--,55,61325,买盘
486,14:31:09,11.15,--,3,3345,买盘
487,14:31:06,11.15,0.02,30,33450,买盘
488,14:31:03,11.13,--,84,93492,卖盘
489,14:31:00,11.13,-0.02,8,8904,卖盘
490,14:30:57,11.15,0.02,1,1115,买盘
491,14:30:51,11.13,-0.02,4,4452,卖盘
492,14:30:48,11.15,--,525,585375,买盘
493,14:30:45,11.15,0.01,35,39025,买盘
494,14:30:42,11.14,--,41,45919,卖盘
495,14:30:39,11.14,--,30,33420,卖盘
496,14:30:36,11.14,-0.01,80,89120,卖盘
497,14:30:33,11.15,--,28,31654,买盘
498,14:30:30,11.15,--,2,2230,买盘
499,14:30:27,11.15,0.01,93,103695,买盘
500,14:30:24,11.14,--,2,2228,卖盘
501,14:30:21,11.14,--,28,31192,卖盘
502,14:30:18,11.14,-0.01,111,123654,卖盘
503,14:30:15,11.15,--,60,66900,买盘
504,14:30:12,11.15,--,10,11150,买盘
505,14:30:09,11.15,0.01,1,1115,买盘
506,14:30:06,11.14,--,52,57928,卖盘
507,14:30:03,11.14,-0.01,141,157074,卖盘
508,14:30:00,11.15,0.01,11,12265,买盘
509,14:29:57,11.14,0.01,135,150824,买盘
510,14:29:54,11.13,-0.01,1,1113,卖盘
511,14:29:51,11.14,--,21,23394,买盘
512,14:29:48,11.14,--,257,286298,买盘
513,14:29:42,11.14,0.01,12,13368,买盘
514,14:29:39,11.13,-0.01,2,2226,卖盘
515,14:29:36,11.14,--,7,7798,买盘
516,14:29:33,11.14,--,11,12254,买盘
517,14:29:30,11.14,--,4,4890,买盘
518,14:29:27,11.14,0.01,21,23394,买盘
519,14:29:24,11.13,-0.01,93,103509,卖盘
520,14:29:21,11.14,0.01,2,2228,买盘
521,14:29:12,11.13,-0.01,20,22260,卖盘
522,14:29:09,11.14,--,16,17824,买盘
523,14:29:06,11.14,0.01,78,86892,买盘
524,14:29:03,11.13,--,85,94605,卖盘
525,14:29:00,11.13,--,55,61215,卖盘
526,14:28:57,11.13,-0.01,5,5565,卖盘
527,14:28:51,11.14,--,2,2228,买盘
528,14:28:48,11.14,--,2,2228,买盘
529,14:28:42,11.14,--,2,2228,买盘
530,14:28:36,11.14,--,43,47902,买盘
531,14:28:33,11.14,0.01,15,16710,买盘
532,14:28:24,11.13,-0.01,32,35616,卖盘
533,14:28:21,11.14,--,3,3787,买盘
534,14:28:18,11.14,--,104,115856,买盘
535,14:28:12,11.14,--,100,111400,买盘
536,14:28:09,11.14,--,11,12254,买盘
537,14:28:06,11.14,--,3,3342,买盘
538,14:28:03,11.14,--,211,235733,卖盘
539,14:28:00,11.14,-0.01,6,6684,卖盘
540,14:27:54,11.15,0.01,23,25645,买盘
541,14:27:51,11.14,-0.01,141,157074,卖盘
542,14:27:48,11.15,0.01,1,1115,买盘
543,14:27:45,11.14,--,16,17824,卖盘
544,14:27:42,11.14,--,30,33420,卖盘
545,14:27:36,11.14,-0.01,21,23394,卖盘
546,14:27:33,11.15,0.01,72,80714,买盘
547,14:27:30,11.14,--,2,2228,买盘
548,14:27:24,11.14,--,65,72410,卖盘
549,14:27:21,11.14,--,43,47902,买盘
550,14:27:18,11.14,--,83,92462,买盘
551,14:27:15,11.14,--,9,10026,买盘
552,14:27:12,11.14,--,100,111400,买盘
553,14:27:09,11.14,--,2,2228,买盘
554,14:27:06,11.14,0.01,71,79094,买盘
555,14:27:03,11.13,--,101,112413,卖盘
556,14:27:00,11.13,-0.01,10,11130,卖盘
557,14:26:57,11.14,--,4,4456,买盘
558,14:26:51,11.14,--,30,33420,买盘
559,14:26:42,11.14,0.01,62,69068,买盘
560,14:26:39,11.13,-0.01,168,186984,卖盘
561,14:26:36,11.14,0.01,51,56814,买盘
562,14:26:33,11.13,-0.01,10,11130,卖盘
563,14:26:30,11.14,--,2,2228,买盘
564,14:26:27,11.14,--,1,1114,买盘
565,14:26:24,11.14,--,27,30078,买盘
566,14:26:21,11.14,--,1,1114,买盘
567,14:26:18,11.14,--,46,51678,买盘
568,14:26:15,11.14,--,13,14482,买盘
569,14:26:12,11.14,0.01,14,15596,买盘
570,14:26:09,11.13,--,3,3339,卖盘
571,14:26:06,11.13,--,73,81249,卖盘
572,14:26:03,11.13,-0.01,117,130221,卖盘
573,14:26:00,11.14,--,123,137022,买盘
574,14:25:54,11.14,--,1,1114,买盘
575,14:25:51,11.14,0.01,4,4456,买盘
576,14:25:48,11.13,--,150,166950,卖盘
577,14:25:42,11.13,-0.01,150,166950,卖盘
578,14:25:39,11.14,0.01,8,8912,买盘
579,14:25:36,11.13,-0.01,28,31164,卖盘
580,14:25:33,11.14,--,9,10026,买盘
581,14:25:30,11.14,0.01,1,1114,买盘
582,14:25:27,11.13,--,73,81249,买盘
583,14:25:24,11.13,0.01,31,34503,买盘
584,14:25:21,11.12,-0.01,20,22673,卖盘
585,14:25:18,11.13,--,127,141351,买盘
586,14:25:12,11.13,--,52,57876,买盘
587,14:25:09,11.13,--,2,2226,买盘
588,14:25:06,11.13,0.01,26,28938,买盘
589,14:25:03,11.12,-0.01,89,98968,卖盘
590,14:25:00,11.13,--,1,1113,买盘
591,14:24:57,11.13,--,156,173628,买盘
592,14:24:54,11.13,--,6,6678,买盘
593,14:24:51,11.13,--,8,8904,买盘
594,14:24:45,11.13,--,3,3339,买盘
595,14:24:42,11.13,0.01,73,81249,买盘
596,14:24:39,11.12,-0.01,64,71168,卖盘
597,14:24:36,11.13,--,28,31164,买盘
598,14:24:33,11.13,--,102,113526,买盘
599,14:24:30,11.13,0.01,3,3339,买盘
600,14:24:27,11.12,-0.01,44,49372,卖盘
601,14:24:24,11.13,0.01,4,4452,买盘
602,14:24:21,11.12,--,41,45592,卖盘
603,14:24:18,11.12,-0.01,6,6671,卖盘
604,14:24:15,11.13,--,1,1113,买盘
605,14:24:09,11.13,--,4,4452,买盘
606,14:24:06,11.13,0.01,8,8904,买盘
607,14:24:03,11.12,--,84,93408,卖盘
608,14:24:00,11.12,-0.01,18,20016,卖盘
609,14:23:57,11.13,0.01,26,28938,买盘
610,14:23:51,11.12,--,22,24464,卖盘
611,14:23:48,11.12,-0.01,30,33360,卖盘
612,14:23:45,11.13,0.01,7,7791,买盘
613,14:23:42,11.12,--,428,476136,买盘
614,14:23:39,11.12,--,5,5560,买盘
615,14:23:36,11.12,--,6,6671,买盘
616,14:23:33,11.12,--,6,6671,买盘
617,14:23:30,11.12,--,27,30023,买盘
618,14:23:27,11.12,0.01,28,31135,买盘
619,14:23:24,11.11,--,3,3766,卖盘
620,14:23:21,11.11,--,34,37774,卖盘
621,14:23:18,11.11,--,20,22220,卖盘
622,14:23:15,11.11,-0.01,8,8888,卖盘
623,14:23:12,11.12,--,2,2224,买盘
624,14:23:09,11.12,--,1,1112,买盘
625,14:23:06,11.12,0.01,7,7783,买盘
626,14:23:03,11.11,-0.01,105,116655,卖盘
627,14:23:00,11.12,0.01,50,55599,买盘
628,14:22:54,11.11,-0.01,10,11110,卖盘
629,14:22:51,11.12,--,7,7783,买盘
630,14:22:48,11.12,0.01,7,7783,买盘
631,14:22:45,11.11,-0.01,24,26664,卖盘
632,14:22:42,11.12,--,30,33360,买盘
633,14:22:36,11.12,--,2,2224,买盘
634,14:22:33,11.12,0.01,12,13343,买盘
635,14:22:30,11.11,-0.01,100,111100,卖盘
636,14:22:24,11.12,0.01,3,3335,买盘
637,14:22:21,11.11,-0.01,24,26664,卖盘
638,14:22:18,11.12,0.01,18,20016,买盘
639,14:22:15,11.11,-0.02,124,138675,卖盘
640,14:22:12,11.13,--,2,2226,买盘
641,14:22:09,11.13,--,11,12243,买盘
642,14:22:06,11.13,0.01,3,3339,买盘
643,14:22:03,11.12,-0.01,84,93408,卖盘
644,14:22:00,11.13,0.01,3,3339,买盘
645,14:21:57,11.12,--,6,6671,卖盘
646,14:21:54,11.12,--,1,1112,卖盘
647,14:21:51,11.12,--,2,2224,卖盘
648,14:21:48,11.12,-0.01,22,24464,卖盘
649,14:21:42,11.13,0.01,41,45633,买盘
650,14:21:36,11.12,--,27,30023,卖盘
651,14:21:33,11.12,-0.01,28,31135,卖盘
652,14:21:30,11.13,--,2,2226,买盘
653,14:21:27,11.13,0.01,4,4452,买盘
654,14:21:24,11.12,--,47,52708,卖盘
655,14:21:21,11.12,-0.01,88,97856,卖盘
656,14:21:18,11.13,0.01,203,225939,买盘
657,14:21:15,11.12,-0.01,10,11120,卖盘
658,14:21:12,11.13,--,25,27825,买盘
659,14:21:09,11.13,--,2,2226,买盘
660,14:21:06,11.13,0.01,4,4452,买盘
661,14:21:03,11.12,-0.01,87,96744,卖盘
662,14:21:00,11.13,--,19,21147,买盘
663,14:20:57,11.13,--,54,60102,买盘
664,14:20:51,11.13,--,33,36729,买盘
665,14:20:48,11.13,--,3,3339,买盘
666,14:20:45,11.13,0.01,1,1113,买盘
667,14:20:42,11.12,-0.01,21,23352,卖盘
668,14:20:36,11.13,--,13,14469,买盘
669,14:20:33,11.13,0.01,7,7791,买盘
670,14:20:27,11.12,-0.01,2,2224,卖盘
671,14:20:24,11.13,--,3,3773,买盘
672,14:20:21,11.13,--,17,18921,买盘
673,14:20:18,11.13,--,100,111300,买盘
674,14:20:12,11.13,--,56,62328,买盘
675,14:20:09,11.13,--,14,15582,买盘
676,14:20:06,11.13,0.01,28,31164,买盘
677,14:20:03,11.12,-0.01,85,94520,卖盘
678,14:19:57,11.13,0.01,39,43407,买盘
679,14:19:48,11.12,-0.01,54,60047,卖盘
680,14:19:45,11.13,0.01,1,1113,买盘
681,14:19:42,11.12,--,22,24464,卖盘
682,14:19:39,11.12,--,6,6671,卖盘
683,14:19:36,11.12,-0.01,43,47816,卖盘
684,14:19:33,11.13,0.01,6,6678,买盘
685,14:19:30,11.12,-0.01,5,5560,卖盘
686,14:19:27,11.13,0.01,3,3339,买盘
687,14:19:24,11.12,--,10,11553,卖盘
688,14:19:18,11.12,-0.01,4,4448,卖盘
689,14:19:15,11.13,--,18,20034,买盘
690,14:19:12,11.13,0.01,25,27825,买盘
691,14:19:09,11.12,--,32,35584,买盘
692,14:19:06,11.12,0.01,21,23352,买盘
693,14:19:03,11.11,-0.01,92,102212,卖盘
694,14:19:00,11.12,--,1,1112,买盘
695,14:18:54,11.12,--,1,1112,买盘
696,14:18:51,11.12,--,1,1112,买盘
697,14:18:45,11.12,0.01,1,1112,买盘
698,14:18:42,11.11,--,60,66660,卖盘
699,14:18:39,11.11,-0.01,16,17776,卖盘
700,14:18:36,11.12,--,30,33360,买盘
701,14:18:33,11.12,--,26,28911,买盘
702,14:18:30,11.12,--,2,2224,买盘
703,14:18:27,11.12,--,1,1112,买盘
704,14:18:24,11.12,0.01,27,30023,买盘
705,14:18:21,11.11,--,55,61105,卖盘
706,14:18:18,11.11,-0.01,1,1555,卖盘
707,14:18:15,11.12,--,20,22240,买盘
708,14:18:09,11.12,--,7,7783,买盘
709,14:18:06,11.12,0.01,48,53375,买盘
710,14:18:03,11.11,-0.01,89,98879,卖盘
711,14:18:00,11.12,--,21,23352,买盘
712,14:17:57,11.12,--,37,41144,买盘
713,14:17:54,11.12,0.01,19,21128,买盘
714,14:17:51,11.11,-0.01,122,135542,卖盘
715,14:17:48,11.12,0.01,8,8896,买盘
716,14:17:45,11.11,-0.01,1,1111,卖盘
717,14:17:42,11.12,0.01,5,5560,买盘
718,14:17:36,11.11,-0.01,184,204424,卖盘
719,14:17:33,11.12,0.01,12,13343,买盘
720,14:17:30,11.11,-0.01,17,18887,卖盘
721,14:17:27,11.12,0.01,10,11120,买盘
722,14:17:24,11.11,--,29,32219,卖盘
723,14:17:21,11.11,--,4,4877,卖盘
724,14:17:18,11.11,--,17,18887,卖盘
725,14:17:15,11.11,--,51,56661,卖盘
726,14:17:12,11.11,--,66,73326,卖盘
727,14:17:09,11.11,0.01,13,14443,买盘
728,14:17:06,11.1,-0.01,4,4440,卖盘
729,14:17:03,11.11,-0.01,72,79992,卖盘
730,14:17:00,11.12,0.02,2,2224,买盘
731,14:16:54,11.1,--,2,2220,卖盘
732,14:16:51,11.1,-0.01,44,48840,卖盘
733,14:16:48,11.11,--,17,18887,买盘
734,14:16:45,11.11,--,6,6666,买盘
735,14:16:42,11.11,--,48,53328,买盘
736,14:16:39,11.11,--,5,5555,买盘
737,14:16:36,11.11,--,27,29997,买盘
738,14:16:33,11.11,--,16,17776,买盘
739,14:16:30,11.11,--,51,56661,买盘
740,14:16:27,11.11,0.01,4,4444,买盘
741,14:16:24,11.1,-0.01,33,36630,卖盘
742,14:16:21,11.11,--,69,76659,买盘
743,14:16:18,11.11,0.01,26,28886,买盘
744,14:16:15,11.1,-0.01,112,124752,卖盘
745,14:16:12,11.11,--,102,113322,买盘
746,14:16:09,11.11,--,99,109989,买盘
747,14:16:06,11.11,0.01,21,23331,买盘
748,14:16:03,11.1,-0.02,24,26640,卖盘
749,14:16:00,11.12,0.01,27,30023,买盘
750,14:15:57,11.11,-0.01,6,6666,卖盘
751,14:15:54,11.12,--,12,13343,买盘
752,14:15:51,11.12,--,648,720576,买盘
753,14:15:48,11.12,--,164,182368,买盘
754,14:15:45,11.12,--,10,11120,买盘
755,14:15:39,11.12,--,50,55599,买盘
756,14:15:36,11.12,--,3,3335,买盘
757,14:15:33,11.12,0.01,57,63383,买盘
758,14:15:30,11.11,--,358,397738,卖盘
759,14:15:27,11.11,--,145,161095,卖盘
760,14:15:24,11.11,-0.01,600,666600,卖盘
761,14:15:21,11.12,--,32,35584,买盘
762,14:15:15,11.12,--,9,10008,买盘
763,14:15:09,11.12,-0.01,20,22240,卖盘
764,14:15:06,11.13,0.02,107,119091,买盘
765,14:15:03,11.11,--,84,93324,卖盘
766,14:15:00,11.11,-0.01,253,281083,卖盘
767,14:14:57,11.12,--,35,38920,买盘
768,14:14:54,11.12,--,109,121207,买盘
769,14:14:51,11.12,0.01,11,12232,买盘
770,14:14:48,11.11,-0.01,75,83325,卖盘
771,14:14:45,11.12,--,17,18904,买盘
772,14:14:39,11.12,--,67,74504,买盘
773,14:14:36,11.12,0.01,149,165688,买盘
774,14:14:33,11.11,-0.01,13,14443,卖盘
775,14:14:30,11.12,--,19,21128,买盘
776,14:14:27,11.12,0.01,4,4448,买盘
777,14:14:24,11.11,--,9,9999,卖盘
778,14:14:21,11.11,--,2,2222,卖盘
779,14:14:18,11.11,--,21,23775,卖盘
780,14:14:12,11.11,-0.01,78,86658,卖盘
781,14:14:06,11.12,0.01,8,8896,买盘
782,14:14:03,11.11,-0.01,84,93324,卖盘
783,14:14:00,11.12,--,1,1112,买盘
784,14:13:54,11.12,--,18,20016,买盘
785,14:13:51,11.12,0.01,1,1112,买盘
786,14:13:48,11.11,--,21,23331,卖盘
787,14:13:45,11.11,--,24,26664,卖盘
788,14:13:42,11.11,-0.01,12,13332,卖盘
789,14:13:39,11.12,0.01,11,12232,买盘
790,14:13:36,11.11,--,6,6666,卖盘
791,14:13:33,11.11,-0.01,26,28886,卖盘
792,14:13:30,11.12,0.01,50,55599,买盘
793,14:13:27,11.11,--,1,1111,卖盘
794,14:13:24,11.11,--,8,8888,卖盘
795,14:13:21,11.11,--,1,1544,卖盘
796,14:13:18,11.11,--,131,145541,卖盘
797,14:13:15,11.11,-0.01,200,222200,卖盘
798,14:13:09,11.12,--,11,12232,买盘
799,14:13:06,11.12,0.01,2,2224,买盘
800,14:13:03,11.11,-0.02,119,132209,卖盘
801,14:13:00,11.13,--,61,67893,买盘
802,14:12:57,11.13,--,5,5565,买盘
803,14:12:54,11.13,0.01,1,1113,买盘
804,14:12:51,11.12,-0.01,1,1112,卖盘
805,14:12:33,11.13,0.02,7,7791,买盘
806,14:12:30,11.11,--,17,18887,卖盘
807,14:12:27,11.11,-0.01,20,22220,卖盘
808,14:12:24,11.12,-0.01,7,8217,卖盘
809,14:12:18,11.13,0.01,21,23373,买盘
810,14:12:15,11.12,--,16,17792,买盘
811,14:12:12,11.12,--,1,1112,买盘
812,14:12:06,11.12,0.01,77,85624,买盘
813,14:12:03,11.11,--,86,95546,卖盘
814,14:12:00,11.11,-0.02,46,51106,卖盘
815,14:11:51,11.13,--,6,6678,买盘
816,14:11:48,11.13,0.01,68,75684,买盘
817,14:11:45,11.12,--,30,33360,买盘
818,14:11:39,11.12,-0.01,2,2224,中性盘
819,14:11:36,11.13,--,4,4452,买盘
820,14:11:33,11.13,0.01,5,5776,买盘
821,14:11:30,11.12,-0.01,14,16468,卖盘
822,14:11:27,11.13,0.01,6,6678,买盘
823,14:11:24,11.12,-0.01,9,10452,卖盘
824,14:11:21,11.13,--,95,105735,买盘
825,14:11:18,11.13,0.02,1,1992,买盘
826,14:11:15,11.11,--,299,332189,卖盘
827,14:11:12,11.11,--,17,18887,卖盘
828,14:11:09,11.11,-0.01,11,12221,卖盘
829,14:11:06,11.12,0.01,5,5560,买盘
830,14:11:03,11.11,-0.01,89,98879,卖盘
831,14:11:00,11.12,0.01,22,24464,买盘
832,14:10:54,11.11,-0.01,34,37774,卖盘
833,14:10:48,11.12,--,1,1112,买盘
834,14:10:45,11.12,0.01,100,111199,买盘
835,14:10:42,11.11,--,2,2222,卖盘
836,14:10:39,11.11,-0.01,99,109989,卖盘
837,14:10:36,11.12,0.01,75,83400,买盘
838,14:10:33,11.11,-0.01,7,7777,卖盘
839,14:10:30,11.12,--,3,3335,买盘
840,14:10:27,11.12,--,8,8896,买盘
841,14:10:24,11.12,--,2,2224,买盘
842,14:10:21,11.12,0.01,7,7783,买盘
843,14:10:15,11.11,-0.01,1,1544,卖盘
844,14:10:12,11.12,--,43,47816,买盘
845,14:10:06,11.12,--,56,62271,买盘
846,14:10:03,11.12,0.01,91,101192,买盘
847,14:10:00,11.11,-0.01,7,7777,卖盘
848,14:09:57,11.12,0.01,22,24464,买盘
849,14:09:54,11.11,-0.01,10,11110,卖盘
850,14:09:51,11.12,--,2,2224,买盘
851,14:09:48,11.12,--,2,2224,买盘
852,14:09:45,11.12,--,102,113657,卖盘
853,14:09:42,11.12,--,100,111199,卖盘
854,14:09:39,11.12,-0.01,50,55599,卖盘
855,14:09:33,11.13,--,177,197001,买盘
856,14:09:30,11.13,--,5,5565,买盘
857,14:09:24,11.13,0.01,20,22260,买盘
858,14:09:21,11.12,--,1,1545,卖盘
859,14:09:18,11.12,-0.01,27,30023,卖盘
860,14:09:15,11.13,--,7,7791,买盘
861,14:09:12,11.13,0.01,2,2226,买盘
862,14:09:09,11.12,--,42,46704,卖盘
863,14:09:06,11.12,--,3,3335,卖盘
864,14:09:03,11.12,-0.01,84,93408,卖盘
865,14:09:00,11.13,--,20,22260,买盘
866,14:08:54,11.13,--,1,1113,买盘
867,14:08:51,11.13,0.01,32,35616,买盘
868,14:08:48,11.12,-0.01,6,6671,卖盘
869,14:08:45,11.13,--,5,5565,买盘
870,14:08:42,11.13,--,23,25599,买盘
871,14:08:36,11.13,--,2,2226,买盘
872,14:08:33,11.13,--,6,6678,买盘
873,14:08:30,11.13,0.01,1,1113,买盘
874,14:08:27,11.12,--,4,4448,卖盘
875,14:08:24,11.12,--,41,45592,卖盘
876,14:08:21,11.12,--,1,1556,卖盘
877,14:08:18,11.12,--,20,22240,卖盘
878,14:08:15,11.12,-0.01,6,6671,卖盘
879,14:08:09,11.13,--,14,15582,买盘
880,14:08:06,11.13,0.01,2,2226,买盘
881,14:08:03,11.12,-0.01,86,95632,卖盘
882,14:07:57,11.13,0.01,2,2226,买盘
883,14:07:48,11.12,0.01,14,15567,中性盘
884,14:07:42,11.11,-0.01,57,63327,卖盘
885,14:07:39,11.12,-0.01,7,7783,中性盘
886,14:07:36,11.13,--,10,11130,买盘
887,14:07:33,11.13,0.02,6,6678,买盘
888,14:07:30,11.11,--,52,57772,卖盘
889,14:07:27,11.11,-0.01,22,24442,卖盘
890,14:07:24,11.12,-0.01,11,12232,卖盘
891,14:07:18,11.13,--,32,35616,买盘
892,14:07:15,11.13,--,34,37842,卖盘
893,14:07:12,11.13,-0.01,80,89040,卖盘
894,14:07:06,11.14,0.01,1,1114,买盘
895,14:07:03,11.13,-0.01,106,117978,卖盘
896,14:06:57,11.14,0.01,40,44560,买盘
897,14:06:51,11.13,-0.01,2,2226,卖盘
898,14:06:48,11.14,--,14,15596,买盘
899,14:06:45,11.14,0.01,1,1114,买盘
900,14:06:42,11.13,--,73,81249,买盘
901,14:06:39,11.13,--,3,3339,买盘
902,14:06:36,11.13,--,1,1113,买盘
903,14:06:33,11.13,0.01,6,6678,买盘
904,14:06:30,11.12,-0.01,23,25576,卖盘
905,14:06:27,11.13,--,10,11130,买盘
906,14:06:24,11.13,0.01,9,10017,买盘
907,14:06:21,11.12,-0.01,11,12232,卖盘
908,14:06:18,11.13,0.01,101,112413,买盘
909,14:06:12,11.12,-0.01,10,11553,卖盘
910,14:06:06,11.13,--,21,23373,买盘
911,14:06:03,11.13,-0.01,18,20034,卖盘
912,14:06:00,11.14,--,1,1114,买盘
913,14:05:54,11.14,0.01,9,10026,买盘
914,14:05:51,11.13,-0.01,309,343917,卖盘
915,14:05:45,11.14,0.01,9,10026,买盘
916,14:05:42,11.13,--,200,222600,买盘
917,14:05:39,11.13,0.01,218,242634,买盘
918,14:05:36,11.12,-0.01,23,25576,卖盘
919,14:05:33,11.13,--,20,22260,买盘
920,14:05:24,11.13,0.01,1,1113,买盘
921,14:05:21,11.12,-0.01,27,30023,卖盘
922,14:05:18,11.13,0.01,3,3339,买盘
923,14:05:15,11.12,--,1,1545,卖盘
924,14:05:12,11.12,--,106,117871,卖盘
925,14:05:09,11.12,-0.01,1,1112,卖盘
926,14:05:06,11.13,0.01,1,1113,买盘
927,14:05:03,11.12,--,85,94520,卖盘
928,14:04:48,11.12,--,37,41144,卖盘
929,14:04:45,11.12,--,162,180144,买盘
930,14:04:42,11.12,0.01,21,23352,买盘
931,14:04:39,11.11,-0.01,22,24442,卖盘
932,14:04:36,11.12,--,1,1112,买盘
933,14:04:33,11.12,--,9,10008,买盘
934,14:04:27,11.12,0.01,3,3335,买盘
935,14:04:24,11.11,--,100,111100,卖盘
936,14:04:21,11.11,--,1,1555,卖盘
937,14:04:18,11.11,--,2,2222,卖盘
938,14:04:15,11.11,-0.01,1,1111,卖盘
939,14:04:09,11.12,0.01,21,23352,买盘
940,14:04:06,11.11,-0.01,5,5555,卖盘
941,14:04:03,11.12,--,85,94520,买盘
942,14:04:00,11.12,0.01,87,96744,买盘
943,14:03:54,11.11,-0.01,9,9999,卖盘
944,14:03:51,11.12,0.01,26,28911,买盘
945,14:03:48,11.11,-0.01,22,24442,卖盘
946,14:03:42,11.12,--,37,41144,买盘
947,14:03:39,11.12,--,34,37808,买盘
948,14:03:36,11.12,0.01,1,1112,买盘
949,14:03:33,11.11,--,8,8888,卖盘
950,14:03:30,11.11,-0.01,80,88880,卖盘
951,14:03:27,11.12,0.01,2,2224,买盘
952,14:03:24,11.11,--,23,25553,卖盘
953,14:03:21,11.11,--,1,1111,卖盘
954,14:03:18,11.11,-0.01,61,67771,卖盘
955,14:03:15,11.12,--,100,111199,买盘
956,14:03:12,11.12,0.01,39,43368,买盘
957,14:03:06,11.11,-0.01,16,17776,卖盘
958,14:03:03,11.12,--,64,71168,卖盘
959,14:03:00,11.12,--,21,23352,卖盘
960,14:02:57,11.12,-0.01,9,10008,卖盘
961,14:02:54,11.13,--,27,30051,买盘
962,14:02:51,11.13,0.01,3,3339,买盘
963,14:02:48,11.12,-0.01,1,1112,中性盘
964,14:02:42,11.13,--,25,27825,买盘
965,14:02:39,11.13,--,51,56763,买盘
966,14:02:36,11.13,0.02,1,1113,买盘
967,14:02:33,11.11,--,10,11110,卖盘
968,14:02:27,11.11,-0.01,101,112211,卖盘
969,14:02:24,11.12,-0.01,2,2224,卖盘
970,14:02:21,11.13,0.02,21,23373,买盘
971,14:02:15,11.11,--,11,12654,卖盘
972,14:02:12,11.11,-0.01,50,55550,卖盘
973,14:02:09,11.12,-0.01,30,33360,卖盘
974,14:02:06,11.13,0.01,59,65667,买盘
975,14:02:03,11.12,-0.01,27,30023,卖盘
976,14:01:57,11.13,--,4,4452,买盘
977,14:01:54,11.13,0.01,2,2226,买盘
978,14:01:51,11.12,--,74,82288,买盘
979,14:01:48,11.12,--,92,102304,卖盘
980,14:01:45,11.12,--,1,1112,卖盘
981,14:01:42,11.12,-0.01,14,15567,卖盘
982,14:01:39,11.13,0.01,34,37842,买盘
983,14:01:36,11.12,0.01,70,77840,买盘
984,14:01:33,11.11,-0.01,8,8888,卖盘
985,14:01:30,11.12,--,33,36696,买盘
986,14:01:24,11.12,--,2,2224,买盘
987,14:01:21,11.12,--,31,34472,买盘
988,14:01:18,11.12,0.01,5,5560,买盘
989,14:01:12,11.11,-0.01,78,87102,卖盘
990,14:01:09,11.12,0.01,3,3335,买盘
991,14:01:03,11.11,--,85,94435,卖盘
992,14:01:00,11.11,--,2,2222,卖盘
993,14:00:57,11.11,-0.01,1,1111,卖盘
994,14:00:54,11.12,0.01,46,51152,买盘
995,14:00:45,11.11,-0.01,351,390394,卖盘
996,14:00:42,11.12,--,14,15567,买盘
997,14:00:39,11.12,0.01,11,12232,买盘
998,14:00:33,11.11,--,30,33330,卖盘
999,14:00:30,11.11,--,6,6666,卖盘
1000,14:00:24,11.11,-0.01,9,9999,卖盘
1001,14:00:21,11.12,--,3,3335,买盘
1002,14:00:18,11.12,--,211,235310,卖盘
1003,14:00:15,11.12,-0.01,71,79385,卖盘
1004,14:00:12,11.13,--,2,2226,买盘
1005,14:00:09,11.13,--,1,1113,买盘
1006,14:00:06,11.13,0.01,10,11130,买盘
1007,14:00:03,11.12,-0.01,85,94520,卖盘
1008,13:59:57,11.13,--,3,3339,买盘
1009,13:59:54,11.13,0.01,6,6678,买盘
1010,13:59:45,11.12,--,10,11120,卖盘
1011,13:59:42,11.12,-0.01,1,1112,卖盘
1012,13:59:33,11.13,0.01,8,8904,买盘
1013,13:59:30,11.12,-0.01,27,30023,卖盘
1014,13:59:27,11.13,0.02,1,1113,买盘
1015,13:59:21,11.11,-0.02,9,9999,卖盘
1016,13:59:18,11.13,0.02,3,3339,买盘
1017,13:59:15,11.11,--,48,53328,卖盘
1018,13:59:12,11.11,--,6,6666,卖盘
1019,13:59:09,11.11,--,5,5555,卖盘
1020,13:59:03,11.11,-0.01,208,231088,卖盘
1021,13:59:00,11.12,0.01,10,11120,买盘
1022,13:58:57,11.11,-0.01,9,9999,卖盘
1023,13:58:51,11.12,--,51,56711,买盘
1024,13:58:42,11.12,--,24,26687,买盘
1025,13:58:39,11.12,0.01,17,18904,买盘
1026,13:58:33,11.11,-0.01,9,9999,卖盘
1027,13:58:27,11.12,--,1,1112,买盘
1028,13:58:24,11.12,--,13,14455,买盘
1029,13:58:21,11.12,0.01,9,10008,买盘
1030,13:58:18,11.11,-0.01,89,98879,卖盘
1031,13:58:15,11.12,--,177,196824,买盘
1032,13:58:12,11.12,0.01,200,222399,买盘
1033,13:58:09,11.11,-0.01,6,6666,卖盘
1034,13:58:06,11.12,0.01,1,1112,买盘
1035,13:58:03,11.11,-0.01,85,94435,卖盘
1036,13:58:00,11.12,--,1,1112,买盘
1037,13:57:54,11.12,--,9,10008,买盘
1038,13:57:51,11.12,--,6,6671,买盘
1039,13:57:48,11.12,--,33,36696,买盘
1040,13:57:45,11.12,--,2,2224,买盘
1041,13:57:42,11.12,--,1,1112,买盘
1042,13:57:39,11.12,0.01,8,8896,买盘
1043,13:57:36,11.11,--,42,46662,卖盘
1044,13:57:33,11.11,--,5,5555,卖盘
1045,13:57:30,11.11,0.01,6,6666,买盘
1046,13:57:27,11.1,-0.02,7,7770,卖盘
1047,13:57:21,11.12,0.01,1,1112,买盘
1048,13:57:15,11.11,-0.01,20,22220,卖盘
1049,13:57:12,11.12,0.01,56,62271,买盘
1050,13:57:09,11.11,--,91,101101,买盘
1051,13:57:06,11.11,0.01,66,73326,买盘
1052,13:57:03,11.1,-0.01,122,135420,卖盘
1053,13:57:00,11.11,0.01,13,14443,买盘
1054,13:56:57,11.1,-0.01,6,6660,卖盘
1055,13:56:54,11.11,--,61,67771,买盘
1056,13:56:51,11.11,0.01,5,5555,买盘
1057,13:56:48,11.1,-0.01,40,44400,卖盘
1058,13:56:42,11.11,0.01,1,1111,买盘
1059,13:56:39,11.1,-0.01,6,6660,卖盘
1060,13:56:36,11.11,0.01,6,6666,买盘
1061,13:56:33,11.1,-0.01,9,9990,卖盘
1062,13:56:27,11.11,--,31,34441,买盘
1063,13:56:24,11.11,0.01,2,2222,买盘
1064,13:56:21,11.1,-0.01,21,23310,卖盘
1065,13:56:18,11.11,--,91,101101,卖盘
1066,13:56:12,11.11,-0.01,201,223311,卖盘
1067,13:56:09,11.12,0.01,1,1112,买盘
1068,13:56:03,11.11,--,111,123321,卖盘
1069,13:56:00,11.11,--,17,18887,卖盘
1070,13:55:57,11.11,--,22,24442,卖盘
1071,13:55:51,11.11,--,203,225533,卖盘
1072,13:55:48,11.11,-0.01,6,6666,卖盘
1073,13:55:45,11.12,--,52,57823,买盘
1074,13:55:36,11.12,0.01,126,140112,买盘
1075,13:55:33,11.11,-0.01,24,26664,卖盘
1076,13:55:30,11.12,--,20,22240,买盘
1077,13:55:27,11.12,--,29,32247,买盘
1078,13:55:24,11.12,0.01,12,13343,买盘
1079,13:55:21,11.11,--,31,34441,卖盘
1080,13:55:18,11.11,-0.01,21,23331,卖盘
1081,13:55:15,11.12,0.01,68,75616,买盘
1082,13:55:12,11.11,-0.01,1,1111,卖盘
1083,13:55:09,11.12,--,37,41144,买盘
1084,13:55:06,11.12,0.01,2,2224,买盘
1085,13:55:03,11.11,-0.01,88,97768,卖盘
1086,13:55:00,11.12,--,5,5560,买盘
1087,13:54:57,11.12,--,165,183480,卖盘
1088,13:54:54,11.12,--,300,333600,卖盘
1089,13:54:51,11.12,-0.01,16,17792,卖盘
1090,13:54:45,11.13,0.01,2,2226,买盘
1091,13:54:42,11.12,-0.01,6,6671,卖盘
1092,13:54:39,11.13,0.01,10,11130,买盘
1093,13:54:36,11.12,--,22,24464,卖盘
1094,13:54:33,11.12,--,63,70056,卖盘
1095,13:54:30,11.12,--,17,18904,卖盘
1096,13:54:27,11.12,-0.01,8,8896,卖盘
1097,13:54:24,11.13,0.01,49,54537,买盘
1098,13:54:21,11.12,--,1,1112,卖盘
1099,13:54:18,11.12,-0.01,68,75616,卖盘
1100,13:54:15,11.13,--,17,18921,买盘
1101,13:54:12,11.13,0.01,3,3339,买盘
1102,13:54:09,11.12,-0.01,283,314696,卖盘
1103,13:54:06,11.13,0.01,14,15582,买盘
1104,13:54:03,11.12,-0.01,113,125655,卖盘
1105,13:54:00,11.13,--,41,45633,买盘
1106,13:53:57,11.13,--,4,4452,买盘
1107,13:53:51,11.13,0.01,35,38955,买盘
1108,13:53:48,11.12,-0.01,1,1112,卖盘
1109,13:53:45,11.13,0.01,26,28938,买盘
1110,13:53:42,11.12,-0.01,31,34472,卖盘
1111,13:53:39,11.13,--,2,2226,买盘
1112,13:53:36,11.13,0.01,30,33390,买盘
1113,13:53:33,11.12,--,45,50040,卖盘
1114,13:53:30,11.12,-0.01,2,2224,卖盘
1115,13:53:27,11.13,0.01,52,57876,买盘
1116,13:53:24,11.12,--,15,16680,卖盘
1117,13:53:21,11.12,--,8,8896,卖盘
1118,13:53:18,11.12,--,9,10008,卖盘
1119,13:53:15,11.12,--,18,20016,卖盘
1120,13:53:12,11.12,--,77,85624,买盘
1121,13:53:06,11.12,0.01,11,12232,买盘
1122,13:53:03,11.11,-0.01,103,114433,卖盘
1123,13:53:00,11.12,--,26,28911,买盘
1124,13:52:57,11.12,--,28,31135,买盘
1125,13:52:54,11.12,--,1,1112,买盘
1126,13:52:45,11.12,0.01,2,2224,买盘
1127,13:52:42,11.11,--,6,6666,卖盘
1128,13:52:36,11.11,--,22,24442,卖盘
1129,13:52:33,11.11,--,27,29997,卖盘
1130,13:52:30,11.11,-0.01,42,46662,卖盘
1131,13:52:21,11.12,--,8,8896,买盘
1132,13:52:15,11.12,0.01,40,44480,买盘
1133,13:52:12,11.11,--,120,133320,卖盘
1134,13:52:09,11.11,--,18,20664,买盘
1135,13:52:06,11.11,--,10,11110,买盘
1136,13:52:03,11.11,-0.01,57,63771,卖盘
1137,13:52:00,11.12,0.01,1,1112,买盘
1138,13:51:57,11.11,-0.01,119,132209,卖盘
1139,13:51:54,11.12,0.01,1,1112,买盘
1140,13:51:51,11.11,-0.01,9,9999,卖盘
1141,13:51:48,11.12,--,25,27799,买盘
1142,13:51:45,11.12,--,3,3335,买盘
1143,13:51:42,11.12,0.01,9,10008,买盘
1144,13:51:39,11.11,--,8,8888,卖盘
1145,13:51:36,11.11,-0.01,32,35552,卖盘
1146,13:51:33,11.12,0.01,6,6671,买盘
1147,13:51:30,11.11,--,4,4444,卖盘
1148,13:51:24,11.11,-0.01,52,58438,卖盘
1149,13:51:21,11.12,0.01,12,13343,买盘
1150,13:51:18,11.11,--,12,13332,卖盘
1151,13:51:15,11.11,--,10,11110,卖盘
1152,13:51:12,11.11,--,17,18887,卖盘
1153,13:51:09,11.11,--,78,86658,买盘
1154,13:51:06,11.11,--,10,11110,买盘
1155,13:51:03,11.11,--,116,128876,买盘
1156,13:51:00,11.11,--,3,3333,买盘
1157,13:50:57,11.11,--,89,98879,卖盘
1158,13:50:51,11.11,--,40,44440,卖盘
1159,13:50:42,11.11,--,10,11110,卖盘
1160,13:50:39,11.11,--,22,24442,买盘
1161,13:50:36,11.11,--,23,25553,买盘
1162,13:50:33,11.11,0.01,42,46662,买盘
1163,13:50:30,11.1,--,12,13320,卖盘
1164,13:50:27,11.1,--,72,79920,卖盘
1165,13:50:24,11.1,-0.01,9,9990,卖盘
1166,13:50:21,11.11,0.01,18,19998,买盘
1167,13:50:18,11.1,--,9,9990,卖盘
1168,13:50:12,11.1,-0.01,49,54390,卖盘
1169,13:50:09,11.11,0.01,1,1111,买盘
1170,13:50:03,11.1,-0.02,57,63270,卖盘
1171,13:50:00,11.12,0.01,3,3335,买盘
1172,13:49:57,11.11,--,1,1111,卖盘
1173,13:49:54,11.11,-0.01,23,25553,卖盘
1174,13:49:51,11.12,--,3,3335,买盘
1175,13:49:48,11.12,0.01,1,1112,买盘
1176,13:49:45,11.11,--,3,3333,卖盘
1177,13:49:39,11.11,--,74,82214,卖盘
1178,13:49:36,11.11,--,8,8888,卖盘
1179,13:49:33,11.11,--,51,56661,卖盘
1180,13:49:30,11.11,--,3,3333,卖盘
1181,13:49:21,11.11,-0.01,5,5555,卖盘
1182,13:49:18,11.12,0.01,1,1112,买盘
1183,13:49:15,11.11,--,35,38885,卖盘
1184,13:49:12,11.11,--,1,1111,卖盘
1185,13:49:09,11.11,--,22,24442,卖盘
1186,13:49:06,11.11,0.01,24,26664,买盘
1187,13:49:03,11.1,-0.01,128,142080,卖盘
1188,13:49:00,11.11,--,4,4444,卖盘
1189,13:48:51,11.11,0.01,9,9999,买盘
1190,13:48:48,11.1,-0.01,6,6660,卖盘
1191,13:48:42,11.11,--,51,56661,买盘
1192,13:48:39,11.11,--,1060,1177660,买盘
1193,13:48:36,11.11,--,34,37774,买盘
1194,13:48:33,11.11,--,6,6666,买盘
1195,13:48:30,11.11,--,6,6666,买盘
1196,13:48:27,11.11,--,129,143319,卖盘
1197,13:48:24,11.11,-0.02,169,187759,卖盘
1198,13:48:21,11.13,--,23,25599,买盘
1199,13:48:18,11.13,0.02,395,439635,买盘
1200,13:48:15,11.11,-0.01,25,27775,卖盘
1201,13:48:12,11.12,--,39,43368,买盘
1202,13:48:09,11.12,0.01,44,48928,买盘
1203,13:48:06,11.11,-0.01,8,8888,卖盘
1204,13:48:03,11.12,0.01,99,110087,买盘
1205,13:48:00,11.11,-0.01,14,15554,卖盘
1206,13:47:54,11.12,0.01,89,98968,买盘
1207,13:47:48,11.11,-0.01,2,2222,卖盘
1208,13:47:45,11.12,0.01,1,1112,买盘
1209,13:47:36,11.11,--,6,6666,卖盘
1210,13:47:33,11.11,--,24,26664,卖盘
1211,13:47:30,11.11,--,3,3333,卖盘
1212,13:47:27,11.11,--,32,35552,卖盘
1213,13:47:24,11.11,--,30,33330,卖盘
1214,13:47:21,11.11,--,10,11110,卖盘
1215,13:47:18,11.11,--,18,19998,卖盘
1216,13:47:15,11.11,--,7,7777,卖盘
1217,13:47:12,11.11,-0.01,9,9999,卖盘
1218,13:47:09,11.12,0.01,205,227959,买盘
1219,13:47:06,11.11,0.01,86,95546,买盘
1220,13:47:03,11.1,-0.01,83,92130,卖盘
1221,13:47:00,11.11,--,1,1111,买盘
1222,13:46:57,11.11,--,5,5555,买盘
1223,13:46:54,11.11,0.01,52,57772,买盘
1224,13:46:51,11.1,-0.01,121,134310,卖盘
1225,13:46:48,11.11,0.01,12,13332,买盘
1226,13:46:45,11.1,-0.01,30,33300,卖盘
1227,13:46:42,11.11,--,1,1111,买盘
1228,13:46:39,11.11,--,2,2222,买盘
1229,13:46:36,11.11,--,10,11110,买盘
1230,13:46:33,11.11,0.01,7,7777,买盘
1231,13:46:30,11.1,--,66,73260,卖盘
1232,13:46:27,11.1,--,7,7770,卖盘
1233,13:46:24,11.1,-0.01,9,9990,卖盘
1234,13:46:21,11.11,--,1,1111,买盘
1235,13:46:18,11.11,0.01,32,35552,买盘
1236,13:46:15,11.1,-0.01,50,55500,卖盘
1237,13:46:12,11.11,--,72,79992,买盘
1238,13:46:09,11.11,--,8,8888,买盘
1239,13:46:03,11.11,--,144,159984,买盘
1240,13:46:00,11.11,--,39,43329,买盘
1241,13:45:54,11.11,0.01,12,13332,买盘
1242,13:45:51,11.1,-0.01,5,5550,卖盘
1243,13:45:48,11.11,--,22,24442,买盘
1244,13:45:42,11.11,0.01,54,59994,买盘
1245,13:45:39,11.1,-0.01,1,1110,卖盘
1246,13:45:36,11.11,0.01,21,23331,买盘
1247,13:45:33,11.1,-0.01,7,7770,卖盘
1248,13:45:30,11.11,--,110,122210,买盘
1249,13:45:27,11.11,--,39,43329,买盘
1250,13:45:24,11.11,--,6,6666,买盘
1251,13:45:21,11.11,--,28,31108,买盘
1252,13:45:18,11.11,--,11,12221,买盘
1253,13:45:15,11.11,0.01,12,13332,买盘
1254,13:45:12,11.1,-0.01,26,28860,卖盘
1255,13:45:09,11.11,0.01,25,27775,买盘
1256,13:45:06,11.1,--,1,1110,卖盘
1257,13:45:03,11.1,--,109,120990,买盘
1258,13:45:00,11.1,--,36,39960,买盘
1259,13:44:57,11.1,--,17,18870,卖盘
1260,13:44:54,11.1,--,28,31080,卖盘
1261,13:44:51,11.1,0.01,71,78810,买盘
1262,13:44:48,11.09,--,12,13308,卖盘
1263,13:44:42,11.09,-0.01,42,46578,卖盘
1264,13:44:39,11.1,--,208,230880,卖盘
1265,13:44:33,11.1,--,17,18870,卖盘
1266,13:44:30,11.1,-0.01,20,22200,卖盘
1267,13:44:27,11.11,--,21,23331,买盘
1268,13:44:24,11.11,--,20,22220,买盘
1269,13:44:21,11.11,--,155,172205,买盘
1270,13:44:18,11.11,0.01,55,61105,买盘
1271,13:44:15,11.1,-0.01,22,24420,卖盘
1272,13:44:12,11.11,--,1,1111,买盘
1273,13:44:09,11.11,0.01,10,11110,买盘
1274,13:44:06,11.1,--,6,6660,卖盘
1275,13:44:03,11.1,--,112,124320,卖盘
1276,13:43:57,11.1,-0.01,55,61050,卖盘
1277,13:43:54,11.11,0.01,21,23331,买盘
1278,13:43:51,11.1,-0.01,19,21090,卖盘
1279,13:43:48,11.11,--,24,26664,买盘
1280,13:43:45,11.11,--,132,146652,买盘
1281,13:43:42,11.11,--,13,14443,买盘
1282,13:43:39,11.11,--,376,417736,买盘
1283,13:43:33,11.11,0.01,27,29997,买盘
1284,13:43:30,11.1,--,4,4440,卖盘
1285,13:43:27,11.1,--,144,159840,买盘
1286,13:43:24,11.1,0.01,25,27750,买盘
1287,13:43:21,11.09,--,158,175222,买盘
1288,13:43:18,11.09,-0.01,40,44360,卖盘
1289,13:43:15,11.1,0.01,41,45510,买盘
1290,13:43:12,11.09,--,43,47687,卖盘
1291,13:43:09,11.09,--,9,9981,卖盘
1292,13:43:06,11.09,--,57,63213,买盘
1293,13:43:03,11.09,--,108,119772,买盘
1294,13:43:00,11.09,--,33,36597,买盘
1295,13:42:57,11.09,--,21,23289,买盘
1296,13:42:54,11.09,-0.01,78,86502,卖盘
1297,13:42:51,11.1,0.01,14,15540,买盘
1298,13:42:48,11.09,--,17,18853,卖盘
1299,13:42:45,11.09,--,145,160805,买盘
1300,13:42:42,11.09,0.01,89,98701,买盘
1301,13:42:39,11.08,--,104,115232,卖盘
1302,13:42:36,11.08,-0.02,47,52076,卖盘
1303,13:42:33,11.1,--,9,9990,买盘
1304,13:42:30,11.1,0.01,58,64380,买盘
1305,13:42:27,11.09,0.01,62,68758,买盘
1306,13:42:24,11.08,-0.01,1,1108,卖盘
1307,13:42:21,11.09,--,52,57668,买盘
1308,13:42:18,11.09,--,38,42142,买盘
1309,13:42:15,11.09,0.01,49,54341,买盘
1310,13:42:12,11.08,-0.01,201,222708,卖盘
1311,13:42:09,11.09,--,40,44360,买盘
1312,13:42:03,11.09,--,97,107573,买盘
1313,13:42:00,11.09,--,91,100919,买盘
1314,13:41:57,11.09,--,109,120881,买盘
1315,13:41:54,11.09,--,107,118663,买盘
1316,13:41:51,11.09,--,8,8872,买盘
1317,13:41:45,11.09,--,43,47687,买盘
1318,13:41:42,11.09,--,32,35488,买盘
1319,13:41:39,11.09,--,11,12199,买盘
1320,13:41:36,11.09,--,24,27281,卖盘
1321,13:41:33,11.09,--,173,191857,卖盘
1322,13:41:30,11.09,--,1,1109,卖盘
1323,13:41:27,11.09,--,6,6654,卖盘
1324,13:41:24,11.09,--,114,126426,卖盘
1325,13:41:21,11.09,-0.01,210,232890,卖盘
1326,13:41:18,11.1,0.01,1,1110,买盘
1327,13:41:15,11.09,-0.01,51,56559,卖盘
1328,13:41:12,11.1,0.01,215,238650,买盘
1329,13:41:09,11.09,--,236,261724,卖盘
1330,13:41:03,11.09,--,283,313847,卖盘
1331,13:41:00,11.09,-0.01,5,5545,卖盘
1332,13:40:57,11.1,--,15,16650,买盘
1333,13:40:54,11.1,0.01,2,2220,买盘
1334,13:40:51,11.09,--,10,11090,卖盘
1335,13:40:48,11.09,-0.01,1,1109,卖盘
1336,13:40:45,11.1,--,5,5550,买盘
1337,13:40:39,11.1,--,8,8880,买盘
1338,13:40:36,11.1,--,8,8880,买盘
1339,13:40:33,11.1,--,8,8880,买盘
1340,13:40:30,11.1,0.01,25,27750,买盘
1341,13:40:27,11.09,-0.01,30,33270,卖盘
1342,13:40:24,11.1,--,2,2220,买盘
1343,13:40:21,11.1,--,121,134310,买盘
1344,13:40:18,11.1,--,6,6660,买盘
1345,13:40:09,11.1,--,144,159840,买盘
1346,13:40:06,11.1,0.01,180,199800,买盘
1347,13:40:03,11.09,-0.01,110,121990,卖盘
1348,13:40:00,11.1,--,112,124320,买盘
1349,13:39:57,11.1,0.01,1,1110,买盘
1350,13:39:51,11.09,--,44,48796,卖盘
1351,13:39:48,11.09,--,186,206274,卖盘
1352,13:39:45,11.09,-0.01,2,2218,卖盘
1353,13:39:42,11.1,--,27,29970,买盘
1354,13:39:39,11.1,-0.01,36,39960,卖盘
1355,13:39:30,11.11,--,8,8888,买盘
1356,13:39:27,11.11,0.01,1,1111,买盘
1357,13:39:24,11.1,--,55,61050,卖盘
1358,13:39:21,11.1,-0.01,63,69930,卖盘
1359,13:39:18,11.11,0.01,29,32219,买盘
1360,13:39:15,11.1,-0.01,5,5550,卖盘
1361,13:39:12,11.11,0.01,32,35552,买盘
1362,13:39:09,11.1,--,64,71040,卖盘
1363,13:39:06,11.1,-0.01,12,13320,卖盘
1364,13:39:03,11.11,--,86,95546,买盘
1365,13:39:00,11.11,--,3,3333,买盘
1366,13:38:54,11.11,--,8,8888,买盘
1367,13:38:48,11.11,0.01,66,73326,买盘
1368,13:38:45,11.1,--,2,2220,买盘
1369,13:38:42,11.1,--,1,1110,买盘
1370,13:38:36,11.1,--,170,188700,买盘
1371,13:38:30,11.1,0.01,13,14430,买盘
1372,13:38:27,11.09,-0.01,73,80957,卖盘
1373,13:38:24,11.1,0.01,8,8880,买盘
1374,13:38:21,11.09,-0.01,26,28834,卖盘
1375,13:38:18,11.1,0.01,2,2220,买盘
1376,13:38:15,11.09,--,17,18853,卖盘
1377,13:38:12,11.09,--,9,9981,卖盘
1378,13:38:09,11.09,--,55,60995,卖盘
1379,13:38:06,11.09,--,15,16635,卖盘
1380,13:38:03,11.09,--,84,93156,卖盘
1381,13:38:00,11.09,-0.01,1,1109,卖盘
1382,13:37:57,11.1,--,154,170940,买盘
1383,13:37:54,11.1,--,3,3330,买盘
1384,13:37:51,11.1,--,17,18870,买盘
1385,13:37:48,11.1,0.01,3,3330,买盘
1386,13:37:45,11.09,--,51,56559,卖盘
1387,13:37:39,11.09,-0.01,31,34379,卖盘
1388,13:37:36,11.1,--,6,6660,买盘
1389,13:37:30,11.1,0.01,62,68820,买盘
1390,13:37:27,11.09,-0.01,253,280577,卖盘
1391,13:37:24,11.1,--,94,104340,买盘
1392,13:37:21,11.1,--,61,67710,买盘
1393,13:37:18,11.1,--,3,3330,买盘
1394,13:37:09,11.1,--,20,22200,买盘
1395,13:37:06,11.1,--,10,11100,买盘
1396,13:37:03,11.1,0.01,370,410700,买盘
1397,13:37:00,11.09,--,50,55450,卖盘
1398,13:36:57,11.09,-0.01,26,28834,卖盘
1399,13:36:54,11.1,0.01,7,7770,买盘
1400,13:36:51,11.09,--,2,2218,卖盘
1401,13:36:45,11.09,-0.01,3,3327,卖盘
1402,13:36:42,11.1,--,1,1110,买盘
1403,13:36:36,11.1,0.01,16,17760,买盘
1404,13:36:33,11.09,-0.01,67,74303,卖盘
1405,13:36:30,11.1,0.01,8,8880,买盘
1406,13:36:24,11.09,-0.01,81,89829,卖盘
1407,13:36:21,11.1,-0.01,12,13320,卖盘
1408,13:36:18,11.11,--,2,2222,买盘
1409,13:36:15,11.11,0.02,1,1111,买盘
1410,13:36:12,11.09,-0.01,500,554500,卖盘
1411,13:36:03,11.1,--,100,111000,卖盘
1412,13:36:00,11.1,-0.01,1,1110,卖盘
1413,13:35:57,11.11,0.01,28,31108,买盘
1414,13:35:54,11.1,--,9,9990,卖盘
1415,13:35:51,11.1,--,821,911754,卖盘
1416,13:35:48,11.1,-0.01,76,84360,卖盘
1417,13:35:45,11.11,0.01,3,3333,买盘
1418,13:35:42,11.1,--,61,67710,卖盘
1419,13:35:39,11.1,--,100,111000,卖盘
1420,13:35:36,11.1,--,89,98790,卖盘
1421,13:35:33,11.1,-0.01,1,1110,卖盘
1422,13:35:30,11.11,--,9,9999,买盘
1423,13:35:27,11.11,0.01,56,62216,买盘
1424,13:35:24,11.1,--,36,39960,卖盘
1425,13:35:21,11.1,-0.01,28,31080,卖盘
1426,13:35:18,11.11,0.01,1,1111,买盘
1427,13:35:15,11.1,-0.01,72,79920,卖盘
1428,13:35:12,11.11,--,1,1111,买盘
1429,13:35:09,11.11,--,90,99990,买盘
1430,13:35:06,11.11,--,178,197758,买盘
1431,13:35:03,11.11,--,105,116655,买盘
1432,13:35:00,11.11,0.01,8,8888,买盘
1433,13:34:57,11.1,--,87,96570,卖盘
1434,13:34:48,11.1,--,11,12210,卖盘
1435,13:34:45,11.1,-0.01,151,167610,卖盘
1436,13:34:42,11.11,--,34,37774,买盘
1437,13:34:39,11.11,--,2,2222,买盘
1438,13:34:36,11.11,0.01,15,16665,买盘
1439,13:34:33,11.1,-0.01,35,38850,卖盘
1440,13:34:30,11.11,0.01,8,8888,买盘
1441,13:34:27,11.1,--,52,57720,卖盘
1442,13:34:24,11.1,--,42,46620,卖盘
1443,13:34:21,11.1,-0.01,1,1110,卖盘
1444,13:34:18,11.11,--,12,13332,买盘
1445,13:34:15,11.11,--,470,522170,卖盘
1446,13:34:12,11.11,--,1,1111,卖盘
1447,13:34:09,11.11,-0.01,29,32219,卖盘
1448,13:34:06,11.12,0.01,49,54487,买盘
1449,13:34:03,11.11,--,183,203313,卖盘
1450,13:34:00,11.11,-0.01,11,12221,卖盘
1451,13:33:57,11.12,--,11,12232,买盘
1452,13:33:54,11.12,--,11,12232,买盘
1453,13:33:51,11.12,--,2,2224,买盘
1454,13:33:48,11.12,--,31,34472,卖盘
1455,13:33:45,11.12,-0.01,219,243527,卖盘
1456,13:33:39,11.13,0.01,110,122430,买盘
1457,13:33:36,11.12,--,4,4448,卖盘
1458,13:33:33,11.12,--,37,41144,卖盘
1459,13:33:30,11.12,--,57,63383,卖盘
1460,13:33:27,11.12,--,22,24464,卖盘
1461,13:33:21,11.12,-0.01,26,28911,卖盘
1462,13:33:18,11.13,--,2,2226,买盘
1463,13:33:15,11.13,0.01,1,1113,买盘
1464,13:33:12,11.12,--,50,55599,卖盘
1465,13:33:09,11.12,-0.01,115,127879,卖盘
1466,13:33:06,11.13,0.01,1,1113,买盘
1467,13:33:03,11.12,--,96,106751,卖盘
1468,13:33:00,11.12,--,27,30023,卖盘
1469,13:32:54,11.12,-0.01,6,6671,卖盘
1470,13:32:51,11.13,0.01,5,5565,买盘
1471,13:32:48,11.12,--,19,21128,卖盘
1472,13:32:45,11.12,--,17,18904,卖盘
1473,13:32:39,11.12,-0.01,2,2224,卖盘
1474,13:32:36,11.13,0.01,25,27825,买盘
1475,13:32:33,11.12,-0.01,2,2224,卖盘
1476,13:32:30,11.13,0.01,29,32277,买盘
1477,13:32:27,11.12,-0.01,51,56711,卖盘
1478,13:32:24,11.13,--,29,32277,买盘
1479,13:32:21,11.13,0.01,5,5565,买盘
1480,13:32:18,11.12,--,14,15567,卖盘
1481,13:32:15,11.12,-0.01,16,17792,卖盘
1482,13:32:09,11.13,0.01,2,2226,买盘
1483,13:32:03,11.12,-0.01,93,103416,卖盘
1484,13:32:00,11.13,0.01,55,61215,买盘
1485,13:31:57,11.12,--,1,1112,卖盘
1486,13:31:48,11.12,-0.01,14,15567,卖盘
1487,13:31:45,11.13,0.01,1,1113,买盘
1488,13:31:39,11.12,-0.01,67,74504,卖盘
1489,13:31:33,11.13,--,3,3339,买盘
1490,13:31:30,11.13,--,6,6678,买盘
1491,13:31:27,11.13,--,5,5565,买盘
1492,13:31:24,11.13,0.01,3,3339,买盘
1493,13:31:21,11.12,--,28,31135,卖盘
1494,13:31:18,11.12,--,14,15567,卖盘
1495,13:31:12,11.12,--,3,3335,卖盘
1496,13:31:06,11.12,-0.01,42,46704,卖盘
1497,13:31:03,11.13,--,85,94605,买盘
1498,13:31:00,11.13,--,27,30051,买盘
1499,13:30:57,11.13,--,288,320544,卖盘
1500,13:30:51,11.13,--,32,35616,卖盘
1501,13:30:48,11.13,--,12,13356,卖盘
1502,13:30:39,11.13,--,2,2226,卖盘
1503,13:30:36,11.13,--,201,223713,卖盘
1504,13:30:33,11.13,-0.01,10,11130,卖盘
1505,13:30:30,11.14,0.01,16,17824,买盘
1506,13:30:27,11.13,-0.01,1,1113,卖盘
1507,13:30:21,11.14,0.01,6,6684,中性盘
1508,13:30:18,11.13,--,13,14469,卖盘
1509,13:30:15,11.13,-0.01,26,28938,卖盘
1510,13:30:12,11.14,--,102,113628,买盘
1511,13:30:09,11.14,--,30,33420,买盘
1512,13:30:06,11.14,--,395,440030,卖盘
1513,13:30:03,11.14,-0.01,83,92462,卖盘
1514,13:30:00,11.15,--,25,27875,买盘
1515,13:29:54,11.15,--,25,27875,买盘
1516,13:29:51,11.15,0.01,66,73590,买盘
1517,13:29:48,11.14,-0.01,6,6684,卖盘
1518,13:29:45,11.15,--,46,51290,买盘
1519,13:29:39,11.15,0.01,5,5575,买盘
1520,13:29:36,11.14,--,10,11140,卖盘
1521,13:29:33,11.14,-0.01,2,2228,卖盘
1522,13:29:30,11.15,--,7,7805,买盘
1523,13:29:27,11.15,--,50,55750,买盘
1524,13:29:24,11.15,--,17,18955,买盘
1525,13:29:21,11.15,0.01,50,55750,买盘
1526,13:29:18,11.14,-0.01,5,5570,卖盘
1527,13:29:15,11.15,0.01,61,68015,买盘
1528,13:29:12,11.14,--,56,62384,卖盘
1529,13:29:09,11.14,--,11,12254,卖盘
1530,13:29:06,11.14,-0.01,6,6684,卖盘
1531,13:29:03,11.15,--,187,208505,买盘
1532,13:28:57,11.15,--,57,63555,卖盘
1533,13:28:54,11.15,--,205,228575,买盘
1534,13:28:51,11.15,--,20,22300,买盘
1535,13:28:48,11.15,--,106,118190,买盘
1536,13:28:42,11.15,0.01,51,56865,买盘
1537,13:28:39,11.14,--,21,23394,卖盘
1538,13:28:36,11.14,-0.01,7,7798,卖盘
1539,13:28:30,11.15,0.01,16,17840,买盘
1540,13:28:27,11.14,-0.01,9,10026,卖盘
1541,13:28:24,11.15,0.01,1,1115,买盘
1542,13:28:18,11.14,-0.01,15,16710,卖盘
1543,13:28:15,11.15,--,105,117075,买盘
1544,13:28:09,11.15,0.01,6,6690,买盘
1545,13:28:03,11.14,--,100,111400,卖盘
1546,13:28:00,11.14,-0.01,20,22280,卖盘
1547,13:27:57,11.15,0.02,7,7805,买盘
1548,13:27:51,11.13,-0.01,28,31164,卖盘
1549,13:27:48,11.14,--,19,21166,买盘
1550,13:27:45,11.14,--,5,5570,买盘
1551,13:27:39,11.14,0.01,2,2228,买盘
1552,13:27:33,11.13,-0.01,9,10017,卖盘
1553,13:27:30,11.14,0.01,19,21166,买盘
1554,13:27:27,11.13,-0.01,44,48972,卖盘
1555,13:27:24,11.14,0.01,6,6684,买盘
1556,13:27:18,11.13,-0.01,20,22260,卖盘
1557,13:27:15,11.14,--,2,2228,买盘
1558,13:27:12,11.14,--,27,30078,买盘
1559,13:27:09,11.14,0.01,11,12254,买盘
1560,13:27:06,11.13,-0.01,50,55650,卖盘
1561,13:27:03,11.14,--,10,11140,卖盘
1562,13:27:00,11.14,--,10,11140,卖盘
1563,13:26:57,11.14,--,19,21166,买盘
1564,13:26:54,11.14,--,98,109172,卖盘
1565,13:26:51,11.14,--,2,2228,卖盘
1566,13:26:48,11.14,--,3,3342,卖盘
1567,13:26:42,11.14,-0.01,7,7798,卖盘
1568,13:26:39,11.15,0.01,10,11150,买盘
1569,13:26:36,11.14,-0.01,2,2228,卖盘
1570,13:26:33,11.15,--,6,6690,买盘
1571,13:26:30,11.15,--,6,6690,买盘
1572,13:26:24,11.15,--,10,11150,买盘
1573,13:26:21,11.15,0.01,10,11150,买盘
1574,13:26:18,11.14,--,10,11140,卖盘
1575,13:26:15,11.14,--,1,1114,卖盘
1576,13:26:12,11.14,--,23,25622,卖盘
1577,13:26:09,11.14,--,43,47902,卖盘
1578,13:26:06,11.14,--,9,10026,卖盘
1579,13:26:03,11.14,-0.01,133,148162,卖盘
1580,13:25:57,11.15,0.01,1,1115,买盘
1581,13:25:54,11.14,--,42,46788,卖盘
1582,13:25:51,11.14,-0.01,30,33420,卖盘
1583,13:25:48,11.15,0.01,1,1115,买盘
1584,13:25:45,11.14,--,10,11140,卖盘
1585,13:25:42,11.14,--,30,33420,卖盘
1586,13:25:39,11.14,--,7,7798,卖盘
1587,13:25:33,11.14,--,43,47902,卖盘
1588,13:25:30,11.14,--,29,32306,买盘
1589,13:25:24,11.14,0.01,16,17824,买盘
1590,13:25:21,11.13,--,12,13356,卖盘
1591,13:25:15,11.13,--,6,6678,卖盘
1592,13:25:12,11.13,-0.01,16,17808,卖盘
1593,13:25:09,11.14,--,46,51244,买盘
1594,13:25:06,11.14,0.01,5,5570,买盘
1595,13:25:03,11.13,-0.01,94,104622,卖盘
1596,13:25:00,11.14,0.01,5,5570,买盘
1597,13:24:57,11.13,-0.01,64,71232,卖盘
1598,13:24:54,11.14,--,1,1114,买盘
1599,13:24:51,11.14,0.01,1,1114,买盘
1600,13:24:48,11.13,--,16,17808,卖盘
1601,13:24:45,11.13,--,507,564291,买盘
1602,13:24:42,11.13,0.01,4,4452,买盘
1603,13:24:39,11.12,-0.01,1,1112,卖盘
1604,13:24:36,11.13,0.01,50,55650,买盘
1605,13:24:33,11.12,-0.01,9,10008,卖盘
1606,13:24:30,11.13,0.01,35,38955,买盘
1607,13:24:27,11.12,--,8,8896,卖盘
1608,13:24:24,11.12,--,13,14455,卖盘
1609,13:24:21,11.12,--,6,6671,卖盘
1610,13:24:18,11.12,-0.01,123,136776,卖盘
1611,13:24:15,11.13,0.01,1,1113,买盘
1612,13:24:12,11.12,--,13,14455,卖盘
1613,13:24:09,11.12,-0.01,1,1112,卖盘
1614,13:24:06,11.13,0.01,1,1113,买盘
1615,13:24:03,11.12,-0.01,83,92296,卖盘
1616,13:24:00,11.13,-0.01,6,6678,卖盘
1617,13:23:57,11.14,--,16,17824,买盘
1618,13:23:54,11.14,--,101,112514,买盘
1619,13:23:51,11.14,--,3,3342,买盘
1620,13:23:48,11.14,0.01,1,1114,买盘
1621,13:23:45,11.13,-0.01,2,2226,卖盘
1622,13:23:42,11.14,--,40,44560,买盘
1623,13:23:39,11.14,--,4,4456,买盘
1624,13:23:36,11.14,0.01,6,6684,买盘
1625,13:23:33,11.13,-0.01,8,8904,卖盘
1626,13:23:30,11.14,0.01,7,7798,买盘
1627,13:23:27,11.13,-0.01,9,10017,卖盘
1628,13:23:24,11.14,--,62,69068,买盘
1629,13:23:21,11.14,--,82,91348,买盘
1630,13:23:18,11.14,--,18,20052,买盘
1631,13:23:15,11.14,0.01,9,10026,买盘
1632,13:23:12,11.13,-0.01,18,20034,卖盘
1633,13:23:03,11.14,0.02,144,160416,买盘
1634,13:23:00,11.12,-0.01,81,90072,卖盘
1635,13:22:57,11.13,--,62,69006,买盘
1636,13:22:54,11.13,--,4,4452,买盘
1637,13:22:51,11.13,--,14,15582,买盘
1638,13:22:39,11.13,0.01,9,10017,买盘
1639,13:22:36,11.12,-0.01,2,2224,卖盘
1640,13:22:30,11.13,--,29,32277,买盘
1641,13:22:27,11.13,--,5,5565,买盘
1642,13:22:24,11.13,0.01,16,17808,买盘
1643,13:22:21,11.12,--,16,17792,卖盘
1644,13:22:18,11.12,-0.01,15,16680,卖盘
1645,13:22:15,11.13,0.01,1,1113,中性盘
1646,13:22:12,11.12,-0.02,12,13343,卖盘
1647,13:22:09,11.14,--,1,1114,买盘
1648,13:22:06,11.14,--,2,2228,买盘
1649,13:22:03,11.14,0.01,145,161530,买盘
1650,13:22:00,11.13,-0.01,27,30051,卖盘
1651,13:21:57,11.14,0.01,65,72410,买盘
1652,13:21:54,11.13,-0.01,52,57876,卖盘
1653,13:21:51,11.14,0.01,13,14482,买盘
1654,13:21:45,11.13,--,1,1113,卖盘
1655,13:21:42,11.13,--,1,1113,卖盘
1656,13:21:39,11.13,--,1,1113,卖盘
1657,13:21:36,11.13,0.01,65,72345,买盘
1658,13:21:33,11.12,-0.01,14,15567,卖盘
1659,13:21:30,11.13,0.01,7,7791,买盘
1660,13:21:27,11.12,--,64,71168,卖盘
1661,13:21:24,11.12,-0.01,6,6671,卖盘
1662,13:21:21,11.13,--,47,52311,买盘
1663,13:21:18,11.13,0.01,13,14469,买盘
1664,13:21:15,11.12,-0.01,26,28911,卖盘
1665,13:21:12,11.13,--,1,1113,卖盘
1666,13:21:09,11.13,--,51,56763,卖盘
1667,13:21:03,11.13,--,113,125769,卖盘
1668,13:21:00,11.13,--,7,7791,卖盘
1669,13:20:57,11.13,--,5,5565,卖盘
1670,13:20:51,11.13,--,10,11130,买盘
1671,13:20:48,11.13,-0.01,26,28938,卖盘
1672,13:20:45,11.14,--,1,1114,买盘
1673,13:20:36,11.14,0.02,10,11140,买盘
1674,13:20:30,11.12,-0.01,8,8896,卖盘
1675,13:20:27,11.13,--,4,4452,买盘
1676,13:20:24,11.13,0.01,27,30051,买盘
1677,13:20:21,11.12,--,29,32247,卖盘
1678,13:20:18,11.12,--,20,22240,卖盘
1679,13:20:15,11.12,--,20,22240,卖盘
1680,13:20:12,11.12,-0.01,16,17792,卖盘
1681,13:20:09,11.13,--,44,48972,卖盘
1682,13:20:06,11.13,--,6,6678,卖盘
1683,13:20:03,11.13,--,84,93492,卖盘
1684,13:20:00,11.13,--,24,26712,卖盘
1685,13:19:57,11.13,-0.01,134,149142,卖盘
1686,13:19:54,11.14,--,1,1114,买盘
1687,13:19:51,11.14,0.01,2,2228,买盘
1688,13:19:45,11.13,--,6,6678,卖盘
1689,13:19:42,11.13,-0.01,9,10017,卖盘
1690,13:19:39,11.14,--,9,10026,买盘
1691,13:19:36,11.14,0.01,1,1114,买盘
1692,13:19:33,11.13,-0.01,2,2226,卖盘
1693,13:19:30,11.14,--,6,6684,买盘
1694,13:19:24,11.14,0.01,3,3342,买盘
1695,13:19:21,11.13,-0.01,4,4452,中性盘
1696,13:19:06,11.14,--,10,11140,买盘
1697,13:19:03,11.14,--,85,94690,买盘
1698,13:18:57,11.14,0.02,1,1114,买盘
1699,13:18:54,11.12,--,5,5560,卖盘
1700,13:18:45,11.12,--,6,6671,卖盘
1701,13:18:42,11.12,-0.01,5,5560,卖盘
1702,13:18:39,11.13,0.01,31,34503,中性盘
1703,13:18:36,11.12,--,87,96744,卖盘
1704,13:18:33,11.12,-0.02,72,80064,卖盘
1705,13:18:30,11.14,--,36,40104,买盘
1706,13:18:27,11.14,0.02,22,24508,买盘
1707,13:18:21,11.12,--,58,64495,卖盘
1708,13:18:12,11.12,-0.01,1,1112,卖盘
1709,13:18:09,11.13,0.01,139,154707,买盘
1710,13:18:03,11.12,--,85,94520,卖盘
1711,13:18:00,11.12,-0.01,7,7783,卖盘
1712,13:17:57,11.13,0.01,3,3339,买盘
1713,13:17:54,11.12,-0.01,52,57823,卖盘
1714,13:17:51,11.13,0.01,30,33390,买盘
1715,13:17:45,11.12,--,6,6671,卖盘
1716,13:17:42,11.12,--,1,1112,卖盘
1717,13:17:36,11.12,--,16,17792,卖盘
1718,13:17:33,11.12,0.01,239,265768,买盘
1719,13:17:30,11.11,--,7,7777,卖盘
1720,13:17:27,11.11,--,28,31108,卖盘
1721,13:17:21,11.11,--,16,17776,卖盘
1722,13:17:18,11.11,--,53,58883,买盘
1723,13:17:15,11.11,--,1,1111,买盘
1724,13:17:12,11.11,0.01,10,11110,买盘
1725,13:17:09,11.1,-0.01,33,36630,卖盘
1726,13:17:06,11.11,--,16,17776,买盘
1727,13:17:03,11.11,-0.01,114,126654,卖盘
1728,13:17:00,11.12,--,12,13343,买盘
1729,13:16:57,11.12,--,31,34472,买盘
1730,13:16:54,11.12,0.01,14,15567,买盘
1731,13:16:51,11.11,-0.01,4,4444,卖盘
1732,13:16:45,11.12,--,9,10008,买盘
1733,13:16:42,11.12,--,6,6671,买盘
1734,13:16:36,11.12,--,1,1112,买盘
1735,13:16:33,11.12,0.01,38,42256,买盘
1736,13:16:30,11.11,0.01,8,8888,买盘
1737,13:16:27,11.1,-0.01,25,27750,卖盘
1738,13:16:24,11.11,--,4,4444,买盘
1739,13:16:21,11.11,--,1,1111,买盘
1740,13:16:18,11.11,--,120,133320,买盘
1741,13:16:15,11.11,0.01,52,57772,买盘
1742,13:16:12,11.1,-0.01,33,36630,卖盘
1743,13:16:09,11.11,--,8,8888,买盘
1744,13:16:06,11.11,0.01,3,3333,买盘
1745,13:16:03,11.1,--,135,149850,卖盘
1746,13:16:00,11.1,-0.01,27,29970,卖盘
1747,13:15:54,11.11,0.01,19,21109,买盘
1748,13:15:48,11.1,-0.01,9,9990,卖盘
1749,13:15:45,11.11,0.01,11,12221,买盘
1750,13:15:42,11.1,--,1,1110,卖盘
1751,13:15:39,11.1,--,49,54390,买盘
1752,13:15:36,11.1,--,29,32190,买盘
1753,13:15:33,11.1,--,133,147630,买盘
1754,13:15:30,11.1,--,91,101010,买盘
1755,13:15:27,11.1,0.01,21,23310,买盘
1756,13:15:24,11.09,-0.01,35,38815,卖盘
1757,13:15:21,11.1,0.01,19,21090,买盘
1758,13:15:18,11.09,-0.01,6,6654,卖盘
1759,13:15:15,11.1,--,24,26640,买盘
1760,13:15:12,11.1,0.01,18,19980,买盘
1761,13:15:09,11.09,-0.01,61,67649,卖盘
1762,13:15:06,11.1,0.01,108,119880,买盘
1763,13:15:03,11.09,-0.01,161,178549,卖盘
1764,13:15:00,11.1,--,8,8880,买盘
1765,13:14:57,11.1,--,75,83250,买盘
1766,13:14:54,11.1,--,18,19980,买盘
1767,13:14:51,11.1,0.01,18,19980,买盘
1768,13:14:45,11.09,-0.01,112,124208,卖盘
1769,13:14:42,11.1,--,72,79920,买盘
1770,13:14:39,11.1,-0.01,71,78810,卖盘
1771,13:14:36,11.11,--,8,8888,买盘
1772,13:14:33,11.11,0.01,36,39996,买盘
1773,13:14:30,11.1,--,114,126540,卖盘
1774,13:14:27,11.1,--,160,177600,买盘
1775,13:14:24,11.1,--,193,214230,卖盘
1776,13:14:21,11.1,--,27,29970,卖盘
1777,13:14:18,11.1,-0.02,19,21090,卖盘
1778,13:14:06,11.12,--,59,65608,买盘
1779,13:14:03,11.12,0.01,85,94520,买盘
1780,13:13:57,11.11,--,22,24442,卖盘
1781,13:13:54,11.11,--,321,356631,买盘
1782,13:13:51,11.11,0.01,2,2222,买盘
1783,13:13:48,11.1,-0.01,5,5550,卖盘
1784,13:13:42,11.11,--,2,2222,买盘
1785,13:13:39,11.11,--,71,78881,买盘
1786,13:13:36,11.11,--,6,6666,买盘
1787,13:13:30,11.11,0.01,6,6666,买盘
1788,13:13:27,11.1,-0.01,200,222000,卖盘
1789,13:13:24,11.11,--,28,31108,买盘
1790,13:13:21,11.11,0.01,39,43329,买盘
1791,13:13:18,11.1,--,17,18870,卖盘
1792,13:13:15,11.1,--,1,1110,卖盘
1793,13:13:12,11.1,-0.01,3,3330,卖盘
1794,13:13:09,11.11,0.01,37,41107,买盘
1795,13:13:06,11.1,--,16,17760,卖盘
1796,13:13:03,11.1,-0.01,84,93240,卖盘
1797,13:12:57,11.11,-0.01,419,465509,卖盘
1798,13:12:54,11.12,0.01,28,31135,买盘
1799,13:12:45,11.11,-0.01,6,6666,卖盘
1800,13:12:42,11.12,--,11,12232,买盘
1801,13:12:39,11.12,--,1,1112,买盘
1802,13:12:36,11.12,--,3,3335,买盘
1803,13:12:30,11.12,0.01,6,6671,买盘
1804,13:12:27,11.11,-0.01,17,18887,卖盘
1805,13:12:18,11.12,--,3,3335,买盘
1806,13:12:15,11.12,--,18,20016,买盘
1807,13:12:12,11.12,--,37,41144,买盘
1808,13:12:06,11.12,--,26,28911,买盘
1809,13:12:03,11.12,--,25,27799,卖盘
1810,13:12:00,11.12,-0.01,15,16680,卖盘
1811,13:11:57,11.13,--,50,55650,买盘
1812,13:11:51,11.13,--,14,15582,买盘
1813,13:11:48,11.13,--,18,20034,买盘
1814,13:11:45,11.13,0.02,2,2226,买盘
1815,13:11:39,11.11,-0.01,58,64438,卖盘
1816,13:11:36,11.12,--,23,25576,卖盘
1817,13:11:33,11.12,--,8,8896,买盘
1818,13:11:30,11.12,-0.01,9,10008,卖盘
1819,13:11:27,11.13,0.02,40,44520,买盘
1820,13:11:24,11.11,--,1,1111,卖盘
1821,13:11:21,11.11,-0.01,33,36663,卖盘
1822,13:11:18,11.12,0.01,80,88960,买盘
1823,13:11:12,11.11,--,19,21109,卖盘
1824,13:11:09,11.11,--,22,24442,卖盘
1825,13:11:06,11.11,--,54,59994,卖盘
1826,13:11:03,11.11,-0.01,96,106656,卖盘
1827,13:10:57,11.12,--,6,6671,买盘
1828,13:10:54,11.12,--,121,134552,买盘
1829,13:10:48,11.12,0.01,12,13343,买盘
1830,13:10:45,11.11,-0.01,100,111100,卖盘
1831,13:10:42,11.12,0.01,2,2224,买盘
1832,13:10:39,11.11,--,40,44440,买盘
1833,13:10:36,11.11,--,51,56661,买盘
1834,13:10:33,11.11,--,10,11110,买盘
1835,13:10:30,11.11,0.01,16,17776,买盘
1836,13:10:27,11.1,--,24,26640,卖盘
1837,13:10:21,11.1,--,17,18870,卖盘
1838,13:10:18,11.1,--,1,1110,卖盘
1839,13:10:15,11.1,--,1,1110,卖盘
1840,13:10:12,11.1,-0.01,128,142080,卖盘
1841,13:10:06,11.11,--,3,3333,买盘
1842,13:10:03,11.11,--,38,42218,卖盘
1843,13:09:57,11.11,-0.01,1,1111,卖盘
1844,13:09:51,11.12,--,3,3335,买盘
1845,13:09:45,11.12,0.01,3,3335,买盘
1846,13:09:42,11.11,-0.01,50,55550,卖盘
1847,13:09:36,11.12,0.01,8,8896,买盘
1848,13:09:33,11.11,0.01,6,6666,卖盘
1849,13:09:30,11.1,-0.01,90,99900,卖盘
1850,13:09:27,11.11,0.01,14,15554,买盘
1851,13:09:24,11.1,--,35,38850,买盘
1852,13:09:21,11.1,0.01,25,27750,中性盘
1853,13:09:12,11.09,-0.02,54,59886,卖盘
1854,13:09:09,11.11,0.01,24,26664,买盘
1855,13:09:06,11.1,0.01,29,32190,买盘
1856,13:09:03,11.09,-0.01,92,102028,卖盘
1857,13:09:00,11.1,--,58,64380,买盘
1858,13:08:57,11.1,--,35,38850,买盘
1859,13:08:54,11.1,--,46,51060,买盘
1860,13:08:51,11.1,--,23,25530,买盘
1861,13:08:48,11.1,-0.01,73,81030,卖盘
1862,13:08:45,11.11,0.02,37,41107,买盘
1863,13:08:42,11.09,-0.02,42,46578,卖盘
1864,13:08:39,11.11,0.01,28,31108,买盘
1865,13:08:36,11.1,--,1,1110,中性盘
1866,13:08:33,11.1,0.01,26,28860,买盘
1867,13:08:30,11.09,-0.02,31,34379,卖盘
1868,13:08:27,11.11,--,4,4444,买盘
1869,13:08:24,11.11,0.02,4,4444,买盘
1870,13:08:21,11.09,--,264,292776,卖盘
1871,13:08:15,11.09,--,75,83175,卖盘
1872,13:08:12,11.09,-0.01,9,9981,卖盘
1873,13:08:09,11.1,--,2,2220,买盘
1874,13:08:06,11.1,--,6,6660,买盘
1875,13:08:03,11.1,--,65,72150,卖盘
1876,13:08:00,11.1,--,8,8880,卖盘
1877,13:07:54,11.1,-0.01,51,56610,卖盘
1878,13:07:48,11.11,--,72,79992,买盘
1879,13:07:42,11.11,0.01,15,16665,买盘
1880,13:07:39,11.1,--,3,3330,买盘
1881,13:07:36,11.1,0.01,1,1110,买盘
1882,13:07:33,11.09,-0.01,31,34379,卖盘
1883,13:07:30,11.1,--,6,6660,买盘
1884,13:07:27,11.1,0.01,9,9990,买盘
1885,13:07:24,11.09,-0.01,55,60995,卖盘
1886,13:07:21,11.1,--,279,309690,买盘
1887,13:07:15,11.1,--,880,976800,买盘
1888,13:07:12,11.1,--,17,18870,买盘
1889,13:07:09,11.1,0.01,6,6660,买盘
1890,13:07:06,11.09,--,2,2218,卖盘
1891,13:07:03,11.09,-0.03,60,66540,卖盘
1892,13:06:54,11.12,0.03,2,2224,买盘
1893,13:06:51,11.09,-0.03,64,70976,卖盘
1894,13:06:48,11.12,0.02,30,33360,买盘
1895,13:06:45,11.1,--,51,56610,买盘
1896,13:06:39,11.1,--,10,11100,买盘
1897,13:06:36,11.1,0.01,39,43290,买盘
1898,13:06:33,11.09,-0.01,23,25507,卖盘
1899,13:06:30,11.1,--,46,51060,买盘
1900,13:06:27,11.1,--,115,127650,买盘
1901,13:06:24,11.1,-0.01,55,61050,买盘
1902,13:06:15,11.11,--,175,194425,卖盘
1903,13:06:12,11.11,-0.01,505,561055,中性盘
1904,13:06:06,11.12,--,1,1112,买盘
1905,13:06:03,11.12,0.02,87,96744,买盘
1906,13:05:54,11.1,-0.02,18,19980,卖盘
1907,13:05:48,11.12,--,112,124543,买盘
1908,13:05:42,11.12,0.02,33,36696,买盘
1909,13:05:39,11.1,-0.02,41,45510,卖盘
1910,13:05:36,11.12,--,1,1112,买盘
1911,13:05:33,11.12,--,1,1112,买盘
1912,13:05:30,11.12,0.02,6,6671,买盘
1913,13:05:24,11.1,-0.02,1,1110,卖盘
1914,13:05:18,11.12,0.02,9,10008,买盘
1915,13:05:15,11.1,-0.02,118,130980,中性盘
1916,13:05:09,11.12,0.02,4,4448,买盘
1917,13:05:06,11.1,--,152,168720,买盘
1918,13:05:03,11.1,--,134,148740,买盘
1919,13:05:00,11.1,0.01,2,2220,买盘
1920,13:04:57,11.09,--,20,22180,卖盘
1921,13:04:54,11.09,-0.01,9,9981,卖盘
1922,13:04:51,11.1,--,54,59940,买盘
1923,13:04:48,11.1,--,63,69930,买盘
1924,13:04:45,11.1,--,98,108780,买盘
1925,13:04:42,11.1,--,16,17760,买盘
1926,13:04:39,11.1,--,173,192030,买盘
1927,13:04:33,11.1,--,50,55500,买盘
1928,13:04:30,11.1,--,6,6660,买盘
1929,13:04:27,11.1,0.01,1,1110,买盘
1930,13:04:24,11.09,--,42,46578,卖盘
1931,13:04:21,11.09,--,22,24398,卖盘
1932,13:04:15,11.09,-0.01,26,28834,卖盘
1933,13:04:09,11.1,0.01,12,13320,买盘
1934,13:04:03,11.09,-0.01,93,103137,卖盘
1935,13:04:00,11.1,--,8,8880,买盘
1936,13:03:57,11.1,--,63,69930,买盘
1937,13:03:54,11.1,--,43,47730,买盘
1938,13:03:51,11.1,--,4,4440,买盘
1939,13:03:48,11.1,--,4,4440,买盘
1940,13:03:45,11.1,--,12,13320,买盘
1941,13:03:42,11.1,0.01,14,15540,买盘
1942,13:03:39,11.09,-0.01,39,43251,卖盘
1943,13:03:36,11.1,--,515,571661,卖盘
1944,13:03:33,11.1,-0.02,7,7770,卖盘
1945,13:03:27,11.12,0.02,8,8896,买盘
1946,13:03:24,11.1,-0.03,100,111000,卖盘
1947,13:03:18,11.13,0.03,26,28938,买盘
1948,13:03:15,11.1,--,10,11100,卖盘
1949,13:03:12,11.1,--,7,7770,卖盘
1950,13:03:09,11.1,-0.02,8,8880,卖盘
1951,13:03:06,11.12,0.01,70,77840,买盘
1952,13:03:03,11.11,0.01,111,123321,买盘
1953,13:03:00,11.1,--,14,15540,卖盘
1954,13:02:57,11.1,-0.01,200,222000,卖盘
1955,13:02:54,11.11,0.01,226,251086,买盘
1956,13:02:51,11.1,-0.01,27,29970,卖盘
1957,13:02:48,11.11,0.01,30,33330,买盘
1958,13:02:45,11.1,-0.01,4,4440,卖盘
1959,13:02:42,11.11,0.01,2,2222,买盘
1960,13:02:39,11.1,--,242,268620,卖盘
1961,13:02:33,11.1,-0.01,82,92118,卖盘
1962,13:02:30,11.11,--,201,223311,买盘
1963,13:02:27,11.11,0.01,1,1111,买盘
1964,13:02:24,11.1,-0.01,7,7770,卖盘
1965,13:02:21,11.11,--,35,38885,买盘
1966,13:02:18,11.11,--,5,5555,买盘
1967,13:02:12,11.11,0.01,12,13332,买盘
1968,13:02:09,11.1,-0.01,43,47730,卖盘
1969,13:02:06,11.11,--,12,13332,买盘
1970,13:02:03,11.11,-0.01,201,223322,卖盘
1971,13:02:00,11.12,0.01,4,4448,买盘
1972,13:01:51,11.11,--,107,118877,卖盘
1973,13:01:48,11.11,--,51,56661,卖盘
1974,13:01:42,11.11,-0.01,100,111100,卖盘
1975,13:01:39,11.12,0.01,14,15567,买盘
1976,13:01:30,11.11,--,3,3333,卖盘
1977,13:01:27,11.11,--,284,315524,卖盘
1978,13:01:18,11.11,--,51,56661,卖盘
1979,13:01:15,11.11,--,3,3333,卖盘
1980,13:01:12,11.11,--,10,11110,卖盘
1981,13:01:09,11.11,-0.01,246,273306,卖盘
1982,13:01:06,11.12,-0.01,22,24464,卖盘
1983,13:01:03,11.13,0.01,91,101283,买盘
1984,13:01:00,11.12,-0.01,91,101192,卖盘
1985,13:00:57,11.13,0.01,504,560952,买盘
1986,13:00:54,11.12,-0.01,195,216839,卖盘
1987,13:00:48,11.13,--,8,8904,买盘
1988,13:00:45,11.13,--,1,1113,买盘
1989,13:00:39,11.13,--,5,5565,买盘
1990,13:00:36,11.13,--,2,2226,买盘
1991,13:00:33,11.13,--,24,26712,买盘
1992,13:00:30,11.13,-0.01,72,80892,卖盘
1993,13:00:24,11.14,0.01,41,45674,买盘
1994,13:00:21,11.13,-0.01,62,69006,卖盘
1995,13:00:18,11.14,0.01,20,22280,买盘
1996,13:00:15,11.13,-0.01,1,1113,卖盘
1997,13:00:12,11.14,--,34,37876,买盘
1998,13:00:09,11.14,--,85,94690,买盘
1999,13:00:06,11.14,0.01,159,177482,买盘
2000,13:00:03,11.13,--,2153,2396289,卖盘
2001,13:00:00,11.13,--,5,5565,卖盘
2002,11:30:00,11.13,-0.01,17,18921,卖盘
2003,11:29:54,11.14,--,8,8912,买盘
2004,11:29:51,11.14,--,8,8912,买盘
2005,11:29:48,11.14,0.01,19,21166,买盘
2006,11:29:45,11.13,--,9,10017,买盘
2007,11:29:42,11.13,0.01,1,1113,买盘
2008,11:29:36,11.12,--,66,73392,卖盘
2009,11:29:33,11.12,--,34,37808,卖盘
2010,11:29:30,11.12,-0.01,55,61159,卖盘
2011,11:29:27,11.13,--,153,170289,买盘
2012,11:29:21,11.13,--,29,32277,买盘
2013,11:29:18,11.13,0.01,2,2226,买盘
2014,11:29:15,11.12,--,20,22240,卖盘
2015,11:29:12,11.12,-0.02,23,25576,卖盘
2016,11:29:09,11.14,--,49,54586,买盘
2017,11:29:06,11.14,0.01,40,44560,买盘
2018,11:29:00,11.13,0.01,38,42294,买盘
2019,11:28:57,11.12,--,31,34472,买盘
2020,11:28:54,11.12,0.01,12,13343,买盘
2021,11:28:51,11.11,-0.01,17,18887,卖盘
2022,11:28:48,11.12,--,317,352504,买盘
2023,11:28:45,11.12,--,7,7783,买盘
2024,11:28:42,11.12,--,66,73392,买盘
2025,11:28:39,11.12,0.01,95,105639,买盘
2026,11:28:36,11.11,-0.01,80,88880,卖盘
2027,11:28:33,11.12,--,1,1112,买盘
2028,11:28:30,11.12,--,1,1112,买盘
2029,11:28:27,11.12,--,40,44480,买盘
2030,11:28:24,11.12,--,27,30023,买盘
2031,11:28:18,11.12,--,30,33360,买盘
2032,11:28:15,11.12,--,13,14455,买盘
2033,11:28:12,11.12,--,29,32247,买盘
2034,11:28:09,11.12,--,18,20016,买盘
2035,11:28:06,11.12,--,6,6671,买盘
2036,11:28:00,11.12,--,24,26687,买盘
2037,11:27:57,11.12,--,2,2224,买盘
2038,11:27:51,11.12,--,182,202384,买盘
2039,11:27:48,11.12,--,20,22240,买盘
2040,11:27:45,11.12,--,8,8896,买盘
2041,11:27:42,11.12,--,34,37808,买盘
2042,11:27:39,11.12,--,4,4448,买盘
2043,11:27:36,11.12,--,8,8896,买盘
2044,11:27:33,11.12,--,16,17792,买盘
2045,11:27:27,11.12,--,2,2224,买盘
2046,11:27:24,11.12,--,13,14455,买盘
2047,11:27:21,11.12,--,3,3335,买盘
2048,11:27:12,11.12,--,335,372520,买盘
2049,11:27:09,11.12,0.01,1,1112,买盘
2050,11:27:00,11.11,--,154,171094,卖盘
2051,11:26:57,11.11,-0.01,50,55550,卖盘
2052,11:26:54,11.12,0.01,14,15567,买盘
2053,11:26:51,11.11,--,4,4444,卖盘
2054,11:26:48,11.11,-0.01,69,76659,卖盘
2055,11:26:42,11.12,--,26,28911,买盘
2056,11:26:39,11.12,--,8,8896,买盘
2057,11:26:33,11.12,0.01,2,2224,买盘
2058,11:26:30,11.11,-0.01,6,6666,卖盘
2059,11:26:24,11.12,0.01,6,6671,买盘
2060,11:26:21,11.11,-0.01,69,76659,卖盘
2061,11:26:18,11.12,0.01,6,6671,买盘
2062,11:26:15,11.11,-0.01,3,3333,卖盘
2063,11:26:12,11.12,0.01,8,8896,买盘
2064,11:26:09,11.11,--,215,238865,卖盘
2065,11:26:06,11.11,-0.01,28,31108,卖盘
2066,11:25:57,11.12,--,4,4448,买盘
2067,11:25:54,11.12,--,30,33360,买盘
2068,11:25:51,11.12,--,10,11120,买盘
2069,11:25:48,11.12,--,2,2224,买盘
2070,11:25:45,11.12,--,128,142336,买盘
2071,11:25:39,11.12,--,11,12232,买盘
2072,11:25:36,11.12,0.01,3,3335,买盘
2073,11:25:30,11.11,-0.01,17,18887,卖盘
2074,11:25:27,11.12,--,51,56711,买盘
2075,11:25:24,11.12,0.01,15,16680,买盘
2076,11:25:21,11.11,-0.01,0,222,卖盘
2077,11:25:18,11.12,0.01,177,196824,买盘
2078,11:25:12,11.11,--,3,3333,卖盘
2079,11:25:09,11.11,--,142,157762,卖盘
2080,11:25:06,11.11,-0.01,12,13332,卖盘
2081,11:25:03,11.12,--,11,12232,买盘
2082,11:24:54,11.12,--,20,22240,买盘
2083,11:24:51,11.12,0.01,5,5560,买盘
2084,11:24:48,11.11,-0.01,68,75903,卖盘
2085,11:24:45,11.12,--,11,12232,买盘
2086,11:24:42,11.12,--,1,1112,买盘
2087,11:24:39,11.12,--,7,7783,买盘
2088,11:24:36,11.12,--,30,33360,买盘
2089,11:24:33,11.12,0.01,5,5560,买盘
2090,11:24:27,11.11,--,136,151096,卖盘
2091,11:24:24,11.11,--,2,2222,卖盘
2092,11:24:21,11.11,--,1,1111,卖盘
2093,11:24:18,11.11,--,6,6666,卖盘
2094,11:24:15,11.11,--,94,104434,卖盘
2095,11:24:09,11.11,-0.01,51,56661,卖盘
2096,11:24:06,11.12,--,107,118983,买盘
2097,11:24:00,11.12,--,5,5560,买盘
2098,11:23:57,11.12,--,1,1112,买盘
2099,11:23:54,11.12,--,10,11120,买盘
2100,11:23:51,11.12,--,12,13343,买盘
2101,11:23:48,11.12,--,30,33360,买盘
2102,11:23:45,11.12,--,10,11120,买盘
2103,11:23:42,11.12,--,91,101192,买盘
2104,11:23:39,11.12,0.01,44,48928,买盘
2105,11:23:36,11.11,-0.01,56,62216,卖盘
2106,11:23:33,11.12,--,6,6671,买盘
2107,11:23:30,11.12,0.01,20,22240,买盘
2108,11:23:27,11.11,--,1,1111,卖盘
2109,11:23:21,11.11,--,24,26664,卖盘
2110,11:23:18,11.11,-0.01,1,1111,卖盘
2111,11:23:15,11.12,--,52,57823,买盘
2112,11:23:09,11.12,0.01,80,88960,买盘
2113,11:23:06,11.11,-0.01,2,2222,卖盘
2114,11:23:03,11.12,--,33,36696,买盘
2115,11:23:00,11.12,--,8,8896,买盘
2116,11:22:57,11.12,0.01,4,4448,买盘
2117,11:22:54,11.11,-0.01,12,13332,卖盘
2118,11:22:51,11.12,--,3,3335,买盘
2119,11:22:48,11.12,--,33,36696,买盘
2120,11:22:42,11.12,-0.01,164,182368,卖盘
2121,11:22:39,11.13,0.01,24,26712,买盘
2122,11:22:36,11.12,-0.01,2,2224,卖盘
2123,11:22:30,11.13,--,120,133560,买盘
2124,11:22:27,11.13,0.02,2,2226,买盘
2125,11:22:24,11.11,--,90,99990,卖盘
2126,11:22:21,11.11,-0.02,14,15554,卖盘
2127,11:22:18,11.13,--,2,2226,买盘
2128,11:22:15,11.13,--,8,8904,买盘
2129,11:22:12,11.13,0.02,7,7791,买盘
2130,11:22:09,11.11,-0.01,82,91102,卖盘
2131,11:22:06,11.12,--,33,37218,买盘
2132,11:22:03,11.12,--,9,10008,买盘
2133,11:22:00,11.12,--,90,100080,买盘
2134,11:21:57,11.12,--,35,38920,买盘
2135,11:21:54,11.12,--,16,17792,买盘
2136,11:21:51,11.12,--,147,163464,买盘
2137,11:21:48,11.12,0.01,10,11120,买盘
2138,11:21:45,11.11,--,575,638825,买盘
2139,11:21:39,11.11,--,10,11110,买盘
2140,11:21:36,11.11,--,2,2222,买盘
2141,11:21:33,11.11,--,24,26664,买盘
2142,11:21:30,11.11,--,8,8888,买盘
2143,11:21:27,11.11,--,17,18887,买盘
2144,11:21:24,11.11,--,74,82214,买盘
2145,11:21:21,11.11,0.01,92,102212,买盘
2146,11:21:18,11.1,--,7,7770,卖盘
2147,11:21:15,11.1,-0.01,91,101010,卖盘
2148,11:21:12,11.11,--,25,27775,买盘
2149,11:21:09,11.11,--,28,31108,买盘
2150,11:21:06,11.11,--,119,132209,买盘
2151,11:21:03,11.11,0.01,30,33330,买盘
2152,11:21:00,11.1,-0.01,8,8880,卖盘
2153,11:20:57,11.11,--,627,696597,买盘
2154,11:20:51,11.11,--,75,83325,买盘
2155,11:20:48,11.11,--,2,2222,买盘
2156,11:20:45,11.11,--,1,1111,卖盘
2157,11:20:42,11.11,--,31,35029,卖盘
2158,11:20:39,11.11,--,1104,1226544,卖盘
2159,11:20:33,11.11,--,14,15554,卖盘
2160,11:20:27,11.11,-0.01,39,43329,卖盘
2161,11:20:21,11.12,--,19,21128,买盘
2162,11:20:18,11.12,0.01,2,2224,买盘
2163,11:20:15,11.11,--,20,22220,卖盘
2164,11:20:12,11.11,-0.01,1,1111,卖盘
2165,11:20:09,11.12,--,311,345832,买盘
2166,11:20:03,11.12,0.01,10,11120,买盘
2167,11:19:57,11.11,-0.01,1,1111,卖盘
2168,11:19:54,11.12,0.01,19,21128,买盘
2169,11:19:48,11.11,-0.01,9,9999,卖盘
2170,11:19:45,11.12,--,61,67832,买盘
2171,11:19:42,11.12,--,142,157904,买盘
2172,11:19:36,11.12,--,8,8896,买盘
2173,11:19:33,11.12,0.01,102,113423,买盘
2174,11:19:30,11.11,-0.01,60,66660,卖盘
2175,11:19:27,11.12,-0.01,41,45592,卖盘
2176,11:19:24,11.13,0.01,20,22260,买盘
2177,11:19:18,11.12,--,43,47816,卖盘
2178,11:19:15,11.12,--,86,95632,卖盘
2179,11:19:12,11.12,-0.01,354,393648,卖盘
2180,11:19:09,11.13,0.01,4,4452,买盘
2181,11:19:06,11.12,--,3,3335,卖盘
2182,11:19:03,11.12,--,6,7272,买盘
2183,11:19:00,11.12,--,3,3335,买盘
2184,11:18:57,11.12,--,5,5560,买盘
2185,11:18:54,11.12,0.01,2,2224,买盘
2186,11:18:51,11.11,-0.01,3,3333,卖盘
2187,11:18:42,11.12,--,2,2224,买盘
2188,11:18:39,11.12,-0.01,100,111711,卖盘
2189,11:18:36,11.13,0.01,9,10017,买盘
2190,11:18:30,11.12,-0.01,30,33360,卖盘
2191,11:18:27,11.13,--,10,11130,买盘
2192,11:18:24,11.13,--,29,32277,买盘
2193,11:18:21,11.13,--,14,15582,买盘
2194,11:18:18,11.13,0.01,20,22260,买盘
2195,11:18:12,11.12,-0.01,203,225735,卖盘
2196,11:18:09,11.13,--,2,2226,买盘
2197,11:18:06,11.13,0.01,62,69607,买盘
2198,11:18:00,11.12,-0.01,38,42256,卖盘
2199,11:17:57,11.13,--,118,131334,买盘
2200,11:17:54,11.13,--,89,99057,买盘
2201,11:17:51,11.13,--,1,1113,买盘
2202,11:17:42,11.13,--,2,2226,买盘
2203,11:17:39,11.13,--,12,13356,买盘
2204,11:17:36,11.13,--,49,54537,买盘
2205,11:17:30,11.13,--,2,2226,买盘
2206,11:17:27,11.13,--,1,1113,买盘
2207,11:17:24,11.13,--,20,22260,买盘
2208,11:17:21,11.13,0.01,1,1113,买盘
2209,11:17:18,11.12,-0.01,18,20016,卖盘
2210,11:17:15,11.13,--,4,4452,买盘
2211,11:17:12,11.13,--,32,35616,买盘
2212,11:17:06,11.13,0.01,2,2226,买盘
2213,11:17:03,11.12,--,4,4448,卖盘
2214,11:17:00,11.12,-0.01,7,7783,卖盘
2215,11:16:57,11.13,0.01,1,1113,买盘
2216,11:16:54,11.12,--,28,31135,卖盘
2217,11:16:51,11.12,--,4,4448,卖盘
2218,11:16:45,11.12,-0.01,16,17792,卖盘
2219,11:16:42,11.13,--,2,2226,买盘
2220,11:16:39,11.13,--,52,57876,买盘
2221,11:16:36,11.13,--,1,1113,买盘
2222,11:16:30,11.13,0.01,1,1113,买盘
2223,11:16:27,11.12,--,15,16680,买盘
2224,11:16:24,11.12,-0.01,28,31135,卖盘
2225,11:16:21,11.13,0.01,56,62328,买盘
2226,11:16:18,11.12,--,44,48928,买盘
2227,11:16:15,11.12,--,1,1112,买盘
2228,11:16:12,11.12,0.01,30,33360,买盘
2229,11:16:09,11.11,-0.01,24,26664,卖盘
2230,11:16:06,11.12,--,13,14455,买盘
2231,11:16:03,11.12,--,22,24464,买盘
2232,11:16:00,11.12,--,20,22240,买盘
2233,11:15:57,11.12,--,49,54487,买盘
2234,11:15:54,11.12,--,6,6671,买盘
2235,11:15:51,11.12,0.01,1,1112,买盘
2236,11:15:48,11.11,-0.01,21,23331,卖盘
2237,11:15:45,11.12,0.01,11,12232,买盘
2238,11:15:42,11.11,-0.01,20,22220,卖盘
2239,11:15:39,11.12,--,4,4448,买盘
2240,11:15:36,11.12,--,10,11120,买盘
2241,11:15:33,11.12,--,135,150120,买盘
2242,11:15:30,11.12,--,1,1112,买盘
2243,11:15:27,11.12,--,5,5560,买盘
2244,11:15:24,11.12,--,300,333600,买盘
2245,11:15:18,11.12,0.01,2,2224,买盘
2246,11:15:12,11.11,-0.01,1,1111,卖盘
2247,11:15:09,11.12,0.01,1,1112,买盘
2248,11:15:06,11.11,-0.01,10,11110,卖盘
2249,11:14:57,11.12,--,468,520415,买盘
2250,11:14:45,11.12,--,15,16680,买盘
2251,11:14:42,11.12,0.01,12,13343,买盘
2252,11:14:39,11.11,-0.01,66,73326,卖盘
2253,11:14:36,11.12,--,10,11120,买盘
2254,11:14:33,11.12,0.01,99,110087,买盘
2255,11:14:30,11.11,--,1,1111,卖盘
2256,11:14:27,11.11,-0.01,17,18887,卖盘
2257,11:14:21,11.12,--,2,2224,买盘
2258,11:14:18,11.12,--,125,139000,买盘
2259,11:14:15,11.12,0.01,149,165688,买盘
2260,11:14:12,11.11,-0.01,60,66660,卖盘
2261,11:14:09,11.12,--,11,12232,买盘
2262,11:14:03,11.12,--,20,22240,买盘
2263,11:14:00,11.12,--,8,8896,买盘
2264,11:13:57,11.12,--,6,6671,买盘
2265,11:13:54,11.12,--,3,3335,买盘
2266,11:13:48,11.12,--,129,143448,买盘
2267,11:13:45,11.12,--,2,2224,买盘
2268,11:13:39,11.12,--,9,10008,买盘
2269,11:13:36,11.12,--,6,6671,买盘
2270,11:13:33,11.12,0.01,10,11120,买盘
2271,11:13:30,11.11,--,29,32219,卖盘
2272,11:13:27,11.11,-0.01,58,64438,卖盘
2273,11:13:21,11.12,0.01,2,2224,买盘
2274,11:13:18,11.11,-0.01,9,9999,卖盘
2275,11:13:15,11.12,0.01,24,26687,买盘
2276,11:13:12,11.11,--,1,1111,卖盘
2277,11:13:09,11.11,-0.01,61,67771,卖盘
2278,11:13:06,11.12,--,13,14455,买盘
2279,11:13:03,11.12,--,40,44480,买盘
2280,11:12:57,11.12,--,9,10008,买盘
2281,11:12:54,11.12,0.01,2,2224,买盘
2282,11:12:51,11.11,--,49,54439,卖盘
2283,11:12:48,11.11,--,84,93324,卖盘
2284,11:12:45,11.11,-0.01,19,21109,卖盘
2285,11:12:42,11.12,--,19,21128,买盘
2286,11:12:39,11.12,--,3,3335,买盘
2287,11:12:36,11.12,--,91,101192,买盘
2288,11:12:33,11.12,--,12,13343,买盘
2289,11:12:30,11.12,--,200,222399,卖盘
2290,11:12:24,11.12,-0.01,18,20016,卖盘
2291,11:12:21,11.13,--,1,1113,买盘
2292,11:12:12,11.13,--,3,3339,买盘
2293,11:12:09,11.13,0.01,1,1113,买盘
2294,11:12:06,11.12,-0.01,54,60047,卖盘
2295,11:12:00,11.13,--,17,18921,买盘
2296,11:11:54,11.13,--,27,30051,买盘
2297,11:11:51,11.13,0.01,1,1113,买盘
2298,11:11:48,11.12,--,19,21128,卖盘
2299,11:11:42,11.12,-0.01,13,14455,卖盘
2300,11:11:39,11.13,0.01,2,2226,买盘
2301,11:11:36,11.12,--,48,53375,卖盘
2302,11:11:27,11.12,--,2,2224,卖盘
2303,11:11:24,11.12,-0.01,20,22240,卖盘
2304,11:11:15,11.13,--,2,2226,买盘
2305,11:11:06,11.13,0.01,1,1113,买盘
2306,11:11:03,11.12,--,80,88960,卖盘
2307,11:11:00,11.12,-0.01,31,34472,卖盘
2308,11:10:57,11.13,0.01,48,53424,买盘
2309,11:10:54,11.12,--,54,60047,卖盘
2310,11:10:51,11.12,--,326,362512,买盘
2311,11:10:45,11.12,--,30,33360,买盘
2312,11:10:42,11.12,0.01,9,10008,买盘
2313,11:10:39,11.11,-0.01,78,86658,卖盘
2314,11:10:36,11.12,0.01,13,14455,买盘
2315,11:10:33,11.11,-0.01,15,16665,卖盘
2316,11:10:30,11.12,--,2,2224,买盘
2317,11:10:24,11.12,--,1,1112,买盘
2318,11:10:21,11.12,--,30,33360,买盘
2319,11:10:18,11.12,0.01,4,4448,买盘
2320,11:10:15,11.11,--,4,4444,卖盘
2321,11:10:12,11.11,-0.01,3,3333,卖盘
2322,11:10:09,11.12,0.01,1,1112,买盘
2323,11:10:03,11.11,--,17,18887,卖盘
2324,11:09:57,11.11,--,61,67771,卖盘
2325,11:09:45,11.11,-0.01,45,49995,卖盘
2326,11:09:39,11.12,--,50,55599,卖盘
2327,11:09:30,11.12,0.01,2,2224,中性盘
2328,11:09:27,11.11,-0.01,300,333300,卖盘
2329,11:09:24,11.12,0.01,71,79986,买盘
2330,11:09:21,11.11,--,50,55550,卖盘
2331,11:09:18,11.11,-0.01,39,43329,卖盘
2332,11:09:15,11.12,--,346,384752,买盘
2333,11:09:12,11.12,--,68,75616,买盘
2334,11:09:09,11.12,--,94,104527,买盘
2335,11:09:06,11.12,-0.01,24,26687,中性盘
2336,11:08:57,11.13,--,60,66780,买盘
2337,11:08:54,11.13,0.02,3,3339,买盘
2338,11:08:51,11.11,--,22,24442,卖盘
2339,11:08:48,11.11,-0.01,150,166650,卖盘
2340,11:08:45,11.12,--,259,288008,买盘
2341,11:08:42,11.12,--,6,6671,买盘
2342,11:08:39,11.12,--,5,5560,买盘
2343,11:08:33,11.12,--,6,6671,买盘
2344,11:08:30,11.12,--,18,20016,买盘
2345,11:08:27,11.12,--,40,44480,买盘
2346,11:08:24,11.12,--,13,14455,买盘
2347,11:08:18,11.12,--,1,1112,买盘
2348,11:08:06,11.12,--,53,58935,卖盘
2349,11:08:03,11.12,-0.01,23,25576,卖盘
2350,11:08:00,11.13,0.01,1,1113,买盘
2351,11:07:57,11.12,-0.01,131,145672,卖盘
2352,11:07:54,11.13,--,5,5565,买盘
2353,11:07:51,11.13,--,3,3339,买盘
2354,11:07:48,11.13,0.01,4,4452,买盘
2355,11:07:45,11.12,--,1,1112,卖盘
2356,11:07:39,11.12,--,149,165688,买盘
2357,11:07:36,11.12,0.01,59,65608,买盘
2358,11:07:33,11.11,-0.01,55,61105,卖盘
2359,11:07:30,11.12,0.01,3,3335,买盘
2360,11:07:27,11.11,--,26,28886,卖盘
2361,11:07:24,11.11,-0.01,112,124432,卖盘
2362,11:07:18,11.12,--,270,300240,买盘
2363,11:07:15,11.12,--,59,65608,买盘
2364,11:07:12,11.12,-0.01,251,279112,卖盘
2365,11:07:09,11.13,0.01,11,12243,买盘
2366,11:07:06,11.12,-0.01,3,3335,卖盘
2367,11:06:57,11.13,0.01,8,8904,买盘
2368,11:06:54,11.12,0.01,60,66720,买盘
2369,11:06:51,11.11,-0.01,7,7777,卖盘
2370,11:06:45,11.12,--,10,11120,买盘
2371,11:06:42,11.12,--,19,21128,买盘
2372,11:06:39,11.12,0.01,9,10008,买盘
2373,11:06:36,11.11,-0.01,56,62216,卖盘
2374,11:06:33,11.12,0.01,39,43368,买盘
2375,11:06:30,11.11,-0.01,344,382184,卖盘
2376,11:06:27,11.12,--,30,33360,买盘
2377,11:06:24,11.12,--,233,259095,买盘
2378,11:06:21,11.12,--,5,5560,买盘
2379,11:06:15,11.12,--,3,3335,买盘
2380,11:06:12,11.12,--,115,127879,买盘
2381,11:06:09,11.12,--,1,1112,买盘
2382,11:06:06,11.12,-0.01,369,410328,卖盘
2383,11:06:03,11.13,--,10,11130,买盘
2384,11:06:00,11.13,0.01,10,11130,买盘
2385,11:05:57,11.12,-0.01,70,77840,卖盘
2386,11:05:54,11.13,0.01,63,70119,买盘
2387,11:05:51,11.12,-0.01,52,57823,卖盘
2388,11:05:42,11.13,--,97,107961,买盘
2389,11:05:39,11.13,-0.01,234,260442,卖盘
2390,11:05:36,11.14,0.01,18,20052,买盘
2391,11:05:33,11.13,-0.01,30,33390,卖盘
2392,11:05:27,11.14,--,17,18938,买盘
2393,11:05:24,11.14,0.01,12,13368,买盘
2394,11:05:21,11.13,--,20,22260,卖盘
2395,11:05:15,11.13,0.01,142,158046,买盘
2396,11:05:12,11.12,-0.01,20,22240,卖盘
2397,11:05:06,11.13,0.01,5,5565,买盘
2398,11:05:03,11.12,--,6,6671,卖盘
2399,11:04:54,11.12,-0.01,14,15567,卖盘
2400,11:04:51,11.13,--,66,73458,买盘
2401,11:04:45,11.13,0.01,18,20034,买盘
2402,11:04:42,11.12,--,1,1112,买盘
2403,11:04:39,11.12,--,118,131216,买盘
2404,11:04:33,11.12,--,61,67832,卖盘
2405,11:04:27,11.12,--,69,76728,买盘
2406,11:04:24,11.12,0.01,11,12232,买盘
2407,11:04:18,11.11,--,105,116655,卖盘
2408,11:04:12,11.11,--,97,107767,买盘
2409,11:04:09,11.11,--,31,34441,买盘
2410,11:04:06,11.11,--,16,17776,买盘
2411,11:04:03,11.11,--,144,159984,买盘
2412,11:04:00,11.11,--,30,33330,买盘
2413,11:03:57,11.11,--,18,19998,买盘
2414,11:03:54,11.11,--,326,362186,卖盘
2415,11:03:51,11.11,-0.01,76,84436,卖盘
2416,11:03:48,11.12,--,211,234631,买盘
2417,11:03:45,11.12,--,79,87848,买盘
2418,11:03:42,11.12,--,3,3335,买盘
2419,11:03:39,11.12,0.01,5,5560,买盘
2420,11:03:27,11.11,--,6,6666,卖盘
2421,11:03:24,11.11,-0.01,17,18887,卖盘
2422,11:03:18,11.12,0.02,3,3335,买盘
2423,11:03:15,11.1,-0.01,18,19980,卖盘
2424,11:03:12,11.11,-0.01,11,12221,卖盘
2425,11:03:09,11.12,--,287,319321,卖盘
2426,11:03:06,11.12,--,47,52263,卖盘
2427,11:03:03,11.12,-0.01,11,12232,卖盘
2428,11:03:00,11.13,0.02,118,132268,买盘
2429,11:02:57,11.11,--,36,39996,买盘
2430,11:02:54,11.11,--,1,1111,买盘
2431,11:02:51,11.11,-0.01,301,334588,卖盘
2432,11:02:48,11.12,--,19,21128,卖盘
2433,11:02:45,11.12,--,52,57823,买盘
2434,11:02:42,11.12,--,65,72280,买盘
2435,11:02:36,11.12,0.01,46,51152,买盘
2436,11:02:33,11.11,--,100,111100,卖盘
2437,11:02:30,11.11,0.01,104,116477,买盘
2438,11:02:27,11.1,-0.01,27,29970,卖盘
2439,11:02:18,11.11,--,89,98879,买盘
2440,11:02:12,11.11,0.01,326,362186,买盘
2441,11:02:09,11.1,--,113,125430,卖盘
2442,11:02:06,11.1,--,76,84360,卖盘
2443,11:02:03,11.1,--,58,64380,卖盘
2444,11:01:57,11.1,--,33,36630,卖盘
2445,11:01:54,11.1,-0.01,20,22200,卖盘
2446,11:01:48,11.11,--,20,22220,买盘
2447,11:01:45,11.11,--,30,33352,买盘
2448,11:01:42,11.11,--,8,8888,买盘
2449,11:01:39,11.11,--,7,7777,买盘
2450,11:01:30,11.11,--,114,126654,买盘
2451,11:01:27,11.11,0.01,5,5555,买盘
2452,11:01:24,11.1,--,2,2220,卖盘
2453,11:01:21,11.1,--,4,4440,卖盘
2454,11:01:18,11.1,--,10,11100,卖盘
2455,11:01:15,11.1,--,30,33300,卖盘
2456,11:01:12,11.1,--,101,112110,买盘
2457,11:01:09,11.1,0.01,184,204240,买盘
2458,11:01:06,11.09,-0.01,72,79848,卖盘
2459,11:01:03,11.1,0.01,13,14430,买盘
2460,11:01:00,11.09,-0.01,43,47687,卖盘
2461,11:00:57,11.1,--,504,559440,买盘
2462,11:00:54,11.1,--,15,16650,买盘
2463,11:00:51,11.1,--,10,11100,买盘
2464,11:00:48,11.1,--,103,114330,买盘
2465,11:00:45,11.1,--,195,216450,买盘
2466,11:00:42,11.1,--,99,109890,买盘
2467,11:00:39,11.1,--,105,116550,卖盘
2468,11:00:36,11.1,-0.01,500,555000,卖盘
2469,11:00:33,11.11,0.01,32,35552,买盘
2470,11:00:30,11.1,--,17,18870,卖盘
2471,11:00:27,11.1,-0.01,10,11100,卖盘
2472,11:00:24,11.11,0.01,3,3333,买盘
2473,11:00:21,11.1,-0.01,79,87690,卖盘
2474,11:00:18,11.11,0.01,26,28886,买盘
2475,11:00:15,11.1,--,30,33300,卖盘
2476,11:00:12,11.1,-0.01,1,1110,卖盘
2477,11:00:09,11.11,--,1,1111,买盘
2478,11:00:06,11.11,--,62,68882,买盘
2479,11:00:03,11.11,--,1,1111,买盘
2480,11:00:00,11.11,--,56,62216,买盘
2481,10:59:57,11.11,--,17,18887,买盘
2482,10:59:54,11.11,0.01,10,11110,买盘
2483,10:59:51,11.1,--,2,2220,卖盘
2484,10:59:45,11.1,-0.01,55,61050,卖盘
2485,10:59:42,11.11,0.01,25,27775,买盘
2486,10:59:39,11.1,0.01,875,971250,买盘
2487,10:59:36,11.09,--,37,41033,卖盘
2488,10:59:33,11.09,-0.01,26,28834,卖盘
2489,10:59:30,11.1,--,135,149850,买盘
2490,10:59:27,11.1,--,41,45510,买盘
2491,10:59:24,11.1,--,2,2220,买盘
2492,10:59:21,11.1,0.01,23,25530,买盘
2493,10:59:18,11.09,-0.01,169,187421,卖盘
2494,10:59:15,11.1,--,95,105450,买盘
2495,10:59:12,11.1,0.01,24,26640,买盘
2496,10:59:09,11.09,--,701,777409,卖盘
2497,10:59:06,11.09,-0.01,2,2218,卖盘
2498,10:59:03,11.1,0.01,10,11100,买盘
2499,10:59:00,11.09,--,113,125317,卖盘
2500,10:58:57,11.09,--,22,24398,卖盘
2501,10:58:54,11.09,-0.01,52,57668,卖盘
2502,10:58:51,11.1,0.01,23,25530,买盘
2503,10:58:48,11.09,--,138,153042,卖盘
2504,10:58:42,11.09,--,20,22180,卖盘
2505,10:58:39,11.09,--,387,429183,买盘
2506,10:58:36,11.09,--,82,90938,买盘
2507,10:58:33,11.09,--,73,80957,买盘
2508,10:58:30,11.09,--,3,3327,买盘
2509,10:58:27,11.09,--,187,207383,卖盘
2510,10:58:24,11.09,-0.01,2,2218,卖盘
2511,10:58:21,11.1,0.01,545,604950,买盘
2512,10:58:18,11.09,--,169,187421,卖盘
2513,10:58:15,11.09,--,63,69867,卖盘
2514,10:58:12,11.09,--,87,96483,卖盘
2515,10:58:09,11.09,-0.01,93,103137,卖盘
2516,10:58:06,11.1,0.01,11,12210,买盘
2517,10:58:03,11.09,--,1,1109,卖盘
2518,10:58:00,11.09,--,67,74303,卖盘
2519,10:57:57,11.09,-0.01,112,124208,卖盘
2520,10:57:54,11.1,--,45,49950,买盘
2521,10:57:51,11.1,0.01,25,27750,买盘
2522,10:57:48,11.09,-0.01,30,33270,卖盘
2523,10:57:45,11.1,--,152,168720,卖盘
2524,10:57:42,11.1,-0.01,1,1110,卖盘
2525,10:57:39,11.11,--,40,44440,买盘
2526,10:57:36,11.11,0.01,2058,2286438,买盘
2527,10:57:33,11.1,--,26,28860,卖盘
2528,10:57:30,11.1,--,202,224220,卖盘
2529,10:57:27,11.1,-0.01,13,14430,卖盘
2530,10:57:24,11.11,0.01,44,48884,买盘
2531,10:57:21,11.1,--,1043,1157730,卖盘
2532,10:57:15,11.1,-0.01,112,124320,卖盘
2533,10:57:12,11.11,0.01,14,15554,买盘
2534,10:57:09,11.1,--,161,178710,卖盘
2535,10:57:06,11.1,--,47,52170,卖盘
2536,10:57:03,11.1,--,645,715950,卖盘
2537,10:57:00,11.1,--,47,52170,卖盘
2538,10:56:57,11.1,--,560,621600,卖盘
2539,10:56:54,11.1,--,47,52170,卖盘
2540,10:56:51,11.1,-0.01,514,570540,卖盘
2541,10:56:48,11.11,--,95,105545,买盘
2542,10:56:45,11.11,--,51,56661,买盘
2543,10:56:42,11.11,0.01,7,7777,买盘
2544,10:56:39,11.1,-0.01,14,15540,卖盘
2545,10:56:36,11.11,--,28,31108,买盘
2546,10:56:33,11.11,--,94,104434,买盘
2547,10:56:30,11.11,--,50,55550,买盘
2548,10:56:27,11.11,0.01,66,73326,买盘
2549,10:56:24,11.1,--,22,24420,卖盘
2550,10:56:21,11.1,--,105,116550,卖盘
2551,10:56:18,11.1,--,17,18870,卖盘
2552,10:56:15,11.1,-0.01,35,38850,卖盘
2553,10:56:12,11.11,0.01,48,53328,买盘
2554,10:56:09,11.1,--,274,304140,卖盘
2555,10:56:06,11.1,-0.01,17,18870,卖盘
2556,10:56:03,11.11,--,184,204601,卖盘
2557,10:56:00,11.11,--,95,105545,卖盘
2558,10:55:57,11.11,-0.01,232,257752,卖盘
2559,10:55:54,11.12,0.01,439,488167,买盘
2560,10:55:51,11.11,-0.01,245,272195,卖盘
2561,10:55:48,11.12,--,60,66720,买盘
2562,10:55:45,11.12,0.01,19,21128,买盘
2563,10:55:42,11.11,-0.01,610,677710,卖盘
2564,10:55:39,11.12,--,139,154568,卖盘
2565,10:55:33,11.12,--,39,43368,卖盘
2566,10:55:30,11.12,-0.01,28,31135,卖盘
2567,10:55:27,11.13,--,890,990570,买盘
2568,10:55:24,11.13,0.01,113,125769,买盘
2569,10:55:21,11.12,-0.01,75,83400,卖盘
2570,10:55:18,11.13,0.01,10,11130,买盘
2571,10:55:15,11.12,--,1,1112,卖盘
2572,10:55:12,11.12,-0.01,185,205720,卖盘
2573,10:55:09,11.13,--,76,84588,卖盘
2574,10:55:06,11.13,--,425,473025,卖盘
2575,10:55:03,11.13,-0.01,535,595455,卖盘
2576,10:55:00,11.14,0.01,70,77980,买盘
2577,10:54:57,11.13,-0.01,20,22260,卖盘
2578,10:54:54,11.14,0.01,3,3342,买盘
2579,10:54:51,11.13,-0.01,17,18921,卖盘
2580,10:54:48,11.14,--,26,28964,买盘
2581,10:54:45,11.14,--,51,56814,卖盘
2582,10:54:39,11.14,--,6,6684,卖盘
2583,10:54:33,11.14,--,24,26736,卖盘
2584,10:54:27,11.14,--,25,27850,卖盘
2585,10:54:24,11.14,--,63,70182,卖盘
2586,10:54:18,11.14,-0.01,6,6684,卖盘
2587,10:54:15,11.15,0.01,46,51290,买盘
2588,10:54:12,11.14,--,5,5570,卖盘
2589,10:54:06,11.14,-0.01,37,41218,卖盘
2590,10:54:03,11.15,0.01,8,8920,买盘
2591,10:53:57,11.14,-0.01,12,13368,卖盘
2592,10:53:54,11.15,0.01,55,61325,买盘
2593,10:53:51,11.14,--,26,28964,卖盘
2594,10:53:48,11.14,--,26,28964,卖盘
2595,10:53:45,11.14,--,115,128110,卖盘
2596,10:53:42,11.14,--,47,52358,买盘
2597,10:53:39,11.14,--,62,69068,买盘
2598,10:53:36,11.14,0.01,9,10026,中性盘
2599,10:53:33,11.13,-0.02,7,7791,卖盘
2600,10:53:30,11.15,0.02,95,105925,买盘
2601,10:53:24,11.13,--,48,53424,卖盘
2602,10:53:21,11.13,--,28,31164,卖盘
2603,10:53:18,11.13,--,17,18921,卖盘
2604,10:53:12,11.13,-0.01,2450,2726850,卖盘
2605,10:53:09,11.14,--,14,15596,卖盘
2606,10:53:06,11.14,--,9,10026,卖盘
2607,10:53:03,11.14,--,59,65726,卖盘
2608,10:52:57,11.14,-0.01,28,31192,卖盘
2609,10:52:54,11.15,0.01,98,109270,买盘
2610,10:52:51,11.14,--,30,33420,卖盘
2611,10:52:48,11.14,-0.01,6,6684,卖盘
2612,10:52:45,11.15,0.01,520,579800,买盘
2613,10:52:42,11.14,-0.01,17,18938,卖盘
2614,10:52:36,11.15,--,46,51290,买盘
2615,10:52:30,11.15,0.01,16,17840,买盘
2616,10:52:24,11.14,-0.01,16,17824,卖盘
2617,10:52:21,11.15,--,10,11150,买盘
2618,10:52:12,11.15,--,1,1115,买盘
2619,10:52:09,11.15,--,5,5575,买盘
2620,10:52:06,11.15,--,169,188435,买盘
2621,10:52:03,11.15,--,100,111500,买盘
2622,10:52:00,11.15,--,27,30105,买盘
2623,10:51:57,11.15,--,14,15610,买盘
2624,10:51:54,11.15,--,8,8920,买盘
2625,10:51:48,11.15,--,352,392480,卖盘
2626,10:51:42,11.15,-0.01,55,61325,卖盘
2627,10:51:39,11.16,0.01,20,22320,买盘
2628,10:51:36,11.15,--,36,40140,买盘
2629,10:51:33,11.15,--,14,15610,买盘
2630,10:51:30,11.15,--,17,18955,买盘
2631,10:51:27,11.15,--,17,18955,买盘
2632,10:51:24,11.15,0.01,10,11150,买盘
2633,10:51:21,11.14,-0.01,19,21166,卖盘
2634,10:51:18,11.15,--,55,61325,买盘
2635,10:51:15,11.15,--,83,92545,买盘
2636,10:51:12,11.15,--,9,10035,买盘
2637,10:51:09,11.15,--,1,1115,买盘
2638,10:51:03,11.15,--,5,5575,买盘
2639,10:51:00,11.15,--,40,44600,买盘
2640,10:50:57,11.15,--,90,100350,买盘
2641,10:50:54,11.15,--,65,72475,买盘
2642,10:50:51,11.15,--,10,11150,买盘
2643,10:50:48,11.15,--,35,39025,买盘
2644,10:50:42,11.15,--,148,165020,买盘
2645,10:50:39,11.15,--,36,40140,卖盘
2646,10:50:36,11.15,-0.01,195,217425,卖盘
2647,10:50:30,11.16,0.01,15,16740,买盘
2648,10:50:27,11.15,--,500,557500,卖盘
2649,10:50:21,11.15,--,250,278750,卖盘
2650,10:50:18,11.15,-0.01,12,13380,卖盘
2651,10:50:15,11.16,0.01,4,4464,买盘
2652,10:50:12,11.15,--,49,54635,卖盘
2653,10:50:09,11.15,-0.01,64,71360,卖盘
2654,10:50:06,11.16,--,20,22320,买盘
2655,10:50:00,11.16,0.01,8,8928,买盘
2656,10:49:57,11.15,-0.01,31,34565,卖盘
2657,10:49:48,11.16,0.01,10,11160,买盘
2658,10:49:45,11.15,-0.01,3,3345,卖盘
2659,10:49:42,11.16,0.01,22,24552,买盘
2660,10:49:36,11.15,-0.01,33,36795,卖盘
2661,10:49:33,11.16,--,4,4464,买盘
2662,10:49:27,11.16,--,20,22320,买盘
2663,10:49:24,11.16,0.01,1,1116,买盘
2664,10:49:21,11.15,-0.01,3,3345,卖盘
2665,10:49:18,11.16,0.01,23,25668,买盘
2666,10:49:15,11.15,--,37,41255,买盘
2667,10:49:12,11.15,--,23,25645,买盘
2668,10:49:06,11.15,--,13,14495,买盘
2669,10:49:03,11.15,--,45,50175,买盘
2670,10:48:57,11.15,0.01,8,8920,卖盘
2671,10:48:54,11.14,-0.01,202,225028,卖盘
2672,10:48:48,11.15,--,105,117075,买盘
2673,10:48:45,11.15,--,24,26760,买盘
2674,10:48:42,11.15,--,21,23415,买盘
2675,10:48:39,11.15,--,14,15610,买盘
2676,10:48:36,11.15,-0.01,404,450460,卖盘
2677,10:48:33,11.16,--,1,1116,买盘
2678,10:48:30,11.16,--,1,1116,买盘
2679,10:48:27,11.16,0.01,3,3348,买盘
2680,10:48:24,11.15,--,5,5575,卖盘
2681,10:48:21,11.15,-0.01,33,36795,卖盘
2682,10:48:18,11.16,0.01,151,168516,买盘
2683,10:48:12,11.15,-0.01,200,223000,卖盘
2684,10:48:06,11.16,0.01,388,433008,卖盘
2685,10:48:00,11.15,-0.01,200,223000,卖盘
2686,10:47:57,11.16,0.01,581,648396,买盘
2687,10:47:51,11.15,-0.01,43,47945,卖盘
2688,10:47:48,11.16,-0.01,153,170748,卖盘
2689,10:47:45,11.17,--,133,148561,买盘
2690,10:47:42,11.17,0.02,10,11170,买盘
2691,10:47:39,11.15,-0.01,310,345650,卖盘
2692,10:47:36,11.16,0.01,77,85932,买盘
2693,10:47:33,11.15,-0.01,44,49060,卖盘
2694,10:47:30,11.16,--,26,29016,买盘
2695,10:47:27,11.16,--,25,27900,买盘
2696,10:47:21,11.16,-0.01,94,104904,卖盘
2697,10:47:18,11.17,--,213,237921,买盘
2698,10:47:09,11.17,0.01,114,127338,买盘
2699,10:47:03,11.16,--,257,286812,买盘
2700,10:47:00,11.16,--,2,2232,买盘
2701,10:46:57,11.16,0.01,9,10044,买盘
2702,10:46:54,11.15,-0.01,4,4460,卖盘
2703,10:46:51,11.16,--,22,24552,买盘
2704,10:46:48,11.16,--,15,16740,买盘
2705,10:46:45,11.16,--,50,55800,买盘
2706,10:46:42,11.16,--,2,2232,买盘
2707,10:46:39,11.16,--,9,10044,买盘
2708,10:46:36,11.16,--,63,70308,买盘
2709,10:46:33,11.16,--,31,34596,买盘
2710,10:46:27,11.16,0.01,11,12276,买盘
2711,10:46:18,11.15,-0.01,11,12265,卖盘
2712,10:46:15,11.16,--,43,47988,买盘
2713,10:46:12,11.16,--,54,60264,买盘
2714,10:46:06,11.16,0.01,2,2232,买盘
2715,10:46:03,11.15,0.01,25,27875,中性盘
2716,10:46:00,11.14,-0.01,112,124768,卖盘
2717,10:45:57,11.15,--,105,117075,买盘
2718,10:45:54,11.15,--,141,157215,买盘
2719,10:45:51,11.15,--,33,36795,买盘
2720,10:45:48,11.15,--,6,6690,买盘
2721,10:45:45,11.15,--,7,7805,买盘
2722,10:45:42,11.15,--,12,13380,买盘
2723,10:45:39,11.15,--,16,17840,买盘
2724,10:45:36,11.15,-0.01,14,15610,卖盘
2725,10:45:33,11.16,0.02,1,1116,买盘
2726,10:45:30,11.14,-0.01,62,69068,卖盘
2727,10:45:27,11.15,-0.01,16,17840,卖盘
2728,10:45:24,11.16,0.01,65,72540,买盘
2729,10:45:21,11.15,--,23,25645,买盘
2730,10:45:18,11.15,0.01,7,7805,买盘
2731,10:45:12,11.14,-0.01,30,33420,卖盘
2732,10:45:09,11.15,--,7,7805,买盘
2733,10:45:06,11.15,--,10,11150,买盘
2734,10:45:03,11.15,--,52,57980,买盘
2735,10:45:00,11.15,--,46,51290,买盘
2736,10:44:57,11.15,--,47,52405,买盘
2737,10:44:54,11.15,--,71,79165,卖盘
2738,10:44:51,11.15,--,18,20070,卖盘
2739,10:44:48,11.15,--,10,11150,卖盘
2740,10:44:45,11.15,0.01,3,3345,卖盘
2741,10:44:42,11.14,-0.01,51,56814,卖盘
2742,10:44:39,11.15,-0.01,12,13380,卖盘
2743,10:44:36,11.16,0.02,41,45756,买盘
2744,10:44:33,11.14,-0.01,461,513554,卖盘
2745,10:44:27,11.15,0.01,122,136030,买盘
2746,10:44:24,11.14,-0.01,21,23394,卖盘
2747,10:44:21,11.15,--,102,113730,买盘
2748,10:44:15,11.15,--,47,52405,买盘
2749,10:44:12,11.15,--,7,7805,买盘
2750,10:44:09,11.15,--,159,177285,买盘
2751,10:44:06,11.15,--,109,121535,买盘
2752,10:44:03,11.15,--,235,262025,买盘
2753,10:43:54,11.15,--,1,1115,买盘
2754,10:43:51,11.15,--,3,3345,买盘
2755,10:43:45,11.15,0.01,32,35680,买盘
2756,10:43:42,11.14,-0.01,44,49016,卖盘
2757,10:43:39,11.15,--,5,5575,买盘
2758,10:43:33,11.15,--,1,1115,买盘
2759,10:43:30,11.15,0.01,39,43485,买盘
2760,10:43:24,11.14,-0.01,20,22280,卖盘
2761,10:43:21,11.15,--,1,1115,买盘
2762,10:43:15,11.15,--,26,28990,买盘
2763,10:43:09,11.15,0.01,126,140490,买盘
2764,10:43:06,11.14,--,17,18938,买盘
2765,10:42:57,11.14,-0.02,869,968066,卖盘
2766,10:42:54,11.16,--,17,18972,买盘
2767,10:42:48,11.16,--,81,90396,买盘
2768,10:42:45,11.16,--,5,5580,买盘
2769,10:42:42,11.16,--,3,3348,买盘
2770,10:42:39,11.16,--,57,63612,买盘
2771,10:42:36,11.16,--,51,56916,买盘
2772,10:42:33,11.16,--,10,11160,买盘
2773,10:42:27,11.16,0.01,9,10044,买盘
2774,10:42:24,11.15,-0.01,301,335615,卖盘
2775,10:42:21,11.16,--,77,85932,买盘
2776,10:42:18,11.16,--,32,35712,买盘
2777,10:42:15,11.16,0.01,20,22320,买盘
2778,10:42:12,11.15,-0.01,64,71360,卖盘
2779,10:42:09,11.16,--,1,1116,买盘
2780,10:42:06,11.16,0.01,1,1116,买盘
2781,10:42:03,11.15,-0.01,152,169480,卖盘
2782,10:42:00,11.16,--,21,23436,买盘
2783,10:41:54,11.16,0.01,5,5580,买盘
2784,10:41:51,11.15,--,51,56865,卖盘
2785,10:41:42,11.15,-0.01,43,47945,卖盘
2786,10:41:39,11.16,--,3,3348,买盘
2787,10:41:33,11.16,0.01,31,34596,买盘
2788,10:41:30,11.15,-0.01,3,3345,卖盘
2789,10:41:24,11.16,--,10,11160,买盘
2790,10:41:21,11.16,0.01,81,90396,买盘
2791,10:41:15,11.15,-0.02,9,10035,卖盘
2792,10:41:09,11.17,--,12,13404,买盘
2793,10:41:03,11.17,0.01,3,3351,买盘
2794,10:41:00,11.16,-0.01,9,10044,卖盘
2795,10:40:57,11.17,0.01,1,1117,买盘
2796,10:40:54,11.16,--,37,41292,买盘
2797,10:40:51,11.16,0.01,66,73656,买盘
2798,10:40:48,11.15,--,18,20070,买盘
2799,10:40:45,11.15,--,34,37910,买盘
2800,10:40:42,11.15,-0.01,143,159445,卖盘
2801,10:40:36,11.16,0.02,9,10044,买盘
2802,10:40:33,11.14,--,53,59042,卖盘
2803,10:40:27,11.14,-0.01,60,66840,卖盘
2804,10:40:24,11.15,--,93,103695,买盘
2805,10:40:21,11.15,--,35,39025,买盘
2806,10:40:18,11.15,--,15,16725,买盘
2807,10:40:15,11.15,0.01,23,25645,买盘
2808,10:40:12,11.14,-0.01,1,1114,卖盘
2809,10:40:09,11.15,--,66,73590,买盘
2810,10:40:06,11.15,--,70,78050,买盘
2811,10:40:03,11.15,0.01,24,26760,买盘
2812,10:40:00,11.14,--,246,274044,买盘
2813,10:39:57,11.14,--,126,140364,买盘
2814,10:39:54,11.14,--,126,140364,买盘
2815,10:39:51,11.14,--,52,57928,卖盘
