,time,price,change,volume,amount,type
0,15:00:03,6.92,--,3743,2590239,买盘
1,14:57:00,6.92,0.01,116,80272,买盘
2,14:56:57,6.91,--,107,73937,卖盘
3,14:56:54,6.91,--,5098,3522718,卖盘
4,14:56:51,6.91,-0.01,120,82920,卖盘
5,14:56:45,6.92,0.01,82,56744,买盘
6,14:56:42,6.91,--,355,245305,卖盘
7,14:56:39,6.91,--,325,224575,卖盘
8,14:56:36,6.91,--,58,40078,卖盘
9,14:56:33,6.91,-0.01,49,33859,卖盘
10,14:56:30,6.92,--,263,181996,买盘
11,14:56:27,6.92,0.01,63,43596,买盘
12,14:56:24,6.91,--,352,243232,卖盘
13,14:56:21,6.91,--,113,78083,卖盘
14,14:56:18,6.91,--,9,6219,卖盘
15,14:56:15,6.91,--,41,28331,卖盘
16,14:56:09,6.91,--,18,12438,卖盘
17,14:56:06,6.91,-0.01,41,28331,卖盘
18,14:56:03,6.92,--,45,31140,买盘
19,14:56:00,6.92,--,55,38060,买盘
20,14:55:57,6.92,0.01,38,26296,买盘
21,14:55:54,6.91,--,97,67579,卖盘
22,14:55:51,6.91,--,39,26949,卖盘
23,14:55:48,6.91,-0.01,13,8983,卖盘
24,14:55:45,6.92,0.01,143,99371,买盘
25,14:55:42,6.91,--,96,66336,买盘
26,14:55:39,6.91,--,466,322006,买盘
27,14:55:36,6.91,--,59,40769,买盘
28,14:55:33,6.91,--,666,460206,买盘
29,14:55:30,6.91,--,580,400780,买盘
30,14:55:27,6.91,--,110,76286,卖盘
31,14:55:24,6.91,-0.01,27,18657,卖盘
32,14:55:21,6.92,0.01,36,24912,买盘
33,14:55:18,6.91,--,101,70205,卖盘
34,14:55:15,6.91,-0.01,840,580440,卖盘
35,14:55:12,6.92,0.01,85,58820,买盘
36,14:55:06,6.91,--,27,18657,卖盘
37,14:55:03,6.91,--,261,180351,卖盘
38,14:55:00,6.91,--,48,33168,卖盘
39,14:54:57,6.91,--,18,12438,卖盘
40,14:54:54,6.91,--,29,20039,卖盘
41,14:54:51,6.91,--,71,49061,卖盘
42,14:54:48,6.91,--,49,33859,买盘
43,14:54:45,6.91,--,122,84302,买盘
44,14:54:42,6.91,--,187,129217,买盘
45,14:54:39,6.91,--,38,26258,买盘
46,14:54:36,6.91,--,253,174823,买盘
47,14:54:33,6.91,0.01,81,55971,中性盘
48,14:54:30,6.9,-0.01,478,329820,卖盘
49,14:54:27,6.91,-0.01,4,2764,卖盘
50,14:54:24,6.92,0.01,151,104492,买盘
51,14:54:21,6.91,--,58,40078,买盘
52,14:54:18,6.91,-0.01,135,93285,卖盘
53,14:54:15,6.92,0.01,110,76120,买盘
54,14:54:12,6.91,-0.01,4539,3136449,卖盘
55,14:54:09,6.92,--,49,33908,买盘
56,14:54:06,6.92,--,11,7612,买盘
57,14:54:03,6.92,--,10085,6978820,买盘
58,14:54:00,6.92,--,62,42904,买盘
59,14:53:57,6.92,0.01,100,69200,买盘
60,14:53:54,6.91,-0.01,376,259816,卖盘
61,14:53:51,6.92,--,397,275332,卖盘
62,14:53:45,6.92,--,123,85199,买盘
63,14:53:42,6.92,--,114,78888,买盘
64,14:53:39,6.92,--,94,65048,买盘
65,14:53:36,6.92,--,149,103108,买盘
66,14:53:33,6.92,--,72,49824,买盘
67,14:53:30,6.92,--,178,123784,卖盘
68,14:53:27,6.92,--,2920,2020640,卖盘
69,14:53:24,6.92,-0.01,90,62280,卖盘
70,14:53:21,6.93,0.01,300,207900,买盘
71,14:53:18,6.92,--,47,32524,卖盘
72,14:53:15,6.92,--,458,316936,卖盘
73,14:53:12,6.92,--,68,47056,卖盘
74,14:53:09,6.92,--,1002,693384,卖盘
75,14:53:06,6.92,--,326,225592,卖盘
76,14:53:00,6.92,--,65,44980,卖盘
77,14:52:57,6.92,--,76,52592,卖盘
78,14:52:54,6.92,--,261,180612,卖盘
79,14:52:51,6.92,-0.01,5,3460,卖盘
80,14:52:48,6.93,0.01,166,115038,买盘
81,14:52:42,6.92,-0.01,78,53976,卖盘
82,14:52:39,6.93,0.01,10,6930,买盘
83,14:52:36,6.92,-0.01,21,14532,卖盘
84,14:52:30,6.93,--,390,270270,买盘
85,14:52:27,6.93,0.01,3,2079,买盘
86,14:52:24,6.92,--,337,233204,卖盘
87,14:52:15,6.92,--,245,169540,卖盘
88,14:52:06,6.92,-0.01,106,73352,卖盘
89,14:52:03,6.93,0.01,5,3465,买盘
90,14:52:00,6.92,-0.01,102,70584,卖盘
91,14:51:57,6.93,0.01,20,13860,买盘
92,14:51:54,6.92,-0.01,34,23528,卖盘
93,14:51:51,6.93,--,154,106722,买盘
94,14:51:48,6.93,--,1,693,买盘
95,14:51:42,6.93,0.01,20,13860,买盘
96,14:51:36,6.92,-0.01,1092,755664,卖盘
97,14:51:33,6.93,--,15,10395,买盘
98,14:51:30,6.93,--,14,9702,买盘
99,14:51:27,6.93,--,182,126126,买盘
100,14:51:24,6.93,0.01,76,52668,买盘
101,14:51:21,6.92,-0.01,216,149472,卖盘
102,14:51:18,6.93,--,61,42273,买盘
103,14:51:15,6.93,0.01,60,41580,买盘
104,14:51:12,6.92,--,138,95496,卖盘
105,14:51:09,6.92,--,79,54668,卖盘
106,14:51:06,6.92,--,39,26988,卖盘
107,14:51:03,6.92,-0.01,62,42904,卖盘
108,14:51:00,6.93,--,5,3465,买盘
109,14:50:57,6.93,--,147,101871,买盘
110,14:50:48,6.93,--,50,34650,买盘
111,14:50:45,6.93,--,400,277200,买盘
112,14:50:39,6.93,--,83,57519,买盘
113,14:50:33,6.93,--,35,24255,买盘
114,14:50:30,6.93,--,16,11088,买盘
115,14:50:27,6.93,--,39,27027,买盘
116,14:50:21,6.93,--,100,69300,买盘
117,14:50:18,6.93,--,39,27027,买盘
118,14:50:12,6.93,--,101,69993,买盘
119,14:50:09,6.93,--,10,6930,买盘
120,14:50:06,6.93,0.01,62,42966,买盘
121,14:50:03,6.92,-0.01,104,71968,卖盘
122,14:50:00,6.93,--,46,31878,买盘
123,14:49:57,6.93,--,67,46431,买盘
124,14:49:54,6.93,--,17,11781,卖盘
125,14:49:51,6.93,--,23,15939,买盘
126,14:49:48,6.93,--,34,23562,买盘
127,14:49:45,6.93,--,52,36036,买盘
128,14:49:42,6.93,0.01,50,34650,中性盘
129,14:49:39,6.92,-0.01,5590,3868501,卖盘
130,14:49:36,6.93,--,44,30492,卖盘
131,14:49:30,6.93,--,48,33264,卖盘
132,14:49:27,6.93,-0.01,53,36729,卖盘
133,14:49:21,6.94,0.01,327,226938,买盘
134,14:49:18,6.93,--,3,2079,卖盘
135,14:49:15,6.93,-0.01,9,6237,卖盘
136,14:49:12,6.94,0.01,5,3470,买盘
137,14:49:09,6.93,--,77,53361,卖盘
138,14:49:06,6.93,--,81,56133,卖盘
139,14:49:03,6.93,--,11,7623,卖盘
140,14:49:00,6.93,--,36,24948,卖盘
141,14:48:57,6.93,--,100,69300,卖盘
142,14:48:54,6.93,--,56,38808,卖盘
143,14:48:48,6.93,--,1426,988218,买盘
144,14:48:45,6.93,--,1000,693000,买盘
145,14:48:42,6.93,--,16,11088,买盘
146,14:48:39,6.93,--,531,367983,买盘
147,14:48:36,6.93,--,3,2079,买盘
148,14:48:33,6.93,--,10,6930,买盘
149,14:48:30,6.93,--,17,11781,买盘
150,14:48:27,6.93,--,65,45045,买盘
151,14:48:24,6.93,--,17,11781,买盘
152,14:48:15,6.93,0.01,67,46431,买盘
153,14:48:12,6.92,-0.01,10,6920,卖盘
154,14:48:09,6.93,--,1,693,买盘
155,14:48:06,6.93,0.01,460,319334,买盘
156,14:48:03,6.92,--,1,692,卖盘
157,14:48:00,6.92,--,98,67816,卖盘
158,14:47:57,6.92,-0.01,5,3460,卖盘
159,14:47:54,6.93,--,26,18018,买盘
160,14:47:51,6.93,--,181,125433,买盘
161,14:47:48,6.93,0.01,22,15246,买盘
162,14:47:45,6.92,-0.01,12,8304,卖盘
163,14:47:42,6.93,0.01,10,6930,买盘
164,14:47:39,6.92,-0.01,10,6920,卖盘
165,14:47:36,6.93,0.01,27,18711,买盘
166,14:47:30,6.92,-0.01,30,20760,卖盘
167,14:47:27,6.93,--,61,42273,买盘
168,14:47:24,6.93,--,28,19404,买盘
169,14:47:21,6.93,--,287,198891,买盘
170,14:47:18,6.93,--,86,59598,买盘
171,14:47:09,6.93,0.01,1,693,买盘
172,14:47:06,6.92,-0.01,1163,804796,卖盘
173,14:47:03,6.93,--,10,6930,买盘
174,14:47:00,6.93,--,15,10395,买盘
175,14:46:57,6.93,--,84,58212,买盘
176,14:46:54,6.93,--,51,35343,买盘
177,14:46:51,6.93,0.01,319,221067,买盘
178,14:46:48,6.92,--,29,20068,卖盘
179,14:46:45,6.92,-0.01,1197,828324,卖盘
180,14:46:42,6.93,--,22,15246,买盘
181,14:46:39,6.93,--,47,32571,买盘
182,14:46:36,6.93,--,632,437976,买盘
183,14:46:30,6.93,0.01,7,4851,买盘
184,14:46:27,6.92,-0.01,300,207600,卖盘
185,14:46:24,6.93,--,20,13860,买盘
186,14:46:21,6.93,--,2,1386,买盘
187,14:46:18,6.93,--,54,37422,买盘
188,14:46:12,6.93,--,24,16632,买盘
189,14:46:09,6.93,--,52,36036,买盘
190,14:46:06,6.93,--,83,57519,买盘
191,14:46:03,6.93,--,15,10395,买盘
192,14:46:00,6.93,--,3,2079,买盘
193,14:45:57,6.93,--,43,29799,买盘
194,14:45:54,6.93,--,2306,1598058,卖盘
195,14:45:51,6.93,--,227,157311,卖盘
196,14:45:48,6.93,-0.01,100,69300,卖盘
197,14:45:45,6.94,0.01,9,6246,买盘
198,14:45:42,6.93,-0.01,94,65142,卖盘
199,14:45:39,6.94,0.01,18,12492,买盘
200,14:45:33,6.93,-0.01,488,338184,卖盘
201,14:45:30,6.94,--,40,27760,买盘
202,14:45:27,6.94,0.01,1,694,买盘
203,14:45:24,6.93,--,1499,1038807,卖盘
204,14:45:21,6.93,--,797,552321,卖盘
205,14:45:15,6.93,--,421,291753,卖盘
206,14:45:12,6.93,-0.01,46,31878,卖盘
207,14:45:09,6.94,--,1,694,买盘
208,14:45:06,6.94,--,5,3470,买盘
209,14:45:03,6.94,0.01,14,9716,买盘
210,14:45:00,6.93,--,29,20097,卖盘
211,14:44:57,6.93,--,27,18711,卖盘
212,14:44:54,6.93,-0.01,19,13167,卖盘
213,14:44:48,6.94,0.01,1,694,买盘
214,14:44:45,6.93,-0.01,150,103950,卖盘
215,14:44:42,6.94,0.01,10,6940,买盘
216,14:44:39,6.93,--,25,17325,卖盘
217,14:44:33,6.93,--,1,693,卖盘
218,14:44:30,6.93,--,10,6930,卖盘
219,14:44:24,6.93,-0.01,63,43659,卖盘
220,14:44:18,6.94,0.01,20,13880,买盘
221,14:44:15,6.93,-0.01,55,38115,卖盘
222,14:44:09,6.94,--,47,32618,买盘
223,14:44:06,6.94,0.01,154,106876,买盘
224,14:44:03,6.93,-0.01,18,12474,卖盘
225,14:43:57,6.94,0.01,17,11798,买盘
226,14:43:51,6.93,-0.01,26,18018,卖盘
227,14:43:48,6.94,--,20,13880,买盘
228,14:43:45,6.94,0.01,1,694,买盘
229,14:43:42,6.93,-0.01,1,693,卖盘
230,14:43:33,6.94,0.01,1,694,买盘
231,14:43:30,6.93,-0.01,103,71379,卖盘
232,14:43:27,6.94,0.01,6,4164,买盘
233,14:43:21,6.93,-0.01,10,6930,卖盘
234,14:43:18,6.94,--,212,147128,买盘
235,14:43:09,6.94,--,20,13880,买盘
236,14:43:06,6.94,0.01,1,694,买盘
237,14:43:03,6.93,--,37,25641,卖盘
238,14:43:00,6.93,--,10,6930,卖盘
239,14:42:54,6.93,--,51,35343,卖盘
240,14:42:42,6.93,--,18,12474,卖盘
241,14:42:39,6.93,--,5,3465,卖盘
242,14:42:33,6.93,--,15,10395,卖盘
243,14:42:27,6.93,-0.01,17,11781,卖盘
244,14:42:24,6.94,0.01,26,18044,买盘
245,14:42:21,6.93,--,1,693,卖盘
246,14:42:18,6.93,-0.01,2,1386,卖盘
247,14:42:15,6.94,0.01,49,34006,买盘
248,14:42:12,6.93,-0.01,140,97020,卖盘
249,14:42:09,6.94,--,110,76340,买盘
250,14:42:06,6.94,--,63,43722,买盘
251,14:42:03,6.94,0.01,72,49968,买盘
252,14:42:00,6.93,-0.01,10,6930,卖盘
253,14:41:57,6.94,0.01,265,183910,买盘
254,14:41:48,6.93,-0.01,29,20097,卖盘
255,14:41:45,6.94,--,43,29842,买盘
256,14:41:42,6.94,--,21,14574,买盘
257,14:41:39,6.94,0.01,10,6940,买盘
258,14:41:36,6.93,--,115,79695,卖盘
259,14:41:30,6.93,-0.01,127,88011,卖盘
260,14:41:21,6.94,--,5,3470,买盘
261,14:41:18,6.94,--,210,145740,买盘
262,14:41:15,6.94,--,20,13880,买盘
263,14:41:09,6.94,0.01,33,22902,买盘
264,14:41:06,6.93,-0.01,34,23977,卖盘
265,14:41:00,6.94,0.01,9,6246,买盘
266,14:40:57,6.93,-0.01,360,249480,卖盘
267,14:40:54,6.94,--,5,3470,买盘
268,14:40:51,6.94,--,8,5552,买盘
269,14:40:48,6.94,--,46,31924,买盘
270,14:40:39,6.94,--,105,72870,卖盘
271,14:40:36,6.94,--,13,9022,卖盘
272,14:40:33,6.94,--,61,42334,卖盘
273,14:40:30,6.94,--,16,11104,买盘
274,14:40:27,6.94,--,154,106876,买盘
275,14:40:24,6.94,--,59,40946,买盘
276,14:40:21,6.94,--,51,35394,买盘
277,14:40:18,6.94,--,60,41640,卖盘
278,14:40:12,6.94,--,33,22902,卖盘
279,14:40:09,6.94,--,26,18044,卖盘
280,14:40:06,6.94,--,3,2082,卖盘
281,14:40:00,6.94,--,51,35394,卖盘
282,14:39:57,6.94,--,20,13880,卖盘
283,14:39:54,6.94,0.01,40,27760,买盘
284,14:39:51,6.93,-0.01,35,24255,卖盘
285,14:39:48,6.94,0.01,5,3470,买盘
286,14:39:45,6.93,--,39,27027,卖盘
287,14:39:42,6.93,-0.01,2122,1470546,卖盘
288,14:39:39,6.94,--,46,31924,卖盘
289,14:39:36,6.94,--,6,4164,卖盘
290,14:39:33,6.94,--,116,80504,卖盘
291,14:39:30,6.94,--,45,31230,卖盘
292,14:39:27,6.94,--,1,694,卖盘
293,14:39:24,6.94,--,46,31924,卖盘
294,14:39:21,6.94,--,10,6940,卖盘
295,14:39:18,6.94,0.01,4,2776,卖盘
296,14:39:15,6.93,-0.01,45,31185,卖盘
297,14:39:12,6.94,--,164,114093,买盘
298,14:39:09,6.94,0.01,70,48580,买盘
299,14:39:06,6.93,--,20,13860,卖盘
300,14:39:03,6.93,--,21,14553,卖盘
301,14:39:00,6.93,-0.01,73,50589,卖盘
302,14:38:57,6.94,--,2801,1943894,买盘
303,14:38:54,6.94,--,50,34700,买盘
304,14:38:51,6.94,--,33,22902,买盘
305,14:38:48,6.94,--,31,21514,买盘
306,14:38:45,6.94,--,20,13880,买盘
307,14:38:39,6.94,0.01,281,195014,买盘
308,14:38:36,6.93,-0.01,130,90090,卖盘
309,14:38:33,6.94,0.01,32,22208,买盘
310,14:38:30,6.93,-0.01,20,13860,卖盘
311,14:38:27,6.94,0.01,24,16656,买盘
312,14:38:24,6.93,-0.01,5,3465,卖盘
313,14:38:21,6.94,--,2,1388,买盘
314,14:38:15,6.94,--,10,6940,买盘
315,14:38:12,6.94,--,2,1388,买盘
316,14:38:09,6.94,--,43,29842,买盘
317,14:38:06,6.94,--,11,7634,买盘
318,14:38:03,6.94,--,2,1388,买盘
319,14:38:00,6.94,--,4,2776,买盘
320,14:37:57,6.94,0.01,50,34700,买盘
321,14:37:54,6.93,--,28,19404,卖盘
322,14:37:51,6.93,-0.01,110,76230,卖盘
323,14:37:48,6.94,--,146,101324,买盘
324,14:37:45,6.94,--,19,13186,买盘
325,14:37:42,6.94,--,84,58296,买盘
326,14:37:39,6.94,--,16,11104,买盘
327,14:37:36,6.94,--,259,179746,买盘
328,14:37:30,6.94,0.01,107,74258,买盘
329,14:37:27,6.93,-0.01,16,11088,卖盘
330,14:37:21,6.94,--,3,2082,买盘
331,14:37:15,6.94,--,131,90914,买盘
332,14:37:12,6.94,--,3,2082,买盘
333,14:37:06,6.94,--,47,32618,买盘
334,14:37:03,6.94,0.01,28,19432,买盘
335,14:37:00,6.93,-0.01,10,6930,卖盘
336,14:36:57,6.94,--,79,54826,买盘
337,14:36:51,6.94,0.01,3,2082,买盘
338,14:36:48,6.93,--,101,69993,卖盘
339,14:36:45,6.93,--,16,11088,卖盘
340,14:36:42,6.93,-0.01,44,30492,卖盘
341,14:36:33,6.94,0.01,453,314382,买盘
342,14:36:30,6.93,--,5,3465,卖盘
343,14:36:27,6.93,--,1,693,卖盘
344,14:36:24,6.93,--,21,14553,卖盘
345,14:36:21,6.93,-0.01,30,20790,卖盘
346,14:36:18,6.94,--,100,69400,买盘
347,14:36:15,6.94,--,13,9022,买盘
348,14:36:09,6.94,--,1,694,买盘
349,14:36:06,6.94,--,35,24290,买盘
350,14:36:03,6.94,--,15,10410,买盘
351,14:36:00,6.94,--,30,20820,买盘
352,14:35:51,6.94,0.01,126,87444,买盘
353,14:35:48,6.93,-0.01,25,17325,卖盘
354,14:35:45,6.94,0.01,6,4164,买盘
355,14:35:42,6.93,--,94,65142,卖盘
356,14:35:36,6.93,--,278,192654,卖盘
357,14:35:33,6.93,--,5,3465,卖盘
358,14:35:30,6.93,--,62,42966,卖盘
359,14:35:27,6.93,-0.01,40,27720,卖盘
360,14:35:21,6.94,0.01,20,13880,买盘
361,14:35:18,6.93,--,117,81081,卖盘
362,14:35:15,6.93,-0.01,11,7623,卖盘
363,14:35:09,6.94,--,18,12492,买盘
364,14:35:06,6.94,--,81,56214,买盘
365,14:35:03,6.94,0.01,1,694,买盘
366,14:35:00,6.93,--,6,4158,卖盘
367,14:34:54,6.93,--,6,4158,卖盘
368,14:34:51,6.93,--,1,693,卖盘
369,14:34:48,6.93,--,152,105336,卖盘
370,14:34:45,6.93,--,15,10395,卖盘
371,14:34:42,6.93,--,3,2079,卖盘
372,14:34:36,6.93,--,100,69300,卖盘
373,14:34:30,6.93,-0.01,200,138600,卖盘
374,14:34:27,6.94,0.01,65,45110,买盘
375,14:34:24,6.93,--,40,27720,卖盘
376,14:34:21,6.93,--,3,2079,卖盘
377,14:34:18,6.93,--,20,13860,卖盘
378,14:34:12,6.93,-0.01,10,6930,卖盘
379,14:34:09,6.94,--,49,34006,买盘
380,14:34:06,6.94,--,2,1388,买盘
381,14:34:03,6.94,0.01,61,42334,买盘
382,14:34:00,6.93,0.01,575,398475,买盘
383,14:33:54,6.92,-0.01,100,69200,卖盘
384,14:33:51,6.93,--,456,316008,买盘
385,14:33:48,6.93,--,147,101871,买盘
386,14:33:42,6.93,--,165,114345,买盘
387,14:33:33,6.93,--,20,13860,买盘
388,14:33:30,6.93,--,1,693,买盘
389,14:33:27,6.93,--,92,63756,买盘
390,14:33:24,6.93,0.01,50,34650,买盘
391,14:33:18,6.92,-0.01,14,9688,卖盘
392,14:33:09,6.93,--,1,693,买盘
393,14:33:06,6.93,0.01,26,18018,买盘
394,14:33:03,6.92,--,100,69200,卖盘
395,14:32:57,6.92,-0.01,12,8304,卖盘
396,14:32:54,6.93,0.01,5,3465,买盘
397,14:32:48,6.92,--,15,10380,卖盘
398,14:32:42,6.92,-0.01,40,27680,卖盘
399,14:32:39,6.93,--,50,34650,买盘
400,14:32:36,6.93,0.01,1,693,买盘
401,14:32:33,6.92,-0.01,107,74044,卖盘
402,14:32:30,6.93,--,269,186417,买盘
403,14:32:27,6.93,0.01,24,16632,买盘
404,14:32:24,6.92,--,20,13840,卖盘
405,14:32:21,6.92,--,40,27680,卖盘
406,14:32:18,6.92,-0.01,25,17300,卖盘
407,14:32:15,6.93,--,146,101178,买盘
408,14:32:12,6.93,--,101,69993,买盘
409,14:32:09,6.93,--,116,80388,买盘
410,14:32:06,6.93,--,2,1386,买盘
411,14:32:00,6.93,--,95,65835,卖盘
412,14:31:57,6.93,--,100,69300,卖盘
413,14:31:54,6.93,--,46,31878,卖盘
414,14:31:51,6.93,0.01,152,105336,买盘
415,14:31:48,6.92,-0.02,39,26988,卖盘
416,14:31:45,6.94,--,13,9022,买盘
417,14:31:42,6.94,--,5,3470,买盘
418,14:31:39,6.94,0.01,103,71482,买盘
419,14:31:36,6.93,--,129,89397,卖盘
420,14:31:33,6.93,--,45,31185,卖盘
421,14:31:30,6.93,-0.01,217,150381,卖盘
422,14:31:27,6.94,--,55,38170,买盘
423,14:31:24,6.94,0.01,329,228326,买盘
424,14:31:21,6.93,--,46,31878,卖盘
425,14:31:18,6.93,-0.01,220,152460,卖盘
426,14:31:12,6.94,0.01,6,4164,买盘
427,14:31:09,6.93,--,8,5544,卖盘
428,14:31:06,6.93,-0.01,62,42966,卖盘
429,14:31:03,6.94,0.01,44,30536,买盘
430,14:31:00,6.93,-0.01,15,10395,卖盘
431,14:30:54,6.94,0.01,9,6246,买盘
432,14:30:51,6.93,-0.01,19,13167,卖盘
433,14:30:48,6.94,--,1,694,买盘
434,14:30:45,6.94,--,11,7634,买盘
435,14:30:36,6.94,--,101,70094,买盘
436,14:30:33,6.94,0.01,1,694,买盘
437,14:30:27,6.93,-0.01,31,21483,卖盘
438,14:30:24,6.94,--,3,2082,买盘
439,14:30:18,6.94,0.01,1,694,买盘
440,14:30:15,6.93,-0.01,40,27720,卖盘
441,14:30:12,6.94,--,15,10410,买盘
442,14:30:06,6.94,--,8,5552,买盘
443,14:30:00,6.94,--,300,208200,买盘
444,14:29:57,6.94,--,61,42334,买盘
445,14:29:54,6.94,--,1,694,买盘
446,14:29:51,6.94,--,25,17350,买盘
447,14:29:48,6.94,0.01,8,5552,买盘
448,14:29:33,6.93,--,528,365904,卖盘
449,14:29:30,6.93,--,26,18018,卖盘
450,14:29:27,6.93,-0.01,21,14553,卖盘
451,14:29:21,6.94,--,44,30536,买盘
452,14:29:18,6.94,0.01,2,1388,买盘
453,14:29:15,6.93,-0.01,18,12474,卖盘
454,14:29:12,6.94,--,33,22902,买盘
455,14:29:09,6.94,--,34,23596,买盘
456,14:29:06,6.94,0.01,20,13880,买盘
457,14:29:00,6.93,-0.01,48,33264,卖盘
458,14:28:57,6.94,--,30,20820,买盘
459,14:28:48,6.94,0.01,195,135330,买盘
460,14:28:45,6.93,-0.01,7,4851,卖盘
461,14:28:42,6.94,0.01,130,90220,买盘
462,14:28:39,6.93,--,30,20790,卖盘
463,14:28:36,6.93,--,55,38115,卖盘
464,14:28:33,6.93,--,49,33957,卖盘
465,14:28:30,6.93,--,32,22176,卖盘
466,14:28:27,6.93,--,92,63756,卖盘
467,14:28:21,6.93,--,15,10395,卖盘
468,14:28:18,6.93,--,68,47124,卖盘
469,14:28:15,6.93,-0.01,8,5544,卖盘
470,14:28:09,6.94,--,1,694,买盘
471,14:28:06,6.94,0.01,53,36782,买盘
472,14:28:03,6.93,--,45,31185,卖盘
473,14:28:00,6.93,--,123,85239,买盘
474,14:27:57,6.93,--,3,2079,买盘
475,14:27:54,6.93,--,91,63063,买盘
476,14:27:51,6.93,--,18,12474,买盘
477,14:27:48,6.93,--,5,3465,买盘
478,14:27:45,6.93,0.01,99,68607,买盘
479,14:27:33,6.92,-0.01,52,35984,卖盘
480,14:27:30,6.93,0.01,7,4851,买盘
481,14:27:27,6.92,-0.01,48,33216,卖盘
482,14:27:24,6.93,--,41,28413,买盘
483,14:27:21,6.93,--,1,693,买盘
484,14:27:18,6.93,--,44,30492,买盘
485,14:27:15,6.93,-0.01,215,148995,卖盘
486,14:27:06,6.94,--,33,22902,买盘
487,14:27:03,6.94,--,2,1388,买盘
488,14:26:57,6.94,0.01,46,31924,买盘
489,14:26:54,6.93,0.01,84,58212,买盘
490,14:26:51,6.92,--,10,6920,卖盘
491,14:26:48,6.92,-0.01,9,6228,卖盘
492,14:26:45,6.93,--,48,33264,买盘
493,14:26:42,6.93,--,52,36036,买盘
494,14:26:39,6.93,0.01,12,8316,买盘
495,14:26:36,6.92,--,107,74044,卖盘
496,14:26:33,6.92,-0.01,28,19376,卖盘
497,14:26:30,6.93,--,158,109494,买盘
498,14:26:24,6.93,--,255,176715,卖盘
499,14:26:18,6.93,--,1,693,卖盘
500,14:26:15,6.93,-0.01,49,33957,卖盘
501,14:26:06,6.94,0.01,1,694,买盘
502,14:26:03,6.93,-0.01,53,36729,卖盘
503,14:25:57,6.94,0.01,64,44416,买盘
504,14:25:54,6.93,--,36,24948,卖盘
505,14:25:36,6.93,0.01,188,130284,买盘
506,14:25:33,6.92,--,37,25604,卖盘
507,14:25:30,6.92,-0.01,1,692,卖盘
508,14:25:27,6.93,--,10,6930,买盘
509,14:25:24,6.93,0.01,8,5544,买盘
510,14:25:21,6.92,-0.01,134,92728,卖盘
511,14:25:18,6.93,--,170,117810,买盘
512,14:25:15,6.93,--,47,32571,买盘
513,14:25:12,6.93,0.01,30,20790,买盘
514,14:25:06,6.92,-0.01,61,42212,卖盘
515,14:25:03,6.93,--,52,36036,买盘
516,14:25:00,6.93,--,133,92169,买盘
517,14:24:57,6.93,--,50,34650,买盘
518,14:24:54,6.93,--,28,19404,买盘
519,14:24:45,6.93,--,229,158697,买盘
520,14:24:42,6.93,0.01,40,27720,买盘
521,14:24:36,6.92,--,20,13840,卖盘
522,14:24:33,6.92,-0.01,40,27680,卖盘
523,14:24:30,6.93,--,1,693,买盘
524,14:24:27,6.93,--,16,11088,买盘
525,14:24:24,6.93,--,74,51282,买盘
526,14:24:21,6.93,--,57,39501,买盘
527,14:24:15,6.93,--,80,55440,买盘
528,14:24:06,6.93,0.01,13,9009,买盘
529,14:24:03,6.92,-0.01,73,50516,卖盘
530,14:24:00,6.93,--,5,3465,买盘
531,14:23:57,6.93,--,220,152460,买盘
532,14:23:54,6.93,--,124,85932,卖盘
533,14:23:51,6.93,--,8,5544,卖盘
534,14:23:45,6.93,--,115,79695,买盘
535,14:23:42,6.93,--,61,42273,买盘
536,14:23:39,6.93,--,5,3465,买盘
537,14:23:36,6.93,0.01,18,12474,买盘
538,14:23:33,6.92,-0.01,136,94112,卖盘
539,14:23:30,6.93,--,11,7623,买盘
540,14:23:27,6.93,0.01,1,693,买盘
541,14:23:21,6.92,-0.01,28,19376,卖盘
542,14:23:18,6.93,-0.01,4,2772,卖盘
543,14:23:15,6.94,--,34,23596,买盘
544,14:23:12,6.94,0.01,303,210282,买盘
545,14:23:09,6.93,--,21,14553,买盘
546,14:23:06,6.93,--,102,70686,买盘
547,14:23:03,6.93,-0.01,67,46431,中性盘
548,14:23:00,6.94,0.01,43,29842,买盘
549,14:22:57,6.93,--,2,1386,买盘
550,14:22:51,6.93,-0.01,688,476784,卖盘
551,14:22:48,6.94,0.01,99,68706,买盘
552,14:22:45,6.93,--,50,34650,卖盘
553,14:22:42,6.93,--,26,18018,卖盘
554,14:22:33,6.93,--,100,69300,卖盘
555,14:22:21,6.93,-0.01,94,65142,卖盘
556,14:22:18,6.94,0.01,20,13880,买盘
557,14:22:12,6.93,-0.01,10,6930,卖盘
558,14:22:09,6.94,--,75,52050,买盘
559,14:22:06,6.94,--,4,2776,买盘
560,14:22:03,6.94,0.01,21,14574,买盘
561,14:22:00,6.93,-0.01,20,13860,卖盘
562,14:21:57,6.94,0.01,33,22902,买盘
563,14:21:54,6.93,-0.01,10,6930,卖盘
564,14:21:51,6.94,0.01,513,356022,买盘
565,14:21:45,6.93,-0.01,1156,801108,卖盘
566,14:21:39,6.94,0.01,61,42334,买盘
567,14:21:36,6.93,--,242,167706,卖盘
568,14:21:30,6.93,--,61,42273,卖盘
569,14:21:15,6.93,-0.01,120,83160,卖盘
570,14:21:09,6.94,--,44,30536,买盘
571,14:21:06,6.94,0.01,168,116592,买盘
572,14:21:03,6.93,--,55,38115,卖盘
573,14:21:00,6.93,-0.01,37,25641,卖盘
574,14:20:57,6.94,--,75,52050,买盘
575,14:20:54,6.94,--,53,36782,买盘
576,14:20:51,6.94,--,1,694,买盘
577,14:20:48,6.94,--,33,22902,买盘
578,14:20:42,6.94,0.01,11,7634,买盘
579,14:20:39,6.93,-0.01,43,29799,卖盘
580,14:20:33,6.94,0.01,1270,881380,买盘
581,14:20:21,6.93,-0.01,68,47124,卖盘
582,14:20:18,6.94,--,6,4164,买盘
583,14:20:12,6.94,--,2,1388,买盘
584,14:20:09,6.94,--,31,21514,买盘
585,14:20:06,6.94,0.01,2,1388,买盘
586,14:20:03,6.93,-0.01,28,19404,卖盘
587,14:20:00,6.94,--,327,226938,买盘
588,14:19:57,6.94,--,81,56214,买盘
589,14:19:54,6.94,0.01,33,22902,买盘
590,14:19:51,6.93,-0.01,100,69300,卖盘
591,14:19:45,6.94,--,33,22902,买盘
592,14:19:42,6.94,--,110,76340,买盘
593,14:19:36,6.94,--,115,79810,买盘
594,14:19:33,6.94,--,1,694,买盘
595,14:19:21,6.94,--,100,69400,买盘
596,14:19:18,6.94,--,10,6940,买盘
597,14:19:09,6.94,--,49,34006,买盘
598,14:19:06,6.94,0.01,20,13880,买盘
599,14:19:03,6.93,-0.01,136,94248,卖盘
600,14:19:00,6.94,--,500,347000,买盘
601,14:18:57,6.94,--,2,1388,买盘
602,14:18:54,6.94,--,1,694,买盘
603,14:18:51,6.94,--,33,22902,买盘
604,14:18:45,6.94,0.01,33,22902,买盘
605,14:18:42,6.93,--,1,693,卖盘
606,14:18:39,6.93,--,220,152460,卖盘
607,14:18:36,6.93,--,1,693,卖盘
608,14:18:33,6.93,-0.01,38,26334,卖盘
609,14:18:30,6.94,--,5,3470,买盘
610,14:18:18,6.94,--,20,13880,买盘
611,14:18:15,6.94,0.01,34,23596,买盘
612,14:18:12,6.93,-0.01,29,20097,卖盘
613,14:18:09,6.94,--,1001,694694,买盘
614,14:18:06,6.94,--,2,1388,买盘
615,14:18:03,6.94,--,3,2082,买盘
616,14:17:57,6.94,0.01,16,11104,买盘
617,14:17:51,6.93,--,71,49203,卖盘
618,14:17:48,6.93,--,61,42273,卖盘
619,14:17:45,6.93,-0.01,36,24948,卖盘
620,14:17:42,6.94,--,222,154068,买盘
621,14:17:39,6.94,--,2,1388,买盘
622,14:17:33,6.94,0.01,234,162396,买盘
623,14:17:30,6.93,-0.01,10,6930,卖盘
624,14:17:21,6.94,--,14,9716,买盘
625,14:17:18,6.94,0.01,30,20820,买盘
626,14:17:15,6.93,-0.01,33,22869,卖盘
627,14:17:09,6.94,--,15,10410,买盘
628,14:17:06,6.94,--,1,694,买盘
629,14:17:03,6.94,--,46,31924,买盘
630,14:16:51,6.94,--,55,38170,买盘
631,14:16:48,6.94,--,1,694,买盘
632,14:16:45,6.94,--,15,10410,买盘
633,14:16:39,6.94,0.01,33,22902,买盘
634,14:16:36,6.93,--,133,92169,买盘
635,14:16:33,6.93,--,77,53361,买盘
636,14:16:30,6.93,--,49,33957,买盘
637,14:16:27,6.93,--,35,24255,买盘
638,14:16:24,6.93,--,26,18018,买盘
639,14:16:18,6.93,--,7,4851,买盘
640,14:16:15,6.93,0.01,2,1386,买盘
641,14:16:12,6.92,-0.01,32,22144,卖盘
642,14:16:09,6.93,--,312,216216,买盘
643,14:16:06,6.93,--,25,17325,买盘
644,14:16:03,6.93,--,25,17325,买盘
645,14:16:00,6.93,--,14,9702,买盘
646,14:15:57,6.93,--,21,14553,买盘
647,14:15:54,6.93,0.01,72,49896,买盘
648,14:15:51,6.92,--,33,22836,卖盘
649,14:15:48,6.92,-0.01,2,1384,卖盘
650,14:15:45,6.93,--,6,4158,买盘
651,14:15:42,6.93,--,41,28413,买盘
652,14:15:39,6.93,--,29,20097,买盘
653,14:15:36,6.93,--,12,8316,买盘
654,14:15:33,6.93,--,80,55440,卖盘
655,14:15:27,6.93,--,23,15939,卖盘
656,14:15:24,6.93,-0.01,72,49896,卖盘
657,14:15:21,6.94,0.01,61,42334,买盘
658,14:15:18,6.93,--,4,2772,卖盘
659,14:15:15,6.93,--,131,90783,卖盘
660,14:15:12,6.93,--,27,18711,卖盘
661,14:15:09,6.93,--,4,2772,卖盘
662,14:15:06,6.93,-0.01,10,6930,卖盘
663,14:15:03,6.94,0.01,44,30536,买盘
664,14:15:00,6.93,--,41,28413,卖盘
665,14:14:57,6.93,--,40,27720,卖盘
666,14:14:54,6.93,--,77,53361,卖盘
667,14:14:51,6.93,--,63,43659,买盘
668,14:14:45,6.93,--,110,76230,买盘
669,14:14:42,6.93,--,153,106029,买盘
670,14:14:36,6.93,--,49,33957,买盘
671,14:14:33,6.93,0.01,63,43659,买盘
672,14:14:30,6.92,-0.01,15,10380,卖盘
673,14:14:27,6.93,--,55,38115,买盘
674,14:14:24,6.93,--,145,100485,买盘
675,14:14:21,6.93,--,205,142065,买盘
676,14:14:18,6.93,--,5,3465,买盘
677,14:14:15,6.93,0.01,2,1386,买盘
678,14:14:12,6.92,-0.01,69,47748,卖盘
679,14:14:09,6.93,--,70,48510,买盘
680,14:14:06,6.93,--,282,195426,买盘
681,14:14:03,6.93,--,10,6930,买盘
682,14:14:00,6.93,0.01,3,2079,买盘
683,14:13:57,6.92,-0.01,54,37368,卖盘
684,14:13:54,6.93,0.01,304,210672,买盘
685,14:13:51,6.92,-0.01,350,242200,卖盘
686,14:13:48,6.93,--,8,5544,买盘
687,14:13:42,6.93,--,1,693,买盘
688,14:13:36,6.93,0.01,116,80388,买盘
689,14:13:33,6.92,--,132,91344,卖盘
690,14:13:30,6.92,-0.01,155,107260,卖盘
691,14:13:27,6.93,0.01,88,60984,买盘
692,14:13:24,6.92,-0.01,72,49824,卖盘
693,14:13:21,6.93,--,39,27027,买盘
694,14:13:18,6.93,--,564,390852,买盘
695,14:13:15,6.93,0.01,90,62370,买盘
696,14:13:09,6.92,-0.01,5,3460,卖盘
697,14:13:03,6.93,--,121,83853,买盘
698,14:13:00,6.93,--,196,135828,买盘
699,14:12:57,6.93,0.01,1,693,买盘
700,14:12:54,6.92,--,73,50516,卖盘
701,14:12:48,6.92,--,25,17300,卖盘
702,14:12:39,6.92,--,44,30448,卖盘
703,14:12:36,6.92,-0.01,149,103108,卖盘
704,14:12:30,6.93,0.01,33,22869,买盘
705,14:12:27,6.92,--,395,273340,买盘
706,14:12:24,6.92,0.01,33,22836,买盘
707,14:12:21,6.91,-0.01,72,49752,卖盘
708,14:12:18,6.92,--,50,34600,买盘
709,14:12:12,6.92,--,48,33216,买盘
710,14:12:09,6.92,--,1,692,买盘
711,14:12:06,6.92,0.01,27,18684,买盘
712,14:12:03,6.91,-0.01,147,101577,卖盘
713,14:12:00,6.92,--,16,11072,买盘
714,14:11:54,6.92,--,9,6228,买盘
715,14:11:51,6.92,--,78,53976,买盘
716,14:11:48,6.92,--,81,56052,买盘
717,14:11:45,6.92,--,314,217288,卖盘
718,14:11:42,6.92,--,50,34600,卖盘
719,14:11:39,6.92,--,290,200680,卖盘
720,14:11:36,6.92,--,10,6920,卖盘
721,14:11:33,6.92,--,296,204832,卖盘
722,14:11:30,6.92,--,127,87884,卖盘
723,14:11:27,6.92,--,20,13840,卖盘
724,14:11:24,6.92,-0.01,571,395132,卖盘
725,14:11:21,6.93,0.01,134,92862,买盘
726,14:11:18,6.92,--,52,35984,卖盘
727,14:11:15,6.92,-0.01,5,3460,卖盘
728,14:11:12,6.93,0.01,96,66528,买盘
729,14:11:09,6.92,--,7,4844,卖盘
730,14:11:06,6.92,--,125,86500,卖盘
731,14:11:03,6.92,-0.01,60,41520,卖盘
732,14:11:00,6.93,0.01,100,69300,买盘
733,14:10:57,6.92,--,69,47748,卖盘
734,14:10:51,6.92,--,83,57436,卖盘
735,14:10:42,6.92,--,40,27680,卖盘
736,14:10:39,6.92,-0.01,93,64356,卖盘
737,14:10:36,6.93,0.01,3,2079,买盘
738,14:10:33,6.92,--,450,311400,卖盘
739,14:10:27,6.92,--,64,44288,卖盘
740,14:10:24,6.92,--,114,78888,卖盘
741,14:10:21,6.92,--,190,131480,卖盘
742,14:10:18,6.92,--,72,49824,卖盘
743,14:10:12,6.92,--,5,3460,卖盘
744,14:10:09,6.92,-0.01,10,6920,卖盘
745,14:10:06,6.93,0.01,7,4851,买盘
746,14:10:03,6.92,--,22,15224,卖盘
747,14:09:54,6.92,-0.01,25,17300,卖盘
748,14:09:51,6.93,0.01,15,10395,买盘
749,14:09:48,6.92,-0.01,73,50516,卖盘
750,14:09:45,6.93,--,3,2079,买盘
751,14:09:42,6.93,0.01,10,6930,买盘
752,14:09:36,6.92,-0.01,22,15224,卖盘
753,14:09:33,6.93,0.01,5,3465,买盘
754,14:09:30,6.92,--,19,13148,卖盘
755,14:09:27,6.92,--,114,78888,卖盘
756,14:09:24,6.92,-0.01,48,33216,卖盘
757,14:09:21,6.93,0.01,18,12474,买盘
758,14:09:18,6.92,-0.01,155,107260,卖盘
759,14:09:15,6.93,0.01,41,28413,买盘
760,14:09:12,6.92,-0.01,42,29064,卖盘
761,14:09:09,6.93,--,202,139986,买盘
762,14:09:06,6.93,0.01,14,9702,买盘
763,14:09:03,6.92,--,400,276800,卖盘
764,14:09:00,6.92,--,70,48440,卖盘
765,14:08:57,6.92,--,60,41520,卖盘
766,14:08:54,6.92,--,84,58128,卖盘
767,14:08:51,6.92,--,285,197220,卖盘
768,14:08:48,6.92,--,73,50516,卖盘
769,14:08:45,6.92,--,14,9688,卖盘
770,14:08:42,6.92,--,124,85808,卖盘
771,14:08:39,6.92,--,5,3460,卖盘
772,14:08:36,6.92,--,31,21452,卖盘
773,14:08:30,6.92,-0.01,5,3460,卖盘
774,14:08:27,6.93,0.01,90,62370,买盘
775,14:08:21,6.92,-0.01,122,84424,卖盘
776,14:08:18,6.93,--,305,211365,买盘
777,14:08:15,6.93,--,49,33957,买盘
778,14:08:12,6.93,--,2,1386,买盘
779,14:08:09,6.93,0.01,29,20097,买盘
780,14:08:06,6.92,--,89,61588,卖盘
781,14:08:03,6.92,-0.01,552,381984,卖盘
782,14:08:00,6.93,0.01,30,20790,买盘
783,14:07:57,6.92,--,19,13148,卖盘
784,14:07:51,6.92,--,35,24220,卖盘
785,14:07:48,6.92,-0.01,73,50516,卖盘
786,14:07:45,6.93,--,20,13860,买盘
787,14:07:36,6.93,--,101,69993,买盘
788,14:07:33,6.93,--,27,18711,买盘
789,14:07:30,6.93,--,10,6930,买盘
790,14:07:21,6.93,-0.01,238,164934,卖盘
791,14:07:18,6.94,--,73,50662,买盘
792,14:07:15,6.94,0.01,54,37476,买盘
793,14:07:12,6.93,--,274,189882,卖盘
794,14:07:09,6.93,-0.01,184,127512,卖盘
795,14:07:06,6.94,--,66,45804,买盘
796,14:07:03,6.94,--,111,77034,买盘
797,14:06:51,6.94,0.01,44,30536,买盘
798,14:06:48,6.93,--,73,50589,卖盘
799,14:06:45,6.93,-0.01,45,31185,卖盘
800,14:06:36,6.94,0.01,1,694,买盘
801,14:06:27,6.93,--,15,10395,卖盘
802,14:06:18,6.93,--,73,50589,卖盘
803,14:06:15,6.93,-0.01,82,56826,卖盘
804,14:06:12,6.94,--,135,93690,买盘
805,14:06:09,6.94,--,43,29842,买盘
806,14:06:06,6.94,0.01,150,104100,买盘
807,14:05:54,6.93,--,5,3465,卖盘
808,14:05:45,6.93,-0.01,73,50589,卖盘
809,14:05:42,6.94,--,27,18738,买盘
810,14:05:39,6.94,--,1,694,买盘
811,14:05:36,6.94,0.01,10,6940,买盘
812,14:05:33,6.93,--,43,29799,卖盘
813,14:05:30,6.93,--,18,12474,卖盘
814,14:05:18,6.93,--,32,22176,卖盘
815,14:05:15,6.93,-0.01,166,115038,卖盘
816,14:05:12,6.94,--,306,212364,买盘
817,14:05:09,6.94,--,33,22902,买盘
818,14:05:06,6.94,0.01,2,1388,买盘
819,14:05:03,6.93,--,87,60291,卖盘
820,14:05:00,6.93,-0.01,121,83853,卖盘
821,14:04:57,6.94,0.01,1,694,买盘
822,14:04:54,6.93,-0.01,120,83160,卖盘
823,14:04:48,6.94,0.01,128,88832,买盘
824,14:04:45,6.93,--,273,189189,卖盘
825,14:04:33,6.93,--,12,8316,卖盘
826,14:04:24,6.93,--,10,6930,卖盘
827,14:04:18,6.93,-0.01,73,50589,卖盘
828,14:04:15,6.94,0.01,1,694,买盘
829,14:04:12,6.93,--,72,49896,卖盘
830,14:04:09,6.93,-0.01,6,4158,卖盘
831,14:04:03,6.94,0.01,77,53438,买盘
832,14:03:57,6.93,--,30,20790,卖盘
833,14:03:54,6.93,--,171,118503,卖盘
834,14:03:42,6.93,-0.01,73,50589,卖盘
835,14:03:39,6.94,0.01,8,5552,买盘
836,14:03:36,6.93,--,51,35343,卖盘
837,14:03:33,6.93,--,30,20790,卖盘
838,14:03:18,6.93,--,21,14553,卖盘
839,14:03:15,6.93,--,22,15246,卖盘
840,14:03:12,6.93,--,439,304227,买盘
841,14:03:09,6.93,--,2,1386,买盘
842,14:03:06,6.93,--,83,57519,买盘
843,14:03:03,6.93,--,65,45045,买盘
844,14:02:57,6.93,--,827,573111,买盘
845,14:02:54,6.93,--,15,10395,买盘
846,14:02:45,6.93,0.01,44,30492,买盘
847,14:02:42,6.92,-0.01,117,80964,卖盘
848,14:02:36,6.93,--,54,37422,买盘
849,14:02:24,6.93,0.01,8,5544,买盘
850,14:02:21,6.92,-0.01,10,6920,卖盘
851,14:02:18,6.93,--,11,7623,买盘
852,14:02:12,6.93,--,87,60291,买盘
853,14:02:09,6.93,--,1,693,买盘
854,14:02:03,6.93,--,37,25641,买盘
855,14:01:57,6.93,--,34,23562,买盘
856,14:01:51,6.93,0.01,30,20790,买盘
857,14:01:48,6.92,-0.01,35,24220,卖盘
858,14:01:42,6.93,0.01,608,421344,买盘
859,14:01:36,6.92,--,8,5536,卖盘
860,14:01:27,6.92,--,2,1384,卖盘
861,14:01:24,6.92,-0.01,60,41520,卖盘
862,14:01:12,6.93,0.01,272,188496,买盘
863,14:01:09,6.92,-0.01,103,71276,卖盘
864,14:01:06,6.93,0.01,37,25641,买盘
865,14:01:03,6.92,--,4,2768,卖盘
866,14:01:00,6.92,-0.01,45,31140,卖盘
867,14:00:57,6.93,--,1,693,买盘
868,14:00:51,6.93,0.01,152,105336,买盘
869,14:00:48,6.92,-0.01,40,27680,卖盘
870,14:00:45,6.93,--,10,6930,买盘
871,14:00:42,6.93,0.01,64,44352,买盘
872,14:00:39,6.92,-0.01,73,50516,卖盘
873,14:00:36,6.93,--,8,5544,买盘
874,14:00:33,6.93,--,8,5544,买盘
875,14:00:24,6.93,--,10,6930,买盘
876,14:00:21,6.93,0.01,1,693,买盘
877,14:00:18,6.92,--,30,20760,卖盘
878,14:00:12,6.92,-0.01,9,6228,卖盘
879,14:00:09,6.93,--,175,121275,买盘
880,14:00:06,6.93,0.01,420,291060,买盘
881,14:00:03,6.92,--,1,692,卖盘
882,13:59:57,6.92,-0.01,80,55360,卖盘
883,13:59:54,6.93,--,43,29799,买盘
884,13:59:51,6.93,--,33,22869,买盘
885,13:59:48,6.93,--,2,1386,买盘
886,13:59:45,6.93,0.01,5,3465,买盘
887,13:59:42,6.92,--,50,34600,卖盘
888,13:59:39,6.92,--,83,57436,卖盘
889,13:59:33,6.92,--,68,47056,卖盘
890,13:59:30,6.92,--,6,4152,卖盘
891,13:59:27,6.92,-0.01,2,1384,卖盘
892,13:59:21,6.93,0.01,21,14553,买盘
893,13:59:09,6.92,--,28,19376,卖盘
894,13:59:06,6.92,-0.01,72,49824,卖盘
895,13:58:57,6.93,--,33,22869,买盘
896,13:58:51,6.93,--,36,24948,买盘
897,13:58:45,6.93,0.01,64,44352,买盘
898,13:58:42,6.92,--,26,17992,卖盘
899,13:58:39,6.92,-0.01,165,114180,卖盘
900,13:58:36,6.93,--,3,2079,买盘
901,13:58:30,6.93,--,5,3465,买盘
902,13:58:27,6.93,--,3,2079,买盘
903,13:58:24,6.93,0.01,75,51975,买盘
904,13:58:21,6.92,--,25,17300,卖盘
905,13:58:18,6.92,-0.01,1,692,卖盘
906,13:58:15,6.93,0.01,3,2079,买盘
907,13:58:09,6.92,--,50,34600,卖盘
908,13:58:06,6.92,-0.01,131,90652,卖盘
909,13:58:03,6.93,0.01,26,18018,买盘
910,13:57:57,6.92,-0.01,21,14532,卖盘
911,13:57:54,6.93,0.01,63,43659,买盘
912,13:57:51,6.92,--,65,44980,卖盘
913,13:57:48,6.92,--,59,40828,卖盘
914,13:57:42,6.92,--,16,11072,卖盘
915,13:57:39,6.92,--,42,29064,卖盘
916,13:57:36,6.92,--,173,119716,卖盘
917,13:57:30,6.92,-0.01,28,19376,卖盘
918,13:57:24,6.93,--,300,207900,买盘
919,13:57:21,6.93,0.01,93,64449,买盘
920,13:57:15,6.92,--,39,26988,卖盘
921,13:57:09,6.92,-0.01,16,11072,卖盘
922,13:57:06,6.93,--,337,233541,买盘
923,13:57:03,6.93,0.01,151,104643,买盘
924,13:57:00,6.92,-0.01,19,13148,卖盘
925,13:56:57,6.93,--,19,13167,买盘
926,13:56:54,6.93,--,25,17325,买盘
927,13:56:48,6.93,--,33,22869,买盘
928,13:56:45,6.93,--,33,22869,买盘
929,13:56:42,6.93,--,232,160776,买盘
930,13:56:39,6.93,0.01,144,99792,买盘
931,13:56:36,6.92,--,83,57436,卖盘
932,13:56:33,6.92,-0.01,10,6920,卖盘
933,13:56:30,6.93,--,2,1386,买盘
934,13:56:24,6.93,--,20,13860,买盘
935,13:56:15,6.93,--,12,8316,买盘
936,13:56:09,6.93,0.01,2,1386,买盘
937,13:56:06,6.92,-0.01,192,132864,卖盘
938,13:56:03,6.93,--,30,20790,买盘
939,13:55:54,6.93,0.01,22,15246,买盘
940,13:55:51,6.92,-0.01,20,13840,卖盘
941,13:55:48,6.93,--,53,36729,买盘
942,13:55:45,6.93,--,1,693,买盘
943,13:55:42,6.93,0.01,33,22869,买盘
944,13:55:39,6.92,-0.01,401,277492,卖盘
945,13:55:36,6.93,--,73,50589,卖盘
946,13:55:33,6.93,--,20,13860,卖盘
947,13:55:30,6.93,--,50,34650,卖盘
948,13:55:24,6.93,--,26,18018,卖盘
949,13:55:18,6.93,-0.01,20,13860,卖盘
950,13:55:15,6.94,0.01,50,34700,买盘
951,13:55:12,6.93,-0.01,5,3465,卖盘
952,13:55:09,6.94,0.01,201,139494,买盘
953,13:55:03,6.93,-0.01,78,54054,卖盘
954,13:54:51,6.94,--,11,7634,买盘
955,13:54:48,6.94,--,5,3470,买盘
956,13:54:45,6.94,0.01,33,22902,买盘
957,13:54:42,6.93,-0.01,145,100485,卖盘
958,13:54:39,6.94,--,33,22902,买盘
959,13:54:36,6.94,0.01,65,45110,买盘
960,13:54:33,6.93,--,199,137907,卖盘
961,13:54:30,6.93,--,38,26334,卖盘
962,13:54:27,6.93,--,11,7623,卖盘
963,13:54:24,6.93,-0.01,201,139293,卖盘
964,13:54:15,6.94,0.01,8,5552,买盘
965,13:54:12,6.93,-0.01,11,7623,卖盘
966,13:54:06,6.94,0.01,391,271354,买盘
967,13:54:03,6.93,--,82,56826,买盘
968,13:53:57,6.93,--,4,2772,买盘
969,13:53:54,6.93,--,195,135135,买盘
970,13:53:48,6.93,--,26,18018,买盘
971,13:53:39,6.93,0.01,86,59598,买盘
972,13:53:36,6.92,--,21,14532,卖盘
973,13:53:33,6.92,--,105,72660,卖盘
974,13:53:30,6.92,-0.01,909,629028,卖盘
975,13:53:24,6.93,--,59,40887,买盘
976,13:53:21,6.93,--,38,26334,买盘
977,13:53:18,6.93,0.01,3,2079,买盘
978,13:53:15,6.92,-0.01,30,20760,卖盘
979,13:53:06,6.93,0.01,49,33957,买盘
980,13:53:03,6.92,--,72,49824,卖盘
981,13:53:00,6.92,-0.01,39,26988,卖盘
982,13:52:54,6.93,--,65,45045,买盘
983,13:52:51,6.93,0.01,20,13860,买盘
984,13:52:45,6.92,-0.01,50,34600,卖盘
985,13:52:42,6.93,0.01,181,125433,买盘
986,13:52:39,6.92,--,146,101032,卖盘
987,13:52:36,6.92,-0.02,270,186840,卖盘
988,13:52:33,6.94,0.01,118,81892,买盘
989,13:52:30,6.93,--,78,54054,卖盘
990,13:52:27,6.93,--,37,25641,卖盘
991,13:52:24,6.93,--,5,3465,卖盘
992,13:52:21,6.93,--,52,36036,卖盘
993,13:52:18,6.93,--,28,19404,卖盘
994,13:52:15,6.93,--,500,346500,卖盘
995,13:52:12,6.93,--,20,13860,卖盘
996,13:52:06,6.93,-0.01,11,7623,卖盘
997,13:52:03,6.94,0.01,1,694,买盘
998,13:52:00,6.93,--,72,49896,卖盘
999,13:51:57,6.93,--,17,11781,卖盘
1000,13:51:54,6.93,--,20,13860,卖盘
1001,13:51:48,6.93,--,2,1386,卖盘
1002,13:51:45,6.93,--,303,209979,买盘
1003,13:51:42,6.93,0.01,13,9009,买盘
1004,13:51:39,6.92,-0.01,40,27680,卖盘
1005,13:51:36,6.93,--,8,5544,买盘
1006,13:51:33,6.93,--,343,237699,买盘
1007,13:51:30,6.93,--,106,73458,买盘
1008,13:51:27,6.93,--,2,1386,买盘
1009,13:51:24,6.93,--,25,17325,买盘
1010,13:51:21,6.93,--,4,2772,买盘
1011,13:51:18,6.93,--,24,16632,买盘
1012,13:51:15,6.93,--,31,21483,买盘
1013,13:51:12,6.93,--,3,2079,买盘
1014,13:51:09,6.93,--,4,2772,买盘
1015,13:51:06,6.93,-0.01,25,17325,卖盘
1016,13:51:03,6.94,0.02,2,1388,买盘
1017,13:51:00,6.92,-0.02,221,152932,卖盘
1018,13:50:57,6.94,--,4,2776,买盘
1019,13:50:54,6.94,--,9,6246,买盘
1020,13:50:51,6.94,--,4,2776,买盘
1021,13:50:48,6.94,0.01,44,30536,买盘
1022,13:50:45,6.93,--,24,16632,买盘
1023,13:50:42,6.93,--,31,21483,买盘
1024,13:50:39,6.93,-0.01,1919,1330144,卖盘
1025,13:50:36,6.94,--,61,42334,买盘
1026,13:50:33,6.94,--,185,128390,买盘
1027,13:50:30,6.94,--,76,52744,买盘
1028,13:50:27,6.94,--,72,49968,买盘
1029,13:50:24,6.94,0.01,41,28454,买盘
1030,13:50:21,6.93,-0.01,96,66528,卖盘
1031,13:50:18,6.94,--,5,3470,买盘
1032,13:50:15,6.94,0.01,7,4858,买盘
1033,13:50:12,6.93,-0.01,56,38808,卖盘
1034,13:50:09,6.94,--,4,2776,买盘
1035,13:50:06,6.94,--,54,37476,买盘
1036,13:50:03,6.94,--,6,4164,买盘
1037,13:50:00,6.94,--,4,2776,买盘
1038,13:49:57,6.94,--,76,52744,买盘
1039,13:49:54,6.94,--,24,16656,买盘
1040,13:49:51,6.94,--,5,3470,买盘
1041,13:49:48,6.94,--,5,3470,买盘
1042,13:49:45,6.94,--,32,22208,买盘
1043,13:49:42,6.94,--,3,2082,买盘
1044,13:49:39,6.94,--,4,2776,买盘
1045,13:49:36,6.94,--,54,37476,买盘
1046,13:49:33,6.94,--,103,71482,买盘
1047,13:49:30,6.94,0.01,513,356022,买盘
1048,13:49:27,6.93,--,140,97020,卖盘
1049,13:49:21,6.93,-0.01,59,40887,卖盘
1050,13:49:18,6.94,--,60,41640,买盘
1051,13:49:15,6.94,--,30,20820,买盘
1052,13:49:03,6.94,--,6,4164,买盘
1053,13:49:00,6.94,0.01,30,20820,买盘
1054,13:48:57,6.93,-0.01,82,56826,卖盘
1055,13:48:54,6.94,--,10,6940,买盘
1056,13:48:51,6.94,--,101,70094,买盘
1057,13:48:48,6.94,--,38,26372,买盘
1058,13:48:45,6.94,0.01,1,694,买盘
1059,13:48:42,6.93,-0.01,13,9009,卖盘
1060,13:48:39,6.94,--,24,16656,买盘
1061,13:48:27,6.94,--,190,131860,买盘
1062,13:48:24,6.94,--,99,68706,买盘
1063,13:48:21,6.94,--,52,36088,买盘
1064,13:48:06,6.94,--,25,17350,买盘
1065,13:48:03,6.94,--,1,694,买盘
1066,13:48:00,6.94,0.01,20,13880,买盘
1067,13:47:57,6.93,-0.01,72,49896,卖盘
1068,13:47:51,6.94,--,55,38170,买盘
1069,13:47:48,6.94,--,8,5552,买盘
1070,13:47:45,6.94,0.01,6,4164,买盘
1071,13:47:42,6.93,-0.01,8,5544,卖盘
1072,13:47:39,6.94,0.01,213,147822,买盘
1073,13:47:36,6.93,--,149,103257,卖盘
1074,13:47:27,6.93,-0.01,73,50589,卖盘
1075,13:47:24,6.94,--,33,22902,买盘
1076,13:47:21,6.94,--,50,34700,买盘
1077,13:47:18,6.94,0.01,38,26372,买盘
1078,13:47:12,6.93,--,1,693,卖盘
1079,13:47:09,6.93,--,29,20512,买盘
1080,13:47:06,6.93,--,700,485100,买盘
1081,13:47:03,6.93,--,46,31878,买盘
1082,13:47:00,6.93,--,12,8316,买盘
1083,13:46:57,6.93,--,193,133749,买盘
1084,13:46:51,6.93,--,716,496188,买盘
1085,13:46:45,6.93,--,140,97020,买盘
1086,13:46:42,6.93,--,500,346500,买盘
1087,13:46:39,6.93,0.01,502,347886,买盘
1088,13:46:27,6.92,--,30,20760,卖盘
1089,13:46:24,6.92,-0.01,117,80964,卖盘
1090,13:46:18,6.93,--,195,135135,买盘
1091,13:46:15,6.93,0.01,44,30492,买盘
1092,13:46:12,6.92,-0.01,282,195144,卖盘
1093,13:46:09,6.93,--,67,46431,买盘
1094,13:46:06,6.93,0.01,28,19404,买盘
1095,13:46:00,6.92,-0.01,57,39444,卖盘
1096,13:45:57,6.93,--,10,6930,买盘
1097,13:45:54,6.93,--,99,68607,买盘
1098,13:45:51,6.93,--,17,11781,买盘
1099,13:45:48,6.93,--,30,20790,买盘
1100,13:45:42,6.93,--,22,15246,买盘
1101,13:45:39,6.93,0.01,58,40194,买盘
1102,13:45:36,6.92,-0.01,180,124560,卖盘
1103,13:45:30,6.93,--,10,6930,买盘
1104,13:45:24,6.93,--,299,207207,买盘
1105,13:45:15,6.93,--,83,57519,买盘
1106,13:45:12,6.93,--,15,10395,买盘
1107,13:45:06,6.93,0.01,88,60984,买盘
1108,13:45:03,6.92,-0.01,11,7612,卖盘
1109,13:45:00,6.93,--,10,6930,买盘
1110,13:44:54,6.93,--,102,70686,买盘
1111,13:44:51,6.93,--,233,161469,买盘
1112,13:44:48,6.93,--,170,117810,买盘
1113,13:44:45,6.93,--,58,40194,买盘
1114,13:44:42,6.93,--,30,20790,买盘
1115,13:44:39,6.93,--,5,3465,买盘
1116,13:44:36,6.93,0.01,20,13860,买盘
1117,13:44:33,6.92,-0.01,10,6920,卖盘
1118,13:44:30,6.93,--,10,6930,买盘
1119,13:44:27,6.93,--,1,693,买盘
1120,13:44:24,6.93,--,83,57519,买盘
1121,13:44:21,6.93,--,94,65142,买盘
1122,13:44:15,6.93,--,33,22869,买盘
1123,13:44:12,6.93,--,61,42273,买盘
1124,13:44:09,6.93,--,16,11088,买盘
1125,13:44:06,6.93,--,34,23562,买盘
1126,13:44:03,6.93,0.01,1,693,买盘
1127,13:44:00,6.92,-0.01,8,5536,卖盘
1128,13:43:54,6.93,0.01,10,6930,买盘
1129,13:43:51,6.92,-0.01,127,87884,卖盘
1130,13:43:48,6.93,--,202,139986,买盘
1131,13:43:45,6.93,--,3,2079,买盘
1132,13:43:42,6.93,--,31,21483,买盘
1133,13:43:39,6.93,--,12,8316,买盘
1134,13:43:36,6.93,--,16,11088,买盘
1135,13:43:33,6.93,--,204,141372,买盘
1136,13:43:30,6.93,--,54,37422,买盘
1137,13:43:27,6.93,--,4,2772,买盘
1138,13:43:24,6.93,--,23,15939,买盘
1139,13:43:21,6.93,--,82,56826,买盘
1140,13:43:18,6.93,--,4,2772,买盘
1141,13:43:15,6.93,--,12,8316,买盘
1142,13:43:12,6.93,--,50,34650,买盘
1143,13:43:09,6.93,--,35,24255,买盘
1144,13:43:06,6.93,--,337,233541,买盘
1145,13:43:03,6.93,--,37,25641,买盘
1146,13:43:00,6.93,--,59,40887,买盘
1147,13:42:57,6.93,0.01,3,2079,买盘
1148,13:42:54,6.92,-0.01,66,45672,卖盘
1149,13:42:51,6.93,--,76,52668,买盘
1150,13:42:48,6.93,--,5,3465,买盘
1151,13:42:45,6.93,--,4,2772,买盘
1152,13:42:42,6.93,--,4,2772,买盘
1153,13:42:39,6.93,--,4,2772,买盘
1154,13:42:36,6.93,--,8,5544,买盘
1155,13:42:33,6.93,0.01,4,2772,买盘
1156,13:42:30,6.92,--,75,51900,买盘
1157,13:42:27,6.92,--,12,8304,买盘
1158,13:42:24,6.92,--,36,24912,买盘
1159,13:42:21,6.92,-0.01,11,7888,卖盘
1160,13:42:18,6.93,--,61,42273,买盘
1161,13:42:15,6.93,--,36,24948,买盘
1162,13:42:12,6.93,--,4,2772,买盘
1163,13:42:09,6.93,--,85,58905,买盘
1164,13:42:06,6.93,0.01,50,34650,买盘
1165,13:42:03,6.92,--,65,45395,买盘
1166,13:42:00,6.92,--,138,95496,买盘
1167,13:41:57,6.92,--,141,97572,买盘
1168,13:41:54,6.92,0.01,2,1384,买盘
1169,13:41:51,6.91,-0.01,72,49752,卖盘
1170,13:41:48,6.92,0.01,29,20068,买盘
1171,13:41:45,6.91,--,12,8292,卖盘
1172,13:41:39,6.91,-0.01,24,16584,卖盘
1173,13:41:36,6.92,--,14,9688,买盘
1174,13:41:30,6.92,--,10,6920,买盘
1175,13:41:21,6.92,--,226,156392,买盘
1176,13:41:15,6.92,0.01,1065,736980,买盘
1177,13:41:12,6.91,-0.01,870,601170,卖盘
1178,13:41:09,6.92,--,15,10380,买盘
1179,13:41:06,6.92,--,90,62280,买盘
1180,13:41:03,6.92,--,130,89960,买盘
1181,13:41:00,6.92,--,87,60204,买盘
1182,13:40:57,6.92,0.01,583,403436,买盘
1183,13:40:54,6.91,-0.01,6,4146,卖盘
1184,13:40:51,6.92,--,500,346000,买盘
1185,13:40:48,6.92,0.01,298,206216,买盘
1186,13:40:45,6.91,--,50,34550,卖盘
1187,13:40:42,6.91,-0.01,11,7601,卖盘
1188,13:40:36,6.92,0.01,120,83040,买盘
1189,13:40:33,6.91,-0.01,28,19348,卖盘
1190,13:40:30,6.92,0.01,31,21452,买盘
1191,13:40:27,6.91,-0.01,175,120925,卖盘
1192,13:40:21,6.92,0.01,510,352920,买盘
1193,13:40:18,6.91,-0.01,123,84993,卖盘
1194,13:40:15,6.92,--,45,31140,买盘
1195,13:40:12,6.92,0.01,1,692,买盘
1196,13:40:09,6.91,-0.01,27,18657,卖盘
1197,13:40:06,6.92,--,10,6920,买盘
1198,13:40:03,6.92,0.01,82,56744,买盘
1199,13:40:00,6.91,-0.01,96,66336,卖盘
1200,13:39:57,6.92,0.01,633,438036,买盘
1201,13:39:54,6.91,--,57,39635,卖盘
1202,13:39:48,6.91,--,81,55971,卖盘
1203,13:39:36,6.91,--,32,22112,卖盘
1204,13:39:27,6.91,-0.01,4,2764,卖盘
1205,13:39:24,6.92,0.01,35,24220,买盘
1206,13:39:18,6.91,-0.01,83,57353,卖盘
1207,13:39:12,6.92,--,1,692,买盘
1208,13:39:09,6.92,--,15,10380,买盘
1209,13:39:06,6.92,0.01,23,15916,买盘
1210,13:39:00,6.91,-0.01,37,25567,卖盘
1211,13:38:57,6.92,--,33,22836,买盘
1212,13:38:54,6.92,--,33,22836,买盘
1213,13:38:48,6.92,0.01,28,19376,买盘
1214,13:38:45,6.91,-0.01,79,54589,卖盘
1215,13:38:42,6.92,0.01,1,692,买盘
1216,13:38:39,6.91,-0.01,150,103650,卖盘
1217,13:38:36,6.92,--,17,11764,买盘
1218,13:38:33,6.92,--,15,10380,买盘
1219,13:38:30,6.92,0.01,22,15224,买盘
1220,13:38:24,6.91,--,26,17966,卖盘
1221,13:38:21,6.91,--,42,29022,卖盘
1222,13:38:15,6.91,-0.01,374,258434,卖盘
1223,13:38:12,6.92,--,76,52592,买盘
1224,13:38:09,6.92,--,15,10380,买盘
1225,13:38:06,6.92,0.01,16,11072,买盘
1226,13:38:03,6.91,--,529,365539,卖盘
1227,13:38:00,6.91,--,215,148565,卖盘
1228,13:37:57,6.91,-0.01,6,4146,卖盘
1229,13:37:54,6.92,0.01,53,36676,买盘
1230,13:37:51,6.91,--,11,7601,卖盘
1231,13:37:48,6.91,--,98,67718,卖盘
1232,13:37:45,6.91,--,92,63572,卖盘
1233,13:37:42,6.91,-0.01,40,27640,卖盘
1234,13:37:39,6.92,0.01,40,27680,买盘
1235,13:37:33,6.91,--,10,6910,卖盘
1236,13:37:30,6.91,--,1,691,卖盘
1237,13:37:27,6.91,-0.01,151,104341,卖盘
1238,13:37:21,6.92,0.01,292,202064,买盘
1239,13:37:18,6.91,--,300,207300,卖盘
1240,13:37:15,6.91,--,95,65645,卖盘
1241,13:37:12,6.91,--,112,77392,卖盘
1242,13:37:09,6.91,--,26,17966,卖盘
1243,13:37:03,6.91,--,6,4146,卖盘
1244,13:37:00,6.91,--,329,227339,卖盘
1245,13:36:57,6.91,--,21,14511,卖盘
1246,13:36:54,6.91,--,10,6910,卖盘
1247,13:36:51,6.91,-0.01,12,8292,卖盘
1248,13:36:48,6.92,--,10,6920,买盘
1249,13:36:45,6.92,--,106,73352,买盘
1250,13:36:42,6.92,0.01,71,49132,买盘
1251,13:36:39,6.91,-0.01,11,7601,卖盘
1252,13:36:33,6.92,0.01,34,23528,买盘
1253,13:36:30,6.91,--,12,8292,卖盘
1254,13:36:27,6.91,-0.01,20,13820,卖盘
1255,13:36:24,6.92,0.01,708,489936,买盘
1256,13:36:21,6.91,--,100,69100,卖盘
1257,13:36:15,6.91,--,86,59426,卖盘
1258,13:36:12,6.91,--,88,60808,卖盘
1259,13:36:09,6.91,--,9,6219,卖盘
1260,13:36:06,6.91,-0.01,31,21421,卖盘
1261,13:36:03,6.92,--,30,20760,买盘
1262,13:36:00,6.92,--,30,20760,买盘
1263,13:35:57,6.92,0.01,10,6920,买盘
1264,13:35:54,6.91,-0.01,119,82229,卖盘
1265,13:35:51,6.92,--,8,5536,买盘
1266,13:35:48,6.92,--,33,22836,买盘
1267,13:35:45,6.92,--,125,86500,买盘
1268,13:35:42,6.92,0.01,30,20760,买盘
1269,13:35:39,6.91,-0.01,8,5528,卖盘
1270,13:35:33,6.92,--,18,12456,买盘
1271,13:35:30,6.92,0.01,30,20760,买盘
1272,13:35:24,6.91,--,6,4146,卖盘
1273,13:35:21,6.91,--,11,7601,卖盘
1274,13:35:18,6.91,--,30,20730,卖盘
1275,13:35:15,6.91,-0.01,73,50443,卖盘
1276,13:35:06,6.92,0.01,47,32524,买盘
1277,13:34:54,6.91,--,28,19762,买盘
1278,13:34:51,6.91,--,34,23494,买盘
1279,13:34:48,6.91,0.01,6,4146,买盘
1280,13:34:45,6.9,-0.01,35,24150,卖盘
1281,13:34:42,6.91,--,13,8983,买盘
1282,13:34:39,6.91,0.01,98,67718,买盘
1283,13:34:33,6.9,-0.01,642,442980,卖盘
1284,13:34:27,6.91,--,58,40078,买盘
1285,13:34:24,6.91,--,7,4837,买盘
1286,13:34:21,6.91,--,5,3455,买盘
1287,13:34:18,6.91,--,33,22803,买盘
1288,13:34:15,6.91,--,74,51134,买盘
1289,13:34:12,6.91,0.01,394,272254,买盘
1290,13:34:09,6.9,--,274,189060,卖盘
1291,13:34:06,6.9,--,121,83490,卖盘
1292,13:34:03,6.9,-0.01,183,126270,卖盘
1293,13:34:00,6.91,0.01,32,22112,买盘
1294,13:33:57,6.9,-0.01,158,109020,卖盘
1295,13:33:54,6.91,--,7,4837,买盘
1296,13:33:51,6.91,--,562,388342,买盘
1297,13:33:48,6.91,0.01,262,181042,买盘
1298,13:33:45,6.9,--,103,71070,卖盘
1299,13:33:42,6.9,-0.01,65,44850,卖盘
1300,13:33:39,6.91,0.01,44,30404,买盘
1301,13:33:36,6.9,-0.01,75,51750,卖盘
1302,13:33:33,6.91,0.01,60,41460,买盘
1303,13:33:30,6.9,--,30,20700,卖盘
1304,13:33:27,6.9,-0.01,20,13800,卖盘
1305,13:33:21,6.91,0.01,15,10365,买盘
1306,13:33:15,6.9,-0.01,370,255300,卖盘
1307,13:33:12,6.91,0.01,10,6910,买盘
1308,13:33:09,6.9,-0.01,100,69000,卖盘
1309,13:33:06,6.91,--,111,76701,买盘
1310,13:33:03,6.91,0.01,84,58044,买盘
1311,13:33:00,6.9,-0.01,26,17940,卖盘
1312,13:32:54,6.91,--,26,18242,卖盘
1313,13:32:48,6.91,--,24,16584,卖盘
1314,13:32:45,6.91,--,435,300585,卖盘
1315,13:32:39,6.91,-0.01,178,122998,卖盘
1316,13:32:36,6.92,0.01,360,249120,买盘
1317,13:32:33,6.91,--,28,19348,卖盘
1318,13:32:30,6.91,--,26,17966,卖盘
1319,13:32:27,6.91,--,2,1382,卖盘
1320,13:32:21,6.91,--,227,156857,卖盘
1321,13:32:18,6.91,--,463,319933,卖盘
1322,13:32:15,6.91,--,220,152020,卖盘
1323,13:32:09,6.91,--,42,29022,卖盘
1324,13:32:06,6.91,-0.01,117,80847,卖盘
1325,13:32:03,6.92,0.01,1,692,买盘
1326,13:32:00,6.91,--,147,101577,卖盘
1327,13:31:57,6.91,--,19,13129,卖盘
1328,13:31:54,6.91,-0.01,50,34550,卖盘
1329,13:31:48,6.92,--,1929,1334868,买盘
1330,13:31:45,6.92,--,64,44288,买盘
1331,13:31:42,6.92,0.01,2,1384,买盘
1332,13:31:39,6.91,--,4,2764,卖盘
1333,13:31:36,6.91,--,114,78774,卖盘
1334,13:31:30,6.91,-0.01,146,100886,卖盘
1335,13:31:24,6.92,--,19,13148,买盘
1336,13:31:21,6.92,0.01,2,1384,买盘
1337,13:31:18,6.91,-0.01,36,24876,卖盘
1338,13:31:12,6.92,--,1,692,买盘
1339,13:31:09,6.92,--,24,16608,买盘
1340,13:31:06,6.92,--,101,69892,买盘
1341,13:31:03,6.92,--,48,33216,买盘
1342,13:31:00,6.92,--,76,52592,买盘
1343,13:30:54,6.92,0.01,543,375756,买盘
1344,13:30:51,6.91,-0.01,27,18657,卖盘
1345,13:30:45,6.92,0.01,1,692,买盘
1346,13:30:42,6.91,-0.01,64,44224,卖盘
1347,13:30:39,6.92,--,58,40136,买盘
1348,13:30:36,6.92,--,107,74044,买盘
1349,13:30:30,6.92,0.01,138,95496,买盘
1350,13:30:27,6.91,--,20,13820,卖盘
1351,13:30:24,6.91,-0.01,61,42151,卖盘
1352,13:30:21,6.92,--,301,208292,买盘
1353,13:30:18,6.92,0.01,8,5536,买盘
1354,13:30:15,6.91,--,4,2764,卖盘
1355,13:30:09,6.91,-0.01,4,2764,卖盘
1356,13:30:06,6.92,0.01,81,56052,买盘
1357,13:30:03,6.91,--,120,82920,卖盘
1358,13:30:00,6.91,--,72,49752,卖盘
1359,13:29:57,6.91,-0.01,11,7601,卖盘
1360,13:29:54,6.92,0.01,20,13840,买盘
1361,13:29:51,6.91,--,1,691,卖盘
1362,13:29:48,6.91,--,34,23494,卖盘
1363,13:29:45,6.91,-0.01,447,308877,卖盘
1364,13:29:42,6.92,--,144,99648,买盘
1365,13:29:39,6.92,--,190,131480,买盘
1366,13:29:36,6.92,0.01,13,8996,买盘
1367,13:29:33,6.91,-0.01,106,73246,卖盘
1368,13:29:30,6.92,--,33,22836,买盘
1369,13:29:27,6.92,0.01,17,11764,买盘
1370,13:29:24,6.91,--,67,46297,卖盘
1371,13:29:15,6.91,-0.01,81,55971,卖盘
1372,13:29:09,6.92,--,2,1384,买盘
1373,13:29:06,6.92,--,60,41520,买盘
1374,13:29:03,6.92,0.01,81,56052,买盘
1375,13:29:00,6.91,--,61,42151,卖盘
1376,13:28:57,6.91,-0.01,142,98122,卖盘
1377,13:28:51,6.92,--,76,52592,买盘
1378,13:28:48,6.92,--,8,5536,买盘
1379,13:28:45,6.92,--,9,6228,买盘
1380,13:28:39,6.92,0.01,68,47056,买盘
1381,13:28:36,6.91,--,20,13820,卖盘
1382,13:28:33,6.91,-0.01,73,50443,卖盘
1383,13:28:27,6.92,0.01,9,6228,买盘
1384,13:28:24,6.91,--,21,14511,卖盘
1385,13:28:18,6.91,-0.01,1,691,卖盘
1386,13:28:12,6.92,--,1,692,买盘
1387,13:28:09,6.92,0.01,95,65740,买盘
1388,13:28:06,6.91,-0.01,18,12438,卖盘
1389,13:28:03,6.92,--,82,56744,买盘
1390,13:28:00,6.92,--,1,692,买盘
1391,13:27:57,6.92,--,44,30448,买盘
1392,13:27:48,6.92,--,178,123176,买盘
1393,13:27:45,6.92,--,18,12456,买盘
1394,13:27:42,6.92,--,6,4152,买盘
1395,13:27:39,6.92,--,34,23528,买盘
1396,13:27:36,6.92,0.01,71,49132,买盘
1397,13:27:33,6.91,-0.01,93,64677,卖盘
1398,13:27:30,6.92,0.01,5,3460,买盘
1399,13:27:27,6.91,--,80,55280,卖盘
1400,13:27:24,6.91,--,60,41460,卖盘
1401,13:27:18,6.91,-0.01,11,7601,卖盘
1402,13:27:09,6.92,0.01,2,1384,买盘
1403,13:27:06,6.91,--,29,20039,卖盘
1404,13:27:03,6.91,--,161,111251,卖盘
1405,13:27:00,6.91,--,72,49752,卖盘
1406,13:26:57,6.91,-0.01,382,263962,卖盘
1407,13:26:54,6.92,--,10,6920,买盘
1408,13:26:48,6.92,--,30,20760,买盘
1409,13:26:45,6.92,0.01,33,22836,买盘
1410,13:26:39,6.91,--,51,35241,卖盘
1411,13:26:36,6.91,--,28,19348,卖盘
1412,13:26:33,6.91,-0.01,10,6910,卖盘
1413,13:26:30,6.92,--,98,67816,买盘
1414,13:26:24,6.92,--,20,13840,买盘
1415,13:26:21,6.92,--,18,12456,买盘
1416,13:26:09,6.92,0.01,12,8304,买盘
1417,13:26:03,6.91,-0.01,41,28331,卖盘
1418,13:26:00,6.92,--,184,127328,买盘
1419,13:25:57,6.92,--,59,40828,买盘
1420,13:25:54,6.92,--,220,152240,买盘
1421,13:25:48,6.92,--,7,4844,买盘
1422,13:25:45,6.92,0.01,7,4844,买盘
1423,13:25:39,6.91,-0.01,11,7601,卖盘
1424,13:25:33,6.92,0.01,83,57436,买盘
1425,13:25:30,6.91,--,73,50443,卖盘
1426,13:25:27,6.91,-0.01,5,3455,卖盘
1427,13:25:24,6.92,--,13,8996,买盘
1428,13:25:21,6.92,--,4,2768,买盘
1429,13:25:18,6.92,--,10,6920,买盘
1430,13:25:15,6.92,0.01,20,13840,买盘
1431,13:25:09,6.91,-0.01,3,2073,卖盘
1432,13:25:06,6.92,--,118,81656,买盘
1433,13:25:03,6.92,--,3,2076,买盘
1434,13:25:00,6.92,0.01,63,43596,买盘
1435,13:24:57,6.91,-0.01,158,109178,卖盘
1436,13:24:54,6.92,0.01,48,33216,买盘
1437,13:24:51,6.91,-0.01,760,525160,卖盘
1438,13:24:42,6.92,--,21,14532,买盘
1439,13:24:39,6.92,--,133,92036,买盘
1440,13:24:36,6.92,--,55,38060,买盘
1441,13:24:30,6.92,0.01,187,129404,买盘
1442,13:24:27,6.91,--,73,50443,卖盘
1443,13:24:24,6.91,-0.01,90,62190,卖盘
1444,13:24:21,6.92,0.01,12,8304,买盘
1445,13:24:18,6.91,--,26,17966,卖盘
1446,13:24:12,6.91,--,78,53898,卖盘
1447,13:24:09,6.91,-0.01,97,67027,卖盘
1448,13:24:06,6.92,--,11,7612,买盘
1449,13:24:03,6.92,--,50,34600,买盘
1450,13:24:00,6.92,--,11,7612,买盘
1451,13:23:57,6.92,--,173,119716,买盘
1452,13:23:54,6.92,--,51,35292,买盘
1453,13:23:51,6.92,--,200,138400,买盘
1454,13:23:48,6.92,--,2,1384,买盘
1455,13:23:45,6.92,0.01,9,6228,买盘
1456,13:23:42,6.91,--,57,39387,卖盘
1457,13:23:39,6.91,-0.01,10,6910,卖盘
1458,13:23:30,6.92,--,5,3460,买盘
1459,13:23:27,6.92,0.01,163,112796,买盘
1460,13:23:24,6.91,--,1,691,卖盘
1461,13:23:21,6.91,-0.01,512,353792,卖盘
1462,13:23:18,6.92,--,31,21452,买盘
1463,13:23:15,6.92,--,1,692,买盘
1464,13:23:12,6.92,0.01,1,692,买盘
1465,13:23:09,6.91,-0.01,5,3455,卖盘
1466,13:23:06,6.92,0.01,46,31832,买盘
1467,13:22:57,6.91,--,72,49752,卖盘
1468,13:22:54,6.91,-0.01,368,254288,卖盘
1469,13:22:51,6.92,--,2,1384,买盘
1470,13:22:48,6.92,--,40,27680,买盘
1471,13:22:42,6.92,--,1,692,买盘
1472,13:22:39,6.92,--,1517,1049764,买盘
1473,13:22:30,6.92,0.01,200,138400,买盘
1474,13:22:27,6.91,-0.01,73,50443,卖盘
1475,13:22:24,6.92,0.01,8,5536,买盘
1476,13:22:15,6.91,--,255,176205,买盘
1477,13:22:12,6.91,--,10,6910,买盘
1478,13:22:09,6.91,--,201,138891,买盘
1479,13:22:06,6.91,--,147,101577,买盘
1480,13:22:03,6.91,0.01,1,691,买盘
1481,13:22:00,6.9,-0.01,226,155940,卖盘
1482,13:21:57,6.91,--,136,93976,买盘
1483,13:21:54,6.91,--,146,100886,买盘
1484,13:21:51,6.91,--,94,64954,买盘
1485,13:21:48,6.91,--,56,38696,买盘
1486,13:21:45,6.91,--,60,41460,买盘
1487,13:21:42,6.91,--,70,48370,买盘
1488,13:21:39,6.91,--,48,33168,买盘
1489,13:21:36,6.91,--,301,207991,买盘
1490,13:21:33,6.91,--,36,24876,买盘
1491,13:21:30,6.91,--,3,2073,买盘
1492,13:21:27,6.91,--,87,60117,买盘
1493,13:21:24,6.91,--,277,191407,买盘
1494,13:21:21,6.91,--,8,5528,买盘
1495,13:21:15,6.91,0.01,3,2073,买盘
1496,13:21:09,6.9,-0.01,30,20700,卖盘
1497,13:21:06,6.91,--,35,24185,中性盘
1498,13:21:03,6.91,0.01,1,691,中性盘
1499,13:21:00,6.9,-0.02,5101,3519690,卖盘
1500,13:20:57,6.92,0.01,1,692,买盘
1501,13:20:54,6.91,--,96,66336,卖盘
1502,13:20:45,6.91,--,60,41460,卖盘
1503,13:20:36,6.91,-0.01,61,42151,卖盘
1504,13:20:33,6.92,--,20,13840,买盘
1505,13:20:30,6.92,--,273,188916,买盘
1506,13:20:27,6.92,0.01,1,692,买盘
1507,13:20:24,6.91,-0.01,216,149256,卖盘
1508,13:20:21,6.92,--,781,540452,买盘
1509,13:20:18,6.92,--,17,11764,买盘
1510,13:20:15,6.92,--,33,22836,买盘
1511,13:20:12,6.92,--,68,47056,买盘
1512,13:20:09,6.92,--,20,13840,买盘
1513,13:20:06,6.92,--,15,10380,买盘
1514,13:20:03,6.92,0.01,16,11072,买盘
1515,13:20:00,6.91,-0.01,8,5528,卖盘
1516,13:19:57,6.92,0.01,41,28372,买盘
1517,13:19:54,6.91,-0.01,101,69791,卖盘
1518,13:19:51,6.92,--,233,161236,买盘
1519,13:19:48,6.92,--,206,142552,买盘
1520,13:19:45,6.92,--,28,19376,买盘
1521,13:19:42,6.92,--,1830,1266636,卖盘
1522,13:19:39,6.92,-0.01,692,478864,卖盘
1523,13:19:36,6.93,0.01,56,38808,买盘
1524,13:19:33,6.92,-0.01,194,134248,卖盘
1525,13:19:30,6.93,0.01,6,4158,买盘
1526,13:19:27,6.92,-0.01,80,55360,卖盘
1527,13:19:24,6.93,--,93,64449,买盘
1528,13:19:21,6.93,--,38,26334,买盘
1529,13:19:18,6.93,--,287,198891,买盘
1530,13:19:15,6.93,--,7,4851,买盘
1531,13:19:12,6.93,--,76,52668,买盘
1532,13:19:09,6.93,--,17,11781,买盘
1533,13:19:06,6.93,--,96,66528,买盘
1534,13:19:03,6.93,--,46,31878,买盘
1535,13:19:00,6.93,--,11,7623,买盘
1536,13:18:57,6.93,--,28,19404,买盘
1537,13:18:54,6.93,--,67,46431,买盘
1538,13:18:51,6.93,0.01,1733,1200969,买盘
1539,13:18:48,6.92,-0.01,217,150164,卖盘
1540,13:18:45,6.93,--,26,18018,买盘
1541,13:18:42,6.93,--,76,52668,买盘
1542,13:18:39,6.93,0.01,163,112959,买盘
1543,13:18:36,6.92,--,83,57436,卖盘
1544,13:18:33,6.92,-0.01,32,22144,卖盘
1545,13:18:30,6.93,--,42,29106,买盘
1546,13:18:27,6.93,--,124,85932,买盘
1547,13:18:24,6.93,--,33,22869,买盘
1548,13:18:21,6.93,--,126,87318,买盘
1549,13:18:18,6.93,--,52,36036,买盘
1550,13:18:12,6.93,--,7,4851,买盘
1551,13:18:09,6.93,0.02,135,93970,买盘
1552,13:18:06,6.91,-0.01,323,223193,卖盘
1553,13:18:03,6.92,0.01,444,307248,买盘
1554,13:18:00,6.91,-0.01,17,11747,卖盘
1555,13:17:57,6.92,--,111,76812,买盘
1556,13:17:54,6.92,--,67,46364,买盘
1557,13:17:51,6.92,--,121,83732,买盘
1558,13:17:48,6.92,--,20,13840,买盘
1559,13:17:45,6.92,--,109,75428,买盘
1560,13:17:42,6.92,--,32,22144,买盘
1561,13:17:39,6.92,--,80,55360,买盘
1562,13:17:36,6.92,--,18,12456,买盘
1563,13:17:33,6.92,--,421,291332,买盘
1564,13:17:30,6.92,--,7,4844,买盘
1565,13:17:27,6.92,0.01,111,76812,买盘
1566,13:17:24,6.91,-0.01,317,219047,卖盘
1567,13:17:21,6.92,0.01,85,58820,买盘
1568,13:17:18,6.91,-0.01,451,311641,卖盘
1569,13:17:15,6.92,0.01,79,54668,买盘
1570,13:17:12,6.91,-0.01,18,12438,卖盘
1571,13:17:09,6.92,--,204,141168,买盘
1572,13:17:06,6.92,--,15,10380,买盘
1573,13:17:03,6.92,--,54,37368,买盘
1574,13:17:00,6.92,--,31,21452,买盘
1575,13:16:57,6.92,--,35,24220,买盘
1576,13:16:54,6.92,0.01,53,36676,买盘
1577,13:16:51,6.91,-0.01,83,57767,卖盘
1578,13:16:48,6.92,--,16,11072,买盘
1579,13:16:45,6.92,--,7,4844,买盘
1580,13:16:42,6.92,0.01,12,8304,买盘
1581,13:16:39,6.91,-0.01,77,53207,卖盘
1582,13:16:36,6.92,--,6,4152,买盘
1583,13:16:33,6.92,--,18,12456,买盘
1584,13:16:30,6.92,0.01,87,60204,买盘
1585,13:16:27,6.91,-0.01,545,376595,卖盘
1586,13:16:24,6.92,--,66,45672,买盘
1587,13:16:21,6.92,--,504,348768,买盘
1588,13:16:18,6.92,--,7,4844,买盘
1589,13:16:15,6.92,--,10,6920,买盘
1590,13:16:12,6.92,0.01,201,139092,买盘
1591,13:16:09,6.91,-0.01,33,22803,卖盘
1592,13:16:06,6.92,--,8,5536,买盘
1593,13:16:03,6.92,0.01,23,15916,买盘
1594,13:16:00,6.91,--,56,38696,买盘
1595,13:15:57,6.91,--,81,55971,买盘
1596,13:15:54,6.91,--,122,84302,买盘
1597,13:15:51,6.91,0.01,327,225957,买盘
1598,13:15:48,6.9,-0.01,593,409170,卖盘
1599,13:15:45,6.91,--,49,33859,买盘
1600,13:15:42,6.91,--,142,98122,买盘
1601,13:15:39,6.91,--,15,10365,买盘
1602,13:15:36,6.91,0.01,27,18657,买盘
1603,13:15:33,6.9,-0.01,33,22770,卖盘
1604,13:15:30,6.91,--,28,19348,买盘
1605,13:15:27,6.91,--,52,35932,买盘
1606,13:15:24,6.91,--,91,62881,买盘
1607,13:15:21,6.91,--,191,131981,买盘
1608,13:15:18,6.91,--,134,92594,买盘
1609,13:15:15,6.91,--,98,67718,买盘
1610,13:15:12,6.91,0.01,6,4146,买盘
1611,13:15:09,6.9,--,75,51750,卖盘
1612,13:15:06,6.9,-0.01,111,76590,卖盘
1613,13:15:03,6.91,0.01,95,65645,买盘
1614,13:15:00,6.9,-0.01,91,62790,卖盘
1615,13:14:57,6.91,--,29,20039,买盘
1616,13:14:54,6.91,--,4,2764,买盘
1617,13:14:51,6.91,0.01,112,77392,买盘
1618,13:14:48,6.9,-0.01,72,49680,卖盘
1619,13:14:45,6.91,--,165,114015,买盘
1620,13:14:42,6.91,0.01,56,38696,买盘
1621,13:14:39,6.9,-0.01,50,34500,卖盘
1622,13:14:36,6.91,--,41,28331,买盘
1623,13:14:33,6.91,--,161,111251,买盘
1624,13:14:30,6.91,--,25,17275,买盘
1625,13:14:24,6.91,--,37,25567,买盘
1626,13:14:21,6.91,--,228,157548,买盘
1627,13:14:18,6.91,--,98,67718,买盘
1628,13:14:15,6.91,--,185,127835,买盘
1629,13:14:12,6.91,--,34,23494,买盘
1630,13:14:09,6.91,--,70,48370,买盘
1631,13:14:06,6.91,0.01,50,34550,买盘
1632,13:14:03,6.9,-0.01,337,232530,卖盘
1633,13:14:00,6.91,--,20,13820,买盘
1634,13:13:57,6.91,--,11,7601,买盘
1635,13:13:54,6.91,0.01,300,207300,买盘
1636,13:13:48,6.9,--,23,15870,卖盘
1637,13:13:45,6.9,-0.01,315,217350,卖盘
1638,13:13:42,6.91,0.01,54,37314,买盘
1639,13:13:39,6.9,--,33,22770,卖盘
1640,13:13:33,6.9,-0.01,117,80730,卖盘
1641,13:13:30,6.91,0.01,15,10365,买盘
1642,13:13:27,6.9,-0.01,306,211140,卖盘
1643,13:13:24,6.91,0.01,31,21421,买盘
1644,13:13:18,6.9,--,10,6900,卖盘
1645,13:13:15,6.9,--,109,75210,卖盘
1646,13:13:12,6.9,-0.01,117,80730,卖盘
1647,13:13:09,6.91,--,108,74628,买盘
1648,13:13:06,6.91,0.01,62,42842,买盘
1649,13:13:03,6.9,--,13,8970,卖盘
1650,13:13:00,6.9,-0.01,425,293250,卖盘
1651,13:12:57,6.91,--,63,43533,买盘
1652,13:12:54,6.91,--,344,237704,买盘
1653,13:12:51,6.91,--,20,13820,买盘
1654,13:12:48,6.91,--,3,2073,买盘
1655,13:12:45,6.91,--,102,70482,买盘
1656,13:12:42,6.91,0.01,10,6910,买盘
1657,13:12:39,6.9,-0.01,38,26220,卖盘
1658,13:12:36,6.91,--,2,1382,买盘
1659,13:12:33,6.91,--,25,17275,买盘
1660,13:12:30,6.91,--,15,10365,买盘
1661,13:12:24,6.91,0.01,20,13820,买盘
1662,13:12:21,6.9,--,185,127650,卖盘
1663,13:12:18,6.9,--,95,65550,卖盘
1664,13:12:15,6.9,-0.01,84,57960,卖盘
1665,13:12:12,6.91,--,210,145110,买盘
1666,13:12:09,6.91,0.01,31,21421,买盘
1667,13:12:06,6.9,--,26,17940,卖盘
1668,13:12:03,6.9,--,321,221490,卖盘
1669,13:12:00,6.9,-0.01,69,47610,卖盘
1670,13:11:57,6.91,--,1,691,买盘
1671,13:11:54,6.91,--,9,6219,买盘
1672,13:11:51,6.91,--,26,17966,买盘
1673,13:11:48,6.91,--,21,14511,买盘
1674,13:11:45,6.91,--,143,98813,买盘
1675,13:11:42,6.91,--,10,6910,买盘
1676,13:11:39,6.91,0.01,370,255670,买盘
1677,13:11:33,6.9,-0.01,42,28980,卖盘
1678,13:11:30,6.91,0.01,49,33859,买盘
1679,13:11:27,6.9,--,17,11730,卖盘
1680,13:11:24,6.9,-0.01,94,64860,卖盘
1681,13:11:21,6.91,0.01,41,28331,买盘
1682,13:11:18,6.9,-0.01,207,142830,卖盘
1683,13:11:15,6.91,--,235,162385,买盘
1684,13:11:12,6.91,--,29,20039,买盘
1685,13:11:09,6.91,0.01,105,72555,买盘
1686,13:11:06,6.9,-0.01,24,16560,卖盘
1687,13:11:03,6.91,--,39,26949,买盘
1688,13:11:00,6.91,--,71,49061,买盘
1689,13:10:57,6.91,0.01,2,1382,买盘
1690,13:10:54,6.9,-0.01,26,17940,卖盘
1691,13:10:51,6.91,--,7,4837,买盘
1692,13:10:48,6.91,--,75,51825,买盘
1693,13:10:45,6.91,--,97,67027,买盘
1694,13:10:42,6.91,--,47,32477,买盘
1695,13:10:39,6.91,--,49,33859,买盘
1696,13:10:36,6.91,--,2,1382,买盘
1697,13:10:33,6.91,--,32,22112,买盘
1698,13:10:27,6.91,--,60,41460,卖盘
1699,13:10:18,6.91,0.01,70,48370,买盘
1700,13:10:15,6.9,-0.02,14,9660,卖盘
1701,13:10:09,6.92,0.01,497,343924,买盘
1702,13:10:06,6.91,-0.01,84,58044,卖盘
1703,13:10:03,6.92,--,20,13840,买盘
1704,13:09:57,6.92,--,12,8304,买盘
1705,13:09:48,6.92,0.02,11,7612,买盘
1706,13:09:45,6.9,-0.01,107,73830,卖盘
1707,13:09:42,6.91,--,77,53207,卖盘
1708,13:09:39,6.91,--,1,691,卖盘
1709,13:09:36,6.91,--,144,99504,卖盘
1710,13:09:33,6.91,--,22,15202,卖盘
1711,13:09:30,6.91,0.01,52,35932,买盘
1712,13:09:27,6.9,--,65,44850,卖盘
1713,13:09:24,6.9,-0.01,31,21390,卖盘
1714,13:09:21,6.91,--,169,116779,买盘
1715,13:09:18,6.91,0.01,109,75319,买盘
1716,13:09:15,6.9,-0.01,61,42090,卖盘
1717,13:09:12,6.91,--,77,53207,买盘
1718,13:09:09,6.91,0.01,11,7601,买盘
1719,13:09:06,6.9,-0.01,14,9660,卖盘
1720,13:09:03,6.91,0.01,68,46988,买盘
1721,13:09:00,6.9,-0.01,101,69690,卖盘
1722,13:08:57,6.91,0.01,203,140273,买盘
1723,13:08:54,6.9,-0.01,52,35880,卖盘
1724,13:08:51,6.91,--,18,12438,买盘
1725,13:08:48,6.91,--,32,22112,买盘
1726,13:08:45,6.91,0.01,1326,916266,买盘
1727,13:08:42,6.9,--,174,120060,卖盘
1728,13:08:39,6.9,-0.01,357,246330,卖盘
1729,13:08:36,6.91,0.01,48,33168,买盘
1730,13:08:33,6.9,--,55,37950,卖盘
1731,13:08:30,6.9,--,45,31050,卖盘
1732,13:08:27,6.9,-0.01,131,90390,卖盘
1733,13:08:21,6.91,0.01,34,23494,买盘
1734,13:08:18,6.9,-0.01,5,3450,卖盘
1735,13:08:15,6.91,--,72,49752,买盘
1736,13:08:12,6.91,--,104,71864,买盘
1737,13:08:09,6.91,--,12,8292,买盘
1738,13:08:03,6.91,0.02,31,21421,买盘
1739,13:08:00,6.89,-0.01,806,555334,卖盘
1740,13:07:57,6.9,--,271,186990,买盘
1741,13:07:54,6.9,0.01,191,131790,买盘
1742,13:07:51,6.89,-0.01,189,130221,卖盘
1743,13:07:48,6.9,--,74,51060,买盘
1744,13:07:45,6.9,--,12,8280,买盘
1745,13:07:42,6.9,--,626,431940,买盘
1746,13:07:39,6.9,--,184,126960,买盘
1747,13:07:36,6.9,0.01,109,75210,买盘
1748,13:07:33,6.89,-0.01,62,42718,卖盘
1749,13:07:30,6.9,0.01,12,8280,买盘
1750,13:07:27,6.89,-0.01,218,150202,卖盘
1751,13:07:21,6.9,--,30,20700,买盘
1752,13:07:18,6.9,0.01,24,16560,买盘
1753,13:07:15,6.89,-0.01,209,144001,卖盘
1754,13:07:12,6.9,0.01,52,35880,买盘
1755,13:07:09,6.89,--,75,51675,卖盘
1756,13:07:06,6.89,-0.01,13,8957,卖盘
1757,13:07:03,6.9,--,15,10350,买盘
1758,13:07:00,6.9,--,139,95910,卖盘
1759,13:06:57,6.9,0.01,31,21390,买盘
1760,13:06:54,6.89,-0.01,592,407888,卖盘
1761,13:06:51,6.9,--,62,42780,买盘
1762,13:06:48,6.9,--,190,131100,买盘
1763,13:06:45,6.9,0.01,65,44850,买盘
1764,13:06:42,6.89,-0.01,52,35828,卖盘
1765,13:06:39,6.9,0.01,267,184230,买盘
1766,13:06:36,6.89,-0.01,16,11024,卖盘
1767,13:06:33,6.9,--,318,219420,买盘
1768,13:06:30,6.9,--,85,58650,买盘
1769,13:06:27,6.9,--,5,3450,买盘
1770,13:06:24,6.9,--,195,134550,买盘
1771,13:06:21,6.9,--,5,3450,买盘
1772,13:06:18,6.9,--,72,49680,买盘
1773,13:06:15,6.9,--,56,38640,买盘
1774,13:06:12,6.9,--,103,71070,买盘
1775,13:06:09,6.9,--,310,213900,买盘
1776,13:06:06,6.9,--,32,22080,买盘
1777,13:06:03,6.9,0.01,111,76590,买盘
1778,13:06:00,6.89,-0.01,316,217724,卖盘
1779,13:05:57,6.9,--,121,83490,买盘
1780,13:05:54,6.9,--,121,83490,买盘
1781,13:05:51,6.9,--,311,214590,买盘
1782,13:05:48,6.9,--,12,8280,买盘
1783,13:05:45,6.9,--,30,20700,买盘
1784,13:05:42,6.9,--,18,12420,买盘
1785,13:05:39,6.9,--,93,64170,买盘
1786,13:05:36,6.9,--,1502,1036380,买盘
1787,13:05:33,6.9,0.01,37,25530,买盘
1788,13:05:30,6.89,-0.01,466,321074,卖盘
1789,13:05:27,6.9,--,11,7590,买盘
1790,13:05:24,6.9,--,83,57270,买盘
1791,13:05:18,6.9,--,80,55200,买盘
1792,13:05:15,6.9,--,923,636870,买盘
1793,13:05:12,6.9,0.01,61,42090,买盘
1794,13:05:09,6.89,-0.01,323,222547,卖盘
1795,13:05:06,6.9,--,24,16560,买盘
1796,13:05:03,6.9,0.01,56,38640,买盘
1797,13:05:00,6.89,--,215,148135,卖盘
1798,13:04:57,6.89,-0.01,40,27560,卖盘
1799,13:04:54,6.9,--,30,20700,买盘
1800,13:04:48,6.9,--,194,133860,买盘
1801,13:04:45,6.9,0.01,106,73140,买盘
1802,13:04:42,6.89,-0.01,55,37895,卖盘
1803,13:04:39,6.9,0.01,82,56580,买盘
1804,13:04:36,6.89,-0.01,375,258375,卖盘
1805,13:04:33,6.9,0.01,72,49680,买盘
1806,13:04:30,6.89,--,44,30316,卖盘
1807,13:04:27,6.89,--,79,54982,卖盘
1808,13:04:24,6.89,-0.01,52,35828,卖盘
1809,13:04:21,6.9,--,40,27600,买盘
1810,13:04:18,6.9,--,46,31740,买盘
1811,13:04:15,6.9,--,15,10350,买盘
1812,13:04:12,6.9,--,14,9660,买盘
1813,13:04:09,6.9,0.01,52,35880,买盘
1814,13:04:06,6.89,-0.01,172,118508,卖盘
1815,13:04:03,6.9,--,36,24840,买盘
1816,13:04:00,6.9,--,89,61410,买盘
1817,13:03:57,6.9,--,242,166980,买盘
1818,13:03:54,6.9,--,128,88320,买盘
1819,13:03:51,6.9,--,35,24150,买盘
1820,13:03:48,6.9,--,21,14490,买盘
1821,13:03:45,6.9,--,51,35190,买盘
1822,13:03:42,6.9,0.01,27,18630,中性盘
1823,13:03:39,6.89,-0.01,520,358280,卖盘
1824,13:03:36,6.9,-0.01,696,480240,卖盘
1825,13:03:33,6.91,0.01,52,35932,买盘
1826,13:03:30,6.9,--,146,100740,买盘
1827,13:03:27,6.9,--,235,162150,买盘
1828,13:03:24,6.9,0.01,27,18630,买盘
1829,13:03:21,6.89,-0.01,20,13780,卖盘
1830,13:03:18,6.9,--,31,21390,买盘
1831,13:03:15,6.9,--,226,155940,买盘
1832,13:03:12,6.9,--,121,83490,买盘
1833,13:03:09,6.9,--,44,30360,买盘
1834,13:03:06,6.9,--,142,97980,买盘
1835,13:03:03,6.9,--,20,13800,买盘
1836,13:03:00,6.9,--,29,20010,买盘
1837,13:02:57,6.9,--,41,28290,买盘
1838,13:02:54,6.9,0.01,81,55890,买盘
1839,13:02:51,6.89,--,222,152958,卖盘
1840,13:02:48,6.89,--,129,88881,卖盘
1841,13:02:45,6.89,--,1,689,卖盘
1842,13:02:42,6.89,--,207,143022,买盘
1843,13:02:39,6.89,0.01,133,91637,买盘
1844,13:02:36,6.88,-0.01,72,49536,卖盘
1845,13:02:33,6.89,--,188,129532,买盘
1846,13:02:30,6.89,--,171,117819,买盘
1847,13:02:27,6.89,0.01,526,362414,买盘
1848,13:02:24,6.88,--,299,205712,卖盘
1849,13:02:21,6.88,--,55,37840,卖盘
1850,13:02:18,6.88,--,215,147920,卖盘
1851,13:02:15,6.88,-0.01,96,66048,卖盘
1852,13:02:12,6.89,--,43,29627,买盘
1853,13:02:09,6.89,0.01,2582,1778998,买盘
1854,13:02:06,6.88,-0.01,442,304096,卖盘
1855,13:02:03,6.89,0.01,21,14469,买盘
1856,13:02:00,6.88,-0.01,61,41968,卖盘
1857,13:01:57,6.89,--,81,55809,买盘
1858,13:01:54,6.89,0.01,242,166738,买盘
1859,13:01:51,6.88,--,647,445136,卖盘
1860,13:01:48,6.88,--,72,49536,卖盘
1861,13:01:45,6.88,-0.01,150,103200,卖盘
1862,13:01:42,6.89,--,295,203255,买盘
1863,13:01:39,6.89,0.01,99,68211,买盘
1864,13:01:36,6.88,-0.01,1988,1368032,卖盘
1865,13:01:33,6.89,-0.01,82,56498,卖盘
1866,13:01:30,6.9,--,80,55200,买盘
1867,13:01:27,6.9,-0.01,534,368460,卖盘
1868,13:01:24,6.91,0.01,76,52516,买盘
1869,13:01:21,6.9,--,40,27600,卖盘
1870,13:01:18,6.9,--,105,72450,卖盘
1871,13:01:15,6.9,--,155,106950,卖盘
1872,13:01:12,6.9,--,148,102120,卖盘
1873,13:01:09,6.9,-0.01,96,66240,卖盘
1874,13:01:06,6.91,0.02,181,125071,买盘
1875,13:01:03,6.89,--,160,110240,卖盘
1876,13:01:00,6.89,--,55,37895,卖盘
1877,13:00:57,6.89,-0.01,809,557401,卖盘
1878,13:00:54,6.9,-0.01,76,52440,卖盘
1879,13:00:51,6.91,0.01,1031,712421,买盘
1880,13:00:48,6.9,--,71,48990,卖盘
1881,13:00:45,6.9,--,19,13110,卖盘
1882,13:00:42,6.9,--,137,94530,卖盘
1883,13:00:39,6.9,--,1,690,卖盘
1884,13:00:36,6.9,0.01,560,386800,买盘
1885,13:00:33,6.89,-0.01,136,93704,卖盘
1886,13:00:30,6.9,--,137,94530,买盘
1887,13:00:27,6.9,--,90,62100,买盘
1888,13:00:24,6.9,--,1187,819319,卖盘
1889,13:00:21,6.9,--,911,628590,卖盘
1890,13:00:18,6.9,--,1698,1171620,卖盘
1891,13:00:15,6.9,--,594,409860,卖盘
1892,13:00:12,6.9,--,2637,1819530,卖盘
1893,13:00:09,6.9,--,1733,1195770,卖盘
1894,13:00:06,6.9,--,3840,2649600,卖盘
1895,13:00:03,6.9,--,8900,6141276,卖盘
1896,13:00:00,6.9,--,0,0,卖盘
1897,11:30:00,6.9,-0.01,765,527850,卖盘
1898,11:29:57,6.91,--,7,4837,买盘
1899,11:29:54,6.91,0.01,208,143728,买盘
1900,11:29:51,6.9,--,225,155250,卖盘
1901,11:29:48,6.9,--,152,104880,卖盘
1902,11:29:45,6.9,-0.01,633,436770,卖盘
1903,11:29:42,6.91,--,126,87066,买盘
1904,11:29:39,6.91,--,120,82920,买盘
1905,11:29:36,6.91,0.01,739,510649,买盘
1906,11:29:33,6.9,--,1116,770040,卖盘
1907,11:29:30,6.9,--,2620,1807800,卖盘
1908,11:29:27,6.9,-0.01,114,78660,卖盘
1909,11:29:24,6.91,0.01,51,35241,买盘
1910,11:29:21,6.9,-0.01,220,151800,卖盘
1911,11:29:18,6.91,0.01,300,207300,买盘
1912,11:29:15,6.9,--,14,9660,卖盘
1913,11:29:12,6.9,-0.01,192,132480,卖盘
1914,11:29:09,6.91,--,100,69100,买盘
1915,11:29:06,6.91,0.01,41,28331,买盘
1916,11:29:03,6.9,-0.01,827,570630,卖盘
1917,11:29:00,6.91,0.01,265,183115,买盘
1918,11:28:57,6.9,--,16,11040,卖盘
1919,11:28:54,6.9,-0.01,298,205620,卖盘
1920,11:28:51,6.91,--,50,34550,买盘
1921,11:28:48,6.91,-0.01,11,7601,中性盘
1922,11:28:45,6.92,0.01,2857,1977044,买盘
1923,11:28:42,6.91,-0.01,2150,1485650,卖盘
1924,11:28:39,6.92,0.01,240,166080,买盘
1925,11:28:36,6.91,--,132,91212,卖盘
1926,11:28:33,6.91,--,1078,744898,卖盘
1927,11:28:30,6.91,--,205,141655,卖盘
1928,11:28:27,6.91,--,102,70482,卖盘
1929,11:28:24,6.91,--,26,17966,卖盘
1930,11:28:21,6.91,--,468,323388,卖盘
1931,11:28:18,6.91,--,42,29022,卖盘
1932,11:28:15,6.91,--,127,87757,卖盘
1933,11:28:12,6.91,--,338,233558,卖盘
1934,11:28:09,6.91,--,53,36623,卖盘
1935,11:28:06,6.91,-0.01,1646,1137386,卖盘
1936,11:28:03,6.92,0.01,719,497548,买盘
1937,11:28:00,6.91,--,30,20730,卖盘
1938,11:27:57,6.91,-0.01,248,171368,卖盘
1939,11:27:54,6.92,0.01,81,56052,买盘
1940,11:27:51,6.91,--,47,32477,卖盘
1941,11:27:48,6.91,--,379,261889,卖盘
1942,11:27:45,6.91,--,12,8292,卖盘
1943,11:27:42,6.91,--,130,89830,卖盘
1944,11:27:39,6.91,-0.01,351,242541,卖盘
1945,11:27:36,6.92,0.01,426,294792,买盘
1946,11:27:33,6.91,--,676,467116,卖盘
1947,11:27:30,6.91,--,137,94667,卖盘
1948,11:27:27,6.91,--,182,125762,卖盘
1949,11:27:24,6.91,-0.01,779,538289,卖盘
1950,11:27:21,6.92,--,205,141860,买盘
1951,11:27:18,6.92,0.01,115,79995,买盘
1952,11:27:15,6.91,--,599,413909,卖盘
1953,11:27:12,6.91,--,124,85684,卖盘
1954,11:27:09,6.91,-0.01,32,22112,卖盘
1955,11:27:06,6.92,0.01,377,260884,买盘
1956,11:27:03,6.91,--,294,203154,卖盘
1957,11:27:00,6.91,-0.01,105,72555,卖盘
1958,11:26:57,6.92,--,171,118332,买盘
1959,11:26:51,6.92,--,31,21452,买盘
1960,11:26:48,6.92,--,276,190992,买盘
1961,11:26:45,6.92,0.01,96,66432,买盘
1962,11:26:42,6.91,-0.01,2571,1776561,卖盘
1963,11:26:39,6.92,--,325,224900,卖盘
1964,11:26:36,6.92,--,106,73352,卖盘
1965,11:26:33,6.92,--,927,641484,卖盘
1966,11:26:30,6.92,--,216,149472,卖盘
1967,11:26:27,6.92,--,237,164004,卖盘
1968,11:26:24,6.92,-0.01,342,236664,卖盘
1969,11:26:21,6.93,0.01,73,50589,买盘
1970,11:26:18,6.92,-0.01,51,35292,卖盘
1971,11:26:15,6.93,0.01,166,115038,买盘
1972,11:26:12,6.92,--,216,149472,卖盘
1973,11:26:09,6.92,--,138,95496,卖盘
1974,11:26:06,6.92,--,158,109336,卖盘
1975,11:26:03,6.92,--,109,75428,卖盘
1976,11:26:00,6.92,--,378,261576,卖盘
1977,11:25:57,6.92,--,40,27680,卖盘
1978,11:25:54,6.92,--,1497,1036325,买盘
1979,11:25:51,6.92,--,586,405512,买盘
1980,11:25:48,6.92,0.01,15,10380,买盘
1981,11:25:45,6.91,-0.01,583,402853,卖盘
1982,11:25:42,6.92,0.01,808,559136,买盘
1983,11:25:39,6.91,-0.01,293,202463,卖盘
1984,11:25:36,6.92,--,71,49132,买盘
1985,11:25:33,6.92,--,1149,795108,买盘
1986,11:25:30,6.92,--,226,156392,买盘
1987,11:25:27,6.92,--,1827,1264284,买盘
1988,11:25:24,6.92,--,1793,1241046,卖盘
1989,11:25:21,6.92,--,1254,867768,卖盘
1990,11:25:18,6.92,--,110,76120,卖盘
1991,11:25:15,6.92,--,205,141860,卖盘
1992,11:25:12,6.92,--,5803,4016077,卖盘
1993,11:25:09,6.92,--,105,72660,卖盘
1994,11:25:03,6.92,-0.01,146,101032,卖盘
1995,11:25:00,6.93,--,2,1386,买盘
1996,11:24:57,6.93,--,89,61677,买盘
1997,11:24:54,6.93,0.01,441,305613,买盘
1998,11:24:51,6.92,-0.01,249,172308,卖盘
1999,11:24:48,6.93,--,57,39501,买盘
2000,11:24:45,6.93,--,792,548856,买盘
2001,11:24:42,6.93,--,81,56133,买盘
2002,11:24:39,6.93,0.01,149,103257,买盘
2003,11:24:36,6.92,-0.01,57,39444,卖盘
2004,11:24:33,6.93,0.01,121,83853,买盘
2005,11:24:30,6.92,--,22,15224,卖盘
2006,11:24:27,6.92,--,369,255348,卖盘
2007,11:24:24,6.92,--,94,65048,卖盘
2008,11:24:21,6.92,-0.01,20,13840,卖盘
2009,11:24:18,6.93,--,83,57519,买盘
2010,11:24:15,6.93,0.01,128,88704,买盘
2011,11:24:12,6.92,-0.01,110,76120,卖盘
2012,11:24:09,6.93,0.01,12,8316,买盘
2013,11:24:06,6.92,-0.01,140,96880,卖盘
2014,11:24:03,6.93,--,4432,3071376,卖盘
2015,11:24:00,6.93,--,20,13860,卖盘
2016,11:23:57,6.93,-0.01,284,196812,卖盘
2017,11:23:54,6.94,0.01,10,6940,买盘
2018,11:23:51,6.93,-0.01,20,13860,卖盘
2019,11:23:48,6.94,--,32,22208,买盘
2020,11:23:45,6.94,--,270,187380,买盘
2021,11:23:42,6.94,0.01,17,11798,买盘
2022,11:23:39,6.93,--,89,61677,卖盘
2023,11:23:36,6.93,-0.01,73,50589,卖盘
2024,11:23:33,6.94,--,10,6940,买盘
2025,11:23:30,6.94,0.01,12,8328,买盘
2026,11:23:27,6.93,-0.01,20,13860,卖盘
2027,11:23:24,6.94,0.01,18,12492,买盘
2028,11:23:21,6.93,--,16,11088,卖盘
2029,11:23:18,6.93,--,59,40887,卖盘
2030,11:23:15,6.93,-0.01,92,63756,卖盘
2031,11:23:09,6.94,0.01,161,111734,买盘
2032,11:23:06,6.93,-0.01,84,58212,卖盘
2033,11:23:03,6.94,--,1,694,买盘
2034,11:23:00,6.94,0.01,114,79116,买盘
2035,11:22:57,6.93,--,324,224532,卖盘
2036,11:22:54,6.93,-0.01,33,22869,卖盘
2037,11:22:51,6.94,0.01,41,28454,买盘
2038,11:22:48,6.93,-0.01,6,4158,卖盘
2039,11:22:45,6.94,0.01,34,23596,买盘
2040,11:22:42,6.93,-0.01,31,21483,卖盘
2041,11:22:36,6.94,--,166,115204,买盘
2042,11:22:33,6.94,0.01,31,21514,买盘
2043,11:22:30,6.93,--,61,42273,卖盘
2044,11:22:27,6.93,-0.01,22,15246,卖盘
2045,11:22:24,6.94,0.01,5,3470,买盘
2046,11:22:21,6.93,--,20,13860,卖盘
2047,11:22:18,6.93,--,2,1386,卖盘
2048,11:22:15,6.93,--,35,24255,卖盘
2049,11:22:12,6.93,-0.01,104,72072,卖盘
2050,11:22:09,6.94,--,14,9716,买盘
2051,11:22:06,6.94,0.01,74,51356,买盘
2052,11:22:03,6.93,-0.01,20,13860,卖盘
2053,11:22:00,6.94,--,106,73564,买盘
2054,11:21:57,6.94,0.01,11,7634,买盘
2055,11:21:54,6.93,-0.01,18,12474,卖盘
2056,11:21:51,6.94,--,21,14574,买盘
2057,11:21:48,6.94,0.01,22,15268,买盘
2058,11:21:45,6.93,-0.01,72,49896,卖盘
2059,11:21:42,6.94,--,49,34006,买盘
2060,11:21:39,6.94,--,71,49274,买盘
2061,11:21:36,6.94,0.01,84,58296,买盘
2062,11:21:33,6.93,-0.01,41,28413,卖盘
2063,11:21:30,6.94,0.01,11,7634,买盘
2064,11:21:27,6.93,-0.01,16,11088,卖盘
2065,11:21:24,6.94,--,58,40252,买盘
2066,11:21:21,6.94,--,70,48580,买盘
2067,11:21:18,6.94,--,215,149210,买盘
2068,11:21:15,6.94,--,9,6246,买盘
2069,11:21:12,6.94,0.01,564,391416,买盘
2070,11:21:09,6.93,--,35,24255,卖盘
2071,11:21:06,6.93,-0.01,106,73458,卖盘
2072,11:21:03,6.94,0.01,31,21514,买盘
2073,11:21:00,6.93,-0.01,25,17325,卖盘
2074,11:20:57,6.94,0.01,2,1388,买盘
2075,11:20:51,6.93,-0.01,23,15939,卖盘
2076,11:20:48,6.94,--,34,23596,买盘
2077,11:20:45,6.94,0.01,5,3470,买盘
2078,11:20:42,6.93,-0.01,27,18711,卖盘
2079,11:20:39,6.94,--,36,24984,买盘
2080,11:20:36,6.94,--,108,74952,买盘
2081,11:20:33,6.94,--,46,31924,买盘
2082,11:20:30,6.94,--,17,11798,买盘
2083,11:20:27,6.94,0.01,29,20126,买盘
2084,11:20:24,6.93,-0.01,27,18711,卖盘
2085,11:20:21,6.94,--,52,36088,买盘
2086,11:20:18,6.94,0.01,25,17350,买盘
2087,11:20:15,6.93,-0.01,16,11088,卖盘
2088,11:20:09,6.94,--,70,48580,买盘
2089,11:20:06,6.94,0.01,100,69400,买盘
2090,11:20:03,6.93,--,73,50589,卖盘
2091,11:20:00,6.93,-0.01,104,72072,卖盘
2092,11:19:57,6.94,0.01,1,694,买盘
2093,11:19:51,6.93,-0.01,241,167013,卖盘
2094,11:19:48,6.94,0.01,13,9022,买盘
2095,11:19:42,6.93,--,10,6930,卖盘
2096,11:19:39,6.93,-0.01,10,6930,卖盘
2097,11:19:36,6.94,0.01,51,35394,买盘
2098,11:19:33,6.93,-0.01,75,51975,卖盘
2099,11:19:30,6.94,0.01,38,26372,买盘
2100,11:19:27,6.93,--,25,17325,卖盘
2101,11:19:24,6.93,-0.01,8,5544,卖盘
2102,11:19:21,6.94,--,30,20820,买盘
2103,11:19:18,6.94,0.01,37,25678,买盘
2104,11:19:15,6.93,--,80,55440,卖盘
2105,11:19:12,6.93,--,144,99792,卖盘
2106,11:19:09,6.93,--,5,3465,卖盘
2107,11:19:06,6.93,--,106,73458,买盘
2108,11:19:03,6.93,0.01,30,20790,卖盘
2109,11:19:00,6.92,--,13,8996,卖盘
2110,11:18:57,6.92,--,1199,829708,卖盘
2111,11:18:54,6.92,-0.01,98,67816,卖盘
2112,11:18:51,6.93,0.01,61,42273,买盘
2113,11:18:48,6.92,--,110,76120,卖盘
2114,11:18:45,6.92,-0.01,25,17300,卖盘
2115,11:18:42,6.93,--,12,8316,买盘
2116,11:18:39,6.93,--,207,143451,卖盘
2117,11:18:36,6.93,-0.01,26,18018,卖盘
2118,11:18:33,6.94,--,97,67318,买盘
2119,11:18:30,6.94,--,179,124364,卖盘
2120,11:18:27,6.94,--,278,192932,卖盘
2121,11:18:24,6.94,--,61,42334,卖盘
2122,11:18:21,6.94,0.01,3322,2306023,买盘
2123,11:18:18,6.93,-0.01,10,6930,卖盘
2124,11:18:15,6.94,0.01,44,30536,买盘
2125,11:18:12,6.93,--,40,27720,卖盘
2126,11:18:09,6.93,--,46,31878,卖盘
2127,11:18:06,6.93,-0.01,82,56826,卖盘
2128,11:18:03,6.94,0.01,61,42334,买盘
2129,11:18:00,6.93,-0.01,112,77616,卖盘
2130,11:17:57,6.94,0.01,1,694,买盘
2131,11:17:54,6.93,--,14,9702,卖盘
2132,11:17:51,6.93,--,110,76230,卖盘
2133,11:17:48,6.93,--,200,138600,卖盘
2134,11:17:45,6.93,--,140,97020,卖盘
2135,11:17:42,6.93,--,29,20097,卖盘
2136,11:17:39,6.93,--,119,82467,卖盘
2137,11:17:36,6.93,-0.01,356,246708,卖盘
2138,11:17:33,6.94,0.01,31,21514,买盘
2139,11:17:30,6.93,--,109,75537,卖盘
2140,11:17:27,6.93,-0.01,3,2079,卖盘
2141,11:17:24,6.94,--,84,58296,买盘
2142,11:17:21,6.94,0.01,1,694,买盘
2143,11:17:18,6.93,-0.01,122,84546,卖盘
2144,11:17:15,6.94,0.02,55,38170,买盘
2145,11:17:12,6.92,-0.02,606,419490,卖盘
2146,11:17:09,6.94,--,128,88832,卖盘
2147,11:17:06,6.94,--,114,79116,卖盘
2148,11:17:03,6.94,--,76,52744,卖盘
2149,11:17:00,6.94,--,93,64542,卖盘
2150,11:16:57,6.94,0.02,5114,3549671,买盘
2151,11:16:54,6.92,-0.01,13,8996,卖盘
2152,11:16:51,6.93,0.01,530,367290,买盘
2153,11:16:48,6.92,-0.01,56,38752,卖盘
2154,11:16:45,6.93,--,113,78309,买盘
2155,11:16:42,6.93,--,129,89397,买盘
2156,11:16:39,6.93,--,234,162162,卖盘
2157,11:16:36,6.93,--,541,374913,卖盘
2158,11:16:33,6.93,--,330,228690,卖盘
2159,11:16:30,6.93,--,493,341649,卖盘
2160,11:16:27,6.93,--,1402,971586,卖盘
2161,11:16:24,6.93,--,2333,1616769,卖盘
2162,11:16:21,6.93,--,481,333333,卖盘
2163,11:16:18,6.93,--,377,261261,卖盘
2164,11:16:15,6.93,--,522,361746,卖盘
2165,11:16:12,6.93,--,234,162162,卖盘
2166,11:16:09,6.93,--,228,158004,卖盘
2167,11:16:06,6.93,--,2282,1581426,卖盘
2168,11:16:03,6.93,-0.01,498,345114,卖盘
2169,11:16:00,6.94,0.01,1076,746744,买盘
2170,11:15:57,6.93,--,504,349272,卖盘
2171,11:15:54,6.93,-0.01,295,204435,卖盘
2172,11:15:51,6.94,0.01,70,48580,买盘
2173,11:15:48,6.93,--,219,151767,卖盘
2174,11:15:45,6.93,--,64,44352,卖盘
2175,11:15:42,6.93,--,106,73458,卖盘
2176,11:15:39,6.93,--,396,274428,卖盘
2177,11:15:36,6.93,--,659,456687,卖盘
2178,11:15:33,6.93,--,54,37422,卖盘
2179,11:15:30,6.93,-0.01,85,58905,卖盘
2180,11:15:27,6.94,0.01,296,205424,买盘
2181,11:15:24,6.93,-0.01,957,663201,卖盘
2182,11:15:21,6.94,0.01,230,159620,买盘
2183,11:15:18,6.93,--,5,3465,卖盘
2184,11:15:15,6.93,--,402,278586,卖盘
2185,11:15:12,6.93,--,3,2079,卖盘
2186,11:15:09,6.93,--,36,24948,卖盘
2187,11:15:06,6.93,-0.01,1336,925848,卖盘
2188,11:15:03,6.94,--,10,6940,买盘
2189,11:15:00,6.94,--,27,18738,买盘
2190,11:14:57,6.94,--,6,4164,买盘
2191,11:14:51,6.94,--,86,59684,买盘
2192,11:14:48,6.94,--,41,28454,买盘
2193,11:14:45,6.94,0.01,42,29148,买盘
2194,11:14:42,6.93,-0.01,84,58212,卖盘
2195,11:14:33,6.94,--,40,27760,买盘
2196,11:14:30,6.94,--,460,319240,卖盘
2197,11:14:27,6.94,-0.01,151,104794,卖盘
2198,11:14:24,6.95,0.01,710,493450,买盘
2199,11:14:21,6.94,--,581,403214,卖盘
2200,11:14:18,6.94,--,726,503844,卖盘
2201,11:14:15,6.94,-0.01,974,675956,卖盘
2202,11:14:12,6.95,0.01,18,12510,买盘
2203,11:14:09,6.94,--,227,157538,卖盘
2204,11:14:06,6.94,--,100,69400,卖盘
2205,11:14:03,6.94,--,30,20820,卖盘
2206,11:14:00,6.94,-0.01,57,39558,卖盘
2207,11:13:57,6.95,--,1,695,买盘
2208,11:13:54,6.95,--,71,49345,买盘
2209,11:13:51,6.95,--,10,6950,买盘
2210,11:13:48,6.95,--,220,152900,买盘
2211,11:13:45,6.95,0.01,23,15985,买盘
2212,11:13:42,6.94,--,48,33312,卖盘
2213,11:13:39,6.94,-0.01,25,17350,卖盘
2214,11:13:33,6.95,--,12,8340,买盘
2215,11:13:30,6.95,0.01,145,100775,买盘
2216,11:13:27,6.94,-0.01,10,6940,卖盘
2217,11:13:24,6.95,0.01,31,21545,买盘
2218,11:13:21,6.94,-0.01,143,99242,卖盘
2219,11:13:18,6.95,0.01,31,21545,买盘
2220,11:13:15,6.94,-0.01,221,153374,卖盘
2221,11:13:12,6.95,0.01,15,10425,买盘
2222,11:13:06,6.94,--,20,13880,卖盘
2223,11:13:03,6.94,-0.01,11,7634,卖盘
2224,11:13:00,6.95,--,129,89655,买盘
2225,11:12:57,6.95,0.01,11,7645,买盘
2226,11:12:54,6.94,-0.01,56,38864,卖盘
2227,11:12:51,6.95,0.01,240,166800,买盘
2228,11:12:45,6.94,--,59,40946,卖盘
2229,11:12:42,6.94,--,12,8328,卖盘
2230,11:12:39,6.94,--,146,101324,卖盘
2231,11:12:36,6.94,--,70,48580,卖盘
2232,11:12:30,6.94,--,210,145740,卖盘
2233,11:12:27,6.94,--,15,10410,卖盘
2234,11:12:24,6.94,-0.01,56,38864,卖盘
2235,11:12:21,6.95,0.01,161,111895,买盘
2236,11:12:18,6.94,-0.01,10,6940,卖盘
2237,11:12:15,6.95,--,18,12510,买盘
2238,11:12:12,6.95,0.01,31,21545,买盘
2239,11:12:09,6.94,--,43,29842,卖盘
2240,11:12:06,6.94,-0.01,398,276212,卖盘
2241,11:12:03,6.95,0.01,53,36835,买盘
2242,11:12:00,6.94,-0.01,107,74258,卖盘
2243,11:11:57,6.95,0.01,1,695,买盘
2244,11:11:51,6.94,-0.01,488,338672,卖盘
2245,11:11:48,6.95,0.01,14,9730,买盘
2246,11:11:42,6.94,--,211,146434,卖盘
2247,11:11:39,6.94,-0.01,500,347000,卖盘
2248,11:11:36,6.95,0.01,310,215450,买盘
2249,11:11:33,6.94,-0.01,9,6246,卖盘
2250,11:11:27,6.95,--,56,38920,买盘
2251,11:11:24,6.95,0.01,31,21545,买盘
2252,11:11:18,6.94,--,123,85362,卖盘
2253,11:11:15,6.94,-0.01,137,95078,卖盘
2254,11:11:12,6.95,--,1,695,买盘
2255,11:11:09,6.95,0.01,2,1390,买盘
2256,11:11:06,6.94,--,46,31924,卖盘
2257,11:11:03,6.94,-0.01,41,28454,卖盘
2258,11:11:00,6.95,--,45,31275,买盘
2259,11:10:57,6.95,0.01,156,108420,买盘
2260,11:10:48,6.94,--,3,2082,卖盘
2261,11:10:42,6.94,-0.01,77,53438,卖盘
2262,11:10:39,6.95,--,5,3475,买盘
2263,11:10:36,6.95,0.01,30,20850,买盘
2264,11:10:33,6.94,--,18,12492,卖盘
2265,11:10:24,6.94,-0.01,2,1388,卖盘
2266,11:10:21,6.95,0.01,51,35445,买盘
2267,11:10:18,6.94,-0.01,1,694,卖盘
2268,11:10:12,6.95,--,77,53515,买盘
2269,11:10:09,6.95,0.01,31,21545,买盘
2270,11:10:06,6.94,--,6,4164,卖盘
2271,11:10:03,6.94,-0.01,16,11104,卖盘
2272,11:10:00,6.95,0.01,2,1390,买盘
2273,11:09:54,6.94,--,4,2776,卖盘
2274,11:09:48,6.94,--,11,7634,卖盘
2275,11:09:45,6.94,-0.01,74,51356,卖盘
2276,11:09:42,6.95,0.01,79,54905,买盘
2277,11:09:30,6.94,-0.01,119,82586,卖盘
2278,11:09:27,6.95,0.01,22,15290,买盘
2279,11:09:24,6.94,--,303,210282,卖盘
2280,11:09:15,6.94,--,135,93690,卖盘
2281,11:09:12,6.94,-0.01,342,237348,卖盘
2282,11:09:09,6.95,0.01,82,56990,买盘
2283,11:09:06,6.94,--,6,4164,卖盘
2284,11:09:03,6.94,-0.01,159,110346,卖盘
2285,11:09:00,6.95,--,1,695,买盘
2286,11:08:57,6.95,0.01,174,120930,买盘
2287,11:08:54,6.94,--,46,31924,卖盘
2288,11:08:48,6.94,-0.01,7,4858,卖盘
2289,11:08:45,6.95,0.01,2,1390,买盘
2290,11:08:42,6.94,-0.01,42,29148,卖盘
2291,11:08:39,6.95,--,25,17375,买盘
2292,11:08:36,6.95,--,16,11120,买盘
2293,11:08:33,6.95,--,21,14595,买盘
2294,11:08:30,6.95,0.01,15,10425,买盘
2295,11:08:27,6.94,-0.01,203,140882,卖盘
2296,11:08:21,6.95,--,20,13900,买盘
2297,11:08:15,6.95,--,2,1390,买盘
2298,11:08:12,6.95,0.01,31,21545,买盘
2299,11:08:09,6.94,--,371,257474,卖盘
2300,11:08:06,6.94,--,81,56214,卖盘
2301,11:08:03,6.94,-0.01,371,257474,卖盘
2302,11:08:00,6.95,0.01,11,7645,买盘
2303,11:07:57,6.94,-0.01,2,1388,卖盘
2304,11:07:54,6.95,--,36,25020,买盘
2305,11:07:48,6.95,0.01,14,9730,买盘
2306,11:07:45,6.94,--,659,457346,卖盘
2307,11:07:42,6.94,-0.01,48,33312,卖盘
2308,11:07:39,6.95,--,15,10425,买盘
2309,11:07:36,6.95,0.01,66,45870,买盘
2310,11:07:33,6.94,--,24,16656,卖盘
2311,11:07:30,6.94,--,111,77034,卖盘
2312,11:07:24,6.94,-0.01,212,147128,卖盘
2313,11:07:21,6.95,0.01,5,3475,买盘
2314,11:07:18,6.94,--,402,278988,卖盘
2315,11:07:15,6.94,--,33,22902,卖盘
2316,11:07:12,6.94,-0.01,372,258168,卖盘
2317,11:07:09,6.95,--,402,279390,买盘
2318,11:07:06,6.95,--,1,695,买盘
2319,11:07:03,6.95,--,41,28495,买盘
2320,11:07:00,6.95,--,50,34750,买盘
2321,11:06:57,6.95,--,77,53515,买盘
2322,11:06:54,6.95,--,12,8340,买盘
2323,11:06:51,6.95,--,3,2085,买盘
2324,11:06:48,6.95,--,39,27105,买盘
2325,11:06:45,6.95,--,209,145394,卖盘
2326,11:06:42,6.95,--,76,52820,卖盘
2327,11:06:39,6.95,--,50,34750,卖盘
2328,11:06:36,6.95,--,140,97300,卖盘
2329,11:06:30,6.95,--,49,34055,卖盘
2330,11:06:27,6.95,0.01,879,611461,买盘
2331,11:06:24,6.94,--,10,6940,卖盘
2332,11:06:18,6.94,-0.01,11,7634,卖盘
2333,11:06:15,6.95,--,402,279529,卖盘
2334,11:06:12,6.95,-0.01,16,11120,卖盘
2335,11:06:09,6.96,0.01,23,16008,买盘
2336,11:06:06,6.95,-0.01,37,25715,卖盘
2337,11:06:03,6.96,0.01,31,21576,买盘
2338,11:05:51,6.95,--,266,184870,卖盘
2339,11:05:48,6.95,--,16,11120,卖盘
2340,11:05:45,6.95,-0.01,2188,1520660,卖盘
2341,11:05:42,6.96,0.01,72,50112,买盘
2342,11:05:39,6.95,--,402,279390,卖盘
2343,11:05:36,6.95,-0.01,17,11815,卖盘
2344,11:05:33,6.96,0.01,85,59160,买盘
2345,11:05:30,6.95,--,65,45175,卖盘
2346,11:05:18,6.95,--,5,3475,卖盘
2347,11:05:12,6.95,-0.01,27,18765,卖盘
2348,11:05:06,6.96,--,54,37584,买盘
2349,11:05:03,6.96,--,42,29232,买盘
2350,11:05:00,6.96,--,5,3480,买盘
2351,11:04:57,6.96,--,260,180960,买盘
2352,11:04:54,6.96,--,20,13920,买盘
2353,11:04:51,6.96,--,44,30624,买盘
2354,11:04:48,6.96,0.01,2,1392,买盘
2355,11:04:45,6.95,-0.01,4,2780,卖盘
2356,11:04:42,6.96,0.01,51,35496,买盘
2357,11:04:36,6.95,--,3,2085,卖盘
2358,11:04:33,6.95,--,456,316920,卖盘
2359,11:04:30,6.95,-0.01,24,16680,卖盘
2360,11:04:27,6.96,--,99,68904,买盘
2361,11:04:12,6.96,--,19,13224,买盘
2362,11:04:06,6.96,0.01,40,27840,买盘
2363,11:04:03,6.95,-0.01,26,18070,卖盘
2364,11:03:57,6.96,0.01,145,100920,买盘
2365,11:03:54,6.95,--,5,3475,卖盘
2366,11:03:48,6.95,-0.01,29,20155,卖盘
2367,11:03:45,6.96,0.01,103,71688,买盘
2368,11:03:42,6.95,--,48,33360,卖盘
2369,11:03:36,6.95,-0.01,3,2085,卖盘
2370,11:03:33,6.96,0.01,20,13920,买盘
2371,11:03:30,6.95,-0.01,25,17375,卖盘
2372,11:03:27,6.96,--,37,25752,买盘
2373,11:03:24,6.96,--,83,57768,买盘
2374,11:03:21,6.96,--,100,69600,买盘
2375,11:03:12,6.96,--,36,25056,买盘
2376,11:03:09,6.96,0.01,30,20880,买盘
2377,11:03:06,6.95,-0.01,53,36835,卖盘
2378,11:03:03,6.96,0.01,38,26448,买盘
2379,11:03:00,6.95,--,54,37530,卖盘
2380,11:02:57,6.95,-0.01,1957,1360115,卖盘
2381,11:02:51,6.96,--,26,18096,买盘
2382,11:02:48,6.96,0.01,44,30624,买盘
2383,11:02:42,6.95,--,48,33360,卖盘
2384,11:02:39,6.95,--,21,14595,卖盘
2385,11:02:36,6.95,-0.01,371,257845,卖盘
2386,11:02:33,6.96,0.01,1,696,买盘
2387,11:02:27,6.95,-0.01,350,243250,卖盘
2388,11:02:21,6.96,0.01,4,2784,买盘
2389,11:02:18,6.95,--,300,208500,卖盘
2390,11:02:15,6.95,--,111,77145,卖盘
2391,11:02:12,6.95,--,16,11120,卖盘
2392,11:02:09,6.95,--,383,266185,卖盘
2393,11:02:06,6.95,-0.01,1,695,卖盘
2394,11:02:03,6.96,--,61,42456,买盘
2395,11:02:00,6.96,0.01,30,20880,买盘
2396,11:01:57,6.95,-0.01,12,8340,卖盘
2397,11:01:54,6.96,--,56,38976,买盘
2398,11:01:48,6.96,0.01,2,1392,买盘
2399,11:01:45,6.95,-0.01,49,34055,卖盘
2400,11:01:42,6.96,--,74,51504,买盘
2401,11:01:39,6.96,--,20,13920,买盘
2402,11:01:36,6.96,--,6,4176,买盘
2403,11:01:33,6.96,--,25,17400,买盘
2404,11:01:27,6.96,0.01,262,182352,买盘
2405,11:01:24,6.95,-0.01,3,2085,卖盘
2406,11:01:15,6.96,0.01,63,43848,买盘
2407,11:01:12,6.95,--,16,11120,卖盘
2408,11:01:09,6.95,--,154,107030,卖盘
2409,11:01:06,6.95,--,45,31275,卖盘
2410,11:01:03,6.95,-0.01,89,61855,卖盘
2411,11:01:00,6.96,--,2,1392,买盘
2412,11:00:57,6.96,--,126,87696,买盘
2413,11:00:54,6.96,--,31,21576,买盘
2414,11:00:48,6.96,--,44,30624,买盘
2415,11:00:45,6.96,0.01,4,2784,买盘
2416,11:00:42,6.95,--,48,33360,卖盘
2417,11:00:39,6.95,-0.01,21,14595,卖盘
2418,11:00:36,6.96,--,1,696,买盘
2419,11:00:33,6.96,--,5,3480,买盘
2420,11:00:30,6.96,--,39,27144,买盘
2421,11:00:27,6.96,--,14,9744,买盘
2422,11:00:24,6.96,--,209,145464,买盘
2423,11:00:21,6.96,0.01,54,37584,买盘
2424,11:00:18,6.95,--,159,111061,买盘
2425,11:00:15,6.95,--,17,11815,买盘
2426,11:00:12,6.95,--,4,2780,买盘
2427,11:00:09,6.95,--,6,4170,买盘
2428,11:00:06,6.95,--,11,7645,买盘
2429,11:00:03,6.95,--,3,2085,买盘
2430,11:00:00,6.95,--,26,18070,买盘
2431,10:59:57,6.95,0.01,49,34055,买盘
2432,10:59:54,6.94,-0.01,317,219998,卖盘
2433,10:59:51,6.95,--,41,28495,买盘
2434,10:59:48,6.95,--,4,2780,买盘
2435,10:59:45,6.95,--,10,6950,买盘
2436,10:59:42,6.95,-0.01,139,96744,卖盘
2437,10:59:39,6.96,0.01,5,3480,买盘
2438,10:59:36,6.95,-0.01,207,143865,卖盘
2439,10:59:33,6.96,--,8,5568,买盘
2440,10:59:30,6.96,0.01,4,2784,买盘
2441,10:59:27,6.95,-0.01,214,148730,卖盘
2442,10:59:24,6.96,--,17,11832,买盘
2443,10:59:21,6.96,--,13,9048,买盘
2444,10:59:18,6.96,--,13,9048,买盘
2445,10:59:15,6.96,--,97,67512,买盘
2446,10:59:12,6.96,--,260,180960,买盘
2447,10:59:09,6.96,--,66,45936,买盘
2448,10:59:06,6.96,--,8,5568,买盘
2449,10:59:03,6.96,--,258,179568,买盘
2450,10:59:00,6.96,--,307,213672,买盘
2451,10:58:57,6.96,0.01,1926,1341052,买盘
2452,10:58:54,6.95,0.01,80,55600,买盘
2453,10:58:51,6.94,-0.01,62,43028,卖盘
2454,10:58:48,6.95,--,47,32665,买盘
2455,10:58:45,6.95,0.01,32,22240,买盘
2456,10:58:42,6.94,-0.01,48,33312,卖盘
2457,10:58:39,6.95,0.01,1,695,买盘
2458,10:58:36,6.94,--,2,1388,卖盘
2459,10:58:33,6.94,-0.01,27,18738,卖盘
2460,10:58:30,6.95,--,130,90350,买盘
2461,10:58:21,6.95,--,10,6950,买盘
2462,10:58:18,6.95,0.01,64,44480,买盘
2463,10:58:12,6.94,-0.01,676,469144,卖盘
2464,10:58:09,6.95,0.01,60,41700,买盘
2465,10:58:06,6.94,-0.01,565,392110,卖盘
2466,10:58:03,6.95,0.01,9,6255,买盘
2467,10:58:00,6.94,--,170,117980,卖盘
2468,10:57:57,6.94,--,71,49274,卖盘
2469,10:57:54,6.94,--,50,34700,卖盘
2470,10:57:51,6.94,-0.01,50,34700,卖盘
2471,10:57:48,6.95,--,261,181395,买盘
2472,10:57:45,6.95,--,41,28495,买盘
2473,10:57:42,6.95,--,28,19460,买盘
2474,10:57:39,6.95,0.01,3,2085,买盘
2475,10:57:36,6.94,--,619,429586,卖盘
2476,10:57:33,6.94,--,233,161702,卖盘
2477,10:57:30,6.94,--,34,23596,卖盘
2478,10:57:24,6.94,-0.01,10,6940,卖盘
2479,10:57:21,6.95,--,226,157070,买盘
2480,10:57:18,6.95,0.01,79,54905,买盘
2481,10:57:15,6.94,--,203,140882,卖盘
2482,10:57:12,6.94,-0.01,1011,701634,卖盘
2483,10:57:09,6.95,0.01,28,19460,买盘
2484,10:57:06,6.94,-0.01,64,44416,卖盘
2485,10:57:03,6.95,--,107,74365,买盘
2486,10:57:00,6.95,0.01,84,58380,买盘
2487,10:56:57,6.94,-0.01,1035,718290,卖盘
2488,10:56:54,6.95,--,5,3475,买盘
2489,10:56:51,6.95,--,31,21545,买盘
2490,10:56:48,6.95,--,2,1390,买盘
2491,10:56:45,6.95,--,81,56295,买盘
2492,10:56:42,6.95,--,3,2085,买盘
2493,10:56:39,6.95,0.01,1154,802030,买盘
2494,10:56:36,6.94,-0.01,2,1388,卖盘
2495,10:56:33,6.95,--,231,160545,买盘
2496,10:56:30,6.95,--,10,6950,买盘
2497,10:56:27,6.95,--,17,11815,买盘
2498,10:56:24,6.95,0.01,307,213365,买盘
2499,10:56:15,6.94,--,4,2776,卖盘
2500,10:56:09,6.94,--,10,6940,卖盘
2501,10:56:06,6.94,--,19,13186,卖盘
2502,10:56:03,6.94,--,1004,696776,卖盘
2503,10:56:00,6.94,--,227,157538,卖盘
2504,10:55:57,6.94,--,223,154762,卖盘
2505,10:55:54,6.94,-0.01,55,38170,卖盘
2506,10:55:48,6.95,--,39,27105,买盘
2507,10:55:45,6.95,--,152,105640,买盘
2508,10:55:42,6.95,--,31,21545,买盘
2509,10:55:39,6.95,0.01,10,6950,买盘
2510,10:55:36,6.94,-0.01,314,217916,卖盘
2511,10:55:33,6.95,--,45,31275,买盘
2512,10:55:30,6.95,--,30,20850,买盘
2513,10:55:27,6.95,--,68,47260,买盘
2514,10:55:24,6.95,0.01,7,4865,买盘
2515,10:55:21,6.94,--,4,2776,卖盘
2516,10:55:18,6.94,-0.01,40,27760,卖盘
2517,10:55:15,6.95,0.01,9,6255,买盘
2518,10:55:12,6.94,-0.01,16,11104,卖盘
2519,10:55:09,6.95,0.01,23,15985,买盘
2520,10:55:06,6.94,--,101,70094,卖盘
2521,10:55:03,6.94,--,65,45110,卖盘
2522,10:55:00,6.94,-0.01,12,8328,卖盘
2523,10:54:57,6.95,--,20,13900,买盘
2524,10:54:54,6.95,--,40,27800,买盘
2525,10:54:48,6.95,--,24,16680,买盘
2526,10:54:45,6.95,--,155,107725,买盘
2527,10:54:42,6.95,--,106,73670,买盘
2528,10:54:39,6.95,--,172,119540,买盘
2529,10:54:36,6.95,0.01,31,21545,买盘
2530,10:54:33,6.94,--,7,4858,卖盘
2531,10:54:30,6.94,--,1071,743274,卖盘
2532,10:54:27,6.94,--,20,13880,卖盘
2533,10:54:24,6.94,--,117,81198,卖盘
2534,10:54:21,6.94,-0.01,626,434444,卖盘
2535,10:54:18,6.95,0.01,2,1390,买盘
2536,10:54:15,6.94,-0.01,5,3470,卖盘
2537,10:54:12,6.95,0.01,60,41700,买盘
2538,10:54:09,6.94,-0.01,15,10410,卖盘
2539,10:54:06,6.95,0.01,4,2780,买盘
2540,10:54:03,6.94,-0.01,967,671098,卖盘
2541,10:53:57,6.95,0.01,25,17375,买盘
2542,10:53:54,6.94,-0.01,14,9716,卖盘
2543,10:53:51,6.95,0.01,110,76450,买盘
2544,10:53:48,6.94,--,110,76340,卖盘
2545,10:53:45,6.94,-0.01,115,79810,卖盘
2546,10:53:42,6.95,--,42,29190,买盘
2547,10:53:39,6.95,--,34,23630,买盘
2548,10:53:36,6.95,0.01,8,5560,买盘
2549,10:53:33,6.94,-0.01,71,49274,卖盘
2550,10:53:30,6.95,0.01,7,4865,买盘
2551,10:53:24,6.94,--,3,2082,卖盘
2552,10:53:21,6.94,--,42,29148,买盘
2553,10:53:18,6.94,--,32,22208,买盘
2554,10:53:15,6.94,--,52,36088,买盘
2555,10:53:12,6.94,--,3,2082,买盘
2556,10:53:09,6.94,--,54,37476,买盘
2557,10:53:06,6.94,--,10,6940,买盘
2558,10:53:03,6.94,-0.01,12,8328,买盘
2559,10:53:00,6.95,0.01,73,50735,买盘
2560,10:52:57,6.94,-0.01,113,78422,卖盘
2561,10:52:48,6.95,0.02,42,29190,买盘
2562,10:52:45,6.93,-0.01,1099,761607,卖盘
2563,10:52:42,6.94,--,34,23596,卖盘
2564,10:52:39,6.94,-0.01,80,55520,卖盘
2565,10:52:36,6.95,0.01,20,13900,买盘
2566,10:52:33,6.94,-0.01,60,41640,卖盘
2567,10:52:30,6.95,--,32,22240,买盘
2568,10:52:27,6.95,--,712,494840,买盘
2569,10:52:24,6.95,--,191,132745,买盘
2570,10:52:21,6.95,--,23,15985,买盘
2571,10:52:18,6.95,--,9,6255,买盘
2572,10:52:15,6.95,--,130,90350,买盘
2573,10:52:12,6.95,--,5,3475,买盘
2574,10:52:09,6.95,0.01,304,211280,买盘
2575,10:52:06,6.94,-0.01,97,67318,卖盘
2576,10:52:03,6.95,--,9,6255,买盘
2577,10:52:00,6.95,--,4,2780,买盘
2578,10:51:57,6.95,--,55,38225,买盘
2579,10:51:54,6.95,--,15,10425,买盘
2580,10:51:51,6.95,--,7,4865,买盘
2581,10:51:48,6.95,--,18,12510,买盘
2582,10:51:45,6.95,0.01,8,5560,买盘
2583,10:51:42,6.94,-0.01,274,190156,卖盘
2584,10:51:39,6.95,--,1827,1269765,买盘
2585,10:51:36,6.95,--,4,2780,买盘
2586,10:51:33,6.95,0.01,580,403100,买盘
2587,10:51:30,6.94,--,232,161008,买盘
2588,10:51:27,6.94,--,185,128390,买盘
2589,10:51:24,6.94,--,66,45804,买盘
2590,10:51:21,6.94,--,171,118674,买盘
2591,10:51:18,6.94,--,76,52744,买盘
2592,10:51:15,6.94,--,80,55520,买盘
2593,10:51:12,6.94,--,95,65930,买盘
2594,10:51:09,6.94,--,60,41640,买盘
2595,10:51:06,6.94,-0.01,3501,2429694,卖盘
2596,10:51:03,6.95,--,9,6255,买盘
2597,10:51:00,6.95,--,7,4865,买盘
2598,10:50:57,6.95,--,283,196685,买盘
2599,10:50:54,6.95,--,17,11815,买盘
2600,10:50:51,6.95,--,311,216145,买盘
2601,10:50:48,6.95,--,21,14595,买盘
2602,10:50:45,6.95,--,45,31275,买盘
2603,10:50:42,6.95,--,941,653995,买盘
2604,10:50:39,6.95,--,56,38920,买盘
2605,10:50:36,6.95,--,49,34055,买盘
2606,10:50:33,6.95,--,13,9035,买盘
2607,10:50:30,6.95,0.01,38,26410,买盘
2608,10:50:27,6.94,-0.01,6,4164,卖盘
2609,10:50:24,6.95,0.01,36,25020,买盘
2610,10:50:21,6.94,--,117,81198,卖盘
2611,10:50:15,6.94,-0.01,16,11104,卖盘
2612,10:50:12,6.95,--,232,161240,买盘
2613,10:50:09,6.95,0.01,2,1390,买盘
2614,10:50:06,6.94,--,4,2776,卖盘
2615,10:50:03,6.94,--,3,2082,卖盘
2616,10:50:00,6.94,--,71,49274,卖盘
2617,10:49:57,6.94,-0.01,16,11104,卖盘
2618,10:49:54,6.95,--,34,23630,买盘
2619,10:49:51,6.95,0.01,20,13900,买盘
2620,10:49:48,6.94,--,11,7634,卖盘
2621,10:49:45,6.94,--,96,66624,卖盘
2622,10:49:42,6.94,-0.01,124,86056,卖盘
2623,10:49:39,6.95,0.01,101,70195,买盘
2624,10:49:36,6.94,--,4,2776,卖盘
2625,10:49:33,6.94,--,526,365044,卖盘
2626,10:49:30,6.94,-0.01,80,55520,卖盘
2627,10:49:27,6.95,0.01,44,30580,买盘
2628,10:49:24,6.94,--,48,33312,卖盘
2629,10:49:21,6.94,-0.01,1,694,卖盘
2630,10:49:18,6.95,0.01,21,14595,买盘
2631,10:49:15,6.94,--,5,3470,卖盘
2632,10:49:12,6.94,--,162,112428,卖盘
2633,10:49:09,6.94,--,165,114510,卖盘
2634,10:49:06,6.94,0.01,1584,1099296,买盘
2635,10:49:03,6.93,-0.01,372,257796,卖盘
2636,10:49:00,6.94,--,149,103406,买盘
2637,10:48:57,6.94,--,17,11798,买盘
2638,10:48:54,6.94,--,91,63154,买盘
2639,10:48:51,6.94,--,453,314382,买盘
2640,10:48:48,6.94,--,220,152680,买盘
2641,10:48:45,6.94,--,194,134636,买盘
2642,10:48:42,6.94,-0.01,1639,1137466,卖盘
2643,10:48:39,6.95,--,6,4170,买盘
2644,10:48:36,6.95,--,536,372520,买盘
2645,10:48:33,6.95,--,100,69500,买盘
2646,10:48:30,6.95,--,10,6950,买盘
2647,10:48:27,6.95,--,24,16680,买盘
2648,10:48:24,6.95,--,163,113285,买盘
2649,10:48:21,6.95,--,14,9730,买盘
2650,10:48:18,6.95,--,167,116065,卖盘
2651,10:48:15,6.95,--,23,15985,卖盘
2652,10:48:12,6.95,--,373,259235,买盘
2653,10:48:09,6.95,0.01,48,33360,买盘
2654,10:48:06,6.94,-0.01,910,631540,卖盘
2655,10:48:03,6.95,--,49,34055,买盘
2656,10:48:00,6.95,--,142,98690,买盘
2657,10:47:57,6.95,--,54,37530,买盘
2658,10:47:54,6.95,--,1010,701950,买盘
2659,10:47:51,6.95,--,60,41700,买盘
2660,10:47:48,6.95,--,256,177920,买盘
2661,10:47:45,6.95,--,34,23630,买盘
2662,10:47:42,6.95,--,154,107030,买盘
2663,10:47:39,6.95,--,684,475380,买盘
2664,10:47:36,6.95,--,63,43785,买盘
2665,10:47:33,6.95,0.01,18,12510,买盘
2666,10:47:30,6.94,-0.01,447,310218,卖盘
2667,10:47:27,6.95,--,185,128575,买盘
2668,10:47:24,6.95,--,551,382945,买盘
2669,10:47:21,6.95,0.01,14,9730,买盘
2670,10:47:18,6.94,--,61,42334,卖盘
2671,10:47:15,6.94,-0.01,56,38864,卖盘
2672,10:47:12,6.95,0.01,31,21545,买盘
2673,10:47:09,6.94,-0.01,209,145046,卖盘
2674,10:47:06,6.95,--,94,65330,买盘
2675,10:47:03,6.95,--,212,147340,买盘
2676,10:47:00,6.95,--,53,36835,买盘
2677,10:46:57,6.95,--,2,1390,买盘
2678,10:46:54,6.95,--,403,280085,买盘
2679,10:46:51,6.95,--,133,92435,买盘
2680,10:46:48,6.95,0.01,201,139695,买盘
2681,10:46:45,6.94,-0.01,59,40946,卖盘
2682,10:46:42,6.95,--,88,61160,买盘
2683,10:46:39,6.95,--,86,59770,买盘
2684,10:46:36,6.95,--,327,227265,卖盘
2685,10:46:33,6.95,-0.01,424,294680,卖盘
2686,10:46:30,6.96,0.01,4295,2989320,买盘
2687,10:46:27,6.95,--,86,59770,卖盘
2688,10:46:24,6.95,--,9862,6854090,卖盘
2689,10:46:21,6.95,-0.01,146,101470,卖盘
2690,10:46:18,6.96,0.01,43,29928,买盘
2691,10:46:15,6.95,-0.01,162,112590,卖盘
2692,10:46:12,6.96,0.01,1,696,买盘
2693,10:46:09,6.95,--,30,20850,卖盘
2694,10:46:06,6.95,--,430,298850,卖盘
2695,10:46:03,6.95,--,100,69500,卖盘
2696,10:46:00,6.95,-0.01,11,7645,卖盘
2697,10:45:57,6.96,--,19,13224,买盘
2698,10:45:54,6.96,--,11,7656,买盘
2699,10:45:51,6.96,--,2761,1921795,卖盘
2700,10:45:48,6.96,--,500,348000,卖盘
2701,10:45:45,6.96,--,3,2088,卖盘
2702,10:45:42,6.96,--,3034,2111664,卖盘
2703,10:45:36,6.96,--,22,15312,卖盘
2704,10:45:33,6.96,--,2,1392,卖盘
2705,10:45:30,6.96,--,2,1392,卖盘
2706,10:45:27,6.96,-0.01,1,696,卖盘
2707,10:45:24,6.97,0.01,13,9061,买盘
2708,10:45:21,6.96,-0.01,1104,768384,卖盘
2709,10:45:18,6.97,0.01,7,4879,买盘
2710,10:45:15,6.96,--,20,13920,卖盘
2711,10:45:12,6.96,--,7,4872,卖盘
2712,10:45:06,6.96,--,1,696,卖盘
2713,10:45:03,6.96,--,2,1392,卖盘
2714,10:45:00,6.96,--,53,36888,卖盘
2715,10:44:57,6.96,-0.01,1,696,卖盘
2716,10:44:54,6.97,0.01,20,13940,买盘
2717,10:44:51,6.96,--,212,147552,卖盘
2718,10:44:45,6.96,--,3,2088,卖盘
2719,10:44:42,6.96,-0.01,15,10440,卖盘
2720,10:44:39,6.97,0.01,61,42517,买盘
2721,10:44:36,6.96,-0.01,135,93960,卖盘
2722,10:44:30,6.97,0.01,44,30668,买盘
2723,10:44:27,6.96,-0.01,12,8352,卖盘
2724,10:44:24,6.97,--,314,218858,买盘
2725,10:44:21,6.97,0.01,1,697,买盘
2726,10:44:18,6.96,--,36,25056,卖盘
2727,10:44:15,6.96,--,52,36748,卖盘
2728,10:44:12,6.96,--,2,1392,卖盘
2729,10:44:09,6.96,-0.01,304,211584,卖盘
2730,10:44:03,6.97,--,213,148461,买盘
2731,10:44:00,6.97,0.01,15,10455,买盘
2732,10:43:57,6.96,-0.01,1,696,卖盘
2733,10:43:54,6.97,0.01,12,8364,买盘
2734,10:43:51,6.96,--,40,27840,卖盘
2735,10:43:48,6.96,--,19,13224,卖盘
2736,10:43:45,6.96,--,212,147552,卖盘
2737,10:43:42,6.96,-0.01,61,42456,卖盘
2738,10:43:39,6.97,0.01,47,32759,买盘
2739,10:43:36,6.96,--,61,42456,卖盘
2740,10:43:33,6.96,--,5,3480,卖盘
2741,10:43:27,6.96,--,2,1392,卖盘
2742,10:43:24,6.96,--,12,8352,卖盘
2743,10:43:21,6.96,-0.01,103,71688,卖盘
2744,10:43:18,6.97,0.01,20,13940,买盘
2745,10:43:15,6.96,--,282,196272,卖盘
2746,10:43:12,6.96,--,3,2088,卖盘
2747,10:43:09,6.96,-0.01,194,135024,卖盘
2748,10:43:03,6.97,--,20,13940,买盘
2749,10:42:57,6.97,--,41,28577,买盘
2750,10:42:54,6.97,--,59,41123,买盘
2751,10:42:51,6.97,--,1,697,买盘
2752,10:42:48,6.97,--,50,34850,买盘
2753,10:42:45,6.97,--,11,7667,买盘
2754,10:42:42,6.97,--,92,64124,买盘
2755,10:42:39,6.97,--,10,6970,买盘
2756,10:42:36,6.97,0.01,114,79458,买盘
2757,10:42:33,6.96,-0.01,110,76560,卖盘
2758,10:42:27,6.97,--,44,30668,买盘
2759,10:42:24,6.97,--,26,18122,买盘
2760,10:42:21,6.97,0.01,9,6273,买盘
2761,10:42:18,6.96,--,38,26448,卖盘
2762,10:42:15,6.96,--,2,1392,卖盘
2763,10:42:12,6.96,-0.01,15,10440,卖盘
2764,10:42:09,6.97,0.01,65,45305,买盘
2765,10:42:06,6.96,-0.01,34,23664,卖盘
2766,10:42:03,6.97,--,14,9758,买盘
2767,10:41:57,6.97,--,118,82246,卖盘
2768,10:41:54,6.97,--,106,73882,卖盘
2769,10:41:51,6.97,--,28,19516,卖盘
2770,10:41:48,6.97,--,3,2091,卖盘
2771,10:41:45,6.97,--,41,28577,卖盘
2772,10:41:42,6.97,-0.01,41,28577,卖盘
2773,10:41:39,6.98,0.01,100,69800,买盘
2774,10:41:36,6.97,--,58,40426,卖盘
2775,10:41:33,6.97,-0.01,103,71791,卖盘
2776,10:41:30,6.98,--,8,5584,买盘
2777,10:41:24,6.98,--,10,6980,买盘
2778,10:41:21,6.98,0.01,1,698,买盘
2779,10:41:15,6.97,--,23,16031,卖盘
2780,10:41:09,6.97,--,47,32759,卖盘
2781,10:41:06,6.97,--,61,42517,卖盘
2782,10:41:03,6.97,--,2,1394,卖盘
2783,10:40:57,6.97,--,51,35547,卖盘
2784,10:40:54,6.97,--,22,15334,卖盘
2785,10:40:51,6.97,--,52,36244,卖盘
2786,10:40:45,6.97,--,32,22304,卖盘
2787,10:40:42,6.97,-0.01,100,69700,卖盘
2788,10:40:39,6.98,0.01,29,20242,买盘
2789,10:40:36,6.97,--,61,42517,卖盘
2790,10:40:33,6.97,-0.01,41,28577,卖盘
2791,10:40:30,6.98,--,4,2792,买盘
2792,10:40:27,6.98,--,65,45370,买盘
2793,10:40:24,6.98,0.01,56,39088,买盘
2794,10:40:21,6.97,-0.01,81,56457,卖盘
2795,10:40:18,6.98,0.01,10,6980,买盘
2796,10:40:15,6.97,--,4,2788,卖盘
2797,10:40:12,6.97,--,17,11849,买盘
2798,10:40:09,6.97,--,1,697,买盘
2799,10:40:06,6.97,--,30,20910,买盘
2800,10:40:03,6.97,--,483,336651,买盘
2801,10:40:00,6.97,0.01,207,144279,买盘
2802,10:39:57,6.96,-0.01,108,75168,卖盘
2803,10:39:54,6.97,--,11,7667,买盘
2804,10:39:51,6.97,--,8,5576,买盘
2805,10:39:48,6.97,--,92,64124,买盘
2806,10:39:45,6.97,--,120,83640,买盘
2807,10:39:42,6.97,--,69,48093,买盘
2808,10:39:39,6.97,--,100,69700,买盘
2809,10:39:36,6.97,--,72,50184,买盘
2810,10:39:33,6.97,--,41,28577,买盘
2811,10:39:30,6.97,--,79,55063,买盘
2812,10:39:27,6.97,--,107,74579,买盘
2813,10:39:24,6.97,--,21,14637,买盘
2814,10:39:21,6.97,--,79,55063,买盘
2815,10:39:18,6.97,--,135,94095,买盘
2816,10:39:15,6.97,--,1,697,买盘
2817,10:39:12,6.97,--,11,7667,买盘
2818,10:39:09,6.97,--,10,6970,买盘
2819,10:39:06,6.97,0.01,26,18122,买盘
2820,10:39:03,6.96,-0.01,289,201144,卖盘
2821,10:39:00,6.97,--,41,28577,买盘
2822,10:38:57,6.97,--,102,71094,买盘
2823,10:38:54,6.97,--,113,78761,买盘
2824,10:38:48,6.97,--,120,83640,买盘
2825,10:38:45,6.97,--,12,8364,买盘
2826,10:38:42,6.97,--,15,10455,买盘
2827,10:38:39,6.97,--,132,92004,买盘
2828,10:38:36,6.97,0.01,7,4879,买盘
2829,10:38:33,6.96,--,14,9744,卖盘
2830,10:38:30,6.96,-0.01,209,145464,卖盘
2831,10:38:27,6.97,--,10,6970,买盘
2832,10:38:24,6.97,--,83,57851,买盘
2833,10:38:21,6.97,--,45,31365,买盘
2834,10:38:18,6.97,0.01,60,41820,买盘
2835,10:38:15,6.96,-0.01,6,4176,卖盘
2836,10:38:12,6.97,--,28,19516,买盘
2837,10:38:09,6.97,--,21,14637,买盘
2838,10:38:06,6.97,0.01,30,20910,买盘
2839,10:38:03,6.96,--,34,23664,卖盘
2840,10:37:57,6.96,--,32,22272,卖盘
2841,10:37:54,6.96,--,24,16704,卖盘
2842,10:37:48,6.96,-0.01,2,1392,卖盘
2843,10:37:45,6.97,0.01,158,110126,买盘
2844,10:37:42,6.96,--,62,43152,卖盘
2845,10:37:39,6.96,-0.01,33,22968,卖盘
2846,10:37:36,6.97,--,15,10455,买盘
2847,10:37:33,6.97,0.01,14,9758,买盘
2848,10:37:30,6.96,-0.01,36,25056,卖盘
2849,10:37:27,6.97,--,82,57154,买盘
2850,10:37:24,6.97,--,52,36244,买盘
2851,10:37:21,6.97,0.01,21,14637,买盘
2852,10:37:18,6.96,--,33,22968,卖盘
2853,10:37:15,6.96,--,23,16008,卖盘
2854,10:37:12,6.96,-0.01,140,97440,卖盘
2855,10:37:09,6.97,--,77,53669,买盘
2856,10:37:06,6.97,--,90,62730,买盘
2857,10:37:03,6.97,0.01,54,37638,买盘
2858,10:37:00,6.96,--,226,157296,卖盘
2859,10:36:57,6.96,-0.01,116,80736,卖盘
2860,10:36:54,6.97,--,34,23698,买盘
2861,10:36:51,6.97,--,16,11152,买盘
2862,10:36:48,6.97,--,30,20910,买盘
2863,10:36:45,6.97,--,16,11152,买盘
2864,10:36:42,6.97,--,342,238374,买盘
2865,10:36:39,6.97,0.01,235,163795,买盘
2866,10:36:36,6.96,-0.01,56,38976,卖盘
2867,10:36:33,6.97,--,80,55760,买盘
2868,10:36:30,6.97,0.01,261,181917,买盘
2869,10:36:27,6.96,-0.01,183,127368,卖盘
2870,10:36:24,6.97,--,26,18122,买盘
2871,10:36:21,6.97,--,56,39032,买盘
2872,10:36:18,6.97,--,141,98277,买盘
2873,10:36:15,6.97,0.01,45,31365,买盘
2874,10:36:12,6.96,--,33,22968,卖盘
2875,10:36:09,6.96,--,50,34800,卖盘
2876,10:36:06,6.96,--,4,2784,卖盘
2877,10:36:03,6.96,--,11,7656,卖盘
2878,10:36:00,6.96,--,11,7656,卖盘
